{"id":"gen7battlefactory-1692781724","p1":"Banb4doro","p2":"The Last Hero","format":"gen7battlefactory","log":"|j|\u2606Banb4doro\n|j|\u2606The Last Hero\n|t:|1666534130\n|gametype|singles\n|player|p1|Banb4doro|hapu|\n|player|p2|The Last Hero|acetrainersnow|\n|teamsize|p1|6\n|teamsize|p2|6\n|gen|7\n|tier|[Gen 7] Battle Factory\n|rated|Tournament battle\n|rule|Sleep Clause Mod: Limit one foe put to sleep\n|rule|HP Percentage Mod: HP is shown in percentages\n|rule|Mega Rayquaza Clause: You cannot mega evolve Rayquaza\n|clearpoke\n|poke|p1|Tyranitar, F|item\n|poke|p1|Alomomola, F|item\n|poke|p1|Quagsire, M|item\n|poke|p1|Magnezone|item\n|poke|p1|Gliscor, F|item\n|poke|p1|Dragonite, F|item\n|poke|p2|Gallade, M|item\n|poke|p2|Tapu Koko|item\n|poke|p2|Alomomola, M|item\n|poke|p2|Magnezone|item\n|poke|p2|Landorus-Therian, M|item\n|poke|p2|Muk-Alola, F|item\n|teampreview\n|j| BB-8-NU\n|c|\u2606Banb4doro|glhf\n|c|\u2606The Last Hero|same\n|j| ADV Requiem\n|j|#Rage\n|j| Wrathoftheleopard\n|\n|t:|1666534154\n|start\n|switch|p1a: Alomomola|Alomomola, F|481\/481\n|switch|p2a: Muk|Muk-Alola, F|413\/413\n|turn|1\n|inactive|Battle timer is ON: inactive players will automatically lose when time's up. (requested by The Last Hero)\n|inactive|Banb4doro has 120 seconds left.\n|\n|t:|1666534200\n|switch|p1a: Tyranitar|Tyranitar, F|383\/383\n|-weather|Sandstorm|[from] ability: Sand Stream|[of] p1a: Tyranitar\n|move|p2a: Muk|Knock Off|p1a: Tyranitar\n|-resisted|p1a: Tyranitar\n|-damage|p1a: Tyranitar|339\/383\n|\n|-weather|Sandstorm|[upkeep]\n|-damage|p2a: Muk|388\/413|[from] Sandstorm\n|upkeep\n|turn|2\n|\n|t:|1666534206\n|switch|p2a: Landorus|Landorus-Therian, M|382\/382\n|-ability|p2a: Landorus|Intimidate|boost\n|-unboost|p1a: Tyranitar|atk|1\n|detailschange|p1a: Tyranitar|Tyranitar-Mega, F\n|-mega|p1a: Tyranitar|Tyranitar|Tyranitarite\n|move|p1a: Tyranitar|Stealth Rock|p2a: Landorus\n|-sidestart|p2: The Last Hero|move: Stealth Rock\n|\n|-weather|Sandstorm|[upkeep]\n|upkeep\n|turn|3\n|\n|t:|1666534229\n|switch|p1a: Gliscor|Gliscor, F|352\/352\n|move|p2a: Landorus|Hidden Power|p1a: Gliscor\n|-supereffective|p1a: Gliscor\n|-damage|p1a: Gliscor|144\/352\n|\n|-weather|Sandstorm|[upkeep]\n|-status|p1a: Gliscor|tox|[from] item: Toxic Orb\n|upkeep\n|turn|4\n|\n|t:|1666534237\n|switch|p1a: Alomomola|Alomomola, F|481\/481\n|move|p2a: Landorus|Stealth Rock|p1a: Alomomola\n|-sidestart|p1: Banb4doro|move: Stealth Rock\n|\n|-weather|Sandstorm|[upkeep]\n|-damage|p1a: Alomomola|451\/481|[from] Sandstorm\n|-heal|p1a: Alomomola|481\/481|[from] item: Leftovers\n|upkeep\n|turn|5\n|\n|t:|1666534240\n|switch|p2a: Muk|Muk-Alola, F|388\/413\n|-damage|p2a: Muk|337\/413|[from] Stealth Rock\n|move|p1a: Alomomola|Scald|p2a: Muk\n|-damage|p2a: Muk|310\/413\n|-status|p2a: Muk|brn\n|\n|-weather|none\n|-damage|p2a: Muk|285\/413 brn|[from] brn\n|upkeep\n|turn|6\n|\n|t:|1666534246\n|-activate|p1a: Alomomola|move: Pursuit\n|move|p2a: Muk|Pursuit|p1a: Alomomola|[from]Pursuit\n|-damage|p1a: Alomomola|437\/481\n|switch|p1a: Gliscor|Gliscor, F|144\/352 tox\n|-damage|p1a: Gliscor|100\/352 tox|[from] Stealth Rock\n|\n|-heal|p1a: Gliscor|144\/352 tox|[from] ability: Poison Heal\n|-damage|p2a: Muk|260\/413 brn|[from] brn\n|upkeep\n|turn|7\n|\n|t:|1666534256\n|switch|p2a: Landorus|Landorus-Therian, M|382\/382\n|-damage|p2a: Landorus|335\/382|[from] Stealth Rock\n|-ability|p2a: Landorus|Intimidate|boost\n|-unboost|p1a: Gliscor|atk|1\n|move|p1a: Gliscor|Knock Off|p2a: Landorus\n|-damage|p2a: Landorus|289\/382\n|-damage|p1a: Gliscor|86\/352 tox|[from] item: Rocky Helmet|[of] p2a: Landorus\n|-enditem|p2a: Landorus|Rocky Helmet|[from] move: Knock Off|[of] p1a: Gliscor\n|\n|-heal|p1a: Gliscor|130\/352 tox|[from] ability: Poison Heal\n|upkeep\n|turn|8\n|\n|t:|1666534260\n|switch|p1a: Alomomola|Alomomola, F|481\/481\n|-damage|p1a: Alomomola|421\/481|[from] Stealth Rock\n|move|p2a: Landorus|Toxic|p1a: Alomomola\n|-status|p1a: Alomomola|tox\n|\n|-heal|p1a: Alomomola|451\/481 tox|[from] item: Leftovers\n|-damage|p1a: Alomomola|421\/481 tox|[from] psn\n|upkeep\n|turn|9\n|\n|t:|1666534270\n|move|p2a: Landorus|Earthquake|p1a: Alomomola\n|-damage|p1a: Alomomola|288\/481 tox\n|move|p1a: Alomomola|Wish|p1a: Alomomola\n|\n|-heal|p1a: Alomomola|318\/481 tox|[from] item: Leftovers\n|-damage|p1a: Alomomola|258\/481 tox|[from] psn\n|upkeep\n|turn|10\n|l| Wrathoftheleopard\n|\n|t:|1666534278\n|switch|p2a: Muk|Muk-Alola, F|260\/413 brn\n|-damage|p2a: Muk|209\/413 brn|[from] Stealth Rock\n|move|p1a: Alomomola|Scald|p2a: Muk\n|-damage|p2a: Muk|181\/413 brn\n|\n|-heal|p1a: Alomomola|481\/481 tox|[from] move: Wish|[wisher] Alomomola\n|-damage|p1a: Alomomola|391\/481 tox|[from] psn\n|-damage|p2a: Muk|156\/413 brn|[from] brn\n|upkeep\n|turn|11\n|\n|t:|1666534284\n|switch|p1a: Gliscor|Gliscor, F|130\/352 tox\n|-damage|p1a: Gliscor|86\/352 tox|[from] Stealth Rock\n|switch|p2a: Tapu Koko|Tapu Koko|289\/289\n|-damage|p2a: Tapu Koko|253\/289|[from] Stealth Rock\n|-fieldstart|move: Electric Terrain|[from] ability: Electric Surge|[of] p2a: Tapu Koko\n|\n|-heal|p1a: Gliscor|130\/352 tox|[from] ability: Poison Heal\n|upkeep\n|turn|12\n|\n|t:|1666534290\n|switch|p1a: Magnezone|Magnezone|281\/281\n|-damage|p1a: Magnezone|264\/281|[from] Stealth Rock\n|move|p2a: Tapu Koko|Hidden Power|p1a: Magnezone\n|-resisted|p1a: Magnezone\n|-damage|p1a: Magnezone|237\/281\n|\n|upkeep\n|turn|13\n|\n|t:|1666534296\n|switch|p2a: Magnezone|Magnezone|283\/283\n|-damage|p2a: Magnezone|266\/283|[from] Stealth Rock\n|move|p1a: Magnezone|Hidden Power|p2a: Magnezone\n|-supereffective|p2a: Magnezone\n|-damage|p2a: Magnezone|0 fnt\n|faint|p2a: Magnezone\n|\n|upkeep\n|\n|t:|1666534301\n|switch|p2a: Gallade|Gallade, M|277\/277\n|-damage|p2a: Gallade|260\/277|[from] Stealth Rock\n|turn|14\n|\n|t:|1666534306\n|switch|p1a: Quagsire|Quagsire, M|394\/394\n|-damage|p1a: Quagsire|370\/394|[from] Stealth Rock\n|detailschange|p2a: Gallade|Gallade-Mega, M\n|-mega|p2a: Gallade|Gallade|Galladite\n|move|p2a: Gallade|Knock Off|p1a: Quagsire\n|-damage|p1a: Quagsire|265\/394\n|-enditem|p1a: Quagsire|Leftovers|[from] move: Knock Off|[of] p2a: Gallade\n|\n|upkeep\n|turn|15\n|\n|t:|1666534309\n|move|p2a: Gallade|Zen Headbutt|p1a: Quagsire\n|-damage|p1a: Quagsire|124\/394\n|move|p1a: Quagsire|Recover|p1a: Quagsire\n|-heal|p1a: Quagsire|321\/394\n|\n|-fieldend|move: Electric Terrain\n|upkeep\n|turn|16\n|\n|t:|1666534315\n|switch|p2a: Alomomola|Alomomola, M|481\/481\n|-damage|p2a: Alomomola|421\/481|[from] Stealth Rock\n|move|p1a: Quagsire|Toxic|p2a: Alomomola\n|-status|p2a: Alomomola|tox\n|\n|-heal|p2a: Alomomola|451\/481 tox|[from] item: Leftovers\n|-damage|p2a: Alomomola|421\/481 tox|[from] psn\n|upkeep\n|turn|17\n|\n|t:|1666534321\n|switch|p2a: Gallade|Gallade-Mega, M|260\/277\n|-damage|p2a: Gallade|243\/277|[from] Stealth Rock\n|switch|p1a: Alomomola|Alomomola, F|481\/481 tox\n|-damage|p1a: Alomomola|421\/481 tox|[from] Stealth Rock\n|\n|-heal|p1a: Alomomola|451\/481 tox|[from] item: Leftovers\n|-damage|p1a: Alomomola|421\/481 tox|[from] psn\n|upkeep\n|turn|18\n|\n|t:|1666534326\n|move|p2a: Gallade|Swords Dance|p2a: Gallade\n|-boost|p2a: Gallade|atk|2\n|move|p1a: Alomomola|Toxic|p2a: Gallade\n|-status|p2a: Gallade|tox\n|\n|-heal|p1a: Alomomola|451\/481 tox|[from] item: Leftovers\n|-damage|p2a: Gallade|226\/277 tox|[from] psn\n|-damage|p1a: Alomomola|391\/481 tox|[from] psn\n|upkeep\n|turn|19\n|\n|t:|1666534333\n|switch|p1a: Quagsire|Quagsire, M|321\/394\n|-damage|p1a: Quagsire|297\/394|[from] Stealth Rock\n|move|p2a: Gallade|Close Combat|p1a: Quagsire\n|-damage|p1a: Quagsire|75\/394\n|-unboost|p2a: Gallade|def|1\n|-unboost|p2a: Gallade|spd|1\n|\n|-damage|p2a: Gallade|192\/277 tox|[from] psn\n|upkeep\n|turn|20\n|\n|t:|1666534339\n|move|p2a: Gallade|Zen Headbutt|p1a: Quagsire\n|-damage|p1a: Quagsire|0 fnt\n|faint|p1a: Quagsire\n|\n|-damage|p2a: Gallade|141\/277 tox|[from] psn\n|upkeep\n|\n|t:|1666534346\n|switch|p1a: Dragonite|Dragonite, F|323\/323\n|-damage|p1a: Dragonite|243\/323|[from] Stealth Rock\n|turn|21\n|\n|t:|1666534349\n|switch|p2a: Landorus|Landorus-Therian, M|289\/382\n|-damage|p2a: Landorus|242\/382|[from] Stealth Rock\n|-ability|p2a: Landorus|Intimidate|boost\n|-unboost|p1a: Dragonite|atk|1\n|move|p1a: Dragonite|Extreme Speed|p2a: Landorus\n|-damage|p2a: Landorus|173\/382\n|\n|upkeep\n|turn|22\n|\n|t:|1666534355\n|switch|p1a: Alomomola|Alomomola, F|481\/481 tox\n|-damage|p1a: Alomomola|421\/481 tox|[from] Stealth Rock\n|switch|p2a: Tapu Koko|Tapu Koko|253\/289\n|-damage|p2a: Tapu Koko|217\/289|[from] Stealth Rock\n|-fieldstart|move: Electric Terrain|[from] ability: Electric Surge|[of] p2a: Tapu Koko\n|\n|-heal|p1a: Alomomola|451\/481 tox|[from] item: Leftovers\n|-damage|p1a: Alomomola|421\/481 tox|[from] psn\n|upkeep\n|turn|23\n|\n|t:|1666534359\n|switch|p1a: Magnezone|Magnezone|237\/281\n|-damage|p1a: Magnezone|220\/281|[from] Stealth Rock\n|move|p2a: Tapu Koko|Thunderbolt|p1a: Magnezone\n|-resisted|p1a: Magnezone\n|-damage|p1a: Magnezone|119\/281\n|\n|upkeep\n|turn|24\n|\n|t:|1666534363\n|switch|p2a: Muk|Muk-Alola, F|156\/413 brn\n|-damage|p2a: Muk|105\/413 brn|[from] Stealth Rock\n|move|p1a: Magnezone|Flash Cannon|p2a: Muk\n|-damage|p2a: Muk|0 fnt\n|faint|p2a: Muk\n|\n|upkeep\n|\n|t:|1666534365\n|switch|p2a: Gallade|Gallade-Mega, M|141\/277 tox\n|-damage|p2a: Gallade|124\/277 tox|[from] Stealth Rock\n|turn|25\n|\n|t:|1666534374\n|switch|p1a: Gliscor|Gliscor, F|130\/352 tox\n|-damage|p1a: Gliscor|86\/352 tox|[from] Stealth Rock\n|move|p2a: Gallade|Close Combat|p1a: Gliscor\n|-resisted|p1a: Gliscor\n|-damage|p1a: Gliscor|0 fnt\n|-unboost|p2a: Gallade|def|1\n|-unboost|p2a: Gallade|spd|1\n|faint|p1a: Gliscor\n|\n|-damage|p2a: Gallade|107\/277 tox|[from] psn\n|upkeep\n|\n|t:|1666534376\n|switch|p1a: Dragonite|Dragonite, F|243\/323\n|-damage|p1a: Dragonite|163\/323|[from] Stealth Rock\n|turn|26\n|\n|t:|1666534380\n|move|p1a: Dragonite|Extreme Speed|p2a: Gallade\n|-damage|p2a: Gallade|0 fnt\n|faint|p2a: Gallade\n|\n|-fieldend|move: Electric Terrain\n|upkeep\n|\n|t:|1666534383\n|switch|p2a: Tapu Koko|Tapu Koko|217\/289\n|-damage|p2a: Tapu Koko|181\/289|[from] Stealth Rock\n|-fieldstart|move: Electric Terrain|[from] ability: Electric Surge|[of] p2a: Tapu Koko\n|turn|27\n|\n|t:|1666534392\n|move|p1a: Dragonite|Extreme Speed|p2a: Tapu Koko\n|-damage|p2a: Tapu Koko|64\/289\n|move|p2a: Tapu Koko|Hidden Power|p1a: Dragonite\n|-supereffective|p1a: Dragonite\n|-damage|p1a: Dragonite|0 fnt\n|faint|p1a: Dragonite\n|\n|upkeep\n|\n|t:|1666534399\n|switch|p1a: Tyranitar|Tyranitar-Mega, F|339\/383\n|-damage|p1a: Tyranitar|292\/383|[from] Stealth Rock\n|-weather|Sandstorm|[from] ability: Sand Stream|[of] p1a: Tyranitar\n|turn|28\n|\n|t:|1666534402\n|move|p2a: Tapu Koko|Roost|p2a: Tapu Koko\n|-heal|p2a: Tapu Koko|209\/289\n|-singleturn|p2a: Tapu Koko|move: Roost\n|move|p1a: Tyranitar|Pursuit|p2a: Tapu Koko\n|-resisted|p2a: Tapu Koko\n|-damage|p2a: Tapu Koko|164\/289\n|\n|-weather|Sandstorm|[upkeep]\n|-damage|p2a: Tapu Koko|146\/289|[from] Sandstorm\n|upkeep\n|turn|29\n|\n|t:|1666534404\n|switch|p2a: Landorus|Landorus-Therian, M|173\/382\n|-damage|p2a: Landorus|126\/382|[from] Stealth Rock\n|-ability|p2a: Landorus|Intimidate|boost\n|-unboost|p1a: Tyranitar|atk|1\n|move|p1a: Tyranitar|Stone Edge|p2a: Landorus|[miss]\n|-miss|p1a: Tyranitar|p2a: Landorus\n|\n|-weather|Sandstorm|[upkeep]\n|upkeep\n|turn|30\n|\n|t:|1666534409\n|switch|p1a: Alomomola|Alomomola, F|481\/481 tox\n|-damage|p1a: Alomomola|421\/481 tox|[from] Stealth Rock\n|move|p2a: Landorus|Earthquake|p1a: Alomomola\n|-damage|p1a: Alomomola|289\/481 tox\n|\n|-weather|Sandstorm|[upkeep]\n|-damage|p1a: Alomomola|259\/481 tox|[from] Sandstorm\n|-heal|p1a: Alomomola|289\/481 tox|[from] item: Leftovers\n|-damage|p1a: Alomomola|259\/481 tox|[from] psn\n|upkeep\n|turn|31\n|\n|t:|1666534413\n|move|p2a: Landorus|Earthquake|p1a: Alomomola\n|-damage|p1a: Alomomola|114\/481 tox\n|move|p1a: Alomomola|Scald|p2a: Landorus\n|-supereffective|p2a: Landorus\n|-damage|p2a: Landorus|10\/382\n|\n|-weather|Sandstorm|[upkeep]\n|-damage|p1a: Alomomola|84\/481 tox|[from] Sandstorm\n|-heal|p1a: Alomomola|114\/481 tox|[from] item: Leftovers\n|-damage|p1a: Alomomola|54\/481 tox|[from] psn\n|-fieldend|move: Electric Terrain\n|upkeep\n|turn|32\n|\n|t:|1666534419\n|move|p2a: Landorus|Earthquake|p1a: Alomomola\n|-damage|p1a: Alomomola|0 fnt\n|faint|p1a: Alomomola\n|\n|-weather|none\n|upkeep\n|\n|t:|1666534425\n|switch|p1a: Tyranitar|Tyranitar-Mega, F|292\/383\n|-damage|p1a: Tyranitar|245\/383|[from] Stealth Rock\n|-weather|Sandstorm|[from] ability: Sand Stream|[of] p1a: Tyranitar\n|turn|33\n|\n|t:|1666534427\n|move|p2a: Landorus|Earthquake|p1a: Tyranitar\n|-supereffective|p1a: Tyranitar\n|-damage|p1a: Tyranitar|5\/383\n|move|p1a: Tyranitar|Pursuit|p2a: Landorus\n|-damage|p2a: Landorus|0 fnt\n|faint|p2a: Landorus\n|\n|-weather|Sandstorm|[upkeep]\n|upkeep\n|\n|t:|1666534438\n|switch|p2a: Tapu Koko|Tapu Koko|146\/289\n|-damage|p2a: Tapu Koko|110\/289|[from] Stealth Rock\n|-fieldstart|move: Electric Terrain|[from] ability: Electric Surge|[of] p2a: Tapu Koko\n|turn|34\n|\n|t:|1666534441\n|move|p2a: Tapu Koko|Thunderbolt|p1a: Tyranitar\n|-damage|p1a: Tyranitar|0 fnt\n|faint|p1a: Tyranitar\n|\n|-weather|Sandstorm|[upkeep]\n|-damage|p2a: Tapu Koko|92\/289|[from] Sandstorm\n|upkeep\n|\n|t:|1666534442\n|switch|p1a: Magnezone|Magnezone|119\/281\n|-damage|p1a: Magnezone|102\/281|[from] Stealth Rock\n|turn|35\n|c|\u2606The Last Hero|ok, Koko\n|c|\u2606Banb4doro|gg\n|c|\u2606The Last Hero|I trust in you\n|\n|t:|1666534450\n|move|p2a: Tapu Koko|Thunderbolt|p1a: Magnezone\n|-resisted|p1a: Magnezone\n|-damage|p1a: Magnezone|1\/281\n|move|p1a: Magnezone|Thunderbolt|p2a: Tapu Koko\n|-resisted|p2a: Tapu Koko\n|-damage|p2a: Tapu Koko|0 fnt\n|faint|p2a: Tapu Koko\n|\n|-weather|Sandstorm|[upkeep]\n|upkeep\n|c|\u2606Banb4doro|oh\n|c|\u2606The Last Hero|damn it\n|\n|t:|1666534457\n|switch|p2a: Alomomola|Alomomola, M|481\/481 tox\n|-damage|p2a: Alomomola|421\/481 tox|[from] Stealth Rock\n|turn|36\n|\n|t:|1666534465\n|move|p2a: Alomomola|Protect|p2a: Alomomola\n|-singleturn|p2a: Alomomola|Protect\n|move|p1a: Magnezone|Thunderbolt|p2a: Alomomola\n|-activate|p2a: Alomomola|move: Protect\n|\n|-weather|Sandstorm|[upkeep]\n|-damage|p2a: Alomomola|391\/481 tox|[from] Sandstorm\n|-heal|p2a: Alomomola|421\/481 tox|[from] item: Leftovers\n|-damage|p2a: Alomomola|391\/481 tox|[from] psn\n|upkeep\n|turn|37\n|\n|t:|1666534468\n|move|p2a: Alomomola|Protect||[still]\n|-fail|p2a: Alomomola\n|move|p1a: Magnezone|Thunderbolt|p2a: Alomomola\n|-supereffective|p2a: Alomomola\n|-damage|p2a: Alomomola|0 fnt\n|faint|p2a: Alomomola\n|\n|win|Banb4doro\n|n|\u2606Banb4doro|banb4doro\n|n|\u2606The Last Hero|thelasthero\n|n| BB-8-NU|bb8nu\n|n| ADV Requiem|advrequiem\n|n|@Rage|rage\n","inputlog":">version 9c5d654b898167f5ae9ca6e9cc2965040adf185e\n>start {\"formatid\":\"gen7battlefactory\",\"seed\":[52543,57967,31140,47455],\"rated\":\"Tournament battle\"}\n>player p1 {\"name\":\"Banb4doro\",\"avatar\":\"hapu\",\"rating\":0,\"seed\":[22584,6913,32861,60584]}\n>player p2 {\"name\":\"The Last Hero\",\"avatar\":\"acetrainersnow\",\"rating\":0,\"seed\":[3337,30985,22340,50032]}\n>chat \u2606Banb4doro|glhf\n>chat \u2606The Last Hero|same\n>p1 team 2, 1, 3, 4, 5, 6\n>p2 team 6, 2, 3, 4, 5, 1\n>p1 switch 2\n>p2 move knockoff\n>p1 move stealthrock mega\n>p2 switch 5\n>p1 switch 5\n>p2 move hiddenpower\n>p1 switch 2\n>p2 move stealthrock\n>p1 move scald\n>p2 switch 5\n>p1 switch 2\n>p2 move pursuit\n>p1 move knockoff\n>p2 switch 5\n>p1 switch 2\n>p2 move toxic\n>p1 move wish\n>p2 move earthquake\n>p1 move scald\n>p2 switch 5\n>p1 switch 2\n>p2 switch 2\n>p1 switch 4\n>p2 move hiddenpower\n>p1 move hiddenpower\n>p2 switch 4\n>p2 switch 6\n>p1 switch 3\n>p2 move knockoff mega\n>p1 move recover\n>p2 move zenheadbutt\n>p1 move toxic\n>p2 switch 3\n>p1 switch 2\n>p2 switch 3\n>p1 move toxic\n>p2 move swordsdance\n>p1 switch 2\n>p2 move closecombat\n>p1 move recover\n>p2 move zenheadbutt\n>p1 switch 6\n>p1 move extremespeed\n>p2 switch 5\n>p1 switch 2\n>p2 switch 4\n>p1 switch 3\n>p2 move thunderbolt\n>p1 move flashcannon\n>p2 switch 2\n>p2 switch 5\n>p1 switch 4\n>p2 move closecombat\n>p1 switch 2\n>p1 move extremespeed\n>p2 move zenheadbutt\n>p2 switch 2\n>p1 move extremespeed\n>p2 move hiddenpower\n>p1 switch 5\n>p1 move pursuit\n>p2 move roost\n>p1 move stoneedge\n>p2 switch 4\n>p1 switch 3\n>p2 move earthquake\n>p1 move scald\n>p2 move earthquake\n>p1 move wish\n>p2 move earthquake\n>p1 switch 3\n>p1 move pursuit\n>p2 move earthquake\n>p2 switch 4\n>p1 move earthquake\n>p2 move thunderbolt\n>p1 switch 4\n>chat \u2606The Last Hero|ok, Koko\n>chat \u2606Banb4doro|gg\n>chat \u2606The Last Hero|I trust in you\n>p1 move thunderbolt\n>p2 move thunderbolt\n>chat \u2606Banb4doro|oh\n>chat \u2606The Last Hero|damn it\n>p2 switch 3\n>p1 move thunderbolt\n>p2 move protect\n>p1 move thunderbolt\n>p2 move protect","uploadtime":1666534469,"views":4,"p1id":"banb4doro","p2id":"thelasthero","formatid":"gen7battlefactory","rating":0,"private":0,"password":null}