{"id":"gen7ou-995588864","p1":"Keypress","p2":"SMxVale","format":"gen7ou","log":"|j|\u2606Keypress\n|j|\u2606SMxVale\n|player|p1|Keypress|1|1795\n|player|p2|SMxVale|151|1840\n|teamsize|p1|6\n|teamsize|p2|6\n|gametype|singles\n|gen|7\n|tier|[Gen 7] OU\n|rated|\n|rule|Sleep Clause Mod: Limit one foe put to sleep\n|rule|Species Clause: Limit one of each Pok\u00e9mon\n|rule|OHKO Clause: OHKO moves are banned\n|rule|Moody Clause: Moody is banned\n|rule|Evasion Moves Clause: Evasion moves are banned\n|rule|Endless Battle Clause: Forcing endless battles is banned\n|rule|HP Percentage Mod: HP is shown in percentages\n|clearpoke\n|poke|p1|Scizor, M|item\n|poke|p1|Slowking, F|item\n|poke|p1|Tornadus-Therian, M|item\n|poke|p1|Kartana|item\n|poke|p1|Landorus-Therian, M|item\n|poke|p1|Kommo-o, M|item\n|poke|p2|Jirachi|item\n|poke|p2|Tapu Lele|item\n|poke|p2|Serperior, M|item\n|poke|p2|Mawile, F|item\n|poke|p2|Landorus-Therian, M|item\n|poke|p2|Keldeo-Resolute|item\n|teampreview\n|inactive|Battle timer is ON: inactive players will automatically lose when time's up. (requested by SMxVale)\n|j| Richard_Blaziken\n|\n|start\n|switch|p1a: Kommo-o|Kommo-o, M|100\/100\n|switch|p2a: Jirachi|Jirachi|100\/100\n|turn|1\n|\n|move|p2a: Jirachi|Thunder Wave|p1a: Kommo-o\n|-status|p1a: Kommo-o|par\n|move|p1a: Kommo-o|Stealth Rock|p2a: Jirachi\n|-sidestart|p2: SMxVale|move: Stealth Rock\n|\n|upkeep\n|turn|2\n|\n|switch|p1a: Landorus|Landorus-Therian, M|100\/100\n|-ability|p1a: Landorus|Intimidate|boost\n|-unboost|p2a: Jirachi|atk|1\n|move|p2a: Jirachi|Stealth Rock|p1a: Landorus\n|-sidestart|p1: Keypress|move: Stealth Rock\n|\n|upkeep\n|turn|3\n|\n|switch|p2a: Landorus|Landorus-Therian, M|100\/100\n|-damage|p2a: Landorus|88\/100|[from] Stealth Rock\n|-ability|p2a: Landorus|Intimidate|boost\n|-unboost|p1a: Landorus|atk|1\n|move|p1a: Landorus|Earthquake|p2a: Landorus\n|-immune|p2a: Landorus\n|\n|upkeep\n|turn|4\n|\n|switch|p1a: Tornadus|Tornadus-Therian, M|100\/100\n|-damage|p1a: Tornadus|76\/100|[from] Stealth Rock\n|move|p2a: Landorus|U-turn|p1a: Tornadus\n|-resisted|p1a: Tornadus\n|-damage|p1a: Tornadus|62\/100\n|-damage|p2a: Landorus|72\/100|[from] item: Rocky Helmet|[of] p1a: Tornadus\n|\n|switch|p2a: Jirachi|Jirachi|100\/100|[from]move: U-turn\n|-damage|p2a: Jirachi|94\/100|[from] Stealth Rock\n|\n|-heal|p2a: Jirachi|100\/100|[from] item: Leftovers\n|upkeep\n|turn|5\n|\n|move|p1a: Tornadus|Taunt|p2a: Jirachi\n|-start|p2a: Jirachi|move: Taunt\n|cant|p2a: Jirachi|move: Taunt|Thunder Wave\n|\n|upkeep\n|turn|6\n|\n|move|p1a: Tornadus|Knock Off|p2a: Jirachi\n|-supereffective|p2a: Jirachi\n|-damage|p2a: Jirachi|68\/100\n|-enditem|p2a: Jirachi|Leftovers|[from] move: Knock Off|[of] p1a: Tornadus\n|move|p2a: Jirachi|Iron Head|p1a: Tornadus\n|-damage|p1a: Tornadus|32\/100\n|-damage|p2a: Jirachi|51\/100|[from] item: Rocky Helmet|[of] p1a: Tornadus\n|\n|upkeep\n|turn|7\n|j| dsafsdgfdsg\n|inactive|Keypress has 120 seconds left.\n|\n|switch|p1a: Kartana|Kartana|100\/100\n|-damage|p1a: Kartana|94\/100|[from] Stealth Rock\n|switch|p2a: Landorus|Landorus-Therian, M|72\/100\n|-damage|p2a: Landorus|59\/100|[from] Stealth Rock\n|-ability|p2a: Landorus|Intimidate|boost\n|-unboost|p1a: Kartana|atk|1\n|\n|upkeep\n|turn|8\n|\n|switch|p1a: Landorus|Landorus-Therian, M|100\/100\n|-damage|p1a: Landorus|88\/100|[from] Stealth Rock\n|-ability|p1a: Landorus|Intimidate|boost\n|-unboost|p2a: Landorus|atk|1\n|move|p2a: Landorus|U-turn|p1a: Landorus\n|-resisted|p1a: Landorus\n|-damage|p1a: Landorus|80\/100\n|\n|switch|p2a: Tapu Lele|Tapu Lele|100\/100|[from]move: U-turn\n|-damage|p2a: Tapu Lele|88\/100|[from] Stealth Rock\n|-fieldstart|move: Psychic Terrain|[from] ability: Psychic Surge|[of] p2a: Tapu Lele\n|\n|upkeep\n|turn|9\n|\n|switch|p1a: Slowking|Slowking, F|100\/100\n|-damage|p1a: Slowking|88\/100|[from] Stealth Rock\n|move|p2a: Tapu Lele|Moonblast|p1a: Slowking\n|-crit|p1a: Slowking\n|-damage|p1a: Slowking|0 fnt\n|faint|p1a: Slowking\n|\n|upkeep\n|\n|switch|p1a: Scizor|Scizor, M|100\/100\n|-damage|p1a: Scizor|88\/100|[from] Stealth Rock\n|turn|10\n|\n|detailschange|p1a: Scizor|Scizor-Mega, M\n|-mega|p1a: Scizor|Scizor|Scizorite\n|move|p2a: Tapu Lele|Moonblast|p1a: Scizor\n|-resisted|p1a: Scizor\n|-damage|p1a: Scizor|51\/100\n|-unboost|p1a: Scizor|spa|1\n|move|p1a: Scizor|Swords Dance|p1a: Scizor\n|-boost|p1a: Scizor|atk|2\n|\n|upkeep\n|turn|11\n|\n|switch|p2a: Landorus|Landorus-Therian, M|59\/100\n|-damage|p2a: Landorus|47\/100|[from] Stealth Rock\n|-ability|p2a: Landorus|Intimidate|boost\n|-unboost|p1a: Scizor|atk|1\n|move|p1a: Scizor|Roost|p1a: Scizor\n|-heal|p1a: Scizor|100\/100\n|-singleturn|p1a: Scizor|move: Roost\n|\n|upkeep\n|turn|12\n|\n|move|p1a: Scizor|Bullet Punch|p2a: Landorus\n|-damage|p2a: Landorus|10\/100\n|-damage|p1a: Scizor|84\/100|[from] item: Rocky Helmet|[of] p2a: Landorus\n|move|p2a: Landorus|U-turn|p1a: Scizor\n|-resisted|p1a: Scizor\n|-damage|p1a: Scizor|75\/100\n|\n|switch|p2a: Serperior|Serperior, M|100\/100|[from]move: U-turn\n|-damage|p2a: Serperior|88\/100|[from] Stealth Rock\n|\n|-fieldend|move: Psychic Terrain\n|upkeep\n|turn|13\n|\n|move|p2a: Serperior|Hidden Power|p1a: Scizor\n|-supereffective|p1a: Scizor\n|-damage|p1a: Scizor|17\/100\n|move|p1a: Scizor|Bug Bite|p2a: Serperior\n|-supereffective|p2a: Serperior\n|-damage|p2a: Serperior|0 fnt\n|faint|p2a: Serperior\n|\n|upkeep\n|\n|switch|p2a: Tapu Lele|Tapu Lele|88\/100\n|-damage|p2a: Tapu Lele|76\/100|[from] Stealth Rock\n|-fieldstart|move: Psychic Terrain|[from] ability: Psychic Surge|[of] p2a: Tapu Lele\n|turn|14\n|\n|move|p2a: Tapu Lele|Psychic|p1a: Scizor\n|-resisted|p1a: Scizor\n|-damage|p1a: Scizor|0 fnt\n|faint|p1a: Scizor\n|\n|upkeep\n|\n|switch|p1a: Kartana|Kartana|94\/100\n|-damage|p1a: Kartana|88\/100|[from] Stealth Rock\n|turn|15\n|\n|switch|p2a: Landorus|Landorus-Therian, M|10\/100\n|-damage|p2a: Landorus|0 fnt|[from] Stealth Rock\n|faint|p2a: Landorus\n|move|p1a: Kartana|Leaf Blade|p2: Landorus|[notarget]\n|-fail|p1a: Kartana\n|\n|upkeep\n|\n|switch|p2a: Mawile|Mawile, F|100\/100\n|-damage|p2a: Mawile|95\/100|[from] Stealth Rock\n|-ability|p2a: Mawile|Intimidate|boost\n|-unboost|p1a: Kartana|atk|1\n|turn|16\n|\n|switch|p1a: Kommo-o|Kommo-o, M|100\/100 par\n|-damage|p1a: Kommo-o|94\/100 par|[from] Stealth Rock\n|detailschange|p2a: Mawile|Mawile-Mega, F\n|-mega|p2a: Mawile|Mawile|Mawilite\n|move|p2a: Mawile|Play Rough|p1a: Kommo-o\n|-supereffective|p1a: Kommo-o\n|-damage|p1a: Kommo-o|0 fnt\n|faint|p1a: Kommo-o\n|\n|upkeep\n|j|\u203dBellyWellyJelly\n|\n|switch|p1a: Landorus|Landorus-Therian, M|80\/100\n|-damage|p1a: Landorus|68\/100|[from] Stealth Rock\n|-ability|p1a: Landorus|Intimidate|boost\n|-unboost|p2a: Mawile|atk|1\n|turn|17\n|j| ncatshadow\n|\n|switch|p2a: Jirachi|Jirachi|51\/100\n|-damage|p2a: Jirachi|45\/100|[from] Stealth Rock\n|move|p1a: Landorus|Earthquake|p2a: Jirachi\n|-supereffective|p2a: Jirachi\n|-damage|p2a: Jirachi|0 fnt\n|faint|p2a: Jirachi\n|\n|upkeep\n|inactive|SMxVale has 120 seconds left.\n|\n|switch|p2a: Keldeo|Keldeo-Resolute|100\/100\n|-damage|p2a: Keldeo|94\/100|[from] Stealth Rock\n|turn|18\n|l| dsafsdgfdsg\n|\n|switch|p1a: Tornadus|Tornadus-Therian, M|65\/100\n|-damage|p1a: Tornadus|40\/100|[from] Stealth Rock\n|-zpower|p2a: Keldeo\n|move|p2a: Keldeo|Hydro Vortex|p1a: Tornadus|[zeffect]\n|-damage|p1a: Tornadus|0 fnt\n|faint|p1a: Tornadus\n|\n|-fieldend|move: Psychic Terrain\n|upkeep\n|j| fateherou\n|\n|switch|p1a: Kartana|Kartana|88\/100\n|-damage|p1a: Kartana|82\/100|[from] Stealth Rock\n|turn|19\n|\n|switch|p2a: Mawile|Mawile-Mega, F|95\/100\n|-damage|p2a: Mawile|89\/100|[from] Stealth Rock\n|move|p1a: Kartana|Sacred Sword|p2a: Mawile\n|-damage|p2a: Mawile|45\/100\n|\n|upkeep\n|turn|20\n|l| fateherou\n|\n|-zpower|p1a: Kartana\n|move|p1a: Kartana|Breakneck Blitz|p2a: Mawile|[zeffect]\n|-resisted|p2a: Mawile\n|-damage|p2a: Mawile|0 fnt\n|faint|p2a: Mawile\n|-ability|p1a: Kartana|Beast Boost|boost\n|-boost|p1a: Kartana|atk|1\n|\n|upkeep\n|\n|switch|p2a: Keldeo|Keldeo-Resolute|94\/100\n|-damage|p2a: Keldeo|88\/100|[from] Stealth Rock\n|turn|21\n|\n|move|p1a: Kartana|Leaf Blade|p2a: Keldeo\n|-supereffective|p2a: Keldeo\n|-damage|p2a: Keldeo|0 fnt\n|faint|p2a: Keldeo\n|-ability|p1a: Kartana|Beast Boost|boost\n|-boost|p1a: Kartana|atk|1\n|\n|upkeep\n|\n|switch|p2a: Tapu Lele|Tapu Lele|76\/100\n|-damage|p2a: Tapu Lele|64\/100|[from] Stealth Rock\n|-fieldstart|move: Psychic Terrain|[from] ability: Psychic Surge|[of] p2a: Tapu Lele\n|turn|22\n|\n|move|p1a: Kartana|Leaf Blade|p2a: Tapu Lele\n|-damage|p2a: Tapu Lele|0 fnt\n|faint|p2a: Tapu Lele\n|\n|win|Keypress\n|raw|Keypress's rating: 1770 &rarr; <strong>1794<\/strong><br \/>(+24 for winning)\n|raw|SMxVale's rating: 1840 &rarr; <strong>1816<\/strong><br \/>(-24 for losing)\n|l|\u2606SMxVale\n","uploadtime":1571580793,"views":16,"p1id":"keypress","p2id":"smxvale","formatid":"gen7ou","rating":1794,"private":0,"password":null}