{"id":"gen7ou-531322147","p1":"Pitaye","p2":"inner beam","format":"gen7ou","log":"|j|Pitaye\n|j|inner beam\n|player|p1|Pitaye|266\n|player|p2|inner beam|28\n|gametype|singles\n|gen|7\n|tier|[Gen 7] OU\n|rated\n|seed|24146,664,20804,24242\n|clearpoke\n|poke|p1|Tapu Koko|item\n|poke|p1|Scizor, F|item\n|poke|p1|Pelipper, F|item\n|poke|p1|Raichu-Alola, M|item\n|poke|p1|Kingdra, F|item\n|poke|p1|Ferrothorn, F|item\n|poke|p2|Garchomp, M|item\n|poke|p2|Greninja, M|item\n|poke|p2|Nidoking, M|item\n|poke|p2|Chesnaught, M|item\n|poke|p2|Magearna|item\n|poke|p2|Salamence, M|item\n|rule|Baton Pass Clause: Limit one Baton Passer, can't pass Spe and other stats simultaneously\n|rule|Sleep Clause Mod: Limit one foe put to sleep\n|rule|Species Clause: Limit one of each Pok\u00e9mon\n|rule|OHKO Clause: OHKO moves are banned\n|rule|Moody Clause: Moody is banned\n|rule|Evasion Moves Clause: Evasion moves are banned\n|rule|Endless Battle Clause: Forcing endless battles is banned\n|rule|HP Percentage Mod: HP is shown in percentages\n|teampreview\n|choice|team 3, team 2, team 1, team 4, team 5, team 6|team 3, team 2, team 1, team 4, team 5, team 6\n|\n|start\n|switch|p1a: Pelipper|Pelipper, F|323\/323\n|switch|p2a: Nidoking|Nidoking, M|303\/303\n|-weather|RainDance|[from] ability: Drizzle|[of] p1a: Pelipper\n|turn|1\n|choice|move uturn|switch 5\n|\n|switch|p2a: Magearna|Magearna|364\/364\n|move|p1a: Pelipper|U-turn|p2a: Magearna\n|-resisted|p2a: Magearna\n|-damage|p2a: Magearna|358\/364\n|choice|switch 6|\n|\n|switch|p1a: Ferrothorn|Ferrothorn, F|352\/352\n|\n|-weather|RainDance|[upkeep]\n|upkeep\n|turn|2\n|choice|move stealthrock|move voltswitch\n|\n|move|p2a: Magearna|Volt Switch|p1a: Ferrothorn\n|-resisted|p1a: Ferrothorn\n|-damage|p1a: Ferrothorn|318\/352\n|choice||switch 4\n|\n|switch|p2a: Chesnaught|Chesnaught, M|380\/380\n|move|p1a: Ferrothorn|Stealth Rock|p2a: Chesnaught\n|-sidestart|p2: inner beam|move: Stealth Rock\n|\n|-weather|RainDance|[upkeep]\n|-heal|p1a: Ferrothorn|340\/352|[from] item: Leftovers\n|upkeep\n|turn|3\n|choice|switch 2|move spikes\n|\n|switch|p1a: Scizor|Scizor, F|343\/343\n|move|p2a: Chesnaught|Spikes|p1a: Scizor\n|-sidestart|p1: Pitaye|Spikes\n|\n|-weather|RainDance|[upkeep]\n|upkeep\n|turn|4\n|choice|move uturn mega|move leechseed\n|\n|detailschange|p1a: Scizor|Scizor-Mega, F\n|-mega|p1a: Scizor|Scizor|Scizorite\n|move|p1a: Scizor|U-turn|p2a: Chesnaught\n|-damage|p2a: Chesnaught|293\/380\n|choice|switch 4|\n|\n|switch|p1a: Raichu|Raichu-Alola, M|259\/259\n|-damage|p1a: Raichu|227\/259|[from] Spikes\n|move|p2a: Chesnaught|Leech Seed|p1a: Raichu\n|-start|p1a: Raichu|move: Leech Seed\n|\n|-weather|RainDance|[upkeep]\n|-heal|p2a: Chesnaught|316\/380|[from] item: Leftovers\n|-damage|p1a: Raichu|195\/259|[from] Leech Seed|[of] p2a: Chesnaught\n|-heal|p2a: Chesnaught|348\/380|[silent]\n|upkeep\n|turn|5\n|choice|switch 5|move spikyshield\n|\n|switch|p1a: Kingdra|Kingdra, F|298\/298\n|-damage|p1a: Kingdra|261\/298|[from] Spikes\n|move|p2a: Chesnaught|Spiky Shield|p2a: Chesnaught\n|-fail|p2a: Chesnaught\n|\n|-weather|RainDance|[upkeep]\n|-heal|p2a: Chesnaught|371\/380|[from] item: Leftovers\n|upkeep\n|turn|6\n|choice|move hydropump|switch 4\n|\n|switch|p2a: Magearna|Magearna|358\/364\n|-damage|p2a: Magearna|336\/364|[from] Stealth Rock\n|move|p1a: Kingdra|Hydro Pump|p2a: Magearna\n|-damage|p2a: Magearna|108\/364\n|\n|-weather|RainDance|[upkeep]\n|upkeep\n|turn|7\n|choice|move hydropump|move voltswitch\n|\n|move|p1a: Kingdra|Hydro Pump|p2a: Magearna\n|-damage|p2a: Magearna|0 fnt\n|faint|p2a: Magearna\n|\n|-weather|RainDance|[upkeep]\n|upkeep\n|choice||switch 4\n|\n|switch|p2a: Chesnaught|Chesnaught, M|371\/380\n|-damage|p2a: Chesnaught|348\/380|[from] Stealth Rock\n|turn|8\n|choice|move hydropump|move spikes\n|\n|move|p1a: Kingdra|Hydro Pump|p2a: Chesnaught\n|-resisted|p2a: Chesnaught\n|-damage|p2a: Chesnaught|109\/380\n|move|p2a: Chesnaught|Spikes|p1a: Kingdra\n|-sidestart|p1: Pitaye|Spikes\n|\n|-weather|none\n|-heal|p2a: Chesnaught|132\/380|[from] item: Leftovers\n|upkeep\n|turn|9\n|choice|move hydropump|move leechseed\n|\n|move|p1a: Kingdra|Hydro Pump|p2a: Chesnaught\n|-resisted|p2a: Chesnaught\n|-damage|p2a: Chesnaught|0 fnt\n|faint|p2a: Chesnaught\n|\n|upkeep\n|choice||switch 5\n|\n|switch|p2a: Nidoking|Nidoking, M|303\/303\n|-damage|p2a: Nidoking|285\/303|[from] Stealth Rock\n|turn|10\n|choice|switch 2|move sludgewave\n|\n|switch|p1a: Ferrothorn|Ferrothorn, F|340\/352\n|-damage|p1a: Ferrothorn|282\/352|[from] Spikes\n|move|p2a: Nidoking|Sludge Wave|p1a: Ferrothorn\n|-immune|p1a: Ferrothorn|[msg]\n|\n|-heal|p1a: Ferrothorn|304\/352|[from] item: Leftovers\n|upkeep\n|turn|11\n|choice|switch 6|move flamethrower\n|\n|switch|p1a: Pelipper|Pelipper, F|323\/323\n|-weather|RainDance|[from] ability: Drizzle|[of] p1a: Pelipper\n|move|p2a: Nidoking|Flamethrower|p1a: Pelipper\n|-resisted|p1a: Pelipper\n|-damage|p1a: Pelipper|283\/323\n|\n|-weather|RainDance|[upkeep]\n|upkeep\n|turn|12\n|choice|move uturn|move sludgewave\n|\n|move|p2a: Nidoking|Sludge Wave|p1a: Pelipper\n|-damage|p1a: Pelipper|13\/323\n|move|p1a: Pelipper|U-turn|p2a: Nidoking\n|-resisted|p2a: Nidoking\n|-damage|p2a: Nidoking|267\/303\n|choice|switch 2|\n|\n|switch|p1a: Kingdra|Kingdra, F|261\/298\n|-damage|p1a: Kingdra|212\/298|[from] Spikes\n|\n|-weather|RainDance|[upkeep]\n|upkeep\n|turn|13\n|choice|move scald|switch 6\n|\n|switch|p2a: Salamence|Salamence, M|331\/331\n|-damage|p2a: Salamence|249\/331|[from] Stealth Rock\n|move|p1a: Kingdra|Scald|p2a: Salamence\n|-resisted|p2a: Salamence\n|-crit|p2a: Salamence\n|-damage|p2a: Salamence|0 fnt\n|faint|p2a: Salamence\n|\n|-weather|RainDance|[upkeep]\n|upkeep\n|choice||switch 2\n|\n|switch|p2a: Greninja|Greninja, M|285\/285\n|-damage|p2a: Greninja|250\/285|[from] Stealth Rock\n|turn|14\n|choice|move scald|move darkpulse\n|\n|move|p1a: Kingdra|Scald|p2a: Greninja\n|-resisted|p2a: Greninja\n|-damage|p2a: Greninja|61\/285\n|move|p2a: Greninja|Dark Pulse|p1a: Kingdra\n|-damage|p1a: Kingdra|32\/298\n|\n|-weather|RainDance|[upkeep]\n|upkeep\n|turn|15\n|c|\u2605Pitaye|gg\n|c|\u2605inner beam|gg\n|choice|move scald|switch 3\n|\n|switch|p2a: Garchomp|Garchomp, M|357\/357\n|-damage|p2a: Garchomp|335\/357|[from] Stealth Rock\n|move|p1a: Kingdra|Scald|p2a: Garchomp\n|-damage|p2a: Garchomp|20\/357\n|\n|-weather|RainDance|[upkeep]\n|upkeep\n|turn|16\n|choice|move scald|switch 3\n|\n|switch|p2a: Greninja|Greninja, M|61\/285\n|-damage|p2a: Greninja|26\/285|[from] Stealth Rock\n|move|p1a: Kingdra|Scald|p2a: Greninja\n|-resisted|p2a: Greninja\n|-damage|p2a: Greninja|0 fnt\n|faint|p2a: Greninja\n|\n|-weather|RainDance|[upkeep]\n|upkeep\n|-message|inner beam forfeited.\n|\n|win|Pitaye\n|player|p1\n|player|p2\n|l|inner beam","inputlog":null,"uploadtime":1486737898,"views":4,"p1id":"pitaye","p2id":"innerbeam","formatid":"gen7ou","rating":0,"private":0,"password":null}