{"id":"gen7doublesou-621592234","p1":"LarvitarFan","p2":"hauntersnightmare","format":"gen7doublesou","log":"|j|LarvitarFan\n|j|hauntersnightmare\n|player|p1|LarvitarFan|164\n|teamsize|p1|6\n|player|p2|hauntersnightmare|102\n|teamsize|p2|6\n|gametype|doubles\n|gen|7\n|tier|[Gen 7] Doubles OU\n|rated\n|seed|13921,31262,42728,32583\n|rule|Species Clause: Limit one of each Pok\u00e9mon\n|rule|OHKO Clause: OHKO moves are banned\n|rule|Moody Clause: Moody is banned\n|rule|Evasion Abilities Clause: Evasion abilities are banned\n|rule|Evasion Moves Clause: Evasion moves are banned\n|rule|Endless Battle Clause: Forcing endless battles is banned\n|rule|HP Percentage Mod: HP is shown in percentages\n|rule|Swagger Clause: Swagger is banned\n|clearpoke\n|poke|p1|Tyranitar, F|item\n|poke|p1|Dusclops, F|item\n|poke|p1|Scrafty, F|item\n|poke|p1|Cresselia, F|item\n|poke|p1|Aegislash, F|item\n|poke|p1|Camerupt, F|item\n|poke|p2|Togedemaru, F|item\n|poke|p2|Celesteela|item\n|poke|p2|Tapu Koko|item\n|poke|p2|Salamence, F|item\n|poke|p2|Aegislash, M|item\n|poke|p2|Landorus-Therian, M|item\n|teampreview\n|choice|team 4, team 6, team 3, team 1, team 5, team 2|team 2, team 1, team 3, team 4, team 5, team 6\n|\n|start\n|switch|p1a: Cresselia|Cresselia, F|444\/444\n|switch|p1b: Camerupt|Camerupt, F|330\/330\n|switch|p2a: Celesteela|Celesteela|392\/392\n|switch|p2b: Togedemaru|Togedemaru, F|271\/271\n|-item|p2b: Togedemaru|Air Balloon\n|turn|1\n|choice|move trickroom, move protect mega|move heavyslam 2, move fakeout 1\n|\n|detailschange|p1b: Camerupt|Camerupt-Mega, F\n|-mega|p1b: Camerupt|Camerupt|Cameruptite\n|move|p1b: Camerupt|Protect|p1b: Camerupt\n|-singleturn|p1b: Camerupt|Protect\n|move|p2b: Togedemaru|Fake Out|p1a: Cresselia\n|-damage|p1a: Cresselia|407\/444\n|move|p2a: Celesteela|Heavy Slam|p1b: Camerupt\n|-activate|p1b: Camerupt|move: Protect\n|cant|p1a: Cresselia|flinch\n|\n|-heal|p1a: Cresselia|434\/444|[from] item: Leftovers\n|upkeep\n|turn|2\n|choice|move trickroom, move heatwave|move leechseed 1, move encore 2\n|\n|move|p2b: Togedemaru|Encore|p1b: Camerupt\n|-start|p1b: Camerupt|Encore\n|move|p2a: Celesteela|Leech Seed|p1a: Cresselia\n|-start|p1a: Cresselia|move: Leech Seed\n|move|p1b: Camerupt|Protect|p1b: Camerupt\n|-fail|p1b: Camerupt\n|move|p1a: Cresselia|Trick Room|p1a: Cresselia\n|-fieldstart|move: Trick Room|[of] p1a: Cresselia\n|\n|-heal|p1a: Cresselia|444\/444|[from] item: Leftovers\n|-damage|p1a: Cresselia|389\/444|[from] Leech Seed|[of] p2a: Celesteela\n|upkeep\n|turn|3\n|choice|switch 4, switch 3|move leechseed 2, move encore 1\n|\n|switch|p1b: Scrafty|Scrafty, F|334\/334\n|switch|p1a: Tyranitar|Tyranitar, F|404\/404\n|-weather|Sandstorm|[from] ability: Sand Stream|[of] p1a: Tyranitar\n|move|p2a: Celesteela|Leech Seed|p1b: Scrafty\n|-start|p1b: Scrafty|move: Leech Seed\n|move|p2b: Togedemaru|Encore|p1a: Tyranitar\n|-fail|p1a: Tyranitar\n|\n|-weather|Sandstorm|[upkeep]\n|-damage|p1b: Scrafty|314\/334|[from] sandstorm\n|-heal|p1b: Scrafty|334\/334|[from] item: Leftovers\n|-damage|p1b: Scrafty|293\/334|[from] Leech Seed|[of] p2a: Celesteela\n|upkeep\n|turn|4\n|choice|move firepunch 1, move drainpunch 2|move heavyslam 1, move spikyshield\n|\n|move|p2b: Togedemaru|Spiky Shield|p2b: Togedemaru\n|-singleturn|p2b: Togedemaru|move: Protect\n|move|p1b: Scrafty|Drain Punch|p2b: Togedemaru\n|-activate|p2b: Togedemaru|move: Protect\n|-damage|p1b: Scrafty|252\/334|[from] Spiky Shield|[of] p2b: Togedemaru\n|move|p1a: Tyranitar|Fire Punch|p2a: Celesteela\n|-supereffective|p2a: Celesteela\n|-damage|p2a: Celesteela|212\/392\n|move|p2a: Celesteela|Heavy Slam|p1a: Tyranitar\n|-supereffective|p1a: Tyranitar\n|-damage|p1a: Tyranitar|168\/404\n|-enditem|p1a: Tyranitar|Weakness Policy\n|-boost|p1a: Tyranitar|atk|2\n|-boost|p1a: Tyranitar|spa|2\n|\n|-weather|Sandstorm|[upkeep]\n|-damage|p1b: Scrafty|232\/334|[from] sandstorm\n|-heal|p1b: Scrafty|252\/334|[from] item: Leftovers\n|-heal|p2a: Celesteela|236\/392|[from] item: Leftovers\n|-damage|p1b: Scrafty|211\/334|[from] Leech Seed|[of] p2a: Celesteela\n|-heal|p2a: Celesteela|277\/392|[silent]\n|upkeep\n|turn|5\n|choice|move firepunch 1, move thunderpunch 1|move protect, switch 6\n|\n|switch|p2b: Landorus|Landorus-Therian, M|323\/323\n|-ability|p2b: Landorus|Intimidate|boost\n|-unboost|p1a: Tyranitar|atk|1\n|-unboost|p1b: Scrafty|atk|1\n|move|p2a: Celesteela|Protect|p2a: Celesteela\n|-singleturn|p2a: Celesteela|Protect\n|move|p1b: Scrafty|Thunder Punch|p2a: Celesteela\n|-activate|p2a: Celesteela|move: Protect\n|move|p1a: Tyranitar|Fire Punch|p2a: Celesteela\n|-activate|p2a: Celesteela|move: Protect\n|\n|-weather|Sandstorm|[upkeep]\n|-damage|p1b: Scrafty|191\/334|[from] sandstorm\n|-heal|p1b: Scrafty|211\/334|[from] item: Leftovers\n|-heal|p2a: Celesteela|301\/392|[from] item: Leftovers\n|-damage|p1b: Scrafty|170\/334|[from] Leech Seed|[of] p2a: Celesteela\n|-heal|p2a: Celesteela|342\/392|[silent]\n|upkeep\n|turn|6\n|choice|move icepunch 2, switch 4|move heavyslam 1, switch 4\n|\n|switch|p1b: Cresselia|Cresselia, F|389\/444\n|switch|p2b: Salamence|Salamence, F|331\/331\n|-ability|p2b: Salamence|Intimidate|boost\n|-unboost|p1a: Tyranitar|atk|1\n|-unboost|p1b: Cresselia|atk|1\n|move|p1a: Tyranitar|Ice Punch|p2b: Salamence\n|-supereffective|p2b: Salamence\n|-crit|p2b: Salamence\n|-damage|p2b: Salamence|0 fnt\n|faint|p2b: Salamence\n|move|p2a: Celesteela|Heavy Slam|p1a: Tyranitar\n|-supereffective|p1a: Tyranitar\n|-damage|p1a: Tyranitar|0 fnt\n|faint|p1a: Tyranitar\n|-ability|p2a: Celesteela|Beast Boost|boost\n|-boost|p2a: Celesteela|atk|1\n|\n|-weather|Sandstorm|[upkeep]\n|-damage|p1b: Cresselia|362\/444|[from] sandstorm\n|-heal|p1b: Cresselia|389\/444|[from] item: Leftovers\n|-heal|p2a: Celesteela|366\/392|[from] item: Leftovers\n|-fieldend|move: Trick Room\n|upkeep\n|choice|switch 3, pass|pass, switch 5\n|\n|switch|p2b: Aegislash|Aegislash, M|323\/323\n|switch|p1a: Camerupt|Camerupt-Mega, F|330\/330\n|turn|7\n|choice|move heatwave, move trickroom|move heavyslam 2, move substitute\n|\n|move|p2b: Aegislash|Substitute|p2b: Aegislash\n|-start|p2b: Aegislash|Substitute\n|-damage|p2b: Aegislash|243\/323\n|move|p2a: Celesteela|Heavy Slam|p1b: Cresselia\n|-damage|p1b: Cresselia|191\/444\n|move|p1a: Camerupt|Heat Wave|p2a: Celesteela|[spread] p2a,p2b\n|-supereffective|p2a: Celesteela\n|-damage|p2a: Celesteela|58\/392\n|-supereffective|p2b: Aegislash\n|-end|p2b: Aegislash|Substitute\n|move|p1b: Cresselia|Trick Room|p1b: Cresselia\n|-fieldstart|move: Trick Room|[of] p1b: Cresselia\n|\n|-weather|none\n|-heal|p1b: Cresselia|218\/444|[from] item: Leftovers\n|-heal|p2a: Celesteela|82\/392|[from] item: Leftovers\n|upkeep\n|turn|8\n|choice|move heatwave, switch 6|move heavyslam 2, move wideguard\n|\n|switch|p1b: Dusclops|Dusclops, F|284\/284\n|-ability|p1b: Dusclops|Pressure\n|move|p2b: Aegislash|Wide Guard|p2b: Aegislash\n|-singleturn|p2b: Aegislash|Wide Guard\n|move|p1a: Camerupt|Heat Wave|p2a: Celesteela|[spread] \n|-activate|p2a: Celesteela|move: Wide Guard\n|-activate|p2b: Aegislash|move: Wide Guard\n|move|p2a: Celesteela|Heavy Slam|p1b: Dusclops\n|-damage|p1b: Dusclops|169\/284\n|\n|-heal|p2a: Celesteela|106\/392|[from] item: Leftovers\n|upkeep\n|turn|9\n|choice|move heatwave, move willowisp 2|switch 4, move kingsshield\n|\n|switch|p2a: Landorus|Landorus-Therian, M|323\/323\n|-ability|p2a: Landorus|Intimidate|boost\n|-unboost|p1a: Camerupt|atk|1\n|-unboost|p1b: Dusclops|atk|1\n|move|p2b: Aegislash|King's Shield|p2b: Aegislash\n|-fail|p2b: Aegislash\n|move|p1a: Camerupt|Heat Wave|p2a: Landorus|[spread] p2a,p2b\n|-damage|p2a: Landorus|98\/323\n|-enditem|p2a: Landorus|Sitrus Berry|[eat]\n|-heal|p2a: Landorus|178\/323|[from] item: Sitrus Berry\n|-supereffective|p2b: Aegislash\n|-damage|p2b: Aegislash|15\/323\n|move|p1b: Dusclops|Will-O-Wisp|p2b: Aegislash\n|-status|p2b: Aegislash|brn\n|\n|-damage|p2b: Aegislash|0 fnt|[from] brn\n|upkeep\n|faint|p2b: Aegislash\n|choice||pass, switch 6\n|\n|switch|p2b: Togedemaru|Togedemaru, F|271\/271\n|-item|p2b: Togedemaru|Air Balloon\n|turn|10\n|choice|move heatwave, move willowisp 1|move earthquake, move fakeout 1\n|\n|move|p2b: Togedemaru|Fake Out|p1a: Camerupt\n|-damage|p1a: Camerupt|291\/330\n|cant|p1a: Camerupt|flinch\n|move|p1b: Dusclops|Will-O-Wisp|p2a: Landorus\n|-status|p2a: Landorus|brn\n|move|p2a: Landorus|Earthquake|p1b: Dusclops|[spread] p1a,p1b\n|-immune|p2b: Togedemaru|[msg]\n|-supereffective|p1a: Camerupt\n|-damage|p1a: Camerupt|144\/330\n|-damage|p1b: Dusclops|131\/284\n|\n|-damage|p2a: Landorus|158\/323 brn|[from] brn\n|upkeep\n|turn|11\n|choice|move heatwave, move painsplit 2|move protect, move spikyshield\n|\n|move|p2a: Landorus|Protect|p2a: Landorus\n|-singleturn|p2a: Landorus|Protect\n|move|p2b: Togedemaru|Spiky Shield|p2b: Togedemaru\n|-singleturn|p2b: Togedemaru|move: Protect\n|move|p1a: Camerupt|Heat Wave|p2a: Landorus|[spread] \n|-activate|p2a: Landorus|move: Protect\n|-activate|p2b: Togedemaru|move: Protect\n|move|p1b: Dusclops|Pain Split|p2b: Togedemaru\n|-activate|p2b: Togedemaru|move: Protect\n|\n|-damage|p2a: Landorus|138\/323 brn|[from] brn\n|-fieldend|move: Trick Room\n|upkeep\n|turn|12\n|choice|move heatwave, move trickroom|move earthquake, move zingzap 2\n|\n|move|p2b: Togedemaru|Zing Zap|p1b: Dusclops\n|-damage|p1b: Dusclops|67\/284\n|move|p2a: Landorus|Earthquake|p1a: Camerupt|[spread] p1a,p1b\n|-immune|p2b: Togedemaru|[msg]\n|-supereffective|p1a: Camerupt\n|-damage|p1a: Camerupt|0 fnt\n|-crit|p1b: Dusclops\n|-damage|p1b: Dusclops|11\/284\n|faint|p1a: Camerupt\n|move|p1b: Dusclops|Trick Room|p1b: Dusclops\n|-fieldstart|move: Trick Room|[of] p1b: Dusclops\n|\n|-damage|p2a: Landorus|118\/323 brn|[from] brn\n|upkeep\n|choice|switch 5, pass|\n|\n|switch|p1a: Aegislash|Aegislash, F|324\/324\n|turn|13\n|choice|move kingsshield, move painsplit 2|move protect, move spikyshield\n|\n|move|p1a: Aegislash|King's Shield|p1a: Aegislash\n|-singleturn|p1a: Aegislash|Protect\n|move|p2a: Landorus|Protect|p2a: Landorus\n|-singleturn|p2a: Landorus|Protect\n|move|p2b: Togedemaru|Spiky Shield|p2b: Togedemaru\n|-singleturn|p2b: Togedemaru|move: Protect\n|move|p1b: Dusclops|Pain Split|p2b: Togedemaru\n|-activate|p2b: Togedemaru|move: Protect\n|\n|-damage|p2a: Landorus|98\/323 brn|[from] brn\n|upkeep\n|turn|14\n|choice|move sacredsword 2, move painsplit 2|move rockslide, move encore 1\n|\n|move|p1b: Dusclops|Pain Split|p2b: Togedemaru\n|-sethp|p2b: Togedemaru|141\/271|p1b: Dusclops|141\/284|[from] move: Pain Split\n|-formechange|p1a: Aegislash|Aegislash-Blade|[from] ability: Stance Change\n|move|p1a: Aegislash|Sacred Sword|p2b: Togedemaru\n|-supereffective|p2b: Togedemaru\n|-damage|p2b: Togedemaru|0 fnt\n|-enditem|p2b: Togedemaru|Air Balloon\n|-damage|p1a: Aegislash|292\/324|[from] item: Life Orb\n|faint|p2b: Togedemaru\n|move|p2a: Landorus|Rock Slide|p1b: Dusclops|[spread] p1b\n|-miss|p2a: Landorus|p1a: Aegislash\n|-damage|p1b: Dusclops|122\/284\n|\n|-damage|p2a: Landorus|78\/323 brn|[from] brn\n|upkeep\n|choice||pass, switch 4\n|\n|switch|p2b: Celesteela|Celesteela|106\/392\n|turn|15\n|choice|move sacredsword 2, move willowisp 2|move earthquake, move leechseed 1\n|\n|move|p1b: Dusclops|Will-O-Wisp|p2b: Celesteela\n|-status|p2b: Celesteela|brn\n|move|p1a: Aegislash|Sacred Sword|p2b: Celesteela\n|-damage|p2b: Celesteela|0 fnt\n|-damage|p1a: Aegislash|260\/324|[from] item: Life Orb\n|faint|p2b: Celesteela\n|move|p2a: Landorus|Earthquake|p1a: Aegislash|[spread] p1a,p1b\n|-supereffective|p1a: Aegislash\n|-damage|p1a: Aegislash|17\/324\n|-damage|p1b: Dusclops|86\/284\n|\n|-damage|p2a: Landorus|58\/323 brn|[from] brn\n|upkeep\n|choice||pass, switch 3\n|\n|switch|p2b: Tapu Koko|Tapu Koko|281\/281\n|-fieldstart|move: Electric Terrain|[from] ability: Electric Surge|[of] p2b: Tapu Koko\n|turn|16\n|choice|move flashcannon 2, move shadowsneak 1|move protect, move protect\n|\n|move|p2a: Landorus|Protect|p2a: Landorus\n|-singleturn|p2a: Landorus|Protect\n|move|p2b: Tapu Koko|Protect|p2b: Tapu Koko\n|-singleturn|p2b: Tapu Koko|Protect\n|move|p1b: Dusclops|Shadow Sneak|p2a: Landorus\n|-activate|p2a: Landorus|move: Protect\n|move|p1a: Aegislash|Flash Cannon|p2b: Tapu Koko\n|-activate|p2b: Tapu Koko|move: Protect\n|\n|-damage|p2a: Landorus|38\/323 brn|[from] brn\n|-fieldend|move: Trick Room\n|upkeep\n|turn|17\n|choice|move shadowsneak 1, move shadowsneak 2|move rockslide, move discharge\n|\n|move|p1a: Aegislash|Shadow Sneak|p2a: Landorus\n|-damage|p2a: Landorus|0 fnt\n|-damage|p1a: Aegislash|0 fnt|[from] item: Life Orb\n|faint|p2a: Landorus\n|faint|p1a: Aegislash\n|move|p1b: Dusclops|Shadow Sneak|p2b: Tapu Koko\n|-damage|p2b: Tapu Koko|256\/281\n|move|p2b: Tapu Koko|Discharge|p1b: Dusclops\n|-damage|p1b: Dusclops|0 fnt\n|-damage|p2b: Tapu Koko|228\/281|[from] item: Life Orb\n|faint|p1b: Dusclops\n|\n|upkeep\n|choice|switch 4, switch 6|\n|\n|switch|p1b: Cresselia|Cresselia, F|218\/444\n|switch|p1a: Scrafty|Scrafty, F|170\/334\n|turn|18\n|choice|move poisonjab 2, move psychic 2|pass, move dazzlinggleam\n|\n|move|p2b: Tapu Koko|Dazzling Gleam|p1b: Cresselia|[spread] p1a,p1b\n|-supereffective|p1a: Scrafty\n|-damage|p1a: Scrafty|0 fnt\n|-damage|p1b: Cresselia|150\/444\n|-damage|p2b: Tapu Koko|200\/281|[from] item: Life Orb\n|faint|p1a: Scrafty\n|move|p1b: Cresselia|Psychic|p2b: Tapu Koko\n|-damage|p2b: Tapu Koko|103\/281\n|\n|-heal|p1b: Cresselia|177\/444|[from] item: Leftovers\n|upkeep\n|turn|19\n|choice|pass, move psychic 2|pass, move thunderbolt 2\n|\n|move|p2b: Tapu Koko|Thunderbolt|p1b: Cresselia\n|-crit|p1b: Cresselia\n|-damage|p1b: Cresselia|0 fnt\n|-damage|p2b: Tapu Koko|75\/281|[from] item: Life Orb\n|faint|p1b: Cresselia\n|\n|win|hauntersnightmare\n|raw|LarvitarFan's rating: 1289 &rarr; <strong>1272<\/strong><br \/>(-17 for losing)\n|raw|hauntersnightmare's rating: 1399 &rarr; <strong>1413<\/strong><br \/>(+14 for winning)\n|c|\u2606hauntersnightmare|koko for prez\n|c|\u2606hauntersnightmare|wow\n|c|\u2606hauntersnightmare|gg\n|l|LarvitarFan","inputlog":null,"uploadtime":1503522784,"views":0,"p1id":"larvitarfan","p2id":"hauntersnightmare","formatid":"gen7doublesou","rating":1272,"private":0,"password":null}