{"id":"gen7ou-1303785942","p1":"cump2","p2":"HOBO TRAINER","format":"gen7ou","log":"|j|\u2606cump2\n|j|\u2606HOBO TRAINER\n|t:|1616046997\n|player|p1|cump2|schoolkid-gen4dp|1232\n|player|p2|HOBO TRAINER|janitor|1140\n|teamsize|p1|6\n|teamsize|p2|6\n|gametype|singles\n|gen|7\n|tier|[Gen 7] OU\n|rated|\n|clearpoke\n|poke|p1|Medicham, M|item\n|poke|p1|Staraptor, M|item\n|poke|p1|Kommo-o, F|item\n|poke|p1|Serperior, M|item\n|poke|p1|Gliscor, M|item\n|poke|p1|Clefable, M|item\n|poke|p2|Electrode|item\n|poke|p2|Ninjask, F|item\n|poke|p2|Jolteon, M|item\n|poke|p2|Linoone, M|item\n|poke|p2|Gengar, F|item\n|poke|p2|Florges, F|item\n|rule|Sleep Clause Mod: Limit one foe put to sleep\n|rule|Species Clause: Limit one of each Pok\u00e9mon\n|rule|OHKO Clause: OHKO moves are banned\n|rule|Moody Clause: Moody is banned\n|rule|Evasion Moves Clause: Evasion moves are banned\n|rule|Endless Battle Clause: Forcing endless battles is banned\n|rule|HP Percentage Mod: HP is shown in percentages\n|teampreview\n|\n|t:|1616047012\n|start\n|switch|p1a: Medicham|Medicham, M|100\/100\n|switch|p2a: Quick?|Jolteon, M|100\/100\n|turn|1\n|inactive|Battle timer is ON: inactive players will automatically lose when time's up. (requested by HOBO TRAINER)\n|\n|t:|1616047019\n|detailschange|p1a: Medicham|Medicham-Mega, M\n|-mega|p1a: Medicham|Medicham|Medichamite\n|move|p2a: Quick?|Protect|p2a: Quick?\n|-singleturn|p2a: Quick?|Protect\n|move|p1a: Medicham|High Jump Kick|p2a: Quick?\n|-activate|p2a: Quick?|move: Protect\n|-damage|p1a: Medicham|51\/100|[from] highjumpkick\n|\n|-status|p2a: Quick?|brn|[from] item: Flame Orb\n|upkeep\n|turn|2\n|\n|t:|1616047029\n|move|p2a: Quick?|Volt Switch|p1a: Medicham\n|-damage|p1a: Medicham|0 fnt\n|faint|p1a: Medicham\n|\n|t:|1616047040\n|switch|p2a: JAST_USA|Ninjask, F|100\/100|[from]move: Volt Switch\n|\n|upkeep\n|\n|t:|1616047051\n|switch|p1a: Staraptor|Staraptor, M|100\/100\n|turn|3\n|\n|t:|1616047057\n|move|p2a: JAST_USA|Sand Attack|p1a: Staraptor\n|-unboost|p1a: Staraptor|accuracy|1\n|move|p1a: Staraptor|Brave Bird|p2a: JAST_USA\n|-supereffective|p2a: JAST_USA\n|-damage|p2a: JAST_USA|0 fnt\n|-damage|p1a: Staraptor|73\/100|[from] Recoil\n|faint|p2a: JAST_USA\n|\n|upkeep\n|\n|t:|1616047066\n|switch|p2a: X-Claw|Linoone, M|100\/100\n|turn|4\n|\n|t:|1616047070\n|move|p1a: Staraptor|Brave Bird|p2a: X-Claw\n|-damage|p2a: X-Claw|0 fnt\n|-damage|p1a: Staraptor|34\/100|[from] Recoil\n|faint|p2a: X-Claw\n|\n|upkeep\n|\n|t:|1616047077\n|switch|p2a: Probe_Ball|Electrode|100\/100\n|turn|5\n|\n|t:|1616047081\n|move|p2a: Probe_Ball|Foul Play|p1a: Staraptor\n|-damage|p1a: Staraptor|0 fnt\n|faint|p1a: Staraptor\n|\n|upkeep\n|\n|t:|1616047086\n|switch|p1a: Gliscor|Gliscor, M|100\/100\n|turn|6\n|\n|t:|1616047106\n|switch|p2a: FLOWER GURL|Florges, F|100\/100\n|move|p1a: Gliscor|Earthquake|p2a: FLOWER GURL\n|-damage|p2a: FLOWER GURL|70\/100\n|-enditem|p2a: FLOWER GURL|Kee Berry|[eat]\n|-boost|p2a: FLOWER GURL|def|1|[from] item: Kee Berry\n|\n|-status|p1a: Gliscor|tox|[from] item: Toxic Orb\n|upkeep\n|turn|7\n|\n|t:|1616047115\n|move|p1a: Gliscor|Toxic|p2a: FLOWER GURL\n|-status|p2a: FLOWER GURL|tox\n|move|p2a: FLOWER GURL|Calm Mind|p2a: FLOWER GURL\n|-boost|p2a: FLOWER GURL|spa|1\n|-boost|p2a: FLOWER GURL|spd|1\n|\n|-damage|p2a: FLOWER GURL|64\/100 tox|[from] psn\n|upkeep\n|turn|8\n|\n|t:|1616047123\n|move|p1a: Gliscor|Earthquake|p2a: FLOWER GURL\n|-damage|p2a: FLOWER GURL|43\/100 tox\n|move|p2a: FLOWER GURL|Synthesis|p2a: FLOWER GURL\n|-heal|p2a: FLOWER GURL|93\/100 tox\n|\n|-damage|p2a: FLOWER GURL|81\/100 tox|[from] psn\n|upkeep\n|turn|9\n|\n|t:|1616047130\n|move|p1a: Gliscor|Earthquake|p2a: FLOWER GURL\n|-damage|p2a: FLOWER GURL|61\/100 tox\n|move|p2a: FLOWER GURL|Moonblast|p1a: Gliscor\n|-damage|p1a: Gliscor|44\/100 tox\n|\n|-heal|p1a: Gliscor|56\/100 tox|[from] ability: Poison Heal\n|-damage|p2a: FLOWER GURL|42\/100 tox|[from] psn\n|upkeep\n|turn|10\n|\n|t:|1616047142\n|move|p1a: Gliscor|Roost|p1a: Gliscor\n|-heal|p1a: Gliscor|100\/100 tox\n|-singleturn|p1a: Gliscor|move: Roost\n|move|p2a: FLOWER GURL|Synthesis|p2a: FLOWER GURL\n|-heal|p2a: FLOWER GURL|92\/100 tox\n|\n|-damage|p2a: FLOWER GURL|68\/100 tox|[from] psn\n|upkeep\n|turn|11\n|\n|t:|1616047154\n|move|p1a: Gliscor|Earthquake|p2a: FLOWER GURL\n|-damage|p2a: FLOWER GURL|49\/100 tox\n|move|p2a: FLOWER GURL|Moonblast|p1a: Gliscor\n|-crit|p1a: Gliscor\n|-damage|p1a: Gliscor|5\/100 tox\n|-unboost|p1a: Gliscor|spa|1\n|\n|-heal|p1a: Gliscor|18\/100 tox|[from] ability: Poison Heal\n|-damage|p2a: FLOWER GURL|18\/100 tox|[from] psn\n|upkeep\n|turn|12\n|\n|t:|1616047167\n|move|p1a: Gliscor|Roost|p1a: Gliscor\n|-heal|p1a: Gliscor|68\/100 tox\n|-singleturn|p1a: Gliscor|move: Roost\n|move|p2a: FLOWER GURL|Moonblast|p1a: Gliscor\n|-damage|p1a: Gliscor|6\/100 tox\n|\n|-heal|p1a: Gliscor|18\/100 tox|[from] ability: Poison Heal\n|-damage|p2a: FLOWER GURL|0 fnt|[from] psn\n|faint|p2a: FLOWER GURL\n|upkeep\n|\n|t:|1616047186\n|switch|p2a: Perish|Gengar, F|100\/100\n|turn|13\n|\n|t:|1616047192\n|move|p2a: Perish|Shadow Ball|p1a: Gliscor\n|-damage|p1a: Gliscor|0 fnt\n|faint|p1a: Gliscor\n|\n|upkeep\n|\n|t:|1616047198\n|switch|p1a: Clefable|Clefable, M|100\/100\n|turn|14\n|\n|t:|1616047202\n|move|p2a: Perish|Sludge Bomb|p1a: Clefable\n|-supereffective|p1a: Clefable\n|-damage|p1a: Clefable|32\/100\n|move|p1a: Clefable|Flamethrower|p2a: Perish\n|-damage|p2a: Perish|66\/100\n|\n|-heal|p1a: Clefable|38\/100|[from] item: Leftovers\n|upkeep\n|turn|15\n|\n|t:|1616047209\n|move|p2a: Perish|Sludge Bomb|p1a: Clefable\n|-supereffective|p1a: Clefable\n|-damage|p1a: Clefable|0 fnt\n|faint|p1a: Clefable\n|\n|upkeep\n|\n|t:|1616047211\n|switch|p1a: Kommo-o|Kommo-o, F|100\/100\n|turn|16\n|\n|t:|1616047227\n|move|p2a: Perish|Destiny Bond|p2a: Perish\n|-singlemove|p2a: Perish|Destiny Bond\n|move|p1a: Kommo-o|Belly Drum|p1a: Kommo-o\n|-damage|p1a: Kommo-o|50\/100\n|-setboost|p1a: Kommo-o|atk|6|[from] move: Belly Drum\n|\n|upkeep\n|turn|17\n|\n|t:|1616047234\n|move|p1a: Kommo-o|Thunder Punch|p2a: Perish\n|-damage|p2a: Perish|0 fnt\n|faint|p2a: Perish\n|-activate|p2a: Perish|move: Destiny Bond\n|faint|p1a: Kommo-o\n|\n|upkeep\n|\n|t:|1616047241\n|switch|p2a: Probe_Ball|Electrode|100\/100\n|switch|p1a: Serperior|Serperior, M|100\/100\n|turn|18\n|inactive|cump2 has 120 seconds left.\n|\n|t:|1616047293\n|move|p1a: Serperior|Leaf Storm|p2a: Probe_Ball\n|-damage|p2a: Probe_Ball|35\/100\n|-boost|p1a: Serperior|spa|2\n|move|p2a: Probe_Ball|Toxic|p1a: Serperior\n|-status|p1a: Serperior|tox\n|\n|-damage|p1a: Serperior|94\/100 tox|[from] psn\n|upkeep\n|turn|19\n|\n|t:|1616047304\n|move|p2a: Probe_Ball|Protect|p2a: Probe_Ball\n|-singleturn|p2a: Probe_Ball|Protect\n|move|p1a: Serperior|Leaf Storm|p2a: Probe_Ball\n|-activate|p2a: Probe_Ball|move: Protect\n|\n|-damage|p1a: Serperior|82\/100 tox|[from] psn\n|upkeep\n|turn|20\n|\n|t:|1616047311\n|move|p1a: Serperior|Leaf Storm|p2a: Probe_Ball\n|-damage|p2a: Probe_Ball|0 fnt\n|-boost|p1a: Serperior|spa|2\n|faint|p2a: Probe_Ball\n|\n|-damage|p1a: Serperior|63\/100 tox|[from] psn\n|upkeep\n|\n|t:|1616047318\n|switch|p2a: Quick?|Jolteon, M|100\/100 brn\n|turn|21\n|\n|t:|1616047322\n|move|p2a: Quick?|Protect|p2a: Quick?\n|-singleturn|p2a: Quick?|Protect\n|move|p1a: Serperior|Leaf Storm|p2a: Quick?\n|-activate|p2a: Quick?|move: Protect\n|\n|-damage|p2a: Quick?|95\/100 brn|[from] brn\n|-damage|p1a: Serperior|39\/100 tox|[from] psn\n|upkeep\n|turn|22\n|\n|t:|1616047333\n|move|p2a: Quick?|Hidden Power|p1a: Serperior\n|-supereffective|p1a: Serperior\n|-damage|p1a: Serperior|0 fnt\n|faint|p1a: Serperior\n|\n|win|HOBO TRAINER\n|raw|cump2's rating: 1232 &rarr; <strong>1212<\/strong><br \/>(-20 for losing)\n|raw|HOBO TRAINER's rating: 1140 &rarr; <strong>1179<\/strong><br \/>(+39 for winning)\n|raw|cump2's rating: 1232 &rarr; <strong>1201<\/strong><br \/>(-31 for losing)\n|raw|HOBO TRAINER's rating: 1140 &rarr; <strong>1172<\/strong><br \/>(+32 for winning)\n","uploadtime":1616047339,"views":2,"p1id":"cump2","p2id":"hobotrainer","formatid":"gen7ou","rating":1172,"private":0,"password":null}