{"id":"gen7battlefactory-1279496094","p1":"Chickpiee","p2":"1300ELO???????","format":"gen7battlefactory","log":"|j|\u2606Chickpiee\n|j|\u26061300ELO???????\n|t:|1612933094\n|j|*Lady Monita\n|player|p1|Chickpiee|caitlin|\n|player|p2|1300ELO???????|102|\n|teamsize|p1|6\n|teamsize|p2|6\n|gametype|singles\n|gen|7\n|tier|[Gen 7] Battle Factory\n|rated|Tournament battle\n|rule|Sleep Clause Mod: Limit one foe put to sleep\n|clearpoke\n|poke|p1|Tentacruel, F|item\n|poke|p1|Rotom-Wash|item\n|poke|p1|Gastrodon, M|item\n|poke|p1|Seismitoad, M|item\n|poke|p1|Keldeo|item\n|poke|p1|Primarina, M|item\n|poke|p2|Shuckle, F|item\n|poke|p2|Scolipede, F|item\n|poke|p2|Heracross, M|item\n|poke|p2|Galvantula, F|item\n|poke|p2|Buzzwole|item\n|poke|p2|Yanmega, F|item\n|rule|HP Percentage Mod: HP is shown in percentages\n|rule|Mega Rayquaza Clause: You cannot mega evolve Rayquaza\n|teampreview\n|inactive|Battle timer is ON: inactive players will automatically lose when time's up. (requested by 1300ELO???????)\n|c|\u26061300ELO???????|nice\n|inactive|Chickpiee has 120 seconds left.\n|inactive|1300ELO??????? has 120 seconds left.\n|inactive|Chickpiee has 90 seconds left.\n|\n|t:|1612933155\n|start\n|switch|p1a: Tentacruel|Tentacruel, F|301\/301\n|switch|p2a: Galvantula|Galvantula, F|281\/281\n|-item|p1a: Tentacruel|Air Balloon\n|turn|1\n|c|\u26061300ELO???????|bug vs water\n|\n|t:|1612933164\n|move|p2a: Galvantula|Thunder|p1a: Tentacruel\n|-supereffective|p1a: Tentacruel\n|-damage|p1a: Tentacruel|43\/301\n|-status|p1a: Tentacruel|par\n|-enditem|p1a: Tentacruel|Air Balloon\n|move|p1a: Tentacruel|Hydro Pump|p2a: Galvantula\n|-damage|p2a: Galvantula|61\/281\n|\n|upkeep\n|turn|2\n|\n|t:|1612933173\n|move|p2a: Galvantula|Sticky Web|p1a: Tentacruel\n|-sidestart|p1: Chickpiee|move: Sticky Web\n|move|p1a: Tentacruel|Rapid Spin|p2a: Galvantula\n|-damage|p2a: Galvantula|45\/281\n|-sideend|p1: Chickpiee|Sticky Web|[from] move: Rapid Spin|[of] p1a: Tentacruel\n|\n|upkeep\n|turn|3\n|\n|t:|1612933180\n|move|p2a: Galvantula|Sticky Web|p1a: Tentacruel\n|-sidestart|p1: Chickpiee|move: Sticky Web\n|move|p1a: Tentacruel|Rapid Spin|p2a: Galvantula\n|-damage|p2a: Galvantula|30\/281\n|-sideend|p1: Chickpiee|Sticky Web|[from] move: Rapid Spin|[of] p1a: Tentacruel\n|\n|upkeep\n|turn|4\n|\n|t:|1612933183\n|move|p2a: Galvantula|Sticky Web|p1a: Tentacruel\n|-sidestart|p1: Chickpiee|move: Sticky Web\n|move|p1a: Tentacruel|Rapid Spin|p2a: Galvantula\n|-damage|p2a: Galvantula|14\/281\n|-sideend|p1: Chickpiee|Sticky Web|[from] move: Rapid Spin|[of] p1a: Tentacruel\n|\n|upkeep\n|turn|5\n|\n|t:|1612933190\n|move|p2a: Galvantula|Energy Ball|p1a: Tentacruel\n|-damage|p1a: Tentacruel|0 fnt\n|faint|p1a: Tentacruel\n|\n|upkeep\n|\n|t:|1612933194\n|switch|p1a: Keldeo|Keldeo|323\/323\n|turn|6\n|j| frtykrk\n|\n|t:|1612933196\n|move|p1a: Keldeo|Scald|p2a: Galvantula\n|-damage|p2a: Galvantula|0 fnt\n|faint|p2a: Galvantula\n|\n|upkeep\n|\n|t:|1612933209\n|switch|p2a: Shuckle|Shuckle, F|243\/243\n|turn|7\n|inactive|Chickpiee has 120 seconds left.\n|j| MTHGAMERAV\n|inactive|Chickpiee has 90 seconds left.\n|\n|t:|1612933293\n|move|p1a: Keldeo|Scald|p2a: Shuckle\n|-supereffective|p2a: Shuckle\n|-damage|p2a: Shuckle|105\/243\n|move|p2a: Shuckle|Sticky Web|p1a: Keldeo\n|-sidestart|p1: Chickpiee|move: Sticky Web\n|\n|upkeep\n|turn|8\n|\n|t:|1612933302\n|move|p1a: Keldeo|Scald|p2a: Shuckle\n|-supereffective|p2a: Shuckle\n|-damage|p2a: Shuckle|0 fnt\n|faint|p2a: Shuckle\n|\n|upkeep\n|\n|t:|1612933308\n|switch|p2a: Heracross|Heracross, M|301\/301\n|turn|9\n|\n|t:|1612933312\n|detailschange|p2a: Heracross|Heracross-Mega, M\n|-mega|p2a: Heracross|Heracross|Heracronite\n|move|p1a: Keldeo|Scald|p2a: Heracross\n|-damage|p2a: Heracross|156\/301\n|move|p2a: Heracross|Bullet Seed|p1a: Keldeo\n|-supereffective|p1a: Keldeo\n|-damage|p1a: Keldeo|233\/323\n|-supereffective|p1a: Keldeo\n|-damage|p1a: Keldeo|153\/323\n|-supereffective|p1a: Keldeo\n|-damage|p1a: Keldeo|71\/323\n|-supereffective|p1a: Keldeo\n|-damage|p1a: Keldeo|0 fnt\n|-hitcount|p1a: Keldeo|4\n|faint|p1a: Keldeo\n|\n|upkeep\n|\n|t:|1612933321\n|switch|p1a: Rotom|Rotom-Wash|303\/303\n|turn|10\n|\n|t:|1612933334\n|switch|p2a: Buzzwole|Buzzwole|355\/355\n|move|p1a: Rotom|Will-O-Wisp|p2a: Buzzwole\n|-status|p2a: Buzzwole|brn\n|\n|-damage|p2a: Buzzwole|333\/355 brn|[from] brn\n|upkeep\n|turn|11\n|\n|t:|1612933345\n|move|p2a: Buzzwole|Leech Life|p1a: Rotom\n|-damage|p1a: Rotom|249\/303\n|-heal|p2a: Buzzwole|355\/355 brn|[from] drain|[of] p1a: Rotom\n|move|p1a: Rotom|Defog|p2a: Buzzwole\n|-unboost|p2a: Buzzwole|evasion|1\n|-sideend|p1: Chickpiee|Sticky Web|[from] move: Defog|[of] p1a: Rotom\n|\n|-heal|p1a: Rotom|267\/303|[from] item: Leftovers\n|-damage|p2a: Buzzwole|333\/355 brn|[from] brn\n|upkeep\n|turn|12\n|l| MTHGAMERAV\n|\n|t:|1612933356\n|switch|p1a: Seismitoad|Seismitoad, M|351\/351\n|move|p2a: Buzzwole|Leech Life|p1a: Seismitoad\n|-damage|p1a: Seismitoad|255\/351\n|-heal|p2a: Buzzwole|355\/355 brn|[from] drain|[of] p1a: Seismitoad\n|\n|-damage|p2a: Buzzwole|333\/355 brn|[from] brn\n|upkeep\n|turn|13\n|\n|t:|1612933358\n|move|p2a: Buzzwole|Leech Life|p1a: Seismitoad\n|-damage|p1a: Seismitoad|152\/351\n|-heal|p2a: Buzzwole|355\/355 brn|[from] drain|[of] p1a: Seismitoad\n|move|p1a: Seismitoad|Stealth Rock|p2a: Buzzwole\n|-sidestart|p2: 1300ELO???????|move: Stealth Rock\n|\n|-damage|p2a: Buzzwole|333\/355 brn|[from] brn\n|upkeep\n|turn|14\n|\n|t:|1612933363\n|move|p2a: Buzzwole|Leech Life|p1a: Seismitoad\n|-damage|p1a: Seismitoad|62\/351\n|-heal|p2a: Buzzwole|355\/355 brn|[from] drain|[of] p1a: Seismitoad\n|-zpower|p1a: Seismitoad\n|move|p1a: Seismitoad|Hydro Vortex|p2a: Buzzwole|[zeffect]\n|-damage|p2a: Buzzwole|0 fnt\n|faint|p2a: Buzzwole\n|\n|upkeep\n|\n|t:|1612933391\n|switch|p2a: Yanmega|Yanmega, F|313\/313\n|-damage|p2a: Yanmega|157\/313|[from] Stealth Rock\n|turn|15\n|\n|t:|1612933396\n|move|p2a: Yanmega|Bug Buzz|p1a: Seismitoad\n|-damage|p1a: Seismitoad|0 fnt\n|faint|p1a: Seismitoad\n|\n|upkeep\n|\n|t:|1612933400\n|switch|p1a: Rotom|Rotom-Wash|267\/303\n|turn|16\n|\n|t:|1612933402\n|move|p2a: Yanmega|Bug Buzz|p1a: Rotom\n|-damage|p1a: Rotom|45\/303\n|move|p1a: Rotom|Volt Switch|p2a: Yanmega\n|-supereffective|p2a: Yanmega\n|-damage|p2a: Yanmega|0 fnt\n|faint|p2a: Yanmega\n|\n|t:|1612933413\n|switch|p1a: Gastrodon|Gastrodon, M|426\/426\n|\n|upkeep\n|\n|t:|1612933417\n|switch|p2a: Heracross|Heracross-Mega, M|156\/301\n|-damage|p2a: Heracross|119\/301|[from] Stealth Rock\n|turn|17\n|\n|t:|1612933428\n|switch|p1a: Rotom|Rotom-Wash|45\/303\n|move|p2a: Heracross|Bullet Seed|p1a: Rotom\n|-supereffective|p1a: Rotom\n|-damage|p1a: Rotom|0 fnt\n|-hitcount|p1a: Rotom|1\n|faint|p1a: Rotom\n|\n|upkeep\n|\n|t:|1612933430\n|switch|p1a: Primarina|Primarina, M|301\/301\n|turn|18\n|\n|t:|1612933433\n|move|p2a: Heracross|Bullet Seed|p1a: Primarina\n|-supereffective|p1a: Primarina\n|-damage|p1a: Primarina|199\/301\n|-supereffective|p1a: Primarina\n|-damage|p1a: Primarina|107\/301\n|-supereffective|p1a: Primarina\n|-damage|p1a: Primarina|7\/301\n|-supereffective|p1a: Primarina\n|-damage|p1a: Primarina|0 fnt\n|-hitcount|p1a: Primarina|4\n|faint|p1a: Primarina\n|\n|upkeep\n|\n|t:|1612933435\n|switch|p1a: Gastrodon|Gastrodon, M|426\/426\n|turn|19\n|c|\u26061300ELO???????|gg\n|\n|t:|1612933441\n|move|p2a: Heracross|Bullet Seed|p1a: Gastrodon\n|-supereffective|p1a: Gastrodon\n|-damage|p1a: Gastrodon|218\/426\n|-supereffective|p1a: Gastrodon\n|-damage|p1a: Gastrodon|26\/426\n|-supereffective|p1a: Gastrodon\n|-damage|p1a: Gastrodon|0 fnt\n|-hitcount|p1a: Gastrodon|3\n|faint|p1a: Gastrodon\n|\n|win|1300ELO???????\n|n|\u2606Chickpiee|chickpiee\n|n|\u26061300ELO???????|1300elo\n|n|*Lady Monita|ladymonita\n|n| frtykrk|frtykrk\n|l|*Lady Monita\n|l|\u2606Chickpiee\n","inputlog":">version cf8fd7843a172c74d1a58c0b98de1b0388598b50\n>version-origin 5333b4629d1677c10b87e0e576e576b35207ea7b\n>start {\"formatid\":\"gen7battlefactory\",\"seed\":[28510,64068,42143,3783],\"rated\":\"Tournament battle\"}\n>player p1 {\"name\":\"Chickpiee\",\"avatar\":\"caitlin\",\"team\":\"\",\"rating\":0,\"seed\":[39216,34016,5011,64492]}\n>player p2 {\"name\":\"1300ELO???????\",\"avatar\":\"102\",\"team\":\"\",\"rating\":0,\"seed\":[40578,4022,32259,23645]}\n>chat \u26061300ELO???????|nice\n>p1 team 1, 2, 3, 4, 5, 6\n>p2 team 4, 2, 3, 1, 5, 6\n>chat \u26061300ELO???????|bug vs water\n>p1 move hydropump\n>p2 move thunder\n>p1 move rapidspin\n>p2 move stickyweb\n>p1 move rapidspin\n>p2 move stickyweb\n>p1 move rapidspin\n>p2 move stickyweb\n>p1 move rapidspin\n>p2 move energyball\n>p1 switch 5\n>p1 move scald\n>p2 move thunder\n>p2 switch 4\n>p1 move scald\n>p2 move stickyweb\n>p1 move scald\n>p2 move knockoff\n>p2 switch 3\n>p1 move scald\n>p2 move bulletseed mega\n>p1 switch 2\n>p1 move willowisp\n>p2 switch 5\n>p1 move defog\n>p2 move leechlife\n>p1 switch 4\n>p2 move leechlife\n>p1 move stealthrock\n>p2 move leechlife\n>p1 move hydropump zmove\n>p2 move leechlife\n>p2 switch 6\n>p1 move hydropump\n>p2 move bugbuzz\n>p1 switch 4\n>p1 move voltswitch\n>p2 move bugbuzz\n>p1 switch 3\n>p2 switch 5\n>p1 switch 3\n>p2 move bulletseed\n>p1 switch 6\n>p1 move psychic\n>p2 move bulletseed\n>p1 switch 3\n>chat \u26061300ELO???????|gg\n>p1 move scald\n>p2 move bulletseed","uploadtime":1612933446,"views":21,"p1id":"chickpiee","p2id":"1300elo","formatid":"gen7battlefactory","rating":0,"private":0,"password":null}