{"id":"gen7ou-1660717171","p1":"bizarman","p2":"Philein","format":"gen7ou","log":"|j|\u2606bizarman\n|j|\u2606Philein\n|t:|1662805584\n|gametype|singles\n|player|p1|bizarman|scientist-gen4|1526\n|player|p2|Philein|lucas|1678\n|teamsize|p1|6\n|teamsize|p2|6\n|gen|7\n|tier|[Gen 7] OU\n|rated|\n|rule|Sleep Clause Mod: Limit one foe put to sleep\n|rule|Species Clause: Limit one of each Pok\u00e9mon\n|rule|OHKO Clause: OHKO moves are banned\n|rule|Moody Clause: Moody is banned\n|rule|Evasion Items Clause: Evasion items are banned\n|rule|Evasion Moves Clause: Evasion moves are banned\n|rule|Endless Battle Clause: Forcing endless battles is banned\n|rule|HP Percentage Mod: HP is shown in percentages\n|clearpoke\n|poke|p1|Alakazam, M|item\n|poke|p1|Hoopa-Unbound|item\n|poke|p1|Zapdos|item\n|poke|p1|Tapu Lele|item\n|poke|p1|Magearna|item\n|poke|p1|Landorus-Therian, M|item\n|poke|p2|Tapu Fini|item\n|poke|p2|Mawile, M|item\n|poke|p2|Kyurem-Black|item\n|poke|p2|Tapu Koko|item\n|poke|p2|Zapdos|item\n|poke|p2|Excadrill, M|item\n|teampreview\n|inactive|Battle timer is ON: inactive players will automatically lose when time's up. (requested by Philein)\n|\n|t:|1662805619\n|start\n|switch|p1a: Landorus|Landorus-Therian, M|100\/100\n|switch|p2a: Thomas l'imp\u00e9tueux|Tapu Koko|100\/100\n|-fieldstart|move: Electric Terrain|[from] ability: Electric Surge|[of] p2a: Thomas l'imp\u00e9tueux\n|-ability|p1a: Landorus|Intimidate|boost\n|-unboost|p2a: Thomas l'imp\u00e9tueux|atk|1\n|turn|1\n|\n|t:|1662805627\n|move|p2a: Thomas l'imp\u00e9tueux|Hidden Power|p1a: Landorus\n|-supereffective|p1a: Landorus\n|-damage|p1a: Landorus|16\/100\n|move|p1a: Landorus|Stealth Rock|p2a: Thomas l'imp\u00e9tueux\n|-sidestart|p2: Philein|move: Stealth Rock\n|\n|upkeep\n|turn|2\n|j| xijinpingwansui\n|\n|t:|1662805633\n|switch|p2a: Fils de Pasipha\u00e9|Excadrill, M|100\/100\n|-damage|p2a: Fils de Pasipha\u00e9|97\/100|[from] Stealth Rock\n|-ability|p2a: Fils de Pasipha\u00e9|Mold Breaker\n|switch|p1a: Magearna|Magearna|100\/100\n|\n|-heal|p2a: Fils de Pasipha\u00e9|100\/100|[from] item: Leftovers\n|upkeep\n|turn|3\n|\n|t:|1662805645\n|switch|p1a: Zapdos|Zapdos|100\/100\n|move|p2a: Fils de Pasipha\u00e9|Rapid Spin|p1a: Zapdos\n|-damage|p1a: Zapdos|96\/100\n|-sideend|p2: Philein|Stealth Rock|[from] move: Rapid Spin|[of] p2a: Fils de Pasipha\u00e9\n|\n|-heal|p1a: Zapdos|100\/100|[from] item: Leftovers\n|upkeep\n|turn|4\n|\n|t:|1662805653\n|move|p1a: Zapdos|Hidden Power|p2a: Fils de Pasipha\u00e9\n|-damage|p2a: Fils de Pasipha\u00e9|87\/100\n|move|p2a: Fils de Pasipha\u00e9|Toxic|p1a: Zapdos\n|-status|p1a: Zapdos|tox\n|\n|-heal|p2a: Fils de Pasipha\u00e9|93\/100|[from] item: Leftovers\n|-damage|p1a: Zapdos|94\/100 tox|[from] psn\n|upkeep\n|turn|5\n|\n|t:|1662805669\n|switch|p1a: Landorus|Landorus-Therian, M|16\/100\n|-ability|p1a: Landorus|Intimidate|boost\n|-unboost|p2a: Fils de Pasipha\u00e9|atk|1\n|move|p2a: Fils de Pasipha\u00e9|Toxic|p1a: Landorus\n|-status|p1a: Landorus|tox\n|\n|-heal|p2a: Fils de Pasipha\u00e9|99\/100|[from] item: Leftovers\n|-damage|p1a: Landorus|10\/100 tox|[from] psn\n|-fieldend|move: Electric Terrain\n|upkeep\n|turn|6\n|j| CM Reuni\n|\n|t:|1662805680\n|move|p1a: Landorus|Earthquake|p2a: Fils de Pasipha\u00e9\n|-supereffective|p2a: Fils de Pasipha\u00e9\n|-damage|p2a: Fils de Pasipha\u00e9|0 fnt\n|faint|p2a: Fils de Pasipha\u00e9\n|\n|-damage|p1a: Landorus|0 fnt|[from] psn\n|faint|p1a: Landorus\n|upkeep\n|\n|t:|1662805692\n|switch|p1a: Magearna|Magearna|100\/100\n|switch|p2a: Thomas l'imp\u00e9tueux|Tapu Koko|100\/100\n|-fieldstart|move: Electric Terrain|[from] ability: Electric Surge|[of] p2a: Thomas l'imp\u00e9tueux\n|turn|7\n|\n|t:|1662805701\n|move|p2a: Thomas l'imp\u00e9tueux|Volt Switch|p1a: Magearna\n|-damage|p1a: Magearna|81\/100\n|\n|t:|1662805702\n|switch|p2a: Emmeline|Zapdos|100\/100|[from]move: Volt Switch\n|move|p1a: Magearna|Fleur Cannon|p2a: Emmeline\n|-damage|p2a: Emmeline|47\/100\n|-unboost|p1a: Magearna|spa|2\n|\n|upkeep\n|turn|8\n|\n|t:|1662805712\n|move|p2a: Emmeline|Volt Switch|p1a: Magearna\n|-damage|p1a: Magearna|68\/100\n|\n|t:|1662805713\n|switch|p2a: Thomas l'imp\u00e9tueux|Tapu Koko|100\/100|[from]move: Volt Switch\n|move|p1a: Magearna|Volt Switch|p2a: Thomas l'imp\u00e9tueux\n|-resisted|p2a: Thomas l'imp\u00e9tueux\n|-damage|p2a: Thomas l'imp\u00e9tueux|88\/100\n|\n|t:|1662805720\n|switch|p1a: Tapu Lele|Tapu Lele|100\/100|[from]move: Volt Switch\n|-fieldstart|move: Psychic Terrain|[from] ability: Psychic Surge|[of] p1a: Tapu Lele\n|\n|upkeep\n|turn|9\n|\n|t:|1662805727\n|move|p2a: Thomas l'imp\u00e9tueux|Volt Switch|p1a: Tapu Lele\n|-damage|p1a: Tapu Lele|67\/100\n|\n|t:|1662805730\n|switch|p2a: Tapu Fini|Tapu Fini|100\/100|[from]move: Volt Switch\n|-fieldstart|move: Misty Terrain|[from] ability: Misty Surge|[of] p2a: Tapu Fini\n|move|p1a: Tapu Lele|Psychic|p2a: Tapu Fini\n|-damage|p2a: Tapu Fini|64\/100\n|\n|-heal|p2a: Tapu Fini|71\/100|[from] item: Leftovers\n|upkeep\n|turn|10\n|\n|t:|1662805740\n|move|p1a: Tapu Lele|Psychic|p2a: Tapu Fini\n|-damage|p2a: Tapu Fini|36\/100\n|move|p2a: Tapu Fini|Nature's Madness|p1a: Tapu Lele\n|-damage|p1a: Tapu Lele|34\/100\n|\n|-heal|p2a: Tapu Fini|42\/100|[from] item: Leftovers\n|upkeep\n|turn|11\n|\n|t:|1662805747\n|switch|p1a: Magearna|Magearna|68\/100\n|switch|p2a: Mawile|Mawile, M, shiny|100\/100\n|-ability|p2a: Mawile|Intimidate|boost\n|-unboost|p1a: Magearna|atk|1\n|\n|upkeep\n|turn|12\n|\n|t:|1662805756\n|switch|p1a: Zapdos|Zapdos|94\/100 tox\n|detailschange|p2a: Mawile|Mawile-Mega, M, shiny\n|-mega|p2a: Mawile|Mawile|Mawilite\n|move|p2a: Mawile|Knock Off|p1a: Zapdos\n|-damage|p1a: Zapdos|49\/100 tox\n|-enditem|p1a: Zapdos|Leftovers|[from] move: Knock Off|[of] p2a: Mawile\n|\n|-damage|p1a: Zapdos|43\/100 tox|[from] psn\n|upkeep\n|turn|13\n|\n|t:|1662805770\n|switch|p2a: Kyurem|Kyurem-Black|100\/100\n|-ability|p2a: Kyurem|Teravolt\n|move|p1a: Zapdos|Discharge|p2a: Kyurem\n|-resisted|p2a: Kyurem\n|-damage|p2a: Kyurem|85\/100\n|\n|-damage|p1a: Zapdos|30\/100 tox|[from] psn\n|-fieldend|Misty Terrain\n|upkeep\n|turn|14\n|\n|t:|1662805781\n|switch|p1a: Magearna|Magearna|68\/100\n|move|p2a: Kyurem|Substitute|p2a: Kyurem\n|-start|p2a: Kyurem|Substitute\n|-damage|p2a: Kyurem|60\/100\n|\n|upkeep\n|turn|15\n|\n|t:|1662805787\n|move|p2a: Kyurem|Fusion Bolt|p1a: Magearna\n|-damage|p1a: Magearna|35\/100\n|move|p1a: Magearna|Iron Head|p2a: Kyurem\n|-supereffective|p2a: Kyurem\n|-end|p2a: Kyurem|Substitute\n|\n|upkeep\n|turn|16\n|\n|t:|1662805801\n|-zpower|p2a: Kyurem\n|move|p2a: Kyurem|Subzero Slammer|p1a: Magearna|[zeffect]\n|-resisted|p1a: Magearna\n|-damage|p1a: Magearna|0 fnt\n|faint|p1a: Magearna\n|\n|upkeep\n|\n|t:|1662805809\n|switch|p1a: Tapu Lele|Tapu Lele|34\/100\n|-fieldstart|move: Psychic Terrain|[from] ability: Psychic Surge|[of] p1a: Tapu Lele\n|turn|17\n|\n|t:|1662805814\n|move|p1a: Tapu Lele|Moonblast|p2a: Kyurem\n|-supereffective|p2a: Kyurem\n|-damage|p2a: Kyurem|0 fnt\n|faint|p2a: Kyurem\n|\n|upkeep\n|\n|t:|1662805816\n|switch|p2a: Thomas l'imp\u00e9tueux|Tapu Koko|88\/100\n|-fieldstart|move: Electric Terrain|[from] ability: Electric Surge|[of] p2a: Thomas l'imp\u00e9tueux\n|turn|18\n|\n|t:|1662805843\n|switch|p1a: Zapdos|Zapdos|30\/100 tox\n|move|p2a: Thomas l'imp\u00e9tueux|Thunderbolt|p1a: Zapdos\n|-damage|p1a: Zapdos|0 fnt\n|faint|p1a: Zapdos\n|\n|upkeep\n|\n|t:|1662805849\n|switch|p1a: Hoopa|Hoopa-Unbound|100\/100\n|turn|19\n|\n|t:|1662805856\n|switch|p2a: Tapu Fini|Tapu Fini|42\/100\n|-fieldstart|move: Misty Terrain|[from] ability: Misty Surge|[of] p2a: Tapu Fini\n|move|p1a: Hoopa|Zen Headbutt|p2a: Tapu Fini\n|-damage|p2a: Tapu Fini|0 fnt\n|faint|p2a: Tapu Fini\n|\n|upkeep\n|\n|t:|1662805859\n|switch|p2a: Mawile|Mawile-Mega, M, shiny|100\/100\n|turn|20\n|inactive|bizarman has 120 seconds left.\n|\n|t:|1662805904\n|switch|p1a: Tapu Lele|Tapu Lele|34\/100\n|-fieldstart|move: Psychic Terrain|[from] ability: Psychic Surge|[of] p1a: Tapu Lele\n|move|p2a: Mawile|Play Rough|p1a: Tapu Lele\n|-damage|p1a: Tapu Lele|0 fnt\n|faint|p1a: Tapu Lele\n|\n|upkeep\n|\n|t:|1662805912\n|switch|p1a: Hoopa|Hoopa-Unbound|100\/100\n|turn|21\n|j| Serendipitying\n|\n|t:|1662805916\n|switch|p2a: Emmeline|Zapdos|47\/100\n|move|p1a: Hoopa|Fire Punch|p2a: Emmeline\n|-damage|p2a: Emmeline|17\/100\n|-damage|p1a: Hoopa|84\/100|[from] item: Rocky Helmet|[of] p2a: Emmeline\n|\n|upkeep\n|turn|22\n|\n|t:|1662805923\n|move|p1a: Hoopa|Fire Punch|p2a: Emmeline\n|-damage|p2a: Emmeline|0 fnt\n|-damage|p1a: Hoopa|67\/100|[from] item: Rocky Helmet|[of] p2a: Emmeline\n|faint|p2a: Emmeline\n|\n|upkeep\n|\n|t:|1662805927\n|switch|p2a: Thomas l'imp\u00e9tueux|Tapu Koko|88\/100\n|-fieldstart|move: Electric Terrain|[from] ability: Electric Surge|[of] p2a: Thomas l'imp\u00e9tueux\n|turn|23\n|\n|t:|1662805933\n|move|p2a: Thomas l'imp\u00e9tueux|U-turn|p1a: Hoopa\n|-supereffective|p1a: Hoopa\n|-damage|p1a: Hoopa|0 fnt\n|faint|p1a: Hoopa\n|\n|t:|1662805937\n|switch|p2a: Mawile|Mawile-Mega, M, shiny|100\/100|[from]move: U-turn\n|\n|upkeep\n|c|\u2606bizarman|gg\n|\n|t:|1662805941\n|switch|p1a: Alakazam|Alakazam, M|100\/100\n|turn|24\n|\n|t:|1662805945\n|detailschange|p1a: Alakazam|Alakazam-Mega, M\n|-mega|p1a: Alakazam|Alakazam|Alakazite\n|-ability|p1a: Alakazam|Huge Power|[from] ability: Trace|[of] p2a: Mawile\n|move|p1a: Alakazam|Focus Blast|p2a: Mawile|[miss]\n|-miss|p1a: Alakazam|p2a: Mawile\n|move|p2a: Mawile|Knock Off|p1a: Alakazam\n|-supereffective|p1a: Alakazam\n|-damage|p1a: Alakazam|0 fnt\n|faint|p1a: Alakazam\n|\n|win|Philein\n|raw|bizarman's rating: 1526 &rarr; <strong>1514<\/strong><br \/>(-12 for losing)\n|raw|Philein's rating: 1678 &rarr; <strong>1690<\/strong><br \/>(+12 for winning)\n|l|\u2606bizarman\n|l| CM Reuni\n","uploadtime":1662805964,"views":18,"p1id":"bizarman","p2id":"philein","formatid":"gen7ou","rating":1514,"private":0,"password":null}