{"id":"gen7ou-679676446","p1":"Moskito Cup","p2":"DoctorPhrog","format":"gen7ou","log":"|j|\u2606Moskito Cup\n|j|\u2606DoctorPhrog\n|player|p1|Moskito Cup|68\n|teamsize|p1|6\n|player|p2|DoctorPhrog|117\n|teamsize|p2|6\n|gametype|singles\n|gen|7\n|tier|[Gen 7] OU\n|rated||rule|Sleep Clause Mod: Limit one foe put to sleep\n|rule|Species Clause: Limit one of each Pok\u00e9mon\n|rule|OHKO Clause: OHKO moves are banned\n|rule|Moody Clause: Moody is banned\n|rule|Evasion Moves Clause: Evasion moves are banned\n|rule|Endless Battle Clause: Forcing endless battles is banned\n|rule|HP Percentage Mod: HP is shown in percentages\n|clearpoke\n|poke|p1|Venusaur, F|item\n|poke|p1|Keldeo-Resolute|item\n|poke|p1|Skarmory, F|item\n|poke|p1|Chansey, F|item\n|poke|p1|Heatran, F|item\n|poke|p1|Bisharp, M|item\n|poke|p2|Tapu Koko|item\n|poke|p2|Swampert, F|item\n|poke|p2|Ferrothorn, F|item\n|poke|p2|Hawlucha, F|item\n|poke|p2|Pelipper, F|item\n|poke|p2|Gengar, F|item\n|teampreview\n|raw|<div class=\"broadcast-red\"><strong>Moderated join is set to sync with modchat!<\/strong><br \/>Only users who can speak in modchat can join.<\/div>\n|c|\u2606Moskito Cup|\/log Moskito Cup set modjoin to sync with modchat.\n|raw|<div class=\"broadcast-red\"><strong>Moderated chat was set to +!<\/strong><br \/>Only users of rank + and higher can talk.<\/div>\n|c|\u2606Moskito Cup|\/log Moskito Cup made this room hidden.|\n|start\n|switch|p1a: Venusaur|Venusaur, F|100\/100\n|switch|p2a: Woodstock|Tapu Koko|100\/100\n|-fieldstart|move: Electric Terrain|[from] ability: Electric Surge|[of] p2a: Woodstock\n|turn|1\n|inactive|Battle timer is ON: inactive players will automatically lose when time's up. (requested by Moskito Cup)|\n|-mega|p1a: Venusaur|Venusaur|Venusaurite\n|detailschange|p1a: Venusaur|Venusaur-Mega, F\n|move|p2a: Woodstock|U-turn|p1a: Venusaur\n|-damage|p1a: Venusaur|86\/100|\n|switch|p2a: Mildred|Gengar, F|100\/100\n|move|p1a: Venusaur|Hidden Power|p2a: Mildred\n|-damage|p2a: Mildred|74\/100\n|\n|upkeep\n|turn|2\n|inactive|Moskito Cup has 135 seconds left.|\n|switch|p2a: Harvey|Pelipper, F|100\/100\n|-weather|RainDance|[from] ability: Drizzle|[of] p2a: Harvey\n|switch|p1a: Heatran|Heatran, F|100\/100\n|\n|-weather|RainDance|[upkeep]\n|upkeep\n|turn|3|\n|move|p1a: Heatran|Stealth Rock|p2a: Harvey\n|-sidestart|p2: DoctorPhrog|move: Stealth Rock\n|move|p2a: Harvey|U-turn|p1a: Heatran\n|-resisted|p1a: Heatran\n|-damage|p1a: Heatran|99\/100|\n|switch|p2a: Andrias|Swampert, F|100\/100\n|-damage|p2a: Andrias|94\/100|[from] Stealth Rock\n|\n|-weather|RainDance|[upkeep]\n|-heal|p1a: Heatran|100\/100|[from] item: Leftovers\n|upkeep\n|turn|4|\n|-mega|p2a: Andrias|Swampert|Swampertite\n|detailschange|p2a: Andrias|Swampert-Mega, F\n|move|p2a: Andrias|Stealth Rock|p1a: Heatran\n|-sidestart|p1: Moskito Cup|move: Stealth Rock\n|move|p1a: Heatran|Toxic|p2a: Andrias\n|-status|p2a: Andrias|tox\n|\n|-weather|RainDance|[upkeep]\n|-damage|p2a: Andrias|88\/100 tox|[from] psn\n|upkeep\n|turn|5|\n|move|p2a: Andrias|Waterfall|p1a: Heatran\n|-supereffective|p1a: Heatran\n|-damage|p1a: Heatran|0 fnt\n|faint|p1a: Heatran\n|\n|-weather|RainDance|[upkeep]\n|-damage|p2a: Andrias|76\/100 tox|[from] psn\n|-fieldend|move: Electric Terrain\n|upkeep|\n|switch|p1a: Venusaur|Venusaur-Mega, F|86\/100\n|-damage|p1a: Venusaur|74\/100|[from] Stealth Rock\n|turn|6|\n|switch|p2a: Cactus Bot|Ferrothorn, F|100\/100\n|-damage|p2a: Cactus Bot|94\/100|[from] Stealth Rock\n|move|p1a: Venusaur|Giga Drain|p2a: Cactus Bot\n|-resisted|p2a: Cactus Bot\n|-damage|p2a: Cactus Bot|88\/100\n|-heal|p1a: Venusaur|77\/100|[from] drain|[of] p2a: Cactus Bot\n|\n|-weather|RainDance|[upkeep]\n|-heal|p2a: Cactus Bot|95\/100|[from] item: Leftovers\n|upkeep\n|turn|7|\n|move|p1a: Venusaur|Hidden Power|p2a: Cactus Bot\n|-supereffective|p2a: Cactus Bot\n|-damage|p2a: Cactus Bot|72\/100\n|move|p2a: Cactus Bot|Spikes|p1a: Venusaur\n|-sidestart|p1: Moskito Cup|Spikes\n|\n|-weather|RainDance|[upkeep]\n|-heal|p2a: Cactus Bot|78\/100|[from] item: Leftovers\n|upkeep\n|turn|8|\n|switch|p2a: Tony Hawk|Hawlucha, F|100\/100\n|-damage|p2a: Tony Hawk|88\/100|[from] Stealth Rock\n|move|p1a: Venusaur|Hidden Power|p2a: Tony Hawk\n|-damage|p2a: Tony Hawk|75\/100\n|\n|-weather|RainDance|[upkeep]\n|upkeep\n|turn|9|\n|switch|p2a: Mildred|Gengar, F|74\/100\n|-damage|p2a: Mildred|62\/100|[from] Stealth Rock\n|move|p1a: Venusaur|Sludge Bomb|p2a: Mildred\n|-resisted|p2a: Mildred\n|-damage|p2a: Mildred|46\/100\n|-start|p1a: Venusaur|Disable|Sludge Bomb|[from] ability: Cursed Body|[of] p2a: Mildred\n|\n|-weather|none\n|upkeep\n|turn|10|\n|move|p2a: Mildred|Sludge Wave|p1a: Venusaur\n|-damage|p1a: Venusaur|36\/100\n|move|p1a: Venusaur|Synthesis|p1a: Venusaur\n|-heal|p1a: Venusaur|86\/100\n|\n|upkeep\n|turn|11|\n|switch|p1a: Bisharp|Bisharp, M|100\/100\n|-damage|p1a: Bisharp|94\/100|[from] Stealth Rock\n|-damage|p1a: Bisharp|82\/100|[from] Spikes\n|move|p2a: Mildred|Sludge Wave|p1a: Bisharp\n|-immune|p1a: Bisharp|[msg]\n|\n|-heal|p1a: Bisharp|88\/100|[from] item: Leftovers\n|upkeep\n|turn|12|\n|switch|p2a: Woodstock|Tapu Koko|100\/100\n|-damage|p2a: Woodstock|88\/100|[from] Stealth Rock\n|-fieldstart|move: Electric Terrain|[from] ability: Electric Surge|[of] p2a: Woodstock\n|move|p1a: Bisharp|Swords Dance|p1a: Bisharp\n|-boost|p1a: Bisharp|atk|2\n|\n|-heal|p1a: Bisharp|94\/100|[from] item: Leftovers\n|upkeep\n|turn|13|\n|move|p1a: Bisharp|Sucker Punch|p2a: Woodstock\n|-resisted|p2a: Woodstock\n|-damage|p2a: Woodstock|29\/100\n|-zpower|p2a: Woodstock\n|move|p2a: Woodstock|Gigavolt Havoc|p1a: Bisharp|[zeffect]\n|-damage|p1a: Bisharp|0 fnt\n|faint|p1a: Bisharp\n|\n|upkeep|\n|switch|p1a: Venusaur|Venusaur-Mega, F|86\/100\n|-damage|p1a: Venusaur|74\/100|[from] Stealth Rock\n|-damage|p1a: Venusaur|61\/100|[from] Spikes\n|turn|14|\n|move|p2a: Woodstock|Brave Bird|p1a: Venusaur\n|-supereffective|p1a: Venusaur\n|-damage|p1a: Venusaur|14\/100\n|-damage|p2a: Woodstock|9\/100|[from] Recoil|[of] p1a: Venusaur\n|move|p1a: Venusaur|Synthesis|p1a: Venusaur\n|-heal|p1a: Venusaur|64\/100\n|\n|upkeep\n|turn|15|\n|move|p2a: Woodstock|Brave Bird|p1a: Venusaur\n|-supereffective|p1a: Venusaur\n|-damage|p1a: Venusaur|17\/100\n|-damage|p2a: Woodstock|0 fnt|[from] Recoil|[of] p1a: Venusaur\n|faint|p2a: Woodstock\n|move|p1a: Venusaur|Synthesis|p1a: Venusaur\n|-heal|p1a: Venusaur|67\/100\n|\n|upkeep|\n|switch|p2a: Tony Hawk|Hawlucha, F|75\/100\n|-enditem|p2a: Tony Hawk|Electric Seed\n|-boost|p2a: Tony Hawk|def|1\n|-damage|p2a: Tony Hawk|62\/100|[from] Stealth Rock\n|turn|16|\n|move|p2a: Tony Hawk|Acrobatics|p1a: Venusaur\n|-supereffective|p1a: Venusaur\n|-damage|p1a: Venusaur|9\/100\n|move|p1a: Venusaur|Sludge Bomb|p2a: Tony Hawk\n|-damage|p2a: Tony Hawk|0 fnt\n|faint|p2a: Tony Hawk\n|\n|-fieldend|move: Electric Terrain\n|upkeep|\n|switch|p2a: Mildred|Gengar, F|46\/100\n|-damage|p2a: Mildred|33\/100|[from] Stealth Rock\n|turn|17|\n|switch|p1a: Chansey|Chansey, F|100\/100\n|-damage|p1a: Chansey|88\/100|[from] Spikes\n|-damage|p1a: Chansey|76\/100|[from] Stealth Rock\n|move|p2a: Mildred|Shadow Ball|p1a: Chansey\n|-immune|p1a: Chansey|[msg]\n|\n|upkeep\n|turn|18|\n|switch|p2a: Cactus Bot|Ferrothorn, F|78\/100\n|-damage|p2a: Cactus Bot|72\/100|[from] Stealth Rock\n|move|p1a: Chansey|Thunder Wave|p2a: Cactus Bot|[miss]\n|-miss|p1a: Chansey|p2a: Cactus Bot\n|\n|-heal|p2a: Cactus Bot|78\/100|[from] item: Leftovers\n|upkeep\n|turn|19|\n|switch|p2a: Harvey|Pelipper, F|100\/100\n|-damage|p2a: Harvey|76\/100|[from] Stealth Rock\n|-weather|RainDance|[from] ability: Drizzle|[of] p2a: Harvey\n|move|p1a: Chansey|Soft-Boiled|p1a: Chansey\n|-heal|p1a: Chansey|100\/100\n|\n|-weather|RainDance|[upkeep]\n|upkeep\n|turn|20|\n|move|p2a: Harvey|Scald|p1a: Chansey\n|-damage|p1a: Chansey|87\/100\n|-status|p1a: Chansey|brn\n|move|p1a: Chansey|Seismic Toss|p2a: Harvey\n|-damage|p2a: Harvey|45\/100\n|\n|-weather|RainDance|[upkeep]\n|-damage|p1a: Chansey|81\/100 brn|[from] brn\n|upkeep\n|turn|21|\n|move|p2a: Harvey|Roost|p2a: Harvey\n|-heal|p2a: Harvey|95\/100\n|move|p1a: Chansey|Aromatherapy|p1a: Chansey\n|-activate|p1a: Chansey|move: Aromatherapy\n|-curestatus|p1a: Chansey|brn|[msg]\n|\n|-weather|RainDance|[upkeep]\n|upkeep\n|turn|22|\n|move|p2a: Harvey|Scald|p1a: Chansey\n|-damage|p1a: Chansey|69\/100\n|-status|p1a: Chansey|brn\n|move|p1a: Chansey|Seismic Toss|p2a: Harvey\n|-damage|p2a: Harvey|64\/100\n|\n|-weather|RainDance|[upkeep]\n|-damage|p1a: Chansey|63\/100 brn|[from] brn\n|upkeep\n|turn|23|\n|move|p2a: Harvey|U-turn|p1a: Chansey\n|-damage|p1a: Chansey|58\/100 brn|\n|switch|p2a: Mildred|Gengar, F|33\/100\n|-damage|p2a: Mildred|21\/100|[from] Stealth Rock\n|move|p1a: Chansey|Soft-Boiled|p1a: Chansey\n|-heal|p1a: Chansey|100\/100 brn\n|\n|-weather|RainDance|[upkeep]\n|-damage|p1a: Chansey|94\/100 brn|[from] brn\n|upkeep\n|turn|24|\n|-curestatus|p1a: Chansey|brn|[from] ability: Natural Cure\n|switch|p1a: Venusaur|Venusaur-Mega, F|9\/100\n|-damage|p1a: Venusaur|0 fnt|[from] Spikes\n|faint|p1a: Venusaur\n|move|p2a: Mildred|Trick|p1: Venusaur|[notarget]\n|-notarget\n|\n|-weather|RainDance|[upkeep]\n|upkeep|\n|switch|p1a: Keldeo|Keldeo-Resolute|100\/100\n|-damage|p1a: Keldeo|94\/100|[from] Stealth Rock\n|-damage|p1a: Keldeo|82\/100|[from] Spikes\n|turn|25|\n|move|p2a: Mildred|Trick|p1a: Keldeo\n|-activate|p2a: Mildred|move: Trick|[of] p1a: Keldeo\n|-item|p1a: Keldeo|Choice Scarf|[from] move: Trick\n|-item|p2a: Mildred|Leftovers|[from] move: Trick\n|move|p1a: Keldeo|Scald|p2a: Mildred\n|-damage|p2a: Mildred|0 fnt\n|faint|p2a: Mildred\n|\n|-weather|RainDance|[upkeep]\n|upkeep|\n|switch|p2a: Cactus Bot|Ferrothorn, F|78\/100\n|-damage|p2a: Cactus Bot|72\/100|[from] Stealth Rock\n|turn|26|\n|move|p1a: Keldeo|Scald|p2a: Cactus Bot\n|-resisted|p2a: Cactus Bot\n|-damage|p2a: Cactus Bot|50\/100\n|move|p2a: Cactus Bot|Leech Seed|p1a: Keldeo\n|-start|p1a: Keldeo|move: Leech Seed\n|\n|-weather|none\n|-heal|p2a: Cactus Bot|56\/100|[from] item: Leftovers\n|-damage|p1a: Keldeo|70\/100|[from] Leech Seed|[of] p2a: Cactus Bot\n|-heal|p2a: Cactus Bot|68\/100|[silent]\n|upkeep\n|turn|27|\n|switch|p1a: Skarmory|Skarmory, F|100\/100\n|-damage|p1a: Skarmory|88\/100|[from] Stealth Rock\n|move|p2a: Cactus Bot|Spikes|p1a: Skarmory\n|-sidestart|p1: Moskito Cup|Spikes\n|\n|-heal|p2a: Cactus Bot|74\/100|[from] item: Leftovers\n|upkeep\n|turn|28|\n|move|p1a: Skarmory|Spikes|p2a: Cactus Bot\n|-sidestart|p2: DoctorPhrog|Spikes\n|move|p2a: Cactus Bot|Leech Seed|p1a: Skarmory\n|-start|p1a: Skarmory|move: Leech Seed\n|\n|-heal|p2a: Cactus Bot|80\/100|[from] item: Leftovers\n|-damage|p1a: Skarmory|76\/100|[from] Leech Seed|[of] p2a: Cactus Bot\n|-heal|p2a: Cactus Bot|92\/100|[silent]\n|upkeep\n|turn|29|\n|switch|p1a: Chansey|Chansey, F|94\/100\n|-damage|p1a: Chansey|78\/100|[from] Spikes\n|-damage|p1a: Chansey|65\/100|[from] Stealth Rock\n|move|p2a: Cactus Bot|Spikes|p1a: Chansey\n|-sidestart|p1: Moskito Cup|Spikes\n|\n|-heal|p2a: Cactus Bot|98\/100|[from] item: Leftovers\n|upkeep\n|turn|30|\n|move|p1a: Chansey|Thunder Wave|p2a: Cactus Bot\n|-status|p2a: Cactus Bot|par\n|move|p2a: Cactus Bot|Leech Seed|p1a: Chansey\n|-start|p1a: Chansey|move: Leech Seed\n|\n|-heal|p2a: Cactus Bot|100\/100 par|[from] item: Leftovers\n|-damage|p1a: Chansey|53\/100|[from] Leech Seed|[of] p2a: Cactus Bot\n|upkeep\n|turn|31|\n|switch|p1a: Skarmory|Skarmory, F|76\/100\n|-damage|p1a: Skarmory|64\/100|[from] Stealth Rock\n|switch|p2a: Andrias|Swampert-Mega, F|76\/100 tox\n|-damage|p2a: Andrias|70\/100 tox|[from] Stealth Rock\n|-damage|p2a: Andrias|57\/100 tox|[from] Spikes\n|\n|-damage|p2a: Andrias|51\/100 tox|[from] psn\n|upkeep\n|turn|32|\n|switch|p2a: Cactus Bot|Ferrothorn, F|100\/100 par\n|-damage|p2a: Cactus Bot|88\/100 par|[from] Spikes\n|-damage|p2a: Cactus Bot|82\/100 par|[from] Stealth Rock\n|move|p1a: Skarmory|Roost|p1a: Skarmory\n|-heal|p1a: Skarmory|100\/100\n|\n|-heal|p2a: Cactus Bot|88\/100 par|[from] item: Leftovers\n|upkeep\n|turn|33|\n|move|p1a: Skarmory|Spikes|p2a: Cactus Bot\n|-sidestart|p2: DoctorPhrog|Spikes\n|move|p2a: Cactus Bot|Leech Seed|p1a: Skarmory\n|-start|p1a: Skarmory|move: Leech Seed\n|\n|-heal|p2a: Cactus Bot|94\/100 par|[from] item: Leftovers\n|-damage|p1a: Skarmory|88\/100|[from] Leech Seed|[of] p2a: Cactus Bot\n|-heal|p2a: Cactus Bot|100\/100 par|[silent]\n|upkeep\n|turn|34|\n|move|p2a: Cactus Bot|Gyro Ball|p1a: Skarmory\n|-resisted|p1a: Skarmory\n|-damage|p1a: Skarmory|73\/100\n|-damage|p2a: Cactus Bot|84\/100 par|[from] item: Rocky Helmet|[of] p1a: Skarmory\n|move|p1a: Skarmory|Whirlwind|p2a: Cactus Bot\n|drag|p2a: Andrias|Swampert-Mega, F|51\/100 tox\n|-damage|p2a: Andrias|35\/100 tox|[from] Spikes\n|-damage|p2a: Andrias|29\/100 tox|[from] Stealth Rock\n|\n|-damage|p1a: Skarmory|61\/100|[from] Leech Seed|[of] p2a: Andrias\n|-heal|p2a: Andrias|41\/100 tox|[silent]\n|-damage|p2a: Andrias|35\/100 tox|[from] psn\n|upkeep\n|turn|35|\n|move|p2a: Andrias|Ice Punch|p1a: Skarmory\n|-damage|p1a: Skarmory|41\/100\n|-damage|p2a: Andrias|18\/100 tox|[from] item: Rocky Helmet|[of] p1a: Skarmory\n|move|p1a: Skarmory|Whirlwind|p2a: Andrias\n|drag|p2a: Cactus Bot|Ferrothorn, F|84\/100 par\n|-damage|p2a: Cactus Bot|78\/100 par|[from] Stealth Rock\n|-damage|p2a: Cactus Bot|61\/100 par|[from] Spikes\n|\n|-heal|p2a: Cactus Bot|68\/100 par|[from] item: Leftovers\n|-damage|p1a: Skarmory|29\/100|[from] Leech Seed|[of] p2a: Cactus Bot\n|-heal|p2a: Cactus Bot|79\/100 par|[silent]\n|upkeep\n|turn|36|\n|switch|p2a: Harvey|Pelipper, F|64\/100\n|-damage|p2a: Harvey|39\/100|[from] Stealth Rock\n|-weather|RainDance|[from] ability: Drizzle|[of] p2a: Harvey\n|move|p1a: Skarmory|Spikes|p2a: Harvey\n|-sidestart|p2: DoctorPhrog|Spikes\n|\n|-weather|RainDance|[upkeep]\n|-damage|p1a: Skarmory|16\/100|[from] Leech Seed|[of] p2a: Harvey\n|-heal|p2a: Harvey|52\/100|[silent]\n|upkeep\n|turn|37|\n|move|p1a: Skarmory|Roost|p1a: Skarmory\n|-heal|p1a: Skarmory|67\/100\n|move|p2a: Harvey|Roost|p2a: Harvey\n|-heal|p2a: Harvey|100\/100\n|\n|-weather|RainDance|[upkeep]\n|-damage|p1a: Skarmory|54\/100|[from] Leech Seed|[of] p2a: Harvey\n|upkeep\n|turn|38|\n|move|p1a: Skarmory|Brave Bird|p2a: Harvey\n|-damage|p2a: Harvey|74\/100\n|-damage|p1a: Skarmory|46\/100|[from] Recoil|[of] p2a: Harvey\n|move|p2a: Harvey|Scald|p1a: Skarmory\n|-damage|p1a: Skarmory|3\/100\n|\n|-weather|RainDance|[upkeep]\n|-damage|p1a: Skarmory|0 fnt|[from] Leech Seed|[of] p2a: Harvey\n|-heal|p2a: Harvey|76\/100|[silent]\n|upkeep\n|faint|p1a: Skarmory|\n|switch|p1a: Chansey|Chansey, F|53\/100\n|-damage|p1a: Chansey|28\/100|[from] Spikes\n|-damage|p1a: Chansey|16\/100|[from] Stealth Rock\n|turn|39|\n|move|p2a: Harvey|Scald|p1a: Chansey\n|-damage|p1a: Chansey|3\/100\n|move|p1a: Chansey|Soft-Boiled|p1a: Chansey\n|-heal|p1a: Chansey|53\/100\n|\n|-weather|RainDance|[upkeep]\n|upkeep\n|turn|40|\n|move|p2a: Harvey|Roost|p2a: Harvey\n|-heal|p2a: Harvey|100\/100\n|move|p1a: Chansey|Seismic Toss|p2a: Harvey\n|-damage|p2a: Harvey|70\/100\n|\n|-weather|RainDance|[upkeep]\n|upkeep\n|turn|41|\n|move|p2a: Harvey|Scald|p1a: Chansey\n|-damage|p1a: Chansey|40\/100\n|move|p1a: Chansey|Soft-Boiled|p1a: Chansey\n|-heal|p1a: Chansey|90\/100\n|\n|-weather|RainDance|[upkeep]\n|upkeep\n|turn|42|\n|move|p2a: Harvey|U-turn|p1a: Chansey\n|-damage|p1a: Chansey|85\/100|\n|switch|p2a: Andrias|Swampert-Mega, F|18\/100 tox\n|-damage|p2a: Andrias|0 fnt|[from] Spikes\n|faint|p2a: Andrias\n|move|p1a: Chansey|Thunder Wave|p2: Andrias|[notarget]\n|-notarget\n|\n|-weather|RainDance|[upkeep]\n|upkeep|\n|switch|p2a: Cactus Bot|Ferrothorn, F|79\/100 par\n|-damage|p2a: Cactus Bot|73\/100 par|[from] Stealth Rock\n|-damage|p2a: Cactus Bot|48\/100 par|[from] Spikes\n|turn|43|\n|switch|p1a: Keldeo|Keldeo-Resolute|70\/100\n|-damage|p1a: Keldeo|45\/100|[from] Spikes\n|-damage|p1a: Keldeo|38\/100|[from] Stealth Rock\n|cant|p2a: Cactus Bot|par\n|\n|-weather|none\n|-heal|p2a: Cactus Bot|54\/100 par|[from] item: Leftovers\n|upkeep\n|turn|44|\n|cant|p2a: Cactus Bot|par\n|move|p1a: Keldeo|Secret Sword|p2a: Cactus Bot\n|-supereffective|p2a: Cactus Bot\n|-damage|p2a: Cactus Bot|0 fnt\n|faint|p2a: Cactus Bot\n|\n|upkeep|\n|switch|p2a: Harvey|Pelipper, F|70\/100\n|-damage|p2a: Harvey|45\/100|[from] Stealth Rock\n|-weather|RainDance|[from] ability: Drizzle|[of] p2a: Harvey\n|turn|45\n|c|\u2606Moskito Cup|how bad you are\n|c|\u2606DoctorPhrog|lmao\n|inactive|DoctorPhrog has 135 seconds left.\n|c|\u2606DoctorPhrog|this is the first time uve won in like 10 games|\n|switch|p1a: Chansey|Chansey, F|85\/100\n|-damage|p1a: Chansey|73\/100|[from] Stealth Rock\n|-damage|p1a: Chansey|48\/100|[from] Spikes\n|move|p2a: Harvey|Roost|p2a: Harvey\n|-heal|p2a: Harvey|95\/100\n|\n|-weather|RainDance|[upkeep]\n|upkeep\n|turn|46\n|c|\u2606Moskito Cup|in your dreams|\n|move|p2a: Harvey|Hurricane|p1a: Chansey\n|-damage|p1a: Chansey|37\/100\n|move|p1a: Chansey|Soft-Boiled|p1a: Chansey\n|-heal|p1a: Chansey|87\/100\n|\n|-weather|RainDance|[upkeep]\n|upkeep\n|turn|47\n|c|\u2606DoctorPhrog|would u like the replays\n|c|\u2606DoctorPhrog|i know u love them|\n|move|p2a: Harvey|Scald|p1a: Chansey\n|-damage|p1a: Chansey|73\/100\n|move|p1a: Chansey|Thunder Wave|p2a: Harvey\n|-status|p2a: Harvey|par\n|\n|-weather|RainDance|[upkeep]\n|upkeep\n|turn|48\n|c|\u2606Moskito Cup|hahaha\n|c|\u2606Moskito Cup|salty loser\n|c|\u2606DoctorPhrog|idfc|\n|move|p1a: Chansey|Seismic Toss|p2a: Harvey\n|-damage|p2a: Harvey|64\/100 par\n|move|p2a: Harvey|Scald|p1a: Chansey\n|-crit|p1a: Chansey\n|-damage|p1a: Chansey|54\/100\n|\n|-weather|RainDance|[upkeep]\n|upkeep\n|turn|49\n|c|\u2606DoctorPhrog|i play once like every 2 weeks now|\n|move|p1a: Chansey|Soft-Boiled|p1a: Chansey\n|-heal|p1a: Chansey|100\/100\n|cant|p2a: Harvey|par\n|\n|-weather|RainDance|[upkeep]\n|upkeep\n|turn|50|\n|move|p1a: Chansey|Seismic Toss|p2a: Harvey\n|-damage|p2a: Harvey|33\/100 par\n|move|p2a: Harvey|Scald|p1a: Chansey\n|-damage|p1a: Chansey|88\/100\n|-status|p1a: Chansey|brn\n|\n|-weather|RainDance|[upkeep]\n|-damage|p1a: Chansey|82\/100 brn|[from] brn\n|upkeep\n|turn|51|\n|move|p1a: Chansey|Aromatherapy|p1a: Chansey\n|-activate|p1a: Chansey|move: Aromatherapy\n|-curestatus|p1a: Chansey|brn|[msg]\n|move|p2a: Harvey|Roost|p2a: Harvey\n|-heal|p2a: Harvey|83\/100 par\n|\n|-weather|RainDance|[upkeep]\n|upkeep\n|turn|52|\n|move|p1a: Chansey|Seismic Toss|p2a: Harvey\n|-damage|p2a: Harvey|52\/100 par\n|move|p2a: Harvey|Scald|p1a: Chansey\n|-damage|p1a: Chansey|69\/100\n|\n|-weather|none\n|upkeep\n|turn|53|\n|move|p1a: Chansey|Seismic Toss|p2a: Harvey\n|-damage|p2a: Harvey|21\/100 par\n|move|p2a: Harvey|Roost|p2a: Harvey\n|-heal|p2a: Harvey|71\/100 par\n|\n|upkeep\n|turn|54|\n|move|p1a: Chansey|Seismic Toss|p2a: Harvey\n|-damage|p2a: Harvey|40\/100 par\n|move|p2a: Harvey|Hurricane|p1a: Chansey|[miss]\n|-miss|p2a: Harvey|p1a: Chansey\n|\n|upkeep\n|turn|55|\n|move|p1a: Chansey|Seismic Toss|p2a: Harvey\n|-damage|p2a: Harvey|9\/100 par\n|cant|p2a: Harvey|par\n|\n|upkeep\n|turn|56\n|-message|DoctorPhrog forfeited.\n|\n|win|Moskito Cup\n|l|\u2606DoctorPhrog\n|raw|Moskito Cup's rating: 1982 &rarr; <strong>1997<\/strong><br \/>(+15 for winning)\n|raw|DoctorPhrog's rating: 1898 &rarr; <strong>1883<\/strong><br \/>(-15 for losing)\n|c|\u2606Moskito Cup|\/log Moskito Cup made this room public.\n","inputlog":null,"uploadtime":1514273163,"views":281,"p1id":"moskitocup","p2id":"doctorphrog","formatid":"gen7ou","rating":1883,"private":0,"password":null}