{"id":"gen7uu-844452350","p1":"Jakkkkkka","p2":"usmrw3 buke","format":"gen7uu","log":"|j|\u2606Jakkkkkka\n|j|\u2606usmrw3 buke\n|player|p1|Jakkkkkka|137\n|player|p2|usmrw3 buke|101\n|teamsize|p1|6\n|teamsize|p2|6\n|gametype|singles\n|gen|7\n|tier|[Gen 7] UU\n|rated|\n|rule|Sleep Clause Mod: Limit one foe put to sleep\n|rule|Species Clause: Limit one of each Pok\u00e9mon\n|rule|OHKO Clause: OHKO moves are banned\n|rule|Moody Clause: Moody is banned\n|rule|Evasion Moves Clause: Evasion moves are banned\n|rule|Endless Battle Clause: Forcing endless battles is banned\n|rule|HP Percentage Mod: HP is shown in percentages\n|clearpoke\n|poke|p1|Swampert, M|item\n|poke|p1|Hydreigon, M|item\n|poke|p1|Scizor, M|item\n|poke|p1|Sylveon, M|item\n|poke|p1|Manectric, M|item\n|poke|p1|Nidoking, M|item\n|poke|p2|Zeraora|item\n|poke|p2|Primarina, F|item\n|poke|p2|Terrakion|item\n|poke|p2|Moltres|item\n|poke|p2|Bronzong|item\n|poke|p2|Gligar, M|item\n|teampreview\n|inactive|Battle timer is ON: inactive players will automatically lose when time's up. (requested by usmrw3 buke)\n|\n|start\n|switch|p1a: Swampert|Swampert, M|100\/100\n|switch|p2a: Zeraora|Zeraora|100\/100\n|turn|1\n|\n|switch|p1a: Hydreigon|Hydreigon, M|100\/100\n|move|p2a: Zeraora|Calm Mind|p2a: Zeraora\n|-boost|p2a: Zeraora|spa|1\n|-boost|p2a: Zeraora|spd|1\n|\n|upkeep\n|turn|2\n|\n|move|p2a: Zeraora|Hidden Power|p1a: Hydreigon\n|-supereffective|p1a: Hydreigon\n|-damage|p1a: Hydreigon|49\/100\n|move|p1a: Hydreigon|Dark Pulse|p2a: Zeraora\n|-damage|p2a: Zeraora|76\/100\n|\n|upkeep\n|turn|3\n|\n|switch|p1a: Sylveon|Sylveon, M|100\/100\n|move|p2a: Zeraora|Hidden Power|p1a: Sylveon\n|-damage|p1a: Sylveon|87\/100\n|\n|-heal|p1a: Sylveon|93\/100|[from] item: Leftovers\n|upkeep\n|turn|4\n|\n|move|p2a: Zeraora|Thunderbolt|p1a: Sylveon\n|-damage|p1a: Sylveon|62\/100\n|move|p1a: Sylveon|Moonblast|p2a: Zeraora\n|-damage|p2a: Zeraora|48\/100\n|\n|-heal|p1a: Sylveon|68\/100|[from] item: Leftovers\n|upkeep\n|turn|5\n|\n|move|p2a: Zeraora|Thunderbolt|p1a: Sylveon\n|-damage|p1a: Sylveon|37\/100\n|move|p1a: Sylveon|Wish|p1a: Sylveon\n|\n|-heal|p1a: Sylveon|43\/100|[from] item: Leftovers\n|upkeep\n|turn|6\n|\n|move|p2a: Zeraora|Calm Mind|p2a: Zeraora\n|-boost|p2a: Zeraora|spa|1\n|-boost|p2a: Zeraora|spd|1\n|move|p1a: Sylveon|Moonblast|p2a: Zeraora\n|-damage|p2a: Zeraora|28\/100\n|-unboost|p2a: Zeraora|spa|1\n|\n|-heal|p1a: Sylveon|93\/100|[from] move: Wish|[wisher] Sylveon\n|-heal|p1a: Sylveon|99\/100|[from] item: Leftovers\n|upkeep\n|turn|7\n|\n|move|p2a: Zeraora|Thunderbolt|p1a: Sylveon\n|-damage|p1a: Sylveon|69\/100\n|move|p1a: Sylveon|Wish|p1a: Sylveon\n|\n|-heal|p1a: Sylveon|75\/100|[from] item: Leftovers\n|upkeep\n|turn|8\n|\n|switch|p2a: Bronzong|Bronzong|100\/100\n|move|p1a: Sylveon|Moonblast|p2a: Bronzong\n|-resisted|p2a: Bronzong\n|-damage|p2a: Bronzong|88\/100\n|\n|-heal|p1a: Sylveon|100\/100|[from] move: Wish|[wisher] Sylveon\n|-heal|p2a: Bronzong|94\/100|[from] item: Leftovers\n|upkeep\n|turn|9\n|\n|switch|p1a: Swampert|Swampert, M|100\/100\n|move|p2a: Bronzong|Stealth Rock|p1a: Swampert\n|-sidestart|p1: Jakkkkkka|move: Stealth Rock\n|\n|-heal|p2a: Bronzong|99\/100|[from] item: Leftovers\n|upkeep\n|turn|10\n|\n|switch|p2a: Primarina|Primarina, F|100\/100\n|move|p1a: Swampert|Stealth Rock|p2a: Primarina\n|-sidestart|p2: usmrw3 buke|move: Stealth Rock\n|\n|upkeep\n|turn|11\n|\n|move|p2a: Primarina|Hydro Pump|p1a: Swampert\n|-damage|p1a: Swampert|10\/100\n|move|p1a: Swampert|Toxic|p2a: Primarina\n|-status|p2a: Primarina|tox\n|\n|-heal|p1a: Swampert|16\/100|[from] item: Leftovers\n|-damage|p2a: Primarina|94\/100 tox|[from] psn\n|upkeep\n|turn|12\n|\n|move|p2a: Primarina|Hydro Pump|p1a: Swampert|[miss]\n|-miss|p2a: Primarina|p1a: Swampert\n|move|p1a: Swampert|Earthquake|p2a: Primarina\n|-damage|p2a: Primarina|38\/100 tox\n|\n|-heal|p1a: Swampert|22\/100|[from] item: Leftovers\n|-damage|p2a: Primarina|26\/100 tox|[from] psn\n|upkeep\n|turn|13\n|\n|move|p2a: Primarina|Hydro Pump|p1a: Swampert\n|-damage|p1a: Swampert|0 fnt\n|faint|p1a: Swampert\n|\n|-damage|p2a: Primarina|8\/100 tox|[from] psn\n|upkeep\n|inactive|Jakkkkkka has 120 seconds left.\n|\n|switch|p1a: Manectric|Manectric, M|100\/100\n|-damage|p1a: Manectric|88\/100|[from] Stealth Rock\n|turn|14\n|\n|switch|p2a: Zeraora|Zeraora|28\/100\n|-damage|p2a: Zeraora|16\/100|[from] Stealth Rock\n|detailschange|p1a: Manectric|Manectric-Mega, M\n|-mega|p1a: Manectric|Manectric|Manectite\n|-ability|p1a: Manectric|Intimidate|boost\n|-unboost|p2a: Zeraora|atk|1\n|move|p1a: Manectric|Flamethrower|p2a: Zeraora\n|-damage|p2a: Zeraora|0 fnt\n|faint|p2a: Zeraora\n|\n|upkeep\n|\n|switch|p2a: Terrakion|Terrakion|100\/100\n|-damage|p2a: Terrakion|94\/100|[from] Stealth Rock\n|turn|15\n|\n|switch|p1a: Hydreigon|Hydreigon, M|49\/100\n|-damage|p1a: Hydreigon|37\/100|[from] Stealth Rock\n|move|p2a: Terrakion|Earthquake|p1a: Hydreigon\n|-immune|p1a: Hydreigon|[from] ability: Levitate\n|\n|upkeep\n|turn|16\n|\n|switch|p2a: Primarina|Primarina, F|8\/100 tox\n|-damage|p2a: Primarina|0 fnt|[from] Stealth Rock\n|faint|p2a: Primarina\n|switch|p1a: Nidoking|Nidoking, M|100\/100\n|-damage|p1a: Nidoking|95\/100|[from] Stealth Rock\n|\n|upkeep\n|\n|switch|p2a: Bronzong|Bronzong|99\/100\n|-damage|p2a: Bronzong|94\/100|[from] Stealth Rock\n|turn|17\n|\n|move|p1a: Nidoking|Toxic Spikes|p2a: Bronzong\n|-sidestart|p2: usmrw3 buke|move: Toxic Spikes\n|move|p2a: Bronzong|Gyro Ball|p1a: Nidoking\n|-damage|p1a: Nidoking|39\/100\n|\n|-heal|p2a: Bronzong|99\/100|[from] item: Leftovers\n|upkeep\n|turn|18\n|\n|move|p1a: Nidoking|Toxic Spikes|p2a: Bronzong\n|-sidestart|p2: usmrw3 buke|move: Toxic Spikes\n|move|p2a: Bronzong|Gyro Ball|p1a: Nidoking\n|-damage|p1a: Nidoking|0 fnt\n|faint|p1a: Nidoking\n|\n|-heal|p2a: Bronzong|100\/100|[from] item: Leftovers\n|upkeep\n|\n|switch|p1a: Scizor|Scizor, M|100\/100\n|-damage|p1a: Scizor|88\/100|[from] Stealth Rock\n|turn|19\n|\n|switch|p2a: Gligar|Gligar, M|100\/100\n|-damage|p2a: Gligar|88\/100|[from] Stealth Rock\n|move|p1a: Scizor|Knock Off|p2a: Gligar\n|-damage|p2a: Gligar|58\/100\n|-enditem|p2a: Gligar|Eviolite|[from] move: Knock Off|[of] p1a: Scizor\n|\n|upkeep\n|turn|20\n|\n|switch|p1a: Manectric|Manectric-Mega, M|88\/100\n|-damage|p1a: Manectric|76\/100|[from] Stealth Rock\n|-ability|p1a: Manectric|Intimidate|boost\n|-unboost|p2a: Gligar|atk|1\n|move|p2a: Gligar|Defog|p1a: Manectric\n|-unboost|p1a: Manectric|evasion|1\n|-sideend|p1: Jakkkkkka|Stealth Rock|[from] move: Defog|[of] p2a: Gligar\n|-sideend|p2: usmrw3 buke|Toxic Spikes|[from] move: Defog|[of] p2a: Gligar\n|-sideend|p2: usmrw3 buke|Stealth Rock|[from] move: Defog|[of] p2a: Gligar\n|\n|upkeep\n|turn|21\n|\n|switch|p2a: Bronzong|Bronzong|100\/100\n|move|p1a: Manectric|Hidden Power|p2a: Bronzong\n|-resisted|p2a: Bronzong\n|-damage|p2a: Bronzong|94\/100\n|\n|-heal|p2a: Bronzong|99\/100|[from] item: Leftovers\n|upkeep\n|turn|22\n|\n|switch|p2a: Terrakion|Terrakion|94\/100\n|move|p1a: Manectric|Volt Switch|p2a: Terrakion\n|-damage|p2a: Terrakion|48\/100\n|\n|switch|p1a: Scizor|Scizor, M|88\/100\n|\n|upkeep\n|turn|23\n|\n|switch|p2a: Moltres|Moltres|100\/100\n|move|p1a: Scizor|U-turn|p2a: Moltres\n|-resisted|p2a: Moltres\n|-damage|p2a: Moltres|82\/100\n|\n|switch|p1a: Manectric|Manectric-Mega, M|76\/100\n|-ability|p1a: Manectric|Intimidate|boost\n|-unboost|p2a: Moltres|atk|1\n|\n|upkeep\n|turn|24\n|\n|switch|p2a: Bronzong|Bronzong|99\/100\n|move|p1a: Manectric|Thunderbolt|p2a: Bronzong\n|-damage|p2a: Bronzong|65\/100\n|\n|-heal|p2a: Bronzong|72\/100|[from] item: Leftovers\n|upkeep\n|turn|25\n|j| InvejaMata\n|\n|move|p1a: Manectric|Flamethrower|p2a: Bronzong\n|-supereffective|p2a: Bronzong\n|-damage|p2a: Bronzong|32\/100\n|move|p2a: Bronzong|Stealth Rock|p1a: Manectric\n|-sidestart|p1: Jakkkkkka|move: Stealth Rock\n|\n|-heal|p2a: Bronzong|38\/100|[from] item: Leftovers\n|upkeep\n|turn|26\n|\n|switch|p2a: Gligar|Gligar, M|58\/100\n|move|p1a: Manectric|Flamethrower|p2a: Gligar\n|-damage|p2a: Gligar|17\/100\n|\n|upkeep\n|turn|27\n|\n|move|p1a: Manectric|Flamethrower|p2a: Gligar\n|-damage|p2a: Gligar|0 fnt\n|faint|p2a: Gligar\n|\n|upkeep\n|\n|switch|p2a: Terrakion|Terrakion|48\/100\n|turn|28\n|\n|switch|p1a: Hydreigon|Hydreigon, M|37\/100\n|-damage|p1a: Hydreigon|24\/100|[from] Stealth Rock\n|-enditem|p1a: Hydreigon|Iapapa Berry|[eat]\n|-heal|p1a: Hydreigon|74\/100|[from] item: Iapapa Berry\n|move|p2a: Terrakion|Close Combat|p1a: Hydreigon\n|-supereffective|p1a: Hydreigon\n|-damage|p1a: Hydreigon|0 fnt\n|-unboost|p2a: Terrakion|def|1\n|-unboost|p2a: Terrakion|spd|1\n|faint|p1a: Hydreigon\n|\n|upkeep\n|\n|switch|p1a: Scizor|Scizor, M|88\/100\n|-damage|p1a: Scizor|76\/100|[from] Stealth Rock\n|turn|29\n|\n|switch|p2a: Moltres|Moltres|82\/100\n|move|p1a: Scizor|Knock Off|p2a: Moltres\n|-damage|p2a: Moltres|36\/100\n|\n|upkeep\n|turn|30\n|\n|switch|p1a: Sylveon|Sylveon, M|100\/100\n|-damage|p1a: Sylveon|88\/100|[from] Stealth Rock\n|-zpower|p2a: Moltres\n|move|p2a: Moltres|Supersonic Skystrike|p1a: Sylveon|[zeffect]\n|-damage|p1a: Sylveon|38\/100\n|\n|-heal|p1a: Sylveon|44\/100|[from] item: Leftovers\n|upkeep\n|turn|31\n|\n|move|p2a: Moltres|Roost|p2a: Moltres\n|-heal|p2a: Moltres|86\/100\n|move|p1a: Sylveon|Moonblast|p2a: Moltres\n|-resisted|p2a: Moltres\n|-damage|p2a: Moltres|64\/100\n|\n|-heal|p1a: Sylveon|50\/100|[from] item: Leftovers\n|upkeep\n|turn|32\n|\n|move|p2a: Moltres|Fire Blast|p1a: Sylveon\n|-damage|p1a: Sylveon|19\/100\n|move|p1a: Sylveon|Toxic|p2a: Moltres\n|-status|p2a: Moltres|tox\n|\n|-heal|p1a: Sylveon|25\/100|[from] item: Leftovers\n|-damage|p2a: Moltres|58\/100 tox|[from] psn\n|upkeep\n|turn|33\n|\n|move|p2a: Moltres|Roost|p2a: Moltres\n|-heal|p2a: Moltres|100\/100 tox\n|move|p1a: Sylveon|Wish|p1a: Sylveon\n|\n|-heal|p1a: Sylveon|31\/100|[from] item: Leftovers\n|-damage|p2a: Moltres|88\/100 tox|[from] psn\n|upkeep\n|turn|34\n|\n|move|p2a: Moltres|Fire Blast|p1a: Sylveon\n|-damage|p1a: Sylveon|2\/100\n|move|p1a: Sylveon|Moonblast|p2a: Moltres\n|-resisted|p2a: Moltres\n|-damage|p2a: Moltres|67\/100 tox\n|-unboost|p2a: Moltres|spa|1\n|\n|-heal|p1a: Sylveon|52\/100|[from] move: Wish|[wisher] Sylveon\n|-heal|p1a: Sylveon|58\/100|[from] item: Leftovers\n|-damage|p2a: Moltres|49\/100 tox|[from] psn\n|upkeep\n|turn|35\n|\n|switch|p2a: Bronzong|Bronzong|38\/100\n|move|p1a: Sylveon|Moonblast|p2a: Bronzong\n|-resisted|p2a: Bronzong\n|-damage|p2a: Bronzong|27\/100\n|\n|-heal|p1a: Sylveon|64\/100|[from] item: Leftovers\n|-heal|p2a: Bronzong|33\/100|[from] item: Leftovers\n|upkeep\n|turn|36\n|\n|switch|p1a: Scizor|Scizor, M|76\/100\n|-damage|p1a: Scizor|63\/100|[from] Stealth Rock\n|move|p2a: Bronzong|Toxic|p1a: Scizor\n|-immune|p1a: Scizor\n|\n|-heal|p2a: Bronzong|39\/100|[from] item: Leftovers\n|upkeep\n|turn|37\n|\n|-activate|p2a: Bronzong|move: Pursuit\n|move|p1a: Scizor|Pursuit|p2a: Bronzong|[from]Pursuit\n|-supereffective|p2a: Bronzong\n|-damage|p2a: Bronzong|0 fnt\n|faint|p2a: Bronzong\n|\n|upkeep\n|\n|switch|p2a: Moltres|Moltres|49\/100 tox\n|turn|38\n|\n|switch|p1a: Sylveon|Sylveon, M|64\/100\n|-damage|p1a: Sylveon|52\/100|[from] Stealth Rock\n|move|p2a: Moltres|Roost|p2a: Moltres\n|-heal|p2a: Moltres|99\/100 tox\n|\n|-heal|p1a: Sylveon|58\/100|[from] item: Leftovers\n|-damage|p2a: Moltres|93\/100 tox|[from] psn\n|upkeep\n|turn|39\n|\n|move|p2a: Moltres|Fire Blast|p1a: Sylveon\n|-damage|p1a: Sylveon|30\/100\n|move|p1a: Sylveon|Wish|p1a: Sylveon\n|\n|-heal|p1a: Sylveon|36\/100|[from] item: Leftovers\n|-damage|p2a: Moltres|80\/100 tox|[from] psn\n|upkeep\n|turn|40\n|\n|move|p2a: Moltres|Fire Blast|p1a: Sylveon\n|-damage|p1a: Sylveon|9\/100\n|move|p1a: Sylveon|Moonblast|p2a: Moltres\n|-resisted|p2a: Moltres\n|-damage|p2a: Moltres|60\/100 tox\n|-unboost|p2a: Moltres|spa|1\n|\n|-heal|p1a: Sylveon|59\/100|[from] move: Wish|[wisher] Sylveon\n|-heal|p1a: Sylveon|65\/100|[from] item: Leftovers\n|-damage|p2a: Moltres|41\/100 tox|[from] psn\n|upkeep\n|turn|41\n|\n|move|p2a: Moltres|Roost|p2a: Moltres\n|-heal|p2a: Moltres|91\/100 tox\n|move|p1a: Sylveon|Wish|p1a: Sylveon\n|\n|-heal|p1a: Sylveon|71\/100|[from] item: Leftovers\n|-damage|p2a: Moltres|66\/100 tox|[from] psn\n|upkeep\n|turn|42\n|\n|move|p2a: Moltres|Fire Blast|p1a: Sylveon\n|-damage|p1a: Sylveon|51\/100\n|move|p1a: Sylveon|Moonblast|p2a: Moltres\n|-resisted|p2a: Moltres\n|-damage|p2a: Moltres|45\/100 tox\n|-unboost|p2a: Moltres|spa|1\n|\n|-heal|p1a: Sylveon|100\/100|[from] move: Wish|[wisher] Sylveon\n|-damage|p2a: Moltres|14\/100 tox|[from] psn\n|upkeep\n|turn|43\n|c|\u2606usmrw3 buke|gg\n|-message|usmrw3 buke forfeited.\n|\n|win|Jakkkkkka\n","uploadtime":1546625738,"views":63,"p1id":"jakkkkkka","p2id":"usmrw3buke","formatid":"gen7uu","rating":0,"private":0,"password":null}