{"id":"gen7ou-888334445","p1":"Perdition Path","p2":"H4WT \u2605","format":"gen7ou","log":"|raw|<div class=\"broadcast-red\"><strong>This battle is invite-only!<\/strong><br \/>Users must be rank + or invited with <code>\/invite<\/code> to join<\/div>\n|j|\u2606Perdition Path\n|j|\u2606H4WT \u2605\n|player|p1|Perdition Path|erika-gen2\n|player|p2|H4WT \u2605|266\n|teamsize|p1|6\n|teamsize|p2|6\n|gametype|singles\n|gen|7\n|tier|[Gen 7] OU\n|rated|\n|rule|Sleep Clause Mod: Limit one foe put to sleep\n|rule|Species Clause: Limit one of each Pok\u00e9mon\n|rule|OHKO Clause: OHKO moves are banned\n|rule|Moody Clause: Moody is banned\n|rule|Evasion Moves Clause: Evasion moves are banned\n|rule|Endless Battle Clause: Forcing endless battles is banned\n|rule|HP Percentage Mod: HP is shown in percentages\n|clearpoke\n|poke|p1|Venusaur, M|item\n|poke|p1|Keldeo-Resolute|item\n|poke|p1|Skarmory, M|item\n|poke|p1|Chansey, F|item\n|poke|p1|Heatran, F|item\n|poke|p1|Bisharp, M|item\n|poke|p2|Kartana|item\n|poke|p2|Greninja, M|item\n|poke|p2|Mawile, F|item\n|poke|p2|Garchomp, M|item\n|poke|p2|Tornadus-Therian, M|item\n|poke|p2|Tangrowth, F|item\n|teampreview\n|c|\u2606Perdition Path|\/log aka spencer was invited (and promoted to Room Voice) by Perdition Path.\n|j|+aka spencer\n|\n|start\n|switch|p1a: Heatran|Heatran, F|100\/100\n|switch|p2a: Garchomp|Garchomp, M|100\/100\n|turn|1\n|c|+aka spencer|go moskito cup!\n|inactive|Battle timer is ON: inactive players will automatically lose when time's up. (requested by Perdition Path)\n|\n|switch|p1a: Skarmory|Skarmory, M|100\/100\n|move|p2a: Garchomp|Earthquake|p1a: Skarmory\n|-immune|p1a: Skarmory\n|\n|upkeep\n|turn|2\n|\n|move|p2a: Garchomp|Stealth Rock|p1a: Skarmory\n|-sidestart|p1: Perdition Path|move: Stealth Rock\n|move|p1a: Skarmory|Spikes|p2a: Garchomp\n|-sidestart|p2: H4WT \u2605|Spikes\n|\n|upkeep\n|turn|3\n|\n|move|p2a: Garchomp|Fire Blast|p1a: Skarmory\n|-supereffective|p1a: Skarmory\n|-damage|p1a: Skarmory|50\/100\n|move|p1a: Skarmory|Spikes|p2a: Garchomp\n|-sidestart|p2: H4WT \u2605|Spikes\n|\n|upkeep\n|turn|4\n|\n|switch|p1a: Keldeo|Keldeo-Resolute|100\/100\n|-damage|p1a: Keldeo|94\/100|[from] Stealth Rock\n|move|p2a: Garchomp|Fire Blast|p1a: Keldeo\n|-resisted|p1a: Keldeo\n|-damage|p1a: Keldeo|84\/100\n|\n|-heal|p1a: Keldeo|91\/100|[from] item: Leftovers\n|upkeep\n|turn|5\n|\n|switch|p2a: Tornadus|Tornadus-Therian, M|100\/100\n|move|p1a: Keldeo|Scald|p2a: Tornadus\n|-damage|p2a: Tornadus|49\/100\n|\n|-heal|p1a: Keldeo|97\/100|[from] item: Leftovers\n|upkeep\n|turn|6\n|\n|switch|p1a: Heatran|Heatran, F|100\/100\n|-damage|p1a: Heatran|88\/100|[from] Stealth Rock\n|move|p2a: Tornadus|U-turn|p1a: Heatran\n|-resisted|p1a: Heatran\n|-damage|p1a: Heatran|85\/100\n|\n|switch|p2a: Greninja|Greninja, M|100\/100\n|-damage|p2a: Greninja|84\/100|[from] Spikes\n|\n|-heal|p1a: Heatran|91\/100|[from] item: Leftovers\n|upkeep\n|turn|7\n|\n|switch|p1a: Keldeo|Keldeo-Resolute|97\/100\n|-damage|p1a: Keldeo|91\/100|[from] Stealth Rock\n|move|p2a: Greninja|Spikes|p1a: Keldeo\n|-sidestart|p1: Perdition Path|Spikes\n|\n|-heal|p1a: Keldeo|97\/100|[from] item: Leftovers\n|upkeep\n|turn|8\n|\n|switch|p2a: Tornadus|Tornadus-Therian, M|82\/100\n|switch|p1a: Heatran|Heatran, F|91\/100\n|-damage|p1a: Heatran|79\/100|[from] Stealth Rock\n|-damage|p1a: Heatran|66\/100|[from] Spikes\n|\n|-heal|p1a: Heatran|73\/100|[from] item: Leftovers\n|upkeep\n|turn|9\n|\n|move|p2a: Tornadus|Taunt|p1a: Heatran\n|-start|p1a: Heatran|move: Taunt\n|cant|p1a: Heatran|move: Taunt|Stealth Rock\n|\n|-heal|p1a: Heatran|79\/100|[from] item: Leftovers\n|upkeep\n|turn|10\n|\n|move|p2a: Tornadus|U-turn|p1a: Heatran\n|-resisted|p1a: Heatran\n|-damage|p1a: Heatran|76\/100\n|\n|switch|p2a: Garchomp|Garchomp, M|100\/100\n|-damage|p2a: Garchomp|84\/100|[from] Spikes\n|move|p1a: Heatran|Lava Plume|p2a: Garchomp\n|-resisted|p2a: Garchomp\n|-damage|p2a: Garchomp|68\/100\n|\n|-heal|p1a: Heatran|82\/100|[from] item: Leftovers\n|upkeep\n|turn|11\n|\n|switch|p1a: Venusaur|Venusaur, M|100\/100\n|-damage|p1a: Venusaur|88\/100|[from] Spikes\n|-damage|p1a: Venusaur|76\/100|[from] Stealth Rock\n|move|p2a: Garchomp|Earthquake|p1a: Venusaur\n|-damage|p1a: Venusaur|40\/100\n|\n|upkeep\n|turn|12\n|\n|detailschange|p1a: Venusaur|Venusaur-Mega, M\n|-mega|p1a: Venusaur|Venusaur|Venusaurite\n|move|p1a: Venusaur|Synthesis|p1a: Venusaur\n|-heal|p1a: Venusaur|90\/100\n|move|p2a: Garchomp|Dragon Tail|p1a: Venusaur\n|-damage|p1a: Venusaur|76\/100\n|drag|p1a: Skarmory|Skarmory, M|50\/100\n|-damage|p1a: Skarmory|38\/100|[from] Stealth Rock\n|\n|upkeep\n|turn|13\n|\n|switch|p1a: Keldeo|Keldeo-Resolute|97\/100\n|-damage|p1a: Keldeo|84\/100|[from] Spikes\n|-damage|p1a: Keldeo|78\/100|[from] Stealth Rock\n|move|p2a: Garchomp|Fire Blast|p1a: Keldeo|[miss]\n|-miss|p2a: Garchomp|p1a: Keldeo\n|\n|-heal|p1a: Keldeo|84\/100|[from] item: Leftovers\n|upkeep\n|turn|14\n|\n|switch|p2a: Tangrowth|Tangrowth, F|100\/100\n|-damage|p2a: Tangrowth|84\/100|[from] Spikes\n|move|p1a: Keldeo|Scald|p2a: Tangrowth\n|-resisted|p2a: Tangrowth\n|-damage|p2a: Tangrowth|70\/100\n|-status|p2a: Tangrowth|brn\n|\n|-heal|p1a: Keldeo|91\/100|[from] item: Leftovers\n|-damage|p2a: Tangrowth|64\/100 brn|[from] brn\n|upkeep\n|turn|15\n|\n|switch|p2a: Tornadus|Tornadus-Therian, M|100\/100\n|move|p1a: Keldeo|Substitute|p1a: Keldeo\n|-start|p1a: Keldeo|Substitute\n|-damage|p1a: Keldeo|66\/100\n|\n|-heal|p1a: Keldeo|72\/100|[from] item: Leftovers\n|upkeep\n|turn|16\n|\n|move|p2a: Tornadus|Hurricane|p1a: Keldeo\n|-supereffective|p1a: Keldeo\n|-end|p1a: Keldeo|Substitute\n|move|p1a: Keldeo|Scald|p2a: Tornadus\n|-damage|p2a: Tornadus|50\/100\n|\n|-heal|p1a: Keldeo|78\/100|[from] item: Leftovers\n|upkeep\n|turn|17\n|\n|switch|p1a: Heatran|Heatran, F|82\/100\n|-damage|p1a: Heatran|69\/100|[from] Stealth Rock\n|-damage|p1a: Heatran|57\/100|[from] Spikes\n|move|p2a: Tornadus|Hurricane|p1a: Heatran\n|-resisted|p1a: Heatran\n|-damage|p1a: Heatran|34\/100\n|\n|-heal|p1a: Heatran|40\/100|[from] item: Leftovers\n|upkeep\n|turn|18\n|\n|move|p2a: Tornadus|U-turn|p1a: Heatran\n|-resisted|p1a: Heatran\n|-damage|p1a: Heatran|37\/100\n|\n|switch|p2a: Garchomp|Garchomp, M|68\/100\n|-damage|p2a: Garchomp|52\/100|[from] Spikes\n|move|p1a: Heatran|Stealth Rock|p2a: Garchomp\n|-sidestart|p2: H4WT \u2605|move: Stealth Rock\n|\n|-heal|p1a: Heatran|43\/100|[from] item: Leftovers\n|upkeep\n|turn|19\n|\n|switch|p1a: Skarmory|Skarmory, M|38\/100\n|-damage|p1a: Skarmory|26\/100|[from] Stealth Rock\n|move|p2a: Garchomp|Earthquake|p1a: Skarmory\n|-immune|p1a: Skarmory\n|\n|upkeep\n|turn|20\n|\n|move|p2a: Garchomp|Fire Blast|p1a: Skarmory\n|-supereffective|p1a: Skarmory\n|-damage|p1a: Skarmory|0 fnt\n|faint|p1a: Skarmory\n|\n|upkeep\n|\n|switch|p1a: Venusaur|Venusaur-Mega, M|76\/100\n|-damage|p1a: Venusaur|63\/100|[from] Stealth Rock\n|-damage|p1a: Venusaur|51\/100|[from] Spikes\n|turn|21\n|\n|switch|p2a: Tornadus|Tornadus-Therian, M|83\/100\n|-damage|p2a: Tornadus|59\/100|[from] Stealth Rock\n|move|p1a: Venusaur|Synthesis|p1a: Venusaur\n|-heal|p1a: Venusaur|100\/100\n|\n|upkeep\n|turn|22\n|\n|switch|p1a: Bisharp|Bisharp, M|100\/100\n|-damage|p1a: Bisharp|88\/100|[from] Spikes\n|-damage|p1a: Bisharp|82\/100|[from] Stealth Rock\n|move|p2a: Tornadus|Defog|p1a: Bisharp\n|-unboost|p1a: Bisharp|evasion|1\n|-ability|p1a: Bisharp|Defiant|boost\n|-boost|p1a: Bisharp|atk|2\n|-sideend|p1: Perdition Path|Spikes|[from] move: Defog|[of] p2a: Tornadus\n|-sideend|p1: Perdition Path|Stealth Rock|[from] move: Defog|[of] p2a: Tornadus\n|-sideend|p2: H4WT \u2605|Spikes|[from] move: Defog|[of] p2a: Tornadus\n|-sideend|p2: H4WT \u2605|Stealth Rock|[from] move: Defog|[of] p2a: Tornadus\n|\n|-heal|p1a: Bisharp|88\/100|[from] item: Leftovers\n|upkeep\n|turn|23\n|\n|switch|p2a: Garchomp|Garchomp, M|52\/100\n|move|p1a: Bisharp|Knock Off|p2a: Garchomp\n|-damage|p2a: Garchomp|0 fnt\n|-damage|p1a: Bisharp|76\/100|[from] ability: Rough Skin|[of] p2a: Garchomp\n|-damage|p1a: Bisharp|59\/100|[from] item: Rocky Helmet|[of] p2a: Garchomp\n|-enditem|p2a: Garchomp|Rocky Helmet|[from] move: Knock Off|[of] p1a: Bisharp\n|faint|p2a: Garchomp\n|\n|-heal|p1a: Bisharp|65\/100|[from] item: Leftovers\n|upkeep\n|\n|switch|p2a: Greninja|Greninja, M|84\/100\n|turn|24\n|\n|switch|p1a: Chansey|Chansey, F|100\/100\n|move|p2a: Greninja|Surf|p1a: Chansey\n|-damage|p1a: Chansey|84\/100\n|\n|upkeep\n|turn|25\n|\n|switch|p2a: Kartana|Kartana|100\/100\n|move|p1a: Chansey|Thunder Wave|p2a: Kartana\n|-status|p2a: Kartana|par\n|\n|upkeep\n|turn|26\n|\n|switch|p1a: Venusaur|Venusaur-Mega, M|100\/100\n|move|p2a: Kartana|Knock Off|p1a: Venusaur\n|-damage|p1a: Venusaur|73\/100\n|\n|upkeep\n|turn|27\n|\n|switch|p1a: Heatran|Heatran, F|43\/100\n|cant|p2a: Kartana|par\n|\n|-heal|p1a: Heatran|49\/100|[from] item: Leftovers\n|upkeep\n|turn|28\n|\n|switch|p2a: Greninja|Greninja, M|84\/100\n|move|p1a: Heatran|Lava Plume|p2a: Greninja\n|-resisted|p2a: Greninja\n|-damage|p2a: Greninja|58\/100\n|\n|-heal|p1a: Heatran|55\/100|[from] item: Leftovers\n|upkeep\n|turn|29\n|\n|switch|p1a: Keldeo|Keldeo-Resolute|78\/100\n|move|p2a: Greninja|Surf|p1a: Keldeo\n|-resisted|p1a: Keldeo\n|-damage|p1a: Keldeo|44\/100\n|\n|-heal|p1a: Keldeo|51\/100|[from] item: Leftovers\n|upkeep\n|turn|30\n|\n|switch|p2a: Tornadus|Tornadus-Therian, M|92\/100\n|move|p1a: Keldeo|Secret Sword|p2a: Tornadus\n|-resisted|p2a: Tornadus\n|-damage|p2a: Tornadus|60\/100\n|\n|-heal|p1a: Keldeo|57\/100|[from] item: Leftovers\n|upkeep\n|turn|31\n|\n|switch|p1a: Heatran|Heatran, F|55\/100\n|move|p2a: Tornadus|Hurricane|p1a: Heatran\n|-resisted|p1a: Heatran\n|-crit|p1a: Heatran\n|-damage|p1a: Heatran|26\/100\n|\n|-heal|p1a: Heatran|32\/100|[from] item: Leftovers\n|upkeep\n|turn|32\n|\n|-zpower|p2a: Tornadus\n|move|p2a: Tornadus|Supersonic Skystrike|p1a: Heatran|[zeffect]\n|-resisted|p1a: Heatran\n|-damage|p1a: Heatran|0 fnt\n|faint|p1a: Heatran\n|\n|upkeep\n|\n|switch|p1a: Bisharp|Bisharp, M|65\/100\n|turn|33\n|\n|move|p2a: Tornadus|U-turn|p1a: Bisharp\n|-damage|p1a: Bisharp|49\/100\n|\n|switch|p2a: Greninja|Greninja, M|58\/100\n|move|p1a: Bisharp|Knock Off|p2a: Greninja\n|-resisted|p2a: Greninja\n|-damage|p2a: Greninja|17\/100\n|-enditem|p2a: Greninja|Choice Specs|[from] move: Knock Off|[of] p1a: Bisharp\n|\n|-heal|p1a: Bisharp|55\/100|[from] item: Leftovers\n|upkeep\n|turn|34\n|\n|move|p2a: Greninja|Water Shuriken|p1a: Bisharp\n|-damage|p1a: Bisharp|46\/100\n|-damage|p1a: Bisharp|36\/100\n|-damage|p1a: Bisharp|26\/100\n|-hitcount|p1a: Bisharp|3\n|move|p1a: Bisharp|Knock Off|p2a: Greninja\n|-resisted|p2a: Greninja\n|-damage|p2a: Greninja|0 fnt\n|faint|p2a: Greninja\n|\n|-heal|p1a: Bisharp|32\/100|[from] item: Leftovers\n|upkeep\n|\n|switch|p2a: Kartana|Kartana|100\/100 par\n|turn|35\n|\n|switch|p1a: Venusaur|Venusaur-Mega, M|73\/100\n|move|p2a: Kartana|Smart Strike|p1a: Venusaur\n|-crit|p1a: Venusaur\n|-damage|p1a: Venusaur|15\/100\n|\n|upkeep\n|turn|36\n|\n|switch|p1a: Keldeo|Keldeo-Resolute|57\/100\n|move|p2a: Kartana|Smart Strike|p1a: Keldeo\n|-resisted|p1a: Keldeo\n|-damage|p1a: Keldeo|16\/100\n|\n|-heal|p1a: Keldeo|22\/100|[from] item: Leftovers\n|upkeep\n|turn|37\n|\n|switch|p2a: Tangrowth|Tangrowth, F|98\/100 brn\n|move|p1a: Keldeo|Secret Sword|p2a: Tangrowth\n|-damage|p2a: Tangrowth|68\/100 brn\n|\n|-heal|p1a: Keldeo|28\/100|[from] item: Leftovers\n|-damage|p2a: Tangrowth|62\/100 brn|[from] brn\n|upkeep\n|turn|38\n|\n|move|p1a: Keldeo|Substitute|p1a: Keldeo\n|-start|p1a: Keldeo|Substitute\n|-damage|p1a: Keldeo|4\/100\n|move|p2a: Tangrowth|Giga Drain|p1a: Keldeo\n|-supereffective|p1a: Keldeo\n|-end|p1a: Keldeo|Substitute\n|-heal|p2a: Tangrowth|71\/100 brn|[from] drain|[of] p1a: Keldeo\n|\n|-heal|p1a: Keldeo|10\/100|[from] item: Leftovers\n|-damage|p2a: Tangrowth|65\/100 brn|[from] brn\n|upkeep\n|turn|39\n|raw|<div class=\"broadcast-red\"><strong>Moderated join is set to sync with modchat!<\/strong><br \/>Only users who can speak in modchat can join.<\/div>\n|c|\u2606H4WT \u2605|\/log H4WT \u2605 set modjoin to sync with modchat.\n|raw|<div class=\"broadcast-red\"><strong>Moderated chat was set to +!<\/strong><br \/>Only users of rank + and higher can talk.<\/div>\n|\n|switch|p1a: Venusaur|Venusaur-Mega, M|15\/100\n|move|p2a: Tangrowth|Earthquake|p1a: Venusaur\n|-damage|p1a: Venusaur|8\/100\n|\n|-damage|p2a: Tangrowth|59\/100 brn|[from] brn\n|upkeep\n|turn|40\n|\n|switch|p2a: Tornadus|Tornadus-Therian, M|93\/100\n|move|p1a: Venusaur|Synthesis|p1a: Venusaur\n|-heal|p1a: Venusaur|58\/100\n|\n|upkeep\n|turn|41\n|\n|switch|p1a: Chansey|Chansey, F|84\/100\n|move|p2a: Tornadus|Hurricane|p1a: Chansey|[miss]\n|-miss|p2a: Tornadus|p1a: Chansey\n|\n|upkeep\n|turn|42\n|\n|move|p2a: Tornadus|Taunt|p1a: Chansey\n|-start|p1a: Chansey|move: Taunt\n|move|p1a: Chansey|Seismic Toss|p2a: Tornadus\n|-damage|p2a: Tornadus|59\/100\n|\n|upkeep\n|turn|43\n|\n|move|p2a: Tornadus|U-turn|p1a: Chansey\n|-damage|p1a: Chansey|74\/100\n|\n|switch|p2a: Mawile|Mawile, F|100\/100\n|-ability|p2a: Mawile|Intimidate|boost\n|-unboost|p1a: Chansey|atk|1\n|move|p1a: Chansey|Seismic Toss|p2a: Mawile\n|-damage|p2a: Mawile|65\/100\n|\n|upkeep\n|turn|44\n|\n|switch|p1a: Venusaur|Venusaur-Mega, M|58\/100\n|detailschange|p2a: Mawile|Mawile-Mega, F\n|-mega|p2a: Mawile|Mawile|Mawilite\n|move|p2a: Mawile|Play Rough|p1a: Venusaur|[miss]\n|-miss|p2a: Mawile|p1a: Venusaur\n|\n|upkeep\n|turn|45\n|\n|switch|p2a: Tornadus|Tornadus-Therian, M|92\/100\n|move|p1a: Venusaur|Synthesis|p1a: Venusaur\n|-heal|p1a: Venusaur|100\/100\n|\n|upkeep\n|turn|46\n|\n|switch|p1a: Chansey|Chansey, F|74\/100\n|move|p2a: Tornadus|U-turn|p1a: Chansey\n|-damage|p1a: Chansey|65\/100\n|\n|switch|p2a: Mawile|Mawile-Mega, F|65\/100\n|\n|upkeep\n|turn|47\n|\n|switch|p2a: Tornadus|Tornadus-Therian, M|100\/100\n|switch|p1a: Venusaur|Venusaur-Mega, M|100\/100\n|\n|upkeep\n|turn|48\n|\n|switch|p1a: Chansey|Chansey, F|65\/100\n|move|p2a: Tornadus|Hurricane|p1a: Chansey|[miss]\n|-miss|p2a: Tornadus|p1a: Chansey\n|\n|upkeep\n|turn|49\n|\n|move|p2a: Tornadus|U-turn|p1a: Chansey\n|-damage|p1a: Chansey|56\/100\n|\n|switch|p2a: Kartana|Kartana|100\/100 par\n|move|p1a: Chansey|Soft-Boiled|p1a: Chansey\n|-heal|p1a: Chansey|100\/100\n|\n|upkeep\n|turn|50\n|\n|switch|p1a: Venusaur|Venusaur-Mega, M|100\/100\n|move|p2a: Kartana|Smart Strike|p1a: Venusaur\n|-damage|p1a: Venusaur|59\/100\n|\n|upkeep\n|turn|51\n|\n|switch|p2a: Tornadus|Tornadus-Therian, M|100\/100\n|move|p1a: Venusaur|Synthesis|p1a: Venusaur\n|-heal|p1a: Venusaur|100\/100\n|\n|upkeep\n|turn|52\n|\n|switch|p1a: Chansey|Chansey, F|100\/100\n|move|p2a: Tornadus|Hurricane|p1a: Chansey\n|-damage|p1a: Chansey|85\/100\n|\n|upkeep\n|turn|53\n|\n|move|p2a: Tornadus|U-turn|p1a: Chansey\n|-crit|p1a: Chansey\n|-damage|p1a: Chansey|71\/100\n|\n|switch|p2a: Tangrowth|Tangrowth, F|92\/100 brn\n|move|p1a: Chansey|Thunder Wave||[still]\n|-fail|p1a: Chansey\n|\n|-damage|p2a: Tangrowth|86\/100 brn|[from] brn\n|upkeep\n|turn|54\n|\n|switch|p1a: Venusaur|Venusaur-Mega, M|100\/100\n|move|p2a: Tangrowth|Knock Off|p1a: Venusaur\n|-damage|p1a: Venusaur|96\/100\n|\n|-damage|p2a: Tangrowth|80\/100 brn|[from] brn\n|upkeep\n|turn|55\n|\n|switch|p2a: Tornadus|Tornadus-Therian, M|100\/100\n|move|p1a: Venusaur|Sludge Bomb|p2a: Tornadus\n|-damage|p2a: Tornadus|58\/100\n|-status|p2a: Tornadus|psn\n|\n|-damage|p2a: Tornadus|46\/100 psn|[from] psn\n|upkeep\n|turn|56\n|\n|switch|p1a: Chansey|Chansey, F|71\/100\n|move|p2a: Tornadus|Hurricane|p1a: Chansey\n|-damage|p1a: Chansey|56\/100\n|\n|-damage|p2a: Tornadus|33\/100 psn|[from] psn\n|upkeep\n|turn|57\n|\n|move|p2a: Tornadus|Taunt|p1a: Chansey\n|-start|p1a: Chansey|move: Taunt\n|cant|p1a: Chansey|move: Taunt|Soft-Boiled\n|\n|-damage|p2a: Tornadus|21\/100 psn|[from] psn\n|upkeep\n|turn|58\n|\n|move|p2a: Tornadus|U-turn|p1a: Chansey\n|-damage|p1a: Chansey|46\/100\n|\n|switch|p2a: Kartana|Kartana|100\/100 par\n|move|p1a: Chansey|Seismic Toss|p2a: Kartana\n|-damage|p2a: Kartana|62\/100 par\n|\n|upkeep\n|turn|59\n|\n|switch|p1a: Venusaur|Venusaur-Mega, M|96\/100\n|move|p2a: Kartana|Smart Strike|p1a: Venusaur\n|-damage|p1a: Venusaur|55\/100\n|\n|upkeep\n|turn|60\n|\n|move|p1a: Venusaur|Synthesis|p1a: Venusaur\n|-heal|p1a: Venusaur|100\/100\n|cant|p2a: Kartana|par\n|\n|upkeep\n|turn|61\n|\n|switch|p2a: Tornadus|Tornadus-Therian, M|54\/100 psn\n|move|p1a: Venusaur|Sludge Bomb|p2a: Tornadus\n|-damage|p2a: Tornadus|5\/100 psn\n|\n|-damage|p2a: Tornadus|0 fnt|[from] psn\n|faint|p2a: Tornadus\n|upkeep\n|c|\u2606H4WT \u2605|fucj\n|\n|switch|p2a: Kartana|Kartana|62\/100 par\n|turn|62\n|\n|move|p1a: Venusaur|Hidden Power|p2a: Kartana\n|-supereffective|p2a: Kartana\n|-damage|p2a: Kartana|0 fnt\n|faint|p2a: Kartana\n|\n|upkeep\n|c|\u2606H4WT \u2605|amazing game dude thx for robbing my points\n|-message|H4WT \u2605 forfeited.\n|\n|win|Perdition Path\n|l|\u2606H4WT \u2605\n|c|\u2606Perdition Path|RELT\n|c|\u2606Perdition Path|\/log Perdition Path made this room public.\n|c|\u2606Perdition Path|poor modjoin\n|c|\u2606Perdition Path|didn't work\n","uploadtime":1554575174,"views":45,"p1id":"perditionpath","p2id":"h4wt","formatid":"gen7ou","rating":0,"private":0,"password":null}