{"id":"gen7ou-912775602","p1":"why addicted","p2":"megastaruniverse","format":"gen7ou","log":"|j|\u2606why addicted\n|j|\u203dmegastaruniverse\n|player|p1|why addicted|170\n|player|p2|megastaruniverse|102\n|teamsize|p1|6\n|teamsize|p2|6\n|gametype|singles\n|gen|7\n|tier|[Gen 7] OU\n|rated|\n|rule|Sleep Clause Mod: Limit one foe put to sleep\n|rule|Species Clause: Limit one of each Pok\u00e9mon\n|rule|OHKO Clause: OHKO moves are banned\n|rule|Moody Clause: Moody is banned\n|rule|Evasion Moves Clause: Evasion moves are banned\n|rule|Endless Battle Clause: Forcing endless battles is banned\n|rule|HP Percentage Mod: HP is shown in percentages\n|clearpoke\n|poke|p1|Scizor, F|item\n|poke|p1|Toxapex, F|item\n|poke|p1|Hydreigon, M|item\n|poke|p1|Landorus-Therian, M|item\n|poke|p1|Heatran, F|item\n|poke|p1|Reuniclus, F|item\n|poke|p2|Charizard, M|item\n|poke|p2|Tapu Fini|item\n|poke|p2|Greninja, M|item\n|poke|p2|Landorus-Therian, M|item\n|poke|p2|Heatran, M|item\n|poke|p2|Serperior, M|item\n|teampreview\n|inactive|Battle timer is ON: inactive players will automatically lose when time's up. (requested by why addicted)\n|inactive|megastaruniverse has 120 seconds left.\n|\n|start\n|switch|p1a: Landorus|Landorus-Therian, M|332\/332\n|switch|p2a: Tapu Fini|Tapu Fini|343\/343\n|-ability|p1a: Landorus|Intimidate|boost\n|-unboost|p2a: Tapu Fini|atk|1\n|-fieldstart|move: Misty Terrain|[from] ability: Misty Surge|[of] p2a: Tapu Fini\n|turn|1\n|\n|move|p1a: Landorus|U-turn|p2a: Tapu Fini\n|-resisted|p2a: Tapu Fini\n|-damage|p2a: Tapu Fini|312\/343\n|\n|switch|p1a: Toxapex|Toxapex, F|304\/304\n|move|p2a: Tapu Fini|Nature's Madness|p1a: Toxapex\n|-damage|p1a: Toxapex|152\/304\n|\n|-heal|p2a: Tapu Fini|333\/343|[from] item: Leftovers\n|upkeep\n|turn|2\n|\n|switch|p1a: Landorus|Landorus-Therian, M|332\/332\n|-ability|p1a: Landorus|Intimidate|boost\n|-unboost|p2a: Tapu Fini|atk|1\n|move|p2a: Tapu Fini|Taunt|p1a: Landorus\n|-start|p1a: Landorus|move: Taunt\n|\n|-heal|p2a: Tapu Fini|343\/343|[from] item: Leftovers\n|upkeep\n|turn|3\n|\n|move|p1a: Landorus|U-turn|p2a: Tapu Fini\n|-resisted|p2a: Tapu Fini\n|-damage|p2a: Tapu Fini|309\/343\n|\n|switch|p1a: Toxapex|Toxapex, F|253\/304\n|move|p2a: Tapu Fini|Nature's Madness|p1a: Toxapex\n|-damage|p1a: Toxapex|127\/304\n|\n|-heal|p2a: Tapu Fini|330\/343|[from] item: Leftovers\n|upkeep\n|turn|4\n|\n|switch|p1a: Landorus|Landorus-Therian, M|332\/332\n|-ability|p1a: Landorus|Intimidate|boost\n|-unboost|p2a: Tapu Fini|atk|1\n|move|p2a: Tapu Fini|Taunt|p1a: Landorus\n|-start|p1a: Landorus|move: Taunt\n|\n|-heal|p2a: Tapu Fini|343\/343|[from] item: Leftovers\n|upkeep\n|turn|5\n|\n|move|p1a: Landorus|U-turn|p2a: Tapu Fini\n|-resisted|p2a: Tapu Fini\n|-damage|p2a: Tapu Fini|309\/343\n|\n|switch|p1a: Toxapex|Toxapex, F|228\/304\n|move|p2a: Tapu Fini|Nature's Madness|p1a: Toxapex\n|-damage|p1a: Toxapex|114\/304\n|\n|-heal|p2a: Tapu Fini|330\/343|[from] item: Leftovers\n|-fieldend|Misty Terrain\n|upkeep\n|turn|6\n|\n|move|p2a: Tapu Fini|Taunt|p1a: Toxapex\n|-start|p1a: Toxapex|move: Taunt\n|cant|p1a: Toxapex|move: Taunt|Recover\n|\n|-heal|p2a: Tapu Fini|343\/343|[from] item: Leftovers\n|upkeep\n|turn|7\n|\n|move|p2a: Tapu Fini|Nature's Madness|p1a: Toxapex\n|-damage|p1a: Toxapex|57\/304\n|move|p1a: Toxapex|Scald|p2a: Tapu Fini\n|-resisted|p2a: Tapu Fini\n|-damage|p2a: Tapu Fini|321\/343\n|\n|-heal|p2a: Tapu Fini|342\/343|[from] item: Leftovers\n|upkeep\n|turn|8\n|\n|switch|p2a: Heatran|Heatran, M|385\/385\n|switch|p1a: Heatran|Heatran, F|385\/385\n|\n|upkeep\n|turn|9\n|\n|move|p2a: Heatran|Earth Power|p1a: Heatran\n|-supereffective|p1a: Heatran\n|-crit|p1a: Heatran\n|-damage|p1a: Heatran|33\/385\n|move|p1a: Heatran|Earth Power|p2a: Heatran\n|-supereffective|p2a: Heatran\n|-damage|p2a: Heatran|65\/385\n|\n|-heal|p2a: Heatran|89\/385|[from] item: Leftovers\n|-heal|p1a: Heatran|57\/385|[from] item: Leftovers\n|upkeep\n|turn|10\n|\n|move|p2a: Heatran|Stealth Rock|p1a: Heatran\n|-sidestart|p1: why addicted|move: Stealth Rock\n|move|p1a: Heatran|Stealth Rock|p2a: Heatran\n|-sidestart|p2: megastaruniverse|move: Stealth Rock\n|\n|-heal|p2a: Heatran|113\/385|[from] item: Leftovers\n|-heal|p1a: Heatran|81\/385|[from] item: Leftovers\n|upkeep\n|turn|11\n|\n|switch|p1a: Hydreigon|Hydreigon, M|331\/331\n|-damage|p1a: Hydreigon|290\/331|[from] Stealth Rock\n|move|p2a: Heatran|Earth Power|p1a: Hydreigon\n|-immune|p1a: Hydreigon|[from] ability: Levitate\n|\n|-heal|p2a: Heatran|137\/385|[from] item: Leftovers\n|upkeep\n|turn|12\n|inactive|megastaruniverse has 120 seconds left.\n|\n|move|p1a: Hydreigon|Dark Pulse|p2a: Heatran\n|-damage|p2a: Heatran|0 fnt\n|faint|p2a: Heatran\n|\n|upkeep\n|\n|switch|p2a: Landorus|Landorus-Therian, M|333\/333\n|-damage|p2a: Landorus|292\/333|[from] Stealth Rock\n|-ability|p2a: Landorus|Intimidate|boost\n|-unboost|p1a: Hydreigon|atk|1\n|turn|13\n|\n|move|p2a: Landorus|U-turn|p1a: Hydreigon\n|-supereffective|p1a: Hydreigon\n|-damage|p1a: Hydreigon|80\/331\n|\n|switch|p2a: Tapu Fini|Tapu Fini|342\/343\n|-damage|p2a: Tapu Fini|300\/343|[from] Stealth Rock\n|-fieldstart|move: Misty Terrain|[from] ability: Misty Surge|[of] p2a: Tapu Fini\n|move|p1a: Hydreigon|Roost|p1a: Hydreigon\n|-heal|p1a: Hydreigon|246\/331\n|-singleturn|p1a: Hydreigon|move: Roost\n|\n|-heal|p2a: Tapu Fini|321\/343|[from] item: Leftovers\n|upkeep\n|turn|14\n|\n|switch|p1a: Toxapex|Toxapex, F|158\/304\n|-damage|p1a: Toxapex|120\/304|[from] Stealth Rock\n|switch|p2a: Serperior|Serperior, M|291\/291\n|-damage|p2a: Serperior|255\/291|[from] Stealth Rock\n|\n|upkeep\n|turn|15\n|\n|move|p2a: Serperior|Leaf Storm|p1a: Toxapex\n|-damage|p1a: Toxapex|14\/304\n|-boost|p2a: Serperior|spa|2\n|move|p1a: Toxapex|Toxic Spikes|p2a: Serperior\n|-sidestart|p2: megastaruniverse|move: Toxic Spikes\n|\n|upkeep\n|turn|16\n|inactive|megastaruniverse has 120 seconds left.\n|\n|switch|p1a: Heatran|Heatran, F|81\/385\n|-damage|p1a: Heatran|33\/385|[from] Stealth Rock\n|move|p2a: Serperior|Hidden Power|p1a: Heatran\n|-start|p1a: Heatran|ability: Flash Fire\n|\n|-heal|p1a: Heatran|57\/385|[from] item: Leftovers\n|upkeep\n|turn|17\n|inactive|megastaruniverse has 120 seconds left.\n|\n|move|p2a: Serperior|Leaf Storm|p1a: Heatran\n|-resisted|p1a: Heatran\n|-damage|p1a: Heatran|4\/385\n|-boost|p2a: Serperior|spa|2\n|move|p1a: Heatran|Magma Storm|p2a: Serperior|[miss]\n|-miss|p1a: Heatran|p2a: Serperior\n|\n|-heal|p1a: Heatran|28\/385|[from] item: Leftovers\n|-fieldend|Misty Terrain\n|upkeep\n|turn|18\n|\n|move|p2a: Serperior|Leaf Storm|p1a: Heatran\n|-resisted|p1a: Heatran\n|-damage|p1a: Heatran|0 fnt\n|-boost|p2a: Serperior|spa|2\n|faint|p1a: Heatran\n|\n|upkeep\n|\n|switch|p1a: Landorus|Landorus-Therian, M|332\/332\n|-damage|p1a: Landorus|291\/332|[from] Stealth Rock\n|-ability|p1a: Landorus|Intimidate|boost\n|-boost|p2a: Serperior|atk|1\n|turn|19\n|\n|move|p1a: Landorus|U-turn|p2a: Serperior\n|-supereffective|p2a: Serperior\n|-damage|p2a: Serperior|67\/291\n|\n|switch|p1a: Toxapex|Toxapex, F|115\/304\n|-damage|p1a: Toxapex|77\/304|[from] Stealth Rock\n|move|p2a: Serperior|Synthesis|p2a: Serperior\n|-heal|p2a: Serperior|212\/291\n|\n|upkeep\n|turn|20\n|\n|move|p2a: Serperior|Leaf Storm|p1a: Toxapex\n|-damage|p1a: Toxapex|0 fnt\n|faint|p1a: Toxapex\n|\n|upkeep\n|\n|switch|p1a: Landorus|Landorus-Therian, M|291\/332\n|-damage|p1a: Landorus|250\/332|[from] Stealth Rock\n|-ability|p1a: Landorus|Intimidate|boost\n|-boost|p2a: Serperior|atk|1\n|turn|21\n|\n|move|p1a: Landorus|U-turn|p2a: Serperior\n|-supereffective|p2a: Serperior\n|-damage|p2a: Serperior|24\/291\n|\n|switch|p1a: Scizor|Scizor, F|343\/343\n|-damage|p1a: Scizor|301\/343|[from] Stealth Rock\n|move|p2a: Serperior|Synthesis|p2a: Serperior\n|-heal|p2a: Serperior|169\/291\n|\n|upkeep\n|turn|22\n|\n|switch|p1a: Landorus|Landorus-Therian, M|250\/332\n|-damage|p1a: Landorus|209\/332|[from] Stealth Rock\n|-ability|p1a: Landorus|Intimidate|boost\n|-boost|p2a: Serperior|atk|1\n|move|p2a: Serperior|Hidden Power|p1a: Landorus\n|-damage|p1a: Landorus|0 fnt\n|faint|p1a: Landorus\n|\n|upkeep\n|-message|why addicted forfeited.\n|\n|win|megastaruniverse\n|l|\u2606why addicted\n","uploadtime":1558314816,"views":211,"p1id":"whyaddicted","p2id":"megastaruniverse","formatid":"gen7ou","rating":0,"private":0,"password":null}