{"id":"gen7ou-759726461","p1":"BigL91","p2":"podtastic1","format":"gen7ou","log":"|j|\u2606BigL91\n|j|\u2606podtastic1\n|player|p1|BigL91|135\n|player|p2|podtastic1|101\n|teamsize|p1|6\n|teamsize|p2|6\n|gametype|singles\n|gen|7\n|tier|[Gen 7] OU\n|rated|\n|rule|Sleep Clause Mod: Limit one foe put to sleep\n|rule|Species Clause: Limit one of each Pok\u00e9mon\n|rule|OHKO Clause: OHKO moves are banned\n|rule|Moody Clause: Moody is banned\n|rule|Evasion Moves Clause: Evasion moves are banned\n|rule|Endless Battle Clause: Forcing endless battles is banned\n|rule|HP Percentage Mod: HP is shown in percentages\n|clearpoke\n|poke|p1|Excadrill, M|item\n|poke|p1|Tapu Koko|item\n|poke|p1|Kartana|item\n|poke|p1|Lopunny, F|item\n|poke|p1|Zygarde|item\n|poke|p1|Magearna|item\n|poke|p2|Heracross, M|item\n|poke|p2|Hoopa-Unbound|item\n|poke|p2|Rotom-Wash|item\n|poke|p2|Clefable, F|item\n|poke|p2|Shuckle, F|item\n|poke|p2|Magearna|item\n|teampreview\n|j| Minecraft Server\n|\n|start\n|switch|p1a: Tapu Koko|Tapu Koko|100\/100\n|switch|p2a: Shuckle|Shuckle, F|100\/100\n|-fieldstart|move: Electric Terrain|[from] ability: Electric Surge|[of] p1a: Tapu Koko\n|turn|1\n|l| Minecraft Server\n|\n|move|p1a: Tapu Koko|Taunt|p2a: Shuckle\n|-start|p2a: Shuckle|move: Taunt\n|-enditem|p2a: Shuckle|Mental Herb\n|-end|p2a: Shuckle|move: Taunt\n|move|p2a: Shuckle|Sticky Web|p1a: Tapu Koko\n|-sidestart|p1: BigL91|move: Sticky Web\n|\n|upkeep\n|turn|2\n|\n|move|p1a: Tapu Koko|Taunt|p2a: Shuckle\n|-start|p2a: Shuckle|move: Taunt\n|move|p2a: Shuckle|Rock Tomb|p1a: Tapu Koko\n|-damage|p1a: Tapu Koko|93\/100\n|-unboost|p1a: Tapu Koko|spe|1\n|\n|upkeep\n|turn|3\n|\n|move|p1a: Tapu Koko|U-turn|p2a: Shuckle\n|-crit|p2a: Shuckle\n|-damage|p2a: Shuckle|80\/100\n|\n|switch|p1a: Excadrill|Excadrill, M|100\/100\n|-activate|p1a: Excadrill|move: Sticky Web\n|-unboost|p1a: Excadrill|spe|1\n|-ability|p1a: Excadrill|Mold Breaker\n|move|p2a: Shuckle|Rock Tomb|p1a: Excadrill\n|-resisted|p1a: Excadrill\n|-crit|p1a: Excadrill\n|-damage|p1a: Excadrill|98\/100\n|-unboost|p1a: Excadrill|spe|1\n|\n|upkeep\n|turn|4\n|\n|move|p1a: Excadrill|Rapid Spin|p2a: Shuckle\n|-resisted|p2a: Shuckle\n|-damage|p2a: Shuckle|78\/100\n|-sideend|p1: BigL91|Sticky Web|[from] move: Rapid Spin|[of] p1a: Excadrill\n|move|p2a: Shuckle|Rock Tomb|p1a: Excadrill\n|-resisted|p1a: Excadrill\n|-damage|p1a: Excadrill|96\/100\n|-unboost|p1a: Excadrill|spe|1\n|\n|-end|p2a: Shuckle|move: Taunt\n|upkeep\n|turn|5\n|\n|move|p1a: Excadrill|Rapid Spin|p2a: Shuckle\n|-resisted|p2a: Shuckle\n|-damage|p2a: Shuckle|76\/100\n|move|p2a: Shuckle|Sticky Web|p1a: Excadrill\n|-sidestart|p1: BigL91|move: Sticky Web\n|\n|-fieldend|move: Electric Terrain\n|upkeep\n|turn|6\n|\n|move|p1a: Excadrill|Rapid Spin|p2a: Shuckle\n|-resisted|p2a: Shuckle\n|-damage|p2a: Shuckle|74\/100\n|-sideend|p1: BigL91|Sticky Web|[from] move: Rapid Spin|[of] p1a: Excadrill\n|move|p2a: Shuckle|Stealth Rock|p1a: Excadrill\n|-sidestart|p1: BigL91|move: Stealth Rock\n|\n|upkeep\n|turn|7\n|\n|move|p1a: Excadrill|Stealth Rock|p2a: Shuckle\n|-sidestart|p2: podtastic1|move: Stealth Rock\n|move|p2a: Shuckle|Encore|p1a: Excadrill\n|-start|p1a: Excadrill|Encore\n|\n|upkeep\n|turn|8\n|\n|switch|p1a: Zygarde|Zygarde|100\/100\n|-damage|p1a: Zygarde|94\/100|[from] Stealth Rock\n|-ability|p1a: Zygarde|Aura Break\n|move|p2a: Shuckle|Sticky Web|p1a: Zygarde\n|-sidestart|p1: BigL91|move: Sticky Web\n|\n|upkeep\n|turn|9\n|\n|move|p1a: Zygarde|Thousand Arrows|p2a: Shuckle\n|-damage|p2a: Shuckle|36\/100\n|move|p2a: Shuckle|Encore|p1a: Zygarde\n|-start|p1a: Zygarde|Encore\n|\n|upkeep\n|turn|10\n|\n|move|p1a: Zygarde|Thousand Arrows|p2a: Shuckle\n|-damage|p2a: Shuckle|0 fnt\n|faint|p2a: Shuckle\n|\n|upkeep\n|\n|switch|p2a: Heracross|Heracross, M|100\/100\n|-damage|p2a: Heracross|88\/100|[from] Stealth Rock\n|turn|11\n|\n|detailschange|p2a: Heracross|Heracross-Mega, M\n|-mega|p2a: Heracross|Heracross|Heracronite\n|move|p1a: Zygarde|Thousand Arrows|p2a: Heracross\n|-resisted|p2a: Heracross\n|-damage|p2a: Heracross|55\/100\n|move|p2a: Heracross|Swords Dance|p2a: Heracross\n|-boost|p2a: Heracross|atk|2\n|\n|upkeep\n|turn|12\n|\n|switch|p1a: Magearna|Magearna|100\/100\n|-damage|p1a: Magearna|94\/100|[from] Stealth Rock\n|-activate|p1a: Magearna|move: Sticky Web\n|-unboost|p1a: Magearna|spe|1\n|move|p2a: Heracross|Pin Missile|p1a: Magearna\n|-resisted|p1a: Magearna\n|-damage|p1a: Magearna|87\/100\n|-resisted|p1a: Magearna\n|-damage|p1a: Magearna|78\/100\n|-resisted|p1a: Magearna\n|-damage|p1a: Magearna|71\/100\n|-resisted|p1a: Magearna\n|-damage|p1a: Magearna|64\/100\n|-resisted|p1a: Magearna\n|-damage|p1a: Magearna|56\/100\n|-hitcount|p1a: Magearna|5\n|\n|upkeep\n|turn|13\n|\n|move|p2a: Heracross|Close Combat|p1a: Magearna\n|-damage|p1a: Magearna|0 fnt\n|-unboost|p2a: Heracross|def|1\n|-unboost|p2a: Heracross|spd|1\n|faint|p1a: Magearna\n|\n|upkeep\n|\n|switch|p1a: Lopunny|Lopunny, F, shiny|100\/100\n|-activate|p1a: Lopunny|move: Sticky Web\n|-unboost|p1a: Lopunny|spe|1\n|-damage|p1a: Lopunny|88\/100|[from] Stealth Rock\n|turn|14\n|\n|switch|p2a: Clefable|Clefable, F|100\/100\n|detailschange|p1a: Lopunny|Lopunny-Mega, F, shiny\n|-mega|p1a: Lopunny|Lopunny|Lopunnite\n|move|p1a: Lopunny|Fake Out|p2a: Clefable\n|-damage|p2a: Clefable|85\/100\n|\n|-heal|p2a: Clefable|91\/100|[from] item: Leftovers\n|upkeep\n|turn|15\n|\n|switch|p2a: Heracross|Heracross-Mega, M|55\/100\n|-damage|p2a: Heracross|43\/100|[from] Stealth Rock\n|move|p1a: Lopunny|Return|p2a: Heracross\n|-damage|p2a: Heracross|0 fnt\n|faint|p2a: Heracross\n|\n|upkeep\n|\n|switch|p2a: Hoopa|Hoopa-Unbound|100\/100\n|-damage|p2a: Hoopa|88\/100|[from] Stealth Rock\n|turn|16\n|\n|move|p2a: Hoopa|Psychic|p1a: Lopunny\n|-supereffective|p1a: Lopunny\n|-damage|p1a: Lopunny|0 fnt\n|-damage|p2a: Hoopa|78\/100|[from] item: Life Orb\n|faint|p1a: Lopunny\n|\n|upkeep\n|\n|switch|p1a: Tapu Koko|Tapu Koko|93\/100\n|-activate|p1a: Tapu Koko|move: Sticky Web\n|-unboost|p1a: Tapu Koko|spe|1\n|-damage|p1a: Tapu Koko|81\/100|[from] Stealth Rock\n|-fieldstart|move: Electric Terrain|[from] ability: Electric Surge|[of] p1a: Tapu Koko\n|turn|17\n|\n|move|p2a: Hoopa|Psychic|p1a: Tapu Koko\n|-damage|p1a: Tapu Koko|0 fnt\n|-damage|p2a: Hoopa|68\/100|[from] item: Life Orb\n|faint|p1a: Tapu Koko\n|\n|upkeep\n|\n|switch|p1a: Kikoupe|Kartana|100\/100\n|-activate|p1a: Kikoupe|move: Sticky Web\n|-unboost|p1a: Kikoupe|spe|1\n|-damage|p1a: Kikoupe|94\/100|[from] Stealth Rock\n|turn|18\n|\n|move|p1a: Kikoupe|Leaf Blade|p2a: Hoopa\n|-damage|p2a: Hoopa|0 fnt\n|faint|p2a: Hoopa\n|-ability|p1a: Kikoupe|Beast Boost|boost\n|-boost|p1a: Kikoupe|atk|1\n|\n|upkeep\n|\n|switch|p2a: Magearna|Magearna|100\/100\n|-damage|p2a: Magearna|95\/100|[from] Stealth Rock\n|turn|19\n|\n|move|p1a: Kikoupe|Leaf Blade|p2a: Magearna\n|-resisted|p2a: Magearna\n|-crit|p2a: Magearna\n|-damage|p2a: Magearna|29\/100\n|move|p2a: Magearna|Shift Gear|p2a: Magearna\n|-boost|p2a: Magearna|spe|2\n|-boost|p2a: Magearna|atk|1\n|\n|upkeep\n|turn|20\n|\n|-zpower|p2a: Magearna\n|move|p2a: Magearna|Twinkle Tackle|p1a: Kikoupe|[zeffect]\n|-resisted|p1a: Kikoupe\n|-damage|p1a: Kikoupe|0 fnt\n|faint|p1a: Kikoupe\n|-ability|p2a: Magearna|Soul-Heart|boost\n|-boost|p2a: Magearna|spa|1\n|\n|upkeep\n|\n|switch|p1a: Excadrill|Excadrill, M|96\/100\n|-damage|p1a: Excadrill|93\/100|[from] Stealth Rock\n|-activate|p1a: Excadrill|move: Sticky Web\n|-unboost|p1a: Excadrill|spe|1\n|-ability|p1a: Excadrill|Mold Breaker\n|turn|21\n|\n|move|p2a: Magearna|Focus Blast|p1a: Excadrill\n|-supereffective|p1a: Excadrill\n|-damage|p1a: Excadrill|0 fnt\n|faint|p1a: Excadrill\n|-ability|p2a: Magearna|Soul-Heart|boost\n|-boost|p2a: Magearna|spa|1\n|\n|-fieldend|move: Electric Terrain\n|upkeep\n|\n|switch|p1a: Zygarde|Zygarde|94\/100\n|-activate|p1a: Zygarde|move: Sticky Web\n|-unboost|p1a: Zygarde|spe|1\n|-damage|p1a: Zygarde|88\/100|[from] Stealth Rock\n|-ability|p1a: Zygarde|Aura Break\n|turn|22\n|\n|move|p2a: Magearna|Fleur Cannon|p1a: Zygarde\n|-supereffective|p1a: Zygarde\n|-damage|p1a: Zygarde|0 fnt\n|-unboost|p2a: Magearna|spa|2\n|faint|p1a: Zygarde\n|\n|win|podtastic1\n|l|\u2606BigL91\n|raw|BigL91's rating: 1594 &rarr; <strong>1573<\/strong><br \/>(-21 for losing)\n|raw|podtastic1's rating: 1574 &rarr; <strong>1595<\/strong><br \/>(+21 for winning)\n","inputlog":null,"uploadtime":1528502775,"views":10,"p1id":"bigl91","p2id":"podtastic1","formatid":"gen7ou","rating":1573,"private":0,"password":null}