{"id":"gen7zu-1678764265","p1":"pinorska","p2":"ayevon","format":"gen7zu","log":"|j|\u2606pinorska\n|j|\u2606ayevon\n|t:|1665021430\n|gametype|singles\n|player|p1|pinorska|jasmine-masters|\n|player|p2|ayevon|170|\n|teamsize|p1|6\n|teamsize|p2|6\n|gen|7\n|tier|[Gen 7] ZU\n|rated|Tournament battle\n|rule|Sleep Clause Mod: Limit one foe put to sleep\n|rule|Species Clause: Limit one of each Pok\u00e9mon\n|rule|OHKO Clause: OHKO moves are banned\n|rule|Moody Clause: Moody is banned\n|rule|Evasion Items Clause: Evasion items are banned\n|rule|Evasion Moves Clause: Evasion moves are banned\n|rule|Endless Battle Clause: Forcing endless battles is banned\n|rule|HP Percentage Mod: HP is shown in percentages\n|clearpoke\n|poke|p1|Swoobat, F|item\n|poke|p1|Bibarel, M|item\n|poke|p1|Electrode|item\n|poke|p1|Golem, F|item\n|poke|p1|Huntail, M|item\n|poke|p1|Kadabra, F|item\n|poke|p2|Chatot, F|item\n|poke|p2|Wishiwashi, L99, F|item\n|poke|p2|Marowak, F|item\n|poke|p2|Electivire, F|item\n|poke|p2|Gourgeist-*, F|item\n|poke|p2|Silvally-*|item\n|teampreview\n|inactive|Battle timer is ON: inactive players will automatically lose when time's up. (requested by pinorska)\n|inactive|ayevon also wants the timer to be on.\n|j|%scarywooper\n|\n|t:|1665021443\n|start\n|switch|p1a: Kadabra|Kadabra, F|100\/100\n|switch|p2a: Marowak|Marowak, F|100\/100\n|turn|1\n|c|%scarywooper|go aye\n|\n|t:|1665021450\n|switch|p2a: Wishiwashi|Wishiwashi, L99, F|100\/100\n|-formechange|p2a: Wishiwashi|Wishiwashi-School||[from] ability: Schooling\n|move|p1a: Kadabra|Counter||[still]\n|-fail|p1a: Kadabra\n|\n|upkeep\n|turn|2\n|\n|t:|1665021456\n|switch|p1a: Electrode|Electrode|100\/100\n|move|p2a: Wishiwashi|Scald|p1a: Electrode\n|-damage|p1a: Electrode|57\/100\n|\n|upkeep\n|turn|3\n|\n|t:|1665021463\n|move|p1a: Electrode|Light Screen|p1a: Electrode\n|-sidestart|p1: pinorska|move: Light Screen\n|move|p2a: Wishiwashi|Scald|p1a: Electrode\n|-damage|p1a: Electrode|35\/100\n|\n|upkeep\n|turn|4\n|\n|t:|1665021466\n|move|p1a: Electrode|Reflect|p1a: Electrode\n|-sidestart|p1: pinorska|Reflect\n|move|p2a: Wishiwashi|U-turn|p1a: Electrode\n|-crit|p1a: Electrode\n|-damage|p1a: Electrode|0 fnt\n|-damage|p2a: Wishiwashi|76\/100|[from] ability: Aftermath|[of] p1a: Electrode\n|faint|p1a: Electrode\n|j| LustfulLice\n|c|\u2606pinorska|that crit is bm\n|c|\u2606ayevon|that helps you tbh\n|l| LustfulLice\n|c|\u2606pinorska|i know but i wanted to boom\n|\n|t:|1665021489\n|switch|p2a: Gourgeist|Gourgeist-Small, F|100\/100|[from]move: U-turn\n|\n|upkeep\n|\n|t:|1665021497\n|switch|p1a: Huntail|Huntail, M|100\/100\n|turn|5\n|\n|t:|1665021504\n|move|p2a: Gourgeist|Will-O-Wisp|p1a: Huntail\n|-status|p1a: Huntail|brn\n|move|p1a: Huntail|Shell Smash|p1a: Huntail\n|-unboost|p1a: Huntail|def|1\n|-unboost|p1a: Huntail|spd|1\n|-boost|p1a: Huntail|atk|2\n|-boost|p1a: Huntail|spa|2\n|-boost|p1a: Huntail|spe|2\n|\n|-damage|p1a: Huntail|95\/100 brn|[from] brn\n|upkeep\n|turn|6\n|\n|t:|1665021512\n|switch|p2a: Wishiwashi|Wishiwashi, L99, F|76\/100\n|-formechange|p2a: Wishiwashi|Wishiwashi-School||[from] ability: Schooling\n|move|p1a: Huntail|Ice Beam|p2a: Wishiwashi\n|-resisted|p2a: Wishiwashi\n|-damage|p2a: Wishiwashi|57\/100\n|-damage|p1a: Huntail|85\/100 brn|[from] item: Life Orb\n|\n|-heal|p2a: Wishiwashi|63\/100|[from] item: Leftovers\n|-damage|p1a: Huntail|79\/100 brn|[from] brn\n|upkeep\n|turn|7\n|\n|t:|1665021519\n|move|p1a: Huntail|Waterfall|p2a: Wishiwashi\n|-resisted|p2a: Wishiwashi\n|-damage|p2a: Wishiwashi|38\/100\n|-damage|p1a: Huntail|69\/100 brn|[from] item: Life Orb\n|move|p2a: Wishiwashi|U-turn|p1a: Huntail\n|-damage|p1a: Huntail|48\/100 brn\n|\n|t:|1665021525\n|switch|p2a: Electivire|Electivire, F|100\/100|[from]move: U-turn\n|\n|-damage|p1a: Huntail|42\/100 brn|[from] brn\n|upkeep\n|turn|8\n|\n|t:|1665021530\n|switch|p1a: Golem|Golem, F|100\/100\n|move|p2a: Electivire|Volt Switch|p1a: Golem\n|-immune|p1a: Golem\n|\n|upkeep\n|turn|9\n|\n|t:|1665021531\n|switch|p2a: Gourgeist|Gourgeist-Small, F|100\/100\n|-item|p1a: Golem|Custap Berry|[from] ability: Frisk|[of] p2a: Gourgeist|[identify]\n|move|p1a: Golem|Stealth Rock|p2a: Gourgeist\n|-sidestart|p2: ayevon|move: Stealth Rock\n|\n|upkeep\n|turn|10\n|\n|t:|1665021540\n|switch|p1a: Huntail|Huntail, M|42\/100 brn\n|move|p2a: Gourgeist|Will-O-Wisp|p1a: Huntail\n|-fail|p1a: Huntail|brn\n|\n|-damage|p1a: Huntail|36\/100 brn|[from] brn\n|-sideend|p1: pinorska|move: Light Screen\n|upkeep\n|turn|11\n|\n|t:|1665021542\n|switch|p2a: Silvally|Silvally-Poison|100\/100\n|-damage|p2a: Silvally|88\/100|[from] Stealth Rock\n|move|p1a: Huntail|Ice Beam|p2a: Silvally\n|-damage|p2a: Silvally|63\/100\n|-status|p2a: Silvally|frz\n|-damage|p1a: Huntail|26\/100 brn|[from] item: Life Orb\n|\n|-damage|p1a: Huntail|20\/100 brn|[from] brn\n|-sideend|p1: pinorska|Reflect\n|upkeep\n|turn|12\n|\n|t:|1665021545\n|cant|p2a: Silvally|frz\n|move|p1a: Huntail|Waterfall|p2a: Silvally\n|-damage|p2a: Silvally|38\/100 frz\n|-damage|p1a: Huntail|10\/100 brn|[from] item: Life Orb\n|\n|-damage|p1a: Huntail|4\/100 brn|[from] brn\n|upkeep\n|turn|13\n|c|\u2606ayevon|bfdgkfhg;\n|\n|t:|1665021549\n|cant|p2a: Silvally|frz\n|move|p1a: Huntail|Waterfall|p2a: Silvally\n|-damage|p2a: Silvally|12\/100 frz\n|-damage|p1a: Huntail|0 fnt|[from] item: Life Orb\n|faint|p1a: Huntail\n|\n|upkeep\n|\n|t:|1665021552\n|switch|p1a: Bibarel|Bibarel, M|100\/100\n|turn|14\n|\n|t:|1665021555\n|move|p1a: Bibarel|Swords Dance|p1a: Bibarel\n|-boost|p1a: Bibarel|atk|4\n|-curestatus|p2a: Silvally|frz|[msg]\n|move|p2a: Silvally|Thunderbolt|p1a: Bibarel\n|-supereffective|p1a: Bibarel\n|-damage|p1a: Bibarel|8\/100\n|\n|upkeep\n|turn|15\n|\n|t:|1665021561\n|move|p1a: Bibarel|Aqua Jet|p2a: Silvally\n|-damage|p2a: Silvally|0 fnt\n|faint|p2a: Silvally\n|-damage|p1a: Bibarel|0 fnt|[from] item: Life Orb\n|faint|p1a: Bibarel\n|\n|upkeep\n|c|\u2606pinorska|it got a kill\n|\n|t:|1665021570\n|switch|p1a: Kadabra|Kadabra, F|100\/100\n|switch|p2a: Marowak|Marowak, F|100\/100\n|-damage|p2a: Marowak|94\/100|[from] Stealth Rock\n|turn|16\n|\n|t:|1665021574\n|move|p2a: Marowak|Knock Off|p1a: Kadabra\n|-supereffective|p1a: Kadabra\n|-enditem|p1a: Kadabra|Focus Sash\n|-damage|p1a: Kadabra|1\/100\n|move|p1a: Kadabra|Counter|p2a: Marowak\n|-damage|p2a: Marowak|0 fnt\n|faint|p2a: Marowak\n|\n|upkeep\n|\n|t:|1665021580\n|switch|p2a: Electivire|Electivire, F|100\/100\n|-damage|p2a: Electivire|88\/100|[from] Stealth Rock\n|turn|17\n|\n|t:|1665021589\n|switch|p1a: Golem|Golem, F|100\/100\n|move|p2a: Electivire|Ice Punch|p1a: Golem\n|-supereffective|p1a: Golem\n|-damage|p1a: Golem|57\/100\n|\n|upkeep\n|turn|18\n|\n|t:|1665021596\n|switch|p1a: Kadabra|Kadabra, F|1\/100\n|move|p2a: Electivire|Ice Punch|p1a: Kadabra\n|-damage|p1a: Kadabra|0 fnt\n|faint|p1a: Kadabra\n|\n|upkeep\n|\n|t:|1665021599\n|switch|p1a: Golem|Golem, F|57\/100\n|turn|19\n|\n|t:|1665021624\n|switch|p2a: Gourgeist|Gourgeist-Small, F|100\/100\n|-damage|p2a: Gourgeist|88\/100|[from] Stealth Rock\n|-item|p1a: Golem|Custap Berry|[from] ability: Frisk|[of] p2a: Gourgeist|[identify]\n|move|p1a: Golem|Earthquake|p2a: Gourgeist\n|-resisted|p2a: Gourgeist\n|-damage|p2a: Gourgeist|62\/100\n|\n|upkeep\n|turn|20\n|\n|t:|1665021635\n|switch|p1a: Swoobat|Swoobat, F|100\/100\n|move|p2a: Gourgeist|Foul Play|p1a: Swoobat\n|-supereffective|p1a: Swoobat\n|-crit|p1a: Swoobat\n|-damage|p1a: Swoobat|37\/100\n|\n|upkeep\n|turn|21\n|\n|t:|1665021640\n|switch|p2a: Electivire|Electivire, F|88\/100\n|-damage|p2a: Electivire|76\/100|[from] Stealth Rock\n|move|p1a: Swoobat|Substitute|p1a: Swoobat\n|-start|p1a: Swoobat|Substitute\n|-damage|p1a: Swoobat|12\/100\n|-enditem|p1a: Swoobat|Salac Berry|[eat]\n|-boost|p1a: Swoobat|spe|2|[from] item: Salac Berry\n|\n|upkeep\n|turn|22\n|\n|t:|1665021644\n|move|p1a: Swoobat|Calm Mind|p1a: Swoobat\n|-boost|p1a: Swoobat|spa|2\n|-boost|p1a: Swoobat|spd|2\n|move|p2a: Electivire|Ice Punch|p1a: Swoobat\n|-supereffective|p1a: Swoobat\n|-end|p1a: Swoobat|Substitute\n|\n|upkeep\n|turn|23\n|\n|t:|1665021650\n|move|p1a: Swoobat|Stored Power|p2a: Electivire\n|-damage|p2a: Electivire|0 fnt\n|faint|p2a: Electivire\n|\n|upkeep\n|\n|t:|1665021652\n|switch|p2a: Gourgeist|Gourgeist-Small, F|62\/100\n|-damage|p2a: Gourgeist|50\/100|[from] Stealth Rock\n|turn|24\n|\n|t:|1665021655\n|move|p1a: Swoobat|Stored Power|p2a: Gourgeist\n|-damage|p2a: Gourgeist|0 fnt\n|faint|p2a: Gourgeist\n|\n|upkeep\n|c|\u2606pinorska|whyd u switch\n|c|\u2606ayevon|idk what these things do\n|c|\u2606pinorska|i made this team\n|c|\u2606ayevon|i didnt know it was sub salac\n|inactive|ayevon has 120 seconds left.\n|c|\u2606pinorska|back when i was so ass at zu\n|\n|t:|1665021691\n|switch|p2a: Wishiwashi|Wishiwashi, L99, F|38\/100\n|-damage|p2a: Wishiwashi|26\/100|[from] Stealth Rock\n|-formechange|p2a: Wishiwashi|Wishiwashi-School||[from] ability: Schooling\n|turn|25\n|c|\u2606pinorska|that i had my own meme channel\n|\n|t:|1665021696\n|move|p1a: Swoobat|Stored Power|p2a: Wishiwashi\n|-damage|p2a: Wishiwashi|0 fnt\n|faint|p2a: Wishiwashi\n|\n|upkeep\n|\n|t:|1665021698\n|switch|p2a: Chatot|Chatot, F|100\/100\n|-damage|p2a: Chatot|76\/100|[from] Stealth Rock\n|turn|26\n|\n|t:|1665021700\n|move|p1a: Swoobat|Stored Power|p2a: Chatot\n|-damage|p2a: Chatot|0 fnt\n|faint|p2a: Chatot\n|\n|win|pinorska\n|n|\u2606pinorska|pinorska\n|n|\u2606ayevon|ayevon\n|n| scarywooper|scarywooper\n","uploadtime":1665021702,"views":4,"p1id":"pinorska","p2id":"ayevon","formatid":"gen7zu","rating":0,"private":0,"password":null}