{"id":"gen7ou-962329110","p1":"Lunar Neo","p2":"MelissaRoadto1800","format":"gen7ou","log":"|j|\u2606Lunar Neo\n|j|\u2606MelissaRoadto1800\n|player|p1|Lunar Neo|248|1594\n|player|p2|MelissaRoadto1800|34|1607\n|teamsize|p1|6\n|teamsize|p2|6\n|gametype|singles\n|gen|7\n|tier|[Gen 7] OU\n|rated|\n|rule|Sleep Clause Mod: Limit one foe put to sleep\n|rule|Species Clause: Limit one of each Pok\u00e9mon\n|rule|OHKO Clause: OHKO moves are banned\n|rule|Moody Clause: Moody is banned\n|rule|Evasion Moves Clause: Evasion moves are banned\n|rule|Endless Battle Clause: Forcing endless battles is banned\n|rule|HP Percentage Mod: HP is shown in percentages\n|clearpoke\n|poke|p1|Zapdos|item\n|poke|p1|Keldeo-Resolute|item\n|poke|p1|Scizor, M|item\n|poke|p1|Hydreigon, M|item\n|poke|p1|Mamoswine, M|item\n|poke|p1|Blacephalon|item\n|poke|p2|Scizor, M|item\n|poke|p2|Rotom-Wash|item\n|poke|p2|Landorus-Therian, M|item\n|poke|p2|Kyurem-Black|item\n|poke|p2|Tapu Koko|item\n|poke|p2|Heatran, M|item\n|teampreview\n|\n|start\n|switch|p1a: Hydreigon|Hydreigon, M|100\/100\n|switch|p2a: Rotom|Rotom-Wash|100\/100\n|turn|1\n|\n|move|p1a: Hydreigon|Dark Pulse|p2a: Rotom\n|-damage|p2a: Rotom|59\/100\n|-damage|p1a: Hydreigon|91\/100|[from] item: Life Orb\n|move|p2a: Rotom|Volt Switch|p1a: Hydreigon\n|-resisted|p1a: Hydreigon\n|-crit|p1a: Hydreigon\n|-damage|p1a: Hydreigon|68\/100\n|\n|switch|p2a: Tapu Koko|Tapu Koko|100\/100|[from]move: Volt Switch\n|-fieldstart|move: Electric Terrain|[from] ability: Electric Surge|[of] p2a: Tapu Koko\n|\n|upkeep\n|turn|2\n|\n|switch|p1a: Mamoswine|Mamoswine, M|100\/100\n|move|p2a: Tapu Koko|U-turn|p1a: Mamoswine\n|-damage|p1a: Mamoswine|85\/100\n|l|\u2606MelissaRoadto1800\n|player|p2|\n|inactive|Battle timer is ON: inactive players will automatically lose when time's up. (requested by Lunar Neo)\n|j|\u2606MelissaRoadto1800\n|inactive|MelissaRoadto1800 reconnected and has 140 seconds left.\n|player|p2|MelissaRoadto1800|34\n|inactive|MelissaRoadto1800 has 120 seconds left.\n|\n|switch|p2a: Rotom|Rotom-Wash|59\/100|[from]move: U-turn\n|\n|upkeep\n|turn|3\n|\n|switch|p1a: Hydreigon|Hydreigon, M|68\/100\n|move|p2a: Rotom|Toxic|p1a: Hydreigon\n|-status|p1a: Hydreigon|tox\n|\n|-damage|p1a: Hydreigon|61\/100 tox|[from] psn\n|upkeep\n|turn|4\n|\n|switch|p2a: Tapu Koko|Tapu Koko|100\/100\n|move|p1a: Hydreigon|Draco Meteor|p2a: Tapu Koko\n|-immune|p2a: Tapu Koko\n|\n|-damage|p1a: Hydreigon|49\/100 tox|[from] psn\n|upkeep\n|turn|5\n|\n|switch|p1a: Zapdos|Zapdos, shiny|100\/100\n|move|p2a: Tapu Koko|U-turn|p1a: Zapdos\n|-resisted|p1a: Zapdos\n|-damage|p1a: Zapdos|94\/100\n|\n|switch|p2a: Kyurem|Kyurem-Black|100\/100|[from]move: U-turn\n|-ability|p2a: Kyurem|Teravolt\n|\n|-heal|p1a: Zapdos|99\/100|[from] item: Leftovers\n|-fieldend|move: Electric Terrain\n|upkeep\n|turn|6\n|\n|switch|p1a: Keldeo|Keldeo-Resolute|100\/100\n|move|p2a: Kyurem|Ice Beam|p1a: Keldeo\n|-resisted|p1a: Keldeo\n|-damage|p1a: Keldeo|67\/100\n|-damage|p2a: Kyurem|91\/100|[from] item: Life Orb\n|\n|upkeep\n|turn|7\n|\n|switch|p2a: Tapu Koko|Tapu Koko|100\/100\n|-fieldstart|move: Electric Terrain|[from] ability: Electric Surge|[of] p2a: Tapu Koko\n|move|p1a: Keldeo|Secret Sword|p2a: Tapu Koko\n|-resisted|p2a: Tapu Koko\n|-damage|p2a: Tapu Koko|68\/100\n|\n|upkeep\n|turn|8\n|\n|move|p2a: Tapu Koko|U-turn|p1a: Keldeo\n|-resisted|p1a: Keldeo\n|-damage|p1a: Keldeo|58\/100\n|\n|switch|p2a: Rotom|Rotom-Wash|59\/100|[from]move: U-turn\n|move|p1a: Keldeo|Secret Sword|p2a: Rotom\n|-damage|p2a: Rotom|16\/100\n|-enditem|p2a: Rotom|Iapapa Berry|[eat]\n|-heal|p2a: Rotom|66\/100|[from] item: Iapapa Berry\n|\n|upkeep\n|turn|9\n|\n|switch|p1a: Hydreigon|Hydreigon, M|49\/100 tox\n|move|p2a: Rotom|Volt Switch|p1a: Hydreigon\n|-resisted|p1a: Hydreigon\n|-damage|p1a: Hydreigon|35\/100 tox\n|\n|switch|p2a: Tapu Koko|Tapu Koko|68\/100|[from]move: Volt Switch\n|\n|-damage|p1a: Hydreigon|29\/100 tox|[from] psn\n|upkeep\n|turn|10\n|\n|switch|p1a: Scizor|Scizor, M|100\/100\n|move|p2a: Tapu Koko|U-turn|p1a: Scizor\n|-resisted|p1a: Scizor\n|-damage|p1a: Scizor|93\/100\n|\n|switch|p2a: Heatran|Heatran, M|100\/100|[from]move: U-turn\n|\n|upkeep\n|turn|11\n|\n|switch|p1a: Keldeo|Keldeo-Resolute|58\/100\n|move|p2a: Heatran|Magma Storm|p1a: Keldeo|[miss]\n|-miss|p2a: Heatran|p1a: Keldeo\n|\n|-fieldend|move: Electric Terrain\n|upkeep\n|turn|12\n|\n|switch|p2a: Landorus|Landorus-Therian, M|100\/100\n|-ability|p2a: Landorus|Intimidate|boost\n|-unboost|p1a: Keldeo|atk|1\n|move|p1a: Keldeo|Hydro Pump|p2a: Landorus\n|-supereffective|p2a: Landorus\n|-damage|p2a: Landorus|0 fnt\n|faint|p2a: Landorus\n|\n|upkeep\n|\n|switch|p2a: Rotom|Rotom-Wash|66\/100\n|turn|13\n|\n|switch|p1a: Zapdos|Zapdos, shiny|99\/100\n|move|p2a: Rotom|Toxic|p1a: Zapdos\n|-status|p1a: Zapdos|tox\n|\n|-heal|p1a: Zapdos|100\/100 tox|[from] item: Leftovers\n|-damage|p1a: Zapdos|94\/100 tox|[from] psn\n|upkeep\n|turn|14\n|\n|move|p1a: Zapdos|Discharge|p2a: Rotom\n|-damage|p2a: Rotom|40\/100\n|move|p2a: Rotom|Hydro Pump|p1a: Zapdos\n|-damage|p1a: Zapdos|59\/100 tox\n|\n|-heal|p1a: Zapdos|65\/100 tox|[from] item: Leftovers\n|-damage|p1a: Zapdos|53\/100 tox|[from] psn\n|upkeep\n|turn|15\n|\n|move|p1a: Zapdos|Roost|p1a: Zapdos\n|-heal|p1a: Zapdos|100\/100 tox\n|-singleturn|p1a: Zapdos|move: Roost\n|move|p2a: Rotom|Volt Switch|p1a: Zapdos\n|-resisted|p1a: Zapdos\n|-damage|p1a: Zapdos|87\/100 tox\n|\n|switch|p2a: Heatran|Heatran, M|100\/100|[from]move: Volt Switch\n|\n|-heal|p1a: Zapdos|94\/100 tox|[from] item: Leftovers\n|-damage|p1a: Zapdos|75\/100 tox|[from] psn\n|upkeep\n|turn|16\n|\n|switch|p1a: Keldeo|Keldeo-Resolute|58\/100\n|move|p2a: Heatran|Magma Storm|p1a: Keldeo\n|-resisted|p1a: Keldeo\n|-damage|p1a: Keldeo|26\/100\n|-activate|p1a: Keldeo|move: Magma Storm|[of] p2a: Heatran\n|\n|-damage|p1a: Keldeo|14\/100|[from] move: Magma Storm|[partiallytrapped]\n|upkeep\n|turn|17\n|\n|switch|p2a: Rotom|Rotom-Wash|40\/100\n|-zpower|p1a: Keldeo\n|move|p1a: Keldeo|Hydro Vortex|p2a: Rotom|[zeffect]\n|-resisted|p2a: Rotom\n|-damage|p2a: Rotom|1\/100\n|\n|-end|p1a: Keldeo|Magma Storm|[partiallytrapped]|[silent]\n|upkeep\n|turn|18\n|\n|move|p1a: Keldeo|Secret Sword|p2a: Rotom\n|-damage|p2a: Rotom|0 fnt\n|faint|p2a: Rotom\n|\n|upkeep\n|\n|switch|p2a: Tapu Koko|Tapu Koko|68\/100\n|-fieldstart|move: Electric Terrain|[from] ability: Electric Surge|[of] p2a: Tapu Koko\n|turn|19\n|\n|switch|p1a: Scizor|Scizor, M|93\/100\n|move|p2a: Tapu Koko|U-turn|p1a: Scizor\n|-resisted|p1a: Scizor\n|-damage|p1a: Scizor|85\/100\n|\n|switch|p2a: Heatran|Heatran, M|100\/100|[from]move: U-turn\n|\n|upkeep\n|turn|20\n|\n|detailschange|p1a: Scizor|Scizor-Mega, M\n|-mega|p1a: Scizor|Scizor|Scizorite\n|move|p2a: Heatran|Magma Storm|p1a: Scizor\n|-supereffective|p1a: Scizor\n|-damage|p1a: Scizor|0 fnt\n|faint|p1a: Scizor\n|\n|upkeep\n|\n|switch|p1a: Hydreigon|Hydreigon, M|29\/100 tox\n|turn|21\n|c|\u2606Lunar Neo|misclick\n|\n|switch|p2a: Kyurem|Kyurem-Black|91\/100\n|-ability|p2a: Kyurem|Teravolt\n|move|p1a: Hydreigon|Dark Pulse|p2a: Kyurem\n|-damage|p2a: Kyurem|33\/100\n|-damage|p1a: Hydreigon|19\/100 tox|[from] item: Life Orb\n|\n|-damage|p1a: Hydreigon|13\/100 tox|[from] psn\n|upkeep\n|turn|22\n|\n|switch|p2a: Tapu Koko|Tapu Koko|68\/100\n|move|p1a: Hydreigon|Dark Pulse|p2a: Tapu Koko\n|-resisted|p2a: Tapu Koko\n|-damage|p2a: Tapu Koko|25\/100\n|-damage|p1a: Hydreigon|3\/100 tox|[from] item: Life Orb\n|\n|-damage|p1a: Hydreigon|0 fnt|[from] psn\n|faint|p1a: Hydreigon\n|upkeep\n|\n|switch|p1a: Mamoswine|Mamoswine, M|85\/100\n|turn|23\n|\n|switch|p2a: Scizor|Scizor, M|100\/100\n|move|p1a: Mamoswine|Stealth Rock|p2a: Scizor\n|-sidestart|p2: MelissaRoadto1800|move: Stealth Rock\n|\n|-fieldend|move: Electric Terrain\n|upkeep\n|turn|24\n|\n|switch|p1a: Blacephalon|Blacephalon|100\/100\n|detailschange|p2a: Scizor|Scizor-Mega, M\n|-mega|p2a: Scizor|Scizor|Scizorite\n|move|p2a: Scizor|U-turn|p1a: Blacephalon\n|-resisted|p1a: Blacephalon\n|-damage|p1a: Blacephalon|77\/100\n|\n|switch|p2a: Heatran|Heatran, M|100\/100|[from]move: U-turn\n|-damage|p2a: Heatran|88\/100|[from] Stealth Rock\n|\n|upkeep\n|turn|25\n|\n|switch|p1a: Zapdos|Zapdos, shiny|75\/100 tox\n|move|p2a: Heatran|Earth Power|p1a: Zapdos\n|-immune|p1a: Zapdos\n|\n|-heal|p1a: Zapdos|81\/100 tox|[from] item: Leftovers\n|-damage|p1a: Zapdos|75\/100 tox|[from] psn\n|upkeep\n|turn|26\n|\n|-zpower|p2a: Heatran\n|move|p2a: Heatran|Inferno Overdrive|p1a: Zapdos|[zeffect]\n|-crit|p1a: Zapdos\n|-damage|p1a: Zapdos|0 fnt\n|faint|p1a: Zapdos\n|\n|upkeep\n|\n|switch|p1a: Keldeo|Keldeo-Resolute|14\/100\n|turn|27\n|\n|move|p1a: Keldeo|Secret Sword|p2a: Heatran\n|-supereffective|p2a: Heatran\n|-damage|p2a: Heatran|0 fnt\n|faint|p2a: Heatran\n|\n|upkeep\n|\n|switch|p2a: Scizor|Scizor-Mega, M|100\/100\n|-damage|p2a: Scizor|88\/100|[from] Stealth Rock\n|turn|28\n|\n|move|p1a: Keldeo|Secret Sword|p2a: Scizor\n|-damage|p2a: Scizor|48\/100\n|move|p2a: Scizor|Swords Dance|p2a: Scizor\n|-boost|p2a: Scizor|atk|2\n|\n|upkeep\n|turn|29\n|\n|move|p2a: Scizor|Bullet Punch|p1a: Keldeo\n|-resisted|p1a: Keldeo\n|-damage|p1a: Keldeo|0 fnt\n|faint|p1a: Keldeo\n|\n|upkeep\n|\n|switch|p1a: Blacephalon|Blacephalon|77\/100\n|turn|30\n|inactive|MelissaRoadto1800 has 120 seconds left.\n|\n|move|p2a: Scizor|Bullet Punch|p1a: Blacephalon\n|-resisted|p1a: Blacephalon\n|-damage|p1a: Blacephalon|0 fnt\n|faint|p1a: Blacephalon\n|\n|upkeep\n|c|\u2606Lunar Neo|oh what\n|\n|switch|p1a: Mamoswine|Mamoswine, M|85\/100\n|turn|31\n|inactive|MelissaRoadto1800 has 120 seconds left.\n|\n|move|p2a: Scizor|Bullet Punch|p1a: Mamoswine\n|-supereffective|p1a: Mamoswine\n|-damage|p1a: Mamoswine|0 fnt\n|faint|p1a: Mamoswine\n|\n|win|MelissaRoadto1800\n|c|\u2606MelissaRoadto1800|gg\n|l|\u2606Lunar Neo\n|j| SoyProYeah\n|raw|Lunar Neo's rating: 1594 &rarr; <strong>1576<\/strong><br \/>(-18 for losing)\n|raw|MelissaRoadto1800's rating: 1629 &rarr; <strong>1647<\/strong><br \/>(+18 for winning)\n","uploadtime":1566158955,"views":12,"p1id":"lunarneo","p2id":"melissaroadto1800","formatid":"gen7ou","rating":1576,"private":0,"password":null}