{"id":"gen7randombattle-1192893441","p1":"Chickpiee","p2":"AnubhavHimatsingka","format":"gen7randombattle","log":"|j|\u2606Chickpiee\n|j|\u2606AnubhavHimatsingka\n|t:|1601032308\n|player|p1|Chickpiee|caitlin|\n|player|p2|AnubhavHimatsingka|gambler|\n|teamsize|p1|6\n|teamsize|p2|6\n|gametype|singles\n|gen|7\n|tier|[Gen 7] Random Battle\n|rated|Tournament battle\n|rule|Sleep Clause Mod: Limit one foe put to sleep\n|rule|HP Percentage Mod: HP is shown in percentages\n|\n|t:|1601032308\n|start\n|switch|p1a: Roserade|Roserade, L84, F|238\/238\n|switch|p2a: Blaziken|Blaziken, L78, M|253\/253\n|turn|1\n|j| Tomoba\n|j| Treecko my boi\n|c| Treecko my boi|Gl guys\n|j| dinesh raj gujjula\n|inactive|Battle timer is ON: inactive players will automatically lose when time's up. (requested by Chickpiee)\n|c| dinesh raj gujjula|Hi\n|c|\u2606Chickpiee|Hf\n|j|+Raj 00\n|j| Kunjhu\n|c|\u2606AnubhavHimatsingka|Glhf :)\n|\n|t:|1601032356\n|switch|p1a: Primarina|Primarina, L82, M|265\/265\n|detailschange|p2a: Blaziken|Blaziken-Mega, L78, M\n|-mega|p2a: Blaziken|Blaziken|Blazikenite\n|move|p2a: Blaziken|Flare Blitz|p1a: Primarina\n|-resisted|p1a: Primarina\n|-damage|p1a: Primarina|173\/265\n|-damage|p2a: Blaziken|223\/253|[from] Recoil\n|\n|-ability|p2a: Blaziken|Speed Boost|boost\n|-boost|p2a: Blaziken|spe|1\n|upkeep\n|turn|2\n|j| SAnSkRiTi\n|\n|t:|1601032383\n|switch|p2a: Electivire|Electivire, L88, F|275\/275\n|move|p1a: Primarina|Hydro Pump|p2a: Electivire\n|-damage|p2a: Electivire|79\/275\n|\n|upkeep\n|turn|3\n|\n|t:|1601032390\n|switch|p1a: Roserade|Roserade, L84, F|238\/238\n|move|p2a: Electivire|Wild Charge|p1a: Roserade\n|-resisted|p1a: Roserade\n|-damage|p1a: Roserade|163\/238\n|-damage|p2a: Electivire|60\/275|[from] Recoil\n|\n|-heal|p1a: Roserade|177\/238|[from] item: Black Sludge\n|upkeep\n|turn|4\n|\n|t:|1601032396\n|move|p2a: Electivire|Earthquake|p1a: Roserade\n|-damage|p1a: Roserade|67\/238\n|move|p1a: Roserade|Toxic Spikes|p2a: Electivire\n|-sidestart|p2: AnubhavHimatsingka|move: Toxic Spikes\n|\n|-heal|p1a: Roserade|81\/238|[from] item: Black Sludge\n|upkeep\n|turn|5\n|\n|t:|1601032404\n|switch|p1a: Decidueye|Decidueye, L86, F|274\/274\n|move|p2a: Electivire|Earthquake|p1a: Decidueye\n|-resisted|p1a: Decidueye\n|-crit|p1a: Decidueye\n|-damage|p1a: Decidueye|195\/274\n|\n|-heal|p1a: Decidueye|212\/274|[from] item: Leftovers\n|upkeep\n|turn|6\n|\n|t:|1601032412\n|move|p2a: Electivire|Volt Switch|p1a: Decidueye\n|-resisted|p1a: Decidueye\n|-damage|p1a: Decidueye|177\/274\n|\n|t:|1601032415\n|switch|p2a: Nihilego|Nihilego, L82|313\/313\n|-item|p2a: Nihilego|Air Balloon\n|move|p1a: Decidueye|Roost|p1a: Decidueye\n|-heal|p1a: Decidueye|274\/274\n|-singleturn|p1a: Decidueye|move: Roost\n|\n|upkeep\n|turn|7\n|c|\u2606AnubhavHimatsingka|Pop my ballon\n|c|\u2606AnubhavHimatsingka|I dont want those spikes\n|n| Treecko my boi|treeckomyboi\n|inactive|Chickpiee has 120 seconds left.\n|c|\u2606AnubhavHimatsingka|Air ballon ke karan woh hate hi nahi\n|j| Yezumakia(\u2764)\n|\n|t:|1601032468\n|move|p2a: Nihilego|Power Gem|p1a: Decidueye\n|-damage|p1a: Decidueye|187\/274\n|move|p1a: Decidueye|Leaf Blade|p2a: Nihilego\n|-damage|p2a: Nihilego|132\/313\n|-enditem|p2a: Nihilego|Air Balloon\n|\n|-heal|p1a: Decidueye|204\/274|[from] item: Leftovers\n|upkeep\n|turn|8\n|\n|t:|1601032483\n|switch|p2a: Solgaleo|Solgaleo, L78|342\/342\n|move|p1a: Decidueye|Spirit Shackle|p2a: Solgaleo\n|-supereffective|p2a: Solgaleo\n|-damage|p2a: Solgaleo|174\/342\n|-activate|p2a: Solgaleo|trapped\n|\n|-heal|p1a: Decidueye|221\/274|[from] item: Leftovers\n|upkeep\n|turn|9\n|j|%Infinite Misery\n|\n|t:|1601032492\n|switch|p1a: Forretress|Forretress, L84, M|263\/263\n|move|p2a: Solgaleo|Zen Headbutt|p1a: Forretress\n|-resisted|p1a: Forretress\n|-damage|p1a: Forretress|230\/263\n|\n|-heal|p1a: Forretress|246\/263|[from] item: Leftovers\n|upkeep\n|turn|10\n|\n|t:|1601032501\n|switch|p2a: Espeon|Espeon, L84, M|246\/246\n|-status|p2a: Espeon|psn\n|move|p1a: Forretress|Stealth Rock|p2a: Espeon\n|move|p2a: Espeon|Stealth Rock|p1a: Forretress|[from]Magic Bounce\n|-sidestart|p1: Chickpiee|move: Stealth Rock\n|\n|-heal|p1a: Forretress|262\/263|[from] item: Leftovers\n|-damage|p2a: Espeon|216\/246 psn|[from] psn\n|upkeep\n|turn|11\n|\n|t:|1601032514\n|move|p2a: Espeon|Shadow Ball|p1a: Forretress\n|-damage|p1a: Forretress|170\/263\n|move|p1a: Forretress|Gyro Ball|p2a: Espeon\n|-damage|p2a: Espeon|119\/246 psn\n|\n|-heal|p2a: Espeon|134\/246 psn|[from] item: Leftovers\n|-heal|p1a: Forretress|186\/263|[from] item: Leftovers\n|-damage|p2a: Espeon|104\/246 psn|[from] psn\n|upkeep\n|turn|12\n|\n|t:|1601032526\n|switch|p2a: Blaziken|Blaziken-Mega, L78, M|223\/253\n|-status|p2a: Blaziken|psn\n|move|p1a: Forretress|Gyro Ball|p2a: Blaziken\n|-resisted|p2a: Blaziken\n|-damage|p2a: Blaziken|183\/253 psn\n|\n|-heal|p1a: Forretress|202\/263|[from] item: Leftovers\n|-damage|p2a: Blaziken|152\/253 psn|[from] psn\n|upkeep\n|turn|13\n|\n|t:|1601032537\n|switch|p1a: Roserade|Roserade, L84, F|81\/238\n|-damage|p1a: Roserade|52\/238|[from] Stealth Rock\n|move|p2a: Blaziken|Flare Blitz|p1a: Roserade\n|-supereffective|p1a: Roserade\n|-damage|p1a: Roserade|0 fnt\n|-damage|p2a: Blaziken|135\/253 psn|[from] Recoil\n|faint|p1a: Roserade\n|\n|-damage|p2a: Blaziken|104\/253 psn|[from] psn\n|-ability|p2a: Blaziken|Speed Boost|boost\n|-boost|p2a: Blaziken|spe|1\n|upkeep\n|j|+sirKira!Uzumaki\n|inactive|Chickpiee has 120 seconds left.\n|\n|t:|1601032551\n|switch|p1a: Primarina|Primarina, L82, M|173\/265\n|-damage|p1a: Primarina|140\/265|[from] Stealth Rock\n|turn|14\n|\n|t:|1601032558\n|switch|p2a: Nihilego|Nihilego, L82|132\/313\n|-sideend|p2: AnubhavHimatsingka|move: Toxic Spikes|[of] p2a: Nihilego\n|move|p1a: Primarina|Moonblast|p2a: Nihilego\n|-resisted|p2a: Nihilego\n|-damage|p2a: Nihilego|63\/313\n|-unboost|p2a: Nihilego|spa|1\n|\n|upkeep\n|turn|15\n|\n|t:|1601032566\n|move|p2a: Nihilego|Thunderbolt|p1a: Primarina\n|-supereffective|p1a: Primarina\n|-damage|p1a: Primarina|58\/265\n|move|p1a: Primarina|Moonblast|p2a: Nihilego\n|-resisted|p2a: Nihilego\n|-damage|p2a: Nihilego|0 fnt\n|faint|p2a: Nihilego\n|\n|upkeep\n|\n|t:|1601032578\n|switch|p2a: Electivire|Electivire, L88, F|60\/275\n|turn|16\n|\n|t:|1601032584\n|switch|p1a: Decidueye|Decidueye, L86, F|221\/274\n|-damage|p1a: Decidueye|187\/274|[from] Stealth Rock\n|move|p2a: Electivire|Volt Switch|p1a: Decidueye\n|-resisted|p1a: Decidueye\n|-damage|p1a: Decidueye|149\/274\n|\n|t:|1601032588\n|switch|p2a: Blaziken|Blaziken-Mega, L78, M|104\/253 psn\n|\n|-heal|p1a: Decidueye|166\/274|[from] item: Leftovers\n|-damage|p2a: Blaziken|73\/253 psn|[from] psn\n|upkeep\n|turn|17\n|\n|t:|1601032604\n|switch|p1a: Primarina|Primarina, L82, M|58\/265\n|-damage|p1a: Primarina|25\/265|[from] Stealth Rock\n|move|p2a: Blaziken|Flare Blitz|p1a: Primarina\n|-resisted|p1a: Primarina\n|-damage|p1a: Primarina|0 fnt\n|-damage|p2a: Blaziken|65\/253 psn|[from] Recoil\n|faint|p1a: Primarina\n|\n|-damage|p2a: Blaziken|34\/253 psn|[from] psn\n|-ability|p2a: Blaziken|Speed Boost|boost\n|-boost|p2a: Blaziken|spe|1\n|upkeep\n|c| Tomoba|o.o\n|\n|t:|1601032623\n|switch|p1a: Swalot|Swalot, L88, F|319\/319\n|-damage|p1a: Swalot|280\/319|[from] Stealth Rock\n|turn|18\n|c|\u2606AnubhavHimatsingka|Poiosm or recoil se mar jaunga rip\n|\n|t:|1601032631\n|switch|p2a: Solgaleo|Solgaleo, L78|174\/342\n|move|p1a: Swalot|Earthquake|p2a: Solgaleo\n|-supereffective|p2a: Solgaleo\n|-damage|p2a: Solgaleo|54\/342\n|\n|-heal|p1a: Swalot|299\/319|[from] item: Black Sludge\n|upkeep\n|turn|19\n|\n|t:|1601032638\n|switch|p1a: Forretress|Forretress, L84, M|202\/263\n|-damage|p1a: Forretress|170\/263|[from] Stealth Rock\n|move|p2a: Solgaleo|Flare Blitz|p1a: Forretress\n|-supereffective|p1a: Forretress\n|-damage|p1a: Forretress|0 fnt\n|-damage|p2a: Solgaleo|0 fnt|[from] Recoil\n|faint|p1a: Forretress\n|faint|p2a: Solgaleo\n|\n|upkeep\n|\n|t:|1601032647\n|switch|p2a: Espeon|Espeon, L84, M|104\/246 psn\n|switch|p1a: Decidueye|Decidueye, L86, F|166\/274\n|-damage|p1a: Decidueye|132\/274|[from] Stealth Rock\n|turn|20\n|\n|t:|1601032651\n|move|p2a: Espeon|Shadow Ball|p1a: Decidueye\n|-supereffective|p1a: Decidueye\n|-damage|p1a: Decidueye|6\/274\n|move|p1a: Decidueye|Roost|p1a: Decidueye\n|-heal|p1a: Decidueye|143\/274\n|-singleturn|p1a: Decidueye|move: Roost\n|\n|-heal|p2a: Espeon|119\/246 psn|[from] item: Leftovers\n|-heal|p1a: Decidueye|160\/274|[from] item: Leftovers\n|-damage|p2a: Espeon|89\/246 psn|[from] psn\n|upkeep\n|turn|21\n|\n|t:|1601032659\n|switch|p2a: Electivire|Electivire, L88, F|60\/275\n|move|p1a: Decidueye|Roost|p1a: Decidueye\n|-heal|p1a: Decidueye|274\/274\n|-singleturn|p1a: Decidueye|move: Roost\n|\n|upkeep\n|turn|22\n|\n|t:|1601032664\n|move|p2a: Electivire|Earthquake|p1a: Decidueye\n|-resisted|p1a: Decidueye\n|-damage|p1a: Decidueye|224\/274\n|move|p1a: Decidueye|Spirit Shackle|p2a: Electivire\n|-damage|p2a: Electivire|0 fnt\n|faint|p2a: Electivire\n|\n|-heal|p1a: Decidueye|241\/274|[from] item: Leftovers\n|upkeep\n|\n|t:|1601032667\n|switch|p2a: Blaziken|Blaziken-Mega, L78, M|34\/253 psn\n|turn|23\n|\n|t:|1601032673\n|switch|p2a: Espeon|Espeon, L84, M|89\/246 psn\n|switch|p1a: Swalot|Swalot, L88, F|299\/319\n|-damage|p1a: Swalot|260\/319|[from] Stealth Rock\n|\n|-heal|p2a: Espeon|104\/246 psn|[from] item: Leftovers\n|-heal|p1a: Swalot|279\/319|[from] item: Black Sludge\n|-damage|p2a: Espeon|74\/246 psn|[from] psn\n|upkeep\n|turn|24\n|\n|t:|1601032688\n|move|p2a: Espeon|Psyshock|p1a: Swalot\n|-supereffective|p1a: Swalot\n|-damage|p1a: Swalot|57\/319\n|move|p1a: Swalot|Sludge Bomb|p2a: Espeon\n|-damage|p2a: Espeon|0 fnt\n|faint|p2a: Espeon\n|\n|-heal|p1a: Swalot|76\/319|[from] item: Black Sludge\n|upkeep\n|\n|t:|1601032693\n|switch|p2a: Kingdra|Kingdra, L86, M|269\/269\n|turn|25\n|inactive|AnubhavHimatsingka has 120 seconds left.\n|c|\u2606Chickpiee|NU vs Ubers\n|c|\u2606Chickpiee|Bring it on\n|c| dinesh raj gujjula|Ha\n|c|\u2606AnubhavHimatsingka|!dt kingdra\n|raw|<div class=\"message\"><ul class=\"utilichart\"><li class=\"result\"><span class=\"col numcol\">NUBL<\/span> <span class=\"col iconcol\"><psicon pokemon=\"kingdra\"\/><\/span> <span class=\"col pokemonnamecol\" style=\"white-space:nowrap\"><a href=\"https:\/\/dex.pokemonshowdown.com\/pokemon\/kingdra\" target=\"_blank\">Kingdra<\/a><\/span> <span class=\"col typecol\"><img src=\"https:\/\/play.pokemonshowdown.com\/sprites\/types\/Water.png\" alt=\"Water\" height=\"14\" width=\"32\"><img src=\"https:\/\/play.pokemonshowdown.com\/sprites\/types\/Dragon.png\" alt=\"Dragon\" height=\"14\" width=\"32\"><\/span> <span style=\"float:left;min-height:26px\"><span class=\"col twoabilitycol\">Swift Swim<br \/>Sniper<\/span><span class=\"col abilitycol\"><em>Damp<\/em><\/span><\/span><span style=\"float:left;min-height:26px\"><span class=\"col statcol\"><em>HP<\/em><br \/>75<\/span> <span class=\"col statcol\"><em>Atk<\/em><br \/>95<\/span> <span class=\"col statcol\"><em>Def<\/em><br \/>95<\/span> <span class=\"col statcol\"><em>SpA<\/em><br \/>95<\/span> <span class=\"col statcol\"><em>SpD<\/em><br \/>95<\/span> <span class=\"col statcol\"><em>Spe<\/em><br \/>85<\/span> <span class=\"col bstcol\"><em>BST<br \/>540<\/em><\/span> <\/span><\/li><li style=\"clear:both\"><\/li><\/ul><\/div>\n|raw|<font size=\"1\"><font color=\"#686868\">Dex#:<\/font> 230&nbsp;|&ThickSpace;<font color=\"#686868\">Gen:<\/font> 2&nbsp;|&ThickSpace;<font color=\"#686868\">Height:<\/font> 1.8 m&nbsp;|&ThickSpace;<font color=\"#686868\">Weight:<\/font> 152 kg <em>(100 BP)<\/em>&nbsp;|&ThickSpace;<font color=\"#686868\">Dex Colour:<\/font> Blue&nbsp;|&ThickSpace;<font color=\"#686868\">Egg Group(s):<\/font> Water 1, Dragon&nbsp;|&ThickSpace;<font color=\"#686868\">Does Not Evolve<\/font><\/font>\n\n|c| SAnSkRiTi|True ;-;\n|c|\u2606AnubhavHimatsingka|Nubl\n|c| Tomoba|lool\n|c| Tomoba|lmao\n|inactive|AnubhavHimatsingka has 90 seconds left.\n|c| SAnSkRiTi|It's still op\n|\n|t:|1601032769\n|move|p2a: Kingdra|Ice Beam|p1a: Swalot\n|-damage|p1a: Swalot|0 fnt\n|-damage|p2a: Kingdra|243\/269|[from] item: Life Orb\n|faint|p1a: Swalot\n|\n|upkeep\n|c|\u2606Chickpiee|Agency will provide me\n|\n|t:|1601032780\n|switch|p1a: Keldeo|Keldeo, L80|277\/277\n|-damage|p1a: Keldeo|260\/277|[from] Stealth Rock\n|turn|26\n|\n|t:|1601032784\n|move|p1a: Keldeo|Secret Sword|p2a: Kingdra\n|-damage|p2a: Kingdra|109\/269\n|-damage|p1a: Keldeo|233\/277|[from] item: Life Orb\n|move|p2a: Kingdra|Draco Meteor|p1a: Keldeo|[miss]\n|-miss|p2a: Kingdra|p1a: Keldeo\n|\n|upkeep\n|turn|27\n|c|\u2606AnubhavHimatsingka|AGENCYYY\n|c| SAnSkRiTi|Lel\n|c|\u2606Chickpiee|Yo\n|c| Tomoba|lol\n|c| Tomoba|lmao\n|c| SAnSkRiTi|Peovided\n|c| SAnSkRiTi|Provided\n|c|+sirKira!Uzumaki|lol\n|c| SAnSkRiTi|Agency agency\n|j| Emblaze Uchiha\n|c|+sirKira!Uzumaki|Agency: Done!\n|c| SAnSkRiTi|:D\n|c| Tomoba|galat baat agency ki unfair lol ;-;\n|c|\u2606Chickpiee|When you have The Agency behind your back\n|inactive|Chickpiee has 120 seconds left.\n|c|\u2606AnubhavHimatsingka|;_;\n|\n|t:|1601032819\n|move|p1a: Keldeo|Secret Sword|p2a: Kingdra\n|-damage|p2a: Kingdra|0 fnt\n|-damage|p1a: Keldeo|206\/277|[from] item: Life Orb\n|faint|p2a: Kingdra\n|\n|upkeep\n|c| SAnSkRiTi|Agency truly loves chickpiee\n|\n|t:|1601032823\n|switch|p2a: Blaziken|Blaziken-Mega, L78, M|34\/253 psn\n|turn|28\n|c|%Infinite Misery|Gg\n|j|%abd1710\n|c|\u2606Chickpiee|not only me\n|c|\u2606Chickpiee|All Agents\n|\n|t:|1601032837\n|move|p1a: Keldeo|Secret Sword|p2a: Blaziken\n|-damage|p2a: Blaziken|0 fnt\n|-damage|p1a: Keldeo|179\/277|[from] item: Life Orb\n|faint|p2a: Blaziken\n|\n|win|Chickpiee\n","inputlog":">version 0d71ec82c3aad7b1916098265c858e9d35c89d2e\n>start {\"formatid\":\"gen7randombattle\",\"seed\":[8804,36230,21042,54011],\"rated\":\"Tournament battle\"}\n>player p1 {\"name\":\"Chickpiee\",\"avatar\":\"caitlin\",\"team\":\"\",\"rating\":0,\"seed\":[5607,25693,23853,62089]}\n>player p2 {\"name\":\"AnubhavHimatsingka\",\"avatar\":\"gambler\",\"team\":\"\",\"rating\":0,\"seed\":[17440,3927,59013,60844]}\n>chat  Treecko my boi|Gl guys\n>chat  dinesh raj gujjula|Hi\n>chat \u2606Chickpiee|Hf\n>chat \u2606AnubhavHimatsingka|Glhf :)\n>p1 switch 5\n>p2 move flareblitz mega\n>p1 move hydropump\n>p2 switch 6\n>p1 switch 5\n>p2 move wildcharge\n>p1 move toxicspikes\n>p2 move earthquake\n>p1 switch 4\n>p2 move earthquake\n>p1 move roost\n>p2 move voltswitch\n>p2 switch 3\n>chat \u2606AnubhavHimatsingka|Pop my ballon\n>chat \u2606AnubhavHimatsingka|I dont want those spikes \n>chat \u2606AnubhavHimatsingka|Air ballon ke karan woh hate hi nahi \n>p1 move leafblade\n>p2 move powergem\n>p1 move spiritshackle\n>p2 switch 4\n>p1 switch 3\n>p2 move zenheadbutt\n>p1 move stealthrock\n>p2 switch 5\n>p1 move gyroball\n>p2 move shadowball\n>p1 move gyroball\n>p2 switch 6\n>p1 switch 4\n>p2 move flareblitz\n>p1 switch 5\n>p1 move moonblast\n>p2 switch 4\n>p1 move moonblast\n>p2 move thunderbolt\n>p2 switch 3\n>p1 switch 3\n>p2 move voltswitch\n>p2 switch 4\n>p1 switch 3\n>p2 move flareblitz\n>chat  Tomoba|o.o\n>p1 switch 6\n>chat \u2606AnubhavHimatsingka|Poiosm or recoil se mar jaunga rip\n>p1 move earthquake\n>p2 switch 5\n>p1 switch 4\n>p2 move flareblitz\n>p1 switch 3\n>p2 switch 6\n>p1 move roost\n>p2 move shadowball\n>p1 move roost\n>p2 switch 4\n>p1 move spiritshackle\n>p2 move earthquake\n>p2 switch 5\n>p1 switch 4\n>p2 switch 4\n>p1 move sludgebomb\n>p2 move psyshock\n>p2 switch 2\n>chat \u2606Chickpiee|NU vs Ubers\n>chat \u2606Chickpiee|Bring it on\n>chat  dinesh raj gujjula|Ha\n>chat \u2606AnubhavHimatsingka|!dt kingdra\n>chat  SAnSkRiTi|True ;-;\n>chat \u2606AnubhavHimatsingka|Nubl\n>chat  Tomoba|lool\n>chat  Tomoba|lmao\n>chat  SAnSkRiTi|It's still op\n>p1 move yawn\n>p2 move icebeam\n>chat \u2606Chickpiee|Agency will provide me\n>p1 switch 2\n>p1 move secretsword\n>p2 move dracometeor\n>chat \u2606AnubhavHimatsingka|AGENCYYY\n>chat  SAnSkRiTi|Lel\n>chat \u2606Chickpiee|Yo\n>chat  Tomoba|lol\n>chat  Tomoba|lmao\n>chat  SAnSkRiTi|Peovided\n>chat  SAnSkRiTi|Provided\n>chat +sirKira!Uzumaki|lol\n>chat  SAnSkRiTi|Agency agency \n>chat +sirKira!Uzumaki|Agency: Done!\n>chat  SAnSkRiTi|:D\n>chat  Tomoba|galat baat agency ki unfair lol ;-;\n>chat \u2606Chickpiee|When you have The Agency behind your back\n>chat \u2606AnubhavHimatsingka|;_;\n>p1 move secretsword\n>p2 move dracometeor\n>chat  SAnSkRiTi|Agency truly loves chickpiee\n>p2 switch 4\n>chat %Infinite Misery|Gg\n>chat \u2606Chickpiee|not only me\n>chat \u2606Chickpiee|All Agents\n>p1 move secretsword\n>p2 move highjumpkick","uploadtime":1601032838,"views":2,"p1id":"chickpiee","p2id":"anubhavhimatsingka","formatid":"gen7randombattle","rating":0,"private":0,"password":null}