{"id":"gen7randombattle-981597689","p1":"Davidoar15","p2":"wolfwarrior","format":"gen7randombattle","log":"|j|\u2606Davidoar15\n|j|\u2606wolfwarrior\n|player|p1|Davidoar15|169|1642\n|player|p2|wolfwarrior|162|1636\n|teamsize|p1|6\n|teamsize|p2|6\n|gametype|singles\n|gen|7\n|tier|[Gen 7] Random Battle\n|rated|\n|rule|Sleep Clause Mod: Limit one foe put to sleep\n|rule|HP Percentage Mod: HP is shown in percentages\n|\n|start\n|switch|p1a: Magnezone|Magnezone, L80|243\/243\n|switch|p2a: Swellow|Swellow, L84, M|238\/238\n|turn|1\n|inactive|Battle timer is ON: inactive players will automatically lose when time's up. (requested by wolfwarrior)\n|\n|move|p2a: Swellow|Protect|p2a: Swellow\n|-singleturn|p2a: Swellow|Protect\n|move|p1a: Magnezone|Volt Switch|p2a: Swellow\n|-activate|p2a: Swellow|move: Protect\n|\n|-status|p2a: Swellow|brn|[from] item: Flame Orb\n|upkeep\n|turn|2\n|\n|move|p2a: Swellow|U-turn|p1a: Magnezone\n|-resisted|p1a: Magnezone\n|-damage|p1a: Magnezone|217\/243\n|\n|switch|p2a: Excadrill|Excadrill, L80, F|307\/307\n|-ability|p2a: Excadrill|Mold Breaker\n|move|p1a: Magnezone|Volt Switch|p2a: Excadrill\n|-immune|p2a: Excadrill\n|\n|upkeep\n|turn|3\n|\n|switch|p1a: Staraptor|Staraptor, L81, M|270\/270\n|move|p2a: Excadrill|Earthquake|p1a: Staraptor\n|-immune|p1a: Staraptor\n|\n|upkeep\n|turn|4\n|\n|move|p1a: Staraptor|Close Combat|p2a: Excadrill\n|-supereffective|p2a: Excadrill\n|-damage|p2a: Excadrill|0 fnt\n|-unboost|p1a: Staraptor|def|1\n|-unboost|p1a: Staraptor|spd|1\n|faint|p2a: Excadrill\n|\n|upkeep\n|\n|switch|p2a: Electrode|Electrode, L89|252\/252\n|turn|5\n|\n|switch|p1a: Magnezone|Magnezone, L80|217\/243\n|move|p2a: Electrode|Volt Switch|p1a: Magnezone\n|-resisted|p1a: Magnezone\n|-damage|p1a: Magnezone|166\/243\n|-damage|p2a: Electrode|227\/252|[from] item: Life Orb\n|\n|switch|p2a: Mudsdale|Mudsdale, L88, M|319\/319\n|\n|upkeep\n|turn|6\n|\n|move|p1a: Magnezone|Flash Cannon|p2a: Mudsdale\n|-damage|p2a: Mudsdale|181\/319\n|-ability|p2a: Mudsdale|Stamina|boost\n|-boost|p2a: Mudsdale|def|1\n|move|p2a: Mudsdale|Earthquake|p1a: Magnezone\n|-supereffective|p1a: Magnezone\n|-damage|p1a: Magnezone|0 fnt\n|faint|p1a: Magnezone\n|\n|-heal|p2a: Mudsdale|200\/319|[from] item: Leftovers\n|upkeep\n|\n|switch|p1a: Dragalge|Dragalge, L84, F|246\/246\n|turn|7\n|\n|move|p1a: Dragalge|Dragon Pulse|p2a: Mudsdale\n|-damage|p2a: Mudsdale|84\/319\n|-ability|p2a: Mudsdale|Stamina|boost\n|-boost|p2a: Mudsdale|def|1\n|move|p2a: Mudsdale|Earthquake|p1a: Dragalge\n|-supereffective|p1a: Dragalge\n|-crit|p1a: Dragalge\n|-damage|p1a: Dragalge|0 fnt\n|faint|p1a: Dragalge\n|\n|-heal|p2a: Mudsdale|103\/319|[from] item: Leftovers\n|upkeep\n|\n|switch|p1a: Grumpig|Grumpig, L89, F|287\/287\n|turn|8\n|\n|switch|p2a: Alomomola|Alomomola, L82, F|405\/405\n|move|p1a: Grumpig|Psychic|p2a: Alomomola\n|-damage|p2a: Alomomola|243\/405\n|\n|-heal|p2a: Alomomola|268\/405|[from] item: Leftovers\n|upkeep\n|turn|9\n|\n|move|p1a: Grumpig|Psychic|p2a: Alomomola\n|-damage|p2a: Alomomola|111\/405\n|move|p2a: Alomomola|Toxic|p1a: Grumpig\n|-status|p1a: Grumpig|tox\n|\n|-heal|p2a: Alomomola|136\/405|[from] item: Leftovers\n|-damage|p1a: Grumpig|270\/287 tox|[from] psn\n|upkeep\n|turn|10\n|\n|switch|p2a: Mudsdale|Mudsdale, L88, M|103\/319\n|move|p1a: Grumpig|Heal Bell|p1a: Grumpig\n|-activate|p1a: Grumpig|move: Heal Bell\n|-curestatus|p1a: Grumpig|tox|[msg]\n|\n|-heal|p1a: Grumpig|287\/287|[from] item: Leftovers\n|-heal|p2a: Mudsdale|122\/319|[from] item: Leftovers\n|upkeep\n|turn|11\n|\n|move|p1a: Grumpig|Psychic|p2a: Mudsdale\n|-damage|p2a: Mudsdale|31\/319\n|-ability|p2a: Mudsdale|Stamina|boost\n|-boost|p2a: Mudsdale|def|1\n|-unboost|p2a: Mudsdale|spd|1\n|move|p2a: Mudsdale|Earthquake|p1a: Grumpig\n|-damage|p1a: Grumpig|125\/287\n|\n|-heal|p1a: Grumpig|142\/287|[from] item: Leftovers\n|-heal|p2a: Mudsdale|50\/319|[from] item: Leftovers\n|upkeep\n|turn|12\n|\n|move|p1a: Grumpig|Psychic|p2a: Mudsdale\n|-damage|p2a: Mudsdale|0 fnt\n|faint|p2a: Mudsdale\n|\n|-heal|p1a: Grumpig|159\/287|[from] item: Leftovers\n|upkeep\n|\n|switch|p2a: Alomomola|Alomomola, L82, F|271\/405\n|turn|13\n|\n|move|p1a: Grumpig|Psychic|p2a: Alomomola\n|-damage|p2a: Alomomola|103\/405\n|move|p2a: Alomomola|Knock Off|p1a: Grumpig\n|-supereffective|p1a: Grumpig\n|-damage|p1a: Grumpig|39\/287\n|-enditem|p1a: Grumpig|Leftovers|[from] move: Knock Off|[of] p2a: Alomomola\n|\n|-heal|p2a: Alomomola|128\/405|[from] item: Leftovers\n|upkeep\n|turn|14\n|\n|move|p1a: Grumpig|Psychic|p2a: Alomomola\n|-damage|p2a: Alomomola|0 fnt\n|faint|p2a: Alomomola\n|\n|upkeep\n|\n|switch|p2a: Swellow|Swellow, L84, M|238\/238 brn\n|turn|15\n|\n|move|p2a: Swellow|U-turn|p1a: Grumpig\n|-supereffective|p1a: Grumpig\n|-damage|p1a: Grumpig|0 fnt\n|faint|p1a: Grumpig\n|\n|switch|p2a: Electrode|Electrode, L89|227\/252\n|\n|upkeep\n|\n|switch|p1a: Mimikyu|Mimikyu, L82, F|224\/224\n|turn|16\n|\n|move|p2a: Electrode|Thunderbolt|p1a: Mimikyu\n|-activate|p1a: Mimikyu|ability: Disguise\n|-damage|p1a: Mimikyu|224\/224\n|detailschange|p1a: Mimikyu|Mimikyu-Busted, L82, F\n|-damage|p2a: Electrode|202\/252|[from] item: Life Orb\n|-zpower|p1a: Mimikyu\n|move|p1a: Mimikyu|Let's Snuggle Forever|p2a: Electrode|[zeffect]\n|-damage|p2a: Electrode|3\/252\n|\n|upkeep\n|turn|17\n|\n|move|p1a: Mimikyu|Shadow Sneak|p2a: Electrode\n|-damage|p2a: Electrode|0 fnt\n|-damage|p1a: Mimikyu|168\/224|[from] ability: Aftermath|[of] p2a: Electrode\n|faint|p2a: Electrode\n|\n|upkeep\n|\n|switch|p2a: Swellow|Swellow, L84, M|238\/238 brn\n|turn|18\n|\n|move|p2a: Swellow|Brave Bird|p1a: Mimikyu\n|-damage|p1a: Mimikyu|0 fnt\n|-damage|p2a: Swellow|183\/238 brn|[from] Recoil\n|faint|p1a: Mimikyu\n|\n|-damage|p2a: Swellow|169\/238 brn|[from] brn\n|upkeep\n|\n|switch|p1a: Staraptor|Staraptor, L81, M|270\/270\n|turn|19\n|\n|move|p2a: Swellow|Facade|p1a: Staraptor\n|-damage|p1a: Staraptor|42\/270\n|move|p1a: Staraptor|Brave Bird|p2a: Swellow\n|-damage|p2a: Swellow|0 fnt\n|-damage|p1a: Staraptor|0 fnt|[from] Recoil\n|faint|p2a: Swellow\n|faint|p1a: Staraptor\n|\n|upkeep\n|\n|switch|p2a: Cinccino|Cinccino, L87, M|272\/272\n|switch|p1a: Medicham|Medicham, L80, F|227\/227\n|turn|20\n|\n|detailschange|p1a: Medicham|Medicham-Mega, L80, F\n|-mega|p1a: Medicham|Medicham|Medichamite\n|move|p1a: Medicham|Fake Out|p2a: Cinccino\n|-damage|p2a: Cinccino|204\/272\n|cant|p2a: Cinccino|flinch\n|\n|upkeep\n|turn|21\n|\n|move|p2a: Cinccino|Tail Slap|p1a: Medicham\n|-damage|p1a: Medicham|184\/227\n|-damage|p1a: Medicham|136\/227\n|-damage|p1a: Medicham|88\/227\n|-damage|p1a: Medicham|45\/227\n|-damage|p1a: Medicham|2\/227\n|-hitcount|p1a: Medicham|5\n|move|p1a: Medicham|High Jump Kick|p2a: Cinccino\n|-supereffective|p2a: Cinccino\n|-damage|p2a: Cinccino|0 fnt\n|faint|p2a: Cinccino\n|\n|win|Davidoar15\n|l|\u2606wolfwarrior\n|c|\u2606Davidoar15|gg\n|raw|Davidoar15's rating: 1642 &rarr; <strong>1662<\/strong><br \/>(+20 for winning)\n|raw|wolfwarrior's rating: 1636 &rarr; <strong>1616<\/strong><br \/>(-20 for losing)\n","inputlog":">version f29fcef26a183ceda622843f0d5484ffbcd58286\n>start {\"formatid\":\"gen7randombattle\",\"seed\":[1089,36251,29509,38873],\"rated\":\"Rated battle\"}\n>player p1 {\"name\":\"Davidoar15\",\"avatar\":\"169\",\"team\":\"\",\"rating\":1642,\"seed\":[36386,33899,64403,35294]}\n>player p2 {\"name\":\"wolfwarrior\",\"avatar\":\"162\",\"team\":\"\",\"rating\":1636,\"seed\":[14093,41940,31736,48599]}\n>p1 move voltswitch\n>p2 move protect\n>p1 move voltswitch\n>p2 move uturn\n>p2 switch 5\n>p1 switch 3\n>p2 move earthquake\n>p1 move closecombat\n>p2 move rockslide\n>p2 switch 3\n>p1 switch 3\n>p2 move voltswitch\n>p2 switch 4\n>p1 move flashcannon\n>p2 move earthquake\n>p1 switch 2\n>p1 move dragonpulse\n>p2 move earthquake\n>p1 switch 4\n>p1 move psychic\n>p2 switch 2\n>p1 move psychic\n>p2 move toxic\n>p1 move healbell\n>p2 switch 2\n>p1 move psychic\n>p2 move earthquake\n>p1 move psychic\n>p2 move rockslide\n>p2 switch 2\n>p1 move psychic\n>p2 move knockoff\n>p1 move psychic\n>p2 move wish\n>p2 switch 5\n>p1 move psychic\n>p2 move uturn\n>p2 switch 4\n>p1 switch 5\n>p1 move playrough zmove\n>p2 move thunderbolt\n>p1 move shadowsneak\n>p2 move thunderbolt\n>p2 switch 4\n>p1 move playrough\n>p2 move bravebird\n>p1 switch 3\n>p1 move bravebird\n>p2 move facade\n>p1 switch 6\n>p2 switch 6\n>p1 move fakeout mega\n>p2 move tailslap\n>p1 move highjumpkick\n>p2 move tailslap","uploadtime":1569365151,"views":4,"p1id":"davidoar15","p2id":"wolfwarrior","formatid":"gen7randombattle","rating":1616,"private":0,"password":null}