{"id":"gen7anythinggoes-1557368012","p1":"reionatro","p2":"cherrycherrykuma","format":"gen7anythinggoes","log":"|j|\u2606reionatro\n|j|\u2606cherrycherrykuma\n|t:|1650451082\n|gametype|singles\n|player|p1|reionatro|giovanni-gen1rb|\n|player|p2|cherrycherrykuma|koga|\n|teamsize|p1|6\n|teamsize|p2|6\n|gen|7\n|tier|[Gen 7] Anything Goes\n|rule|HP Percentage Mod: HP is shown in percentages\n|rule|Endless Battle Clause: Forcing endless battles is banned\n|clearpoke\n|poke|p1|Persian, F|item\n|poke|p1|Krookodile, F|item\n|poke|p1|Garchomp, M|item\n|poke|p1|Dugtrio, F|item\n|poke|p1|Hippowdon, M|item\n|poke|p1|Nidoking, M|item\n|poke|p2|Crobat, M|item\n|poke|p2|Forretress, F|item\n|poke|p2|Toxicroak, M|item\n|poke|p2|Muk, M|item\n|poke|p2|Tentacruel, M|item\n|poke|p2|Venomoth, M|item\n|teampreview\n|j| adel19\n|j| shadow404\n|\n|t:|1650451132\n|start\n|switch|p1a: Hippowdon|Hippowdon, M|100\/100\n|switch|p2a: Forretress|Forretress, F|100\/100\n|-weather|Sandstorm|[from] ability: Sand Stream|[of] p1a: Hippowdon\n|turn|1\n|\n|t:|1650451142\n|move|p1a: Hippowdon|Stealth Rock|p2a: Forretress\n|-sidestart|p2: cherrycherrykuma|move: Stealth Rock\n|move|p2a: Forretress|Toxic Spikes|p1a: Hippowdon\n|-sidestart|p1: reionatro|move: Toxic Spikes\n|\n|-weather|Sandstorm|[upkeep]\n|upkeep\n|turn|2\n|\n|t:|1650451148\n|move|p1a: Hippowdon|Earthquake|p2a: Forretress\n|-damage|p2a: Forretress|80\/100\n|move|p2a: Forretress|Toxic Spikes|p1a: Hippowdon\n|-sidestart|p1: reionatro|move: Toxic Spikes\n|\n|-weather|Sandstorm|[upkeep]\n|-heal|p2a: Forretress|86\/100|[from] item: Leftovers\n|upkeep\n|turn|3\n|\n|t:|1650451164\n|move|p1a: Hippowdon|Earthquake|p2a: Forretress\n|-damage|p2a: Forretress|67\/100\n|move|p2a: Forretress|Spikes|p1a: Hippowdon\n|-sidestart|p1: reionatro|Spikes\n|\n|-weather|Sandstorm|[upkeep]\n|-heal|p2a: Forretress|73\/100|[from] item: Leftovers\n|upkeep\n|turn|4\n|\n|t:|1650451173\n|switch|p1a: Nidoking|Nidoking, M|100\/100\n|-damage|p1a: Nidoking|88\/100|[from] Spikes\n|-sideend|p1: reionatro|move: Toxic Spikes|[of] p1a: Nidoking\n|move|p2a: Forretress|Spikes|p1a: Nidoking\n|-sidestart|p1: reionatro|Spikes\n|\n|-weather|Sandstorm|[upkeep]\n|-heal|p2a: Forretress|79\/100|[from] item: Leftovers\n|upkeep\n|turn|5\n|\n|t:|1650451189\n|move|p1a: Nidoking|Earth Power|p2a: Forretress\n|-damage|p2a: Forretress|0 fnt\n|faint|p2a: Forretress\n|\n|-weather|none\n|upkeep\n|\n|t:|1650451231\n|switch|p2a: Tentacruel|Tentacruel, M|100\/100\n|-damage|p2a: Tentacruel|88\/100|[from] Stealth Rock\n|turn|6\n|\n|t:|1650451262\n|switch|p1a: Hippowdon|Hippowdon, M|100\/100\n|-damage|p1a: Hippowdon|84\/100|[from] Spikes\n|-weather|Sandstorm|[from] ability: Sand Stream|[of] p1a: Hippowdon\n|move|p2a: Tentacruel|Scald|p1a: Hippowdon\n|-supereffective|p1a: Hippowdon\n|-damage|p1a: Hippowdon|50\/100\n|\n|-weather|Sandstorm|[upkeep]\n|-damage|p2a: Tentacruel|82\/100|[from] Sandstorm\n|-heal|p2a: Tentacruel|88\/100|[from] item: Black Sludge\n|-heal|p1a: Hippowdon|57\/100|[from] item: Leftovers\n|upkeep\n|turn|7\n|\n|t:|1650451295\n|move|p2a: Tentacruel|Scald|p1a: Hippowdon\n|-supereffective|p1a: Hippowdon\n|-damage|p1a: Hippowdon|24\/100\n|move|p1a: Hippowdon|Earthquake|p2a: Tentacruel\n|-supereffective|p2a: Tentacruel\n|-damage|p2a: Tentacruel|4\/100\n|\n|-weather|Sandstorm|[upkeep]\n|-damage|p2a: Tentacruel|0 fnt|[from] Sandstorm\n|faint|p2a: Tentacruel\n|-heal|p1a: Hippowdon|30\/100|[from] item: Leftovers\n|upkeep\n|\n|t:|1650451362\n|switch|p2a: Crobat|Crobat, M|100\/100\n|-damage|p2a: Crobat|76\/100|[from] Stealth Rock\n|turn|8\n|\n|t:|1650451369\n|move|p2a: Crobat|Air Slash|p1a: Hippowdon\n|-damage|p1a: Hippowdon|13\/100\n|-damage|p2a: Crobat|66\/100|[from] item: Life Orb\n|move|p1a: Hippowdon|Slack Off|p1a: Hippowdon\n|-heal|p1a: Hippowdon|63\/100\n|\n|-weather|Sandstorm|[upkeep]\n|-damage|p2a: Crobat|60\/100|[from] Sandstorm\n|-heal|p1a: Hippowdon|69\/100|[from] item: Leftovers\n|upkeep\n|turn|9\n|\n|t:|1650451380\n|move|p2a: Crobat|Roost|p2a: Crobat\n|-heal|p2a: Crobat|100\/100\n|-singleturn|p2a: Crobat|move: Roost\n|move|p1a: Hippowdon|Slack Off|p1a: Hippowdon\n|-heal|p1a: Hippowdon|100\/100\n|\n|-weather|Sandstorm|[upkeep]\n|-damage|p2a: Crobat|94\/100|[from] Sandstorm\n|upkeep\n|turn|10\n|\n|t:|1650451392\n|switch|p1a: Krookodile|Krookodile, F|100\/100\n|-damage|p1a: Krookodile|84\/100|[from] Spikes\n|-ability|p1a: Krookodile|Intimidate|boost\n|-unboost|p2a: Crobat|atk|1\n|move|p2a: Crobat|Air Slash|p1a: Krookodile\n|-crit|p1a: Krookodile\n|-damage|p1a: Krookodile|41\/100\n|-damage|p2a: Crobat|84\/100|[from] item: Life Orb\n|\n|-weather|none\n|upkeep\n|turn|11\n|\n|t:|1650451404\n|move|p1a: Krookodile|Stone Edge|p2a: Crobat\n|-supereffective|p2a: Crobat\n|-damage|p2a: Crobat|4\/100\n|move|p2a: Crobat|U-turn|p1a: Krookodile\n|-supereffective|p1a: Krookodile\n|-damage|p1a: Krookodile|1\/100\n|-damage|p2a: Crobat|0 fnt|[from] item: Life Orb\n|faint|p2a: Crobat\n|\n|upkeep\n|\n|t:|1650451433\n|switch|p2a: Muk|Muk, M|100\/100\n|-damage|p2a: Muk|88\/100|[from] Stealth Rock\n|turn|12\n|\n|t:|1650451445\n|switch|p1a: Hippowdon|Hippowdon, M|100\/100\n|-damage|p1a: Hippowdon|84\/100|[from] Spikes\n|-weather|Sandstorm|[from] ability: Sand Stream|[of] p1a: Hippowdon\n|move|p2a: Muk|Curse|p2a: Muk\n|-unboost|p2a: Muk|spe|1\n|-boost|p2a: Muk|atk|1\n|-boost|p2a: Muk|def|1\n|\n|-weather|Sandstorm|[upkeep]\n|-damage|p2a: Muk|82\/100|[from] Sandstorm\n|-heal|p1a: Hippowdon|90\/100|[from] item: Leftovers\n|-heal|p2a: Muk|88\/100|[from] item: Leftovers\n|upkeep\n|turn|13\n|\n|t:|1650451460\n|move|p1a: Hippowdon|Earthquake|p2a: Muk\n|-supereffective|p2a: Muk\n|-damage|p2a: Muk|39\/100\n|move|p2a: Muk|Poison Jab|p1a: Hippowdon\n|-resisted|p1a: Hippowdon\n|-damage|p1a: Hippowdon|74\/100\n|\n|-weather|Sandstorm|[upkeep]\n|-damage|p2a: Muk|33\/100|[from] Sandstorm\n|-heal|p1a: Hippowdon|80\/100|[from] item: Leftovers\n|-heal|p2a: Muk|39\/100|[from] item: Leftovers\n|upkeep\n|turn|14\n|\n|t:|1650451482\n|move|p1a: Hippowdon|Earthquake|p2a: Muk\n|-supereffective|p2a: Muk\n|-damage|p2a: Muk|0 fnt\n|faint|p2a: Muk\n|\n|-weather|Sandstorm|[upkeep]\n|-heal|p1a: Hippowdon|86\/100|[from] item: Leftovers\n|upkeep\n|\n|t:|1650451492\n|switch|p2a: Venomoth|Venomoth, M|100\/100\n|-damage|p2a: Venomoth|76\/100|[from] Stealth Rock\n|turn|15\n|\n|t:|1650451507\n|move|p2a: Venomoth|Sleep Powder|p1a: Hippowdon\n|-status|p1a: Hippowdon|slp|[from] move: Sleep Powder\n|cant|p1a: Hippowdon|slp\n|\n|-weather|Sandstorm|[upkeep]\n|-damage|p2a: Venomoth|70\/100|[from] Sandstorm\n|-heal|p2a: Venomoth|76\/100|[from] item: Leftovers\n|-heal|p1a: Hippowdon|92\/100 slp|[from] item: Leftovers\n|upkeep\n|turn|16\n|\n|t:|1650451522\n|switch|p1a: Garchomp|Garchomp, M|100\/100\n|-damage|p1a: Garchomp|84\/100|[from] Spikes\n|move|p2a: Venomoth|Quiver Dance|p2a: Venomoth\n|-boost|p2a: Venomoth|spa|1\n|-boost|p2a: Venomoth|spd|1\n|-boost|p2a: Venomoth|spe|1\n|\n|-weather|none\n|-heal|p2a: Venomoth|82\/100|[from] item: Leftovers\n|upkeep\n|turn|17\n|\n|t:|1650451554\n|move|p2a: Venomoth|Bug Buzz|p1a: Garchomp\n|-damage|p1a: Garchomp|27\/100\n|move|p1a: Garchomp|Stone Edge|p2a: Venomoth\n|-supereffective|p2a: Venomoth\n|-damage|p2a: Venomoth|0 fnt\n|faint|p2a: Venomoth\n|\n|upkeep\n|\n|t:|1650451561\n|switch|p2a: Toxicroak|Toxicroak, M|100\/100\n|-damage|p2a: Toxicroak|94\/100|[from] Stealth Rock\n|turn|18\n|\n|t:|1650451577\n|move|p1a: Garchomp|Earthquake|p2a: Toxicroak\n|-supereffective|p2a: Toxicroak\n|-damage|p2a: Toxicroak|0 fnt\n|faint|p2a: Toxicroak\n|\n|win|reionatro\n|l|\u2606reionatro\n|l|\u2606cherrycherrykuma\n","uploadtime":1650452198,"views":3,"p1id":"reionatro","p2id":"cherrycherrykuma","formatid":"gen7anythinggoes","rating":0,"private":0,"password":null}