{"id":"gen7ou-1671243067","p1":"SCALDING","p2":"SkipTheDripBayless","format":"gen7ou","log":"|j|\u2606SCALDING\n|j|\u2606SkipTheDripBayless\n|t:|1664242484\n|gametype|singles\n|player|p1|SCALDING|anthea|\n|player|p2|SkipTheDripBayless|#roaladder|\n|teamsize|p1|6\n|teamsize|p2|6\n|gen|7\n|tier|[Gen 7] OU\n|rule|Sleep Clause Mod: Limit one foe put to sleep\n|rule|Species Clause: Limit one of each Pok\u00e9mon\n|rule|OHKO Clause: OHKO moves are banned\n|rule|Moody Clause: Moody is banned\n|rule|Evasion Items Clause: Evasion items are banned\n|rule|Evasion Moves Clause: Evasion moves are banned\n|rule|Endless Battle Clause: Forcing endless battles is banned\n|rule|HP Percentage Mod: HP is shown in percentages\n|clearpoke\n|poke|p1|Medicham, F|item\n|poke|p1|Ferrothorn, M|item\n|poke|p1|Rotom-Wash|item\n|poke|p1|Landorus-Therian, M|item\n|poke|p1|Victini|item\n|poke|p1|Magearna|item\n|poke|p2|Magearna|item\n|poke|p2|Serperior, M|item\n|poke|p2|Landorus-Therian, M|item\n|poke|p2|Latias, F|item\n|poke|p2|Magnezone|item\n|poke|p2|Toxapex, F|item\n|teampreview\n|inactive|Battle timer is ON: inactive players will automatically lose when time's up. (requested by SCALDING)\n|c|\u2606SkipTheDripBayless|ye i got the smacking phones\n|c|\u2606SCALDING|https:\/\/pokepast.es\/d64528d4d13548f3\n|c|\u2606SCALDING|?\n|c|\u2606SkipTheDripBayless|yerp\n|inactive|SCALDING has 270 seconds left.\n|inactive|SkipTheDripBayless has 270 seconds left.\n|c|\u2606SCALDING|this was my old name\n|c|\u2606SCALDING|w or L\n|c|\u2606SkipTheDripBayless|scalding\n|c|\u2606SCALDING|2014\n|c|\u2606SkipTheDripBayless|very fnny\n|c|\u2606SCALDING|before i got scald\n|inactive|SCALDING has 240 seconds left.\n|inactive|SkipTheDripBayless has 240 seconds left.\n|\n|t:|1664242548\n|start\n|switch|p1a: Medicham|Medicham, F|100\/100\n|switch|p2a: Landorus|Landorus-Therian, M|100\/100\n|-ability|p2a: Landorus|Intimidate|boost\n|-unboost|p1a: Medicham|atk|1\n|turn|1\n|\n|t:|1664242556\n|switch|p2a: Toxapex|Toxapex, F|100\/100\n|detailschange|p1a: Medicham|Medicham-Mega, F\n|-mega|p1a: Medicham|Medicham|Medichamite\n|move|p1a: Medicham|Zen Headbutt|p2a: Toxapex\n|-supereffective|p2a: Toxapex\n|-damage|p2a: Toxapex|33\/100\n|\n|upkeep\n|turn|2\n|c|\u2606SkipTheDripBayless|wat\n|\n|t:|1664242574\n|move|p1a: Medicham|High Jump Kick|p2a: Toxapex\n|-resisted|p2a: Toxapex\n|-damage|p2a: Toxapex|3\/100\n|move|p2a: Toxapex|Toxic|p1a: Medicham\n|-status|p1a: Medicham|tox\n|\n|-damage|p1a: Medicham|94\/100 tox|[from] psn\n|upkeep\n|turn|3\n|\n|t:|1664242577\n|switch|p2a: Latias|Latias, F|100\/100\n|move|p1a: Medicham|High Jump Kick|p2a: Latias\n|-resisted|p2a: Latias\n|-damage|p2a: Latias|61\/100\n|\n|-damage|p1a: Medicham|82\/100 tox|[from] psn\n|upkeep\n|turn|4\n|c|\u2606SCALDING|how lil man live\n|c|\u2606SCALDING|xD\n|c|\u2606SkipTheDripBayless|-1\n|c|\u2606SkipTheDripBayless|attack\n|c|\u2606SCALDING|o\n|\n|t:|1664242587\n|switch|p1a: Victini|Victini|100\/100\n|detailschange|p2a: Latias|Latias-Mega, F\n|-mega|p2a: Latias|Latias|Latiasite\n|move|p2a: Latias|Recover|p2a: Latias\n|-heal|p2a: Latias|100\/100\n|\n|upkeep\n|turn|5\n|c|\u2606SCALDING|dang\n|c|\u2606SCALDING|watching the game didnt notice\n|c|\u2606SkipTheDripBayless|ur welcome\n|c|\u2606SkipTheDripBayless|..\n|\n|t:|1664242602\n|switch|p2a: Toxapex|Toxapex, F|36\/100\n|move|p1a: Victini|Will-O-Wisp|p2a: Toxapex\n|-status|p2a: Toxapex|brn\n|\n|-damage|p2a: Toxapex|30\/100 brn|[from] brn\n|upkeep\n|turn|6\n|c|\u2606SCALDING|thx honey\n|\n|t:|1664242616\n|switch|p1a: Magearna|Magearna|100\/100\n|switch|p2a: Landorus|Landorus-Therian, M|100\/100\n|-ability|p2a: Landorus|Intimidate|boost\n|-unboost|p1a: Magearna|atk|1\n|\n|upkeep\n|turn|7\n|\n|t:|1664242622\n|move|p2a: Landorus|Stealth Rock|p1a: Magearna\n|-sidestart|p1: SCALDING|move: Stealth Rock\n|-zpower|p1a: Magearna\n|move|p1a: Magearna|Twinkle Tackle|p2a: Landorus|[zeffect]\n|-damage|p2a: Landorus|0 fnt\n|faint|p2a: Landorus\n|-ability|p1a: Magearna|Soul-Heart|boost\n|-boost|p1a: Magearna|spa|1\n|\n|upkeep\n|\n|t:|1664242627\n|switch|p2a: Magnezone|Magnezone|100\/100\n|turn|8\n|c|\u2606SkipTheDripBayless|crazy\n|\n|t:|1664242630\n|move|p1a: Magearna|Shift Gear|p1a: Magearna\n|-boost|p1a: Magearna|spe|2\n|-boost|p1a: Magearna|atk|1\n|move|p2a: Magnezone|Volt Switch|p1a: Magearna\n|-damage|p1a: Magearna|47\/100\n|\n|t:|1664242632\n|switch|p2a: Magearna|Magearna|100\/100|[from]move: Volt Switch\n|\n|upkeep\n|turn|9\n|c|\u2606SCALDING|i got big ballz\n|\n|t:|1664242640\n|switch|p1a: Victini|Victini|100\/100\n|-damage|p1a: Victini|76\/100|[from] Stealth Rock\n|move|p2a: Magearna|Heart Swap|p1a: Victini\n|-swapboost|p2a: Magearna|p1a: Victini|[from] move: Heart Swap\n|\n|upkeep\n|turn|10\n|\n|t:|1664242645\n|switch|p2a: Latias|Latias-Mega, F|100\/100\n|move|p1a: Victini|U-turn|p2a: Latias\n|-supereffective|p2a: Latias\n|-damage|p2a: Latias|75\/100\n|\n|t:|1664242651\n|switch|p1a: Landorus|Landorus-Therian, M|100\/100|[from]move: U-turn\n|-damage|p1a: Landorus|88\/100|[from] Stealth Rock\n|-ability|p1a: Landorus|Intimidate|boost\n|-unboost|p2a: Latias|atk|1\n|\n|upkeep\n|turn|11\n|c|\u2606SCALDING|dis win\n|c|\u2606SkipTheDripBayless|ye\n|\n|t:|1664242660\n|switch|p1a: Ferrothorn|Ferrothorn, M|100\/100\n|-damage|p1a: Ferrothorn|94\/100|[from] Stealth Rock\n|move|p2a: Latias|Ice Beam|p1a: Ferrothorn\n|-damage|p1a: Ferrothorn|75\/100\n|\n|-heal|p1a: Ferrothorn|82\/100|[from] item: Leftovers\n|upkeep\n|turn|12\n|\n|t:|1664242666\n|switch|p2a: Magnezone|Magnezone|100\/100\n|switch|p1a: Landorus|Landorus-Therian, M|88\/100\n|-damage|p1a: Landorus|76\/100|[from] Stealth Rock\n|-ability|p1a: Landorus|Intimidate|boost\n|-unboost|p2a: Magnezone|atk|1\n|\n|upkeep\n|turn|13\n|c|\u2606SCALDING|da ceiling cant hold us\n|\n|t:|1664242686\n|switch|p2a: Magearna|Magearna|100\/100\n|move|p1a: Landorus|Stealth Rock|p2a: Magearna\n|-sidestart|p2: SkipTheDripBayless|move: Stealth Rock\n|\n|upkeep\n|turn|14\n|\n|t:|1664242696\n|switch|p2a: Latias|Latias-Mega, F|75\/100\n|-damage|p2a: Latias|62\/100|[from] Stealth Rock\n|move|p1a: Landorus|Earthquake|p2a: Latias\n|-immune|p2a: Latias|[from] ability: Levitate\n|\n|upkeep\n|turn|15\n|\n|t:|1664242702\n|move|p2a: Latias|Recover|p2a: Latias\n|-heal|p2a: Latias|100\/100\n|move|p1a: Landorus|U-turn|p2a: Latias\n|-supereffective|p2a: Latias\n|-damage|p2a: Latias|64\/100\n|\n|t:|1664242708\n|switch|p1a: Rotom|Rotom-Wash|100\/100|[from]move: U-turn\n|-damage|p1a: Rotom|88\/100|[from] Stealth Rock\n|\n|upkeep\n|turn|16\n|\n|t:|1664242721\n|switch|p2a: Toxapex|Toxapex, F|63\/100 brn\n|-damage|p2a: Toxapex|50\/100 brn|[from] Stealth Rock\n|move|p1a: Rotom|Defog|p2a: Toxapex\n|-unboost|p2a: Toxapex|evasion|1\n|-sideend|p2: SkipTheDripBayless|Stealth Rock|[from] move: Defog|[of] p1a: Rotom\n|-sideend|p1: SCALDING|Stealth Rock|[from] move: Defog|[of] p1a: Rotom\n|\n|-damage|p2a: Toxapex|44\/100 brn|[from] brn\n|upkeep\n|turn|17\n|c|\u2606SCALDING|set da rocks\n|c|\u2606SCALDING|to defog them\n|c|\u2606SkipTheDripBayless|smart\n|\n|t:|1664242742\n|move|p1a: Rotom|Volt Switch|p2a: Toxapex\n|-supereffective|p2a: Toxapex\n|-damage|p2a: Toxapex|10\/100 brn\n|\n|t:|1664242750\n|switch|p1a: Landorus|Landorus-Therian, M|76\/100|[from]move: Volt Switch\n|-ability|p1a: Landorus|Intimidate|boost\n|-unboost|p2a: Toxapex|atk|1\n|move|p2a: Toxapex|Recover|p2a: Toxapex\n|-heal|p2a: Toxapex|60\/100 brn\n|\n|-damage|p2a: Toxapex|54\/100 brn|[from] brn\n|upkeep\n|turn|18\n|c|\u2606SCALDING|eq crit\n|c|\u2606SCALDING|oh wait\n|c|\u2606SCALDING|ur burned\n|c|\u2606SCALDING|not me\n|\n|t:|1664242767\n|switch|p2a: Magearna|Magearna|100\/100\n|move|p1a: Landorus|Stealth Rock|p2a: Magearna\n|-sidestart|p2: SkipTheDripBayless|move: Stealth Rock\n|\n|upkeep\n|turn|19\n|\n|t:|1664242775\n|move|p1a: Landorus|U-turn|p2a: Magearna\n|-resisted|p2a: Magearna\n|-damage|p2a: Magearna|96\/100\n|\n|t:|1664242782\n|switch|p1a: Rotom|Rotom-Wash|88\/100|[from]move: U-turn\n|move|p2a: Magearna|Fleur Cannon|p1a: Rotom\n|-damage|p1a: Rotom|31\/100\n|-unboost|p2a: Magearna|spa|2\n|\n|-heal|p2a: Magearna|100\/100|[from] item: Leftovers\n|upkeep\n|turn|20\n|\n|t:|1664242791\n|move|p1a: Rotom|Will-O-Wisp|p2a: Magearna\n|-status|p2a: Magearna|brn\n|move|p2a: Magearna|Fleur Cannon|p1a: Rotom\n|-damage|p1a: Rotom|1\/100\n|-unboost|p2a: Magearna|spa|2\n|-enditem|p1a: Rotom|Wiki Berry|[eat]\n|-heal|p1a: Rotom|51\/100|[from] item: Wiki Berry\n|\n|-damage|p2a: Magearna|94\/100 brn|[from] brn\n|upkeep\n|turn|21\n|c|\u2606SCALDING|u fuck w smosh bro bro\n|c|\u2606SkipTheDripBayless|idk\n|c|\u2606SkipTheDripBayless|wat ur sayin\n|c|\u2606SCALDING|smosh\n|c|\u2606SkipTheDripBayless|stop typing\n|c|\u2606SCALDING|from like\n|c|\u2606SCALDING|2011\n|c|\u2606SkipTheDripBayless|ur distracting me\n|c|\u2606SkipTheDripBayless|from building\n|c|\u2606SCALDING|sorry sir\n|inactive|SkipTheDripBayless has 270 seconds left.\n|c|\u2606SCALDING|shoutout to rick ross\n|c|\u2606SCALDING|fat ass\n|c|\u2606SkipTheDripBayless|tabing in seein words\n|c|\u2606SkipTheDripBayless|is so fcukeddd\n|c|\u2606SkipTheDripBayless|lemme build\n|\n|t:|1664242839\n|move|p1a: Rotom|Volt Switch|p2a: Magearna\n|-damage|p2a: Magearna|79\/100 brn\n|\n|t:|1664242842\n|switch|p1a: Landorus|Landorus-Therian, M|76\/100|[from]move: Volt Switch\n|-ability|p1a: Landorus|Intimidate|boost\n|-unboost|p2a: Magearna|atk|1\n|move|p2a: Magearna|Fleur Cannon|p1a: Landorus\n|-damage|p1a: Landorus|53\/100\n|-unboost|p2a: Magearna|spa|2\n|\n|-heal|p2a: Magearna|85\/100 brn|[from] item: Leftovers\n|-damage|p2a: Magearna|79\/100 brn|[from] brn\n|upkeep\n|turn|22\n|\n|t:|1664242851\n|move|p1a: Landorus|Earthquake|p2a: Magearna\n|-supereffective|p2a: Magearna\n|-damage|p2a: Magearna|7\/100 brn\n|move|p2a: Magearna|Fleur Cannon|p1a: Landorus\n|-damage|p1a: Landorus|37\/100\n|\n|-heal|p2a: Magearna|13\/100 brn|[from] item: Leftovers\n|-damage|p2a: Magearna|7\/100 brn|[from] brn\n|upkeep\n|turn|23\n|inactive|SkipTheDripBayless has 270 seconds left.\n|\n|t:|1664242860\n|switch|p2a: Serperior|Serperior, M|100\/100\n|-damage|p2a: Serperior|88\/100|[from] Stealth Rock\n|move|p1a: Landorus|Hidden Power|p2a: Serperior\n|-supereffective|p2a: Serperior\n|-damage|p2a: Serperior|57\/100\n|\n|-heal|p2a: Serperior|63\/100|[from] item: Leftovers\n|upkeep\n|turn|24\n|\n|t:|1664242870\n|switch|p1a: Victini|Victini|76\/100\n|move|p2a: Serperior|Substitute|p2a: Serperior\n|-start|p2a: Serperior|Substitute\n|-damage|p2a: Serperior|39\/100\n|\n|-heal|p2a: Serperior|45\/100|[from] item: Leftovers\n|upkeep\n|turn|25\n|\n|t:|1664242874\n|move|p1a: Victini|U-turn|p2a: Serperior\n|-supereffective|p2a: Serperior\n|-end|p2a: Serperior|Substitute\n|\n|t:|1664242877\n|switch|p1a: Landorus|Landorus-Therian, M|37\/100|[from]move: U-turn\n|-ability|p1a: Landorus|Intimidate|boost\n|-boost|p2a: Serperior|atk|1\n|move|p2a: Serperior|Leech Seed|p1a: Landorus\n|-start|p1a: Landorus|move: Leech Seed\n|\n|-heal|p2a: Serperior|51\/100|[from] item: Leftovers\n|-damage|p1a: Landorus|24\/100|[from] Leech Seed|[of] p2a: Serperior\n|-heal|p2a: Serperior|65\/100|[silent]\n|upkeep\n|turn|26\n|\n|t:|1664242881\n|move|p2a: Serperior|Leaf Storm|p1a: Landorus\n|-damage|p1a: Landorus|0 fnt\n|-boost|p2a: Serperior|spa|2\n|faint|p1a: Landorus\n|\n|-heal|p2a: Serperior|71\/100|[from] item: Leftovers\n|upkeep\n|\n|t:|1664242883\n|switch|p1a: Victini|Victini|76\/100\n|turn|27\n|\n|t:|1664242889\n|move|p1a: Victini|V-create|p2a: Serperior\n|-supereffective|p2a: Serperior\n|-damage|p2a: Serperior|0 fnt\n|-unboost|p1a: Victini|spe|1\n|-unboost|p1a: Victini|def|1\n|-unboost|p1a: Victini|spd|1\n|faint|p2a: Serperior\n|\n|upkeep\n|\n|t:|1664242890\n|switch|p2a: Latias|Latias-Mega, F|64\/100\n|-damage|p2a: Latias|51\/100|[from] Stealth Rock\n|turn|28\n|c|\u2606SCALDING|gawn\n|\n|t:|1664242897\n|switch|p1a: Rotom|Rotom-Wash|51\/100\n|move|p2a: Latias|Recover|p2a: Latias\n|-heal|p2a: Latias|100\/100\n|\n|upkeep\n|turn|29\n|\n|t:|1664242915\n|switch|p2a: Magnezone|Magnezone|100\/100\n|-damage|p2a: Magnezone|95\/100|[from] Stealth Rock\n|move|p1a: Rotom|Volt Switch|p2a: Magnezone\n|-resisted|p2a: Magnezone\n|-damage|p2a: Magnezone|80\/100\n|\n|t:|1664242917\n|switch|p1a: Victini|Victini|76\/100|[from]move: Volt Switch\n|\n|upkeep\n|turn|30\n|\n|t:|1664242923\n|switch|p2a: Toxapex|Toxapex, F|87\/100 brn\n|-damage|p2a: Toxapex|75\/100 brn|[from] Stealth Rock\n|move|p1a: Victini|V-create|p2a: Toxapex\n|-resisted|p2a: Toxapex\n|-damage|p2a: Toxapex|51\/100 brn\n|-unboost|p1a: Victini|spe|1\n|-unboost|p1a: Victini|def|1\n|-unboost|p1a: Victini|spd|1\n|\n|-damage|p2a: Toxapex|45\/100 brn|[from] brn\n|upkeep\n|turn|31\n|\n|t:|1664242929\n|switch|p1a: Rotom|Rotom-Wash|51\/100\n|switch|p2a: Latias|Latias-Mega, F|100\/100\n|-damage|p2a: Latias|88\/100|[from] Stealth Rock\n|\n|upkeep\n|turn|32\n|\n|t:|1664242932\n|move|p2a: Latias|Calm Mind|p2a: Latias\n|-boost|p2a: Latias|spa|1\n|-boost|p2a: Latias|spd|1\n|move|p1a: Rotom|Volt Switch|p2a: Latias\n|-resisted|p2a: Latias\n|-damage|p2a: Latias|82\/100\n|\n|t:|1664242934\n|switch|p1a: Magearna|Magearna|47\/100|[from]move: Volt Switch\n|\n|upkeep\n|turn|33\n|\n|t:|1664242940\n|move|p2a: Latias|Calm Mind|p2a: Latias\n|-boost|p2a: Latias|spa|1\n|-boost|p2a: Latias|spd|1\n|move|p1a: Magearna|Fleur Cannon|p2a: Latias\n|-supereffective|p2a: Latias\n|-damage|p2a: Latias|38\/100\n|-unboost|p1a: Magearna|spa|2\n|\n|upkeep\n|turn|34\n|\n|t:|1664242944\n|switch|p1a: Victini|Victini|76\/100\n|move|p2a: Latias|Recover|p2a: Latias\n|-heal|p2a: Latias|88\/100\n|\n|upkeep\n|turn|35\n|\n|t:|1664242950\n|move|p1a: Victini|Will-O-Wisp|p2a: Latias\n|-status|p2a: Latias|brn\n|move|p2a: Latias|Psyshock|p1a: Victini\n|-resisted|p1a: Victini\n|-damage|p1a: Victini|44\/100\n|\n|-damage|p2a: Latias|82\/100 brn|[from] brn\n|upkeep\n|turn|36\n|\n|t:|1664242953\n|switch|p1a: Ferrothorn|Ferrothorn, M|82\/100\n|move|p2a: Latias|Ice Beam|p1a: Ferrothorn\n|-damage|p1a: Ferrothorn|47\/100\n|\n|-heal|p1a: Ferrothorn|53\/100|[from] item: Leftovers\n|-damage|p2a: Latias|76\/100 brn|[from] brn\n|upkeep\n|turn|37\n|\n|t:|1664242958\n|switch|p1a: Victini|Victini|44\/100\n|move|p2a: Latias|Ice Beam|p1a: Victini\n|-resisted|p1a: Victini\n|-damage|p1a: Victini|21\/100\n|\n|-damage|p2a: Latias|70\/100 brn|[from] brn\n|upkeep\n|turn|38\n|\n|t:|1664242963\n|move|p1a: Victini|U-turn|p2a: Latias\n|-supereffective|p2a: Latias\n|-damage|p2a: Latias|45\/100 brn\n|\n|t:|1664242964\n|switch|p1a: Magearna|Magearna|47\/100|[from]move: U-turn\n|move|p2a: Latias|Recover|p2a: Latias\n|-heal|p2a: Latias|95\/100 brn\n|\n|-damage|p2a: Latias|89\/100 brn|[from] brn\n|upkeep\n|turn|39\n|\n|t:|1664242967\n|switch|p1a: Ferrothorn|Ferrothorn, M|53\/100\n|move|p2a: Latias|Calm Mind|p2a: Latias\n|-boost|p2a: Latias|spa|1\n|-boost|p2a: Latias|spd|1\n|\n|-heal|p1a: Ferrothorn|60\/100|[from] item: Leftovers\n|-damage|p2a: Latias|83\/100 brn|[from] brn\n|upkeep\n|turn|40\n|\n|t:|1664242969\n|switch|p2a: Magnezone|Magnezone|80\/100\n|-damage|p2a: Magnezone|74\/100|[from] Stealth Rock\n|move|p1a: Ferrothorn|Leech Seed|p2a: Magnezone\n|-start|p2a: Magnezone|move: Leech Seed\n|\n|-heal|p1a: Ferrothorn|66\/100|[from] item: Leftovers\n|-damage|p2a: Magnezone|61\/100|[from] Leech Seed|[of] p1a: Ferrothorn\n|-heal|p1a: Ferrothorn|76\/100|[silent]\n|upkeep\n|turn|41\n|\n|t:|1664242974\n|move|p2a: Magnezone|Hidden Power|p1a: Ferrothorn\n|-supereffective|p1a: Ferrothorn\n|-damage|p1a: Ferrothorn|0 fnt\n|faint|p1a: Ferrothorn\n|\n|upkeep\n|\n|t:|1664242979\n|switch|p1a: Medicham|Medicham-Mega, F|82\/100 tox\n|turn|42\n|\n|t:|1664242981\n|switch|p2a: Toxapex|Toxapex, F|78\/100 brn\n|-damage|p2a: Toxapex|66\/100 brn|[from] Stealth Rock\n|move|p1a: Medicham|High Jump Kick|p2a: Toxapex\n|-resisted|p2a: Toxapex\n|-damage|p2a: Toxapex|25\/100 brn\n|\n|-damage|p1a: Medicham|76\/100 tox|[from] psn\n|-damage|p2a: Toxapex|18\/100 brn|[from] brn\n|upkeep\n|turn|43\n|\n|t:|1664242984\n|switch|p2a: Magearna|Magearna|7\/100 brn\n|-damage|p2a: Magearna|0 fnt|[from] Stealth Rock\n|faint|p2a: Magearna\n|move|p1a: Medicham|High Jump Kick|p2: Magearna|[notarget]\n|-fail|p1a: Medicham\n|\n|-damage|p1a: Medicham|64\/100 tox|[from] psn\n|upkeep\n|\n|t:|1664242985\n|switch|p2a: Latias|Latias-Mega, F|83\/100 brn\n|-damage|p2a: Latias|70\/100 brn|[from] Stealth Rock\n|turn|44\n|\n|t:|1664242994\n|switch|p2a: Magnezone|Magnezone|61\/100\n|-damage|p2a: Magnezone|55\/100|[from] Stealth Rock\n|move|p1a: Medicham|Ice Punch|p2a: Magnezone\n|-resisted|p2a: Magnezone\n|-damage|p2a: Magnezone|34\/100\n|\n|-damage|p1a: Medicham|45\/100 tox|[from] psn\n|upkeep\n|turn|45\n|c|\u2606SCALDING|i knew it\n|c|\u2606SCALDING|:c\n|\n|t:|1664243014\n|move|p1a: Medicham|Zen Headbutt|p2a: Magnezone\n|-resisted|p2a: Magnezone\n|-damage|p2a: Magnezone|0 fnt\n|faint|p2a: Magnezone\n|\n|-damage|p1a: Medicham|21\/100 tox|[from] psn\n|upkeep\n|\n|t:|1664243017\n|switch|p2a: Latias|Latias-Mega, F|70\/100 brn\n|-damage|p2a: Latias|58\/100 brn|[from] Stealth Rock\n|turn|46\n|\n|t:|1664243019\n|move|p2a: Latias|Ice Beam|p1a: Medicham\n|-damage|p1a: Medicham|0 fnt\n|faint|p1a: Medicham\n|\n|-damage|p2a: Latias|52\/100 brn|[from] brn\n|upkeep\n|\n|t:|1664243021\n|switch|p1a: Magearna|Magearna|47\/100\n|turn|47\n|\n|t:|1664243025\n|move|p2a: Latias|Calm Mind|p2a: Latias\n|-boost|p2a: Latias|spa|1\n|-boost|p2a: Latias|spd|1\n|move|p1a: Magearna|Shift Gear|p1a: Magearna\n|-boost|p1a: Magearna|spe|2\n|-boost|p1a: Magearna|atk|1\n|\n|-damage|p2a: Latias|46\/100 brn|[from] brn\n|upkeep\n|turn|48\n|\n|t:|1664243030\n|switch|p2a: Toxapex|Toxapex, F|51\/100 brn\n|-damage|p2a: Toxapex|39\/100 brn|[from] Stealth Rock\n|move|p1a: Magearna|Fleur Cannon|p2a: Toxapex\n|-resisted|p2a: Toxapex\n|-damage|p2a: Toxapex|18\/100 brn\n|-unboost|p1a: Magearna|spa|2\n|\n|-damage|p2a: Toxapex|12\/100 brn|[from] brn\n|upkeep\n|turn|49\n|\n|t:|1664243041\n|move|p1a: Magearna|Thunderbolt|p2a: Toxapex\n|-supereffective|p2a: Toxapex\n|-damage|p2a: Toxapex|0 fnt\n|faint|p2a: Toxapex\n|-ability|p1a: Magearna|Soul-Heart|boost\n|-boost|p1a: Magearna|spa|1\n|\n|upkeep\n|\n|t:|1664243042\n|switch|p2a: Latias|Latias-Mega, F|46\/100 brn\n|-damage|p2a: Latias|34\/100 brn|[from] Stealth Rock\n|turn|50\n|\n|t:|1664243044\n|move|p1a: Magearna|Fleur Cannon|p2a: Latias\n|-supereffective|p2a: Latias\n|-damage|p2a: Latias|0 fnt\n|-unboost|p1a: Magearna|spa|2\n|faint|p2a: Latias\n|\n|win|SCALDING\n|c|\u2606SCALDING|u have never won\n","uploadtime":1664243053,"views":11,"p1id":"scalding","p2id":"skipthedripbayless","formatid":"gen7ou","rating":0,"private":0,"password":null}