{"id":"gen7uu-988164738","p1":"Haitun Testing 2","p2":"oppaimilf","format":"gen7uu","log":"|j|\u2606Haitun Testing 2\n|j|\u2606oppaimilf\n|player|p1|Haitun Testing 2|169|1457\n|player|p2|oppaimilf|wicke|1350\n|teamsize|p1|6\n|teamsize|p2|6\n|gametype|singles\n|gen|7\n|tier|[Gen 7] UU\n|rated|\n|rule|Sleep Clause Mod: Limit one foe put to sleep\n|rule|Species Clause: Limit one of each Pok\u00e9mon\n|rule|OHKO Clause: OHKO moves are banned\n|rule|Moody Clause: Moody is banned\n|rule|Evasion Moves Clause: Evasion moves are banned\n|rule|Endless Battle Clause: Forcing endless battles is banned\n|rule|HP Percentage Mod: HP is shown in percentages\n|clearpoke\n|poke|p1|Beedrill, F|item\n|poke|p1|Zygarde-10%|item\n|poke|p1|Primarina, M|item\n|poke|p1|Espeon, F|item\n|poke|p1|Cobalion|item\n|poke|p1|Rotom-Heat|item\n|poke|p2|Amoonguss, F|item\n|poke|p2|Feraligatr, F|item\n|poke|p2|Swampert, F|item\n|poke|p2|Krookodile, F|item\n|poke|p2|Rotom-Heat|item\n|poke|p2|Scizor, M|item\n|teampreview\n|\n|start\n|switch|p1a: Rotom|Rotom-Heat|100\/100\n|switch|p2a: Krookodile|Krookodile, F|100\/100\n|-ability|p2a: Krookodile|Intimidate|boost\n|-unboost|p1a: Rotom|atk|1\n|turn|1\n|\n|move|p2a: Krookodile|Stone Edge|p1a: Rotom\n|-supereffective|p1a: Rotom\n|-damage|p1a: Rotom|28\/100\n|move|p1a: Rotom|Will-O-Wisp|p2a: Krookodile\n|-status|p2a: Krookodile|brn\n|\n|-heal|p1a: Rotom|34\/100|[from] item: Leftovers\n|-damage|p2a: Krookodile|94\/100 brn|[from] brn\n|upkeep\n|turn|2\n|\n|switch|p1a: Cobalion|Cobalion|100\/100\n|move|p2a: Krookodile|Stone Edge|p1a: Cobalion\n|-resisted|p1a: Cobalion\n|-damage|p1a: Cobalion|97\/100\n|\n|-damage|p2a: Krookodile|88\/100 brn|[from] brn\n|upkeep\n|turn|3\n|\n|switch|p2a: Amoonguss|Amoonguss, F|100\/100\n|move|p1a: Cobalion|Close Combat|p2a: Amoonguss\n|-resisted|p2a: Amoonguss\n|-damage|p2a: Amoonguss|82\/100\n|-damage|p1a: Cobalion|81\/100|[from] item: Rocky Helmet|[of] p2a: Amoonguss\n|-unboost|p1a: Cobalion|def|1\n|-unboost|p1a: Cobalion|spd|1\n|\n|upkeep\n|turn|4\n|\n|move|p1a: Cobalion|Stealth Rock|p2a: Amoonguss\n|-sidestart|p2: oppaimilf|move: Stealth Rock\n|move|p2a: Amoonguss|Spore|p1a: Cobalion\n|-status|p1a: Cobalion|slp|[from] move: Spore\n|\n|upkeep\n|turn|5\n|\n|switch|p1a: Beedrill|Beedrill, F|100\/100\n|switch|p2a: Rotom|Rotom-Heat|100\/100\n|-damage|p2a: Rotom|75\/100|[from] Stealth Rock\n|\n|upkeep\n|turn|6\n|\n|detailschange|p1a: Beedrill|Beedrill-Mega, F\n|-mega|p1a: Beedrill|Beedrill|Beedrillite\n|move|p1a: Beedrill|U-turn|p2a: Rotom\n|-resisted|p2a: Rotom\n|-damage|p2a: Rotom|46\/100\n|\n|switch|p1a: Rotom|Rotom-Heat|34\/100|[from]move: U-turn\n|move|p2a: Rotom|Defog|p1a: Rotom\n|-unboost|p1a: Rotom|evasion|1\n|-sideend|p2: oppaimilf|Stealth Rock|[from] move: Defog|[of] p2a: Rotom\n|\n|-heal|p1a: Rotom|40\/100|[from] item: Leftovers\n|upkeep\n|turn|7\n|\n|move|p2a: Rotom|Volt Switch|p1a: Rotom\n|-resisted|p1a: Rotom\n|-damage|p1a: Rotom|26\/100\n|\n|switch|p2a: Swampert|Swampert, F|100\/100|[from]move: Volt Switch\n|move|p1a: Rotom|Volt Switch|p2a: Swampert\n|-immune|p2a: Swampert\n|\n|-heal|p1a: Rotom|32\/100|[from] item: Leftovers\n|upkeep\n|turn|8\n|\n|move|p1a: Rotom|Will-O-Wisp|p2a: Swampert\n|-status|p2a: Swampert|brn\n|move|p2a: Swampert|Scald|p1a: Rotom\n|-supereffective|p1a: Rotom\n|-damage|p1a: Rotom|0 fnt\n|faint|p1a: Rotom\n|\n|-damage|p2a: Swampert|94\/100 brn|[from] brn\n|upkeep\n|\n|switch|p1a: Espeon|Espeon, F|100\/100\n|turn|9\n|\n|switch|p2a: Scizor|Scizor, M|100\/100\n|move|p1a: Espeon|Calm Mind|p1a: Espeon\n|-boost|p1a: Espeon|spa|1\n|-boost|p1a: Espeon|spd|1\n|\n|upkeep\n|turn|10\n|\n|move|p1a: Espeon|Hidden Power|p2a: Scizor\n|-supereffective|p2a: Scizor\n|-damage|p2a: Scizor|0 fnt\n|faint|p2a: Scizor\n|\n|upkeep\n|c|\u2606oppaimilf|smart\n|\n|switch|p2a: Krookodile|Krookodile, F|88\/100 brn\n|-ability|p2a: Krookodile|Intimidate|boost\n|-unboost|p1a: Espeon|atk|1\n|turn|11\n|\n|move|p2a: Krookodile|Knock Off|p1a: Espeon\n|-supereffective|p1a: Espeon\n|-damage|p1a: Espeon|46\/100\n|move|p1a: Espeon|Dazzling Gleam|p2a: Krookodile\n|-supereffective|p2a: Krookodile\n|-damage|p2a: Krookodile|0 fnt\n|faint|p2a: Krookodile\n|\n|upkeep\n|\n|switch|p2a: Feraligatr|Feraligatr, F|100\/100\n|turn|12\n|\n|-zpower|p1a: Espeon\n|move|p1a: Espeon|Shattered Psyche|p2a: Feraligatr|[zeffect]\n|-damage|p2a: Feraligatr|0 fnt\n|faint|p2a: Feraligatr\n|\n|upkeep\n|\n|switch|p2a: Swampert|Swampert, F|94\/100 brn\n|turn|13\n|\n|move|p1a: Espeon|Calm Mind|p1a: Espeon\n|-boost|p1a: Espeon|spa|1\n|-boost|p1a: Espeon|spd|1\n|move|p2a: Swampert|Scald|p1a: Espeon\n|-damage|p1a: Espeon|29\/100\n|\n|-heal|p2a: Swampert|100\/100 brn|[from] item: Leftovers\n|-damage|p2a: Swampert|94\/100 brn|[from] brn\n|upkeep\n|turn|14\n|inactive|Battle timer is ON: inactive players will automatically lose when time's up. (requested by Haitun Testing 2)\n|\n|move|p1a: Espeon|Psyshock|p2a: Swampert\n|-damage|p2a: Swampert|41\/100 brn\n|move|p2a: Swampert|Scald|p1a: Espeon\n|-damage|p1a: Espeon|13\/100\n|-status|p1a: Espeon|brn\n|\n|-heal|p2a: Swampert|47\/100 brn|[from] item: Leftovers\n|-damage|p1a: Espeon|7\/100 brn|[from] brn\n|-damage|p2a: Swampert|41\/100 brn|[from] brn\n|upkeep\n|turn|15\n|\n|move|p1a: Espeon|Psyshock|p2a: Swampert\n|-damage|p2a: Swampert|0 fnt\n|faint|p2a: Swampert\n|\n|-damage|p1a: Espeon|1\/100 brn|[from] brn\n|upkeep\n|\n|switch|p2a: Rotom|Rotom-Heat|46\/100\n|turn|16\n|\n|move|p1a: Espeon|Psyshock|p2a: Rotom\n|-damage|p2a: Rotom|0 fnt\n|faint|p2a: Rotom\n|\n|-damage|p1a: Espeon|0 fnt|[from] brn\n|faint|p1a: Espeon\n|upkeep\n|\n|switch|p1a: Beedrill|Beedrill-Mega, F|100\/100\n|switch|p2a: Amoonguss|Amoonguss, F|100\/100\n|turn|17\n|inactive|oppaimilf has 120 seconds left.\n|\n|move|p1a: Beedrill|Poison Jab|p2a: Amoonguss\n|-damage|p2a: Amoonguss|53\/100\n|-damage|p1a: Beedrill|84\/100|[from] item: Rocky Helmet|[of] p2a: Amoonguss\n|move|p2a: Amoonguss|Spore|p1a: Beedrill\n|-message|Sleep Clause Mod activated.\n|\n|upkeep\n|turn|18\n|\n|move|p1a: Beedrill|Poison Jab|p2a: Amoonguss\n|-damage|p2a: Amoonguss|3\/100\n|-damage|p1a: Beedrill|67\/100|[from] item: Rocky Helmet|[of] p2a: Amoonguss\n|move|p2a: Amoonguss|Hidden Power|p1a: Beedrill\n|-supereffective|p1a: Beedrill\n|-damage|p1a: Beedrill|33\/100\n|\n|upkeep\n|turn|19\n|\n|move|p1a: Beedrill|Poison Jab|p2a: Amoonguss\n|-damage|p2a: Amoonguss|0 fnt\n|-damage|p1a: Beedrill|17\/100|[from] item: Rocky Helmet|[of] p2a: Amoonguss\n|faint|p2a: Amoonguss\n|\n|win|Haitun Testing 2\n|l|\u2606oppaimilf\n","uploadtime":1570400018,"views":4,"p1id":"haituntesting2","p2id":"oppaimilf","formatid":"gen7uu","rating":0,"private":0,"password":null}