{"id":"gen7uu-778564326","p1":"OGamer289","p2":"DasChunk","format":"gen7uu","log":"|j|\u2606OGamer289\n|j|\u2606DasChunk\n|player|p1|OGamer289|153\n|player|p2|DasChunk|170\n|teamsize|p1|6\n|teamsize|p2|6\n|gametype|singles\n|gen|7\n|tier|[Gen 7] UU\n|rated|\n|rule|Sleep Clause Mod: Limit one foe put to sleep\n|rule|Species Clause: Limit one of each Pok\u00e9mon\n|rule|OHKO Clause: OHKO moves are banned\n|rule|Moody Clause: Moody is banned\n|rule|Evasion Moves Clause: Evasion moves are banned\n|rule|Endless Battle Clause: Forcing endless battles is banned\n|rule|HP Percentage Mod: HP is shown in percentages\n|clearpoke\n|poke|p1|Aerodactyl, M|item\n|poke|p1|Porygon2|item\n|poke|p1|Mamoswine, M|item\n|poke|p1|Cobalion|item\n|poke|p1|Latias, F|item\n|poke|p1|Darmanitan, M|item\n|poke|p2|Primarina, F|item\n|poke|p2|Doublade, M|item\n|poke|p2|Muk-Alola, F|item\n|poke|p2|Cobalion|item\n|poke|p2|Mamoswine, F|item\n|poke|p2|Aerodactyl, M|item\n|teampreview\n|c|\u2606DasChunk|hf\n|\n|start\n|switch|p1a: Ape San|Darmanitan, M, shiny|100\/100\n|switch|p2a: Aerodactyl|Aerodactyl, M|100\/100\n|turn|1\n|\n|detailschange|p2a: Aerodactyl|Aerodactyl-Mega, M\n|-mega|p2a: Aerodactyl|Aerodactyl|Aerodactylite\n|move|p1a: Ape San|Rock Slide|p2a: Aerodactyl\n|-supereffective|p2a: Aerodactyl\n|-damage|p2a: Aerodactyl|8\/100\n|move|p2a: Aerodactyl|Stone Edge|p1a: Ape San\n|-supereffective|p1a: Ape San\n|-damage|p1a: Ape San|0 fnt\n|faint|p1a: Ape San\n|\n|upkeep\n|c|\u2606OGamer289|hf\n|\n|switch|p1a: Dactylus|Aerodactyl, M|100\/100\n|turn|2\n|\n|switch|p2a: Doublade|Doublade, M|100\/100\n|detailschange|p1a: Dactylus|Aerodactyl-Mega, M\n|-mega|p1a: Dactylus|Aerodactyl|Aerodactylite\n|move|p1a: Dactylus|Aerial Ace|p2a: Doublade\n|-resisted|p2a: Doublade\n|-damage|p2a: Doublade|91\/100\n|\n|upkeep\n|turn|3\n|\n|move|p1a: Dactylus|Earthquake|p2a: Doublade\n|-supereffective|p2a: Doublade\n|-damage|p2a: Doublade|57\/100\n|move|p2a: Doublade|Gyro Ball|p1a: Dactylus\n|-supereffective|p1a: Dactylus\n|-damage|p1a: Dactylus|0 fnt\n|faint|p1a: Dactylus\n|\n|upkeep\n|\n|switch|p1a: Manni|Mamoswine, M|100\/100\n|turn|4\n|\n|switch|p2a: Aerodactyl|Aerodactyl-Mega, M|8\/100\n|move|p1a: Manni|Earthquake|p2a: Aerodactyl\n|-immune|p2a: Aerodactyl|[msg]\n|\n|upkeep\n|turn|5\n|\n|move|p1a: Manni|Ice Shard|p2a: Aerodactyl\n|-supereffective|p2a: Aerodactyl\n|-damage|p2a: Aerodactyl|0 fnt\n|-damage|p1a: Manni|91\/100|[from] item: Life Orb\n|faint|p2a: Aerodactyl\n|\n|upkeep\n|\n|switch|p2a: Cobalion|Cobalion|100\/100\n|turn|6\n|\n|switch|p1a: Ritter|Cobalion|100\/100\n|move|p2a: Cobalion|Swords Dance|p2a: Cobalion\n|-boost|p2a: Cobalion|atk|2\n|\n|upkeep\n|turn|7\n|\n|-zpower|p1a: Ritter\n|move|p1a: Ritter|All-Out Pummeling|p2a: Cobalion|[zeffect]\n|-supereffective|p2a: Cobalion\n|-damage|p2a: Cobalion|0 fnt\n|faint|p2a: Cobalion\n|\n|upkeep\n|\n|switch|p2a: Mamoswine|Mamoswine, F|100\/100\n|turn|8\n|\n|switch|p1a: Lati2|Latias, F|100\/100\n|switch|p2a: Doublade|Doublade, M|57\/100\n|\n|upkeep\n|turn|9\n|\n|move|p2a: Doublade|Shadow Sneak|p1a: Lati2\n|-supereffective|p1a: Lati2\n|-damage|p1a: Lati2|62\/100\n|move|p1a: Lati2|Draco Meteor|p2a: Doublade\n|-resisted|p2a: Doublade\n|-damage|p2a: Doublade|23\/100\n|-unboost|p1a: Lati2|spa|2\n|\n|upkeep\n|turn|10\n|\n|switch|p1a: SchattenTurnier|Porygon2|100\/100\n|-ability|p1a: SchattenTurnier|No Guard|[from] ability: Trace|[of] p2a: Doublade\n|move|p2a: Doublade|Shadow Claw|p1a: SchattenTurnier\n|-immune|p1a: SchattenTurnier|[msg]\n|\n|upkeep\n|turn|11\n|\n|switch|p2a: Muk|Muk-Alola, F|100\/100\n|move|p1a: SchattenTurnier|Ice Beam|p2a: Muk\n|-damage|p2a: Muk|88\/100\n|\n|upkeep\n|turn|12\n|\n|switch|p1a: Ritter|Cobalion|100\/100\n|move|p2a: Muk|Knock Off|p1a: Ritter\n|-resisted|p1a: Ritter\n|-damage|p1a: Ritter|88\/100\n|-ability|p1a: Ritter|Justified|boost\n|-boost|p1a: Ritter|atk|1\n|\n|upkeep\n|turn|13\n|\n|move|p1a: Ritter|Close Combat|p2a: Muk\n|-damage|p2a: Muk|6\/100\n|-unboost|p1a: Ritter|def|1\n|-unboost|p1a: Ritter|spd|1\n|move|p2a: Muk|Fire Punch|p1a: Ritter\n|-supereffective|p1a: Ritter\n|-damage|p1a: Ritter|34\/100\n|\n|upkeep\n|turn|14\n|\n|switch|p2a: Primarina|Primarina, F|100\/100\n|move|p1a: Ritter|Iron Head|p2a: Primarina\n|-damage|p2a: Primarina|34\/100\n|\n|upkeep\n|turn|15\n|\n|move|p1a: Ritter|Iron Head|p2a: Primarina\n|-damage|p2a: Primarina|0 fnt\n|faint|p2a: Primarina\n|\n|upkeep\n|\n|switch|p2a: Doublade|Doublade, M|23\/100\n|turn|16\n|\n|move|p2a: Doublade|Shadow Sneak|p1a: Ritter\n|-damage|p1a: Ritter|6\/100\n|move|p1a: Ritter|Volt Switch|p2a: Doublade\n|-damage|p2a: Doublade|6\/100\n|\n|switch|p1a: SchattenTurnier|Porygon2|100\/100\n|-ability|p1a: SchattenTurnier|No Guard|[from] ability: Trace|[of] p2a: Doublade\n|\n|upkeep\n|turn|17\n|\n|move|p1a: SchattenTurnier|Ice Beam|p2a: Doublade\n|-resisted|p2a: Doublade\n|-damage|p2a: Doublade|0 fnt\n|faint|p2a: Doublade\n|\n|upkeep\n|\n|switch|p2a: Mamoswine|Mamoswine, F|100\/100\n|turn|18\n|\n|move|p2a: Mamoswine|Earthquake|p1a: SchattenTurnier\n|-damage|p1a: SchattenTurnier|63\/100\n|-damage|p2a: Mamoswine|91\/100|[from] item: Life Orb\n|move|p1a: SchattenTurnier|Tri Attack|p2a: Mamoswine\n|-damage|p2a: Mamoswine|52\/100\n|\n|upkeep\n|turn|19\n|\n|move|p2a: Mamoswine|Knock Off|p1a: SchattenTurnier\n|-damage|p1a: SchattenTurnier|34\/100\n|-enditem|p1a: SchattenTurnier|Eviolite|[from] move: Knock Off|[of] p2a: Mamoswine\n|-damage|p2a: Mamoswine|42\/100|[from] item: Life Orb\n|move|p1a: SchattenTurnier|Recover|p1a: SchattenTurnier\n|-heal|p1a: SchattenTurnier|84\/100\n|\n|upkeep\n|turn|20\n|\n|move|p2a: Mamoswine|Earthquake|p1a: SchattenTurnier\n|-damage|p1a: SchattenTurnier|18\/100\n|-damage|p2a: Mamoswine|32\/100|[from] item: Life Orb\n|move|p1a: SchattenTurnier|Tri Attack|p2a: Mamoswine\n|-damage|p2a: Mamoswine|0 fnt\n|faint|p2a: Mamoswine\n|\n|upkeep\n|\n|switch|p2a: Muk|Muk-Alola, F|6\/100\n|turn|21\n|\n|move|p2a: Muk|Gunk Shot|p1a: SchattenTurnier\n|-damage|p1a: SchattenTurnier|0 fnt\n|faint|p1a: SchattenTurnier\n|\n|upkeep\n|\n|switch|p1a: Manni|Mamoswine, M|91\/100\n|turn|22\n|\n|move|p1a: Manni|Knock Off|p2a: Muk\n|-resisted|p2a: Muk\n|-damage|p2a: Muk|0 fnt\n|-enditem|p2a: Muk|Assault Vest|[from] move: Knock Off|[of] p1a: Manni\n|-damage|p1a: Manni|81\/100|[from] item: Life Orb\n|faint|p2a: Muk\n|\n|win|OGamer289\n|c|\u2606DasChunk|gg\n|c|\u2606OGamer289|gg\n|raw|OGamer289's rating: 1396 &rarr; <strong>1413<\/strong><br \/>(+17 for winning)\n|raw|DasChunk's rating: 1344 &rarr; <strong>1327<\/strong><br \/>(-17 for losing)\n|l|\u2606OGamer289\n","inputlog":null,"uploadtime":1532102374,"views":2,"p1id":"ogamer289","p2id":"daschunk","formatid":"gen7uu","rating":1327,"private":0,"password":null}