{"id":"gen7anythinggoes-1426867059","p1":"Buck X","p2":"BeastyJ157","format":"gen7anythinggoes","log":"|j|\u2606Buck X\n|j|\u2606BeastyJ157\n|t:|1633029850\n|gametype|singles\n|player|p1|Buck X|ingo|1560\n|player|p2|BeastyJ157|pokekid|1393\n|teamsize|p1|6\n|teamsize|p2|6\n|gen|7\n|tier|[Gen 7] Anything Goes\n|rated|\n|rule|HP Percentage Mod: HP is shown in percentages\n|rule|Endless Battle Clause: Forcing endless battles is banned\n|clearpoke\n|poke|p1|Rayquaza|item\n|poke|p1|Thundurus, M|item\n|poke|p1|Marshadow|item\n|poke|p1|Zygarde|item\n|poke|p1|Necrozma-Dusk-Mane|item\n|poke|p1|Groudon|item\n|poke|p2|Shaymin-Sky|item\n|poke|p2|Rayquaza|item\n|poke|p2|Necrozma-Dusk-Mane|item\n|poke|p2|Eevee, M|item\n|poke|p2|Xerneas|item\n|poke|p2|Ditto|item\n|teampreview\n|inactive|Battle timer is ON: inactive players will automatically lose when time's up. (requested by Buck X)\n|j| Vermashi\n|inactive|BeastyJ157 has 120 seconds left.\n|\n|t:|1633029882\n|start\n|switch|p1a: Thundurus|Thundurus, M|100\/100\n|switch|p2a: Necrozma|Necrozma-Dusk-Mane|100\/100\n|turn|1\n|\n|t:|1633029895\n|detailschange|p2a: Necrozma|Necrozma-Ultra\n|-burst|p2a: Necrozma|Necrozma|Ultranecrozium Z\n|move|p1a: Thundurus|Taunt|p2a: Necrozma\n|-start|p2a: Necrozma|move: Taunt\n|cant|p2a: Necrozma|move: Taunt|Swords Dance\n|\n|upkeep\n|turn|2\n|c|\u2606BeastyJ157|nuu\n|\n|t:|1633029906\n|move|p2a: Necrozma|Stone Edge|p1a: Thundurus|[miss]\n|-miss|p2a: Necrozma|p1a: Thundurus\n|move|p1a: Thundurus|U-turn|p2a: Necrozma\n|-supereffective|p2a: Necrozma\n|-damage|p2a: Necrozma|65\/100\n|c|\u2606BeastyJ157|nuuuu\n|\n|t:|1633029921\n|switch|p1a: Necrozma|Necrozma-Dusk-Mane|100\/100|[from]move: U-turn\n|\n|upkeep\n|turn|3\n|\n|t:|1633029927\n|move|p2a: Necrozma|Earthquake|p1a: Necrozma\n|-supereffective|p1a: Necrozma\n|-damage|p1a: Necrozma|40\/100\n|move|p1a: Necrozma|Rock Tomb|p2a: Necrozma\n|-damage|p2a: Necrozma|39\/100\n|-unboost|p2a: Necrozma|spe|1\n|\n|-end|p2a: Necrozma|move: Taunt\n|upkeep\n|turn|4\n|\n|t:|1633029935\n|switch|p1a: Rayquaza|Rayquaza|100\/100\n|-ability|p1a: Rayquaza|Air Lock\n|move|p2a: Necrozma|Earthquake|p1a: Rayquaza\n|-immune|p1a: Rayquaza\n|\n|upkeep\n|turn|5\n|c|\u2606BeastyJ157|o no\n|\n|t:|1633029941\n|detailschange|p1a: Rayquaza|Rayquaza-Mega\n|-mega|p1a: Rayquaza|Rayquaza|\n|-weather|DeltaStream|[from] ability: Delta Stream|[of] p1a: Rayquaza\n|move|p1a: Rayquaza|Dragon Claw|p2a: Necrozma\n|-supereffective|p2a: Necrozma\n|-damage|p2a: Necrozma|0 fnt\n|faint|p2a: Necrozma\n|-damage|p1a: Rayquaza|91\/100|[from] item: Life Orb\n|\n|-weather|DeltaStream|[upkeep]\n|upkeep\n|\n|t:|1633029950\n|switch|p2a: Ditto|Ditto|100\/100\n|-transform|p2a: Ditto|p1a: Rayquaza|[from] ability: Imposter\n|turn|6\n|\n|t:|1633029953\n|switch|p2a: Xerneas|Xerneas|100\/100\n|-ability|p2a: Xerneas|Fairy Aura\n|move|p1a: Rayquaza|Dragon Claw|p2a: Xerneas\n|-immune|p2a: Xerneas\n|\n|-weather|DeltaStream|[upkeep]\n|upkeep\n|turn|7\n|\n|t:|1633029959\n|move|p1a: Rayquaza|Dragon Ascent|p2a: Xerneas\n|-damage|p2a: Xerneas|27\/100\n|-unboost|p1a: Rayquaza|def|1\n|-unboost|p1a: Rayquaza|spd|1\n|-damage|p1a: Rayquaza|81\/100|[from] item: Life Orb\n|move|p2a: Xerneas|Geomancy||[still]\n|-prepare|p2a: Xerneas|Geomancy\n|-enditem|p2a: Xerneas|Power Herb\n|-anim|p2a: Xerneas|Geomancy|p2a: Xerneas\n|-boost|p2a: Xerneas|spa|2\n|-boost|p2a: Xerneas|spd|2\n|-boost|p2a: Xerneas|spe|2\n|\n|-weather|DeltaStream|[upkeep]\n|upkeep\n|turn|8\n|\n|t:|1633029963\n|move|p1a: Rayquaza|Extreme Speed|p2a: Xerneas\n|-damage|p2a: Xerneas|0 fnt\n|faint|p2a: Xerneas\n|-damage|p1a: Rayquaza|71\/100|[from] item: Life Orb\n|\n|-weather|DeltaStream|[upkeep]\n|upkeep\n|\n|t:|1633029966\n|switch|p2a: Ditto|Ditto|100\/100\n|-transform|p2a: Ditto|p1a: Rayquaza|[from] ability: Imposter\n|turn|9\n|\n|t:|1633029973\n|move|p2a: Ditto|Dragon Claw|p1a: Rayquaza\n|-supereffective|p1a: Rayquaza\n|-crit|p1a: Rayquaza\n|-damage|p1a: Rayquaza|0 fnt\n|faint|p1a: Rayquaza\n|\n|-weather|DeltaStream|[upkeep]\n|upkeep\n|\n|t:|1633029987\n|switch|p1a: Zygarde|Zygarde|100\/100\n|turn|10\n|inactive|BeastyJ157 has 120 seconds left.\n|\n|t:|1633030046\n|switch|p1a: Necrozma|Necrozma-Dusk-Mane|40\/100\n|move|p2a: Ditto|Dragon Claw|p1a: Necrozma\n|-resisted|p1a: Necrozma\n|-damage|p1a: Necrozma|17\/100\n|\n|-weather|DeltaStream|[upkeep]\n|upkeep\n|turn|11\n|c|\u2606BeastyJ157|spam?\n|\n|t:|1633030055\n|move|p2a: Ditto|Dragon Claw|p1a: Necrozma\n|-resisted|p1a: Necrozma\n|-damage|p1a: Necrozma|0 fnt\n|faint|p1a: Necrozma\n|\n|-weather|DeltaStream|[upkeep]\n|upkeep\n|inactive|Buck X has 120 seconds left.\n|\n|t:|1633030088\n|switch|p1a: Marshadow|Marshadow|100\/100\n|turn|12\n|\n|t:|1633030092\n|move|p2a: Ditto|Dragon Claw|p1a: Marshadow\n|-damage|p1a: Marshadow|30\/100\n|move|p1a: Marshadow|Ice Punch|p2a: Ditto\n|-activate||deltastream\n|-supereffective|p2a: Ditto\n|-damage|p2a: Ditto|12\/100\n|\n|-weather|DeltaStream|[upkeep]\n|upkeep\n|turn|13\n|\n|t:|1633030100\n|-weather|none\n|switch|p2a: Eevee|Eevee, M|100\/100\n|-ability|p2a: Eevee|Anticipation\n|move|p1a: Marshadow|Shadow Sneak|p2a: Eevee\n|-immune|p2a: Eevee\n|\n|upkeep\n|turn|14\n|\n|t:|1633030112\n|move|p1a: Marshadow|Force Palm|p2a: Eevee\n|-supereffective|p2a: Eevee\n|-damage|p2a: Eevee|0 fnt\n|faint|p2a: Eevee\n|\n|upkeep\n|\n|t:|1633030116\n|switch|p2a: Ditto|Ditto|12\/100\n|-transform|p2a: Ditto|p1a: Marshadow|[from] ability: Imposter\n|turn|15\n|\n|t:|1633030125\n|move|p2a: Ditto|Shadow Sneak|p1a: Marshadow\n|-supereffective|p1a: Marshadow\n|-damage|p1a: Marshadow|0 fnt\n|faint|p1a: Marshadow\n|\n|upkeep\n|\n|t:|1633030127\n|switch|p1a: Groudon|Groudon|100\/100\n|detailschange|p1a: Groudon|Groudon-Primal\n|-primal|p1a: Groudon\n|-weather|DesolateLand|[from] ability: Desolate Land|[of] p1a: Groudon\n|turn|16\n|\n|t:|1633030135\n|switch|p2a: Shaymin|Shaymin-Sky|100\/100\n|move|p1a: Groudon|Fire Punch|p2a: Shaymin\n|-supereffective|p2a: Shaymin\n|-enditem|p2a: Shaymin|Focus Sash\n|-damage|p2a: Shaymin|1\/100\n|\n|-weather|DesolateLand|[upkeep]\n|upkeep\n|turn|17\n|\n|t:|1633030142\n|move|p2a: Shaymin|Air Slash|p1a: Groudon\n|-damage|p1a: Groudon|61\/100\n|move|p1a: Groudon|Fire Punch|p2a: Shaymin\n|-supereffective|p2a: Shaymin\n|-damage|p2a: Shaymin|0 fnt\n|faint|p2a: Shaymin\n|\n|-weather|DesolateLand|[upkeep]\n|upkeep\n|c|\u2606BeastyJ157|i needed just one flinch...\n|\n|t:|1633030155\n|switch|p2a: Ditto|Ditto|12\/100\n|-transform|p2a: Ditto|p1a: Groudon|[from] ability: Imposter\n|turn|18\n|\n|t:|1633030162\n|switch|p1a: Thundurus|Thundurus, M|100\/100\n|move|p2a: Ditto|Rock Tomb|p1a: Thundurus\n|-supereffective|p1a: Thundurus\n|-damage|p1a: Thundurus|19\/100\n|-unboost|p1a: Thundurus|spe|1\n|\n|-weather|DesolateLand|[upkeep]\n|upkeep\n|turn|19\n|\n|t:|1633030168\n|move|p1a: Thundurus|Taunt|p2a: Ditto\n|-start|p2a: Ditto|move: Taunt\n|move|p2a: Ditto|Rock Tomb|p1a: Thundurus\n|-supereffective|p1a: Thundurus\n|-damage|p1a: Thundurus|0 fnt\n|faint|p1a: Thundurus\n|\n|-weather|DesolateLand|[upkeep]\n|upkeep\n|c|\u2606BeastyJ157|gottem\n|\n|t:|1633030171\n|switch|p1a: Zygarde|Zygarde|100\/100\n|turn|20\n|\n|t:|1633030176\n|-weather|none\n|switch|p2a: Rayquaza|Rayquaza|100\/100\n|-ability|p2a: Rayquaza|Air Lock\n|move|p1a: Zygarde|Glare|p2a: Rayquaza\n|-status|p2a: Rayquaza|par\n|\n|upkeep\n|turn|21\n|\n|t:|1633030186\n|switch|p1a: Groudon|Groudon-Primal|61\/100\n|-weather|DesolateLand|[from] ability: Desolate Land|[of] p1a: Groudon\n|detailschange|p2a: Rayquaza|Rayquaza-Mega\n|-mega|p2a: Rayquaza|Rayquaza|\n|-weather|DeltaStream|[from] ability: Delta Stream|[of] p2a: Rayquaza\n|move|p2a: Rayquaza|Earthquake|p1a: Groudon\n|-supereffective|p1a: Groudon\n|-damage|p1a: Groudon|0 fnt\n|faint|p1a: Groudon\n|\n|-weather|DeltaStream|[upkeep]\n|upkeep\n|c|\u2606BeastyJ157|o noooo\n|\n|t:|1633030188\n|switch|p1a: Zygarde|Zygarde|100\/100\n|turn|22\n|\n|t:|1633030194\n|move|p1a: Zygarde|Thousand Arrows|p2a: Rayquaza\n|-damage|p2a: Rayquaza|61\/100 par\n|-start|p2a: Rayquaza|Smack Down\n|cant|p2a: Rayquaza|par\n|\n|-weather|DeltaStream|[upkeep]\n|upkeep\n|turn|23\n|\n|t:|1633030200\n|move|p1a: Zygarde|Thousand Arrows|p2a: Rayquaza\n|-damage|p2a: Rayquaza|18\/100 par\n|move|p2a: Rayquaza|Earthquake|p1a: Zygarde\n|-damage|p1a: Zygarde|45\/100\n|\n|-weather|DeltaStream|[upkeep]\n|-activate|p1a: Zygarde|ability: Power Construct\n|detailschange|p1a: Zygarde|Zygarde-Complete\n|-heal|p1a: Zygarde|66\/100|[silent]\n|upkeep\n|turn|24\n|c|\u2606BeastyJ157|NO\n|c|\u2606BeastyJ157|DONT PARA\n|c|\u2606BeastyJ157|gg\n|c|\u2606BeastyJ157|im done for\n|inactive|Buck X has 120 seconds left.\n|inactive|Buck X has 90 seconds left.\n|inactive|Buck X has 60 seconds left.\n|\n|t:|1633030315\n|move|p1a: Zygarde|Extreme Speed|p2a: Rayquaza\n|-damage|p2a: Rayquaza|0 fnt\n|faint|p2a: Rayquaza\n|-weather|none\n|\n|upkeep\n|\n|t:|1633030321\n|switch|p2a: Ditto|Ditto|12\/100\n|-transform|p2a: Ditto|p1a: Zygarde|[from] ability: Imposter\n|turn|25\n|c|\u2606BeastyJ157|WELP\n|c|\u2606BeastyJ157|e speed\n|c|\u2606BeastyJ157|gg\n|\n|t:|1633030329\n|move|p2a: Ditto|Extreme Speed|p1a: Zygarde\n|-damage|p1a: Zygarde|54\/100\n|move|p1a: Zygarde|Thousand Arrows|p2a: Ditto\n|-damage|p2a: Ditto|0 fnt\n|faint|p2a: Ditto\n|\n|win|Buck X\n|raw|Buck X's rating: 1560 &rarr; <strong>1571<\/strong><br \/>(+11 for winning)\n|raw|BeastyJ157's rating: 1393 &rarr; <strong>1382<\/strong><br \/>(-11 for losing)\n|c|\u2606BeastyJ157|BRUH\n|c|\u2606BeastyJ157|U DIDNT E SPEED\n|l| Vermashi\n|c|\u2606BeastyJ157|i could have just done a normal\n|c|\u2606BeastyJ157|gg\n|l|\u2606BeastyJ157\n||Ladder isn't responding, score probably updated but might not have (Request timeout).\n","uploadtime":1633030832,"views":10,"p1id":"buckx","p2id":"beastyj157","formatid":"gen7anythinggoes","rating":1382,"private":0,"password":null}