{"id":"gen7ubers-1009292164","p1":"some rando 123","p2":"Lunar Neo","format":"gen7ubers","log":"|j|\u2606some rando 123\n|j|\u2606Lunar Neo\n|player|p1|some rando 123|idol|1709\n|player|p2|Lunar Neo|248|1523\n|teamsize|p1|6\n|teamsize|p2|6\n|gametype|singles\n|gen|7\n|tier|[Gen 7] Ubers\n|rated|\n|rule|Sleep Clause Mod: Limit one foe put to sleep\n|rule|Species Clause: Limit one of each Pok\u00e9mon\n|rule|OHKO Clause: OHKO moves are banned\n|rule|Moody Clause: Moody is banned\n|rule|Evasion Moves Clause: Evasion moves are banned\n|rule|Endless Battle Clause: Forcing endless battles is banned\n|rule|HP Percentage Mod: HP is shown in percentages\n|clearpoke\n|poke|p1|Arceus-*|item\n|poke|p1|Necrozma-Dusk-Mane|item\n|poke|p1|Giratina-Origin|item\n|poke|p1|Ho-Oh|item\n|poke|p1|Groudon|item\n|poke|p1|Toxapex, M|item\n|poke|p2|Necrozma-Dusk-Mane|item\n|poke|p2|Salamence, M|item\n|poke|p2|Arceus-*|item\n|poke|p2|Groudon|item\n|poke|p2|Marshadow|item\n|poke|p2|Kyogre|item\n|rule|Mega Rayquaza Clause: You cannot mega evolve Rayquaza\n|teampreview\n|inactive|Battle timer is ON: inactive players will automatically lose when time's up. (requested by Lunar Neo)\n|\n|start\n|switch|p1a: Groudon|Groudon|100\/100\n|switch|p2a: Arceus|Arceus-Fairy|100\/100\n|detailschange|p1a: Groudon|Groudon-Primal\n|-primal|p1a: Groudon\n|-weather|DesolateLand|[from] ability: Desolate Land|[of] p1a: Groudon\n|turn|1\n|\n|-weather|none\n|switch|p1a: Toxapex|Toxapex, M|100\/100\n|move|p2a: Arceus|Toxic|p1a: Toxapex\n|-immune|p1a: Toxapex\n|\n|upkeep\n|turn|2\n|\n|move|p2a: Arceus|Stealth Rock|p1a: Toxapex\n|-sidestart|p1: some rando 123|move: Stealth Rock\n|move|p1a: Toxapex|Toxic Spikes|p2a: Arceus\n|-sidestart|p2: Lunar Neo|move: Toxic Spikes\n|\n|upkeep\n|turn|3\n|\n|switch|p2a: Salamence|Salamence, M|100\/100\n|-ability|p2a: Salamence|Intimidate|boost\n|-unboost|p1a: Toxapex|atk|1\n|move|p1a: Toxapex|Toxic Spikes|p2a: Salamence\n|-sidestart|p2: Lunar Neo|move: Toxic Spikes\n|\n|upkeep\n|turn|4\n|\n|detailschange|p2a: Salamence|Salamence-Mega, M\n|-mega|p2a: Salamence|Salamence|Salamencite\n|move|p2a: Salamence|Double-Edge|p1a: Toxapex\n|-damage|p1a: Toxapex|53\/100\n|-damage|p2a: Salamence|84\/100|[from] item: Rocky Helmet|[of] p1a: Toxapex\n|-damage|p2a: Salamence|69\/100|[from] Recoil\n|move|p1a: Toxapex|Toxic|p2a: Salamence\n|-status|p2a: Salamence|tox\n|\n|-damage|p2a: Salamence|63\/100 tox|[from] psn\n|upkeep\n|turn|5\n|\n|switch|p1a: Necrozma|Necrozma-Dusk-Mane|100\/100\n|-damage|p1a: Necrozma|94\/100|[from] Stealth Rock\n|move|p2a: Salamence|Defog|p1a: Necrozma\n|-unboost|p1a: Necrozma|evasion|1\n|-sideend|p1: some rando 123|Stealth Rock|[from] move: Defog|[of] p2a: Salamence\n|-sideend|p2: Lunar Neo|Toxic Spikes|[from] move: Defog|[of] p2a: Salamence\n|\n|-damage|p2a: Salamence|51\/100 tox|[from] psn\n|upkeep\n|turn|6\n|\n|switch|p2a: Groudon|Groudon|100\/100\n|detailschange|p2a: Groudon|Groudon-Primal\n|-primal|p2a: Groudon\n|-weather|DesolateLand|[from] ability: Desolate Land|[of] p2a: Groudon\n|move|p1a: Necrozma|Stealth Rock|p2a: Groudon\n|-sidestart|p2: Lunar Neo|move: Stealth Rock\n|\n|-weather|DesolateLand|[upkeep]\n|upkeep\n|turn|7\n|\n|switch|p1a: Giratina|Giratina-Origin|100\/100\n|move|p2a: Groudon|Precipice Blades|p1a: Giratina\n|-immune|p1a: Giratina|[from] ability: Levitate\n|\n|-weather|DesolateLand|[upkeep]\n|upkeep\n|turn|8\n|\n|-weather|none\n|switch|p2a: Arceus|Arceus-Fairy|100\/100\n|-damage|p2a: Arceus|88\/100|[from] Stealth Rock\n|move|p1a: Giratina|Hex|p2a: Arceus\n|-damage|p2a: Arceus|62\/100\n|\n|upkeep\n|turn|9\n|\n|switch|p1a: Toxapex|Toxapex, M|86\/100\n|move|p2a: Arceus|Stealth Rock|p1a: Toxapex\n|-sidestart|p1: some rando 123|move: Stealth Rock\n|\n|upkeep\n|turn|10\n|\n|switch|p2a: Groudon|Groudon-Primal|100\/100\n|-damage|p2a: Groudon|88\/100|[from] Stealth Rock\n|-weather|DesolateLand|[from] ability: Desolate Land|[of] p2a: Groudon\n|move|p1a: Toxapex|Toxic Spikes|p2a: Groudon\n|-sidestart|p2: Lunar Neo|move: Toxic Spikes\n|\n|-weather|DesolateLand|[upkeep]\n|upkeep\n|turn|11\n|\n|switch|p1a: Giratina|Giratina-Origin|100\/100\n|-damage|p1a: Giratina|88\/100|[from] Stealth Rock\n|move|p2a: Groudon|Fire Blast|p1a: Giratina\n|-resisted|p1a: Giratina\n|-damage|p1a: Giratina|53\/100\n|-status|p1a: Giratina|brn\n|\n|-weather|DesolateLand|[upkeep]\n|-damage|p1a: Giratina|47\/100 brn|[from] brn\n|upkeep\n|turn|12\n|\n|-weather|none\n|switch|p2a: Arceus|Arceus-Fairy|62\/100\n|-status|p2a: Arceus|psn\n|-damage|p2a: Arceus|49\/100 psn|[from] Stealth Rock\n|move|p1a: Giratina|Hex|p2a: Arceus\n|-damage|p2a: Arceus|2\/100 psn\n|\n|-damage|p2a: Arceus|0 fnt|[from] psn\n|faint|p2a: Arceus\n|-damage|p1a: Giratina|41\/100 brn|[from] brn\n|upkeep\n|\n|switch|p2a: Marshadow|Marshadow|100\/100\n|-status|p2a: Marshadow|psn\n|-damage|p2a: Marshadow|94\/100 psn|[from] Stealth Rock\n|turn|13\n|\n|move|p1a: Giratina|Shadow Sneak|p2a: Marshadow\n|-supereffective|p2a: Marshadow\n|-damage|p2a: Marshadow|72\/100 psn\n|move|p2a: Marshadow|Pursuit|p1a: Giratina\n|-supereffective|p1a: Giratina\n|-damage|p1a: Giratina|7\/100 brn\n|-damage|p2a: Marshadow|62\/100 psn|[from] item: Life Orb\n|\n|-damage|p2a: Marshadow|49\/100 psn|[from] psn\n|-damage|p1a: Giratina|1\/100 brn|[from] brn\n|upkeep\n|turn|14\n|\n|switch|p1a: Toxapex|Toxapex, M|100\/100\n|-damage|p1a: Toxapex|88\/100|[from] Stealth Rock\n|move|p2a: Marshadow|Shadow Sneak|p1a: Toxapex\n|-damage|p1a: Toxapex|65\/100\n|-damage|p2a: Marshadow|33\/100 psn|[from] item: Rocky Helmet|[of] p1a: Toxapex\n|-damage|p2a: Marshadow|23\/100 psn|[from] item: Life Orb\n|\n|-damage|p2a: Marshadow|10\/100 psn|[from] psn\n|upkeep\n|turn|15\n|\n|move|p2a: Marshadow|Spectral Thief|p1a: Toxapex\n|-damage|p1a: Toxapex|33\/100\n|-damage|p2a: Marshadow|0 fnt|[from] item: Rocky Helmet|[of] p1a: Toxapex\n|faint|p2a: Marshadow\n|move|p1a: Toxapex|Recover|p1a: Toxapex\n|-heal|p1a: Toxapex|83\/100\n|\n|upkeep\n|\n|switch|p2a: Groudon|Groudon-Primal|88\/100\n|-status|p2a: Groudon|psn\n|-damage|p2a: Groudon|76\/100 psn|[from] Stealth Rock\n|-weather|DesolateLand|[from] ability: Desolate Land|[of] p2a: Groudon\n|turn|16\n|\n|move|p2a: Groudon|Precipice Blades|p1a: Toxapex\n|-supereffective|p1a: Toxapex\n|-damage|p1a: Toxapex|1\/100\n|move|p1a: Toxapex|Haze|p1a: Toxapex\n|-clearallboost\n|\n|-weather|DesolateLand|[upkeep]\n|-damage|p2a: Groudon|64\/100 psn|[from] psn\n|upkeep\n|turn|17\n|\n|-weather|none\n|switch|p2a: Salamence|Salamence-Mega, M|51\/100 tox\n|-damage|p2a: Salamence|26\/100 tox|[from] Stealth Rock\n|move|p1a: Toxapex|Haze|p1a: Toxapex\n|-clearallboost\n|\n|-damage|p2a: Salamence|20\/100 tox|[from] psn\n|upkeep\n|turn|18\n|\n|move|p2a: Salamence|Roost|p2a: Salamence\n|-heal|p2a: Salamence|71\/100 tox\n|-singleturn|p2a: Salamence|move: Roost\n|move|p1a: Toxapex|Toxic Spikes|p2a: Salamence\n|-sidestart|p2: Lunar Neo|move: Toxic Spikes\n|\n|-damage|p2a: Salamence|59\/100 tox|[from] psn\n|upkeep\n|turn|19\n|\n|move|p2a: Salamence|Double-Edge|p1a: Toxapex\n|-damage|p1a: Toxapex|0 fnt\n|-damage|p2a: Salamence|42\/100 tox|[from] item: Rocky Helmet|[of] p1a: Toxapex\n|-damage|p2a: Salamence|42\/100 tox|[from] Recoil\n|faint|p1a: Toxapex\n|\n|-damage|p2a: Salamence|23\/100 tox|[from] psn\n|upkeep\n|\n|switch|p1a: Arceus|Arceus-Dark|100\/100\n|-damage|p1a: Arceus|88\/100|[from] Stealth Rock\n|turn|20\n|\n|move|p2a: Salamence|Double-Edge|p1a: Arceus\n|-damage|p1a: Arceus|39\/100\n|-damage|p2a: Salamence|2\/100 tox|[from] Recoil\n|move|p1a: Arceus|Calm Mind|p1a: Arceus\n|-boost|p1a: Arceus|spa|1\n|-boost|p1a: Arceus|spd|1\n|\n|-damage|p2a: Salamence|0 fnt|[from] psn\n|faint|p2a: Salamence\n|upkeep\n|\n|switch|p2a: Kyogre|Kyogre|100\/100\n|-status|p2a: Kyogre|tox\n|-damage|p2a: Kyogre|88\/100 tox|[from] Stealth Rock\n|detailschange|p2a: Kyogre|Kyogre-Primal\n|-primal|p2a: Kyogre\n|-weather|PrimordialSea|[from] ability: Primordial Sea|[of] p2a: Kyogre\n|turn|21\n|\n|move|p1a: Arceus|Judgment|p2a: Kyogre\n|-damage|p2a: Kyogre|50\/100 tox\n|move|p2a: Kyogre|Liquidation|p1a: Arceus\n|-damage|p1a: Arceus|0 fnt\n|faint|p1a: Arceus\n|\n|-weather|PrimordialSea|[upkeep]\n|-damage|p2a: Kyogre|44\/100 tox|[from] psn\n|upkeep\n|\n|switch|p1a: Ho-Oh|Ho-Oh|100\/100\n|-damage|p1a: Ho-Oh|51\/100|[from] Stealth Rock\n|turn|22\n|\n|move|p1a: Ho-Oh|Brave Bird|p2a: Kyogre\n|-damage|p2a: Kyogre|0 fnt\n|-damage|p1a: Ho-Oh|34\/100|[from] Recoil\n|-damage|p1a: Ho-Oh|24\/100|[from] item: Life Orb\n|faint|p2a: Kyogre\n|-weather|none\n|\n|upkeep\n|\n|switch|p2a: Groudon|Groudon-Primal|64\/100 psn\n|-damage|p2a: Groudon|51\/100 psn|[from] Stealth Rock\n|-weather|DesolateLand|[from] ability: Desolate Land|[of] p2a: Groudon\n|turn|23\n|\n|move|p1a: Ho-Oh|Recover|p1a: Ho-Oh\n|-heal|p1a: Ho-Oh|74\/100\n|move|p2a: Groudon|Fire Blast|p1a: Ho-Oh\n|-resisted|p1a: Ho-Oh\n|-damage|p1a: Ho-Oh|39\/100\n|\n|-weather|DesolateLand|[upkeep]\n|-damage|p2a: Groudon|39\/100 psn|[from] psn\n|upkeep\n|turn|24\n|-message|Lunar Neo forfeited.\n|\n|win|some rando 123\n|l|\u2606Lunar Neo\n","uploadtime":1573692994,"views":48,"p1id":"somerando123","p2id":"lunarneo","formatid":"gen7ubers","rating":0,"private":0,"password":null}