{"id":"gen7ou-991370294","p1":"ghecisbestvillain","p2":"Meracx","format":"gen7ou","log":"|j|\u2606ghecisbestvillain\n|j|\u2606Meracx\n|player|p1|ghecisbestvillain|269|1726\n|player|p2|Meracx|93|1725\n|teamsize|p1|6\n|teamsize|p2|6\n|gametype|singles\n|gen|7\n|tier|[Gen 7] OU\n|rated|\n|rule|Sleep Clause Mod: Limit one foe put to sleep\n|rule|Species Clause: Limit one of each Pok\u00e9mon\n|rule|OHKO Clause: OHKO moves are banned\n|rule|Moody Clause: Moody is banned\n|rule|Evasion Moves Clause: Evasion moves are banned\n|rule|Endless Battle Clause: Forcing endless battles is banned\n|rule|HP Percentage Mod: HP is shown in percentages\n|clearpoke\n|poke|p1|Hawlucha, M|item\n|poke|p1|Clefable, F|item\n|poke|p1|Charizard, M|item\n|poke|p1|Tapu Koko|item\n|poke|p1|Magearna|item\n|poke|p1|Kyurem-Black|item\n|poke|p2|Hydreigon, M|item\n|poke|p2|Tapu Lele|item\n|poke|p2|Ferrothorn, F|item\n|poke|p2|Toxapex, F|item\n|poke|p2|Scizor, M|item\n|poke|p2|Landorus-Therian, M|item\n|teampreview\n|inactive|Battle timer is ON: inactive players will automatically lose when time's up. (requested by ghecisbestvillain)\n|\n|start\n|switch|p1a: Tapu Koko|Tapu Koko|100\/100\n|switch|p2a: Tapu Lele|Tapu Lele|100\/100\n|-fieldstart|move: Electric Terrain|[from] ability: Electric Surge|[of] p1a: Tapu Koko\n|-fieldstart|move: Psychic Terrain|[from] ability: Psychic Surge|[of] p2a: Tapu Lele\n|turn|1\n|\n|switch|p1a: Magearna|Magearna|100\/100\n|move|p2a: Tapu Lele|Psyshock|p1a: Magearna\n|-resisted|p1a: Magearna\n|-crit|p1a: Magearna\n|-damage|p1a: Magearna|45\/100\n|\n|upkeep\n|turn|2\n|\n|move|p2a: Tapu Lele|Psyshock|p1a: Magearna\n|-resisted|p1a: Magearna\n|-crit|p1a: Magearna\n|-damage|p1a: Magearna|0 fnt\n|faint|p1a: Magearna\n|\n|upkeep\n|\n|switch|p1a: Tapu Koko|Tapu Koko|100\/100\n|-fieldstart|move: Electric Terrain|[from] ability: Electric Surge|[of] p1a: Tapu Koko\n|turn|3\n|\n|switch|p2a: Landorus|Landorus-Therian, M|100\/100\n|-ability|p2a: Landorus|Intimidate|boost\n|-unboost|p1a: Tapu Koko|atk|1\n|move|p1a: Tapu Koko|Reflect|p1a: Tapu Koko\n|-sidestart|p1: ghecisbestvillain|Reflect\n|\n|upkeep\n|turn|4\n|\n|move|p2a: Landorus|Defog|p1a: Tapu Koko\n|-unboost|p1a: Tapu Koko|evasion|1\n|-sideend|p1: ghecisbestvillain|Reflect\n|move|p1a: Tapu Koko|Light Screen|p1a: Tapu Koko\n|-sidestart|p1: ghecisbestvillain|move: Light Screen\n|\n|upkeep\n|turn|5\n|\n|move|p2a: Landorus|Defog|p1a: Tapu Koko\n|-unboost|p1a: Tapu Koko|evasion|1\n|-sideend|p1: ghecisbestvillain|move: Light Screen\n|move|p1a: Tapu Koko|Taunt|p2a: Landorus\n|-start|p2a: Landorus|move: Taunt\n|\n|upkeep\n|turn|6\n|\n|switch|p2a: Tapu Lele|Tapu Lele|100\/100\n|-fieldstart|move: Psychic Terrain|[from] ability: Psychic Surge|[of] p2a: Tapu Lele\n|move|p1a: Tapu Koko|Reflect|p1a: Tapu Koko\n|-sidestart|p1: ghecisbestvillain|Reflect\n|\n|upkeep\n|turn|7\n|\n|move|p1a: Tapu Koko|Light Screen|p1a: Tapu Koko\n|-sidestart|p1: ghecisbestvillain|move: Light Screen\n|move|p2a: Tapu Lele|Psychic|p1a: Tapu Koko\n|-damage|p1a: Tapu Koko|18\/100\n|\n|upkeep\n|turn|8\n|\n|switch|p1a: Kyurem|Kyurem-Black|100\/100\n|-ability|p1a: Kyurem|Teravolt\n|move|p2a: Tapu Lele|Psychic|p1a: Kyurem\n|-damage|p1a: Kyurem|56\/100\n|\n|upkeep\n|turn|9\n|\n|switch|p2a: Toxapex|Toxapex, F|100\/100\n|switch|p1a: Tapu Koko|Tapu Koko|18\/100\n|-fieldstart|move: Electric Terrain|[from] ability: Electric Surge|[of] p1a: Tapu Koko\n|\n|upkeep\n|turn|10\n|\n|move|p1a: Tapu Koko|Taunt|p2a: Toxapex\n|-start|p2a: Toxapex|move: Taunt\n|cant|p2a: Toxapex|move: Taunt|Toxic Spikes\n|\n|upkeep\n|turn|11\n|\n|switch|p1a: Hawlucha|Hawlucha, M|100\/100\n|-enditem|p1a: Hawlucha|Electric Seed\n|-boost|p1a: Hawlucha|def|1\n|move|p2a: Toxapex|Scald|p1a: Hawlucha\n|-damage|p1a: Hawlucha|90\/100\n|\n|upkeep\n|turn|12\n|\n|move|p1a: Hawlucha|Swords Dance|p1a: Hawlucha\n|-boost|p1a: Hawlucha|atk|2\n|move|p2a: Toxapex|Scald|p1a: Hawlucha\n|-damage|p1a: Hawlucha|79\/100\n|-status|p1a: Hawlucha|brn\n|\n|-damage|p1a: Hawlucha|73\/100 brn|[from] brn\n|-end|p2a: Toxapex|move: Taunt\n|upkeep\n|turn|13\n|\n|move|p1a: Hawlucha|Acrobatics|p2a: Toxapex\n|-damage|p2a: Toxapex|69\/100\n|move|p2a: Toxapex|Haze|p2a: Toxapex\n|-clearallboost\n|\n|-heal|p2a: Toxapex|75\/100|[from] item: Black Sludge\n|-damage|p1a: Hawlucha|67\/100 brn|[from] brn\n|-sideend|p1: ghecisbestvillain|Reflect\n|-fieldend|move: Electric Terrain\n|upkeep\n|turn|14\n|-message|ghecisbestvillain forfeited.\n|\n|win|Meracx\n|l|\u2606ghecisbestvillain\n|raw|ghecisbestvillain's rating: 1724 &rarr; <strong>1704<\/strong><br \/>(-20 for losing)\n|raw|Meracx's rating: 1722 &rarr; <strong>1743<\/strong><br \/>(+21 for winning)\n","uploadtime":1570903616,"views":73,"p1id":"ghecisbestvillain","p2id":"meracx","formatid":"gen7ou","rating":1704,"private":0,"password":null}