{"id":"gen7ou-961152035","p1":"Lord cube","p2":"saqf","format":"gen7ou","log":"|j|\u2606Lord cube\n|j|\u2606saqf\n|player|p1|Lord cube|2|1287\n|player|p2|saqf|233|1306\n|teamsize|p1|6\n|teamsize|p2|6\n|gametype|singles\n|gen|7\n|tier|[Gen 7] OU\n|rated|\n|rule|Sleep Clause Mod: Limit one foe put to sleep\n|rule|Species Clause: Limit one of each Pok\u00e9mon\n|rule|OHKO Clause: OHKO moves are banned\n|rule|Moody Clause: Moody is banned\n|rule|Evasion Moves Clause: Evasion moves are banned\n|rule|Endless Battle Clause: Forcing endless battles is banned\n|rule|HP Percentage Mod: HP is shown in percentages\n|clearpoke\n|poke|p1|Togekiss, F|item\n|poke|p1|Darmanitan, M|item\n|poke|p1|Tapu Koko|item\n|poke|p1|Hawlucha, F|item\n|poke|p1|Empoleon, M|item\n|poke|p1|Latios, M|item\n|poke|p2|Greninja, M|item\n|poke|p2|Landorus-Therian, M|item\n|poke|p2|Tapu Fini|item\n|poke|p2|Serperior, M|item\n|poke|p2|Beedrill, F|item\n|poke|p2|Kartana|item\n|teampreview\n|inactive|Battle timer is ON: inactive players will automatically lose when time's up. (requested by Lord cube)\n|inactive|saqf has 120 seconds left.\n|\n|start\n|switch|p1a: Empoleon|Empoleon, M|100\/100\n|switch|p2a: Beedrill|Beedrill, F|100\/100\n|turn|1\n|inactive|Lord cube has 120 seconds left.\n|\n|detailschange|p2a: Beedrill|Beedrill-Mega, F\n|-mega|p2a: Beedrill|Beedrill|Beedrillite\n|move|p2a: Beedrill|U-turn|p1a: Empoleon\n|-resisted|p1a: Empoleon\n|-damage|p1a: Empoleon|79\/100\n|\n|switch|p2a: Landorus|Landorus-Therian, M|100\/100|[from]move: U-turn\n|-ability|p2a: Landorus|Intimidate|boost\n|-unboost|p1a: Empoleon|atk|1\n|move|p1a: Empoleon|Surf|p2a: Landorus\n|-supereffective|p2a: Landorus\n|-damage|p2a: Landorus|8\/100\n|\n|upkeep\n|turn|2\n|inactive|Lord cube has 120 seconds left.\n|\n|move|p2a: Landorus|Rock Tomb|p1a: Empoleon\n|-resisted|p1a: Empoleon\n|-crit|p1a: Empoleon\n|-damage|p1a: Empoleon|62\/100\n|-unboost|p1a: Empoleon|spe|1\n|move|p1a: Empoleon|Ice Beam|p2a: Landorus\n|-supereffective|p2a: Landorus\n|-damage|p2a: Landorus|0 fnt\n|faint|p2a: Landorus\n|\n|upkeep\n|\n|switch|p2a: Serperior|Serperior, M|100\/100\n|turn|3\n|\n|move|p2a: Serperior|Leaf Storm|p1a: Empoleon\n|-damage|p1a: Empoleon|27\/100\n|-boost|p2a: Serperior|spa|2\n|move|p1a: Empoleon|Ice Beam|p2a: Serperior\n|-supereffective|p2a: Serperior\n|-damage|p2a: Serperior|40\/100\n|\n|-heal|p2a: Serperior|46\/100|[from] item: Leftovers\n|upkeep\n|turn|4\n|\n|move|p2a: Serperior|Leaf Storm|p1a: Empoleon\n|-damage|p1a: Empoleon|0 fnt\n|-boost|p2a: Serperior|spa|2\n|faint|p1a: Empoleon\n|\n|-heal|p2a: Serperior|53\/100|[from] item: Leftovers\n|upkeep\n|\n|switch|p1a: Darmanitan|Darmanitan, M|100\/100\n|turn|5\n|\n|switch|p2a: Tapu Fini|Tapu Fini|100\/100\n|-fieldstart|move: Misty Terrain|[from] ability: Misty Surge|[of] p2a: Tapu Fini\n|move|p1a: Darmanitan|Flare Blitz|p2a: Tapu Fini\n|-resisted|p2a: Tapu Fini\n|-damage|p2a: Tapu Fini|60\/100\n|-damage|p1a: Darmanitan|87\/100|[from] Recoil\n|\n|-heal|p2a: Tapu Fini|66\/100|[from] item: Leftovers\n|upkeep\n|turn|6\n|\n|switch|p1a: Tapu Koko|Tapu Koko|100\/100\n|-fieldstart|move: Electric Terrain|[from] ability: Electric Surge|[of] p1a: Tapu Koko\n|move|p2a: Tapu Fini|Moonblast|p1a: Tapu Koko\n|-damage|p1a: Tapu Koko|55\/100\n|-unboost|p1a: Tapu Koko|spa|1\n|\n|-heal|p2a: Tapu Fini|73\/100|[from] item: Leftovers\n|upkeep\n|turn|7\n|\n|switch|p2a: Serperior|Serperior, M|53\/100\n|move|p1a: Tapu Koko|Thunderbolt|p2a: Serperior\n|-resisted|p2a: Serperior\n|-damage|p2a: Serperior|25\/100\n|\n|-heal|p2a: Serperior|31\/100|[from] item: Leftovers\n|upkeep\n|turn|8\n|\n|switch|p1a: Darmanitan|Darmanitan, M|87\/100\n|move|p2a: Serperior|Glare|p1a: Darmanitan\n|-status|p1a: Darmanitan|par\n|\n|-heal|p2a: Serperior|38\/100|[from] item: Leftovers\n|upkeep\n|turn|9\n|\n|switch|p2a: Tapu Fini|Tapu Fini|73\/100\n|-fieldstart|move: Misty Terrain|[from] ability: Misty Surge|[of] p2a: Tapu Fini\n|cant|p1a: Darmanitan|par\n|\n|-heal|p2a: Tapu Fini|79\/100|[from] item: Leftovers\n|upkeep\n|turn|10\n|\n|move|p2a: Tapu Fini|Moonblast|p1a: Darmanitan\n|-resisted|p1a: Darmanitan\n|-damage|p1a: Darmanitan|62\/100 par\n|-unboost|p1a: Darmanitan|spa|1\n|cant|p1a: Darmanitan|par\n|\n|-heal|p2a: Tapu Fini|85\/100|[from] item: Leftovers\n|upkeep\n|turn|11\n|\n|switch|p1a: Tapu Koko|Tapu Koko|55\/100\n|-fieldstart|move: Electric Terrain|[from] ability: Electric Surge|[of] p1a: Tapu Koko\n|move|p2a: Tapu Fini|Scald|p1a: Tapu Koko\n|-damage|p1a: Tapu Koko|14\/100\n|\n|-heal|p2a: Tapu Fini|91\/100|[from] item: Leftovers\n|upkeep\n|turn|12\n|inactive|saqf has 120 seconds left.\n|\n|switch|p2a: Serperior|Serperior, M|38\/100\n|move|p1a: Tapu Koko|Thunderbolt|p2a: Serperior\n|-resisted|p2a: Serperior\n|-damage|p2a: Serperior|0 fnt\n|faint|p2a: Serperior\n|\n|upkeep\n|\n|switch|p2a: Greninja|Greninja, M|100\/100\n|turn|13\n|\n|move|p2a: Greninja|Ice Beam|p1a: Tapu Koko\n|-start|p2a: Greninja|typechange|Ice|[from] ability: Protean\n|-damage|p1a: Tapu Koko|0 fnt\n|faint|p1a: Tapu Koko\n|\n|upkeep\n|\n|switch|p1a: Darmanitan|Darmanitan, M|62\/100 par\n|turn|14\n|\n|switch|p2a: Tapu Fini|Tapu Fini|91\/100\n|-fieldstart|move: Misty Terrain|[from] ability: Misty Surge|[of] p2a: Tapu Fini\n|move|p1a: Darmanitan|Flare Blitz|p2a: Tapu Fini\n|-resisted|p2a: Tapu Fini\n|-damage|p2a: Tapu Fini|54\/100\n|-damage|p1a: Darmanitan|50\/100 par|[from] Recoil\n|\n|-heal|p2a: Tapu Fini|60\/100|[from] item: Leftovers\n|upkeep\n|turn|15\n|\n|move|p2a: Tapu Fini|Scald|p1a: Darmanitan\n|-supereffective|p1a: Darmanitan\n|-damage|p1a: Darmanitan|0 fnt\n|faint|p1a: Darmanitan\n|\n|-heal|p2a: Tapu Fini|66\/100|[from] item: Leftovers\n|upkeep\n|\n|switch|p1a: Togekiss|Togekiss, F|100\/100\n|turn|16\n|\n|move|p2a: Tapu Fini|Moonblast|p1a: Togekiss\n|-damage|p1a: Togekiss|76\/100\n|move|p1a: Togekiss|Thunder Wave|p2a: Tapu Fini\n|-activate|p2a: Tapu Fini|move: Misty Terrain\n|\n|-heal|p2a: Tapu Fini|72\/100|[from] item: Leftovers\n|upkeep\n|turn|17\n|\n|move|p2a: Tapu Fini|Scald|p1a: Togekiss\n|-damage|p1a: Togekiss|56\/100\n|move|p1a: Togekiss|Nasty Plot|p1a: Togekiss\n|-boost|p1a: Togekiss|spa|2\n|\n|-heal|p2a: Tapu Fini|78\/100|[from] item: Leftovers\n|upkeep\n|turn|18\n|\n|move|p2a: Tapu Fini|Haze|p2a: Tapu Fini\n|-clearallboost\n|move|p1a: Togekiss|Roost|p1a: Togekiss\n|-heal|p1a: Togekiss|100\/100\n|-singleturn|p1a: Togekiss|move: Roost\n|\n|-heal|p2a: Tapu Fini|84\/100|[from] item: Leftovers\n|-fieldend|Misty Terrain\n|upkeep\n|turn|19\n|\n|move|p2a: Tapu Fini|Moonblast|p1a: Togekiss\n|-damage|p1a: Togekiss|74\/100\n|-unboost|p1a: Togekiss|spa|1\n|move|p1a: Togekiss|Thunder Wave|p2a: Tapu Fini\n|-status|p2a: Tapu Fini|par\n|\n|-heal|p2a: Tapu Fini|91\/100 par|[from] item: Leftovers\n|upkeep\n|turn|20\n|\n|switch|p2a: Beedrill|Beedrill-Mega, F|100\/100\n|move|p1a: Togekiss|Nasty Plot|p1a: Togekiss\n|-boost|p1a: Togekiss|spa|2\n|\n|upkeep\n|turn|21\n|\n|move|p2a: Beedrill|Poison Jab|p1a: Togekiss\n|-supereffective|p1a: Togekiss\n|-damage|p1a: Togekiss|0 fnt\n|faint|p1a: Togekiss\n|\n|upkeep\n|\n|switch|p1a: Hawlucha|Hawlucha, F|100\/100\n|turn|22\n|inactive|saqf has 120 seconds left.\n|\n|move|p2a: Beedrill|Poison Jab|p1a: Hawlucha\n|-damage|p1a: Hawlucha|17\/100\n|-status|p1a: Hawlucha|psn\n|move|p1a: Hawlucha|Acrobatics|p2a: Beedrill\n|-supereffective|p2a: Beedrill\n|-damage|p2a: Beedrill|0 fnt\n|faint|p2a: Beedrill\n|\n|-damage|p1a: Hawlucha|5\/100 psn|[from] psn\n|upkeep\n|\n|switch|p2a: Greninja|Greninja, M|100\/100\n|turn|23\n|\n|move|p2a: Greninja|U-turn|p1a: Hawlucha\n|-start|p2a: Greninja|typechange|Bug|[from] ability: Protean\n|-resisted|p1a: Hawlucha\n|-damage|p1a: Hawlucha|0 fnt\n|faint|p1a: Hawlucha\n|\n|switch|p2a: Tapu Fini|Tapu Fini|91\/100 par|[from]move: U-turn\n|-fieldstart|move: Misty Terrain|[from] ability: Misty Surge|[of] p2a: Tapu Fini\n|\n|-heal|p2a: Tapu Fini|97\/100 par|[from] item: Leftovers\n|upkeep\n|\n|switch|p1a: Latios|Latios, M|100\/100\n|turn|24\n|\n|move|p1a: Latios|Energy Ball|p2a: Tapu Fini\n|-supereffective|p2a: Tapu Fini\n|-damage|p2a: Tapu Fini|29\/100 par\n|move|p2a: Tapu Fini|Moonblast|p1a: Latios\n|-supereffective|p1a: Latios\n|-damage|p1a: Latios|37\/100\n|\n|-heal|p2a: Tapu Fini|35\/100 par|[from] item: Leftovers\n|upkeep\n|turn|25\n|\n|move|p1a: Latios|Energy Ball|p2a: Tapu Fini\n|-supereffective|p2a: Tapu Fini\n|-damage|p2a: Tapu Fini|0 fnt\n|faint|p2a: Tapu Fini\n|\n|upkeep\n|\n|switch|p2a: Greninja|Greninja, M|100\/100\n|turn|26\n|\n|move|p2a: Greninja|Ice Beam|p1a: Latios\n|-start|p2a: Greninja|typechange|Ice|[from] ability: Protean\n|-supereffective|p1a: Latios\n|-damage|p1a: Latios|0 fnt\n|faint|p1a: Latios\n|\n|win|saqf\n|raw|Lord cube's rating: 1287 &rarr; <strong>1263<\/strong><br \/>(-24 for losing)\n|raw|saqf's rating: 1306 &rarr; <strong>1325<\/strong><br \/>(+19 for winning)\n","uploadtime":1565957685,"views":12,"p1id":"lordcube","p2id":"saqf","formatid":"gen7ou","rating":1263,"private":0,"password":null}