{"id":"gen7ou-1004769925","p1":"LightningSpeed29","p2":"lord cube","format":"gen7ou","log":"|j|\u2606LightningSpeed29\n|j|\u2606lord cube\n|player|p1|LightningSpeed29|190|1672\n|player|p2|lord cube|policeman-gen4|1570\n|teamsize|p1|6\n|teamsize|p2|6\n|gametype|singles\n|gen|7\n|tier|[Gen 7] OU\n|rated|\n|rule|Sleep Clause Mod: Limit one foe put to sleep\n|rule|Species Clause: Limit one of each Pok\u00e9mon\n|rule|OHKO Clause: OHKO moves are banned\n|rule|Moody Clause: Moody is banned\n|rule|Evasion Moves Clause: Evasion moves are banned\n|rule|Endless Battle Clause: Forcing endless battles is banned\n|rule|HP Percentage Mod: HP is shown in percentages\n|clearpoke\n|poke|p1|Torkoal, M|item\n|poke|p1|Victini|item\n|poke|p1|Tapu Fini|item\n|poke|p1|Venusaur, F|item\n|poke|p1|Landorus-Therian, M|item\n|poke|p1|Pinsir, M|item\n|poke|p2|Victini|item\n|poke|p2|Weavile, F|item\n|poke|p2|Landorus-Therian, M|item\n|poke|p2|Ferrothorn, F|item\n|poke|p2|Lopunny, M|item\n|poke|p2|Tapu Fini|item\n|teampreview\n|inactive|Battle timer is ON: inactive players will automatically lose when time's up. (requested by lord cube)\n|inactive|LightningSpeed29 has 120 seconds left.\n|inactive|LightningSpeed29 has 90 seconds left.\n|\n|start\n|switch|p1a: Victini|Victini|100\/100\n|switch|p2a: Landorus|Landorus-Therian, M|100\/100\n|-ability|p2a: Landorus|Intimidate|boost\n|-unboost|p1a: Victini|atk|1\n|turn|1\n|\n|switch|p2a: Tapu Fini|Tapu Fini|100\/100\n|-fieldstart|move: Misty Terrain|[from] ability: Misty Surge|[of] p2a: Tapu Fini\n|move|p1a: Victini|Final Gambit|p2a: Tapu Fini\n|-damage|p2a: Tapu Fini|1\/100\n|faint|p1a: Victini\n|\n|-heal|p2a: Tapu Fini|7\/100|[from] item: Leftovers\n|upkeep\n|inactive|LightningSpeed29 has 120 seconds left.\n|\n|switch|p1a: Venusaur|Venusaur, F|100\/100\n|turn|2\n|inactive|LightningSpeed29 has 120 seconds left.\n|inactive|lord cube has 120 seconds left.\n|\n|move|p1a: Venusaur|Giga Drain|p2a: Tapu Fini\n|-supereffective|p2a: Tapu Fini\n|-damage|p2a: Tapu Fini|0 fnt\n|faint|p2a: Tapu Fini\n|\n|upkeep\n|inactive|lord cube has 120 seconds left.\n|\n|switch|p2a: Victini|Victini|100\/100\n|turn|3\n|inactive|LightningSpeed29 has 120 seconds left.\n|\n|switch|p1a: Torkoal|Torkoal, M|100\/100\n|-weather|SunnyDay|[from] ability: Drought|[of] p1a: Torkoal\n|move|p2a: Victini|Power-Up Punch|p1a: Torkoal\n|-crit|p1a: Torkoal\n|-damage|p1a: Torkoal|90\/100\n|-boost|p2a: Victini|atk|1\n|\n|-weather|SunnyDay|[upkeep]\n|upkeep\n|turn|4\n|inactive|lord cube has 120 seconds left.\n|\n|move|p2a: Victini|Bolt Strike|p1a: Torkoal\n|-damage|p1a: Torkoal|59\/100\n|move|p1a: Torkoal|Toxic|p2a: Victini\n|-activate|p2a: Victini|move: Misty Terrain\n|\n|-weather|SunnyDay|[upkeep]\n|upkeep\n|turn|5\n|inactive|lord cube has 120 seconds left.\n|\n|move|p2a: Victini|V-create|p1a: Torkoal\n|-resisted|p1a: Torkoal\n|-damage|p1a: Torkoal|9\/100\n|-unboost|p2a: Victini|spe|1\n|-unboost|p2a: Victini|def|1\n|-unboost|p2a: Victini|spd|1\n|move|p1a: Torkoal|Earth Power|p2a: Victini\n|-supereffective|p2a: Victini\n|-damage|p2a: Victini|44\/100\n|\n|-weather|SunnyDay|[upkeep]\n|-fieldend|Misty Terrain\n|upkeep\n|turn|6\n|inactive|lord cube has 120 seconds left.\n|\n|switch|p1a: Landorus|Landorus-Therian, M|100\/100\n|-ability|p1a: Landorus|Intimidate|boost\n|-unboost|p2a: Victini|atk|1\n|move|p2a: Victini|Bolt Strike|p1a: Landorus\n|-immune|p1a: Landorus\n|\n|-weather|SunnyDay|[upkeep]\n|upkeep\n|turn|7\n|inactive|lord cube has 120 seconds left.\n|\n|switch|p2a: Ferrothorn|Ferrothorn, F|100\/100\n|move|p1a: Landorus|Stealth Rock|p2a: Ferrothorn\n|-sidestart|p2: lord cube|move: Stealth Rock\n|\n|-weather|SunnyDay|[upkeep]\n|upkeep\n|turn|8\n|\n|switch|p1a: Torkoal|Torkoal, M|9\/100\n|move|p2a: Ferrothorn|Thunder Wave|p1a: Torkoal\n|-status|p1a: Torkoal|par\n|\n|-weather|SunnyDay|[upkeep]\n|upkeep\n|turn|9\n|inactive|lord cube has 120 seconds left.\n|\n|switch|p2a: Landorus|Landorus-Therian, M|100\/100\n|-damage|p2a: Landorus|88\/100|[from] Stealth Rock\n|-ability|p2a: Landorus|Intimidate|boost\n|-unboost|p1a: Torkoal|atk|1\n|move|p1a: Torkoal|Lava Plume|p2a: Landorus\n|-damage|p2a: Landorus|51\/100\n|-status|p2a: Landorus|brn\n|\n|-weather|SunnyDay|[upkeep]\n|-damage|p2a: Landorus|45\/100 brn|[from] brn\n|upkeep\n|turn|10\n|\n|move|p2a: Landorus|Stealth Rock|p1a: Torkoal\n|-sidestart|p1: LightningSpeed29|move: Stealth Rock\n|cant|p1a: Torkoal|par\n|\n|-weather|none\n|-damage|p2a: Landorus|39\/100 brn|[from] brn\n|upkeep\n|turn|11\n|\n|move|p2a: Landorus|Earthquake|p1a: Torkoal\n|-supereffective|p1a: Torkoal\n|-damage|p1a: Torkoal|0 fnt\n|faint|p1a: Torkoal\n|\n|-damage|p2a: Landorus|33\/100 brn|[from] brn\n|upkeep\n|\n|switch|p1a: Tapu Fini|Tapu Fini|100\/100\n|-damage|p1a: Tapu Fini|88\/100|[from] Stealth Rock\n|-fieldstart|move: Misty Terrain|[from] ability: Misty Surge|[of] p1a: Tapu Fini\n|turn|12\n|\n|switch|p2a: Ferrothorn|Ferrothorn, F|100\/100\n|-damage|p2a: Ferrothorn|94\/100|[from] Stealth Rock\n|move|p1a: Tapu Fini|Defog|p2a: Ferrothorn\n|-unboost|p2a: Ferrothorn|evasion|1\n|-sideend|p2: lord cube|Stealth Rock|[from] move: Defog|[of] p1a: Tapu Fini\n|-sideend|p1: LightningSpeed29|Stealth Rock|[from] move: Defog|[of] p1a: Tapu Fini\n|\n|-heal|p1a: Tapu Fini|94\/100|[from] item: Leftovers\n|-heal|p2a: Ferrothorn|100\/100|[from] item: Leftovers\n|upkeep\n|turn|13\n|\n|switch|p2a: Victini|Victini|44\/100\n|move|p1a: Tapu Fini|Taunt|p2a: Victini\n|-start|p2a: Victini|move: Taunt\n|\n|-heal|p1a: Tapu Fini|99\/100|[from] item: Leftovers\n|upkeep\n|turn|14\n|\n|switch|p1a: Landorus|Landorus-Therian, M|100\/100\n|-ability|p1a: Landorus|Intimidate|boost\n|-unboost|p2a: Victini|atk|1\n|move|p2a: Victini|Bolt Strike|p1a: Landorus\n|-immune|p1a: Landorus\n|\n|upkeep\n|turn|15\n|\n|move|p2a: Victini|Glaciate|p1a: Landorus\n|-supereffective|p1a: Landorus\n|-damage|p1a: Landorus|25\/100\n|-unboost|p1a: Landorus|spe|1\n|move|p1a: Landorus|Earthquake|p2a: Victini\n|-supereffective|p2a: Victini\n|-damage|p2a: Victini|0 fnt\n|faint|p2a: Victini\n|\n|upkeep\n|\n|switch|p2a: Weavile|Weavile, F|100\/100\n|-ability|p2a: Weavile|Pressure\n|turn|16\n|\n|move|p2a: Weavile|Knock Off|p1a: Landorus\n|-damage|p1a: Landorus|0 fnt\n|-damage|p2a: Weavile|84\/100|[from] item: Rocky Helmet|[of] p1a: Landorus\n|-enditem|p1a: Landorus|Rocky Helmet|[from] move: Knock Off|[of] p2a: Weavile\n|faint|p1a: Landorus\n|\n|-fieldend|Misty Terrain\n|upkeep\n|\n|switch|p1a: Tapu Fini|Tapu Fini|99\/100\n|-fieldstart|move: Misty Terrain|[from] ability: Misty Surge|[of] p1a: Tapu Fini\n|turn|17\n|inactive|lord cube has 120 seconds left.\n|\n|switch|p2a: Ferrothorn|Ferrothorn, F|100\/100\n|move|p1a: Tapu Fini|Nature's Madness|p2a: Ferrothorn|[miss]\n|-miss|p1a: Tapu Fini|p2a: Ferrothorn\n|\n|-heal|p1a: Tapu Fini|100\/100|[from] item: Leftovers\n|upkeep\n|turn|18\n|inactive|lord cube has 120 seconds left.\n|inactive|LightningSpeed29 has 120 seconds left.\n|inactive|lord cube has 90 seconds left.\n|\n|switch|p1a: Pinsir|Pinsir, M|100\/100\n|switch|p2a: Landorus|Landorus-Therian, M|33\/100 brn\n|-ability|p2a: Landorus|Intimidate|boost\n|-fail|p1a: Pinsir|unboost|Attack|[from] ability: Hyper Cutter|[of] p1a: Pinsir\n|\n|-damage|p2a: Landorus|27\/100 brn|[from] brn\n|upkeep\n|turn|19\n|inactive|lord cube has 90 seconds left.\n|\n|move|p1a: Pinsir|Swords Dance|p1a: Pinsir\n|-boost|p1a: Pinsir|atk|2\n|move|p2a: Landorus|Toxic|p1a: Pinsir\n|-activate|p1a: Pinsir|move: Misty Terrain\n|\n|-damage|p2a: Landorus|21\/100 brn|[from] brn\n|upkeep\n|turn|20\n|inactive|lord cube has 90 seconds left.\n|\n|move|p1a: Pinsir|Swords Dance|p1a: Pinsir\n|-boost|p1a: Pinsir|atk|2\n|move|p2a: Landorus|U-turn|p1a: Pinsir\n|-damage|p1a: Pinsir|87\/100\n|\n|switch|p2a: Weavile|Weavile, F|84\/100|[from]move: U-turn\n|-ability|p2a: Weavile|Pressure\n|\n|upkeep\n|turn|21\n|\n|switch|p2a: Landorus|Landorus-Therian, M|21\/100 brn\n|-ability|p2a: Landorus|Intimidate|boost\n|-fail|p1a: Pinsir|unboost|Attack|[from] ability: Hyper Cutter|[of] p1a: Pinsir\n|detailschange|p1a: Pinsir|Pinsir-Mega, M\n|-mega|p1a: Pinsir|Pinsir|Pinsirite\n|move|p1a: Pinsir|Quick Attack|p2a: Landorus\n|-damage|p2a: Landorus|0 fnt\n|-damage|p1a: Pinsir|70\/100|[from] item: Rocky Helmet|[of] p2a: Landorus\n|faint|p2a: Landorus\n|\n|-fieldend|Misty Terrain\n|upkeep\n|\n|switch|p2a: Weavile|Weavile, F|84\/100\n|-ability|p2a: Weavile|Pressure\n|turn|22\n|inactive|LightningSpeed29 has 120 seconds left.\n|\n|move|p1a: Pinsir|Quick Attack|p2a: Weavile\n|-damage|p2a: Weavile|0 fnt\n|faint|p2a: Weavile\n|\n|upkeep\n|\n|switch|p2a: Lopunny|Lopunny, M|100\/100\n|turn|23\n|\n|detailschange|p2a: Lopunny|Lopunny-Mega, M\n|-mega|p2a: Lopunny|Lopunny|Lopunnite\n|move|p2a: Lopunny|Fake Out|p1a: Pinsir\n|-damage|p1a: Pinsir|44\/100\n|cant|p1a: Pinsir|flinch\n|\n|upkeep\n|turn|24\n|\n|switch|p2a: Ferrothorn|Ferrothorn, F|100\/100\n|move|p1a: Pinsir|Frustration|p2a: Ferrothorn\n|-damage|p2a: Ferrothorn|0 fnt\n|-damage|p1a: Pinsir|32\/100|[from] ability: Iron Barbs|[of] p2a: Ferrothorn\n|faint|p2a: Ferrothorn\n|\n|upkeep\n|\n|switch|p2a: Lopunny|Lopunny-Mega, M|100\/100\n|turn|25\n|\n|switch|p1a: Venusaur|Venusaur, F|100\/100\n|move|p2a: Lopunny|Fake Out|p1a: Venusaur\n|-damage|p1a: Venusaur|74\/100\n|\n|upkeep\n|turn|26\n|\n|move|p2a: Lopunny|Frustration|p1a: Venusaur\n|-damage|p1a: Venusaur|0 fnt\n|faint|p1a: Venusaur\n|\n|upkeep\n|\n|switch|p1a: Tapu Fini|Tapu Fini|100\/100\n|-fieldstart|move: Misty Terrain|[from] ability: Misty Surge|[of] p1a: Tapu Fini\n|turn|27\n|\n|move|p2a: Lopunny|Frustration|p1a: Tapu Fini\n|-damage|p1a: Tapu Fini|53\/100\n|move|p1a: Tapu Fini|Moonblast|p2a: Lopunny\n|-supereffective|p2a: Lopunny\n|-damage|p2a: Lopunny|21\/100\n|-unboost|p2a: Lopunny|spa|1\n|\n|-heal|p1a: Tapu Fini|60\/100|[from] item: Leftovers\n|upkeep\n|turn|28\n|c|\u2606LightningSpeed29|gg\n|\n|move|p2a: Lopunny|Frustration|p1a: Tapu Fini\n|-damage|p1a: Tapu Fini|14\/100\n|move|p1a: Tapu Fini|Moonblast|p2a: Lopunny\n|-supereffective|p2a: Lopunny\n|-damage|p2a: Lopunny|0 fnt\n|faint|p2a: Lopunny\n|\n|win|LightningSpeed29\n|raw|LightningSpeed29's rating: 1672 &rarr; <strong>1686<\/strong><br \/>(+14 for winning)\n|raw|lord cube's rating: 1570 &rarr; <strong>1555<\/strong><br \/>(-15 for losing)\n|c|\u2606lord cube|gg\n|l|\u2606lord cube\n","uploadtime":1573017333,"views":7,"p1id":"lightningspeed29","p2id":"lordcube","formatid":"gen7ou","rating":1555,"private":0,"password":null}