{"id":"gen7ou-667430468","p1":"AndromedaWarrior","p2":"Toxabelle","format":"gen7ou","log":"|raw|<div class=\"broadcast-red\"><strong>This battle is invite-only!<\/strong><br \/>Users must be rank + or invited with <code>\/invite<\/code> to join<\/div>\n|j|AndromedaWarrior\n|j|Toxabelle\n|player|p1|AndromedaWarrior|#zinnia\n|teamsize|p1|6\n|player|p2|Toxabelle|164\n|teamsize|p2|6\n|gametype|singles\n|gen|7\n|tier|[Gen 7] OU\n|rated|\n|seed|50136,45313,45204,16640\n|rule|Sleep Clause Mod: Limit one foe put to sleep\n|rule|Species Clause: Limit one of each Pok\u00e9mon\n|rule|OHKO Clause: OHKO moves are banned\n|rule|Moody Clause: Moody is banned\n|rule|Evasion Moves Clause: Evasion moves are banned\n|rule|Endless Battle Clause: Forcing endless battles is banned\n|rule|HP Percentage Mod: HP is shown in percentages\n|clearpoke\n|poke|p1|Latias, F|item\n|poke|p1|Toxapex, F|item\n|poke|p1|Clefable, M|item\n|poke|p1|Landorus-Therian, M|item\n|poke|p1|Blacephalon|item\n|poke|p1|Ferrothorn, F|item\n|poke|p2|Charizard, M|item\n|poke|p2|Tornadus-Therian, M|item\n|poke|p2|Gliscor, F|item\n|poke|p2|Skarmory, M|item\n|poke|p2|Chansey, F|item\n|poke|p2|Tangrowth, M|item\n|teampreview\n|inactive|Battle timer is ON: inactive players will automatically lose when time's up. (requested by Toxabelle)\n|choice|team 5, team 2, team 3, team 4, team 1, team 6|team 2, team 1, team 3, team 4, team 5, team 6\n|\n|start\n|switch|p1a: Blacephalon|Blacephalon|247\/247\n|switch|p2a: Tornadus|Tornadus-Therian, M, shiny|299\/299\n|turn|1\n|choice|switch 2|move knockoff\n|\n|switch|p1a: Toxapex|Toxapex, F|304\/304\n|move|p2a: Tornadus|Knock Off|p1a: Toxapex\n|-damage|p1a: Toxapex|258\/304\n|-enditem|p1a: Toxapex|Black Sludge|[from] move: Knock Off|[of] p2a: Tornadus\n|\n|upkeep\n|turn|2\n|choice|move toxicspikes|move taunt\n|\n|move|p2a: Tornadus|Taunt|p1a: Toxapex\n|-start|p1a: Toxapex|move: Taunt\n|cant|p1a: Toxapex|move: Taunt|Toxic Spikes\n|\n|upkeep\n|turn|3\n|choice|move scald|move uturn\n|\n|move|p2a: Tornadus|U-turn|p1a: Toxapex\n|-resisted|p1a: Toxapex\n|-damage|p1a: Toxapex|242\/304\n|choice||switch 3\n|\n|switch|p2a: Gliscor|Gliscor, F|353\/353\n|move|p1a: Toxapex|Scald|p2a: Gliscor\n|-supereffective|p2a: Gliscor\n|-crit|p2a: Gliscor\n|-damage|p2a: Gliscor|167\/353\n|-status|p2a: Gliscor|brn\n|\n|-damage|p2a: Gliscor|145\/353 brn|[from] brn\n|upkeep\n|turn|4\n|choice|switch 6|move roost\n|\n|switch|p1a: Ferrothorn|Ferrothorn, F|352\/352\n|move|p2a: Gliscor|Roost|p2a: Gliscor\n|-heal|p2a: Gliscor|322\/353 brn\n|\n|-damage|p2a: Gliscor|300\/353 brn|[from] brn\n|upkeep\n|turn|5\n|choice|move spikes|move taunt\n|\n|move|p2a: Gliscor|Taunt|p1a: Ferrothorn\n|-start|p1a: Ferrothorn|move: Taunt\n|cant|p1a: Ferrothorn|move: Taunt|Spikes\n|\n|-damage|p2a: Gliscor|278\/353 brn|[from] brn\n|upkeep\n|turn|6\n|choice|move gyroball|switch 2\n|\n|switch|p2a: Charizard|Charizard, M|359\/359\n|move|p1a: Ferrothorn|Gyro Ball|p2a: Charizard\n|-resisted|p2a: Charizard\n|-damage|p2a: Charizard|272\/359\n|\n|upkeep\n|turn|7\n|choice|switch 6|move willowisp mega\n|\n|switch|p1a: Toxapex|Toxapex, F|304\/304\n|-mega|p2a: Charizard|Charizard|Charizardite X\n|detailschange|p2a: Charizard|Charizard-Mega-X, M\n|move|p2a: Charizard|Will-O-Wisp|p1a: Toxapex|[miss]\n|-miss|p2a: Charizard|p1a: Toxapex\n|\n|upkeep\n|turn|8\n|choice|move toxic|move willowisp\n|\n|move|p2a: Charizard|Will-O-Wisp|p1a: Toxapex\n|-status|p1a: Toxapex|brn\n|move|p1a: Toxapex|Toxic|p2a: Charizard\n|-status|p2a: Charizard|tox\n|\n|-damage|p2a: Charizard|250\/359 tox|[from] psn\n|-damage|p1a: Toxapex|285\/304 brn|[from] brn\n|upkeep\n|turn|9\n|choice|move toxicspikes|switch 5\n|\n|switch|p2a: Chansey|Chansey, F|703\/703\n|move|p1a: Toxapex|Toxic Spikes|p2a: Chansey\n|-sidestart|p2: Toxabelle|move: Toxic Spikes\n|\n|-damage|p1a: Toxapex|266\/304 brn|[from] brn\n|upkeep\n|turn|10\n|choice|switch 6|move healbell\n|\n|switch|p1a: Ferrothorn|Ferrothorn, F|352\/352\n|move|p2a: Chansey|Heal Bell|p2a: Chansey\n|-activate|p2a: Chansey|move: Heal Bell\n|-curestatus|p2: Gliscor|brn|[msg]\n|-curestatus|p2: Charizard|tox|[msg]\n|\n|upkeep\n|turn|11\n|choice|move leechseed|switch 4\n|\n|switch|p2a: Skarmory|Skarmory, M|333\/333\n|move|p1a: Ferrothorn|Leech Seed|p2a: Skarmory\n|-start|p2a: Skarmory|move: Leech Seed\n|\n|-damage|p2a: Skarmory|292\/333|[from] Leech Seed|[of] p1a: Ferrothorn\n|upkeep\n|turn|12\n|choice|switch 2|switch 2\n|\n|switch|p2a: Gliscor|Gliscor, F|278\/353\n|switch|p1a: Blacephalon|Blacephalon|247\/247\n|\n|-status|p2a: Gliscor|tox|[from] item: Toxic Orb\n|upkeep\n|turn|13\n|choice|switch 4|move earthquake\n|\n|switch|p1a: Landorus|Landorus-Therian, M|382\/382\n|-ability|p1a: Landorus|Intimidate|boost\n|-unboost|p2a: Gliscor|atk|1\n|move|p2a: Gliscor|Earthquake|p1a: Landorus\n|-immune|p1a: Landorus|[msg]\n|\n|-heal|p2a: Gliscor|322\/353 tox|[from] ability: Poison Heal\n|upkeep\n|turn|14\n|choice|move stealthrock|switch 2\n|\n|switch|p2a: Skarmory|Skarmory, M|292\/333\n|move|p1a: Landorus|Stealth Rock|p2a: Skarmory\n|-sidestart|p2: Toxabelle|move: Stealth Rock\n|\n|upkeep\n|turn|15\n|choice|move uturn|move defog\n|\n|move|p1a: Landorus|U-turn|p2a: Skarmory\n|-resisted|p2a: Skarmory\n|-crit|p2a: Skarmory\n|-damage|p2a: Skarmory|277\/333\n|-damage|p1a: Landorus|319\/382|[from] item: Rocky Helmet|[of] p2a: Skarmory\n|choice|switch 4|\n|\n|switch|p1a: Blacephalon|Blacephalon|247\/247\n|move|p2a: Skarmory|Defog|p1a: Blacephalon\n|-unboost|p1a: Blacephalon|evasion|1\n|-sideend|p2: Toxabelle|Toxic Spikes|[from] move: Defog|[of] p2a: Skarmory\n|-sideend|p2: Toxabelle|Stealth Rock|[from] move: Defog|[of] p2a: Skarmory\n|\n|upkeep\n|turn|16\n|choice|move trick|switch 5\n|\n|switch|p2a: Charizard|Charizard-Mega-X, M|250\/359\n|move|p1a: Blacephalon|Trick|p2a: Charizard\n|-fail|p1a: Blacephalon\n|\n|upkeep\n|turn|17\n|choice|switch 3|move roost\n|\n|switch|p1a: Clefable|Clefable, M|394\/394\n|move|p2a: Charizard|Roost|p2a: Charizard\n|-heal|p2a: Charizard|359\/359\n|\n|upkeep\n|turn|18\n|choice|move cosmicpower|switch 2\n|\n|switch|p2a: Gliscor|Gliscor, F|322\/353 tox\n|move|p1a: Clefable|Cosmic Power|p1a: Clefable\n|-boost|p1a: Clefable|def|1\n|-boost|p1a: Clefable|spd|1\n|\n|-heal|p2a: Gliscor|353\/353 tox|[from] ability: Poison Heal\n|upkeep\n|turn|19\n|choice|move storedpower|move taunt\n|\n|move|p2a: Gliscor|Taunt|p1a: Clefable\n|-start|p1a: Clefable|move: Taunt\n|move|p1a: Clefable|Stored Power|p2a: Gliscor\n|-damage|p2a: Gliscor|307\/353 tox\n|\n|-heal|p2a: Gliscor|351\/353 tox|[from] ability: Poison Heal\n|upkeep\n|turn|20\n|choice|move chargebeam|move knockoff\n|\n|move|p2a: Gliscor|Knock Off|p1a: Clefable\n|-resisted|p1a: Clefable\n|-damage|p1a: Clefable|374\/394\n|-enditem|p1a: Clefable|Leftovers|[from] move: Knock Off|[of] p2a: Gliscor\n|move|p1a: Clefable|Charge Beam|p2a: Gliscor\n|-immune|p2a: Gliscor|[msg]\n|\n|-heal|p2a: Gliscor|353\/353 tox|[from] ability: Poison Heal\n|upkeep\n|turn|21\n|choice|move chargebeam|move earthquake\n|\n|move|p2a: Gliscor|Earthquake|p1a: Clefable\n|-damage|p1a: Clefable|310\/394\n|move|p1a: Clefable|Charge Beam|p2a: Gliscor\n|-immune|p2a: Gliscor|[msg]\n|\n|-end|p1a: Clefable|move: Taunt\n|upkeep\n|turn|22\n|choice|switch 5|move knockoff\n|\n|switch|p1a: Latias|Latias, F|364\/364\n|move|p2a: Gliscor|Knock Off|p1a: Latias\n|-supereffective|p1a: Latias\n|-damage|p1a: Latias|262\/364\n|\n|upkeep\n|turn|23\n|choice|switch 3|switch 4\n|\n|switch|p1a: Blacephalon|Blacephalon|247\/247\n|switch|p2a: Chansey|Chansey, F|703\/703\n|\n|upkeep\n|turn|24\n|choice|move trick|switch 2\n|\n|switch|p2a: Charizard|Charizard-Mega-X, M|359\/359\n|move|p1a: Blacephalon|Trick|p2a: Charizard\n|-fail|p1a: Blacephalon\n|\n|upkeep\n|turn|25\n|choice|switch 5|move flareblitz\n|\n|switch|p1a: Clefable|Clefable, M|310\/394\n|move|p2a: Charizard|Flare Blitz|p1a: Clefable\n|-damage|p1a: Clefable|91\/394\n|-damage|p2a: Charizard|287\/359|[from] Recoil|[of] p1a: Clefable\n|\n|upkeep\n|turn|26\n|choice|switch 4|move willowisp\n|\n|switch|p1a: Landorus|Landorus-Therian, M|319\/382\n|-ability|p1a: Landorus|Intimidate|boost\n|-unboost|p2a: Charizard|atk|1\n|move|p2a: Charizard|Will-O-Wisp|p1a: Landorus\n|-status|p1a: Landorus|brn\n|\n|-heal|p1a: Landorus|342\/382 brn|[from] item: Leftovers\n|-damage|p1a: Landorus|319\/382 brn|[from] brn\n|upkeep\n|turn|27\n|choice|move stealthrock|switch 5\n|\n|switch|p2a: Skarmory|Skarmory, M|277\/333\n|move|p1a: Landorus|Stealth Rock|p2a: Skarmory\n|-sidestart|p2: Toxabelle|move: Stealth Rock\n|\n|-heal|p1a: Landorus|342\/382 brn|[from] item: Leftovers\n|-damage|p1a: Landorus|319\/382 brn|[from] brn\n|upkeep\n|turn|28\n|choice|switch 4|move defog\n|\n|switch|p1a: Clefable|Clefable, M|91\/394\n|move|p2a: Skarmory|Defog|p1a: Clefable\n|-unboost|p1a: Clefable|evasion|1\n|-sideend|p2: Toxabelle|Stealth Rock|[from] move: Defog|[of] p2a: Skarmory\n|\n|upkeep\n|turn|29\n|choice|move softboiled|move bravebird\n|\n|move|p2a: Skarmory|Brave Bird|p1a: Clefable\n|-damage|p1a: Clefable|0 fnt\n|-damage|p2a: Skarmory|247\/333|[from] Recoil|[of] p1a: Clefable\n|faint|p1a: Clefable\n|\n|upkeep\n|choice|switch 3|\n|\n|switch|p1a: Latias|Latias, F|262\/364\n|turn|30\n|choice|move calmmind mega|switch 2\n|\n|switch|p2a: Chansey|Chansey, F|703\/703\n|-mega|p1a: Latias|Latias|Latiasite\n|detailschange|p1a: Latias|Latias-Mega, F\n|move|p1a: Latias|Calm Mind|p1a: Latias\n|-boost|p1a: Latias|spa|1\n|-boost|p1a: Latias|spd|1\n|\n|upkeep\n|turn|31\n|choice|move calmmind|move toxic\n|\n|move|p1a: Latias|Calm Mind|p1a: Latias\n|-boost|p1a: Latias|spa|1\n|-boost|p1a: Latias|spd|1\n|move|p2a: Chansey|Toxic|p1a: Latias\n|-status|p1a: Latias|tox\n|\n|-damage|p1a: Latias|240\/364 tox|[from] psn\n|upkeep\n|turn|32\n|-message|AndromedaWarrior forfeited.\n|\n|win|Toxabelle\n|l|AndromedaWarrior\n|c|\u2606Toxabelle|Ez game\n|raw|AndromedaWarrior's rating: 1734 &rarr; <strong>1717<\/strong><br \/>(-17 for losing)\n|raw|Toxabelle's rating: 1798 &rarr; <strong>1814<\/strong><br \/>(+16 for winning)\n|c|\u2606Toxabelle|\/log Toxabelle made this room public.","inputlog":null,"uploadtime":1512146212,"views":29,"p1id":"andromedawarrior","p2id":"toxabelle","formatid":"gen7ou","rating":1717,"private":0,"password":null}