{"id":"gen7ou-997009588","p1":"Kay9ine1","p2":"JoeyOwesMeMoney","format":"gen7ou","log":"|j|\u2606Kay9ine1\n|j|\u2606JoeyOwesMeMoney\n|player|p1|Kay9ine1|265|1928\n|player|p2|JoeyOwesMeMoney|2|1765\n|teamsize|p1|6\n|teamsize|p2|6\n|gametype|singles\n|gen|7\n|tier|[Gen 7] OU\n|rated|\n|rule|Sleep Clause Mod: Limit one foe put to sleep\n|rule|Species Clause: Limit one of each Pok\u00e9mon\n|rule|OHKO Clause: OHKO moves are banned\n|rule|Moody Clause: Moody is banned\n|rule|Evasion Moves Clause: Evasion moves are banned\n|rule|Endless Battle Clause: Forcing endless battles is banned\n|rule|HP Percentage Mod: HP is shown in percentages\n|clearpoke\n|poke|p1|Pelipper, M|item\n|poke|p1|Swampert, M|item\n|poke|p1|Magearna|item\n|poke|p1|Greninja, M|item\n|poke|p1|Tornadus-Therian, M|item\n|poke|p1|Azumarill, M|item\n|poke|p2|Skarmory, M|item\n|poke|p2|Chansey, F|item\n|poke|p2|Magnezone|item\n|poke|p2|Toxapex, M|item\n|poke|p2|Clefable, F|item\n|poke|p2|Sableye, M|item\n|teampreview\n|inactive|Battle timer is ON: inactive players will automatically lose when time's up. (requested by Kay9ine1)\n|\n|start\n|switch|p1a: Pelipper|Pelipper, M|100\/100\n|switch|p2a: Sableye|Sableye, M|100\/100\n|-weather|RainDance|[from] ability: Drizzle|[of] p1a: Pelipper\n|turn|1\n|\n|detailschange|p2a: Sableye|Sableye-Mega, M\n|-mega|p2a: Sableye|Sableye|Sablenite\n|move|p2a: Sableye|Protect|p2a: Sableye\n|-singleturn|p2a: Sableye|Protect\n|move|p1a: Pelipper|U-turn|p2a: Sableye\n|-activate|p2a: Sableye|move: Protect\n|\n|-weather|RainDance|[upkeep]\n|upkeep\n|turn|2\n|\n|switch|p2a: Toxapex|Toxapex, M|100\/100\n|move|p1a: Pelipper|U-turn|p2a: Toxapex\n|-resisted|p2a: Toxapex\n|-damage|p2a: Toxapex|98\/100\n|\n|switch|p1a: Swampert|Swampert, M|100\/100|[from]move: U-turn\n|\n|-weather|RainDance|[upkeep]\n|-heal|p2a: Toxapex|100\/100|[from] item: Black Sludge\n|upkeep\n|turn|3\n|\n|detailschange|p1a: Swampert|Swampert-Mega, M\n|-mega|p1a: Swampert|Swampert|Swampertite\n|move|p1a: Swampert|Earthquake|p2a: Toxapex\n|-supereffective|p2a: Toxapex\n|-damage|p2a: Toxapex|23\/100\n|move|p2a: Toxapex|Scald|p1a: Swampert\n|-damage|p1a: Swampert|78\/100\n|\n|-weather|RainDance|[upkeep]\n|-heal|p2a: Toxapex|29\/100|[from] item: Black Sludge\n|upkeep\n|turn|4\n|\n|switch|p1a: Greninja|Greninja, M|100\/100\n|switch|p2a: Skarmory|Skarmory, M|100\/100\n|\n|-weather|RainDance|[upkeep]\n|upkeep\n|turn|5\n|j| thiagoanderson\n|\n|switch|p2a: Chansey|Chansey, F|100\/100\n|move|p1a: Greninja|Spikes|p2a: Chansey\n|-sidestart|p2: JoeyOwesMeMoney|Spikes\n|\n|-weather|RainDance|[upkeep]\n|upkeep\n|turn|6\n|\n|switch|p1a: Tornadus|Tornadus-Therian, M|100\/100\n|move|p2a: Chansey|Stealth Rock|p1a: Tornadus\n|-sidestart|p1: Kay9ine1|move: Stealth Rock\n|\n|-weather|RainDance|[upkeep]\n|upkeep\n|turn|7\n|\n|switch|p2a: Magnezone|Magnezone|100\/100\n|-damage|p2a: Magnezone|88\/100|[from] Spikes\n|move|p1a: Tornadus|Knock Off|p2a: Magnezone\n|-damage|p2a: Magnezone|67\/100\n|-enditem|p2a: Magnezone|Choice Scarf|[from] move: Knock Off|[of] p1a: Tornadus\n|\n|-weather|RainDance|[upkeep]\n|upkeep\n|turn|8\n|\n|move|p1a: Tornadus|U-turn|p2a: Magnezone\n|-resisted|p2a: Magnezone\n|-damage|p2a: Magnezone|59\/100\n|\n|switch|p1a: Magearna|Magearna|100\/100|[from]move: U-turn\n|-damage|p1a: Magearna|95\/100|[from] Stealth Rock\n|move|p2a: Magnezone|Flash Cannon|p1a: Magearna\n|-damage|p1a: Magearna|56\/100\n|\n|-weather|none\n|upkeep\n|turn|9\n|j| sdffdssdfdfed\n|\n|move|p1a: Magearna|Focus Blast|p2a: Magnezone\n|-supereffective|p2a: Magnezone\n|-damage|p2a: Magnezone|0 fnt\n|faint|p2a: Magnezone\n|-ability|p1a: Magearna|Soul-Heart|boost\n|-boost|p1a: Magearna|spa|1\n|\n|upkeep\n|\n|switch|p2a: Chansey|Chansey, F|100\/100\n|-damage|p2a: Chansey|88\/100|[from] Spikes\n|turn|10\n|\n|switch|p1a: Tornadus|Tornadus-Therian, M|100\/100\n|-damage|p1a: Tornadus|76\/100|[from] Stealth Rock\n|move|p2a: Chansey|Seismic Toss|p1a: Tornadus\n|-damage|p1a: Tornadus|42\/100\n|\n|upkeep\n|turn|11\n|l| thiagoanderson\n|\n|move|p1a: Tornadus|Knock Off|p2a: Chansey\n|-damage|p2a: Chansey|76\/100\n|-enditem|p2a: Chansey|Eviolite|[from] move: Knock Off|[of] p1a: Tornadus\n|move|p2a: Chansey|Seismic Toss|p1a: Tornadus\n|-damage|p1a: Tornadus|9\/100\n|\n|upkeep\n|turn|12\n|\n|switch|p1a: Pelipper|Pelipper, M|100\/100\n|-damage|p1a: Pelipper|76\/100|[from] Stealth Rock\n|-weather|RainDance|[from] ability: Drizzle|[of] p1a: Pelipper\n|move|p2a: Chansey|Seismic Toss|p1a: Pelipper\n|-damage|p1a: Pelipper|45\/100\n|\n|-weather|RainDance|[upkeep]\n|upkeep\n|turn|13\n|\n|move|p2a: Chansey|Toxic|p1a: Pelipper\n|-status|p1a: Pelipper|tox\n|move|p1a: Pelipper|U-turn|p2a: Chansey\n|-damage|p2a: Chansey|67\/100\n|\n|switch|p1a: Azumarill|Azumarill, M|100\/100|[from]move: U-turn\n|-damage|p1a: Azumarill|88\/100|[from] Stealth Rock\n|\n|-weather|RainDance|[upkeep]\n|-heal|p1a: Azumarill|94\/100|[from] item: Leftovers\n|upkeep\n|turn|14\n|\n|switch|p2a: Sableye|Sableye-Mega, M|100\/100\n|-damage|p2a: Sableye|88\/100|[from] Spikes\n|move|p1a: Azumarill|Whirlpool|p2a: Sableye|[miss]\n|-miss|p1a: Azumarill|p2a: Sableye\n|\n|-weather|RainDance|[upkeep]\n|-heal|p1a: Azumarill|100\/100|[from] item: Leftovers\n|upkeep\n|turn|15\n|\n|switch|p1a: Magearna|Magearna|56\/100\n|-damage|p1a: Magearna|50\/100|[from] Stealth Rock\n|move|p2a: Sableye|Protect||[still]\n|-fail|p2a: Sableye\n|\n|-weather|RainDance|[upkeep]\n|upkeep\n|turn|16\n|inactive|JoeyOwesMeMoney has 120 seconds left.\n|\n|move|p2a: Sableye|Protect|p2a: Sableye\n|-singleturn|p2a: Sableye|Protect\n|move|p1a: Magearna|Fleur Cannon|p2a: Sableye\n|-activate|p2a: Sableye|move: Protect\n|\n|-weather|RainDance|[upkeep]\n|upkeep\n|turn|17\n|inactive|JoeyOwesMeMoney has 120 seconds left.\n|\n|switch|p1a: Greninja|Greninja, M|100\/100\n|-damage|p1a: Greninja|88\/100|[from] Stealth Rock\n|switch|p2a: Clefable|Clefable, F|100\/100\n|-damage|p2a: Clefable|88\/100|[from] Spikes\n|\n|-weather|RainDance|[upkeep]\n|-heal|p2a: Clefable|94\/100|[from] item: Leftovers\n|upkeep\n|turn|18\n|\n|move|p2a: Clefable|Protect|p2a: Clefable\n|-singleturn|p2a: Clefable|Protect\n|move|p1a: Greninja|Hydro Pump|p2a: Clefable\n|-activate|p2a: Clefable|move: Protect\n|\n|-weather|RainDance|[upkeep]\n|-heal|p2a: Clefable|99\/100|[from] item: Leftovers\n|upkeep\n|turn|19\n|\n|move|p1a: Greninja|Hydro Pump|p2a: Clefable\n|-crit|p2a: Clefable\n|-damage|p2a: Clefable|0 fnt\n|faint|p2a: Clefable\n|-activate|p1a: Greninja|ability: Battle Bond\n|detailschange|p1a: Greninja|Greninja-Ash, M\n|\n|-weather|none\n|upkeep\n|\n|switch|p2a: Chansey|Chansey, F|67\/100\n|-damage|p2a: Chansey|55\/100|[from] Spikes\n|turn|20\n|\n|switch|p1a: Pelipper|Pelipper, M|45\/100 tox\n|-damage|p1a: Pelipper|20\/100 tox|[from] Stealth Rock\n|-weather|RainDance|[from] ability: Drizzle|[of] p1a: Pelipper\n|move|p2a: Chansey|Soft-Boiled|p2a: Chansey\n|-heal|p2a: Chansey|100\/100\n|\n|-weather|RainDance|[upkeep]\n|-damage|p1a: Pelipper|14\/100 tox|[from] psn\n|upkeep\n|turn|21\n|\n|switch|p1a: Magearna|Magearna|50\/100\n|-damage|p1a: Magearna|44\/100|[from] Stealth Rock\n|move|p2a: Chansey|Seismic Toss|p1a: Magearna\n|-damage|p1a: Magearna|10\/100\n|\n|-weather|RainDance|[upkeep]\n|upkeep\n|turn|22\n|\n|move|p1a: Magearna|Focus Blast|p2a: Chansey|[miss]\n|-miss|p1a: Magearna|p2a: Chansey\n|move|p2a: Chansey|Soft-Boiled||[still]\n|-fail|p2a: Chansey|heal\n|\n|-weather|RainDance|[upkeep]\n|upkeep\n|turn|23\n|\n|move|p1a: Magearna|Focus Blast|p2a: Chansey\n|-supereffective|p2a: Chansey\n|-damage|p2a: Chansey|60\/100\n|move|p2a: Chansey|Seismic Toss|p1a: Magearna\n|-damage|p1a: Magearna|0 fnt\n|faint|p1a: Magearna\n|\n|-weather|RainDance|[upkeep]\n|upkeep\n|\n|switch|p1a: Greninja|Greninja-Ash, M|88\/100\n|-damage|p1a: Greninja|76\/100|[from] Stealth Rock\n|turn|24\n|\n|move|p1a: Greninja|Hydro Pump|p2a: Chansey\n|-damage|p2a: Chansey|0 fnt\n|faint|p2a: Chansey\n|\n|-weather|RainDance|[upkeep]\n|upkeep\n|\n|switch|p2a: Toxapex|Toxapex, M|62\/100\n|-damage|p2a: Toxapex|50\/100|[from] Spikes\n|turn|25\n|\n|switch|p1a: Azumarill|Azumarill, M|100\/100\n|-damage|p1a: Azumarill|88\/100|[from] Stealth Rock\n|switch|p2a: Skarmory|Skarmory, M|100\/100\n|\n|-weather|RainDance|[upkeep]\n|-heal|p1a: Azumarill|94\/100|[from] item: Leftovers\n|upkeep\n|turn|26\n|\n|switch|p2a: Sableye|Sableye-Mega, M|88\/100\n|-damage|p2a: Sableye|76\/100|[from] Spikes\n|move|p1a: Azumarill|Whirlpool|p2a: Sableye\n|-damage|p2a: Sableye|67\/100\n|-activate|p2a: Sableye|move: Whirlpool|[of] p1a: Azumarill\n|\n|-weather|RainDance|[upkeep]\n|-heal|p1a: Azumarill|100\/100|[from] item: Leftovers\n|-damage|p2a: Sableye|55\/100|[from] move: Whirlpool|[partiallytrapped]\n|upkeep\n|turn|27\n|\n|switch|p1a: Greninja|Greninja-Ash, M|76\/100\n|-damage|p1a: Greninja|64\/100|[from] Stealth Rock\n|move|p2a: Sableye|Recover|p2a: Sableye\n|-heal|p2a: Sableye|100\/100\n|\n|-weather|none\n|-end|p2a: Sableye|Whirlpool|[partiallytrapped]|[silent]\n|upkeep\n|turn|28\n|\n|move|p2a: Sableye|Protect|p2a: Sableye\n|-singleturn|p2a: Sableye|Protect\n|move|p1a: Greninja|Dark Pulse|p2a: Sableye\n|-activate|p2a: Sableye|move: Protect\n|\n|upkeep\n|turn|29\n|\n|move|p1a: Greninja|Dark Pulse|p2a: Sableye\n|-damage|p2a: Sableye|52\/100\n|move|p2a: Sableye|Knock Off|p1a: Greninja\n|-resisted|p1a: Greninja\n|-damage|p1a: Greninja|38\/100\n|-enditem|p1a: Greninja|Choice Specs|[from] move: Knock Off|[of] p2a: Sableye\n|\n|upkeep\n|turn|30\n|\n|move|p1a: Greninja|Dark Pulse|p2a: Sableye\n|-damage|p2a: Sableye|20\/100\n|move|p2a: Sableye|Recover|p2a: Sableye\n|-heal|p2a: Sableye|70\/100\n|\n|upkeep\n|turn|31\n|\n|move|p1a: Greninja|Dark Pulse|p2a: Sableye\n|-damage|p2a: Sableye|33\/100\n|move|p2a: Sableye|Recover|p2a: Sableye\n|-heal|p2a: Sableye|83\/100\n|\n|upkeep\n|turn|32\n|j| X\u4e36chansey\n|\n|move|p1a: Greninja|Dark Pulse|p2a: Sableye\n|-damage|p2a: Sableye|46\/100\n|move|p2a: Sableye|Recover|p2a: Sableye\n|-heal|p2a: Sableye|96\/100\n|\n|upkeep\n|turn|33\n|\n|move|p2a: Sableye|Protect|p2a: Sableye\n|-singleturn|p2a: Sableye|Protect\n|move|p1a: Greninja|Dark Pulse|p2a: Sableye\n|-activate|p2a: Sableye|move: Protect\n|\n|upkeep\n|turn|34\n|\n|move|p1a: Greninja|Dark Pulse|p2a: Sableye\n|-damage|p2a: Sableye|59\/100\n|move|p2a: Sableye|Will-O-Wisp|p1a: Greninja\n|-status|p1a: Greninja|brn\n|\n|-damage|p1a: Greninja|32\/100 brn|[from] brn\n|upkeep\n|turn|35\n|\n|move|p1a: Greninja|Dark Pulse|p2a: Sableye\n|-damage|p2a: Sableye|23\/100\n|cant|p2a: Sableye|flinch\n|\n|-damage|p1a: Greninja|26\/100 brn|[from] brn\n|upkeep\n|turn|36\n|\n|move|p2a: Sableye|Protect|p2a: Sableye\n|-singleturn|p2a: Sableye|Protect\n|move|p1a: Greninja|Dark Pulse|p2a: Sableye\n|-activate|p2a: Sableye|move: Protect\n|\n|-damage|p1a: Greninja|20\/100 brn|[from] brn\n|upkeep\n|turn|37\n|\n|switch|p2a: Toxapex|Toxapex, M|83\/100\n|-damage|p2a: Toxapex|71\/100|[from] Spikes\n|move|p1a: Greninja|Dark Pulse|p2a: Toxapex\n|-damage|p2a: Toxapex|34\/100\n|\n|-heal|p2a: Toxapex|40\/100|[from] item: Black Sludge\n|-damage|p1a: Greninja|14\/100 brn|[from] brn\n|upkeep\n|turn|38\n|\n|move|p1a: Greninja|Dark Pulse|p2a: Toxapex\n|-damage|p2a: Toxapex|1\/100\n|move|p2a: Toxapex|Recover|p2a: Toxapex\n|-heal|p2a: Toxapex|51\/100\n|\n|-heal|p2a: Toxapex|57\/100|[from] item: Black Sludge\n|-damage|p1a: Greninja|8\/100 brn|[from] brn\n|upkeep\n|turn|39\n|\n|move|p1a: Greninja|Spikes|p2a: Toxapex\n|-sidestart|p2: JoeyOwesMeMoney|Spikes\n|move|p2a: Toxapex|Recover|p2a: Toxapex\n|-heal|p2a: Toxapex|100\/100\n|\n|-damage|p1a: Greninja|2\/100 brn|[from] brn\n|upkeep\n|turn|40\n|\n|switch|p2a: Skarmory|Skarmory, M|100\/100\n|move|p1a: Greninja|Dark Pulse|p2a: Skarmory\n|-damage|p2a: Skarmory|35\/100\n|\n|-damage|p1a: Greninja|0 fnt|[from] brn\n|faint|p1a: Greninja\n|upkeep\n|\n|switch|p1a: Tornadus|Tornadus-Therian, M|42\/100\n|-damage|p1a: Tornadus|17\/100|[from] Stealth Rock\n|turn|41\n|\n|-zpower|p1a: Tornadus\n|move|p1a: Tornadus|Supersonic Skystrike|p2a: Skarmory|[zeffect]\n|-resisted|p2a: Skarmory\n|-damage|p2a: Skarmory|0 fnt\n|faint|p2a: Skarmory\n|\n|upkeep\n|inactive|JoeyOwesMeMoney has 120 seconds left.\n|inactive|JoeyOwesMeMoney has 90 seconds left.\n|inactive|JoeyOwesMeMoney has 60 seconds left.\n|inactive|JoeyOwesMeMoney has 30 seconds left.\n|inactive|JoeyOwesMeMoney has 20 seconds left.\n|inactive|JoeyOwesMeMoney has 15 seconds left.\n|inactive|JoeyOwesMeMoney has 10 seconds left.\n|inactive|JoeyOwesMeMoney has 5 seconds left.\n|-message|JoeyOwesMeMoney lost due to inactivity.\n|\n|win|Kay9ine1\n|l|\u2606Kay9ine1\n|raw|Kay9ine1's rating: 1928 &rarr; <strong>1939<\/strong><br \/>(+11 for winning)\n|raw|JoeyOwesMeMoney's rating: 1766 &rarr; <strong>1755<\/strong><br \/>(-11 for losing)\n|j|\u2606Kay9ine1\n|player|p1|Kay9ine1|265\n","uploadtime":1571792387,"views":11,"p1id":"kay9ine1","p2id":"joeyowesmemoney","formatid":"gen7ou","rating":1755,"private":0,"password":null}