{"id":"gen7ou-1550683851","p1":"TestingTesting1","p2":"FildrongEstNul","format":"gen7ou","log":"|j|\u2606TestingTesting1\n|j|\u203dFildrongEstNul\n|t:|1649644079\n|gametype|singles\n|player|p1|TestingTesting1|266|1501\n|player|p2|FildrongEstNul|169|1356\n|teamsize|p1|6\n|teamsize|p2|6\n|gen|7\n|tier|[Gen 7] OU\n|rated|\n|rule|Sleep Clause Mod: Limit one foe put to sleep\n|rule|Species Clause: Limit one of each Pok\u00e9mon\n|rule|OHKO Clause: OHKO moves are banned\n|rule|Moody Clause: Moody is banned\n|rule|Evasion Moves Clause: Evasion moves are banned\n|rule|Endless Battle Clause: Forcing endless battles is banned\n|rule|HP Percentage Mod: HP is shown in percentages\n|clearpoke\n|poke|p1|Sharpedo, M|item\n|poke|p1|Blacephalon|item\n|poke|p1|Ferrothorn, F|item\n|poke|p1|Rotom-Wash|item\n|poke|p1|Tapu Lele|item\n|poke|p1|Gliscor, M|item\n|poke|p2|Venusaur, M|item\n|poke|p2|Bisharp, M|item\n|poke|p2|Keldeo|item\n|poke|p2|Chansey, F|item\n|poke|p2|Heatran, F|item\n|poke|p2|Skarmory, F|item\n|teampreview\n|inactive|Battle timer is ON: inactive players will automatically lose when time's up. (requested by FildrongEstNul)\n|\n|t:|1649644091\n|start\n|switch|p1a: Rotom|Rotom-Wash|100\/100\n|switch|p2a: Keldeo|Keldeo|100\/100\n|turn|1\n|\n|t:|1649644097\n|move|p2a: Keldeo|Calm Mind|p2a: Keldeo\n|-boost|p2a: Keldeo|spa|1\n|-boost|p2a: Keldeo|spd|1\n|move|p1a: Rotom|Volt Switch|p2a: Keldeo\n|-supereffective|p2a: Keldeo\n|-damage|p2a: Keldeo|61\/100\n|\n|t:|1649644109\n|switch|p1a: Tapu Lele|Tapu Lele|100\/100|[from]move: Volt Switch\n|-fieldstart|move: Psychic Terrain|[from] ability: Psychic Surge|[of] p1a: Tapu Lele\n|\n|-heal|p2a: Keldeo|68\/100|[from] item: Leftovers\n|upkeep\n|turn|2\n|\n|t:|1649644119\n|switch|p1a: Ferrothorn|Ferrothorn, F|100\/100\n|switch|p2a: Chansey|Chansey, F|100\/100\n|\n|upkeep\n|turn|3\n|\n|t:|1649644125\n|move|p2a: Chansey|Thunder Wave|p1a: Ferrothorn\n|-status|p1a: Ferrothorn|par\n|cant|p1a: Ferrothorn|par\n|\n|upkeep\n|turn|4\n|\n|t:|1649644130\n|switch|p2a: Skarmory|Skarmory, F|100\/100\n|move|p1a: Ferrothorn|Stealth Rock|p2a: Skarmory\n|-sidestart|p2: FildrongEstNul|move: Stealth Rock\n|\n|upkeep\n|turn|5\n|\n|t:|1649644138\n|switch|p1a: Rotom|Rotom-Wash|100\/100\n|move|p2a: Skarmory|Spikes|p1a: Rotom\n|-sidestart|p1: TestingTesting1|Spikes\n|\n|-fieldend|move: Psychic Terrain\n|upkeep\n|turn|6\n|\n|t:|1649644145\n|move|p1a: Rotom|Defog|p2a: Skarmory\n|-unboost|p2a: Skarmory|evasion|1\n|-sideend|p2: FildrongEstNul|Stealth Rock|[from] move: Defog|[of] p1a: Rotom\n|-sideend|p1: TestingTesting1|Spikes|[from] move: Defog|[of] p1a: Rotom\n|move|p2a: Skarmory|Spikes|p1a: Rotom\n|-sidestart|p1: TestingTesting1|Spikes\n|\n|upkeep\n|turn|7\n|\n|t:|1649644150\n|switch|p2a: Keldeo|Keldeo|68\/100\n|move|p1a: Rotom|Hydro Pump|p2a: Keldeo\n|-resisted|p2a: Keldeo\n|-damage|p2a: Keldeo|45\/100\n|\n|-heal|p2a: Keldeo|52\/100|[from] item: Leftovers\n|upkeep\n|turn|8\n|\n|t:|1649644160\n|move|p2a: Keldeo|Calm Mind|p2a: Keldeo\n|-boost|p2a: Keldeo|spa|1\n|-boost|p2a: Keldeo|spd|1\n|move|p1a: Rotom|Defog|p2a: Keldeo\n|-unboost|p2a: Keldeo|evasion|1\n|-sideend|p1: TestingTesting1|Spikes|[from] move: Defog|[of] p1a: Rotom\n|\n|-heal|p2a: Keldeo|58\/100|[from] item: Leftovers\n|upkeep\n|turn|9\n|\n|t:|1649644168\n|move|p2a: Keldeo|Calm Mind|p2a: Keldeo\n|-boost|p2a: Keldeo|spa|1\n|-boost|p2a: Keldeo|spd|1\n|move|p1a: Rotom|Volt Switch|p2a: Keldeo\n|-supereffective|p2a: Keldeo\n|-damage|p2a: Keldeo|27\/100\n|\n|t:|1649644179\n|switch|p1a: Tapu Lele|Tapu Lele|100\/100|[from]move: Volt Switch\n|-fieldstart|move: Psychic Terrain|[from] ability: Psychic Surge|[of] p1a: Tapu Lele\n|\n|-heal|p2a: Keldeo|34\/100|[from] item: Leftovers\n|upkeep\n|turn|10\n|\n|t:|1649644185\n|switch|p2a: Chansey|Chansey, F|100\/100\n|move|p1a: Tapu Lele|Moonblast|p2a: Chansey\n|-damage|p2a: Chansey|86\/100\n|\n|upkeep\n|turn|11\n|\n|t:|1649644194\n|switch|p1a: Gliscor|Gliscor, M|100\/100\n|move|p2a: Chansey|Seismic Toss|p1a: Gliscor\n|-damage|p1a: Gliscor|72\/100\n|\n|-status|p1a: Gliscor|tox|[from] item: Toxic Orb\n|upkeep\n|turn|12\n|\n|t:|1649644203\n|move|p1a: Gliscor|Swords Dance|p1a: Gliscor\n|-boost|p1a: Gliscor|atk|2\n|move|p2a: Chansey|Seismic Toss|p1a: Gliscor\n|-damage|p1a: Gliscor|44\/100 tox\n|\n|-heal|p1a: Gliscor|56\/100 tox|[from] ability: Poison Heal\n|upkeep\n|turn|13\n|\n|t:|1649644210\n|switch|p2a: Skarmory|Skarmory, F|100\/100\n|move|p1a: Gliscor|Roost|p1a: Gliscor\n|-heal|p1a: Gliscor|100\/100 tox\n|-singleturn|p1a: Gliscor|move: Roost\n|\n|-fieldend|move: Psychic Terrain\n|upkeep\n|turn|14\n|j| zjjjjjj\n|\n|t:|1649644218\n|switch|p1a: Rotom|Rotom-Wash|100\/100\n|move|p2a: Skarmory|Spikes|p1a: Rotom\n|-sidestart|p1: TestingTesting1|Spikes\n|\n|upkeep\n|turn|15\n|\n|t:|1649644225\n|move|p1a: Rotom|Hydro Pump|p2a: Skarmory\n|-damage|p2a: Skarmory|55\/100\n|move|p2a: Skarmory|Spikes|p1a: Rotom\n|-sidestart|p1: TestingTesting1|Spikes\n|\n|upkeep\n|turn|16\n|\n|t:|1649644230\n|switch|p2a: Venusaur|Venusaur, M|100\/100\n|move|p1a: Rotom|Defog|p2a: Venusaur\n|-unboost|p2a: Venusaur|evasion|1\n|-sideend|p1: TestingTesting1|Spikes|[from] move: Defog|[of] p1a: Rotom\n|\n|upkeep\n|turn|17\n|\n|t:|1649644242\n|switch|p1a: Ferrothorn|Ferrothorn, F|100\/100 par\n|detailschange|p2a: Venusaur|Venusaur-Mega, M\n|-mega|p2a: Venusaur|Venusaur|Venusaurite\n|move|p2a: Venusaur|Sludge Bomb|p1a: Ferrothorn\n|-immune|p1a: Ferrothorn\n|\n|upkeep\n|turn|18\n|\n|t:|1649644256\n|move|p2a: Venusaur|Giga Drain|p1a: Ferrothorn\n|-resisted|p1a: Ferrothorn\n|-damage|p1a: Ferrothorn|95\/100 par\n|cant|p1a: Ferrothorn|par\n|\n|-heal|p1a: Ferrothorn|100\/100 par|[from] item: Leftovers\n|upkeep\n|turn|19\n|\n|t:|1649644262\n|move|p2a: Venusaur|Giga Drain|p1a: Ferrothorn\n|-resisted|p1a: Ferrothorn\n|-damage|p1a: Ferrothorn|95\/100 par\n|move|p1a: Ferrothorn|Stealth Rock|p2a: Venusaur\n|-sidestart|p2: FildrongEstNul|move: Stealth Rock\n|\n|-heal|p1a: Ferrothorn|100\/100 par|[from] item: Leftovers\n|upkeep\n|turn|20\n|\n|t:|1649644270\n|switch|p1a: Gliscor|Gliscor, M|100\/100 tox\n|move|p2a: Venusaur|Sludge Bomb|p1a: Gliscor\n|-resisted|p1a: Gliscor\n|-damage|p1a: Gliscor|83\/100 tox\n|\n|-heal|p1a: Gliscor|95\/100 tox|[from] ability: Poison Heal\n|upkeep\n|turn|21\n|\n|t:|1649644283\n|switch|p1a: Rotom|Rotom-Wash|100\/100\n|move|p2a: Venusaur|Sludge Bomb|p1a: Rotom\n|-damage|p1a: Rotom|65\/100\n|\n|upkeep\n|turn|22\n|\n|t:|1649644292\n|switch|p1a: Ferrothorn|Ferrothorn, F|100\/100 par\n|move|p2a: Venusaur|Sludge Bomb|p1a: Ferrothorn\n|-immune|p1a: Ferrothorn\n|\n|upkeep\n|turn|23\n|\n|t:|1649644298\n|move|p2a: Venusaur|Sludge Bomb|p1a: Ferrothorn\n|-immune|p1a: Ferrothorn\n|move|p1a: Ferrothorn|Gyro Ball|p2a: Venusaur\n|-damage|p2a: Venusaur|71\/100\n|\n|upkeep\n|turn|24\n|\n|t:|1649644304\n|move|p2a: Venusaur|Sludge Bomb|p1a: Ferrothorn\n|-immune|p1a: Ferrothorn\n|move|p1a: Ferrothorn|Gyro Ball|p2a: Venusaur\n|-damage|p2a: Venusaur|42\/100\n|\n|upkeep\n|turn|25\n|\n|t:|1649644312\n|switch|p1a: Blacephalon|Blacephalon|100\/100\n|move|p2a: Venusaur|Sludge Bomb|p1a: Blacephalon\n|-resisted|p1a: Blacephalon\n|-damage|p1a: Blacephalon|74\/100\n|\n|upkeep\n|turn|26\n|\n|t:|1649644318\n|switch|p2a: Chansey|Chansey, F|86\/100\n|-damage|p2a: Chansey|74\/100|[from] Stealth Rock\n|move|p1a: Blacephalon|Calm Mind|p1a: Blacephalon\n|-boost|p1a: Blacephalon|spa|1\n|-boost|p1a: Blacephalon|spd|1\n|\n|upkeep\n|turn|27\n|\n|t:|1649644325\n|move|p1a: Blacephalon|Substitute|p1a: Blacephalon\n|-start|p1a: Blacephalon|Substitute\n|-damage|p1a: Blacephalon|49\/100\n|move|p2a: Chansey|Thunder Wave||[still]\n|-fail|p2a: Chansey\n|\n|upkeep\n|turn|28\n|\n|t:|1649644330\n|move|p1a: Blacephalon|Calm Mind|p1a: Blacephalon\n|-boost|p1a: Blacephalon|spa|1\n|-boost|p1a: Blacephalon|spd|1\n|move|p2a: Chansey|Seismic Toss|p1a: Blacephalon\n|-immune|p1a: Blacephalon\n|\n|upkeep\n|turn|29\n|\n|t:|1649644336\n|move|p1a: Blacephalon|Calm Mind|p1a: Blacephalon\n|-boost|p1a: Blacephalon|spa|1\n|-boost|p1a: Blacephalon|spd|1\n|move|p2a: Chansey|Soft-Boiled|p2a: Chansey\n|-heal|p2a: Chansey|100\/100\n|\n|upkeep\n|turn|30\n|\n|t:|1649644341\n|move|p1a: Blacephalon|Calm Mind|p1a: Blacephalon\n|-boost|p1a: Blacephalon|spa|1\n|-boost|p1a: Blacephalon|spd|1\n|move|p2a: Chansey|Soft-Boiled||[still]\n|-fail|p2a: Chansey|heal\n|\n|upkeep\n|turn|31\n|\n|t:|1649644347\n|move|p1a: Blacephalon|Calm Mind|p1a: Blacephalon\n|-boost|p1a: Blacephalon|spa|1\n|-boost|p1a: Blacephalon|spd|1\n|move|p2a: Chansey|Soft-Boiled||[still]\n|-fail|p2a: Chansey|heal\n|\n|upkeep\n|turn|32\n|\n|t:|1649644352\n|move|p1a: Blacephalon|Calm Mind|p1a: Blacephalon\n|-boost|p1a: Blacephalon|spa|1\n|-boost|p1a: Blacephalon|spd|1\n|move|p2a: Chansey|Soft-Boiled||[still]\n|-fail|p2a: Chansey|heal\n|\n|upkeep\n|turn|33\n|\n|t:|1649644358\n|move|p1a: Blacephalon|Flamethrower|p2a: Chansey\n|-damage|p2a: Chansey|49\/100\n|-status|p2a: Chansey|brn\n|move|p2a: Chansey|Soft-Boiled|p2a: Chansey\n|-heal|p2a: Chansey|99\/100 brn\n|\n|-damage|p2a: Chansey|93\/100 brn|[from] brn\n|upkeep\n|turn|34\n|\n|t:|1649644366\n|move|p1a: Blacephalon|Flamethrower|p2a: Chansey\n|-damage|p2a: Chansey|40\/100 brn\n|move|p2a: Chansey|Soft-Boiled|p2a: Chansey\n|-heal|p2a: Chansey|90\/100 brn\n|\n|-damage|p2a: Chansey|84\/100 brn|[from] brn\n|upkeep\n|turn|35\n|\n|t:|1649644373\n|move|p1a: Blacephalon|Flamethrower|p2a: Chansey\n|-damage|p2a: Chansey|35\/100 brn\n|move|p2a: Chansey|Soft-Boiled|p2a: Chansey\n|-heal|p2a: Chansey|85\/100 brn\n|\n|-damage|p2a: Chansey|79\/100 brn|[from] brn\n|upkeep\n|turn|36\n|\n|t:|1649644380\n|move|p1a: Blacephalon|Flamethrower|p2a: Chansey\n|-damage|p2a: Chansey|29\/100 brn\n|move|p2a: Chansey|Soft-Boiled|p2a: Chansey\n|-heal|p2a: Chansey|79\/100 brn\n|\n|-damage|p2a: Chansey|72\/100 brn|[from] brn\n|upkeep\n|turn|37\n|\n|t:|1649644387\n|move|p1a: Blacephalon|Flamethrower|p2a: Chansey\n|-damage|p2a: Chansey|27\/100 brn\n|move|p2a: Chansey|Soft-Boiled|p2a: Chansey\n|-heal|p2a: Chansey|77\/100 brn\n|\n|-damage|p2a: Chansey|70\/100 brn|[from] brn\n|upkeep\n|turn|38\n|\n|t:|1649644394\n|move|p1a: Blacephalon|Flamethrower|p2a: Chansey\n|-damage|p2a: Chansey|19\/100 brn\n|move|p2a: Chansey|Soft-Boiled|p2a: Chansey\n|-heal|p2a: Chansey|69\/100 brn\n|\n|-damage|p2a: Chansey|63\/100 brn|[from] brn\n|upkeep\n|turn|39\n|\n|t:|1649644401\n|-curestatus|p2a: Chansey|brn|[from] ability: Natural Cure\n|switch|p2a: Keldeo|Keldeo|34\/100\n|-damage|p2a: Keldeo|27\/100|[from] Stealth Rock\n|move|p1a: Blacephalon|Flamethrower|p2a: Keldeo\n|-resisted|p2a: Keldeo\n|-damage|p2a: Keldeo|0 fnt\n|faint|p2a: Keldeo\n|-ability|p1a: Blacephalon|Beast Boost|boost\n|-boost|p1a: Blacephalon|spe|1\n|\n|upkeep\n|\n|t:|1649644401\n|switch|p2a: Venusaur|Venusaur-Mega, M|42\/100\n|-damage|p2a: Venusaur|29\/100|[from] Stealth Rock\n|turn|40\n|\n|t:|1649644414\n|move|p1a: Blacephalon|Shadow Ball|p2a: Venusaur\n|-crit|p2a: Venusaur\n|-damage|p2a: Venusaur|0 fnt\n|faint|p2a: Venusaur\n|-ability|p1a: Blacephalon|Beast Boost|boost\n|-boost|p1a: Blacephalon|spe|1\n|\n|upkeep\n|\n|t:|1649644414\n|switch|p2a: Skarmory|Skarmory, F|55\/100\n|-damage|p2a: Skarmory|42\/100|[from] Stealth Rock\n|turn|41\n|\n|t:|1649644422\n|move|p1a: Blacephalon|Shadow Ball|p2a: Skarmory\n|-damage|p2a: Skarmory|0 fnt\n|faint|p2a: Skarmory\n|-ability|p1a: Blacephalon|Beast Boost|boost\n|-boost|p1a: Blacephalon|spe|1\n|\n|upkeep\n|\n|t:|1649644422\n|switch|p2a: Bisharp|Bisharp, M|100\/100\n|-damage|p2a: Bisharp|95\/100|[from] Stealth Rock\n|turn|42\n|\n|t:|1649644431\n|switch|p2a: Chansey|Chansey, F|63\/100\n|-damage|p2a: Chansey|51\/100|[from] Stealth Rock\n|move|p1a: Blacephalon|Flamethrower|p2a: Chansey\n|-damage|p2a: Chansey|0 fnt\n|faint|p2a: Chansey\n|-ability|p1a: Blacephalon|Beast Boost|boost\n|-boost|p1a: Blacephalon|spe|1\n|\n|upkeep\n|\n|t:|1649644431\n|switch|p2a: Heatran|Heatran, F|100\/100\n|-damage|p2a: Heatran|88\/100|[from] Stealth Rock\n|turn|43\n|\n|t:|1649644442\n|-zpower|p1a: Blacephalon\n|move|p1a: Blacephalon|Never-Ending Nightmare|p2a: Heatran|[zeffect]\n|-damage|p2a: Heatran|0 fnt\n|faint|p2a: Heatran\n|-ability|p1a: Blacephalon|Beast Boost|boost\n|-boost|p1a: Blacephalon|spe|1\n|\n|upkeep\n|\n|t:|1649644442\n|switch|p2a: Bisharp|Bisharp, M|95\/100\n|-damage|p2a: Bisharp|89\/100|[from] Stealth Rock\n|turn|44\n|\n|t:|1649644453\n|move|p2a: Bisharp|Sucker Punch|p1a: Blacephalon\n|-supereffective|p1a: Blacephalon\n|-end|p1a: Blacephalon|Substitute\n|move|p1a: Blacephalon|Flamethrower|p2a: Bisharp\n|-supereffective|p2a: Bisharp\n|-damage|p2a: Bisharp|0 fnt\n|faint|p2a: Bisharp\n|\n|win|TestingTesting1\n|raw|TestingTesting1's rating: 1501 &rarr; <strong>1513<\/strong><br \/>(+12 for winning)\n|raw|FildrongEstNul's rating: 1356 &rarr; <strong>1344<\/strong><br \/>(-12 for losing)\n|l|\u203dFildrongEstNul\n|l| zjjjjjj\n","uploadtime":1649644461,"views":10,"p1id":"testingtesting1","p2id":"fildrongestnul","formatid":"gen7ou","rating":1344,"private":0,"password":null}