{"id":"gen7ou-943590253","p1":"JoJo321","p2":"stupid nooby","format":"gen7ou","log":"|j|\u2606JoJo321\n|j|\u2606stupid nooby\n|player|p1|JoJo321|265\n|player|p2|stupid nooby|92\n|teamsize|p1|6\n|teamsize|p2|6\n|gametype|singles\n|gen|7\n|tier|[Gen 7] OU\n|rated|\n|rule|Sleep Clause Mod: Limit one foe put to sleep\n|rule|Species Clause: Limit one of each Pok\u00e9mon\n|rule|OHKO Clause: OHKO moves are banned\n|rule|Moody Clause: Moody is banned\n|rule|Evasion Moves Clause: Evasion moves are banned\n|rule|Endless Battle Clause: Forcing endless battles is banned\n|rule|HP Percentage Mod: HP is shown in percentages\n|clearpoke\n|poke|p1|Stakataka|item\n|poke|p1|Magearna|item\n|poke|p1|Cresselia, F|item\n|poke|p1|Azumarill, M|item\n|poke|p1|Bronzong|item\n|poke|p1|Mawile, F|item\n|poke|p2|Marowak-Alola, F|item\n|poke|p2|Ursaring, F|item\n|poke|p2|Mawile, M|item\n|poke|p2|Porygon2|item\n|poke|p2|Slowbro, M|item\n|poke|p2|Magearna|item\n|teampreview\n|inactive|Battle timer is ON: inactive players will automatically lose when time's up. (requested by stupid nooby)\n|\n|start\n|switch|p1a: Bronzong|Bronzong|100\/100\n|switch|p2a: Terminator|Mawile, M|100\/100\n|-ability|p2a: Terminator|Intimidate|boost\n|-unboost|p1a: Bronzong|atk|1\n|turn|1\n|\n|detailschange|p2a: Terminator|Mawile-Mega, M\n|-mega|p2a: Terminator|Mawile|Mawilite\n|move|p2a: Terminator|Swords Dance|p2a: Terminator\n|-boost|p2a: Terminator|atk|2\n|move|p1a: Bronzong|Stealth Rock|p2a: Terminator\n|-sidestart|p2: stupid nooby|move: Stealth Rock\n|\n|upkeep\n|turn|2\n|\n|move|p2a: Terminator|Knock Off|p1a: Bronzong\n|-supereffective|p1a: Bronzong\n|-damage|p1a: Bronzong|0 fnt\n|-enditem|p1a: Bronzong|Mental Herb|[from] move: Knock Off|[of] p2a: Terminator\n|faint|p1a: Bronzong\n|\n|upkeep\n|\n|switch|p1a: Mawile|Mawile, F|100\/100\n|-ability|p1a: Mawile|Intimidate|boost\n|-unboost|p2a: Terminator|atk|1\n|turn|3\n|\n|detailschange|p1a: Mawile|Mawile-Mega, F\n|-mega|p1a: Mawile|Mawile|Mawilite\n|move|p2a: Terminator|Play Rough|p1a: Mawile\n|-resisted|p1a: Mawile\n|-crit|p1a: Mawile\n|-damage|p1a: Mawile|3\/100\n|move|p1a: Mawile|Play Rough|p2a: Terminator\n|-resisted|p2a: Terminator\n|-damage|p2a: Terminator|59\/100\n|\n|upkeep\n|turn|4\n|\n|move|p1a: Mawile|Sucker Punch|p2a: Terminator\n|-resisted|p2a: Terminator\n|-damage|p2a: Terminator|38\/100\n|move|p2a: Terminator|Knock Off|p1a: Mawile\n|-resisted|p1a: Mawile\n|-damage|p1a: Mawile|0 fnt\n|faint|p1a: Mawile\n|\n|upkeep\n|\n|switch|p1a: Magearna|Magearna|100\/100\n|turn|5\n|\n|switch|p2a: Deadpool|Marowak-Alola, F|100\/100\n|-damage|p2a: Deadpool|76\/100|[from] Stealth Rock\n|move|p1a: Magearna|Focus Blast|p2a: Deadpool\n|-immune|p2a: Deadpool\n|\n|upkeep\n|turn|6\n|\n|switch|p1a: Stakataka|Stakataka|100\/100\n|move|p2a: Deadpool|Shadow Bone|p1a: Stakataka\n|-damage|p1a: Stakataka|59\/100\n|\n|upkeep\n|turn|7\n|-message|JoJo321 forfeited.\n|\n|win|stupid nooby\n|l|\u2606JoJo321\n|raw|JoJo321's rating: 1759 &rarr; <strong>1736<\/strong><br \/>(-23 for losing)\n|raw|stupid nooby's rating: 1713 &rarr; <strong>1736<\/strong><br \/>(+23 for winning)\n","uploadtime":1562932426,"views":15,"p1id":"jojo321","p2id":"stupidnooby","formatid":"gen7ou","rating":1736,"private":0,"password":null}