{"id":"gen7ou-961039246","p1":"Lord cube","p2":"EmaEzequielMM","format":"gen7ou","log":"|j|\u2606Lord cube\n|j|\u2606EmaEzequielMM\n|player|p1|Lord cube|1|1326\n|player|p2|EmaEzequielMM|153|1379\n|teamsize|p1|6\n|teamsize|p2|6\n|gametype|singles\n|gen|7\n|tier|[Gen 7] OU\n|rated|\n|rule|Sleep Clause Mod: Limit one foe put to sleep\n|rule|Species Clause: Limit one of each Pok\u00e9mon\n|rule|OHKO Clause: OHKO moves are banned\n|rule|Moody Clause: Moody is banned\n|rule|Evasion Moves Clause: Evasion moves are banned\n|rule|Endless Battle Clause: Forcing endless battles is banned\n|rule|HP Percentage Mod: HP is shown in percentages\n|clearpoke\n|poke|p1|Togekiss, M|item\n|poke|p1|Darmanitan, F|item\n|poke|p1|Tapu Koko|item\n|poke|p1|Hawlucha, F|item\n|poke|p1|Empoleon, M|item\n|poke|p1|Latios, M|item\n|poke|p2|Slowking, M|item\n|poke|p2|Serperior, M|item\n|poke|p2|Magearna|item\n|poke|p2|Absol, M|item\n|poke|p2|Gliscor, M|item\n|poke|p2|Darmanitan, M|item\n|teampreview\n|inactive|Battle timer is ON: inactive players will automatically lose when time's up. (requested by Lord cube)\n|\n|start\n|switch|p1a: Empoleon|Empoleon, M|100\/100\n|switch|p2a: Gliscor|Gliscor, M|100\/100\n|turn|1\n|\n|switch|p2a: Magearna|Magearna|100\/100\n|move|p1a: Empoleon|Ice Beam|p2a: Magearna\n|-resisted|p2a: Magearna\n|-damage|p2a: Magearna|94\/100\n|\n|upkeep\n|turn|2\n|\n|switch|p1a: Latios|Latios, M|100\/100\n|move|p2a: Magearna|Aura Sphere|p1a: Latios\n|-resisted|p1a: Latios\n|-damage|p1a: Latios|84\/100\n|\n|upkeep\n|turn|3\n|\n|move|p1a: Latios|Earthquake|p2a: Magearna\n|-supereffective|p2a: Magearna\n|-damage|p2a: Magearna|45\/100\n|-damage|p1a: Latios|74\/100|[from] item: Life Orb\n|move|p2a: Magearna|Fleur Cannon|p1a: Latios\n|-supereffective|p1a: Latios\n|-damage|p1a: Latios|0 fnt\n|-unboost|p2a: Magearna|spa|2\n|faint|p1a: Latios\n|-ability|p2a: Magearna|Soul-Heart|boost\n|-boost|p2a: Magearna|spa|1\n|\n|upkeep\n|\n|switch|p1a: Darmanitan|Darmanitan, F|100\/100\n|turn|4\n|\n|switch|p2a: Slowking|Slowking, M|100\/100\n|move|p1a: Darmanitan|Flare Blitz|p2a: Slowking\n|-resisted|p2a: Slowking\n|-damage|p2a: Slowking|55\/100\n|-damage|p1a: Darmanitan|84\/100|[from] Recoil\n|\n|upkeep\n|turn|5\n|\n|switch|p1a: Tapu Koko|Tapu Koko|100\/100\n|-fieldstart|move: Electric Terrain|[from] ability: Electric Surge|[of] p1a: Tapu Koko\n|move|p2a: Slowking|Psyshock|p1a: Tapu Koko\n|-damage|p1a: Tapu Koko|41\/100\n|\n|upkeep\n|turn|6\n|\n|switch|p2a: Serperior|Serperior, M|100\/100\n|move|p1a: Tapu Koko|Volt Switch|p2a: Serperior\n|-resisted|p2a: Serperior\n|-damage|p2a: Serperior|76\/100\n|\n|switch|p1a: Darmanitan|Darmanitan, F|84\/100|[from]move: Volt Switch\n|\n|-heal|p2a: Serperior|82\/100|[from] item: Leftovers\n|upkeep\n|turn|7\n|\n|switch|p2a: Gliscor|Gliscor, M|100\/100\n|move|p1a: Darmanitan|Flare Blitz|p2a: Gliscor\n|-damage|p2a: Gliscor|48\/100\n|-damage|p1a: Darmanitan|66\/100|[from] Recoil\n|\n|-status|p2a: Gliscor|tox|[from] item: Toxic Orb\n|upkeep\n|turn|8\n|\n|switch|p2a: Slowking|Slowking, M|88\/100\n|move|p1a: Darmanitan|Flare Blitz|p2a: Slowking\n|-resisted|p2a: Slowking\n|-damage|p2a: Slowking|41\/100\n|-damage|p1a: Darmanitan|49\/100|[from] Recoil\n|\n|upkeep\n|turn|9\n|\n|move|p1a: Darmanitan|Flare Blitz|p2a: Slowking\n|-resisted|p2a: Slowking\n|-damage|p2a: Slowking|0 fnt\n|-damage|p1a: Darmanitan|34\/100|[from] Recoil\n|faint|p2a: Slowking\n|\n|-fieldend|move: Electric Terrain\n|upkeep\n|\n|switch|p2a: Darmanitan|Darmanitan, M|100\/100\n|turn|10\n|\n|switch|p1a: Tapu Koko|Tapu Koko|41\/100\n|-fieldstart|move: Electric Terrain|[from] ability: Electric Surge|[of] p1a: Tapu Koko\n|move|p2a: Darmanitan|Earthquake|p1a: Tapu Koko\n|-supereffective|p1a: Tapu Koko\n|-damage|p1a: Tapu Koko|0 fnt\n|faint|p1a: Tapu Koko\n|\n|upkeep\n|\n|switch|p1a: Togekiss|Togekiss, M|100\/100\n|turn|11\n|\n|switch|p2a: Gliscor|Gliscor, M|48\/100 tox\n|move|p1a: Togekiss|Thunder Wave|p2a: Gliscor\n|-immune|p2a: Gliscor\n|\n|-heal|p2a: Gliscor|60\/100 tox|[from] ability: Poison Heal\n|upkeep\n|turn|12\n|\n|move|p1a: Togekiss|Air Slash|p2a: Gliscor\n|-damage|p2a: Gliscor|21\/100 tox\n|cant|p2a: Gliscor|flinch\n|\n|-heal|p2a: Gliscor|34\/100 tox|[from] ability: Poison Heal\n|upkeep\n|turn|13\n|\n|switch|p2a: Magearna|Magearna|45\/100\n|move|p1a: Togekiss|Air Slash|p2a: Magearna\n|-resisted|p2a: Magearna\n|-damage|p2a: Magearna|35\/100\n|\n|upkeep\n|turn|14\n|inactive|Lord cube has 120 seconds left.\n|\n|switch|p1a: Empoleon|Empoleon, M|100\/100\n|move|p2a: Magearna|Flash Cannon|p1a: Empoleon\n|-resisted|p1a: Empoleon\n|-damage|p1a: Empoleon|91\/100\n|\n|-fieldend|move: Electric Terrain\n|upkeep\n|turn|15\n|inactive|Lord cube has 120 seconds left.\n|\n|move|p2a: Magearna|Aura Sphere|p1a: Empoleon\n|-supereffective|p1a: Empoleon\n|-damage|p1a: Empoleon|40\/100\n|move|p1a: Empoleon|Surf|p2a: Magearna\n|-damage|p2a: Magearna|15\/100\n|\n|upkeep\n|turn|16\n|inactive|Lord cube has 120 seconds left.\n|\n|move|p2a: Magearna|Aura Sphere|p1a: Empoleon\n|-supereffective|p1a: Empoleon\n|-damage|p1a: Empoleon|0 fnt\n|faint|p1a: Empoleon\n|-ability|p2a: Magearna|Soul-Heart|boost\n|-boost|p2a: Magearna|spa|1\n|\n|upkeep\n|\n|switch|p1a: Darmanitan|Darmanitan, F|34\/100\n|turn|17\n|\n|move|p1a: Darmanitan|Flare Blitz|p2a: Magearna\n|-supereffective|p2a: Magearna\n|-damage|p2a: Magearna|0 fnt\n|-damage|p1a: Darmanitan|29\/100|[from] Recoil\n|faint|p2a: Magearna\n|\n|upkeep\n|\n|switch|p2a: Darmanitan|Darmanitan, M|100\/100\n|turn|18\n|\n|switch|p1a: Hawlucha|Hawlucha, F|100\/100\n|move|p2a: Darmanitan|Flare Blitz|p1a: Hawlucha\n|-damage|p1a: Hawlucha|0 fnt\n|-damage|p2a: Darmanitan|73\/100|[from] Recoil\n|faint|p1a: Hawlucha\n|\n|upkeep\n|\n|switch|p1a: Darmanitan|Darmanitan, F|29\/100\n|turn|19\n|\n|switch|p2a: Gliscor|Gliscor, M|34\/100 tox\n|move|p1a: Darmanitan|Earthquake|p2a: Gliscor\n|-immune|p2a: Gliscor\n|\n|-heal|p2a: Gliscor|46\/100 tox|[from] ability: Poison Heal\n|upkeep\n|turn|20\n|\n|switch|p1a: Togekiss|Togekiss, M|100\/100\n|move|p2a: Gliscor|Poison Jab|p1a: Togekiss\n|-supereffective|p1a: Togekiss\n|-damage|p1a: Togekiss|71\/100\n|\n|-heal|p2a: Gliscor|59\/100 tox|[from] ability: Poison Heal\n|upkeep\n|turn|21\n|\n|move|p1a: Togekiss|Nasty Plot|p1a: Togekiss\n|-boost|p1a: Togekiss|spa|2\n|move|p2a: Gliscor|Roost|p2a: Gliscor\n|-heal|p2a: Gliscor|100\/100 tox\n|-singleturn|p2a: Gliscor|move: Roost\n|\n|upkeep\n|turn|22\n|\n|move|p1a: Togekiss|Roost|p1a: Togekiss\n|-heal|p1a: Togekiss|100\/100\n|-singleturn|p1a: Togekiss|move: Roost\n|move|p2a: Gliscor|Toxic|p1a: Togekiss\n|-status|p1a: Togekiss|tox\n|\n|-damage|p1a: Togekiss|94\/100 tox|[from] psn\n|upkeep\n|turn|23\n|\n|move|p1a: Togekiss|Air Slash|p2a: Gliscor\n|-damage|p2a: Gliscor|21\/100 tox\n|move|p2a: Gliscor|Roost|p2a: Gliscor\n|-heal|p2a: Gliscor|71\/100 tox\n|-singleturn|p2a: Gliscor|move: Roost\n|\n|-damage|p1a: Togekiss|82\/100 tox|[from] psn\n|-heal|p2a: Gliscor|83\/100 tox|[from] ability: Poison Heal\n|upkeep\n|turn|24\n|\n|move|p1a: Togekiss|Air Slash|p2a: Gliscor\n|-damage|p2a: Gliscor|0 fnt\n|faint|p2a: Gliscor\n|\n|-damage|p1a: Togekiss|64\/100 tox|[from] psn\n|upkeep\n|\n|switch|p2a: Darmanitan|Darmanitan, M|73\/100\n|turn|25\n|\n|move|p2a: Darmanitan|Flare Blitz|p1a: Togekiss\n|-damage|p1a: Togekiss|0 fnt\n|-damage|p2a: Darmanitan|50\/100|[from] Recoil\n|faint|p1a: Togekiss\n|\n|upkeep\n|\n|switch|p1a: Darmanitan|Darmanitan, F|29\/100\n|turn|26\n|\n|switch|p2a: Serperior|Serperior, M|82\/100\n|move|p1a: Darmanitan|Flare Blitz|p2a: Serperior\n|-supereffective|p2a: Serperior\n|-damage|p2a: Serperior|0 fnt\n|-damage|p1a: Darmanitan|7\/100|[from] Recoil\n|faint|p2a: Serperior\n|\n|upkeep\n|\n|switch|p2a: Absol|Absol, M|100\/100\n|turn|27\n|\n|detailschange|p2a: Absol|Absol-Mega, M\n|-mega|p2a: Absol|Absol|Absolite\n|move|p2a: Absol|Sucker Punch|p1a: Darmanitan\n|-damage|p1a: Darmanitan|0 fnt\n|faint|p1a: Darmanitan\n|\n|win|EmaEzequielMM\n|raw|Lord cube's rating: 1326 &rarr; <strong>1309<\/strong><br \/>(-17 for losing)\n|raw|EmaEzequielMM's rating: 1380 &rarr; <strong>1397<\/strong><br \/>(+17 for winning)\n|l|\u2606Lord cube\n","uploadtime":1565928019,"views":12,"p1id":"lordcube","p2id":"emaezequielmm","formatid":"gen7ou","rating":1309,"private":0,"password":null}