{"id":"gen7ou-799884033","p1":"coup0d0boule","p2":"BigL91","format":"gen7ou","log":"|j|\u2606coup0d0boule\n|j|\u2606BigL91\n|player|p1|coup0d0boule|169\n|player|p2|BigL91|135\n|teamsize|p1|6\n|teamsize|p2|6\n|gametype|singles\n|gen|7\n|tier|[Gen 7] OU\n|rated|\n|rule|Sleep Clause Mod: Limit one foe put to sleep\n|rule|Species Clause: Limit one of each Pok\u00e9mon\n|rule|OHKO Clause: OHKO moves are banned\n|rule|Moody Clause: Moody is banned\n|rule|Evasion Moves Clause: Evasion moves are banned\n|rule|Endless Battle Clause: Forcing endless battles is banned\n|rule|HP Percentage Mod: HP is shown in percentages\n|clearpoke\n|poke|p1|Greninja, F|item\n|poke|p1|Mew|item\n|poke|p1|Amoonguss, F|item\n|poke|p1|Krookodile, F|item\n|poke|p1|Medicham, M|item\n|poke|p1|Tentacruel, M|item\n|poke|p2|Mawile, F|item\n|poke|p2|Landorus-Therian, M|item\n|poke|p2|Ferrothorn, M|item\n|poke|p2|Zygarde|item\n|poke|p2|Greninja, M|item\n|poke|p2|Zapdos|item\n|teampreview\n|inactive|Battle timer is ON: inactive players will automatically lose when time's up. (requested by coup0d0boule)\n|\n|start\n|switch|p1a: Greninja|Greninja, F|100\/100\n|switch|p2a: Landorus|Landorus-Therian, M|100\/100\n|-ability|p2a: Landorus|Intimidate|boost\n|-unboost|p1a: Greninja|atk|1\n|turn|1\n|\n|switch|p2a: Ferrothorn|Ferrothorn, M|100\/100\n|move|p1a: Greninja|Ice Beam|p2a: Ferrothorn\n|-start|p1a: Greninja|typechange|Ice|[from] Protean\n|-damage|p2a: Ferrothorn|77\/100\n|\n|-heal|p2a: Ferrothorn|83\/100|[from] item: Leftovers\n|upkeep\n|turn|2\n|\n|switch|p1a: Tentacruel|Tentacruel, M|100\/100\n|move|p2a: Ferrothorn|Stealth Rock|p1a: Tentacruel\n|-sidestart|p1: coup0d0boule|move: Stealth Rock\n|\n|-heal|p2a: Ferrothorn|89\/100|[from] item: Leftovers\n|upkeep\n|turn|3\n|\n|move|p1a: Tentacruel|Rapid Spin|p2a: Ferrothorn\n|-resisted|p2a: Ferrothorn\n|-damage|p2a: Ferrothorn|88\/100\n|-damage|p1a: Tentacruel|88\/100|[from] ability: Iron Barbs|[of] p2a: Ferrothorn\n|-sideend|p1: coup0d0boule|Stealth Rock|[from] move: Rapid Spin|[of] p1a: Tentacruel\n|move|p2a: Ferrothorn|Thunder Wave|p1a: Tentacruel\n|-status|p1a: Tentacruel|par\n|\n|-heal|p2a: Ferrothorn|95\/100|[from] item: Leftovers\n|upkeep\n|turn|4\n|\n|switch|p1a: Medicham|Medicham, M|100\/100\n|move|p2a: Ferrothorn|Stealth Rock|p1a: Medicham\n|-sidestart|p1: coup0d0boule|move: Stealth Rock\n|\n|-heal|p2a: Ferrothorn|100\/100|[from] item: Leftovers\n|upkeep\n|turn|5\n|\n|switch|p2a: Zapdos|Zapdos|100\/100\n|detailschange|p1a: Medicham|Medicham-Mega, M\n|-mega|p1a: Medicham|Medicham|Medichamite\n|move|p1a: Medicham|Ice Punch|p2a: Zapdos\n|-supereffective|p2a: Zapdos\n|-damage|p2a: Zapdos|2\/100\n|-status|p2a: Zapdos|frz\n|\n|upkeep\n|turn|6\n|\n|move|p1a: Medicham|Ice Punch|p2a: Zapdos\n|-supereffective|p2a: Zapdos\n|-crit|p2a: Zapdos\n|-damage|p2a: Zapdos|0 frz\n|faint|p2a: Zapdos\n|\n|upkeep\n|\n|switch|p2a: Greninja|Greninja, M|100\/100\n|turn|7\n|\n|switch|p1a: Amoonguss|Amoonguss, F|100\/100\n|-damage|p1a: Amoonguss|88\/100|[from] Stealth Rock\n|move|p2a: Greninja|Hydro Pump|p1a: Amoonguss|[miss]\n|-miss|p2a: Greninja|p1a: Amoonguss\n|\n|-heal|p1a: Amoonguss|94\/100|[from] item: Black Sludge\n|upkeep\n|turn|8\n|\n|switch|p2a: Ferrothorn|Ferrothorn, M|100\/100\n|switch|p1a: Medicham|Medicham-Mega, M|100\/100\n|-damage|p1a: Medicham|94\/100|[from] Stealth Rock\n|\n|upkeep\n|turn|9\n|\n|switch|p2a: Landorus|Landorus-Therian, M|100\/100\n|-ability|p2a: Landorus|Intimidate|boost\n|-unboost|p1a: Medicham|atk|1\n|move|p1a: Medicham|Ice Punch|p2a: Landorus\n|-supereffective|p2a: Landorus\n|-damage|p2a: Landorus|0\n|faint|p2a: Landorus\n|\n|upkeep\n|\n|switch|p2a: Mawile|Mawile, F|100\/100\n|turn|10\n|\n|switch|p1a: Krookodile|Krookodile, F|100\/100\n|-damage|p1a: Krookodile|94\/100|[from] Stealth Rock\n|-ability|p1a: Krookodile|Intimidate|boost\n|-fail|p2a: Mawile|unboost|Attack|[from] ability: Hyper Cutter|[of] p2a: Mawile\n|detailschange|p2a: Mawile|Mawile-Mega, F\n|-mega|p2a: Mawile|Mawile|Mawilite\n|move|p2a: Mawile|Sucker Punch|p1a: Krookodile|[still]\n|-fail|p2a: Mawile\n|\n|upkeep\n|turn|11\n|\n|switch|p2a: Ferrothorn|Ferrothorn, M|100\/100\n|move|p1a: Krookodile|Earthquake|p2a: Ferrothorn\n|-damage|p2a: Ferrothorn|64\/100\n|\n|-heal|p2a: Ferrothorn|71\/100|[from] item: Leftovers\n|upkeep\n|turn|12\n|\n|switch|p1a: Tentacruel|Tentacruel, M|88\/100 par\n|-damage|p1a: Tentacruel|76\/100 par|[from] Stealth Rock\n|move|p2a: Ferrothorn|Thunder Wave|p1a: Tentacruel\n|-fail|p1a: Tentacruel|par\n|\n|-heal|p2a: Ferrothorn|77\/100|[from] item: Leftovers\n|upkeep\n|turn|13\n|\n|move|p1a: Tentacruel|Rapid Spin|p2a: Ferrothorn\n|-resisted|p2a: Ferrothorn\n|-crit|p2a: Ferrothorn\n|-damage|p2a: Ferrothorn|75\/100\n|-damage|p1a: Tentacruel|64\/100 par|[from] ability: Iron Barbs|[of] p2a: Ferrothorn\n|-sideend|p1: coup0d0boule|Stealth Rock|[from] move: Rapid Spin|[of] p1a: Tentacruel\n|move|p2a: Ferrothorn|Power Whip|p1a: Tentacruel\n|-damage|p1a: Tentacruel|0 par\n|faint|p1a: Tentacruel\n|\n|-heal|p2a: Ferrothorn|82\/100|[from] item: Leftovers\n|upkeep\n|\n|switch|p1a: Medicham|Medicham-Mega, M|94\/100\n|turn|14\n|\n|switch|p2a: Greninja|Greninja, M|100\/100\n|move|p1a: Medicham|Fake Out|p2a: Greninja\n|-damage|p2a: Greninja|65\/100\n|\n|upkeep\n|turn|15\n|\n|switch|p1a: Amoonguss|Amoonguss, F|100\/100\n|move|p2a: Greninja|Spikes|p1a: Amoonguss\n|-sidestart|p1: coup0d0boule|Spikes\n|\n|upkeep\n|turn|16\n|\n|switch|p2a: Zygarde|Zygarde|100\/100\n|-ability|p2a: Zygarde|Aura Break\n|move|p1a: Amoonguss|Hidden Power|p2a: Zygarde\n|-resisted|p2a: Zygarde\n|-damage|p2a: Zygarde|96\/100\n|\n|-heal|p2a: Zygarde|100\/100|[from] item: Leftovers\n|upkeep\n|turn|17\n|\n|switch|p1a: Mew|Mew|100\/100\n|-damage|p1a: Mew|88\/100|[from] Spikes\n|move|p2a: Zygarde|Substitute|p2a: Zygarde\n|-start|p2a: Zygarde|Substitute\n|-damage|p2a: Zygarde|75\/100\n|\n|-heal|p1a: Mew|94\/100|[from] item: Leftovers\n|-heal|p2a: Zygarde|82\/100|[from] item: Leftovers\n|upkeep\n|turn|18\n|\n|move|p1a: Mew|Ice Beam|p2a: Zygarde\n|-supereffective|p2a: Zygarde\n|-end|p2a: Zygarde|Substitute\n|move|p2a: Zygarde|Dragon Dance|p2a: Zygarde\n|-boost|p2a: Zygarde|atk|1\n|-boost|p2a: Zygarde|spe|1\n|\n|-heal|p2a: Zygarde|88\/100|[from] item: Leftovers\n|-heal|p1a: Mew|99\/100|[from] item: Leftovers\n|upkeep\n|turn|19\n|\n|switch|p2a: Mawile|Mawile-Mega, F|100\/100\n|move|p1a: Mew|Ice Beam|p2a: Mawile\n|-resisted|p2a: Mawile\n|-damage|p2a: Mawile|87\/100\n|\n|-heal|p1a: Mew|100\/100|[from] item: Leftovers\n|upkeep\n|turn|20\n|\n|move|p1a: Mew|Will-O-Wisp|p2a: Mawile\n|-status|p2a: Mawile|brn\n|move|p2a: Mawile|Play Rough|p1a: Mew\n|-damage|p1a: Mew|65\/100\n|\n|-heal|p1a: Mew|71\/100|[from] item: Leftovers\n|-damage|p2a: Mawile|81\/100 brn|[from] brn\n|upkeep\n|turn|21\n|\n|switch|p1a: Amoonguss|Amoonguss, F|100\/100\n|-damage|p1a: Amoonguss|88\/100|[from] Spikes\n|move|p2a: Mawile|Knock Off|p1a: Amoonguss\n|-damage|p1a: Amoonguss|63\/100\n|-enditem|p1a: Amoonguss|Black Sludge|[from] move: Knock Off|[of] p2a: Mawile\n|\n|-damage|p2a: Mawile|75\/100 brn|[from] brn\n|upkeep\n|turn|22\n|\n|switch|p2a: Ferrothorn|Ferrothorn, M|82\/100\n|move|p1a: Amoonguss|Hidden Power|p2a: Ferrothorn\n|-supereffective|p2a: Ferrothorn\n|-damage|p2a: Ferrothorn|49\/100\n|\n|-heal|p2a: Ferrothorn|55\/100|[from] item: Leftovers\n|upkeep\n|turn|23\n|\n|move|p1a: Amoonguss|Hidden Power|p2a: Ferrothorn\n|-supereffective|p2a: Ferrothorn\n|-damage|p2a: Ferrothorn|23\/100\n|move|p2a: Ferrothorn|Thunder Wave|p1a: Amoonguss\n|-status|p1a: Amoonguss|par\n|\n|-heal|p2a: Ferrothorn|29\/100|[from] item: Leftovers\n|upkeep\n|turn|24\n|\n|switch|p1a: Medicham|Medicham-Mega, M|94\/100\n|-damage|p1a: Medicham|82\/100|[from] Spikes\n|move|p2a: Ferrothorn|Stealth Rock|p1a: Medicham\n|-sidestart|p1: coup0d0boule|move: Stealth Rock\n|\n|-heal|p2a: Ferrothorn|36\/100|[from] item: Leftovers\n|upkeep\n|turn|25\n|\n|move|p1a: Medicham|High Jump Kick|p2a: Ferrothorn\n|-supereffective|p2a: Ferrothorn\n|-damage|p2a: Ferrothorn|0\n|-damage|p1a: Medicham|70\/100|[from] ability: Iron Barbs|[of] p2a: Ferrothorn\n|faint|p2a: Ferrothorn\n|\n|upkeep\n|\n|switch|p2a: Greninja|Greninja, M|65\/100\n|turn|26\n|\n|switch|p1a: Amoonguss|Amoonguss, F|97\/100 par\n|-damage|p1a: Amoonguss|84\/100 par|[from] Stealth Rock\n|-damage|p1a: Amoonguss|72\/100 par|[from] Spikes\n|move|p2a: Greninja|Dark Pulse|p1a: Amoonguss\n|-damage|p1a: Amoonguss|28\/100 par\n|\n|upkeep\n|turn|27\n|\n|switch|p1a: Greninja|Greninja, F|100\/100\n|-damage|p1a: Greninja|88\/100|[from] Spikes\n|-damage|p1a: Greninja|76\/100|[from] Stealth Rock\n|move|p2a: Greninja|Dark Pulse|p1a: Greninja\n|-resisted|p1a: Greninja\n|-damage|p1a: Greninja|26\/100\n|\n|upkeep\n|turn|28\n|\n|switch|p2a: Mawile|Mawile-Mega, F|75\/100 brn\n|move|p1a: Greninja|U-turn|p2a: Mawile\n|-start|p1a: Greninja|typechange|Bug|[from] Protean\n|-resisted|p2a: Mawile\n|-damage|p2a: Mawile|68\/100 brn\n|\n|switch|p1a: Krookodile|Krookodile, F|94\/100\n|-damage|p1a: Krookodile|88\/100|[from] Stealth Rock\n|-damage|p1a: Krookodile|76\/100|[from] Spikes\n|-ability|p1a: Krookodile|Intimidate|boost\n|-unboost|p2a: Mawile|atk|1\n|\n|-damage|p2a: Mawile|62\/100 brn|[from] brn\n|upkeep\n|turn|29\n|\n|move|p2a: Mawile|Sucker Punch|p1a: Krookodile\n|-resisted|p1a: Krookodile\n|-damage|p1a: Krookodile|66\/100\n|move|p1a: Krookodile|Earthquake|p2a: Mawile\n|-supereffective|p2a: Mawile\n|-crit|p2a: Mawile\n|-damage|p2a: Mawile|0 brn\n|faint|p2a: Mawile\n|\n|upkeep\n|\n|switch|p2a: Zygarde|Zygarde|88\/100\n|-ability|p2a: Zygarde|Aura Break\n|turn|30\n|\n|move|p1a: Krookodile|Earthquake|p2a: Zygarde\n|-damage|p2a: Zygarde|52\/100\n|move|p2a: Zygarde|Glare|p1a: Krookodile\n|-status|p1a: Krookodile|par\n|\n|-heal|p2a: Zygarde|59\/100|[from] item: Leftovers\n|upkeep\n|turn|31\n|\n|switch|p1a: Mew|Mew|71\/100\n|-damage|p1a: Mew|59\/100|[from] Stealth Rock\n|-damage|p1a: Mew|47\/100|[from] Spikes\n|move|p2a: Zygarde|Thousand Arrows|p1a: Mew\n|-damage|p1a: Mew|22\/100\n|\n|-heal|p1a: Mew|28\/100|[from] item: Leftovers\n|-heal|p2a: Zygarde|65\/100|[from] item: Leftovers\n|upkeep\n|turn|32\n|\n|move|p1a: Mew|Ice Beam|p2a: Zygarde\n|-supereffective|p2a: Zygarde\n|-crit|p2a: Zygarde\n|-damage|p2a: Zygarde|0\n|faint|p2a: Zygarde\n|\n|-heal|p1a: Mew|34\/100|[from] item: Leftovers\n|upkeep\n|\n|switch|p2a: Greninja|Greninja, M|65\/100\n|turn|33\n|\n|move|p2a: Greninja|Dark Pulse|p1a: Mew\n|-supereffective|p1a: Mew\n|-damage|p1a: Mew|0\n|faint|p1a: Mew\n|-activate|p2a: Greninja|ability: Battle Bond\n|detailschange|p2a: Greninja|Greninja-Ash, M\n|\n|upkeep\n|inactive|coup0d0boule has 120 seconds left.\n|inactive|coup0d0boule has 90 seconds left.\n|\n|switch|p1a: Greninja|Greninja, F|26\/100\n|-damage|p1a: Greninja|14\/100|[from] Stealth Rock\n|-damage|p1a: Greninja|2\/100|[from] Spikes\n|turn|34\n|\n|move|p1a: Greninja|U-turn|p2a: Greninja\n|-start|p1a: Greninja|typechange|Bug|[from] Protean\n|-supereffective|p2a: Greninja\n|-damage|p2a: Greninja|0\n|faint|p2a: Greninja\n|\n|win|coup0d0boule\n|l|\u2606BigL91\n","uploadtime":1535921765,"views":11,"p1id":"coup0d0boule","p2id":"bigl91","formatid":"gen7ou","rating":0,"private":0,"password":null}