{"id":"gen7ou-524847693","p1":"Candice","p2":"Im'Hamtaro","format":"gen7ou","log":"|j|Candice\n|j|Im'Hamtaro\n|player|p1|Candice|2\n|player|p2|Im'Hamtaro|137\n|gametype|singles\n|gen|7\n|tier|[Gen 7] OU\n|seed|41237,28452,2836,22285\n|clearpoke\n|poke|p1|Landorus-Therian, M|item\n|poke|p1|Charizard, F|item\n|poke|p1|Tapu Fini|item\n|poke|p1|Serperior, M|item\n|poke|p1|Tyranitar, M|item\n|poke|p1|Excadrill, F|item\n|poke|p2|Roserade, F|item\n|poke|p2|Heatran, F, shiny|item\n|poke|p2|Landorus-Therian, M|item\n|poke|p2|Charizard, M|item\n|poke|p2|Greninja, M|item\n|poke|p2|Tapu Fini|item\n|rule|Baton Pass Clause: Limit one Baton Passer, can't pass Spe and other stats simultaneously\n|rule|Sleep Clause Mod: Limit one foe put to sleep\n|rule|Species Clause: Limit one of each Pok\u00e9mon\n|rule|OHKO Clause: OHKO moves are banned\n|rule|Moody Clause: Moody is banned\n|rule|Evasion Moves Clause: Evasion moves are banned\n|rule|Endless Battle Clause: Forcing endless battles is banned\n|rule|HP Percentage Mod: HP is shown in percentages\n|teampreview\n|j|EkoFR\u25d5\u203f\u25d5\n|j|B00MAESTR0\n|l|EkoFR\u25d5\u203f\u25d5\n|j|Congolaismechant\n|j|Celysi(\u25d1_\u25d1)\n|j|terasieur\n|c|\u2605Im'Hamtaro|gl\n|choice|team 2, team 1, team 3, team 4, team 5, team 6|team 3, team 2, team 1, team 4, team 5, team 6\n|\n|start\n|switch|p1a: Charizard|Charizard, F|297\/297\n|switch|p2a: J'suisSp\u00e9!|Landorus-Therian, M|382\/382\n|-ability|p2a: J'suisSp\u00e9!|Intimidate|boost\n|-unboost|p1a: Charizard|atk|1\n|turn|1\n|c|\u2605Candice|Merci, toi aussi :)\n|c| terasieur|waw\n|j|gotenks sama rpz\n|c| terasieur|magique\n|l|Celysi(\u25d1_\u25d1)\n|j|Feudeuka\n|choice|switch 2|move stealthrock\n|\n|switch|p1a: Landorus|Landorus-Therian, M|319\/319\n|-ability|p1a: Landorus|Intimidate|boost\n|-unboost|p2a: J'suisSp\u00e9!|atk|1\n|move|p2a: J'suisSp\u00e9!|Stealth Rock|p1a: Landorus\n|-sidestart|p1: Candice|move: Stealth Rock\n|\n|upkeep\n|turn|2\n|j|seyli9\n|choice|move knockoff|move hiddenpower\n|\n|move|p1a: Landorus|Knock Off|p2a: J'suisSp\u00e9!\n|-damage|p2a: J'suisSp\u00e9!|291\/382\n|-enditem|p2a: J'suisSp\u00e9!|Leftovers|[from] move: Knock Off|[of] p1a: Landorus\n|move|p2a: J'suisSp\u00e9!|Hidden Power|p1a: Landorus\n|-supereffective|p1a: Landorus\n|-damage|p1a: Landorus|115\/319\n|\n|upkeep\n|turn|3\n|choice|switch 3|move uturn\n|\n|switch|p1a: Tapu Fini|Tapu Fini|343\/343\n|-damage|p1a: Tapu Fini|301\/343|[from] Stealth Rock\n|-fieldstart|move: Misty Terrain|[from] ability: Misty Surge|[of] p1a: Tapu Fini\n|move|p2a: J'suisSp\u00e9!|U-turn|p1a: Tapu Fini\n|-resisted|p1a: Tapu Fini\n|-damage|p1a: Tapu Fini|281\/343\n|c| seyli9|bonne chance\n|c| seyli9|a tous\n|l|terasieur\n|l|seyli9\n|choice||switch 2\n|\n|switch|p2a: Daisy|Heatran, F, shiny|323\/323\n|\n|-heal|p1a: Tapu Fini|302\/343|[from] item: Leftovers\n|upkeep\n|turn|4\n|choice|switch 5|move solarbeam zmove\n|\n|switch|p1a: Tyranitar|Tyranitar, M|403\/403\n|-damage|p1a: Tyranitar|353\/403|[from] Stealth Rock\n|-weather|Sandstorm|[from] ability: Sand Stream|[of] p1a: Tyranitar\n|-zpower|p2a: Daisy\n|move|p2a: Daisy|Bloom Doom|p1a: Tyranitar|[zeffect]\n|-supereffective|p1a: Tyranitar\n|-damage|p1a: Tyranitar|111\/403\n|\n|-weather|Sandstorm|[upkeep]\n|upkeep\n|turn|5\n|choice|switch 5|move earthpower\n|\n|switch|p1a: Tapu Fini|Tapu Fini|302\/343\n|-damage|p1a: Tapu Fini|260\/343|[from] Stealth Rock\n|move|p2a: Daisy|Earth Power|p1a: Tapu Fini\n|-damage|p1a: Tapu Fini|181\/343\n|\n|-weather|Sandstorm|[upkeep]\n|-damage|p1a: Tapu Fini|160\/343|[from] sandstorm\n|-heal|p1a: Tapu Fini|181\/343|[from] item: Leftovers\n|upkeep\n|turn|6\n|choice|move defog|move earthpower\n|\n|move|p2a: Daisy|Earth Power|p1a: Tapu Fini\n|-damage|p1a: Tapu Fini|107\/343\n|move|p1a: Tapu Fini|Defog|p2a: Daisy\n|-unboost|p2a: Daisy|evasion|1\n|-sideend|p1: Candice|Stealth Rock|[from] move: Defog|[of] p1a: Tapu Fini\n|\n|-weather|Sandstorm|[upkeep]\n|-damage|p1a: Tapu Fini|86\/343|[from] sandstorm\n|-heal|p1a: Tapu Fini|107\/343|[from] item: Leftovers\n|upkeep\n|turn|7\n|choice|switch 2|move stoneedge\n|\n|switch|p1a: Charizard|Charizard, F|297\/297\n|move|p2a: Daisy|Stone Edge|p1a: Charizard\n|-supereffective|p1a: Charizard\n|-damage|p1a: Charizard|0 fnt\n|faint|p1a: Charizard\n|\n|-weather|Sandstorm|[upkeep]\n|-fieldend|Misty Terrain\n|upkeep\n|c|\u2605Candice|haha\n|choice|switch 6|\n|\n|switch|p1a: Excadrill|Excadrill, F|361\/361\n|turn|8\n|choice|move swordsdance|switch 2\n|\n|switch|p2a: J'suisSp\u00e9!|Landorus-Therian, M|291\/382\n|-ability|p2a: J'suisSp\u00e9!|Intimidate|boost\n|-unboost|p1a: Excadrill|atk|1\n|move|p1a: Excadrill|Swords Dance|p1a: Excadrill\n|-boost|p1a: Excadrill|atk|2\n|\n|-weather|Sandstorm|[upkeep]\n|upkeep\n|turn|9\n|choice|move ironhead zmove|move earthquake\n|\n|-zpower|p1a: Excadrill\n|move|p1a: Excadrill|Corkscrew Crash|p2a: J'suisSp\u00e9!|[zeffect]\n|-damage|p2a: J'suisSp\u00e9!|0 fnt\n|faint|p2a: J'suisSp\u00e9!\n|\n|-weather|Sandstorm|[upkeep]\n|upkeep\n|c|\u2605Candice|j'ai fait un tr\u00e8s mauvais d\u00e9but :<\n|l|Im'Hamtaro\n|player|p2\n|c|\u2605Candice|oh non\n|c|\u2605Candice|reviens\n|j|Pyrogon\n|j|Im'Hamtaro\n|player|p2|Im'Hamtaro|137\n|choice||switch 6\n|\n|switch|p2a: P\u00eache aux rocs|Tapu Fini|343\/343\n|-fieldstart|move: Misty Terrain|[from] ability: Misty Surge|[of] p2a: P\u00eache aux rocs\n|turn|10\n|c|\u2605Im'Hamtaro|d\u00e9sol\u00e9\n|choice|move earthquake|move surf\n|\n|move|p1a: Excadrill|Earthquake|p2a: P\u00eache aux rocs\n|-damage|p2a: P\u00eache aux rocs|112\/343\n|move|p2a: P\u00eache aux rocs|Surf|p1a: Excadrill\n|-supereffective|p1a: Excadrill\n|-damage|p1a: Excadrill|79\/361\n|\n|-weather|Sandstorm|[upkeep]\n|-damage|p2a: P\u00eache aux rocs|91\/343|[from] sandstorm\n|-heal|p2a: P\u00eache aux rocs|112\/343|[from] item: Leftovers\n|upkeep\n|turn|11\n|l|gotenks sama rpz\n|choice|move ironhead|move surf\n|\n|move|p1a: Excadrill|Iron Head|p2a: P\u00eache aux rocs\n|-damage|p2a: P\u00eache aux rocs|0 fnt\n|faint|p2a: P\u00eache aux rocs\n|\n|-weather|none\n|upkeep\n|j|chafik\n|choice||switch 5\n|\n|switch|p2a: Pascontent|Greninja, M|285\/285\n|turn|12\n|j|Algebothekiller\n|choice|switch 4|move darkpulse\n|\n|switch|p1a: Serperior|Serperior, M|305\/305\n|move|p2a: Pascontent|Dark Pulse|p1a: Serperior\n|-damage|p1a: Serperior|115\/305\n|\n|-heal|p1a: Serperior|134\/305|[from] item: Leftovers\n|upkeep\n|turn|13\n|choice|move leafstorm|move darkpulse\n|\n|move|p2a: Pascontent|Dark Pulse|p1a: Serperior\n|-damage|p1a: Serperior|0 fnt\n|faint|p1a: Serperior\n|-activate|p2a: Pascontent|ability: Battle Bond\n|detailschange|p2a: Pascontent|Greninja-Ash, M\n|\n|upkeep\n|choice|switch 5|\n|\n|switch|p1a: Tyranitar|Tyranitar, M|111\/403\n|-weather|Sandstorm|[from] ability: Sand Stream|[of] p1a: Tyranitar\n|turn|14\n|choice|move stealthrock|switch 4\n|\n|switch|p2a: Spoil : X|Charizard, M|315\/315\n|move|p1a: Tyranitar|Stealth Rock|p2a: Spoil : X\n|-sidestart|p2: Im'Hamtaro|move: Stealth Rock\n|\n|-weather|Sandstorm|[upkeep]\n|-damage|p2a: Spoil : X|296\/315|[from] sandstorm\n|-fieldend|Misty Terrain\n|upkeep\n|turn|15\n|c| chafik|il est pas content du tout\n|choice|switch 3|move dragondance mega\n|\n|switch|p1a: Landorus|Landorus-Therian, M|115\/319\n|-ability|p1a: Landorus|Intimidate|boost\n|-unboost|p2a: Spoil : X|atk|1\n|detailschange|p2a: Spoil : X|Charizard-Mega-X, M\n|-mega|p2a: Spoil : X|Charizard|Charizardite X\n|move|p2a: Spoil : X|Dragon Dance|p2a: Spoil : X\n|-boost|p2a: Spoil : X|atk|1\n|-boost|p2a: Spoil : X|spe|1\n|\n|-weather|Sandstorm|[upkeep]\n|-damage|p2a: Spoil : X|277\/315|[from] sandstorm\n|upkeep\n|turn|16\n|c| chafik|ou la\n|choice|move earthquake|move flareblitz\n|\n|move|p2a: Spoil : X|Flare Blitz|p1a: Landorus\n|-damage|p1a: Landorus|0 fnt\n|-damage|p2a: Spoil : X|239\/315|[from] recoil|[of] p1a: Landorus\n|faint|p1a: Landorus\n|\n|-weather|Sandstorm|[upkeep]\n|-damage|p2a: Spoil : X|220\/315|[from] sandstorm\n|upkeep\n|c|\u2605Candice|not jolly plz\n|c|\u2605Candice|mdr\n|c|\u2605Candice|merde\n|c| chafik|oh l anticipation\n|choice|switch 4|\n|\n|switch|p1a: Excadrill|Excadrill, F|79\/361\n|turn|17\n|choice|move earthquake|move flareblitz\n|\n|move|p1a: Excadrill|Earthquake|p2a: Spoil : X\n|-supereffective|p2a: Spoil : X\n|-damage|p2a: Spoil : X|0 fnt\n|faint|p2a: Spoil : X\n|\n|-weather|Sandstorm|[upkeep]\n|upkeep\n|choice||switch 4\n|\n|switch|p2a: Pascontent|Greninja-Ash, M|285\/285\n|-damage|p2a: Pascontent|250\/285|[from] Stealth Rock\n|turn|18\n|c| chafik|ooh\n|choice|switch 3|move watershuriken\n|\n|switch|p1a: Tyranitar|Tyranitar, M|111\/403\n|move|p2a: Pascontent|Water Shuriken|p1a: Tyranitar\n|-supereffective|p1a: Tyranitar\n|-damage|p1a: Tyranitar|45\/403\n|-supereffective|p1a: Tyranitar\n|-damage|p1a: Tyranitar|0 fnt\n|-hitcount|p1a: Tyranitar|2\n|faint|p1a: Tyranitar\n|\n|-weather|Sandstorm|[upkeep]\n|-damage|p2a: Pascontent|233\/285|[from] sandstorm\n|upkeep\n|choice|switch 2|\n|\n|switch|p1a: Tapu Fini|Tapu Fini|107\/343\n|-fieldstart|move: Misty Terrain|[from] ability: Misty Surge|[of] p1a: Tapu Fini\n|turn|19\n|c|\u2605Candice|gg !\n|c|\u2605Candice|j'ai perdu\n|c|\u2605Candice|:D\n|choice|switch 3|switch 3\n|\n|switch|p2a: Agn\u00e8s|Roserade, F|321\/321\n|-damage|p2a: Agn\u00e8s|281\/321|[from] Stealth Rock\n|switch|p1a: Excadrill|Excadrill, F|79\/361\n|\n|-weather|Sandstorm|[upkeep]\n|-damage|p2a: Agn\u00e8s|261\/321|[from] sandstorm\n|-heal|p2a: Agn\u00e8s|281\/321|[from] item: Black Sludge\n|upkeep\n|turn|20\n|c|\u2605Im'Hamtaro|gg \u00e0 toi\n|choice|move earthquake|move gigadrain\n|\n|move|p1a: Excadrill|Earthquake|p2a: Agn\u00e8s\n|-damage|p2a: Agn\u00e8s|0 fnt\n|faint|p2a: Agn\u00e8s\n|\n|-weather|Sandstorm|[upkeep]\n|upkeep\n|choice||switch 3\n|\n|switch|p2a: Pascontent|Greninja-Ash, M|233\/285\n|-damage|p2a: Pascontent|198\/285|[from] Stealth Rock\n|turn|21\n|choice|move earthquake|move watershuriken\n|\n|move|p2a: Pascontent|Water Shuriken|p1a: Excadrill\n|-supereffective|p1a: Excadrill\n|-damage|p1a: Excadrill|0 fnt\n|-hitcount|p1a: Excadrill|1\n|faint|p1a: Excadrill\n|\n|-weather|none\n|upkeep\n|choice|switch 3|\n|\n|switch|p1a: Tapu Fini|Tapu Fini|107\/343\n|turn|22\n|c| chafik|dmg\n|choice|move naturesmadness|move watershuriken\n|\n|move|p2a: Pascontent|Water Shuriken|p1a: Tapu Fini\n|-resisted|p1a: Tapu Fini\n|-damage|p1a: Tapu Fini|86\/343\n|-resisted|p1a: Tapu Fini\n|-crit|p1a: Tapu Fini\n|-damage|p1a: Tapu Fini|56\/343\n|-resisted|p1a: Tapu Fini\n|-damage|p1a: Tapu Fini|33\/343\n|-hitcount|p1a: Tapu Fini|3\n|move|p1a: Tapu Fini|Nature's Madness|p2a: Pascontent\n|-damage|p2a: Pascontent|99\/285\n|\n|-heal|p1a: Tapu Fini|54\/343|[from] item: Leftovers\n|upkeep\n|turn|23\n|choice|move scald|move watershuriken\n|\n|move|p2a: Pascontent|Water Shuriken|p1a: Tapu Fini\n|-resisted|p1a: Tapu Fini\n|-damage|p1a: Tapu Fini|31\/343\n|-resisted|p1a: Tapu Fini\n|-damage|p1a: Tapu Fini|11\/343\n|-resisted|p1a: Tapu Fini\n|-damage|p1a: Tapu Fini|0 fnt\n|-hitcount|p1a: Tapu Fini|3\n|faint|p1a: Tapu Fini\n|\n|win|Im'Hamtaro\n|player|p1\n|player|p2\n|l|Candice\n|l|chafik\n|l|Feudeuka\n|l|Algebothekiller","inputlog":null,"uploadtime":1485612812,"views":1,"p1id":"candice","p2id":"imhamtaro","formatid":"gen7ou","rating":0,"private":0,"password":null}