{"id":"gen7uu-1571470707","p1":"Sir Fresh","p2":"Scyche","format":"gen7uu","log":"|j|\u2606Sir Fresh\n|j|\u2606Scyche\n|t:|1652155705\n|gametype|singles\n|player|p1|Sir Fresh|palmer|\n|player|p2|Scyche|grimsley-gen7|\n|teamsize|p1|6\n|teamsize|p2|6\n|gen|7\n|tier|[Gen 7] UU\n|rule|Sleep Clause Mod: Limit one foe put to sleep\n|rule|Species Clause: Limit one of each Pok\u00e9mon\n|rule|OHKO Clause: OHKO moves are banned\n|rule|Moody Clause: Moody is banned\n|rule|Evasion Moves Clause: Evasion moves are banned\n|rule|Endless Battle Clause: Forcing endless battles is banned\n|rule|HP Percentage Mod: HP is shown in percentages\n|clearpoke\n|poke|p1|Infernape, M|item\n|poke|p1|Lucario, M|item\n|poke|p1|Absol, M|item\n|poke|p1|Milotic, F|item\n|poke|p1|Flygon, M|item\n|poke|p1|Gardevoir, F|item\n|poke|p2|Omastar, M|item\n|poke|p2|Galvantula, F|item\n|poke|p2|Scizor, F|item\n|poke|p2|Doublade, F|item\n|poke|p2|Primarina, F|item\n|poke|p2|Hydreigon, M|item\n|teampreview\n|c|\u2606Sir Fresh|Glhf\n|c|\u2606Scyche|You too\n|\n|t:|1652155726\n|start\n|switch|p1a: Corvo|Absol, M|100\/100\n|switch|p2a: Galvantula|Galvantula, F, shiny|100\/100\n|turn|1\n|\n|t:|1652155731\n|detailschange|p1a: Corvo|Absol-Mega, M\n|-mega|p1a: Corvo|Absol|Absolite\n|move|p1a: Corvo|Knock Off|p2a: Galvantula\n|-damage|p2a: Galvantula|2\/100\n|-enditem|p2a: Galvantula|Life Orb|[from] move: Knock Off|[of] p1a: Corvo\n|move|p2a: Galvantula|Bug Buzz|p1a: Corvo\n|-supereffective|p1a: Corvo\n|-damage|p1a: Corvo|0 fnt\n|faint|p1a: Corvo\n|\n|upkeep\n|inactive|Battle timer is ON: inactive players will automatically lose when time's up. (requested by Scyche)\n|\n|t:|1652155743\n|switch|p1a: Luffy|Infernape, M|100\/100\n|turn|2\n|\n|t:|1652155747\n|switch|p2a: Doublade|Doublade, F, shiny|100\/100\n|move|p1a: Luffy|U-turn|p2a: Doublade\n|-resisted|p2a: Doublade\n|-damage|p2a: Doublade|98\/100\n|\n|t:|1652155753\n|switch|p1a: Katara|Milotic, F|100\/100|[from]move: U-turn\n|\n|upkeep\n|turn|3\n|\n|t:|1652155762\n|move|p1a: Katara|Scald|p2a: Doublade\n|-damage|p2a: Doublade|64\/100\n|move|p2a: Doublade|Swords Dance|p2a: Doublade\n|-boost|p2a: Doublade|atk|2\n|\n|upkeep\n|turn|4\n|\n|t:|1652155772\n|move|p1a: Katara|Haze|p1a: Katara\n|-clearallboost\n|move|p2a: Doublade|Sacred Sword|p1a: Katara\n|-damage|p1a: Katara|77\/100\n|-damage|p2a: Doublade|48\/100|[from] item: Rocky Helmet|[of] p1a: Katara\n|\n|upkeep\n|turn|5\n|\n|t:|1652155779\n|switch|p2a: Primarina|Primarina, F, shiny|100\/100\n|move|p1a: Katara|Scald|p2a: Primarina\n|-resisted|p2a: Primarina\n|-damage|p2a: Primarina|87\/100\n|-status|p2a: Primarina|brn\n|\n|-damage|p2a: Primarina|81\/100 brn|[from] brn\n|upkeep\n|turn|6\n|\n|t:|1652155786\n|switch|p1a: Zelda|Gardevoir, F|100\/100\n|-ability|p1a: Zelda|Torrent|[from] ability: Trace|[of] p2a: Primarina\n|move|p2a: Primarina|Sparkling Aria|p1a: Zelda\n|-crit|p1a: Zelda\n|-damage|p1a: Zelda|36\/100\n|\n|-damage|p2a: Primarina|75\/100 brn|[from] brn\n|upkeep\n|turn|7\n|\n|t:|1652155799\n|move|p2a: Primarina|Sparkling Aria|p1a: Zelda\n|-damage|p1a: Zelda|0 fnt\n|faint|p1a: Zelda\n|\n|-damage|p2a: Primarina|69\/100 brn|[from] brn\n|upkeep\n|\n|t:|1652155812\n|switch|p1a: Katara|Milotic, F|77\/100\n|turn|8\n|inactive|Scyche has 270 seconds left.\n|\n|t:|1652155861\n|switch|p2a: Hydreigon|Hydreigon, M, shiny|100\/100\n|move|p1a: Katara|Scald|p2a: Hydreigon\n|-resisted|p2a: Hydreigon\n|-damage|p2a: Hydreigon|84\/100\n|-status|p2a: Hydreigon|brn\n|\n|-damage|p2a: Hydreigon|78\/100 brn|[from] brn\n|upkeep\n|turn|9\n|\n|t:|1652155864\n|move|p2a: Hydreigon|Dark Pulse|p1a: Katara\n|-damage|p1a: Katara|47\/100\n|cant|p1a: Katara|flinch\n|\n|-damage|p2a: Hydreigon|72\/100 brn|[from] brn\n|upkeep\n|turn|10\n|inactive|Scyche has 270 seconds left.\n|\n|t:|1652155878\n|move|p2a: Hydreigon|Dark Pulse|p1a: Katara\n|-damage|p1a: Katara|18\/100\n|move|p1a: Katara|Recover|p1a: Katara\n|-heal|p1a: Katara|68\/100\n|\n|-damage|p2a: Hydreigon|66\/100 brn|[from] brn\n|upkeep\n|turn|11\n|\n|t:|1652155882\n|move|p2a: Hydreigon|Dark Pulse|p1a: Katara\n|-damage|p1a: Katara|39\/100\n|move|p1a: Katara|Recover|p1a: Katara\n|-heal|p1a: Katara|89\/100\n|\n|-damage|p2a: Hydreigon|59\/100 brn|[from] brn\n|upkeep\n|turn|12\n|\n|t:|1652155888\n|switch|p2a: Galvantula|Galvantula, F, shiny|2\/100\n|switch|p1a: Luffy|Infernape, M|100\/100\n|\n|upkeep\n|turn|13\n|\n|t:|1652155893\n|move|p1a: Luffy|U-turn|p2a: Galvantula\n|-damage|p2a: Galvantula|0 fnt\n|faint|p2a: Galvantula\n|\n|t:|1652155900\n|switch|p1a: Katara|Milotic, F|89\/100|[from]move: U-turn\n|\n|upkeep\n|\n|t:|1652155908\n|switch|p2a: Omastar|Omastar, M, shiny|100\/100\n|turn|14\n|\n|t:|1652155912\n|move|p2a: Omastar|Shell Smash|p2a: Omastar\n|-unboost|p2a: Omastar|def|1\n|-unboost|p2a: Omastar|spd|1\n|-boost|p2a: Omastar|atk|2\n|-boost|p2a: Omastar|spa|2\n|-boost|p2a: Omastar|spe|2\n|-enditem|p2a: Omastar|White Herb\n|-clearnegativeboost|p2a: Omastar|[silent]\n|move|p1a: Katara|Scald|p2a: Omastar\n|-damage|p2a: Omastar|59\/100\n|\n|upkeep\n|turn|15\n|\n|t:|1652155915\n|move|p2a: Omastar|Ice Beam|p1a: Katara\n|-resisted|p1a: Katara\n|-damage|p1a: Katara|66\/100\n|move|p1a: Katara|Haze|p1a: Katara\n|-clearallboost\n|\n|upkeep\n|turn|16\n|\n|t:|1652155918\n|move|p2a: Omastar|Stealth Rock|p1a: Katara\n|-sidestart|p1: Sir Fresh|move: Stealth Rock\n|move|p1a: Katara|Scald|p2a: Omastar\n|-damage|p2a: Omastar|14\/100\n|\n|upkeep\n|turn|17\n|\n|t:|1652155924\n|switch|p2a: Primarina|Primarina, F, shiny|69\/100 brn\n|move|p1a: Katara|Recover|p1a: Katara\n|-heal|p1a: Katara|100\/100\n|\n|-damage|p2a: Primarina|63\/100 brn|[from] brn\n|upkeep\n|turn|18\n|\n|t:|1652155931\n|move|p2a: Primarina|Moonblast|p1a: Katara\n|-damage|p1a: Katara|48\/100\n|-unboost|p1a: Katara|spa|1\n|move|p1a: Katara|Recover|p1a: Katara\n|-heal|p1a: Katara|98\/100\n|\n|-damage|p2a: Primarina|57\/100 brn|[from] brn\n|upkeep\n|turn|19\n|\n|t:|1652155943\n|switch|p1a: Luffy|Infernape, M|100\/100\n|-damage|p1a: Luffy|88\/100|[from] Stealth Rock\n|move|p2a: Primarina|Moonblast|p1a: Luffy\n|-damage|p1a: Luffy|0 fnt\n|faint|p1a: Luffy\n|\n|-damage|p2a: Primarina|51\/100 brn|[from] brn\n|upkeep\n|\n|t:|1652155951\n|switch|p1a: Eragon|Flygon, M|100\/100\n|-damage|p1a: Eragon|94\/100|[from] Stealth Rock\n|turn|20\n|\n|t:|1652155971\n|move|p1a: Eragon|Earthquake|p2a: Primarina\n|-damage|p2a: Primarina|0 fnt\n|faint|p2a: Primarina\n|\n|-heal|p1a: Eragon|100\/100|[from] item: Leftovers\n|upkeep\n|\n|t:|1652155975\n|switch|p2a: Hydreigon|Hydreigon, M, shiny|59\/100 brn\n|turn|21\n|\n|t:|1652155979\n|move|p2a: Hydreigon|Draco Meteor|p1a: Eragon\n|-supereffective|p1a: Eragon\n|-damage|p1a: Eragon|1\/100\n|-unboost|p2a: Hydreigon|spa|2\n|move|p1a: Eragon|Dragon Claw|p2a: Hydreigon\n|-supereffective|p2a: Hydreigon\n|-damage|p2a: Hydreigon|0 fnt\n|faint|p2a: Hydreigon\n|\n|-heal|p1a: Eragon|7\/100|[from] item: Leftovers\n|upkeep\n|\n|t:|1652155987\n|switch|p2a: Scizor|Scizor, F, shiny|100\/100\n|turn|22\n|\n|t:|1652155991\n|move|p2a: Scizor|Bullet Punch|p1a: Eragon\n|-damage|p1a: Eragon|0 fnt\n|faint|p1a: Eragon\n|\n|upkeep\n|\n|t:|1652155995\n|switch|p1a: Katara|Milotic, F|98\/100\n|-damage|p1a: Katara|86\/100|[from] Stealth Rock\n|turn|23\n|\n|t:|1652156001\n|switch|p2a: Omastar|Omastar, M, shiny|14\/100\n|move|p1a: Katara|Scald|p2a: Omastar\n|-damage|p2a: Omastar|0 fnt\n|faint|p2a: Omastar\n|\n|upkeep\n|\n|t:|1652156004\n|switch|p2a: Scizor|Scizor, F, shiny|100\/100\n|turn|24\n|\n|t:|1652156013\n|move|p2a: Scizor|U-turn|p1a: Katara\n|-damage|p1a: Katara|45\/100\n|-damage|p2a: Scizor|84\/100|[from] item: Rocky Helmet|[of] p1a: Katara\n|\n|t:|1652156015\n|switch|p2a: Doublade|Doublade, F, shiny|48\/100|[from]move: U-turn\n|move|p1a: Katara|Scald|p2a: Doublade\n|-damage|p2a: Doublade|15\/100\n|\n|upkeep\n|turn|25\n|\n|t:|1652156019\n|move|p2a: Doublade|Shadow Sneak|p1a: Katara\n|-damage|p1a: Katara|31\/100\n|-damage|p2a: Doublade|0 fnt|[from] item: Rocky Helmet|[of] p1a: Katara\n|faint|p2a: Doublade\n|move|p1a: Katara|Recover|p1a: Katara\n|-heal|p1a: Katara|81\/100\n|\n|upkeep\n|\n|t:|1652156021\n|switch|p2a: Scizor|Scizor, F, shiny|84\/100\n|turn|26\n|\n|t:|1652156024\n|move|p2a: Scizor|Bullet Punch|p1a: Katara\n|-resisted|p1a: Katara\n|-damage|p1a: Katara|62\/100\n|-damage|p2a: Scizor|68\/100|[from] item: Rocky Helmet|[of] p1a: Katara\n|move|p1a: Katara|Scald|p2a: Scizor\n|-damage|p2a: Scizor|29\/100\n|-status|p2a: Scizor|brn\n|\n|-damage|p2a: Scizor|23\/100 brn|[from] brn\n|upkeep\n|turn|27\n|c|\u2606Sir Fresh|Gg\n|\n|t:|1652156030\n|move|p2a: Scizor|Bullet Punch|p1a: Katara\n|-resisted|p1a: Katara\n|-damage|p1a: Katara|53\/100\n|-damage|p2a: Scizor|7\/100 brn|[from] item: Rocky Helmet|[of] p1a: Katara\n|move|p1a: Katara|Scald|p2a: Scizor\n|-damage|p2a: Scizor|0 fnt\n|faint|p2a: Scizor\n|\n|win|Sir Fresh\n|c|\u2606Scyche|gg\n","uploadtime":1652156040,"views":12,"p1id":"sirfresh","p2id":"scyche","formatid":"gen7uu","rating":0,"private":0,"password":null}