{"id":"gen7ou-1677109910","p1":"Lucians Call","p2":"Misterioussaint","format":"gen7ou","log":"|j|\u2606Lucians Call\n|j|\u2606Misterioussaint\n|t:|1664854225\n|gametype|singles\n|player|p1|Lucians Call|furisodegirl-blue|\n|player|p2|Misterioussaint|furisodegirl-black|\n|teamsize|p1|6\n|teamsize|p2|6\n|gen|7\n|tier|[Gen 7] OU\n|rule|Sleep Clause Mod: Limit one foe put to sleep\n|rule|Species Clause: Limit one of each Pok\u00e9mon\n|rule|OHKO Clause: OHKO moves are banned\n|rule|Moody Clause: Moody is banned\n|rule|Evasion Items Clause: Evasion items are banned\n|rule|Evasion Moves Clause: Evasion moves are banned\n|rule|Endless Battle Clause: Forcing endless battles is banned\n|rule|HP Percentage Mod: HP is shown in percentages\n|clearpoke\n|poke|p1|Greninja, M|item\n|poke|p1|Medicham, F|item\n|poke|p1|Landorus-Therian, M|item\n|poke|p1|Vikavolt, F|item\n|poke|p1|Heatran, M|item\n|poke|p1|Magearna|item\n|poke|p2|Gyarados, M|item\n|poke|p2|Mandibuzz, F|item\n|poke|p2|Zapdos|item\n|poke|p2|Marowak-Alola, F|item\n|poke|p2|Magearna|item\n|poke|p2|Kartana|item\n|teampreview\n|inactive|Battle timer is ON: inactive players will automatically lose when time's up. (requested by Lucians Call)\n|\n|t:|1664854254\n|start\n|switch|p1a: Medicham|Medicham, F|100\/100\n|switch|p2a: Gyarados|Gyarados, M|100\/100\n|-ability|p2a: Gyarados|Intimidate|boost\n|-unboost|p1a: Medicham|atk|1\n|turn|1\n|\n|t:|1664854260\n|switch|p2a: Marowak|Marowak-Alola, F|100\/100\n|switch|p1a: Vikavolt|Vikavolt, F|100\/100\n|\n|upkeep\n|turn|2\n|inactive|Misterioussaint has 270 seconds left.\n|inactive|Misterioussaint has 240 seconds left.\n|inactive|Misterioussaint has 210 seconds left.\n|inactive|Misterioussaint has 180 seconds left.\n|inactive|Misterioussaint has 150 seconds left.\n|\n|t:|1664854422\n|switch|p1a: Greninja|Greninja, M|100\/100\n|move|p2a: Marowak|Flare Blitz|p1a: Greninja\n|-resisted|p1a: Greninja\n|-damage|p1a: Greninja|30\/100\n|-status|p1a: Greninja|brn\n|-damage|p2a: Marowak|80\/100|[from] Recoil\n|\n|-damage|p1a: Greninja|24\/100 brn|[from] brn\n|upkeep\n|turn|3\n|\n|t:|1664854430\n|move|p1a: Greninja|Spikes|p2a: Marowak\n|-sidestart|p2: Misterioussaint|Spikes\n|move|p2a: Marowak|Stealth Rock|p1a: Greninja\n|-sidestart|p1: Lucians Call|move: Stealth Rock\n|\n|-damage|p1a: Greninja|18\/100 brn|[from] brn\n|upkeep\n|turn|4\n|inactive|Misterioussaint has 150 seconds left.\n|\n|t:|1664854447\n|move|p1a: Greninja|Spikes|p2a: Marowak\n|-sidestart|p2: Misterioussaint|Spikes\n|move|p2a: Marowak|Will-O-Wisp|p1a: Greninja|[miss]\n|-miss|p2a: Marowak|p1a: Greninja\n|\n|-damage|p1a: Greninja|12\/100 brn|[from] brn\n|upkeep\n|turn|5\n|\n|t:|1664854453\n|move|p1a: Greninja|Spikes|p2a: Marowak\n|-sidestart|p2: Misterioussaint|Spikes\n|move|p2a: Marowak|Shadow Bone|p1a: Greninja\n|-resisted|p1a: Greninja\n|-damage|p1a: Greninja|0 fnt\n|faint|p1a: Greninja\n|\n|upkeep\n|\n|t:|1664854475\n|switch|p1a: Medicham|Medicham, F|100\/100\n|-damage|p1a: Medicham|94\/100|[from] Stealth Rock\n|turn|6\n|inactive|Misterioussaint has 150 seconds left.\n|\n|t:|1664854512\n|detailschange|p1a: Medicham|Medicham-Mega, F\n|-mega|p1a: Medicham|Medicham|Medichamite\n|move|p1a: Medicham|Zen Headbutt|p2a: Marowak\n|-damage|p2a: Marowak|18\/100\n|move|p2a: Marowak|Shadow Bone|p1a: Medicham\n|-supereffective|p1a: Medicham\n|-damage|p1a: Medicham|0 fnt\n|faint|p1a: Medicham\n|\n|upkeep\n|\n|t:|1664854518\n|switch|p1a: Vikavolt|Vikavolt, F|100\/100\n|-damage|p1a: Vikavolt|76\/100|[from] Stealth Rock\n|turn|7\n|\n|t:|1664854524\n|move|p1a: Vikavolt|Bug Buzz|p2a: Marowak\n|-resisted|p2a: Marowak\n|-damage|p2a: Marowak|2\/100\n|move|p2a: Marowak|Flare Blitz|p1a: Vikavolt\n|-supereffective|p1a: Vikavolt\n|-damage|p1a: Vikavolt|0 fnt\n|faint|p1a: Vikavolt\n|-damage|p2a: Marowak|0 fnt|[from] Recoil\n|faint|p2a: Marowak\n|\n|upkeep\n|inactive|Misterioussaint has 150 seconds left.\n|-message|Lucians Call forfeited.\n|\n|win|Misterioussaint\n|l|\u2606Lucians Call\n","uploadtime":1664854538,"views":35,"p1id":"lucianscall","p2id":"misterioussaint","formatid":"gen7ou","rating":0,"private":0,"password":null}