{"id":"gen7ou-715009676","p1":"Gotham Paladin","p2":"Anthenden","format":"gen7ou","log":"|j|\u2606Gotham Paladin\n|j|\u2606Anthenden\n|player|p1|Gotham Paladin|283\n|player|p2|Anthenden|249\n|teamsize|p1|6\n|teamsize|p2|6\n|gametype|singles\n|gen|7\n|tier|[Gen 7] OU\n|rated|\n|rule|Sleep Clause Mod: Limit one foe put to sleep\n|rule|Species Clause: Limit one of each Pok\u00e9mon\n|rule|OHKO Clause: OHKO moves are banned\n|rule|Moody Clause: Moody is banned\n|rule|Evasion Moves Clause: Evasion moves are banned\n|rule|Endless Battle Clause: Forcing endless battles is banned\n|rule|HP Percentage Mod: HP is shown in percentages\n|clearpoke\n|poke|p1|Kartana|item\n|poke|p1|Muk-Alola, M|item\n|poke|p1|Landorus-Therian, M|item\n|poke|p1|Tapu Lele|item\n|poke|p1|Keldeo-Resolute|item\n|poke|p1|Manectric, M|item\n|poke|p2|Alakazam, F|item\n|poke|p2|Clefable, M|item\n|poke|p2|Heatran, M|item\n|poke|p2|Garchomp, F|item\n|poke|p2|Zapdos|item\n|poke|p2|Greninja, F|item\n|teampreview\n|j| DanioICE31\n|l| DanioICE31\n|\n|start\n|switch|p1a: Tapu Lele|Tapu Lele|100\/100\n|switch|p2a: Greninja|Greninja, F|100\/100\n|-fieldstart|move: Psychic Terrain|[from] ability: Psychic Surge|[of] p1a: Tapu Lele\n|turn|1\n|\n|move|p2a: Greninja|Gunk Shot|p1a: Tapu Lele\n|-start|p2a: Greninja|typechange|Poison|[from] Protean\n|-supereffective|p1a: Tapu Lele\n|-damage|p1a: Tapu Lele|0 fnt\n|faint|p1a: Tapu Lele\n|\n|upkeep\n|\n|switch|p1a: Manectric|Manectric, M|100\/100\n|turn|2\n|\n|switch|p2a: Garchomp|Garchomp, F|100\/100\n|-mega|p1a: Manectric|Manectric|Manectite\n|detailschange|p1a: Manectric|Manectric-Mega, M\n|-ability|p1a: Manectric|Intimidate|boost\n|-unboost|p2a: Garchomp|atk|1\n|move|p1a: Manectric|Hidden Power|p2a: Garchomp\n|-supereffective|p2a: Garchomp\n|-damage|p2a: Garchomp|14\/100\n|\n|upkeep\n|turn|3\n|\n|move|p1a: Manectric|Hidden Power|p2a: Garchomp\n|-supereffective|p2a: Garchomp\n|-damage|p2a: Garchomp|0 fnt\n|faint|p2a: Garchomp\n|\n|upkeep\n|\n|switch|p2a: NoHaxtran|Heatran, M|100\/100\n|turn|4\n|\n|move|p1a: Manectric|Volt Switch|p2a: NoHaxtran\n|-damage|p2a: NoHaxtran|65\/100\n|\n|switch|p1a: Landorus|Landorus-Therian, M|100\/100\n|-ability|p1a: Landorus|Intimidate|boost\n|-unboost|p2a: NoHaxtran|atk|1\n|move|p2a: NoHaxtran|Magma Storm|p1a: Landorus\n|-damage|p1a: Landorus|45\/100\n|-activate|p1a: Landorus|move: Magma Storm|[of] p2a: NoHaxtran\n|\n|-heal|p1a: Landorus|51\/100|[from] item: Leftovers\n|-damage|p1a: Landorus|39\/100|[from] move: Magma Storm|[partiallytrapped]\n|upkeep\n|turn|5\n|\n|switch|p2a: Zapdos|Zapdos|100\/100\n|-ability|p2a: Zapdos|Pressure\n|move|p1a: Landorus|Stealth Rock|p2a: Zapdos\n|-sidestart|p2: Anthenden|move: Stealth Rock\n|\n|-heal|p1a: Landorus|45\/100|[from] item: Leftovers\n|-fieldend|move: Psychic Terrain\n|upkeep\n|turn|6\n|\n|switch|p1a: Manectric|Manectric-Mega, M|100\/100\n|-ability|p1a: Manectric|Intimidate|boost\n|-unboost|p2a: Zapdos|atk|1\n|move|p2a: Zapdos|Heat Wave|p1a: Manectric\n|-damage|p1a: Manectric|45\/100\n|-status|p1a: Manectric|brn\n|\n|-damage|p1a: Manectric|39\/100 brn|[from] brn\n|upkeep\n|turn|7\n|\n|move|p1a: Manectric|Thunderbolt|p2a: Zapdos\n|-damage|p2a: Zapdos|54\/100\n|move|p2a: Zapdos|Defog|p1a: Manectric\n|-unboost|p1a: Manectric|evasion|1\n|-sideend|p2: Anthenden|Stealth Rock|[from] move: Defog|[of] p2a: Zapdos\n|\n|-heal|p2a: Zapdos|60\/100|[from] item: Leftovers\n|-damage|p1a: Manectric|33\/100 brn|[from] brn\n|upkeep\n|turn|8\n|\n|move|p1a: Manectric|Thunderbolt|p2a: Zapdos\n|-damage|p2a: Zapdos|18\/100\n|move|p2a: Zapdos|Roost|p2a: Zapdos\n|-heal|p2a: Zapdos|68\/100\n|\n|-heal|p2a: Zapdos|74\/100|[from] item: Leftovers\n|-damage|p1a: Manectric|26\/100 brn|[from] brn\n|upkeep\n|turn|9\n|\n|move|p1a: Manectric|Thunderbolt|p2a: Zapdos\n|-damage|p2a: Zapdos|25\/100\n|move|p2a: Zapdos|Roost|p2a: Zapdos\n|-heal|p2a: Zapdos|75\/100\n|\n|-heal|p2a: Zapdos|81\/100|[from] item: Leftovers\n|-damage|p1a: Manectric|20\/100 brn|[from] brn\n|upkeep\n|turn|10\n|\n|move|p1a: Manectric|Thunderbolt|p2a: Zapdos\n|-damage|p2a: Zapdos|35\/100\n|move|p2a: Zapdos|Roost|p2a: Zapdos\n|-heal|p2a: Zapdos|85\/100\n|\n|-heal|p2a: Zapdos|91\/100|[from] item: Leftovers\n|-damage|p1a: Manectric|14\/100 brn|[from] brn\n|upkeep\n|turn|11\n|\n|move|p1a: Manectric|Volt Switch|p2a: Zapdos\n|-damage|p2a: Zapdos|52\/100\n|\n|switch|p1a: Muk|Muk-Alola, M|100\/100\n|move|p2a: Zapdos|Roost|p2a: Zapdos\n|-heal|p2a: Zapdos|100\/100\n|\n|upkeep\n|turn|12\n|\n|move|p2a: Zapdos|Volt Switch|p1a: Muk\n|-damage|p1a: Muk|86\/100\n|\n|switch|p2a: NoHaxtran|Heatran, M|65\/100\n|move|p1a: Muk|Poison Jab|p2a: NoHaxtran\n|-immune|p2a: NoHaxtran|[msg]\n|\n|upkeep\n|turn|13\n|\n|switch|p1a: Keldeo|Keldeo-Resolute|100\/100\n|move|p2a: NoHaxtran|Magma Storm|p1a: Keldeo\n|-resisted|p1a: Keldeo\n|-damage|p1a: Keldeo|69\/100\n|-activate|p1a: Keldeo|move: Magma Storm|[of] p2a: NoHaxtran\n|\n|-damage|p1a: Keldeo|57\/100|[from] move: Magma Storm|[partiallytrapped]\n|upkeep\n|turn|14\n|\n|switch|p2a: Zapdos|Zapdos|100\/100\n|-ability|p2a: Zapdos|Pressure\n|move|p1a: Keldeo|Scald|p2a: Zapdos\n|-damage|p2a: Zapdos|63\/100\n|\n|-heal|p2a: Zapdos|69\/100|[from] item: Leftovers\n|upkeep\n|turn|15\n|\n|move|p1a: Keldeo|Scald|p2a: Zapdos\n|-damage|p2a: Zapdos|31\/100\n|move|p2a: Zapdos|Heat Wave|p1a: Keldeo\n|-resisted|p1a: Keldeo\n|-damage|p1a: Keldeo|36\/100\n|\n|-heal|p2a: Zapdos|37\/100|[from] item: Leftovers\n|upkeep\n|turn|16\n|\n|move|p1a: Keldeo|Scald|p2a: Zapdos\n|-damage|p2a: Zapdos|0 fnt\n|faint|p2a: Zapdos\n|\n|upkeep\n|\n|switch|p2a: Alakazam|Alakazam, F|100\/100\n|turn|17\n|\n|-mega|p2a: Alakazam|Alakazam|Alakazite\n|detailschange|p2a: Alakazam|Alakazam-Mega, F\n|-ability|p2a: Alakazam|Justified|[from] ability: Trace|[of] p1a: Keldeo\n|move|p1a: Keldeo|Scald|p2a: Alakazam\n|-damage|p2a: Alakazam|48\/100\n|-status|p2a: Alakazam|brn\n|move|p2a: Alakazam|Psychic|p1a: Keldeo\n|-supereffective|p1a: Keldeo\n|-damage|p1a: Keldeo|0 fnt\n|faint|p1a: Keldeo\n|\n|-damage|p2a: Alakazam|42\/100 brn|[from] brn\n|upkeep\n|\n|switch|p1a: Muk|Muk-Alola, M|86\/100\n|turn|18\n|\n|-activate|p2a: Alakazam|move: Pursuit\n|move|p1a: Muk|Pursuit|p2a: Alakazam|[from]Pursuit\n|-supereffective|p2a: Alakazam\n|-damage|p2a: Alakazam|0 fnt\n|faint|p2a: Alakazam\n|\n|upkeep\n|\n|switch|p2a: NoHaxtran|Heatran, M|65\/100\n|turn|19\n|\n|switch|p1a: Manectric|Manectric-Mega, M|14\/100 brn\n|-ability|p1a: Manectric|Intimidate|boost\n|-unboost|p2a: NoHaxtran|atk|1\n|move|p2a: NoHaxtran|Magma Storm|p1a: Manectric\n|-damage|p1a: Manectric|0 fnt\n|faint|p1a: Manectric\n|\n|upkeep\n|\n|switch|p1a: Landorus|Landorus-Therian, M|45\/100\n|-ability|p1a: Landorus|Intimidate|boost\n|-unboost|p2a: NoHaxtran|atk|1\n|turn|20\n|\n|-zpower|p2a: NoHaxtran\n|move|p2a: NoHaxtran|Bloom Doom|p1a: Landorus|[zeffect]\n|-damage|p1a: Landorus|0 fnt\n|faint|p1a: Landorus\n|\n|upkeep\n|\n|switch|p1a: Kartana|Kartana|100\/100\n|turn|21\n|\n|-zpower|p1a: Kartana\n|move|p1a: Kartana|All-Out Pummeling|p2a: NoHaxtran|[zeffect]\n|-supereffective|p2a: NoHaxtran\n|-damage|p2a: NoHaxtran|0 fnt\n|faint|p2a: NoHaxtran\n|-ability|p1a: Kartana|Beast Boost|boost\n|-boost|p1a: Kartana|spe|1\n|\n|upkeep\n|\n|switch|p2a: Greninja|Greninja, F|100\/100\n|turn|22\n|\n|move|p2a: Greninja|Ice Beam|p1a: Kartana\n|-start|p2a: Greninja|typechange|Ice|[from] Protean\n|-damage|p1a: Kartana|14\/100\n|move|p1a: Kartana|Leaf Blade|p2a: Greninja\n|-damage|p2a: Greninja|25\/100\n|\n|upkeep\n|turn|23\n|\n|move|p2a: Greninja|Ice Beam|p1a: Kartana\n|-damage|p1a: Kartana|0 fnt\n|faint|p1a: Kartana\n|\n|upkeep\n|\n|switch|p1a: Muk|Muk-Alola, M|86\/100\n|turn|24\n|\n|move|p2a: Greninja|Ice Beam|p1a: Muk\n|-damage|p1a: Muk|73\/100\n|-status|p1a: Muk|frz\n|cant|p1a: Muk|frz\n|\n|upkeep\n|turn|25\n|\n|move|p2a: Greninja|Ice Beam|p1a: Muk\n|-damage|p1a: Muk|61\/100 frz\n|cant|p1a: Muk|frz\n|\n|upkeep\n|turn|26\n|\n|move|p2a: Greninja|Ice Beam|p1a: Muk\n|-damage|p1a: Muk|48\/100 frz\n|cant|p1a: Muk|frz\n|\n|upkeep\n|turn|27\n|\n|move|p2a: Greninja|Ice Beam|p1a: Muk\n|-damage|p1a: Muk|35\/100 frz\n|cant|p1a: Muk|frz\n|\n|upkeep\n|turn|28\n|\n|move|p2a: Greninja|Ice Beam|p1a: Muk\n|-damage|p1a: Muk|23\/100 frz\n|cant|p1a: Muk|frz\n|\n|upkeep\n|turn|29\n|c|\u2606Anthenden|sorry\n|\n|move|p2a: Greninja|Ice Beam|p1a: Muk\n|-damage|p1a: Muk|9\/100 frz\n|cant|p1a: Muk|frz\n|\n|upkeep\n|turn|30\n|c|\u2606Gotham Paladin|dont worry about it\n|\n|move|p2a: Greninja|Ice Beam|p1a: Muk\n|-damage|p1a: Muk|0 fnt\n|faint|p1a: Muk\n|\n|win|Anthenden\n|l|\u2606Gotham Paladin\n","inputlog":null,"uploadtime":1520535195,"views":10,"p1id":"gothampaladin","p2id":"anthenden","formatid":"gen7ou","rating":0,"private":0,"password":null}