{"id":"gen7ou-1669514657","p1":"Granny Pie","p2":"HQSFun","format":"gen7ou","log":"|j|\u2606Granny Pie\n|j|\u2606HQSFun\n|t:|1664058433\n|gametype|singles\n|player|p1|Granny Pie|medium|1513\n|player|p2|HQSFun|veteranf|1599\n|teamsize|p1|6\n|teamsize|p2|6\n|gen|7\n|tier|[Gen 7] OU\n|rated|\n|rule|Sleep Clause Mod: Limit one foe put to sleep\n|rule|Species Clause: Limit one of each Pok\u00e9mon\n|rule|OHKO Clause: OHKO moves are banned\n|rule|Moody Clause: Moody is banned\n|rule|Evasion Items Clause: Evasion items are banned\n|rule|Evasion Moves Clause: Evasion moves are banned\n|rule|Endless Battle Clause: Forcing endless battles is banned\n|rule|HP Percentage Mod: HP is shown in percentages\n|clearpoke\n|poke|p1|Tapu Koko|item\n|poke|p1|Hawlucha, M|item\n|poke|p1|Diancie|item\n|poke|p1|Greninja, M|item\n|poke|p1|Magearna|item\n|poke|p1|Landorus-Therian, M|item\n|poke|p2|Victini|item\n|poke|p2|Zeraora|item\n|poke|p2|Tornadus-Therian, M|item\n|poke|p2|Toxapex, F|item\n|poke|p2|Ferrothorn, F|item\n|poke|p2|Diancie|item\n|teampreview\n|inactive|Battle timer is ON: inactive players will automatically lose when time's up. (requested by Granny Pie)\n|\n|t:|1664058443\n|start\n|switch|p1a: Disgrace|Landorus-Therian, M|100\/100\n|switch|p2a: Diancie|Diancie|100\/100\n|-ability|p1a: Disgrace|Intimidate|boost\n|-fail|p2a: Diancie|unboost|[from] ability: Clear Body|[of] p2a: Diancie\n|turn|1\n|\n|t:|1664058448\n|detailschange|p2a: Diancie|Diancie-Mega\n|-mega|p2a: Diancie|Diancie|Diancite\n|move|p2a: Diancie|Hidden Power|p1a: Disgrace\n|-supereffective|p1a: Disgrace\n|-enditem|p1a: Disgrace|Focus Sash\n|-damage|p1a: Disgrace|1\/100\n|move|p1a: Disgrace|Earthquake|p2a: Diancie\n|-supereffective|p2a: Diancie\n|-damage|p2a: Diancie|0 fnt\n|faint|p2a: Diancie\n|\n|upkeep\n|\n|t:|1664058459\n|switch|p2a: Zeraora|Zeraora|100\/100\n|turn|2\n|\n|t:|1664058461\n|move|p2a: Zeraora|Knock Off|p1a: Disgrace\n|-damage|p1a: Disgrace|0 fnt\n|faint|p1a: Disgrace\n|\n|upkeep\n|\n|t:|1664058482\n|switch|p1a: Is|Diancie|100\/100\n|turn|3\n|\n|t:|1664058488\n|detailschange|p1a: Is|Diancie-Mega\n|-mega|p1a: Is|Diancie|Diancite\n|move|p2a: Zeraora|Plasma Fists|p1a: Is\n|-damage|p1a: Is|39\/100\n|-fieldactivate|move: Ion Deluge\n|-hint|Normal-type moves become Electric-type after using Plasma Fists.\n|move|p1a: Is|Earth Power|p2a: Zeraora\n|-supereffective|p2a: Zeraora\n|-damage|p2a: Zeraora|0 fnt\n|faint|p2a: Zeraora\n|\n|upkeep\n|\n|t:|1664058503\n|switch|p2a: Ferrothorn|Ferrothorn, F|100\/100\n|turn|4\n|\n|t:|1664058506\n|move|p1a: Is|Hidden Power|p2a: Ferrothorn\n|-supereffective|p2a: Ferrothorn\n|-damage|p2a: Ferrothorn|43\/100\n|move|p2a: Ferrothorn|Power Whip|p1a: Is\n|-supereffective|p1a: Is\n|-damage|p1a: Is|0 fnt\n|faint|p1a: Is\n|\n|-heal|p2a: Ferrothorn|49\/100|[from] item: Leftovers\n|upkeep\n|\n|t:|1664058516\n|switch|p1a: A|Greninja, M|100\/100\n|turn|5\n|\n|t:|1664058521\n|switch|p2a: Toxapex|Toxapex, F|100\/100\n|move|p1a: A|Dark Pulse|p2a: Toxapex\n|-damage|p2a: Toxapex|64\/100\n|\n|-heal|p2a: Toxapex|70\/100|[from] item: Black Sludge\n|upkeep\n|turn|6\n|\n|t:|1664058527\n|switch|p1a: Fucking|Magearna|100\/100\n|move|p2a: Toxapex|Recover|p2a: Toxapex\n|-heal|p2a: Toxapex|100\/100\n|\n|upkeep\n|turn|7\n|inactive|Granny Pie has 120 seconds left.\n|\n|t:|1664058583\n|switch|p2a: Ferrothorn|Ferrothorn, F|49\/100\n|move|p1a: Fucking|Shift Gear|p1a: Fucking\n|-boost|p1a: Fucking|spe|2\n|-boost|p1a: Fucking|atk|1\n|\n|-heal|p2a: Ferrothorn|55\/100|[from] item: Leftovers\n|upkeep\n|turn|8\n|\n|t:|1664058591\n|move|p1a: Fucking|Calm Mind|p1a: Fucking\n|-boost|p1a: Fucking|spa|1\n|-boost|p1a: Fucking|spd|1\n|move|p2a: Ferrothorn|Thunder Wave|p1a: Fucking\n|-status|p1a: Fucking|par\n|\n|-heal|p2a: Ferrothorn|61\/100|[from] item: Leftovers\n|upkeep\n|turn|9\n|\n|t:|1664058597\n|move|p1a: Fucking|Shift Gear|p1a: Fucking\n|-boost|p1a: Fucking|spe|2\n|-boost|p1a: Fucking|atk|1\n|move|p2a: Ferrothorn|Leech Seed|p1a: Fucking\n|-start|p1a: Fucking|move: Leech Seed\n|\n|-heal|p2a: Ferrothorn|68\/100|[from] item: Leftovers\n|-damage|p1a: Fucking|88\/100 par|[from] Leech Seed|[of] p2a: Ferrothorn\n|-heal|p2a: Ferrothorn|78\/100|[silent]\n|upkeep\n|turn|10\n|\n|t:|1664058602\n|move|p1a: Fucking|Calm Mind|p1a: Fucking\n|-boost|p1a: Fucking|spa|1\n|-boost|p1a: Fucking|spd|1\n|move|p2a: Ferrothorn|Spikes|p1a: Fucking\n|-sidestart|p1: Granny Pie|Spikes\n|\n|-heal|p2a: Ferrothorn|84\/100|[from] item: Leftovers\n|-damage|p1a: Fucking|76\/100 par|[from] Leech Seed|[of] p2a: Ferrothorn\n|-heal|p2a: Ferrothorn|95\/100|[silent]\n|upkeep\n|turn|11\n|inactive|Granny Pie has 120 seconds left.\n|\n|t:|1664058611\n|move|p1a: Fucking|Ice Beam|p2a: Ferrothorn\n|-damage|p2a: Ferrothorn|56\/100\n|move|p2a: Ferrothorn|Spikes|p1a: Fucking\n|-sidestart|p1: Granny Pie|Spikes\n|\n|-heal|p2a: Ferrothorn|62\/100|[from] item: Leftovers\n|-damage|p1a: Fucking|64\/100 par|[from] Leech Seed|[of] p2a: Ferrothorn\n|-heal|p2a: Ferrothorn|73\/100|[silent]\n|upkeep\n|turn|12\n|\n|t:|1664058618\n|cant|p1a: Fucking|par\n|move|p2a: Ferrothorn|Spikes|p1a: Fucking\n|-sidestart|p1: Granny Pie|Spikes\n|\n|-heal|p2a: Ferrothorn|79\/100|[from] item: Leftovers\n|-damage|p1a: Fucking|51\/100 par|[from] Leech Seed|[of] p2a: Ferrothorn\n|-heal|p2a: Ferrothorn|90\/100|[silent]\n|upkeep\n|turn|13\n|\n|t:|1664058626\n|move|p1a: Fucking|Ice Beam|p2a: Ferrothorn\n|-damage|p2a: Ferrothorn|52\/100\n|move|p2a: Ferrothorn|Power Whip|p1a: Fucking\n|-resisted|p1a: Fucking\n|-damage|p1a: Fucking|32\/100 par\n|\n|-heal|p2a: Ferrothorn|59\/100|[from] item: Leftovers\n|-damage|p1a: Fucking|20\/100 par|[from] Leech Seed|[of] p2a: Ferrothorn\n|-heal|p2a: Ferrothorn|69\/100|[silent]\n|upkeep\n|turn|14\n|\n|t:|1664058635\n|-zpower|p1a: Fucking\n|move|p1a: Fucking|Gigavolt Havoc|p2a: Ferrothorn|[zeffect]\n|-resisted|p2a: Ferrothorn\n|-damage|p2a: Ferrothorn|33\/100\n|move|p2a: Ferrothorn|Power Whip|p1a: Fucking\n|-resisted|p1a: Fucking\n|-damage|p1a: Fucking|1\/100 par\n|\n|-heal|p2a: Ferrothorn|39\/100|[from] item: Leftovers\n|-damage|p1a: Fucking|0 fnt|[from] Leech Seed|[of] p2a: Ferrothorn\n|-heal|p2a: Ferrothorn|39\/100|[silent]\n|faint|p1a: Fucking\n|upkeep\n|\n|t:|1664058653\n|switch|p1a: Kong|Hawlucha, M|100\/100\n|turn|15\n|\n|t:|1664058657\n|switch|p2a: Tornadus|Tornadus-Therian, M|100\/100\n|move|p1a: Kong|High Jump Kick|p2a: Tornadus\n|-resisted|p2a: Tornadus\n|-damage|p2a: Tornadus|68\/100\n|-damage|p1a: Kong|84\/100|[from] item: Rocky Helmet|[of] p2a: Tornadus\n|\n|upkeep\n|turn|16\n|\n|t:|1664058666\n|switch|p1a: This|Tapu Koko|100\/100\n|-damage|p1a: This|76\/100|[from] Spikes\n|-fieldstart|move: Electric Terrain|[from] ability: Electric Surge|[of] p1a: This\n|move|p2a: Tornadus|Hurricane|p1a: This\n|-resisted|p1a: This\n|-damage|p1a: This|42\/100\n|-start|p1a: This|confusion\n|\n|upkeep\n|turn|17\n|\n|t:|1664058676\n|switch|p2a: Ferrothorn|Ferrothorn, F|39\/100\n|-activate|p1a: This|confusion\n|move|p1a: This|Volt Switch|p2a: Ferrothorn\n|-resisted|p2a: Ferrothorn\n|-damage|p2a: Ferrothorn|17\/100\n|\n|t:|1664058678\n|switch|p1a: Kong|Hawlucha, M|84\/100|[from]move: Volt Switch\n|-enditem|p1a: Kong|Electric Seed\n|-boost|p1a: Kong|def|1|[from] item: Electric Seed\n|\n|-heal|p2a: Ferrothorn|23\/100|[from] item: Leftovers\n|upkeep\n|turn|18\n|\n|t:|1664058685\n|switch|p2a: Toxapex|Toxapex, F|100\/100\n|move|p1a: Kong|Swords Dance|p1a: Kong\n|-boost|p1a: Kong|atk|2\n|\n|upkeep\n|turn|19\n|\n|t:|1664058689\n|move|p1a: Kong|Acrobatics|p2a: Toxapex\n|-damage|p2a: Toxapex|21\/100\n|move|p2a: Toxapex|Haze|p2a: Toxapex\n|-clearallboost\n|\n|-heal|p2a: Toxapex|27\/100|[from] item: Black Sludge\n|upkeep\n|turn|20\n|\n|t:|1664058694\n|move|p1a: Kong|Acrobatics|p2a: Toxapex\n|-damage|p2a: Toxapex|0 fnt\n|faint|p2a: Toxapex\n|\n|-fieldend|move: Electric Terrain\n|upkeep\n|\n|t:|1664058701\n|switch|p2a: Tornadus|Tornadus-Therian, M|100\/100\n|turn|21\n|\n|t:|1664058707\n|move|p1a: Kong|Acrobatics|p2a: Tornadus\n|-damage|p2a: Tornadus|49\/100\n|-damage|p1a: Kong|68\/100|[from] item: Rocky Helmet|[of] p2a: Tornadus\n|move|p2a: Tornadus|Hurricane|p1a: Kong|[miss]\n|-miss|p2a: Tornadus|p1a: Kong\n|\n|upkeep\n|turn|22\n|\n|t:|1664058718\n|move|p1a: Kong|Acrobatics|p2a: Tornadus\n|-damage|p2a: Tornadus|0 fnt\n|-damage|p1a: Kong|51\/100|[from] item: Rocky Helmet|[of] p2a: Tornadus\n|faint|p2a: Tornadus\n|\n|upkeep\n|\n|t:|1664058722\n|switch|p2a: Victini|Victini|100\/100\n|turn|23\n|\n|t:|1664058725\n|move|p1a: Kong|Acrobatics|p2a: Victini\n|-damage|p2a: Victini|48\/100\n|-zpower|p2a: Victini\n|move|p2a: Victini|Z-Celebrate|p2a: Victini|[anim]Celebrate\n|-boost|p2a: Victini|atk|1|[zeffect]\n|-boost|p2a: Victini|def|1|[zeffect]\n|-boost|p2a: Victini|spa|1|[zeffect]\n|-boost|p2a: Victini|spd|1|[zeffect]\n|-boost|p2a: Victini|spe|1|[zeffect]\n|-activate|p2a: Victini|move: Celebrate\n|\n|upkeep\n|turn|24\n|\n|t:|1664058731\n|move|p1a: Kong|Acrobatics|p2a: Victini\n|-damage|p2a: Victini|16\/100\n|move|p2a: Victini|Stored Power|p1a: Kong\n|-supereffective|p1a: Kong\n|-damage|p1a: Kong|0 fnt\n|faint|p1a: Kong\n|\n|upkeep\n|\n|t:|1664058738\n|switch|p1a: A|Greninja, M|100\/100\n|-damage|p1a: A|76\/100|[from] Spikes\n|turn|25\n|\n|t:|1664058743\n|switch|p2a: Ferrothorn|Ferrothorn, F|23\/100\n|move|p1a: A|Water Shuriken|p2a: Ferrothorn\n|-resisted|p2a: Ferrothorn\n|-damage|p2a: Ferrothorn|20\/100\n|-resisted|p2a: Ferrothorn\n|-damage|p2a: Ferrothorn|17\/100\n|-resisted|p2a: Ferrothorn\n|-damage|p2a: Ferrothorn|14\/100\n|-hitcount|p2a: Ferrothorn|3\n|\n|-heal|p2a: Ferrothorn|20\/100|[from] item: Leftovers\n|upkeep\n|turn|26\n|\n|t:|1664058759\n|switch|p1a: This|Tapu Koko|42\/100\n|-damage|p1a: This|18\/100|[from] Spikes\n|-fieldstart|move: Electric Terrain|[from] ability: Electric Surge|[of] p1a: This\n|move|p2a: Ferrothorn|Power Whip|p1a: This\n|-damage|p1a: This|0 fnt\n|faint|p1a: This\n|\n|-heal|p2a: Ferrothorn|26\/100|[from] item: Leftovers\n|upkeep\n|\n|t:|1664058766\n|switch|p1a: A|Greninja, M|76\/100\n|-damage|p1a: A|51\/100|[from] Spikes\n|turn|27\n|\n|t:|1664058769\n|move|p1a: A|Dark Pulse|p2a: Ferrothorn\n|-damage|p2a: Ferrothorn|0 fnt\n|faint|p2a: Ferrothorn\n|-activate|p1a: A|ability: Battle Bond\n|detailschange|p1a: A|Greninja-Ash, M\n|\n|upkeep\n|\n|t:|1664058771\n|switch|p2a: Victini|Victini|16\/100\n|turn|28\n|\n|t:|1664058772\n|move|p1a: A|Dark Pulse|p2a: Victini\n|-supereffective|p2a: Victini\n|-damage|p2a: Victini|0 fnt\n|faint|p2a: Victini\n|\n|win|Granny Pie\n|raw|Granny Pie's rating: 1513 &rarr; <strong>1538<\/strong><br \/>(+25 for winning)\n|raw|HQSFun's rating: 1599 &rarr; <strong>1574<\/strong><br \/>(-25 for losing)\n|l|\u2606HQSFun\n||Ladder isn't responding, score probably updated but might not have (Request timeout).\n","uploadtime":1664058776,"views":7,"p1id":"grannypie","p2id":"hqsfun","formatid":"gen7ou","rating":1538,"private":0,"password":null}