{"id":"gen7unratedrandombattle-766314646","p1":"uuuuiiii","p2":"Sheer force shark","format":"gen7unratedrandombattle","log":"|j|\u2606uuuuiiii\n|j|\u2606Sheer force shark\n|player|p1|uuuuiiii|1\n|player|p2|Sheer force shark|151\n|teamsize|p1|6\n|teamsize|p2|6\n|gametype|singles\n|gen|7\n|tier|[Gen 7] Unrated Random Battle\n|seed|63230,20935,9717,45881\n|rule|Sleep Clause Mod: Limit one foe put to sleep\n|rule|HP Percentage Mod: HP is shown in percentages\n|\n|start\n|switch|p1a: Magcargo|Magcargo, L83, F|235\/235\n|switch|p2a: Gliscor|Gliscor, L77, F|242\/242\n|turn|1\n|\n|switch|p1a: Articuno|Articuno, L83|285\/285\n|-ability|p1a: Articuno|Pressure\n|move|p2a: Gliscor|Protect|p2a: Gliscor\n|-fail|p2a: Gliscor\n|\n|-status|p2a: Gliscor|tox|[from] item: Toxic Orb\n|upkeep\n|turn|2\n|\n|switch|p2a: Blacephalon|Blacephalon, L75|203\/203\n|move|p1a: Articuno|Substitute|p1a: Articuno\n|-start|p1a: Articuno|Substitute\n|-damage|p1a: Articuno|214\/285\n|\n|-heal|p1a: Articuno|231\/285|[from] item: Leftovers\n|upkeep\n|turn|3\n|\n|move|p2a: Blacephalon|Shadow Ball|p1a: Articuno\n|-end|p1a: Articuno|Substitute\n|move|p1a: Articuno|Hurricane|p2a: Blacephalon\n|-damage|p2a: Blacephalon|62\/203\n|-start|p2a: Blacephalon|confusion\n|\n|-heal|p1a: Articuno|248\/285|[from] item: Leftovers\n|upkeep\n|turn|4\n|\n|switch|p1a: Farfetch'd|Farfetch'd, L83, F|222\/222\n|-activate|p2a: Blacephalon|confusion\n|-zpower|p2a: Blacephalon\n|move|p2a: Blacephalon|Inferno Overdrive|p1a: Farfetch'd|[zeffect]\n|-damage|p1a: Farfetch'd|0 fnt\n|faint|p1a: Farfetch'd\n|-ability|p2a: Blacephalon|Beast Boost|boost\n|-boost|p2a: Blacephalon|spa|1\n|\n|upkeep\n|\n|switch|p1a: Magcargo|Magcargo, L83, F|235\/235\n|turn|5\n|\n|-end|p2a: Blacephalon|confusion\n|move|p2a: Blacephalon|Shadow Ball|p1a: Magcargo\n|-damage|p1a: Magcargo|72\/235\n|move|p1a: Magcargo|Shell Smash|p1a: Magcargo\n|-unboost|p1a: Magcargo|def|1\n|-unboost|p1a: Magcargo|spd|1\n|-boost|p1a: Magcargo|atk|2\n|-boost|p1a: Magcargo|spa|2\n|-boost|p1a: Magcargo|spe|2\n|-enditem|p1a: Magcargo|White Herb\n|-clearnegativeboost|p1a: Magcargo|[silent]\n|\n|upkeep\n|turn|6\n|\n|move|p2a: Blacephalon|Shadow Ball|p1a: Magcargo\n|-damage|p1a: Magcargo|0 fnt\n|faint|p1a: Magcargo\n|-ability|p2a: Blacephalon|Beast Boost|boost\n|-boost|p2a: Blacephalon|spa|1\n|\n|upkeep\n|\n|switch|p1a: Suicune|Suicune, L77|281\/281\n|turn|7\n|\n|move|p2a: Blacephalon|Shadow Ball|p1a: Suicune\n|-damage|p1a: Suicune|110\/281\n|move|p1a: Suicune|Scald|p2a: Blacephalon\n|-supereffective|p2a: Blacephalon\n|-damage|p2a: Blacephalon|0 fnt\n|faint|p2a: Blacephalon\n|\n|-heal|p1a: Suicune|127\/281|[from] item: Leftovers\n|upkeep\n|\n|switch|p2a: Ribombee|Ribombee, L80, F|227\/227\n|turn|8\n|\n|switch|p1a: Klinklang|Klinklang, L81|230\/230\n|move|p2a: Ribombee|Quiver Dance|p2a: Ribombee\n|-boost|p2a: Ribombee|spa|1\n|-boost|p2a: Ribombee|spd|1\n|-boost|p2a: Ribombee|spe|1\n|\n|upkeep\n|turn|9\n|\n|switch|p2a: Gliscor|Gliscor, L77, F|242\/242 tox\n|move|p1a: Klinklang|Gear Grind|p2a: Gliscor|[miss]\n|-miss|p1a: Klinklang|p2a: Gliscor\n|\n|upkeep\n|turn|10\n|\n|switch|p1a: Articuno|Articuno, L83|248\/285\n|-ability|p1a: Articuno|Pressure\n|move|p2a: Gliscor|Stealth Rock|p1a: Articuno\n|-sidestart|p1: uuuuiiii|move: Stealth Rock\n|\n|-heal|p1a: Articuno|265\/285|[from] item: Leftovers\n|upkeep\n|turn|11\n|\n|switch|p2a: Ribombee|Ribombee, L80, F|227\/227\n|move|p1a: Articuno|Freeze-Dry|p2a: Ribombee\n|-damage|p2a: Ribombee|133\/227\n|\n|-heal|p2a: Ribombee|147\/227|[from] item: Leftovers\n|-heal|p1a: Articuno|282\/285|[from] item: Leftovers\n|upkeep\n|turn|12\n|\n|move|p2a: Ribombee|Quiver Dance|p2a: Ribombee\n|-boost|p2a: Ribombee|spa|1\n|-boost|p2a: Ribombee|spd|1\n|-boost|p2a: Ribombee|spe|1\n|move|p1a: Articuno|Hurricane|p2a: Ribombee\n|-supereffective|p2a: Ribombee\n|-damage|p2a: Ribombee|0 fnt\n|faint|p2a: Ribombee\n|\n|-heal|p1a: Articuno|285\/285|[from] item: Leftovers\n|upkeep\n|\n|switch|p2a: Absol|Absol, L83, M|244\/244\n|turn|13\n|\n|move|p1a: Articuno|Hurricane|p2a: Absol|[miss]\n|-miss|p1a: Articuno|p2a: Absol\n|move|p2a: Absol|Knock Off|p1a: Articuno\n|-damage|p1a: Articuno|139\/285\n|-enditem|p1a: Articuno|Leftovers|[from] move: Knock Off|[of] p2a: Absol\n|-damage|p2a: Absol|220\/244|[from] item: Life Orb\n|\n|upkeep\n|turn|14\n|\n|move|p1a: Articuno|Hurricane|p2a: Absol\n|-damage|p2a: Absol|57\/244\n|move|p2a: Absol|Swords Dance|p2a: Absol\n|-boost|p2a: Absol|atk|2\n|\n|upkeep\n|turn|15\n|\n|move|p1a: Articuno|Substitute|p1a: Articuno\n|-start|p1a: Articuno|Substitute\n|-damage|p1a: Articuno|68\/285\n|move|p2a: Absol|Superpower|p1a: Articuno\n|-end|p1a: Articuno|Substitute\n|-unboost|p2a: Absol|atk|1\n|-unboost|p2a: Absol|def|1\n|-damage|p2a: Absol|33\/244|[from] item: Life Orb\n|\n|upkeep\n|turn|16\n|\n|move|p1a: Articuno|Freeze-Dry|p2a: Absol\n|-damage|p2a: Absol|0 fnt\n|faint|p2a: Absol\n|\n|upkeep\n|\n|switch|p2a: Sableye|Sableye, L75, F|199\/199\n|turn|17\n|\n|detailschange|p2a: Sableye|Sableye-Mega, L75, F\n|-mega|p2a: Sableye|Sableye|Sablenite\n|move|p1a: Articuno|Freeze-Dry|p2a: Sableye\n|-crit|p2a: Sableye\n|-damage|p2a: Sableye|99\/199\n|move|p2a: Sableye|Calm Mind|p2a: Sableye\n|-boost|p2a: Sableye|spa|1\n|-boost|p2a: Sableye|spd|1\n|\n|upkeep\n|turn|18\n|\n|move|p1a: Articuno|Hurricane|p2a: Sableye\n|-damage|p2a: Sableye|29\/199\n|-start|p2a: Sableye|confusion\n|-activate|p2a: Sableye|confusion\n|move|p2a: Sableye|Recover|p2a: Sableye\n|-heal|p2a: Sableye|129\/199\n|\n|upkeep\n|turn|19\n|\n|move|p1a: Articuno|Freeze-Dry|p2a: Sableye\n|-damage|p2a: Sableye|80\/199\n|-end|p2a: Sableye|confusion\n|move|p2a: Sableye|Shadow Ball|p1a: Articuno\n|-damage|p1a: Articuno|0 fnt\n|faint|p1a: Articuno\n|\n|upkeep\n|\n|switch|p1a: Klinklang|Klinklang, L81|230\/230\n|-damage|p1a: Klinklang|216\/230|[from] Stealth Rock\n|turn|20\n|\n|move|p1a: Klinklang|Substitute|p1a: Klinklang\n|-start|p1a: Klinklang|Substitute\n|-damage|p1a: Klinklang|159\/230\n|move|p2a: Sableye|Recover|p2a: Sableye\n|-heal|p2a: Sableye|180\/199\n|\n|-heal|p1a: Klinklang|173\/230|[from] item: Leftovers\n|upkeep\n|turn|21\n|\n|move|p1a: Klinklang|Gear Grind|p2a: Sableye|[miss]\n|-miss|p1a: Klinklang|p2a: Sableye\n|move|p2a: Sableye|Shadow Ball|p1a: Klinklang\n|-crit|p1a: Klinklang\n|-end|p1a: Klinklang|Substitute\n|\n|-heal|p1a: Klinklang|187\/230|[from] item: Leftovers\n|upkeep\n|turn|22\n|\n|move|p1a: Klinklang|Gear Grind|p2a: Sableye\n|-damage|p2a: Sableye|134\/199\n|-damage|p2a: Sableye|92\/199\n|-hitcount|p2a: Sableye|2\n|move|p2a: Sableye|Shadow Ball|p1a: Klinklang\n|-damage|p1a: Klinklang|85\/230\n|\n|-heal|p1a: Klinklang|99\/230|[from] item: Leftovers\n|upkeep\n|turn|23\n|\n|move|p1a: Klinklang|Gear Grind|p2a: Sableye\n|-damage|p2a: Sableye|52\/199\n|-damage|p2a: Sableye|9\/199\n|-hitcount|p2a: Sableye|2\n|move|p2a: Sableye|Recover|p2a: Sableye\n|-heal|p2a: Sableye|109\/199\n|\n|-heal|p1a: Klinklang|113\/230|[from] item: Leftovers\n|upkeep\n|turn|24\n|\n|move|p1a: Klinklang|Gear Grind|p2a: Sableye\n|-damage|p2a: Sableye|66\/199\n|-damage|p2a: Sableye|20\/199\n|-hitcount|p2a: Sableye|2\n|move|p2a: Sableye|Recover|p2a: Sableye\n|-heal|p2a: Sableye|120\/199\n|\n|-heal|p1a: Klinklang|127\/230|[from] item: Leftovers\n|upkeep\n|turn|25\n|\n|move|p1a: Klinklang|Gear Grind|p2a: Sableye\n|-damage|p2a: Sableye|78\/199\n|-damage|p2a: Sableye|33\/199\n|-hitcount|p2a: Sableye|2\n|move|p2a: Sableye|Recover|p2a: Sableye\n|-heal|p2a: Sableye|133\/199\n|\n|-heal|p1a: Klinklang|141\/230|[from] item: Leftovers\n|upkeep\n|turn|26\n|\n|move|p1a: Klinklang|Gear Grind|p2a: Sableye\n|-damage|p2a: Sableye|88\/199\n|-damage|p2a: Sableye|45\/199\n|-hitcount|p2a: Sableye|2\n|move|p2a: Sableye|Recover|p2a: Sableye\n|-heal|p2a: Sableye|145\/199\n|\n|-heal|p1a: Klinklang|155\/230|[from] item: Leftovers\n|upkeep\n|turn|27\n|\n|move|p1a: Klinklang|Substitute|p1a: Klinklang\n|-start|p1a: Klinklang|Substitute\n|-damage|p1a: Klinklang|98\/230\n|move|p2a: Sableye|Recover|p2a: Sableye\n|-heal|p2a: Sableye|199\/199\n|\n|-heal|p1a: Klinklang|112\/230|[from] item: Leftovers\n|upkeep\n|turn|28\n|\n|move|p1a: Klinklang|Gear Grind|p2a: Sableye\n|-damage|p2a: Sableye|154\/199\n|-damage|p2a: Sableye|108\/199\n|-hitcount|p2a: Sableye|2\n|move|p2a: Sableye|Shadow Ball|p1a: Klinklang\n|-end|p1a: Klinklang|Substitute\n|\n|-heal|p1a: Klinklang|126\/230|[from] item: Leftovers\n|upkeep\n|turn|29\n|\n|move|p1a: Klinklang|Gear Grind|p2a: Sableye\n|-damage|p2a: Sableye|63\/199\n|-damage|p2a: Sableye|18\/199\n|-hitcount|p2a: Sableye|2\n|move|p2a: Sableye|Recover|p2a: Sableye\n|-heal|p2a: Sableye|118\/199\n|\n|-heal|p1a: Klinklang|140\/230|[from] item: Leftovers\n|upkeep\n|turn|30\n|\n|move|p1a: Klinklang|Gear Grind|p2a: Sableye\n|-damage|p2a: Sableye|75\/199\n|-damage|p2a: Sableye|33\/199\n|-hitcount|p2a: Sableye|2\n|move|p2a: Sableye|Recover|p2a: Sableye\n|-heal|p2a: Sableye|133\/199\n|\n|-heal|p1a: Klinklang|154\/230|[from] item: Leftovers\n|upkeep\n|turn|31\n|\n|move|p1a: Klinklang|Gear Grind|p2a: Sableye\n|-damage|p2a: Sableye|93\/199\n|-damage|p2a: Sableye|50\/199\n|-hitcount|p2a: Sableye|2\n|move|p2a: Sableye|Recover|p2a: Sableye\n|-heal|p2a: Sableye|150\/199\n|\n|-heal|p1a: Klinklang|168\/230|[from] item: Leftovers\n|upkeep\n|turn|32\n|\n|move|p1a: Klinklang|Substitute|p1a: Klinklang\n|-start|p1a: Klinklang|Substitute\n|-damage|p1a: Klinklang|111\/230\n|move|p2a: Sableye|Will-O-Wisp|p1a: Klinklang\n|-fail|p1a: Klinklang\n|\n|-heal|p1a: Klinklang|125\/230|[from] item: Leftovers\n|upkeep\n|turn|33\n|\n|move|p1a: Klinklang|Gear Grind|p2a: Sableye\n|-damage|p2a: Sableye|107\/199\n|-damage|p2a: Sableye|67\/199\n|-hitcount|p2a: Sableye|2\n|move|p2a: Sableye|Recover|p2a: Sableye\n|-heal|p2a: Sableye|167\/199\n|\n|-heal|p1a: Klinklang|139\/230|[from] item: Leftovers\n|upkeep\n|turn|34\n|\n|move|p1a: Klinklang|Gear Grind|p2a: Sableye\n|-damage|p2a: Sableye|121\/199\n|-damage|p2a: Sableye|78\/199\n|-hitcount|p2a: Sableye|2\n|move|p2a: Sableye|Shadow Ball|p1a: Klinklang\n|-end|p1a: Klinklang|Substitute\n|\n|-heal|p1a: Klinklang|153\/230|[from] item: Leftovers\n|upkeep\n|turn|35\n|\n|switch|p2a: Gliscor|Gliscor, L77, F|242\/242 tox\n|move|p1a: Klinklang|Gear Grind|p2a: Gliscor\n|-damage|p2a: Gliscor|203\/242 tox\n|-damage|p2a: Gliscor|164\/242 tox\n|-hitcount|p2a: Gliscor|2\n|\n|-heal|p1a: Klinklang|167\/230|[from] item: Leftovers\n|-heal|p2a: Gliscor|194\/242 tox|[from] ability: Poison Heal\n|upkeep\n|turn|36\n|\n|switch|p1a: Suicune|Suicune, L77|127\/281\n|-damage|p1a: Suicune|92\/281|[from] Stealth Rock\n|move|p2a: Gliscor|Knock Off|p1a: Suicune\n|-damage|p1a: Suicune|37\/281\n|-enditem|p1a: Suicune|Leftovers|[from] move: Knock Off|[of] p2a: Gliscor\n|\n|-heal|p2a: Gliscor|224\/242 tox|[from] ability: Poison Heal\n|upkeep\n|turn|37\n|\n|move|p2a: Gliscor|Earthquake|p1a: Suicune\n|-damage|p1a: Suicune|0 fnt\n|faint|p1a: Suicune\n|\n|-heal|p2a: Gliscor|242\/242 tox|[from] ability: Poison Heal\n|upkeep\n|\n|switch|p1a: Linoone|Linoone, L79, F|252\/252\n|-damage|p1a: Linoone|221\/252|[from] Stealth Rock\n|turn|38\n|\n|move|p1a: Linoone|Belly Drum|p1a: Linoone\n|-damage|p1a: Linoone|95\/252\n|-setboost|p1a: Linoone|atk|6|[from] move: Belly Drum\n|-enditem|p1a: Linoone|Iapapa Berry|[eat]\n|-heal|p1a: Linoone|221\/252|[from] item: Iapapa Berry\n|move|p2a: Gliscor|Earthquake|p1a: Linoone\n|-damage|p1a: Linoone|89\/252\n|\n|upkeep\n|turn|39\n|\n|move|p1a: Linoone|Extreme Speed|p2a: Gliscor\n|-damage|p2a: Gliscor|59\/242 tox\n|move|p2a: Gliscor|Earthquake|p1a: Linoone\n|-crit|p1a: Linoone\n|-damage|p1a: Linoone|0 fnt\n|faint|p1a: Linoone\n|\n|-heal|p2a: Gliscor|89\/242 tox|[from] ability: Poison Heal\n|upkeep\n|\n|switch|p1a: Klinklang|Klinklang, L81|167\/230\n|-damage|p1a: Klinklang|153\/230|[from] Stealth Rock\n|turn|40\n|-message|uuuuiiii forfeited.\n|\n|win|Sheer force shark\n|l|\u2606uuuuiiii\n","inputlog":null,"uploadtime":1529734613,"views":1,"p1id":"uuuuiiii","p2id":"sheerforceshark","formatid":"gen7unratedrandombattle","rating":0,"private":0,"password":null}