{"id":"gen7ru-1673854987","p1":"PKHeXinator","p2":"ayevon","format":"gen7ru","log":"|j|\u2606PKHeXinator\n|j|\u2606ayevon\n|t:|1664504458\n|gametype|singles\n|player|p1|PKHeXinator|may-gen3rs|\n|player|p2|ayevon|265|\n|teamsize|p1|6\n|teamsize|p2|6\n|gen|7\n|tier|[Gen 7] RU\n|rated|Tournament battle\n|rule|Sleep Clause Mod: Limit one foe put to sleep\n|rule|Species Clause: Limit one of each Pok\u00e9mon\n|rule|OHKO Clause: OHKO moves are banned\n|rule|Moody Clause: Moody is banned\n|rule|Evasion Items Clause: Evasion items are banned\n|rule|Evasion Moves Clause: Evasion moves are banned\n|rule|Endless Battle Clause: Forcing endless battles is banned\n|rule|HP Percentage Mod: HP is shown in percentages\n|clearpoke\n|poke|p1|Blastoise, F|item\n|poke|p1|Donphan, F|item\n|poke|p1|Lycanroc-Dusk, F|item\n|poke|p1|Metagross|item\n|poke|p1|Golisopod, F|item\n|poke|p1|Porygon2|item\n|poke|p2|Pangoro, F|item\n|poke|p2|Roserade, F|item\n|poke|p2|Blastoise, F|item\n|poke|p2|Flygon, M|item\n|poke|p2|Bronzong|item\n|poke|p2|Florges, F|item\n|teampreview\n|j| BB-8-NU\n|inactive|Battle timer is ON: inactive players will automatically lose when time's up. (requested by ayevon)\n|j|+AM\n|\n|t:|1664504471\n|start\n|switch|p1a: Donphan|Donphan, F, shiny|100\/100\n|switch|p2a: Blastoise|Blastoise, F|100\/100\n|turn|1\n|\n|t:|1664504475\n|detailschange|p2a: Blastoise|Blastoise-Mega, F\n|-mega|p2a: Blastoise|Blastoise|Blastoisinite\n|move|p2a: Blastoise|Dark Pulse|p1a: Donphan\n|-damage|p1a: Donphan|45\/100\n|move|p1a: Donphan|Stealth Rock|p2a: Blastoise\n|-sidestart|p2: ayevon|move: Stealth Rock\n|\n|upkeep\n|turn|2\n|j| Such A Child\n|l| Such A Child\n|\n|t:|1664504491\n|move|p2a: Blastoise|Rapid Spin|p1a: Donphan\n|-damage|p1a: Donphan|42\/100\n|-sideend|p2: ayevon|Stealth Rock|[from] move: Rapid Spin|[of] p2a: Blastoise\n|move|p1a: Donphan|Earthquake|p2a: Blastoise\n|-damage|p2a: Blastoise|44\/100\n|\n|upkeep\n|turn|3\n|j| Bluey5413\n|\n|t:|1664504504\n|move|p2a: Blastoise|Dark Pulse|p1a: Donphan\n|-damage|p1a: Donphan|0 fnt\n|faint|p1a: Donphan\n|\n|upkeep\n|\n|t:|1664504515\n|switch|p1a: Porygon2|Porygon2, shiny|100\/100\n|turn|4\n|j| Arch en Ciel 22\n|j|+ILoveMashing\u2764\n|l|+ILoveMashing\u2764\n|\n|t:|1664504530\n|switch|p2a: Bronzong|Bronzong|100\/100\n|move|p1a: Porygon2|Thunderbolt|p2a: Bronzong\n|-damage|p2a: Bronzong|74\/100\n|\n|-heal|p2a: Bronzong|80\/100|[from] item: Leftovers\n|upkeep\n|turn|5\n|\n|t:|1664504543\n|switch|p1a: Blastoise|Blastoise, F, shiny|100\/100\n|move|p2a: Bronzong|Toxic|p1a: Blastoise|[miss]\n|-miss|p2a: Bronzong|p1a: Blastoise\n|\n|-heal|p2a: Bronzong|86\/100|[from] item: Leftovers\n|upkeep\n|turn|6\n|\n|t:|1664504549\n|detailschange|p1a: Blastoise|Blastoise-Mega, F, shiny\n|-mega|p1a: Blastoise|Blastoise|Blastoisinite\n|move|p1a: Blastoise|Dark Pulse|p2a: Bronzong\n|-supereffective|p2a: Bronzong\n|-crit|p2a: Bronzong\n|-damage|p2a: Bronzong|0 fnt\n|faint|p2a: Bronzong\n|\n|upkeep\n|\n|t:|1664504554\n|switch|p2a: Roserade|Roserade, F|100\/100\n|turn|7\n|l| Bluey5413\n|\n|t:|1664504558\n|switch|p1a: Metagross|Metagross, shiny|100\/100\n|move|p2a: Roserade|Spikes|p1a: Metagross\n|-sidestart|p1: PKHeXinator|Spikes\n|\n|upkeep\n|turn|8\n|\n|t:|1664504566\n|move|p2a: Roserade|Hidden Power|p1a: Metagross\n|-supereffective|p1a: Metagross\n|-damage|p1a: Metagross|41\/100\n|move|p1a: Metagross|Zen Headbutt|p2a: Roserade\n|-supereffective|p2a: Roserade\n|-damage|p2a: Roserade|0 fnt\n|faint|p2a: Roserade\n|\n|upkeep\n|\n|t:|1664504569\n|switch|p2a: Flygon|Flygon, M|100\/100\n|turn|9\n|\n|t:|1664504572\n|move|p2a: Flygon|Earthquake|p1a: Metagross\n|-supereffective|p1a: Metagross\n|-damage|p1a: Metagross|0 fnt\n|faint|p1a: Metagross\n|\n|upkeep\n|\n|t:|1664504579\n|switch|p1a: Blastoise|Blastoise-Mega, F, shiny|100\/100\n|-damage|p1a: Blastoise|88\/100|[from] Spikes\n|turn|10\n|j| l TPH l\n|inactive|ayevon has 120 seconds left.\n|\n|t:|1664504613\n|switch|p2a: Florges|Florges, F|100\/100\n|move|p1a: Blastoise|Dragon Pulse|p2a: Florges\n|-immune|p2a: Florges\n|\n|upkeep\n|turn|11\n|\n|t:|1664504617\n|switch|p1a: Porygon2|Porygon2, shiny|100\/100\n|-damage|p1a: Porygon2|88\/100|[from] Spikes\n|move|p2a: Florges|Moonblast|p1a: Porygon2\n|-damage|p1a: Porygon2|60\/100\n|\n|upkeep\n|turn|12\n|j| Whyar yuso madbro\n|\n|t:|1664504623\n|move|p2a: Florges|Moonblast|p1a: Porygon2\n|-damage|p1a: Porygon2|28\/100\n|-unboost|p1a: Porygon2|spa|1\n|move|p1a: Porygon2|Tri Attack|p2a: Florges\n|-damage|p2a: Florges|78\/100\n|\n|upkeep\n|turn|13\n|l|+AM\n|\n|t:|1664504631\n|move|p2a: Florges|Moonblast|p1a: Porygon2\n|-damage|p1a: Porygon2|0 fnt\n|faint|p1a: Porygon2\n|\n|upkeep\n|\n|t:|1664504635\n|switch|p1a: Lycanroc|Lycanroc-Dusk, F, shiny|100\/100\n|-damage|p1a: Lycanroc|88\/100|[from] Spikes\n|turn|14\n|\n|t:|1664504640\n|-zpower|p1a: Lycanroc\n|move|p1a: Lycanroc|Splintered Stormshards|p2a: Florges|[zeffect]\n|-damage|p2a: Florges|0 fnt\n|faint|p2a: Florges\n|\n|upkeep\n|\n|t:|1664504642\n|switch|p2a: Flygon|Flygon, M|100\/100\n|turn|15\n|\n|t:|1664504651\n|move|p2a: Flygon|Earthquake|p1a: Lycanroc\n|-supereffective|p1a: Lycanroc\n|-damage|p1a: Lycanroc|0 fnt\n|faint|p1a: Lycanroc\n|\n|upkeep\n|\n|t:|1664504658\n|switch|p1a: Golisopod|Golisopod, F, shiny|100\/100\n|-damage|p1a: Golisopod|88\/100|[from] Spikes\n|turn|16\n|\n|t:|1664504661\n|switch|p2a: Blastoise|Blastoise-Mega, F|44\/100\n|move|p1a: Golisopod|First Impression|p2a: Blastoise\n|-damage|p2a: Blastoise|0 fnt\n|faint|p2a: Blastoise\n|\n|upkeep\n|\n|t:|1664504663\n|switch|p2a: Pangoro|Pangoro, F, shiny|100\/100\n|turn|17\n|\n|t:|1664504665\n|switch|p1a: Blastoise|Blastoise-Mega, F, shiny|88\/100\n|-damage|p1a: Blastoise|76\/100|[from] Spikes\n|move|p2a: Pangoro|Knock Off|p1a: Blastoise\n|-damage|p1a: Blastoise|39\/100\n|-damage|p2a: Pangoro|91\/100|[from] item: Life Orb\n|\n|upkeep\n|turn|18\n|\n|t:|1664504670\n|switch|p2a: Flygon|Flygon, M|100\/100\n|move|p1a: Blastoise|Aura Sphere|p2a: Flygon\n|-damage|p2a: Flygon|41\/100\n|\n|upkeep\n|turn|19\n|\n|t:|1664504678\n|move|p2a: Flygon|Outrage|p1a: Blastoise\n|-damage|p1a: Blastoise|0 fnt\n|faint|p1a: Blastoise\n|\n|upkeep\n|\n|t:|1664504693\n|switch|p1a: Golisopod|Golisopod, F, shiny|88\/100\n|-damage|p1a: Golisopod|76\/100|[from] Spikes\n|turn|20\n|\n|t:|1664504695\n|move|p1a: Golisopod|First Impression|p2a: Flygon\n|-damage|p2a: Flygon|0 fnt\n|faint|p2a: Flygon\n|\n|upkeep\n|\n|t:|1664504697\n|switch|p2a: Pangoro|Pangoro, F, shiny|91\/100\n|turn|21\n|\n|t:|1664504700\n|move|p2a: Pangoro|Knock Off|p1a: Golisopod\n|-damage|p1a: Golisopod|23\/100\n|-enditem|p1a: Golisopod|Assault Vest|[from] move: Knock Off|[of] p2a: Pangoro\n|-damage|p2a: Pangoro|81\/100|[from] item: Life Orb\n|move|p1a: Golisopod|Liquidation|p2a: Pangoro\n|-damage|p2a: Pangoro|24\/100\n|\n|upkeep\n|turn|22\n|\n|t:|1664504704\n|move|p1a: Golisopod|Aqua Jet|p2a: Pangoro\n|-damage|p2a: Pangoro|0 fnt\n|faint|p2a: Pangoro\n|\n|win|PKHeXinator\n|n|\u2606PKHeXinator|pkhexinator\n|n|\u2606ayevon|ayevon\n|n| BB-8-NU|bb8nu\n|n| Arch en Ciel 22|archenciel22\n|n| l TPH l|ltphl\n|n| Whyar yuso madbro|whyaryusomadbro\n|l| BB-8-NU\n","uploadtime":1664504705,"views":5,"p1id":"pkhexinator","p2id":"ayevon","formatid":"gen7ru","rating":0,"private":0,"password":null}