{"id":"gen7ou-883809141","p1":"why addicted","p2":"fdfdddddddd","format":"gen7ou","log":"|j|\u2606why addicted\n|j|\u2606fdfdddddddd\n|player|p1|why addicted|168\n|player|p2|fdfdddddddd|1\n|teamsize|p1|6\n|teamsize|p2|6\n|gametype|singles\n|gen|7\n|tier|[Gen 7] OU\n|rated|\n|rule|Sleep Clause Mod: Limit one foe put to sleep\n|rule|Species Clause: Limit one of each Pok\u00e9mon\n|rule|OHKO Clause: OHKO moves are banned\n|rule|Moody Clause: Moody is banned\n|rule|Evasion Moves Clause: Evasion moves are banned\n|rule|Endless Battle Clause: Forcing endless battles is banned\n|rule|HP Percentage Mod: HP is shown in percentages\n|clearpoke\n|poke|p1|Medicham, M|item\n|poke|p1|Hydreigon, F|item\n|poke|p1|Gastrodon, M|item\n|poke|p1|Heatran, M|item\n|poke|p1|Tornadus-Therian, M|item\n|poke|p1|Kartana|item\n|poke|p2|Amoonguss, M|item\n|poke|p2|Alakazam, F|item\n|poke|p2|Clefable, M|item\n|poke|p2|Volcarona, M|item\n|poke|p2|Greninja, F|item\n|poke|p2|Excadrill, M|item\n|teampreview\n|inactive|Battle timer is ON: inactive players will automatically lose when time's up. (requested by fdfdddddddd)\n|\n|start\n|switch|p1a: Predict|Medicham, M|100\/100\n|switch|p2a: Clefable|Clefable, M|100\/100\n|turn|1\n|\n|detailschange|p1a: Predict|Medicham-Mega, M\n|-mega|p1a: Predict|Medicham|Medichamite\n|move|p1a: Predict|Fake Out|p2a: Clefable\n|-damage|p2a: Clefable|83\/100\n|cant|p2a: Clefable|flinch\n|\n|-heal|p2a: Clefable|90\/100|[from] item: Leftovers\n|upkeep\n|turn|2\n|\n|switch|p2a: Greninja|Greninja, F|100\/100\n|move|p1a: Predict|Zen Headbutt|p2a: Greninja\n|-immune|p2a: Greninja\n|\n|upkeep\n|turn|3\n|j| Randomguy 83734\n|\n|switch|p2a: Clefable|Clefable, M|90\/100\n|move|p1a: Predict|High Jump Kick|p2a: Clefable\n|-resisted|p2a: Clefable\n|-damage|p2a: Clefable|45\/100\n|\n|-heal|p2a: Clefable|51\/100|[from] item: Leftovers\n|upkeep\n|turn|4\n|\n|move|p1a: Predict|Zen Headbutt|p2a: Clefable\n|-damage|p2a: Clefable|0 fnt\n|faint|p2a: Clefable\n|\n|upkeep\n|\n|switch|p2a: Volcarona|Volcarona, M|100\/100\n|turn|5\n|\n|move|p1a: Predict|Zen Headbutt|p2a: Volcarona\n|-damage|p2a: Volcarona|0 fnt\n|-status|p1a: Predict|brn|[from] ability: Flame Body|[of] p2a: Volcarona\n|faint|p2a: Volcarona\n|\n|-damage|p1a: Predict|94\/100 brn|[from] brn\n|upkeep\n|\n|switch|p2a: Alakazam|Alakazam, F|100\/100\n|turn|6\n|\n|switch|p1a: Broken|Heatran, M|100\/100\n|move|p2a: Alakazam|Focus Blast|p1a: Broken\n|-supereffective|p1a: Broken\n|-damage|p1a: Broken|44\/100\n|-unboost|p1a: Broken|spd|1\n|\n|-heal|p1a: Broken|51\/100|[from] item: Leftovers\n|upkeep\n|turn|7\n|\n|switch|p1a: Reliable|Tornadus-Therian, M|100\/100\n|move|p2a: Alakazam|Focus Blast|p1a: Reliable|[miss]\n|-miss|p2a: Alakazam|p1a: Reliable\n|\n|upkeep\n|turn|8\n|\n|detailschange|p2a: Alakazam|Alakazam-Mega, F\n|-mega|p2a: Alakazam|Alakazam|Alakazite\n|-ability|p2a: Alakazam|Regenerator|[from] ability: Trace|[of] p1a: Reliable\n|move|p2a: Alakazam|Psyshock|p1a: Reliable\n|-damage|p1a: Reliable|41\/100\n|move|p1a: Reliable|U-turn|p2a: Alakazam\n|-supereffective|p2a: Alakazam\n|-crit|p2a: Alakazam\n|-damage|p2a: Alakazam|16\/100\n|\n|switch|p1a: Wincon|Kartana|100\/100\n|\n|upkeep\n|turn|9\n|\n|switch|p1a: Broken|Heatran, M|51\/100\n|switch|p2a: Amoonguss|Amoonguss, M|100\/100\n|\n|-heal|p1a: Broken|57\/100|[from] item: Leftovers\n|upkeep\n|turn|10\n|\n|switch|p2a: Alakazam|Alakazam-Mega, F|49\/100\n|-ability|p2a: Alakazam|Flash Fire|[from] ability: Trace|[of] p1a: Broken\n|move|p1a: Broken|Stealth Rock|p2a: Alakazam\n|-sidestart|p2: fdfdddddddd|move: Stealth Rock\n|\n|-heal|p1a: Broken|63\/100|[from] item: Leftovers\n|upkeep\n|turn|11\n|\n|switch|p1a: Underrated|Gastrodon, M|100\/100\n|move|p2a: Alakazam|Focus Blast|p1a: Underrated|[miss]\n|-miss|p2a: Alakazam|p1a: Underrated\n|\n|upkeep\n|turn|12\n|\n|move|p2a: Alakazam|Energy Ball|p1a: Underrated\n|-supereffective|p1a: Underrated\n|-damage|p1a: Underrated|0 fnt\n|faint|p1a: Underrated\n|\n|upkeep\n|\n|switch|p1a: Wincon|Kartana|100\/100\n|turn|13\n|\n|switch|p2a: Amoonguss|Amoonguss, M|100\/100\n|-damage|p2a: Amoonguss|88\/100|[from] Stealth Rock\n|move|p1a: Wincon|Knock Off|p2a: Amoonguss\n|-damage|p2a: Amoonguss|49\/100\n|-enditem|p2a: Amoonguss|Black Sludge|[from] move: Knock Off|[of] p1a: Wincon\n|\n|upkeep\n|turn|14\n|\n|switch|p1a: Predict|Medicham-Mega, M|94\/100 brn\n|move|p2a: Amoonguss|Spore||[still]\n|-fail|p2a: Amoonguss\n|\n|-damage|p1a: Predict|88\/100 brn|[from] brn\n|upkeep\n|turn|15\n|\n|switch|p2a: Greninja|Greninja, F|100\/100\n|-damage|p2a: Greninja|88\/100|[from] Stealth Rock\n|move|p1a: Predict|High Jump Kick|p2a: Greninja\n|-supereffective|p2a: Greninja\n|-damage|p2a: Greninja|0 fnt\n|faint|p2a: Greninja\n|\n|-damage|p1a: Predict|82\/100 brn|[from] brn\n|upkeep\n|\n|switch|p2a: Alakazam|Alakazam-Mega, F|49\/100\n|-damage|p2a: Alakazam|37\/100|[from] Stealth Rock\n|-ability|p2a: Alakazam|Pure Power|[from] ability: Trace|[of] p1a: Predict\n|turn|16\n|\n|switch|p1a: Broken|Heatran, M|63\/100\n|move|p2a: Alakazam|Psyshock|p1a: Broken\n|-resisted|p1a: Broken\n|-damage|p1a: Broken|42\/100\n|\n|-heal|p1a: Broken|48\/100|[from] item: Leftovers\n|upkeep\n|turn|17\n|\n|move|p2a: Alakazam|Focus Blast|p1a: Broken\n|-supereffective|p1a: Broken\n|-damage|p1a: Broken|0 fnt\n|faint|p1a: Broken\n|\n|upkeep\n|\n|switch|p1a: Wincon|Kartana|100\/100\n|turn|18\n|\n|switch|p2a: Amoonguss|Amoonguss, M|82\/100\n|-damage|p2a: Amoonguss|70\/100|[from] Stealth Rock\n|move|p1a: Wincon|Smart Strike|p2a: Amoonguss\n|-damage|p2a: Amoonguss|30\/100\n|\n|upkeep\n|turn|19\n|\n|switch|p1a: Predict|Medicham-Mega, M|82\/100 brn\n|switch|p2a: Excadrill|Excadrill, M|100\/100\n|-damage|p2a: Excadrill|97\/100|[from] Stealth Rock\n|-ability|p2a: Excadrill|Mold Breaker\n|\n|-heal|p2a: Excadrill|100\/100|[from] item: Leftovers\n|-damage|p1a: Predict|76\/100 brn|[from] brn\n|upkeep\n|turn|20\n|\n|move|p1a: Predict|High Jump Kick|p2a: Excadrill\n|-supereffective|p2a: Excadrill\n|-damage|p2a: Excadrill|0 fnt\n|faint|p2a: Excadrill\n|\n|-damage|p1a: Predict|70\/100 brn|[from] brn\n|upkeep\n|\n|switch|p2a: Alakazam|Alakazam-Mega, F|37\/100\n|-damage|p2a: Alakazam|24\/100|[from] Stealth Rock\n|-ability|p2a: Alakazam|Pure Power|[from] ability: Trace|[of] p1a: Predict\n|turn|21\n|\n|move|p2a: Alakazam|Psyshock|p1a: Predict\n|-damage|p1a: Predict|0 fnt\n|faint|p1a: Predict\n|\n|upkeep\n|\n|switch|p1a: Wincon|Kartana|100\/100\n|turn|22\n|\n|move|p1a: Wincon|Smart Strike|p2a: Alakazam\n|-damage|p2a: Alakazam|0 fnt\n|faint|p2a: Alakazam\n|-ability|p1a: Wincon|Beast Boost|boost\n|-boost|p1a: Wincon|atk|1\n|\n|upkeep\n|-message|fdfdddddddd forfeited.\n|\n|win|why addicted\n|l|\u2606fdfdddddddd\n|raw|why addicted's rating: 1892 &rarr; <strong>1909<\/strong><br \/>(+17 for winning)\n|raw|fdfdddddddd's rating: 1841 &rarr; <strong>1824<\/strong><br \/>(-17 for losing)\n","uploadtime":1553859354,"views":53,"p1id":"whyaddicted","p2id":"fdfdddddddd","formatid":"gen7ou","rating":1824,"private":0,"password":null}