{"id":"gen7ou-765915280","p1":"SchuinePater69","p2":"Worstsetsever","format":"gen7ou","log":"|j|\u2606SchuinePater69\n|j|\u2606Worstsetsever\n|player|p1|SchuinePater69|162\n|player|p2|Worstsetsever|1\n|teamsize|p1|6\n|teamsize|p2|6\n|gametype|singles\n|gen|7\n|tier|[Gen 7] OU\n|rated|\n|rule|Sleep Clause Mod: Limit one foe put to sleep\n|rule|Species Clause: Limit one of each Pok\u00e9mon\n|rule|OHKO Clause: OHKO moves are banned\n|rule|Moody Clause: Moody is banned\n|rule|Evasion Moves Clause: Evasion moves are banned\n|rule|Endless Battle Clause: Forcing endless battles is banned\n|rule|HP Percentage Mod: HP is shown in percentages\n|clearpoke\n|poke|p1|Charizard, M|item\n|poke|p1|Tapu Koko|item\n|poke|p1|Tyranitar, M|item\n|poke|p1|Tornadus-Therian, M|item\n|poke|p1|Tapu Bulu|item\n|poke|p1|Excadrill, M|item\n|poke|p2|Heatran, F|item\n|poke|p2|Landorus-Therian, M|item\n|poke|p2|Tangrowth, M|item\n|poke|p2|Charizard, M|item\n|poke|p2|Tapu Koko|item\n|poke|p2|Greninja, M|item\n|teampreview\n|inactive|Battle timer is ON: inactive players will automatically lose when time's up. (requested by Worstsetsever)\n|j| SikeruX\n|inactive|SchuinePater69 has 135 seconds left.\n|inactive|Worstsetsever has 135 seconds left.\n|inactive|SchuinePater69 has 120 seconds left.\n|\n|start\n|switch|p1a: Tapu Bulu|Tapu Bulu|100\/100\n|switch|p2a: Tapu Koko|Tapu Koko|100\/100\n|-fieldstart|move: Electric Terrain|[from] ability: Electric Surge|[of] p2a: Tapu Koko\n|-fieldstart|move: Grassy Terrain|[from] ability: Grassy Surge|[of] p1a: Tapu Bulu\n|turn|1\n|\n|move|p2a: Tapu Koko|Volt Switch|p1a: Tapu Bulu\n|-resisted|p1a: Tapu Bulu\n|-damage|p1a: Tapu Bulu|79\/100\n|\n|switch|p2a: Heatran|Heatran, F|100\/100\n|move|p1a: Tapu Bulu|Horn Leech|p2a: Heatran\n|-resisted|p2a: Heatran\n|-damage|p2a: Heatran|88\/100\n|-heal|p1a: Tapu Bulu|87\/100|[from] drain|[of] p2a: Heatran\n|\n|-heal|p2a: Heatran|94\/100|[from] item: Leftovers\n|-heal|p2a: Heatran|99\/100|[from] Grassy Terrain\n|-heal|p1a: Tapu Bulu|93\/100|[from] Grassy Terrain\n|upkeep\n|turn|2\n|\n|move|p2a: Heatran|Stealth Rock|p1a: Tapu Bulu\n|-sidestart|p1: SchuinePater69|move: Stealth Rock\n|-zpower|p1a: Tapu Bulu\n|move|p1a: Tapu Bulu|All-Out Pummeling|p2a: Heatran|[zeffect]\n|-supereffective|p2a: Heatran\n|-damage|p2a: Heatran|0 fnt\n|faint|p2a: Heatran\n|\n|-heal|p1a: Tapu Bulu|99\/100|[from] Grassy Terrain\n|upkeep\n|\n|switch|p2a: Charizard|Charizard, M|100\/100\n|turn|3\n|\n|switch|p1a: Tyranitar|Tyranitar, M|100\/100\n|-damage|p1a: Tyranitar|88\/100|[from] Stealth Rock\n|-weather|Sandstorm|[from] ability: Sand Stream|[of] p1a: Tyranitar\n|detailschange|p2a: Charizard|Charizard-Mega-X, M\n|-mega|p2a: Charizard|Charizard|Charizardite X\n|move|p2a: Charizard|Fire Punch|p1a: Tyranitar\n|-resisted|p1a: Tyranitar\n|-damage|p1a: Tyranitar|67\/100\n|\n|-weather|Sandstorm|[upkeep]\n|-damage|p2a: Charizard|94\/100|[from] Sandstorm\n|-heal|p2a: Charizard|100\/100|[from] Grassy Terrain\n|-heal|p1a: Tyranitar|73\/100|[from] item: Leftovers\n|-heal|p1a: Tyranitar|79\/100|[from] Grassy Terrain\n|upkeep\n|turn|4\n|inactive|Worstsetsever has 135 seconds left.\n|\n|switch|p2a: Landorus|Landorus-Therian, M|100\/100\n|-ability|p2a: Landorus|Intimidate|boost\n|-unboost|p1a: Tyranitar|atk|1\n|move|p1a: Tyranitar|Stealth Rock|p2a: Landorus\n|-sidestart|p2: Worstsetsever|move: Stealth Rock\n|\n|-weather|Sandstorm|[upkeep]\n|-heal|p1a: Tyranitar|85\/100|[from] item: Leftovers\n|-heal|p1a: Tyranitar|92\/100|[from] Grassy Terrain\n|upkeep\n|turn|5\n|\n|switch|p1a: Tapu Bulu|Tapu Bulu|99\/100\n|-damage|p1a: Tapu Bulu|87\/100|[from] Stealth Rock\n|move|p2a: Landorus|U-turn|p1a: Tapu Bulu\n|-damage|p1a: Tapu Bulu|68\/100\n|\n|switch|p2a: Charizard|Charizard-Mega-X, M|100\/100\n|-damage|p2a: Charizard|76\/100|[from] Stealth Rock\n|\n|-weather|Sandstorm|[upkeep]\n|-damage|p2a: Charizard|70\/100|[from] Sandstorm\n|-damage|p1a: Tapu Bulu|61\/100|[from] Sandstorm\n|-heal|p2a: Charizard|76\/100|[from] Grassy Terrain\n|-heal|p1a: Tapu Bulu|68\/100|[from] Grassy Terrain\n|-fieldend|move: Grassy Terrain\n|upkeep\n|turn|6\n|\n|switch|p1a: Tyranitar|Tyranitar, M|92\/100\n|-damage|p1a: Tyranitar|79\/100|[from] Stealth Rock\n|move|p2a: Charizard|Fire Punch|p1a: Tyranitar\n|-resisted|p1a: Tyranitar\n|-damage|p1a: Tyranitar|61\/100\n|\n|-weather|Sandstorm|[upkeep]\n|-damage|p2a: Charizard|70\/100|[from] Sandstorm\n|-heal|p1a: Tyranitar|67\/100|[from] item: Leftovers\n|upkeep\n|turn|7\n|\n|move|p2a: Charizard|Earthquake|p1a: Tyranitar\n|-supereffective|p1a: Tyranitar\n|-damage|p1a: Tyranitar|10\/100\n|move|p1a: Tyranitar|Stone Edge|p2a: Charizard|[miss]\n|-miss|p1a: Tyranitar|p2a: Charizard\n|\n|-weather|none\n|-heal|p1a: Tyranitar|17\/100|[from] item: Leftovers\n|upkeep\n|turn|8\n|inactive|SchuinePater69 has 135 seconds left.\n|inactive|SchuinePater69 has 120 seconds left.\n|\n|switch|p1a: Tapu Bulu|Tapu Bulu|68\/100\n|-damage|p1a: Tapu Bulu|55\/100|[from] Stealth Rock\n|-fieldstart|move: Grassy Terrain|[from] ability: Grassy Surge|[of] p1a: Tapu Bulu\n|move|p2a: Charizard|Dragon Claw|p1a: Tapu Bulu\n|-immune|p1a: Tapu Bulu|[msg]\n|\n|-heal|p2a: Charizard|76\/100|[from] Grassy Terrain\n|-heal|p1a: Tapu Bulu|61\/100|[from] Grassy Terrain\n|upkeep\n|turn|9\n|j| I could be 1500s\n|inactive|Worstsetsever has 135 seconds left.\n|\n|move|p2a: Charizard|Fire Punch|p1a: Tapu Bulu\n|-supereffective|p1a: Tapu Bulu\n|-damage|p1a: Tapu Bulu|0 fnt\n|faint|p1a: Tapu Bulu\n|\n|-heal|p2a: Charizard|82\/100|[from] Grassy Terrain\n|upkeep\n|\n|switch|p1a: Tyranitar|Tyranitar, M|17\/100\n|-damage|p1a: Tyranitar|4\/100|[from] Stealth Rock\n|-weather|Sandstorm|[from] ability: Sand Stream|[of] p1a: Tyranitar\n|turn|10\n|\n|move|p2a: Charizard|Fire Punch|p1a: Tyranitar\n|-resisted|p1a: Tyranitar\n|-damage|p1a: Tyranitar|0 fnt\n|faint|p1a: Tyranitar\n|\n|-weather|Sandstorm|[upkeep]\n|-damage|p2a: Charizard|76\/100|[from] Sandstorm\n|-heal|p2a: Charizard|82\/100|[from] Grassy Terrain\n|upkeep\n|\n|switch|p1a: Excadrill|Excadrill, M, shiny|100\/100\n|-damage|p1a: Excadrill|97\/100|[from] Stealth Rock\n|-item|p1a: Excadrill|Air Balloon\n|turn|11\n|\n|move|p1a: Excadrill|Rapid Spin|p2a: Charizard\n|-damage|p2a: Charizard|74\/100\n|-sideend|p1: SchuinePater69|Stealth Rock|[from] move: Rapid Spin|[of] p1a: Excadrill\n|move|p2a: Charizard|Fire Punch|p1a: Excadrill\n|-supereffective|p1a: Excadrill\n|-damage|p1a: Excadrill|0 fnt\n|-enditem|p1a: Excadrill|Air Balloon\n|faint|p1a: Excadrill\n|\n|-weather|Sandstorm|[upkeep]\n|-damage|p2a: Charizard|68\/100|[from] Sandstorm\n|-heal|p2a: Charizard|74\/100|[from] Grassy Terrain\n|upkeep\n|c|\u2606SchuinePater69|well\n|\n|switch|p1a: Tornadus|Tornadus-Therian, M, shiny|100\/100\n|turn|12\n|inactive|Worstsetsever has 135 seconds left.\n|\n|move|p1a: Tornadus|Hurricane|p2a: Charizard\n|-damage|p2a: Charizard|0 fnt\n|-damage|p1a: Tornadus|91\/100|[from] item: Life Orb\n|faint|p2a: Charizard\n|\n|-weather|Sandstorm|[upkeep]\n|-damage|p1a: Tornadus|85\/100|[from] Sandstorm\n|-fieldend|move: Grassy Terrain\n|upkeep\n|c|\u2606SchuinePater69|that stone edge miss really fucked me up\n|\n|switch|p2a: Tapu Koko|Tapu Koko|100\/100\n|-damage|p2a: Tapu Koko|88\/100|[from] Stealth Rock\n|-fieldstart|move: Electric Terrain|[from] ability: Electric Surge|[of] p2a: Tapu Koko\n|turn|13\n|inactive|SchuinePater69 has 135 seconds left.\n|\n|switch|p1a: Tapu Koko|Tapu Koko|100\/100\n|move|p2a: Tapu Koko|Thunderbolt|p1a: Tapu Koko\n|-resisted|p1a: Tapu Koko\n|-damage|p1a: Tapu Koko|39\/100\n|\n|-weather|Sandstorm|[upkeep]\n|-damage|p1a: Tapu Koko|33\/100|[from] Sandstorm\n|-damage|p2a: Tapu Koko|82\/100|[from] Sandstorm\n|upkeep\n|turn|14\n|inactive|Worstsetsever has 135 seconds left.\n|\n|switch|p2a: Tangrowth|Tangrowth, M|100\/100\n|-damage|p2a: Tangrowth|88\/100|[from] Stealth Rock\n|move|p1a: Tapu Koko|Dazzling Gleam|p2a: Tangrowth\n|-damage|p2a: Tangrowth|68\/100\n|\n|-weather|none\n|upkeep\n|turn|15\n|inactive|Worstsetsever has 135 seconds left.\n|\n|switch|p1a: Tornadus|Tornadus-Therian, M, shiny|100\/100\n|switch|p2a: Landorus|Landorus-Therian, M|100\/100\n|-damage|p2a: Landorus|88\/100|[from] Stealth Rock\n|-ability|p2a: Landorus|Intimidate|boost\n|-unboost|p1a: Tornadus|atk|1\n|\n|upkeep\n|turn|16\n|inactive|Worstsetsever has 135 seconds left.\n|\n|switch|p2a: Greninja|Greninja, M|100\/100\n|-damage|p2a: Greninja|88\/100|[from] Stealth Rock\n|move|p1a: Tornadus|Hurricane|p2a: Greninja|[miss]\n|-miss|p1a: Tornadus|p2a: Greninja\n|\n|upkeep\n|turn|17\n|\n|move|p2a: Greninja|Ice Beam|p1a: Tornadus\n|-start|p2a: Greninja|typechange|Ice|[from] Protean\n|-supereffective|p1a: Tornadus\n|-damage|p1a: Tornadus|22\/100\n|move|p1a: Tornadus|U-turn|p2a: Greninja\n|-damage|p2a: Greninja|63\/100\n|-damage|p1a: Tornadus|13\/100|[from] item: Life Orb\n|\n|switch|p1a: Tapu Koko|Tapu Koko|33\/100\n|\n|-fieldend|move: Electric Terrain\n|upkeep\n|turn|18\n|\n|move|p1a: Tapu Koko|Volt Switch|p2a: Greninja\n|-damage|p2a: Greninja|8\/100\n|\n|switch|p1a: Tornadus|Tornadus-Therian, M, shiny|46\/100\n|move|p2a: Greninja|Ice Beam|p1a: Tornadus\n|-supereffective|p1a: Tornadus\n|-damage|p1a: Tornadus|0 fnt\n|faint|p1a: Tornadus\n|\n|upkeep\n|\n|switch|p1a: Charizard|Charizard, M|100\/100\n|turn|19\n|inactive|Worstsetsever has 135 seconds left.\n|\n|switch|p2a: Landorus|Landorus-Therian, M|88\/100\n|-damage|p2a: Landorus|76\/100|[from] Stealth Rock\n|-ability|p2a: Landorus|Intimidate|boost\n|-unboost|p1a: Charizard|atk|1\n|detailschange|p1a: Charizard|Charizard-Mega-X, M\n|-mega|p1a: Charizard|Charizard|Charizardite X\n|move|p1a: Charizard|Dragon Dance|p1a: Charizard\n|-boost|p1a: Charizard|atk|1\n|-boost|p1a: Charizard|spe|1\n|\n|upkeep\n|turn|20\n|inactive|Worstsetsever has 135 seconds left.\n|\n|move|p1a: Charizard|Flare Blitz|p2a: Landorus\n|-damage|p2a: Landorus|18\/100\n|-damage|p1a: Charizard|84\/100|[from] item: Rocky Helmet|[of] p2a: Landorus\n|-damage|p1a: Charizard|59\/100|[from] Recoil\n|move|p2a: Landorus|Earthquake|p1a: Charizard\n|-supereffective|p1a: Charizard\n|-damage|p1a: Charizard|0 fnt\n|faint|p1a: Charizard\n|\n|upkeep\n|\n|switch|p1a: Tapu Koko|Tapu Koko|33\/100\n|-fieldstart|move: Electric Terrain|[from] ability: Electric Surge|[of] p1a: Tapu Koko\n|turn|21\n|c|\u2606SchuinePater69|gg\n|\n|move|p1a: Tapu Koko|Dazzling Gleam|p2a: Landorus\n|-damage|p2a: Landorus|0 fnt\n|faint|p2a: Landorus\n|\n|upkeep\n|\n|switch|p2a: Tangrowth|Tangrowth, M|100\/100\n|-damage|p2a: Tangrowth|88\/100|[from] Stealth Rock\n|turn|22\n|\n|move|p1a: Tapu Koko|Dazzling Gleam|p2a: Tangrowth\n|-damage|p2a: Tangrowth|68\/100\n|move|p2a: Tangrowth|Earthquake|p1a: Tapu Koko\n|-supereffective|p1a: Tapu Koko\n|-damage|p1a: Tapu Koko|0 fnt\n|faint|p1a: Tapu Koko\n|\n|win|Worstsetsever\n|raw|SchuinePater69's rating: 1703 &rarr; <strong>1685<\/strong><br \/>(-18 for losing)\n|raw|Worstsetsever's rating: 1733 &rarr; <strong>1751<\/strong><br \/>(+18 for winning)\n|l|\u2606SchuinePater69\n|c|\u2606Worstsetsever|Gg sorry foe the misses man\n|l|\u2606Worstsetsever\n","inputlog":null,"uploadtime":1529662882,"views":6,"p1id":"schuinepater69","p2id":"worstsetsever","formatid":"gen7ou","rating":1685,"private":0,"password":null}