{"id":"gen7ou-1616712353","p1":"lou dort","p2":"okaiokaiokai","format":"gen7ou","log":"|j|\u2606lou dort\n|j|\u2606okaiokaiokai\n|inactive|Battle timer is ON: inactive players will automatically lose when time's up.\n|t:|1657750536\n|gametype|singles\n|player|p1|lou dort|ryuki|\n|player|p2|okaiokaiokai|iris-gen5bw2|\n|teamsize|p1|6\n|teamsize|p2|6\n|gen|7\n|tier|[Gen 7] OU\n|rated|Tournament battle\n|rule|Sleep Clause Mod: Limit one foe put to sleep\n|rule|Species Clause: Limit one of each Pok\u00e9mon\n|rule|OHKO Clause: OHKO moves are banned\n|rule|Moody Clause: Moody is banned\n|rule|Evasion Moves Clause: Evasion moves are banned\n|rule|Endless Battle Clause: Forcing endless battles is banned\n|rule|HP Percentage Mod: HP is shown in percentages\n|clearpoke\n|poke|p1|Mewtwo|item\n|poke|p1|Heatran, M|item\n|poke|p1|Tornadus-Therian, M|item\n|poke|p1|Landorus-Therian, M|item\n|poke|p1|Tapu Fini|item\n|poke|p1|Magearna|item\n|poke|p2|Swampert, F|item\n|poke|p2|Pelipper, M|item\n|poke|p2|Manaphy|item\n|poke|p2|Ferrothorn, M|item\n|poke|p2|Greninja, M|item\n|poke|p2|Tornadus-Therian, M|item\n|teampreview\n|inactive|lou dort also wants the timer to be on.\n|c|\u2606lou dort|hf\n|j| TheNewBrends11\n|c|\u2606okaiokaiokai|u2\n|j| UnBeatableTR\n|inactive|okaiokaiokai has 120 seconds left.\n|c|\u2606okaiokaiokai|oh crap\n|c|\u2606okaiokaiokai|i did not read the rules\n|\n|t:|1657750593\n|start\n|switch|p1a: Tornadus|Tornadus-Therian, M|100\/100\n|switch|p2a: Pelipper|Pelipper, M|100\/100\n|-weather|RainDance|[from] ability: Drizzle|[of] p2a: Pelipper\n|turn|1\n|\n|t:|1657750607\n|move|p1a: Tornadus|Hurricane|p2a: Pelipper\n|-damage|p2a: Pelipper|44\/100\n|-start|p2a: Pelipper|confusion\n|-activate|p2a: Pelipper|confusion\n|move|p2a: Pelipper|Knock Off|p1a: Tornadus\n|-damage|p1a: Tornadus|86\/100\n|-damage|p2a: Pelipper|28\/100|[from] item: Rocky Helmet|[of] p1a: Tornadus\n|-enditem|p1a: Tornadus|Rocky Helmet|[from] move: Knock Off|[of] p2a: Pelipper\n|\n|-weather|RainDance|[upkeep]\n|upkeep\n|turn|2\n|\n|t:|1657750628\n|switch|p2a: Tornadus|Tornadus-Therian, M, shiny|100\/100\n|move|p1a: Tornadus|Hurricane|p2a: Tornadus\n|-damage|p2a: Tornadus|60\/100\n|\n|-weather|RainDance|[upkeep]\n|upkeep\n|turn|3\n|\n|t:|1657750635\n|move|p1a: Tornadus|Hurricane|p2a: Tornadus\n|-damage|p2a: Tornadus|20\/100\n|move|p2a: Tornadus|Hurricane|p1a: Tornadus\n|-damage|p1a: Tornadus|45\/100\n|\n|-weather|RainDance|[upkeep]\n|upkeep\n|turn|4\n|\n|t:|1657750654\n|switch|p2a: Ferrothorn|Ferrothorn, M, shiny|100\/100\n|move|p1a: Tornadus|Hurricane|p2a: Ferrothorn\n|-crit|p2a: Ferrothorn\n|-damage|p2a: Ferrothorn|63\/100\n|-start|p2a: Ferrothorn|confusion\n|\n|-weather|RainDance|[upkeep]\n|upkeep\n|turn|5\n|\n|t:|1657750665\n|move|p1a: Tornadus|Taunt|p2a: Ferrothorn\n|-start|p2a: Ferrothorn|move: Taunt\n|cant|p2a: Ferrothorn|move: Taunt|Spikes\n|\n|-weather|RainDance|[upkeep]\n|upkeep\n|turn|6\n|\n|t:|1657750676\n|switch|p2a: Swampert|Swampert, F|100\/100\n|move|p1a: Tornadus|Hurricane|p2a: Swampert\n|-damage|p2a: Swampert|56\/100\n|\n|-weather|RainDance|[upkeep]\n|upkeep\n|turn|7\n|\n|t:|1657750686\n|switch|p1a: Tapu Fini|Tapu Fini|100\/100\n|-fieldstart|move: Misty Terrain|[from] ability: Misty Surge|[of] p1a: Tapu Fini\n|detailschange|p2a: Swampert|Swampert-Mega, F\n|-mega|p2a: Swampert|Swampert|Swampertite\n|move|p2a: Swampert|Stealth Rock|p1a: Tapu Fini\n|-sidestart|p1: lou dort|move: Stealth Rock\n|\n|-weather|RainDance|[upkeep]\n|upkeep\n|turn|8\n|\n|t:|1657750699\n|switch|p2a: Ferrothorn|Ferrothorn, M, shiny|63\/100\n|move|p1a: Tapu Fini|Defog|p2a: Ferrothorn\n|-unboost|p2a: Ferrothorn|evasion|1\n|-sideend|p1: lou dort|Stealth Rock|[from] move: Defog|[of] p1a: Tapu Fini\n|\n|-weather|none\n|upkeep\n|turn|9\n|\n|t:|1657750712\n|switch|p1a: Heatran|Heatran, M|100\/100\n|move|p2a: Ferrothorn|Knock Off|p1a: Heatran\n|-damage|p1a: Heatran|86\/100\n|\n|upkeep\n|turn|10\n|inactive|okaiokaiokai has 120 seconds left.\n|\n|t:|1657750733\n|switch|p2a: Pelipper|Pelipper, M|28\/100\n|-weather|RainDance|[from] ability: Drizzle|[of] p2a: Pelipper\n|move|p1a: Heatran|Stealth Rock|p2a: Pelipper\n|-sidestart|p2: okaiokaiokai|move: Stealth Rock\n|\n|-weather|RainDance|[upkeep]\n|upkeep\n|turn|11\n|inactive|okaiokaiokai has 120 seconds left.\n|\n|t:|1657750746\n|switch|p2a: Tornadus|Tornadus-Therian, M, shiny|53\/100\n|-damage|p2a: Tornadus|28\/100|[from] Stealth Rock\n|move|p1a: Heatran|Magma Storm|p2a: Tornadus\n|-damage|p2a: Tornadus|0 fnt\n|faint|p2a: Tornadus\n|\n|-weather|RainDance|[upkeep]\n|-fieldend|Misty Terrain\n|upkeep\n|inactive|okaiokaiokai has 120 seconds left.\n|\n|t:|1657750755\n|switch|p2a: Manaphy|Manaphy|100\/100\n|-damage|p2a: Manaphy|88\/100|[from] Stealth Rock\n|turn|12\n|\n|t:|1657750762\n|move|p1a: Heatran|Toxic|p2a: Manaphy|[miss]\n|-miss|p1a: Heatran|p2a: Manaphy\n|move|p2a: Manaphy|Tail Glow|p2a: Manaphy\n|-boost|p2a: Manaphy|spa|3\n|\n|-weather|RainDance|[upkeep]\n|upkeep\n|turn|13\n|\n|t:|1657750772\n|move|p1a: Heatran|Toxic|p2a: Manaphy\n|-status|p2a: Manaphy|tox\n|-zpower|p2a: Manaphy\n|move|p2a: Manaphy|Hydro Vortex|p1a: Heatran|[zeffect]\n|-supereffective|p1a: Heatran\n|-damage|p1a: Heatran|0 fnt\n|faint|p1a: Heatran\n|\n|-weather|RainDance|[upkeep]\n|-activate|p2a: Manaphy|ability: Hydration\n|-curestatus|p2a: Manaphy|tox|[msg]\n|upkeep\n|\n|t:|1657750801\n|switch|p1a: Tornadus|Tornadus-Therian, M|78\/100\n|turn|14\n|j| gewwge\n|\n|t:|1657750815\n|move|p1a: Tornadus|Hurricane|p2a: Manaphy\n|-damage|p2a: Manaphy|51\/100\n|move|p2a: Manaphy|Surf|p1a: Tornadus\n|-damage|p1a: Tornadus|0 fnt\n|faint|p1a: Tornadus\n|\n|-weather|RainDance|[upkeep]\n|upkeep\n|\n|t:|1657750820\n|switch|p1a: Mewtwo|Mewtwo|100\/100\n|-ability|p1a: Mewtwo|Pressure\n|turn|15\n|\n|t:|1657750824\n|detailschange|p1a: Mewtwo|Mewtwo-Mega-Y\n|-mega|p1a: Mewtwo|Mewtwo|Mewtwonite Y\n|move|p1a: Mewtwo|Psystrike|p2a: Manaphy\n|-damage|p2a: Manaphy|0 fnt\n|faint|p2a: Manaphy\n|\n|-weather|RainDance|[upkeep]\n|upkeep\n|\n|t:|1657750835\n|switch|p2a: Swampert|Swampert-Mega, F|56\/100\n|-damage|p2a: Swampert|50\/100|[from] Stealth Rock\n|turn|16\n|\n|t:|1657750840\n|switch|p1a: Tapu Fini|Tapu Fini|100\/100\n|-fieldstart|move: Misty Terrain|[from] ability: Misty Surge|[of] p1a: Tapu Fini\n|move|p2a: Swampert|Waterfall|p1a: Tapu Fini\n|-resisted|p1a: Tapu Fini\n|-damage|p1a: Tapu Fini|72\/100\n|\n|-weather|RainDance|[upkeep]\n|-heal|p1a: Tapu Fini|78\/100|[from] item: Leftovers\n|upkeep\n|turn|17\n|\n|t:|1657750855\n|move|p2a: Swampert|Earthquake|p1a: Tapu Fini\n|-damage|p1a: Tapu Fini|24\/100\n|move|p1a: Tapu Fini|Scald|p2a: Swampert\n|-damage|p2a: Swampert|11\/100\n|\n|-weather|none\n|-heal|p1a: Tapu Fini|30\/100|[from] item: Leftovers\n|upkeep\n|turn|18\n|\n|t:|1657750871\n|switch|p2a: Pelipper|Pelipper, M|28\/100\n|-damage|p2a: Pelipper|3\/100|[from] Stealth Rock\n|-weather|RainDance|[from] ability: Drizzle|[of] p2a: Pelipper\n|switch|p1a: Landorus|Landorus-Therian, M|100\/100\n|-ability|p1a: Landorus|Intimidate|boost\n|-unboost|p2a: Pelipper|atk|1\n|\n|-weather|RainDance|[upkeep]\n|upkeep\n|turn|19\n|\n|t:|1657750882\n|switch|p2a: Ferrothorn|Ferrothorn, M, shiny|63\/100\n|-damage|p2a: Ferrothorn|57\/100|[from] Stealth Rock\n|move|p1a: Landorus|U-turn|p2a: Ferrothorn\n|-damage|p2a: Ferrothorn|39\/100\n|-damage|p1a: Landorus|88\/100|[from] ability: Iron Barbs|[of] p2a: Ferrothorn\n|\n|t:|1657750886\n|switch|p1a: Mewtwo|Mewtwo-Mega-Y|100\/100|[from]move: U-turn\n|\n|-weather|RainDance|[upkeep]\n|upkeep\n|turn|20\n|\n|t:|1657750895\n|move|p1a: Mewtwo|Ice Beam|p2a: Ferrothorn\n|-damage|p2a: Ferrothorn|11\/100\n|-enditem|p2a: Ferrothorn|Figy Berry|[eat]\n|-heal|p2a: Ferrothorn|61\/100|[from] item: Figy Berry\n|move|p2a: Ferrothorn|Toxic|p1a: Mewtwo\n|-activate|p1a: Mewtwo|move: Misty Terrain\n|\n|-weather|RainDance|[upkeep]\n|-fieldend|Misty Terrain\n|upkeep\n|turn|21\n|\n|t:|1657750903\n|move|p1a: Mewtwo|Fire Blast|p2a: Ferrothorn\n|-supereffective|p2a: Ferrothorn\n|-damage|p2a: Ferrothorn|0 fnt\n|faint|p2a: Ferrothorn\n|\n|-weather|RainDance|[upkeep]\n|upkeep\n|\n|t:|1657750911\n|switch|p2a: Swampert|Swampert-Mega, F|11\/100\n|-damage|p2a: Swampert|5\/100|[from] Stealth Rock\n|turn|22\n|\n|t:|1657750916\n|switch|p1a: Landorus|Landorus-Therian, M|88\/100\n|-ability|p1a: Landorus|Intimidate|boost\n|-unboost|p2a: Swampert|atk|1\n|move|p2a: Swampert|Waterfall|p1a: Landorus\n|-supereffective|p1a: Landorus\n|-damage|p1a: Landorus|0 fnt\n|faint|p1a: Landorus\n|\n|-weather|RainDance|[upkeep]\n|upkeep\n|\n|t:|1657750928\n|switch|p1a: Tapu Fini|Tapu Fini|30\/100\n|-fieldstart|move: Misty Terrain|[from] ability: Misty Surge|[of] p1a: Tapu Fini\n|turn|23\n|\n|t:|1657750932\n|move|p2a: Swampert|Earthquake|p1a: Tapu Fini\n|-damage|p1a: Tapu Fini|0 fnt\n|faint|p1a: Tapu Fini\n|\n|-weather|RainDance|[upkeep]\n|upkeep\n|\n|t:|1657750935\n|switch|p1a: Mewtwo|Mewtwo-Mega-Y|100\/100\n|turn|24\n|\n|t:|1657750939\n|move|p2a: Swampert|Waterfall|p1a: Mewtwo\n|-damage|p1a: Mewtwo|38\/100\n|move|p1a: Mewtwo|Ice Beam|p2a: Swampert\n|-damage|p2a: Swampert|0 fnt\n|faint|p2a: Swampert\n|\n|-weather|RainDance|[upkeep]\n|upkeep\n|\n|t:|1657750948\n|switch|p2a: Greninja|Greninja, M|100\/100\n|-damage|p2a: Greninja|88\/100|[from] Stealth Rock\n|turn|25\n|\n|t:|1657750956\n|switch|p1a: Magearna|Magearna|100\/100\n|move|p2a: Greninja|Water Shuriken|p1a: Magearna\n|-damage|p1a: Magearna|93\/100\n|-damage|p1a: Magearna|86\/100\n|-damage|p1a: Magearna|80\/100\n|-hitcount|p1a: Magearna|3\n|\n|-weather|none\n|upkeep\n|turn|26\n|c|\u2606lou dort|gg\n|\n|t:|1657750968\n|switch|p2a: Pelipper|Pelipper, M|3\/100\n|-damage|p2a: Pelipper|0 fnt|[from] Stealth Rock\n|faint|p2a: Pelipper\n|-ability|p1a: Magearna|Soul-Heart|boost\n|-boost|p1a: Magearna|spa|1\n|move|p1a: Magearna|Fleur Cannon|p2: Pelipper|[notarget]\n|-fail|p1a: Magearna\n|\n|upkeep\n|\n|t:|1657750975\n|switch|p2a: Greninja|Greninja, M|88\/100\n|-damage|p2a: Greninja|76\/100|[from] Stealth Rock\n|turn|27\n|\n|t:|1657750980\n|move|p2a: Greninja|Hydro Pump|p1a: Magearna|[miss]\n|-miss|p2a: Greninja|p1a: Magearna\n|move|p1a: Magearna|Volt Switch|p2a: Greninja\n|-supereffective|p2a: Greninja\n|-damage|p2a: Greninja|0 fnt\n|faint|p2a: Greninja\n|\n|win|lou dort\n|n|\u2606lou dort|loudort\n|n|\u2606okaiokaiokai|okaiokaiokai\n|n| TheNewBrends11|thenewbrends11\n|n| UnBeatableTR|unbeatabletr\n|n| gewwge|gewwge\n|c|\u2606okaiokaiokai|gg\n|l|\u2606lou dort\n|l|\u2606okaiokaiokai\n|l| gewwge\n","uploadtime":1657751056,"views":6,"p1id":"loudort","p2id":"okaiokaiokai","formatid":"gen7ou","rating":0,"private":0,"password":null}