{"id":"gen7ou-843484566","p1":"OGamer289","p2":"Zekkein","format":"gen7ou","log":"|j|\u2606OGamer289\n|j|\u2606Zekkein\n|player|p1|OGamer289|153\n|player|p2|Zekkein|#yellow\n|teamsize|p1|6\n|teamsize|p2|6\n|gametype|singles\n|gen|7\n|tier|[Gen 7] OU\n|rated|\n|rule|Sleep Clause Mod: Limit one foe put to sleep\n|rule|Species Clause: Limit one of each Pok\u00e9mon\n|rule|OHKO Clause: OHKO moves are banned\n|rule|Moody Clause: Moody is banned\n|rule|Evasion Moves Clause: Evasion moves are banned\n|rule|Endless Battle Clause: Forcing endless battles is banned\n|rule|HP Percentage Mod: HP is shown in percentages\n|clearpoke\n|poke|p1|Salamence, M|item\n|poke|p1|Tapu Fini|item\n|poke|p1|Ferrothorn, M|item\n|poke|p1|Entei|item\n|poke|p1|Medicham, M|item\n|poke|p1|Greninja, M|item\n|poke|p2|Excadrill, M|item\n|poke|p2|Tangrowth, F|item\n|poke|p2|Tyranitar, M|item\n|poke|p2|Tornadus-Therian, M|item\n|poke|p2|Rotom-Wash|item\n|poke|p2|Victini|item\n|teampreview\n|\n|start\n|switch|p1a: Entei|Entei, shiny|100\/100\n|switch|p2a: Victini|Victini|100\/100\n|-ability|p1a: Entei|Pressure\n|turn|1\n|\n|move|p2a: Victini|U-turn|p1a: Entei\n|-resisted|p1a: Entei\n|-damage|p1a: Entei|93\/100\n|\n|switch|p2a: Rotom|Rotom-Wash|100\/100\n|move|p1a: Entei|Stone Edge|p2a: Rotom\n|-damage|p2a: Rotom|59\/100\n|\n|-heal|p2a: Rotom|66\/100|[from] item: Leftovers\n|upkeep\n|turn|2\n|inactive|Battle timer is ON: inactive players will automatically lose when time's up. (requested by OGamer289)\n|\n|switch|p1a: Ferrothorn|Ferrothorn, M, shiny|100\/100\n|move|p2a: Rotom|Volt Switch|p1a: Ferrothorn\n|-resisted|p1a: Ferrothorn\n|-damage|p1a: Ferrothorn|93\/100\n|\n|switch|p2a: Victini|Victini|100\/100\n|\n|upkeep\n|turn|3\n|\n|switch|p1a: Brutal|Salamence, M, shiny|100\/100\n|-ability|p1a: Brutal|Intimidate|boost\n|-unboost|p2a: Victini|atk|1\n|move|p2a: Victini|Blue Flare|p1a: Brutal\n|-resisted|p1a: Brutal\n|-damage|p1a: Brutal|69\/100\n|\n|upkeep\n|turn|4\n|\n|switch|p1a: Tapu Fini|Tapu Fini|100\/100\n|-fieldstart|move: Misty Terrain|[from] ability: Misty Surge|[of] p1a: Tapu Fini\n|move|p2a: Victini|Blue Flare|p1a: Tapu Fini\n|-resisted|p1a: Tapu Fini\n|-damage|p1a: Tapu Fini|81\/100\n|\n|-heal|p1a: Tapu Fini|87\/100|[from] item: Leftovers\n|upkeep\n|turn|5\n|\n|switch|p2a: Tangrowth|Tangrowth, F|100\/100\n|move|p1a: Tapu Fini|Surf|p2a: Tangrowth\n|-resisted|p2a: Tangrowth\n|-damage|p2a: Tangrowth|92\/100\n|\n|-heal|p1a: Tapu Fini|93\/100|[from] item: Leftovers\n|upkeep\n|turn|6\n|\n|switch|p1a: Entei|Entei, shiny|93\/100\n|-ability|p1a: Entei|Pressure\n|move|p2a: Tangrowth|Knock Off|p1a: Entei\n|-damage|p1a: Entei|70\/100\n|-enditem|p1a: Entei|Choice Band|[from] move: Knock Off|[of] p2a: Tangrowth\n|\n|upkeep\n|turn|7\n|\n|switch|p2a: Rotom|Rotom-Wash|66\/100\n|move|p1a: Entei|Sacred Fire|p2a: Rotom\n|-resisted|p2a: Rotom\n|-damage|p2a: Rotom|46\/100\n|\n|-heal|p2a: Rotom|52\/100|[from] item: Leftovers\n|upkeep\n|turn|8\n|\n|switch|p1a: Ferrothorn|Ferrothorn, M, shiny|93\/100\n|move|p2a: Rotom|Pain Split|p1a: Ferrothorn\n|-sethp|p1a: Ferrothorn|69\/100|p2a: Rotom|80\/100|[from] move: Pain Split\n|\n|-heal|p2a: Rotom|86\/100|[from] item: Leftovers\n|-fieldend|Misty Terrain\n|upkeep\n|turn|9\n|\n|move|p2a: Rotom|Volt Switch|p1a: Ferrothorn\n|-resisted|p1a: Ferrothorn\n|-damage|p1a: Ferrothorn|60\/100\n|\n|switch|p2a: Victini|Victini|100\/100\n|move|p1a: Ferrothorn|Spikes|p2a: Victini\n|-sidestart|p2: Zekkein|Spikes\n|\n|upkeep\n|turn|10\n|\n|switch|p1a: Tapu Fini|Tapu Fini|93\/100\n|-fieldstart|move: Misty Terrain|[from] ability: Misty Surge|[of] p1a: Tapu Fini\n|move|p2a: Victini|Blue Flare|p1a: Tapu Fini\n|-resisted|p1a: Tapu Fini\n|-damage|p1a: Tapu Fini|73\/100\n|\n|-heal|p1a: Tapu Fini|79\/100|[from] item: Leftovers\n|upkeep\n|turn|11\n|\n|switch|p2a: Rotom|Rotom-Wash|86\/100\n|move|p1a: Tapu Fini|Surf|p2a: Rotom\n|-resisted|p2a: Rotom\n|-damage|p2a: Rotom|72\/100\n|\n|-heal|p2a: Rotom|78\/100|[from] item: Leftovers\n|-heal|p1a: Tapu Fini|85\/100|[from] item: Leftovers\n|upkeep\n|turn|12\n|\n|switch|p1a: Ferrothorn|Ferrothorn, M, shiny|60\/100\n|move|p2a: Rotom|Defog|p1a: Ferrothorn\n|-unboost|p1a: Ferrothorn|evasion|1\n|-sideend|p2: Zekkein|Spikes|[from] move: Defog|[of] p2a: Rotom\n|\n|-heal|p2a: Rotom|84\/100|[from] item: Leftovers\n|upkeep\n|turn|13\n|\n|move|p2a: Rotom|Volt Switch|p1a: Ferrothorn\n|-resisted|p1a: Ferrothorn\n|-damage|p1a: Ferrothorn|51\/100\n|\n|switch|p2a: Tornadus|Tornadus-Therian, M|100\/100\n|move|p1a: Ferrothorn|Leech Seed|p2a: Tornadus\n|-start|p2a: Tornadus|move: Leech Seed\n|\n|-damage|p2a: Tornadus|88\/100|[from] Leech Seed|[of] p1a: Ferrothorn\n|-heal|p1a: Ferrothorn|62\/100|[silent]\n|upkeep\n|turn|14\n|\n|move|p2a: Tornadus|Knock Off|p1a: Ferrothorn\n|-damage|p1a: Ferrothorn|40\/100\n|-damage|p2a: Tornadus|76\/100|[from] ability: Iron Barbs|[of] p1a: Ferrothorn\n|-enditem|p1a: Ferrothorn|Chople Berry|[from] move: Knock Off|[of] p2a: Tornadus\n|-damage|p2a: Tornadus|66\/100|[from] item: Life Orb\n|move|p1a: Ferrothorn|Gyro Ball|p2a: Tornadus\n|-damage|p2a: Tornadus|0 fnt\n|faint|p2a: Tornadus\n|\n|-fieldend|Misty Terrain\n|upkeep\n|\n|switch|p2a: Tyranitar|Tyranitar, M|100\/100\n|-weather|Sandstorm|[from] ability: Sand Stream|[of] p2a: Tyranitar\n|turn|15\n|\n|detailschange|p2a: Tyranitar|Tyranitar-Mega, M\n|-mega|p2a: Tyranitar|Tyranitar|Tyranitarite\n|move|p2a: Tyranitar|Fire Punch|p1a: Ferrothorn\n|-supereffective|p1a: Ferrothorn\n|-damage|p1a: Ferrothorn|0 fnt\n|-damage|p2a: Tyranitar|88\/100|[from] ability: Iron Barbs|[of] p1a: Ferrothorn\n|faint|p1a: Ferrothorn\n|\n|-weather|Sandstorm|[upkeep]\n|upkeep\n|\n|switch|p1a: Medicham|Medicham, M, shiny|100\/100\n|turn|16\n|\n|switch|p2a: Tangrowth|Tangrowth, F|100\/100\n|detailschange|p1a: Medicham|Medicham-Mega, M, shiny\n|-mega|p1a: Medicham|Medicham|Medichamite\n|move|p1a: Medicham|High Jump Kick|p2a: Tangrowth\n|-damage|p2a: Tangrowth|22\/100\n|\n|-weather|Sandstorm|[upkeep]\n|-damage|p1a: Medicham|94\/100|[from] Sandstorm\n|-damage|p2a: Tangrowth|15\/100|[from] Sandstorm\n|upkeep\n|turn|17\n|\n|switch|p2a: Rotom|Rotom-Wash|84\/100\n|move|p1a: Medicham|High Jump Kick|p2a: Rotom\n|-damage|p2a: Rotom|0 fnt\n|faint|p2a: Rotom\n|\n|-weather|Sandstorm|[upkeep]\n|-damage|p1a: Medicham|88\/100|[from] Sandstorm\n|upkeep\n|\n|switch|p2a: Victini|Victini|100\/100\n|turn|18\n|\n|switch|p1a: Tapu Fini|Tapu Fini|85\/100\n|-fieldstart|move: Misty Terrain|[from] ability: Misty Surge|[of] p1a: Tapu Fini\n|move|p2a: Victini|Psychic|p1a: Tapu Fini\n|-damage|p1a: Tapu Fini|55\/100\n|\n|-weather|Sandstorm|[upkeep]\n|-damage|p2a: Victini|94\/100|[from] Sandstorm\n|-damage|p1a: Tapu Fini|48\/100|[from] Sandstorm\n|-heal|p1a: Tapu Fini|55\/100|[from] item: Leftovers\n|upkeep\n|turn|19\n|\n|switch|p2a: Tangrowth|Tangrowth, F|49\/100\n|move|p1a: Tapu Fini|Moonblast|p2a: Tangrowth\n|-damage|p2a: Tangrowth|31\/100\n|-unboost|p2a: Tangrowth|spa|1\n|\n|-weather|none\n|-heal|p1a: Tapu Fini|61\/100|[from] item: Leftovers\n|upkeep\n|turn|20\n|\n|switch|p1a: Entei|Entei, shiny|70\/100\n|-ability|p1a: Entei|Pressure\n|move|p2a: Tangrowth|Hidden Power|p1a: Entei\n|-resisted|p1a: Entei\n|-damage|p1a: Entei|64\/100\n|\n|upkeep\n|turn|21\n|\n|move|p1a: Entei|Sacred Fire|p2a: Tangrowth\n|-supereffective|p2a: Tangrowth\n|-damage|p2a: Tangrowth|0 fnt\n|faint|p2a: Tangrowth\n|\n|upkeep\n|\n|switch|p2a: Tyranitar|Tyranitar-Mega, M|88\/100\n|-weather|Sandstorm|[from] ability: Sand Stream|[of] p2a: Tyranitar\n|turn|22\n|\n|move|p1a: Entei|Sacred Fire|p2a: Tyranitar\n|-resisted|p2a: Tyranitar\n|-damage|p2a: Tyranitar|70\/100\n|move|p2a: Tyranitar|Dragon Dance|p2a: Tyranitar\n|-boost|p2a: Tyranitar|atk|1\n|-boost|p2a: Tyranitar|spe|1\n|\n|-weather|Sandstorm|[upkeep]\n|-damage|p1a: Entei|57\/100|[from] Sandstorm\n|-fieldend|Misty Terrain\n|upkeep\n|turn|23\n|\n|switch|p1a: Brutal|Salamence, M, shiny|69\/100\n|-ability|p1a: Brutal|Intimidate|boost\n|-unboost|p2a: Tyranitar|atk|1\n|move|p2a: Tyranitar|Dragon Dance|p2a: Tyranitar\n|-boost|p2a: Tyranitar|atk|1\n|-boost|p2a: Tyranitar|spe|1\n|\n|-weather|Sandstorm|[upkeep]\n|-damage|p1a: Brutal|63\/100|[from] Sandstorm\n|upkeep\n|turn|24\n|\n|move|p2a: Tyranitar|Ice Punch|p1a: Brutal\n|-supereffective|p1a: Brutal\n|-damage|p1a: Brutal|0 fnt\n|-damage|p2a: Tyranitar|54\/100|[from] item: Rocky Helmet|[of] p1a: Brutal\n|faint|p1a: Brutal\n|\n|-weather|Sandstorm|[upkeep]\n|upkeep\n|\n|switch|p1a: Medicham|Medicham-Mega, M, shiny|88\/100\n|turn|25\n|\n|move|p1a: Medicham|Fake Out|p2a: Tyranitar\n|-resisted|p2a: Tyranitar\n|-damage|p2a: Tyranitar|46\/100\n|cant|p2a: Tyranitar|flinch\n|\n|-weather|Sandstorm|[upkeep]\n|-damage|p1a: Medicham|82\/100|[from] Sandstorm\n|upkeep\n|turn|26\n|\n|move|p2a: Tyranitar|Stone Edge|p1a: Medicham\n|-resisted|p1a: Medicham\n|-crit|p1a: Medicham\n|-damage|p1a: Medicham|0 fnt\n|faint|p1a: Medicham\n|\n|-weather|none\n|upkeep\n|c|\u2606OGamer289|oh man\n|\n|switch|p1a: Tapu Fini|Tapu Fini|61\/100\n|-fieldstart|move: Misty Terrain|[from] ability: Misty Surge|[of] p1a: Tapu Fini\n|turn|27\n|\n|move|p2a: Tyranitar|Stone Edge|p1a: Tapu Fini\n|-damage|p1a: Tapu Fini|0 fnt\n|faint|p1a: Tapu Fini\n|\n|upkeep\n|\n|switch|p1a: Greninja|Greninja, M, shiny|100\/100\n|turn|28\n|\n|move|p2a: Tyranitar|Stone Edge|p1a: Greninja\n|-damage|p1a: Greninja|0 fnt\n|faint|p1a: Greninja\n|\n|upkeep\n|\n|switch|p1a: Entei|Entei, shiny|57\/100\n|-ability|p1a: Entei|Pressure\n|turn|29\n|\n|move|p2a: Tyranitar|Stone Edge|p1a: Entei\n|-supereffective|p1a: Entei\n|-damage|p1a: Entei|0 fnt\n|faint|p1a: Entei\n|\n|win|Zekkein\n|raw|OGamer289's rating: 1489 &rarr; <strong>1465<\/strong><br \/>(-24 for losing)\n|raw|Zekkein's rating: 1428 &rarr; <strong>1451<\/strong><br \/>(+23 for winning)\n","uploadtime":1546434363,"views":6,"p1id":"ogamer289","p2id":"zekkein","formatid":"gen7ou","rating":1451,"private":0,"password":null}