{"id":"gen7ou-1548886158","p1":"Old deus TET","p2":"Cowsrule247","format":"gen7ou","log":"|j|\u2606Old deus TET\n|j|\u203dCowsrule247\n|t:|1649426578\n|gametype|singles\n|player|p1|Old deus TET|unknown|1653\n|player|p2|Cowsrule247|skyla|1593\n|teamsize|p1|6\n|teamsize|p2|6\n|gen|7\n|tier|[Gen 7] OU\n|rated|\n|rule|Sleep Clause Mod: Limit one foe put to sleep\n|rule|Species Clause: Limit one of each Pok\u00e9mon\n|rule|OHKO Clause: OHKO moves are banned\n|rule|Moody Clause: Moody is banned\n|rule|Evasion Moves Clause: Evasion moves are banned\n|rule|Endless Battle Clause: Forcing endless battles is banned\n|rule|HP Percentage Mod: HP is shown in percentages\n|clearpoke\n|poke|p1|Blacephalon|item\n|poke|p1|Azelf|item\n|poke|p1|Serperior, M|item\n|poke|p1|Landorus-Therian, M|item\n|poke|p1|Greninja, M|item\n|poke|p1|Scizor, M|item\n|poke|p2|Greninja, M|item\n|poke|p2|Swampert, F|item\n|poke|p2|Pelipper, F|item\n|poke|p2|Tapu Koko|item\n|poke|p2|Ferrothorn, M|item\n|poke|p2|Hawlucha, F|item\n|teampreview\n|inactive|Battle timer is ON: inactive players will automatically lose when time's up. (requested by Old deus TET)\n|c|\u2606Old deus TET|hf\n|\n|t:|1649426598\n|start\n|switch|p1a: Azelf|Azelf|100\/100\n|switch|p2a: Tapu Koko|Tapu Koko|100\/100\n|-fieldstart|move: Electric Terrain|[from] ability: Electric Surge|[of] p2a: Tapu Koko\n|turn|1\n|\n|t:|1649426604\n|move|p2a: Tapu Koko|U-turn|p1a: Azelf\n|-supereffective|p1a: Azelf\n|-damage|p1a: Azelf|53\/100\n|\n|t:|1649426610\n|switch|p2a: Greninja|Greninja, M|100\/100|[from]move: U-turn\n|move|p1a: Azelf|Stealth Rock|p2a: Greninja\n|-sidestart|p2: Cowsrule247|move: Stealth Rock\n|\n|upkeep\n|turn|2\n|\n|t:|1649426621\n|move|p2a: Greninja|Dark Pulse|p1a: Azelf\n|-supereffective|p1a: Azelf\n|-damage|p1a: Azelf|0 fnt\n|faint|p1a: Azelf\n|-activate|p2a: Greninja|ability: Battle Bond\n|detailschange|p2a: Greninja|Greninja-Ash, M\n|\n|upkeep\n|\n|t:|1649426625\n|switch|p1a: Scizor|Scizor, M|100\/100\n|turn|3\n|\n|t:|1649426630\n|switch|p2a: Ferrothorn|Ferrothorn, M|100\/100\n|-damage|p2a: Ferrothorn|94\/100|[from] Stealth Rock\n|detailschange|p1a: Scizor|Scizor-Mega, M\n|-mega|p1a: Scizor|Scizor|Scizorite\n|move|p1a: Scizor|U-turn|p2a: Ferrothorn\n|-damage|p2a: Ferrothorn|70\/100\n|-damage|p1a: Scizor|88\/100|[from] ability: Iron Barbs|[of] p2a: Ferrothorn\n|\n|t:|1649426633\n|switch|p1a: Blacephalon|Blacephalon|100\/100|[from]move: U-turn\n|\n|-heal|p2a: Ferrothorn|76\/100|[from] item: Leftovers\n|upkeep\n|turn|4\n|\n|t:|1649426652\n|switch|p2a: Pelipper|Pelipper, F|100\/100\n|-damage|p2a: Pelipper|76\/100|[from] Stealth Rock\n|-weather|RainDance|[from] ability: Drizzle|[of] p2a: Pelipper\n|move|p1a: Blacephalon|Shadow Ball|p2a: Pelipper\n|-damage|p2a: Pelipper|29\/100\n|\n|-weather|RainDance|[upkeep]\n|upkeep\n|turn|5\n|j| songfenren\n|\n|t:|1649426662\n|switch|p2a: Greninja|Greninja-Ash, M|100\/100\n|-damage|p2a: Greninja|88\/100|[from] Stealth Rock\n|-zpower|p1a: Blacephalon\n|move|p1a: Blacephalon|Never-Ending Nightmare|p2a: Greninja|[zeffect]\n|-resisted|p2a: Greninja\n|-damage|p2a: Greninja|25\/100\n|\n|-weather|RainDance|[upkeep]\n|-fieldend|move: Electric Terrain\n|upkeep\n|turn|6\n|\n|t:|1649426680\n|move|p2a: Greninja|Dark Pulse|p1a: Blacephalon\n|-supereffective|p1a: Blacephalon\n|-damage|p1a: Blacephalon|0 fnt\n|faint|p1a: Blacephalon\n|\n|-weather|RainDance|[upkeep]\n|upkeep\n|\n|t:|1649426683\n|switch|p1a: Scizor|Scizor-Mega, M|88\/100\n|turn|7\n|\n|t:|1649426687\n|switch|p2a: Ferrothorn|Ferrothorn, M|76\/100\n|-damage|p2a: Ferrothorn|70\/100|[from] Stealth Rock\n|move|p1a: Scizor|U-turn|p2a: Ferrothorn\n|-damage|p2a: Ferrothorn|46\/100\n|-damage|p1a: Scizor|76\/100|[from] ability: Iron Barbs|[of] p2a: Ferrothorn\n|\n|t:|1649426691\n|switch|p1a: Landorus|Landorus-Therian, M|100\/100|[from]move: U-turn\n|-ability|p1a: Landorus|Intimidate|boost\n|-unboost|p2a: Ferrothorn|atk|1\n|\n|-weather|RainDance|[upkeep]\n|-heal|p2a: Ferrothorn|52\/100|[from] item: Leftovers\n|upkeep\n|turn|8\n|\n|t:|1649426695\n|move|p1a: Landorus|Earthquake|p2a: Ferrothorn\n|-damage|p2a: Ferrothorn|11\/100\n|move|p2a: Ferrothorn|Stealth Rock|p1a: Landorus\n|-sidestart|p1: Old deus TET|move: Stealth Rock\n|\n|-weather|RainDance|[upkeep]\n|-heal|p2a: Ferrothorn|17\/100|[from] item: Leftovers\n|upkeep\n|turn|9\n|\n|t:|1649426704\n|switch|p1a: Greninja|Greninja, M|100\/100\n|-damage|p1a: Greninja|88\/100|[from] Stealth Rock\n|move|p2a: Ferrothorn|Spikes|p1a: Greninja\n|-sidestart|p1: Old deus TET|Spikes\n|\n|-weather|RainDance|[upkeep]\n|-heal|p2a: Ferrothorn|24\/100|[from] item: Leftovers\n|upkeep\n|turn|10\n|\n|t:|1649426709\n|move|p1a: Greninja|Dark Pulse|p2a: Ferrothorn\n|-damage|p2a: Ferrothorn|0 fnt\n|faint|p2a: Ferrothorn\n|-activate|p1a: Greninja|ability: Battle Bond\n|detailschange|p1a: Greninja|Greninja-Ash, M\n|\n|-weather|RainDance|[upkeep]\n|upkeep\n|\n|t:|1649426717\n|switch|p2a: Swampert|Swampert, F|100\/100\n|-damage|p2a: Swampert|94\/100|[from] Stealth Rock\n|turn|11\n|\n|t:|1649426729\n|detailschange|p2a: Swampert|Swampert-Mega, F\n|-mega|p2a: Swampert|Swampert|Swampertite\n|move|p2a: Swampert|Earthquake|p1a: Greninja\n|-damage|p1a: Greninja|0 fnt\n|faint|p1a: Greninja\n|\n|-weather|none\n|upkeep\n|\n|t:|1649426731\n|switch|p1a: Serperior|Serperior, M|100\/100\n|-damage|p1a: Serperior|88\/100|[from] Spikes\n|-damage|p1a: Serperior|76\/100|[from] Stealth Rock\n|turn|12\n|\n|t:|1649426744\n|switch|p2a: Tapu Koko|Tapu Koko|100\/100\n|-damage|p2a: Tapu Koko|88\/100|[from] Stealth Rock\n|-fieldstart|move: Electric Terrain|[from] ability: Electric Surge|[of] p2a: Tapu Koko\n|move|p1a: Serperior|Leaf Storm|p2a: Tapu Koko\n|-damage|p2a: Tapu Koko|19\/100\n|-boost|p1a: Serperior|spa|2\n|\n|upkeep\n|turn|13\n|\n|t:|1649426749\n|move|p1a: Serperior|Leaf Storm|p2a: Tapu Koko\n|-damage|p2a: Tapu Koko|0 fnt\n|-boost|p1a: Serperior|spa|2\n|faint|p2a: Tapu Koko\n|\n|upkeep\n|\n|t:|1649426751\n|switch|p2a: Hawlucha|Hawlucha, F|100\/100\n|-damage|p2a: Hawlucha|88\/100|[from] Stealth Rock\n|-enditem|p2a: Hawlucha|Electric Seed\n|-boost|p2a: Hawlucha|def|1|[from] item: Electric Seed\n|turn|14\n|\n|t:|1649426753\n|switch|p1a: Landorus|Landorus-Therian, M|100\/100\n|-damage|p1a: Landorus|88\/100|[from] Stealth Rock\n|-ability|p1a: Landorus|Intimidate|boost\n|-unboost|p2a: Hawlucha|atk|1\n|move|p2a: Hawlucha|Acrobatics|p1a: Landorus\n|-crit|p1a: Landorus\n|-damage|p1a: Landorus|5\/100\n|\n|upkeep\n|turn|15\n|\n|t:|1649426757\n|move|p2a: Hawlucha|Acrobatics|p1a: Landorus\n|-damage|p1a: Landorus|0 fnt\n|faint|p1a: Landorus\n|\n|upkeep\n|\n|t:|1649426760\n|switch|p1a: Scizor|Scizor-Mega, M|76\/100\n|-damage|p1a: Scizor|64\/100|[from] Stealth Rock\n|-damage|p1a: Scizor|52\/100|[from] Spikes\n|turn|16\n|\n|t:|1649426764\n|move|p2a: Hawlucha|Acrobatics|p1a: Scizor\n|-damage|p1a: Scizor|28\/100\n|move|p1a: Scizor|Roost|p1a: Scizor\n|-heal|p1a: Scizor|78\/100\n|-singleturn|p1a: Scizor|move: Roost\n|\n|-fieldend|move: Electric Terrain\n|upkeep\n|turn|17\n|\n|t:|1649426768\n|move|p2a: Hawlucha|Swords Dance|p2a: Hawlucha\n|-boost|p2a: Hawlucha|atk|2\n|move|p1a: Scizor|Swords Dance|p1a: Scizor\n|-boost|p1a: Scizor|atk|2\n|\n|upkeep\n|turn|18\n|\n|t:|1649426773\n|move|p1a: Scizor|Bullet Punch|p2a: Hawlucha\n|-damage|p2a: Hawlucha|37\/100\n|move|p2a: Hawlucha|Acrobatics|p1a: Scizor\n|-damage|p1a: Scizor|26\/100\n|\n|upkeep\n|turn|19\n|j| poiuyyuiop\n|\n|t:|1649426780\n|move|p1a: Scizor|Bullet Punch|p2a: Hawlucha\n|-damage|p2a: Hawlucha|0 fnt\n|faint|p2a: Hawlucha\n|\n|upkeep\n|\n|t:|1649426783\n|switch|p2a: Greninja|Greninja-Ash, M|25\/100\n|-damage|p2a: Greninja|13\/100|[from] Stealth Rock\n|turn|20\n|\n|t:|1649426787\n|move|p2a: Greninja|Water Shuriken|p1a: Scizor\n|-damage|p1a: Scizor|12\/100\n|-damage|p1a: Scizor|0 fnt\n|faint|p1a: Scizor\n|-hitcount|p1: Scizor|2\n|\n|upkeep\n|\n|t:|1649426788\n|switch|p1a: Serperior|Serperior, M|76\/100\n|-damage|p1a: Serperior|63\/100|[from] Spikes\n|-damage|p1a: Serperior|51\/100|[from] Stealth Rock\n|turn|21\n|\n|t:|1649426791\n|switch|p2a: Pelipper|Pelipper, F|29\/100\n|-damage|p2a: Pelipper|4\/100|[from] Stealth Rock\n|-weather|RainDance|[from] ability: Drizzle|[of] p2a: Pelipper\n|move|p1a: Serperior|Leaf Storm|p2a: Pelipper\n|-damage|p2a: Pelipper|0 fnt\n|-boost|p1a: Serperior|spa|2\n|faint|p2a: Pelipper\n|\n|-weather|RainDance|[upkeep]\n|upkeep\n|\n|t:|1649426793\n|switch|p2a: Swampert|Swampert-Mega, F|94\/100\n|-damage|p2a: Swampert|88\/100|[from] Stealth Rock\n|turn|22\n|\n|t:|1649426795\n|move|p1a: Serperior|Leaf Storm|p2a: Swampert\n|-supereffective|p2a: Swampert\n|-damage|p2a: Swampert|0 fnt\n|-boost|p1a: Serperior|spa|2\n|faint|p2a: Swampert\n|\n|-weather|RainDance|[upkeep]\n|upkeep\n|inactive|Cowsrule247 has 120 seconds left.\n|\n|t:|1649426828\n|switch|p2a: Greninja|Greninja-Ash, M|13\/100\n|-damage|p2a: Greninja|1\/100|[from] Stealth Rock\n|turn|23\n|\n|t:|1649426832\n|move|p2a: Greninja|Water Shuriken|p1a: Serperior\n|-resisted|p1a: Serperior\n|-damage|p1a: Serperior|34\/100\n|-resisted|p1a: Serperior\n|-damage|p1a: Serperior|18\/100\n|-resisted|p1a: Serperior\n|-damage|p1a: Serperior|1\/100\n|-hitcount|p1a: Serperior|3\n|move|p1a: Serperior|Leaf Storm|p2a: Greninja\n|-supereffective|p2a: Greninja\n|-damage|p2a: Greninja|0 fnt\n|-boost|p1a: Serperior|spa|2\n|faint|p2a: Greninja\n|\n|win|Old deus TET\n|raw|Old deus TET's rating: 1653 &rarr; <strong>1670<\/strong><br \/>(+17 for winning)\n|raw|Cowsrule247's rating: 1593 &rarr; <strong>1576<\/strong><br \/>(-17 for losing)\n|l|\u203dCowsrule247\n|l| songfenren\n||Ladder isn't responding, score probably updated but might not have (Request timeout).\n","uploadtime":1649426840,"views":10,"p1id":"olddeustet","p2id":"cowsrule247","formatid":"gen7ou","rating":1576,"private":0,"password":null}