{"id":"gen7ou-1669567277","p1":"Ectomabraz","p2":"HQSFun","format":"gen7ou","log":"|j|\u2606Ectomabraz\n|j|\u2606HQSFun\n|t:|1664063973\n|gametype|singles\n|player|p1|Ectomabraz|red|1596\n|player|p2|HQSFun|veteranf|1581\n|teamsize|p1|6\n|teamsize|p2|6\n|gen|7\n|tier|[Gen 7] OU\n|rated|\n|rule|Sleep Clause Mod: Limit one foe put to sleep\n|rule|Species Clause: Limit one of each Pok\u00e9mon\n|rule|OHKO Clause: OHKO moves are banned\n|rule|Moody Clause: Moody is banned\n|rule|Evasion Items Clause: Evasion items are banned\n|rule|Evasion Moves Clause: Evasion moves are banned\n|rule|Endless Battle Clause: Forcing endless battles is banned\n|rule|HP Percentage Mod: HP is shown in percentages\n|clearpoke\n|poke|p1|Ribombee, F|item\n|poke|p1|Bisharp, M|item\n|poke|p1|Serperior, M|item\n|poke|p1|Mimikyu, F|item\n|poke|p1|Pinsir, M|item\n|poke|p1|Kommo-o, F|item\n|poke|p2|Diancie|item\n|poke|p2|Volcarona, M|item\n|poke|p2|Serperior, F|item\n|poke|p2|Kommo-o, F|item\n|poke|p2|Thundurus-Therian, M|item\n|poke|p2|Magearna|item\n|teampreview\n|j| rip Yam$\n|\n|t:|1664063990\n|start\n|switch|p1a: Ribombee|Ribombee, F|100\/100\n|switch|p2a: Diancie|Diancie|100\/100\n|turn|1\n|\n|t:|1664064021\n|detailschange|p2a: Diancie|Diancie-Mega\n|-mega|p2a: Diancie|Diancie|Diancite\n|move|p1a: Ribombee|Moonblast|p2a: Diancie\n|-damage|p2a: Diancie|60\/100\n|-unboost|p2a: Diancie|spa|1\n|move|p2a: Diancie|Stealth Rock|p1a: Ribombee\n|-sidestart|p1: Ectomabraz|move: Stealth Rock\n|\n|upkeep\n|turn|2\n|\n|t:|1664064029\n|move|p1a: Ribombee|Moonblast|p2a: Diancie\n|-damage|p2a: Diancie|17\/100\n|move|p2a: Diancie|Moonblast|p1a: Ribombee\n|-damage|p1a: Ribombee|41\/100\n|\n|upkeep\n|turn|3\n|\n|t:|1664064049\n|move|p1a: Ribombee|Sticky Web|p2a: Diancie\n|move|p2a: Diancie|Sticky Web|p1a: Ribombee|[from]ability: Magic Bounce\n|-sidestart|p1: Ectomabraz|move: Sticky Web\n|move|p2a: Diancie|Moonblast|p1a: Ribombee\n|-damage|p1a: Ribombee|0 fnt\n|faint|p1a: Ribombee\n|\n|upkeep\n|\n|t:|1664064056\n|switch|p1a: Serperior|Serperior, M|100\/100\n|-damage|p1a: Serperior|88\/100|[from] Stealth Rock\n|-activate|p1a: Serperior|move: Sticky Web\n|-boost|p1a: Serperior|spe|1\n|turn|4\n|\n|t:|1664064062\n|move|p1a: Serperior|Leaf Storm|p2a: Diancie\n|-supereffective|p2a: Diancie\n|-damage|p2a: Diancie|0 fnt\n|-boost|p1a: Serperior|spa|2\n|faint|p2a: Diancie\n|\n|-heal|p1a: Serperior|94\/100|[from] item: Leftovers\n|upkeep\n|\n|t:|1664064064\n|switch|p2a: Volcarona|Volcarona, M|100\/100\n|turn|5\n|\n|t:|1664064070\n|move|p1a: Serperior|Glare|p2a: Volcarona\n|-status|p2a: Volcarona|par\n|cant|p2a: Volcarona|par\n|\n|-heal|p1a: Serperior|100\/100|[from] item: Leftovers\n|upkeep\n|turn|6\n|\n|t:|1664064078\n|switch|p1a: Bisharp|Bisharp, M|100\/100\n|-damage|p1a: Bisharp|95\/100|[from] Stealth Rock\n|-activate|p1a: Bisharp|move: Sticky Web\n|-unboost|p1a: Bisharp|spe|1\n|-ability|p1a: Bisharp|Defiant\n|-boost|p1a: Bisharp|atk|2\n|move|p2a: Volcarona|Quiver Dance|p2a: Volcarona\n|-boost|p2a: Volcarona|spa|1\n|-boost|p2a: Volcarona|spd|1\n|-boost|p2a: Volcarona|spe|1\n|\n|upkeep\n|turn|7\n|\n|t:|1664064088\n|switch|p2a: Kommo-o|Kommo-o, F|100\/100\n|move|p1a: Bisharp|Knock Off|p2a: Kommo-o\n|-resisted|p2a: Kommo-o\n|-damage|p2a: Kommo-o|48\/100\n|-damage|p1a: Bisharp|85\/100|[from] item: Life Orb\n|\n|upkeep\n|turn|8\n|\n|t:|1664064098\n|switch|p1a: Mimikyu|Mimikyu, F|100\/100\n|-damage|p1a: Mimikyu|88\/100|[from] Stealth Rock\n|-activate|p1a: Mimikyu|move: Sticky Web\n|-unboost|p1a: Mimikyu|spe|1\n|move|p2a: Kommo-o|Close Combat|p1a: Mimikyu\n|-immune|p1a: Mimikyu\n|\n|upkeep\n|turn|9\n|\n|t:|1664064110\n|move|p2a: Kommo-o|Poison Jab|p1a: Mimikyu\n|-activate|p1a: Mimikyu|ability: Disguise\n|-damage|p1a: Mimikyu|88\/100\n|-status|p1a: Mimikyu|psn\n|detailschange|p1a: Mimikyu|Mimikyu-Busted, F\n|move|p1a: Mimikyu|Play Rough|p2a: Kommo-o\n|-supereffective|p2a: Kommo-o\n|-damage|p2a: Kommo-o|0 fnt\n|faint|p2a: Kommo-o\n|\n|-damage|p1a: Mimikyu|76\/100 psn|[from] psn\n|upkeep\n|\n|t:|1664064128\n|switch|p2a: Magearna|Magearna|100\/100\n|turn|10\n|\n|t:|1664064139\n|move|p2a: Magearna|Calm Mind|p2a: Magearna\n|-boost|p2a: Magearna|spa|1\n|-boost|p2a: Magearna|spd|1\n|-zpower|p1a: Mimikyu\n|move|p1a: Mimikyu|Never-Ending Nightmare|p2a: Magearna|[zeffect]\n|-damage|p2a: Magearna|39\/100\n|\n|-heal|p2a: Magearna|46\/100|[from] item: Leftovers\n|-damage|p1a: Mimikyu|63\/100 psn|[from] psn\n|upkeep\n|turn|11\n|\n|t:|1664064149\n|move|p2a: Magearna|Thunderbolt|p1a: Mimikyu\n|-damage|p1a: Mimikyu|0 fnt\n|faint|p1a: Mimikyu\n|-ability|p2a: Magearna|Soul-Heart|boost\n|-boost|p2a: Magearna|spa|1\n|\n|-heal|p2a: Magearna|52\/100|[from] item: Leftovers\n|upkeep\n|inactive|Battle timer is ON: inactive players will automatically lose when time's up. (requested by HQSFun)\n|\n|t:|1664064162\n|switch|p1a: Serperior|Serperior, M|100\/100\n|-damage|p1a: Serperior|88\/100|[from] Stealth Rock\n|-activate|p1a: Serperior|move: Sticky Web\n|-boost|p1a: Serperior|spe|1\n|turn|12\n|\n|t:|1664064167\n|switch|p2a: Volcarona|Volcarona, M|100\/100 par\n|move|p1a: Serperior|Glare|p2a: Volcarona\n|-fail|p2a: Volcarona|par\n|\n|-heal|p1a: Serperior|94\/100|[from] item: Leftovers\n|upkeep\n|turn|13\n|\n|t:|1664064175\n|switch|p1a: Bisharp|Bisharp, M|85\/100\n|-damage|p1a: Bisharp|79\/100|[from] Stealth Rock\n|-activate|p1a: Bisharp|move: Sticky Web\n|-unboost|p1a: Bisharp|spe|1\n|-ability|p1a: Bisharp|Defiant\n|-boost|p1a: Bisharp|atk|2\n|move|p2a: Volcarona|Flamethrower|p1a: Bisharp\n|-supereffective|p1a: Bisharp\n|-damage|p1a: Bisharp|0 fnt\n|faint|p1a: Bisharp\n|\n|upkeep\n|\n|t:|1664064186\n|switch|p1a: Pinsir|Pinsir, M|100\/100\n|-damage|p1a: Pinsir|76\/100|[from] Stealth Rock\n|-activate|p1a: Pinsir|move: Sticky Web\n|-unboost|p1a: Pinsir|spe|1\n|turn|14\n|\n|t:|1664064193\n|switch|p2a: Thundurus|Thundurus-Therian, M|100\/100\n|detailschange|p1a: Pinsir|Pinsir-Mega, M\n|-mega|p1a: Pinsir|Pinsir|Pinsirite\n|move|p1a: Pinsir|Return|p2a: Thundurus\n|-resisted|p2a: Thundurus\n|-damage|p2a: Thundurus|48\/100\n|\n|upkeep\n|turn|15\n|\n|t:|1664064206\n|switch|p1a: Serperior|Serperior, M|94\/100\n|-damage|p1a: Serperior|82\/100|[from] Stealth Rock\n|-activate|p1a: Serperior|move: Sticky Web\n|-boost|p1a: Serperior|spe|1\n|move|p2a: Thundurus|Hidden Power|p1a: Serperior\n|-supereffective|p1a: Serperior\n|-damage|p1a: Serperior|21\/100\n|\n|-heal|p1a: Serperior|27\/100|[from] item: Leftovers\n|upkeep\n|turn|16\n|\n|t:|1664064219\n|move|p1a: Serperior|Leaf Storm|p2a: Thundurus\n|-resisted|p2a: Thundurus\n|-damage|p2a: Thundurus|15\/100\n|-boost|p1a: Serperior|spa|2\n|-enditem|p2a: Thundurus|Iapapa Berry|[eat]\n|-heal|p2a: Thundurus|65\/100|[from] item: Iapapa Berry\n|move|p2a: Thundurus|Hidden Power|p1a: Serperior\n|-supereffective|p1a: Serperior\n|-damage|p1a: Serperior|0 fnt\n|faint|p1a: Serperior\n|\n|upkeep\n|\n|t:|1664064228\n|switch|p1a: Kommo-o|Kommo-o, F|100\/100\n|-damage|p1a: Kommo-o|94\/100|[from] Stealth Rock\n|-activate|p1a: Kommo-o|move: Sticky Web\n|-unboost|p1a: Kommo-o|spe|1\n|turn|17\n|\n|t:|1664064233\n|switch|p2a: Magearna|Magearna|52\/100\n|move|p1a: Kommo-o|Substitute|p1a: Kommo-o\n|-start|p1a: Kommo-o|Substitute\n|-damage|p1a: Kommo-o|69\/100\n|\n|-heal|p2a: Magearna|58\/100|[from] item: Leftovers\n|upkeep\n|turn|18\n|\n|t:|1664064249\n|move|p2a: Magearna|Fleur Cannon|p1a: Kommo-o\n|-supereffective|p1a: Kommo-o\n|-end|p1a: Kommo-o|Substitute\n|-unboost|p2a: Magearna|spa|2\n|move|p1a: Kommo-o|Belly Drum|p1a: Kommo-o\n|-damage|p1a: Kommo-o|19\/100\n|-setboost|p1a: Kommo-o|atk|6|[from] move: Belly Drum\n|-enditem|p1a: Kommo-o|Salac Berry|[eat]\n|-boost|p1a: Kommo-o|spe|1|[from] item: Salac Berry\n|\n|-heal|p2a: Magearna|64\/100|[from] item: Leftovers\n|upkeep\n|turn|19\n|inactive|HQSFun has 120 seconds left.\n|\n|t:|1664064274\n|switch|p2a: Volcarona|Volcarona, M|100\/100 par\n|move|p1a: Kommo-o|Drain Punch|p2a: Volcarona\n|-resisted|p2a: Volcarona\n|-damage|p2a: Volcarona|0 fnt\n|-heal|p1a: Kommo-o|71\/100|[from] drain|[of] p2a: Volcarona\n|faint|p2a: Volcarona\n|\n|upkeep\n|\n|t:|1664064278\n|switch|p2a: Serperior|Serperior, F|100\/100\n|turn|20\n|\n|t:|1664064284\n|move|p2a: Serperior|Glare|p1a: Kommo-o\n|-status|p1a: Kommo-o|par\n|cant|p1a: Kommo-o|par\n|\n|upkeep\n|turn|21\n|\n|t:|1664064290\n|move|p2a: Serperior|Taunt|p1a: Kommo-o\n|-start|p1a: Kommo-o|move: Taunt\n|move|p1a: Kommo-o|Drain Punch|p2a: Serperior\n|-damage|p2a: Serperior|0 fnt\n|-heal|p1a: Kommo-o|100\/100 par|[from] drain|[of] p2a: Serperior\n|-damage|p1a: Kommo-o|84\/100 par|[from] item: Rocky Helmet|[of] p2a: Serperior\n|faint|p2a: Serperior\n|\n|upkeep\n|\n|t:|1664064295\n|switch|p2a: Magearna|Magearna|64\/100\n|turn|22\n|\n|t:|1664064300\n|move|p2a: Magearna|Fleur Cannon|p1a: Kommo-o\n|-supereffective|p1a: Kommo-o\n|-damage|p1a: Kommo-o|0 fnt\n|-unboost|p2a: Magearna|spa|2\n|faint|p1a: Kommo-o\n|-ability|p2a: Magearna|Soul-Heart|boost\n|-boost|p2a: Magearna|spa|1\n|\n|-heal|p2a: Magearna|70\/100|[from] item: Leftovers\n|upkeep\n|\n|t:|1664064308\n|switch|p1a: Pinsir|Pinsir-Mega, M|76\/100\n|-damage|p1a: Pinsir|26\/100|[from] Stealth Rock\n|turn|23\n|\n|t:|1664064312\n|move|p1a: Pinsir|Earthquake|p2a: Magearna\n|-supereffective|p2a: Magearna\n|-damage|p2a: Magearna|0 fnt\n|faint|p2a: Magearna\n|\n|upkeep\n|\n|t:|1664064315\n|switch|p2a: Thundurus|Thundurus-Therian, M|65\/100\n|turn|24\n|\n|t:|1664064318\n|move|p1a: Pinsir|Return|p2a: Thundurus\n|-resisted|p2a: Thundurus\n|-damage|p2a: Thundurus|11\/100\n|move|p2a: Thundurus|Thunderbolt|p1a: Pinsir\n|-supereffective|p1a: Pinsir\n|-damage|p1a: Pinsir|0 fnt\n|faint|p1a: Pinsir\n|\n|win|HQSFun\n|raw|Ectomabraz's rating: 1596 &rarr; <strong>1575<\/strong><br \/>(-21 for losing)\n|raw|HQSFun's rating: 1581 &rarr; <strong>1602<\/strong><br \/>(+21 for winning)\n|l| rip Yam$\n","uploadtime":1664064327,"views":6,"p1id":"ectomabraz","p2id":"hqsfun","formatid":"gen7ou","rating":1575,"private":0,"password":null}