{"id":"gen7ubers-969510516","p1":"holy pea","p2":"Walletinspector62","format":"gen7ubers","log":"|j|\u2606holy pea\n|j|\u2606Walletinspector62\n|player|p1|holy pea|110|\n|player|p2|Walletinspector62|169|\n|teamsize|p1|6\n|teamsize|p2|6\n|gametype|singles\n|gen|7\n|tier|[Gen 7] Ubers\n|rule|Sleep Clause Mod: Limit one foe put to sleep\n|rule|Species Clause: Limit one of each Pok\u00e9mon\n|rule|OHKO Clause: OHKO moves are banned\n|rule|Moody Clause: Moody is banned\n|rule|Evasion Moves Clause: Evasion moves are banned\n|rule|Endless Battle Clause: Forcing endless battles is banned\n|rule|HP Percentage Mod: HP is shown in percentages\n|clearpoke\n|poke|p1|Tapu Koko|item\n|poke|p1|Dugtrio, F|item\n|poke|p1|Kyogre|item\n|poke|p1|Steelix, M|item\n|poke|p1|Mandibuzz, F|item\n|poke|p1|Decidueye, F|item\n|poke|p2|Groudon|item\n|poke|p2|Rayquaza|item\n|poke|p2|Porygon2|item\n|poke|p2|Quagsire, F|item\n|poke|p2|Tapu Lele|item\n|poke|p2|Kakuna, M|item\n|rule|Mega Rayquaza Clause: You cannot mega evolve Rayquaza\n|teampreview\n|c|\u2606Walletinspector62|Glhf\n|c|\u2606holy pea|damn it\n|c|\u2606holy pea|I was bringing Litwick\n|c|\u2606Walletinspector62|Did you not prep for kakuna\n|c|\u2606holy pea|Yeah bro\n|j| DraftMAC\n|c|\u2606Walletinspector62|Ooooooof\n|c|\u2606holy pea|Was going to bring Litwick for it\n|c|\u2606holy pea|Now it's gg\n|c| DraftMAC|im seeing a kakuna.......\n|c|\u2606Walletinspector62|Maybe scarf koko can outspeed and kill it idk\n|c|\u2606holy pea|impossible\n|c|\u2606holy pea|no scarf mon beats it\n|\n|start\n|switch|p1a: Dugtrio|Dugtrio, F|100\/100\n|switch|p2a: MVP|Kakuna, M, shiny|100\/100\n|turn|1\n|\n|switch|p1a: Steelix|Steelix, M|100\/100\n|move|p2a: MVP|String Shot|p1a: Steelix\n|-unboost|p1a: Steelix|spe|2\n|\n|upkeep\n|turn|2\n|\n|move|p2a: MVP|Harden|p2a: MVP\n|-boost|p2a: MVP|def|1\n|move|p1a: Steelix|Stealth Rock|p2a: MVP\n|-sidestart|p2: Walletinspector62|move: Stealth Rock\n|\n|upkeep\n|turn|3\n|c|\u2606Walletinspector62|Gave me free set up oof\n|c|\u2606holy pea|i'm ready for this.\n|\n|move|p2a: MVP|Harden|p2a: MVP\n|-boost|p2a: MVP|def|1\n|move|p1a: Steelix|Earthquake|p2a: MVP\n|-damage|p2a: MVP|82\/100\n|\n|upkeep\n|turn|4\n|\n|move|p2a: MVP|Harden|p2a: MVP\n|-boost|p2a: MVP|def|1\n|move|p1a: Steelix|Earthquake|p2a: MVP\n|-damage|p2a: MVP|66\/100\n|\n|upkeep\n|turn|5\n|\n|move|p2a: MVP|Harden|p2a: MVP\n|-boost|p2a: MVP|def|1\n|move|p1a: Steelix|Earthquake|p2a: MVP\n|-damage|p2a: MVP|53\/100\n|\n|upkeep\n|turn|6\n|\n|move|p2a: MVP|Harden|p2a: MVP\n|-boost|p2a: MVP|def|1\n|move|p1a: Steelix|Earthquake|p2a: MVP\n|-damage|p2a: MVP|42\/100\n|\n|upkeep\n|turn|7\n|\n|move|p2a: MVP|Harden|p2a: MVP\n|-boost|p2a: MVP|def|1\n|move|p1a: Steelix|Earthquake|p2a: MVP\n|-damage|p2a: MVP|32\/100\n|\n|upkeep\n|turn|8\n|\n|move|p2a: MVP|String Shot|p1a: Steelix\n|-unboost|p1a: Steelix|spe|2\n|move|p1a: Steelix|Roar|p2a: MVP\n|drag|p2a: GREEN BEAN|Rayquaza|100\/100\n|-damage|p2a: GREEN BEAN|76\/100|[from] Stealth Rock\n|-ability|p2a: GREEN BEAN|Air Lock\n|\n|upkeep\n|turn|9\n|c|\u2606Walletinspector62|OOf\n|\n|move|p2a: GREEN BEAN|Surf|p1a: Steelix\n|-supereffective|p1a: Steelix\n|-damage|p1a: Steelix|17\/100\n|-damage|p2a: GREEN BEAN|66\/100|[from] item: Life Orb\n|move|p1a: Steelix|Toxic|p2a: GREEN BEAN\n|-status|p2a: GREEN BEAN|tox\n|\n|-damage|p2a: GREEN BEAN|60\/100 tox|[from] psn\n|upkeep\n|turn|10\n|\n|switch|p1a: Mandibuzz|Mandibuzz, F|100\/100\n|move|p2a: GREEN BEAN|Surf|p1a: Mandibuzz\n|-damage|p1a: Mandibuzz|75\/100\n|-damage|p2a: GREEN BEAN|50\/100 tox|[from] item: Life Orb\n|\n|-heal|p1a: Mandibuzz|81\/100|[from] item: Leftovers\n|-damage|p2a: GREEN BEAN|38\/100 tox|[from] psn\n|upkeep\n|turn|11\n|\n|switch|p1a: Steelix|Steelix, M|17\/100\n|move|p2a: GREEN BEAN|Thunder|p1a: Steelix\n|-immune|p1a: Steelix\n|\n|-damage|p2a: GREEN BEAN|20\/100 tox|[from] psn\n|upkeep\n|turn|12\n|\n|move|p2a: GREEN BEAN|Surf|p1a: Steelix\n|-supereffective|p1a: Steelix\n|-damage|p1a: Steelix|0 fnt\n|-damage|p2a: GREEN BEAN|10\/100 tox|[from] item: Life Orb\n|faint|p1a: Steelix\n|\n|-damage|p2a: GREEN BEAN|0 fnt|[from] psn\n|faint|p2a: GREEN BEAN\n|upkeep\n|\n|switch|p2a: You are now trappe|Porygon2, shiny|100\/100\n|switch|p1a: Tapu Koko|Tapu Koko|100\/100\n|-fieldstart|move: Electric Terrain|[from] ability: Electric Surge|[of] p1a: Tapu Koko\n|-damage|p2a: You are now trappe|88\/100|[from] Stealth Rock\n|-ability|p2a: You are now trappe|Electric Surge|[from] ability: Trace|[of] p1a: Tapu Koko\n|turn|13\n|\n|switch|p2a: MVP|Kakuna, M, shiny|32\/100\n|-damage|p2a: MVP|7\/100|[from] Stealth Rock\n|move|p1a: Tapu Koko|Taunt|p2a: MVP\n|-start|p2a: MVP|move: Taunt\n|\n|upkeep\n|turn|14\n|c|\u2606holy pea|YES\n|c|\u2606holy pea|I PREDICTED\n|\n|move|p1a: Tapu Koko|Thunderbolt|p2a: MVP\n|-damage|p2a: MVP|0 fnt\n|faint|p2a: MVP\n|\n|upkeep\n|\n|switch|p2a: Hello Kyogre|Quagsire, F, shiny|100\/100\n|-damage|p2a: Hello Kyogre|94\/100|[from] Stealth Rock\n|turn|15\n|\n|move|p1a: Tapu Koko|U-turn|p2a: Hello Kyogre\n|-damage|p2a: Hello Kyogre|83\/100\n|\n|switch|p1a: Decidueye|Decidueye, F|100\/100|[from]move: U-turn\n|move|p2a: Hello Kyogre|Earthquake|p1a: Decidueye\n|-resisted|p1a: Decidueye\n|-damage|p1a: Decidueye|79\/100\n|\n|upkeep\n|turn|16\n|\n|switch|p2a: Smh|Groudon|100\/100\n|-damage|p2a: Smh|94\/100|[from] Stealth Rock\n|detailschange|p2a: Smh|Groudon-Primal\n|-primal|p2a: Smh\n|-weather|DesolateLand|[from] ability: Desolate Land|[of] p2a: Smh\n|move|p1a: Decidueye|Swords Dance|p1a: Decidueye\n|-boost|p1a: Decidueye|atk|2\n|\n|-weather|DesolateLand|[upkeep]\n|upkeep\n|turn|17\n|\n|move|p2a: Smh|Rock Polish|p2a: Smh\n|-boost|p2a: Smh|spe|2\n|move|p1a: Decidueye|Leaf Blade|p2a: Smh\n|-damage|p2a: Smh|17\/100\n|-damage|p1a: Decidueye|70\/100|[from] item: Life Orb\n|\n|-weather|DesolateLand|[upkeep]\n|-fieldend|move: Electric Terrain\n|upkeep\n|turn|18\n|\n|move|p1a: Decidueye|Shadow Sneak|p2a: Smh\n|-damage|p2a: Smh|0 fnt\n|-damage|p1a: Decidueye|60\/100|[from] item: Life Orb\n|faint|p2a: Smh\n|-weather|none\n|\n|upkeep\n|\n|switch|p2a: You are now trappe|Porygon2, shiny|88\/100\n|-damage|p2a: You are now trappe|76\/100|[from] Stealth Rock\n|-ability|p2a: You are now trappe|Overgrow|[from] ability: Trace|[of] p1a: Decidueye\n|turn|19\n|\n|move|p1a: Decidueye|Leaf Blade|p2a: You are now trappe\n|-damage|p2a: You are now trappe|0 fnt\n|-damage|p1a: Decidueye|50\/100|[from] item: Life Orb\n|faint|p2a: You are now trappe\n|\n|upkeep\n|\n|switch|p2a: Hello Kyogre|Quagsire, F, shiny|83\/100\n|-damage|p2a: Hello Kyogre|77\/100|[from] Stealth Rock\n|turn|20\n|c|\u2606Walletinspector62|Wait\n|c|\u2606Walletinspector62|i threw\n|c|\u2606holy pea|why not lele?\n|c|\u2606Walletinspector62|I forgot about psychic terrain lol\n|c|\u2606holy pea|i figured lol\n|\n|move|p1a: Decidueye|Leaf Blade|p2a: Hello Kyogre\n|-supereffective|p2a: Hello Kyogre\n|-crit|p2a: Hello Kyogre\n|-enditem|p2a: Hello Kyogre|Rindo Berry|[eat]\n|-enditem|p2a: Hello Kyogre|Rindo Berry|[weaken]\n|-damage|p2a: Hello Kyogre|0 fnt\n|-damage|p1a: Decidueye|40\/100|[from] item: Life Orb\n|faint|p2a: Hello Kyogre\n|\n|upkeep\n|\n|switch|p2a: Alice|Tapu Lele|100\/100\n|-damage|p2a: Alice|88\/100|[from] Stealth Rock\n|-fieldstart|move: Psychic Terrain|[from] ability: Psychic Surge|[of] p2a: Alice\n|turn|21\n|\n|move|p2a: Alice|Moonblast|p1a: Decidueye\n|-damage|p1a: Decidueye|0 fnt\n|faint|p1a: Decidueye\n|\n|upkeep\n|\n|switch|p1a: Kyogre|Kyogre|100\/100\n|detailschange|p1a: Kyogre|Kyogre-Primal\n|-primal|p1a: Kyogre\n|-weather|PrimordialSea|[from] ability: Primordial Sea|[of] p1a: Kyogre\n|turn|22\n|\n|move|p2a: Alice|Moonblast|p1a: Kyogre\n|-damage|p1a: Kyogre|60\/100\n|move|p1a: Kyogre|Liquidation|p2a: Alice\n|-damage|p2a: Alice|0 fnt\n|faint|p2a: Alice\n|\n|win|holy pea\n|c|\u2606holy pea|gg\n|c|\u2606Walletinspector62|Gg\n","uploadtime":1567370800,"views":6,"p1id":"holypea","p2id":"walletinspector62","formatid":"gen7ubers","rating":0,"private":0,"password":null}