{"id":"gen7pokebankou-518805758","p1":"aaskd","p2":"SMxVale","format":"gen7pokebankou","log":"|j|aaskd\n|j|SMxVale\n|player|p1|aaskd|274\n|player|p2|SMxVale|151\n|gametype|singles\n|gen|7\n|tier|[Gen 7] Pokebank OU\n|rated\n|seed|7314,30616,51070,58219\n|clearpoke\n|poke|p1|Salazzle, F|item\n|poke|p1|Decidueye, F|\n|poke|p1|Metagross|item\n|poke|p1|Mamoswine, F|item\n|poke|p1|Golisopod, M|item\n|poke|p1|Tapu Koko|item\n|poke|p2|Metagross|item\n|poke|p2|Tapu Lele|item\n|poke|p2|Tapu Fini|item\n|poke|p2|Celesteela|item\n|poke|p2|Landorus-Therian, M|item\n|poke|p2|Muk-Alola, F|item\n|rule|Baton Pass Clause: Limit one Baton Passer, can't pass Spe and other stats simultaneously\n|rule|Sleep Clause Mod: Limit one foe put to sleep\n|rule|Species Clause: Limit one of each Pok\u00e9mon\n|rule|OHKO Clause: OHKO moves are banned\n|rule|Moody Clause: Moody is banned\n|rule|Evasion Moves Clause: Evasion moves are banned\n|rule|Endless Battle Clause: Forcing endless battles is banned\n|rule|HP Percentage Mod: HP is shown in percentages\n|teampreview\n|choice|team 6, team 2, team 3, team 4, team 5, team 1|team 3, team 2, team 1, team 4, team 5, team 6\n|\n|start\n|switch|p1a: Tapu Koko|Tapu Koko|281\/281\n|switch|p2a: Tapu Fini|Tapu Fini|343\/343\n|-fieldstart|move: Electric Terrain|[from] ability: Electric Surge|[of] p1a: Tapu Koko\n|-fieldstart|move: Misty Terrain|[from] ability: Misty Surge|[of] p2a: Tapu Fini\n|turn|1\n|choice|move dazzlinggleam|switch 6\n|\n|switch|p2a: Muk|Muk-Alola, F|413\/413\n|move|p1a: Tapu Koko|Dazzling Gleam|p2a: Muk\n|-damage|p2a: Muk|316\/413\n|-damage|p1a: Tapu Koko|253\/281|[from] item: Life Orb\n|\n|upkeep\n|turn|2\n|choice|move voltswitch|move knockoff\n|\n|move|p1a: Tapu Koko|Volt Switch|p2a: Muk\n|-damage|p2a: Muk|225\/413\n|-damage|p1a: Tapu Koko|225\/281|[from] item: Life Orb\n|choice|switch 5|\n|\n|switch|p1a: Golisopod|Golisopod, M|353\/353\n|move|p2a: Muk|Knock Off|p1a: Golisopod\n|-damage|p1a: Golisopod|265\/353\n|-enditem|p1a: Golisopod|Leftovers|[from] move: Knock Off|[of] p2a: Muk\n|\n|upkeep\n|turn|3\n|choice|move bulkup|switch 6\n|\n|switch|p2a: Tapu Fini|Tapu Fini|343\/343\n|move|p1a: Golisopod|Bulk Up|p1a: Golisopod\n|-boost|p1a: Golisopod|atk|1\n|-boost|p1a: Golisopod|def|1\n|\n|upkeep\n|turn|4\n|choice|switch 2|move naturesmadness\n|\n|switch|p1a: Decidueye|Decidueye, F|327\/327\n|move|p2a: Tapu Fini|Nature's Madness|p1a: Decidueye\n|-damage|p1a: Decidueye|164\/327\n|\n|upkeep\n|turn|5\n|choice|move roost|switch 6\n|\n|switch|p2a: Muk|Muk-Alola, F|225\/413\n|move|p1a: Decidueye|Roost|p1a: Decidueye\n|-heal|p1a: Decidueye|327\/327\n|\n|-fieldend|Misty Terrain\n|upkeep\n|turn|6\n|choice|switch 5|move pursuit\n|\n|-activate|p1a: Decidueye|move: Pursuit\n|move|p2a: Muk|Pursuit|p1a: Decidueye|[from]Pursuit\n|-supereffective|p1a: Decidueye\n|-damage|p1a: Decidueye|1\/327\n|-status|p1a: Decidueye|psn|[from] ability: Poison Touch|[of] p2a: Muk\n|switch|p1a: Tapu Koko|Tapu Koko|225\/281\n|-fieldstart|move: Electric Terrain|[from] ability: Electric Surge|[of] p1a: Tapu Koko\n|\n|upkeep\n|turn|7\n|choice|move voltswitch|move shadowsneak\n|\n|move|p2a: Muk|Shadow Sneak|p1a: Tapu Koko\n|-damage|p1a: Tapu Koko|175\/281\n|move|p1a: Tapu Koko|Volt Switch|p2a: Muk\n|-damage|p2a: Muk|89\/413\n|-damage|p1a: Tapu Koko|147\/281|[from] item: Life Orb\n|choice|switch 3|\n|\n|switch|p1a: Metagross|Metagross|301\/301\n|\n|upkeep\n|turn|8\n|choice|move meteormash mega|move shadowsneak\n|\n|detailschange|p1a: Metagross|Metagross-Mega\n|-mega|p1a: Metagross|Metagross|Metagrossite\n|move|p2a: Muk|Shadow Sneak|p1a: Metagross\n|-supereffective|p1a: Metagross\n|-crit|p1a: Metagross\n|-damage|p1a: Metagross|213\/301\n|move|p1a: Metagross|Meteor Mash|p2a: Muk\n|-damage|p2a: Muk|0 fnt\n|-boost|p1a: Metagross|atk|1\n|faint|p2a: Muk\n|\n|upkeep\n|choice||switch 5\n|\n|switch|p2a: Landorus|Landorus-Therian, M|381\/381\n|-ability|p2a: Landorus|Intimidate|boost\n|-unboost|p1a: Metagross|atk|1\n|turn|9\n|choice|switch 5|move earthquake\n|\n|switch|p1a: Decidueye|Decidueye, F|1\/327 psn\n|move|p2a: Landorus|Earthquake|p1a: Decidueye\n|-resisted|p1a: Decidueye\n|-damage|p1a: Decidueye|0 fnt\n|faint|p1a: Decidueye\n|\n|upkeep\n|choice|switch 4|\n|\n|switch|p1a: Mamoswine|Mamoswine, F|361\/361\n|turn|10\n|choice|move iciclecrash|move uturn\n|\n|move|p1a: Mamoswine|Icicle Crash|p2a: Landorus\n|-supereffective|p2a: Landorus\n|-damage|p2a: Landorus|0 fnt\n|faint|p2a: Landorus\n|\n|-fieldend|move: Electric Terrain\n|upkeep\n|choice||switch 6\n|\n|switch|p2a: Tapu Fini|Tapu Fini|343\/343\n|-fieldstart|move: Misty Terrain|[from] ability: Misty Surge|[of] p2a: Tapu Fini\n|turn|11\n|choice|move earthquake|move naturesmadness\n|\n|move|p1a: Mamoswine|Earthquake|p2a: Tapu Fini\n|-damage|p2a: Tapu Fini|238\/343\n|move|p2a: Tapu Fini|Nature's Madness|p1a: Mamoswine\n|-damage|p1a: Mamoswine|181\/361\n|\n|-heal|p2a: Tapu Fini|259\/343|[from] item: Leftovers\n|upkeep\n|turn|12\n|choice|move stealthrock|move moonblast\n|\n|move|p1a: Mamoswine|Stealth Rock|p2a: Tapu Fini\n|-sidestart|p2: SMxVale|move: Stealth Rock\n|move|p2a: Tapu Fini|Moonblast|p1a: Mamoswine\n|-damage|p1a: Mamoswine|43\/361\n|\n|-heal|p2a: Tapu Fini|280\/343|[from] item: Leftovers\n|upkeep\n|turn|13\n|choice|move earthquake|move defog\n|\n|move|p1a: Mamoswine|Earthquake|p2a: Tapu Fini\n|-damage|p2a: Tapu Fini|175\/343\n|move|p2a: Tapu Fini|Defog|p1a: Mamoswine\n|-unboost|p1a: Mamoswine|evasion|1\n|-sideend|p2: SMxVale|Stealth Rock|[from] move: Defog|[of] p2a: Tapu Fini\n|\n|-heal|p2a: Tapu Fini|196\/343|[from] item: Leftovers\n|upkeep\n|turn|14\n|choice|move stealthrock|move moonblast\n|\n|move|p1a: Mamoswine|Stealth Rock|p2a: Tapu Fini\n|-sidestart|p2: SMxVale|move: Stealth Rock\n|move|p2a: Tapu Fini|Moonblast|p1a: Mamoswine\n|-damage|p1a: Mamoswine|0 fnt\n|faint|p1a: Mamoswine\n|\n|-heal|p2a: Tapu Fini|217\/343|[from] item: Leftovers\n|upkeep\n|choice|switch 3|\n|\n|switch|p1a: Tapu Koko|Tapu Koko|147\/281\n|-fieldstart|move: Electric Terrain|[from] ability: Electric Surge|[of] p1a: Tapu Koko\n|turn|15\n|choice|move thunderbolt|move moonblast\n|\n|move|p1a: Tapu Koko|Thunderbolt|p2a: Tapu Fini\n|-supereffective|p2a: Tapu Fini\n|-damage|p2a: Tapu Fini|0 fnt\n|-damage|p1a: Tapu Koko|119\/281|[from] item: Life Orb\n|faint|p2a: Tapu Fini\n|\n|upkeep\n|choice||switch 2\n|\n|switch|p2a: Tapu Lele|Tapu Lele|281\/281\n|-damage|p2a: Tapu Lele|246\/281|[from] Stealth Rock\n|-fieldstart|move: Psychic Terrain|[from] ability: Psychic Surge|[of] p2a: Tapu Lele\n|turn|16\n|choice|move thunderbolt|move moonblast\n|\n|move|p2a: Tapu Lele|Moonblast|p1a: Tapu Koko\n|-damage|p1a: Tapu Koko|0 fnt\n|faint|p1a: Tapu Koko\n|\n|upkeep\n|choice|switch 5|\n|\n|switch|p1a: Metagross|Metagross-Mega|213\/301\n|turn|17\n|choice|move pursuit|switch 4\n|\n|-activate|p2a: Tapu Lele|move: Pursuit\n|move|p1a: Metagross|Pursuit|p2a: Tapu Lele|[from]Pursuit\n|-crit|p2a: Tapu Lele\n|-damage|p2a: Tapu Lele|12\/281\n|switch|p2a: Celesteela|Celesteela|397\/397\n|-damage|p2a: Celesteela|348\/397|[from] Stealth Rock\n|\n|-heal|p2a: Celesteela|372\/397|[from] item: Leftovers\n|upkeep\n|turn|18\n|choice|switch 2|move leechseed\n|\n|switch|p1a: Golisopod|Golisopod, M|265\/353\n|move|p2a: Celesteela|Leech Seed|p1a: Golisopod\n|-start|p1a: Golisopod|move: Leech Seed\n|\n|-heal|p2a: Celesteela|396\/397|[from] item: Leftovers\n|-damage|p1a: Golisopod|221\/353|[from] Leech Seed|[of] p2a: Celesteela\n|-heal|p2a: Celesteela|397\/397|[silent]\n|upkeep\n|turn|19\n|choice|move bulkup|move flamethrower\n|\n|move|p2a: Celesteela|Flamethrower|p1a: Golisopod\n|-damage|p1a: Golisopod|121\/353\n|-activate|p1a: Golisopod|ability: Emergency Exit\n|choice|switch 6|\n|\n|switch|p1a: Salazzle|Salazzle, F|339\/339\n|\n|upkeep\n|turn|20\n|choice|move substitute|move leechseed\n|\n|move|p1a: Salazzle|Substitute|p1a: Salazzle\n|-start|p1a: Salazzle|Substitute\n|-damage|p1a: Salazzle|255\/339\n|move|p2a: Celesteela|Leech Seed|p1a: Salazzle\n|-fail|p1a: Salazzle\n|\n|-heal|p1a: Salazzle|276\/339|[from] item: Black Sludge\n|-fieldend|move: Psychic Terrain\n|upkeep\n|turn|21\n|choice|move toxic|move heavyslam\n|\n|move|p1a: Salazzle|Toxic|p2a: Celesteela\n|-status|p2a: Celesteela|tox\n|move|p2a: Celesteela|Heavy Slam|p1a: Salazzle\n|-resisted|p1a: Salazzle\n|-end|p1a: Salazzle|Substitute\n|\n|-heal|p1a: Salazzle|297\/339|[from] item: Black Sludge\n|-damage|p2a: Celesteela|373\/397 tox|[from] psn\n|upkeep\n|turn|22\n|choice|move substitute|move heavyslam\n|\n|move|p1a: Salazzle|Substitute|p1a: Salazzle\n|-start|p1a: Salazzle|Substitute\n|-damage|p1a: Salazzle|213\/339\n|move|p2a: Celesteela|Heavy Slam|p1a: Salazzle\n|-resisted|p1a: Salazzle\n|-end|p1a: Salazzle|Substitute\n|\n|-heal|p1a: Salazzle|234\/339|[from] item: Black Sludge\n|-heal|p2a: Celesteela|397\/397 tox|[from] item: Leftovers\n|-damage|p2a: Celesteela|349\/397 tox|[from] psn\n|upkeep\n|turn|23\n|choice|move disable|move heavyslam\n|\n|move|p1a: Salazzle|Disable|p2a: Celesteela\n|-start|p2a: Celesteela|Disable|Heavy Slam\n|cant|p2a: Celesteela|Disable|Heavy Slam\n|\n|-heal|p1a: Salazzle|255\/339|[from] item: Black Sludge\n|-heal|p2a: Celesteela|373\/397 tox|[from] item: Leftovers\n|-damage|p2a: Celesteela|301\/397 tox|[from] psn\n|upkeep\n|turn|24\n|choice|move substitute|move flamethrower\n|\n|move|p1a: Salazzle|Substitute|p1a: Salazzle\n|-start|p1a: Salazzle|Substitute\n|-damage|p1a: Salazzle|171\/339\n|move|p2a: Celesteela|Flamethrower|p1a: Salazzle\n|-resisted|p1a: Salazzle\n|-activate|p1a: Salazzle|move: Substitute|[damage]\n|\n|-heal|p1a: Salazzle|192\/339|[from] item: Black Sludge\n|-heal|p2a: Celesteela|325\/397 tox|[from] item: Leftovers\n|-damage|p2a: Celesteela|229\/397 tox|[from] psn\n|upkeep\n|turn|25\n|choice|move flamethrower|switch 4\n|\n|switch|p2a: Tapu Lele|Tapu Lele|12\/281\n|-damage|p2a: Tapu Lele|0 fnt|[from] Stealth Rock\n|faint|p2a: Tapu Lele\n|move|p1a: Salazzle|Flamethrower|p2: Tapu Lele|[notarget]\n|-notarget\n|\n|-heal|p1a: Salazzle|213\/339|[from] item: Black Sludge\n|upkeep\n|choice||switch 3\n|\n|switch|p2a: Metagross|Metagross|301\/301\n|-damage|p2a: Metagross|283\/301|[from] Stealth Rock\n|turn|26\n|choice|move toxic|move earthquake mega\n|\n|detailschange|p2a: Metagross|Metagross-Mega\n|-mega|p2a: Metagross|Metagross|Metagrossite\n|move|p1a: Salazzle|Toxic|p2a: Metagross\n|-status|p2a: Metagross|tox\n|move|p2a: Metagross|Earthquake|p1a: Salazzle\n|-supereffective|p1a: Salazzle\n|-end|p1a: Salazzle|Substitute\n|\n|-heal|p1a: Salazzle|234\/339|[from] item: Black Sludge\n|-damage|p2a: Metagross|265\/301 tox|[from] psn\n|upkeep\n|turn|27\n|choice|move substitute|move zenheadbutt\n|\n|move|p1a: Salazzle|Substitute|p1a: Salazzle\n|-start|p1a: Salazzle|Substitute\n|-damage|p1a: Salazzle|150\/339\n|move|p2a: Metagross|Zen Headbutt|p1a: Salazzle|[miss]\n|-miss|p2a: Metagross|p1a: Salazzle\n|\n|-heal|p1a: Salazzle|171\/339|[from] item: Black Sludge\n|-damage|p2a: Metagross|229\/301 tox|[from] psn\n|upkeep\n|turn|28\n|choice|move flamethrower|move earthquake\n|\n|move|p1a: Salazzle|Flamethrower|p2a: Metagross\n|-supereffective|p2a: Metagross\n|-damage|p2a: Metagross|29\/301 tox\n|move|p2a: Metagross|Earthquake|p1a: Salazzle\n|-supereffective|p1a: Salazzle\n|-end|p1a: Salazzle|Substitute\n|\n|-heal|p1a: Salazzle|192\/339|[from] item: Black Sludge\n|-damage|p2a: Metagross|0 fnt|[from] psn\n|upkeep\n|faint|p2a: Metagross\n|-message|SMxVale forfeited.\n|\n|win|aaskd\n|player|p1\n|player|p2\n|l|SMxVale","inputlog":null,"uploadtime":1484674150,"views":0,"p1id":"aaskd","p2id":"smxvale","formatid":"gen7pokebankou","rating":0,"private":0,"password":null}