{"id":"gen7ubers-964480872","p1":"atl24","p2":"Walletinspector62","format":"gen7ubers","log":"|j|\u2606atl24\n|j|\u2606Walletinspector62\n|player|p1|atl24|101|\n|player|p2|Walletinspector62|266|\n|teamsize|p1|6\n|teamsize|p2|6\n|gametype|singles\n|gen|7\n|tier|[Gen 7] Ubers\n|rule|Sleep Clause Mod: Limit one foe put to sleep\n|rule|Species Clause: Limit one of each Pok\u00e9mon\n|rule|OHKO Clause: OHKO moves are banned\n|rule|Moody Clause: Moody is banned\n|rule|Evasion Moves Clause: Evasion moves are banned\n|rule|Endless Battle Clause: Forcing endless battles is banned\n|rule|HP Percentage Mod: HP is shown in percentages\n|clearpoke\n|poke|p1|Solgaleo|item\n|poke|p1|Muk, F|item\n|poke|p1|Zekrom|item\n|poke|p1|Kyogre|item\n|poke|p1|Sylveon, M|item\n|poke|p1|Donphan, M|item\n|poke|p2|Kyurem-Black|item\n|poke|p2|Xerneas|item\n|poke|p2|Bronzong|item\n|poke|p2|Marshadow|item\n|poke|p2|Yveltal|item\n|poke|p2|Kakuna, M|item\n|rule|Mega Rayquaza Clause: You cannot mega evolve Rayquaza\n|teampreview\n|c|\u2606Walletinspector62|Glhf\n|\n|start\n|switch|p1a: Muk|Muk, F|100\/100\n|switch|p2a: DA ZONG|Bronzong|100\/100\n|turn|1\n|\n|move|p2a: DA ZONG|Protect|p2a: DA ZONG\n|-singleturn|p2a: DA ZONG|Protect\n|move|p1a: Muk|Fire Punch|p2a: DA ZONG\n|-activate|p2a: DA ZONG|move: Protect\n|\n|upkeep\n|turn|2\n|\n|switch|p1a: Donphan|Donphan, M|100\/100\n|move|p2a: DA ZONG|Stealth Rock|p1a: Donphan\n|-sidestart|p1: atl24|move: Stealth Rock\n|\n|upkeep\n|turn|3\n|\n|move|p1a: Donphan|Stealth Rock|p2a: DA ZONG\n|-sidestart|p2: Walletinspector62|move: Stealth Rock\n|move|p2a: DA ZONG|Toxic|p1a: Donphan\n|-status|p1a: Donphan|tox\n|\n|-damage|p1a: Donphan|94\/100 tox|[from] psn\n|upkeep\n|turn|4\n|\n|switch|p2a: Bacon Birb|Yveltal, shiny|100\/100\n|-damage|p2a: Bacon Birb|76\/100|[from] Stealth Rock\n|-ability|p2a: Bacon Birb|Dark Aura\n|move|p1a: Donphan|Rapid Spin|p2a: Bacon Birb\n|-damage|p2a: Bacon Birb|70\/100\n|-sideend|p1: atl24|Stealth Rock|[from] move: Rapid Spin|[of] p1a: Donphan\n|\n|-damage|p1a: Donphan|82\/100 tox|[from] psn\n|upkeep\n|turn|5\n|\n|switch|p1a: Sylveon|Sylveon, M|100\/100\n|move|p2a: Bacon Birb|Defog|p1a: Sylveon\n|-unboost|p1a: Sylveon|evasion|1\n|-sideend|p2: Walletinspector62|Stealth Rock|[from] move: Defog|[of] p2a: Bacon Birb\n|\n|upkeep\n|turn|6\n|\n|switch|p2a: DA ZONG|Bronzong|100\/100\n|move|p1a: Sylveon|Hyper Voice|p2a: DA ZONG\n|-resisted|p2a: DA ZONG\n|-damage|p2a: DA ZONG|83\/100\n|\n|-heal|p2a: DA ZONG|90\/100|[from] item: Leftovers\n|upkeep\n|turn|7\n|\n|move|p1a: Sylveon|Shadow Ball|p2a: DA ZONG\n|-supereffective|p2a: DA ZONG\n|-damage|p2a: DA ZONG|55\/100\n|move|p2a: DA ZONG|Stealth Rock|p1a: Sylveon\n|-sidestart|p1: atl24|move: Stealth Rock\n|\n|-heal|p2a: DA ZONG|61\/100|[from] item: Leftovers\n|upkeep\n|turn|8\n|\n|switch|p1a: Donphan|Donphan, M|82\/100 tox\n|-damage|p1a: Donphan|75\/100 tox|[from] Stealth Rock\n|move|p2a: DA ZONG|Protect||[still]\n|-fail|p2a: DA ZONG\n|\n|-heal|p2a: DA ZONG|68\/100|[from] item: Leftovers\n|-damage|p1a: Donphan|69\/100 tox|[from] psn\n|upkeep\n|turn|9\n|\n|move|p2a: DA ZONG|Protect|p2a: DA ZONG\n|-singleturn|p2a: DA ZONG|Protect\n|move|p1a: Donphan|Stealth Rock|p2a: DA ZONG\n|-sidestart|p2: Walletinspector62|move: Stealth Rock\n|\n|-heal|p2a: DA ZONG|74\/100|[from] item: Leftovers\n|-damage|p1a: Donphan|57\/100 tox|[from] psn\n|upkeep\n|turn|10\n|\n|switch|p2a: Punchbuggy|Marshadow|100\/100\n|-damage|p2a: Punchbuggy|94\/100|[from] Stealth Rock\n|move|p1a: Donphan|Knock Off|p2a: Punchbuggy\n|-damage|p2a: Punchbuggy|62\/100\n|-enditem|p2a: Punchbuggy|Focus Sash|[from] move: Knock Off|[of] p1a: Donphan\n|\n|-damage|p1a: Donphan|38\/100 tox|[from] psn\n|upkeep\n|turn|11\n|\n|move|p2a: Punchbuggy|Spectral Thief|p1a: Donphan\n|-crit|p1a: Donphan\n|-damage|p1a: Donphan|0 fnt\n|faint|p1a: Donphan\n|\n|upkeep\n|\n|switch|p1a: Zekrom|Zekrom|100\/100\n|-damage|p1a: Zekrom|88\/100|[from] Stealth Rock\n|-ability|p1a: Zekrom|Teravolt\n|turn|12\n|\n|switch|p2a: Kakuna|Kakuna, M|100\/100\n|-damage|p2a: Kakuna|76\/100|[from] Stealth Rock\n|move|p1a: Zekrom|Fusion Bolt|p2a: Kakuna\n|-damage|p2a: Kakuna|0 fnt\n|faint|p2a: Kakuna\n|\n|upkeep\n|\n|switch|p2a: DA ZONG|Bronzong|74\/100\n|-damage|p2a: DA ZONG|68\/100|[from] Stealth Rock\n|turn|13\n|\n|move|p1a: Zekrom|Crunch|p2a: DA ZONG\n|-supereffective|p2a: DA ZONG\n|-damage|p2a: DA ZONG|20\/100\n|-unboost|p2a: DA ZONG|def|1\n|move|p2a: DA ZONG|Toxic|p1a: Zekrom\n|-status|p1a: Zekrom|tox\n|\n|-heal|p2a: DA ZONG|26\/100|[from] item: Leftovers\n|-damage|p1a: Zekrom|82\/100 tox|[from] psn\n|upkeep\n|turn|14\n|\n|move|p2a: DA ZONG|Protect|p2a: DA ZONG\n|-singleturn|p2a: DA ZONG|Protect\n|move|p1a: Zekrom|Fusion Bolt|p2a: DA ZONG\n|-activate|p2a: DA ZONG|move: Protect\n|\n|-heal|p2a: DA ZONG|32\/100|[from] item: Leftovers\n|-damage|p1a: Zekrom|70\/100 tox|[from] psn\n|upkeep\n|turn|15\n|\n|switch|p2a: Freezer Burn|Kyurem-Black, shiny|100\/100\n|-damage|p2a: Freezer Burn|76\/100|[from] Stealth Rock\n|-ability|p2a: Freezer Burn|Teravolt\n|move|p1a: Zekrom|Fusion Bolt|p2a: Freezer Burn\n|-resisted|p2a: Freezer Burn\n|-damage|p2a: Freezer Burn|42\/100\n|\n|-damage|p1a: Zekrom|51\/100 tox|[from] psn\n|upkeep\n|turn|16\n|\n|switch|p1a: Solgaleo|Solgaleo|100\/100\n|-damage|p1a: Solgaleo|94\/100|[from] Stealth Rock\n|move|p2a: Freezer Burn|Ice Beam|p1a: Solgaleo\n|-resisted|p1a: Solgaleo\n|-damage|p1a: Solgaleo|86\/100\n|\n|upkeep\n|turn|17\n|\n|move|p1a: Solgaleo|Sunsteel Strike|p2a: Freezer Burn\n|-supereffective|p2a: Freezer Burn\n|-damage|p2a: Freezer Burn|0 fnt\n|faint|p2a: Freezer Burn\n|\n|upkeep\n|\n|switch|p2a: Bacon Birb|Yveltal, shiny|70\/100\n|-damage|p2a: Bacon Birb|46\/100|[from] Stealth Rock\n|-ability|p2a: Bacon Birb|Dark Aura\n|turn|18\n|\n|switch|p1a: Sylveon|Sylveon, M|100\/100\n|-damage|p1a: Sylveon|88\/100|[from] Stealth Rock\n|move|p2a: Bacon Birb|U-turn|p1a: Sylveon\n|-resisted|p1a: Sylveon\n|-damage|p1a: Sylveon|78\/100\n|\n|switch|p2a: DA ZONG|Bronzong|32\/100|[from]move: U-turn\n|-damage|p2a: DA ZONG|26\/100|[from] Stealth Rock\n|\n|-heal|p1a: Sylveon|84\/100|[from] item: Leftovers\n|-heal|p2a: DA ZONG|32\/100|[from] item: Leftovers\n|upkeep\n|turn|19\n|\n|move|p2a: DA ZONG|Protect|p2a: DA ZONG\n|-singleturn|p2a: DA ZONG|Protect\n|move|p1a: Sylveon|Heal Bell|p1a: Sylveon\n|-activate|p1a: Sylveon|move: Heal Bell\n|-curestatus|p1: Zekrom|tox|[msg]\n|\n|-heal|p1a: Sylveon|90\/100|[from] item: Leftovers\n|-heal|p2a: DA ZONG|38\/100|[from] item: Leftovers\n|upkeep\n|turn|20\n|\n|move|p1a: Sylveon|Wish|p1a: Sylveon\n|move|p2a: DA ZONG|Toxic|p1a: Sylveon\n|-status|p1a: Sylveon|tox\n|\n|-heal|p1a: Sylveon|96\/100 tox|[from] item: Leftovers\n|-heal|p2a: DA ZONG|45\/100|[from] item: Leftovers\n|-damage|p1a: Sylveon|90\/100 tox|[from] psn\n|upkeep\n|turn|21\n|\n|switch|p1a: Zekrom|Zekrom|51\/100\n|-damage|p1a: Zekrom|39\/100|[from] Stealth Rock\n|-ability|p1a: Zekrom|Teravolt\n|move|p2a: DA ZONG|Psywave|p1a: Zekrom\n|-damage|p1a: Zekrom|16\/100\n|\n|-heal|p1a: Zekrom|65\/100|[from] move: Wish|[wisher] Sylveon\n|-heal|p2a: DA ZONG|51\/100|[from] item: Leftovers\n|upkeep\n|turn|22\n|\n|move|p1a: Zekrom|Fusion Bolt|p2a: DA ZONG\n|-damage|p2a: DA ZONG|0 fnt\n|faint|p2a: DA ZONG\n|\n|upkeep\n|\n|switch|p2a: Bambi|Xerneas, shiny|100\/100\n|-damage|p2a: Bambi|88\/100|[from] Stealth Rock\n|-ability|p2a: Bambi|Fairy Aura\n|turn|23\n|\n|switch|p1a: Muk|Muk, F|100\/100\n|-damage|p1a: Muk|88\/100|[from] Stealth Rock\n|move|p2a: Bambi|Moonblast|p1a: Muk\n|-resisted|p1a: Muk\n|-damage|p1a: Muk|68\/100\n|\n|upkeep\n|turn|24\n|\n|switch|p2a: Bacon Birb|Yveltal, shiny|46\/100\n|-damage|p2a: Bacon Birb|21\/100|[from] Stealth Rock\n|-ability|p2a: Bacon Birb|Dark Aura\n|move|p1a: Muk|Poison Jab|p2a: Bacon Birb\n|-damage|p2a: Bacon Birb|0 fnt\n|faint|p2a: Bacon Birb\n|\n|upkeep\n|\n|switch|p2a: Punchbuggy|Marshadow|62\/100\n|-damage|p2a: Punchbuggy|56\/100|[from] Stealth Rock\n|turn|25\n|\n|switch|p1a: Sylveon|Sylveon, M|90\/100 tox\n|-damage|p1a: Sylveon|78\/100 tox|[from] Stealth Rock\n|move|p2a: Punchbuggy|Spectral Thief|p1a: Sylveon\n|-damage|p1a: Sylveon|27\/100 tox\n|\n|-heal|p1a: Sylveon|33\/100 tox|[from] item: Leftovers\n|-damage|p1a: Sylveon|27\/100 tox|[from] psn\n|upkeep\n|turn|26\n|\n|move|p2a: Punchbuggy|Spectral Thief|p1a: Sylveon\n|-damage|p1a: Sylveon|0 fnt\n|faint|p1a: Sylveon\n|\n|upkeep\n|\n|switch|p1a: Kyogre|Kyogre|100\/100\n|-damage|p1a: Kyogre|88\/100|[from] Stealth Rock\n|detailschange|p1a: Kyogre|Kyogre-Primal\n|-primal|p1a: Kyogre\n|-weather|PrimordialSea|[from] ability: Primordial Sea|[of] p1a: Kyogre\n|turn|27\n|\n|move|p2a: Punchbuggy|Close Combat|p1a: Kyogre\n|-damage|p1a: Kyogre|28\/100\n|-unboost|p2a: Punchbuggy|def|1\n|-unboost|p2a: Punchbuggy|spd|1\n|move|p1a: Kyogre|Thunder|p2a: Punchbuggy\n|-damage|p2a: Punchbuggy|0 fnt\n|faint|p2a: Punchbuggy\n|\n|-weather|PrimordialSea|[upkeep]\n|upkeep\n|\n|switch|p2a: Bambi|Xerneas, shiny|88\/100\n|-damage|p2a: Bambi|76\/100|[from] Stealth Rock\n|-ability|p2a: Bambi|Fairy Aura\n|turn|28\n|\n|move|p2a: Bambi|Geomancy||[still]\n|-prepare|p2a: Bambi|Geomancy|p2a: Bambi\n|-enditem|p2a: Bambi|Power Herb\n|-anim|p2a: Bambi|Geomancy|p2a: Bambi\n|-boost|p2a: Bambi|spa|2\n|-boost|p2a: Bambi|spd|2\n|-boost|p2a: Bambi|spe|2\n|move|p1a: Kyogre|Origin Pulse|p2a: Bambi|[miss]\n|-miss|p1a: Kyogre|p2a: Bambi\n|\n|-weather|PrimordialSea|[upkeep]\n|upkeep\n|turn|29\n|\n|move|p2a: Bambi|Thunder|p1a: Kyogre\n|-supereffective|p1a: Kyogre\n|-damage|p1a: Kyogre|0 fnt\n|faint|p1a: Kyogre\n|-weather|none\n|\n|upkeep\n|\n|switch|p1a: Muk|Muk, F|68\/100\n|-damage|p1a: Muk|55\/100|[from] Stealth Rock\n|turn|30\n|\n|move|p2a: Bambi|Thunder|p1a: Muk|[miss]\n|-miss|p2a: Bambi|p1a: Muk\n|move|p1a: Muk|Haze|p1a: Muk\n|-clearallboost\n|\n|upkeep\n|turn|31\n|\n|move|p2a: Bambi|Geomancy||[still]\n|-prepare|p2a: Bambi|Geomancy|p2a: Bambi\n|move|p1a: Muk|Poison Jab|p2a: Bambi\n|-supereffective|p2a: Bambi\n|-damage|p2a: Bambi|28\/100\n|-status|p2a: Bambi|psn|[from] ability: Poison Touch|[of] p1a: Muk\n|\n|-damage|p2a: Bambi|16\/100 psn|[from] psn\n|upkeep\n|turn|32\n|-message|Walletinspector62 forfeited.\n|\n|win|atl24\n|l|\u2606Walletinspector62\n|c|\u2606atl24|gg?\n","uploadtime":1566516303,"views":7,"p1id":"atl24","p2id":"walletinspector62","formatid":"gen7ubers","rating":0,"private":0,"password":null}