{"id":"gen7ultimatez-652208393","p1":"Lkjhgfdsapoi","p2":"ArtimexTheory","format":"gen7ultimatez","log":"|j|Lkjhgfdsapoi\n|j|ArtimexTheory\n|player|p1|Lkjhgfdsapoi|222\n|teamsize|p1|6\n|player|p2|ArtimexTheory|59\n|teamsize|p2|6\n|gametype|singles\n|gen|7\n|tier|[Gen 7] Ultimate Z\n|seed|55145,50161,2986,55372\n|rule|Sleep Clause Mod: Limit one foe put to sleep\n|rule|Species Clause: Limit one of each Pok\u00e9mon\n|rule|OHKO Clause: OHKO moves are banned\n|rule|Moody Clause: Moody is banned\n|rule|Evasion Moves Clause: Evasion moves are banned\n|rule|Endless Battle Clause: Forcing endless battles is banned\n|rule|HP Percentage Mod: HP is shown in percentages\n|clearpoke\n|poke|p1|Talonflame, M|item\n|poke|p1|Kartana|item\n|poke|p1|Gyarados, M|item\n|poke|p1|Beedrill, M|item\n|poke|p1|Greninja, M|item\n|poke|p1|Muk-Alola, F|item\n|poke|p2|Tapu Koko|item\n|poke|p2|Lopunny, M|item\n|poke|p2|Victini|item\n|poke|p2|Greninja, M|item\n|poke|p2|Ferrothorn, F|item\n|poke|p2|Zapdos|item\n|teampreview\n|j|Stats Bot\n|l|Stats Bot\n|j|mov\n|inactive|Battle timer is ON: inactive players will automatically lose when time's up. (requested by Lkjhgfdsapoi)\n|j|codetaku\n|choice|team 3, team 2, team 1, team 4, team 5, team 6|team 1, team 2, team 3, team 4, team 5, team 6\n|\n|start\n|switch|p1a: Gyarados|Gyarados, M|331\/331\n|switch|p2a: Tapu Koko|Tapu Koko|281\/281\n|-fieldstart|move: Electric Terrain|[from] ability: Electric Surge|[of] p2a: Tapu Koko\n|-ability|p1a: Gyarados|Intimidate|boost\n|-unboost|p2a: Tapu Koko|atk|1\n|turn|1\n|j|Siggy666\n|choice|switch 2|move voltswitch\n|\n|switch|p1a: Kartana|Kartana|259\/259\n|move|p2a: Tapu Koko|Volt Switch|p1a: Kartana\n|-resisted|p1a: Kartana\n|-damage|p1a: Kartana|87\/259\n|choice||switch 4\n|\n|switch|p2a: Greninja|Greninja, M|285\/285\n|\n|upkeep\n|turn|2\n|choice|move leafblade|move icebeam\n|\n|move|p1a: Kartana|Leaf Blade|p2a: Greninja\n|-supereffective|p2a: Greninja\n|-damage|p2a: Greninja|0 fnt\n|faint|p2a: Greninja\n|-ability|p1a: Kartana|Beast Boost|boost\n|-boost|p1a: Kartana|atk|1\n|\n|upkeep\n|l|mov\n|choice||switch 5\n|\n|switch|p2a: Ferrothorn|Ferrothorn, F|352\/352\n|turn|3\n|l|Siggy666\n|choice|switch 6|move stealthrock\n|\n|switch|p1a: Muk|Muk-Alola, F|414\/414\n|move|p2a: Ferrothorn|Stealth Rock|p1a: Muk\n|-sidestart|p1: Lkjhgfdsapoi|move: Stealth Rock\n|\n|upkeep\n|turn|4\n|choice|move stockpile zmove|move leechseed\n|\n|-zpower|p1a: Muk\n|move|p1a: Muk|Z-Stockpile|p1a: Muk|[anim]Stockpile\n|-start|p1a: Muk|stockpile1\n|-boost|p1a: Muk|def|1\n|-boost|p1a: Muk|spd|1\n|move|p2a: Ferrothorn|Leech Seed|p1a: Muk\n|-start|p1a: Muk|move: Leech Seed\n|\n|-damage|p1a: Muk|363\/414|[from] Leech Seed|[of] p2a: Ferrothorn\n|upkeep\n|turn|5\n|j|mov\n|choice|move stockpile zmove|switch 6\n|\n|switch|p2a: Zapdos|Zapdos|383\/383\n|-ability|p2a: Zapdos|Pressure\n|-zpower|p1a: Muk\n|move|p1a: Muk|Z-Stockpile|p1a: Muk|[anim]Stockpile\n|-heal|p1a: Muk|414\/414|[zeffect]\n|-start|p1a: Muk|stockpile2\n|-boost|p1a: Muk|def|1\n|-boost|p1a: Muk|spd|1\n|\n|-damage|p1a: Muk|363\/414|[from] Leech Seed|[of] p2a: Zapdos\n|-fieldend|move: Electric Terrain\n|upkeep\n|turn|6\n|c| codetaku|oh, so that's what it does\n|choice|move stockpile zmove|move heatwave\n|\n|move|p2a: Zapdos|Heat Wave|p1a: Muk\n|-damage|p1a: Muk|298\/414\n|-zpower|p1a: Muk\n|move|p1a: Muk|Z-Stockpile|p1a: Muk|[anim]Stockpile\n|-heal|p1a: Muk|414\/414|[zeffect]\n|-start|p1a: Muk|stockpile3\n|-boost|p1a: Muk|def|1\n|-boost|p1a: Muk|spd|1\n|\n|-damage|p1a: Muk|363\/414|[from] Leech Seed|[of] p2a: Zapdos\n|upkeep\n|turn|7\n|choice|move gunkshot zmove|move heatwave\n|\n|move|p2a: Zapdos|Heat Wave|p1a: Muk\n|-damage|p1a: Muk|315\/414\n|-zpower|p1a: Muk\n|move|p1a: Muk|Hydro Vortex|p2a: Zapdos|[zeffect]\n|-damage|p2a: Zapdos|125\/383\n|\n|-damage|p1a: Muk|264\/414|[from] Leech Seed|[of] p2a: Zapdos\n|-heal|p2a: Zapdos|176\/383|[silent]\n|upkeep\n|turn|8\n|c|\u2606Lkjhgfdsapoi|yeah i recommend it\n|j|BleachSippin'\n|l|BleachSippin'\n|c|\u2606Lkjhgfdsapoi|will this work as recovery...\n|choice|move stockpile zmove|move heatwave\n|\n|move|p2a: Zapdos|Heat Wave|p1a: Muk\n|-damage|p1a: Muk|215\/414\n|-zpower|p1a: Muk\n|move|p1a: Muk|Z-Stockpile|p1a: Muk|[anim]Stockpile\n|-heal|p1a: Muk|414\/414|[zeffect]\n|-fail|p1a: Muk\n|\n|-damage|p1a: Muk|363\/414|[from] Leech Seed|[of] p2a: Zapdos\n|-heal|p2a: Zapdos|227\/383|[silent]\n|upkeep\n|turn|9\n|c|\u2606Lkjhgfdsapoi|yeah!\n|c| codetaku|solid choice\n|choice|move knockoff zmove|move heatwave\n|\n|move|p2a: Zapdos|Heat Wave|p1a: Muk\n|-damage|p1a: Muk|312\/414\n|-zpower|p1a: Muk\n|move|p1a: Muk|Hydro Vortex|p2a: Zapdos|[zeffect]\n|-damage|p2a: Zapdos|77\/383\n|\n|-damage|p1a: Muk|261\/414|[from] Leech Seed|[of] p2a: Zapdos\n|-heal|p2a: Zapdos|128\/383|[silent]\n|upkeep\n|turn|10\n|choice|move stockpile zmove|move heatwave\n|\n|move|p2a: Zapdos|Heat Wave|p1a: Muk\n|-crit|p1a: Muk\n|-damage|p1a: Muk|72\/414\n|-zpower|p1a: Muk\n|move|p1a: Muk|Z-Stockpile|p1a: Muk|[anim]Stockpile\n|-heal|p1a: Muk|414\/414|[zeffect]\n|-fail|p1a: Muk\n|\n|-damage|p1a: Muk|363\/414|[from] Leech Seed|[of] p2a: Zapdos\n|-heal|p2a: Zapdos|179\/383|[silent]\n|upkeep\n|turn|11\n|choice|move explosion zmove|move heatwave\n|\n|move|p2a: Zapdos|Heat Wave|p1a: Muk\n|-damage|p1a: Muk|310\/414\n|-zpower|p1a: Muk\n|move|p1a: Muk|Hydro Vortex|p2a: Zapdos|[zeffect]\n|-damage|p2a: Zapdos|0 fnt\n|faint|p2a: Zapdos\n|\n|upkeep\n|c|\u2606Lkjhgfdsapoi|thx\n|choice||switch 2\n|\n|switch|p2a: Lopunny|Lopunny, M|271\/271\n|turn|12\n|choice|move explosion|move fakeout mega\n|\n|detailschange|p2a: Lopunny|Lopunny-Mega, M\n|-mega|p2a: Lopunny|Lopunny|Lopunnite\n|move|p2a: Lopunny|Fake Out|p1a: Muk\n|-damage|p1a: Muk|271\/414\n|cant|p1a: Muk|flinch\n|\n|-damage|p1a: Muk|220\/414|[from] Leech Seed|[of] p2a: Lopunny\n|upkeep\n|turn|13\n|j|bvance1212\n|choice|move stockpile zmove|move highjumpkick\n|\n|move|p2a: Lopunny|High Jump Kick|p1a: Muk\n|-damage|p1a: Muk|97\/414\n|-zpower|p1a: Muk\n|move|p1a: Muk|Z-Stockpile|p1a: Muk|[anim]Stockpile\n|-heal|p1a: Muk|414\/414|[zeffect]\n|-fail|p1a: Muk\n|\n|-damage|p1a: Muk|363\/414|[from] Leech Seed|[of] p2a: Lopunny\n|upkeep\n|turn|14\n|j|TheNewBrends11\n|choice|move explosion zmove|switch 6\n|\n|switch|p2a: Ferrothorn|Ferrothorn, F|352\/352\n|-zpower|p1a: Muk\n|move|p1a: Muk|Hydro Vortex|p2a: Ferrothorn|[zeffect]\n|-resisted|p2a: Ferrothorn\n|-damage|p2a: Ferrothorn|288\/352\n|\n|-heal|p2a: Ferrothorn|310\/352|[from] item: Leftovers\n|-damage|p1a: Muk|312\/414|[from] Leech Seed|[of] p2a: Ferrothorn\n|-heal|p2a: Ferrothorn|352\/352|[silent]\n|upkeep\n|turn|15\n|choice|move knockoff|move spikes\n|\n|move|p1a: Muk|Knock Off|p2a: Ferrothorn\n|-damage|p2a: Ferrothorn|259\/352\n|-damage|p1a: Muk|261\/414|[from] ability: Iron Barbs|[of] p2a: Ferrothorn\n|-enditem|p2a: Ferrothorn|Leftovers|[from] move: Knock Off|[of] p1a: Muk\n|move|p2a: Ferrothorn|Spikes|p1a: Muk\n|-sidestart|p1: Lkjhgfdsapoi|Spikes\n|\n|-damage|p1a: Muk|210\/414|[from] Leech Seed|[of] p2a: Ferrothorn\n|-heal|p2a: Ferrothorn|310\/352|[silent]\n|upkeep\n|turn|16\n|l|mov\n|choice|switch 3|move spikes\n|\n|switch|p1a: Talonflame|Talonflame, M|297\/297\n|-damage|p1a: Talonflame|149\/297|[from] Stealth Rock\n|move|p2a: Ferrothorn|Spikes|p1a: Talonflame\n|-sidestart|p1: Lkjhgfdsapoi|Spikes\n|\n|upkeep\n|turn|17\n|choice|move bulkup zmove|switch 3\n|\n|switch|p2a: Victini|Victini|341\/341\n|-zpower|p1a: Talonflame\n|move|p1a: Talonflame|Z-Bulk Up|p1a: Talonflame|[anim]Bulk Up\n|-boost|p1a: Talonflame|atk|1|[zeffect]\n|-boost|p1a: Talonflame|atk|1\n|-boost|p1a: Talonflame|def|1\n|\n|upkeep\n|turn|18\n|j|DaniTra\n|choice|move gigaimpact zmove|move boltstrike\n|\n|-zpower|p1a: Talonflame\n|move|p1a: Talonflame|Supersonic Skystrike|p2a: Victini|[zeffect]\n|-damage|p2a: Victini|0 fnt\n|faint|p2a: Victini\n|\n|upkeep\n|choice||switch 4\n|\n|switch|p2a: Tapu Koko|Tapu Koko|281\/281\n|-fieldstart|move: Electric Terrain|[from] ability: Electric Surge|[of] p2a: Tapu Koko\n|turn|19\n|choice|move flareblitz|move voltswitch\n|\n|move|p2a: Tapu Koko|Volt Switch|p1a: Talonflame\n|-supereffective|p1a: Talonflame\n|-damage|p1a: Talonflame|0 fnt\n|faint|p1a: Talonflame\n|choice||switch 6\n|\n|switch|p2a: Lopunny|Lopunny-Mega, M|271\/271\n|\n|upkeep\n|choice|switch 2|\n|\n|switch|p1a: Gyarados|Gyarados, M|331\/331\n|-damage|p1a: Gyarados|249\/331|[from] Stealth Rock\n|-ability|p1a: Gyarados|Intimidate|boost\n|-unboost|p2a: Lopunny|atk|1\n|turn|20\n|choice|move dragondance zmove|switch 6\n|\n|switch|p2a: Tapu Koko|Tapu Koko|281\/281\n|-zpower|p1a: Gyarados\n|move|p1a: Gyarados|Z-Dragon Dance|p1a: Gyarados|[anim]Dragon Dance\n|-clearnegativeboost|p1a: Gyarados|[zeffect]\n|-boost|p1a: Gyarados|atk|1\n|-boost|p1a: Gyarados|spe|1\n|\n|upkeep\n|turn|21\n|choice|switch 3|move voltswitch\n|\n|switch|p1a: Muk|Muk-Alola, F|210\/414\n|-damage|p1a: Muk|141\/414|[from] Spikes\n|-damage|p1a: Muk|90\/414|[from] Stealth Rock\n|move|p2a: Tapu Koko|Volt Switch|p1a: Muk\n|-damage|p1a: Muk|0 fnt\n|faint|p1a: Muk\n|choice||switch 3\n|\n|switch|p2a: Ferrothorn|Ferrothorn, F|310\/352\n|\n|upkeep\n|choice|switch 3|\n|\n|switch|p1a: Gyarados|Gyarados, M|249\/331\n|-damage|p1a: Gyarados|167\/331|[from] Stealth Rock\n|-ability|p1a: Gyarados|Intimidate|boost\n|-unboost|p2a: Ferrothorn|atk|1\n|turn|22\n|choice|move earthquake zmove|move leechseed\n|\n|-zpower|p1a: Gyarados\n|move|p1a: Gyarados|Tectonic Rage|p2a: Ferrothorn|[zeffect]\n|-damage|p2a: Ferrothorn|180\/352\n|move|p2a: Ferrothorn|Leech Seed|p1a: Gyarados\n|-start|p1a: Gyarados|move: Leech Seed\n|\n|-damage|p1a: Gyarados|126\/331|[from] Leech Seed|[of] p2a: Ferrothorn\n|-heal|p2a: Ferrothorn|221\/352|[silent]\n|upkeep\n|turn|23\n|j|Guaca1\n|choice|move dragondance zmove|move spikes\n|\n|-zpower|p1a: Gyarados\n|move|p1a: Gyarados|Z-Dragon Dance|p1a: Gyarados|[anim]Dragon Dance\n|-clearnegativeboost|p1a: Gyarados|[zeffect]\n|-boost|p1a: Gyarados|atk|1\n|-boost|p1a: Gyarados|spe|1\n|move|p2a: Ferrothorn|Spikes|p1a: Gyarados\n|-sidestart|p1: Lkjhgfdsapoi|Spikes\n|\n|-damage|p1a: Gyarados|85\/331|[from] Leech Seed|[of] p2a: Ferrothorn\n|-heal|p2a: Ferrothorn|262\/352|[silent]\n|-fieldend|move: Electric Terrain\n|upkeep\n|turn|24\n|choice|move dragondance zmove|move powerwhip\n|\n|-zpower|p1a: Gyarados\n|move|p1a: Gyarados|Z-Dragon Dance|p1a: Gyarados|[anim]Dragon Dance\n|-clearnegativeboost|p1a: Gyarados|[zeffect]\n|-boost|p1a: Gyarados|atk|1\n|-boost|p1a: Gyarados|spe|1\n|move|p2a: Ferrothorn|Power Whip|p1a: Gyarados\n|-damage|p1a: Gyarados|0 fnt\n|faint|p1a: Gyarados\n|\n|upkeep\n|choice|switch 6|\n|\n|switch|p1a: Kartana|Kartana|87\/259\n|-damage|p1a: Kartana|71\/259|[from] Stealth Rock\n|-damage|p1a: Kartana|7\/259|[from] Spikes\n|turn|25\n|choice|move sacredsword|move powerwhip\n|\n|move|p1a: Kartana|Sacred Sword|p2a: Ferrothorn\n|-supereffective|p2a: Ferrothorn\n|-damage|p2a: Ferrothorn|96\/352\n|-damage|p1a: Kartana|0 fnt|[from] ability: Iron Barbs|[of] p2a: Ferrothorn\n|faint|p1a: Kartana\n|move|p2a: Ferrothorn|Power Whip|p1: Kartana|[notarget]\n|-notarget\n|\n|upkeep\n|choice|switch 5|\n|\n|switch|p1a: Greninja|Greninja, M|285\/285\n|-damage|p1a: Greninja|214\/285|[from] Spikes\n|-damage|p1a: Greninja|179\/285|[from] Stealth Rock\n|turn|26\n|choice|move hyperbeam zmove|move powerwhip\n|\n|-zpower|p1a: Greninja\n|move|p1a: Greninja|Inferno Overdrive|p2a: Ferrothorn|[zeffect]\n|-supereffective|p2a: Ferrothorn\n|-damage|p2a: Ferrothorn|0 fnt\n|faint|p2a: Ferrothorn\n|-activate|p1a: Greninja|ability: Battle Bond\n|detailschange|p1a: Greninja|Greninja-Ash, M\n|\n|upkeep\n|choice||switch 3\n|\n|switch|p2a: Tapu Koko|Tapu Koko|281\/281\n|-fieldstart|move: Electric Terrain|[from] ability: Electric Surge|[of] p2a: Tapu Koko\n|turn|27\n|choice|move hyperbeam zmove|move voltswitch\n|\n|-zpower|p1a: Greninja\n|move|p1a: Greninja|Inferno Overdrive|p2a: Tapu Koko|[zeffect]\n|-damage|p2a: Tapu Koko|0 fnt\n|faint|p2a: Tapu Koko\n|\n|upkeep\n|choice||switch 6\n|\n|switch|p2a: Lopunny|Lopunny-Mega, M|271\/271\n|turn|28\n|choice|move watershuriken|move fakeout\n|\n|move|p2a: Lopunny|Fake Out|p1a: Greninja\n|-damage|p1a: Greninja|71\/285\n|cant|p1a: Greninja|flinch\n|\n|upkeep\n|turn|29\n|choice|move watershuriken|move return\n|\n|move|p1a: Greninja|Water Shuriken|p2a: Lopunny\n|-damage|p2a: Lopunny|228\/271\n|-damage|p2a: Lopunny|186\/271\n|-damage|p2a: Lopunny|141\/271\n|-hitcount|p2a: Lopunny|3\n|move|p2a: Lopunny|Return|p1a: Greninja\n|-damage|p1a: Greninja|0 fnt\n|faint|p1a: Greninja\n|\n|upkeep\n|choice|switch 4|\n|\n|switch|p1a: Beedrill|Beedrill, M|271\/271\n|-damage|p1a: Beedrill|204\/271|[from] Stealth Rock\n|-damage|p1a: Beedrill|137\/271|[from] Spikes\n|turn|30\n|l|DaniTra\n|choice|move poisonjab mega|move return\n|\n|detailschange|p1a: Beedrill|Beedrill-Mega, M\n|-mega|p1a: Beedrill|Beedrill|Beedrillite\n|move|p1a: Beedrill|Poison Jab|p2a: Lopunny\n|-damage|p2a: Lopunny|0 fnt\n|faint|p2a: Lopunny\n|\n|win|Lkjhgfdsapoi\n|c|\u2606Lkjhgfdsapoi|gg\n|l|ArtimexTheory\n|l|Lkjhgfdsapoi\n|l|codetaku\n|l|Guaca1\n|l|bvance1212","inputlog":null,"uploadtime":1509313075,"views":7,"p1id":"lkjhgfdsapoi","p2id":"artimextheory","formatid":"gen7ultimatez","rating":0,"private":0,"password":null}