{"id":"gen7ou-794067041","p1":"Therockcena","p2":"Zekrom197","format":"gen7ou","log":"|j|\u2606Therockcena\n|j|\u2606Zekrom197\n|player|p1|Therockcena|170\n|player|p2|Zekrom197|20\n|teamsize|p1|6\n|teamsize|p2|6\n|gametype|singles\n|gen|7\n|tier|[Gen 7] OU\n|rated|\n|rule|Sleep Clause Mod: Limit one foe put to sleep\n|rule|Species Clause: Limit one of each Pok\u00e9mon\n|rule|OHKO Clause: OHKO moves are banned\n|rule|Moody Clause: Moody is banned\n|rule|Evasion Moves Clause: Evasion moves are banned\n|rule|Endless Battle Clause: Forcing endless battles is banned\n|rule|HP Percentage Mod: HP is shown in percentages\n|clearpoke\n|poke|p1|Landorus-Therian, M|item\n|poke|p1|Victini|item\n|poke|p1|Charizard, F|item\n|poke|p1|Kyurem-Black|item\n|poke|p1|Mew|item\n|poke|p1|Tapu Koko|item\n|poke|p2|Alakazam, M|item\n|poke|p2|Keldeo-Resolute|item\n|poke|p2|Heatran, M|item\n|poke|p2|Tapu Bulu|item\n|poke|p2|Landorus-Therian, M|item\n|poke|p2|Araquanid, M|item\n|teampreview\n|inactive|Battle timer is ON: inactive players will automatically lose when time's up. (requested by Therockcena)\n|\n|start\n|switch|p1a: Victini|Victini|100\/100\n|switch|p2a: Araquanid|Araquanid, M|100\/100\n|turn|1\n|\n|move|p1a: Victini|Fusion Bolt|p2a: Araquanid\n|-supereffective|p2a: Araquanid\n|-damage|p2a: Araquanid|36\/100\n|move|p2a: Araquanid|Sticky Web|p1a: Victini\n|-sidestart|p1: Therockcena|move: Sticky Web\n|\n|upkeep\n|turn|2\n|\n|move|p1a: Victini|Fusion Bolt|p2a: Araquanid\n|-supereffective|p2a: Araquanid\n|-damage|p2a: Araquanid|0\n|faint|p2a: Araquanid\n|\n|upkeep\n|\n|switch|p2a: Landorus|Landorus-Therian, M|100\/100\n|-ability|p2a: Landorus|Intimidate|boost\n|-unboost|p1a: Victini|atk|1\n|turn|3\n|\n|switch|p1a: Landorus|Landorus-Therian, M|100\/100\n|-ability|p1a: Landorus|Intimidate|boost\n|-unboost|p2a: Landorus|atk|1\n|move|p2a: Landorus|Stealth Rock|p1a: Landorus\n|-sidestart|p1: Therockcena|move: Stealth Rock\n|\n|upkeep\n|turn|4\n|\n|move|p2a: Landorus|Swords Dance|p2a: Landorus\n|-boost|p2a: Landorus|atk|2\n|move|p1a: Landorus|Defog|p2a: Landorus\n|-unboost|p2a: Landorus|evasion|1\n|-sideend|p1: Therockcena|Stealth Rock|[from] move: Defog|[of] p1a: Landorus\n|-sideend|p1: Therockcena|Sticky Web|[from] move: Defog|[of] p1a: Landorus\n|\n|upkeep\n|turn|5\n|\n|move|p2a: Landorus|Stealth Rock|p1a: Landorus\n|-sidestart|p1: Therockcena|move: Stealth Rock\n|move|p1a: Landorus|Hidden Power|p2a: Landorus\n|-supereffective|p2a: Landorus\n|-damage|p2a: Landorus|30\/100\n|\n|upkeep\n|turn|6\n|\n|move|p2a: Landorus|Explosion|p1a: Landorus\n|-damage|p1a: Landorus|0\n|faint|p2a: Landorus\n|faint|p1a: Landorus\n|\n|upkeep\n|\n|switch|p2a: Alakazam|Alakazam, M|100\/100\n|switch|p1a: Mew|Mew|100\/100\n|-damage|p1a: Mew|88\/100|[from] Stealth Rock\n|turn|7\n|\n|detailschange|p2a: Alakazam|Alakazam-Mega, M\n|-mega|p2a: Alakazam|Alakazam|Alakazite\n|-ability|p2a: Alakazam|Synchronize|[from] ability: Trace|[of] p1a: Mew\n|move|p2a: Alakazam|Shadow Ball|p1a: Mew\n|-supereffective|p1a: Mew\n|-damage|p1a: Mew|45\/100\n|move|p1a: Mew|Will-O-Wisp|p2a: Alakazam\n|-status|p2a: Alakazam|brn\n|-activate|p2a: Alakazam|ability: Synchronize\n|-status|p1a: Mew|brn\n|-activate|p1a: Mew|ability: Synchronize\n|-fail|p2a: Alakazam|brn\n|\n|-heal|p1a: Mew|51\/100 brn|[from] item: Leftovers\n|-damage|p2a: Alakazam|95\/100 brn|[from] brn\n|-damage|p1a: Mew|45\/100 brn|[from] brn\n|upkeep\n|turn|8\n|\n|move|p2a: Alakazam|Shadow Ball|p1a: Mew\n|-supereffective|p1a: Mew\n|-damage|p1a: Mew|4\/100 brn\n|move|p1a: Mew|Soft-Boiled|p1a: Mew\n|-heal|p1a: Mew|54\/100 brn\n|\n|-heal|p1a: Mew|61\/100 brn|[from] item: Leftovers\n|-damage|p2a: Alakazam|89\/100 brn|[from] brn\n|-damage|p1a: Mew|54\/100 brn|[from] brn\n|upkeep\n|turn|9\n|\n|move|p2a: Alakazam|Shadow Ball|p1a: Mew\n|-supereffective|p1a: Mew\n|-damage|p1a: Mew|9\/100 brn\n|move|p1a: Mew|Soft-Boiled|p1a: Mew\n|-heal|p1a: Mew|59\/100 brn\n|\n|-heal|p1a: Mew|66\/100 brn|[from] item: Leftovers\n|-damage|p2a: Alakazam|83\/100 brn|[from] brn\n|-damage|p1a: Mew|59\/100 brn|[from] brn\n|upkeep\n|turn|10\n|\n|move|p2a: Alakazam|Shadow Ball|p1a: Mew\n|-supereffective|p1a: Mew\n|-damage|p1a: Mew|20\/100 brn\n|move|p1a: Mew|Soft-Boiled|p1a: Mew\n|-heal|p1a: Mew|70\/100 brn\n|\n|-heal|p1a: Mew|76\/100 brn|[from] item: Leftovers\n|-damage|p2a: Alakazam|77\/100 brn|[from] brn\n|-damage|p1a: Mew|70\/100 brn|[from] brn\n|upkeep\n|turn|11\n|\n|switch|p2a: Heatran|Heatran, M|100\/100\n|move|p1a: Mew|Soft-Boiled|p1a: Mew\n|-heal|p1a: Mew|100\/100 brn\n|\n|-damage|p1a: Mew|94\/100 brn|[from] brn\n|upkeep\n|turn|12\n|\n|-zpower|p2a: Heatran\n|move|p2a: Heatran|Corkscrew Crash|p1a: Mew|[zeffect]\n|-damage|p1a: Mew|43\/100 brn\n|move|p1a: Mew|Volt Switch|p2a: Heatran\n|-damage|p2a: Heatran|83\/100\n|\n|switch|p1a: Charizard|Charizard, F|100\/100\n|-damage|p1a: Charizard|50\/100|[from] Stealth Rock\n|\n|upkeep\n|turn|13\n|\n|switch|p2a: Keldeo|Keldeo-Resolute|100\/100\n|detailschange|p1a: Charizard|Charizard-Mega-Y, F\n|-mega|p1a: Charizard|Charizard|Charizardite Y\n|-weather|SunnyDay|[from] ability: Drought|[of] p1a: Charizard\n|move|p1a: Charizard|Hidden Power|p2a: Keldeo\n|-damage|p2a: Keldeo|68\/100\n|\n|-weather|SunnyDay|[upkeep]\n|upkeep\n|turn|14\n|\n|move|p2a: Keldeo|Scald|p1a: Charizard\n|-supereffective|p1a: Charizard\n|-damage|p1a: Charizard|8\/100\n|move|p1a: Charizard|Solar Beam|p2a: Keldeo|[still]\n|-prepare|p1a: Charizard|Solar Beam|p2a: Keldeo\n|-anim|p1a: Charizard|Solar Beam|p2a: Keldeo\n|-supereffective|p2a: Keldeo\n|-damage|p2a: Keldeo|0\n|faint|p2a: Keldeo\n|\n|-weather|SunnyDay|[upkeep]\n|upkeep\n|\n|switch|p2a: Alakazam|Alakazam-Mega, M|77\/100 brn\n|-ability|p2a: Alakazam|Drought|[from] ability: Trace|[of] p1a: Charizard\n|turn|15\n|\n|move|p2a: Alakazam|Psychic|p1a: Charizard\n|-damage|p1a: Charizard|0\n|faint|p1a: Charizard\n|\n|-weather|SunnyDay|[upkeep]\n|-damage|p2a: Alakazam|71\/100 brn|[from] brn\n|upkeep\n|\n|switch|p1a: Victini|Victini|100\/100\n|-damage|p1a: Victini|76\/100|[from] Stealth Rock\n|turn|16\n|\n|switch|p2a: Heatran|Heatran, M|83\/100\n|move|p1a: Victini|U-turn|p2a: Heatran\n|-resisted|p2a: Heatran\n|-damage|p2a: Heatran|78\/100\n|\n|switch|p1a: Mew|Mew|43\/100 brn\n|-damage|p1a: Mew|31\/100 brn|[from] Stealth Rock\n|\n|-weather|SunnyDay|[upkeep]\n|-heal|p1a: Mew|37\/100 brn|[from] item: Leftovers\n|-damage|p1a: Mew|31\/100 brn|[from] brn\n|upkeep\n|turn|17\n|\n|move|p2a: Heatran|Lava Plume|p1a: Mew\n|-damage|p1a: Mew|0 brn\n|faint|p1a: Mew\n|\n|-weather|none\n|upkeep\n|\n|switch|p1a: Tapu Koko|Tapu Koko|100\/100\n|-damage|p1a: Tapu Koko|88\/100|[from] Stealth Rock\n|-fieldstart|move: Electric Terrain|[from] ability: Electric Surge|[of] p1a: Tapu Koko\n|turn|18\n|\n|switch|p2a: Tapu Bulu|Tapu Bulu|100\/100\n|-fieldstart|move: Grassy Terrain|[from] ability: Grassy Surge|[of] p2a: Tapu Bulu\n|move|p1a: Tapu Koko|Thunderbolt|p2a: Tapu Bulu\n|-resisted|p2a: Tapu Bulu\n|-damage|p2a: Tapu Bulu|84\/100\n|-damage|p1a: Tapu Koko|78\/100|[from] item: Life Orb\n|\n|-heal|p1a: Tapu Koko|84\/100|[from] Grassy Terrain\n|-heal|p2a: Tapu Bulu|90\/100|[from] Grassy Terrain\n|upkeep\n|turn|19\n|\n|move|p1a: Tapu Koko|Volt Switch|p2a: Tapu Bulu\n|-resisted|p2a: Tapu Bulu\n|-damage|p2a: Tapu Bulu|77\/100\n|-damage|p1a: Tapu Koko|74\/100|[from] item: Life Orb\n|\n|switch|p1a: Victini|Victini|76\/100\n|-damage|p1a: Victini|51\/100|[from] Stealth Rock\n|move|p2a: Tapu Bulu|Stone Edge|p1a: Victini\n|-supereffective|p1a: Victini\n|-damage|p1a: Victini|0\n|faint|p1a: Victini\n|\n|-heal|p2a: Tapu Bulu|84\/100|[from] Grassy Terrain\n|upkeep\n|\n|switch|p1a: Tapu Koko|Tapu Koko|74\/100\n|-damage|p1a: Tapu Koko|62\/100|[from] Stealth Rock\n|-fieldstart|move: Electric Terrain|[from] ability: Electric Surge|[of] p1a: Tapu Koko\n|turn|20\n|\n|move|p1a: Tapu Koko|Thunderbolt|p2a: Tapu Bulu\n|-resisted|p2a: Tapu Bulu\n|-damage|p2a: Tapu Bulu|57\/100\n|-damage|p1a: Tapu Koko|52\/100|[from] item: Life Orb\n|move|p2a: Tapu Bulu|Horn Leech|p1a: Tapu Koko\n|-damage|p1a: Tapu Koko|3\/100\n|-heal|p2a: Tapu Bulu|77\/100|[from] drain|[of] p1a: Tapu Koko\n|\n|upkeep\n|turn|21\n|-message|Therockcena forfeited.\n|\n|win|Zekrom197\n|l|\u2606Therockcena\n|raw|Therockcena's rating: 1406 &rarr; <strong>1388<\/strong><br \/>(-18 for losing)\n|raw|Zekrom197's rating: 1432 &rarr; <strong>1451<\/strong><br \/>(+19 for winning)\n","uploadtime":1534910227,"views":3,"p1id":"therockcena","p2id":"zekrom197","formatid":"gen7ou","rating":1388,"private":0,"password":null}