{"id":"gen7ou-792444154","p1":"LT54SL Sabreur","p2":"H4WT \u2605","format":"gen7ou","log":"|j|\u2606LT54SL Sabreur\n|j|\u203dH4WT \u2605\n|player|p1|LT54SL Sabreur|150\n|player|p2|H4WT \u2605|165\n|teamsize|p1|6\n|teamsize|p2|6\n|gametype|singles\n|gen|7\n|tier|[Gen 7] OU\n|rated|\n|rule|Sleep Clause Mod: Limit one foe put to sleep\n|rule|Species Clause: Limit one of each Pok\u00e9mon\n|rule|OHKO Clause: OHKO moves are banned\n|rule|Moody Clause: Moody is banned\n|rule|Evasion Moves Clause: Evasion moves are banned\n|rule|Endless Battle Clause: Forcing endless battles is banned\n|rule|HP Percentage Mod: HP is shown in percentages\n|clearpoke\n|poke|p1|Excadrill, F|item\n|poke|p1|Greninja, M|item\n|poke|p1|Gyarados, M|item\n|poke|p1|Kartana|item\n|poke|p1|Charizard, M|item\n|poke|p1|Zygarde|item\n|poke|p2|Heracross, M|item\n|poke|p2|Jirachi|item\n|poke|p2|Keldeo-Resolute|item\n|poke|p2|Zapdos|item\n|poke|p2|Tangrowth, M|item\n|poke|p2|Zygarde|item\n|teampreview\n|j| Iceshrood\n|\n|start\n|switch|p1a: Excadrill|Excadrill, F|100\/100\n|switch|p2a: Keldeo|Keldeo-Resolute|100\/100\n|-ability|p1a: Excadrill|Mold Breaker\n|turn|1\n|\n|move|p2a: Keldeo|Scald|p1a: Excadrill\n|-supereffective|p1a: Excadrill\n|-enditem|p1a: Excadrill|Focus Sash\n|-damage|p1a: Excadrill|1\/100\n|move|p1a: Excadrill|Stealth Rock|p2a: Keldeo\n|-sidestart|p2: H4WT \u2605|move: Stealth Rock\n|\n|upkeep\n|turn|2\n|\n|move|p2a: Keldeo|Scald|p1a: Excadrill\n|-supereffective|p1a: Excadrill\n|-damage|p1a: Excadrill|0\n|faint|p1a: Excadrill\n|\n|upkeep\n|\n|switch|p1a: Gyarados|Gyarados, M|100\/100\n|turn|3\n|\n|switch|p2a: Zapdos|Zapdos|100\/100\n|-damage|p2a: Zapdos|76\/100|[from] Stealth Rock\n|-ability|p2a: Zapdos|Pressure\n|switch|p1a: Greninja|Greninja, M|100\/100\n|\n|-heal|p2a: Zapdos|82\/100|[from] item: Leftovers\n|upkeep\n|turn|4\n|\n|switch|p2a: Keldeo|Keldeo-Resolute|100\/100\n|-damage|p2a: Keldeo|94\/100|[from] Stealth Rock\n|move|p1a: Greninja|Ice Beam|p2a: Keldeo\n|-start|p1a: Greninja|typechange|Ice|[from] Protean\n|-resisted|p2a: Keldeo\n|-damage|p2a: Keldeo|72\/100\n|\n|upkeep\n|turn|5\n|l| Iceshrood\n|\n|move|p2a: Keldeo|Scald|p1a: Greninja\n|-damage|p1a: Greninja|40\/100\n|move|p1a: Greninja|Spikes|p2a: Keldeo\n|-start|p1a: Greninja|typechange|Ground|[from] Protean\n|-sidestart|p2: H4WT \u2605|Spikes\n|\n|upkeep\n|turn|6\n|\n|move|p2a: Keldeo|Scald|p1a: Greninja\n|-supereffective|p1a: Greninja\n|-damage|p1a: Greninja|0\n|faint|p1a: Greninja\n|\n|upkeep\n|\n|switch|p1a: Gyarados|Gyarados, M|100\/100\n|turn|7\n|j| dvgsdjkgrfpg\n|\n|move|p2a: Keldeo|Scald|p1a: Gyarados\n|-resisted|p1a: Gyarados\n|-damage|p1a: Gyarados|79\/100\n|move|p1a: Gyarados|Dragon Dance|p1a: Gyarados\n|-boost|p1a: Gyarados|atk|1\n|-boost|p1a: Gyarados|spe|1\n|\n|upkeep\n|turn|8\n|\n|move|p2a: Keldeo|Scald|p1a: Gyarados\n|-resisted|p1a: Gyarados\n|-crit|p1a: Gyarados\n|-damage|p1a: Gyarados|48\/100\n|-zpower|p1a: Gyarados\n|move|p1a: Gyarados|Supersonic Skystrike|p2a: Keldeo|[zeffect]\n|-supereffective|p2a: Keldeo\n|-damage|p2a: Keldeo|0\n|faint|p2a: Keldeo\n|-ability|p1a: Gyarados|Moxie|boost\n|-boost|p1a: Gyarados|atk|1\n|\n|upkeep\n|\n|switch|p2a: Zapdos|Zapdos|82\/100\n|-damage|p2a: Zapdos|57\/100|[from] Stealth Rock\n|-ability|p2a: Zapdos|Pressure\n|turn|9\n|\n|move|p1a: Gyarados|Waterfall|p2a: Zapdos\n|-damage|p2a: Zapdos|3\/100\n|move|p2a: Zapdos|Discharge|p1a: Gyarados\n|-supereffective|p1a: Gyarados\n|-damage|p1a: Gyarados|0\n|faint|p1a: Gyarados\n|\n|-heal|p2a: Zapdos|9\/100|[from] item: Leftovers\n|upkeep\n|\n|switch|p1a: Zygarde|Zygarde|100\/100\n|-ability|p1a: Zygarde|Aura Break\n|turn|10\n|\n|move|p1a: Zygarde|Thousand Arrows|p2a: Zapdos\n|-damage|p2a: Zapdos|0\n|faint|p2a: Zapdos\n|\n|upkeep\n|\n|switch|p2a: Heracross|Heracross, M|100\/100\n|-damage|p2a: Heracross|88\/100|[from] Stealth Rock\n|-damage|p2a: Heracross|76\/100|[from] Spikes\n|turn|11\n|\n|switch|p1a: Charizard|Charizard, M|100\/100\n|detailschange|p2a: Heracross|Heracross-Mega, M\n|-mega|p2a: Heracross|Heracross|Heracronite\n|move|p2a: Heracross|Pin Missile|p1a: Charizard|[miss]\n|-miss|p2a: Heracross|p1a: Charizard\n|\n|upkeep\n|turn|12\n|\n|detailschange|p1a: Charizard|Charizard-Mega-X, M\n|-mega|p1a: Charizard|Charizard|Charizardite X\n|move|p1a: Charizard|Flare Blitz|p2a: Heracross\n|-supereffective|p2a: Heracross\n|-damage|p2a: Heracross|0\n|-damage|p1a: Charizard|75\/100|[from] Recoil\n|faint|p2a: Heracross\n|\n|upkeep\n|-message|H4WT \u2605 forfeited.\n|\n|win|LT54SL Sabreur\n|l|\u203dH4WT \u2605\n|raw|LT54SL Sabreur's rating: 1677 &rarr; <strong>1695<\/strong><br \/>(+18 for winning)\n|raw|H4WT \u2605's rating: 1638 &rarr; <strong>1620<\/strong><br \/>(-18 for losing)\n|l|\u2606LT54SL Sabreur\n","uploadtime":1534617793,"views":63,"p1id":"lt54slsabreur","p2id":"h4wt","formatid":"gen7ou","rating":1620,"private":0,"password":null}