{"id":"gen7randombattle-910409939","p1":"Aegislicer","p2":"comp233","format":"gen7randombattle","log":"|j|\u2606Aegislicer\n|j|\u2606comp233\n|player|p1|Aegislicer|163\n|player|p2|comp233|115\n|teamsize|p1|6\n|teamsize|p2|6\n|gametype|singles\n|gen|7\n|tier|[Gen 7] Random Battle\n|rated|\n|rule|Sleep Clause Mod: Limit one foe put to sleep\n|rule|HP Percentage Mod: HP is shown in percentages\n|\n|start\n|switch|p1a: Octillery|Octillery, L89, M|100\/100\n|switch|p2a: Landorus|Landorus, L78, M|100\/100\n|turn|1\n|inactive|Battle timer is ON: inactive players will automatically lose when time's up. (requested by Aegislicer)\n|\n|switch|p2a: Alomomola|Alomomola, L82, F|100\/100\n|move|p1a: Octillery|Scald|p2a: Alomomola\n|-resisted|p2a: Alomomola\n|-damage|p2a: Alomomola|71\/100\n|-status|p2a: Alomomola|brn\n|\n|-heal|p2a: Alomomola|77\/100 brn|[from] item: Leftovers\n|-damage|p2a: Alomomola|71\/100 brn|[from] brn\n|upkeep\n|turn|2\n|inactive|Aegislicer has 120 seconds left.\n|\n|switch|p1a: Moltres|Moltres, L82|100\/100\n|-ability|p1a: Moltres|Pressure\n|move|p2a: Alomomola|Wish|p2a: Alomomola\n|\n|-heal|p2a: Alomomola|77\/100 brn|[from] item: Leftovers\n|-damage|p2a: Alomomola|71\/100 brn|[from] brn\n|upkeep\n|turn|3\n|inactive|comp233 has 120 seconds left.\n|\n|switch|p1a: Octillery|Octillery, L89, M|100\/100\n|move|p2a: Alomomola|Toxic|p1a: Octillery\n|-status|p1a: Octillery|tox\n|\n|-heal|p2a: Alomomola|100\/100 brn|[from] move: Wish|[wisher] Alomomola\n|-damage|p2a: Alomomola|94\/100 brn|[from] brn\n|-damage|p1a: Octillery|94\/100 tox|[from] psn\n|upkeep\n|turn|4\n|inactive|Aegislicer has 120 seconds left.\n|\n|move|p2a: Alomomola|Wish|p2a: Alomomola\n|move|p1a: Octillery|Energy Ball|p2a: Alomomola\n|-supereffective|p2a: Alomomola\n|-damage|p2a: Alomomola|3\/100 brn\n|\n|-heal|p2a: Alomomola|10\/100 brn|[from] item: Leftovers\n|-damage|p2a: Alomomola|3\/100 brn|[from] brn\n|-damage|p1a: Octillery|82\/100 tox|[from] psn\n|upkeep\n|turn|5\n|\n|switch|p2a: Tapu Koko|Tapu Koko, L80|100\/100\n|-fieldstart|move: Electric Terrain|[from] ability: Electric Surge|[of] p2a: Tapu Koko\n|move|p1a: Octillery|Energy Ball|p2a: Tapu Koko\n|-damage|p2a: Tapu Koko|45\/100\n|\n|-heal|p2a: Tapu Koko|100\/100|[from] move: Wish|[wisher] Alomomola\n|-damage|p1a: Octillery|64\/100 tox|[from] psn\n|upkeep\n|turn|6\n|inactive|Aegislicer has 120 seconds left.\n|\n|switch|p1a: Mudsdale|Mudsdale, L88, M|100\/100\n|move|p2a: Tapu Koko|Thunderbolt|p1a: Mudsdale\n|-immune|p1a: Mudsdale\n|\n|upkeep\n|turn|7\n|inactive|comp233 has 90 seconds left.\n|\n|switch|p2a: Landorus|Landorus, L78, M|100\/100\n|move|p1a: Mudsdale|Stealth Rock|p2a: Landorus\n|-sidestart|p2: comp233|move: Stealth Rock\n|\n|upkeep\n|turn|8\n|inactive|Aegislicer has 120 seconds left.\n|inactive|Aegislicer has 90 seconds left.\n|\n|switch|p1a: Slowking|Slowking, L86, M|100\/100\n|move|p2a: Landorus|Calm Mind|p2a: Landorus\n|-boost|p2a: Landorus|spa|1\n|-boost|p2a: Landorus|spd|1\n|\n|upkeep\n|turn|9\n|inactive|comp233 has 90 seconds left.\n|\n|move|p2a: Landorus|Earth Power|p1a: Slowking\n|-damage|p1a: Slowking|40\/100\n|move|p1a: Slowking|Ice Beam|p2a: Landorus\n|-supereffective|p2a: Landorus\n|-damage|p2a: Landorus|15\/100\n|\n|-heal|p1a: Slowking|46\/100|[from] item: Leftovers\n|-fieldend|move: Electric Terrain\n|upkeep\n|turn|10\n|\n|switch|p1a: Salamence|Salamence, L78, M|100\/100\n|move|p2a: Landorus|Earth Power|p1a: Salamence\n|-immune|p1a: Salamence\n|\n|upkeep\n|turn|11\n|\n|detailschange|p1a: Salamence|Salamence-Mega, L78, M\n|-mega|p1a: Salamence|Salamence|Salamencite\n|move|p1a: Salamence|Double-Edge|p2a: Landorus\n|-damage|p2a: Landorus|0 fnt\n|-damage|p1a: Salamence|96\/100|[from] Recoil\n|faint|p2a: Landorus\n|\n|upkeep\n|\n|switch|p2a: Tapu Koko|Tapu Koko, L80|100\/100\n|-damage|p2a: Tapu Koko|88\/100|[from] Stealth Rock\n|-fieldstart|move: Electric Terrain|[from] ability: Electric Surge|[of] p2a: Tapu Koko\n|turn|12\n|inactive|Aegislicer has 120 seconds left.\n|\n|switch|p1a: Moltres|Moltres, L82|100\/100\n|-ability|p1a: Moltres|Pressure\n|move|p2a: Tapu Koko|Nature's Madness|p1a: Moltres\n|-damage|p1a: Moltres|51\/100\n|\n|upkeep\n|turn|13\n|inactive|comp233 has 90 seconds left.\n|\n|switch|p1a: Mudsdale|Mudsdale, L88, M|100\/100\n|move|p2a: Tapu Koko|Thunderbolt|p1a: Mudsdale\n|-immune|p1a: Mudsdale\n|\n|upkeep\n|turn|14\n|\n|switch|p2a: Alomomola|Alomomola, L82, F|37\/100 brn\n|-damage|p2a: Alomomola|24\/100 brn|[from] Stealth Rock\n|move|p1a: Mudsdale|Earthquake|p2a: Alomomola\n|-damage|p2a: Alomomola|0 fnt\n|faint|p2a: Alomomola\n|\n|upkeep\n|\n|switch|p2a: Magcargo|Magcargo, L89, M|100\/100\n|-damage|p2a: Magcargo|76\/100|[from] Stealth Rock\n|-item|p2a: Magcargo|Air Balloon\n|turn|15\n|\n|switch|p1a: Octillery|Octillery, L89, M|64\/100 tox\n|move|p2a: Magcargo|Stealth Rock|p1a: Octillery\n|-sidestart|p1: Aegislicer|move: Stealth Rock\n|\n|-damage|p1a: Octillery|58\/100 tox|[from] psn\n|upkeep\n|turn|16\n|\n|move|p1a: Octillery|Scald|p2a: Magcargo\n|-supereffective|p2a: Magcargo\n|-damage|p2a: Magcargo|0 fnt\n|-enditem|p2a: Magcargo|Air Balloon\n|faint|p2a: Magcargo\n|\n|-damage|p1a: Octillery|45\/100 tox|[from] psn\n|-fieldend|move: Electric Terrain\n|upkeep\n|\n|switch|p2a: Accelgor|Accelgor, L86, F|100\/100\n|-damage|p2a: Accelgor|76\/100|[from] Stealth Rock\n|turn|17\n|\n|switch|p1a: Moltres|Moltres, L82|51\/100\n|-damage|p1a: Moltres|1\/100|[from] Stealth Rock\n|-ability|p1a: Moltres|Pressure\n|move|p2a: Accelgor|Giga Drain|p1a: Moltres\n|-resisted|p1a: Moltres\n|-damage|p1a: Moltres|0 fnt\n|-heal|p2a: Accelgor|76\/100|[from] drain|[of] p1a: Moltres\n|faint|p1a: Moltres\n|\n|upkeep\n|\n|switch|p1a: Salamence|Salamence-Mega, L78, M|96\/100\n|-damage|p1a: Salamence|71\/100|[from] Stealth Rock\n|turn|18\n|\n|switch|p2a: Flygon|Flygon, L84, M|100\/100\n|-damage|p2a: Flygon|94\/100|[from] Stealth Rock\n|move|p1a: Salamence|Dragon Dance|p1a: Salamence\n|-boost|p1a: Salamence|atk|1\n|-boost|p1a: Salamence|spe|1\n|\n|upkeep\n|turn|19\n|\n|switch|p1a: Octillery|Octillery, L89, M|45\/100 tox\n|-damage|p1a: Octillery|33\/100 tox|[from] Stealth Rock\n|move|p2a: Flygon|Outrage|p1a: Octillery\n|-damage|p1a: Octillery|0 fnt\n|-damage|p2a: Flygon|84\/100|[from] item: Life Orb\n|faint|p1a: Octillery\n|\n|upkeep\n|\n|switch|p1a: Slowking|Slowking, L86, M|79\/100\n|-damage|p1a: Slowking|67\/100|[from] Stealth Rock\n|turn|20\n|\n|move|p2a: Flygon|Outrage|p1a: Slowking|[from]lockedmove\n|-damage|p1a: Slowking|10\/100\n|-damage|p2a: Flygon|74\/100|[from] item: Life Orb\n|move|p1a: Slowking|Ice Beam|p2a: Flygon\n|-supereffective|p2a: Flygon\n|-damage|p2a: Flygon|0 fnt\n|faint|p2a: Flygon\n|\n|-heal|p1a: Slowking|16\/100|[from] item: Leftovers\n|upkeep\n|\n|switch|p2a: Tapu Koko|Tapu Koko, L80|88\/100\n|-damage|p2a: Tapu Koko|76\/100|[from] Stealth Rock\n|-fieldstart|move: Electric Terrain|[from] ability: Electric Surge|[of] p2a: Tapu Koko\n|turn|21\n|\n|move|p2a: Tapu Koko|Dazzling Gleam|p1a: Slowking\n|-damage|p1a: Slowking|0 fnt\n|faint|p1a: Slowking\n|\n|upkeep\n|\n|switch|p1a: Mudsdale|Mudsdale, L88, M|100\/100\n|-damage|p1a: Mudsdale|95\/100|[from] Stealth Rock\n|turn|22\n|\n|move|p2a: Tapu Koko|U-turn|p1a: Mudsdale\n|-damage|p1a: Mudsdale|80\/100\n|-ability|p1a: Mudsdale|Stamina|boost\n|-boost|p1a: Mudsdale|def|1\n|\n|switch|p2a: Accelgor|Accelgor, L86, F|76\/100|[from]move: U-turn\n|-damage|p2a: Accelgor|51\/100|[from] Stealth Rock\n|move|p1a: Mudsdale|Heavy Slam|p2a: Accelgor\n|-damage|p2a: Accelgor|0 fnt\n|faint|p2a: Accelgor\n|\n|-heal|p1a: Mudsdale|86\/100|[from] item: Leftovers\n|upkeep\n|\n|switch|p2a: Tapu Koko|Tapu Koko, L80|76\/100\n|-damage|p2a: Tapu Koko|63\/100|[from] Stealth Rock\n|turn|23\n|c|\u2606Aegislicer|gg\n|\n|move|p2a: Tapu Koko|Dazzling Gleam|p1a: Mudsdale\n|-damage|p1a: Mudsdale|64\/100\n|-ability|p1a: Mudsdale|Stamina|boost\n|-boost|p1a: Mudsdale|def|1\n|move|p1a: Mudsdale|Earthquake|p2a: Tapu Koko\n|-supereffective|p2a: Tapu Koko\n|-damage|p2a: Tapu Koko|0 fnt\n|faint|p2a: Tapu Koko\n|\n|win|Aegislicer\n|l|\u2606comp233\n|raw|Aegislicer's rating: 1895 &rarr; <strong>1914<\/strong><br \/>(+19 for winning)\n|raw|comp233's rating: 1883 &rarr; <strong>1864<\/strong><br \/>(-19 for losing)\n","inputlog":">version 56768f45de8fa405deab7eb2f91a1d6a5bc465c0\n>start {\"formatid\":\"gen7randombattle\",\"seed\":[54530,53393,62017,24470],\"rated\":\"Rated battle\"}\n>player p1 {\"name\":\"Aegislicer\",\"avatar\":\"163\",\"team\":\"\",\"seed\":[31132,34462,48900,42474]}\n>player p2 {\"name\":\"comp233\",\"avatar\":\"115\",\"team\":\"\",\"seed\":[32952,61596,22612,58667]}\n>p1 move scald\n>p2 switch 3\n>p1 switch 2\n>p2 move wish\n>p1 switch 2\n>p2 move toxic\n>p1 move energyball\n>p2 move wish\n>p1 move energyball\n>p2 switch 2\n>p1 switch 4\n>p2 move thunderbolt\n>p1 move stealthrock\n>p2 switch 3\n>p1 switch 5\n>p2 move calmmind\n>p1 move icebeam\n>p2 move earthpower\n>p1 switch 3\n>p2 move earthpower\n>p1 move doubleedge mega\n>p2 move focusblast\n>p2 switch 3\n>p1 switch 2\n>p2 move naturesmadness\n>p1 switch 5\n>p2 move thunderbolt\n>p1 move earthquake\n>p2 switch 2\n>p2 switch 4\n>p1 switch 4\n>p2 move stealthrock\n>p1 move scald\n>p2 move hiddenpower\n>p2 switch 6\n>p1 switch 5\n>p2 move gigadrain\n>p1 switch 2\n>p1 move dragondance\n>p2 switch 5\n>p1 switch 5\n>p2 move outrage\n>p1 switch 3\n>p1 move icebeam\n>p2 move outrage\n>p2 switch 2\n>p1 move psyshock\n>p2 move dazzlinggleam\n>p1 switch 4\n>p1 move heavyslam\n>p2 move uturn\n>p2 switch 5\n>p2 switch 5\n>p1 move earthquake\n>p2 move dazzlinggleam","uploadtime":1557967640,"views":18,"p1id":"aegislicer","p2id":"comp233","formatid":"gen7randombattle","rating":1864,"private":0,"password":null}