{"id":"gen7ou-667786670","p1":"Pfzer","p2":"Toxabelle","format":"gen7ou","log":"|raw|<div class=\"broadcast-red\"><strong>This battle is invite-only!<\/strong><br \/>Users must be rank + or invited with <code>\/invite<\/code> to join<\/div>\n|j|Pfzer\n|j|Toxabelle\n|player|p1|Pfzer|101\n|teamsize|p1|6\n|player|p2|Toxabelle|164\n|teamsize|p2|6\n|gametype|singles\n|gen|7\n|tier|[Gen 7] OU\n|rated|\n|seed|29845,3485,6128,54479\n|rule|Sleep Clause Mod: Limit one foe put to sleep\n|rule|Species Clause: Limit one of each Pok\u00e9mon\n|rule|OHKO Clause: OHKO moves are banned\n|rule|Moody Clause: Moody is banned\n|rule|Evasion Moves Clause: Evasion moves are banned\n|rule|Endless Battle Clause: Forcing endless battles is banned\n|rule|HP Percentage Mod: HP is shown in percentages\n|clearpoke\n|poke|p1|Blacephalon|item\n|poke|p1|Magearna|item\n|poke|p1|Zygarde|item\n|poke|p1|Pinsir, M|item\n|poke|p1|Rotom-Wash|item\n|poke|p1|Landorus-Therian, M|item\n|poke|p2|Charizard, F|item\n|poke|p2|Tornadus-Therian, M|item\n|poke|p2|Gliscor, M|item\n|poke|p2|Skarmory, M|item\n|poke|p2|Chansey, F|item\n|poke|p2|Tangrowth, F|item\n|teampreview\n|inactive|Battle timer is ON: inactive players will automatically lose when time's up. (requested by Toxabelle)\n|choice|team 6, team 2, team 3, team 4, team 5, team 1|team 2, team 1, team 3, team 4, team 5, team 6\n|\n|start\n|switch|p1a: Landorus|Landorus-Therian, M|382\/382\n|switch|p2a: Tornadus|Tornadus-Therian, M, shiny|299\/299\n|-ability|p1a: Landorus|Intimidate|boost\n|-unboost|p2a: Tornadus|atk|1\n|turn|1\n|choice|switch 5|move taunt\n|\n|switch|p1a: Rotom|Rotom-Wash|304\/304\n|move|p2a: Tornadus|Taunt|p1a: Rotom\n|-start|p1a: Rotom|move: Taunt\n|\n|upkeep\n|turn|2\n|choice|move voltswitch|move uturn\n|\n|move|p2a: Tornadus|U-turn|p1a: Rotom\n|-damage|p1a: Rotom|274\/304\n|choice||switch 3\n|\n|switch|p2a: Gliscor|Gliscor, M|353\/353\n|move|p1a: Rotom|Volt Switch|p2a: Gliscor\n|-immune|p2a: Gliscor|[msg]\n|\n|-heal|p1a: Rotom|293\/304|[from] item: Leftovers\n|-status|p2a: Gliscor|tox|[from] item: Toxic Orb\n|upkeep\n|turn|3\n|choice|move voltswitch|move knockoff\n|\n|move|p2a: Gliscor|Knock Off|p1a: Rotom\n|-damage|p1a: Rotom|221\/304\n|-enditem|p1a: Rotom|Leftovers|[from] move: Knock Off|[of] p2a: Gliscor\n|move|p1a: Rotom|Volt Switch|p2a: Gliscor\n|-immune|p2a: Gliscor|[msg]\n|\n|-end|p1a: Rotom|move: Taunt\n|upkeep\n|turn|4\n|inactive|Pfzer has 135 seconds left.\n|choice|move voltswitch|switch 5\n|\n|switch|p2a: Chansey|Chansey, F|703\/703\n|move|p1a: Rotom|Volt Switch|p2a: Chansey\n|-damage|p2a: Chansey|646\/703\n|choice|switch 5|\n|\n|switch|p1a: Landorus|Landorus-Therian, M|382\/382\n|-ability|p1a: Landorus|Intimidate|boost\n|-unboost|p2a: Chansey|atk|1\n|\n|upkeep\n|turn|5\n|choice|move stealthrock|switch 4\n|\n|switch|p2a: Skarmory|Skarmory, M|333\/333\n|move|p1a: Landorus|Stealth Rock|p2a: Skarmory\n|-sidestart|p2: Toxabelle|move: Stealth Rock\n|\n|upkeep\n|turn|6\n|choice|move uturn|move defog\n|\n|move|p1a: Landorus|U-turn|p2a: Skarmory\n|-resisted|p2a: Skarmory\n|-damage|p2a: Skarmory|321\/333\n|-damage|p1a: Landorus|319\/382|[from] item: Rocky Helmet|[of] p2a: Skarmory\n|inactive|Pfzer has 135 seconds left.\n|inactive|Pfzer has 120 seconds left.\n|choice|switch 3|\n|\n|switch|p1a: Zygarde|Zygarde|375\/375\n|-ability|p1a: Zygarde|Aura Break\n|move|p2a: Skarmory|Defog|p1a: Zygarde\n|-unboost|p1a: Zygarde|evasion|1\n|-sideend|p2: Toxabelle|Stealth Rock|[from] move: Defog|[of] p2a: Skarmory\n|\n|upkeep\n|turn|7\n|choice|move dragondance|move toxic\n|\n|move|p1a: Zygarde|Dragon Dance|p1a: Zygarde\n|-boost|p1a: Zygarde|atk|1\n|-boost|p1a: Zygarde|spe|1\n|move|p2a: Skarmory|Toxic|p1a: Zygarde\n|-status|p1a: Zygarde|tox\n|\n|-damage|p1a: Zygarde|352\/375 tox|[from] psn\n|upkeep\n|turn|8\n|choice|move thousandarrows|switch 6\n|\n|switch|p2a: Tangrowth|Tangrowth, F|403\/403\n|move|p1a: Zygarde|Thousand Arrows|p2a: Tangrowth\n|-resisted|p2a: Tangrowth\n|-damage|p2a: Tangrowth|313\/403\n|\n|-damage|p1a: Zygarde|306\/375 tox|[from] psn\n|upkeep\n|turn|9\n|choice|move thousandarrows|switch 6\n|\n|switch|p2a: Skarmory|Skarmory, M|321\/333\n|move|p1a: Zygarde|Thousand Arrows|p2a: Skarmory\n|-damage|p2a: Skarmory|185\/333\n|-start|p2a: Skarmory|Smack Down\n|\n|-damage|p1a: Zygarde|237\/375 tox|[from] psn\n|upkeep\n|turn|10\n|choice|move thousandarrows|switch 6\n|\n|switch|p2a: Tangrowth|Tangrowth, F|403\/403\n|move|p1a: Zygarde|Thousand Arrows|p2a: Tangrowth\n|-resisted|p2a: Tangrowth\n|-damage|p2a: Tangrowth|324\/403\n|\n|-damage|p1a: Zygarde|145\/375 tox|[from] psn\n|upkeep\n|turn|11\n|choice|move outrage zmove|move hiddenpower\n|\n|-zpower|p1a: Zygarde\n|move|p1a: Zygarde|Devastating Drake|p2a: Tangrowth|[zeffect]\n|-damage|p2a: Tangrowth|0 fnt\n|faint|p2a: Tangrowth\n|\n|-damage|p1a: Zygarde|30\/375 tox|[from] psn\n|upkeep\n|choice||switch 6\n|\n|switch|p2a: Skarmory|Skarmory, M|185\/333\n|turn|12\n|choice|move thousandarrows|move roost\n|\n|move|p1a: Zygarde|Thousand Arrows|p2a: Skarmory\n|-damage|p2a: Skarmory|65\/333\n|-start|p2a: Skarmory|Smack Down\n|move|p2a: Skarmory|Roost|p2a: Skarmory\n|-heal|p2a: Skarmory|232\/333\n|\n|-damage|p1a: Zygarde|0 fnt|[from] psn\n|upkeep\n|faint|p1a: Zygarde\n|inactive|Pfzer has 135 seconds left.\n|choice|switch 4|\n|\n|switch|p1a: Pinsir|Pinsir, M|271\/271\n|turn|13\n|choice|move swordsdance mega|switch 3\n|\n|switch|p2a: Tornadus|Tornadus-Therian, M, shiny|299\/299\n|-mega|p1a: Pinsir|Pinsir|Pinsirite\n|detailschange|p1a: Pinsir|Pinsir-Mega, M\n|move|p1a: Pinsir|Swords Dance|p1a: Pinsir\n|-boost|p1a: Pinsir|atk|2\n|\n|upkeep\n|turn|14\n|choice|switch 5|move hurricane zmove\n|\n|switch|p1a: Rotom|Rotom-Wash|221\/304\n|-zpower|p2a: Tornadus\n|move|p2a: Tornadus|Supersonic Skystrike|p1a: Rotom|[zeffect]\n|-resisted|p1a: Rotom\n|-damage|p1a: Rotom|102\/304\n|\n|upkeep\n|turn|15\n|choice|move voltswitch|move taunt\n|\n|move|p2a: Tornadus|Taunt|p1a: Rotom\n|-start|p1a: Rotom|move: Taunt\n|move|p1a: Rotom|Volt Switch|p2a: Tornadus\n|-supereffective|p2a: Tornadus\n|-damage|p2a: Tornadus|99\/299\n|choice|switch 5|\n|\n|switch|p1a: Pinsir|Pinsir-Mega, M|271\/271\n|\n|upkeep\n|turn|16\n|choice|move swordsdance|switch 3\n|\n|switch|p2a: Skarmory|Skarmory, M|232\/333\n|move|p1a: Pinsir|Swords Dance|p1a: Pinsir\n|-boost|p1a: Pinsir|atk|2\n|\n|upkeep\n|turn|17\n|choice|move closecombat|move roost\n|\n|move|p1a: Pinsir|Close Combat|p2a: Skarmory\n|-damage|p2a: Skarmory|50\/333\n|-damage|p1a: Pinsir|226\/271|[from] item: Rocky Helmet|[of] p2a: Skarmory\n|-unboost|p1a: Pinsir|def|1\n|-unboost|p1a: Pinsir|spd|1\n|move|p2a: Skarmory|Roost|p2a: Skarmory\n|-heal|p2a: Skarmory|217\/333\n|\n|upkeep\n|turn|18\n|inactive|Pfzer has 135 seconds left.\n|choice|switch 2|move bravebird\n|\n|switch|p1a: Magearna|Magearna|359\/359\n|move|p2a: Skarmory|Brave Bird|p1a: Magearna\n|-resisted|p1a: Magearna\n|-damage|p1a: Magearna|312\/359\n|-damage|p2a: Skarmory|201\/333|[from] Recoil|[of] p1a: Magearna\n|\n|upkeep\n|turn|19\n|choice|move icebeam|switch 4\n|\n|switch|p2a: Chansey|Chansey, F|646\/703\n|move|p1a: Magearna|Ice Beam|p2a: Chansey\n|-damage|p2a: Chansey|564\/703\n|\n|upkeep\n|turn|20\n|choice|move voltswitch|move toxic\n|\n|move|p1a: Magearna|Volt Switch|p2a: Chansey\n|-damage|p2a: Chansey|504\/703\n|choice|switch 3|\n|\n|switch|p1a: Landorus|Landorus-Therian, M|319\/382\n|-ability|p1a: Landorus|Intimidate|boost\n|-unboost|p2a: Chansey|atk|1\n|move|p2a: Chansey|Toxic|p1a: Landorus\n|-status|p1a: Landorus|tox\n|\n|-damage|p1a: Landorus|296\/382 tox|[from] psn\n|upkeep\n|turn|21\n|choice|move stealthrock|switch 4\n|\n|switch|p2a: Skarmory|Skarmory, M|201\/333\n|move|p1a: Landorus|Stealth Rock|p2a: Skarmory\n|-sidestart|p2: Toxabelle|move: Stealth Rock\n|\n|-damage|p1a: Landorus|250\/382 tox|[from] psn\n|upkeep\n|turn|22\n|choice|move uturn|move defog\n|\n|move|p1a: Landorus|U-turn|p2a: Skarmory\n|-resisted|p2a: Skarmory\n|-damage|p2a: Skarmory|189\/333\n|-damage|p1a: Landorus|187\/382 tox|[from] item: Rocky Helmet|[of] p2a: Skarmory\n|choice|switch 3|\n|\n|switch|p1a: Magearna|Magearna|312\/359\n|move|p2a: Skarmory|Defog|p1a: Magearna\n|-unboost|p1a: Magearna|evasion|1\n|-sideend|p2: Toxabelle|Stealth Rock|[from] move: Defog|[of] p2a: Skarmory\n|\n|upkeep\n|turn|23\n|choice|move voltswitch|move roost\n|\n|move|p2a: Skarmory|Roost|p2a: Skarmory\n|-heal|p2a: Skarmory|333\/333\n|move|p1a: Magearna|Volt Switch|p2a: Skarmory\n|-damage|p2a: Skarmory|201\/333\n|choice|switch 5|\n|\n|switch|p1a: Rotom|Rotom-Wash|102\/304\n|\n|upkeep\n|turn|24\n|choice|move voltswitch|switch 5\n|\n|switch|p2a: Gliscor|Gliscor, M|353\/353 tox\n|move|p1a: Rotom|Volt Switch|p2a: Gliscor\n|-immune|p2a: Gliscor|[msg]\n|\n|upkeep\n|turn|25\n|choice|move voltswitch|move knockoff\n|\n|move|p2a: Gliscor|Knock Off|p1a: Rotom\n|-damage|p1a: Rotom|52\/304\n|move|p1a: Rotom|Volt Switch|p2a: Gliscor\n|-immune|p2a: Gliscor|[msg]\n|\n|upkeep\n|turn|26\n|choice|move voltswitch|move knockoff\n|\n|move|p2a: Gliscor|Knock Off|p1a: Rotom\n|-damage|p1a: Rotom|9\/304\n|move|p1a: Rotom|Volt Switch|p2a: Gliscor\n|-immune|p2a: Gliscor|[msg]\n|\n|upkeep\n|turn|27\n|choice|move hydropump|move knockoff\n|\n|move|p2a: Gliscor|Knock Off|p1a: Rotom\n|-damage|p1a: Rotom|0 fnt\n|faint|p1a: Rotom\n|\n|upkeep\n|choice|switch 3|\n|\n|switch|p1a: Landorus|Landorus-Therian, M|187\/382 tox\n|-ability|p1a: Landorus|Intimidate|boost\n|-unboost|p2a: Gliscor|atk|1\n|turn|28\n|choice|move uturn|move taunt\n|\n|move|p2a: Gliscor|Taunt|p1a: Landorus\n|-start|p1a: Landorus|move: Taunt\n|move|p1a: Landorus|U-turn|p2a: Gliscor\n|-resisted|p2a: Gliscor\n|-damage|p2a: Gliscor|315\/353 tox\n|choice|switch 2|\n|\n|switch|p1a: Pinsir|Pinsir-Mega, M|226\/271\n|\n|-heal|p2a: Gliscor|353\/353 tox|[from] ability: Poison Heal\n|upkeep\n|turn|29\n|choice|move swordsdance|switch 5\n|\n|switch|p2a: Skarmory|Skarmory, M|201\/333\n|move|p1a: Pinsir|Swords Dance|p1a: Pinsir\n|-boost|p1a: Pinsir|atk|2\n|\n|upkeep\n|turn|30\n|choice|switch 5|move roost\n|\n|switch|p1a: Magearna|Magearna|312\/359\n|move|p2a: Skarmory|Roost|p2a: Skarmory\n|-heal|p2a: Skarmory|333\/333\n|\n|upkeep\n|turn|31\n|inactive|Pfzer has 135 seconds left.\n|choice|move icebeam|switch 4\n|\n|switch|p2a: Chansey|Chansey, F|504\/703\n|move|p1a: Magearna|Ice Beam|p2a: Chansey\n|-damage|p2a: Chansey|422\/703\n|\n|upkeep\n|turn|32\n|choice|move focusblast|move softboiled\n|\n|move|p1a: Magearna|Focus Blast|p2a: Chansey|[miss]\n|-miss|p1a: Magearna|p2a: Chansey\n|move|p2a: Chansey|Soft-Boiled|p2a: Chansey\n|-heal|p2a: Chansey|703\/703\n|\n|upkeep\n|turn|33\n|choice|move voltswitch|move toxic\n|\n|move|p1a: Magearna|Volt Switch|p2a: Chansey\n|-crit|p2a: Chansey\n|-damage|p2a: Chansey|619\/703\n|choice|switch 2|\n|\n|switch|p1a: Landorus|Landorus-Therian, M|187\/382 tox\n|-ability|p1a: Landorus|Intimidate|boost\n|-unboost|p2a: Chansey|atk|1\n|move|p2a: Chansey|Toxic|p1a: Landorus\n|-fail|p1a: Landorus|tox\n|\n|-damage|p1a: Landorus|164\/382 tox|[from] psn\n|upkeep\n|turn|34\n|choice|switch 2|switch 4\n|\n|switch|p1a: Magearna|Magearna|312\/359\n|switch|p2a: Skarmory|Skarmory, M|333\/333\n|\n|upkeep\n|turn|35\n|choice|move voltswitch|switch 4\n|\n|switch|p2a: Chansey|Chansey, F|619\/703\n|move|p1a: Magearna|Volt Switch|p2a: Chansey\n|-damage|p2a: Chansey|556\/703\n|choice|switch 2|\n|\n|switch|p1a: Landorus|Landorus-Therian, M|164\/382 tox\n|-ability|p1a: Landorus|Intimidate|boost\n|-unboost|p2a: Chansey|atk|1\n|\n|-damage|p1a: Landorus|141\/382 tox|[from] psn\n|upkeep\n|turn|36\n|choice|move stealthrock|switch 4\n|\n|switch|p2a: Skarmory|Skarmory, M|333\/333\n|move|p1a: Landorus|Stealth Rock|p2a: Skarmory\n|-sidestart|p2: Toxabelle|move: Stealth Rock\n|\n|-damage|p1a: Landorus|95\/382 tox|[from] psn\n|upkeep\n|turn|37\n|choice|switch 6|move defog\n|\n|switch|p1a: Blacephalon|Blacephalon|247\/247\n|move|p2a: Skarmory|Defog|p1a: Blacephalon\n|-unboost|p1a: Blacephalon|evasion|1\n|-sideend|p2: Toxabelle|Stealth Rock|[from] move: Defog|[of] p2a: Skarmory\n|\n|upkeep\n|turn|38\n|choice|move fireblast|switch 5\n|\n|switch|p2a: Gliscor|Gliscor, M|353\/353 tox\n|move|p1a: Blacephalon|Fire Blast|p2a: Gliscor\n|-damage|p2a: Gliscor|122\/353 tox\n|\n|-heal|p2a: Gliscor|166\/353 tox|[from] ability: Poison Heal\n|upkeep\n|turn|39\n|choice|switch 5|switch 4\n|\n|switch|p1a: Pinsir|Pinsir-Mega, M|226\/271\n|switch|p2a: Chansey|Chansey, F|556\/703\n|\n|upkeep\n|turn|40\n|choice|move closecombat|switch 5\n|\n|switch|p2a: Skarmory|Skarmory, M|333\/333\n|move|p1a: Pinsir|Close Combat|p2a: Skarmory\n|-damage|p2a: Skarmory|243\/333\n|-damage|p1a: Pinsir|181\/271|[from] item: Rocky Helmet|[of] p2a: Skarmory\n|-unboost|p1a: Pinsir|def|1\n|-unboost|p1a: Pinsir|spd|1\n|\n|upkeep\n|turn|41\n|choice|switch 2|switch 2\n|\n|switch|p1a: Magearna|Magearna|312\/359\n|switch|p2a: Charizard|Charizard, F|359\/359\n|\n|upkeep\n|turn|42\n|choice|switch 5|move flareblitz mega\n|\n|switch|p1a: Blacephalon|Blacephalon|247\/247\n|-mega|p2a: Charizard|Charizard|Charizardite X\n|detailschange|p2a: Charizard|Charizard-Mega-X, F\n|move|p2a: Charizard|Flare Blitz|p1a: Blacephalon\n|-resisted|p1a: Blacephalon\n|-crit|p1a: Blacephalon\n|-damage|p1a: Blacephalon|0 fnt\n|-damage|p2a: Charizard|277\/359|[from] Recoil|[of] p1a: Blacephalon\n|faint|p1a: Blacephalon\n|\n|upkeep\n|-message|Pfzer forfeited.\n|\n|win|Toxabelle\n|raw|Pfzer's rating: 1801 &rarr; <strong>1781<\/strong><br \/>(-20 for losing)\n|raw|Toxabelle's rating: 1814 &rarr; <strong>1834<\/strong><br \/>(+20 for winning)\n|c|\u2606Pfzer|gg\n|c|\u2606Toxabelle|Gg\n|l|Pfzer\n|c|\u2606Toxabelle|\/log Toxabelle made this room public.","inputlog":null,"uploadtime":1512201661,"views":46,"p1id":"pfzer","p2id":"toxabelle","formatid":"gen7ou","rating":1781,"private":0,"password":null}