{"id":"gen7ou-881025119","p1":"why addicted","p2":"Wholesale2019","format":"gen7ou","log":"|j|\u2606why addicted\n|j|\u2606Wholesale2019\n|player|p1|why addicted|265\n|player|p2|Wholesale2019|1\n|teamsize|p1|6\n|teamsize|p2|6\n|gametype|singles\n|gen|7\n|tier|[Gen 7] OU\n|rated|\n|rule|Sleep Clause Mod: Limit one foe put to sleep\n|rule|Species Clause: Limit one of each Pok\u00e9mon\n|rule|OHKO Clause: OHKO moves are banned\n|rule|Moody Clause: Moody is banned\n|rule|Evasion Moves Clause: Evasion moves are banned\n|rule|Endless Battle Clause: Forcing endless battles is banned\n|rule|HP Percentage Mod: HP is shown in percentages\n|clearpoke\n|poke|p1|Mawile, F|item\n|poke|p1|Tapu Fini|item\n|poke|p1|Greninja, M|item\n|poke|p1|Zapdos|item\n|poke|p1|Jirachi|item\n|poke|p1|Garchomp, M|item\n|poke|p2|Scizor, F|item\n|poke|p2|Heatran, M|item\n|poke|p2|Tapu Koko|item\n|poke|p2|Gastrodon-East, M|item\n|poke|p2|Landorus-Therian, M|item\n|poke|p2|Kyurem-Black|item\n|teampreview\n|c|\u2606why addicted|hf\n|inactive|Battle timer is ON: inactive players will automatically lose when time's up. (requested by Wholesale2019)\n|\n|start\n|switch|p1a: Zapdos|Zapdos|100\/100\n|switch|p2a: Landorus|Landorus-Therian, M|100\/100\n|-ability|p2a: Landorus|Intimidate|boost\n|-unboost|p1a: Zapdos|atk|1\n|turn|1\n|\n|switch|p2a: Kyurem|Kyurem-Black|100\/100\n|-ability|p2a: Kyurem|Teravolt\n|move|p1a: Zapdos|Hidden Power|p2a: Kyurem\n|-damage|p2a: Kyurem|84\/100\n|\n|upkeep\n|turn|2\n|j| SrmarquitosX\n|\n|switch|p2a: Heatran|Heatran, M|100\/100\n|switch|p1a: Jirachi|Jirachi|100\/100\n|\n|upkeep\n|turn|3\n|\n|move|p1a: Jirachi|U-turn|p2a: Heatran\n|-resisted|p2a: Heatran\n|-damage|p2a: Heatran|97\/100\n|\n|switch|p1a: Garchomp|Garchomp, M|100\/100\n|move|p2a: Heatran|Stealth Rock|p1a: Garchomp\n|-sidestart|p1: why addicted|move: Stealth Rock\n|\n|-heal|p2a: Heatran|100\/100|[from] item: Leftovers\n|upkeep\n|turn|4\n|\n|switch|p2a: Landorus|Landorus-Therian, M|100\/100\n|-ability|p2a: Landorus|Intimidate|boost\n|-unboost|p1a: Garchomp|atk|1\n|move|p1a: Garchomp|Stealth Rock|p2a: Landorus\n|-sidestart|p2: Wholesale2019|move: Stealth Rock\n|\n|upkeep\n|turn|5\n|\n|switch|p1a: Zapdos|Zapdos|100\/100\n|-damage|p1a: Zapdos|76\/100|[from] Stealth Rock\n|move|p2a: Landorus|Earthquake|p1a: Zapdos\n|-immune|p1a: Zapdos\n|\n|-heal|p1a: Zapdos|82\/100|[from] item: Leftovers\n|upkeep\n|turn|6\n|j| TheDarkSwirl\n|\n|switch|p2a: Gastrodon|Gastrodon-East, M|100\/100\n|-damage|p2a: Gastrodon|94\/100|[from] Stealth Rock\n|switch|p1a: Mawile|Mawile, F|100\/100\n|-damage|p1a: Mawile|95\/100|[from] Stealth Rock\n|-ability|p1a: Mawile|Intimidate|boost\n|-unboost|p2a: Gastrodon|atk|1\n|\n|-heal|p2a: Gastrodon|100\/100|[from] item: Leftovers\n|upkeep\n|turn|7\n|\n|detailschange|p1a: Mawile|Mawile-Mega, F\n|-mega|p1a: Mawile|Mawile|Mawilite\n|move|p1a: Mawile|Knock Off|p2a: Gastrodon\n|-damage|p2a: Gastrodon|35\/100\n|-enditem|p2a: Gastrodon|Leftovers|[from] move: Knock Off|[of] p1a: Mawile\n|move|p2a: Gastrodon|Scald|p1a: Mawile\n|-damage|p1a: Mawile|62\/100\n|-status|p1a: Mawile|brn\n|\n|-damage|p1a: Mawile|56\/100 brn|[from] brn\n|upkeep\n|turn|8\n|j| qin yin\u2764\n|\n|move|p1a: Mawile|Play Rough|p2a: Gastrodon\n|-damage|p2a: Gastrodon|0 fnt\n|faint|p2a: Gastrodon\n|\n|-damage|p1a: Mawile|50\/100 brn|[from] brn\n|upkeep\n|\n|switch|p2a: Tapu Koko|Tapu Koko|100\/100\n|-damage|p2a: Tapu Koko|88\/100|[from] Stealth Rock\n|-fieldstart|move: Electric Terrain|[from] ability: Electric Surge|[of] p2a: Tapu Koko\n|turn|9\n|\n|move|p2a: Tapu Koko|Thunderbolt|p1a: Mawile\n|-damage|p1a: Mawile|0 fnt\n|faint|p1a: Mawile\n|\n|upkeep\n|\n|switch|p1a: Garchomp|Garchomp, M|100\/100\n|-damage|p1a: Garchomp|94\/100|[from] Stealth Rock\n|turn|10\n|\n|move|p2a: Tapu Koko|U-turn|p1a: Garchomp\n|-damage|p1a: Garchomp|77\/100\n|-damage|p2a: Tapu Koko|76\/100|[from] ability: Rough Skin|[of] p1a: Garchomp\n|\n|switch|p2a: Landorus|Landorus-Therian, M|100\/100\n|-damage|p2a: Landorus|88\/100|[from] Stealth Rock\n|-ability|p2a: Landorus|Intimidate|boost\n|-unboost|p1a: Garchomp|atk|1\n|move|p1a: Garchomp|Earthquake|p2a: Landorus\n|-immune|p2a: Landorus\n|\n|upkeep\n|turn|11\n|\n|switch|p1a: Zapdos|Zapdos|82\/100\n|-damage|p1a: Zapdos|57\/100|[from] Stealth Rock\n|move|p2a: Landorus|Earthquake|p1a: Zapdos\n|-immune|p1a: Zapdos\n|\n|-heal|p1a: Zapdos|63\/100|[from] item: Leftovers\n|upkeep\n|turn|12\n|\n|switch|p2a: Tapu Koko|Tapu Koko|76\/100\n|-damage|p2a: Tapu Koko|64\/100|[from] Stealth Rock\n|move|p1a: Zapdos|Roost|p1a: Zapdos\n|-heal|p1a: Zapdos|100\/100\n|-singleturn|p1a: Zapdos|move: Roost\n|\n|upkeep\n|turn|13\n|\n|switch|p1a: Garchomp|Garchomp, M|77\/100\n|-damage|p1a: Garchomp|71\/100|[from] Stealth Rock\n|-zpower|p2a: Tapu Koko\n|move|p2a: Tapu Koko|Gigavolt Havoc|p1a: Garchomp|[zeffect]\n|-immune|p1a: Garchomp\n|\n|-fieldend|move: Electric Terrain\n|upkeep\n|turn|14\n|\n|switch|p2a: Landorus|Landorus-Therian, M|88\/100\n|-damage|p2a: Landorus|76\/100|[from] Stealth Rock\n|-ability|p2a: Landorus|Intimidate|boost\n|-unboost|p1a: Garchomp|atk|1\n|-zpower|p1a: Garchomp\n|move|p1a: Garchomp|Continental Crush|p2a: Landorus|[zeffect]\n|-damage|p2a: Landorus|29\/100\n|\n|upkeep\n|turn|15\n|\n|switch|p1a: Zapdos|Zapdos|100\/100\n|-damage|p1a: Zapdos|76\/100|[from] Stealth Rock\n|move|p2a: Landorus|Stone Edge|p1a: Zapdos\n|-supereffective|p1a: Zapdos\n|-damage|p1a: Zapdos|26\/100\n|\n|-heal|p1a: Zapdos|32\/100|[from] item: Leftovers\n|upkeep\n|turn|16\n|\n|switch|p1a: Jirachi|Jirachi|100\/100\n|-damage|p1a: Jirachi|95\/100|[from] Stealth Rock\n|move|p2a: Landorus|Stone Edge|p1a: Jirachi\n|-resisted|p1a: Jirachi\n|-damage|p1a: Jirachi|78\/100\n|\n|upkeep\n|turn|17\n|\n|switch|p2a: Scizor|Scizor, F|100\/100\n|-damage|p2a: Scizor|88\/100|[from] Stealth Rock\n|move|p1a: Jirachi|U-turn|p2a: Scizor\n|-resisted|p2a: Scizor\n|-damage|p2a: Scizor|81\/100\n|\n|switch|p1a: Greninja|Greninja, M|100\/100\n|-damage|p1a: Greninja|88\/100|[from] Stealth Rock\n|\n|upkeep\n|turn|18\n|\n|detailschange|p2a: Scizor|Scizor-Mega, F\n|-mega|p2a: Scizor|Scizor|Scizorite\n|move|p1a: Greninja|Hydro Pump|p2a: Scizor\n|-damage|p2a: Scizor|8\/100\n|move|p2a: Scizor|U-turn|p1a: Greninja\n|-supereffective|p1a: Greninja\n|-damage|p1a: Greninja|0 fnt\n|faint|p1a: Greninja\n|\n|switch|p2a: Tapu Koko|Tapu Koko|64\/100\n|-damage|p2a: Tapu Koko|52\/100|[from] Stealth Rock\n|-fieldstart|move: Electric Terrain|[from] ability: Electric Surge|[of] p2a: Tapu Koko\n|\n|upkeep\n|\n|switch|p1a: Jirachi|Jirachi|78\/100\n|-damage|p1a: Jirachi|72\/100|[from] Stealth Rock\n|turn|19\n|\n|switch|p2a: Heatran|Heatran, M|100\/100\n|-damage|p2a: Heatran|88\/100|[from] Stealth Rock\n|move|p1a: Jirachi|Iron Head|p2a: Heatran\n|-resisted|p2a: Heatran\n|-damage|p2a: Heatran|81\/100\n|\n|-heal|p2a: Heatran|88\/100|[from] item: Leftovers\n|upkeep\n|turn|20\n|\n|switch|p1a: Garchomp|Garchomp, M|71\/100\n|-damage|p1a: Garchomp|65\/100|[from] Stealth Rock\n|move|p2a: Heatran|Lava Plume|p1a: Garchomp\n|-resisted|p1a: Garchomp\n|-damage|p1a: Garchomp|47\/100\n|-status|p1a: Garchomp|brn\n|\n|-heal|p2a: Heatran|94\/100|[from] item: Leftovers\n|-damage|p1a: Garchomp|41\/100 brn|[from] brn\n|upkeep\n|turn|21\n|\n|switch|p2a: Scizor|Scizor-Mega, F|8\/100\n|-damage|p2a: Scizor|0 fnt|[from] Stealth Rock\n|faint|p2a: Scizor\n|move|p1a: Garchomp|Earthquake|p2: Scizor|[notarget]\n|-fail|p1a: Garchomp\n|\n|-damage|p1a: Garchomp|35\/100 brn|[from] brn\n|upkeep\n|\n|switch|p2a: Landorus|Landorus-Therian, M|29\/100\n|-damage|p2a: Landorus|17\/100|[from] Stealth Rock\n|-ability|p2a: Landorus|Intimidate|boost\n|-unboost|p1a: Garchomp|atk|1\n|turn|22\n|\n|switch|p2a: Tapu Koko|Tapu Koko|52\/100\n|-damage|p2a: Tapu Koko|39\/100|[from] Stealth Rock\n|switch|p1a: Zapdos|Zapdos|32\/100\n|-damage|p1a: Zapdos|7\/100|[from] Stealth Rock\n|\n|-heal|p1a: Zapdos|13\/100|[from] item: Leftovers\n|-fieldend|move: Electric Terrain\n|upkeep\n|turn|23\n|\n|move|p2a: Tapu Koko|Roost|p2a: Tapu Koko\n|-heal|p2a: Tapu Koko|89\/100\n|-singleturn|p2a: Tapu Koko|move: Roost\n|move|p1a: Zapdos|Volt Switch|p2a: Tapu Koko\n|-resisted|p2a: Tapu Koko\n|-damage|p2a: Tapu Koko|68\/100\n|\n|switch|p1a: Jirachi|Jirachi|72\/100\n|-damage|p1a: Jirachi|66\/100|[from] Stealth Rock\n|\n|upkeep\n|turn|24\n|\n|switch|p2a: Kyurem|Kyurem-Black|84\/100\n|-damage|p2a: Kyurem|59\/100|[from] Stealth Rock\n|-ability|p2a: Kyurem|Teravolt\n|move|p1a: Jirachi|Iron Head|p2a: Kyurem\n|-supereffective|p2a: Kyurem\n|-damage|p2a: Kyurem|3\/100\n|\n|upkeep\n|turn|25\n|\n|move|p1a: Jirachi|Iron Head|p2a: Kyurem\n|-supereffective|p2a: Kyurem\n|-damage|p2a: Kyurem|0 fnt\n|faint|p2a: Kyurem\n|\n|upkeep\n|\n|switch|p2a: Heatran|Heatran, M|94\/100\n|-damage|p2a: Heatran|81\/100|[from] Stealth Rock\n|turn|26\n|\n|switch|p1a: Zapdos|Zapdos|13\/100\n|-damage|p1a: Zapdos|0 fnt|[from] Stealth Rock\n|faint|p1a: Zapdos\n|switch|p2a: Tapu Koko|Tapu Koko|68\/100\n|-damage|p2a: Tapu Koko|56\/100|[from] Stealth Rock\n|-fieldstart|move: Electric Terrain|[from] ability: Electric Surge|[of] p2a: Tapu Koko\n|\n|upkeep\n|\n|switch|p1a: Jirachi|Jirachi|66\/100\n|-damage|p1a: Jirachi|60\/100|[from] Stealth Rock\n|turn|27\n|\n|switch|p2a: Heatran|Heatran, M|81\/100\n|-damage|p2a: Heatran|69\/100|[from] Stealth Rock\n|move|p1a: Jirachi|Healing Wish|p1a: Jirachi\n|faint|p1a: Jirachi\n|\n|-heal|p2a: Heatran|75\/100|[from] item: Leftovers\n|upkeep\n|\n|switch|p1a: Garchomp|Garchomp, M|35\/100 brn\n|-heal|p1a: Garchomp|100\/100|[from] move: Healing Wish\n|-damage|p1a: Garchomp|94\/100|[from] Stealth Rock\n|turn|28\n|c|\u2606Wholesale2019|Meh u p whack risking hp ice on koko\n|inactive|Wholesale2019 has 120 seconds left.\n|-message|Wholesale2019 forfeited.\n|\n|win|why addicted\n|l|\u2606Wholesale2019\n|c|\u2606why addicted|thx bro\n|raw|why addicted's rating: 1829 &rarr; <strong>1848<\/strong><br \/>(+19 for winning)\n|raw|Wholesale2019's rating: 1804 &rarr; <strong>1786<\/strong><br \/>(-18 for losing)\n|c|\u2606why addicted|appreciate that\n","uploadtime":1553393868,"views":36,"p1id":"whyaddicted","p2id":"wholesale2019","formatid":"gen7ou","rating":1786,"private":0,"password":null}