{"id":"gen7ou-648704402","p1":"Pitaye","p2":"blackatmosphere","format":"gen7ou","log":"|j|Pitaye\n|j|blackatmosphere\n|player|p1|Pitaye|36\n|teamsize|p1|6\n|player|p2|blackatmosphere|1\n|teamsize|p2|6\n|gametype|singles\n|gen|7\n|tier|[Gen 7] OU\n|rated|\n|seed|34296,5710,61238,18264\n|rule|Sleep Clause Mod: Limit one foe put to sleep\n|rule|Species Clause: Limit one of each Pok\u00e9mon\n|rule|OHKO Clause: OHKO moves are banned\n|rule|Moody Clause: Moody is banned\n|rule|Evasion Moves Clause: Evasion moves are banned\n|rule|Endless Battle Clause: Forcing endless battles is banned\n|rule|HP Percentage Mod: HP is shown in percentages\n|clearpoke\n|poke|p1|Landorus-Therian, M|item\n|poke|p1|Diancie|item\n|poke|p1|Hydreigon, M|item\n|poke|p1|Marowak-Alola, M|item\n|poke|p1|Cobalion|item\n|poke|p1|Ferrothorn, F|item\n|poke|p2|Serperior, F|item\n|poke|p2|Landorus-Therian, M|item\n|poke|p2|Lopunny, F|item\n|poke|p2|Celesteela|item\n|poke|p2|Greninja, F|item\n|poke|p2|Chansey, F|item\n|teampreview\n|inactive|Battle timer is ON: inactive players will automatically lose when time's up. (requested by blackatmosphere)\n|choice|team 3, team 2, team 1, team 4, team 5, team 6|team 2, team 1, team 3, team 4, team 5, team 6\n|\n|start\n|switch|p1a: Hydreigon|Hydreigon, M|325\/325\n|switch|p2a: Landorus|Landorus-Therian, M|381\/381\n|-ability|p2a: Landorus|Intimidate|boost\n|-unboost|p1a: Hydreigon|atk|1\n|turn|1\n|choice|move uturn|move stealthrock\n|\n|move|p1a: Hydreigon|U-turn|p2a: Landorus\n|-resisted|p2a: Landorus\n|-crit|p2a: Landorus\n|-damage|p2a: Landorus|348\/381\n|-damage|p1a: Hydreigon|271\/325|[from] item: Rocky Helmet|[of] p2a: Landorus\n|inactive|Pitaye has 120 seconds left.\n|inactive|Pitaye has 90 seconds left.\n|inactive|Pitaye has 60 seconds left.\n|inactive|Pitaye has 40 seconds left.\n|inactive|Pitaye has 30 seconds left.\n|choice|switch 6|\n|\n|switch|p1a: Ferrothorn|Ferrothorn, F|352\/352\n|move|p2a: Landorus|Stealth Rock|p1a: Ferrothorn\n|-sidestart|p1: Pitaye|move: Stealth Rock\n|\n|upkeep\n|turn|2\n|choice|move spikes|switch 4\n|\n|switch|p2a: Celesteela|Celesteela|397\/397\n|move|p1a: Ferrothorn|Spikes|p2a: Celesteela\n|-sidestart|p2: blackatmosphere|Spikes\n|\n|upkeep\n|turn|3\n|inactive|Pitaye has 120 seconds left.\n|choice|switch 4|move flamethrower\n|\n|switch|p1a: Marowak|Marowak-Alola, M|261\/261\n|-damage|p1a: Marowak|196\/261|[from] Stealth Rock\n|move|p2a: Celesteela|Flamethrower|p1a: Marowak\n|-resisted|p1a: Marowak\n|-damage|p1a: Marowak|148\/261\n|\n|upkeep\n|turn|4\n|choice|move shadowbone|switch 4\n|\n|switch|p2a: Landorus|Landorus-Therian, M|348\/381\n|-ability|p2a: Landorus|Intimidate|boost\n|-unboost|p1a: Marowak|atk|1\n|move|p1a: Marowak|Shadow Bone|p2a: Landorus\n|-damage|p2a: Landorus|221\/381\n|-unboost|p2a: Landorus|def|1\n|\n|upkeep\n|turn|5\n|choice|switch 3|move uturn\n|\n|switch|p1a: Landorus|Landorus-Therian, M|382\/382\n|-damage|p1a: Landorus|335\/382|[from] Stealth Rock\n|-ability|p1a: Landorus|Intimidate|boost\n|-unboost|p2a: Landorus|atk|1\n|move|p2a: Landorus|U-turn|p1a: Landorus\n|-resisted|p1a: Landorus\n|-damage|p1a: Landorus|314\/382\n|-damage|p2a: Landorus|158\/381|[from] item: Rocky Helmet|[of] p1a: Landorus\n|choice||switch 5\n|\n|switch|p2a: Greninja|Greninja, F|285\/285\n|-damage|p2a: Greninja|250\/285|[from] Spikes\n|\n|upkeep\n|turn|6\n|choice|switch 4|move spikes\n|\n|switch|p1a: Ferrothorn|Ferrothorn, F|352\/352\n|-damage|p1a: Ferrothorn|330\/352|[from] Stealth Rock\n|move|p2a: Greninja|Spikes|p1a: Ferrothorn\n|-start|p2a: Greninja|typechange|Ground|[from] Protean\n|-sidestart|p1: Pitaye|Spikes\n|\n|-heal|p1a: Ferrothorn|352\/352|[from] item: Leftovers\n|upkeep\n|turn|7\n|choice|move spikes|move hiddenpower\n|\n|move|p2a: Greninja|Hidden Power|p1a: Ferrothorn\n|-start|p2a: Greninja|typechange|Fire|[from] Protean\n|-supereffective|p1a: Ferrothorn\n|-damage|p1a: Ferrothorn|2\/352\n|move|p1a: Ferrothorn|Spikes|p2a: Greninja\n|-sidestart|p2: blackatmosphere|Spikes\n|\n|-heal|p1a: Ferrothorn|24\/352|[from] item: Leftovers\n|upkeep\n|turn|8\n|choice|move spikes|move icebeam\n|\n|move|p2a: Greninja|Ice Beam|p1a: Ferrothorn\n|-start|p2a: Greninja|typechange|Ice|[from] Protean\n|-damage|p1a: Ferrothorn|0 fnt\n|faint|p1a: Ferrothorn\n|\n|upkeep\n|choice|switch 5|\n|\n|switch|p1a: Cobalion|Cobalion|324\/324\n|-damage|p1a: Cobalion|314\/324|[from] Stealth Rock\n|-damage|p1a: Cobalion|274\/324|[from] Spikes\n|turn|9\n|choice|move swordsdance|switch 5\n|\n|switch|p2a: Landorus|Landorus-Therian, M|158\/381\n|-ability|p2a: Landorus|Intimidate|boost\n|-unboost|p1a: Cobalion|atk|1\n|move|p1a: Cobalion|Swords Dance|p1a: Cobalion\n|-boost|p1a: Cobalion|atk|2\n|\n|upkeep\n|turn|10\n|choice|move ironhead|move earthquake\n|\n|move|p1a: Cobalion|Iron Head|p2a: Landorus\n|-damage|p2a: Landorus|26\/381\n|-damage|p1a: Cobalion|220\/324|[from] item: Rocky Helmet|[of] p2a: Landorus\n|move|p2a: Landorus|Earthquake|p1a: Cobalion\n|-supereffective|p1a: Cobalion\n|-damage|p1a: Cobalion|0 fnt\n|faint|p1a: Cobalion\n|\n|upkeep\n|choice|switch 2|\n|\n|switch|p1a: Diancie|Diancie|241\/241\n|-damage|p1a: Diancie|211\/241|[from] Stealth Rock\n|-damage|p1a: Diancie|181\/241|[from] Spikes\n|turn|11\n|choice|move moonblast mega|move earthquake\n|\n|detailschange|p1a: Diancie|Diancie-Mega\n|-mega|p1a: Diancie|Diancie|Diancite\n|move|p1a: Diancie|Moonblast|p2a: Landorus\n|-damage|p2a: Landorus|0 fnt\n|faint|p2a: Landorus\n|\n|upkeep\n|choice||switch 2\n|\n|switch|p2a: Serperior|Serperior, F|305\/305\n|-damage|p2a: Serperior|255\/305|[from] Spikes\n|turn|12\n|choice|switch 6|move leafstorm\n|\n|switch|p1a: Hydreigon|Hydreigon, M|271\/325\n|-damage|p1a: Hydreigon|231\/325|[from] Stealth Rock\n|move|p2a: Serperior|Leaf Storm|p1a: Hydreigon\n|-resisted|p1a: Hydreigon\n|-damage|p1a: Hydreigon|154\/325\n|-boost|p2a: Serperior|spa|2\n|\n|-heal|p2a: Serperior|274\/305|[from] item: Leftovers\n|upkeep\n|turn|13\n|choice|move uturn|switch 6\n|\n|switch|p2a: Chansey|Chansey, F|703\/703\n|-damage|p2a: Chansey|586\/703|[from] Spikes\n|move|p1a: Hydreigon|U-turn|p2a: Chansey\n|-damage|p2a: Chansey|516\/703\n|choice|switch 3|\n|\n|switch|p1a: Marowak|Marowak-Alola, M|148\/261\n|-damage|p1a: Marowak|83\/261|[from] Stealth Rock\n|-damage|p1a: Marowak|51\/261|[from] Spikes\n|\n|upkeep\n|turn|14\n|choice|move firepunch|switch 4\n|\n|switch|p2a: Celesteela|Celesteela|397\/397\n|move|p1a: Marowak|Fire Punch|p2a: Celesteela\n|-supereffective|p2a: Celesteela\n|-damage|p2a: Celesteela|1\/397\n|\n|-heal|p2a: Celesteela|25\/397|[from] item: Leftovers\n|upkeep\n|turn|15\n|choice|move firepunch|move airslash\n|\n|move|p1a: Marowak|Fire Punch|p2a: Celesteela\n|-supereffective|p2a: Celesteela\n|-damage|p2a: Celesteela|0 fnt\n|faint|p2a: Celesteela\n|\n|upkeep\n|choice||switch 5\n|\n|switch|p2a: Greninja|Greninja, F|250\/285\n|-damage|p2a: Greninja|203\/285|[from] Spikes\n|turn|16\n|choice|move firepunch|move hydropump\n|\n|move|p2a: Greninja|Hydro Pump|p1a: Marowak\n|-start|p2a: Greninja|typechange|Water|[from] Protean\n|-supereffective|p1a: Marowak\n|-damage|p1a: Marowak|0 fnt\n|faint|p1a: Marowak\n|\n|upkeep\n|choice|switch 3|\n|\n|switch|p1a: Hydreigon|Hydreigon, M|154\/325\n|-damage|p1a: Hydreigon|114\/325|[from] Stealth Rock\n|turn|17\n|choice|move uturn|switch 4\n|\n|switch|p2a: Chansey|Chansey, F|516\/703\n|-damage|p2a: Chansey|399\/703|[from] Spikes\n|move|p1a: Hydreigon|U-turn|p2a: Chansey\n|-damage|p2a: Chansey|327\/703\n|inactive|Pitaye has 120 seconds left.\n|choice|switch 6|\n|\n|switch|p1a: Diancie|Diancie-Mega|181\/241\n|-damage|p1a: Diancie|151\/241|[from] Stealth Rock\n|-damage|p1a: Diancie|121\/241|[from] Spikes\n|\n|upkeep\n|turn|18\n|choice|move earthpower|move softboiled\n|\n|move|p1a: Diancie|Earth Power|p2a: Chansey\n|-damage|p2a: Chansey|243\/703\n|move|p2a: Chansey|Soft-Boiled|p2a: Chansey\n|-heal|p2a: Chansey|595\/703\n|\n|upkeep\n|turn|19\n|choice|move earthpower|move seismictoss\n|\n|move|p1a: Diancie|Earth Power|p2a: Chansey\n|-damage|p2a: Chansey|508\/703\n|move|p2a: Chansey|Seismic Toss|p1a: Diancie\n|-damage|p1a: Diancie|21\/241\n|\n|upkeep\n|turn|20\n|inactive|Pitaye has 120 seconds left.\n|inactive|Pitaye has 90 seconds left.\n|choice|move earthpower|move seismictoss\n|\n|move|p1a: Diancie|Earth Power|p2a: Chansey\n|-damage|p2a: Chansey|424\/703\n|move|p2a: Chansey|Seismic Toss|p1a: Diancie\n|-damage|p1a: Diancie|0 fnt\n|faint|p1a: Diancie\n|\n|upkeep\n|choice|switch 6|\n|\n|switch|p1a: Hydreigon|Hydreigon, M|114\/325\n|-damage|p1a: Hydreigon|74\/325|[from] Stealth Rock\n|turn|21\n|choice|move darkpulse|move seismictoss\n|\n|move|p1a: Hydreigon|Dark Pulse|p2a: Chansey\n|-damage|p2a: Chansey|339\/703\n|move|p2a: Chansey|Seismic Toss|p1a: Hydreigon\n|-damage|p1a: Hydreigon|0 fnt\n|faint|p1a: Hydreigon\n|\n|upkeep\n|choice|switch 4|\n|\n|switch|p1a: Landorus|Landorus-Therian, M|314\/382\n|-damage|p1a: Landorus|267\/382|[from] Stealth Rock\n|-ability|p1a: Landorus|Intimidate|boost\n|-unboost|p2a: Chansey|atk|1\n|turn|22\n|-message|Pitaye forfeited.\n|\n|win|blackatmosphere\n|l|Pitaye\n|raw|Pitaye's rating: 1544 &rarr; <strong>1527<\/strong><br \/>(-17 for losing)\n|raw|blackatmosphere's rating: 1598 &rarr; <strong>1615<\/strong><br \/>(+17 for winning)","inputlog":null,"uploadtime":1508652067,"views":3,"p1id":"pitaye","p2id":"blackatmosphere","formatid":"gen7ou","rating":1527,"private":0,"password":null}