{"id":"gen7ou-1230131530","p1":"ez","p2":"relic stone","format":"gen7ou","log":"|j|\u2606ez\n|j|\u2606relic stone\n|t:|1606183500\n|player|p1|ez|ethan|\n|player|p2|relic stone|swimmer-gen4dp|\n|teamsize|p1|6\n|teamsize|p2|6\n|gametype|singles\n|gen|7\n|tier|[Gen 7] OU\n|clearpoke\n|poke|p1|Ninetales-Alola, F|item\n|poke|p1|Snorlax, M|item\n|poke|p1|Magnezone|item\n|poke|p1|Landorus-Therian, M|item\n|poke|p1|Pinsir, F|item\n|poke|p1|Latias, F|item\n|poke|p2|Landorus-Therian, M|item\n|poke|p2|Meloetta|item\n|poke|p2|Blacephalon|item\n|poke|p2|Lopunny, M|item\n|poke|p2|Tapu Fini|item\n|poke|p2|Ferrothorn, M|item\n|rule|Sleep Clause Mod: Limit one foe put to sleep\n|rule|Species Clause: Limit one of each Pok\u00e9mon\n|rule|OHKO Clause: OHKO moves are banned\n|rule|Moody Clause: Moody is banned\n|rule|Evasion Moves Clause: Evasion moves are banned\n|rule|Endless Battle Clause: Forcing endless battles is banned\n|rule|HP Percentage Mod: HP is shown in percentages\n|teampreview\n|j|+thankyou\n|j|%Specs\n|j|+ninjadog\n|l|specs\n|j| 100percentpureheat\n|j| rival b\n|c|\u2606ez|GL HF\n|c| 100percentpureheat|Storm zone playing just to show he\u2019s the best...\n|c| 100percentpureheat|king\n|c|\u2606relic stone|hf bro\n|j| cleann\n|\n|t:|1606183608\n|start\n|switch|p1a: Landorus|Landorus-Therian, M|100\/100\n|switch|p2a: Genesis|Lopunny, M, shiny|100\/100\n|-ability|p1a: Landorus|Intimidate|boost\n|-unboost|p2a: Genesis|atk|1\n|turn|1\n|\n|t:|1606183617\n|detailschange|p2a: Genesis|Lopunny-Mega, M, shiny\n|-mega|p2a: Genesis|Lopunny|Lopunnite\n|move|p2a: Genesis|Fake Out|p1a: Landorus\n|-damage|p1a: Landorus|80\/100\n|cant|p1a: Landorus|flinch\n|\n|upkeep\n|turn|2\n|\n|t:|1606183623\n|switch|p2a: Enten|Landorus-Therian, M, shiny|100\/100\n|-ability|p2a: Enten|Intimidate|boost\n|-unboost|p1a: Landorus|atk|1\n|move|p1a: Landorus|Stealth Rock|p2a: Enten\n|-sidestart|p2: relic stone|move: Stealth Rock\n|\n|upkeep\n|turn|3\n|\n|t:|1606183640\n|switch|p1a: Ninetales|Ninetales-Alola, F|100\/100\n|-weather|Hail|[from] ability: Snow Warning|[of] p1a: Ninetales\n|move|p2a: Enten|Stealth Rock|p1a: Ninetales\n|-sidestart|p1: ez|move: Stealth Rock\n|\n|-weather|Hail|[upkeep]\n|-damage|p2a: Enten|94\/100|[from] Hail\n|upkeep\n|turn|4\n|\n|t:|1606183649\n|switch|p2a: Temple|Ferrothorn, M|100\/100\n|-damage|p2a: Temple|94\/100|[from] Stealth Rock\n|move|p1a: Ninetales|Hypnosis|p2a: Temple|[miss]\n|-miss|p1a: Ninetales|p2a: Temple\n|\n|-weather|Hail|[upkeep]\n|-damage|p2a: Temple|88\/100|[from] Hail\n|upkeep\n|turn|5\n|\n|t:|1606183656\n|move|p1a: Ninetales|Aurora Veil|p1a: Ninetales\n|-sidestart|p1: ez|move: Aurora Veil\n|move|p2a: Temple|Gyro Ball|p1a: Ninetales\n|-supereffective|p1a: Ninetales\n|-damage|p1a: Ninetales|0 fnt\n|faint|p1a: Ninetales\n|\n|-weather|Hail|[upkeep]\n|-damage|p2a: Temple|82\/100|[from] Hail\n|upkeep\n|\n|t:|1606183661\n|switch|p1a: Magnezone|Magnezone|100\/100\n|-damage|p1a: Magnezone|94\/100|[from] Stealth Rock\n|turn|6\n|\n|t:|1606183666\n|switch|p2a: Hyperspace|Blacephalon|100\/100\n|-damage|p2a: Hyperspace|76\/100|[from] Stealth Rock\n|move|p1a: Magnezone|Hidden Power|p2a: Hyperspace\n|-resisted|p2a: Hyperspace\n|-damage|p2a: Hyperspace|62\/100\n|\n|-weather|Hail|[upkeep]\n|-damage|p1a: Magnezone|88\/100|[from] Hail\n|-damage|p2a: Hyperspace|55\/100|[from] Hail\n|upkeep\n|turn|7\n|\n|t:|1606183675\n|switch|p1a: Snorlax|Snorlax, M|100\/100\n|-damage|p1a: Snorlax|88\/100|[from] Stealth Rock\n|move|p2a: Hyperspace|Fire Blast|p1a: Snorlax\n|-damage|p1a: Snorlax|73\/100\n|\n|-weather|none\n|upkeep\n|turn|8\n|\n|t:|1606183689\n|switch|p2a: Temple|Ferrothorn, M|82\/100\n|-damage|p2a: Temple|75\/100|[from] Stealth Rock\n|move|p1a: Snorlax|Frustration|p2a: Temple\n|-resisted|p2a: Temple\n|-damage|p2a: Temple|61\/100\n|-damage|p1a: Snorlax|61\/100|[from] ability: Iron Barbs|[of] p2a: Temple\n|\n|upkeep\n|turn|9\n|j| victorperezrio\n|c| victorperezrio|meloetta\n|\n|t:|1606183707\n|switch|p1a: Magnezone|Magnezone|88\/100\n|-damage|p1a: Magnezone|82\/100|[from] Stealth Rock\n|move|p2a: Temple|Leech Seed|p1a: Magnezone\n|-start|p1a: Magnezone|move: Leech Seed\n|\n|-damage|p1a: Magnezone|70\/100|[from] Leech Seed|[of] p2a: Temple\n|-heal|p2a: Temple|71\/100|[silent]\n|upkeep\n|turn|10\n|c| victorperezrio|the classic\n|c| victorperezrio|i remember playing against that shit on the ladder in gen6 against you every time\n|\n|t:|1606183727\n|switch|p1a: Pinsir|Pinsir, F|100\/100\n|-damage|p1a: Pinsir|76\/100|[from] Stealth Rock\n|switch|p2a: Enten|Landorus-Therian, M, shiny|94\/100\n|-damage|p2a: Enten|82\/100|[from] Stealth Rock\n|-ability|p2a: Enten|Intimidate|boost\n|-fail|p1a: Pinsir|unboost|Attack|[from] ability: Hyper Cutter|[of] p1a: Pinsir\n|\n|upkeep\n|turn|11\n|c| victorperezrio|you had that one team that youjust spammed\n|c|\u2606relic stone|i miss meloetta tbh\n|c| victorperezrio|yeah you liked that mon quite a bit\n|\n|t:|1606183778\n|detailschange|p1a: Pinsir|Pinsir-Mega, F\n|-mega|p1a: Pinsir|Pinsir|Pinsirite\n|move|p1a: Pinsir|Swords Dance|p1a: Pinsir\n|-boost|p1a: Pinsir|atk|2\n|move|p2a: Enten|Stone Edge|p1a: Pinsir\n|-supereffective|p1a: Pinsir\n|-damage|p1a: Pinsir|8\/100\n|\n|upkeep\n|turn|12\n|\n|t:|1606183802\n|switch|p2a: Hyperspace|Blacephalon|55\/100\n|-damage|p2a: Hyperspace|31\/100|[from] Stealth Rock\n|move|p1a: Pinsir|Frustration|p2a: Hyperspace\n|-damage|p2a: Hyperspace|0 fnt\n|faint|p2a: Hyperspace\n|\n|-sideend|p1: ez|move: Aurora Veil\n|upkeep\n|\n|t:|1606183804\n|switch|p2a: Genesis|Lopunny-Mega, M, shiny|100\/100\n|-damage|p2a: Genesis|94\/100|[from] Stealth Rock\n|turn|13\n|\n|t:|1606183827\n|switch|p1a: Latias|Latias, F|100\/100\n|-damage|p1a: Latias|88\/100|[from] Stealth Rock\n|move|p2a: Genesis|Fake Out|p1a: Latias\n|-damage|p1a: Latias|60\/100\n|\n|upkeep\n|turn|14\n|\n|t:|1606183833\n|switch|p2a: Temple|Ferrothorn, M|71\/100\n|-damage|p2a: Temple|65\/100|[from] Stealth Rock\n|move|p1a: Latias|Healing Wish|p1a: Latias\n|faint|p1a: Latias\n|\n|upkeep\n|\n|t:|1606183834\n|switch|p1a: Pinsir|Pinsir-Mega, F|8\/100\n|-heal|p1a: Pinsir|100\/100|[from] move: Healing Wish\n|-damage|p1a: Pinsir|51\/100|[from] Stealth Rock\n|turn|15\n|\n|t:|1606183838\n|move|p1a: Pinsir|Frustration|p2a: Temple\n|-damage|p2a: Temple|12\/100\n|-damage|p1a: Pinsir|39\/100|[from] ability: Iron Barbs|[of] p2a: Temple\n|move|p2a: Temple|Gyro Ball|p1a: Pinsir\n|-damage|p1a: Pinsir|0 fnt\n|faint|p1a: Pinsir\n|\n|upkeep\n|\n|t:|1606183858\n|switch|p1a: Snorlax|Snorlax, M|61\/100\n|-damage|p1a: Snorlax|49\/100|[from] Stealth Rock\n|-enditem|p1a: Snorlax|Aguav Berry|[eat]\n|-heal|p1a: Snorlax|99\/100|[from] item: Aguav Berry\n|turn|16\n|j| fish18\n|\n|t:|1606183877\n|move|p1a: Snorlax|Earthquake|p2a: Temple\n|-damage|p2a: Temple|0 fnt\n|faint|p2a: Temple\n|\n|upkeep\n|c|\u2606ez|DODGe\n|\n|t:|1606183888\n|switch|p2a: Genesis|Lopunny-Mega, M, shiny|94\/100\n|-damage|p2a: Genesis|88\/100|[from] Stealth Rock\n|turn|17\n|\n|t:|1606183899\n|switch|p1a: Landorus|Landorus-Therian, M|80\/100\n|-damage|p1a: Landorus|68\/100|[from] Stealth Rock\n|-ability|p1a: Landorus|Intimidate|boost\n|-unboost|p2a: Genesis|atk|1\n|move|p2a: Genesis|Frustration|p1a: Landorus\n|-damage|p1a: Landorus|21\/100\n|\n|upkeep\n|turn|18\n|\n|t:|1606183907\n|switch|p1a: Magnezone|Magnezone|70\/100\n|-damage|p1a: Magnezone|64\/100|[from] Stealth Rock\n|move|p2a: Genesis|Frustration|p1a: Magnezone\n|-resisted|p1a: Magnezone\n|-damage|p1a: Magnezone|43\/100\n|\n|upkeep\n|turn|19\n|\n|t:|1606183920\n|switch|p2a: Calamity|Tapu Fini|100\/100\n|-damage|p2a: Calamity|88\/100|[from] Stealth Rock\n|-fieldstart|move: Misty Terrain|[from] ability: Misty Surge|[of] p2a: Calamity\n|move|p1a: Magnezone|Flash Cannon|p2a: Calamity\n|-damage|p2a: Calamity|57\/100\n|\n|-heal|p2a: Calamity|63\/100|[from] item: Leftovers\n|upkeep\n|turn|20\n|\n|t:|1606183936\n|switch|p1a: Snorlax|Snorlax, M|99\/100\n|-damage|p1a: Snorlax|86\/100|[from] Stealth Rock\n|move|p2a: Calamity|Surf|p1a: Snorlax\n|-damage|p1a: Snorlax|70\/100\n|\n|-heal|p2a: Calamity|69\/100|[from] item: Leftovers\n|upkeep\n|turn|21\n|\n|t:|1606183941\n|move|p2a: Calamity|Taunt|p1a: Snorlax\n|-start|p1a: Snorlax|move: Taunt\n|cant|p1a: Snorlax|move: Taunt|Recycle\n|\n|-heal|p2a: Calamity|75\/100|[from] item: Leftovers\n|upkeep\n|turn|22\n|c|\u2606ez|NOOOO\n|c|\u2606ez|g\n|-message|ez forfeited.\n|\n|win|relic stone\n|l|\u2606ez\n|c|\u2606relic stone|ggs\n","uploadtime":1606183955,"views":948,"p1id":"ez","p2id":"relicstone","formatid":"gen7ou","rating":0,"private":0,"password":null}