{"id":"gen7ou-850283176","p1":"Moskito Cup","p2":"I don't reply","format":"gen7ou","log":"|raw|<div class=\"broadcast-red\"><strong>This battle is invite-only!<\/strong><br \/>Users must be rank + or invited with <code>\/invite<\/code> to join<\/div>\n|j|\u2606Moskito Cup\n|j|\u2606I don't reply\n|player|p1|Moskito Cup|170\n|player|p2|I don't reply|61\n|teamsize|p1|6\n|teamsize|p2|6\n|gametype|singles\n|gen|7\n|tier|[Gen 7] OU\n|rated|\n|rule|Sleep Clause Mod: Limit one foe put to sleep\n|rule|Species Clause: Limit one of each Pok\u00e9mon\n|rule|OHKO Clause: OHKO moves are banned\n|rule|Moody Clause: Moody is banned\n|rule|Evasion Moves Clause: Evasion moves are banned\n|rule|Endless Battle Clause: Forcing endless battles is banned\n|rule|HP Percentage Mod: HP is shown in percentages\n|clearpoke\n|poke|p1|Venusaur, M|item\n|poke|p1|Keldeo-Resolute|item\n|poke|p1|Skarmory, M|item\n|poke|p1|Chansey, F|item\n|poke|p1|Heatran, F|item\n|poke|p1|Bisharp, M|item\n|poke|p2|Garchomp, M|item\n|poke|p2|Hippowdon, M|item\n|poke|p2|Greninja, M|item\n|poke|p2|Celesteela|item\n|poke|p2|Excadrill, F|item\n|poke|p2|Toxapex, F|item\n|teampreview\n|inactive|Battle timer is ON: inactive players will automatically lose when time's up. (requested by Moskito Cup)\n|c|\u2606I don't reply|welcome zenzoh\n|inactive|I don't reply has 120 seconds left.\n|inactive|I don't reply has 90 seconds left.\n|\n|start\n|switch|p1a: Keldeo|Keldeo-Resolute|100\/100\n|switch|p2a: Hippowdon|Hippowdon, M|100\/100\n|-weather|Sandstorm|[from] ability: Sand Stream|[of] p2a: Hippowdon\n|turn|1\n|\n|switch|p2a: Toxapex|Toxapex, F, shiny|100\/100\n|move|p1a: Keldeo|Scald|p2a: Toxapex\n|-resisted|p2a: Toxapex\n|-damage|p2a: Toxapex|85\/100\n|-status|p2a: Toxapex|brn\n|\n|-weather|Sandstorm|[upkeep]\n|-damage|p1a: Keldeo|94\/100|[from] Sandstorm\n|-damage|p2a: Toxapex|79\/100 brn|[from] Sandstorm\n|-heal|p1a: Keldeo|100\/100|[from] item: Leftovers\n|-heal|p2a: Toxapex|85\/100 brn|[from] item: Black Sludge\n|-damage|p2a: Toxapex|79\/100 brn|[from] brn\n|upkeep\n|turn|2\n|\n|switch|p1a: Bisharp|Bisharp, M|100\/100\n|move|p2a: Toxapex|Scald|p1a: Bisharp\n|-damage|p1a: Bisharp|77\/100\n|\n|-weather|Sandstorm|[upkeep]\n|-damage|p2a: Toxapex|73\/100 brn|[from] Sandstorm\n|-heal|p1a: Bisharp|83\/100|[from] item: Leftovers\n|-heal|p2a: Toxapex|79\/100 brn|[from] item: Black Sludge\n|-damage|p2a: Toxapex|73\/100 brn|[from] brn\n|upkeep\n|turn|3\n|\n|switch|p2a: Greninja|Greninja, M|100\/100\n|move|p1a: Bisharp|Knock Off|p2a: Greninja\n|-resisted|p2a: Greninja\n|-damage|p2a: Greninja|59\/100\n|-enditem|p2a: Greninja|Choice Specs|[from] move: Knock Off|[of] p1a: Bisharp\n|\n|-weather|Sandstorm|[upkeep]\n|-damage|p2a: Greninja|53\/100|[from] Sandstorm\n|-heal|p1a: Bisharp|89\/100|[from] item: Leftovers\n|upkeep\n|turn|4\n|\n|move|p2a: Greninja|Spikes|p1a: Bisharp\n|-sidestart|p1: Moskito Cup|Spikes\n|move|p1a: Bisharp|Iron Head|p2a: Greninja\n|-resisted|p2a: Greninja\n|-damage|p2a: Greninja|17\/100\n|\n|-weather|Sandstorm|[upkeep]\n|-damage|p2a: Greninja|11\/100|[from] Sandstorm\n|-heal|p1a: Bisharp|95\/100|[from] item: Leftovers\n|upkeep\n|turn|5\n|\n|move|p1a: Bisharp|Sucker Punch||[still]\n|-fail|p1a: Bisharp\n|move|p2a: Greninja|Spikes|p1a: Bisharp\n|-sidestart|p1: Moskito Cup|Spikes\n|\n|-weather|Sandstorm|[upkeep]\n|-damage|p2a: Greninja|5\/100|[from] Sandstorm\n|-heal|p1a: Bisharp|100\/100|[from] item: Leftovers\n|upkeep\n|turn|6\n|\n|move|p1a: Bisharp|Sucker Punch||[still]\n|-fail|p1a: Bisharp\n|move|p2a: Greninja|Spikes|p1a: Bisharp\n|-sidestart|p1: Moskito Cup|Spikes\n|\n|-weather|Sandstorm|[upkeep]\n|-damage|p2a: Greninja|0 fnt|[from] Sandstorm\n|faint|p2a: Greninja\n|upkeep\n|\n|switch|p2a: Garchomp|Garchomp, M|100\/100\n|turn|7\n|\n|switch|p1a: Skarmory|Skarmory, M|100\/100\n|detailschange|p2a: Garchomp|Garchomp-Mega, M\n|-mega|p2a: Garchomp|Garchomp|Garchompite\n|move|p2a: Garchomp|Swords Dance|p2a: Garchomp\n|-boost|p2a: Garchomp|atk|2\n|\n|-weather|Sandstorm|[upkeep]\n|upkeep\n|turn|8\n|\n|move|p2a: Garchomp|Fire Fang|p1a: Skarmory\n|-supereffective|p1a: Skarmory\n|-damage|p1a: Skarmory|38\/100\n|-damage|p2a: Garchomp|84\/100|[from] item: Rocky Helmet|[of] p1a: Skarmory\n|move|p1a: Skarmory|Whirlwind|p2a: Garchomp\n|drag|p2a: Celesteela|Celesteela|100\/100\n|\n|-weather|none\n|upkeep\n|turn|9\n|\n|move|p1a: Skarmory|Spikes|p2a: Celesteela\n|-sidestart|p2: I don't reply|Spikes\n|move|p2a: Celesteela|Flamethrower|p1a: Skarmory\n|-supereffective|p1a: Skarmory\n|-damage|p1a: Skarmory|0 fnt\n|faint|p1a: Skarmory\n|-ability|p2a: Celesteela|Beast Boost|boost\n|-boost|p2a: Celesteela|spd|1\n|\n|upkeep\n|\n|switch|p1a: Heatran|Heatran, F|100\/100\n|-damage|p1a: Heatran|76\/100|[from] Spikes\n|turn|10\n|\n|switch|p2a: Hippowdon|Hippowdon, M|100\/100\n|-damage|p2a: Hippowdon|88\/100|[from] Spikes\n|-weather|Sandstorm|[from] ability: Sand Stream|[of] p2a: Hippowdon\n|move|p1a: Heatran|Toxic|p2a: Hippowdon\n|-status|p2a: Hippowdon|tox\n|\n|-weather|Sandstorm|[upkeep]\n|-heal|p1a: Heatran|82\/100|[from] item: Leftovers\n|-damage|p2a: Hippowdon|82\/100 tox|[from] psn\n|upkeep\n|turn|11\n|\n|move|p1a: Heatran|Stealth Rock|p2a: Hippowdon\n|-sidestart|p2: I don't reply|move: Stealth Rock\n|move|p2a: Hippowdon|Stealth Rock|p1a: Heatran\n|-sidestart|p1: Moskito Cup|move: Stealth Rock\n|\n|-weather|Sandstorm|[upkeep]\n|-heal|p1a: Heatran|88\/100|[from] item: Leftovers\n|-damage|p2a: Hippowdon|69\/100 tox|[from] psn\n|upkeep\n|turn|12\n|\n|switch|p1a: Chansey|Chansey, F|100\/100\n|-damage|p1a: Chansey|88\/100|[from] Stealth Rock\n|-damage|p1a: Chansey|63\/100|[from] Spikes\n|move|p2a: Hippowdon|Earthquake|p1a: Chansey\n|-damage|p1a: Chansey|41\/100\n|\n|-weather|Sandstorm|[upkeep]\n|-damage|p1a: Chansey|35\/100|[from] Sandstorm\n|-damage|p2a: Hippowdon|51\/100 tox|[from] psn\n|upkeep\n|turn|13\n|\n|move|p1a: Chansey|Soft-Boiled|p1a: Chansey\n|-heal|p1a: Chansey|85\/100\n|move|p2a: Hippowdon|Slack Off|p2a: Hippowdon\n|-heal|p2a: Hippowdon|100\/100 tox\n|\n|-weather|Sandstorm|[upkeep]\n|-damage|p1a: Chansey|79\/100|[from] Sandstorm\n|-damage|p2a: Hippowdon|76\/100 tox|[from] psn\n|upkeep\n|turn|14\n|\n|switch|p2a: Toxapex|Toxapex, F, shiny|100\/100 brn\n|-damage|p2a: Toxapex|88\/100 brn|[from] Spikes\n|-damage|p2a: Toxapex|76\/100 brn|[from] Stealth Rock\n|move|p1a: Chansey|Seismic Toss|p2a: Toxapex\n|-damage|p2a: Toxapex|43\/100 brn\n|\n|-weather|Sandstorm|[upkeep]\n|-damage|p1a: Chansey|73\/100|[from] Sandstorm\n|-damage|p2a: Toxapex|37\/100 brn|[from] Sandstorm\n|-heal|p2a: Toxapex|43\/100 brn|[from] item: Black Sludge\n|-damage|p2a: Toxapex|37\/100 brn|[from] brn\n|upkeep\n|turn|15\n|\n|move|p1a: Chansey|Seismic Toss|p2a: Toxapex\n|-damage|p2a: Toxapex|4\/100 brn\n|move|p2a: Toxapex|Recover|p2a: Toxapex\n|-heal|p2a: Toxapex|54\/100 brn\n|\n|-weather|Sandstorm|[upkeep]\n|-damage|p1a: Chansey|67\/100|[from] Sandstorm\n|-damage|p2a: Toxapex|48\/100 brn|[from] Sandstorm\n|-heal|p2a: Toxapex|54\/100 brn|[from] item: Black Sludge\n|-damage|p2a: Toxapex|48\/100 brn|[from] brn\n|upkeep\n|turn|16\n|\n|move|p1a: Chansey|Soft-Boiled|p1a: Chansey\n|-heal|p1a: Chansey|100\/100\n|move|p2a: Toxapex|Recover|p2a: Toxapex\n|-heal|p2a: Toxapex|99\/100 brn\n|\n|-weather|Sandstorm|[upkeep]\n|-damage|p1a: Chansey|94\/100|[from] Sandstorm\n|-damage|p2a: Toxapex|93\/100 brn|[from] Sandstorm\n|-heal|p2a: Toxapex|99\/100 brn|[from] item: Black Sludge\n|-damage|p2a: Toxapex|93\/100 brn|[from] brn\n|upkeep\n|turn|17\n|\n|move|p1a: Chansey|Seismic Toss|p2a: Toxapex\n|-damage|p2a: Toxapex|60\/100 brn\n|move|p2a: Toxapex|Toxic|p1a: Chansey\n|-status|p1a: Chansey|tox\n|\n|-weather|none\n|-heal|p2a: Toxapex|66\/100 brn|[from] item: Black Sludge\n|-damage|p1a: Chansey|88\/100 tox|[from] psn\n|-damage|p2a: Toxapex|60\/100 brn|[from] brn\n|upkeep\n|turn|18\n|\n|switch|p1a: Keldeo|Keldeo-Resolute|100\/100\n|-damage|p1a: Keldeo|94\/100|[from] Stealth Rock\n|-damage|p1a: Keldeo|69\/100|[from] Spikes\n|move|p2a: Toxapex|Recover|p2a: Toxapex\n|-heal|p2a: Toxapex|100\/100 brn\n|\n|-heal|p1a: Keldeo|75\/100|[from] item: Leftovers\n|-damage|p2a: Toxapex|95\/100 brn|[from] brn\n|upkeep\n|turn|19\n|\n|move|p1a: Keldeo|Substitute|p1a: Keldeo\n|-start|p1a: Keldeo|Substitute\n|-damage|p1a: Keldeo|50\/100\n|move|p2a: Toxapex|Scald|p1a: Keldeo\n|-resisted|p1a: Keldeo\n|-activate|p1a: Keldeo|move: Substitute|[damage]\n|\n|-heal|p1a: Keldeo|57\/100|[from] item: Leftovers\n|-heal|p2a: Toxapex|100\/100 brn|[from] item: Black Sludge\n|-damage|p2a: Toxapex|95\/100 brn|[from] brn\n|upkeep\n|turn|20\n|\n|move|p1a: Keldeo|Calm Mind|p1a: Keldeo\n|-boost|p1a: Keldeo|spa|1\n|-boost|p1a: Keldeo|spd|1\n|move|p2a: Toxapex|Scald|p1a: Keldeo\n|-resisted|p1a: Keldeo\n|-activate|p1a: Keldeo|move: Substitute|[damage]\n|\n|-heal|p1a: Keldeo|63\/100|[from] item: Leftovers\n|-heal|p2a: Toxapex|100\/100 brn|[from] item: Black Sludge\n|-damage|p2a: Toxapex|95\/100 brn|[from] brn\n|upkeep\n|turn|21\n|\n|move|p1a: Keldeo|Secret Sword|p2a: Toxapex\n|-resisted|p2a: Toxapex\n|-damage|p2a: Toxapex|71\/100 brn\n|move|p2a: Toxapex|Scald|p1a: Keldeo\n|-resisted|p1a: Keldeo\n|-activate|p1a: Keldeo|move: Substitute|[damage]\n|\n|-heal|p1a: Keldeo|69\/100|[from] item: Leftovers\n|-heal|p2a: Toxapex|77\/100 brn|[from] item: Black Sludge\n|-damage|p2a: Toxapex|71\/100 brn|[from] brn\n|upkeep\n|turn|22\n|\n|move|p1a: Keldeo|Scald|p2a: Toxapex\n|-resisted|p2a: Toxapex\n|-damage|p2a: Toxapex|50\/100 brn\n|move|p2a: Toxapex|Scald|p1a: Keldeo\n|-resisted|p1a: Keldeo\n|-end|p1a: Keldeo|Substitute\n|\n|-heal|p1a: Keldeo|75\/100|[from] item: Leftovers\n|-heal|p2a: Toxapex|56\/100 brn|[from] item: Black Sludge\n|-damage|p2a: Toxapex|50\/100 brn|[from] brn\n|upkeep\n|turn|23\n|\n|move|p1a: Keldeo|Secret Sword|p2a: Toxapex\n|-resisted|p2a: Toxapex\n|-damage|p2a: Toxapex|27\/100 brn\n|move|p2a: Toxapex|Scald|p1a: Keldeo\n|-resisted|p1a: Keldeo\n|-damage|p1a: Keldeo|69\/100\n|-status|p1a: Keldeo|brn\n|\n|-heal|p1a: Keldeo|75\/100 brn|[from] item: Leftovers\n|-heal|p2a: Toxapex|33\/100 brn|[from] item: Black Sludge\n|-damage|p1a: Keldeo|69\/100 brn|[from] brn\n|-damage|p2a: Toxapex|27\/100 brn|[from] brn\n|upkeep\n|turn|24\n|\n|move|p1a: Keldeo|Secret Sword|p2a: Toxapex\n|-resisted|p2a: Toxapex\n|-damage|p2a: Toxapex|3\/100 brn\n|move|p2a: Toxapex|Recover|p2a: Toxapex\n|-heal|p2a: Toxapex|54\/100 brn\n|\n|-heal|p1a: Keldeo|75\/100 brn|[from] item: Leftovers\n|-heal|p2a: Toxapex|60\/100 brn|[from] item: Black Sludge\n|-damage|p1a: Keldeo|69\/100 brn|[from] brn\n|-damage|p2a: Toxapex|54\/100 brn|[from] brn\n|upkeep\n|turn|25\n|\n|switch|p1a: Chansey|Chansey, F|88\/100\n|-damage|p1a: Chansey|76\/100|[from] Stealth Rock\n|-damage|p1a: Chansey|51\/100|[from] Spikes\n|move|p2a: Toxapex|Recover|p2a: Toxapex\n|-heal|p2a: Toxapex|100\/100 brn\n|\n|-damage|p2a: Toxapex|95\/100 brn|[from] brn\n|upkeep\n|turn|26\n|\n|switch|p2a: Excadrill|Excadrill, F|100\/100\n|-damage|p2a: Excadrill|97\/100|[from] Stealth Rock\n|-damage|p2a: Excadrill|85\/100|[from] Spikes\n|move|p1a: Chansey|Aromatherapy|p1a: Chansey\n|-activate|p1a: Chansey|move: Aromatherapy\n|-curestatus|p1: Keldeo|brn|[msg]\n|\n|upkeep\n|turn|27\n|\n|move|p2a: Excadrill|Rapid Spin|p1a: Chansey\n|-damage|p1a: Chansey|46\/100\n|-sideend|p2: I don't reply|Spikes|[from] move: Rapid Spin|[of] p2a: Excadrill\n|-sideend|p2: I don't reply|Stealth Rock|[from] move: Rapid Spin|[of] p2a: Excadrill\n|move|p1a: Chansey|Seismic Toss|p2a: Excadrill\n|-damage|p2a: Excadrill|57\/100\n|\n|upkeep\n|turn|28\n|inactive|I don't reply has 120 seconds left.\n|\n|switch|p2a: Hippowdon|Hippowdon, M|76\/100 tox\n|-weather|Sandstorm|[from] ability: Sand Stream|[of] p2a: Hippowdon\n|move|p1a: Chansey|Seismic Toss|p2a: Hippowdon\n|-damage|p2a: Hippowdon|52\/100 tox\n|\n|-weather|Sandstorm|[upkeep]\n|-damage|p1a: Chansey|40\/100|[from] Sandstorm\n|-damage|p2a: Hippowdon|46\/100 tox|[from] psn\n|upkeep\n|turn|29\n|\n|move|p1a: Chansey|Soft-Boiled|p1a: Chansey\n|-heal|p1a: Chansey|90\/100\n|move|p2a: Hippowdon|Slack Off|p2a: Hippowdon\n|-heal|p2a: Hippowdon|96\/100 tox\n|\n|-weather|Sandstorm|[upkeep]\n|-damage|p1a: Chansey|84\/100|[from] Sandstorm\n|-damage|p2a: Hippowdon|83\/100 tox|[from] psn\n|upkeep\n|turn|30\n|\n|switch|p2a: Toxapex|Toxapex, F, shiny|100\/100 brn\n|move|p1a: Chansey|Seismic Toss|p2a: Toxapex\n|-damage|p2a: Toxapex|67\/100 brn\n|\n|-weather|Sandstorm|[upkeep]\n|-damage|p1a: Chansey|78\/100|[from] Sandstorm\n|-damage|p2a: Toxapex|62\/100 brn|[from] Sandstorm\n|-heal|p2a: Toxapex|67\/100 brn|[from] item: Black Sludge\n|-damage|p2a: Toxapex|62\/100 brn|[from] brn\n|upkeep\n|turn|31\n|\n|switch|p2a: Excadrill|Excadrill, F|57\/100\n|move|p1a: Chansey|Seismic Toss|p2a: Excadrill\n|-damage|p2a: Excadrill|30\/100\n|\n|-weather|Sandstorm|[upkeep]\n|-damage|p1a: Chansey|72\/100|[from] Sandstorm\n|upkeep\n|turn|32\n|\n|move|p2a: Excadrill|Swords Dance|p2a: Excadrill\n|-boost|p2a: Excadrill|atk|2\n|move|p1a: Chansey|Seismic Toss|p2a: Excadrill\n|-damage|p2a: Excadrill|2\/100\n|\n|-weather|Sandstorm|[upkeep]\n|-damage|p1a: Chansey|66\/100|[from] Sandstorm\n|upkeep\n|turn|33\n|inactive|Moskito Cup has 120 seconds left.\n|\n|move|p2a: Excadrill|Earthquake|p1a: Chansey\n|-damage|p1a: Chansey|0 fnt\n|faint|p1a: Chansey\n|\n|-weather|Sandstorm|[upkeep]\n|upkeep\n|\n|switch|p1a: Bisharp|Bisharp, M|100\/100\n|-damage|p1a: Bisharp|94\/100|[from] Stealth Rock\n|-damage|p1a: Bisharp|70\/100|[from] Spikes\n|turn|34\n|\n|move|p1a: Bisharp|Sucker Punch|p2a: Excadrill\n|-damage|p2a: Excadrill|0 fnt\n|faint|p2a: Excadrill\n|\n|-weather|Sandstorm|[upkeep]\n|-heal|p1a: Bisharp|76\/100|[from] item: Leftovers\n|upkeep\n|\n|switch|p2a: Garchomp|Garchomp-Mega, M|84\/100\n|turn|35\n|\n|switch|p1a: Heatran|Heatran, F|88\/100\n|-damage|p1a: Heatran|63\/100|[from] Spikes\n|-damage|p1a: Heatran|51\/100|[from] Stealth Rock\n|move|p2a: Garchomp|Earthquake|p1a: Heatran\n|-supereffective|p1a: Heatran\n|-damage|p1a: Heatran|0 fnt\n|faint|p1a: Heatran\n|\n|-weather|none\n|upkeep\n|\n|switch|p1a: Venusaur|Venusaur, M|100\/100\n|-damage|p1a: Venusaur|88\/100|[from] Stealth Rock\n|-damage|p1a: Venusaur|63\/100|[from] Spikes\n|turn|36\n|\n|detailschange|p1a: Venusaur|Venusaur-Mega, M\n|-mega|p1a: Venusaur|Venusaur|Venusaurite\n|move|p2a: Garchomp|Swords Dance|p2a: Garchomp\n|-boost|p2a: Garchomp|atk|2\n|move|p1a: Venusaur|Giga Drain|p2a: Garchomp\n|-crit|p2a: Garchomp\n|-damage|p2a: Garchomp|39\/100\n|-heal|p1a: Venusaur|85\/100|[from] drain|[of] p2a: Garchomp\n|\n|upkeep\n|turn|37\n|\n|move|p2a: Garchomp|Earthquake|p1a: Venusaur\n|-damage|p1a: Venusaur|4\/100\n|move|p1a: Venusaur|Giga Drain|p2a: Garchomp\n|-damage|p2a: Garchomp|9\/100\n|-heal|p1a: Venusaur|19\/100|[from] drain|[of] p2a: Garchomp\n|\n|upkeep\n|turn|38\n|\n|move|p2a: Garchomp|Earthquake|p1a: Venusaur\n|-damage|p1a: Venusaur|0 fnt\n|faint|p1a: Venusaur\n|\n|upkeep\n|\n|switch|p1a: Keldeo|Keldeo-Resolute|69\/100\n|-damage|p1a: Keldeo|44\/100|[from] Spikes\n|-damage|p1a: Keldeo|38\/100|[from] Stealth Rock\n|turn|39\n|\n|switch|p2a: Toxapex|Toxapex, F, shiny|95\/100 brn\n|move|p1a: Keldeo|Scald|p2a: Toxapex\n|-resisted|p2a: Toxapex\n|-damage|p2a: Toxapex|79\/100 brn\n|\n|-heal|p1a: Keldeo|44\/100|[from] item: Leftovers\n|-heal|p2a: Toxapex|85\/100 brn|[from] item: Black Sludge\n|-damage|p2a: Toxapex|79\/100 brn|[from] brn\n|upkeep\n|turn|40\n|\n|move|p1a: Keldeo|Substitute|p1a: Keldeo\n|-start|p1a: Keldeo|Substitute\n|-damage|p1a: Keldeo|19\/100\n|move|p2a: Toxapex|Scald|p1a: Keldeo\n|-resisted|p1a: Keldeo\n|-activate|p1a: Keldeo|move: Substitute|[damage]\n|\n|-heal|p1a: Keldeo|25\/100|[from] item: Leftovers\n|-heal|p2a: Toxapex|85\/100 brn|[from] item: Black Sludge\n|-damage|p2a: Toxapex|79\/100 brn|[from] brn\n|upkeep\n|turn|41\n|\n|move|p1a: Keldeo|Calm Mind|p1a: Keldeo\n|-boost|p1a: Keldeo|spa|1\n|-boost|p1a: Keldeo|spd|1\n|move|p2a: Toxapex|Scald|p1a: Keldeo\n|-resisted|p1a: Keldeo\n|-activate|p1a: Keldeo|move: Substitute|[damage]\n|\n|-heal|p1a: Keldeo|31\/100|[from] item: Leftovers\n|-heal|p2a: Toxapex|85\/100 brn|[from] item: Black Sludge\n|-damage|p2a: Toxapex|79\/100 brn|[from] brn\n|upkeep\n|turn|42\n|\n|move|p1a: Keldeo|Calm Mind|p1a: Keldeo\n|-boost|p1a: Keldeo|spa|1\n|-boost|p1a: Keldeo|spd|1\n|move|p2a: Toxapex|Scald|p1a: Keldeo\n|-resisted|p1a: Keldeo\n|-activate|p1a: Keldeo|move: Substitute|[damage]\n|\n|-heal|p1a: Keldeo|38\/100|[from] item: Leftovers\n|-heal|p2a: Toxapex|85\/100 brn|[from] item: Black Sludge\n|-damage|p2a: Toxapex|79\/100 brn|[from] brn\n|upkeep\n|turn|43\n|\n|move|p1a: Keldeo|Calm Mind|p1a: Keldeo\n|-boost|p1a: Keldeo|spa|1\n|-boost|p1a: Keldeo|spd|1\n|move|p2a: Toxapex|Scald|p1a: Keldeo\n|-resisted|p1a: Keldeo\n|-end|p1a: Keldeo|Substitute\n|\n|-heal|p1a: Keldeo|44\/100|[from] item: Leftovers\n|-heal|p2a: Toxapex|85\/100 brn|[from] item: Black Sludge\n|-damage|p2a: Toxapex|79\/100 brn|[from] brn\n|upkeep\n|turn|44\n|\n|move|p1a: Keldeo|Substitute|p1a: Keldeo\n|-start|p1a: Keldeo|Substitute\n|-damage|p1a: Keldeo|19\/100\n|move|p2a: Toxapex|Scald|p1a: Keldeo\n|-resisted|p1a: Keldeo\n|-activate|p1a: Keldeo|move: Substitute|[damage]\n|\n|-heal|p1a: Keldeo|25\/100|[from] item: Leftovers\n|-heal|p2a: Toxapex|85\/100 brn|[from] item: Black Sludge\n|-damage|p2a: Toxapex|79\/100 brn|[from] brn\n|upkeep\n|turn|45\n|\n|move|p1a: Keldeo|Secret Sword|p2a: Toxapex\n|-resisted|p2a: Toxapex\n|-damage|p2a: Toxapex|44\/100 brn\n|move|p2a: Toxapex|Scald|p1a: Keldeo\n|-resisted|p1a: Keldeo\n|-activate|p1a: Keldeo|move: Substitute|[damage]\n|\n|-heal|p1a: Keldeo|31\/100|[from] item: Leftovers\n|-heal|p2a: Toxapex|50\/100 brn|[from] item: Black Sludge\n|-damage|p2a: Toxapex|44\/100 brn|[from] brn\n|upkeep\n|turn|46\n|\n|move|p1a: Keldeo|Scald|p2a: Toxapex\n|-resisted|p2a: Toxapex\n|-damage|p2a: Toxapex|6\/100 brn\n|move|p2a: Toxapex|Scald|p1a: Keldeo\n|-resisted|p1a: Keldeo\n|-activate|p1a: Keldeo|move: Substitute|[damage]\n|\n|-heal|p1a: Keldeo|37\/100|[from] item: Leftovers\n|-heal|p2a: Toxapex|12\/100 brn|[from] item: Black Sludge\n|-damage|p2a: Toxapex|6\/100 brn|[from] brn\n|upkeep\n|turn|47\n|-message|I don't reply forfeited.\n|\n|win|Moskito Cup\n|l|\u2606I don't reply\n|raw|Moskito Cup's rating: 1847 &rarr; <strong>1874<\/strong><br \/>(+27 for winning)\n|raw|I don&apos;t reply's rating: 1968 &rarr; <strong>1941<\/strong><br \/>(-27 for losing)\n|c|\u2606Moskito Cup|\/log Moskito Cup made this room public.\n","uploadtime":1547763351,"views":267,"p1id":"moskitocup","p2id":"idontreply","formatid":"gen7ou","rating":1874,"private":0,"password":null}