{"id":"gen7ou-974685943","p1":"Shardul888","p2":"Nutz2","format":"gen7ou","log":"|j|\u2606Shardul888\n|j|\u2606Nutz2\n|player|p1|Shardul888|92|1437\n|player|p2|Nutz2|92|1467\n|teamsize|p1|6\n|teamsize|p2|6\n|gametype|singles\n|gen|7\n|tier|[Gen 7] OU\n|rated|\n|rule|Sleep Clause Mod: Limit one foe put to sleep\n|rule|Species Clause: Limit one of each Pok\u00e9mon\n|rule|OHKO Clause: OHKO moves are banned\n|rule|Moody Clause: Moody is banned\n|rule|Evasion Moves Clause: Evasion moves are banned\n|rule|Endless Battle Clause: Forcing endless battles is banned\n|rule|HP Percentage Mod: HP is shown in percentages\n|clearpoke\n|poke|p1|Venusaur, M|item\n|poke|p1|Magearna|item\n|poke|p1|Dragonite, M|item\n|poke|p1|Gliscor, F|item\n|poke|p1|Entei|item\n|poke|p1|Zeraora|item\n|poke|p2|Druddigon, M|item\n|poke|p2|Bisharp, M|item\n|poke|p2|Xurkitree|item\n|poke|p2|Pinsir, F|item\n|poke|p2|Ditto|item\n|poke|p2|Kommo-o, M|item\n|teampreview\n|inactive|Battle timer is ON: inactive players will automatically lose when time's up. (requested by Nutz2)\n|\n|start\n|switch|p1a: Leviathan|Gliscor, F|100\/100\n|switch|p2a: Druddigon|Druddigon, M|100\/100\n|-ability|p2a: Druddigon|Mold Breaker\n|turn|1\n|\n|move|p1a: Leviathan|Protect|p1a: Leviathan\n|-singleturn|p1a: Leviathan|Protect\n|move|p2a: Druddigon|Glare|p1a: Leviathan\n|-activate|p1a: Leviathan|move: Protect\n|\n|-status|p1a: Leviathan|tox|[from] item: Toxic Orb\n|upkeep\n|turn|2\n|c|\u2606Nutz2|Lol\n|\n|move|p1a: Leviathan|Toxic|p2a: Druddigon\n|-status|p2a: Druddigon|tox\n|move|p2a: Druddigon|Stealth Rock|p1a: Leviathan\n|-sidestart|p1: Shardul888|move: Stealth Rock\n|\n|-damage|p2a: Druddigon|94\/100 tox|[from] psn\n|upkeep\n|turn|3\n|\n|move|p1a: Leviathan|Defog|p2a: Druddigon\n|-unboost|p2a: Druddigon|evasion|1\n|-sideend|p1: Shardul888|Stealth Rock|[from] move: Defog|[of] p1a: Leviathan\n|move|p2a: Druddigon|Roar|p1a: Leviathan\n|drag|p1a: Ghidorah|Dragonite, M|100\/100\n|\n|-damage|p2a: Druddigon|82\/100 tox|[from] psn\n|upkeep\n|turn|4\n|\n|move|p2a: Druddigon|Stealth Rock|p1a: Ghidorah\n|-sidestart|p1: Shardul888|move: Stealth Rock\n|move|p1a: Ghidorah|Dragon Claw|p2a: Druddigon\n|-supereffective|p2a: Druddigon\n|-damage|p2a: Druddigon|0 fnt\n|faint|p2a: Druddigon\n|\n|upkeep\n|\n|switch|p2a: Kommo-o|Kommo-o, M|100\/100\n|turn|5\n|\n|move|p2a: Kommo-o|Substitute|p2a: Kommo-o\n|-start|p2a: Kommo-o|Substitute\n|-damage|p2a: Kommo-o|75\/100\n|move|p1a: Ghidorah|Dragon Claw|p2a: Kommo-o\n|-supereffective|p2a: Kommo-o\n|-end|p2a: Kommo-o|Substitute\n|\n|upkeep\n|turn|6\n|\n|switch|p2a: Ditto|Ditto|100\/100\n|-transform|p2a: Ditto|p1a: Ghidorah|[from] ability: Imposter\n|move|p1a: Ghidorah|Dragon Claw|p2a: Ditto\n|-supereffective|p2a: Ditto\n|-damage|p2a: Ditto|41\/100\n|\n|upkeep\n|turn|7\n|\n|move|p2a: Ditto|Ice Punch|p1a: Ghidorah\n|-supereffective|p1a: Ghidorah\n|-damage|p1a: Ghidorah|49\/100\n|move|p1a: Ghidorah|Ice Punch|p2a: Ditto\n|-supereffective|p2a: Ditto\n|-damage|p2a: Ditto|0 fnt\n|faint|p2a: Ditto\n|\n|upkeep\n|inactive|Nutz2 has 120 seconds left.\n|\n|switch|p2a: Xurkitree|Xurkitree|100\/100\n|turn|8\n|\n|switch|p1a: Scylla|Zeraora|100\/100\n|-damage|p1a: Scylla|88\/100|[from] Stealth Rock\n|-zpower|p2a: Xurkitree\n|move|p2a: Xurkitree|Z-Hypnosis|p1a: Scylla|[anim]Hypnosis|[miss]\n|-boost|p2a: Xurkitree|spe|1|[zeffect]\n|-miss|p2a: Xurkitree|p1a: Scylla\n|\n|upkeep\n|turn|9\n|\n|move|p1a: Scylla|Fake Out|p2a: Xurkitree\n|-damage|p2a: Xurkitree|82\/100\n|cant|p2a: Xurkitree|flinch\n|\n|upkeep\n|turn|10\n|\n|move|p2a: Xurkitree|Tail Glow|p2a: Xurkitree\n|-boost|p2a: Xurkitree|spa|3\n|move|p1a: Scylla|Fire Punch|p2a: Xurkitree\n|-damage|p2a: Xurkitree|48\/100\n|\n|upkeep\n|turn|11\n|\n|switch|p1a: Leviathan|Gliscor, F|100\/100 tox\n|-damage|p1a: Leviathan|88\/100 tox|[from] Stealth Rock\n|move|p2a: Xurkitree|Energy Ball|p1a: Leviathan\n|-crit|p1a: Leviathan\n|-damage|p1a: Leviathan|0 fnt\n|faint|p1a: Leviathan\n|-ability|p2a: Xurkitree|Beast Boost|boost\n|-boost|p2a: Xurkitree|spa|1\n|\n|upkeep\n|\n|switch|p1a: Ghidorah|Dragonite, M|49\/100\n|-damage|p1a: Ghidorah|24\/100|[from] Stealth Rock\n|turn|12\n|\n|move|p1a: Ghidorah|Extreme Speed|p2a: Xurkitree\n|-damage|p2a: Xurkitree|5\/100\n|move|p2a: Xurkitree|Thunderbolt|p1a: Ghidorah\n|-damage|p1a: Ghidorah|0 fnt\n|faint|p1a: Ghidorah\n|-ability|p2a: Xurkitree|Beast Boost|boost\n|-boost|p2a: Xurkitree|spa|1\n|\n|upkeep\n|\n|switch|p1a: Scylla|Zeraora|88\/100\n|-damage|p1a: Scylla|76\/100|[from] Stealth Rock\n|turn|13\n|\n|switch|p2a: Bisharp|Bisharp, M|100\/100\n|move|p1a: Scylla|Fake Out|p2a: Bisharp\n|-resisted|p2a: Bisharp\n|-damage|p2a: Bisharp|92\/100\n|\n|upkeep\n|turn|14\n|\n|move|p1a: Scylla|Close Combat|p2a: Bisharp\n|-supereffective|p2a: Bisharp\n|-damage|p2a: Bisharp|0 fnt\n|-unboost|p1a: Scylla|def|1\n|-unboost|p1a: Scylla|spd|1\n|faint|p2a: Bisharp\n|\n|upkeep\n|\n|switch|p2a: Kommo-o|Kommo-o, M|75\/100\n|turn|15\n|\n|switch|p1a: Tiamat|Magearna|100\/100\n|-damage|p1a: Tiamat|94\/100|[from] Stealth Rock\n|move|p2a: Kommo-o|Belly Drum|p2a: Kommo-o\n|-damage|p2a: Kommo-o|25\/100\n|-setboost|p2a: Kommo-o|atk|6|[from] move: Belly Drum\n|-enditem|p2a: Kommo-o|Salac Berry|[eat]\n|-boost|p2a: Kommo-o|spe|1\n|\n|upkeep\n|turn|16\n|\n|move|p2a: Kommo-o|Drain Punch|p1a: Tiamat\n|-damage|p1a: Tiamat|0 fnt\n|-heal|p2a: Kommo-o|76\/100|[from] drain|[of] p1a: Tiamat\n|faint|p1a: Tiamat\n|\n|upkeep\n|c|\u2606Nutz2|Gg...\n|\n|switch|p1a: Godzilla|Venusaur, M|100\/100\n|-damage|p1a: Godzilla|88\/100|[from] Stealth Rock\n|turn|17\n|\n|detailschange|p1a: Godzilla|Venusaur-Mega, M\n|-mega|p1a: Godzilla|Venusaur|Venusaurite\n|move|p2a: Kommo-o|Substitute|p2a: Kommo-o\n|-start|p2a: Kommo-o|Substitute\n|-damage|p2a: Kommo-o|51\/100\n|move|p1a: Godzilla|Sludge Bomb|p2a: Kommo-o\n|-immune|p2a: Kommo-o|[from] ability: Bulletproof\n|\n|upkeep\n|turn|18\n|-message|Shardul888 forfeited.\n|\n|win|Nutz2\n|l|\u2606Shardul888\n|raw|Shardul888's rating: 1437 &rarr; <strong>1419<\/strong><br \/>(-18 for losing)\n|raw|Nutz2's rating: 1467 &rarr; <strong>1485<\/strong><br \/>(+18 for winning)\n","uploadtime":1568262402,"views":3,"p1id":"shardul888","p2id":"nutz2","formatid":"gen7ou","rating":1419,"private":0,"password":null}