{"id":"gen7ou-838392995","p1":"Delicatexo","p2":"H4WT \u2605","format":"gen7ou","log":"|j|\u2606Delicatexo\n|j|\u2606H4WT \u2605\n|player|p1|Delicatexo|170\n|player|p2|H4WT \u2605|266\n|teamsize|p1|6\n|teamsize|p2|6\n|gametype|singles\n|gen|7\n|tier|[Gen 7] OU\n|rated|\n|html|<div class=\"broadcast-green\"><strong>OU is currently suspecting Zygarde! For information on how to participate check out the <a href=\"https:\/\/www.smogon.com\/forums\/threads\/3645049\/\">suspect thread<\/a>.<\/strong><\/div>\n|rule|Sleep Clause Mod: Limit one foe put to sleep\n|rule|Species Clause: Limit one of each Pok\u00e9mon\n|rule|OHKO Clause: OHKO moves are banned\n|rule|Moody Clause: Moody is banned\n|rule|Evasion Moves Clause: Evasion moves are banned\n|rule|Endless Battle Clause: Forcing endless battles is banned\n|rule|HP Percentage Mod: HP is shown in percentages\n|clearpoke\n|poke|p1|Ninetales-Alola, M|item\n|poke|p1|Hoopa-Unbound|item\n|poke|p1|Scizor, M|item\n|poke|p1|Keldeo|item\n|poke|p1|Landorus-Therian, M|item\n|poke|p1|Tornadus-Therian, M|item\n|poke|p2|Hippowdon, F|item\n|poke|p2|Lopunny, F|item\n|poke|p2|Volcarona, M|item\n|poke|p2|Gliscor, F|item\n|poke|p2|Toxapex, M|item\n|poke|p2|Celesteela|item\n|teampreview\n|\n|start\n|switch|p1a: Landorus|Landorus-Therian, M|100\/100\n|switch|p2a: Lopunny|Lopunny, F|100\/100\n|-ability|p1a: Landorus|Intimidate|boost\n|-unboost|p2a: Lopunny|atk|1\n|turn|1\n|j| kdssakads\n|\n|switch|p1a: Tornadus|Tornadus-Therian, M|100\/100\n|detailschange|p2a: Lopunny|Lopunny-Mega, F\n|-mega|p2a: Lopunny|Lopunny|Lopunnite\n|move|p2a: Lopunny|Fake Out|p1a: Tornadus\n|-damage|p1a: Tornadus|81\/100\n|\n|upkeep\n|turn|2\n|j| asdfqwerto\n|\n|switch|p2a: Toxapex|Toxapex, M|100\/100\n|move|p1a: Tornadus|Knock Off|p2a: Toxapex\n|-damage|p2a: Toxapex|84\/100\n|-enditem|p2a: Toxapex|Black Sludge|[from] move: Knock Off|[of] p1a: Tornadus\n|\n|upkeep\n|turn|3\n|\n|move|p1a: Tornadus|Hurricane|p2a: Toxapex\n|-damage|p2a: Toxapex|50\/100\n|move|p2a: Toxapex|Toxic|p1a: Tornadus\n|-status|p1a: Tornadus|tox\n|\n|-damage|p1a: Tornadus|75\/100 tox|[from] psn\n|upkeep\n|turn|4\n|\n|switch|p1a: Hoopa|Hoopa-Unbound|100\/100\n|switch|p2a: Hippowdon|Hippowdon, F|100\/100\n|-weather|Sandstorm|[from] ability: Sand Stream|[of] p2a: Hippowdon\n|\n|-weather|Sandstorm|[upkeep]\n|-damage|p1a: Hoopa|95\/100|[from] Sandstorm\n|upkeep\n|turn|5\n|\n|move|p1a: Hoopa|Hyperspace Fury|p2a: Hippowdon\n|-damage|p2a: Hippowdon|48\/100\n|-unboost|p1a: Hoopa|def|1\n|move|p2a: Hippowdon|Earthquake|p1a: Hoopa\n|-damage|p1a: Hoopa|4\/100\n|\n|-weather|Sandstorm|[upkeep]\n|-damage|p1a: Hoopa|0 fnt|[from] Sandstorm\n|upkeep\n|faint|p1a: Hoopa\n|\n|switch|p1a: Keldeo|Keldeo|100\/100\n|turn|6\n|\n|switch|p2a: Toxapex|Toxapex, M|83\/100\n|move|p1a: Keldeo|Substitute|p1a: Keldeo\n|-start|p1a: Keldeo|Substitute\n|-damage|p1a: Keldeo|76\/100\n|\n|-weather|Sandstorm|[upkeep]\n|-damage|p1a: Keldeo|70\/100|[from] Sandstorm\n|-damage|p2a: Toxapex|77\/100|[from] Sandstorm\n|-heal|p1a: Keldeo|76\/100|[from] item: Leftovers\n|upkeep\n|turn|7\n|c| kdssakads|gg\n|\n|move|p1a: Keldeo|Scald|p2a: Toxapex\n|-resisted|p2a: Toxapex\n|-damage|p2a: Toxapex|65\/100\n|move|p2a: Toxapex|Scald|p1a: Keldeo\n|-resisted|p1a: Keldeo\n|-activate|p1a: Keldeo|move: Substitute|[damage]\n|\n|-weather|Sandstorm|[upkeep]\n|-damage|p1a: Keldeo|70\/100|[from] Sandstorm\n|-damage|p2a: Toxapex|59\/100|[from] Sandstorm\n|-heal|p1a: Keldeo|76\/100|[from] item: Leftovers\n|upkeep\n|turn|8\n|\n|move|p1a: Keldeo|Calm Mind|p1a: Keldeo\n|-boost|p1a: Keldeo|spa|1\n|-boost|p1a: Keldeo|spd|1\n|move|p2a: Toxapex|Scald|p1a: Keldeo\n|-resisted|p1a: Keldeo\n|-activate|p1a: Keldeo|move: Substitute|[damage]\n|\n|-weather|none\n|-heal|p1a: Keldeo|82\/100|[from] item: Leftovers\n|upkeep\n|turn|9\n|\n|move|p1a: Keldeo|Scald|p2a: Toxapex\n|-resisted|p2a: Toxapex\n|-damage|p2a: Toxapex|39\/100\n|-status|p2a: Toxapex|brn\n|move|p2a: Toxapex|Scald|p1a: Keldeo\n|-resisted|p1a: Keldeo\n|-activate|p1a: Keldeo|move: Substitute|[damage]\n|\n|-heal|p1a: Keldeo|88\/100|[from] item: Leftovers\n|-damage|p2a: Toxapex|33\/100 brn|[from] brn\n|upkeep\n|turn|10\n|\n|move|p1a: Keldeo|Calm Mind|p1a: Keldeo\n|-boost|p1a: Keldeo|spa|1\n|-boost|p1a: Keldeo|spd|1\n|move|p2a: Toxapex|Recover|p2a: Toxapex\n|-heal|p2a: Toxapex|83\/100 brn\n|\n|-heal|p1a: Keldeo|94\/100|[from] item: Leftovers\n|-damage|p2a: Toxapex|77\/100 brn|[from] brn\n|upkeep\n|turn|11\n|\n|move|p1a: Keldeo|Secret Sword|p2a: Toxapex\n|-resisted|p2a: Toxapex\n|-damage|p2a: Toxapex|43\/100 brn\n|move|p2a: Toxapex|Scald|p1a: Keldeo\n|-resisted|p1a: Keldeo\n|-end|p1a: Keldeo|Substitute\n|\n|-heal|p1a: Keldeo|99\/100|[from] item: Leftovers\n|-damage|p2a: Toxapex|37\/100 brn|[from] brn\n|upkeep\n|turn|12\n|\n|switch|p2a: Hippowdon|Hippowdon, F|48\/100\n|-weather|Sandstorm|[from] ability: Sand Stream|[of] p2a: Hippowdon\n|move|p1a: Keldeo|Substitute|p1a: Keldeo\n|-start|p1a: Keldeo|Substitute\n|-damage|p1a: Keldeo|75\/100\n|\n|-weather|Sandstorm|[upkeep]\n|-damage|p1a: Keldeo|69\/100|[from] Sandstorm\n|-heal|p1a: Keldeo|75\/100|[from] item: Leftovers\n|upkeep\n|turn|13\n|\n|move|p1a: Keldeo|Scald|p2a: Hippowdon\n|-supereffective|p2a: Hippowdon\n|-damage|p2a: Hippowdon|0 fnt\n|faint|p2a: Hippowdon\n|\n|-weather|Sandstorm|[upkeep]\n|-damage|p1a: Keldeo|69\/100|[from] Sandstorm\n|-heal|p1a: Keldeo|75\/100|[from] item: Leftovers\n|upkeep\n|\n|switch|p2a: Volcarona|Volcarona, M|100\/100\n|turn|14\n|\n|move|p1a: Keldeo|Scald|p2a: Volcarona\n|-supereffective|p2a: Volcarona\n|-damage|p2a: Volcarona|0 fnt\n|faint|p2a: Volcarona\n|\n|-weather|Sandstorm|[upkeep]\n|-damage|p1a: Keldeo|69\/100|[from] Sandstorm\n|-heal|p1a: Keldeo|75\/100|[from] item: Leftovers\n|upkeep\n|\n|switch|p2a: Celesteela|Celesteela|100\/100\n|turn|15\n|\n|move|p1a: Keldeo|Scald|p2a: Celesteela\n|-damage|p2a: Celesteela|46\/100\n|move|p2a: Celesteela|Heavy Slam|p1a: Keldeo\n|-resisted|p1a: Keldeo\n|-activate|p1a: Keldeo|move: Substitute|[damage]\n|\n|-weather|Sandstorm|[upkeep]\n|-damage|p1a: Keldeo|69\/100|[from] Sandstorm\n|-heal|p1a: Keldeo|75\/100|[from] item: Leftovers\n|-heal|p2a: Celesteela|52\/100|[from] item: Leftovers\n|upkeep\n|turn|16\n|j| might be drunk...\n|\n|move|p1a: Keldeo|Scald|p2a: Celesteela\n|-damage|p2a: Celesteela|0 fnt\n|faint|p2a: Celesteela\n|\n|-weather|none\n|-heal|p1a: Keldeo|82\/100|[from] item: Leftovers\n|upkeep\n|-message|H4WT \u2605 forfeited.\n|\n|win|Delicatexo\n|l|\u2606H4WT \u2605\n|raw|Delicatexo's rating: 1920 &rarr; <strong>1930<\/strong><br \/>(+10 for winning)\n|raw|H4WT \u2605's rating: 1740 &rarr; <strong>1729<\/strong><br \/>(-11 for losing)\n|c| kdssakads|no haze toxi is such moronic party building\n|c| kdssakads|rofl\n|l| asdfqwerto\n","uploadtime":1545339823,"views":178,"p1id":"delicatexo","p2id":"h4wt","formatid":"gen7ou","rating":1729,"private":0,"password":null}