{"id":"gen7ou-1703094725","p1":"sdgghsdrg","p2":"Steez Ibanez","format":"gen7ou","log":"|j|\u2606sdgghsdrg\n|j|\u2606Steez Ibanez\n|inactive|Battle timer is ON: inactive players will automatically lose when time's up.\n|t:|1667612935\n|gametype|singles\n|player|p1|sdgghsdrg|psychic-gen4|\n|player|p2|Steez Ibanez|acetrainer-gen7|\n|teamsize|p1|6\n|teamsize|p2|6\n|gen|7\n|tier|[Gen 7] OU\n|rated|Tournament battle\n|rule|Sleep Clause Mod: Limit one foe put to sleep\n|rule|Species Clause: Limit one of each Pok\u00e9mon\n|rule|OHKO Clause: OHKO moves are banned\n|rule|Moody Clause: Moody is banned\n|rule|Evasion Items Clause: Evasion items are banned\n|rule|Evasion Moves Clause: Evasion moves are banned\n|rule|Endless Battle Clause: Forcing endless battles is banned\n|rule|HP Percentage Mod: HP is shown in percentages\n|clearpoke\n|poke|p1|Celesteela|item\n|poke|p1|Charizard, F|item\n|poke|p1|Gliscor, M|item\n|poke|p1|Rotom-Wash|item\n|poke|p1|Excadrill, M|item\n|poke|p1|Hoopa-Unbound|item\n|poke|p2|Rotom-Wash|item\n|poke|p2|Magearna|item\n|poke|p2|Ferrothorn, M|item\n|poke|p2|Tornadus-Therian, M|item\n|poke|p2|Medicham, M|item\n|poke|p2|Gliscor, M|item\n|teampreview\n|inactive|Steez Ibanez also wants the timer to be on.\n|j|@SetsuStsna\n|j| lowelofunn\n|j| testingteams888\n|\n|t:|1667612950\n|start\n|switch|p1a: Rotom|Rotom-Wash|100\/100\n|switch|p2a: Midoriya|Medicham, M|100\/100\n|turn|1\n|j| Rosaism\n|\n|t:|1667612955\n|detailschange|p2a: Midoriya|Medicham-Mega, M\n|-mega|p2a: Midoriya|Medicham|Medichamite\n|move|p2a: Midoriya|Fake Out|p1a: Rotom\n|-damage|p1a: Rotom|77\/100\n|cant|p1a: Rotom|flinch\n|\n|upkeep\n|turn|2\n|j| bandedai\n|\n|t:|1667612962\n|switch|p2a: Lavadora|Rotom-Wash|100\/100\n|move|p1a: Rotom|Volt Switch|p2a: Lavadora\n|-damage|p2a: Lavadora|75\/100\n|j| g2 fyssure\n|\n|t:|1667612968\n|switch|p1a: Excadrill|Excadrill, M|100\/100|[from]move: Volt Switch\n|-ability|p1a: Excadrill|Mold Breaker\n|\n|-heal|p2a: Lavadora|81\/100|[from] item: Leftovers\n|upkeep\n|turn|3\n|\n|t:|1667612971\n|switch|p2a: Alucard|Gliscor, M|100\/100\n|move|p1a: Excadrill|Stealth Rock|p2a: Alucard\n|-sidestart|p2: Steez Ibanez|move: Stealth Rock\n|\n|-status|p2a: Alucard|tox|[from] item: Toxic Orb\n|upkeep\n|turn|4\n|j| drop a burn\n|j| Hugepowerzacian\n|\n|t:|1667612975\n|switch|p1a: Celesteela|Celesteela, shiny|100\/100\n|move|p2a: Alucard|Stealth Rock|p1a: Celesteela\n|-sidestart|p1: sdgghsdrg|move: Stealth Rock\n|\n|upkeep\n|turn|5\n|\n|t:|1667612979\n|switch|p2a: Lavadora|Rotom-Wash|81\/100\n|-damage|p2a: Lavadora|68\/100|[from] Stealth Rock\n|move|p1a: Celesteela|Leech Seed|p2a: Lavadora\n|-start|p2a: Lavadora|move: Leech Seed\n|\n|-heal|p2a: Lavadora|75\/100|[from] item: Leftovers\n|-damage|p2a: Lavadora|62\/100|[from] Leech Seed|[of] p1a: Celesteela\n|upkeep\n|turn|6\n|l| g2 fyssure\n|j| g2 fyssure\n|j| retiredlele\n|\n|t:|1667612986\n|switch|p2a: Midoriya|Medicham-Mega, M|100\/100\n|-damage|p2a: Midoriya|94\/100|[from] Stealth Rock\n|move|p1a: Celesteela|Protect||[still]\n|-fail|p1a: Celesteela\n|\n|upkeep\n|turn|7\n|j| samohi0\n|l| samohi0\n|j| fpjvo85e\n|j| TheLogImusPrime\n|j| jetsons\n|l| g2 fyssure\n|\n|t:|1667613002\n|move|p2a: Midoriya|High Jump Kick|p1a: Celesteela|[miss]\n|-miss|p2a: Midoriya|p1a: Celesteela\n|-damage|p2a: Midoriya|45\/100|[from] highjumpkick\n|move|p1a: Celesteela|Earthquake|p2a: Midoriya\n|-damage|p2a: Midoriya|7\/100\n|\n|upkeep\n|turn|8\n|c| bandedai|F\n|c|\u2606sdgghsdrg|Sorry\n|c| fpjvo85e|hjk only misses for the true masters of their craft\n|\n|t:|1667613022\n|move|p1a: Celesteela|Protect|p1a: Celesteela\n|-singleturn|p1a: Celesteela|Protect\n|move|p2a: Midoriya|Ice Punch|p1a: Celesteela\n|-activate|p1a: Celesteela|move: Protect\n|\n|upkeep\n|turn|9\n|c|\u2606Steez Ibanez|Im sorry too\n|\n|t:|1667613028\n|move|p2a: Midoriya|High Jump Kick|p1a: Celesteela\n|-damage|p1a: Celesteela|27\/100\n|move|p1a: Celesteela|Flamethrower|p2a: Midoriya\n|-damage|p2a: Midoriya|0 fnt\n|faint|p2a: Midoriya\n|-ability|p1a: Celesteela|Beast Boost|boost\n|-boost|p1a: Celesteela|def|1\n|\n|-heal|p1a: Celesteela|33\/100|[from] item: Leftovers\n|upkeep\n|\n|t:|1667613035\n|switch|p2a: Lavadora|Rotom-Wash|62\/100\n|-damage|p2a: Lavadora|50\/100|[from] Stealth Rock\n|turn|10\n|\n|t:|1667613037\n|move|p1a: Celesteela|Protect|p1a: Celesteela\n|-singleturn|p1a: Celesteela|Protect\n|move|p2a: Lavadora|Volt Switch|p1a: Celesteela\n|-activate|p1a: Celesteela|move: Protect\n|\n|-heal|p2a: Lavadora|56\/100|[from] item: Leftovers\n|-heal|p1a: Celesteela|39\/100|[from] item: Leftovers\n|upkeep\n|turn|11\n|\n|t:|1667613041\n|switch|p1a: Rotom|Rotom-Wash|77\/100\n|-damage|p1a: Rotom|65\/100|[from] Stealth Rock\n|move|p2a: Lavadora|Hydro Pump|p1a: Rotom\n|-resisted|p1a: Rotom\n|-damage|p1a: Rotom|44\/100\n|\n|-heal|p2a: Lavadora|62\/100|[from] item: Leftovers\n|upkeep\n|turn|12\n|c| bandedai|sdg gotta thank agency\n|\n|t:|1667613046\n|move|p1a: Rotom|Will-O-Wisp|p2a: Lavadora\n|-status|p2a: Lavadora|brn\n|move|p2a: Lavadora|Will-O-Wisp|p1a: Rotom\n|-status|p1a: Rotom|brn\n|\n|-heal|p2a: Lavadora|68\/100 brn|[from] item: Leftovers\n|-damage|p1a: Rotom|38\/100 brn|[from] brn\n|-damage|p2a: Lavadora|62\/100 brn|[from] brn\n|upkeep\n|turn|13\n|c| bandedai|for the dodge\n|\n|t:|1667613066\n|switch|p1a: Hoopa|Hoopa-Unbound|100\/100\n|-damage|p1a: Hoopa|88\/100|[from] Stealth Rock\n|move|p2a: Lavadora|Hydro Pump|p1a: Hoopa\n|-damage|p1a: Hoopa|53\/100\n|\n|-heal|p2a: Lavadora|68\/100 brn|[from] item: Leftovers\n|-damage|p2a: Lavadora|62\/100 brn|[from] brn\n|upkeep\n|turn|14\n|c|\u2606Steez Ibanez|Thats some of the hardest fanboy shit ive ever heard\n|\n|t:|1667613081\n|move|p1a: Hoopa|Dark Pulse|p2a: Lavadora\n|-damage|p2a: Lavadora|0 fnt\n|faint|p2a: Lavadora\n|\n|upkeep\n|\n|t:|1667613086\n|switch|p2a: Clockwork|Magearna|100\/100\n|-damage|p2a: Clockwork|94\/100|[from] Stealth Rock\n|turn|15\n|j| ISimpForKlara\n|\n|t:|1667613097\n|move|p1a: Hoopa|Dark Pulse|p2a: Clockwork\n|-resisted|p2a: Clockwork\n|-damage|p2a: Clockwork|78\/100\n|move|p2a: Clockwork|Focus Blast|p1a: Hoopa\n|-damage|p1a: Hoopa|22\/100\n|\n|upkeep\n|turn|16\n|\n|t:|1667613103\n|move|p1a: Hoopa|Dark Pulse|p2a: Clockwork\n|-resisted|p2a: Clockwork\n|-crit|p2a: Clockwork\n|-damage|p2a: Clockwork|54\/100\n|move|p2a: Clockwork|Fleur Cannon|p1a: Hoopa\n|-supereffective|p1a: Hoopa\n|-damage|p1a: Hoopa|0 fnt\n|-unboost|p2a: Clockwork|spa|2\n|faint|p1a: Hoopa\n|-ability|p2a: Clockwork|Soul-Heart|boost\n|-boost|p2a: Clockwork|spa|1\n|\n|upkeep\n|\n|t:|1667613107\n|switch|p1a: Celesteela|Celesteela, shiny|39\/100\n|-damage|p1a: Celesteela|27\/100|[from] Stealth Rock\n|turn|17\n|\n|t:|1667613111\n|move|p2a: Clockwork|Volt Switch|p1a: Celesteela\n|-supereffective|p1a: Celesteela\n|-damage|p1a: Celesteela|5\/100\n|\n|t:|1667613114\n|switch|p2a: Nimbus|Tornadus-Therian, M|100\/100|[from]move: Volt Switch\n|-damage|p2a: Nimbus|76\/100|[from] Stealth Rock\n|move|p1a: Celesteela|Leech Seed|p2a: Nimbus\n|-start|p2a: Nimbus|move: Leech Seed\n|\n|-heal|p1a: Celesteela|11\/100|[from] item: Leftovers\n|-damage|p2a: Nimbus|63\/100|[from] Leech Seed|[of] p1a: Celesteela\n|-heal|p1a: Celesteela|22\/100|[silent]\n|upkeep\n|turn|18\n|\n|t:|1667613116\n|switch|p2a: Clockwork|Magearna|54\/100\n|-damage|p2a: Clockwork|48\/100|[from] Stealth Rock\n|move|p1a: Celesteela|Protect||[still]\n|-fail|p1a: Celesteela\n|\n|-heal|p1a: Celesteela|28\/100|[from] item: Leftovers\n|upkeep\n|turn|19\n|\n|t:|1667613120\n|move|p1a: Celesteela|Protect|p1a: Celesteela\n|-singleturn|p1a: Celesteela|Protect\n|move|p2a: Clockwork|Iron Head|p1a: Celesteela\n|-activate|p1a: Celesteela|move: Protect\n|\n|-heal|p1a: Celesteela|34\/100|[from] item: Leftovers\n|upkeep\n|turn|20\n|\n|t:|1667613122\n|switch|p1a: Rotom|Rotom-Wash|38\/100 brn\n|-damage|p1a: Rotom|25\/100 brn|[from] Stealth Rock\n|move|p2a: Clockwork|Volt Switch|p1a: Rotom\n|-damage|p1a: Rotom|4\/100 brn\n|\n|t:|1667613125\n|switch|p2a: Nimbus|Tornadus-Therian, M|96\/100|[from]move: Volt Switch\n|-damage|p2a: Nimbus|71\/100|[from] Stealth Rock\n|\n|-damage|p1a: Rotom|0 fnt|[from] brn\n|faint|p1a: Rotom\n|upkeep\n|\n|t:|1667613136\n|switch|p1a: Excadrill|Excadrill, M|100\/100\n|-damage|p1a: Excadrill|97\/100|[from] Stealth Rock\n|-ability|p1a: Excadrill|Mold Breaker\n|turn|21\n|j| leenachan\n|\n|t:|1667613141\n|move|p2a: Nimbus|Defog|p1a: Excadrill\n|-unboost|p1a: Excadrill|evasion|1\n|-sideend|p1: sdgghsdrg|Stealth Rock|[from] move: Defog|[of] p2a: Nimbus\n|-sideend|p2: Steez Ibanez|Stealth Rock|[from] move: Defog|[of] p2a: Nimbus\n|move|p1a: Excadrill|Rapid Spin|p2a: Nimbus\n|-damage|p2a: Nimbus|63\/100\n|-damage|p1a: Excadrill|81\/100|[from] item: Rocky Helmet|[of] p2a: Nimbus\n|\n|upkeep\n|turn|22\n|\n|t:|1667613143\n|move|p2a: Nimbus|Knock Off|p1a: Excadrill\n|-damage|p1a: Excadrill|51\/100\n|-enditem|p1a: Excadrill|Focus Sash|[from] move: Knock Off|[of] p2a: Nimbus\n|move|p1a: Excadrill|Iron Head|p2a: Nimbus\n|-damage|p2a: Nimbus|13\/100\n|-damage|p1a: Excadrill|34\/100|[from] item: Rocky Helmet|[of] p2a: Nimbus\n|\n|upkeep\n|turn|23\n|\n|t:|1667613152\n|move|p2a: Nimbus|Hurricane|p1a: Excadrill\n|-resisted|p1a: Excadrill\n|-damage|p1a: Excadrill|9\/100\n|move|p1a: Excadrill|Earthquake|p2a: Nimbus\n|-immune|p2a: Nimbus\n|\n|upkeep\n|turn|24\n|\n|t:|1667613156\n|move|p2a: Nimbus|Knock Off|p1a: Excadrill\n|-crit|p1a: Excadrill\n|-damage|p1a: Excadrill|0 fnt\n|faint|p1a: Excadrill\n|\n|upkeep\n|\n|t:|1667613158\n|switch|p1a: Charizard|Charizard, F|100\/100\n|turn|25\n|j| critaquil\n|\n|t:|1667613161\n|detailschange|p1a: Charizard|Charizard-Mega-X, F\n|-mega|p1a: Charizard|Charizard|Charizardite X\n|move|p2a: Nimbus|Hurricane|p1a: Charizard\n|-damage|p1a: Charizard|50\/100\n|-start|p1a: Charizard|confusion\n|-activate|p1a: Charizard|confusion\n|move|p1a: Charizard|Dragon Dance|p1a: Charizard\n|-boost|p1a: Charizard|atk|1\n|-boost|p1a: Charizard|spe|1\n|\n|upkeep\n|turn|26\n|\n|t:|1667613167\n|switch|p2a: Abomination|Ferrothorn, M|100\/100\n|-activate|p1a: Charizard|confusion\n|move|p1a: Charizard|Fire Punch|p2a: Abomination\n|-supereffective|p2a: Abomination\n|-damage|p2a: Abomination|0 fnt\n|-damage|p1a: Charizard|38\/100|[from] ability: Iron Barbs|[of] p2a: Abomination\n|faint|p2a: Abomination\n|\n|upkeep\n|\n|t:|1667613169\n|switch|p2a: Alucard|Gliscor, M|100\/100 tox\n|turn|27\n|\n|t:|1667613174\n|switch|p1a: Celesteela|Celesteela, shiny|34\/100\n|move|p2a: Alucard|Stealth Rock|p1a: Celesteela\n|-sidestart|p1: sdgghsdrg|move: Stealth Rock\n|\n|-heal|p1a: Celesteela|40\/100|[from] item: Leftovers\n|upkeep\n|turn|28\n|\n|t:|1667613180\n|switch|p2a: Nimbus|Tornadus-Therian, M|47\/100\n|move|p1a: Celesteela|Leech Seed|p2a: Nimbus\n|-start|p2a: Nimbus|move: Leech Seed\n|\n|-heal|p1a: Celesteela|46\/100|[from] item: Leftovers\n|-damage|p2a: Nimbus|34\/100|[from] Leech Seed|[of] p1a: Celesteela\n|-heal|p1a: Celesteela|57\/100|[silent]\n|upkeep\n|turn|29\n|\n|t:|1667613185\n|move|p2a: Nimbus|Knock Off|p1a: Celesteela\n|-damage|p1a: Celesteela|45\/100\n|-enditem|p1a: Celesteela|Leftovers|[from] move: Knock Off|[of] p2a: Nimbus\n|move|p1a: Celesteela|Flamethrower|p2a: Nimbus\n|-damage|p2a: Nimbus|12\/100\n|\n|-damage|p2a: Nimbus|0 fnt|[from] Leech Seed|[of] p1a: Celesteela\n|-heal|p1a: Celesteela|56\/100|[silent]\n|faint|p2a: Nimbus\n|upkeep\n|\n|t:|1667613188\n|switch|p2a: Clockwork|Magearna|48\/100\n|turn|30\n|j| Ekoma\n|\n|t:|1667613190\n|move|p1a: Celesteela|Protect|p1a: Celesteela\n|-singleturn|p1a: Celesteela|Protect\n|move|p2a: Clockwork|Volt Switch|p1a: Celesteela\n|-activate|p1a: Celesteela|move: Protect\n|\n|upkeep\n|turn|31\n|\n|t:|1667613194\n|move|p2a: Clockwork|Volt Switch|p1a: Celesteela\n|-supereffective|p1a: Celesteela\n|-damage|p1a: Celesteela|21\/100\n|\n|t:|1667613196\n|switch|p2a: Alucard|Gliscor, M|100\/100 tox|[from]move: Volt Switch\n|move|p1a: Celesteela|Leech Seed|p2a: Alucard\n|-start|p2a: Alucard|move: Leech Seed\n|\n|-damage|p2a: Alucard|88\/100 tox|[from] Leech Seed|[of] p1a: Celesteela\n|-heal|p1a: Celesteela|32\/100|[silent]\n|-heal|p2a: Alucard|100\/100 tox|[from] ability: Poison Heal\n|upkeep\n|turn|32\n|\n|t:|1667613201\n|switch|p2a: Clockwork|Magearna|48\/100\n|move|p1a: Celesteela|Flamethrower|p2a: Clockwork\n|-supereffective|p2a: Clockwork\n|-damage|p2a: Clockwork|29\/100\n|\n|upkeep\n|turn|33\n|j| PkmnMasterEclipse\n|\n|t:|1667613214\n|move|p1a: Celesteela|Protect|p1a: Celesteela\n|-singleturn|p1a: Celesteela|Protect\n|move|p2a: Clockwork|Volt Switch|p1a: Celesteela\n|-activate|p1a: Celesteela|move: Protect\n|\n|upkeep\n|turn|34\n|\n|t:|1667613220\n|switch|p1a: Charizard|Charizard-Mega-X, F|38\/100\n|-damage|p1a: Charizard|13\/100|[from] Stealth Rock\n|move|p2a: Clockwork|Volt Switch|p1a: Charizard\n|-resisted|p1a: Charizard\n|-damage|p1a: Charizard|0 fnt\n|faint|p1a: Charizard\n|-ability|p2a: Clockwork|Soul-Heart|boost\n|-boost|p2a: Clockwork|spa|1\n|\n|t:|1667613222\n|switch|p2a: Alucard|Gliscor, M|100\/100 tox|[from]move: Volt Switch\n|\n|upkeep\n|\n|t:|1667613224\n|switch|p1a: Celesteela|Celesteela, shiny|32\/100\n|-damage|p1a: Celesteela|19\/100|[from] Stealth Rock\n|turn|35\n|\n|t:|1667613228\n|switch|p2a: Clockwork|Magearna|29\/100\n|move|p1a: Celesteela|Leech Seed|p2a: Clockwork\n|-start|p2a: Clockwork|move: Leech Seed\n|\n|-damage|p2a: Clockwork|17\/100|[from] Leech Seed|[of] p1a: Celesteela\n|-heal|p1a: Celesteela|31\/100|[silent]\n|upkeep\n|turn|36\n|\n|t:|1667613233\n|move|p1a: Celesteela|Protect|p1a: Celesteela\n|-singleturn|p1a: Celesteela|Protect\n|move|p2a: Clockwork|Volt Switch|p1a: Celesteela\n|-activate|p1a: Celesteela|move: Protect\n|\n|-damage|p2a: Clockwork|5\/100|[from] Leech Seed|[of] p1a: Celesteela\n|-heal|p1a: Celesteela|42\/100|[silent]\n|upkeep\n|turn|37\n|\n|t:|1667613236\n|switch|p1a: Gliscor|Gliscor, M, shiny|100\/100\n|-damage|p1a: Gliscor|88\/100|[from] Stealth Rock\n|move|p2a: Clockwork|Fleur Cannon|p1a: Gliscor\n|-damage|p1a: Gliscor|42\/100\n|-unboost|p2a: Clockwork|spa|2\n|\n|-damage|p2a: Clockwork|0 fnt|[from] Leech Seed|[of] p1a: Gliscor\n|-heal|p1a: Gliscor|46\/100|[silent]\n|faint|p2a: Clockwork\n|-status|p1a: Gliscor|tox|[from] item: Toxic Orb\n|upkeep\n|\n|t:|1667613239\n|switch|p2a: Alucard|Gliscor, M|100\/100 tox\n|turn|38\n|\n|t:|1667613242\n|move|p2a: Alucard|Stealth Rock||[still]\n|-fail|p2a: Alucard\n|move|p1a: Gliscor|Swords Dance|p1a: Gliscor\n|-boost|p1a: Gliscor|atk|2\n|\n|-heal|p1a: Gliscor|59\/100 tox|[from] ability: Poison Heal\n|upkeep\n|turn|39\n|j| Plasmeek\n|c|\u2606Steez Ibanez|gg\n|l| retiredlele\n|-message|Steez Ibanez forfeited.\n|\n|win|sdgghsdrg\n|n|\u2606sdgghsdrg|sdgghsdrg\n|n|\u2606Steez Ibanez|steezibanez\n|n| SetsuStsna|setsustsna\n|n| lowelofunn|lowelofunn\n|n| testingteams888|testingteams888\n|n| Rosaism|rosaism\n|n| bandedai|bandedai\n|n| drop a burn|dropaburn\n|n| Hugepowerzacian|hugepowerzacian\n|n| fpjvo85e|fpjvo85e\n|n| TheLogImusPrime|thelogimusprime\n|n| jetsons|jetsons\n|n| ISimpForKlara|isimpforklara\n|n| leenachan|leenachan\n|n| critaquil|critaquil\n|n| Ekoma|ekoma\n|n| PkmnMasterEclipse|pkmnmastereclipse\n|n| Plasmeek|plasmeek\n","uploadtime":1667613254,"views":9,"p1id":"sdgghsdrg","p2id":"steezibanez","formatid":"gen7ou","rating":0,"private":0,"password":null}