{"id":"gen7ou-1171547586","p1":"RSDPM","p2":"MAVERICK SHOOTERS","format":"gen7ou","log":"|j|\u2606RSDPM\n|j|\u2606MAVERICK SHOOTERS\n|t:|1597840035\n|player|p1|RSDPM|99|1398\n|player|p2|MAVERICK SHOOTERS|2|1362\n|teamsize|p1|6\n|teamsize|p2|6\n|gametype|singles\n|gen|7\n|tier|[Gen 7] OU\n|rated|\n|clearpoke\n|poke|p1|Ninetales, M|item\n|poke|p1|Golduck, M|item\n|poke|p1|Lilligant, F|item\n|poke|p1|Hariyama, F|item\n|poke|p1|Donphan, M|item\n|poke|p1|Banette, F|item\n|poke|p2|Uxie|item\n|poke|p2|Mimikyu, F|item\n|poke|p2|Magearna|item\n|poke|p2|Mawile, F|item\n|poke|p2|Marowak-Alola, F|item\n|poke|p2|Crawdaunt, M|item\n|rule|Sleep Clause Mod: Limit one foe put to sleep\n|rule|Species Clause: Limit one of each Pok\u00e9mon\n|rule|OHKO Clause: OHKO moves are banned\n|rule|Moody Clause: Moody is banned\n|rule|Evasion Moves Clause: Evasion moves are banned\n|rule|Endless Battle Clause: Forcing endless battles is banned\n|rule|HP Percentage Mod: HP is shown in percentages\n|teampreview\n|\n|t:|1597840043\n|start\n|switch|p1a: Banette|Banette, F|100\/100\n|switch|p2a: Uxie|Uxie|100\/100\n|-item|p2a: Uxie|Mental Herb|[from] ability: Frisk|[of] p1a: Banette|[identify]\n|turn|1\n|inactive|Battle timer is ON: inactive players will automatically lose when time's up. (requested by RSDPM)\n|\n|t:|1597840052\n|detailschange|p1a: Banette|Banette-Mega, F\n|-mega|p1a: Banette|Banette|Banettite\n|move|p2a: Uxie|Stealth Rock|p1a: Banette\n|-sidestart|p1: RSDPM|move: Stealth Rock\n|move|p1a: Banette|Knock Off|p2a: Uxie\n|-supereffective|p2a: Uxie\n|-damage|p2a: Uxie|35\/100\n|-enditem|p2a: Uxie|Mental Herb|[from] move: Knock Off|[of] p1a: Banette\n|\n|upkeep\n|turn|2\n|inactive|MAVERICK SHOOTERS has 120 seconds left.\n|inactive|MAVERICK SHOOTERS has 90 seconds left.\n|\n|t:|1597840124\n|move|p1a: Banette|Shadow Sneak|p2a: Uxie\n|-supereffective|p2a: Uxie\n|-damage|p2a: Uxie|0 fnt\n|faint|p2a: Uxie\n|\n|upkeep\n|\n|t:|1597840131\n|switch|p2a: Magearna|Magearna|100\/100\n|turn|3\n|\n|t:|1597840135\n|move|p1a: Banette|Taunt|p2a: Magearna\n|-start|p2a: Magearna|move: Taunt\n|cant|p2a: Magearna|move: Taunt|Trick Room\n|\n|upkeep\n|turn|4\n|\n|t:|1597840145\n|move|p1a: Banette|Knock Off|p2a: Magearna\n|-resisted|p2a: Magearna\n|-damage|p2a: Magearna|89\/100\n|move|p2a: Magearna|Fleur Cannon|p1a: Banette\n|-damage|p1a: Banette|17\/100\n|-unboost|p2a: Magearna|spa|2\n|\n|upkeep\n|turn|5\n|\n|t:|1597840154\n|move|p1a: Banette|Destiny Bond|p1a: Banette\n|-singlemove|p1a: Banette|Destiny Bond\n|move|p2a: Magearna|Flash Cannon|p1a: Banette\n|-damage|p1a: Banette|0 fnt\n|faint|p1a: Banette\n|-ability|p2a: Magearna|Soul-Heart|boost\n|-boost|p2a: Magearna|spa|1\n|-activate|p1a: Banette|move: Destiny Bond\n|faint|p2a: Magearna\n|\n|upkeep\n|c|\u2606MAVERICK SHOOTERS|..\n|\n|t:|1597840165\n|switch|p1a: Donphan|Donphan, M|100\/100\n|switch|p2a: Mimikyu|Mimikyu, F|100\/100\n|-damage|p1a: Donphan|94\/100|[from] Stealth Rock\n|turn|6\n|\n|t:|1597840174\n|move|p1a: Donphan|Ice Shard|p2a: Mimikyu\n|-activate|p2a: Mimikyu|ability: Disguise\n|-damage|p2a: Mimikyu|100\/100\n|detailschange|p2a: Mimikyu|Mimikyu-Busted, F\n|-enditem|p2a: Mimikyu|Red Card|[of] p1a: Donphan\n|drag|p1a: Golduck|Golduck, M|100\/100\n|-damage|p1a: Golduck|88\/100|[from] Stealth Rock\n|-ability|p1a: Golduck|Cloud Nine\n|move|p2a: Mimikyu|Trick Room|p2a: Mimikyu\n|-fieldstart|move: Trick Room|[of] p2a: Mimikyu\n|\n|upkeep\n|turn|7\n|\n|t:|1597840189\n|switch|p1a: Donphan|Donphan, M|94\/100\n|-damage|p1a: Donphan|88\/100|[from] Stealth Rock\n|move|p2a: Mimikyu|Play Rough|p1a: Donphan\n|-damage|p1a: Donphan|58\/100\n|-damage|p2a: Mimikyu|84\/100|[from] item: Rocky Helmet|[of] p1a: Donphan\n|\n|upkeep\n|turn|8\n|\n|t:|1597840202\n|switch|p2a: Crawdaunt|Crawdaunt, M|100\/100\n|move|p1a: Donphan|Earthquake|p2a: Crawdaunt\n|-damage|p2a: Crawdaunt|37\/100\n|\n|upkeep\n|turn|9\n|\n|t:|1597840215\n|switch|p1a: Hariyama|Hariyama, F|100\/100\n|-damage|p1a: Hariyama|94\/100|[from] Stealth Rock\n|move|p2a: Crawdaunt|Knock Off|p1a: Hariyama\n|-resisted|p1a: Hariyama\n|-damage|p1a: Hariyama|45\/100\n|-enditem|p1a: Hariyama|Assault Vest|[from] move: Knock Off|[of] p2a: Crawdaunt\n|-damage|p2a: Crawdaunt|27\/100|[from] item: Life Orb\n|\n|upkeep\n|turn|10\n|\n|t:|1597840227\n|move|p2a: Crawdaunt|Crabhammer|p1a: Hariyama\n|-damage|p1a: Hariyama|0 fnt\n|-damage|p2a: Crawdaunt|17\/100|[from] item: Life Orb\n|faint|p1a: Hariyama\n|\n|-fieldend|move: Trick Room\n|upkeep\n|\n|t:|1597840235\n|switch|p1a: Donphan|Donphan, M|58\/100\n|-damage|p1a: Donphan|52\/100|[from] Stealth Rock\n|turn|11\n|\n|t:|1597840245\n|switch|p2a: Mimikyu|Mimikyu-Busted, F|84\/100\n|move|p1a: Donphan|Earthquake|p2a: Mimikyu\n|-damage|p2a: Mimikyu|13\/100\n|\n|upkeep\n|turn|12\n|inactive|MAVERICK SHOOTERS has 120 seconds left.\n|\n|t:|1597840258\n|move|p1a: Donphan|Ice Shard|p2a: Mimikyu\n|-damage|p2a: Mimikyu|0 fnt\n|faint|p2a: Mimikyu\n|\n|upkeep\n|inactive|MAVERICK SHOOTERS has 120 seconds left.\n|\n|t:|1597840265\n|switch|p2a: Mawile|Mawile, F|100\/100\n|-ability|p2a: Mawile|Intimidate|boost\n|-unboost|p1a: Donphan|atk|1\n|turn|13\n|\n|t:|1597840274\n|detailschange|p2a: Mawile|Mawile-Mega, F\n|-mega|p2a: Mawile|Mawile|Mawilite\n|move|p2a: Mawile|Sucker Punch|p1a: Donphan\n|-damage|p1a: Donphan|14\/100\n|-damage|p2a: Mawile|84\/100|[from] item: Rocky Helmet|[of] p1a: Donphan\n|move|p1a: Donphan|Earthquake|p2a: Mawile\n|-supereffective|p2a: Mawile\n|-crit|p2a: Mawile\n|-damage|p2a: Mawile|0 fnt\n|faint|p2a: Mawile\n|\n|upkeep\n|c|\u2606MAVERICK SHOOTERS|gg\n|\n|t:|1597840283\n|switch|p2a: Crawdaunt|Crawdaunt, M|17\/100\n|turn|14\n|\n|t:|1597840296\n|move|p1a: Donphan|Ice Shard|p2a: Crawdaunt\n|-resisted|p2a: Crawdaunt\n|-damage|p2a: Crawdaunt|10\/100\n|move|p2a: Crawdaunt|Aqua Jet|p1a: Donphan\n|-supereffective|p1a: Donphan\n|-damage|p1a: Donphan|0 fnt\n|-damage|p2a: Crawdaunt|0 fnt|[from] item: Rocky Helmet|[of] p1a: Donphan\n|faint|p1a: Donphan\n|faint|p2a: Crawdaunt\n|\n|upkeep\n|\n|t:|1597840306\n|switch|p1a: Golduck|Golduck, M|88\/100\n|switch|p2a: Marowak|Marowak-Alola, F|100\/100\n|-damage|p1a: Golduck|76\/100|[from] Stealth Rock\n|-ability|p1a: Golduck|Cloud Nine\n|turn|15\n|\n|t:|1597840314\n|-zpower|p1a: Golduck\n|move|p1a: Golduck|Hydro Vortex|p2a: Marowak|[zeffect]\n|-supereffective|p2a: Marowak\n|-damage|p2a: Marowak|0 fnt\n|faint|p2a: Marowak\n|\n|win|RSDPM\n|c|\u2606MAVERICK SHOOTERS|gg\n|l|\u2606MAVERICK SHOOTERS\n|c|\u2606RSDPM|gg\n|raw|RSDPM's rating: 1398 &rarr; <strong>1416<\/strong><br \/>(+18 for winning)\n|raw|MAVERICK SHOOTERS's rating: 1362 &rarr; <strong>1344<\/strong><br \/>(-18 for losing)\n","uploadtime":1597840330,"views":12,"p1id":"rsdpm","p2id":"maverickshooters","formatid":"gen7ou","rating":1344,"private":0,"password":null}