{"id":"gen7ru-1569820700","p1":"xSkelly34","p2":"airfare","format":"gen7ru","log":"|j|\u2606xSkelly34\n|j|\u2606airfare\n|inactive|Battle timer is ON: inactive players will automatically lose when time's up.\n|t:|1651948745\n|gametype|singles\n|player|p1|xSkelly34|bugsy|\n|player|p2|airfare|#airfare|\n|teamsize|p1|6\n|teamsize|p2|6\n|gen|7\n|tier|[Gen 7] RU\n|rated|Tournament battle\n|rule|Sleep Clause Mod: Limit one foe put to sleep\n|rule|Species Clause: Limit one of each Pok\u00e9mon\n|rule|OHKO Clause: OHKO moves are banned\n|rule|Moody Clause: Moody is banned\n|rule|Evasion Moves Clause: Evasion moves are banned\n|rule|Endless Battle Clause: Forcing endless battles is banned\n|rule|HP Percentage Mod: HP is shown in percentages\n|clearpoke\n|poke|p1|Araquanid, M|item\n|poke|p1|Weezing, M|item\n|poke|p1|Flygon, M|item\n|poke|p1|Mandibuzz, F|item\n|poke|p1|Virizion|item\n|poke|p1|Bronzong|item\n|poke|p2|Ninetales, M|item\n|poke|p2|Xatu, M|item\n|poke|p2|Steelix, M|item\n|poke|p2|Golisopod, F|item\n|poke|p2|Whimsicott, M|item\n|poke|p2|Drapion, F|item\n|teampreview\n|j|*Lady Monita \u273f\n|j| BB-8-NU\n|j| CantQual4BLT\n|j| kemoshark\n|l| kemoshark\n|l| CantQual4BLT\n|j| Gabezacian45\n|j| clean cuts\n|j| 413XPlayz\n|c| 413XPlayz|i hope u time out airfare\n|inactive|xSkelly34 has 120 seconds left.\n|\n|t:|1651948784\n|start\n|switch|p1a: Mandibuzz|Mandibuzz, F, shiny|100\/100\n|switch|p2a: Whimsicott|Whimsicott, M|100\/100\n|turn|1\n|j|%goldtodd1\n|\n|t:|1651948794\n|switch|p1a: Bronzong|Bronzong, shiny|100\/100\n|move|p2a: Whimsicott|Moonblast|p1a: Bronzong\n|-resisted|p1a: Bronzong\n|-damage|p1a: Bronzong|80\/100\n|\n|-heal|p1a: Bronzong|86\/100|[from] item: Leftovers\n|upkeep\n|turn|2\n|j| DEMON SLAYER KING\n|j| Icey Warzone\n|j| LoSconosciuto\n|\n|t:|1651948802\n|switch|p2a: Xatu|Xatu, M|100\/100\n|move|p1a: Bronzong|Psywave|p2a: Xatu\n|-damage|p2a: Xatu|63\/100\n|\n|-heal|p1a: Bronzong|93\/100|[from] item: Leftovers\n|upkeep\n|turn|3\n|j| ubers D RANK\n|\n|t:|1651948808\n|move|p2a: Xatu|Roost|p2a: Xatu\n|-heal|p2a: Xatu|100\/100\n|-singleturn|p2a: Xatu|move: Roost\n|move|p1a: Bronzong|Psywave|p2a: Xatu\n|-damage|p2a: Xatu|72\/100\n|\n|-heal|p1a: Bronzong|99\/100|[from] item: Leftovers\n|upkeep\n|turn|4\n|\n|t:|1651948813\n|move|p2a: Xatu|Heat Wave|p1a: Bronzong\n|-supereffective|p1a: Bronzong\n|-damage|p1a: Bronzong|83\/100\n|move|p1a: Bronzong|Earthquake|p2a: Xatu\n|-immune|p2a: Xatu\n|\n|-heal|p1a: Bronzong|89\/100|[from] item: Leftovers\n|upkeep\n|turn|5\n|\n|t:|1651948820\n|switch|p1a: Araquanid|Araquanid, M, shiny|100\/100\n|move|p2a: Xatu|Heat Wave|p1a: Araquanid\n|-damage|p1a: Araquanid|91\/100\n|\n|-heal|p1a: Araquanid|97\/100|[from] item: Leftovers\n|upkeep\n|turn|6\n|\n|t:|1651948833\n|move|p2a: Xatu|Roost|p2a: Xatu\n|-heal|p2a: Xatu|100\/100\n|-singleturn|p2a: Xatu|move: Roost\n|move|p1a: Araquanid|Substitute|p1a: Araquanid\n|-start|p1a: Araquanid|Substitute\n|-damage|p1a: Araquanid|73\/100\n|\n|-heal|p1a: Araquanid|79\/100|[from] item: Leftovers\n|upkeep\n|turn|7\n|\n|t:|1651948838\n|switch|p2a: Whimsicott|Whimsicott, M|100\/100\n|move|p1a: Araquanid|Liquidation|p2a: Whimsicott\n|-resisted|p2a: Whimsicott\n|-damage|p2a: Whimsicott|52\/100\n|\n|-heal|p1a: Araquanid|85\/100|[from] item: Leftovers\n|upkeep\n|turn|8\n|\n|t:|1651948843\n|move|p2a: Whimsicott|Moonblast|p1a: Araquanid\n|-damage|p1a: Araquanid|39\/100\n|-unboost|p1a: Araquanid|spa|1\n|move|p1a: Araquanid|Liquidation|p2a: Whimsicott\n|-resisted|p2a: Whimsicott\n|-damage|p2a: Whimsicott|5\/100\n|-unboost|p2a: Whimsicott|def|1\n|\n|-heal|p1a: Araquanid|45\/100|[from] item: Leftovers\n|upkeep\n|turn|9\n|\n|t:|1651948856\n|switch|p1a: Weezing|Weezing, M, shiny|100\/100\n|move|p2a: Whimsicott|Moonblast|p1a: Weezing\n|-resisted|p1a: Weezing\n|-damage|p1a: Weezing|63\/100\n|\n|upkeep\n|turn|10\n|\n|t:|1651948862\n|move|p2a: Whimsicott|Moonblast|p1a: Weezing\n|-resisted|p1a: Weezing\n|-damage|p1a: Weezing|25\/100\n|move|p1a: Weezing|Sludge Bomb|p2a: Whimsicott\n|-supereffective|p2a: Whimsicott\n|-crit|p2a: Whimsicott\n|-damage|p2a: Whimsicott|0 fnt\n|faint|p2a: Whimsicott\n|\n|upkeep\n|\n|t:|1651948864\n|switch|p2a: Ninetales|Ninetales, M|100\/100\n|-weather|SunnyDay|[from] ability: Drought|[of] p2a: Ninetales\n|turn|11\n|\n|t:|1651948872\n|switch|p1a: Flygon|Flygon, M, shiny|100\/100\n|move|p2a: Ninetales|Hidden Power|p1a: Flygon\n|-supereffective|p1a: Flygon\n|-damage|p1a: Flygon|19\/100\n|\n|-weather|SunnyDay|[upkeep]\n|upkeep\n|turn|12\n|\n|t:|1651948884\n|switch|p1a: Bronzong|Bronzong, shiny|89\/100\n|switch|p2a: Xatu|Xatu, M|100\/100\n|\n|-weather|SunnyDay|[upkeep]\n|-heal|p1a: Bronzong|95\/100|[from] item: Leftovers\n|upkeep\n|turn|13\n|\n|t:|1651948899\n|switch|p1a: Mandibuzz|Mandibuzz, F, shiny|100\/100\n|move|p2a: Xatu|Heat Wave|p1a: Mandibuzz\n|-damage|p1a: Mandibuzz|74\/100\n|\n|-weather|SunnyDay|[upkeep]\n|-heal|p1a: Mandibuzz|80\/100|[from] item: Leftovers\n|upkeep\n|turn|14\n|j| paolode99\n|\n|t:|1651948910\n|switch|p2a: Steelix|Steelix, M|100\/100\n|move|p1a: Mandibuzz|Knock Off|p2a: Steelix\n|-damage|p2a: Steelix|87\/100\n|-enditem|p2a: Steelix|Leftovers|[from] move: Knock Off|[of] p1a: Mandibuzz\n|\n|-weather|SunnyDay|[upkeep]\n|-heal|p1a: Mandibuzz|87\/100|[from] item: Leftovers\n|upkeep\n|turn|15\n|\n|t:|1651948929\n|switch|p1a: Weezing|Weezing, M, shiny|25\/100\n|move|p2a: Steelix|Stealth Rock|p1a: Weezing\n|-sidestart|p1: xSkelly34|move: Stealth Rock\n|\n|-weather|none\n|upkeep\n|turn|16\n|\n|t:|1651948934\n|switch|p2a: Xatu|Xatu, M|100\/100\n|move|p1a: Weezing|Pain Split|p2a: Xatu\n|-sethp|p2a: Xatu|63\/100|[from] move: Pain Split|[silent]\n|-sethp|p1a: Weezing|62\/100|[from] move: Pain Split\n|\n|upkeep\n|turn|17\n|\n|t:|1651948950\n|switch|p1a: Mandibuzz|Mandibuzz, F, shiny|87\/100\n|-damage|p1a: Mandibuzz|62\/100|[from] Stealth Rock\n|move|p2a: Xatu|Psyshock|p1a: Mandibuzz\n|-immune|p1a: Mandibuzz\n|\n|-heal|p1a: Mandibuzz|68\/100|[from] item: Leftovers\n|upkeep\n|turn|18\n|\n|t:|1651948971\n|switch|p2a: Ninetales|Ninetales, M|100\/100\n|-weather|SunnyDay|[from] ability: Drought|[of] p2a: Ninetales\n|switch|p1a: Virizion|Virizion, shiny|100\/100\n|-damage|p1a: Virizion|94\/100|[from] Stealth Rock\n|\n|-weather|SunnyDay|[upkeep]\n|upkeep\n|turn|19\n|j| draghi in trip\n|j| Pav3l\n|j| Simple Jirachi\n|l| draghi in trip\n|inactive|xSkelly34 has 120 seconds left.\n|inactive|airfare has 120 seconds left.\n|j| Amigento1958@!\n|inactive|airfare has 90 seconds left.\n|\n|t:|1651949046\n|switch|p1a: Araquanid|Araquanid, M, shiny|45\/100\n|-damage|p1a: Araquanid|20\/100|[from] Stealth Rock\n|switch|p2a: Drapion|Drapion, F|100\/100\n|\n|-weather|SunnyDay|[upkeep]\n|-heal|p1a: Araquanid|27\/100|[from] item: Leftovers\n|upkeep\n|turn|20\n|l| Icey Warzone\n|\n|t:|1651949056\n|move|p2a: Drapion|Knock Off|p1a: Araquanid\n|-damage|p1a: Araquanid|0 fnt\n|-enditem|p1a: Araquanid|Leftovers|[from] move: Knock Off|[of] p2a: Drapion\n|faint|p1a: Araquanid\n|\n|-weather|SunnyDay|[upkeep]\n|upkeep\n|j| PokeArt2004\u2764\n|\n|t:|1651949067\n|switch|p1a: Weezing|Weezing, M, shiny|62\/100\n|-damage|p1a: Weezing|50\/100|[from] Stealth Rock\n|turn|21\n|inactive|airfare has 90 seconds left.\n|\n|t:|1651949081\n|switch|p2a: Xatu|Xatu, M|63\/100\n|move|p1a: Weezing|Sludge Bomb|p2a: Xatu\n|-damage|p2a: Xatu|23\/100\n|\n|-weather|SunnyDay|[upkeep]\n|upkeep\n|turn|22\n|j| bobasaur05\n|\n|t:|1651949088\n|move|p2a: Xatu|Psyshock|p1a: Weezing\n|-supereffective|p1a: Weezing\n|-damage|p1a: Weezing|18\/100\n|move|p1a: Weezing|Sludge Bomb|p2a: Xatu\n|-damage|p2a: Xatu|0 fnt\n|faint|p2a: Xatu\n|\n|-weather|none\n|upkeep\n|\n|t:|1651949090\n|switch|p2a: Ninetales|Ninetales, M|100\/100\n|-weather|SunnyDay|[from] ability: Drought|[of] p2a: Ninetales\n|turn|23\n|inactive|xSkelly34 has 120 seconds left.\n|inactive|airfare has 90 seconds left.\n|j| hot dog 999\n|j| QuinnXD\n|l| QuinnXD\n|j| gg i guess lmao\n|inactive|airfare has 60 seconds left.\n|j| LTG\n|\n|t:|1651949170\n|move|p2a: Ninetales|Hidden Power|p1a: Weezing\n|-damage|p1a: Weezing|0 fnt\n|faint|p1a: Weezing\n|\n|-weather|SunnyDay|[upkeep]\n|upkeep\n|j| Darkside2906\n|\n|t:|1651949177\n|switch|p1a: Flygon|Flygon, M, shiny|19\/100\n|-damage|p1a: Flygon|13\/100|[from] Stealth Rock\n|turn|24\n|l| Darkside2906\n|l| DEMON SLAYER KING\n|\n|t:|1651949195\n|switch|p2a: Golisopod|Golisopod, F|100\/100\n|move|p1a: Flygon|Earthquake|p2a: Golisopod\n|-resisted|p2a: Golisopod\n|-damage|p2a: Golisopod|84\/100\n|\n|-weather|SunnyDay|[upkeep]\n|upkeep\n|turn|25\n|l| LTG\n|inactive|xSkelly34 has 120 seconds left.\n|\n|t:|1651949204\n|switch|p1a: Bronzong|Bronzong, shiny|95\/100\n|-damage|p1a: Bronzong|89\/100|[from] Stealth Rock\n|move|p2a: Golisopod|First Impression|p1a: Bronzong\n|-damage|p1a: Bronzong|51\/100\n|\n|-weather|SunnyDay|[upkeep]\n|-heal|p1a: Bronzong|58\/100|[from] item: Leftovers\n|upkeep\n|turn|26\n|\n|t:|1651949211\n|switch|p2a: Ninetales|Ninetales, M|100\/100\n|move|p1a: Bronzong|Stealth Rock|p2a: Ninetales\n|-sidestart|p2: airfare|move: Stealth Rock\n|\n|-weather|SunnyDay|[upkeep]\n|-heal|p1a: Bronzong|64\/100|[from] item: Leftovers\n|upkeep\n|turn|27\n|\n|t:|1651949214\n|move|p2a: Ninetales|Fire Blast|p1a: Bronzong\n|-supereffective|p1a: Bronzong\n|-damage|p1a: Bronzong|19\/100\n|-status|p1a: Bronzong|brn\n|move|p1a: Bronzong|Earthquake|p2a: Ninetales\n|-supereffective|p2a: Ninetales\n|-damage|p2a: Ninetales|68\/100\n|\n|-weather|none\n|-heal|p1a: Bronzong|26\/100 brn|[from] item: Leftovers\n|-damage|p1a: Bronzong|23\/100 brn|[from] brn\n|upkeep\n|turn|28\n|\n|t:|1651949218\n|move|p2a: Ninetales|Fire Blast|p1a: Bronzong\n|-supereffective|p1a: Bronzong\n|-damage|p1a: Bronzong|0 fnt\n|faint|p1a: Bronzong\n|\n|upkeep\n|j| Fuzzy_Peache07\n|j| Psyfox654\n|l| Fuzzy_Peache07\n|l| Psyfox654\n|\n|t:|1651949236\n|switch|p1a: Virizion|Virizion, shiny|94\/100\n|-damage|p1a: Virizion|88\/100|[from] Stealth Rock\n|turn|29\n|j| PokemonCestDur\n|\n|t:|1651949260\n|switch|p2a: Steelix|Steelix, M|87\/100\n|-damage|p2a: Steelix|84\/100|[from] Stealth Rock\n|move|p1a: Virizion|Close Combat|p2a: Steelix\n|-supereffective|p2a: Steelix\n|-damage|p2a: Steelix|29\/100\n|-unboost|p1a: Virizion|def|1\n|-unboost|p1a: Virizion|spd|1\n|\n|upkeep\n|turn|30\n|\n|t:|1651949266\n|move|p1a: Virizion|Close Combat|p2a: Steelix\n|-supereffective|p2a: Steelix\n|-damage|p2a: Steelix|0 fnt\n|-unboost|p1a: Virizion|def|1\n|-unboost|p1a: Virizion|spd|1\n|faint|p2a: Steelix\n|\n|upkeep\n|\n|t:|1651949269\n|switch|p2a: Golisopod|Golisopod, F|84\/100\n|-damage|p2a: Golisopod|59\/100|[from] Stealth Rock\n|turn|31\n|\n|t:|1651949273\n|switch|p1a: Mandibuzz|Mandibuzz, F, shiny|68\/100\n|-damage|p1a: Mandibuzz|43\/100|[from] Stealth Rock\n|move|p2a: Golisopod|First Impression|p1a: Mandibuzz\n|-damage|p1a: Mandibuzz|12\/100\n|\n|-heal|p1a: Mandibuzz|18\/100|[from] item: Leftovers\n|upkeep\n|turn|32\n|\n|t:|1651949280\n|move|p1a: Mandibuzz|Roost|p1a: Mandibuzz\n|-heal|p1a: Mandibuzz|68\/100\n|-singleturn|p1a: Mandibuzz|move: Roost\n|move|p2a: Golisopod|Leech Life|p1a: Mandibuzz\n|-supereffective|p1a: Mandibuzz\n|-damage|p1a: Mandibuzz|14\/100\n|-heal|p2a: Golisopod|95\/100|[from] drain|[of] p1a: Mandibuzz\n|\n|-heal|p1a: Mandibuzz|20\/100|[from] item: Leftovers\n|upkeep\n|turn|33\n|j| pannuracotta\n|\n|t:|1651949296\n|move|p1a: Mandibuzz|Roost|p1a: Mandibuzz\n|-heal|p1a: Mandibuzz|70\/100\n|-singleturn|p1a: Mandibuzz|move: Roost\n|move|p2a: Golisopod|Leech Life|p1a: Mandibuzz\n|-supereffective|p1a: Mandibuzz\n|-damage|p1a: Mandibuzz|21\/100\n|-heal|p2a: Golisopod|100\/100|[from] drain|[of] p1a: Mandibuzz\n|\n|-heal|p1a: Mandibuzz|27\/100|[from] item: Leftovers\n|upkeep\n|turn|34\n|\n|t:|1651949305\n|move|p1a: Mandibuzz|Roost|p1a: Mandibuzz\n|-heal|p1a: Mandibuzz|77\/100\n|-singleturn|p1a: Mandibuzz|move: Roost\n|move|p2a: Golisopod|Leech Life|p1a: Mandibuzz\n|-supereffective|p1a: Mandibuzz\n|-damage|p1a: Mandibuzz|21\/100\n|\n|-heal|p1a: Mandibuzz|27\/100|[from] item: Leftovers\n|upkeep\n|turn|35\n|\n|t:|1651949311\n|move|p1a: Mandibuzz|Roost|p1a: Mandibuzz\n|-heal|p1a: Mandibuzz|77\/100\n|-singleturn|p1a: Mandibuzz|move: Roost\n|move|p2a: Golisopod|Leech Life|p1a: Mandibuzz\n|-supereffective|p1a: Mandibuzz\n|-damage|p1a: Mandibuzz|26\/100\n|\n|-heal|p1a: Mandibuzz|32\/100|[from] item: Leftovers\n|upkeep\n|turn|36\n|\n|t:|1651949313\n|move|p1a: Mandibuzz|Roost|p1a: Mandibuzz\n|-heal|p1a: Mandibuzz|82\/100\n|-singleturn|p1a: Mandibuzz|move: Roost\n|move|p2a: Golisopod|Leech Life|p1a: Mandibuzz\n|-supereffective|p1a: Mandibuzz\n|-damage|p1a: Mandibuzz|28\/100\n|\n|-heal|p1a: Mandibuzz|34\/100|[from] item: Leftovers\n|upkeep\n|turn|37\n|\n|t:|1651949316\n|move|p1a: Mandibuzz|Roost|p1a: Mandibuzz\n|-heal|p1a: Mandibuzz|84\/100\n|-singleturn|p1a: Mandibuzz|move: Roost\n|move|p2a: Golisopod|Leech Life|p1a: Mandibuzz\n|-supereffective|p1a: Mandibuzz\n|-damage|p1a: Mandibuzz|29\/100\n|\n|-heal|p1a: Mandibuzz|35\/100|[from] item: Leftovers\n|upkeep\n|turn|38\n|\n|t:|1651949323\n|move|p1a: Mandibuzz|Roost|p1a: Mandibuzz\n|-heal|p1a: Mandibuzz|85\/100\n|-singleturn|p1a: Mandibuzz|move: Roost\n|move|p2a: Golisopod|Leech Life|p1a: Mandibuzz\n|-supereffective|p1a: Mandibuzz\n|-damage|p1a: Mandibuzz|31\/100\n|\n|-heal|p1a: Mandibuzz|37\/100|[from] item: Leftovers\n|upkeep\n|turn|39\n|\n|t:|1651949325\n|move|p1a: Mandibuzz|Roost|p1a: Mandibuzz\n|-heal|p1a: Mandibuzz|87\/100\n|-singleturn|p1a: Mandibuzz|move: Roost\n|move|p2a: Golisopod|Leech Life|p1a: Mandibuzz\n|-supereffective|p1a: Mandibuzz\n|-damage|p1a: Mandibuzz|36\/100\n|\n|-heal|p1a: Mandibuzz|42\/100|[from] item: Leftovers\n|upkeep\n|turn|40\n|\n|t:|1651949327\n|move|p1a: Mandibuzz|Toxic|p2a: Golisopod\n|-status|p2a: Golisopod|tox\n|move|p2a: Golisopod|Leech Life|p1a: Mandibuzz\n|-damage|p1a: Mandibuzz|13\/100\n|\n|-heal|p1a: Mandibuzz|19\/100|[from] item: Leftovers\n|-damage|p2a: Golisopod|94\/100 tox|[from] psn\n|upkeep\n|turn|41\n|inactive|airfare has 120 seconds left.\n|j| ihavebestsandteam\n|\n|t:|1651949362\n|switch|p2a: Ninetales|Ninetales, M|68\/100\n|-damage|p2a: Ninetales|44\/100|[from] Stealth Rock\n|-weather|SunnyDay|[from] ability: Drought|[of] p2a: Ninetales\n|move|p1a: Mandibuzz|Roost|p1a: Mandibuzz\n|-heal|p1a: Mandibuzz|69\/100\n|-singleturn|p1a: Mandibuzz|move: Roost\n|\n|-weather|SunnyDay|[upkeep]\n|-heal|p1a: Mandibuzz|75\/100|[from] item: Leftovers\n|upkeep\n|turn|42\n|c| ubers D RANK|Period\n|inactive|xSkelly34 has 120 seconds left.\n|\n|t:|1651949402\n|switch|p1a: Flygon|Flygon, M, shiny|13\/100\n|-damage|p1a: Flygon|7\/100|[from] Stealth Rock\n|-zpower|p2a: Ninetales\n|move|p2a: Ninetales|Inferno Overdrive|p1a: Flygon|[zeffect]\n|-resisted|p1a: Flygon\n|-damage|p1a: Flygon|0 fnt\n|faint|p1a: Flygon\n|\n|-weather|SunnyDay|[upkeep]\n|upkeep\n|\n|t:|1651949408\n|switch|p1a: Virizion|Virizion, shiny|88\/100\n|-damage|p1a: Virizion|82\/100|[from] Stealth Rock\n|turn|43\n|inactive|xSkelly34 has 120 seconds left.\n|\n|t:|1651949426\n|switch|p2a: Golisopod|Golisopod, F|94\/100 tox\n|-damage|p2a: Golisopod|70\/100 tox|[from] Stealth Rock\n|-zpower|p1a: Virizion\n|move|p1a: Virizion|All-Out Pummeling|p2a: Golisopod|[zeffect]\n|-resisted|p2a: Golisopod\n|-damage|p2a: Golisopod|40\/100 tox\n|-enditem|p2a: Golisopod|Sitrus Berry|[eat]\n|-heal|p2a: Golisopod|65\/100 tox|[from] item: Sitrus Berry\n|\n|-weather|SunnyDay|[upkeep]\n|-damage|p2a: Golisopod|58\/100 tox|[from] psn\n|upkeep\n|turn|44\n|inactive|xSkelly34 has 120 seconds left.\n|\n|t:|1651949440\n|switch|p1a: Mandibuzz|Mandibuzz, F, shiny|75\/100\n|-damage|p1a: Mandibuzz|50\/100|[from] Stealth Rock\n|move|p2a: Golisopod|First Impression|p1a: Mandibuzz\n|-damage|p1a: Mandibuzz|22\/100\n|\n|-weather|SunnyDay|[upkeep]\n|-heal|p1a: Mandibuzz|28\/100|[from] item: Leftovers\n|-damage|p2a: Golisopod|46\/100 tox|[from] psn\n|upkeep\n|-activate|p2a: Golisopod|ability: Emergency Exit\n|\n|t:|1651949445\n|switch|p2a: Ninetales|Ninetales, M|44\/100\n|-damage|p2a: Ninetales|19\/100|[from] Stealth Rock\n|turn|45\n|inactive|xSkelly34 has 120 seconds left.\n|inactive|airfare has 120 seconds left.\n|\n|t:|1651949489\n|move|p2a: Ninetales|Fire Blast|p1a: Mandibuzz\n|-damage|p1a: Mandibuzz|0 fnt\n|faint|p1a: Mandibuzz\n|\n|-weather|none\n|upkeep\n|\n|t:|1651949493\n|switch|p1a: Virizion|Virizion, shiny|82\/100\n|-damage|p1a: Virizion|76\/100|[from] Stealth Rock\n|turn|46\n|\n|t:|1651949498\n|move|p1a: Virizion|Leaf Blade|p2a: Ninetales\n|-resisted|p2a: Ninetales\n|-damage|p2a: Ninetales|0 fnt\n|faint|p2a: Ninetales\n|\n|upkeep\n|\n|t:|1651949501\n|switch|p2a: Golisopod|Golisopod, F|46\/100 tox\n|-damage|p2a: Golisopod|21\/100 tox|[from] Stealth Rock\n|turn|47\n|\n|t:|1651949506\n|move|p2a: Golisopod|First Impression|p1a: Virizion\n|-damage|p1a: Virizion|11\/100\n|move|p1a: Virizion|Synthesis|p1a: Virizion\n|-heal|p1a: Virizion|61\/100\n|\n|-damage|p2a: Golisopod|15\/100 tox|[from] psn\n|upkeep\n|turn|48\n|j| LTG\n|inactive|xSkelly34 has 120 seconds left.\n|\n|t:|1651949542\n|move|p1a: Virizion|Leaf Blade|p2a: Golisopod\n|-damage|p2a: Golisopod|0 fnt\n|faint|p2a: Golisopod\n|\n|upkeep\n|\n|t:|1651949544\n|switch|p2a: Drapion|Drapion, F|100\/100\n|-damage|p2a: Drapion|88\/100|[from] Stealth Rock\n|turn|49\n|\n|t:|1651949547\n|move|p2a: Drapion|Poison Jab|p1a: Virizion\n|-supereffective|p1a: Virizion\n|-damage|p1a: Virizion|0 fnt\n|faint|p1a: Virizion\n|\n|win|airfare\n|n|\u2606xSkelly34|xskelly34\n|n|\u2606airfare|airfare\n|n|*Lady Monita \u273f|ladymonita\n|n| BB-8-NU|bb8nu\n|n| Gabezacian45|gabezacian45\n|n| clean cuts|cleancuts\n|n| 413XPlayz|413xplayz\n|n| goldtodd1|goldtodd1\n|n| LoSconosciuto|losconosciuto\n|n| ubers D RANK|ubersdrank\n|n| paolode99|paolode99\n|n| Pav3l|pav3l\n|n| Simple Jirachi|simplejirachi\n|n| Amigento1958@!|amigento1958\n|n| PokeArt2004\u2764|pokeart2004\n|n| bobasaur05|bobasaur05\n|n| hot dog 999|hotdog999\n|n| gg i guess lmao|ggiguesslmao\n|n| PokemonCestDur|pokemoncestdur\n|n| pannuracotta|pannuracotta\n|n| ihavebestsandteam|ihavebestsandteam\n|n| LTG|ltg\n","uploadtime":1651949548,"views":19,"p1id":"xskelly34","p2id":"airfare","formatid":"gen7ru","rating":0,"private":0,"password":null}