{"id":"gen7ou-546206841","p1":"Candice","p2":"Meteordash","format":"gen7ou","log":"|j|Candice\n|j|Meteordash\n|player|p1|Candice|36\n|player|p2|Meteordash|245\n|gametype|singles\n|gen|7\n|tier|[Gen 7] OU\n|seed|12046,19408,57703,21110\n|clearpoke\n|poke|p1|Landorus-Therian, M|item\n|poke|p1|Metagross|item\n|poke|p1|Keldeo|item\n|poke|p1|Nihilego|item\n|poke|p1|Serperior, F|item\n|poke|p1|Magearna|item\n|poke|p2|Greninja, M|item\n|poke|p2|Magnezone|item\n|poke|p2|Landorus-Therian, M|item\n|poke|p2|Nihilego|item\n|poke|p2|Scizor, F|item\n|poke|p2|Latios, M|item\n|rule|Baton Pass Clause: Limit one Baton Passer, can't pass Spe and other stats simultaneously\n|rule|Sleep Clause Mod: Limit one foe put to sleep\n|rule|Species Clause: Limit one of each Pok\u00e9mon\n|rule|OHKO Clause: OHKO moves are banned\n|rule|Moody Clause: Moody is banned\n|rule|Evasion Moves Clause: Evasion moves are banned\n|rule|Endless Battle Clause: Forcing endless battles is banned\n|rule|HP Percentage Mod: HP is shown in percentages\n|teampreview\n|j|gorex\n|j|ceraa\n|choice|team 3, team 2, team 1, team 4, team 5, team 6|team 1, team 2, team 3, team 4, team 5, team 6\n|\n|start\n|switch|p1a: Keldeo|Keldeo|323\/323\n|switch|p2a: Greninja|Greninja, M|286\/286\n|turn|1\n|c|\u2606Candice|gl !\n|c|\u2606Meteordash|hf\n|c| ceraa|haha you too n_nnnnn\n|choice|move scald|switch 6\n|\n|switch|p2a: Latios|Latios, M|299\/299\n|move|p1a: Keldeo|Scald|p2a: Latios\n|-resisted|p2a: Latios\n|-damage|p2a: Latios|235\/299\n|\n|upkeep\n|turn|2\n|j|obvious plays\n|choice|switch 2|switch 3\n|\n|switch|p1a: Metagross|Metagross|301\/301\n|switch|p2a: Landorus|Landorus-Therian, M|382\/382\n|-ability|p2a: Landorus|Intimidate|boost\n|-fail|p1a: Metagross|unboost|[from] ability: Clear Body|[of] p1a: Metagross\n|\n|upkeep\n|turn|3\n|choice|move meteormash mega|switch 5\n|\n|switch|p2a: Scizor|Scizor, F|343\/343\n|detailschange|p1a: Metagross|Metagross-Mega\n|-mega|p1a: Metagross|Metagross|Metagrossite\n|move|p1a: Metagross|Meteor Mash|p2a: Scizor\n|-resisted|p2a: Scizor\n|-damage|p2a: Scizor|246\/343\n|\n|upkeep\n|turn|4\n|choice|switch 3|move uturn mega\n|\n|switch|p1a: Landorus|Landorus-Therian, M|382\/382\n|-ability|p1a: Landorus|Intimidate|boost\n|-unboost|p2a: Scizor|atk|1\n|detailschange|p2a: Scizor|Scizor-Mega, F\n|-mega|p2a: Scizor|Scizor|Scizorite\n|move|p2a: Scizor|U-turn|p1a: Landorus\n|-resisted|p1a: Landorus\n|-damage|p1a: Landorus|349\/382\n|-damage|p2a: Scizor|189\/343|[from] item: Rocky Helmet|[of] p1a: Landorus\n|j|smashbrosbr@wl\n|j|starry\n|choice||switch 6\n|\n|switch|p2a: Greninja|Greninja, M|286\/286\n|\n|upkeep\n|turn|5\n|choice|switch 2|move uturn\n|\n|switch|p1a: Keldeo|Keldeo|323\/323\n|move|p2a: Greninja|U-turn|p1a: Keldeo\n|-resisted|p1a: Keldeo\n|-damage|p1a: Keldeo|296\/323\n|choice||switch 2\n|\n|switch|p2a: Magnezone|Magnezone|309\/309\n|\n|upkeep\n|turn|6\n|choice|switch 2|move thunderbolt\n|\n|switch|p1a: Landorus|Landorus-Therian, M|349\/382\n|-ability|p1a: Landorus|Intimidate|boost\n|-unboost|p2a: Magnezone|atk|1\n|move|p2a: Magnezone|Thunderbolt|p1a: Landorus\n|-immune|p1a: Landorus|[msg]\n|\n|upkeep\n|turn|7\n|choice|move stealthrock|switch 5\n|\n|switch|p2a: Landorus|Landorus-Therian, M|382\/382\n|-ability|p2a: Landorus|Intimidate|boost\n|-unboost|p1a: Landorus|atk|1\n|move|p1a: Landorus|Stealth Rock|p2a: Landorus\n|-sidestart|p2: Meteordash|move: Stealth Rock\n|\n|upkeep\n|turn|8\n|choice|move hiddenpower|move stealthrock\n|\n|move|p1a: Landorus|Hidden Power|p2a: Landorus\n|-supereffective|p2a: Landorus\n|-damage|p2a: Landorus|186\/382\n|move|p2a: Landorus|Stealth Rock|p1a: Landorus\n|-sidestart|p1: Candice|move: Stealth Rock\n|\n|upkeep\n|turn|9\n|choice|move uturn|move hiddenpower\n|\n|move|p1a: Landorus|U-turn|p2a: Landorus\n|-resisted|p2a: Landorus\n|-damage|p2a: Landorus|167\/382\n|-damage|p1a: Landorus|286\/382|[from] item: Rocky Helmet|[of] p2a: Landorus\n|choice|switch 2|\n|\n|switch|p1a: Keldeo|Keldeo|296\/323\n|-damage|p1a: Keldeo|276\/323|[from] Stealth Rock\n|move|p2a: Landorus|Hidden Power|p1a: Keldeo\n|-resisted|p1a: Keldeo\n|-damage|p1a: Keldeo|251\/323\n|\n|upkeep\n|turn|10\n|choice|move scald|switch 3\n|\n|switch|p2a: Latios|Latios, M|235\/299\n|-damage|p2a: Latios|198\/299|[from] Stealth Rock\n|move|p1a: Keldeo|Scald|p2a: Latios\n|-resisted|p2a: Latios\n|-damage|p2a: Latios|135\/299\n|\n|upkeep\n|turn|11\n|choice|switch 3|move recover\n|\n|switch|p1a: Metagross|Metagross-Mega|301\/301\n|-damage|p1a: Metagross|283\/301|[from] Stealth Rock\n|move|p2a: Latios|Recover|p2a: Latios\n|-heal|p2a: Latios|285\/299\n|\n|upkeep\n|turn|12\n|choice|move meteormash|switch 3\n|\n|switch|p2a: Landorus|Landorus-Therian, M|167\/382\n|-damage|p2a: Landorus|120\/382|[from] Stealth Rock\n|-ability|p2a: Landorus|Intimidate|boost\n|-unboost|p1a: Metagross|atk|1\n|move|p1a: Metagross|Meteor Mash|p2a: Landorus\n|-damage|p2a: Landorus|0 fnt\n|-damage|p1a: Metagross|233\/301|[from] item: Rocky Helmet|[of] p2a: Landorus\n|faint|p2a: Landorus\n|\n|upkeep\n|choice||switch 2\n|\n|switch|p2a: Greninja|Greninja, M|286\/286\n|-damage|p2a: Greninja|251\/286|[from] Stealth Rock\n|turn|13\n|choice|switch 3|move darkpulse\n|\n|switch|p1a: Keldeo|Keldeo|251\/323\n|-damage|p1a: Keldeo|231\/323|[from] Stealth Rock\n|move|p2a: Greninja|Dark Pulse|p1a: Keldeo\n|-resisted|p1a: Keldeo\n|-damage|p1a: Keldeo|123\/323\n|-ability|p1a: Keldeo|Justified|boost\n|-boost|p1a: Keldeo|atk|1\n|\n|upkeep\n|turn|14\n|choice|move secretsword|switch 6\n|\n|switch|p2a: Scizor|Scizor-Mega, F|189\/343\n|-damage|p2a: Scizor|147\/343|[from] Stealth Rock\n|move|p1a: Keldeo|Secret Sword|p2a: Scizor\n|-damage|p2a: Scizor|57\/343\n|\n|upkeep\n|turn|15\n|choice|move secretsword|switch 3\n|\n|switch|p2a: Latios|Latios, M|285\/299\n|-damage|p2a: Latios|248\/299|[from] Stealth Rock\n|move|p1a: Keldeo|Secret Sword|p2a: Latios\n|-resisted|p2a: Latios\n|-damage|p2a: Latios|157\/299\n|\n|upkeep\n|turn|16\n|choice|switch 3|switch 6\n|\n|switch|p1a: Metagross|Metagross-Mega|233\/301\n|-damage|p1a: Metagross|215\/301|[from] Stealth Rock\n|switch|p2a: Greninja|Greninja, M|251\/286\n|-damage|p2a: Greninja|216\/286|[from] Stealth Rock\n|\n|upkeep\n|turn|17\n|j|p2\n|choice|switch 6|move hydropump\n|\n|switch|p1a: Magearna|Magearna|364\/364\n|-damage|p1a: Magearna|342\/364|[from] Stealth Rock\n|move|p2a: Greninja|Hydro Pump|p1a: Magearna\n|-damage|p1a: Magearna|108\/364\n|\n|upkeep\n|turn|18\n|choice|move trickroom|move hydropump\n|\n|move|p2a: Greninja|Hydro Pump|p1a: Magearna\n|-damage|p1a: Magearna|0 fnt\n|faint|p1a: Magearna\n|-activate|p2a: Greninja|ability: Battle Bond\n|detailschange|p2a: Greninja|Greninja-Ash, M\n|\n|upkeep\n|choice|switch 5|\n|\n|switch|p1a: Serperior|Serperior, F|305\/305\n|-damage|p1a: Serperior|267\/305|[from] Stealth Rock\n|turn|19\n|choice|move leechseed|switch 3\n|\n|switch|p2a: Scizor|Scizor-Mega, F|57\/343\n|-damage|p2a: Scizor|15\/343|[from] Stealth Rock\n|move|p1a: Serperior|Leech Seed|p2a: Scizor\n|-start|p2a: Scizor|move: Leech Seed\n|\n|-heal|p1a: Serperior|286\/305|[from] item: Leftovers\n|-damage|p2a: Scizor|0 fnt|[from] Leech Seed|[of] p1a: Serperior\n|-heal|p1a: Serperior|301\/305|[silent]\n|upkeep\n|faint|p2a: Scizor\n|j|Dog like a Dog-\n|choice||switch 4\n|\n|switch|p2a: Nihilego|Nihilego|359\/359\n|-damage|p2a: Nihilego|315\/359|[from] Stealth Rock\n|turn|20\n|choice|switch 6|move sludgewave\n|\n|switch|p1a: Metagross|Metagross-Mega|215\/301\n|-damage|p1a: Metagross|197\/301|[from] Stealth Rock\n|move|p2a: Nihilego|Sludge Wave|p1a: Metagross\n|-immune|p1a: Metagross|[msg]\n|\n|upkeep\n|turn|21\n|choice|move hammerarm|switch 5\n|\n|switch|p2a: Magnezone|Magnezone|309\/309\n|-damage|p2a: Magnezone|290\/309|[from] Stealth Rock\n|move|p1a: Metagross|Hammer Arm|p2a: Magnezone\n|-supereffective|p2a: Magnezone\n|-enditem|p2a: Magnezone|Chople Berry|[eat]\n|-enditem|p2a: Magnezone|Chople Berry|[weaken]\n|-damage|p2a: Magnezone|150\/309\n|-unboost|p1a: Metagross|spe|1\n|\n|upkeep\n|turn|22\n|choice|move hammerarm|move thunderbolt\n|\n|move|p1a: Metagross|Hammer Arm|p2a: Magnezone|[miss]\n|-miss|p1a: Metagross|p2a: Magnezone\n|move|p2a: Magnezone|Thunderbolt|p1a: Metagross\n|-damage|p1a: Metagross|35\/301\n|-status|p1a: Metagross|par\n|\n|upkeep\n|turn|23\n|c|\u2606Candice|oh\n|c|\u2606Meteordash|o\n|c|\u2606Meteordash|soz\n|c|\u2606Candice|that's bad\n|c| ceraa|predicted the miss\n|choice|move hammerarm|move thunderbolt\n|\n|move|p2a: Magnezone|Thunderbolt|p1a: Metagross\n|-damage|p1a: Metagross|0 fnt\n|faint|p1a: Metagross\n|\n|upkeep\n|c|\u2606Candice|damn\n|choice|switch 2|\n|\n|switch|p1a: Landorus|Landorus-Therian, M|286\/382\n|-damage|p1a: Landorus|239\/382|[from] Stealth Rock\n|-ability|p1a: Landorus|Intimidate|boost\n|-unboost|p2a: Magnezone|atk|1\n|turn|24\n|choice|move earthquake|move flashcannon\n|\n|move|p1a: Landorus|Earthquake|p2a: Magnezone\n|-supereffective|p2a: Magnezone\n|-damage|p2a: Magnezone|0 fnt\n|faint|p2a: Magnezone\n|\n|upkeep\n|choice||switch 3\n|\n|switch|p2a: Greninja|Greninja-Ash, M|216\/286\n|-damage|p2a: Greninja|181\/286|[from] Stealth Rock\n|turn|25\n|choice|move uturn|move darkpulse\n|\n|move|p2a: Greninja|Dark Pulse|p1a: Landorus\n|-damage|p1a: Landorus|0 fnt\n|faint|p1a: Landorus\n|\n|upkeep\n|choice|switch 4|\n|\n|switch|p1a: Nihilego|Nihilego|359\/359\n|-damage|p1a: Nihilego|315\/359|[from] Stealth Rock\n|turn|26\n|choice|move powergem|switch 5\n|\n|switch|p2a: Nihilego|Nihilego|315\/359\n|-damage|p2a: Nihilego|271\/359|[from] Stealth Rock\n|move|p1a: Nihilego|Power Gem|p2a: Nihilego\n|-damage|p2a: Nihilego|162\/359\n|\n|upkeep\n|turn|27\n|choice|move powergem|move powergem\n|\n|move|p2a: Nihilego|Power Gem|p1a: Nihilego\n|-damage|p1a: Nihilego|237\/359\n|move|p1a: Nihilego|Power Gem|p2a: Nihilego\n|-damage|p2a: Nihilego|51\/359\n|\n|upkeep\n|turn|28\n|choice|move powergem|move powergem\n|\n|move|p2a: Nihilego|Power Gem|p1a: Nihilego\n|-crit|p1a: Nihilego\n|-damage|p1a: Nihilego|119\/359\n|move|p1a: Nihilego|Power Gem|p2a: Nihilego\n|-crit|p2a: Nihilego\n|-damage|p2a: Nihilego|0 fnt\n|faint|p2a: Nihilego\n|-ability|p1a: Nihilego|Beast Boost|boost\n|-boost|p1a: Nihilego|spa|1\n|\n|upkeep\n|choice||switch 5\n|\n|switch|p2a: Greninja|Greninja-Ash, M|181\/286\n|-damage|p2a: Greninja|146\/286|[from] Stealth Rock\n|turn|29\n|choice|move powergem|move darkpulse\n|\n|move|p2a: Greninja|Dark Pulse|p1a: Nihilego\n|-damage|p1a: Nihilego|0 fnt\n|faint|p1a: Nihilego\n|\n|upkeep\n|c|\u2606Candice|wp\n|c|\u2606Meteordash|kinda lucked you though :s\n|c|\u2606Candice|yeah I know\n|choice|switch 3|\n|\n|switch|p1a: Keldeo|Keldeo|123\/323\n|-damage|p1a: Keldeo|103\/323|[from] Stealth Rock\n|turn|30\n|c|\u2606Candice|gg\n|choice|move secretsword|switch 6\n|\n|switch|p2a: Latios|Latios, M|157\/299\n|-damage|p2a: Latios|120\/299|[from] Stealth Rock\n|move|p1a: Keldeo|Secret Sword|p2a: Latios\n|-resisted|p2a: Latios\n|-damage|p2a: Latios|29\/299\n|\n|upkeep\n|turn|31\n|choice|move secretsword|move thunderbolt\n|\n|move|p1a: Keldeo|Secret Sword|p2a: Latios\n|-resisted|p2a: Latios\n|-crit|p2a: Latios\n|-damage|p2a: Latios|0 fnt\n|faint|p2a: Latios\n|\n|upkeep\n|choice||switch 6\n|\n|switch|p2a: Greninja|Greninja-Ash, M|146\/286\n|-damage|p2a: Greninja|111\/286|[from] Stealth Rock\n|turn|32\n|choice|move secretsword|move watershuriken\n|\n|move|p2a: Greninja|Water Shuriken|p1a: Keldeo\n|-resisted|p1a: Keldeo\n|-damage|p1a: Keldeo|71\/323\n|-resisted|p1a: Keldeo\n|-damage|p1a: Keldeo|35\/323\n|-resisted|p1a: Keldeo\n|-damage|p1a: Keldeo|1\/323\n|-hitcount|p1a: Keldeo|3\n|move|p1a: Keldeo|Secret Sword|p2a: Greninja\n|-supereffective|p2a: Greninja\n|-damage|p2a: Greninja|0 fnt\n|faint|p2a: Greninja\n|\n|win|Candice\n|player|p1\n|player|p2\n|c|\u2606Meteordash|gg\n|l|Laevin\n|c|\u2606Candice|gg !","inputlog":null,"uploadtime":1489329781,"views":1,"p1id":"candice","p2id":"meteordash","formatid":"gen7ou","rating":0,"private":0,"password":null}