{"id":"gen7ou-649413133","p1":"Gotham Paladin","p2":"grattlerladder","format":"gen7ou","log":"|j|Gotham Paladin\n|j|grattlerladder\n|player|p1|Gotham Paladin|283\n|teamsize|p1|6\n|player|p2|grattlerladder|1\n|teamsize|p2|6\n|gametype|singles\n|gen|7\n|tier|[Gen 7] OU\n|rated|\n|seed|49201,24361,54648,63437\n|rule|Sleep Clause Mod: Limit one foe put to sleep\n|rule|Species Clause: Limit one of each Pok\u00e9mon\n|rule|OHKO Clause: OHKO moves are banned\n|rule|Moody Clause: Moody is banned\n|rule|Evasion Moves Clause: Evasion moves are banned\n|rule|Endless Battle Clause: Forcing endless battles is banned\n|rule|HP Percentage Mod: HP is shown in percentages\n|clearpoke\n|poke|p1|Kartana|item\n|poke|p1|Muk-Alola, M|item\n|poke|p1|Landorus-Therian, M|item\n|poke|p1|Tapu Lele|item\n|poke|p1|Keldeo-Resolute|item\n|poke|p1|Manectric, F|item\n|poke|p2|Latios, M|item\n|poke|p2|Tapu Koko|item\n|poke|p2|Greninja, M|item\n|poke|p2|Venusaur, M|item\n|poke|p2|Landorus-Therian, M|item\n|poke|p2|Jirachi|item\n|teampreview\n|j|upload and share\n|j|meine kronjuwelen\n|choice|team 4, team 2, team 3, team 1, team 5, team 6|team 2, team 1, team 3, team 4, team 5, team 6\n|\n|start\n|switch|p1a: Tapu Lele|Tapu Lele|282\/282\n|switch|p2a: Tapu Koko|Tapu Koko|281\/281\n|-fieldstart|move: Electric Terrain|[from] ability: Electric Surge|[of] p2a: Tapu Koko\n|-fieldstart|move: Psychic Terrain|[from] ability: Psychic Surge|[of] p1a: Tapu Lele\n|turn|1\n|choice|move hiddenpower|move voltswitch\n|\n|move|p2a: Tapu Koko|Volt Switch|p1a: Tapu Lele\n|-damage|p1a: Tapu Lele|155\/282\n|choice||switch 6\n|\n|switch|p2a: Jirachi|Jirachi|403\/403\n|move|p1a: Tapu Lele|Hidden Power|p2a: Jirachi\n|-supereffective|p2a: Jirachi\n|-crit|p2a: Jirachi\n|-damage|p2a: Jirachi|67\/403\n|\n|-heal|p2a: Jirachi|92\/403|[from] item: Leftovers\n|upkeep\n|turn|2\n|choice|switch 2|move ironhead\n|\n|switch|p1a: Muk|Muk-Alola, M|414\/414\n|move|p2a: Jirachi|Iron Head|p1a: Muk\n|-damage|p1a: Muk|272\/414\n|\n|-heal|p2a: Jirachi|117\/403|[from] item: Leftovers\n|upkeep\n|turn|3\n|choice|move pursuit|move ironhead\n|\n|move|p2a: Jirachi|Iron Head|p1a: Muk\n|-damage|p1a: Muk|142\/414\n|move|p1a: Muk|Pursuit|p2a: Jirachi\n|-supereffective|p2a: Jirachi\n|-damage|p2a: Jirachi|13\/403\n|\n|-heal|p2a: Jirachi|38\/403|[from] item: Leftovers\n|upkeep\n|turn|4\n|choice|move pursuit|move ironhead\n|\n|move|p2a: Jirachi|Iron Head|p1a: Muk\n|-crit|p1a: Muk\n|-damage|p1a: Muk|0 fnt\n|faint|p1a: Muk\n|\n|-heal|p2a: Jirachi|63\/403|[from] item: Leftovers\n|upkeep\n|choice|switch 2|\n|\n|switch|p1a: Tapu Lele|Tapu Lele|155\/282\n|turn|5\n|choice|move hiddenpower|switch 3\n|\n|switch|p2a: Greninja|Greninja, M|285\/285\n|move|p1a: Tapu Lele|Hidden Power|p2a: Greninja\n|-resisted|p2a: Greninja\n|-damage|p2a: Greninja|214\/285\n|\n|-fieldend|move: Psychic Terrain\n|upkeep\n|turn|6\n|choice|switch 5|move darkpulse zmove\n|\n|switch|p1a: Keldeo|Keldeo-Resolute|323\/323\n|-zpower|p2a: Greninja\n|move|p2a: Greninja|Black Hole Eclipse|p1a: Keldeo|[zeffect]\n|-resisted|p1a: Keldeo\n|-damage|p1a: Keldeo|193\/323\n|-ability|p1a: Keldeo|Justified|boost\n|-boost|p1a: Keldeo|atk|1\n|\n|upkeep\n|turn|7\n|choice|switch 5|switch 2\n|\n|switch|p1a: Tapu Lele|Tapu Lele|155\/282\n|-fieldstart|move: Psychic Terrain|[from] ability: Psychic Surge|[of] p1a: Tapu Lele\n|switch|p2a: Latios|Latios, M|301\/301\n|\n|upkeep\n|turn|8\n|choice|move psychic|switch 3\n|\n|switch|p2a: Jirachi|Jirachi|63\/403\n|move|p1a: Tapu Lele|Psychic|p2a: Jirachi\n|-resisted|p2a: Jirachi\n|-damage|p2a: Jirachi|0 fnt\n|faint|p2a: Jirachi\n|\n|upkeep\n|choice||switch 2\n|\n|switch|p2a: Greninja|Greninja, M|214\/285\n|turn|9\n|choice|switch 5|move spikes\n|\n|switch|p1a: Keldeo|Keldeo-Resolute|193\/323\n|move|p2a: Greninja|Spikes|p1a: Keldeo\n|-sidestart|p1: Gotham Paladin|Spikes\n|\n|upkeep\n|turn|10\n|choice|move secretsword|switch 3\n|\n|switch|p2a: Latios|Latios, M|301\/301\n|move|p1a: Keldeo|Secret Sword|p2a: Latios\n|-resisted|p2a: Latios\n|-damage|p2a: Latios|208\/301\n|\n|upkeep\n|turn|11\n|choice|switch 3|move psyshock\n|\n|switch|p1a: Landorus|Landorus-Therian, M|382\/382\n|-ability|p1a: Landorus|Intimidate|boost\n|-unboost|p2a: Latios|atk|1\n|move|p2a: Latios|Psyshock|p1a: Landorus\n|-damage|p1a: Landorus|273\/382\n|\n|-heal|p1a: Landorus|296\/382|[from] item: Leftovers\n|-fieldend|move: Psychic Terrain\n|upkeep\n|turn|12\n|choice|move uturn|switch 5\n|\n|switch|p2a: Landorus|Landorus-Therian, M|381\/381\n|-ability|p2a: Landorus|Intimidate|boost\n|-unboost|p1a: Landorus|atk|1\n|move|p1a: Landorus|U-turn|p2a: Landorus\n|-resisted|p2a: Landorus\n|-damage|p2a: Landorus|363\/381\n|choice|switch 5|\n|\n|switch|p1a: Tapu Lele|Tapu Lele|155\/282\n|-damage|p1a: Tapu Lele|120\/282|[from] Spikes\n|-fieldstart|move: Psychic Terrain|[from] ability: Psychic Surge|[of] p1a: Tapu Lele\n|\n|-heal|p2a: Landorus|381\/381|[from] item: Leftovers\n|upkeep\n|turn|13\n|choice|move psychic|move uturn\n|\n|move|p1a: Tapu Lele|Psychic|p2a: Landorus\n|-damage|p2a: Landorus|0 fnt\n|faint|p2a: Landorus\n|\n|upkeep\n|choice||switch 3\n|\n|switch|p2a: Greninja|Greninja, M|214\/285\n|turn|14\n|choice|switch 5|move hydropump\n|\n|switch|p1a: Landorus|Landorus-Therian, M|296\/382\n|-ability|p1a: Landorus|Intimidate|boost\n|-unboost|p2a: Greninja|atk|1\n|move|p2a: Greninja|Hydro Pump|p1a: Landorus\n|-supereffective|p1a: Landorus\n|-damage|p1a: Landorus|0 fnt\n|faint|p1a: Landorus\n|-activate|p2a: Greninja|ability: Battle Bond\n|detailschange|p2a: Greninja|Greninja-Ash, M\n|\n|upkeep\n|choice|switch 3|\n|\n|switch|p1a: Keldeo|Keldeo-Resolute|193\/323\n|-damage|p1a: Keldeo|153\/323|[from] Spikes\n|turn|15\n|j|TriachWargl\n|choice|move icywind|switch 5\n|\n|switch|p2a: Latios|Latios, M|208\/301\n|move|p1a: Keldeo|Icy Wind|p2a: Latios\n|-supereffective|p2a: Latios\n|-damage|p2a: Latios|90\/301\n|-unboost|p2a: Latios|spe|1\n|\n|upkeep\n|turn|16\n|choice|switch 6|switch 5\n|\n|switch|p1a: Manectric|Manectric, F|281\/281\n|-damage|p1a: Manectric|246\/281|[from] Spikes\n|switch|p2a: Greninja|Greninja-Ash, M|214\/285\n|\n|-fieldend|move: Psychic Terrain\n|upkeep\n|turn|17\n|choice|move voltswitch mega|move hydropump\n|\n|detailschange|p1a: Manectric|Manectric-Mega, F\n|-mega|p1a: Manectric|Manectric|Manectite\n|-ability|p1a: Manectric|Intimidate|boost\n|-unboost|p2a: Greninja|atk|1\n|move|p1a: Manectric|Volt Switch|p2a: Greninja\n|-supereffective|p2a: Greninja\n|-damage|p2a: Greninja|0 fnt\n|faint|p2a: Greninja\n|choice|switch 6|\n|\n|switch|p1a: Keldeo|Keldeo-Resolute|153\/323\n|-damage|p1a: Keldeo|113\/323|[from] Spikes\n|\n|upkeep\n|choice||switch 5\n|\n|switch|p2a: Latios|Latios, M|90\/301\n|turn|18\n|choice|move icywind|move psyshock\n|\n|move|p2a: Latios|Psyshock|p1a: Keldeo\n|-supereffective|p1a: Keldeo\n|-damage|p1a: Keldeo|0 fnt\n|faint|p1a: Keldeo\n|\n|upkeep\n|choice|switch 4|\n|\n|switch|p1a: Kartana|Kartana|322\/322\n|-damage|p1a: Kartana|282\/322|[from] Spikes\n|turn|19\n|choice|move swordsdance|switch 4\n|\n|switch|p2a: Venusaur|Venusaur, M|363\/363\n|move|p1a: Kartana|Swords Dance|p1a: Kartana\n|-boost|p1a: Kartana|atk|2\n|\n|upkeep\n|turn|20\n|choice|move smartstrike|move hiddenpower mega\n|\n|detailschange|p2a: Venusaur|Venusaur-Mega, M\n|-mega|p2a: Venusaur|Venusaur|Venusaurite\n|move|p1a: Kartana|Smart Strike|p2a: Venusaur\n|-damage|p2a: Venusaur|173\/363\n|move|p2a: Venusaur|Hidden Power|p1a: Kartana\n|-supereffective|p1a: Kartana\n|-damage|p1a: Kartana|0 fnt\n|faint|p1a: Kartana\n|\n|upkeep\n|choice|switch 5|\n|\n|switch|p1a: Tapu Lele|Tapu Lele|120\/282\n|-damage|p1a: Tapu Lele|85\/282|[from] Spikes\n|-fieldstart|move: Psychic Terrain|[from] ability: Psychic Surge|[of] p1a: Tapu Lele\n|turn|21\n|choice|move psychic|switch 4\n|\n|switch|p2a: Latios|Latios, M|90\/301\n|move|p1a: Tapu Lele|Psychic|p2a: Latios\n|-resisted|p2a: Latios\n|-damage|p2a: Latios|0 fnt\n|faint|p2a: Latios\n|\n|upkeep\n|choice||switch 6\n|\n|switch|p2a: Tapu Koko|Tapu Koko|281\/281\n|-fieldstart|move: Electric Terrain|[from] ability: Electric Surge|[of] p2a: Tapu Koko\n|turn|22\n|choice|move psychic|move dazzlinggleam\n|\n|move|p2a: Tapu Koko|Dazzling Gleam|p1a: Tapu Lele\n|-crit|p1a: Tapu Lele\n|-damage|p1a: Tapu Lele|0 fnt\n|faint|p1a: Tapu Lele\n|\n|upkeep\n|choice|switch 6|\n|\n|switch|p1a: Manectric|Manectric-Mega, F|246\/281\n|-damage|p1a: Manectric|211\/281|[from] Spikes\n|-ability|p1a: Manectric|Intimidate|boost\n|-unboost|p2a: Tapu Koko|atk|1\n|turn|23\n|choice|move thunderbolt|move dazzlinggleam\n|\n|move|p1a: Manectric|Thunderbolt|p2a: Tapu Koko\n|-resisted|p2a: Tapu Koko\n|-damage|p2a: Tapu Koko|126\/281\n|move|p2a: Tapu Koko|Dazzling Gleam|p1a: Manectric\n|-damage|p1a: Manectric|4\/281\n|\n|upkeep\n|turn|24\n|choice|move thunderbolt|move dazzlinggleam\n|\n|move|p1a: Manectric|Thunderbolt|p2a: Tapu Koko\n|-resisted|p2a: Tapu Koko\n|-damage|p2a: Tapu Koko|0 fnt\n|faint|p2a: Tapu Koko\n|\n|upkeep\n|choice||switch 4\n|\n|switch|p2a: Venusaur|Venusaur-Mega, M|173\/363\n|turn|25\n|choice|move thunderbolt|move gigadrain\n|\n|move|p1a: Manectric|Thunderbolt|p2a: Venusaur\n|-resisted|p2a: Venusaur\n|-damage|p2a: Venusaur|84\/363\n|move|p2a: Venusaur|Giga Drain|p1a: Manectric\n|-damage|p1a: Manectric|0 fnt\n|-heal|p2a: Venusaur|86\/363|[from] drain|[of] p1a: Manectric\n|faint|p1a: Manectric\n|\n|win|grattlerladder\n|l|Gotham Paladin\n|raw|Gotham Paladin's rating: 1708 &rarr; <strong>1694<\/strong><br \/>(-14 for losing)\n|raw|grattlerladder's rating: 1816 &rarr; <strong>1830<\/strong><br \/>(+14 for winning)","inputlog":null,"uploadtime":1508787115,"views":25,"p1id":"gothampaladin","p2id":"grattlerladder","formatid":"gen7ou","rating":1694,"private":0,"password":null}