{"id":"gen7ou-746257123","p1":"lcezasfuck","p2":"Ohmboy Tesla","format":"gen7ou","log":"|j|\u2606lcezasfuck\n|j|\u2606Ohmboy Tesla\n|player|p1|lcezasfuck|170\n|player|p2|Ohmboy Tesla|136\n|teamsize|p1|6\n|teamsize|p2|6\n|gametype|singles\n|gen|7\n|tier|[Gen 7] OU\n|rated|\n|rule|Sleep Clause Mod: Limit one foe put to sleep\n|rule|Species Clause: Limit one of each Pok\u00e9mon\n|rule|OHKO Clause: OHKO moves are banned\n|rule|Moody Clause: Moody is banned\n|rule|Evasion Moves Clause: Evasion moves are banned\n|rule|Endless Battle Clause: Forcing endless battles is banned\n|rule|HP Percentage Mod: HP is shown in percentages\n|clearpoke\n|poke|p1|Slowking, F|item\n|poke|p1|Magearna|item\n|poke|p1|Tangrowth, M|item\n|poke|p1|Chansey, F|item\n|poke|p1|Sableye, M|item\n|poke|p1|Quagsire, M|item\n|poke|p2|Diancie|item\n|poke|p2|Volcarona, M|item\n|poke|p2|Rotom-Wash|item\n|poke|p2|Tapu Bulu|item\n|poke|p2|Landorus-Therian, M|item\n|poke|p2|Toxapex, M|item\n|teampreview\n|\n|start\n|switch|p1a: Sableye|Sableye, M|100\/100\n|switch|p2a: Carbink-EX|Diancie|100\/100\n|turn|1\n|\n|-mega|p2a: Carbink-EX|Diancie|Diancite\n|detailschange|p2a: Carbink-EX|Diancie-Mega\n|-mega|p1a: Sableye|Sableye|Sablenite\n|detailschange|p1a: Sableye|Sableye-Mega, M\n|move|p1a: Sableye|Protect|p1a: Sableye\n|-singleturn|p1a: Sableye|Protect\n|move|p2a: Carbink-EX|Moonblast|p1a: Sableye\n|-activate|p1a: Sableye|move: Protect\n|\n|upkeep\n|turn|2\n|\n|switch|p1a: Magearna|Magearna|100\/100\n|move|p2a: Carbink-EX|Diamond Storm|p1a: Magearna\n|-resisted|p1a: Magearna\n|-damage|p1a: Magearna|80\/100\n|\n|-heal|p1a: Magearna|86\/100|[from] item: Leftovers\n|upkeep\n|turn|3\n|\n|switch|p2a: Boy Fort|Toxapex, M|100\/100\n|move|p1a: Magearna|Flash Cannon|p2a: Boy Fort\n|-resisted|p2a: Boy Fort\n|-damage|p2a: Boy Fort|89\/100\n|-unboost|p2a: Boy Fort|spd|1\n|\n|-heal|p1a: Magearna|92\/100|[from] item: Leftovers\n|-heal|p2a: Boy Fort|96\/100|[from] item: Black Sludge\n|upkeep\n|turn|4\n|\n|switch|p2a: Flooffy Paws|Landorus-Therian, M|100\/100\n|-ability|p2a: Flooffy Paws|Intimidate|boost\n|-unboost|p1a: Magearna|atk|1\n|move|p1a: Magearna|Volt Switch|p2a: Flooffy Paws\n|-immune|p2a: Flooffy Paws|[msg]\n|\n|-heal|p1a: Magearna|98\/100|[from] item: Leftovers\n|upkeep\n|turn|5\n|\n|switch|p1a: Sableye|Sableye-Mega, M|100\/100\n|move|p2a: Flooffy Paws|U-turn|p1a: Sableye\n|-damage|p1a: Sableye|82\/100\n|\n|switch|p2a: Carbink-EX|Diancie-Mega|100\/100\n|\n|upkeep\n|turn|6\n|\n|switch|p1a: Magearna|Magearna|98\/100\n|move|p2a: Carbink-EX|Moonblast|p1a: Magearna\n|-resisted|p1a: Magearna\n|-damage|p1a: Magearna|80\/100\n|\n|-heal|p1a: Magearna|86\/100|[from] item: Leftovers\n|upkeep\n|turn|7\n|\n|switch|p2a: Flooffy Paws|Landorus-Therian, M|100\/100\n|-ability|p2a: Flooffy Paws|Intimidate|boost\n|-unboost|p1a: Magearna|atk|1\n|move|p1a: Magearna|Flash Cannon|p2a: Flooffy Paws\n|-damage|p2a: Flooffy Paws|61\/100\n|\n|-heal|p2a: Flooffy Paws|67\/100|[from] item: Leftovers\n|-heal|p1a: Magearna|92\/100|[from] item: Leftovers\n|upkeep\n|turn|8\n|\n|switch|p1a: Tangrowth|Tangrowth, M|100\/100\n|move|p2a: Flooffy Paws|Earthquake|p1a: Tangrowth\n|-resisted|p1a: Tangrowth\n|-damage|p1a: Tangrowth|87\/100\n|\n|-heal|p2a: Flooffy Paws|73\/100|[from] item: Leftovers\n|upkeep\n|turn|9\n|\n|move|p2a: Flooffy Paws|Toxic|p1a: Tangrowth\n|-status|p1a: Tangrowth|tox\n|move|p1a: Tangrowth|Energy Ball|p2a: Flooffy Paws\n|-damage|p2a: Flooffy Paws|36\/100\n|-unboost|p2a: Flooffy Paws|spd|1\n|\n|-heal|p2a: Flooffy Paws|42\/100|[from] item: Leftovers\n|-damage|p1a: Tangrowth|81\/100 tox|[from] psn\n|upkeep\n|turn|10\n|\n|move|p2a: Flooffy Paws|U-turn|p1a: Tangrowth\n|-supereffective|p1a: Tangrowth\n|-damage|p1a: Tangrowth|57\/100 tox\n|\n|switch|p2a: Boy Fort|Toxapex, M|100\/100\n|move|p1a: Tangrowth|Knock Off|p2a: Boy Fort\n|-damage|p2a: Boy Fort|83\/100\n|-enditem|p2a: Boy Fort|Black Sludge|[from] move: Knock Off|[of] p1a: Tangrowth\n|\n|-damage|p1a: Tangrowth|45\/100 tox|[from] psn\n|upkeep\n|turn|11\n|\n|switch|p1a: Slowking|Slowking, F|100\/100\n|switch|p2a: Atlas|Volcarona, M|100\/100\n|\n|upkeep\n|turn|12\n|\n|-zpower|p2a: Atlas\n|move|p2a: Atlas|Savage Spin-Out|p1a: Slowking|[zeffect]\n|-supereffective|p1a: Slowking\n|-damage|p1a: Slowking|1\/100\n|move|p1a: Slowking|Scald|p2a: Atlas\n|-supereffective|p2a: Atlas\n|-damage|p2a: Atlas|14\/100\n|\n|upkeep\n|turn|13\n|\n|switch|p1a: Chansey|Chansey, F|100\/100\n|move|p2a: Atlas|Fiery Dance|p1a: Chansey\n|-damage|p1a: Chansey|87\/100\n|-boost|p2a: Atlas|spa|1\n|\n|upkeep\n|turn|14\n|\n|move|p2a: Atlas|Bug Buzz|p1a: Chansey\n|-damage|p1a: Chansey|66\/100\n|move|p1a: Chansey|Seismic Toss|p2a: Atlas\n|-damage|p2a: Atlas|0 fnt\n|faint|p2a: Atlas\n|\n|upkeep\n|\n|switch|p2a: Flooffy Paws|Landorus-Therian, M|42\/100\n|-ability|p2a: Flooffy Paws|Intimidate|boost\n|-unboost|p1a: Chansey|atk|1\n|turn|15\n|\n|switch|p1a: Sableye|Sableye-Mega, M|82\/100\n|move|p2a: Flooffy Paws|U-turn|p1a: Sableye\n|-damage|p1a: Sableye|65\/100\n|\n|switch|p2a: Carbink-EX|Diancie-Mega|100\/100\n|\n|upkeep\n|turn|16\n|\n|switch|p1a: Magearna|Magearna|92\/100\n|move|p2a: Carbink-EX|Moonblast|p1a: Magearna\n|-resisted|p1a: Magearna\n|-damage|p1a: Magearna|74\/100\n|\n|-heal|p1a: Magearna|80\/100|[from] item: Leftovers\n|upkeep\n|turn|17\n|\n|switch|p2a: Boy Fort|Toxapex, M|100\/100\n|move|p1a: Magearna|Volt Switch|p2a: Boy Fort\n|-supereffective|p2a: Boy Fort\n|-damage|p2a: Boy Fort|74\/100\n|\n|switch|p1a: Slowking|Slowking, F|34\/100\n|\n|upkeep\n|turn|18\n|\n|move|p2a: Boy Fort|Toxic Spikes|p1a: Slowking\n|-sidestart|p1: lcezasfuck|move: Toxic Spikes\n|move|p1a: Slowking|Future Sight|p2a: Boy Fort\n|-start|p1a: Slowking|move: Future Sight\n|\n|upkeep\n|turn|19\n|\n|switch|p2a: Top Bull|Tapu Bulu|100\/100\n|-fieldstart|move: Grassy Terrain|[from] ability: Grassy Surge|[of] p2a: Top Bull\n|move|p1a: Slowking|Scald|p2a: Top Bull\n|-resisted|p2a: Top Bull\n|-damage|p2a: Top Bull|87\/100\n|\n|-heal|p2a: Top Bull|93\/100|[from] item: Leftovers\n|-heal|p2a: Top Bull|99\/100|[from] Grassy Terrain\n|-heal|p1a: Slowking|40\/100|[from] Grassy Terrain\n|upkeep\n|turn|20\n|\n|switch|p1a: Tangrowth|Tangrowth, M|78\/100 tox\n|move|p2a: Top Bull|Horn Leech|p1a: Tangrowth\n|-resisted|p1a: Tangrowth\n|-crit|p1a: Tangrowth\n|-damage|p1a: Tangrowth|57\/100 tox\n|-heal|p2a: Top Bull|100\/100|[from] drain|[of] p1a: Tangrowth\n|\n|-end|p2a: Top Bull|move: Future Sight\n|-damage|p2a: Top Bull|53\/100\n|-heal|p2a: Top Bull|59\/100|[from] item: Leftovers\n|-heal|p2a: Top Bull|65\/100|[from] Grassy Terrain\n|-heal|p1a: Tangrowth|63\/100 tox|[from] Grassy Terrain\n|-damage|p1a: Tangrowth|57\/100 tox|[from] psn\n|upkeep\n|turn|21\n|\n|move|p2a: Top Bull|Protect|p2a: Top Bull\n|-singleturn|p2a: Top Bull|Protect\n|move|p1a: Tangrowth|Energy Ball|p2a: Top Bull\n|-activate|p2a: Top Bull|move: Protect\n|\n|-heal|p2a: Top Bull|72\/100|[from] item: Leftovers\n|-heal|p2a: Top Bull|78\/100|[from] Grassy Terrain\n|-heal|p1a: Tangrowth|63\/100 tox|[from] Grassy Terrain\n|-damage|p1a: Tangrowth|51\/100 tox|[from] psn\n|upkeep\n|turn|22\n|\n|move|p2a: Top Bull|Nature's Madness|p1a: Tangrowth\n|-damage|p1a: Tangrowth|26\/100 tox\n|move|p1a: Tangrowth|Hidden Power|p2a: Top Bull\n|-supereffective|p2a: Top Bull\n|-damage|p2a: Top Bull|54\/100\n|\n|-heal|p2a: Top Bull|60\/100|[from] item: Leftovers\n|-heal|p2a: Top Bull|67\/100|[from] Grassy Terrain\n|-heal|p1a: Tangrowth|32\/100 tox|[from] Grassy Terrain\n|-damage|p1a: Tangrowth|13\/100 tox|[from] psn\n|upkeep\n|turn|23\n|\n|switch|p1a: Magearna|Magearna|80\/100\n|move|p2a: Top Bull|Horn Leech|p1a: Magearna\n|-resisted|p1a: Magearna\n|-damage|p1a: Magearna|59\/100\n|-heal|p2a: Top Bull|78\/100|[from] drain|[of] p1a: Magearna\n|\n|-heal|p2a: Top Bull|84\/100|[from] item: Leftovers\n|-heal|p2a: Top Bull|91\/100|[from] Grassy Terrain\n|-heal|p1a: Magearna|65\/100|[from] item: Leftovers\n|-heal|p1a: Magearna|71\/100|[from] Grassy Terrain\n|-fieldend|move: Grassy Terrain\n|upkeep\n|turn|24\n|\n|move|p2a: Top Bull|Leech Seed|p1a: Magearna\n|-start|p1a: Magearna|move: Leech Seed\n|move|p1a: Magearna|Flash Cannon|p2a: Top Bull\n|-supereffective|p2a: Top Bull\n|-damage|p2a: Top Bull|42\/100\n|-unboost|p2a: Top Bull|spd|1\n|\n|-heal|p2a: Top Bull|48\/100|[from] item: Leftovers\n|-heal|p1a: Magearna|77\/100|[from] item: Leftovers\n|-damage|p1a: Magearna|65\/100|[from] Leech Seed|[of] p2a: Top Bull\n|-heal|p2a: Top Bull|62\/100|[silent]\n|upkeep\n|turn|25\n|\n|move|p2a: Top Bull|Protect|p2a: Top Bull\n|-singleturn|p2a: Top Bull|Protect\n|move|p1a: Magearna|Calm Mind|p1a: Magearna\n|-boost|p1a: Magearna|spa|1\n|-boost|p1a: Magearna|spd|1\n|\n|-heal|p2a: Top Bull|68\/100|[from] item: Leftovers\n|-heal|p1a: Magearna|71\/100|[from] item: Leftovers\n|-damage|p1a: Magearna|58\/100|[from] Leech Seed|[of] p2a: Top Bull\n|-heal|p2a: Top Bull|81\/100|[silent]\n|upkeep\n|turn|26\n|\n|switch|p2a: Boy Fort|Toxapex, M|100\/100\n|move|p1a: Magearna|Volt Switch|p2a: Boy Fort\n|-supereffective|p2a: Boy Fort\n|-damage|p2a: Boy Fort|61\/100\n|\n|switch|p1a: Slowking|Slowking, F|74\/100\n|-status|p1a: Slowking|psn\n|\n|-damage|p1a: Slowking|61\/100 psn|[from] psn\n|upkeep\n|turn|27\n|\n|switch|p2a: Top Bull|Tapu Bulu|81\/100\n|-fieldstart|move: Grassy Terrain|[from] ability: Grassy Surge|[of] p2a: Top Bull\n|move|p1a: Slowking|Flamethrower|p2a: Top Bull\n|-supereffective|p2a: Top Bull\n|-damage|p2a: Top Bull|35\/100\n|\n|-heal|p2a: Top Bull|41\/100|[from] item: Leftovers\n|-heal|p2a: Top Bull|47\/100|[from] Grassy Terrain\n|-heal|p1a: Slowking|67\/100 psn|[from] Grassy Terrain\n|-damage|p1a: Slowking|55\/100 psn|[from] psn\n|upkeep\n|turn|28\n|\n|switch|p1a: Magearna|Magearna|58\/100\n|move|p2a: Top Bull|Horn Leech|p1a: Magearna\n|-resisted|p1a: Magearna\n|-damage|p1a: Magearna|38\/100\n|-heal|p2a: Top Bull|58\/100|[from] drain|[of] p1a: Magearna\n|\n|-heal|p2a: Top Bull|64\/100|[from] item: Leftovers\n|-heal|p2a: Top Bull|71\/100|[from] Grassy Terrain\n|-heal|p1a: Magearna|44\/100|[from] item: Leftovers\n|-heal|p1a: Magearna|50\/100|[from] Grassy Terrain\n|upkeep\n|turn|29\n|\n|switch|p2a: Boy Fort|Toxapex, M|94\/100\n|move|p1a: Magearna|Flash Cannon|p2a: Boy Fort\n|-resisted|p2a: Boy Fort\n|-damage|p2a: Boy Fort|82\/100\n|\n|-heal|p1a: Magearna|56\/100|[from] item: Leftovers\n|-heal|p1a: Magearna|62\/100|[from] Grassy Terrain\n|-heal|p2a: Boy Fort|89\/100|[from] Grassy Terrain\n|upkeep\n|turn|30\n|\n|move|p1a: Magearna|Pain Split|p2a: Boy Fort\n|-sethp|p2a: Boy Fort|81\/100|p1a: Magearna|68\/100|[from] move: Pain Split\n|move|p2a: Boy Fort|Scald|p1a: Magearna\n|-damage|p1a: Magearna|57\/100\n|\n|-heal|p1a: Magearna|63\/100|[from] item: Leftovers\n|-heal|p1a: Magearna|69\/100|[from] Grassy Terrain\n|-heal|p2a: Boy Fort|88\/100|[from] Grassy Terrain\n|upkeep\n|turn|31\n|\n|move|p1a: Magearna|Calm Mind|p1a: Magearna\n|-boost|p1a: Magearna|spa|1\n|-boost|p1a: Magearna|spd|1\n|move|p2a: Boy Fort|Scald|p1a: Magearna\n|-damage|p1a: Magearna|63\/100\n|\n|-heal|p1a: Magearna|69\/100|[from] item: Leftovers\n|-heal|p1a: Magearna|75\/100|[from] Grassy Terrain\n|-heal|p2a: Boy Fort|94\/100|[from] Grassy Terrain\n|-fieldend|move: Grassy Terrain\n|upkeep\n|turn|32\n|\n|move|p1a: Magearna|Flash Cannon|p2a: Boy Fort\n|-resisted|p2a: Boy Fort\n|-crit|p2a: Boy Fort\n|-damage|p2a: Boy Fort|68\/100\n|move|p2a: Boy Fort|Haze|p2a: Boy Fort\n|-clearallboost\n|\n|-heal|p1a: Magearna|81\/100|[from] item: Leftovers\n|upkeep\n|turn|33\n|\n|move|p1a: Magearna|Calm Mind|p1a: Magearna\n|-boost|p1a: Magearna|spa|1\n|-boost|p1a: Magearna|spd|1\n|move|p2a: Boy Fort|Scald|p1a: Magearna\n|-damage|p1a: Magearna|74\/100\n|\n|-heal|p1a: Magearna|80\/100|[from] item: Leftovers\n|upkeep\n|turn|34\n|\n|move|p1a: Magearna|Volt Switch|p2a: Boy Fort\n|-supereffective|p2a: Boy Fort\n|-damage|p2a: Boy Fort|26\/100\n|\n|switch|p1a: Slowking|Slowking, F|88\/100 psn\n|move|p2a: Boy Fort|Haze|p2a: Boy Fort\n|-clearallboost\n|\n|-damage|p1a: Slowking|76\/100 psn|[from] psn\n|upkeep\n|turn|35\n|\n|switch|p2a: Flooffy Paws|Landorus-Therian, M|42\/100\n|-ability|p2a: Flooffy Paws|Intimidate|boost\n|-unboost|p1a: Slowking|atk|1\n|move|p1a: Slowking|Future Sight|p2a: Flooffy Paws\n|-start|p1a: Slowking|move: Future Sight\n|\n|-heal|p2a: Flooffy Paws|48\/100|[from] item: Leftovers\n|-damage|p1a: Slowking|63\/100 psn|[from] psn\n|upkeep\n|turn|36\n|\n|move|p2a: Flooffy Paws|U-turn|p1a: Slowking\n|-supereffective|p1a: Slowking\n|-damage|p1a: Slowking|13\/100 psn\n|\n|switch|p2a: scRotom-Wash|Rotom-Wash|100\/100\n|move|p1a: Slowking|Scald|p2a: scRotom-Wash\n|-resisted|p2a: scRotom-Wash\n|-damage|p2a: scRotom-Wash|81\/100\n|\n|-heal|p2a: scRotom-Wash|87\/100|[from] item: Leftovers\n|-damage|p1a: Slowking|0 fnt|[from] psn\n|upkeep\n|faint|p1a: Slowking\n|\n|switch|p1a: Tangrowth|Tangrowth, M|47\/100 tox\n|turn|37\n|\n|move|p2a: scRotom-Wash|Volt Switch|p1a: Tangrowth\n|-resisted|p1a: Tangrowth\n|-damage|p1a: Tangrowth|35\/100 tox\n|\n|switch|p2a: Boy Fort|Toxapex, M|60\/100\n|move|p1a: Tangrowth|Energy Ball|p2a: Boy Fort\n|-damage|p2a: Boy Fort|39\/100\n|\n|-end|p2a: Boy Fort|move: Future Sight\n|-supereffective|p2a: Boy Fort\n|-damage|p2a: Boy Fort|0 fnt\n|-damage|p1a: Tangrowth|29\/100 tox|[from] psn\n|upkeep\n|faint|p2a: Boy Fort\n|\n|switch|p2a: Carbink-EX|Diancie-Mega|100\/100\n|turn|38\n|\n|switch|p1a: Magearna|Magearna|80\/100\n|move|p2a: Carbink-EX|Earth Power|p1a: Magearna\n|-supereffective|p1a: Magearna\n|-damage|p1a: Magearna|34\/100\n|\n|-heal|p1a: Magearna|40\/100|[from] item: Leftovers\n|upkeep\n|turn|39\n|\n|switch|p1a: Tangrowth|Tangrowth, M|62\/100 tox\n|move|p2a: Carbink-EX|Earth Power|p1a: Tangrowth\n|-resisted|p1a: Tangrowth\n|-damage|p1a: Tangrowth|44\/100 tox\n|\n|-damage|p1a: Tangrowth|38\/100 tox|[from] psn\n|upkeep\n|turn|40\n|\n|switch|p1a: Chansey|Chansey, F|66\/100\n|-status|p1a: Chansey|psn\n|move|p2a: Carbink-EX|Moonblast|p1a: Chansey\n|-damage|p1a: Chansey|47\/100 psn\n|-unboost|p1a: Chansey|spa|1\n|\n|-damage|p1a: Chansey|35\/100 psn|[from] psn\n|upkeep\n|turn|41\n|\n|move|p2a: Carbink-EX|Diamond Storm|p1a: Chansey\n|-damage|p1a: Chansey|4\/100 psn\n|move|p1a: Chansey|Soft-Boiled|p1a: Chansey\n|-heal|p1a: Chansey|54\/100 psn\n|\n|-damage|p1a: Chansey|42\/100 psn|[from] psn\n|upkeep\n|turn|42\n|\n|move|p2a: Carbink-EX|Diamond Storm|p1a: Chansey|[miss]\n|-miss|p2a: Carbink-EX|p1a: Chansey\n|move|p1a: Chansey|Soft-Boiled|p1a: Chansey\n|-heal|p1a: Chansey|92\/100 psn\n|\n|-damage|p1a: Chansey|79\/100 psn|[from] psn\n|upkeep\n|turn|43\n|\n|switch|p2a: Flooffy Paws|Landorus-Therian, M|48\/100\n|-ability|p2a: Flooffy Paws|Intimidate|boost\n|-unboost|p1a: Chansey|atk|1\n|move|p1a: Chansey|Heal Bell|p1a: Chansey\n|-activate|p1a: Chansey|move: Heal Bell\n|-curestatus|p1a: Chansey|psn|[msg]\n|-curestatus|p1: Tangrowth|tox|[msg]\n|\n|-heal|p2a: Flooffy Paws|54\/100|[from] item: Leftovers\n|upkeep\n|turn|44\n|\n|move|p2a: Flooffy Paws|U-turn|p1a: Chansey\n|-damage|p1a: Chansey|65\/100\n|\n|switch|p2a: Carbink-EX|Diancie-Mega|100\/100\n|move|p1a: Chansey|Seismic Toss|p2a: Carbink-EX\n|-damage|p2a: Carbink-EX|59\/100\n|\n|upkeep\n|turn|45\n|\n|move|p2a: Carbink-EX|Diamond Storm|p1a: Chansey\n|-damage|p1a: Chansey|31\/100\n|-boost|p2a: Carbink-EX|def|2\n|move|p1a: Chansey|Soft-Boiled|p1a: Chansey\n|-heal|p1a: Chansey|81\/100\n|\n|upkeep\n|turn|46\n|j| bawdy zzs\n|\n|switch|p2a: Top Bull|Tapu Bulu|71\/100\n|-fieldstart|move: Grassy Terrain|[from] ability: Grassy Surge|[of] p2a: Top Bull\n|move|p1a: Chansey|Stealth Rock|p2a: Top Bull\n|-sidestart|p2: Ohmboy Tesla|move: Stealth Rock\n|\n|-heal|p2a: Top Bull|77\/100|[from] item: Leftovers\n|-heal|p2a: Top Bull|83\/100|[from] Grassy Terrain\n|-heal|p1a: Chansey|87\/100|[from] Grassy Terrain\n|upkeep\n|turn|47\n|\n|switch|p1a: Tangrowth|Tangrowth, M|71\/100\n|-status|p1a: Tangrowth|psn\n|move|p2a: Top Bull|Horn Leech|p1a: Tangrowth\n|-resisted|p1a: Tangrowth\n|-damage|p1a: Tangrowth|57\/100 psn\n|-heal|p2a: Top Bull|92\/100|[from] drain|[of] p1a: Tangrowth\n|\n|-heal|p2a: Top Bull|98\/100|[from] item: Leftovers\n|-heal|p2a: Top Bull|100\/100|[from] Grassy Terrain\n|-heal|p1a: Tangrowth|63\/100 psn|[from] Grassy Terrain\n|-damage|p1a: Tangrowth|51\/100 psn|[from] psn\n|upkeep\n|turn|48\n|\n|move|p2a: Top Bull|Protect|p2a: Top Bull\n|-singleturn|p2a: Top Bull|Protect\n|move|p1a: Tangrowth|Knock Off|p2a: Top Bull\n|-activate|p2a: Top Bull|move: Protect\n|\n|-heal|p1a: Tangrowth|57\/100 psn|[from] Grassy Terrain\n|-damage|p1a: Tangrowth|45\/100 psn|[from] psn\n|upkeep\n|turn|49\n|\n|move|p2a: Top Bull|Nature's Madness|p1a: Tangrowth\n|-damage|p1a: Tangrowth|23\/100 psn\n|move|p1a: Tangrowth|Knock Off|p2a: Top Bull\n|-resisted|p2a: Top Bull\n|-damage|p2a: Top Bull|91\/100\n|-enditem|p2a: Top Bull|Leftovers|[from] move: Knock Off|[of] p1a: Tangrowth\n|\n|-heal|p2a: Top Bull|98\/100|[from] Grassy Terrain\n|-heal|p1a: Tangrowth|29\/100 psn|[from] Grassy Terrain\n|-damage|p1a: Tangrowth|16\/100 psn|[from] psn\n|upkeep\n|turn|50\n|\n|switch|p1a: Magearna|Magearna|40\/100\n|move|p2a: Top Bull|Horn Leech|p1a: Magearna\n|-resisted|p1a: Magearna\n|-damage|p1a: Magearna|19\/100\n|-heal|p2a: Top Bull|100\/100|[from] drain|[of] p1a: Magearna\n|\n|-heal|p1a: Magearna|25\/100|[from] item: Leftovers\n|-heal|p1a: Magearna|31\/100|[from] Grassy Terrain\n|-fieldend|move: Grassy Terrain\n|upkeep\n|turn|51\n|\n|move|p2a: Top Bull|Leech Seed|p1a: Magearna\n|-start|p1a: Magearna|move: Leech Seed\n|move|p1a: Magearna|Pain Split|p2a: Top Bull\n|-sethp|p2a: Top Bull|67\/100|p1a: Magearna|62\/100|[from] move: Pain Split\n|\n|-heal|p1a: Magearna|68\/100|[from] item: Leftovers\n|-damage|p1a: Magearna|56\/100|[from] Leech Seed|[of] p2a: Top Bull\n|-heal|p2a: Top Bull|81\/100|[silent]\n|upkeep\n|turn|52\n|\n|switch|p2a: scRotom-Wash|Rotom-Wash|87\/100\n|-damage|p2a: scRotom-Wash|75\/100|[from] Stealth Rock\n|switch|p1a: Tangrowth|Tangrowth, M|50\/100 psn\n|\n|-heal|p2a: scRotom-Wash|81\/100|[from] item: Leftovers\n|-damage|p1a: Tangrowth|37\/100 psn|[from] psn\n|upkeep\n|turn|53\n|\n|move|p2a: scRotom-Wash|Volt Switch|p1a: Tangrowth\n|-resisted|p1a: Tangrowth\n|-damage|p1a: Tangrowth|24\/100 psn\n|\n|switch|p2a: Top Bull|Tapu Bulu|81\/100\n|-damage|p2a: Top Bull|68\/100|[from] Stealth Rock\n|-fieldstart|move: Grassy Terrain|[from] ability: Grassy Surge|[of] p2a: Top Bull\n|move|p1a: Tangrowth|Energy Ball|p2a: Top Bull\n|-resisted|p2a: Top Bull\n|-damage|p2a: Top Bull|48\/100\n|\n|-heal|p2a: Top Bull|54\/100|[from] Grassy Terrain\n|-heal|p1a: Tangrowth|30\/100 psn|[from] Grassy Terrain\n|-damage|p1a: Tangrowth|18\/100 psn|[from] psn\n|upkeep\n|turn|54\n|\n|switch|p1a: Magearna|Magearna|56\/100\n|move|p2a: Top Bull|Horn Leech|p1a: Magearna\n|-resisted|p1a: Magearna\n|-damage|p1a: Magearna|35\/100\n|-heal|p2a: Top Bull|65\/100|[from] drain|[of] p1a: Magearna\n|\n|-heal|p2a: Top Bull|72\/100|[from] Grassy Terrain\n|-heal|p1a: Magearna|41\/100|[from] item: Leftovers\n|-heal|p1a: Magearna|47\/100|[from] Grassy Terrain\n|upkeep\n|turn|55\n|inactive|Battle timer is ON: inactive players will automatically lose when time's up. (requested by lcezasfuck)\n|\n|move|p2a: Top Bull|Horn Leech|p1a: Magearna\n|-resisted|p1a: Magearna\n|-damage|p1a: Magearna|27\/100\n|-heal|p2a: Top Bull|82\/100|[from] drain|[of] p1a: Magearna\n|move|p1a: Magearna|Calm Mind|p1a: Magearna\n|-boost|p1a: Magearna|spa|1\n|-boost|p1a: Magearna|spd|1\n|\n|-heal|p2a: Top Bull|89\/100|[from] Grassy Terrain\n|-heal|p1a: Magearna|33\/100|[from] item: Leftovers\n|-heal|p1a: Magearna|40\/100|[from] Grassy Terrain\n|upkeep\n|turn|56\n|\n|move|p2a: Top Bull|Horn Leech|p1a: Magearna\n|-resisted|p1a: Magearna\n|-damage|p1a: Magearna|18\/100\n|-heal|p2a: Top Bull|99\/100|[from] drain|[of] p1a: Magearna\n|move|p1a: Magearna|Flash Cannon|p2a: Top Bull\n|-supereffective|p2a: Top Bull\n|-damage|p2a: Top Bull|25\/100\n|\n|-heal|p2a: Top Bull|31\/100|[from] Grassy Terrain\n|-heal|p1a: Magearna|24\/100|[from] item: Leftovers\n|-heal|p1a: Magearna|30\/100|[from] Grassy Terrain\n|upkeep\n|turn|57\n|\n|move|p2a: Top Bull|Horn Leech|p1a: Magearna\n|-resisted|p1a: Magearna\n|-damage|p1a: Magearna|7\/100\n|-heal|p2a: Top Bull|44\/100|[from] drain|[of] p1a: Magearna\n|move|p1a: Magearna|Flash Cannon|p2a: Top Bull\n|-supereffective|p2a: Top Bull\n|-damage|p2a: Top Bull|0 fnt\n|faint|p2a: Top Bull\n|-ability|p1a: Magearna|Soul-Heart|boost\n|-boost|p1a: Magearna|spa|1\n|\n|-heal|p1a: Magearna|13\/100|[from] item: Leftovers\n|-heal|p1a: Magearna|19\/100|[from] Grassy Terrain\n|-fieldend|move: Grassy Terrain\n|upkeep\n|\n|switch|p2a: Carbink-EX|Diancie-Mega|59\/100\n|-damage|p2a: Carbink-EX|47\/100|[from] Stealth Rock\n|turn|58\n|\n|move|p2a: Carbink-EX|Earth Power|p1a: Magearna\n|-supereffective|p1a: Magearna\n|-damage|p1a: Magearna|0 fnt\n|faint|p1a: Magearna\n|\n|upkeep\n|\n|switch|p1a: Quagsire|Quagsire, M|100\/100\n|-status|p1a: Quagsire|psn\n|turn|59\n|\n|switch|p2a: scRotom-Wash|Rotom-Wash|81\/100\n|-damage|p2a: scRotom-Wash|69\/100|[from] Stealth Rock\n|move|p1a: Quagsire|Toxic|p2a: scRotom-Wash\n|-status|p2a: scRotom-Wash|tox\n|\n|-heal|p2a: scRotom-Wash|75\/100 tox|[from] item: Leftovers\n|-damage|p2a: scRotom-Wash|69\/100 tox|[from] psn\n|-damage|p1a: Quagsire|88\/100 psn|[from] psn\n|upkeep\n|turn|60\n|\n|switch|p1a: Sableye|Sableye-Mega, M|65\/100\n|-status|p1a: Sableye|psn\n|move|p2a: scRotom-Wash|Volt Switch|p1a: Sableye\n|-damage|p1a: Sableye|45\/100 psn\n|\n|switch|p2a: Carbink-EX|Diancie-Mega|47\/100\n|-damage|p2a: Carbink-EX|34\/100|[from] Stealth Rock\n|\n|-damage|p1a: Sableye|33\/100 psn|[from] psn\n|upkeep\n|turn|61\n|\n|move|p2a: Carbink-EX|Diamond Storm|p1a: Sableye\n|-damage|p1a: Sableye|0 fnt\n|-boost|p2a: Carbink-EX|def|2\n|faint|p1a: Sableye\n|\n|upkeep\n|\n|switch|p1a: Chansey|Chansey, F|87\/100\n|-status|p1a: Chansey|psn\n|turn|62\n|\n|move|p2a: Carbink-EX|Diamond Storm|p1a: Chansey\n|-damage|p1a: Chansey|56\/100 psn\n|-boost|p2a: Carbink-EX|def|2\n|move|p1a: Chansey|Heal Bell|p1a: Chansey\n|-activate|p1a: Chansey|move: Heal Bell\n|-curestatus|p1a: Chansey|psn|[msg]\n|-curestatus|p1: Quagsire|psn|[msg]\n|-curestatus|p1: Tangrowth|psn|[msg]\n|\n|upkeep\n|turn|63\n|\n|move|p2a: Carbink-EX|Diamond Storm|p1a: Chansey\n|-damage|p1a: Chansey|20\/100\n|move|p1a: Chansey|Soft-Boiled|p1a: Chansey\n|-heal|p1a: Chansey|70\/100\n|\n|upkeep\n|turn|64\n|c|\u2606lcezasfuck|so close\n|\n|move|p2a: Carbink-EX|Diamond Storm|p1a: Chansey\n|-damage|p1a: Chansey|37\/100\n|-boost|p2a: Carbink-EX|def|2\n|move|p1a: Chansey|Soft-Boiled|p1a: Chansey\n|-heal|p1a: Chansey|87\/100\n|\n|upkeep\n|turn|65\n|\n|move|p2a: Carbink-EX|Moonblast|p1a: Chansey\n|-damage|p1a: Chansey|67\/100\n|move|p1a: Chansey|Soft-Boiled|p1a: Chansey\n|-heal|p1a: Chansey|100\/100\n|\n|upkeep\n|turn|66\n|\n|switch|p2a: scRotom-Wash|Rotom-Wash|69\/100 tox\n|-damage|p2a: scRotom-Wash|56\/100 tox|[from] Stealth Rock\n|move|p1a: Chansey|Seismic Toss|p2a: scRotom-Wash\n|-damage|p2a: scRotom-Wash|23\/100 tox\n|\n|-heal|p2a: scRotom-Wash|29\/100 tox|[from] item: Leftovers\n|-damage|p2a: scRotom-Wash|23\/100 tox|[from] psn\n|upkeep\n|turn|67\n|c|\u2606lcezasfuck|gg\n|\n|move|p2a: scRotom-Wash|Will-O-Wisp|p1a: Chansey|[miss]\n|-miss|p2a: scRotom-Wash|p1a: Chansey\n|move|p1a: Chansey|Seismic Toss|p2a: scRotom-Wash\n|-damage|p2a: scRotom-Wash|0 fnt\n|faint|p2a: scRotom-Wash\n|\n|upkeep\n|\n|switch|p2a: Flooffy Paws|Landorus-Therian, M|54\/100\n|-damage|p2a: Flooffy Paws|42\/100|[from] Stealth Rock\n|-ability|p2a: Flooffy Paws|Intimidate|boost\n|-unboost|p1a: Chansey|atk|1\n|turn|68\n|\n|move|p2a: Flooffy Paws|Earthquake|p1a: Chansey\n|-damage|p1a: Chansey|69\/100\n|move|p1a: Chansey|Seismic Toss|p2a: Flooffy Paws\n|-damage|p2a: Flooffy Paws|16\/100\n|\n|-heal|p2a: Flooffy Paws|22\/100|[from] item: Leftovers\n|upkeep\n|turn|69\n|\n|move|p2a: Flooffy Paws|Earthquake|p1a: Chansey\n|-damage|p1a: Chansey|36\/100\n|move|p1a: Chansey|Soft-Boiled|p1a: Chansey\n|-heal|p1a: Chansey|86\/100\n|\n|-heal|p2a: Flooffy Paws|28\/100|[from] item: Leftovers\n|upkeep\n|turn|70\n|\n|move|p2a: Flooffy Paws|Toxic|p1a: Chansey\n|-status|p1a: Chansey|tox\n|move|p1a: Chansey|Seismic Toss|p2a: Flooffy Paws\n|-damage|p2a: Flooffy Paws|2\/100\n|\n|-heal|p2a: Flooffy Paws|8\/100|[from] item: Leftovers\n|-damage|p1a: Chansey|80\/100 tox|[from] psn\n|upkeep\n|turn|71\n|\n|move|p2a: Flooffy Paws|Earthquake|p1a: Chansey\n|-damage|p1a: Chansey|50\/100 tox\n|move|p1a: Chansey|Seismic Toss|p2a: Flooffy Paws\n|-damage|p2a: Flooffy Paws|0 fnt\n|faint|p2a: Flooffy Paws\n|\n|-damage|p1a: Chansey|38\/100 tox|[from] psn\n|upkeep\n|\n|switch|p2a: Carbink-EX|Diancie-Mega|34\/100\n|-damage|p2a: Carbink-EX|22\/100|[from] Stealth Rock\n|turn|72\n|c|\u2606Ohmboy Tesla|gg\n|\n|move|p2a: Carbink-EX|Moonblast|p1a: Chansey\n|-damage|p1a: Chansey|20\/100 tox\n|-unboost|p1a: Chansey|spa|1\n|move|p1a: Chansey|Seismic Toss|p2a: Carbink-EX\n|-damage|p2a: Carbink-EX|0 fnt\n|faint|p2a: Carbink-EX\n|\n|win|lcezasfuck\n|raw|lcezasfuck's rating: 1717 &rarr; <strong>1734<\/strong><br \/>(+17 for winning)\n|raw|Ohmboy Tesla's rating: 1658 &rarr; <strong>1641<\/strong><br \/>(-17 for losing)\n","inputlog":null,"uploadtime":1526128992,"views":5,"p1id":"lcezasfuck","p2id":"ohmboytesla","formatid":"gen7ou","rating":1641,"private":0,"password":null}