{"id":"gen7ou-975763340","p1":"xueyuxiayu","p2":"JoeyOwesMeMoney","format":"gen7ou","log":"|j|\u2606xueyuxiayu\n|j|\u2606JoeyOwesMeMoney\n|player|p1|xueyuxiayu|102|1755\n|player|p2|JoeyOwesMeMoney|170|1786\n|teamsize|p1|6\n|teamsize|p2|6\n|gametype|singles\n|gen|7\n|tier|[Gen 7] OU\n|rated|\n|rule|Sleep Clause Mod: Limit one foe put to sleep\n|rule|Species Clause: Limit one of each Pok\u00e9mon\n|rule|OHKO Clause: OHKO moves are banned\n|rule|Moody Clause: Moody is banned\n|rule|Evasion Moves Clause: Evasion moves are banned\n|rule|Endless Battle Clause: Forcing endless battles is banned\n|rule|HP Percentage Mod: HP is shown in percentages\n|clearpoke\n|poke|p1|Sableye, M|item\n|poke|p1|Shedinja|item\n|poke|p1|Chansey, F|item\n|poke|p1|Toxapex, M|item\n|poke|p1|Salamence, M|item\n|poke|p1|Murkrow, M|item\n|poke|p2|Skarmory, F|item\n|poke|p2|Chansey, F|item\n|poke|p2|Magnezone|item\n|poke|p2|Toxapex, F|item\n|poke|p2|Clefable, F|item\n|poke|p2|Sableye, M|item\n|teampreview\n|j| sdfiuyshvcxcv\n|\n|start\n|switch|p1a: Sableye|Sableye, M|100\/100\n|switch|p2a: Sableye|Sableye, M|100\/100\n|turn|1\n|\n|detailschange|p1a: Sableye|Sableye-Mega, M\n|-mega|p1a: Sableye|Sableye|Sablenite\n|move|p2a: Sableye|Protect|p2a: Sableye\n|-singleturn|p2a: Sableye|Protect\n|move|p1a: Sableye|Knock Off|p2a: Sableye\n|-activate|p2a: Sableye|move: Protect\n|\n|upkeep\n|turn|2\n|l| sdfiuyshvcxcv\n|\n|detailschange|p2a: Sableye|Sableye-Mega, M\n|-mega|p2a: Sableye|Sableye|Sablenite\n|move|p1a: Sableye|Knock Off|p2a: Sableye\n|-damage|p2a: Sableye|82\/100\n|move|p2a: Sableye|Knock Off|p1a: Sableye\n|-damage|p1a: Sableye|83\/100\n|\n|upkeep\n|turn|3\n|\n|move|p2a: Sableye|Knock Off|p1a: Sableye\n|-damage|p1a: Sableye|65\/100\n|move|p1a: Sableye|Knock Off|p2a: Sableye\n|-damage|p2a: Sableye|63\/100\n|\n|upkeep\n|turn|4\n|\n|move|p1a: Sableye|Knock Off|p2a: Sableye\n|-damage|p2a: Sableye|45\/100\n|move|p2a: Sableye|Knock Off|p1a: Sableye\n|-damage|p1a: Sableye|48\/100\n|\n|upkeep\n|turn|5\n|\n|move|p2a: Sableye|Recover|p2a: Sableye\n|-heal|p2a: Sableye|95\/100\n|move|p1a: Sableye|Recover|p1a: Sableye\n|-heal|p1a: Sableye|98\/100\n|\n|upkeep\n|turn|6\n|inactive|Battle timer is ON: inactive players will automatically lose when time's up. (requested by JoeyOwesMeMoney)\n|j| xxxaaaxxx\n|inactive|xueyuxiayu has 120 seconds left.\n|inactive|xueyuxiayu has 90 seconds left.\n|\n|switch|p1a: Toxapex|Toxapex, M|100\/100\n|move|p2a: Sableye|Knock Off|p1a: Toxapex\n|-damage|p1a: Toxapex|89\/100\n|\n|upkeep\n|turn|7\n|\n|switch|p1a: Sableye|Sableye-Mega, M|98\/100\n|move|p2a: Sableye|Protect||[still]\n|-fail|p2a: Sableye\n|\n|upkeep\n|turn|8\n|\n|move|p1a: Sableye|Knock Off|p2a: Sableye\n|-damage|p2a: Sableye|78\/100\n|move|p2a: Sableye|Knock Off|p1a: Sableye\n|-damage|p1a: Sableye|82\/100\n|\n|upkeep\n|turn|9\n|\n|move|p1a: Sableye|Knock Off|p2a: Sableye\n|-crit|p2a: Sableye\n|-damage|p2a: Sableye|48\/100\n|move|p2a: Sableye|Knock Off|p1a: Sableye\n|-damage|p1a: Sableye|64\/100\n|\n|upkeep\n|turn|10\n|\n|move|p1a: Sableye|Knock Off|p2a: Sableye\n|-damage|p2a: Sableye|29\/100\n|move|p2a: Sableye|Recover|p2a: Sableye\n|-heal|p2a: Sableye|79\/100\n|\n|upkeep\n|turn|11\n|\n|move|p1a: Sableye|Recover|p1a: Sableye\n|-heal|p1a: Sableye|100\/100\n|move|p2a: Sableye|Knock Off|p1a: Sableye\n|-damage|p1a: Sableye|83\/100\n|\n|upkeep\n|turn|12\n|\n|switch|p1a: Toxapex|Toxapex, M|100\/100\n|move|p2a: Sableye|Knock Off|p1a: Toxapex\n|-damage|p1a: Toxapex|89\/100\n|\n|upkeep\n|turn|13\n|\n|move|p2a: Sableye|Protect|p2a: Sableye\n|-singleturn|p2a: Sableye|Protect\n|move|p1a: Toxapex|Scald|p2a: Sableye\n|-activate|p2a: Sableye|move: Protect\n|\n|upkeep\n|turn|14\n|\n|switch|p1a: Sableye|Sableye-Mega, M|83\/100\n|switch|p2a: Toxapex|Toxapex, F|100\/100\n|\n|upkeep\n|turn|15\n|\n|switch|p1a: Toxapex|Toxapex, M|100\/100\n|move|p2a: Toxapex|Scald|p1a: Toxapex\n|-resisted|p1a: Toxapex\n|-damage|p1a: Toxapex|93\/100\n|-status|p1a: Toxapex|brn\n|\n|-damage|p1a: Toxapex|87\/100 brn|[from] brn\n|upkeep\n|turn|16\n|\n|switch|p2a: Chansey|Chansey, F|100\/100\n|move|p1a: Toxapex|Scald|p2a: Chansey\n|-damage|p2a: Chansey|95\/100\n|\n|-damage|p1a: Toxapex|81\/100 brn|[from] brn\n|upkeep\n|turn|17\n|\n|switch|p2a: Sableye|Sableye-Mega, M|79\/100\n|move|p1a: Toxapex|Toxic Spikes|p2a: Sableye\n|move|p2a: Sableye|Toxic Spikes|p1a: Toxapex|[from]Magic Bounce\n|-sidestart|p1: xueyuxiayu|move: Toxic Spikes\n|\n|-damage|p1a: Toxapex|75\/100 brn|[from] brn\n|upkeep\n|turn|18\n|\n|move|p1a: Toxapex|Scald|p2a: Sableye\n|-damage|p2a: Sableye|66\/100\n|move|p2a: Sableye|Knock Off|p1a: Toxapex\n|-crit|p1a: Toxapex\n|-damage|p1a: Toxapex|59\/100 brn\n|\n|-damage|p1a: Toxapex|53\/100 brn|[from] brn\n|upkeep\n|turn|19\n|\n|move|p1a: Toxapex|Recover|p1a: Toxapex\n|-heal|p1a: Toxapex|100\/100 brn\n|move|p2a: Sableye|Recover|p2a: Sableye\n|-heal|p2a: Sableye|100\/100\n|\n|-damage|p1a: Toxapex|95\/100 brn|[from] brn\n|upkeep\n|turn|20\n|\n|switch|p2a: Chansey|Chansey, F|95\/100\n|move|p1a: Toxapex|Scald|p2a: Chansey\n|-damage|p2a: Chansey|91\/100\n|\n|-damage|p1a: Toxapex|89\/100 brn|[from] brn\n|upkeep\n|turn|21\n|\n|move|p2a: Chansey|Stealth Rock|p1a: Toxapex\n|-sidestart|p1: xueyuxiayu|move: Stealth Rock\n|move|p1a: Toxapex|Toxic Spikes|p2a: Chansey\n|-sidestart|p2: JoeyOwesMeMoney|move: Toxic Spikes\n|\n|-damage|p1a: Toxapex|83\/100 brn|[from] brn\n|upkeep\n|turn|22\n|\n|switch|p2a: Toxapex|Toxapex, F|100\/100\n|-sideend|p2: JoeyOwesMeMoney|move: Toxic Spikes|[of] p2a: Toxapex\n|switch|p1a: Murkrow|Murkrow, M|100\/100\n|-damage|p1a: Murkrow|75\/100|[from] Stealth Rock\n|\n|upkeep\n|turn|23\n|\n|move|p1a: Murkrow|Mean Look|p2a: Toxapex\n|-activate|p2a: Toxapex|trapped\n|move|p2a: Toxapex|Toxic Spikes|p1a: Murkrow\n|-sidestart|p1: xueyuxiayu|move: Toxic Spikes\n|\n|upkeep\n|turn|24\n|\n|move|p1a: Murkrow|Taunt|p2a: Toxapex\n|-start|p2a: Toxapex|move: Taunt\n|move|p2a: Toxapex|Scald|p1a: Murkrow\n|-damage|p1a: Murkrow|60\/100\n|\n|upkeep\n|turn|25\n|\n|move|p1a: Murkrow|Perish Song|p1a: Murkrow\n|-start|p1a: Murkrow|perish3|[silent]\n|-start|p2a: Toxapex|perish3|[silent]\n|-fieldactivate|move: Perish Song\n|move|p2a: Toxapex|Scald|p1a: Murkrow\n|-damage|p1a: Murkrow|43\/100\n|\n|-start|p1a: Murkrow|perish3\n|-start|p2a: Toxapex|perish3\n|upkeep\n|turn|26\n|\n|move|p1a: Murkrow|Roost|p1a: Murkrow\n|-heal|p1a: Murkrow|93\/100\n|-singleturn|p1a: Murkrow|move: Roost\n|move|p2a: Toxapex|Scald|p1a: Murkrow\n|-damage|p1a: Murkrow|78\/100\n|\n|-end|p2a: Toxapex|move: Taunt\n|-start|p1a: Murkrow|perish2\n|-start|p2a: Toxapex|perish2\n|upkeep\n|turn|27\n|\n|move|p1a: Murkrow|Taunt|p2a: Toxapex\n|-start|p2a: Toxapex|move: Taunt\n|cant|p2a: Toxapex|move: Taunt|Haze\n|\n|-start|p1a: Murkrow|perish1\n|-start|p2a: Toxapex|perish1\n|upkeep\n|turn|28\n|\n|switch|p1a: Toxapex|Toxapex, M|100\/100 brn\n|-sideend|p1: xueyuxiayu|move: Toxic Spikes|[of] p1a: Toxapex\n|-damage|p1a: Toxapex|88\/100 brn|[from] Stealth Rock\n|move|p2a: Toxapex|Scald|p1a: Toxapex\n|-resisted|p1a: Toxapex\n|-damage|p1a: Toxapex|81\/100 brn\n|\n|-damage|p1a: Toxapex|75\/100 brn|[from] brn\n|-start|p2a: Toxapex|perish0\n|upkeep\n|faint|p2a: Toxapex\n|\n|switch|p2a: Magnezone|Magnezone|100\/100\n|turn|29\n|\n|switch|p1a: Chansey|Chansey, F|100\/100\n|-damage|p1a: Chansey|88\/100|[from] Stealth Rock\n|move|p2a: Magnezone|Volt Switch|p1a: Chansey\n|-damage|p1a: Chansey|77\/100\n|\n|switch|p2a: Sableye|Sableye-Mega, M|100\/100|[from]move: Volt Switch\n|\n|upkeep\n|turn|30\n|\n|switch|p1a: Salamence|Salamence, M|100\/100\n|-damage|p1a: Salamence|76\/100|[from] Stealth Rock\n|-ability|p1a: Salamence|Intimidate|boost\n|-unboost|p2a: Sableye|atk|1\n|switch|p2a: Magnezone|Magnezone|100\/100\n|\n|-heal|p1a: Salamence|82\/100|[from] item: Leftovers\n|upkeep\n|turn|31\n|\n|move|p2a: Magnezone|Volt Switch|p1a: Salamence\n|-damage|p1a: Salamence|43\/100\n|\n|switch|p2a: Clefable|Clefable, F|100\/100|[from]move: Volt Switch\n|move|p1a: Salamence|Earthquake|p2a: Clefable\n|-damage|p2a: Clefable|78\/100\n|\n|-heal|p1a: Salamence|49\/100|[from] item: Leftovers\n|-heal|p2a: Clefable|84\/100|[from] item: Leftovers\n|upkeep\n|turn|32\n|\n|switch|p1a: Toxapex|Toxapex, M|100\/100 brn\n|-damage|p1a: Toxapex|88\/100 brn|[from] Stealth Rock\n|switch|p2a: Magnezone|Magnezone|100\/100\n|\n|-damage|p1a: Toxapex|82\/100 brn|[from] brn\n|upkeep\n|turn|33\n|inactive|xueyuxiayu has 120 seconds left.\n|\n|move|p2a: Magnezone|Volt Switch|p1a: Toxapex\n|-supereffective|p1a: Toxapex\n|-damage|p1a: Toxapex|25\/100 brn\n|\n|switch|p2a: Sableye|Sableye-Mega, M|100\/100|[from]move: Volt Switch\n|move|p1a: Toxapex|Recover|p1a: Toxapex\n|-heal|p1a: Toxapex|75\/100 brn\n|\n|-damage|p1a: Toxapex|69\/100 brn|[from] brn\n|upkeep\n|turn|34\n|\n|switch|p1a: Sableye|Sableye-Mega, M|83\/100\n|-damage|p1a: Sableye|70\/100|[from] Stealth Rock\n|switch|p2a: Chansey|Chansey, F|91\/100\n|\n|upkeep\n|turn|35\n|\n|switch|p2a: Sableye|Sableye-Mega, M|100\/100\n|move|p1a: Sableye|Recover|p1a: Sableye\n|-heal|p1a: Sableye|100\/100\n|\n|upkeep\n|turn|36\n|\n|move|p2a: Sableye|Knock Off|p1a: Sableye\n|-damage|p1a: Sableye|84\/100\n|move|p1a: Sableye|Knock Off|p2a: Sableye\n|-damage|p2a: Sableye|83\/100\n|\n|upkeep\n|turn|37\n|\n|switch|p1a: Salamence|Salamence, M|49\/100\n|-damage|p1a: Salamence|25\/100|[from] Stealth Rock\n|-ability|p1a: Salamence|Intimidate|boost\n|-unboost|p2a: Sableye|atk|1\n|move|p2a: Sableye|Knock Off|p1a: Salamence\n|-damage|p1a: Salamence|3\/100\n|-enditem|p1a: Salamence|Leftovers|[from] move: Knock Off|[of] p2a: Sableye\n|\n|upkeep\n|turn|38\n|\n|switch|p2a: Clefable|Clefable, F|84\/100\n|move|p1a: Salamence|Roost|p1a: Salamence\n|-heal|p1a: Salamence|53\/100\n|-singleturn|p1a: Salamence|move: Roost\n|\n|-heal|p2a: Clefable|90\/100|[from] item: Leftovers\n|upkeep\n|turn|39\n|\n|switch|p1a: Chansey|Chansey, F|77\/100\n|-damage|p1a: Chansey|65\/100|[from] Stealth Rock\n|move|p2a: Clefable|Moonblast|p1a: Chansey\n|-damage|p1a: Chansey|54\/100\n|\n|-heal|p2a: Clefable|96\/100|[from] item: Leftovers\n|upkeep\n|turn|40\n|\n|switch|p2a: Sableye|Sableye-Mega, M|83\/100\n|move|p1a: Chansey|Soft-Boiled|p1a: Chansey\n|-heal|p1a: Chansey|100\/100\n|\n|upkeep\n|turn|41\n|\n|switch|p1a: Toxapex|Toxapex, M|100\/100 brn\n|-damage|p1a: Toxapex|88\/100 brn|[from] Stealth Rock\n|move|p2a: Sableye|Knock Off|p1a: Toxapex\n|-damage|p1a: Toxapex|77\/100 brn\n|\n|-damage|p1a: Toxapex|71\/100 brn|[from] brn\n|upkeep\n|turn|42\n|\n|switch|p2a: Chansey|Chansey, F|91\/100\n|move|p1a: Toxapex|Scald|p2a: Chansey\n|-damage|p2a: Chansey|85\/100\n|\n|-damage|p1a: Toxapex|66\/100 brn|[from] brn\n|upkeep\n|turn|43\n|\n|switch|p2a: Sableye|Sableye-Mega, M|83\/100\n|move|p1a: Toxapex|Toxic Spikes|p2a: Sableye\n|move|p2a: Sableye|Toxic Spikes|p1a: Toxapex|[from]Magic Bounce\n|-sidestart|p1: xueyuxiayu|move: Toxic Spikes\n|\n|-damage|p1a: Toxapex|60\/100 brn|[from] brn\n|upkeep\n|turn|44\n|\n|switch|p2a: Skarmory|Skarmory, F|100\/100\n|move|p1a: Toxapex|Scald|p2a: Skarmory\n|-damage|p2a: Skarmory|76\/100\n|-status|p2a: Skarmory|brn\n|\n|-damage|p2a: Skarmory|70\/100 brn|[from] brn\n|-damage|p1a: Toxapex|54\/100 brn|[from] brn\n|upkeep\n|turn|45\n|\n|move|p2a: Skarmory|Spikes|p1a: Toxapex\n|-sidestart|p1: xueyuxiayu|Spikes\n|move|p1a: Toxapex|Recover|p1a: Toxapex\n|-heal|p1a: Toxapex|100\/100 brn\n|\n|-damage|p2a: Skarmory|64\/100 brn|[from] brn\n|-damage|p1a: Toxapex|95\/100 brn|[from] brn\n|upkeep\n|turn|46\n|\n|switch|p2a: Magnezone|Magnezone|100\/100\n|switch|p1a: Chansey|Chansey, F|100\/100\n|-damage|p1a: Chansey|88\/100|[from] Spikes\n|-damage|p1a: Chansey|76\/100|[from] Stealth Rock\n|-status|p1a: Chansey|psn\n|\n|-damage|p1a: Chansey|63\/100 psn|[from] psn\n|upkeep\n|turn|47\n|\n|move|p2a: Magnezone|Volt Switch|p1a: Chansey\n|-damage|p1a: Chansey|52\/100 psn\n|j| pkimun\n|\n|switch|p2a: Clefable|Clefable, F|96\/100|[from]move: Volt Switch\n|move|p1a: Chansey|Soft-Boiled|p1a: Chansey\n|-heal|p1a: Chansey|100\/100 psn\n|\n|-heal|p2a: Clefable|100\/100|[from] item: Leftovers\n|-damage|p1a: Chansey|88\/100 psn|[from] psn\n|upkeep\n|turn|48\n|\n|switch|p2a: Sableye|Sableye-Mega, M|83\/100\n|move|p1a: Chansey|Stealth Rock|p2a: Sableye\n|move|p2a: Sableye|Stealth Rock||[from]Magic Bounce|[still]\n|-fail|p2a: Sableye\n|\n|-damage|p1a: Chansey|76\/100 psn|[from] psn\n|upkeep\n|turn|49\n|\n|switch|p1a: Salamence|Salamence, M|53\/100\n|-damage|p1a: Salamence|28\/100|[from] Stealth Rock\n|-ability|p1a: Salamence|Intimidate|boost\n|-unboost|p2a: Sableye|atk|1\n|move|p2a: Sableye|Knock Off|p1a: Salamence\n|-damage|p1a: Salamence|14\/100\n|\n|upkeep\n|turn|50\n|inactive|JoeyOwesMeMoney has 120 seconds left.\n|\n|switch|p2a: Clefable|Clefable, F|100\/100\n|move|p1a: Salamence|Defog|p2a: Clefable\n|-unboost|p2a: Clefable|evasion|1\n|-sideend|p1: xueyuxiayu|Spikes|[from] move: Defog|[of] p1a: Salamence\n|-sideend|p1: xueyuxiayu|Toxic Spikes|[from] move: Defog|[of] p1a: Salamence\n|-sideend|p1: xueyuxiayu|Stealth Rock|[from] move: Defog|[of] p1a: Salamence\n|\n|upkeep\n|turn|51\n|inactive|JoeyOwesMeMoney has 120 seconds left.\n|\n|switch|p1a: Chansey|Chansey, F|76\/100\n|switch|p2a: Sableye|Sableye-Mega, M|83\/100\n|\n|upkeep\n|turn|52\n|\n|switch|p1a: Sableye|Sableye-Mega, M|84\/100\n|move|p2a: Sableye|Knock Off|p1a: Sableye\n|-damage|p1a: Sableye|67\/100\n|\n|upkeep\n|turn|53\n|\n|move|p1a: Sableye|Knock Off|p2a: Sableye\n|-damage|p2a: Sableye|66\/100\n|move|p2a: Sableye|Knock Off|p1a: Sableye\n|-damage|p1a: Sableye|50\/100\n|\n|upkeep\n|turn|54\n|\n|move|p2a: Sableye|Knock Off|p1a: Sableye\n|-damage|p1a: Sableye|33\/100\n|move|p1a: Sableye|Recover|p1a: Sableye\n|-heal|p1a: Sableye|83\/100\n|\n|upkeep\n|turn|55\n|\n|move|p2a: Sableye|Knock Off|p1a: Sableye\n|-damage|p1a: Sableye|66\/100\n|move|p1a: Sableye|Knock Off|p2a: Sableye\n|-damage|p2a: Sableye|47\/100\n|\n|upkeep\n|turn|56\n|\n|move|p2a: Sableye|Recover|p2a: Sableye\n|-heal|p2a: Sableye|97\/100\n|move|p1a: Sableye|Knock Off|p2a: Sableye\n|-damage|p2a: Sableye|78\/100\n|\n|upkeep\n|turn|57\n|\n|move|p2a: Sableye|Knock Off|p1a: Sableye\n|-crit|p1a: Sableye\n|-damage|p1a: Sableye|40\/100\n|move|p1a: Sableye|Recover|p1a: Sableye\n|-heal|p1a: Sableye|90\/100\n|\n|upkeep\n|turn|58\n|\n|switch|p1a: Toxapex|Toxapex, M|100\/100 brn\n|move|p2a: Sableye|Knock Off|p1a: Toxapex\n|-damage|p1a: Toxapex|88\/100 brn\n|\n|-damage|p1a: Toxapex|82\/100 brn|[from] brn\n|upkeep\n|turn|59\n|\n|switch|p2a: Chansey|Chansey, F|85\/100\n|move|p1a: Toxapex|Scald|p2a: Chansey\n|-damage|p2a: Chansey|80\/100\n|\n|-damage|p1a: Toxapex|76\/100 brn|[from] brn\n|upkeep\n|turn|60\n|\n|switch|p2a: Sableye|Sableye-Mega, M|78\/100\n|switch|p1a: Sableye|Sableye-Mega, M|90\/100\n|\n|upkeep\n|turn|61\n|j| bygarde\n|inactive|JoeyOwesMeMoney has 120 seconds left.\n|\n|move|p2a: Sableye|Knock Off|p1a: Sableye\n|-damage|p1a: Sableye|73\/100\n|move|p1a: Sableye|Knock Off|p2a: Sableye\n|-damage|p2a: Sableye|59\/100\n|\n|upkeep\n|turn|62\n|\n|move|p2a: Sableye|Knock Off|p1a: Sableye\n|-damage|p1a: Sableye|58\/100\n|move|p1a: Sableye|Knock Off|p2a: Sableye\n|-damage|p2a: Sableye|42\/100\n|\n|upkeep\n|turn|63\n|\n|switch|p1a: Salamence|Salamence, M|14\/100\n|-ability|p1a: Salamence|Intimidate|boost\n|-unboost|p2a: Sableye|atk|1\n|move|p2a: Sableye|Knock Off|p1a: Salamence\n|-damage|p1a: Salamence|2\/100\n|\n|upkeep\n|turn|64\n|\n|switch|p1a: Sableye|Sableye-Mega, M|58\/100\n|move|p2a: Sableye|Will-O-Wisp|p1a: Sableye\n|move|p1a: Sableye|Will-O-Wisp|p2a: Sableye|[from]Magic Bounce\n|-status|p2a: Sableye|brn\n|\n|-damage|p2a: Sableye|36\/100 brn|[from] brn\n|upkeep\n|turn|65\n|\n|move|p2a: Sableye|Recover|p2a: Sableye\n|-heal|p2a: Sableye|86\/100 brn\n|move|p1a: Sableye|Recover|p1a: Sableye\n|-heal|p1a: Sableye|100\/100\n|\n|-damage|p2a: Sableye|80\/100 brn|[from] brn\n|upkeep\n|turn|66\n|\n|switch|p2a: Clefable|Clefable, F|100\/100\n|switch|p1a: Murkrow|Murkrow, M|78\/100\n|\n|upkeep\n|turn|67\n|\n|switch|p1a: Toxapex|Toxapex, M|100\/100 brn\n|move|p2a: Clefable|Heal Bell|p2a: Clefable\n|-activate|p2a: Clefable|move: Heal Bell\n|-curestatus|p2: Skarmory|brn|[msg]\n|-curestatus|p2: Sableye|brn|[msg]\n|\n|-damage|p1a: Toxapex|95\/100 brn|[from] brn\n|upkeep\n|turn|68\n|\n|switch|p2a: Sableye|Sableye-Mega, M|80\/100\n|move|p1a: Toxapex|Scald|p2a: Sableye\n|-damage|p2a: Sableye|68\/100\n|\n|-damage|p1a: Toxapex|89\/100 brn|[from] brn\n|upkeep\n|turn|69\n|\n|switch|p2a: Chansey|Chansey, F|80\/100\n|move|p1a: Toxapex|Scald|p2a: Chansey\n|-damage|p2a: Chansey|74\/100\n|\n|-damage|p1a: Toxapex|83\/100 brn|[from] brn\n|upkeep\n|turn|70\n|\n|switch|p2a: Magnezone|Magnezone|100\/100\n|switch|p1a: Salamence|Salamence, M|2\/100\n|-ability|p1a: Salamence|Intimidate|boost\n|-unboost|p2a: Magnezone|atk|1\n|\n|upkeep\n|turn|71\n|\n|switch|p1a: Shedinja|Shedinja|100\/100\n|move|p2a: Magnezone|Volt Switch|p1a: Shedinja\n|-immune|p1a: Shedinja|[from] ability: Wonder Guard\n|\n|upkeep\n|turn|72\n|\n|switch|p2a: Sableye|Sableye-Mega, M|68\/100\n|move|p1a: Shedinja|Protect||[still]\n|-fail|p1a: Shedinja\n|\n|upkeep\n|turn|73\n|j| AL76\n|\n|switch|p1a: Sableye|Sableye-Mega, M|100\/100\n|move|p2a: Sableye|Knock Off|p1a: Sableye\n|-damage|p1a: Sableye|83\/100\n|\n|upkeep\n|turn|74\n|\n|move|p1a: Sableye|Knock Off|p2a: Sableye\n|-damage|p2a: Sableye|48\/100\n|move|p2a: Sableye|Knock Off|p1a: Sableye\n|-damage|p1a: Sableye|66\/100\n|\n|upkeep\n|turn|75\n|\n|move|p1a: Sableye|Knock Off|p2a: Sableye\n|-damage|p2a: Sableye|30\/100\n|move|p2a: Sableye|Recover|p2a: Sableye\n|-heal|p2a: Sableye|80\/100\n|\n|upkeep\n|turn|76\n|\n|move|p2a: Sableye|Knock Off|p1a: Sableye\n|-damage|p1a: Sableye|49\/100\n|move|p1a: Sableye|Knock Off|p2a: Sableye\n|-damage|p2a: Sableye|63\/100\n|\n|upkeep\n|turn|77\n|\n|move|p2a: Sableye|Knock Off|p1a: Sableye\n|-damage|p1a: Sableye|33\/100\n|move|p1a: Sableye|Recover|p1a: Sableye\n|-heal|p1a: Sableye|83\/100\n|\n|upkeep\n|turn|78\n|\n|switch|p1a: Toxapex|Toxapex, M|100\/100 brn\n|move|p2a: Sableye|Knock Off|p1a: Toxapex\n|-damage|p1a: Toxapex|89\/100 brn\n|\n|-damage|p1a: Toxapex|83\/100 brn|[from] brn\n|upkeep\n|turn|79\n|\n|switch|p2a: Chansey|Chansey, F|74\/100\n|move|p1a: Toxapex|Toxic Spikes|p2a: Chansey\n|-sidestart|p2: JoeyOwesMeMoney|move: Toxic Spikes\n|\n|-damage|p1a: Toxapex|77\/100 brn|[from] brn\n|upkeep\n|turn|80\n|\n|switch|p2a: Skarmory|Skarmory, F|64\/100\n|switch|p1a: Murkrow|Murkrow, M|78\/100\n|\n|upkeep\n|turn|81\n|\n|switch|p2a: Magnezone|Magnezone|100\/100\n|move|p1a: Murkrow|Taunt|p2a: Magnezone\n|-start|p2a: Magnezone|move: Taunt\n|\n|upkeep\n|turn|82\n|\n|move|p1a: Murkrow|Roost|p1a: Murkrow\n|-heal|p1a: Murkrow|100\/100\n|-singleturn|p1a: Murkrow|move: Roost\n|move|p2a: Magnezone|Volt Switch|p1a: Murkrow\n|-damage|p1a: Murkrow|64\/100\n|\n|switch|p2a: Skarmory|Skarmory, F|64\/100|[from]move: Volt Switch\n|\n|upkeep\n|turn|83\n|\n|switch|p2a: Magnezone|Magnezone|100\/100\n|move|p1a: Murkrow|Mean Look|p2a: Magnezone\n|-activate|p2a: Magnezone|trapped\n|\n|upkeep\n|turn|84\n|\n|move|p1a: Murkrow|Roost|p1a: Murkrow\n|-heal|p1a: Murkrow|100\/100\n|-singleturn|p1a: Murkrow|move: Roost\n|move|p2a: Magnezone|Flash Cannon|p1a: Murkrow\n|-crit|p1a: Murkrow\n|-damage|p1a: Murkrow|38\/100\n|\n|upkeep\n|turn|85\n|l| AL76\n|\n|move|p1a: Murkrow|Roost|p1a: Murkrow\n|-heal|p1a: Murkrow|88\/100\n|-singleturn|p1a: Murkrow|move: Roost\n|move|p2a: Magnezone|Flash Cannon|p1a: Murkrow\n|-damage|p1a: Murkrow|50\/100\n|\n|upkeep\n|turn|86\n|\n|move|p1a: Murkrow|Roost|p1a: Murkrow\n|-heal|p1a: Murkrow|99\/100\n|-singleturn|p1a: Murkrow|move: Roost\n|move|p2a: Magnezone|Flash Cannon|p1a: Murkrow\n|-damage|p1a: Murkrow|62\/100\n|\n|upkeep\n|turn|87\n|\n|move|p1a: Murkrow|Perish Song|p1a: Murkrow\n|-start|p1a: Murkrow|perish3|[silent]\n|-start|p2a: Magnezone|perish3|[silent]\n|-fieldactivate|move: Perish Song\n|move|p2a: Magnezone|Flash Cannon|p1a: Murkrow\n|-damage|p1a: Murkrow|21\/100\n|\n|-start|p2a: Magnezone|perish3\n|-start|p1a: Murkrow|perish3\n|upkeep\n|turn|88\n|inactive|xueyuxiayu has 120 seconds left.\n|inactive|xueyuxiayu has 90 seconds left.\n|j| Karma-sur-Maire\n|inactive|xueyuxiayu has 60 seconds left.\n|inactive|xueyuxiayu has 30 seconds left.\n|\n|move|p1a: Murkrow|Roost|p1a: Murkrow\n|-heal|p1a: Murkrow|71\/100\n|-singleturn|p1a: Murkrow|move: Roost\n|move|p2a: Magnezone|Flash Cannon|p1a: Murkrow\n|-damage|p1a: Murkrow|30\/100\n|\n|-start|p2a: Magnezone|perish2\n|-start|p1a: Murkrow|perish2\n|upkeep\n|turn|89\n|inactive|xueyuxiayu has 30 seconds left.\n|inactive|JoeyOwesMeMoney has 120 seconds left.\n|j| rudolfff\n|inactive|JoeyOwesMeMoney has 90 seconds left.\n|inactive|JoeyOwesMeMoney has 60 seconds left.\n|c| Karma-sur-Maire|What a thrilling battle\n|j| imbawang\n|inactive|JoeyOwesMeMoney has 30 seconds left.\n|inactive|JoeyOwesMeMoney has 20 seconds left.\n|inactive|JoeyOwesMeMoney has 15 seconds left.\n|inactive|JoeyOwesMeMoney has 10 seconds left.\n|l| Karma-sur-Maire\n|inactive|JoeyOwesMeMoney has 5 seconds left.\n|-message|JoeyOwesMeMoney lost due to inactivity.\n|\n|win|xueyuxiayu\n|raw|xueyuxiayu's rating: 1755 &rarr; <strong>1776<\/strong><br \/>(+21 for winning)\n|raw|JoeyOwesMeMoney's rating: 1786 &rarr; <strong>1764<\/strong><br \/>(-22 for losing)\n","uploadtime":1568448555,"views":42,"p1id":"xueyuxiayu","p2id":"joeyowesmemoney","formatid":"gen7ou","rating":1764,"private":0,"password":null}