{"id":"gen7ou-830730938","p1":"Swimmer Keanu","p2":"CarlyBae","format":"gen7ou","log":"|raw|<div class=\"broadcast-red\"><strong>This battle is invite-only!<\/strong><br \/>Users must be rank + or invited with <code>\/invite<\/code> to join<\/div>\n|j|\u2606Swimmer Keanu\n|j|\u2606CarlyBae\n|player|p1|Swimmer Keanu|56\n|player|p2|CarlyBae|138\n|teamsize|p1|6\n|teamsize|p2|6\n|gametype|singles\n|gen|7\n|tier|[Gen 7] OU\n|rated|\n|rule|Sleep Clause Mod: Limit one foe put to sleep\n|rule|Species Clause: Limit one of each Pok\u00e9mon\n|rule|OHKO Clause: OHKO moves are banned\n|rule|Moody Clause: Moody is banned\n|rule|Evasion Moves Clause: Evasion moves are banned\n|rule|Endless Battle Clause: Forcing endless battles is banned\n|rule|HP Percentage Mod: HP is shown in percentages\n|clearpoke\n|poke|p1|Landorus-Therian, M|item\n|poke|p1|Heatran, M|item\n|poke|p1|Serperior, F|item\n|poke|p1|Greninja, M|item\n|poke|p1|Tapu Koko|item\n|poke|p1|Medicham, M|item\n|poke|p2|Alakazam, F|item\n|poke|p2|Greninja, M|item\n|poke|p2|Magearna|item\n|poke|p2|Heatran, M|item\n|poke|p2|Tapu Bulu|item\n|poke|p2|Landorus-Therian, M|item\n|teampreview\n|inactive|Battle timer is ON: inactive players will automatically lose when time's up. (requested by Swimmer Keanu)\n|\n|start\n|switch|p1a: Medicham|Medicham, M|100\/100\n|switch|p2a: Heatran|Heatran, M|100\/100\n|turn|1\n|\n|detailschange|p1a: Medicham|Medicham-Mega, M\n|-mega|p1a: Medicham|Medicham|Medichamite\n|move|p2a: Heatran|Protect|p2a: Heatran\n|-singleturn|p2a: Heatran|Protect\n|move|p1a: Medicham|High Jump Kick|p2a: Heatran\n|-activate|p2a: Heatran|move: Protect\n|-damage|p1a: Medicham|50\/100|[from] highjumpkick\n|\n|upkeep\n|turn|2\n|inactive|CarlyBae has 120 seconds left.\n|\n|move|p1a: Medicham|Ice Punch|p2a: Heatran\n|-resisted|p2a: Heatran\n|-damage|p2a: Heatran|91\/100\n|move|p2a: Heatran|Lava Plume|p1a: Medicham\n|-damage|p1a: Medicham|0 fnt\n|faint|p1a: Medicham\n|\n|-heal|p2a: Heatran|97\/100|[from] item: Leftovers\n|upkeep\n|\n|switch|p1a: Heatran|Heatran, M|100\/100\n|turn|3\n|\n|move|p1a: Heatran|Stealth Rock|p2a: Heatran\n|-sidestart|p2: CarlyBae|move: Stealth Rock\n|move|p2a: Heatran|Earth Power|p1a: Heatran\n|-supereffective|p1a: Heatran\n|-damage|p1a: Heatran|0 fnt\n|faint|p1a: Heatran\n|\n|-heal|p2a: Heatran|100\/100|[from] item: Leftovers\n|upkeep\n|\n|switch|p1a: Landorus|Landorus-Therian, M|100\/100\n|-ability|p1a: Landorus|Intimidate|boost\n|-unboost|p2a: Heatran|atk|1\n|turn|4\n|\n|move|p2a: Heatran|Protect|p2a: Heatran\n|-singleturn|p2a: Heatran|Protect\n|move|p1a: Landorus|U-turn|p2a: Heatran\n|-activate|p2a: Heatran|move: Protect\n|\n|upkeep\n|turn|5\n|\n|move|p1a: Landorus|U-turn|p2a: Heatran\n|-resisted|p2a: Heatran\n|-damage|p2a: Heatran|96\/100\n|\n|switch|p1a: Tapu Koko|Tapu Koko|100\/100\n|-fieldstart|move: Electric Terrain|[from] ability: Electric Surge|[of] p1a: Tapu Koko\n|move|p2a: Heatran|Lava Plume|p1a: Tapu Koko\n|-crit|p1a: Tapu Koko\n|-damage|p1a: Tapu Koko|17\/100\n|\n|-heal|p2a: Heatran|100\/100|[from] item: Leftovers\n|upkeep\n|turn|6\n|\n|move|p2a: Heatran|Protect|p2a: Heatran\n|-singleturn|p2a: Heatran|Protect\n|move|p1a: Tapu Koko|Thunderbolt|p2a: Heatran\n|-activate|p2a: Heatran|move: Protect\n|\n|upkeep\n|turn|7\n|\n|switch|p2a: Landorus|Landorus-Therian, M|100\/100\n|-damage|p2a: Landorus|88\/100|[from] Stealth Rock\n|-ability|p2a: Landorus|Intimidate|boost\n|-unboost|p1a: Tapu Koko|atk|1\n|-zpower|p1a: Tapu Koko\n|move|p1a: Tapu Koko|Twinkle Tackle|p2a: Landorus|[zeffect]\n|-damage|p2a: Landorus|13\/100\n|\n|upkeep\n|turn|8\n|\n|move|p2a: Landorus|Defog|p1a: Tapu Koko\n|-unboost|p1a: Tapu Koko|evasion|1\n|-sideend|p2: CarlyBae|Stealth Rock|[from] move: Defog|[of] p2a: Landorus\n|move|p1a: Tapu Koko|Dazzling Gleam|p2a: Landorus\n|-damage|p2a: Landorus|0 fnt\n|faint|p2a: Landorus\n|\n|upkeep\n|\n|switch|p2a: Alakazam|Alakazam, F|100\/100\n|turn|9\n|\n|detailschange|p2a: Alakazam|Alakazam-Mega, F\n|-mega|p2a: Alakazam|Alakazam|Alakazite\n|-ability|p2a: Alakazam|Electric Surge|[from] ability: Trace|[of] p1a: Tapu Koko\n|move|p2a: Alakazam|Shadow Ball|p1a: Tapu Koko\n|-damage|p1a: Tapu Koko|0 fnt\n|faint|p1a: Tapu Koko\n|\n|-fieldend|move: Electric Terrain\n|upkeep\n|\n|switch|p1a: Landorus|Landorus-Therian, M|100\/100\n|-ability|p1a: Landorus|Intimidate|boost\n|-unboost|p2a: Alakazam|atk|1\n|turn|10\n|\n|switch|p2a: Magearna|Magearna|100\/100\n|move|p1a: Landorus|U-turn|p2a: Magearna\n|-resisted|p2a: Magearna\n|-damage|p2a: Magearna|95\/100\n|\n|switch|p1a: Serperior|Serperior, F|100\/100\n|\n|upkeep\n|turn|11\n|\n|switch|p1a: Landorus|Landorus-Therian, M|100\/100\n|-ability|p1a: Landorus|Intimidate|boost\n|-unboost|p2a: Magearna|atk|1\n|move|p2a: Magearna|Shift Gear|p2a: Magearna\n|-boost|p2a: Magearna|spe|2\n|-boost|p2a: Magearna|atk|1\n|\n|upkeep\n|turn|12\n|\n|switch|p2a: Tapu Bulu|Tapu Bulu|100\/100\n|-fieldstart|move: Grassy Terrain|[from] ability: Grassy Surge|[of] p2a: Tapu Bulu\n|move|p1a: Landorus|Earthquake|p2a: Tapu Bulu\n|-resisted|p2a: Tapu Bulu\n|-damage|p2a: Tapu Bulu|89\/100\n|\n|-heal|p2a: Tapu Bulu|95\/100|[from] item: Leftovers\n|-heal|p2a: Tapu Bulu|100\/100|[from] Grassy Terrain\n|upkeep\n|turn|13\n|\n|switch|p1a: Greninja|Greninja, M|100\/100\n|move|p2a: Tapu Bulu|Horn Leech|p1a: Greninja\n|-supereffective|p1a: Greninja\n|-damage|p1a: Greninja|0 fnt\n|faint|p1a: Greninja\n|\n|upkeep\n|\n|switch|p1a: Serperior|Serperior, F|100\/100\n|turn|14\n|\n|move|p1a: Serperior|Leaf Storm|p2a: Tapu Bulu\n|-resisted|p2a: Tapu Bulu\n|-damage|p2a: Tapu Bulu|71\/100\n|-boost|p1a: Serperior|spa|2\n|move|p2a: Tapu Bulu|Horn Leech|p1a: Serperior\n|-resisted|p1a: Serperior\n|-damage|p1a: Serperior|71\/100\n|-heal|p2a: Tapu Bulu|84\/100|[from] drain|[of] p1a: Serperior\n|\n|-heal|p1a: Serperior|77\/100|[from] Grassy Terrain\n|-heal|p2a: Tapu Bulu|90\/100|[from] item: Leftovers\n|-heal|p2a: Tapu Bulu|96\/100|[from] Grassy Terrain\n|upkeep\n|turn|15\n|\n|switch|p2a: Heatran|Heatran, M|100\/100\n|move|p1a: Serperior|Leaf Storm|p2a: Heatran\n|-resisted|p2a: Heatran\n|-damage|p2a: Heatran|77\/100\n|-boost|p1a: Serperior|spa|2\n|\n|-heal|p1a: Serperior|83\/100|[from] Grassy Terrain\n|-heal|p2a: Heatran|83\/100|[from] item: Leftovers\n|-heal|p2a: Heatran|89\/100|[from] Grassy Terrain\n|upkeep\n|turn|16\n|\n|move|p1a: Serperior|Leaf Storm|p2a: Heatran|[miss]\n|-miss|p1a: Serperior|p2a: Heatran\n|move|p2a: Heatran|Lava Plume|p1a: Serperior\n|-supereffective|p1a: Serperior\n|-damage|p1a: Serperior|0 fnt\n|faint|p1a: Serperior\n|\n|-heal|p2a: Heatran|95\/100|[from] item: Leftovers\n|-heal|p2a: Heatran|100\/100|[from] Grassy Terrain\n|-fieldend|move: Grassy Terrain\n|upkeep\n|-message|Swimmer Keanu forfeited.\n|\n|win|CarlyBae\n|l|\u2606Swimmer Keanu\n|raw|Swimmer Keanu's rating: 1525 &rarr; <strong>1509<\/strong><br \/>(-16 for losing)\n|raw|CarlyBae's rating: 1592 &rarr; <strong>1608<\/strong><br \/>(+16 for winning)\n|c|\u2606CarlyBae|\/log CarlyBae made this room public.\n","uploadtime":1541390469,"views":6,"p1id":"swimmerkeanu","p2id":"carlybae","formatid":"gen7ou","rating":1509,"private":0,"password":null}