{"id":"gen7ou-946206762","p1":"JoJo321","p2":"Perrouau","format":"gen7ou","log":"|j|\u2606JoJo321\n|j|\u2606Perrouau\n|player|p1|JoJo321|1|1715\n|player|p2|Perrouau|68|1737\n|teamsize|p1|6\n|teamsize|p2|6\n|gametype|singles\n|gen|7\n|tier|[Gen 7] OU\n|rated|\n|rule|Sleep Clause Mod: Limit one foe put to sleep\n|rule|Species Clause: Limit one of each Pok\u00e9mon\n|rule|OHKO Clause: OHKO moves are banned\n|rule|Moody Clause: Moody is banned\n|rule|Evasion Moves Clause: Evasion moves are banned\n|rule|Endless Battle Clause: Forcing endless battles is banned\n|rule|HP Percentage Mod: HP is shown in percentages\n|clearpoke\n|poke|p1|Greninja, M|item\n|poke|p1|Landorus-Therian, M|item\n|poke|p1|Ninetales-Alola, M|item\n|poke|p1|Charizard, M|item\n|poke|p1|Blacephalon|item\n|poke|p1|Serperior, M|item\n|poke|p2|Medicham, M|item\n|poke|p2|Toxapex, M|item\n|poke|p2|Celesteela|item\n|poke|p2|Heatran, M|item\n|poke|p2|Tapu Koko|item\n|poke|p2|Landorus-Therian, M|item\n|teampreview\n|\n|start\n|switch|p1a: Greninja|Greninja, M|100\/100\n|switch|p2a: Heatran|Heatran, M|100\/100\n|turn|1\n|inactive|Battle timer is ON: inactive players will automatically lose when time's up. (requested by JoJo321)\n|\n|move|p1a: Greninja|Taunt|p2a: Heatran\n|-start|p1a: Greninja|typechange|Dark|[from] ability: Protean\n|-start|p2a: Heatran|move: Taunt\n|cant|p2a: Heatran|move: Taunt|Stealth Rock\n|\n|upkeep\n|turn|2\n|\n|switch|p2a: Toxapex|Toxapex, M|100\/100\n|move|p1a: Greninja|Spikes|p2a: Toxapex\n|-start|p1a: Greninja|typechange|Ground|[from] ability: Protean\n|-sidestart|p2: Perrouau|Spikes\n|\n|upkeep\n|turn|3\n|\n|move|p1a: Greninja|Taunt|p2a: Toxapex\n|-start|p1a: Greninja|typechange|Dark|[from] ability: Protean\n|-start|p2a: Toxapex|move: Taunt\n|move|p2a: Toxapex|Scald|p1a: Greninja\n|-damage|p1a: Greninja|73\/100\n|\n|upkeep\n|turn|4\n|\n|switch|p2a: Landorus|Landorus-Therian, M|100\/100\n|-ability|p2a: Landorus|Intimidate|boost\n|-unboost|p1a: Greninja|atk|1\n|move|p1a: Greninja|Spikes|p2a: Landorus\n|-start|p1a: Greninja|typechange|Ground|[from] ability: Protean\n|-sidestart|p2: Perrouau|Spikes\n|\n|upkeep\n|turn|5\n|\n|move|p2a: Landorus|Earthquake|p1a: Greninja\n|-damage|p1a: Greninja|0 fnt\n|faint|p1a: Greninja\n|\n|upkeep\n|\n|switch|p1a: Charizard|Charizard, M|100\/100\n|turn|6\n|inactive|Perrouau has 120 seconds left.\n|\n|switch|p2a: Toxapex|Toxapex, M|100\/100\n|-damage|p2a: Toxapex|84\/100|[from] Spikes\n|detailschange|p1a: Charizard|Charizard-Mega-X, M\n|-mega|p1a: Charizard|Charizard|Charizardite X\n|move|p1a: Charizard|Dragon Dance|p1a: Charizard\n|-boost|p1a: Charizard|atk|1\n|-boost|p1a: Charizard|spe|1\n|\n|upkeep\n|turn|7\n|\n|switch|p2a: Landorus|Landorus-Therian, M|100\/100\n|-ability|p2a: Landorus|Intimidate|boost\n|-unboost|p1a: Charizard|atk|1\n|move|p1a: Charizard|Dragon Claw|p2a: Landorus\n|-damage|p2a: Landorus|37\/100\n|\n|upkeep\n|turn|8\n|\n|move|p1a: Charizard|Dragon Claw|p2a: Landorus\n|-damage|p2a: Landorus|0 fnt\n|faint|p2a: Landorus\n|\n|upkeep\n|\n|switch|p2a: Toxapex|Toxapex, M|100\/100\n|-damage|p2a: Toxapex|84\/100|[from] Spikes\n|turn|9\n|\n|move|p1a: Charizard|Dragon Dance|p1a: Charizard\n|-boost|p1a: Charizard|atk|1\n|-boost|p1a: Charizard|spe|1\n|move|p2a: Toxapex|Toxic|p1a: Charizard\n|-status|p1a: Charizard|tox\n|\n|-damage|p1a: Charizard|94\/100 tox|[from] psn\n|upkeep\n|turn|10\n|\n|move|p1a: Charizard|Earthquake|p2a: Toxapex\n|-supereffective|p2a: Toxapex\n|-damage|p2a: Toxapex|4\/100\n|move|p2a: Toxapex|Scald|p1a: Charizard\n|-damage|p1a: Charizard|73\/100 tox\n|\n|-damage|p1a: Charizard|61\/100 tox|[from] psn\n|upkeep\n|turn|11\n|\n|switch|p2a: Celesteela|Celesteela|100\/100\n|move|p1a: Charizard|Flare Blitz|p2a: Celesteela\n|-supereffective|p2a: Celesteela\n|-damage|p2a: Celesteela|0 fnt\n|-damage|p1a: Charizard|17\/100 tox|[from] Recoil\n|faint|p2a: Celesteela\n|\n|-damage|p1a: Charizard|0 fnt|[from] psn\n|faint|p1a: Charizard\n|upkeep\n|\n|switch|p1a: Landorus|Landorus-Therian, M|100\/100\n|switch|p2a: Tapu Koko|Tapu Koko|100\/100\n|-damage|p2a: Tapu Koko|84\/100|[from] Spikes\n|-fieldstart|move: Electric Terrain|[from] ability: Electric Surge|[of] p2a: Tapu Koko\n|-ability|p1a: Landorus|Intimidate|boost\n|-unboost|p2a: Tapu Koko|atk|1\n|turn|12\n|\n|move|p2a: Tapu Koko|Hidden Power|p1a: Landorus\n|-supereffective|p1a: Landorus\n|-damage|p1a: Landorus|22\/100\n|move|p1a: Landorus|Earthquake|p2a: Tapu Koko\n|-supereffective|p2a: Tapu Koko\n|-enditem|p2a: Tapu Koko|Shuca Berry|[eat]\n|-enditem|p2a: Tapu Koko|Shuca Berry|[weaken]\n|-damage|p2a: Tapu Koko|16\/100\n|\n|upkeep\n|turn|13\n|\n|move|p2a: Tapu Koko|Hidden Power|p1a: Landorus\n|-supereffective|p1a: Landorus\n|-damage|p1a: Landorus|0 fnt\n|faint|p1a: Landorus\n|\n|upkeep\n|\n|switch|p1a: Ninetales|Ninetales-Alola, M|100\/100\n|-weather|Hail|[from] ability: Snow Warning|[of] p1a: Ninetales\n|turn|14\n|\n|move|p2a: Tapu Koko|Thunderbolt|p1a: Ninetales\n|-damage|p1a: Ninetales|51\/100\n|move|p1a: Ninetales|Icy Wind|p2a: Tapu Koko\n|-damage|p2a: Tapu Koko|0 fnt\n|faint|p2a: Tapu Koko\n|\n|-weather|Hail|[upkeep]\n|upkeep\n|\n|switch|p2a: Heatran|Heatran, M|100\/100\n|-damage|p2a: Heatran|84\/100|[from] Spikes\n|turn|15\n|\n|move|p1a: Ninetales|Aurora Veil|p1a: Ninetales\n|-sidestart|p1: JoJo321|move: Aurora Veil\n|move|p2a: Heatran|Stealth Rock|p1a: Ninetales\n|-sidestart|p1: JoJo321|move: Stealth Rock\n|\n|-weather|Hail|[upkeep]\n|-damage|p2a: Heatran|78\/100|[from] Hail\n|upkeep\n|turn|16\n|\n|move|p1a: Ninetales|Freeze-Dry|p2a: Heatran\n|-resisted|p2a: Heatran\n|-damage|p2a: Heatran|73\/100\n|-status|p2a: Heatran|frz\n|cant|p2a: Heatran|frz\n|\n|-weather|Hail|[upkeep]\n|-damage|p2a: Heatran|66\/100 frz|[from] Hail\n|-fieldend|move: Electric Terrain\n|upkeep\n|turn|17\n|\n|switch|p1a: Blacephalon|Blacephalon|100\/100\n|-damage|p1a: Blacephalon|76\/100|[from] Stealth Rock\n|cant|p2a: Heatran|frz\n|\n|-weather|Hail|[upkeep]\n|-damage|p1a: Blacephalon|70\/100|[from] Hail\n|-damage|p2a: Heatran|60\/100 frz|[from] Hail\n|upkeep\n|turn|18\n|\n|move|p1a: Blacephalon|Substitute|p1a: Blacephalon\n|-start|p1a: Blacephalon|Substitute\n|-damage|p1a: Blacephalon|45\/100\n|cant|p2a: Heatran|frz\n|\n|-weather|none\n|upkeep\n|turn|19\n|\n|move|p1a: Blacephalon|Calm Mind|p1a: Blacephalon\n|-boost|p1a: Blacephalon|spa|1\n|-boost|p1a: Blacephalon|spd|1\n|cant|p2a: Heatran|frz\n|\n|upkeep\n|turn|20\n|\n|-zpower|p1a: Blacephalon\n|move|p1a: Blacephalon|Never-Ending Nightmare|p2a: Heatran|[zeffect]\n|-damage|p2a: Heatran|0 fnt\n|faint|p2a: Heatran\n|-ability|p1a: Blacephalon|Beast Boost|boost\n|-boost|p1a: Blacephalon|spe|1\n|\n|upkeep\n|\n|switch|p2a: Toxapex|Toxapex, M|37\/100\n|-damage|p2a: Toxapex|21\/100|[from] Spikes\n|turn|21\n|\n|move|p1a: Blacephalon|Shadow Ball|p2a: Toxapex\n|-damage|p2a: Toxapex|0 fnt\n|faint|p2a: Toxapex\n|-ability|p1a: Blacephalon|Beast Boost|boost\n|-boost|p1a: Blacephalon|spe|1\n|\n|upkeep\n|\n|switch|p2a: Medicham|Medicham, M|100\/100\n|-damage|p2a: Medicham|84\/100|[from] Spikes\n|turn|22\n|\n|move|p1a: Blacephalon|Shadow Ball|p2a: Medicham\n|-supereffective|p2a: Medicham\n|-damage|p2a: Medicham|0 fnt\n|faint|p2a: Medicham\n|\n|win|JoJo321\n|l|\u2606JoJo321\n|raw|JoJo321's rating: 1702 &rarr; <strong>1723<\/strong><br \/>(+21 for winning)\n|raw|Perrouau's rating: 1717 &rarr; <strong>1696<\/strong><br \/>(-21 for losing)\n","uploadtime":1563370149,"views":7,"p1id":"jojo321","p2id":"perrouau","formatid":"gen7ou","rating":1696,"private":0,"password":null}