{"id":"gen7ou-583915570","p1":"jly8","p2":"Xnoc","format":"gen7ou","log":"|j|jly8\n|j|Xnoc\n|player|p1|jly8|80\n|teamsize|p1|6\n|player|p2|Xnoc|101\n|teamsize|p2|6\n|gametype|singles\n|gen|7\n|tier|[Gen 7] OU\n|rated\n|seed|2685,54975,13873,43316\n|clearpoke\n|poke|p1|Sableye, M|item\n|poke|p1|Chansey, F|item\n|poke|p1|Toxapex, M|item\n|poke|p1|Skarmory, F|item\n|poke|p1|Shedinja|item\n|poke|p1|Dugtrio, F|item\n|poke|p2|Medicham, M|item\n|poke|p2|Salamence, M|item\n|poke|p2|Tangrowth, M, shiny|item\n|poke|p2|Victini|item\n|poke|p2|Excadrill, M|item\n|poke|p2|Tapu Koko|item\n|rule|Sleep Clause Mod: Limit one foe put to sleep\n|rule|Species Clause: Limit one of each Pok\u00e9mon\n|rule|OHKO Clause: OHKO moves are banned\n|rule|Moody Clause: Moody is banned\n|rule|Evasion Moves Clause: Evasion moves are banned\n|rule|Endless Battle Clause: Forcing endless battles is banned\n|rule|HP Percentage Mod: HP is shown in percentages\n|teampreview\n|choice|team 1, team 2, team 3, team 4, team 5, team 6|team 4, team 2, team 3, team 1, team 5, team 6\n|\n|start\n|switch|p1a: Sableye|Sableye, M|303\/303\n|switch|p2a: Victini|Victini|342\/342\n|turn|1\n|choice|move knockoff mega|move vcreate\n|\n|detailschange|p1a: Sableye|Sableye-Mega, M\n|-mega|p1a: Sableye|Sableye|Sablenite\n|move|p2a: Victini|V-create|p1a: Sableye\n|-damage|p1a: Sableye|71\/303\n|-unboost|p2a: Victini|spe|1\n|-unboost|p2a: Victini|def|1\n|-unboost|p2a: Victini|spd|1\n|move|p1a: Sableye|Knock Off|p2a: Victini\n|-supereffective|p2a: Victini\n|-damage|p2a: Victini|54\/342\n|-enditem|p2a: Victini|Choice Scarf|[from] move: Knock Off|[of] p1a: Sableye\n|\n|upkeep\n|turn|2\n|inactive|Battle timer is ON: inactive players will automatically lose when time's up. (requested by Xnoc)\n|choice|move recover|move uturn\n|\n|move|p2a: Victini|U-turn|p1a: Sableye\n|-damage|p1a: Sableye|10\/303\n|choice||switch 2\n|\n|switch|p2a: Salamence|Salamence, M|332\/332\n|move|p1a: Sableye|Recover|p1a: Sableye\n|-heal|p1a: Sableye|162\/303\n|\n|upkeep\n|turn|3\n|choice|switch 4|move fly zmove\n|\n|switch|p1a: Skarmory|Skarmory, F|333\/333\n|-zpower|p2a: Salamence\n|move|p2a: Salamence|Supersonic Skystrike|p1a: Skarmory|[zeffect]\n|-resisted|p1a: Skarmory\n|-damage|p1a: Skarmory|237\/333\n|\n|upkeep\n|turn|4\n|choice|move roost|switch 5\n|\n|switch|p2a: Excadrill|Excadrill, M|420\/420\n|-ability|p2a: Excadrill|Mold Breaker\n|move|p1a: Skarmory|Roost|p1a: Skarmory\n|-heal|p1a: Skarmory|333\/333\n|\n|upkeep\n|turn|5\n|choice|switch 6|move stealthrock\n|\n|switch|p1a: Dugtrio|Dugtrio, F|211\/211\n|move|p2a: Excadrill|Stealth Rock|p1a: Dugtrio\n|-sidestart|p1: jly8|move: Stealth Rock\n|\n|upkeep\n|turn|6\n|choice|move earthquake|move toxic\n|\n|move|p1a: Dugtrio|Earthquake|p2a: Excadrill\n|-supereffective|p2a: Excadrill\n|-damage|p2a: Excadrill|0 fnt\n|faint|p2a: Excadrill\n|\n|upkeep\n|choice||switch 4\n|\n|switch|p2a: Medicham|Medicham, M|262\/262\n|turn|7\n|choice|move earthquake|move fakeout mega\n|\n|detailschange|p2a: Medicham|Medicham-Mega, M\n|-mega|p2a: Medicham|Medicham|Medichamite\n|move|p2a: Medicham|Fake Out|p1a: Dugtrio\n|-damage|p1a: Dugtrio|73\/211\n|cant|p1a: Dugtrio|flinch\n|\n|upkeep\n|turn|8\n|choice|move suckerpunch|move psychocut\n|\n|move|p1a: Dugtrio|Sucker Punch|p2a: Medicham\n|-damage|p2a: Medicham|183\/262\n|move|p2a: Medicham|Psycho Cut|p1a: Dugtrio\n|-damage|p1a: Dugtrio|0 fnt\n|faint|p1a: Dugtrio\n|\n|upkeep\n|choice|switch 6|\n|\n|switch|p1a: Skarmory|Skarmory, F|333\/333\n|-damage|p1a: Skarmory|292\/333|[from] Stealth Rock\n|turn|9\n|choice|move defog|move highjumpkick\n|\n|move|p2a: Medicham|High Jump Kick|p1a: Skarmory\n|-damage|p1a: Skarmory|82\/333\n|-damage|p2a: Medicham|140\/262|[from] item: Rocky Helmet|[of] p1a: Skarmory\n|move|p1a: Skarmory|Defog|p2a: Medicham\n|-unboost|p2a: Medicham|evasion|1\n|-sideend|p1: jly8|Stealth Rock|[from] move: Defog|[of] p1a: Skarmory\n|\n|upkeep\n|turn|10\n|choice|switch 5|move thunderpunch\n|\n|switch|p1a: Shedinja|Shedinja|1\/1\n|move|p2a: Medicham|Thunder Punch|p1a: Shedinja\n|-immune|p1a: Shedinja|[msg]|[from] ability: Wonder Guard\n|\n|upkeep\n|turn|11\n|choice|move toxic|switch 2\n|\n|switch|p2a: Victini|Victini|54\/342\n|move|p1a: Shedinja|Toxic|p2a: Victini\n|-status|p2a: Victini|tox\n|\n|-damage|p2a: Victini|33\/342 tox|[from] psn\n|upkeep\n|turn|12\n|choice|switch 3|move vcreate\n|\n|switch|p1a: Toxapex|Toxapex, M|303\/303\n|move|p2a: Victini|V-create|p1a: Toxapex\n|-resisted|p1a: Toxapex\n|-damage|p1a: Toxapex|219\/303\n|-unboost|p2a: Victini|spe|1\n|-unboost|p2a: Victini|def|1\n|-unboost|p2a: Victini|spd|1\n|\n|-heal|p1a: Toxapex|237\/303|[from] item: Black Sludge\n|-damage|p2a: Victini|0 fnt|[from] psn\n|upkeep\n|faint|p2a: Victini\n|choice||switch 5\n|\n|switch|p2a: Salamence|Salamence, M|332\/332\n|turn|13\n|choice|move scald|move dragondance\n|\n|move|p2a: Salamence|Dragon Dance|p2a: Salamence\n|-boost|p2a: Salamence|atk|1\n|-boost|p2a: Salamence|spe|1\n|move|p1a: Toxapex|Scald|p2a: Salamence\n|-resisted|p2a: Salamence\n|-damage|p2a: Salamence|297\/332\n|\n|-heal|p1a: Toxapex|255\/303|[from] item: Black Sludge\n|upkeep\n|turn|14\n|choice|move toxicspikes|move dragondance\n|\n|move|p2a: Salamence|Dragon Dance|p2a: Salamence\n|-boost|p2a: Salamence|atk|1\n|-boost|p2a: Salamence|spe|1\n|move|p1a: Toxapex|Toxic Spikes|p2a: Salamence\n|-sidestart|p2: Xnoc|move: Toxic Spikes\n|\n|-heal|p1a: Toxapex|273\/303|[from] item: Black Sludge\n|upkeep\n|turn|15\n|choice|move haze|move earthquake\n|\n|move|p2a: Salamence|Earthquake|p1a: Toxapex\n|-supereffective|p1a: Toxapex\n|-damage|p1a: Toxapex|23\/303\n|move|p1a: Toxapex|Haze|p1a: Toxapex\n|-clearallboost\n|\n|-heal|p1a: Toxapex|41\/303|[from] item: Black Sludge\n|upkeep\n|turn|16\n|choice|switch 2|move dragondance\n|\n|switch|p1a: Chansey|Chansey, F|703\/703\n|move|p2a: Salamence|Dragon Dance|p2a: Salamence\n|-boost|p2a: Salamence|atk|1\n|-boost|p2a: Salamence|spe|1\n|\n|upkeep\n|turn|17\n|choice|move counter|move dragondance\n|\n|move|p2a: Salamence|Dragon Dance|p2a: Salamence\n|-boost|p2a: Salamence|atk|1\n|-boost|p2a: Salamence|spe|1\n|move|p1a: Chansey|Counter|p2a: Salamence\n|-fail|p2a: Salamence\n|\n|upkeep\n|turn|18\n|choice|move seismictoss|move dragondance\n|\n|move|p2a: Salamence|Dragon Dance|p2a: Salamence\n|-boost|p2a: Salamence|atk|1\n|-boost|p2a: Salamence|spe|1\n|move|p1a: Chansey|Seismic Toss|p2a: Salamence\n|-damage|p2a: Salamence|197\/332\n|\n|upkeep\n|turn|19\n|choice|move counter|move dragonclaw\n|\n|move|p2a: Salamence|Dragon Claw|p1a: Chansey\n|-crit|p1a: Chansey\n|-damage|p1a: Chansey|0 fnt\n|faint|p1a: Chansey\n|-ability|p2a: Salamence|Moxie|boost\n|-boost|p2a: Salamence|atk|1\n|\n|upkeep\n|choice|switch 3|\n|\n|switch|p1a: Shedinja|Shedinja|1\/1\n|turn|20\n|choice|move toxic|move fly\n|\n|move|p2a: Salamence|Fly|p1a: Shedinja|[still]\n|-prepare|p2a: Salamence|Fly|p1a: Shedinja\n|move|p1a: Shedinja|Toxic|p2a: Salamence|[miss]\n|-miss|p1a: Shedinja|p2a: Salamence\n|\n|upkeep\n|turn|21\n|choice|move protect|move fly\n|\n|move|p1a: Shedinja|Protect|p1a: Shedinja\n|-singleturn|p1a: Shedinja|Protect\n|move|p2a: Salamence|Fly|p1a: Shedinja|[from]lockedmove\n|-activate|p1a: Shedinja|move: Protect\n|\n|upkeep\n|turn|22\n|choice|move toxic|move fly\n|\n|move|p2a: Salamence|Fly|p1a: Shedinja|[still]\n|-prepare|p2a: Salamence|Fly|p1a: Shedinja\n|move|p1a: Shedinja|Toxic|p2a: Salamence|[miss]\n|-miss|p1a: Shedinja|p2a: Salamence\n|\n|upkeep\n|turn|23\n|choice|move protect|move fly\n|\n|move|p1a: Shedinja|Protect|p1a: Shedinja\n|-singleturn|p1a: Shedinja|Protect\n|move|p2a: Salamence|Fly|p1a: Shedinja|[from]lockedmove\n|-activate|p1a: Shedinja|move: Protect\n|\n|upkeep\n|turn|24\n|choice|move toxic|move fly\n|\n|move|p2a: Salamence|Fly|p1a: Shedinja|[still]\n|-prepare|p2a: Salamence|Fly|p1a: Shedinja\n|move|p1a: Shedinja|Toxic|p2a: Salamence|[miss]\n|-miss|p1a: Shedinja|p2a: Salamence\n|\n|upkeep\n|turn|25\n|choice|move protect|move fly\n|\n|move|p1a: Shedinja|Protect|p1a: Shedinja\n|-singleturn|p1a: Shedinja|Protect\n|move|p2a: Salamence|Fly|p1a: Shedinja|[from]lockedmove\n|-activate|p1a: Shedinja|move: Protect\n|\n|upkeep\n|turn|26\n|choice|move toxic|move fly\n|\n|move|p2a: Salamence|Fly|p1a: Shedinja|[still]\n|-prepare|p2a: Salamence|Fly|p1a: Shedinja\n|move|p1a: Shedinja|Toxic|p2a: Salamence|[miss]\n|-miss|p1a: Shedinja|p2a: Salamence\n|\n|upkeep\n|turn|27\n|choice|move protect|move fly\n|\n|move|p1a: Shedinja|Protect|p1a: Shedinja\n|-singleturn|p1a: Shedinja|Protect\n|move|p2a: Salamence|Fly|p1a: Shedinja|[from]lockedmove\n|-activate|p1a: Shedinja|move: Protect\n|\n|upkeep\n|turn|28\n|choice|move toxic|move fly\n|\n|move|p2a: Salamence|Fly|p1a: Shedinja|[still]\n|-prepare|p2a: Salamence|Fly|p1a: Shedinja\n|move|p1a: Shedinja|Toxic|p2a: Salamence|[miss]\n|-miss|p1a: Shedinja|p2a: Salamence\n|\n|upkeep\n|turn|29\n|choice|move protect|move fly\n|\n|move|p1a: Shedinja|Protect|p1a: Shedinja\n|-singleturn|p1a: Shedinja|Protect\n|move|p2a: Salamence|Fly|p1a: Shedinja|[from]lockedmove\n|-activate|p1a: Shedinja|move: Protect\n|\n|upkeep\n|turn|30\n|choice|move toxic|move fly\n|\n|move|p2a: Salamence|Fly|p1a: Shedinja|[still]\n|-prepare|p2a: Salamence|Fly|p1a: Shedinja\n|move|p1a: Shedinja|Toxic|p2a: Salamence|[miss]\n|-miss|p1a: Shedinja|p2a: Salamence\n|\n|upkeep\n|turn|31\n|choice|move protect|move fly\n|\n|move|p1a: Shedinja|Protect|p1a: Shedinja\n|-singleturn|p1a: Shedinja|Protect\n|move|p2a: Salamence|Fly|p1a: Shedinja|[from]lockedmove\n|-activate|p1a: Shedinja|move: Protect\n|\n|upkeep\n|turn|32\n|c|\u2606Xnoc|Lose\n|choice|switch 5|move fly\n|\n|switch|p1a: Skarmory|Skarmory, F|82\/333\n|move|p2a: Salamence|Fly|p1a: Skarmory|[still]\n|-prepare|p2a: Salamence|Fly|p1a: Skarmory\n|\n|upkeep\n|turn|33\n|choice|move roost|move fly\n|\n|move|p2a: Salamence|Fly|p1a: Skarmory|[from]lockedmove\n|-resisted|p1a: Skarmory\n|-damage|p1a: Skarmory|0 fnt\n|-damage|p2a: Salamence|142\/332|[from] item: Rocky Helmet|[of] p1a: Skarmory\n|faint|p1a: Skarmory\n|-ability|p2a: Salamence|Moxie|boost\n|-boost|p2a: Salamence|atk|1\n|\n|upkeep\n|choice|switch 2|\n|\n|switch|p1a: Toxapex|Toxapex, M|142\/303\n|turn|34\n|choice|switch 5|move earthquake\n|\n|switch|p1a: Shedinja|Shedinja|1\/1\n|move|p2a: Salamence|Earthquake|p1a: Shedinja\n|-immune|p1a: Shedinja|[msg]|[from] ability: Wonder Guard\n|\n|upkeep\n|turn|35\n|choice|switch 5|move fly\n|\n|switch|p1a: Toxapex|Toxapex, M|243\/303\n|move|p2a: Salamence|Fly|p1a: Toxapex|[still]\n|-prepare|p2a: Salamence|Fly|p1a: Toxapex\n|\n|-heal|p1a: Toxapex|261\/303|[from] item: Black Sludge\n|upkeep\n|turn|36\n|choice|move haze|move fly\n|\n|move|p2a: Salamence|Fly|p1a: Toxapex|[from]lockedmove\n|-damage|p1a: Toxapex|0 fnt\n|faint|p1a: Toxapex\n|-ability|p2a: Salamence|Moxie|boost\n|-boost|p2a: Salamence|atk|1\n|\n|upkeep\n|c|\u2606Xnoc|kkkkkkkkkkkkk\n|choice|switch 5|\n|\n|switch|p1a: Shedinja|Shedinja|1\/1\n|turn|37\n|choice|move protect|move fly\n|\n|move|p1a: Shedinja|Protect|p1a: Shedinja\n|-singleturn|p1a: Shedinja|Protect\n|move|p2a: Salamence|Fly|p1a: Shedinja|[still]\n|-prepare|p2a: Salamence|Fly|p1a: Shedinja\n|\n|upkeep\n|turn|38\n|choice|move protect|move fly\n|\n|move|p1a: Shedinja|Protect|p1a: Shedinja\n|-fail|p1a: Shedinja\n|move|p2a: Salamence|Fly|p1a: Shedinja|[from]lockedmove\n|-supereffective|p1a: Shedinja\n|-damage|p1a: Shedinja|0 fnt\n|faint|p1a: Shedinja\n|\n|upkeep\n|choice|switch 4|\n|\n|switch|p1a: Sableye|Sableye-Mega, M|162\/303\n|turn|39\n|c|\u2606Xnoc|Lose\n|choice|move recover|move dragonclaw\n|\n|move|p2a: Salamence|Dragon Claw|p1a: Sableye\n|-damage|p1a: Sableye|0 fnt\n|faint|p1a: Sableye\n|\n|win|Xnoc\n|raw|jly8's rating: 1424 &rarr; <strong>1400<\/strong><br \/>(-24 for losing)\n|raw|Xnoc's rating: 1368 &rarr; <strong>1391<\/strong><br \/>(+23 for winning)\n|l|jly8","inputlog":null,"uploadtime":1496187471,"views":11,"p1id":"jly8","p2id":"xnoc","formatid":"gen7ou","rating":1391,"private":0,"password":null}