{"id":"gen7ou-973798713","p1":"lord cube","p2":"TreDrizzle","format":"gen7ou","log":"|j|\u2606lord cube\n|j|\u2606TreDrizzle\n|player|p1|lord cube|92|1461\n|player|p2|TreDrizzle|92|1461\n|teamsize|p1|6\n|teamsize|p2|6\n|gametype|singles\n|gen|7\n|tier|[Gen 7] OU\n|rated|\n|rule|Sleep Clause Mod: Limit one foe put to sleep\n|rule|Species Clause: Limit one of each Pok\u00e9mon\n|rule|OHKO Clause: OHKO moves are banned\n|rule|Moody Clause: Moody is banned\n|rule|Evasion Moves Clause: Evasion moves are banned\n|rule|Endless Battle Clause: Forcing endless battles is banned\n|rule|HP Percentage Mod: HP is shown in percentages\n|clearpoke\n|poke|p1|Hariyama, F|item\n|poke|p1|Rampardos, M|item\n|poke|p1|Hoopa-Unbound|item\n|poke|p1|Uxie|item\n|poke|p1|Magearna|item\n|poke|p1|Necrozma|item\n|poke|p2|Tapu Koko|item\n|poke|p2|Kyurem-Black|item\n|poke|p2|Latios, M|item\n|poke|p2|Venusaur, M|item\n|poke|p2|Landorus-Therian, M|item\n|poke|p2|Magearna|item\n|teampreview\n|inactive|Battle timer is ON: inactive players will automatically lose when time's up. (requested by lord cube)\n|\n|start\n|switch|p1a: Necrozma|Necrozma|100\/100\n|switch|p2a: Magearna|Magearna|100\/100\n|turn|1\n|\n|move|p2a: Magearna|Fleur Cannon|p1a: Necrozma\n|-damage|p1a: Necrozma|52\/100\n|-unboost|p2a: Magearna|spa|2\n|move|p1a: Necrozma|Trick Room|p1a: Necrozma\n|-fieldstart|move: Trick Room|[of] p1a: Necrozma\n|\n|upkeep\n|turn|2\n|\n|move|p2a: Magearna|Volt Switch|p1a: Necrozma\n|-damage|p1a: Necrozma|42\/100\n|\n|switch|p2a: Latios|Latios, M|100\/100|[from]move: Volt Switch\n|move|p1a: Necrozma|Heat Wave|p2a: Latios\n|-resisted|p2a: Latios\n|-damage|p2a: Latios|83\/100\n|\n|upkeep\n|turn|3\n|\n|switch|p2a: Magearna|Magearna|100\/100\n|move|p1a: Necrozma|Photon Geyser|p2a: Magearna\n|-resisted|p2a: Magearna\n|-damage|p2a: Magearna|88\/100\n|\n|upkeep\n|turn|4\n|\n|move|p2a: Magearna|Fleur Cannon|p1a: Necrozma|[miss]\n|-miss|p2a: Magearna|p1a: Necrozma\n|move|p1a: Necrozma|Heat Wave|p2a: Magearna\n|-supereffective|p2a: Magearna\n|-damage|p2a: Magearna|57\/100\n|\n|upkeep\n|turn|5\n|\n|move|p2a: Magearna|Fleur Cannon|p1a: Necrozma\n|-damage|p1a: Necrozma|0 fnt\n|-unboost|p2a: Magearna|spa|2\n|faint|p1a: Necrozma\n|-ability|p2a: Magearna|Soul-Heart|boost\n|-boost|p2a: Magearna|spa|1\n|\n|-fieldend|move: Trick Room\n|upkeep\n|\n|switch|p1a: Uxie|Uxie|100\/100\n|turn|6\n|\n|move|p2a: Magearna|Volt Switch|p1a: Uxie\n|-damage|p1a: Uxie|92\/100\n|\n|switch|p2a: Tapu Koko|Tapu Koko|100\/100|[from]move: Volt Switch\n|-fieldstart|move: Electric Terrain|[from] ability: Electric Surge|[of] p2a: Tapu Koko\n|move|p1a: Uxie|Trick Room|p1a: Uxie\n|-fieldstart|move: Trick Room|[of] p1a: Uxie\n|\n|upkeep\n|turn|7\n|\n|move|p1a: Uxie|Stealth Rock|p2a: Tapu Koko\n|-sidestart|p2: TreDrizzle|move: Stealth Rock\n|move|p2a: Tapu Koko|Thunderbolt|p1a: Uxie\n|-damage|p1a: Uxie|32\/100\n|-status|p1a: Uxie|par\n|\n|upkeep\n|turn|8\n|\n|cant|p1a: Uxie|par\n|move|p2a: Tapu Koko|Thunderbolt|p1a: Uxie\n|-damage|p1a: Uxie|0 fnt\n|faint|p1a: Uxie\n|\n|upkeep\n|\n|switch|p1a: Rampardos|Rampardos, M|100\/100\n|turn|9\n|\n|switch|p2a: Landorus|Landorus-Therian, M|100\/100\n|-damage|p2a: Landorus|88\/100|[from] Stealth Rock\n|-ability|p2a: Landorus|Intimidate|boost\n|-unboost|p1a: Rampardos|atk|1\n|move|p1a: Rampardos|Rock Slide|p2a: Landorus|[miss]\n|-miss|p1a: Rampardos|p2a: Landorus\n|\n|-heal|p2a: Landorus|94\/100|[from] item: Leftovers\n|upkeep\n|turn|10\n|\n|move|p2a: Landorus|Protect|p2a: Landorus\n|-singleturn|p2a: Landorus|Protect\n|move|p1a: Rampardos|Ice Beam|p2a: Landorus\n|-activate|p2a: Landorus|move: Protect\n|\n|-heal|p2a: Landorus|99\/100|[from] item: Leftovers\n|-fieldend|move: Electric Terrain\n|-fieldend|move: Trick Room\n|upkeep\n|turn|11\n|\n|switch|p1a: Hariyama|Hariyama, F|100\/100\n|move|p2a: Landorus|Earthquake|p1a: Hariyama\n|-damage|p1a: Hariyama|51\/100\n|\n|-heal|p2a: Landorus|100\/100|[from] item: Leftovers\n|-status|p1a: Hariyama|brn|[from] item: Flame Orb\n|upkeep\n|turn|12\n|\n|move|p2a: Landorus|Protect|p2a: Landorus\n|-singleturn|p2a: Landorus|Protect\n|move|p1a: Hariyama|Facade|p2a: Landorus\n|-activate|p2a: Landorus|move: Protect\n|\n|-damage|p1a: Hariyama|45\/100 brn|[from] brn\n|upkeep\n|turn|13\n|\n|move|p2a: Landorus|Earthquake|p1a: Hariyama\n|-damage|p1a: Hariyama|0 fnt\n|faint|p1a: Hariyama\n|\n|upkeep\n|\n|switch|p1a: Hoopa|Hoopa-Unbound|100\/100\n|turn|14\n|\n|move|p2a: Landorus|Earthquake|p1a: Hoopa\n|-damage|p1a: Hoopa|39\/100\n|move|p1a: Hoopa|Trick Room|p1a: Hoopa\n|-fieldstart|move: Trick Room|[of] p1a: Hoopa\n|\n|upkeep\n|turn|15\n|\n|switch|p2a: Magearna|Magearna|57\/100\n|-damage|p2a: Magearna|51\/100|[from] Stealth Rock\n|move|p1a: Hoopa|Hyperspace Fury|p2a: Magearna\n|-resisted|p2a: Magearna\n|-damage|p2a: Magearna|15\/100\n|-unboost|p1a: Hoopa|def|1\n|-damage|p1a: Hoopa|29\/100|[from] item: Life Orb\n|\n|upkeep\n|turn|16\n|\n|move|p2a: Magearna|Iron Head|p1a: Hoopa\n|-damage|p1a: Hoopa|0 fnt\n|faint|p1a: Hoopa\n|-ability|p2a: Magearna|Soul-Heart|boost\n|-boost|p2a: Magearna|spa|1\n|\n|upkeep\n|\n|switch|p1a: Magearna|Magearna|100\/100\n|turn|17\n|\n|move|p1a: Magearna|Flash Cannon|p2a: Magearna\n|-damage|p2a: Magearna|0 fnt\n|faint|p2a: Magearna\n|-ability|p1a: Magearna|Soul-Heart|boost\n|-boost|p1a: Magearna|spa|1\n|\n|upkeep\n|\n|switch|p2a: Venusaur|Venusaur, M|100\/100\n|-damage|p2a: Venusaur|88\/100|[from] Stealth Rock\n|turn|18\n|\n|detailschange|p2a: Venusaur|Venusaur-Mega, M\n|-mega|p2a: Venusaur|Venusaur|Venusaurite\n|-zpower|p1a: Magearna\n|move|p1a: Magearna|Twinkle Tackle|p2a: Venusaur|[zeffect]\n|-resisted|p2a: Venusaur\n|-damage|p2a: Venusaur|37\/100\n|move|p2a: Venusaur|Earthquake|p1a: Magearna\n|-supereffective|p1a: Magearna\n|-damage|p1a: Magearna|65\/100\n|\n|-fieldend|move: Trick Room\n|upkeep\n|turn|19\n|\n|move|p2a: Venusaur|Synthesis|p2a: Venusaur\n|-heal|p2a: Venusaur|86\/100\n|move|p1a: Magearna|Trick Room|p1a: Magearna\n|-fieldstart|move: Trick Room|[of] p1a: Magearna\n|\n|upkeep\n|turn|20\n|\n|move|p1a: Magearna|Flash Cannon|p2a: Venusaur\n|-damage|p2a: Venusaur|37\/100\n|move|p2a: Venusaur|Earthquake|p1a: Magearna\n|-supereffective|p1a: Magearna\n|-damage|p1a: Magearna|30\/100\n|\n|upkeep\n|turn|21\n|\n|switch|p2a: Landorus|Landorus-Therian, M|100\/100\n|-damage|p2a: Landorus|88\/100|[from] Stealth Rock\n|-ability|p2a: Landorus|Intimidate|boost\n|-unboost|p1a: Magearna|atk|1\n|move|p1a: Magearna|Flash Cannon|p2a: Landorus\n|-damage|p2a: Landorus|18\/100\n|\n|-heal|p2a: Landorus|24\/100|[from] item: Leftovers\n|upkeep\n|turn|22\n|\n|move|p2a: Landorus|Protect|p2a: Landorus\n|-singleturn|p2a: Landorus|Protect\n|move|p1a: Magearna|Flash Cannon|p2a: Landorus\n|-activate|p2a: Landorus|move: Protect\n|\n|-heal|p2a: Landorus|30\/100|[from] item: Leftovers\n|upkeep\n|turn|23\n|\n|move|p1a: Magearna|Flash Cannon|p2a: Landorus\n|-damage|p2a: Landorus|0 fnt\n|faint|p2a: Landorus\n|-ability|p1a: Magearna|Soul-Heart|boost\n|-boost|p1a: Magearna|spa|1\n|\n|-fieldend|move: Trick Room\n|upkeep\n|\n|switch|p2a: Venusaur|Venusaur-Mega, M|37\/100\n|-damage|p2a: Venusaur|24\/100|[from] Stealth Rock\n|turn|24\n|\n|move|p2a: Venusaur|Earthquake|p1a: Magearna\n|-supereffective|p1a: Magearna\n|-damage|p1a: Magearna|0 fnt\n|faint|p1a: Magearna\n|\n|upkeep\n|\n|switch|p1a: Rampardos|Rampardos, M|100\/100\n|turn|25\n|\n|move|p2a: Venusaur|Synthesis|p2a: Venusaur\n|-heal|p2a: Venusaur|74\/100\n|move|p1a: Rampardos|Zen Headbutt|p2a: Venusaur\n|-supereffective|p2a: Venusaur\n|-damage|p2a: Venusaur|0 fnt\n|faint|p2a: Venusaur\n|\n|upkeep\n|\n|switch|p2a: Tapu Koko|Tapu Koko|100\/100\n|-damage|p2a: Tapu Koko|88\/100|[from] Stealth Rock\n|-fieldstart|move: Electric Terrain|[from] ability: Electric Surge|[of] p2a: Tapu Koko\n|turn|26\n|\n|move|p2a: Tapu Koko|Thunderbolt|p1a: Rampardos\n|-damage|p1a: Rampardos|0 fnt\n|faint|p1a: Rampardos\n|\n|win|TreDrizzle\n|raw|lord cube's rating: 1461 &rarr; <strong>1441<\/strong><br \/>(-20 for losing)\n|raw|TreDrizzle's rating: 1399 &rarr; <strong>1423<\/strong><br \/>(+24 for winning)\n","uploadtime":1568121298,"views":17,"p1id":"lordcube","p2id":"tredrizzle","formatid":"gen7ou","rating":1423,"private":0,"password":null}