{"id":"gen7ou-1452209849","p1":"Cowsrule247","p2":"FildrongEstNul","format":"gen7ou","log":"|j|\u203dCowsrule247\n|j|\u203dFildrongEstNul\n|t:|1636519193\n|gametype|singles\n|player|p1|Cowsrule247|192|1322\n|player|p2|FildrongEstNul|265|1381\n|teamsize|p1|6\n|teamsize|p2|6\n|gen|7\n|tier|[Gen 7] OU\n|rated|\n|rule|Sleep Clause Mod: Limit one foe put to sleep\n|rule|Species Clause: Limit one of each Pok\u00e9mon\n|rule|OHKO Clause: OHKO moves are banned\n|rule|Moody Clause: Moody is banned\n|rule|Evasion Moves Clause: Evasion moves are banned\n|rule|Endless Battle Clause: Forcing endless battles is banned\n|rule|HP Percentage Mod: HP is shown in percentages\n|clearpoke\n|poke|p1|Chansey, F|item\n|poke|p1|Aggron, F|item\n|poke|p1|Pyukumuku, M|item\n|poke|p1|Mew|item\n|poke|p1|Gliscor, M|item\n|poke|p1|Tangrowth, M|item\n|poke|p2|Venusaur, M|item\n|poke|p2|Bisharp, F|item\n|poke|p2|Keldeo|item\n|poke|p2|Chansey, F|item\n|poke|p2|Heatran, F|item\n|poke|p2|Skarmory, F|item\n|teampreview\n|inactive|Battle timer is ON: inactive players will automatically lose when time's up. (requested by FildrongEstNul)\n|inactive|Cowsrule247 also wants the timer to be on.\n|\n|t:|1636519199\n|start\n|switch|p1a: Tangrowth|Tangrowth, M|100\/100\n|switch|p2a: Skarmory|Skarmory, F|100\/100\n|turn|1\n|\n|t:|1636519203\n|move|p2a: Skarmory|Spikes|p1a: Tangrowth\n|-sidestart|p1: Cowsrule247|Spikes\n|move|p1a: Tangrowth|Knock Off|p2a: Skarmory\n|-damage|p2a: Skarmory|86\/100\n|-damage|p1a: Tangrowth|84\/100|[from] item: Rocky Helmet|[of] p2a: Skarmory\n|-enditem|p2a: Skarmory|Rocky Helmet|[from] move: Knock Off|[of] p1a: Tangrowth\n|\n|upkeep\n|turn|2\n|\n|t:|1636519210\n|switch|p1a: Mew|Mew|100\/100\n|-damage|p1a: Mew|88\/100|[from] Spikes\n|move|p2a: Skarmory|Spikes|p1a: Mew\n|-sidestart|p1: Cowsrule247|Spikes\n|\n|-heal|p1a: Mew|94\/100|[from] item: Leftovers\n|upkeep\n|turn|3\n|\n|t:|1636519212\n|switch|p2a: Bisharp|Bisharp, F|100\/100\n|move|p1a: Mew|Will-O-Wisp|p2a: Bisharp\n|-status|p2a: Bisharp|brn\n|\n|-heal|p1a: Mew|100\/100|[from] item: Leftovers\n|-damage|p2a: Bisharp|95\/100 brn|[from] brn\n|upkeep\n|turn|4\n|\n|t:|1636519218\n|move|p1a: Mew|Defog|p2a: Bisharp\n|-unboost|p2a: Bisharp|evasion|1\n|-ability|p2a: Bisharp|Defiant\n|-boost|p2a: Bisharp|atk|2\n|-sideend|p1: Cowsrule247|Spikes|[from] move: Defog|[of] p1a: Mew\n|move|p2a: Bisharp|Iron Head|p1a: Mew\n|-damage|p1a: Mew|72\/100\n|\n|-heal|p1a: Mew|78\/100|[from] item: Leftovers\n|-heal|p2a: Bisharp|100\/100 brn|[from] item: Leftovers\n|-damage|p2a: Bisharp|95\/100 brn|[from] brn\n|upkeep\n|turn|5\n|\n|t:|1636519227\n|switch|p1a: Aggron|Aggron, F|100\/100\n|move|p2a: Bisharp|Knock Off|p1a: Aggron\n|-damage|p1a: Aggron|78\/100\n|\n|-heal|p2a: Bisharp|100\/100 brn|[from] item: Leftovers\n|-damage|p2a: Bisharp|95\/100 brn|[from] brn\n|upkeep\n|turn|6\n|\n|t:|1636519233\n|detailschange|p1a: Aggron|Aggron-Mega, F\n|-mega|p1a: Aggron|Aggron|Aggronite\n|move|p2a: Bisharp|Iron Head|p1a: Aggron\n|-resisted|p1a: Aggron\n|-damage|p1a: Aggron|67\/100\n|cant|p1a: Aggron|flinch\n|\n|-heal|p2a: Bisharp|100\/100 brn|[from] item: Leftovers\n|-damage|p2a: Bisharp|95\/100 brn|[from] brn\n|upkeep\n|turn|7\n|\n|t:|1636519237\n|move|p2a: Bisharp|Knock Off|p1a: Aggron\n|-damage|p1a: Aggron|49\/100\n|move|p1a: Aggron|Earthquake|p2a: Bisharp\n|-supereffective|p2a: Bisharp\n|-damage|p2a: Bisharp|29\/100 brn\n|\n|-heal|p2a: Bisharp|35\/100 brn|[from] item: Leftovers\n|-damage|p2a: Bisharp|29\/100 brn|[from] brn\n|upkeep\n|turn|8\n|\n|t:|1636519240\n|move|p2a: Bisharp|Iron Head|p1a: Aggron\n|-resisted|p1a: Aggron\n|-damage|p1a: Aggron|39\/100\n|move|p1a: Aggron|Stealth Rock|p2a: Bisharp\n|-sidestart|p2: FildrongEstNul|move: Stealth Rock\n|\n|-heal|p2a: Bisharp|35\/100 brn|[from] item: Leftovers\n|-damage|p2a: Bisharp|29\/100 brn|[from] brn\n|upkeep\n|turn|9\n|\n|t:|1636519244\n|switch|p1a: Gliscor|Gliscor, M|100\/100\n|move|p2a: Bisharp|Iron Head|p1a: Gliscor\n|-damage|p1a: Gliscor|63\/100\n|\n|-heal|p2a: Bisharp|35\/100 brn|[from] item: Leftovers\n|-damage|p2a: Bisharp|29\/100 brn|[from] brn\n|-status|p1a: Gliscor|tox|[from] item: Toxic Orb\n|upkeep\n|turn|10\n|\n|t:|1636519247\n|switch|p2a: Keldeo|Keldeo|100\/100\n|-damage|p2a: Keldeo|94\/100|[from] Stealth Rock\n|move|p1a: Gliscor|Roost|p1a: Gliscor\n|-heal|p1a: Gliscor|100\/100 tox\n|-singleturn|p1a: Gliscor|move: Roost\n|\n|-heal|p2a: Keldeo|100\/100|[from] item: Leftovers\n|upkeep\n|turn|11\n|\n|t:|1636519250\n|switch|p1a: Tangrowth|Tangrowth, M|100\/100\n|move|p2a: Keldeo|Calm Mind|p2a: Keldeo\n|-boost|p2a: Keldeo|spa|1\n|-boost|p2a: Keldeo|spd|1\n|\n|upkeep\n|turn|12\n|\n|t:|1636519253\n|move|p2a: Keldeo|Calm Mind|p2a: Keldeo\n|-boost|p2a: Keldeo|spa|1\n|-boost|p2a: Keldeo|spd|1\n|move|p1a: Tangrowth|Toxic|p2a: Keldeo\n|-status|p2a: Keldeo|tox\n|\n|-damage|p2a: Keldeo|94\/100 tox|[from] psn\n|upkeep\n|turn|13\n|\n|t:|1636519255\n|move|p2a: Keldeo|Calm Mind|p2a: Keldeo\n|-boost|p2a: Keldeo|spa|1\n|-boost|p2a: Keldeo|spd|1\n|move|p1a: Tangrowth|Giga Drain|p2a: Keldeo\n|-supereffective|p2a: Keldeo\n|-damage|p2a: Keldeo|68\/100 tox\n|\n|-heal|p2a: Keldeo|74\/100 tox|[from] item: Leftovers\n|-damage|p2a: Keldeo|62\/100 tox|[from] psn\n|upkeep\n|turn|14\n|\n|t:|1636519257\n|move|p2a: Keldeo|Secret Sword|p1a: Tangrowth\n|-damage|p1a: Tangrowth|42\/100\n|move|p1a: Tangrowth|Giga Drain|p2a: Keldeo\n|-supereffective|p2a: Keldeo\n|-damage|p2a: Keldeo|38\/100 tox\n|-heal|p1a: Tangrowth|51\/100|[from] drain|[of] p2a: Keldeo\n|\n|-heal|p2a: Keldeo|44\/100 tox|[from] item: Leftovers\n|-damage|p2a: Keldeo|26\/100 tox|[from] psn\n|upkeep\n|turn|15\n|\n|t:|1636519259\n|move|p2a: Keldeo|Substitute|p2a: Keldeo\n|-start|p2a: Keldeo|Substitute\n|-damage|p2a: Keldeo|1\/100 tox\n|move|p1a: Tangrowth|Giga Drain|p2a: Keldeo\n|-supereffective|p2a: Keldeo\n|-end|p2a: Keldeo|Substitute\n|-heal|p1a: Tangrowth|61\/100|[from] drain|[of] p2a: Keldeo\n|\n|-heal|p2a: Keldeo|7\/100 tox|[from] item: Leftovers\n|-damage|p2a: Keldeo|0 fnt|[from] psn\n|faint|p2a: Keldeo\n|upkeep\n|\n|t:|1636519259\n|switch|p2a: Skarmory|Skarmory, F|86\/100\n|-damage|p2a: Skarmory|74\/100|[from] Stealth Rock\n|turn|16\n|\n|t:|1636519267\n|switch|p1a: Chansey|Chansey, F, shiny|100\/100\n|move|p2a: Skarmory|Spikes|p1a: Chansey\n|-sidestart|p1: Cowsrule247|Spikes\n|\n|upkeep\n|turn|17\n|\n|t:|1636519270\n|move|p2a: Skarmory|Spikes|p1a: Chansey\n|-sidestart|p1: Cowsrule247|Spikes\n|move|p1a: Chansey|Wish|p1a: Chansey\n|\n|upkeep\n|turn|18\n|\n|t:|1636519272\n|switch|p1a: Aggron|Aggron-Mega, F|39\/100\n|-damage|p1a: Aggron|22\/100|[from] Spikes\n|move|p2a: Skarmory|Whirlwind|p1a: Aggron\n|drag|p1a: Pyukumuku|Pyukumuku, M|100\/100\n|-damage|p1a: Pyukumuku|84\/100|[from] Spikes\n|\n|-heal|p1a: Pyukumuku|100\/100|[from] move: Wish|[wisher] Chansey\n|upkeep\n|turn|19\n|\n|t:|1636519278\n|move|p2a: Skarmory|Roost|p2a: Skarmory\n|-heal|p2a: Skarmory|100\/100\n|-singleturn|p2a: Skarmory|move: Roost\n|move|p1a: Pyukumuku|Block|p2a: Skarmory\n|-activate|p2a: Skarmory|trapped\n|\n|upkeep\n|turn|20\n|\n|t:|1636519280\n|move|p1a: Pyukumuku|Spite|p2a: Skarmory\n|-activate|p2a: Skarmory|move: Spite|Roost|4\n|move|p2a: Skarmory|Whirlwind|p1a: Pyukumuku\n|drag|p1a: Aggron|Aggron-Mega, F|22\/100\n|-damage|p1a: Aggron|5\/100|[from] Spikes\n|\n|upkeep\n|turn|21\n|\n|t:|1636519287\n|move|p2a: Skarmory|Spikes|p1a: Aggron\n|-sidestart|p1: Cowsrule247|Spikes\n|move|p1a: Aggron|Fire Punch|p2a: Skarmory\n|-supereffective|p2a: Skarmory\n|-damage|p2a: Skarmory|68\/100\n|-status|p2a: Skarmory|brn\n|\n|-damage|p2a: Skarmory|62\/100 brn|[from] brn\n|upkeep\n|turn|22\n|\n|t:|1636519290\n|move|p2a: Skarmory|Roost|p2a: Skarmory\n|-heal|p2a: Skarmory|100\/100 brn\n|-singleturn|p2a: Skarmory|move: Roost\n|move|p1a: Aggron|Fire Punch|p2a: Skarmory\n|-supereffective|p2a: Skarmory\n|-damage|p2a: Skarmory|70\/100 brn\n|\n|-damage|p2a: Skarmory|64\/100 brn|[from] brn\n|upkeep\n|turn|23\n|\n|t:|1636519291\n|move|p2a: Skarmory|Roost|p2a: Skarmory\n|-heal|p2a: Skarmory|100\/100 brn\n|-singleturn|p2a: Skarmory|move: Roost\n|move|p1a: Aggron|Earthquake|p2a: Skarmory\n|-supereffective|p2a: Skarmory\n|-damage|p2a: Skarmory|56\/100 brn\n|\n|-damage|p2a: Skarmory|50\/100 brn|[from] brn\n|upkeep\n|turn|24\n|\n|t:|1636519293\n|move|p2a: Skarmory|Roost|p2a: Skarmory\n|-heal|p2a: Skarmory|99\/100 brn\n|-singleturn|p2a: Skarmory|move: Roost\n|move|p1a: Aggron|Earthquake|p2a: Skarmory\n|-supereffective|p2a: Skarmory\n|-damage|p2a: Skarmory|56\/100 brn\n|\n|-damage|p2a: Skarmory|50\/100 brn|[from] brn\n|upkeep\n|turn|25\n|\n|t:|1636519296\n|move|p2a: Skarmory|Roost|p2a: Skarmory\n|-heal|p2a: Skarmory|100\/100 brn\n|-singleturn|p2a: Skarmory|move: Roost\n|move|p1a: Aggron|Fire Punch|p2a: Skarmory\n|-supereffective|p2a: Skarmory\n|-damage|p2a: Skarmory|68\/100 brn\n|\n|-damage|p2a: Skarmory|62\/100 brn|[from] brn\n|upkeep\n|turn|26\n|\n|t:|1636519298\n|move|p2a: Skarmory|Roost|p2a: Skarmory\n|-heal|p2a: Skarmory|100\/100 brn\n|-singleturn|p2a: Skarmory|move: Roost\n|move|p1a: Aggron|Fire Punch|p2a: Skarmory\n|-supereffective|p2a: Skarmory\n|-damage|p2a: Skarmory|69\/100 brn\n|\n|-damage|p2a: Skarmory|63\/100 brn|[from] brn\n|upkeep\n|turn|27\n|\n|t:|1636519300\n|move|p2a: Skarmory|Roost|p2a: Skarmory\n|-heal|p2a: Skarmory|100\/100 brn\n|-singleturn|p2a: Skarmory|move: Roost\n|move|p1a: Aggron|Earthquake|p2a: Skarmory\n|-supereffective|p2a: Skarmory\n|-damage|p2a: Skarmory|56\/100 brn\n|\n|-damage|p2a: Skarmory|50\/100 brn|[from] brn\n|upkeep\n|turn|28\n|\n|t:|1636519302\n|move|p2a: Skarmory|Roost|p2a: Skarmory\n|-heal|p2a: Skarmory|99\/100 brn\n|-singleturn|p2a: Skarmory|move: Roost\n|move|p1a: Aggron|Earthquake|p2a: Skarmory\n|-supereffective|p2a: Skarmory\n|-damage|p2a: Skarmory|57\/100 brn\n|\n|-damage|p2a: Skarmory|51\/100 brn|[from] brn\n|upkeep\n|turn|29\n|\n|t:|1636519303\n|move|p2a: Skarmory|Roost|p2a: Skarmory\n|-heal|p2a: Skarmory|100\/100 brn\n|-singleturn|p2a: Skarmory|move: Roost\n|move|p1a: Aggron|Earthquake|p2a: Skarmory\n|-supereffective|p2a: Skarmory\n|-damage|p2a: Skarmory|58\/100 brn\n|\n|-damage|p2a: Skarmory|52\/100 brn|[from] brn\n|upkeep\n|turn|30\n|\n|t:|1636519305\n|move|p2a: Skarmory|Roost|p2a: Skarmory\n|-heal|p2a: Skarmory|100\/100 brn\n|-singleturn|p2a: Skarmory|move: Roost\n|move|p1a: Aggron|Earthquake|p2a: Skarmory\n|-supereffective|p2a: Skarmory\n|-damage|p2a: Skarmory|58\/100 brn\n|\n|-damage|p2a: Skarmory|52\/100 brn|[from] brn\n|upkeep\n|turn|31\n|\n|t:|1636519308\n|move|p2a: Skarmory|Roost|p2a: Skarmory\n|-heal|p2a: Skarmory|100\/100 brn\n|-singleturn|p2a: Skarmory|move: Roost\n|move|p1a: Aggron|Fire Punch|p2a: Skarmory\n|-supereffective|p2a: Skarmory\n|-damage|p2a: Skarmory|69\/100 brn\n|\n|-damage|p2a: Skarmory|63\/100 brn|[from] brn\n|upkeep\n|turn|32\n|\n|t:|1636519310\n|move|p2a: Skarmory|Roost|p2a: Skarmory\n|-heal|p2a: Skarmory|100\/100 brn\n|-singleturn|p2a: Skarmory|move: Roost\n|move|p1a: Aggron|Earthquake|p2a: Skarmory\n|-supereffective|p2a: Skarmory\n|-damage|p2a: Skarmory|60\/100 brn\n|\n|-damage|p2a: Skarmory|54\/100 brn|[from] brn\n|upkeep\n|turn|33\n|\n|t:|1636519311\n|switch|p2a: Bisharp|Bisharp, F|29\/100 brn\n|-damage|p2a: Bisharp|23\/100 brn|[from] Stealth Rock\n|move|p1a: Aggron|Earthquake|p2a: Bisharp\n|-supereffective|p2a: Bisharp\n|-damage|p2a: Bisharp|0 fnt\n|faint|p2a: Bisharp\n|\n|upkeep\n|\n|t:|1636519311\n|switch|p2a: Chansey|Chansey, F|100\/100\n|-damage|p2a: Chansey|88\/100|[from] Stealth Rock\n|turn|34\n|\n|t:|1636519315\n|move|p1a: Aggron|Heavy Slam|p2a: Chansey\n|-damage|p2a: Chansey|50\/100\n|move|p2a: Chansey|Seismic Toss|p1a: Aggron\n|-damage|p1a: Aggron|0 fnt\n|faint|p1a: Aggron\n|\n|upkeep\n|\n|t:|1636519324\n|switch|p1a: Gliscor|Gliscor, M|100\/100 tox\n|turn|35\n|\n|t:|1636519326\n|move|p1a: Gliscor|Taunt|p2a: Chansey\n|-start|p2a: Chansey|move: Taunt\n|cant|p2a: Chansey|move: Taunt|Soft-Boiled\n|\n|upkeep\n|turn|36\n|\n|t:|1636519327\n|switch|p2a: Venusaur|Venusaur, M|100\/100\n|-damage|p2a: Venusaur|88\/100|[from] Stealth Rock\n|move|p1a: Gliscor|Defog|p2a: Venusaur\n|-unboost|p2a: Venusaur|evasion|1\n|-sideend|p2: FildrongEstNul|Stealth Rock|[from] move: Defog|[of] p1a: Gliscor\n|-sideend|p1: Cowsrule247|Spikes|[from] move: Defog|[of] p1a: Gliscor\n|\n|upkeep\n|turn|37\n|\n|t:|1636519331\n|switch|p1a: Chansey|Chansey, F, shiny|100\/100\n|detailschange|p2a: Venusaur|Venusaur-Mega, M\n|-mega|p2a: Venusaur|Venusaur|Venusaurite\n|move|p2a: Venusaur|Sludge Bomb|p1a: Chansey\n|-damage|p1a: Chansey|90\/100\n|\n|upkeep\n|turn|38\n|\n|t:|1636519338\n|switch|p2a: Chansey|Chansey, F|50\/100\n|switch|p1a: Gliscor|Gliscor, M|100\/100 tox\n|\n|upkeep\n|turn|39\n|\n|t:|1636519341\n|move|p1a: Gliscor|Taunt|p2a: Chansey\n|-start|p2a: Chansey|move: Taunt\n|cant|p2a: Chansey|move: Taunt|Soft-Boiled\n|\n|upkeep\n|turn|40\n|\n|t:|1636519342\n|switch|p2a: Skarmory|Skarmory, F|54\/100 brn\n|move|p1a: Gliscor|Toxic||[still]\n|-fail|p1a: Gliscor\n|\n|-damage|p2a: Skarmory|48\/100 brn|[from] brn\n|upkeep\n|turn|41\n|\n|t:|1636519345\n|switch|p2a: Chansey|Chansey, F|50\/100\n|move|p1a: Gliscor|Taunt|p2a: Chansey\n|-start|p2a: Chansey|move: Taunt\n|\n|upkeep\n|turn|42\n|\n|t:|1636519355\n|switch|p1a: Mew|Mew|78\/100\n|switch|p2a: Skarmory|Skarmory, F|48\/100 brn\n|\n|-heal|p1a: Mew|84\/100|[from] item: Leftovers\n|-damage|p2a: Skarmory|42\/100 brn|[from] brn\n|upkeep\n|turn|43\n|\n|t:|1636519360\n|switch|p1a: Gliscor|Gliscor, M|100\/100 tox\n|switch|p2a: Chansey|Chansey, F|50\/100\n|\n|upkeep\n|turn|44\n|\n|t:|1636519363\n|move|p1a: Gliscor|Taunt|p2a: Chansey\n|-start|p2a: Chansey|move: Taunt\n|move|p2a: Chansey|Seismic Toss|p1a: Gliscor\n|-damage|p1a: Gliscor|69\/100 tox\n|\n|-heal|p1a: Gliscor|82\/100 tox|[from] ability: Poison Heal\n|upkeep\n|turn|45\n|\n|t:|1636519368\n|switch|p2a: Heatran|Heatran, F|100\/100\n|move|p1a: Gliscor|Toxic|p2a: Heatran\n|-immune|p2a: Heatran\n|\n|-heal|p1a: Gliscor|94\/100 tox|[from] ability: Poison Heal\n|upkeep\n|turn|46\n|\n|t:|1636519378\n|switch|p1a: Pyukumuku|Pyukumuku, M|100\/100\n|move|p2a: Heatran|Lava Plume|p1a: Pyukumuku\n|-resisted|p1a: Pyukumuku\n|-damage|p1a: Pyukumuku|86\/100\n|-status|p1a: Pyukumuku|brn\n|\n|-heal|p1a: Pyukumuku|92\/100 brn|[from] item: Leftovers\n|-damage|p1a: Pyukumuku|86\/100 brn|[from] brn\n|upkeep\n|turn|47\n|\n|t:|1636519380\n|move|p2a: Heatran|Lava Plume|p1a: Pyukumuku\n|-resisted|p1a: Pyukumuku\n|-damage|p1a: Pyukumuku|73\/100 brn\n|move|p1a: Pyukumuku|Block|p2a: Heatran\n|-activate|p2a: Heatran|trapped\n|\n|-heal|p1a: Pyukumuku|79\/100 brn|[from] item: Leftovers\n|-damage|p1a: Pyukumuku|73\/100 brn|[from] brn\n|upkeep\n|turn|48\n|\n|t:|1636519385\n|move|p2a: Heatran|Stealth Rock|p1a: Pyukumuku\n|-sidestart|p1: Cowsrule247|move: Stealth Rock\n|move|p1a: Pyukumuku|Recover|p1a: Pyukumuku\n|-heal|p1a: Pyukumuku|100\/100 brn\n|\n|-damage|p1a: Pyukumuku|94\/100 brn|[from] brn\n|upkeep\n|turn|49\n|\n|t:|1636519388\n|move|p2a: Heatran|Lava Plume|p1a: Pyukumuku\n|-resisted|p1a: Pyukumuku\n|-damage|p1a: Pyukumuku|81\/100 brn\n|move|p1a: Pyukumuku|Spite|p2a: Heatran\n|-activate|p2a: Heatran|move: Spite|Lava Plume|4\n|\n|-heal|p1a: Pyukumuku|87\/100 brn|[from] item: Leftovers\n|-damage|p1a: Pyukumuku|81\/100 brn|[from] brn\n|upkeep\n|turn|50\n|\n|t:|1636519391\n|move|p2a: Heatran|Lava Plume|p1a: Pyukumuku\n|-resisted|p1a: Pyukumuku\n|-damage|p1a: Pyukumuku|66\/100 brn\n|move|p1a: Pyukumuku|Spite|p2a: Heatran\n|-activate|p2a: Heatran|move: Spite|Lava Plume|4\n|\n|-heal|p1a: Pyukumuku|72\/100 brn|[from] item: Leftovers\n|-damage|p1a: Pyukumuku|66\/100 brn|[from] brn\n|upkeep\n|turn|51\n|\n|t:|1636519393\n|move|p2a: Heatran|Taunt|p1a: Pyukumuku\n|-start|p1a: Pyukumuku|move: Taunt\n|cant|p1a: Pyukumuku|move: Taunt|Recover\n|\n|-heal|p1a: Pyukumuku|72\/100 brn|[from] item: Leftovers\n|-damage|p1a: Pyukumuku|66\/100 brn|[from] brn\n|upkeep\n|turn|52\n|\n|t:|1636519395\n|move|p2a: Heatran|Lava Plume|p1a: Pyukumuku\n|-resisted|p1a: Pyukumuku\n|-damage|p1a: Pyukumuku|52\/100 brn\n|-activate|p1a: Pyukumuku|move: Struggle\n|move|p1a: Pyukumuku|Struggle|p2a: Heatran\n|-damage|p2a: Heatran|98\/100\n|-damage|p1a: Pyukumuku|27\/100 brn|[from] recoil\n|\n|-heal|p2a: Heatran|100\/100|[from] item: Leftovers\n|-heal|p1a: Pyukumuku|33\/100 brn|[from] item: Leftovers\n|-damage|p1a: Pyukumuku|27\/100 brn|[from] brn\n|upkeep\n|turn|53\n|\n|t:|1636519397\n|move|p2a: Heatran|Lava Plume|p1a: Pyukumuku\n|-resisted|p1a: Pyukumuku\n|-damage|p1a: Pyukumuku|11\/100 brn\n|-activate|p1a: Pyukumuku|move: Struggle\n|move|p1a: Pyukumuku|Struggle|p2a: Heatran\n|-damage|p2a: Heatran|98\/100\n|-damage|p1a: Pyukumuku|0 fnt|[from] recoil\n|faint|p1a: Pyukumuku\n|\n|-heal|p2a: Heatran|100\/100|[from] item: Leftovers\n|upkeep\n|\n|t:|1636519402\n|switch|p1a: Chansey|Chansey, F, shiny|90\/100\n|-damage|p1a: Chansey|78\/100|[from] Stealth Rock\n|turn|54\n|\n|t:|1636519404\n|move|p2a: Heatran|Toxic|p1a: Chansey\n|-status|p1a: Chansey|tox\n|move|p1a: Chansey|Wish|p1a: Chansey\n|\n|-damage|p1a: Chansey|72\/100 tox|[from] psn\n|upkeep\n|turn|55\n|\n|t:|1636519406\n|move|p2a: Heatran|Toxic|p1a: Chansey\n|-fail|p1a: Chansey|tox\n|move|p1a: Chansey|Seismic Toss|p2a: Heatran\n|-damage|p2a: Heatran|75\/100\n|\n|-heal|p1a: Chansey|100\/100 tox|[from] move: Wish|[wisher] Chansey\n|-heal|p2a: Heatran|81\/100|[from] item: Leftovers\n|-damage|p1a: Chansey|88\/100 tox|[from] psn\n|upkeep\n|turn|56\n|\n|t:|1636519410\n|move|p2a: Heatran|Lava Plume|p1a: Chansey\n|-damage|p1a: Chansey|79\/100 tox\n|move|p1a: Chansey|Wish|p1a: Chansey\n|\n|-heal|p2a: Heatran|87\/100|[from] item: Leftovers\n|-damage|p1a: Chansey|60\/100 tox|[from] psn\n|upkeep\n|turn|57\n|\n|t:|1636519412\n|-curestatus|p1a: Chansey|tox|[from] ability: Natural Cure\n|switch|p1a: Gliscor|Gliscor, M|94\/100 tox\n|-damage|p1a: Gliscor|82\/100 tox|[from] Stealth Rock\n|move|p2a: Heatran|Toxic|p1a: Gliscor\n|-fail|p1a: Gliscor|tox\n|\n|-heal|p1a: Gliscor|100\/100 tox|[from] move: Wish|[wisher] Chansey\n|-heal|p2a: Heatran|93\/100|[from] item: Leftovers\n|upkeep\n|turn|58\n|\n|t:|1636519416\n|move|p1a: Gliscor|Taunt|p2a: Heatran\n|-start|p2a: Heatran|move: Taunt\n|move|p2a: Heatran|Lava Plume|p1a: Gliscor\n|-damage|p1a: Gliscor|67\/100 tox\n|\n|-heal|p2a: Heatran|99\/100|[from] item: Leftovers\n|-heal|p1a: Gliscor|79\/100 tox|[from] ability: Poison Heal\n|upkeep\n|turn|59\n|\n|t:|1636519418\n|switch|p1a: Chansey|Chansey, F, shiny|60\/100\n|-damage|p1a: Chansey|47\/100|[from] Stealth Rock\n|move|p2a: Heatran|Lava Plume|p1a: Chansey\n|-damage|p1a: Chansey|38\/100\n|-status|p1a: Chansey|brn\n|\n|-heal|p2a: Heatran|100\/100|[from] item: Leftovers\n|-damage|p1a: Chansey|32\/100 brn|[from] brn\n|upkeep\n|turn|60\n|\n|t:|1636519419\n|switch|p2a: Skarmory|Skarmory, F|42\/100 brn\n|move|p1a: Chansey|Soft-Boiled|p1a: Chansey\n|-heal|p1a: Chansey|82\/100 brn\n|\n|-damage|p2a: Skarmory|36\/100 brn|[from] brn\n|-damage|p1a: Chansey|76\/100 brn|[from] brn\n|upkeep\n|turn|61\n|\n|t:|1636519423\n|switch|p2a: Chansey|Chansey, F|50\/100\n|-curestatus|p1a: Chansey|brn|[from] ability: Natural Cure\n|switch|p1a: Gliscor|Gliscor, M|79\/100 tox\n|-damage|p1a: Gliscor|67\/100 tox|[from] Stealth Rock\n|\n|-heal|p1a: Gliscor|79\/100 tox|[from] ability: Poison Heal\n|upkeep\n|turn|62\n|\n|t:|1636519426\n|switch|p2a: Venusaur|Venusaur-Mega, M|88\/100\n|move|p1a: Gliscor|Taunt|p2a: Venusaur\n|-start|p2a: Venusaur|move: Taunt\n|\n|-heal|p1a: Gliscor|92\/100 tox|[from] ability: Poison Heal\n|upkeep\n|turn|63\n|\n|t:|1636519430\n|switch|p1a: Chansey|Chansey, F, shiny|76\/100\n|-damage|p1a: Chansey|63\/100|[from] Stealth Rock\n|move|p2a: Venusaur|Sludge Bomb|p1a: Chansey\n|-damage|p1a: Chansey|54\/100\n|\n|upkeep\n|turn|64\n|\n|t:|1636519433\n|switch|p2a: Chansey|Chansey, F|50\/100\n|move|p1a: Chansey|Soft-Boiled|p1a: Chansey\n|-heal|p1a: Chansey|100\/100\n|\n|upkeep\n|turn|65\n|\n|t:|1636519436\n|switch|p1a: Gliscor|Gliscor, M|92\/100 tox\n|-damage|p1a: Gliscor|79\/100 tox|[from] Stealth Rock\n|move|p2a: Chansey|Soft-Boiled|p2a: Chansey\n|-heal|p2a: Chansey|100\/100\n|\n|-heal|p1a: Gliscor|92\/100 tox|[from] ability: Poison Heal\n|upkeep\n|turn|66\n|\n|t:|1636519439\n|switch|p2a: Venusaur|Venusaur-Mega, M|88\/100\n|move|p1a: Gliscor|Taunt|p2a: Venusaur\n|-start|p2a: Venusaur|move: Taunt\n|\n|-heal|p1a: Gliscor|100\/100 tox|[from] ability: Poison Heal\n|upkeep\n|turn|67\n|\n|t:|1636519442\n|switch|p1a: Chansey|Chansey, F, shiny|100\/100\n|-damage|p1a: Chansey|88\/100|[from] Stealth Rock\n|move|p2a: Venusaur|Sludge Bomb|p1a: Chansey\n|-damage|p1a: Chansey|78\/100\n|-status|p1a: Chansey|psn\n|\n|-damage|p1a: Chansey|66\/100 psn|[from] psn\n|upkeep\n|turn|68\n|\n|t:|1636519445\n|move|p2a: Venusaur|Giga Drain|p1a: Chansey\n|-damage|p1a: Chansey|58\/100 psn\n|-heal|p2a: Venusaur|95\/100|[from] drain|[of] p1a: Chansey\n|move|p1a: Chansey|Seismic Toss|p2a: Venusaur\n|-damage|p2a: Venusaur|68\/100\n|\n|-damage|p1a: Chansey|45\/100 psn|[from] psn\n|-end|p2a: Venusaur|move: Taunt\n|upkeep\n|turn|69\n|\n|t:|1636519447\n|move|p2a: Venusaur|Sludge Bomb|p1a: Chansey\n|-damage|p1a: Chansey|35\/100 psn\n|move|p1a: Chansey|Soft-Boiled|p1a: Chansey\n|-heal|p1a: Chansey|85\/100 psn\n|\n|-damage|p1a: Chansey|72\/100 psn|[from] psn\n|upkeep\n|turn|70\n|\n|t:|1636519451\n|move|p2a: Venusaur|Synthesis|p2a: Venusaur\n|-heal|p2a: Venusaur|100\/100\n|move|p1a: Chansey|Wish|p1a: Chansey\n|\n|-damage|p1a: Chansey|60\/100 psn|[from] psn\n|upkeep\n|turn|71\n|\n|t:|1636519453\n|move|p2a: Venusaur|Sludge Bomb|p1a: Chansey\n|-damage|p1a: Chansey|50\/100 psn\n|move|p1a: Chansey|Seismic Toss|p2a: Venusaur\n|-damage|p2a: Venusaur|73\/100\n|\n|-heal|p1a: Chansey|99\/100 psn|[from] move: Wish|[wisher] Chansey\n|-damage|p1a: Chansey|87\/100 psn|[from] psn\n|upkeep\n|turn|72\n|\n|t:|1636519459\n|-curestatus|p1a: Chansey|psn|[from] ability: Natural Cure\n|switch|p1a: Gliscor|Gliscor, M|100\/100 tox\n|-damage|p1a: Gliscor|88\/100 tox|[from] Stealth Rock\n|move|p2a: Venusaur|Synthesis|p2a: Venusaur\n|-heal|p2a: Venusaur|100\/100\n|\n|-heal|p1a: Gliscor|100\/100 tox|[from] ability: Poison Heal\n|upkeep\n|turn|73\n|\n|t:|1636519462\n|move|p1a: Gliscor|Taunt|p2a: Venusaur\n|-start|p2a: Venusaur|move: Taunt\n|move|p2a: Venusaur|Sludge Bomb|p1a: Gliscor\n|-resisted|p1a: Gliscor\n|-damage|p1a: Gliscor|81\/100 tox\n|\n|-heal|p1a: Gliscor|93\/100 tox|[from] ability: Poison Heal\n|upkeep\n|turn|74\n|\n|t:|1636519464\n|switch|p1a: Chansey|Chansey, F, shiny|87\/100\n|-damage|p1a: Chansey|75\/100|[from] Stealth Rock\n|move|p2a: Venusaur|Giga Drain|p1a: Chansey\n|-damage|p1a: Chansey|66\/100\n|\n|upkeep\n|turn|75\n|\n|t:|1636519469\n|switch|p2a: Heatran|Heatran, F|100\/100\n|move|p1a: Chansey|Wish|p1a: Chansey\n|\n|upkeep\n|turn|76\n|\n|t:|1636519472\n|move|p2a: Heatran|Toxic|p1a: Chansey|[miss]\n|-miss|p2a: Heatran|p1a: Chansey\n|move|p1a: Chansey|Seismic Toss|p2a: Heatran\n|-damage|p2a: Heatran|75\/100\n|\n|-heal|p1a: Chansey|100\/100|[from] move: Wish|[wisher] Chansey\n|-heal|p2a: Heatran|81\/100|[from] item: Leftovers\n|upkeep\n|turn|77\n|\n|t:|1636519474\n|move|p2a: Heatran|Toxic|p1a: Chansey\n|-status|p1a: Chansey|tox\n|move|p1a: Chansey|Wish|p1a: Chansey\n|\n|-heal|p2a: Heatran|87\/100|[from] item: Leftovers\n|-damage|p1a: Chansey|94\/100 tox|[from] psn\n|upkeep\n|turn|78\n|\n|t:|1636519482\n|-curestatus|p1a: Chansey|tox|[from] ability: Natural Cure\n|switch|p1a: Mew|Mew|84\/100\n|-damage|p1a: Mew|72\/100|[from] Stealth Rock\n|move|p2a: Heatran|Toxic|p1a: Mew\n|-status|p1a: Mew|tox\n|-activate|p1a: Mew|ability: Synchronize\n|-immune|p2a: Heatran\n|\n|-heal|p1a: Mew|100\/100 tox|[from] move: Wish|[wisher] Chansey\n|-heal|p2a: Heatran|93\/100|[from] item: Leftovers\n|-damage|p1a: Mew|94\/100 tox|[from] psn\n|upkeep\n|turn|79\n|\n|t:|1636519484\n|move|p2a: Heatran|Lava Plume|p1a: Mew\n|-damage|p1a: Mew|64\/100 tox\n|move|p1a: Mew|Knock Off|p2a: Heatran\n|-damage|p2a: Heatran|74\/100\n|-enditem|p2a: Heatran|Leftovers|[from] move: Knock Off|[of] p1a: Mew\n|\n|-heal|p1a: Mew|70\/100 tox|[from] item: Leftovers\n|-damage|p1a: Mew|58\/100 tox|[from] psn\n|upkeep\n|turn|80\n|\n|t:|1636519487\n|move|p2a: Heatran|Lava Plume|p1a: Mew\n|-damage|p1a: Mew|31\/100 tox\n|move|p1a: Mew|Knock Off|p2a: Heatran\n|-damage|p2a: Heatran|62\/100\n|\n|-heal|p1a: Mew|37\/100 tox|[from] item: Leftovers\n|-damage|p1a: Mew|19\/100 tox|[from] psn\n|upkeep\n|turn|81\n|\n|t:|1636519491\n|move|p2a: Heatran|Lava Plume|p1a: Mew\n|-damage|p1a: Mew|0 fnt\n|faint|p1a: Mew\n|\n|upkeep\n|\n|t:|1636519494\n|switch|p1a: Chansey|Chansey, F, shiny|94\/100\n|-damage|p1a: Chansey|82\/100|[from] Stealth Rock\n|turn|82\n|\n|t:|1636519500\n|move|p2a: Heatran|Toxic|p1a: Chansey\n|-status|p1a: Chansey|tox\n|move|p1a: Chansey|Seismic Toss|p2a: Heatran\n|-damage|p2a: Heatran|36\/100\n|\n|-damage|p1a: Chansey|76\/100 tox|[from] psn\n|upkeep\n|turn|83\n|\n|t:|1636519503\n|move|p2a: Heatran|Lava Plume|p1a: Chansey\n|-damage|p1a: Chansey|66\/100 tox\n|move|p1a: Chansey|Seismic Toss|p2a: Heatran\n|-damage|p2a: Heatran|10\/100\n|\n|-damage|p1a: Chansey|53\/100 tox|[from] psn\n|upkeep\n|turn|84\n|\n|t:|1636519506\n|switch|p2a: Venusaur|Venusaur-Mega, M|100\/100\n|move|p1a: Chansey|Soft-Boiled|p1a: Chansey\n|-heal|p1a: Chansey|100\/100 tox\n|\n|-damage|p1a: Chansey|82\/100 tox|[from] psn\n|upkeep\n|turn|85\n|\n|t:|1636519512\n|-curestatus|p1a: Chansey|tox|[from] ability: Natural Cure\n|switch|p1a: Gliscor|Gliscor, M|93\/100 tox\n|-damage|p1a: Gliscor|81\/100 tox|[from] Stealth Rock\n|move|p2a: Venusaur|Sludge Bomb|p1a: Gliscor\n|-resisted|p1a: Gliscor\n|-damage|p1a: Gliscor|61\/100 tox\n|\n|-heal|p1a: Gliscor|73\/100 tox|[from] ability: Poison Heal\n|upkeep\n|turn|86\n|\n|t:|1636519514\n|move|p1a: Gliscor|Taunt|p2a: Venusaur\n|-start|p2a: Venusaur|move: Taunt\n|move|p2a: Venusaur|Giga Drain|p1a: Gliscor\n|-damage|p1a: Gliscor|42\/100 tox\n|\n|-heal|p1a: Gliscor|55\/100 tox|[from] ability: Poison Heal\n|upkeep\n|turn|87\n|\n|t:|1636519517\n|move|p1a: Gliscor|Defog|p2a: Venusaur\n|-unboost|p2a: Venusaur|evasion|1\n|-sideend|p1: Cowsrule247|Stealth Rock|[from] move: Defog|[of] p1a: Gliscor\n|move|p2a: Venusaur|Giga Drain|p1a: Gliscor\n|-damage|p1a: Gliscor|22\/100 tox\n|\n|-heal|p1a: Gliscor|35\/100 tox|[from] ability: Poison Heal\n|upkeep\n|turn|88\n|\n|t:|1636519519\n|move|p1a: Gliscor|Roost|p1a: Gliscor\n|-heal|p1a: Gliscor|85\/100 tox\n|-singleturn|p1a: Gliscor|move: Roost\n|move|p2a: Venusaur|Giga Drain|p1a: Gliscor\n|-supereffective|p1a: Gliscor\n|-damage|p1a: Gliscor|21\/100 tox\n|\n|-heal|p1a: Gliscor|34\/100 tox|[from] ability: Poison Heal\n|-end|p2a: Venusaur|move: Taunt\n|upkeep\n|turn|89\n|\n|t:|1636519520\n|move|p1a: Gliscor|Roost|p1a: Gliscor\n|-heal|p1a: Gliscor|84\/100 tox\n|-singleturn|p1a: Gliscor|move: Roost\n|move|p2a: Venusaur|Giga Drain|p1a: Gliscor\n|-supereffective|p1a: Gliscor\n|-damage|p1a: Gliscor|18\/100 tox\n|\n|-heal|p1a: Gliscor|30\/100 tox|[from] ability: Poison Heal\n|upkeep\n|turn|90\n|\n|t:|1636519522\n|move|p1a: Gliscor|Roost|p1a: Gliscor\n|-heal|p1a: Gliscor|80\/100 tox\n|-singleturn|p1a: Gliscor|move: Roost\n|move|p2a: Venusaur|Giga Drain|p1a: Gliscor\n|-supereffective|p1a: Gliscor\n|-damage|p1a: Gliscor|22\/100 tox\n|\n|-heal|p1a: Gliscor|35\/100 tox|[from] ability: Poison Heal\n|upkeep\n|turn|91\n|\n|t:|1636519525\n|move|p1a: Gliscor|Roost|p1a: Gliscor\n|-heal|p1a: Gliscor|85\/100 tox\n|-singleturn|p1a: Gliscor|move: Roost\n|move|p2a: Venusaur|Giga Drain|p1a: Gliscor\n|-supereffective|p1a: Gliscor\n|-damage|p1a: Gliscor|19\/100 tox\n|\n|-heal|p1a: Gliscor|32\/100 tox|[from] ability: Poison Heal\n|upkeep\n|turn|92\n|\n|t:|1636519527\n|move|p1a: Gliscor|Roost|p1a: Gliscor\n|-heal|p1a: Gliscor|82\/100 tox\n|-singleturn|p1a: Gliscor|move: Roost\n|move|p2a: Venusaur|Giga Drain|p1a: Gliscor\n|-supereffective|p1a: Gliscor\n|-damage|p1a: Gliscor|23\/100 tox\n|\n|-heal|p1a: Gliscor|35\/100 tox|[from] ability: Poison Heal\n|upkeep\n|turn|93\n|\n|t:|1636519530\n|move|p1a: Gliscor|Roost|p1a: Gliscor\n|-heal|p1a: Gliscor|85\/100 tox\n|-singleturn|p1a: Gliscor|move: Roost\n|move|p2a: Venusaur|Giga Drain|p1a: Gliscor\n|-supereffective|p1a: Gliscor\n|-damage|p1a: Gliscor|25\/100 tox\n|\n|-heal|p1a: Gliscor|38\/100 tox|[from] ability: Poison Heal\n|upkeep\n|turn|94\n|\n|t:|1636519532\n|move|p1a: Gliscor|Roost|p1a: Gliscor\n|-heal|p1a: Gliscor|88\/100 tox\n|-singleturn|p1a: Gliscor|move: Roost\n|move|p2a: Venusaur|Giga Drain|p1a: Gliscor\n|-supereffective|p1a: Gliscor\n|-damage|p1a: Gliscor|25\/100 tox\n|\n|-heal|p1a: Gliscor|38\/100 tox|[from] ability: Poison Heal\n|upkeep\n|turn|95\n|\n|t:|1636519534\n|move|p1a: Gliscor|Roost|p1a: Gliscor\n|-heal|p1a: Gliscor|88\/100 tox\n|-singleturn|p1a: Gliscor|move: Roost\n|move|p2a: Venusaur|Giga Drain|p1a: Gliscor\n|-supereffective|p1a: Gliscor\n|-damage|p1a: Gliscor|22\/100 tox\n|\n|-heal|p1a: Gliscor|34\/100 tox|[from] ability: Poison Heal\n|upkeep\n|turn|96\n|\n|t:|1636519536\n|move|p1a: Gliscor|Roost|p1a: Gliscor\n|-heal|p1a: Gliscor|84\/100 tox\n|-singleturn|p1a: Gliscor|move: Roost\n|move|p2a: Venusaur|Giga Drain|p1a: Gliscor\n|-supereffective|p1a: Gliscor\n|-damage|p1a: Gliscor|25\/100 tox\n|\n|-heal|p1a: Gliscor|38\/100 tox|[from] ability: Poison Heal\n|upkeep\n|turn|97\n|\n|t:|1636519537\n|move|p1a: Gliscor|Roost|p1a: Gliscor\n|-heal|p1a: Gliscor|88\/100 tox\n|-singleturn|p1a: Gliscor|move: Roost\n|move|p2a: Venusaur|Giga Drain|p1a: Gliscor\n|-supereffective|p1a: Gliscor\n|-damage|p1a: Gliscor|26\/100 tox\n|\n|-heal|p1a: Gliscor|39\/100 tox|[from] ability: Poison Heal\n|upkeep\n|turn|98\n|\n|t:|1636519539\n|move|p1a: Gliscor|Roost|p1a: Gliscor\n|-heal|p1a: Gliscor|89\/100 tox\n|-singleturn|p1a: Gliscor|move: Roost\n|move|p2a: Venusaur|Giga Drain|p1a: Gliscor\n|-supereffective|p1a: Gliscor\n|-damage|p1a: Gliscor|30\/100 tox\n|\n|-heal|p1a: Gliscor|42\/100 tox|[from] ability: Poison Heal\n|upkeep\n|turn|99\n|\n|t:|1636519540\n|move|p1a: Gliscor|Roost|p1a: Gliscor\n|-heal|p1a: Gliscor|92\/100 tox\n|-singleturn|p1a: Gliscor|move: Roost\n|move|p2a: Venusaur|Giga Drain|p1a: Gliscor\n|-supereffective|p1a: Gliscor\n|-damage|p1a: Gliscor|30\/100 tox\n|\n|-heal|p1a: Gliscor|42\/100 tox|[from] ability: Poison Heal\n|upkeep\n|turn|100\n|\n|t:|1636519542\n|move|p1a: Gliscor|Roost|p1a: Gliscor\n|-heal|p1a: Gliscor|92\/100 tox\n|-singleturn|p1a: Gliscor|move: Roost\n|move|p2a: Venusaur|Hidden Power|p1a: Gliscor\n|-damage|p1a: Gliscor|75\/100 tox\n|\n|-heal|p1a: Gliscor|87\/100 tox|[from] ability: Poison Heal\n|upkeep\n|turn|101\n|\n|t:|1636519543\n|move|p1a: Gliscor|Roost|p1a: Gliscor\n|-heal|p1a: Gliscor|100\/100 tox\n|-singleturn|p1a: Gliscor|move: Roost\n|move|p2a: Venusaur|Sludge Bomb|p1a: Gliscor\n|-resisted|p1a: Gliscor\n|-damage|p1a: Gliscor|83\/100 tox\n|\n|-heal|p1a: Gliscor|95\/100 tox|[from] ability: Poison Heal\n|upkeep\n|turn|102\n|\n|t:|1636519545\n|switch|p1a: Chansey|Chansey, F, shiny|82\/100\n|move|p2a: Venusaur|Sludge Bomb|p1a: Chansey\n|-damage|p1a: Chansey|71\/100\n|\n|upkeep\n|turn|103\n|\n|t:|1636519549\n|switch|p2a: Chansey|Chansey, F|100\/100\n|move|p1a: Chansey|Seismic Toss|p2a: Chansey\n|-damage|p2a: Chansey|85\/100\n|\n|upkeep\n|turn|104\n|\n|t:|1636519552\n|switch|p1a: Gliscor|Gliscor, M|95\/100 tox\n|move|p2a: Chansey|Soft-Boiled|p2a: Chansey\n|-heal|p2a: Chansey|100\/100\n|\n|-heal|p1a: Gliscor|100\/100 tox|[from] ability: Poison Heal\n|upkeep\n|turn|105\n|\n|t:|1636519554\n|move|p1a: Gliscor|Taunt|p2a: Chansey\n|-start|p2a: Chansey|move: Taunt\n|move|p2a: Chansey|Seismic Toss|p1a: Gliscor\n|-damage|p1a: Gliscor|69\/100 tox\n|\n|-heal|p1a: Gliscor|82\/100 tox|[from] ability: Poison Heal\n|upkeep\n|turn|106\n|\n|t:|1636519555\n|switch|p1a: Chansey|Chansey, F, shiny|71\/100\n|move|p2a: Chansey|Seismic Toss|p1a: Chansey\n|-damage|p1a: Chansey|55\/100\n|\n|upkeep\n|turn|107\n|\n|t:|1636519557\n|move|p2a: Chansey|Seismic Toss|p1a: Chansey\n|-damage|p1a: Chansey|40\/100\n|move|p1a: Chansey|Seismic Toss|p2a: Chansey\n|-damage|p2a: Chansey|85\/100\n|\n|-end|p2a: Chansey|move: Taunt\n|upkeep\n|turn|108\n|\n|t:|1636519560\n|move|p2a: Chansey|Thunder Wave|p1a: Chansey\n|-status|p1a: Chansey|par\n|move|p1a: Chansey|Soft-Boiled|p1a: Chansey\n|-heal|p1a: Chansey|90\/100 par\n|\n|upkeep\n|turn|109\n|\n|t:|1636519562\n|-curestatus|p1a: Chansey|par|[from] ability: Natural Cure\n|switch|p1a: Tangrowth|Tangrowth, M|95\/100\n|move|p2a: Chansey|Seismic Toss|p1a: Tangrowth\n|-damage|p1a: Tangrowth|70\/100\n|-damage|p2a: Chansey|68\/100|[from] item: Rocky Helmet|[of] p1a: Tangrowth\n|\n|upkeep\n|turn|110\n|\n|t:|1636519564\n|move|p2a: Chansey|Soft-Boiled|p2a: Chansey\n|-heal|p2a: Chansey|100\/100\n|move|p1a: Tangrowth|Knock Off|p2a: Chansey\n|-damage|p2a: Chansey|86\/100\n|-enditem|p2a: Chansey|Eviolite|[from] move: Knock Off|[of] p1a: Tangrowth\n|\n|upkeep\n|turn|111\n|\n|t:|1636519567\n|move|p2a: Chansey|Soft-Boiled|p2a: Chansey\n|-heal|p2a: Chansey|100\/100\n|move|p1a: Tangrowth|Toxic|p2a: Chansey\n|-status|p2a: Chansey|tox\n|\n|-damage|p2a: Chansey|94\/100 tox|[from] psn\n|upkeep\n|turn|112\n|\n|t:|1636519568\n|-curestatus|p2a: Chansey|tox|[from] ability: Natural Cure\n|switch|p2a: Venusaur|Venusaur-Mega, M|100\/100\n|move|p1a: Tangrowth|Giga Drain|p2a: Venusaur\n|-resisted|p2a: Venusaur\n|-damage|p2a: Venusaur|95\/100\n|-heal|p1a: Tangrowth|72\/100|[from] drain|[of] p2a: Venusaur\n|\n|upkeep\n|turn|113\n|\n|t:|1636519574\n|move|p2a: Venusaur|Sludge Bomb|p1a: Tangrowth\n|-supereffective|p1a: Tangrowth\n|-damage|p1a: Tangrowth|0 fnt\n|faint|p1a: Tangrowth\n|\n|upkeep\n|\n|t:|1636519577\n|switch|p1a: Chansey|Chansey, F, shiny|90\/100\n|turn|114\n|\n|t:|1636519583\n|move|p2a: Venusaur|Sludge Bomb|p1a: Chansey\n|-damage|p1a: Chansey|80\/100\n|move|p1a: Chansey|Seismic Toss|p2a: Venusaur\n|-damage|p2a: Venusaur|68\/100\n|\n|upkeep\n|turn|115\n|\n|t:|1636519585\n|move|p2a: Venusaur|Sludge Bomb|p1a: Chansey\n|-damage|p1a: Chansey|70\/100\n|-status|p1a: Chansey|psn\n|move|p1a: Chansey|Seismic Toss|p2a: Venusaur\n|-damage|p2a: Venusaur|40\/100\n|\n|-damage|p1a: Chansey|58\/100 psn|[from] psn\n|upkeep\n|turn|116\n|\n|t:|1636519587\n|-curestatus|p1a: Chansey|psn|[from] ability: Natural Cure\n|switch|p1a: Gliscor|Gliscor, M|82\/100 tox\n|move|p2a: Venusaur|Synthesis|p2a: Venusaur\n|-heal|p2a: Venusaur|90\/100\n|\n|-heal|p1a: Gliscor|94\/100 tox|[from] ability: Poison Heal\n|upkeep\n|turn|117\n|\n|t:|1636519589\n|move|p1a: Gliscor|Taunt|p2a: Venusaur\n|-start|p2a: Venusaur|move: Taunt\n|move|p2a: Venusaur|Sludge Bomb|p1a: Gliscor\n|-resisted|p1a: Gliscor\n|-damage|p1a: Gliscor|76\/100 tox\n|\n|-heal|p1a: Gliscor|89\/100 tox|[from] ability: Poison Heal\n|upkeep\n|turn|118\n|\n|t:|1636519591\n|switch|p1a: Chansey|Chansey, F, shiny|58\/100\n|move|p2a: Venusaur|Sludge Bomb|p1a: Chansey\n|-damage|p1a: Chansey|48\/100\n|\n|upkeep\n|turn|119\n|\n|t:|1636519593\n|move|p2a: Venusaur|Sludge Bomb|p1a: Chansey\n|-damage|p1a: Chansey|37\/100\n|move|p1a: Chansey|Soft-Boiled|p1a: Chansey\n|-heal|p1a: Chansey|87\/100\n|\n|-end|p2a: Venusaur|move: Taunt\n|upkeep\n|turn|120\n|\n|t:|1636519594\n|move|p2a: Venusaur|Sludge Bomb|p1a: Chansey\n|-damage|p1a: Chansey|77\/100\n|move|p1a: Chansey|Seismic Toss|p2a: Venusaur\n|-damage|p2a: Venusaur|62\/100\n|\n|upkeep\n|turn|121\n|\n|t:|1636519596\n|switch|p1a: Gliscor|Gliscor, M|89\/100 tox\n|move|p2a: Venusaur|Hidden Power|p1a: Gliscor\n|-damage|p1a: Gliscor|71\/100 tox\n|\n|-heal|p1a: Gliscor|84\/100 tox|[from] ability: Poison Heal\n|upkeep\n|turn|122\n|\n|t:|1636519598\n|move|p1a: Gliscor|Taunt|p2a: Venusaur\n|-start|p2a: Venusaur|move: Taunt\n|move|p2a: Venusaur|Hidden Power|p1a: Gliscor\n|-damage|p1a: Gliscor|67\/100 tox\n|\n|-heal|p1a: Gliscor|79\/100 tox|[from] ability: Poison Heal\n|upkeep\n|turn|123\n|\n|t:|1636519600\n|switch|p1a: Chansey|Chansey, F, shiny|77\/100\n|move|p2a: Venusaur|Hidden Power|p1a: Chansey\n|-damage|p1a: Chansey|72\/100\n|\n|upkeep\n|turn|124\n|\n|t:|1636519601\n|switch|p2a: Chansey|Chansey, F|94\/100\n|move|p1a: Chansey|Seismic Toss|p2a: Chansey\n|-damage|p2a: Chansey|79\/100\n|\n|upkeep\n|turn|125\n|\n|t:|1636519604\n|switch|p1a: Gliscor|Gliscor, M|79\/100 tox\n|move|p2a: Chansey|Soft-Boiled|p2a: Chansey\n|-heal|p2a: Chansey|100\/100\n|\n|-heal|p1a: Gliscor|92\/100 tox|[from] ability: Poison Heal\n|upkeep\n|turn|126\n|\n|t:|1636519605\n|switch|p2a: Venusaur|Venusaur-Mega, M|62\/100\n|move|p1a: Gliscor|Taunt|p2a: Venusaur\n|-start|p2a: Venusaur|move: Taunt\n|\n|-heal|p1a: Gliscor|100\/100 tox|[from] ability: Poison Heal\n|upkeep\n|turn|127\n|\n|t:|1636519608\n|switch|p1a: Chansey|Chansey, F, shiny|72\/100\n|switch|p2a: Chansey|Chansey, F|100\/100\n|\n|upkeep\n|turn|128\n|\n|t:|1636519609\n|switch|p2a: Venusaur|Venusaur-Mega, M|62\/100\n|move|p1a: Chansey|Seismic Toss|p2a: Venusaur\n|-damage|p2a: Venusaur|35\/100\n|\n|upkeep\n|turn|129\n|\n|t:|1636519612\n|move|p2a: Venusaur|Synthesis|p2a: Venusaur\n|-heal|p2a: Venusaur|85\/100\n|move|p1a: Chansey|Seismic Toss|p2a: Venusaur\n|-damage|p2a: Venusaur|57\/100\n|\n|upkeep\n|turn|130\n|\n|t:|1636519613\n|move|p2a: Venusaur|Hidden Power|p1a: Chansey\n|-damage|p1a: Chansey|67\/100\n|move|p1a: Chansey|Seismic Toss|p2a: Venusaur\n|-damage|p2a: Venusaur|30\/100\n|\n|upkeep\n|turn|131\n|\n|t:|1636519615\n|move|p2a: Venusaur|Synthesis|p2a: Venusaur\n|-heal|p2a: Venusaur|80\/100\n|move|p1a: Chansey|Seismic Toss|p2a: Venusaur\n|-damage|p2a: Venusaur|52\/100\n|\n|upkeep\n|turn|132\n|\n|t:|1636519616\n|move|p2a: Venusaur|Hidden Power|p1a: Chansey\n|-damage|p1a: Chansey|63\/100\n|move|p1a: Chansey|Seismic Toss|p2a: Venusaur\n|-damage|p2a: Venusaur|24\/100\n|\n|upkeep\n|turn|133\n|\n|t:|1636519618\n|move|p2a: Venusaur|Synthesis|p2a: Venusaur\n|-heal|p2a: Venusaur|74\/100\n|move|p1a: Chansey|Seismic Toss|p2a: Venusaur\n|-damage|p2a: Venusaur|47\/100\n|\n|upkeep\n|turn|134\n|\n|t:|1636519621\n|move|p2a: Venusaur|Synthesis|p2a: Venusaur\n|-heal|p2a: Venusaur|97\/100\n|move|p1a: Chansey|Seismic Toss|p2a: Venusaur\n|-damage|p2a: Venusaur|69\/100\n|\n|upkeep\n|turn|135\n|\n|t:|1636519623\n|move|p2a: Venusaur|Hidden Power|p1a: Chansey\n|-damage|p1a: Chansey|58\/100\n|move|p1a: Chansey|Seismic Toss|p2a: Venusaur\n|-damage|p2a: Venusaur|42\/100\n|\n|upkeep\n|turn|136\n|\n|t:|1636519626\n|move|p2a: Venusaur|Synthesis|p2a: Venusaur\n|-heal|p2a: Venusaur|91\/100\n|move|p1a: Chansey|Soft-Boiled|p1a: Chansey\n|-heal|p1a: Chansey|100\/100\n|\n|upkeep\n|turn|137\n|\n|t:|1636519630\n|switch|p2a: Chansey|Chansey, F|100\/100\n|move|p1a: Chansey|Seismic Toss|p2a: Chansey\n|-damage|p2a: Chansey|85\/100\n|\n|upkeep\n|turn|138\n|\n|t:|1636519632\n|move|p2a: Chansey|Thunder Wave|p1a: Chansey\n|-status|p1a: Chansey|par\n|move|p1a: Chansey|Seismic Toss|p2a: Chansey\n|-damage|p2a: Chansey|69\/100\n|\n|upkeep\n|turn|139\n|\n|t:|1636519635\n|-curestatus|p1a: Chansey|par|[from] ability: Natural Cure\n|switch|p1a: Gliscor|Gliscor, M|100\/100 tox\n|move|p2a: Chansey|Soft-Boiled|p2a: Chansey\n|-heal|p2a: Chansey|100\/100\n|\n|upkeep\n|turn|140\n|\n|t:|1636519637\n|move|p1a: Gliscor|Taunt|p2a: Chansey\n|-start|p2a: Chansey|move: Taunt\n|move|p2a: Chansey|Seismic Toss|p1a: Gliscor\n|-damage|p1a: Gliscor|69\/100 tox\n|\n|-heal|p1a: Gliscor|82\/100 tox|[from] ability: Poison Heal\n|upkeep\n|turn|141\n|\n|t:|1636519638\n|switch|p2a: Venusaur|Venusaur-Mega, M|91\/100\n|move|p1a: Gliscor|Toxic|p2a: Venusaur\n|-immune|p2a: Venusaur\n|\n|-heal|p1a: Gliscor|94\/100 tox|[from] ability: Poison Heal\n|upkeep\n|turn|142\n|\n|t:|1636519641\n|switch|p1a: Chansey|Chansey, F, shiny|100\/100\n|switch|p2a: Chansey|Chansey, F|100\/100\n|\n|upkeep\n|turn|143\n|\n|t:|1636519642\n|move|p2a: Chansey|Thunder Wave|p1a: Chansey\n|-status|p1a: Chansey|par\n|cant|p1a: Chansey|par\n|\n|upkeep\n|turn|144\n|\n|t:|1636519643\n|move|p2a: Chansey|Seismic Toss|p1a: Chansey\n|-damage|p1a: Chansey|85\/100 par\n|move|p1a: Chansey|Seismic Toss|p2a: Chansey\n|-damage|p2a: Chansey|85\/100\n|\n|upkeep\n|turn|145\n|\n|t:|1636519652\n|-curestatus|p1a: Chansey|par|[from] ability: Natural Cure\n|switch|p1a: Gliscor|Gliscor, M|94\/100 tox\n|move|p2a: Chansey|Soft-Boiled|p2a: Chansey\n|-heal|p2a: Chansey|100\/100\n|\n|-heal|p1a: Gliscor|100\/100 tox|[from] ability: Poison Heal\n|upkeep\n|turn|146\n|\n|t:|1636519654\n|move|p1a: Gliscor|Taunt|p2a: Chansey\n|-start|p2a: Chansey|move: Taunt\n|move|p2a: Chansey|Seismic Toss|p1a: Gliscor\n|-damage|p1a: Gliscor|69\/100 tox\n|\n|-heal|p1a: Gliscor|82\/100 tox|[from] ability: Poison Heal\n|upkeep\n|turn|147\n|\n|t:|1636519658\n|switch|p2a: Venusaur|Venusaur-Mega, M|91\/100\n|move|p1a: Gliscor|Toxic|p2a: Venusaur\n|-immune|p2a: Venusaur\n|\n|-heal|p1a: Gliscor|94\/100 tox|[from] ability: Poison Heal\n|upkeep\n|turn|148\n|\n|t:|1636519660\n|switch|p1a: Chansey|Chansey, F, shiny|85\/100\n|switch|p2a: Chansey|Chansey, F|100\/100\n|\n|upkeep\n|turn|149\n|\n|t:|1636519662\n|switch|p1a: Gliscor|Gliscor, M|94\/100 tox\n|move|p2a: Chansey|Thunder Wave|p1a: Gliscor\n|-immune|p1a: Gliscor\n|\n|-heal|p1a: Gliscor|100\/100 tox|[from] ability: Poison Heal\n|upkeep\n|turn|150\n|\n|t:|1636519663\n|move|p1a: Gliscor|Taunt|p2a: Chansey\n|-start|p2a: Chansey|move: Taunt\n|move|p2a: Chansey|Seismic Toss|p1a: Gliscor\n|-damage|p1a: Gliscor|69\/100 tox\n|\n|-heal|p1a: Gliscor|82\/100 tox|[from] ability: Poison Heal\n|upkeep\n|turn|151\n|\n|t:|1636519665\n|switch|p2a: Venusaur|Venusaur-Mega, M|91\/100\n|move|p1a: Gliscor|Taunt|p2a: Venusaur\n|-start|p2a: Venusaur|move: Taunt\n|\n|-heal|p1a: Gliscor|94\/100 tox|[from] ability: Poison Heal\n|upkeep\n|turn|152\n|\n|t:|1636519669\n|switch|p2a: Chansey|Chansey, F|100\/100\n|move|p1a: Gliscor|Defog|p2a: Chansey\n|-unboost|p2a: Chansey|evasion|1\n|\n|-heal|p1a: Gliscor|100\/100 tox|[from] ability: Poison Heal\n|upkeep\n|turn|153\n|\n|t:|1636519671\n|move|p1a: Gliscor|Toxic|p2a: Chansey\n|-status|p2a: Chansey|tox\n|move|p2a: Chansey|Seismic Toss|p1a: Gliscor\n|-damage|p1a: Gliscor|69\/100 tox\n|\n|-heal|p1a: Gliscor|82\/100 tox|[from] ability: Poison Heal\n|-damage|p2a: Chansey|94\/100 tox|[from] psn\n|upkeep\n|turn|154\n|\n|t:|1636519672\n|-curestatus|p2a: Chansey|tox|[from] ability: Natural Cure\n|switch|p2a: Venusaur|Venusaur-Mega, M|91\/100\n|move|p1a: Gliscor|Taunt|p2a: Venusaur\n|-start|p2a: Venusaur|move: Taunt\n|\n|-heal|p1a: Gliscor|94\/100 tox|[from] ability: Poison Heal\n|upkeep\n|turn|155\n|\n|t:|1636519674\n|switch|p2a: Chansey|Chansey, F|94\/100\n|move|p1a: Gliscor|Defog|p2a: Chansey\n|-unboost|p2a: Chansey|evasion|1\n|\n|-heal|p1a: Gliscor|100\/100 tox|[from] ability: Poison Heal\n|upkeep\n|turn|156\n|\n|t:|1636519676\n|move|p1a: Gliscor|Toxic|p2a: Chansey\n|-status|p2a: Chansey|tox\n|move|p2a: Chansey|Soft-Boiled|p2a: Chansey\n|-heal|p2a: Chansey|100\/100 tox\n|\n|-damage|p2a: Chansey|94\/100 tox|[from] psn\n|upkeep\n|turn|157\n|\n|t:|1636519678\n|switch|p1a: Chansey|Chansey, F, shiny|85\/100\n|-curestatus|p2a: Chansey|tox|[from] ability: Natural Cure\n|switch|p2a: Skarmory|Skarmory, F|36\/100 brn\n|\n|-damage|p2a: Skarmory|30\/100 brn|[from] brn\n|upkeep\n|turn|158\n|\n|t:|1636519680\n|switch|p2a: Chansey|Chansey, F|94\/100\n|move|p1a: Chansey|Seismic Toss|p2a: Chansey\n|-damage|p2a: Chansey|79\/100\n|\n|upkeep\n|turn|159\n|\n|t:|1636519682\n|move|p2a: Chansey|Thunder Wave|p1a: Chansey|[miss]\n|-miss|p2a: Chansey|p1a: Chansey\n|move|p1a: Chansey|Seismic Toss|p2a: Chansey\n|-damage|p2a: Chansey|63\/100\n|\n|upkeep\n|turn|160\n|\n|t:|1636519684\n|move|p2a: Chansey|Soft-Boiled|p2a: Chansey\n|-heal|p2a: Chansey|100\/100\n|move|p1a: Chansey|Seismic Toss|p2a: Chansey\n|-damage|p2a: Chansey|85\/100\n|\n|upkeep\n|turn|161\n|\n|t:|1636519685\n|move|p2a: Chansey|Thunder Wave|p1a: Chansey\n|-status|p1a: Chansey|par\n|cant|p1a: Chansey|par\n|\n|upkeep\n|turn|162\n|\n|t:|1636519687\n|-curestatus|p1a: Chansey|par|[from] ability: Natural Cure\n|switch|p1a: Gliscor|Gliscor, M|100\/100 tox\n|move|p2a: Chansey|Soft-Boiled|p2a: Chansey\n|-heal|p2a: Chansey|100\/100\n|\n|upkeep\n|turn|163\n|\n|t:|1636519689\n|move|p1a: Gliscor|Taunt|p2a: Chansey\n|-start|p2a: Chansey|move: Taunt\n|move|p2a: Chansey|Seismic Toss|p1a: Gliscor\n|-damage|p1a: Gliscor|69\/100 tox\n|\n|-heal|p1a: Gliscor|82\/100 tox|[from] ability: Poison Heal\n|upkeep\n|turn|164\n|\n|t:|1636519695\n|switch|p2a: Venusaur|Venusaur-Mega, M|91\/100\n|move|p1a: Gliscor|Toxic|p2a: Venusaur|[miss]\n|-miss|p1a: Gliscor|p2a: Venusaur\n|\n|-heal|p1a: Gliscor|94\/100 tox|[from] ability: Poison Heal\n|upkeep\n|turn|165\n|\n|t:|1636519697\n|switch|p2a: Chansey|Chansey, F|100\/100\n|move|p1a: Gliscor|Defog|p2a: Chansey\n|-unboost|p2a: Chansey|evasion|1\n|\n|-heal|p1a: Gliscor|100\/100 tox|[from] ability: Poison Heal\n|upkeep\n|turn|166\n|\n|t:|1636519699\n|move|p1a: Gliscor|Toxic|p2a: Chansey\n|-status|p2a: Chansey|tox\n|move|p2a: Chansey|Seismic Toss|p1a: Gliscor\n|-damage|p1a: Gliscor|69\/100 tox\n|\n|-heal|p1a: Gliscor|82\/100 tox|[from] ability: Poison Heal\n|-damage|p2a: Chansey|94\/100 tox|[from] psn\n|upkeep\n|turn|167\n|\n|t:|1636519701\n|-curestatus|p2a: Chansey|tox|[from] ability: Natural Cure\n|switch|p2a: Venusaur|Venusaur-Mega, M|91\/100\n|move|p1a: Gliscor|Taunt|p2a: Venusaur\n|-start|p2a: Venusaur|move: Taunt\n|\n|-heal|p1a: Gliscor|94\/100 tox|[from] ability: Poison Heal\n|upkeep\n|turn|168\n|\n|t:|1636519702\n|switch|p2a: Chansey|Chansey, F|94\/100\n|move|p1a: Gliscor|Defog|p2a: Chansey\n|-unboost|p2a: Chansey|evasion|1\n|\n|-heal|p1a: Gliscor|100\/100 tox|[from] ability: Poison Heal\n|upkeep\n|turn|169\n|\n|t:|1636519704\n|move|p1a: Gliscor|Toxic|p2a: Chansey\n|-status|p2a: Chansey|tox\n|move|p2a: Chansey|Soft-Boiled|p2a: Chansey\n|-heal|p2a: Chansey|100\/100 tox\n|\n|-damage|p2a: Chansey|94\/100 tox|[from] psn\n|upkeep\n|turn|170\n|\n|t:|1636519706\n|-curestatus|p2a: Chansey|tox|[from] ability: Natural Cure\n|switch|p2a: Skarmory|Skarmory, F|30\/100 brn\n|move|p1a: Gliscor|Defog|p2a: Skarmory\n|-unboost|p2a: Skarmory|evasion|1\n|\n|-damage|p2a: Skarmory|24\/100 brn|[from] brn\n|upkeep\n|turn|171\n|\n|t:|1636519708\n|switch|p2a: Chansey|Chansey, F|94\/100\n|move|p1a: Gliscor|Taunt|p2a: Chansey\n|-start|p2a: Chansey|move: Taunt\n|\n|upkeep\n|turn|172\n|\n|t:|1636519710\n|move|p1a: Gliscor|Toxic|p2a: Chansey\n|-status|p2a: Chansey|tox\n|move|p2a: Chansey|Seismic Toss|p1a: Gliscor\n|-damage|p1a: Gliscor|69\/100 tox\n|\n|-heal|p1a: Gliscor|82\/100 tox|[from] ability: Poison Heal\n|-damage|p2a: Chansey|88\/100 tox|[from] psn\n|upkeep\n|turn|173\n|\n|t:|1636519712\n|-curestatus|p2a: Chansey|tox|[from] ability: Natural Cure\n|switch|p2a: Venusaur|Venusaur-Mega, M|91\/100\n|move|p1a: Gliscor|Defog|p2a: Venusaur\n|-unboost|p2a: Venusaur|evasion|1\n|\n|-heal|p1a: Gliscor|94\/100 tox|[from] ability: Poison Heal\n|upkeep\n|turn|174\n|\n|t:|1636519716\n|switch|p2a: Chansey|Chansey, F|88\/100\n|move|p1a: Gliscor|Taunt|p2a: Chansey\n|-start|p2a: Chansey|move: Taunt\n|\n|-heal|p1a: Gliscor|100\/100 tox|[from] ability: Poison Heal\n|upkeep\n|turn|175\n|\n|t:|1636519720\n|move|p1a: Gliscor|Toxic|p2a: Chansey\n|-status|p2a: Chansey|tox\n|move|p2a: Chansey|Seismic Toss|p1a: Gliscor\n|-damage|p1a: Gliscor|69\/100 tox\n|\n|-heal|p1a: Gliscor|82\/100 tox|[from] ability: Poison Heal\n|-damage|p2a: Chansey|82\/100 tox|[from] psn\n|upkeep\n|turn|176\n|\n|t:|1636519723\n|-curestatus|p2a: Chansey|tox|[from] ability: Natural Cure\n|switch|p2a: Venusaur|Venusaur-Mega, M|91\/100\n|move|p1a: Gliscor|Defog|p2a: Venusaur\n|-unboost|p2a: Venusaur|evasion|1\n|\n|-heal|p1a: Gliscor|94\/100 tox|[from] ability: Poison Heal\n|upkeep\n|turn|177\n|\n|t:|1636519725\n|switch|p2a: Chansey|Chansey, F|82\/100\n|move|p1a: Gliscor|Taunt|p2a: Chansey\n|-start|p2a: Chansey|move: Taunt\n|\n|-heal|p1a: Gliscor|100\/100 tox|[from] ability: Poison Heal\n|upkeep\n|turn|178\n|\n|t:|1636519726\n|move|p1a: Gliscor|Toxic|p2a: Chansey\n|-status|p2a: Chansey|tox\n|move|p2a: Chansey|Seismic Toss|p1a: Gliscor\n|-damage|p1a: Gliscor|69\/100 tox\n|\n|-heal|p1a: Gliscor|82\/100 tox|[from] ability: Poison Heal\n|-damage|p2a: Chansey|76\/100 tox|[from] psn\n|upkeep\n|turn|179\n|\n|t:|1636519728\n|-curestatus|p2a: Chansey|tox|[from] ability: Natural Cure\n|switch|p2a: Venusaur|Venusaur-Mega, M|91\/100\n|move|p1a: Gliscor|Defog|p2a: Venusaur\n|-unboost|p2a: Venusaur|evasion|1\n|\n|-heal|p1a: Gliscor|94\/100 tox|[from] ability: Poison Heal\n|upkeep\n|turn|180\n|\n|t:|1636519730\n|switch|p2a: Chansey|Chansey, F|76\/100\n|move|p1a: Gliscor|Taunt|p2a: Chansey\n|-start|p2a: Chansey|move: Taunt\n|\n|-heal|p1a: Gliscor|100\/100 tox|[from] ability: Poison Heal\n|upkeep\n|turn|181\n|\n|t:|1636519733\n|move|p1a: Gliscor|Toxic|p2a: Chansey\n|-status|p2a: Chansey|tox\n|move|p2a: Chansey|Seismic Toss|p1a: Gliscor\n|-damage|p1a: Gliscor|69\/100 tox\n|\n|-heal|p1a: Gliscor|82\/100 tox|[from] ability: Poison Heal\n|-damage|p2a: Chansey|69\/100 tox|[from] psn\n|upkeep\n|turn|182\n|\n|t:|1636519735\n|-curestatus|p2a: Chansey|tox|[from] ability: Natural Cure\n|switch|p2a: Venusaur|Venusaur-Mega, M|91\/100\n|move|p1a: Gliscor|Defog|p2a: Venusaur\n|-unboost|p2a: Venusaur|evasion|1\n|\n|-heal|p1a: Gliscor|94\/100 tox|[from] ability: Poison Heal\n|upkeep\n|turn|183\n|\n|t:|1636519737\n|switch|p2a: Chansey|Chansey, F|69\/100\n|move|p1a: Gliscor|Taunt|p2a: Chansey\n|-start|p2a: Chansey|move: Taunt\n|\n|-heal|p1a: Gliscor|100\/100 tox|[from] ability: Poison Heal\n|upkeep\n|turn|184\n|\n|t:|1636519739\n|move|p1a: Gliscor|Toxic|p2a: Chansey\n|-status|p2a: Chansey|tox\n|move|p2a: Chansey|Seismic Toss|p1a: Gliscor\n|-damage|p1a: Gliscor|69\/100 tox\n|\n|-heal|p1a: Gliscor|82\/100 tox|[from] ability: Poison Heal\n|-damage|p2a: Chansey|63\/100 tox|[from] psn\n|upkeep\n|turn|185\n|\n|t:|1636519742\n|switch|p1a: Chansey|Chansey, F, shiny|85\/100\n|-curestatus|p2a: Chansey|tox|[from] ability: Natural Cure\n|switch|p2a: Venusaur|Venusaur-Mega, M|91\/100\n|\n|upkeep\n|turn|186\n|\n|t:|1636519744\n|switch|p2a: Chansey|Chansey, F|63\/100\n|switch|p1a: Gliscor|Gliscor, M|82\/100 tox\n|\n|-heal|p1a: Gliscor|94\/100 tox|[from] ability: Poison Heal\n|upkeep\n|turn|187\n|\n|t:|1636519745\n|switch|p1a: Chansey|Chansey, F, shiny|85\/100\n|move|p2a: Chansey|Soft-Boiled|p2a: Chansey\n|-heal|p2a: Chansey|100\/100\n|\n|upkeep\n|turn|188\n|\n|t:|1636519746\n|switch|p1a: Gliscor|Gliscor, M|94\/100 tox\n|move|p2a: Chansey|Thunder Wave|p1a: Gliscor\n|-immune|p1a: Gliscor\n|\n|-heal|p1a: Gliscor|100\/100 tox|[from] ability: Poison Heal\n|upkeep\n|turn|189\n|\n|t:|1636519748\n|switch|p1a: Chansey|Chansey, F, shiny|85\/100\n|move|p2a: Chansey|Seismic Toss|p1a: Chansey\n|-damage|p1a: Chansey|69\/100\n|\n|upkeep\n|turn|190\n|\n|t:|1636519750\n|switch|p1a: Gliscor|Gliscor, M|100\/100 tox\n|move|p2a: Chansey|Thunder Wave|p1a: Gliscor\n|-immune|p1a: Gliscor\n|\n|upkeep\n|turn|191\n|\n|t:|1636519752\n|switch|p1a: Chansey|Chansey, F, shiny|69\/100\n|move|p2a: Chansey|Seismic Toss|p1a: Chansey\n|-damage|p1a: Chansey|54\/100\n|\n|upkeep\n|turn|192\n|\n|t:|1636519753\n|switch|p1a: Gliscor|Gliscor, M|100\/100 tox\n|move|p2a: Chansey|Thunder Wave|p1a: Gliscor\n|-immune|p1a: Gliscor\n|\n|upkeep\n|turn|193\n|\n|t:|1636519755\n|switch|p1a: Chansey|Chansey, F, shiny|54\/100\n|move|p2a: Chansey|Seismic Toss|p1a: Chansey\n|-damage|p1a: Chansey|38\/100\n|\n|upkeep\n|turn|194\n|\n|t:|1636519757\n|move|p2a: Chansey|Thunder Wave|p1a: Chansey\n|-status|p1a: Chansey|par\n|cant|p1a: Chansey|par\n|\n|upkeep\n|turn|195\n|\n|t:|1636519760\n|move|p2a: Chansey|Seismic Toss|p1a: Chansey\n|-damage|p1a: Chansey|23\/100 par\n|move|p1a: Chansey|Soft-Boiled|p1a: Chansey\n|-heal|p1a: Chansey|73\/100 par\n|\n|upkeep\n|turn|196\n|\n|t:|1636519762\n|switch|p2a: Venusaur|Venusaur-Mega, M|91\/100\n|-curestatus|p1a: Chansey|par|[from] ability: Natural Cure\n|switch|p1a: Gliscor|Gliscor, M|100\/100 tox\n|\n|upkeep\n|turn|197\n|\n|t:|1636519765\n|switch|p1a: Chansey|Chansey, F, shiny|73\/100\n|switch|p2a: Chansey|Chansey, F|100\/100\n|\n|upkeep\n|turn|198\n|\n|t:|1636519766\n|switch|p1a: Gliscor|Gliscor, M|100\/100 tox\n|move|p2a: Chansey|Thunder Wave|p1a: Gliscor\n|-immune|p1a: Gliscor\n|\n|upkeep\n|turn|199\n|\n|t:|1636519767\n|switch|p1a: Chansey|Chansey, F, shiny|73\/100\n|move|p2a: Chansey|Seismic Toss|p1a: Chansey\n|-damage|p1a: Chansey|57\/100\n|\n|upkeep\n|turn|200\n|\n|t:|1636519769\n|move|p2a: Chansey|Thunder Wave|p1a: Chansey\n|-status|p1a: Chansey|par\n|move|p1a: Chansey|Soft-Boiled|p1a: Chansey\n|-heal|p1a: Chansey|100\/100 par\n|\n|upkeep\n|turn|201\n|\n|t:|1636519771\n|-curestatus|p1a: Chansey|par|[from] ability: Natural Cure\n|switch|p1a: Gliscor|Gliscor, M|100\/100 tox\n|move|p2a: Chansey|Seismic Toss|p1a: Gliscor\n|-damage|p1a: Gliscor|69\/100 tox\n|\n|-heal|p1a: Gliscor|82\/100 tox|[from] ability: Poison Heal\n|upkeep\n|turn|202\n|\n|t:|1636519773\n|switch|p1a: Chansey|Chansey, F, shiny|100\/100\n|switch|p2a: Venusaur|Venusaur-Mega, M|91\/100\n|\n|upkeep\n|turn|203\n|\n|t:|1636519774\n|switch|p2a: Chansey|Chansey, F|100\/100\n|switch|p1a: Gliscor|Gliscor, M|82\/100 tox\n|\n|-heal|p1a: Gliscor|94\/100 tox|[from] ability: Poison Heal\n|upkeep\n|turn|204\n|\n|t:|1636519776\n|switch|p1a: Chansey|Chansey, F, shiny|100\/100\n|move|p2a: Chansey|Seismic Toss|p1a: Chansey\n|-damage|p1a: Chansey|85\/100\n|\n|upkeep\n|turn|205\n|\n|t:|1636519777\n|switch|p1a: Gliscor|Gliscor, M|94\/100 tox\n|move|p2a: Chansey|Thunder Wave|p1a: Gliscor\n|-immune|p1a: Gliscor\n|\n|-heal|p1a: Gliscor|100\/100 tox|[from] ability: Poison Heal\n|upkeep\n|turn|206\n|\n|t:|1636519779\n|switch|p1a: Chansey|Chansey, F, shiny|85\/100\n|move|p2a: Chansey|Seismic Toss|p1a: Chansey\n|-damage|p1a: Chansey|69\/100\n|\n|upkeep\n|turn|207\n|\n|t:|1636519780\n|switch|p1a: Gliscor|Gliscor, M|100\/100 tox\n|move|p2a: Chansey|Thunder Wave|p1a: Gliscor\n|-immune|p1a: Gliscor\n|\n|upkeep\n|turn|208\n|\n|t:|1636519782\n|switch|p1a: Chansey|Chansey, F, shiny|69\/100\n|move|p2a: Chansey|Seismic Toss|p1a: Chansey\n|-damage|p1a: Chansey|54\/100\n|\n|upkeep\n|turn|209\n|\n|t:|1636519784\n|switch|p1a: Gliscor|Gliscor, M|100\/100 tox\n|move|p2a: Chansey|Thunder Wave|p1a: Gliscor\n|-immune|p1a: Gliscor\n|\n|upkeep\n|turn|210\n|\n|t:|1636519785\n|switch|p1a: Chansey|Chansey, F, shiny|54\/100\n|move|p2a: Chansey|Seismic Toss|p1a: Chansey\n|-damage|p1a: Chansey|38\/100\n|\n|upkeep\n|turn|211\n|\n|t:|1636519787\n|move|p2a: Chansey|Thunder Wave|p1a: Chansey\n|-status|p1a: Chansey|par\n|move|p1a: Chansey|Soft-Boiled|p1a: Chansey\n|-heal|p1a: Chansey|88\/100 par\n|\n|upkeep\n|turn|212\n|\n|t:|1636519791\n|switch|p2a: Venusaur|Venusaur-Mega, M|91\/100\n|-curestatus|p1a: Chansey|par|[from] ability: Natural Cure\n|switch|p1a: Gliscor|Gliscor, M|100\/100 tox\n|\n|upkeep\n|turn|213\n|\n|t:|1636519793\n|switch|p1a: Chansey|Chansey, F, shiny|88\/100\n|switch|p2a: Chansey|Chansey, F|100\/100\n|\n|upkeep\n|turn|214\n|\n|t:|1636519795\n|switch|p1a: Gliscor|Gliscor, M|100\/100 tox\n|move|p2a: Chansey|Thunder Wave|p1a: Gliscor\n|-immune|p1a: Gliscor\n|\n|upkeep\n|turn|215\n|\n|t:|1636519797\n|switch|p1a: Chansey|Chansey, F, shiny|88\/100\n|move|p2a: Chansey|Seismic Toss|p1a: Chansey\n|-damage|p1a: Chansey|73\/100\n|\n|upkeep\n|turn|216\n|\n|t:|1636519799\n|switch|p1a: Gliscor|Gliscor, M|100\/100 tox\n|move|p2a: Chansey|Thunder Wave|p1a: Gliscor\n|-immune|p1a: Gliscor\n|\n|upkeep\n|turn|217\n|\n|t:|1636519801\n|switch|p1a: Chansey|Chansey, F, shiny|73\/100\n|move|p2a: Chansey|Seismic Toss|p1a: Chansey\n|-damage|p1a: Chansey|57\/100\n|\n|upkeep\n|turn|218\n|\n|t:|1636519802\n|switch|p1a: Gliscor|Gliscor, M|100\/100 tox\n|move|p2a: Chansey|Thunder Wave|p1a: Gliscor\n|-immune|p1a: Gliscor\n|\n|upkeep\n|turn|219\n|\n|t:|1636519806\n|switch|p1a: Chansey|Chansey, F, shiny|57\/100\n|move|p2a: Chansey|Seismic Toss|p1a: Chansey\n|-damage|p1a: Chansey|41\/100\n|\n|upkeep\n|turn|220\n|\n|t:|1636519808\n|move|p2a: Chansey|Thunder Wave|p1a: Chansey|[miss]\n|-miss|p2a: Chansey|p1a: Chansey\n|move|p1a: Chansey|Seismic Toss|p2a: Chansey\n|-damage|p2a: Chansey|85\/100\n|\n|upkeep\n|turn|221\n|\n|t:|1636519810\n|move|p2a: Chansey|Thunder Wave|p1a: Chansey\n|-status|p1a: Chansey|par\n|move|p1a: Chansey|Seismic Toss|p2a: Chansey\n|-damage|p2a: Chansey|69\/100\n|\n|upkeep\n|turn|222\n|\n|t:|1636519813\n|move|p2a: Chansey|Soft-Boiled|p2a: Chansey\n|-heal|p2a: Chansey|100\/100\n|cant|p1a: Chansey|par\n|\n|upkeep\n|turn|223\n|\n|t:|1636519814\n|move|p2a: Chansey|Seismic Toss|p1a: Chansey\n|-damage|p1a: Chansey|26\/100 par\n|move|p1a: Chansey|Soft-Boiled|p1a: Chansey\n|-heal|p1a: Chansey|76\/100 par\n|\n|upkeep\n|turn|224\n|\n|t:|1636519817\n|switch|p2a: Venusaur|Venusaur-Mega, M|91\/100\n|-curestatus|p1a: Chansey|par|[from] ability: Natural Cure\n|switch|p1a: Gliscor|Gliscor, M|100\/100 tox\n|\n|upkeep\n|turn|225\n|\n|t:|1636519819\n|switch|p2a: Chansey|Chansey, F|100\/100\n|move|p1a: Gliscor|Taunt|p2a: Chansey\n|-start|p2a: Chansey|move: Taunt\n|\n|upkeep\n|turn|226\n|\n|t:|1636519821\n|switch|p2a: Skarmory|Skarmory, F|24\/100 brn\n|move|p1a: Gliscor|Toxic||[still]\n|-fail|p1a: Gliscor\n|\n|-damage|p2a: Skarmory|18\/100 brn|[from] brn\n|upkeep\n|turn|227\n|\n|t:|1636519823\n|switch|p2a: Chansey|Chansey, F|100\/100\n|move|p1a: Gliscor|Taunt|p2a: Chansey\n|-start|p2a: Chansey|move: Taunt\n|\n|upkeep\n|turn|228\n|\n|t:|1636519825\n|switch|p2a: Skarmory|Skarmory, F|18\/100 brn\n|move|p1a: Gliscor|Toxic||[still]\n|-fail|p1a: Gliscor\n|\n|-damage|p2a: Skarmory|12\/100 brn|[from] brn\n|upkeep\n|turn|229\n|\n|t:|1636519827\n|switch|p2a: Chansey|Chansey, F|100\/100\n|move|p1a: Gliscor|Taunt|p2a: Chansey\n|-start|p2a: Chansey|move: Taunt\n|\n|upkeep\n|turn|230\n|\n|t:|1636519830\n|switch|p2a: Skarmory|Skarmory, F|12\/100 brn\n|move|p1a: Gliscor|Defog|p2a: Skarmory\n|-unboost|p2a: Skarmory|evasion|1\n|\n|-damage|p2a: Skarmory|6\/100 brn|[from] brn\n|upkeep\n|turn|231\n|\n|t:|1636519832\n|switch|p2a: Chansey|Chansey, F|100\/100\n|move|p1a: Gliscor|Taunt|p2a: Chansey\n|-start|p2a: Chansey|move: Taunt\n|\n|upkeep\n|turn|232\n|\n|t:|1636519834\n|switch|p2a: Venusaur|Venusaur-Mega, M|91\/100\n|move|p1a: Gliscor|Taunt|p2a: Venusaur\n|-start|p2a: Venusaur|move: Taunt\n|\n|upkeep\n|turn|233\n|\n|t:|1636519836\n|switch|p2a: Chansey|Chansey, F|100\/100\n|move|p1a: Gliscor|Defog|p2a: Chansey\n|-unboost|p2a: Chansey|evasion|1\n|\n|upkeep\n|turn|234\n|\n|t:|1636519838\n|move|p1a: Gliscor|Taunt|p2a: Chansey\n|-start|p2a: Chansey|move: Taunt\n|cant|p2a: Chansey|move: Taunt|Soft-Boiled\n|\n|upkeep\n|turn|235\n|\n|t:|1636519841\n|switch|p1a: Chansey|Chansey, F, shiny|76\/100\n|switch|p2a: Venusaur|Venusaur-Mega, M|91\/100\n|\n|upkeep\n|turn|236\n|\n|t:|1636519843\n|switch|p2a: Chansey|Chansey, F|100\/100\n|switch|p1a: Gliscor|Gliscor, M|100\/100 tox\n|\n|upkeep\n|turn|237\n|\n|t:|1636519845\n|move|p1a: Gliscor|Taunt|p2a: Chansey\n|-start|p2a: Chansey|move: Taunt\n|cant|p2a: Chansey|move: Taunt|Soft-Boiled\n|\n|upkeep\n|turn|238\n|\n|t:|1636519847\n|switch|p1a: Chansey|Chansey, F, shiny|76\/100\n|switch|p2a: Venusaur|Venusaur-Mega, M|91\/100\n|\n|upkeep\n|turn|239\n|\n|t:|1636519848\n|switch|p2a: Chansey|Chansey, F|100\/100\n|switch|p1a: Gliscor|Gliscor, M|100\/100 tox\n|\n|upkeep\n|turn|240\n|\n|t:|1636519850\n|switch|p1a: Chansey|Chansey, F, shiny|76\/100\n|move|p2a: Chansey|Soft-Boiled||[still]\n|-fail|p2a: Chansey|heal\n|\n|upkeep\n|turn|241\n|\n|t:|1636519851\n|switch|p1a: Gliscor|Gliscor, M|100\/100 tox\n|move|p2a: Chansey|Thunder Wave|p1a: Gliscor\n|-immune|p1a: Gliscor\n|\n|upkeep\n|turn|242\n|\n|t:|1636519852\n|switch|p1a: Chansey|Chansey, F, shiny|76\/100\n|move|p2a: Chansey|Soft-Boiled||[still]\n|-fail|p2a: Chansey|heal\n|\n|upkeep\n|turn|243\n|\n|t:|1636519854\n|switch|p1a: Gliscor|Gliscor, M|100\/100 tox\n|move|p2a: Chansey|Thunder Wave|p1a: Gliscor\n|-immune|p1a: Gliscor\n|\n|upkeep\n|turn|244\n|\n|t:|1636519856\n|switch|p1a: Chansey|Chansey, F, shiny|76\/100\n|move|p2a: Chansey|Soft-Boiled||[still]\n|-fail|p2a: Chansey|heal\n|\n|upkeep\n|turn|245\n|\n|t:|1636519857\n|switch|p1a: Gliscor|Gliscor, M|100\/100 tox\n|move|p2a: Chansey|Thunder Wave|p1a: Gliscor\n|-immune|p1a: Gliscor\n|\n|upkeep\n|turn|246\n|\n|t:|1636519859\n|switch|p1a: Chansey|Chansey, F, shiny|76\/100\n|move|p2a: Chansey|Thunder Wave|p1a: Chansey|[miss]\n|-miss|p2a: Chansey|p1a: Chansey\n|\n|upkeep\n|turn|247\n|\n|t:|1636519862\n|switch|p1a: Gliscor|Gliscor, M|100\/100 tox\n|move|p2a: Chansey|Thunder Wave|p1a: Gliscor\n|-immune|p1a: Gliscor\n|\n|upkeep\n|turn|248\n|\n|t:|1636519864\n|switch|p1a: Chansey|Chansey, F, shiny|76\/100\n|move|p2a: Chansey|Thunder Wave|p1a: Chansey\n|-status|p1a: Chansey|par\n|\n|upkeep\n|turn|249\n|\n|t:|1636519865\n|switch|p2a: Venusaur|Venusaur-Mega, M|91\/100\n|-curestatus|p1a: Chansey|par|[from] ability: Natural Cure\n|switch|p1a: Gliscor|Gliscor, M|100\/100 tox\n|\n|upkeep\n|turn|250\n|\n|t:|1636519868\n|switch|p1a: Chansey|Chansey, F, shiny|76\/100\n|switch|p2a: Chansey|Chansey, F|100\/100\n|\n|upkeep\n|turn|251\n|\n|t:|1636519869\n|switch|p1a: Gliscor|Gliscor, M|100\/100 tox\n|move|p2a: Chansey|Thunder Wave|p1a: Gliscor\n|-immune|p1a: Gliscor\n|\n|upkeep\n|turn|252\n|\n|t:|1636519871\n|switch|p1a: Chansey|Chansey, F, shiny|76\/100\n|move|p2a: Chansey|Thunder Wave|p1a: Chansey|[miss]\n|-miss|p2a: Chansey|p1a: Chansey\n|\n|upkeep\n|turn|253\n|\n|t:|1636519872\n|switch|p1a: Gliscor|Gliscor, M|100\/100 tox\n|move|p2a: Chansey|Thunder Wave|p1a: Gliscor\n|-immune|p1a: Gliscor\n|\n|upkeep\n|turn|254\n|\n|t:|1636519874\n|switch|p1a: Chansey|Chansey, F, shiny|76\/100\n|move|p2a: Chansey|Thunder Wave|p1a: Chansey\n|-status|p1a: Chansey|par\n|\n|upkeep\n|turn|255\n|\n|t:|1636519875\n|switch|p2a: Venusaur|Venusaur-Mega, M|91\/100\n|-curestatus|p1a: Chansey|par|[from] ability: Natural Cure\n|switch|p1a: Gliscor|Gliscor, M|100\/100 tox\n|\n|upkeep\n|turn|256\n|\n|t:|1636519877\n|switch|p1a: Chansey|Chansey, F, shiny|76\/100\n|switch|p2a: Chansey|Chansey, F|100\/100\n|\n|upkeep\n|turn|257\n|\n|t:|1636519878\n|switch|p1a: Gliscor|Gliscor, M|100\/100 tox\n|move|p2a: Chansey|Thunder Wave|p1a: Gliscor\n|-immune|p1a: Gliscor\n|\n|upkeep\n|turn|258\n|\n|t:|1636519880\n|switch|p1a: Chansey|Chansey, F, shiny|76\/100\n|switch|p2a: Venusaur|Venusaur-Mega, M|91\/100\n|\n|upkeep\n|turn|259\n|\n|t:|1636519881\n|switch|p2a: Chansey|Chansey, F|100\/100\n|switch|p1a: Gliscor|Gliscor, M|100\/100 tox\n|\n|upkeep\n|turn|260\n|\n|t:|1636519883\n|switch|p1a: Chansey|Chansey, F, shiny|76\/100\n|switch|p2a: Venusaur|Venusaur-Mega, M|91\/100\n|\n|upkeep\n|turn|261\n|\n|t:|1636519885\n|switch|p2a: Chansey|Chansey, F|100\/100\n|switch|p1a: Gliscor|Gliscor, M|100\/100 tox\n|\n|upkeep\n|turn|262\n|\n|t:|1636519886\n|switch|p1a: Chansey|Chansey, F, shiny|76\/100\n|switch|p2a: Venusaur|Venusaur-Mega, M|91\/100\n|\n|upkeep\n|turn|263\n|\n|t:|1636519888\n|switch|p2a: Chansey|Chansey, F|100\/100\n|switch|p1a: Gliscor|Gliscor, M|100\/100 tox\n|\n|upkeep\n|turn|264\n|\n|t:|1636519889\n|switch|p1a: Chansey|Chansey, F, shiny|76\/100\n|switch|p2a: Venusaur|Venusaur-Mega, M|91\/100\n|\n|upkeep\n|turn|265\n|\n|t:|1636519890\n|switch|p2a: Chansey|Chansey, F|100\/100\n|switch|p1a: Gliscor|Gliscor, M|100\/100 tox\n|\n|upkeep\n|turn|266\n|\n|t:|1636519892\n|switch|p1a: Chansey|Chansey, F, shiny|76\/100\n|switch|p2a: Venusaur|Venusaur-Mega, M|91\/100\n|\n|upkeep\n|turn|267\n|\n|t:|1636519893\n|switch|p2a: Chansey|Chansey, F|100\/100\n|switch|p1a: Gliscor|Gliscor, M|100\/100 tox\n|\n|upkeep\n|turn|268\n|\n|t:|1636519894\n|switch|p1a: Chansey|Chansey, F, shiny|76\/100\n|switch|p2a: Venusaur|Venusaur-Mega, M|91\/100\n|\n|upkeep\n|turn|269\n|\n|t:|1636519896\n|switch|p2a: Chansey|Chansey, F|100\/100\n|switch|p1a: Gliscor|Gliscor, M|100\/100 tox\n|\n|upkeep\n|turn|270\n|\n|t:|1636519897\n|switch|p1a: Chansey|Chansey, F, shiny|76\/100\n|switch|p2a: Venusaur|Venusaur-Mega, M|91\/100\n|\n|upkeep\n|turn|271\n|\n|t:|1636519898\n|switch|p2a: Chansey|Chansey, F|100\/100\n|switch|p1a: Gliscor|Gliscor, M|100\/100 tox\n|\n|upkeep\n|turn|272\n|\n|t:|1636519901\n|switch|p1a: Chansey|Chansey, F, shiny|76\/100\n|switch|p2a: Venusaur|Venusaur-Mega, M|91\/100\n|\n|upkeep\n|turn|273\n|\n|t:|1636519902\n|switch|p2a: Chansey|Chansey, F|100\/100\n|switch|p1a: Gliscor|Gliscor, M|100\/100 tox\n|\n|upkeep\n|turn|274\n|\n|t:|1636519904\n|switch|p1a: Chansey|Chansey, F, shiny|76\/100\n|switch|p2a: Venusaur|Venusaur-Mega, M|91\/100\n|\n|upkeep\n|turn|275\n|\n|t:|1636519905\n|switch|p2a: Chansey|Chansey, F|100\/100\n|switch|p1a: Gliscor|Gliscor, M|100\/100 tox\n|\n|upkeep\n|turn|276\n|\n|t:|1636519906\n|switch|p1a: Chansey|Chansey, F, shiny|76\/100\n|switch|p2a: Venusaur|Venusaur-Mega, M|91\/100\n|\n|upkeep\n|turn|277\n|\n|t:|1636519915\n|switch|p2a: Chansey|Chansey, F|100\/100\n|switch|p1a: Gliscor|Gliscor, M|100\/100 tox\n|\n|upkeep\n|turn|278\n|\n|t:|1636519917\n|switch|p1a: Chansey|Chansey, F, shiny|76\/100\n|switch|p2a: Venusaur|Venusaur-Mega, M|91\/100\n|\n|upkeep\n|turn|279\n|\n|t:|1636519918\n|switch|p2a: Chansey|Chansey, F|100\/100\n|switch|p1a: Gliscor|Gliscor, M|100\/100 tox\n|\n|upkeep\n|turn|280\n|\n|t:|1636519919\n|switch|p1a: Chansey|Chansey, F, shiny|76\/100\n|switch|p2a: Venusaur|Venusaur-Mega, M|91\/100\n|\n|upkeep\n|turn|281\n|\n|t:|1636519921\n|switch|p2a: Chansey|Chansey, F|100\/100\n|switch|p1a: Gliscor|Gliscor, M|100\/100 tox\n|\n|upkeep\n|turn|282\n|\n|t:|1636519922\n|switch|p1a: Chansey|Chansey, F, shiny|76\/100\n|switch|p2a: Venusaur|Venusaur-Mega, M|91\/100\n|\n|upkeep\n|turn|283\n|\n|t:|1636519923\n|switch|p2a: Chansey|Chansey, F|100\/100\n|switch|p1a: Gliscor|Gliscor, M|100\/100 tox\n|\n|upkeep\n|turn|284\n|\n|t:|1636519925\n|switch|p1a: Chansey|Chansey, F, shiny|76\/100\n|switch|p2a: Venusaur|Venusaur-Mega, M|91\/100\n|\n|upkeep\n|turn|285\n|\n|t:|1636519926\n|switch|p2a: Chansey|Chansey, F|100\/100\n|switch|p1a: Gliscor|Gliscor, M|100\/100 tox\n|\n|upkeep\n|turn|286\n|\n|t:|1636519927\n|switch|p1a: Chansey|Chansey, F, shiny|76\/100\n|switch|p2a: Venusaur|Venusaur-Mega, M|91\/100\n|\n|upkeep\n|turn|287\n|\n|t:|1636519928\n|switch|p2a: Chansey|Chansey, F|100\/100\n|switch|p1a: Gliscor|Gliscor, M|100\/100 tox\n|\n|upkeep\n|turn|288\n|\n|t:|1636519930\n|switch|p1a: Chansey|Chansey, F, shiny|76\/100\n|switch|p2a: Venusaur|Venusaur-Mega, M|91\/100\n|\n|upkeep\n|turn|289\n|\n|t:|1636519931\n|switch|p2a: Chansey|Chansey, F|100\/100\n|switch|p1a: Gliscor|Gliscor, M|100\/100 tox\n|\n|upkeep\n|turn|290\n|\n|t:|1636519933\n|switch|p1a: Chansey|Chansey, F, shiny|76\/100\n|switch|p2a: Venusaur|Venusaur-Mega, M|91\/100\n|\n|upkeep\n|turn|291\n|\n|t:|1636519934\n|switch|p2a: Chansey|Chansey, F|100\/100\n|switch|p1a: Gliscor|Gliscor, M|100\/100 tox\n|\n|upkeep\n|turn|292\n|\n|t:|1636519935\n|switch|p1a: Chansey|Chansey, F, shiny|76\/100\n|switch|p2a: Venusaur|Venusaur-Mega, M|91\/100\n|\n|upkeep\n|turn|293\n|\n|t:|1636519936\n|switch|p2a: Chansey|Chansey, F|100\/100\n|switch|p1a: Gliscor|Gliscor, M|100\/100 tox\n|\n|upkeep\n|turn|294\n|\n|t:|1636519938\n|switch|p1a: Chansey|Chansey, F, shiny|76\/100\n|switch|p2a: Venusaur|Venusaur-Mega, M|91\/100\n|\n|upkeep\n|turn|295\n|\n|t:|1636519939\n|switch|p2a: Chansey|Chansey, F|100\/100\n|switch|p1a: Gliscor|Gliscor, M|100\/100 tox\n|\n|upkeep\n|turn|296\n|\n|t:|1636519940\n|switch|p1a: Chansey|Chansey, F, shiny|76\/100\n|switch|p2a: Venusaur|Venusaur-Mega, M|91\/100\n|\n|upkeep\n|turn|297\n|\n|t:|1636519941\n|switch|p2a: Chansey|Chansey, F|100\/100\n|switch|p1a: Gliscor|Gliscor, M|100\/100 tox\n|\n|upkeep\n|turn|298\n|\n|t:|1636519943\n|switch|p1a: Chansey|Chansey, F, shiny|76\/100\n|switch|p2a: Venusaur|Venusaur-Mega, M|91\/100\n|\n|upkeep\n|turn|299\n|\n|t:|1636519944\n|switch|p2a: Chansey|Chansey, F|100\/100\n|switch|p1a: Gliscor|Gliscor, M|100\/100 tox\n|\n|upkeep\n|turn|300\n|\n|t:|1636519945\n|switch|p1a: Chansey|Chansey, F, shiny|76\/100\n|switch|p2a: Venusaur|Venusaur-Mega, M|91\/100\n|\n|upkeep\n|turn|301\n|\n|t:|1636519946\n|switch|p2a: Chansey|Chansey, F|100\/100\n|switch|p1a: Gliscor|Gliscor, M|100\/100 tox\n|\n|upkeep\n|turn|302\n|\n|t:|1636519947\n|switch|p1a: Chansey|Chansey, F, shiny|76\/100\n|switch|p2a: Venusaur|Venusaur-Mega, M|91\/100\n|\n|upkeep\n|turn|303\n|\n|t:|1636519949\n|switch|p2a: Chansey|Chansey, F|100\/100\n|switch|p1a: Gliscor|Gliscor, M|100\/100 tox\n|\n|upkeep\n|turn|304\n|\n|t:|1636519950\n|switch|p1a: Chansey|Chansey, F, shiny|76\/100\n|switch|p2a: Venusaur|Venusaur-Mega, M|91\/100\n|\n|upkeep\n|turn|305\n|\n|t:|1636519951\n|switch|p2a: Chansey|Chansey, F|100\/100\n|switch|p1a: Gliscor|Gliscor, M|100\/100 tox\n|\n|upkeep\n|turn|306\n|\n|t:|1636519953\n|switch|p1a: Chansey|Chansey, F, shiny|76\/100\n|switch|p2a: Venusaur|Venusaur-Mega, M|91\/100\n|\n|upkeep\n|turn|307\n|\n|t:|1636519955\n|switch|p2a: Chansey|Chansey, F|100\/100\n|switch|p1a: Gliscor|Gliscor, M|100\/100 tox\n|\n|upkeep\n|turn|308\n|\n|t:|1636519956\n|switch|p1a: Chansey|Chansey, F, shiny|76\/100\n|switch|p2a: Venusaur|Venusaur-Mega, M|91\/100\n|\n|upkeep\n|turn|309\n|\n|t:|1636519957\n|switch|p2a: Chansey|Chansey, F|100\/100\n|move|p1a: Chansey|Heal Bell|p1a: Chansey\n|-activate|p1a: Chansey|move: Heal Bell\n|-curestatus|p1: Gliscor|tox|[msg]\n|\n|upkeep\n|turn|310\n|\n|t:|1636519961\n|switch|p2a: Venusaur|Venusaur-Mega, M|91\/100\n|switch|p1a: Gliscor|Gliscor, M|100\/100\n|\n|-status|p1a: Gliscor|tox|[from] item: Toxic Orb\n|upkeep\n|turn|311\n|\n|t:|1636519962\n|switch|p1a: Chansey|Chansey, F, shiny|76\/100\n|switch|p2a: Chansey|Chansey, F|100\/100\n|\n|upkeep\n|turn|312\n|\n|t:|1636519966\n|switch|p2a: Venusaur|Venusaur-Mega, M|91\/100\n|switch|p1a: Gliscor|Gliscor, M|100\/100 tox\n|\n|upkeep\n|turn|313\n|\n|t:|1636519968\n|switch|p1a: Chansey|Chansey, F, shiny|76\/100\n|switch|p2a: Chansey|Chansey, F|100\/100\n|\n|upkeep\n|turn|314\n|\n|t:|1636519969\n|switch|p2a: Venusaur|Venusaur-Mega, M|91\/100\n|switch|p1a: Gliscor|Gliscor, M|100\/100 tox\n|\n|upkeep\n|turn|315\n|\n|t:|1636519970\n|switch|p1a: Chansey|Chansey, F, shiny|76\/100\n|switch|p2a: Chansey|Chansey, F|100\/100\n|\n|upkeep\n|turn|316\n|\n|t:|1636519972\n|switch|p2a: Venusaur|Venusaur-Mega, M|91\/100\n|switch|p1a: Gliscor|Gliscor, M|100\/100 tox\n|\n|upkeep\n|turn|317\n|\n|t:|1636519973\n|switch|p1a: Chansey|Chansey, F, shiny|76\/100\n|switch|p2a: Chansey|Chansey, F|100\/100\n|\n|upkeep\n|turn|318\n|\n|t:|1636519974\n|switch|p2a: Venusaur|Venusaur-Mega, M|91\/100\n|switch|p1a: Gliscor|Gliscor, M|100\/100 tox\n|\n|upkeep\n|turn|319\n|\n|t:|1636519975\n|switch|p1a: Chansey|Chansey, F, shiny|76\/100\n|switch|p2a: Chansey|Chansey, F|100\/100\n|\n|upkeep\n|turn|320\n|\n|t:|1636519976\n|switch|p2a: Venusaur|Venusaur-Mega, M|91\/100\n|switch|p1a: Gliscor|Gliscor, M|100\/100 tox\n|\n|upkeep\n|turn|321\n|\n|t:|1636519978\n|switch|p1a: Chansey|Chansey, F, shiny|76\/100\n|switch|p2a: Chansey|Chansey, F|100\/100\n|\n|upkeep\n|turn|322\n|\n|t:|1636519979\n|switch|p2a: Venusaur|Venusaur-Mega, M|91\/100\n|switch|p1a: Gliscor|Gliscor, M|100\/100 tox\n|\n|upkeep\n|turn|323\n|\n|t:|1636519980\n|switch|p1a: Chansey|Chansey, F, shiny|76\/100\n|switch|p2a: Chansey|Chansey, F|100\/100\n|\n|upkeep\n|turn|324\n|\n|t:|1636519982\n|switch|p2a: Venusaur|Venusaur-Mega, M|91\/100\n|switch|p1a: Gliscor|Gliscor, M|100\/100 tox\n|\n|upkeep\n|turn|325\n|\n|t:|1636519984\n|switch|p1a: Chansey|Chansey, F, shiny|76\/100\n|switch|p2a: Chansey|Chansey, F|100\/100\n|\n|upkeep\n|turn|326\n|\n|t:|1636519986\n|switch|p2a: Venusaur|Venusaur-Mega, M|91\/100\n|switch|p1a: Gliscor|Gliscor, M|100\/100 tox\n|\n|upkeep\n|turn|327\n|\n|t:|1636519988\n|switch|p1a: Chansey|Chansey, F, shiny|76\/100\n|switch|p2a: Chansey|Chansey, F|100\/100\n|\n|upkeep\n|turn|328\n|\n|t:|1636519989\n|switch|p2a: Venusaur|Venusaur-Mega, M|91\/100\n|switch|p1a: Gliscor|Gliscor, M|100\/100 tox\n|\n|upkeep\n|turn|329\n|\n|t:|1636519992\n|switch|p1a: Chansey|Chansey, F, shiny|76\/100\n|switch|p2a: Chansey|Chansey, F|100\/100\n|\n|upkeep\n|turn|330\n|\n|t:|1636519993\n|switch|p2a: Venusaur|Venusaur-Mega, M|91\/100\n|switch|p1a: Gliscor|Gliscor, M|100\/100 tox\n|\n|upkeep\n|turn|331\n|\n|t:|1636519995\n|switch|p1a: Chansey|Chansey, F, shiny|76\/100\n|switch|p2a: Chansey|Chansey, F|100\/100\n|\n|upkeep\n|turn|332\n|\n|t:|1636519996\n|switch|p2a: Venusaur|Venusaur-Mega, M|91\/100\n|switch|p1a: Gliscor|Gliscor, M|100\/100 tox\n|\n|upkeep\n|turn|333\n|\n|t:|1636519997\n|switch|p1a: Chansey|Chansey, F, shiny|76\/100\n|switch|p2a: Chansey|Chansey, F|100\/100\n|\n|upkeep\n|turn|334\n|\n|t:|1636519999\n|switch|p2a: Venusaur|Venusaur-Mega, M|91\/100\n|switch|p1a: Gliscor|Gliscor, M|100\/100 tox\n|\n|upkeep\n|turn|335\n|\n|t:|1636520000\n|switch|p1a: Chansey|Chansey, F, shiny|76\/100\n|switch|p2a: Chansey|Chansey, F|100\/100\n|\n|upkeep\n|turn|336\n|\n|t:|1636520001\n|switch|p2a: Venusaur|Venusaur-Mega, M|91\/100\n|switch|p1a: Gliscor|Gliscor, M|100\/100 tox\n|\n|upkeep\n|turn|337\n|\n|t:|1636520002\n|switch|p1a: Chansey|Chansey, F, shiny|76\/100\n|switch|p2a: Chansey|Chansey, F|100\/100\n|\n|upkeep\n|turn|338\n|\n|t:|1636520004\n|switch|p2a: Venusaur|Venusaur-Mega, M|91\/100\n|switch|p1a: Gliscor|Gliscor, M|100\/100 tox\n|\n|upkeep\n|turn|339\n|\n|t:|1636520005\n|switch|p1a: Chansey|Chansey, F, shiny|76\/100\n|switch|p2a: Chansey|Chansey, F|100\/100\n|\n|upkeep\n|turn|340\n|\n|t:|1636520006\n|switch|p2a: Venusaur|Venusaur-Mega, M|91\/100\n|switch|p1a: Gliscor|Gliscor, M|100\/100 tox\n|\n|upkeep\n|turn|341\n|\n|t:|1636520008\n|switch|p1a: Chansey|Chansey, F, shiny|76\/100\n|switch|p2a: Chansey|Chansey, F|100\/100\n|\n|upkeep\n|turn|342\n|\n|t:|1636520009\n|switch|p2a: Venusaur|Venusaur-Mega, M|91\/100\n|switch|p1a: Gliscor|Gliscor, M|100\/100 tox\n|\n|upkeep\n|turn|343\n|\n|t:|1636520010\n|switch|p1a: Chansey|Chansey, F, shiny|76\/100\n|switch|p2a: Chansey|Chansey, F|100\/100\n|\n|upkeep\n|turn|344\n|\n|t:|1636520012\n|switch|p2a: Venusaur|Venusaur-Mega, M|91\/100\n|switch|p1a: Gliscor|Gliscor, M|100\/100 tox\n|\n|upkeep\n|turn|345\n|inactive|Cowsrule247 has 120 seconds left.\n|inactive|Cowsrule247 has 90 seconds left.\n|\n|t:|1636520092\n|switch|p1a: Chansey|Chansey, F, shiny|76\/100\n|switch|p2a: Chansey|Chansey, F|100\/100\n|\n|upkeep\n|turn|346\n|\n|t:|1636520093\n|switch|p2a: Venusaur|Venusaur-Mega, M|91\/100\n|switch|p1a: Gliscor|Gliscor, M|100\/100 tox\n|\n|upkeep\n|turn|347\n|\n|t:|1636520095\n|switch|p1a: Chansey|Chansey, F, shiny|76\/100\n|switch|p2a: Chansey|Chansey, F|100\/100\n|\n|upkeep\n|turn|348\n|\n|t:|1636520096\n|switch|p2a: Venusaur|Venusaur-Mega, M|91\/100\n|switch|p1a: Gliscor|Gliscor, M|100\/100 tox\n|\n|upkeep\n|turn|349\n|\n|t:|1636520097\n|switch|p1a: Chansey|Chansey, F, shiny|76\/100\n|switch|p2a: Chansey|Chansey, F|100\/100\n|\n|upkeep\n|turn|350\n|\n|t:|1636520103\n|switch|p2a: Venusaur|Venusaur-Mega, M|91\/100\n|switch|p1a: Gliscor|Gliscor, M|100\/100 tox\n|\n|upkeep\n|turn|351\n|\n|t:|1636520105\n|switch|p1a: Chansey|Chansey, F, shiny|76\/100\n|switch|p2a: Chansey|Chansey, F|100\/100\n|\n|upkeep\n|turn|352\n|\n|t:|1636520106\n|switch|p2a: Venusaur|Venusaur-Mega, M|91\/100\n|switch|p1a: Gliscor|Gliscor, M|100\/100 tox\n|\n|upkeep\n|turn|353\n|inactive|Cowsrule247 has 60 seconds left.\n|\n|t:|1636520141\n|switch|p1a: Chansey|Chansey, F, shiny|76\/100\n|switch|p2a: Chansey|Chansey, F|100\/100\n|\n|upkeep\n|turn|354\n|\n|t:|1636520143\n|switch|p2a: Venusaur|Venusaur-Mega, M|91\/100\n|switch|p1a: Gliscor|Gliscor, M|100\/100 tox\n|\n|upkeep\n|turn|355\n|\n|t:|1636520145\n|switch|p1a: Chansey|Chansey, F, shiny|76\/100\n|switch|p2a: Chansey|Chansey, F|100\/100\n|\n|upkeep\n|turn|356\n|\n|t:|1636520146\n|switch|p2a: Venusaur|Venusaur-Mega, M|91\/100\n|switch|p1a: Gliscor|Gliscor, M|100\/100 tox\n|\n|upkeep\n|turn|357\n|\n|t:|1636520148\n|switch|p1a: Chansey|Chansey, F, shiny|76\/100\n|switch|p2a: Chansey|Chansey, F|100\/100\n|\n|upkeep\n|turn|358\n|\n|t:|1636520149\n|switch|p2a: Venusaur|Venusaur-Mega, M|91\/100\n|switch|p1a: Gliscor|Gliscor, M|100\/100 tox\n|\n|upkeep\n|turn|359\n|\n|t:|1636520150\n|switch|p1a: Chansey|Chansey, F, shiny|76\/100\n|switch|p2a: Chansey|Chansey, F|100\/100\n|\n|upkeep\n|turn|360\n|\n|t:|1636520152\n|switch|p2a: Venusaur|Venusaur-Mega, M|91\/100\n|switch|p1a: Gliscor|Gliscor, M|100\/100 tox\n|\n|upkeep\n|turn|361\n|\n|t:|1636520153\n|switch|p1a: Chansey|Chansey, F, shiny|76\/100\n|switch|p2a: Chansey|Chansey, F|100\/100\n|\n|upkeep\n|turn|362\n|\n|t:|1636520155\n|switch|p2a: Venusaur|Venusaur-Mega, M|91\/100\n|switch|p1a: Gliscor|Gliscor, M|100\/100 tox\n|\n|upkeep\n|turn|363\n|\n|t:|1636520156\n|switch|p1a: Chansey|Chansey, F, shiny|76\/100\n|switch|p2a: Chansey|Chansey, F|100\/100\n|\n|upkeep\n|turn|364\n|\n|t:|1636520158\n|switch|p2a: Venusaur|Venusaur-Mega, M|91\/100\n|switch|p1a: Gliscor|Gliscor, M|100\/100 tox\n|\n|upkeep\n|turn|365\n|\n|t:|1636520159\n|switch|p1a: Chansey|Chansey, F, shiny|76\/100\n|switch|p2a: Chansey|Chansey, F|100\/100\n|\n|upkeep\n|turn|366\n|\n|t:|1636520161\n|switch|p2a: Venusaur|Venusaur-Mega, M|91\/100\n|switch|p1a: Gliscor|Gliscor, M|100\/100 tox\n|\n|upkeep\n|turn|367\n|\n|t:|1636520162\n|switch|p1a: Chansey|Chansey, F, shiny|76\/100\n|switch|p2a: Chansey|Chansey, F|100\/100\n|\n|upkeep\n|turn|368\n|\n|t:|1636520163\n|switch|p2a: Venusaur|Venusaur-Mega, M|91\/100\n|switch|p1a: Gliscor|Gliscor, M|100\/100 tox\n|\n|upkeep\n|turn|369\n|\n|t:|1636520164\n|switch|p1a: Chansey|Chansey, F, shiny|76\/100\n|switch|p2a: Chansey|Chansey, F|100\/100\n|\n|upkeep\n|turn|370\n|\n|t:|1636520165\n|switch|p2a: Venusaur|Venusaur-Mega, M|91\/100\n|switch|p1a: Gliscor|Gliscor, M|100\/100 tox\n|\n|upkeep\n|turn|371\n|\n|t:|1636520166\n|switch|p1a: Chansey|Chansey, F, shiny|76\/100\n|switch|p2a: Chansey|Chansey, F|100\/100\n|\n|upkeep\n|turn|372\n|\n|t:|1636520168\n|switch|p2a: Venusaur|Venusaur-Mega, M|91\/100\n|switch|p1a: Gliscor|Gliscor, M|100\/100 tox\n|\n|upkeep\n|turn|373\n|\n|t:|1636520169\n|switch|p1a: Chansey|Chansey, F, shiny|76\/100\n|switch|p2a: Chansey|Chansey, F|100\/100\n|\n|upkeep\n|turn|374\n|\n|t:|1636520170\n|switch|p2a: Venusaur|Venusaur-Mega, M|91\/100\n|switch|p1a: Gliscor|Gliscor, M|100\/100 tox\n|\n|upkeep\n|turn|375\n|\n|t:|1636520172\n|switch|p1a: Chansey|Chansey, F, shiny|76\/100\n|switch|p2a: Chansey|Chansey, F|100\/100\n|\n|upkeep\n|turn|376\n|\n|t:|1636520173\n|switch|p2a: Venusaur|Venusaur-Mega, M|91\/100\n|switch|p1a: Gliscor|Gliscor, M|100\/100 tox\n|\n|upkeep\n|turn|377\n|\n|t:|1636520174\n|switch|p1a: Chansey|Chansey, F, shiny|76\/100\n|switch|p2a: Chansey|Chansey, F|100\/100\n|\n|upkeep\n|turn|378\n|\n|t:|1636520176\n|switch|p2a: Venusaur|Venusaur-Mega, M|91\/100\n|switch|p1a: Gliscor|Gliscor, M|100\/100 tox\n|\n|upkeep\n|turn|379\n|\n|t:|1636520177\n|switch|p1a: Chansey|Chansey, F, shiny|76\/100\n|switch|p2a: Chansey|Chansey, F|100\/100\n|\n|upkeep\n|turn|380\n|\n|t:|1636520178\n|switch|p2a: Venusaur|Venusaur-Mega, M|91\/100\n|switch|p1a: Gliscor|Gliscor, M|100\/100 tox\n|\n|upkeep\n|turn|381\n|\n|t:|1636520179\n|switch|p1a: Chansey|Chansey, F, shiny|76\/100\n|switch|p2a: Chansey|Chansey, F|100\/100\n|\n|upkeep\n|turn|382\n|\n|t:|1636520181\n|switch|p2a: Venusaur|Venusaur-Mega, M|91\/100\n|switch|p1a: Gliscor|Gliscor, M|100\/100 tox\n|\n|upkeep\n|turn|383\n|\n|t:|1636520182\n|switch|p1a: Chansey|Chansey, F, shiny|76\/100\n|switch|p2a: Chansey|Chansey, F|100\/100\n|\n|upkeep\n|turn|384\n|\n|t:|1636520184\n|switch|p2a: Venusaur|Venusaur-Mega, M|91\/100\n|switch|p1a: Gliscor|Gliscor, M|100\/100 tox\n|\n|upkeep\n|turn|385\n|\n|t:|1636520185\n|switch|p1a: Chansey|Chansey, F, shiny|76\/100\n|switch|p2a: Chansey|Chansey, F|100\/100\n|\n|upkeep\n|turn|386\n|\n|t:|1636520186\n|switch|p2a: Venusaur|Venusaur-Mega, M|91\/100\n|switch|p1a: Gliscor|Gliscor, M|100\/100 tox\n|\n|upkeep\n|turn|387\n|\n|t:|1636520188\n|switch|p1a: Chansey|Chansey, F, shiny|76\/100\n|switch|p2a: Chansey|Chansey, F|100\/100\n|\n|upkeep\n|turn|388\n|\n|t:|1636520194\n|switch|p2a: Venusaur|Venusaur-Mega, M|91\/100\n|switch|p1a: Gliscor|Gliscor, M|100\/100 tox\n|\n|upkeep\n|turn|389\n|\n|t:|1636520196\n|switch|p1a: Chansey|Chansey, F, shiny|76\/100\n|switch|p2a: Chansey|Chansey, F|100\/100\n|\n|upkeep\n|turn|390\n|\n|t:|1636520197\n|switch|p2a: Venusaur|Venusaur-Mega, M|91\/100\n|switch|p1a: Gliscor|Gliscor, M|100\/100 tox\n|\n|upkeep\n|turn|391\n|\n|t:|1636520199\n|switch|p1a: Chansey|Chansey, F, shiny|76\/100\n|switch|p2a: Chansey|Chansey, F|100\/100\n|\n|upkeep\n|turn|392\n|\n|t:|1636520200\n|switch|p2a: Venusaur|Venusaur-Mega, M|91\/100\n|switch|p1a: Gliscor|Gliscor, M|100\/100 tox\n|\n|upkeep\n|turn|393\n|\n|t:|1636520201\n|switch|p1a: Chansey|Chansey, F, shiny|76\/100\n|switch|p2a: Chansey|Chansey, F|100\/100\n|\n|upkeep\n|turn|394\n|\n|t:|1636520202\n|switch|p2a: Venusaur|Venusaur-Mega, M|91\/100\n|switch|p1a: Gliscor|Gliscor, M|100\/100 tox\n|\n|upkeep\n|turn|395\n|\n|t:|1636520203\n|switch|p1a: Chansey|Chansey, F, shiny|76\/100\n|switch|p2a: Chansey|Chansey, F|100\/100\n|\n|upkeep\n|turn|396\n|\n|t:|1636520205\n|switch|p2a: Venusaur|Venusaur-Mega, M|91\/100\n|switch|p1a: Gliscor|Gliscor, M|100\/100 tox\n|\n|upkeep\n|turn|397\n|\n|t:|1636520206\n|switch|p1a: Chansey|Chansey, F, shiny|76\/100\n|switch|p2a: Chansey|Chansey, F|100\/100\n|\n|upkeep\n|turn|398\n|\n|t:|1636520208\n|switch|p2a: Venusaur|Venusaur-Mega, M|91\/100\n|switch|p1a: Gliscor|Gliscor, M|100\/100 tox\n|\n|upkeep\n|turn|399\n|\n|t:|1636520209\n|switch|p1a: Chansey|Chansey, F, shiny|76\/100\n|switch|p2a: Chansey|Chansey, F|100\/100\n|\n|upkeep\n|turn|400\n|\n|t:|1636520210\n|switch|p2a: Venusaur|Venusaur-Mega, M|91\/100\n|switch|p1a: Gliscor|Gliscor, M|100\/100 tox\n|\n|upkeep\n|turn|401\n|\n|t:|1636520212\n|switch|p1a: Chansey|Chansey, F, shiny|76\/100\n|switch|p2a: Chansey|Chansey, F|100\/100\n|\n|upkeep\n|turn|402\n|\n|t:|1636520213\n|switch|p2a: Venusaur|Venusaur-Mega, M|91\/100\n|switch|p1a: Gliscor|Gliscor, M|100\/100 tox\n|\n|upkeep\n|turn|403\n|\n|t:|1636520214\n|switch|p1a: Chansey|Chansey, F, shiny|76\/100\n|switch|p2a: Chansey|Chansey, F|100\/100\n|\n|upkeep\n|turn|404\n|\n|t:|1636520215\n|switch|p2a: Venusaur|Venusaur-Mega, M|91\/100\n|switch|p1a: Gliscor|Gliscor, M|100\/100 tox\n|\n|upkeep\n|turn|405\n|\n|t:|1636520217\n|switch|p1a: Chansey|Chansey, F, shiny|76\/100\n|switch|p2a: Chansey|Chansey, F|100\/100\n|\n|upkeep\n|turn|406\n|\n|t:|1636520218\n|switch|p2a: Venusaur|Venusaur-Mega, M|91\/100\n|switch|p1a: Gliscor|Gliscor, M|100\/100 tox\n|\n|upkeep\n|turn|407\n|\n|t:|1636520220\n|switch|p1a: Chansey|Chansey, F, shiny|76\/100\n|switch|p2a: Chansey|Chansey, F|100\/100\n|\n|upkeep\n|turn|408\n|\n|t:|1636520221\n|switch|p2a: Venusaur|Venusaur-Mega, M|91\/100\n|switch|p1a: Gliscor|Gliscor, M|100\/100 tox\n|\n|upkeep\n|turn|409\n|\n|t:|1636520222\n|switch|p1a: Chansey|Chansey, F, shiny|76\/100\n|switch|p2a: Chansey|Chansey, F|100\/100\n|\n|upkeep\n|turn|410\n|\n|t:|1636520223\n|switch|p2a: Venusaur|Venusaur-Mega, M|91\/100\n|switch|p1a: Gliscor|Gliscor, M|100\/100 tox\n|\n|upkeep\n|turn|411\n|\n|t:|1636520225\n|switch|p1a: Chansey|Chansey, F, shiny|76\/100\n|switch|p2a: Chansey|Chansey, F|100\/100\n|\n|upkeep\n|turn|412\n|\n|t:|1636520226\n|switch|p2a: Venusaur|Venusaur-Mega, M|91\/100\n|switch|p1a: Gliscor|Gliscor, M|100\/100 tox\n|\n|upkeep\n|turn|413\n|\n|t:|1636520228\n|switch|p1a: Chansey|Chansey, F, shiny|76\/100\n|switch|p2a: Chansey|Chansey, F|100\/100\n|\n|upkeep\n|turn|414\n|\n|t:|1636520229\n|switch|p2a: Venusaur|Venusaur-Mega, M|91\/100\n|switch|p1a: Gliscor|Gliscor, M|100\/100 tox\n|\n|upkeep\n|turn|415\n|\n|t:|1636520230\n|switch|p1a: Chansey|Chansey, F, shiny|76\/100\n|switch|p2a: Chansey|Chansey, F|100\/100\n|\n|upkeep\n|turn|416\n|\n|t:|1636520231\n|switch|p2a: Venusaur|Venusaur-Mega, M|91\/100\n|switch|p1a: Gliscor|Gliscor, M|100\/100 tox\n|\n|upkeep\n|turn|417\n|\n|t:|1636520232\n|switch|p1a: Chansey|Chansey, F, shiny|76\/100\n|switch|p2a: Chansey|Chansey, F|100\/100\n|\n|upkeep\n|turn|418\n|\n|t:|1636520234\n|switch|p2a: Venusaur|Venusaur-Mega, M|91\/100\n|switch|p1a: Gliscor|Gliscor, M|100\/100 tox\n|\n|upkeep\n|turn|419\n|\n|t:|1636520235\n|switch|p1a: Chansey|Chansey, F, shiny|76\/100\n|switch|p2a: Chansey|Chansey, F|100\/100\n|\n|upkeep\n|turn|420\n|\n|t:|1636520237\n|switch|p2a: Venusaur|Venusaur-Mega, M|91\/100\n|switch|p1a: Gliscor|Gliscor, M|100\/100 tox\n|\n|upkeep\n|turn|421\n|\n|t:|1636520238\n|switch|p1a: Chansey|Chansey, F, shiny|76\/100\n|switch|p2a: Chansey|Chansey, F|100\/100\n|\n|upkeep\n|turn|422\n|\n|t:|1636520239\n|switch|p2a: Venusaur|Venusaur-Mega, M|91\/100\n|switch|p1a: Gliscor|Gliscor, M|100\/100 tox\n|\n|upkeep\n|turn|423\n|\n|t:|1636520241\n|switch|p1a: Chansey|Chansey, F, shiny|76\/100\n|switch|p2a: Chansey|Chansey, F|100\/100\n|\n|upkeep\n|turn|424\n|\n|t:|1636520242\n|switch|p2a: Venusaur|Venusaur-Mega, M|91\/100\n|switch|p1a: Gliscor|Gliscor, M|100\/100 tox\n|\n|upkeep\n|turn|425\n|\n|t:|1636520244\n|switch|p1a: Chansey|Chansey, F, shiny|76\/100\n|switch|p2a: Chansey|Chansey, F|100\/100\n|\n|upkeep\n|turn|426\n|\n|t:|1636520245\n|switch|p2a: Venusaur|Venusaur-Mega, M|91\/100\n|switch|p1a: Gliscor|Gliscor, M|100\/100 tox\n|\n|upkeep\n|turn|427\n|\n|t:|1636520246\n|switch|p1a: Chansey|Chansey, F, shiny|76\/100\n|switch|p2a: Chansey|Chansey, F|100\/100\n|\n|upkeep\n|turn|428\n|\n|t:|1636520248\n|switch|p2a: Venusaur|Venusaur-Mega, M|91\/100\n|switch|p1a: Gliscor|Gliscor, M|100\/100 tox\n|\n|upkeep\n|turn|429\n|\n|t:|1636520249\n|switch|p1a: Chansey|Chansey, F, shiny|76\/100\n|switch|p2a: Chansey|Chansey, F|100\/100\n|\n|upkeep\n|turn|430\n|\n|t:|1636520250\n|switch|p2a: Venusaur|Venusaur-Mega, M|91\/100\n|switch|p1a: Gliscor|Gliscor, M|100\/100 tox\n|\n|upkeep\n|turn|431\n|\n|t:|1636520251\n|switch|p1a: Chansey|Chansey, F, shiny|76\/100\n|switch|p2a: Chansey|Chansey, F|100\/100\n|\n|upkeep\n|turn|432\n|\n|t:|1636520253\n|switch|p2a: Venusaur|Venusaur-Mega, M|91\/100\n|switch|p1a: Gliscor|Gliscor, M|100\/100 tox\n|\n|upkeep\n|turn|433\n|\n|t:|1636520254\n|switch|p1a: Chansey|Chansey, F, shiny|76\/100\n|switch|p2a: Chansey|Chansey, F|100\/100\n|\n|upkeep\n|turn|434\n|\n|t:|1636520256\n|switch|p2a: Venusaur|Venusaur-Mega, M|91\/100\n|switch|p1a: Gliscor|Gliscor, M|100\/100 tox\n|\n|upkeep\n|turn|435\n|\n|t:|1636520257\n|switch|p1a: Chansey|Chansey, F, shiny|76\/100\n|switch|p2a: Chansey|Chansey, F|100\/100\n|\n|upkeep\n|turn|436\n|\n|t:|1636520258\n|switch|p2a: Venusaur|Venusaur-Mega, M|91\/100\n|switch|p1a: Gliscor|Gliscor, M|100\/100 tox\n|\n|upkeep\n|turn|437\n|\n|t:|1636520259\n|switch|p1a: Chansey|Chansey, F, shiny|76\/100\n|switch|p2a: Chansey|Chansey, F|100\/100\n|\n|upkeep\n|turn|438\n|\n|t:|1636520261\n|switch|p2a: Venusaur|Venusaur-Mega, M|91\/100\n|switch|p1a: Gliscor|Gliscor, M|100\/100 tox\n|\n|upkeep\n|turn|439\n|\n|t:|1636520261\n|switch|p1a: Chansey|Chansey, F, shiny|76\/100\n|switch|p2a: Chansey|Chansey, F|100\/100\n|\n|upkeep\n|turn|440\n|\n|t:|1636520262\n|switch|p2a: Venusaur|Venusaur-Mega, M|91\/100\n|switch|p1a: Gliscor|Gliscor, M|100\/100 tox\n|\n|upkeep\n|turn|441\n|\n|t:|1636520264\n|switch|p1a: Chansey|Chansey, F, shiny|76\/100\n|switch|p2a: Chansey|Chansey, F|100\/100\n|\n|upkeep\n|turn|442\n|\n|t:|1636520265\n|switch|p2a: Venusaur|Venusaur-Mega, M|91\/100\n|switch|p1a: Gliscor|Gliscor, M|100\/100 tox\n|\n|upkeep\n|turn|443\n|\n|t:|1636520267\n|switch|p1a: Chansey|Chansey, F, shiny|76\/100\n|switch|p2a: Chansey|Chansey, F|100\/100\n|\n|upkeep\n|turn|444\n|\n|t:|1636520270\n|switch|p2a: Venusaur|Venusaur-Mega, M|91\/100\n|switch|p1a: Gliscor|Gliscor, M|100\/100 tox\n|\n|upkeep\n|turn|445\n|\n|t:|1636520271\n|switch|p1a: Chansey|Chansey, F, shiny|76\/100\n|switch|p2a: Chansey|Chansey, F|100\/100\n|\n|upkeep\n|turn|446\n|\n|t:|1636520272\n|switch|p2a: Venusaur|Venusaur-Mega, M|91\/100\n|switch|p1a: Gliscor|Gliscor, M|100\/100 tox\n|\n|upkeep\n|turn|447\n|\n|t:|1636520273\n|switch|p1a: Chansey|Chansey, F, shiny|76\/100\n|switch|p2a: Chansey|Chansey, F|100\/100\n|\n|upkeep\n|turn|448\n|\n|t:|1636520274\n|switch|p2a: Venusaur|Venusaur-Mega, M|91\/100\n|switch|p1a: Gliscor|Gliscor, M|100\/100 tox\n|\n|upkeep\n|turn|449\n|\n|t:|1636520276\n|switch|p1a: Chansey|Chansey, F, shiny|76\/100\n|switch|p2a: Chansey|Chansey, F|100\/100\n|\n|upkeep\n|turn|450\n|\n|t:|1636520276\n|switch|p2a: Venusaur|Venusaur-Mega, M|91\/100\n|switch|p1a: Gliscor|Gliscor, M|100\/100 tox\n|\n|upkeep\n|turn|451\n|\n|t:|1636520277\n|switch|p1a: Chansey|Chansey, F, shiny|76\/100\n|switch|p2a: Chansey|Chansey, F|100\/100\n|\n|upkeep\n|turn|452\n|\n|t:|1636520280\n|switch|p2a: Venusaur|Venusaur-Mega, M|91\/100\n|switch|p1a: Gliscor|Gliscor, M|100\/100 tox\n|\n|upkeep\n|turn|453\n|\n|t:|1636520280\n|switch|p1a: Chansey|Chansey, F, shiny|76\/100\n|switch|p2a: Chansey|Chansey, F|100\/100\n|\n|upkeep\n|turn|454\n|\n|t:|1636520281\n|switch|p2a: Venusaur|Venusaur-Mega, M|91\/100\n|switch|p1a: Gliscor|Gliscor, M|100\/100 tox\n|\n|upkeep\n|turn|455\n|\n|t:|1636520282\n|switch|p1a: Chansey|Chansey, F, shiny|76\/100\n|switch|p2a: Chansey|Chansey, F|100\/100\n|\n|upkeep\n|turn|456\n|\n|t:|1636520283\n|switch|p2a: Venusaur|Venusaur-Mega, M|91\/100\n|switch|p1a: Gliscor|Gliscor, M|100\/100 tox\n|\n|upkeep\n|turn|457\n|\n|t:|1636520284\n|switch|p1a: Chansey|Chansey, F, shiny|76\/100\n|switch|p2a: Chansey|Chansey, F|100\/100\n|\n|upkeep\n|turn|458\n|\n|t:|1636520284\n|switch|p2a: Venusaur|Venusaur-Mega, M|91\/100\n|switch|p1a: Gliscor|Gliscor, M|100\/100 tox\n|\n|upkeep\n|turn|459\n|\n|t:|1636520286\n|switch|p1a: Chansey|Chansey, F, shiny|76\/100\n|switch|p2a: Chansey|Chansey, F|100\/100\n|\n|upkeep\n|turn|460\n|\n|t:|1636520288\n|switch|p2a: Venusaur|Venusaur-Mega, M|91\/100\n|switch|p1a: Gliscor|Gliscor, M|100\/100 tox\n|\n|upkeep\n|turn|461\n|\n|t:|1636520288\n|switch|p1a: Chansey|Chansey, F, shiny|76\/100\n|switch|p2a: Chansey|Chansey, F|100\/100\n|\n|upkeep\n|turn|462\n|\n|t:|1636520289\n|switch|p2a: Venusaur|Venusaur-Mega, M|91\/100\n|switch|p1a: Gliscor|Gliscor, M|100\/100 tox\n|\n|upkeep\n|turn|463\n|\n|t:|1636520290\n|switch|p1a: Chansey|Chansey, F, shiny|76\/100\n|switch|p2a: Chansey|Chansey, F|100\/100\n|\n|upkeep\n|turn|464\n|\n|t:|1636520290\n|switch|p2a: Venusaur|Venusaur-Mega, M|91\/100\n|switch|p1a: Gliscor|Gliscor, M|100\/100 tox\n|\n|upkeep\n|turn|465\n|\n|t:|1636520291\n|switch|p1a: Chansey|Chansey, F, shiny|76\/100\n|switch|p2a: Chansey|Chansey, F|100\/100\n|\n|upkeep\n|turn|466\n|\n|t:|1636520291\n|switch|p2a: Venusaur|Venusaur-Mega, M|91\/100\n|switch|p1a: Gliscor|Gliscor, M|100\/100 tox\n|\n|upkeep\n|turn|467\n|\n|t:|1636520292\n|switch|p1a: Chansey|Chansey, F, shiny|76\/100\n|switch|p2a: Chansey|Chansey, F|100\/100\n|\n|upkeep\n|turn|468\n|\n|t:|1636520293\n|switch|p2a: Venusaur|Venusaur-Mega, M|91\/100\n|switch|p1a: Gliscor|Gliscor, M|100\/100 tox\n|\n|upkeep\n|turn|469\n|\n|t:|1636520293\n|switch|p1a: Chansey|Chansey, F, shiny|76\/100\n|switch|p2a: Chansey|Chansey, F|100\/100\n|\n|upkeep\n|turn|470\n|\n|t:|1636520294\n|switch|p2a: Venusaur|Venusaur-Mega, M|91\/100\n|switch|p1a: Gliscor|Gliscor, M|100\/100 tox\n|\n|upkeep\n|turn|471\n|\n|t:|1636520294\n|switch|p1a: Chansey|Chansey, F, shiny|76\/100\n|switch|p2a: Chansey|Chansey, F|100\/100\n|\n|upkeep\n|turn|472\n|\n|t:|1636520295\n|switch|p2a: Venusaur|Venusaur-Mega, M|91\/100\n|switch|p1a: Gliscor|Gliscor, M|100\/100 tox\n|\n|upkeep\n|turn|473\n|\n|t:|1636520296\n|switch|p1a: Chansey|Chansey, F, shiny|76\/100\n|switch|p2a: Chansey|Chansey, F|100\/100\n|\n|upkeep\n|turn|474\n|\n|t:|1636520297\n|switch|p2a: Venusaur|Venusaur-Mega, M|91\/100\n|switch|p1a: Gliscor|Gliscor, M|100\/100 tox\n|\n|upkeep\n|turn|475\n|\n|t:|1636520297\n|switch|p1a: Chansey|Chansey, F, shiny|76\/100\n|switch|p2a: Chansey|Chansey, F|100\/100\n|\n|upkeep\n|turn|476\n|\n|t:|1636520299\n|switch|p2a: Venusaur|Venusaur-Mega, M|91\/100\n|switch|p1a: Gliscor|Gliscor, M|100\/100 tox\n|\n|upkeep\n|turn|477\n|\n|t:|1636520300\n|switch|p1a: Chansey|Chansey, F, shiny|76\/100\n|switch|p2a: Chansey|Chansey, F|100\/100\n|\n|upkeep\n|turn|478\n|\n|t:|1636520301\n|switch|p2a: Venusaur|Venusaur-Mega, M|91\/100\n|switch|p1a: Gliscor|Gliscor, M|100\/100 tox\n|\n|upkeep\n|turn|479\n|\n|t:|1636520302\n|switch|p1a: Chansey|Chansey, F, shiny|76\/100\n|switch|p2a: Chansey|Chansey, F|100\/100\n|\n|upkeep\n|turn|480\n|\n|t:|1636520302\n|switch|p2a: Venusaur|Venusaur-Mega, M|91\/100\n|switch|p1a: Gliscor|Gliscor, M|100\/100 tox\n|\n|upkeep\n|turn|481\n|\n|t:|1636520303\n|switch|p1a: Chansey|Chansey, F, shiny|76\/100\n|switch|p2a: Chansey|Chansey, F|100\/100\n|\n|upkeep\n|turn|482\n|\n|t:|1636520303\n|switch|p2a: Venusaur|Venusaur-Mega, M|91\/100\n|switch|p1a: Gliscor|Gliscor, M|100\/100 tox\n|\n|upkeep\n|turn|483\n|\n|t:|1636520304\n|switch|p1a: Chansey|Chansey, F, shiny|76\/100\n|switch|p2a: Chansey|Chansey, F|100\/100\n|\n|upkeep\n|turn|484\n|\n|t:|1636520305\n|switch|p2a: Venusaur|Venusaur-Mega, M|91\/100\n|switch|p1a: Gliscor|Gliscor, M|100\/100 tox\n|\n|upkeep\n|turn|485\n|\n|t:|1636520305\n|switch|p1a: Chansey|Chansey, F, shiny|76\/100\n|switch|p2a: Chansey|Chansey, F|100\/100\n|\n|upkeep\n|turn|486\n|\n|t:|1636520306\n|switch|p2a: Venusaur|Venusaur-Mega, M|91\/100\n|switch|p1a: Gliscor|Gliscor, M|100\/100 tox\n|\n|upkeep\n|turn|487\n|\n|t:|1636520307\n|switch|p1a: Chansey|Chansey, F, shiny|76\/100\n|switch|p2a: Chansey|Chansey, F|100\/100\n|\n|upkeep\n|turn|488\n|\n|t:|1636520308\n|switch|p2a: Venusaur|Venusaur-Mega, M|91\/100\n|switch|p1a: Gliscor|Gliscor, M|100\/100 tox\n|\n|upkeep\n|turn|489\n|\n|t:|1636520308\n|switch|p1a: Chansey|Chansey, F, shiny|76\/100\n|switch|p2a: Chansey|Chansey, F|100\/100\n|\n|upkeep\n|turn|490\n|\n|t:|1636520309\n|switch|p2a: Venusaur|Venusaur-Mega, M|91\/100\n|switch|p1a: Gliscor|Gliscor, M|100\/100 tox\n|\n|upkeep\n|turn|491\n|\n|t:|1636520310\n|switch|p1a: Chansey|Chansey, F, shiny|76\/100\n|switch|p2a: Chansey|Chansey, F|100\/100\n|\n|upkeep\n|turn|492\n|\n|t:|1636520312\n|switch|p2a: Venusaur|Venusaur-Mega, M|91\/100\n|switch|p1a: Gliscor|Gliscor, M|100\/100 tox\n|\n|upkeep\n|turn|493\n|\n|t:|1636520313\n|switch|p1a: Chansey|Chansey, F, shiny|76\/100\n|switch|p2a: Chansey|Chansey, F|100\/100\n|\n|upkeep\n|turn|494\n|\n|t:|1636520313\n|switch|p2a: Venusaur|Venusaur-Mega, M|91\/100\n|switch|p1a: Gliscor|Gliscor, M|100\/100 tox\n|\n|upkeep\n|turn|495\n|\n|t:|1636520314\n|switch|p1a: Chansey|Chansey, F, shiny|76\/100\n|switch|p2a: Chansey|Chansey, F|100\/100\n|\n|upkeep\n|turn|496\n|\n|t:|1636520315\n|switch|p2a: Venusaur|Venusaur-Mega, M|91\/100\n|switch|p1a: Gliscor|Gliscor, M|100\/100 tox\n|\n|upkeep\n|turn|497\n|\n|t:|1636520315\n|switch|p1a: Chansey|Chansey, F, shiny|76\/100\n|switch|p2a: Chansey|Chansey, F|100\/100\n|\n|upkeep\n|turn|498\n|\n|t:|1636520316\n|switch|p2a: Venusaur|Venusaur-Mega, M|91\/100\n|switch|p1a: Gliscor|Gliscor, M|100\/100 tox\n|\n|upkeep\n|turn|499\n|\n|t:|1636520317\n|switch|p1a: Chansey|Chansey, F, shiny|76\/100\n|switch|p2a: Chansey|Chansey, F|100\/100\n|\n|upkeep\n|bigerror|You will auto-tie if the battle doesn't end in 500 turns (on turn 1000).\n|-hint|If you want to tie earlier, consider using `\/offertie`.\n|turn|500\n|\n|t:|1636520317\n|switch|p2a: Venusaur|Venusaur-Mega, M|91\/100\n|switch|p1a: Gliscor|Gliscor, M|100\/100 tox\n|\n|upkeep\n|turn|501\n|\n|t:|1636520318\n|switch|p1a: Chansey|Chansey, F, shiny|76\/100\n|switch|p2a: Chansey|Chansey, F|100\/100\n|\n|upkeep\n|turn|502\n|\n|t:|1636520318\n|switch|p2a: Venusaur|Venusaur-Mega, M|91\/100\n|switch|p1a: Gliscor|Gliscor, M|100\/100 tox\n|\n|upkeep\n|turn|503\n|\n|t:|1636520319\n|switch|p1a: Chansey|Chansey, F, shiny|76\/100\n|switch|p2a: Chansey|Chansey, F|100\/100\n|\n|upkeep\n|turn|504\n|\n|t:|1636520320\n|switch|p2a: Venusaur|Venusaur-Mega, M|91\/100\n|switch|p1a: Gliscor|Gliscor, M|100\/100 tox\n|\n|upkeep\n|turn|505\n|\n|t:|1636520321\n|switch|p1a: Chansey|Chansey, F, shiny|76\/100\n|switch|p2a: Chansey|Chansey, F|100\/100\n|\n|upkeep\n|turn|506\n|\n|t:|1636520322\n|switch|p2a: Venusaur|Venusaur-Mega, M|91\/100\n|switch|p1a: Gliscor|Gliscor, M|100\/100 tox\n|\n|upkeep\n|turn|507\n|\n|t:|1636520322\n|switch|p1a: Chansey|Chansey, F, shiny|76\/100\n|switch|p2a: Chansey|Chansey, F|100\/100\n|\n|upkeep\n|turn|508\n|\n|t:|1636520323\n|switch|p2a: Venusaur|Venusaur-Mega, M|91\/100\n|switch|p1a: Gliscor|Gliscor, M|100\/100 tox\n|\n|upkeep\n|turn|509\n|\n|t:|1636520324\n|switch|p1a: Chansey|Chansey, F, shiny|76\/100\n|switch|p2a: Chansey|Chansey, F|100\/100\n|\n|upkeep\n|turn|510\n|\n|t:|1636520325\n|switch|p2a: Venusaur|Venusaur-Mega, M|91\/100\n|switch|p1a: Gliscor|Gliscor, M|100\/100 tox\n|\n|upkeep\n|turn|511\n|\n|t:|1636520325\n|switch|p1a: Chansey|Chansey, F, shiny|76\/100\n|switch|p2a: Chansey|Chansey, F|100\/100\n|\n|upkeep\n|turn|512\n|\n|t:|1636520326\n|switch|p2a: Venusaur|Venusaur-Mega, M|91\/100\n|switch|p1a: Gliscor|Gliscor, M|100\/100 tox\n|\n|upkeep\n|turn|513\n|\n|t:|1636520326\n|switch|p1a: Chansey|Chansey, F, shiny|76\/100\n|switch|p2a: Chansey|Chansey, F|100\/100\n|\n|upkeep\n|turn|514\n|\n|t:|1636520327\n|switch|p2a: Venusaur|Venusaur-Mega, M|91\/100\n|switch|p1a: Gliscor|Gliscor, M|100\/100 tox\n|\n|upkeep\n|turn|515\n|\n|t:|1636520328\n|switch|p1a: Chansey|Chansey, F, shiny|76\/100\n|switch|p2a: Chansey|Chansey, F|100\/100\n|\n|upkeep\n|turn|516\n|\n|t:|1636520328\n|switch|p2a: Venusaur|Venusaur-Mega, M|91\/100\n|switch|p1a: Gliscor|Gliscor, M|100\/100 tox\n|\n|upkeep\n|turn|517\n|\n|t:|1636520329\n|switch|p1a: Chansey|Chansey, F, shiny|76\/100\n|switch|p2a: Chansey|Chansey, F|100\/100\n|\n|upkeep\n|turn|518\n|\n|t:|1636520329\n|switch|p2a: Venusaur|Venusaur-Mega, M|91\/100\n|switch|p1a: Gliscor|Gliscor, M|100\/100 tox\n|\n|upkeep\n|turn|519\n|\n|t:|1636520330\n|switch|p1a: Chansey|Chansey, F, shiny|76\/100\n|switch|p2a: Chansey|Chansey, F|100\/100\n|\n|upkeep\n|turn|520\n|\n|t:|1636520331\n|switch|p2a: Venusaur|Venusaur-Mega, M|91\/100\n|switch|p1a: Gliscor|Gliscor, M|100\/100 tox\n|\n|upkeep\n|turn|521\n|\n|t:|1636520331\n|switch|p1a: Chansey|Chansey, F, shiny|76\/100\n|switch|p2a: Chansey|Chansey, F|100\/100\n|\n|upkeep\n|turn|522\n|\n|t:|1636520332\n|switch|p2a: Venusaur|Venusaur-Mega, M|91\/100\n|switch|p1a: Gliscor|Gliscor, M|100\/100 tox\n|\n|upkeep\n|turn|523\n|\n|t:|1636520333\n|switch|p1a: Chansey|Chansey, F, shiny|76\/100\n|switch|p2a: Chansey|Chansey, F|100\/100\n|\n|upkeep\n|turn|524\n|\n|t:|1636520334\n|switch|p2a: Venusaur|Venusaur-Mega, M|91\/100\n|switch|p1a: Gliscor|Gliscor, M|100\/100 tox\n|\n|upkeep\n|turn|525\n|\n|t:|1636520334\n|switch|p1a: Chansey|Chansey, F, shiny|76\/100\n|switch|p2a: Chansey|Chansey, F|100\/100\n|\n|upkeep\n|turn|526\n|\n|t:|1636520335\n|switch|p2a: Venusaur|Venusaur-Mega, M|91\/100\n|switch|p1a: Gliscor|Gliscor, M|100\/100 tox\n|\n|upkeep\n|turn|527\n|\n|t:|1636520335\n|switch|p1a: Chansey|Chansey, F, shiny|76\/100\n|switch|p2a: Chansey|Chansey, F|100\/100\n|\n|upkeep\n|turn|528\n|\n|t:|1636520336\n|switch|p2a: Venusaur|Venusaur-Mega, M|91\/100\n|switch|p1a: Gliscor|Gliscor, M|100\/100 tox\n|\n|upkeep\n|turn|529\n|\n|t:|1636520337\n|switch|p1a: Chansey|Chansey, F, shiny|76\/100\n|switch|p2a: Chansey|Chansey, F|100\/100\n|\n|upkeep\n|turn|530\n|\n|t:|1636520338\n|switch|p2a: Venusaur|Venusaur-Mega, M|91\/100\n|switch|p1a: Gliscor|Gliscor, M|100\/100 tox\n|\n|upkeep\n|turn|531\n|\n|t:|1636520338\n|switch|p1a: Chansey|Chansey, F, shiny|76\/100\n|switch|p2a: Chansey|Chansey, F|100\/100\n|\n|upkeep\n|turn|532\n|\n|t:|1636520339\n|switch|p2a: Venusaur|Venusaur-Mega, M|91\/100\n|switch|p1a: Gliscor|Gliscor, M|100\/100 tox\n|\n|upkeep\n|turn|533\n|\n|t:|1636520340\n|switch|p1a: Chansey|Chansey, F, shiny|76\/100\n|switch|p2a: Chansey|Chansey, F|100\/100\n|\n|upkeep\n|turn|534\n|\n|t:|1636520341\n|switch|p2a: Venusaur|Venusaur-Mega, M|91\/100\n|switch|p1a: Gliscor|Gliscor, M|100\/100 tox\n|\n|upkeep\n|turn|535\n|\n|t:|1636520341\n|switch|p1a: Chansey|Chansey, F, shiny|76\/100\n|switch|p2a: Chansey|Chansey, F|100\/100\n|\n|upkeep\n|turn|536\n|\n|t:|1636520342\n|switch|p2a: Venusaur|Venusaur-Mega, M|91\/100\n|switch|p1a: Gliscor|Gliscor, M|100\/100 tox\n|\n|upkeep\n|turn|537\n|\n|t:|1636520343\n|switch|p1a: Chansey|Chansey, F, shiny|76\/100\n|switch|p2a: Chansey|Chansey, F|100\/100\n|\n|upkeep\n|turn|538\n|\n|t:|1636520343\n|switch|p2a: Venusaur|Venusaur-Mega, M|91\/100\n|switch|p1a: Gliscor|Gliscor, M|100\/100 tox\n|\n|upkeep\n|turn|539\n|\n|t:|1636520344\n|switch|p1a: Chansey|Chansey, F, shiny|76\/100\n|switch|p2a: Chansey|Chansey, F|100\/100\n|\n|upkeep\n|turn|540\n|\n|t:|1636520345\n|switch|p2a: Venusaur|Venusaur-Mega, M|91\/100\n|switch|p1a: Gliscor|Gliscor, M|100\/100 tox\n|\n|upkeep\n|turn|541\n|\n|t:|1636520346\n|switch|p1a: Chansey|Chansey, F, shiny|76\/100\n|switch|p2a: Chansey|Chansey, F|100\/100\n|\n|upkeep\n|turn|542\n|\n|t:|1636520347\n|switch|p2a: Venusaur|Venusaur-Mega, M|91\/100\n|switch|p1a: Gliscor|Gliscor, M|100\/100 tox\n|\n|upkeep\n|turn|543\n|\n|t:|1636520349\n|switch|p1a: Chansey|Chansey, F, shiny|76\/100\n|switch|p2a: Chansey|Chansey, F|100\/100\n|\n|upkeep\n|turn|544\n|\n|t:|1636520352\n|switch|p2a: Venusaur|Venusaur-Mega, M|91\/100\n|switch|p1a: Gliscor|Gliscor, M|100\/100 tox\n|\n|upkeep\n|turn|545\n|\n|t:|1636520355\n|switch|p1a: Chansey|Chansey, F, shiny|76\/100\n|switch|p2a: Chansey|Chansey, F|100\/100\n|\n|upkeep\n|turn|546\n|\n|t:|1636520355\n|switch|p2a: Venusaur|Venusaur-Mega, M|91\/100\n|switch|p1a: Gliscor|Gliscor, M|100\/100 tox\n|\n|upkeep\n|turn|547\n|\n|t:|1636520356\n|switch|p1a: Chansey|Chansey, F, shiny|76\/100\n|switch|p2a: Chansey|Chansey, F|100\/100\n|\n|upkeep\n|turn|548\n|\n|t:|1636520357\n|switch|p2a: Venusaur|Venusaur-Mega, M|91\/100\n|switch|p1a: Gliscor|Gliscor, M|100\/100 tox\n|\n|upkeep\n|turn|549\n|\n|t:|1636520357\n|switch|p1a: Chansey|Chansey, F, shiny|76\/100\n|switch|p2a: Chansey|Chansey, F|100\/100\n|\n|upkeep\n|turn|550\n|\n|t:|1636520358\n|switch|p2a: Venusaur|Venusaur-Mega, M|91\/100\n|switch|p1a: Gliscor|Gliscor, M|100\/100 tox\n|\n|upkeep\n|turn|551\n|\n|t:|1636520358\n|switch|p1a: Chansey|Chansey, F, shiny|76\/100\n|switch|p2a: Chansey|Chansey, F|100\/100\n|\n|upkeep\n|turn|552\n|\n|t:|1636520359\n|switch|p2a: Venusaur|Venusaur-Mega, M|91\/100\n|switch|p1a: Gliscor|Gliscor, M|100\/100 tox\n|\n|upkeep\n|turn|553\n|\n|t:|1636520360\n|switch|p1a: Chansey|Chansey, F, shiny|76\/100\n|switch|p2a: Chansey|Chansey, F|100\/100\n|\n|upkeep\n|turn|554\n|\n|t:|1636520361\n|switch|p2a: Venusaur|Venusaur-Mega, M|91\/100\n|switch|p1a: Gliscor|Gliscor, M|100\/100 tox\n|\n|upkeep\n|turn|555\n|\n|t:|1636520362\n|switch|p1a: Chansey|Chansey, F, shiny|76\/100\n|switch|p2a: Chansey|Chansey, F|100\/100\n|\n|upkeep\n|turn|556\n|\n|t:|1636520362\n|switch|p2a: Venusaur|Venusaur-Mega, M|91\/100\n|switch|p1a: Gliscor|Gliscor, M|100\/100 tox\n|\n|upkeep\n|turn|557\n|\n|t:|1636520363\n|switch|p1a: Chansey|Chansey, F, shiny|76\/100\n|switch|p2a: Chansey|Chansey, F|100\/100\n|\n|upkeep\n|turn|558\n|\n|t:|1636520364\n|switch|p2a: Venusaur|Venusaur-Mega, M|91\/100\n|switch|p1a: Gliscor|Gliscor, M|100\/100 tox\n|\n|upkeep\n|turn|559\n|\n|t:|1636520364\n|switch|p1a: Chansey|Chansey, F, shiny|76\/100\n|switch|p2a: Chansey|Chansey, F|100\/100\n|\n|upkeep\n|turn|560\n|\n|t:|1636520365\n|switch|p2a: Venusaur|Venusaur-Mega, M|91\/100\n|switch|p1a: Gliscor|Gliscor, M|100\/100 tox\n|\n|upkeep\n|turn|561\n|\n|t:|1636520365\n|switch|p1a: Chansey|Chansey, F, shiny|76\/100\n|switch|p2a: Chansey|Chansey, F|100\/100\n|\n|upkeep\n|turn|562\n|\n|t:|1636520366\n|switch|p2a: Venusaur|Venusaur-Mega, M|91\/100\n|switch|p1a: Gliscor|Gliscor, M|100\/100 tox\n|\n|upkeep\n|turn|563\n|\n|t:|1636520367\n|switch|p1a: Chansey|Chansey, F, shiny|76\/100\n|switch|p2a: Chansey|Chansey, F|100\/100\n|\n|upkeep\n|turn|564\n|\n|t:|1636520367\n|switch|p2a: Venusaur|Venusaur-Mega, M|91\/100\n|switch|p1a: Gliscor|Gliscor, M|100\/100 tox\n|\n|upkeep\n|turn|565\n|\n|t:|1636520368\n|switch|p1a: Chansey|Chansey, F, shiny|76\/100\n|switch|p2a: Chansey|Chansey, F|100\/100\n|\n|upkeep\n|turn|566\n|\n|t:|1636520369\n|switch|p2a: Venusaur|Venusaur-Mega, M|91\/100\n|switch|p1a: Gliscor|Gliscor, M|100\/100 tox\n|\n|upkeep\n|turn|567\n|\n|t:|1636520369\n|switch|p1a: Chansey|Chansey, F, shiny|76\/100\n|switch|p2a: Chansey|Chansey, F|100\/100\n|\n|upkeep\n|turn|568\n|\n|t:|1636520370\n|switch|p2a: Venusaur|Venusaur-Mega, M|91\/100\n|switch|p1a: Gliscor|Gliscor, M|100\/100 tox\n|\n|upkeep\n|turn|569\n|\n|t:|1636520371\n|switch|p1a: Chansey|Chansey, F, shiny|76\/100\n|switch|p2a: Chansey|Chansey, F|100\/100\n|\n|upkeep\n|turn|570\n|\n|t:|1636520371\n|switch|p2a: Venusaur|Venusaur-Mega, M|91\/100\n|switch|p1a: Gliscor|Gliscor, M|100\/100 tox\n|\n|upkeep\n|turn|571\n|\n|t:|1636520372\n|switch|p1a: Chansey|Chansey, F, shiny|76\/100\n|switch|p2a: Chansey|Chansey, F|100\/100\n|\n|upkeep\n|turn|572\n|\n|t:|1636520373\n|switch|p2a: Venusaur|Venusaur-Mega, M|91\/100\n|switch|p1a: Gliscor|Gliscor, M|100\/100 tox\n|\n|upkeep\n|turn|573\n|\n|t:|1636520373\n|switch|p1a: Chansey|Chansey, F, shiny|76\/100\n|switch|p2a: Chansey|Chansey, F|100\/100\n|\n|upkeep\n|turn|574\n|\n|t:|1636520374\n|switch|p2a: Venusaur|Venusaur-Mega, M|91\/100\n|switch|p1a: Gliscor|Gliscor, M|100\/100 tox\n|\n|upkeep\n|turn|575\n|\n|t:|1636520375\n|switch|p1a: Chansey|Chansey, F, shiny|76\/100\n|switch|p2a: Chansey|Chansey, F|100\/100\n|\n|upkeep\n|turn|576\n|\n|t:|1636520376\n|switch|p2a: Venusaur|Venusaur-Mega, M|91\/100\n|switch|p1a: Gliscor|Gliscor, M|100\/100 tox\n|\n|upkeep\n|turn|577\n|\n|t:|1636520376\n|switch|p1a: Chansey|Chansey, F, shiny|76\/100\n|switch|p2a: Chansey|Chansey, F|100\/100\n|\n|upkeep\n|turn|578\n|\n|t:|1636520377\n|switch|p2a: Venusaur|Venusaur-Mega, M|91\/100\n|switch|p1a: Gliscor|Gliscor, M|100\/100 tox\n|\n|upkeep\n|turn|579\n|\n|t:|1636520378\n|switch|p1a: Chansey|Chansey, F, shiny|76\/100\n|switch|p2a: Chansey|Chansey, F|100\/100\n|\n|upkeep\n|turn|580\n|\n|t:|1636520379\n|switch|p2a: Venusaur|Venusaur-Mega, M|91\/100\n|switch|p1a: Gliscor|Gliscor, M|100\/100 tox\n|\n|upkeep\n|turn|581\n|\n|t:|1636520379\n|switch|p1a: Chansey|Chansey, F, shiny|76\/100\n|switch|p2a: Chansey|Chansey, F|100\/100\n|\n|upkeep\n|turn|582\n|\n|t:|1636520380\n|switch|p2a: Venusaur|Venusaur-Mega, M|91\/100\n|switch|p1a: Gliscor|Gliscor, M|100\/100 tox\n|\n|upkeep\n|turn|583\n|\n|t:|1636520380\n|switch|p1a: Chansey|Chansey, F, shiny|76\/100\n|switch|p2a: Chansey|Chansey, F|100\/100\n|\n|upkeep\n|turn|584\n|\n|t:|1636520381\n|switch|p2a: Venusaur|Venusaur-Mega, M|91\/100\n|switch|p1a: Gliscor|Gliscor, M|100\/100 tox\n|\n|upkeep\n|turn|585\n|\n|t:|1636520382\n|switch|p1a: Chansey|Chansey, F, shiny|76\/100\n|switch|p2a: Chansey|Chansey, F|100\/100\n|\n|upkeep\n|turn|586\n|\n|t:|1636520382\n|switch|p2a: Venusaur|Venusaur-Mega, M|91\/100\n|switch|p1a: Gliscor|Gliscor, M|100\/100 tox\n|\n|upkeep\n|turn|587\n|\n|t:|1636520383\n|switch|p1a: Chansey|Chansey, F, shiny|76\/100\n|switch|p2a: Chansey|Chansey, F|100\/100\n|\n|upkeep\n|turn|588\n|\n|t:|1636520384\n|switch|p2a: Venusaur|Venusaur-Mega, M|91\/100\n|switch|p1a: Gliscor|Gliscor, M|100\/100 tox\n|\n|upkeep\n|turn|589\n|\n|t:|1636520384\n|switch|p1a: Chansey|Chansey, F, shiny|76\/100\n|switch|p2a: Chansey|Chansey, F|100\/100\n|\n|upkeep\n|turn|590\n|\n|t:|1636520385\n|switch|p2a: Venusaur|Venusaur-Mega, M|91\/100\n|switch|p1a: Gliscor|Gliscor, M|100\/100 tox\n|\n|upkeep\n|turn|591\n|\n|t:|1636520385\n|switch|p1a: Chansey|Chansey, F, shiny|76\/100\n|switch|p2a: Chansey|Chansey, F|100\/100\n|\n|upkeep\n|turn|592\n|\n|t:|1636520386\n|switch|p2a: Venusaur|Venusaur-Mega, M|91\/100\n|switch|p1a: Gliscor|Gliscor, M|100\/100 tox\n|\n|upkeep\n|turn|593\n|\n|t:|1636520387\n|switch|p1a: Chansey|Chansey, F, shiny|76\/100\n|switch|p2a: Chansey|Chansey, F|100\/100\n|\n|upkeep\n|turn|594\n|\n|t:|1636520388\n|switch|p2a: Venusaur|Venusaur-Mega, M|91\/100\n|switch|p1a: Gliscor|Gliscor, M|100\/100 tox\n|\n|upkeep\n|turn|595\n|\n|t:|1636520388\n|switch|p1a: Chansey|Chansey, F, shiny|76\/100\n|switch|p2a: Chansey|Chansey, F|100\/100\n|\n|upkeep\n|turn|596\n|\n|t:|1636520389\n|switch|p2a: Venusaur|Venusaur-Mega, M|91\/100\n|switch|p1a: Gliscor|Gliscor, M|100\/100 tox\n|\n|upkeep\n|turn|597\n|\n|t:|1636520389\n|switch|p1a: Chansey|Chansey, F, shiny|76\/100\n|switch|p2a: Chansey|Chansey, F|100\/100\n|\n|upkeep\n|turn|598\n|\n|t:|1636520390\n|switch|p2a: Venusaur|Venusaur-Mega, M|91\/100\n|switch|p1a: Gliscor|Gliscor, M|100\/100 tox\n|\n|upkeep\n|turn|599\n|\n|t:|1636520391\n|switch|p1a: Chansey|Chansey, F, shiny|76\/100\n|switch|p2a: Chansey|Chansey, F|100\/100\n|\n|upkeep\n|bigerror|You will auto-tie if the battle doesn't end in 400 turns (on turn 1000).\n|-hint|If you want to tie earlier, consider using `\/offertie`.\n|turn|600\n|\n|t:|1636520392\n|switch|p2a: Venusaur|Venusaur-Mega, M|91\/100\n|switch|p1a: Gliscor|Gliscor, M|100\/100 tox\n|\n|upkeep\n|turn|601\n|\n|t:|1636520392\n|switch|p1a: Chansey|Chansey, F, shiny|76\/100\n|switch|p2a: Chansey|Chansey, F|100\/100\n|\n|upkeep\n|turn|602\n|\n|t:|1636520393\n|switch|p2a: Venusaur|Venusaur-Mega, M|91\/100\n|switch|p1a: Gliscor|Gliscor, M|100\/100 tox\n|\n|upkeep\n|turn|603\n|\n|t:|1636520394\n|switch|p1a: Chansey|Chansey, F, shiny|76\/100\n|switch|p2a: Chansey|Chansey, F|100\/100\n|\n|upkeep\n|turn|604\n|\n|t:|1636520394\n|switch|p2a: Venusaur|Venusaur-Mega, M|91\/100\n|switch|p1a: Gliscor|Gliscor, M|100\/100 tox\n|\n|upkeep\n|turn|605\n|\n|t:|1636520395\n|switch|p1a: Chansey|Chansey, F, shiny|76\/100\n|switch|p2a: Chansey|Chansey, F|100\/100\n|\n|upkeep\n|turn|606\n|\n|t:|1636520395\n|switch|p2a: Venusaur|Venusaur-Mega, M|91\/100\n|switch|p1a: Gliscor|Gliscor, M|100\/100 tox\n|\n|upkeep\n|turn|607\n|\n|t:|1636520396\n|switch|p1a: Chansey|Chansey, F, shiny|76\/100\n|switch|p2a: Chansey|Chansey, F|100\/100\n|\n|upkeep\n|turn|608\n|\n|t:|1636520397\n|switch|p2a: Venusaur|Venusaur-Mega, M|91\/100\n|switch|p1a: Gliscor|Gliscor, M|100\/100 tox\n|\n|upkeep\n|turn|609\n|\n|t:|1636520397\n|switch|p1a: Chansey|Chansey, F, shiny|76\/100\n|switch|p2a: Chansey|Chansey, F|100\/100\n|\n|upkeep\n|turn|610\n|\n|t:|1636520398\n|switch|p2a: Venusaur|Venusaur-Mega, M|91\/100\n|switch|p1a: Gliscor|Gliscor, M|100\/100 tox\n|\n|upkeep\n|turn|611\n|\n|t:|1636520399\n|switch|p1a: Chansey|Chansey, F, shiny|76\/100\n|switch|p2a: Chansey|Chansey, F|100\/100\n|\n|upkeep\n|turn|612\n|\n|t:|1636520412\n|switch|p2a: Venusaur|Venusaur-Mega, M|91\/100\n|switch|p1a: Gliscor|Gliscor, M|100\/100 tox\n|\n|upkeep\n|turn|613\n|\n|t:|1636520413\n|switch|p1a: Chansey|Chansey, F, shiny|76\/100\n|switch|p2a: Chansey|Chansey, F|100\/100\n|\n|upkeep\n|turn|614\n|\n|t:|1636520413\n|switch|p2a: Venusaur|Venusaur-Mega, M|91\/100\n|switch|p1a: Gliscor|Gliscor, M|100\/100 tox\n|\n|upkeep\n|turn|615\n|\n|t:|1636520415\n|switch|p1a: Chansey|Chansey, F, shiny|76\/100\n|switch|p2a: Chansey|Chansey, F|100\/100\n|\n|upkeep\n|turn|616\n|\n|t:|1636520416\n|switch|p2a: Venusaur|Venusaur-Mega, M|91\/100\n|switch|p1a: Gliscor|Gliscor, M|100\/100 tox\n|\n|upkeep\n|turn|617\n|\n|t:|1636520417\n|switch|p1a: Chansey|Chansey, F, shiny|76\/100\n|switch|p2a: Chansey|Chansey, F|100\/100\n|\n|upkeep\n|turn|618\n|\n|t:|1636520418\n|switch|p2a: Venusaur|Venusaur-Mega, M|91\/100\n|switch|p1a: Gliscor|Gliscor, M|100\/100 tox\n|\n|upkeep\n|turn|619\n|\n|t:|1636520419\n|switch|p1a: Chansey|Chansey, F, shiny|76\/100\n|switch|p2a: Chansey|Chansey, F|100\/100\n|\n|upkeep\n|turn|620\n|\n|t:|1636520422\n|switch|p2a: Venusaur|Venusaur-Mega, M|91\/100\n|switch|p1a: Gliscor|Gliscor, M|100\/100 tox\n|\n|upkeep\n|turn|621\n|\n|t:|1636520423\n|switch|p1a: Chansey|Chansey, F, shiny|76\/100\n|switch|p2a: Chansey|Chansey, F|100\/100\n|\n|upkeep\n|turn|622\n|\n|t:|1636520424\n|switch|p2a: Venusaur|Venusaur-Mega, M|91\/100\n|switch|p1a: Gliscor|Gliscor, M|100\/100 tox\n|\n|upkeep\n|turn|623\n|\n|t:|1636520426\n|switch|p1a: Chansey|Chansey, F, shiny|76\/100\n|switch|p2a: Chansey|Chansey, F|100\/100\n|\n|upkeep\n|turn|624\n|\n|t:|1636520426\n|switch|p2a: Venusaur|Venusaur-Mega, M|91\/100\n|switch|p1a: Gliscor|Gliscor, M|100\/100 tox\n|\n|upkeep\n|turn|625\n|\n|t:|1636520427\n|switch|p1a: Chansey|Chansey, F, shiny|76\/100\n|switch|p2a: Chansey|Chansey, F|100\/100\n|\n|upkeep\n|turn|626\n|\n|t:|1636520427\n|switch|p2a: Venusaur|Venusaur-Mega, M|91\/100\n|switch|p1a: Gliscor|Gliscor, M|100\/100 tox\n|\n|upkeep\n|turn|627\n|\n|t:|1636520428\n|switch|p1a: Chansey|Chansey, F, shiny|76\/100\n|switch|p2a: Chansey|Chansey, F|100\/100\n|\n|upkeep\n|turn|628\n|\n|t:|1636520429\n|switch|p2a: Venusaur|Venusaur-Mega, M|91\/100\n|switch|p1a: Gliscor|Gliscor, M|100\/100 tox\n|\n|upkeep\n|turn|629\n|\n|t:|1636520430\n|switch|p1a: Chansey|Chansey, F, shiny|76\/100\n|switch|p2a: Chansey|Chansey, F|100\/100\n|\n|upkeep\n|turn|630\n|\n|t:|1636520431\n|switch|p2a: Venusaur|Venusaur-Mega, M|91\/100\n|switch|p1a: Gliscor|Gliscor, M|100\/100 tox\n|\n|upkeep\n|turn|631\n|\n|t:|1636520431\n|switch|p1a: Chansey|Chansey, F, shiny|76\/100\n|switch|p2a: Chansey|Chansey, F|100\/100\n|\n|upkeep\n|turn|632\n|\n|t:|1636520432\n|switch|p2a: Venusaur|Venusaur-Mega, M|91\/100\n|switch|p1a: Gliscor|Gliscor, M|100\/100 tox\n|\n|upkeep\n|turn|633\n|\n|t:|1636520433\n|switch|p1a: Chansey|Chansey, F, shiny|76\/100\n|switch|p2a: Chansey|Chansey, F|100\/100\n|\n|upkeep\n|turn|634\n|\n|t:|1636520433\n|switch|p2a: Venusaur|Venusaur-Mega, M|91\/100\n|switch|p1a: Gliscor|Gliscor, M|100\/100 tox\n|\n|upkeep\n|turn|635\n|\n|t:|1636520434\n|switch|p1a: Chansey|Chansey, F, shiny|76\/100\n|switch|p2a: Chansey|Chansey, F|100\/100\n|\n|upkeep\n|turn|636\n|\n|t:|1636520435\n|switch|p2a: Venusaur|Venusaur-Mega, M|91\/100\n|switch|p1a: Gliscor|Gliscor, M|100\/100 tox\n|\n|upkeep\n|turn|637\n|\n|t:|1636520436\n|switch|p1a: Chansey|Chansey, F, shiny|76\/100\n|switch|p2a: Chansey|Chansey, F|100\/100\n|\n|upkeep\n|turn|638\n|\n|t:|1636520436\n|switch|p2a: Venusaur|Venusaur-Mega, M|91\/100\n|switch|p1a: Gliscor|Gliscor, M|100\/100 tox\n|\n|upkeep\n|turn|639\n|\n|t:|1636520437\n|switch|p1a: Chansey|Chansey, F, shiny|76\/100\n|switch|p2a: Chansey|Chansey, F|100\/100\n|\n|upkeep\n|turn|640\n|\n|t:|1636520437\n|switch|p2a: Venusaur|Venusaur-Mega, M|91\/100\n|switch|p1a: Gliscor|Gliscor, M|100\/100 tox\n|\n|upkeep\n|turn|641\n|\n|t:|1636520438\n|switch|p1a: Chansey|Chansey, F, shiny|76\/100\n|switch|p2a: Chansey|Chansey, F|100\/100\n|\n|upkeep\n|turn|642\n|\n|t:|1636520439\n|switch|p2a: Venusaur|Venusaur-Mega, M|91\/100\n|switch|p1a: Gliscor|Gliscor, M|100\/100 tox\n|\n|upkeep\n|turn|643\n|\n|t:|1636520439\n|switch|p1a: Chansey|Chansey, F, shiny|76\/100\n|switch|p2a: Chansey|Chansey, F|100\/100\n|\n|upkeep\n|turn|644\n|\n|t:|1636520440\n|switch|p2a: Venusaur|Venusaur-Mega, M|91\/100\n|switch|p1a: Gliscor|Gliscor, M|100\/100 tox\n|\n|upkeep\n|turn|645\n|\n|t:|1636520440\n|switch|p1a: Chansey|Chansey, F, shiny|76\/100\n|switch|p2a: Chansey|Chansey, F|100\/100\n|\n|upkeep\n|turn|646\n|\n|t:|1636520441\n|switch|p2a: Venusaur|Venusaur-Mega, M|91\/100\n|switch|p1a: Gliscor|Gliscor, M|100\/100 tox\n|\n|upkeep\n|turn|647\n|\n|t:|1636520442\n|switch|p1a: Chansey|Chansey, F, shiny|76\/100\n|switch|p2a: Chansey|Chansey, F|100\/100\n|\n|upkeep\n|turn|648\n|\n|t:|1636520442\n|switch|p2a: Venusaur|Venusaur-Mega, M|91\/100\n|switch|p1a: Gliscor|Gliscor, M|100\/100 tox\n|\n|upkeep\n|turn|649\n|\n|t:|1636520443\n|switch|p1a: Chansey|Chansey, F, shiny|76\/100\n|switch|p2a: Chansey|Chansey, F|100\/100\n|\n|upkeep\n|turn|650\n|\n|t:|1636520443\n|switch|p2a: Venusaur|Venusaur-Mega, M|91\/100\n|switch|p1a: Gliscor|Gliscor, M|100\/100 tox\n|\n|upkeep\n|turn|651\n|\n|t:|1636520444\n|switch|p1a: Chansey|Chansey, F, shiny|76\/100\n|switch|p2a: Chansey|Chansey, F|100\/100\n|\n|upkeep\n|turn|652\n|\n|t:|1636520445\n|switch|p2a: Venusaur|Venusaur-Mega, M|91\/100\n|switch|p1a: Gliscor|Gliscor, M|100\/100 tox\n|\n|upkeep\n|turn|653\n|\n|t:|1636520445\n|switch|p1a: Chansey|Chansey, F, shiny|76\/100\n|switch|p2a: Chansey|Chansey, F|100\/100\n|\n|upkeep\n|turn|654\n|\n|t:|1636520446\n|switch|p2a: Venusaur|Venusaur-Mega, M|91\/100\n|switch|p1a: Gliscor|Gliscor, M|100\/100 tox\n|\n|upkeep\n|turn|655\n|\n|t:|1636520447\n|switch|p1a: Chansey|Chansey, F, shiny|76\/100\n|switch|p2a: Chansey|Chansey, F|100\/100\n|\n|upkeep\n|turn|656\n|\n|t:|1636520447\n|switch|p2a: Venusaur|Venusaur-Mega, M|91\/100\n|switch|p1a: Gliscor|Gliscor, M|100\/100 tox\n|\n|upkeep\n|turn|657\n|\n|t:|1636520448\n|switch|p1a: Chansey|Chansey, F, shiny|76\/100\n|switch|p2a: Chansey|Chansey, F|100\/100\n|\n|upkeep\n|turn|658\n|\n|t:|1636520448\n|switch|p2a: Venusaur|Venusaur-Mega, M|91\/100\n|switch|p1a: Gliscor|Gliscor, M|100\/100 tox\n|\n|upkeep\n|turn|659\n|\n|t:|1636520449\n|switch|p1a: Chansey|Chansey, F, shiny|76\/100\n|switch|p2a: Chansey|Chansey, F|100\/100\n|\n|upkeep\n|turn|660\n|\n|t:|1636520458\n|switch|p2a: Venusaur|Venusaur-Mega, M|91\/100\n|switch|p1a: Gliscor|Gliscor, M|100\/100 tox\n|\n|upkeep\n|turn|661\n|\n|t:|1636520459\n|switch|p1a: Chansey|Chansey, F, shiny|76\/100\n|switch|p2a: Chansey|Chansey, F|100\/100\n|\n|upkeep\n|turn|662\n|\n|t:|1636520460\n|switch|p2a: Venusaur|Venusaur-Mega, M|91\/100\n|switch|p1a: Gliscor|Gliscor, M|100\/100 tox\n|\n|upkeep\n|turn|663\n|\n|t:|1636520460\n|switch|p1a: Chansey|Chansey, F, shiny|76\/100\n|switch|p2a: Chansey|Chansey, F|100\/100\n|\n|upkeep\n|turn|664\n|\n|t:|1636520461\n|switch|p2a: Venusaur|Venusaur-Mega, M|91\/100\n|switch|p1a: Gliscor|Gliscor, M|100\/100 tox\n|\n|upkeep\n|turn|665\n|\n|t:|1636520462\n|switch|p1a: Chansey|Chansey, F, shiny|76\/100\n|switch|p2a: Chansey|Chansey, F|100\/100\n|\n|upkeep\n|turn|666\n|\n|t:|1636520463\n|switch|p2a: Venusaur|Venusaur-Mega, M|91\/100\n|switch|p1a: Gliscor|Gliscor, M|100\/100 tox\n|\n|upkeep\n|turn|667\n|\n|t:|1636520464\n|switch|p1a: Chansey|Chansey, F, shiny|76\/100\n|switch|p2a: Chansey|Chansey, F|100\/100\n|\n|upkeep\n|turn|668\n|\n|t:|1636520464\n|switch|p2a: Venusaur|Venusaur-Mega, M|91\/100\n|switch|p1a: Gliscor|Gliscor, M|100\/100 tox\n|\n|upkeep\n|turn|669\n|\n|t:|1636520465\n|switch|p1a: Chansey|Chansey, F, shiny|76\/100\n|switch|p2a: Chansey|Chansey, F|100\/100\n|\n|upkeep\n|turn|670\n|\n|t:|1636520466\n|switch|p2a: Venusaur|Venusaur-Mega, M|91\/100\n|switch|p1a: Gliscor|Gliscor, M|100\/100 tox\n|\n|upkeep\n|turn|671\n|\n|t:|1636520466\n|switch|p1a: Chansey|Chansey, F, shiny|76\/100\n|switch|p2a: Chansey|Chansey, F|100\/100\n|\n|upkeep\n|turn|672\n|\n|t:|1636520467\n|switch|p2a: Venusaur|Venusaur-Mega, M|91\/100\n|switch|p1a: Gliscor|Gliscor, M|100\/100 tox\n|\n|upkeep\n|turn|673\n|\n|t:|1636520467\n|switch|p1a: Chansey|Chansey, F, shiny|76\/100\n|switch|p2a: Chansey|Chansey, F|100\/100\n|\n|upkeep\n|turn|674\n|\n|t:|1636520468\n|switch|p2a: Venusaur|Venusaur-Mega, M|91\/100\n|switch|p1a: Gliscor|Gliscor, M|100\/100 tox\n|\n|upkeep\n|turn|675\n|\n|t:|1636520469\n|switch|p1a: Chansey|Chansey, F, shiny|76\/100\n|switch|p2a: Chansey|Chansey, F|100\/100\n|\n|upkeep\n|turn|676\n|\n|t:|1636520469\n|switch|p2a: Venusaur|Venusaur-Mega, M|91\/100\n|switch|p1a: Gliscor|Gliscor, M|100\/100 tox\n|\n|upkeep\n|turn|677\n|\n|t:|1636520470\n|switch|p1a: Chansey|Chansey, F, shiny|76\/100\n|switch|p2a: Chansey|Chansey, F|100\/100\n|\n|upkeep\n|turn|678\n|\n|t:|1636520470\n|switch|p2a: Venusaur|Venusaur-Mega, M|91\/100\n|switch|p1a: Gliscor|Gliscor, M|100\/100 tox\n|\n|upkeep\n|turn|679\n|\n|t:|1636520471\n|switch|p1a: Chansey|Chansey, F, shiny|76\/100\n|switch|p2a: Chansey|Chansey, F|100\/100\n|\n|upkeep\n|turn|680\n|\n|t:|1636520472\n|switch|p2a: Venusaur|Venusaur-Mega, M|91\/100\n|switch|p1a: Gliscor|Gliscor, M|100\/100 tox\n|\n|upkeep\n|turn|681\n|\n|t:|1636520472\n|switch|p1a: Chansey|Chansey, F, shiny|76\/100\n|switch|p2a: Chansey|Chansey, F|100\/100\n|\n|upkeep\n|turn|682\n|\n|t:|1636520473\n|switch|p2a: Venusaur|Venusaur-Mega, M|91\/100\n|switch|p1a: Gliscor|Gliscor, M|100\/100 tox\n|\n|upkeep\n|turn|683\n|\n|t:|1636520474\n|switch|p1a: Chansey|Chansey, F, shiny|76\/100\n|switch|p2a: Chansey|Chansey, F|100\/100\n|\n|upkeep\n|turn|684\n|\n|t:|1636520474\n|switch|p2a: Venusaur|Venusaur-Mega, M|91\/100\n|switch|p1a: Gliscor|Gliscor, M|100\/100 tox\n|\n|upkeep\n|turn|685\n|\n|t:|1636520475\n|switch|p1a: Chansey|Chansey, F, shiny|76\/100\n|switch|p2a: Chansey|Chansey, F|100\/100\n|\n|upkeep\n|turn|686\n|\n|t:|1636520476\n|switch|p2a: Venusaur|Venusaur-Mega, M|91\/100\n|switch|p1a: Gliscor|Gliscor, M|100\/100 tox\n|\n|upkeep\n|turn|687\n|\n|t:|1636520477\n|switch|p1a: Chansey|Chansey, F, shiny|76\/100\n|switch|p2a: Chansey|Chansey, F|100\/100\n|\n|upkeep\n|turn|688\n|\n|t:|1636520477\n|switch|p2a: Venusaur|Venusaur-Mega, M|91\/100\n|switch|p1a: Gliscor|Gliscor, M|100\/100 tox\n|\n|upkeep\n|turn|689\n|\n|t:|1636520478\n|switch|p1a: Chansey|Chansey, F, shiny|76\/100\n|switch|p2a: Chansey|Chansey, F|100\/100\n|\n|upkeep\n|turn|690\n|\n|t:|1636520479\n|switch|p2a: Venusaur|Venusaur-Mega, M|91\/100\n|switch|p1a: Gliscor|Gliscor, M|100\/100 tox\n|\n|upkeep\n|turn|691\n|\n|t:|1636520479\n|switch|p1a: Chansey|Chansey, F, shiny|76\/100\n|switch|p2a: Chansey|Chansey, F|100\/100\n|\n|upkeep\n|turn|692\n|\n|t:|1636520480\n|switch|p2a: Venusaur|Venusaur-Mega, M|91\/100\n|switch|p1a: Gliscor|Gliscor, M|100\/100 tox\n|\n|upkeep\n|turn|693\n|\n|t:|1636520480\n|switch|p1a: Chansey|Chansey, F, shiny|76\/100\n|switch|p2a: Chansey|Chansey, F|100\/100\n|\n|upkeep\n|turn|694\n|\n|t:|1636520481\n|switch|p2a: Venusaur|Venusaur-Mega, M|91\/100\n|switch|p1a: Gliscor|Gliscor, M|100\/100 tox\n|\n|upkeep\n|turn|695\n|\n|t:|1636520482\n|switch|p1a: Chansey|Chansey, F, shiny|76\/100\n|switch|p2a: Chansey|Chansey, F|100\/100\n|\n|upkeep\n|turn|696\n|\n|t:|1636520483\n|switch|p2a: Venusaur|Venusaur-Mega, M|91\/100\n|switch|p1a: Gliscor|Gliscor, M|100\/100 tox\n|\n|upkeep\n|turn|697\n|\n|t:|1636520483\n|switch|p1a: Chansey|Chansey, F, shiny|76\/100\n|switch|p2a: Chansey|Chansey, F|100\/100\n|\n|upkeep\n|turn|698\n|\n|t:|1636520484\n|switch|p2a: Venusaur|Venusaur-Mega, M|91\/100\n|switch|p1a: Gliscor|Gliscor, M|100\/100 tox\n|\n|upkeep\n|turn|699\n|\n|t:|1636520484\n|switch|p1a: Chansey|Chansey, F, shiny|76\/100\n|switch|p2a: Chansey|Chansey, F|100\/100\n|\n|upkeep\n|bigerror|You will auto-tie if the battle doesn't end in 300 turns (on turn 1000).\n|-hint|If you want to tie earlier, consider using `\/offertie`.\n|turn|700\n|\n|t:|1636520485\n|switch|p2a: Venusaur|Venusaur-Mega, M|91\/100\n|switch|p1a: Gliscor|Gliscor, M|100\/100 tox\n|\n|upkeep\n|turn|701\n|\n|t:|1636520486\n|switch|p1a: Chansey|Chansey, F, shiny|76\/100\n|switch|p2a: Chansey|Chansey, F|100\/100\n|\n|upkeep\n|turn|702\n|\n|t:|1636520487\n|switch|p2a: Venusaur|Venusaur-Mega, M|91\/100\n|switch|p1a: Gliscor|Gliscor, M|100\/100 tox\n|\n|upkeep\n|turn|703\n|\n|t:|1636520487\n|switch|p1a: Chansey|Chansey, F, shiny|76\/100\n|switch|p2a: Chansey|Chansey, F|100\/100\n|\n|upkeep\n|turn|704\n|\n|t:|1636520488\n|switch|p2a: Venusaur|Venusaur-Mega, M|91\/100\n|switch|p1a: Gliscor|Gliscor, M|100\/100 tox\n|\n|upkeep\n|turn|705\n|\n|t:|1636520488\n|switch|p1a: Chansey|Chansey, F, shiny|76\/100\n|switch|p2a: Chansey|Chansey, F|100\/100\n|\n|upkeep\n|turn|706\n|\n|t:|1636520489\n|switch|p2a: Venusaur|Venusaur-Mega, M|91\/100\n|switch|p1a: Gliscor|Gliscor, M|100\/100 tox\n|\n|upkeep\n|turn|707\n|\n|t:|1636520490\n|switch|p1a: Chansey|Chansey, F, shiny|76\/100\n|switch|p2a: Chansey|Chansey, F|100\/100\n|\n|upkeep\n|turn|708\n|\n|t:|1636520491\n|switch|p2a: Venusaur|Venusaur-Mega, M|91\/100\n|switch|p1a: Gliscor|Gliscor, M|100\/100 tox\n|\n|upkeep\n|turn|709\n|\n|t:|1636520491\n|switch|p1a: Chansey|Chansey, F, shiny|76\/100\n|switch|p2a: Chansey|Chansey, F|100\/100\n|\n|upkeep\n|turn|710\n|n|\u2606Cowsrule247|cowsrule247\n|inactive|Cowsrule247 has 120 seconds left.\n|inactive|Cowsrule247 has 90 seconds left.\n|c|\u2606Cowsrule247|Isn\u2019t there a faster way to tie?\n|inactive|Cowsrule247 has 60 seconds left.\n|\n|t:|1636520596\n|switch|p2a: Venusaur|Venusaur-Mega, M|91\/100\n|switch|p1a: Gliscor|Gliscor, M|100\/100 tox\n|\n|upkeep\n|turn|711\n|\n|t:|1636520597\n|switch|p1a: Chansey|Chansey, F, shiny|76\/100\n|switch|p2a: Chansey|Chansey, F|100\/100\n|\n|upkeep\n|turn|712\n|\n|t:|1636520598\n|switch|p2a: Venusaur|Venusaur-Mega, M|91\/100\n|switch|p1a: Gliscor|Gliscor, M|100\/100 tox\n|\n|upkeep\n|turn|713\n|\n|t:|1636520598\n|switch|p1a: Chansey|Chansey, F, shiny|76\/100\n|switch|p2a: Chansey|Chansey, F|100\/100\n|\n|upkeep\n|turn|714\n|\n|t:|1636520599\n|switch|p2a: Venusaur|Venusaur-Mega, M|91\/100\n|switch|p1a: Gliscor|Gliscor, M|100\/100 tox\n|\n|upkeep\n|turn|715\n|\n|t:|1636520599\n|switch|p1a: Chansey|Chansey, F, shiny|76\/100\n|switch|p2a: Chansey|Chansey, F|100\/100\n|\n|upkeep\n|turn|716\n|\n|t:|1636520600\n|switch|p2a: Venusaur|Venusaur-Mega, M|91\/100\n|switch|p1a: Gliscor|Gliscor, M|100\/100 tox\n|\n|upkeep\n|turn|717\n|\n|t:|1636520605\n|switch|p1a: Chansey|Chansey, F, shiny|76\/100\n|switch|p2a: Chansey|Chansey, F|100\/100\n|\n|upkeep\n|turn|718\n|\n|t:|1636520607\n|switch|p2a: Venusaur|Venusaur-Mega, M|91\/100\n|switch|p1a: Gliscor|Gliscor, M|100\/100 tox\n|\n|upkeep\n|turn|719\n|\n|t:|1636520607\n|switch|p1a: Chansey|Chansey, F, shiny|76\/100\n|switch|p2a: Chansey|Chansey, F|100\/100\n|\n|upkeep\n|turn|720\n|\n|t:|1636520608\n|switch|p2a: Venusaur|Venusaur-Mega, M|91\/100\n|switch|p1a: Gliscor|Gliscor, M|100\/100 tox\n|\n|upkeep\n|turn|721\n|\n|t:|1636520609\n|switch|p1a: Chansey|Chansey, F, shiny|76\/100\n|switch|p2a: Chansey|Chansey, F|100\/100\n|\n|upkeep\n|turn|722\n|\n|t:|1636520609\n|switch|p2a: Venusaur|Venusaur-Mega, M|91\/100\n|switch|p1a: Gliscor|Gliscor, M|100\/100 tox\n|\n|upkeep\n|turn|723\n|\n|t:|1636520611\n|switch|p1a: Chansey|Chansey, F, shiny|76\/100\n|switch|p2a: Chansey|Chansey, F|100\/100\n|\n|upkeep\n|turn|724\n|\n|t:|1636520613\n|switch|p2a: Venusaur|Venusaur-Mega, M|91\/100\n|switch|p1a: Gliscor|Gliscor, M|100\/100 tox\n|\n|upkeep\n|turn|725\n|\n|t:|1636520613\n|switch|p1a: Chansey|Chansey, F, shiny|76\/100\n|switch|p2a: Chansey|Chansey, F|100\/100\n|\n|upkeep\n|turn|726\n|\n|t:|1636520614\n|switch|p2a: Venusaur|Venusaur-Mega, M|91\/100\n|switch|p1a: Gliscor|Gliscor, M|100\/100 tox\n|\n|upkeep\n|turn|727\n|\n|t:|1636520614\n|switch|p1a: Chansey|Chansey, F, shiny|76\/100\n|switch|p2a: Chansey|Chansey, F|100\/100\n|\n|upkeep\n|turn|728\n|\n|t:|1636520616\n|switch|p2a: Venusaur|Venusaur-Mega, M|91\/100\n|switch|p1a: Gliscor|Gliscor, M|100\/100 tox\n|\n|upkeep\n|turn|729\n|\n|t:|1636520616\n|switch|p1a: Chansey|Chansey, F, shiny|76\/100\n|switch|p2a: Chansey|Chansey, F|100\/100\n|\n|upkeep\n|turn|730\n|\n|t:|1636520617\n|switch|p2a: Venusaur|Venusaur-Mega, M|91\/100\n|switch|p1a: Gliscor|Gliscor, M|100\/100 tox\n|\n|upkeep\n|turn|731\n|\n|t:|1636520618\n|switch|p1a: Chansey|Chansey, F, shiny|76\/100\n|switch|p2a: Chansey|Chansey, F|100\/100\n|\n|upkeep\n|turn|732\n|\n|t:|1636520618\n|switch|p2a: Venusaur|Venusaur-Mega, M|91\/100\n|switch|p1a: Gliscor|Gliscor, M|100\/100 tox\n|\n|upkeep\n|turn|733\n|\n|t:|1636520619\n|switch|p1a: Chansey|Chansey, F, shiny|76\/100\n|switch|p2a: Chansey|Chansey, F|100\/100\n|\n|upkeep\n|turn|734\n|\n|t:|1636520619\n|switch|p2a: Venusaur|Venusaur-Mega, M|91\/100\n|switch|p1a: Gliscor|Gliscor, M|100\/100 tox\n|\n|upkeep\n|turn|735\n|\n|t:|1636520620\n|switch|p1a: Chansey|Chansey, F, shiny|76\/100\n|switch|p2a: Chansey|Chansey, F|100\/100\n|\n|upkeep\n|turn|736\n|\n|t:|1636520621\n|switch|p2a: Venusaur|Venusaur-Mega, M|91\/100\n|switch|p1a: Gliscor|Gliscor, M|100\/100 tox\n|\n|upkeep\n|turn|737\n|\n|t:|1636520621\n|switch|p1a: Chansey|Chansey, F, shiny|76\/100\n|switch|p2a: Chansey|Chansey, F|100\/100\n|\n|upkeep\n|turn|738\n|\n|t:|1636520622\n|switch|p2a: Venusaur|Venusaur-Mega, M|91\/100\n|switch|p1a: Gliscor|Gliscor, M|100\/100 tox\n|\n|upkeep\n|turn|739\n|\n|t:|1636520623\n|switch|p1a: Chansey|Chansey, F, shiny|76\/100\n|switch|p2a: Chansey|Chansey, F|100\/100\n|\n|upkeep\n|turn|740\n|\n|t:|1636520623\n|switch|p2a: Venusaur|Venusaur-Mega, M|91\/100\n|switch|p1a: Gliscor|Gliscor, M|100\/100 tox\n|\n|upkeep\n|turn|741\n|\n|t:|1636520624\n|switch|p1a: Chansey|Chansey, F, shiny|76\/100\n|switch|p2a: Chansey|Chansey, F|100\/100\n|\n|upkeep\n|turn|742\n|\n|t:|1636520625\n|switch|p2a: Venusaur|Venusaur-Mega, M|91\/100\n|switch|p1a: Gliscor|Gliscor, M|100\/100 tox\n|\n|upkeep\n|turn|743\n|\n|t:|1636520625\n|switch|p1a: Chansey|Chansey, F, shiny|76\/100\n|switch|p2a: Chansey|Chansey, F|100\/100\n|\n|upkeep\n|turn|744\n|\n|t:|1636520626\n|switch|p2a: Venusaur|Venusaur-Mega, M|91\/100\n|switch|p1a: Gliscor|Gliscor, M|100\/100 tox\n|\n|upkeep\n|turn|745\n|\n|t:|1636520627\n|switch|p1a: Chansey|Chansey, F, shiny|76\/100\n|switch|p2a: Chansey|Chansey, F|100\/100\n|\n|upkeep\n|turn|746\n|\n|t:|1636520627\n|switch|p2a: Venusaur|Venusaur-Mega, M|91\/100\n|switch|p1a: Gliscor|Gliscor, M|100\/100 tox\n|\n|upkeep\n|turn|747\n|\n|t:|1636520628\n|switch|p1a: Chansey|Chansey, F, shiny|76\/100\n|switch|p2a: Chansey|Chansey, F|100\/100\n|\n|upkeep\n|turn|748\n|\n|t:|1636520633\n|switch|p2a: Venusaur|Venusaur-Mega, M|91\/100\n|switch|p1a: Gliscor|Gliscor, M|100\/100 tox\n|\n|upkeep\n|turn|749\n|\n|t:|1636520634\n|switch|p1a: Chansey|Chansey, F, shiny|76\/100\n|switch|p2a: Chansey|Chansey, F|100\/100\n|\n|upkeep\n|turn|750\n|\n|t:|1636520634\n|switch|p2a: Venusaur|Venusaur-Mega, M|91\/100\n|switch|p1a: Gliscor|Gliscor, M|100\/100 tox\n|\n|upkeep\n|turn|751\n|\n|t:|1636520635\n|switch|p1a: Chansey|Chansey, F, shiny|76\/100\n|switch|p2a: Chansey|Chansey, F|100\/100\n|\n|upkeep\n|turn|752\n|\n|t:|1636520635\n|switch|p2a: Venusaur|Venusaur-Mega, M|91\/100\n|switch|p1a: Gliscor|Gliscor, M|100\/100 tox\n|\n|upkeep\n|turn|753\n|\n|t:|1636520636\n|switch|p1a: Chansey|Chansey, F, shiny|76\/100\n|switch|p2a: Chansey|Chansey, F|100\/100\n|\n|upkeep\n|turn|754\n|\n|t:|1636520637\n|switch|p2a: Venusaur|Venusaur-Mega, M|91\/100\n|switch|p1a: Gliscor|Gliscor, M|100\/100 tox\n|\n|upkeep\n|turn|755\n|\n|t:|1636520637\n|switch|p1a: Chansey|Chansey, F, shiny|76\/100\n|switch|p2a: Chansey|Chansey, F|100\/100\n|\n|upkeep\n|turn|756\n|\n|t:|1636520638\n|switch|p2a: Venusaur|Venusaur-Mega, M|91\/100\n|switch|p1a: Gliscor|Gliscor, M|100\/100 tox\n|\n|upkeep\n|turn|757\n|\n|t:|1636520638\n|switch|p1a: Chansey|Chansey, F, shiny|76\/100\n|switch|p2a: Chansey|Chansey, F|100\/100\n|\n|upkeep\n|turn|758\n|\n|t:|1636520639\n|switch|p2a: Venusaur|Venusaur-Mega, M|91\/100\n|switch|p1a: Gliscor|Gliscor, M|100\/100 tox\n|\n|upkeep\n|turn|759\n|\n|t:|1636520640\n|switch|p1a: Chansey|Chansey, F, shiny|76\/100\n|switch|p2a: Chansey|Chansey, F|100\/100\n|\n|upkeep\n|turn|760\n|\n|t:|1636520640\n|switch|p2a: Venusaur|Venusaur-Mega, M|91\/100\n|switch|p1a: Gliscor|Gliscor, M|100\/100 tox\n|\n|upkeep\n|turn|761\n|\n|t:|1636520641\n|switch|p1a: Chansey|Chansey, F, shiny|76\/100\n|switch|p2a: Chansey|Chansey, F|100\/100\n|\n|upkeep\n|turn|762\n|\n|t:|1636520641\n|switch|p2a: Venusaur|Venusaur-Mega, M|91\/100\n|switch|p1a: Gliscor|Gliscor, M|100\/100 tox\n|\n|upkeep\n|turn|763\n|\n|t:|1636520642\n|switch|p1a: Chansey|Chansey, F, shiny|76\/100\n|switch|p2a: Chansey|Chansey, F|100\/100\n|\n|upkeep\n|turn|764\n|\n|t:|1636520643\n|switch|p2a: Venusaur|Venusaur-Mega, M|91\/100\n|switch|p1a: Gliscor|Gliscor, M|100\/100 tox\n|\n|upkeep\n|turn|765\n|\n|t:|1636520643\n|switch|p1a: Chansey|Chansey, F, shiny|76\/100\n|switch|p2a: Chansey|Chansey, F|100\/100\n|\n|upkeep\n|turn|766\n|\n|t:|1636520644\n|switch|p2a: Venusaur|Venusaur-Mega, M|91\/100\n|switch|p1a: Gliscor|Gliscor, M|100\/100 tox\n|\n|upkeep\n|turn|767\n|\n|t:|1636520645\n|switch|p1a: Chansey|Chansey, F, shiny|76\/100\n|switch|p2a: Chansey|Chansey, F|100\/100\n|\n|upkeep\n|turn|768\n|\n|t:|1636520645\n|switch|p2a: Venusaur|Venusaur-Mega, M|91\/100\n|switch|p1a: Gliscor|Gliscor, M|100\/100 tox\n|\n|upkeep\n|turn|769\n|\n|t:|1636520646\n|switch|p1a: Chansey|Chansey, F, shiny|76\/100\n|switch|p2a: Chansey|Chansey, F|100\/100\n|\n|upkeep\n|turn|770\n|\n|t:|1636520646\n|switch|p2a: Venusaur|Venusaur-Mega, M|91\/100\n|switch|p1a: Gliscor|Gliscor, M|100\/100 tox\n|\n|upkeep\n|turn|771\n|\n|t:|1636520647\n|switch|p1a: Chansey|Chansey, F, shiny|76\/100\n|switch|p2a: Chansey|Chansey, F|100\/100\n|\n|upkeep\n|turn|772\n|\n|t:|1636520648\n|switch|p2a: Venusaur|Venusaur-Mega, M|91\/100\n|switch|p1a: Gliscor|Gliscor, M|100\/100 tox\n|\n|upkeep\n|turn|773\n|\n|t:|1636520648\n|switch|p1a: Chansey|Chansey, F, shiny|76\/100\n|switch|p2a: Chansey|Chansey, F|100\/100\n|\n|upkeep\n|turn|774\n|\n|t:|1636520649\n|switch|p2a: Venusaur|Venusaur-Mega, M|91\/100\n|switch|p1a: Gliscor|Gliscor, M|100\/100 tox\n|\n|upkeep\n|turn|775\n|\n|t:|1636520650\n|switch|p1a: Chansey|Chansey, F, shiny|76\/100\n|switch|p2a: Chansey|Chansey, F|100\/100\n|\n|upkeep\n|turn|776\n|\n|t:|1636520650\n|switch|p2a: Venusaur|Venusaur-Mega, M|91\/100\n|switch|p1a: Gliscor|Gliscor, M|100\/100 tox\n|\n|upkeep\n|turn|777\n|\n|t:|1636520651\n|switch|p1a: Chansey|Chansey, F, shiny|76\/100\n|switch|p2a: Chansey|Chansey, F|100\/100\n|\n|upkeep\n|turn|778\n|\n|t:|1636520651\n|switch|p2a: Venusaur|Venusaur-Mega, M|91\/100\n|switch|p1a: Gliscor|Gliscor, M|100\/100 tox\n|\n|upkeep\n|turn|779\n|\n|t:|1636520652\n|switch|p1a: Chansey|Chansey, F, shiny|76\/100\n|switch|p2a: Chansey|Chansey, F|100\/100\n|\n|upkeep\n|turn|780\n|\n|t:|1636520653\n|switch|p2a: Venusaur|Venusaur-Mega, M|91\/100\n|switch|p1a: Gliscor|Gliscor, M|100\/100 tox\n|\n|upkeep\n|turn|781\n|\n|t:|1636520654\n|switch|p1a: Chansey|Chansey, F, shiny|76\/100\n|switch|p2a: Chansey|Chansey, F|100\/100\n|\n|upkeep\n|turn|782\n|\n|t:|1636520655\n|switch|p2a: Venusaur|Venusaur-Mega, M|91\/100\n|switch|p1a: Gliscor|Gliscor, M|100\/100 tox\n|\n|upkeep\n|turn|783\n|\n|t:|1636520655\n|switch|p1a: Chansey|Chansey, F, shiny|76\/100\n|switch|p2a: Chansey|Chansey, F|100\/100\n|\n|upkeep\n|turn|784\n|\n|t:|1636520656\n|switch|p2a: Venusaur|Venusaur-Mega, M|91\/100\n|switch|p1a: Gliscor|Gliscor, M|100\/100 tox\n|\n|upkeep\n|turn|785\n|\n|t:|1636520657\n|switch|p1a: Chansey|Chansey, F, shiny|76\/100\n|switch|p2a: Chansey|Chansey, F|100\/100\n|\n|upkeep\n|turn|786\n|\n|t:|1636520658\n|switch|p2a: Venusaur|Venusaur-Mega, M|91\/100\n|switch|p1a: Gliscor|Gliscor, M|100\/100 tox\n|\n|upkeep\n|turn|787\n|\n|t:|1636520659\n|switch|p1a: Chansey|Chansey, F, shiny|76\/100\n|switch|p2a: Chansey|Chansey, F|100\/100\n|\n|upkeep\n|turn|788\n|\n|t:|1636520659\n|switch|p2a: Venusaur|Venusaur-Mega, M|91\/100\n|switch|p1a: Gliscor|Gliscor, M|100\/100 tox\n|\n|upkeep\n|turn|789\n|\n|t:|1636520660\n|switch|p1a: Chansey|Chansey, F, shiny|76\/100\n|switch|p2a: Chansey|Chansey, F|100\/100\n|\n|upkeep\n|turn|790\n|\n|t:|1636520661\n|switch|p2a: Venusaur|Venusaur-Mega, M|91\/100\n|switch|p1a: Gliscor|Gliscor, M|100\/100 tox\n|\n|upkeep\n|turn|791\n|\n|t:|1636520661\n|switch|p1a: Chansey|Chansey, F, shiny|76\/100\n|switch|p2a: Chansey|Chansey, F|100\/100\n|\n|upkeep\n|turn|792\n|\n|t:|1636520662\n|switch|p2a: Venusaur|Venusaur-Mega, M|91\/100\n|switch|p1a: Gliscor|Gliscor, M|100\/100 tox\n|\n|upkeep\n|turn|793\n|\n|t:|1636520663\n|switch|p1a: Chansey|Chansey, F, shiny|76\/100\n|switch|p2a: Chansey|Chansey, F|100\/100\n|\n|upkeep\n|turn|794\n|\n|t:|1636520665\n|switch|p2a: Venusaur|Venusaur-Mega, M|91\/100\n|switch|p1a: Gliscor|Gliscor, M|100\/100 tox\n|\n|upkeep\n|turn|795\n|\n|t:|1636520665\n|switch|p1a: Chansey|Chansey, F, shiny|76\/100\n|switch|p2a: Chansey|Chansey, F|100\/100\n|\n|upkeep\n|turn|796\n|\n|t:|1636520666\n|switch|p2a: Venusaur|Venusaur-Mega, M|91\/100\n|switch|p1a: Gliscor|Gliscor, M|100\/100 tox\n|\n|upkeep\n|turn|797\n|\n|t:|1636520666\n|switch|p1a: Chansey|Chansey, F, shiny|76\/100\n|switch|p2a: Chansey|Chansey, F|100\/100\n|\n|upkeep\n|turn|798\n|\n|t:|1636520667\n|switch|p2a: Venusaur|Venusaur-Mega, M|91\/100\n|switch|p1a: Gliscor|Gliscor, M|100\/100 tox\n|\n|upkeep\n|turn|799\n|\n|t:|1636520668\n|switch|p1a: Chansey|Chansey, F, shiny|76\/100\n|switch|p2a: Chansey|Chansey, F|100\/100\n|\n|upkeep\n|bigerror|You will auto-tie if the battle doesn't end in 200 turns (on turn 1000).\n|-hint|If you want to tie earlier, consider using `\/offertie`.\n|turn|800\n|\n|t:|1636520668\n|switch|p2a: Venusaur|Venusaur-Mega, M|91\/100\n|switch|p1a: Gliscor|Gliscor, M|100\/100 tox\n|\n|upkeep\n|turn|801\n|\n|t:|1636520669\n|switch|p1a: Chansey|Chansey, F, shiny|76\/100\n|switch|p2a: Chansey|Chansey, F|100\/100\n|\n|upkeep\n|turn|802\n|\n|t:|1636520669\n|switch|p2a: Venusaur|Venusaur-Mega, M|91\/100\n|switch|p1a: Gliscor|Gliscor, M|100\/100 tox\n|\n|upkeep\n|turn|803\n|\n|t:|1636520670\n|switch|p1a: Chansey|Chansey, F, shiny|76\/100\n|switch|p2a: Chansey|Chansey, F|100\/100\n|\n|upkeep\n|turn|804\n|\n|t:|1636520671\n|switch|p2a: Venusaur|Venusaur-Mega, M|91\/100\n|switch|p1a: Gliscor|Gliscor, M|100\/100 tox\n|\n|upkeep\n|turn|805\n|\n|t:|1636520671\n|switch|p1a: Chansey|Chansey, F, shiny|76\/100\n|switch|p2a: Chansey|Chansey, F|100\/100\n|\n|upkeep\n|turn|806\n|\n|t:|1636520672\n|switch|p2a: Venusaur|Venusaur-Mega, M|91\/100\n|switch|p1a: Gliscor|Gliscor, M|100\/100 tox\n|\n|upkeep\n|turn|807\n|\n|t:|1636520673\n|switch|p1a: Chansey|Chansey, F, shiny|76\/100\n|switch|p2a: Chansey|Chansey, F|100\/100\n|\n|upkeep\n|turn|808\n|\n|t:|1636520673\n|switch|p2a: Venusaur|Venusaur-Mega, M|91\/100\n|switch|p1a: Gliscor|Gliscor, M|100\/100 tox\n|\n|upkeep\n|turn|809\n|\n|t:|1636520674\n|switch|p1a: Chansey|Chansey, F, shiny|76\/100\n|switch|p2a: Chansey|Chansey, F|100\/100\n|\n|upkeep\n|turn|810\n|\n|t:|1636520675\n|switch|p2a: Venusaur|Venusaur-Mega, M|91\/100\n|switch|p1a: Gliscor|Gliscor, M|100\/100 tox\n|\n|upkeep\n|turn|811\n|\n|t:|1636520675\n|switch|p1a: Chansey|Chansey, F, shiny|76\/100\n|switch|p2a: Chansey|Chansey, F|100\/100\n|\n|upkeep\n|turn|812\n|\n|t:|1636520676\n|switch|p2a: Venusaur|Venusaur-Mega, M|91\/100\n|switch|p1a: Gliscor|Gliscor, M|100\/100 tox\n|\n|upkeep\n|turn|813\n|\n|t:|1636520677\n|switch|p1a: Chansey|Chansey, F, shiny|76\/100\n|switch|p2a: Chansey|Chansey, F|100\/100\n|\n|upkeep\n|turn|814\n|\n|t:|1636520677\n|switch|p2a: Venusaur|Venusaur-Mega, M|91\/100\n|switch|p1a: Gliscor|Gliscor, M|100\/100 tox\n|\n|upkeep\n|turn|815\n|\n|t:|1636520678\n|switch|p1a: Chansey|Chansey, F, shiny|76\/100\n|switch|p2a: Chansey|Chansey, F|100\/100\n|\n|upkeep\n|turn|816\n|\n|t:|1636520679\n|switch|p2a: Venusaur|Venusaur-Mega, M|91\/100\n|switch|p1a: Gliscor|Gliscor, M|100\/100 tox\n|\n|upkeep\n|turn|817\n|\n|t:|1636520680\n|switch|p1a: Chansey|Chansey, F, shiny|76\/100\n|switch|p2a: Chansey|Chansey, F|100\/100\n|\n|upkeep\n|turn|818\n|\n|t:|1636520680\n|switch|p2a: Venusaur|Venusaur-Mega, M|91\/100\n|switch|p1a: Gliscor|Gliscor, M|100\/100 tox\n|\n|upkeep\n|turn|819\n|\n|t:|1636520681\n|switch|p1a: Chansey|Chansey, F, shiny|76\/100\n|switch|p2a: Chansey|Chansey, F|100\/100\n|\n|upkeep\n|turn|820\n|\n|t:|1636520682\n|switch|p2a: Venusaur|Venusaur-Mega, M|91\/100\n|switch|p1a: Gliscor|Gliscor, M|100\/100 tox\n|\n|upkeep\n|turn|821\n|\n|t:|1636520682\n|switch|p1a: Chansey|Chansey, F, shiny|76\/100\n|switch|p2a: Chansey|Chansey, F|100\/100\n|\n|upkeep\n|turn|822\n|\n|t:|1636520683\n|switch|p2a: Venusaur|Venusaur-Mega, M|91\/100\n|switch|p1a: Gliscor|Gliscor, M|100\/100 tox\n|\n|upkeep\n|turn|823\n|\n|t:|1636520684\n|switch|p1a: Chansey|Chansey, F, shiny|76\/100\n|switch|p2a: Chansey|Chansey, F|100\/100\n|\n|upkeep\n|turn|824\n|\n|t:|1636520685\n|switch|p2a: Venusaur|Venusaur-Mega, M|91\/100\n|switch|p1a: Gliscor|Gliscor, M|100\/100 tox\n|\n|upkeep\n|turn|825\n|\n|t:|1636520685\n|switch|p1a: Chansey|Chansey, F, shiny|76\/100\n|switch|p2a: Chansey|Chansey, F|100\/100\n|\n|upkeep\n|turn|826\n|\n|t:|1636520686\n|switch|p2a: Venusaur|Venusaur-Mega, M|91\/100\n|switch|p1a: Gliscor|Gliscor, M|100\/100 tox\n|\n|upkeep\n|turn|827\n|\n|t:|1636520687\n|switch|p1a: Chansey|Chansey, F, shiny|76\/100\n|switch|p2a: Chansey|Chansey, F|100\/100\n|\n|upkeep\n|turn|828\n|\n|t:|1636520687\n|switch|p2a: Venusaur|Venusaur-Mega, M|91\/100\n|switch|p1a: Gliscor|Gliscor, M|100\/100 tox\n|\n|upkeep\n|turn|829\n|\n|t:|1636520689\n|switch|p1a: Chansey|Chansey, F, shiny|76\/100\n|switch|p2a: Chansey|Chansey, F|100\/100\n|\n|upkeep\n|turn|830\n|\n|t:|1636520689\n|switch|p2a: Venusaur|Venusaur-Mega, M|91\/100\n|switch|p1a: Gliscor|Gliscor, M|100\/100 tox\n|\n|upkeep\n|turn|831\n|\n|t:|1636520690\n|switch|p1a: Chansey|Chansey, F, shiny|76\/100\n|switch|p2a: Chansey|Chansey, F|100\/100\n|\n|upkeep\n|turn|832\n|\n|t:|1636520690\n|switch|p2a: Venusaur|Venusaur-Mega, M|91\/100\n|switch|p1a: Gliscor|Gliscor, M|100\/100 tox\n|\n|upkeep\n|turn|833\n|\n|t:|1636520691\n|switch|p1a: Chansey|Chansey, F, shiny|76\/100\n|switch|p2a: Chansey|Chansey, F|100\/100\n|\n|upkeep\n|turn|834\n|\n|t:|1636520692\n|switch|p2a: Venusaur|Venusaur-Mega, M|91\/100\n|switch|p1a: Gliscor|Gliscor, M|100\/100 tox\n|\n|upkeep\n|turn|835\n|\n|t:|1636520693\n|switch|p1a: Chansey|Chansey, F, shiny|76\/100\n|switch|p2a: Chansey|Chansey, F|100\/100\n|\n|upkeep\n|turn|836\n|\n|t:|1636520693\n|switch|p2a: Venusaur|Venusaur-Mega, M|91\/100\n|switch|p1a: Gliscor|Gliscor, M|100\/100 tox\n|\n|upkeep\n|turn|837\n|\n|t:|1636520694\n|switch|p1a: Chansey|Chansey, F, shiny|76\/100\n|switch|p2a: Chansey|Chansey, F|100\/100\n|\n|upkeep\n|turn|838\n|\n|t:|1636520695\n|switch|p2a: Venusaur|Venusaur-Mega, M|91\/100\n|switch|p1a: Gliscor|Gliscor, M|100\/100 tox\n|\n|upkeep\n|turn|839\n|\n|t:|1636520695\n|switch|p1a: Chansey|Chansey, F, shiny|76\/100\n|switch|p2a: Chansey|Chansey, F|100\/100\n|\n|upkeep\n|turn|840\n|\n|t:|1636520696\n|switch|p2a: Venusaur|Venusaur-Mega, M|91\/100\n|switch|p1a: Gliscor|Gliscor, M|100\/100 tox\n|\n|upkeep\n|turn|841\n|\n|t:|1636520697\n|switch|p1a: Chansey|Chansey, F, shiny|76\/100\n|switch|p2a: Chansey|Chansey, F|100\/100\n|\n|upkeep\n|turn|842\n|\n|t:|1636520698\n|switch|p2a: Venusaur|Venusaur-Mega, M|91\/100\n|switch|p1a: Gliscor|Gliscor, M|100\/100 tox\n|\n|upkeep\n|turn|843\n|\n|t:|1636520698\n|switch|p1a: Chansey|Chansey, F, shiny|76\/100\n|switch|p2a: Chansey|Chansey, F|100\/100\n|\n|upkeep\n|turn|844\n|\n|t:|1636520699\n|switch|p2a: Venusaur|Venusaur-Mega, M|91\/100\n|switch|p1a: Gliscor|Gliscor, M|100\/100 tox\n|\n|upkeep\n|turn|845\n|\n|t:|1636520700\n|switch|p1a: Chansey|Chansey, F, shiny|76\/100\n|switch|p2a: Chansey|Chansey, F|100\/100\n|\n|upkeep\n|turn|846\n|\n|t:|1636520700\n|switch|p2a: Venusaur|Venusaur-Mega, M|91\/100\n|switch|p1a: Gliscor|Gliscor, M|100\/100 tox\n|\n|upkeep\n|turn|847\n|\n|t:|1636520701\n|switch|p1a: Chansey|Chansey, F, shiny|76\/100\n|switch|p2a: Chansey|Chansey, F|100\/100\n|\n|upkeep\n|turn|848\n|\n|t:|1636520702\n|switch|p2a: Venusaur|Venusaur-Mega, M|91\/100\n|switch|p1a: Gliscor|Gliscor, M|100\/100 tox\n|\n|upkeep\n|turn|849\n|\n|t:|1636520703\n|switch|p1a: Chansey|Chansey, F, shiny|76\/100\n|switch|p2a: Chansey|Chansey, F|100\/100\n|\n|upkeep\n|turn|850\n|\n|t:|1636520703\n|switch|p2a: Venusaur|Venusaur-Mega, M|91\/100\n|switch|p1a: Gliscor|Gliscor, M|100\/100 tox\n|\n|upkeep\n|turn|851\n|\n|t:|1636520704\n|switch|p1a: Chansey|Chansey, F, shiny|76\/100\n|switch|p2a: Chansey|Chansey, F|100\/100\n|\n|upkeep\n|turn|852\n|\n|t:|1636520704\n|switch|p2a: Venusaur|Venusaur-Mega, M|91\/100\n|switch|p1a: Gliscor|Gliscor, M|100\/100 tox\n|\n|upkeep\n|turn|853\n|\n|t:|1636520705\n|switch|p1a: Chansey|Chansey, F, shiny|76\/100\n|switch|p2a: Chansey|Chansey, F|100\/100\n|\n|upkeep\n|turn|854\n|\n|t:|1636520706\n|switch|p2a: Venusaur|Venusaur-Mega, M|91\/100\n|switch|p1a: Gliscor|Gliscor, M|100\/100 tox\n|\n|upkeep\n|turn|855\n|\n|t:|1636520709\n|switch|p1a: Chansey|Chansey, F, shiny|76\/100\n|switch|p2a: Chansey|Chansey, F|100\/100\n|\n|upkeep\n|turn|856\n|\n|t:|1636520709\n|switch|p2a: Venusaur|Venusaur-Mega, M|91\/100\n|switch|p1a: Gliscor|Gliscor, M|100\/100 tox\n|\n|upkeep\n|turn|857\n|\n|t:|1636520710\n|switch|p1a: Chansey|Chansey, F, shiny|76\/100\n|switch|p2a: Chansey|Chansey, F|100\/100\n|\n|upkeep\n|turn|858\n|\n|t:|1636520710\n|switch|p2a: Venusaur|Venusaur-Mega, M|91\/100\n|switch|p1a: Gliscor|Gliscor, M|100\/100 tox\n|\n|upkeep\n|turn|859\n|\n|t:|1636520711\n|switch|p1a: Chansey|Chansey, F, shiny|76\/100\n|switch|p2a: Chansey|Chansey, F|100\/100\n|\n|upkeep\n|turn|860\n|\n|t:|1636520712\n|switch|p2a: Venusaur|Venusaur-Mega, M|91\/100\n|switch|p1a: Gliscor|Gliscor, M|100\/100 tox\n|\n|upkeep\n|turn|861\n|\n|t:|1636520712\n|switch|p1a: Chansey|Chansey, F, shiny|76\/100\n|switch|p2a: Chansey|Chansey, F|100\/100\n|\n|upkeep\n|turn|862\n|\n|t:|1636520713\n|switch|p2a: Venusaur|Venusaur-Mega, M|91\/100\n|switch|p1a: Gliscor|Gliscor, M|100\/100 tox\n|\n|upkeep\n|turn|863\n|\n|t:|1636520713\n|switch|p1a: Chansey|Chansey, F, shiny|76\/100\n|switch|p2a: Chansey|Chansey, F|100\/100\n|\n|upkeep\n|turn|864\n|\n|t:|1636520714\n|switch|p2a: Venusaur|Venusaur-Mega, M|91\/100\n|switch|p1a: Gliscor|Gliscor, M|100\/100 tox\n|\n|upkeep\n|turn|865\n|\n|t:|1636520715\n|switch|p1a: Chansey|Chansey, F, shiny|76\/100\n|switch|p2a: Chansey|Chansey, F|100\/100\n|\n|upkeep\n|turn|866\n|\n|t:|1636520715\n|switch|p2a: Venusaur|Venusaur-Mega, M|91\/100\n|switch|p1a: Gliscor|Gliscor, M|100\/100 tox\n|\n|upkeep\n|turn|867\n|\n|t:|1636520716\n|switch|p1a: Chansey|Chansey, F, shiny|76\/100\n|switch|p2a: Chansey|Chansey, F|100\/100\n|\n|upkeep\n|turn|868\n|\n|t:|1636520717\n|switch|p2a: Venusaur|Venusaur-Mega, M|91\/100\n|switch|p1a: Gliscor|Gliscor, M|100\/100 tox\n|\n|upkeep\n|turn|869\n|\n|t:|1636520717\n|switch|p1a: Chansey|Chansey, F, shiny|76\/100\n|switch|p2a: Chansey|Chansey, F|100\/100\n|\n|upkeep\n|turn|870\n|\n|t:|1636520718\n|switch|p2a: Venusaur|Venusaur-Mega, M|91\/100\n|switch|p1a: Gliscor|Gliscor, M|100\/100 tox\n|\n|upkeep\n|turn|871\n|\n|t:|1636520718\n|switch|p1a: Chansey|Chansey, F, shiny|76\/100\n|switch|p2a: Chansey|Chansey, F|100\/100\n|\n|upkeep\n|turn|872\n|\n|t:|1636520719\n|switch|p2a: Venusaur|Venusaur-Mega, M|91\/100\n|switch|p1a: Gliscor|Gliscor, M|100\/100 tox\n|\n|upkeep\n|turn|873\n|\n|t:|1636520720\n|switch|p1a: Chansey|Chansey, F, shiny|76\/100\n|switch|p2a: Chansey|Chansey, F|100\/100\n|\n|upkeep\n|turn|874\n|\n|t:|1636520721\n|switch|p2a: Venusaur|Venusaur-Mega, M|91\/100\n|switch|p1a: Gliscor|Gliscor, M|100\/100 tox\n|\n|upkeep\n|turn|875\n|\n|t:|1636520721\n|switch|p1a: Chansey|Chansey, F, shiny|76\/100\n|switch|p2a: Chansey|Chansey, F|100\/100\n|\n|upkeep\n|turn|876\n|\n|t:|1636520722\n|switch|p2a: Venusaur|Venusaur-Mega, M|91\/100\n|switch|p1a: Gliscor|Gliscor, M|100\/100 tox\n|\n|upkeep\n|turn|877\n|\n|t:|1636520723\n|switch|p1a: Chansey|Chansey, F, shiny|76\/100\n|switch|p2a: Chansey|Chansey, F|100\/100\n|\n|upkeep\n|turn|878\n|\n|t:|1636520724\n|switch|p2a: Venusaur|Venusaur-Mega, M|91\/100\n|switch|p1a: Gliscor|Gliscor, M|100\/100 tox\n|\n|upkeep\n|turn|879\n|\n|t:|1636520724\n|switch|p1a: Chansey|Chansey, F, shiny|76\/100\n|switch|p2a: Chansey|Chansey, F|100\/100\n|\n|upkeep\n|turn|880\n|\n|t:|1636520725\n|switch|p2a: Venusaur|Venusaur-Mega, M|91\/100\n|switch|p1a: Gliscor|Gliscor, M|100\/100 tox\n|\n|upkeep\n|turn|881\n|\n|t:|1636520726\n|switch|p1a: Chansey|Chansey, F, shiny|76\/100\n|switch|p2a: Chansey|Chansey, F|100\/100\n|\n|upkeep\n|turn|882\n|\n|t:|1636520726\n|switch|p2a: Venusaur|Venusaur-Mega, M|91\/100\n|switch|p1a: Gliscor|Gliscor, M|100\/100 tox\n|\n|upkeep\n|turn|883\n|\n|t:|1636520727\n|switch|p1a: Chansey|Chansey, F, shiny|76\/100\n|switch|p2a: Chansey|Chansey, F|100\/100\n|\n|upkeep\n|turn|884\n|\n|t:|1636520727\n|switch|p2a: Venusaur|Venusaur-Mega, M|91\/100\n|switch|p1a: Gliscor|Gliscor, M|100\/100 tox\n|\n|upkeep\n|turn|885\n|\n|t:|1636520728\n|switch|p1a: Chansey|Chansey, F, shiny|76\/100\n|switch|p2a: Chansey|Chansey, F|100\/100\n|\n|upkeep\n|turn|886\n|\n|t:|1636520729\n|switch|p2a: Venusaur|Venusaur-Mega, M|91\/100\n|switch|p1a: Gliscor|Gliscor, M|100\/100 tox\n|\n|upkeep\n|turn|887\n|\n|t:|1636520729\n|switch|p1a: Chansey|Chansey, F, shiny|76\/100\n|switch|p2a: Chansey|Chansey, F|100\/100\n|\n|upkeep\n|turn|888\n|\n|t:|1636520730\n|switch|p2a: Venusaur|Venusaur-Mega, M|91\/100\n|switch|p1a: Gliscor|Gliscor, M|100\/100 tox\n|\n|upkeep\n|turn|889\n|\n|t:|1636520730\n|switch|p1a: Chansey|Chansey, F, shiny|76\/100\n|switch|p2a: Chansey|Chansey, F|100\/100\n|\n|upkeep\n|turn|890\n|\n|t:|1636520731\n|switch|p2a: Venusaur|Venusaur-Mega, M|91\/100\n|switch|p1a: Gliscor|Gliscor, M|100\/100 tox\n|\n|upkeep\n|turn|891\n|\n|t:|1636520732\n|switch|p1a: Chansey|Chansey, F, shiny|76\/100\n|switch|p2a: Chansey|Chansey, F|100\/100\n|\n|upkeep\n|turn|892\n|\n|t:|1636520733\n|switch|p2a: Venusaur|Venusaur-Mega, M|91\/100\n|switch|p1a: Gliscor|Gliscor, M|100\/100 tox\n|\n|upkeep\n|turn|893\n|\n|t:|1636520733\n|switch|p1a: Chansey|Chansey, F, shiny|76\/100\n|switch|p2a: Chansey|Chansey, F|100\/100\n|\n|upkeep\n|turn|894\n|\n|t:|1636520734\n|switch|p2a: Venusaur|Venusaur-Mega, M|91\/100\n|switch|p1a: Gliscor|Gliscor, M|100\/100 tox\n|\n|upkeep\n|turn|895\n|\n|t:|1636520734\n|switch|p1a: Chansey|Chansey, F, shiny|76\/100\n|switch|p2a: Chansey|Chansey, F|100\/100\n|\n|upkeep\n|turn|896\n|\n|t:|1636520735\n|switch|p2a: Venusaur|Venusaur-Mega, M|91\/100\n|switch|p1a: Gliscor|Gliscor, M|100\/100 tox\n|\n|upkeep\n|turn|897\n|\n|t:|1636520736\n|switch|p1a: Chansey|Chansey, F, shiny|76\/100\n|switch|p2a: Chansey|Chansey, F|100\/100\n|\n|upkeep\n|turn|898\n|\n|t:|1636520736\n|switch|p2a: Venusaur|Venusaur-Mega, M|91\/100\n|switch|p1a: Gliscor|Gliscor, M|100\/100 tox\n|\n|upkeep\n|turn|899\n|\n|t:|1636520737\n|switch|p1a: Chansey|Chansey, F, shiny|76\/100\n|switch|p2a: Chansey|Chansey, F|100\/100\n|\n|upkeep\n|bigerror|You will auto-tie if the battle doesn't end in 100 turns (on turn 1000).\n|-hint|If you want to tie earlier, consider using `\/offertie`.\n|turn|900\n|\n|t:|1636520737\n|switch|p2a: Venusaur|Venusaur-Mega, M|91\/100\n|switch|p1a: Gliscor|Gliscor, M|100\/100 tox\n|\n|upkeep\n|turn|901\n|\n|t:|1636520738\n|switch|p1a: Chansey|Chansey, F, shiny|76\/100\n|switch|p2a: Chansey|Chansey, F|100\/100\n|\n|upkeep\n|turn|902\n|\n|t:|1636520739\n|switch|p2a: Venusaur|Venusaur-Mega, M|91\/100\n|switch|p1a: Gliscor|Gliscor, M|100\/100 tox\n|\n|upkeep\n|turn|903\n|\n|t:|1636520739\n|switch|p1a: Chansey|Chansey, F, shiny|76\/100\n|switch|p2a: Chansey|Chansey, F|100\/100\n|\n|upkeep\n|turn|904\n|\n|t:|1636520740\n|switch|p2a: Venusaur|Venusaur-Mega, M|91\/100\n|switch|p1a: Gliscor|Gliscor, M|100\/100 tox\n|\n|upkeep\n|turn|905\n|\n|t:|1636520740\n|switch|p1a: Chansey|Chansey, F, shiny|76\/100\n|switch|p2a: Chansey|Chansey, F|100\/100\n|\n|upkeep\n|turn|906\n|\n|t:|1636520741\n|switch|p2a: Venusaur|Venusaur-Mega, M|91\/100\n|switch|p1a: Gliscor|Gliscor, M|100\/100 tox\n|\n|upkeep\n|turn|907\n|\n|t:|1636520742\n|switch|p1a: Chansey|Chansey, F, shiny|76\/100\n|switch|p2a: Chansey|Chansey, F|100\/100\n|\n|upkeep\n|turn|908\n|\n|t:|1636520743\n|switch|p2a: Venusaur|Venusaur-Mega, M|91\/100\n|switch|p1a: Gliscor|Gliscor, M|100\/100 tox\n|\n|upkeep\n|turn|909\n|\n|t:|1636520743\n|switch|p1a: Chansey|Chansey, F, shiny|76\/100\n|switch|p2a: Chansey|Chansey, F|100\/100\n|\n|upkeep\n|bigerror|You will auto-tie if the battle doesn't end in 90 turns (on turn 1000).\n|-hint|If you want to tie earlier, consider using `\/offertie`.\n|turn|910\n|\n|t:|1636520744\n|switch|p2a: Venusaur|Venusaur-Mega, M|91\/100\n|switch|p1a: Gliscor|Gliscor, M|100\/100 tox\n|\n|upkeep\n|turn|911\n|\n|t:|1636520745\n|switch|p1a: Chansey|Chansey, F, shiny|76\/100\n|switch|p2a: Chansey|Chansey, F|100\/100\n|\n|upkeep\n|turn|912\n|\n|t:|1636520746\n|switch|p2a: Venusaur|Venusaur-Mega, M|91\/100\n|switch|p1a: Gliscor|Gliscor, M|100\/100 tox\n|\n|upkeep\n|turn|913\n|\n|t:|1636520747\n|switch|p1a: Chansey|Chansey, F, shiny|76\/100\n|switch|p2a: Chansey|Chansey, F|100\/100\n|\n|upkeep\n|turn|914\n|\n|t:|1636520747\n|switch|p2a: Venusaur|Venusaur-Mega, M|91\/100\n|switch|p1a: Gliscor|Gliscor, M|100\/100 tox\n|\n|upkeep\n|turn|915\n|\n|t:|1636520748\n|switch|p1a: Chansey|Chansey, F, shiny|76\/100\n|switch|p2a: Chansey|Chansey, F|100\/100\n|\n|upkeep\n|turn|916\n|\n|t:|1636520749\n|switch|p2a: Venusaur|Venusaur-Mega, M|91\/100\n|switch|p1a: Gliscor|Gliscor, M|100\/100 tox\n|\n|upkeep\n|turn|917\n|\n|t:|1636520750\n|switch|p1a: Chansey|Chansey, F, shiny|76\/100\n|switch|p2a: Chansey|Chansey, F|100\/100\n|\n|upkeep\n|turn|918\n|\n|t:|1636520750\n|switch|p2a: Venusaur|Venusaur-Mega, M|91\/100\n|switch|p1a: Gliscor|Gliscor, M|100\/100 tox\n|\n|upkeep\n|turn|919\n|\n|t:|1636520751\n|switch|p1a: Chansey|Chansey, F, shiny|76\/100\n|switch|p2a: Chansey|Chansey, F|100\/100\n|\n|upkeep\n|bigerror|You will auto-tie if the battle doesn't end in 80 turns (on turn 1000).\n|-hint|If you want to tie earlier, consider using `\/offertie`.\n|turn|920\n|\n|t:|1636520752\n|switch|p2a: Venusaur|Venusaur-Mega, M|91\/100\n|switch|p1a: Gliscor|Gliscor, M|100\/100 tox\n|\n|upkeep\n|turn|921\n|\n|t:|1636520752\n|switch|p1a: Chansey|Chansey, F, shiny|76\/100\n|switch|p2a: Chansey|Chansey, F|100\/100\n|\n|upkeep\n|turn|922\n|\n|t:|1636520753\n|switch|p2a: Venusaur|Venusaur-Mega, M|91\/100\n|switch|p1a: Gliscor|Gliscor, M|100\/100 tox\n|\n|upkeep\n|turn|923\n|\n|t:|1636520754\n|switch|p1a: Chansey|Chansey, F, shiny|76\/100\n|switch|p2a: Chansey|Chansey, F|100\/100\n|\n|upkeep\n|turn|924\n|\n|t:|1636520754\n|switch|p2a: Venusaur|Venusaur-Mega, M|91\/100\n|switch|p1a: Gliscor|Gliscor, M|100\/100 tox\n|\n|upkeep\n|turn|925\n|\n|t:|1636520755\n|switch|p1a: Chansey|Chansey, F, shiny|76\/100\n|switch|p2a: Chansey|Chansey, F|100\/100\n|\n|upkeep\n|turn|926\n|\n|t:|1636520756\n|switch|p2a: Venusaur|Venusaur-Mega, M|91\/100\n|switch|p1a: Gliscor|Gliscor, M|100\/100 tox\n|\n|upkeep\n|turn|927\n|\n|t:|1636520756\n|switch|p1a: Chansey|Chansey, F, shiny|76\/100\n|switch|p2a: Chansey|Chansey, F|100\/100\n|\n|upkeep\n|turn|928\n|\n|t:|1636520757\n|switch|p2a: Venusaur|Venusaur-Mega, M|91\/100\n|switch|p1a: Gliscor|Gliscor, M|100\/100 tox\n|\n|upkeep\n|turn|929\n|\n|t:|1636520757\n|switch|p1a: Chansey|Chansey, F, shiny|76\/100\n|switch|p2a: Chansey|Chansey, F|100\/100\n|\n|upkeep\n|bigerror|You will auto-tie if the battle doesn't end in 70 turns (on turn 1000).\n|-hint|If you want to tie earlier, consider using `\/offertie`.\n|turn|930\n|\n|t:|1636520758\n|switch|p2a: Venusaur|Venusaur-Mega, M|91\/100\n|switch|p1a: Gliscor|Gliscor, M|100\/100 tox\n|\n|upkeep\n|turn|931\n|\n|t:|1636520759\n|switch|p1a: Chansey|Chansey, F, shiny|76\/100\n|switch|p2a: Chansey|Chansey, F|100\/100\n|\n|upkeep\n|turn|932\n|\n|t:|1636520759\n|switch|p2a: Venusaur|Venusaur-Mega, M|91\/100\n|switch|p1a: Gliscor|Gliscor, M|100\/100 tox\n|\n|upkeep\n|turn|933\n|\n|t:|1636520760\n|switch|p1a: Chansey|Chansey, F, shiny|76\/100\n|switch|p2a: Chansey|Chansey, F|100\/100\n|\n|upkeep\n|turn|934\n|\n|t:|1636520761\n|switch|p2a: Venusaur|Venusaur-Mega, M|91\/100\n|switch|p1a: Gliscor|Gliscor, M|100\/100 tox\n|\n|upkeep\n|turn|935\n|\n|t:|1636520762\n|switch|p1a: Chansey|Chansey, F, shiny|76\/100\n|switch|p2a: Chansey|Chansey, F|100\/100\n|\n|upkeep\n|turn|936\n|\n|t:|1636520763\n|switch|p2a: Venusaur|Venusaur-Mega, M|91\/100\n|switch|p1a: Gliscor|Gliscor, M|100\/100 tox\n|\n|upkeep\n|turn|937\n|\n|t:|1636520763\n|switch|p1a: Chansey|Chansey, F, shiny|76\/100\n|switch|p2a: Chansey|Chansey, F|100\/100\n|\n|upkeep\n|turn|938\n|\n|t:|1636520764\n|switch|p2a: Venusaur|Venusaur-Mega, M|91\/100\n|switch|p1a: Gliscor|Gliscor, M|100\/100 tox\n|\n|upkeep\n|turn|939\n|\n|t:|1636520764\n|switch|p1a: Chansey|Chansey, F, shiny|76\/100\n|switch|p2a: Chansey|Chansey, F|100\/100\n|\n|upkeep\n|bigerror|You will auto-tie if the battle doesn't end in 60 turns (on turn 1000).\n|-hint|If you want to tie earlier, consider using `\/offertie`.\n|turn|940\n|\n|t:|1636520765\n|switch|p2a: Venusaur|Venusaur-Mega, M|91\/100\n|switch|p1a: Gliscor|Gliscor, M|100\/100 tox\n|\n|upkeep\n|turn|941\n|\n|t:|1636520766\n|switch|p1a: Chansey|Chansey, F, shiny|76\/100\n|switch|p2a: Chansey|Chansey, F|100\/100\n|\n|upkeep\n|turn|942\n|\n|t:|1636520766\n|switch|p2a: Venusaur|Venusaur-Mega, M|91\/100\n|switch|p1a: Gliscor|Gliscor, M|100\/100 tox\n|\n|upkeep\n|turn|943\n|\n|t:|1636520767\n|switch|p1a: Chansey|Chansey, F, shiny|76\/100\n|switch|p2a: Chansey|Chansey, F|100\/100\n|\n|upkeep\n|turn|944\n|\n|t:|1636520768\n|switch|p2a: Venusaur|Venusaur-Mega, M|91\/100\n|switch|p1a: Gliscor|Gliscor, M|100\/100 tox\n|\n|upkeep\n|turn|945\n|\n|t:|1636520768\n|switch|p1a: Chansey|Chansey, F, shiny|76\/100\n|switch|p2a: Chansey|Chansey, F|100\/100\n|\n|upkeep\n|turn|946\n|\n|t:|1636520769\n|switch|p2a: Venusaur|Venusaur-Mega, M|91\/100\n|switch|p1a: Gliscor|Gliscor, M|100\/100 tox\n|\n|upkeep\n|turn|947\n|\n|t:|1636520769\n|switch|p1a: Chansey|Chansey, F, shiny|76\/100\n|switch|p2a: Chansey|Chansey, F|100\/100\n|\n|upkeep\n|turn|948\n|\n|t:|1636520770\n|switch|p2a: Venusaur|Venusaur-Mega, M|91\/100\n|switch|p1a: Gliscor|Gliscor, M|100\/100 tox\n|\n|upkeep\n|turn|949\n|\n|t:|1636520771\n|switch|p1a: Chansey|Chansey, F, shiny|76\/100\n|switch|p2a: Chansey|Chansey, F|100\/100\n|\n|upkeep\n|bigerror|You will auto-tie if the battle doesn't end in 50 turns (on turn 1000).\n|-hint|If you want to tie earlier, consider using `\/offertie`.\n|turn|950\n|\n|t:|1636520772\n|switch|p2a: Venusaur|Venusaur-Mega, M|91\/100\n|switch|p1a: Gliscor|Gliscor, M|100\/100 tox\n|\n|upkeep\n|turn|951\n|\n|t:|1636520773\n|switch|p1a: Chansey|Chansey, F, shiny|76\/100\n|switch|p2a: Chansey|Chansey, F|100\/100\n|\n|upkeep\n|turn|952\n|\n|t:|1636520774\n|switch|p2a: Venusaur|Venusaur-Mega, M|91\/100\n|switch|p1a: Gliscor|Gliscor, M|100\/100 tox\n|\n|upkeep\n|turn|953\n|\n|t:|1636520775\n|switch|p1a: Chansey|Chansey, F, shiny|76\/100\n|switch|p2a: Chansey|Chansey, F|100\/100\n|\n|upkeep\n|turn|954\n|\n|t:|1636520776\n|switch|p2a: Venusaur|Venusaur-Mega, M|91\/100\n|switch|p1a: Gliscor|Gliscor, M|100\/100 tox\n|\n|upkeep\n|turn|955\n|\n|t:|1636520777\n|switch|p1a: Chansey|Chansey, F, shiny|76\/100\n|switch|p2a: Chansey|Chansey, F|100\/100\n|\n|upkeep\n|turn|956\n|\n|t:|1636520778\n|switch|p2a: Venusaur|Venusaur-Mega, M|91\/100\n|switch|p1a: Gliscor|Gliscor, M|100\/100 tox\n|\n|upkeep\n|turn|957\n|\n|t:|1636520778\n|switch|p1a: Chansey|Chansey, F, shiny|76\/100\n|switch|p2a: Chansey|Chansey, F|100\/100\n|\n|upkeep\n|turn|958\n|\n|t:|1636520780\n|switch|p2a: Venusaur|Venusaur-Mega, M|91\/100\n|switch|p1a: Gliscor|Gliscor, M|100\/100 tox\n|\n|upkeep\n|turn|959\n|\n|t:|1636520781\n|switch|p1a: Chansey|Chansey, F, shiny|76\/100\n|switch|p2a: Chansey|Chansey, F|100\/100\n|\n|upkeep\n|bigerror|You will auto-tie if the battle doesn't end in 40 turns (on turn 1000).\n|-hint|If you want to tie earlier, consider using `\/offertie`.\n|turn|960\n|\n|t:|1636520781\n|switch|p2a: Venusaur|Venusaur-Mega, M|91\/100\n|switch|p1a: Gliscor|Gliscor, M|100\/100 tox\n|\n|upkeep\n|turn|961\n|\n|t:|1636520782\n|switch|p1a: Chansey|Chansey, F, shiny|76\/100\n|switch|p2a: Chansey|Chansey, F|100\/100\n|\n|upkeep\n|turn|962\n|\n|t:|1636520783\n|switch|p2a: Venusaur|Venusaur-Mega, M|91\/100\n|switch|p1a: Gliscor|Gliscor, M|100\/100 tox\n|\n|upkeep\n|turn|963\n|\n|t:|1636520784\n|switch|p1a: Chansey|Chansey, F, shiny|76\/100\n|switch|p2a: Chansey|Chansey, F|100\/100\n|\n|upkeep\n|turn|964\n|\n|t:|1636520785\n|switch|p2a: Venusaur|Venusaur-Mega, M|91\/100\n|switch|p1a: Gliscor|Gliscor, M|100\/100 tox\n|\n|upkeep\n|turn|965\n|\n|t:|1636520786\n|switch|p1a: Chansey|Chansey, F, shiny|76\/100\n|switch|p2a: Chansey|Chansey, F|100\/100\n|\n|upkeep\n|turn|966\n|\n|t:|1636520788\n|switch|p2a: Venusaur|Venusaur-Mega, M|91\/100\n|switch|p1a: Gliscor|Gliscor, M|100\/100 tox\n|\n|upkeep\n|turn|967\n|\n|t:|1636520790\n|switch|p1a: Chansey|Chansey, F, shiny|76\/100\n|switch|p2a: Chansey|Chansey, F|100\/100\n|\n|upkeep\n|turn|968\n|\n|t:|1636520791\n|switch|p2a: Venusaur|Venusaur-Mega, M|91\/100\n|switch|p1a: Gliscor|Gliscor, M|100\/100 tox\n|\n|upkeep\n|turn|969\n|\n|t:|1636520791\n|switch|p1a: Chansey|Chansey, F, shiny|76\/100\n|switch|p2a: Chansey|Chansey, F|100\/100\n|\n|upkeep\n|bigerror|You will auto-tie if the battle doesn't end in 30 turns (on turn 1000).\n|-hint|If you want to tie earlier, consider using `\/offertie`.\n|turn|970\n|\n|t:|1636520793\n|switch|p2a: Venusaur|Venusaur-Mega, M|91\/100\n|switch|p1a: Gliscor|Gliscor, M|100\/100 tox\n|\n|upkeep\n|turn|971\n|\n|t:|1636520793\n|switch|p1a: Chansey|Chansey, F, shiny|76\/100\n|switch|p2a: Chansey|Chansey, F|100\/100\n|\n|upkeep\n|turn|972\n|\n|t:|1636520794\n|switch|p2a: Venusaur|Venusaur-Mega, M|91\/100\n|switch|p1a: Gliscor|Gliscor, M|100\/100 tox\n|\n|upkeep\n|turn|973\n|\n|t:|1636520795\n|switch|p1a: Chansey|Chansey, F, shiny|76\/100\n|switch|p2a: Chansey|Chansey, F|100\/100\n|\n|upkeep\n|turn|974\n|\n|t:|1636520795\n|switch|p2a: Venusaur|Venusaur-Mega, M|91\/100\n|switch|p1a: Gliscor|Gliscor, M|100\/100 tox\n|\n|upkeep\n|turn|975\n|\n|t:|1636520796\n|switch|p1a: Chansey|Chansey, F, shiny|76\/100\n|switch|p2a: Chansey|Chansey, F|100\/100\n|\n|upkeep\n|turn|976\n|\n|t:|1636520796\n|switch|p2a: Venusaur|Venusaur-Mega, M|91\/100\n|switch|p1a: Gliscor|Gliscor, M|100\/100 tox\n|\n|upkeep\n|turn|977\n|\n|t:|1636520797\n|switch|p1a: Chansey|Chansey, F, shiny|76\/100\n|switch|p2a: Chansey|Chansey, F|100\/100\n|\n|upkeep\n|turn|978\n|\n|t:|1636520798\n|switch|p2a: Venusaur|Venusaur-Mega, M|91\/100\n|switch|p1a: Gliscor|Gliscor, M|100\/100 tox\n|\n|upkeep\n|turn|979\n|\n|t:|1636520798\n|switch|p1a: Chansey|Chansey, F, shiny|76\/100\n|switch|p2a: Chansey|Chansey, F|100\/100\n|\n|upkeep\n|bigerror|You will auto-tie if the battle doesn't end in 20 turns (on turn 1000).\n|-hint|If you want to tie earlier, consider using `\/offertie`.\n|turn|980\n|\n|t:|1636520799\n|switch|p2a: Venusaur|Venusaur-Mega, M|91\/100\n|switch|p1a: Gliscor|Gliscor, M|100\/100 tox\n|\n|upkeep\n|turn|981\n|\n|t:|1636520799\n|switch|p1a: Chansey|Chansey, F, shiny|76\/100\n|switch|p2a: Chansey|Chansey, F|100\/100\n|\n|upkeep\n|turn|982\n|\n|t:|1636520800\n|switch|p2a: Venusaur|Venusaur-Mega, M|91\/100\n|switch|p1a: Gliscor|Gliscor, M|100\/100 tox\n|\n|upkeep\n|turn|983\n|\n|t:|1636520801\n|switch|p1a: Chansey|Chansey, F, shiny|76\/100\n|switch|p2a: Chansey|Chansey, F|100\/100\n|\n|upkeep\n|turn|984\n|\n|t:|1636520802\n|switch|p2a: Venusaur|Venusaur-Mega, M|91\/100\n|switch|p1a: Gliscor|Gliscor, M|100\/100 tox\n|\n|upkeep\n|turn|985\n|\n|t:|1636520803\n|switch|p1a: Chansey|Chansey, F, shiny|76\/100\n|switch|p2a: Chansey|Chansey, F|100\/100\n|\n|upkeep\n|turn|986\n|\n|t:|1636520804\n|switch|p2a: Venusaur|Venusaur-Mega, M|91\/100\n|switch|p1a: Gliscor|Gliscor, M|100\/100 tox\n|\n|upkeep\n|turn|987\n|\n|t:|1636520804\n|switch|p1a: Chansey|Chansey, F, shiny|76\/100\n|switch|p2a: Chansey|Chansey, F|100\/100\n|\n|upkeep\n|turn|988\n|\n|t:|1636520805\n|switch|p2a: Venusaur|Venusaur-Mega, M|91\/100\n|switch|p1a: Gliscor|Gliscor, M|100\/100 tox\n|\n|upkeep\n|turn|989\n|\n|t:|1636520806\n|switch|p1a: Chansey|Chansey, F, shiny|76\/100\n|switch|p2a: Chansey|Chansey, F|100\/100\n|\n|upkeep\n|bigerror|You will auto-tie if the battle doesn't end in 10 turns (on turn 1000).\n|-hint|If you want to tie earlier, consider using `\/offertie`.\n|turn|990\n|\n|t:|1636520807\n|switch|p2a: Venusaur|Venusaur-Mega, M|91\/100\n|switch|p1a: Gliscor|Gliscor, M|100\/100 tox\n|\n|upkeep\n|bigerror|You will auto-tie if the battle doesn't end in 9 turns (on turn 1000).\n|-hint|If you want to tie earlier, consider using `\/offertie`.\n|turn|991\n|\n|t:|1636520808\n|switch|p1a: Chansey|Chansey, F, shiny|76\/100\n|switch|p2a: Chansey|Chansey, F|100\/100\n|\n|upkeep\n|bigerror|You will auto-tie if the battle doesn't end in 8 turns (on turn 1000).\n|-hint|If you want to tie earlier, consider using `\/offertie`.\n|turn|992\n|\n|t:|1636520809\n|switch|p2a: Venusaur|Venusaur-Mega, M|91\/100\n|switch|p1a: Gliscor|Gliscor, M|100\/100 tox\n|\n|upkeep\n|bigerror|You will auto-tie if the battle doesn't end in 7 turns (on turn 1000).\n|-hint|If you want to tie earlier, consider using `\/offertie`.\n|turn|993\n|l|\u2606Cowsrule247\n|inactive|Cowsrule247 disconnected and has a minute to reconnect!\n|player|p1|\n|j|\u2606Cowsrule247\n|inactive|Cowsrule247 reconnected and has 145 seconds left.\n|player|p1|Cowsrule247|192\n|\n|t:|1636520821\n|switch|p1a: Chansey|Chansey, F, shiny|76\/100\n|switch|p2a: Chansey|Chansey, F|100\/100\n|\n|upkeep\n|bigerror|You will auto-tie if the battle doesn't end in 6 turns (on turn 1000).\n|-hint|If you want to tie earlier, consider using `\/offertie`.\n|turn|994\n|\n|t:|1636520821\n|switch|p2a: Venusaur|Venusaur-Mega, M|91\/100\n|switch|p1a: Gliscor|Gliscor, M|100\/100 tox\n|\n|upkeep\n|bigerror|You will auto-tie if the battle doesn't end in 5 turns (on turn 1000).\n|-hint|If you want to tie earlier, consider using `\/offertie`.\n|turn|995\n|\n|t:|1636520822\n|switch|p1a: Chansey|Chansey, F, shiny|76\/100\n|switch|p2a: Chansey|Chansey, F|100\/100\n|\n|upkeep\n|bigerror|You will auto-tie if the battle doesn't end in 4 turns (on turn 1000).\n|-hint|If you want to tie earlier, consider using `\/offertie`.\n|turn|996\n|\n|t:|1636520824\n|switch|p2a: Venusaur|Venusaur-Mega, M|91\/100\n|switch|p1a: Gliscor|Gliscor, M|100\/100 tox\n|\n|upkeep\n|bigerror|You will auto-tie if the battle doesn't end in 3 turns (on turn 1000).\n|-hint|If you want to tie earlier, consider using `\/offertie`.\n|turn|997\n|\n|t:|1636520825\n|switch|p1a: Chansey|Chansey, F, shiny|76\/100\n|switch|p2a: Chansey|Chansey, F|100\/100\n|\n|upkeep\n|bigerror|You will auto-tie if the battle doesn't end in 2 turns (on turn 1000).\n|-hint|If you want to tie earlier, consider using `\/offertie`.\n|turn|998\n|\n|t:|1636520825\n|switch|p2a: Venusaur|Venusaur-Mega, M|91\/100\n|switch|p1a: Gliscor|Gliscor, M|100\/100 tox\n|\n|upkeep\n|bigerror|You will auto-tie if the battle doesn't end in 1 turn (on turn 1000).\n|-hint|If you want to tie earlier, consider using `\/offertie`.\n|turn|999\n|\n|t:|1636520826\n|switch|p1a: Chansey|Chansey, F, shiny|76\/100\n|switch|p2a: Chansey|Chansey, F|100\/100\n|\n|upkeep\n|message|It is turn 1000. You have hit the turn limit!\n|\n|tie\n|raw|Cowsrule247's rating: 1322 &rarr; <strong>1325<\/strong><br \/>(+3 for tying)\n|raw|FildrongEstNul's rating: 1381 &rarr; <strong>1378<\/strong><br \/>(-3 for tying)\n|player|p1|Cowsrule247|192\n|c|\u2606Cowsrule247|Well.. that\u2019s the dbest thing i\u2019ve ever done\n|c|\u2606Cowsrule247|just realized there is a tie command jt was trying to tell us \ud83e\udd26\ud83c\udffb\u200d\u2642\ufe0f\n|c|\u2606Cowsrule247|Dumbest* not best lol\n|c|\u2606Cowsrule247|Okay well bye\n","uploadtime":1636521043,"views":31,"p1id":"cowsrule247","p2id":"fildrongestnul","formatid":"gen7ou","rating":1325,"private":0,"password":null}