{"id":"gen7ou-1553244716","p1":"Finlandplayer","p2":"Cowsrule247","format":"gen7ou","log":"|j|\u2606Finlandplayer\n|j|\u203dCowsrule247\n|t:|1649944031\n|gametype|singles\n|player|p1|Finlandplayer|koga|1529\n|player|p2|Cowsrule247|skyla|1551\n|teamsize|p1|6\n|teamsize|p2|6\n|gen|7\n|tier|[Gen 7] OU\n|rated|\n|rule|Sleep Clause Mod: Limit one foe put to sleep\n|rule|Species Clause: Limit one of each Pok\u00e9mon\n|rule|OHKO Clause: OHKO moves are banned\n|rule|Moody Clause: Moody is banned\n|rule|Evasion Moves Clause: Evasion moves are banned\n|rule|Endless Battle Clause: Forcing endless battles is banned\n|rule|HP Percentage Mod: HP is shown in percentages\n|clearpoke\n|poke|p1|Excadrill, M|item\n|poke|p1|Gyarados, F|item\n|poke|p1|Ferrothorn, F|item\n|poke|p1|Serperior, F|item\n|poke|p1|Rotom-Wash|item\n|poke|p1|Kommo-o, F|item\n|poke|p2|Stakataka|item\n|poke|p2|Cresselia, F|item\n|poke|p2|Magearna|item\n|poke|p2|Crawdaunt, M|item\n|poke|p2|Camerupt, M|item\n|poke|p2|Azumarill, F|item\n|teampreview\n|inactive|Battle timer is ON: inactive players will automatically lose when time's up. (requested by Finlandplayer)\n|\n|t:|1649944042\n|start\n|switch|p1a: Excadrill|Excadrill, M|100\/100\n|switch|p2a: Magearna|Magearna|100\/100\n|-ability|p1a: Excadrill|Mold Breaker\n|turn|1\n|\n|t:|1649944050\n|switch|p2a: Cresselia|Cresselia, F|100\/100\n|move|p1a: Excadrill|Stealth Rock|p2a: Cresselia\n|-sidestart|p2: Cowsrule247|move: Stealth Rock\n|\n|upkeep\n|turn|2\n|\n|t:|1649944056\n|switch|p1a: Ferrothorn|Ferrothorn, F|100\/100\n|move|p2a: Cresselia|Trick Room|p2a: Cresselia\n|-fieldstart|move: Trick Room|[of] p2a: Cresselia\n|\n|upkeep\n|turn|3\n|\n|t:|1649944063\n|switch|p2a: Camerupt|Camerupt, M|100\/100\n|-damage|p2a: Camerupt|88\/100|[from] Stealth Rock\n|move|p1a: Ferrothorn|Spikes|p2a: Camerupt\n|-sidestart|p2: Cowsrule247|Spikes\n|\n|upkeep\n|turn|4\n|\n|t:|1649944070\n|detailschange|p2a: Camerupt|Camerupt-Mega, M\n|-mega|p2a: Camerupt|Camerupt|Cameruptite\n|move|p1a: Ferrothorn|Protect|p1a: Ferrothorn\n|-singleturn|p1a: Ferrothorn|Protect\n|move|p2a: Camerupt|Eruption|p1a: Ferrothorn\n|-activate|p1a: Ferrothorn|move: Protect\n|\n|upkeep\n|turn|5\n|\n|t:|1649944079\n|switch|p1a: Rotom|Rotom-Wash|100\/100\n|move|p2a: Camerupt|Eruption|p1a: Rotom\n|-resisted|p1a: Rotom\n|-damage|p1a: Rotom|58\/100\n|\n|-heal|p1a: Rotom|64\/100|[from] item: Leftovers\n|upkeep\n|turn|6\n|\n|t:|1649944092\n|move|p2a: Camerupt|Fire Blast|p1a: Rotom\n|-resisted|p1a: Rotom\n|-damage|p1a: Rotom|16\/100\n|move|p1a: Rotom|Hydro Pump|p2a: Camerupt\n|-supereffective|p2a: Camerupt\n|-damage|p2a: Camerupt|0 fnt\n|faint|p2a: Camerupt\n|\n|-heal|p1a: Rotom|22\/100|[from] item: Leftovers\n|-fieldend|move: Trick Room\n|upkeep\n|\n|t:|1649944105\n|switch|p2a: Magearna|Magearna|100\/100\n|-damage|p2a: Magearna|88\/100|[from] Spikes\n|-damage|p2a: Magearna|82\/100|[from] Stealth Rock\n|turn|7\n|\n|t:|1649944111\n|move|p1a: Rotom|Volt Switch|p2a: Magearna\n|-damage|p2a: Magearna|61\/100\n|\n|t:|1649944114\n|switch|p1a: Ferrothorn|Ferrothorn, F|100\/100|[from]move: Volt Switch\n|move|p2a: Magearna|Trick Room|p2a: Magearna\n|-fieldstart|move: Trick Room|[of] p2a: Magearna\n|\n|upkeep\n|turn|8\n|\n|t:|1649944121\n|move|p1a: Ferrothorn|Spikes|p2a: Magearna\n|-sidestart|p2: Cowsrule247|Spikes\n|-zpower|p2a: Magearna\n|move|p2a: Magearna|All-Out Pummeling|p1a: Ferrothorn|[zeffect]\n|-supereffective|p1a: Ferrothorn\n|-damage|p1a: Ferrothorn|0 fnt\n|faint|p1a: Ferrothorn\n|-ability|p2a: Magearna|Soul-Heart|boost\n|-boost|p2a: Magearna|spa|1\n|\n|upkeep\n|\n|t:|1649944134\n|switch|p1a: Excadrill|Excadrill, M|100\/100\n|-ability|p1a: Excadrill|Mold Breaker\n|turn|9\n|\n|t:|1649944139\n|move|p2a: Magearna|Focus Blast|p1a: Excadrill|[miss]\n|-miss|p2a: Magearna|p1a: Excadrill\n|move|p1a: Excadrill|Earthquake|p2a: Magearna\n|-supereffective|p2a: Magearna\n|-damage|p2a: Magearna|0 fnt\n|faint|p2a: Magearna\n|\n|upkeep\n|\n|t:|1649944164\n|switch|p2a: Stakataka|Stakataka|100\/100\n|-damage|p2a: Stakataka|94\/100|[from] Stealth Rock\n|-damage|p2a: Stakataka|78\/100|[from] Spikes\n|turn|10\n|\n|t:|1649944169\n|move|p2a: Stakataka|Earthquake|p1a: Excadrill\n|-supereffective|p1a: Excadrill\n|-enditem|p1a: Excadrill|Focus Sash\n|-damage|p1a: Excadrill|1\/100\n|move|p1a: Excadrill|Earthquake|p2a: Stakataka\n|-supereffective|p2a: Stakataka\n|-enditem|p2a: Stakataka|Shuca Berry|[eat]\n|-enditem|p2a: Stakataka|Shuca Berry|[weaken]\n|-damage|p2a: Stakataka|13\/100\n|\n|upkeep\n|turn|11\n|\n|t:|1649944179\n|move|p2a: Stakataka|Stone Edge|p1a: Excadrill\n|-resisted|p1a: Excadrill\n|-damage|p1a: Excadrill|0 fnt\n|faint|p1a: Excadrill\n|-ability|p2a: Stakataka|Beast Boost|boost\n|-boost|p2a: Stakataka|atk|1\n|\n|-fieldend|move: Trick Room\n|upkeep\n|\n|t:|1649944188\n|switch|p1a: Serperior|Serperior, F|100\/100\n|turn|12\n|\n|t:|1649944192\n|move|p1a: Serperior|Leaf Storm|p2a: Stakataka\n|-damage|p2a: Stakataka|0 fnt\n|-boost|p1a: Serperior|spa|2\n|faint|p2a: Stakataka\n|\n|upkeep\n|\n|t:|1649944197\n|switch|p2a: Cresselia|Cresselia, F|100\/100\n|-damage|p2a: Cresselia|88\/100|[from] Stealth Rock\n|turn|13\n|\n|t:|1649944202\n|move|p1a: Serperior|Glare|p2a: Cresselia\n|-status|p2a: Cresselia|par\n|move|p2a: Cresselia|Trick Room|p2a: Cresselia\n|-fieldstart|move: Trick Room|[of] p2a: Cresselia\n|\n|upkeep\n|turn|14\n|\n|t:|1649944223\n|move|p2a: Cresselia|Ice Beam|p1a: Serperior\n|-supereffective|p1a: Serperior\n|-damage|p1a: Serperior|62\/100\n|move|p1a: Serperior|Substitute|p1a: Serperior\n|-start|p1a: Serperior|Substitute\n|-damage|p1a: Serperior|37\/100\n|\n|upkeep\n|turn|15\n|\n|t:|1649944233\n|move|p2a: Cresselia|Ice Beam|p1a: Serperior\n|-supereffective|p1a: Serperior\n|-end|p1a: Serperior|Substitute\n|move|p1a: Serperior|Substitute|p1a: Serperior\n|-start|p1a: Serperior|Substitute\n|-damage|p1a: Serperior|12\/100\n|\n|upkeep\n|turn|16\n|\n|t:|1649944240\n|cant|p2a: Cresselia|par\n|move|p1a: Serperior|Leaf Storm|p2a: Cresselia\n|-damage|p2a: Cresselia|31\/100 par\n|-boost|p1a: Serperior|spa|2\n|\n|upkeep\n|turn|17\n|\n|t:|1649944248\n|move|p2a: Cresselia|Ice Beam|p1a: Serperior\n|-supereffective|p1a: Serperior\n|-end|p1a: Serperior|Substitute\n|move|p1a: Serperior|Leaf Storm|p2a: Cresselia\n|-damage|p2a: Cresselia|0 fnt\n|-boost|p1a: Serperior|spa|2\n|faint|p2a: Cresselia\n|\n|-fieldend|move: Trick Room\n|upkeep\n|\n|t:|1649944258\n|switch|p2a: Azumarill|Azumarill, F|100\/100\n|-damage|p2a: Azumarill|84\/100|[from] Spikes\n|-damage|p2a: Azumarill|72\/100|[from] Stealth Rock\n|turn|18\n|\n|t:|1649944264\n|move|p2a: Azumarill|Aqua Jet|p1a: Serperior\n|-resisted|p1a: Serperior\n|-damage|p1a: Serperior|0 fnt\n|faint|p1a: Serperior\n|\n|upkeep\n|\n|t:|1649944269\n|switch|p1a: Gyarados|Gyarados, F|100\/100\n|-ability|p1a: Gyarados|Intimidate|boost\n|-unboost|p2a: Azumarill|atk|1\n|turn|19\n|\n|t:|1649944275\n|switch|p2a: Crawdaunt|Crawdaunt, M|100\/100\n|-damage|p2a: Crawdaunt|88\/100|[from] Stealth Rock\n|-damage|p2a: Crawdaunt|72\/100|[from] Spikes\n|move|p1a: Gyarados|Waterfall|p2a: Crawdaunt\n|-resisted|p2a: Crawdaunt\n|-damage|p2a: Crawdaunt|43\/100\n|\n|upkeep\n|turn|20\n|\n|t:|1649944285\n|detailschange|p1a: Gyarados|Gyarados-Mega, F\n|-mega|p1a: Gyarados|Gyarados|Gyaradosite\n|-ability|p1a: Gyarados|Mold Breaker\n|move|p2a: Crawdaunt|Aqua Jet|p1a: Gyarados\n|-resisted|p1a: Gyarados\n|-damage|p1a: Gyarados|81\/100\n|-damage|p2a: Crawdaunt|33\/100|[from] item: Life Orb\n|move|p1a: Gyarados|Earthquake|p2a: Crawdaunt\n|-damage|p2a: Crawdaunt|0 fnt\n|faint|p2a: Crawdaunt\n|\n|upkeep\n|\n|t:|1649944291\n|switch|p2a: Azumarill|Azumarill, F|72\/100\n|-damage|p2a: Azumarill|55\/100|[from] Spikes\n|-damage|p2a: Azumarill|43\/100|[from] Stealth Rock\n|turn|21\n|\n|t:|1649944302\n|move|p1a: Gyarados|Earthquake|p2a: Azumarill\n|-crit|p2a: Azumarill\n|-damage|p2a: Azumarill|0 fnt\n|faint|p2a: Azumarill\n|\n|win|Finlandplayer\n|raw|Finlandplayer's rating: 1529 &rarr; <strong>1550<\/strong><br \/>(+21 for winning)\n|raw|Cowsrule247's rating: 1551 &rarr; <strong>1530<\/strong><br \/>(-21 for losing)\n|l|\u203dCowsrule247\n","uploadtime":1649944311,"views":5,"p1id":"finlandplayer","p2id":"cowsrule247","formatid":"gen7ou","rating":1530,"private":0,"password":null}