{"id":"gen7ou-603498948","p1":"SMxVale","p2":"paracutirimicuaro","format":"gen7ou","log":"|j|SMxVale\n|j|paracutirimicuaro\n|player|p1|SMxVale|151\n|teamsize|p1|6\n|player|p2|paracutirimicuaro|2\n|teamsize|p2|6\n|gametype|singles\n|gen|7\n|tier|[Gen 7] OU\n|rated\n|seed|29472,36880,3017,45895\n|clearpoke\n|poke|p1|Scizor, M|item\n|poke|p1|Tapu Koko|item\n|poke|p1|Dugtrio, M|item\n|poke|p1|Keldeo|item\n|poke|p1|Celesteela|item\n|poke|p1|Mew|item\n|poke|p2|Zygarde|item\n|poke|p2|Tangrowth, F|item\n|poke|p2|Magearna|item\n|poke|p2|Manectric, F|item\n|poke|p2|Excadrill, M|item\n|poke|p2|Greninja, M|item\n|rule|Sleep Clause Mod: Limit one foe put to sleep\n|rule|Species Clause: Limit one of each Pok\u00e9mon\n|rule|OHKO Clause: OHKO moves are banned\n|rule|Moody Clause: Moody is banned\n|rule|Evasion Moves Clause: Evasion moves are banned\n|rule|Endless Battle Clause: Forcing endless battles is banned\n|rule|HP Percentage Mod: HP is shown in percentages\n|teampreview\n|choice|team 6, team 2, team 3, team 4, team 5, team 1|team 5, team 2, team 3, team 4, team 1, team 6\n|\n|start\n|switch|p1a: Mew|Mew|403\/403\n|switch|p2a: Excadrill|Excadrill, M|362\/362\n|-ability|p2a: Excadrill|Mold Breaker\n|-item|p2a: Excadrill|Air Balloon\n|turn|1\n|choice|move willowisp|move stealthrock\n|\n|move|p2a: Excadrill|Stealth Rock|p1a: Mew\n|-sidestart|p1: SMxVale|move: Stealth Rock\n|move|p1a: Mew|Will-O-Wisp|p2a: Excadrill\n|-status|p2a: Excadrill|brn\n|\n|-damage|p2a: Excadrill|340\/362 brn|[from] brn\n|upkeep\n|turn|2\n|inactive|Battle timer is ON: inactive players will automatically lose when time's up. (requested by SMxVale)\n|choice|move stealthrock|switch 6\n|\n|switch|p2a: Greninja|Greninja, M|285\/285\n|move|p1a: Mew|Stealth Rock|p2a: Greninja\n|-sidestart|p2: paracutirimicuaro|move: Stealth Rock\n|\n|upkeep\n|turn|3\n|choice|switch 5|move darkpulse\n|\n|switch|p1a: Celesteela|Celesteela|397\/397\n|-damage|p1a: Celesteela|348\/397|[from] Stealth Rock\n|move|p2a: Greninja|Dark Pulse|p1a: Celesteela\n|-damage|p1a: Celesteela|219\/397\n|\n|-heal|p1a: Celesteela|243\/397|[from] item: Leftovers\n|upkeep\n|turn|4\n|choice|move protect|move darkpulse\n|\n|move|p1a: Celesteela|Protect|p1a: Celesteela\n|-singleturn|p1a: Celesteela|Protect\n|move|p2a: Greninja|Dark Pulse|p1a: Celesteela\n|-activate|p1a: Celesteela|move: Protect\n|\n|-heal|p1a: Celesteela|267\/397|[from] item: Leftovers\n|upkeep\n|turn|5\n|choice|move leechseed|move darkpulse\n|\n|move|p2a: Greninja|Dark Pulse|p1a: Celesteela\n|-damage|p1a: Celesteela|128\/397\n|move|p1a: Celesteela|Leech Seed|p2a: Greninja\n|-start|p2a: Greninja|move: Leech Seed\n|\n|-heal|p1a: Celesteela|152\/397|[from] item: Leftovers\n|-damage|p2a: Greninja|250\/285|[from] Leech Seed|[of] p1a: Celesteela\n|-heal|p1a: Celesteela|187\/397|[silent]\n|upkeep\n|turn|6\n|choice|move leechseed|switch 5\n|\n|switch|p2a: Zygarde|Zygarde|358\/358\n|-damage|p2a: Zygarde|336\/358|[from] Stealth Rock\n|-ability|p2a: Zygarde|Aura Break\n|move|p1a: Celesteela|Leech Seed|p2a: Zygarde\n|-start|p2a: Zygarde|move: Leech Seed\n|\n|-heal|p1a: Celesteela|211\/397|[from] item: Leftovers\n|-damage|p2a: Zygarde|292\/358|[from] Leech Seed|[of] p1a: Celesteela\n|-heal|p1a: Celesteela|255\/397|[silent]\n|upkeep\n|turn|7\n|choice|move heavyslam|switch 4\n|\n|switch|p2a: Manectric|Manectric, F|281\/281\n|-damage|p2a: Manectric|246\/281|[from] Stealth Rock\n|move|p1a: Celesteela|Heavy Slam|p2a: Manectric\n|-resisted|p2a: Manectric\n|-damage|p2a: Manectric|132\/281\n|\n|-heal|p1a: Celesteela|279\/397|[from] item: Leftovers\n|upkeep\n|turn|8\n|choice|move protect|move hiddenpower mega\n|\n|detailschange|p2a: Manectric|Manectric-Mega, F\n|-mega|p2a: Manectric|Manectric|Manectite\n|-ability|p2a: Manectric|Intimidate|boost\n|-unboost|p1a: Celesteela|atk|1\n|move|p1a: Celesteela|Protect|p1a: Celesteela\n|-singleturn|p1a: Celesteela|Protect\n|move|p2a: Manectric|Hidden Power|p1a: Celesteela\n|-activate|p1a: Celesteela|move: Protect\n|\n|-heal|p1a: Celesteela|303\/397|[from] item: Leftovers\n|upkeep\n|turn|9\n|choice|move leechseed|move thunderbolt\n|\n|move|p2a: Manectric|Thunderbolt|p1a: Celesteela\n|-supereffective|p1a: Celesteela\n|-damage|p1a: Celesteela|57\/397\n|move|p1a: Celesteela|Leech Seed|p2a: Manectric\n|-start|p2a: Manectric|move: Leech Seed\n|\n|-heal|p1a: Celesteela|81\/397|[from] item: Leftovers\n|-damage|p2a: Manectric|97\/281|[from] Leech Seed|[of] p1a: Celesteela\n|-heal|p1a: Celesteela|116\/397|[silent]\n|upkeep\n|turn|10\n|choice|move protect|move voltswitch\n|\n|move|p1a: Celesteela|Protect|p1a: Celesteela\n|-singleturn|p1a: Celesteela|Protect\n|move|p2a: Manectric|Volt Switch|p1a: Celesteela\n|-activate|p1a: Celesteela|move: Protect\n|\n|-heal|p1a: Celesteela|140\/397|[from] item: Leftovers\n|-damage|p2a: Manectric|62\/281|[from] Leech Seed|[of] p1a: Celesteela\n|-heal|p1a: Celesteela|175\/397|[silent]\n|upkeep\n|turn|11\n|choice|switch 3|switch 2\n|\n|switch|p2a: Tangrowth|Tangrowth, F|401\/401\n|-damage|p2a: Tangrowth|351\/401|[from] Stealth Rock\n|switch|p1a: Dugtrio|Dugtrio, M|211\/211\n|-damage|p1a: Dugtrio|198\/211|[from] Stealth Rock\n|\n|upkeep\n|turn|12\n|choice|switch 6|move knockoff\n|\n|switch|p1a: Scizor|Scizor, M|343\/343\n|-damage|p1a: Scizor|301\/343|[from] Stealth Rock\n|move|p2a: Tangrowth|Knock Off|p1a: Scizor\n|-damage|p1a: Scizor|266\/343\n|\n|upkeep\n|turn|13\n|choice|move uturn mega|move hiddenpower\n|\n|detailschange|p1a: Scizor|Scizor-Mega, M\n|-mega|p1a: Scizor|Scizor|Scizorite\n|move|p1a: Scizor|U-turn|p2a: Tangrowth\n|-supereffective|p2a: Tangrowth\n|-crit|p2a: Tangrowth\n|-damage|p2a: Tangrowth|81\/401\n|choice|switch 4|\n|\n|switch|p1a: Keldeo|Keldeo|323\/323\n|-damage|p1a: Keldeo|303\/323|[from] Stealth Rock\n|move|p2a: Tangrowth|Hidden Power|p1a: Keldeo\n|-resisted|p1a: Keldeo\n|-damage|p1a: Keldeo|276\/323\n|\n|upkeep\n|turn|14\n|choice|move secretsword|switch 6\n|\n|switch|p2a: Excadrill|Excadrill, M|340\/362 brn\n|-damage|p2a: Excadrill|329\/362 brn|[from] Stealth Rock\n|-ability|p2a: Excadrill|Mold Breaker\n|-item|p2a: Excadrill|Air Balloon\n|move|p1a: Keldeo|Secret Sword|p2a: Excadrill\n|-supereffective|p2a: Excadrill\n|-damage|p2a: Excadrill|0 fnt\n|-enditem|p2a: Excadrill|Air Balloon\n|faint|p2a: Excadrill\n|\n|upkeep\n|choice||switch 4\n|\n|switch|p2a: Zygarde|Zygarde|292\/358\n|-damage|p2a: Zygarde|270\/358|[from] Stealth Rock\n|-ability|p2a: Zygarde|Aura Break\n|turn|15\n|choice|switch 5|move thousandarrows\n|\n|switch|p1a: Mew|Mew|403\/403\n|-damage|p1a: Mew|353\/403|[from] Stealth Rock\n|move|p2a: Zygarde|Thousand Arrows|p1a: Mew\n|-damage|p1a: Mew|176\/403\n|\n|-heal|p1a: Mew|201\/403|[from] item: Leftovers\n|upkeep\n|turn|16\n|choice|move willowisp|switch 5\n|\n|switch|p2a: Greninja|Greninja, M|250\/285\n|-damage|p2a: Greninja|215\/285|[from] Stealth Rock\n|move|p1a: Mew|Will-O-Wisp|p2a: Greninja\n|-status|p2a: Greninja|brn\n|\n|-heal|p1a: Mew|226\/403|[from] item: Leftovers\n|-damage|p2a: Greninja|198\/285 brn|[from] brn\n|upkeep\n|turn|17\n|choice|switch 5|move darkpulse\n|\n|switch|p1a: Keldeo|Keldeo|276\/323\n|-damage|p1a: Keldeo|256\/323|[from] Stealth Rock\n|move|p2a: Greninja|Dark Pulse|p1a: Keldeo\n|-resisted|p1a: Keldeo\n|-damage|p1a: Keldeo|151\/323\n|-ability|p1a: Keldeo|Justified|boost\n|-boost|p1a: Keldeo|atk|1\n|\n|-damage|p2a: Greninja|181\/285 brn|[from] brn\n|upkeep\n|turn|18\n|choice|move secretsword|switch 6\n|\n|switch|p2a: Tangrowth|Tangrowth, F|214\/401\n|-damage|p2a: Tangrowth|164\/401|[from] Stealth Rock\n|move|p1a: Keldeo|Secret Sword|p2a: Tangrowth\n|-damage|p2a: Tangrowth|43\/401\n|\n|upkeep\n|turn|19\n|choice|move secretsword|switch 3\n|\n|switch|p2a: Magearna|Magearna|301\/301\n|-damage|p2a: Magearna|283\/301|[from] Stealth Rock\n|move|p1a: Keldeo|Secret Sword|p2a: Magearna\n|-damage|p2a: Magearna|154\/301\n|\n|upkeep\n|turn|20\n|choice|switch 6|move focusblast zmove\n|\n|switch|p1a: Dugtrio|Dugtrio, M|198\/211\n|-damage|p1a: Dugtrio|185\/211|[from] Stealth Rock\n|-zpower|p2a: Magearna\n|move|p2a: Magearna|All-Out Pummeling|p1a: Dugtrio|[zeffect]\n|-damage|p1a: Dugtrio|0 fnt\n|faint|p1a: Dugtrio\n|-ability|p2a: Magearna|Soul-Heart|boost\n|-boost|p2a: Magearna|spa|1\n|\n|upkeep\n|choice|switch 2|\n|\n|switch|p1a: Tapu Koko|Tapu Koko|281\/281\n|-damage|p1a: Tapu Koko|246\/281|[from] Stealth Rock\n|-fieldstart|move: Electric Terrain|[from] ability: Electric Surge|[of] p1a: Tapu Koko\n|turn|21\n|choice|move thunderbolt|switch 5\n|\n|switch|p2a: Zygarde|Zygarde|270\/358\n|-damage|p2a: Zygarde|248\/358|[from] Stealth Rock\n|-ability|p2a: Zygarde|Aura Break\n|move|p1a: Tapu Koko|Thunderbolt|p2a: Zygarde\n|-immune|p2a: Zygarde|[msg]\n|\n|upkeep\n|turn|22\n|choice|switch 3|move thousandarrows\n|\n|switch|p1a: Celesteela|Celesteela|175\/397\n|-damage|p1a: Celesteela|126\/397|[from] Stealth Rock\n|move|p2a: Zygarde|Thousand Arrows|p1a: Celesteela\n|-damage|p1a: Celesteela|0 fnt\n|faint|p1a: Celesteela\n|\n|upkeep\n|choice|switch 5|\n|\n|switch|p1a: Mew|Mew|226\/403\n|-damage|p1a: Mew|176\/403|[from] Stealth Rock\n|turn|23\n|choice|move roost|move thousandarrows\n|\n|move|p1a: Mew|Roost|p1a: Mew\n|-heal|p1a: Mew|378\/403\n|move|p2a: Zygarde|Thousand Arrows|p1a: Mew\n|-damage|p1a: Mew|194\/403\n|\n|-heal|p1a: Mew|219\/403|[from] item: Leftovers\n|upkeep\n|turn|24\n|choice|switch 6|move thousandarrows\n|\n|switch|p1a: Keldeo|Keldeo|151\/323\n|-damage|p1a: Keldeo|131\/323|[from] Stealth Rock\n|move|p2a: Zygarde|Thousand Arrows|p1a: Keldeo\n|-damage|p1a: Keldeo|0 fnt\n|faint|p1a: Keldeo\n|\n|upkeep\n|choice|switch 6|\n|\n|switch|p1a: Mew|Mew|219\/403\n|-damage|p1a: Mew|169\/403|[from] Stealth Rock\n|turn|25\n|choice|move icebeam|move thousandarrows\n|\n|move|p1a: Mew|Ice Beam|p2a: Zygarde\n|-supereffective|p2a: Zygarde\n|-damage|p2a: Zygarde|0 fnt\n|faint|p2a: Zygarde\n|\n|-heal|p1a: Mew|194\/403|[from] item: Leftovers\n|-fieldend|move: Electric Terrain\n|upkeep\n|choice||switch 6\n|\n|switch|p2a: Greninja|Greninja, M|181\/285 brn\n|-damage|p2a: Greninja|146\/285 brn|[from] Stealth Rock\n|turn|26\n|choice|move icebeam|move darkpulse\n|\n|move|p2a: Greninja|Dark Pulse|p1a: Mew\n|-supereffective|p1a: Mew\n|-damage|p1a: Mew|0 fnt\n|faint|p1a: Mew\n|-activate|p2a: Greninja|ability: Battle Bond\n|detailschange|p2a: Greninja|Greninja-Ash, M\n|\n|-damage|p2a: Greninja|129\/285 brn|[from] brn\n|upkeep\n|choice|switch 3|\n|\n|switch|p1a: Tapu Koko|Tapu Koko|246\/281\n|-damage|p1a: Tapu Koko|211\/281|[from] Stealth Rock\n|-fieldstart|move: Electric Terrain|[from] ability: Electric Surge|[of] p1a: Tapu Koko\n|turn|27\n|choice|move thunderbolt|switch 3\n|\n|switch|p2a: Tangrowth|Tangrowth, F|176\/401\n|-damage|p2a: Tangrowth|126\/401|[from] Stealth Rock\n|move|p1a: Tapu Koko|Thunderbolt|p2a: Tangrowth\n|-resisted|p2a: Tangrowth\n|-crit|p2a: Tangrowth\n|-damage|p2a: Tangrowth|0 fnt\n|faint|p2a: Tangrowth\n|\n|upkeep\n|choice||switch 2\n|\n|switch|p2a: Manectric|Manectric-Mega, F|62\/281\n|-damage|p2a: Manectric|27\/281|[from] Stealth Rock\n|-ability|p2a: Manectric|Intimidate|boost\n|-unboost|p1a: Tapu Koko|atk|1\n|turn|28\n|choice|move thunderbolt|move thunderbolt\n|\n|move|p2a: Manectric|Thunderbolt|p1a: Tapu Koko\n|-resisted|p1a: Tapu Koko\n|-damage|p1a: Tapu Koko|61\/281\n|move|p1a: Tapu Koko|Thunderbolt|p2a: Manectric\n|-resisted|p2a: Manectric\n|-damage|p2a: Manectric|0 fnt\n|faint|p2a: Manectric\n|\n|upkeep\n|choice||switch 3\n|\n|switch|p2a: Greninja|Greninja-Ash, M|129\/285 brn\n|-damage|p2a: Greninja|94\/285 brn|[from] Stealth Rock\n|turn|29\n|choice|move thunderbolt|move scald\n|\n|move|p2a: Greninja|Scald|p1a: Tapu Koko\n|-damage|p1a: Tapu Koko|0 fnt\n|faint|p1a: Tapu Koko\n|\n|-damage|p2a: Greninja|77\/285 brn|[from] brn\n|upkeep\n|choice|switch 4|\n|\n|switch|p1a: Scizor|Scizor-Mega, M|266\/343\n|-damage|p1a: Scizor|224\/343|[from] Stealth Rock\n|turn|30\n|choice|move roost|move scald\n|\n|move|p2a: Greninja|Scald|p1a: Scizor\n|-damage|p1a: Scizor|0 fnt\n|faint|p1a: Scizor\n|\n|win|paracutirimicuaro\n|raw|SMxVale's rating: 1507 &rarr; <strong>1486<\/strong><br \/>(-21 for losing)\n|raw|paracutirimicuaro's rating: 1496 &rarr; <strong>1517<\/strong><br \/>(+21 for winning)\n|c|\u2606paracutirimicuaro|gg\n|c|\u2606SMxVale|gg\n|l|SMxVale","inputlog":null,"uploadtime":1499979626,"views":14,"p1id":"smxvale","p2id":"paracutirimicuaro","formatid":"gen7ou","rating":1486,"private":0,"password":null}