{"id":"gen7ou-1699324646","p1":"Pikazard66","p2":"HQSNonsense","format":"gen7ou","log":"|j|\u2606Pikazard66\n|j|\u2606HQSNonsense\n|t:|1667228174\n|gametype|singles\n|player|p1|Pikazard66|red|1372\n|player|p2|HQSNonsense|veteranf|1453\n|teamsize|p1|6\n|teamsize|p2|6\n|gen|7\n|tier|[Gen 7] OU\n|rated|\n|rule|Sleep Clause Mod: Limit one foe put to sleep\n|rule|Species Clause: Limit one of each Pok\u00e9mon\n|rule|OHKO Clause: OHKO moves are banned\n|rule|Moody Clause: Moody is banned\n|rule|Evasion Items Clause: Evasion items are banned\n|rule|Evasion Moves Clause: Evasion moves are banned\n|rule|Endless Battle Clause: Forcing endless battles is banned\n|rule|HP Percentage Mod: HP is shown in percentages\n|clearpoke\n|poke|p1|Sableye, M|item\n|poke|p1|Celesteela|item\n|poke|p1|Blacephalon|item\n|poke|p1|Greninja, M|item\n|poke|p1|Zapdos|item\n|poke|p1|Excadrill, M|item\n|poke|p2|Glalie, M|item\n|poke|p2|Heatran, M|item\n|poke|p2|Tornadus-Therian, M|item\n|poke|p2|Tapu Fini|item\n|poke|p2|Garchomp, F|item\n|poke|p2|Ferrothorn, F|item\n|teampreview\n|\n|t:|1667228186\n|start\n|switch|p1a: Sableye|Sableye, M|100\/100\n|switch|p2a: Glalie|Glalie, M|100\/100\n|turn|1\n|inactive|Battle timer is ON: inactive players will automatically lose when time's up. (requested by HQSNonsense)\n|\n|t:|1667228211\n|switch|p2a: Tapu Fini|Tapu Fini|100\/100\n|-fieldstart|move: Misty Terrain|[from] ability: Misty Surge|[of] p2a: Tapu Fini\n|move|p1a: Sableye|Will-O-Wisp|p2a: Tapu Fini\n|-activate|p2a: Tapu Fini|move: Misty Terrain\n|\n|upkeep\n|turn|2\n|\n|t:|1667228220\n|switch|p1a: Celesteela|Celesteela|100\/100\n|move|p2a: Tapu Fini|Nature's Madness|p1a: Celesteela\n|-damage|p1a: Celesteela|50\/100\n|\n|-heal|p1a: Celesteela|57\/100|[from] item: Leftovers\n|upkeep\n|turn|3\n|\n|t:|1667228224\n|move|p2a: Tapu Fini|Taunt|p1a: Celesteela\n|-start|p1a: Celesteela|move: Taunt\n|cant|p1a: Celesteela|move: Taunt|Leech Seed\n|\n|-heal|p1a: Celesteela|63\/100|[from] item: Leftovers\n|upkeep\n|turn|4\n|\n|t:|1667228229\n|move|p2a: Tapu Fini|Nature's Madness|p1a: Celesteela\n|-damage|p1a: Celesteela|32\/100\n|move|p1a: Celesteela|Heavy Slam|p2a: Tapu Fini\n|-damage|p2a: Tapu Fini|63\/100\n|\n|-heal|p2a: Tapu Fini|69\/100|[from] item: Leftovers\n|-heal|p1a: Celesteela|38\/100|[from] item: Leftovers\n|upkeep\n|turn|5\n|\n|t:|1667228233\n|switch|p2a: Heatran|Heatran, M|100\/100\n|move|p1a: Celesteela|Heavy Slam|p2a: Heatran\n|-resisted|p2a: Heatran\n|-damage|p2a: Heatran|96\/100\n|\n|-heal|p2a: Heatran|100\/100|[from] item: Leftovers\n|-heal|p1a: Celesteela|44\/100|[from] item: Leftovers\n|-end|p1a: Celesteela|move: Taunt\n|-fieldend|Misty Terrain\n|upkeep\n|turn|6\n|\n|t:|1667228241\n|switch|p1a: Zapdos|Zapdos|100\/100\n|move|p2a: Heatran|Magma Storm|p1a: Zapdos\n|-damage|p1a: Zapdos|68\/100\n|-activate|p1a: Zapdos|move: Magma Storm|[of] p2a: Heatran\n|\n|-heal|p1a: Zapdos|75\/100|[from] item: Leftovers\n|-damage|p1a: Zapdos|62\/100|[from] move: Magma Storm|[partiallytrapped]\n|upkeep\n|turn|7\n|\n|t:|1667228246\n|move|p2a: Heatran|Toxic|p1a: Zapdos\n|-status|p1a: Zapdos|tox\n|move|p1a: Zapdos|Discharge|p2a: Heatran\n|-damage|p2a: Heatran|72\/100\n|\n|-heal|p2a: Heatran|78\/100|[from] item: Leftovers\n|-heal|p1a: Zapdos|68\/100 tox|[from] item: Leftovers\n|-damage|p1a: Zapdos|62\/100 tox|[from] psn\n|-damage|p1a: Zapdos|50\/100 tox|[from] move: Magma Storm|[partiallytrapped]\n|upkeep\n|turn|8\n|\n|t:|1667228258\n|move|p2a: Heatran|Taunt|p1a: Zapdos\n|-start|p1a: Zapdos|move: Taunt\n|cant|p1a: Zapdos|move: Taunt|Roost\n|\n|-heal|p2a: Heatran|85\/100|[from] item: Leftovers\n|-heal|p1a: Zapdos|56\/100 tox|[from] item: Leftovers\n|-damage|p1a: Zapdos|43\/100 tox|[from] psn\n|-damage|p1a: Zapdos|31\/100 tox|[from] move: Magma Storm|[partiallytrapped]\n|upkeep\n|turn|9\n|\n|t:|1667228264\n|move|p2a: Heatran|Magma Storm|p1a: Zapdos\n|-damage|p1a: Zapdos|0 fnt\n|faint|p1a: Zapdos\n|\n|-heal|p2a: Heatran|91\/100|[from] item: Leftovers\n|upkeep\n|\n|t:|1667228268\n|switch|p1a: Greninja|Greninja, M|100\/100\n|turn|10\n|\n|t:|1667228272\n|switch|p2a: Ferrothorn|Ferrothorn, F|100\/100\n|move|p1a: Greninja|U-turn|p2a: Ferrothorn\n|-start|p1a: Greninja|typechange|Bug|[from] ability: Protean\n|-damage|p2a: Ferrothorn|70\/100\n|-damage|p1a: Greninja|88\/100|[from] ability: Iron Barbs|[of] p2a: Ferrothorn\n|\n|t:|1667228281\n|switch|p1a: Sableye|Sableye, M|100\/100|[from]move: U-turn\n|\n|-heal|p2a: Ferrothorn|76\/100|[from] item: Leftovers\n|upkeep\n|turn|11\n|\n|t:|1667228284\n|switch|p2a: Tapu Fini|Tapu Fini|69\/100\n|-fieldstart|move: Misty Terrain|[from] ability: Misty Surge|[of] p2a: Tapu Fini\n|detailschange|p1a: Sableye|Sableye-Mega, M\n|-mega|p1a: Sableye|Sableye|Sablenite\n|move|p1a: Sableye|Dark Pulse|p2a: Tapu Fini\n|-resisted|p2a: Tapu Fini\n|-damage|p2a: Tapu Fini|60\/100\n|\n|-heal|p2a: Tapu Fini|66\/100|[from] item: Leftovers\n|upkeep\n|turn|12\n|\n|t:|1667228295\n|switch|p1a: Celesteela|Celesteela|44\/100\n|move|p2a: Tapu Fini|Moonblast|p1a: Celesteela\n|-resisted|p1a: Celesteela\n|-damage|p1a: Celesteela|30\/100\n|\n|-heal|p2a: Tapu Fini|73\/100|[from] item: Leftovers\n|-heal|p1a: Celesteela|36\/100|[from] item: Leftovers\n|upkeep\n|turn|13\n|\n|t:|1667228302\n|move|p2a: Tapu Fini|Taunt|p1a: Celesteela\n|-start|p1a: Celesteela|move: Taunt\n|move|p1a: Celesteela|Heavy Slam|p2a: Tapu Fini\n|-damage|p2a: Tapu Fini|37\/100\n|\n|-heal|p2a: Tapu Fini|43\/100|[from] item: Leftovers\n|-heal|p1a: Celesteela|42\/100|[from] item: Leftovers\n|upkeep\n|turn|14\n|\n|t:|1667228308\n|switch|p2a: Heatran|Heatran, M|91\/100\n|move|p1a: Celesteela|Heavy Slam|p2a: Heatran\n|-resisted|p2a: Heatran\n|-damage|p2a: Heatran|87\/100\n|\n|-heal|p2a: Heatran|93\/100|[from] item: Leftovers\n|-heal|p1a: Celesteela|48\/100|[from] item: Leftovers\n|upkeep\n|turn|15\n|\n|t:|1667228321\n|switch|p1a: Blacephalon|Blacephalon|100\/100\n|move|p2a: Heatran|Magma Storm|p1a: Blacephalon\n|-resisted|p1a: Blacephalon\n|-damage|p1a: Blacephalon|64\/100\n|-activate|p1a: Blacephalon|move: Magma Storm|[of] p2a: Heatran\n|\n|-heal|p2a: Heatran|99\/100|[from] item: Leftovers\n|-damage|p1a: Blacephalon|52\/100|[from] move: Magma Storm|[partiallytrapped]\n|-fieldend|Misty Terrain\n|upkeep\n|turn|16\n|\n|t:|1667228326\n|move|p1a: Blacephalon|Shadow Ball|p2a: Heatran\n|-damage|p2a: Heatran|57\/100\n|move|p2a: Heatran|Earth Power|p1a: Blacephalon\n|-supereffective|p1a: Blacephalon\n|-damage|p1a: Blacephalon|0 fnt\n|faint|p1a: Blacephalon\n|\n|-heal|p2a: Heatran|63\/100|[from] item: Leftovers\n|upkeep\n|\n|t:|1667228334\n|switch|p1a: Excadrill|Excadrill, M|100\/100\n|-ability|p1a: Excadrill|Mold Breaker\n|turn|17\n|\n|t:|1667228341\n|switch|p2a: Tornadus|Tornadus-Therian, M|100\/100\n|move|p1a: Excadrill|Stealth Rock|p2a: Tornadus\n|-sidestart|p2: HQSNonsense|move: Stealth Rock\n|\n|upkeep\n|turn|18\n|\n|t:|1667228347\n|move|p2a: Tornadus|Defog|p1a: Excadrill\n|-unboost|p1a: Excadrill|evasion|1\n|-sideend|p2: HQSNonsense|Stealth Rock|[from] move: Defog|[of] p2a: Tornadus\n|move|p1a: Excadrill|Iron Head|p2a: Tornadus\n|-damage|p2a: Tornadus|50\/100\n|-damage|p1a: Excadrill|84\/100|[from] item: Rocky Helmet|[of] p2a: Tornadus\n|\n|-heal|p1a: Excadrill|90\/100|[from] item: Leftovers\n|upkeep\n|turn|19\n|\n|t:|1667228359\n|move|p2a: Tornadus|Knock Off|p1a: Excadrill\n|-damage|p1a: Excadrill|63\/100\n|-enditem|p1a: Excadrill|Leftovers|[from] move: Knock Off|[of] p2a: Tornadus\n|move|p1a: Excadrill|Stealth Rock|p2a: Tornadus\n|-sidestart|p2: HQSNonsense|move: Stealth Rock\n|\n|upkeep\n|turn|20\n|\n|t:|1667228365\n|move|p2a: Tornadus|Defog|p1a: Excadrill\n|-unboost|p1a: Excadrill|evasion|1\n|-sideend|p2: HQSNonsense|Stealth Rock|[from] move: Defog|[of] p2a: Tornadus\n|move|p1a: Excadrill|Iron Head|p2a: Tornadus\n|-damage|p2a: Tornadus|3\/100\n|-damage|p1a: Excadrill|47\/100|[from] item: Rocky Helmet|[of] p2a: Tornadus\n|\n|upkeep\n|turn|21\n|\n|t:|1667228372\n|move|p2a: Tornadus|Hurricane|p1a: Excadrill\n|-resisted|p1a: Excadrill\n|-damage|p1a: Excadrill|20\/100\n|move|p1a: Excadrill|Stealth Rock|p2a: Tornadus\n|-sidestart|p2: HQSNonsense|move: Stealth Rock\n|\n|upkeep\n|turn|22\n|\n|t:|1667228375\n|move|p2a: Tornadus|Defog|p1a: Excadrill\n|-unboost|p1a: Excadrill|evasion|1\n|-sideend|p2: HQSNonsense|Stealth Rock|[from] move: Defog|[of] p2a: Tornadus\n|move|p1a: Excadrill|Iron Head|p2a: Tornadus\n|-damage|p2a: Tornadus|0 fnt\n|-damage|p1a: Excadrill|4\/100|[from] item: Rocky Helmet|[of] p2a: Tornadus\n|faint|p2a: Tornadus\n|\n|upkeep\n|\n|t:|1667228384\n|switch|p2a: Glalie|Glalie, M|100\/100\n|turn|23\n|\n|t:|1667228389\n|switch|p1a: Celesteela|Celesteela|48\/100\n|detailschange|p2a: Glalie|Glalie-Mega, M\n|-mega|p2a: Glalie|Glalie|Glalitite\n|move|p2a: Glalie|Frustration|p1a: Celesteela\n|-damage|p1a: Celesteela|11\/100\n|\n|-heal|p1a: Celesteela|17\/100|[from] item: Leftovers\n|upkeep\n|turn|24\n|\n|t:|1667228392\n|move|p2a: Glalie|Frustration|p1a: Celesteela\n|-damage|p1a: Celesteela|0 fnt\n|faint|p1a: Celesteela\n|\n|upkeep\n|\n|t:|1667228394\n|switch|p1a: Greninja|Greninja, M|88\/100\n|turn|25\n|\n|t:|1667228398\n|switch|p2a: Ferrothorn|Ferrothorn, F|76\/100\n|move|p1a: Greninja|Low Kick|p2a: Ferrothorn\n|-start|p1a: Greninja|typechange|Fighting|[from] ability: Protean\n|-supereffective|p2a: Ferrothorn\n|-damage|p2a: Ferrothorn|0 fnt\n|-damage|p1a: Greninja|76\/100|[from] ability: Iron Barbs|[of] p2a: Ferrothorn\n|faint|p2a: Ferrothorn\n|\n|upkeep\n|\n|t:|1667228411\n|switch|p2a: Tapu Fini|Tapu Fini|43\/100\n|-fieldstart|move: Misty Terrain|[from] ability: Misty Surge|[of] p2a: Tapu Fini\n|turn|26\n|\n|t:|1667228428\n|switch|p1a: Sableye|Sableye-Mega, M|100\/100\n|move|p2a: Tapu Fini|Moonblast|p1a: Sableye\n|-supereffective|p1a: Sableye\n|-damage|p1a: Sableye|55\/100\n|\n|-heal|p2a: Tapu Fini|49\/100|[from] item: Leftovers\n|upkeep\n|turn|27\n|\n|t:|1667228438\n|move|p2a: Tapu Fini|Moonblast|p1a: Sableye\n|-supereffective|p1a: Sableye\n|-damage|p1a: Sableye|11\/100\n|-unboost|p1a: Sableye|spa|1\n|move|p1a: Sableye|Recover|p1a: Sableye\n|-heal|p1a: Sableye|61\/100\n|\n|-heal|p2a: Tapu Fini|56\/100|[from] item: Leftovers\n|upkeep\n|turn|28\n|\n|t:|1667228440\n|move|p2a: Tapu Fini|Moonblast|p1a: Sableye\n|-supereffective|p1a: Sableye\n|-damage|p1a: Sableye|17\/100\n|move|p1a: Sableye|Recover|p1a: Sableye\n|-heal|p1a: Sableye|67\/100\n|\n|-heal|p2a: Tapu Fini|62\/100|[from] item: Leftovers\n|upkeep\n|turn|29\n|\n|t:|1667228443\n|move|p2a: Tapu Fini|Moonblast|p1a: Sableye\n|-supereffective|p1a: Sableye\n|-damage|p1a: Sableye|21\/100\n|move|p1a: Sableye|Recover|p1a: Sableye\n|-heal|p1a: Sableye|71\/100\n|\n|-heal|p2a: Tapu Fini|68\/100|[from] item: Leftovers\n|upkeep\n|turn|30\n|\n|t:|1667228446\n|move|p2a: Tapu Fini|Moonblast|p1a: Sableye\n|-supereffective|p1a: Sableye\n|-crit|p1a: Sableye\n|-damage|p1a: Sableye|2\/100\n|move|p1a: Sableye|Recover|p1a: Sableye\n|-heal|p1a: Sableye|52\/100\n|\n|-heal|p2a: Tapu Fini|74\/100|[from] item: Leftovers\n|-fieldend|Misty Terrain\n|upkeep\n|turn|31\n|\n|t:|1667228448\n|move|p2a: Tapu Fini|Moonblast|p1a: Sableye\n|-supereffective|p1a: Sableye\n|-damage|p1a: Sableye|4\/100\n|move|p1a: Sableye|Recover|p1a: Sableye\n|-heal|p1a: Sableye|54\/100\n|\n|-heal|p2a: Tapu Fini|80\/100|[from] item: Leftovers\n|upkeep\n|turn|32\n|\n|t:|1667228450\n|move|p2a: Tapu Fini|Moonblast|p1a: Sableye\n|-supereffective|p1a: Sableye\n|-damage|p1a: Sableye|5\/100\n|move|p1a: Sableye|Recover|p1a: Sableye\n|-heal|p1a: Sableye|55\/100\n|\n|-heal|p2a: Tapu Fini|86\/100|[from] item: Leftovers\n|upkeep\n|turn|33\n|\n|t:|1667228453\n|move|p2a: Tapu Fini|Moonblast|p1a: Sableye\n|-supereffective|p1a: Sableye\n|-damage|p1a: Sableye|9\/100\n|move|p1a: Sableye|Recover|p1a: Sableye\n|-heal|p1a: Sableye|60\/100\n|\n|-heal|p2a: Tapu Fini|92\/100|[from] item: Leftovers\n|upkeep\n|turn|34\n|\n|t:|1667228456\n|move|p2a: Tapu Fini|Moonblast|p1a: Sableye\n|-supereffective|p1a: Sableye\n|-damage|p1a: Sableye|9\/100\n|-unboost|p1a: Sableye|spa|1\n|move|p1a: Sableye|Recover|p1a: Sableye\n|-heal|p1a: Sableye|60\/100\n|\n|-heal|p2a: Tapu Fini|98\/100|[from] item: Leftovers\n|upkeep\n|turn|35\n|\n|t:|1667228458\n|move|p2a: Tapu Fini|Moonblast|p1a: Sableye\n|-supereffective|p1a: Sableye\n|-damage|p1a: Sableye|14\/100\n|-unboost|p1a: Sableye|spa|1\n|move|p1a: Sableye|Recover|p1a: Sableye\n|-heal|p1a: Sableye|64\/100\n|\n|-heal|p2a: Tapu Fini|100\/100|[from] item: Leftovers\n|upkeep\n|turn|36\n|\n|t:|1667228459\n|move|p2a: Tapu Fini|Moonblast|p1a: Sableye\n|-supereffective|p1a: Sableye\n|-damage|p1a: Sableye|20\/100\n|-unboost|p1a: Sableye|spa|1\n|move|p1a: Sableye|Recover|p1a: Sableye\n|-heal|p1a: Sableye|70\/100\n|\n|upkeep\n|turn|37\n|\n|t:|1667228466\n|move|p2a: Tapu Fini|Moonblast|p1a: Sableye\n|-supereffective|p1a: Sableye\n|-damage|p1a: Sableye|24\/100\n|move|p1a: Sableye|Recover|p1a: Sableye\n|-heal|p1a: Sableye|74\/100\n|\n|upkeep\n|turn|38\n|\n|t:|1667228468\n|move|p2a: Tapu Fini|Moonblast|p1a: Sableye\n|-supereffective|p1a: Sableye\n|-damage|p1a: Sableye|28\/100\n|-unboost|p1a: Sableye|spa|1\n|move|p1a: Sableye|Recover|p1a: Sableye\n|-heal|p1a: Sableye|78\/100\n|\n|upkeep\n|turn|39\n|\n|t:|1667228472\n|move|p2a: Tapu Fini|Moonblast|p1a: Sableye\n|-supereffective|p1a: Sableye\n|-damage|p1a: Sableye|33\/100\n|move|p1a: Sableye|Calm Mind|p1a: Sableye\n|-boost|p1a: Sableye|spa|1\n|-boost|p1a: Sableye|spd|1\n|\n|upkeep\n|turn|40\n|\n|t:|1667228475\n|move|p2a: Tapu Fini|Moonblast|p1a: Sableye\n|-supereffective|p1a: Sableye\n|-damage|p1a: Sableye|0 fnt\n|faint|p1a: Sableye\n|\n|upkeep\n|\n|t:|1667228477\n|switch|p1a: Greninja|Greninja, M|76\/100\n|turn|41\n|\n|t:|1667228480\n|switch|p2a: Heatran|Heatran, M|63\/100\n|move|p1a: Greninja|Gunk Shot|p2a: Heatran\n|-start|p1a: Greninja|typechange|Poison|[from] ability: Protean\n|-immune|p2a: Heatran\n|\n|-heal|p2a: Heatran|70\/100|[from] item: Leftovers\n|upkeep\n|turn|42\n|\n|t:|1667228484\n|switch|p1a: Excadrill|Excadrill, M|4\/100\n|-ability|p1a: Excadrill|Mold Breaker\n|move|p2a: Heatran|Earth Power|p1a: Excadrill\n|-supereffective|p1a: Excadrill\n|-damage|p1a: Excadrill|0 fnt\n|faint|p1a: Excadrill\n|\n|-heal|p2a: Heatran|76\/100|[from] item: Leftovers\n|upkeep\n|\n|t:|1667228485\n|switch|p1a: Greninja|Greninja, M|76\/100\n|turn|43\n|\n|t:|1667228491\n|switch|p2a: Tapu Fini|Tapu Fini|100\/100\n|-fieldstart|move: Misty Terrain|[from] ability: Misty Surge|[of] p2a: Tapu Fini\n|move|p1a: Greninja|Gunk Shot|p2a: Tapu Fini\n|-start|p1a: Greninja|typechange|Poison|[from] ability: Protean\n|-supereffective|p2a: Tapu Fini\n|-damage|p2a: Tapu Fini|0 fnt\n|faint|p2a: Tapu Fini\n|\n|upkeep\n|\n|t:|1667228497\n|switch|p2a: Heatran|Heatran, M|76\/100\n|turn|44\n|\n|t:|1667228499\n|move|p1a: Greninja|Gunk Shot|p2a: Heatran\n|-immune|p2a: Heatran\n|move|p2a: Heatran|Earth Power|p1a: Greninja\n|-supereffective|p1a: Greninja\n|-damage|p1a: Greninja|0 fnt\n|faint|p1a: Greninja\n|\n|win|HQSNonsense\n|raw|Pikazard66's rating: 1372 &rarr; <strong>1357<\/strong><br \/>(-15 for losing)\n|raw|HQSNonsense's rating: 1453 &rarr; <strong>1468<\/strong><br \/>(+15 for winning)\n|l|\u2606Pikazard66\n","uploadtime":1667228502,"views":12,"p1id":"pikazard66","p2id":"hqsnonsense","formatid":"gen7ou","rating":1357,"private":0,"password":null}