{"id":"gen7ou-750320418","p1":"CarlyBae","p2":"Nick Queen","format":"gen7ou","log":"|j|\u203dCarlyBae\n|j|\u2606Nick Queen\n|player|p1|CarlyBae|138\n|player|p2|Nick Queen|2\n|teamsize|p1|6\n|teamsize|p2|6\n|gametype|singles\n|gen|7\n|tier|[Gen 7] OU\n|rated|\n|rule|Sleep Clause Mod: Limit one foe put to sleep\n|rule|Species Clause: Limit one of each Pok\u00e9mon\n|rule|OHKO Clause: OHKO moves are banned\n|rule|Moody Clause: Moody is banned\n|rule|Evasion Moves Clause: Evasion moves are banned\n|rule|Endless Battle Clause: Forcing endless battles is banned\n|rule|HP Percentage Mod: HP is shown in percentages\n|clearpoke\n|poke|p1|Shuckle, M|item\n|poke|p1|Tapu Lele|item\n|poke|p1|Bisharp, F|item\n|poke|p1|Sableye, M|item\n|poke|p1|Kartana|item\n|poke|p1|Manaphy|item\n|poke|p2|Mimikyu-Totem, M|item\n|poke|p2|Rotom-Wash|item\n|poke|p2|Greninja, M|item\n|poke|p2|Landorus-Therian, M|item\n|poke|p2|Charizard, M|item\n|poke|p2|Excadrill, M|item\n|teampreview\n|\n|start\n|switch|p1a: Shuckle|Shuckle, M|100\/100\n|switch|p2a: Excadrill|Excadrill, M|100\/100\n|-ability|p2a: Excadrill|Mold Breaker\n|turn|1\n|\n|move|p2a: Excadrill|Stealth Rock|p1a: Shuckle\n|-sidestart|p1: CarlyBae|move: Stealth Rock\n|move|p1a: Shuckle|Sticky Web|p2a: Excadrill\n|-sidestart|p2: Nick Queen|move: Sticky Web\n|\n|upkeep\n|turn|2\n|\n|move|p2a: Excadrill|Rapid Spin|p1a: Shuckle\n|-resisted|p1a: Shuckle\n|-damage|p1a: Shuckle|98\/100\n|-sideend|p2: Nick Queen|Sticky Web|[from] move: Rapid Spin|[of] p2a: Excadrill\n|move|p1a: Shuckle|Encore|p2a: Excadrill\n|-start|p2a: Excadrill|Encore\n|\n|upkeep\n|turn|3\n|\n|move|p2a: Excadrill|Rapid Spin|p1a: Shuckle\n|-resisted|p1a: Shuckle\n|-damage|p1a: Shuckle|97\/100\n|move|p1a: Shuckle|Sticky Web|p2a: Excadrill\n|-sidestart|p2: Nick Queen|move: Sticky Web\n|\n|upkeep\n|turn|4\n|\n|switch|p1a: Sableye|Sableye, M|100\/100\n|-damage|p1a: Sableye|88\/100|[from] Stealth Rock\n|move|p2a: Excadrill|Rapid Spin|p1a: Sableye\n|-immune|p1a: Sableye|[msg]\n|\n|upkeep\n|turn|5\n|\n|switch|p2a: Charizard|Charizard, M|100\/100\n|-mega|p1a: Sableye|Sableye|Sablenite\n|detailschange|p1a: Sableye|Sableye-Mega, M\n|move|p1a: Sableye|Will-O-Wisp|p2a: Charizard\n|-immune|p2a: Charizard|[msg]\n|\n|upkeep\n|turn|6\n|\n|switch|p1a: Shuckle|Shuckle, M|97\/100\n|-damage|p1a: Shuckle|72\/100|[from] Stealth Rock\n|-mega|p2a: Charizard|Charizard|Charizardite Y\n|detailschange|p2a: Charizard|Charizard-Mega-Y, M\n|-weather|SunnyDay|[from] ability: Drought|[of] p2a: Charizard\n|move|p2a: Charizard|Fire Blast|p1a: Shuckle\n|-damage|p1a: Shuckle|7\/100\n|\n|-weather|SunnyDay|[upkeep]\n|upkeep\n|turn|7\n|\n|move|p2a: Charizard|Fire Blast|p1a: Shuckle\n|-damage|p1a: Shuckle|0 fnt\n|faint|p1a: Shuckle\n|\n|-weather|SunnyDay|[upkeep]\n|upkeep\n|\n|switch|p1a: Manaphy|Manaphy|100\/100\n|-damage|p1a: Manaphy|88\/100|[from] Stealth Rock\n|turn|8\n|\n|move|p2a: Charizard|Solar Beam|p1a: Manaphy|[still]\n|-prepare|p2a: Charizard|Solar Beam|p1a: Manaphy\n|-anim|p2a: Charizard|Solar Beam|p1a: Manaphy\n|-supereffective|p1a: Manaphy\n|-damage|p1a: Manaphy|0 fnt\n|faint|p1a: Manaphy\n|\n|-weather|SunnyDay|[upkeep]\n|upkeep\n|\n|switch|p1a: Tapu Lele|Tapu Lele|100\/100\n|-damage|p1a: Tapu Lele|88\/100|[from] Stealth Rock\n|-fieldstart|move: Psychic Terrain|[from] ability: Psychic Surge|[of] p1a: Tapu Lele\n|turn|9\n|\n|switch|p2a: Excadrill|Excadrill, M|100\/100\n|-activate|p2a: Excadrill|move: Sticky Web\n|-unboost|p2a: Excadrill|spe|1\n|-ability|p2a: Excadrill|Mold Breaker\n|move|p1a: Tapu Lele|Psychic|p2a: Excadrill\n|-resisted|p2a: Excadrill\n|-damage|p2a: Excadrill|58\/100\n|\n|-weather|SunnyDay|[upkeep]\n|-heal|p2a: Excadrill|64\/100|[from] item: Leftovers\n|upkeep\n|turn|10\n|\n|switch|p1a: Sableye|Sableye-Mega, M|88\/100\n|-damage|p1a: Sableye|76\/100|[from] Stealth Rock\n|move|p2a: Excadrill|Iron Head|p1a: Sableye\n|-damage|p1a: Sableye|49\/100\n|\n|-weather|none\n|-heal|p2a: Excadrill|70\/100|[from] item: Leftovers\n|upkeep\n|turn|11\n|\n|switch|p2a: Charizard|Charizard-Mega-Y, M|100\/100\n|-weather|SunnyDay|[from] ability: Drought|[of] p2a: Charizard\n|move|p1a: Sableye|Recover|p1a: Sableye\n|-heal|p1a: Sableye|99\/100\n|\n|-weather|SunnyDay|[upkeep]\n|upkeep\n|turn|12\n|-message|CarlyBae forfeited.\n|\n|win|Nick Queen\n|l|\u203dCarlyBae\n","inputlog":null,"uploadtime":1526849453,"views":3,"p1id":"carlybae","p2id":"nickqueen","formatid":"gen7ou","rating":0,"private":0,"password":null}