{"id":"gen7ou-811290135","p1":"CRUST2TOP","p2":"H4WT \u2605","format":"gen7ou","log":"|j|\u2606CRUST2TOP\n|j|\u2606H4WT \u2605\n|player|p1|CRUST2TOP|283\n|player|p2|H4WT \u2605|165\n|teamsize|p1|6\n|teamsize|p2|6\n|gametype|singles\n|gen|7\n|tier|[Gen 7] OU\n|rated|\n|rule|Sleep Clause Mod: Limit one foe put to sleep\n|rule|Species Clause: Limit one of each Pok\u00e9mon\n|rule|OHKO Clause: OHKO moves are banned\n|rule|Moody Clause: Moody is banned\n|rule|Evasion Moves Clause: Evasion moves are banned\n|rule|Endless Battle Clause: Forcing endless battles is banned\n|rule|HP Percentage Mod: HP is shown in percentages\n|clearpoke\n|poke|p1|Crustle, F|item\n|poke|p1|Magearna|item\n|poke|p1|Tapu Koko|item\n|poke|p1|Gyarados, M|item\n|poke|p1|Hawlucha, M|item\n|poke|p1|Serperior, M|item\n|poke|p2|Weavile, F|item\n|poke|p2|Gastrodon-East, F|item\n|poke|p2|Diancie|item\n|poke|p2|Tangrowth, F|item\n|poke|p2|Heatran, F|item\n|poke|p2|Tornadus-Therian, M|item\n|teampreview\n|c|\u2606CRUST2TOP|put a hole in his head he a dolphin\n|inactive|Battle timer is ON: inactive players will automatically lose when time's up. (requested by CRUST2TOP)\n|\n|start\n|switch|p1a: Crustle|Crustle, F|100\/100\n|switch|p2a: Diancie|Diancie, shiny|100\/100\n|turn|1\n|\n|detailschange|p2a: Diancie|Diancie-Mega, shiny\n|-mega|p2a: Diancie|Diancie|Diancite\n|move|p2a: Diancie|Diamond Storm|p1a: Crustle\n|-supereffective|p1a: Crustle\n|-ability|p1a: Crustle|Sturdy\n|-damage|p1a: Crustle|1\/100\n|-enditem|p1a: Crustle|Liechi Berry|[eat]\n|-boost|p1a: Crustle|atk|1\n|move|p1a: Crustle|Shell Smash|p1a: Crustle\n|-unboost|p1a: Crustle|def|1\n|-unboost|p1a: Crustle|spd|1\n|-boost|p1a: Crustle|atk|2\n|-boost|p1a: Crustle|spa|2\n|-boost|p1a: Crustle|spe|2\n|\n|upkeep\n|turn|2\n|\n|switch|p2a: Tornadus|Tornadus-Therian, M, shiny|100\/100\n|move|p1a: Crustle|Rock Wrecker|p2a: Tornadus|[miss]\n|-miss|p1a: Crustle|p2a: Tornadus\n|\n|upkeep\n|turn|3\n|j| IHateMooMooMilk\n|l| IHateMooMooMilk\n|\n|move|p1a: Crustle|Rock Wrecker|p2a: Tornadus\n|-supereffective|p2a: Tornadus\n|-damage|p2a: Tornadus|0 fnt\n|faint|p2a: Tornadus\n|\n|upkeep\n|\n|switch|p2a: Weavile|Weavile, F|100\/100\n|-ability|p2a: Weavile|Pressure\n|turn|4\n|-mustrecharge|p1a: Crustle\n|j| Dennis2003\n|-mustrecharge|p1a: Crustle\n|-mustrecharge|p1a: Crustle\n|\n|move|p2a: Weavile|Ice Shard|p1a: Crustle\n|-damage|p1a: Crustle|0 fnt\n|faint|p1a: Crustle\n|\n|upkeep\n|\n|switch|p1a: Tapu Koko|Tapu Koko|100\/100\n|-fieldstart|move: Electric Terrain|[from] ability: Electric Surge|[of] p1a: Tapu Koko\n|turn|5\n|\n|switch|p2a: Gastrodon|Gastrodon-East, F|100\/100\n|move|p1a: Tapu Koko|Light Screen|p1a: Tapu Koko\n|-sidestart|p1: CRUST2TOP|move: Light Screen\n|\n|upkeep\n|turn|6\n|\n|move|p1a: Tapu Koko|Taunt|p2a: Gastrodon\n|-start|p2a: Gastrodon|move: Taunt\n|move|p2a: Gastrodon|Scald|p1a: Tapu Koko\n|-damage|p1a: Tapu Koko|85\/100\n|-status|p1a: Tapu Koko|brn\n|\n|-damage|p1a: Tapu Koko|79\/100 brn|[from] brn\n|upkeep\n|turn|7\n|\n|switch|p2a: Diancie|Diancie-Mega, shiny|100\/100\n|move|p1a: Tapu Koko|Reflect|p1a: Tapu Koko\n|-sidestart|p1: CRUST2TOP|Reflect\n|\n|-damage|p1a: Tapu Koko|73\/100 brn|[from] brn\n|upkeep\n|turn|8\n|\n|move|p1a: Tapu Koko|Discharge|p2a: Diancie\n|-damage|p2a: Diancie|52\/100\n|move|p2a: Diancie|Stealth Rock|p1a: Tapu Koko\n|-sidestart|p1: CRUST2TOP|move: Stealth Rock\n|\n|-damage|p1a: Tapu Koko|66\/100 brn|[from] brn\n|upkeep\n|turn|9\n|\n|switch|p1a: Serperior|Serperior, M|100\/100\n|-damage|p1a: Serperior|88\/100|[from] Stealth Rock\n|move|p2a: Diancie|Moonblast|p1a: Serperior\n|-damage|p1a: Serperior|58\/100\n|\n|-heal|p1a: Serperior|64\/100|[from] item: Leftovers\n|-fieldend|move: Electric Terrain\n|upkeep\n|turn|10\n|\n|switch|p2a: Heatran|Heatran, F|100\/100\n|move|p1a: Serperior|Substitute|p1a: Serperior\n|-start|p1a: Serperior|Substitute\n|-damage|p1a: Serperior|39\/100\n|\n|-heal|p1a: Serperior|45\/100|[from] item: Leftovers\n|upkeep\n|turn|11\n|\n|move|p1a: Serperior|Glare|p2a: Heatran\n|-status|p2a: Heatran|par\n|move|p2a: Heatran|Taunt|p1a: Serperior\n|-start|p1a: Serperior|move: Taunt\n|\n|-heal|p1a: Serperior|51\/100|[from] item: Leftovers\n|upkeep\n|turn|12\n|\n|move|p1a: Serperior|Leaf Storm|p2a: Heatran\n|-resisted|p2a: Heatran\n|-damage|p2a: Heatran|93\/100 par\n|-boost|p1a: Serperior|spa|2\n|move|p2a: Heatran|Magma Storm|p1a: Serperior\n|-supereffective|p1a: Serperior\n|-end|p1a: Serperior|Substitute\n|\n|-heal|p1a: Serperior|58\/100|[from] item: Leftovers\n|-heal|p2a: Heatran|99\/100 par|[from] item: Leftovers\n|-sideend|p1: CRUST2TOP|move: Light Screen\n|upkeep\n|turn|13\n|\n|move|p1a: Serperior|Leaf Storm|p2a: Heatran\n|-resisted|p2a: Heatran\n|-damage|p2a: Heatran|83\/100 par\n|-boost|p1a: Serperior|spa|2\n|move|p2a: Heatran|Magma Storm|p1a: Serperior\n|-supereffective|p1a: Serperior\n|-damage|p1a: Serperior|0 fnt\n|faint|p1a: Serperior\n|\n|-heal|p2a: Heatran|90\/100 par|[from] item: Leftovers\n|upkeep\n|\n|switch|p1a: Tapu Koko|Tapu Koko|66\/100 brn\n|-damage|p1a: Tapu Koko|54\/100 brn|[from] Stealth Rock\n|-fieldstart|move: Electric Terrain|[from] ability: Electric Surge|[of] p1a: Tapu Koko\n|turn|14\n|\n|switch|p2a: Diancie|Diancie-Mega, shiny|52\/100\n|move|p1a: Tapu Koko|Light Screen|p1a: Tapu Koko\n|-sidestart|p1: CRUST2TOP|move: Light Screen\n|\n|-damage|p1a: Tapu Koko|48\/100 brn|[from] brn\n|-sideend|p1: CRUST2TOP|Reflect\n|upkeep\n|turn|15\n|\n|move|p1a: Tapu Koko|Discharge|p2a: Diancie\n|-damage|p2a: Diancie|0 fnt\n|faint|p2a: Diancie\n|\n|-damage|p1a: Tapu Koko|42\/100 brn|[from] brn\n|upkeep\n|\n|switch|p2a: Weavile|Weavile, F|100\/100\n|-ability|p2a: Weavile|Pressure\n|turn|16\n|\n|move|p2a: Weavile|Ice Shard|p1a: Tapu Koko\n|-damage|p1a: Tapu Koko|10\/100 brn\n|move|p1a: Tapu Koko|Reflect|p1a: Tapu Koko\n|-sidestart|p1: CRUST2TOP|Reflect\n|\n|-damage|p1a: Tapu Koko|4\/100 brn|[from] brn\n|upkeep\n|turn|17\n|\n|move|p2a: Weavile|Ice Shard|p1a: Tapu Koko\n|-damage|p1a: Tapu Koko|0 fnt\n|faint|p1a: Tapu Koko\n|\n|upkeep\n|\n|switch|p1a: Hawlucha|Hawlucha, M|100\/100\n|-enditem|p1a: Hawlucha|Electric Seed\n|-boost|p1a: Hawlucha|def|1\n|-damage|p1a: Hawlucha|88\/100|[from] Stealth Rock\n|turn|18\n|\n|move|p2a: Weavile|Ice Shard|p1a: Hawlucha\n|-supereffective|p1a: Hawlucha\n|-damage|p1a: Hawlucha|62\/100\n|move|p1a: Hawlucha|High Jump Kick|p2a: Weavile\n|-supereffective|p2a: Weavile\n|-damage|p2a: Weavile|0 fnt\n|faint|p2a: Weavile\n|\n|-fieldend|move: Electric Terrain\n|upkeep\n|\n|switch|p2a: Tangrowth|Tangrowth, F, shiny|100\/100\n|turn|19\n|-message|H4WT \u2605 forfeited.\n|\n|win|CRUST2TOP\n|l|\u2606H4WT \u2605\n|c|\u2606CRUST2TOP|gg\n|raw|CRUST2TOP's rating: 1659 &rarr; <strong>1680<\/strong><br \/>(+21 for winning)\n|raw|H4WT \u2605's rating: 1676 &rarr; <strong>1655<\/strong><br \/>(-21 for losing)\n","uploadtime":1537961422,"views":30,"p1id":"crust2top","p2id":"h4wt","formatid":"gen7ou","rating":1655,"private":0,"password":null}