{"id":"gen7ou-1154525602","p1":"Hajmola","p2":"AkaSushi","format":"gen7ou","log":"|j|\u2606Hajmola\n|j|\u2606AkaSushi\n|player|p1|Hajmola|pokefan|1173\n|player|p2|AkaSushi|265|1198\n|teamsize|p1|6\n|teamsize|p2|6\n|gametype|singles\n|gen|7\n|tier|[Gen 7] OU\n|rated|\n|clearpoke\n|poke|p1|Diancie|item\n|poke|p1|Kyurem-Black|item\n|poke|p1|Serperior, M|item\n|poke|p1|Gliscor, M|item\n|poke|p1|Victini|item\n|poke|p1|Keldeo|item\n|poke|p2|Tornadus-Therian, M|item\n|poke|p2|Landorus-Therian, M|item\n|poke|p2|Celesteela|item\n|poke|p2|Serperior, M|item\n|poke|p2|Toxapex, F|item\n|poke|p2|Medicham, M|item\n|rule|Sleep Clause Mod: Limit one foe put to sleep\n|rule|Species Clause: Limit one of each Pok\u00e9mon\n|rule|OHKO Clause: OHKO moves are banned\n|rule|Moody Clause: Moody is banned\n|rule|Evasion Moves Clause: Evasion moves are banned\n|rule|Endless Battle Clause: Forcing endless battles is banned\n|rule|HP Percentage Mod: HP is shown in percentages\n|teampreview\n|\n|start\n|switch|p1a: Kyurem|Kyurem-Black, shiny|100\/100\n|switch|p2a: Tornadus|Tornadus-Therian, M|100\/100\n|-ability|p1a: Kyurem|Teravolt\n|turn|1\n|inactive|Battle timer is ON: inactive players will automatically lose when time's up. (requested by Hajmola)\n|\n|switch|p2a: Toxapex|Toxapex, F, shiny|100\/100\n|move|p1a: Kyurem|Ice Beam|p2a: Toxapex\n|-resisted|p2a: Toxapex\n|-damage|p2a: Toxapex|84\/100\n|-damage|p1a: Kyurem|91\/100|[from] item: Life Orb\n|\n|-heal|p2a: Toxapex|90\/100|[from] item: Black Sludge\n|upkeep\n|turn|2\n|\n|move|p1a: Kyurem|Fusion Bolt|p2a: Toxapex\n|-supereffective|p2a: Toxapex\n|-damage|p2a: Toxapex|21\/100\n|-damage|p1a: Kyurem|81\/100|[from] item: Life Orb\n|move|p2a: Toxapex|Toxic Spikes|p1a: Kyurem\n|-sidestart|p1: Hajmola|move: Toxic Spikes\n|\n|-heal|p2a: Toxapex|27\/100|[from] item: Black Sludge\n|upkeep\n|turn|3\n|\n|move|p1a: Kyurem|Ice Beam|p2a: Toxapex\n|-resisted|p2a: Toxapex\n|-damage|p2a: Toxapex|8\/100\n|-damage|p1a: Kyurem|71\/100|[from] item: Life Orb\n|move|p2a: Toxapex|Toxic Spikes|p1a: Kyurem\n|-sidestart|p1: Hajmola|move: Toxic Spikes\n|\n|-heal|p2a: Toxapex|15\/100|[from] item: Black Sludge\n|upkeep\n|turn|4\n|\n|move|p1a: Kyurem|Ice Beam|p2a: Toxapex\n|-resisted|p2a: Toxapex\n|-damage|p2a: Toxapex|0 fnt\n|-damage|p1a: Kyurem|61\/100|[from] item: Life Orb\n|faint|p2a: Toxapex\n|\n|upkeep\n|\n|switch|p2a: Medicham|Medicham, M|100\/100\n|turn|5\n|\n|switch|p1a: Diancie|Diancie, shiny|100\/100\n|-status|p1a: Diancie|tox\n|detailschange|p2a: Medicham|Medicham-Mega, M\n|-mega|p2a: Medicham|Medicham|Medichamite\n|move|p2a: Medicham|Fake Out|p1a: Diancie\n|-resisted|p1a: Diancie\n|-damage|p1a: Diancie|89\/100 tox\n|\n|-damage|p1a: Diancie|83\/100 tox|[from] psn\n|upkeep\n|turn|6\n|\n|detailschange|p1a: Diancie|Diancie-Mega, shiny\n|-mega|p1a: Diancie|Diancie|Diancite\n|move|p2a: Medicham|Ice Punch|p1a: Diancie\n|-damage|p1a: Diancie|28\/100 tox\n|move|p1a: Diancie|Psychic|p2a: Medicham\n|-damage|p2a: Medicham|48\/100\n|\n|-damage|p1a: Diancie|16\/100 tox|[from] psn\n|upkeep\n|turn|7\n|inactive|Hajmola has 120 seconds left.\n|\n|switch|p1a: Kyurem|Kyurem-Black, shiny|61\/100\n|-status|p1a: Kyurem|tox\n|-ability|p1a: Kyurem|Teravolt\n|move|p2a: Medicham|Ice Punch|p1a: Kyurem\n|-damage|p1a: Kyurem|19\/100 tox\n|\n|-damage|p1a: Kyurem|13\/100 tox|[from] psn\n|upkeep\n|turn|8\n|inactive|Hajmola has 120 seconds left.\n|\n|move|p2a: Medicham|Ice Punch|p1a: Kyurem\n|-damage|p1a: Kyurem|0 fnt\n|faint|p1a: Kyurem\n|\n|upkeep\n|-message|Hajmola forfeited.\n|\n|win|AkaSushi\n||Ladder (probably) updated, but score could not be retrieved (Request timeout).\n","uploadtime":1595257155,"views":11,"p1id":"hajmola","p2id":"akasushi","formatid":"gen7ou","rating":0,"private":0,"password":null}