{"id":"gen7ou-883296343","p1":"kobe_pain","p2":"HQSFun","format":"gen7ou","log":"|j|\u2606kobe_pain\n|j|\u2606HQSFun\n|player|p1|kobe_pain|209\n|player|p2|HQSFun|260\n|teamsize|p1|6\n|teamsize|p2|6\n|gametype|singles\n|gen|7\n|tier|[Gen 7] OU\n|rated|\n|rule|Sleep Clause Mod: Limit one foe put to sleep\n|rule|Species Clause: Limit one of each Pok\u00e9mon\n|rule|OHKO Clause: OHKO moves are banned\n|rule|Moody Clause: Moody is banned\n|rule|Evasion Moves Clause: Evasion moves are banned\n|rule|Endless Battle Clause: Forcing endless battles is banned\n|rule|HP Percentage Mod: HP is shown in percentages\n|clearpoke\n|poke|p1|Victini|item\n|poke|p1|Garchomp, F|item\n|poke|p1|Landorus-Therian, M|item\n|poke|p1|Ferrothorn, M|item\n|poke|p1|Greninja, M|item\n|poke|p1|Mawile, F|item\n|poke|p2|Sceptile, F|item\n|poke|p2|Heatran, F|item\n|poke|p2|Gastrodon-East, F|item\n|poke|p2|Zapdos|item\n|poke|p2|Tapu Lele|item\n|poke|p2|Kartana|item\n|teampreview\n|\n|start\n|switch|p1a: Victini|Victini|100\/100\n|switch|p2a: Tapu Lele|Tapu Lele|100\/100\n|-fieldstart|move: Psychic Terrain|[from] ability: Psychic Surge|[of] p2a: Tapu Lele\n|turn|1\n|inactive|Battle timer is ON: inactive players will automatically lose when time's up. (requested by HQSFun)\n|\n|switch|p2a: Heatran|Heatran, F|100\/100\n|move|p1a: Victini|U-turn|p2a: Heatran\n|-resisted|p2a: Heatran\n|-damage|p2a: Heatran|94\/100\n|\n|switch|p1a: Garchomp|Garchomp, F|100\/100\n|\n|-heal|p2a: Heatran|99\/100|[from] item: Leftovers\n|upkeep\n|turn|2\n|\n|switch|p2a: Sceptile|Sceptile, F|100\/100\n|move|p1a: Garchomp|Swords Dance|p1a: Garchomp\n|-boost|p1a: Garchomp|atk|2\n|\n|upkeep\n|turn|3\n|\n|detailschange|p2a: Sceptile|Sceptile-Mega, F\n|-mega|p2a: Sceptile|Sceptile|Sceptilite\n|move|p2a: Sceptile|Dragon Pulse|p1a: Garchomp\n|-supereffective|p1a: Garchomp\n|-damage|p1a: Garchomp|1\/100\n|-zpower|p1a: Garchomp\n|move|p1a: Garchomp|Continental Crush|p2a: Sceptile|[zeffect]\n|-damage|p2a: Sceptile|0 fnt\n|faint|p2a: Sceptile\n|\n|upkeep\n|j| Scientist Kurt\n|j| Eureka761\n|\n|switch|p2a: Kartana|Kartana|100\/100\n|turn|4\n|\n|switch|p1a: Ferrothorn|Ferrothorn, M|100\/100\n|move|p2a: Kartana|Knock Off|p1a: Ferrothorn\n|-damage|p1a: Ferrothorn|66\/100\n|-damage|p2a: Kartana|88\/100|[from] ability: Iron Barbs|[of] p1a: Ferrothorn\n|-enditem|p1a: Ferrothorn|Leftovers|[from] move: Knock Off|[of] p2a: Kartana\n|\n|upkeep\n|turn|5\n|\n|switch|p2a: Heatran|Heatran, F|99\/100\n|move|p1a: Ferrothorn|Leech Seed|p2a: Heatran\n|-start|p2a: Heatran|move: Leech Seed\n|\n|-heal|p2a: Heatran|100\/100|[from] item: Leftovers\n|-damage|p2a: Heatran|88\/100|[from] Leech Seed|[of] p1a: Ferrothorn\n|-heal|p1a: Ferrothorn|79\/100|[silent]\n|-fieldend|move: Psychic Terrain\n|upkeep\n|turn|6\n|\n|switch|p1a: Garchomp|Garchomp, F|1\/100\n|move|p2a: Heatran|Stealth Rock|p1a: Garchomp\n|-sidestart|p1: kobe_pain|move: Stealth Rock\n|\n|-heal|p2a: Heatran|94\/100|[from] item: Leftovers\n|-damage|p2a: Heatran|82\/100|[from] Leech Seed|[of] p1a: Garchomp\n|-heal|p1a: Garchomp|15\/100|[silent]\n|upkeep\n|turn|7\n|\n|switch|p2a: Zapdos|Zapdos|100\/100\n|move|p1a: Garchomp|Stealth Rock|p2a: Zapdos\n|-sidestart|p2: HQSFun|move: Stealth Rock\n|\n|upkeep\n|turn|8\n|\n|move|p1a: Garchomp|Stone Edge|p2a: Zapdos\n|-supereffective|p2a: Zapdos\n|-damage|p2a: Zapdos|50\/100\n|move|p2a: Zapdos|Heat Wave|p1a: Garchomp\n|-resisted|p1a: Garchomp\n|-damage|p1a: Garchomp|1\/100\n|\n|upkeep\n|turn|9\n|\n|move|p1a: Garchomp|Stone Edge|p2a: Zapdos|[miss]\n|-miss|p1a: Garchomp|p2a: Zapdos\n|move|p2a: Zapdos|Roost|p2a: Zapdos\n|-heal|p2a: Zapdos|100\/100\n|-singleturn|p2a: Zapdos|move: Roost\n|\n|upkeep\n|turn|10\n|\n|move|p1a: Garchomp|Stone Edge|p2a: Zapdos\n|-supereffective|p2a: Zapdos\n|-damage|p2a: Zapdos|54\/100\n|move|p2a: Zapdos|Heat Wave|p1a: Garchomp\n|-resisted|p1a: Garchomp\n|-damage|p1a: Garchomp|0 fnt\n|faint|p1a: Garchomp\n|\n|upkeep\n|\n|switch|p1a: Greninja|Greninja, M|100\/100\n|-damage|p1a: Greninja|88\/100|[from] Stealth Rock\n|turn|11\n|\n|switch|p2a: Gastrodon|Gastrodon-East, F|100\/100\n|-damage|p2a: Gastrodon|94\/100|[from] Stealth Rock\n|move|p1a: Greninja|Dark Pulse|p2a: Gastrodon\n|-damage|p2a: Gastrodon|62\/100\n|\n|-heal|p2a: Gastrodon|68\/100|[from] item: Leftovers\n|upkeep\n|turn|12\n|\n|move|p1a: Greninja|Dark Pulse|p2a: Gastrodon\n|-damage|p2a: Gastrodon|35\/100\n|move|p2a: Gastrodon|Toxic|p1a: Greninja\n|-status|p1a: Greninja|tox\n|\n|-heal|p2a: Gastrodon|41\/100|[from] item: Leftovers\n|-damage|p1a: Greninja|82\/100 tox|[from] psn\n|upkeep\n|turn|13\n|\n|move|p1a: Greninja|Dark Pulse|p2a: Gastrodon\n|-damage|p2a: Gastrodon|3\/100\n|move|p2a: Gastrodon|Recover|p2a: Gastrodon\n|-heal|p2a: Gastrodon|53\/100\n|\n|-heal|p2a: Gastrodon|60\/100|[from] item: Leftovers\n|-damage|p1a: Greninja|70\/100 tox|[from] psn\n|upkeep\n|turn|14\n|\n|switch|p1a: Ferrothorn|Ferrothorn, M|79\/100\n|-damage|p1a: Ferrothorn|73\/100|[from] Stealth Rock\n|move|p2a: Gastrodon|Recover|p2a: Gastrodon\n|-heal|p2a: Gastrodon|100\/100\n|\n|upkeep\n|turn|15\n|\n|switch|p2a: Kartana|Kartana|88\/100\n|-damage|p2a: Kartana|82\/100|[from] Stealth Rock\n|move|p1a: Ferrothorn|Leech Seed|p2a: Kartana\n|-immune|p2a: Kartana\n|\n|upkeep\n|turn|16\n|\n|switch|p2a: Tapu Lele|Tapu Lele|100\/100\n|-damage|p2a: Tapu Lele|88\/100|[from] Stealth Rock\n|-fieldstart|move: Psychic Terrain|[from] ability: Psychic Surge|[of] p2a: Tapu Lele\n|switch|p1a: Landorus|Landorus-Therian, M|100\/100\n|-damage|p1a: Landorus|88\/100|[from] Stealth Rock\n|-ability|p1a: Landorus|Intimidate|boost\n|-unboost|p2a: Tapu Lele|atk|1\n|\n|upkeep\n|turn|17\n|\n|move|p1a: Landorus|U-turn|p2a: Tapu Lele\n|-damage|p2a: Tapu Lele|49\/100\n|inactive|kobe_pain has 120 seconds left.\n|\n|switch|p1a: Greninja|Greninja, M|70\/100 tox\n|-damage|p1a: Greninja|58\/100 tox|[from] Stealth Rock\n|move|p2a: Tapu Lele|Psyshock|p1a: Greninja\n|-immune|p1a: Greninja\n|\n|-damage|p1a: Greninja|52\/100 tox|[from] psn\n|upkeep\n|turn|18\n|\n|switch|p2a: Gastrodon|Gastrodon-East, F|100\/100\n|-damage|p2a: Gastrodon|94\/100|[from] Stealth Rock\n|move|p1a: Greninja|Spikes|p2a: Gastrodon\n|-sidestart|p2: HQSFun|Spikes\n|\n|-heal|p2a: Gastrodon|100\/100|[from] item: Leftovers\n|-damage|p1a: Greninja|40\/100 tox|[from] psn\n|upkeep\n|turn|19\n|\n|switch|p1a: Ferrothorn|Ferrothorn, M|73\/100\n|-damage|p1a: Ferrothorn|67\/100|[from] Stealth Rock\n|switch|p2a: Zapdos|Zapdos|54\/100\n|-damage|p2a: Zapdos|29\/100|[from] Stealth Rock\n|\n|upkeep\n|turn|20\n|\n|move|p2a: Zapdos|Defog|p1a: Ferrothorn\n|-unboost|p1a: Ferrothorn|evasion|1\n|-sideend|p1: kobe_pain|Stealth Rock|[from] move: Defog|[of] p2a: Zapdos\n|-sideend|p2: HQSFun|Spikes|[from] move: Defog|[of] p2a: Zapdos\n|-sideend|p2: HQSFun|Stealth Rock|[from] move: Defog|[of] p2a: Zapdos\n|move|p1a: Ferrothorn|Leech Seed|p2a: Zapdos\n|-start|p2a: Zapdos|move: Leech Seed\n|\n|-damage|p2a: Zapdos|17\/100|[from] Leech Seed|[of] p1a: Ferrothorn\n|-heal|p1a: Ferrothorn|80\/100|[silent]\n|-fieldend|move: Psychic Terrain\n|upkeep\n|turn|21\n|\n|switch|p1a: Landorus|Landorus-Therian, M|88\/100\n|-ability|p1a: Landorus|Intimidate|boost\n|-unboost|p2a: Zapdos|atk|1\n|move|p2a: Zapdos|Roost|p2a: Zapdos\n|-heal|p2a: Zapdos|67\/100\n|-singleturn|p2a: Zapdos|move: Roost\n|\n|-damage|p2a: Zapdos|55\/100|[from] Leech Seed|[of] p1a: Landorus\n|-heal|p1a: Landorus|100\/100|[silent]\n|upkeep\n|turn|22\n|\n|move|p1a: Landorus|Stone Edge|p2a: Zapdos\n|-supereffective|p2a: Zapdos\n|-damage|p2a: Zapdos|8\/100\n|move|p2a: Zapdos|Roost|p2a: Zapdos\n|-heal|p2a: Zapdos|58\/100\n|-singleturn|p2a: Zapdos|move: Roost\n|\n|-damage|p2a: Zapdos|46\/100|[from] Leech Seed|[of] p1a: Landorus\n|upkeep\n|turn|23\n|\n|switch|p2a: Kartana|Kartana|82\/100\n|move|p1a: Landorus|Stone Edge|p2a: Kartana\n|-resisted|p2a: Kartana\n|-damage|p2a: Kartana|65\/100\n|\n|upkeep\n|turn|24\n|\n|switch|p1a: Mawile|Mawile, F|100\/100\n|-ability|p1a: Mawile|Intimidate|boost\n|-unboost|p2a: Kartana|atk|1\n|move|p2a: Kartana|Knock Off|p1a: Mawile\n|-resisted|p1a: Mawile\n|-damage|p1a: Mawile|86\/100\n|\n|upkeep\n|turn|25\n|\n|switch|p2a: Heatran|Heatran, F|82\/100\n|switch|p1a: Landorus|Landorus-Therian, M|100\/100\n|-ability|p1a: Landorus|Intimidate|boost\n|-unboost|p2a: Heatran|atk|1\n|\n|-heal|p2a: Heatran|88\/100|[from] item: Leftovers\n|upkeep\n|turn|26\n|\n|move|p1a: Landorus|Stone Edge|p2a: Heatran|[miss]\n|-miss|p1a: Landorus|p2a: Heatran\n|move|p2a: Heatran|Stealth Rock|p1a: Landorus\n|-sidestart|p1: kobe_pain|move: Stealth Rock\n|\n|-heal|p2a: Heatran|94\/100|[from] item: Leftovers\n|upkeep\n|turn|27\n|\n|switch|p1a: Greninja|Greninja, M|40\/100 tox\n|-damage|p1a: Greninja|28\/100 tox|[from] Stealth Rock\n|move|p2a: Heatran|Magma Storm|p1a: Greninja|[miss]\n|-miss|p2a: Heatran|p1a: Greninja\n|\n|-heal|p2a: Heatran|100\/100|[from] item: Leftovers\n|-damage|p1a: Greninja|22\/100 tox|[from] psn\n|upkeep\n|turn|28\n|\n|switch|p2a: Gastrodon|Gastrodon-East, F|100\/100\n|move|p1a: Greninja|Spikes|p2a: Gastrodon\n|-sidestart|p2: HQSFun|Spikes\n|\n|-damage|p1a: Greninja|10\/100 tox|[from] psn\n|upkeep\n|turn|29\n|\n|switch|p2a: Zapdos|Zapdos|46\/100\n|move|p1a: Greninja|Spikes|p2a: Zapdos\n|-sidestart|p2: HQSFun|Spikes\n|\n|-damage|p1a: Greninja|0 fnt|[from] psn\n|faint|p1a: Greninja\n|upkeep\n|\n|switch|p1a: Landorus|Landorus-Therian, M|100\/100\n|-damage|p1a: Landorus|88\/100|[from] Stealth Rock\n|-ability|p1a: Landorus|Intimidate|boost\n|-unboost|p2a: Zapdos|atk|1\n|turn|30\n|\n|move|p1a: Landorus|Stone Edge|p2a: Zapdos|[miss]\n|-miss|p1a: Landorus|p2a: Zapdos\n|move|p2a: Zapdos|Roost|p2a: Zapdos\n|-heal|p2a: Zapdos|96\/100\n|-singleturn|p2a: Zapdos|move: Roost\n|\n|upkeep\n|turn|31\n|-message|kobe_pain forfeited.\n|\n|win|HQSFun\n|l|\u2606kobe_pain\n|raw|kobe_pain's rating: 1660 &rarr; <strong>1643<\/strong><br \/>(-17 for losing)\n|raw|HQSFun's rating: 1718 &rarr; <strong>1735<\/strong><br \/>(+17 for winning)\n|c|\u2606HQSFun|sorry\n","uploadtime":1553773463,"views":22,"p1id":"kobepain","p2id":"hqsfun","formatid":"gen7ou","rating":1643,"private":0,"password":null}