{"id":"gen7ou-925611975","p1":"Jakkkkkka","p2":"EMIL_OLBERG","format":"gen7ou","log":"|j|\u2606Jakkkkkka\n|j|\u2606EMIL_OLBERG\n|player|p1|Jakkkkkka|137\n|player|p2|EMIL_OLBERG|29\n|teamsize|p1|6\n|teamsize|p2|6\n|gametype|singles\n|gen|7\n|tier|[Gen 7] OU\n|rated|\n|rule|Sleep Clause Mod: Limit one foe put to sleep\n|rule|Species Clause: Limit one of each Pok\u00e9mon\n|rule|OHKO Clause: OHKO moves are banned\n|rule|Moody Clause: Moody is banned\n|rule|Evasion Moves Clause: Evasion moves are banned\n|rule|Endless Battle Clause: Forcing endless battles is banned\n|rule|HP Percentage Mod: HP is shown in percentages\n|clearpoke\n|poke|p1|Nidoking, M|item\n|poke|p1|Tyranitar, M|item\n|poke|p1|Greninja, M|item\n|poke|p1|Celesteela|item\n|poke|p1|Serperior, M|item\n|poke|p1|Chansey, F|item\n|poke|p2|Mawile, F|item\n|poke|p2|Greninja, M|item\n|poke|p2|Ferrothorn, M|item\n|poke|p2|Garchomp, F|item\n|poke|p2|Heatran, F|item\n|poke|p2|Tornadus-Therian, M|item\n|teampreview\n|inactive|Battle timer is ON: inactive players will automatically lose when time's up. (requested by EMIL_OLBERG)\n|\n|start\n|switch|p1a: Nidoking|Nidoking, M|303\/303\n|switch|p2a: Greninja|Greninja, M|285\/285\n|turn|1\n|\n|switch|p1a: Chansey|Chansey, F|703\/703\n|move|p2a: Greninja|Ice Beam|p1a: Chansey\n|-damage|p1a: Chansey|616\/703\n|\n|upkeep\n|turn|2\n|\n|switch|p2a: Tornadus|Tornadus-Therian, M|299\/299\n|switch|p1a: Tyranitar|Tyranitar, M|341\/341\n|-weather|Sandstorm|[from] ability: Sand Stream|[of] p1a: Tyranitar\n|\n|-weather|Sandstorm|[upkeep]\n|-damage|p2a: Tornadus|281\/299|[from] Sandstorm\n|upkeep\n|turn|3\n|\n|detailschange|p1a: Tyranitar|Tyranitar-Mega, M\n|-mega|p1a: Tyranitar|Tyranitar|Tyranitarite\n|-zpower|p2a: Tornadus\n|move|p2a: Tornadus|All-Out Pummeling|p1a: Tyranitar|[zeffect]\n|-supereffective|p1a: Tyranitar\n|-damage|p1a: Tyranitar|0 fnt\n|faint|p1a: Tyranitar\n|\n|-weather|Sandstorm|[upkeep]\n|-damage|p2a: Tornadus|263\/299|[from] Sandstorm\n|upkeep\n|inactive|Jakkkkkka has 120 seconds left.\n|\n|switch|p1a: Celesteela|Celesteela|398\/398\n|turn|4\n|\n|move|p2a: Tornadus|Taunt|p1a: Celesteela\n|-start|p1a: Celesteela|move: Taunt\n|move|p1a: Celesteela|Heavy Slam|p2a: Tornadus\n|-damage|p2a: Tornadus|85\/299\n|\n|-weather|Sandstorm|[upkeep]\n|-damage|p2a: Tornadus|67\/299|[from] Sandstorm\n|upkeep\n|turn|5\n|\n|switch|p2a: Garchomp|Garchomp, F|379\/379\n|switch|p1a: Chansey|Chansey, F|616\/703\n|\n|-weather|Sandstorm|[upkeep]\n|-damage|p1a: Chansey|573\/703|[from] Sandstorm\n|upkeep\n|turn|6\n|\n|move|p2a: Garchomp|Stealth Rock|p1a: Chansey\n|-sidestart|p1: Jakkkkkka|move: Stealth Rock\n|move|p1a: Chansey|Toxic|p2a: Garchomp\n|-status|p2a: Garchomp|tox\n|\n|-weather|none\n|-damage|p2a: Garchomp|356\/379 tox|[from] psn\n|upkeep\n|turn|7\n|\n|switch|p2a: Ferrothorn|Ferrothorn, M|352\/352\n|switch|p1a: Celesteela|Celesteela|398\/398\n|-damage|p1a: Celesteela|349\/398|[from] Stealth Rock\n|\n|-heal|p1a: Celesteela|373\/398|[from] item: Leftovers\n|upkeep\n|turn|8\n|inactive|Jakkkkkka has 120 seconds left.\n|\n|switch|p2a: Heatran|Heatran, F|385\/385\n|move|p1a: Celesteela|Flamethrower|p2a: Heatran\n|-start|p2a: Heatran|ability: Flash Fire\n|\n|-heal|p1a: Celesteela|397\/398|[from] item: Leftovers\n|upkeep\n|turn|9\n|\n|switch|p1a: Greninja|Greninja, M|285\/285\n|-damage|p1a: Greninja|250\/285|[from] Stealth Rock\n|move|p2a: Heatran|Magma Storm|p1a: Greninja\n|-resisted|p1a: Greninja\n|-damage|p1a: Greninja|95\/285\n|-activate|p1a: Greninja|move: Magma Storm|[of] p2a: Heatran\n|\n|-damage|p1a: Greninja|60\/285|[from] move: Magma Storm|[partiallytrapped]\n|upkeep\n|turn|10\n|\n|-end|p2a: Heatran|ability: Flash Fire|[silent]\n|switch|p2a: Ferrothorn|Ferrothorn, M|352\/352\n|move|p1a: Greninja|Hydro Pump|p2a: Ferrothorn\n|-resisted|p2a: Ferrothorn\n|-damage|p2a: Ferrothorn|266\/352\n|\n|-heal|p2a: Ferrothorn|288\/352|[from] item: Leftovers\n|-end|p1a: Greninja|Magma Storm|[partiallytrapped]|[silent]\n|upkeep\n|turn|11\n|-message|Jakkkkkka forfeited.\n|\n|win|EMIL_OLBERG\n|l|\u2606Jakkkkkka\n","uploadtime":1560168992,"views":4,"p1id":"jakkkkkka","p2id":"emilolberg","formatid":"gen7ou","rating":0,"private":0,"password":null}