{"id":"gen7ou-780337154","p1":"Toxabelle","p2":"gare23limit","format":"gen7ou","log":"|j|\u2606Toxabelle\n|j|\u2606gare23limit\n|player|p1|Toxabelle|169\n|player|p2|gare23limit|162\n|teamsize|p1|6\n|teamsize|p2|6\n|gametype|singles\n|gen|7\n|tier|[Gen 7] OU\n|rated|\n|rule|Sleep Clause Mod: Limit one foe put to sleep\n|rule|Species Clause: Limit one of each Pok\u00e9mon\n|rule|OHKO Clause: OHKO moves are banned\n|rule|Moody Clause: Moody is banned\n|rule|Evasion Moves Clause: Evasion moves are banned\n|rule|Endless Battle Clause: Forcing endless battles is banned\n|rule|HP Percentage Mod: HP is shown in percentages\n|clearpoke\n|poke|p1|Weavile, M|item\n|poke|p1|Charizard, F|item\n|poke|p1|Slowbro, M|item\n|poke|p1|Kartana|item\n|poke|p1|Gliscor, F|item\n|poke|p1|Chansey, F|item\n|poke|p2|Zapdos|item\n|poke|p2|Venusaur, F|item\n|poke|p2|Gliscor, M|item\n|poke|p2|Clefable, M|item\n|poke|p2|Jirachi|item\n|poke|p2|Chansey, F|item\n|teampreview\n|inactive|Battle timer is ON: inactive players will automatically lose when time's up. (requested by gare23limit)\n|j|+lord death man\n|inactive|Toxabelle has 135 seconds left.\n|inactive|gare23limit has 135 seconds left.\n|\n|start\n|switch|p1a: Weavile|Weavile, M|100\/100\n|switch|p2a: Venusaur|Venusaur, F, shiny|100\/100\n|-ability|p1a: Weavile|Pressure\n|turn|1\n|inactive|gare23limit has 135 seconds left.\n|inactive|gare23limit has 120 seconds left.\n|\n|switch|p1a: Chansey|Chansey, F|100\/100\n|detailschange|p2a: Venusaur|Venusaur-Mega, F, shiny\n|-mega|p2a: Venusaur|Venusaur|Venusaurite\n|move|p2a: Venusaur|Giga Drain|p1a: Chansey\n|-damage|p1a: Chansey|92\/100\n|\n|upkeep\n|turn|2\n|\n|switch|p2a: Jirachi|Jirachi|100\/100\n|move|p1a: Chansey|Stealth Rock|p2a: Jirachi\n|-sidestart|p2: gare23limit|move: Stealth Rock\n|\n|upkeep\n|turn|3\n|\n|switch|p1a: Charizard|Charizard, F|100\/100\n|move|p2a: Jirachi|U-turn|p1a: Charizard\n|-resisted|p1a: Charizard\n|-damage|p1a: Charizard|94\/100\n|\n|switch|p2a: Gliscor|Gliscor, M|100\/100\n|-damage|p2a: Gliscor|88\/100|[from] Stealth Rock\n|\n|-status|p2a: Gliscor|tox|[from] item: Toxic Orb\n|upkeep\n|turn|4\n|\n|detailschange|p1a: Charizard|Charizard-Mega-Y, F\n|-mega|p1a: Charizard|Charizard|Charizardite Y\n|-weather|SunnyDay|[from] ability: Drought|[of] p1a: Charizard\n|move|p1a: Charizard|Flamethrower|p2a: Gliscor\n|-crit|p2a: Gliscor\n|-damage|p2a: Gliscor|0 fnt\n|faint|p2a: Gliscor\n|\n|-weather|SunnyDay|[upkeep]\n|upkeep\n|\n|switch|p2a: Chansey|Chansey, F, shiny|100\/100\n|-damage|p2a: Chansey|88\/100|[from] Stealth Rock\n|turn|5\n|\n|switch|p1a: Kartana|Kartana|100\/100\n|move|p2a: Chansey|Toxic|p1a: Kartana\n|-immune|p1a: Kartana|[msg]\n|\n|-weather|SunnyDay|[upkeep]\n|upkeep\n|turn|6\n|j| brip ship\n|\n|switch|p2a: Venusaur|Venusaur-Mega, F, shiny|100\/100\n|-damage|p2a: Venusaur|88\/100|[from] Stealth Rock\n|move|p1a: Kartana|Knock Off|p2a: Venusaur\n|-damage|p2a: Venusaur|70\/100\n|\n|-weather|SunnyDay|[upkeep]\n|upkeep\n|turn|7\n|\n|switch|p1a: Chansey|Chansey, F|92\/100\n|move|p2a: Venusaur|Leech Seed|p1a: Chansey\n|-start|p1a: Chansey|move: Leech Seed\n|\n|-weather|SunnyDay|[upkeep]\n|-damage|p1a: Chansey|79\/100|[from] Leech Seed|[of] p2a: Venusaur\n|-heal|p2a: Venusaur|94\/100|[silent]\n|upkeep\n|turn|8\n|c| brip ship|uh oh doesnt chansey just win?\n|\n|switch|p2a: Jirachi|Jirachi|100\/100\n|-damage|p2a: Jirachi|94\/100|[from] Stealth Rock\n|switch|p1a: Gliscor|Gliscor, F|100\/100\n|\n|-weather|none\n|-heal|p2a: Jirachi|100\/100|[from] item: Leftovers\n|-status|p1a: Gliscor|tox|[from] item: Toxic Orb\n|upkeep\n|turn|9\n|\n|switch|p1a: Charizard|Charizard-Mega-Y, F|94\/100\n|-weather|SunnyDay|[from] ability: Drought|[of] p1a: Charizard\n|switch|p2a: Venusaur|Venusaur-Mega, F, shiny|94\/100\n|-damage|p2a: Venusaur|82\/100|[from] Stealth Rock\n|\n|-weather|SunnyDay|[upkeep]\n|upkeep\n|turn|10\n|\n|switch|p2a: Chansey|Chansey, F, shiny|88\/100\n|-damage|p2a: Chansey|76\/100|[from] Stealth Rock\n|move|p1a: Charizard|Flamethrower|p2a: Chansey\n|-damage|p2a: Chansey|52\/100\n|-status|p2a: Chansey|brn\n|\n|-weather|SunnyDay|[upkeep]\n|-damage|p2a: Chansey|46\/100 brn|[from] brn\n|upkeep\n|turn|11\n|\n|switch|p1a: Weavile|Weavile, M|100\/100\n|-ability|p1a: Weavile|Pressure\n|move|p2a: Chansey|Soft-Boiled|p2a: Chansey\n|-heal|p2a: Chansey|96\/100 brn\n|\n|-weather|SunnyDay|[upkeep]\n|-damage|p2a: Chansey|90\/100 brn|[from] brn\n|upkeep\n|turn|12\n|\n|switch|p2a: Venusaur|Venusaur-Mega, F, shiny|82\/100\n|-damage|p2a: Venusaur|69\/100|[from] Stealth Rock\n|move|p1a: Weavile|Knock Off|p2a: Venusaur\n|-damage|p2a: Venusaur|42\/100\n|\n|-weather|SunnyDay|[upkeep]\n|upkeep\n|turn|13\n|\n|switch|p1a: Charizard|Charizard-Mega-Y, F|94\/100\n|move|p2a: Venusaur|Synthesis|p2a: Venusaur\n|-heal|p2a: Venusaur|100\/100\n|\n|-weather|none\n|upkeep\n|turn|14\n|\n|switch|p1a: Gliscor|Gliscor, F|100\/100 tox\n|move|p2a: Venusaur|Leech Seed|p1a: Gliscor\n|-start|p1a: Gliscor|move: Leech Seed\n|\n|-damage|p1a: Gliscor|88\/100 tox|[from] Leech Seed|[of] p2a: Venusaur\n|-heal|p1a: Gliscor|100\/100 tox|[from] ability: Poison Heal\n|upkeep\n|turn|15\n|\n|switch|p1a: Slowbro|Slowbro, M|100\/100\n|move|p2a: Venusaur|Giga Drain|p1a: Slowbro\n|-supereffective|p1a: Slowbro\n|-damage|p1a: Slowbro|38\/100\n|\n|upkeep\n|turn|16\n|\n|switch|p2a: Jirachi|Jirachi|100\/100\n|-damage|p2a: Jirachi|94\/100|[from] Stealth Rock\n|switch|p1a: Gliscor|Gliscor, F|100\/100 tox\n|\n|-heal|p2a: Jirachi|100\/100|[from] item: Leftovers\n|upkeep\n|turn|17\n|\n|switch|p1a: Charizard|Charizard-Mega-Y, F|94\/100\n|-weather|SunnyDay|[from] ability: Drought|[of] p1a: Charizard\n|switch|p2a: Venusaur|Venusaur-Mega, F, shiny|100\/100\n|-damage|p2a: Venusaur|88\/100|[from] Stealth Rock\n|\n|-weather|SunnyDay|[upkeep]\n|upkeep\n|turn|18\n|\n|switch|p2a: Chansey|Chansey, F, shiny|90\/100\n|-damage|p2a: Chansey|77\/100|[from] Stealth Rock\n|move|p1a: Charizard|Flamethrower|p2a: Chansey\n|-damage|p2a: Chansey|54\/100\n|\n|-weather|SunnyDay|[upkeep]\n|upkeep\n|turn|19\n|\n|switch|p1a: Weavile|Weavile, M|100\/100\n|-ability|p1a: Weavile|Pressure\n|move|p2a: Chansey|Soft-Boiled|p2a: Chansey\n|-heal|p2a: Chansey|100\/100\n|\n|-weather|SunnyDay|[upkeep]\n|upkeep\n|turn|20\n|\n|-activate|p2a: Chansey|move: Pursuit\n|move|p1a: Weavile|Pursuit|p2a: Chansey|[from]Pursuit\n|-damage|p2a: Chansey|65\/100\n|switch|p2a: Venusaur|Venusaur-Mega, F, shiny|88\/100\n|-damage|p2a: Venusaur|76\/100|[from] Stealth Rock\n|\n|-weather|SunnyDay|[upkeep]\n|upkeep\n|turn|21\n|\n|switch|p1a: Gliscor|Gliscor, F|100\/100 tox\n|move|p2a: Venusaur|Leech Seed|p1a: Gliscor\n|-start|p1a: Gliscor|move: Leech Seed\n|\n|-weather|none\n|-damage|p1a: Gliscor|88\/100 tox|[from] Leech Seed|[of] p2a: Venusaur\n|-heal|p2a: Venusaur|88\/100|[silent]\n|-heal|p1a: Gliscor|100\/100 tox|[from] ability: Poison Heal\n|upkeep\n|turn|22\n|\n|switch|p1a: Charizard|Charizard-Mega-Y, F|94\/100\n|-weather|SunnyDay|[from] ability: Drought|[of] p1a: Charizard\n|move|p2a: Venusaur|Giga Drain|p1a: Charizard\n|-resisted|p1a: Charizard\n|-crit|p1a: Charizard\n|-damage|p1a: Charizard|83\/100\n|-heal|p2a: Venusaur|93\/100|[from] drain|[of] p1a: Charizard\n|\n|-weather|SunnyDay|[upkeep]\n|upkeep\n|turn|23\n|\n|move|p1a: Charizard|Flamethrower|p2a: Venusaur\n|-supereffective|p2a: Venusaur\n|-damage|p2a: Venusaur|28\/100\n|move|p2a: Venusaur|Leech Seed|p1a: Charizard\n|-start|p1a: Charizard|move: Leech Seed\n|\n|-weather|SunnyDay|[upkeep]\n|-damage|p1a: Charizard|71\/100|[from] Leech Seed|[of] p2a: Venusaur\n|-heal|p2a: Venusaur|38\/100|[silent]\n|upkeep\n|turn|24\n|\n|switch|p1a: Weavile|Weavile, M|100\/100\n|-ability|p1a: Weavile|Pressure\n|switch|p2a: Chansey|Chansey, F, shiny|65\/100\n|-damage|p2a: Chansey|53\/100|[from] Stealth Rock\n|\n|-weather|SunnyDay|[upkeep]\n|upkeep\n|turn|25\n|\n|switch|p2a: Venusaur|Venusaur-Mega, F, shiny|38\/100\n|-damage|p2a: Venusaur|26\/100|[from] Stealth Rock\n|move|p1a: Weavile|Knock Off|p2a: Venusaur\n|-damage|p2a: Venusaur|0 fnt\n|faint|p2a: Venusaur\n|\n|-weather|SunnyDay|[upkeep]\n|upkeep\n|\n|switch|p2a: Zapdos|Zapdos|100\/100\n|-damage|p2a: Zapdos|76\/100|[from] Stealth Rock\n|-ability|p2a: Zapdos|Pressure\n|turn|26\n|\n|move|p1a: Weavile|Knock Off|p2a: Zapdos\n|-damage|p2a: Zapdos|27\/100\n|-enditem|p2a: Zapdos|Leftovers|[from] move: Knock Off|[of] p1a: Weavile\n|move|p2a: Zapdos|Defog|p1a: Weavile\n|-unboost|p1a: Weavile|evasion|1\n|-sideend|p2: gare23limit|Stealth Rock|[from] move: Defog|[of] p2a: Zapdos\n|\n|-weather|none\n|upkeep\n|turn|27\n|\n|move|p1a: Weavile|Knock Off|p2a: Zapdos\n|-damage|p2a: Zapdos|0 fnt\n|faint|p2a: Zapdos\n|\n|upkeep\n|\n|switch|p2a: Jirachi|Jirachi|100\/100\n|turn|28\n|\n|move|p1a: Weavile|Knock Off|p2a: Jirachi\n|-supereffective|p2a: Jirachi\n|-damage|p2a: Jirachi|0 fnt\n|-enditem|p2a: Jirachi|Leftovers|[from] move: Knock Off|[of] p1a: Weavile\n|faint|p2a: Jirachi\n|\n|upkeep\n|c| brip ship|i love u toxabelle\n|-message|gare23limit forfeited.\n|\n|win|Toxabelle\n|l|\u2606gare23limit\n|raw|Toxabelle's rating: 1546 &rarr; <strong>1567<\/strong><br \/>(+21 for winning)\n|raw|gare23limit's rating: 1558 &rarr; <strong>1537<\/strong><br \/>(-21 for losing)\n|l|+lord death man\n","inputlog":null,"uploadtime":1532407109,"views":38,"p1id":"toxabelle","p2id":"gare23limit","formatid":"gen7ou","rating":1537,"private":0,"password":null}