{"id":"gen7uu-1177261650","p1":"Trogba Trogba","p2":"Chopskie","format":"gen7uu","log":"|j|\u2606Trogba Trogba\n|j|\u2606Chopskie\n|t:|1598659029\n|player|p1|Trogba Trogba|lance|\n|player|p2|Chopskie|209|\n|teamsize|p1|6\n|teamsize|p2|6\n|gametype|singles\n|gen|7\n|tier|[Gen 7] UU\n|rated|Tournament battle\n|clearpoke\n|poke|p1|Pidgeot, F|item\n|poke|p1|Scizor, F|item\n|poke|p1|Tentacruel, F|item\n|poke|p1|Krookodile, F|item\n|poke|p1|Diancie|item\n|poke|p1|Infernape, M|item\n|poke|p2|Stakataka|item\n|poke|p2|Reuniclus, M|item\n|poke|p2|Marowak-Alola, F|item\n|poke|p2|Porygon2|item\n|poke|p2|Crawdaunt, F|item\n|poke|p2|Bronzong|item\n|rule|Sleep Clause Mod: Limit one foe put to sleep\n|rule|Species Clause: Limit one of each Pok\u00e9mon\n|rule|OHKO Clause: OHKO moves are banned\n|rule|Moody Clause: Moody is banned\n|rule|Evasion Moves Clause: Evasion moves are banned\n|rule|Endless Battle Clause: Forcing endless battles is banned\n|rule|HP Percentage Mod: HP is shown in percentages\n|teampreview\n|j| aquamarine000\n|j| JustFranco\n|j| Asvadeth\n|c|\u2606Chopskie|hf bud\n|c|\u2606Trogba Trogba|the trick house\n|c|\u2606Chopskie|damn straight\n|\n|t:|1598659087\n|start\n|switch|p1a: Krookodile|Krookodile, F|100\/100\n|switch|p2a: bellboi|Bronzong|100\/100\n|-ability|p1a: Krookodile|Intimidate|boost\n|-unboost|p2a: bellboi|atk|1\n|turn|1\n|\n|t:|1598659098\n|move|p1a: Krookodile|Knock Off|p2a: bellboi\n|-supereffective|p2a: bellboi\n|-enditem|p2a: bellboi|Colbur Berry|[eat]\n|-enditem|p2a: bellboi|Colbur Berry|[weaken]\n|-damage|p2a: bellboi|61\/100\n|move|p2a: bellboi|Stealth Rock|p1a: Krookodile\n|-sidestart|p1: Trogba Trogba|move: Stealth Rock\n|\n|upkeep\n|turn|2\n|\n|t:|1598659103\n|move|p1a: Krookodile|Knock Off|p2a: bellboi\n|-supereffective|p2a: bellboi\n|-damage|p2a: bellboi|8\/100\n|move|p2a: bellboi|Trick Room|p2a: bellboi\n|-fieldstart|move: Trick Room|[of] p2a: bellboi\n|\n|upkeep\n|turn|3\n|\n|t:|1598659122\n|switch|p1a: Tentacruel|Tentacruel, F|100\/100\n|-damage|p1a: Tentacruel|88\/100|[from] Stealth Rock\n|move|p2a: bellboi|Explosion|p1a: Tentacruel\n|-damage|p1a: Tentacruel|50\/100\n|faint|p2a: bellboi\n|\n|-heal|p1a: Tentacruel|56\/100|[from] item: Black Sludge\n|upkeep\n|\n|t:|1598659151\n|switch|p2a: wak|Marowak-Alola, F|100\/100\n|turn|4\n|\n|t:|1598659153\n|move|p2a: wak|Shadow Bone|p1a: Tentacruel\n|-damage|p1a: Tentacruel|0 fnt\n|faint|p1a: Tentacruel\n|\n|upkeep\n|\n|t:|1598659156\n|switch|p1a: Krookodile|Krookodile, F|100\/100\n|-damage|p1a: Krookodile|94\/100|[from] Stealth Rock\n|-ability|p1a: Krookodile|Intimidate|boost\n|-unboost|p2a: wak|atk|1\n|turn|5\n|\n|t:|1598659167\n|switch|p2a: Hit The Quack|Porygon2, shiny|100\/100\n|-ability|p2a: Hit The Quack|Intimidate|[from] ability: Trace|[of] p1a: Krookodile\n|-ability|p2a: Hit The Quack|Intimidate|boost\n|-unboost|p1a: Krookodile|atk|1\n|move|p1a: Krookodile|Earthquake|p2a: Hit The Quack\n|-damage|p2a: Hit The Quack|84\/100\n|\n|upkeep\n|turn|6\n|\n|t:|1598659175\n|switch|p1a: Diancie|Diancie|100\/100\n|-damage|p1a: Diancie|88\/100|[from] Stealth Rock\n|move|p2a: Hit The Quack|Ice Beam|p1a: Diancie\n|-damage|p1a: Diancie|75\/100\n|\n|-heal|p1a: Diancie|82\/100|[from] item: Leftovers\n|-fieldend|move: Trick Room\n|upkeep\n|turn|7\n|j| Goldie107\n|\n|t:|1598659180\n|move|p1a: Diancie|Stealth Rock|p2a: Hit The Quack\n|-sidestart|p2: Chopskie|move: Stealth Rock\n|move|p2a: Hit The Quack|Trick Room|p2a: Hit The Quack\n|-fieldstart|move: Trick Room|[of] p2a: Hit The Quack\n|\n|-heal|p1a: Diancie|88\/100|[from] item: Leftovers\n|upkeep\n|turn|8\n|\n|t:|1598659194\n|switch|p2a: KKrab|Crawdaunt, F|100\/100\n|-damage|p2a: KKrab|88\/100|[from] Stealth Rock\n|move|p1a: Diancie|Moonblast|p2a: KKrab\n|-supereffective|p2a: KKrab\n|-damage|p2a: KKrab|0 fnt\n|faint|p2a: KKrab\n|\n|-heal|p1a: Diancie|94\/100|[from] item: Leftovers\n|upkeep\n|\n|t:|1598659200\n|switch|p2a: Stakatakatakataka|Stakataka|100\/100\n|-damage|p2a: Stakatakatakataka|94\/100|[from] Stealth Rock\n|turn|9\n|c|\u2606Trogba Trogba|ez reads lol\n|\n|t:|1598659207\n|switch|p1a: Krookodile|Krookodile, F|94\/100\n|-damage|p1a: Krookodile|88\/100|[from] Stealth Rock\n|-ability|p1a: Krookodile|Intimidate|boost\n|-unboost|p2a: Stakatakatakataka|atk|1\n|move|p2a: Stakatakatakataka|Gyro Ball|p1a: Krookodile\n|-damage|p1a: Krookodile|11\/100\n|\n|upkeep\n|turn|10\n|c|\u2606Chopskie|not for long\n|\n|t:|1598659227\n|switch|p1a: Diancie|Diancie|94\/100\n|-damage|p1a: Diancie|82\/100|[from] Stealth Rock\n|move|p2a: Stakatakatakataka|Gyro Ball|p1a: Diancie\n|-supereffective|p1a: Diancie\n|-damage|p1a: Diancie|0 fnt\n|faint|p1a: Diancie\n|-ability|p2a: Stakatakatakataka|Beast Boost|boost\n|-boost|p2a: Stakatakatakataka|atk|1\n|\n|upkeep\n|\n|t:|1598659243\n|switch|p1a: Pidgeot|Pidgeot, F|100\/100\n|-damage|p1a: Pidgeot|76\/100|[from] Stealth Rock\n|turn|11\n|\n|t:|1598659250\n|detailschange|p1a: Pidgeot|Pidgeot-Mega, F\n|-mega|p1a: Pidgeot|Pidgeot|Pidgeotite\n|move|p2a: Stakatakatakataka|Stone Edge|p1a: Pidgeot\n|-supereffective|p1a: Pidgeot\n|-damage|p1a: Pidgeot|0 fnt\n|faint|p1a: Pidgeot\n|-ability|p2a: Stakatakatakataka|Beast Boost|boost\n|-boost|p2a: Stakatakatakataka|atk|1\n|\n|-fieldend|move: Trick Room\n|upkeep\n|c|\u2606Chopskie|now what will you do\n|c|\u2606Chopskie|mere mortal\n|c|\u2606Trogba Trogba|prolly lose\n|c| JustFranco|this is why i use chesnaught lol\n|\n|t:|1598659320\n|switch|p1a: Infernape|Infernape, M|100\/100\n|-damage|p1a: Infernape|88\/100|[from] Stealth Rock\n|turn|12\n|\n|t:|1598659327\n|switch|p2a: wak|Marowak-Alola, F|100\/100\n|-damage|p2a: wak|75\/100|[from] Stealth Rock\n|move|p1a: Infernape|Focus Blast|p2a: wak\n|-immune|p2a: wak\n|\n|upkeep\n|turn|13\n|\n|t:|1598659334\n|switch|p1a: Scizor|Scizor, F|100\/100\n|-damage|p1a: Scizor|88\/100|[from] Stealth Rock\n|move|p2a: wak|Shadow Bone|p1a: Scizor\n|-damage|p1a: Scizor|13\/100\n|-unboost|p1a: Scizor|def|1\n|\n|upkeep\n|turn|14\n|\n|t:|1598659339\n|move|p1a: Scizor|Pursuit|p2a: wak\n|-supereffective|p2a: wak\n|-damage|p2a: wak|14\/100\n|move|p2a: wak|Flare Blitz|p1a: Scizor\n|-supereffective|p1a: Scizor\n|-damage|p1a: Scizor|0 fnt\n|faint|p1a: Scizor\n|\n|upkeep\n|\n|t:|1598659351\n|switch|p1a: Infernape|Infernape, M|88\/100\n|-damage|p1a: Infernape|76\/100|[from] Stealth Rock\n|turn|15\n|\n|t:|1598659357\n|move|p1a: Infernape|Fire Blast|p2a: wak|[miss]\n|-miss|p1a: Infernape|p2a: wak\n|move|p2a: wak|Shadow Bone|p1a: Infernape\n|-damage|p1a: Infernape|0 fnt\n|faint|p1a: Infernape\n|\n|upkeep\n|c|\u2606Trogba Trogba|werll\n|c|\u2606Chopskie|sorry friend\n|c|\u2606Chopskie|I mean p2 came in anyways\n|c|\u2606Trogba Trogba|I had fighting z\n|c|\u2606Chopskie|reun sets up tr\n|c|\u2606Trogba Trogba|I was gonna try and plot in somethings face\n|c|\u2606Trogba Trogba|but rip\n|c|\u2606Trogba Trogba|gg\n|\n|t:|1598659407\n|switch|p1a: Krookodile|Krookodile, F|11\/100\n|-damage|p1a: Krookodile|5\/100|[from] Stealth Rock\n|-ability|p1a: Krookodile|Intimidate|boost\n|-unboost|p2a: wak|atk|1\n|turn|16\n|c|\u2606Chopskie|gg\n|\n|t:|1598659412\n|move|p1a: Krookodile|Knock Off|p2a: wak\n|-supereffective|p2a: wak\n|-damage|p2a: wak|0 fnt\n|-enditem|p2a: wak|Thick Club|[from] move: Knock Off|[of] p1a: Krookodile\n|faint|p2a: wak\n|\n|upkeep\n|\n|t:|1598659416\n|switch|p2a: Hit The Quack|Porygon2, shiny|84\/100\n|-damage|p2a: Hit The Quack|72\/100|[from] Stealth Rock\n|-ability|p2a: Hit The Quack|Intimidate|[from] ability: Trace|[of] p1a: Krookodile\n|-ability|p2a: Hit The Quack|Intimidate|boost\n|-unboost|p1a: Krookodile|atk|1\n|turn|17\n|\n|t:|1598659418\n|move|p1a: Krookodile|Knock Off|p2a: Hit The Quack\n|-damage|p2a: Hit The Quack|55\/100\n|-enditem|p2a: Hit The Quack|Eviolite|[from] move: Knock Off|[of] p1a: Krookodile\n|move|p2a: Hit The Quack|Ice Beam|p1a: Krookodile\n|-supereffective|p1a: Krookodile\n|-damage|p1a: Krookodile|0 fnt\n|faint|p1a: Krookodile\n|\n|win|Chopskie\n","uploadtime":1598659419,"views":8,"p1id":"trogbatrogba","p2id":"chopskie","formatid":"gen7uu","rating":0,"private":0,"password":null}