{"id":"gen7ou-1670850141","p1":"Thedebatablereaper","p2":"Jfsosa10","format":"gen7ou","log":"|j|\u2606Thedebatablereaper\n|j|\u2606Jfsosa10\n|t:|1664209522\n|gametype|singles\n|player|p1|Thedebatablereaper|1|1556\n|player|p2|Jfsosa10|2|1604\n|teamsize|p1|6\n|teamsize|p2|6\n|gen|7\n|tier|[Gen 7] OU\n|rated|\n|rule|Sleep Clause Mod: Limit one foe put to sleep\n|rule|Species Clause: Limit one of each Pok\u00e9mon\n|rule|OHKO Clause: OHKO moves are banned\n|rule|Moody Clause: Moody is banned\n|rule|Evasion Items Clause: Evasion items are banned\n|rule|Evasion Moves Clause: Evasion moves are banned\n|rule|Endless Battle Clause: Forcing endless battles is banned\n|rule|HP Percentage Mod: HP is shown in percentages\n|clearpoke\n|poke|p1|Chandelure, M|item\n|poke|p1|Medicham, M|item\n|poke|p1|Landorus-Therian, M|item\n|poke|p1|Ferrothorn, M|item\n|poke|p1|Kartana|item\n|poke|p1|Zapdos|item\n|poke|p2|Charizard, M|item\n|poke|p2|Kommo-o, F|item\n|poke|p2|Tapu Lele|item\n|poke|p2|Araquanid, M|item\n|poke|p2|Tyranitar, M|item\n|poke|p2|Excadrill, M|item\n|teampreview\n|\n|t:|1664209528\n|start\n|switch|p1a: Medicham|Medicham, M|100\/100\n|switch|p2a: Araquanid|Araquanid, M|100\/100\n|turn|1\n|\n|t:|1664209533\n|switch|p2a: Tapu Lele|Tapu Lele|100\/100\n|-fieldstart|move: Psychic Terrain|[from] ability: Psychic Surge|[of] p2a: Tapu Lele\n|detailschange|p1a: Medicham|Medicham-Mega, M\n|-mega|p1a: Medicham|Medicham|Medichamite\n|move|p1a: Medicham|Fake Out|p2a: Tapu Lele\n|-activate|p2a: Tapu Lele|move: Psychic Terrain\n|\n|upkeep\n|turn|2\n|\n|t:|1664209543\n|switch|p1a: Ferrothorn|Ferrothorn, M|100\/100\n|move|p2a: Tapu Lele|Psychic|p1a: Ferrothorn\n|-resisted|p1a: Ferrothorn\n|-damage|p1a: Ferrothorn|61\/100\n|\n|-heal|p1a: Ferrothorn|67\/100|[from] item: Leftovers\n|upkeep\n|turn|3\n|\n|t:|1664209552\n|switch|p2a: Araquanid|Araquanid, M|100\/100\n|move|p1a: Ferrothorn|Leech Seed|p2a: Araquanid\n|-start|p2a: Araquanid|move: Leech Seed\n|\n|-heal|p1a: Ferrothorn|73\/100|[from] item: Leftovers\n|-damage|p2a: Araquanid|88\/100|[from] Leech Seed|[of] p1a: Ferrothorn\n|-heal|p1a: Ferrothorn|85\/100|[silent]\n|upkeep\n|turn|4\n|\n|t:|1664209561\n|switch|p1a: Zapdos|Zapdos|100\/100\n|move|p2a: Araquanid|Sticky Web|p1a: Zapdos\n|-sidestart|p1: Thedebatablereaper|move: Sticky Web\n|\n|-damage|p2a: Araquanid|76\/100|[from] Leech Seed|[of] p1a: Zapdos\n|upkeep\n|turn|5\n|\n|t:|1664209567\n|move|p1a: Zapdos|Defog|p2a: Araquanid\n|-unboost|p2a: Araquanid|evasion|1\n|-sideend|p1: Thedebatablereaper|Sticky Web|[from] move: Defog|[of] p1a: Zapdos\n|move|p2a: Araquanid|Toxic|p1a: Zapdos\n|-status|p1a: Zapdos|tox\n|\n|-damage|p2a: Araquanid|63\/100|[from] Leech Seed|[of] p1a: Zapdos\n|-damage|p1a: Zapdos|94\/100 tox|[from] psn\n|-fieldend|move: Psychic Terrain\n|upkeep\n|turn|6\n|\n|t:|1664209576\n|move|p1a: Zapdos|Discharge|p2a: Araquanid\n|-supereffective|p2a: Araquanid\n|-crit|p2a: Araquanid\n|-damage|p2a: Araquanid|0 fnt\n|faint|p2a: Araquanid\n|\n|-heal|p1a: Zapdos|100\/100 tox|[from] item: Leftovers\n|-damage|p1a: Zapdos|88\/100 tox|[from] psn\n|upkeep\n|\n|t:|1664209585\n|switch|p2a: Kommo-o|Kommo-o, F|100\/100\n|turn|7\n|\n|t:|1664209590\n|switch|p1a: Ferrothorn|Ferrothorn, M|85\/100\n|move|p2a: Kommo-o|Stealth Rock|p1a: Ferrothorn\n|-sidestart|p1: Thedebatablereaper|move: Stealth Rock\n|\n|-heal|p1a: Ferrothorn|91\/100|[from] item: Leftovers\n|upkeep\n|turn|8\n|\n|t:|1664209597\n|-zpower|p2a: Kommo-o\n|move|p2a: Kommo-o|Clangorous Soulblaze|p1a: Ferrothorn|[zeffect]\n|-resisted|p1a: Ferrothorn\n|-damage|p1a: Ferrothorn|70\/100\n|-boost|p2a: Kommo-o|atk|1\n|-boost|p2a: Kommo-o|def|1\n|-boost|p2a: Kommo-o|spa|1\n|-boost|p2a: Kommo-o|spd|1\n|-boost|p2a: Kommo-o|spe|1\n|move|p1a: Ferrothorn|Leech Seed|p2a: Kommo-o\n|-start|p2a: Kommo-o|move: Leech Seed\n|\n|-heal|p1a: Ferrothorn|76\/100|[from] item: Leftovers\n|-damage|p2a: Kommo-o|88\/100|[from] Leech Seed|[of] p1a: Ferrothorn\n|-heal|p1a: Ferrothorn|87\/100|[silent]\n|upkeep\n|turn|9\n|\n|t:|1664209612\n|switch|p1a: Zapdos|Zapdos|88\/100 tox\n|-damage|p1a: Zapdos|64\/100 tox|[from] Stealth Rock\n|move|p2a: Kommo-o|Close Combat|p1a: Zapdos\n|-resisted|p1a: Zapdos\n|-damage|p1a: Zapdos|24\/100 tox\n|-unboost|p2a: Kommo-o|def|1\n|-unboost|p2a: Kommo-o|spd|1\n|\n|-heal|p1a: Zapdos|30\/100 tox|[from] item: Leftovers\n|-damage|p2a: Kommo-o|76\/100|[from] Leech Seed|[of] p1a: Zapdos\n|-heal|p1a: Zapdos|40\/100 tox|[silent]\n|-damage|p1a: Zapdos|34\/100 tox|[from] psn\n|upkeep\n|turn|10\n|\n|t:|1664209625\n|switch|p1a: Ferrothorn|Ferrothorn, M|87\/100\n|-damage|p1a: Ferrothorn|80\/100|[from] Stealth Rock\n|move|p2a: Kommo-o|Clanging Scales|p1a: Ferrothorn\n|-resisted|p1a: Ferrothorn\n|-damage|p1a: Ferrothorn|62\/100\n|-unboost|p2a: Kommo-o|def|1\n|\n|-heal|p1a: Ferrothorn|68\/100|[from] item: Leftovers\n|-damage|p2a: Kommo-o|64\/100|[from] Leech Seed|[of] p1a: Ferrothorn\n|-heal|p1a: Ferrothorn|78\/100|[silent]\n|upkeep\n|turn|11\n|\n|t:|1664209635\n|switch|p1a: Zapdos|Zapdos|34\/100 tox\n|-damage|p1a: Zapdos|9\/100 tox|[from] Stealth Rock\n|move|p2a: Kommo-o|Close Combat|p1a: Zapdos\n|-resisted|p1a: Zapdos\n|-damage|p1a: Zapdos|0 fnt\n|-unboost|p2a: Kommo-o|def|1\n|-unboost|p2a: Kommo-o|spd|1\n|-status|p2a: Kommo-o|par|[from] ability: Static|[of] p1a: Zapdos\n|faint|p1a: Zapdos\n|\n|upkeep\n|\n|t:|1664209650\n|switch|p1a: Medicham|Medicham-Mega, M|100\/100\n|-damage|p1a: Medicham|94\/100|[from] Stealth Rock\n|turn|12\n|\n|t:|1664209654\n|move|p1a: Medicham|Ice Punch|p2a: Kommo-o\n|-supereffective|p2a: Kommo-o\n|-damage|p2a: Kommo-o|0 fnt\n|faint|p2a: Kommo-o\n|\n|upkeep\n|\n|t:|1664209656\n|switch|p2a: Tapu Lele|Tapu Lele|100\/100\n|-fieldstart|move: Psychic Terrain|[from] ability: Psychic Surge|[of] p2a: Tapu Lele\n|turn|13\n|\n|t:|1664209664\n|switch|p1a: Ferrothorn|Ferrothorn, M|78\/100\n|-damage|p1a: Ferrothorn|72\/100|[from] Stealth Rock\n|switch|p2a: Charizard|Charizard, M, shiny|100\/100\n|\n|-heal|p1a: Ferrothorn|78\/100|[from] item: Leftovers\n|upkeep\n|turn|14\n|\n|t:|1664209676\n|detailschange|p2a: Charizard|Charizard-Mega-Y, M, shiny\n|-mega|p2a: Charizard|Charizard|Charizardite Y\n|-weather|SunnyDay|[from] ability: Drought|[of] p2a: Charizard\n|move|p2a: Charizard|Flamethrower|p1a: Ferrothorn\n|-supereffective|p1a: Ferrothorn\n|-damage|p1a: Ferrothorn|0 fnt\n|faint|p1a: Ferrothorn\n|\n|-weather|SunnyDay|[upkeep]\n|upkeep\n|\n|t:|1664209686\n|switch|p1a: Chandelure|Chandelure, M, shiny|100\/100\n|-damage|p1a: Chandelure|76\/100|[from] Stealth Rock\n|turn|15\n|\n|t:|1664209693\n|switch|p1a: Kartana|Kartana|100\/100\n|-damage|p1a: Kartana|94\/100|[from] Stealth Rock\n|move|p2a: Charizard|Earthquake|p1a: Kartana\n|-crit|p1a: Kartana\n|-damage|p1a: Kartana|56\/100\n|\n|-weather|SunnyDay|[upkeep]\n|upkeep\n|turn|16\n|\n|t:|1664209706\n|move|p1a: Kartana|Knock Off|p2a: Charizard\n|-damage|p2a: Charizard|55\/100\n|move|p2a: Charizard|Flame Charge|p1a: Kartana\n|-supereffective|p1a: Kartana\n|-damage|p1a: Kartana|0 fnt\n|-boost|p2a: Charizard|spe|1\n|faint|p1a: Kartana\n|\n|-weather|SunnyDay|[upkeep]\n|upkeep\n|\n|t:|1664209714\n|switch|p1a: Landorus|Landorus-Therian, M|100\/100\n|-damage|p1a: Landorus|88\/100|[from] Stealth Rock\n|-ability|p1a: Landorus|Intimidate|boost\n|-unboost|p2a: Charizard|atk|1\n|turn|17\n|j| HQSFun\n|\n|t:|1664209722\n|move|p2a: Charizard|Flamethrower|p1a: Landorus\n|-damage|p1a: Landorus|0 fnt\n|faint|p1a: Landorus\n|\n|-weather|SunnyDay|[upkeep]\n|-fieldend|move: Psychic Terrain\n|upkeep\n|-message|Thedebatablereaper forfeited.\n|\n|win|Jfsosa10\n|raw|Thedebatablereaper's rating: 1556 &rarr; <strong>1539<\/strong><br \/>(-17 for losing)\n|raw|Jfsosa10's rating: 1604 &rarr; <strong>1621<\/strong><br \/>(+17 for winning)\n|l|\u2606Thedebatablereaper\n","uploadtime":1664209729,"views":1,"p1id":"thedebatablereaper","p2id":"jfsosa10","formatid":"gen7ou","rating":1539,"private":0,"password":null}