{"id":"gen7ou-966624541","p1":"JoeyOwesMeMoney","p2":"TnT GoEs BoOm!","format":"gen7ou","log":"|j|\u203dJoeyOwesMeMoney\n|j|\u2606TnT GoEs BoOm!\n|player|p1|JoeyOwesMeMoney|1|1819\n|player|p2|TnT GoEs BoOm!|blue-gen1rbchampion|1873\n|teamsize|p1|6\n|teamsize|p2|6\n|gametype|singles\n|gen|7\n|tier|[Gen 7] OU\n|rated|\n|rule|Sleep Clause Mod: Limit one foe put to sleep\n|rule|Species Clause: Limit one of each Pok\u00e9mon\n|rule|OHKO Clause: OHKO moves are banned\n|rule|Moody Clause: Moody is banned\n|rule|Evasion Moves Clause: Evasion moves are banned\n|rule|Endless Battle Clause: Forcing endless battles is banned\n|rule|HP Percentage Mod: HP is shown in percentages\n|clearpoke\n|poke|p1|Skarmory, F|item\n|poke|p1|Chansey, F|item\n|poke|p1|Magnezone|item\n|poke|p1|Toxapex, F|item\n|poke|p1|Clefable, F|item\n|poke|p1|Sableye, M|item\n|poke|p2|Alakazam, F|item\n|poke|p2|Blacephalon|item\n|poke|p2|Greninja, M|item\n|poke|p2|Snorlax, M|item\n|poke|p2|Tornadus-Therian, M|item\n|poke|p2|Excadrill, F|item\n|teampreview\n|\n|start\n|switch|p1a: Sableye|Sableye, M|100\/100\n|switch|p2a: Excadrill|Excadrill, F|100\/100\n|-ability|p2a: Excadrill|Mold Breaker\n|turn|1\n|\n|move|p1a: Sableye|Will-O-Wisp|p2a: Excadrill\n|-status|p2a: Excadrill|brn\n|move|p2a: Excadrill|Stealth Rock|p1a: Sableye\n|-sidestart|p1: JoeyOwesMeMoney|move: Stealth Rock\n|\n|-damage|p2a: Excadrill|94\/100 brn|[from] brn\n|upkeep\n|turn|2\n|\n|switch|p2a: Tornadus|Tornadus-Therian, M|100\/100\n|switch|p1a: Skarmory|Skarmory, F|100\/100\n|-damage|p1a: Skarmory|88\/100|[from] Stealth Rock\n|\n|upkeep\n|turn|3\n|\n|move|p2a: Tornadus|Heat Wave|p1a: Skarmory\n|-supereffective|p1a: Skarmory\n|-damage|p1a: Skarmory|25\/100\n|move|p1a: Skarmory|Defog|p2a: Tornadus\n|-unboost|p2a: Tornadus|evasion|1\n|-sideend|p1: JoeyOwesMeMoney|Stealth Rock|[from] move: Defog|[of] p1a: Skarmory\n|\n|upkeep\n|turn|4\n|\n|switch|p1a: Toxapex|Toxapex, F|100\/100\n|move|p2a: Tornadus|Heat Wave|p1a: Toxapex\n|-resisted|p1a: Toxapex\n|-damage|p1a: Toxapex|90\/100\n|\n|-heal|p1a: Toxapex|96\/100|[from] item: Black Sludge\n|upkeep\n|turn|5\n|\n|switch|p2a: Alakazam|Alakazam, F|100\/100\n|move|p1a: Toxapex|Toxic Spikes|p2a: Alakazam\n|-sidestart|p2: TnT GoEs BoOm!|move: Toxic Spikes\n|\n|-heal|p1a: Toxapex|100\/100|[from] item: Black Sludge\n|upkeep\n|turn|6\n|\n|switch|p2a: Excadrill|Excadrill, F|94\/100 brn\n|-ability|p2a: Excadrill|Mold Breaker\n|switch|p1a: Sableye|Sableye, M|100\/100\n|\n|-heal|p2a: Excadrill|100\/100 brn|[from] item: Leftovers\n|-damage|p2a: Excadrill|94\/100 brn|[from] brn\n|upkeep\n|turn|7\n|\n|switch|p2a: Tornadus|Tornadus-Therian, M|100\/100\n|switch|p1a: Skarmory|Skarmory, F|25\/100\n|\n|upkeep\n|turn|8\n|\n|switch|p1a: Toxapex|Toxapex, F|100\/100\n|move|p2a: Tornadus|Defog|p1a: Toxapex\n|-unboost|p1a: Toxapex|evasion|1\n|-sideend|p2: TnT GoEs BoOm!|Toxic Spikes|[from] move: Defog|[of] p2a: Tornadus\n|\n|upkeep\n|turn|9\n|\n|move|p2a: Tornadus|Knock Off|p1a: Toxapex\n|-damage|p1a: Toxapex|89\/100\n|-enditem|p1a: Toxapex|Black Sludge|[from] move: Knock Off|[of] p2a: Tornadus\n|move|p1a: Toxapex|Toxic Spikes|p2a: Tornadus\n|-sidestart|p2: TnT GoEs BoOm!|move: Toxic Spikes\n|\n|upkeep\n|turn|10\n|\n|move|p2a: Tornadus|Hurricane|p1a: Toxapex\n|-crit|p1a: Toxapex\n|-damage|p1a: Toxapex|40\/100\n|move|p1a: Toxapex|Scald|p2a: Tornadus\n|-damage|p2a: Tornadus|83\/100\n|\n|upkeep\n|turn|11\n|\n|move|p2a: Tornadus|Defog|p1a: Toxapex\n|-unboost|p1a: Toxapex|evasion|1\n|-sideend|p2: TnT GoEs BoOm!|Toxic Spikes|[from] move: Defog|[of] p2a: Tornadus\n|move|p1a: Toxapex|Recover|p1a: Toxapex\n|-heal|p1a: Toxapex|90\/100\n|\n|upkeep\n|turn|12\n|\n|switch|p2a: Blacephalon|Blacephalon|100\/100\n|move|p1a: Toxapex|Toxic Spikes|p2a: Blacephalon\n|-sidestart|p2: TnT GoEs BoOm!|move: Toxic Spikes\n|\n|upkeep\n|turn|13\n|\n|move|p2a: Blacephalon|Substitute|p2a: Blacephalon\n|-start|p2a: Blacephalon|Substitute\n|-damage|p2a: Blacephalon|76\/100\n|move|p1a: Toxapex|Scald|p2a: Blacephalon\n|-supereffective|p2a: Blacephalon\n|-end|p2a: Blacephalon|Substitute\n|\n|upkeep\n|turn|14\n|\n|switch|p2a: Alakazam|Alakazam, F|100\/100\n|-status|p2a: Alakazam|psn\n|move|p1a: Toxapex|Scald|p2a: Alakazam\n|-damage|p2a: Alakazam|76\/100 psn\n|\n|upkeep\n|turn|15\n|\n|switch|p1a: Sableye|Sableye, M|100\/100\n|move|p2a: Alakazam|Psychic|p1a: Sableye\n|-immune|p1a: Sableye\n|\n|upkeep\n|turn|16\n|\n|switch|p2a: Tornadus|Tornadus-Therian, M|100\/100\n|detailschange|p1a: Sableye|Sableye-Mega, M\n|-mega|p1a: Sableye|Sableye|Sablenite\n|move|p1a: Sableye|Knock Off|p2a: Tornadus\n|-damage|p2a: Tornadus|71\/100\n|-damage|p1a: Sableye|84\/100|[from] item: Rocky Helmet|[of] p2a: Tornadus\n|-enditem|p2a: Tornadus|Rocky Helmet|[from] move: Knock Off|[of] p1a: Sableye\n|\n|upkeep\n|turn|17\n|\n|switch|p1a: Toxapex|Toxapex, F|100\/100\n|move|p2a: Tornadus|Defog|p1a: Toxapex\n|-unboost|p1a: Toxapex|evasion|1\n|-sideend|p2: TnT GoEs BoOm!|Toxic Spikes|[from] move: Defog|[of] p2a: Tornadus\n|\n|upkeep\n|turn|18\n|\n|switch|p2a: Greninja|Greninja, M|100\/100\n|move|p1a: Toxapex|Toxic Spikes|p2a: Greninja\n|-sidestart|p2: TnT GoEs BoOm!|move: Toxic Spikes\n|\n|upkeep\n|turn|19\n|\n|move|p2a: Greninja|Dark Pulse|p1a: Toxapex\n|-damage|p1a: Toxapex|55\/100\n|move|p1a: Toxapex|Scald|p2a: Greninja\n|-resisted|p2a: Greninja\n|-damage|p2a: Greninja|87\/100\n|\n|upkeep\n|turn|20\n|\n|switch|p1a: Chansey|Chansey, F|100\/100\n|move|p2a: Greninja|Dark Pulse|p1a: Chansey\n|-damage|p1a: Chansey|84\/100\n|\n|upkeep\n|turn|21\n|\n|switch|p2a: Tornadus|Tornadus-Therian, M|100\/100\n|switch|p1a: Toxapex|Toxapex, F|88\/100\n|\n|upkeep\n|turn|22\n|j| SA17001032\n|\n|move|p2a: Tornadus|Hurricane|p1a: Toxapex\n|-damage|p1a: Toxapex|53\/100\n|move|p1a: Toxapex|Scald|p2a: Tornadus\n|-damage|p2a: Tornadus|83\/100\n|\n|upkeep\n|turn|23\n|\n|move|p2a: Tornadus|Defog|p1a: Toxapex\n|-unboost|p1a: Toxapex|evasion|1\n|-sideend|p2: TnT GoEs BoOm!|Toxic Spikes|[from] move: Defog|[of] p2a: Tornadus\n|move|p1a: Toxapex|Recover|p1a: Toxapex\n|-heal|p1a: Toxapex|100\/100\n|\n|upkeep\n|turn|24\n|l| SA17001032\n|\n|move|p2a: Tornadus|Hurricane|p1a: Toxapex\n|-damage|p1a: Toxapex|67\/100\n|-start|p1a: Toxapex|confusion\n|-activate|p1a: Toxapex|confusion\n|move|p1a: Toxapex|Toxic Spikes|p2a: Tornadus\n|-sidestart|p2: TnT GoEs BoOm!|move: Toxic Spikes\n|\n|upkeep\n|turn|25\n|\n|move|p2a: Tornadus|Hurricane|p1a: Toxapex\n|-damage|p1a: Toxapex|31\/100\n|-activate|p1a: Toxapex|confusion\n|move|p1a: Toxapex|Scald|p2a: Tornadus\n|-damage|p2a: Tornadus|64\/100\n|\n|upkeep\n|turn|26\n|\n|switch|p1a: Magnezone|Magnezone|100\/100\n|move|p2a: Tornadus|Knock Off|p1a: Magnezone\n|-damage|p1a: Magnezone|78\/100\n|-enditem|p1a: Magnezone|Choice Scarf|[from] move: Knock Off|[of] p2a: Tornadus\n|\n|upkeep\n|turn|27\n|\n|switch|p2a: Bear Hugs|Snorlax, M, shiny|100\/100\n|-status|p2a: Bear Hugs|psn\n|move|p1a: Magnezone|Hidden Power|p2a: Bear Hugs\n|-damage|p2a: Bear Hugs|90\/100 psn\n|\n|-damage|p2a: Bear Hugs|77\/100 psn|[from] psn\n|upkeep\n|turn|28\n|\n|move|p1a: Magnezone|Volt Switch|p2a: Bear Hugs\n|-damage|p2a: Bear Hugs|60\/100 psn\n|\n|switch|p1a: Toxapex|Toxapex, F|65\/100|[from]move: Volt Switch\n|move|p2a: Bear Hugs|Facade|p1a: Toxapex\n|-damage|p1a: Toxapex|33\/100\n|\n|-damage|p2a: Bear Hugs|48\/100 psn|[from] psn\n|upkeep\n|-enditem|p2a: Bear Hugs|Iapapa Berry|[eat]\n|-heal|p2a: Bear Hugs|98\/100 psn|[from] item: Iapapa Berry\n|turn|29\n|\n|switch|p1a: Sableye|Sableye-Mega, M|84\/100\n|switch|p2a: Tornadus|Tornadus-Therian, M|97\/100\n|\n|upkeep\n|turn|30\n|\n|switch|p1a: Toxapex|Toxapex, F|66\/100\n|move|p2a: Tornadus|Heat Wave|p1a: Toxapex\n|-resisted|p1a: Toxapex\n|-crit|p1a: Toxapex\n|-damage|p1a: Toxapex|53\/100\n|\n|upkeep\n|turn|31\n|\n|move|p2a: Tornadus|Heat Wave|p1a: Toxapex\n|-resisted|p1a: Toxapex\n|-damage|p1a: Toxapex|42\/100\n|move|p1a: Toxapex|Recover|p1a: Toxapex\n|-heal|p1a: Toxapex|92\/100\n|\n|upkeep\n|turn|32\n|\n|move|p2a: Tornadus|Heat Wave|p1a: Toxapex\n|-resisted|p1a: Toxapex\n|-damage|p1a: Toxapex|82\/100\n|move|p1a: Toxapex|Scald|p2a: Tornadus\n|-damage|p2a: Tornadus|81\/100\n|\n|upkeep\n|turn|33\n|\n|move|p2a: Tornadus|Heat Wave|p1a: Toxapex\n|-resisted|p1a: Toxapex\n|-damage|p1a: Toxapex|72\/100\n|move|p1a: Toxapex|Scald|p2a: Tornadus\n|-damage|p2a: Tornadus|65\/100\n|\n|upkeep\n|turn|34\n|\n|move|p2a: Tornadus|Heat Wave|p1a: Toxapex\n|-resisted|p1a: Toxapex\n|-damage|p1a: Toxapex|62\/100\n|move|p1a: Toxapex|Recover|p1a: Toxapex\n|-heal|p1a: Toxapex|100\/100\n|\n|upkeep\n|turn|35\n|\n|switch|p2a: Bear Hugs|Snorlax, M, shiny|98\/100 psn\n|move|p1a: Toxapex|Scald|p2a: Bear Hugs\n|-damage|p2a: Bear Hugs|89\/100 psn\n|\n|-damage|p2a: Bear Hugs|77\/100 psn|[from] psn\n|upkeep\n|turn|36\n|\n|switch|p1a: Sableye|Sableye-Mega, M|84\/100\n|switch|p2a: Tornadus|Tornadus-Therian, M|98\/100\n|\n|upkeep\n|turn|37\n|\n|switch|p1a: Toxapex|Toxapex, F|100\/100\n|move|p2a: Tornadus|Hurricane|p1a: Toxapex\n|-damage|p1a: Toxapex|65\/100\n|\n|upkeep\n|turn|38\n|j| squibward\n|\n|move|p2a: Tornadus|Heat Wave|p1a: Toxapex\n|-resisted|p1a: Toxapex\n|-damage|p1a: Toxapex|55\/100\n|move|p1a: Toxapex|Recover|p1a: Toxapex\n|-heal|p1a: Toxapex|100\/100\n|\n|upkeep\n|turn|39\n|\n|move|p2a: Tornadus|Heat Wave|p1a: Toxapex\n|-resisted|p1a: Toxapex\n|-damage|p1a: Toxapex|91\/100\n|move|p1a: Toxapex|Scald|p2a: Tornadus\n|-damage|p2a: Tornadus|80\/100\n|-status|p2a: Tornadus|brn\n|\n|-damage|p2a: Tornadus|73\/100 brn|[from] brn\n|upkeep\n|turn|40\n|\n|move|p2a: Tornadus|Hurricane|p1a: Toxapex\n|-damage|p1a: Toxapex|58\/100\n|-start|p1a: Toxapex|confusion\n|-activate|p1a: Toxapex|confusion\n|-damage|p1a: Toxapex|55\/100|[from] confusion\n|\n|-damage|p2a: Tornadus|67\/100 brn|[from] brn\n|upkeep\n|turn|41\n|\n|switch|p2a: Bear Hugs|Snorlax, M, shiny|77\/100 psn\n|switch|p1a: Chansey|Chansey, F|84\/100\n|\n|-damage|p2a: Bear Hugs|64\/100 psn|[from] psn\n|upkeep\n|turn|42\n|\n|switch|p1a: Sableye|Sableye-Mega, M|84\/100\n|move|p2a: Bear Hugs|Recycle|p2a: Bear Hugs\n|-item|p2a: Bear Hugs|Iapapa Berry|[from] move: Recycle\n|\n|-damage|p2a: Bear Hugs|52\/100 psn|[from] psn\n|upkeep\n|turn|43\n|\n|switch|p2a: Tornadus|Tornadus-Therian, M|100\/100 brn\n|move|p1a: Sableye|Knock Off|p2a: Tornadus\n|-damage|p2a: Tornadus|80\/100 brn\n|\n|-damage|p2a: Tornadus|73\/100 brn|[from] brn\n|upkeep\n|turn|44\n|\n|move|p1a: Sableye|Protect|p1a: Sableye\n|-singleturn|p1a: Sableye|Protect\n|move|p2a: Tornadus|Heat Wave|p1a: Sableye\n|-activate|p1a: Sableye|move: Protect\n|\n|-damage|p2a: Tornadus|67\/100 brn|[from] brn\n|upkeep\n|turn|45\n|\n|move|p2a: Tornadus|Defog|p1a: Sableye\n|move|p1a: Sableye|Defog|p2a: Tornadus|[from]Magic Bounce\n|-unboost|p2a: Tornadus|evasion|1\n|-sideend|p2: TnT GoEs BoOm!|Toxic Spikes|[from] move: Defog|[of] p1a: Sableye\n|move|p1a: Sableye|Recover|p1a: Sableye\n|-heal|p1a: Sableye|100\/100\n|\n|-damage|p2a: Tornadus|61\/100 brn|[from] brn\n|upkeep\n|turn|46\n|\n|switch|p2a: Excadrill|Excadrill, F|94\/100 brn\n|-ability|p2a: Excadrill|Mold Breaker\n|move|p1a: Sableye|Knock Off|p2a: Excadrill\n|-damage|p2a: Excadrill|60\/100 brn\n|-enditem|p2a: Excadrill|Leftovers|[from] move: Knock Off|[of] p1a: Sableye\n|\n|-damage|p2a: Excadrill|54\/100 brn|[from] brn\n|upkeep\n|turn|47\n|\n|switch|p1a: Skarmory|Skarmory, F|25\/100\n|move|p2a: Excadrill|Stealth Rock|p1a: Skarmory\n|-sidestart|p1: JoeyOwesMeMoney|move: Stealth Rock\n|\n|-damage|p2a: Excadrill|47\/100 brn|[from] brn\n|upkeep\n|turn|48\n|\n|switch|p2a: Greninja|Greninja, M|87\/100\n|move|p1a: Skarmory|Defog|p2a: Greninja\n|-unboost|p2a: Greninja|evasion|1\n|-sideend|p1: JoeyOwesMeMoney|Stealth Rock|[from] move: Defog|[of] p1a: Skarmory\n|\n|upkeep\n|turn|49\n|\n|switch|p1a: Toxapex|Toxapex, F|88\/100\n|move|p2a: Greninja|Hydro Pump|p1a: Toxapex\n|-resisted|p1a: Toxapex\n|-damage|p1a: Toxapex|60\/100\n|\n|upkeep\n|turn|50\n|\n|switch|p2a: Excadrill|Excadrill, F|47\/100 brn\n|-ability|p2a: Excadrill|Mold Breaker\n|move|p1a: Toxapex|Toxic Spikes|p2a: Excadrill\n|-sidestart|p2: TnT GoEs BoOm!|move: Toxic Spikes\n|\n|-damage|p2a: Excadrill|41\/100 brn|[from] brn\n|upkeep\n|turn|51\n|\n|move|p2a: Excadrill|Stealth Rock|p1a: Toxapex\n|-sidestart|p1: JoeyOwesMeMoney|move: Stealth Rock\n|move|p1a: Toxapex|Scald|p2a: Excadrill\n|-supereffective|p2a: Excadrill\n|-damage|p2a: Excadrill|15\/100 brn\n|\n|-damage|p2a: Excadrill|9\/100 brn|[from] brn\n|upkeep\n|turn|52\n|\n|move|p2a: Excadrill|Rapid Spin|p1a: Toxapex\n|-damage|p1a: Toxapex|58\/100\n|-sideend|p2: TnT GoEs BoOm!|Toxic Spikes|[from] move: Rapid Spin|[of] p2a: Excadrill\n|move|p1a: Toxapex|Toxic Spikes|p2a: Excadrill\n|-sidestart|p2: TnT GoEs BoOm!|move: Toxic Spikes\n|\n|-damage|p2a: Excadrill|3\/100 brn|[from] brn\n|upkeep\n|turn|53\n|j| Loaf of Lightbulbs\n|\n|move|p2a: Excadrill|Earthquake|p1a: Toxapex\n|-supereffective|p1a: Toxapex\n|-damage|p1a: Toxapex|30\/100\n|move|p1a: Toxapex|Toxic Spikes|p2a: Excadrill\n|-sidestart|p2: TnT GoEs BoOm!|move: Toxic Spikes\n|\n|-damage|p2a: Excadrill|0 fnt|[from] brn\n|faint|p2a: Excadrill\n|upkeep\n|j| GalarianSamurott\n|\n|switch|p2a: Alakazam|Alakazam, F|76\/100 psn\n|turn|54\n|\n|switch|p2a: Tornadus|Tornadus-Therian, M|94\/100 brn\n|switch|p1a: Sableye|Sableye-Mega, M|100\/100\n|-damage|p1a: Sableye|88\/100|[from] Stealth Rock\n|\n|-damage|p2a: Tornadus|88\/100 brn|[from] brn\n|upkeep\n|turn|55\n|l| GalarianSamurott\n|\n|move|p1a: Sableye|Protect|p1a: Sableye\n|-singleturn|p1a: Sableye|Protect\n|move|p2a: Tornadus|Hurricane|p1a: Sableye\n|-activate|p1a: Sableye|move: Protect\n|\n|-damage|p2a: Tornadus|82\/100 brn|[from] brn\n|upkeep\n|turn|56\n|\n|move|p2a: Tornadus|Hurricane|p1a: Sableye\n|-damage|p1a: Sableye|56\/100\n|move|p1a: Sableye|Recover|p1a: Sableye\n|-heal|p1a: Sableye|100\/100\n|\n|-damage|p2a: Tornadus|76\/100 brn|[from] brn\n|upkeep\n|turn|57\n|\n|move|p1a: Sableye|Protect|p1a: Sableye\n|-singleturn|p1a: Sableye|Protect\n|move|p2a: Tornadus|Heat Wave|p1a: Sableye\n|-activate|p1a: Sableye|move: Protect\n|\n|-damage|p2a: Tornadus|70\/100 brn|[from] brn\n|upkeep\n|turn|58\n|\n|move|p2a: Tornadus|Hurricane|p1a: Sableye\n|-crit|p1a: Sableye\n|-damage|p1a: Sableye|55\/100\n|-start|p1a: Sableye|confusion\n|-activate|p1a: Sableye|confusion\n|-damage|p1a: Sableye|47\/100|[from] confusion\n|\n|-damage|p2a: Tornadus|64\/100 brn|[from] brn\n|upkeep\n|turn|59\n|\n|switch|p2a: Bear Hugs|Snorlax, M, shiny|52\/100 psn\n|switch|p1a: Magnezone|Magnezone|78\/100\n|-damage|p1a: Magnezone|72\/100|[from] Stealth Rock\n|\n|-damage|p2a: Bear Hugs|40\/100 psn|[from] psn\n|upkeep\n|-enditem|p2a: Bear Hugs|Iapapa Berry|[eat]\n|-heal|p2a: Bear Hugs|90\/100 psn|[from] item: Iapapa Berry\n|turn|60\n|\n|move|p1a: Magnezone|Volt Switch|p2a: Bear Hugs\n|-damage|p2a: Bear Hugs|71\/100 psn\n|\n|switch|p1a: Sableye|Sableye-Mega, M|47\/100|[from]move: Volt Switch\n|-damage|p1a: Sableye|35\/100|[from] Stealth Rock\n|move|p2a: Bear Hugs|Facade|p1a: Sableye\n|-immune|p1a: Sableye\n|\n|-damage|p2a: Bear Hugs|59\/100 psn|[from] psn\n|upkeep\n|turn|61\n|\n|move|p2a: Bear Hugs|Curse|p2a: Bear Hugs\n|-unboost|p2a: Bear Hugs|spe|1\n|-boost|p2a: Bear Hugs|atk|1\n|-boost|p2a: Bear Hugs|def|1\n|move|p1a: Sableye|Recover|p1a: Sableye\n|-heal|p1a: Sableye|85\/100\n|\n|-damage|p2a: Bear Hugs|47\/100 psn|[from] psn\n|upkeep\n|turn|62\n|\n|move|p1a: Sableye|Knock Off|p2a: Bear Hugs\n|-damage|p2a: Bear Hugs|37\/100 psn\n|move|p2a: Bear Hugs|Recycle|p2a: Bear Hugs\n|-item|p2a: Bear Hugs|Iapapa Berry|[from] move: Recycle\n|-enditem|p2a: Bear Hugs|Iapapa Berry|[eat]\n|-heal|p2a: Bear Hugs|87\/100 psn|[from] item: Iapapa Berry\n|\n|-damage|p2a: Bear Hugs|74\/100 psn|[from] psn\n|upkeep\n|turn|63\n|j| SA17001032\n|\n|switch|p1a: Toxapex|Toxapex, F|64\/100\n|-damage|p1a: Toxapex|51\/100|[from] Stealth Rock\n|move|p2a: Bear Hugs|Facade|p1a: Toxapex\n|-crit|p1a: Toxapex\n|-damage|p1a: Toxapex|0 fnt\n|faint|p1a: Toxapex\n|\n|-damage|p2a: Bear Hugs|62\/100 psn|[from] psn\n|upkeep\n|l| SA17001032\n|\n|switch|p1a: Clefable|Clefable, F|100\/100\n|-damage|p1a: Clefable|88\/100|[from] Stealth Rock\n|turn|64\n|j| zzs is my goddess\n|\n|move|p1a: Clefable|Moonblast|p2a: Bear Hugs\n|-damage|p2a: Bear Hugs|47\/100 psn\n|move|p2a: Bear Hugs|Facade|p1a: Clefable\n|-damage|p1a: Clefable|49\/100\n|\n|-heal|p1a: Clefable|55\/100|[from] item: Leftovers\n|-damage|p2a: Bear Hugs|35\/100 psn|[from] psn\n|upkeep\n|turn|65\n|\n|move|p1a: Clefable|Wish|p1a: Clefable\n|move|p2a: Bear Hugs|Recycle|p2a: Bear Hugs\n|-item|p2a: Bear Hugs|Iapapa Berry|[from] move: Recycle\n|-enditem|p2a: Bear Hugs|Iapapa Berry|[eat]\n|-heal|p2a: Bear Hugs|85\/100 psn|[from] item: Iapapa Berry\n|\n|-heal|p1a: Clefable|61\/100|[from] item: Leftovers\n|-damage|p2a: Bear Hugs|72\/100 psn|[from] psn\n|upkeep\n|turn|66\n|\n|move|p1a: Clefable|Moonblast|p2a: Bear Hugs\n|-damage|p2a: Bear Hugs|57\/100 psn\n|-unboost|p2a: Bear Hugs|spa|1\n|move|p2a: Bear Hugs|Recycle|p2a: Bear Hugs\n|-item|p2a: Bear Hugs|Iapapa Berry|[from] move: Recycle\n|\n|-heal|p1a: Clefable|100\/100|[from] move: Wish|[wisher] Clefable\n|-damage|p2a: Bear Hugs|44\/100 psn|[from] psn\n|upkeep\n|-enditem|p2a: Bear Hugs|Iapapa Berry|[eat]\n|-heal|p2a: Bear Hugs|94\/100 psn|[from] item: Iapapa Berry\n|turn|67\n|\n|move|p1a: Clefable|Moonblast|p2a: Bear Hugs\n|-damage|p2a: Bear Hugs|80\/100 psn\n|-unboost|p2a: Bear Hugs|spa|1\n|move|p2a: Bear Hugs|Facade|p1a: Clefable\n|-damage|p1a: Clefable|62\/100\n|\n|-heal|p1a: Clefable|68\/100|[from] item: Leftovers\n|-damage|p2a: Bear Hugs|67\/100 psn|[from] psn\n|upkeep\n|turn|68\n|\n|move|p1a: Clefable|Wish|p1a: Clefable\n|move|p2a: Bear Hugs|Recycle|p2a: Bear Hugs\n|-item|p2a: Bear Hugs|Iapapa Berry|[from] move: Recycle\n|\n|-heal|p1a: Clefable|75\/100|[from] item: Leftovers\n|-damage|p2a: Bear Hugs|55\/100 psn|[from] psn\n|upkeep\n|turn|69\n|\n|move|p1a: Clefable|Moonblast|p2a: Bear Hugs\n|-damage|p2a: Bear Hugs|41\/100 psn\n|-unboost|p2a: Bear Hugs|spa|1\n|-enditem|p2a: Bear Hugs|Iapapa Berry|[eat]\n|-heal|p2a: Bear Hugs|91\/100 psn|[from] item: Iapapa Berry\n|move|p2a: Bear Hugs|Earthquake|p1a: Clefable\n|-damage|p1a: Clefable|55\/100\n|\n|-heal|p1a: Clefable|100\/100|[from] move: Wish|[wisher] Clefable\n|-damage|p2a: Bear Hugs|78\/100 psn|[from] psn\n|upkeep\n|turn|70\n|\n|move|p1a: Clefable|Moonblast|p2a: Bear Hugs\n|-damage|p2a: Bear Hugs|63\/100 psn\n|-unboost|p2a: Bear Hugs|spa|1\n|move|p2a: Bear Hugs|Facade|p1a: Clefable\n|-damage|p1a: Clefable|61\/100\n|\n|-heal|p1a: Clefable|67\/100|[from] item: Leftovers\n|-damage|p2a: Bear Hugs|51\/100 psn|[from] psn\n|upkeep\n|turn|71\n|\n|move|p1a: Clefable|Moonblast|p2a: Bear Hugs\n|-damage|p2a: Bear Hugs|36\/100 psn\n|-unboost|p2a: Bear Hugs|spa|1\n|move|p2a: Bear Hugs|Recycle|p2a: Bear Hugs\n|-item|p2a: Bear Hugs|Iapapa Berry|[from] move: Recycle\n|-enditem|p2a: Bear Hugs|Iapapa Berry|[eat]\n|-heal|p2a: Bear Hugs|86\/100 psn|[from] item: Iapapa Berry\n|\n|-heal|p1a: Clefable|73\/100|[from] item: Leftovers\n|-damage|p2a: Bear Hugs|74\/100 psn|[from] psn\n|upkeep\n|turn|72\n|\n|move|p1a: Clefable|Moonblast|p2a: Bear Hugs\n|-damage|p2a: Bear Hugs|59\/100 psn\n|move|p2a: Bear Hugs|Recycle|p2a: Bear Hugs\n|-item|p2a: Bear Hugs|Iapapa Berry|[from] move: Recycle\n|\n|-heal|p1a: Clefable|79\/100|[from] item: Leftovers\n|-damage|p2a: Bear Hugs|47\/100 psn|[from] psn\n|upkeep\n|-enditem|p2a: Bear Hugs|Iapapa Berry|[eat]\n|-heal|p2a: Bear Hugs|97\/100 psn|[from] item: Iapapa Berry\n|turn|73\n|\n|move|p1a: Clefable|Moonblast|p2a: Bear Hugs\n|-damage|p2a: Bear Hugs|83\/100 psn\n|move|p2a: Bear Hugs|Facade|p1a: Clefable\n|-damage|p1a: Clefable|37\/100\n|\n|-heal|p1a: Clefable|43\/100|[from] item: Leftovers\n|-damage|p2a: Bear Hugs|71\/100 psn|[from] psn\n|upkeep\n|turn|74\n|\n|move|p1a: Clefable|Protect|p1a: Clefable\n|-singleturn|p1a: Clefable|Protect\n|move|p2a: Bear Hugs|Recycle|p2a: Bear Hugs\n|-item|p2a: Bear Hugs|Iapapa Berry|[from] move: Recycle\n|\n|-heal|p1a: Clefable|49\/100|[from] item: Leftovers\n|-damage|p2a: Bear Hugs|58\/100 psn|[from] psn\n|upkeep\n|turn|75\n|\n|move|p1a: Clefable|Wish|p1a: Clefable\n|move|p2a: Bear Hugs|Facade|p1a: Clefable\n|-damage|p1a: Clefable|9\/100\n|\n|-heal|p1a: Clefable|15\/100|[from] item: Leftovers\n|-damage|p2a: Bear Hugs|46\/100 psn|[from] psn\n|upkeep\n|-enditem|p2a: Bear Hugs|Iapapa Berry|[eat]\n|-heal|p2a: Bear Hugs|96\/100 psn|[from] item: Iapapa Berry\n|turn|76\n|\n|move|p1a: Clefable|Protect|p1a: Clefable\n|-singleturn|p1a: Clefable|Protect\n|move|p2a: Bear Hugs|Curse|p2a: Bear Hugs\n|-unboost|p2a: Bear Hugs|spe|1\n|-boost|p2a: Bear Hugs|atk|1\n|-boost|p2a: Bear Hugs|def|1\n|\n|-heal|p1a: Clefable|65\/100|[from] move: Wish|[wisher] Clefable\n|-heal|p1a: Clefable|71\/100|[from] item: Leftovers\n|-damage|p2a: Bear Hugs|84\/100 psn|[from] psn\n|upkeep\n|turn|77\n|\n|move|p1a: Clefable|Moonblast|p2a: Bear Hugs\n|-damage|p2a: Bear Hugs|68\/100 psn\n|move|p2a: Bear Hugs|Facade|p1a: Clefable\n|-damage|p1a: Clefable|34\/100\n|\n|-heal|p1a: Clefable|40\/100|[from] item: Leftovers\n|-damage|p2a: Bear Hugs|55\/100 psn|[from] psn\n|upkeep\n|turn|78\n|\n|move|p1a: Clefable|Protect|p1a: Clefable\n|-singleturn|p1a: Clefable|Protect\n|move|p2a: Bear Hugs|Facade|p1a: Clefable\n|-activate|p1a: Clefable|move: Protect\n|\n|-heal|p1a: Clefable|46\/100|[from] item: Leftovers\n|-damage|p2a: Bear Hugs|43\/100 psn|[from] psn\n|upkeep\n|turn|79\n|\n|move|p1a: Clefable|Moonblast|p2a: Bear Hugs\n|-damage|p2a: Bear Hugs|28\/100 psn\n|move|p2a: Bear Hugs|Facade|p1a: Clefable\n|-damage|p1a: Clefable|7\/100\n|\n|-heal|p1a: Clefable|13\/100|[from] item: Leftovers\n|-damage|p2a: Bear Hugs|15\/100 psn|[from] psn\n|upkeep\n|turn|80\n|\n|move|p1a: Clefable|Moonblast|p2a: Bear Hugs\n|-damage|p2a: Bear Hugs|0 fnt\n|faint|p2a: Bear Hugs\n|\n|-heal|p1a: Clefable|20\/100|[from] item: Leftovers\n|upkeep\n|\n|switch|p2a: Tornadus|Tornadus-Therian, M|97\/100 brn\n|turn|81\n|\n|move|p1a: Clefable|Protect|p1a: Clefable\n|-singleturn|p1a: Clefable|Protect\n|move|p2a: Tornadus|Hurricane|p1a: Clefable\n|-activate|p1a: Clefable|move: Protect\n|\n|-heal|p1a: Clefable|26\/100|[from] item: Leftovers\n|-damage|p2a: Tornadus|91\/100 brn|[from] brn\n|upkeep\n|turn|82\n|\n|move|p2a: Tornadus|Hurricane|p1a: Clefable\n|-damage|p1a: Clefable|0 fnt\n|faint|p1a: Clefable\n|\n|-damage|p2a: Tornadus|85\/100 brn|[from] brn\n|upkeep\n|\n|switch|p1a: Magnezone|Magnezone|72\/100\n|-damage|p1a: Magnezone|66\/100|[from] Stealth Rock\n|turn|83\n|\n|move|p2a: Tornadus|Defog|p1a: Magnezone\n|-unboost|p1a: Magnezone|evasion|1\n|-sideend|p1: JoeyOwesMeMoney|Stealth Rock|[from] move: Defog|[of] p2a: Tornadus\n|-sideend|p2: TnT GoEs BoOm!|Toxic Spikes|[from] move: Defog|[of] p2a: Tornadus\n|move|p1a: Magnezone|Thunderbolt|p2a: Tornadus\n|-supereffective|p2a: Tornadus\n|-damage|p2a: Tornadus|0 fnt\n|faint|p2a: Tornadus\n|\n|upkeep\n|\n|switch|p2a: Greninja|Greninja, M|87\/100\n|turn|84\n|j| frozen sledge\n|\n|switch|p1a: Chansey|Chansey, F|84\/100\n|move|p2a: Greninja|Hydro Pump|p1a: Chansey|[miss]\n|-miss|p2a: Greninja|p1a: Chansey\n|\n|upkeep\n|turn|85\n|\n|move|p2a: Greninja|Hydro Pump|p1a: Chansey\n|-damage|p1a: Chansey|61\/100\n|move|p1a: Chansey|Toxic|p2a: Greninja\n|-status|p2a: Greninja|tox\n|\n|-damage|p2a: Greninja|81\/100 tox|[from] psn\n|upkeep\n|turn|86\n|\n|move|p2a: Greninja|Hydro Pump|p1a: Chansey|[miss]\n|-miss|p2a: Greninja|p1a: Chansey\n|move|p1a: Chansey|Toxic|p2a: Greninja\n|-fail|p2a: Greninja|tox\n|\n|-damage|p2a: Greninja|69\/100 tox|[from] psn\n|upkeep\n|turn|87\n|\n|move|p2a: Greninja|Hydro Pump|p1a: Chansey\n|-damage|p1a: Chansey|37\/100\n|move|p1a: Chansey|Toxic|p2a: Greninja\n|-fail|p2a: Greninja|tox\n|\n|-damage|p2a: Greninja|51\/100 tox|[from] psn\n|upkeep\n|turn|88\n|\n|move|p2a: Greninja|Hydro Pump|p1a: Chansey\n|-damage|p1a: Chansey|14\/100\n|move|p1a: Chansey|Toxic|p2a: Greninja\n|-fail|p2a: Greninja|tox\n|\n|-damage|p2a: Greninja|28\/100 tox|[from] psn\n|upkeep\n|turn|89\n|\n|move|p2a: Greninja|Hydro Pump|p1a: Chansey\n|-damage|p1a: Chansey|0 fnt\n|faint|p1a: Chansey\n|-activate|p2a: Greninja|ability: Battle Bond\n|detailschange|p2a: Greninja|Greninja-Ash, M\n|\n|-damage|p2a: Greninja|0 fnt|[from] psn\n|faint|p2a: Greninja\n|upkeep\n|\n|switch|p2a: Blacephalon|Blacephalon|76\/100\n|switch|p1a: Sableye|Sableye-Mega, M|85\/100\n|turn|90\n|\n|move|p2a: Blacephalon|Calm Mind|p2a: Blacephalon\n|-boost|p2a: Blacephalon|spa|1\n|-boost|p2a: Blacephalon|spd|1\n|move|p1a: Sableye|Recover|p1a: Sableye\n|-heal|p1a: Sableye|100\/100\n|\n|upkeep\n|turn|91\n|\n|move|p2a: Blacephalon|Substitute|p2a: Blacephalon\n|-start|p2a: Blacephalon|Substitute\n|-damage|p2a: Blacephalon|51\/100\n|move|p1a: Sableye|Knock Off|p2a: Blacephalon\n|-supereffective|p2a: Blacephalon\n|-end|p2a: Blacephalon|Substitute\n|\n|upkeep\n|turn|92\n|j| Gayskeletor\n|\n|move|p2a: Blacephalon|Substitute|p2a: Blacephalon\n|-start|p2a: Blacephalon|Substitute\n|-damage|p2a: Blacephalon|26\/100\n|move|p1a: Sableye|Knock Off|p2a: Blacephalon\n|-supereffective|p2a: Blacephalon\n|-end|p2a: Blacephalon|Substitute\n|\n|upkeep\n|turn|93\n|\n|-zpower|p2a: Blacephalon\n|move|p2a: Blacephalon|Never-Ending Nightmare|p1a: Sableye|[zeffect]\n|-damage|p1a: Sableye|0 fnt\n|faint|p1a: Sableye\n|-ability|p2a: Blacephalon|Beast Boost|boost\n|-boost|p2a: Blacephalon|spa|1\n|\n|upkeep\n|c|\u2606TnT GoEs BoOm!|gg\n|j| Saikoman\n|inactive|Battle timer is ON: inactive players will automatically lose when time's up. (requested by TnT GoEs BoOm!)\n|j| Uber vs Lyft\n|j| SA17001032\n|l| SA17001032\n|inactive|JoeyOwesMeMoney has 120 seconds left.\n|l| Loaf of Lightbulbs\n|inactive|JoeyOwesMeMoney has 90 seconds left.\n|l| zzs is my goddess\n|inactive|JoeyOwesMeMoney has 60 seconds left.\n|j| DC0\n|l| DC0\n|inactive|JoeyOwesMeMoney has 30 seconds left.\n|inactive|JoeyOwesMeMoney has 20 seconds left.\n|inactive|JoeyOwesMeMoney has 15 seconds left.\n|inactive|JoeyOwesMeMoney has 10 seconds left.\n|inactive|JoeyOwesMeMoney has 5 seconds left.\n|-message|JoeyOwesMeMoney lost due to inactivity.\n|\n|win|TnT GoEs BoOm!\n|raw|JoeyOwesMeMoney's rating: 1820 &rarr; <strong>1803<\/strong><br \/>(-17 for losing)\n|raw|TnT GoEs BoOm!'s rating: 1873 &rarr; <strong>1890<\/strong><br \/>(+17 for winning)\n","uploadtime":1566878200,"views":55,"p1id":"joeyowesmemoney","p2id":"tntgoesboom","formatid":"gen7ou","rating":1803,"private":0,"password":null}