{"id":"gen7anythinggoes-1560218655","p1":"reionatro","p2":"adel19","format":"gen7anythinggoes","log":"|j|\u2606reionatro\n|j|\u2606adel19\n|t:|1650795530\n|gametype|singles\n|player|p1|reionatro|whitney|\n|player|p2|adel19|bugsy|\n|teamsize|p1|6\n|teamsize|p2|6\n|gen|7\n|tier|[Gen 7] Anything Goes\n|rule|HP Percentage Mod: HP is shown in percentages\n|rule|Endless Battle Clause: Forcing endless battles is banned\n|clearpoke\n|poke|p1|Miltank, F|item\n|poke|p1|Chansey, F|item\n|poke|p1|Clefable, M|item\n|poke|p1|Lopunny, M|item\n|poke|p1|Tauros, M|item\n|poke|p1|Ambipom, M|item\n|poke|p2|Scizor, M|item\n|poke|p2|Heracross, M|item\n|poke|p2|Pinsir, M|item\n|poke|p2|Shuckle, F|item\n|poke|p2|Yanmega, F|item\n|poke|p2|Forretress, F|item\n|teampreview\n|j| cherrycherrykuma\n|\n|t:|1650795590\n|start\n|switch|p1a: Tauros|Tauros, M|100\/100\n|switch|p2a: Forretress|Forretress, F|100\/100\n|turn|1\n|\n|t:|1650795596\n|switch|p2a: Shuckle|Shuckle, F, shiny|100\/100\n|move|p1a: Tauros|Flamethrower|p2a: Shuckle\n|-damage|p2a: Shuckle|90\/100\n|\n|upkeep\n|turn|2\n|\n|t:|1650795603\n|move|p1a: Tauros|Work Up|p1a: Tauros\n|-boost|p1a: Tauros|atk|1\n|-boost|p1a: Tauros|spa|1\n|move|p2a: Shuckle|Sticky Web|p1a: Tauros\n|-sidestart|p1: reionatro|move: Sticky Web\n|\n|upkeep\n|turn|3\n|\n|t:|1650795623\n|move|p1a: Tauros|Flamethrower|p2a: Shuckle\n|-damage|p2a: Shuckle|75\/100\n|move|p2a: Shuckle|Encore|p1a: Tauros\n|-start|p1a: Tauros|Encore\n|\n|upkeep\n|turn|4\n|\n|t:|1650795681\n|move|p1a: Tauros|Flamethrower|p2a: Shuckle\n|-damage|p2a: Shuckle|60\/100\n|move|p2a: Shuckle|Stealth Rock|p1a: Tauros\n|-sidestart|p1: reionatro|move: Stealth Rock\n|\n|upkeep\n|turn|5\n|\n|t:|1650795687\n|switch|p2a: Yanmega|Yanmega, F, shiny|100\/100\n|move|p1a: Tauros|Flamethrower|p2a: Yanmega\n|-supereffective|p2a: Yanmega\n|-damage|p2a: Yanmega|18\/100\n|\n|upkeep\n|turn|6\n|l|\u2606reionatro\n|player|p1|\n|l| cherrycherrykuma\n|l|\u2606adel19\n|player|p2|\n|j|\u2606reionatro\n|player|p1|reionatro|whitney\n|j|\u2606adel19\n|player|p2|adel19|bugsy\n|\n|t:|1650795817\n|switch|p1a: Chansey|Chansey, F|100\/100\n|-damage|p1a: Chansey|88\/100|[from] Stealth Rock\n|-activate|p1a: Chansey|move: Sticky Web\n|-unboost|p1a: Chansey|spe|1\n|move|p2a: Yanmega|Protect||[still]\n|-fail|p2a: Yanmega\n|\n|-ability|p2a: Yanmega|Speed Boost|boost\n|-boost|p2a: Yanmega|spe|1\n|upkeep\n|turn|7\n|j| cherrycherrykuma\n|\n|t:|1650795823\n|switch|p2a: Forretress|Forretress, F|100\/100\n|move|p1a: Chansey|Seismic Toss|p2a: Forretress\n|-damage|p2a: Forretress|72\/100\n|\n|-heal|p2a: Forretress|78\/100|[from] item: Leftovers\n|upkeep\n|turn|8\n|\n|t:|1650795865\n|move|p2a: Forretress|Spikes|p1a: Chansey\n|-sidestart|p1: reionatro|Spikes\n|move|p1a: Chansey|Seismic Toss|p2a: Forretress\n|-damage|p2a: Forretress|50\/100\n|\n|-heal|p2a: Forretress|56\/100|[from] item: Leftovers\n|upkeep\n|turn|9\n|\n|t:|1650795872\n|move|p2a: Forretress|Spikes|p1a: Chansey\n|-sidestart|p1: reionatro|Spikes\n|move|p1a: Chansey|Seismic Toss|p2a: Forretress\n|-damage|p2a: Forretress|28\/100\n|\n|-heal|p2a: Forretress|34\/100|[from] item: Leftovers\n|upkeep\n|turn|10\n|\n|t:|1650795880\n|move|p2a: Forretress|Spikes|p1a: Chansey\n|-sidestart|p1: reionatro|Spikes\n|move|p1a: Chansey|Seismic Toss|p2a: Forretress\n|-damage|p2a: Forretress|6\/100\n|\n|-heal|p2a: Forretress|12\/100|[from] item: Leftovers\n|upkeep\n|turn|11\n|\n|t:|1650795887\n|move|p2a: Forretress|Volt Switch|p1a: Chansey\n|-damage|p1a: Chansey|85\/100\n|\n|t:|1650795890\n|switch|p2a: Heracross|Heracross, M|100\/100|[from]move: Volt Switch\n|move|p1a: Chansey|Seismic Toss|p2a: Heracross\n|-damage|p2a: Heracross|67\/100\n|\n|upkeep\n|turn|12\n|\n|t:|1650795900\n|switch|p1a: Miltank|Miltank, F|100\/100\n|-damage|p1a: Miltank|88\/100|[from] Stealth Rock\n|-damage|p1a: Miltank|63\/100|[from] Spikes\n|-activate|p1a: Miltank|move: Sticky Web\n|-unboost|p1a: Miltank|spe|1\n|move|p2a: Heracross|Close Combat|p1a: Miltank\n|-supereffective|p1a: Miltank\n|-damage|p1a: Miltank|0 fnt\n|-unboost|p2a: Heracross|def|1\n|-unboost|p2a: Heracross|spd|1\n|faint|p1a: Miltank\n|-ability|p2a: Heracross|Moxie|boost\n|-boost|p2a: Heracross|atk|1\n|\n|upkeep\n|\n|t:|1650795930\n|switch|p1a: Lopunny|Lopunny, M|100\/100\n|-activate|p1a: Lopunny|move: Sticky Web\n|-unboost|p1a: Lopunny|spe|1\n|-damage|p1a: Lopunny|88\/100|[from] Stealth Rock\n|-damage|p1a: Lopunny|64\/100|[from] Spikes\n|turn|13\n|\n|t:|1650796003\n|detailschange|p1a: Lopunny|Lopunny-Mega, M\n|-mega|p1a: Lopunny|Lopunny|Lopunnite\n|move|p2a: Heracross|Close Combat|p1a: Lopunny\n|-supereffective|p1a: Lopunny\n|-damage|p1a: Lopunny|0 fnt\n|-unboost|p2a: Heracross|def|1\n|-unboost|p2a: Heracross|spd|1\n|faint|p1a: Lopunny\n|-ability|p2a: Heracross|Moxie|boost\n|-boost|p2a: Heracross|atk|1\n|\n|upkeep\n|\n|t:|1650796044\n|switch|p1a: Clefable|Clefable, M|100\/100\n|-damage|p1a: Clefable|88\/100|[from] Stealth Rock\n|-activate|p1a: Clefable|move: Sticky Web\n|-unboost|p1a: Clefable|spe|1\n|-damage|p1a: Clefable|63\/100|[from] Spikes\n|turn|14\n|\n|t:|1650796071\n|switch|p2a: Shuckle|Shuckle, F, shiny|60\/100\n|move|p1a: Clefable|Cosmic Power|p1a: Clefable\n|-boost|p1a: Clefable|def|1\n|-boost|p1a: Clefable|spd|1\n|\n|-heal|p1a: Clefable|69\/100|[from] item: Leftovers\n|upkeep\n|turn|15\n|\n|t:|1650796083\n|move|p1a: Clefable|Protect|p1a: Clefable\n|-singleturn|p1a: Clefable|Protect\n|move|p2a: Shuckle|Encore|p1a: Clefable\n|-activate|p1a: Clefable|move: Protect\n|\n|-heal|p1a: Clefable|75\/100|[from] item: Leftovers\n|upkeep\n|turn|16\n|\n|t:|1650796097\n|move|p1a: Clefable|Flamethrower|p2a: Shuckle\n|-damage|p2a: Shuckle|49\/100\n|-status|p2a: Shuckle|brn\n|move|p2a: Shuckle|Encore|p1a: Clefable\n|-start|p1a: Clefable|Encore\n|\n|-heal|p1a: Clefable|81\/100|[from] item: Leftovers\n|-damage|p2a: Shuckle|42\/100 brn|[from] brn\n|upkeep\n|turn|17\n|\n|t:|1650796113\n|move|p1a: Clefable|Flamethrower|p2a: Shuckle\n|-damage|p2a: Shuckle|32\/100 brn\n|move|p2a: Shuckle|Rest|p2a: Shuckle\n|-status|p2a: Shuckle|slp|[from] move: Rest\n|-heal|p2a: Shuckle|100\/100 slp|[silent]\n|\n|-heal|p1a: Clefable|88\/100|[from] item: Leftovers\n|upkeep\n|turn|18\n|\n|t:|1650796120\n|move|p1a: Clefable|Flamethrower|p2a: Shuckle\n|-damage|p2a: Shuckle|89\/100 slp\n|cant|p2a: Shuckle|slp\n|\n|-heal|p1a: Clefable|94\/100|[from] item: Leftovers\n|upkeep\n|turn|19\n|\n|t:|1650796125\n|move|p1a: Clefable|Flamethrower|p2a: Shuckle\n|-damage|p2a: Shuckle|78\/100 slp\n|cant|p2a: Shuckle|slp\n|\n|-heal|p1a: Clefable|99\/100|[from] item: Leftovers\n|-end|p1a: Clefable|Encore\n|upkeep\n|turn|20\n|\n|t:|1650796131\n|move|p1a: Clefable|Cosmic Power|p1a: Clefable\n|-boost|p1a: Clefable|def|1\n|-boost|p1a: Clefable|spd|1\n|-curestatus|p2a: Shuckle|slp|[msg]\n|move|p2a: Shuckle|Encore|p1a: Clefable\n|-start|p1a: Clefable|Encore\n|\n|-heal|p1a: Clefable|100\/100|[from] item: Leftovers\n|upkeep\n|turn|21\n|\n|t:|1650796135\n|switch|p2a: Scizor|Scizor, M|100\/100\n|move|p1a: Clefable|Cosmic Power|p1a: Clefable\n|-boost|p1a: Clefable|def|1\n|-boost|p1a: Clefable|spd|1\n|\n|upkeep\n|turn|22\n|\n|t:|1650796167\n|move|p2a: Scizor|Bullet Punch|p1a: Clefable\n|-supereffective|p1a: Clefable\n|-damage|p1a: Clefable|67\/100\n|move|p1a: Clefable|Cosmic Power|p1a: Clefable\n|-boost|p1a: Clefable|def|1\n|-boost|p1a: Clefable|spd|1\n|\n|-heal|p1a: Clefable|73\/100|[from] item: Leftovers\n|upkeep\n|turn|23\n|\n|t:|1650796172\n|move|p2a: Scizor|Bullet Punch|p1a: Clefable\n|-supereffective|p1a: Clefable\n|-damage|p1a: Clefable|48\/100\n|move|p1a: Clefable|Cosmic Power|p1a: Clefable\n|-boost|p1a: Clefable|def|1\n|-boost|p1a: Clefable|spd|1\n|\n|-heal|p1a: Clefable|54\/100|[from] item: Leftovers\n|-end|p1a: Clefable|Encore\n|upkeep\n|turn|24\n|\n|t:|1650796177\n|switch|p2a: Shuckle|Shuckle, F, shiny|78\/100\n|move|p1a: Clefable|Wish|p1a: Clefable\n|\n|-heal|p1a: Clefable|60\/100|[from] item: Leftovers\n|upkeep\n|turn|25\n|\n|t:|1650796182\n|move|p1a: Clefable|Protect|p1a: Clefable\n|-singleturn|p1a: Clefable|Protect\n|move|p2a: Shuckle|Encore|p1a: Clefable\n|-activate|p1a: Clefable|move: Protect\n|\n|-heal|p1a: Clefable|100\/100|[from] move: Wish|[wisher] Clefable\n|upkeep\n|turn|26\n|\n|t:|1650796188\n|move|p1a: Clefable|Flamethrower|p2a: Shuckle\n|-damage|p2a: Shuckle|67\/100\n|move|p2a: Shuckle|Encore|p1a: Clefable\n|-start|p1a: Clefable|Encore\n|\n|upkeep\n|turn|27\n|\n|t:|1650796198\n|move|p1a: Clefable|Flamethrower|p2a: Shuckle\n|-damage|p2a: Shuckle|56\/100\n|move|p2a: Shuckle|Stealth Rock||[still]\n|-fail|p2a: Shuckle\n|\n|upkeep\n|turn|28\n|\n|t:|1650796206\n|move|p1a: Clefable|Flamethrower|p2a: Shuckle\n|-damage|p2a: Shuckle|46\/100\n|move|p2a: Shuckle|Stealth Rock||[still]\n|-fail|p2a: Shuckle\n|\n|upkeep\n|turn|29\n|\n|t:|1650796216\n|move|p1a: Clefable|Flamethrower|p2a: Shuckle\n|-damage|p2a: Shuckle|34\/100\n|move|p2a: Shuckle|Stealth Rock||[still]\n|-fail|p2a: Shuckle\n|\n|-end|p1a: Clefable|Encore\n|upkeep\n|turn|30\n|\n|t:|1650796222\n|move|p1a: Clefable|Flamethrower|p2a: Shuckle\n|-damage|p2a: Shuckle|24\/100\n|move|p2a: Shuckle|Rest|p2a: Shuckle\n|-status|p2a: Shuckle|slp|[from] move: Rest\n|-heal|p2a: Shuckle|100\/100 slp|[silent]\n|\n|upkeep\n|turn|31\n|\n|t:|1650796306\n|switch|p1a: Tauros|Tauros, M|100\/100\n|-activate|p1a: Tauros|move: Sticky Web\n|-unboost|p1a: Tauros|spe|1\n|-damage|p1a: Tauros|88\/100|[from] Stealth Rock\n|-damage|p1a: Tauros|63\/100|[from] Spikes\n|cant|p2a: Shuckle|slp\n|\n|upkeep\n|turn|32\n|\n|t:|1650796313\n|switch|p2a: Yanmega|Yanmega, F, shiny|18\/100\n|move|p1a: Tauros|Earthquake|p2a: Yanmega\n|-immune|p2a: Yanmega\n|\n|upkeep\n|turn|33\n|\n|t:|1650796320\n|move|p2a: Yanmega|Protect|p2a: Yanmega\n|-singleturn|p2a: Yanmega|Protect\n|move|p1a: Tauros|Flamethrower|p2a: Yanmega\n|-activate|p2a: Yanmega|move: Protect\n|\n|-ability|p2a: Yanmega|Speed Boost|boost\n|-boost|p2a: Yanmega|spe|1\n|upkeep\n|turn|34\n|\n|t:|1650796327\n|move|p2a: Yanmega|Bug Buzz|p1a: Tauros\n|-damage|p1a: Tauros|0 fnt\n|faint|p1a: Tauros\n|-damage|p2a: Yanmega|8\/100|[from] item: Life Orb\n|\n|-ability|p2a: Yanmega|Speed Boost|boost\n|-boost|p2a: Yanmega|spe|1\n|upkeep\n|\n|t:|1650796331\n|switch|p1a: Ambipom|Ambipom, M|100\/100\n|-damage|p1a: Ambipom|76\/100|[from] Spikes\n|-activate|p1a: Ambipom|move: Sticky Web\n|-unboost|p1a: Ambipom|spe|1\n|-damage|p1a: Ambipom|63\/100|[from] Stealth Rock\n|turn|35\n|\n|t:|1650796343\n|move|p1a: Ambipom|Fake Out|p2a: Yanmega\n|-damage|p2a: Yanmega|0 fnt\n|faint|p2a: Yanmega\n|-damage|p1a: Ambipom|53\/100|[from] item: Life Orb\n|\n|upkeep\n|\n|t:|1650796346\n|switch|p2a: Pinsir|Pinsir, M|100\/100\n|turn|36\n|\n|t:|1650796351\n|detailschange|p2a: Pinsir|Pinsir-Mega, M\n|-mega|p2a: Pinsir|Pinsir|Pinsirite\n|move|p2a: Pinsir|Return|p1a: Ambipom\n|-damage|p1a: Ambipom|0 fnt\n|faint|p1a: Ambipom\n|\n|upkeep\n|\n|t:|1650796356\n|switch|p1a: Clefable|Clefable, M|100\/100\n|-damage|p1a: Clefable|88\/100|[from] Stealth Rock\n|-damage|p1a: Clefable|63\/100|[from] Spikes\n|-activate|p1a: Clefable|move: Sticky Web\n|-unboost|p1a: Clefable|spe|1\n|turn|37\n|\n|t:|1650796360\n|switch|p1a: Chansey|Chansey, F|85\/100\n|-activate|p1a: Chansey|move: Sticky Web\n|-unboost|p1a: Chansey|spe|1\n|-damage|p1a: Chansey|60\/100|[from] Spikes\n|-damage|p1a: Chansey|48\/100|[from] Stealth Rock\n|move|p2a: Pinsir|Return|p1a: Chansey\n|-damage|p1a: Chansey|3\/100\n|\n|upkeep\n|turn|38\n|\n|t:|1650796364\n|move|p2a: Pinsir|Return|p1a: Chansey\n|-damage|p1a: Chansey|0 fnt\n|faint|p1a: Chansey\n|\n|upkeep\n|\n|t:|1650796367\n|switch|p1a: Clefable|Clefable, M|63\/100\n|-damage|p1a: Clefable|51\/100|[from] Stealth Rock\n|-damage|p1a: Clefable|26\/100|[from] Spikes\n|-activate|p1a: Clefable|move: Sticky Web\n|-unboost|p1a: Clefable|spe|1\n|turn|39\n|\n|t:|1650796370\n|move|p2a: Pinsir|Return|p1a: Clefable\n|-damage|p1a: Clefable|0 fnt\n|faint|p1a: Clefable\n|\n|win|adel19\n|c|\u2606adel19|gg\n|l|\u2606reionatro\n|l| cherrycherrykuma\n","uploadtime":1650796386,"views":6,"p1id":"reionatro","p2id":"adel19","formatid":"gen7anythinggoes","rating":0,"private":0,"password":null}