{"id":"gen7ou-1225094869","p1":"mwgscientist","p2":"Ayante","format":"gen7ou","log":"|j|\u2606mwgscientist\n|j|\u2606Ayante\n|t:|1605563005\n|player|p1|mwgscientist|dawn|\n|player|p2|Ayante|koga|\n|teamsize|p1|6\n|teamsize|p2|6\n|gametype|singles\n|gen|7\n|tier|[Gen 7] OU\n|rated|Tournament battle\n|clearpoke\n|poke|p1|Greninja, M|item\n|poke|p1|Mawile, M|item\n|poke|p1|Tapu Bulu|item\n|poke|p1|Heatran, M|item\n|poke|p1|Kartana|item\n|poke|p1|Toxapex, F|item\n|poke|p2|Scizor, M|item\n|poke|p2|Latios, M|item\n|poke|p2|Marowak-Alola, F|item\n|poke|p2|Tapu Fini|item\n|poke|p2|Landorus-Therian, M|item\n|poke|p2|Kartana|item\n|rule|Sleep Clause Mod: Limit one foe put to sleep\n|rule|Species Clause: Limit one of each Pok\u00e9mon\n|rule|OHKO Clause: OHKO moves are banned\n|rule|Moody Clause: Moody is banned\n|rule|Evasion Moves Clause: Evasion moves are banned\n|rule|Endless Battle Clause: Forcing endless battles is banned\n|rule|HP Percentage Mod: HP is shown in percentages\n|teampreview\n|j|+Gross Sweep \u2603\n|j| Lord Woolian\n|j| I quit the game\n|j| EquineHen\n|j| dirt universe\n|l| dirt universe\n|j| AquaVanilla\n|\n|t:|1605563088\n|start\n|switch|p1a: Greninja|Greninja, M|100\/100\n|switch|p2a: Tapu Fini|Tapu Fini|100\/100\n|-fieldstart|move: Misty Terrain|[from] ability: Misty Surge|[of] p2a: Tapu Fini\n|turn|1\n|\n|t:|1605563104\n|switch|p1a: Toxapex|Toxapex, F|100\/100\n|switch|p2a: Scizor|Scizor, M|100\/100\n|\n|upkeep\n|turn|2\n|\n|t:|1605563112\n|detailschange|p2a: Scizor|Scizor-Mega, M\n|-mega|p2a: Scizor|Scizor|Scizorite\n|move|p2a: Scizor|U-turn|p1a: Toxapex\n|-resisted|p1a: Toxapex\n|-damage|p1a: Toxapex|87\/100\n|j| Kingmunchlax\n|\n|t:|1605563118\n|switch|p2a: Latios|Latios, M|100\/100|[from]move: U-turn\n|move|p1a: Toxapex|Scald|p2a: Latios\n|-resisted|p2a: Latios\n|-damage|p2a: Latios|92\/100\n|\n|-heal|p1a: Toxapex|94\/100|[from] item: Black Sludge\n|upkeep\n|turn|3\n|\n|t:|1605563128\n|switch|p1a: Heatran|Heatran, M|100\/100\n|move|p2a: Latios|Calm Mind|p2a: Latios\n|-boost|p2a: Latios|spa|1\n|-boost|p2a: Latios|spd|1\n|\n|upkeep\n|turn|4\n|l| AquaVanilla\n|c|\u2606mwgscientist|ugh\n|\n|t:|1605563141\n|move|p2a: Latios|Surf|p1a: Heatran\n|-supereffective|p1a: Heatran\n|-damage|p1a: Heatran|42\/100\n|move|p1a: Heatran|Magma Storm|p2a: Latios\n|-resisted|p2a: Latios\n|-damage|p2a: Latios|76\/100\n|-activate|p2a: Latios|move: Magma Storm|[of] p1a: Heatran\n|\n|-heal|p1a: Heatran|48\/100|[from] item: Leftovers\n|-damage|p2a: Latios|64\/100|[from] move: Magma Storm|[partiallytrapped]\n|upkeep\n|turn|5\n|c|\u2606mwgscientist|this is gonna suck\n|\n|t:|1605563158\n|move|p1a: Heatran|Protect|p1a: Heatran\n|-singleturn|p1a: Heatran|Protect\n|move|p2a: Latios|Roost|p2a: Latios\n|-heal|p2a: Latios|100\/100\n|-singleturn|p2a: Latios|move: Roost\n|\n|-heal|p1a: Heatran|54\/100|[from] item: Leftovers\n|-damage|p2a: Latios|88\/100|[from] move: Magma Storm|[partiallytrapped]\n|-fieldend|Misty Terrain\n|upkeep\n|turn|6\n|l| Kingmunchlax\n|\n|t:|1605563170\n|switch|p1a: Tapu Bulu|Tapu Bulu|100\/100\n|-fieldstart|move: Grassy Terrain|[from] ability: Grassy Surge|[of] p1a: Tapu Bulu\n|move|p2a: Latios|Surf|p1a: Tapu Bulu\n|-resisted|p1a: Tapu Bulu\n|-damage|p1a: Tapu Bulu|84\/100\n|\n|-heal|p1a: Tapu Bulu|90\/100|[from] Grassy Terrain\n|-end|p2a: Latios|Magma Storm|[partiallytrapped]|[silent]\n|upkeep\n|turn|7\n|j| I do not exsist\n|\n|t:|1605563199\n|switch|p1a: Heatran|Heatran, M|54\/100\n|-zpower|p2a: Latios\n|move|p2a: Latios|Shattered Psyche|p1a: Heatran|[zeffect]\n|-resisted|p1a: Heatran\n|-damage|p1a: Heatran|11\/100\n|\n|-heal|p1a: Heatran|18\/100|[from] item: Leftovers\n|-heal|p1a: Heatran|24\/100|[from] Grassy Terrain\n|upkeep\n|turn|8\n|\n|t:|1605563204\n|move|p1a: Heatran|Protect|p1a: Heatran\n|-singleturn|p1a: Heatran|Protect\n|move|p2a: Latios|Surf|p1a: Heatran\n|-activate|p1a: Heatran|move: Protect\n|\n|-heal|p1a: Heatran|30\/100|[from] item: Leftovers\n|-heal|p1a: Heatran|36\/100|[from] Grassy Terrain\n|upkeep\n|turn|9\n|\n|t:|1605563211\n|switch|p1a: Tapu Bulu|Tapu Bulu|90\/100\n|move|p2a: Latios|Psyshock|p1a: Tapu Bulu\n|-damage|p1a: Tapu Bulu|36\/100\n|\n|-heal|p1a: Tapu Bulu|42\/100|[from] Grassy Terrain\n|upkeep\n|turn|10\n|\n|t:|1605563220\n|switch|p1a: Greninja|Greninja, M|100\/100\n|move|p2a: Latios|Psyshock|p1a: Greninja\n|-immune|p1a: Greninja\n|\n|upkeep\n|turn|11\n|\n|t:|1605563223\n|switch|p2a: Tapu Fini|Tapu Fini|100\/100\n|-fieldstart|move: Misty Terrain|[from] ability: Misty Surge|[of] p2a: Tapu Fini\n|move|p1a: Greninja|Dark Pulse|p2a: Tapu Fini\n|-resisted|p2a: Tapu Fini\n|-damage|p2a: Tapu Fini|80\/100\n|\n|-heal|p2a: Tapu Fini|86\/100|[from] item: Leftovers\n|upkeep\n|turn|12\n|\n|t:|1605563238\n|switch|p1a: Tapu Bulu|Tapu Bulu|42\/100\n|-fieldstart|move: Grassy Terrain|[from] ability: Grassy Surge|[of] p1a: Tapu Bulu\n|move|p2a: Tapu Fini|Moonblast|p1a: Tapu Bulu\n|-damage|p1a: Tapu Bulu|12\/100\n|-unboost|p1a: Tapu Bulu|spa|1\n|\n|-heal|p2a: Tapu Fini|92\/100|[from] item: Leftovers\n|-heal|p2a: Tapu Fini|98\/100|[from] Grassy Terrain\n|-heal|p1a: Tapu Bulu|18\/100|[from] Grassy Terrain\n|upkeep\n|turn|13\n|\n|t:|1605563268\n|switch|p2a: Scizor|Scizor-Mega, M|100\/100\n|switch|p1a: Mawile|Mawile, M|100\/100\n|-ability|p1a: Mawile|Intimidate|boost\n|-unboost|p2a: Scizor|atk|1\n|\n|upkeep\n|turn|14\n|\n|t:|1605563355\n|detailschange|p1a: Mawile|Mawile-Mega, M\n|-mega|p1a: Mawile|Mawile|Mawilite\n|move|p2a: Scizor|U-turn|p1a: Mawile\n|-resisted|p1a: Mawile\n|-damage|p1a: Mawile|94\/100\n|\n|t:|1605563359\n|switch|p2a: Landorus|Landorus-Therian, M|100\/100|[from]move: U-turn\n|-ability|p2a: Landorus|Intimidate|boost\n|-unboost|p1a: Mawile|atk|1\n|move|p1a: Mawile|Swords Dance|p1a: Mawile\n|-boost|p1a: Mawile|atk|2\n|\n|-heal|p1a: Mawile|99\/100|[from] Grassy Terrain\n|upkeep\n|turn|15\n|\n|t:|1605563428\n|switch|p1a: Kartana|Kartana|100\/100\n|move|p2a: Landorus|Earthquake|p1a: Kartana\n|-damage|p1a: Kartana|75\/100\n|\n|-heal|p1a: Kartana|81\/100|[from] Grassy Terrain\n|upkeep\n|turn|16\n|\n|t:|1605563432\n|switch|p2a: Scizor|Scizor-Mega, M|100\/100\n|move|p1a: Kartana|Leaf Blade|p2a: Scizor\n|-resisted|p2a: Scizor\n|-damage|p2a: Scizor|86\/100\n|\n|-heal|p1a: Kartana|87\/100|[from] Grassy Terrain\n|-heal|p2a: Scizor|92\/100|[from] Grassy Terrain\n|upkeep\n|turn|17\n|\n|t:|1605563435\n|switch|p1a: Toxapex|Toxapex, F|100\/100\n|move|p2a: Scizor|U-turn|p1a: Toxapex\n|-resisted|p1a: Toxapex\n|-damage|p1a: Toxapex|88\/100\n|j|@Disorient\n|\n|t:|1605563486\n|switch|p2a: Latios|Latios, M|88\/100|[from]move: U-turn\n|\n|-heal|p1a: Toxapex|94\/100|[from] item: Black Sludge\n|-heal|p1a: Toxapex|99\/100|[from] Grassy Terrain\n|upkeep\n|turn|18\n|\n|t:|1605563507\n|switch|p2a: Tapu Fini|Tapu Fini|98\/100\n|-fieldstart|move: Misty Terrain|[from] ability: Misty Surge|[of] p2a: Tapu Fini\n|switch|p1a: Greninja|Greninja, M|100\/100\n|\n|-heal|p2a: Tapu Fini|100\/100|[from] item: Leftovers\n|upkeep\n|turn|19\n|\n|t:|1605563527\n|switch|p1a: Mawile|Mawile-Mega, M|99\/100\n|move|p2a: Tapu Fini|Moonblast|p1a: Mawile\n|-resisted|p1a: Mawile\n|-damage|p1a: Mawile|69\/100\n|\n|upkeep\n|turn|20\n|\n|t:|1605563538\n|move|p2a: Tapu Fini|Surf|p1a: Mawile\n|-damage|p1a: Mawile|13\/100\n|move|p1a: Mawile|Play Rough|p2a: Tapu Fini\n|-damage|p2a: Tapu Fini|19\/100\n|\n|-heal|p2a: Tapu Fini|25\/100|[from] item: Leftovers\n|upkeep\n|turn|21\n|c|\u2606mwgscientist|surf fini lol\n|j| Main nidoking\n|\n|t:|1605563577\n|switch|p1a: Toxapex|Toxapex, F|100\/100\n|move|p2a: Tapu Fini|Surf|p1a: Toxapex\n|-resisted|p1a: Toxapex\n|-damage|p1a: Toxapex|82\/100\n|\n|-heal|p2a: Tapu Fini|31\/100|[from] item: Leftovers\n|-heal|p1a: Toxapex|88\/100|[from] item: Black Sludge\n|upkeep\n|turn|22\n|c| Lord Woolian|don't sleep on surf fini\n|c|\u2606mwgscientist|lol\n|\n|t:|1605563604\n|switch|p2a: Latios|Latios, M|88\/100\n|move|p1a: Toxapex|Knock Off|p2a: Latios\n|-supereffective|p2a: Latios\n|-damage|p2a: Latios|61\/100\n|\n|-heal|p1a: Toxapex|94\/100|[from] item: Black Sludge\n|-fieldend|Misty Terrain\n|upkeep\n|turn|23\n|\n|t:|1605563619\n|switch|p1a: Greninja|Greninja, M|100\/100\n|move|p2a: Latios|Psyshock|p1a: Greninja\n|-immune|p1a: Greninja\n|\n|upkeep\n|turn|24\n|\n|t:|1605563628\n|switch|p2a: Scizor|Scizor-Mega, M|92\/100\n|move|p1a: Greninja|Dark Pulse|p2a: Scizor\n|-damage|p2a: Scizor|43\/100\n|\n|upkeep\n|turn|25\n|c|\u2606mwgscientist|why scizor\n|j| out im trash\n|c| I do not exsist|why did you choose marowak to be on your team?\n|c| I do not exsist|ayante\n|\n|t:|1605563688\n|switch|p2a: Tapu Fini|Tapu Fini|31\/100\n|-fieldstart|move: Misty Terrain|[from] ability: Misty Surge|[of] p2a: Tapu Fini\n|move|p1a: Greninja|Dark Pulse|p2a: Tapu Fini\n|-resisted|p2a: Tapu Fini\n|-damage|p2a: Tapu Fini|10\/100\n|\n|-heal|p2a: Tapu Fini|16\/100|[from] item: Leftovers\n|upkeep\n|turn|26\n|\n|t:|1605563694\n|move|p1a: Greninja|Dark Pulse|p2a: Tapu Fini\n|-resisted|p2a: Tapu Fini\n|-damage|p2a: Tapu Fini|0 fnt\n|faint|p2a: Tapu Fini\n|-activate|p1a: Greninja|ability: Battle Bond\n|detailschange|p1a: Greninja|Greninja-Ash, M\n|\n|upkeep\n|\n|t:|1605563697\n|switch|p2a: Kartana|Kartana|100\/100\n|turn|27\n|c|\u2606mwgscientist|yea marowak weird also\n|\n|t:|1605563720\n|switch|p2a: Scizor|Scizor-Mega, M|43\/100\n|switch|p1a: Toxapex|Toxapex, F|100\/100\n|\n|upkeep\n|turn|28\n|c|\u2606mwgscientist|it doesnt even have poltergeist in this gen\n|\n|t:|1605563736\n|move|p2a: Scizor|Roost|p2a: Scizor\n|-heal|p2a: Scizor|93\/100\n|-singleturn|p2a: Scizor|move: Roost\n|move|p1a: Toxapex|Scald|p2a: Scizor\n|-damage|p2a: Scizor|78\/100\n|\n|upkeep\n|turn|29\n|\n|t:|1605563741\n|move|p2a: Scizor|U-turn|p1a: Toxapex\n|-resisted|p1a: Toxapex\n|-damage|p1a: Toxapex|89\/100\n|\n|t:|1605563746\n|switch|p2a: Landorus|Landorus-Therian, M|100\/100|[from]move: U-turn\n|-ability|p2a: Landorus|Intimidate|boost\n|-unboost|p1a: Toxapex|atk|1\n|move|p1a: Toxapex|Scald|p2a: Landorus\n|-supereffective|p2a: Landorus\n|-crit|p2a: Landorus\n|-damage|p2a: Landorus|46\/100\n|\n|-heal|p2a: Landorus|52\/100|[from] item: Leftovers\n|-heal|p1a: Toxapex|95\/100|[from] item: Black Sludge\n|-fieldend|Misty Terrain\n|upkeep\n|turn|30\n|\n|t:|1605563754\n|switch|p1a: Tapu Bulu|Tapu Bulu|18\/100\n|-fieldstart|move: Grassy Terrain|[from] ability: Grassy Surge|[of] p1a: Tapu Bulu\n|move|p2a: Landorus|Stealth Rock|p1a: Tapu Bulu\n|-sidestart|p1: mwgscientist|move: Stealth Rock\n|\n|-heal|p2a: Landorus|58\/100|[from] item: Leftovers\n|-heal|p1a: Tapu Bulu|24\/100|[from] Grassy Terrain\n|upkeep\n|turn|31\n|\n|t:|1605563758\n|move|p2a: Landorus|Hidden Power|p1a: Tapu Bulu\n|-supereffective|p1a: Tapu Bulu\n|-damage|p1a: Tapu Bulu|1\/100\n|move|p1a: Tapu Bulu|Synthesis|p1a: Tapu Bulu\n|-heal|p1a: Tapu Bulu|51\/100\n|\n|-heal|p2a: Landorus|64\/100|[from] item: Leftovers\n|-heal|p1a: Tapu Bulu|57\/100|[from] Grassy Terrain\n|upkeep\n|turn|32\n|c|\u2606mwgscientist|spdef bulu clutches\n|\n|t:|1605563774\n|switch|p2a: Scizor|Scizor-Mega, M|78\/100\n|move|p1a: Tapu Bulu|Synthesis|p1a: Tapu Bulu\n|-heal|p1a: Tapu Bulu|100\/100\n|\n|-heal|p2a: Scizor|84\/100|[from] Grassy Terrain\n|upkeep\n|turn|33\n|\n|t:|1605563780\n|move|p2a: Scizor|U-turn|p1a: Tapu Bulu\n|-damage|p1a: Tapu Bulu|63\/100\n|c| I do not exsist|that was luckly\n|\n|t:|1605563788\n|switch|p2a: Landorus|Landorus-Therian, M|64\/100|[from]move: U-turn\n|-ability|p2a: Landorus|Intimidate|boost\n|-unboost|p1a: Tapu Bulu|atk|1\n|move|p1a: Tapu Bulu|Bulk Up|p1a: Tapu Bulu\n|-boost|p1a: Tapu Bulu|atk|1\n|-boost|p1a: Tapu Bulu|def|1\n|\n|-heal|p2a: Landorus|70\/100|[from] item: Leftovers\n|-heal|p1a: Tapu Bulu|69\/100|[from] Grassy Terrain\n|upkeep\n|turn|34\n|j| Substantial flow\n|c| I do not exsist|lucky*\n|\n|t:|1605563795\n|switch|p2a: Scizor|Scizor-Mega, M|84\/100\n|move|p1a: Tapu Bulu|Synthesis|p1a: Tapu Bulu\n|-heal|p1a: Tapu Bulu|100\/100\n|\n|-heal|p2a: Scizor|90\/100|[from] Grassy Terrain\n|upkeep\n|turn|35\n|c|\u2606mwgscientist|i agree 100%\n|\n|t:|1605563803\n|move|p2a: Scizor|Swords Dance|p2a: Scizor\n|-boost|p2a: Scizor|atk|2\n|move|p1a: Tapu Bulu|Bulk Up|p1a: Tapu Bulu\n|-boost|p1a: Tapu Bulu|atk|1\n|-boost|p1a: Tapu Bulu|def|1\n|\n|-heal|p2a: Scizor|96\/100|[from] Grassy Terrain\n|upkeep\n|turn|36\n|\n|t:|1605563811\n|move|p2a: Scizor|U-turn|p1a: Tapu Bulu\n|-damage|p1a: Tapu Bulu|66\/100\n|\n|t:|1605563814\n|switch|p2a: Landorus|Landorus-Therian, M|70\/100|[from]move: U-turn\n|-ability|p2a: Landorus|Intimidate|boost\n|-unboost|p1a: Tapu Bulu|atk|1\n|move|p1a: Tapu Bulu|Stone Edge|p2a: Landorus\n|-damage|p2a: Landorus|50\/100\n|\n|-heal|p2a: Landorus|56\/100|[from] item: Leftovers\n|-heal|p1a: Tapu Bulu|72\/100|[from] Grassy Terrain\n|upkeep\n|turn|37\n|\n|t:|1605563820\n|switch|p2a: Scizor|Scizor-Mega, M|96\/100\n|move|p1a: Tapu Bulu|Bulk Up|p1a: Tapu Bulu\n|-boost|p1a: Tapu Bulu|atk|1\n|-boost|p1a: Tapu Bulu|def|1\n|\n|-heal|p2a: Scizor|100\/100|[from] Grassy Terrain\n|-heal|p1a: Tapu Bulu|78\/100|[from] Grassy Terrain\n|-fieldend|move: Grassy Terrain\n|upkeep\n|turn|38\n|\n|t:|1605563826\n|move|p2a: Scizor|Swords Dance|p2a: Scizor\n|-boost|p2a: Scizor|atk|2\n|move|p1a: Tapu Bulu|Stone Edge|p2a: Scizor\n|-damage|p2a: Scizor|71\/100\n|\n|upkeep\n|turn|39\n|\n|t:|1605563833\n|move|p2a: Scizor|Bullet Punch|p1a: Tapu Bulu\n|-supereffective|p1a: Tapu Bulu\n|-damage|p1a: Tapu Bulu|29\/100\n|move|p1a: Tapu Bulu|Stone Edge|p2a: Scizor\n|-damage|p2a: Scizor|40\/100\n|\n|upkeep\n|turn|40\n|\n|t:|1605563844\n|switch|p1a: Kartana|Kartana|87\/100\n|-damage|p1a: Kartana|81\/100|[from] Stealth Rock\n|move|p2a: Scizor|Roost|p2a: Scizor\n|-heal|p2a: Scizor|90\/100\n|-singleturn|p2a: Scizor|move: Roost\n|\n|upkeep\n|turn|41\n|j| ChikaBestGrill\n|\n|t:|1605563858\n|move|p1a: Kartana|Sacred Sword|p2a: Scizor\n|-damage|p2a: Scizor|65\/100\n|move|p2a: Scizor|U-turn|p1a: Kartana\n|-damage|p1a: Kartana|0 fnt\n|faint|p1a: Kartana\n|\n|t:|1605563879\n|switch|p2a: Kartana|Kartana|100\/100|[from]move: U-turn\n|\n|upkeep\n|\n|t:|1605563896\n|switch|p1a: Heatran|Heatran, M|36\/100\n|-damage|p1a: Heatran|24\/100|[from] Stealth Rock\n|turn|42\n|\n|t:|1605563911\n|switch|p1a: Toxapex|Toxapex, F|100\/100\n|-damage|p1a: Toxapex|88\/100|[from] Stealth Rock\n|move|p2a: Kartana|Knock Off|p1a: Toxapex\n|-damage|p1a: Toxapex|61\/100\n|-enditem|p1a: Toxapex|Black Sludge|[from] move: Knock Off|[of] p2a: Kartana\n|\n|upkeep\n|turn|43\n|j| goblinguy421\n|\n|t:|1605563939\n|switch|p2a: Scizor|Scizor-Mega, M|65\/100\n|move|p1a: Toxapex|Scald|p2a: Scizor\n|-damage|p2a: Scizor|50\/100\n|-status|p2a: Scizor|brn\n|\n|-damage|p2a: Scizor|44\/100 brn|[from] brn\n|upkeep\n|turn|44\n|c|\u2606mwgscientist|oh yeaaaaaaaaaaa\n|c|\u2606mwgscientist|you love to see it\n|\n|t:|1605563962\n|move|p2a: Scizor|Roost|p2a: Scizor\n|-heal|p2a: Scizor|94\/100 brn\n|-singleturn|p2a: Scizor|move: Roost\n|move|p1a: Toxapex|Recover|p1a: Toxapex\n|-heal|p1a: Toxapex|100\/100\n|\n|-damage|p2a: Scizor|88\/100 brn|[from] brn\n|upkeep\n|turn|45\n|l| I do not exsist\n|\n|t:|1605563976\n|move|p2a: Scizor|U-turn|p1a: Toxapex\n|-resisted|p1a: Toxapex\n|-damage|p1a: Toxapex|95\/100\n|\n|t:|1605563981\n|switch|p2a: Latios|Latios, M|61\/100|[from]move: U-turn\n|move|p1a: Toxapex|Knock Off|p2a: Latios\n|-supereffective|p2a: Latios\n|-damage|p2a: Latios|37\/100\n|\n|upkeep\n|turn|46\n|\n|t:|1605563989\n|switch|p2a: Scizor|Scizor-Mega, M|88\/100 brn\n|switch|p1a: Greninja|Greninja-Ash, M|100\/100\n|-damage|p1a: Greninja|88\/100|[from] Stealth Rock\n|\n|-damage|p2a: Scizor|82\/100 brn|[from] brn\n|upkeep\n|turn|47\n|\n|t:|1605564000\n|switch|p1a: Toxapex|Toxapex, F|100\/100\n|-damage|p1a: Toxapex|88\/100|[from] Stealth Rock\n|move|p2a: Scizor|U-turn|p1a: Toxapex\n|-resisted|p1a: Toxapex\n|-damage|p1a: Toxapex|82\/100\n|\n|t:|1605564009\n|switch|p2a: Marowak|Marowak-Alola, F|100\/100|[from]move: U-turn\n|\n|upkeep\n|turn|48\n|\n|t:|1605564022\n|move|p2a: Marowak|Swords Dance|p2a: Marowak\n|-boost|p2a: Marowak|atk|2\n|move|p1a: Toxapex|Knock Off|p2a: Marowak\n|-supereffective|p2a: Marowak\n|-damage|p2a: Marowak|71\/100\n|-enditem|p2a: Marowak|Thick Club|[from] move: Knock Off|[of] p1a: Toxapex\n|\n|upkeep\n|turn|49\n|\n|t:|1605564027\n|move|p2a: Marowak|Shadow Bone|p1a: Toxapex\n|-damage|p1a: Toxapex|37\/100\n|move|p1a: Toxapex|Haze|p1a: Toxapex\n|-clearallboost\n|\n|upkeep\n|turn|50\n|c|\u2606mwgscientist|i just completely nutered your marowak\n|\n|t:|1605564045\n|move|p2a: Marowak|Swords Dance|p2a: Marowak\n|-boost|p2a: Marowak|atk|2\n|move|p1a: Toxapex|Recover|p1a: Toxapex\n|-heal|p1a: Toxapex|87\/100\n|\n|upkeep\n|turn|51\n|\n|t:|1605564053\n|move|p2a: Marowak|Shadow Bone|p1a: Toxapex\n|-damage|p1a: Toxapex|45\/100\n|move|p1a: Toxapex|Haze|p1a: Toxapex\n|-clearallboost\n|\n|upkeep\n|turn|52\n|\n|t:|1605564057\n|move|p2a: Marowak|Will-O-Wisp|p1a: Toxapex\n|-status|p1a: Toxapex|brn\n|move|p1a: Toxapex|Scald|p2a: Marowak\n|-supereffective|p2a: Marowak\n|-damage|p2a: Marowak|26\/100\n|\n|-damage|p1a: Toxapex|39\/100 brn|[from] brn\n|upkeep\n|turn|53\n|\n|t:|1605564063\n|move|p2a: Marowak|Shadow Bone|p1a: Toxapex\n|-damage|p1a: Toxapex|17\/100 brn\n|-unboost|p1a: Toxapex|def|1\n|move|p1a: Toxapex|Recover|p1a: Toxapex\n|-heal|p1a: Toxapex|67\/100 brn\n|\n|-damage|p1a: Toxapex|61\/100 brn|[from] brn\n|upkeep\n|turn|54\n|\n|t:|1605564068\n|switch|p1a: Greninja|Greninja-Ash, M|88\/100\n|-damage|p1a: Greninja|76\/100|[from] Stealth Rock\n|move|p2a: Marowak|Shadow Bone|p1a: Greninja\n|-resisted|p1a: Greninja\n|-damage|p1a: Greninja|45\/100\n|\n|upkeep\n|turn|55\n|\n|t:|1605564088\n|move|p1a: Greninja|Dark Pulse|p2a: Marowak\n|-supereffective|p2a: Marowak\n|-damage|p2a: Marowak|0 fnt\n|faint|p2a: Marowak\n|\n|upkeep\n|l| Substantial flow\n|\n|t:|1605564094\n|switch|p2a: Kartana|Kartana|100\/100\n|turn|56\n|\n|t:|1605564105\n|switch|p1a: Tapu Bulu|Tapu Bulu|29\/100\n|-damage|p1a: Tapu Bulu|17\/100|[from] Stealth Rock\n|-fieldstart|move: Grassy Terrain|[from] ability: Grassy Surge|[of] p1a: Tapu Bulu\n|move|p2a: Kartana|Leaf Blade|p1a: Tapu Bulu\n|-resisted|p1a: Tapu Bulu\n|-damage|p1a: Tapu Bulu|0 fnt\n|faint|p1a: Tapu Bulu\n|-ability|p2a: Kartana|Beast Boost|boost\n|-boost|p2a: Kartana|atk|1\n|\n|upkeep\n|\n|t:|1605564113\n|switch|p1a: Heatran|Heatran, M|24\/100\n|-damage|p1a: Heatran|11\/100|[from] Stealth Rock\n|turn|57\n|c| I quit the game|gg?\n|c|\u2606mwgscientist|idk\n|\n|t:|1605564121\n|move|p1a: Heatran|Protect|p1a: Heatran\n|-singleturn|p1a: Heatran|Protect\n|move|p2a: Kartana|Leaf Blade|p1a: Heatran\n|-activate|p1a: Heatran|move: Protect\n|\n|-heal|p1a: Heatran|18\/100|[from] item: Leftovers\n|-heal|p1a: Heatran|24\/100|[from] Grassy Terrain\n|upkeep\n|turn|58\n|c| out im trash|gg\n|c| out im trash|ayante is the goat\n|c| Lord Woolian|just noticed ayante is top 9 ladder\n|c| Lord Woolian|kek\n|c|\u2606mwgscientist|lemme calc real quick\n|c| Lord Woolian|gg man\n|j| AquaVanilla\n|j| Coach jones 6fifth\n|j| Shrekie\n|l| Shrekie\n|c|\u2606mwgscientist|ok\n|c|\u2606mwgscientist|i calced\n|c|\u2606mwgscientist|i need protect to win\n|c|\u2606mwgscientist|this matchup\n|c| EquineHen|DOUBLE PROTECT LMAO\n|\n|t:|1605564305\n|move|p1a: Heatran|Protect||[still]\n|-fail|p1a: Heatran\n|move|p2a: Kartana|Leaf Blade|p1a: Heatran\n|-resisted|p1a: Heatran\n|-damage|p1a: Heatran|0 fnt\n|faint|p1a: Heatran\n|-ability|p2a: Kartana|Beast Boost|boost\n|-boost|p2a: Kartana|atk|1\n|\n|upkeep\n|c|\u2606mwgscientist|and thats ggs\n|c| I quit the game|GOTTEM\n|\n|t:|1605564316\n|switch|p1a: Greninja|Greninja-Ash, M|45\/100\n|-damage|p1a: Greninja|33\/100|[from] Stealth Rock\n|turn|59\n|\n|t:|1605564320\n|move|p1a: Greninja|Water Shuriken|p2a: Kartana\n|-resisted|p2a: Kartana\n|-damage|p2a: Kartana|75\/100\n|-resisted|p2a: Kartana\n|-damage|p2a: Kartana|47\/100\n|-resisted|p2a: Kartana\n|-damage|p2a: Kartana|17\/100\n|-hitcount|p2a: Kartana|3\n|move|p2a: Kartana|Leaf Blade|p1a: Greninja\n|-supereffective|p1a: Greninja\n|-damage|p1a: Greninja|0 fnt\n|faint|p1a: Greninja\n|-ability|p2a: Kartana|Beast Boost|boost\n|-boost|p2a: Kartana|atk|1\n|\n|-heal|p2a: Kartana|23\/100|[from] Grassy Terrain\n|upkeep\n|\n|t:|1605564326\n|switch|p1a: Mawile|Mawile-Mega, M|13\/100\n|-damage|p1a: Mawile|7\/100|[from] Stealth Rock\n|turn|60\n|l| goblinguy421\n|c|\u2606mwgscientist|im so dumb\n|c| I quit the game|ye\n|c|\u2606mwgscientist|i should of sucker punched first\n|\n|t:|1605564346\n|move|p1a: Mawile|Sucker Punch|p2a: Kartana\n|-damage|p2a: Kartana|0 fnt\n|faint|p2a: Kartana\n|\n|-heal|p1a: Mawile|13\/100|[from] Grassy Terrain\n|upkeep\n|\n|t:|1605564349\n|switch|p2a: Landorus|Landorus-Therian, M|56\/100\n|-ability|p2a: Landorus|Intimidate|boost\n|-unboost|p1a: Mawile|atk|1\n|turn|61\n|c| AquaVanilla|gren carried\n|\n|t:|1605564355\n|switch|p1a: Toxapex|Toxapex, F|94\/100 brn\n|-damage|p1a: Toxapex|81\/100 brn|[from] Stealth Rock\n|move|p2a: Landorus|Earthquake|p1a: Toxapex\n|-supereffective|p1a: Toxapex\n|-damage|p1a: Toxapex|51\/100 brn\n|\n|-heal|p2a: Landorus|62\/100|[from] item: Leftovers\n|-heal|p1a: Toxapex|57\/100 brn|[from] Grassy Terrain\n|-damage|p1a: Toxapex|51\/100 brn|[from] brn\n|upkeep\n|turn|62\n|\n|t:|1605564366\n|move|p2a: Landorus|Earthquake|p1a: Toxapex\n|-supereffective|p1a: Toxapex\n|-damage|p1a: Toxapex|25\/100 brn\n|move|p1a: Toxapex|Scald|p2a: Landorus\n|-supereffective|p2a: Landorus\n|-crit|p2a: Landorus\n|-damage|p2a: Landorus|0 fnt\n|faint|p2a: Landorus\n|\n|-heal|p1a: Toxapex|31\/100 brn|[from] Grassy Terrain\n|-damage|p1a: Toxapex|25\/100 brn|[from] brn\n|upkeep\n|\n|t:|1605564370\n|switch|p2a: Latios|Latios, M|37\/100\n|turn|63\n|\n|t:|1605564375\n|move|p2a: Latios|Psyshock|p1a: Toxapex\n|-supereffective|p1a: Toxapex\n|-damage|p1a: Toxapex|0 fnt\n|faint|p1a: Toxapex\n|\n|-fieldend|move: Grassy Terrain\n|upkeep\n|\n|t:|1605564377\n|switch|p1a: Mawile|Mawile-Mega, M|13\/100\n|-damage|p1a: Mawile|7\/100|[from] Stealth Rock\n|turn|64\n|\n|t:|1605564384\n|move|p1a: Mawile|Sucker Punch|p2a: Latios\n|-supereffective|p2a: Latios\n|-damage|p2a: Latios|0 fnt\n|faint|p2a: Latios\n|\n|upkeep\n|\n|t:|1605564386\n|switch|p2a: Scizor|Scizor-Mega, M|82\/100 brn\n|turn|65\n|c|\u2606mwgscientist|ggs\n|c|\u2606mwgscientist|50\n|c|\u2606mwgscientist|% chance to win\n|c| I quit the game|33%\n|c| I quit the game|you crazy brother\n|c|\u2606mwgscientist|protect is 50%\n|c|\u2606mwgscientist|right?\n|c| Coach jones 6fifth|It\u2019s 33\n|c| I quit the game|its 33% after first one\n|c| AquaVanilla|33\n|c|\u2606mwgscientist|oh\n|c| Coach jones 6fifth|For the second one\n|c|\u2606mwgscientist|33%\n|c| I quit the game|goes down by 1\/3 everytime\n|\n|t:|1605564423\n|move|p2a: Scizor|Bullet Punch|p1a: Mawile\n|-damage|p1a: Mawile|0 fnt\n|faint|p1a: Mawile\n|\n|win|Ayante\n","uploadtime":1605564424,"views":35,"p1id":"mwgscientist","p2id":"ayante","formatid":"gen7ou","rating":0,"private":0,"password":null}