{"id":"gen7ou-609363357","p1":"Latioswar","p2":"Pokefreak77","format":"gen7ou","log":"|j|Latioswar\n|j|Pokefreak77\n|player|p1|Latioswar|52\n|teamsize|p1|6\n|player|p2|Pokefreak77|#zinnia\n|teamsize|p2|6\n|gametype|singles\n|gen|7\n|tier|[Gen 7] OU\n|rated\n|seed|38423,43438,31331,42107\n|rule|Sleep Clause Mod: Limit one foe put to sleep\n|rule|Species Clause: Limit one of each Pok\u00e9mon\n|rule|OHKO Clause: OHKO moves are banned\n|rule|Moody Clause: Moody is banned\n|rule|Evasion Moves Clause: Evasion moves are banned\n|rule|Endless Battle Clause: Forcing endless battles is banned\n|rule|HP Percentage Mod: HP is shown in percentages\n|clearpoke\n|poke|p1|Alakazam, F|item\n|poke|p1|Tapu Lele|item\n|poke|p1|Tyranitar, M|item\n|poke|p1|Ferrothorn, F|item\n|poke|p1|Tapu Fini|item\n|poke|p1|Thundurus-Therian, M|item\n|poke|p2|Charizard, M, shiny|item\n|poke|p2|Jirachi|item\n|poke|p2|Cresselia, F|item\n|poke|p2|Tapu Fini|item\n|poke|p2|Landorus-Therian, M|item\n|poke|p2|Salamence, F|item\n|teampreview\n|choice|team 6, team 2, team 3, team 4, team 5, team 1|team 2, team 1, team 3, team 4, team 5, team 6\n|\n|start\n|switch|p1a: Thundurus|Thundurus-Therian, M|299\/299\n|switch|p2a: your name|Jirachi|341\/341\n|turn|1\n|choice|move voltswitch|move ironhead\n|\n|move|p1a: Thundurus|Volt Switch|p2a: your name\n|-damage|p2a: your name|208\/341\n|choice|switch 4|\n|\n|switch|p1a: Ferrothorn|Ferrothorn, F|352\/352\n|move|p2a: your name|Iron Head|p1a: Ferrothorn\n|-resisted|p1a: Ferrothorn\n|-damage|p1a: Ferrothorn|303\/352\n|-damage|p2a: your name|166\/341|[from] ability: Iron Barbs|[of] p1a: Ferrothorn\n|\n|-heal|p1a: Ferrothorn|325\/352|[from] item: Leftovers\n|upkeep\n|turn|2\n|choice|move stealthrock|switch 4\n|\n|switch|p2a: life's sorrow|Tapu Fini|337\/337\n|-fieldstart|move: Misty Terrain|[from] ability: Misty Surge|[of] p2a: life's sorrow\n|move|p1a: Ferrothorn|Stealth Rock|p2a: life's sorrow\n|-sidestart|p2: Pokefreak77|move: Stealth Rock\n|\n|-heal|p1a: Ferrothorn|347\/352|[from] item: Leftovers\n|upkeep\n|turn|3\n|choice|move powerwhip|move defog\n|\n|move|p2a: life's sorrow|Defog|p1a: Ferrothorn\n|-unboost|p1a: Ferrothorn|evasion|1\n|-sideend|p2: Pokefreak77|Stealth Rock|[from] move: Defog|[of] p2a: life's sorrow\n|move|p1a: Ferrothorn|Power Whip|p2a: life's sorrow\n|-supereffective|p2a: life's sorrow\n|-damage|p2a: life's sorrow|0 fnt\n|faint|p2a: life's sorrow\n|\n|-heal|p1a: Ferrothorn|352\/352|[from] item: Leftovers\n|upkeep\n|choice||switch 2\n|\n|switch|p2a: novalis|Charizard, M, shiny|297\/297\n|turn|4\n|choice|switch 3|move fireblast mega\n|\n|switch|p1a: Tyranitar|Tyranitar, M|341\/341\n|-weather|Sandstorm|[from] ability: Sand Stream|[of] p1a: Tyranitar\n|detailschange|p2a: novalis|Charizard-Mega-Y, M, shiny\n|-mega|p2a: novalis|Charizard|Charizardite Y\n|-weather|SunnyDay|[from] ability: Drought|[of] p2a: novalis\n|move|p2a: novalis|Fire Blast|p1a: Tyranitar\n|-resisted|p1a: Tyranitar\n|-damage|p1a: Tyranitar|166\/341\n|\n|-weather|SunnyDay|[upkeep]\n|upkeep\n|turn|5\n|choice|switch 4|switch 5\n|\n|switch|p2a: senseless cruelty|Landorus-Therian, M|319\/319\n|-ability|p2a: senseless cruelty|Intimidate|boost\n|-unboost|p1a: Tyranitar|atk|1\n|switch|p1a: Thundurus|Thundurus-Therian, M|299\/299\n|\n|-weather|SunnyDay|[upkeep]\n|upkeep\n|turn|6\n|choice|move hiddenpower|move uturn\n|\n|move|p1a: Thundurus|Hidden Power|p2a: senseless cruelty\n|-supereffective|p2a: senseless cruelty\n|-damage|p2a: senseless cruelty|0 fnt\n|faint|p2a: senseless cruelty\n|\n|-weather|SunnyDay|[upkeep]\n|-fieldend|Misty Terrain\n|upkeep\n|choice||switch 5\n|\n|switch|p2a: novalis|Charizard-Mega-Y, M, shiny|297\/297\n|turn|7\n|choice|switch 4|move focusblast\n|\n|switch|p1a: Tyranitar|Tyranitar, M|166\/341\n|-weather|Sandstorm|[from] ability: Sand Stream|[of] p1a: Tyranitar\n|move|p2a: novalis|Focus Blast|p1a: Tyranitar\n|-supereffective|p1a: Tyranitar\n|-damage|p1a: Tyranitar|0 fnt\n|faint|p1a: Tyranitar\n|\n|-weather|Sandstorm|[upkeep]\n|-damage|p2a: novalis|279\/297|[from] sandstorm\n|upkeep\n|choice|switch 4|\n|\n|switch|p1a: Thundurus|Thundurus-Therian, M|299\/299\n|turn|8\n|choice|move voltswitch|switch 3\n|\n|switch|p2a: moonlight sonata|Cresselia, F|441\/441\n|move|p1a: Thundurus|Volt Switch|p2a: moonlight sonata\n|-damage|p2a: moonlight sonata|327\/441\n|choice|switch 3|\n|\n|switch|p1a: Ferrothorn|Ferrothorn, F|352\/352\n|\n|-weather|Sandstorm|[upkeep]\n|-damage|p2a: moonlight sonata|300\/441|[from] sandstorm\n|-heal|p2a: moonlight sonata|327\/441|[from] item: Leftovers\n|upkeep\n|turn|9\n|choice|move stealthrock|switch 3\n|\n|switch|p2a: novalis|Charizard-Mega-Y, M, shiny|279\/297\n|-weather|SunnyDay|[from] ability: Drought|[of] p2a: novalis\n|move|p1a: Ferrothorn|Stealth Rock|p2a: novalis\n|-sidestart|p2: Pokefreak77|move: Stealth Rock\n|\n|-weather|SunnyDay|[upkeep]\n|upkeep\n|turn|10\n|choice|switch 5|move fireblast\n|\n|switch|p1a: Tapu Fini|Tapu Fini|281\/281\n|-fieldstart|move: Misty Terrain|[from] ability: Misty Surge|[of] p1a: Tapu Fini\n|move|p2a: novalis|Fire Blast|p1a: Tapu Fini\n|-resisted|p1a: Tapu Fini\n|-damage|p1a: Tapu Fini|136\/281\n|\n|-weather|SunnyDay|[upkeep]\n|upkeep\n|turn|11\n|choice|move hydropump|move fireblast\n|\n|move|p1a: Tapu Fini|Hydro Pump|p2a: novalis\n|-supereffective|p2a: novalis\n|-damage|p2a: novalis|139\/297\n|move|p2a: novalis|Fire Blast|p1a: Tapu Fini|[miss]\n|-miss|p2a: novalis|p1a: Tapu Fini\n|\n|-weather|SunnyDay|[upkeep]\n|upkeep\n|turn|12\n|choice|move hydropump|switch 4\n|\n|switch|p2a: your name|Jirachi|166\/341\n|-damage|p2a: your name|145\/341|[from] Stealth Rock\n|move|p1a: Tapu Fini|Hydro Pump|p2a: your name\n|-damage|p2a: your name|60\/341\n|\n|-weather|SunnyDay|[upkeep]\n|upkeep\n|turn|13\n|inactive|Battle timer is ON: inactive players will automatically lose when time's up. (requested by Latioswar)\n|choice|switch 5|switch 6\n|\n|switch|p2a: blitzkrieg|Salamence, F|331\/331\n|-damage|p2a: blitzkrieg|249\/331|[from] Stealth Rock\n|switch|p1a: Ferrothorn|Ferrothorn, F|352\/352\n|\n|-weather|none\n|upkeep\n|turn|14\n|choice|switch 3|move dragondance\n|\n|switch|p1a: Thundurus|Thundurus-Therian, M|299\/299\n|move|p2a: blitzkrieg|Dragon Dance|p2a: blitzkrieg\n|-boost|p2a: blitzkrieg|atk|1\n|-boost|p2a: blitzkrieg|spe|1\n|\n|-fieldend|Misty Terrain\n|upkeep\n|turn|15\n|choice|move hiddenpower|switch 3\n|\n|switch|p2a: moonlight sonata|Cresselia, F|327\/441\n|-damage|p2a: moonlight sonata|272\/441|[from] Stealth Rock\n|move|p1a: Thundurus|Hidden Power|p2a: moonlight sonata\n|-damage|p2a: moonlight sonata|211\/441\n|\n|-heal|p2a: moonlight sonata|238\/441|[from] item: Leftovers\n|upkeep\n|turn|16\n|choice|switch 3|move moonlight\n|\n|switch|p1a: Ferrothorn|Ferrothorn, F|352\/352\n|move|p2a: moonlight sonata|Moonlight|p2a: moonlight sonata\n|-heal|p2a: moonlight sonata|441\/441\n|\n|upkeep\n|turn|17\n|choice|move powerwhip|move psychic\n|\n|move|p2a: moonlight sonata|Psychic|p1a: Ferrothorn\n|-resisted|p1a: Ferrothorn\n|-damage|p1a: Ferrothorn|315\/352\n|move|p1a: Ferrothorn|Power Whip|p2a: moonlight sonata\n|-damage|p2a: moonlight sonata|320\/441\n|\n|-heal|p2a: moonlight sonata|347\/441|[from] item: Leftovers\n|-heal|p1a: Ferrothorn|337\/352|[from] item: Leftovers\n|upkeep\n|turn|18\n|choice|move spikes|move psychic\n|\n|move|p2a: moonlight sonata|Psychic|p1a: Ferrothorn\n|-resisted|p1a: Ferrothorn\n|-damage|p1a: Ferrothorn|301\/352\n|move|p1a: Ferrothorn|Spikes|p2a: moonlight sonata\n|-sidestart|p2: Pokefreak77|Spikes\n|\n|-heal|p2a: moonlight sonata|374\/441|[from] item: Leftovers\n|-heal|p1a: Ferrothorn|323\/352|[from] item: Leftovers\n|upkeep\n|turn|19\n|choice|move swordsdance|switch 6\n|\n|switch|p2a: your name|Jirachi|60\/341\n|-damage|p2a: your name|39\/341|[from] Stealth Rock\n|-damage|p2a: your name|0 fnt|[from] Spikes\n|faint|p2a: your name\n|move|p1a: Ferrothorn|Swords Dance|p1a: Ferrothorn\n|-boost|p1a: Ferrothorn|atk|2\n|\n|-heal|p1a: Ferrothorn|345\/352|[from] item: Leftovers\n|upkeep\n|choice||switch 3\n|\n|switch|p2a: blitzkrieg|Salamence, F|249\/331\n|-damage|p2a: blitzkrieg|167\/331|[from] Stealth Rock\n|turn|20\n|choice|switch 5|move fly zmove\n|\n|switch|p1a: Tapu Fini|Tapu Fini|136\/281\n|-fieldstart|move: Misty Terrain|[from] ability: Misty Surge|[of] p1a: Tapu Fini\n|-zpower|p2a: blitzkrieg\n|move|p2a: blitzkrieg|Supersonic Skystrike|p1a: Tapu Fini|[zeffect]\n|-crit|p1a: Tapu Fini\n|-damage|p1a: Tapu Fini|0 fnt\n|faint|p1a: Tapu Fini\n|-ability|p2a: blitzkrieg|Moxie|boost\n|-boost|p2a: blitzkrieg|atk|1\n|\n|upkeep\n|choice|switch 3|\n|\n|switch|p1a: Thundurus|Thundurus-Therian, M|299\/299\n|turn|21\n|choice|move voltswitch|switch 4\n|\n|switch|p2a: novalis|Charizard-Mega-Y, M, shiny|139\/297\n|-damage|p2a: novalis|0 fnt|[from] Stealth Rock\n|faint|p2a: novalis\n|move|p1a: Thundurus|Volt Switch|p2: novalis|[notarget]\n|-notarget\n|\n|upkeep\n|choice||switch 6\n|\n|switch|p2a: moonlight sonata|Cresselia, F|374\/441\n|-damage|p2a: moonlight sonata|319\/441|[from] Stealth Rock\n|turn|22\n|choice|move voltswitch|move moonlight\n|\n|move|p1a: Thundurus|Volt Switch|p2a: moonlight sonata\n|-damage|p2a: moonlight sonata|207\/441\n|choice|switch 2|\n|\n|switch|p1a: Tapu Lele|Tapu Lele|281\/281\n|-fieldstart|move: Psychic Terrain|[from] ability: Psychic Surge|[of] p1a: Tapu Lele\n|move|p2a: moonlight sonata|Moonlight|p2a: moonlight sonata\n|-heal|p2a: moonlight sonata|427\/441\n|\n|-heal|p2a: moonlight sonata|441\/441|[from] item: Leftovers\n|upkeep\n|turn|23\n|choice|move calmmind|move toxic\n|\n|move|p1a: Tapu Lele|Calm Mind|p1a: Tapu Lele\n|-boost|p1a: Tapu Lele|spa|1\n|-boost|p1a: Tapu Lele|spd|1\n|move|p2a: moonlight sonata|Toxic|p1a: Tapu Lele|[miss]\n|-miss|p2a: moonlight sonata|p1a: Tapu Lele\n|\n|upkeep\n|turn|24\n|-message|Pokefreak77 forfeited.\n|\n|win|Latioswar\n|l|Pokefreak77\n|raw|Latioswar's rating: 1859 &rarr; <strong>1878<\/strong><br \/>(+19 for winning)\n|raw|Pokefreak77's rating: 1840 &rarr; <strong>1822<\/strong><br \/>(-18 for losing)","inputlog":null,"uploadtime":1501131082,"views":19,"p1id":"latioswar","p2id":"pokefreak77","formatid":"gen7ou","rating":1822,"private":0,"password":null}