{"id":"gen7ou-1703602404","p1":"pink_trap1","p2":"HQSNonsense","format":"gen7ou","log":"|j|\u2606pink_trap1\n|j|\u2606HQSNonsense\n|t:|1667678627\n|gametype|singles\n|player|p1|pink_trap1|jasmine|1641\n|player|p2|HQSNonsense|veteranf|1482\n|teamsize|p1|6\n|teamsize|p2|6\n|gen|7\n|tier|[Gen 7] OU\n|rated|\n|rule|Sleep Clause Mod: Limit one foe put to sleep\n|rule|Species Clause: Limit one of each Pok\u00e9mon\n|rule|OHKO Clause: OHKO moves are banned\n|rule|Moody Clause: Moody is banned\n|rule|Evasion Items Clause: Evasion items are banned\n|rule|Evasion Moves Clause: Evasion moves are banned\n|rule|Endless Battle Clause: Forcing endless battles is banned\n|rule|HP Percentage Mod: HP is shown in percentages\n|clearpoke\n|poke|p1|Pyukumuku, L96, F|item\n|poke|p1|Mew|item\n|poke|p1|Blissey, F|item\n|poke|p1|Skarmory, F|item\n|poke|p1|Altaria, F|item\n|poke|p1|Jirachi|item\n|poke|p2|Tapu Koko|item\n|poke|p2|Cloyster, M|item\n|poke|p2|Gyarados, F|item\n|poke|p2|Kommo-o, M|item\n|poke|p2|Landorus-Therian, M|item\n|poke|p2|Magearna|item\n|teampreview\n|inactive|Battle timer is ON: inactive players will automatically lose when time's up. (requested by HQSNonsense)\n|inactive|pink_trap1 has 120 seconds left.\n|c|\u2606HQSNonsense|t\n|\n|t:|1667678688\n|start\n|switch|p1a: bubblegum|Mew|100\/100\n|switch|p2a: Landorus|Landorus-Therian, M|100\/100\n|-ability|p2a: Landorus|Intimidate|boost\n|-unboost|p1a: bubblegum|atk|1\n|turn|1\n|\n|t:|1667678692\n|move|p2a: Landorus|Stealth Rock|p1a: bubblegum\n|-sidestart|p1: pink_trap1|move: Stealth Rock\n|move|p1a: bubblegum|Will-O-Wisp|p2a: Landorus\n|-status|p2a: Landorus|brn\n|\n|-damage|p2a: Landorus|95\/100 brn|[from] brn\n|upkeep\n|turn|2\n|\n|t:|1667678706\n|move|p2a: Landorus|Explosion|p1a: bubblegum\n|-damage|p1a: bubblegum|71\/100\n|faint|p2a: Landorus\n|move|p1a: bubblegum|Defog|p2: Landorus|[notarget]\n|-fail|p1a: bubblegum\n|\n|upkeep\n|\n|t:|1667678713\n|switch|p2a: Gyarados|Gyarados, F|100\/100\n|-ability|p2a: Gyarados|Intimidate|boost\n|-unboost|p1a: bubblegum|atk|1\n|turn|3\n|\n|t:|1667678717\n|switch|p1a: oleander5|Altaria, F|100\/100\n|-damage|p1a: oleander5|75\/100|[from] Stealth Rock\n|move|p2a: Gyarados|Substitute|p2a: Gyarados\n|-start|p2a: Gyarados|Substitute\n|-damage|p2a: Gyarados|76\/100\n|\n|upkeep\n|turn|4\n|\n|t:|1667678722\n|detailschange|p1a: oleander5|Altaria-Mega, F\n|-mega|p1a: oleander5|Altaria|Altarianite\n|move|p2a: Gyarados|Dragon Dance|p2a: Gyarados\n|-boost|p2a: Gyarados|atk|1\n|-boost|p2a: Gyarados|spe|1\n|move|p1a: oleander5|Hyper Voice|p2a: Gyarados\n|-damage|p2a: Gyarados|38\/100\n|\n|upkeep\n|turn|5\n|\n|t:|1667678727\n|detailschange|p2a: Gyarados|Gyarados-Mega, F\n|-mega|p2a: Gyarados|Gyarados|Gyaradosite\n|-ability|p2a: Gyarados|Mold Breaker\n|move|p2a: Gyarados|Earthquake|p1a: oleander5\n|-damage|p1a: oleander5|28\/100\n|move|p1a: oleander5|Hyper Voice|p2a: Gyarados\n|-supereffective|p2a: Gyarados\n|-damage|p2a: Gyarados|0 fnt\n|faint|p2a: Gyarados\n|\n|upkeep\n|\n|t:|1667678746\n|switch|p2a: Cloyster|Cloyster, M|100\/100\n|turn|6\n|\n|t:|1667678754\n|move|p2a: Cloyster|Shell Smash|p2a: Cloyster\n|-unboost|p2a: Cloyster|def|1\n|-unboost|p2a: Cloyster|spd|1\n|-boost|p2a: Cloyster|atk|2\n|-boost|p2a: Cloyster|spa|2\n|-boost|p2a: Cloyster|spe|2\n|move|p1a: oleander5|Toxic|p2a: Cloyster\n|-status|p2a: Cloyster|tox\n|\n|-damage|p2a: Cloyster|94\/100 tox|[from] psn\n|upkeep\n|turn|7\n|inactive|pink_trap1 has 120 seconds left.\n|\n|t:|1667678784\n|switch|p1a: humpty|Blissey, F|100\/100\n|-damage|p1a: humpty|88\/100|[from] Stealth Rock\n|move|p2a: Cloyster|Icicle Spear|p1a: humpty\n|-damage|p1a: humpty|70\/100\n|-damage|p1a: humpty|52\/100\n|-crit|p1a: humpty\n|-damage|p1a: humpty|24\/100\n|-damage|p1a: humpty|6\/100\n|-damage|p1a: humpty|0 fnt\n|faint|p1a: humpty\n|-hitcount|p1: humpty|5\n|\n|-damage|p2a: Cloyster|82\/100 tox|[from] psn\n|upkeep\n|inactive|pink_trap1 has 120 seconds left.\n|\n|t:|1667678795\n|switch|p1a: iago|Skarmory, F|100\/100\n|-damage|p1a: iago|88\/100|[from] Stealth Rock\n|turn|8\n|\n|t:|1667678798\n|move|p2a: Cloyster|Icicle Spear|p1a: iago\n|-damage|p1a: iago|76\/100\n|-damage|p1a: iago|64\/100\n|-damage|p1a: iago|52\/100\n|-damage|p1a: iago|40\/100\n|-damage|p1a: iago|29\/100\n|-hitcount|p1a: iago|5\n|cant|p1a: iago|flinch\n|\n|-damage|p2a: Cloyster|63\/100 tox|[from] psn\n|upkeep\n|turn|9\n|\n|t:|1667678806\n|move|p2a: Cloyster|Icicle Spear|p1a: iago\n|-damage|p1a: iago|17\/100\n|-damage|p1a: iago|5\/100\n|-damage|p1a: iago|0 fnt\n|faint|p1a: iago\n|-hitcount|p1: iago|3\n|\n|-damage|p2a: Cloyster|38\/100 tox|[from] psn\n|upkeep\n|inactive|pink_trap1 has 120 seconds left.\n|c|\u2606HQSNonsense|t\n|inactive|pink_trap1 has 90 seconds left.\n|inactive|pink_trap1 has 60 seconds left.\n|c|\u2606HQSNonsense|t\n|\n|t:|1667678904\n|switch|p1a: vega|Jirachi|100\/100\n|-damage|p1a: vega|94\/100|[from] Stealth Rock\n|turn|10\n|\n|t:|1667678912\n|move|p1a: vega|Protect|p1a: vega\n|-singleturn|p1a: vega|Protect\n|move|p2a: Cloyster|Liquidation|p1a: vega\n|-activate|p1a: vega|move: Protect\n|\n|-damage|p2a: Cloyster|7\/100 tox|[from] psn\n|upkeep\n|turn|11\n|inactive|pink_trap1 has 60 seconds left.\n|\n|t:|1667678944\n|move|p2a: Cloyster|Liquidation|p1a: vega\n|-damage|p1a: vega|37\/100\n|move|p1a: vega|Wish|p1a: vega\n|\n|-damage|p2a: Cloyster|0 fnt|[from] psn\n|faint|p2a: Cloyster\n|upkeep\n|\n|t:|1667678950\n|switch|p2a: Kommo-o|Kommo-o, M|100\/100\n|turn|12\n|\n|t:|1667678959\n|move|p1a: vega|Protect|p1a: vega\n|-singleturn|p1a: vega|Protect\n|move|p2a: Kommo-o|Dragon Dance|p2a: Kommo-o\n|-boost|p2a: Kommo-o|atk|1\n|-boost|p2a: Kommo-o|spe|1\n|\n|-heal|p1a: vega|87\/100|[from] move: Wish|[wisher] vega\n|upkeep\n|turn|13\n|\n|t:|1667678983\n|switch|p1a: Prolapse|Pyukumuku, L96, F|100\/100\n|-damage|p1a: Prolapse|88\/100|[from] Stealth Rock\n|move|p2a: Kommo-o|Close Combat|p1a: Prolapse\n|-damage|p1a: Prolapse|0 fnt\n|-unboost|p2a: Kommo-o|def|1\n|-unboost|p2a: Kommo-o|spd|1\n|-damage|p2a: Kommo-o|10\/100|[from] ability: Innards Out|[of] p1a: Prolapse\n|faint|p1a: Prolapse\n|\n|upkeep\n|\n|t:|1667678985\n|switch|p1a: bubblegum|Mew|71\/100\n|-damage|p1a: bubblegum|59\/100|[from] Stealth Rock\n|turn|14\n|\n|t:|1667678988\n|move|p1a: bubblegum|Sucker Punch|p2a: Kommo-o\n|-resisted|p2a: Kommo-o\n|-damage|p2a: Kommo-o|0 fnt\n|faint|p2a: Kommo-o\n|\n|upkeep\n|\n|t:|1667678995\n|switch|p2a: Tapu Koko|Tapu Koko|100\/100\n|-fieldstart|move: Electric Terrain|[from] ability: Electric Surge|[of] p2a: Tapu Koko\n|turn|15\n|inactive|pink_trap1 has 60 seconds left.\n|\n|t:|1667679018\n|move|p2a: Tapu Koko|Taunt|p1a: bubblegum\n|-start|p1a: bubblegum|move: Taunt\n|cant|p1a: bubblegum|move: Taunt|Defog\n|\n|upkeep\n|turn|16\n|\n|t:|1667679026\n|move|p1a: bubblegum|Sucker Punch||[still]\n|-fail|p1a: bubblegum\n|move|p2a: Tapu Koko|Reflect|p2a: Tapu Koko\n|-sidestart|p2: HQSNonsense|Reflect\n|\n|upkeep\n|turn|17\n|\n|t:|1667679042\n|switch|p1a: vega|Jirachi|87\/100\n|-damage|p1a: vega|81\/100|[from] Stealth Rock\n|move|p2a: Tapu Koko|U-turn|p1a: vega\n|-damage|p1a: vega|67\/100\n|\n|t:|1667679045\n|switch|p2a: Magearna|Magearna|100\/100|[from]move: U-turn\n|\n|upkeep\n|turn|18\n|\n|t:|1667679061\n|switch|p1a: bubblegum|Mew|59\/100\n|-damage|p1a: bubblegum|46\/100|[from] Stealth Rock\n|move|p2a: Magearna|Calm Mind|p2a: Magearna\n|-boost|p2a: Magearna|spa|1\n|-boost|p2a: Magearna|spd|1\n|\n|upkeep\n|turn|19\n|\n|t:|1667679070\n|move|p1a: bubblegum|Will-O-Wisp|p2a: Magearna\n|-status|p2a: Magearna|brn\n|move|p2a: Magearna|Shift Gear|p2a: Magearna\n|-boost|p2a: Magearna|spe|2\n|-boost|p2a: Magearna|atk|1\n|\n|-damage|p2a: Magearna|95\/100 brn|[from] brn\n|-fieldend|move: Electric Terrain\n|upkeep\n|turn|20\n|inactive|pink_trap1 has 60 seconds left.\n|\n|t:|1667679080\n|move|p2a: Magearna|Thunderbolt|p1a: bubblegum\n|-damage|p1a: bubblegum|10\/100\n|move|p1a: bubblegum|Defog|p2a: Magearna\n|-unboost|p2a: Magearna|evasion|1\n|-sideend|p2: HQSNonsense|Reflect\n|-sideend|p1: pink_trap1|Stealth Rock|[from] move: Defog|[of] p1a: bubblegum\n|\n|-damage|p2a: Magearna|89\/100 brn|[from] brn\n|upkeep\n|turn|21\n|inactive|pink_trap1 has 60 seconds left.\n|\n|t:|1667679089\n|move|p2a: Magearna|Thunderbolt|p1a: bubblegum\n|-damage|p1a: bubblegum|0 fnt\n|faint|p1a: bubblegum\n|-ability|p2a: Magearna|Soul-Heart|boost\n|-boost|p2a: Magearna|spa|1\n|\n|-damage|p2a: Magearna|83\/100 brn|[from] brn\n|upkeep\n|inactive|pink_trap1 has 60 seconds left.\n|\n|t:|1667679099\n|switch|p1a: vega|Jirachi|67\/100\n|turn|22\n|\n|t:|1667679102\n|move|p1a: vega|Protect|p1a: vega\n|-singleturn|p1a: vega|Protect\n|move|p2a: Magearna|Thunderbolt|p1a: vega\n|-activate|p1a: vega|move: Protect\n|\n|-damage|p2a: Magearna|77\/100 brn|[from] brn\n|upkeep\n|turn|23\n|\n|t:|1667679104\n|move|p2a: Magearna|Thunderbolt|p1a: vega\n|-damage|p1a: vega|27\/100\n|-status|p1a: vega|par\n|move|p1a: vega|Wish|p1a: vega\n|\n|-damage|p2a: Magearna|71\/100 brn|[from] brn\n|upkeep\n|turn|24\n|\n|t:|1667679107\n|move|p1a: vega|Protect|p1a: vega\n|-singleturn|p1a: vega|Protect\n|move|p2a: Magearna|Thunderbolt|p1a: vega\n|-activate|p1a: vega|move: Protect\n|\n|-heal|p1a: vega|76\/100 par|[from] move: Wish|[wisher] vega\n|-damage|p2a: Magearna|65\/100 brn|[from] brn\n|upkeep\n|turn|25\n|\n|t:|1667679111\n|move|p2a: Magearna|Calm Mind|p2a: Magearna\n|-boost|p2a: Magearna|spa|1\n|-boost|p2a: Magearna|spd|1\n|move|p1a: vega|Wish|p1a: vega\n|\n|-damage|p2a: Magearna|59\/100 brn|[from] brn\n|upkeep\n|turn|26\n|\n|t:|1667679118\n|move|p1a: vega|Protect|p1a: vega\n|-singleturn|p1a: vega|Protect\n|move|p2a: Magearna|Thunderbolt|p1a: vega\n|-activate|p1a: vega|move: Protect\n|\n|-heal|p1a: vega|100\/100 par|[from] move: Wish|[wisher] vega\n|-damage|p2a: Magearna|53\/100 brn|[from] brn\n|upkeep\n|turn|27\n|\n|t:|1667679121\n|move|p2a: Magearna|Thunderbolt|p1a: vega\n|-damage|p1a: vega|49\/100 par\n|move|p1a: vega|Wish|p1a: vega\n|\n|-damage|p2a: Magearna|47\/100 brn|[from] brn\n|upkeep\n|turn|28\n|\n|t:|1667679124\n|move|p1a: vega|Protect|p1a: vega\n|-singleturn|p1a: vega|Protect\n|move|p2a: Magearna|Thunderbolt|p1a: vega\n|-activate|p1a: vega|move: Protect\n|\n|-heal|p1a: vega|99\/100 par|[from] move: Wish|[wisher] vega\n|-damage|p2a: Magearna|41\/100 brn|[from] brn\n|upkeep\n|turn|29\n|\n|t:|1667679126\n|move|p2a: Magearna|Thunderbolt|p1a: vega\n|-damage|p1a: vega|46\/100 par\n|move|p1a: vega|Wish|p1a: vega\n|\n|-damage|p2a: Magearna|35\/100 brn|[from] brn\n|upkeep\n|turn|30\n|\n|t:|1667679129\n|move|p1a: vega|Protect|p1a: vega\n|-singleturn|p1a: vega|Protect\n|move|p2a: Magearna|Thunderbolt|p1a: vega\n|-activate|p1a: vega|move: Protect\n|\n|-heal|p1a: vega|96\/100 par|[from] move: Wish|[wisher] vega\n|-damage|p2a: Magearna|29\/100 brn|[from] brn\n|upkeep\n|turn|31\n|\n|t:|1667679137\n|move|p2a: Magearna|Thunderbolt|p1a: vega\n|-damage|p1a: vega|43\/100 par\n|move|p1a: vega|Wish|p1a: vega\n|\n|-damage|p2a: Magearna|23\/100 brn|[from] brn\n|upkeep\n|turn|32\n|\n|t:|1667679143\n|cant|p1a: vega|par\n|move|p2a: Magearna|Thunderbolt|p1a: vega\n|-damage|p1a: vega|0 fnt\n|faint|p1a: vega\n|-ability|p2a: Magearna|Soul-Heart|boost\n|-boost|p2a: Magearna|spa|1\n|\n|-damage|p2a: Magearna|17\/100 brn|[from] brn\n|upkeep\n|\n|t:|1667679145\n|switch|p1a: oleander5|Altaria-Mega, F|28\/100\n|turn|33\n|\n|t:|1667679147\n|move|p2a: Magearna|Ice Beam|p1a: oleander5\n|-supereffective|p1a: oleander5\n|-damage|p1a: oleander5|0 fnt\n|faint|p1a: oleander5\n|\n|win|HQSNonsense\n|raw|pink_trap1's rating: 1641 &rarr; <strong>1612<\/strong><br \/>(-29 for losing)\n|raw|HQSNonsense's rating: 1482 &rarr; <strong>1511<\/strong><br \/>(+29 for winning)\n|c|\u2606pink_trap1|gg\n","uploadtime":1667679152,"views":7,"p1id":"pinktrap1","p2id":"hqsnonsense","formatid":"gen7ou","rating":1511,"private":0,"password":null}