{"id":"gen7ou-655267451","p1":"Q114","p2":"SatoSmogonFrog","format":"gen7ou","log":"|j|Q114\n|j|SatoSmogonFrog\n|player|p1|Q114|1\n|teamsize|p1|6\n|player|p2|SatoSmogonFrog|163\n|teamsize|p2|6\n|gametype|singles\n|gen|7\n|tier|[Gen 7] OU\n|rated|\n|seed|2771,58712,35559,22123\n|rule|Sleep Clause Mod: Limit one foe put to sleep\n|rule|Species Clause: Limit one of each Pok\u00e9mon\n|rule|OHKO Clause: OHKO moves are banned\n|rule|Moody Clause: Moody is banned\n|rule|Evasion Moves Clause: Evasion moves are banned\n|rule|Endless Battle Clause: Forcing endless battles is banned\n|rule|HP Percentage Mod: HP is shown in percentages\n|clearpoke\n|poke|p1|Skarmory, M|item\n|poke|p1|Chansey, F|item\n|poke|p1|Magnezone|item\n|poke|p1|Toxapex, F|item\n|poke|p1|Clefable, M|item\n|poke|p1|Sableye, M|item\n|poke|p2|Charizard, M|item\n|poke|p2|Zygarde|item\n|poke|p2|Scizor, M|item\n|poke|p2|Tapu Lele|item\n|poke|p2|Tapu Koko|item\n|poke|p2|Greninja, M|item\n|teampreview\n|choice|team 6, team 2, team 3, team 4, team 5, team 1|team 4, team 2, team 3, team 1, team 5, team 6\n|\n|start\n|switch|p1a: Sableye|Sableye, M|303\/303\n|switch|p2a: Tapu Lele|Tapu Lele|281\/281\n|-fieldstart|move: Psychic Terrain|[from] ability: Psychic Surge|[of] p2a: Tapu Lele\n|turn|1\n|choice|move protect mega|move moonblast\n|\n|detailschange|p1a: Sableye|Sableye-Mega, M\n|-mega|p1a: Sableye|Sableye|Sablenite\n|move|p1a: Sableye|Protect|p1a: Sableye\n|-singleturn|p1a: Sableye|Protect\n|move|p2a: Tapu Lele|Moonblast|p1a: Sableye\n|-activate|p1a: Sableye|move: Protect\n|\n|upkeep\n|turn|2\n|choice|switch 2|move moonblast\n|\n|switch|p1a: Chansey|Chansey, F|703\/703\n|move|p2a: Tapu Lele|Moonblast|p1a: Chansey\n|-damage|p1a: Chansey|601\/703\n|\n|upkeep\n|turn|3\n|choice|move stealthrock|move taunt\n|\n|move|p2a: Tapu Lele|Taunt|p1a: Chansey\n|-start|p1a: Chansey|move: Taunt\n|cant|p1a: Chansey|move: Taunt|Stealth Rock\n|\n|upkeep\n|turn|4\n|choice|switch 3|move psyshock\n|\n|switch|p1a: Magnezone|Magnezone|281\/281\n|move|p2a: Tapu Lele|Psyshock|p1a: Magnezone\n|-resisted|p1a: Magnezone\n|-damage|p1a: Magnezone|173\/281\n|\n|upkeep\n|turn|5\n|choice|move flashcannon|switch 2\n|\n|switch|p2a: Zygarde|Zygarde|419\/419\n|-ability|p2a: Zygarde|Aura Break\n|move|p1a: Magnezone|Flash Cannon|p2a: Zygarde\n|-damage|p2a: Zygarde|283\/419\n|\n|-fieldend|move: Psychic Terrain\n|upkeep\n|turn|6\n|choice|switch 5|move thousandarrows\n|\n|switch|p1a: Clefable|Clefable, M|393\/393\n|move|p2a: Zygarde|Thousand Arrows|p1a: Clefable\n|-damage|p1a: Clefable|192\/393\n|\n|-heal|p1a: Clefable|216\/393|[from] item: Leftovers\n|upkeep\n|turn|7\n|choice|move wish|move thousandarrows\n|\n|move|p2a: Zygarde|Thousand Arrows|p1a: Clefable\n|-crit|p1a: Clefable\n|-damage|p1a: Clefable|0 fnt\n|faint|p1a: Clefable\n|\n|upkeep\n|choice|switch 3|\n|\n|switch|p1a: Chansey|Chansey, F|601\/703\n|turn|8\n|choice|move softboiled|move thousandarrows\n|\n|move|p2a: Zygarde|Thousand Arrows|p1a: Chansey\n|-damage|p1a: Chansey|286\/703\n|move|p1a: Chansey|Soft-Boiled|p1a: Chansey\n|-heal|p1a: Chansey|638\/703\n|\n|upkeep\n|turn|9\n|choice|move stealthrock|switch 3\n|\n|switch|p2a: Scizor|Scizor, M|344\/344\n|move|p1a: Chansey|Stealth Rock|p2a: Scizor\n|-sidestart|p2: SatoSmogonFrog|move: Stealth Rock\n|\n|upkeep\n|turn|10\n|choice|switch 5|move defog\n|\n|switch|p1a: Magnezone|Magnezone|173\/281\n|move|p2a: Scizor|Defog|p1a: Magnezone\n|-unboost|p1a: Magnezone|evasion|1\n|-sideend|p2: SatoSmogonFrog|Stealth Rock|[from] move: Defog|[of] p2a: Scizor\n|\n|upkeep\n|turn|11\n|choice|move hiddenpower|move uturn\n|\n|move|p1a: Magnezone|Hidden Power|p2a: Scizor\n|-supereffective|p2a: Scizor\n|-damage|p2a: Scizor|92\/344\n|move|p2a: Scizor|U-turn|p1a: Magnezone\n|-resisted|p1a: Magnezone\n|-damage|p1a: Magnezone|125\/281\n|choice||switch 3\n|\n|switch|p2a: Zygarde|Zygarde|283\/419\n|-ability|p2a: Zygarde|Aura Break\n|\n|upkeep\n|turn|12\n|choice|switch 5|move thousandarrows\n|\n|switch|p1a: Chansey|Chansey, F|638\/703\n|move|p2a: Zygarde|Thousand Arrows|p1a: Chansey\n|-damage|p1a: Chansey|328\/703\n|\n|upkeep\n|turn|13\n|choice|move softboiled|move thousandarrows\n|\n|move|p2a: Zygarde|Thousand Arrows|p1a: Chansey\n|-damage|p1a: Chansey|55\/703\n|move|p1a: Chansey|Soft-Boiled|p1a: Chansey\n|-heal|p1a: Chansey|407\/703\n|\n|upkeep\n|turn|14\n|choice|move softboiled|move thousandarrows\n|\n|move|p2a: Zygarde|Thousand Arrows|p1a: Chansey\n|-damage|p1a: Chansey|134\/703\n|move|p1a: Chansey|Soft-Boiled|p1a: Chansey\n|-heal|p1a: Chansey|486\/703\n|\n|upkeep\n|turn|15\n|choice|move softboiled|move thousandarrows\n|\n|move|p2a: Zygarde|Thousand Arrows|p1a: Chansey\n|-damage|p1a: Chansey|194\/703\n|move|p1a: Chansey|Soft-Boiled|p1a: Chansey\n|-heal|p1a: Chansey|546\/703\n|\n|upkeep\n|turn|16\n|choice|move softboiled|move thousandarrows\n|\n|move|p2a: Zygarde|Thousand Arrows|p1a: Chansey\n|-damage|p1a: Chansey|251\/703\n|move|p1a: Chansey|Soft-Boiled|p1a: Chansey\n|-heal|p1a: Chansey|603\/703\n|\n|upkeep\n|turn|17\n|choice|move softboiled|switch 3\n|\n|switch|p2a: Scizor|Scizor, M|92\/344\n|move|p1a: Chansey|Soft-Boiled|p1a: Chansey\n|-heal|p1a: Chansey|703\/703\n|\n|-heal|p2a: Scizor|113\/344|[from] item: Leftovers\n|upkeep\n|turn|18\n|choice|move stealthrock|move knockoff\n|\n|move|p2a: Scizor|Knock Off|p1a: Chansey\n|-damage|p1a: Chansey|575\/703\n|-enditem|p1a: Chansey|Eviolite|[from] move: Knock Off|[of] p2a: Scizor\n|move|p1a: Chansey|Stealth Rock|p2a: Scizor\n|-sidestart|p2: SatoSmogonFrog|move: Stealth Rock\n|\n|-heal|p2a: Scizor|134\/344|[from] item: Leftovers\n|upkeep\n|turn|19\n|choice|switch 5|move defog\n|\n|switch|p1a: Magnezone|Magnezone|125\/281\n|move|p2a: Scizor|Defog|p1a: Magnezone\n|-unboost|p1a: Magnezone|evasion|1\n|-sideend|p2: SatoSmogonFrog|Stealth Rock|[from] move: Defog|[of] p2a: Scizor\n|\n|-heal|p2a: Scizor|155\/344|[from] item: Leftovers\n|upkeep\n|turn|20\n|choice|move hiddenpower|move bulletpunch\n|\n|move|p2a: Scizor|Bullet Punch|p1a: Magnezone\n|-resisted|p1a: Magnezone\n|-damage|p1a: Magnezone|107\/281\n|move|p1a: Magnezone|Hidden Power|p2a: Scizor\n|-supereffective|p2a: Scizor\n|-damage|p2a: Scizor|0 fnt\n|faint|p2a: Scizor\n|\n|upkeep\n|choice||switch 3\n|\n|switch|p2a: Zygarde|Zygarde|283\/419\n|-ability|p2a: Zygarde|Aura Break\n|turn|21\n|choice|move hiddenpower|move thousandarrows\n|\n|move|p1a: Magnezone|Hidden Power|p2a: Zygarde\n|-resisted|p2a: Zygarde\n|-damage|p2a: Zygarde|247\/419\n|move|p2a: Zygarde|Thousand Arrows|p1a: Magnezone\n|-supereffective|p1a: Magnezone\n|-damage|p1a: Magnezone|0 fnt\n|faint|p1a: Magnezone\n|\n|upkeep\n|choice|switch 6|\n|\n|switch|p1a: Skarmory|Skarmory, M|333\/333\n|turn|22\n|choice|move spikes|move thousandarrows\n|\n|move|p2a: Zygarde|Thousand Arrows|p1a: Skarmory\n|-damage|p1a: Skarmory|210\/333\n|-start|p1a: Skarmory|Smack Down\n|move|p1a: Skarmory|Spikes|p2a: Zygarde\n|-sidestart|p2: SatoSmogonFrog|Spikes\n|\n|upkeep\n|turn|23\n|inactive|Battle timer is ON: inactive players will automatically lose when time's up. (requested by SatoSmogonFrog)\n|inactive|Q114 has 135 seconds left.\n|inactive|Q114 has 120 seconds left.\n|inactive|Q114 has 105 seconds left.\n|inactive|Q114 has 90 seconds left.\n|inactive|Q114 has 75 seconds left.\n|inactive|Q114 has 60 seconds left.\n|inactive|Q114 has 45 seconds left.\n|inactive|Q114 has 30 seconds left.\n|inactive|Q114 has 20 seconds left.\n|inactive|Q114 has 15 seconds left.\n|inactive|Q114 has 10 seconds left.\n|inactive|Q114 has 5 seconds left.\n|-message|Q114 lost due to inactivity.\n|\n|win|SatoSmogonFrog\n|raw|Q114's rating: 1912 &rarr; <strong>1888<\/strong><br \/>(-24 for losing)\n|raw|SatoSmogonFrog's rating: 1844 &rarr; <strong>1868<\/strong><br \/>(+24 for winning)","inputlog":null,"uploadtime":1509896465,"views":30,"p1id":"q114","p2id":"satosmogonfrog","formatid":"gen7ou","rating":1868,"private":0,"password":null}