{"id":"gen7ou-914115395","p1":"eigenvlue","p2":"JoeyOwesMeMoney","format":"gen7ou","log":"|j|\u2606eigenvlue\n|j|\u2606JoeyOwesMeMoney\n|player|p1|eigenvlue|170\n|player|p2|JoeyOwesMeMoney|101\n|teamsize|p1|6\n|teamsize|p2|6\n|gametype|singles\n|gen|7\n|tier|[Gen 7] OU\n|rated|\n|rule|Sleep Clause Mod: Limit one foe put to sleep\n|rule|Species Clause: Limit one of each Pok\u00e9mon\n|rule|OHKO Clause: OHKO moves are banned\n|rule|Moody Clause: Moody is banned\n|rule|Evasion Moves Clause: Evasion moves are banned\n|rule|Endless Battle Clause: Forcing endless battles is banned\n|rule|HP Percentage Mod: HP is shown in percentages\n|clearpoke\n|poke|p1|Ditto|item\n|poke|p1|Zapdos|item\n|poke|p1|Serperior, M|item\n|poke|p1|Sableye, M|item\n|poke|p1|Chansey, F|item\n|poke|p1|Toxapex, M|item\n|poke|p2|Skarmory, F|item\n|poke|p2|Chansey, F|item\n|poke|p2|Magnezone|item\n|poke|p2|Toxapex, F|item\n|poke|p2|Clefable, F|item\n|poke|p2|Sableye, M|item\n|teampreview\n|\n|start\n|switch|p1a: Sableye|Sableye, M|303\/303\n|switch|p2a: Sableye|Sableye, M|303\/303\n|turn|1\n|\n|detailschange|p1a: Sableye|Sableye-Mega, M\n|-mega|p1a: Sableye|Sableye|Sablenite\n|move|p2a: Sableye|Protect|p2a: Sableye\n|-singleturn|p2a: Sableye|Protect\n|move|p1a: Sableye|Knock Off|p2a: Sableye\n|-activate|p2a: Sableye|move: Protect\n|\n|upkeep\n|turn|2\n|\n|detailschange|p2a: Sableye|Sableye-Mega, M\n|-mega|p2a: Sableye|Sableye|Sablenite\n|move|p2a: Sableye|Knock Off|p1a: Sableye\n|-damage|p1a: Sableye|251\/303\n|move|p1a: Sableye|Knock Off|p2a: Sableye\n|-damage|p2a: Sableye|242\/303\n|\n|upkeep\n|turn|3\n|\n|switch|p1a: Ditto|Ditto|300\/300\n|-transform|p1a: Ditto|p2a: Sableye|[from] ability: Imposter\n|move|p2a: Sableye|Protect||[still]\n|-fail|p2a: Sableye\n|\n|upkeep\n|turn|4\n|j| lehoang24121992\n|\n|switch|p2a: Magnezone|Magnezone|281\/281\n|move|p1a: Ditto|Knock Off|p2a: Magnezone\n|-damage|p2a: Magnezone|190\/281\n|-enditem|p2a: Magnezone|Choice Scarf|[from] move: Knock Off|[of] p1a: Ditto\n|\n|upkeep\n|turn|5\n|\n|move|p1a: Ditto|Protect|p1a: Ditto\n|-singleturn|p1a: Ditto|Protect\n|move|p2a: Magnezone|Volt Switch|p1a: Ditto\n|-activate|p1a: Ditto|move: Protect\n|\n|upkeep\n|turn|6\n|\n|move|p2a: Magnezone|Volt Switch|p1a: Ditto\n|-damage|p1a: Ditto|210\/300\n|\n|switch|p2a: Sableye|Sableye-Mega, M|242\/303\n|move|p1a: Ditto|Knock Off|p2a: Sableye\n|-damage|p2a: Sableye|184\/303\n|\n|-heal|p1a: Ditto|228\/300|[from] item: Leftovers\n|upkeep\n|turn|7\n|\n|move|p1a: Ditto|Protect|p1a: Ditto\n|-singleturn|p1a: Ditto|Protect\n|move|p2a: Sableye|Knock Off|p1a: Ditto\n|-activate|p1a: Ditto|move: Protect\n|\n|-heal|p1a: Ditto|246\/300|[from] item: Leftovers\n|upkeep\n|turn|8\n|\n|move|p1a: Ditto|Knock Off|p2a: Sableye\n|-damage|p2a: Sableye|124\/303\n|move|p2a: Sableye|Knock Off|p1a: Ditto\n|-damage|p1a: Ditto|164\/300\n|-enditem|p1a: Ditto|Leftovers|[from] move: Knock Off|[of] p2a: Sableye\n|\n|upkeep\n|turn|9\n|\n|move|p1a: Ditto|Recover|p1a: Ditto\n|-heal|p1a: Ditto|300\/300\n|move|p2a: Sableye|Recover|p2a: Sableye\n|-heal|p2a: Sableye|276\/303\n|\n|upkeep\n|turn|10\n|\n|move|p2a: Sableye|Protect|p2a: Sableye\n|-singleturn|p2a: Sableye|Protect\n|move|p1a: Ditto|Knock Off|p2a: Sableye\n|-activate|p2a: Sableye|move: Protect\n|\n|upkeep\n|turn|11\n|\n|move|p1a: Ditto|Protect|p1a: Ditto\n|-singleturn|p1a: Ditto|Protect\n|move|p2a: Sableye|Knock Off|p1a: Ditto\n|-activate|p1a: Ditto|move: Protect\n|\n|upkeep\n|turn|12\n|\n|move|p2a: Sableye|Knock Off|p1a: Ditto\n|-damage|p1a: Ditto|240\/300\n|move|p1a: Ditto|Recover|p1a: Ditto\n|-heal|p1a: Ditto|300\/300\n|\n|upkeep\n|turn|13\n|\n|switch|p2a: Toxapex|Toxapex, F|303\/303\n|move|p1a: Ditto|Protect||[still]\n|-fail|p1a: Ditto\n|\n|upkeep\n|turn|14\n|\n|move|p2a: Toxapex|Scald|p1a: Ditto\n|-crit|p1a: Ditto\n|-damage|p1a: Ditto|242\/300\n|move|p1a: Ditto|Knock Off|p2a: Toxapex\n|-damage|p2a: Toxapex|246\/303\n|-enditem|p2a: Toxapex|Black Sludge|[from] move: Knock Off|[of] p1a: Ditto\n|\n|upkeep\n|turn|15\n|\n|switch|p1a: Chansey|Chansey, F|687\/687\n|move|p2a: Toxapex|Scald|p1a: Chansey\n|-damage|p1a: Chansey|651\/687\n|\n|upkeep\n|turn|16\n|inactive|Battle timer is ON: inactive players will automatically lose when time's up. (requested by JoeyOwesMeMoney)\n|\n|switch|p1a: Sableye|Sableye-Mega, M|251\/303\n|switch|p2a: Sableye|Sableye-Mega, M|276\/303\n|\n|upkeep\n|turn|17\n|\n|switch|p2a: Toxapex|Toxapex, F|303\/303\n|move|p1a: Sableye|Knock Off|p2a: Toxapex\n|-damage|p2a: Toxapex|266\/303\n|\n|upkeep\n|turn|18\n|\n|switch|p2a: Sableye|Sableye-Mega, M|276\/303\n|switch|p1a: Ditto|Ditto|242\/300\n|-transform|p1a: Ditto|p2a: Sableye|[from] ability: Imposter\n|\n|upkeep\n|turn|19\n|\n|switch|p2a: Toxapex|Toxapex, F|303\/303\n|move|p1a: Ditto|Knock Off|p2a: Toxapex\n|-damage|p2a: Toxapex|267\/303\n|\n|upkeep\n|turn|20\n|\n|switch|p2a: Sableye|Sableye-Mega, M|276\/303\n|move|p1a: Ditto|Knock Off|p2a: Sableye\n|-crit|p2a: Sableye\n|-damage|p2a: Sableye|191\/303\n|\n|upkeep\n|turn|21\n|\n|switch|p2a: Toxapex|Toxapex, F|303\/303\n|move|p1a: Ditto|Protect||[still]\n|-fail|p1a: Ditto\n|\n|upkeep\n|turn|22\n|inactiveoff|Battle timer is now OFF.\n|\n|switch|p2a: Sableye|Sableye-Mega, M|191\/303\n|move|p1a: Ditto|Recover|p1a: Ditto\n|-heal|p1a: Ditto|300\/300\n|\n|upkeep\n|turn|23\n|\n|move|p2a: Sableye|Knock Off|p1a: Ditto\n|-damage|p1a: Ditto|245\/300\n|move|p1a: Ditto|Will-O-Wisp|p2a: Sableye\n|move|p2a: Sableye|Will-O-Wisp|p1a: Ditto|[from]Magic Bounce\n|-status|p1a: Ditto|brn\n|\n|-damage|p1a: Ditto|227\/300 brn|[from] brn\n|upkeep\n|turn|24\n|inactive|Battle timer is ON: inactive players will automatically lose when time's up. (requested by eigenvlue)\n|\n|switch|p2a: Toxapex|Toxapex, F|303\/303\n|move|p1a: Ditto|Will-O-Wisp|p2a: Toxapex\n|-status|p2a: Toxapex|brn\n|\n|-damage|p2a: Toxapex|285\/303 brn|[from] brn\n|-damage|p1a: Ditto|209\/300 brn|[from] brn\n|upkeep\n|turn|25\n|\n|switch|p2a: Sableye|Sableye-Mega, M|191\/303\n|move|p1a: Ditto|Recover|p1a: Ditto\n|-heal|p1a: Ditto|300\/300 brn\n|\n|-damage|p1a: Ditto|282\/300 brn|[from] brn\n|upkeep\n|turn|26\n|\n|switch|p1a: Serperior|Serperior, M|353\/353\n|switch|p2a: Toxapex|Toxapex, F|303\/303 brn\n|\n|-damage|p2a: Toxapex|285\/303 brn|[from] brn\n|upkeep\n|turn|27\n|\n|switch|p2a: Chansey|Chansey, F|703\/703\n|move|p1a: Serperior|Substitute|p1a: Serperior\n|-start|p1a: Serperior|Substitute\n|-damage|p1a: Serperior|265\/353\n|\n|-heal|p1a: Serperior|287\/353|[from] item: Leftovers\n|upkeep\n|turn|28\n|\n|move|p1a: Serperior|Leech Seed|p2a: Chansey\n|-start|p2a: Chansey|move: Leech Seed\n|move|p2a: Chansey|Stealth Rock|p1a: Serperior\n|-sidestart|p1: eigenvlue|move: Stealth Rock\n|\n|-heal|p1a: Serperior|309\/353|[from] item: Leftovers\n|-damage|p2a: Chansey|616\/703|[from] Leech Seed|[of] p1a: Serperior\n|-heal|p1a: Serperior|353\/353|[silent]\n|upkeep\n|turn|29\n|\n|switch|p2a: Toxapex|Toxapex, F|303\/303 brn\n|move|p1a: Serperior|Leaf Storm|p2a: Toxapex|[miss]\n|-miss|p1a: Serperior|p2a: Toxapex\n|\n|-damage|p2a: Toxapex|285\/303 brn|[from] brn\n|upkeep\n|turn|30\n|\n|move|p1a: Serperior|Leaf Storm|p2a: Toxapex\n|-damage|p2a: Toxapex|191\/303 brn\n|-boost|p1a: Serperior|spa|2\n|move|p2a: Toxapex|Haze|p2a: Toxapex\n|-clearallboost\n|\n|-damage|p2a: Toxapex|173\/303 brn|[from] brn\n|upkeep\n|turn|31\n|\n|move|p1a: Serperior|Leaf Storm|p2a: Toxapex\n|-damage|p2a: Toxapex|89\/303 brn\n|-boost|p1a: Serperior|spa|2\n|move|p2a: Toxapex|Recover|p2a: Toxapex\n|-heal|p2a: Toxapex|241\/303 brn\n|\n|-damage|p2a: Toxapex|223\/303 brn|[from] brn\n|upkeep\n|turn|32\n|\n|move|p1a: Serperior|Leech Seed|p2a: Toxapex\n|-start|p2a: Toxapex|move: Leech Seed\n|move|p2a: Toxapex|Haze|p2a: Toxapex\n|-clearallboost\n|\n|-damage|p2a: Toxapex|186\/303 brn|[from] Leech Seed|[of] p1a: Serperior\n|-damage|p2a: Toxapex|168\/303 brn|[from] brn\n|upkeep\n|turn|33\n|\n|switch|p1a: Zapdos|Zapdos|383\/383\n|-damage|p1a: Zapdos|288\/383|[from] Stealth Rock\n|move|p2a: Toxapex|Recover|p2a: Toxapex\n|-heal|p2a: Toxapex|303\/303 brn\n|\n|-heal|p1a: Zapdos|311\/383|[from] item: Leftovers\n|-damage|p2a: Toxapex|266\/303 brn|[from] Leech Seed|[of] p1a: Zapdos\n|-heal|p1a: Zapdos|348\/383|[silent]\n|-damage|p2a: Toxapex|248\/303 brn|[from] brn\n|upkeep\n|turn|34\n|\n|switch|p2a: Chansey|Chansey, F|616\/703\n|move|p1a: Zapdos|Defog|p2a: Chansey\n|-unboost|p2a: Chansey|evasion|1\n|-sideend|p1: eigenvlue|Stealth Rock|[from] move: Defog|[of] p1a: Zapdos\n|\n|-heal|p1a: Zapdos|371\/383|[from] item: Leftovers\n|upkeep\n|turn|35\n|\n|move|p1a: Zapdos|Volt Switch|p2a: Chansey\n|-damage|p2a: Chansey|553\/703\n|\n|switch|p1a: Sableye|Sableye-Mega, M|251\/303\n|move|p2a: Chansey|Seismic Toss|p1a: Sableye\n|-immune|p1a: Sableye\n|\n|upkeep\n|turn|36\n|\n|switch|p2a: Sableye|Sableye-Mega, M|191\/303\n|move|p1a: Sableye|Knock Off|p2a: Sableye\n|-damage|p2a: Sableye|131\/303\n|\n|upkeep\n|turn|37\n|\n|switch|p1a: Ditto|Ditto|282\/300 brn\n|-transform|p1a: Ditto|p2a: Sableye|[from] ability: Imposter\n|move|p2a: Sableye|Recover|p2a: Sableye\n|-heal|p2a: Sableye|283\/303\n|\n|-damage|p1a: Ditto|264\/300 brn|[from] brn\n|upkeep\n|turn|38\n|\n|switch|p2a: Toxapex|Toxapex, F|303\/303 brn\n|switch|p1a: Zapdos|Zapdos|371\/383\n|\n|-heal|p1a: Zapdos|383\/383|[from] item: Leftovers\n|-damage|p2a: Toxapex|285\/303 brn|[from] brn\n|upkeep\n|turn|39\n|\n|move|p1a: Zapdos|Volt Switch|p2a: Toxapex\n|-supereffective|p2a: Toxapex\n|-damage|p2a: Toxapex|147\/303 brn\n|\n|switch|p1a: Ditto|Ditto|264\/300 brn\n|-transform|p1a: Ditto|p2a: Toxapex|[from] ability: Imposter\n|move|p2a: Toxapex|Scald|p1a: Ditto\n|-resisted|p1a: Ditto\n|-damage|p1a: Ditto|243\/300 brn\n|\n|-damage|p2a: Toxapex|129\/303 brn|[from] brn\n|-damage|p1a: Ditto|225\/300 brn|[from] brn\n|upkeep\n|turn|40\n|\n|switch|p2a: Chansey|Chansey, F|553\/703\n|move|p1a: Ditto|Scald|p2a: Chansey\n|-damage|p2a: Chansey|514\/703\n|-status|p2a: Chansey|brn\n|\n|-damage|p2a: Chansey|471\/703 brn|[from] brn\n|-damage|p1a: Ditto|207\/300 brn|[from] brn\n|upkeep\n|turn|41\n|\n|switch|p2a: Toxapex|Toxapex, F|230\/303 brn\n|switch|p1a: Sableye|Sableye-Mega, M|251\/303\n|\n|-damage|p2a: Toxapex|212\/303 brn|[from] brn\n|upkeep\n|turn|42\n|\n|switch|p2a: Sableye|Sableye-Mega, M|283\/303\n|move|p1a: Sableye|Protect||[still]\n|-fail|p1a: Sableye\n|\n|upkeep\n|turn|43\n|\n|switch|p2a: Toxapex|Toxapex, F|303\/303 brn\n|move|p1a: Sableye|Knock Off|p2a: Toxapex\n|-damage|p2a: Toxapex|269\/303 brn\n|\n|-damage|p2a: Toxapex|251\/303 brn|[from] brn\n|upkeep\n|turn|44\n|\n|switch|p2a: Sableye|Sableye-Mega, M|283\/303\n|move|p1a: Sableye|Knock Off|p2a: Sableye\n|-damage|p2a: Sableye|223\/303\n|\n|upkeep\n|turn|45\n|\n|switch|p2a: Toxapex|Toxapex, F|303\/303 brn\n|switch|p1a: Zapdos|Zapdos|383\/383\n|\n|-damage|p2a: Toxapex|285\/303 brn|[from] brn\n|upkeep\n|turn|46\n|\n|move|p1a: Zapdos|Volt Switch|p2a: Toxapex\n|-supereffective|p2a: Toxapex\n|-damage|p2a: Toxapex|141\/303 brn\n|\n|switch|p1a: Ditto|Ditto|300\/300 brn\n|-transform|p1a: Ditto|p2a: Toxapex|[from] ability: Imposter\n|move|p2a: Toxapex|Toxic Spikes|p1a: Ditto\n|-sidestart|p1: eigenvlue|move: Toxic Spikes\n|\n|-damage|p2a: Toxapex|123\/303 brn|[from] brn\n|-damage|p1a: Ditto|282\/300 brn|[from] brn\n|upkeep\n|turn|47\n|\n|switch|p2a: Chansey|Chansey, F|471\/703\n|move|p1a: Ditto|Toxic Spikes|p2a: Chansey\n|-sidestart|p2: JoeyOwesMeMoney|move: Toxic Spikes\n|\n|-damage|p1a: Ditto|264\/300 brn|[from] brn\n|upkeep\n|turn|48\n|\n|switch|p1a: Zapdos|Zapdos|383\/383\n|move|p2a: Chansey|Stealth Rock|p1a: Zapdos\n|-sidestart|p1: eigenvlue|move: Stealth Rock\n|\n|upkeep\n|turn|49\n|inactive|eigenvlue has 120 seconds left.\n|l|\u2606eigenvlue\n|inactive|eigenvlue disconnected and has a minute to reconnect!\n|player|p1|\n|inactive|eigenvlue has 30 seconds to reconnect!\n|inactive|eigenvlue has 20 seconds to reconnect!\n|inactive|eigenvlue has 15 seconds to reconnect!\n|j|\u2606eigenvlue\n|inactive|eigenvlue reconnected and has 70 seconds left.\n|player|p1|eigenvlue|170\n|\n|move|p1a: Zapdos|Defog|p2a: Chansey\n|-unboost|p2a: Chansey|evasion|1\n|-sideend|p2: JoeyOwesMeMoney|Toxic Spikes|[from] move: Defog|[of] p1a: Zapdos\n|-sideend|p1: eigenvlue|Toxic Spikes|[from] move: Defog|[of] p1a: Zapdos\n|-sideend|p1: eigenvlue|Stealth Rock|[from] move: Defog|[of] p1a: Zapdos\n|move|p2a: Chansey|Toxic|p1a: Zapdos\n|-status|p1a: Zapdos|tox\n|\n|-damage|p1a: Zapdos|360\/383 tox|[from] psn\n|upkeep\n|turn|50\n|\n|move|p1a: Zapdos|Volt Switch|p2a: Chansey\n|-damage|p2a: Chansey|402\/703\n|\n|switch|p1a: Sableye|Sableye-Mega, M|251\/303\n|move|p2a: Chansey|Soft-Boiled|p2a: Chansey\n|-heal|p2a: Chansey|703\/703\n|\n|upkeep\n|turn|51\n|\n|switch|p2a: Toxapex|Toxapex, F|224\/303 brn\n|switch|p1a: Ditto|Ditto|300\/300 brn\n|-transform|p1a: Ditto|p2a: Toxapex|[from] ability: Imposter\n|\n|-damage|p2a: Toxapex|206\/303 brn|[from] brn\n|-damage|p1a: Ditto|282\/300 brn|[from] brn\n|upkeep\n|turn|52\n|inactive|eigenvlue has 90 seconds left.\n|\n|switch|p2a: Chansey|Chansey, F|703\/703\n|switch|p1a: Sableye|Sableye-Mega, M|251\/303\n|\n|upkeep\n|turn|53\n|\n|switch|p2a: Toxapex|Toxapex, F|303\/303 brn\n|move|p1a: Sableye|Knock Off|p2a: Toxapex\n|-damage|p2a: Toxapex|264\/303 brn\n|\n|-damage|p2a: Toxapex|246\/303 brn|[from] brn\n|upkeep\n|turn|54\n|\n|switch|p2a: Sableye|Sableye-Mega, M|223\/303\n|switch|p1a: Ditto|Ditto|300\/300 brn\n|-transform|p1a: Ditto|p2a: Sableye|[from] ability: Imposter\n|\n|-damage|p1a: Ditto|282\/300 brn|[from] brn\n|upkeep\n|turn|55\n|\n|switch|p2a: Toxapex|Toxapex, F|303\/303 brn\n|move|p1a: Ditto|Knock Off|p2a: Toxapex\n|-damage|p2a: Toxapex|287\/303 brn\n|\n|-damage|p2a: Toxapex|269\/303 brn|[from] brn\n|-damage|p1a: Ditto|264\/300 brn|[from] brn\n|upkeep\n|turn|56\n|\n|switch|p2a: Sableye|Sableye-Mega, M|223\/303\n|move|p1a: Ditto|Will-O-Wisp|p2a: Sableye\n|move|p2a: Sableye|Will-O-Wisp|p1a: Ditto|[from]Magic Bounce\n|-fail|p1a: Ditto|brn\n|\n|-damage|p1a: Ditto|246\/300 brn|[from] brn\n|upkeep\n|turn|57\n|\n|switch|p2a: Toxapex|Toxapex, F|303\/303 brn\n|move|p1a: Ditto|Protect||[still]\n|-fail|p1a: Ditto\n|\n|-damage|p2a: Toxapex|285\/303 brn|[from] brn\n|-damage|p1a: Ditto|228\/300 brn|[from] brn\n|upkeep\n|turn|58\n|\n|switch|p2a: Sableye|Sableye-Mega, M|223\/303\n|move|p1a: Ditto|Knock Off|p2a: Sableye\n|-damage|p2a: Sableye|196\/303\n|\n|-damage|p1a: Ditto|210\/300 brn|[from] brn\n|upkeep\n|turn|59\n|inactive|JoeyOwesMeMoney has 120 seconds left.\n|inactive|JoeyOwesMeMoney has 90 seconds left.\n|inactive|JoeyOwesMeMoney has 60 seconds left.\n|inactive|JoeyOwesMeMoney has 30 seconds left.\n|inactive|JoeyOwesMeMoney has 20 seconds left.\n|inactive|JoeyOwesMeMoney has 15 seconds left.\n|inactive|JoeyOwesMeMoney has 10 seconds left.\n|\n|switch|p2a: Toxapex|Toxapex, F|303\/303 brn\n|move|p1a: Ditto|Recover|p1a: Ditto\n|-heal|p1a: Ditto|300\/300 brn\n|\n|-damage|p2a: Toxapex|285\/303 brn|[from] brn\n|-damage|p1a: Ditto|282\/300 brn|[from] brn\n|upkeep\n|turn|60\n|inactive|JoeyOwesMeMoney has 20 seconds left this turn.\n|\n|switch|p2a: Sableye|Sableye-Mega, M|196\/303\n|move|p1a: Ditto|Knock Off|p2a: Sableye\n|-damage|p2a: Sableye|170\/303\n|\n|-damage|p1a: Ditto|264\/300 brn|[from] brn\n|upkeep\n|turn|61\n|inactive|JoeyOwesMeMoney has 30 seconds left this turn.\n|\n|switch|p2a: Toxapex|Toxapex, F|303\/303 brn\n|move|p1a: Ditto|Protect||[still]\n|-fail|p1a: Ditto\n|\n|-damage|p2a: Toxapex|285\/303 brn|[from] brn\n|-damage|p1a: Ditto|246\/300 brn|[from] brn\n|upkeep\n|turn|62\n|inactive|eigenvlue has 120 seconds left.\n|\n|switch|p2a: Sableye|Sableye-Mega, M|170\/303\n|move|p1a: Ditto|Knock Off|p2a: Sableye\n|-damage|p2a: Sableye|141\/303\n|\n|-damage|p1a: Ditto|228\/300 brn|[from] brn\n|upkeep\n|turn|63\n|\n|switch|p1a: Zapdos|Zapdos|360\/383 tox\n|move|p2a: Sableye|Recover|p2a: Sableye\n|-heal|p2a: Sableye|293\/303\n|\n|-heal|p1a: Zapdos|383\/383 tox|[from] item: Leftovers\n|-damage|p1a: Zapdos|360\/383 tox|[from] psn\n|upkeep\n|turn|64\n|\n|switch|p2a: Toxapex|Toxapex, F|303\/303 brn\n|move|p1a: Zapdos|Volt Switch|p2a: Toxapex\n|-supereffective|p2a: Toxapex\n|-damage|p2a: Toxapex|163\/303 brn\n|\n|switch|p1a: Ditto|Ditto|228\/300 brn\n|-transform|p1a: Ditto|p2a: Toxapex|[from] ability: Imposter\n|\n|-damage|p2a: Toxapex|145\/303 brn|[from] brn\n|-damage|p1a: Ditto|210\/300 brn|[from] brn\n|upkeep\n|turn|65\n|\n|switch|p2a: Chansey|Chansey, F|703\/703\n|switch|p1a: Sableye|Sableye-Mega, M|251\/303\n|\n|upkeep\n|turn|66\n|\n|switch|p2a: Toxapex|Toxapex, F|246\/303 brn\n|switch|p1a: Ditto|Ditto|300\/300 brn\n|-transform|p1a: Ditto|p2a: Toxapex|[from] ability: Imposter\n|\n|-damage|p2a: Toxapex|228\/303 brn|[from] brn\n|-damage|p1a: Ditto|282\/300 brn|[from] brn\n|upkeep\n|turn|67\n|\n|switch|p1a: Sableye|Sableye-Mega, M|251\/303\n|switch|p2a: Chansey|Chansey, F|703\/703\n|\n|upkeep\n|turn|68\n|\n|switch|p2a: Toxapex|Toxapex, F|303\/303 brn\n|move|p1a: Sableye|Knock Off|p2a: Toxapex\n|-damage|p2a: Toxapex|266\/303 brn\n|\n|-damage|p2a: Toxapex|248\/303 brn|[from] brn\n|upkeep\n|turn|69\n|\n|switch|p2a: Sableye|Sableye-Mega, M|293\/303\n|move|p1a: Sableye|Protect||[still]\n|-fail|p1a: Sableye\n|\n|upkeep\n|turn|70\n|\n|switch|p2a: Toxapex|Toxapex, F|303\/303 brn\n|switch|p1a: Ditto|Ditto|300\/300 brn\n|-transform|p1a: Ditto|p2a: Toxapex|[from] ability: Imposter\n|\n|-damage|p2a: Toxapex|285\/303 brn|[from] brn\n|-damage|p1a: Ditto|282\/300 brn|[from] brn\n|upkeep\n|turn|71\n|inactive|JoeyOwesMeMoney has 120 seconds left.\n|inactive|JoeyOwesMeMoney has 90 seconds left.\n|inactive|JoeyOwesMeMoney has 60 seconds left.\n|c|\u2606eigenvlue|come on boy\n|inactive|JoeyOwesMeMoney has 30 seconds left.\n|inactive|JoeyOwesMeMoney has 20 seconds left.\n|inactive|JoeyOwesMeMoney has 15 seconds left.\n|c|\u2606eigenvlue|i havent been playing with stall team player like you for centuries\n|inactive|JoeyOwesMeMoney has 10 seconds left.\n|\n|switch|p2a: Chansey|Chansey, F|703\/703\n|move|p1a: Ditto|Scald|p2a: Chansey\n|-damage|p2a: Chansey|664\/703\n|\n|-damage|p1a: Ditto|264\/300 brn|[from] brn\n|upkeep\n|turn|72\n|inactive|JoeyOwesMeMoney has 20 seconds left this turn.\n|\n|switch|p2a: Toxapex|Toxapex, F|303\/303 brn\n|switch|p1a: Sableye|Sableye-Mega, M|251\/303\n|\n|-damage|p2a: Toxapex|285\/303 brn|[from] brn\n|upkeep\n|turn|73\n|inactive|JoeyOwesMeMoney has 30 seconds left this turn.\n|\n|switch|p2a: Sableye|Sableye-Mega, M|293\/303\n|switch|p1a: Ditto|Ditto|300\/300 brn\n|-transform|p1a: Ditto|p2a: Sableye|[from] ability: Imposter\n|\n|-damage|p1a: Ditto|282\/300 brn|[from] brn\n|upkeep\n|turn|74\n|\n|switch|p2a: Toxapex|Toxapex, F|303\/303 brn\n|move|p1a: Ditto|Protect||[still]\n|-fail|p1a: Ditto\n|\n|-damage|p2a: Toxapex|285\/303 brn|[from] brn\n|-damage|p1a: Ditto|264\/300 brn|[from] brn\n|upkeep\n|turn|75\n|\n|move|p2a: Toxapex|Scald|p1a: Ditto\n|-damage|p1a: Ditto|228\/300 brn\n|move|p1a: Ditto|Knock Off|p2a: Toxapex\n|-crit|p2a: Toxapex\n|-damage|p2a: Toxapex|260\/303 brn\n|\n|-damage|p2a: Toxapex|242\/303 brn|[from] brn\n|-damage|p1a: Ditto|210\/300 brn|[from] brn\n|upkeep\n|turn|76\n|\n|switch|p2a: Sableye|Sableye-Mega, M|293\/303\n|move|p1a: Ditto|Knock Off|p2a: Sableye\n|-damage|p2a: Sableye|266\/303\n|\n|-damage|p1a: Ditto|192\/300 brn|[from] brn\n|upkeep\n|turn|77\n|\n|switch|p2a: Toxapex|Toxapex, F|303\/303 brn\n|move|p1a: Ditto|Recover|p1a: Ditto\n|-heal|p1a: Ditto|300\/300 brn\n|\n|-damage|p2a: Toxapex|285\/303 brn|[from] brn\n|-damage|p1a: Ditto|282\/300 brn|[from] brn\n|upkeep\n|turn|78\n|\n|move|p2a: Toxapex|Haze|p2a: Toxapex\n|-clearallboost\n|move|p1a: Ditto|Knock Off|p2a: Toxapex\n|-damage|p2a: Toxapex|267\/303 brn\n|\n|-damage|p2a: Toxapex|249\/303 brn|[from] brn\n|-damage|p1a: Ditto|264\/300 brn|[from] brn\n|upkeep\n|turn|79\n|\n|move|p1a: Ditto|Protect|p1a: Ditto\n|-singleturn|p1a: Ditto|Protect\n|move|p2a: Toxapex|Haze|p2a: Toxapex\n|-clearallboost\n|\n|-damage|p2a: Toxapex|231\/303 brn|[from] brn\n|-damage|p1a: Ditto|246\/300 brn|[from] brn\n|upkeep\n|turn|80\n|\n|switch|p2a: Sableye|Sableye-Mega, M|266\/303\n|move|p1a: Ditto|Will-O-Wisp|p2a: Sableye\n|move|p2a: Sableye|Will-O-Wisp|p1a: Ditto|[from]Magic Bounce\n|-fail|p1a: Ditto|brn\n|\n|-damage|p1a: Ditto|228\/300 brn|[from] brn\n|upkeep\n|turn|81\n|\n|switch|p2a: Toxapex|Toxapex, F|303\/303 brn\n|move|p1a: Ditto|Will-O-Wisp|p2a: Toxapex\n|-fail|p2a: Toxapex|brn\n|\n|-damage|p2a: Toxapex|285\/303 brn|[from] brn\n|-damage|p1a: Ditto|210\/300 brn|[from] brn\n|upkeep\n|turn|82\n|\n|switch|p2a: Sableye|Sableye-Mega, M|266\/303\n|move|p1a: Ditto|Protect||[still]\n|-fail|p1a: Ditto\n|\n|-damage|p1a: Ditto|192\/300 brn|[from] brn\n|upkeep\n|turn|83\n|\n|switch|p2a: Toxapex|Toxapex, F|303\/303 brn\n|move|p1a: Ditto|Recover|p1a: Ditto\n|-heal|p1a: Ditto|300\/300 brn\n|\n|-damage|p2a: Toxapex|285\/303 brn|[from] brn\n|-damage|p1a: Ditto|282\/300 brn|[from] brn\n|upkeep\n|turn|84\n|\n|switch|p2a: Sableye|Sableye-Mega, M|266\/303\n|move|p1a: Ditto|Knock Off|p2a: Sableye\n|-damage|p2a: Sableye|239\/303\n|\n|-damage|p1a: Ditto|264\/300 brn|[from] brn\n|upkeep\n|turn|85\n|inactive|JoeyOwesMeMoney has 120 seconds left.\n|inactive|JoeyOwesMeMoney has 90 seconds left.\n|inactive|JoeyOwesMeMoney has 60 seconds left.\n|inactive|JoeyOwesMeMoney has 30 seconds left.\n|inactive|JoeyOwesMeMoney has 20 seconds left.\n|inactive|JoeyOwesMeMoney has 15 seconds left.\n|inactive|JoeyOwesMeMoney has 10 seconds left.\n|\n|switch|p2a: Toxapex|Toxapex, F|303\/303 brn\n|move|p1a: Ditto|Will-O-Wisp|p2a: Toxapex\n|-fail|p2a: Toxapex|brn\n|\n|-damage|p2a: Toxapex|285\/303 brn|[from] brn\n|-damage|p1a: Ditto|246\/300 brn|[from] brn\n|upkeep\n|turn|86\n|inactive|JoeyOwesMeMoney has 20 seconds left this turn.\n|\n|switch|p2a: Sableye|Sableye-Mega, M|239\/303\n|move|p1a: Ditto|Knock Off|p2a: Sableye\n|-damage|p2a: Sableye|212\/303\n|\n|-damage|p1a: Ditto|228\/300 brn|[from] brn\n|upkeep\n|turn|87\n|inactive|JoeyOwesMeMoney has 30 seconds left this turn.\n|\n|switch|p2a: Toxapex|Toxapex, F|303\/303 brn\n|move|p1a: Ditto|Will-O-Wisp|p2a: Toxapex\n|-fail|p2a: Toxapex|brn\n|\n|-damage|p2a: Toxapex|285\/303 brn|[from] brn\n|-damage|p1a: Ditto|210\/300 brn|[from] brn\n|upkeep\n|turn|88\n|\n|switch|p2a: Sableye|Sableye-Mega, M|212\/303\n|move|p1a: Ditto|Recover|p1a: Ditto\n|-heal|p1a: Ditto|300\/300 brn\n|\n|-damage|p1a: Ditto|282\/300 brn|[from] brn\n|upkeep\n|turn|89\n|\n|switch|p2a: Toxapex|Toxapex, F|303\/303 brn\n|switch|p1a: Sableye|Sableye-Mega, M|251\/303\n|\n|-damage|p2a: Toxapex|285\/303 brn|[from] brn\n|upkeep\n|turn|90\n|\n|switch|p2a: Sableye|Sableye-Mega, M|212\/303\n|switch|p1a: Ditto|Ditto|282\/300 brn\n|-transform|p1a: Ditto|p2a: Sableye|[from] ability: Imposter\n|\n|-damage|p1a: Ditto|264\/300 brn|[from] brn\n|upkeep\n|turn|91\n|\n|switch|p2a: Toxapex|Toxapex, F|303\/303 brn\n|move|p1a: Ditto|Protect||[still]\n|-fail|p1a: Ditto\n|\n|-damage|p2a: Toxapex|285\/303 brn|[from] brn\n|-damage|p1a: Ditto|246\/300 brn|[from] brn\n|upkeep\n|turn|92\n|\n|switch|p2a: Sableye|Sableye-Mega, M|212\/303\n|move|p1a: Ditto|Knock Off|p2a: Sableye\n|-damage|p2a: Sableye|183\/303\n|\n|-damage|p1a: Ditto|228\/300 brn|[from] brn\n|upkeep\n|turn|93\n|\n|switch|p2a: Toxapex|Toxapex, F|303\/303 brn\n|move|p1a: Ditto|Will-O-Wisp|p2a: Toxapex\n|-fail|p2a: Toxapex|brn\n|\n|-damage|p2a: Toxapex|285\/303 brn|[from] brn\n|-damage|p1a: Ditto|210\/300 brn|[from] brn\n|upkeep\n|turn|94\n|\n|switch|p2a: Sableye|Sableye-Mega, M|183\/303\n|move|p1a: Ditto|Recover|p1a: Ditto\n|-heal|p1a: Ditto|300\/300 brn\n|\n|-damage|p1a: Ditto|282\/300 brn|[from] brn\n|upkeep\n|turn|95\n|\n|switch|p2a: Toxapex|Toxapex, F|303\/303 brn\n|move|p1a: Ditto|Knock Off|p2a: Toxapex\n|-damage|p2a: Toxapex|285\/303 brn\n|\n|-damage|p2a: Toxapex|267\/303 brn|[from] brn\n|-damage|p1a: Ditto|264\/300 brn|[from] brn\n|upkeep\n|turn|96\n|\n|switch|p2a: Sableye|Sableye-Mega, M|183\/303\n|move|p1a: Ditto|Knock Off|p2a: Sableye\n|-damage|p2a: Sableye|157\/303\n|\n|-damage|p1a: Ditto|246\/300 brn|[from] brn\n|upkeep\n|turn|97\n|\n|switch|p2a: Toxapex|Toxapex, F|303\/303 brn\n|move|p1a: Ditto|Will-O-Wisp|p2a: Toxapex\n|-fail|p2a: Toxapex|brn\n|\n|-damage|p2a: Toxapex|285\/303 brn|[from] brn\n|-damage|p1a: Ditto|228\/300 brn|[from] brn\n|upkeep\n|turn|98\n|\n|switch|p2a: Sableye|Sableye-Mega, M|157\/303\n|move|p1a: Ditto|Knock Off|p2a: Sableye\n|-damage|p2a: Sableye|129\/303\n|\n|-damage|p1a: Ditto|210\/300 brn|[from] brn\n|upkeep\n|turn|99\n|\n|switch|p2a: Toxapex|Toxapex, F|303\/303 brn\n|move|p1a: Ditto|Knock Off|p2a: Toxapex\n|-damage|p2a: Toxapex|285\/303 brn\n|\n|-damage|p2a: Toxapex|267\/303 brn|[from] brn\n|-damage|p1a: Ditto|192\/300 brn|[from] brn\n|upkeep\n|turn|100\n|\n|switch|p2a: Sableye|Sableye-Mega, M|129\/303\n|move|p1a: Ditto|Recover|p1a: Ditto\n|-heal|p1a: Ditto|300\/300 brn\n|\n|-damage|p1a: Ditto|282\/300 brn|[from] brn\n|upkeep\n|turn|101\n|\n|switch|p2a: Toxapex|Toxapex, F|303\/303 brn\n|move|p1a: Ditto|Protect||[still]\n|-fail|p1a: Ditto\n|\n|-damage|p2a: Toxapex|285\/303 brn|[from] brn\n|-damage|p1a: Ditto|264\/300 brn|[from] brn\n|upkeep\n|turn|102\n|\n|switch|p2a: Sableye|Sableye-Mega, M|129\/303\n|switch|p1a: Sableye|Sableye-Mega, M|251\/303\n|\n|upkeep\n|turn|103\n|\n|switch|p1a: Ditto|Ditto|264\/300 brn\n|-transform|p1a: Ditto|p2a: Sableye|[from] ability: Imposter\n|move|p2a: Sableye|Recover|p2a: Sableye\n|-heal|p2a: Sableye|281\/303\n|\n|-damage|p1a: Ditto|246\/300 brn|[from] brn\n|upkeep\n|turn|104\n|inactive|JoeyOwesMeMoney has 120 seconds left.\n|inactive|JoeyOwesMeMoney has 90 seconds left.\n|l| lehoang24121992\n|inactive|JoeyOwesMeMoney has 60 seconds left.\n|inactive|JoeyOwesMeMoney has 30 seconds left.\n|inactive|JoeyOwesMeMoney has 20 seconds left.\n|inactive|JoeyOwesMeMoney has 15 seconds left.\n|c|\u2606eigenvlue|thanks to your pause, i had time for wc\n|inactive|JoeyOwesMeMoney has 10 seconds left.\n|inactive|JoeyOwesMeMoney has 5 seconds left.\n|\n|switch|p2a: Toxapex|Toxapex, F|303\/303 brn\n|move|p1a: Ditto|Protect||[still]\n|-fail|p1a: Ditto\n|\n|-damage|p2a: Toxapex|285\/303 brn|[from] brn\n|-damage|p1a: Ditto|228\/300 brn|[from] brn\n|upkeep\n|turn|105\n|inactive|JoeyOwesMeMoney has 10 seconds left this turn.\n|\n|switch|p2a: Sableye|Sableye-Mega, M|281\/303\n|move|p1a: Ditto|Knock Off|p2a: Sableye\n|-damage|p2a: Sableye|252\/303\n|\n|-damage|p1a: Ditto|210\/300 brn|[from] brn\n|upkeep\n|turn|106\n|inactive|JoeyOwesMeMoney has 15 seconds left this turn.\n|\n|switch|p2a: Toxapex|Toxapex, F|303\/303 brn\n|move|p1a: Ditto|Protect||[still]\n|-fail|p1a: Ditto\n|\n|-damage|p2a: Toxapex|285\/303 brn|[from] brn\n|-damage|p1a: Ditto|192\/300 brn|[from] brn\n|upkeep\n|turn|107\n|inactive|JoeyOwesMeMoney has 20 seconds left this turn.\n|\n|switch|p2a: Sableye|Sableye-Mega, M|252\/303\n|move|p1a: Ditto|Will-O-Wisp|p2a: Sableye\n|move|p2a: Sableye|Will-O-Wisp|p1a: Ditto|[from]Magic Bounce\n|-fail|p1a: Ditto|brn\n|\n|-damage|p1a: Ditto|174\/300 brn|[from] brn\n|upkeep\n|turn|108\n|inactive|JoeyOwesMeMoney has 25 seconds left this turn.\n|\n|switch|p2a: Toxapex|Toxapex, F|303\/303 brn\n|move|p1a: Ditto|Recover|p1a: Ditto\n|-heal|p1a: Ditto|300\/300 brn\n|\n|-damage|p2a: Toxapex|285\/303 brn|[from] brn\n|-damage|p1a: Ditto|282\/300 brn|[from] brn\n|upkeep\n|turn|109\n|inactive|JoeyOwesMeMoney has 30 seconds left this turn.\n|\n|switch|p2a: Sableye|Sableye-Mega, M|252\/303\n|move|p1a: Ditto|Knock Off|p2a: Sableye\n|-damage|p2a: Sableye|224\/303\n|\n|-damage|p1a: Ditto|264\/300 brn|[from] brn\n|upkeep\n|turn|110\n|\n|switch|p2a: Toxapex|Toxapex, F|303\/303 brn\n|move|p1a: Ditto|Knock Off|p2a: Toxapex\n|-damage|p2a: Toxapex|285\/303 brn\n|\n|-damage|p2a: Toxapex|267\/303 brn|[from] brn\n|-damage|p1a: Ditto|246\/300 brn|[from] brn\n|upkeep\n|turn|111\n|\n|switch|p2a: Sableye|Sableye-Mega, M|224\/303\n|move|p1a: Ditto|Will-O-Wisp|p2a: Sableye\n|move|p2a: Sableye|Will-O-Wisp|p1a: Ditto|[from]Magic Bounce\n|-fail|p1a: Ditto|brn\n|\n|-damage|p1a: Ditto|228\/300 brn|[from] brn\n|upkeep\n|turn|112\n|\n|switch|p2a: Toxapex|Toxapex, F|303\/303 brn\n|move|p1a: Ditto|Will-O-Wisp|p2a: Toxapex|[miss]\n|-miss|p1a: Ditto|p2a: Toxapex\n|\n|-damage|p2a: Toxapex|285\/303 brn|[from] brn\n|-damage|p1a: Ditto|210\/300 brn|[from] brn\n|upkeep\n|turn|113\n|\n|switch|p2a: Sableye|Sableye-Mega, M|224\/303\n|move|p1a: Ditto|Knock Off|p2a: Sableye\n|-crit|p2a: Sableye\n|-damage|p2a: Sableye|182\/303\n|\n|-damage|p1a: Ditto|192\/300 brn|[from] brn\n|upkeep\n|turn|114\n|\n|switch|p2a: Toxapex|Toxapex, F|303\/303 brn\n|move|p1a: Ditto|Recover|p1a: Ditto\n|-heal|p1a: Ditto|300\/300 brn\n|\n|-damage|p2a: Toxapex|285\/303 brn|[from] brn\n|-damage|p1a: Ditto|282\/300 brn|[from] brn\n|upkeep\n|turn|115\n|\n|switch|p2a: Sableye|Sableye-Mega, M|182\/303\n|move|p1a: Ditto|Protect||[still]\n|-fail|p1a: Ditto\n|\n|-damage|p1a: Ditto|264\/300 brn|[from] brn\n|upkeep\n|turn|116\n|\n|switch|p2a: Toxapex|Toxapex, F|303\/303 brn\n|move|p1a: Ditto|Will-O-Wisp|p2a: Toxapex\n|-fail|p2a: Toxapex|brn\n|\n|-damage|p2a: Toxapex|285\/303 brn|[from] brn\n|-damage|p1a: Ditto|246\/300 brn|[from] brn\n|upkeep\n|turn|117\n|\n|switch|p2a: Sableye|Sableye-Mega, M|182\/303\n|move|p1a: Ditto|Knock Off|p2a: Sableye\n|-damage|p2a: Sableye|157\/303\n|\n|-damage|p1a: Ditto|228\/300 brn|[from] brn\n|upkeep\n|turn|118\n|\n|switch|p2a: Toxapex|Toxapex, F|303\/303 brn\n|move|p1a: Ditto|Recover|p1a: Ditto\n|-heal|p1a: Ditto|300\/300 brn\n|\n|-damage|p2a: Toxapex|285\/303 brn|[from] brn\n|-damage|p1a: Ditto|282\/300 brn|[from] brn\n|upkeep\n|turn|119\n|\n|switch|p2a: Sableye|Sableye-Mega, M|157\/303\n|switch|p1a: Sableye|Sableye-Mega, M|251\/303\n|\n|upkeep\n|turn|120\n|\n|switch|p1a: Ditto|Ditto|282\/300 brn\n|-transform|p1a: Ditto|p2a: Sableye|[from] ability: Imposter\n|move|p2a: Sableye|Recover|p2a: Sableye\n|-heal|p2a: Sableye|303\/303\n|\n|-damage|p1a: Ditto|264\/300 brn|[from] brn\n|upkeep\n|turn|121\n|\n|switch|p2a: Toxapex|Toxapex, F|303\/303 brn\n|move|p1a: Ditto|Protect||[still]\n|-fail|p1a: Ditto\n|\n|-damage|p2a: Toxapex|285\/303 brn|[from] brn\n|-damage|p1a: Ditto|246\/300 brn|[from] brn\n|upkeep\n|turn|122\n|\n|move|p2a: Toxapex|Haze|p2a: Toxapex\n|-clearallboost\n|move|p1a: Ditto|Will-O-Wisp|p2a: Toxapex\n|-fail|p2a: Toxapex|brn\n|\n|-damage|p2a: Toxapex|267\/303 brn|[from] brn\n|-damage|p1a: Ditto|228\/300 brn|[from] brn\n|upkeep\n|turn|123\n|\n|move|p2a: Toxapex|Haze|p2a: Toxapex\n|-clearallboost\n|move|p1a: Ditto|Will-O-Wisp|p2a: Toxapex\n|-fail|p2a: Toxapex|brn\n|\n|-damage|p2a: Toxapex|249\/303 brn|[from] brn\n|-damage|p1a: Ditto|210\/300 brn|[from] brn\n|upkeep\n|turn|124\n|\n|move|p2a: Toxapex|Haze|p2a: Toxapex\n|-clearallboost\n|move|p1a: Ditto|Knock Off|p2a: Toxapex\n|-damage|p2a: Toxapex|233\/303 brn\n|\n|-damage|p2a: Toxapex|215\/303 brn|[from] brn\n|-damage|p1a: Ditto|192\/300 brn|[from] brn\n|upkeep\n|turn|125\n|\n|move|p1a: Ditto|Protect|p1a: Ditto\n|-singleturn|p1a: Ditto|Protect\n|move|p2a: Toxapex|Haze|p2a: Toxapex\n|-clearallboost\n|\n|-damage|p2a: Toxapex|197\/303 brn|[from] brn\n|-damage|p1a: Ditto|174\/300 brn|[from] brn\n|upkeep\n|turn|126\n|\n|move|p2a: Toxapex|Haze|p2a: Toxapex\n|-clearallboost\n|move|p1a: Ditto|Will-O-Wisp|p2a: Toxapex\n|-fail|p2a: Toxapex|brn\n|\n|-damage|p2a: Toxapex|179\/303 brn|[from] brn\n|-damage|p1a: Ditto|156\/300 brn|[from] brn\n|upkeep\n|turn|127\n|\n|move|p2a: Toxapex|Haze|p2a: Toxapex\n|-clearallboost\n|move|p1a: Ditto|Recover|p1a: Ditto\n|-heal|p1a: Ditto|300\/300 brn\n|\n|-damage|p2a: Toxapex|161\/303 brn|[from] brn\n|-damage|p1a: Ditto|282\/300 brn|[from] brn\n|upkeep\n|turn|128\n|\n|move|p2a: Toxapex|Haze|p2a: Toxapex\n|-clearallboost\n|move|p1a: Ditto|Knock Off|p2a: Toxapex\n|-damage|p2a: Toxapex|143\/303 brn\n|\n|-damage|p2a: Toxapex|125\/303 brn|[from] brn\n|-damage|p1a: Ditto|264\/300 brn|[from] brn\n|upkeep\n|turn|129\n|\n|move|p1a: Ditto|Protect|p1a: Ditto\n|-singleturn|p1a: Ditto|Protect\n|move|p2a: Toxapex|Haze|p2a: Toxapex\n|-clearallboost\n|\n|-damage|p2a: Toxapex|107\/303 brn|[from] brn\n|-damage|p1a: Ditto|246\/300 brn|[from] brn\n|upkeep\n|turn|130\n|\n|switch|p1a: Zapdos|Zapdos|360\/383 tox\n|move|p2a: Toxapex|Haze|p2a: Toxapex\n|-clearallboost\n|\n|-heal|p1a: Zapdos|383\/383 tox|[from] item: Leftovers\n|-damage|p1a: Zapdos|360\/383 tox|[from] psn\n|-damage|p2a: Toxapex|89\/303 brn|[from] brn\n|upkeep\n|turn|131\n|\n|switch|p2a: Sableye|Sableye-Mega, M|303\/303\n|move|p1a: Zapdos|Volt Switch|p2a: Sableye\n|-damage|p2a: Sableye|237\/303\n|\n|switch|p1a: Ditto|Ditto|246\/300 brn\n|-transform|p1a: Ditto|p2a: Sableye|[from] ability: Imposter\n|\n|-damage|p1a: Ditto|228\/300 brn|[from] brn\n|upkeep\n|turn|132\n|\n|switch|p2a: Toxapex|Toxapex, F|190\/303 brn\n|move|p1a: Ditto|Will-O-Wisp|p2a: Toxapex\n|-fail|p2a: Toxapex|brn\n|\n|-damage|p2a: Toxapex|172\/303 brn|[from] brn\n|-damage|p1a: Ditto|210\/300 brn|[from] brn\n|upkeep\n|turn|133\n|c|\u2606eigenvlue|we gonna save the rep, bro\n|inactive|JoeyOwesMeMoney has 120 seconds left.\n|inactive|JoeyOwesMeMoney has 90 seconds left.\n|inactive|JoeyOwesMeMoney has 60 seconds left.\n|l|\u2606eigenvlue\n|inactive|eigenvlue disconnected and has a minute to reconnect!\n|player|p1|\n|inactive|JoeyOwesMeMoney has 30 seconds left.\n|\n|switch|p2a: Sableye|Sableye-Mega, M|237\/303\n|move|p1a: Ditto|Protect||[still]\n|-fail|p1a: Ditto\n|\n|-damage|p1a: Ditto|192\/300 brn|[from] brn\n|upkeep\n|turn|134\n|j|\u2606eigenvlue\n|inactive|eigenvlue reconnected and has 140 seconds left.\n|player|p1|eigenvlue|170\n|inactive|JoeyOwesMeMoney has 30 seconds left.\n|\n|switch|p2a: Toxapex|Toxapex, F|273\/303 brn\n|move|p1a: Ditto|Recover|p1a: Ditto\n|-heal|p1a: Ditto|300\/300 brn\n|\n|-damage|p2a: Toxapex|255\/303 brn|[from] brn\n|-damage|p1a: Ditto|282\/300 brn|[from] brn\n|upkeep\n|turn|135\n|\n|switch|p2a: Sableye|Sableye-Mega, M|237\/303\n|move|p1a: Ditto|Knock Off|p2a: Sableye\n|-damage|p2a: Sableye|210\/303\n|\n|-damage|p1a: Ditto|264\/300 brn|[from] brn\n|upkeep\n|turn|136\n|\n|switch|p2a: Toxapex|Toxapex, F|303\/303 brn\n|move|p1a: Ditto|Will-O-Wisp|p2a: Toxapex\n|-fail|p2a: Toxapex|brn\n|\n|-damage|p2a: Toxapex|285\/303 brn|[from] brn\n|-damage|p1a: Ditto|246\/300 brn|[from] brn\n|upkeep\n|turn|137\n|\n|move|p1a: Ditto|Protect|p1a: Ditto\n|-singleturn|p1a: Ditto|Protect\n|move|p2a: Toxapex|Haze|p2a: Toxapex\n|-clearallboost\n|\n|-damage|p2a: Toxapex|267\/303 brn|[from] brn\n|-damage|p1a: Ditto|228\/300 brn|[from] brn\n|upkeep\n|turn|138\n|\n|move|p2a: Toxapex|Haze|p2a: Toxapex\n|-clearallboost\n|move|p1a: Ditto|Knock Off|p2a: Toxapex\n|-damage|p2a: Toxapex|247\/303 brn\n|\n|-damage|p2a: Toxapex|229\/303 brn|[from] brn\n|-damage|p1a: Ditto|210\/300 brn|[from] brn\n|upkeep\n|turn|139\n|\n|move|p2a: Toxapex|Haze|p2a: Toxapex\n|-clearallboost\n|move|p1a: Ditto|Recover|p1a: Ditto\n|-heal|p1a: Ditto|300\/300 brn\n|\n|-damage|p2a: Toxapex|211\/303 brn|[from] brn\n|-damage|p1a: Ditto|282\/300 brn|[from] brn\n|upkeep\n|turn|140\n|\n|move|p2a: Toxapex|Haze|p2a: Toxapex\n|-clearallboost\n|move|p1a: Ditto|Knock Off|p2a: Toxapex\n|-damage|p2a: Toxapex|192\/303 brn\n|\n|-damage|p2a: Toxapex|174\/303 brn|[from] brn\n|-damage|p1a: Ditto|264\/300 brn|[from] brn\n|upkeep\n|turn|141\n|\n|switch|p2a: Sableye|Sableye-Mega, M|210\/303\n|move|p1a: Ditto|Protect||[still]\n|-fail|p1a: Ditto\n|\n|-damage|p1a: Ditto|246\/300 brn|[from] brn\n|upkeep\n|turn|142\n|\n|switch|p2a: Toxapex|Toxapex, F|275\/303 brn\n|move|p1a: Ditto|Will-O-Wisp|p2a: Toxapex\n|-fail|p2a: Toxapex|brn\n|\n|-damage|p2a: Toxapex|257\/303 brn|[from] brn\n|-damage|p1a: Ditto|228\/300 brn|[from] brn\n|upkeep\n|turn|143\n|\n|move|p2a: Toxapex|Haze|p2a: Toxapex\n|-clearallboost\n|move|p1a: Ditto|Knock Off|p2a: Toxapex\n|-damage|p2a: Toxapex|237\/303 brn\n|\n|-damage|p2a: Toxapex|219\/303 brn|[from] brn\n|-damage|p1a: Ditto|210\/300 brn|[from] brn\n|upkeep\n|turn|144\n|\n|switch|p1a: Zapdos|Zapdos|360\/383 tox\n|move|p2a: Toxapex|Haze|p2a: Toxapex\n|-clearallboost\n|\n|-heal|p1a: Zapdos|383\/383 tox|[from] item: Leftovers\n|-damage|p1a: Zapdos|360\/383 tox|[from] psn\n|-damage|p2a: Toxapex|201\/303 brn|[from] brn\n|upkeep\n|turn|145\n|\n|move|p1a: Zapdos|Volt Switch|p2a: Toxapex\n|-supereffective|p2a: Toxapex\n|-damage|p2a: Toxapex|57\/303 brn\n|\n|switch|p1a: Ditto|Ditto|210\/300 brn\n|-transform|p1a: Ditto|p2a: Toxapex|[from] ability: Imposter\n|move|p2a: Toxapex|Recover|p2a: Toxapex\n|-heal|p2a: Toxapex|209\/303 brn\n|\n|-damage|p2a: Toxapex|191\/303 brn|[from] brn\n|-damage|p1a: Ditto|192\/300 brn|[from] brn\n|upkeep\n|turn|146\n|\n|switch|p1a: Sableye|Sableye-Mega, M|251\/303\n|switch|p2a: Chansey|Chansey, F|664\/703\n|\n|upkeep\n|turn|147\n|\n|switch|p2a: Toxapex|Toxapex, F|292\/303 brn\n|switch|p1a: Ditto|Ditto|292\/300 brn\n|-transform|p1a: Ditto|p2a: Toxapex|[from] ability: Imposter\n|\n|-damage|p2a: Toxapex|274\/303 brn|[from] brn\n|-damage|p1a: Ditto|274\/300 brn|[from] brn\n|upkeep\n|turn|148\n|inactive|eigenvlue has 120 seconds left.\n|\n|switch|p2a: Chansey|Chansey, F|664\/703\n|move|p1a: Ditto|Scald|p2a: Chansey\n|-damage|p2a: Chansey|627\/703\n|-status|p2a: Chansey|brn\n|\n|-damage|p2a: Chansey|584\/703 brn|[from] brn\n|-damage|p1a: Ditto|256\/300 brn|[from] brn\n|upkeep\n|turn|149\n|inactive|eigenvlue has 120 seconds left.\n|\n|-curestatus|p2a: Chansey|brn|[from] ability: Natural Cure\n|switch|p2a: Toxapex|Toxapex, F|303\/303 brn\n|switch|p1a: Sableye|Sableye-Mega, M|251\/303\n|\n|-damage|p2a: Toxapex|285\/303 brn|[from] brn\n|upkeep\n|turn|150\n|inactive|eigenvlue has 120 seconds left.\n|\n|switch|p1a: Toxapex|Toxapex, M|303\/303\n|move|p2a: Toxapex|Haze|p2a: Toxapex\n|-clearallboost\n|\n|-damage|p2a: Toxapex|267\/303 brn|[from] brn\n|upkeep\n|turn|151\n|\n|switch|p1a: Sableye|Sableye-Mega, M|251\/303\n|switch|p2a: Chansey|Chansey, F|584\/703\n|\n|upkeep\n|turn|152\n|\n|switch|p2a: Toxapex|Toxapex, F|303\/303 brn\n|move|p1a: Sableye|Will-O-Wisp|p2a: Toxapex\n|-fail|p2a: Toxapex|brn\n|\n|-damage|p2a: Toxapex|285\/303 brn|[from] brn\n|upkeep\n|turn|153\n|\n|switch|p1a: Ditto|Ditto|300\/300 brn\n|-transform|p1a: Ditto|p2a: Toxapex|[from] ability: Imposter\n|move|p2a: Toxapex|Haze|p2a: Toxapex\n|-clearallboost\n|\n|-damage|p2a: Toxapex|267\/303 brn|[from] brn\n|-damage|p1a: Ditto|282\/300 brn|[from] brn\n|upkeep\n|turn|154\n|inactive|eigenvlue has 90 seconds left.\n|\n|switch|p2a: Chansey|Chansey, F|584\/703\n|move|p1a: Ditto|Toxic Spikes|p2a: Chansey\n|-sidestart|p2: JoeyOwesMeMoney|move: Toxic Spikes\n|\n|-damage|p1a: Ditto|264\/300 brn|[from] brn\n|upkeep\n|turn|155\n|inactive|JoeyOwesMeMoney has 120 seconds left.\n|inactive|JoeyOwesMeMoney has 90 seconds left.\n|inactive|JoeyOwesMeMoney has 60 seconds left.\n|inactive|JoeyOwesMeMoney has 30 seconds left.\n|inactive|JoeyOwesMeMoney has 20 seconds left.\n|inactive|JoeyOwesMeMoney has 15 seconds left.\n|inactive|JoeyOwesMeMoney has 10 seconds left.\n|\n|switch|p2a: Skarmory|Skarmory, F|333\/333\n|move|p1a: Ditto|Scald|p2a: Skarmory\n|-damage|p2a: Skarmory|258\/333\n|\n|-damage|p1a: Ditto|246\/300 brn|[from] brn\n|upkeep\n|turn|156\n|inactive|JoeyOwesMeMoney has 15 seconds left this turn.\n|\n|switch|p2a: Toxapex|Toxapex, F|303\/303 brn\n|-sideend|p2: JoeyOwesMeMoney|move: Toxic Spikes|[of] p2a: Toxapex\n|switch|p1a: Sableye|Sableye-Mega, M|251\/303\n|\n|-damage|p2a: Toxapex|285\/303 brn|[from] brn\n|upkeep\n|turn|157\n|inactive|JoeyOwesMeMoney has 20 seconds left this turn.\n|inactive|JoeyOwesMeMoney has 15 seconds left.\n|\n|switch|p2a: Sableye|Sableye-Mega, M|210\/303\n|move|p1a: Sableye|Protect||[still]\n|-fail|p1a: Sableye\n|\n|upkeep\n|turn|158\n|inactive|JoeyOwesMeMoney has 20 seconds left this turn.\n|\n|switch|p2a: Toxapex|Toxapex, F|303\/303 brn\n|switch|p1a: Ditto|Ditto|300\/300 brn\n|-transform|p1a: Ditto|p2a: Toxapex|[from] ability: Imposter\n|\n|-damage|p2a: Toxapex|285\/303 brn|[from] brn\n|-damage|p1a: Ditto|282\/300 brn|[from] brn\n|upkeep\n|turn|159\n|inactive|JoeyOwesMeMoney has 25 seconds left this turn.\n|\n|switch|p1a: Zapdos|Zapdos|360\/383 tox\n|switch|p2a: Chansey|Chansey, F|584\/703\n|\n|-heal|p1a: Zapdos|383\/383 tox|[from] item: Leftovers\n|-damage|p1a: Zapdos|360\/383 tox|[from] psn\n|upkeep\n|turn|160\n|inactive|JoeyOwesMeMoney has 30 seconds left this turn.\n|\n|switch|p1a: Sableye|Sableye-Mega, M|251\/303\n|switch|p2a: Toxapex|Toxapex, F|303\/303 brn\n|\n|-damage|p2a: Toxapex|285\/303 brn|[from] brn\n|upkeep\n|turn|161\n|\n|switch|p2a: Sableye|Sableye-Mega, M|210\/303\n|switch|p1a: Ditto|Ditto|300\/300 brn\n|-transform|p1a: Ditto|p2a: Sableye|[from] ability: Imposter\n|\n|-damage|p1a: Ditto|282\/300 brn|[from] brn\n|upkeep\n|turn|162\n|\n|switch|p2a: Toxapex|Toxapex, F|303\/303 brn\n|move|p1a: Ditto|Will-O-Wisp|p2a: Toxapex|[miss]\n|-miss|p1a: Ditto|p2a: Toxapex\n|\n|-damage|p2a: Toxapex|285\/303 brn|[from] brn\n|-damage|p1a: Ditto|264\/300 brn|[from] brn\n|upkeep\n|turn|163\n|\n|switch|p2a: Sableye|Sableye-Mega, M|210\/303\n|move|p1a: Ditto|Knock Off|p2a: Sableye\n|-damage|p2a: Sableye|180\/303\n|\n|-damage|p1a: Ditto|246\/300 brn|[from] brn\n|upkeep\n|turn|164\n|\n|switch|p2a: Toxapex|Toxapex, F|303\/303 brn\n|move|p1a: Ditto|Knock Off|p2a: Toxapex\n|-damage|p2a: Toxapex|284\/303 brn\n|\n|-damage|p2a: Toxapex|266\/303 brn|[from] brn\n|-damage|p1a: Ditto|228\/300 brn|[from] brn\n|upkeep\n|turn|165\n|\n|switch|p2a: Sableye|Sableye-Mega, M|180\/303\n|move|p1a: Ditto|Will-O-Wisp|p2a: Sableye\n|move|p2a: Sableye|Will-O-Wisp|p1a: Ditto|[from]Magic Bounce\n|-fail|p1a: Ditto|brn\n|\n|-damage|p1a: Ditto|210\/300 brn|[from] brn\n|upkeep\n|turn|166\n|\n|switch|p2a: Toxapex|Toxapex, F|303\/303 brn\n|move|p1a: Ditto|Will-O-Wisp|p2a: Toxapex\n|-fail|p2a: Toxapex|brn\n|\n|-damage|p2a: Toxapex|285\/303 brn|[from] brn\n|-damage|p1a: Ditto|192\/300 brn|[from] brn\n|upkeep\n|turn|167\n|\n|move|p1a: Ditto|Protect|p1a: Ditto\n|-singleturn|p1a: Ditto|Protect\n|move|p2a: Toxapex|Haze|p2a: Toxapex\n|-clearallboost\n|\n|-damage|p2a: Toxapex|267\/303 brn|[from] brn\n|-damage|p1a: Ditto|174\/300 brn|[from] brn\n|upkeep\n|turn|168\n|\n|move|p2a: Toxapex|Haze|p2a: Toxapex\n|-clearallboost\n|move|p1a: Ditto|Recover|p1a: Ditto\n|-heal|p1a: Ditto|300\/300 brn\n|\n|-damage|p2a: Toxapex|249\/303 brn|[from] brn\n|-damage|p1a: Ditto|282\/300 brn|[from] brn\n|upkeep\n|turn|169\n|inactive|eigenvlue has 90 seconds left.\n|\n|move|p2a: Toxapex|Haze|p2a: Toxapex\n|-clearallboost\n|move|p1a: Ditto|Knock Off|p2a: Toxapex\n|-damage|p2a: Toxapex|231\/303 brn\n|\n|-damage|p2a: Toxapex|213\/303 brn|[from] brn\n|-damage|p1a: Ditto|264\/300 brn|[from] brn\n|upkeep\n|turn|170\n|\n|switch|p2a: Sableye|Sableye-Mega, M|180\/303\n|move|p1a: Ditto|Will-O-Wisp|p2a: Sableye\n|move|p2a: Sableye|Will-O-Wisp|p1a: Ditto|[from]Magic Bounce\n|-fail|p1a: Ditto|brn\n|\n|-damage|p1a: Ditto|246\/300 brn|[from] brn\n|upkeep\n|turn|171\n|\n|switch|p2a: Toxapex|Toxapex, F|303\/303 brn\n|move|p1a: Ditto|Protect||[still]\n|-fail|p1a: Ditto\n|\n|-damage|p2a: Toxapex|285\/303 brn|[from] brn\n|-damage|p1a: Ditto|228\/300 brn|[from] brn\n|upkeep\n|turn|172\n|\n|switch|p2a: Sableye|Sableye-Mega, M|180\/303\n|move|p1a: Ditto|Knock Off|p2a: Sableye\n|-damage|p2a: Sableye|153\/303\n|\n|-damage|p1a: Ditto|210\/300 brn|[from] brn\n|upkeep\n|turn|173\n|\n|switch|p2a: Toxapex|Toxapex, F|303\/303 brn\n|move|p1a: Ditto|Protect||[still]\n|-fail|p1a: Ditto\n|\n|-damage|p2a: Toxapex|285\/303 brn|[from] brn\n|-damage|p1a: Ditto|192\/300 brn|[from] brn\n|upkeep\n|turn|174\n|\n|switch|p2a: Sableye|Sableye-Mega, M|153\/303\n|move|p1a: Ditto|Will-O-Wisp|p2a: Sableye\n|move|p2a: Sableye|Will-O-Wisp|p1a: Ditto|[from]Magic Bounce\n|-fail|p1a: Ditto|brn\n|\n|-damage|p1a: Ditto|174\/300 brn|[from] brn\n|upkeep\n|turn|175\n|\n|move|p2a: Sableye|Protect|p2a: Sableye\n|-singleturn|p2a: Sableye|Protect\n|move|p1a: Ditto|Recover|p1a: Ditto\n|-heal|p1a: Ditto|300\/300 brn\n|\n|-damage|p1a: Ditto|282\/300 brn|[from] brn\n|upkeep\n|turn|176\n|\n|switch|p2a: Toxapex|Toxapex, F|303\/303 brn\n|move|p1a: Ditto|Knock Off|p2a: Toxapex\n|-damage|p2a: Toxapex|287\/303 brn\n|\n|-damage|p2a: Toxapex|269\/303 brn|[from] brn\n|-damage|p1a: Ditto|264\/300 brn|[from] brn\n|upkeep\n|turn|177\n|\n|switch|p2a: Sableye|Sableye-Mega, M|153\/303\n|switch|p1a: Sableye|Sableye-Mega, M|251\/303\n|\n|upkeep\n|turn|178\n|\n|switch|p2a: Toxapex|Toxapex, F|303\/303 brn\n|switch|p1a: Ditto|Ditto|264\/300 brn\n|-transform|p1a: Ditto|p2a: Toxapex|[from] ability: Imposter\n|\n|-damage|p2a: Toxapex|285\/303 brn|[from] brn\n|-damage|p1a: Ditto|246\/300 brn|[from] brn\n|upkeep\n|turn|179\n|\n|switch|p2a: Chansey|Chansey, F|584\/703\n|move|p1a: Ditto|Scald|p2a: Chansey\n|-damage|p2a: Chansey|545\/703\n|-status|p2a: Chansey|brn\n|\n|-damage|p2a: Chansey|502\/703 brn|[from] brn\n|-damage|p1a: Ditto|228\/300 brn|[from] brn\n|upkeep\n|turn|180\n|inactive|eigenvlue has 90 seconds left.\n|\n|-curestatus|p2a: Chansey|brn|[from] ability: Natural Cure\n|switch|p2a: Toxapex|Toxapex, F|303\/303 brn\n|move|p1a: Ditto|Toxic Spikes|p2a: Toxapex\n|-sidestart|p2: JoeyOwesMeMoney|move: Toxic Spikes\n|\n|-damage|p1a: Ditto|210\/300 brn|[from] brn\n|-damage|p2a: Toxapex|285\/303 brn|[from] brn\n|upkeep\n|turn|181\n|inactive|eigenvlue has 90 seconds left.\n|\n|switch|p1a: Sableye|Sableye-Mega, M|251\/303\n|switch|p2a: Skarmory|Skarmory, F|258\/333\n|\n|upkeep\n|turn|182\n|inactive|eigenvlue has 90 seconds left.\n|\n|switch|p2a: Toxapex|Toxapex, F|303\/303 brn\n|-sideend|p2: JoeyOwesMeMoney|move: Toxic Spikes|[of] p2a: Toxapex\n|switch|p1a: Ditto|Ditto|300\/300 brn\n|-transform|p1a: Ditto|p2a: Toxapex|[from] ability: Imposter\n|\n|-damage|p2a: Toxapex|285\/303 brn|[from] brn\n|-damage|p1a: Ditto|282\/300 brn|[from] brn\n|upkeep\n|turn|183\n|\n|switch|p2a: Chansey|Chansey, F|502\/703\n|move|p1a: Ditto|Scald|p2a: Chansey\n|-damage|p2a: Chansey|466\/703\n|\n|-damage|p1a: Ditto|264\/300 brn|[from] brn\n|upkeep\n|turn|184\n|\n|switch|p2a: Toxapex|Toxapex, F|303\/303 brn\n|switch|p1a: Sableye|Sableye-Mega, M|251\/303\n|\n|-damage|p2a: Toxapex|285\/303 brn|[from] brn\n|upkeep\n|turn|185\n|inactive|JoeyOwesMeMoney has 120 seconds left.\n|inactive|JoeyOwesMeMoney has 90 seconds left.\n|inactive|JoeyOwesMeMoney has 60 seconds left.\n|inactive|JoeyOwesMeMoney has 30 seconds left.\n|inactive|JoeyOwesMeMoney has 20 seconds left.\n|inactive|JoeyOwesMeMoney has 15 seconds left.\n|inactive|JoeyOwesMeMoney has 10 seconds left.\n|\n|switch|p2a: Sableye|Sableye-Mega, M|153\/303\n|switch|p1a: Ditto|Ditto|300\/300 brn\n|-transform|p1a: Ditto|p2a: Sableye|[from] ability: Imposter\n|\n|-damage|p1a: Ditto|282\/300 brn|[from] brn\n|upkeep\n|turn|186\n|inactive|JoeyOwesMeMoney has 15 seconds left this turn.\n|\n|move|p2a: Sableye|Recover|p2a: Sableye\n|-heal|p2a: Sableye|303\/303\n|move|p1a: Ditto|Knock Off|p2a: Sableye\n|-damage|p2a: Sableye|276\/303\n|\n|-damage|p1a: Ditto|264\/300 brn|[from] brn\n|upkeep\n|turn|187\n|inactive|JoeyOwesMeMoney has 20 seconds left this turn.\n|\n|switch|p2a: Toxapex|Toxapex, F|303\/303 brn\n|move|p1a: Ditto|Will-O-Wisp|p2a: Toxapex\n|-fail|p2a: Toxapex|brn\n|\n|-damage|p2a: Toxapex|285\/303 brn|[from] brn\n|-damage|p1a: Ditto|246\/300 brn|[from] brn\n|upkeep\n|turn|188\n|inactive|JoeyOwesMeMoney has 25 seconds left this turn.\n|inactive|eigenvlue has 90 seconds left.\n|\n|switch|p2a: Sableye|Sableye-Mega, M|276\/303\n|move|p1a: Ditto|Protect||[still]\n|-fail|p1a: Ditto\n|\n|-damage|p1a: Ditto|228\/300 brn|[from] brn\n|upkeep\n|turn|189\n|inactive|JoeyOwesMeMoney has 30 seconds left this turn.\n|\n|switch|p2a: Toxapex|Toxapex, F|303\/303 brn\n|move|p1a: Ditto|Knock Off|p2a: Toxapex\n|-damage|p2a: Toxapex|284\/303 brn\n|\n|-damage|p2a: Toxapex|266\/303 brn|[from] brn\n|-damage|p1a: Ditto|210\/300 brn|[from] brn\n|upkeep\n|turn|190\n|\n|switch|p2a: Sableye|Sableye-Mega, M|276\/303\n|move|p1a: Ditto|Recover|p1a: Ditto\n|-heal|p1a: Ditto|300\/300 brn\n|\n|-damage|p1a: Ditto|282\/300 brn|[from] brn\n|upkeep\n|turn|191\n|\n|switch|p2a: Toxapex|Toxapex, F|303\/303 brn\n|move|p1a: Ditto|Protect||[still]\n|-fail|p1a: Ditto\n|\n|-damage|p2a: Toxapex|285\/303 brn|[from] brn\n|-damage|p1a: Ditto|264\/300 brn|[from] brn\n|upkeep\n|turn|192\n|\n|move|p2a: Toxapex|Haze|p2a: Toxapex\n|-clearallboost\n|move|p1a: Ditto|Knock Off|p2a: Toxapex\n|-damage|p2a: Toxapex|267\/303 brn\n|\n|-damage|p2a: Toxapex|249\/303 brn|[from] brn\n|-damage|p1a: Ditto|246\/300 brn|[from] brn\n|upkeep\n|turn|193\n|\n|move|p1a: Ditto|Protect|p1a: Ditto\n|-singleturn|p1a: Ditto|Protect\n|move|p2a: Toxapex|Haze|p2a: Toxapex\n|-clearallboost\n|\n|-damage|p2a: Toxapex|231\/303 brn|[from] brn\n|-damage|p1a: Ditto|228\/300 brn|[from] brn\n|upkeep\n|turn|194\n|\n|move|p2a: Toxapex|Haze|p2a: Toxapex\n|-clearallboost\n|move|p1a: Ditto|Will-O-Wisp|p2a: Toxapex\n|-fail|p2a: Toxapex|brn\n|\n|-damage|p2a: Toxapex|213\/303 brn|[from] brn\n|-damage|p1a: Ditto|210\/300 brn|[from] brn\n|upkeep\n|turn|195\n|\n|move|p2a: Toxapex|Haze|p2a: Toxapex\n|-clearallboost\n|move|p1a: Ditto|Recover|p1a: Ditto\n|-heal|p1a: Ditto|300\/300 brn\n|\n|-damage|p2a: Toxapex|195\/303 brn|[from] brn\n|-damage|p1a: Ditto|282\/300 brn|[from] brn\n|upkeep\n|turn|196\n|\n|move|p2a: Toxapex|Haze|p2a: Toxapex\n|-clearallboost\n|move|p1a: Ditto|Knock Off|p2a: Toxapex\n|-damage|p2a: Toxapex|177\/303 brn\n|\n|-damage|p2a: Toxapex|159\/303 brn|[from] brn\n|-damage|p1a: Ditto|264\/300 brn|[from] brn\n|upkeep\n|turn|197\n|\n|switch|p2a: Sableye|Sableye-Mega, M|276\/303\n|move|p1a: Ditto|Knock Off|p2a: Sableye\n|-damage|p2a: Sableye|246\/303\n|\n|-damage|p1a: Ditto|246\/300 brn|[from] brn\n|upkeep\n|turn|198\n|\n|switch|p2a: Toxapex|Toxapex, F|260\/303 brn\n|move|p1a: Ditto|Will-O-Wisp|p2a: Toxapex\n|-fail|p2a: Toxapex|brn\n|\n|-damage|p2a: Toxapex|242\/303 brn|[from] brn\n|-damage|p1a: Ditto|228\/300 brn|[from] brn\n|upkeep\n|turn|199\n|\n|switch|p2a: Sableye|Sableye-Mega, M|246\/303\n|switch|p1a: Zapdos|Zapdos|360\/383 tox\n|\n|-heal|p1a: Zapdos|383\/383 tox|[from] item: Leftovers\n|-damage|p1a: Zapdos|360\/383 tox|[from] psn\n|upkeep\n|turn|200\n|inactive|eigenvlue has 90 seconds left.\n|\n|switch|p1a: Ditto|Ditto|228\/300 brn\n|-transform|p1a: Ditto|p2a: Sableye|[from] ability: Imposter\n|switch|p2a: Toxapex|Toxapex, F|303\/303 brn\n|\n|-damage|p2a: Toxapex|285\/303 brn|[from] brn\n|-damage|p1a: Ditto|210\/300 brn|[from] brn\n|upkeep\n|turn|201\n|inactive|eigenvlue has 90 seconds left.\n|\n|switch|p2a: Sableye|Sableye-Mega, M|246\/303\n|move|p1a: Ditto|Will-O-Wisp|p2a: Sableye\n|move|p2a: Sableye|Will-O-Wisp|p1a: Ditto|[from]Magic Bounce\n|-fail|p1a: Ditto|brn\n|\n|-damage|p1a: Ditto|192\/300 brn|[from] brn\n|upkeep\n|turn|202\n|\n|switch|p2a: Toxapex|Toxapex, F|303\/303 brn\n|move|p1a: Ditto|Knock Off|p2a: Toxapex\n|-damage|p2a: Toxapex|286\/303 brn\n|\n|-damage|p2a: Toxapex|268\/303 brn|[from] brn\n|-damage|p1a: Ditto|174\/300 brn|[from] brn\n|upkeep\n|turn|203\n|\n|switch|p2a: Sableye|Sableye-Mega, M|246\/303\n|move|p1a: Ditto|Protect||[still]\n|-fail|p1a: Ditto\n|\n|-damage|p1a: Ditto|156\/300 brn|[from] brn\n|upkeep\n|turn|204\n|\n|switch|p2a: Toxapex|Toxapex, F|303\/303 brn\n|move|p1a: Ditto|Will-O-Wisp|p2a: Toxapex\n|-fail|p2a: Toxapex|brn\n|\n|-damage|p2a: Toxapex|285\/303 brn|[from] brn\n|-damage|p1a: Ditto|138\/300 brn|[from] brn\n|upkeep\n|turn|205\n|\n|switch|p2a: Sableye|Sableye-Mega, M|246\/303\n|move|p1a: Ditto|Recover|p1a: Ditto\n|-heal|p1a: Ditto|288\/300 brn\n|\n|-damage|p1a: Ditto|270\/300 brn|[from] brn\n|upkeep\n|turn|206\n|\n|switch|p2a: Toxapex|Toxapex, F|303\/303 brn\n|move|p1a: Ditto|Will-O-Wisp|p2a: Toxapex\n|-fail|p2a: Toxapex|brn\n|\n|-damage|p2a: Toxapex|285\/303 brn|[from] brn\n|-damage|p1a: Ditto|252\/300 brn|[from] brn\n|upkeep\n|turn|207\n|\n|move|p2a: Toxapex|Haze|p2a: Toxapex\n|-clearallboost\n|move|p1a: Ditto|Knock Off|p2a: Toxapex\n|-damage|p2a: Toxapex|268\/303 brn\n|\n|-damage|p2a: Toxapex|250\/303 brn|[from] brn\n|-damage|p1a: Ditto|234\/300 brn|[from] brn\n|upkeep\n|turn|208\n|\n|switch|p2a: Sableye|Sableye-Mega, M|246\/303\n|move|p1a: Ditto|Protect||[still]\n|-fail|p1a: Ditto\n|\n|-damage|p1a: Ditto|216\/300 brn|[from] brn\n|upkeep\n|turn|209\n|\n|switch|p2a: Toxapex|Toxapex, F|303\/303 brn\n|move|p1a: Ditto|Will-O-Wisp|p2a: Toxapex\n|-fail|p2a: Toxapex|brn\n|\n|-damage|p2a: Toxapex|285\/303 brn|[from] brn\n|-damage|p1a: Ditto|198\/300 brn|[from] brn\n|upkeep\n|turn|210\n|\n|switch|p2a: Sableye|Sableye-Mega, M|246\/303\n|move|p1a: Ditto|Protect||[still]\n|-fail|p1a: Ditto\n|\n|-damage|p1a: Ditto|180\/300 brn|[from] brn\n|upkeep\n|turn|211\n|\n|switch|p2a: Toxapex|Toxapex, F|303\/303 brn\n|move|p1a: Ditto|Knock Off|p2a: Toxapex\n|-damage|p2a: Toxapex|286\/303 brn\n|\n|-damage|p2a: Toxapex|268\/303 brn|[from] brn\n|-damage|p1a: Ditto|162\/300 brn|[from] brn\n|upkeep\n|turn|212\n|\n|switch|p2a: Sableye|Sableye-Mega, M|246\/303\n|move|p1a: Ditto|Recover|p1a: Ditto\n|-heal|p1a: Ditto|300\/300 brn\n|\n|-damage|p1a: Ditto|282\/300 brn|[from] brn\n|upkeep\n|turn|213\n|\n|switch|p2a: Toxapex|Toxapex, F|303\/303 brn\n|move|p1a: Ditto|Protect||[still]\n|-fail|p1a: Ditto\n|\n|-damage|p2a: Toxapex|285\/303 brn|[from] brn\n|-damage|p1a: Ditto|264\/300 brn|[from] brn\n|upkeep\n|turn|214\n|\n|switch|p2a: Sableye|Sableye-Mega, M|246\/303\n|move|p1a: Ditto|Knock Off|p2a: Sableye\n|-damage|p2a: Sableye|218\/303\n|\n|-damage|p1a: Ditto|246\/300 brn|[from] brn\n|upkeep\n|turn|215\n|\n|switch|p2a: Toxapex|Toxapex, F|303\/303 brn\n|move|p1a: Ditto|Will-O-Wisp|p2a: Toxapex\n|-fail|p2a: Toxapex|brn\n|\n|-damage|p2a: Toxapex|285\/303 brn|[from] brn\n|-damage|p1a: Ditto|228\/300 brn|[from] brn\n|upkeep\n|turn|216\n|\n|switch|p2a: Sableye|Sableye-Mega, M|218\/303\n|switch|p1a: Sableye|Sableye-Mega, M|251\/303\n|\n|upkeep\n|turn|217\n|\n|switch|p2a: Toxapex|Toxapex, F|303\/303 brn\n|switch|p1a: Ditto|Ditto|228\/300 brn\n|-transform|p1a: Ditto|p2a: Toxapex|[from] ability: Imposter\n|\n|-damage|p2a: Toxapex|285\/303 brn|[from] brn\n|-damage|p1a: Ditto|210\/300 brn|[from] brn\n|upkeep\n|turn|218\n|inactive|eigenvlue has 90 seconds left.\n|\n|switch|p2a: Chansey|Chansey, F|466\/703\n|move|p1a: Ditto|Scald|p2a: Chansey\n|-damage|p2a: Chansey|430\/703\n|\n|-damage|p1a: Ditto|192\/300 brn|[from] brn\n|upkeep\n|turn|219\n|\n|move|p2a: Chansey|Seismic Toss|p1a: Ditto\n|-damage|p1a: Ditto|92\/300 brn\n|move|p1a: Ditto|Scald|p2a: Chansey\n|-damage|p2a: Chansey|394\/703\n|\n|-damage|p1a: Ditto|74\/300 brn|[from] brn\n|upkeep\n|turn|220\n|\n|switch|p2a: Sableye|Sableye-Mega, M|218\/303\n|switch|p1a: Sableye|Sableye-Mega, M|251\/303\n|\n|upkeep\n|turn|221\n|\n|switch|p2a: Toxapex|Toxapex, F|303\/303 brn\n|switch|p1a: Ditto|Ditto|174\/300 brn\n|-transform|p1a: Ditto|p2a: Toxapex|[from] ability: Imposter\n|\n|-damage|p2a: Toxapex|285\/303 brn|[from] brn\n|-damage|p1a: Ditto|156\/300 brn|[from] brn\n|upkeep\n|turn|222\n|\n|switch|p1a: Chansey|Chansey, F|651\/687\n|switch|p2a: Chansey|Chansey, F|394\/703\n|\n|upkeep\n|turn|223\n|\n|switch|p1a: Sableye|Sableye-Mega, M|251\/303\n|move|p2a: Chansey|Soft-Boiled|p2a: Chansey\n|-heal|p2a: Chansey|703\/703\n|\n|upkeep\n|turn|224\n|\n|switch|p2a: Toxapex|Toxapex, F|303\/303 brn\n|switch|p1a: Ditto|Ditto|256\/300 brn\n|-transform|p1a: Ditto|p2a: Toxapex|[from] ability: Imposter\n|\n|-damage|p2a: Toxapex|285\/303 brn|[from] brn\n|-damage|p1a: Ditto|238\/300 brn|[from] brn\n|upkeep\n|turn|225\n|\n|switch|p2a: Chansey|Chansey, F|703\/703\n|switch|p1a: Chansey|Chansey, F|651\/687\n|\n|upkeep\n|turn|226\n|\n|switch|p1a: Sableye|Sableye-Mega, M|251\/303\n|switch|p2a: Sableye|Sableye-Mega, M|218\/303\n|\n|upkeep\n|turn|227\n|\n|switch|p2a: Toxapex|Toxapex, F|303\/303 brn\n|switch|p1a: Ditto|Ditto|300\/300 brn\n|-transform|p1a: Ditto|p2a: Toxapex|[from] ability: Imposter\n|\n|-damage|p2a: Toxapex|285\/303 brn|[from] brn\n|-damage|p1a: Ditto|282\/300 brn|[from] brn\n|upkeep\n|turn|228\n|\n|switch|p2a: Chansey|Chansey, F|703\/703\n|switch|p1a: Zapdos|Zapdos|360\/383 tox\n|\n|-heal|p1a: Zapdos|383\/383 tox|[from] item: Leftovers\n|-damage|p1a: Zapdos|360\/383 tox|[from] psn\n|upkeep\n|turn|229\n|\n|switch|p1a: Sableye|Sableye-Mega, M|251\/303\n|switch|p2a: Toxapex|Toxapex, F|303\/303 brn\n|\n|-damage|p2a: Toxapex|285\/303 brn|[from] brn\n|upkeep\n|turn|230\n|inactive|JoeyOwesMeMoney has 120 seconds left.\n|inactive|JoeyOwesMeMoney has 90 seconds left.\n|inactive|JoeyOwesMeMoney has 60 seconds left.\n|inactive|JoeyOwesMeMoney has 30 seconds left.\n|inactive|JoeyOwesMeMoney has 20 seconds left.\n|inactive|JoeyOwesMeMoney has 15 seconds left.\n|inactive|JoeyOwesMeMoney has 10 seconds left.\n|inactive|JoeyOwesMeMoney has 5 seconds left.\n|\n|switch|p2a: Sableye|Sableye-Mega, M|218\/303\n|move|p1a: Sableye|Protect||[still]\n|-fail|p1a: Sableye\n|\n|upkeep\n|turn|231\n|inactive|JoeyOwesMeMoney has 10 seconds left this turn.\n|\n|switch|p2a: Toxapex|Toxapex, F|303\/303 brn\n|switch|p1a: Ditto|Ditto|300\/300 brn\n|-transform|p1a: Ditto|p2a: Toxapex|[from] ability: Imposter\n|\n|-damage|p2a: Toxapex|285\/303 brn|[from] brn\n|-damage|p1a: Ditto|282\/300 brn|[from] brn\n|upkeep\n|turn|232\n|inactive|JoeyOwesMeMoney has 10 seconds left this turn.\n|\n|switch|p2a: Chansey|Chansey, F|703\/703\n|move|p1a: Ditto|Scald|p2a: Chansey\n|-damage|p2a: Chansey|666\/703\n|-status|p2a: Chansey|brn\n|\n|-damage|p2a: Chansey|623\/703 brn|[from] brn\n|-damage|p1a: Ditto|264\/300 brn|[from] brn\n|upkeep\n|turn|233\n|inactive|JoeyOwesMeMoney has 15 seconds left this turn.\n|\n|-curestatus|p2a: Chansey|brn|[from] ability: Natural Cure\n|switch|p2a: Toxapex|Toxapex, F|303\/303 brn\n|switch|p1a: Sableye|Sableye-Mega, M|251\/303\n|\n|-damage|p2a: Toxapex|285\/303 brn|[from] brn\n|upkeep\n|turn|234\n|inactive|JoeyOwesMeMoney has 15 seconds left this turn.\n|\n|switch|p2a: Sableye|Sableye-Mega, M|218\/303\n|move|p1a: Sableye|Knock Off|p2a: Sableye\n|-damage|p2a: Sableye|163\/303\n|\n|upkeep\n|turn|235\n|inactive|JoeyOwesMeMoney has 20 seconds left this turn.\n|\n|switch|p2a: Toxapex|Toxapex, F|303\/303 brn\n|switch|p1a: Ditto|Ditto|300\/300 brn\n|-transform|p1a: Ditto|p2a: Toxapex|[from] ability: Imposter\n|\n|-damage|p2a: Toxapex|285\/303 brn|[from] brn\n|-damage|p1a: Ditto|282\/300 brn|[from] brn\n|upkeep\n|turn|236\n|inactive|JoeyOwesMeMoney has 20 seconds left this turn.\n|\n|switch|p2a: Chansey|Chansey, F|623\/703\n|switch|p1a: Chansey|Chansey, F|651\/687\n|\n|upkeep\n|turn|237\n|inactive|JoeyOwesMeMoney has 25 seconds left this turn.\n|\n|switch|p2a: Sableye|Sableye-Mega, M|163\/303\n|move|p1a: Chansey|Seismic Toss|p2a: Sableye\n|-immune|p2a: Sableye\n|\n|upkeep\n|turn|238\n|inactive|JoeyOwesMeMoney has 25 seconds left this turn.\n|\n|switch|p1a: Ditto|Ditto|300\/300 brn\n|-transform|p1a: Ditto|p2a: Sableye|[from] ability: Imposter\n|switch|p2a: Toxapex|Toxapex, F|303\/303 brn\n|\n|-damage|p2a: Toxapex|285\/303 brn|[from] brn\n|-damage|p1a: Ditto|282\/300 brn|[from] brn\n|upkeep\n|turn|239\n|inactive|JoeyOwesMeMoney has 30 seconds left this turn.\n|\n|switch|p2a: Sableye|Sableye-Mega, M|163\/303\n|move|p1a: Ditto|Will-O-Wisp|p2a: Sableye\n|move|p2a: Sableye|Will-O-Wisp|p1a: Ditto|[from]Magic Bounce\n|-fail|p1a: Ditto|brn\n|\n|-damage|p1a: Ditto|264\/300 brn|[from] brn\n|upkeep\n|turn|240\n|inactive|JoeyOwesMeMoney has 30 seconds left this turn.\n|\n|move|p1a: Ditto|Knock Off|p2a: Sableye\n|-crit|p2a: Sableye\n|-damage|p2a: Sableye|123\/303\n|move|p2a: Sableye|Recover|p2a: Sableye\n|-heal|p2a: Sableye|275\/303\n|\n|-damage|p1a: Ditto|246\/300 brn|[from] brn\n|upkeep\n|turn|241\n|\n|switch|p2a: Toxapex|Toxapex, F|303\/303 brn\n|move|p1a: Ditto|Protect||[still]\n|-fail|p1a: Ditto\n|\n|-damage|p2a: Toxapex|285\/303 brn|[from] brn\n|-damage|p1a: Ditto|228\/300 brn|[from] brn\n|upkeep\n|turn|242\n|\n|switch|p2a: Sableye|Sableye-Mega, M|275\/303\n|move|p1a: Ditto|Will-O-Wisp|p2a: Sableye\n|move|p2a: Sableye|Will-O-Wisp|p1a: Ditto|[from]Magic Bounce\n|-fail|p1a: Ditto|brn\n|\n|-damage|p1a: Ditto|210\/300 brn|[from] brn\n|upkeep\n|turn|243\n|\n|switch|p2a: Toxapex|Toxapex, F|303\/303 brn\n|move|p1a: Ditto|Knock Off|p2a: Toxapex\n|-damage|p2a: Toxapex|284\/303 brn\n|\n|-damage|p2a: Toxapex|266\/303 brn|[from] brn\n|-damage|p1a: Ditto|192\/300 brn|[from] brn\n|upkeep\n|turn|244\n|\n|switch|p2a: Sableye|Sableye-Mega, M|275\/303\n|move|p1a: Ditto|Protect||[still]\n|-fail|p1a: Ditto\n|\n|-damage|p1a: Ditto|174\/300 brn|[from] brn\n|upkeep\n|turn|245\n|\n|switch|p2a: Toxapex|Toxapex, F|303\/303 brn\n|move|p1a: Ditto|Will-O-Wisp|p2a: Toxapex\n|-fail|p2a: Toxapex|brn\n|\n|-damage|p2a: Toxapex|285\/303 brn|[from] brn\n|-damage|p1a: Ditto|156\/300 brn|[from] brn\n|upkeep\n|turn|246\n|\n|switch|p2a: Sableye|Sableye-Mega, M|275\/303\n|move|p1a: Ditto|Recover|p1a: Ditto\n|-heal|p1a: Ditto|300\/300 brn\n|\n|-damage|p1a: Ditto|282\/300 brn|[from] brn\n|upkeep\n|turn|247\n|\n|switch|p2a: Toxapex|Toxapex, F|303\/303 brn\n|move|p1a: Ditto|Will-O-Wisp|p2a: Toxapex\n|-fail|p2a: Toxapex|brn\n|\n|-damage|p2a: Toxapex|285\/303 brn|[from] brn\n|-damage|p1a: Ditto|264\/300 brn|[from] brn\n|upkeep\n|turn|248\n|\n|move|p2a: Toxapex|Haze|p2a: Toxapex\n|-clearallboost\n|move|p1a: Ditto|Knock Off|p2a: Toxapex\n|-damage|p2a: Toxapex|266\/303 brn\n|\n|-damage|p2a: Toxapex|248\/303 brn|[from] brn\n|-damage|p1a: Ditto|246\/300 brn|[from] brn\n|upkeep\n|turn|249\n|\n|move|p1a: Ditto|Protect|p1a: Ditto\n|-singleturn|p1a: Ditto|Protect\n|move|p2a: Toxapex|Haze|p2a: Toxapex\n|-clearallboost\n|\n|-damage|p2a: Toxapex|230\/303 brn|[from] brn\n|-damage|p1a: Ditto|228\/300 brn|[from] brn\n|upkeep\n|turn|250\n|\n|switch|p2a: Sableye|Sableye-Mega, M|275\/303\n|move|p1a: Ditto|Recover|p1a: Ditto\n|-heal|p1a: Ditto|300\/300 brn\n|\n|-damage|p1a: Ditto|282\/300 brn|[from] brn\n|upkeep\n|turn|251\n|\n|switch|p2a: Toxapex|Toxapex, F|303\/303 brn\n|move|p1a: Ditto|Protect||[still]\n|-fail|p1a: Ditto\n|\n|-damage|p2a: Toxapex|285\/303 brn|[from] brn\n|-damage|p1a: Ditto|264\/300 brn|[from] brn\n|upkeep\n|turn|252\n|\n|switch|p2a: Sableye|Sableye-Mega, M|275\/303\n|switch|p1a: Zapdos|Zapdos|360\/383 tox\n|\n|-heal|p1a: Zapdos|383\/383 tox|[from] item: Leftovers\n|-damage|p1a: Zapdos|360\/383 tox|[from] psn\n|upkeep\n|turn|253\n|inactive|eigenvlue has 90 seconds left.\n|\n|switch|p1a: Ditto|Ditto|264\/300 brn\n|-transform|p1a: Ditto|p2a: Sableye|[from] ability: Imposter\n|switch|p2a: Toxapex|Toxapex, F|303\/303 brn\n|\n|-damage|p2a: Toxapex|285\/303 brn|[from] brn\n|-damage|p1a: Ditto|246\/300 brn|[from] brn\n|upkeep\n|turn|254\n|\n|switch|p2a: Sableye|Sableye-Mega, M|275\/303\n|move|p1a: Ditto|Knock Off|p2a: Sableye\n|-damage|p2a: Sableye|248\/303\n|\n|-damage|p1a: Ditto|228\/300 brn|[from] brn\n|upkeep\n|turn|255\n|\n|switch|p2a: Toxapex|Toxapex, F|303\/303 brn\n|move|p1a: Ditto|Will-O-Wisp|p2a: Toxapex\n|-fail|p2a: Toxapex|brn\n|\n|-damage|p2a: Toxapex|285\/303 brn|[from] brn\n|-damage|p1a: Ditto|210\/300 brn|[from] brn\n|upkeep\n|turn|256\n|\n|switch|p2a: Sableye|Sableye-Mega, M|248\/303\n|move|p1a: Ditto|Protect||[still]\n|-fail|p1a: Ditto\n|\n|-damage|p1a: Ditto|192\/300 brn|[from] brn\n|upkeep\n|turn|257\n|\n|switch|p2a: Toxapex|Toxapex, F|303\/303 brn\n|move|p1a: Ditto|Knock Off|p2a: Toxapex\n|-damage|p2a: Toxapex|284\/303 brn\n|\n|-damage|p2a: Toxapex|266\/303 brn|[from] brn\n|-damage|p1a: Ditto|174\/300 brn|[from] brn\n|upkeep\n|turn|258\n|\n|switch|p2a: Sableye|Sableye-Mega, M|248\/303\n|move|p1a: Ditto|Recover|p1a: Ditto\n|-heal|p1a: Ditto|300\/300 brn\n|\n|-damage|p1a: Ditto|282\/300 brn|[from] brn\n|upkeep\n|turn|259\n|\n|switch|p2a: Toxapex|Toxapex, F|303\/303 brn\n|move|p1a: Ditto|Will-O-Wisp|p2a: Toxapex\n|-fail|p2a: Toxapex|brn\n|\n|-damage|p2a: Toxapex|285\/303 brn|[from] brn\n|-damage|p1a: Ditto|264\/300 brn|[from] brn\n|upkeep\n|turn|260\n|\n|switch|p2a: Sableye|Sableye-Mega, M|248\/303\n|move|p1a: Ditto|Knock Off|p2a: Sableye\n|-crit|p2a: Sableye\n|-damage|p2a: Sableye|205\/303\n|\n|-damage|p1a: Ditto|246\/300 brn|[from] brn\n|upkeep\n|turn|261\n|\n|switch|p2a: Toxapex|Toxapex, F|303\/303 brn\n|move|p1a: Ditto|Protect||[still]\n|-fail|p1a: Ditto\n|\n|-damage|p2a: Toxapex|285\/303 brn|[from] brn\n|-damage|p1a: Ditto|228\/300 brn|[from] brn\n|upkeep\n|turn|262\n|\n|switch|p2a: Sableye|Sableye-Mega, M|205\/303\n|move|p1a: Ditto|Will-O-Wisp|p2a: Sableye\n|move|p2a: Sableye|Will-O-Wisp|p1a: Ditto|[from]Magic Bounce\n|-fail|p1a: Ditto|brn\n|\n|-damage|p1a: Ditto|210\/300 brn|[from] brn\n|upkeep\n|turn|263\n|\n|switch|p2a: Toxapex|Toxapex, F|303\/303 brn\n|move|p1a: Ditto|Recover|p1a: Ditto\n|-heal|p1a: Ditto|300\/300 brn\n|\n|-damage|p2a: Toxapex|285\/303 brn|[from] brn\n|-damage|p1a: Ditto|282\/300 brn|[from] brn\n|upkeep\n|turn|264\n|\n|switch|p2a: Sableye|Sableye-Mega, M|205\/303\n|move|p1a: Ditto|Knock Off|p2a: Sableye\n|-damage|p2a: Sableye|178\/303\n|\n|-damage|p1a: Ditto|264\/300 brn|[from] brn\n|upkeep\n|turn|265\n|\n|switch|p2a: Toxapex|Toxapex, F|303\/303 brn\n|move|p1a: Ditto|Will-O-Wisp|p2a: Toxapex\n|-fail|p2a: Toxapex|brn\n|\n|-damage|p2a: Toxapex|285\/303 brn|[from] brn\n|-damage|p1a: Ditto|246\/300 brn|[from] brn\n|upkeep\n|turn|266\n|\n|move|p1a: Ditto|Protect|p1a: Ditto\n|-singleturn|p1a: Ditto|Protect\n|move|p2a: Toxapex|Haze|p2a: Toxapex\n|-clearallboost\n|\n|-damage|p2a: Toxapex|267\/303 brn|[from] brn\n|-damage|p1a: Ditto|228\/300 brn|[from] brn\n|upkeep\n|turn|267\n|\n|switch|p2a: Sableye|Sableye-Mega, M|178\/303\n|move|p1a: Ditto|Knock Off|p2a: Sableye\n|-damage|p2a: Sableye|148\/303\n|\n|-damage|p1a: Ditto|210\/300 brn|[from] brn\n|upkeep\n|turn|268\n|\n|move|p1a: Ditto|Will-O-Wisp|p2a: Sableye\n|move|p2a: Sableye|Will-O-Wisp|p1a: Ditto|[from]Magic Bounce\n|-fail|p1a: Ditto|brn\n|move|p2a: Sableye|Recover|p2a: Sableye\n|-heal|p2a: Sableye|300\/303\n|\n|-damage|p1a: Ditto|192\/300 brn|[from] brn\n|upkeep\n|turn|269\n|inactive|eigenvlue has 120 seconds left.\n|\n|switch|p2a: Toxapex|Toxapex, F|303\/303 brn\n|move|p1a: Ditto|Recover|p1a: Ditto\n|-heal|p1a: Ditto|300\/300 brn\n|\n|-damage|p2a: Toxapex|285\/303 brn|[from] brn\n|-damage|p1a: Ditto|282\/300 brn|[from] brn\n|upkeep\n|turn|270\n|\n|switch|p2a: Sableye|Sableye-Mega, M|300\/303\n|switch|p1a: Chansey|Chansey, F|651\/687\n|\n|upkeep\n|turn|271\n|\n|switch|p1a: Ditto|Ditto|282\/300 brn\n|-transform|p1a: Ditto|p2a: Sableye|[from] ability: Imposter\n|switch|p2a: Skarmory|Skarmory, F|258\/333\n|\n|-damage|p1a: Ditto|264\/300 brn|[from] brn\n|upkeep\n|turn|272\n|\n|switch|p2a: Toxapex|Toxapex, F|303\/303 brn\n|move|p1a: Ditto|Will-O-Wisp|p2a: Toxapex\n|-fail|p2a: Toxapex|brn\n|\n|-damage|p2a: Toxapex|285\/303 brn|[from] brn\n|-damage|p1a: Ditto|246\/300 brn|[from] brn\n|upkeep\n|turn|273\n|\n|switch|p2a: Sableye|Sableye-Mega, M|300\/303\n|move|p1a: Ditto|Knock Off|p2a: Sableye\n|-damage|p2a: Sableye|275\/303\n|\n|-damage|p1a: Ditto|228\/300 brn|[from] brn\n|upkeep\n|turn|274\n|\n|switch|p2a: Toxapex|Toxapex, F|303\/303 brn\n|move|p1a: Ditto|Protect||[still]\n|-fail|p1a: Ditto\n|\n|-damage|p2a: Toxapex|285\/303 brn|[from] brn\n|-damage|p1a: Ditto|210\/300 brn|[from] brn\n|upkeep\n|turn|275\n|\n|switch|p2a: Sableye|Sableye-Mega, M|275\/303\n|move|p1a: Ditto|Will-O-Wisp|p2a: Sableye\n|move|p2a: Sableye|Will-O-Wisp|p1a: Ditto|[from]Magic Bounce\n|-fail|p1a: Ditto|brn\n|\n|-damage|p1a: Ditto|192\/300 brn|[from] brn\n|upkeep\n|turn|276\n|\n|switch|p2a: Toxapex|Toxapex, F|303\/303 brn\n|move|p1a: Ditto|Knock Off|p2a: Toxapex\n|-crit|p2a: Toxapex\n|-damage|p2a: Toxapex|274\/303 brn\n|\n|-damage|p2a: Toxapex|256\/303 brn|[from] brn\n|-damage|p1a: Ditto|174\/300 brn|[from] brn\n|upkeep\n|turn|277\n|\n|switch|p2a: Sableye|Sableye-Mega, M|275\/303\n|move|p1a: Ditto|Knock Off|p2a: Sableye\n|-damage|p2a: Sableye|248\/303\n|\n|-damage|p1a: Ditto|156\/300 brn|[from] brn\n|upkeep\n|turn|278\n|\n|switch|p2a: Toxapex|Toxapex, F|303\/303 brn\n|move|p1a: Ditto|Recover|p1a: Ditto\n|-heal|p1a: Ditto|300\/300 brn\n|\n|-damage|p2a: Toxapex|285\/303 brn|[from] brn\n|-damage|p1a: Ditto|282\/300 brn|[from] brn\n|upkeep\n|turn|279\n|\n|switch|p2a: Sableye|Sableye-Mega, M|248\/303\n|move|p1a: Ditto|Protect||[still]\n|-fail|p1a: Ditto\n|\n|-damage|p1a: Ditto|264\/300 brn|[from] brn\n|upkeep\n|turn|280\n|\n|switch|p2a: Toxapex|Toxapex, F|303\/303 brn\n|move|p1a: Ditto|Will-O-Wisp|p2a: Toxapex\n|-fail|p2a: Toxapex|brn\n|\n|-damage|p2a: Toxapex|285\/303 brn|[from] brn\n|-damage|p1a: Ditto|246\/300 brn|[from] brn\n|upkeep\n|turn|281\n|\n|switch|p2a: Sableye|Sableye-Mega, M|248\/303\n|move|p1a: Ditto|Knock Off|p2a: Sableye\n|-damage|p2a: Sableye|222\/303\n|\n|-damage|p1a: Ditto|228\/300 brn|[from] brn\n|upkeep\n|turn|282\n|\n|switch|p2a: Toxapex|Toxapex, F|303\/303 brn\n|move|p1a: Ditto|Will-O-Wisp|p2a: Toxapex|[miss]\n|-miss|p1a: Ditto|p2a: Toxapex\n|\n|-damage|p2a: Toxapex|285\/303 brn|[from] brn\n|-damage|p1a: Ditto|210\/300 brn|[from] brn\n|upkeep\n|turn|283\n|\n|switch|p2a: Sableye|Sableye-Mega, M|222\/303\n|move|p1a: Ditto|Protect||[still]\n|-fail|p1a: Ditto\n|\n|-damage|p1a: Ditto|192\/300 brn|[from] brn\n|upkeep\n|turn|284\n|\n|switch|p2a: Toxapex|Toxapex, F|303\/303 brn\n|move|p1a: Ditto|Recover|p1a: Ditto\n|-heal|p1a: Ditto|300\/300 brn\n|\n|-damage|p2a: Toxapex|285\/303 brn|[from] brn\n|-damage|p1a: Ditto|282\/300 brn|[from] brn\n|upkeep\n|turn|285\n|\n|switch|p2a: Sableye|Sableye-Mega, M|222\/303\n|move|p1a: Ditto|Knock Off|p2a: Sableye\n|-damage|p2a: Sableye|195\/303\n|\n|-damage|p1a: Ditto|264\/300 brn|[from] brn\n|upkeep\n|turn|286\n|\n|switch|p2a: Toxapex|Toxapex, F|303\/303 brn\n|switch|p1a: Zapdos|Zapdos|360\/383 tox\n|\n|-heal|p1a: Zapdos|383\/383 tox|[from] item: Leftovers\n|-damage|p1a: Zapdos|360\/383 tox|[from] psn\n|-damage|p2a: Toxapex|285\/303 brn|[from] brn\n|upkeep\n|turn|287\n|inactive|JoeyOwesMeMoney has 120 seconds left.\n|inactive|JoeyOwesMeMoney has 90 seconds left.\n|inactive|JoeyOwesMeMoney has 60 seconds left.\n|inactive|JoeyOwesMeMoney has 30 seconds left.\n|inactive|JoeyOwesMeMoney has 20 seconds left.\n|inactive|JoeyOwesMeMoney has 15 seconds left.\n|\n|move|p1a: Zapdos|Volt Switch|p2a: Toxapex\n|-supereffective|p2a: Toxapex\n|-damage|p2a: Toxapex|139\/303 brn\n|inactive|JoeyOwesMeMoney has 15 seconds left this turn.\n|inactive|eigenvlue has 120 seconds left.\n|\n|switch|p1a: Ditto|Ditto|264\/300 brn\n|-transform|p1a: Ditto|p2a: Toxapex|[from] ability: Imposter\n|move|p2a: Toxapex|Scald|p1a: Ditto\n|-resisted|p1a: Ditto\n|-damage|p1a: Ditto|243\/300 brn\n|\n|-damage|p2a: Toxapex|121\/303 brn|[from] brn\n|-damage|p1a: Ditto|225\/300 brn|[from] brn\n|upkeep\n|turn|288\n|inactive|JoeyOwesMeMoney has 20 seconds left this turn.\n|\n|switch|p1a: Chansey|Chansey, F|651\/687\n|switch|p2a: Chansey|Chansey, F|623\/703\n|\n|upkeep\n|turn|289\n|inactive|JoeyOwesMeMoney has 20 seconds left this turn.\n|\n|switch|p2a: Sableye|Sableye-Mega, M|195\/303\n|switch|p1a: Sableye|Sableye-Mega, M|251\/303\n|\n|upkeep\n|turn|290\n|inactive|JoeyOwesMeMoney has 25 seconds left this turn.\n|\n|switch|p2a: Toxapex|Toxapex, F|222\/303 brn\n|switch|p1a: Zapdos|Zapdos|360\/383 tox\n|\n|-heal|p1a: Zapdos|383\/383 tox|[from] item: Leftovers\n|-damage|p1a: Zapdos|360\/383 tox|[from] psn\n|-damage|p2a: Toxapex|204\/303 brn|[from] brn\n|upkeep\n|turn|291\n|inactive|JoeyOwesMeMoney has 25 seconds left this turn.\n|\n|switch|p2a: Sableye|Sableye-Mega, M|195\/303\n|move|p1a: Zapdos|Volt Switch|p2a: Sableye\n|-damage|p2a: Sableye|129\/303\n|inactive|JoeyOwesMeMoney has 30 seconds left this turn.\n|\n|switch|p1a: Ditto|Ditto|300\/300 brn\n|-transform|p1a: Ditto|p2a: Sableye|[from] ability: Imposter\n|\n|-damage|p1a: Ditto|282\/300 brn|[from] brn\n|upkeep\n|turn|292\n|inactive|JoeyOwesMeMoney has 30 seconds left this turn.\n|\n|move|p2a: Sableye|Recover|p2a: Sableye\n|-heal|p2a: Sableye|281\/303\n|move|p1a: Ditto|Knock Off|p2a: Sableye\n|-damage|p2a: Sableye|253\/303\n|\n|-damage|p1a: Ditto|264\/300 brn|[from] brn\n|upkeep\n|turn|293\n|\n|switch|p2a: Toxapex|Toxapex, F|303\/303 brn\n|move|p1a: Ditto|Will-O-Wisp|p2a: Toxapex\n|-fail|p2a: Toxapex|brn\n|\n|-damage|p2a: Toxapex|285\/303 brn|[from] brn\n|-damage|p1a: Ditto|246\/300 brn|[from] brn\n|upkeep\n|turn|294\n|\n|switch|p2a: Sableye|Sableye-Mega, M|253\/303\n|move|p1a: Ditto|Protect||[still]\n|-fail|p1a: Ditto\n|\n|-damage|p1a: Ditto|228\/300 brn|[from] brn\n|upkeep\n|turn|295\n|\n|switch|p2a: Toxapex|Toxapex, F|303\/303 brn\n|move|p1a: Ditto|Will-O-Wisp|p2a: Toxapex\n|-fail|p2a: Toxapex|brn\n|\n|-damage|p2a: Toxapex|285\/303 brn|[from] brn\n|-damage|p1a: Ditto|210\/300 brn|[from] brn\n|upkeep\n|turn|296\n|\n|switch|p2a: Sableye|Sableye-Mega, M|253\/303\n|move|p1a: Ditto|Knock Off|p2a: Sableye\n|-damage|p2a: Sableye|223\/303\n|\n|-damage|p1a: Ditto|192\/300 brn|[from] brn\n|upkeep\n|turn|297\n|\n|switch|p2a: Toxapex|Toxapex, F|303\/303 brn\n|move|p1a: Ditto|Recover|p1a: Ditto\n|-heal|p1a: Ditto|300\/300 brn\n|\n|-damage|p2a: Toxapex|285\/303 brn|[from] brn\n|-damage|p1a: Ditto|282\/300 brn|[from] brn\n|upkeep\n|turn|298\n|\n|switch|p2a: Sableye|Sableye-Mega, M|223\/303\n|move|p1a: Ditto|Knock Off|p2a: Sableye\n|-damage|p2a: Sableye|195\/303\n|\n|-damage|p1a: Ditto|264\/300 brn|[from] brn\n|upkeep\n|turn|299\n|\n|switch|p2a: Toxapex|Toxapex, F|303\/303 brn\n|move|p1a: Ditto|Will-O-Wisp|p2a: Toxapex\n|-fail|p2a: Toxapex|brn\n|\n|-damage|p2a: Toxapex|285\/303 brn|[from] brn\n|-damage|p1a: Ditto|246\/300 brn|[from] brn\n|upkeep\n|turn|300\n|\n|switch|p2a: Sableye|Sableye-Mega, M|195\/303\n|move|p1a: Ditto|Protect||[still]\n|-fail|p1a: Ditto\n|\n|-damage|p1a: Ditto|228\/300 brn|[from] brn\n|upkeep\n|turn|301\n|inactive|eigenvlue has 120 seconds left.\n|\n|switch|p2a: Toxapex|Toxapex, F|303\/303 brn\n|move|p1a: Ditto|Will-O-Wisp|p2a: Toxapex\n|-fail|p2a: Toxapex|brn\n|\n|-damage|p2a: Toxapex|285\/303 brn|[from] brn\n|-damage|p1a: Ditto|210\/300 brn|[from] brn\n|upkeep\n|turn|302\n|\n|switch|p2a: Sableye|Sableye-Mega, M|195\/303\n|move|p1a: Ditto|Knock Off|p2a: Sableye\n|-damage|p2a: Sableye|165\/303\n|\n|-damage|p1a: Ditto|192\/300 brn|[from] brn\n|upkeep\n|turn|303\n|\n|switch|p2a: Toxapex|Toxapex, F|303\/303 brn\n|move|p1a: Ditto|Recover|p1a: Ditto\n|-heal|p1a: Ditto|300\/300 brn\n|\n|-damage|p2a: Toxapex|285\/303 brn|[from] brn\n|-damage|p1a: Ditto|282\/300 brn|[from] brn\n|upkeep\n|turn|304\n|\n|switch|p2a: Sableye|Sableye-Mega, M|165\/303\n|move|p1a: Ditto|Protect||[still]\n|-fail|p1a: Ditto\n|\n|-damage|p1a: Ditto|264\/300 brn|[from] brn\n|upkeep\n|turn|305\n|\n|switch|p2a: Toxapex|Toxapex, F|303\/303 brn\n|move|p1a: Ditto|Will-O-Wisp|p2a: Toxapex\n|-fail|p2a: Toxapex|brn\n|\n|-damage|p2a: Toxapex|285\/303 brn|[from] brn\n|-damage|p1a: Ditto|246\/300 brn|[from] brn\n|upkeep\n|turn|306\n|\n|move|p2a: Toxapex|Haze|p2a: Toxapex\n|-clearallboost\n|move|p1a: Ditto|Knock Off|p2a: Toxapex\n|-damage|p2a: Toxapex|265\/303 brn\n|\n|-damage|p2a: Toxapex|247\/303 brn|[from] brn\n|-damage|p1a: Ditto|228\/300 brn|[from] brn\n|upkeep\n|turn|307\n|\n|switch|p2a: Sableye|Sableye-Mega, M|165\/303\n|move|p1a: Ditto|Recover|p1a: Ditto\n|-heal|p1a: Ditto|300\/300 brn\n|\n|-damage|p1a: Ditto|282\/300 brn|[from] brn\n|upkeep\n|turn|308\n|\n|switch|p2a: Magnezone|Magnezone|190\/281\n|move|p1a: Ditto|Protect||[still]\n|-fail|p1a: Ditto\n|\n|-damage|p1a: Ditto|264\/300 brn|[from] brn\n|upkeep\n|turn|309\n|inactive|eigenvlue has 120 seconds left.\n|\n|switch|p2a: Toxapex|Toxapex, F|303\/303 brn\n|move|p1a: Ditto|Recover|p1a: Ditto\n|-heal|p1a: Ditto|300\/300 brn\n|\n|-damage|p2a: Toxapex|285\/303 brn|[from] brn\n|-damage|p1a: Ditto|282\/300 brn|[from] brn\n|upkeep\n|turn|310\n|\n|switch|p2a: Sableye|Sableye-Mega, M|165\/303\n|move|p1a: Ditto|Protect||[still]\n|-fail|p1a: Ditto\n|\n|-damage|p1a: Ditto|264\/300 brn|[from] brn\n|upkeep\n|turn|311\n|\n|switch|p1a: Sableye|Sableye-Mega, M|251\/303\n|switch|p2a: Magnezone|Magnezone|190\/281\n|\n|upkeep\n|turn|312\n|\n|switch|p2a: Toxapex|Toxapex, F|303\/303 brn\n|switch|p1a: Chansey|Chansey, F|651\/687\n|\n|-damage|p2a: Toxapex|285\/303 brn|[from] brn\n|upkeep\n|turn|313\n|\n|switch|p2a: Sableye|Sableye-Mega, M|165\/303\n|move|p1a: Chansey|Seismic Toss|p2a: Sableye\n|-immune|p2a: Sableye\n|\n|upkeep\n|turn|314\n|\n|switch|p1a: Ditto|Ditto|264\/300 brn\n|-transform|p1a: Ditto|p2a: Sableye|[from] ability: Imposter\n|move|p2a: Sableye|Recover|p2a: Sableye\n|-heal|p2a: Sableye|303\/303\n|\n|-damage|p1a: Ditto|246\/300 brn|[from] brn\n|upkeep\n|turn|315\n|\n|switch|p2a: Toxapex|Toxapex, F|303\/303 brn\n|move|p1a: Ditto|Will-O-Wisp|p2a: Toxapex\n|-fail|p2a: Toxapex|brn\n|\n|-damage|p2a: Toxapex|285\/303 brn|[from] brn\n|-damage|p1a: Ditto|228\/300 brn|[from] brn\n|upkeep\n|turn|316\n|\n|move|p2a: Toxapex|Haze|p2a: Toxapex\n|-clearallboost\n|move|p1a: Ditto|Knock Off|p2a: Toxapex\n|-damage|p2a: Toxapex|266\/303 brn\n|\n|-damage|p2a: Toxapex|248\/303 brn|[from] brn\n|-damage|p1a: Ditto|210\/300 brn|[from] brn\n|upkeep\n|turn|317\n|\n|switch|p2a: Sableye|Sableye-Mega, M|303\/303\n|move|p1a: Ditto|Protect||[still]\n|-fail|p1a: Ditto\n|\n|-damage|p1a: Ditto|192\/300 brn|[from] brn\n|upkeep\n|turn|318\n|\n|switch|p2a: Toxapex|Toxapex, F|303\/303 brn\n|move|p1a: Ditto|Recover|p1a: Ditto\n|-heal|p1a: Ditto|300\/300 brn\n|\n|-damage|p2a: Toxapex|285\/303 brn|[from] brn\n|-damage|p1a: Ditto|282\/300 brn|[from] brn\n|upkeep\n|turn|319\n|\n|move|p2a: Toxapex|Scald|p1a: Ditto\n|-damage|p1a: Ditto|245\/300 brn\n|move|p1a: Ditto|Knock Off|p2a: Toxapex\n|-damage|p2a: Toxapex|267\/303 brn\n|\n|-damage|p2a: Toxapex|249\/303 brn|[from] brn\n|-damage|p1a: Ditto|227\/300 brn|[from] brn\n|upkeep\n|turn|320\n|\n|switch|p2a: Chansey|Chansey, F|623\/703\n|move|p1a: Ditto|Knock Off|p2a: Chansey\n|-damage|p2a: Chansey|560\/703\n|-enditem|p2a: Chansey|Eviolite|[from] move: Knock Off|[of] p1a: Ditto\n|\n|-damage|p1a: Ditto|209\/300 brn|[from] brn\n|upkeep\n|turn|321\n|\n|switch|p2a: Sableye|Sableye-Mega, M|303\/303\n|move|p1a: Ditto|Will-O-Wisp|p2a: Sableye\n|move|p2a: Sableye|Will-O-Wisp|p1a: Ditto|[from]Magic Bounce\n|-fail|p1a: Ditto|brn\n|\n|-damage|p1a: Ditto|191\/300 brn|[from] brn\n|upkeep\n|turn|322\n|\n|switch|p2a: Toxapex|Toxapex, F|303\/303 brn\n|move|p1a: Ditto|Protect||[still]\n|-fail|p1a: Ditto\n|\n|-damage|p2a: Toxapex|285\/303 brn|[from] brn\n|-damage|p1a: Ditto|173\/300 brn|[from] brn\n|upkeep\n|turn|323\n|\n|switch|p2a: Sableye|Sableye-Mega, M|303\/303\n|move|p1a: Ditto|Knock Off|p2a: Sableye\n|-damage|p2a: Sableye|276\/303\n|\n|-damage|p1a: Ditto|155\/300 brn|[from] brn\n|upkeep\n|turn|324\n|\n|switch|p2a: Toxapex|Toxapex, F|303\/303 brn\n|move|p1a: Ditto|Recover|p1a: Ditto\n|-heal|p1a: Ditto|300\/300 brn\n|\n|-damage|p2a: Toxapex|285\/303 brn|[from] brn\n|-damage|p1a: Ditto|282\/300 brn|[from] brn\n|upkeep\n|turn|325\n|\n|switch|p2a: Sableye|Sableye-Mega, M|276\/303\n|move|p1a: Ditto|Will-O-Wisp|p2a: Sableye\n|move|p2a: Sableye|Will-O-Wisp|p1a: Ditto|[from]Magic Bounce\n|-fail|p1a: Ditto|brn\n|\n|-damage|p1a: Ditto|264\/300 brn|[from] brn\n|upkeep\n|turn|326\n|\n|switch|p2a: Toxapex|Toxapex, F|303\/303 brn\n|switch|p1a: Zapdos|Zapdos|360\/383 tox\n|\n|-heal|p1a: Zapdos|383\/383 tox|[from] item: Leftovers\n|-damage|p1a: Zapdos|360\/383 tox|[from] psn\n|-damage|p2a: Toxapex|285\/303 brn|[from] brn\n|upkeep\n|turn|327\n|\n|switch|p2a: Sableye|Sableye-Mega, M|276\/303\n|move|p1a: Zapdos|Volt Switch|p2a: Sableye\n|-damage|p2a: Sableye|213\/303\n|\n|switch|p1a: Ditto|Ditto|264\/300 brn\n|-transform|p1a: Ditto|p2a: Sableye|[from] ability: Imposter\n|\n|-damage|p1a: Ditto|246\/300 brn|[from] brn\n|upkeep\n|turn|328\n|\n|switch|p2a: Toxapex|Toxapex, F|303\/303 brn\n|move|p1a: Ditto|Will-O-Wisp|p2a: Toxapex\n|-fail|p2a: Toxapex|brn\n|\n|-damage|p2a: Toxapex|285\/303 brn|[from] brn\n|-damage|p1a: Ditto|228\/300 brn|[from] brn\n|upkeep\n|turn|329\n|inactive|JoeyOwesMeMoney has 120 seconds left.\n|inactive|JoeyOwesMeMoney has 90 seconds left.\n|inactive|JoeyOwesMeMoney has 60 seconds left.\n|inactive|JoeyOwesMeMoney has 30 seconds left.\n|inactive|JoeyOwesMeMoney has 20 seconds left.\n|inactive|JoeyOwesMeMoney has 15 seconds left.\n|inactive|JoeyOwesMeMoney has 10 seconds left.\n|inactive|JoeyOwesMeMoney has 5 seconds left.\n|\n|switch|p2a: Sableye|Sableye-Mega, M|213\/303\n|move|p1a: Ditto|Knock Off|p2a: Sableye\n|-damage|p2a: Sableye|186\/303\n|\n|-damage|p1a: Ditto|210\/300 brn|[from] brn\n|upkeep\n|turn|330\n|inactive|JoeyOwesMeMoney has 10 seconds left this turn.\n|\n|switch|p2a: Toxapex|Toxapex, F|303\/303 brn\n|move|p1a: Ditto|Will-O-Wisp|p2a: Toxapex\n|-fail|p2a: Toxapex|brn\n|\n|-damage|p2a: Toxapex|285\/303 brn|[from] brn\n|-damage|p1a: Ditto|192\/300 brn|[from] brn\n|upkeep\n|turn|331\n|inactive|JoeyOwesMeMoney has 10 seconds left this turn.\n|\n|switch|p2a: Sableye|Sableye-Mega, M|186\/303\n|move|p1a: Ditto|Recover|p1a: Ditto\n|-heal|p1a: Ditto|300\/300 brn\n|\n|-damage|p1a: Ditto|282\/300 brn|[from] brn\n|upkeep\n|turn|332\n|inactive|JoeyOwesMeMoney has 15 seconds left this turn.\n|\n|switch|p2a: Toxapex|Toxapex, F|303\/303 brn\n|move|p1a: Ditto|Protect||[still]\n|-fail|p1a: Ditto\n|\n|-damage|p2a: Toxapex|285\/303 brn|[from] brn\n|-damage|p1a: Ditto|264\/300 brn|[from] brn\n|upkeep\n|turn|333\n|inactive|JoeyOwesMeMoney has 15 seconds left this turn.\n|\n|move|p2a: Toxapex|Haze|p2a: Toxapex\n|-clearallboost\n|move|p1a: Ditto|Knock Off|p2a: Toxapex\n|-damage|p2a: Toxapex|268\/303 brn\n|\n|-damage|p2a: Toxapex|250\/303 brn|[from] brn\n|-damage|p1a: Ditto|246\/300 brn|[from] brn\n|upkeep\n|turn|334\n|inactive|JoeyOwesMeMoney has 20 seconds left this turn.\n|\n|switch|p2a: Sableye|Sableye-Mega, M|186\/303\n|move|p1a: Ditto|Knock Off|p2a: Sableye\n|-damage|p2a: Sableye|158\/303\n|\n|-damage|p1a: Ditto|228\/300 brn|[from] brn\n|upkeep\n|turn|335\n|inactive|JoeyOwesMeMoney has 20 seconds left this turn.\n|\n|switch|p2a: Toxapex|Toxapex, F|303\/303 brn\n|move|p1a: Ditto|Will-O-Wisp|p2a: Toxapex\n|-fail|p2a: Toxapex|brn\n|\n|-damage|p2a: Toxapex|285\/303 brn|[from] brn\n|-damage|p1a: Ditto|210\/300 brn|[from] brn\n|upkeep\n|turn|336\n|inactive|JoeyOwesMeMoney has 25 seconds left this turn.\n|\n|switch|p2a: Sableye|Sableye-Mega, M|158\/303\n|move|p1a: Ditto|Protect||[still]\n|-fail|p1a: Ditto\n|\n|-damage|p1a: Ditto|192\/300 brn|[from] brn\n|upkeep\n|turn|337\n|inactive|JoeyOwesMeMoney has 25 seconds left this turn.\n|\n|switch|p2a: Toxapex|Toxapex, F|303\/303 brn\n|move|p1a: Ditto|Knock Off|p2a: Toxapex\n|-damage|p2a: Toxapex|285\/303 brn\n|\n|-damage|p2a: Toxapex|267\/303 brn|[from] brn\n|-damage|p1a: Ditto|174\/300 brn|[from] brn\n|upkeep\n|turn|338\n|inactive|JoeyOwesMeMoney has 30 seconds left this turn.\n|\n|move|p2a: Toxapex|Haze|p2a: Toxapex\n|-clearallboost\n|move|p1a: Ditto|Recover|p1a: Ditto\n|-heal|p1a: Ditto|300\/300 brn\n|\n|-damage|p2a: Toxapex|249\/303 brn|[from] brn\n|-damage|p1a: Ditto|282\/300 brn|[from] brn\n|upkeep\n|turn|339\n|inactive|JoeyOwesMeMoney has 30 seconds left this turn.\n|\n|move|p2a: Toxapex|Haze|p2a: Toxapex\n|-clearallboost\n|move|p1a: Ditto|Knock Off|p2a: Toxapex\n|-damage|p2a: Toxapex|231\/303 brn\n|\n|-damage|p2a: Toxapex|213\/303 brn|[from] brn\n|-damage|p1a: Ditto|264\/300 brn|[from] brn\n|upkeep\n|turn|340\n|\n|switch|p2a: Sableye|Sableye-Mega, M|158\/303\n|move|p1a: Ditto|Will-O-Wisp|p2a: Sableye\n|move|p2a: Sableye|Will-O-Wisp|p1a: Ditto|[from]Magic Bounce\n|-fail|p1a: Ditto|brn\n|\n|-damage|p1a: Ditto|246\/300 brn|[from] brn\n|upkeep\n|turn|341\n|\n|switch|p2a: Toxapex|Toxapex, F|303\/303 brn\n|switch|p1a: Zapdos|Zapdos|360\/383 tox\n|\n|-heal|p1a: Zapdos|383\/383 tox|[from] item: Leftovers\n|-damage|p1a: Zapdos|360\/383 tox|[from] psn\n|-damage|p2a: Toxapex|285\/303 brn|[from] brn\n|upkeep\n|turn|342\n|\n|move|p1a: Zapdos|Volt Switch|p2a: Toxapex\n|-supereffective|p2a: Toxapex\n|-damage|p2a: Toxapex|141\/303 brn\n|inactive|eigenvlue has 120 seconds left.\n|\n|switch|p1a: Ditto|Ditto|246\/300 brn\n|-transform|p1a: Ditto|p2a: Toxapex|[from] ability: Imposter\n|move|p2a: Toxapex|Scald|p1a: Ditto\n|-resisted|p1a: Ditto\n|-damage|p1a: Ditto|225\/300 brn\n|\n|-damage|p2a: Toxapex|123\/303 brn|[from] brn\n|-damage|p1a: Ditto|207\/300 brn|[from] brn\n|upkeep\n|turn|343\n|inactive|eigenvlue has 120 seconds left.\n|\n|switch|p1a: Chansey|Chansey, F|651\/687\n|switch|p2a: Chansey|Chansey, F|560\/703\n|\n|upkeep\n|turn|344\n|\n|switch|p2a: Sableye|Sableye-Mega, M|158\/303\n|switch|p1a: Sableye|Sableye-Mega, M|251\/303\n|\n|upkeep\n|turn|345\n|inactive|eigenvlue has 120 seconds left.\n|\n|switch|p2a: Toxapex|Toxapex, F|224\/303 brn\n|switch|p1a: Ditto|Ditto|300\/300 brn\n|-transform|p1a: Ditto|p2a: Toxapex|[from] ability: Imposter\n|\n|-damage|p2a: Toxapex|206\/303 brn|[from] brn\n|-damage|p1a: Ditto|282\/300 brn|[from] brn\n|upkeep\n|turn|346\n|\n|switch|p2a: Chansey|Chansey, F|560\/703\n|move|p1a: Ditto|Scald|p2a: Chansey\n|-damage|p2a: Chansey|505\/703\n|-status|p2a: Chansey|brn\n|\n|-damage|p2a: Chansey|462\/703 brn|[from] brn\n|-damage|p1a: Ditto|264\/300 brn|[from] brn\n|upkeep\n|turn|347\n|\n|-curestatus|p2a: Chansey|brn|[from] ability: Natural Cure\n|switch|p2a: Toxapex|Toxapex, F|303\/303 brn\n|switch|p1a: Sableye|Sableye-Mega, M|251\/303\n|\n|-damage|p2a: Toxapex|285\/303 brn|[from] brn\n|upkeep\n|turn|348\n|\n|switch|p1a: Ditto|Ditto|300\/300 brn\n|-transform|p1a: Ditto|p2a: Toxapex|[from] ability: Imposter\n|move|p2a: Toxapex|Scald|p1a: Ditto\n|-resisted|p1a: Ditto\n|-damage|p1a: Ditto|277\/300 brn\n|\n|-damage|p2a: Toxapex|267\/303 brn|[from] brn\n|-damage|p1a: Ditto|259\/300 brn|[from] brn\n|upkeep\n|turn|349\n|\n|switch|p1a: Sableye|Sableye-Mega, M|251\/303\n|switch|p2a: Chansey|Chansey, F|462\/703\n|\n|upkeep\n|turn|350\n|\n|switch|p2a: Toxapex|Toxapex, F|303\/303 brn\n|move|p1a: Sableye|Knock Off|p2a: Toxapex\n|-damage|p2a: Toxapex|269\/303 brn\n|\n|-damage|p2a: Toxapex|251\/303 brn|[from] brn\n|upkeep\n|turn|351\n|\n|switch|p2a: Sableye|Sableye-Mega, M|158\/303\n|switch|p1a: Chansey|Chansey, F|651\/687\n|\n|upkeep\n|turn|352\n|inactive|JoeyOwesMeMoney has 60 seconds left.\n|\n|switch|p1a: Ditto|Ditto|300\/300 brn\n|-transform|p1a: Ditto|p2a: Sableye|[from] ability: Imposter\n|move|p2a: Sableye|Recover|p2a: Sableye\n|-heal|p2a: Sableye|303\/303\n|\n|-damage|p1a: Ditto|282\/300 brn|[from] brn\n|upkeep\n|turn|353\n|\n|switch|p2a: Toxapex|Toxapex, F|303\/303 brn\n|move|p1a: Ditto|Will-O-Wisp|p2a: Toxapex|[miss]\n|-miss|p1a: Ditto|p2a: Toxapex\n|\n|-damage|p2a: Toxapex|285\/303 brn|[from] brn\n|-damage|p1a: Ditto|264\/300 brn|[from] brn\n|upkeep\n|turn|354\n|\n|switch|p2a: Sableye|Sableye-Mega, M|303\/303\n|move|p1a: Ditto|Knock Off|p2a: Sableye\n|-crit|p2a: Sableye\n|-damage|p2a: Sableye|259\/303\n|\n|-damage|p1a: Ditto|246\/300 brn|[from] brn\n|upkeep\n|turn|355\n|\n|switch|p2a: Toxapex|Toxapex, F|303\/303 brn\n|move|p1a: Ditto|Protect||[still]\n|-fail|p1a: Ditto\n|\n|-damage|p2a: Toxapex|285\/303 brn|[from] brn\n|-damage|p1a: Ditto|228\/300 brn|[from] brn\n|upkeep\n|turn|356\n|\n|switch|p2a: Sableye|Sableye-Mega, M|259\/303\n|move|p1a: Ditto|Will-O-Wisp|p2a: Sableye\n|move|p2a: Sableye|Will-O-Wisp|p1a: Ditto|[from]Magic Bounce\n|-fail|p1a: Ditto|brn\n|\n|-damage|p1a: Ditto|210\/300 brn|[from] brn\n|upkeep\n|turn|357\n|\n|switch|p2a: Toxapex|Toxapex, F|303\/303 brn\n|move|p1a: Ditto|Knock Off|p2a: Toxapex\n|-damage|p2a: Toxapex|285\/303 brn\n|\n|-damage|p2a: Toxapex|267\/303 brn|[from] brn\n|-damage|p1a: Ditto|192\/300 brn|[from] brn\n|upkeep\n|turn|358\n|\n|switch|p2a: Sableye|Sableye-Mega, M|259\/303\n|move|p1a: Ditto|Knock Off|p2a: Sableye\n|-damage|p2a: Sableye|230\/303\n|\n|-damage|p1a: Ditto|174\/300 brn|[from] brn\n|upkeep\n|turn|359\n|\n|switch|p2a: Toxapex|Toxapex, F|303\/303 brn\n|move|p1a: Ditto|Recover|p1a: Ditto\n|-heal|p1a: Ditto|300\/300 brn\n|\n|-damage|p2a: Toxapex|285\/303 brn|[from] brn\n|-damage|p1a: Ditto|282\/300 brn|[from] brn\n|upkeep\n|turn|360\n|\n|switch|p2a: Sableye|Sableye-Mega, M|230\/303\n|move|p1a: Ditto|Knock Off|p2a: Sableye\n|-damage|p2a: Sableye|203\/303\n|\n|-damage|p1a: Ditto|264\/300 brn|[from] brn\n|upkeep\n|turn|361\n|\n|switch|p2a: Toxapex|Toxapex, F|303\/303 brn\n|move|p1a: Ditto|Will-O-Wisp|p2a: Toxapex\n|-fail|p2a: Toxapex|brn\n|\n|-damage|p2a: Toxapex|285\/303 brn|[from] brn\n|-damage|p1a: Ditto|246\/300 brn|[from] brn\n|upkeep\n|turn|362\n|\n|switch|p2a: Sableye|Sableye-Mega, M|203\/303\n|move|p1a: Ditto|Protect||[still]\n|-fail|p1a: Ditto\n|\n|-damage|p1a: Ditto|228\/300 brn|[from] brn\n|upkeep\n|turn|363\n|\n|switch|p2a: Toxapex|Toxapex, F|303\/303 brn\n|move|p1a: Ditto|Will-O-Wisp|p2a: Toxapex\n|-fail|p2a: Toxapex|brn\n|\n|-damage|p2a: Toxapex|285\/303 brn|[from] brn\n|-damage|p1a: Ditto|210\/300 brn|[from] brn\n|upkeep\n|turn|364\n|\n|move|p2a: Toxapex|Haze|p2a: Toxapex\n|-clearallboost\n|move|p1a: Ditto|Knock Off|p2a: Toxapex\n|-damage|p2a: Toxapex|265\/303 brn\n|\n|-damage|p2a: Toxapex|247\/303 brn|[from] brn\n|-damage|p1a: Ditto|192\/300 brn|[from] brn\n|upkeep\n|turn|365\n|\n|switch|p2a: Sableye|Sableye-Mega, M|203\/303\n|switch|p1a: Chansey|Chansey, F|651\/687\n|\n|upkeep\n|turn|366\n|inactive|eigenvlue has 90 seconds left.\n|inactive|JoeyOwesMeMoney has 90 seconds left.\n|\n|switch|p1a: Ditto|Ditto|192\/300 brn\n|-transform|p1a: Ditto|p2a: Sableye|[from] ability: Imposter\n|switch|p2a: Toxapex|Toxapex, F|303\/303 brn\n|\n|-damage|p2a: Toxapex|285\/303 brn|[from] brn\n|-damage|p1a: Ditto|174\/300 brn|[from] brn\n|upkeep\n|turn|367\n|\n|switch|p2a: Sableye|Sableye-Mega, M|203\/303\n|move|p1a: Ditto|Recover|p1a: Ditto\n|-heal|p1a: Ditto|300\/300 brn\n|\n|-damage|p1a: Ditto|282\/300 brn|[from] brn\n|upkeep\n|turn|368\n|\n|switch|p2a: Toxapex|Toxapex, F|303\/303 brn\n|move|p1a: Ditto|Will-O-Wisp|p2a: Toxapex\n|-fail|p2a: Toxapex|brn\n|\n|-damage|p2a: Toxapex|285\/303 brn|[from] brn\n|-damage|p1a: Ditto|264\/300 brn|[from] brn\n|upkeep\n|turn|369\n|\n|move|p2a: Toxapex|Scald|p1a: Ditto\n|-crit|p1a: Ditto\n|-damage|p1a: Ditto|210\/300 brn\n|move|p1a: Ditto|Knock Off|p2a: Toxapex\n|-crit|p2a: Toxapex\n|-damage|p2a: Toxapex|259\/303 brn\n|\n|-damage|p2a: Toxapex|241\/303 brn|[from] brn\n|-damage|p1a: Ditto|192\/300 brn|[from] brn\n|upkeep\n|turn|370\n|\n|switch|p2a: Sableye|Sableye-Mega, M|203\/303\n|move|p1a: Ditto|Protect||[still]\n|-fail|p1a: Ditto\n|\n|-damage|p1a: Ditto|174\/300 brn|[from] brn\n|upkeep\n|turn|371\n|\n|switch|p2a: Toxapex|Toxapex, F|303\/303 brn\n|move|p1a: Ditto|Recover|p1a: Ditto\n|-heal|p1a: Ditto|300\/300 brn\n|\n|-damage|p2a: Toxapex|285\/303 brn|[from] brn\n|-damage|p1a: Ditto|282\/300 brn|[from] brn\n|upkeep\n|turn|372\n|\n|move|p2a: Toxapex|Scald|p1a: Ditto\n|-damage|p1a: Ditto|245\/300 brn\n|move|p1a: Ditto|Knock Off|p2a: Toxapex\n|-damage|p2a: Toxapex|266\/303 brn\n|\n|-damage|p2a: Toxapex|248\/303 brn|[from] brn\n|-damage|p1a: Ditto|227\/300 brn|[from] brn\n|upkeep\n|turn|373\n|\n|switch|p2a: Sableye|Sableye-Mega, M|203\/303\n|move|p1a: Ditto|Will-O-Wisp|p2a: Sableye\n|move|p2a: Sableye|Will-O-Wisp|p1a: Ditto|[from]Magic Bounce\n|-fail|p1a: Ditto|brn\n|\n|-damage|p1a: Ditto|209\/300 brn|[from] brn\n|upkeep\n|turn|374\n|inactive|eigenvlue has 90 seconds left.\n|\n|switch|p2a: Toxapex|Toxapex, F|303\/303 brn\n|move|p1a: Ditto|Protect||[still]\n|-fail|p1a: Ditto\n|\n|-damage|p2a: Toxapex|285\/303 brn|[from] brn\n|-damage|p1a: Ditto|191\/300 brn|[from] brn\n|upkeep\n|turn|375\n|inactive|eigenvlue has 90 seconds left.\n|\n|switch|p2a: Sableye|Sableye-Mega, M|203\/303\n|move|p1a: Ditto|Recover|p1a: Ditto\n|-heal|p1a: Ditto|300\/300 brn\n|\n|-damage|p1a: Ditto|282\/300 brn|[from] brn\n|upkeep\n|turn|376\n|\n|switch|p2a: Toxapex|Toxapex, F|303\/303 brn\n|move|p1a: Ditto|Will-O-Wisp|p2a: Toxapex\n|-fail|p2a: Toxapex|brn\n|\n|-damage|p2a: Toxapex|285\/303 brn|[from] brn\n|-damage|p1a: Ditto|264\/300 brn|[from] brn\n|upkeep\n|turn|377\n|\n|move|p2a: Toxapex|Scald|p1a: Ditto\n|-damage|p1a: Ditto|227\/300 brn\n|move|p1a: Ditto|Knock Off|p2a: Toxapex\n|-damage|p2a: Toxapex|267\/303 brn\n|\n|-damage|p2a: Toxapex|249\/303 brn|[from] brn\n|-damage|p1a: Ditto|209\/300 brn|[from] brn\n|upkeep\n|turn|378\n|\n|move|p1a: Ditto|Protect|p1a: Ditto\n|-singleturn|p1a: Ditto|Protect\n|move|p2a: Toxapex|Scald|p1a: Ditto\n|-activate|p1a: Ditto|move: Protect\n|\n|-damage|p2a: Toxapex|231\/303 brn|[from] brn\n|-damage|p1a: Ditto|191\/300 brn|[from] brn\n|upkeep\n|turn|379\n|\n|switch|p2a: Sableye|Sableye-Mega, M|203\/303\n|move|p1a: Ditto|Knock Off|p2a: Sableye\n|-damage|p2a: Sableye|175\/303\n|\n|-damage|p1a: Ditto|173\/300 brn|[from] brn\n|upkeep\n|turn|380\n|\n|switch|p2a: Toxapex|Toxapex, F|303\/303 brn\n|move|p1a: Ditto|Recover|p1a: Ditto\n|-heal|p1a: Ditto|300\/300 brn\n|\n|-damage|p2a: Toxapex|285\/303 brn|[from] brn\n|-damage|p1a: Ditto|282\/300 brn|[from] brn\n|upkeep\n|turn|381\n|\n|switch|p2a: Sableye|Sableye-Mega, M|175\/303\n|move|p1a: Ditto|Will-O-Wisp|p2a: Sableye\n|move|p2a: Sableye|Will-O-Wisp|p1a: Ditto|[from]Magic Bounce\n|-fail|p1a: Ditto|brn\n|\n|-damage|p1a: Ditto|264\/300 brn|[from] brn\n|upkeep\n|turn|382\n|\n|switch|p2a: Toxapex|Toxapex, F|303\/303 brn\n|move|p1a: Ditto|Protect||[still]\n|-fail|p1a: Ditto\n|\n|-damage|p2a: Toxapex|285\/303 brn|[from] brn\n|-damage|p1a: Ditto|246\/300 brn|[from] brn\n|upkeep\n|turn|383\n|\n|switch|p2a: Sableye|Sableye-Mega, M|175\/303\n|move|p1a: Ditto|Knock Off|p2a: Sableye\n|-damage|p2a: Sableye|148\/303\n|\n|-damage|p1a: Ditto|228\/300 brn|[from] brn\n|upkeep\n|turn|384\n|\n|switch|p1a: Chansey|Chansey, F|651\/687\n|move|p2a: Sableye|Recover|p2a: Sableye\n|-heal|p2a: Sableye|300\/303\n|\n|upkeep\n|turn|385\n|\n|switch|p1a: Ditto|Ditto|228\/300 brn\n|-transform|p1a: Ditto|p2a: Sableye|[from] ability: Imposter\n|switch|p2a: Toxapex|Toxapex, F|303\/303 brn\n|\n|-damage|p2a: Toxapex|285\/303 brn|[from] brn\n|-damage|p1a: Ditto|210\/300 brn|[from] brn\n|upkeep\n|turn|386\n|\n|switch|p2a: Sableye|Sableye-Mega, M|300\/303\n|move|p1a: Ditto|Will-O-Wisp|p2a: Sableye\n|move|p2a: Sableye|Will-O-Wisp|p1a: Ditto|[from]Magic Bounce\n|-fail|p1a: Ditto|brn\n|\n|-damage|p1a: Ditto|192\/300 brn|[from] brn\n|upkeep\n|turn|387\n|inactive|JoeyOwesMeMoney has 120 seconds left.\n|inactive|JoeyOwesMeMoney has 90 seconds left.\n|inactive|JoeyOwesMeMoney has 60 seconds left.\n|inactive|JoeyOwesMeMoney has 30 seconds left.\n|inactive|JoeyOwesMeMoney has 20 seconds left.\n|inactive|JoeyOwesMeMoney has 15 seconds left.\n|inactive|JoeyOwesMeMoney has 10 seconds left.\n|inactive|JoeyOwesMeMoney has 5 seconds left.\n|\n|switch|p2a: Toxapex|Toxapex, F|303\/303 brn\n|move|p1a: Ditto|Recover|p1a: Ditto\n|-heal|p1a: Ditto|300\/300 brn\n|\n|-damage|p2a: Toxapex|285\/303 brn|[from] brn\n|-damage|p1a: Ditto|282\/300 brn|[from] brn\n|upkeep\n|turn|388\n|inactive|JoeyOwesMeMoney has 5 seconds left this turn.\n|\n|switch|p2a: Sableye|Sableye-Mega, M|300\/303\n|move|p1a: Ditto|Will-O-Wisp|p2a: Sableye\n|move|p2a: Sableye|Will-O-Wisp|p1a: Ditto|[from]Magic Bounce\n|-fail|p1a: Ditto|brn\n|\n|-damage|p1a: Ditto|264\/300 brn|[from] brn\n|upkeep\n|turn|389\n|inactive|JoeyOwesMeMoney has 10 seconds left this turn.\n|\n|switch|p2a: Toxapex|Toxapex, F|303\/303 brn\n|move|p1a: Ditto|Protect||[still]\n|-fail|p1a: Ditto\n|\n|-damage|p2a: Toxapex|285\/303 brn|[from] brn\n|-damage|p1a: Ditto|246\/300 brn|[from] brn\n|upkeep\n|turn|390\n|inactive|JoeyOwesMeMoney has 10 seconds left this turn.\n|\n|move|p2a: Toxapex|Scald|p1a: Ditto\n|-crit|p1a: Ditto\n|-damage|p1a: Ditto|191\/300 brn\n|move|p1a: Ditto|Knock Off|p2a: Toxapex\n|-damage|p2a: Toxapex|267\/303 brn\n|\n|-damage|p2a: Toxapex|249\/303 brn|[from] brn\n|-damage|p1a: Ditto|173\/300 brn|[from] brn\n|upkeep\n|turn|391\n|inactive|JoeyOwesMeMoney has 15 seconds left this turn.\n|\n|switch|p2a: Sableye|Sableye-Mega, M|300\/303\n|move|p1a: Ditto|Knock Off|p2a: Sableye\n|-damage|p2a: Sableye|270\/303\n|\n|-damage|p1a: Ditto|155\/300 brn|[from] brn\n|upkeep\n|turn|392\n|inactive|JoeyOwesMeMoney has 15 seconds left this turn.\n|\n|switch|p2a: Toxapex|Toxapex, F|303\/303 brn\n|move|p1a: Ditto|Recover|p1a: Ditto\n|-heal|p1a: Ditto|300\/300 brn\n|\n|-damage|p2a: Toxapex|285\/303 brn|[from] brn\n|-damage|p1a: Ditto|282\/300 brn|[from] brn\n|upkeep\n|turn|393\n|inactive|JoeyOwesMeMoney has 20 seconds left this turn.\n|\n|move|p1a: Ditto|Protect|p1a: Ditto\n|-singleturn|p1a: Ditto|Protect\n|move|p2a: Toxapex|Scald|p1a: Ditto\n|-activate|p1a: Ditto|move: Protect\n|\n|-damage|p2a: Toxapex|267\/303 brn|[from] brn\n|-damage|p1a: Ditto|264\/300 brn|[from] brn\n|upkeep\n|turn|394\n|inactive|JoeyOwesMeMoney has 20 seconds left this turn.\n|\n|switch|p2a: Sableye|Sableye-Mega, M|270\/303\n|move|p1a: Ditto|Knock Off|p2a: Sableye\n|-damage|p2a: Sableye|240\/303\n|\n|-damage|p1a: Ditto|246\/300 brn|[from] brn\n|upkeep\n|turn|395\n|inactive|JoeyOwesMeMoney has 25 seconds left this turn.\n|\n|switch|p2a: Toxapex|Toxapex, F|303\/303 brn\n|move|p1a: Ditto|Will-O-Wisp|p2a: Toxapex\n|-fail|p2a: Toxapex|brn\n|\n|-damage|p2a: Toxapex|285\/303 brn|[from] brn\n|-damage|p1a: Ditto|228\/300 brn|[from] brn\n|upkeep\n|turn|396\n|inactive|JoeyOwesMeMoney has 25 seconds left this turn.\n|\n|switch|p2a: Sableye|Sableye-Mega, M|240\/303\n|move|p1a: Ditto|Knock Off|p2a: Sableye\n|-damage|p2a: Sableye|211\/303\n|\n|-damage|p1a: Ditto|210\/300 brn|[from] brn\n|upkeep\n|turn|397\n|inactive|JoeyOwesMeMoney has 30 seconds left this turn.\n|\n|switch|p2a: Toxapex|Toxapex, F|303\/303 brn\n|move|p1a: Ditto|Will-O-Wisp|p2a: Toxapex\n|-fail|p2a: Toxapex|brn\n|\n|-damage|p2a: Toxapex|285\/303 brn|[from] brn\n|-damage|p1a: Ditto|192\/300 brn|[from] brn\n|upkeep\n|turn|398\n|inactive|JoeyOwesMeMoney has 30 seconds left this turn.\n|\n|switch|p2a: Sableye|Sableye-Mega, M|211\/303\n|move|p1a: Ditto|Recover|p1a: Ditto\n|-heal|p1a: Ditto|300\/300 brn\n|\n|-damage|p1a: Ditto|282\/300 brn|[from] brn\n|upkeep\n|turn|399\n|\n|switch|p2a: Toxapex|Toxapex, F|303\/303 brn\n|move|p1a: Ditto|Protect||[still]\n|-fail|p1a: Ditto\n|\n|-damage|p2a: Toxapex|285\/303 brn|[from] brn\n|-damage|p1a: Ditto|264\/300 brn|[from] brn\n|upkeep\n|turn|400\n|\n|move|p2a: Toxapex|Scald|p1a: Ditto\n|-crit|p1a: Ditto\n|-damage|p1a: Ditto|204\/300 brn\n|move|p1a: Ditto|Will-O-Wisp|p2a: Toxapex\n|-fail|p2a: Toxapex|brn\n|\n|-damage|p2a: Toxapex|267\/303 brn|[from] brn\n|-damage|p1a: Ditto|186\/300 brn|[from] brn\n|upkeep\n|turn|401\n|\n|move|p2a: Toxapex|Haze|p2a: Toxapex\n|-clearallboost\n|move|p1a: Ditto|Knock Off|p2a: Toxapex\n|-damage|p2a: Toxapex|248\/303 brn\n|\n|-damage|p2a: Toxapex|230\/303 brn|[from] brn\n|-damage|p1a: Ditto|168\/300 brn|[from] brn\n|upkeep\n|turn|402\n|\n|switch|p2a: Chansey|Chansey, F|462\/703\n|move|p1a: Ditto|Recover|p1a: Ditto\n|-heal|p1a: Ditto|300\/300 brn\n|\n|-damage|p1a: Ditto|282\/300 brn|[from] brn\n|upkeep\n|turn|403\n|\n|switch|p1a: Serperior|Serperior, M|353\/353\n|move|p2a: Chansey|Seismic Toss|p1a: Serperior\n|-damage|p1a: Serperior|253\/353\n|\n|-heal|p1a: Serperior|275\/353|[from] item: Leftovers\n|upkeep\n|turn|404\n|inactive|eigenvlue has 90 seconds left.\n|\n|switch|p1a: Sableye|Sableye-Mega, M|251\/303\n|switch|p2a: Toxapex|Toxapex, F|303\/303 brn\n|\n|-damage|p2a: Toxapex|285\/303 brn|[from] brn\n|upkeep\n|turn|405\n|inactive|eigenvlue has 90 seconds left.\n|\n|switch|p2a: Sableye|Sableye-Mega, M|211\/303\n|switch|p1a: Chansey|Chansey, F|651\/687\n|\n|upkeep\n|turn|406\n|\n|switch|p1a: Ditto|Ditto|282\/300 brn\n|-transform|p1a: Ditto|p2a: Sableye|[from] ability: Imposter\n|switch|p2a: Toxapex|Toxapex, F|303\/303 brn\n|\n|-damage|p2a: Toxapex|285\/303 brn|[from] brn\n|-damage|p1a: Ditto|264\/300 brn|[from] brn\n|upkeep\n|turn|407\n|\n|switch|p2a: Sableye|Sableye-Mega, M|211\/303\n|move|p1a: Ditto|Will-O-Wisp|p2a: Sableye\n|move|p2a: Sableye|Will-O-Wisp|p1a: Ditto|[from]Magic Bounce\n|-fail|p1a: Ditto|brn\n|\n|-damage|p1a: Ditto|246\/300 brn|[from] brn\n|upkeep\n|turn|408\n|inactive|eigenvlue has 90 seconds left.\n|\n|switch|p2a: Toxapex|Toxapex, F|303\/303 brn\n|move|p1a: Ditto|Will-O-Wisp|p2a: Toxapex\n|-fail|p2a: Toxapex|brn\n|\n|-damage|p2a: Toxapex|285\/303 brn|[from] brn\n|-damage|p1a: Ditto|228\/300 brn|[from] brn\n|upkeep\n|turn|409\n|\n|switch|p2a: Sableye|Sableye-Mega, M|211\/303\n|move|p1a: Ditto|Protect||[still]\n|-fail|p1a: Ditto\n|\n|-damage|p1a: Ditto|210\/300 brn|[from] brn\n|upkeep\n|turn|410\n|\n|switch|p2a: Toxapex|Toxapex, F|303\/303 brn\n|move|p1a: Ditto|Will-O-Wisp|p2a: Toxapex\n|-fail|p2a: Toxapex|brn\n|\n|-damage|p2a: Toxapex|285\/303 brn|[from] brn\n|-damage|p1a: Ditto|192\/300 brn|[from] brn\n|upkeep\n|turn|411\n|\n|move|p2a: Toxapex|Scald|p1a: Ditto\n|-damage|p1a: Ditto|153\/300 brn\n|move|p1a: Ditto|Knock Off|p2a: Toxapex\n|-damage|p2a: Toxapex|269\/303 brn\n|\n|-damage|p2a: Toxapex|251\/303 brn|[from] brn\n|-damage|p1a: Ditto|135\/300 brn|[from] brn\n|upkeep\n|turn|412\n|\n|switch|p2a: Magnezone|Magnezone|190\/281\n|move|p1a: Ditto|Recover|p1a: Ditto\n|-heal|p1a: Ditto|285\/300 brn\n|\n|-damage|p1a: Ditto|267\/300 brn|[from] brn\n|upkeep\n|turn|413\n|\n|switch|p2a: Sableye|Sableye-Mega, M|211\/303\n|move|p1a: Ditto|Knock Off|p2a: Sableye\n|-damage|p2a: Sableye|184\/303\n|\n|-damage|p1a: Ditto|249\/300 brn|[from] brn\n|upkeep\n|turn|414\n|\n|switch|p2a: Toxapex|Toxapex, F|303\/303 brn\n|move|p1a: Ditto|Knock Off|p2a: Toxapex\n|-damage|p2a: Toxapex|286\/303 brn\n|\n|-damage|p2a: Toxapex|268\/303 brn|[from] brn\n|-damage|p1a: Ditto|231\/300 brn|[from] brn\n|upkeep\n|turn|415\n|\n|switch|p2a: Sableye|Sableye-Mega, M|184\/303\n|move|p1a: Ditto|Recover|p1a: Ditto\n|-heal|p1a: Ditto|300\/300 brn\n|\n|-damage|p1a: Ditto|282\/300 brn|[from] brn\n|upkeep\n|turn|416\n|inactive|JoeyOwesMeMoney has 60 seconds left.\n|\n|switch|p2a: Toxapex|Toxapex, F|303\/303 brn\n|move|p1a: Ditto|Protect||[still]\n|-fail|p1a: Ditto\n|\n|-damage|p2a: Toxapex|285\/303 brn|[from] brn\n|-damage|p1a: Ditto|264\/300 brn|[from] brn\n|upkeep\n|turn|417\n|inactive|JoeyOwesMeMoney has 60 seconds left.\n|\n|switch|p2a: Sableye|Sableye-Mega, M|184\/303\n|move|p1a: Ditto|Knock Off|p2a: Sableye\n|-damage|p2a: Sableye|155\/303\n|\n|-damage|p1a: Ditto|246\/300 brn|[from] brn\n|upkeep\n|turn|418\n|\n|switch|p2a: Toxapex|Toxapex, F|303\/303 brn\n|move|p1a: Ditto|Will-O-Wisp|p2a: Toxapex|[miss]\n|-miss|p1a: Ditto|p2a: Toxapex\n|\n|-damage|p2a: Toxapex|285\/303 brn|[from] brn\n|-damage|p1a: Ditto|228\/300 brn|[from] brn\n|upkeep\n|turn|419\n|\n|switch|p2a: Sableye|Sableye-Mega, M|155\/303\n|move|p1a: Ditto|Recover|p1a: Ditto\n|-heal|p1a: Ditto|300\/300 brn\n|\n|-damage|p1a: Ditto|282\/300 brn|[from] brn\n|upkeep\n|turn|420\n|\n|switch|p2a: Toxapex|Toxapex, F|303\/303 brn\n|move|p1a: Ditto|Protect||[still]\n|-fail|p1a: Ditto\n|\n|-damage|p2a: Toxapex|285\/303 brn|[from] brn\n|-damage|p1a: Ditto|264\/300 brn|[from] brn\n|upkeep\n|turn|421\n|\n|move|p2a: Toxapex|Scald|p1a: Ditto\n|-damage|p1a: Ditto|227\/300 brn\n|move|p1a: Ditto|Knock Off|p2a: Toxapex\n|-damage|p2a: Toxapex|267\/303 brn\n|\n|-damage|p2a: Toxapex|249\/303 brn|[from] brn\n|-damage|p1a: Ditto|209\/300 brn|[from] brn\n|upkeep\n|turn|422\n|\n|switch|p2a: Clefable|Clefable, F|393\/393\n|move|p1a: Ditto|Will-O-Wisp|p2a: Clefable\n|-status|p2a: Clefable|brn\n|\n|-damage|p2a: Clefable|369\/393 brn|[from] brn\n|-damage|p1a: Ditto|191\/300 brn|[from] brn\n|upkeep\n|turn|423\n|\n|switch|p2a: Toxapex|Toxapex, F|303\/303 brn\n|move|p1a: Ditto|Protect||[still]\n|-fail|p1a: Ditto\n|\n|-damage|p2a: Toxapex|285\/303 brn|[from] brn\n|-damage|p1a: Ditto|173\/300 brn|[from] brn\n|upkeep\n|turn|424\n|\n|switch|p2a: Clefable|Clefable, F|369\/393 brn\n|move|p1a: Ditto|Recover|p1a: Ditto\n|-heal|p1a: Ditto|300\/300 brn\n|\n|-heal|p2a: Clefable|393\/393 brn|[from] item: Leftovers\n|-damage|p2a: Clefable|369\/393 brn|[from] brn\n|-damage|p1a: Ditto|282\/300 brn|[from] brn\n|upkeep\n|turn|425\n|\n|switch|p2a: Toxapex|Toxapex, F|303\/303 brn\n|move|p1a: Ditto|Protect||[still]\n|-fail|p1a: Ditto\n|\n|-damage|p2a: Toxapex|285\/303 brn|[from] brn\n|-damage|p1a: Ditto|264\/300 brn|[from] brn\n|upkeep\n|turn|426\n|\n|switch|p2a: Clefable|Clefable, F|369\/393 brn\n|switch|p1a: Zapdos|Zapdos|360\/383 tox\n|\n|-heal|p1a: Zapdos|383\/383 tox|[from] item: Leftovers\n|-heal|p2a: Clefable|393\/393 brn|[from] item: Leftovers\n|-damage|p1a: Zapdos|360\/383 tox|[from] psn\n|-damage|p2a: Clefable|369\/393 brn|[from] brn\n|upkeep\n|turn|427\n|inactive|eigenvlue has 90 seconds left.\n|\n|switch|p1a: Chansey|Chansey, F|651\/687\n|move|p2a: Clefable|Wish|p2a: Clefable\n|\n|-heal|p2a: Clefable|393\/393 brn|[from] item: Leftovers\n|-damage|p2a: Clefable|369\/393 brn|[from] brn\n|upkeep\n|turn|428\n|\n|switch|p2a: Sableye|Sableye-Mega, M|155\/303\n|switch|p1a: Ditto|Ditto|264\/300 brn\n|-transform|p1a: Ditto|p2a: Sableye|[from] ability: Imposter\n|\n|-heal|p2a: Sableye|303\/303|[from] move: Wish|[wisher] Clefable\n|-damage|p1a: Ditto|246\/300 brn|[from] brn\n|upkeep\n|turn|429\n|\n|switch|p2a: Toxapex|Toxapex, F|303\/303 brn\n|move|p1a: Ditto|Will-O-Wisp|p2a: Toxapex\n|-fail|p2a: Toxapex|brn\n|\n|-damage|p2a: Toxapex|285\/303 brn|[from] brn\n|-damage|p1a: Ditto|228\/300 brn|[from] brn\n|upkeep\n|turn|430\n|\n|switch|p2a: Sableye|Sableye-Mega, M|303\/303\n|move|p1a: Ditto|Knock Off|p2a: Sableye\n|-damage|p2a: Sableye|275\/303\n|\n|-damage|p1a: Ditto|210\/300 brn|[from] brn\n|upkeep\n|turn|431\n|\n|switch|p2a: Toxapex|Toxapex, F|303\/303 brn\n|move|p1a: Ditto|Protect||[still]\n|-fail|p1a: Ditto\n|\n|-damage|p2a: Toxapex|285\/303 brn|[from] brn\n|-damage|p1a: Ditto|192\/300 brn|[from] brn\n|upkeep\n|turn|432\n|\n|switch|p2a: Sableye|Sableye-Mega, M|275\/303\n|move|p1a: Ditto|Recover|p1a: Ditto\n|-heal|p1a: Ditto|300\/300 brn\n|\n|-damage|p1a: Ditto|282\/300 brn|[from] brn\n|upkeep\n|turn|433\n|\n|switch|p2a: Toxapex|Toxapex, F|303\/303 brn\n|move|p1a: Ditto|Will-O-Wisp|p2a: Toxapex\n|-fail|p2a: Toxapex|brn\n|\n|-damage|p2a: Toxapex|285\/303 brn|[from] brn\n|-damage|p1a: Ditto|264\/300 brn|[from] brn\n|upkeep\n|turn|434\n|\n|switch|p2a: Sableye|Sableye-Mega, M|275\/303\n|move|p1a: Ditto|Knock Off|p2a: Sableye\n|-damage|p2a: Sableye|248\/303\n|\n|-damage|p1a: Ditto|246\/300 brn|[from] brn\n|upkeep\n|turn|435\n|\n|switch|p2a: Toxapex|Toxapex, F|303\/303 brn\n|move|p1a: Ditto|Protect||[still]\n|-fail|p1a: Ditto\n|\n|-damage|p2a: Toxapex|285\/303 brn|[from] brn\n|-damage|p1a: Ditto|228\/300 brn|[from] brn\n|upkeep\n|turn|436\n|\n|switch|p2a: Sableye|Sableye-Mega, M|248\/303\n|move|p1a: Ditto|Will-O-Wisp|p2a: Sableye\n|move|p2a: Sableye|Will-O-Wisp|p1a: Ditto|[from]Magic Bounce\n|-fail|p1a: Ditto|brn\n|\n|-damage|p1a: Ditto|210\/300 brn|[from] brn\n|upkeep\n|turn|437\n|\n|switch|p2a: Toxapex|Toxapex, F|303\/303 brn\n|move|p1a: Ditto|Will-O-Wisp|p2a: Toxapex\n|-fail|p2a: Toxapex|brn\n|\n|-damage|p2a: Toxapex|285\/303 brn|[from] brn\n|-damage|p1a: Ditto|192\/300 brn|[from] brn\n|upkeep\n|turn|438\n|\n|move|p2a: Toxapex|Scald|p1a: Ditto\n|-damage|p1a: Ditto|152\/300 brn\n|move|p1a: Ditto|Recover|p1a: Ditto\n|-heal|p1a: Ditto|300\/300 brn\n|\n|-damage|p2a: Toxapex|267\/303 brn|[from] brn\n|-damage|p1a: Ditto|282\/300 brn|[from] brn\n|upkeep\n|turn|439\n|\n|switch|p2a: Sableye|Sableye-Mega, M|248\/303\n|move|p1a: Ditto|Knock Off|p2a: Sableye\n|-damage|p2a: Sableye|221\/303\n|\n|-damage|p1a: Ditto|264\/300 brn|[from] brn\n|upkeep\n|turn|440\n|\n|switch|p2a: Toxapex|Toxapex, F|303\/303 brn\n|move|p1a: Ditto|Knock Off|p2a: Toxapex\n|-damage|p2a: Toxapex|285\/303 brn\n|\n|-damage|p2a: Toxapex|267\/303 brn|[from] brn\n|-damage|p1a: Ditto|246\/300 brn|[from] brn\n|upkeep\n|turn|441\n|\n|move|p1a: Ditto|Protect|p1a: Ditto\n|-singleturn|p1a: Ditto|Protect\n|move|p2a: Toxapex|Haze|p2a: Toxapex\n|-clearallboost\n|\n|-damage|p2a: Toxapex|249\/303 brn|[from] brn\n|-damage|p1a: Ditto|228\/300 brn|[from] brn\n|upkeep\n|turn|442\n|\n|move|p2a: Toxapex|Scald|p1a: Ditto\n|-crit|p1a: Ditto\n|-damage|p1a: Ditto|170\/300 brn\n|move|p1a: Ditto|Will-O-Wisp|p2a: Toxapex\n|-fail|p2a: Toxapex|brn\n|\n|-damage|p2a: Toxapex|231\/303 brn|[from] brn\n|-damage|p1a: Ditto|152\/300 brn|[from] brn\n|upkeep\n|turn|443\n|\n|switch|p2a: Magnezone|Magnezone|190\/281\n|move|p1a: Ditto|Recover|p1a: Ditto\n|-heal|p1a: Ditto|300\/300 brn\n|\n|-damage|p1a: Ditto|282\/300 brn|[from] brn\n|upkeep\n|turn|444\n|\n|switch|p2a: Toxapex|Toxapex, F|303\/303 brn\n|move|p1a: Ditto|Protect||[still]\n|-fail|p1a: Ditto\n|\n|-damage|p2a: Toxapex|285\/303 brn|[from] brn\n|-damage|p1a: Ditto|264\/300 brn|[from] brn\n|upkeep\n|turn|445\n|\n|switch|p2a: Sableye|Sableye-Mega, M|221\/303\n|switch|p1a: Chansey|Chansey, F|651\/687\n|\n|upkeep\n|turn|446\n|inactive|JoeyOwesMeMoney has 120 seconds left.\n|inactive|JoeyOwesMeMoney has 90 seconds left.\n|inactive|JoeyOwesMeMoney has 60 seconds left.\n|inactive|JoeyOwesMeMoney has 30 seconds left.\n|inactive|JoeyOwesMeMoney has 20 seconds left.\n|inactive|JoeyOwesMeMoney has 15 seconds left.\n|\n|switch|p1a: Ditto|Ditto|264\/300 brn\n|-transform|p1a: Ditto|p2a: Sableye|[from] ability: Imposter\n|switch|p2a: Toxapex|Toxapex, F|303\/303 brn\n|\n|-damage|p2a: Toxapex|285\/303 brn|[from] brn\n|-damage|p1a: Ditto|246\/300 brn|[from] brn\n|upkeep\n|turn|447\n|inactive|JoeyOwesMeMoney has 20 seconds left this turn.\n|l|\u2606eigenvlue\n|inactive|eigenvlue disconnected and has a minute to reconnect!\n|player|p1|\n|inactive|JoeyOwesMeMoney has 15 seconds left.\n|inactive|eigenvlue has 30 seconds to reconnect!\n|j|\u2606eigenvlue\n|inactive|eigenvlue reconnected and has 65 seconds left.\n|player|p1|eigenvlue|170\n|inactive|eigenvlue has 60 seconds left.\n|\n|switch|p2a: Sableye|Sableye-Mega, M|221\/303\n|move|p1a: Ditto|Knock Off|p2a: Sableye\n|-damage|p2a: Sableye|193\/303\n|\n|-damage|p1a: Ditto|228\/300 brn|[from] brn\n|upkeep\n|turn|448\n|inactive|JoeyOwesMeMoney has 15 seconds left this turn.\n|\n|switch|p2a: Toxapex|Toxapex, F|303\/303 brn\n|move|p1a: Ditto|Will-O-Wisp|p2a: Toxapex\n|-fail|p2a: Toxapex|brn\n|\n|-damage|p2a: Toxapex|285\/303 brn|[from] brn\n|-damage|p1a: Ditto|210\/300 brn|[from] brn\n|upkeep\n|turn|449\n|inactive|JoeyOwesMeMoney has 20 seconds left this turn.\n|\n|switch|p2a: Sableye|Sableye-Mega, M|193\/303\n|move|p1a: Ditto|Knock Off|p2a: Sableye\n|-damage|p2a: Sableye|165\/303\n|\n|-damage|p1a: Ditto|192\/300 brn|[from] brn\n|upkeep\n|turn|450\n|inactive|JoeyOwesMeMoney has 20 seconds left this turn.\n|\n|switch|p2a: Toxapex|Toxapex, F|303\/303 brn\n|move|p1a: Ditto|Recover|p1a: Ditto\n|-heal|p1a: Ditto|300\/300 brn\n|\n|-damage|p2a: Toxapex|285\/303 brn|[from] brn\n|-damage|p1a: Ditto|282\/300 brn|[from] brn\n|upkeep\n|turn|451\n|inactive|JoeyOwesMeMoney has 25 seconds left this turn.\n|\n|move|p1a: Ditto|Protect|p1a: Ditto\n|-singleturn|p1a: Ditto|Protect\n|move|p2a: Toxapex|Scald|p1a: Ditto\n|-activate|p1a: Ditto|move: Protect\n|\n|-damage|p2a: Toxapex|267\/303 brn|[from] brn\n|-damage|p1a: Ditto|264\/300 brn|[from] brn\n|upkeep\n|turn|452\n|inactive|JoeyOwesMeMoney has 25 seconds left this turn.\n|\n|switch|p2a: Sableye|Sableye-Mega, M|165\/303\n|move|p1a: Ditto|Knock Off|p2a: Sableye\n|-damage|p2a: Sableye|137\/303\n|\n|-damage|p1a: Ditto|246\/300 brn|[from] brn\n|upkeep\n|turn|453\n|inactive|JoeyOwesMeMoney has 30 seconds left this turn.\n|\n|switch|p2a: Toxapex|Toxapex, F|303\/303 brn\n|move|p1a: Ditto|Will-O-Wisp|p2a: Toxapex\n|-fail|p2a: Toxapex|brn\n|\n|-damage|p2a: Toxapex|285\/303 brn|[from] brn\n|-damage|p1a: Ditto|228\/300 brn|[from] brn\n|upkeep\n|turn|454\n|inactive|JoeyOwesMeMoney has 30 seconds left this turn.\n|\n|switch|p2a: Sableye|Sableye-Mega, M|137\/303\n|move|p1a: Ditto|Recover|p1a: Ditto\n|-heal|p1a: Ditto|300\/300 brn\n|\n|-damage|p1a: Ditto|282\/300 brn|[from] brn\n|upkeep\n|turn|455\n|\n|switch|p2a: Toxapex|Toxapex, F|303\/303 brn\n|move|p1a: Ditto|Knock Off|p2a: Toxapex\n|-damage|p2a: Toxapex|285\/303 brn\n|\n|-damage|p2a: Toxapex|267\/303 brn|[from] brn\n|-damage|p1a: Ditto|264\/300 brn|[from] brn\n|upkeep\n|turn|456\n|\n|switch|p2a: Skarmory|Skarmory, F|258\/333\n|move|p1a: Ditto|Will-O-Wisp|p2a: Skarmory\n|-status|p2a: Skarmory|brn\n|\n|-damage|p2a: Skarmory|238\/333 brn|[from] brn\n|-damage|p1a: Ditto|246\/300 brn|[from] brn\n|upkeep\n|turn|457\n|inactive|eigenvlue has 60 seconds left.\n|\n|switch|p2a: Toxapex|Toxapex, F|303\/303 brn\n|move|p1a: Ditto|Protect||[still]\n|-fail|p1a: Ditto\n|\n|-damage|p2a: Toxapex|285\/303 brn|[from] brn\n|-damage|p1a: Ditto|228\/300 brn|[from] brn\n|upkeep\n|turn|458\n|\n|switch|p2a: Chansey|Chansey, F|462\/703\n|move|p1a: Ditto|Knock Off|p2a: Chansey\n|-damage|p2a: Chansey|398\/703\n|\n|-damage|p1a: Ditto|210\/300 brn|[from] brn\n|upkeep\n|turn|459\n|inactive|eigenvlue has 60 seconds left.\n|\n|switch|p2a: Sableye|Sableye-Mega, M|137\/303\n|move|p1a: Ditto|Recover|p1a: Ditto\n|-heal|p1a: Ditto|300\/300 brn\n|\n|-damage|p1a: Ditto|282\/300 brn|[from] brn\n|upkeep\n|turn|460\n|\n|switch|p2a: Clefable|Clefable, F|369\/393 brn\n|move|p1a: Ditto|Will-O-Wisp|p2a: Clefable\n|-fail|p2a: Clefable|brn\n|\n|-heal|p2a: Clefable|393\/393 brn|[from] item: Leftovers\n|-damage|p2a: Clefable|369\/393 brn|[from] brn\n|-damage|p1a: Ditto|264\/300 brn|[from] brn\n|upkeep\n|turn|461\n|\n|switch|p1a: Serperior|Serperior, M|275\/353\n|move|p2a: Clefable|Wish|p2a: Clefable\n|\n|-heal|p1a: Serperior|297\/353|[from] item: Leftovers\n|-heal|p2a: Clefable|393\/393 brn|[from] item: Leftovers\n|-damage|p2a: Clefable|369\/393 brn|[from] brn\n|upkeep\n|turn|462\n|\n|switch|p1a: Ditto|Ditto|264\/300 brn\n|-transform|p1a: Ditto|p2a: Clefable|[from] ability: Imposter\n|switch|p2a: Sableye|Sableye-Mega, M|137\/303\n|\n|-heal|p2a: Sableye|303\/303|[from] move: Wish|[wisher] Clefable\n|-damage|p1a: Ditto|246\/300 brn|[from] brn\n|upkeep\n|turn|463\n|\n|switch|p2a: Chansey|Chansey, F|398\/703\n|move|p1a: Ditto|Moonblast|p2a: Chansey\n|-damage|p2a: Chansey|296\/703\n|\n|-damage|p1a: Ditto|228\/300 brn|[from] brn\n|upkeep\n|turn|464\n|inactive|eigenvlue has 30 seconds left.\n|\n|switch|p1a: Sableye|Sableye-Mega, M|251\/303\n|move|p2a: Chansey|Soft-Boiled|p2a: Chansey\n|-heal|p2a: Chansey|648\/703\n|\n|upkeep\n|turn|465\n|\n|switch|p2a: Toxapex|Toxapex, F|303\/303 brn\n|move|p1a: Sableye|Knock Off|p2a: Toxapex\n|-damage|p2a: Toxapex|264\/303 brn\n|\n|-damage|p2a: Toxapex|246\/303 brn|[from] brn\n|upkeep\n|turn|466\n|\n|switch|p2a: Sableye|Sableye-Mega, M|303\/303\n|switch|p1a: Chansey|Chansey, F|651\/687\n|\n|upkeep\n|turn|467\n|\n|switch|p1a: Ditto|Ditto|228\/300 brn\n|-transform|p1a: Ditto|p2a: Sableye|[from] ability: Imposter\n|switch|p2a: Clefable|Clefable, F|369\/393 brn\n|\n|-heal|p2a: Clefable|393\/393 brn|[from] item: Leftovers\n|-damage|p2a: Clefable|369\/393 brn|[from] brn\n|-damage|p1a: Ditto|210\/300 brn|[from] brn\n|upkeep\n|turn|468\n|\n|move|p1a: Ditto|Protect|p1a: Ditto\n|-singleturn|p1a: Ditto|Protect\n|move|p2a: Clefable|Heal Bell|p2a: Clefable\n|-activate|p2a: Clefable|move: Heal Bell\n|-curestatus|p2a: Clefable|brn|[msg]\n|-curestatus|p2: Toxapex|brn|[msg]\n|-curestatus|p2: Skarmory|brn|[msg]\n|\n|-heal|p2a: Clefable|393\/393|[from] item: Leftovers\n|-damage|p1a: Ditto|192\/300 brn|[from] brn\n|upkeep\n|turn|469\n|\n|switch|p2a: Chansey|Chansey, F|648\/703\n|switch|p1a: Chansey|Chansey, F|651\/687\n|\n|upkeep\n|turn|470\n|\n|switch|p1a: Sableye|Sableye-Mega, M|251\/303\n|switch|p2a: Toxapex|Toxapex, F|303\/303\n|\n|upkeep\n|turn|471\n|inactive|JoeyOwesMeMoney has 60 seconds left.\n|\n|switch|p2a: Sableye|Sableye-Mega, M|303\/303\n|switch|p1a: Ditto|Ditto|192\/300 brn\n|-transform|p1a: Ditto|p2a: Sableye|[from] ability: Imposter\n|\n|-damage|p1a: Ditto|174\/300 brn|[from] brn\n|upkeep\n|turn|472\n|inactive|eigenvlue has 30 seconds left.\n|\n|switch|p2a: Toxapex|Toxapex, F|303\/303\n|move|p1a: Ditto|Will-O-Wisp|p2a: Toxapex\n|-status|p2a: Toxapex|brn\n|\n|-damage|p2a: Toxapex|285\/303 brn|[from] brn\n|-damage|p1a: Ditto|156\/300 brn|[from] brn\n|upkeep\n|turn|473\n|\n|move|p2a: Toxapex|Scald|p1a: Ditto\n|-damage|p1a: Ditto|120\/300 brn\n|move|p1a: Ditto|Recover|p1a: Ditto\n|-heal|p1a: Ditto|270\/300 brn\n|\n|-damage|p2a: Toxapex|267\/303 brn|[from] brn\n|-damage|p1a: Ditto|252\/300 brn|[from] brn\n|upkeep\n|turn|474\n|inactive|eigenvlue has 30 seconds left.\n|\n|move|p2a: Toxapex|Scald|p1a: Ditto\n|-damage|p1a: Ditto|213\/300 brn\n|move|p1a: Ditto|Knock Off|p2a: Toxapex\n|-damage|p2a: Toxapex|249\/303 brn\n|\n|-damage|p2a: Toxapex|231\/303 brn|[from] brn\n|-damage|p1a: Ditto|195\/300 brn|[from] brn\n|upkeep\n|turn|475\n|inactive|eigenvlue has 30 seconds left.\n|\n|switch|p2a: Magnezone|Magnezone|190\/281\n|move|p1a: Ditto|Recover|p1a: Ditto\n|-heal|p1a: Ditto|300\/300 brn\n|\n|-damage|p1a: Ditto|282\/300 brn|[from] brn\n|upkeep\n|turn|476\n|inactive|eigenvlue has 30 seconds left this turn.\n|\n|move|p2a: Magnezone|Volt Switch|p1a: Ditto\n|-damage|p1a: Ditto|201\/300 brn\n|inactive|eigenvlue has 30 seconds left this turn.\n|\n|switch|p2a: Clefable|Clefable, F|393\/393\n|move|p1a: Ditto|Will-O-Wisp|p2a: Clefable\n|-status|p2a: Clefable|brn\n|\n|-damage|p2a: Clefable|369\/393 brn|[from] brn\n|-damage|p1a: Ditto|183\/300 brn|[from] brn\n|upkeep\n|turn|477\n|inactive|eigenvlue has 30 seconds left this turn.\n|\n|switch|p2a: Magnezone|Magnezone|190\/281\n|switch|p1a: Zapdos|Zapdos|360\/383 tox\n|\n|-heal|p1a: Zapdos|383\/383 tox|[from] item: Leftovers\n|-damage|p1a: Zapdos|360\/383 tox|[from] psn\n|upkeep\n|turn|478\n|inactive|eigenvlue has 30 seconds left this turn.\n|\n|switch|p2a: Chansey|Chansey, F|648\/703\n|switch|p1a: Chansey|Chansey, F|651\/687\n|\n|upkeep\n|turn|479\n|inactive|eigenvlue has 25 seconds left this turn.\n|inactive|eigenvlue has 20 seconds left.\n|\n|switch|p2a: Sableye|Sableye-Mega, M|303\/303\n|switch|p1a: Sableye|Sableye-Mega, M|251\/303\n|\n|upkeep\n|turn|480\n|inactive|eigenvlue has 25 seconds left this turn.\n|\n|switch|p1a: Ditto|Ditto|183\/300 brn\n|-transform|p1a: Ditto|p2a: Sableye|[from] ability: Imposter\n|move|p2a: Sableye|Knock Off|p1a: Ditto\n|-damage|p1a: Ditto|131\/300 brn\n|\n|-damage|p1a: Ditto|113\/300 brn|[from] brn\n|upkeep\n|turn|481\n|inactive|eigenvlue has 25 seconds left this turn.\n|\n|switch|p2a: Toxapex|Toxapex, F|303\/303 brn\n|move|p1a: Ditto|Recover|p1a: Ditto\n|-heal|p1a: Ditto|263\/300 brn\n|\n|-damage|p2a: Toxapex|285\/303 brn|[from] brn\n|-damage|p1a: Ditto|245\/300 brn|[from] brn\n|upkeep\n|turn|482\n|inactive|eigenvlue has 30 seconds left this turn.\n|\n|move|p2a: Toxapex|Scald|p1a: Ditto\n|-damage|p1a: Ditto|205\/300 brn\n|move|p1a: Ditto|Knock Off|p2a: Toxapex\n|-damage|p2a: Toxapex|267\/303 brn\n|\n|-damage|p2a: Toxapex|249\/303 brn|[from] brn\n|-damage|p1a: Ditto|187\/300 brn|[from] brn\n|upkeep\n|turn|483\n|inactive|eigenvlue has 30 seconds left this turn.\n|\n|switch|p2a: Magnezone|Magnezone|190\/281\n|move|p1a: Ditto|Recover|p1a: Ditto\n|-heal|p1a: Ditto|300\/300 brn\n|\n|-damage|p1a: Ditto|282\/300 brn|[from] brn\n|upkeep\n|turn|484\n|inactive|eigenvlue has 30 seconds left this turn.\n|\n|move|p1a: Ditto|Protect|p1a: Ditto\n|-singleturn|p1a: Ditto|Protect\n|move|p2a: Magnezone|Volt Switch|p1a: Ditto\n|-activate|p1a: Ditto|move: Protect\n|\n|-damage|p1a: Ditto|264\/300 brn|[from] brn\n|upkeep\n|turn|485\n|inactive|eigenvlue has 25 seconds left this turn.\n|inactive|eigenvlue has 20 seconds left.\n|\n|move|p2a: Magnezone|Volt Switch|p1a: Ditto\n|-damage|p1a: Ditto|188\/300 brn\n|inactive|eigenvlue has 25 seconds left this turn.\n|\n|switch|p2a: Toxapex|Toxapex, F|303\/303 brn\n|move|p1a: Ditto|Recover|p1a: Ditto\n|-heal|p1a: Ditto|300\/300 brn\n|\n|-damage|p2a: Toxapex|285\/303 brn|[from] brn\n|-damage|p1a: Ditto|282\/300 brn|[from] brn\n|upkeep\n|turn|486\n|inactive|eigenvlue has 25 seconds left this turn.\n|inactive|eigenvlue has 20 seconds left.\n|\n|switch|p2a: Sableye|Sableye-Mega, M|303\/303\n|move|p1a: Ditto|Knock Off|p2a: Sableye\n|-damage|p2a: Sableye|273\/303\n|\n|-damage|p1a: Ditto|264\/300 brn|[from] brn\n|upkeep\n|turn|487\n|inactive|eigenvlue has 25 seconds left this turn.\n|\n|switch|p2a: Toxapex|Toxapex, F|303\/303 brn\n|move|p1a: Ditto|Will-O-Wisp|p2a: Toxapex\n|-fail|p2a: Toxapex|brn\n|\n|-damage|p2a: Toxapex|285\/303 brn|[from] brn\n|-damage|p1a: Ditto|246\/300 brn|[from] brn\n|upkeep\n|turn|488\n|inactive|eigenvlue has 25 seconds left this turn.\n|\n|switch|p2a: Sableye|Sableye-Mega, M|273\/303\n|move|p1a: Ditto|Knock Off|p2a: Sableye\n|-damage|p2a: Sableye|246\/303\n|\n|-damage|p1a: Ditto|228\/300 brn|[from] brn\n|upkeep\n|turn|489\n|inactive|eigenvlue has 30 seconds left this turn.\n|\n|switch|p1a: Zapdos|Zapdos|360\/383 tox\n|switch|p2a: Toxapex|Toxapex, F|303\/303 brn\n|\n|-heal|p1a: Zapdos|383\/383 tox|[from] item: Leftovers\n|-damage|p1a: Zapdos|360\/383 tox|[from] psn\n|-damage|p2a: Toxapex|285\/303 brn|[from] brn\n|upkeep\n|turn|490\n|inactive|eigenvlue has 30 seconds left this turn.\n|\n|switch|p2a: Chansey|Chansey, F|648\/703\n|move|p1a: Zapdos|Volt Switch|p2a: Chansey\n|-damage|p2a: Chansey|561\/703\n|inactive|eigenvlue has 30 seconds left.\n|\n|switch|p1a: Sableye|Sableye-Mega, M|251\/303\n|\n|upkeep\n|turn|491\n|inactive|eigenvlue has 30 seconds left this turn.\n|\n|switch|p2a: Toxapex|Toxapex, F|303\/303 brn\n|move|p1a: Sableye|Knock Off|p2a: Toxapex\n|-crit|p2a: Toxapex\n|-damage|p2a: Toxapex|249\/303 brn\n|\n|-damage|p2a: Toxapex|231\/303 brn|[from] brn\n|upkeep\n|turn|492\n|inactive|eigenvlue has 30 seconds left this turn.\n|\n|switch|p2a: Magnezone|Magnezone|190\/281\n|move|p1a: Sableye|Protect||[still]\n|-fail|p1a: Sableye\n|\n|upkeep\n|turn|493\n|inactive|eigenvlue has 30 seconds left this turn.\n|\n|switch|p1a: Chansey|Chansey, F|651\/687\n|move|p2a: Magnezone|Thunderbolt|p1a: Chansey\n|-damage|p1a: Chansey|558\/687\n|\n|upkeep\n|turn|494\n|inactive|eigenvlue has 30 seconds left.\n|\n|move|p2a: Magnezone|Volt Switch|p1a: Chansey\n|-damage|p1a: Chansey|483\/687\n|inactive|eigenvlue has 30 seconds left this turn.\n|\n|switch|p2a: Skarmory|Skarmory, F|238\/333\n|move|p1a: Chansey|Seismic Toss|p2a: Skarmory\n|-damage|p2a: Skarmory|138\/333\n|-damage|p1a: Chansey|369\/687|[from] item: Rocky Helmet|[of] p2a: Skarmory\n|\n|upkeep\n|turn|495\n|inactive|eigenvlue has 30 seconds left.\n|\n|switch|p1a: Sableye|Sableye-Mega, M|251\/303\n|move|p2a: Skarmory|Roost|p2a: Skarmory\n|-heal|p2a: Skarmory|305\/333\n|-singleturn|p2a: Skarmory|move: Roost\n|\n|upkeep\n|turn|496\n|inactive|eigenvlue has 30 seconds left this turn.\n|\n|switch|p2a: Toxapex|Toxapex, F|303\/303 brn\n|move|p1a: Sableye|Knock Off|p2a: Toxapex\n|-damage|p2a: Toxapex|266\/303 brn\n|\n|-damage|p2a: Toxapex|248\/303 brn|[from] brn\n|upkeep\n|turn|497\n|inactive|eigenvlue has 30 seconds left this turn.\n|\n|switch|p2a: Clefable|Clefable, F|369\/393 brn\n|switch|p1a: Chansey|Chansey, F|369\/687\n|\n|-heal|p2a: Clefable|393\/393 brn|[from] item: Leftovers\n|-damage|p2a: Clefable|369\/393 brn|[from] brn\n|upkeep\n|turn|498\n|inactive|eigenvlue has 30 seconds left this turn.\n|\n|switch|p2a: Skarmory|Skarmory, F|305\/333\n|move|p1a: Chansey|Soft-Boiled|p1a: Chansey\n|-heal|p1a: Chansey|687\/687\n|\n|upkeep\n|turn|499\n|inactive|eigenvlue has 30 seconds left this turn.\n|\n|switch|p2a: Toxapex|Toxapex, F|303\/303 brn\n|switch|p1a: Sableye|Sableye-Mega, M|251\/303\n|\n|-damage|p2a: Toxapex|285\/303 brn|[from] brn\n|upkeep\n|bigerror|You will auto-tie if the battle doesn't end in 500 turns turns (on turn 1000).\n|turn|500\n|inactive|eigenvlue has 25 seconds left this turn.\n|inactive|JoeyOwesMeMoney has 120 seconds left.\n|inactive|JoeyOwesMeMoney has 90 seconds left.\n|inactive|JoeyOwesMeMoney has 60 seconds left.\n|\n|switch|p1a: Chansey|Chansey, F|687\/687\n|move|p2a: Toxapex|Toxic Spikes|p1a: Chansey\n|-sidestart|p1: eigenvlue|move: Toxic Spikes\n|\n|-damage|p2a: Toxapex|267\/303 brn|[from] brn\n|upkeep\n|turn|501\n|inactive|eigenvlue has 30 seconds left this turn.\n|\n|switch|p1a: Toxapex|Toxapex, M|303\/303\n|-sideend|p1: eigenvlue|move: Toxic Spikes|[of] p1a: Toxapex\n|switch|p2a: Magnezone|Magnezone|190\/281\n|\n|upkeep\n|turn|502\n|inactive|eigenvlue has 25 seconds left this turn.\n|inactive|eigenvlue has 20 seconds left.\n|\n|move|p1a: Toxapex|Baneful Bunker|p1a: Toxapex\n|-singleturn|p1a: Toxapex|move: Protect\n|move|p2a: Magnezone|Volt Switch|p1a: Toxapex\n|-activate|p1a: Toxapex|move: Protect\n|\n|upkeep\n|turn|503\n|inactive|eigenvlue has 25 seconds left this turn.\n|\n|switch|p2a: Chansey|Chansey, F|561\/703\n|switch|p1a: Chansey|Chansey, F|687\/687\n|\n|upkeep\n|turn|504\n|inactive|eigenvlue has 25 seconds left this turn.\n|inactive|eigenvlue has 20 seconds left.\n|\n|switch|p2a: Toxapex|Toxapex, F|303\/303 brn\n|switch|p1a: Sableye|Sableye-Mega, M|251\/303\n|\n|-damage|p2a: Toxapex|285\/303 brn|[from] brn\n|upkeep\n|turn|505\n|inactive|eigenvlue has 25 seconds left this turn.\n|inactive|eigenvlue has 20 seconds left.\n|\n|switch|p2a: Magnezone|Magnezone|190\/281\n|switch|p1a: Ditto|Ditto|228\/300 brn\n|-transform|p1a: Ditto|p2a: Magnezone|[from] ability: Imposter\n|\n|-damage|p1a: Ditto|210\/300 brn|[from] brn\n|upkeep\n|turn|506\n|inactive|eigenvlue has 20 seconds left this turn.\n|inactive|eigenvlue has 15 seconds left.\n|\n|move|p1a: Ditto|Volt Switch|p2a: Magnezone\n|-resisted|p2a: Magnezone\n|-damage|p2a: Magnezone|123\/281\n|inactive|eigenvlue has 20 seconds left this turn.\n|\n|switch|p1a: Chansey|Chansey, F|687\/687\n|move|p2a: Magnezone|Volt Switch|p1a: Chansey\n|-damage|p1a: Chansey|617\/687\n|inactive|eigenvlue has 20 seconds left this turn.\n|\n|switch|p2a: Clefable|Clefable, F|369\/393 brn\n|\n|-heal|p2a: Clefable|393\/393 brn|[from] item: Leftovers\n|-damage|p2a: Clefable|369\/393 brn|[from] brn\n|upkeep\n|turn|507\n|inactive|eigenvlue has 25 seconds left this turn.\n|\n|switch|p1a: Ditto|Ditto|210\/300 brn\n|-transform|p1a: Ditto|p2a: Clefable|[from] ability: Imposter\n|move|p2a: Clefable|Wish|p2a: Clefable\n|\n|-heal|p2a: Clefable|393\/393 brn|[from] item: Leftovers\n|-damage|p2a: Clefable|369\/393 brn|[from] brn\n|-damage|p1a: Ditto|192\/300 brn|[from] brn\n|upkeep\n|turn|508\n|inactive|eigenvlue has 25 seconds left this turn.\n|inactive|eigenvlue has 20 seconds left.\n|\n|switch|p2a: Magnezone|Magnezone|123\/281\n|move|p1a: Ditto|Wish|p1a: Ditto\n|\n|-heal|p2a: Magnezone|281\/281|[from] move: Wish|[wisher] Clefable\n|-damage|p1a: Ditto|174\/300 brn|[from] brn\n|upkeep\n|turn|509\n|inactive|eigenvlue has 25 seconds left this turn.\n|inactive|eigenvlue has 20 seconds left.\n|\n|move|p1a: Ditto|Protect|p1a: Ditto\n|-singleturn|p1a: Ditto|Protect\n|move|p2a: Magnezone|Volt Switch|p1a: Ditto\n|-activate|p1a: Ditto|move: Protect\n|\n|-heal|p1a: Ditto|300\/300 brn|[from] move: Wish|[wisher] Ditto\n|-damage|p1a: Ditto|282\/300 brn|[from] brn\n|upkeep\n|turn|510\n|inactive|eigenvlue has 20 seconds left this turn.\n|inactive|eigenvlue has 15 seconds left.\n|inactive|JoeyOwesMeMoney has 60 seconds left.\n|inactive|JoeyOwesMeMoney has 30 seconds left.\n|\n|move|p2a: Magnezone|Volt Switch|p1a: Ditto\n|-damage|p1a: Ditto|158\/300 brn\n|inactive|eigenvlue has 20 seconds left this turn.\n|\n|switch|p2a: Chansey|Chansey, F|561\/703\n|move|p1a: Ditto|Heal Bell|p1a: Ditto\n|-activate|p1a: Ditto|move: Heal Bell\n|-curestatus|p1a: Ditto|brn|[msg]\n|-curestatus|p1: Zapdos|tox|[msg]\n|\n|upkeep\n|turn|511\n|inactive|eigenvlue has 20 seconds left this turn.\n|\n|switch|p2a: Magnezone|Magnezone|281\/281\n|move|p1a: Ditto|Wish|p1a: Ditto\n|\n|upkeep\n|turn|512\n|inactive|eigenvlue has 25 seconds left this turn.\n|\n|move|p1a: Ditto|Protect|p1a: Ditto\n|-singleturn|p1a: Ditto|Protect\n|move|p2a: Magnezone|Flash Cannon|p1a: Ditto\n|-activate|p1a: Ditto|move: Protect\n|\n|-heal|p1a: Ditto|300\/300|[from] move: Wish|[wisher] Ditto\n|upkeep\n|turn|513\n|inactive|eigenvlue has 25 seconds left this turn.\n|\n|switch|p2a: Chansey|Chansey, F|561\/703\n|switch|p1a: Chansey|Chansey, F|617\/687\n|\n|upkeep\n|turn|514\n|inactive|eigenvlue has 30 seconds left this turn.\n|\n|switch|p1a: Sableye|Sableye-Mega, M|251\/303\n|switch|p2a: Toxapex|Toxapex, F|303\/303 brn\n|\n|-damage|p2a: Toxapex|285\/303 brn|[from] brn\n|upkeep\n|turn|515\n|inactive|eigenvlue has 30 seconds left this turn.\n|\n|switch|p2a: Clefable|Clefable, F|369\/393 brn\n|switch|p1a: Ditto|Ditto|300\/300\n|-transform|p1a: Ditto|p2a: Clefable|[from] ability: Imposter\n|\n|-heal|p2a: Clefable|393\/393 brn|[from] item: Leftovers\n|-damage|p2a: Clefable|369\/393 brn|[from] brn\n|upkeep\n|turn|516\n|inactive|eigenvlue has 30 seconds left.\n|\n|switch|p2a: Toxapex|Toxapex, F|303\/303 brn\n|move|p1a: Ditto|Moonblast|p2a: Toxapex\n|-resisted|p2a: Toxapex\n|-damage|p2a: Toxapex|267\/303 brn\n|-unboost|p2a: Toxapex|spa|1\n|\n|-damage|p2a: Toxapex|249\/303 brn|[from] brn\n|upkeep\n|turn|517\n|inactive|eigenvlue has 30 seconds left this turn.\n|\n|switch|p1a: Sableye|Sableye-Mega, M|251\/303\n|move|p2a: Toxapex|Toxic Spikes|p1a: Sableye\n|move|p1a: Sableye|Toxic Spikes|p2a: Toxapex|[from]Magic Bounce\n|-sidestart|p2: JoeyOwesMeMoney|move: Toxic Spikes\n|\n|-damage|p2a: Toxapex|231\/303 brn|[from] brn\n|upkeep\n|turn|518\n|inactive|eigenvlue has 30 seconds left this turn.\n|\n|switch|p2a: Skarmory|Skarmory, F|305\/333\n|move|p1a: Sableye|Protect||[still]\n|-fail|p1a: Sableye\n|\n|upkeep\n|turn|519\n|inactive|eigenvlue has 25 seconds left this turn.\n|\n|switch|p2a: Toxapex|Toxapex, F|303\/303 brn\n|-sideend|p2: JoeyOwesMeMoney|move: Toxic Spikes|[of] p2a: Toxapex\n|move|p1a: Sableye|Will-O-Wisp|p2a: Toxapex\n|-fail|p2a: Toxapex|brn\n|\n|-damage|p2a: Toxapex|285\/303 brn|[from] brn\n|upkeep\n|turn|520\n|inactive|eigenvlue has 30 seconds left this turn.\n|\n|switch|p1a: Ditto|Ditto|300\/300\n|-transform|p1a: Ditto|p2a: Toxapex|[from] ability: Imposter\n|move|p2a: Toxapex|Toxic Spikes|p1a: Ditto\n|-sidestart|p1: eigenvlue|move: Toxic Spikes\n|\n|-damage|p2a: Toxapex|267\/303 brn|[from] brn\n|upkeep\n|turn|521\n|inactive|eigenvlue has 25 seconds left this turn.\n|inactive|eigenvlue has 20 seconds left.\n|\n|switch|p2a: Magnezone|Magnezone|281\/281\n|move|p1a: Ditto|Scald|p2a: Magnezone\n|-damage|p2a: Magnezone|224\/281\n|\n|upkeep\n|turn|522\n|inactive|eigenvlue has 25 seconds left this turn.\n|inactive|eigenvlue has 20 seconds left.\n|inactive|eigenvlue has 15 seconds left.\n|inactive|eigenvlue has 10 seconds left.\n|\n|switch|p1a: Chansey|Chansey, F|617\/687\n|-status|p1a: Chansey|psn\n|move|p2a: Magnezone|Thunderbolt|p1a: Chansey\n|-crit|p1a: Chansey\n|-damage|p1a: Chansey|470\/687 psn\n|\n|-damage|p1a: Chansey|385\/687 psn|[from] psn\n|upkeep\n|turn|523\n|inactive|eigenvlue has 10 seconds left this turn.\n|inactive|eigenvlue has 5 seconds left.\n|\n|switch|p1a: Zapdos|Zapdos|360\/383\n|move|p2a: Magnezone|Thunderbolt|p1a: Zapdos\n|-crit|p1a: Zapdos\n|-damage|p1a: Zapdos|99\/383\n|\n|-heal|p1a: Zapdos|122\/383|[from] item: Leftovers\n|upkeep\n|turn|524\n|inactive|eigenvlue has 10 seconds left this turn.\n|inactive|eigenvlue has 5 seconds left.\n|\n|move|p2a: Magnezone|Thunderbolt|p1a: Zapdos\n|-damage|p1a: Zapdos|0 fnt\n|faint|p1a: Zapdos\n|\n|upkeep\n|inactive|eigenvlue has 5 seconds left this turn.\n|-message|eigenvlue lost due to inactivity.\n|\n|win|JoeyOwesMeMoney\n|raw|eigenvlue's rating: 1675 &rarr; <strong>1649<\/strong><br \/>(-26 for losing)\n|raw|JoeyOwesMeMoney's rating: 1576 &rarr; <strong>1601<\/strong><br \/>(+25 for winning)\n|c|\u2606JoeyOwesMeMoney|\"\u2606eigenvlue: come on boy\"\n|c|\u2606JoeyOwesMeMoney|\"\u2606eigenvlue: i havent been playing with stall team player like you for centuries\"\n|c|\u2606eigenvlue|good game\n|c|\u2606JoeyOwesMeMoney|2 ez\n|c|\u2606JoeyOwesMeMoney|bg\n|l|\u2606eigenvlue\n","uploadtime":1558517223,"views":32,"p1id":"eigenvlue","p2id":"joeyowesmemoney","formatid":"gen7ou","rating":1601,"private":0,"password":null}