{"id":"gen7ou-1011693580","p1":"Mercurial Vapor II","p2":"orangesss","format":"gen7ou","log":"|j|\u2606Mercurial Vapor II\n|j|\u2606orangesss\n|player|p1|Mercurial Vapor II|161|1803\n|player|p2|orangesss|164|1722\n|teamsize|p1|6\n|teamsize|p2|6\n|gametype|singles\n|gen|7\n|tier|[Gen 7] OU\n|rated|\n|rule|Sleep Clause Mod: Limit one foe put to sleep\n|rule|Species Clause: Limit one of each Pok\u00e9mon\n|rule|OHKO Clause: OHKO moves are banned\n|rule|Moody Clause: Moody is banned\n|rule|Evasion Moves Clause: Evasion moves are banned\n|rule|Endless Battle Clause: Forcing endless battles is banned\n|rule|HP Percentage Mod: HP is shown in percentages\n|clearpoke\n|poke|p1|Toxapex, M|item\n|poke|p1|Tapu Bulu|item\n|poke|p1|Heatran, M|item\n|poke|p1|Landorus-Therian, M|item\n|poke|p1|Reuniclus, M|item\n|poke|p1|Tyranitar, M|item\n|poke|p2|Hawlucha, M|item\n|poke|p2|Ferrothorn, M|item\n|poke|p2|Pelipper, M|item\n|poke|p2|Tapu Koko|item\n|poke|p2|Swampert, F|item\n|poke|p2|Kartana|item\n|teampreview\n|inactive|Battle timer is ON: inactive players will automatically lose when time's up. (requested by Mercurial Vapor II)\n|\n|start\n|switch|p1a: Tapu Bulu|Tapu Bulu|100\/100\n|switch|p2a: Hate rain :(|Ferrothorn, M|100\/100\n|-fieldstart|move: Grassy Terrain|[from] ability: Grassy Surge|[of] p1a: Tapu Bulu\n|turn|1\n|\n|switch|p1a: Heatran|Heatran, M|100\/100\n|move|p2a: Hate rain :(|Stealth Rock|p1a: Heatran\n|-sidestart|p1: Mercurial Vapor II|move: Stealth Rock\n|\n|upkeep\n|turn|2\n|\n|move|p1a: Heatran|Stealth Rock|p2a: Hate rain :(\n|-sidestart|p2: orangesss|move: Stealth Rock\n|move|p2a: Hate rain :(|Spikes|p1a: Heatran\n|-sidestart|p1: Mercurial Vapor II|Spikes\n|\n|upkeep\n|turn|3\n|\n|switch|p2a: Nappy is trash|Pelipper, M|100\/100\n|-damage|p2a: Nappy is trash|76\/100|[from] Stealth Rock\n|-weather|RainDance|[from] ability: Drizzle|[of] p2a: Nappy is trash\n|move|p1a: Heatran|Magma Storm|p2a: Nappy is trash|[miss]\n|-miss|p1a: Heatran|p2a: Nappy is trash\n|\n|-weather|RainDance|[upkeep]\n|upkeep\n|turn|4\n|\n|switch|p1a: Tyranitar|Tyranitar, M, shiny|100\/100\n|-damage|p1a: Tyranitar|88\/100|[from] Spikes\n|-damage|p1a: Tyranitar|76\/100|[from] Stealth Rock\n|-weather|Sandstorm|[from] ability: Sand Stream|[of] p1a: Tyranitar\n|switch|p2a: Hate rain :(|Ferrothorn, M|100\/100\n|-damage|p2a: Hate rain :(|94\/100|[from] Stealth Rock\n|\n|-weather|Sandstorm|[upkeep]\n|-heal|p1a: Tyranitar|82\/100|[from] Grassy Terrain\n|-heal|p2a: Hate rain :(|100\/100|[from] item: Leftovers\n|upkeep\n|turn|5\n|\n|switch|p1a: Reuniclus|Reuniclus, M|100\/100\n|move|p2a: Hate rain :(|Gyro Ball|p1a: Reuniclus\n|-crit|p1a: Reuniclus\n|-damage|p1a: Reuniclus|78\/100\n|\n|-weather|Sandstorm|[upkeep]\n|-heal|p1a: Reuniclus|84\/100|[from] item: Leftovers\n|-heal|p1a: Reuniclus|90\/100|[from] Grassy Terrain\n|-fieldend|move: Grassy Terrain\n|upkeep\n|turn|6\n|j| asdkko\n|\n|switch|p2a: Speed OD|Tapu Koko|100\/100\n|-damage|p2a: Speed OD|88\/100|[from] Stealth Rock\n|-fieldstart|move: Electric Terrain|[from] ability: Electric Surge|[of] p2a: Speed OD\n|move|p1a: Reuniclus|Calm Mind|p1a: Reuniclus\n|-boost|p1a: Reuniclus|spa|1\n|-boost|p1a: Reuniclus|spd|1\n|\n|-weather|Sandstorm|[upkeep]\n|-damage|p2a: Speed OD|82\/100|[from] Sandstorm\n|-heal|p1a: Reuniclus|96\/100|[from] item: Leftovers\n|upkeep\n|turn|7\n|\n|move|p2a: Speed OD|Taunt|p1a: Reuniclus\n|-start|p1a: Reuniclus|move: Taunt\n|cant|p1a: Reuniclus|move: Taunt|Recover\n|\n|-weather|Sandstorm|[upkeep]\n|-damage|p2a: Speed OD|76\/100|[from] Sandstorm\n|-heal|p1a: Reuniclus|100\/100|[from] item: Leftovers\n|upkeep\n|turn|8\n|j| Pikiri\n|\n|move|p2a: Speed OD|Nature's Madness|p1a: Reuniclus\n|-damage|p1a: Reuniclus|50\/100\n|move|p1a: Reuniclus|Psyshock|p2a: Speed OD\n|-damage|p2a: Speed OD|11\/100\n|\n|-weather|none\n|-heal|p1a: Reuniclus|57\/100|[from] item: Leftovers\n|upkeep\n|turn|9\n|\n|-zpower|p2a: Speed OD\n|move|p2a: Speed OD|Twinkle Tackle|p1a: Reuniclus|[zeffect]\n|-damage|p1a: Reuniclus|13\/100\n|move|p1a: Reuniclus|Psyshock|p2a: Speed OD\n|-damage|p2a: Speed OD|0 fnt\n|faint|p2a: Speed OD\n|\n|-heal|p1a: Reuniclus|19\/100|[from] item: Leftovers\n|-end|p1a: Reuniclus|move: Taunt\n|upkeep\n|\n|switch|p2a: Copypaste|Hawlucha, M|100\/100\n|-damage|p2a: Copypaste|88\/100|[from] Stealth Rock\n|-enditem|p2a: Copypaste|Electric Seed\n|-boost|p2a: Copypaste|def|1\n|turn|10\n|\n|move|p2a: Copypaste|Acrobatics|p1a: Reuniclus\n|-damage|p1a: Reuniclus|0 fnt\n|faint|p1a: Reuniclus\n|\n|-fieldend|move: Electric Terrain\n|upkeep\n|\n|switch|p1a: Toxapex|Toxapex, M|100\/100\n|-damage|p1a: Toxapex|88\/100|[from] Spikes\n|-damage|p1a: Toxapex|76\/100|[from] Stealth Rock\n|turn|11\n|\n|move|p2a: Copypaste|Swords Dance|p2a: Copypaste\n|-boost|p2a: Copypaste|atk|2\n|move|p1a: Toxapex|Toxic|p2a: Copypaste\n|-status|p2a: Copypaste|tox\n|\n|-damage|p2a: Copypaste|82\/100 tox|[from] psn\n|upkeep\n|turn|12\n|\n|switch|p1a: Landorus|Landorus-Therian, M|100\/100\n|-damage|p1a: Landorus|88\/100|[from] Stealth Rock\n|-ability|p1a: Landorus|Intimidate|boost\n|-unboost|p2a: Copypaste|atk|1\n|move|p2a: Copypaste|Acrobatics|p1a: Landorus\n|-damage|p1a: Landorus|13\/100\n|\n|-damage|p2a: Copypaste|69\/100 tox|[from] psn\n|upkeep\n|turn|13\n|\n|move|p2a: Copypaste|Acrobatics|p1a: Landorus\n|-damage|p1a: Landorus|0 fnt\n|faint|p1a: Landorus\n|\n|-damage|p2a: Copypaste|51\/100 tox|[from] psn\n|upkeep\n|\n|switch|p1a: Toxapex|Toxapex, M|100\/100\n|-damage|p1a: Toxapex|88\/100|[from] Stealth Rock\n|-damage|p1a: Toxapex|76\/100|[from] Spikes\n|turn|14\n|\n|move|p2a: Copypaste|Acrobatics|p1a: Toxapex\n|-damage|p1a: Toxapex|15\/100\n|move|p1a: Toxapex|Recover|p1a: Toxapex\n|-heal|p1a: Toxapex|66\/100\n|\n|-damage|p2a: Copypaste|26\/100 tox|[from] psn\n|upkeep\n|turn|15\n|j| Prince Ash 123\n|\n|switch|p2a: Hate rain :(|Ferrothorn, M|100\/100\n|-damage|p2a: Hate rain :(|94\/100|[from] Stealth Rock\n|move|p1a: Toxapex|Recover|p1a: Toxapex\n|-heal|p1a: Toxapex|100\/100\n|\n|-heal|p2a: Hate rain :(|100\/100|[from] item: Leftovers\n|upkeep\n|turn|16\n|\n|switch|p1a: Heatran|Heatran, M|100\/100\n|-damage|p1a: Heatran|88\/100|[from] Spikes\n|-damage|p1a: Heatran|76\/100|[from] Stealth Rock\n|move|p2a: Hate rain :(|Spikes|p1a: Heatran\n|-sidestart|p1: Mercurial Vapor II|Spikes\n|\n|upkeep\n|turn|17\n|\n|switch|p2a: Nappy is trash|Pelipper, M|76\/100\n|-damage|p2a: Nappy is trash|51\/100|[from] Stealth Rock\n|-weather|RainDance|[from] ability: Drizzle|[of] p2a: Nappy is trash\n|move|p1a: Heatran|Magma Storm|p2a: Nappy is trash\n|-resisted|p2a: Nappy is trash\n|-damage|p2a: Nappy is trash|38\/100\n|-activate|p2a: Nappy is trash|move: Magma Storm|[of] p1a: Heatran\n|\n|-weather|RainDance|[upkeep]\n|-damage|p2a: Nappy is trash|26\/100|[from] move: Magma Storm|[partiallytrapped]\n|upkeep\n|turn|18\n|l| Prince Ash 123\n|\n|switch|p1a: Tyranitar|Tyranitar, M, shiny|82\/100\n|-damage|p1a: Tyranitar|66\/100|[from] Spikes\n|-damage|p1a: Tyranitar|53\/100|[from] Stealth Rock\n|-weather|Sandstorm|[from] ability: Sand Stream|[of] p1a: Tyranitar\n|move|p2a: Nappy is trash|U-turn|p1a: Tyranitar\n|-supereffective|p1a: Tyranitar\n|-damage|p1a: Tyranitar|39\/100\n|\n|switch|p2a: Wolverine|Kartana|100\/100|[from]move: U-turn\n|-damage|p2a: Wolverine|94\/100|[from] Stealth Rock\n|\n|-weather|Sandstorm|[upkeep]\n|upkeep\n|turn|19\n|\n|switch|p1a: Toxapex|Toxapex, M|100\/100\n|-damage|p1a: Toxapex|84\/100|[from] Spikes\n|-damage|p1a: Toxapex|72\/100|[from] Stealth Rock\n|move|p2a: Wolverine|Sacred Sword|p1a: Toxapex\n|-resisted|p1a: Toxapex\n|-damage|p1a: Toxapex|56\/100\n|\n|-weather|Sandstorm|[upkeep]\n|-damage|p1a: Toxapex|50\/100|[from] Sandstorm\n|upkeep\n|turn|20\n|\n|switch|p2a: Hate rain :(|Ferrothorn, M|100\/100\n|-damage|p2a: Hate rain :(|94\/100|[from] Stealth Rock\n|switch|p1a: Heatran|Heatran, M|76\/100\n|-damage|p1a: Heatran|59\/100|[from] Spikes\n|-damage|p1a: Heatran|47\/100|[from] Stealth Rock\n|\n|-weather|Sandstorm|[upkeep]\n|-heal|p2a: Hate rain :(|100\/100|[from] item: Leftovers\n|upkeep\n|turn|21\n|\n|switch|p2a: Nappy is trash|Pelipper, M|26\/100\n|-damage|p2a: Nappy is trash|1\/100|[from] Stealth Rock\n|-weather|RainDance|[from] ability: Drizzle|[of] p2a: Nappy is trash\n|move|p1a: Heatran|Magma Storm|p2a: Nappy is trash\n|-resisted|p2a: Nappy is trash\n|-damage|p2a: Nappy is trash|0 fnt\n|faint|p2a: Nappy is trash\n|\n|-weather|RainDance|[upkeep]\n|upkeep\n|\n|switch|p2a: Swamp Thing|Swampert, F|100\/100\n|-damage|p2a: Swamp Thing|94\/100|[from] Stealth Rock\n|turn|22\n|\n|detailschange|p2a: Swamp Thing|Swampert-Mega, F\n|-mega|p2a: Swamp Thing|Swampert|Swampertite\n|move|p2a: Swamp Thing|Power-Up Punch|p1a: Heatran\n|-supereffective|p1a: Heatran\n|-damage|p1a: Heatran|14\/100\n|-boost|p2a: Swamp Thing|atk|1\n|-zpower|p1a: Heatran\n|move|p1a: Heatran|Bloom Doom|p2a: Swamp Thing|[zeffect]\n|-supereffective|p2a: Swamp Thing\n|-damage|p2a: Swamp Thing|0 fnt\n|faint|p2a: Swamp Thing\n|\n|-weather|RainDance|[upkeep]\n|upkeep\n|\n|switch|p2a: Wolverine|Kartana|94\/100\n|-damage|p2a: Wolverine|88\/100|[from] Stealth Rock\n|turn|23\n|\n|switch|p1a: Toxapex|Toxapex, M|83\/100\n|-damage|p1a: Toxapex|67\/100|[from] Spikes\n|-damage|p1a: Toxapex|54\/100|[from] Stealth Rock\n|move|p2a: Wolverine|Sacred Sword|p1a: Toxapex\n|-resisted|p1a: Toxapex\n|-damage|p1a: Toxapex|37\/100\n|\n|-weather|RainDance|[upkeep]\n|upkeep\n|turn|24\n|\n|switch|p2a: Hate rain :(|Ferrothorn, M|100\/100\n|-damage|p2a: Hate rain :(|94\/100|[from] Stealth Rock\n|move|p1a: Toxapex|Recover|p1a: Toxapex\n|-heal|p1a: Toxapex|88\/100\n|\n|-weather|RainDance|[upkeep]\n|-heal|p2a: Hate rain :(|100\/100|[from] item: Leftovers\n|upkeep\n|turn|25\n|\n|move|p1a: Toxapex|Scald|p2a: Hate rain :(\n|-resisted|p2a: Hate rain :(\n|-damage|p2a: Hate rain :(|91\/100\n|move|p2a: Hate rain :(|Spikes|p1a: Toxapex\n|-sidestart|p1: Mercurial Vapor II|Spikes\n|\n|-weather|RainDance|[upkeep]\n|-heal|p2a: Hate rain :(|97\/100|[from] item: Leftovers\n|upkeep\n|turn|26\n|\n|move|p1a: Toxapex|Scald|p2a: Hate rain :(\n|-resisted|p2a: Hate rain :(\n|-damage|p2a: Hate rain :(|88\/100\n|-status|p2a: Hate rain :(|brn\n|move|p2a: Hate rain :(|Knock Off|p1a: Toxapex\n|-damage|p1a: Toxapex|79\/100\n|-enditem|p1a: Toxapex|Payapa Berry|[from] move: Knock Off|[of] p2a: Hate rain :(\n|\n|-weather|RainDance|[upkeep]\n|-heal|p2a: Hate rain :(|95\/100 brn|[from] item: Leftovers\n|-damage|p2a: Hate rain :(|88\/100 brn|[from] brn\n|upkeep\n|turn|27\n|\n|switch|p2a: Copypaste|Hawlucha, M|26\/100 tox\n|-damage|p2a: Copypaste|13\/100 tox|[from] Stealth Rock\n|move|p1a: Toxapex|Scald|p2a: Copypaste\n|-damage|p2a: Copypaste|0 fnt\n|faint|p2a: Copypaste\n|\n|-weather|RainDance|[upkeep]\n|upkeep\n|\n|switch|p2a: Wolverine|Kartana|88\/100\n|-damage|p2a: Wolverine|82\/100|[from] Stealth Rock\n|turn|28\n|\n|move|p2a: Wolverine|Leaf Blade|p1a: Toxapex\n|-damage|p1a: Toxapex|33\/100\n|move|p1a: Toxapex|Recover|p1a: Toxapex\n|-heal|p1a: Toxapex|83\/100\n|\n|-weather|none\n|upkeep\n|turn|29\n|\n|move|p2a: Wolverine|Leaf Blade|p1a: Toxapex\n|-damage|p1a: Toxapex|33\/100\n|move|p1a: Toxapex|Recover|p1a: Toxapex\n|-heal|p1a: Toxapex|83\/100\n|\n|upkeep\n|turn|30\n|\n|move|p2a: Wolverine|Leaf Blade|p1a: Toxapex\n|-damage|p1a: Toxapex|33\/100\n|move|p1a: Toxapex|Scald|p2a: Wolverine\n|-resisted|p2a: Wolverine\n|-damage|p2a: Wolverine|58\/100\n|-status|p2a: Wolverine|brn\n|\n|-damage|p2a: Wolverine|51\/100 brn|[from] brn\n|upkeep\n|turn|31\n|\n|move|p2a: Wolverine|Leaf Blade|p1a: Toxapex\n|-damage|p1a: Toxapex|10\/100\n|move|p1a: Toxapex|Recover|p1a: Toxapex\n|-heal|p1a: Toxapex|61\/100\n|\n|-damage|p2a: Wolverine|45\/100 brn|[from] brn\n|upkeep\n|turn|32\n|\n|move|p2a: Wolverine|Leaf Blade|p1a: Toxapex\n|-damage|p1a: Toxapex|36\/100\n|move|p1a: Toxapex|Recover|p1a: Toxapex\n|-heal|p1a: Toxapex|87\/100\n|\n|-damage|p2a: Wolverine|39\/100 brn|[from] brn\n|upkeep\n|turn|33\n|-message|orangesss forfeited.\n|\n|win|Mercurial Vapor II\n|l|\u2606orangesss\n|raw|Mercurial Vapor II's rating: 1803 &rarr; <strong>1819<\/strong><br \/>(+16 for winning)\n|raw|orangesss's rating: 1723 &rarr; <strong>1707<\/strong><br \/>(-16 for losing)\n","uploadtime":1574048180,"views":51,"p1id":"mercurialvaporii","p2id":"orangesss","formatid":"gen7ou","rating":1707,"private":0,"password":null}