{"id":"gen7ou-920678087","p1":"graschamp VGC","p2":"HQSFun","format":"gen7ou","log":"|j|\u2606graschamp VGC\n|j|\u2606HQSFun\n|player|p1|graschamp VGC|may-gen3rs\n|player|p2|HQSFun|260\n|teamsize|p1|6\n|teamsize|p2|6\n|gametype|singles\n|gen|7\n|tier|[Gen 7] OU\n|rated|\n|rule|Sleep Clause Mod: Limit one foe put to sleep\n|rule|Species Clause: Limit one of each Pok\u00e9mon\n|rule|OHKO Clause: OHKO moves are banned\n|rule|Moody Clause: Moody is banned\n|rule|Evasion Moves Clause: Evasion moves are banned\n|rule|Endless Battle Clause: Forcing endless battles is banned\n|rule|HP Percentage Mod: HP is shown in percentages\n|clearpoke\n|poke|p1|Landorus-Therian, M|item\n|poke|p1|Kommo-o, F|item\n|poke|p1|Diancie|item\n|poke|p1|Greninja, M|item\n|poke|p1|Serperior, M|item\n|poke|p1|Celesteela|item\n|poke|p2|Lopunny, M|item\n|poke|p2|Blacephalon|item\n|poke|p2|Landorus-Therian, M|item\n|poke|p2|Magearna|item\n|poke|p2|Ferrothorn, M|item\n|poke|p2|Crawdaunt, M|item\n|teampreview\n|inactive|Battle timer is ON: inactive players will automatically lose when time's up. (requested by graschamp VGC)\n|inactive|HQSFun has 120 seconds left.\n|\n|start\n|switch|p1a: Landorus|Landorus-Therian, M|319\/319\n|switch|p2a: Lopunny|Lopunny, M|271\/271\n|-ability|p1a: Landorus|Intimidate|boost\n|-unboost|p2a: Lopunny|atk|1\n|turn|1\n|\n|detailschange|p2a: Lopunny|Lopunny-Mega, M\n|-mega|p2a: Lopunny|Lopunny|Lopunnite\n|move|p2a: Lopunny|Fake Out|p1a: Landorus\n|-damage|p1a: Landorus|268\/319\n|cant|p1a: Landorus|flinch\n|\n|upkeep\n|turn|2\n|\n|move|p2a: Lopunny|Ice Punch|p1a: Landorus\n|-supereffective|p1a: Landorus\n|-damage|p1a: Landorus|0 fnt\n|faint|p1a: Landorus\n|\n|upkeep\n|\n|switch|p1a: Diancie|Diancie|241\/241\n|turn|3\n|\n|switch|p2a: Ferrothorn|Ferrothorn, M|352\/352\n|detailschange|p1a: Diancie|Diancie-Mega\n|-mega|p1a: Diancie|Diancie|Diancite\n|move|p1a: Diancie|Earth Power|p2a: Ferrothorn\n|-damage|p2a: Ferrothorn|263\/352\n|\n|-heal|p2a: Ferrothorn|285\/352|[from] item: Leftovers\n|upkeep\n|turn|4\n|inactive|graschamp VGC has 120 seconds left.\n|\n|switch|p2a: Lopunny|Lopunny-Mega, M|271\/271\n|move|p1a: Diancie|Hidden Power|p2a: Lopunny\n|-damage|p2a: Lopunny|181\/271\n|\n|upkeep\n|turn|5\n|\n|switch|p1a: Celesteela|Celesteela|354\/354\n|move|p2a: Lopunny|Fake Out|p1a: Celesteela\n|-resisted|p1a: Celesteela\n|-damage|p1a: Celesteela|316\/354\n|\n|upkeep\n|turn|6\n|\n|switch|p2a: Magearna|Magearna|363\/363\n|move|p1a: Celesteela|Autotomize|p1a: Celesteela\n|-boost|p1a: Celesteela|spe|2\n|-start|p1a: Celesteela|Autotomize\n|\n|upkeep\n|turn|7\n|\n|move|p1a: Celesteela|Earthquake|p2a: Magearna\n|-supereffective|p2a: Magearna\n|-damage|p2a: Magearna|213\/363\n|move|p2a: Magearna|Trick Room|p2a: Magearna\n|-fieldstart|move: Trick Room|[of] p2a: Magearna\n|\n|upkeep\n|turn|8\n|\n|-zpower|p2a: Magearna\n|move|p2a: Magearna|Gigavolt Havoc|p1a: Celesteela|[zeffect]\n|-supereffective|p1a: Celesteela\n|-damage|p1a: Celesteela|0 fnt\n|faint|p1a: Celesteela\n|-ability|p2a: Magearna|Soul-Heart|boost\n|-boost|p2a: Magearna|spa|1\n|\n|upkeep\n|\n|switch|p1a: Serperior|Serperior, M|291\/291\n|turn|9\n|\n|move|p2a: Magearna|Fleur Cannon|p1a: Serperior|[miss]\n|-miss|p2a: Magearna|p1a: Serperior\n|move|p1a: Serperior|Leaf Storm|p2a: Magearna\n|-resisted|p2a: Magearna\n|-damage|p2a: Magearna|138\/363\n|-boost|p1a: Serperior|spa|2\n|\n|upkeep\n|turn|10\n|\n|move|p2a: Magearna|Fleur Cannon|p1a: Serperior\n|-damage|p1a: Serperior|0 fnt\n|-unboost|p2a: Magearna|spa|2\n|faint|p1a: Serperior\n|-ability|p2a: Magearna|Soul-Heart|boost\n|-boost|p2a: Magearna|spa|1\n|\n|upkeep\n|\n|switch|p1a: Diancie|Diancie-Mega|241\/241\n|turn|11\n|\n|move|p2a: Magearna|Flash Cannon|p1a: Diancie\n|-supereffective|p1a: Diancie\n|-damage|p1a: Diancie|0 fnt\n|faint|p1a: Diancie\n|-ability|p2a: Magearna|Soul-Heart|boost\n|-boost|p2a: Magearna|spa|1\n|\n|-fieldend|move: Trick Room\n|upkeep\n|\n|switch|p1a: Greninja|Greninja, M|285\/285\n|turn|12\n|\n|switch|p2a: Landorus|Landorus-Therian, M|319\/319\n|-ability|p2a: Landorus|Intimidate|boost\n|-unboost|p1a: Greninja|atk|1\n|move|p1a: Greninja|Hydro Pump|p2a: Landorus\n|-start|p1a: Greninja|typechange|Water|[from] ability: Protean\n|-supereffective|p2a: Landorus\n|-crit|p2a: Landorus\n|-damage|p2a: Landorus|0 fnt\n|faint|p2a: Landorus\n|\n|upkeep\n|\n|switch|p2a: Lopunny|Lopunny-Mega, M|181\/271\n|turn|13\n|\n|move|p2a: Lopunny|Fake Out|p1a: Greninja\n|-damage|p1a: Greninja|164\/285\n|cant|p1a: Greninja|flinch\n|\n|upkeep\n|turn|14\n|\n|move|p2a: Lopunny|Frustration|p1a: Greninja\n|-damage|p1a: Greninja|0 fnt\n|faint|p1a: Greninja\n|\n|upkeep\n|\n|switch|p1a: Kommo-o|Kommo-o, F|291\/291\n|turn|15\n|\n|switch|p2a: Magearna|Magearna|138\/363\n|move|p1a: Kommo-o|Dragon Dance|p1a: Kommo-o\n|-boost|p1a: Kommo-o|atk|1\n|-boost|p1a: Kommo-o|spe|1\n|\n|upkeep\n|turn|16\n|\n|move|p1a: Kommo-o|Close Combat|p2a: Magearna\n|-damage|p2a: Magearna|0 fnt\n|-unboost|p1a: Kommo-o|def|1\n|-unboost|p1a: Kommo-o|spd|1\n|faint|p2a: Magearna\n|\n|upkeep\n|\n|switch|p2a: Lopunny|Lopunny-Mega, M|181\/271\n|turn|17\n|\n|move|p2a: Lopunny|Fake Out|p1a: Kommo-o\n|-damage|p1a: Kommo-o|189\/291\n|cant|p1a: Kommo-o|flinch\n|\n|upkeep\n|turn|18\n|\n|switch|p2a: Blacephalon|Blacephalon|247\/247\n|-zpower|p1a: Kommo-o\n|move|p1a: Kommo-o|Clangorous Soulblaze|p2a: Blacephalon|[zeffect]\n|-damage|p2a: Blacephalon|0 fnt\n|-boost|p1a: Kommo-o|atk|1\n|-boost|p1a: Kommo-o|def|1\n|-boost|p1a: Kommo-o|spa|1\n|-boost|p1a: Kommo-o|spd|1\n|-boost|p1a: Kommo-o|spe|1\n|faint|p2a: Blacephalon\n|\n|upkeep\n|\n|switch|p2a: Lopunny|Lopunny-Mega, M|181\/271\n|turn|19\n|\n|move|p2a: Lopunny|Fake Out|p1a: Kommo-o\n|-damage|p1a: Kommo-o|116\/291\n|cant|p1a: Kommo-o|flinch\n|\n|upkeep\n|turn|20\n|\n|switch|p2a: Ferrothorn|Ferrothorn, M|285\/352\n|move|p1a: Kommo-o|Close Combat|p2a: Ferrothorn\n|-supereffective|p2a: Ferrothorn\n|-damage|p2a: Ferrothorn|0 fnt\n|-damage|p1a: Kommo-o|80\/291|[from] ability: Iron Barbs|[of] p2a: Ferrothorn\n|-unboost|p1a: Kommo-o|def|1\n|-unboost|p1a: Kommo-o|spd|1\n|faint|p2a: Ferrothorn\n|\n|upkeep\n|\n|switch|p2a: Lopunny|Lopunny-Mega, M|181\/271\n|turn|21\n|\n|move|p2a: Lopunny|Fake Out|p1a: Kommo-o\n|-crit|p1a: Kommo-o\n|-damage|p1a: Kommo-o|0 fnt\n|faint|p1a: Kommo-o\n|\n|win|HQSFun\n|raw|graschamp VGC's rating: 1611 &rarr; <strong>1590<\/strong><br \/>(-21 for losing)\n|raw|HQSFun's rating: 1599 &rarr; <strong>1619<\/strong><br \/>(+20 for winning)\n|l|\u2606graschamp VGC\n","uploadtime":1559453602,"views":5,"p1id":"graschampvgc","p2id":"hqsfun","formatid":"gen7ou","rating":1590,"private":0,"password":null}