{"id":"gen7ou-542655821","p1":"hauntersnightmare","p2":"Dugtrio130","format":"gen7ou","log":"|j|hauntersnightmare\n|j|Dugtrio130\n|player|p1|hauntersnightmare|153\n|player|p2|Dugtrio130|163\n|gametype|singles\n|gen|7\n|tier|[Gen 7] OU\n|rated\n|seed|18264,39629,34702,24344\n|clearpoke\n|poke|p1|Pheromosa|item\n|poke|p1|Marowak-Alola, M|item\n|poke|p1|Landorus-Therian, M|item\n|poke|p1|Greninja, F|item\n|poke|p1|Venusaur, M|item\n|poke|p1|Celesteela|item\n|poke|p2|Pelipper, F|item\n|poke|p2|Golduck, M|item\n|poke|p2|Kingdra, F|item\n|poke|p2|Politoed, M|item\n|poke|p2|Manaphy|item\n|poke|p2|Thundurus-Therian, M|item\n|rule|Baton Pass Clause: Limit one Baton Passer, can't pass Spe and other stats simultaneously\n|rule|Sleep Clause Mod: Limit one foe put to sleep\n|rule|Species Clause: Limit one of each Pok\u00e9mon\n|rule|OHKO Clause: OHKO moves are banned\n|rule|Moody Clause: Moody is banned\n|rule|Evasion Moves Clause: Evasion moves are banned\n|rule|Endless Battle Clause: Forcing endless battles is banned\n|rule|HP Percentage Mod: HP is shown in percentages\n|teampreview\n|choice|team 3, team 2, team 1, team 4, team 5, team 6|team 4, team 2, team 3, team 1, team 5, team 6\n|\n|start\n|switch|p1a: Landorus|Landorus-Therian, M|327\/327\n|switch|p2a: Politoed|Politoed, M|322\/322\n|-ability|p1a: Landorus|Intimidate|boost\n|-unboost|p2a: Politoed|atk|1\n|-weather|RainDance|[from] ability: Drizzle|[of] p2a: Politoed\n|turn|1\n|choice|move fly zmove|move scald\n|\n|-zpower|p1a: Landorus\n|move|p1a: Landorus|Supersonic Skystrike|p2a: Politoed|[zeffect]\n|-damage|p2a: Politoed|0 fnt\n|faint|p2a: Politoed\n|\n|-weather|RainDance|[upkeep]\n|upkeep\n|choice||switch 2\n|\n|switch|p2a: Golduck|Golduck, M|302\/302\n|turn|2\n|choice|switch 6|move icebeam\n|\n|switch|p1a: Celesteela|Celesteela|398\/398\n|move|p2a: Golduck|Ice Beam|p1a: Celesteela\n|-crit|p1a: Celesteela\n|-damage|p1a: Celesteela|297\/398\n|\n|-weather|RainDance|[upkeep]\n|-heal|p1a: Celesteela|321\/398|[from] item: Leftovers\n|upkeep\n|turn|3\n|choice|move leechseed|move hydropump zmove\n|\n|-zpower|p2a: Golduck\n|move|p2a: Golduck|Hydro Vortex|p1a: Celesteela|[zeffect]\n|-damage|p1a: Celesteela|18\/398\n|move|p1a: Celesteela|Leech Seed|p2a: Golduck\n|-start|p2a: Golduck|move: Leech Seed\n|\n|-weather|RainDance|[upkeep]\n|-heal|p1a: Celesteela|42\/398|[from] item: Leftovers\n|-damage|p2a: Golduck|265\/302|[from] Leech Seed|[of] p1a: Celesteela\n|-heal|p1a: Celesteela|79\/398|[silent]\n|upkeep\n|turn|4\n|choice|move protect|switch 5\n|\n|switch|p2a: Manaphy|Manaphy|404\/404\n|move|p1a: Celesteela|Protect|p1a: Celesteela\n|-fail|p1a: Celesteela\n|\n|-weather|RainDance|[upkeep]\n|-heal|p1a: Celesteela|103\/398|[from] item: Leftovers\n|upkeep\n|turn|5\n|choice|move leechseed|move tailglow\n|\n|move|p2a: Manaphy|Tail Glow|p2a: Manaphy\n|-boost|p2a: Manaphy|spa|3\n|move|p1a: Celesteela|Leech Seed|p2a: Manaphy\n|-start|p2a: Manaphy|move: Leech Seed\n|\n|-weather|RainDance|[upkeep]\n|-heal|p1a: Celesteela|127\/398|[from] item: Leftovers\n|-damage|p2a: Manaphy|354\/404|[from] Leech Seed|[of] p1a: Celesteela\n|-heal|p1a: Celesteela|177\/398|[silent]\n|upkeep\n|turn|6\n|choice|move protect|move tailglow\n|\n|move|p1a: Celesteela|Protect|p1a: Celesteela\n|-singleturn|p1a: Celesteela|Protect\n|move|p2a: Manaphy|Tail Glow|p2a: Manaphy\n|-boost|p2a: Manaphy|spa|3\n|\n|-weather|RainDance|[upkeep]\n|-heal|p2a: Manaphy|379\/404|[from] item: Leftovers\n|-heal|p1a: Celesteela|201\/398|[from] item: Leftovers\n|-damage|p2a: Manaphy|329\/404|[from] Leech Seed|[of] p1a: Celesteela\n|-heal|p1a: Celesteela|251\/398|[silent]\n|upkeep\n|turn|7\n|choice|move heavyslam|move scald\n|\n|move|p2a: Manaphy|Scald|p1a: Celesteela\n|-damage|p1a: Celesteela|0 fnt\n|faint|p1a: Celesteela\n|\n|-weather|RainDance|[upkeep]\n|-heal|p2a: Manaphy|354\/404|[from] item: Leftovers\n|upkeep\n|choice|switch 5|\n|\n|switch|p1a: Venusaur|Venusaur, M|359\/359\n|turn|8\n|choice|move gigadrain mega|move scald\n|\n|detailschange|p1a: Venusaur|Venusaur-Mega, M\n|-mega|p1a: Venusaur|Venusaur|Venusaurite\n|move|p2a: Manaphy|Scald|p1a: Venusaur\n|-resisted|p1a: Venusaur\n|-damage|p1a: Venusaur|83\/359\n|-status|p1a: Venusaur|brn\n|move|p1a: Venusaur|Giga Drain|p2a: Manaphy\n|-supereffective|p2a: Manaphy\n|-damage|p2a: Manaphy|154\/404\n|-heal|p1a: Venusaur|183\/359 brn|[from] drain|[of] p2a: Manaphy\n|\n|-weather|none\n|-heal|p2a: Manaphy|179\/404|[from] item: Leftovers\n|-damage|p2a: Manaphy|129\/404|[from] Leech Seed|[of] p1a: Venusaur\n|-heal|p1a: Venusaur|233\/359 brn|[silent]\n|-damage|p1a: Venusaur|211\/359 brn|[from] brn\n|upkeep\n|turn|9\n|choice|move gigadrain|move scald\n|\n|move|p2a: Manaphy|Scald|p1a: Venusaur\n|-resisted|p1a: Venusaur\n|-damage|p1a: Venusaur|34\/359 brn\n|move|p1a: Venusaur|Giga Drain|p2a: Manaphy\n|-supereffective|p2a: Manaphy\n|-damage|p2a: Manaphy|0 fnt\n|-heal|p1a: Venusaur|99\/359 brn|[from] drain|[of] p2a: Manaphy\n|faint|p2a: Manaphy\n|\n|-damage|p1a: Venusaur|77\/359 brn|[from] brn\n|upkeep\n|choice||switch 4\n|\n|switch|p2a: Pelipper|Pelipper, F|324\/324\n|-weather|RainDance|[from] ability: Drizzle|[of] p2a: Pelipper\n|turn|10\n|choice|move sleeppowder|move hurricane\n|\n|move|p1a: Venusaur|Sleep Powder|p2a: Pelipper|[miss]\n|-miss|p1a: Venusaur|p2a: Pelipper\n|move|p2a: Pelipper|Hurricane|p1a: Venusaur\n|-supereffective|p1a: Venusaur\n|-damage|p1a: Venusaur|0 fnt\n|faint|p1a: Venusaur\n|\n|-weather|RainDance|[upkeep]\n|upkeep\n|choice|switch 6|\n|\n|switch|p1a: Landorus|Landorus-Therian, M|327\/327\n|-ability|p1a: Landorus|Intimidate|boost\n|-unboost|p2a: Pelipper|atk|1\n|turn|11\n|choice|move stealthrock|move scald\n|\n|move|p1a: Landorus|Stealth Rock|p2a: Pelipper\n|-sidestart|p2: Dugtrio130|move: Stealth Rock\n|move|p2a: Pelipper|Scald|p1a: Landorus\n|-supereffective|p1a: Landorus\n|-damage|p1a: Landorus|0 fnt\n|faint|p1a: Landorus\n|\n|-weather|RainDance|[upkeep]\n|upkeep\n|choice|switch 2|\n|\n|switch|p1a: Marowak|Marowak-Alola, M|261\/261\n|turn|12\n|choice|move shadowbone|move scald\n|\n|move|p1a: Marowak|Shadow Bone|p2a: Pelipper\n|-damage|p2a: Pelipper|96\/324\n|move|p2a: Pelipper|Scald|p1a: Marowak\n|-supereffective|p1a: Marowak\n|-damage|p1a: Marowak|0 fnt\n|faint|p1a: Marowak\n|\n|-weather|RainDance|[upkeep]\n|upkeep\n|choice|switch 3|\n|\n|switch|p1a: Pheromosa|Pheromosa|283\/283\n|turn|13\n|c|\u2606Dugtrio130|noob\n|choice|move highjumpkick|move scald\n|\n|move|p1a: Pheromosa|High Jump Kick|p2a: Pelipper\n|-resisted|p2a: Pelipper\n|-damage|p2a: Pelipper|0 fnt\n|-damage|p1a: Pheromosa|255\/283|[from] item: Life Orb\n|faint|p2a: Pelipper\n|-ability|p1a: Pheromosa|Beast Boost|boost\n|-boost|p1a: Pheromosa|spe|1\n|\n|-weather|RainDance|[upkeep]\n|upkeep\n|choice||switch 3\n|\n|switch|p2a: Kingdra|Kingdra, F|292\/292\n|-damage|p2a: Kingdra|256\/292|[from] Stealth Rock\n|turn|14\n|choice|move highjumpkick|move scald\n|\n|move|p1a: Pheromosa|High Jump Kick|p2a: Kingdra\n|-crit|p2a: Kingdra\n|-damage|p2a: Kingdra|0 fnt\n|-damage|p1a: Pheromosa|227\/283|[from] item: Life Orb\n|faint|p2a: Kingdra\n|-ability|p1a: Pheromosa|Beast Boost|boost\n|-boost|p1a: Pheromosa|spe|1\n|\n|-weather|RainDance|[upkeep]\n|upkeep\n|c|\u2606hauntersnightmare|good timing\n|choice||switch 5\n|\n|switch|p2a: Golduck|Golduck, M|265\/302\n|-damage|p2a: Golduck|228\/302|[from] Stealth Rock\n|turn|15\n|c|\u2606hauntersnightmare|rage quit now\n|c|\u2606Dugtrio130|crit\n|c|\u2606hauntersnightmare|lmao ok\n|c|\u2606Dugtrio130|n\n|c|\u2606hauntersnightmare|calc it\n|c|\u2606Dugtrio130|no problem\n|c|\u2606Dugtrio130|i dont care\n|c|\u2606Dugtrio130|i was winning with a prank team\n|c|\u2606Dugtrio130|so you really sucks\n|c|\u2606hauntersnightmare|252 Atk Life Orb Pheromosa High Jump Kick vs. 0 HP \/ 4 Def Kingdra: 298-352 (102.4 - 120.9%) -- guaranteed OHKO\n|c|\u2606hauntersnightmare|so bad\n|c|\u2606hauntersnightmare|scrub mentality is plaguing you my friend :(\n|c|\u2606Dugtrio130|move\n|c|\u2606Dugtrio130|win this shit\n|choice|move highjumpkick|move icebeam\n|\n|move|p1a: Pheromosa|High Jump Kick|p2a: Golduck\n|-damage|p2a: Golduck|0 fnt\n|-damage|p1a: Pheromosa|199\/283|[from] item: Life Orb\n|faint|p2a: Golduck\n|-ability|p1a: Pheromosa|Beast Boost|boost\n|-boost|p1a: Pheromosa|spe|1\n|\n|-weather|RainDance|[upkeep]\n|upkeep\n|choice||switch 6\n|\n|switch|p2a: Thundurus|Thundurus-Therian, M|349\/349\n|-damage|p2a: Thundurus|262\/349|[from] Stealth Rock\n|turn|16\n|c|\u2606Dugtrio130|challenge my main\n|choice|move icebeam|move thunder\n|\n|move|p1a: Pheromosa|Ice Beam|p2a: Thundurus\n|-supereffective|p2a: Thundurus\n|-damage|p2a: Thundurus|0 fnt\n|-damage|p1a: Pheromosa|171\/283|[from] item: Life Orb\n|faint|p2a: Thundurus\n|\n|win|hauntersnightmare\n|player|p1\n|player|p2\n|c|\u2606Dugtrio130|or scared?\n|raw|hauntersnightmare's rating: 1300 &rarr; <strong>1315<\/strong><br \/>(+15 for winning)\n|raw|Dugtrio130's rating: 1205 &rarr; <strong>1186<\/strong><br \/>(-19 for losing)\n|c|\u2606Dugtrio130|quack quack\n|l|Dugtrio130","inputlog":null,"uploadtime":1488705597,"views":3,"p1id":"hauntersnightmare","p2id":"dugtrio130","formatid":"gen7ou","rating":1186,"private":0,"password":null}