{"id":"gen7ou-1486454136","p1":"nielzin cascadura","p2":"Cowsrule247","format":"gen7ou","log":"|j|\u2606nielzin cascadura\n|j|\u2606Cowsrule247\n|t:|1641482108\n|gametype|singles\n|player|p1|nielzin cascadura|170|1354\n|player|p2|Cowsrule247|skyla|1350\n|teamsize|p1|6\n|teamsize|p2|6\n|gen|7\n|tier|[Gen 7] OU\n|rated|\n|rule|Sleep Clause Mod: Limit one foe put to sleep\n|rule|Species Clause: Limit one of each Pok\u00e9mon\n|rule|OHKO Clause: OHKO moves are banned\n|rule|Moody Clause: Moody is banned\n|rule|Evasion Moves Clause: Evasion moves are banned\n|rule|Endless Battle Clause: Forcing endless battles is banned\n|rule|HP Percentage Mod: HP is shown in percentages\n|clearpoke\n|poke|p1|Porygon-Z|item\n|poke|p1|Mamoswine, F|item\n|poke|p1|Charizard, M|item\n|poke|p1|Serperior, F|item\n|poke|p1|Cloyster, M|item\n|poke|p1|Tapu Lele|item\n|poke|p2|Tapu Lele|item\n|poke|p2|Celesteela|item\n|poke|p2|Venusaur, M|item\n|poke|p2|Landorus-Therian, M|item\n|poke|p2|Mantine, F|item\n|poke|p2|Clefable, M|item\n|teampreview\n|inactive|Battle timer is ON: inactive players will automatically lose when time's up. (requested by Cowsrule247)\n|\n|t:|1641482135\n|start\n|switch|p1a: Mamoswine|Mamoswine, F|100\/100\n|switch|p2a: Mantine|Mantine, F|100\/100\n|turn|1\n|\n|t:|1641482145\n|move|p1a: Mamoswine|Stealth Rock|p2a: Mantine\n|-sidestart|p2: Cowsrule247|move: Stealth Rock\n|move|p2a: Mantine|Scald|p1a: Mamoswine\n|-supereffective|p1a: Mamoswine\n|-damage|p1a: Mamoswine|33\/100\n|\n|upkeep\n|turn|2\n|\n|t:|1641482152\n|move|p1a: Mamoswine|Endeavor|p2a: Mantine\n|-damage|p2a: Mantine|33\/100\n|move|p2a: Mantine|Scald|p1a: Mamoswine\n|-supereffective|p1a: Mamoswine\n|-damage|p1a: Mamoswine|0 fnt\n|faint|p1a: Mamoswine\n|\n|-heal|p2a: Mantine|39\/100|[from] item: Leftovers\n|upkeep\n|inactive|nielzin cascadura has 120 seconds left.\n|inactive|nielzin cascadura has 90 seconds left.\n|\n|t:|1641482217\n|switch|p1a: Porygon-Z|Porygon-Z|100\/100\n|turn|3\n|inactive|nielzin cascadura has 90 seconds left.\n|\n|t:|1641482231\n|-zpower|p1a: Porygon-Z\n|move|p1a: Porygon-Z|Z-Conversion|p1a: Porygon-Z|[anim]Conversion\n|-boost|p1a: Porygon-Z|atk|1|[zeffect]\n|-boost|p1a: Porygon-Z|def|1|[zeffect]\n|-boost|p1a: Porygon-Z|spa|1|[zeffect]\n|-boost|p1a: Porygon-Z|spd|1|[zeffect]\n|-boost|p1a: Porygon-Z|spe|1|[zeffect]\n|-start|p1a: Porygon-Z|typechange|Ghost\n|move|p2a: Mantine|Haze|p2a: Mantine\n|-clearallboost\n|\n|-heal|p2a: Mantine|45\/100|[from] item: Leftovers\n|upkeep\n|turn|4\n|inactive|nielzin cascadura has 90 seconds left.\n|\n|t:|1641482252\n|switch|p2a: Venusaur|Venusaur, M|100\/100\n|-damage|p2a: Venusaur|88\/100|[from] Stealth Rock\n|move|p1a: Porygon-Z|Nasty Plot|p1a: Porygon-Z\n|-boost|p1a: Porygon-Z|spa|2\n|\n|upkeep\n|turn|5\n|\n|t:|1641482261\n|detailschange|p2a: Venusaur|Venusaur-Mega, M\n|-mega|p2a: Venusaur|Venusaur|Venusaurite\n|move|p1a: Porygon-Z|Shadow Ball|p2a: Venusaur\n|-damage|p2a: Venusaur|25\/100\n|move|p2a: Venusaur|Giga Drain|p1a: Porygon-Z\n|-damage|p1a: Porygon-Z|64\/100\n|-heal|p2a: Venusaur|44\/100|[from] drain|[of] p1a: Porygon-Z\n|\n|upkeep\n|turn|6\n|inactive|Cowsrule247 has 120 seconds left.\n|\n|t:|1641482321\n|switch|p2a: Mantine|Mantine, F|45\/100\n|-damage|p2a: Mantine|20\/100|[from] Stealth Rock\n|move|p1a: Porygon-Z|Shadow Ball|p2a: Mantine\n|-damage|p2a: Mantine|0 fnt\n|faint|p2a: Mantine\n|\n|upkeep\n|\n|t:|1641482326\n|switch|p2a: Tapu Lele|Tapu Lele|100\/100\n|-damage|p2a: Tapu Lele|88\/100|[from] Stealth Rock\n|-fieldstart|move: Psychic Terrain|[from] ability: Psychic Surge|[of] p2a: Tapu Lele\n|turn|7\n|\n|t:|1641482334\n|move|p2a: Tapu Lele|Psychic|p1a: Porygon-Z\n|-damage|p1a: Porygon-Z|0 fnt\n|faint|p1a: Porygon-Z\n|\n|upkeep\n|\n|t:|1641482343\n|switch|p1a: Tapu Lele|Tapu Lele|100\/100\n|turn|8\n|\n|t:|1641482348\n|switch|p2a: Celesteela|Celesteela|100\/100\n|-damage|p2a: Celesteela|88\/100|[from] Stealth Rock\n|move|p1a: Tapu Lele|Psychic|p2a: Celesteela\n|-resisted|p2a: Celesteela\n|-damage|p2a: Celesteela|62\/100\n|\n|-heal|p2a: Celesteela|68\/100|[from] item: Leftovers\n|upkeep\n|turn|9\n|inactive|Cowsrule247 has 120 seconds left.\n|inactive|nielzin cascadura has 120 seconds left.\n|\n|t:|1641482373\n|switch|p1a: Charizard|Charizard, M|100\/100\n|switch|p2a: Clefable|Clefable, M|100\/100\n|\n|upkeep\n|turn|10\n|inactive|nielzin cascadura has 120 seconds left.\n|\n|t:|1641482407\n|move|p1a: Charizard|Swords Dance|p1a: Charizard\n|-boost|p1a: Charizard|atk|2\n|move|p2a: Clefable|Stealth Rock|p1a: Charizard\n|-sidestart|p1: nielzin cascadura|move: Stealth Rock\n|\n|upkeep\n|turn|11\n|inactive|Cowsrule247 has 120 seconds left.\n|\n|t:|1641482424\n|switch|p2a: Venusaur|Venusaur-Mega, M|44\/100\n|-damage|p2a: Venusaur|32\/100|[from] Stealth Rock\n|detailschange|p1a: Charizard|Charizard-Mega-X, M\n|-mega|p1a: Charizard|Charizard|Charizardite X\n|move|p1a: Charizard|Flame Charge|p2a: Venusaur\n|-supereffective|p2a: Venusaur\n|-damage|p2a: Venusaur|0 fnt\n|-boost|p1a: Charizard|spe|1\n|faint|p2a: Venusaur\n|\n|-fieldend|move: Psychic Terrain\n|upkeep\n|\n|t:|1641482432\n|switch|p2a: Tapu Lele|Tapu Lele|88\/100\n|-damage|p2a: Tapu Lele|76\/100|[from] Stealth Rock\n|-fieldstart|move: Psychic Terrain|[from] ability: Psychic Surge|[of] p2a: Tapu Lele\n|turn|12\n|inactive|Cowsrule247 has 120 seconds left.\n|\n|t:|1641482441\n|move|p1a: Charizard|Flame Charge|p2a: Tapu Lele\n|-damage|p2a: Tapu Lele|0 fnt\n|-boost|p1a: Charizard|spe|1\n|faint|p2a: Tapu Lele\n|\n|upkeep\n|inactive|Cowsrule247 has 120 seconds left.\n|\n|t:|1641482448\n|switch|p2a: Landorus|Landorus-Therian, M|100\/100\n|-damage|p2a: Landorus|88\/100|[from] Stealth Rock\n|-ability|p2a: Landorus|Intimidate|boost\n|-unboost|p1a: Charizard|atk|1\n|turn|13\n|inactive|nielzin cascadura has 120 seconds left.\n|\n|t:|1641482455\n|move|p1a: Charizard|Dragon Claw|p2a: Landorus\n|-damage|p2a: Landorus|0 fnt\n|faint|p2a: Landorus\n|\n|upkeep\n|c|\u2606nielzin cascadura|gg\n|-message|Cowsrule247 forfeited.\n|\n|win|nielzin cascadura\n|raw|nielzin cascadura's rating: 1354 &rarr; <strong>1374<\/strong><br \/>(+20 for winning)\n|raw|Cowsrule247's rating: 1350 &rarr; <strong>1330<\/strong><br \/>(-20 for losing)\n|l|\u2606Cowsrule247\n||Ladder isn't responding, score probably updated but might not have (Request timeout).\n","uploadtime":1641482467,"views":9,"p1id":"nielzincascadura","p2id":"cowsrule247","formatid":"gen7ou","rating":1330,"private":0,"password":null}