{"id":"gen7ou-831500230","p1":"Moskito Cup","p2":"fakenagol","format":"gen7ou","log":"|j|\u2606Moskito Cup\n|j|\u2606fakenagol\n|player|p1|Moskito Cup|170\n|player|p2|fakenagol|115\n|teamsize|p1|6\n|teamsize|p2|6\n|gametype|singles\n|gen|7\n|tier|[Gen 7] OU\n|rated|\n|rule|Sleep Clause Mod: Limit one foe put to sleep\n|rule|Species Clause: Limit one of each Pok\u00e9mon\n|rule|OHKO Clause: OHKO moves are banned\n|rule|Moody Clause: Moody is banned\n|rule|Evasion Moves Clause: Evasion moves are banned\n|rule|Endless Battle Clause: Forcing endless battles is banned\n|rule|HP Percentage Mod: HP is shown in percentages\n|clearpoke\n|poke|p1|Venusaur, M|item\n|poke|p1|Keldeo-Resolute|item\n|poke|p1|Skarmory, M|item\n|poke|p1|Chansey, F|item\n|poke|p1|Heatran, F|item\n|poke|p1|Bisharp, M|item\n|poke|p2|Lopunny, M|item\n|poke|p2|Kartana|item\n|poke|p2|Magearna|item\n|poke|p2|Kyurem|item\n|poke|p2|Rotom-Wash|item\n|poke|p2|Landorus-Therian, M|item\n|teampreview\n|j| TheDarkSwirl\n|raw|<div class=\"broadcast-red\"><strong>Moderated join is set to sync with modchat!<\/strong><br \/>Only users who can speak in modchat can join.<\/div>\n|c|\u2606Moskito Cup|\/log Moskito Cup set modjoin to sync with modchat.\n|raw|<div class=\"broadcast-red\"><strong>Moderated chat was set to +!<\/strong><br \/>Only users of rank + and higher can talk.<\/div>\n|c|\u2606Moskito Cup|\/log Moskito Cup made this room hidden.\n|inactive|Battle timer is ON: inactive players will automatically lose when time's up. (requested by Moskito Cup)\n|\n|start\n|switch|p1a: Heatran|Heatran, F|100\/100\n|switch|p2a: Rotom|Rotom-Wash|100\/100\n|turn|1\n|\n|move|p1a: Heatran|Toxic|p2a: Rotom\n|-status|p2a: Rotom|tox\n|move|p2a: Rotom|Hydro Pump|p1a: Heatran\n|-supereffective|p1a: Heatran\n|-damage|p1a: Heatran|32\/100\n|\n|-heal|p1a: Heatran|38\/100|[from] item: Leftovers\n|-damage|p2a: Rotom|95\/100 tox|[from] psn\n|upkeep\n|turn|2\n|c|\u2606fakenagol|\/log Arylide was invited (and promoted to Room Voice) by fakenagol.\n|j|+Arylide\n|c|\u2606fakenagol|\/log JOHNYPOOR was invited (and promoted to Room Voice) by fakenagol.\n|c|\u2606fakenagol|\/log bandaidfan was invited (and promoted to Room Voice) by fakenagol.\n|c|\u2606fakenagol|\/log BLOOD TOTEM was invited (and promoted to Room Voice) by fakenagol.\n|j|+JOHNYPOOR\n|\n|move|p1a: Heatran|Stealth Rock|p2a: Rotom\n|-sidestart|p2: fakenagol|move: Stealth Rock\n|move|p2a: Rotom|Volt Switch|p1a: Heatran\n|-damage|p1a: Heatran|18\/100\n|j|+BLOOD TOTEM\n|j|+bandaidfan\n|c|+Arylide|BLOODY\n|c|+Arylide|YOURE BACK FROM RETIREMENT\n|inactive|fakenagol has 120 seconds left.\n|\n|switch|p2a: Kartana|Kartana|100\/100\n|-damage|p2a: Kartana|94\/100|[from] Stealth Rock\n|\n|-heal|p1a: Heatran|24\/100|[from] item: Leftovers\n|upkeep\n|turn|3\n|c|+bandaidfan|teach me amazing german\n|c|+bandaidfan|please\n|\n|switch|p1a: Venusaur|Venusaur, M|100\/100\n|move|p2a: Kartana|Knock Off|p1a: Venusaur\n|-damage|p1a: Venusaur|69\/100\n|\n|upkeep\n|turn|4\n|\n|switch|p2a: Magearna|Magearna|100\/100\n|-damage|p2a: Magearna|94\/100|[from] Stealth Rock\n|detailschange|p1a: Venusaur|Venusaur-Mega, M\n|-mega|p1a: Venusaur|Venusaur|Venusaurite\n|move|p1a: Venusaur|Giga Drain|p2a: Magearna\n|-resisted|p2a: Magearna\n|-damage|p2a: Magearna|85\/100\n|-heal|p1a: Venusaur|74\/100|[from] drain|[of] p2a: Magearna\n|\n|upkeep\n|turn|5\n|\n|move|p1a: Venusaur|Synthesis|p1a: Venusaur\n|-heal|p1a: Venusaur|100\/100\n|move|p2a: Magearna|Volt Switch|p1a: Venusaur\n|-resisted|p1a: Venusaur\n|-crit|p1a: Venusaur\n|-damage|p1a: Venusaur|86\/100\n|\n|switch|p2a: Kyurem|Kyurem|100\/100\n|-damage|p2a: Kyurem|76\/100|[from] Stealth Rock\n|-ability|p2a: Kyurem|Pressure\n|\n|upkeep\n|turn|6\n|\n|switch|p1a: Keldeo|Keldeo-Resolute|100\/100\n|move|p2a: Kyurem|Substitute|p2a: Kyurem\n|-start|p2a: Kyurem|Substitute\n|-damage|p2a: Kyurem|51\/100\n|\n|upkeep\n|turn|7\n|inactive|fakenagol has 120 seconds left.\n|\n|move|p1a: Keldeo|Substitute|p1a: Keldeo\n|-start|p1a: Keldeo|Substitute\n|-damage|p1a: Keldeo|75\/100\n|move|p2a: Kyurem|Roost|p2a: Kyurem\n|-heal|p2a: Kyurem|100\/100\n|\n|-heal|p1a: Keldeo|82\/100|[from] item: Leftovers\n|upkeep\n|turn|8\n|\n|move|p1a: Keldeo|Calm Mind|p1a: Keldeo\n|-boost|p1a: Keldeo|spa|1\n|-boost|p1a: Keldeo|spd|1\n|move|p2a: Kyurem|Earth Power|p1a: Keldeo\n|-activate|p1a: Keldeo|move: Substitute|[damage]\n|\n|-heal|p1a: Keldeo|88\/100|[from] item: Leftovers\n|upkeep\n|turn|9\n|\n|move|p1a: Keldeo|Calm Mind|p1a: Keldeo\n|-boost|p1a: Keldeo|spa|1\n|-boost|p1a: Keldeo|spd|1\n|move|p2a: Kyurem|Earth Power|p1a: Keldeo\n|-end|p1a: Keldeo|Substitute\n|\n|-heal|p1a: Keldeo|94\/100|[from] item: Leftovers\n|upkeep\n|turn|10\n|\n|move|p1a: Keldeo|Substitute|p1a: Keldeo\n|-start|p1a: Keldeo|Substitute\n|-damage|p1a: Keldeo|69\/100\n|move|p2a: Kyurem|Earth Power|p1a: Keldeo\n|-activate|p1a: Keldeo|move: Substitute|[damage]\n|\n|-heal|p1a: Keldeo|75\/100|[from] item: Leftovers\n|upkeep\n|turn|11\n|\n|move|p1a: Keldeo|Calm Mind|p1a: Keldeo\n|-boost|p1a: Keldeo|spa|1\n|-boost|p1a: Keldeo|spd|1\n|move|p2a: Kyurem|Earth Power|p1a: Keldeo\n|-end|p1a: Keldeo|Substitute\n|\n|-heal|p1a: Keldeo|81\/100|[from] item: Leftovers\n|upkeep\n|turn|12\n|\n|move|p1a: Keldeo|Substitute|p1a: Keldeo\n|-start|p1a: Keldeo|Substitute\n|-damage|p1a: Keldeo|56\/100\n|move|p2a: Kyurem|Earth Power|p1a: Keldeo\n|-activate|p1a: Keldeo|move: Substitute|[damage]\n|\n|-heal|p1a: Keldeo|63\/100|[from] item: Leftovers\n|upkeep\n|turn|13\n|\n|move|p1a: Keldeo|Calm Mind|p1a: Keldeo\n|-boost|p1a: Keldeo|spa|1\n|-boost|p1a: Keldeo|spd|1\n|move|p2a: Kyurem|Earth Power|p1a: Keldeo\n|-end|p1a: Keldeo|Substitute\n|\n|-heal|p1a: Keldeo|69\/100|[from] item: Leftovers\n|upkeep\n|turn|14\n|\n|move|p1a: Keldeo|Substitute|p1a: Keldeo\n|-start|p1a: Keldeo|Substitute\n|-damage|p1a: Keldeo|44\/100\n|move|p2a: Kyurem|Earth Power|p1a: Keldeo\n|-activate|p1a: Keldeo|move: Substitute|[damage]\n|\n|-heal|p1a: Keldeo|50\/100|[from] item: Leftovers\n|upkeep\n|turn|15\n|\n|move|p1a: Keldeo|Secret Sword|p2a: Kyurem\n|-supereffective|p2a: Kyurem\n|-end|p2a: Kyurem|Substitute\n|move|p2a: Kyurem|Earth Power|p1a: Keldeo\n|-activate|p1a: Keldeo|move: Substitute|[damage]\n|\n|-heal|p1a: Keldeo|56\/100|[from] item: Leftovers\n|upkeep\n|turn|16\n|\n|move|p1a: Keldeo|Secret Sword|p2a: Kyurem\n|-supereffective|p2a: Kyurem\n|-damage|p2a: Kyurem|0 fnt\n|faint|p2a: Kyurem\n|\n|-heal|p1a: Keldeo|62\/100|[from] item: Leftovers\n|upkeep\n|\n|switch|p2a: Lopunny|Lopunny, M|100\/100\n|-damage|p2a: Lopunny|88\/100|[from] Stealth Rock\n|turn|17\n|-message|fakenagol forfeited.\n|\n|win|Moskito Cup\n|l|\u2606fakenagol\n|raw|Moskito Cup's rating: 1942 &rarr; <strong>1949<\/strong><br \/>(+7 for winning)\n|raw|fakenagol's rating: 1684 &rarr; <strong>1677<\/strong><br \/>(-7 for losing)\n|l|+JOHNYPOOR\n|c|\u2606Moskito Cup|lol\n|c|+bandaidfan|gg bloody\n|c|+Arylide|enjoy the 7\n|c|+bandaidfan|ez\n|j|+JOHNYPOOR\n|c|+Arylide|it was well earned\n|c|+Arylide|bloody youre my hero\n|l|+bandaidfan\n|c|+Arylide|i mean that earnestly\n|c|\u2606Moskito Cup|\/log Moskito Cup made this room public.\n|l|+Arylide\n","uploadtime":1544067635,"views":123,"p1id":"moskitocup","p2id":"fakenagol","formatid":"gen7ou","rating":1677,"private":0,"password":null}