{"id":"gen7ou-1101763657","p1":"Let's n0t","p2":"Ban lando t guy jk","format":"gen7ou","log":"|j|\u203dLet's n0t\n|j|\u2606Ban lando t guy jk\n|player|p1|Let's n0t|29|1496\n|player|p2|Ban lando t guy jk|164|1551\n|teamsize|p1|6\n|teamsize|p2|6\n|gametype|singles\n|gen|7\n|tier|[Gen 7] OU\n|rated|\n|clearpoke\n|poke|p1|Skarmory, F|item\n|poke|p1|Garchomp, F|item\n|poke|p1|Weavile, F|item\n|poke|p1|Alakazam, F|item\n|poke|p1|Volcarona, M|item\n|poke|p1|Breloom, F|item\n|poke|p2|Hawlucha, M|item\n|poke|p2|Swampert, F|item\n|poke|p2|Ferrothorn, F|item\n|poke|p2|Pelipper, M|item\n|poke|p2|Tapu Koko|item\n|poke|p2|Greninja, M|item\n|rule|Sleep Clause Mod: Limit one foe put to sleep\n|rule|Species Clause: Limit one of each Pok\u00e9mon\n|rule|OHKO Clause: OHKO moves are banned\n|rule|Moody Clause: Moody is banned\n|rule|Evasion Moves Clause: Evasion moves are banned\n|rule|Endless Battle Clause: Forcing endless battles is banned\n|rule|HP Percentage Mod: HP is shown in percentages\n|teampreview\n|inactive|Battle timer is ON: inactive players will automatically lose when time's up. (requested by Ban lando t guy jk)\n|\n|start\n|switch|p1a: Breloom|Breloom, F|100\/100\n|switch|p2a: Tapu Koko|Tapu Koko|100\/100\n|-fieldstart|move: Electric Terrain|[from] ability: Electric Surge|[of] p2a: Tapu Koko\n|turn|1\n|\n|move|p2a: Tapu Koko|Dazzling Gleam|p1a: Breloom\n|-supereffective|p1a: Breloom\n|-damage|p1a: Breloom|25\/100\n|move|p1a: Breloom|Leech Seed|p2a: Tapu Koko\n|-start|p2a: Tapu Koko|move: Leech Seed\n|\n|-damage|p2a: Tapu Koko|88\/100|[from] Leech Seed|[of] p1a: Breloom\n|-heal|p1a: Breloom|36\/100|[silent]\n|-status|p1a: Breloom|tox|[from] item: Toxic Orb\n|upkeep\n|turn|2\n|\n|-singleturn|p1a: Breloom|move: Focus Punch\n|switch|p2a: Hey|Ferrothorn, F|100\/100\n|move|p1a: Breloom|Focus Punch|p2a: Hey\n|-supereffective|p2a: Hey\n|-damage|p2a: Hey|10\/100\n|-damage|p1a: Breloom|24\/100 tox|[from] ability: Iron Barbs|[of] p2a: Hey\n|\n|-heal|p2a: Hey|16\/100|[from] item: Leftovers\n|-heal|p1a: Breloom|36\/100 tox|[from] ability: Poison Heal\n|upkeep\n|turn|3\n|\n|switch|p1a: Volcarona|Volcarona, M|100\/100\n|move|p2a: Hey|Gyro Ball|p1a: Volcarona\n|-resisted|p1a: Volcarona\n|-damage|p1a: Volcarona|69\/100\n|-status|p2a: Hey|brn|[from] ability: Flame Body|[of] p1a: Volcarona\n|\n|-heal|p2a: Hey|23\/100 brn|[from] item: Leftovers\n|-damage|p2a: Hey|16\/100 brn|[from] brn\n|upkeep\n|turn|4\n|\n|switch|p2a: opy and PasteBirb|Hawlucha, M|100\/100\n|-enditem|p2a: opy and PasteBirb|Electric Seed\n|-boost|p2a: opy and PasteBirb|def|1|[from] item: Electric Seed\n|move|p1a: Volcarona|Quiver Dance|p1a: Volcarona\n|-boost|p1a: Volcarona|spa|1\n|-boost|p1a: Volcarona|spd|1\n|-boost|p1a: Volcarona|spe|1\n|\n|upkeep\n|turn|5\n|\n|move|p2a: opy and PasteBirb|Acrobatics|p1a: Volcarona\n|-supereffective|p1a: Volcarona\n|-damage|p1a: Volcarona|0 fnt\n|faint|p1a: Volcarona\n|\n|-fieldend|move: Electric Terrain\n|upkeep\n|\n|switch|p1a: Skarmory|Skarmory, F|100\/100\n|turn|6\n|\n|move|p2a: opy and PasteBirb|Acrobatics|p1a: Skarmory\n|-resisted|p1a: Skarmory\n|-damage|p1a: Skarmory|86\/100\n|-damage|p2a: opy and PasteBirb|84\/100|[from] item: Rocky Helmet|[of] p1a: Skarmory\n|move|p1a: Skarmory|Roar|p2a: opy and PasteBirb\n|drag|p2a: K. Beats|Greninja, M|100\/100\n|\n|upkeep\n|turn|7\n|\n|switch|p1a: Weavile|Weavile, F|100\/100\n|-ability|p1a: Weavile|Pressure\n|move|p2a: K. Beats|Spikes|p1a: Weavile\n|-sidestart|p1: Let's n0t|Spikes\n|\n|upkeep\n|turn|8\n|\n|switch|p2a: Hey|Ferrothorn, F|16\/100 brn\n|move|p1a: Weavile|Knock Off|p2a: Hey\n|-damage|p2a: Hey|0 fnt\n|-damage|p1a: Weavile|88\/100|[from] ability: Iron Barbs|[of] p2a: Hey\n|-enditem|p2a: Hey|Leftovers|[from] move: Knock Off|[of] p1a: Weavile\n|faint|p2a: Hey\n|\n|upkeep\n|\n|switch|p2a: Tapu Koko|Tapu Koko|88\/100\n|-fieldstart|move: Electric Terrain|[from] ability: Electric Surge|[of] p2a: Tapu Koko\n|turn|9\n|\n|-zpower|p2a: Tapu Koko\n|move|p2a: Tapu Koko|Twinkle Tackle|p1a: Weavile|[zeffect]\n|-supereffective|p1a: Weavile\n|-damage|p1a: Weavile|0 fnt\n|faint|p1a: Weavile\n|\n|upkeep\n|\n|switch|p1a: Alakazam|Alakazam, F|100\/100\n|turn|10\n|\n|detailschange|p1a: Alakazam|Alakazam-Mega, F\n|-mega|p1a: Alakazam|Alakazam|Alakazite\n|-ability|p1a: Alakazam|Electric Surge|[from] ability: Trace|[of] p2a: Tapu Koko\n|move|p1a: Alakazam|Calm Mind|p1a: Alakazam\n|-boost|p1a: Alakazam|spa|1\n|-boost|p1a: Alakazam|spd|1\n|move|p2a: Tapu Koko|Volt Switch|p1a: Alakazam\n|-damage|p1a: Alakazam|63\/100\n|\n|switch|p2a: Nappy is trash|Pelipper, M|100\/100|[from]move: Volt Switch\n|-weather|RainDance|[from] ability: Drizzle|[of] p2a: Nappy is trash\n|\n|-weather|RainDance|[upkeep]\n|upkeep\n|turn|11\n|\n|move|p1a: Alakazam|Psyshock|p2a: Nappy is trash\n|-damage|p2a: Nappy is trash|22\/100\n|move|p2a: Nappy is trash|U-turn|p1a: Alakazam\n|-supereffective|p1a: Alakazam\n|-damage|p1a: Alakazam|33\/100\n|\n|switch|p2a: K. Beats|Greninja, M|100\/100|[from]move: U-turn\n|\n|-weather|RainDance|[upkeep]\n|upkeep\n|turn|12\n|\n|switch|p1a: Skarmory|Skarmory, F|86\/100\n|move|p2a: K. Beats|Water Shuriken|p1a: Skarmory\n|-damage|p1a: Skarmory|68\/100\n|-damage|p1a: Skarmory|51\/100\n|-damage|p1a: Skarmory|34\/100\n|-damage|p1a: Skarmory|18\/100\n|-damage|p1a: Skarmory|2\/100\n|-hitcount|p1a: Skarmory|5\n|\n|-weather|RainDance|[upkeep]\n|upkeep\n|turn|13\n|l|\u2606Ban lando t guy jk\n|inactive|Ban lando t guy jk disconnected and has a minute to reconnect!\n|player|p2|\n|j|\u2606Ban lando t guy jk\n|inactive|Ban lando t guy jk reconnected and has 120 seconds left.\n|player|p2|Ban lando t guy jk|164\n|inactive|Let's n0t has 120 seconds left.\n|\n|move|p2a: K. Beats|Water Shuriken|p1a: Skarmory\n|-damage|p1a: Skarmory|0 fnt\n|-hitcount|p1a: Skarmory|1\n|faint|p1a: Skarmory\n|-activate|p2a: K. Beats|ability: Battle Bond\n|detailschange|p2a: K. Beats|Greninja-Ash, M\n|\n|-weather|RainDance|[upkeep]\n|-fieldend|move: Electric Terrain\n|upkeep\n|\n|switch|p1a: Garchomp|Garchomp, F|100\/100\n|-damage|p1a: Garchomp|88\/100|[from] Spikes\n|turn|14\n|inactive|Let's n0t has 120 seconds left.\n|inactive|Ban lando t guy jk has 120 seconds left.\n|\n|switch|p2a: opy and PasteBirb|Hawlucha, M|84\/100\n|move|p1a: Garchomp|Earthquake|p2a: opy and PasteBirb\n|-immune|p2a: opy and PasteBirb\n|\n|-weather|RainDance|[upkeep]\n|upkeep\n|turn|15\n|inactive|Ban lando t guy jk has 120 seconds left.\n|inactive|Let's n0t has 120 seconds left.\n|\n|move|p1a: Garchomp|Stealth Rock|p2a: opy and PasteBirb\n|-sidestart|p2: Ban lando t guy jk|move: Stealth Rock\n|move|p2a: opy and PasteBirb|Acrobatics|p1a: Garchomp\n|-damage|p1a: Garchomp|49\/100\n|-damage|p2a: opy and PasteBirb|72\/100|[from] ability: Rough Skin|[of] p1a: Garchomp\n|-damage|p2a: opy and PasteBirb|55\/100|[from] item: Rocky Helmet|[of] p1a: Garchomp\n|\n|-weather|RainDance|[upkeep]\n|upkeep\n|turn|16\n|inactive|Let's n0t has 120 seconds left.\n|c|\u2606Ban lando t guy jk|Gg\n|inactive|Ban lando t guy jk has 120 seconds left.\n|\n|move|p1a: Garchomp|Toxic|p2a: opy and PasteBirb\n|-status|p2a: opy and PasteBirb|tox\n|move|p2a: opy and PasteBirb|Swords Dance|p2a: opy and PasteBirb\n|-boost|p2a: opy and PasteBirb|atk|2\n|\n|-weather|RainDance|[upkeep]\n|-damage|p2a: opy and PasteBirb|49\/100 tox|[from] psn\n|upkeep\n|turn|17\n|inactive|Let's n0t has 120 seconds left.\n|\n|switch|p1a: Breloom|Breloom, F|36\/100 tox\n|-damage|p1a: Breloom|24\/100 tox|[from] Spikes\n|move|p2a: opy and PasteBirb|Acrobatics|p1a: Breloom\n|-supereffective|p1a: Breloom\n|-damage|p1a: Breloom|0 fnt\n|faint|p1a: Breloom\n|\n|-weather|none\n|-damage|p2a: opy and PasteBirb|36\/100 tox|[from] psn\n|upkeep\n|\n|switch|p1a: Garchomp|Garchomp, F|49\/100\n|-damage|p1a: Garchomp|36\/100|[from] Spikes\n|turn|18\n|inactive|Ban lando t guy jk has 120 seconds left.\n|l|\u2606Ban lando t guy jk\n|inactive|Ban lando t guy jk disconnected and has a minute to reconnect!\n|player|p2|\n|j|\u2606Ban lando t guy jk\n|inactive|Ban lando t guy jk reconnected and has 110 seconds left.\n|player|p2|Ban lando t guy jk|164\n|\n|move|p1a: Garchomp|Fire Blast|p2a: opy and PasteBirb|[miss]\n|-miss|p1a: Garchomp|p2a: opy and PasteBirb\n|move|p2a: opy and PasteBirb|Acrobatics|p1a: Garchomp\n|-damage|p1a: Garchomp|0 fnt\n|-damage|p2a: opy and PasteBirb|24\/100 tox|[from] ability: Rough Skin|[of] p1a: Garchomp\n|-damage|p2a: opy and PasteBirb|7\/100 tox|[from] item: Rocky Helmet|[of] p1a: Garchomp\n|faint|p1a: Garchomp\n|\n|-damage|p2a: opy and PasteBirb|0 fnt|[from] psn\n|faint|p2a: opy and PasteBirb\n|upkeep\n|\n|switch|p1a: Alakazam|Alakazam-Mega, F|33\/100\n|switch|p2a: K. Beats|Greninja-Ash, M|100\/100\n|-damage|p1a: Alakazam|20\/100|[from] Spikes\n|-damage|p2a: K. Beats|88\/100|[from] Stealth Rock\n|turn|19\n|inactive|Ban lando t guy jk has 120 seconds left.\n|\n|move|p2a: K. Beats|Water Shuriken|p1a: Alakazam\n|-damage|p1a: Alakazam|0 fnt\n|-hitcount|p1a: Alakazam|1\n|faint|p1a: Alakazam\n|\n|win|Ban lando t guy jk\n|raw|Let&apos;s n0t's rating: 1496 &rarr; <strong>1479<\/strong><br \/>(-17 for losing)\n|raw|Ban lando t guy jk's rating: 1537 &rarr; <strong>1555<\/strong><br \/>(+18 for winning)\n|l|\u203dLet's n0t\n|l|\u2606Ban lando t guy jk\n|j|\u2606Ban lando t guy jk\n|player|p2|Ban lando t guy jk|164\n","uploadtime":1587620667,"views":5,"p1id":"letsn0t","p2id":"banlandotguyjk","formatid":"gen7ou","rating":1479,"private":0,"password":null}