{"id":"gen7randombattle-845542438","p1":"EverZero","p2":"wolfwarrior","format":"gen7randombattle","log":"|j|\u2606EverZero\n|j|\u2606wolfwarrior\n|player|p1|EverZero|101\n|player|p2|wolfwarrior|162\n|teamsize|p1|6\n|teamsize|p2|6\n|gametype|singles\n|gen|7\n|tier|[Gen 7] Random Battle\n|rated|\n|seed|18095,57393,47745,24434\n|rule|Sleep Clause Mod: Limit one foe put to sleep\n|rule|HP Percentage Mod: HP is shown in percentages\n|\n|start\n|switch|p1a: Shiftry|Shiftry, L83, M|285\/285\n|switch|p2a: Drampa|Drampa, L83, M|265\/265\n|turn|1\n|\n|move|p1a: Shiftry|Swords Dance|p1a: Shiftry\n|-boost|p1a: Shiftry|atk|2\n|move|p2a: Drampa|Glare|p1a: Shiftry\n|-status|p1a: Shiftry|par\n|\n|upkeep\n|turn|2\n|\n|move|p2a: Drampa|Hyper Voice|p1a: Shiftry\n|-damage|p1a: Shiftry|114\/285 par\n|move|p1a: Shiftry|Knock Off|p2a: Drampa\n|-damage|p2a: Drampa|66\/265\n|-enditem|p2a: Drampa|Focus Sash|[from] move: Knock Off|[of] p1a: Shiftry\n|\n|upkeep\n|turn|3\n|\n|move|p1a: Shiftry|Sucker Punch|p2a: Drampa\n|-damage|p2a: Drampa|0 fnt\n|faint|p2a: Drampa\n|\n|upkeep\n|inactive|Battle timer is ON: inactive players will automatically lose when time's up. (requested by wolfwarrior)\n|\n|switch|p2a: Altaria|Altaria, L77, F|242\/242\n|turn|4\n|\n|switch|p1a: Toxapex|Toxapex, L75, M|199\/199\n|detailschange|p2a: Altaria|Altaria-Mega, L77, F\n|-mega|p2a: Altaria|Altaria|Altarianite\n|move|p2a: Altaria|Return|p1a: Toxapex\n|-resisted|p1a: Toxapex\n|-damage|p1a: Toxapex|158\/199\n|\n|-heal|p1a: Toxapex|170\/199|[from] item: Black Sludge\n|upkeep\n|turn|5\n|\n|switch|p2a: Beheeyem|Beheeyem, L83, M|260\/260\n|move|p1a: Toxapex|Scald|p2a: Beheeyem\n|-damage|p2a: Beheeyem|214\/260\n|\n|-heal|p1a: Toxapex|182\/199|[from] item: Black Sludge\n|upkeep\n|turn|6\n|\n|switch|p1a: Shiftry|Shiftry, L83, M|114\/285 par\n|move|p2a: Beheeyem|Thunderbolt|p1a: Shiftry\n|-resisted|p1a: Shiftry\n|-damage|p1a: Shiftry|28\/285 par\n|-damage|p2a: Beheeyem|188\/260|[from] item: Life Orb\n|\n|upkeep\n|turn|7\n|\n|switch|p2a: Altaria|Altaria-Mega, L77, F|242\/242\n|move|p1a: Shiftry|Knock Off|p2a: Altaria\n|-resisted|p2a: Altaria\n|-damage|p2a: Altaria|209\/242\n|\n|upkeep\n|turn|8\n|\n|switch|p1a: Toxapex|Toxapex, L75, M|199\/199\n|move|p2a: Altaria|Return|p1a: Toxapex\n|-resisted|p1a: Toxapex\n|-damage|p1a: Toxapex|154\/199\n|\n|-heal|p1a: Toxapex|166\/199|[from] item: Black Sludge\n|upkeep\n|turn|9\n|\n|switch|p2a: Beheeyem|Beheeyem, L83, M|188\/260\n|move|p1a: Toxapex|Scald|p2a: Beheeyem\n|-damage|p2a: Beheeyem|142\/260\n|-status|p2a: Beheeyem|brn\n|\n|-heal|p1a: Toxapex|178\/199|[from] item: Black Sludge\n|-damage|p2a: Beheeyem|126\/260 brn|[from] brn\n|upkeep\n|turn|10\n|\n|switch|p1a: Shiftry|Shiftry, L83, M|28\/285 par\n|move|p2a: Beheeyem|Thunderbolt|p1a: Shiftry\n|-resisted|p1a: Shiftry\n|-damage|p1a: Shiftry|0 fnt\n|-damage|p2a: Beheeyem|100\/260 brn|[from] item: Life Orb\n|faint|p1a: Shiftry\n|\n|-damage|p2a: Beheeyem|84\/260 brn|[from] brn\n|upkeep\n|\n|switch|p1a: Garchomp|Garchomp, L75, F|286\/286\n|turn|11\n|\n|move|p1a: Garchomp|Earthquake|p2a: Beheeyem\n|-damage|p2a: Beheeyem|0 fnt\n|faint|p2a: Beheeyem\n|\n|upkeep\n|\n|switch|p2a: Altaria|Altaria-Mega, L77, F|209\/242\n|turn|12\n|\n|switch|p1a: Toxapex|Toxapex, L75, M|199\/199\n|move|p2a: Altaria|Dragon Dance|p2a: Altaria\n|-boost|p2a: Altaria|atk|1\n|-boost|p2a: Altaria|spe|1\n|\n|upkeep\n|turn|13\n|\n|move|p2a: Altaria|Dragon Dance|p2a: Altaria\n|-boost|p2a: Altaria|atk|1\n|-boost|p2a: Altaria|spe|1\n|move|p1a: Toxapex|Haze|p1a: Toxapex\n|-clearallboost\n|\n|upkeep\n|turn|14\n|\n|move|p2a: Altaria|Dragon Dance|p2a: Altaria\n|-boost|p2a: Altaria|atk|1\n|-boost|p2a: Altaria|spe|1\n|move|p1a: Toxapex|Scald|p2a: Altaria\n|-resisted|p2a: Altaria\n|-damage|p2a: Altaria|188\/242\n|-status|p2a: Altaria|brn\n|\n|-damage|p2a: Altaria|173\/242 brn|[from] brn\n|upkeep\n|turn|15\n|\n|move|p2a: Altaria|Heal Bell|p2a: Altaria\n|-activate|p2a: Altaria|move: Heal Bell\n|-curestatus|p2a: Altaria|brn|[msg]\n|move|p1a: Toxapex|Haze|p1a: Toxapex\n|-clearallboost\n|\n|upkeep\n|turn|16\n|\n|move|p2a: Altaria|Dragon Dance|p2a: Altaria\n|-boost|p2a: Altaria|atk|1\n|-boost|p2a: Altaria|spe|1\n|move|p1a: Toxapex|Scald|p2a: Altaria\n|-resisted|p2a: Altaria\n|-damage|p2a: Altaria|150\/242\n|\n|upkeep\n|turn|17\n|\n|move|p2a: Altaria|Earthquake|p1a: Toxapex\n|-supereffective|p1a: Toxapex\n|-damage|p1a: Toxapex|63\/199\n|move|p1a: Toxapex|Haze|p1a: Toxapex\n|-clearallboost\n|\n|-heal|p1a: Toxapex|75\/199|[from] item: Black Sludge\n|upkeep\n|turn|18\n|\n|switch|p1a: Vanilluxe|Vanilluxe, L81, M|247\/247\n|-weather|Hail|[from] ability: Snow Warning|[of] p1a: Vanilluxe\n|move|p2a: Altaria|Dragon Dance|p2a: Altaria\n|-boost|p2a: Altaria|atk|1\n|-boost|p2a: Altaria|spe|1\n|\n|-weather|Hail|[upkeep]\n|-damage|p2a: Altaria|135\/242|[from] Hail\n|upkeep\n|turn|19\n|\n|switch|p2a: Lumineon|Lumineon, L83, F|250\/250\n|move|p1a: Vanilluxe|Autotomize|p1a: Vanilluxe\n|-boost|p1a: Vanilluxe|spe|2\n|-start|p1a: Vanilluxe|Autotomize\n|\n|-weather|Hail|[upkeep]\n|-damage|p2a: Lumineon|235\/250|[from] Hail\n|-heal|p2a: Lumineon|250\/250|[from] item: Leftovers\n|upkeep\n|turn|20\n|\n|move|p1a: Vanilluxe|Freeze-Dry|p2a: Lumineon\n|-supereffective|p2a: Lumineon\n|-damage|p2a: Lumineon|45\/250\n|-damage|p1a: Vanilluxe|223\/247|[from] item: Life Orb\n|move|p2a: Lumineon|Toxic|p1a: Vanilluxe\n|-status|p1a: Vanilluxe|tox\n|\n|-weather|Hail|[upkeep]\n|-damage|p2a: Lumineon|30\/250|[from] Hail\n|-heal|p2a: Lumineon|45\/250|[from] item: Leftovers\n|-damage|p1a: Vanilluxe|208\/247 tox|[from] psn\n|upkeep\n|turn|21\n|\n|move|p1a: Vanilluxe|Freeze-Dry|p2a: Lumineon\n|-supereffective|p2a: Lumineon\n|-damage|p2a: Lumineon|0 fnt\n|-damage|p1a: Vanilluxe|184\/247 tox|[from] item: Life Orb\n|faint|p2a: Lumineon\n|\n|-weather|Hail|[upkeep]\n|-damage|p1a: Vanilluxe|154\/247 tox|[from] psn\n|upkeep\n|\n|switch|p2a: Swellow|Swellow, L79, M|223\/223\n|turn|22\n|\n|move|p2a: Swellow|Protect|p2a: Swellow\n|-singleturn|p2a: Swellow|Protect\n|move|p1a: Vanilluxe|Explosion|p2a: Swellow\n|-activate|p2a: Swellow|move: Protect\n|faint|p1a: Vanilluxe\n|\n|-weather|none\n|-status|p2a: Swellow|brn|[from] item: Flame Orb\n|upkeep\n|\n|switch|p1a: Garchomp|Garchomp, L75, F|286\/286\n|turn|23\n|\n|detailschange|p1a: Garchomp|Garchomp-Mega, L75, F\n|-mega|p1a: Garchomp|Garchomp|Garchompite\n|move|p2a: Swellow|Facade|p1a: Garchomp\n|-damage|p1a: Garchomp|130\/286\n|move|p1a: Garchomp|Stone Edge|p2a: Swellow\n|-supereffective|p2a: Swellow\n|-damage|p2a: Swellow|0 fnt\n|faint|p2a: Swellow\n|\n|upkeep\n|\n|switch|p2a: Hippowdon|Hippowdon, L77, F|293\/293\n|-weather|Sandstorm|[from] ability: Sand Stream|[of] p2a: Hippowdon\n|turn|24\n|\n|move|p1a: Garchomp|Swords Dance|p1a: Garchomp\n|-boost|p1a: Garchomp|atk|2\n|move|p2a: Hippowdon|Earthquake|p1a: Garchomp\n|-damage|p1a: Garchomp|36\/286\n|\n|-weather|Sandstorm|[upkeep]\n|upkeep\n|turn|25\n|\n|move|p1a: Garchomp|Earthquake|p2a: Hippowdon\n|-damage|p2a: Hippowdon|0 fnt\n|faint|p2a: Hippowdon\n|\n|-weather|Sandstorm|[upkeep]\n|upkeep\n|-message|wolfwarrior forfeited.\n|\n|win|EverZero\n|l|\u2606wolfwarrior\n|raw|EverZero's rating: 1687 &rarr; <strong>1705<\/strong><br \/>(+18 for winning)\n|raw|wolfwarrior's rating: 1657 &rarr; <strong>1639<\/strong><br \/>(-18 for losing)\n","inputlog":">version 167dce1ca67a1530449c0c777df8a5312f65fe26\n>start {\"formatid\":\"gen7randombattle\",\"seed\":[18095,57393,47745,24434],\"rated\":\"Rated battle\"}\n>player p1 {\"name\":\"EverZero\",\"avatar\":\"101\",\"team\":\"\"}\n>player p2 {\"name\":\"wolfwarrior\",\"avatar\":\"162\",\"team\":\"\"}\n>p1 move swordsdance\n>p2 move glare\n>p1 move knockoff\n>p2 move hypervoice\n>p1 move suckerpunch\n>p2 move hypervoice\n>p2 switch 3\n>p1 switch 6\n>p2 move return mega\n>p1 move scald\n>p2 switch 2\n>p1 switch 6\n>p2 move thunderbolt\n>p1 move knockoff\n>p2 switch 2\n>p1 switch 6\n>p2 move return\n>p1 move scald\n>p2 switch 2\n>p1 switch 6\n>p2 move thunderbolt\n>p1 switch 5\n>p1 move earthquake\n>p2 move trickroom\n>p2 switch 2\n>p1 switch 6\n>p2 move dragondance\n>p1 move haze\n>p2 move dragondance\n>p1 move scald\n>p2 move dragondance\n>p1 move haze\n>p2 move healbell\n>p1 move scald\n>p2 move dragondance\n>p1 move haze\n>p2 move earthquake\n>p1 switch 3\n>p2 move dragondance\n>p1 move autotomize\n>p2 switch 4\n>p1 move freezedry\n>p2 move toxic\n>p1 move freezedry\n>p2 move scald\n>p2 switch 6\n>p1 move explosion\n>p2 move protect\n>p1 switch 6\n>p1 move stoneedge mega\n>p2 move facade\n>p2 switch 5\n>p1 move swordsdance\n>p2 move earthquake\n>p1 move earthquake\n>p2 move earthquake","uploadtime":1546844732,"views":2,"p1id":"everzero","p2id":"wolfwarrior","formatid":"gen7randombattle","rating":1639,"private":0,"password":null}