{"id":"gen7anythinggoes-1558849619","p1":"reionatro","p2":"cherrycherrykuma","format":"gen7anythinggoes","log":"|j|\u2606reionatro\n|j|\u2606cherrycherrykuma\n|t:|1650621042\n|gametype|singles\n|player|p1|reionatro|jasmine|\n|player|p2|cherrycherrykuma|morty|\n|teamsize|p1|6\n|teamsize|p2|6\n|gen|7\n|tier|[Gen 7] Anything Goes\n|rule|HP Percentage Mod: HP is shown in percentages\n|rule|Endless Battle Clause: Forcing endless battles is banned\n|clearpoke\n|poke|p1|Steelix, F|item\n|poke|p1|Ferrothorn, M|item\n|poke|p1|Skarmory, F|item\n|poke|p1|Metagross|item\n|poke|p1|Lucario, F|item\n|poke|p1|Bronzong|item\n|poke|p2|Gengar, M|item\n|poke|p2|Dusknoir, F|item\n|poke|p2|Chandelure, F|item\n|poke|p2|Drifblim, F|item\n|poke|p2|Mismagius, F|item\n|poke|p2|Froslass, F|item\n|teampreview\n|\n|t:|1650621067\n|start\n|switch|p1a: Steelix|Steelix, F|100\/100\n|switch|p2a: Froslass|Froslass, F|100\/100\n|turn|1\n|\n|t:|1650621073\n|move|p2a: Froslass|Taunt|p1a: Steelix\n|-start|p1a: Steelix|move: Taunt\n|move|p1a: Steelix|Heavy Slam|p2a: Froslass\n|-supereffective|p2a: Froslass\n|-enditem|p2a: Froslass|Focus Sash\n|-damage|p2a: Froslass|1\/100\n|-start|p1a: Steelix|Disable|Heavy Slam|[from] ability: Cursed Body|[of] p2a: Froslass\n|\n|upkeep\n|turn|2\n|j| shadow404\n|\n|t:|1650621112\n|switch|p1a: Ferrothorn|Ferrothorn, M|100\/100\n|move|p2a: Froslass|Destiny Bond|p2a: Froslass\n|-singlemove|p2a: Froslass|Destiny Bond\n|\n|upkeep\n|turn|3\n|\n|t:|1650621133\n|move|p2a: Froslass|Taunt|p1a: Ferrothorn\n|-start|p1a: Ferrothorn|move: Taunt\n|cant|p1a: Ferrothorn|move: Taunt|Leech Seed\n|\n|upkeep\n|turn|4\n|\n|t:|1650621152\n|switch|p1a: Lucario|Lucario, F|100\/100\n|move|p2a: Froslass|Destiny Bond|p2a: Froslass\n|-singlemove|p2a: Froslass|Destiny Bond\n|\n|upkeep\n|turn|5\n|\n|t:|1650621160\n|move|p2a: Froslass|Spikes|p1a: Lucario\n|-sidestart|p1: reionatro|Spikes\n|move|p1a: Lucario|Nasty Plot|p1a: Lucario\n|-boost|p1a: Lucario|spa|2\n|\n|upkeep\n|turn|6\n|\n|t:|1650621183\n|switch|p1a: Ferrothorn|Ferrothorn, M|100\/100\n|-damage|p1a: Ferrothorn|88\/100|[from] Spikes\n|move|p2a: Froslass|Destiny Bond|p2a: Froslass\n|-singlemove|p2a: Froslass|Destiny Bond\n|\n|-heal|p1a: Ferrothorn|94\/100|[from] item: Leftovers\n|upkeep\n|turn|7\n|\n|t:|1650621192\n|move|p2a: Froslass|Taunt|p1a: Ferrothorn\n|-start|p1a: Ferrothorn|move: Taunt\n|move|p1a: Ferrothorn|Gyro Ball|p2a: Froslass\n|-supereffective|p2a: Froslass\n|-damage|p2a: Froslass|0 fnt\n|faint|p2a: Froslass\n|\n|-heal|p1a: Ferrothorn|100\/100|[from] item: Leftovers\n|upkeep\n|\n|t:|1650621213\n|switch|p2a: Chandelure|Chandelure, F|100\/100\n|turn|8\n|\n|t:|1650621231\n|move|p2a: Chandelure|Substitute|p2a: Chandelure\n|-start|p2a: Chandelure|Substitute\n|-damage|p2a: Chandelure|76\/100\n|move|p1a: Ferrothorn|Gyro Ball|p2a: Chandelure\n|-resisted|p2a: Chandelure\n|-end|p2a: Chandelure|Substitute\n|\n|-heal|p2a: Chandelure|82\/100|[from] item: Leftovers\n|upkeep\n|turn|9\n|j| adel19\n|\n|t:|1650621243\n|move|p2a: Chandelure|Substitute|p2a: Chandelure\n|-start|p2a: Chandelure|Substitute\n|-damage|p2a: Chandelure|57\/100\n|move|p1a: Ferrothorn|Gyro Ball|p2a: Chandelure\n|-resisted|p2a: Chandelure\n|-end|p2a: Chandelure|Substitute\n|\n|-heal|p2a: Chandelure|63\/100|[from] item: Leftovers\n|-end|p1a: Ferrothorn|move: Taunt\n|upkeep\n|turn|10\n|\n|t:|1650621252\n|move|p2a: Chandelure|Flamethrower|p1a: Ferrothorn\n|-supereffective|p1a: Ferrothorn\n|-damage|p1a: Ferrothorn|0 fnt\n|faint|p1a: Ferrothorn\n|\n|-heal|p2a: Chandelure|69\/100|[from] item: Leftovers\n|upkeep\n|\n|t:|1650621282\n|switch|p1a: Metagross|Metagross|100\/100\n|-damage|p1a: Metagross|88\/100|[from] Spikes\n|turn|11\n|\n|t:|1650621298\n|detailschange|p1a: Metagross|Metagross-Mega\n|-mega|p1a: Metagross|Metagross|Metagrossite\n|move|p1a: Metagross|Rock Slide|p2a: Chandelure|[miss]\n|-miss|p1a: Metagross|p2a: Chandelure\n|move|p2a: Chandelure|Flamethrower|p1a: Metagross\n|-supereffective|p1a: Metagross\n|-damage|p1a: Metagross|7\/100\n|\n|-heal|p2a: Chandelure|75\/100|[from] item: Leftovers\n|upkeep\n|turn|12\n|\n|t:|1650621328\n|switch|p2a: Dusknoir|Dusknoir, F|100\/100\n|-item|p1a: Metagross|Metagrossite|[from] ability: Frisk|[of] p2a: Dusknoir|[identify]\n|move|p1a: Metagross|Rock Slide|p2a: Dusknoir\n|-damage|p2a: Dusknoir|83\/100\n|\n|-heal|p2a: Dusknoir|89\/100|[from] item: Leftovers\n|upkeep\n|turn|13\n|\n|t:|1650621368\n|switch|p1a: Steelix|Steelix, F|100\/100\n|-damage|p1a: Steelix|88\/100|[from] Spikes\n|move|p2a: Dusknoir|Trick Room|p2a: Dusknoir\n|-fieldstart|move: Trick Room|[of] p2a: Dusknoir\n|\n|-heal|p1a: Steelix|94\/100|[from] item: Leftovers\n|-heal|p2a: Dusknoir|95\/100|[from] item: Leftovers\n|upkeep\n|turn|14\n|\n|t:|1650621378\n|move|p1a: Steelix|Stealth Rock|p2a: Dusknoir\n|-sidestart|p2: cherrycherrykuma|move: Stealth Rock\n|move|p2a: Dusknoir|Will-O-Wisp|p1a: Steelix\n|-status|p1a: Steelix|brn\n|\n|-heal|p1a: Steelix|100\/100 brn|[from] item: Leftovers\n|-heal|p2a: Dusknoir|100\/100|[from] item: Leftovers\n|-damage|p1a: Steelix|94\/100 brn|[from] brn\n|upkeep\n|turn|15\n|\n|t:|1650621404\n|move|p1a: Steelix|Toxic|p2a: Dusknoir\n|-status|p2a: Dusknoir|tox\n|move|p2a: Dusknoir|Brick Break|p1a: Steelix\n|-supereffective|p1a: Steelix\n|-damage|p1a: Steelix|74\/100 brn\n|\n|-heal|p1a: Steelix|80\/100 brn|[from] item: Leftovers\n|-damage|p2a: Dusknoir|94\/100 tox|[from] psn\n|-damage|p1a: Steelix|74\/100 brn|[from] brn\n|upkeep\n|turn|16\n|\n|t:|1650621446\n|switch|p1a: Skarmory|Skarmory, F|100\/100\n|move|p2a: Dusknoir|Brick Break|p1a: Skarmory\n|-damage|p1a: Skarmory|90\/100\n|-damage|p2a: Dusknoir|78\/100 tox|[from] item: Rocky Helmet|[of] p1a: Skarmory\n|\n|-heal|p2a: Dusknoir|84\/100 tox|[from] item: Leftovers\n|-damage|p2a: Dusknoir|72\/100 tox|[from] psn\n|upkeep\n|turn|17\n|\n|t:|1650621461\n|move|p2a: Dusknoir|Ice Punch|p1a: Skarmory\n|-damage|p1a: Skarmory|79\/100\n|-damage|p2a: Dusknoir|55\/100 tox|[from] item: Rocky Helmet|[of] p1a: Skarmory\n|move|p1a: Skarmory|Spikes|p2a: Dusknoir\n|-sidestart|p2: cherrycherrykuma|Spikes\n|\n|-heal|p2a: Dusknoir|61\/100 tox|[from] item: Leftovers\n|-damage|p2a: Dusknoir|43\/100 tox|[from] psn\n|-fieldend|move: Trick Room\n|upkeep\n|turn|18\n|\n|t:|1650621473\n|move|p1a: Skarmory|Roost|p1a: Skarmory\n|-heal|p1a: Skarmory|100\/100\n|-singleturn|p1a: Skarmory|move: Roost\n|move|p2a: Dusknoir|Will-O-Wisp|p1a: Skarmory\n|-status|p1a: Skarmory|brn\n|\n|-heal|p2a: Dusknoir|49\/100 tox|[from] item: Leftovers\n|-damage|p2a: Dusknoir|24\/100 tox|[from] psn\n|-damage|p1a: Skarmory|95\/100 brn|[from] brn\n|upkeep\n|turn|19\n|\n|t:|1650621492\n|move|p1a: Skarmory|Spikes|p2a: Dusknoir\n|-sidestart|p2: cherrycherrykuma|Spikes\n|move|p2a: Dusknoir|Brick Break|p1a: Skarmory\n|-damage|p1a: Skarmory|83\/100 brn\n|-damage|p2a: Dusknoir|8\/100 tox|[from] item: Rocky Helmet|[of] p1a: Skarmory\n|\n|-heal|p2a: Dusknoir|14\/100 tox|[from] item: Leftovers\n|-damage|p2a: Dusknoir|0 fnt|[from] psn\n|faint|p2a: Dusknoir\n|-damage|p1a: Skarmory|77\/100 brn|[from] brn\n|upkeep\n|\n|t:|1650621516\n|switch|p2a: Mismagius|Mismagius, F|100\/100\n|-damage|p2a: Mismagius|88\/100|[from] Stealth Rock\n|turn|20\n|\n|t:|1650621534\n|switch|p1a: Steelix|Steelix, F|74\/100 brn\n|-damage|p1a: Steelix|62\/100 brn|[from] Spikes\n|move|p2a: Mismagius|Substitute|p2a: Mismagius\n|-start|p2a: Mismagius|Substitute\n|-damage|p2a: Mismagius|63\/100\n|\n|-heal|p2a: Mismagius|69\/100|[from] item: Leftovers\n|-heal|p1a: Steelix|68\/100 brn|[from] item: Leftovers\n|-damage|p1a: Steelix|62\/100 brn|[from] brn\n|upkeep\n|turn|21\n|\n|t:|1650621559\n|move|p2a: Mismagius|Nasty Plot|p2a: Mismagius\n|-boost|p2a: Mismagius|spa|2\n|move|p1a: Steelix|Heavy Slam|p2a: Mismagius\n|-end|p2a: Mismagius|Substitute\n|\n|-heal|p2a: Mismagius|76\/100|[from] item: Leftovers\n|-heal|p1a: Steelix|68\/100 brn|[from] item: Leftovers\n|-damage|p1a: Steelix|62\/100 brn|[from] brn\n|upkeep\n|turn|22\n|\n|t:|1650621573\n|move|p2a: Mismagius|Shadow Ball|p1a: Steelix\n|-damage|p1a: Steelix|0 fnt\n|faint|p1a: Steelix\n|\n|-heal|p2a: Mismagius|82\/100|[from] item: Leftovers\n|upkeep\n|\n|t:|1650621631\n|switch|p1a: Bronzong|Bronzong|100\/100\n|turn|23\n|\n|t:|1650621678\n|move|p2a: Mismagius|Shadow Ball|p1a: Bronzong\n|-supereffective|p1a: Bronzong\n|-damage|p1a: Bronzong|3\/100\n|move|p1a: Bronzong|Gyro Ball|p2a: Mismagius\n|-damage|p2a: Mismagius|0 fnt\n|faint|p2a: Mismagius\n|\n|-heal|p1a: Bronzong|9\/100|[from] item: Leftovers\n|upkeep\n|\n|t:|1650621712\n|switch|p2a: Chandelure|Chandelure, F|75\/100\n|-damage|p2a: Chandelure|50\/100|[from] Stealth Rock\n|-damage|p2a: Chandelure|34\/100|[from] Spikes\n|turn|24\n|\n|t:|1650621750\n|move|p2a: Chandelure|Flamethrower|p1a: Bronzong\n|-supereffective|p1a: Bronzong\n|-damage|p1a: Bronzong|0 fnt\n|faint|p1a: Bronzong\n|\n|-heal|p2a: Chandelure|40\/100|[from] item: Leftovers\n|upkeep\n|\n|t:|1650621780\n|switch|p1a: Metagross|Metagross-Mega|7\/100\n|-damage|p1a: Metagross|0 fnt|[from] Spikes\n|faint|p1a: Metagross\n|\n|t:|1650621802\n|switch|p1a: Lucario|Lucario, F|100\/100\n|-damage|p1a: Lucario|88\/100|[from] Spikes\n|turn|25\n|\n|t:|1650621807\n|move|p1a: Lucario|Flash Cannon|p2a: Chandelure\n|-resisted|p2a: Chandelure\n|-damage|p2a: Chandelure|7\/100\n|-damage|p1a: Lucario|78\/100|[from] item: Life Orb\n|move|p2a: Chandelure|Flamethrower|p1a: Lucario\n|-supereffective|p1a: Lucario\n|-damage|p1a: Lucario|0 fnt\n|faint|p1a: Lucario\n|\n|-heal|p2a: Chandelure|13\/100|[from] item: Leftovers\n|upkeep\n|\n|t:|1650621813\n|switch|p1a: Skarmory|Skarmory, F|77\/100 brn\n|turn|26\n|\n|t:|1650621821\n|move|p2a: Chandelure|Flamethrower|p1a: Skarmory\n|-supereffective|p1a: Skarmory\n|-damage|p1a: Skarmory|0 fnt\n|faint|p1a: Skarmory\n|\n|win|cherrycherrykuma\n|l|\u2606reionatro\n","uploadtime":1650621828,"views":5,"p1id":"reionatro","p2id":"cherrycherrykuma","formatid":"gen7anythinggoes","rating":0,"private":0,"password":null}