{"id":"gen7ou-667897083","p1":"masao kakihara","p2":"Toxabelle","format":"gen7ou","log":"|raw|<div class=\"broadcast-red\"><strong>This battle is invite-only!<\/strong><br \/>Users must be rank + or invited with <code>\/invite<\/code> to join<\/div>\n|j|masao kakihara\n|j|Toxabelle\n|player|p1|masao kakihara|68\n|teamsize|p1|6\n|player|p2|Toxabelle|164\n|teamsize|p2|6\n|gametype|singles\n|gen|7\n|tier|[Gen 7] OU\n|rated|\n|seed|14848,9042,6018,39725\n|rule|Sleep Clause Mod: Limit one foe put to sleep\n|rule|Species Clause: Limit one of each Pok\u00e9mon\n|rule|OHKO Clause: OHKO moves are banned\n|rule|Moody Clause: Moody is banned\n|rule|Evasion Moves Clause: Evasion moves are banned\n|rule|Endless Battle Clause: Forcing endless battles is banned\n|rule|HP Percentage Mod: HP is shown in percentages\n|clearpoke\n|poke|p1|Landorus-Therian, M|item\n|poke|p1|Tyranitar, F|item\n|poke|p1|Clefable, M|item\n|poke|p1|Ferrothorn, F|item\n|poke|p1|Toxapex, F|item\n|poke|p1|Latios, M|item\n|poke|p2|Venusaur, M|item\n|poke|p2|Keldeo-Resolute|item\n|poke|p2|Skarmory, F|item\n|poke|p2|Chansey, F|item\n|poke|p2|Heatran, M|item\n|poke|p2|Bisharp, M|item\n|teampreview\n|inactive|Battle timer is ON: inactive players will automatically lose when time's up. (requested by Toxabelle)\n|inactive|masao kakihara has 135 seconds left.\n|choice|team 1, team 2, team 3, team 4, team 5, team 6|team 2, team 1, team 3, team 4, team 5, team 6\n|\n|start\n|switch|p1a: Landorus|Landorus-Therian, M|319\/319\n|switch|p2a: Keldeo|Keldeo-Resolute|323\/323\n|-ability|p1a: Landorus|Intimidate|boost\n|-unboost|p2a: Keldeo|atk|1\n|turn|1\n|choice|switch 6|move scald\n|\n|switch|p1a: Latios|Latios, M|301\/301\n|move|p2a: Keldeo|Scald|p1a: Latios\n|-resisted|p1a: Latios\n|-damage|p1a: Latios|237\/301\n|\n|upkeep\n|turn|2\n|choice|move trick|switch 4\n|\n|switch|p2a: Chansey|Chansey, F|703\/703\n|move|p1a: Latios|Trick|p2a: Chansey\n|-activate|p1a: Latios|move: Trick|[of] p2a: Chansey\n|-item|p2a: Chansey|Choice Scarf|[from] move: Trick\n|-item|p1a: Latios|Eviolite|[from] move: Trick\n|\n|upkeep\n|turn|3\n|choice|switch 4|switch 5\n|\n|switch|p1a: Ferrothorn|Ferrothorn, F|352\/352\n|switch|p2a: Heatran|Heatran, M|385\/385\n|\n|upkeep\n|turn|4\n|choice|switch 2|move stealthrock\n|\n|switch|p1a: Tyranitar|Tyranitar, F|383\/383\n|-weather|Sandstorm|[from] ability: Sand Stream|[of] p1a: Tyranitar\n|move|p2a: Heatran|Stealth Rock|p1a: Tyranitar\n|-sidestart|p1: masao kakihara|move: Stealth Rock\n|\n|-weather|Sandstorm|[upkeep]\n|upkeep\n|turn|5\n|choice|move earthquake mega|move taunt\n|\n|-mega|p1a: Tyranitar|Tyranitar|Tyranitarite\n|detailschange|p1a: Tyranitar|Tyranitar-Mega, F\n|move|p2a: Heatran|Taunt|p1a: Tyranitar\n|-start|p1a: Tyranitar|move: Taunt\n|move|p1a: Tyranitar|Earthquake|p2a: Heatran\n|-supereffective|p2a: Heatran\n|-damage|p2a: Heatran|0 fnt\n|faint|p2a: Heatran\n|\n|-weather|Sandstorm|[upkeep]\n|upkeep\n|choice||switch 4\n|\n|switch|p2a: Keldeo|Keldeo-Resolute|323\/323\n|turn|6\n|choice|switch 4|move secretsword\n|\n|switch|p1a: Latios|Latios, M|237\/301\n|-damage|p1a: Latios|200\/301|[from] Stealth Rock\n|move|p2a: Keldeo|Secret Sword|p1a: Latios\n|-resisted|p1a: Latios\n|-damage|p1a: Latios|101\/301\n|\n|-weather|Sandstorm|[upkeep]\n|-damage|p1a: Latios|83\/301|[from] sandstorm\n|-damage|p2a: Keldeo|303\/323|[from] sandstorm\n|-heal|p2a: Keldeo|323\/323|[from] item: Leftovers\n|upkeep\n|turn|7\n|choice|move defog|switch 3\n|\n|switch|p2a: Skarmory|Skarmory, F|333\/333\n|move|p1a: Latios|Defog|p2a: Skarmory\n|-unboost|p2a: Skarmory|evasion|1\n|-sideend|p1: masao kakihara|Stealth Rock|[from] move: Defog|[of] p1a: Latios\n|\n|-weather|Sandstorm|[upkeep]\n|-damage|p1a: Latios|65\/301|[from] sandstorm\n|upkeep\n|turn|8\n|choice|move trick|move spikes\n|\n|move|p1a: Latios|Trick|p2a: Skarmory\n|-activate|p1a: Latios|move: Trick|[of] p2a: Skarmory\n|-item|p2a: Skarmory|Eviolite|[from] move: Trick\n|-item|p1a: Latios|Rocky Helmet|[from] move: Trick\n|move|p2a: Skarmory|Spikes|p1a: Latios\n|-sidestart|p1: masao kakihara|Spikes\n|\n|-weather|none\n|upkeep\n|turn|9\n|choice|switch 2|move spikes\n|\n|switch|p1a: Ferrothorn|Ferrothorn, F|352\/352\n|-damage|p1a: Ferrothorn|308\/352|[from] Spikes\n|move|p2a: Skarmory|Spikes|p1a: Ferrothorn\n|-sidestart|p1: masao kakihara|Spikes\n|\n|-heal|p1a: Ferrothorn|330\/352|[from] item: Leftovers\n|upkeep\n|turn|10\n|choice|move spikes|switch 6\n|\n|switch|p2a: Bisharp|Bisharp, M|333\/333\n|move|p1a: Ferrothorn|Spikes|p2a: Bisharp\n|-sidestart|p2: Toxabelle|Spikes\n|\n|-heal|p1a: Ferrothorn|352\/352|[from] item: Leftovers\n|upkeep\n|turn|11\n|inactive|masao kakihara has 135 seconds left.\n|choice|move leechseed|move swordsdance\n|\n|move|p2a: Bisharp|Swords Dance|p2a: Bisharp\n|-boost|p2a: Bisharp|atk|2\n|move|p1a: Ferrothorn|Leech Seed|p2a: Bisharp\n|-start|p2a: Bisharp|move: Leech Seed\n|\n|-damage|p2a: Bisharp|292\/333|[from] Leech Seed|[of] p1a: Ferrothorn\n|upkeep\n|turn|12\n|choice|move powerwhip|move swordsdance\n|\n|move|p2a: Bisharp|Swords Dance|p2a: Bisharp\n|-boost|p2a: Bisharp|atk|2\n|move|p1a: Ferrothorn|Power Whip|p2a: Bisharp\n|-resisted|p2a: Bisharp\n|-damage|p2a: Bisharp|221\/333\n|\n|-heal|p2a: Bisharp|241\/333|[from] item: Leftovers\n|-damage|p2a: Bisharp|200\/333|[from] Leech Seed|[of] p1a: Ferrothorn\n|upkeep\n|turn|13\n|choice|move spikes|move knockoff\n|\n|move|p2a: Bisharp|Knock Off|p1a: Ferrothorn\n|-damage|p1a: Ferrothorn|0 fnt\n|-damage|p2a: Bisharp|159\/333|[from] ability: Iron Barbs|[of] p1a: Ferrothorn\n|-enditem|p1a: Ferrothorn|Leftovers|[from] move: Knock Off|[of] p2a: Bisharp\n|faint|p1a: Ferrothorn\n|\n|-heal|p2a: Bisharp|179\/333|[from] item: Leftovers\n|upkeep\n|choice|switch 2|\n|\n|switch|p1a: Latios|Latios, M|65\/301\n|turn|14\n|choice|move trick|switch 6\n|\n|switch|p2a: Skarmory|Skarmory, F|333\/333\n|move|p1a: Latios|Trick|p2a: Skarmory\n|-activate|p1a: Latios|move: Trick|[of] p2a: Skarmory\n|-item|p2a: Skarmory|Rocky Helmet|[from] move: Trick\n|-item|p1a: Latios|Eviolite|[from] move: Trick\n|\n|upkeep\n|turn|15\n|choice|switch 4|move spikes\n|\n|switch|p1a: Tyranitar|Tyranitar-Mega, F|383\/383\n|-damage|p1a: Tyranitar|320\/383|[from] Spikes\n|-weather|Sandstorm|[from] ability: Sand Stream|[of] p1a: Tyranitar\n|move|p2a: Skarmory|Spikes|p1a: Tyranitar\n|-sidestart|p1: masao kakihara|Spikes\n|\n|-weather|Sandstorm|[upkeep]\n|upkeep\n|turn|16\n|choice|move stealthrock|switch 3\n|\n|switch|p2a: Keldeo|Keldeo-Resolute|323\/323\n|-damage|p2a: Keldeo|283\/323|[from] Spikes\n|move|p1a: Tyranitar|Stealth Rock|p2a: Keldeo\n|-sidestart|p2: Toxabelle|move: Stealth Rock\n|\n|-weather|Sandstorm|[upkeep]\n|-damage|p2a: Keldeo|263\/323|[from] sandstorm\n|-heal|p2a: Keldeo|283\/323|[from] item: Leftovers\n|upkeep\n|turn|17\n|choice|move earthquake|move scald\n|\n|move|p2a: Keldeo|Scald|p1a: Tyranitar\n|-supereffective|p1a: Tyranitar\n|-damage|p1a: Tyranitar|158\/383\n|-status|p1a: Tyranitar|brn\n|move|p1a: Tyranitar|Earthquake|p2a: Keldeo\n|-damage|p2a: Keldeo|204\/323\n|\n|-weather|Sandstorm|[upkeep]\n|-damage|p2a: Keldeo|184\/323|[from] sandstorm\n|-heal|p2a: Keldeo|204\/323|[from] item: Leftovers\n|-damage|p1a: Tyranitar|135\/383 brn|[from] brn\n|upkeep\n|turn|18\n|choice|move earthquake|move scald\n|\n|move|p2a: Keldeo|Scald|p1a: Tyranitar\n|-supereffective|p1a: Tyranitar\n|-damage|p1a: Tyranitar|0 fnt\n|faint|p1a: Tyranitar\n|\n|-weather|Sandstorm|[upkeep]\n|-damage|p2a: Keldeo|184\/323|[from] sandstorm\n|-heal|p2a: Keldeo|204\/323|[from] item: Leftovers\n|upkeep\n|choice|switch 3|\n|\n|switch|p1a: Clefable|Clefable, M|394\/394\n|turn|19\n|choice|move cosmicpower|switch 3\n|\n|switch|p2a: Skarmory|Skarmory, F|333\/333\n|-damage|p2a: Skarmory|292\/333|[from] Stealth Rock\n|move|p1a: Clefable|Cosmic Power|p1a: Clefable\n|-boost|p1a: Clefable|def|1\n|-boost|p1a: Clefable|spd|1\n|\n|-weather|none\n|upkeep\n|turn|20\n|choice|move calmmind|move whirlwind\n|\n|move|p1a: Clefable|Calm Mind|p1a: Clefable\n|-boost|p1a: Clefable|spa|1\n|-boost|p1a: Clefable|spd|1\n|move|p2a: Skarmory|Whirlwind|p1a: Clefable\n|drag|p1a: Latios|Latios, M|65\/301\n|\n|upkeep\n|turn|21\n|choice|move trick|move bravebird\n|\n|move|p1a: Latios|Trick|p2a: Skarmory\n|-activate|p1a: Latios|move: Trick|[of] p2a: Skarmory\n|-item|p2a: Skarmory|Eviolite|[from] move: Trick\n|-item|p1a: Latios|Rocky Helmet|[from] move: Trick\n|move|p2a: Skarmory|Brave Bird|p1a: Latios\n|-damage|p1a: Latios|0 fnt\n|-damage|p2a: Skarmory|237\/333|[from] item: Rocky Helmet|[of] p1a: Latios\n|-damage|p2a: Skarmory|216\/333|[from] Recoil|[of] p1a: Latios\n|faint|p1a: Latios\n|\n|upkeep\n|choice|switch 6|\n|\n|switch|p1a: Landorus|Landorus-Therian, M|319\/319\n|-ability|p1a: Landorus|Intimidate|boost\n|-unboost|p2a: Skarmory|atk|1\n|turn|22\n|choice|move gravity|move roost\n|\n|move|p1a: Landorus|Gravity|p1a: Landorus\n|-fieldstart|move: Gravity\n|move|p2a: Skarmory|Roost|p2a: Skarmory\n|-heal|p2a: Skarmory|333\/333\n|\n|upkeep\n|turn|23\n|choice|move earthquake|move whirlwind\n|\n|move|p1a: Landorus|Earthquake|p2a: Skarmory\n|-supereffective|p2a: Skarmory\n|-damage|p2a: Skarmory|109\/333\n|move|p2a: Skarmory|Whirlwind|p1a: Landorus\n|drag|p1a: Clefable|Clefable, M|394\/394\n|\n|upkeep\n|turn|24\n|choice|switch 4|move roost\n|\n|switch|p1a: Landorus|Landorus-Therian, M|319\/319\n|-damage|p1a: Landorus|240\/319|[from] Spikes\n|-ability|p1a: Landorus|Intimidate|boost\n|-unboost|p2a: Skarmory|atk|1\n|move|p2a: Skarmory|Roost|p2a: Skarmory\n|-heal|p2a: Skarmory|276\/333\n|\n|upkeep\n|turn|25\n|choice|move earthquake zmove|move whirlwind\n|\n|-zpower|p1a: Landorus\n|move|p1a: Landorus|Tectonic Rage|p2a: Skarmory|[zeffect]\n|-supereffective|p2a: Skarmory\n|-damage|p2a: Skarmory|0 fnt\n|faint|p2a: Skarmory\n|\n|upkeep\n|choice||switch 3\n|\n|switch|p2a: Keldeo|Keldeo-Resolute|204\/323\n|-damage|p2a: Keldeo|184\/323|[from] Stealth Rock\n|-damage|p2a: Keldeo|144\/323|[from] Spikes\n|turn|26\n|choice|switch 4|move scald\n|\n|switch|p1a: Clefable|Clefable, M|394\/394\n|move|p2a: Keldeo|Scald|p1a: Clefable\n|-damage|p1a: Clefable|235\/394\n|-status|p1a: Clefable|brn\n|\n|-heal|p2a: Keldeo|164\/323|[from] item: Leftovers\n|-heal|p1a: Clefable|259\/394 brn|[from] item: Leftovers\n|-fieldend|move: Gravity\n|upkeep\n|turn|27\n|choice|move cosmicpower|switch 6\n|\n|switch|p2a: Bisharp|Bisharp, M|179\/333\n|-damage|p2a: Bisharp|159\/333|[from] Stealth Rock\n|-damage|p2a: Bisharp|118\/333|[from] Spikes\n|move|p1a: Clefable|Cosmic Power|p1a: Clefable\n|-boost|p1a: Clefable|def|1\n|-boost|p1a: Clefable|spd|1\n|\n|-heal|p2a: Bisharp|138\/333|[from] item: Leftovers\n|-heal|p1a: Clefable|283\/394 brn|[from] item: Leftovers\n|upkeep\n|turn|28\n|choice|move moonblast|move ironhead\n|\n|move|p2a: Bisharp|Iron Head|p1a: Clefable\n|-supereffective|p1a: Clefable\n|-damage|p1a: Clefable|107\/394 brn\n|move|p1a: Clefable|Moonblast|p2a: Bisharp\n|-damage|p2a: Bisharp|0 fnt\n|faint|p2a: Bisharp\n|\n|-heal|p1a: Clefable|131\/394 brn|[from] item: Leftovers\n|upkeep\n|choice||switch 2\n|\n|switch|p2a: Venusaur|Venusaur, M|363\/363\n|-damage|p2a: Venusaur|318\/363|[from] Stealth Rock\n|-damage|p2a: Venusaur|273\/363|[from] Spikes\n|turn|29\n|choice|switch 5|move sludgebomb mega\n|\n|switch|p1a: Toxapex|Toxapex, F|304\/304\n|-damage|p1a: Toxapex|228\/304|[from] Spikes\n|-mega|p2a: Venusaur|Venusaur|Venusaurite\n|detailschange|p2a: Venusaur|Venusaur-Mega, M\n|move|p2a: Venusaur|Sludge Bomb|p1a: Toxapex\n|-resisted|p1a: Toxapex\n|-damage|p1a: Toxapex|194\/304\n|\n|upkeep\n|turn|30\n|choice|move toxic|move gigadrain\n|\n|move|p2a: Venusaur|Giga Drain|p1a: Toxapex\n|-damage|p1a: Toxapex|131\/304\n|-heal|p2a: Venusaur|305\/363|[from] drain|[of] p1a: Toxapex\n|move|p1a: Toxapex|Toxic|p2a: Venusaur\n|-immune|p2a: Venusaur|[msg]\n|\n|upkeep\n|turn|31\n|choice|move toxic|switch 6\n|\n|switch|p2a: Keldeo|Keldeo-Resolute|164\/323\n|-damage|p2a: Keldeo|144\/323|[from] Stealth Rock\n|-damage|p2a: Keldeo|104\/323|[from] Spikes\n|move|p1a: Toxapex|Toxic|p2a: Keldeo\n|-status|p2a: Keldeo|tox\n|\n|-heal|p2a: Keldeo|124\/323 tox|[from] item: Leftovers\n|-damage|p2a: Keldeo|104\/323 tox|[from] psn\n|upkeep\n|turn|32\n|choice|move recover|switch 5\n|\n|switch|p2a: Chansey|Chansey, F|703\/703\n|-damage|p2a: Chansey|616\/703|[from] Stealth Rock\n|-damage|p2a: Chansey|529\/703|[from] Spikes\n|move|p1a: Toxapex|Recover|p1a: Toxapex\n|-heal|p1a: Toxapex|283\/304\n|\n|upkeep\n|turn|33\n|choice|switch 5|switch 6\n|\n|switch|p2a: Venusaur|Venusaur-Mega, M|305\/363\n|-damage|p2a: Venusaur|260\/363|[from] Stealth Rock\n|-damage|p2a: Venusaur|215\/363|[from] Spikes\n|switch|p1a: Clefable|Clefable, M|131\/394 brn\n|\n|-heal|p1a: Clefable|155\/394 brn|[from] item: Leftovers\n|upkeep\n|turn|34\n|choice|switch 5|move sludgebomb\n|\n|switch|p1a: Toxapex|Toxapex, F|304\/304\n|-damage|p1a: Toxapex|228\/304|[from] Spikes\n|move|p2a: Venusaur|Sludge Bomb|p1a: Toxapex\n|-resisted|p1a: Toxapex\n|-damage|p1a: Toxapex|195\/304\n|\n|upkeep\n|turn|35\n|choice|move recover|move gigadrain\n|\n|move|p2a: Venusaur|Giga Drain|p1a: Toxapex\n|-damage|p1a: Toxapex|131\/304\n|-heal|p2a: Venusaur|247\/363|[from] drain|[of] p1a: Toxapex\n|move|p1a: Toxapex|Recover|p1a: Toxapex\n|-heal|p1a: Toxapex|283\/304\n|\n|upkeep\n|turn|36\n|choice|move scald|move gigadrain\n|\n|move|p2a: Venusaur|Giga Drain|p1a: Toxapex\n|-damage|p1a: Toxapex|225\/304\n|-heal|p2a: Venusaur|276\/363|[from] drain|[of] p1a: Toxapex\n|move|p1a: Toxapex|Scald|p2a: Venusaur\n|-resisted|p2a: Venusaur\n|-crit|p2a: Venusaur\n|-damage|p2a: Venusaur|247\/363\n|\n|upkeep\n|turn|37\n|choice|move scald|move gigadrain\n|\n|move|p2a: Venusaur|Giga Drain|p1a: Toxapex\n|-damage|p1a: Toxapex|168\/304\n|-heal|p2a: Venusaur|276\/363|[from] drain|[of] p1a: Toxapex\n|move|p1a: Toxapex|Scald|p2a: Venusaur\n|-resisted|p2a: Venusaur\n|-damage|p2a: Venusaur|257\/363\n|-status|p2a: Venusaur|brn\n|\n|-damage|p2a: Venusaur|235\/363 brn|[from] brn\n|upkeep\n|turn|38\n|choice|move recover|move gigadrain\n|\n|move|p2a: Venusaur|Giga Drain|p1a: Toxapex\n|-damage|p1a: Toxapex|114\/304\n|-heal|p2a: Venusaur|262\/363 brn|[from] drain|[of] p1a: Toxapex\n|move|p1a: Toxapex|Recover|p1a: Toxapex\n|-heal|p1a: Toxapex|266\/304\n|\n|-damage|p2a: Venusaur|240\/363 brn|[from] brn\n|upkeep\n|turn|39\n|choice|switch 4|move synthesis\n|\n|switch|p1a: Landorus|Landorus-Therian, M|240\/319\n|-ability|p1a: Landorus|Intimidate|boost\n|-unboost|p2a: Venusaur|atk|1\n|move|p2a: Venusaur|Synthesis|p2a: Venusaur\n|-heal|p2a: Venusaur|363\/363 brn\n|\n|-damage|p2a: Venusaur|341\/363 brn|[from] brn\n|upkeep\n|turn|40\n|choice|move earthquake|move gigadrain\n|\n|move|p1a: Landorus|Earthquake|p2a: Venusaur\n|-damage|p2a: Venusaur|214\/363 brn\n|move|p2a: Venusaur|Giga Drain|p1a: Landorus\n|-damage|p1a: Landorus|122\/319\n|-heal|p2a: Venusaur|273\/363 brn|[from] drain|[of] p1a: Landorus\n|\n|-damage|p2a: Venusaur|251\/363 brn|[from] brn\n|upkeep\n|turn|41\n|choice|move earthquake|move synthesis\n|\n|move|p1a: Landorus|Earthquake|p2a: Venusaur\n|-damage|p2a: Venusaur|128\/363 brn\n|move|p2a: Venusaur|Synthesis|p2a: Venusaur\n|-heal|p2a: Venusaur|309\/363 brn\n|\n|-damage|p2a: Venusaur|287\/363 brn|[from] brn\n|upkeep\n|turn|42\n|choice|move earthquake|move gigadrain\n|\n|move|p1a: Landorus|Earthquake|p2a: Venusaur\n|-damage|p2a: Venusaur|161\/363 brn\n|move|p2a: Venusaur|Giga Drain|p1a: Landorus\n|-crit|p1a: Landorus\n|-damage|p1a: Landorus|0 fnt\n|-heal|p2a: Venusaur|222\/363 brn|[from] drain|[of] p1a: Landorus\n|faint|p1a: Landorus\n|\n|-damage|p2a: Venusaur|200\/363 brn|[from] brn\n|upkeep\n|choice|switch 4|\n|\n|switch|p1a: Toxapex|Toxapex, F|304\/304\n|-damage|p1a: Toxapex|228\/304|[from] Spikes\n|turn|43\n|choice|move scald|move synthesis\n|\n|move|p2a: Venusaur|Synthesis|p2a: Venusaur\n|-heal|p2a: Venusaur|363\/363 brn\n|move|p1a: Toxapex|Scald|p2a: Venusaur\n|-resisted|p2a: Venusaur\n|-damage|p2a: Venusaur|341\/363 brn\n|\n|-damage|p2a: Venusaur|319\/363 brn|[from] brn\n|upkeep\n|turn|44\n|choice|move scald|switch 6\n|\n|switch|p2a: Chansey|Chansey, F|529\/703\n|-damage|p2a: Chansey|442\/703|[from] Stealth Rock\n|-damage|p2a: Chansey|355\/703|[from] Spikes\n|move|p1a: Toxapex|Scald|p2a: Chansey\n|-damage|p2a: Chansey|307\/703\n|\n|upkeep\n|turn|45\n|choice|switch 5|move seismictoss\n|\n|switch|p1a: Clefable|Clefable, M|155\/394 brn\n|move|p2a: Chansey|Seismic Toss|p1a: Clefable\n|-damage|p1a: Clefable|55\/394 brn\n|\n|-heal|p1a: Clefable|79\/394 brn|[from] item: Leftovers\n|upkeep\n|turn|46\n|choice|switch 5|move seismictoss\n|\n|switch|p1a: Toxapex|Toxapex, F|304\/304\n|-damage|p1a: Toxapex|228\/304|[from] Spikes\n|move|p2a: Chansey|Seismic Toss|p1a: Toxapex\n|-damage|p1a: Toxapex|128\/304\n|\n|upkeep\n|turn|47\n|inactive|Toxabelle has 135 seconds left.\n|choice|move recover|move seismictoss\n|\n|move|p2a: Chansey|Seismic Toss|p1a: Toxapex\n|-damage|p1a: Toxapex|28\/304\n|move|p1a: Toxapex|Recover|p1a: Toxapex\n|-heal|p1a: Toxapex|180\/304\n|\n|upkeep\n|turn|48\n|choice|move recover|move seismictoss\n|\n|move|p2a: Chansey|Seismic Toss|p1a: Toxapex\n|-damage|p1a: Toxapex|80\/304\n|move|p1a: Toxapex|Recover|p1a: Toxapex\n|-heal|p1a: Toxapex|232\/304\n|\n|upkeep\n|turn|49\n|choice|move toxic|move seismictoss\n|\n|move|p2a: Chansey|Seismic Toss|p1a: Toxapex\n|-damage|p1a: Toxapex|132\/304\n|move|p1a: Toxapex|Toxic|p2a: Chansey\n|-status|p2a: Chansey|tox\n|\n|-damage|p2a: Chansey|264\/703 tox|[from] psn\n|upkeep\n|turn|50\n|choice|move recover|switch 6\n|\n|-curestatus|p2a: Chansey|tox|[from] ability: Natural Cure\n|switch|p2a: Venusaur|Venusaur-Mega, M|319\/363 brn\n|-damage|p2a: Venusaur|274\/363 brn|[from] Spikes\n|-damage|p2a: Venusaur|229\/363 brn|[from] Stealth Rock\n|move|p1a: Toxapex|Recover|p1a: Toxapex\n|-heal|p1a: Toxapex|284\/304\n|\n|-damage|p2a: Venusaur|207\/363 brn|[from] brn\n|upkeep\n|turn|51\n|choice|move scald|move synthesis\n|\n|move|p2a: Venusaur|Synthesis|p2a: Venusaur\n|-heal|p2a: Venusaur|363\/363 brn\n|move|p1a: Toxapex|Scald|p2a: Venusaur\n|-resisted|p2a: Venusaur\n|-damage|p2a: Venusaur|343\/363 brn\n|\n|-damage|p2a: Venusaur|321\/363 brn|[from] brn\n|upkeep\n|turn|52\n|choice|move scald|switch 6\n|\n|switch|p2a: Chansey|Chansey, F|264\/703\n|-damage|p2a: Chansey|177\/703|[from] Stealth Rock\n|-damage|p2a: Chansey|90\/703|[from] Spikes\n|move|p1a: Toxapex|Scald|p2a: Chansey\n|-damage|p2a: Chansey|38\/703\n|\n|upkeep\n|turn|53\n|choice|switch 5|move softboiled\n|\n|switch|p1a: Clefable|Clefable, M|79\/394 brn\n|move|p2a: Chansey|Soft-Boiled|p2a: Chansey\n|-heal|p2a: Chansey|390\/703\n|\n|-heal|p1a: Clefable|103\/394 brn|[from] item: Leftovers\n|upkeep\n|turn|54\n|choice|move softboiled|switch 6\n|\n|switch|p2a: Venusaur|Venusaur-Mega, M|321\/363 brn\n|-damage|p2a: Venusaur|276\/363 brn|[from] Spikes\n|-damage|p2a: Venusaur|231\/363 brn|[from] Stealth Rock\n|move|p1a: Clefable|Soft-Boiled|p1a: Clefable\n|-heal|p1a: Clefable|300\/394 brn\n|\n|-heal|p1a: Clefable|324\/394 brn|[from] item: Leftovers\n|-damage|p2a: Venusaur|209\/363 brn|[from] brn\n|upkeep\n|turn|55\n|choice|switch 5|switch 6\n|\n|switch|p2a: Chansey|Chansey, F|390\/703\n|-damage|p2a: Chansey|303\/703|[from] Stealth Rock\n|-damage|p2a: Chansey|216\/703|[from] Spikes\n|switch|p1a: Toxapex|Toxapex, F|304\/304\n|-damage|p1a: Toxapex|228\/304|[from] Spikes\n|\n|upkeep\n|turn|56\n|choice|switch 5|move aromatherapy\n|\n|switch|p1a: Clefable|Clefable, M|324\/394 brn\n|move|p2a: Chansey|Aromatherapy|p2a: Chansey\n|-activate|p2a: Chansey|move: Aromatherapy\n|-curestatus|p2: Keldeo|tox|[msg]\n|-curestatus|p2: Venusaur|brn|[msg]\n|\n|-heal|p1a: Clefable|348\/394 brn|[from] item: Leftovers\n|upkeep\n|turn|57\n|choice|move calmmind|switch 6\n|\n|switch|p2a: Venusaur|Venusaur-Mega, M|209\/363\n|-damage|p2a: Venusaur|164\/363|[from] Stealth Rock\n|-damage|p2a: Venusaur|119\/363|[from] Spikes\n|move|p1a: Clefable|Calm Mind|p1a: Clefable\n|-boost|p1a: Clefable|spa|1\n|-boost|p1a: Clefable|spd|1\n|\n|-heal|p1a: Clefable|372\/394 brn|[from] item: Leftovers\n|upkeep\n|turn|58\n|choice|move calmmind|move synthesis\n|\n|move|p2a: Venusaur|Synthesis|p2a: Venusaur\n|-heal|p2a: Venusaur|300\/363\n|move|p1a: Clefable|Calm Mind|p1a: Clefable\n|-boost|p1a: Clefable|spa|1\n|-boost|p1a: Clefable|spd|1\n|\n|-heal|p1a: Clefable|394\/394 brn|[from] item: Leftovers\n|upkeep\n|turn|59\n|choice|move moonblast|move sludgebomb\n|\n|move|p2a: Venusaur|Sludge Bomb|p1a: Clefable\n|-supereffective|p1a: Clefable\n|-damage|p1a: Clefable|250\/394 brn\n|move|p1a: Clefable|Moonblast|p2a: Venusaur\n|-resisted|p2a: Venusaur\n|-damage|p2a: Venusaur|211\/363\n|\n|-heal|p1a: Clefable|274\/394 brn|[from] item: Leftovers\n|upkeep\n|turn|60\n|choice|move softboiled|move sludgebomb\n|\n|move|p2a: Venusaur|Sludge Bomb|p1a: Clefable\n|-supereffective|p1a: Clefable\n|-damage|p1a: Clefable|140\/394 brn\n|move|p1a: Clefable|Soft-Boiled|p1a: Clefable\n|-heal|p1a: Clefable|337\/394 brn\n|\n|-heal|p1a: Clefable|361\/394 brn|[from] item: Leftovers\n|upkeep\n|turn|61\n|choice|move moonblast|move sludgebomb\n|\n|move|p2a: Venusaur|Sludge Bomb|p1a: Clefable\n|-supereffective|p1a: Clefable\n|-damage|p1a: Clefable|217\/394 brn\n|move|p1a: Clefable|Moonblast|p2a: Venusaur\n|-resisted|p2a: Venusaur\n|-damage|p2a: Venusaur|115\/363\n|-unboost|p2a: Venusaur|spa|1\n|\n|-heal|p1a: Clefable|241\/394 brn|[from] item: Leftovers\n|upkeep\n|turn|62\n|choice|move softboiled|move sludgebomb\n|\n|move|p2a: Venusaur|Sludge Bomb|p1a: Clefable\n|-supereffective|p1a: Clefable\n|-crit|p1a: Clefable\n|-damage|p1a: Clefable|0 fnt\n|faint|p1a: Clefable\n|\n|upkeep\n|choice|switch 5|\n|\n|switch|p1a: Toxapex|Toxapex, F|304\/304\n|-damage|p1a: Toxapex|228\/304|[from] Spikes\n|turn|63\n|choice|move scald|move synthesis\n|\n|move|p2a: Venusaur|Synthesis|p2a: Venusaur\n|-heal|p2a: Venusaur|296\/363\n|move|p1a: Toxapex|Scald|p2a: Venusaur\n|-resisted|p2a: Venusaur\n|-damage|p2a: Venusaur|275\/363\n|\n|upkeep\n|turn|64\n|choice|move scald|switch 5\n|\n|switch|p2a: Keldeo|Keldeo-Resolute|104\/323\n|-damage|p2a: Keldeo|84\/323|[from] Stealth Rock\n|-damage|p2a: Keldeo|44\/323|[from] Spikes\n|move|p1a: Toxapex|Scald|p2a: Keldeo\n|-resisted|p2a: Keldeo\n|-damage|p2a: Keldeo|19\/323\n|\n|-heal|p2a: Keldeo|39\/323|[from] item: Leftovers\n|upkeep\n|turn|65\n|choice|move toxic|move scald\n|\n|move|p2a: Keldeo|Scald|p1a: Toxapex\n|-resisted|p1a: Toxapex\n|-damage|p1a: Toxapex|186\/304\n|move|p1a: Toxapex|Toxic|p2a: Keldeo\n|-status|p2a: Keldeo|tox\n|\n|-heal|p2a: Keldeo|59\/323 tox|[from] item: Leftovers\n|-damage|p2a: Keldeo|39\/323 tox|[from] psn\n|upkeep\n|turn|66\n|choice|move scald|move scald\n|\n|move|p2a: Keldeo|Scald|p1a: Toxapex\n|-resisted|p1a: Toxapex\n|-damage|p1a: Toxapex|143\/304\n|-status|p1a: Toxapex|brn\n|move|p1a: Toxapex|Scald|p2a: Keldeo\n|-resisted|p2a: Keldeo\n|-damage|p2a: Keldeo|12\/323 tox\n|\n|-heal|p2a: Keldeo|32\/323 tox|[from] item: Leftovers\n|-damage|p2a: Keldeo|0 fnt|[from] psn\n|-damage|p1a: Toxapex|124\/304 brn|[from] brn\n|upkeep\n|faint|p2a: Keldeo\n|choice||switch 6\n|\n|switch|p2a: Chansey|Chansey, F|216\/703\n|-damage|p2a: Chansey|129\/703|[from] Spikes\n|-damage|p2a: Chansey|42\/703|[from] Stealth Rock\n|turn|67\n|choice|move toxic|move softboiled\n|\n|move|p2a: Chansey|Soft-Boiled|p2a: Chansey\n|-heal|p2a: Chansey|394\/703\n|move|p1a: Toxapex|Toxic|p2a: Chansey\n|-status|p2a: Chansey|tox\n|\n|-damage|p2a: Chansey|351\/703 tox|[from] psn\n|-damage|p1a: Toxapex|105\/304 brn|[from] brn\n|upkeep\n|turn|68\n|choice|move recover|move softboiled\n|\n|move|p2a: Chansey|Soft-Boiled|p2a: Chansey\n|-heal|p2a: Chansey|703\/703 tox\n|move|p1a: Toxapex|Recover|p1a: Toxapex\n|-heal|p1a: Toxapex|257\/304 brn\n|\n|-damage|p2a: Chansey|617\/703 tox|[from] psn\n|-damage|p1a: Toxapex|238\/304 brn|[from] brn\n|upkeep\n|turn|69\n|choice|move scald|switch 5\n|\n|-curestatus|p2a: Chansey|tox|[from] ability: Natural Cure\n|switch|p2a: Venusaur|Venusaur-Mega, M|275\/363\n|-damage|p2a: Venusaur|230\/363|[from] Stealth Rock\n|-damage|p2a: Venusaur|185\/363|[from] Spikes\n|move|p1a: Toxapex|Scald|p2a: Venusaur\n|-resisted|p2a: Venusaur\n|-damage|p2a: Venusaur|166\/363\n|\n|-damage|p1a: Toxapex|219\/304 brn|[from] brn\n|upkeep\n|turn|70\n|choice|move scald|move synthesis\n|\n|move|p2a: Venusaur|Synthesis|p2a: Venusaur\n|-heal|p2a: Venusaur|347\/363\n|move|p1a: Toxapex|Scald|p2a: Venusaur\n|-resisted|p2a: Venusaur\n|-damage|p2a: Venusaur|326\/363\n|\n|-damage|p1a: Toxapex|200\/304 brn|[from] brn\n|upkeep\n|turn|71\n|choice|move scald|move gigadrain\n|\n|move|p2a: Venusaur|Giga Drain|p1a: Toxapex\n|-crit|p1a: Toxapex\n|-damage|p1a: Toxapex|113\/304 brn\n|-heal|p2a: Venusaur|363\/363|[from] drain|[of] p1a: Toxapex\n|move|p1a: Toxapex|Scald|p2a: Venusaur\n|-resisted|p2a: Venusaur\n|-damage|p2a: Venusaur|343\/363\n|\n|-damage|p1a: Toxapex|94\/304 brn|[from] brn\n|upkeep\n|turn|72\n|choice|move recover|move gigadrain\n|\n|move|p2a: Venusaur|Giga Drain|p1a: Toxapex\n|-damage|p1a: Toxapex|39\/304 brn\n|-heal|p2a: Venusaur|363\/363|[from] drain|[of] p1a: Toxapex\n|move|p1a: Toxapex|Recover|p1a: Toxapex\n|-heal|p1a: Toxapex|191\/304 brn\n|\n|-damage|p1a: Toxapex|172\/304 brn|[from] brn\n|upkeep\n|turn|73\n|choice|move recover|switch 5\n|\n|switch|p2a: Chansey|Chansey, F|617\/703\n|-damage|p2a: Chansey|530\/703|[from] Spikes\n|-damage|p2a: Chansey|443\/703|[from] Stealth Rock\n|move|p1a: Toxapex|Recover|p1a: Toxapex\n|-heal|p1a: Toxapex|304\/304 brn\n|\n|-damage|p1a: Toxapex|285\/304 brn|[from] brn\n|upkeep\n|turn|74\n|choice|move toxic|move seismictoss\n|\n|move|p2a: Chansey|Seismic Toss|p1a: Toxapex\n|-damage|p1a: Toxapex|185\/304 brn\n|move|p1a: Toxapex|Toxic|p2a: Chansey\n|-status|p2a: Chansey|tox\n|\n|-damage|p2a: Chansey|400\/703 tox|[from] psn\n|-damage|p1a: Toxapex|166\/304 brn|[from] brn\n|upkeep\n|turn|75\n|choice|move recover|move seismictoss\n|\n|move|p2a: Chansey|Seismic Toss|p1a: Toxapex\n|-damage|p1a: Toxapex|66\/304 brn\n|move|p1a: Toxapex|Recover|p1a: Toxapex\n|-heal|p1a: Toxapex|218\/304 brn\n|\n|-damage|p2a: Chansey|314\/703 tox|[from] psn\n|-damage|p1a: Toxapex|199\/304 brn|[from] brn\n|upkeep\n|turn|76\n|choice|move recover|switch 5\n|\n|-curestatus|p2a: Chansey|tox|[from] ability: Natural Cure\n|switch|p2a: Venusaur|Venusaur-Mega, M|363\/363\n|-damage|p2a: Venusaur|318\/363|[from] Spikes\n|-damage|p2a: Venusaur|273\/363|[from] Stealth Rock\n|move|p1a: Toxapex|Recover|p1a: Toxapex\n|-heal|p1a: Toxapex|304\/304 brn\n|\n|-damage|p1a: Toxapex|285\/304 brn|[from] brn\n|upkeep\n|turn|77\n|choice|move scald|switch 5\n|\n|switch|p2a: Chansey|Chansey, F|314\/703\n|-damage|p2a: Chansey|227\/703|[from] Spikes\n|-damage|p2a: Chansey|140\/703|[from] Stealth Rock\n|move|p1a: Toxapex|Scald|p2a: Chansey\n|-damage|p2a: Chansey|92\/703\n|-status|p2a: Chansey|brn\n|\n|-damage|p2a: Chansey|49\/703 brn|[from] brn\n|-damage|p1a: Toxapex|266\/304 brn|[from] brn\n|upkeep\n|turn|78\n|choice|move scald|move softboiled\n|\n|move|p2a: Chansey|Soft-Boiled|p2a: Chansey\n|-heal|p2a: Chansey|401\/703 brn\n|move|p1a: Toxapex|Scald|p2a: Chansey\n|-damage|p2a: Chansey|347\/703 brn\n|\n|-damage|p2a: Chansey|304\/703 brn|[from] brn\n|-damage|p1a: Toxapex|247\/304 brn|[from] brn\n|upkeep\n|turn|79\n|choice|move haze|move softboiled\n|\n|move|p2a: Chansey|Soft-Boiled|p2a: Chansey\n|-heal|p2a: Chansey|656\/703 brn\n|move|p1a: Toxapex|Haze|p1a: Toxapex\n|-clearallboost\n|\n|-damage|p2a: Chansey|613\/703 brn|[from] brn\n|-damage|p1a: Toxapex|228\/304 brn|[from] brn\n|upkeep\n|turn|80\n|choice|move scald|switch 5\n|\n|-curestatus|p2a: Chansey|brn|[from] ability: Natural Cure\n|switch|p2a: Venusaur|Venusaur-Mega, M|273\/363\n|-damage|p2a: Venusaur|228\/363|[from] Stealth Rock\n|-damage|p2a: Venusaur|183\/363|[from] Spikes\n|move|p1a: Toxapex|Scald|p2a: Venusaur\n|-resisted|p2a: Venusaur\n|-crit|p2a: Venusaur\n|-damage|p2a: Venusaur|154\/363\n|\n|-damage|p1a: Toxapex|209\/304 brn|[from] brn\n|upkeep\n|turn|81\n|choice|move toxic|move gigadrain\n|\n|move|p2a: Venusaur|Giga Drain|p1a: Toxapex\n|-damage|p1a: Toxapex|148\/304 brn\n|-heal|p2a: Venusaur|185\/363|[from] drain|[of] p1a: Toxapex\n|move|p1a: Toxapex|Toxic|p2a: Venusaur\n|-immune|p2a: Venusaur|[msg]\n|\n|-damage|p1a: Toxapex|129\/304 brn|[from] brn\n|upkeep\n|turn|82\n|choice|move toxic|move gigadrain\n|\n|move|p2a: Venusaur|Giga Drain|p1a: Toxapex\n|-damage|p1a: Toxapex|65\/304 brn\n|-heal|p2a: Venusaur|217\/363|[from] drain|[of] p1a: Toxapex\n|move|p1a: Toxapex|Toxic|p2a: Venusaur\n|-immune|p2a: Venusaur|[msg]\n|\n|-damage|p1a: Toxapex|46\/304 brn|[from] brn\n|upkeep\n|turn|83\n|choice|move recover|move gigadrain\n|\n|move|p2a: Venusaur|Giga Drain|p1a: Toxapex\n|-damage|p1a: Toxapex|0 fnt\n|-heal|p2a: Venusaur|240\/363|[from] drain|[of] p1a: Toxapex\n|faint|p1a: Toxapex\n|\n|win|Toxabelle\n|c|\u2606masao kakihara|GG\n|raw|masao kakihara's rating: 1853 &rarr; <strong>1836<\/strong><br \/>(-17 for losing)\n|raw|Toxabelle's rating: 1906 &rarr; <strong>1923<\/strong><br \/>(+17 for winning)\n|l|masao kakihara\n|c|\u2606Toxabelle|\/log Toxabelle made this room public.","inputlog":null,"uploadtime":1512228813,"views":83,"p1id":"masaokakihara","p2id":"toxabelle","formatid":"gen7ou","rating":1836,"private":0,"password":null}