{"id":"gen7monotype-1043237716","p1":"Arctic-Holidays\u2744","p2":"Shardul888","format":"gen7monotype","log":"|j|\u2606Arctic-Holidays\u2744\n|j|\u2606Shardul888\n|player|p1|Arctic-Holidays\u2744|plumeria|1334\n|player|p2|Shardul888|92|1429\n|teamsize|p1|6\n|teamsize|p2|6\n|gametype|singles\n|gen|7\n|tier|[Gen 7] Monotype\n|rated|\n|rule|Same Type Clause: Pok\u00e9mon in a team must share a type\n|clearpoke\n|poke|p1|Celesteela|item\n|poke|p1|Heatran, M|item\n|poke|p1|Scizor, M|item\n|poke|p1|Stakataka|item\n|poke|p1|Bronzong|item\n|poke|p1|Excadrill, M|item\n|poke|p2|Venusaur, M|item\n|poke|p2|Nihilego|item\n|poke|p2|Scolipede, M|item\n|poke|p2|Toxapex, M|item\n|poke|p2|Golbat, F|item\n|poke|p2|Muk-Alola, F|item\n|rule|Sleep Clause Mod: Limit one foe put to sleep\n|rule|Species Clause: Limit one of each Pok\u00e9mon\n|rule|OHKO Clause: OHKO moves are banned\n|rule|Moody Clause: Moody is banned\n|rule|Evasion Moves Clause: Evasion moves are banned\n|rule|Endless Battle Clause: Forcing endless battles is banned\n|rule|HP Percentage Mod: HP is shown in percentages\n|rule|Swagger Clause: Swagger is banned\n|teampreview\n|inactive|Battle timer is ON: inactive players will automatically lose when time's up. (requested by Shardul888)\n|\n|start\n|switch|p1a: Taco Bell|Bronzong|100\/100\n|switch|p2a: Toxapex|Toxapex, M, shiny|100\/100\n|turn|1\n|\n|move|p2a: Toxapex|Scald|p1a: Taco Bell\n|-damage|p1a: Taco Bell|85\/100\n|move|p1a: Taco Bell|Stealth Rock|p2a: Toxapex\n|-sidestart|p2: Shardul888|move: Stealth Rock\n|\n|upkeep\n|turn|2\n|\n|move|p2a: Toxapex|Scald|p1a: Taco Bell\n|-damage|p1a: Taco Bell|71\/100\n|-status|p1a: Taco Bell|brn\n|move|p1a: Taco Bell|Psychic|p2a: Toxapex\n|-supereffective|p2a: Toxapex\n|-damage|p2a: Toxapex|62\/100\n|\n|-heal|p2a: Toxapex|69\/100|[from] item: Leftovers\n|-damage|p1a: Taco Bell|68\/100 brn|[from] brn\n|upkeep\n|turn|3\n|\n|switch|p2a: Muk|Muk-Alola, F, shiny|100\/100\n|-damage|p2a: Muk|88\/100|[from] Stealth Rock\n|move|p1a: Taco Bell|Trick Room|p1a: Taco Bell\n|-fieldstart|move: Trick Room|[of] p1a: Taco Bell\n|\n|-damage|p1a: Taco Bell|65\/100 brn|[from] brn\n|upkeep\n|turn|4\n|\n|move|p1a: Taco Bell|Explosion|p2a: Muk\n|-damage|p2a: Muk|60\/100\n|faint|p1a: Taco Bell\n|move|p2a: Muk|Knock Off|p1: Taco Bell|[notarget]\n|-fail|p2a: Muk\n|\n|upkeep\n|\n|switch|p1a: Castlevania|Stakataka, shiny|100\/100\n|turn|5\n|\n|switch|p2a: Golbat|Golbat, F|100\/100\n|-damage|p2a: Golbat|76\/100|[from] Stealth Rock\n|move|p1a: Castlevania|Earthquake|p2a: Golbat\n|-immune|p2a: Golbat\n|\n|upkeep\n|turn|6\n|\n|-zpower|p1a: Castlevania\n|move|p1a: Castlevania|Continental Crush|p2a: Golbat|[zeffect]\n|-supereffective|p2a: Golbat\n|-damage|p2a: Golbat|0 fnt\n|faint|p2a: Golbat\n|-ability|p1a: Castlevania|Beast Boost|boost\n|-boost|p1a: Castlevania|atk|1\n|\n|upkeep\n|\n|switch|p2a: Toxapex|Toxapex, M, shiny|100\/100\n|-damage|p2a: Toxapex|88\/100|[from] Stealth Rock\n|turn|7\n|\n|move|p1a: Castlevania|Earthquake|p2a: Toxapex\n|-supereffective|p2a: Toxapex\n|-damage|p2a: Toxapex|0 fnt\n|faint|p2a: Toxapex\n|-ability|p1a: Castlevania|Beast Boost|boost\n|-boost|p1a: Castlevania|atk|1\n|\n|-fieldend|move: Trick Room\n|upkeep\n|\n|switch|p2a: Scolipede|Scolipede, M, shiny|100\/100\n|-damage|p2a: Scolipede|76\/100|[from] Stealth Rock\n|turn|8\n|\n|-zpower|p2a: Scolipede\n|move|p2a: Scolipede|Tectonic Rage|p1a: Castlevania|[zeffect]\n|-supereffective|p1a: Castlevania\n|-damage|p1a: Castlevania|0 fnt\n|faint|p1a: Castlevania\n|\n|-ability|p2a: Scolipede|Speed Boost|boost\n|-boost|p2a: Scolipede|spe|1\n|upkeep\n|\n|switch|p1a: Doomsday|Celesteela, shiny|100\/100\n|turn|9\n|\n|switch|p2a: Muk|Muk-Alola, F, shiny|60\/100\n|-damage|p2a: Muk|48\/100|[from] Stealth Rock\n|move|p1a: Doomsday|Air Slash|p2a: Muk\n|-damage|p2a: Muk|27\/100\n|\n|upkeep\n|turn|10\n|\n|move|p1a: Doomsday|Flash Cannon|p2a: Muk\n|-damage|p2a: Muk|4\/100\n|move|p2a: Muk|Knock Off|p1a: Doomsday\n|-damage|p1a: Doomsday|59\/100\n|-enditem|p1a: Doomsday|Leftovers|[from] move: Knock Off|[of] p2a: Muk\n|\n|upkeep\n|turn|11\n|\n|move|p1a: Doomsday|Flash Cannon|p2a: Muk\n|-damage|p2a: Muk|0 fnt\n|faint|p2a: Muk\n|-ability|p1a: Doomsday|Beast Boost|boost\n|-boost|p1a: Doomsday|spa|1\n|\n|upkeep\n|\n|switch|p2a: Nihilego|Nihilego|100\/100\n|-damage|p2a: Nihilego|88\/100|[from] Stealth Rock\n|turn|12\n|\n|move|p2a: Nihilego|Thunderbolt|p1a: Doomsday\n|-supereffective|p1a: Doomsday\n|-damage|p1a: Doomsday|0 fnt\n|faint|p1a: Doomsday\n|-ability|p2a: Nihilego|Beast Boost|boost\n|-boost|p2a: Nihilego|spa|1\n|\n|upkeep\n|\n|switch|p1a: Murder.exc|Excadrill, M, shiny|100\/100\n|-ability|p1a: Murder.exc|Mold Breaker\n|turn|13\n|\n|move|p2a: Nihilego|Thunderbolt|p1a: Murder.exc\n|-immune|p1a: Murder.exc\n|move|p1a: Murder.exc|Iron Head|p2a: Nihilego\n|-supereffective|p2a: Nihilego\n|-damage|p2a: Nihilego|0 fnt\n|faint|p2a: Nihilego\n|\n|upkeep\n|\n|switch|p2a: Scolipede|Scolipede, M, shiny|76\/100\n|-damage|p2a: Scolipede|51\/100|[from] Stealth Rock\n|turn|14\n|\n|move|p1a: Murder.exc|Iron Head|p2a: Scolipede\n|-damage|p2a: Scolipede|0 fnt\n|faint|p2a: Scolipede\n|\n|upkeep\n|-message|Shardul888 forfeited.\n|\n|win|Arctic-Holidays\u2744\n|l|\u2606Shardul888\n|raw|Arctic-Holidays\u2744's rating: 1334 &rarr; <strong>1359<\/strong><br \/>(+25 for winning)\n|raw|Shardul888's rating: 1430 &rarr; <strong>1404<\/strong><br \/>(-26 for losing)\n","uploadtime":1578540080,"views":0,"p1id":"arcticholidays","p2id":"shardul888","formatid":"gen7monotype","rating":1359,"private":0,"password":null}