{"id":"gen7ou-866457888","p1":"Kaylss","p2":"Kill Blitzkrieg","format":"gen7ou","log":"|raw|<div class=\"broadcast-red\"><strong>This battle is invite-only!<\/strong><br \/>Users must be rank + or invited with <code>\/invite<\/code> to join<\/div>\n|j|\u2606Kaylss\n|j|\u2606Kill Blitzkrieg\n|player|p1|Kaylss|138\n|player|p2|Kill Blitzkrieg|238\n|teamsize|p1|6\n|teamsize|p2|6\n|gametype|singles\n|gen|7\n|tier|[Gen 7] OU\n|rated|\n|rule|Sleep Clause Mod: Limit one foe put to sleep\n|rule|Species Clause: Limit one of each Pok\u00e9mon\n|rule|OHKO Clause: OHKO moves are banned\n|rule|Moody Clause: Moody is banned\n|rule|Evasion Moves Clause: Evasion moves are banned\n|rule|Endless Battle Clause: Forcing endless battles is banned\n|rule|HP Percentage Mod: HP is shown in percentages\n|clearpoke\n|poke|p1|Excadrill, M|item\n|poke|p1|Reuniclus, M|item\n|poke|p1|Toxapex, M|item\n|poke|p1|Chansey, F|item\n|poke|p1|Volcarona, F|item\n|poke|p1|Latias, F|item\n|poke|p2|Slowbro, M|item\n|poke|p2|Stakataka|item\n|poke|p2|Marowak-Alola, M|item\n|poke|p2|Porygon2|item\n|poke|p2|Vikavolt, M|item\n|poke|p2|Uxie|item\n|teampreview\n|\n|start\n|switch|p1a: Toxapex|Toxapex, M|100\/100\n|switch|p2a: Porygon2|Porygon2|100\/100\n|-ability|p2a: Porygon2|Download|boost\n|-boost|p2a: Porygon2|spa|1\n|turn|1\n|\n|move|p2a: Porygon2|Thunderbolt|p1a: Toxapex\n|-supereffective|p1a: Toxapex\n|-damage|p1a: Toxapex|44\/100\n|move|p1a: Toxapex|Toxic Spikes|p2a: Porygon2\n|-sidestart|p2: Kill Blitzkrieg|move: Toxic Spikes\n|\n|-heal|p1a: Toxapex|50\/100|[from] item: Black Sludge\n|upkeep\n|turn|2\n|\n|switch|p1a: Chansey|Chansey, F|100\/100\n|move|p2a: Porygon2|Thunderbolt|p1a: Chansey\n|-damage|p1a: Chansey|91\/100\n|\n|upkeep\n|turn|3\n|\n|switch|p2a: Uxie|Uxie|100\/100\n|move|p1a: Chansey|Wish|p1a: Chansey\n|\n|upkeep\n|turn|4\n|\n|switch|p1a: Excadrill|Excadrill, M|100\/100\n|-ability|p1a: Excadrill|Mold Breaker\n|move|p2a: Uxie|Stealth Rock|p1a: Excadrill\n|-sidestart|p1: Kaylss|move: Stealth Rock\n|\n|upkeep\n|turn|5\n|\n|move|p1a: Excadrill|Rapid Spin|p2a: Uxie\n|-damage|p2a: Uxie|97\/100\n|-sideend|p1: Kaylss|Stealth Rock|[from] move: Rapid Spin|[of] p1a: Excadrill\n|move|p2a: Uxie|Stealth Rock|p1a: Excadrill\n|-sidestart|p1: Kaylss|move: Stealth Rock\n|\n|upkeep\n|turn|6\n|\n|move|p1a: Excadrill|Rapid Spin|p2a: Uxie\n|-damage|p2a: Uxie|92\/100\n|-sideend|p1: Kaylss|Stealth Rock|[from] move: Rapid Spin|[of] p1a: Excadrill\n|move|p2a: Uxie|Trick Room|p2a: Uxie\n|-fieldstart|move: Trick Room|[of] p2a: Uxie\n|\n|upkeep\n|turn|7\n|\n|switch|p2a: Slowbro|Slowbro, M|100\/100\n|-status|p2a: Slowbro|psn\n|move|p1a: Excadrill|Earthquake|p2a: Slowbro\n|-damage|p2a: Slowbro|70\/100 psn\n|\n|-damage|p2a: Slowbro|58\/100 psn|[from] psn\n|upkeep\n|turn|8\n|\n|move|p2a: Slowbro|Scald|p1a: Excadrill\n|-supereffective|p1a: Excadrill\n|-damage|p1a: Excadrill|45\/100\n|-status|p1a: Excadrill|brn\n|move|p1a: Excadrill|Earthquake|p2a: Slowbro\n|-damage|p2a: Slowbro|45\/100 psn\n|\n|-heal|p1a: Excadrill|51\/100 brn|[from] item: Leftovers\n|-damage|p2a: Slowbro|32\/100 psn|[from] psn\n|-damage|p1a: Excadrill|45\/100 brn|[from] brn\n|upkeep\n|turn|9\n|\n|switch|p1a: Chansey|Chansey, F|91\/100\n|move|p2a: Slowbro|Slack Off|p2a: Slowbro\n|-heal|p2a: Slowbro|82\/100 psn\n|\n|-damage|p2a: Slowbro|70\/100 psn|[from] psn\n|upkeep\n|turn|10\n|\n|switch|p2a: Uxie|Uxie|92\/100\n|move|p1a: Chansey|Wish|p1a: Chansey\n|\n|-fieldend|move: Trick Room\n|upkeep\n|turn|11\n|\n|switch|p1a: Excadrill|Excadrill, M|45\/100 brn\n|-ability|p1a: Excadrill|Mold Breaker\n|move|p2a: Uxie|Trick Room|p2a: Uxie\n|-fieldstart|move: Trick Room|[of] p2a: Uxie\n|\n|-heal|p1a: Excadrill|100\/100 brn|[from] move: Wish|[wisher] Chansey\n|-damage|p1a: Excadrill|94\/100 brn|[from] brn\n|upkeep\n|turn|12\n|\n|switch|p2a: Slowbro|Slowbro, M|100\/100 psn\n|move|p1a: Excadrill|Earthquake|p2a: Slowbro\n|-damage|p2a: Slowbro|85\/100 psn\n|\n|-heal|p1a: Excadrill|100\/100 brn|[from] item: Leftovers\n|-damage|p2a: Slowbro|73\/100 psn|[from] psn\n|-damage|p1a: Excadrill|94\/100 brn|[from] brn\n|upkeep\n|turn|13\n|\n|switch|p1a: Chansey|Chansey, F|91\/100\n|move|p2a: Slowbro|Scald|p1a: Chansey\n|-damage|p1a: Chansey|82\/100\n|-status|p1a: Chansey|brn\n|\n|-damage|p2a: Slowbro|60\/100 psn|[from] psn\n|-damage|p1a: Chansey|76\/100 brn|[from] brn\n|upkeep\n|turn|14\n|\n|switch|p2a: Uxie|Uxie|92\/100\n|move|p1a: Chansey|Heal Bell|p1a: Chansey\n|-activate|p1a: Chansey|move: Heal Bell\n|-curestatus|p1a: Chansey|brn|[msg]\n|-curestatus|p1: Excadrill|brn|[msg]\n|\n|upkeep\n|turn|15\n|\n|switch|p1a: Excadrill|Excadrill, M|94\/100\n|-ability|p1a: Excadrill|Mold Breaker\n|move|p2a: Uxie|Stealth Rock|p1a: Excadrill\n|-sidestart|p1: Kaylss|move: Stealth Rock\n|\n|-heal|p1a: Excadrill|100\/100|[from] item: Leftovers\n|-fieldend|move: Trick Room\n|upkeep\n|turn|16\n|\n|move|p1a: Excadrill|Rapid Spin|p2a: Uxie\n|-damage|p2a: Uxie|88\/100\n|-sideend|p1: Kaylss|Stealth Rock|[from] move: Rapid Spin|[of] p1a: Excadrill\n|move|p2a: Uxie|Trick Room|p2a: Uxie\n|-fieldstart|move: Trick Room|[of] p2a: Uxie\n|\n|upkeep\n|turn|17\n|\n|switch|p2a: Slowbro|Slowbro, M|94\/100 psn\n|move|p1a: Excadrill|Stealth Rock|p2a: Slowbro\n|-sidestart|p2: Kill Blitzkrieg|move: Stealth Rock\n|\n|-damage|p2a: Slowbro|81\/100 psn|[from] psn\n|upkeep\n|turn|18\n|\n|move|p2a: Slowbro|Scald|p1a: Excadrill\n|-supereffective|p1a: Excadrill\n|-damage|p1a: Excadrill|42\/100\n|move|p1a: Excadrill|Earthquake|p2a: Slowbro\n|-damage|p2a: Slowbro|51\/100 psn\n|\n|-heal|p1a: Excadrill|48\/100|[from] item: Leftovers\n|-damage|p2a: Slowbro|39\/100 psn|[from] psn\n|upkeep\n|turn|19\n|\n|switch|p1a: Chansey|Chansey, F|76\/100\n|move|p2a: Slowbro|Slack Off|p2a: Slowbro\n|-heal|p2a: Slowbro|89\/100 psn\n|\n|-damage|p2a: Slowbro|76\/100 psn|[from] psn\n|upkeep\n|turn|20\n|\n|switch|p2a: Uxie|Uxie|88\/100\n|-damage|p2a: Uxie|75\/100|[from] Stealth Rock\n|move|p1a: Chansey|Wish|p1a: Chansey\n|\n|-fieldend|move: Trick Room\n|upkeep\n|turn|21\n|\n|switch|p1a: Excadrill|Excadrill, M|48\/100\n|-ability|p1a: Excadrill|Mold Breaker\n|move|p2a: Uxie|Stealth Rock|p1a: Excadrill\n|-sidestart|p1: Kaylss|move: Stealth Rock\n|\n|-heal|p1a: Excadrill|100\/100|[from] move: Wish|[wisher] Chansey\n|upkeep\n|turn|22\n|\n|switch|p2a: Slowbro|Slowbro, M|100\/100 psn\n|-damage|p2a: Slowbro|88\/100 psn|[from] Stealth Rock\n|move|p1a: Excadrill|Rapid Spin|p2a: Slowbro\n|-damage|p2a: Slowbro|85\/100 psn\n|-sideend|p1: Kaylss|Stealth Rock|[from] move: Rapid Spin|[of] p1a: Excadrill\n|\n|-damage|p2a: Slowbro|72\/100 psn|[from] psn\n|upkeep\n|turn|23\n|\n|switch|p1a: Chansey|Chansey, F|76\/100\n|move|p2a: Slowbro|Scald|p1a: Chansey\n|-damage|p1a: Chansey|68\/100\n|\n|-damage|p2a: Slowbro|60\/100 psn|[from] psn\n|upkeep\n|turn|24\n|\n|move|p1a: Chansey|Soft-Boiled|p1a: Chansey\n|-heal|p1a: Chansey|100\/100\n|move|p2a: Slowbro|Slack Off|p2a: Slowbro\n|-heal|p2a: Slowbro|100\/100 psn\n|\n|-damage|p2a: Slowbro|88\/100 psn|[from] psn\n|upkeep\n|turn|25\n|\n|switch|p1a: Toxapex|Toxapex, M|83\/100\n|switch|p2a: Uxie|Uxie|75\/100\n|-damage|p2a: Uxie|63\/100|[from] Stealth Rock\n|\n|-heal|p1a: Toxapex|90\/100|[from] item: Black Sludge\n|upkeep\n|turn|26\n|\n|switch|p1a: Excadrill|Excadrill, M|100\/100\n|-ability|p1a: Excadrill|Mold Breaker\n|move|p2a: Uxie|Stealth Rock|p1a: Excadrill\n|-sidestart|p1: Kaylss|move: Stealth Rock\n|\n|upkeep\n|turn|27\n|\n|switch|p2a: Slowbro|Slowbro, M|100\/100 psn\n|-damage|p2a: Slowbro|88\/100 psn|[from] Stealth Rock\n|move|p1a: Excadrill|Rapid Spin|p2a: Slowbro\n|-damage|p2a: Slowbro|84\/100 psn\n|-sideend|p1: Kaylss|Stealth Rock|[from] move: Rapid Spin|[of] p1a: Excadrill\n|\n|-damage|p2a: Slowbro|72\/100 psn|[from] psn\n|upkeep\n|turn|28\n|\n|switch|p2a: Uxie|Uxie|63\/100\n|-damage|p2a: Uxie|50\/100|[from] Stealth Rock\n|move|p1a: Excadrill|Earthquake|p2a: Uxie\n|-damage|p2a: Uxie|22\/100\n|\n|upkeep\n|turn|29\n|\n|move|p1a: Excadrill|Earthquake|p2a: Uxie\n|-damage|p2a: Uxie|0 fnt\n|faint|p2a: Uxie\n|\n|upkeep\n|\n|switch|p2a: Slowbro|Slowbro, M|100\/100 psn\n|-damage|p2a: Slowbro|88\/100 psn|[from] Stealth Rock\n|turn|30\n|\n|switch|p1a: Toxapex|Toxapex, M|100\/100\n|move|p2a: Slowbro|Trick Room|p2a: Slowbro\n|-fieldstart|move: Trick Room|[of] p2a: Slowbro\n|\n|-damage|p2a: Slowbro|76\/100 psn|[from] psn\n|upkeep\n|turn|31\n|\n|move|p2a: Slowbro|Psychic|p1a: Toxapex\n|-supereffective|p1a: Toxapex\n|-damage|p1a: Toxapex|51\/100\n|move|p1a: Toxapex|Scald|p2a: Slowbro\n|-resisted|p2a: Slowbro\n|-damage|p2a: Slowbro|67\/100 psn\n|\n|-heal|p1a: Toxapex|57\/100|[from] item: Black Sludge\n|-damage|p2a: Slowbro|54\/100 psn|[from] psn\n|upkeep\n|turn|32\n|\n|move|p2a: Slowbro|Slack Off|p2a: Slowbro\n|-heal|p2a: Slowbro|100\/100 psn\n|move|p1a: Toxapex|Recover|p1a: Toxapex\n|-heal|p1a: Toxapex|100\/100\n|\n|-damage|p2a: Slowbro|88\/100 psn|[from] psn\n|upkeep\n|turn|33\n|\n|move|p2a: Slowbro|Psychic|p1a: Toxapex\n|-supereffective|p1a: Toxapex\n|-damage|p1a: Toxapex|45\/100\n|move|p1a: Toxapex|Toxic Spikes|p2a: Slowbro\n|-sidestart|p2: Kill Blitzkrieg|move: Toxic Spikes\n|\n|-heal|p1a: Toxapex|51\/100|[from] item: Black Sludge\n|-damage|p2a: Slowbro|76\/100 psn|[from] psn\n|upkeep\n|turn|34\n|\n|switch|p1a: Chansey|Chansey, F|100\/100\n|move|p2a: Slowbro|Psychic|p1a: Chansey\n|-damage|p1a: Chansey|90\/100\n|\n|-damage|p2a: Slowbro|63\/100 psn|[from] psn\n|-fieldend|move: Trick Room\n|upkeep\n|turn|35\n|\n|switch|p2a: Marowak|Marowak-Alola, M|100\/100\n|-damage|p2a: Marowak|76\/100|[from] Stealth Rock\n|-status|p2a: Marowak|tox\n|move|p1a: Chansey|Wish|p1a: Chansey\n|\n|-damage|p2a: Marowak|70\/100 tox|[from] psn\n|upkeep\n|turn|36\n|\n|switch|p1a: Latias|Latias, F|100\/100\n|move|p2a: Marowak|Swords Dance|p2a: Marowak\n|-boost|p2a: Marowak|atk|2\n|\n|-damage|p2a: Marowak|57\/100 tox|[from] psn\n|upkeep\n|turn|37\n|\n|switch|p2a: Porygon2|Porygon2|100\/100\n|-damage|p2a: Porygon2|88\/100|[from] Stealth Rock\n|-status|p2a: Porygon2|tox\n|-ability|p2a: Porygon2|Download|boost\n|-boost|p2a: Porygon2|atk|1\n|detailschange|p1a: Latias|Latias-Mega, F\n|-mega|p1a: Latias|Latias|Latiasite\n|move|p1a: Latias|Hidden Power|p2a: Porygon2\n|-damage|p2a: Porygon2|80\/100 tox\n|\n|-damage|p2a: Porygon2|73\/100 tox|[from] psn\n|upkeep\n|turn|38\n|\n|switch|p1a: Chansey|Chansey, F|90\/100\n|move|p2a: Porygon2|Ice Beam|p1a: Chansey\n|-damage|p1a: Chansey|83\/100\n|\n|-damage|p2a: Porygon2|61\/100 tox|[from] psn\n|upkeep\n|turn|39\n|\n|move|p1a: Chansey|Wish|p1a: Chansey\n|move|p2a: Porygon2|Trick Room|p2a: Porygon2\n|-fieldstart|move: Trick Room|[of] p2a: Porygon2\n|\n|-damage|p2a: Porygon2|43\/100 tox|[from] psn\n|upkeep\n|turn|40\n|\n|switch|p2a: Marowak|Marowak-Alola, M|57\/100 tox\n|-damage|p2a: Marowak|32\/100 tox|[from] Stealth Rock\n|switch|p1a: Latias|Latias-Mega, F|100\/100\n|\n|-damage|p2a: Marowak|26\/100 tox|[from] psn\n|upkeep\n|turn|41\n|\n|switch|p1a: Toxapex|Toxapex, M|85\/100\n|move|p2a: Marowak|Shadow Bone|p1a: Toxapex\n|-damage|p1a: Toxapex|46\/100\n|-unboost|p1a: Toxapex|def|1\n|\n|-heal|p1a: Toxapex|52\/100|[from] item: Black Sludge\n|-damage|p2a: Marowak|14\/100 tox|[from] psn\n|upkeep\n|turn|42\n|\n|switch|p1a: Latias|Latias-Mega, F|100\/100\n|move|p2a: Marowak|Bonemerang|p1a: Latias\n|-immune|p1a: Latias|[from] ability: Levitate\n|\n|-damage|p2a: Marowak|0 fnt|[from] psn\n|faint|p2a: Marowak\n|upkeep\n|\n|switch|p2a: Vikavolt|Vikavolt, M|100\/100\n|-damage|p2a: Vikavolt|76\/100|[from] Stealth Rock\n|turn|43\n|\n|switch|p1a: Excadrill|Excadrill, M|100\/100\n|-ability|p1a: Excadrill|Mold Breaker\n|move|p2a: Vikavolt|Bug Buzz|p1a: Excadrill\n|-resisted|p1a: Excadrill\n|-damage|p1a: Excadrill|72\/100\n|\n|-heal|p1a: Excadrill|78\/100|[from] item: Leftovers\n|-fieldend|move: Trick Room\n|upkeep\n|turn|44\n|-message|Kill Blitzkrieg forfeited.\n|\n|win|Kaylss\n|l|\u2606Kill Blitzkrieg\n|raw|Kaylss's rating: 1631 &rarr; <strong>1654<\/strong><br \/>(+23 for winning)\n|raw|Kill Blitzkrieg's rating: 1674 &rarr; <strong>1651<\/strong><br \/>(-23 for losing)\n|c|\u2606Kaylss|\/log Kaylss made this room public.\n","uploadtime":1550903904,"views":18,"p1id":"kaylss","p2id":"killblitzkrieg","formatid":"gen7ou","rating":1651,"private":0,"password":null}