{"id":"gen7ou-806273422","p1":"Del chef","p2":"AB06","format":"gen7ou","log":"|j|\u2606Del chef\n|j|\u2606AB06\n|player|p1|Del chef|170\n|player|p2|AB06|70\n|teamsize|p1|6\n|teamsize|p2|6\n|gametype|singles\n|gen|7\n|tier|[Gen 7] OU\n|rated|\n|rule|Sleep Clause Mod: Limit one foe put to sleep\n|rule|Species Clause: Limit one of each Pok\u00e9mon\n|rule|OHKO Clause: OHKO moves are banned\n|rule|Moody Clause: Moody is banned\n|rule|Evasion Moves Clause: Evasion moves are banned\n|rule|Endless Battle Clause: Forcing endless battles is banned\n|rule|HP Percentage Mod: HP is shown in percentages\n|clearpoke\n|poke|p1|Landorus-Therian, M|item\n|poke|p1|Hoopa-Unbound|item\n|poke|p1|Chansey, F|item\n|poke|p1|Kyurem-Black|item\n|poke|p1|Ribombee, F|item\n|poke|p1|Mew|item\n|poke|p2|Milotic, F|item\n|poke|p2|Mimikyu, F|item\n|poke|p2|Kartana|item\n|poke|p2|Charizard, M|item\n|poke|p2|Landorus-Therian, M|item\n|poke|p2|Kyurem-Black|item\n|teampreview\n|inactive|Battle timer is ON: inactive players will automatically lose when time's up. (requested by Del chef)\n|\n|start\n|switch|p1a: Kyurem|Kyurem-Black|100\/100\n|switch|p2a: Khloe|Milotic, F|100\/100\n|-ability|p1a: Kyurem|Teravolt\n|turn|1\n|\n|switch|p2a: Theodor|Landorus-Therian, M, shiny|100\/100\n|-ability|p2a: Theodor|Intimidate|boost\n|-unboost|p1a: Kyurem|atk|1\n|move|p1a: Kyurem|Fusion Bolt|p2a: Theodor\n|-immune|p2a: Theodor|[msg]\n|\n|upkeep\n|turn|2\n|\n|move|p2a: Theodor|Superpower|p1a: Kyurem\n|-supereffective|p1a: Kyurem\n|-crit|p1a: Kyurem\n|-damage|p1a: Kyurem|0 fnt\n|-unboost|p2a: Theodor|atk|1\n|-unboost|p2a: Theodor|def|1\n|faint|p1a: Kyurem\n|\n|upkeep\n|\n|switch|p1a: Ribombee|Ribombee, F|100\/100\n|turn|3\n|\n|switch|p2a: Katrina|Kartana, shiny|100\/100\n|move|p1a: Ribombee|Sticky Web|p2a: Katrina\n|-sidestart|p2: AB06|move: Sticky Web\n|\n|upkeep\n|turn|4\n|\n|move|p1a: Ribombee|Bug Buzz|p2a: Katrina\n|-damage|p2a: Katrina|0 fnt\n|faint|p2a: Katrina\n|\n|upkeep\n|\n|switch|p2a: Theodor|Landorus-Therian, M, shiny|100\/100\n|-ability|p2a: Theodor|Intimidate|boost\n|-unboost|p1a: Ribombee|atk|1\n|turn|5\n|\n|move|p2a: Theodor|Earthquake|p1a: Ribombee\n|-resisted|p1a: Ribombee\n|-damage|p1a: Ribombee|48\/100\n|move|p1a: Ribombee|Moonblast|p2a: Theodor\n|-damage|p2a: Theodor|53\/100\n|-unboost|p2a: Theodor|spa|1\n|\n|upkeep\n|turn|6\n|\n|switch|p1a: Mew|Mew|100\/100\n|move|p2a: Theodor|Earthquake|p1a: Mew\n|-damage|p1a: Mew|49\/100\n|\n|-heal|p1a: Mew|55\/100|[from] item: Leftovers\n|upkeep\n|turn|7\n|\n|move|p2a: Theodor|Earthquake|p1a: Mew\n|-damage|p1a: Mew|11\/100\n|move|p1a: Mew|Stealth Rock|p2a: Theodor\n|-sidestart|p2: AB06|move: Stealth Rock\n|\n|-heal|p1a: Mew|18\/100|[from] item: Leftovers\n|upkeep\n|turn|8\n|\n|switch|p1a: Landorus|Landorus-Therian, M|100\/100\n|-ability|p1a: Landorus|Intimidate|boost\n|-unboost|p2a: Theodor|atk|1\n|move|p2a: Theodor|Earthquake|p1a: Landorus\n|-immune|p1a: Landorus|[msg]\n|\n|upkeep\n|turn|9\n|\n|switch|p2a: Khloe|Milotic, F|100\/100\n|-damage|p2a: Khloe|88\/100|[from] Stealth Rock\n|-activate|p2a: Khloe|move: Sticky Web\n|-unboost|p2a: Khloe|spe|1\n|-ability|p2a: Khloe|Competitive|boost\n|-boost|p2a: Khloe|spa|2\n|move|p1a: Landorus|U-turn|p2a: Khloe\n|-crit|p2a: Khloe\n|-damage|p2a: Khloe|34\/100\n|\n|switch|p1a: Mew|Mew|18\/100\n|\n|-heal|p1a: Mew|24\/100|[from] item: Leftovers\n|upkeep\n|turn|10\n|\n|move|p1a: Mew|Roost|p1a: Mew\n|-heal|p1a: Mew|74\/100\n|move|p2a: Khloe|Surf|p1a: Mew\n|-damage|p1a: Mew|0 fnt\n|-damage|p2a: Khloe|24\/100|[from] item: Life Orb\n|faint|p1a: Mew\n|\n|upkeep\n|\n|switch|p1a: Ribombee|Ribombee, F|48\/100\n|turn|11\n|\n|move|p1a: Ribombee|Moonblast|p2a: Khloe\n|-damage|p2a: Khloe|0 fnt\n|faint|p2a: Khloe\n|\n|upkeep\n|\n|switch|p2a: Theodor|Landorus-Therian, M, shiny|53\/100\n|-damage|p2a: Theodor|40\/100|[from] Stealth Rock\n|-ability|p2a: Theodor|Intimidate|boost\n|-unboost|p1a: Ribombee|atk|1\n|turn|12\n|\n|switch|p1a: Landorus|Landorus-Therian, M|100\/100\n|-ability|p1a: Landorus|Intimidate|boost\n|-unboost|p2a: Theodor|atk|1\n|move|p2a: Theodor|Defog|p1a: Landorus\n|-unboost|p1a: Landorus|evasion|1\n|-sideend|p2: AB06|Stealth Rock|[from] move: Defog|[of] p2a: Theodor\n|-sideend|p2: AB06|Sticky Web|[from] move: Defog|[of] p2a: Theodor\n|\n|upkeep\n|turn|13\n|\n|switch|p2a: Karl|Kyurem-Black, shiny|100\/100\n|-ability|p2a: Karl|Teravolt\n|move|p1a: Landorus|Hidden Power|p2a: Karl\n|-damage|p2a: Karl|90\/100\n|\n|upkeep\n|turn|14\n|\n|switch|p1a: Ribombee|Ribombee, F|48\/100\n|move|p2a: Karl|Ice Beam|p1a: Ribombee\n|-damage|p1a: Ribombee|0 fnt\n|faint|p1a: Ribombee\n|\n|upkeep\n|\n|switch|p1a: Hoopa|Hoopa-Unbound|100\/100\n|turn|15\n|\n|move|p2a: Karl|Fusion Bolt|p1a: Hoopa\n|-damage|p1a: Hoopa|42\/100\n|move|p1a: Hoopa|Zen Headbutt|p2a: Karl\n|-damage|p2a: Karl|44\/100\n|\n|upkeep\n|turn|16\n|\n|switch|p1a: Landorus|Landorus-Therian, M|100\/100\n|-ability|p1a: Landorus|Intimidate|boost\n|-unboost|p2a: Karl|atk|1\n|move|p2a: Karl|Ice Beam|p1a: Landorus\n|-supereffective|p1a: Landorus\n|-damage|p1a: Landorus|0 fnt\n|faint|p1a: Landorus\n|\n|upkeep\n|\n|switch|p1a: Chansey|Chansey, F|100\/100\n|turn|17\n|\n|move|p2a: Karl|Outrage|p1a: Chansey\n|-damage|p1a: Chansey|72\/100\n|move|p1a: Chansey|Counter|p2a: Karl\n|-damage|p2a: Karl|0 fnt\n|faint|p2a: Karl\n|\n|upkeep\n|\n|switch|p2a: Kayako|Mimikyu, F, shiny|100\/100\n|turn|18\n|\n|move|p2a: Kayako|Swords Dance|p2a: Kayako\n|-boost|p2a: Kayako|atk|2\n|move|p1a: Chansey|Toxic|p2a: Kayako|[miss]\n|-miss|p1a: Chansey|p2a: Kayako\n|\n|upkeep\n|turn|19\n|\n|move|p2a: Kayako|Swords Dance|p2a: Kayako\n|-boost|p2a: Kayako|atk|2\n|move|p1a: Chansey|Toxic|p2a: Kayako\n|-status|p2a: Kayako|tox\n|\n|-damage|p2a: Kayako|95\/100 tox|[from] psn\n|upkeep\n|turn|20\n|\n|switch|p1a: Hoopa|Hoopa-Unbound|42\/100\n|move|p2a: Kayako|Swords Dance|p2a: Kayako\n|-boost|p2a: Kayako|atk|2\n|\n|-damage|p2a: Kayako|83\/100 tox|[from] psn\n|upkeep\n|turn|21\n|\n|move|p2a: Kayako|Play Rough|p1a: Hoopa\n|-supereffective|p1a: Hoopa\n|-damage|p1a: Hoopa|0 fnt\n|faint|p1a: Hoopa\n|\n|-damage|p2a: Kayako|65\/100 tox|[from] psn\n|upkeep\n|\n|switch|p1a: Chansey|Chansey, F|72\/100\n|turn|22\n|\n|move|p2a: Kayako|Play Rough|p1a: Chansey\n|-damage|p1a: Chansey|0 fnt\n|faint|p1a: Chansey\n|\n|win|AB06\n|raw|Del chef's rating: 1477 &rarr; <strong>1454<\/strong><br \/>(-23 for losing)\n|raw|AB06's rating: 1427 &rarr; <strong>1450<\/strong><br \/>(+23 for winning)\n|l|\u2606Del chef\n","uploadtime":1537054988,"views":5,"p1id":"delchef","p2id":"ab06","formatid":"gen7ou","rating":1450,"private":0,"password":null}