{"id":"gen7letsgoou-997064822","p1":"Vvbttij","p2":"Cowsrule247","format":"gen7letsgoou","log":"|j|\u2606Vvbttij\n|j|\u2606Cowsrule247\n|player|p1|Vvbttij|163|1088\n|player|p2|Cowsrule247|192|1273\n|teamsize|p1|6\n|teamsize|p2|6\n|gametype|singles\n|gen|7\n|tier|[Gen 7 Let's Go] OU\n|rated|\n|rule|Species Clause: Limit one of each Pok\u00e9mon\n|rule|Evasion Moves Clause: Evasion moves are banned\n|rule|OHKO Clause: OHKO moves are banned\n|rule|Sleep Clause Mod: Limit one foe put to sleep\n|rule|HP Percentage Mod: HP is shown in percentages\n|clearpoke\n|poke|p1|Venusaur, L50, F|item\n|poke|p1|Charizard, L50, F|item\n|poke|p1|Blastoise, L50, M|item\n|poke|p1|Lapras, L50, M|\n|poke|p1|Snorlax, L50, F|\n|poke|p1|Pikachu, L50, F|\n|poke|p2|Eevee-Starter, L50, F|\n|poke|p2|Dragonite, L50, F|\n|poke|p2|Melmetal, L50|\n|poke|p2|Rhydon, L50, F|\n|poke|p2|Beedrill, L50, F|item\n|poke|p2|Zapdos, L50|\n|teampreview\n|inactive|Battle timer is ON: inactive players will automatically lose when time's up. (requested by Cowsrule247)\n|inactive|Vvbttij has 120 seconds left.\n|l|\u2606Vvbttij\n|inactive|Vvbttij disconnected and has a minute to reconnect!\n|player|p1|\n|j|\u2606Vvbttij\n|inactive|Vvbttij reconnected and has 120 seconds left.\n|player|p1|Vvbttij|163\n|\n|start\n|switch|p1a: Blastoise|Blastoise, L50, M|100\/100\n|switch|p2a: Beedrill|Beedrill, L50, F|100\/100\n|turn|1\n|\n|detailschange|p2a: Beedrill|Beedrill-Mega, L50, F\n|-mega|p2a: Beedrill|Beedrill|Beedrillite\n|move|p1a: Blastoise|Fake Out|p2a: Beedrill\n|-damage|p2a: Beedrill|82\/100\n|cant|p2a: Beedrill|flinch\n|\n|upkeep\n|turn|2\n|\n|move|p2a: Beedrill|U-turn|p1a: Blastoise\n|-damage|p1a: Blastoise|61\/100\n|\n|switch|p2a: Eevee|Eevee-Starter, L50, F|100\/100|[from]move: U-turn\n|move|p1a: Blastoise|Scald|p2a: Eevee\n|-damage|p2a: Eevee|61\/100\n|-status|p2a: Eevee|brn\n|\n|-damage|p2a: Eevee|56\/100 brn|[from] brn\n|upkeep\n|turn|3\n|\n|switch|p1a: Pikachu|Pikachu, L50, F|100\/100\n|move|p2a: Eevee|Sappy Seed|p1a: Pikachu\n|-damage|p1a: Pikachu|74\/100\n|-start|p1a: Pikachu|move: Leech Seed\n|\n|-damage|p1a: Pikachu|62\/100|[from] Leech Seed|[of] p2a: Eevee\n|-heal|p2a: Eevee|65\/100 brn|[silent]\n|-damage|p2a: Eevee|59\/100 brn|[from] brn\n|upkeep\n|turn|4\n|\n|move|p1a: Pikachu|Seismic Toss|p2a: Eevee\n|-damage|p2a: Eevee|23\/100 brn\n|move|p2a: Eevee|Sparkly Swirl|p1a: Pikachu\n|-damage|p1a: Pikachu|28\/100\n|-activate|p2a: Eevee|move: Aromatherapy\n|-curestatus|p2a: Eevee|brn|[msg]\n|\n|-damage|p1a: Pikachu|16\/100|[from] Leech Seed|[of] p2a: Eevee\n|-heal|p2a: Eevee|33\/100|[silent]\n|upkeep\n|turn|5\n|\n|move|p2a: Eevee|Protect|p2a: Eevee\n|-singleturn|p2a: Eevee|Protect\n|move|p1a: Pikachu|Seismic Toss|p2a: Eevee\n|-activate|p2a: Eevee|move: Protect\n|\n|-damage|p1a: Pikachu|4\/100|[from] Leech Seed|[of] p2a: Eevee\n|-heal|p2a: Eevee|42\/100|[silent]\n|upkeep\n|turn|6\n|\n|switch|p2a: Rhydon|Rhydon, L50, F|100\/100\n|move|p1a: Pikachu|Seismic Toss|p2a: Rhydon\n|-damage|p2a: Rhydon|73\/100\n|\n|-damage|p1a: Pikachu|0 fnt|[from] Leech Seed|[of] p2a: Rhydon\n|-heal|p2a: Rhydon|75\/100|[silent]\n|faint|p1a: Pikachu\n|upkeep\n|\n|switch|p1a: Venusaur|Venusaur, L50, F|100\/100\n|turn|7\n|\n|switch|p2a: Melmetal|Melmetal, L50|100\/100\n|move|p1a: Venusaur|Growth|p1a: Venusaur\n|-boost|p1a: Venusaur|atk|1\n|-boost|p1a: Venusaur|spa|1\n|\n|upkeep\n|turn|8\n|inactive|Cowsrule247 has 120 seconds left.\n|\n|move|p1a: Venusaur|Sleep Powder|p2a: Melmetal\n|-status|p2a: Melmetal|slp|[from] move: Sleep Powder\n|cant|p2a: Melmetal|slp\n|\n|upkeep\n|turn|9\n|\n|detailschange|p1a: Venusaur|Venusaur-Mega, L50, F\n|-mega|p1a: Venusaur|Venusaur|Venusaurite\n|move|p1a: Venusaur|Growth|p1a: Venusaur\n|-boost|p1a: Venusaur|atk|1\n|-boost|p1a: Venusaur|spa|1\n|cant|p2a: Melmetal|slp\n|\n|upkeep\n|turn|10\n|inactive|Cowsrule247 has 120 seconds left.\n|\n|move|p1a: Venusaur|Growth|p1a: Venusaur\n|-boost|p1a: Venusaur|atk|1\n|-boost|p1a: Venusaur|spa|1\n|-curestatus|p2a: Melmetal|slp|[msg]\n|move|p2a: Melmetal|Ice Punch|p1a: Venusaur\n|-supereffective|p1a: Venusaur\n|-damage|p1a: Venusaur|46\/100\n|\n|upkeep\n|turn|11\n|\n|move|p1a: Venusaur|Mega Drain|p2a: Melmetal\n|-resisted|p2a: Melmetal\n|-damage|p2a: Melmetal|52\/100\n|-heal|p1a: Venusaur|79\/100|[from] drain|[of] p2a: Melmetal\n|move|p2a: Melmetal|Ice Punch|p1a: Venusaur\n|-supereffective|p1a: Venusaur\n|-damage|p1a: Venusaur|25\/100\n|\n|upkeep\n|turn|12\n|\n|move|p1a: Venusaur|Sleep Powder|p2a: Melmetal\n|-status|p2a: Melmetal|slp|[from] move: Sleep Powder\n|cant|p2a: Melmetal|slp\n|\n|upkeep\n|turn|13\n|inactive|Cowsrule247 has 120 seconds left.\n|inactive|Cowsrule247 has 90 seconds left.\n|\n|switch|p2a: Beedrill|Beedrill-Mega, L50, F|82\/100\n|move|p1a: Venusaur|Mega Drain|p2a: Beedrill\n|-resisted|p2a: Beedrill\n|-damage|p2a: Beedrill|53\/100\n|-heal|p1a: Venusaur|39\/100|[from] drain|[of] p2a: Beedrill\n|\n|upkeep\n|turn|14\n|\n|move|p2a: Beedrill|U-turn|p1a: Venusaur\n|-damage|p1a: Venusaur|5\/100\n|\n|switch|p2a: Zapdos|Zapdos, L50|100\/100|[from]move: U-turn\n|move|p1a: Venusaur|Sludge Bomb|p2a: Zapdos\n|-damage|p2a: Zapdos|0 fnt\n|faint|p2a: Zapdos\n|\n|upkeep\n|\n|switch|p2a: Beedrill|Beedrill-Mega, L50, F|53\/100\n|turn|15\n|\n|move|p2a: Beedrill|Poison Jab|p1a: Venusaur\n|-damage|p1a: Venusaur|0 fnt\n|faint|p1a: Venusaur\n|\n|upkeep\n|\n|switch|p1a: Blastoise|Blastoise, L50, M|61\/100\n|turn|16\n|\n|move|p1a: Blastoise|Fake Out|p2a: Beedrill\n|-damage|p2a: Beedrill|34\/100\n|cant|p2a: Beedrill|flinch\n|\n|upkeep\n|turn|17\n|\n|move|p2a: Beedrill|U-turn|p1a: Blastoise\n|-damage|p1a: Blastoise|21\/100\n|\n|switch|p2a: Melmetal|Melmetal, L50|52\/100 slp|[from]move: U-turn\n|move|p1a: Blastoise|Ice Beam|p2a: Melmetal\n|-resisted|p2a: Melmetal\n|-damage|p2a: Melmetal|40\/100 slp\n|\n|upkeep\n|turn|18\n|\n|move|p1a: Blastoise|Scald|p2a: Melmetal\n|-damage|p2a: Melmetal|5\/100 slp\n|cant|p2a: Melmetal|slp\n|\n|upkeep\n|turn|19\n|inactive|Cowsrule247 has 90 seconds left.\n|\n|move|p1a: Blastoise|Ice Beam|p2a: Melmetal\n|-resisted|p2a: Melmetal\n|-damage|p2a: Melmetal|0 fnt\n|faint|p2a: Melmetal\n|\n|upkeep\n|inactive|Cowsrule247 has 90 seconds left.\n|\n|switch|p2a: Beedrill|Beedrill-Mega, L50, F|34\/100\n|turn|20\n|\n|move|p2a: Beedrill|Poison Jab|p1a: Blastoise\n|-damage|p1a: Blastoise|0 fnt\n|faint|p1a: Blastoise\n|\n|upkeep\n|\n|switch|p1a: Lapras|Lapras, L50, M|100\/100\n|turn|21\n|inactive|Cowsrule247 has 90 seconds left.\n|\n|move|p1a: Lapras|Ice Shard|p2a: Beedrill\n|-damage|p2a: Beedrill|0 fnt\n|faint|p2a: Beedrill\n|\n|upkeep\n|inactive|Cowsrule247 has 90 seconds left.\n|\n|switch|p2a: Eevee|Eevee-Starter, L50, F|42\/100\n|turn|22\n|\n|move|p2a: Eevee|Sappy Seed|p1a: Lapras\n|-supereffective|p1a: Lapras\n|-damage|p1a: Lapras|65\/100\n|-start|p1a: Lapras|move: Leech Seed\n|move|p1a: Lapras|Waterfall|p2a: Eevee\n|-damage|p2a: Eevee|0 fnt\n|faint|p2a: Eevee\n|\n|upkeep\n|\n|switch|p2a: Dragonite|Dragonite, L50, F|100\/100\n|turn|23\n|\n|move|p1a: Lapras|Ice Shard|p2a: Dragonite\n|-supereffective|p2a: Dragonite\n|-damage|p2a: Dragonite|43\/100\n|move|p2a: Dragonite|Agility|p2a: Dragonite\n|-boost|p2a: Dragonite|spe|2\n|\n|-damage|p1a: Lapras|53\/100|[from] Leech Seed|[of] p2a: Dragonite\n|-heal|p2a: Dragonite|58\/100|[silent]\n|upkeep\n|turn|24\n|\n|move|p1a: Lapras|Ice Shard|p2a: Dragonite\n|-supereffective|p2a: Dragonite\n|-damage|p2a: Dragonite|0 fnt\n|faint|p2a: Dragonite\n|\n|upkeep\n|\n|switch|p2a: Rhydon|Rhydon, L50, F|75\/100\n|turn|25\n|\n|move|p1a: Lapras|Waterfall|p2a: Rhydon\n|-supereffective|p2a: Rhydon\n|-damage|p2a: Rhydon|0 fnt\n|faint|p2a: Rhydon\n|\n|win|Vvbttij\n|c|\u2606Vvbttij|Gg\n|raw|Vvbttij's rating: 1088 &rarr; <strong>1128<\/strong><br \/>(+40 for winning)\n|raw|Cowsrule247's rating: 1273 &rarr; <strong>1236<\/strong><br \/>(-37 for losing)\n|l|\u2606Cowsrule247\n","uploadtime":1571800897,"views":2,"p1id":"vvbttij","p2id":"cowsrule247","formatid":"gen7letsgoou","rating":1128,"private":0,"password":null}