{"id":"gen7ou-1353446175","p1":"tinyglasses","p2":"not mb","format":"gen7ou","log":"|j|\u2606tinyglasses\n|j|\u203dnot mb\n|inactive|Battle timer is ON: inactive players will automatically lose when time's up.\n|t:|1622869589\n|gametype|singles\n|player|p1|tinyglasses|265|\n|player|p2|not mb|169|\n|teamsize|p1|6\n|teamsize|p2|6\n|gen|7\n|tier|[Gen 7] OU\n|rated|Tournament battle\n|rule|Sleep Clause Mod: Limit one foe put to sleep\n|rule|Species Clause: Limit one of each Pok\u00e9mon\n|rule|OHKO Clause: OHKO moves are banned\n|rule|Moody Clause: Moody is banned\n|rule|Evasion Moves Clause: Evasion moves are banned\n|rule|Endless Battle Clause: Forcing endless battles is banned\n|rule|HP Percentage Mod: HP is shown in percentages\n|clearpoke\n|poke|p1|Medicham, F|item\n|poke|p1|Weavile, F|item\n|poke|p1|Serperior, F|item\n|poke|p1|Landorus-Therian, M|item\n|poke|p1|Magearna|item\n|poke|p1|Rotom-Wash|item\n|poke|p2|Latias, F|item\n|poke|p2|Gliscor, F|item\n|poke|p2|Toxapex, F|item\n|poke|p2|Clefable, M|item\n|poke|p2|Celesteela|item\n|poke|p2|Greninja, M|item\n|teampreview\n|j| Uyulala\n|j| d18l\n|j| Emil Heskey\n|j|+pink dreads\n|j| Syntheo\n|j|+ez\n|j| axelraid\n|j| Yungster_Testboi\n|j| Cra3k\n|c|+ez|KEK\n|j|+myjava\n|j| pokemon vs you\n|j| JoeDXELoritos\n|inactive|tinyglasses has 120 seconds left.\n|\n|t:|1622869622\n|start\n|switch|p1a: Medicham|Medicham, F|100\/100\n|switch|p2a: Clefable|Clefable, M|100\/100\n|turn|1\n|j| Typhlosion4\n|\n|t:|1622869640\n|detailschange|p1a: Medicham|Medicham-Mega, F\n|-mega|p1a: Medicham|Medicham|Medichamite\n|move|p1a: Medicham|Fake Out|p2a: Clefable\n|-crit|p2a: Clefable\n|-damage|p2a: Clefable|73\/100\n|cant|p2a: Clefable|flinch\n|\n|-heal|p2a: Clefable|79\/100|[from] item: Leftovers\n|upkeep\n|turn|2\n|j| Two Inch Terry\n|j| nozarashi1\n|\n|t:|1622869648\n|switch|p1a: Magearna|Magearna|100\/100\n|move|p2a: Clefable|Soft-Boiled|p2a: Clefable\n|-heal|p2a: Clefable|100\/100\n|\n|upkeep\n|turn|3\n|j|%georgiethefirst\n|l|%georgiethefirst\n|l| Two Inch Terry\n|\n|t:|1622869659\n|move|p2a: Clefable|Stealth Rock|p1a: Magearna\n|-sidestart|p1: tinyglasses|move: Stealth Rock\n|move|p1a: Magearna|Volt Switch|p2a: Clefable\n|-damage|p2a: Clefable|81\/100\n|\n|t:|1622869661\n|switch|p1a: Serperior|Serperior, F|100\/100|[from]move: Volt Switch\n|-damage|p1a: Serperior|88\/100|[from] Stealth Rock\n|\n|-heal|p2a: Clefable|88\/100|[from] item: Leftovers\n|upkeep\n|turn|4\n|\n|t:|1622869674\n|switch|p2a: Latias|Latias, F|100\/100\n|move|p1a: Serperior|Glare|p2a: Latias\n|-status|p2a: Latias|par\n|\n|upkeep\n|turn|5\n|\n|t:|1622869693\n|switch|p1a: Magearna|Magearna|100\/100\n|-damage|p1a: Magearna|94\/100|[from] Stealth Rock\n|detailschange|p2a: Latias|Latias-Mega, F\n|-mega|p2a: Latias|Latias|Latiasite\n|cant|p2a: Latias|par\n|\n|upkeep\n|turn|6\n|\n|t:|1622869704\n|switch|p2a: Toxapex|Toxapex, F|100\/100\n|switch|p1a: Rotom|Rotom-Wash|100\/100\n|-damage|p1a: Rotom|88\/100|[from] Stealth Rock\n|\n|upkeep\n|turn|7\n|\n|t:|1622869708\n|move|p1a: Rotom|Defog|p2a: Toxapex\n|-unboost|p2a: Toxapex|evasion|1\n|-sideend|p1: tinyglasses|Stealth Rock|[from] move: Defog|[of] p1a: Rotom\n|move|p2a: Toxapex|Toxic|p1a: Rotom\n|-status|p1a: Rotom|tox\n|\n|-damage|p1a: Rotom|82\/100 tox|[from] psn\n|upkeep\n|turn|8\n|\n|t:|1622869715\n|move|p1a: Rotom|Hydro Pump|p2a: Toxapex\n|-resisted|p2a: Toxapex\n|-damage|p2a: Toxapex|86\/100\n|move|p2a: Toxapex|Toxic Spikes|p1a: Rotom\n|-sidestart|p1: tinyglasses|move: Toxic Spikes\n|\n|-damage|p1a: Rotom|70\/100 tox|[from] psn\n|upkeep\n|turn|9\n|l|+ez\n|\n|t:|1622869718\n|move|p1a: Rotom|Volt Switch|p2a: Toxapex\n|-supereffective|p2a: Toxapex\n|-damage|p2a: Toxapex|50\/100\n|\n|t:|1622869723\n|switch|p1a: Magearna|Magearna|94\/100|[from]move: Volt Switch\n|move|p2a: Toxapex|Toxic Spikes|p1a: Magearna\n|-sidestart|p1: tinyglasses|move: Toxic Spikes\n|\n|upkeep\n|turn|10\n|\n|t:|1622869727\n|move|p1a: Magearna|Volt Switch|p2a: Toxapex\n|-supereffective|p2a: Toxapex\n|-damage|p2a: Toxapex|22\/100\n|\n|t:|1622869729\n|switch|p1a: Rotom|Rotom-Wash|70\/100 tox|[from]move: Volt Switch\n|move|p2a: Toxapex|Recover|p2a: Toxapex\n|-heal|p2a: Toxapex|72\/100\n|\n|-damage|p1a: Rotom|64\/100 tox|[from] psn\n|upkeep\n|turn|11\n|\n|t:|1622869736\n|move|p1a: Rotom|Defog|p2a: Toxapex\n|-unboost|p2a: Toxapex|evasion|1\n|-sideend|p1: tinyglasses|Toxic Spikes|[from] move: Defog|[of] p1a: Rotom\n|move|p2a: Toxapex|Toxic Spikes|p1a: Rotom\n|-sidestart|p1: tinyglasses|move: Toxic Spikes\n|\n|-damage|p1a: Rotom|52\/100 tox|[from] psn\n|upkeep\n|turn|12\n|\n|t:|1622869742\n|move|p1a: Rotom|Volt Switch|p2a: Toxapex\n|-supereffective|p2a: Toxapex\n|-damage|p2a: Toxapex|37\/100\n|\n|t:|1622869745\n|switch|p1a: Landorus|Landorus-Therian, M|100\/100|[from]move: Volt Switch\n|-ability|p1a: Landorus|Intimidate|boost\n|-unboost|p2a: Toxapex|atk|1\n|move|p2a: Toxapex|Recover|p2a: Toxapex\n|-heal|p2a: Toxapex|87\/100\n|\n|upkeep\n|turn|13\n|\n|t:|1622869750\n|move|p1a: Landorus|U-turn|p2a: Toxapex\n|-resisted|p2a: Toxapex\n|-damage|p2a: Toxapex|79\/100\n|\n|t:|1622869754\n|switch|p1a: Rotom|Rotom-Wash|52\/100 tox|[from]move: U-turn\n|move|p2a: Toxapex|Toxic|p1a: Rotom\n|-fail|p1a: Rotom|tox\n|\n|-damage|p1a: Rotom|46\/100 tox|[from] psn\n|upkeep\n|turn|14\n|\n|t:|1622869771\n|move|p1a: Rotom|Pain Split|p2a: Toxapex\n|-sethp|p2a: Toxapex|62\/100|[from] move: Pain Split|[silent]\n|-sethp|p1a: Rotom|63\/100 tox|[from] move: Pain Split\n|move|p2a: Toxapex|Scald|p1a: Rotom\n|-resisted|p1a: Rotom\n|-damage|p1a: Rotom|55\/100 tox\n|\n|-damage|p1a: Rotom|43\/100 tox|[from] psn\n|upkeep\n|turn|15\n|l| Typhlosion4\n|\n|t:|1622869790\n|switch|p2a: Clefable|Clefable, M|88\/100\n|move|p1a: Rotom|Volt Switch|p2a: Clefable\n|-damage|p2a: Clefable|63\/100\n|\n|t:|1622869800\n|switch|p1a: Magearna|Magearna|94\/100|[from]move: Volt Switch\n|\n|-heal|p2a: Clefable|69\/100|[from] item: Leftovers\n|upkeep\n|turn|16\n|j| HELLOBOIIIS\n|j|+ez\n|\n|t:|1622869806\n|move|p2a: Clefable|Soft-Boiled|p2a: Clefable\n|-heal|p2a: Clefable|100\/100\n|move|p1a: Magearna|Iron Head|p2a: Clefable\n|-supereffective|p2a: Clefable\n|-damage|p2a: Clefable|62\/100\n|\n|-heal|p2a: Clefable|68\/100|[from] item: Leftovers\n|upkeep\n|turn|17\n|\n|t:|1622869813\n|move|p2a: Clefable|Stealth Rock|p1a: Magearna\n|-sidestart|p1: tinyglasses|move: Stealth Rock\n|move|p1a: Magearna|Volt Switch|p2a: Clefable\n|-damage|p2a: Clefable|47\/100\n|j| AmogusMan\n|\n|t:|1622869818\n|switch|p1a: Landorus|Landorus-Therian, M|100\/100|[from]move: Volt Switch\n|-damage|p1a: Landorus|88\/100|[from] Stealth Rock\n|-ability|p1a: Landorus|Intimidate|boost\n|-unboost|p2a: Clefable|atk|1\n|\n|-heal|p2a: Clefable|54\/100|[from] item: Leftovers\n|upkeep\n|turn|18\n|\n|t:|1622869827\n|switch|p2a: Celesteela|Celesteela|100\/100\n|move|p1a: Landorus|Earthquake|p2a: Celesteela\n|-immune|p2a: Celesteela\n|\n|upkeep\n|turn|19\n|j| Rafael09\n|\n|t:|1622869832\n|move|p1a: Landorus|Stealth Rock|p2a: Celesteela\n|-sidestart|p2: not mb|move: Stealth Rock\n|move|p2a: Celesteela|Leech Seed|p1a: Landorus\n|-start|p1a: Landorus|move: Leech Seed\n|\n|-damage|p1a: Landorus|76\/100|[from] Leech Seed|[of] p2a: Celesteela\n|upkeep\n|turn|20\n|c| AmogusMan|I hope Serperior sweeps\n|\n|t:|1622869838\n|move|p1a: Landorus|U-turn|p2a: Celesteela\n|-resisted|p2a: Celesteela\n|-damage|p2a: Celesteela|96\/100\n|l| axelraid\n|\n|t:|1622869852\n|switch|p1a: Magearna|Magearna|94\/100|[from]move: U-turn\n|-damage|p1a: Magearna|88\/100|[from] Stealth Rock\n|move|p2a: Celesteela|Leech Seed|p1a: Magearna\n|-start|p1a: Magearna|move: Leech Seed\n|\n|-heal|p2a: Celesteela|100\/100|[from] item: Leftovers\n|-damage|p1a: Magearna|76\/100|[from] Leech Seed|[of] p2a: Celesteela\n|upkeep\n|turn|21\n|\n|t:|1622869862\n|switch|p1a: Rotom|Rotom-Wash|43\/100 tox\n|-damage|p1a: Rotom|30\/100 tox|[from] Stealth Rock\n|move|p2a: Celesteela|Heavy Slam|p1a: Rotom\n|-resisted|p1a: Rotom\n|-damage|p1a: Rotom|20\/100 tox\n|\n|-damage|p1a: Rotom|14\/100 tox|[from] psn\n|upkeep\n|turn|22\n|\n|t:|1622869887\n|move|p2a: Celesteela|Protect|p2a: Celesteela\n|-singleturn|p2a: Celesteela|Protect\n|move|p1a: Rotom|Pain Split|p2a: Celesteela\n|-activate|p2a: Celesteela|move: Protect\n|\n|-damage|p1a: Rotom|2\/100 tox|[from] psn\n|upkeep\n|turn|23\n|\n|t:|1622869895\n|move|p1a: Rotom|Pain Split|p2a: Celesteela\n|-sethp|p2a: Celesteela|51\/100|[from] move: Pain Split|[silent]\n|-sethp|p1a: Rotom|68\/100 tox|[from] move: Pain Split\n|move|p2a: Celesteela|Leech Seed|p1a: Rotom\n|-start|p1a: Rotom|move: Leech Seed\n|\n|-heal|p2a: Celesteela|57\/100|[from] item: Leftovers\n|-damage|p1a: Rotom|56\/100 tox|[from] Leech Seed|[of] p2a: Celesteela\n|-heal|p2a: Celesteela|66\/100|[silent]\n|-damage|p1a: Rotom|38\/100 tox|[from] psn\n|upkeep\n|turn|24\n|j| axelraid\n|\n|t:|1622869912\n|switch|p1a: Magearna|Magearna|76\/100\n|-damage|p1a: Magearna|70\/100|[from] Stealth Rock\n|move|p2a: Celesteela|Leech Seed|p1a: Magearna\n|-start|p1a: Magearna|move: Leech Seed\n|\n|-heal|p2a: Celesteela|72\/100|[from] item: Leftovers\n|-damage|p1a: Magearna|58\/100|[from] Leech Seed|[of] p2a: Celesteela\n|-heal|p2a: Celesteela|84\/100|[silent]\n|upkeep\n|turn|25\n|\n|t:|1622869920\n|move|p2a: Celesteela|Protect|p2a: Celesteela\n|-singleturn|p2a: Celesteela|Protect\n|move|p1a: Magearna|Volt Switch|p2a: Celesteela\n|-activate|p2a: Celesteela|move: Protect\n|\n|-heal|p2a: Celesteela|90\/100|[from] item: Leftovers\n|-damage|p1a: Magearna|45\/100|[from] Leech Seed|[of] p2a: Celesteela\n|-heal|p2a: Celesteela|100\/100|[silent]\n|upkeep\n|turn|26\n|\n|t:|1622869924\n|switch|p1a: Rotom|Rotom-Wash|38\/100 tox\n|-damage|p1a: Rotom|25\/100 tox|[from] Stealth Rock\n|move|p2a: Celesteela|Heavy Slam|p1a: Rotom\n|-resisted|p1a: Rotom\n|-damage|p1a: Rotom|15\/100 tox\n|\n|-damage|p1a: Rotom|9\/100 tox|[from] psn\n|upkeep\n|turn|27\n|l| Uyulala\n|\n|t:|1622869928\n|move|p2a: Celesteela|Protect|p2a: Celesteela\n|-singleturn|p2a: Celesteela|Protect\n|move|p1a: Rotom|Defog|p2a: Celesteela\n|-activate|p2a: Celesteela|move: Protect\n|\n|-damage|p1a: Rotom|0 fnt|[from] psn\n|faint|p1a: Rotom\n|upkeep\n|\n|t:|1622869936\n|switch|p1a: Medicham|Medicham-Mega, F|100\/100\n|-status|p1a: Medicham|psn\n|-damage|p1a: Medicham|94\/100 psn|[from] Stealth Rock\n|turn|28\n|\n|t:|1622869949\n|switch|p2a: Latias|Latias-Mega, F|100\/100 par\n|-damage|p2a: Latias|88\/100 par|[from] Stealth Rock\n|move|p1a: Medicham|High Jump Kick|p2a: Latias\n|-resisted|p2a: Latias\n|-damage|p2a: Latias|38\/100 par\n|\n|-damage|p1a: Medicham|82\/100 psn|[from] psn\n|upkeep\n|turn|29\n|\n|t:|1622869955\n|move|p1a: Medicham|Zen Headbutt|p2a: Latias\n|-resisted|p2a: Latias\n|-damage|p2a: Latias|7\/100 par\n|move|p2a: Latias|Ice Beam|p1a: Medicham\n|-damage|p1a: Medicham|38\/100 psn\n|\n|-damage|p1a: Medicham|26\/100 psn|[from] psn\n|upkeep\n|turn|30\n|\n|t:|1622869961\n|move|p1a: Medicham|High Jump Kick|p2a: Latias\n|-resisted|p2a: Latias\n|-damage|p2a: Latias|0 fnt\n|faint|p2a: Latias\n|\n|-damage|p1a: Medicham|14\/100 psn|[from] psn\n|upkeep\n|\n|t:|1622869969\n|switch|p2a: Greninja|Greninja, M|100\/100\n|-damage|p2a: Greninja|88\/100|[from] Stealth Rock\n|turn|31\n|l| Cra3k\n|\n|t:|1622869974\n|move|p1a: Medicham|Bullet Punch|p2a: Greninja\n|-resisted|p2a: Greninja\n|-damage|p2a: Greninja|68\/100\n|move|p2a: Greninja|Dark Pulse|p1a: Medicham\n|-damage|p1a: Medicham|0 fnt\n|faint|p1a: Medicham\n|-activate|p2a: Greninja|ability: Battle Bond\n|detailschange|p2a: Greninja|Greninja-Ash, M\n|\n|upkeep\n|\n|t:|1622869981\n|switch|p1a: Magearna|Magearna|45\/100\n|-damage|p1a: Magearna|39\/100|[from] Stealth Rock\n|turn|32\n|\n|t:|1622869985\n|switch|p2a: Gliscor|Gliscor, F|100\/100\n|-damage|p2a: Gliscor|88\/100|[from] Stealth Rock\n|move|p1a: Magearna|Volt Switch|p2a: Gliscor\n|-immune|p2a: Gliscor\n|\n|-status|p2a: Gliscor|tox|[from] item: Toxic Orb\n|upkeep\n|turn|33\n|\n|t:|1622869992\n|switch|p2a: Clefable|Clefable, M|54\/100\n|switch|p1a: Landorus|Landorus-Therian, M|76\/100\n|-damage|p1a: Landorus|63\/100|[from] Stealth Rock\n|-ability|p1a: Landorus|Intimidate|boost\n|-unboost|p2a: Clefable|atk|1\n|\n|-heal|p2a: Clefable|60\/100|[from] item: Leftovers\n|upkeep\n|turn|34\n|\n|t:|1622869995\n|move|p1a: Landorus|Earthquake|p2a: Clefable\n|-damage|p2a: Clefable|21\/100\n|move|p2a: Clefable|Soft-Boiled|p2a: Clefable\n|-heal|p2a: Clefable|71\/100\n|\n|-heal|p2a: Clefable|77\/100|[from] item: Leftovers\n|upkeep\n|turn|35\n|\n|t:|1622869998\n|move|p1a: Landorus|Earthquake|p2a: Clefable\n|-damage|p2a: Clefable|42\/100\n|move|p2a: Clefable|Soft-Boiled|p2a: Clefable\n|-heal|p2a: Clefable|92\/100\n|\n|-heal|p2a: Clefable|98\/100|[from] item: Leftovers\n|upkeep\n|turn|36\n|c|\u2606tinyglasses|Gg\n|-message|tinyglasses forfeited.\n|\n|win|not mb\n|n|\u2606tinyglasses|tinyglasses\n|n|\u203dnot mb|notmb\n|n| d18l|d18l\n|n| Emil Heskey|emilheskey\n|n|+pink dreads|pinkdreads\n|n| Syntheo|syntheo\n|n| Yungster_Testboi|yungstertestboi\n|n| myjava|myjava\n|n| pokemon vs you|pokemonvsyou\n|n| JoeDXELoritos|joedxeloritos\n|n| nozarashi1|nozarashi1\n|n| HELLOBOIIIS|helloboiiis\n|n|+ez|ez\n|n| AmogusMan|amogusman\n|n| Rafael09|rafael09\n|n| axelraid|axelraid\n","uploadtime":1622870006,"views":41,"p1id":"tinyglasses","p2id":"notmb","formatid":"gen7ou","rating":0,"private":0,"password":null}