{"id":"gen7ou-667858290","p1":"Toxabelle","p2":"Hugolounalemoche","format":"gen7ou","log":"|raw|<div class=\"broadcast-red\"><strong>This battle is invite-only!<\/strong><br \/>Users must be rank + or invited with <code>\/invite<\/code> to join<\/div>\n|j|Toxabelle\n|j|Hugolounalemoche\n|player|p1|Toxabelle|164\n|teamsize|p1|6\n|player|p2|Hugolounalemoche|170\n|teamsize|p2|6\n|gametype|singles\n|gen|7\n|tier|[Gen 7] OU\n|rated|\n|seed|29841,63824,42985,44007\n|rule|Sleep Clause Mod: Limit one foe put to sleep\n|rule|Species Clause: Limit one of each Pok\u00e9mon\n|rule|OHKO Clause: OHKO moves are banned\n|rule|Moody Clause: Moody is banned\n|rule|Evasion Moves Clause: Evasion moves are banned\n|rule|Endless Battle Clause: Forcing endless battles is banned\n|rule|HP Percentage Mod: HP is shown in percentages\n|clearpoke\n|poke|p1|Venusaur, M|item\n|poke|p1|Keldeo-Resolute|item\n|poke|p1|Skarmory, M|item\n|poke|p1|Chansey, F|item\n|poke|p1|Heatran, F|item\n|poke|p1|Bisharp, F|item\n|poke|p2|Tapu Koko|item\n|poke|p2|Kartana|item\n|poke|p2|Magearna|item\n|poke|p2|Lopunny, M|item\n|poke|p2|Keldeo-Resolute|item\n|poke|p2|Landorus-Therian, M|item\n|teampreview\n|inactive|Battle timer is ON: inactive players will automatically lose when time's up. (requested by Toxabelle)\n|inactive|Hugolounalemoche has 135 seconds left.\n|inactive|Hugolounalemoche has 120 seconds left.\n|choice|team 2, team 1, team 3, team 4, team 5, team 6|team 6, team 2, team 3, team 4, team 5, team 1\n|\n|start\n|switch|p1a: Keldeo|Keldeo-Resolute|323\/323\n|switch|p2a: Landorus|Landorus-Therian, M|382\/382\n|-ability|p2a: Landorus|Intimidate|boost\n|-unboost|p1a: Keldeo|atk|1\n|turn|1\n|choice|move scald|switch 5\n|\n|switch|p2a: Keldeo|Keldeo-Resolute|323\/323\n|move|p1a: Keldeo|Scald|p2a: Keldeo\n|-resisted|p2a: Keldeo\n|-damage|p2a: Keldeo|243\/323\n|\n|upkeep\n|turn|2\n|choice|move secretsword|move scald\n|\n|move|p2a: Keldeo|Scald|p1a: Keldeo\n|-resisted|p1a: Keldeo\n|-damage|p1a: Keldeo|242\/323\n|move|p1a: Keldeo|Secret Sword|p2a: Keldeo\n|-damage|p2a: Keldeo|75\/323\n|\n|-heal|p1a: Keldeo|262\/323|[from] item: Leftovers\n|upkeep\n|turn|3\n|inactive|Hugolounalemoche has 135 seconds left.\n|inactive|Hugolounalemoche has 120 seconds left.\n|choice|move scald|move scald\n|\n|move|p2a: Keldeo|Scald|p1a: Keldeo\n|-resisted|p1a: Keldeo\n|-damage|p1a: Keldeo|189\/323\n|move|p1a: Keldeo|Scald|p2a: Keldeo\n|-resisted|p2a: Keldeo\n|-damage|p2a: Keldeo|0 fnt\n|faint|p2a: Keldeo\n|\n|-heal|p1a: Keldeo|209\/323|[from] item: Leftovers\n|upkeep\n|choice||switch 4\n|\n|switch|p2a: Lopunny|Lopunny, M|271\/271\n|turn|4\n|choice|switch 3|move poweruppunch mega\n|\n|switch|p1a: Skarmory|Skarmory, M|333\/333\n|-mega|p2a: Lopunny|Lopunny|Lopunnite\n|detailschange|p2a: Lopunny|Lopunny-Mega, M\n|move|p2a: Lopunny|Power-Up Punch|p1a: Skarmory\n|-damage|p1a: Skarmory|293\/333\n|-damage|p2a: Lopunny|226\/271|[from] item: Rocky Helmet|[of] p1a: Skarmory\n|-boost|p2a: Lopunny|atk|1\n|\n|upkeep\n|turn|5\n|choice|move bravebird|move highjumpkick\n|\n|move|p2a: Lopunny|High Jump Kick|p1a: Skarmory\n|-damage|p1a: Skarmory|77\/333\n|-damage|p2a: Lopunny|181\/271|[from] item: Rocky Helmet|[of] p1a: Skarmory\n|move|p1a: Skarmory|Brave Bird|p2a: Lopunny\n|-supereffective|p2a: Lopunny\n|-damage|p2a: Lopunny|0 fnt\n|-damage|p1a: Skarmory|17\/333|[from] Recoil|[of] p2a: Lopunny\n|faint|p2a: Lopunny\n|\n|upkeep\n|choice||switch 6\n|\n|switch|p2a: Tapu Koko|Tapu Koko|281\/281\n|-fieldstart|move: Electric Terrain|[from] ability: Electric Surge|[of] p2a: Tapu Koko\n|turn|6\n|choice|move spikes|move thunderbolt\n|\n|move|p2a: Tapu Koko|Thunderbolt|p1a: Skarmory\n|-supereffective|p1a: Skarmory\n|-damage|p1a: Skarmory|0 fnt\n|faint|p1a: Skarmory\n|\n|upkeep\n|choice|switch 2|\n|\n|switch|p1a: Venusaur|Venusaur, M|363\/363\n|turn|7\n|choice|move gigadrain mega|move uturn\n|\n|-mega|p1a: Venusaur|Venusaur|Venusaurite\n|detailschange|p1a: Venusaur|Venusaur-Mega, M\n|move|p2a: Tapu Koko|U-turn|p1a: Venusaur\n|-damage|p1a: Venusaur|328\/363\n|choice||switch 5\n|\n|switch|p2a: Landorus|Landorus-Therian, M|382\/382\n|-ability|p2a: Landorus|Intimidate|boost\n|-unboost|p1a: Venusaur|atk|1\n|move|p1a: Venusaur|Giga Drain|p2a: Landorus\n|-damage|p2a: Landorus|261\/382\n|-heal|p1a: Venusaur|363\/363|[from] drain|[of] p2a: Landorus\n|\n|-heal|p2a: Landorus|284\/382|[from] item: Leftovers\n|upkeep\n|turn|8\n|choice|move gigadrain|move stealthrock\n|\n|move|p2a: Landorus|Stealth Rock|p1a: Venusaur\n|-sidestart|p1: Toxabelle|move: Stealth Rock\n|move|p1a: Venusaur|Giga Drain|p2a: Landorus\n|-damage|p2a: Landorus|151\/382\n|\n|-heal|p2a: Landorus|174\/382|[from] item: Leftovers\n|upkeep\n|turn|9\n|choice|move hiddenpower|move uturn\n|\n|move|p2a: Landorus|U-turn|p1a: Venusaur\n|-damage|p1a: Venusaur|312\/363\n|choice||switch 3\n|\n|switch|p2a: Magearna|Magearna|301\/301\n|move|p1a: Venusaur|Hidden Power|p2a: Magearna\n|-supereffective|p2a: Magearna\n|-damage|p2a: Magearna|197\/301\n|\n|upkeep\n|turn|10\n|choice|switch 4|move flashcannon\n|\n|switch|p1a: Chansey|Chansey, F|703\/703\n|-damage|p1a: Chansey|616\/703|[from] Stealth Rock\n|move|p2a: Magearna|Flash Cannon|p1a: Chansey\n|-damage|p1a: Chansey|508\/703\n|\n|-fieldend|move: Electric Terrain\n|upkeep\n|turn|11\n|choice|move seismictoss|switch 5\n|\n|switch|p2a: Tapu Koko|Tapu Koko|281\/281\n|-fieldstart|move: Electric Terrain|[from] ability: Electric Surge|[of] p2a: Tapu Koko\n|move|p1a: Chansey|Seismic Toss|p2a: Tapu Koko\n|-damage|p2a: Tapu Koko|181\/281\n|\n|upkeep\n|turn|12\n|choice|move seismictoss|move taunt\n|\n|move|p2a: Tapu Koko|Taunt|p1a: Chansey\n|-start|p1a: Chansey|move: Taunt\n|move|p1a: Chansey|Seismic Toss|p2a: Tapu Koko\n|-damage|p2a: Tapu Koko|81\/281\n|\n|upkeep\n|turn|13\n|choice|move seismictoss|move thunderbolt\n|\n|move|p2a: Tapu Koko|Thunderbolt|p1a: Chansey\n|-damage|p1a: Chansey|357\/703\n|-status|p1a: Chansey|par\n|cant|p1a: Chansey|par\n|\n|upkeep\n|turn|14\n|inactive|Hugolounalemoche has 135 seconds left.\n|choice|move seismictoss|move uturn\n|\n|move|p2a: Tapu Koko|U-turn|p1a: Chansey\n|-damage|p1a: Chansey|286\/703 par\n|choice||switch 2\n|\n|switch|p2a: Kartana|Kartana|259\/259\n|move|p1a: Chansey|Seismic Toss|p2a: Kartana\n|-damage|p2a: Kartana|159\/259\n|\n|-end|p1a: Chansey|move: Taunt\n|upkeep\n|turn|15\n|choice|switch 4|move sacredsword\n|\n|-curestatus|p1a: Chansey|par|[from] ability: Natural Cure\n|switch|p1a: Venusaur|Venusaur-Mega, M|312\/363\n|-damage|p1a: Venusaur|267\/363|[from] Stealth Rock\n|move|p2a: Kartana|Sacred Sword|p1a: Venusaur\n|-resisted|p1a: Venusaur\n|-damage|p1a: Venusaur|224\/363\n|\n|-fieldend|move: Electric Terrain\n|upkeep\n|turn|16\n|choice|move synthesis|switch 5\n|\n|switch|p2a: Magearna|Magearna|197\/301\n|move|p1a: Venusaur|Synthesis|p1a: Venusaur\n|-heal|p1a: Venusaur|363\/363\n|\n|upkeep\n|turn|17\n|inactive|Hugolounalemoche has 135 seconds left.\n|choice|move hiddenpower|move flashcannon\n|\n|move|p2a: Magearna|Flash Cannon|p1a: Venusaur\n|-damage|p1a: Venusaur|230\/363\n|move|p1a: Venusaur|Hidden Power|p2a: Magearna\n|-supereffective|p2a: Magearna\n|-damage|p2a: Magearna|89\/301\n|\n|upkeep\n|turn|18\n|choice|move synthesis|move flashcannon\n|\n|move|p2a: Magearna|Flash Cannon|p1a: Venusaur\n|-damage|p1a: Venusaur|91\/363\n|-unboost|p1a: Venusaur|spd|1\n|move|p1a: Venusaur|Synthesis|p1a: Venusaur\n|-heal|p1a: Venusaur|272\/363\n|\n|upkeep\n|turn|19\n|choice|switch 5|move shiftgear\n|\n|switch|p1a: Heatran|Heatran, F|385\/385\n|-damage|p1a: Heatran|337\/385|[from] Stealth Rock\n|move|p2a: Magearna|Shift Gear|p2a: Magearna\n|-boost|p2a: Magearna|spe|2\n|-boost|p2a: Magearna|atk|1\n|\n|-heal|p1a: Heatran|361\/385|[from] item: Leftovers\n|upkeep\n|turn|20\n|choice|move lavaplume|move focusblast zmove\n|\n|-zpower|p2a: Magearna\n|move|p2a: Magearna|All-Out Pummeling|p1a: Heatran|[zeffect]\n|-supereffective|p1a: Heatran\n|-damage|p1a: Heatran|0 fnt\n|faint|p1a: Heatran\n|-ability|p2a: Magearna|Soul-Heart|boost\n|-boost|p2a: Magearna|spa|1\n|\n|upkeep\n|inactive|Toxabelle has 135 seconds left.\n|inactive|Toxabelle has 120 seconds left.\n|choice|switch 4|\n|\n|switch|p1a: Chansey|Chansey, F|286\/703\n|-damage|p1a: Chansey|199\/703|[from] Stealth Rock\n|turn|21\n|choice|move softboiled|move focusblast\n|\n|move|p2a: Magearna|Focus Blast|p1a: Chansey|[miss]\n|-miss|p2a: Magearna|p1a: Chansey\n|move|p1a: Chansey|Soft-Boiled|p1a: Chansey\n|-heal|p1a: Chansey|551\/703\n|\n|upkeep\n|turn|22\n|choice|move seismictoss|move focusblast\n|\n|move|p2a: Magearna|Focus Blast|p1a: Chansey\n|-supereffective|p1a: Chansey\n|-damage|p1a: Chansey|241\/703\n|move|p1a: Chansey|Seismic Toss|p2a: Magearna\n|-damage|p2a: Magearna|0 fnt\n|faint|p2a: Magearna\n|\n|upkeep\n|choice||switch 5\n|\n|switch|p2a: Kartana|Kartana|159\/259\n|turn|23\n|choice|move seismictoss|move sacredsword\n|\n|move|p2a: Kartana|Sacred Sword|p1a: Chansey\n|-supereffective|p1a: Chansey\n|-damage|p1a: Chansey|0 fnt\n|faint|p1a: Chansey\n|-ability|p2a: Kartana|Beast Boost|boost\n|-boost|p2a: Kartana|atk|1\n|\n|upkeep\n|choice|switch 5|\n|\n|switch|p1a: Venusaur|Venusaur-Mega, M|272\/363\n|-damage|p1a: Venusaur|227\/363|[from] Stealth Rock\n|turn|24\n|choice|move gigadrain|switch 3\n|\n|switch|p2a: Landorus|Landorus-Therian, M|174\/382\n|-ability|p2a: Landorus|Intimidate|boost\n|-unboost|p1a: Venusaur|atk|1\n|move|p1a: Venusaur|Giga Drain|p2a: Landorus\n|-damage|p2a: Landorus|51\/382\n|-heal|p1a: Venusaur|289\/363|[from] drain|[of] p2a: Landorus\n|\n|-heal|p2a: Landorus|74\/382|[from] item: Leftovers\n|upkeep\n|turn|25\n|choice|move synthesis|move earthquake\n|\n|move|p2a: Landorus|Earthquake|p1a: Venusaur\n|-damage|p1a: Venusaur|190\/363\n|move|p1a: Venusaur|Synthesis|p1a: Venusaur\n|-heal|p1a: Venusaur|363\/363\n|\n|-heal|p2a: Landorus|97\/382|[from] item: Leftovers\n|upkeep\n|turn|26\n|c|\u2606Hugolounalemoche|nice haxx win\n|inactive|Hugolounalemoche has 135 seconds left.\n|-message|Hugolounalemoche forfeited.\n|\n|win|Toxabelle\n|l|Hugolounalemoche\n|raw|Toxabelle's rating: 1869 &rarr; <strong>1887<\/strong><br \/>(+18 for winning)\n|raw|Hugolounalemoche's rating: 1834 &rarr; <strong>1816<\/strong><br \/>(-18 for losing)\n|c|\u2606Toxabelle|gg\n|c|\u2606Toxabelle|\/log Toxabelle made this room public.","inputlog":null,"uploadtime":1512221742,"views":122,"p1id":"toxabelle","p2id":"hugolounalemoche","formatid":"gen7ou","rating":1816,"private":0,"password":null}