{"id":"gen7ou-865540018","p1":"Kaylss","p2":"JohnKong","format":"gen7ou","log":"|j|\u2606Kaylss\n|j|\u2606JohnKong\n|player|p1|Kaylss|138\n|player|p2|JohnKong|126\n|teamsize|p1|6\n|teamsize|p2|6\n|gametype|singles\n|gen|7\n|tier|[Gen 7] OU\n|rated|\n|rule|Sleep Clause Mod: Limit one foe put to sleep\n|rule|Species Clause: Limit one of each Pok\u00e9mon\n|rule|OHKO Clause: OHKO moves are banned\n|rule|Moody Clause: Moody is banned\n|rule|Evasion Moves Clause: Evasion moves are banned\n|rule|Endless Battle Clause: Forcing endless battles is banned\n|rule|HP Percentage Mod: HP is shown in percentages\n|clearpoke\n|poke|p1|Excadrill, F|item\n|poke|p1|Reuniclus, M|item\n|poke|p1|Toxapex, F|item\n|poke|p1|Chansey, F|item\n|poke|p1|Volcarona, M|item\n|poke|p1|Latias, F|item\n|poke|p2|Aggron, F|item\n|poke|p2|Chansey, F|item\n|poke|p2|Clefable, M|item\n|poke|p2|Alomomola, F|item\n|poke|p2|Mew|item\n|poke|p2|Zapdos|item\n|teampreview\n|c|\u2606Kaylss|\/log Kaylss made this room hidden.\n|inactive|Battle timer is ON: inactive players will automatically lose when time's up. (requested by JohnKong)\n|\n|start\n|switch|p1a: Toxapex|Toxapex, F|100\/100\n|switch|p2a: Aggron|Aggron, F|100\/100\n|turn|1\n|\n|detailschange|p2a: Aggron|Aggron-Mega, F\n|-mega|p2a: Aggron|Aggron|Aggronite\n|move|p2a: Aggron|Stealth Rock|p1a: Toxapex\n|-sidestart|p1: Kaylss|move: Stealth Rock\n|move|p1a: Toxapex|Scald|p2a: Aggron\n|-damage|p2a: Aggron|85\/100\n|\n|upkeep\n|turn|2\n|\n|move|p2a: Aggron|Earthquake|p1a: Toxapex\n|-supereffective|p1a: Toxapex\n|-damage|p1a: Toxapex|62\/100\n|move|p1a: Toxapex|Scald|p2a: Aggron\n|-damage|p2a: Aggron|70\/100\n|\n|-heal|p1a: Toxapex|69\/100|[from] item: Black Sludge\n|upkeep\n|turn|3\n|\n|move|p2a: Aggron|Earthquake|p1a: Toxapex\n|-supereffective|p1a: Toxapex\n|-damage|p1a: Toxapex|29\/100\n|move|p1a: Toxapex|Scald|p2a: Aggron\n|-damage|p2a: Aggron|54\/100\n|\n|-heal|p1a: Toxapex|35\/100|[from] item: Black Sludge\n|upkeep\n|turn|4\n|\n|switch|p1a: Reuniclus|Reuniclus, M|100\/100\n|move|p2a: Aggron|Heavy Slam|p1a: Reuniclus\n|-crit|p1a: Reuniclus\n|-damage|p1a: Reuniclus|33\/100\n|\n|-heal|p1a: Reuniclus|39\/100|[from] item: Leftovers\n|upkeep\n|turn|5\n|\n|switch|p2a: Clefable|Clefable, M|100\/100\n|move|p1a: Reuniclus|Recover|p1a: Reuniclus\n|-heal|p1a: Reuniclus|89\/100\n|\n|-heal|p1a: Reuniclus|96\/100|[from] item: Leftovers\n|upkeep\n|turn|6\n|\n|switch|p1a: Toxapex|Toxapex, F|69\/100\n|-damage|p1a: Toxapex|56\/100|[from] Stealth Rock\n|move|p2a: Clefable|Wish|p2a: Clefable\n|\n|-heal|p1a: Toxapex|62\/100|[from] item: Black Sludge\n|upkeep\n|turn|7\n|\n|switch|p2a: Aggron|Aggron-Mega, F|54\/100\n|move|p1a: Toxapex|Toxic Spikes|p2a: Aggron\n|-sidestart|p2: JohnKong|move: Toxic Spikes\n|\n|-heal|p2a: Aggron|100\/100|[from] move: Wish|[wisher] Clefable\n|-heal|p1a: Toxapex|69\/100|[from] item: Black Sludge\n|upkeep\n|turn|8\n|\n|move|p2a: Aggron|Earthquake|p1a: Toxapex\n|-supereffective|p1a: Toxapex\n|-damage|p1a: Toxapex|26\/100\n|move|p1a: Toxapex|Scald|p2a: Aggron\n|-damage|p2a: Aggron|85\/100\n|-status|p2a: Aggron|brn\n|\n|-heal|p1a: Toxapex|33\/100|[from] item: Black Sludge\n|-damage|p2a: Aggron|79\/100 brn|[from] brn\n|upkeep\n|turn|9\n|\n|switch|p2a: Zapdos|Zapdos|100\/100\n|-ability|p2a: Zapdos|Pressure\n|move|p1a: Toxapex|Recover|p1a: Toxapex\n|-heal|p1a: Toxapex|83\/100\n|\n|-heal|p1a: Toxapex|89\/100|[from] item: Black Sludge\n|upkeep\n|turn|10\n|\n|switch|p1a: Latias|Latias, F|100\/100\n|-damage|p1a: Latias|88\/100|[from] Stealth Rock\n|move|p2a: Zapdos|Defog|p1a: Latias\n|-unboost|p1a: Latias|evasion|1\n|-sideend|p1: Kaylss|Stealth Rock|[from] move: Defog|[of] p2a: Zapdos\n|-sideend|p2: JohnKong|Toxic Spikes|[from] move: Defog|[of] p2a: Zapdos\n|\n|upkeep\n|turn|11\n|\n|switch|p1a: Excadrill|Excadrill, F|100\/100\n|-ability|p1a: Excadrill|Mold Breaker\n|switch|p2a: Chansey|Chansey, F|100\/100\n|\n|upkeep\n|turn|12\n|\n|move|p1a: Excadrill|Stealth Rock|p2a: Chansey\n|-sidestart|p2: JohnKong|move: Stealth Rock\n|move|p2a: Chansey|Heal Bell|p2a: Chansey\n|-activate|p2a: Chansey|move: Heal Bell\n|-curestatus|p2: Aggron|brn|[msg]\n|\n|upkeep\n|turn|13\n|\n|move|p1a: Excadrill|Toxic|p2a: Chansey\n|-status|p2a: Chansey|tox\n|move|p2a: Chansey|Seismic Toss|p1a: Excadrill\n|-damage|p1a: Excadrill|77\/100\n|\n|-heal|p1a: Excadrill|83\/100|[from] item: Leftovers\n|-damage|p2a: Chansey|94\/100 tox|[from] psn\n|upkeep\n|turn|14\n|\n|switch|p2a: Mew|Mew|100\/100\n|-damage|p2a: Mew|88\/100|[from] Stealth Rock\n|move|p1a: Excadrill|Earthquake|p2a: Mew\n|-damage|p2a: Mew|42\/100\n|\n|-heal|p2a: Mew|48\/100|[from] item: Leftovers\n|-heal|p1a: Excadrill|89\/100|[from] item: Leftovers\n|upkeep\n|turn|15\n|\n|switch|p1a: Volcarona|Volcarona, M|100\/100\n|move|p2a: Mew|Will-O-Wisp|p1a: Volcarona\n|-immune|p1a: Volcarona\n|\n|-heal|p2a: Mew|55\/100|[from] item: Leftovers\n|upkeep\n|turn|16\n|\n|move|p2a: Mew|Defog|p1a: Volcarona\n|-unboost|p1a: Volcarona|evasion|1\n|-sideend|p2: JohnKong|Stealth Rock|[from] move: Defog|[of] p2a: Mew\n|move|p1a: Volcarona|Bug Buzz|p2a: Mew\n|-supereffective|p2a: Mew\n|-damage|p2a: Mew|0 fnt\n|faint|p2a: Mew\n|\n|upkeep\n|\n|switch|p2a: Alomomola|Alomomola, F|100\/100\n|turn|17\n|\n|switch|p1a: Toxapex|Toxapex, F|100\/100\n|move|p2a: Alomomola|Knock Off|p1a: Toxapex\n|-damage|p1a: Toxapex|90\/100\n|-enditem|p1a: Toxapex|Black Sludge|[from] move: Knock Off|[of] p2a: Alomomola\n|\n|upkeep\n|turn|18\n|\n|move|p2a: Alomomola|Wish|p2a: Alomomola\n|move|p1a: Toxapex|Toxic Spikes|p2a: Alomomola\n|-sidestart|p2: JohnKong|move: Toxic Spikes\n|\n|upkeep\n|turn|19\n|\n|switch|p2a: Aggron|Aggron-Mega, F|79\/100\n|move|p1a: Toxapex|Scald|p2a: Aggron\n|-damage|p2a: Aggron|64\/100\n|\n|-heal|p2a: Aggron|100\/100|[from] move: Wish|[wisher] Alomomola\n|upkeep\n|turn|20\n|\n|switch|p2a: Zapdos|Zapdos|100\/100\n|-ability|p2a: Zapdos|Pressure\n|move|p1a: Toxapex|Scald|p2a: Zapdos\n|-damage|p2a: Zapdos|85\/100\n|\n|-heal|p2a: Zapdos|92\/100|[from] item: Leftovers\n|upkeep\n|turn|21\n|\n|switch|p1a: Latias|Latias, F|88\/100\n|move|p2a: Zapdos|Defog|p1a: Latias\n|-unboost|p1a: Latias|evasion|1\n|-sideend|p2: JohnKong|Toxic Spikes|[from] move: Defog|[of] p2a: Zapdos\n|\n|-heal|p2a: Zapdos|98\/100|[from] item: Leftovers\n|upkeep\n|turn|22\n|\n|detailschange|p1a: Latias|Latias-Mega, F\n|-mega|p1a: Latias|Latias|Latiasite\n|move|p1a: Latias|Ice Beam|p2a: Zapdos\n|-supereffective|p2a: Zapdos\n|-damage|p2a: Zapdos|47\/100\n|move|p2a: Zapdos|Thunderbolt|p1a: Latias\n|-resisted|p1a: Latias\n|-damage|p1a: Latias|75\/100\n|\n|-heal|p2a: Zapdos|53\/100|[from] item: Leftovers\n|upkeep\n|turn|23\n|\n|move|p1a: Latias|Ice Beam|p2a: Zapdos\n|-supereffective|p2a: Zapdos\n|-damage|p2a: Zapdos|0 fnt\n|faint|p2a: Zapdos\n|\n|upkeep\n|\n|switch|p2a: Clefable|Clefable, M|100\/100\n|turn|24\n|\n|switch|p1a: Toxapex|Toxapex, F|100\/100\n|move|p2a: Clefable|Calm Mind|p2a: Clefable\n|-boost|p2a: Clefable|spa|1\n|-boost|p2a: Clefable|spd|1\n|\n|upkeep\n|turn|25\n|\n|move|p2a: Clefable|Moonblast|p1a: Toxapex\n|-resisted|p1a: Toxapex\n|-damage|p1a: Toxapex|81\/100\n|move|p1a: Toxapex|Haze|p1a: Toxapex\n|-clearallboost\n|\n|upkeep\n|turn|26\n|\n|switch|p2a: Aggron|Aggron-Mega, F|100\/100\n|move|p1a: Toxapex|Toxic Spikes|p2a: Aggron\n|-sidestart|p2: JohnKong|move: Toxic Spikes\n|\n|upkeep\n|turn|27\n|\n|move|p2a: Aggron|Earthquake|p1a: Toxapex\n|-supereffective|p1a: Toxapex\n|-damage|p1a: Toxapex|43\/100\n|move|p1a: Toxapex|Scald|p2a: Aggron\n|-damage|p2a: Aggron|84\/100\n|\n|upkeep\n|turn|28\n|\n|switch|p1a: Latias|Latias-Mega, F|75\/100\n|move|p2a: Aggron|Earthquake|p1a: Latias\n|-immune|p1a: Latias|[from] ability: Levitate\n|\n|upkeep\n|turn|29\n|\n|move|p1a: Latias|Hidden Power|p2a: Aggron\n|-supereffective|p2a: Aggron\n|-damage|p2a: Aggron|61\/100\n|move|p2a: Aggron|Heavy Slam|p1a: Latias\n|-damage|p1a: Latias|35\/100\n|\n|upkeep\n|turn|30\n|\n|move|p1a: Latias|Roost|p1a: Latias\n|-heal|p1a: Latias|85\/100\n|-singleturn|p1a: Latias|move: Roost\n|move|p2a: Aggron|Heavy Slam|p1a: Latias\n|-damage|p1a: Latias|49\/100\n|\n|upkeep\n|turn|31\n|\n|move|p1a: Latias|Roost|p1a: Latias\n|-heal|p1a: Latias|99\/100\n|-singleturn|p1a: Latias|move: Roost\n|move|p2a: Aggron|Heavy Slam|p1a: Latias\n|-damage|p1a: Latias|61\/100\n|\n|upkeep\n|turn|32\n|\n|move|p1a: Latias|Hidden Power|p2a: Aggron\n|-supereffective|p2a: Aggron\n|-damage|p2a: Aggron|37\/100\n|move|p2a: Aggron|Heavy Slam|p1a: Latias\n|-damage|p1a: Latias|26\/100\n|\n|upkeep\n|turn|33\n|\n|move|p1a: Latias|Roost|p1a: Latias\n|-heal|p1a: Latias|76\/100\n|-singleturn|p1a: Latias|move: Roost\n|move|p2a: Aggron|Stealth Rock|p1a: Latias\n|-sidestart|p1: Kaylss|move: Stealth Rock\n|\n|upkeep\n|turn|34\n|\n|switch|p1a: Toxapex|Toxapex, F|76\/100\n|-damage|p1a: Toxapex|63\/100|[from] Stealth Rock\n|switch|p2a: Alomomola|Alomomola, F|100\/100\n|-status|p2a: Alomomola|psn\n|\n|-damage|p2a: Alomomola|88\/100 psn|[from] psn\n|upkeep\n|turn|35\n|\n|move|p2a: Alomomola|Wish|p2a: Alomomola\n|move|p1a: Toxapex|Toxic Spikes|p2a: Alomomola\n|-sidestart|p2: JohnKong|move: Toxic Spikes\n|\n|-damage|p2a: Alomomola|76\/100 psn|[from] psn\n|upkeep\n|turn|36\n|\n|switch|p2a: Aggron|Aggron-Mega, F|37\/100\n|move|p1a: Toxapex|Scald|p2a: Aggron\n|-damage|p2a: Aggron|21\/100\n|\n|-heal|p2a: Aggron|91\/100|[from] move: Wish|[wisher] Alomomola\n|upkeep\n|turn|37\n|\n|move|p2a: Aggron|Heavy Slam|p1a: Toxapex\n|-resisted|p1a: Toxapex\n|-damage|p1a: Toxapex|46\/100\n|move|p1a: Toxapex|Scald|p2a: Aggron\n|-damage|p2a: Aggron|77\/100\n|\n|upkeep\n|turn|38\n|\n|move|p2a: Aggron|Earthquake|p1a: Toxapex\n|-supereffective|p1a: Toxapex\n|-damage|p1a: Toxapex|4\/100\n|move|p1a: Toxapex|Scald|p2a: Aggron\n|-damage|p2a: Aggron|63\/100\n|-status|p2a: Aggron|brn\n|\n|-damage|p2a: Aggron|56\/100 brn|[from] brn\n|upkeep\n|turn|39\n|\n|switch|p1a: Latias|Latias-Mega, F|76\/100\n|-damage|p1a: Latias|63\/100|[from] Stealth Rock\n|move|p2a: Aggron|Heavy Slam|p1a: Latias\n|-damage|p1a: Latias|46\/100\n|\n|-damage|p2a: Aggron|50\/100 brn|[from] brn\n|upkeep\n|turn|40\n|-message|JohnKong forfeited.\n|\n|win|Kaylss\n|l|\u2606JohnKong\n|raw|Kaylss's rating: 1578 &rarr; <strong>1595<\/strong><br \/>(+17 for winning)\n|raw|JohnKong's rating: 1512 &rarr; <strong>1496<\/strong><br \/>(-16 for losing)\n|c|\u2606Kaylss|\/log Kaylss made this room public.\n","uploadtime":1550732141,"views":9,"p1id":"kaylss","p2id":"johnkong","formatid":"gen7ou","rating":1496,"private":0,"password":null}