{"id":"gen7oususpecttest-626695337","p1":"I'm back from Mars","p2":"Felipe nova mende","format":"gen7oususpecttest","log":"|j|I'm back from Mars\n|j|Felipe nova mende\n|player|p1|I'm back from Mars|128\n|teamsize|p1|6\n|player|p2|Felipe nova mende|92\n|teamsize|p2|6\n|gametype|singles\n|gen|7\n|tier|[Gen 7] OU (suspect test)\n|rated\n|seed|53852,33641,50173,21324\n|rule|Sleep Clause Mod: Limit one foe put to sleep\n|rule|Species Clause: Limit one of each Pok\u00e9mon\n|rule|OHKO Clause: OHKO moves are banned\n|rule|Moody Clause: Moody is banned\n|rule|Evasion Moves Clause: Evasion moves are banned\n|rule|Endless Battle Clause: Forcing endless battles is banned\n|rule|HP Percentage Mod: HP is shown in percentages\n|clearpoke\n|poke|p1|Camerupt, F|item\n|poke|p1|Landorus-Therian, M|item\n|poke|p1|Tapu Koko|item\n|poke|p1|Clefable, F|item\n|poke|p1|Mantine, F, shiny|item\n|poke|p1|Jirachi|item\n|poke|p2|Reuniclus, F|item\n|poke|p2|Hariyama, M|item\n|poke|p2|Absol, M|item\n|poke|p2|Greninja, F|item\n|poke|p2|Magearna|item\n|poke|p2|Darmanitan, M|item\n|teampreview\n|choice|team 2, team 1, team 3, team 4, team 5, team 6|team 4, team 2, team 3, team 1, team 5, team 6\n|\n|start\n|switch|p1a: Landorus|Landorus-Therian, M|319\/319\n|switch|p2a: Greninja|Greninja, F|285\/285\n|-ability|p1a: Landorus|Intimidate|boost\n|-unboost|p2a: Greninja|atk|1\n|turn|1\n|choice|move uturn|move icebeam\n|\n|move|p1a: Landorus|U-turn|p2a: Greninja\n|-supereffective|p2a: Greninja\n|-crit|p2a: Greninja\n|-damage|p2a: Greninja|0 fnt\n|faint|p2a: Greninja\n|choice|switch 5|\n|\n|switch|p1a: Mantine|Mantine, F, shiny|373\/373\n|\n|upkeep\n|choice||switch 4\n|\n|switch|p2a: Reuniclus|Reuniclus, F|424\/424\n|turn|2\n|choice|switch 4|move calmmind\n|\n|switch|p1a: Clefable|Clefable, F|394\/394\n|move|p2a: Reuniclus|Calm Mind|p2a: Reuniclus\n|-boost|p2a: Reuniclus|spa|1\n|-boost|p2a: Reuniclus|spd|1\n|\n|upkeep\n|turn|3\n|choice|move stealthrock|move psyshock\n|\n|move|p1a: Clefable|Stealth Rock|p2a: Reuniclus\n|-sidestart|p2: Felipe nova mende|move: Stealth Rock\n|move|p2a: Reuniclus|Psyshock|p1a: Clefable\n|-damage|p1a: Clefable|249\/394\n|\n|-heal|p1a: Clefable|273\/394|[from] item: Leftovers\n|upkeep\n|turn|4\n|choice|switch 6|move calmmind\n|\n|switch|p1a: Jirachi|Jirachi|404\/404\n|move|p2a: Reuniclus|Calm Mind|p2a: Reuniclus\n|-boost|p2a: Reuniclus|spa|1\n|-boost|p2a: Reuniclus|spd|1\n|\n|upkeep\n|turn|5\n|choice|move substitute|move psyshock\n|\n|move|p1a: Jirachi|Substitute|p1a: Jirachi\n|-start|p1a: Jirachi|Substitute\n|-damage|p1a: Jirachi|303\/404\n|move|p2a: Reuniclus|Psyshock|p1a: Jirachi\n|-resisted|p1a: Jirachi\n|-activate|p1a: Jirachi|move: Substitute|[damage]\n|\n|-heal|p1a: Jirachi|328\/404|[from] item: Leftovers\n|upkeep\n|turn|6\n|choice|move ironhead|move psyshock\n|\n|move|p1a: Jirachi|Iron Head|p2a: Reuniclus\n|-damage|p2a: Reuniclus|330\/424\n|move|p2a: Reuniclus|Psyshock|p1a: Jirachi\n|-resisted|p1a: Jirachi\n|-end|p1a: Jirachi|Substitute\n|\n|-heal|p1a: Jirachi|353\/404|[from] item: Leftovers\n|-heal|p2a: Reuniclus|356\/424|[from] item: Leftovers\n|upkeep\n|turn|7\n|choice|move ironhead|move calmmind\n|\n|move|p1a: Jirachi|Iron Head|p2a: Reuniclus\n|-damage|p2a: Reuniclus|266\/424\n|move|p2a: Reuniclus|Calm Mind|p2a: Reuniclus\n|-boost|p2a: Reuniclus|spa|1\n|-boost|p2a: Reuniclus|spd|1\n|\n|-heal|p1a: Jirachi|378\/404|[from] item: Leftovers\n|-heal|p2a: Reuniclus|292\/424|[from] item: Leftovers\n|upkeep\n|turn|8\n|choice|move ironhead|move recover\n|\n|move|p1a: Jirachi|Iron Head|p2a: Reuniclus\n|-damage|p2a: Reuniclus|202\/424\n|cant|p2a: Reuniclus|flinch\n|\n|-heal|p1a: Jirachi|403\/404|[from] item: Leftovers\n|-heal|p2a: Reuniclus|228\/424|[from] item: Leftovers\n|upkeep\n|turn|9\n|choice|move ironhead|move recover\n|\n|move|p1a: Jirachi|Iron Head|p2a: Reuniclus\n|-damage|p2a: Reuniclus|132\/424\n|move|p2a: Reuniclus|Recover|p2a: Reuniclus\n|-heal|p2a: Reuniclus|344\/424\n|\n|-heal|p1a: Jirachi|404\/404|[from] item: Leftovers\n|-heal|p2a: Reuniclus|370\/424|[from] item: Leftovers\n|upkeep\n|turn|10\n|choice|move substitute|move recover\n|\n|move|p1a: Jirachi|Substitute|p1a: Jirachi\n|-start|p1a: Jirachi|Substitute\n|-damage|p1a: Jirachi|303\/404\n|move|p2a: Reuniclus|Recover|p2a: Reuniclus\n|-heal|p2a: Reuniclus|424\/424\n|\n|-heal|p1a: Jirachi|328\/404|[from] item: Leftovers\n|upkeep\n|turn|11\n|choice|move ironhead|move calmmind\n|\n|move|p1a: Jirachi|Iron Head|p2a: Reuniclus\n|-damage|p2a: Reuniclus|325\/424\n|cant|p2a: Reuniclus|flinch\n|\n|-heal|p1a: Jirachi|353\/404|[from] item: Leftovers\n|-heal|p2a: Reuniclus|351\/424|[from] item: Leftovers\n|upkeep\n|turn|12\n|choice|move ironhead|move calmmind\n|\n|move|p1a: Jirachi|Iron Head|p2a: Reuniclus\n|-damage|p2a: Reuniclus|255\/424\n|cant|p2a: Reuniclus|flinch\n|\n|-heal|p1a: Jirachi|378\/404|[from] item: Leftovers\n|-heal|p2a: Reuniclus|281\/424|[from] item: Leftovers\n|upkeep\n|turn|13\n|choice|move ironhead|move recover\n|\n|move|p1a: Jirachi|Iron Head|p2a: Reuniclus\n|-damage|p2a: Reuniclus|188\/424\n|cant|p2a: Reuniclus|flinch\n|\n|-heal|p1a: Jirachi|403\/404|[from] item: Leftovers\n|-heal|p2a: Reuniclus|214\/424|[from] item: Leftovers\n|upkeep\n|turn|14\n|choice|move ironhead|move recover\n|\n|move|p1a: Jirachi|Iron Head|p2a: Reuniclus\n|-damage|p2a: Reuniclus|124\/424\n|cant|p2a: Reuniclus|flinch\n|\n|-heal|p1a: Jirachi|404\/404|[from] item: Leftovers\n|-heal|p2a: Reuniclus|150\/424|[from] item: Leftovers\n|upkeep\n|turn|15\n|choice|move ironhead|move recover\n|\n|move|p1a: Jirachi|Iron Head|p2a: Reuniclus\n|-damage|p2a: Reuniclus|63\/424\n|move|p2a: Reuniclus|Recover|p2a: Reuniclus\n|-heal|p2a: Reuniclus|275\/424\n|\n|-heal|p2a: Reuniclus|301\/424|[from] item: Leftovers\n|upkeep\n|turn|16\n|choice|move ironhead|move recover\n|\n|move|p1a: Jirachi|Iron Head|p2a: Reuniclus\n|-damage|p2a: Reuniclus|210\/424\n|cant|p2a: Reuniclus|flinch\n|\n|-heal|p2a: Reuniclus|236\/424|[from] item: Leftovers\n|upkeep\n|turn|17\n|choice|move ironhead|move recover\n|\n|move|p1a: Jirachi|Iron Head|p2a: Reuniclus\n|-damage|p2a: Reuniclus|146\/424\n|move|p2a: Reuniclus|Recover|p2a: Reuniclus\n|-heal|p2a: Reuniclus|358\/424\n|\n|-heal|p2a: Reuniclus|384\/424|[from] item: Leftovers\n|upkeep\n|turn|18\n|choice|move firepunch|move calmmind\n|\n|move|p1a: Jirachi|Fire Punch|p2a: Reuniclus\n|-damage|p2a: Reuniclus|327\/424\n|-status|p2a: Reuniclus|brn\n|move|p2a: Reuniclus|Calm Mind|p2a: Reuniclus\n|-boost|p2a: Reuniclus|spa|1\n|-boost|p2a: Reuniclus|spd|1\n|\n|-heal|p2a: Reuniclus|353\/424 brn|[from] item: Leftovers\n|upkeep\n|turn|19\n|choice|move firepunch|move calmmind\n|\n|move|p1a: Jirachi|Fire Punch|p2a: Reuniclus\n|-damage|p2a: Reuniclus|292\/424 brn\n|move|p2a: Reuniclus|Calm Mind|p2a: Reuniclus\n|-boost|p2a: Reuniclus|spa|1\n|-boost|p2a: Reuniclus|spd|1\n|\n|-heal|p2a: Reuniclus|318\/424 brn|[from] item: Leftovers\n|upkeep\n|turn|20\n|choice|move ironhead|move recover\n|\n|move|p1a: Jirachi|Iron Head|p2a: Reuniclus\n|-damage|p2a: Reuniclus|231\/424 brn\n|cant|p2a: Reuniclus|flinch\n|\n|-heal|p2a: Reuniclus|257\/424 brn|[from] item: Leftovers\n|upkeep\n|turn|21\n|choice|switch 4|move recover\n|\n|switch|p1a: Mantine|Mantine, F, shiny|373\/373\n|move|p2a: Reuniclus|Recover|p2a: Reuniclus\n|-heal|p2a: Reuniclus|424\/424 brn\n|\n|upkeep\n|turn|22\n|choice|move haze|move psyshock\n|\n|move|p1a: Mantine|Haze|p1a: Mantine\n|-clearallboost\n|move|p2a: Reuniclus|Psyshock|p1a: Mantine\n|-damage|p1a: Mantine|247\/373\n|\n|-heal|p1a: Mantine|270\/373|[from] item: Leftovers\n|upkeep\n|turn|23\n|c|\u2606Felipe nova mende|\ud83d\ude22\ud83d\ude22\ud83d\ude22\n|choice|move scald|move calmmind\n|\n|move|p1a: Mantine|Scald|p2a: Reuniclus\n|-damage|p2a: Reuniclus|327\/424 brn\n|move|p2a: Reuniclus|Calm Mind|p2a: Reuniclus\n|-boost|p2a: Reuniclus|spa|1\n|-boost|p2a: Reuniclus|spd|1\n|\n|-heal|p1a: Mantine|293\/373|[from] item: Leftovers\n|-heal|p2a: Reuniclus|353\/424 brn|[from] item: Leftovers\n|upkeep\n|turn|24\n|c|\u2606I'm back from Mars|well tried\n|choice|move haze|move psyshock\n|\n|move|p1a: Mantine|Haze|p1a: Mantine\n|-clearallboost\n|move|p2a: Reuniclus|Psyshock|p1a: Mantine\n|-damage|p1a: Mantine|172\/373\n|\n|-heal|p1a: Mantine|195\/373|[from] item: Leftovers\n|-heal|p2a: Reuniclus|379\/424 brn|[from] item: Leftovers\n|upkeep\n|turn|25\n|choice|move roost|move calmmind\n|\n|move|p1a: Mantine|Roost|p1a: Mantine\n|-heal|p1a: Mantine|373\/373\n|move|p2a: Reuniclus|Calm Mind|p2a: Reuniclus\n|-boost|p2a: Reuniclus|spa|1\n|-boost|p2a: Reuniclus|spd|1\n|\n|-heal|p2a: Reuniclus|405\/424 brn|[from] item: Leftovers\n|upkeep\n|turn|26\n|choice|move haze|move psyshock\n|\n|move|p1a: Mantine|Haze|p1a: Mantine\n|-clearallboost\n|move|p2a: Reuniclus|Psyshock|p1a: Mantine\n|-damage|p1a: Mantine|232\/373\n|\n|-heal|p1a: Mantine|255\/373|[from] item: Leftovers\n|-heal|p2a: Reuniclus|424\/424 brn|[from] item: Leftovers\n|upkeep\n|turn|27\n|choice|move scald|move calmmind\n|\n|move|p1a: Mantine|Scald|p2a: Reuniclus\n|-damage|p2a: Reuniclus|333\/424 brn\n|move|p2a: Reuniclus|Calm Mind|p2a: Reuniclus\n|-boost|p2a: Reuniclus|spa|1\n|-boost|p2a: Reuniclus|spd|1\n|\n|-heal|p1a: Mantine|278\/373|[from] item: Leftovers\n|-heal|p2a: Reuniclus|359\/424 brn|[from] item: Leftovers\n|upkeep\n|turn|28\n|choice|move haze|move psyshock\n|\n|move|p1a: Mantine|Haze|p1a: Mantine\n|-clearallboost\n|move|p2a: Reuniclus|Psyshock|p1a: Mantine\n|-damage|p1a: Mantine|139\/373\n|\n|-heal|p1a: Mantine|162\/373|[from] item: Leftovers\n|-heal|p2a: Reuniclus|385\/424 brn|[from] item: Leftovers\n|upkeep\n|turn|29\n|c|\u2606I'm back from Mars|you should use TR so you're faster\n|choice|move roost|move energyball\n|\n|move|p1a: Mantine|Roost|p1a: Mantine\n|-heal|p1a: Mantine|349\/373\n|move|p2a: Reuniclus|Energy Ball|p1a: Mantine\n|-supereffective|p1a: Mantine\n|-damage|p1a: Mantine|237\/373\n|\n|-heal|p1a: Mantine|260\/373|[from] item: Leftovers\n|-heal|p2a: Reuniclus|411\/424 brn|[from] item: Leftovers\n|upkeep\n|turn|30\n|c|\u2606I'm back from Mars|ah\n|c|\u2606Felipe nova mende|solo 30 y es supereficaz\n|choice|move haze|move psyshock\n|\n|move|p1a: Mantine|Haze|p1a: Mantine\n|-clearallboost\n|move|p2a: Reuniclus|Psyshock|p1a: Mantine\n|-damage|p1a: Mantine|137\/373\n|\n|-heal|p1a: Mantine|160\/373|[from] item: Leftovers\n|-heal|p2a: Reuniclus|424\/424 brn|[from] item: Leftovers\n|upkeep\n|turn|31\n|choice|move roost|move energyball\n|\n|move|p1a: Mantine|Roost|p1a: Mantine\n|-heal|p1a: Mantine|347\/373\n|move|p2a: Reuniclus|Energy Ball|p1a: Mantine\n|-supereffective|p1a: Mantine\n|-damage|p1a: Mantine|235\/373\n|\n|-heal|p1a: Mantine|258\/373|[from] item: Leftovers\n|upkeep\n|turn|32\n|choice|move haze|move energyball\n|\n|move|p1a: Mantine|Haze|p1a: Mantine\n|-clearallboost\n|move|p2a: Reuniclus|Energy Ball|p1a: Mantine\n|-damage|p1a: Mantine|205\/373\n|\n|-heal|p1a: Mantine|228\/373|[from] item: Leftovers\n|upkeep\n|turn|33\n|choice|move haze|move energyball\n|\n|move|p1a: Mantine|Haze|p1a: Mantine\n|-clearallboost\n|move|p2a: Reuniclus|Energy Ball|p1a: Mantine\n|-damage|p1a: Mantine|176\/373\n|-unboost|p1a: Mantine|spd|1\n|\n|-heal|p1a: Mantine|199\/373|[from] item: Leftovers\n|upkeep\n|turn|34\n|choice|move haze|move energyball\n|\n|move|p1a: Mantine|Haze|p1a: Mantine\n|-clearallboost\n|move|p2a: Reuniclus|Energy Ball|p1a: Mantine\n|-damage|p1a: Mantine|147\/373\n|\n|-heal|p1a: Mantine|170\/373|[from] item: Leftovers\n|upkeep\n|turn|35\n|choice|move roost|switch 3\n|\n|switch|p2a: Absol|Absol, M|271\/271\n|-damage|p2a: Absol|238\/271|[from] Stealth Rock\n|-ability|p2a: Absol|Pressure\n|move|p1a: Mantine|Roost|p1a: Mantine\n|-heal|p1a: Mantine|357\/373\n|\n|-heal|p1a: Mantine|373\/373|[from] item: Leftovers\n|upkeep\n|turn|36\n|choice|switch 6|move swordsdance mega\n|\n|switch|p1a: Clefable|Clefable, F|273\/394\n|detailschange|p2a: Absol|Absol-Mega, M\n|-mega|p2a: Absol|Absol|Absolite\n|move|p2a: Absol|Swords Dance|p2a: Absol\n|-boost|p2a: Absol|atk|2\n|\n|-heal|p1a: Clefable|297\/394|[from] item: Leftovers\n|upkeep\n|turn|37\n|choice|move moonblast|move playrough\n|\n|move|p2a: Absol|Play Rough|p1a: Clefable\n|-damage|p1a: Clefable|90\/394\n|move|p1a: Clefable|Moonblast|p2a: Absol\n|-supereffective|p2a: Absol\n|-crit|p2a: Absol\n|-damage|p2a: Absol|0 fnt\n|faint|p2a: Absol\n|\n|-heal|p1a: Clefable|114\/394|[from] item: Leftovers\n|upkeep\n|choice||switch 5\n|\n|switch|p2a: Magearna|Magearna|302\/302\n|-damage|p2a: Magearna|284\/302|[from] Stealth Rock\n|turn|38\n|choice|switch 2|move shiftgear\n|\n|switch|p1a: Camerupt|Camerupt, F|317\/317\n|move|p2a: Magearna|Shift Gear|p2a: Magearna\n|-boost|p2a: Magearna|spe|2\n|-boost|p2a: Magearna|atk|1\n|\n|upkeep\n|turn|39\n|choice|move earthpower mega|move fleurcannon zmove\n|\n|detailschange|p1a: Camerupt|Camerupt-Mega, F\n|-mega|p1a: Camerupt|Camerupt|Cameruptite\n|-zpower|p2a: Magearna\n|move|p2a: Magearna|Twinkle Tackle|p1a: Camerupt|[zeffect]\n|-resisted|p1a: Camerupt\n|-damage|p1a: Camerupt|134\/317\n|move|p1a: Camerupt|Earth Power|p2a: Magearna\n|-supereffective|p2a: Magearna\n|-damage|p2a: Magearna|0 fnt\n|faint|p2a: Magearna\n|\n|upkeep\n|choice||switch 2\n|\n|switch|p2a: Hariyama|Hariyama, M|429\/429\n|-damage|p2a: Hariyama|403\/429|[from] Stealth Rock\n|turn|40\n|choice|switch 5|move fakeout\n|\n|switch|p1a: Landorus|Landorus-Therian, M|319\/319\n|-ability|p1a: Landorus|Intimidate|boost\n|-unboost|p2a: Hariyama|atk|1\n|move|p2a: Hariyama|Fake Out|p1a: Landorus\n|-damage|p1a: Landorus|280\/319\n|\n|-status|p2a: Hariyama|brn|[from] item: Flame Orb\n|upkeep\n|turn|41\n|choice|move uturn|move icepunch\n|\n|move|p1a: Landorus|U-turn|p2a: Hariyama\n|-resisted|p2a: Hariyama\n|-damage|p2a: Hariyama|345\/429 brn\n|choice|switch 4|\n|\n|switch|p1a: Jirachi|Jirachi|404\/404\n|move|p2a: Hariyama|Ice Punch|p1a: Jirachi\n|-resisted|p1a: Jirachi\n|-damage|p1a: Jirachi|356\/404\n|\n|-heal|p1a: Jirachi|381\/404|[from] item: Leftovers\n|-damage|p2a: Hariyama|319\/429 brn|[from] brn\n|upkeep\n|turn|42\n|choice|move substitute|move closecombat\n|\n|move|p1a: Jirachi|Substitute|p1a: Jirachi\n|-start|p1a: Jirachi|Substitute\n|-damage|p1a: Jirachi|280\/404\n|move|p2a: Hariyama|Close Combat|p1a: Jirachi\n|-end|p1a: Jirachi|Substitute\n|-unboost|p2a: Hariyama|def|1\n|-unboost|p2a: Hariyama|spd|1\n|\n|-heal|p1a: Jirachi|305\/404|[from] item: Leftovers\n|-damage|p2a: Hariyama|293\/429 brn|[from] brn\n|upkeep\n|turn|43\n|choice|move substitute|move closecombat\n|\n|move|p1a: Jirachi|Substitute|p1a: Jirachi\n|-start|p1a: Jirachi|Substitute\n|-damage|p1a: Jirachi|204\/404\n|move|p2a: Hariyama|Close Combat|p1a: Jirachi\n|-end|p1a: Jirachi|Substitute\n|-unboost|p2a: Hariyama|def|1\n|-unboost|p2a: Hariyama|spd|1\n|\n|-heal|p1a: Jirachi|229\/404|[from] item: Leftovers\n|-damage|p2a: Hariyama|267\/429 brn|[from] brn\n|upkeep\n|turn|44\n|choice|move ironhead|move closecombat\n|\n|move|p1a: Jirachi|Iron Head|p2a: Hariyama\n|-damage|p2a: Hariyama|9\/429 brn\n|move|p2a: Hariyama|Close Combat|p1a: Jirachi\n|-damage|p1a: Jirachi|25\/404\n|-unboost|p2a: Hariyama|def|1\n|-unboost|p2a: Hariyama|spd|1\n|\n|-heal|p1a: Jirachi|50\/404|[from] item: Leftovers\n|-damage|p2a: Hariyama|0 fnt|[from] brn\n|upkeep\n|faint|p2a: Hariyama\n|choice||switch 6\n|\n|switch|p2a: Darmanitan|Darmanitan, M|351\/351\n|-damage|p2a: Darmanitan|264\/351|[from] Stealth Rock\n|turn|45\n|choice|switch 6|move uturn\n|\n|switch|p1a: Mantine|Mantine, F, shiny|373\/373\n|move|p2a: Darmanitan|U-turn|p1a: Mantine\n|-resisted|p1a: Mantine\n|-damage|p1a: Mantine|320\/373\n|choice||switch 3\n|\n|switch|p2a: Reuniclus|Reuniclus, F|424\/424 brn\n|\n|-heal|p1a: Mantine|343\/373|[from] item: Leftovers\n|upkeep\n|turn|46\n|choice|move scald|move psyshock\n|\n|move|p1a: Mantine|Scald|p2a: Reuniclus\n|-damage|p2a: Reuniclus|342\/424 brn\n|move|p2a: Reuniclus|Psyshock|p1a: Mantine\n|-damage|p1a: Mantine|202\/373\n|\n|-heal|p1a: Mantine|225\/373|[from] item: Leftovers\n|-heal|p2a: Reuniclus|368\/424 brn|[from] item: Leftovers\n|upkeep\n|turn|47\n|choice|move scald|move psyshock\n|\n|move|p1a: Mantine|Scald|p2a: Reuniclus\n|-damage|p2a: Reuniclus|283\/424 brn\n|move|p2a: Reuniclus|Psyshock|p1a: Mantine\n|-damage|p1a: Mantine|86\/373\n|\n|-heal|p1a: Mantine|109\/373|[from] item: Leftovers\n|-heal|p2a: Reuniclus|309\/424 brn|[from] item: Leftovers\n|upkeep\n|turn|48\n|choice|move roost|move psyshock\n|\n|move|p1a: Mantine|Roost|p1a: Mantine\n|-heal|p1a: Mantine|296\/373\n|move|p2a: Reuniclus|Psyshock|p1a: Mantine\n|-damage|p1a: Mantine|158\/373\n|\n|-heal|p1a: Mantine|181\/373|[from] item: Leftovers\n|-heal|p2a: Reuniclus|335\/424 brn|[from] item: Leftovers\n|upkeep\n|turn|49\n|choice|move roost|move psyshock\n|\n|move|p1a: Mantine|Roost|p1a: Mantine\n|-heal|p1a: Mantine|368\/373\n|move|p2a: Reuniclus|Psyshock|p1a: Mantine\n|-damage|p1a: Mantine|227\/373\n|\n|-heal|p1a: Mantine|250\/373|[from] item: Leftovers\n|-heal|p2a: Reuniclus|361\/424 brn|[from] item: Leftovers\n|upkeep\n|turn|50\n|choice|move scald|move psyshock\n|\n|move|p1a: Mantine|Scald|p2a: Reuniclus\n|-damage|p2a: Reuniclus|277\/424 brn\n|move|p2a: Reuniclus|Psyshock|p1a: Mantine\n|-damage|p1a: Mantine|127\/373\n|\n|-heal|p1a: Mantine|150\/373|[from] item: Leftovers\n|-heal|p2a: Reuniclus|303\/424 brn|[from] item: Leftovers\n|upkeep\n|turn|51\n|choice|move roost|move recover\n|\n|move|p1a: Mantine|Roost|p1a: Mantine\n|-heal|p1a: Mantine|337\/373\n|move|p2a: Reuniclus|Recover|p2a: Reuniclus\n|-heal|p2a: Reuniclus|424\/424 brn\n|\n|-heal|p1a: Mantine|360\/373|[from] item: Leftovers\n|upkeep\n|turn|52\n|choice|move haze|move psyshock\n|\n|move|p1a: Mantine|Haze|p1a: Mantine\n|-clearallboost\n|move|p2a: Reuniclus|Psyshock|p1a: Mantine\n|-crit|p1a: Mantine\n|-damage|p1a: Mantine|164\/373\n|\n|-heal|p1a: Mantine|187\/373|[from] item: Leftovers\n|upkeep\n|turn|53\n|choice|move roost|move psyshock\n|\n|move|p1a: Mantine|Roost|p1a: Mantine\n|-heal|p1a: Mantine|373\/373\n|move|p2a: Reuniclus|Psyshock|p1a: Mantine\n|-damage|p1a: Mantine|240\/373\n|\n|-heal|p1a: Mantine|263\/373|[from] item: Leftovers\n|upkeep\n|turn|54\n|c|\u2606Felipe nova mende|oye ya estoy cansado y si me rindo y te doy la victoria?\n|choice|move haze|move energyball\n|\n|move|p1a: Mantine|Haze|p1a: Mantine\n|-clearallboost\n|move|p2a: Reuniclus|Energy Ball|p1a: Mantine\n|-damage|p1a: Mantine|210\/373\n|\n|-heal|p1a: Mantine|233\/373|[from] item: Leftovers\n|upkeep\n|turn|55\n|c|\u2606I'm back from Mars|english please\n|c|\u2606I'm back from Mars|no habla espanol\n|choice|move haze|move energyball\n|\n|move|p1a: Mantine|Haze|p1a: Mantine\n|-clearallboost\n|move|p2a: Reuniclus|Energy Ball|p1a: Mantine\n|-damage|p1a: Mantine|182\/373\n|\n|-heal|p1a: Mantine|205\/373|[from] item: Leftovers\n|upkeep\n|turn|56\n|choice|move roost|move energyball\n|\n|move|p1a: Mantine|Roost|p1a: Mantine\n|-heal|p1a: Mantine|373\/373\n|move|p2a: Reuniclus|Energy Ball|p1a: Mantine\n|-supereffective|p1a: Mantine\n|-damage|p1a: Mantine|267\/373\n|\n|-heal|p1a: Mantine|290\/373|[from] item: Leftovers\n|upkeep\n|turn|57\n|choice|move scald|move energyball\n|\n|move|p1a: Mantine|Scald|p2a: Reuniclus\n|-damage|p2a: Reuniclus|340\/424 brn\n|move|p2a: Reuniclus|Energy Ball|p1a: Mantine\n|-damage|p1a: Mantine|234\/373\n|\n|-heal|p1a: Mantine|257\/373|[from] item: Leftovers\n|-heal|p2a: Reuniclus|366\/424 brn|[from] item: Leftovers\n|upkeep\n|turn|58\n|c|\u2606Felipe nova mende|ok\n|c|\u2606Felipe nova mende|i is cansad\n|c|\u2606Felipe nova mende|you win\n|c|\u2606Felipe nova mende|yes?\n|choice|move scald|move energyball\n|\n|move|p1a: Mantine|Scald|p2a: Reuniclus\n|-damage|p2a: Reuniclus|281\/424 brn\n|move|p2a: Reuniclus|Energy Ball|p1a: Mantine\n|-damage|p1a: Mantine|201\/373\n|\n|-heal|p1a: Mantine|224\/373|[from] item: Leftovers\n|-heal|p2a: Reuniclus|307\/424 brn|[from] item: Leftovers\n|upkeep\n|turn|59\n|c|\u2606I'm back from Mars|yes you cant win now\n|c|\u2606Felipe nova mende|ok bye\n|c|\u2606I'm back from Mars|bye\n|choice|move scald|move energyball\n|\n|move|p1a: Mantine|Scald|p2a: Reuniclus\n|-damage|p2a: Reuniclus|220\/424 brn\n|move|p2a: Reuniclus|Energy Ball|p1a: Mantine\n|-damage|p1a: Mantine|168\/373\n|\n|-heal|p1a: Mantine|191\/373|[from] item: Leftovers\n|-heal|p2a: Reuniclus|246\/424 brn|[from] item: Leftovers\n|upkeep\n|turn|60\n|choice|move roost|move energyball\n|\n|move|p1a: Mantine|Roost|p1a: Mantine\n|-heal|p1a: Mantine|373\/373\n|move|p2a: Reuniclus|Energy Ball|p1a: Mantine\n|-supereffective|p1a: Mantine\n|-crit|p1a: Mantine\n|-damage|p1a: Mantine|211\/373\n|\n|-heal|p1a: Mantine|234\/373|[from] item: Leftovers\n|-heal|p2a: Reuniclus|272\/424 brn|[from] item: Leftovers\n|upkeep\n|turn|61\n|c|\u2606Felipe nova mende|kill.mi please XD\n|choice|move haze|move energyball\n|\n|move|p1a: Mantine|Haze|p1a: Mantine\n|-clearallboost\n|move|p2a: Reuniclus|Energy Ball|p1a: Mantine\n|-damage|p1a: Mantine|184\/373\n|\n|-heal|p1a: Mantine|207\/373|[from] item: Leftovers\n|-heal|p2a: Reuniclus|298\/424 brn|[from] item: Leftovers\n|upkeep\n|turn|62\n|c|\u2606I'm back from Mars|ok i will try lol\n|choice|move roost|switch 3\n|\n|switch|p2a: Darmanitan|Darmanitan, M|264\/351\n|-damage|p2a: Darmanitan|177\/351|[from] Stealth Rock\n|move|p1a: Mantine|Roost|p1a: Mantine\n|-heal|p1a: Mantine|373\/373\n|\n|upkeep\n|turn|63\n|choice|switch 4|move rockslide\n|\n|switch|p1a: Landorus|Landorus-Therian, M|280\/319\n|-ability|p1a: Landorus|Intimidate|boost\n|-unboost|p2a: Darmanitan|atk|1\n|move|p2a: Darmanitan|Rock Slide|p1a: Landorus\n|-damage|p1a: Landorus|192\/319\n|\n|upkeep\n|turn|64\n|choice|move earthquake|move rockslide\n|\n|move|p2a: Darmanitan|Rock Slide|p1a: Landorus\n|-damage|p1a: Landorus|104\/319\n|move|p1a: Landorus|Earthquake|p2a: Darmanitan\n|-supereffective|p2a: Darmanitan\n|-damage|p2a: Darmanitan|0 fnt\n|faint|p2a: Darmanitan\n|\n|upkeep\n|choice||switch 3\n|\n|switch|p2a: Reuniclus|Reuniclus, F|298\/424 brn\n|turn|65\n|choice|move earthquake|move calmmind\n|\n|move|p1a: Landorus|Earthquake|p2a: Reuniclus\n|-damage|p2a: Reuniclus|130\/424 brn\n|move|p2a: Reuniclus|Calm Mind|p2a: Reuniclus\n|-boost|p2a: Reuniclus|spa|1\n|-boost|p2a: Reuniclus|spd|1\n|\n|-heal|p2a: Reuniclus|156\/424 brn|[from] item: Leftovers\n|upkeep\n|turn|66\n|choice|move earthquake|move recover\n|\n|move|p1a: Landorus|Earthquake|p2a: Reuniclus\n|-damage|p2a: Reuniclus|0 fnt\n|faint|p2a: Reuniclus\n|\n|win|I'm back from Mars","inputlog":null,"uploadtime":1504482259,"views":6,"p1id":"imbackfrommars","p2id":"felipenovamende","formatid":"gen7oususpecttest","rating":0,"private":0,"password":null}