{"id":"gen7ou-968628877","p1":"sexybucks","p2":"Lunar Neo","format":"gen7ou","log":"|j|\u2606sexybucks\n|j|\u2606Lunar Neo\n|player|p1|sexybucks|102|1668\n|player|p2|Lunar Neo|248|1663\n|teamsize|p1|6\n|teamsize|p2|6\n|gametype|singles\n|gen|7\n|tier|[Gen 7] OU\n|rated|\n|rule|Sleep Clause Mod: Limit one foe put to sleep\n|rule|Species Clause: Limit one of each Pok\u00e9mon\n|rule|OHKO Clause: OHKO moves are banned\n|rule|Moody Clause: Moody is banned\n|rule|Evasion Moves Clause: Evasion moves are banned\n|rule|Endless Battle Clause: Forcing endless battles is banned\n|rule|HP Percentage Mod: HP is shown in percentages\n|clearpoke\n|poke|p1|Serperior, F|item\n|poke|p1|Tapu Bulu|item\n|poke|p1|Diancie|item\n|poke|p1|Greninja, M|item\n|poke|p1|Heatran, M|item\n|poke|p1|Landorus-Therian, M|item\n|poke|p2|Zapdos|item\n|poke|p2|Keldeo-Resolute|item\n|poke|p2|Scizor, M|item\n|poke|p2|Hydreigon, M|item\n|poke|p2|Mamoswine, M|item\n|poke|p2|Blacephalon|item\n|teampreview\n|inactive|Battle timer is ON: inactive players will automatically lose when time's up. (requested by sexybucks)\n|\n|start\n|switch|p1a: Greninja|Greninja, M|100\/100\n|switch|p2a: Mamoswine|Mamoswine, M|100\/100\n|turn|1\n|inactive|Lunar Neo has 120 seconds left.\n|\n|switch|p2a: Keldeo|Keldeo-Resolute|100\/100\n|move|p1a: Greninja|Water Shuriken|p2a: Keldeo\n|-resisted|p2a: Keldeo\n|-damage|p2a: Keldeo|95\/100\n|-resisted|p2a: Keldeo\n|-damage|p2a: Keldeo|89\/100\n|-hitcount|p2a: Keldeo|2\n|\n|upkeep\n|turn|2\n|inactive|Lunar Neo has 120 seconds left.\n|inactive|sexybucks has 120 seconds left.\n|\n|switch|p1a: Tapu Bulu|Tapu Bulu|100\/100\n|-fieldstart|move: Grassy Terrain|[from] ability: Grassy Surge|[of] p1a: Tapu Bulu\n|move|p2a: Keldeo|Secret Sword|p1a: Tapu Bulu\n|-resisted|p1a: Tapu Bulu\n|-damage|p1a: Tapu Bulu|82\/100\n|\n|-heal|p2a: Keldeo|96\/100|[from] Grassy Terrain\n|-heal|p1a: Tapu Bulu|88\/100|[from] Grassy Terrain\n|upkeep\n|turn|3\n|inactive|sexybucks has 120 seconds left.\n|\n|switch|p2a: Zapdos|Zapdos, shiny|100\/100\n|switch|p1a: Heatran|Heatran, M|100\/100\n|\n|upkeep\n|turn|4\n|\n|switch|p2a: Keldeo|Keldeo-Resolute|96\/100\n|move|p1a: Heatran|Toxic|p2a: Keldeo\n|-status|p2a: Keldeo|tox\n|\n|-heal|p2a: Keldeo|100\/100 tox|[from] Grassy Terrain\n|-damage|p2a: Keldeo|94\/100 tox|[from] psn\n|upkeep\n|turn|5\n|\n|switch|p2a: Scizor|Scizor, M|100\/100\n|move|p1a: Heatran|Protect||[still]\n|-fail|p1a: Heatran\n|\n|upkeep\n|turn|6\n|\n|switch|p2a: Hydreigon|Hydreigon, M|100\/100\n|move|p1a: Heatran|Lava Plume|p2a: Hydreigon\n|-resisted|p2a: Hydreigon\n|-damage|p2a: Hydreigon|79\/100\n|\n|-fieldend|move: Grassy Terrain\n|upkeep\n|turn|7\n|\n|switch|p1a: Tapu Bulu|Tapu Bulu|88\/100\n|-fieldstart|move: Grassy Terrain|[from] ability: Grassy Surge|[of] p1a: Tapu Bulu\n|move|p2a: Hydreigon|Dark Pulse|p1a: Tapu Bulu\n|-resisted|p1a: Tapu Bulu\n|-damage|p1a: Tapu Bulu|60\/100\n|-damage|p2a: Hydreigon|69\/100|[from] item: Life Orb\n|\n|-heal|p1a: Tapu Bulu|66\/100|[from] Grassy Terrain\n|upkeep\n|turn|8\n|\n|switch|p1a: Diancie|Diancie|100\/100\n|move|p2a: Hydreigon|Fire Blast|p1a: Diancie|[miss]\n|-miss|p2a: Hydreigon|p1a: Diancie\n|\n|upkeep\n|turn|9\n|\n|switch|p2a: Scizor|Scizor, M|100\/100\n|detailschange|p1a: Diancie|Diancie-Mega\n|-mega|p1a: Diancie|Diancie|Diancite\n|move|p1a: Diancie|Substitute|p1a: Diancie\n|-start|p1a: Diancie|Substitute\n|-damage|p1a: Diancie|76\/100\n|\n|-heal|p1a: Diancie|82\/100|[from] Grassy Terrain\n|upkeep\n|turn|10\n|\n|detailschange|p2a: Scizor|Scizor-Mega, M\n|-mega|p2a: Scizor|Scizor|Scizorite\n|move|p2a: Scizor|Bullet Punch|p1a: Diancie\n|-supereffective|p1a: Diancie\n|-end|p1a: Diancie|Substitute\n|move|p1a: Diancie|Diamond Storm|p2a: Scizor\n|-damage|p2a: Scizor|63\/100\n|-boost|p1a: Diancie|def|2\n|\n|-heal|p1a: Diancie|88\/100|[from] Grassy Terrain\n|-heal|p2a: Scizor|69\/100|[from] Grassy Terrain\n|upkeep\n|turn|11\n|\n|switch|p1a: Heatran|Heatran, M|100\/100\n|move|p2a: Scizor|Knock Off|p1a: Heatran\n|-damage|p1a: Heatran|68\/100\n|-enditem|p1a: Heatran|Leftovers|[from] move: Knock Off|[of] p2a: Scizor\n|\n|-heal|p1a: Heatran|74\/100|[from] Grassy Terrain\n|-heal|p2a: Scizor|75\/100|[from] Grassy Terrain\n|-fieldend|move: Grassy Terrain\n|upkeep\n|turn|12\n|inactive|sexybucks has 120 seconds left.\n|\n|switch|p2a: Hydreigon|Hydreigon, M|69\/100\n|move|p1a: Heatran|Lava Plume|p2a: Hydreigon\n|-resisted|p2a: Hydreigon\n|-damage|p2a: Hydreigon|50\/100\n|-status|p2a: Hydreigon|brn\n|\n|-damage|p2a: Hydreigon|44\/100 brn|[from] brn\n|upkeep\n|turn|13\n|\n|move|p1a: Heatran|Protect|p1a: Heatran\n|-singleturn|p1a: Heatran|Protect\n|move|p2a: Hydreigon|Roost|p2a: Hydreigon\n|-heal|p2a: Hydreigon|94\/100 brn\n|-singleturn|p2a: Hydreigon|move: Roost\n|\n|-damage|p2a: Hydreigon|88\/100 brn|[from] brn\n|upkeep\n|turn|14\n|\n|switch|p1a: Diancie|Diancie-Mega|88\/100\n|move|p2a: Hydreigon|Dark Pulse|p1a: Diancie\n|-resisted|p1a: Diancie\n|-damage|p1a: Diancie|42\/100\n|-damage|p2a: Hydreigon|78\/100 brn|[from] item: Life Orb\n|\n|-damage|p2a: Hydreigon|72\/100 brn|[from] brn\n|upkeep\n|turn|15\n|\n|switch|p2a: Scizor|Scizor-Mega, M|75\/100\n|move|p1a: Diancie|Moonblast|p2a: Scizor\n|-resisted|p2a: Scizor\n|-damage|p2a: Scizor|49\/100\n|\n|upkeep\n|turn|16\n|\n|switch|p1a: Landorus|Landorus-Therian, M|100\/100\n|-ability|p1a: Landorus|Intimidate|boost\n|-unboost|p2a: Scizor|atk|1\n|move|p2a: Scizor|Roost|p2a: Scizor\n|-heal|p2a: Scizor|99\/100\n|-singleturn|p2a: Scizor|move: Roost\n|\n|upkeep\n|turn|17\n|\n|switch|p2a: Hydreigon|Hydreigon, M|72\/100 brn\n|move|p1a: Landorus|Stealth Rock|p2a: Hydreigon\n|-sidestart|p2: Lunar Neo|move: Stealth Rock\n|\n|-damage|p2a: Hydreigon|65\/100 brn|[from] brn\n|upkeep\n|turn|18\n|\n|switch|p1a: Greninja|Greninja, M|100\/100\n|move|p2a: Hydreigon|Dark Pulse|p1a: Greninja\n|-resisted|p1a: Greninja\n|-damage|p1a: Greninja|55\/100\n|-damage|p2a: Hydreigon|56\/100 brn|[from] item: Life Orb\n|\n|-damage|p2a: Hydreigon|49\/100 brn|[from] brn\n|upkeep\n|turn|19\n|\n|move|p1a: Greninja|Hydro Pump|p2a: Hydreigon\n|-resisted|p2a: Hydreigon\n|-damage|p2a: Hydreigon|11\/100 brn\n|move|p2a: Hydreigon|Draco Meteor|p1a: Greninja\n|-damage|p1a: Greninja|0 fnt\n|-unboost|p2a: Hydreigon|spa|2\n|-damage|p2a: Hydreigon|1\/100 brn|[from] item: Life Orb\n|faint|p1a: Greninja\n|\n|-damage|p2a: Hydreigon|0 fnt|[from] brn\n|faint|p2a: Hydreigon\n|upkeep\n|\n|switch|p1a: Serperior|Serperior, F|100\/100\n|switch|p2a: Keldeo|Keldeo-Resolute|94\/100 tox\n|-damage|p2a: Keldeo|88\/100 tox|[from] Stealth Rock\n|turn|20\n|inactive|sexybucks has 90 seconds left.\n|\n|switch|p2a: Scizor|Scizor-Mega, M|99\/100\n|-damage|p2a: Scizor|87\/100|[from] Stealth Rock\n|move|p1a: Serperior|Substitute|p1a: Serperior\n|-start|p1a: Serperior|Substitute\n|-damage|p1a: Serperior|76\/100\n|\n|-heal|p1a: Serperior|82\/100|[from] item: Leftovers\n|upkeep\n|turn|21\n|inactive|sexybucks has 90 seconds left.\n|\n|move|p2a: Scizor|Bullet Punch|p1a: Serperior\n|-end|p1a: Serperior|Substitute\n|move|p1a: Serperior|Glare|p2a: Scizor\n|-status|p2a: Scizor|par\n|\n|-heal|p1a: Serperior|88\/100|[from] item: Leftovers\n|upkeep\n|turn|22\n|inactive|sexybucks has 90 seconds left.\n|\n|switch|p2a: Keldeo|Keldeo-Resolute|88\/100 tox\n|-damage|p2a: Keldeo|82\/100 tox|[from] Stealth Rock\n|move|p1a: Serperior|Substitute|p1a: Serperior\n|-start|p1a: Serperior|Substitute\n|-damage|p1a: Serperior|63\/100\n|\n|-heal|p1a: Serperior|70\/100|[from] item: Leftovers\n|-damage|p2a: Keldeo|76\/100 tox|[from] psn\n|upkeep\n|turn|23\n|\n|switch|p2a: Scizor|Scizor-Mega, M|87\/100 par\n|-damage|p2a: Scizor|75\/100 par|[from] Stealth Rock\n|move|p1a: Serperior|Leech Seed|p2a: Scizor\n|-start|p2a: Scizor|move: Leech Seed\n|\n|-heal|p1a: Serperior|76\/100|[from] item: Leftovers\n|-damage|p2a: Scizor|62\/100 par|[from] Leech Seed|[of] p1a: Serperior\n|-heal|p1a: Serperior|90\/100|[silent]\n|upkeep\n|turn|24\n|\n|move|p1a: Serperior|Leaf Storm|p2a: Scizor\n|-resisted|p2a: Scizor\n|-crit|p2a: Scizor\n|-damage|p2a: Scizor|47\/100 par\n|-boost|p1a: Serperior|spa|2\n|cant|p2a: Scizor|par\n|\n|-heal|p1a: Serperior|96\/100|[from] item: Leftovers\n|-damage|p2a: Scizor|34\/100 par|[from] Leech Seed|[of] p1a: Serperior\n|-heal|p1a: Serperior|100\/100|[silent]\n|upkeep\n|turn|25\n|\n|move|p1a: Serperior|Leaf Storm|p2a: Scizor\n|-resisted|p2a: Scizor\n|-damage|p2a: Scizor|14\/100 par\n|-boost|p1a: Serperior|spa|2\n|cant|p2a: Scizor|par\n|\n|-damage|p2a: Scizor|2\/100 par|[from] Leech Seed|[of] p1a: Serperior\n|upkeep\n|turn|26\n|c|\u2606Lunar Neo|wow\n|\n|move|p2a: Scizor|Bullet Punch|p1a: Serperior\n|-end|p1a: Serperior|Substitute\n|move|p1a: Serperior|Leaf Storm|p2a: Scizor|[miss]\n|-miss|p1a: Serperior|p2a: Scizor\n|\n|-damage|p2a: Scizor|0 fnt|[from] Leech Seed|[of] p1a: Serperior\n|faint|p2a: Scizor\n|upkeep\n|\n|switch|p2a: Blacephalon|Blacephalon|100\/100\n|-damage|p2a: Blacephalon|76\/100|[from] Stealth Rock\n|turn|27\n|c|\u2606sexybucks|sry\n|\n|switch|p1a: Heatran|Heatran, M|74\/100\n|move|p2a: Blacephalon|Shadow Ball|p1a: Heatran\n|-damage|p1a: Heatran|45\/100\n|\n|upkeep\n|turn|28\n|inactive|sexybucks has 90 seconds left.\n|\n|switch|p2a: Keldeo|Keldeo-Resolute|76\/100 tox\n|-damage|p2a: Keldeo|70\/100 tox|[from] Stealth Rock\n|move|p1a: Heatran|Earth Power|p2a: Keldeo\n|-damage|p2a: Keldeo|40\/100 tox\n|\n|-damage|p2a: Keldeo|33\/100 tox|[from] psn\n|upkeep\n|turn|29\n|inactive|sexybucks has 90 seconds left.\n|\n|switch|p2a: Zapdos|Zapdos, shiny|100\/100\n|-damage|p2a: Zapdos|75\/100|[from] Stealth Rock\n|switch|p1a: Tapu Bulu|Tapu Bulu|66\/100\n|-fieldstart|move: Grassy Terrain|[from] ability: Grassy Surge|[of] p1a: Tapu Bulu\n|\n|-heal|p2a: Zapdos|82\/100|[from] item: Leftovers\n|-heal|p1a: Tapu Bulu|72\/100|[from] Grassy Terrain\n|upkeep\n|turn|30\n|\n|move|p2a: Zapdos|Heat Wave|p1a: Tapu Bulu\n|-supereffective|p1a: Tapu Bulu\n|-damage|p1a: Tapu Bulu|20\/100\n|move|p1a: Tapu Bulu|Stone Edge|p2a: Zapdos\n|-supereffective|p2a: Zapdos\n|-crit|p2a: Zapdos\n|-damage|p2a: Zapdos|0 fnt\n|faint|p2a: Zapdos\n|\n|-heal|p1a: Tapu Bulu|26\/100|[from] Grassy Terrain\n|upkeep\n|inactive|Lunar Neo has 120 seconds left.\n|c|\u2606Lunar Neo|I guess ill die\n|\n|switch|p2a: Blacephalon|Blacephalon|76\/100\n|-damage|p2a: Blacephalon|51\/100|[from] Stealth Rock\n|turn|31\n|\n|move|p2a: Blacephalon|Shadow Ball|p1a: Tapu Bulu\n|-crit|p1a: Tapu Bulu\n|-damage|p1a: Tapu Bulu|0 fnt\n|faint|p1a: Tapu Bulu\n|-ability|p2a: Blacephalon|Beast Boost|boost\n|-boost|p2a: Blacephalon|spa|1\n|\n|-heal|p2a: Blacephalon|57\/100|[from] Grassy Terrain\n|upkeep\n|\n|switch|p1a: Landorus|Landorus-Therian, M|100\/100\n|-ability|p1a: Landorus|Intimidate|boost\n|-unboost|p2a: Blacephalon|atk|1\n|turn|32\n|\n|move|p2a: Blacephalon|Shadow Ball|p1a: Landorus\n|-damage|p1a: Landorus|29\/100\n|-zpower|p1a: Landorus\n|move|p1a: Landorus|Supersonic Skystrike|p2a: Blacephalon|[zeffect]\n|-damage|p2a: Blacephalon|0 fnt\n|faint|p2a: Blacephalon\n|\n|upkeep\n|\n|switch|p2a: Mamoswine|Mamoswine, M|100\/100\n|-damage|p2a: Mamoswine|88\/100|[from] Stealth Rock\n|turn|33\n|\n|move|p2a: Mamoswine|Ice Shard|p1a: Landorus\n|-supereffective|p1a: Landorus\n|-damage|p1a: Landorus|0 fnt\n|faint|p1a: Landorus\n|\n|-heal|p2a: Mamoswine|94\/100|[from] Grassy Terrain\n|-fieldend|move: Grassy Terrain\n|upkeep\n|\n|switch|p1a: Serperior|Serperior, F|100\/100\n|turn|34\n|\n|move|p2a: Mamoswine|Ice Shard|p1a: Serperior\n|-supereffective|p1a: Serperior\n|-damage|p1a: Serperior|29\/100\n|move|p1a: Serperior|Leaf Storm|p2a: Mamoswine\n|-supereffective|p2a: Mamoswine\n|-damage|p2a: Mamoswine|0 fnt\n|-boost|p1a: Serperior|spa|2\n|faint|p2a: Mamoswine\n|\n|-heal|p1a: Serperior|35\/100|[from] item: Leftovers\n|upkeep\n|-message|Lunar Neo forfeited.\n|\n|win|sexybucks\n|l|\u2606Lunar Neo\n|raw|sexybucks's rating: 1668 &rarr; <strong>1687<\/strong><br \/>(+19 for winning)\n|raw|Lunar Neo's rating: 1664 &rarr; <strong>1644<\/strong><br \/>(-20 for losing)\n","uploadtime":1567212312,"views":5,"p1id":"sexybucks","p2id":"lunarneo","formatid":"gen7ou","rating":1644,"private":0,"password":null}