{"id":"gen7ou-1115312925","p1":"Moskito Cup","p2":"Ahsan-219","format":"gen7ou","log":"|raw|<div class=\"broadcast-red\"><strong>This battle is invite-only!<\/strong><br \/>Users must be invited with <code>\/invite<\/code> (or be staff) to join<\/div>\n|j|\u2606Moskito Cup\n|j|\u203dAhsan-219\n|player|p1|Moskito Cup|101|1922\n|player|p2|Ahsan-219|clemont|1803\n|teamsize|p1|6\n|teamsize|p2|6\n|gametype|singles\n|gen|7\n|tier|[Gen 7] OU\n|rated|\n|clearpoke\n|poke|p1|Venusaur, F|item\n|poke|p1|Keldeo-Resolute|item\n|poke|p1|Skarmory, M|item\n|poke|p1|Chansey, F|item\n|poke|p1|Heatran, F|item\n|poke|p1|Bisharp, M|item\n|poke|p2|Medicham, F|item\n|poke|p2|Ferrothorn, F|item\n|poke|p2|Landorus-Therian, M|item\n|poke|p2|Greninja, M|item\n|poke|p2|Magearna|item\n|poke|p2|Zapdos|item\n|rule|Sleep Clause Mod: Limit one foe put to sleep\n|rule|Species Clause: Limit one of each Pok\u00e9mon\n|rule|OHKO Clause: OHKO moves are banned\n|rule|Moody Clause: Moody is banned\n|rule|Evasion Moves Clause: Evasion moves are banned\n|rule|Endless Battle Clause: Forcing endless battles is banned\n|rule|HP Percentage Mod: HP is shown in percentages\n|teampreview\n|inactive|Battle timer is ON: inactive players will automatically lose when time's up. (requested by Moskito Cup)\n|\n|start\n|switch|p1a: Keldeo|Keldeo-Resolute|100\/100\n|switch|p2a: Zapdos|Zapdos|100\/100\n|turn|1\n|\n|move|p1a: Keldeo|Substitute|p1a: Keldeo\n|-start|p1a: Keldeo|Substitute\n|-damage|p1a: Keldeo|75\/100\n|move|p2a: Zapdos|Volt Switch|p1a: Keldeo\n|-supereffective|p1a: Keldeo\n|-end|p1a: Keldeo|Substitute\n|\n|switch|p2a: Magearna|Magearna|100\/100|[from]move: Volt Switch\n|\n|-heal|p1a: Keldeo|82\/100|[from] item: Leftovers\n|upkeep\n|turn|2\n|\n|move|p1a: Keldeo|Calm Mind|p1a: Keldeo\n|-boost|p1a: Keldeo|spa|1\n|-boost|p1a: Keldeo|spd|1\n|move|p2a: Magearna|Volt Switch|p1a: Keldeo\n|-supereffective|p1a: Keldeo\n|-damage|p1a: Keldeo|51\/100\n|\n|switch|p2a: Landorus|Landorus-Therian, M|100\/100|[from]move: Volt Switch\n|-ability|p2a: Landorus|Intimidate|boost\n|-unboost|p1a: Keldeo|atk|1\n|\n|-heal|p1a: Keldeo|57\/100|[from] item: Leftovers\n|upkeep\n|turn|3\n|\n|switch|p1a: Skarmory|Skarmory, M|100\/100\n|move|p2a: Landorus|Earthquake|p1a: Skarmory\n|-immune|p1a: Skarmory\n|\n|upkeep\n|turn|4\n|\n|move|p2a: Landorus|Earthquake|p1a: Skarmory\n|-immune|p1a: Skarmory\n|move|p1a: Skarmory|Spikes|p2a: Landorus\n|-sidestart|p2: Ahsan-219|Spikes\n|\n|upkeep\n|turn|5\n|\n|switch|p2a: Zapdos|Zapdos|100\/100\n|move|p1a: Skarmory|Whirlwind|p2a: Zapdos\n|drag|p2a: Ferrothorn|Ferrothorn, F|100\/100\n|-damage|p2a: Ferrothorn|88\/100|[from] Spikes\n|\n|-heal|p2a: Ferrothorn|94\/100|[from] item: Leftovers\n|upkeep\n|turn|6\n|\n|switch|p1a: Heatran|Heatran, F|100\/100\n|move|p2a: Ferrothorn|Stealth Rock|p1a: Heatran\n|-sidestart|p1: Moskito Cup|move: Stealth Rock\n|\n|-heal|p2a: Ferrothorn|100\/100|[from] item: Leftovers\n|upkeep\n|turn|7\n|\n|switch|p2a: Greninja|Greninja, M|100\/100\n|-damage|p2a: Greninja|88\/100|[from] Spikes\n|move|p1a: Heatran|Stealth Rock|p2a: Greninja\n|-sidestart|p2: Ahsan-219|move: Stealth Rock\n|\n|upkeep\n|turn|8\n|\n|-zpower|p2a: Greninja\n|move|p2a: Greninja|Hydro Vortex|p1a: Heatran|[zeffect]\n|-supereffective|p1a: Heatran\n|-damage|p1a: Heatran|0 fnt\n|faint|p1a: Heatran\n|-activate|p2a: Greninja|ability: Battle Bond\n|detailschange|p2a: Greninja|Greninja-Ash, M\n|\n|upkeep\n|\n|switch|p1a: Keldeo|Keldeo-Resolute|57\/100\n|-damage|p1a: Keldeo|51\/100|[from] Stealth Rock\n|turn|9\n|\n|move|p2a: Greninja|U-turn|p1a: Keldeo\n|-resisted|p1a: Keldeo\n|-damage|p1a: Keldeo|40\/100\n|\n|switch|p2a: Magearna|Magearna|100\/100|[from]move: U-turn\n|-damage|p2a: Magearna|88\/100|[from] Spikes\n|-damage|p2a: Magearna|82\/100|[from] Stealth Rock\n|move|p1a: Keldeo|Secret Sword|p2a: Magearna\n|-damage|p2a: Magearna|45\/100\n|\n|-heal|p1a: Keldeo|46\/100|[from] item: Leftovers\n|upkeep\n|turn|10\n|\n|move|p1a: Keldeo|Substitute|p1a: Keldeo\n|-start|p1a: Keldeo|Substitute\n|-damage|p1a: Keldeo|21\/100\n|move|p2a: Magearna|Volt Switch|p1a: Keldeo\n|-supereffective|p1a: Keldeo\n|-end|p1a: Keldeo|Substitute\n|\n|switch|p2a: Greninja|Greninja-Ash, M|88\/100|[from]move: Volt Switch\n|-damage|p2a: Greninja|76\/100|[from] Stealth Rock\n|-damage|p2a: Greninja|64\/100|[from] Spikes\n|\n|-heal|p1a: Keldeo|28\/100|[from] item: Leftovers\n|upkeep\n|turn|11\n|\n|switch|p1a: Chansey|Chansey, F|100\/100\n|-damage|p1a: Chansey|88\/100|[from] Stealth Rock\n|move|p2a: Greninja|Dark Pulse|p1a: Chansey\n|-damage|p1a: Chansey|73\/100\n|\n|upkeep\n|turn|12\n|\n|move|p2a: Greninja|U-turn|p1a: Chansey\n|-damage|p1a: Chansey|59\/100\n|\n|switch|p2a: Ferrothorn|Ferrothorn, F|100\/100|[from]move: U-turn\n|-damage|p2a: Ferrothorn|94\/100|[from] Stealth Rock\n|-damage|p2a: Ferrothorn|82\/100|[from] Spikes\n|move|p1a: Chansey|Thunder Wave|p2a: Ferrothorn\n|-status|p2a: Ferrothorn|par\n|\n|-heal|p2a: Ferrothorn|88\/100 par|[from] item: Leftovers\n|upkeep\n|turn|13\n|\n|move|p1a: Chansey|Soft-Boiled|p1a: Chansey\n|-heal|p1a: Chansey|100\/100\n|move|p2a: Ferrothorn|Spikes|p1a: Chansey\n|-sidestart|p1: Moskito Cup|Spikes\n|\n|-heal|p2a: Ferrothorn|94\/100 par|[from] item: Leftovers\n|upkeep\n|turn|14\n|\n|switch|p1a: Bisharp|Bisharp, M|100\/100\n|-damage|p1a: Bisharp|88\/100|[from] Spikes\n|-damage|p1a: Bisharp|82\/100|[from] Stealth Rock\n|move|p2a: Ferrothorn|Leech Seed|p1a: Bisharp|[miss]\n|-miss|p2a: Ferrothorn|p1a: Bisharp\n|\n|-heal|p1a: Bisharp|88\/100|[from] item: Leftovers\n|-heal|p2a: Ferrothorn|100\/100 par|[from] item: Leftovers\n|upkeep\n|turn|15\n|\n|switch|p2a: Zapdos|Zapdos|100\/100\n|-damage|p2a: Zapdos|76\/100|[from] Stealth Rock\n|move|p1a: Bisharp|Swords Dance|p1a: Bisharp\n|-boost|p1a: Bisharp|atk|2\n|\n|-heal|p1a: Bisharp|94\/100|[from] item: Leftovers\n|upkeep\n|turn|16\n|\n|move|p2a: Zapdos|Heat Wave|p1a: Bisharp|[miss]\n|-miss|p2a: Zapdos|p1a: Bisharp\n|move|p1a: Bisharp|Knock Off|p2a: Zapdos\n|-damage|p2a: Zapdos|0 fnt\n|-damage|p1a: Bisharp|78\/100|[from] item: Rocky Helmet|[of] p2a: Zapdos\n|-enditem|p2a: Zapdos|Rocky Helmet|[from] move: Knock Off|[of] p1a: Bisharp\n|faint|p2a: Zapdos\n|\n|-heal|p1a: Bisharp|84\/100|[from] item: Leftovers\n|upkeep\n|inactive|Ahsan-219 has 120 seconds left.\n|\n|switch|p2a: Ferrothorn|Ferrothorn, F|100\/100 par\n|-damage|p2a: Ferrothorn|88\/100 par|[from] Spikes\n|-damage|p2a: Ferrothorn|82\/100 par|[from] Stealth Rock\n|turn|17\n|\n|move|p1a: Bisharp|Knock Off|p2a: Ferrothorn\n|-damage|p2a: Ferrothorn|0 fnt\n|-damage|p1a: Bisharp|71\/100|[from] ability: Iron Barbs|[of] p2a: Ferrothorn\n|-enditem|p2a: Ferrothorn|Leftovers|[from] move: Knock Off|[of] p1a: Bisharp\n|faint|p2a: Ferrothorn\n|\n|-heal|p1a: Bisharp|77\/100|[from] item: Leftovers\n|upkeep\n|\n|switch|p2a: Greninja|Greninja-Ash, M|64\/100\n|-damage|p2a: Greninja|51\/100|[from] Spikes\n|-damage|p2a: Greninja|39\/100|[from] Stealth Rock\n|turn|18\n|\n|move|p2a: Greninja|Water Shuriken|p1a: Bisharp\n|-damage|p1a: Bisharp|60\/100\n|-damage|p1a: Bisharp|45\/100\n|-damage|p1a: Bisharp|28\/100\n|-hitcount|p1a: Bisharp|3\n|move|p1a: Bisharp|Sucker Punch||[still]\n|-fail|p1a: Bisharp\n|\n|-heal|p1a: Bisharp|34\/100|[from] item: Leftovers\n|upkeep\n|turn|19\n|\n|switch|p1a: Chansey|Chansey, F|100\/100\n|-damage|p1a: Chansey|88\/100|[from] Spikes\n|-damage|p1a: Chansey|76\/100|[from] Stealth Rock\n|move|p2a: Greninja|Water Shuriken|p1a: Chansey\n|-damage|p1a: Chansey|72\/100\n|-damage|p1a: Chansey|68\/100\n|-damage|p1a: Chansey|64\/100\n|-hitcount|p1a: Chansey|3\n|\n|upkeep\n|turn|20\n|\n|move|p2a: Greninja|U-turn|p1a: Chansey\n|-damage|p1a: Chansey|50\/100\n|\n|switch|p2a: Medicham|Medicham, F|100\/100|[from]move: U-turn\n|-damage|p2a: Medicham|94\/100|[from] Stealth Rock\n|-damage|p2a: Medicham|82\/100|[from] Spikes\n|move|p1a: Chansey|Seismic Toss|p2a: Medicham\n|-damage|p2a: Medicham|44\/100\n|\n|upkeep\n|turn|21\n|\n|switch|p1a: Skarmory|Skarmory, M|100\/100\n|-damage|p1a: Skarmory|88\/100|[from] Stealth Rock\n|detailschange|p2a: Medicham|Medicham-Mega, F\n|-mega|p2a: Medicham|Medicham|Medichamite\n|move|p2a: Medicham|Drain Punch|p1a: Skarmory\n|-damage|p1a: Skarmory|48\/100\n|-heal|p2a: Medicham|70\/100|[from] drain|[of] p1a: Skarmory\n|-damage|p2a: Medicham|53\/100|[from] item: Rocky Helmet|[of] p1a: Skarmory\n|\n|upkeep\n|turn|22\n|\n|move|p2a: Medicham|Drain Punch|p1a: Skarmory\n|-damage|p1a: Skarmory|12\/100\n|-heal|p2a: Medicham|76\/100|[from] drain|[of] p1a: Skarmory\n|-damage|p2a: Medicham|60\/100|[from] item: Rocky Helmet|[of] p1a: Skarmory\n|move|p1a: Skarmory|Roost|p1a: Skarmory\n|-heal|p1a: Skarmory|62\/100\n|-singleturn|p1a: Skarmory|move: Roost\n|\n|upkeep\n|turn|23\n|\n|switch|p2a: Magearna|Magearna|45\/100\n|-damage|p2a: Magearna|39\/100|[from] Stealth Rock\n|-damage|p2a: Magearna|27\/100|[from] Spikes\n|move|p1a: Skarmory|Roost|p1a: Skarmory\n|-heal|p1a: Skarmory|100\/100\n|-singleturn|p1a: Skarmory|move: Roost\n|\n|upkeep\n|turn|24\n|\n|switch|p1a: Venusaur|Venusaur, F|100\/100\n|-damage|p1a: Venusaur|88\/100|[from] Stealth Rock\n|-damage|p1a: Venusaur|76\/100|[from] Spikes\n|move|p2a: Magearna|Hidden Power|p1a: Venusaur\n|-supereffective|p1a: Venusaur\n|-damage|p1a: Venusaur|42\/100\n|\n|upkeep\n|turn|25\n|\n|detailschange|p1a: Venusaur|Venusaur-Mega, F\n|-mega|p1a: Venusaur|Venusaur|Venusaurite\n|move|p1a: Venusaur|Synthesis|p1a: Venusaur\n|-heal|p1a: Venusaur|92\/100\n|move|p2a: Magearna|Volt Switch|p1a: Venusaur\n|-resisted|p1a: Venusaur\n|-crit|p1a: Venusaur\n|-damage|p1a: Venusaur|80\/100\n|\n|switch|p2a: Medicham|Medicham-Mega, F|60\/100|[from]move: Volt Switch\n|-damage|p2a: Medicham|47\/100|[from] Spikes\n|-damage|p2a: Medicham|41\/100|[from] Stealth Rock\n|\n|upkeep\n|turn|26\n|\n|switch|p1a: Skarmory|Skarmory, M|100\/100\n|-damage|p1a: Skarmory|88\/100|[from] Stealth Rock\n|move|p2a: Medicham|Zen Headbutt|p1a: Skarmory\n|-resisted|p1a: Skarmory\n|-damage|p1a: Skarmory|68\/100\n|-damage|p2a: Medicham|25\/100|[from] item: Rocky Helmet|[of] p1a: Skarmory\n|\n|upkeep\n|turn|27\n|\n|move|p2a: Medicham|Drain Punch|p1a: Skarmory\n|-damage|p1a: Skarmory|30\/100\n|-heal|p2a: Medicham|50\/100|[from] drain|[of] p1a: Skarmory\n|-damage|p2a: Medicham|33\/100|[from] item: Rocky Helmet|[of] p1a: Skarmory\n|move|p1a: Skarmory|Roost|p1a: Skarmory\n|-heal|p1a: Skarmory|80\/100\n|-singleturn|p1a: Skarmory|move: Roost\n|\n|upkeep\n|turn|28\n|\n|move|p2a: Medicham|Drain Punch|p1a: Skarmory\n|-damage|p1a: Skarmory|40\/100\n|-heal|p2a: Medicham|58\/100|[from] drain|[of] p1a: Skarmory\n|-damage|p2a: Medicham|42\/100|[from] item: Rocky Helmet|[of] p1a: Skarmory\n|move|p1a: Skarmory|Roost|p1a: Skarmory\n|-heal|p1a: Skarmory|90\/100\n|-singleturn|p1a: Skarmory|move: Roost\n|\n|upkeep\n|turn|29\n|\n|move|p2a: Medicham|Drain Punch|p1a: Skarmory\n|-damage|p1a: Skarmory|54\/100\n|-heal|p2a: Medicham|65\/100|[from] drain|[of] p1a: Skarmory\n|-damage|p2a: Medicham|49\/100|[from] item: Rocky Helmet|[of] p1a: Skarmory\n|move|p1a: Skarmory|Spikes|p2a: Medicham\n|-sidestart|p2: Ahsan-219|Spikes\n|\n|upkeep\n|turn|30\n|\n|move|p2a: Medicham|Power-Up Punch|p1a: Skarmory\n|-damage|p1a: Skarmory|34\/100\n|-boost|p2a: Medicham|atk|1\n|-damage|p2a: Medicham|32\/100|[from] item: Rocky Helmet|[of] p1a: Skarmory\n|move|p1a: Skarmory|Roost|p1a: Skarmory\n|-heal|p1a: Skarmory|84\/100\n|-singleturn|p1a: Skarmory|move: Roost\n|\n|upkeep\n|turn|31\n|\n|move|p2a: Medicham|Drain Punch|p1a: Skarmory\n|-damage|p1a: Skarmory|31\/100\n|-heal|p2a: Medicham|66\/100|[from] drain|[of] p1a: Skarmory\n|-damage|p2a: Medicham|50\/100|[from] item: Rocky Helmet|[of] p1a: Skarmory\n|move|p1a: Skarmory|Brave Bird|p2a: Medicham\n|-supereffective|p2a: Medicham\n|-damage|p2a: Medicham|0 fnt\n|-damage|p1a: Skarmory|18\/100|[from] Recoil\n|faint|p2a: Medicham\n|\n|upkeep\n|\n|switch|p2a: Greninja|Greninja-Ash, M|39\/100\n|-damage|p2a: Greninja|23\/100|[from] Spikes\n|-damage|p2a: Greninja|10\/100|[from] Stealth Rock\n|turn|32\n|\n|move|p2a: Greninja|Dark Pulse|p1a: Skarmory\n|-damage|p1a: Skarmory|0 fnt\n|faint|p1a: Skarmory\n|\n|upkeep\n|\n|switch|p1a: Chansey|Chansey, F|50\/100\n|-damage|p1a: Chansey|38\/100|[from] Spikes\n|-damage|p1a: Chansey|25\/100|[from] Stealth Rock\n|turn|33\n|\n|move|p2a: Greninja|Hydro Pump|p1a: Chansey|[miss]\n|-miss|p2a: Greninja|p1a: Chansey\n|move|p1a: Chansey|Seismic Toss|p2a: Greninja\n|-damage|p2a: Greninja|0 fnt\n|faint|p2a: Greninja\n|\n|upkeep\n|\n|switch|p2a: Landorus|Landorus-Therian, M|100\/100\n|-damage|p2a: Landorus|88\/100|[from] Stealth Rock\n|-ability|p2a: Landorus|Intimidate|boost\n|-unboost|p1a: Chansey|atk|1\n|turn|34\n|\n|move|p2a: Landorus|Earthquake|p1a: Chansey\n|-damage|p1a: Chansey|0 fnt\n|faint|p1a: Chansey\n|\n|upkeep\n|\n|switch|p1a: Venusaur|Venusaur-Mega, F|80\/100\n|-damage|p1a: Venusaur|68\/100|[from] Spikes\n|-damage|p1a: Venusaur|55\/100|[from] Stealth Rock\n|turn|35\n|\n|move|p2a: Landorus|Earthquake|p1a: Venusaur\n|-damage|p1a: Venusaur|24\/100\n|move|p1a: Venusaur|Synthesis|p1a: Venusaur\n|-heal|p1a: Venusaur|74\/100\n|\n|upkeep\n|turn|36\n|\n|move|p2a: Landorus|Earthquake|p1a: Venusaur\n|-damage|p1a: Venusaur|43\/100\n|move|p1a: Venusaur|Synthesis|p1a: Venusaur\n|-heal|p1a: Venusaur|93\/100\n|\n|upkeep\n|turn|37\n|c|\u2606Moskito Cup|gg\n|-message|Ahsan-219 forfeited.\n|\n|win|Moskito Cup\n|l|\u203dAhsan-219\n|c|\u2606Moskito Cup|\/log Moskito Cup made this room public.\n||Ladder (probably) updated, but score could not be retrieved (Response not received).\n","uploadtime":1589574625,"views":209,"p1id":"moskitocup","p2id":"ahsan219","formatid":"gen7ou","rating":0,"private":0,"password":null}