{"id":"gen7anythinggoes-1685934191","p1":"MinecraftUprising","p2":"11eggyboi11","format":"gen7anythinggoes","log":"|j|\u2606MinecraftUprising\n|j|\u260611eggyboi11\n|t:|1665782897\n|gametype|singles\n|player|p1|MinecraftUprising|smasher|1041\n|player|p2|11eggyboi11|ninjaboy|1181\n|teamsize|p1|6\n|teamsize|p2|6\n|gen|7\n|tier|[Gen 7] Anything Goes\n|rated|\n|rule|HP Percentage Mod: HP is shown in percentages\n|rule|Endless Battle Clause: Forcing endless battles is banned\n|clearpoke\n|poke|p1|Crobat, F|item\n|poke|p1|Crobat, F|item\n|poke|p1|Crobat, F|item\n|poke|p1|Bidoof, F|item\n|poke|p1|Bidoof, M|item\n|poke|p1|Bidoof, F|item\n|poke|p2|Chansey, F|item\n|poke|p2|Shuckle, M|item\n|poke|p2|Toxapex, M|item\n|poke|p2|Miltank, F|item\n|poke|p2|Aegislash, M|item\n|poke|p2|Sableye, F|item\n|teampreview\n|inactive|Battle timer is ON: inactive players will automatically lose when time's up. (requested by MinecraftUprising)\n|j| naoevlogdoenel\n|\n|t:|1665782904\n|start\n|switch|p1a: Bidoof|Bidoof, F|100\/100\n|switch|p2a: Toxapex|Toxapex, M|100\/100\n|turn|1\n|l| naoevlogdoenel\n|\n|t:|1665782910\n|move|p2a: Toxapex|Toxic Spikes|p1a: Bidoof\n|-sidestart|p1: MinecraftUprising|move: Toxic Spikes\n|move|p1a: Bidoof|Thunder Wave|p2a: Toxapex\n|-status|p2a: Toxapex|par\n|\n|-ability|p1a: Bidoof|Moody|boost\n|-boost|p1a: Bidoof|spe|2\n|-unboost|p1a: Bidoof|spd|1\n|upkeep\n|turn|2\n|c|\u2606MinecraftUprising|you got this sikel\n|c|\u2606MinecraftUprising|stop clicking\n|c|\u2606MinecraftUprising|you bastards\n|c|\u260611eggyboi11|what?\n|c|\u2606MinecraftUprising|dont mind sikel\n|\n|t:|1665782933\n|switch|p2a: Aegislash|Aegislash, M, shiny|100\/100\n|move|p1a: Bidoof|Stealth Rock|p2a: Aegislash\n|-sidestart|p2: 11eggyboi11|move: Stealth Rock\n|\n|-ability|p1a: Bidoof|Moody|boost\n|-boost|p1a: Bidoof|atk|2\n|-unboost|p1a: Bidoof|accuracy|1\n|upkeep\n|turn|3\n|c|\u2606MinecraftUprising|he is dumb\n|\n|t:|1665782943\n|move|p1a: Bidoof|Thunder Wave|p2a: Aegislash\n|-status|p2a: Aegislash|par\n|cant|p2a: Aegislash|par\n|\n|-ability|p1a: Bidoof|Moody|boost\n|-boost|p1a: Bidoof|atk|2\n|-unboost|p1a: Bidoof|spa|1\n|upkeep\n|turn|4\n|c|\u2606MinecraftUprising|i should add defog to that crobat\n|\n|t:|1665782955\n|switch|p2a: Miltank|Miltank, F|100\/100\n|-damage|p2a: Miltank|88\/100|[from] Stealth Rock\n|move|p1a: Bidoof|Protect||[still]\n|-fail|p1a: Bidoof\n|\n|-heal|p2a: Miltank|94\/100|[from] item: Leftovers\n|-ability|p1a: Bidoof|Moody|boost\n|-boost|p1a: Bidoof|spe|2\n|-unboost|p1a: Bidoof|evasion|1\n|upkeep\n|turn|5\n|c|\u2606MinecraftUprising|sure\n|c|\u2606MinecraftUprising|Clicking\n|\n|t:|1665782967\n|move|p1a: Bidoof|Thunder Wave|p2a: Miltank|[miss]\n|-miss|p1a: Bidoof|p2a: Miltank\n|move|p2a: Miltank|Heal Bell|p2a: Miltank\n|-activate|p2a: Miltank|move: Heal Bell\n|-curestatus|p2: Aegislash|par|[msg]\n|-curestatus|p2: Toxapex|par|[msg]\n|\n|-heal|p2a: Miltank|99\/100|[from] item: Leftovers\n|-ability|p1a: Bidoof|Moody|boost\n|-boost|p1a: Bidoof|atk|2\n|-unboost|p1a: Bidoof|spd|1\n|upkeep\n|turn|6\n|\n|t:|1665782979\n|move|p1a: Bidoof|Crunch|p2a: Miltank\n|-damage|p2a: Miltank|73\/100\n|move|p2a: Miltank|Toxic|p1a: Bidoof\n|-status|p1a: Bidoof|tox\n|\n|-heal|p2a: Miltank|79\/100|[from] item: Leftovers\n|-damage|p1a: Bidoof|94\/100 tox|[from] psn\n|-ability|p1a: Bidoof|Moody|boost\n|-boost|p1a: Bidoof|def|2\n|-unboost|p1a: Bidoof|spe|1\n|upkeep\n|turn|7\n|\n|t:|1665782991\n|move|p2a: Miltank|Protect|p2a: Miltank\n|-singleturn|p2a: Miltank|Protect\n|move|p1a: Bidoof|Crunch|p2a: Miltank\n|-activate|p2a: Miltank|move: Protect\n|\n|-heal|p2a: Miltank|85\/100|[from] item: Leftovers\n|-damage|p1a: Bidoof|82\/100 tox|[from] psn\n|-ability|p1a: Bidoof|Moody|boost\n|-boost|p1a: Bidoof|evasion|2\n|-unboost|p1a: Bidoof|def|1\n|upkeep\n|turn|8\n|\n|t:|1665783002\n|move|p1a: Bidoof|Crunch|p2a: Miltank|[miss]\n|-miss|p1a: Bidoof|p2a: Miltank\n|move|p2a: Miltank|Milk Drink|p2a: Miltank\n|-heal|p2a: Miltank|100\/100\n|\n|-damage|p1a: Bidoof|63\/100 tox|[from] psn\n|-ability|p1a: Bidoof|Moody|boost\n|-boost|p1a: Bidoof|evasion|2\n|-unboost|p1a: Bidoof|spa|1\n|upkeep\n|turn|9\n|\n|t:|1665783014\n|move|p2a: Miltank|Protect|p2a: Miltank\n|-singleturn|p2a: Miltank|Protect\n|move|p1a: Bidoof|Crunch|p2a: Miltank\n|-activate|p2a: Miltank|move: Protect\n|\n|-damage|p1a: Bidoof|38\/100 tox|[from] psn\n|-ability|p1a: Bidoof|Moody|boost\n|-boost|p1a: Bidoof|spe|2\n|-unboost|p1a: Bidoof|spd|1\n|upkeep\n|turn|10\n|\n|t:|1665783024\n|move|p1a: Bidoof|Crunch|p2a: Miltank\n|-damage|p2a: Miltank|73\/100\n|-unboost|p2a: Miltank|def|1\n|move|p2a: Miltank|Milk Drink|p2a: Miltank\n|-heal|p2a: Miltank|100\/100\n|\n|-damage|p1a: Bidoof|7\/100 tox|[from] psn\n|-ability|p1a: Bidoof|Moody|boost\n|-boost|p1a: Bidoof|evasion|2\n|-unboost|p1a: Bidoof|spe|1\n|upkeep\n|turn|11\n|\n|t:|1665783036\n|switch|p2a: Shuckle|Shuckle, M|100\/100\n|-damage|p2a: Shuckle|76\/100|[from] Stealth Rock\n|move|p1a: Bidoof|Crunch|p2a: Shuckle\n|-damage|p2a: Shuckle|42\/100\n|\n|-heal|p2a: Shuckle|48\/100|[from] item: Leftovers\n|-damage|p1a: Bidoof|0 fnt|[from] psn\n|faint|p1a: Bidoof\n|upkeep\n|\n|t:|1665783044\n|switch|p1a: Crobat|Crobat, F|100\/100\n|turn|12\n|\n|t:|1665783048\n|move|p1a: Crobat|Double Team|p1a: Crobat\n|-boost|p1a: Crobat|evasion|1\n|move|p2a: Shuckle|Infestation|p1a: Crobat|[miss]\n|-miss|p2a: Shuckle|p1a: Crobat\n|\n|-heal|p2a: Shuckle|54\/100|[from] item: Leftovers\n|upkeep\n|turn|13\n|\n|t:|1665783055\n|switch|p2a: Toxapex|Toxapex, M|100\/100\n|-damage|p2a: Toxapex|88\/100|[from] Stealth Rock\n|move|p1a: Crobat|Double Team|p1a: Crobat\n|-boost|p1a: Crobat|evasion|1\n|\n|-heal|p2a: Toxapex|94\/100|[from] item: Black Sludge\n|upkeep\n|turn|14\n|\n|t:|1665783063\n|move|p1a: Crobat|Fly||[still]\n|-prepare|p1a: Crobat|Fly\n|move|p2a: Toxapex|Haze|p2a: Toxapex\n|-clearallboost\n|\n|-heal|p2a: Toxapex|100\/100|[from] item: Black Sludge\n|upkeep\n|turn|15\n|\n|t:|1665783070\n|move|p2a: Toxapex|Baneful Bunker|p2a: Toxapex\n|-singleturn|p2a: Toxapex|move: Protect\n|move|p1a: Crobat|Fly|p2a: Toxapex|[from]lockedmove\n|-activate|p2a: Toxapex|move: Protect\n|\n|upkeep\n|turn|16\n|\n|t:|1665783076\n|switch|p2a: Sableye|Sableye, F|100\/100\n|-damage|p2a: Sableye|88\/100|[from] Stealth Rock\n|move|p1a: Crobat|Double Team|p1a: Crobat\n|-boost|p1a: Crobat|evasion|1\n|\n|-heal|p2a: Sableye|94\/100|[from] item: Leftovers\n|upkeep\n|turn|17\n|\n|t:|1665783083\n|move|p2a: Sableye|Will-O-Wisp|p1a: Crobat\n|-status|p1a: Crobat|brn\n|move|p1a: Crobat|Fly||[still]\n|-prepare|p1a: Crobat|Fly\n|\n|-heal|p2a: Sableye|100\/100|[from] item: Leftovers\n|-damage|p1a: Crobat|94\/100 brn|[from] brn\n|upkeep\n|turn|18\n|\n|t:|1665783091\n|move|p2a: Sableye|Protect|p2a: Sableye\n|-singleturn|p2a: Sableye|Protect\n|move|p1a: Crobat|Fly|p2a: Sableye|[from]lockedmove\n|-activate|p2a: Sableye|move: Protect\n|\n|-damage|p1a: Crobat|88\/100 brn|[from] brn\n|upkeep\n|turn|19\n|\n|t:|1665783107\n|switch|p2a: Shuckle|Shuckle, M|54\/100\n|-damage|p2a: Shuckle|29\/100|[from] Stealth Rock\n|move|p1a: Crobat|Cross Poison|p2a: Shuckle\n|-resisted|p2a: Shuckle\n|-damage|p2a: Shuckle|24\/100\n|\n|-heal|p2a: Shuckle|30\/100|[from] item: Leftovers\n|-damage|p1a: Crobat|82\/100 brn|[from] brn\n|upkeep\n|turn|20\n|\n|t:|1665783117\n|switch|p2a: Aegislash|Aegislash, M, shiny|100\/100\n|-damage|p2a: Aegislash|94\/100|[from] Stealth Rock\n|move|p1a: Crobat|Double Team|p1a: Crobat\n|-boost|p1a: Crobat|evasion|1\n|\n|-heal|p2a: Aegislash|100\/100|[from] item: Leftovers\n|-damage|p1a: Crobat|76\/100 brn|[from] brn\n|upkeep\n|turn|21\n|\n|t:|1665783130\n|move|p1a: Crobat|Fly||[still]\n|-prepare|p1a: Crobat|Fly\n|-formechange|p2a: Aegislash|Aegislash-Blade||[from] ability: Stance Change\n|move|p2a: Aegislash|Iron Head|p1a: Crobat|[miss]\n|-miss|p2a: Aegislash|p1a: Crobat\n|\n|-damage|p1a: Crobat|70\/100 brn|[from] brn\n|upkeep\n|turn|22\n|\n|t:|1665783138\n|-formechange|p2a: Aegislash|Aegislash||[from] ability: Stance Change\n|move|p2a: Aegislash|King's Shield|p2a: Aegislash\n|-singleturn|p2a: Aegislash|Protect\n|move|p1a: Crobat|Fly|p2a: Aegislash|[from]lockedmove\n|-activate|p2a: Aegislash|move: Protect\n|-unboost|p1a: Crobat|atk|2\n|\n|-damage|p1a: Crobat|64\/100 brn|[from] brn\n|upkeep\n|turn|23\n|\n|t:|1665783147\n|move|p1a: Crobat|Double Team|p1a: Crobat\n|-boost|p1a: Crobat|evasion|1\n|-formechange|p2a: Aegislash|Aegislash-Blade||[from] ability: Stance Change\n|move|p2a: Aegislash|Iron Head|p1a: Crobat|[miss]\n|-miss|p2a: Aegislash|p1a: Crobat\n|\n|-damage|p1a: Crobat|57\/100 brn|[from] brn\n|upkeep\n|turn|24\n|\n|t:|1665783159\n|move|p1a: Crobat|Roost|p1a: Crobat\n|-heal|p1a: Crobat|100\/100 brn\n|-singleturn|p1a: Crobat|move: Roost\n|move|p2a: Aegislash|Toxic|p1a: Crobat|[miss]\n|-miss|p2a: Aegislash|p1a: Crobat\n|\n|-damage|p1a: Crobat|94\/100 brn|[from] brn\n|upkeep\n|turn|25\n|\n|t:|1665783184\n|move|p1a: Crobat|Fly||[still]\n|-prepare|p1a: Crobat|Fly\n|move|p2a: Aegislash|Iron Head|p1a: Crobat|[miss]\n|-miss|p2a: Aegislash|p1a: Crobat\n|\n|-damage|p1a: Crobat|88\/100 brn|[from] brn\n|upkeep\n|turn|26\n|\n|t:|1665783190\n|-formechange|p2a: Aegislash|Aegislash||[from] ability: Stance Change\n|move|p2a: Aegislash|King's Shield|p2a: Aegislash\n|-singleturn|p2a: Aegislash|Protect\n|move|p1a: Crobat|Fly|p2a: Aegislash|[from]lockedmove\n|-activate|p2a: Aegislash|move: Protect\n|-unboost|p1a: Crobat|atk|2\n|\n|-damage|p1a: Crobat|82\/100 brn|[from] brn\n|upkeep\n|turn|27\n|\n|t:|1665783201\n|move|p1a: Crobat|Double Team|p1a: Crobat\n|-boost|p1a: Crobat|evasion|1\n|-formechange|p2a: Aegislash|Aegislash-Blade||[from] ability: Stance Change\n|move|p2a: Aegislash|Iron Head|p1a: Crobat\n|-damage|p1a: Crobat|39\/100 brn\n|\n|-damage|p1a: Crobat|33\/100 brn|[from] brn\n|upkeep\n|turn|28\n|\n|t:|1665783209\n|move|p1a: Crobat|Roost|p1a: Crobat\n|-heal|p1a: Crobat|83\/100 brn\n|-singleturn|p1a: Crobat|move: Roost\n|move|p2a: Aegislash|Iron Head|p1a: Crobat|[miss]\n|-miss|p2a: Aegislash|p1a: Crobat\n|\n|-damage|p1a: Crobat|77\/100 brn|[from] brn\n|upkeep\n|turn|29\n|\n|t:|1665783217\n|move|p1a: Crobat|Double Team|p1a: Crobat\n|-boost|p1a: Crobat|evasion|1\n|move|p2a: Aegislash|Iron Head|p1a: Crobat|[miss]\n|-miss|p2a: Aegislash|p1a: Crobat\n|\n|-damage|p1a: Crobat|71\/100 brn|[from] brn\n|upkeep\n|turn|30\n|\n|t:|1665783224\n|move|p1a: Crobat|Roost|p1a: Crobat\n|-heal|p1a: Crobat|100\/100 brn\n|-singleturn|p1a: Crobat|move: Roost\n|move|p2a: Aegislash|Iron Head|p1a: Crobat|[miss]\n|-miss|p2a: Aegislash|p1a: Crobat\n|\n|-damage|p1a: Crobat|94\/100 brn|[from] brn\n|upkeep\n|turn|31\n|\n|t:|1665783232\n|move|p1a: Crobat|Double Team|p1a: Crobat\n|-boost|p1a: Crobat|evasion|1\n|move|p2a: Aegislash|Iron Head|p1a: Crobat\n|-damage|p1a: Crobat|52\/100 brn\n|\n|-damage|p1a: Crobat|45\/100 brn|[from] brn\n|upkeep\n|turn|32\n|\n|t:|1665783239\n|move|p1a: Crobat|Roost|p1a: Crobat\n|-heal|p1a: Crobat|95\/100 brn\n|-singleturn|p1a: Crobat|move: Roost\n|move|p2a: Aegislash|Iron Head|p1a: Crobat|[miss]\n|-miss|p2a: Aegislash|p1a: Crobat\n|\n|-damage|p1a: Crobat|89\/100 brn|[from] brn\n|upkeep\n|turn|33\n|\n|t:|1665783248\n|move|p1a: Crobat|Fly||[still]\n|-prepare|p1a: Crobat|Fly\n|move|p2a: Aegislash|Iron Head|p1a: Crobat|[miss]\n|-miss|p2a: Aegislash|p1a: Crobat\n|\n|-damage|p1a: Crobat|83\/100 brn|[from] brn\n|upkeep\n|turn|34\n|\n|t:|1665783254\n|-formechange|p2a: Aegislash|Aegislash||[from] ability: Stance Change\n|move|p2a: Aegislash|King's Shield|p2a: Aegislash\n|-singleturn|p2a: Aegislash|Protect\n|move|p1a: Crobat|Fly|p2a: Aegislash|[from]lockedmove\n|-activate|p2a: Aegislash|move: Protect\n|-unboost|p1a: Crobat|atk|2\n|\n|-damage|p1a: Crobat|77\/100 brn|[from] brn\n|upkeep\n|turn|35\n|\n|t:|1665783265\n|switch|p2a: Shuckle|Shuckle, M|30\/100\n|-damage|p2a: Shuckle|5\/100|[from] Stealth Rock\n|move|p1a: Crobat|Roost|p1a: Crobat\n|-heal|p1a: Crobat|100\/100 brn\n|-singleturn|p1a: Crobat|move: Roost\n|\n|-heal|p2a: Shuckle|11\/100|[from] item: Leftovers\n|-damage|p1a: Crobat|94\/100 brn|[from] brn\n|upkeep\n|turn|36\n|\n|t:|1665783277\n|move|p1a: Crobat|Fly||[still]\n|-prepare|p1a: Crobat|Fly\n|move|p2a: Shuckle|Infestation|p1a: Crobat|[miss]\n|-miss|p2a: Shuckle|p1a: Crobat\n|\n|-heal|p2a: Shuckle|17\/100|[from] item: Leftovers\n|-damage|p1a: Crobat|88\/100 brn|[from] brn\n|upkeep\n|turn|37\n|\n|t:|1665783283\n|move|p2a: Shuckle|Protect|p2a: Shuckle\n|-singleturn|p2a: Shuckle|Protect\n|move|p1a: Crobat|Fly|p2a: Shuckle|[from]lockedmove\n|-activate|p2a: Shuckle|move: Protect\n|\n|-heal|p2a: Shuckle|23\/100|[from] item: Leftovers\n|-damage|p1a: Crobat|82\/100 brn|[from] brn\n|upkeep\n|turn|38\n|\n|t:|1665783292\n|move|p1a: Crobat|Cross Poison|p2a: Shuckle\n|-resisted|p2a: Shuckle\n|-damage|p2a: Shuckle|22\/100\n|move|p2a: Shuckle|Infestation|p1a: Crobat|[miss]\n|-miss|p2a: Shuckle|p1a: Crobat\n|\n|-heal|p2a: Shuckle|28\/100|[from] item: Leftovers\n|-damage|p1a: Crobat|76\/100 brn|[from] brn\n|upkeep\n|turn|39\n|\n|t:|1665783301\n|move|p1a: Crobat|Cross Poison|p2a: Shuckle\n|-resisted|p2a: Shuckle\n|-damage|p2a: Shuckle|27\/100\n|-status|p2a: Shuckle|psn\n|move|p2a: Shuckle|Infestation|p1a: Crobat|[miss]\n|-miss|p2a: Shuckle|p1a: Crobat\n|\n|-heal|p2a: Shuckle|33\/100 psn|[from] item: Leftovers\n|-damage|p2a: Shuckle|21\/100 psn|[from] psn\n|-damage|p1a: Crobat|70\/100 brn|[from] brn\n|upkeep\n|turn|40\n|\n|t:|1665783314\n|switch|p2a: Miltank|Miltank, F|100\/100\n|-damage|p2a: Miltank|88\/100|[from] Stealth Rock\n|move|p1a: Crobat|Fly||[still]\n|-prepare|p1a: Crobat|Fly\n|\n|-heal|p2a: Miltank|94\/100|[from] item: Leftovers\n|-damage|p1a: Crobat|64\/100 brn|[from] brn\n|upkeep\n|turn|41\n|\n|t:|1665783323\n|move|p1a: Crobat|Fly|p2a: Miltank|[from]lockedmove\n|-damage|p2a: Miltank|91\/100\n|move|p2a: Miltank|Heal Bell|p2a: Miltank\n|-activate|p2a: Miltank|move: Heal Bell\n|-curestatus|p2: Shuckle|psn|[msg]\n|\n|-heal|p2a: Miltank|97\/100|[from] item: Leftovers\n|-damage|p1a: Crobat|57\/100 brn|[from] brn\n|upkeep\n|turn|42\n|\n|t:|1665783339\n|switch|p2a: Aegislash|Aegislash, M, shiny|100\/100\n|-damage|p2a: Aegislash|94\/100|[from] Stealth Rock\n|move|p1a: Crobat|Roost|p1a: Crobat\n|-heal|p1a: Crobat|100\/100 brn\n|-singleturn|p1a: Crobat|move: Roost\n|\n|-heal|p2a: Aegislash|100\/100|[from] item: Leftovers\n|-damage|p1a: Crobat|94\/100 brn|[from] brn\n|upkeep\n|turn|43\n|c|\u2606MinecraftUprising|you are trash\n|c|\u260611eggyboi11|this my meme team\n|\n|t:|1665783363\n|move|p1a: Crobat|Fly||[still]\n|-prepare|p1a: Crobat|Fly\n|-formechange|p2a: Aegislash|Aegislash-Blade||[from] ability: Stance Change\n|move|p2a: Aegislash|Iron Head|p1a: Crobat|[miss]\n|-miss|p2a: Aegislash|p1a: Crobat\n|\n|-damage|p1a: Crobat|88\/100 brn|[from] brn\n|upkeep\n|turn|44\n|c|\u260611eggyboi11|also\n|c|\u260611eggyboi11|respect\n|c|\u2606MinecraftUprising|this is my ou team\n|c|\u260611eggyboi11|using god bidoof\n|inactive|11eggyboi11 has 120 seconds left.\n|\n|t:|1665783379\n|-formechange|p2a: Aegislash|Aegislash||[from] ability: Stance Change\n|move|p2a: Aegislash|King's Shield|p2a: Aegislash\n|-singleturn|p2a: Aegislash|Protect\n|move|p1a: Crobat|Fly|p2a: Aegislash|[from]lockedmove\n|-activate|p2a: Aegislash|move: Protect\n|-unboost|p1a: Crobat|atk|0\n|\n|-damage|p1a: Crobat|82\/100 brn|[from] brn\n|upkeep\n|turn|45\n|inactive|11eggyboi11 has 120 seconds left.\n|\n|t:|1665783396\n|move|p1a: Crobat|Fly||[still]\n|-prepare|p1a: Crobat|Fly\n|-formechange|p2a: Aegislash|Aegislash-Blade||[from] ability: Stance Change\n|move|p2a: Aegislash|Iron Head|p1a: Crobat|[miss]\n|-miss|p2a: Aegislash|p1a: Crobat\n|\n|-damage|p1a: Crobat|76\/100 brn|[from] brn\n|upkeep\n|turn|46\n|inactive|11eggyboi11 has 120 seconds left.\n|\n|t:|1665783404\n|-formechange|p2a: Aegislash|Aegislash||[from] ability: Stance Change\n|move|p2a: Aegislash|King's Shield|p2a: Aegislash\n|-singleturn|p2a: Aegislash|Protect\n|move|p1a: Crobat|Fly|p2a: Aegislash|[from]lockedmove\n|-activate|p2a: Aegislash|move: Protect\n|-unboost|p1a: Crobat|atk|0\n|\n|-damage|p1a: Crobat|70\/100 brn|[from] brn\n|upkeep\n|turn|47\n|inactive|11eggyboi11 has 120 seconds left.\n|\n|t:|1665783417\n|move|p1a: Crobat|Roost|p1a: Crobat\n|-heal|p1a: Crobat|100\/100 brn\n|-singleturn|p1a: Crobat|move: Roost\n|move|p2a: Aegislash|Destiny Bond|p2a: Aegislash\n|-singlemove|p2a: Aegislash|Destiny Bond\n|\n|-damage|p1a: Crobat|94\/100 brn|[from] brn\n|upkeep\n|turn|48\n|\n|t:|1665783425\n|move|p1a: Crobat|Double Team|p1a: Crobat\n|-boost|p1a: Crobat|evasion|0\n|move|p2a: Aegislash|Destiny Bond||[still]\n|-fail|p2a: Aegislash\n|\n|-damage|p1a: Crobat|88\/100 brn|[from] brn\n|upkeep\n|turn|49\n|\n|t:|1665783431\n|move|p1a: Crobat|Double Team|p1a: Crobat\n|-boost|p1a: Crobat|evasion|0\n|-formechange|p2a: Aegislash|Aegislash-Blade||[from] ability: Stance Change\n|move|p2a: Aegislash|Iron Head|p1a: Crobat\n|-damage|p1a: Crobat|46\/100 brn\n|\n|-damage|p1a: Crobat|40\/100 brn|[from] brn\n|upkeep\n|turn|50\n|\n|t:|1665783439\n|move|p1a: Crobat|Roost|p1a: Crobat\n|-heal|p1a: Crobat|90\/100 brn\n|-singleturn|p1a: Crobat|move: Roost\n|move|p2a: Aegislash|Iron Head|p1a: Crobat|[miss]\n|-miss|p2a: Aegislash|p1a: Crobat\n|\n|-damage|p1a: Crobat|83\/100 brn|[from] brn\n|upkeep\n|turn|51\n|\n|t:|1665783447\n|move|p1a: Crobat|Fly||[still]\n|-prepare|p1a: Crobat|Fly\n|move|p2a: Aegislash|Iron Head|p1a: Crobat|[miss]\n|-miss|p2a: Aegislash|p1a: Crobat\n|\n|-damage|p1a: Crobat|77\/100 brn|[from] brn\n|upkeep\n|turn|52\n|\n|t:|1665783454\n|move|p1a: Crobat|Fly|p2a: Aegislash|[from]lockedmove\n|-resisted|p2a: Aegislash\n|-damage|p2a: Aegislash|97\/100\n|move|p2a: Aegislash|Iron Head|p1a: Crobat|[miss]\n|-miss|p2a: Aegislash|p1a: Crobat\n|\n|-heal|p2a: Aegislash|100\/100|[from] item: Leftovers\n|-damage|p1a: Crobat|71\/100 brn|[from] brn\n|upkeep\n|turn|53\n|\n|t:|1665783468\n|move|p1a: Crobat|Roost|p1a: Crobat\n|-heal|p1a: Crobat|100\/100 brn\n|-singleturn|p1a: Crobat|move: Roost\n|move|p2a: Aegislash|Iron Head|p1a: Crobat|[miss]\n|-miss|p2a: Aegislash|p1a: Crobat\n|\n|-damage|p1a: Crobat|94\/100 brn|[from] brn\n|upkeep\n|turn|54\n|\n|t:|1665783481\n|-formechange|p2a: Aegislash|Aegislash||[from] ability: Stance Change\n|move|p2a: Aegislash|King's Shield|p2a: Aegislash\n|-singleturn|p2a: Aegislash|Protect\n|move|p1a: Crobat|Fly||[still]\n|-prepare|p1a: Crobat|Fly\n|\n|-damage|p1a: Crobat|88\/100 brn|[from] brn\n|upkeep\n|turn|55\n|\n|t:|1665783494\n|move|p1a: Crobat|Fly|p2a: Aegislash|[from]lockedmove\n|-resisted|p2a: Aegislash\n|-damage|p2a: Aegislash|99\/100\n|move|p2a: Aegislash|Toxic|p1a: Crobat|[miss]\n|-miss|p2a: Aegislash|p1a: Crobat\n|\n|-heal|p2a: Aegislash|100\/100|[from] item: Leftovers\n|-damage|p1a: Crobat|82\/100 brn|[from] brn\n|upkeep\n|turn|56\n|\n|t:|1665783505\n|move|p1a: Crobat|Roost|p1a: Crobat\n|-heal|p1a: Crobat|100\/100 brn\n|-singleturn|p1a: Crobat|move: Roost\n|-formechange|p2a: Aegislash|Aegislash-Blade||[from] ability: Stance Change\n|move|p2a: Aegislash|Iron Head|p1a: Crobat\n|-damage|p1a: Crobat|57\/100 brn\n|\n|-damage|p1a: Crobat|51\/100 brn|[from] brn\n|upkeep\n|turn|57\n|\n|t:|1665783528\n|move|p1a: Crobat|Roost|p1a: Crobat\n|-heal|p1a: Crobat|100\/100 brn\n|-singleturn|p1a: Crobat|move: Roost\n|move|p2a: Aegislash|Iron Head|p1a: Crobat|[miss]\n|-miss|p2a: Aegislash|p1a: Crobat\n|\n|-damage|p1a: Crobat|94\/100 brn|[from] brn\n|upkeep\n|turn|58\n|\n|t:|1665783538\n|move|p1a: Crobat|Fly||[still]\n|-prepare|p1a: Crobat|Fly\n|move|p2a: Aegislash|Destiny Bond|p2a: Aegislash\n|-singlemove|p2a: Aegislash|Destiny Bond\n|\n|-damage|p1a: Crobat|88\/100 brn|[from] brn\n|upkeep\n|turn|59\n|\n|t:|1665783544\n|move|p1a: Crobat|Fly|p2a: Aegislash|[from]lockedmove\n|-resisted|p2a: Aegislash\n|-damage|p2a: Aegislash|97\/100\n|move|p2a: Aegislash|Iron Head|p1a: Crobat\n|-damage|p1a: Crobat|48\/100 brn\n|\n|-heal|p2a: Aegislash|100\/100|[from] item: Leftovers\n|-damage|p1a: Crobat|42\/100 brn|[from] brn\n|upkeep\n|turn|60\n|\n|t:|1665783554\n|move|p1a: Crobat|Roost|p1a: Crobat\n|-heal|p1a: Crobat|92\/100 brn\n|-singleturn|p1a: Crobat|move: Roost\n|move|p2a: Aegislash|Destiny Bond|p2a: Aegislash\n|-singlemove|p2a: Aegislash|Destiny Bond\n|\n|-damage|p1a: Crobat|86\/100 brn|[from] brn\n|upkeep\n|turn|61\n|\n|t:|1665783565\n|move|p1a: Crobat|Fly||[still]\n|-prepare|p1a: Crobat|Fly\n|move|p2a: Aegislash|Iron Head|p1a: Crobat|[miss]\n|-miss|p2a: Aegislash|p1a: Crobat\n|\n|-damage|p1a: Crobat|80\/100 brn|[from] brn\n|upkeep\n|turn|62\n|\n|t:|1665783570\n|move|p1a: Crobat|Fly|p2a: Aegislash|[from]lockedmove\n|-resisted|p2a: Aegislash\n|-damage|p2a: Aegislash|97\/100\n|move|p2a: Aegislash|Iron Head|p1a: Crobat|[miss]\n|-miss|p2a: Aegislash|p1a: Crobat\n|\n|-heal|p2a: Aegislash|100\/100|[from] item: Leftovers\n|-damage|p1a: Crobat|73\/100 brn|[from] brn\n|upkeep\n|turn|63\n|\n|t:|1665783590\n|switch|p2a: Toxapex|Toxapex, M|100\/100\n|-damage|p2a: Toxapex|88\/100|[from] Stealth Rock\n|move|p1a: Crobat|Roost|p1a: Crobat\n|-heal|p1a: Crobat|100\/100 brn\n|-singleturn|p1a: Crobat|move: Roost\n|\n|-heal|p2a: Toxapex|94\/100|[from] item: Black Sludge\n|-damage|p1a: Crobat|94\/100 brn|[from] brn\n|upkeep\n|turn|64\n|\n|t:|1665783602\n|move|p1a: Crobat|Fly||[still]\n|-prepare|p1a: Crobat|Fly\n|move|p2a: Toxapex|Toxic Spikes|p1a: Crobat\n|-sidestart|p1: MinecraftUprising|move: Toxic Spikes\n|\n|-heal|p2a: Toxapex|100\/100|[from] item: Black Sludge\n|-damage|p1a: Crobat|88\/100 brn|[from] brn\n|upkeep\n|turn|65\n|c|\u2606MinecraftUprising|those spikes do nothing\n|\n|t:|1665783616\n|move|p2a: Toxapex|Baneful Bunker|p2a: Toxapex\n|-singleturn|p2a: Toxapex|move: Protect\n|move|p1a: Crobat|Fly|p2a: Toxapex|[from]lockedmove\n|-activate|p2a: Toxapex|move: Protect\n|\n|-damage|p1a: Crobat|82\/100 brn|[from] brn\n|upkeep\n|turn|66\n|c|\u2606MinecraftUprising|i have rest\n|c|\u260611eggyboi11|they poison two bidoofs\n|c|\u2606MinecraftUprising|dawg\n|inactive|11eggyboi11 has 120 seconds left.\n|c|\u2606MinecraftUprising|i have rest\n|c|\u260611eggyboi11|so i dont need to waste a turn poisoning u\n|c|\u2606MinecraftUprising|BRO\n|c|\u260611eggyboi11|I HEARD\n|c|\u2606MinecraftUprising|I HAVE REST\n|c|\u2606MinecraftUprising|obviously not\n|c|\u2606MinecraftUprising|ur braindead\n|c|\u260611eggyboi11|WHAT ELSE U WANT ME TO DO\n|c|\u260611eggyboi11|A BACKFLIP\n|c|\u260611eggyboi11|U HAVE REST\n|c|\u260611eggyboi11|I HAVE TOXIC\n|inactive|11eggyboi11 has 90 seconds left.\n|c|\u260611eggyboi11|MY MAIN PLAN\n|c|\u260611eggyboi11|TOXIC\n|c|\u260611eggyboi11|REST COUNTERS THAT\n|c|\u260611eggyboi11|BUT AT LEAST IM USING SOMETHING\n|\n|t:|1665783688\n|move|p2a: Toxapex|Baneful Bunker||[still]\n|-fail|p2a: Toxapex\n|move|p1a: Crobat|Fly||[still]\n|-prepare|p1a: Crobat|Fly\n|\n|-damage|p1a: Crobat|76\/100 brn|[from] brn\n|upkeep\n|turn|67\n|c|\u260611eggyboi11|HOLY\n|\n|t:|1665783695\n|move|p2a: Toxapex|Baneful Bunker|p2a: Toxapex\n|-singleturn|p2a: Toxapex|move: Protect\n|move|p1a: Crobat|Fly|p2a: Toxapex|[from]lockedmove\n|-activate|p2a: Toxapex|move: Protect\n|\n|-damage|p1a: Crobat|70\/100 brn|[from] brn\n|upkeep\n|turn|68\n|\n|t:|1665783704\n|move|p1a: Crobat|Double Team|p1a: Crobat\n|-boost|p1a: Crobat|evasion|0\n|move|p2a: Toxapex|Recover||[still]\n|-fail|p2a: Toxapex|heal\n|\n|-damage|p1a: Crobat|64\/100 brn|[from] brn\n|upkeep\n|turn|69\n|inactive|11eggyboi11 has 90 seconds left.\n|\n|t:|1665783729\n|switch|p2a: Aegislash|Aegislash, M, shiny|100\/100\n|-damage|p2a: Aegislash|94\/100|[from] Stealth Rock\n|move|p1a: Crobat|Fly||[still]\n|-prepare|p1a: Crobat|Fly\n|\n|-heal|p2a: Aegislash|100\/100|[from] item: Leftovers\n|-damage|p1a: Crobat|57\/100 brn|[from] brn\n|upkeep\n|turn|70\n|\n|t:|1665783741\n|switch|p2a: Toxapex|Toxapex, M|100\/100\n|-damage|p2a: Toxapex|88\/100|[from] Stealth Rock\n|move|p1a: Crobat|Fly|p2a: Toxapex|[from]lockedmove\n|-damage|p2a: Toxapex|84\/100\n|\n|-heal|p2a: Toxapex|91\/100|[from] item: Black Sludge\n|-damage|p1a: Crobat|51\/100 brn|[from] brn\n|upkeep\n|turn|71\n|c|\u2606MinecraftUprising|insane switch\n|inactive|11eggyboi11 has 60 seconds left.\n|c|\u260611eggyboi11|I accidentally switched\n|\n|t:|1665783767\n|move|p2a: Toxapex|Baneful Bunker|p2a: Toxapex\n|-singleturn|p2a: Toxapex|move: Protect\n|move|p1a: Crobat|Roost|p1a: Crobat\n|-heal|p1a: Crobat|100\/100 brn\n|-singleturn|p1a: Crobat|move: Roost\n|\n|-heal|p2a: Toxapex|97\/100|[from] item: Black Sludge\n|-damage|p1a: Crobat|94\/100 brn|[from] brn\n|upkeep\n|turn|72\n|c|\u2606MinecraftUprising|u were accidentally born\n|inactive|11eggyboi11 has 60 seconds left.\n|\n|t:|1665783780\n|move|p1a: Crobat|Fly||[still]\n|-prepare|p1a: Crobat|Fly\n|move|p2a: Toxapex|Recover|p2a: Toxapex\n|-heal|p2a: Toxapex|100\/100\n|\n|-damage|p1a: Crobat|88\/100 brn|[from] brn\n|upkeep\n|turn|73\n|inactive|11eggyboi11 has 60 seconds left.\n|c|\u260611eggyboi11|is this coming from someone named mincraft uprising\n|\n|t:|1665783792\n|move|p2a: Toxapex|Baneful Bunker|p2a: Toxapex\n|-singleturn|p2a: Toxapex|move: Protect\n|move|p1a: Crobat|Fly|p2a: Toxapex|[from]lockedmove\n|-activate|p2a: Toxapex|move: Protect\n|\n|-damage|p1a: Crobat|82\/100 brn|[from] brn\n|upkeep\n|turn|74\n|inactive|11eggyboi11 has 60 seconds left.\n|c|\u260611eggyboi11|i bet your name is timmothy\n|c|\u260611eggyboi11|gregory\n|c|\u260611eggyboi11|bob\n|c|\u260611eggyboi11|jefree\n|c|\u260611eggyboi11|hunter\n|c|\u2606MinecraftUprising|how old are you\n|c|\u260611eggyboi11|billy\n|c|\u2606MinecraftUprising|you sound 1\n|\n|t:|1665783813\n|move|p1a: Crobat|Fly||[still]\n|-prepare|p1a: Crobat|Fly\n|move|p2a: Toxapex|Recover||[still]\n|-fail|p2a: Toxapex|heal\n|\n|-damage|p1a: Crobat|76\/100 brn|[from] brn\n|upkeep\n|turn|75\n|c|\u260611eggyboi11|wow great insult\n|\n|t:|1665783831\n|move|p2a: Toxapex|Baneful Bunker|p2a: Toxapex\n|-singleturn|p2a: Toxapex|move: Protect\n|move|p1a: Crobat|Fly|p2a: Toxapex|[from]lockedmove\n|-activate|p2a: Toxapex|move: Protect\n|\n|-damage|p1a: Crobat|70\/100 brn|[from] brn\n|upkeep\n|turn|76\n|c|\u260611eggyboi11|you sound like someone who sweats at fortnite\n|inactive|11eggyboi11 has 30 seconds left.\n|\n|t:|1665783851\n|switch|p2a: Aegislash|Aegislash, M, shiny|100\/100\n|-damage|p2a: Aegislash|94\/100|[from] Stealth Rock\n|move|p1a: Crobat|Fly||[still]\n|-prepare|p1a: Crobat|Fly\n|\n|-heal|p2a: Aegislash|100\/100|[from] item: Leftovers\n|-damage|p1a: Crobat|64\/100 brn|[from] brn\n|upkeep\n|turn|77\n|c|\u2606MinecraftUprising|i would box you you\n|inactive|11eggyboi11 has 30 seconds left.\n|c|\u260611eggyboi11|id flip ur kneecaps backwards\n|inactive|11eggyboi11 has 20 seconds left.\n|\n|t:|1665783871\n|switch|p2a: Toxapex|Toxapex, M|100\/100\n|-damage|p2a: Toxapex|88\/100|[from] Stealth Rock\n|move|p1a: Crobat|Fly|p2a: Toxapex|[from]lockedmove\n|-damage|p2a: Toxapex|84\/100\n|\n|-heal|p2a: Toxapex|91\/100|[from] item: Black Sludge\n|-damage|p1a: Crobat|57\/100 brn|[from] brn\n|upkeep\n|turn|78\n|inactive|11eggyboi11 has 30 seconds left this turn.\n|inactive|11eggyboi11 has 20 seconds left.\n|\n|t:|1665783883\n|move|p2a: Toxapex|Baneful Bunker|p2a: Toxapex\n|-singleturn|p2a: Toxapex|move: Protect\n|move|p1a: Crobat|Roost|p1a: Crobat\n|-heal|p1a: Crobat|100\/100 brn\n|-singleturn|p1a: Crobat|move: Roost\n|\n|-heal|p2a: Toxapex|97\/100|[from] item: Black Sludge\n|-damage|p1a: Crobat|94\/100 brn|[from] brn\n|upkeep\n|turn|79\n|inactive|11eggyboi11 has 30 seconds left this turn.\n|inactive|11eggyboi11 has 20 seconds left.\n|\n|t:|1665783897\n|move|p1a: Crobat|Fly||[still]\n|-prepare|p1a: Crobat|Fly\n|move|p2a: Toxapex|Recover|p2a: Toxapex\n|-heal|p2a: Toxapex|100\/100\n|\n|-damage|p1a: Crobat|88\/100 brn|[from] brn\n|upkeep\n|turn|80\n|inactive|11eggyboi11 has 30 seconds left this turn.\n|\n|t:|1665783904\n|move|p2a: Toxapex|Baneful Bunker|p2a: Toxapex\n|-singleturn|p2a: Toxapex|move: Protect\n|move|p1a: Crobat|Fly|p2a: Toxapex|[from]lockedmove\n|-activate|p2a: Toxapex|move: Protect\n|\n|-damage|p1a: Crobat|82\/100 brn|[from] brn\n|upkeep\n|turn|81\n|inactive|11eggyboi11 has 30 seconds left.\n|inactive|11eggyboi11 has 20 seconds left.\n|c|\u260611eggyboi11|81 turns lol\n|inactive|11eggyboi11 has 15 seconds left.\n|\n|t:|1665783924\n|move|p1a: Crobat|Fly||[still]\n|-prepare|p1a: Crobat|Fly\n|move|p2a: Toxapex|Recover||[still]\n|-fail|p2a: Toxapex|heal\n|\n|-damage|p1a: Crobat|76\/100 brn|[from] brn\n|upkeep\n|turn|82\n|inactive|11eggyboi11 has 25 seconds left this turn.\n|inactive|11eggyboi11 has 20 seconds left.\n|c|\u260611eggyboi11|and only one pokemon ded\n|c|\u260611eggyboi11|thats crazy\n|inactive|11eggyboi11 has 15 seconds left.\n|\n|t:|1665783936\n|move|p2a: Toxapex|Baneful Bunker|p2a: Toxapex\n|-singleturn|p2a: Toxapex|move: Protect\n|move|p1a: Crobat|Fly|p2a: Toxapex|[from]lockedmove\n|-activate|p2a: Toxapex|move: Protect\n|\n|-damage|p1a: Crobat|70\/100 brn|[from] brn\n|upkeep\n|turn|83\n|inactive|11eggyboi11 has 25 seconds left this turn.\n|inactive|11eggyboi11 has 20 seconds left.\n|c|\u2606MinecraftUprising|do you even have a life?\n|c|\u2606MinecraftUprising|playing this long\n|\n|t:|1665783950\n|switch|p2a: Aegislash|Aegislash, M, shiny|100\/100\n|-damage|p2a: Aegislash|94\/100|[from] Stealth Rock\n|move|p1a: Crobat|Fly||[still]\n|-prepare|p1a: Crobat|Fly\n|\n|-heal|p2a: Aegislash|100\/100|[from] item: Leftovers\n|-damage|p1a: Crobat|64\/100 brn|[from] brn\n|upkeep\n|turn|84\n|inactive|11eggyboi11 has 30 seconds left this turn.\n|c|\u260611eggyboi11|ur doing the exact same thing\n|inactive|11eggyboi11 has 20 seconds left.\n|c|\u2606MinecraftUprising|no im not\n|inactive|11eggyboi11 has 15 seconds left.\n|c|\u2606MinecraftUprising|im getting head while playing\n|inactive|11eggyboi11 has 10 seconds left.\n|inactive|11eggyboi11 has 5 seconds left.\n|c|\u260611eggyboi11|hypocrite\n|-message|11eggyboi11 lost due to inactivity.\n|\n|win|MinecraftUprising\n|raw|MinecraftUprising's rating: 1041 &rarr; <strong>1088<\/strong><br \/>(+47 for winning)\n|raw|11eggyboi11's rating: 1181 &rarr; <strong>1146<\/strong><br \/>(-35 for losing)\n|c|\u260611eggyboi11|gg\n|c|\u260611eggyboi11|didnt want u to rage anymore\n|c|\u260611eggyboi11|no offence\n|c|\u260611eggyboi11|AYOOOOOOOOO\n|c|\u260611eggyboi11|A CHILD\n|c|\u260611eggyboi11|WHY U THINKING ABOUT THAT AS A KID\n|c|\u260611eggyboi11|MIGHTY SUSPICIOUS\n||Ladder isn't responding, score probably updated but might not have (Request timeout).\n|c|\u260611eggyboi11|plus\n|c|\u260611eggyboi11|it's the weekend\n|c|\u260611eggyboi11|i dont wanna ruin it for u\n|c|\u260611eggyboi11|even if u are kinda toxic (no offence)\n|l|\u260611eggyboi11\n","uploadtime":1665784214,"views":4,"p1id":"minecraftuprising","p2id":"11eggyboi11","formatid":"gen7anythinggoes","rating":1088,"private":0,"password":null}