{"id":"gen7ou-847921410","p1":"mickeyb2","p2":"uuuuiiii","format":"gen7ou","log":"|j|\u2606mickeyb2\n|j|\u2606uuuuiiii\n|player|p1|mickeyb2|265\n|player|p2|uuuuiiii|169\n|teamsize|p1|6\n|teamsize|p2|6\n|gametype|singles\n|gen|7\n|tier|[Gen 7] OU\n|rated|\n|rule|Sleep Clause Mod: Limit one foe put to sleep\n|rule|Species Clause: Limit one of each Pok\u00e9mon\n|rule|OHKO Clause: OHKO moves are banned\n|rule|Moody Clause: Moody is banned\n|rule|Evasion Moves Clause: Evasion moves are banned\n|rule|Endless Battle Clause: Forcing endless battles is banned\n|rule|HP Percentage Mod: HP is shown in percentages\n|clearpoke\n|poke|p1|Gyarados, F|item\n|poke|p1|Arcanine, M|item\n|poke|p1|Tentacruel, F|item\n|poke|p1|Reuniclus, M|item\n|poke|p1|Malamar, M|item\n|poke|p1|Electivire, F|item\n|poke|p2|Landorus-Therian, M|item\n|poke|p2|Amoonguss, M|item\n|poke|p2|Charizard, M|item\n|poke|p2|Klefki, M|item\n|poke|p2|Greninja, M|item\n|poke|p2|Conkeldurr, M|item\n|teampreview\n|j| Rampagewebber\n|\n|start\n|switch|p1a: Electivire|Electivire, F|100\/100\n|switch|p2a: Greninja|Greninja, M|100\/100\n|-item|p1a: Electivire|Air Balloon\n|turn|1\n|j| Goon Moon\n|\n|move|p2a: Greninja|U-turn|p1a: Electivire\n|-start|p2a: Greninja|typechange|Bug|[from] Protean\n|-damage|p1a: Electivire|47\/100\n|-enditem|p1a: Electivire|Air Balloon\n|\n|switch|p2a: Amoonguss|Amoonguss, M|100\/100\n|move|p1a: Electivire|Ice Punch|p2a: Amoonguss\n|-supereffective|p2a: Amoonguss\n|-damage|p2a: Amoonguss|48\/100\n|\n|upkeep\n|turn|2\n|\n|switch|p2a: Klefki|Klefki, M, shiny|100\/100\n|move|p1a: Electivire|Ice Punch|p2a: Klefki\n|-resisted|p2a: Klefki\n|-damage|p2a: Klefki|89\/100\n|\n|upkeep\n|turn|3\n|\n|switch|p2a: Landorus|Landorus-Therian, M|100\/100\n|-ability|p2a: Landorus|Intimidate|boost\n|-unboost|p1a: Electivire|atk|1\n|move|p1a: Electivire|Flamethrower|p2a: Landorus\n|-damage|p2a: Landorus|75\/100\n|\n|upkeep\n|turn|4\n|\n|switch|p2a: Charizard|Charizard, M|100\/100\n|move|p1a: Electivire|Ice Punch|p2a: Charizard\n|-damage|p2a: Charizard|73\/100\n|\n|upkeep\n|turn|5\n|\n|switch|p1a: Arcanine|Arcanine, M|100\/100\n|-ability|p1a: Arcanine|Intimidate|boost\n|-unboost|p2a: Charizard|atk|1\n|detailschange|p2a: Charizard|Charizard-Mega-Y, M\n|-mega|p2a: Charizard|Charizard|Charizardite Y\n|-weather|SunnyDay|[from] ability: Drought|[of] p2a: Charizard\n|move|p2a: Charizard|Solar Beam||[still]\n|-prepare|p2a: Charizard|Solar Beam|p1a: Arcanine\n|-anim|p2a: Charizard|Solar Beam|p1a: Arcanine\n|-resisted|p1a: Arcanine\n|-damage|p1a: Arcanine|81\/100\n|\n|-weather|SunnyDay|[upkeep]\n|upkeep\n|turn|6\n|\n|move|p2a: Charizard|Roost|p2a: Charizard\n|-heal|p2a: Charizard|100\/100\n|move|p1a: Arcanine|Flare Blitz|p2a: Charizard\n|-resisted|p2a: Charizard\n|-damage|p2a: Charizard|40\/100\n|-damage|p1a: Arcanine|64\/100|[from] Recoil\n|\n|-weather|SunnyDay|[upkeep]\n|upkeep\n|turn|7\n|\n|move|p1a: Arcanine|Extreme Speed|p2a: Charizard\n|-damage|p2a: Charizard|2\/100\n|move|p2a: Charizard|Focus Blast|p1a: Arcanine\n|-damage|p1a: Arcanine|25\/100\n|\n|-weather|SunnyDay|[upkeep]\n|upkeep\n|turn|8\n|\n|switch|p2a: Conkeldurr|Conkeldurr, M|100\/100\n|move|p1a: Arcanine|Extreme Speed|p2a: Conkeldurr\n|-damage|p2a: Conkeldurr|77\/100\n|\n|-weather|SunnyDay|[upkeep]\n|upkeep\n|turn|9\n|\n|move|p2a: Conkeldurr|Mach Punch|p1a: Arcanine\n|-damage|p1a: Arcanine|0 fnt\n|faint|p1a: Arcanine\n|\n|-weather|none\n|upkeep\n|\n|switch|p1a: Tentacruel|Tentacruel, F|100\/100\n|-item|p1a: Tentacruel|Air Balloon\n|turn|10\n|\n|move|p1a: Tentacruel|Scald|p2a: Conkeldurr\n|-damage|p2a: Conkeldurr|52\/100\n|move|p2a: Conkeldurr|Knock Off|p1a: Tentacruel\n|-damage|p1a: Tentacruel|58\/100\n|-enditem|p1a: Tentacruel|Air Balloon\n|\n|upkeep\n|turn|11\n|\n|move|p1a: Tentacruel|Scald|p2a: Conkeldurr\n|-damage|p2a: Conkeldurr|23\/100\n|move|p2a: Conkeldurr|Earthquake|p1a: Tentacruel\n|-supereffective|p1a: Tentacruel\n|-damage|p1a: Tentacruel|0 fnt\n|faint|p1a: Tentacruel\n|\n|upkeep\n|\n|switch|p1a: Gyarados|Gyarados, F|100\/100\n|-ability|p1a: Gyarados|Intimidate|boost\n|-unboost|p2a: Conkeldurr|atk|1\n|turn|12\n|\n|switch|p1a: Electivire|Electivire, F|47\/100\n|switch|p2a: Charizard|Charizard-Mega-Y, M|2\/100\n|-weather|SunnyDay|[from] ability: Drought|[of] p2a: Charizard\n|\n|-weather|SunnyDay|[upkeep]\n|upkeep\n|turn|13\n|\n|move|p2a: Charizard|Solar Beam||[still]\n|-prepare|p2a: Charizard|Solar Beam|p1a: Electivire\n|-anim|p2a: Charizard|Solar Beam|p1a: Electivire\n|-damage|p1a: Electivire|0 fnt\n|faint|p1a: Electivire\n|\n|-weather|SunnyDay|[upkeep]\n|upkeep\n|\n|switch|p1a: Reuniclus|Reuniclus, M|100\/100\n|turn|14\n|\n|move|p2a: Charizard|Fire Blast|p1a: Reuniclus|[miss]\n|-miss|p2a: Charizard|p1a: Reuniclus\n|move|p1a: Reuniclus|Trick Room|p1a: Reuniclus\n|-fieldstart|move: Trick Room|[of] p1a: Reuniclus\n|\n|-weather|SunnyDay|[upkeep]\n|upkeep\n|turn|15\n|\n|switch|p2a: Klefki|Klefki, M, shiny|89\/100\n|move|p1a: Reuniclus|Hidden Power|p2a: Klefki\n|-resisted|p2a: Klefki\n|-damage|p2a: Klefki|76\/100\n|\n|-weather|SunnyDay|[upkeep]\n|upkeep\n|turn|16\n|\n|move|p2a: Klefki|Switcheroo|p1a: Reuniclus\n|-activate|p2a: Klefki|move: Trick|[of] p1a: Reuniclus\n|-item|p1a: Reuniclus|Lagging Tail|[from] move: Switcheroo\n|-item|p2a: Klefki|Focus Sash|[from] move: Switcheroo\n|move|p1a: Reuniclus|Psychic|p2a: Klefki\n|-resisted|p2a: Klefki\n|-damage|p2a: Klefki|45\/100\n|\n|-weather|none\n|upkeep\n|turn|17\n|\n|switch|p2a: Landorus|Landorus-Therian, M|75\/100\n|-ability|p2a: Landorus|Intimidate|boost\n|-unboost|p1a: Reuniclus|atk|1\n|move|p1a: Reuniclus|Psychic|p2a: Landorus\n|-damage|p2a: Landorus|9\/100\n|\n|upkeep\n|turn|18\n|\n|-zpower|p2a: Landorus\n|move|p2a: Landorus|Continental Crush|p1a: Reuniclus|[zeffect]\n|-damage|p1a: Reuniclus|45\/100\n|move|p1a: Reuniclus|Energy Ball|p2a: Landorus\n|-damage|p2a: Landorus|0 fnt\n|faint|p2a: Landorus\n|\n|-fieldend|move: Trick Room\n|upkeep\n|\n|switch|p2a: Greninja|Greninja, M|100\/100\n|turn|19\n|\n|move|p2a: Greninja|U-turn|p1a: Reuniclus\n|-start|p2a: Greninja|typechange|Bug|[from] Protean\n|-supereffective|p1a: Reuniclus\n|-damage|p1a: Reuniclus|0 fnt\n|faint|p1a: Reuniclus\n|\n|switch|p2a: Charizard|Charizard-Mega-Y, M|2\/100\n|-weather|SunnyDay|[from] ability: Drought|[of] p2a: Charizard\n|\n|-weather|SunnyDay|[upkeep]\n|upkeep\n|\n|switch|p1a: Gyarados|Gyarados, F|100\/100\n|-ability|p1a: Gyarados|Intimidate|boost\n|-unboost|p2a: Charizard|atk|1\n|turn|20\n|\n|move|p2a: Charizard|Solar Beam||[still]\n|-prepare|p2a: Charizard|Solar Beam|p1a: Gyarados\n|-anim|p2a: Charizard|Solar Beam|p1a: Gyarados\n|-crit|p1a: Gyarados\n|-damage|p1a: Gyarados|37\/100\n|move|p1a: Gyarados|Dragon Dance|p1a: Gyarados\n|-boost|p1a: Gyarados|atk|1\n|-boost|p1a: Gyarados|spe|1\n|\n|-weather|SunnyDay|[upkeep]\n|upkeep\n|turn|21\n|\n|move|p1a: Gyarados|Waterfall|p2a: Charizard\n|-supereffective|p2a: Charizard\n|-damage|p2a: Charizard|0 fnt\n|faint|p2a: Charizard\n|\n|-weather|SunnyDay|[upkeep]\n|upkeep\n|\n|switch|p2a: Klefki|Klefki, M, shiny|45\/100\n|turn|22\n|\n|detailschange|p1a: Gyarados|Gyarados-Mega, F\n|-mega|p1a: Gyarados|Gyarados|Gyaradosite\n|-ability|p1a: Gyarados|Mold Breaker\n|move|p1a: Gyarados|Dragon Dance|p1a: Gyarados\n|-boost|p1a: Gyarados|atk|1\n|-boost|p1a: Gyarados|spe|1\n|move|p2a: Klefki|Play Rough|p1a: Gyarados\n|-supereffective|p1a: Gyarados\n|-damage|p1a: Gyarados|0 fnt\n|faint|p1a: Gyarados\n|\n|-weather|SunnyDay|[upkeep]\n|upkeep\n|\n|switch|p1a: Malamar|Malamar, M|100\/100\n|turn|23\n|\n|move|p2a: Klefki|Thunder Wave|p1a: Malamar\n|-hint|In gen 7, Dark is immune to Prankster moves.\n|-immune|p1a: Malamar\n|move|p1a: Malamar|Trick Room|p1a: Malamar\n|-fieldstart|move: Trick Room|[of] p1a: Malamar\n|\n|-weather|none\n|upkeep\n|turn|24\n|\n|move|p1a: Malamar|Superpower|p2a: Klefki\n|-crit|p2a: Klefki\n|-damage|p2a: Klefki|2\/100\n|-boost|p1a: Malamar|atk|1\n|-boost|p1a: Malamar|def|1\n|move|p2a: Klefki|Play Rough|p1a: Malamar\n|-supereffective|p1a: Malamar\n|-damage|p1a: Malamar|64\/100\n|\n|-heal|p1a: Malamar|70\/100|[from] item: Leftovers\n|upkeep\n|turn|25\n|\n|move|p1a: Malamar|Superpower|p2a: Klefki\n|-damage|p2a: Klefki|0 fnt\n|-boost|p1a: Malamar|atk|1\n|-boost|p1a: Malamar|def|1\n|faint|p2a: Klefki\n|\n|-heal|p1a: Malamar|76\/100|[from] item: Leftovers\n|upkeep\n|\n|switch|p2a: Conkeldurr|Conkeldurr, M|23\/100\n|turn|26\n|\n|move|p2a: Conkeldurr|Knock Off|p1a: Malamar\n|-damage|p1a: Malamar|54\/100\n|-enditem|p1a: Malamar|Leftovers|[from] move: Knock Off|[of] p2a: Conkeldurr\n|move|p1a: Malamar|Superpower|p2a: Conkeldurr\n|-crit|p2a: Conkeldurr\n|-damage|p2a: Conkeldurr|0 fnt\n|-boost|p1a: Malamar|atk|1\n|-boost|p1a: Malamar|def|1\n|faint|p2a: Conkeldurr\n|\n|upkeep\n|\n|switch|p2a: Amoonguss|Amoonguss, M|81\/100\n|turn|27\n|\n|switch|p2a: Greninja|Greninja, M|100\/100\n|move|p1a: Malamar|Substitute|p1a: Malamar\n|-start|p1a: Malamar|Substitute\n|-damage|p1a: Malamar|29\/100\n|\n|-fieldend|move: Trick Room\n|upkeep\n|turn|28\n|\n|move|p2a: Greninja|U-turn|p1a: Malamar\n|-start|p2a: Greninja|typechange|Bug|[from] Protean\n|-supereffective|p1a: Malamar\n|-end|p1a: Malamar|Substitute\n|\n|switch|p2a: Amoonguss|Amoonguss, M|100\/100\n|move|p1a: Malamar|Superpower|p2a: Amoonguss\n|-resisted|p2a: Amoonguss\n|-damage|p2a: Amoonguss|63\/100\n|-boost|p1a: Malamar|atk|1\n|-boost|p1a: Malamar|def|1\n|\n|upkeep\n|turn|29\n|\n|move|p1a: Malamar|Knock Off|p2a: Amoonguss\n|-damage|p2a: Amoonguss|0 fnt\n|-enditem|p2a: Amoonguss|Assault Vest|[from] move: Knock Off|[of] p1a: Malamar\n|faint|p2a: Amoonguss\n|\n|upkeep\n|\n|switch|p2a: Greninja|Greninja, M|100\/100\n|turn|30\n|\n|move|p2a: Greninja|U-turn|p1a: Malamar\n|-start|p2a: Greninja|typechange|Bug|[from] Protean\n|-supereffective|p1a: Malamar\n|-crit|p1a: Malamar\n|-damage|p1a: Malamar|0 fnt\n|faint|p1a: Malamar\n|\n|win|uuuuiiii\n","uploadtime":1547315866,"views":5,"p1id":"mickeyb2","p2id":"uuuuiiii","formatid":"gen7ou","rating":0,"private":0,"password":null}