{"id":"gen7uu-795459156","p1":"therockcena","p2":"PhantomThiefJoker","format":"gen7uu","log":"|j|\u2606therockcena\n|j|\u2606PhantomThiefJoker\n|player|p1|therockcena|2\n|player|p2|PhantomThiefJoker|170\n|teamsize|p1|6\n|teamsize|p2|6\n|gametype|singles\n|gen|7\n|tier|[Gen 7] UU\n|rated|\n|rule|Sleep Clause Mod: Limit one foe put to sleep\n|rule|Species Clause: Limit one of each Pok\u00e9mon\n|rule|OHKO Clause: OHKO moves are banned\n|rule|Moody Clause: Moody is banned\n|rule|Evasion Moves Clause: Evasion moves are banned\n|rule|Endless Battle Clause: Forcing endless battles is banned\n|rule|HP Percentage Mod: HP is shown in percentages\n|clearpoke\n|poke|p1|Nidoking, M|item\n|poke|p1|Alomomola, F|item\n|poke|p1|Gengar, F|item\n|poke|p1|Amoonguss, M|item\n|poke|p1|Haxorus, M|item\n|poke|p1|Krookodile, F|item\n|poke|p2|Manectric, M|item\n|poke|p2|Scizor, M|item\n|poke|p2|Krookodile, M|item\n|poke|p2|Tentacruel, M|item\n|poke|p2|Moltres|item\n|poke|p2|Celebi|item\n|teampreview\n|inactive|Battle timer is ON: inactive players will automatically lose when time's up. (requested by therockcena)\n|\n|start\n|switch|p1a: Haxorus|Haxorus, M|100\/100\n|switch|p2a: Scizor|Scizor, M|100\/100\n|-ability|p1a: Haxorus|Mold Breaker\n|turn|1\n|\n|move|p1a: Haxorus|Dragon Dance|p1a: Haxorus\n|-boost|p1a: Haxorus|atk|1\n|-boost|p1a: Haxorus|spe|1\n|move|p2a: Scizor|U-turn|p1a: Haxorus\n|-damage|p1a: Haxorus|31\/100\n|\n|switch|p2a: Krookodile|Krookodile, M|100\/100\n|-ability|p2a: Krookodile|Intimidate|boost\n|-unboost|p1a: Haxorus|atk|1\n|\n|upkeep\n|turn|2\n|\n|switch|p1a: Amoonguss|Amoonguss, M|100\/100\n|move|p2a: Krookodile|Earthquake|p1a: Amoonguss\n|-damage|p1a: Amoonguss|58\/100\n|\n|-heal|p1a: Amoonguss|64\/100|[from] item: Leftovers\n|upkeep\n|turn|3\n|c|\u2606PhantomThiefJoker|gotta love those dd turn 1 scrubs\n|\n|switch|p2a: Celebi|Celebi|100\/100\n|move|p1a: Amoonguss|Giga Drain|p2a: Celebi\n|-resisted|p2a: Celebi\n|-damage|p2a: Celebi|92\/100\n|-heal|p1a: Amoonguss|69\/100|[from] drain|[of] p2a: Celebi\n|\n|-heal|p2a: Celebi|98\/100|[from] item: Leftovers\n|-heal|p1a: Amoonguss|75\/100|[from] item: Leftovers\n|upkeep\n|turn|4\n|c|\u2606therockcena|how dows that make me a scrub and i new to uu i play ou\n|c|\u2606therockcena|does\n|inactive|therockcena has 120 seconds left.\n|\n|switch|p1a: Gengar|Gengar, F|100\/100\n|move|p2a: Celebi|Stealth Rock|p1a: Gengar\n|-sidestart|p1: therockcena|move: Stealth Rock\n|\n|-heal|p2a: Celebi|100\/100|[from] item: Leftovers\n|upkeep\n|turn|5\n|c|\u2606PhantomThiefJoker|how does being new to UU make a difference? are you implying there aren't any DD mons in OU?\n|inactive|PhantomThiefJoker has 120 seconds left.\n|\n|switch|p2a: Tentacruel|Tentacruel, M|100\/100\n|move|p1a: Gengar|Shadow Ball|p2a: Tentacruel\n|-damage|p2a: Tentacruel|56\/100\n|-damage|p1a: Gengar|91\/100|[from] item: Life Orb\n|\n|-heal|p2a: Tentacruel|62\/100|[from] item: Black Sludge\n|upkeep\n|turn|6\n|c|\u2606therockcena|no did you not read my first question\n|inactive|therockcena has 120 seconds left.\n|c|\u2606PhantomThiefJoker|because DDing turn 1 is a bad play\n|\n|switch|p1a: Amoonguss|Amoonguss, M|100\/100\n|-damage|p1a: Amoonguss|88\/100|[from] Stealth Rock\n|switch|p2a: Krookodile|Krookodile, M|100\/100\n|-ability|p2a: Krookodile|Intimidate|boost\n|-unboost|p1a: Amoonguss|atk|1\n|\n|-heal|p1a: Amoonguss|94\/100|[from] item: Leftovers\n|upkeep\n|turn|7\n|c|\u2606therockcena|sometimes\n|c|\u2606PhantomThiefJoker|no, almost all the time it's a bad play\n|c|\u2606therockcena|sometimes\n|\n|move|p2a: Krookodile|Knock Off|p1a: Amoonguss\n|-damage|p1a: Amoonguss|53\/100\n|-enditem|p1a: Amoonguss|Leftovers|[from] move: Knock Off|[of] p2a: Krookodile\n|move|p1a: Amoonguss|Giga Drain|p2a: Krookodile\n|-supereffective|p2a: Krookodile\n|-damage|p2a: Krookodile|41\/100\n|-heal|p1a: Amoonguss|75\/100|[from] drain|[of] p2a: Krookodile\n|\n|upkeep\n|turn|8\n|\n|switch|p2a: Celebi|Celebi|100\/100\n|move|p1a: Amoonguss|Synthesis|p1a: Amoonguss\n|-heal|p1a: Amoonguss|100\/100\n|\n|upkeep\n|turn|9\n|\n|move|p2a: Celebi|Psychic|p1a: Amoonguss\n|-supereffective|p1a: Amoonguss\n|-damage|p1a: Amoonguss|53\/100\n|move|p1a: Amoonguss|Toxic|p2a: Celebi\n|-status|p2a: Celebi|tox\n|\n|-damage|p2a: Celebi|94\/100 tox|[from] psn\n|upkeep\n|turn|10\n|\n|switch|p1a: Alomomola|Alomomola, F|100\/100\n|-damage|p1a: Alomomola|88\/100|[from] Stealth Rock\n|move|p2a: Celebi|Psychic|p1a: Alomomola\n|-damage|p1a: Alomomola|61\/100\n|\n|-heal|p2a: Celebi|100\/100 tox|[from] item: Leftovers\n|-heal|p1a: Alomomola|67\/100|[from] item: Leftovers\n|-damage|p2a: Celebi|88\/100 tox|[from] psn\n|upkeep\n|turn|11\n|\n|move|p1a: Alomomola|Protect|p1a: Alomomola\n|-singleturn|p1a: Alomomola|Protect\n|move|p2a: Celebi|Giga Drain|p1a: Alomomola\n|-activate|p1a: Alomomola|move: Protect\n|\n|-heal|p2a: Celebi|94\/100 tox|[from] item: Leftovers\n|-heal|p1a: Alomomola|74\/100|[from] item: Leftovers\n|-damage|p2a: Celebi|76\/100 tox|[from] psn\n|upkeep\n|turn|12\n|\n|move|p2a: Celebi|Psychic|p1a: Alomomola\n|-damage|p1a: Alomomola|46\/100\n|move|p1a: Alomomola|Wish|p1a: Alomomola\n|\n|-heal|p2a: Celebi|82\/100 tox|[from] item: Leftovers\n|-heal|p1a: Alomomola|53\/100|[from] item: Leftovers\n|-damage|p2a: Celebi|57\/100 tox|[from] psn\n|upkeep\n|turn|13\n|\n|switch|p2a: Manectric|Manectric, M|100\/100\n|switch|p1a: Krookodile|Krookodile, F|100\/100\n|-damage|p1a: Krookodile|94\/100|[from] Stealth Rock\n|\n|-heal|p1a: Krookodile|100\/100|[from] move: Wish|[wisher] Alomomola\n|upkeep\n|turn|14\n|\n|switch|p2a: Moltres|Moltres|100\/100\n|move|p1a: Krookodile|Earthquake|p2a: Moltres\n|-immune|p2a: Moltres|[msg]\n|\n|upkeep\n|turn|15\n|\n|move|p1a: Krookodile|Stone Edge|p2a: Moltres\n|-supereffective|p2a: Moltres\n|-damage|p2a: Moltres|0\n|faint|p2a: Moltres\n|-ability|p1a: Krookodile|Moxie|boost\n|-boost|p1a: Krookodile|atk|1\n|\n|upkeep\n|\n|switch|p2a: Scizor|Scizor, M|100\/100\n|turn|16\n|\n|switch|p1a: Haxorus|Haxorus, M|31\/100\n|-damage|p1a: Haxorus|19\/100|[from] Stealth Rock\n|-ability|p1a: Haxorus|Mold Breaker\n|move|p2a: Scizor|U-turn|p1a: Haxorus\n|-damage|p1a: Haxorus|0\n|faint|p1a: Haxorus\n|\n|switch|p2a: Krookodile|Krookodile, M|41\/100\n|\n|upkeep\n|\n|switch|p1a: Gengar|Gengar, F|91\/100\n|-damage|p1a: Gengar|78\/100|[from] Stealth Rock\n|turn|17\n|\n|move|p2a: Krookodile|Earthquake|p1a: Gengar\n|-supereffective|p1a: Gengar\n|-damage|p1a: Gengar|0\n|faint|p1a: Gengar\n|\n|upkeep\n|\n|switch|p1a: Krookodile|Krookodile, F|100\/100\n|-damage|p1a: Krookodile|94\/100|[from] Stealth Rock\n|turn|18\n|\n|switch|p2a: Scizor|Scizor, M|100\/100\n|move|p1a: Krookodile|Earthquake|p2a: Scizor\n|-damage|p2a: Scizor|35\/100\n|\n|upkeep\n|turn|19\n|\n|move|p2a: Scizor|Bullet Punch|p1a: Krookodile\n|-damage|p1a: Krookodile|29\/100\n|move|p1a: Krookodile|Earthquake|p2a: Scizor\n|-damage|p2a: Scizor|0\n|faint|p2a: Scizor\n|-ability|p1a: Krookodile|Moxie|boost\n|-boost|p1a: Krookodile|atk|1\n|\n|upkeep\n|\n|switch|p2a: Manectric|Manectric, M|100\/100\n|turn|20\n|\n|detailschange|p2a: Manectric|Manectric-Mega, M\n|-mega|p2a: Manectric|Manectric|Manectite\n|-ability|p2a: Manectric|Intimidate|boost\n|-unboost|p1a: Krookodile|atk|1\n|move|p2a: Manectric|Hidden Power|p1a: Krookodile\n|-supereffective|p1a: Krookodile\n|-damage|p1a: Krookodile|0\n|faint|p1a: Krookodile\n|\n|upkeep\n|\n|switch|p1a: Nidoking|Nidoking, M|100\/100\n|-damage|p1a: Nidoking|94\/100|[from] Stealth Rock\n|turn|21\n|\n|move|p2a: Manectric|Flamethrower|p1a: Nidoking\n|-damage|p1a: Nidoking|46\/100\n|-status|p1a: Nidoking|brn\n|move|p1a: Nidoking|Earth Power|p2a: Manectric\n|-supereffective|p2a: Manectric\n|-damage|p2a: Manectric|0\n|faint|p2a: Manectric\n|\n|-damage|p1a: Nidoking|40\/100 brn|[from] brn\n|upkeep\n|\n|switch|p2a: Krookodile|Krookodile, M|41\/100\n|-ability|p2a: Krookodile|Intimidate|boost\n|-unboost|p1a: Nidoking|atk|1\n|turn|22\n|\n|move|p2a: Krookodile|Knock Off|p1a: Nidoking\n|-damage|p1a: Nidoking|0 brn\n|-enditem|p1a: Nidoking|Life Orb|[from] move: Knock Off|[of] p2a: Krookodile\n|faint|p1a: Nidoking\n|\n|upkeep\n|\n|switch|p1a: Amoonguss|Amoonguss, M|86\/100\n|-damage|p1a: Amoonguss|74\/100|[from] Stealth Rock\n|turn|23\n|\n|switch|p2a: Tentacruel|Tentacruel, M|62\/100\n|move|p1a: Amoonguss|Giga Drain|p2a: Tentacruel\n|-damage|p2a: Tentacruel|45\/100\n|-damage|p1a: Amoonguss|66\/100|[from] ability: Liquid Ooze|[of] p2a: Tentacruel\n|\n|-heal|p2a: Tentacruel|51\/100|[from] item: Black Sludge\n|upkeep\n|turn|24\n|\n|switch|p1a: Alomomola|Alomomola, F|86\/100\n|-damage|p1a: Alomomola|74\/100|[from] Stealth Rock\n|move|p2a: Tentacruel|Toxic Spikes|p1a: Alomomola\n|-sidestart|p1: therockcena|move: Toxic Spikes\n|\n|-heal|p2a: Tentacruel|57\/100|[from] item: Black Sludge\n|-heal|p1a: Alomomola|80\/100|[from] item: Leftovers\n|upkeep\n|turn|25\n|\n|switch|p2a: Celebi|Celebi|57\/100\n|move|p1a: Alomomola|Wish|p1a: Alomomola\n|\n|-heal|p2a: Celebi|63\/100|[from] item: Leftovers\n|-heal|p1a: Alomomola|86\/100|[from] item: Leftovers\n|upkeep\n|turn|26\n|\n|move|p2a: Celebi|Psychic|p1a: Alomomola\n|-damage|p1a: Alomomola|57\/100\n|move|p1a: Alomomola|Toxic|p2a: Celebi\n|-status|p2a: Celebi|tox\n|\n|-heal|p1a: Alomomola|100\/100|[from] move: Wish|[wisher] Alomomola\n|-heal|p2a: Celebi|70\/100 tox|[from] item: Leftovers\n|-damage|p2a: Celebi|63\/100 tox|[from] psn\n|upkeep\n|turn|27\n|\n|move|p1a: Alomomola|Protect|p1a: Alomomola\n|-singleturn|p1a: Alomomola|Protect\n|move|p2a: Celebi|Giga Drain|p1a: Alomomola\n|-activate|p1a: Alomomola|move: Protect\n|\n|-heal|p2a: Celebi|70\/100 tox|[from] item: Leftovers\n|-damage|p2a: Celebi|57\/100 tox|[from] psn\n|upkeep\n|turn|28\n|\n|switch|p1a: Amoonguss|Amoonguss, M|99\/100\n|-damage|p1a: Amoonguss|87\/100|[from] Stealth Rock\n|-sideend|p1: therockcena|move: Toxic Spikes|[of] p1a: Amoonguss\n|move|p2a: Celebi|U-turn|p1a: Amoonguss\n|-damage|p1a: Amoonguss|74\/100\n|\n|-curestatus|p2a: Celebi|tox|[from] ability: Natural Cure\n|switch|p2a: Tentacruel|Tentacruel, M|57\/100\n|\n|-heal|p2a: Tentacruel|63\/100|[from] item: Black Sludge\n|upkeep\n|turn|29\n|\n|move|p2a: Tentacruel|Toxic Spikes|p1a: Amoonguss\n|-sidestart|p1: therockcena|move: Toxic Spikes\n|move|p1a: Amoonguss|Giga Drain|p2a: Tentacruel\n|-damage|p2a: Tentacruel|44\/100\n|-damage|p1a: Amoonguss|66\/100|[from] ability: Liquid Ooze|[of] p2a: Tentacruel\n|\n|-heal|p2a: Tentacruel|50\/100|[from] item: Black Sludge\n|upkeep\n|turn|30\n|\n|move|p2a: Tentacruel|Toxic Spikes|p1a: Amoonguss\n|-sidestart|p1: therockcena|move: Toxic Spikes\n|move|p1a: Amoonguss|Sludge Bomb|p2a: Tentacruel\n|-resisted|p2a: Tentacruel\n|-damage|p2a: Tentacruel|40\/100\n|\n|-heal|p2a: Tentacruel|46\/100|[from] item: Black Sludge\n|upkeep\n|turn|31\n|\n|move|p2a: Tentacruel|Scald|p1a: Amoonguss\n|-resisted|p1a: Amoonguss\n|-damage|p1a: Amoonguss|57\/100\n|-status|p1a: Amoonguss|brn\n|move|p1a: Amoonguss|Giga Drain|p2a: Tentacruel\n|-damage|p2a: Tentacruel|27\/100\n|-damage|p1a: Amoonguss|48\/100 brn|[from] ability: Liquid Ooze|[of] p2a: Tentacruel\n|\n|-heal|p2a: Tentacruel|33\/100|[from] item: Black Sludge\n|-damage|p1a: Amoonguss|42\/100 brn|[from] brn\n|upkeep\n|turn|32\n|c|\u2606therockcena|i lost this junk\n|-message|therockcena forfeited.\n|\n|win|PhantomThiefJoker\n|l|\u2606therockcena\n|raw|therockcena's rating: 1041 &rarr; <strong>1032<\/strong><br \/>(-9 for losing)\n|raw|PhantomThiefJoker's rating: 1211 &rarr; <strong>1225<\/strong><br \/>(+14 for winning)\n","uploadtime":1535169315,"views":13,"p1id":"therockcena","p2id":"phantomthiefjoker","formatid":"gen7uu","rating":1032,"private":0,"password":null}