{"id":"gen7pu-862091276","p1":"BugCatcherWeevil","p2":"AntaresLeNoo3","format":"gen7pu","log":"|j|\u2606BugCatcherWeevil\n|j|\u2606AntaresLeNoo3\n|player|p1|BugCatcherWeevil|7\n|player|p2|AntaresLeNoo3|74\n|teamsize|p1|6\n|teamsize|p2|6\n|gametype|singles\n|gen|7\n|tier|[Gen 7] PU\n|rated|\n|rule|Sleep Clause Mod: Limit one foe put to sleep\n|rule|Species Clause: Limit one of each Pok\u00e9mon\n|rule|OHKO Clause: OHKO moves are banned\n|rule|Moody Clause: Moody is banned\n|rule|Evasion Moves Clause: Evasion moves are banned\n|rule|Endless Battle Clause: Forcing endless battles is banned\n|rule|HP Percentage Mod: HP is shown in percentages\n|clearpoke\n|poke|p1|Sandslash-Alola, M|item\n|poke|p1|Aurorus, F|item\n|poke|p1|Avalugg, M|item\n|poke|p1|Abomasnow, M|item\n|poke|p1|Beartic, F|item\n|poke|p1|Rotom-Frost|item\n|poke|p2|Shuckle, M|item\n|poke|p2|Raichu-Alola, F|item\n|poke|p2|Haunter, M|item\n|poke|p2|Scyther, M|item\n|poke|p2|Hitmonchan, M|item\n|poke|p2|Servine, F|item\n|teampreview\n|inactive|Battle timer is ON: inactive players will automatically lose when time's up. (requested by AntaresLeNoo3)\n|\n|start\n|switch|p1a: Aurorus|Aurorus, F|100\/100\n|switch|p2a: Taunt is Evil|Shuckle, M|100\/100\n|-weather|Hail|[from] ability: Snow Warning|[of] p1a: Aurorus\n|turn|1\n|\n|move|p1a: Aurorus|Blizzard|p2a: Taunt is Evil\n|-damage|p2a: Taunt is Evil|73\/100\n|move|p2a: Taunt is Evil|Stealth Rock|p1a: Aurorus\n|-sidestart|p1: BugCatcherWeevil|move: Stealth Rock\n|\n|-weather|Hail|[upkeep]\n|-damage|p2a: Taunt is Evil|67\/100|[from] Hail\n|-heal|p2a: Taunt is Evil|73\/100|[from] item: Leftovers\n|upkeep\n|turn|2\n|\n|move|p1a: Aurorus|Stealth Rock|p2a: Taunt is Evil\n|-sidestart|p2: AntaresLeNoo3|move: Stealth Rock\n|move|p2a: Taunt is Evil|Sticky Web|p1a: Aurorus\n|-sidestart|p1: BugCatcherWeevil|move: Sticky Web\n|\n|-weather|Hail|[upkeep]\n|-damage|p2a: Taunt is Evil|67\/100|[from] Hail\n|-heal|p2a: Taunt is Evil|73\/100|[from] item: Leftovers\n|upkeep\n|turn|3\n|\n|move|p1a: Aurorus|Blizzard|p2a: Taunt is Evil\n|-damage|p2a: Taunt is Evil|44\/100\n|move|p2a: Taunt is Evil|Toxic|p1a: Aurorus\n|-status|p1a: Aurorus|tox\n|\n|-weather|Hail|[upkeep]\n|-damage|p2a: Taunt is Evil|37\/100|[from] Hail\n|-heal|p2a: Taunt is Evil|44\/100|[from] item: Leftovers\n|-damage|p1a: Aurorus|94\/100 tox|[from] psn\n|upkeep\n|turn|4\n|\n|move|p1a: Aurorus|Blizzard|p2a: Taunt is Evil\n|-damage|p2a: Taunt is Evil|15\/100\n|move|p2a: Taunt is Evil|Encore|p1a: Aurorus\n|-start|p1a: Aurorus|Encore\n|\n|-weather|Hail|[upkeep]\n|-damage|p2a: Taunt is Evil|9\/100|[from] Hail\n|-heal|p2a: Taunt is Evil|15\/100|[from] item: Leftovers\n|-damage|p1a: Aurorus|82\/100 tox|[from] psn\n|upkeep\n|turn|5\n|\n|move|p1a: Aurorus|Blizzard|p2a: Taunt is Evil\n|-damage|p2a: Taunt is Evil|0 fnt\n|faint|p2a: Taunt is Evil\n|\n|-weather|none\n|-damage|p1a: Aurorus|63\/100 tox|[from] psn\n|upkeep\n|\n|switch|p2a: Hitman|Hitmonchan, M|100\/100\n|-damage|p2a: Hitman|95\/100|[from] Stealth Rock\n|turn|6\n|\n|switch|p1a: Avalugg|Avalugg, M|100\/100\n|-damage|p1a: Avalugg|76\/100|[from] Stealth Rock\n|-activate|p1a: Avalugg|move: Sticky Web\n|-unboost|p1a: Avalugg|spe|1\n|move|p2a: Hitman|Rapid Spin|p1a: Avalugg\n|-damage|p1a: Avalugg|73\/100\n|-sideend|p2: AntaresLeNoo3|Stealth Rock|[from] move: Rapid Spin|[of] p2a: Hitman\n|\n|-heal|p1a: Avalugg|79\/100|[from] item: Leftovers\n|upkeep\n|turn|7\n|\n|switch|p2a: Poursuit plz no|Haunter, M|100\/100\n|move|p1a: Avalugg|Rapid Spin|p2a: Poursuit plz no\n|-immune|p2a: Poursuit plz no\n|\n|-heal|p1a: Avalugg|85\/100|[from] item: Leftovers\n|upkeep\n|turn|8\n|\n|move|p2a: Poursuit plz no|Shadow Ball|p1a: Avalugg\n|-damage|p1a: Avalugg|0 fnt\n|faint|p1a: Avalugg\n|\n|upkeep\n|\n|switch|p1a: Abomasnow|Abomasnow, M|100\/100\n|-activate|p1a: Abomasnow|move: Sticky Web\n|-unboost|p1a: Abomasnow|spe|1\n|-damage|p1a: Abomasnow|76\/100|[from] Stealth Rock\n|-weather|Hail|[from] ability: Snow Warning|[of] p1a: Abomasnow\n|turn|9\n|\n|move|p2a: Poursuit plz no|Shadow Ball|p1a: Abomasnow\n|-damage|p1a: Abomasnow|35\/100\n|move|p1a: Abomasnow|Blizzard|p2a: Poursuit plz no\n|-damage|p2a: Poursuit plz no|0 fnt\n|faint|p2a: Poursuit plz no\n|\n|-weather|Hail|[upkeep]\n|upkeep\n|\n|switch|p2a: Hitman|Hitmonchan, M|95\/100\n|turn|10\n|\n|move|p1a: Abomasnow|Ice Shard|p2a: Hitman\n|-damage|p2a: Hitman|76\/100\n|move|p2a: Hitman|Drain Punch|p1a: Abomasnow\n|-supereffective|p1a: Abomasnow\n|-damage|p1a: Abomasnow|0 fnt\n|-heal|p2a: Hitman|99\/100|[from] drain|[of] p1a: Abomasnow\n|faint|p1a: Abomasnow\n|\n|-weather|Hail|[upkeep]\n|-damage|p2a: Hitman|93\/100|[from] Hail\n|upkeep\n|j| Trezac\n|\n|switch|p1a: Beartic|Beartic, F|100\/100\n|-damage|p1a: Beartic|76\/100|[from] Stealth Rock\n|-activate|p1a: Beartic|move: Sticky Web\n|-unboost|p1a: Beartic|spe|1\n|turn|11\n|\n|-zpower|p1a: Beartic\n|move|p1a: Beartic|All-Out Pummeling|p2a: Hitman|[zeffect]\n|-damage|p2a: Hitman|0 fnt\n|faint|p2a: Hitman\n|\n|-weather|Hail|[upkeep]\n|upkeep\n|\n|switch|p2a: Brice|Raichu-Alola, F|100\/100\n|turn|12\n|\n|move|p2a: Brice|Focus Blast|p1a: Beartic\n|-supereffective|p1a: Beartic\n|-damage|p1a: Beartic|0 fnt\n|faint|p1a: Beartic\n|\n|-weather|Hail|[upkeep]\n|-damage|p2a: Brice|94\/100|[from] Hail\n|upkeep\n|\n|switch|p1a: Rotom|Rotom-Frost|100\/100\n|-damage|p1a: Rotom|76\/100|[from] Stealth Rock\n|turn|13\n|\n|move|p1a: Rotom|Blizzard|p2a: Brice\n|-damage|p2a: Brice|16\/100\n|-status|p2a: Brice|frz\n|cant|p2a: Brice|frz\n|\n|-weather|none\n|upkeep\n|turn|14\n|c|\u2606AntaresLeNoo3|;-;\n|\n|move|p1a: Rotom|Blizzard|p2a: Brice\n|-damage|p2a: Brice|0 fnt\n|faint|p2a: Brice\n|\n|upkeep\n|c|\u2606AntaresLeNoo3|bon bah gg heh\n|\n|switch|p2a: Green Tea|Servine, F|100\/100\n|turn|15\n|c|\u2606BugCatcherWeevil|you might not have hit the second focus blast anyway :D\n|\n|switch|p1a: Aurorus|Aurorus, F|63\/100 tox\n|-damage|p1a: Aurorus|38\/100 tox|[from] Stealth Rock\n|-activate|p1a: Aurorus|move: Sticky Web\n|-unboost|p1a: Aurorus|spe|1\n|-weather|Hail|[from] ability: Snow Warning|[of] p1a: Aurorus\n|move|p2a: Green Tea|Leaf Storm|p1a: Aurorus\n|-supereffective|p1a: Aurorus\n|-damage|p1a: Aurorus|0 fnt\n|-boost|p2a: Green Tea|spa|2\n|faint|p1a: Aurorus\n|\n|-weather|Hail|[upkeep]\n|-damage|p2a: Green Tea|94\/100|[from] Hail\n|upkeep\n|\n|switch|p1a: Rotom|Rotom-Frost|76\/100\n|-damage|p1a: Rotom|51\/100|[from] Stealth Rock\n|turn|16\n|c|\u2606AntaresLeNoo3|;-;\n|\n|move|p1a: Rotom|Blizzard|p2a: Green Tea\n|-supereffective|p2a: Green Tea\n|-damage|p2a: Green Tea|0 fnt\n|faint|p2a: Green Tea\n|\n|-weather|Hail|[upkeep]\n|upkeep\n|\n|switch|p2a: HP Rock isnt real|Scyther, M|100\/100\n|turn|17\n|\n|move|p1a: Rotom|Blizzard|p2a: HP Rock isnt real\n|-supereffective|p2a: HP Rock isnt real\n|-damage|p2a: HP Rock isnt real|8\/100\n|move|p2a: HP Rock isnt real|Brick Break|p1a: Rotom\n|-supereffective|p1a: Rotom\n|-damage|p1a: Rotom|0 fnt\n|faint|p1a: Rotom\n|\n|-weather|Hail|[upkeep]\n|-damage|p2a: HP Rock isnt real|2\/100|[from] Hail\n|upkeep\n|c|\u2606AntaresLeNoo3|ow\n|\n|switch|p1a: Sandslash|Sandslash-Alola, M|100\/100\n|-damage|p1a: Sandslash|88\/100|[from] Stealth Rock\n|-activate|p1a: Sandslash|move: Sticky Web\n|-unboost|p1a: Sandslash|spe|1\n|turn|18\n|c|\u2606BugCatcherWeevil|wow, that bulk\n|c|\u2606BugCatcherWeevil|i ost\n|c|\u2606BugCatcherWeevil|gg\n|\n|move|p2a: HP Rock isnt real|Brick Break|p1a: Sandslash\n|-supereffective|p1a: Sandslash\n|-damage|p1a: Sandslash|0 fnt\n|faint|p1a: Sandslash\n|\n|win|AntaresLeNoo3\n|c|\u2606AntaresLeNoo3|gg\n|raw|BugCatcherWeevil's rating: 1259 &rarr; <strong>1245<\/strong><br \/>(-14 for losing)\n|raw|AntaresLeNoo3's rating: 1420 &rarr; <strong>1431<\/strong><br \/>(+11 for winning)\n","uploadtime":1550064327,"views":8,"p1id":"bugcatcherweevil","p2id":"antareslenoo3","formatid":"gen7pu","rating":1245,"private":0,"password":null}