{"id":"gen7ou-799687717","p1":"visefer","p2":"Pitaye","format":"gen7ou","log":"|j|\u2606visefer\n|j|\u2606Pitaye\n|player|p1|visefer|169\n|player|p2|Pitaye|36\n|teamsize|p1|6\n|teamsize|p2|6\n|gametype|singles\n|gen|7\n|tier|[Gen 7] OU\n|rated|\n|rule|Sleep Clause Mod: Limit one foe put to sleep\n|rule|Species Clause: Limit one of each Pok\u00e9mon\n|rule|OHKO Clause: OHKO moves are banned\n|rule|Moody Clause: Moody is banned\n|rule|Evasion Moves Clause: Evasion moves are banned\n|rule|Endless Battle Clause: Forcing endless battles is banned\n|rule|HP Percentage Mod: HP is shown in percentages\n|clearpoke\n|poke|p1|Ninetales-Alola, M|item\n|poke|p1|Tyranitar, F|item\n|poke|p1|Celesteela|item\n|poke|p1|Latios, M|item\n|poke|p1|Zapdos|item\n|poke|p1|Zygarde|item\n|poke|p2|Gliscor, M|item\n|poke|p2|Altaria, F|item\n|poke|p2|Tornadus-Therian, M|item\n|poke|p2|Tapu Lele|item\n|poke|p2|Serperior, F|item\n|poke|p2|Heatran, F|item\n|teampreview\n|\n|start\n|switch|p1a: Ninetales|Ninetales-Alola, M|100\/100\n|switch|p2a: Heatran|Heatran, F|100\/100\n|-weather|Hail|[from] ability: Snow Warning|[of] p1a: Ninetales\n|turn|1\n|\n|move|p1a: Ninetales|Aurora Veil|p1a: Ninetales\n|-sidestart|p1: visefer|move: Aurora Veil\n|move|p2a: Heatran|Magma Storm|p1a: Ninetales|[miss]\n|-miss|p2a: Heatran|p1a: Ninetales\n|\n|-weather|Hail|[upkeep]\n|-damage|p2a: Heatran|94\/100|[from] Hail\n|-heal|p2a: Heatran|100\/100|[from] item: Leftovers\n|upkeep\n|turn|2\n|\n|switch|p1a: Tyranitar|Tyranitar, F|100\/100\n|-weather|Sandstorm|[from] ability: Sand Stream|[of] p1a: Tyranitar\n|move|p2a: Heatran|Toxic|p1a: Tyranitar\n|-status|p1a: Tyranitar|tox\n|\n|-weather|Sandstorm|[upkeep]\n|-damage|p1a: Tyranitar|94\/100 tox|[from] psn\n|upkeep\n|turn|3\n|\n|detailschange|p1a: Tyranitar|Tyranitar-Mega, F\n|-mega|p1a: Tyranitar|Tyranitar|Tyranitarite\n|move|p1a: Tyranitar|Dragon Dance|p1a: Tyranitar\n|-boost|p1a: Tyranitar|atk|1\n|-boost|p1a: Tyranitar|spe|1\n|move|p2a: Heatran|Taunt|p1a: Tyranitar\n|-start|p1a: Tyranitar|move: Taunt\n|\n|-weather|Sandstorm|[upkeep]\n|-damage|p1a: Tyranitar|82\/100 tox|[from] psn\n|upkeep\n|turn|4\n|\n|switch|p2a: Gliscor|Gliscor, M|100\/100\n|move|p1a: Tyranitar|Stone Edge|p2a: Gliscor\n|-damage|p2a: Gliscor|26\/100\n|\n|-weather|Sandstorm|[upkeep]\n|-damage|p1a: Tyranitar|64\/100 tox|[from] psn\n|-status|p2a: Gliscor|tox|[from] item: Toxic Orb\n|upkeep\n|turn|5\n|\n|move|p1a: Tyranitar|Stone Edge|p2a: Gliscor\n|-damage|p2a: Gliscor|0 tox\n|faint|p2a: Gliscor\n|\n|-weather|Sandstorm|[upkeep]\n|-damage|p1a: Tyranitar|39\/100 tox|[from] psn\n|upkeep\n|\n|switch|p2a: Altaria|Altaria, F|100\/100\n|turn|6\n|\n|detailschange|p2a: Altaria|Altaria-Mega, F\n|-mega|p2a: Altaria|Altaria|Altarianite\n|move|p1a: Tyranitar|Stone Edge|p2a: Altaria|[miss]\n|-miss|p1a: Tyranitar|p2a: Altaria\n|move|p2a: Altaria|Roost|p2a: Altaria\n|-fail|p2a: Altaria\n|\n|-weather|none\n|-damage|p1a: Tyranitar|8\/100 tox|[from] psn\n|-end|p1a: Tyranitar|move: Taunt\n|upkeep\n|turn|7\n|\n|move|p1a: Tyranitar|Stone Edge|p2a: Altaria\n|-damage|p2a: Altaria|36\/100\n|move|p2a: Altaria|Roost|p2a: Altaria\n|-heal|p2a: Altaria|86\/100\n|\n|-damage|p1a: Tyranitar|0 tox|[from] psn\n|upkeep\n|faint|p1a: Tyranitar\n|\n|switch|p1a: Celesteela|Celesteela|100\/100\n|turn|8\n|\n|switch|p2a: Heatran|Heatran, F|100\/100\n|move|p1a: Celesteela|Leech Seed|p2a: Heatran\n|-start|p2a: Heatran|move: Leech Seed\n|\n|-damage|p2a: Heatran|88\/100|[from] Leech Seed|[of] p1a: Celesteela\n|-sideend|p1: visefer|move: Aurora Veil\n|upkeep\n|turn|9\n|\n|switch|p2a: Tornadus|Tornadus-Therian, M|100\/100\n|move|p1a: Celesteela|Protect|p1a: Celesteela\n|-fail|p1a: Celesteela\n|\n|upkeep\n|turn|10\n|\n|switch|p1a: Zapdos|Zapdos|100\/100\n|move|p2a: Tornadus|Knock Off|p1a: Zapdos\n|-damage|p1a: Zapdos|86\/100\n|-status|p2a: Tornadus|par|[from] ability: Static|[of] p1a: Zapdos\n|-damage|p2a: Tornadus|84\/100 par|[from] item: Rocky Helmet|[of] p1a: Zapdos\n|-enditem|p1a: Zapdos|Rocky Helmet|[from] move: Knock Off|[of] p2a: Tornadus\n|\n|upkeep\n|turn|11\n|\n|switch|p1a: Ninetales|Ninetales-Alola, M|100\/100\n|-weather|Hail|[from] ability: Snow Warning|[of] p1a: Ninetales\n|switch|p2a: Altaria|Altaria-Mega, F|86\/100\n|\n|-weather|Hail|[upkeep]\n|-damage|p2a: Altaria|80\/100|[from] Hail\n|upkeep\n|turn|12\n|\n|move|p1a: Ninetales|Hypnosis|p2a: Altaria\n|-status|p2a: Altaria|slp\n|cant|p2a: Altaria|slp\n|\n|-weather|Hail|[upkeep]\n|-damage|p2a: Altaria|73\/100 slp|[from] Hail\n|upkeep\n|turn|13\n|\n|switch|p2a: Heatran|Heatran, F|88\/100\n|move|p1a: Ninetales|Aurora Veil|p1a: Ninetales\n|-sidestart|p1: visefer|move: Aurora Veil\n|\n|-weather|Hail|[upkeep]\n|-damage|p2a: Heatran|82\/100|[from] Hail\n|-heal|p2a: Heatran|88\/100|[from] item: Leftovers\n|upkeep\n|turn|14\n|\n|move|p1a: Ninetales|Moonblast|p2a: Heatran\n|-resisted|p2a: Heatran\n|-damage|p2a: Heatran|83\/100\n|-unboost|p2a: Heatran|spa|1\n|move|p2a: Heatran|Toxic|p1a: Ninetales\n|-status|p1a: Ninetales|tox\n|\n|-weather|Hail|[upkeep]\n|-damage|p2a: Heatran|77\/100|[from] Hail\n|-heal|p2a: Heatran|83\/100|[from] item: Leftovers\n|-damage|p1a: Ninetales|94\/100 tox|[from] psn\n|upkeep\n|turn|15\n|\n|switch|p1a: Zygarde|Zygarde|100\/100\n|-ability|p1a: Zygarde|Aura Break\n|move|p2a: Heatran|Toxic|p1a: Zygarde\n|-status|p1a: Zygarde|tox\n|\n|-weather|none\n|-heal|p2a: Heatran|90\/100|[from] item: Leftovers\n|-damage|p1a: Zygarde|94\/100 tox|[from] psn\n|upkeep\n|turn|16\n|\n|switch|p2a: Serperior|Serperior, F|100\/100\n|move|p1a: Zygarde|Dragon Dance|p1a: Zygarde\n|-boost|p1a: Zygarde|atk|1\n|-boost|p1a: Zygarde|spe|1\n|\n|-heal|p1a: Zygarde|100\/100 tox|[from] item: Leftovers\n|-damage|p1a: Zygarde|88\/100 tox|[from] psn\n|upkeep\n|turn|17\n|\n|move|p1a: Zygarde|Outrage|p2a: Serperior\n|-damage|p2a: Serperior|9\/100\n|move|p2a: Serperior|Substitute|p2a: Serperior\n|-fail|p2a: Serperior|move: Substitute|[weak]\n|\n|-heal|p1a: Zygarde|94\/100 tox|[from] item: Leftovers\n|-heal|p2a: Serperior|15\/100|[from] item: Leftovers\n|-damage|p1a: Zygarde|76\/100 tox|[from] psn\n|upkeep\n|turn|18\n|\n|switch|p2a: Tapu Lele|Tapu Lele|100\/100\n|-fieldstart|move: Psychic Terrain|[from] ability: Psychic Surge|[of] p2a: Tapu Lele\n|move|p1a: Zygarde|Outrage|p2a: Tapu Lele|[from]lockedmove\n|-immune|p2a: Tapu Lele|[msg]\n|\n|-heal|p1a: Zygarde|82\/100 tox|[from] item: Leftovers\n|-damage|p1a: Zygarde|57\/100 tox|[from] psn\n|upkeep\n|turn|19\n|\n|switch|p2a: Heatran|Heatran, F|90\/100\n|switch|p1a: Celesteela|Celesteela|100\/100\n|\n|-heal|p2a: Heatran|96\/100|[from] item: Leftovers\n|upkeep\n|turn|20\n|\n|switch|p1a: Zygarde|Zygarde|57\/100 tox\n|-ability|p1a: Zygarde|Aura Break\n|move|p2a: Heatran|Magma Storm|p1a: Zygarde|[miss]\n|-miss|p2a: Heatran|p1a: Zygarde\n|\n|-heal|p1a: Zygarde|64\/100 tox|[from] item: Leftovers\n|-heal|p2a: Heatran|100\/100|[from] item: Leftovers\n|-damage|p1a: Zygarde|57\/100 tox|[from] psn\n|-sideend|p1: visefer|move: Aurora Veil\n|upkeep\n|turn|21\n|\n|switch|p2a: Tapu Lele|Tapu Lele|100\/100\n|move|p1a: Zygarde|Thousand Arrows|p2a: Tapu Lele\n|-crit|p2a: Tapu Lele\n|-damage|p2a: Tapu Lele|0\n|faint|p2a: Tapu Lele\n|\n|-heal|p1a: Zygarde|64\/100 tox|[from] item: Leftovers\n|-damage|p1a: Zygarde|51\/100 tox|[from] psn\n|upkeep\n|\n|switch|p2a: Serperior|Serperior, F|15\/100\n|turn|22\n|\n|move|p2a: Serperior|Leaf Storm|p1a: Zygarde\n|-damage|p1a: Zygarde|8\/100 tox\n|-boost|p2a: Serperior|spa|2\n|move|p1a: Zygarde|Thousand Arrows|p2a: Serperior\n|-resisted|p2a: Serperior\n|-damage|p2a: Serperior|0\n|faint|p2a: Serperior\n|\n|-heal|p1a: Zygarde|14\/100 tox|[from] item: Leftovers\n|-damage|p1a: Zygarde|0 tox|[from] psn\n|-fieldend|move: Psychic Terrain\n|upkeep\n|faint|p1a: Zygarde\n|\n|switch|p2a: Heatran|Heatran, F|100\/100\n|switch|p1a: Ninetales|Ninetales-Alola, M|94\/100 tox\n|-weather|Hail|[from] ability: Snow Warning|[of] p1a: Ninetales\n|turn|23\n|\n|move|p1a: Ninetales|Aurora Veil|p1a: Ninetales\n|-sidestart|p1: visefer|move: Aurora Veil\n|move|p2a: Heatran|Stealth Rock|p1a: Ninetales\n|-sidestart|p1: visefer|move: Stealth Rock\n|\n|-weather|Hail|[upkeep]\n|-damage|p2a: Heatran|94\/100|[from] Hail\n|-heal|p2a: Heatran|100\/100|[from] item: Leftovers\n|-damage|p1a: Ninetales|88\/100 tox|[from] psn\n|upkeep\n|turn|24\n|\n|move|p1a: Ninetales|Moonblast|p2a: Heatran\n|-resisted|p2a: Heatran\n|-damage|p2a: Heatran|96\/100\n|move|p2a: Heatran|Magma Storm|p1a: Ninetales\n|-supereffective|p1a: Ninetales\n|-damage|p1a: Ninetales|48\/100 tox\n|-activate|p1a: Ninetales|move: Magma Storm|[of] p2a: Heatran\n|\n|-weather|Hail|[upkeep]\n|-damage|p2a: Heatran|89\/100|[from] Hail\n|-heal|p2a: Heatran|96\/100|[from] item: Leftovers\n|-damage|p1a: Ninetales|36\/100 tox|[from] psn\n|-damage|p1a: Ninetales|24\/100 tox|[from] move: Magma Storm|[partiallytrapped]\n|upkeep\n|turn|25\n|\n|move|p1a: Ninetales|Moonblast|p2a: Heatran\n|-resisted|p2a: Heatran\n|-damage|p2a: Heatran|91\/100\n|move|p2a: Heatran|Toxic|p1a: Ninetales|[miss]\n|-miss|p2a: Heatran|p1a: Ninetales\n|\n|-weather|Hail|[upkeep]\n|-damage|p2a: Heatran|85\/100|[from] Hail\n|-heal|p2a: Heatran|91\/100|[from] item: Leftovers\n|-damage|p1a: Ninetales|6\/100 tox|[from] psn\n|-damage|p1a: Ninetales|0 tox|[from] move: Magma Storm|[partiallytrapped]\n|upkeep\n|faint|p1a: Ninetales\n|\n|switch|p1a: Zapdos|Zapdos|86\/100\n|-damage|p1a: Zapdos|61\/100|[from] Stealth Rock\n|turn|26\n|\n|move|p1a: Zapdos|Discharge|p2a: Heatran\n|-damage|p2a: Heatran|67\/100\n|-status|p2a: Heatran|par\n|cant|p2a: Heatran|par\n|\n|-weather|Hail|[upkeep]\n|-damage|p1a: Zapdos|55\/100|[from] Hail\n|-damage|p2a: Heatran|61\/100 par|[from] Hail\n|-heal|p2a: Heatran|67\/100 par|[from] item: Leftovers\n|upkeep\n|turn|27\n|\n|move|p1a: Zapdos|Discharge|p2a: Heatran\n|-damage|p2a: Heatran|44\/100 par\n|move|p2a: Heatran|Toxic|p1a: Zapdos\n|-status|p1a: Zapdos|tox\n|\n|-weather|none\n|-heal|p2a: Heatran|50\/100 par|[from] item: Leftovers\n|-damage|p1a: Zapdos|49\/100 tox|[from] psn\n|upkeep\n|turn|28\n|\n|switch|p2a: Altaria|Altaria-Mega, F|73\/100 slp\n|move|p1a: Zapdos|Discharge|p2a: Altaria\n|-resisted|p2a: Altaria\n|-damage|p2a: Altaria|60\/100 slp\n|\n|-damage|p1a: Zapdos|37\/100 tox|[from] psn\n|upkeep\n|turn|29\n|\n|move|p1a: Zapdos|Defog|p2a: Altaria\n|-unboost|p2a: Altaria|evasion|1\n|-sideend|p1: visefer|Stealth Rock|[from] move: Defog|[of] p1a: Zapdos\n|-curestatus|p2a: Altaria|slp|[msg]\n|move|p2a: Altaria|Roost|p2a: Altaria\n|-heal|p2a: Altaria|100\/100\n|\n|-damage|p1a: Zapdos|19\/100 tox|[from] psn\n|upkeep\n|turn|30\n|\n|switch|p1a: Celesteela|Celesteela|100\/100\n|move|p2a: Altaria|Body Slam|p1a: Celesteela\n|-resisted|p1a: Celesteela\n|-damage|p1a: Celesteela|93\/100\n|-status|p1a: Celesteela|par\n|\n|-heal|p1a: Celesteela|99\/100 par|[from] item: Leftovers\n|-sideend|p1: visefer|move: Aurora Veil\n|upkeep\n|turn|31\n|\n|switch|p2a: Tornadus|Tornadus-Therian, M|100\/100 par\n|move|p1a: Celesteela|Leech Seed|p2a: Tornadus\n|-start|p2a: Tornadus|move: Leech Seed\n|\n|-heal|p1a: Celesteela|100\/100 par|[from] item: Leftovers\n|-damage|p2a: Tornadus|88\/100 par|[from] Leech Seed|[of] p1a: Celesteela\n|upkeep\n|turn|32\n|\n|switch|p1a: Zapdos|Zapdos|19\/100 tox\n|move|p2a: Tornadus|Knock Off|p1a: Zapdos\n|-damage|p1a: Zapdos|9\/100 tox\n|\n|-damage|p2a: Tornadus|76\/100 par|[from] Leech Seed|[of] p1a: Zapdos\n|-heal|p1a: Zapdos|19\/100 tox|[silent]\n|-damage|p1a: Zapdos|13\/100 tox|[from] psn\n|upkeep\n|turn|33\n|\n|switch|p1a: Celesteela|Celesteela|100\/100 par\n|switch|p2a: Altaria|Altaria-Mega, F|100\/100\n|\n|upkeep\n|turn|34\n|\n|switch|p2a: Tornadus|Tornadus-Therian, M|100\/100 par\n|move|p1a: Celesteela|Leech Seed|p2a: Tornadus\n|-start|p2a: Tornadus|move: Leech Seed\n|\n|-damage|p2a: Tornadus|88\/100 par|[from] Leech Seed|[of] p1a: Celesteela\n|upkeep\n|turn|35\n|\n|switch|p2a: Heatran|Heatran, F|50\/100 par\n|switch|p1a: Zapdos|Zapdos|13\/100 tox\n|\n|-heal|p2a: Heatran|56\/100 par|[from] item: Leftovers\n|-damage|p1a: Zapdos|7\/100 tox|[from] psn\n|upkeep\n|turn|36\n|\n|switch|p2a: Altaria|Altaria-Mega, F|100\/100\n|move|p1a: Zapdos|Roost|p1a: Zapdos\n|-heal|p1a: Zapdos|57\/100 tox\n|\n|-damage|p1a: Zapdos|45\/100 tox|[from] psn\n|upkeep\n|turn|37\n|\n|switch|p1a: Celesteela|Celesteela|100\/100 par\n|switch|p2a: Heatran|Heatran, F|56\/100 par\n|\n|-heal|p2a: Heatran|63\/100 par|[from] item: Leftovers\n|upkeep\n|turn|38\n|\n|switch|p1a: Latios|Latios, M|100\/100\n|cant|p2a: Heatran|par\n|\n|-heal|p2a: Heatran|69\/100 par|[from] item: Leftovers\n|upkeep\n|turn|39\n|\n|move|p1a: Latios|Calm Mind|p1a: Latios\n|-boost|p1a: Latios|spa|1\n|-boost|p1a: Latios|spd|1\n|move|p2a: Heatran|Toxic|p1a: Latios\n|-status|p1a: Latios|tox\n|\n|-heal|p2a: Heatran|75\/100 par|[from] item: Leftovers\n|-damage|p1a: Latios|95\/100 tox|[from] psn\n|upkeep\n|turn|40\n|\n|switch|p2a: Tornadus|Tornadus-Therian, M|100\/100 par\n|move|p1a: Latios|Calm Mind|p1a: Latios\n|-boost|p1a: Latios|spa|1\n|-boost|p1a: Latios|spd|1\n|\n|-damage|p1a: Latios|83\/100 tox|[from] psn\n|upkeep\n|turn|41\n|\n|move|p1a: Latios|Psyshock|p2a: Tornadus\n|-damage|p2a: Tornadus|0 par\n|faint|p2a: Tornadus\n|\n|-damage|p1a: Latios|65\/100 tox|[from] psn\n|upkeep\n|\n|switch|p2a: Altaria|Altaria-Mega, F|100\/100\n|turn|42\n|\n|-zpower|p1a: Latios\n|move|p1a: Latios|Shattered Psyche|p2a: Altaria|[zeffect]\n|-damage|p2a: Altaria|0\n|faint|p2a: Altaria\n|\n|-damage|p1a: Latios|41\/100 tox|[from] psn\n|upkeep\n|\n|switch|p2a: Heatran|Heatran, F|75\/100 par\n|turn|43\n|\n|move|p1a: Latios|Psyshock|p2a: Heatran\n|-resisted|p2a: Heatran\n|-damage|p2a: Heatran|39\/100 par\n|move|p2a: Heatran|Stealth Rock|p1a: Latios\n|-sidestart|p1: visefer|move: Stealth Rock\n|\n|-heal|p2a: Heatran|45\/100 par|[from] item: Leftovers\n|-damage|p1a: Latios|11\/100 tox|[from] psn\n|upkeep\n|turn|44\n|\n|move|p1a: Latios|Psyshock|p2a: Heatran\n|-resisted|p2a: Heatran\n|-damage|p2a: Heatran|12\/100 par\n|move|p2a: Heatran|Stealth Rock|p1a: Latios\n|-fail|p2a: Heatran\n|\n|-heal|p2a: Heatran|18\/100 par|[from] item: Leftovers\n|-damage|p1a: Latios|0 tox|[from] psn\n|upkeep\n|faint|p1a: Latios\n|\n|switch|p1a: Zapdos|Zapdos|45\/100 tox\n|-damage|p1a: Zapdos|20\/100 tox|[from] Stealth Rock\n|turn|45\n|\n|move|p1a: Zapdos|Discharge|p2a: Heatran\n|-damage|p2a: Heatran|0 par\n|faint|p2a: Heatran\n|\n|win|visefer\n|l|\u2606Pitaye\n|raw|visefer's rating: 1539 &rarr; <strong>1562<\/strong><br \/>(+23 for winning)\n|raw|Pitaye's rating: 1586 &rarr; <strong>1564<\/strong><br \/>(-22 for losing)\n","uploadtime":1535896060,"views":2,"p1id":"visefer","p2id":"pitaye","formatid":"gen7ou","rating":1562,"private":0,"password":null}