{"id":"gen7ou-948869139","p1":"Heat Ledger","p2":"Jakkkkkka","format":"gen7ou","log":"|j|\u2606Heat Ledger\n|j|\u2606Jakkkkkka\n|player|p1|Heat Ledger|160|1496\n|player|p2|Jakkkkkka|137|1514\n|teamsize|p1|6\n|teamsize|p2|6\n|gametype|singles\n|gen|7\n|tier|[Gen 7] OU\n|rated|\n|rule|Sleep Clause Mod: Limit one foe put to sleep\n|rule|Species Clause: Limit one of each Pok\u00e9mon\n|rule|OHKO Clause: OHKO moves are banned\n|rule|Moody Clause: Moody is banned\n|rule|Evasion Moves Clause: Evasion moves are banned\n|rule|Endless Battle Clause: Forcing endless battles is banned\n|rule|HP Percentage Mod: HP is shown in percentages\n|clearpoke\n|poke|p1|Zapdos|item\n|poke|p1|Tapu Bulu|item\n|poke|p1|Garchomp, M|item\n|poke|p1|Camerupt, M|item\n|poke|p1|Magearna|item\n|poke|p1|Latios, M|item\n|poke|p2|Excadrill, F|item\n|poke|p2|Tyranitar, F|item\n|poke|p2|Greninja, M|item\n|poke|p2|Celesteela|item\n|poke|p2|Serperior, F|item\n|poke|p2|Tornadus-Therian, M|item\n|teampreview\n|inactive|Battle timer is ON: inactive players will automatically lose when time's up. (requested by Heat Ledger)\n|\n|start\n|switch|p1a: Tapu Bulu|Tapu Bulu|100\/100\n|switch|p2a: Greninja|Greninja, M|100\/100\n|-fieldstart|move: Grassy Terrain|[from] ability: Grassy Surge|[of] p1a: Tapu Bulu\n|turn|1\n|\n|move|p2a: Greninja|Gunk Shot|p1a: Tapu Bulu\n|-supereffective|p1a: Tapu Bulu\n|-damage|p1a: Tapu Bulu|11\/100\n|-status|p1a: Tapu Bulu|psn\n|move|p1a: Tapu Bulu|Horn Leech|p2a: Greninja\n|-supereffective|p2a: Greninja\n|-crit|p2a: Greninja\n|-damage|p2a: Greninja|0 fnt\n|-heal|p1a: Tapu Bulu|54\/100 psn|[from] drain|[of] p2a: Greninja\n|faint|p2a: Greninja\n|\n|-heal|p1a: Tapu Bulu|60\/100 psn|[from] item: Leftovers\n|-heal|p1a: Tapu Bulu|66\/100 psn|[from] Grassy Terrain\n|-damage|p1a: Tapu Bulu|53\/100 psn|[from] psn\n|upkeep\n|\n|switch|p2a: Tornadus|Tornadus-Therian, M|100\/100\n|turn|2\n|\n|switch|p1a: Zapdos|Zapdos|100\/100\n|move|p2a: Tornadus|Hurricane|p1a: Zapdos|[miss]\n|-miss|p2a: Tornadus|p1a: Zapdos\n|\n|upkeep\n|turn|3\n|\n|switch|p2a: Excadrill|Excadrill, F|100\/100\n|-ability|p2a: Excadrill|Mold Breaker\n|move|p1a: Zapdos|Heat Wave|p2a: Excadrill\n|-supereffective|p2a: Excadrill\n|-crit|p2a: Excadrill\n|-enditem|p2a: Excadrill|Focus Sash\n|-damage|p2a: Excadrill|1\/100\n|\n|-heal|p2a: Excadrill|7\/100|[from] Grassy Terrain\n|upkeep\n|turn|4\n|\n|switch|p2a: Tyranitar|Tyranitar, F|100\/100\n|-weather|Sandstorm|[from] ability: Sand Stream|[of] p2a: Tyranitar\n|move|p1a: Zapdos|Heat Wave|p2a: Tyranitar\n|-resisted|p2a: Tyranitar\n|-damage|p2a: Tyranitar|92\/100\n|\n|-weather|Sandstorm|[upkeep]\n|-damage|p1a: Zapdos|94\/100|[from] Sandstorm\n|-heal|p2a: Tyranitar|98\/100|[from] Grassy Terrain\n|upkeep\n|turn|5\n|\n|switch|p1a: Tapu Bulu|Tapu Bulu|53\/100 psn\n|detailschange|p2a: Tyranitar|Tyranitar-Mega, F\n|-mega|p2a: Tyranitar|Tyranitar|Tyranitarite\n|move|p2a: Tyranitar|Dragon Dance|p2a: Tyranitar\n|-boost|p2a: Tyranitar|atk|1\n|-boost|p2a: Tyranitar|spe|1\n|\n|-weather|Sandstorm|[upkeep]\n|-damage|p1a: Tapu Bulu|47\/100 psn|[from] Sandstorm\n|-heal|p2a: Tyranitar|100\/100|[from] Grassy Terrain\n|-heal|p1a: Tapu Bulu|53\/100 psn|[from] item: Leftovers\n|-heal|p1a: Tapu Bulu|59\/100 psn|[from] Grassy Terrain\n|-fieldend|move: Grassy Terrain\n|-damage|p1a: Tapu Bulu|47\/100 psn|[from] psn\n|upkeep\n|turn|6\n|\n|move|p2a: Tyranitar|Ice Punch|p1a: Tapu Bulu\n|-supereffective|p1a: Tapu Bulu\n|-damage|p1a: Tapu Bulu|0 fnt\n|faint|p1a: Tapu Bulu\n|\n|-weather|Sandstorm|[upkeep]\n|upkeep\n|inactive|Heat Ledger has 120 seconds left.\n|\n|switch|p1a: Garchomp|Garchomp, M|100\/100\n|turn|7\n|\n|move|p1a: Garchomp|Earthquake|p2a: Tyranitar\n|-supereffective|p2a: Tyranitar\n|-damage|p2a: Tyranitar|30\/100\n|move|p2a: Tyranitar|Ice Punch|p1a: Garchomp\n|-supereffective|p1a: Garchomp\n|-damage|p1a: Garchomp|0 fnt\n|-damage|p2a: Tyranitar|18\/100|[from] ability: Rough Skin|[of] p1a: Garchomp\n|faint|p1a: Garchomp\n|\n|-weather|Sandstorm|[upkeep]\n|upkeep\n|inactive|Heat Ledger has 120 seconds left.\n|\n|switch|p1a: Magearna|Magearna|100\/100\n|turn|8\n|\n|move|p2a: Tyranitar|Fire Punch|p1a: Magearna\n|-supereffective|p1a: Magearna\n|-damage|p1a: Magearna|26\/100\n|move|p1a: Magearna|Flash Cannon|p2a: Tyranitar\n|-supereffective|p2a: Tyranitar\n|-damage|p2a: Tyranitar|0 fnt\n|faint|p2a: Tyranitar\n|-ability|p1a: Magearna|Soul-Heart|boost\n|-boost|p1a: Magearna|spa|1\n|\n|-weather|none\n|upkeep\n|\n|switch|p2a: Celesteela|Celesteela|100\/100\n|turn|9\n|\n|move|p1a: Magearna|Pain Split|p2a: Celesteela\n|-sethp|p2a: Celesteela|61\/100|[from] move: Pain Split|[silent]\n|-sethp|p1a: Magearna|73\/100|[from] move: Pain Split\n|move|p2a: Celesteela|Flamethrower|p1a: Magearna\n|-supereffective|p1a: Magearna\n|-damage|p1a: Magearna|30\/100\n|\n|-heal|p2a: Celesteela|67\/100|[from] item: Leftovers\n|upkeep\n|turn|10\n|\n|move|p1a: Magearna|Pain Split|p2a: Celesteela\n|-sethp|p2a: Celesteela|46\/100|[from] move: Pain Split|[silent]\n|-sethp|p1a: Magearna|55\/100|[from] move: Pain Split\n|move|p2a: Celesteela|Leech Seed|p1a: Magearna\n|-start|p1a: Magearna|move: Leech Seed\n|\n|-heal|p2a: Celesteela|52\/100|[from] item: Leftovers\n|-damage|p1a: Magearna|43\/100|[from] Leech Seed|[of] p2a: Celesteela\n|-heal|p2a: Celesteela|62\/100|[silent]\n|upkeep\n|turn|11\n|\n|move|p1a: Magearna|Pain Split|p2a: Celesteela\n|-sethp|p2a: Celesteela|49\/100|[from] move: Pain Split|[silent]\n|-sethp|p1a: Magearna|58\/100|[from] move: Pain Split\n|move|p2a: Celesteela|Flamethrower|p1a: Magearna\n|-supereffective|p1a: Magearna\n|-damage|p1a: Magearna|21\/100\n|\n|-heal|p2a: Celesteela|55\/100|[from] item: Leftovers\n|-damage|p1a: Magearna|9\/100|[from] Leech Seed|[of] p2a: Celesteela\n|-heal|p2a: Celesteela|65\/100|[silent]\n|upkeep\n|turn|12\n|\n|move|p1a: Magearna|Thunderbolt|p2a: Celesteela\n|-supereffective|p2a: Celesteela\n|-damage|p2a: Celesteela|0 fnt\n|faint|p2a: Celesteela\n|-ability|p1a: Magearna|Soul-Heart|boost\n|-boost|p1a: Magearna|spa|1\n|\n|upkeep\n|\n|switch|p2a: Serperior|Serperior, F|100\/100\n|turn|13\n|\n|move|p2a: Serperior|Leaf Storm|p1a: Magearna|[miss]\n|-miss|p2a: Serperior|p1a: Magearna\n|-zpower|p1a: Magearna\n|move|p1a: Magearna|Corkscrew Crash|p2a: Serperior|[zeffect]\n|-damage|p2a: Serperior|0 fnt\n|faint|p2a: Serperior\n|-ability|p1a: Magearna|Soul-Heart|boost\n|-boost|p1a: Magearna|spa|1\n|\n|upkeep\n|\n|switch|p2a: Excadrill|Excadrill, F|7\/100\n|-ability|p2a: Excadrill|Mold Breaker\n|turn|14\n|\n|move|p2a: Excadrill|Earthquake|p1a: Magearna\n|-supereffective|p1a: Magearna\n|-damage|p1a: Magearna|0 fnt\n|faint|p1a: Magearna\n|\n|upkeep\n|\n|switch|p1a: Latios|Latios, M|100\/100\n|turn|15\n|\n|switch|p2a: Tornadus|Tornadus-Therian, M|100\/100\n|move|p1a: Latios|Surf|p2a: Tornadus\n|-damage|p2a: Tornadus|78\/100\n|-damage|p1a: Latios|91\/100|[from] item: Life Orb\n|\n|upkeep\n|turn|16\n|\n|switch|p1a: Zapdos|Zapdos|94\/100\n|move|p2a: Tornadus|Knock Off|p1a: Zapdos\n|-damage|p1a: Zapdos|80\/100\n|-damage|p2a: Tornadus|62\/100|[from] item: Rocky Helmet|[of] p1a: Zapdos\n|-status|p2a: Tornadus|par|[from] ability: Static|[of] p1a: Zapdos\n|-enditem|p1a: Zapdos|Rocky Helmet|[from] move: Knock Off|[of] p2a: Tornadus\n|\n|upkeep\n|turn|17\n|\n|switch|p2a: Excadrill|Excadrill, F|7\/100\n|-ability|p2a: Excadrill|Mold Breaker\n|move|p1a: Zapdos|Heat Wave|p2a: Excadrill\n|-supereffective|p2a: Excadrill\n|-damage|p2a: Excadrill|0 fnt\n|faint|p2a: Excadrill\n|\n|upkeep\n|\n|switch|p2a: Tornadus|Tornadus-Therian, M|95\/100 par\n|turn|18\n|\n|move|p1a: Zapdos|Discharge|p2a: Tornadus\n|-supereffective|p2a: Tornadus\n|-damage|p2a: Tornadus|54\/100 par\n|cant|p2a: Tornadus|par\n|\n|upkeep\n|turn|19\n|-message|Jakkkkkka forfeited.\n|\n|win|Heat Ledger\n|l|\u2606Jakkkkkka\n","uploadtime":1563818831,"views":3,"p1id":"heatledger","p2id":"jakkkkkka","formatid":"gen7ou","rating":0,"private":0,"password":null}