{"id":"gen7zu-1663526725","p1":"ayevon","p2":"gglrg","format":"gen7zu","log":"|j|\u2606ayevon\n|j|\u2606gglrg\n|t:|1663100920\n|gametype|singles\n|player|p1|ayevon|102|\n|player|p2|gglrg|ninjaboy|\n|teamsize|p1|6\n|teamsize|p2|6\n|gen|7\n|tier|[Gen 7] ZU\n|rated|Tournament battle\n|rule|Sleep Clause Mod: Limit one foe put to sleep\n|rule|Species Clause: Limit one of each Pok\u00e9mon\n|rule|OHKO Clause: OHKO moves are banned\n|rule|Moody Clause: Moody is banned\n|rule|Evasion Items Clause: Evasion items are banned\n|rule|Evasion Moves Clause: Evasion moves are banned\n|rule|Endless Battle Clause: Forcing endless battles is banned\n|rule|HP Percentage Mod: HP is shown in percentages\n|clearpoke\n|poke|p1|Chatot, M|item\n|poke|p1|Wishiwashi, L99, F|item\n|poke|p1|Marowak, M|item\n|poke|p1|Electivire, M|item\n|poke|p1|Gourgeist-*, F|item\n|poke|p1|Silvally-*|item\n|poke|p2|Bronzor|item\n|poke|p2|Mareanie, M|item\n|poke|p2|Servine, F|item\n|poke|p2|Bouffalant, M|item\n|poke|p2|Rapidash, M|item\n|poke|p2|Electivire, M|item\n|teampreview\n|inactive|Battle timer is ON: inactive players will automatically lose when time's up. (requested by ayevon)\n|inactive|gglrg also wants the timer to be on.\n|j| quagsgone\u30c4\n|c|\u2606gglrg|hf\n|j|%waterbends\n|c|\u2606ayevon|hf\n|j| corolla white\n|\n|t:|1663100946\n|start\n|switch|p1a: Marowak|Marowak, M|100\/100\n|switch|p2a: Servine|Servine, F|100\/100\n|turn|1\n|\n|t:|1663100950\n|switch|p1a: Silvally|Silvally-Poison|100\/100\n|move|p2a: Servine|Leaf Storm|p1a: Silvally\n|-resisted|p1a: Silvally\n|-damage|p1a: Silvally|86\/100\n|-boost|p2a: Servine|spa|2\n|\n|upkeep\n|turn|2\n|j|@OranBerryBlissey10\n|\n|t:|1663100970\n|switch|p2a: Bronzor|Bronzor|100\/100\n|move|p1a: Silvally|Ice Beam|p2a: Bronzor\n|-resisted|p2a: Bronzor\n|-damage|p2a: Bronzor|92\/100\n|\n|upkeep\n|turn|3\n|\n|t:|1663100974\n|move|p1a: Silvally|U-turn|p2a: Bronzor\n|-damage|p2a: Bronzor|80\/100\n|\n|t:|1663100976\n|switch|p1a: Marowak|Marowak, M|100\/100|[from]move: U-turn\n|move|p2a: Bronzor|Stealth Rock|p1a: Marowak\n|-sidestart|p1: ayevon|move: Stealth Rock\n|\n|upkeep\n|turn|4\n|j| Thuringen\n|\n|t:|1663100985\n|switch|p2a: Servine|Servine, F|100\/100\n|move|p1a: Marowak|Knock Off|p2a: Servine\n|-damage|p2a: Servine|61\/100\n|-enditem|p2a: Servine|Eviolite|[from] move: Knock Off|[of] p1a: Marowak\n|\n|upkeep\n|turn|5\n|\n|t:|1663100990\n|switch|p1a: Silvally|Silvally-Poison|86\/100\n|-damage|p1a: Silvally|74\/100|[from] Stealth Rock\n|move|p2a: Servine|Synthesis|p2a: Servine\n|-heal|p2a: Servine|100\/100\n|\n|upkeep\n|turn|6\n|\n|t:|1663100995\n|switch|p2a: Mareanie|Mareanie, M|100\/100\n|move|p1a: Silvally|Defog|p2a: Mareanie\n|-unboost|p2a: Mareanie|evasion|1\n|-sideend|p1: ayevon|Stealth Rock|[from] move: Defog|[of] p1a: Silvally\n|\n|upkeep\n|turn|7\n|\n|t:|1663101006\n|move|p1a: Silvally|U-turn|p2a: Mareanie\n|-resisted|p2a: Mareanie\n|-damage|p2a: Mareanie|95\/100\n|\n|t:|1663101010\n|switch|p1a: Wishiwashi|Wishiwashi, L99, F|100\/100|[from]move: U-turn\n|-formechange|p1a: Wishiwashi|Wishiwashi-School||[from] ability: Schooling\n|move|p2a: Mareanie|Scald|p1a: Wishiwashi\n|-resisted|p1a: Wishiwashi\n|-damage|p1a: Wishiwashi|95\/100\n|\n|-heal|p1a: Wishiwashi|100\/100|[from] item: Leftovers\n|upkeep\n|turn|8\n|l| corolla white\n|inactive|gglrg has 120 seconds left.\n|j| KingStone1208\n|inactive|gglrg has 90 seconds left.\n|l|%waterbends\n|inactive|gglrg has 60 seconds left.\n|c|\u2606ayevon|u good?\n|c| quagsgone\u30c4|greg\n|inactive|ayevon no longer wants the timer on, but the timer is staying on because gglrg still does.\n|c| Thuringen|gglrg\n|inactive|gglrg has 30 seconds left.\n|c|\u2606ayevon|rip sm tour\n|c|@OranBerryBlissey10|rip greg\n|inactive|gglrg has 20 seconds left.\n|\n|t:|1663101143\n|switch|p2a: Bronzor|Bronzor|80\/100\n|move|p1a: Wishiwashi|U-turn|p2a: Bronzor\n|-damage|p2a: Bronzor|62\/100\n|inactive|gglrg has 25 seconds left this turn.\n|c| quagsgone\u30c4|hes back!\n|\n|t:|1663101152\n|switch|p1a: Marowak|Marowak, M|100\/100|[from]move: U-turn\n|\n|upkeep\n|turn|9\n|\n|t:|1663101157\n|switch|p2a: Servine|Servine, F|100\/100\n|move|p1a: Marowak|Stealth Rock|p2a: Servine\n|-sidestart|p2: gglrg|move: Stealth Rock\n|\n|upkeep\n|turn|10\n|\n|t:|1663101160\n|switch|p1a: Silvally|Silvally-Poison|74\/100\n|move|p2a: Servine|Defog|p1a: Silvally\n|-unboost|p1a: Silvally|evasion|1\n|-sideend|p2: gglrg|Stealth Rock|[from] move: Defog|[of] p2a: Servine\n|\n|upkeep\n|turn|11\n|j| 85percent\n|inactive|gglrg has 30 seconds left.\n|\n|t:|1663101188\n|switch|p2a: Mareanie|Mareanie, M|100\/100\n|move|p1a: Silvally|U-turn|p2a: Mareanie\n|-resisted|p2a: Mareanie\n|-damage|p2a: Mareanie|96\/100\n|\n|t:|1663101195\n|switch|p1a: Marowak|Marowak, M|100\/100|[from]move: U-turn\n|\n|upkeep\n|turn|12\n|\n|t:|1663101204\n|switch|p2a: Servine|Servine, F|100\/100\n|move|p1a: Marowak|Stealth Rock|p2a: Servine\n|-sidestart|p2: gglrg|move: Stealth Rock\n|\n|upkeep\n|turn|13\n|\n|t:|1663101210\n|switch|p1a: Silvally|Silvally-Poison|74\/100\n|move|p2a: Servine|Defog|p1a: Silvally\n|-unboost|p1a: Silvally|evasion|1\n|-sideend|p2: gglrg|Stealth Rock|[from] move: Defog|[of] p2a: Servine\n|\n|upkeep\n|turn|14\n|\n|t:|1663101214\n|switch|p2a: Mareanie|Mareanie, M|100\/100\n|move|p1a: Silvally|U-turn|p2a: Mareanie\n|-resisted|p2a: Mareanie\n|-damage|p2a: Mareanie|96\/100\n|\n|t:|1663101216\n|switch|p1a: Electivire|Electivire, M|100\/100|[from]move: U-turn\n|\n|upkeep\n|turn|15\n|j| joey milktank\n|c| quagsgone\u30c4|i bet non knocked serv 1v1s silv poison\n|inactive|gglrg has 60 seconds left.\n|c|\u2606ayevon|depends on spreads\n|c|\u2606ayevon|prob not mine\n|c| quagsgone\u30c4|ah\n|\n|t:|1663101253\n|switch|p2a: Bronzor|Bronzor|62\/100\n|move|p1a: Electivire|Wild Charge|p2a: Bronzor\n|-damage|p2a: Bronzor|25\/100\n|-damage|p1a: Electivire|90\/100|[from] Recoil\n|\n|upkeep\n|turn|16\n|\n|t:|1663101258\n|switch|p1a: Marowak|Marowak, M|100\/100\n|switch|p2a: Electivire|Electivire, M|100\/100\n|\n|upkeep\n|turn|17\n|\n|t:|1663101262\n|switch|p2a: Servine|Servine, F|100\/100\n|move|p1a: Marowak|Stealth Rock|p2a: Servine\n|-sidestart|p2: gglrg|move: Stealth Rock\n|\n|upkeep\n|turn|18\n|\n|t:|1663101267\n|switch|p1a: Silvally|Silvally-Poison|74\/100\n|move|p2a: Servine|Defog|p1a: Silvally\n|-unboost|p1a: Silvally|evasion|1\n|-sideend|p2: gglrg|Stealth Rock|[from] move: Defog|[of] p2a: Servine\n|\n|upkeep\n|turn|19\n|inactive|gglrg has 60 seconds left.\n|\n|t:|1663101284\n|switch|p2a: Mareanie|Mareanie, M|100\/100\n|move|p1a: Silvally|Ice Beam|p2a: Mareanie\n|-resisted|p2a: Mareanie\n|-damage|p2a: Mareanie|83\/100\n|\n|upkeep\n|turn|20\n|inactive|gglrg has 60 seconds left.\n|\n|t:|1663101309\n|move|p1a: Silvally|Thunderbolt|p2a: Mareanie\n|-supereffective|p2a: Mareanie\n|-damage|p2a: Mareanie|11\/100\n|move|p2a: Mareanie|Scald|p1a: Silvally\n|-damage|p1a: Silvally|59\/100\n|\n|upkeep\n|turn|21\n|\n|t:|1663101318\n|switch|p2a: Electivire|Electivire, M|100\/100\n|move|p1a: Silvally|Ice Beam|p2a: Electivire\n|-damage|p2a: Electivire|55\/100\n|\n|upkeep\n|turn|22\n|l| KingStone1208\n|\n|t:|1663101337\n|switch|p1a: Marowak|Marowak, M|100\/100\n|move|p2a: Electivire|Ice Punch|p1a: Marowak\n|-supereffective|p1a: Marowak\n|-damage|p1a: Marowak|56\/100\n|\n|upkeep\n|turn|23\n|\n|t:|1663101354\n|switch|p2a: Servine|Servine, F|100\/100\n|move|p1a: Marowak|Stealth Rock|p2a: Servine\n|-sidestart|p2: gglrg|move: Stealth Rock\n|\n|upkeep\n|turn|24\n|\n|t:|1663101358\n|switch|p1a: Silvally|Silvally-Poison|59\/100\n|move|p2a: Servine|Defog|p1a: Silvally\n|-unboost|p1a: Silvally|evasion|1\n|-sideend|p2: gglrg|Stealth Rock|[from] move: Defog|[of] p2a: Servine\n|\n|upkeep\n|turn|25\n|inactive|gglrg has 30 seconds left.\n|inactive|gglrg has 20 seconds left.\n|j| KingStone1208\n|inactive|gglrg has 15 seconds left.\n|\n|t:|1663101398\n|switch|p2a: Mareanie|Mareanie, M|44\/100\n|move|p1a: Silvally|Ice Beam|p2a: Mareanie\n|-resisted|p2a: Mareanie\n|-damage|p2a: Mareanie|27\/100\n|\n|upkeep\n|turn|26\n|inactive|gglrg has 25 seconds left this turn.\n|inactive|gglrg has 20 seconds left.\n|inactive|gglrg has 15 seconds left.\n|inactive|gglrg has 10 seconds left.\n|\n|t:|1663101416\n|switch|p2a: Electivire|Electivire, M|55\/100\n|move|p1a: Silvally|U-turn|p2a: Electivire\n|-damage|p2a: Electivire|32\/100\n|inactive|gglrg has 15 seconds left this turn.\n|c| KingStone1208|uh oh\n|\n|t:|1663101419\n|switch|p1a: Marowak|Marowak, M|56\/100|[from]move: U-turn\n|\n|upkeep\n|turn|27\n|inactive|gglrg has 25 seconds left this turn.\n|\n|t:|1663101424\n|move|p2a: Electivire|Ice Punch|p1a: Marowak\n|-supereffective|p1a: Marowak\n|-damage|p1a: Marowak|14\/100\n|move|p1a: Marowak|Stealth Rock|p2a: Electivire\n|-sidestart|p2: gglrg|move: Stealth Rock\n|\n|upkeep\n|turn|28\n|\n|t:|1663101428\n|switch|p1a: Wishiwashi|Wishiwashi, L99, F|100\/100\n|-formechange|p1a: Wishiwashi|Wishiwashi-School||[from] ability: Schooling\n|move|p2a: Electivire|Ice Punch|p1a: Wishiwashi\n|-resisted|p1a: Wishiwashi\n|-damage|p1a: Wishiwashi|88\/100\n|\n|-heal|p1a: Wishiwashi|94\/100|[from] item: Leftovers\n|upkeep\n|turn|29\n|\n|t:|1663101436\n|switch|p2a: Mareanie|Mareanie, M|61\/100\n|-damage|p2a: Mareanie|48\/100|[from] Stealth Rock\n|move|p1a: Wishiwashi|U-turn|p2a: Mareanie\n|-resisted|p2a: Mareanie\n|-damage|p2a: Mareanie|41\/100\n|\n|t:|1663101439\n|switch|p1a: Chatot|Chatot, M|100\/100|[from]move: U-turn\n|\n|upkeep\n|turn|30\n|inactive|gglrg has 30 seconds left.\n|\n|t:|1663101467\n|switch|p2a: Bronzor|Bronzor|25\/100\n|-damage|p2a: Bronzor|19\/100|[from] Stealth Rock\n|move|p1a: Chatot|Boomburst|p2a: Bronzor\n|-resisted|p2a: Bronzor\n|-damage|p2a: Bronzor|1\/100\n|\n|upkeep\n|turn|31\n|\n|t:|1663101473\n|move|p1a: Chatot|Boomburst|p2a: Bronzor\n|-resisted|p2a: Bronzor\n|-damage|p2a: Bronzor|0 fnt\n|faint|p2a: Bronzor\n|\n|upkeep\n|\n|t:|1663101479\n|switch|p2a: Electivire|Electivire, M|32\/100\n|-damage|p2a: Electivire|20\/100|[from] Stealth Rock\n|turn|32\n|\n|t:|1663101487\n|switch|p1a: Gourgeist|Gourgeist-Small, F|100\/100\n|-item|p2a: Electivire|Choice Scarf|[from] ability: Frisk|[of] p1a: Gourgeist|[identify]\n|move|p2a: Electivire|Volt Switch|p1a: Gourgeist\n|-resisted|p1a: Gourgeist\n|-damage|p1a: Gourgeist|86\/100\n|\n|t:|1663101496\n|switch|p2a: Rapidash|Rapidash, M|100\/100|[from]move: Volt Switch\n|-damage|p2a: Rapidash|76\/100|[from] Stealth Rock\n|\n|upkeep\n|turn|33\n|inactive|gglrg has 30 seconds left.\n|inactive|gglrg has 20 seconds left.\n|inactive|gglrg has 15 seconds left.\n|\n|t:|1663101533\n|switch|p1a: Wishiwashi|Wishiwashi, L99, F|94\/100\n|-formechange|p1a: Wishiwashi|Wishiwashi-School||[from] ability: Schooling\n|move|p2a: Rapidash|Will-O-Wisp|p1a: Wishiwashi\n|-status|p1a: Wishiwashi|brn\n|\n|-heal|p1a: Wishiwashi|99\/100 brn|[from] item: Leftovers\n|-damage|p1a: Wishiwashi|94\/100 brn|[from] brn\n|upkeep\n|turn|34\n|inactive|gglrg has 25 seconds left this turn.\n|inactive|gglrg has 20 seconds left.\n|\n|t:|1663101544\n|switch|p2a: Mareanie|Mareanie, M|74\/100\n|-damage|p2a: Mareanie|62\/100|[from] Stealth Rock\n|switch|p1a: Marowak|Marowak, M|14\/100\n|\n|upkeep\n|turn|35\n|inactive|gglrg has 30 seconds left this turn.\n|\n|t:|1663101551\n|switch|p1a: Silvally|Silvally-Poison|59\/100\n|switch|p2a: Servine|Servine, F|100\/100\n|-damage|p2a: Servine|88\/100|[from] Stealth Rock\n|\n|upkeep\n|turn|36\n|inactive|gglrg has 30 seconds left.\n|inactive|gglrg has 20 seconds left.\n|inactive|gglrg has 15 seconds left.\n|inactive|gglrg has 10 seconds left.\n|inactive|gglrg has 5 seconds left.\n|\n|t:|1663101582\n|switch|p2a: Mareanie|Mareanie, M|95\/100\n|-damage|p2a: Mareanie|82\/100|[from] Stealth Rock\n|move|p1a: Silvally|Ice Beam|p2a: Mareanie\n|-resisted|p2a: Mareanie\n|-damage|p2a: Mareanie|64\/100\n|\n|upkeep\n|turn|37\n|inactive|gglrg has 15 seconds left this turn.\n|inactive|gglrg has 10 seconds left.\n|inactive|gglrg has 5 seconds left.\n|\n|t:|1663101594\n|switch|p2a: Electivire|Electivire, M|20\/100\n|-damage|p2a: Electivire|8\/100|[from] Stealth Rock\n|move|p1a: Silvally|Thunderbolt|p2a: Electivire\n|-ability|p2a: Electivire|Motor Drive|boost\n|-boost|p2a: Electivire|spe|1\n|\n|upkeep\n|turn|38\n|inactive|gglrg has 15 seconds left this turn.\n|inactive|gglrg has 10 seconds left.\n|inactive|gglrg has 5 seconds left.\n|\n|t:|1663101607\n|switch|p1a: Marowak|Marowak, M|14\/100\n|move|p2a: Electivire|Ice Punch|p1a: Marowak\n|-supereffective|p1a: Marowak\n|-damage|p1a: Marowak|0 fnt\n|faint|p1a: Marowak\n|\n|upkeep\n|inactive|gglrg has 10 seconds left this turn.\n|\n|t:|1663101612\n|switch|p1a: Wishiwashi|Wishiwashi, L99, F|94\/100 brn\n|-formechange|p1a: Wishiwashi|Wishiwashi-School||[from] ability: Schooling\n|turn|39\n|inactive|gglrg has 20 seconds left this turn.\n|\n|t:|1663101616\n|switch|p2a: Mareanie|Mareanie, M|98\/100\n|-damage|p2a: Mareanie|85\/100|[from] Stealth Rock\n|move|p1a: Wishiwashi|U-turn|p2a: Mareanie\n|-resisted|p2a: Mareanie\n|-damage|p2a: Mareanie|81\/100\n|inactive|gglrg has 25 seconds left this turn.\n|\n|t:|1663101620\n|switch|p1a: Silvally|Silvally-Poison|59\/100|[from]move: U-turn\n|\n|upkeep\n|turn|40\n|inactive|gglrg has 30 seconds left.\n|inactive|gglrg has 20 seconds left.\n|inactive|gglrg has 15 seconds left.\n|inactive|gglrg has 10 seconds left.\n|\n|t:|1663101650\n|move|p1a: Silvally|Thunderbolt|p2a: Mareanie\n|-supereffective|p2a: Mareanie\n|-damage|p2a: Mareanie|17\/100\n|move|p2a: Mareanie|Scald|p1a: Silvally\n|-damage|p1a: Silvally|45\/100\n|-status|p1a: Silvally|brn\n|\n|-damage|p1a: Silvally|39\/100 brn|[from] brn\n|upkeep\n|turn|41\n|inactive|gglrg has 20 seconds left this turn.\n|inactive|gglrg has 15 seconds left.\n|\n|t:|1663101656\n|switch|p2a: Electivire|Electivire, M|8\/100\n|-damage|p2a: Electivire|0 fnt|[from] Stealth Rock\n|faint|p2a: Electivire\n|move|p1a: Silvally|Thunderbolt|p2: Electivire|[notarget]\n|-fail|p1a: Silvally\n|\n|-damage|p1a: Silvally|33\/100 brn|[from] brn\n|upkeep\n|inactive|gglrg has 20 seconds left this turn.\n|l| KingStone1208\n|inactive|gglrg has 15 seconds left.\n|inactive|gglrg has 10 seconds left.\n|\n|t:|1663101670\n|switch|p2a: Rapidash|Rapidash, M|76\/100\n|-damage|p2a: Rapidash|51\/100|[from] Stealth Rock\n|turn|42\n|inactive|gglrg has 20 seconds left this turn.\n|inactive|gglrg has 15 seconds left.\n|\n|t:|1663101679\n|switch|p1a: Wishiwashi|Wishiwashi, L99, F|94\/100 brn\n|-formechange|p1a: Wishiwashi|Wishiwashi-School||[from] ability: Schooling\n|move|p2a: Rapidash|Morning Sun|p2a: Rapidash\n|-heal|p2a: Rapidash|100\/100\n|\n|-heal|p1a: Wishiwashi|99\/100 brn|[from] item: Leftovers\n|-damage|p1a: Wishiwashi|94\/100 brn|[from] brn\n|upkeep\n|turn|43\n|inactive|gglrg has 25 seconds left this turn.\n|inactive|gglrg has 20 seconds left.\n|inactive|gglrg has 15 seconds left.\n|inactive|gglrg has 10 seconds left.\n|inactive|gglrg has 5 seconds left.\n|-message|gglrg lost due to inactivity.\n|\n|win|ayevon\n|n|\u2606ayevon|ayevon\n|n|\u2606gglrg|gglrg\n|n| quagsgone\u30c4|quagsgone\n|n| OranBerryBlissey10|oranberryblissey10\n|n| Thuringen|thuringen\n|n| 85percent|85percent\n|n| joey milktank|joeymilktank\n","uploadtime":1663101705,"views":10,"p1id":"ayevon","p2id":"gglrg","formatid":"gen7zu","rating":0,"private":0,"password":null}