{"id":"gen7ou-921845413","p1":"Raelonus","p2":"whyaddicted","format":"gen7ou","log":"|j|\u2606Raelonus\n|j|\u2606whyaddicted\n|player|p1|Raelonus|170\n|player|p2|whyaddicted|169\n|teamsize|p1|6\n|teamsize|p2|6\n|gametype|singles\n|gen|7\n|tier|[Gen 7] OU\n|rated|\n|rule|Sleep Clause Mod: Limit one foe put to sleep\n|rule|Species Clause: Limit one of each Pok\u00e9mon\n|rule|OHKO Clause: OHKO moves are banned\n|rule|Moody Clause: Moody is banned\n|rule|Evasion Moves Clause: Evasion moves are banned\n|rule|Endless Battle Clause: Forcing endless battles is banned\n|rule|HP Percentage Mod: HP is shown in percentages\n|clearpoke\n|poke|p1|Pelipper, M|item\n|poke|p1|Swampert, M|item\n|poke|p1|Kingdra, M|item\n|poke|p1|Tapu Koko|item\n|poke|p1|Hawlucha, M|item\n|poke|p1|Ferrothorn, M|item\n|poke|p2|Diancie|item\n|poke|p2|Entei|item\n|poke|p2|Tapu Fini|item\n|poke|p2|Tornadus-Therian, M|item\n|poke|p2|Ferrothorn, F|item\n|poke|p2|Landorus-Therian, M|item\n|teampreview\n|j| ok ryan\n|\n|start\n|switch|p1a: Pelipper|Pelipper, M|323\/323\n|switch|p2a: Tornadus|Tornadus-Therian, M|299\/299\n|-weather|RainDance|[from] ability: Drizzle|[of] p1a: Pelipper\n|turn|1\n|\n|switch|p1a: Tapu Koko|Tapu Koko, shiny|281\/281\n|-fieldstart|move: Electric Terrain|[from] ability: Electric Surge|[of] p1a: Tapu Koko\n|move|p2a: Tornadus|Hurricane|p1a: Tapu Koko\n|-resisted|p1a: Tapu Koko\n|-damage|p1a: Tapu Koko|173\/281\n|\n|-weather|RainDance|[upkeep]\n|upkeep\n|turn|2\n|\n|switch|p2a: Ferrothorn|Ferrothorn, F|351\/351\n|move|p1a: Tapu Koko|U-turn|p2a: Ferrothorn\n|-damage|p2a: Ferrothorn|310\/351\n|-damage|p1a: Tapu Koko|138\/281|[from] ability: Iron Barbs|[of] p2a: Ferrothorn\n|j| Yugimora\u2605\n|l| ok ryan\n|\n|switch|p1a: Swampert|Swampert, M|341\/341\n|\n|-weather|RainDance|[upkeep]\n|-heal|p2a: Ferrothorn|331\/351|[from] item: Leftovers\n|upkeep\n|turn|3\n|inactive|Battle timer is ON: inactive players will automatically lose when time's up. (requested by whyaddicted)\n|\n|detailschange|p1a: Swampert|Swampert-Mega, M\n|-mega|p1a: Swampert|Swampert|Swampertite\n|move|p1a: Swampert|Stealth Rock|p2a: Ferrothorn\n|-sidestart|p2: whyaddicted|move: Stealth Rock\n|move|p2a: Ferrothorn|Power Whip|p1a: Swampert\n|-supereffective|p1a: Swampert\n|-damage|p1a: Swampert|0 fnt\n|faint|p1a: Swampert\n|\n|-weather|RainDance|[upkeep]\n|-heal|p2a: Ferrothorn|351\/351|[from] item: Leftovers\n|upkeep\n|\n|switch|p1a: Ferrothorn|Ferrothorn, M, shiny|352\/352\n|turn|4\n|\n|switch|p1a: Tapu Koko|Tapu Koko, shiny|138\/281\n|move|p2a: Ferrothorn|Stealth Rock|p1a: Tapu Koko\n|-sidestart|p1: Raelonus|move: Stealth Rock\n|\n|-weather|RainDance|[upkeep]\n|upkeep\n|turn|5\n|\n|switch|p1a: Ferrothorn|Ferrothorn, M, shiny|352\/352\n|-damage|p1a: Ferrothorn|330\/352|[from] Stealth Rock\n|move|p2a: Ferrothorn|Leech Seed|p1a: Ferrothorn|[miss]\n|-miss|p2a: Ferrothorn|p1a: Ferrothorn\n|\n|-weather|RainDance|[upkeep]\n|-heal|p1a: Ferrothorn|352\/352|[from] item: Leftovers\n|-fieldend|move: Electric Terrain\n|upkeep\n|turn|6\n|\n|switch|p2a: Entei|Entei, shiny|371\/371\n|-damage|p2a: Entei|279\/371|[from] Stealth Rock\n|-ability|p2a: Entei|Pressure\n|move|p1a: Ferrothorn|Spikes|p2a: Entei\n|-sidestart|p2: whyaddicted|Spikes\n|\n|-weather|RainDance|[upkeep]\n|upkeep\n|turn|7\n|\n|switch|p1a: Kingdra|Kingdra, M|291\/291\n|-damage|p1a: Kingdra|255\/291|[from] Stealth Rock\n|move|p2a: Entei|Sacred Fire|p1a: Kingdra\n|-resisted|p1a: Kingdra\n|-damage|p1a: Kingdra|219\/291\n|\n|-weather|RainDance|[upkeep]\n|upkeep\n|turn|8\n|\n|switch|p2a: Ferrothorn|Ferrothorn, F|351\/351\n|-damage|p2a: Ferrothorn|308\/351|[from] Spikes\n|-damage|p2a: Ferrothorn|287\/351|[from] Stealth Rock\n|move|p1a: Kingdra|Surf|p2a: Ferrothorn\n|-resisted|p2a: Ferrothorn\n|-damage|p2a: Ferrothorn|189\/351\n|\n|-weather|none\n|-heal|p2a: Ferrothorn|210\/351|[from] item: Leftovers\n|upkeep\n|turn|9\n|\n|switch|p1a: Tapu Koko|Tapu Koko, shiny|138\/281\n|-damage|p1a: Tapu Koko|103\/281|[from] Stealth Rock\n|-fieldstart|move: Electric Terrain|[from] ability: Electric Surge|[of] p1a: Tapu Koko\n|switch|p2a: Tornadus|Tornadus-Therian, M|299\/299\n|-damage|p2a: Tornadus|225\/299|[from] Stealth Rock\n|\n|upkeep\n|turn|10\n|l| Yugimora\u2605\n|\n|switch|p2a: Landorus|Landorus-Therian, M|319\/319\n|-damage|p2a: Landorus|280\/319|[from] Stealth Rock\n|-ability|p2a: Landorus|Intimidate|boost\n|-unboost|p1a: Tapu Koko|atk|1\n|move|p1a: Tapu Koko|Thunder|p2a: Landorus\n|-immune|p2a: Landorus\n|\n|upkeep\n|turn|11\n|\n|move|p2a: Landorus|Defog|p1a: Tapu Koko\n|-unboost|p1a: Tapu Koko|evasion|1\n|-sideend|p1: Raelonus|Stealth Rock|[from] move: Defog|[of] p2a: Landorus\n|-sideend|p2: whyaddicted|Spikes|[from] move: Defog|[of] p2a: Landorus\n|-sideend|p2: whyaddicted|Stealth Rock|[from] move: Defog|[of] p2a: Landorus\n|-zpower|p1a: Tapu Koko\n|move|p1a: Tapu Koko|Twinkle Tackle|p2a: Landorus|[zeffect]\n|-damage|p2a: Landorus|22\/319\n|\n|upkeep\n|turn|12\n|\n|switch|p2a: Ferrothorn|Ferrothorn, F|210\/351\n|move|p1a: Tapu Koko|U-turn|p2a: Ferrothorn\n|-damage|p2a: Ferrothorn|183\/351\n|-damage|p1a: Tapu Koko|68\/281|[from] ability: Iron Barbs|[of] p2a: Ferrothorn\n|\n|switch|p1a: Hawlucha|Hawlucha, M|321\/321\n|-enditem|p1a: Hawlucha|Electric Seed\n|-boost|p1a: Hawlucha|def|1\n|\n|-heal|p2a: Ferrothorn|204\/351|[from] item: Leftovers\n|upkeep\n|turn|13\n|\n|switch|p2a: Tapu Fini|Tapu Fini|343\/343\n|-fieldstart|move: Misty Terrain|[from] ability: Misty Surge|[of] p2a: Tapu Fini\n|move|p1a: Hawlucha|Swords Dance|p1a: Hawlucha\n|-boost|p1a: Hawlucha|atk|2\n|\n|upkeep\n|turn|14\n|\n|move|p1a: Hawlucha|Acrobatics|p2a: Tapu Fini\n|-damage|p2a: Tapu Fini|135\/343\n|move|p2a: Tapu Fini|Moonblast|p1a: Hawlucha\n|-supereffective|p1a: Hawlucha\n|-damage|p1a: Hawlucha|13\/321\n|\n|-heal|p2a: Tapu Fini|156\/343|[from] item: Leftovers\n|upkeep\n|turn|15\n|\n|move|p1a: Hawlucha|Swords Dance|p1a: Hawlucha\n|-boost|p1a: Hawlucha|atk|2\n|move|p2a: Tapu Fini|Moonblast|p1a: Hawlucha\n|-supereffective|p1a: Hawlucha\n|-damage|p1a: Hawlucha|0 fnt\n|faint|p1a: Hawlucha\n|\n|-heal|p2a: Tapu Fini|177\/343|[from] item: Leftovers\n|upkeep\n|\n|switch|p1a: Tapu Koko|Tapu Koko, shiny|68\/281\n|-fieldstart|move: Electric Terrain|[from] ability: Electric Surge|[of] p1a: Tapu Koko\n|turn|16\n|-message|Raelonus forfeited.\n|\n|win|whyaddicted\n|l|\u2606Raelonus\n|raw|Raelonus's rating: 1806 &rarr; <strong>1789<\/strong><br \/>(-17 for losing)\n|raw|whyaddicted's rating: 1852 &rarr; <strong>1870<\/strong><br \/>(+18 for winning)\n","uploadtime":1559622721,"views":77,"p1id":"raelonus","p2id":"whyaddicted","formatid":"gen7ou","rating":1789,"private":0,"password":null}