{"id":"gen7uu-895606713","p1":"OGamer289","p2":"akuseru-mx","format":"gen7uu","log":"|j|\u2606OGamer289\n|j|\u2606akuseru-mx\n|player|p1|OGamer289|153\n|player|p2|akuseru-mx|212\n|teamsize|p1|6\n|teamsize|p2|6\n|gametype|singles\n|gen|7\n|tier|[Gen 7] UU\n|rated|\n|rule|Sleep Clause Mod: Limit one foe put to sleep\n|rule|Species Clause: Limit one of each Pok\u00e9mon\n|rule|OHKO Clause: OHKO moves are banned\n|rule|Moody Clause: Moody is banned\n|rule|Evasion Moves Clause: Evasion moves are banned\n|rule|Endless Battle Clause: Forcing endless battles is banned\n|rule|HP Percentage Mod: HP is shown in percentages\n|clearpoke\n|poke|p1|Aggron, M|item\n|poke|p1|Golisopod, M|item\n|poke|p1|Reuniclus, M|item\n|poke|p1|Rotom|item\n|poke|p1|Emboar, M|item\n|poke|p1|Swellow, M|item\n|poke|p2|Scizor, M|item\n|poke|p2|Hydreigon, M|item\n|poke|p2|Manectric, M|item\n|poke|p2|Primarina, F|item\n|poke|p2|Terrakion|item\n|poke|p2|Togekiss, M|item\n|teampreview\n|inactive|Battle timer is ON: inactive players will automatically lose when time's up. (requested by OGamer289)\n|\n|start\n|switch|p1a: Harter Boy|Aggron, M|100\/100\n|switch|p2a: Manectric|Manectric, M|100\/100\n|turn|1\n|\n|detailschange|p2a: Manectric|Manectric-Mega, M\n|-mega|p2a: Manectric|Manectric|Manectite\n|-ability|p2a: Manectric|Intimidate|boost\n|-unboost|p1a: Harter Boy|atk|1\n|detailschange|p1a: Harter Boy|Aggron-Mega, M\n|-mega|p1a: Harter Boy|Aggron|Aggronite\n|move|p2a: Manectric|Volt Switch|p1a: Harter Boy\n|-damage|p1a: Harter Boy|68\/100\n|\n|switch|p2a: Primarina|Primarina, F|100\/100\n|move|p1a: Harter Boy|Stealth Rock|p2a: Primarina\n|-sidestart|p2: akuseru-mx|move: Stealth Rock\n|\n|upkeep\n|turn|2\n|\n|switch|p1a: Glibber|Reuniclus, M, shiny|100\/100\n|move|p2a: Primarina|Scald|p1a: Glibber\n|-damage|p1a: Glibber|80\/100\n|\n|upkeep\n|turn|3\n|\n|move|p2a: Primarina|Moonblast|p1a: Glibber\n|-damage|p1a: Glibber|57\/100\n|move|p1a: Glibber|Energy Ball|p2a: Primarina\n|-supereffective|p2a: Primarina\n|-damage|p2a: Primarina|70\/100\n|\n|upkeep\n|turn|4\n|\n|move|p2a: Primarina|Moonblast|p1a: Glibber\n|-damage|p1a: Glibber|33\/100\n|move|p1a: Glibber|Knock Off|p2a: Primarina\n|-resisted|p2a: Primarina\n|-damage|p2a: Primarina|61\/100\n|-enditem|p2a: Primarina|Assault Vest|[from] move: Knock Off|[of] p1a: Glibber\n|\n|upkeep\n|turn|5\n|\n|switch|p1a: BZZZZZZ|Rotom|100\/100\n|move|p2a: Primarina|Moonblast|p1a: BZZZZZZ\n|-damage|p1a: BZZZZZZ|5\/100\n|-unboost|p1a: BZZZZZZ|spa|1\n|\n|-heal|p1a: BZZZZZZ|11\/100|[from] item: Leftovers\n|upkeep\n|turn|6\n|\n|move|p1a: BZZZZZZ|Volt Switch|p2a: Primarina\n|-supereffective|p2a: Primarina\n|-damage|p2a: Primarina|30\/100\n|\n|switch|p1a: Glibber|Reuniclus, M, shiny|67\/100\n|move|p2a: Primarina|Scald|p1a: Glibber\n|-damage|p1a: Glibber|35\/100\n|\n|upkeep\n|turn|7\n|\n|switch|p1a: BZZZZZZ|Rotom|11\/100\n|move|p2a: Primarina|Moonblast|p1a: BZZZZZZ\n|-damage|p1a: BZZZZZZ|0 fnt\n|faint|p1a: BZZZZZZ\n|\n|upkeep\n|\n|switch|p1a: Swellow|Swellow, M|100\/100\n|turn|8\n|\n|move|p1a: Swellow|Boomburst|p2a: Primarina\n|-damage|p2a: Primarina|0 fnt\n|faint|p2a: Primarina\n|\n|upkeep\n|\n|switch|p2a: Manectric|Manectric-Mega, M|100\/100\n|-damage|p2a: Manectric|88\/100|[from] Stealth Rock\n|-ability|p2a: Manectric|Intimidate|boost\n|-unboost|p1a: Swellow|atk|1\n|turn|9\n|\n|move|p2a: Manectric|Thunderbolt|p1a: Swellow\n|-supereffective|p1a: Swellow\n|-damage|p1a: Swellow|0 fnt\n|faint|p1a: Swellow\n|\n|upkeep\n|\n|switch|p1a: Glibber|Reuniclus, M, shiny|68\/100\n|turn|10\n|\n|move|p2a: Manectric|Volt Switch|p1a: Glibber\n|-damage|p1a: Glibber|52\/100\n|\n|switch|p2a: Hydreigon|Hydreigon, M|100\/100\n|-damage|p2a: Hydreigon|88\/100|[from] Stealth Rock\n|move|p1a: Glibber|Psychic|p2a: Hydreigon\n|-immune|p2a: Hydreigon\n|\n|upkeep\n|turn|11\n|\n|switch|p1a: Harter Boy|Aggron-Mega, M|68\/100\n|move|p2a: Hydreigon|U-turn|p1a: Harter Boy\n|-resisted|p1a: Harter Boy\n|-damage|p1a: Harter Boy|64\/100\n|\n|switch|p2a: Manectric|Manectric-Mega, M|88\/100\n|-damage|p2a: Manectric|76\/100|[from] Stealth Rock\n|-ability|p2a: Manectric|Intimidate|boost\n|-unboost|p1a: Harter Boy|atk|1\n|\n|upkeep\n|turn|12\n|\n|switch|p1a: Glibber|Reuniclus, M, shiny|85\/100\n|move|p2a: Manectric|Thunderbolt|p1a: Glibber\n|-damage|p1a: Glibber|65\/100\n|\n|upkeep\n|turn|13\n|\n|move|p2a: Manectric|Volt Switch|p1a: Glibber\n|-damage|p1a: Glibber|48\/100\n|\n|switch|p2a: Scizor|Scizor, M|100\/100\n|-damage|p2a: Scizor|88\/100|[from] Stealth Rock\n|move|p1a: Glibber|Psychic|p2a: Scizor\n|-resisted|p2a: Scizor\n|-damage|p2a: Scizor|60\/100\n|\n|upkeep\n|turn|14\n|\n|switch|p1a: Harter Boy|Aggron-Mega, M|64\/100\n|move|p2a: Scizor|U-turn|p1a: Harter Boy\n|-resisted|p1a: Harter Boy\n|-crit|p1a: Harter Boy\n|-damage|p1a: Harter Boy|45\/100\n|\n|switch|p2a: Manectric|Manectric-Mega, M|76\/100\n|-damage|p2a: Manectric|63\/100|[from] Stealth Rock\n|-ability|p2a: Manectric|Intimidate|boost\n|-unboost|p1a: Harter Boy|atk|1\n|\n|upkeep\n|turn|15\n|\n|move|p2a: Manectric|Volt Switch|p1a: Harter Boy\n|-damage|p1a: Harter Boy|13\/100\n|\n|switch|p2a: Hydreigon|Hydreigon, M|88\/100\n|-damage|p2a: Hydreigon|76\/100|[from] Stealth Rock\n|move|p1a: Harter Boy|Heavy Slam|p2a: Hydreigon\n|-damage|p2a: Hydreigon|56\/100\n|\n|upkeep\n|turn|16\n|\n|move|p2a: Hydreigon|U-turn|p1a: Harter Boy\n|-resisted|p1a: Harter Boy\n|-damage|p1a: Harter Boy|9\/100\n|\n|switch|p2a: Manectric|Manectric-Mega, M|63\/100\n|-damage|p2a: Manectric|51\/100|[from] Stealth Rock\n|-ability|p2a: Manectric|Intimidate|boost\n|-unboost|p1a: Harter Boy|atk|1\n|move|p1a: Harter Boy|Heavy Slam|p2a: Manectric\n|-resisted|p2a: Manectric\n|-damage|p2a: Manectric|30\/100\n|\n|upkeep\n|turn|17\n|\n|switch|p1a: Glibber|Reuniclus, M, shiny|82\/100\n|move|p2a: Manectric|Thunderbolt|p1a: Glibber\n|-damage|p1a: Glibber|61\/100\n|\n|upkeep\n|turn|18\n|\n|move|p2a: Manectric|Thunderbolt|p1a: Glibber\n|-damage|p1a: Glibber|41\/100\n|move|p1a: Glibber|Shadow Ball|p2a: Manectric\n|-damage|p2a: Manectric|0 fnt\n|faint|p2a: Manectric\n|\n|upkeep\n|\n|switch|p2a: Togekiss|Togekiss, M|100\/100\n|-damage|p2a: Togekiss|76\/100|[from] Stealth Rock\n|turn|19\n|\n|switch|p1a: Harter Boy|Aggron-Mega, M|9\/100\n|move|p2a: Togekiss|Defog|p1a: Harter Boy\n|-unboost|p1a: Harter Boy|evasion|1\n|-sideend|p2: akuseru-mx|Stealth Rock|[from] move: Defog|[of] p2a: Togekiss\n|\n|-heal|p2a: Togekiss|82\/100|[from] item: Leftovers\n|upkeep\n|turn|20\n|\n|move|p2a: Togekiss|Air Slash|p1a: Harter Boy\n|-resisted|p1a: Harter Boy\n|-damage|p1a: Harter Boy|0 fnt\n|faint|p1a: Harter Boy\n|\n|-heal|p2a: Togekiss|88\/100|[from] item: Leftovers\n|upkeep\n|\n|switch|p1a: Glibber|Reuniclus, M, shiny|74\/100\n|turn|21\n|\n|move|p2a: Togekiss|Air Slash|p1a: Glibber\n|-damage|p1a: Glibber|60\/100\n|cant|p1a: Glibber|flinch\n|\n|-heal|p2a: Togekiss|94\/100|[from] item: Leftovers\n|upkeep\n|turn|22\n|\n|move|p2a: Togekiss|Air Slash|p1a: Glibber|[miss]\n|-miss|p2a: Togekiss|p1a: Glibber\n|move|p1a: Glibber|Psychic|p2a: Togekiss\n|-crit|p2a: Togekiss\n|-damage|p2a: Togekiss|51\/100\n|\n|-heal|p2a: Togekiss|57\/100|[from] item: Leftovers\n|upkeep\n|turn|23\n|\n|move|p2a: Togekiss|Air Slash|p1a: Glibber\n|-damage|p1a: Glibber|47\/100\n|cant|p1a: Glibber|flinch\n|\n|-heal|p2a: Togekiss|64\/100|[from] item: Leftovers\n|upkeep\n|turn|24\n|\n|move|p2a: Togekiss|Roost|p2a: Togekiss\n|-heal|p2a: Togekiss|100\/100\n|-singleturn|p2a: Togekiss|move: Roost\n|move|p1a: Glibber|Psychic|p2a: Togekiss\n|-damage|p2a: Togekiss|70\/100\n|\n|-heal|p2a: Togekiss|76\/100|[from] item: Leftovers\n|upkeep\n|turn|25\n|\n|switch|p2a: Hydreigon|Hydreigon, M|56\/100\n|move|p1a: Glibber|Psychic|p2a: Hydreigon\n|-immune|p2a: Hydreigon\n|\n|upkeep\n|turn|26\n|\n|switch|p1a: Schweinebacke|Emboar, M|100\/100\n|move|p2a: Hydreigon|Draco Meteor|p1a: Schweinebacke\n|-damage|p1a: Schweinebacke|25\/100\n|-unboost|p2a: Hydreigon|spa|2\n|\n|-heal|p1a: Schweinebacke|32\/100|[from] item: Leftovers\n|upkeep\n|turn|27\n|\n|move|p1a: Schweinebacke|Sucker Punch|p2a: Hydreigon\n|-resisted|p2a: Hydreigon\n|-damage|p2a: Hydreigon|40\/100\n|move|p2a: Hydreigon|Draco Meteor|p1a: Schweinebacke\n|-damage|p1a: Schweinebacke|0 fnt\n|-unboost|p2a: Hydreigon|spa|2\n|faint|p1a: Schweinebacke\n|\n|upkeep\n|\n|switch|p1a: Grievous|Golisopod, M, shiny|100\/100\n|turn|28\n|\n|switch|p2a: Togekiss|Togekiss, M|76\/100\n|move|p1a: Grievous|First Impression|p2a: Togekiss\n|-resisted|p2a: Togekiss\n|-damage|p2a: Togekiss|68\/100\n|\n|-heal|p2a: Togekiss|74\/100|[from] item: Leftovers\n|upkeep\n|turn|29\n|\n|move|p2a: Togekiss|Air Slash|p1a: Grievous\n|-supereffective|p1a: Grievous\n|-damage|p1a: Grievous|42\/100\n|-activate|p1a: Grievous|ability: Emergency Exit\n|\n|switch|p1a: Glibber|Reuniclus, M, shiny|80\/100\n|\n|-heal|p2a: Togekiss|80\/100|[from] item: Leftovers\n|upkeep\n|turn|30\n|\n|move|p2a: Togekiss|Air Slash|p1a: Glibber\n|-damage|p1a: Glibber|68\/100\n|cant|p1a: Glibber|flinch\n|\n|-heal|p2a: Togekiss|86\/100|[from] item: Leftovers\n|upkeep\n|turn|31\n|l|\u2606OGamer289\n|inactive|OGamer289 disconnected and has a minute to reconnect!\n|player|p1|\n|inactive|OGamer289 has 30 seconds to reconnect!\n|inactive|OGamer289 has 20 seconds to reconnect!\n|inactive|OGamer289 has 15 seconds to reconnect!\n|inactive|OGamer289 has 10 seconds to reconnect!\n|inactive|OGamer289 has 5 seconds to reconnect!\n|-message|OGamer289 lost due to inactivity.\n|\n|win|akuseru-mx\n","uploadtime":1555684388,"views":1,"p1id":"ogamer289","p2id":"akuserumx","formatid":"gen7uu","rating":0,"private":0,"password":null}