{"id":"gen7ou-792375460","p1":"lt54sl 6k4d4","p2":"H4WT \u2605","format":"gen7ou","log":"|j|\u2606lt54sl 6k4d4\n|j|\u203dH4WT \u2605\n|player|p1|lt54sl 6k4d4|#yellow\n|player|p2|H4WT \u2605|165\n|teamsize|p1|6\n|teamsize|p2|6\n|gametype|singles\n|gen|7\n|tier|[Gen 7] OU\n|rated|\n|rule|Sleep Clause Mod: Limit one foe put to sleep\n|rule|Species Clause: Limit one of each Pok\u00e9mon\n|rule|OHKO Clause: OHKO moves are banned\n|rule|Moody Clause: Moody is banned\n|rule|Evasion Moves Clause: Evasion moves are banned\n|rule|Endless Battle Clause: Forcing endless battles is banned\n|rule|HP Percentage Mod: HP is shown in percentages\n|clearpoke\n|poke|p1|Pelipper, M|item\n|poke|p1|Kingdra, M|item\n|poke|p1|Swampert, M|item\n|poke|p1|Kartana|item\n|poke|p1|Magearna|item\n|poke|p1|Mimikyu, M|item\n|poke|p2|Weavile, F|item\n|poke|p2|Gastrodon-East, M|item\n|poke|p2|Diancie|item\n|poke|p2|Tangrowth, M|item\n|poke|p2|Heatran, M|item\n|poke|p2|Tornadus-Therian, M|item\n|teampreview\n|\n|start\n|switch|p1a: Ocean Man|Pelipper, M|100\/100\n|switch|p2a: Tornadus|Tornadus-Therian, M, shiny|100\/100\n|-weather|RainDance|[from] ability: Drizzle|[of] p1a: Ocean Man\n|turn|1\n|j| FirstClassSergeant\n|\n|move|p2a: Tornadus|Knock Off|p1a: Ocean Man\n|-damage|p1a: Ocean Man|82\/100\n|-enditem|p1a: Ocean Man|Damp Rock|[from] move: Knock Off|[of] p2a: Tornadus\n|move|p1a: Ocean Man|U-turn|p2a: Tornadus\n|-resisted|p2a: Tornadus\n|-damage|p2a: Tornadus|95\/100\n|j| mdksamdksada\n|\n|switch|p1a: leadmetotheland|Kingdra, M|100\/100\n|\n|-weather|RainDance|[upkeep]\n|upkeep\n|turn|2\n|\n|switch|p2a: Gastrodon|Gastrodon-East, M|100\/100\n|move|p1a: leadmetotheland|Draco Meteor|p2a: Gastrodon\n|-damage|p2a: Gastrodon|40\/100\n|-unboost|p1a: leadmetotheland|spa|2\n|\n|-weather|RainDance|[upkeep]\n|-heal|p2a: Gastrodon|47\/100|[from] item: Leftovers\n|upkeep\n|turn|3\n|\n|switch|p1a: takemebythehand|Kartana|100\/100\n|move|p2a: Gastrodon|Recover|p2a: Gastrodon\n|-heal|p2a: Gastrodon|97\/100\n|\n|-weather|RainDance|[upkeep]\n|-heal|p2a: Gastrodon|100\/100|[from] item: Leftovers\n|upkeep\n|turn|4\n|\n|switch|p2a: Tangrowth|Tangrowth, M, shiny|100\/100\n|move|p1a: takemebythehand|Knock Off|p2a: Tangrowth\n|-damage|p2a: Tangrowth|68\/100\n|-damage|p1a: takemebythehand|84\/100|[from] item: Rocky Helmet|[of] p2a: Tangrowth\n|-enditem|p2a: Tangrowth|Rocky Helmet|[from] move: Knock Off|[of] p1a: takemebythehand\n|\n|-weather|RainDance|[upkeep]\n|upkeep\n|turn|5\n|\n|switch|p1a: thatyouunderstand|Magearna|100\/100\n|switch|p2a: Heatran|Heatran, M|100\/100\n|\n|-weather|RainDance|[upkeep]\n|upkeep\n|turn|6\n|\n|move|p2a: Heatran|Stealth Rock|p1a: thatyouunderstand\n|-sidestart|p1: lt54sl 6k4d4|move: Stealth Rock\n|move|p1a: thatyouunderstand|Volt Switch|p2a: Heatran\n|-damage|p2a: Heatran|84\/100\n|\n|switch|p1a: imbibedbythesand|Swampert, M|100\/100\n|-damage|p1a: imbibedbythesand|94\/100|[from] Stealth Rock\n|\n|-weather|RainDance|[upkeep]\n|-heal|p2a: Heatran|90\/100|[from] item: Leftovers\n|upkeep\n|turn|7\n|\n|switch|p2a: Tangrowth|Tangrowth, M, shiny|100\/100\n|detailschange|p1a: imbibedbythesand|Swampert-Mega, M\n|-mega|p1a: imbibedbythesand|Swampert|Swampertite\n|move|p1a: imbibedbythesand|Stealth Rock|p2a: Tangrowth\n|-sidestart|p2: H4WT \u2605|move: Stealth Rock\n|\n|-weather|RainDance|[upkeep]\n|upkeep\n|turn|8\n|\n|switch|p1a: thatyouunderstand|Magearna|100\/100\n|-damage|p1a: thatyouunderstand|94\/100|[from] Stealth Rock\n|move|p2a: Tangrowth|Stun Spore|p1a: thatyouunderstand\n|-status|p1a: thatyouunderstand|par\n|\n|-weather|none\n|upkeep\n|turn|9\n|\n|switch|p2a: Gastrodon|Gastrodon-East, M|100\/100\n|-damage|p2a: Gastrodon|94\/100|[from] Stealth Rock\n|move|p1a: thatyouunderstand|Volt Switch|p2a: Gastrodon\n|-immune|p2a: Gastrodon|[msg]\n|\n|-heal|p2a: Gastrodon|100\/100|[from] item: Leftovers\n|upkeep\n|turn|10\n|\n|switch|p1a: Ocean Man|Pelipper, M|82\/100\n|-damage|p1a: Ocean Man|57\/100|[from] Stealth Rock\n|-weather|RainDance|[from] ability: Drizzle|[of] p1a: Ocean Man\n|move|p2a: Gastrodon|Earthquake|p1a: Ocean Man\n|-immune|p1a: Ocean Man|[msg]\n|\n|-weather|RainDance|[upkeep]\n|upkeep\n|turn|11\n|\n|move|p1a: Ocean Man|U-turn|p2a: Gastrodon\n|-damage|p2a: Gastrodon|92\/100\n|\n|switch|p1a: takemebythehand|Kartana|84\/100\n|-damage|p1a: takemebythehand|78\/100|[from] Stealth Rock\n|move|p2a: Gastrodon|Scald|p1a: takemebythehand\n|-resisted|p1a: takemebythehand\n|-damage|p1a: takemebythehand|22\/100\n|\n|-weather|RainDance|[upkeep]\n|-heal|p2a: Gastrodon|98\/100|[from] item: Leftovers\n|upkeep\n|turn|12\n|\n|switch|p2a: Tangrowth|Tangrowth, M, shiny|100\/100\n|-damage|p2a: Tangrowth|88\/100|[from] Stealth Rock\n|move|p1a: takemebythehand|Smart Strike|p2a: Tangrowth\n|-damage|p2a: Tangrowth|53\/100\n|\n|-weather|RainDance|[upkeep]\n|upkeep\n|turn|13\n|\n|switch|p1a: thatyouunderstand|Magearna|94\/100 par\n|-damage|p1a: thatyouunderstand|88\/100 par|[from] Stealth Rock\n|move|p2a: Tangrowth|Hidden Power|p1a: thatyouunderstand\n|-supereffective|p1a: thatyouunderstand\n|-damage|p1a: thatyouunderstand|82\/100 par\n|\n|-weather|RainDance|[upkeep]\n|upkeep\n|turn|14\n|\n|switch|p2a: Heatran|Heatran, M|90\/100\n|-damage|p2a: Heatran|78\/100|[from] Stealth Rock\n|switch|p1a: takemebythehand|Kartana|22\/100\n|-damage|p1a: takemebythehand|16\/100|[from] Stealth Rock\n|\n|-weather|none\n|-heal|p2a: Heatran|84\/100|[from] item: Leftovers\n|upkeep\n|turn|15\n|\n|switch|p2a: Tornadus|Tornadus-Therian, M, shiny|100\/100\n|-damage|p2a: Tornadus|76\/100|[from] Stealth Rock\n|move|p1a: takemebythehand|Smart Strike|p2a: Tornadus\n|-damage|p2a: Tornadus|0\n|faint|p2a: Tornadus\n|-ability|p1a: takemebythehand|Beast Boost|boost\n|-boost|p1a: takemebythehand|atk|1\n|\n|upkeep\n|\n|switch|p2a: Heatran|Heatran, M|84\/100\n|-damage|p2a: Heatran|71\/100|[from] Stealth Rock\n|turn|16\n|\n|switch|p1a: leadmetotheland|Kingdra, M|100\/100\n|-damage|p1a: leadmetotheland|88\/100|[from] Stealth Rock\n|move|p2a: Heatran|Magma Storm|p1a: leadmetotheland\n|-resisted|p1a: leadmetotheland\n|-damage|p1a: leadmetotheland|74\/100\n|-activate|p1a: leadmetotheland|move: Magma Storm|[of] p2a: Heatran\n|\n|-heal|p2a: Heatran|78\/100|[from] item: Leftovers\n|-damage|p1a: leadmetotheland|62\/100|[from] move: Magma Storm|[partiallytrapped]\n|upkeep\n|turn|17\n|\n|move|p2a: Heatran|Earth Power|p1a: leadmetotheland\n|-damage|p1a: leadmetotheland|30\/100\n|move|p1a: leadmetotheland|Surf|p2a: Heatran\n|-supereffective|p2a: Heatran\n|-damage|p2a: Heatran|0\n|faint|p2a: Heatran\n|\n|upkeep\n|\n|switch|p2a: Diancie|Diancie, shiny|100\/100\n|-damage|p2a: Diancie|88\/100|[from] Stealth Rock\n|turn|18\n|\n|detailschange|p2a: Diancie|Diancie-Mega, shiny\n|-mega|p2a: Diancie|Diancie|Diancite\n|move|p2a: Diancie|Diamond Storm|p1a: leadmetotheland\n|-damage|p1a: leadmetotheland|0\n|faint|p1a: leadmetotheland\n|\n|upkeep\n|\n|switch|p1a: thatyouunderstand|Magearna|82\/100 par\n|-damage|p1a: thatyouunderstand|76\/100 par|[from] Stealth Rock\n|turn|19\n|\n|switch|p2a: Gastrodon|Gastrodon-East, M|98\/100\n|-damage|p2a: Gastrodon|92\/100|[from] Stealth Rock\n|cant|p1a: thatyouunderstand|par\n|\n|-heal|p2a: Gastrodon|98\/100|[from] item: Leftovers\n|upkeep\n|turn|20\n|\n|switch|p1a: Ocean Man|Pelipper, M|57\/100\n|-damage|p1a: Ocean Man|32\/100|[from] Stealth Rock\n|-weather|RainDance|[from] ability: Drizzle|[of] p1a: Ocean Man\n|move|p2a: Gastrodon|Earthquake|p1a: Ocean Man\n|-immune|p1a: Ocean Man|[msg]\n|\n|-weather|RainDance|[upkeep]\n|-heal|p2a: Gastrodon|100\/100|[from] item: Leftovers\n|upkeep\n|turn|21\n|\n|move|p1a: Ocean Man|Roost|p1a: Ocean Man\n|-heal|p1a: Ocean Man|83\/100\n|move|p2a: Gastrodon|Toxic|p1a: Ocean Man|[miss]\n|-miss|p2a: Gastrodon|p1a: Ocean Man\n|\n|-weather|RainDance|[upkeep]\n|upkeep\n|turn|22\n|\n|move|p1a: Ocean Man|Hurricane|p2a: Gastrodon\n|-damage|p2a: Gastrodon|75\/100\n|move|p2a: Gastrodon|Toxic|p1a: Ocean Man\n|-status|p1a: Ocean Man|tox\n|\n|-weather|RainDance|[upkeep]\n|-heal|p2a: Gastrodon|81\/100|[from] item: Leftovers\n|-damage|p1a: Ocean Man|76\/100 tox|[from] psn\n|upkeep\n|turn|23\n|\n|move|p1a: Ocean Man|U-turn|p2a: Gastrodon\n|-damage|p2a: Gastrodon|72\/100\n|\n|switch|p1a: thatyouunderstand|Magearna|76\/100 par\n|-damage|p1a: thatyouunderstand|70\/100 par|[from] Stealth Rock\n|move|p2a: Gastrodon|Recover|p2a: Gastrodon\n|-heal|p2a: Gastrodon|100\/100\n|\n|-weather|RainDance|[upkeep]\n|upkeep\n|turn|24\n|\n|switch|p1a: thecrustofatanman|Mimikyu, M|100\/100\n|-damage|p1a: thecrustofatanman|88\/100|[from] Stealth Rock\n|move|p2a: Gastrodon|Earthquake|p1a: thecrustofatanman\n|-activate|p1a: thecrustofatanman|ability: Disguise\n|-damage|p1a: thecrustofatanman|88\/100\n|detailschange|p1a: thecrustofatanman|Mimikyu-Busted, M\n|\n|-weather|none\n|upkeep\n|turn|25\n|\n|switch|p2a: Diancie|Diancie-Mega, shiny|88\/100\n|-damage|p2a: Diancie|76\/100|[from] Stealth Rock\n|move|p1a: thecrustofatanman|Swords Dance|p1a: thecrustofatanman\n|-boost|p1a: thecrustofatanman|atk|2\n|\n|upkeep\n|turn|26\n|\n|move|p1a: thecrustofatanman|Shadow Sneak|p2a: Diancie\n|-damage|p2a: Diancie|21\/100\n|move|p2a: Diancie|Moonblast|p1a: thecrustofatanman\n|-damage|p1a: thecrustofatanman|17\/100\n|-unboost|p1a: thecrustofatanman|spa|1\n|\n|upkeep\n|turn|27\n|\n|move|p1a: thecrustofatanman|Shadow Sneak|p2a: Diancie\n|-damage|p2a: Diancie|0\n|faint|p2a: Diancie\n|\n|upkeep\n|\n|switch|p2a: Weavile|Weavile, F|100\/100\n|-damage|p2a: Weavile|76\/100|[from] Stealth Rock\n|-ability|p2a: Weavile|Pressure\n|turn|28\n|\n|-activate|p1a: thecrustofatanman|move: Pursuit\n|move|p2a: Weavile|Pursuit|p1a: thecrustofatanman|[from]Pursuit\n|-damage|p1a: thecrustofatanman|0\n|faint|p1a: thecrustofatanman\n|\n|upkeep\n|\n|switch|p1a: thatyouunderstand|Magearna|70\/100 par\n|-damage|p1a: thatyouunderstand|64\/100 par|[from] Stealth Rock\n|turn|29\n|\n|switch|p2a: Gastrodon|Gastrodon-East, M|100\/100\n|-damage|p2a: Gastrodon|94\/100|[from] Stealth Rock\n|move|p1a: thatyouunderstand|Iron Head|p2a: Gastrodon\n|-resisted|p2a: Gastrodon\n|-damage|p2a: Gastrodon|80\/100\n|\n|-heal|p2a: Gastrodon|86\/100|[from] item: Leftovers\n|upkeep\n|turn|30\n|\n|switch|p1a: Ocean Man|Pelipper, M|76\/100 tox\n|-damage|p1a: Ocean Man|52\/100 tox|[from] Stealth Rock\n|-weather|RainDance|[from] ability: Drizzle|[of] p1a: Ocean Man\n|move|p2a: Gastrodon|Earthquake|p1a: Ocean Man\n|-immune|p1a: Ocean Man|[msg]\n|\n|-weather|RainDance|[upkeep]\n|-heal|p2a: Gastrodon|92\/100|[from] item: Leftovers\n|-damage|p1a: Ocean Man|45\/100 tox|[from] psn\n|upkeep\n|turn|31\n|\n|move|p1a: Ocean Man|Roost|p1a: Ocean Man\n|-heal|p1a: Ocean Man|96\/100 tox\n|move|p2a: Gastrodon|Scald|p1a: Ocean Man\n|-resisted|p1a: Ocean Man\n|-damage|p1a: Ocean Man|75\/100 tox\n|\n|-weather|RainDance|[upkeep]\n|-heal|p2a: Gastrodon|98\/100|[from] item: Leftovers\n|-damage|p1a: Ocean Man|62\/100 tox|[from] psn\n|upkeep\n|turn|32\n|\n|move|p1a: Ocean Man|U-turn|p2a: Gastrodon\n|-damage|p2a: Gastrodon|89\/100\n|\n|switch|p1a: thatyouunderstand|Magearna|64\/100 par\n|-damage|p1a: thatyouunderstand|58\/100 par|[from] Stealth Rock\n|move|p2a: Gastrodon|Scald|p1a: thatyouunderstand\n|-damage|p1a: thatyouunderstand|42\/100 par\n|\n|-weather|RainDance|[upkeep]\n|-heal|p2a: Gastrodon|95\/100|[from] item: Leftovers\n|upkeep\n|turn|33\n|\n|switch|p1a: imbibedbythesand|Swampert-Mega, M|94\/100\n|-damage|p1a: imbibedbythesand|88\/100|[from] Stealth Rock\n|move|p2a: Gastrodon|Earthquake|p1a: imbibedbythesand\n|-damage|p1a: imbibedbythesand|61\/100\n|\n|-weather|RainDance|[upkeep]\n|-heal|p2a: Gastrodon|100\/100|[from] item: Leftovers\n|upkeep\n|turn|34\n|\n|move|p1a: imbibedbythesand|Earthquake|p2a: Gastrodon\n|-damage|p2a: Gastrodon|27\/100\n|move|p2a: Gastrodon|Scald|p1a: imbibedbythesand\n|-damage|p1a: imbibedbythesand|23\/100\n|-status|p1a: imbibedbythesand|brn\n|\n|-weather|none\n|-heal|p2a: Gastrodon|33\/100|[from] item: Leftovers\n|-damage|p1a: imbibedbythesand|17\/100 brn|[from] brn\n|upkeep\n|turn|35\n|\n|switch|p2a: Tangrowth|Tangrowth, M, shiny|86\/100\n|-damage|p2a: Tangrowth|74\/100|[from] Stealth Rock\n|move|p1a: imbibedbythesand|Earthquake|p2a: Tangrowth\n|-resisted|p2a: Tangrowth\n|-damage|p2a: Tangrowth|66\/100\n|\n|-damage|p1a: imbibedbythesand|10\/100 brn|[from] brn\n|upkeep\n|turn|36\n|\n|move|p1a: imbibedbythesand|Ice Punch|p2a: Tangrowth\n|-supereffective|p2a: Tangrowth\n|-damage|p2a: Tangrowth|48\/100\n|-status|p2a: Tangrowth|frz\n|cant|p2a: Tangrowth|frz\n|\n|-damage|p1a: imbibedbythesand|4\/100 brn|[from] brn\n|upkeep\n|turn|37\n|\n|move|p1a: imbibedbythesand|Ice Punch|p2a: Tangrowth\n|-supereffective|p2a: Tangrowth\n|-damage|p2a: Tangrowth|30\/100 frz\n|-curestatus|p2a: Tangrowth|frz|[msg]\n|move|p2a: Tangrowth|Giga Drain|p1a: imbibedbythesand\n|-supereffective|p1a: imbibedbythesand\n|-damage|p1a: imbibedbythesand|0 brn\n|-heal|p2a: Tangrowth|32\/100|[from] drain|[of] p1a: imbibedbythesand\n|faint|p1a: imbibedbythesand\n|\n|upkeep\n|\n|switch|p1a: takemebythehand|Kartana|16\/100\n|-damage|p1a: takemebythehand|9\/100|[from] Stealth Rock\n|turn|38\n|\n|switch|p2a: Gastrodon|Gastrodon-East, M|33\/100\n|-damage|p2a: Gastrodon|27\/100|[from] Stealth Rock\n|move|p1a: takemebythehand|Smart Strike|p2a: Gastrodon\n|-resisted|p2a: Gastrodon\n|-damage|p2a: Gastrodon|0\n|faint|p2a: Gastrodon\n|-ability|p1a: takemebythehand|Beast Boost|boost\n|-boost|p1a: takemebythehand|atk|1\n|\n|upkeep\n|\n|switch|p2a: Weavile|Weavile, F|76\/100\n|-damage|p2a: Weavile|51\/100|[from] Stealth Rock\n|-ability|p2a: Weavile|Pressure\n|turn|39\n|\n|move|p2a: Weavile|Knock Off|p1a: takemebythehand\n|-damage|p1a: takemebythehand|0\n|-enditem|p1a: takemebythehand|Choice Band|[from] move: Knock Off|[of] p2a: Weavile\n|faint|p1a: takemebythehand\n|\n|upkeep\n|\n|switch|p1a: thatyouunderstand|Magearna|42\/100 par\n|-damage|p1a: thatyouunderstand|36\/100 par|[from] Stealth Rock\n|turn|40\n|\n|move|p2a: Weavile|Knock Off|p1a: thatyouunderstand\n|-resisted|p1a: thatyouunderstand\n|-damage|p1a: thatyouunderstand|5\/100 par\n|-enditem|p1a: thatyouunderstand|Assault Vest|[from] move: Knock Off|[of] p2a: Weavile\n|move|p1a: thatyouunderstand|Iron Head|p2a: Weavile\n|-supereffective|p2a: Weavile\n|-damage|p2a: Weavile|0\n|faint|p2a: Weavile\n|-ability|p1a: thatyouunderstand|Soul-Heart|boost\n|-boost|p1a: thatyouunderstand|spa|1\n|\n|upkeep\n|-message|H4WT \u2605 forfeited.\n|\n|win|lt54sl 6k4d4\n|l|\u203dH4WT \u2605\n|raw|lt54sl 6k4d4's rating: 1714 &rarr; <strong>1729<\/strong><br \/>(+15 for winning)\n|raw|H4WT \u2605's rating: 1636 &rarr; <strong>1621<\/strong><br \/>(-15 for losing)\n|l|\u2606lt54sl 6k4d4\n|l| mdksamdksada\n","uploadtime":1534608578,"views":58,"p1id":"lt54sl6k4d4","p2id":"h4wt","formatid":"gen7ou","rating":1621,"private":0,"password":null}