{"id":"gen7ou-931193350","p1":"Sir Isaac Mewton","p2":"HQSFun","format":"gen7ou","log":"|j|\u2606Sir Isaac Mewton\n|j|\u2606HQSFun\n|player|p1|Sir Isaac Mewton|132\n|player|p2|HQSFun|260\n|teamsize|p1|6\n|teamsize|p2|6\n|gametype|singles\n|gen|7\n|tier|[Gen 7] OU\n|rated|\n|rule|Sleep Clause Mod: Limit one foe put to sleep\n|rule|Species Clause: Limit one of each Pok\u00e9mon\n|rule|OHKO Clause: OHKO moves are banned\n|rule|Moody Clause: Moody is banned\n|rule|Evasion Moves Clause: Evasion moves are banned\n|rule|Endless Battle Clause: Forcing endless battles is banned\n|rule|HP Percentage Mod: HP is shown in percentages\n|clearpoke\n|poke|p1|Mawile, F|item\n|poke|p1|Tornadus-Therian, M|item\n|poke|p1|Tapu Bulu|item\n|poke|p1|Greninja, M|item\n|poke|p1|Landorus-Therian, M|item\n|poke|p1|Heatran, M|item\n|poke|p2|Tyranitar, F|item\n|poke|p2|Gastrodon-East, F|item\n|poke|p2|Magnezone|item\n|poke|p2|Tornadus-Therian, M|item\n|poke|p2|Tapu Bulu|item\n|poke|p2|Kartana|item\n|teampreview\n|inactive|Battle timer is ON: inactive players will automatically lose when time's up. (requested by Sir Isaac Mewton)\n|inactive|HQSFun has 120 seconds left.\n|\n|start\n|switch|p1a: Greninja|Greninja, M|285\/285\n|switch|p2a: Tornadus|Tornadus-Therian, M|331\/331\n|turn|1\n|\n|move|p1a: Greninja|Hydro Pump|p2a: Tornadus|[miss]\n|-start|p1a: Greninja|typechange|Water|[from] ability: Protean\n|-miss|p1a: Greninja|p2a: Tornadus\n|move|p2a: Tornadus|U-turn|p1a: Greninja\n|-damage|p1a: Greninja|206\/285\n|\n|switch|p2a: Gastrodon|Gastrodon-East, F|425\/425\n|\n|upkeep\n|turn|2\n|\n|move|p1a: Greninja|U-turn|p2a: Gastrodon\n|-start|p1a: Greninja|typechange|Bug|[from] ability: Protean\n|-damage|p2a: Gastrodon|323\/425\n|\n|switch|p1a: Tapu Bulu|Tapu Bulu|343\/343\n|-fieldstart|move: Grassy Terrain|[from] ability: Grassy Surge|[of] p1a: Tapu Bulu\n|move|p2a: Gastrodon|Scald|p1a: Tapu Bulu\n|-resisted|p1a: Tapu Bulu\n|-crit|p1a: Tapu Bulu\n|-damage|p1a: Tapu Bulu|292\/343\n|\n|-heal|p1a: Tapu Bulu|313\/343|[from] item: Leftovers\n|-heal|p1a: Tapu Bulu|334\/343|[from] Grassy Terrain\n|-heal|p2a: Gastrodon|349\/425|[from] item: Leftovers\n|-heal|p2a: Gastrodon|375\/425|[from] Grassy Terrain\n|upkeep\n|turn|3\n|\n|switch|p1a: Heatran|Heatran, M|386\/386\n|switch|p2a: Tornadus|Tornadus-Therian, M|331\/331\n|\n|upkeep\n|turn|4\n|\n|move|p2a: Tornadus|U-turn|p1a: Heatran\n|-resisted|p1a: Heatran\n|-damage|p1a: Heatran|374\/386\n|\n|switch|p2a: Gastrodon|Gastrodon-East, F|375\/425\n|move|p1a: Heatran|Stealth Rock|p2a: Gastrodon\n|-sidestart|p2: HQSFun|move: Stealth Rock\n|\n|-heal|p1a: Heatran|386\/386|[from] item: Leftovers\n|-heal|p2a: Gastrodon|401\/425|[from] item: Leftovers\n|-heal|p2a: Gastrodon|425\/425|[from] Grassy Terrain\n|upkeep\n|turn|5\n|\n|move|p1a: Heatran|Toxic|p2a: Gastrodon|[miss]\n|-miss|p1a: Heatran|p2a: Gastrodon\n|move|p2a: Gastrodon|Toxic|p1a: Heatran\n|-immune|p1a: Heatran\n|\n|upkeep\n|turn|6\n|\n|move|p1a: Heatran|Toxic|p2a: Gastrodon\n|-status|p2a: Gastrodon|tox\n|move|p2a: Gastrodon|Earthquake|p1a: Heatran\n|-supereffective|p1a: Heatran\n|-damage|p1a: Heatran|170\/386\n|\n|-heal|p1a: Heatran|194\/386|[from] item: Leftovers\n|-heal|p1a: Heatran|218\/386|[from] Grassy Terrain\n|-fieldend|move: Grassy Terrain\n|-damage|p2a: Gastrodon|399\/425 tox|[from] psn\n|upkeep\n|turn|7\n|\n|switch|p1a: Tornadus|Tornadus-Therian, M|299\/299\n|move|p2a: Gastrodon|Earthquake|p1a: Tornadus\n|-immune|p1a: Tornadus\n|\n|-heal|p2a: Gastrodon|425\/425 tox|[from] item: Leftovers\n|-damage|p2a: Gastrodon|373\/425 tox|[from] psn\n|upkeep\n|turn|8\n|\n|switch|p2a: Tyranitar|Tyranitar, F|385\/385\n|-damage|p2a: Tyranitar|337\/385|[from] Stealth Rock\n|-weather|Sandstorm|[from] ability: Sand Stream|[of] p2a: Tyranitar\n|move|p1a: Tornadus|Taunt|p2a: Tyranitar\n|-start|p2a: Tyranitar|move: Taunt\n|\n|-weather|Sandstorm|[upkeep]\n|-damage|p1a: Tornadus|281\/299|[from] Sandstorm\n|upkeep\n|turn|9\n|\n|switch|p1a: pablos first gf|Mawile, F|280\/280\n|-ability|p1a: pablos first gf|Intimidate|boost\n|-unboost|p2a: Tyranitar|atk|1\n|detailschange|p2a: Tyranitar|Tyranitar-Mega, F\n|-mega|p2a: Tyranitar|Tyranitar|Tyranitarite\n|move|p2a: Tyranitar|Crunch|p1a: pablos first gf\n|-resisted|p1a: pablos first gf\n|-damage|p1a: pablos first gf|211\/280\n|\n|-weather|Sandstorm|[upkeep]\n|upkeep\n|turn|10\n|\n|switch|p2a: Kartana|Kartana|259\/259\n|-damage|p2a: Kartana|243\/259|[from] Stealth Rock\n|switch|p1a: Greninja|Greninja, M|206\/285\n|\n|-weather|Sandstorm|[upkeep]\n|-damage|p1a: Greninja|189\/285|[from] Sandstorm\n|upkeep\n|turn|11\n|\n|switch|p1a: Heatran|Heatran, M|218\/386\n|move|p2a: Kartana|Sacred Sword|p1a: Heatran\n|-supereffective|p1a: Heatran\n|-damage|p1a: Heatran|0 fnt\n|faint|p1a: Heatran\n|-ability|p2a: Kartana|Beast Boost|boost\n|-boost|p2a: Kartana|atk|1\n|\n|-weather|Sandstorm|[upkeep]\n|upkeep\n|\n|switch|p1a: Landorus|Landorus-Therian, M|319\/319\n|-ability|p1a: Landorus|Intimidate|boost\n|-unboost|p2a: Kartana|atk|1\n|turn|12\n|\n|switch|p2a: Tornadus|Tornadus-Therian, M|331\/331\n|-damage|p2a: Tornadus|249\/331|[from] Stealth Rock\n|move|p1a: Landorus|U-turn|p2a: Tornadus\n|-resisted|p2a: Tornadus\n|-damage|p2a: Tornadus|202\/331\n|-damage|p1a: Landorus|266\/319|[from] item: Rocky Helmet|[of] p2a: Tornadus\n|\n|switch|p1a: Greninja|Greninja, M|189\/285\n|\n|-weather|none\n|upkeep\n|turn|13\n|\n|move|p1a: Greninja|Hydro Pump|p2a: Tornadus\n|-start|p1a: Greninja|typechange|Water|[from] ability: Protean\n|-damage|p2a: Tornadus|16\/331\n|move|p2a: Tornadus|U-turn|p1a: Greninja\n|-damage|p1a: Greninja|118\/285\n|\n|switch|p2a: Kartana|Kartana|243\/259\n|-damage|p2a: Kartana|227\/259|[from] Stealth Rock\n|\n|upkeep\n|turn|14\n|\n|move|p2a: Kartana|Knock Off|p1a: Greninja\n|-damage|p1a: Greninja|0 fnt\n|-enditem|p1a: Greninja|Expert Belt|[from] move: Knock Off|[of] p2a: Kartana\n|faint|p1a: Greninja\n|-ability|p2a: Kartana|Beast Boost|boost\n|-boost|p2a: Kartana|atk|1\n|\n|upkeep\n|\n|switch|p1a: pablos first gf|Mawile, F|211\/280\n|-ability|p1a: pablos first gf|Intimidate|boost\n|-unboost|p2a: Kartana|atk|1\n|turn|15\n|\n|switch|p2a: Magnezone|Magnezone|281\/281\n|-damage|p2a: Magnezone|264\/281|[from] Stealth Rock\n|detailschange|p1a: pablos first gf|Mawile-Mega, F\n|-mega|p1a: pablos first gf|Mawile|Mawilite\n|move|p1a: pablos first gf|Play Rough|p2a: Magnezone\n|-resisted|p2a: Magnezone\n|-damage|p2a: Magnezone|137\/281\n|\n|upkeep\n|turn|16\n|\n|move|p1a: pablos first gf|Sucker Punch||[still]\n|-fail|p1a: pablos first gf\n|move|p2a: Magnezone|Substitute|p2a: Magnezone\n|-start|p2a: Magnezone|Substitute\n|-damage|p2a: Magnezone|67\/281\n|\n|upkeep\n|turn|17\n|\n|move|p1a: pablos first gf|Sucker Punch|p2a: Magnezone\n|-end|p2a: Magnezone|Substitute\n|-zpower|p2a: Magnezone\n|move|p2a: Magnezone|Corkscrew Crash|p1a: pablos first gf|[zeffect]\n|-damage|p1a: pablos first gf|0 fnt\n|faint|p1a: pablos first gf\n|\n|upkeep\n|\n|switch|p1a: Tornadus|Tornadus-Therian, M|299\/299\n|turn|18\n|\n|-zpower|p1a: Tornadus\n|move|p1a: Tornadus|Supersonic Skystrike|p2a: Magnezone|[zeffect]\n|-resisted|p2a: Magnezone\n|-damage|p2a: Magnezone|0 fnt\n|faint|p2a: Magnezone\n|\n|upkeep\n|\n|switch|p2a: Tyranitar|Tyranitar-Mega, F|337\/385\n|-damage|p2a: Tyranitar|289\/385|[from] Stealth Rock\n|-weather|Sandstorm|[from] ability: Sand Stream|[of] p2a: Tyranitar\n|turn|19\n|\n|switch|p1a: Tapu Bulu|Tapu Bulu|334\/343\n|-fieldstart|move: Grassy Terrain|[from] ability: Grassy Surge|[of] p1a: Tapu Bulu\n|move|p2a: Tyranitar|Ice Punch|p1a: Tapu Bulu\n|-supereffective|p1a: Tapu Bulu\n|-damage|p1a: Tapu Bulu|116\/343\n|\n|-weather|Sandstorm|[upkeep]\n|-damage|p1a: Tapu Bulu|95\/343|[from] Sandstorm\n|-heal|p2a: Tyranitar|313\/385|[from] Grassy Terrain\n|-heal|p1a: Tapu Bulu|116\/343|[from] item: Leftovers\n|-heal|p1a: Tapu Bulu|137\/343|[from] Grassy Terrain\n|upkeep\n|turn|20\n|\n|move|p2a: Tyranitar|Ice Punch|p1a: Tapu Bulu\n|-supereffective|p1a: Tapu Bulu\n|-damage|p1a: Tapu Bulu|0 fnt\n|faint|p1a: Tapu Bulu\n|\n|-weather|Sandstorm|[upkeep]\n|-heal|p2a: Tyranitar|337\/385|[from] Grassy Terrain\n|upkeep\n|\n|switch|p1a: Landorus|Landorus-Therian, M|266\/319\n|-ability|p1a: Landorus|Intimidate|boost\n|-unboost|p2a: Tyranitar|atk|1\n|turn|21\n|\n|move|p1a: Landorus|Stone Edge|p2a: Tyranitar\n|-damage|p2a: Tyranitar|239\/385\n|move|p2a: Tyranitar|Ice Punch|p1a: Landorus\n|-supereffective|p1a: Landorus\n|-damage|p1a: Landorus|0 fnt\n|faint|p1a: Landorus\n|\n|-weather|Sandstorm|[upkeep]\n|-heal|p2a: Tyranitar|263\/385|[from] Grassy Terrain\n|upkeep\n|-message|Sir Isaac Mewton forfeited.\n|\n|win|HQSFun\n|l|\u2606Sir Isaac Mewton\n||Ladder (probably) updated, but score could not be retrieved (Response not received).\n","uploadtime":1560963773,"views":19,"p1id":"sirisaacmewton","p2id":"hqsfun","formatid":"gen7ou","rating":0,"private":0,"password":null}