{"id":"gen7ou-852185684","p1":"uuuuiiii","p2":"uuuuiiii","format":"gen7ou","log":"|j|\u2606cvczxz\n|j|\u2606uuuuiiii\n|player|p1|cvczxz|101\n|player|p2|uuuuiiii|101\n|teamsize|p1|6\n|teamsize|p2|6\n|gametype|singles\n|gen|7\n|tier|[Gen 7] OU\n|rated|\n|rule|Sleep Clause Mod: Limit one foe put to sleep\n|rule|Species Clause: Limit one of each Pok\u00e9mon\n|rule|OHKO Clause: OHKO moves are banned\n|rule|Moody Clause: Moody is banned\n|rule|Evasion Moves Clause: Evasion moves are banned\n|rule|Endless Battle Clause: Forcing endless battles is banned\n|rule|HP Percentage Mod: HP is shown in percentages\n|clearpoke\n|poke|p1|Beedrill, F|item\n|poke|p1|Landorus-Therian, M|item\n|poke|p1|Blacephalon|item\n|poke|p1|Magnezone|item\n|poke|p1|Ferrothorn, F|item\n|poke|p1|Tapu Lele|item\n|poke|p2|Sharpedo, M|item\n|poke|p2|Hippowdon, M|item\n|poke|p2|Celesteela|item\n|poke|p2|Hawlucha, M|item\n|poke|p2|Excadrill, M|item\n|poke|p2|Tapu Koko|item\n|teampreview\n|inactive|Battle timer is ON: inactive players will automatically lose when time's up. (requested by cvczxz)\n|\n|start\n|switch|p1a: Tapu Lele|Tapu Lele|100\/100\n|switch|p2a: Hippowdon|Hippowdon, M|100\/100\n|-fieldstart|move: Psychic Terrain|[from] ability: Psychic Surge|[of] p1a: Tapu Lele\n|-weather|Sandstorm|[from] ability: Sand Stream|[of] p2a: Hippowdon\n|turn|1\n|\n|switch|p2a: Celesteela|Celesteela|100\/100\n|move|p1a: Tapu Lele|Psychic|p2a: Celesteela\n|-resisted|p2a: Celesteela\n|-damage|p2a: Celesteela|77\/100\n|\n|-weather|Sandstorm|[upkeep]\n|-damage|p1a: Tapu Lele|94\/100|[from] Sandstorm\n|-heal|p2a: Celesteela|83\/100|[from] item: Leftovers\n|upkeep\n|turn|2\n|\n|move|p1a: Tapu Lele|Psychic|p2a: Celesteela\n|-resisted|p2a: Celesteela\n|-damage|p2a: Celesteela|56\/100\n|-unboost|p2a: Celesteela|spd|1\n|move|p2a: Celesteela|Leech Seed|p1a: Tapu Lele\n|-start|p1a: Tapu Lele|move: Leech Seed\n|\n|-weather|Sandstorm|[upkeep]\n|-damage|p1a: Tapu Lele|88\/100|[from] Sandstorm\n|-heal|p2a: Celesteela|62\/100|[from] item: Leftovers\n|-damage|p1a: Tapu Lele|76\/100|[from] Leech Seed|[of] p2a: Celesteela\n|-heal|p2a: Celesteela|71\/100|[silent]\n|upkeep\n|turn|3\n|\n|switch|p1a: Magnezone|Magnezone|100\/100\n|switch|p2a: Sharpedo|Sharpedo, M|100\/100\n|\n|-weather|Sandstorm|[upkeep]\n|-damage|p2a: Sharpedo|94\/100|[from] Sandstorm\n|upkeep\n|turn|4\n|\n|switch|p2a: Hippowdon|Hippowdon, M|100\/100\n|move|p1a: Magnezone|Volt Switch|p2a: Hippowdon\n|-immune|p2a: Hippowdon\n|\n|-weather|Sandstorm|[upkeep]\n|upkeep\n|turn|5\n|\n|switch|p1a: Landorus|Landorus-Therian, M|100\/100\n|-ability|p1a: Landorus|Intimidate|boost\n|-unboost|p2a: Hippowdon|atk|1\n|move|p2a: Hippowdon|Stealth Rock|p1a: Landorus\n|-sidestart|p1: cvczxz|move: Stealth Rock\n|\n|-weather|none\n|-fieldend|move: Psychic Terrain\n|upkeep\n|turn|6\n|\n|move|p1a: Landorus|Defog|p2a: Hippowdon\n|-unboost|p2a: Hippowdon|evasion|1\n|-sideend|p1: cvczxz|Stealth Rock|[from] move: Defog|[of] p1a: Landorus\n|move|p2a: Hippowdon|Toxic|p1a: Landorus\n|-status|p1a: Landorus|tox\n|\n|-damage|p1a: Landorus|94\/100 tox|[from] psn\n|upkeep\n|turn|7\n|\n|switch|p1a: Ferrothorn|Ferrothorn, F|100\/100\n|move|p2a: Hippowdon|Stealth Rock|p1a: Ferrothorn\n|-sidestart|p1: cvczxz|move: Stealth Rock\n|\n|upkeep\n|turn|8\n|\n|switch|p2a: Celesteela|Celesteela|71\/100\n|move|p1a: Ferrothorn|Stealth Rock|p2a: Celesteela\n|-sidestart|p2: uuuuiiii|move: Stealth Rock\n|\n|-heal|p2a: Celesteela|77\/100|[from] item: Leftovers\n|upkeep\n|turn|9\n|\n|move|p2a: Celesteela|Flamethrower|p1a: Ferrothorn\n|-supereffective|p1a: Ferrothorn\n|-damage|p1a: Ferrothorn|49\/100\n|move|p1a: Ferrothorn|Leech Seed|p2a: Celesteela|[miss]\n|-miss|p1a: Ferrothorn|p2a: Celesteela\n|\n|-heal|p2a: Celesteela|83\/100|[from] item: Leftovers\n|-heal|p1a: Ferrothorn|56\/100|[from] item: Leftovers\n|upkeep\n|turn|10\n|\n|switch|p1a: Magnezone|Magnezone|100\/100\n|-damage|p1a: Magnezone|94\/100|[from] Stealth Rock\n|move|p2a: Celesteela|Flamethrower|p1a: Magnezone\n|-supereffective|p1a: Magnezone\n|-damage|p1a: Magnezone|46\/100\n|\n|-heal|p2a: Celesteela|89\/100|[from] item: Leftovers\n|upkeep\n|turn|11\n|\n|move|p2a: Celesteela|Protect|p2a: Celesteela\n|-singleturn|p2a: Celesteela|Protect\n|move|p1a: Magnezone|Volt Switch|p2a: Celesteela\n|-activate|p2a: Celesteela|move: Protect\n|\n|-heal|p2a: Celesteela|96\/100|[from] item: Leftovers\n|upkeep\n|turn|12\n|\n|move|p1a: Magnezone|Volt Switch|p2a: Celesteela\n|-supereffective|p2a: Celesteela\n|-damage|p2a: Celesteela|23\/100\n|\n|switch|p1a: Blacephalon|Blacephalon|100\/100\n|-damage|p1a: Blacephalon|76\/100|[from] Stealth Rock\n|move|p2a: Celesteela|Leech Seed|p1a: Blacephalon\n|-start|p1a: Blacephalon|move: Leech Seed\n|\n|-heal|p2a: Celesteela|29\/100|[from] item: Leftovers\n|-damage|p1a: Blacephalon|64\/100|[from] Leech Seed|[of] p2a: Celesteela\n|-heal|p2a: Celesteela|37\/100|[silent]\n|upkeep\n|turn|13\n|\n|move|p1a: Blacephalon|Flamethrower|p2a: Celesteela\n|-supereffective|p2a: Celesteela\n|-damage|p2a: Celesteela|0 fnt\n|faint|p2a: Celesteela\n|-ability|p1a: Blacephalon|Beast Boost|boost\n|-boost|p1a: Blacephalon|spa|1\n|\n|upkeep\n|\n|switch|p2a: Sharpedo|Sharpedo, M|94\/100\n|-damage|p2a: Sharpedo|82\/100|[from] Stealth Rock\n|turn|14\n|\n|move|p2a: Sharpedo|Protect|p2a: Sharpedo\n|-singleturn|p2a: Sharpedo|Protect\n|-zpower|p1a: Blacephalon\n|move|p1a: Blacephalon|Never-Ending Nightmare|p2a: Sharpedo|[zeffect]\n|-resisted|p2a: Sharpedo\n|-zbroken|p2a: Sharpedo\n|-damage|p2a: Sharpedo|40\/100\n|\n|-damage|p1a: Blacephalon|52\/100|[from] Leech Seed|[of] p2a: Sharpedo\n|-heal|p2a: Sharpedo|50\/100|[silent]\n|-ability|p2a: Sharpedo|Speed Boost|boost\n|-boost|p2a: Sharpedo|spe|1\n|upkeep\n|turn|15\n|\n|move|p2a: Sharpedo|Crunch|p1a: Blacephalon\n|-supereffective|p1a: Blacephalon\n|-damage|p1a: Blacephalon|0 fnt\n|faint|p1a: Blacephalon\n|\n|-ability|p2a: Sharpedo|Speed Boost|boost\n|-boost|p2a: Sharpedo|spe|1\n|upkeep\n|\n|switch|p1a: Ferrothorn|Ferrothorn, F|56\/100\n|-damage|p1a: Ferrothorn|49\/100|[from] Stealth Rock\n|turn|16\n|\n|detailschange|p2a: Sharpedo|Sharpedo-Mega, M\n|-mega|p2a: Sharpedo|Sharpedo|Sharpedonite\n|move|p2a: Sharpedo|Crunch|p1a: Ferrothorn\n|-damage|p1a: Ferrothorn|0 fnt\n|-damage|p2a: Sharpedo|38\/100|[from] ability: Iron Barbs|[of] p1a: Ferrothorn\n|faint|p1a: Ferrothorn\n|\n|upkeep\n|\n|switch|p1a: Landorus|Landorus-Therian, M|94\/100 tox\n|-damage|p1a: Landorus|82\/100 tox|[from] Stealth Rock\n|-ability|p1a: Landorus|Intimidate|boost\n|-unboost|p2a: Sharpedo|atk|1\n|turn|17\n|\n|move|p2a: Sharpedo|Protect|p2a: Sharpedo\n|-singleturn|p2a: Sharpedo|Protect\n|move|p1a: Landorus|U-turn|p2a: Sharpedo\n|-activate|p2a: Sharpedo|move: Protect\n|\n|-damage|p1a: Landorus|76\/100 tox|[from] psn\n|upkeep\n|turn|18\n|\n|move|p2a: Sharpedo|Liquidation|p1a: Landorus\n|-supereffective|p1a: Landorus\n|-damage|p1a: Landorus|18\/100 tox\n|move|p1a: Landorus|U-turn|p2a: Sharpedo\n|-supereffective|p2a: Sharpedo\n|-crit|p2a: Sharpedo\n|-damage|p2a: Sharpedo|0 fnt\n|faint|p2a: Sharpedo\n|\n|switch|p1a: u-turn queen|Beedrill, F|100\/100\n|-damage|p1a: u-turn queen|76\/100|[from] Stealth Rock\n|\n|upkeep\n|\n|switch|p2a: Hippowdon|Hippowdon, M|100\/100\n|-damage|p2a: Hippowdon|94\/100|[from] Stealth Rock\n|-weather|Sandstorm|[from] ability: Sand Stream|[of] p2a: Hippowdon\n|turn|19\n|\n|detailschange|p1a: u-turn queen|Beedrill-Mega, F\n|-mega|p1a: u-turn queen|Beedrill|Beedrillite\n|move|p1a: u-turn queen|Toxic Spikes|p2a: Hippowdon\n|-sidestart|p2: uuuuiiii|move: Toxic Spikes\n|move|p2a: Hippowdon|Earthquake|p1a: u-turn queen\n|-damage|p1a: u-turn queen|0 fnt\n|faint|p1a: u-turn queen\n|\n|-weather|Sandstorm|[upkeep]\n|upkeep\n|-message|cvczxz forfeited.\n|\n|win|uuuuiiii\n|l|\u2606cvczxz\n|raw|cvczxz's rating: 1619 &rarr; <strong>1603<\/strong><br \/>(-16 for losing)\n|raw|uuuuiiii's rating: 1660 &rarr; <strong>1678<\/strong><br \/>(+18 for winning)\n|l|\u2606uuuuiiii\n|j|\u2606uuuuiiii\n|player|p1|uuuuiiii|101\n|player|p1|uuuuiiii|101\n|l|\u2606uuuuiiii\n|inactive|uuuuiiii disconnected and has a minute to reconnect!\n|inactive|uuuuiiii disconnected and has a minute to reconnect!\n|player|p1|\n|j| obinimaster\n","uploadtime":1548133084,"views":4,"p1id":"uuuuiiii","p2id":"uuuuiiii","formatid":"gen7ou","rating":1603,"private":0,"password":null}