{"id":"gen7ou-881260687","p1":"Almighty Sa","p2":"why addicted","format":"gen7ou","log":"|j|\u2606Almighty Sa\n|j|\u2606why addicted\n|inactive|Battle timer is ON: inactive players will automatically lose when time's up.\n|player|p1|Almighty Sa|tabitha-gen3\n|player|p2|why addicted|102\n|teamsize|p1|6\n|teamsize|p2|6\n|gametype|singles\n|gen|7\n|tier|[Gen 7] OU\n|rated|Tournament battle\n|rule|Sleep Clause Mod: Limit one foe put to sleep\n|rule|Species Clause: Limit one of each Pok\u00e9mon\n|rule|OHKO Clause: OHKO moves are banned\n|rule|Moody Clause: Moody is banned\n|rule|Evasion Moves Clause: Evasion moves are banned\n|rule|Endless Battle Clause: Forcing endless battles is banned\n|rule|HP Percentage Mod: HP is shown in percentages\n|clearpoke\n|poke|p1|Thundurus-Therian, M|item\n|poke|p1|Camerupt, M|item\n|poke|p1|Tapu Bulu|item\n|poke|p1|Slowbro, M|item\n|poke|p1|Muk-Alola, F|item\n|poke|p1|Mienshao, M|item\n|poke|p2|Mawile, F|item\n|poke|p2|Tapu Fini|item\n|poke|p2|Garchomp, M|item\n|poke|p2|Greninja, M|item\n|poke|p2|Zapdos|item\n|poke|p2|Jirachi|item\n|teampreview\n|j| MoonPsychic\n|j| Pablonchattack\n|j| fa kin nob tem\n|j| Kiichikos\n|j| DonaldFuck69\n|c| MoonPsychic|gl hf\n|c|\u2606why addicted|hf\n|j| Bloody alfa\n|j| Lxrd Black\n|j| Skup\n|j|#moondazing\n|c|\u2606Almighty Sa|u2\n|j| take wins\n|\n|start\n|switch|p1a: Kirin|Thundurus-Therian, M|100\/100\n|switch|p2a: Garchomp|Garchomp, M|100\/100\n|turn|1\n|j| sick play man\n|c| MoonPsychic|camerupt\n|\n|move|p2a: Garchomp|Stealth Rock|p1a: Kirin\n|-sidestart|p1: Almighty Sa|move: Stealth Rock\n|move|p1a: Kirin|Hidden Power|p2a: Garchomp\n|-supereffective|p2a: Garchomp\n|-damage|p2a: Garchomp|0 fnt\n|faint|p2a: Garchomp\n|\n|upkeep\n|c| MoonPsychic|interesting\n|\n|switch|p2a: Greninja|Greninja, M|100\/100\n|turn|2\n|c| Lxrd Black|:|\n|\n|switch|p2a: Mawile|Mawile, F|100\/100\n|-ability|p2a: Mawile|Intimidate|boost\n|-unboost|p1a: Kirin|atk|1\n|switch|p1a: Boonbazing|Muk-Alola, F|100\/100\n|-damage|p1a: Boonbazing|88\/100|[from] Stealth Rock\n|\n|upkeep\n|turn|3\n|j| Mr.Hadgu\n|\n|switch|p1a: Dybala|Slowbro, M|100\/100\n|-damage|p1a: Dybala|88\/100|[from] Stealth Rock\n|detailschange|p2a: Mawile|Mawile-Mega, F\n|-mega|p2a: Mawile|Mawile|Mawilite\n|move|p2a: Mawile|Swords Dance|p2a: Mawile\n|-boost|p2a: Mawile|atk|2\n|\n|upkeep\n|turn|4\n|\n|move|p2a: Mawile|Knock Off|p1a: Dybala\n|-supereffective|p1a: Dybala\n|-damage|p1a: Dybala|0 fnt\n|-enditem|p1a: Dybala|Rindo Berry|[from] move: Knock Off|[of] p2a: Mawile\n|faint|p1a: Dybala\n|\n|upkeep\n|j| Bobble tea\n|\n|switch|p1a: Space Cadet|Mienshao, M|100\/100\n|-damage|p1a: Space Cadet|95\/100|[from] Stealth Rock\n|turn|5\n|c| MoonPsychic|how much attack does mawile have rn\n|\n|move|p1a: Space Cadet|High Jump Kick|p2a: Mawile\n|-damage|p2a: Mawile|33\/100\n|move|p2a: Mawile|Play Rough|p1a: Space Cadet\n|-supereffective|p1a: Space Cadet\n|-damage|p1a: Space Cadet|0 fnt\n|faint|p1a: Space Cadet\n|\n|upkeep\n|\n|switch|p1a: Uncle Scrooge|Tapu Bulu|100\/100\n|-damage|p1a: Uncle Scrooge|88\/100|[from] Stealth Rock\n|-fieldstart|move: Grassy Terrain|[from] ability: Grassy Surge|[of] p1a: Uncle Scrooge\n|turn|6\n|c| Lxrd Black|alot\n|\n|switch|p2a: Jirachi|Jirachi|100\/100\n|move|p1a: Uncle Scrooge|Horn Leech|p2a: Jirachi\n|-resisted|p2a: Jirachi\n|-damage|p2a: Jirachi|56\/100\n|-heal|p1a: Uncle Scrooge|100\/100|[from] drain|[of] p2a: Jirachi\n|\n|-heal|p2a: Jirachi|62\/100|[from] Grassy Terrain\n|upkeep\n|turn|7\n|\n|switch|p1a: Blackout|Camerupt, M, shiny|100\/100\n|-damage|p1a: Blackout|88\/100|[from] Stealth Rock\n|move|p2a: Jirachi|U-turn|p1a: Blackout\n|-resisted|p1a: Blackout\n|-damage|p1a: Blackout|75\/100\n|c| MoonPsychic|by numbers\n|\n|switch|p2a: Greninja|Greninja, M|100\/100\n|\n|-heal|p1a: Blackout|81\/100|[from] Grassy Terrain\n|upkeep\n|turn|8\n|\n|switch|p1a: Boonbazing|Muk-Alola, F|88\/100\n|-damage|p1a: Boonbazing|76\/100|[from] Stealth Rock\n|move|p2a: Greninja|Hydro Pump|p1a: Boonbazing\n|-damage|p1a: Boonbazing|43\/100\n|\n|-heal|p1a: Boonbazing|49\/100|[from] Grassy Terrain\n|upkeep\n|turn|9\n|j| TrulyDZ\n|l| Pablonchattack\n|c| Lxrd Black|+500 maybe\n|\n|switch|p2a: Jirachi|Jirachi|62\/100\n|switch|p1a: Uncle Scrooge|Tapu Bulu|100\/100\n|-damage|p1a: Uncle Scrooge|88\/100|[from] Stealth Rock\n|\n|-heal|p2a: Jirachi|68\/100|[from] Grassy Terrain\n|-heal|p1a: Uncle Scrooge|94\/100|[from] Grassy Terrain\n|upkeep\n|turn|10\n|\n|switch|p1a: Kirin|Thundurus-Therian, M|100\/100\n|-damage|p1a: Kirin|76\/100|[from] Stealth Rock\n|move|p2a: Jirachi|Iron Head|p1a: Kirin\n|-resisted|p1a: Kirin\n|-damage|p1a: Kirin|52\/100\n|\n|-heal|p2a: Jirachi|74\/100|[from] Grassy Terrain\n|-fieldend|move: Grassy Terrain\n|upkeep\n|turn|11\n|\n|move|p2a: Jirachi|Iron Head|p1a: Kirin\n|-resisted|p1a: Kirin\n|-damage|p1a: Kirin|29\/100\n|cant|p1a: Kirin|flinch\n|\n|upkeep\n|turn|12\n|c| MoonPsychic|i calculated\n|\n|move|p2a: Jirachi|Iron Head|p1a: Kirin\n|-resisted|p1a: Kirin\n|-damage|p1a: Kirin|7\/100\n|cant|p1a: Kirin|flinch\n|\n|upkeep\n|turn|13\n|c|\u2606Almighty Sa|gg\n|c| MoonPsychic|it's about 600+\n|-message|Almighty Sa forfeited.\n|\n|win|why addicted\n","uploadtime":1553443515,"views":56,"p1id":"almightysa","p2id":"whyaddicted","formatid":"gen7ou","rating":0,"private":0,"password":null}