{"id":"gen7ou-938439280","p1":"Sir Snub","p2":"HQSFun","format":"gen7ou","log":"|j|\u2606Sir Snub\n|j|\u2606HQSFun\n|player|p1|Sir Snub|59\n|player|p2|HQSFun|260\n|teamsize|p1|6\n|teamsize|p2|6\n|gametype|singles\n|gen|7\n|tier|[Gen 7] OU\n|rated|\n|rule|Sleep Clause Mod: Limit one foe put to sleep\n|rule|Species Clause: Limit one of each Pok\u00e9mon\n|rule|OHKO Clause: OHKO moves are banned\n|rule|Moody Clause: Moody is banned\n|rule|Evasion Moves Clause: Evasion moves are banned\n|rule|Endless Battle Clause: Forcing endless battles is banned\n|rule|HP Percentage Mod: HP is shown in percentages\n|clearpoke\n|poke|p1|Beedrill, M|item\n|poke|p1|Salazzle, F|item\n|poke|p1|Donphan, M|item\n|poke|p1|Primarina, F|item\n|poke|p1|Vikavolt, F|item\n|poke|p1|Uxie|item\n|poke|p2|Medicham, F|item\n|poke|p2|Greninja, M|item\n|poke|p2|Kartana|item\n|poke|p2|Landorus-Therian, M|item\n|poke|p2|Magearna|item\n|poke|p2|Tapu Koko|item\n|teampreview\n|inactive|Battle timer is ON: inactive players will automatically lose when time's up. (requested by Sir Snub)\n|\n|start\n|switch|p1a: Willi|Beedrill, M|100\/100\n|switch|p2a: Medicham|Medicham, F|100\/100\n|turn|1\n|\n|switch|p1a: Politurbo|Vikavolt, F|100\/100\n|detailschange|p2a: Medicham|Medicham-Mega, F\n|-mega|p2a: Medicham|Medicham|Medichamite\n|move|p2a: Medicham|Fake Out|p1a: Politurbo\n|-damage|p1a: Politurbo|80\/100\n|-damage|p2a: Medicham|84\/100|[from] item: Rocky Helmet|[of] p1a: Politurbo\n|\n|upkeep\n|turn|2\n|\n|move|p2a: Medicham|Zen Headbutt|p1a: Politurbo\n|-damage|p1a: Politurbo|13\/100\n|-damage|p2a: Medicham|68\/100|[from] item: Rocky Helmet|[of] p1a: Politurbo\n|move|p1a: Politurbo|Volt Switch|p2a: Medicham\n|-damage|p2a: Medicham|10\/100\n|\n|switch|p1a: Willi|Beedrill, M|100\/100|[from]move: Volt Switch\n|\n|upkeep\n|turn|3\n|\n|switch|p2a: Landorus|Landorus-Therian, M|100\/100\n|-ability|p2a: Landorus|Intimidate|boost\n|-unboost|p1a: Willi|atk|1\n|detailschange|p1a: Willi|Beedrill-Mega, M\n|-mega|p1a: Willi|Beedrill|Beedrillite\n|move|p1a: Willi|U-turn|p2a: Landorus\n|-resisted|p2a: Landorus\n|-damage|p2a: Landorus|89\/100\n|\n|switch|p1a: Don Fun|Donphan, M|100\/100|[from]move: U-turn\n|\n|upkeep\n|turn|4\n|\n|move|p2a: Landorus|Stealth Rock|p1a: Don Fun\n|-sidestart|p1: Sir Snub|move: Stealth Rock\n|move|p1a: Don Fun|Knock Off|p2a: Landorus\n|-damage|p2a: Landorus|65\/100\n|-enditem|p2a: Landorus|Yache Berry|[from] move: Knock Off|[of] p1a: Don Fun\n|\n|upkeep\n|turn|5\n|\n|move|p2a: Landorus|U-turn|p1a: Don Fun\n|-damage|p1a: Don Fun|85\/100\n|\n|switch|p2a: Kartana|Kartana|100\/100|[from]move: U-turn\n|move|p1a: Don Fun|Rapid Spin|p2a: Kartana\n|-resisted|p2a: Kartana\n|-damage|p2a: Kartana|97\/100\n|-sideend|p1: Sir Snub|Stealth Rock|[from] move: Rapid Spin|[of] p1a: Don Fun\n|\n|-heal|p1a: Don Fun|91\/100|[from] item: Leftovers\n|upkeep\n|turn|6\n|\n|switch|p1a: Politurbo|Vikavolt, F|13\/100\n|move|p2a: Kartana|Leaf Blade|p1a: Politurbo\n|-resisted|p1a: Politurbo\n|-damage|p1a: Politurbo|0 fnt\n|-damage|p2a: Kartana|80\/100|[from] item: Rocky Helmet|[of] p1a: Politurbo\n|faint|p1a: Politurbo\n|-ability|p2a: Kartana|Beast Boost|boost\n|-boost|p2a: Kartana|atk|1\n|\n|upkeep\n|\n|switch|p1a: Suluzzlu|Salazzle, F|100\/100\n|turn|7\n|\n|switch|p2a: Greninja|Greninja, M|100\/100\n|-zpower|p1a: Suluzzlu\n|move|p1a: Suluzzlu|Inferno Overdrive|p2a: Greninja|[zeffect]\n|-resisted|p2a: Greninja\n|-damage|p2a: Greninja|35\/100\n|\n|upkeep\n|turn|8\n|\n|switch|p1a: Poppi|Primarina, F|100\/100\n|move|p2a: Greninja|Spikes|p1a: Poppi\n|-sidestart|p1: Sir Snub|Spikes\n|\n|upkeep\n|turn|9\n|\n|switch|p2a: Magearna|Magearna|100\/100\n|move|p1a: Poppi|Scald|p2a: Magearna\n|-damage|p2a: Magearna|78\/100\n|\n|upkeep\n|turn|10\n|\n|move|p1a: Poppi|Scald|p2a: Magearna\n|-damage|p2a: Magearna|57\/100\n|move|p2a: Magearna|Ice Beam|p1a: Poppi\n|-resisted|p1a: Poppi\n|-damage|p1a: Poppi|88\/100\n|\n|-heal|p1a: Poppi|94\/100|[from] item: Leftovers\n|upkeep\n|turn|11\n|\n|switch|p1a: Vanilla Chill|Uxie|100\/100\n|move|p2a: Magearna|Volt Switch|p1a: Vanilla Chill\n|-damage|p1a: Vanilla Chill|87\/100\n|\n|switch|p2a: Greninja|Greninja, M|35\/100|[from]move: Volt Switch\n|\n|upkeep\n|turn|12\n|\n|switch|p1a: Poppi|Primarina, F|94\/100\n|-damage|p1a: Poppi|82\/100|[from] Spikes\n|move|p2a: Greninja|Dark Pulse|p1a: Poppi\n|-resisted|p1a: Poppi\n|-damage|p1a: Poppi|60\/100\n|\n|-heal|p1a: Poppi|66\/100|[from] item: Leftovers\n|upkeep\n|turn|13\n|\n|switch|p2a: Magearna|Magearna|57\/100\n|move|p1a: Poppi|Scald|p2a: Magearna\n|-damage|p2a: Magearna|35\/100\n|\n|-heal|p1a: Poppi|72\/100|[from] item: Leftovers\n|upkeep\n|turn|14\n|\n|switch|p1a: Vanilla Chill|Uxie|87\/100\n|move|p2a: Magearna|Volt Switch|p1a: Vanilla Chill\n|-damage|p1a: Vanilla Chill|71\/100\n|\n|switch|p2a: Greninja|Greninja, M|35\/100|[from]move: Volt Switch\n|\n|upkeep\n|turn|15\n|\n|move|p2a: Greninja|Dark Pulse|p1a: Vanilla Chill\n|-supereffective|p1a: Vanilla Chill\n|-damage|p1a: Vanilla Chill|3\/100\n|-enditem|p1a: Vanilla Chill|Iapapa Berry|[eat]\n|-heal|p1a: Vanilla Chill|53\/100|[from] item: Iapapa Berry\n|move|p1a: Vanilla Chill|U-turn|p2a: Greninja\n|-supereffective|p2a: Greninja\n|-crit|p2a: Greninja\n|-damage|p2a: Greninja|0 fnt\n|faint|p2a: Greninja\n|\n|switch|p1a: Willi|Beedrill-Mega, M|100\/100|[from]move: U-turn\n|-damage|p1a: Willi|88\/100|[from] Spikes\n|\n|upkeep\n|\n|switch|p2a: Medicham|Medicham-Mega, F|10\/100\n|turn|16\n|\n|switch|p1a: Vanilla Chill|Uxie|53\/100\n|move|p2a: Medicham|Fake Out|p1a: Vanilla Chill\n|-damage|p1a: Vanilla Chill|34\/100\n|\n|upkeep\n|turn|17\n|\n|move|p2a: Medicham|Thunder Punch|p1a: Vanilla Chill\n|-damage|p1a: Vanilla Chill|2\/100\n|move|p1a: Vanilla Chill|Stealth Rock|p2a: Medicham\n|-sidestart|p2: HQSFun|move: Stealth Rock\n|\n|upkeep\n|turn|18\n|\n|move|p2a: Medicham|Thunder Punch|p1a: Vanilla Chill\n|-damage|p1a: Vanilla Chill|0 fnt\n|faint|p1a: Vanilla Chill\n|\n|upkeep\n|\n|switch|p1a: Suluzzlu|Salazzle, F|100\/100\n|-damage|p1a: Suluzzlu|88\/100|[from] Spikes\n|turn|19\n|\n|switch|p2a: Magearna|Magearna|35\/100\n|-damage|p2a: Magearna|29\/100|[from] Stealth Rock\n|move|p1a: Suluzzlu|Fire Blast|p2a: Magearna\n|-supereffective|p2a: Magearna\n|-damage|p2a: Magearna|0 fnt\n|faint|p2a: Magearna\n|\n|upkeep\n|\n|switch|p2a: Tapu Koko|Tapu Koko|100\/100\n|-damage|p2a: Tapu Koko|88\/100|[from] Stealth Rock\n|-fieldstart|move: Electric Terrain|[from] ability: Electric Surge|[of] p2a: Tapu Koko\n|turn|20\n|\n|switch|p1a: Don Fun|Donphan, M|91\/100\n|-damage|p1a: Don Fun|78\/100|[from] Spikes\n|move|p2a: Tapu Koko|Volt Switch|p1a: Don Fun\n|-immune|p1a: Don Fun\n|\n|-heal|p1a: Don Fun|85\/100|[from] item: Leftovers\n|upkeep\n|turn|21\n|\n|switch|p2a: Landorus|Landorus-Therian, M|65\/100\n|-damage|p2a: Landorus|53\/100|[from] Stealth Rock\n|-ability|p2a: Landorus|Intimidate|boost\n|-unboost|p1a: Don Fun|atk|1\n|switch|p1a: Poppi|Primarina, F|72\/100\n|-damage|p1a: Poppi|60\/100|[from] Spikes\n|\n|-heal|p1a: Poppi|66\/100|[from] item: Leftovers\n|upkeep\n|turn|22\n|\n|move|p2a: Landorus|Stealth Rock|p1a: Poppi\n|-sidestart|p1: Sir Snub|move: Stealth Rock\n|move|p1a: Poppi|Moonblast|p2a: Landorus\n|-crit|p2a: Landorus\n|-damage|p2a: Landorus|0 fnt\n|faint|p2a: Landorus\n|\n|-heal|p1a: Poppi|72\/100|[from] item: Leftovers\n|upkeep\n|\n|switch|p2a: Kartana|Kartana|80\/100\n|-damage|p2a: Kartana|74\/100|[from] Stealth Rock\n|turn|23\n|\n|switch|p1a: Suluzzlu|Salazzle, F|88\/100\n|-damage|p1a: Suluzzlu|63\/100|[from] Stealth Rock\n|-damage|p1a: Suluzzlu|51\/100|[from] Spikes\n|move|p2a: Kartana|Leaf Blade|p1a: Suluzzlu\n|-resisted|p1a: Suluzzlu\n|-damage|p1a: Suluzzlu|24\/100\n|\n|upkeep\n|turn|24\n|\n|switch|p2a: Medicham|Medicham-Mega, F|10\/100\n|-damage|p2a: Medicham|4\/100|[from] Stealth Rock\n|move|p1a: Suluzzlu|Fire Blast|p2a: Medicham|[miss]\n|-miss|p1a: Suluzzlu|p2a: Medicham\n|\n|-fieldend|move: Electric Terrain\n|upkeep\n|turn|25\n|\n|move|p2a: Medicham|Fake Out|p1a: Suluzzlu\n|-damage|p1a: Suluzzlu|0 fnt\n|faint|p1a: Suluzzlu\n|\n|upkeep\n|\n|switch|p1a: Don Fun|Donphan, M|85\/100\n|-damage|p1a: Don Fun|72\/100|[from] Spikes\n|-damage|p1a: Don Fun|66\/100|[from] Stealth Rock\n|turn|26\n|\n|move|p2a: Medicham|High Jump Kick|p1a: Don Fun\n|-damage|p1a: Don Fun|0 fnt\n|faint|p1a: Don Fun\n|\n|upkeep\n|-message|Sir Snub forfeited.\n|\n|win|HQSFun\n|l|\u2606Sir Snub\n|raw|Sir Snub's rating: 1645 &rarr; <strong>1623<\/strong><br \/>(-22 for losing)\n|raw|HQSFun's rating: 1597 &rarr; <strong>1620<\/strong><br \/>(+23 for winning)\n","uploadtime":1562071237,"views":3,"p1id":"sirsnub","p2id":"hqsfun","formatid":"gen7ou","rating":1620,"private":0,"password":null}