{"id":"gen7ou-792895155","p1":"Haunters Nightmare","p2":"Jfsosa10","format":"gen7ou","log":"|j|\u2606Haunters Nightmare\n|j|\u2606Jfsosa10\n|player|p1|Haunters Nightmare|70\n|player|p2|Jfsosa10|266\n|teamsize|p1|6\n|teamsize|p2|6\n|gametype|singles\n|gen|7\n|tier|[Gen 7] OU\n|rated|\n|rule|Sleep Clause Mod: Limit one foe put to sleep\n|rule|Species Clause: Limit one of each Pok\u00e9mon\n|rule|OHKO Clause: OHKO moves are banned\n|rule|Moody Clause: Moody is banned\n|rule|Evasion Moves Clause: Evasion moves are banned\n|rule|Endless Battle Clause: Forcing endless battles is banned\n|rule|HP Percentage Mod: HP is shown in percentages\n|clearpoke\n|poke|p1|Gyarados, M|item\n|poke|p1|Chansey, F|item\n|poke|p1|Magearna|item\n|poke|p1|Landorus-Therian, M|item\n|poke|p1|Slowbro, F|item\n|poke|p1|Latios, M|item\n|poke|p2|Tapu Koko|item\n|poke|p2|Hawlucha, M|item\n|poke|p2|Landorus-Therian, M|item\n|poke|p2|Magearna|item\n|poke|p2|Medicham, F|item\n|poke|p2|Greninja, M|item\n|teampreview\n|\n|start\n|switch|p1a: Latios|Latios, M|100\/100\n|switch|p2a: Greninja|Greninja, M|100\/100\n|turn|1\n|\n|switch|p1a: Magearna|Magearna|100\/100\n|move|p2a: Greninja|U-turn|p1a: Magearna\n|-start|p2a: Greninja|typechange|Bug|[from] Protean\n|-resisted|p1a: Magearna\n|-damage|p1a: Magearna|95\/100\n|\n|switch|p2a: Magearna|Magearna|100\/100\n|\n|upkeep\n|turn|2\n|\n|move|p1a: Magearna|Volt Switch|p2a: Magearna\n|-damage|p2a: Magearna|92\/100\n|\n|switch|p1a: Chansey|Chansey, F|100\/100\n|move|p2a: Magearna|Iron Head|p1a: Chansey\n|-damage|p1a: Chansey|83\/100\n|\n|upkeep\n|turn|3\n|\n|switch|p2a: Landorus|Landorus-Therian, M|100\/100\n|-ability|p2a: Landorus|Intimidate|boost\n|-unboost|p1a: Chansey|atk|1\n|move|p1a: Chansey|Stealth Rock|p2a: Landorus\n|-sidestart|p2: Jfsosa10|move: Stealth Rock\n|\n|upkeep\n|turn|4\n|\n|switch|p1a: Slowbro|Slowbro, F|100\/100\n|move|p2a: Landorus|Stealth Rock|p1a: Slowbro\n|-sidestart|p1: Haunters Nightmare|move: Stealth Rock\n|\n|upkeep\n|turn|5\n|\n|move|p2a: Landorus|U-turn|p1a: Slowbro\n|-supereffective|p1a: Slowbro\n|-damage|p1a: Slowbro|74\/100\n|-damage|p2a: Landorus|84\/100|[from] item: Rocky Helmet|[of] p1a: Slowbro\n|\n|switch|p2a: Tapu Koko|Tapu Koko|100\/100\n|-damage|p2a: Tapu Koko|88\/100|[from] Stealth Rock\n|-fieldstart|move: Electric Terrain|[from] ability: Electric Surge|[of] p2a: Tapu Koko\n|move|p1a: Slowbro|Scald|p2a: Tapu Koko\n|-crit|p2a: Tapu Koko\n|-damage|p2a: Tapu Koko|24\/100\n|-status|p2a: Tapu Koko|brn\n|\n|-damage|p2a: Tapu Koko|18\/100 brn|[from] brn\n|upkeep\n|turn|6\n|\n|switch|p1a: Magearna|Magearna|95\/100\n|-damage|p1a: Magearna|89\/100|[from] Stealth Rock\n|move|p2a: Tapu Koko|Roost|p2a: Tapu Koko\n|-heal|p2a: Tapu Koko|68\/100 brn\n|\n|-damage|p2a: Tapu Koko|62\/100 brn|[from] brn\n|upkeep\n|turn|7\n|\n|move|p2a: Tapu Koko|Roost|p2a: Tapu Koko\n|-heal|p2a: Tapu Koko|100\/100 brn\n|move|p1a: Magearna|Fleur Cannon|p2a: Tapu Koko|[miss]\n|-miss|p1a: Magearna|p2a: Tapu Koko\n|\n|-damage|p2a: Tapu Koko|94\/100 brn|[from] brn\n|upkeep\n|turn|8\n|\n|move|p2a: Tapu Koko|U-turn|p1a: Magearna\n|-resisted|p1a: Magearna\n|-damage|p1a: Magearna|87\/100\n|\n|switch|p2a: Magearna|Magearna|92\/100\n|-damage|p2a: Magearna|86\/100|[from] Stealth Rock\n|move|p1a: Magearna|Volt Switch|p2a: Magearna\n|-damage|p2a: Magearna|73\/100\n|\n|switch|p1a: Chansey|Chansey, F|83\/100\n|-damage|p1a: Chansey|71\/100|[from] Stealth Rock\n|\n|upkeep\n|turn|9\n|\n|move|p2a: Magearna|Volt Switch|p1a: Chansey\n|-damage|p1a: Chansey|62\/100\n|\n|switch|p2a: Landorus|Landorus-Therian, M|84\/100\n|-damage|p2a: Landorus|72\/100|[from] Stealth Rock\n|-ability|p2a: Landorus|Intimidate|boost\n|-unboost|p1a: Chansey|atk|1\n|move|p1a: Chansey|Soft-Boiled|p1a: Chansey\n|-heal|p1a: Chansey|100\/100\n|\n|-heal|p2a: Landorus|78\/100|[from] item: Leftovers\n|-fieldend|move: Electric Terrain\n|upkeep\n|turn|10\n|\n|move|p2a: Landorus|U-turn|p1a: Chansey\n|-damage|p1a: Chansey|85\/100\n|\n|switch|p2a: Medicham|Medicham, F, shiny|100\/100\n|-damage|p2a: Medicham|94\/100|[from] Stealth Rock\n|move|p1a: Chansey|Seismic Toss|p2a: Medicham\n|-damage|p2a: Medicham|56\/100\n|\n|upkeep\n|turn|11\n|\n|switch|p1a: Slowbro|Slowbro, F|100\/100\n|-damage|p1a: Slowbro|88\/100|[from] Stealth Rock\n|detailschange|p2a: Medicham|Medicham-Mega, F, shiny\n|-mega|p2a: Medicham|Medicham|Medichamite\n|move|p2a: Medicham|Drain Punch|p1a: Slowbro\n|-resisted|p1a: Slowbro\n|-damage|p1a: Slowbro|67\/100\n|-heal|p2a: Medicham|72\/100|[from] drain|[of] p1a: Slowbro\n|-damage|p2a: Medicham|56\/100|[from] item: Rocky Helmet|[of] p1a: Slowbro\n|\n|upkeep\n|turn|12\n|\n|switch|p2a: Magearna|Magearna|73\/100\n|-damage|p2a: Magearna|67\/100|[from] Stealth Rock\n|move|p1a: Slowbro|Toxic|p2a: Magearna\n|-immune|p2a: Magearna|[msg]\n|\n|upkeep\n|turn|13\n|\n|switch|p1a: Landorus|Landorus-Therian, M|100\/100\n|-damage|p1a: Landorus|88\/100|[from] Stealth Rock\n|-ability|p1a: Landorus|Intimidate|boost\n|-unboost|p2a: Magearna|atk|1\n|move|p2a: Magearna|Fleur Cannon|p1a: Landorus|[miss]\n|-miss|p2a: Magearna|p1a: Landorus\n|\n|-heal|p1a: Landorus|94\/100|[from] item: Leftovers\n|upkeep\n|turn|14\n|\n|switch|p2a: Landorus|Landorus-Therian, M|78\/100\n|-damage|p2a: Landorus|65\/100|[from] Stealth Rock\n|-ability|p2a: Landorus|Intimidate|boost\n|-unboost|p1a: Landorus|atk|1\n|move|p1a: Landorus|Defog|p2a: Landorus\n|-unboost|p2a: Landorus|evasion|1\n|-sideend|p2: Jfsosa10|Stealth Rock|[from] move: Defog|[of] p2a: Landorus\n|-sideend|p1: Haunters Nightmare|Stealth Rock|[from] move: Defog|[of] p1a: Landorus\n|\n|-heal|p2a: Landorus|71\/100|[from] item: Leftovers\n|-heal|p1a: Landorus|99\/100|[from] item: Leftovers\n|upkeep\n|turn|15\n|\n|move|p2a: Landorus|Stealth Rock|p1a: Landorus\n|-sidestart|p1: Haunters Nightmare|move: Stealth Rock\n|move|p1a: Landorus|Toxic|p2a: Landorus\n|-status|p2a: Landorus|tox\n|\n|-heal|p2a: Landorus|77\/100 tox|[from] item: Leftovers\n|-heal|p1a: Landorus|100\/100|[from] item: Leftovers\n|-damage|p2a: Landorus|71\/100 tox|[from] psn\n|upkeep\n|turn|16\n|\n|move|p2a: Landorus|Hidden Power|p1a: Landorus\n|-supereffective|p1a: Landorus\n|-damage|p1a: Landorus|40\/100\n|move|p1a: Landorus|Defog|p2a: Landorus\n|-unboost|p2a: Landorus|evasion|1\n|-sideend|p1: Haunters Nightmare|Stealth Rock|[from] move: Defog|[of] p1a: Landorus\n|\n|-heal|p2a: Landorus|77\/100 tox|[from] item: Leftovers\n|-heal|p1a: Landorus|46\/100|[from] item: Leftovers\n|-damage|p2a: Landorus|65\/100 tox|[from] psn\n|upkeep\n|turn|17\n|\n|move|p2a: Landorus|Stealth Rock|p1a: Landorus\n|-sidestart|p1: Haunters Nightmare|move: Stealth Rock\n|move|p1a: Landorus|Defog|p2a: Landorus\n|-unboost|p2a: Landorus|evasion|1\n|-sideend|p1: Haunters Nightmare|Stealth Rock|[from] move: Defog|[of] p1a: Landorus\n|\n|-heal|p2a: Landorus|71\/100 tox|[from] item: Leftovers\n|-heal|p1a: Landorus|52\/100|[from] item: Leftovers\n|-damage|p2a: Landorus|53\/100 tox|[from] psn\n|upkeep\n|turn|18\n|\n|switch|p1a: Gyarados|Gyarados, M|100\/100\n|-ability|p1a: Gyarados|Intimidate|boost\n|-unboost|p2a: Landorus|atk|1\n|move|p2a: Landorus|U-turn|p1a: Gyarados\n|-resisted|p1a: Gyarados\n|-damage|p1a: Gyarados|92\/100\n|\n|switch|p2a: Tapu Koko|Tapu Koko|94\/100 brn\n|-fieldstart|move: Electric Terrain|[from] ability: Electric Surge|[of] p2a: Tapu Koko\n|\n|-damage|p2a: Tapu Koko|88\/100 brn|[from] brn\n|upkeep\n|turn|19\n|\n|switch|p1a: Latios|Latios, M|100\/100\n|move|p2a: Tapu Koko|Thunderbolt|p1a: Latios\n|-resisted|p1a: Latios\n|-damage|p1a: Latios|70\/100\n|\n|-damage|p2a: Tapu Koko|82\/100 brn|[from] brn\n|upkeep\n|turn|20\n|\n|switch|p2a: Greninja|Greninja, M|100\/100\n|detailschange|p1a: Latios|Latios-Mega, M\n|-mega|p1a: Latios|Latios|Latiosite\n|move|p1a: Latios|Earthquake|p2a: Greninja\n|-damage|p2a: Greninja|59\/100\n|\n|upkeep\n|turn|21\n|\n|switch|p1a: Chansey|Chansey, F|85\/100\n|move|p2a: Greninja|U-turn|p1a: Chansey\n|-start|p2a: Greninja|typechange|Bug|[from] Protean\n|-damage|p1a: Chansey|66\/100\n|\n|switch|p2a: Medicham|Medicham-Mega, F, shiny|56\/100\n|\n|upkeep\n|turn|22\n|\n|switch|p1a: Slowbro|Slowbro, F|99\/100\n|move|p2a: Medicham|Drain Punch|p1a: Slowbro\n|-resisted|p1a: Slowbro\n|-damage|p1a: Slowbro|78\/100\n|-heal|p2a: Medicham|72\/100|[from] drain|[of] p1a: Slowbro\n|-damage|p2a: Medicham|56\/100|[from] item: Rocky Helmet|[of] p1a: Slowbro\n|\n|-fieldend|move: Electric Terrain\n|upkeep\n|turn|23\n|\n|switch|p2a: Magearna|Magearna|67\/100\n|switch|p1a: Chansey|Chansey, F|66\/100\n|\n|upkeep\n|turn|24\n|\n|move|p2a: Magearna|Volt Switch|p1a: Chansey\n|-damage|p1a: Chansey|60\/100\n|\n|switch|p2a: Landorus|Landorus-Therian, M|53\/100 tox\n|-ability|p2a: Landorus|Intimidate|boost\n|-unboost|p1a: Chansey|atk|1\n|move|p1a: Chansey|Soft-Boiled|p1a: Chansey\n|-heal|p1a: Chansey|100\/100\n|\n|-heal|p2a: Landorus|59\/100 tox|[from] item: Leftovers\n|-damage|p2a: Landorus|53\/100 tox|[from] psn\n|upkeep\n|turn|25\n|\n|switch|p1a: Latios|Latios-Mega, M|70\/100\n|move|p2a: Landorus|Stealth Rock|p1a: Latios\n|-sidestart|p1: Haunters Nightmare|move: Stealth Rock\n|\n|-heal|p2a: Landorus|59\/100 tox|[from] item: Leftovers\n|-damage|p2a: Landorus|47\/100 tox|[from] psn\n|upkeep\n|turn|26\n|\n|switch|p2a: Magearna|Magearna|67\/100\n|move|p1a: Latios|Psychic|p2a: Magearna\n|-resisted|p2a: Magearna\n|-damage|p2a: Magearna|56\/100\n|\n|upkeep\n|turn|27\n|\n|move|p1a: Latios|Earthquake|p2a: Magearna\n|-supereffective|p2a: Magearna\n|-damage|p2a: Magearna|14\/100\n|move|p2a: Magearna|Volt Switch|p1a: Latios\n|-resisted|p1a: Latios\n|-damage|p1a: Latios|60\/100\n|\n|switch|p2a: Greninja|Greninja, M|59\/100\n|\n|upkeep\n|turn|28\n|\n|switch|p1a: Chansey|Chansey, F|100\/100\n|-damage|p1a: Chansey|88\/100|[from] Stealth Rock\n|move|p2a: Greninja|U-turn|p1a: Chansey\n|-start|p2a: Greninja|typechange|Bug|[from] Protean\n|-damage|p1a: Chansey|72\/100\n|\n|switch|p2a: Medicham|Medicham-Mega, F, shiny|56\/100\n|\n|upkeep\n|turn|29\n|\n|switch|p2a: Tapu Koko|Tapu Koko|82\/100 brn\n|-fieldstart|move: Electric Terrain|[from] ability: Electric Surge|[of] p2a: Tapu Koko\n|switch|p1a: Landorus|Landorus-Therian, M|52\/100\n|-damage|p1a: Landorus|40\/100|[from] Stealth Rock\n|-ability|p1a: Landorus|Intimidate|boost\n|-unboost|p2a: Tapu Koko|atk|1\n|\n|-heal|p1a: Landorus|46\/100|[from] item: Leftovers\n|-damage|p2a: Tapu Koko|76\/100 brn|[from] brn\n|upkeep\n|turn|30\n|\n|switch|p1a: Magearna|Magearna|87\/100\n|-damage|p1a: Magearna|81\/100|[from] Stealth Rock\n|move|p2a: Tapu Koko|Hidden Power|p1a: Magearna\n|-resisted|p1a: Magearna\n|-damage|p1a: Magearna|78\/100\n|\n|-damage|p2a: Tapu Koko|70\/100 brn|[from] brn\n|upkeep\n|turn|31\n|\n|move|p2a: Tapu Koko|U-turn|p1a: Magearna\n|-resisted|p1a: Magearna\n|-damage|p1a: Magearna|77\/100\n|\n|switch|p2a: Magearna|Magearna|14\/100\n|move|p1a: Magearna|Ice Beam|p2a: Magearna\n|-resisted|p2a: Magearna\n|-damage|p2a: Magearna|8\/100\n|-status|p2a: Magearna|frz\n|\n|upkeep\n|turn|32\n|\n|switch|p2a: Landorus|Landorus-Therian, M|47\/100 tox\n|-ability|p2a: Landorus|Intimidate|boost\n|-unboost|p1a: Magearna|atk|1\n|move|p1a: Magearna|Hidden Power|p2a: Landorus\n|-damage|p2a: Landorus|28\/100 tox\n|\n|-heal|p2a: Landorus|34\/100 tox|[from] item: Leftovers\n|-damage|p2a: Landorus|28\/100 tox|[from] psn\n|upkeep\n|turn|33\n|\n|switch|p1a: Slowbro|Slowbro, F|100\/100\n|-damage|p1a: Slowbro|88\/100|[from] Stealth Rock\n|move|p2a: Landorus|U-turn|p1a: Slowbro\n|-supereffective|p1a: Slowbro\n|-damage|p1a: Slowbro|62\/100\n|-damage|p2a: Landorus|11\/100 tox|[from] item: Rocky Helmet|[of] p1a: Slowbro\n|\n|switch|p2a: Greninja|Greninja, M|59\/100\n|\n|-fieldend|move: Electric Terrain\n|upkeep\n|turn|34\n|\n|move|p2a: Greninja|U-turn|p1a: Slowbro\n|-start|p2a: Greninja|typechange|Bug|[from] Protean\n|-supereffective|p1a: Slowbro\n|-damage|p1a: Slowbro|28\/100\n|-damage|p2a: Greninja|43\/100|[from] item: Rocky Helmet|[of] p1a: Slowbro\n|\n|switch|p2a: Tapu Koko|Tapu Koko|70\/100 brn\n|-fieldstart|move: Electric Terrain|[from] ability: Electric Surge|[of] p2a: Tapu Koko\n|move|p1a: Slowbro|Slack Off|p1a: Slowbro\n|-heal|p1a: Slowbro|78\/100\n|\n|-damage|p2a: Tapu Koko|64\/100 brn|[from] brn\n|upkeep\n|turn|35\n|\n|switch|p1a: Chansey|Chansey, F|72\/100\n|-damage|p1a: Chansey|59\/100|[from] Stealth Rock\n|move|p2a: Tapu Koko|Thunderbolt|p1a: Chansey\n|-damage|p1a: Chansey|40\/100\n|\n|-damage|p2a: Tapu Koko|58\/100 brn|[from] brn\n|upkeep\n|turn|36\n|\n|-zpower|p2a: Tapu Koko\n|move|p2a: Tapu Koko|Gigavolt Havoc|p1a: Chansey|[zeffect]\n|-damage|p1a: Chansey|3\/100\n|move|p1a: Chansey|Soft-Boiled|p1a: Chansey\n|-heal|p1a: Chansey|54\/100\n|\n|-damage|p2a: Tapu Koko|52\/100 brn|[from] brn\n|upkeep\n|turn|37\n|\n|move|p2a: Tapu Koko|U-turn|p1a: Chansey\n|-damage|p1a: Chansey|48\/100\n|\n|switch|p2a: Medicham|Medicham-Mega, F, shiny|56\/100\n|move|p1a: Chansey|Soft-Boiled|p1a: Chansey\n|-heal|p1a: Chansey|98\/100\n|\n|upkeep\n|turn|38\n|\n|move|p2a: Medicham|Drain Punch|p1a: Chansey\n|-supereffective|p1a: Chansey\n|-damage|p1a: Chansey|5\/100\n|-heal|p2a: Medicham|100\/100|[from] drain|[of] p1a: Chansey\n|move|p1a: Chansey|Thunder Wave|p2a: Medicham\n|-status|p2a: Medicham|par\n|\n|-fieldend|move: Electric Terrain\n|upkeep\n|turn|39\n|\n|move|p2a: Medicham|Ice Punch|p1a: Chansey\n|-damage|p1a: Chansey|0\n|faint|p1a: Chansey\n|\n|upkeep\n|\n|switch|p1a: Landorus|Landorus-Therian, M|46\/100\n|-damage|p1a: Landorus|33\/100|[from] Stealth Rock\n|-ability|p1a: Landorus|Intimidate|boost\n|-unboost|p2a: Medicham|atk|1\n|turn|40\n|\n|switch|p2a: Landorus|Landorus-Therian, M|11\/100 tox\n|-ability|p2a: Landorus|Intimidate|boost\n|-unboost|p1a: Landorus|atk|1\n|move|p1a: Landorus|Defog|p2a: Landorus\n|-unboost|p2a: Landorus|evasion|1\n|-sideend|p1: Haunters Nightmare|Stealth Rock|[from] move: Defog|[of] p1a: Landorus\n|\n|-heal|p2a: Landorus|18\/100 tox|[from] item: Leftovers\n|-heal|p1a: Landorus|39\/100|[from] item: Leftovers\n|-damage|p2a: Landorus|11\/100 tox|[from] psn\n|upkeep\n|turn|41\n|\n|move|p2a: Landorus|Stealth Rock|p1a: Landorus\n|-sidestart|p1: Haunters Nightmare|move: Stealth Rock\n|move|p1a: Landorus|Defog|p2a: Landorus\n|-unboost|p2a: Landorus|evasion|1\n|-sideend|p1: Haunters Nightmare|Stealth Rock|[from] move: Defog|[of] p1a: Landorus\n|\n|-heal|p2a: Landorus|18\/100 tox|[from] item: Leftovers\n|-heal|p1a: Landorus|45\/100|[from] item: Leftovers\n|-damage|p2a: Landorus|5\/100 tox|[from] psn\n|upkeep\n|turn|42\n|\n|switch|p1a: Slowbro|Slowbro, F|100\/100\n|move|p2a: Landorus|Hidden Power|p1a: Slowbro\n|-resisted|p1a: Slowbro\n|-damage|p1a: Slowbro|93\/100\n|\n|-heal|p2a: Landorus|11\/100 tox|[from] item: Leftovers\n|-damage|p2a: Landorus|0 tox|[from] psn\n|upkeep\n|faint|p2a: Landorus\n|\n|switch|p2a: Tapu Koko|Tapu Koko|52\/100 brn\n|-fieldstart|move: Electric Terrain|[from] ability: Electric Surge|[of] p2a: Tapu Koko\n|turn|43\n|\n|switch|p1a: Magearna|Magearna|77\/100\n|move|p2a: Tapu Koko|Roost|p2a: Tapu Koko\n|-heal|p2a: Tapu Koko|100\/100 brn\n|\n|-damage|p2a: Tapu Koko|94\/100 brn|[from] brn\n|upkeep\n|turn|44\n|\n|move|p2a: Tapu Koko|U-turn|p1a: Magearna\n|-resisted|p1a: Magearna\n|-damage|p1a: Magearna|75\/100\n|\n|switch|p2a: Magearna|Magearna|8\/100 frz\n|move|p1a: Magearna|Volt Switch|p2a: Magearna\n|-damage|p2a: Magearna|0 frz\n|faint|p2a: Magearna\n|-ability|p1a: Magearna|Soul-Heart|boost\n|-boost|p1a: Magearna|spa|1\n|\n|switch|p1a: Latios|Latios-Mega, M|60\/100\n|\n|upkeep\n|\n|switch|p2a: Greninja|Greninja, M|43\/100\n|turn|45\n|\n|switch|p1a: Slowbro|Slowbro, F|100\/100\n|move|p2a: Greninja|U-turn|p1a: Slowbro\n|-start|p2a: Greninja|typechange|Bug|[from] Protean\n|-supereffective|p1a: Slowbro\n|-damage|p1a: Slowbro|65\/100\n|-damage|p2a: Greninja|26\/100|[from] item: Rocky Helmet|[of] p1a: Slowbro\n|\n|switch|p2a: Tapu Koko|Tapu Koko|94\/100 brn\n|\n|-damage|p2a: Tapu Koko|88\/100 brn|[from] brn\n|upkeep\n|turn|46\n|\n|switch|p1a: Landorus|Landorus-Therian, M|45\/100\n|-ability|p1a: Landorus|Intimidate|boost\n|-unboost|p2a: Tapu Koko|atk|1\n|move|p2a: Tapu Koko|U-turn|p1a: Landorus\n|-resisted|p1a: Landorus\n|-damage|p1a: Landorus|43\/100\n|\n|switch|p2a: Medicham|Medicham-Mega, F, shiny|100\/100 par\n|\n|-heal|p1a: Landorus|49\/100|[from] item: Leftovers\n|upkeep\n|turn|47\n|\n|move|p1a: Landorus|U-turn|p2a: Medicham\n|-damage|p2a: Medicham|69\/100 par\n|\n|switch|p1a: Slowbro|Slowbro, F|99\/100\n|move|p2a: Medicham|Zen Headbutt|p1a: Slowbro\n|-resisted|p1a: Slowbro\n|-damage|p1a: Slowbro|77\/100\n|-damage|p2a: Medicham|52\/100 par|[from] item: Rocky Helmet|[of] p1a: Slowbro\n|\n|-fieldend|move: Electric Terrain\n|upkeep\n|turn|48\n|\n|cant|p2a: Medicham|par\n|move|p1a: Slowbro|Scald|p2a: Medicham\n|-damage|p2a: Medicham|12\/100 par\n|\n|upkeep\n|turn|49\n|\n|cant|p2a: Medicham|par\n|move|p1a: Slowbro|Slack Off|p1a: Slowbro\n|-heal|p1a: Slowbro|100\/100\n|\n|upkeep\n|turn|50\n|\n|move|p2a: Medicham|Zen Headbutt|p1a: Slowbro\n|-resisted|p1a: Slowbro\n|-damage|p1a: Slowbro|80\/100\n|-damage|p2a: Medicham|0 par|[from] item: Rocky Helmet|[of] p1a: Slowbro\n|faint|p2a: Medicham\n|move|p1a: Slowbro|Scald|p2: Medicham|[notarget]\n|-notarget\n|\n|upkeep\n|\n|switch|p2a: Tapu Koko|Tapu Koko|88\/100 brn\n|-fieldstart|move: Electric Terrain|[from] ability: Electric Surge|[of] p2a: Tapu Koko\n|turn|51\n|\n|switch|p1a: Magearna|Magearna|75\/100\n|move|p2a: Tapu Koko|Thunderbolt|p1a: Magearna\n|-damage|p1a: Magearna|53\/100\n|\n|-damage|p2a: Tapu Koko|82\/100 brn|[from] brn\n|upkeep\n|turn|52\n|\n|move|p2a: Tapu Koko|Thunderbolt|p1a: Magearna\n|-damage|p1a: Magearna|30\/100\n|move|p1a: Magearna|Fleur Cannon|p2a: Tapu Koko\n|-damage|p2a: Tapu Koko|0 brn\n|-unboost|p1a: Magearna|spa|2\n|faint|p2a: Tapu Koko\n|-ability|p1a: Magearna|Soul-Heart|boost\n|-boost|p1a: Magearna|spa|1\n|\n|upkeep\n|\n|switch|p2a: Greninja|Greninja, M|26\/100\n|turn|53\n|\n|move|p2a: Greninja|Hidden Power|p1a: Magearna\n|-start|p2a: Greninja|typechange|Fire|[from] Protean\n|-supereffective|p1a: Magearna\n|-damage|p1a: Magearna|12\/100\n|move|p1a: Magearna|Volt Switch|p2a: Greninja\n|-damage|p2a: Greninja|0\n|faint|p2a: Greninja\n|-ability|p1a: Magearna|Soul-Heart|boost\n|-boost|p1a: Magearna|spa|1\n|\n|switch|p1a: Slowbro|Slowbro, F|100\/100\n|\n|upkeep\n|-message|Jfsosa10 forfeited.\n|\n|win|Haunters Nightmare\n|l|\u2606Jfsosa10\n","uploadtime":1534702723,"views":4,"p1id":"hauntersnightmare","p2id":"jfsosa10","formatid":"gen7ou","rating":0,"private":0,"password":null}