{"id":"gen7ou-1673971549","p1":"Cinder D Ace","p2":"nimed beatches","format":"gen7ou","log":"|j|\u2606Cinder D Ace\n|j|\u2606nimed beatches\n|t:|1664520572\n|gametype|singles\n|player|p1|Cinder D Ace|hilda-wonderlauncher|1363\n|player|p2|nimed beatches|dawn|1653\n|teamsize|p1|6\n|teamsize|p2|6\n|gen|7\n|tier|[Gen 7] OU\n|rated|\n|rule|Sleep Clause Mod: Limit one foe put to sleep\n|rule|Species Clause: Limit one of each Pok\u00e9mon\n|rule|OHKO Clause: OHKO moves are banned\n|rule|Moody Clause: Moody is banned\n|rule|Evasion Items Clause: Evasion items are banned\n|rule|Evasion Moves Clause: Evasion moves are banned\n|rule|Endless Battle Clause: Forcing endless battles is banned\n|rule|HP Percentage Mod: HP is shown in percentages\n|clearpoke\n|poke|p1|Gliscor, M|item\n|poke|p1|Lopunny, F|item\n|poke|p1|Magnezone|item\n|poke|p1|Tapu Fini|item\n|poke|p1|Kartana|item\n|poke|p1|Kyurem-Black|item\n|poke|p2|Latias, F|item\n|poke|p2|Toxapex, M|item\n|poke|p2|Celesteela|item\n|poke|p2|Clefable, F|item\n|poke|p2|Tyranitar, M|item\n|poke|p2|Excadrill, M|item\n|teampreview\n|\n|t:|1664520585\n|start\n|switch|p1a: Mikey|Gliscor, M, shiny|100\/100\n|switch|p2a: Toxapex|Toxapex, M, shiny|100\/100\n|turn|1\n|\n|t:|1664520608\n|move|p1a: Mikey|Swords Dance|p1a: Mikey\n|-boost|p1a: Mikey|atk|2\n|move|p2a: Toxapex|Scald|p1a: Mikey\n|-supereffective|p1a: Mikey\n|-damage|p1a: Mikey|56\/100\n|\n|-status|p1a: Mikey|tox|[from] item: Toxic Orb\n|upkeep\n|turn|2\n|\n|t:|1664520618\n|switch|p2a: Latias|Latias, F, shiny|100\/100\n|move|p1a: Mikey|Stealth Rock|p2a: Latias\n|-sidestart|p2: nimed beatches|move: Stealth Rock\n|\n|-heal|p1a: Mikey|69\/100 tox|[from] ability: Poison Heal\n|upkeep\n|turn|3\n|\n|t:|1664520626\n|detailschange|p2a: Latias|Latias-Mega, F, shiny\n|-mega|p2a: Latias|Latias|Latiasite\n|move|p2a: Latias|Substitute|p2a: Latias\n|-start|p2a: Latias|Substitute\n|-damage|p2a: Latias|76\/100\n|move|p1a: Mikey|Toxic||[still]\n|-fail|p1a: Mikey\n|\n|-heal|p1a: Mikey|81\/100 tox|[from] ability: Poison Heal\n|upkeep\n|turn|4\n|\n|t:|1664520638\n|switch|p1a: Shelly|Tapu Fini, shiny|100\/100\n|-fieldstart|move: Misty Terrain|[from] ability: Misty Surge|[of] p1a: Shelly\n|move|p2a: Latias|Calm Mind|p2a: Latias\n|-boost|p2a: Latias|spa|1\n|-boost|p2a: Latias|spd|1\n|\n|upkeep\n|turn|5\n|\n|t:|1664520652\n|move|p2a: Latias|Calm Mind|p2a: Latias\n|-boost|p2a: Latias|spa|1\n|-boost|p2a: Latias|spd|1\n|move|p1a: Shelly|Moonblast|p2a: Latias\n|-supereffective|p2a: Latias\n|-activate|p2a: Latias|move: Substitute|[damage]\n|\n|upkeep\n|turn|6\n|inactive|Battle timer is ON: inactive players will automatically lose when time's up. (requested by Cinder D Ace)\n|\n|t:|1664520660\n|move|p2a: Latias|Calm Mind|p2a: Latias\n|-boost|p2a: Latias|spa|1\n|-boost|p2a: Latias|spd|1\n|move|p1a: Shelly|Moonblast|p2a: Latias\n|-supereffective|p2a: Latias\n|-end|p2a: Latias|Substitute\n|\n|upkeep\n|turn|7\n|\n|t:|1664520673\n|move|p2a: Latias|Substitute|p2a: Latias\n|-start|p2a: Latias|Substitute\n|-damage|p2a: Latias|51\/100\n|move|p1a: Shelly|Taunt|p2a: Latias\n|-start|p2a: Latias|move: Taunt\n|\n|upkeep\n|turn|8\n|\n|t:|1664520680\n|move|p2a: Latias|Stored Power|p1a: Shelly\n|-damage|p1a: Shelly|0 fnt\n|faint|p1a: Shelly\n|\n|-fieldend|Misty Terrain\n|upkeep\n|\n|t:|1664520690\n|switch|p1a: Reiju|Lopunny, F, shiny|100\/100\n|turn|9\n|\n|t:|1664520694\n|detailschange|p1a: Reiju|Lopunny-Mega, F, shiny\n|-mega|p1a: Reiju|Lopunny|Lopunnite\n|move|p1a: Reiju|Fake Out|p2a: Latias\n|-activate|p2a: Latias|move: Substitute|[damage]\n|move|p2a: Latias|Stored Power|p1a: Reiju\n|-supereffective|p1a: Reiju\n|-damage|p1a: Reiju|0 fnt\n|faint|p1a: Reiju\n|\n|upkeep\n|-message|Cinder D Ace forfeited.\n|\n|win|nimed beatches\n|raw|Cinder D Ace's rating: 1363 &rarr; <strong>1357<\/strong><br \/>(-6 for losing)\n|raw|nimed beatches's rating: 1653 &rarr; <strong>1659<\/strong><br \/>(+6 for winning)\n|l|\u2606Cinder D Ace\n","uploadtime":1664520714,"views":17,"p1id":"cinderdace","p2id":"nimedbeatches","formatid":"gen7ou","rating":1357,"private":0,"password":null}