{"id":"gen7ou-844614279","p1":"100percentpureheat","p2":"Moskito Cup","format":"gen7ou","log":"|raw|<div class=\"broadcast-red\"><strong>This battle is invite-only!<\/strong><br \/>Users must be rank + or invited with <code>\/invite<\/code> to join<\/div>\n|j|\u2606100percentpureheat\n|j|\u2606Moskito Cup\n|player|p1|100percentpureheat|203\n|player|p2|Moskito Cup|2\n|teamsize|p1|6\n|teamsize|p2|6\n|gametype|singles\n|gen|7\n|tier|[Gen 7] OU\n|rated|\n|rule|Sleep Clause Mod: Limit one foe put to sleep\n|rule|Species Clause: Limit one of each Pok\u00e9mon\n|rule|OHKO Clause: OHKO moves are banned\n|rule|Moody Clause: Moody is banned\n|rule|Evasion Moves Clause: Evasion moves are banned\n|rule|Endless Battle Clause: Forcing endless battles is banned\n|rule|HP Percentage Mod: HP is shown in percentages\n|clearpoke\n|poke|p1|Blacephalon|item\n|poke|p1|Garchomp, F|item\n|poke|p1|Latios, M|item\n|poke|p1|Tyranitar, M|item\n|poke|p1|Celesteela|item\n|poke|p1|Tapu Bulu|item\n|poke|p2|Venusaur, F|item\n|poke|p2|Keldeo-Resolute|item\n|poke|p2|Skarmory, M|item\n|poke|p2|Chansey, F|item\n|poke|p2|Heatran, F|item\n|poke|p2|Bisharp, F|item\n|teampreview\n|inactive|Battle timer is ON: inactive players will automatically lose when time's up. (requested by Moskito Cup)\n|\n|start\n|switch|p1a: Tyranitar|Tyranitar, M|100\/100\n|switch|p2a: Heatran|Heatran, F|100\/100\n|-weather|Sandstorm|[from] ability: Sand Stream|[of] p1a: Tyranitar\n|turn|1\n|\n|move|p2a: Heatran|Stealth Rock|p1a: Tyranitar\n|-sidestart|p1: 100percentpureheat|move: Stealth Rock\n|move|p1a: Tyranitar|Earthquake|p2a: Heatran\n|-supereffective|p2a: Heatran\n|-damage|p2a: Heatran|0 fnt\n|faint|p2a: Heatran\n|\n|-weather|Sandstorm|[upkeep]\n|upkeep\n|\n|switch|p2a: Skarmory|Skarmory, M|100\/100\n|turn|2\n|\n|switch|p1a: Latios|Latios, M|100\/100\n|-damage|p1a: Latios|88\/100|[from] Stealth Rock\n|move|p2a: Skarmory|Whirlwind|p1a: Latios\n|drag|p1a: Tyranitar|Tyranitar, M|100\/100\n|-damage|p1a: Tyranitar|88\/100|[from] Stealth Rock\n|\n|-weather|Sandstorm|[upkeep]\n|upkeep\n|turn|3\n|\n|move|p2a: Skarmory|Spikes|p1a: Tyranitar\n|-sidestart|p1: 100percentpureheat|Spikes\n|move|p1a: Tyranitar|Stone Edge|p2a: Skarmory\n|-damage|p2a: Skarmory|49\/100\n|\n|-weather|Sandstorm|[upkeep]\n|upkeep\n|turn|4\n|\n|switch|p1a: Latios|Latios, M|88\/100\n|-damage|p1a: Latios|76\/100|[from] Stealth Rock\n|move|p2a: Skarmory|Whirlwind|p1a: Latios\n|drag|p1a: Garchomp|Garchomp, F|100\/100\n|-damage|p1a: Garchomp|88\/100|[from] Spikes\n|-damage|p1a: Garchomp|82\/100|[from] Stealth Rock\n|\n|-weather|Sandstorm|[upkeep]\n|upkeep\n|turn|5\n|\n|move|p1a: Garchomp|Fire Blast|p2a: Skarmory|[miss]\n|-miss|p1a: Garchomp|p2a: Skarmory\n|move|p2a: Skarmory|Roost|p2a: Skarmory\n|-heal|p2a: Skarmory|99\/100\n|\n|-weather|none\n|upkeep\n|turn|6\n|c|\u2606100percentpureheat|nice play buddy\n|\n|move|p1a: Garchomp|Stealth Rock|p2a: Skarmory\n|-sidestart|p2: Moskito Cup|move: Stealth Rock\n|move|p2a: Skarmory|Whirlwind|p1a: Garchomp\n|drag|p1a: Celesteela|Celesteela|100\/100\n|-damage|p1a: Celesteela|88\/100|[from] Stealth Rock\n|\n|upkeep\n|turn|7\n|\n|move|p1a: Celesteela|Fire Blast|p2a: Skarmory\n|-supereffective|p2a: Skarmory\n|-damage|p2a: Skarmory|0 fnt\n|faint|p2a: Skarmory\n|-ability|p1a: Celesteela|Beast Boost|boost\n|-boost|p1a: Celesteela|spa|1\n|\n|upkeep\n|\n|switch|p2a: Chansey|Chansey, F|100\/100\n|-damage|p2a: Chansey|88\/100|[from] Stealth Rock\n|turn|8\n|\n|move|p1a: Celesteela|Air Slash|p2a: Chansey\n|-crit|p2a: Chansey\n|-damage|p2a: Chansey|60\/100\n|cant|p2a: Chansey|flinch\n|\n|upkeep\n|turn|9\n|\n|move|p1a: Celesteela|Air Slash|p2a: Chansey\n|-damage|p2a: Chansey|42\/100\n|cant|p2a: Chansey|flinch\n|\n|upkeep\n|turn|10\n|\n|move|p1a: Celesteela|Air Slash|p2a: Chansey\n|-damage|p2a: Chansey|25\/100\n|move|p2a: Chansey|Soft-Boiled|p2a: Chansey\n|-heal|p2a: Chansey|75\/100\n|\n|upkeep\n|turn|11\n|\n|move|p1a: Celesteela|Giga Drain|p2a: Chansey\n|-damage|p2a: Chansey|63\/100\n|-heal|p1a: Celesteela|100\/100|[from] drain|[of] p2a: Chansey\n|move|p2a: Chansey|Thunder Wave|p1a: Celesteela|[miss]\n|-miss|p2a: Chansey|p1a: Celesteela\n|\n|upkeep\n|turn|12\n|\n|switch|p1a: Garchomp|Garchomp, F|82\/100\n|-damage|p1a: Garchomp|70\/100|[from] Spikes\n|-damage|p1a: Garchomp|63\/100|[from] Stealth Rock\n|move|p2a: Chansey|Soft-Boiled|p2a: Chansey\n|-heal|p2a: Chansey|100\/100\n|\n|upkeep\n|turn|13\n|\n|switch|p2a: Keldeo|Keldeo-Resolute|100\/100\n|-damage|p2a: Keldeo|94\/100|[from] Stealth Rock\n|move|p1a: Garchomp|Earthquake|p2a: Keldeo\n|-damage|p2a: Keldeo|42\/100\n|\n|-heal|p2a: Keldeo|48\/100|[from] item: Leftovers\n|upkeep\n|turn|14\n|\n|move|p2a: Keldeo|Scald|p1a: Garchomp\n|-damage|p1a: Garchomp|28\/100\n|-status|p1a: Garchomp|brn\n|move|p1a: Garchomp|Earthquake|p2a: Keldeo\n|-damage|p2a: Keldeo|25\/100\n|\n|-heal|p2a: Keldeo|31\/100|[from] item: Leftovers\n|-damage|p1a: Garchomp|21\/100 brn|[from] brn\n|upkeep\n|turn|15\n|\n|move|p2a: Keldeo|Secret Sword|p1a: Garchomp\n|-damage|p1a: Garchomp|0 fnt\n|faint|p1a: Garchomp\n|\n|-heal|p2a: Keldeo|38\/100|[from] item: Leftovers\n|upkeep\n|\n|switch|p1a: Celesteela|Celesteela|100\/100\n|-damage|p1a: Celesteela|88\/100|[from] Stealth Rock\n|turn|16\n|\n|switch|p2a: Chansey|Chansey, F|100\/100\n|-damage|p2a: Chansey|88\/100|[from] Stealth Rock\n|move|p1a: Celesteela|Giga Drain|p2a: Chansey\n|-damage|p2a: Chansey|80\/100\n|-heal|p1a: Celesteela|97\/100|[from] drain|[of] p2a: Chansey\n|\n|upkeep\n|turn|17\n|\n|switch|p1a: Tapu Bulu|Tapu Bulu|100\/100\n|-damage|p1a: Tapu Bulu|88\/100|[from] Spikes\n|-damage|p1a: Tapu Bulu|75\/100|[from] Stealth Rock\n|-fieldstart|move: Grassy Terrain|[from] ability: Grassy Surge|[of] p1a: Tapu Bulu\n|move|p2a: Chansey|Thunder Wave|p1a: Tapu Bulu\n|-status|p1a: Tapu Bulu|par\n|\n|-heal|p2a: Chansey|86\/100|[from] Grassy Terrain\n|-heal|p1a: Tapu Bulu|82\/100 par|[from] Grassy Terrain\n|upkeep\n|turn|18\n|\n|switch|p2a: Venusaur|Venusaur, F|100\/100\n|-damage|p2a: Venusaur|88\/100|[from] Stealth Rock\n|move|p1a: Tapu Bulu|Horn Leech|p2a: Venusaur\n|-resisted|p2a: Venusaur\n|-damage|p2a: Venusaur|76\/100\n|-heal|p1a: Tapu Bulu|88\/100 par|[from] drain|[of] p2a: Venusaur\n|\n|-heal|p2a: Venusaur|82\/100|[from] Grassy Terrain\n|-heal|p1a: Tapu Bulu|94\/100 par|[from] Grassy Terrain\n|upkeep\n|turn|19\n|\n|switch|p1a: Celesteela|Celesteela|97\/100\n|-damage|p1a: Celesteela|85\/100|[from] Stealth Rock\n|detailschange|p2a: Venusaur|Venusaur-Mega, F\n|-mega|p2a: Venusaur|Venusaur|Venusaurite\n|move|p2a: Venusaur|Giga Drain|p1a: Celesteela\n|-resisted|p1a: Celesteela\n|-damage|p1a: Celesteela|74\/100\n|-heal|p2a: Venusaur|87\/100|[from] drain|[of] p1a: Celesteela\n|\n|-heal|p2a: Venusaur|93\/100|[from] Grassy Terrain\n|upkeep\n|turn|20\n|\n|switch|p2a: Chansey|Chansey, F|86\/100\n|-damage|p2a: Chansey|74\/100|[from] Stealth Rock\n|move|p1a: Celesteela|Giga Drain|p2a: Chansey\n|-damage|p2a: Chansey|66\/100\n|-heal|p1a: Celesteela|83\/100|[from] drain|[of] p2a: Chansey\n|\n|-heal|p2a: Chansey|72\/100|[from] Grassy Terrain\n|upkeep\n|turn|21\n|\n|switch|p1a: Tapu Bulu|Tapu Bulu|94\/100 par\n|-damage|p1a: Tapu Bulu|82\/100 par|[from] Stealth Rock\n|-damage|p1a: Tapu Bulu|69\/100 par|[from] Spikes\n|move|p2a: Chansey|Seismic Toss|p1a: Tapu Bulu\n|-damage|p1a: Tapu Bulu|40\/100 par\n|\n|-heal|p2a: Chansey|78\/100|[from] Grassy Terrain\n|-heal|p1a: Tapu Bulu|46\/100 par|[from] Grassy Terrain\n|-fieldend|move: Grassy Terrain\n|upkeep\n|turn|22\n|\n|move|p2a: Chansey|Seismic Toss|p1a: Tapu Bulu\n|-damage|p1a: Tapu Bulu|17\/100 par\n|cant|p1a: Tapu Bulu|par\n|\n|upkeep\n|turn|23\n|\n|switch|p1a: Blacephalon|Blacephalon|100\/100\n|-damage|p1a: Blacephalon|88\/100|[from] Spikes\n|-damage|p1a: Blacephalon|64\/100|[from] Stealth Rock\n|move|p2a: Chansey|Seismic Toss|p1a: Blacephalon\n|-immune|p1a: Blacephalon\n|\n|upkeep\n|turn|24\n|\n|switch|p2a: Keldeo|Keldeo-Resolute|38\/100\n|-damage|p2a: Keldeo|31\/100|[from] Stealth Rock\n|move|p1a: Blacephalon|Trick|p2a: Keldeo\n|-activate|p1a: Blacephalon|move: Trick|[of] p2a: Keldeo\n|-item|p2a: Keldeo|Choice Scarf|[from] move: Trick\n|-item|p1a: Blacephalon|Leftovers|[from] move: Trick\n|\n|-heal|p1a: Blacephalon|70\/100|[from] item: Leftovers\n|upkeep\n|turn|25\n|\n|switch|p1a: Tapu Bulu|Tapu Bulu|17\/100 par\n|-damage|p1a: Tapu Bulu|5\/100 par|[from] Stealth Rock\n|-damage|p1a: Tapu Bulu|0 fnt|[from] Spikes\n|faint|p1a: Tapu Bulu\n|move|p2a: Keldeo|Scald|p1: Tapu Bulu|[notarget]\n|-fail|p2a: Keldeo\n|\n|upkeep\n|\n|switch|p1a: Latios|Latios, M|76\/100\n|-damage|p1a: Latios|64\/100|[from] Stealth Rock\n|turn|26\n|\n|switch|p2a: Bisharp|Bisharp, F|100\/100\n|-damage|p2a: Bisharp|94\/100|[from] Stealth Rock\n|detailschange|p1a: Latios|Latios-Mega, M\n|-mega|p1a: Latios|Latios|Latiosite\n|move|p1a: Latios|Surf|p2a: Bisharp\n|-damage|p2a: Bisharp|48\/100\n|\n|-heal|p2a: Bisharp|54\/100|[from] item: Leftovers\n|upkeep\n|turn|27\n|\n|move|p1a: Latios|Surf|p2a: Bisharp\n|-damage|p2a: Bisharp|8\/100\n|move|p2a: Bisharp|Knock Off|p1a: Latios\n|-supereffective|p1a: Latios\n|-damage|p1a: Latios|0 fnt\n|faint|p1a: Latios\n|\n|-heal|p2a: Bisharp|14\/100|[from] item: Leftovers\n|upkeep\n|\n|switch|p1a: Celesteela|Celesteela|83\/100\n|-damage|p1a: Celesteela|70\/100|[from] Stealth Rock\n|turn|28\n|\n|switch|p2a: Chansey|Chansey, F|78\/100\n|-damage|p2a: Chansey|65\/100|[from] Stealth Rock\n|move|p1a: Celesteela|Giga Drain|p2a: Chansey\n|-damage|p2a: Chansey|58\/100\n|-heal|p1a: Celesteela|78\/100|[from] drain|[of] p2a: Chansey\n|\n|upkeep\n|turn|29\n|\n|switch|p1a: Blacephalon|Blacephalon|70\/100\n|-damage|p1a: Blacephalon|58\/100|[from] Spikes\n|-damage|p1a: Blacephalon|33\/100|[from] Stealth Rock\n|move|p2a: Chansey|Thunder Wave|p1a: Blacephalon|[miss]\n|-miss|p2a: Chansey|p1a: Blacephalon\n|\n|-heal|p1a: Blacephalon|39\/100|[from] item: Leftovers\n|upkeep\n|turn|30\n|\n|switch|p2a: Bisharp|Bisharp, F|14\/100\n|-damage|p2a: Bisharp|8\/100|[from] Stealth Rock\n|move|p1a: Blacephalon|Fire Blast|p2a: Bisharp\n|-supereffective|p2a: Bisharp\n|-damage|p2a: Bisharp|0 fnt\n|faint|p2a: Bisharp\n|-ability|p1a: Blacephalon|Beast Boost|boost\n|-boost|p1a: Blacephalon|spa|1\n|\n|-heal|p1a: Blacephalon|45\/100|[from] item: Leftovers\n|upkeep\n|\n|switch|p2a: Keldeo|Keldeo-Resolute|31\/100\n|-damage|p2a: Keldeo|25\/100|[from] Stealth Rock\n|turn|31\n|\n|switch|p1a: Tyranitar|Tyranitar, M|88\/100\n|-damage|p1a: Tyranitar|76\/100|[from] Spikes\n|-damage|p1a: Tyranitar|63\/100|[from] Stealth Rock\n|-weather|Sandstorm|[from] ability: Sand Stream|[of] p1a: Tyranitar\n|move|p2a: Keldeo|Scald|p1a: Tyranitar\n|-supereffective|p1a: Tyranitar\n|-damage|p1a: Tyranitar|14\/100\n|\n|-weather|Sandstorm|[upkeep]\n|-damage|p2a: Keldeo|19\/100|[from] Sandstorm\n|upkeep\n|turn|32\n|\n|move|p2a: Keldeo|Scald|p1a: Tyranitar\n|-supereffective|p1a: Tyranitar\n|-damage|p1a: Tyranitar|0 fnt\n|faint|p1a: Tyranitar\n|\n|-weather|Sandstorm|[upkeep]\n|-damage|p2a: Keldeo|13\/100|[from] Sandstorm\n|upkeep\n|\n|switch|p1a: Celesteela|Celesteela|78\/100\n|-damage|p1a: Celesteela|66\/100|[from] Stealth Rock\n|turn|33\n|\n|switch|p2a: Chansey|Chansey, F|58\/100\n|-damage|p2a: Chansey|46\/100|[from] Stealth Rock\n|move|p1a: Celesteela|Air Slash|p2a: Chansey\n|-damage|p2a: Chansey|33\/100\n|\n|-weather|Sandstorm|[upkeep]\n|-damage|p2a: Chansey|27\/100|[from] Sandstorm\n|upkeep\n|turn|34\n|\n|move|p1a: Celesteela|Air Slash|p2a: Chansey\n|-damage|p2a: Chansey|16\/100\n|move|p2a: Chansey|Soft-Boiled|p2a: Chansey\n|-heal|p2a: Chansey|66\/100\n|\n|-weather|Sandstorm|[upkeep]\n|-damage|p2a: Chansey|60\/100|[from] Sandstorm\n|upkeep\n|turn|35\n|\n|switch|p1a: Blacephalon|Blacephalon|45\/100\n|-damage|p1a: Blacephalon|20\/100|[from] Stealth Rock\n|-damage|p1a: Blacephalon|8\/100|[from] Spikes\n|move|p2a: Chansey|Thunder Wave|p1a: Blacephalon\n|-status|p1a: Blacephalon|par\n|\n|-weather|none\n|-heal|p1a: Blacephalon|14\/100 par|[from] item: Leftovers\n|upkeep\n|turn|36\n|\n|move|p1a: Blacephalon|Fire Blast|p2a: Chansey\n|-damage|p2a: Chansey|39\/100\n|move|p2a: Chansey|Soft-Boiled|p2a: Chansey\n|-heal|p2a: Chansey|89\/100\n|\n|-heal|p1a: Blacephalon|20\/100 par|[from] item: Leftovers\n|upkeep\n|turn|37\n|\n|switch|p2a: Venusaur|Venusaur-Mega, F|93\/100\n|-damage|p2a: Venusaur|80\/100|[from] Stealth Rock\n|move|p1a: Blacephalon|Shadow Ball|p2a: Venusaur\n|-damage|p2a: Venusaur|42\/100\n|\n|-heal|p1a: Blacephalon|26\/100 par|[from] item: Leftovers\n|upkeep\n|turn|38\n|\n|move|p2a: Venusaur|Synthesis|p2a: Venusaur\n|-heal|p2a: Venusaur|92\/100\n|move|p1a: Blacephalon|Fire Blast|p2a: Venusaur\n|-supereffective|p2a: Venusaur\n|-damage|p2a: Venusaur|44\/100\n|\n|-heal|p1a: Blacephalon|32\/100 par|[from] item: Leftovers\n|upkeep\n|turn|39\n|\n|move|p2a: Venusaur|Sludge Bomb|p1a: Blacephalon\n|-resisted|p1a: Blacephalon\n|-damage|p1a: Blacephalon|0 fnt\n|faint|p1a: Blacephalon\n|\n|upkeep\n|-message|100percentpureheat forfeited.\n|\n|win|Moskito Cup\n|l|\u2606100percentpureheat\n|raw|100percentpureheat's rating: 1852 &rarr; <strong>1831<\/strong><br \/>(-21 for losing)\n|raw|Moskito Cup's rating: 1824 &rarr; <strong>1846<\/strong><br \/>(+22 for winning)\n|c|\u2606Moskito Cup|\/log Moskito Cup made this room public.\n","uploadtime":1546650890,"views":287,"p1id":"100percentpureheat","p2id":"moskitocup","formatid":"gen7ou","rating":1831,"private":0,"password":null}