{"id":"gen7ou-977517712","p1":"OGamer289","p2":"Rangvald","format":"gen7ou","log":"|j|\u2606OGamer289\n|j|\u2606Rangvald\n|player|p1|OGamer289|153|1417\n|player|p2|Rangvald|169|1464\n|teamsize|p1|6\n|teamsize|p2|6\n|gametype|singles\n|gen|7\n|tier|[Gen 7] OU\n|rated|\n|rule|Sleep Clause Mod: Limit one foe put to sleep\n|rule|Species Clause: Limit one of each Pok\u00e9mon\n|rule|OHKO Clause: OHKO moves are banned\n|rule|Moody Clause: Moody is banned\n|rule|Evasion Moves Clause: Evasion moves are banned\n|rule|Endless Battle Clause: Forcing endless battles is banned\n|rule|HP Percentage Mod: HP is shown in percentages\n|clearpoke\n|poke|p1|Conkeldurr, M|item\n|poke|p1|Victini|item\n|poke|p1|Rotom-Wash|item\n|poke|p1|Aggron, F|item\n|poke|p1|Latios, M|item\n|poke|p1|Mamoswine, M|item\n|poke|p2|Excadrill, F|item\n|poke|p2|Tangrowth, M|item\n|poke|p2|Alakazam, M|item\n|poke|p2|Kommo-o, M|item\n|poke|p2|Rotom-Wash|item\n|poke|p2|Chandelure, M|item\n|teampreview\n|inactive|Battle timer is ON: inactive players will automatically lose when time's up. (requested by OGamer289)\n|\n|start\n|switch|p1a: Aggron|Aggron, F|100\/100\n|switch|p2a: Excadrill|Excadrill, F|100\/100\n|-ability|p2a: Excadrill|Mold Breaker\n|turn|1\n|\n|detailschange|p1a: Aggron|Aggron-Mega, F\n|-mega|p1a: Aggron|Aggron|Aggronite\n|move|p2a: Excadrill|Stealth Rock|p1a: Aggron\n|-sidestart|p1: OGamer289|move: Stealth Rock\n|move|p1a: Aggron|Earthquake|p2a: Excadrill\n|-supereffective|p2a: Excadrill\n|-damage|p2a: Excadrill|14\/100\n|\n|upkeep\n|turn|2\n|\n|switch|p2a: Rotom|Rotom-Wash|100\/100\n|move|p1a: Aggron|Fire Blast|p2a: Rotom\n|-resisted|p2a: Rotom\n|-damage|p2a: Rotom|92\/100\n|\n|upkeep\n|turn|3\n|\n|switch|p1a: Rotom|Rotom-Wash|100\/100\n|-damage|p1a: Rotom|88\/100|[from] Stealth Rock\n|move|p2a: Rotom|Will-O-Wisp|p1a: Rotom\n|-status|p1a: Rotom|brn\n|\n|-heal|p1a: Rotom|94\/100 brn|[from] item: Leftovers\n|-damage|p1a: Rotom|88\/100 brn|[from] brn\n|upkeep\n|turn|4\n|\n|move|p2a: Rotom|Volt Switch|p1a: Rotom\n|-damage|p1a: Rotom|59\/100 brn\n|\n|switch|p2a: Tangrowth|Tangrowth, M|100\/100|[from]move: Volt Switch\n|move|p1a: Rotom|Defog|p2a: Tangrowth\n|-unboost|p2a: Tangrowth|evasion|1\n|-sideend|p1: OGamer289|Stealth Rock|[from] move: Defog|[of] p1a: Rotom\n|\n|-heal|p1a: Rotom|65\/100 brn|[from] item: Leftovers\n|-damage|p1a: Rotom|59\/100 brn|[from] brn\n|upkeep\n|turn|5\n|\n|move|p1a: Rotom|Volt Switch|p2a: Tangrowth\n|-resisted|p2a: Tangrowth\n|-damage|p2a: Tangrowth|92\/100\n|\n|switch|p1a: Victini|Victini|100\/100|[from]move: Volt Switch\n|move|p2a: Tangrowth|Knock Off|p1a: Victini\n|-supereffective|p1a: Victini\n|-damage|p1a: Victini|55\/100\n|-enditem|p1a: Victini|Choice Scarf|[from] move: Knock Off|[of] p2a: Tangrowth\n|\n|upkeep\n|turn|6\n|\n|switch|p2a: Chandelure|Chandelure, M|100\/100\n|move|p1a: Victini|U-turn|p2a: Chandelure\n|-resisted|p2a: Chandelure\n|-damage|p2a: Chandelure|93\/100\n|\n|switch|p1a: Conkeldurr|Conkeldurr, M|100\/100|[from]move: U-turn\n|\n|upkeep\n|turn|7\n|\n|switch|p2a: Kommo-o|Kommo-o, M|100\/100\n|move|p1a: Conkeldurr|Knock Off|p2a: Kommo-o\n|-resisted|p2a: Kommo-o\n|-damage|p2a: Kommo-o|85\/100\n|\n|upkeep\n|turn|8\n|inactive|Rangvald has 120 seconds left.\n|\n|-zpower|p2a: Kommo-o\n|move|p2a: Kommo-o|Clangorous Soulblaze|p1a: Conkeldurr|[zeffect]\n|-damage|p1a: Conkeldurr|43\/100\n|-boost|p2a: Kommo-o|atk|1\n|-boost|p2a: Kommo-o|def|1\n|-boost|p2a: Kommo-o|spa|1\n|-boost|p2a: Kommo-o|spd|1\n|-boost|p2a: Kommo-o|spe|1\n|move|p1a: Conkeldurr|Ice Punch|p2a: Kommo-o\n|-supereffective|p2a: Kommo-o\n|-damage|p2a: Kommo-o|29\/100\n|\n|upkeep\n|turn|9\n|\n|move|p2a: Kommo-o|Drain Punch|p1a: Conkeldurr\n|-damage|p1a: Conkeldurr|0 fnt\n|-heal|p2a: Kommo-o|59\/100|[from] drain|[of] p1a: Conkeldurr\n|faint|p1a: Conkeldurr\n|\n|upkeep\n|inactive|OGamer289 has 120 seconds left.\n|\n|switch|p1a: Mamoswine|Mamoswine, M|100\/100\n|turn|10\n|\n|move|p1a: Mamoswine|Ice Shard|p2a: Kommo-o\n|-supereffective|p2a: Kommo-o\n|-damage|p2a: Kommo-o|28\/100\n|move|p2a: Kommo-o|Drain Punch|p1a: Mamoswine\n|-supereffective|p1a: Mamoswine\n|-damage|p1a: Mamoswine|0 fnt\n|-heal|p2a: Kommo-o|90\/100|[from] drain|[of] p1a: Mamoswine\n|faint|p1a: Mamoswine\n|\n|upkeep\n|-message|OGamer289 forfeited.\n|\n|win|Rangvald\n|l|\u2606OGamer289\n","uploadtime":1568743482,"views":5,"p1id":"ogamer289","p2id":"rangvald","formatid":"gen7ou","rating":0,"private":0,"password":null}