{"id":"gen7ou-1623932180","p1":"IM PICKLE RICKK!!!","p2":"Steelix Fusion","format":"gen7ou","log":"|j|\u2606IM PICKLE RICKK!!!\n|j|\u2606Steelix Fusion\n|t:|1658634608\n|gametype|singles\n|player|p1|IM PICKLE RICKK!!!|wallace|1391\n|player|p2|Steelix Fusion|marshal|1675\n|teamsize|p1|6\n|teamsize|p2|6\n|gen|7\n|tier|[Gen 7] OU\n|rated|\n|rule|Sleep Clause Mod: Limit one foe put to sleep\n|rule|Species Clause: Limit one of each Pok\u00e9mon\n|rule|OHKO Clause: OHKO moves are banned\n|rule|Moody Clause: Moody is banned\n|rule|Evasion Moves Clause: Evasion moves are banned\n|rule|Endless Battle Clause: Forcing endless battles is banned\n|rule|HP Percentage Mod: HP is shown in percentages\n|clearpoke\n|poke|p1|Dragonite, M|item\n|poke|p1|Toxapex, F|item\n|poke|p1|Landorus-Therian, M|item\n|poke|p1|Heatran, M|item\n|poke|p1|Pinsir, F|item\n|poke|p1|Greninja, M|item\n|poke|p2|Ninetales-Alola, F|item\n|poke|p2|Klefki, M|item\n|poke|p2|Landorus-Therian, M|item\n|poke|p2|Gyarados, M|item\n|poke|p2|Salamence, M|item\n|poke|p2|Volcarona, F|item\n|teampreview\n|inactive|Battle timer is ON: inactive players will automatically lose when time's up. (requested by IM PICKLE RICKK!!!)\n|\n|t:|1658634625\n|start\n|switch|p1a: POO POO! HANDS|Dragonite, M|100\/100\n|switch|p2a: Ninetales|Ninetales-Alola, F|100\/100\n|-weather|Hail|[from] ability: Snow Warning|[of] p2a: Ninetales\n|turn|1\n|\n|t:|1658634632\n|switch|p1a: GASSY GUY|Heatran, M|100\/100\n|move|p2a: Ninetales|Aurora Veil|p2a: Ninetales\n|-sidestart|p2: Steelix Fusion|move: Aurora Veil\n|\n|-weather|Hail|[upkeep]\n|-damage|p1a: GASSY GUY|94\/100|[from] Hail\n|-heal|p1a: GASSY GUY|100\/100|[from] item: Leftovers\n|upkeep\n|turn|2\n|\n|t:|1658634640\n|switch|p2a: Landorus|Landorus-Therian, M|100\/100\n|-ability|p2a: Landorus|Intimidate|boost\n|-unboost|p1a: GASSY GUY|atk|1\n|move|p1a: GASSY GUY|Taunt|p2a: Landorus\n|-start|p2a: Landorus|move: Taunt\n|\n|-weather|Hail|[upkeep]\n|-damage|p2a: Landorus|95\/100|[from] Hail\n|-damage|p1a: GASSY GUY|94\/100|[from] Hail\n|-heal|p2a: Landorus|100\/100|[from] item: Leftovers\n|-heal|p1a: GASSY GUY|100\/100|[from] item: Leftovers\n|upkeep\n|turn|3\n|\n|t:|1658634651\n|move|p1a: GASSY GUY|Protect|p1a: GASSY GUY\n|-singleturn|p1a: GASSY GUY|Protect\n|move|p2a: Landorus|Knock Off|p1a: GASSY GUY\n|-activate|p1a: GASSY GUY|move: Protect\n|\n|-weather|Hail|[upkeep]\n|-damage|p2a: Landorus|95\/100|[from] Hail\n|-damage|p1a: GASSY GUY|94\/100|[from] Hail\n|-heal|p2a: Landorus|100\/100|[from] item: Leftovers\n|-heal|p1a: GASSY GUY|100\/100|[from] item: Leftovers\n|upkeep\n|turn|4\n|\n|t:|1658634668\n|switch|p1a: STINKY FART|Landorus-Therian, M|100\/100\n|-ability|p1a: STINKY FART|Intimidate|boost\n|-unboost|p2a: Landorus|atk|1\n|move|p2a: Landorus|Knock Off|p1a: STINKY FART\n|-damage|p1a: STINKY FART|80\/100\n|-enditem|p1a: STINKY FART|Leftovers|[from] move: Knock Off|[of] p2a: Landorus\n|\n|-weather|Hail|[upkeep]\n|-damage|p2a: Landorus|95\/100|[from] Hail\n|-damage|p1a: STINKY FART|74\/100|[from] Hail\n|-heal|p2a: Landorus|100\/100|[from] item: Leftovers\n|-end|p2a: Landorus|move: Taunt\n|upkeep\n|turn|5\n|\n|t:|1658634679\n|move|p2a: Landorus|Substitute|p2a: Landorus\n|-start|p2a: Landorus|Substitute\n|-damage|p2a: Landorus|76\/100\n|move|p1a: STINKY FART|Stealth Rock|p2a: Landorus\n|-sidestart|p2: Steelix Fusion|move: Stealth Rock\n|\n|-weather|none\n|-heal|p2a: Landorus|82\/100|[from] item: Leftovers\n|upkeep\n|turn|6\n|\n|t:|1658634702\n|move|p2a: Landorus|Swords Dance|p2a: Landorus\n|-boost|p2a: Landorus|atk|2\n|move|p1a: STINKY FART|U-turn|p2a: Landorus\n|-resisted|p2a: Landorus\n|-activate|p2a: Landorus|move: Substitute|[damage]\n|\n|t:|1658634705\n|switch|p1a: POO POO! HANDS|Dragonite, M|100\/100|[from]move: U-turn\n|\n|-heal|p2a: Landorus|88\/100|[from] item: Leftovers\n|upkeep\n|turn|7\n|\n|t:|1658634711\n|move|p2a: Landorus|Knock Off|p1a: POO POO! HANDS\n|-damage|p1a: POO POO! HANDS|64\/100\n|-enditem|p1a: POO POO! HANDS|Weakness Policy|[from] move: Knock Off|[of] p2a: Landorus\n|move|p1a: POO POO! HANDS|Ice Beam|p2a: Landorus\n|-supereffective|p2a: Landorus\n|-end|p2a: Landorus|Substitute\n|\n|-heal|p2a: Landorus|94\/100|[from] item: Leftovers\n|upkeep\n|turn|8\n|j| Go b4 it gets dark\n|\n|t:|1658634722\n|move|p1a: POO POO! HANDS|Extreme Speed|p2a: Landorus\n|-damage|p2a: Landorus|77\/100\n|move|p2a: Landorus|Knock Off|p1a: POO POO! HANDS\n|-damage|p1a: POO POO! HANDS|13\/100\n|\n|-heal|p2a: Landorus|83\/100|[from] item: Leftovers\n|-sideend|p2: Steelix Fusion|move: Aurora Veil\n|upkeep\n|turn|9\n|\n|t:|1658634729\n|move|p2a: Landorus|Knock Off|p1a: POO POO! HANDS\n|-damage|p1a: POO POO! HANDS|0 fnt\n|faint|p1a: POO POO! HANDS\n|\n|-heal|p2a: Landorus|89\/100|[from] item: Leftovers\n|upkeep\n|c|\u2606Steelix Fusion|lol\n|\n|t:|1658634732\n|switch|p1a: EPIC FORTNITE!|Greninja, M|100\/100\n|turn|10\n|\n|t:|1658634751\n|switch|p2a: Klefki|Klefki, M, shiny|100\/100\n|-damage|p2a: Klefki|94\/100|[from] Stealth Rock\n|move|p1a: EPIC FORTNITE!|Surf|p2a: Klefki\n|-damage|p2a: Klefki|27\/100\n|\n|upkeep\n|turn|11\n|\n|t:|1658634767\n|move|p2a: Klefki|Light Screen|p2a: Klefki\n|-sidestart|p2: Steelix Fusion|move: Light Screen\n|move|p1a: EPIC FORTNITE!|Surf|p2a: Klefki\n|-damage|p2a: Klefki|0 fnt\n|faint|p2a: Klefki\n|-activate|p1a: EPIC FORTNITE!|ability: Battle Bond\n|detailschange|p1a: EPIC FORTNITE!|Greninja-Ash, M\n|\n|upkeep\n|\n|t:|1658634774\n|switch|p2a: Salamence|Salamence, M, shiny|100\/100\n|-damage|p2a: Salamence|76\/100|[from] Stealth Rock\n|turn|12\n|\n|t:|1658634785\n|switch|p1a: DAMN DANIEL|Toxapex, F|100\/100\n|move|p2a: Salamence|Dragon Dance|p2a: Salamence\n|-boost|p2a: Salamence|atk|1\n|-boost|p2a: Salamence|spe|1\n|\n|upkeep\n|turn|13\n|\n|t:|1658634791\n|move|p2a: Salamence|Dragon Rush|p1a: DAMN DANIEL\n|-damage|p1a: DAMN DANIEL|49\/100\n|move|p1a: DAMN DANIEL|Haze|p1a: DAMN DANIEL\n|-clearallboost\n|\n|-heal|p1a: DAMN DANIEL|55\/100|[from] item: Black Sludge\n|upkeep\n|turn|14\n|inactive|IM PICKLE RICKK!!! has 120 seconds left.\n|inactive|IM PICKLE RICKK!!! has 90 seconds left.\n|\n|t:|1658634855\n|move|p2a: Salamence|Dragon Dance|p2a: Salamence\n|-boost|p2a: Salamence|atk|1\n|-boost|p2a: Salamence|spe|1\n|move|p1a: DAMN DANIEL|Haze|p1a: DAMN DANIEL\n|-clearallboost\n|\n|-heal|p1a: DAMN DANIEL|62\/100|[from] item: Black Sludge\n|upkeep\n|turn|15\n|inactive|IM PICKLE RICKK!!! has 90 seconds left.\n|\n|t:|1658634889\n|move|p2a: Salamence|Earthquake|p1a: DAMN DANIEL\n|-supereffective|p1a: DAMN DANIEL\n|-damage|p1a: DAMN DANIEL|16\/100\n|move|p1a: DAMN DANIEL|Haze|p1a: DAMN DANIEL\n|-clearallboost\n|\n|-heal|p1a: DAMN DANIEL|22\/100|[from] item: Black Sludge\n|upkeep\n|turn|16\n|\n|t:|1658634896\n|move|p2a: Salamence|Dragon Dance|p2a: Salamence\n|-boost|p2a: Salamence|atk|1\n|-boost|p2a: Salamence|spe|1\n|move|p1a: DAMN DANIEL|Haze|p1a: DAMN DANIEL\n|-clearallboost\n|\n|-heal|p1a: DAMN DANIEL|28\/100|[from] item: Black Sludge\n|upkeep\n|turn|17\n|\n|t:|1658634908\n|move|p2a: Salamence|Earthquake|p1a: DAMN DANIEL\n|-supereffective|p1a: DAMN DANIEL\n|-damage|p1a: DAMN DANIEL|0 fnt\n|faint|p1a: DAMN DANIEL\n|-ability|p2a: Salamence|Moxie|boost\n|-boost|p2a: Salamence|atk|1\n|\n|upkeep\n|\n|t:|1658634912\n|switch|p1a: EPIC FORTNITE!|Greninja-Ash, M|100\/100\n|turn|18\n|\n|t:|1658634916\n|move|p1a: EPIC FORTNITE!|Ice Beam|p2a: Salamence\n|-supereffective|p2a: Salamence\n|-crit|p2a: Salamence\n|-damage|p2a: Salamence|0 fnt\n|faint|p2a: Salamence\n|\n|-sideend|p2: Steelix Fusion|move: Light Screen\n|upkeep\n|c|\u2606Steelix Fusion|lol crit\n|\n|t:|1658634927\n|switch|p2a: Volcarona|Volcarona, F|100\/100\n|-damage|p2a: Volcarona|51\/100|[from] Stealth Rock\n|turn|19\n|\n|t:|1658634938\n|switch|p1a: FORTNITE WIN|Pinsir, F|100\/100\n|move|p2a: Volcarona|Quiver Dance|p2a: Volcarona\n|-boost|p2a: Volcarona|spa|1\n|-boost|p2a: Volcarona|spd|1\n|-boost|p2a: Volcarona|spe|1\n|\n|upkeep\n|turn|20\n|\n|t:|1658634944\n|detailschange|p1a: FORTNITE WIN|Pinsir-Mega, F\n|-mega|p1a: FORTNITE WIN|Pinsir|Pinsirite\n|move|p1a: FORTNITE WIN|Quick Attack|p2a: Volcarona\n|-supereffective|p2a: Volcarona\n|-damage|p2a: Volcarona|0 fnt\n|faint|p2a: Volcarona\n|\n|upkeep\n|\n|t:|1658634949\n|switch|p2a: Ninetales|Ninetales-Alola, F|100\/100\n|-damage|p2a: Ninetales|76\/100|[from] Stealth Rock\n|-weather|Hail|[from] ability: Snow Warning|[of] p2a: Ninetales\n|turn|21\n|inactive|IM PICKLE RICKK!!! has 120 seconds left.\n|\n|t:|1658634956\n|move|p2a: Ninetales|Aurora Veil|p2a: Ninetales\n|-sidestart|p2: Steelix Fusion|move: Aurora Veil\n|move|p1a: FORTNITE WIN|Swords Dance|p1a: FORTNITE WIN\n|-boost|p1a: FORTNITE WIN|atk|2\n|\n|-weather|Hail|[upkeep]\n|-damage|p1a: FORTNITE WIN|95\/100|[from] Hail\n|upkeep\n|turn|22\n|inactive|IM PICKLE RICKK!!! has 120 seconds left.\n|\n|t:|1658634970\n|switch|p1a: GASSY GUY|Heatran, M|100\/100\n|move|p2a: Ninetales|Encore||[still]\n|-fail|p2a: Ninetales\n|\n|-weather|Hail|[upkeep]\n|-damage|p1a: GASSY GUY|94\/100|[from] Hail\n|-heal|p1a: GASSY GUY|100\/100|[from] item: Leftovers\n|upkeep\n|turn|23\n|\n|t:|1658634977\n|move|p2a: Ninetales|Safeguard|p2a: Ninetales\n|-sidestart|p2: Steelix Fusion|Safeguard\n|move|p1a: GASSY GUY|Taunt|p2a: Ninetales\n|-start|p2a: Ninetales|move: Taunt\n|\n|-weather|Hail|[upkeep]\n|-damage|p1a: GASSY GUY|94\/100|[from] Hail\n|-heal|p1a: GASSY GUY|100\/100|[from] item: Leftovers\n|upkeep\n|turn|24\n|\n|t:|1658634984\n|switch|p2a: Landorus|Landorus-Therian, M|89\/100\n|-damage|p2a: Landorus|77\/100|[from] Stealth Rock\n|-ability|p2a: Landorus|Intimidate|boost\n|-unboost|p1a: GASSY GUY|atk|1\n|move|p1a: GASSY GUY|Taunt|p2a: Landorus\n|-start|p2a: Landorus|move: Taunt\n|\n|-weather|Hail|[upkeep]\n|-damage|p2a: Landorus|71\/100|[from] Hail\n|-damage|p1a: GASSY GUY|94\/100|[from] Hail\n|-heal|p2a: Landorus|77\/100|[from] item: Leftovers\n|-heal|p1a: GASSY GUY|100\/100|[from] item: Leftovers\n|upkeep\n|turn|25\n|\n|t:|1658634997\n|switch|p2a: Gyarados|Gyarados, M, shiny|100\/100\n|-damage|p2a: Gyarados|76\/100|[from] Stealth Rock\n|switch|p1a: STINKY FART|Landorus-Therian, M|74\/100\n|-ability|p1a: STINKY FART|Intimidate|boost\n|-unboost|p2a: Gyarados|atk|1\n|\n|-weather|none\n|upkeep\n|turn|26\n|\n|t:|1658635005\n|move|p2a: Gyarados|Dragon Dance|p2a: Gyarados\n|-boost|p2a: Gyarados|atk|1\n|-boost|p2a: Gyarados|spe|1\n|move|p1a: STINKY FART|Defog|p2a: Gyarados\n|-unboost|p2a: Gyarados|evasion|1\n|-sideend|p2: Steelix Fusion|move: Aurora Veil\n|-sideend|p2: Steelix Fusion|Safeguard\n|-sideend|p2: Steelix Fusion|Stealth Rock|[from] move: Defog|[of] p1a: STINKY FART\n|\n|upkeep\n|turn|27\n|\n|t:|1658635011\n|move|p2a: Gyarados|Waterfall|p1a: STINKY FART\n|-supereffective|p1a: STINKY FART\n|-damage|p1a: STINKY FART|4\/100\n|cant|p1a: STINKY FART|flinch\n|\n|upkeep\n|turn|28\n|\n|t:|1658635023\n|switch|p1a: EPIC FORTNITE!|Greninja-Ash, M|100\/100\n|move|p2a: Gyarados|Waterfall|p1a: EPIC FORTNITE!\n|-resisted|p1a: EPIC FORTNITE!\n|-damage|p1a: EPIC FORTNITE!|63\/100\n|\n|upkeep\n|turn|29\n|\n|t:|1658635032\n|move|p1a: EPIC FORTNITE!|Dark Pulse|p2a: Gyarados\n|-damage|p2a: Gyarados|6\/100\n|cant|p2a: Gyarados|flinch\n|\n|upkeep\n|turn|30\n|inactive|IM PICKLE RICKK!!! has 120 seconds left.\n|inactive|IM PICKLE RICKK!!! has 90 seconds left.\n|\n|t:|1658635112\n|switch|p2a: Ninetales|Ninetales-Alola, F|76\/100\n|-weather|Hail|[from] ability: Snow Warning|[of] p2a: Ninetales\n|move|p1a: EPIC FORTNITE!|Dark Pulse|p2a: Ninetales\n|-resisted|p2a: Ninetales\n|-damage|p2a: Ninetales|35\/100\n|\n|-weather|Hail|[upkeep]\n|-damage|p1a: EPIC FORTNITE!|57\/100|[from] Hail\n|upkeep\n|turn|31\n|c|\u2606IM PICKLE RICKK!!!|gg!\n|c|\u2606IM PICKLE RICKK!!!|great game\n|\n|t:|1658635122\n|move|p1a: EPIC FORTNITE!|Dark Pulse|p2a: Ninetales\n|-resisted|p2a: Ninetales\n|-damage|p2a: Ninetales|0 fnt\n|faint|p2a: Ninetales\n|\n|-weather|Hail|[upkeep]\n|-damage|p1a: EPIC FORTNITE!|51\/100|[from] Hail\n|upkeep\n|inactive|Steelix Fusion has 120 seconds left.\n|c|\u2606IM PICKLE RICKK!!!|gg!\n|inactive|Steelix Fusion has 90 seconds left.\n|c|\u2606IM PICKLE RICKK!!!|ay man, gg\n|c|\u2606IM PICKLE RICKK!!!|great game\n|inactive|Steelix Fusion has 60 seconds left.\n|c|\u2606IM PICKLE RICKK!!!|such a gg\n|inactive|Steelix Fusion has 30 seconds left.\n|inactive|Steelix Fusion has 20 seconds left.\n|inactive|Steelix Fusion has 15 seconds left.\n|inactive|Steelix Fusion has 10 seconds left.\n|c|\u2606IM PICKLE RICKK!!!|gg <3\n|c|\u2606IM PICKLE RICKK!!!|i love ur team <3\n|inactive|Steelix Fusion has 5 seconds left.\n|-message|Steelix Fusion lost due to inactivity.\n|\n|win|IM PICKLE RICKK!!!\n|raw|IM PICKLE RICKK!!!'s rating: 1403 &rarr; <strong>1436<\/strong><br \/>(+33 for winning)\n|raw|Steelix Fusion's rating: 1675 &rarr; <strong>1642<\/strong><br \/>(-33 for losing)\n","uploadtime":1658635277,"views":8,"p1id":"impicklerickk","p2id":"steelixfusion","formatid":"gen7ou","rating":1436,"private":0,"password":null}