{"id":"gen7ou-667905879","p1":"Toxabelle","p2":"The apollo show","format":"gen7ou","log":"|raw|<div class=\"broadcast-red\"><strong>This battle is invite-only!<\/strong><br \/>Users must be rank + or invited with <code>\/invite<\/code> to join<\/div>\n|j|Toxabelle\n|j|The apollo show\n|player|p1|Toxabelle|164\n|teamsize|p1|6\n|player|p2|The apollo show|1\n|teamsize|p2|6\n|gametype|singles\n|gen|7\n|tier|[Gen 7] OU\n|rated|\n|seed|30144,7927,41108,525\n|rule|Sleep Clause Mod: Limit one foe put to sleep\n|rule|Species Clause: Limit one of each Pok\u00e9mon\n|rule|OHKO Clause: OHKO moves are banned\n|rule|Moody Clause: Moody is banned\n|rule|Evasion Moves Clause: Evasion moves are banned\n|rule|Endless Battle Clause: Forcing endless battles is banned\n|rule|HP Percentage Mod: HP is shown in percentages\n|clearpoke\n|poke|p1|Venusaur, F|item\n|poke|p1|Keldeo-Resolute|item\n|poke|p1|Skarmory, F|item\n|poke|p1|Chansey, F|item\n|poke|p1|Heatran, F|item\n|poke|p1|Bisharp, F|item\n|poke|p2|Greninja, M|item\n|poke|p2|Magearna|item\n|poke|p2|Landorus-Therian, M|item\n|poke|p2|Azumarill, M|item\n|poke|p2|Heracross, M|item\n|poke|p2|Gengar, F|item\n|teampreview\n|inactive|Battle timer is ON: inactive players will automatically lose when time's up. (requested by Toxabelle)\n|choice|team 2, team 1, team 3, team 4, team 5, team 6|team 3, team 2, team 1, team 4, team 5, team 6\n|\n|start\n|switch|p1a: Keldeo|Keldeo-Resolute|323\/323\n|switch|p2a: Landorus|Landorus-Therian, M, shiny|319\/319\n|-ability|p2a: Landorus|Intimidate|boost\n|-unboost|p1a: Keldeo|atk|1\n|turn|1\n|choice|move scald|switch 4\n|\n|switch|p2a: Azumarill|Azumarill, M|371\/371\n|move|p1a: Keldeo|Scald|p2a: Azumarill\n|-resisted|p2a: Azumarill\n|-damage|p2a: Azumarill|288\/371\n|\n|upkeep\n|turn|2\n|choice|move substitute|switch 4\n|\n|switch|p2a: Landorus|Landorus-Therian, M, shiny|319\/319\n|-ability|p2a: Landorus|Intimidate|boost\n|-unboost|p1a: Keldeo|atk|1\n|move|p1a: Keldeo|Substitute|p1a: Keldeo\n|-start|p1a: Keldeo|Substitute\n|-damage|p1a: Keldeo|243\/323\n|\n|-heal|p1a: Keldeo|263\/323|[from] item: Leftovers\n|upkeep\n|turn|3\n|choice|move scald|move uturn\n|\n|move|p2a: Landorus|U-turn|p1a: Keldeo\n|-resisted|p1a: Keldeo\n|-activate|p1a: Keldeo|move: Substitute|[damage]\n|choice||switch 4\n|\n|switch|p2a: Azumarill|Azumarill, M|288\/371\n|move|p1a: Keldeo|Scald|p2a: Azumarill\n|-resisted|p2a: Azumarill\n|-damage|p2a: Azumarill|198\/371\n|\n|-heal|p1a: Keldeo|283\/323|[from] item: Leftovers\n|upkeep\n|turn|4\n|choice|move scald|move playrough\n|\n|move|p1a: Keldeo|Scald|p2a: Azumarill\n|-resisted|p2a: Azumarill\n|-damage|p2a: Azumarill|117\/371\n|-status|p2a: Azumarill|brn\n|move|p2a: Azumarill|Play Rough|p1a: Keldeo\n|-supereffective|p1a: Keldeo\n|-end|p1a: Keldeo|Substitute\n|\n|-heal|p1a: Keldeo|303\/323|[from] item: Leftovers\n|-damage|p2a: Azumarill|94\/371 brn|[from] brn\n|upkeep\n|turn|5\n|choice|move substitute|move playrough\n|\n|move|p1a: Keldeo|Substitute|p1a: Keldeo\n|-start|p1a: Keldeo|Substitute\n|-damage|p1a: Keldeo|223\/323\n|move|p2a: Azumarill|Play Rough|p1a: Keldeo\n|-supereffective|p1a: Keldeo\n|-end|p1a: Keldeo|Substitute\n|\n|-heal|p1a: Keldeo|243\/323|[from] item: Leftovers\n|-damage|p2a: Azumarill|71\/371 brn|[from] brn\n|upkeep\n|turn|6\n|choice|move scald|move playrough\n|\n|move|p1a: Keldeo|Scald|p2a: Azumarill\n|-resisted|p2a: Azumarill\n|-damage|p2a: Azumarill|0 fnt\n|faint|p2a: Azumarill\n|\n|-heal|p1a: Keldeo|263\/323|[from] item: Leftovers\n|upkeep\n|choice||switch 5\n|\n|switch|p2a: Heracross|Heracross, M|327\/327\n|turn|7\n|choice|move scald|move closecombat mega\n|\n|-mega|p2a: Heracross|Heracross|Heracronite\n|detailschange|p2a: Heracross|Heracross-Mega, M\n|move|p1a: Keldeo|Scald|p2a: Heracross\n|-damage|p2a: Heracross|192\/327\n|move|p2a: Heracross|Close Combat|p1a: Keldeo\n|-damage|p1a: Keldeo|0 fnt\n|-unboost|p2a: Heracross|def|1\n|-unboost|p2a: Heracross|spd|1\n|faint|p1a: Keldeo\n|\n|upkeep\n|choice|switch 5|\n|\n|switch|p1a: Heatran|Heatran, F|385\/385\n|turn|8\n|choice|move lavaplume|switch 3\n|\n|switch|p2a: Greninja|Greninja, M|285\/285\n|move|p1a: Heatran|Lava Plume|p2a: Greninja\n|-resisted|p2a: Greninja\n|-damage|p2a: Greninja|210\/285\n|\n|upkeep\n|turn|9\n|choice|switch 2|switch 3\n|\n|switch|p2a: Heracross|Heracross-Mega, M|192\/327\n|switch|p1a: Venusaur|Venusaur, F|363\/363\n|\n|upkeep\n|turn|10\n|inactive|Toxabelle has 135 seconds left.\n|choice|switch 2|move swordsdance\n|\n|switch|p1a: Heatran|Heatran, F|385\/385\n|move|p2a: Heracross|Swords Dance|p2a: Heracross\n|-boost|p2a: Heracross|atk|2\n|\n|upkeep\n|turn|11\n|inactive|The apollo show has 135 seconds left.\n|inactive|The apollo show has 120 seconds left.\n|choice|move lavaplume|switch 3\n|\n|switch|p2a: Greninja|Greninja, M|210\/285\n|move|p1a: Heatran|Lava Plume|p2a: Greninja\n|-resisted|p2a: Greninja\n|-damage|p2a: Greninja|135\/285\n|-status|p2a: Greninja|brn\n|\n|-damage|p2a: Greninja|118\/285 brn|[from] brn\n|upkeep\n|turn|12\n|choice|switch 2|move surf\n|\n|switch|p1a: Venusaur|Venusaur, F|363\/363\n|move|p2a: Greninja|Surf|p1a: Venusaur\n|-resisted|p1a: Venusaur\n|-damage|p1a: Venusaur|272\/363\n|\n|-damage|p2a: Greninja|101\/285 brn|[from] brn\n|upkeep\n|turn|13\n|choice|move hiddenpower mega|switch 2\n|\n|switch|p2a: Magearna|Magearna|364\/364\n|-mega|p1a: Venusaur|Venusaur|Venusaurite\n|detailschange|p1a: Venusaur|Venusaur-Mega, F\n|move|p1a: Venusaur|Hidden Power|p2a: Magearna\n|-supereffective|p2a: Magearna\n|-damage|p2a: Magearna|258\/364\n|\n|upkeep\n|turn|14\n|inactive|The apollo show has 135 seconds left.\n|inactive|The apollo show has 120 seconds left.\n|inactive|The apollo show has 105 seconds left.\n|inactive|The apollo show has 90 seconds left.\n|inactive|The apollo show has 75 seconds left.\n|choice|move synthesis|move flashcannon\n|\n|move|p1a: Venusaur|Synthesis|p1a: Venusaur\n|-heal|p1a: Venusaur|363\/363\n|move|p2a: Magearna|Flash Cannon|p1a: Venusaur\n|-damage|p1a: Venusaur|242\/363\n|\n|upkeep\n|turn|15\n|choice|move synthesis|move flashcannon zmove\n|\n|move|p1a: Venusaur|Synthesis|p1a: Venusaur\n|-heal|p1a: Venusaur|363\/363\n|-zpower|p2a: Magearna\n|move|p2a: Magearna|Corkscrew Crash|p1a: Venusaur|[zeffect]\n|-damage|p1a: Venusaur|89\/363\n|\n|upkeep\n|turn|16\n|choice|move synthesis|move flashcannon\n|\n|move|p1a: Venusaur|Synthesis|p1a: Venusaur\n|-heal|p1a: Venusaur|270\/363\n|move|p2a: Magearna|Flash Cannon|p1a: Venusaur\n|-damage|p1a: Venusaur|138\/363\n|\n|upkeep\n|turn|17\n|inactive|The apollo show has 135 seconds left.\n|inactive|The apollo show has 120 seconds left.\n|choice|move synthesis|move flashcannon\n|\n|move|p1a: Venusaur|Synthesis|p1a: Venusaur\n|-heal|p1a: Venusaur|319\/363\n|move|p2a: Magearna|Flash Cannon|p1a: Venusaur\n|-crit|p1a: Venusaur\n|-damage|p1a: Venusaur|115\/363\n|\n|upkeep\n|turn|18\n|choice|move synthesis|move flashcannon\n|\n|move|p1a: Venusaur|Synthesis|p1a: Venusaur\n|-heal|p1a: Venusaur|296\/363\n|move|p2a: Magearna|Flash Cannon|p1a: Venusaur\n|-damage|p1a: Venusaur|169\/363\n|-unboost|p1a: Venusaur|spd|1\n|\n|upkeep\n|turn|19\n|choice|switch 2|move flashcannon\n|\n|switch|p1a: Heatran|Heatran, F|385\/385\n|move|p2a: Magearna|Flash Cannon|p1a: Heatran\n|-resisted|p1a: Heatran\n|-damage|p1a: Heatran|346\/385\n|\n|-heal|p1a: Heatran|370\/385|[from] item: Leftovers\n|upkeep\n|turn|20\n|choice|move stealthrock|move trickroom\n|\n|move|p1a: Heatran|Stealth Rock|p2a: Magearna\n|-sidestart|p2: The apollo show|move: Stealth Rock\n|move|p2a: Magearna|Trick Room|p2a: Magearna\n|-fieldstart|move: Trick Room|[of] p2a: Magearna\n|\n|-heal|p1a: Heatran|385\/385|[from] item: Leftovers\n|upkeep\n|turn|21\n|choice|switch 4|switch 6\n|\n|switch|p2a: Gengar|Gengar, F|261\/261\n|-damage|p2a: Gengar|229\/261|[from] Stealth Rock\n|switch|p1a: Chansey|Chansey, F|703\/703\n|\n|upkeep\n|turn|22\n|choice|move thunderwave|move trick\n|\n|move|p1a: Chansey|Thunder Wave|p2a: Gengar\n|-status|p2a: Gengar|par\n|cant|p2a: Gengar|par\n|\n|upkeep\n|turn|23\n|choice|switch 4|move trick\n|\n|switch|p1a: Heatran|Heatran, F|385\/385\n|cant|p2a: Gengar|par\n|\n|upkeep\n|turn|24\n|choice|move lavaplume|move trick\n|\n|move|p2a: Gengar|Trick|p1a: Heatran\n|-activate|p2a: Gengar|move: Trick|[of] p1a: Heatran\n|-item|p1a: Heatran|Choice Scarf|[from] move: Trick\n|-item|p2a: Gengar|Leftovers|[from] move: Trick\n|move|p1a: Heatran|Lava Plume|p2a: Gengar\n|-damage|p2a: Gengar|91\/261 par\n|-start|p1a: Heatran|Disable|Lava Plume|[from] ability: Cursed Body|[of] p2a: Gengar\n|\n|-heal|p2a: Gengar|107\/261 par|[from] item: Leftovers\n|-fieldend|move: Trick Room\n|upkeep\n|turn|25\n|choice|switch 2|move shadowball\n|\n|switch|p1a: Venusaur|Venusaur-Mega, F|169\/363\n|move|p2a: Gengar|Shadow Ball|p1a: Venusaur\n|-damage|p1a: Venusaur|55\/363\n|-unboost|p1a: Venusaur|spd|1\n|\n|-heal|p2a: Gengar|123\/261 par|[from] item: Leftovers\n|upkeep\n|turn|26\n|choice|move sludgebomb|move shadowball\n|\n|move|p1a: Venusaur|Sludge Bomb|p2a: Gengar\n|-resisted|p2a: Gengar\n|-damage|p2a: Gengar|82\/261 par\n|-start|p1a: Venusaur|Disable|Sludge Bomb|[from] ability: Cursed Body|[of] p2a: Gengar\n|cant|p2a: Gengar|par\n|\n|-heal|p2a: Gengar|98\/261 par|[from] item: Leftovers\n|upkeep\n|turn|27\n|choice|move gigadrain|move shadowball\n|\n|move|p1a: Venusaur|Giga Drain|p2a: Gengar\n|-resisted|p2a: Gengar\n|-damage|p2a: Gengar|32\/261 par\n|-heal|p1a: Venusaur|88\/363|[from] drain|[of] p2a: Gengar\n|move|p2a: Gengar|Shadow Ball|p1a: Venusaur\n|-damage|p1a: Venusaur|0 fnt\n|faint|p1a: Venusaur\n|\n|-heal|p2a: Gengar|48\/261 par|[from] item: Leftovers\n|upkeep\n|choice|switch 6|\n|\n|switch|p1a: Bisharp|Bisharp, F|333\/333\n|turn|28\n|choice|move ironhead|move trick\n|\n|move|p1a: Bisharp|Iron Head|p2a: Gengar\n|-damage|p2a: Gengar|0 fnt\n|faint|p2a: Gengar\n|\n|upkeep\n|choice||switch 4\n|\n|switch|p2a: Landorus|Landorus-Therian, M, shiny|319\/319\n|-damage|p2a: Landorus|280\/319|[from] Stealth Rock\n|-ability|p2a: Landorus|Intimidate|boost\n|-unboost|p1a: Bisharp|atk|1\n|-ability|p1a: Bisharp|Defiant|boost\n|-boost|p1a: Bisharp|atk|2\n|turn|29\n|choice|switch 3|move earthquake\n|\n|switch|p1a: Skarmory|Skarmory, F|333\/333\n|move|p2a: Landorus|Earthquake|p1a: Skarmory\n|-immune|p1a: Skarmory|[msg]\n|\n|upkeep\n|turn|30\n|choice|move spikes|switch 6\n|\n|switch|p2a: Magearna|Magearna|258\/364\n|-damage|p2a: Magearna|236\/364|[from] Stealth Rock\n|move|p1a: Skarmory|Spikes|p2a: Magearna\n|-sidestart|p2: The apollo show|Spikes\n|\n|upkeep\n|turn|31\n|choice|switch 4|move trickroom\n|\n|switch|p1a: Chansey|Chansey, F|703\/703\n|move|p2a: Magearna|Trick Room|p2a: Magearna\n|-fieldstart|move: Trick Room|[of] p2a: Magearna\n|\n|upkeep\n|turn|32\n|choice|move seismictoss|switch 2\n|\n|switch|p2a: Greninja|Greninja, M|101\/285 brn\n|-damage|p2a: Greninja|66\/285 brn|[from] Spikes\n|-damage|p2a: Greninja|31\/285 brn|[from] Stealth Rock\n|move|p1a: Chansey|Seismic Toss|p2a: Greninja\n|-damage|p2a: Greninja|0 fnt\n|faint|p2a: Greninja\n|\n|upkeep\n|choice||switch 3\n|\n|switch|p2a: Heracross|Heracross-Mega, M|192\/327\n|-damage|p2a: Heracross|152\/327|[from] Stealth Rock\n|-damage|p2a: Heracross|112\/327|[from] Spikes\n|turn|33\n|choice|switch 3|move closecombat\n|\n|switch|p1a: Bisharp|Bisharp, F|333\/333\n|move|p2a: Heracross|Close Combat|p1a: Bisharp\n|-supereffective|p1a: Bisharp\n|-damage|p1a: Bisharp|0 fnt\n|-unboost|p2a: Heracross|def|1\n|-unboost|p2a: Heracross|spd|1\n|faint|p1a: Bisharp\n|\n|upkeep\n|choice|switch 4|\n|\n|switch|p1a: Skarmory|Skarmory, F|333\/333\n|turn|34\n|choice|move bravebird|move closecombat\n|\n|move|p1a: Skarmory|Brave Bird|p2a: Heracross\n|-supereffective|p2a: Heracross\n|-damage|p2a: Heracross|0 fnt\n|-damage|p1a: Skarmory|296\/333|[from] Recoil|[of] p2a: Heracross\n|faint|p2a: Heracross\n|\n|upkeep\n|-message|The apollo show forfeited.\n|\n|win|Toxabelle\n|l|The apollo show\n|raw|Toxabelle's rating: 1923 &rarr; <strong>1945<\/strong><br \/>(+22 for winning)\n|raw|The apollo show's rating: 1963 &rarr; <strong>1940<\/strong><br \/>(-23 for losing)\n|c|\u2606Toxabelle|Apollo show\n|c|\u2606Toxabelle|terminated\n|c|\u2606Toxabelle|\/log Toxabelle made this room public.","inputlog":null,"uploadtime":1512229998,"views":66,"p1id":"toxabelle","p2id":"theapolloshow","formatid":"gen7ou","rating":1940,"private":0,"password":null}