{"id":"gen7randombattle-918239407","p1":"wolfwarrior","p2":"The Real Okonkwo","format":"gen7randombattle","log":"|j|\u2606wolfwarrior\n|j|\u2606The Real Okonkwo\n|player|p1|wolfwarrior|162\n|player|p2|The Real Okonkwo|247\n|teamsize|p1|6\n|teamsize|p2|6\n|gametype|singles\n|gen|7\n|tier|[Gen 7] Random Battle\n|rated|\n|rule|Sleep Clause Mod: Limit one foe put to sleep\n|rule|HP Percentage Mod: HP is shown in percentages\n|\n|start\n|switch|p1a: Raichu|Raichu, L89, M|100\/100\n|switch|p2a: Donphan|Donphan, L84, F|100\/100\n|turn|1\n|inactive|Battle timer is ON: inactive players will automatically lose when time's up. (requested by The Real Okonkwo)\n|\n|switch|p1a: Yanmega|Yanmega, L84, F|100\/100\n|move|p2a: Donphan|Stone Edge|p1a: Yanmega\n|-supereffective|p1a: Yanmega\n|-damage|p1a: Yanmega|0 fnt\n|faint|p1a: Yanmega\n|\n|upkeep\n|\n|switch|p1a: Blastoise|Blastoise, L84, M|100\/100\n|turn|2\n|\n|switch|p2a: Latias|Latias, L81, F|100\/100\n|detailschange|p1a: Blastoise|Blastoise-Mega, L84, M\n|-mega|p1a: Blastoise|Blastoise|Blastoisinite\n|move|p1a: Blastoise|Hydro Pump|p2a: Latias\n|-resisted|p2a: Latias\n|-damage|p2a: Latias|80\/100\n|\n|upkeep\n|turn|3\n|\n|detailschange|p2a: Latias|Latias-Mega, L81, F\n|-mega|p2a: Latias|Latias|Latiasite\n|move|p2a: Latias|Substitute|p2a: Latias\n|-start|p2a: Latias|Substitute\n|-damage|p2a: Latias|55\/100\n|move|p1a: Blastoise|Dark Pulse|p2a: Latias\n|-supereffective|p2a: Latias\n|-end|p2a: Latias|Substitute\n|\n|upkeep\n|turn|4\n|\n|switch|p2a: Comfey|Comfey, L86, F|100\/100\n|move|p1a: Blastoise|Dark Pulse|p2a: Comfey\n|-resisted|p2a: Comfey\n|-damage|p2a: Comfey|81\/100\n|\n|-heal|p2a: Comfey|87\/100|[from] item: Leftovers\n|upkeep\n|turn|5\n|\n|move|p2a: Comfey|Toxic|p1a: Blastoise\n|-status|p1a: Blastoise|tox\n|move|p1a: Blastoise|Hydro Pump|p2a: Comfey\n|-damage|p2a: Comfey|34\/100\n|\n|-heal|p2a: Comfey|40\/100|[from] item: Leftovers\n|-damage|p1a: Blastoise|95\/100 tox|[from] psn\n|upkeep\n|turn|6\n|\n|switch|p1a: Aromatisse|Aromatisse, L87, F|100\/100\n|move|p2a: Comfey|Synthesis|p2a: Comfey\n|-heal|p2a: Comfey|90\/100\n|\n|-heal|p2a: Comfey|97\/100|[from] item: Leftovers\n|upkeep\n|turn|7\n|\n|move|p2a: Comfey|U-turn|p1a: Aromatisse\n|-resisted|p1a: Aromatisse\n|-damage|p1a: Aromatisse|94\/100\n|\n|switch|p2a: Arbok|Arbok, L89, M|100\/100|[from]move: U-turn\n|move|p1a: Aromatisse|Wish|p1a: Aromatisse\n|\n|-heal|p1a: Aromatisse|99\/100|[from] item: Leftovers\n|upkeep\n|turn|8\n|inactive|wolfwarrior has 120 seconds left.\n|\n|switch|p1a: Raichu|Raichu, L89, M|100\/100\n|move|p2a: Arbok|Coil|p2a: Arbok\n|-boost|p2a: Arbok|atk|1\n|-boost|p2a: Arbok|def|1\n|-boost|p2a: Arbok|accuracy|1\n|\n|upkeep\n|turn|9\n|inactive|The Real Okonkwo has 120 seconds left.\n|\n|move|p1a: Raichu|Encore|p2a: Arbok\n|-start|p2a: Arbok|Encore\n|move|p2a: Arbok|Coil|p2a: Arbok\n|-boost|p2a: Arbok|atk|1\n|-boost|p2a: Arbok|def|1\n|-boost|p2a: Arbok|accuracy|1\n|\n|upkeep\n|turn|10\n|\n|switch|p2a: Donphan|Donphan, L84, F|100\/100\n|move|p1a: Raichu|Thunderbolt|p2a: Donphan\n|-immune|p2a: Donphan\n|\n|upkeep\n|turn|11\n|\n|switch|p1a: Rotom|Rotom-Frost, L88|100\/100\n|move|p2a: Donphan|Earthquake|p1a: Rotom\n|-immune|p1a: Rotom|[from] ability: Levitate\n|\n|upkeep\n|turn|12\n|inactive|The Real Okonkwo has 120 seconds left.\n|\n|switch|p2a: Blacephalon|Blacephalon, L80|100\/100\n|move|p1a: Rotom|Blizzard|p2a: Blacephalon|[miss]\n|-miss|p1a: Rotom|p2a: Blacephalon\n|\n|upkeep\n|turn|13\n|\n|switch|p1a: Aromatisse|Aromatisse, L87, F|99\/100\n|move|p2a: Blacephalon|Shadow Ball|p1a: Aromatisse\n|-damage|p1a: Aromatisse|54\/100\n|-unboost|p1a: Aromatisse|spd|1\n|-damage|p2a: Blacephalon|91\/100|[from] item: Life Orb\n|\n|-heal|p1a: Aromatisse|60\/100|[from] item: Leftovers\n|upkeep\n|turn|14\n|c|\u2606wolfwarrior|ok\n|\n|switch|p1a: Blastoise|Blastoise-Mega, L87, M|100\/100\n|move|p2a: Blacephalon|Shadow Ball|p1a: Blastoise\n|-resisted|p1a: Blastoise\n|-damage|p1a: Blastoise|66\/100\n|replace|p1a: Zoroark|Zoroark, L87, F\n|-end|p1a: Zoroark|Illusion\n|-unboost|p1a: Zoroark|spd|1\n|-damage|p2a: Blacephalon|81\/100|[from] item: Life Orb\n|\n|upkeep\n|turn|15\n|c|\u2606wolfwarrior|wow\n|c|\u2606wolfwarrior|wtf fuck\n|\n|switch|p2a: Comfey|Comfey, L86, F|97\/100\n|move|p1a: Zoroark|Dark Pulse|p2a: Comfey\n|-resisted|p2a: Comfey\n|-damage|p2a: Comfey|71\/100\n|-damage|p1a: Zoroark|56\/100|[from] item: Life Orb\n|\n|-heal|p2a: Comfey|77\/100|[from] item: Leftovers\n|upkeep\n|turn|16\n|\n|switch|p1a: Aromatisse|Aromatisse, L87, F|60\/100\n|move|p2a: Comfey|Draining Kiss|p1a: Aromatisse\n|-damage|p1a: Aromatisse|44\/100\n|-heal|p2a: Comfey|94\/100|[from] drain|[of] p1a: Aromatisse\n|\n|-heal|p2a: Comfey|100\/100|[from] item: Leftovers\n|-heal|p1a: Aromatisse|50\/100|[from] item: Leftovers\n|upkeep\n|turn|17\n|\n|move|p2a: Comfey|U-turn|p1a: Aromatisse\n|-resisted|p1a: Aromatisse\n|-damage|p1a: Aromatisse|44\/100\n|\n|switch|p2a: Arbok|Arbok, L89, M|100\/100|[from]move: U-turn\n|move|p1a: Aromatisse|Wish|p1a: Aromatisse\n|\n|-heal|p1a: Aromatisse|50\/100|[from] item: Leftovers\n|upkeep\n|turn|18\n|\n|switch|p1a: Raichu|Raichu, L89, M|100\/100\n|move|p2a: Arbok|Gunk Shot|p1a: Raichu|[miss]\n|-miss|p2a: Arbok|p1a: Raichu\n|\n|upkeep\n|turn|19\n|inactive|The Real Okonkwo has 120 seconds left.\n|\n|switch|p2a: Donphan|Donphan, L84, F|100\/100\n|move|p1a: Raichu|Thunderbolt|p2a: Donphan\n|-immune|p2a: Donphan\n|\n|upkeep\n|turn|20\n|\n|switch|p1a: Blastoise|Blastoise-Mega, L84, M|95\/100 tox\n|move|p2a: Donphan|Stone Edge|p1a: Blastoise\n|-damage|p1a: Blastoise|72\/100 tox\n|\n|-damage|p1a: Blastoise|66\/100 tox|[from] psn\n|upkeep\n|turn|21\n|inactive|The Real Okonkwo has 120 seconds left.\n|\n|switch|p2a: Comfey|Comfey, L86, F|100\/100\n|move|p1a: Blastoise|Hydro Pump|p2a: Comfey\n|-damage|p2a: Comfey|43\/100\n|\n|-heal|p2a: Comfey|50\/100|[from] item: Leftovers\n|-damage|p1a: Blastoise|54\/100 tox|[from] psn\n|upkeep\n|turn|22\n|inactive|The Real Okonkwo has 120 seconds left.\n|\n|move|p2a: Comfey|Synthesis|p2a: Comfey\n|-heal|p2a: Comfey|99\/100\n|move|p1a: Blastoise|Hydro Pump|p2a: Comfey\n|-damage|p2a: Comfey|47\/100\n|\n|-heal|p2a: Comfey|53\/100|[from] item: Leftovers\n|-damage|p1a: Blastoise|36\/100 tox|[from] psn\n|upkeep\n|turn|23\n|inactive|The Real Okonkwo has 120 seconds left.\n|\n|switch|p1a: Aromatisse|Aromatisse, L87, F|50\/100\n|move|p2a: Comfey|Synthesis|p2a: Comfey\n|-heal|p2a: Comfey|100\/100\n|\n|-heal|p1a: Aromatisse|56\/100|[from] item: Leftovers\n|upkeep\n|turn|24\n|\n|move|p2a: Comfey|U-turn|p1a: Aromatisse\n|-resisted|p1a: Aromatisse\n|-damage|p1a: Aromatisse|50\/100\n|\n|switch|p2a: Arbok|Arbok, L89, M|100\/100|[from]move: U-turn\n|move|p1a: Aromatisse|Wish|p1a: Aromatisse\n|\n|-heal|p1a: Aromatisse|56\/100|[from] item: Leftovers\n|upkeep\n|turn|25\n|\n|move|p2a: Arbok|Coil|p2a: Arbok\n|-boost|p2a: Arbok|atk|1\n|-boost|p2a: Arbok|def|1\n|-boost|p2a: Arbok|accuracy|1\n|move|p1a: Aromatisse|Aromatherapy|p1a: Aromatisse\n|-activate|p1a: Aromatisse|move: Aromatherapy\n|-curestatus|p1: Blastoise|tox|[msg]\n|\n|-heal|p1a: Aromatisse|100\/100|[from] move: Wish|[wisher] Aromatisse\n|upkeep\n|turn|26\n|\n|move|p2a: Arbok|Gunk Shot|p1a: Aromatisse\n|-supereffective|p1a: Aromatisse\n|-damage|p1a: Aromatisse|0 fnt\n|faint|p1a: Aromatisse\n|\n|upkeep\n|-message|wolfwarrior forfeited.\n|\n|win|The Real Okonkwo\n|l|\u2606wolfwarrior\n|raw|wolfwarrior's rating: 1520 &rarr; <strong>1499<\/strong><br \/>(-21 for losing)\n|raw|The Real Okonkwo's rating: 1508 &rarr; <strong>1528<\/strong><br \/>(+20 for winning)\n","inputlog":">version e3c57a6cce861eef12f7cb6ae3439b883bc8870f\n>start {\"formatid\":\"gen7randombattle\",\"seed\":[40059,46774,19906,36251],\"rated\":\"Rated battle\"}\n>player p1 {\"name\":\"wolfwarrior\",\"avatar\":\"162\",\"team\":\"\",\"seed\":[40193,60357,33653,16646]}\n>player p2 {\"name\":\"The Real Okonkwo\",\"avatar\":\"247\",\"team\":\"\",\"seed\":[43739,25161,58607,52702]}\n>p1 switch 5\n>p2 move stoneedge\n>p1 switch 2\n>p1 move hydropump mega\n>p2 switch 5\n>p1 move darkpulse\n>p2 move substitute mega\n>p1 move darkpulse\n>p2 switch 3\n>p1 move hydropump\n>p2 move toxic\n>p1 switch 6\n>p2 move synthesis\n>p1 move wish\n>p2 move uturn\n>p2 switch 4\n>p1 switch 5\n>p2 move coil\n>p1 move encore\n>p2 move gunkshot\n>p1 move thunderbolt\n>p2 switch 5\n>p1 switch 3\n>p2 move earthquake\n>p1 move blizzard\n>p2 switch 2\n>p1 switch 5\n>p2 move shadowball\n>p1 switch 4\n>p2 move shadowball\n>p1 move darkpulse\n>p2 switch 4\n>p1 switch 4\n>p2 move drainingkiss\n>p1 move wish\n>p2 move uturn\n>p2 switch 5\n>p1 switch 3\n>p2 move gunkshot\n>p1 move thunderbolt\n>p2 switch 2\n>p1 switch 6\n>p2 move stoneedge\n>p1 move hydropump\n>p2 switch 5\n>p1 move hydropump\n>p2 move synthesis\n>p1 switch 3\n>p2 move synthesis\n>p1 move wish\n>p2 move uturn\n>p2 switch 2\n>p1 move aromatherapy\n>p2 move coil\n>p1 move wish\n>p2 move gunkshot","uploadtime":1559103659,"views":6,"p1id":"wolfwarrior","p2id":"therealokonkwo","formatid":"gen7randombattle","rating":1499,"private":0,"password":null}