{"id":"gen7ou-820810881","p1":"Wheitron\u2663","p2":"SMxVale","format":"gen7ou","log":"|j|\u2606Wheitron\u2663\n|j|\u2606SMxVale\n|player|p1|Wheitron\u2663|65\n|player|p2|SMxVale|169\n|teamsize|p1|6\n|teamsize|p2|6\n|gametype|singles\n|gen|7\n|tier|[Gen 7] OU\n|rated|\n|rule|Sleep Clause Mod: Limit one foe put to sleep\n|rule|Species Clause: Limit one of each Pok\u00e9mon\n|rule|OHKO Clause: OHKO moves are banned\n|rule|Moody Clause: Moody is banned\n|rule|Evasion Moves Clause: Evasion moves are banned\n|rule|Endless Battle Clause: Forcing endless battles is banned\n|rule|HP Percentage Mod: HP is shown in percentages\n|clearpoke\n|poke|p1|Krookodile, M|item\n|poke|p1|Venusaur, F|item\n|poke|p1|Celesteela|item\n|poke|p1|Tapu Koko|item\n|poke|p1|Greninja, M|item\n|poke|p1|Tentacruel, F|item\n|poke|p2|Kyurem-Black|item\n|poke|p2|Tapu Koko|item\n|poke|p2|Landorus-Therian, M|item\n|poke|p2|Magearna|item\n|poke|p2|Hawlucha, M|item\n|poke|p2|Medicham, M|item\n|teampreview\n|c|\u2606SMxVale|noo\n|c|\u2606SMxVale|hf\n|c|\u2606Wheitron\u2663|Hf\n|c|\u2606Wheitron\u2663|Test\n|\n|start\n|switch|p1a: The Don|Krookodile, M|100\/100\n|switch|p2a: Tapu Koko|Tapu Koko, shiny|100\/100\n|-ability|p1a: The Don|Intimidate|boost\n|-unboost|p2a: Tapu Koko|atk|1\n|-fieldstart|move: Electric Terrain|[from] ability: Electric Surge|[of] p2a: Tapu Koko\n|turn|1\n|inactive|Battle timer is ON: inactive players will automatically lose when time's up. (requested by SMxVale)\n|\n|switch|p2a: Landorus|Landorus-Therian, M|100\/100\n|-ability|p2a: Landorus|Intimidate|boost\n|-unboost|p1a: The Don|atk|1\n|move|p1a: The Don|Earthquake|p2a: Landorus\n|-immune|p2a: Landorus|[msg]\n|\n|upkeep\n|turn|2\n|\n|switch|p1a: Gamaken|Greninja, M|100\/100\n|move|p2a: Landorus|Stealth Rock|p1a: Gamaken\n|-sidestart|p1: Wheitron\u2663|move: Stealth Rock\n|\n|upkeep\n|turn|3\n|\n|switch|p2a: Magearna|Magearna|100\/100\n|move|p1a: Gamaken|Spikes|p2a: Magearna\n|-sidestart|p2: SMxVale|Spikes\n|\n|upkeep\n|turn|4\n|\n|switch|p1a: The Don|Krookodile, M|100\/100\n|-damage|p1a: The Don|94\/100|[from] Stealth Rock\n|-ability|p1a: The Don|Intimidate|boost\n|-unboost|p2a: Magearna|atk|1\n|move|p2a: Magearna|Volt Switch|p1a: The Don\n|-immune|p1a: The Don|[msg]\n|\n|upkeep\n|turn|5\n|\n|switch|p1a: Rule34|Tentacruel, F|100\/100\n|-damage|p1a: Rule34|88\/100|[from] Stealth Rock\n|move|p2a: Magearna|Fleur Cannon|p1a: Rule34\n|-resisted|p1a: Rule34\n|-damage|p1a: Rule34|70\/100\n|-unboost|p2a: Magearna|spa|2\n|\n|-heal|p1a: Rule34|76\/100|[from] item: Black Sludge\n|-fieldend|move: Electric Terrain\n|upkeep\n|turn|6\n|\n|move|p1a: Rule34|Toxic Spikes|p2a: Magearna\n|-sidestart|p2: SMxVale|move: Toxic Spikes\n|move|p2a: Magearna|Volt Switch|p1a: Rule34\n|-supereffective|p1a: Rule34\n|-damage|p1a: Rule34|63\/100\n|\n|switch|p2a: Kyurem|Kyurem-Black, shiny|100\/100\n|-damage|p2a: Kyurem|88\/100|[from] Spikes\n|-status|p2a: Kyurem|psn\n|-ability|p2a: Kyurem|Teravolt\n|\n|-heal|p1a: Rule34|69\/100|[from] item: Black Sludge\n|-damage|p2a: Kyurem|76\/100 psn|[from] psn\n|upkeep\n|turn|7\n|\n|switch|p1a: Ride the Lightning|Tapu Koko|100\/100\n|-damage|p1a: Ride the Lightning|88\/100|[from] Stealth Rock\n|-fieldstart|move: Electric Terrain|[from] ability: Electric Surge|[of] p1a: Ride the Lightning\n|-zpower|p2a: Kyurem\n|move|p2a: Kyurem|Subzero Slammer|p1a: Ride the Lightning|[zeffect]\n|-damage|p1a: Ride the Lightning|0 fnt\n|faint|p1a: Ride the Lightning\n|\n|-damage|p2a: Kyurem|64\/100 psn|[from] psn\n|upkeep\n|\n|switch|p1a: Gamaken|Greninja, M|100\/100\n|-damage|p1a: Gamaken|88\/100|[from] Stealth Rock\n|turn|8\n|\n|move|p1a: Gamaken|Dark Pulse|p2a: Kyurem\n|-damage|p2a: Kyurem|10\/100 psn\n|move|p2a: Kyurem|Fusion Bolt|p1a: Gamaken\n|-supereffective|p1a: Gamaken\n|-damage|p1a: Gamaken|0 fnt\n|faint|p1a: Gamaken\n|\n|-damage|p2a: Kyurem|0 fnt|[from] psn\n|upkeep\n|faint|p2a: Kyurem\n|\n|switch|p1a: Hells Bells|Celesteela|100\/100\n|switch|p2a: Magearna|Magearna|100\/100\n|-damage|p2a: Magearna|88\/100|[from] Spikes\n|-damage|p1a: Hells Bells|88\/100|[from] Stealth Rock\n|turn|9\n|\n|move|p2a: Magearna|Volt Switch|p1a: Hells Bells\n|-supereffective|p1a: Hells Bells\n|-damage|p1a: Hells Bells|44\/100\n|\n|switch|p2a: Medicham|Medicham, M|100\/100\n|-damage|p2a: Medicham|88\/100|[from] Spikes\n|-status|p2a: Medicham|psn\n|move|p1a: Hells Bells|Leech Seed|p2a: Medicham\n|-start|p2a: Medicham|move: Leech Seed\n|\n|-heal|p1a: Hells Bells|50\/100|[from] item: Leftovers\n|-damage|p2a: Medicham|76\/100 psn|[from] Leech Seed|[of] p1a: Hells Bells\n|-heal|p1a: Hells Bells|58\/100|[silent]\n|-damage|p2a: Medicham|64\/100 psn|[from] psn\n|upkeep\n|turn|10\n|\n|detailschange|p2a: Medicham|Medicham-Mega, M\n|-mega|p2a: Medicham|Medicham|Medichamite\n|move|p1a: Hells Bells|Protect|p1a: Hells Bells\n|-singleturn|p1a: Hells Bells|Protect\n|move|p2a: Medicham|Drain Punch|p1a: Hells Bells\n|-activate|p1a: Hells Bells|move: Protect\n|\n|-heal|p1a: Hells Bells|64\/100|[from] item: Leftovers\n|-damage|p2a: Medicham|51\/100 psn|[from] Leech Seed|[of] p1a: Hells Bells\n|-heal|p1a: Hells Bells|72\/100|[silent]\n|-damage|p2a: Medicham|39\/100 psn|[from] psn\n|upkeep\n|turn|11\n|\n|move|p2a: Medicham|Drain Punch|p1a: Hells Bells\n|-damage|p1a: Hells Bells|29\/100\n|-heal|p2a: Medicham|72\/100 psn|[from] drain|[of] p1a: Hells Bells\n|move|p1a: Hells Bells|Heavy Slam|p2a: Medicham\n|-damage|p2a: Medicham|8\/100 psn\n|\n|-heal|p1a: Hells Bells|35\/100|[from] item: Leftovers\n|-damage|p2a: Medicham|0 fnt|[from] Leech Seed|[of] p1a: Hells Bells\n|-heal|p1a: Hells Bells|40\/100|[silent]\n|-fieldend|move: Electric Terrain\n|upkeep\n|faint|p2a: Medicham\n|\n|switch|p2a: Tapu Koko|Tapu Koko, shiny|100\/100\n|-damage|p2a: Tapu Koko|88\/100|[from] Spikes\n|-status|p2a: Tapu Koko|psn\n|-fieldstart|move: Electric Terrain|[from] ability: Electric Surge|[of] p2a: Tapu Koko\n|turn|12\n|\n|move|p1a: Hells Bells|Protect|p1a: Hells Bells\n|-singleturn|p1a: Hells Bells|Protect\n|move|p2a: Tapu Koko|Volt Switch|p1a: Hells Bells\n|-activate|p1a: Hells Bells|move: Protect\n|\n|-heal|p1a: Hells Bells|46\/100|[from] item: Leftovers\n|-damage|p2a: Tapu Koko|76\/100 psn|[from] psn\n|upkeep\n|turn|13\n|\n|switch|p2a: Hawlucha|Hawlucha, M|100\/100\n|-enditem|p2a: Hawlucha|Electric Seed\n|-boost|p2a: Hawlucha|def|1\n|switch|p1a: The Don|Krookodile, M|94\/100\n|-damage|p1a: The Don|88\/100|[from] Stealth Rock\n|-ability|p1a: The Don|Intimidate|boost\n|-unboost|p2a: Hawlucha|atk|1\n|\n|upkeep\n|turn|14\n|\n|switch|p1a: Hells Bells|Celesteela|46\/100\n|-damage|p1a: Hells Bells|33\/100|[from] Stealth Rock\n|move|p2a: Hawlucha|Swords Dance|p2a: Hawlucha\n|-boost|p2a: Hawlucha|atk|2\n|\n|-heal|p1a: Hells Bells|39\/100|[from] item: Leftovers\n|upkeep\n|turn|15\n|\n|move|p2a: Hawlucha|Stone Edge|p1a: Hells Bells|[miss]\n|-miss|p2a: Hawlucha|p1a: Hells Bells\n|move|p1a: Hells Bells|Leech Seed|p2a: Hawlucha\n|-start|p2a: Hawlucha|move: Leech Seed\n|\n|-heal|p1a: Hells Bells|45\/100|[from] item: Leftovers\n|-damage|p2a: Hawlucha|88\/100|[from] Leech Seed|[of] p1a: Hells Bells\n|-heal|p1a: Hells Bells|56\/100|[silent]\n|upkeep\n|turn|16\n|\n|move|p1a: Hells Bells|Protect|p1a: Hells Bells\n|-singleturn|p1a: Hells Bells|Protect\n|move|p2a: Hawlucha|Swords Dance|p2a: Hawlucha\n|-boost|p2a: Hawlucha|atk|2\n|\n|-heal|p1a: Hells Bells|62\/100|[from] item: Leftovers\n|-damage|p2a: Hawlucha|76\/100|[from] Leech Seed|[of] p1a: Hells Bells\n|-heal|p1a: Hells Bells|72\/100|[silent]\n|-fieldend|move: Electric Terrain\n|upkeep\n|turn|17\n|\n|switch|p1a: The Don|Krookodile, M|88\/100\n|-damage|p1a: The Don|82\/100|[from] Stealth Rock\n|-ability|p1a: The Don|Intimidate|boost\n|-unboost|p2a: Hawlucha|atk|1\n|move|p2a: Hawlucha|High Jump Kick|p1a: The Don\n|-supereffective|p1a: The Don\n|-damage|p1a: The Don|0 fnt\n|faint|p1a: The Don\n|\n|upkeep\n|\n|switch|p1a: Hells Bells|Celesteela|72\/100\n|-damage|p1a: Hells Bells|60\/100|[from] Stealth Rock\n|turn|18\n|\n|move|p2a: Hawlucha|Stone Edge|p1a: Hells Bells\n|-damage|p1a: Hells Bells|20\/100\n|move|p1a: Hells Bells|Heavy Slam|p2a: Hawlucha\n|-damage|p2a: Hawlucha|42\/100\n|\n|-heal|p1a: Hells Bells|26\/100|[from] item: Leftovers\n|-damage|p2a: Hawlucha|29\/100|[from] Leech Seed|[of] p1a: Hells Bells\n|-heal|p1a: Hells Bells|36\/100|[silent]\n|upkeep\n|turn|19\n|\n|move|p1a: Hells Bells|Protect|p1a: Hells Bells\n|-singleturn|p1a: Hells Bells|Protect\n|move|p2a: Hawlucha|Swords Dance|p2a: Hawlucha\n|-boost|p2a: Hawlucha|atk|2\n|\n|-heal|p1a: Hells Bells|42\/100|[from] item: Leftovers\n|-damage|p2a: Hawlucha|17\/100|[from] Leech Seed|[of] p1a: Hells Bells\n|-heal|p1a: Hells Bells|53\/100|[silent]\n|upkeep\n|turn|20\n|\n|switch|p1a: Sweet Leaf|Venusaur, F|100\/100\n|-damage|p1a: Sweet Leaf|88\/100|[from] Stealth Rock\n|move|p2a: Hawlucha|High Jump Kick|p1a: Sweet Leaf|[miss]\n|-miss|p2a: Hawlucha|p1a: Sweet Leaf\n|-damage|p2a: Hawlucha|0 fnt|[from] highjumpkick\n|faint|p2a: Hawlucha\n|\n|upkeep\n|c|\u2606Wheitron\u2663|O that sucks\n|c|\u2606SMxVale|yeah\n|c|\u2606Wheitron\u2663|Now i wud win with venu but still\n|c|\u2606Wheitron\u2663|Sorry\n|c|\u2606SMxVale|3rd time today\n|c|\u2606Wheitron\u2663|Rip\n|inactive|SMxVale has 120 seconds left.\n|c|\u2606SMxVale|i always.outplay.then that always\n|\n|switch|p2a: Magearna|Magearna|88\/100\n|-damage|p2a: Magearna|76\/100|[from] Spikes\n|turn|21\n|c|\u2606Wheitron\u2663|Well at this point i won still\n|\n|detailschange|p1a: Sweet Leaf|Venusaur-Mega, F\n|-mega|p1a: Sweet Leaf|Venusaur|Venusaurite\n|move|p1a: Sweet Leaf|Hidden Power|p2a: Magearna\n|-supereffective|p2a: Magearna\n|-damage|p2a: Magearna|61\/100\n|move|p2a: Magearna|Ice Beam|p1a: Sweet Leaf\n|-supereffective|p1a: Sweet Leaf\n|-crit|p1a: Sweet Leaf\n|-damage|p1a: Sweet Leaf|60\/100\n|\n|upkeep\n|turn|22\n|c|\u2606SMxVale|i can freeze\n|\n|move|p1a: Sweet Leaf|Hidden Power|p2a: Magearna\n|-supereffective|p2a: Magearna\n|-damage|p2a: Magearna|48\/100\n|move|p2a: Magearna|Ice Beam|p1a: Sweet Leaf\n|-supereffective|p1a: Sweet Leaf\n|-damage|p1a: Sweet Leaf|39\/100\n|\n|upkeep\n|turn|23\n|\n|move|p1a: Sweet Leaf|Synthesis|p1a: Sweet Leaf\n|-heal|p1a: Sweet Leaf|89\/100\n|move|p2a: Magearna|Ice Beam|p1a: Sweet Leaf\n|-supereffective|p1a: Sweet Leaf\n|-damage|p1a: Sweet Leaf|68\/100\n|\n|upkeep\n|turn|24\n|\n|move|p1a: Sweet Leaf|Hidden Power|p2a: Magearna\n|-supereffective|p2a: Magearna\n|-damage|p2a: Magearna|33\/100\n|move|p2a: Magearna|Ice Beam|p1a: Sweet Leaf\n|-supereffective|p1a: Sweet Leaf\n|-damage|p1a: Sweet Leaf|48\/100\n|\n|upkeep\n|turn|25\n|\n|move|p1a: Sweet Leaf|Synthesis|p1a: Sweet Leaf\n|-heal|p1a: Sweet Leaf|98\/100\n|move|p2a: Magearna|Ice Beam|p1a: Sweet Leaf\n|-supereffective|p1a: Sweet Leaf\n|-damage|p1a: Sweet Leaf|78\/100\n|\n|upkeep\n|turn|26\n|\n|move|p1a: Sweet Leaf|Hidden Power|p2a: Magearna\n|-supereffective|p2a: Magearna\n|-damage|p2a: Magearna|19\/100\n|move|p2a: Magearna|Ice Beam|p1a: Sweet Leaf\n|-supereffective|p1a: Sweet Leaf\n|-damage|p1a: Sweet Leaf|59\/100\n|\n|upkeep\n|turn|27\n|\n|move|p1a: Sweet Leaf|Synthesis|p1a: Sweet Leaf\n|-heal|p1a: Sweet Leaf|100\/100\n|move|p2a: Magearna|Ice Beam|p1a: Sweet Leaf\n|-supereffective|p1a: Sweet Leaf\n|-damage|p1a: Sweet Leaf|80\/100\n|\n|upkeep\n|turn|28\n|\n|move|p1a: Sweet Leaf|Hidden Power|p2a: Magearna\n|-supereffective|p2a: Magearna\n|-damage|p2a: Magearna|5\/100\n|move|p2a: Magearna|Ice Beam|p1a: Sweet Leaf\n|-supereffective|p1a: Sweet Leaf\n|-damage|p1a: Sweet Leaf|62\/100\n|\n|upkeep\n|turn|29\n|\n|move|p1a: Sweet Leaf|Hidden Power|p2a: Magearna\n|-supereffective|p2a: Magearna\n|-damage|p2a: Magearna|0 fnt\n|faint|p2a: Magearna\n|\n|upkeep\n|\n|switch|p2a: Landorus|Landorus-Therian, M|100\/100\n|-ability|p2a: Landorus|Intimidate|boost\n|-unboost|p1a: Sweet Leaf|atk|1\n|turn|30\n|\n|move|p2a: Landorus|U-turn|p1a: Sweet Leaf\n|-damage|p1a: Sweet Leaf|47\/100\n|\n|switch|p2a: Tapu Koko|Tapu Koko, shiny|76\/100 psn\n|-damage|p2a: Tapu Koko|63\/100 psn|[from] Spikes\n|-fieldstart|move: Electric Terrain|[from] ability: Electric Surge|[of] p2a: Tapu Koko\n|move|p1a: Sweet Leaf|Synthesis|p1a: Sweet Leaf\n|-heal|p1a: Sweet Leaf|97\/100\n|\n|-damage|p2a: Tapu Koko|51\/100 psn|[from] psn\n|upkeep\n|turn|31\n|c|\u2606SMxVale|gg\n|\n|move|p2a: Tapu Koko|Thunderbolt|p1a: Sweet Leaf\n|-resisted|p1a: Sweet Leaf\n|-damage|p1a: Sweet Leaf|62\/100\n|-status|p1a: Sweet Leaf|par\n|move|p1a: Sweet Leaf|Giga Drain|p2a: Tapu Koko\n|-damage|p2a: Tapu Koko|3\/100 psn\n|-heal|p1a: Sweet Leaf|81\/100 par|[from] drain|[of] p2a: Tapu Koko\n|\n|-damage|p2a: Tapu Koko|0 fnt|[from] psn\n|upkeep\n|faint|p2a: Tapu Koko\n|c|\u2606Wheitron\u2663|gg\n|\n|switch|p2a: Landorus|Landorus-Therian, M|100\/100\n|-ability|p2a: Landorus|Intimidate|boost\n|-unboost|p1a: Sweet Leaf|atk|1\n|turn|32\n|\n|move|p2a: Landorus|Earthquake|p1a: Sweet Leaf\n|-damage|p1a: Sweet Leaf|48\/100 par\n|move|p1a: Sweet Leaf|Giga Drain|p2a: Landorus\n|-damage|p2a: Landorus|70\/100\n|-heal|p1a: Sweet Leaf|65\/100 par|[from] drain|[of] p2a: Landorus\n|\n|upkeep\n|turn|33\n|\n|move|p2a: Landorus|Earthquake|p1a: Sweet Leaf\n|-damage|p1a: Sweet Leaf|34\/100 par\n|move|p1a: Sweet Leaf|Giga Drain|p2a: Landorus\n|-damage|p2a: Landorus|36\/100\n|-heal|p1a: Sweet Leaf|53\/100 par|[from] drain|[of] p2a: Landorus\n|\n|upkeep\n|turn|34\n|c|\u2606SMxVale|get the para 1at try but no freeze lol\n|\n|move|p2a: Landorus|Earthquake|p1a: Sweet Leaf\n|-damage|p1a: Sweet Leaf|22\/100 par\n|move|p1a: Sweet Leaf|Giga Drain|p2a: Landorus\n|-damage|p2a: Landorus|1\/100\n|-heal|p1a: Sweet Leaf|41\/100 par|[from] drain|[of] p2a: Landorus\n|\n|-fieldend|move: Electric Terrain\n|upkeep\n|turn|35\n|\n|move|p2a: Landorus|Earthquake|p1a: Sweet Leaf\n|-damage|p1a: Sweet Leaf|11\/100 par\n|cant|p1a: Sweet Leaf|par\n|\n|upkeep\n|turn|36\n|\n|move|p2a: Landorus|Earthquake|p1a: Sweet Leaf\n|-damage|p1a: Sweet Leaf|0 fnt\n|faint|p1a: Sweet Leaf\n|\n|upkeep\n|\n|switch|p1a: Hells Bells|Celesteela|53\/100\n|-damage|p1a: Hells Bells|40\/100|[from] Stealth Rock\n|turn|37\n|\n|move|p2a: Landorus|Hidden Power|p1a: Hells Bells\n|-supereffective|p1a: Hells Bells\n|-damage|p1a: Hells Bells|21\/100\n|move|p1a: Hells Bells|Heavy Slam|p2a: Landorus\n|-damage|p2a: Landorus|0 fnt\n|-damage|p1a: Hells Bells|4\/100|[from] item: Rocky Helmet|[of] p2a: Landorus\n|faint|p2a: Landorus\n|\n|win|Wheitron\u2663\n","uploadtime":1539636596,"views":54,"p1id":"wheitron","p2id":"smxvale","formatid":"gen7ou","rating":0,"private":0,"password":null}