{"id":"gen7ou-930931871","p1":"Shardul888","p2":"Mister McCharm","format":"gen7ou","log":"|j|\u2606Shardul888\n|j|\u2606Mister McCharm\n|player|p1|Shardul888|92\n|player|p2|Mister McCharm|102\n|teamsize|p1|6\n|teamsize|p2|6\n|gametype|singles\n|gen|7\n|tier|[Gen 7] OU\n|rated|\n|rule|Sleep Clause Mod: Limit one foe put to sleep\n|rule|Species Clause: Limit one of each Pok\u00e9mon\n|rule|OHKO Clause: OHKO moves are banned\n|rule|Moody Clause: Moody is banned\n|rule|Evasion Moves Clause: Evasion moves are banned\n|rule|Endless Battle Clause: Forcing endless battles is banned\n|rule|HP Percentage Mod: HP is shown in percentages\n|clearpoke\n|poke|p1|Venusaur, F|item\n|poke|p1|Magearna|item\n|poke|p1|Dragonite, M|item\n|poke|p1|Gliscor, M|item\n|poke|p1|Zeraora|item\n|poke|p1|Milotic, M|item\n|poke|p2|Ferrothorn, M|item\n|poke|p2|Swampert, F|item\n|poke|p2|Toxicroak, M|item\n|poke|p2|Latios, M|item\n|poke|p2|Magearna|item\n|poke|p2|Pelipper, F|item\n|teampreview\n|inactive|Battle timer is ON: inactive players will automatically lose when time's up. (requested by Mister McCharm)\n|inactive|Shardul888 also wants the timer to be on.\n|\n|start\n|switch|p1a: Spark|Zeraora|317\/317\n|switch|p2a: Pelipper|Pelipper, F, shiny|323\/323\n|-weather|RainDance|[from] ability: Drizzle|[of] p2a: Pelipper\n|turn|1\n|\n|switch|p1a: Forest|Venusaur, F|346\/346\n|switch|p2a: Ferrothorn|Ferrothorn, M|352\/352\n|\n|-weather|RainDance|[upkeep]\n|upkeep\n|turn|2\n|\n|switch|p1a: Sandstorm|Gliscor, M|354\/354\n|switch|p2a: Latios|Latios, M, shiny|301\/301\n|\n|-weather|RainDance|[upkeep]\n|-status|p1a: Sandstorm|tox|[from] item: Toxic Orb\n|upkeep\n|turn|3\n|\n|move|p2a: Latios|Calm Mind|p2a: Latios\n|-boost|p2a: Latios|spa|1\n|-boost|p2a: Latios|spd|1\n|move|p1a: Sandstorm|Knock Off|p2a: Latios\n|-supereffective|p2a: Latios\n|-damage|p2a: Latios|127\/301\n|-enditem|p2a: Latios|Soul Dew|[from] move: Knock Off|[of] p1a: Sandstorm\n|\n|-weather|RainDance|[upkeep]\n|upkeep\n|turn|4\n|\n|move|p2a: Latios|Recover|p2a: Latios\n|-heal|p2a: Latios|278\/301\n|move|p1a: Sandstorm|Knock Off|p2a: Latios\n|-supereffective|p2a: Latios\n|-damage|p2a: Latios|164\/301\n|\n|-weather|RainDance|[upkeep]\n|upkeep\n|turn|5\n|\n|switch|p1a: Machine|Magearna|364\/364\n|move|p2a: Latios|Calm Mind|p2a: Latios\n|-boost|p2a: Latios|spa|1\n|-boost|p2a: Latios|spd|1\n|\n|-weather|RainDance|[upkeep]\n|upkeep\n|turn|6\n|\n|move|p2a: Latios|Psyshock|p1a: Machine\n|-resisted|p1a: Machine\n|-damage|p1a: Machine|247\/364\n|move|p1a: Machine|Heart Swap|p2a: Latios\n|-swapboost|p1a: Machine|p2a: Latios|[from] move: Heart Swap\n|\n|-weather|RainDance|[upkeep]\n|upkeep\n|turn|7\n|\n|switch|p2a: Swampert|Swampert, F|341\/341\n|move|p1a: Machine|Ice Beam|p2a: Swampert\n|-damage|p2a: Swampert|85\/341\n|\n|-weather|RainDance|[upkeep]\n|upkeep\n|turn|8\n|\n|switch|p1a: Sky|Dragonite, M|386\/386\n|detailschange|p2a: Swampert|Swampert-Mega, F\n|-mega|p2a: Swampert|Swampert|Swampertite\n|move|p2a: Swampert|Waterfall|p1a: Sky\n|-resisted|p1a: Sky\n|-damage|p1a: Sky|324\/386\n|\n|-weather|none\n|upkeep\n|turn|9\n|\n|switch|p2a: Ferrothorn|Ferrothorn, M|352\/352\n|move|p1a: Sky|Extreme Speed|p2a: Ferrothorn\n|-resisted|p2a: Ferrothorn\n|-damage|p2a: Ferrothorn|319\/352\n|-damage|p1a: Sky|276\/386|[from] ability: Iron Barbs|[of] p2a: Ferrothorn\n|\n|-heal|p2a: Ferrothorn|341\/352|[from] item: Leftovers\n|upkeep\n|turn|10\n|\n|switch|p1a: Spark|Zeraora|317\/317\n|move|p2a: Ferrothorn|Stealth Rock|p1a: Spark\n|-sidestart|p1: Shardul888|move: Stealth Rock\n|\n|-heal|p2a: Ferrothorn|352\/352|[from] item: Leftovers\n|upkeep\n|turn|11\n|\n|move|p1a: Spark|Plasma Fists|p2a: Ferrothorn\n|-resisted|p2a: Ferrothorn\n|-damage|p2a: Ferrothorn|293\/352\n|-damage|p1a: Spark|278\/317|[from] ability: Iron Barbs|[of] p2a: Ferrothorn\n|-fieldactivate|move: Ion Deluge\n|move|p2a: Ferrothorn|Gyro Ball|p1a: Spark\n|-resisted|p1a: Spark\n|-damage|p1a: Spark|174\/317\n|\n|-heal|p2a: Ferrothorn|315\/352|[from] item: Leftovers\n|upkeep\n|turn|12\n|\n|move|p1a: Spark|Fire Punch|p2a: Ferrothorn\n|-supereffective|p2a: Ferrothorn\n|-damage|p2a: Ferrothorn|70\/352\n|-damage|p1a: Spark|135\/317|[from] ability: Iron Barbs|[of] p2a: Ferrothorn\n|move|p2a: Ferrothorn|Thunder Wave|p1a: Spark\n|-heal|p1a: Spark|214\/317|[from] ability: Volt Absorb|[of] p2a: Ferrothorn\n|\n|-heal|p2a: Ferrothorn|92\/352|[from] item: Leftovers\n|upkeep\n|turn|13\n|c|\u2606Mister McCharm|Lol I\u2019m dumb\n|\n|move|p1a: Spark|Plasma Fists|p2a: Ferrothorn\n|-resisted|p2a: Ferrothorn\n|-damage|p2a: Ferrothorn|35\/352\n|-damage|p1a: Spark|175\/317|[from] ability: Iron Barbs|[of] p2a: Ferrothorn\n|-fieldactivate|move: Ion Deluge\n|move|p2a: Ferrothorn|Leech Seed|p1a: Spark\n|-start|p1a: Spark|move: Leech Seed\n|\n|-heal|p2a: Ferrothorn|57\/352|[from] item: Leftovers\n|-damage|p1a: Spark|136\/317|[from] Leech Seed|[of] p2a: Ferrothorn\n|-heal|p2a: Ferrothorn|96\/352|[silent]\n|upkeep\n|turn|14\n|inactive|Mister McCharm has 120 seconds left.\n|\n|switch|p2a: Swampert|Swampert-Mega, F|85\/341\n|move|p1a: Spark|Fire Punch|p2a: Swampert\n|-resisted|p2a: Swampert\n|-crit|p2a: Swampert\n|-damage|p2a: Swampert|27\/341\n|\n|-damage|p1a: Spark|97\/317|[from] Leech Seed|[of] p2a: Swampert\n|-heal|p2a: Swampert|66\/341|[silent]\n|upkeep\n|turn|15\n|inactive|Mister McCharm has 120 seconds left.\n|\n|switch|p2a: Ferrothorn|Ferrothorn, M|96\/352\n|move|p1a: Spark|Close Combat|p2a: Ferrothorn\n|-supereffective|p2a: Ferrothorn\n|-damage|p2a: Ferrothorn|0 fnt\n|-damage|p1a: Spark|58\/317|[from] ability: Iron Barbs|[of] p2a: Ferrothorn\n|-unboost|p1a: Spark|def|1\n|-unboost|p1a: Spark|spd|1\n|faint|p2a: Ferrothorn\n|\n|upkeep\n|inactive|Mister McCharm has 120 seconds left.\n|\n|switch|p2a: Pelipper|Pelipper, F, shiny|323\/323\n|-weather|RainDance|[from] ability: Drizzle|[of] p2a: Pelipper\n|turn|16\n|\n|move|p1a: Spark|Close Combat|p2a: Pelipper\n|-resisted|p2a: Pelipper\n|-damage|p2a: Pelipper|263\/323\n|-unboost|p1a: Spark|def|1\n|-unboost|p1a: Spark|spd|1\n|move|p2a: Pelipper|Scald|p1a: Spark\n|-damage|p1a: Spark|0 fnt\n|faint|p1a: Spark\n|\n|-weather|RainDance|[upkeep]\n|upkeep\n|\n|switch|p1a: Sandstorm|Gliscor, M|354\/354 tox\n|-damage|p1a: Sandstorm|310\/354 tox|[from] Stealth Rock\n|turn|17\n|\n|move|p1a: Sandstorm|Defog|p2a: Pelipper\n|-unboost|p2a: Pelipper|evasion|1\n|-sideend|p1: Shardul888|Stealth Rock|[from] move: Defog|[of] p1a: Sandstorm\n|move|p2a: Pelipper|Scald|p1a: Sandstorm\n|-supereffective|p1a: Sandstorm\n|-damage|p1a: Sandstorm|0 fnt\n|faint|p1a: Sandstorm\n|\n|-weather|RainDance|[upkeep]\n|upkeep\n|\n|switch|p1a: Forest|Venusaur, F|346\/346\n|turn|18\n|\n|detailschange|p1a: Forest|Venusaur-Mega, F\n|-mega|p1a: Forest|Venusaur|Venusaurite\n|move|p1a: Forest|Giga Drain|p2a: Pelipper\n|-damage|p2a: Pelipper|148\/323\n|move|p2a: Pelipper|Hurricane|p1a: Forest\n|-supereffective|p1a: Forest\n|-damage|p1a: Forest|172\/346\n|-start|p1a: Forest|confusion\n|\n|-weather|RainDance|[upkeep]\n|upkeep\n|turn|19\n|\n|-activate|p1a: Forest|confusion\n|move|p1a: Forest|Giga Drain|p2a: Pelipper\n|-damage|p2a: Pelipper|30\/323\n|-heal|p1a: Forest|231\/346|[from] drain|[of] p2a: Pelipper\n|move|p2a: Pelipper|Roost|p2a: Pelipper\n|-heal|p2a: Pelipper|192\/323\n|-singleturn|p2a: Pelipper|move: Roost\n|\n|-weather|RainDance|[upkeep]\n|upkeep\n|turn|20\n|\n|switch|p2a: Latios|Latios, M, shiny|164\/301\n|-activate|p1a: Forest|confusion\n|move|p1a: Forest|Sludge Bomb|p2a: Latios\n|-damage|p2a: Latios|37\/301\n|\n|-weather|RainDance|[upkeep]\n|upkeep\n|turn|21\n|\n|switch|p1a: Machine|Magearna|247\/364\n|move|p2a: Latios|Recover|p2a: Latios\n|-heal|p2a: Latios|188\/301\n|\n|-weather|RainDance|[upkeep]\n|upkeep\n|turn|22\n|\n|switch|p2a: Magearna|Magearna|301\/301\n|move|p1a: Machine|Ice Beam|p2a: Magearna\n|-resisted|p2a: Magearna\n|-damage|p2a: Magearna|253\/301\n|-status|p2a: Magearna|frz\n|\n|-weather|RainDance|[upkeep]\n|upkeep\n|turn|23\n|\n|switch|p1a: Forest|Venusaur-Mega, F|231\/346\n|cant|p2a: Magearna|frz\n|\n|-weather|none\n|upkeep\n|turn|24\n|\n|switch|p2a: Pelipper|Pelipper, F, shiny|192\/323\n|-weather|RainDance|[from] ability: Drizzle|[of] p2a: Pelipper\n|move|p1a: Forest|Synthesis|p1a: Forest\n|-heal|p1a: Forest|317\/346\n|\n|-weather|RainDance|[upkeep]\n|upkeep\n|turn|25\n|\n|switch|p1a: Pearl|Milotic, M|394\/394\n|move|p2a: Pelipper|Hurricane|p1a: Pearl\n|-damage|p1a: Pearl|318\/394\n|\n|-weather|RainDance|[upkeep]\n|-heal|p1a: Pearl|342\/394|[from] item: Leftovers\n|upkeep\n|turn|26\n|\n|move|p1a: Pearl|Toxic|p2a: Pelipper\n|-status|p2a: Pelipper|tox\n|move|p2a: Pelipper|Roost|p2a: Pelipper\n|-heal|p2a: Pelipper|323\/323 tox\n|-singleturn|p2a: Pelipper|move: Roost\n|\n|-weather|RainDance|[upkeep]\n|-heal|p1a: Pearl|366\/394|[from] item: Leftovers\n|-damage|p2a: Pelipper|303\/323 tox|[from] psn\n|upkeep\n|turn|27\n|\n|switch|p2a: Toxicroak|Toxicroak, M, shiny|307\/307\n|move|p1a: Pearl|Scald|p2a: Toxicroak\n|-immune|p2a: Toxicroak|[from] ability: Dry Skin\n|\n|-weather|RainDance|[upkeep]\n|-heal|p1a: Pearl|390\/394|[from] item: Leftovers\n|upkeep\n|turn|28\n|\n|switch|p1a: Machine|Magearna|247\/364\n|move|p2a: Toxicroak|Swords Dance|p2a: Toxicroak\n|-boost|p2a: Toxicroak|atk|2\n|\n|-weather|RainDance|[upkeep]\n|upkeep\n|turn|29\n|\n|switch|p1a: Sky|Dragonite, M|276\/386\n|move|p2a: Toxicroak|Drain Punch|p1a: Sky\n|-resisted|p1a: Sky\n|-damage|p1a: Sky|107\/386\n|-damage|p2a: Toxicroak|277\/307|[from] item: Life Orb\n|\n|-weather|RainDance|[upkeep]\n|-heal|p2a: Toxicroak|307\/307|[from] ability: Dry Skin\n|upkeep\n|turn|30\n|\n|move|p2a: Toxicroak|Drain Punch|p1a: Sky\n|-resisted|p1a: Sky\n|-damage|p1a: Sky|0 fnt\n|-damage|p2a: Toxicroak|277\/307|[from] item: Life Orb\n|faint|p1a: Sky\n|\n|-weather|RainDance|[upkeep]\n|-heal|p2a: Toxicroak|307\/307|[from] ability: Dry Skin\n|upkeep\n|\n|switch|p1a: Forest|Venusaur-Mega, F|317\/346\n|turn|31\n|\n|move|p2a: Toxicroak|Gunk Shot|p1a: Forest\n|-damage|p1a: Forest|0 fnt\n|-damage|p2a: Toxicroak|277\/307|[from] item: Life Orb\n|faint|p1a: Forest\n|\n|-weather|none\n|upkeep\n|\n|switch|p1a: Machine|Magearna|247\/364\n|turn|32\n|\n|move|p2a: Toxicroak|Drain Punch|p1a: Machine\n|-damage|p1a: Machine|0 fnt\n|-heal|p2a: Toxicroak|307\/307|[from] drain|[of] p1a: Machine\n|-damage|p2a: Toxicroak|277\/307|[from] item: Life Orb\n|faint|p1a: Machine\n|\n|upkeep\n|-message|Shardul888 forfeited.\n|\n|win|Mister McCharm\n|l|\u2606Shardul888\n|raw|Shardul888's rating: 1423 &rarr; <strong>1404<\/strong><br \/>(-19 for losing)\n|raw|Mister McCharm's rating: 1450 &rarr; <strong>1468<\/strong><br \/>(+18 for winning)\n","uploadtime":1560921835,"views":6,"p1id":"shardul888","p2id":"mistermccharm","formatid":"gen7ou","rating":1404,"private":0,"password":null}