{"id":"gen7ou-897780636","p1":"kmkm2op","p2":"why addicted","format":"gen7ou","log":"|j|\u2606kmkm2op\n|j|\u2606why addicted\n|inactive|Battle timer is ON: inactive players will automatically lose when time's up.\n|player|p1|kmkm2op|1\n|player|p2|why addicted|168\n|teamsize|p1|6\n|teamsize|p2|6\n|gametype|singles\n|gen|7\n|tier|[Gen 7] OU\n|rated|Tournament battle\n|rule|Sleep Clause Mod: Limit one foe put to sleep\n|rule|Species Clause: Limit one of each Pok\u00e9mon\n|rule|OHKO Clause: OHKO moves are banned\n|rule|Moody Clause: Moody is banned\n|rule|Evasion Moves Clause: Evasion moves are banned\n|rule|Endless Battle Clause: Forcing endless battles is banned\n|rule|HP Percentage Mod: HP is shown in percentages\n|clearpoke\n|poke|p1|Staraptor, F|item\n|poke|p1|Kyurem-Black|item\n|poke|p1|Mew|item\n|poke|p1|Landorus-Therian, M|item\n|poke|p1|Tapu Koko|item\n|poke|p1|Keldeo-Resolute|item\n|poke|p2|Mawile, F|item\n|poke|p2|Greninja, M|item\n|poke|p2|Pelipper, F|item\n|poke|p2|Seismitoad, M|item\n|poke|p2|Tornadus-Therian, M|item\n|poke|p2|Magearna|item\n|teampreview\n|j| cypherstest\n|j| SG Sutera\n|j| Ruemzaw v2.0\n|j| Frostzmule\n|j| Good Janet\n|j| A4 piece of paper\n|j| TheTrueCaligula\n|j| AntiPeople\n|j| Gliscor Mania\n|j| dangoures pool\n|j| Noxious Octo\n|c|\u2606why addicted|gl\n|j| imbadbuturworse\n|j| lebald\n|j| BMidak\n|\n|start\n|switch|p1a: Tapu Koko|Tapu Koko|100\/100\n|switch|p2a: Broken 2|Magearna|100\/100\n|-fieldstart|move: Electric Terrain|[from] ability: Electric Surge|[of] p1a: Tapu Koko\n|turn|1\n|j| Deliiibirddd\u2764\u2764\u2764\n|\n|switch|p2a: Seismitoad|Seismitoad, M|100\/100\n|move|p1a: Tapu Koko|Volt Switch|p2a: Seismitoad\n|-immune|p2a: Seismitoad\n|\n|upkeep\n|turn|2\n|j| Tournedos Gaspacho\n|j|#moondazing\n|j| xerketree990\n|j| NeoNaruto\u2708\ufe0f_\u2708\ufe0f\n|j| pookie wigginson\n|\n|switch|p1a: Keldeo|Keldeo-Resolute|100\/100\n|move|p2a: Seismitoad|Stealth Rock|p1a: Keldeo\n|-sidestart|p1: kmkm2op|move: Stealth Rock\n|\n|upkeep\n|turn|3\n|j| Savage Cebolla\n|\n|switch|p2a: stealth rock of ra|Pelipper, F|100\/100\n|-weather|RainDance|[from] ability: Drizzle|[of] p2a: stealth rock of ra\n|move|p1a: Keldeo|Calm Mind|p1a: Keldeo\n|-boost|p1a: Keldeo|spa|1\n|-boost|p1a: Keldeo|spd|1\n|\n|-weather|RainDance|[upkeep]\n|upkeep\n|turn|4\n|j|%lyd \u266a\n|\n|move|p1a: Keldeo|Calm Mind|p1a: Keldeo\n|-boost|p1a: Keldeo|spa|1\n|-boost|p1a: Keldeo|spd|1\n|move|p2a: stealth rock of ra|Hurricane|p1a: Keldeo\n|-supereffective|p1a: Keldeo\n|-damage|p1a: Keldeo|60\/100\n|\n|-weather|RainDance|[upkeep]\n|-heal|p1a: Keldeo|66\/100|[from] item: Leftovers\n|upkeep\n|turn|5\n|j| AtoEZ\n|l|%lyd \u266a\n|\n|move|p1a: Keldeo|Calm Mind|p1a: Keldeo\n|-boost|p1a: Keldeo|spa|1\n|-boost|p1a: Keldeo|spd|1\n|move|p2a: stealth rock of ra|Hurricane|p1a: Keldeo\n|-supereffective|p1a: Keldeo\n|-damage|p1a: Keldeo|30\/100\n|-start|p1a: Keldeo|confusion\n|\n|-weather|RainDance|[upkeep]\n|-heal|p1a: Keldeo|36\/100|[from] item: Leftovers\n|-fieldend|move: Electric Terrain\n|upkeep\n|turn|6\n|j| jokes like anybody\n|\n|switch|p2a: Seismitoad|Seismitoad, M|100\/100\n|-activate|p1a: Keldeo|confusion\n|move|p1a: Keldeo|Scald|p2a: Seismitoad\n|-immune|p2a: Seismitoad|[from] ability: Water Absorb\n|\n|-weather|RainDance|[upkeep]\n|-heal|p1a: Keldeo|42\/100|[from] item: Leftovers\n|upkeep\n|turn|7\n|\n|-activate|p1a: Keldeo|confusion\n|-damage|p1a: Keldeo|35\/100|[from] confusion\n|move|p2a: Seismitoad|Toxic|p1a: Keldeo|[miss]\n|-miss|p2a: Seismitoad|p1a: Keldeo\n|\n|-weather|RainDance|[upkeep]\n|-heal|p1a: Keldeo|42\/100|[from] item: Leftovers\n|upkeep\n|turn|8\n|\n|-activate|p1a: Keldeo|confusion\n|move|p1a: Keldeo|Secret Sword|p2a: Seismitoad\n|-damage|p2a: Seismitoad|0 fnt\n|faint|p2a: Seismitoad\n|\n|-weather|RainDance|[upkeep]\n|-heal|p1a: Keldeo|48\/100|[from] item: Leftovers\n|upkeep\n|\n|switch|p2a: defog of rain|Tornadus-Therian, M|100\/100\n|turn|9\n|j|@Leo\n|\n|move|p2a: defog of rain|Hurricane|p1a: Keldeo\n|-supereffective|p1a: Keldeo\n|-damage|p1a: Keldeo|7\/100\n|-activate|p1a: Keldeo|confusion\n|move|p1a: Keldeo|Scald|p2a: defog of rain\n|-damage|p2a: defog of rain|0 fnt\n|faint|p2a: defog of rain\n|\n|-weather|RainDance|[upkeep]\n|-heal|p1a: Keldeo|13\/100|[from] item: Leftovers\n|upkeep\n|j| KawaiiNekoWaifu\n|\n|switch|p2a: Spikes up|Greninja, M|100\/100\n|turn|10\n|l|@Leo\n|\n|move|p2a: Spikes up|Hydro Pump|p1a: Keldeo\n|-resisted|p1a: Keldeo\n|-damage|p1a: Keldeo|0 fnt\n|faint|p1a: Keldeo\n|-activate|p2a: Spikes up|ability: Battle Bond\n|detailschange|p2a: Spikes up|Greninja-Ash, M\n|\n|-weather|none\n|upkeep\n|\n|switch|p1a: Staraptor|Staraptor, F|100\/100\n|-damage|p1a: Staraptor|76\/100|[from] Stealth Rock\n|turn|11\n|\n|switch|p2a: Broken 2|Magearna|100\/100\n|move|p1a: Staraptor|U-turn|p2a: Broken 2\n|-resisted|p2a: Broken 2\n|-damage|p2a: Broken 2|96\/100\n|\n|switch|p1a: Landorus|Landorus-Therian, M|100\/100|[from]move: U-turn\n|-damage|p1a: Landorus|88\/100|[from] Stealth Rock\n|-ability|p1a: Landorus|Intimidate|boost\n|-unboost|p2a: Broken 2|atk|1\n|\n|upkeep\n|turn|12\n|\n|switch|p2a: stealth rock of ra|Pelipper, F|100\/100\n|-weather|RainDance|[from] ability: Drizzle|[of] p2a: stealth rock of ra\n|move|p1a: Landorus|Earthquake|p2a: stealth rock of ra\n|-immune|p2a: stealth rock of ra\n|\n|-weather|RainDance|[upkeep]\n|upkeep\n|turn|13\n|j| OUTX BWK\n|j| DaPranksta\n|j| Emilia Percival\n|\n|move|p1a: Landorus|Explosion|p2a: stealth rock of ra\n|-damage|p2a: stealth rock of ra|15\/100\n|faint|p1a: Landorus\n|move|p2a: stealth rock of ra|U-turn|p1: Landorus|[notarget]\n|-fail|p2a: stealth rock of ra\n|\n|-weather|RainDance|[upkeep]\n|upkeep\n|\n|switch|p1a: Tapu Koko|Tapu Koko|100\/100\n|-damage|p1a: Tapu Koko|88\/100|[from] Stealth Rock\n|-fieldstart|move: Electric Terrain|[from] ability: Electric Surge|[of] p1a: Tapu Koko\n|turn|14\n|\n|move|p1a: Tapu Koko|Thunderbolt|p2a: stealth rock of ra\n|-supereffective|p2a: stealth rock of ra\n|-damage|p2a: stealth rock of ra|0 fnt\n|faint|p2a: stealth rock of ra\n|\n|-weather|RainDance|[upkeep]\n|upkeep\n|\n|switch|p2a: Spikes up|Greninja-Ash, M|100\/100\n|turn|15\n|\n|move|p2a: Spikes up|Water Shuriken|p1a: Tapu Koko\n|-damage|p1a: Tapu Koko|43\/100\n|-damage|p1a: Tapu Koko|4\/100\n|-damage|p1a: Tapu Koko|0 fnt\n|-hitcount|p1a: Tapu Koko|3\n|faint|p1a: Tapu Koko\n|\n|-weather|RainDance|[upkeep]\n|upkeep\n|\n|switch|p1a: Kyurem|Kyurem-Black|100\/100\n|-damage|p1a: Kyurem|76\/100|[from] Stealth Rock\n|-ability|p1a: Kyurem|Teravolt\n|turn|16\n|\n|switch|p2a: Broken|Mawile, F|100\/100\n|-ability|p2a: Broken|Intimidate|boost\n|-unboost|p1a: Kyurem|atk|1\n|move|p1a: Kyurem|Earth Power|p2a: Broken\n|-supereffective|p2a: Broken\n|-damage|p2a: Broken|0 fnt\n|-damage|p1a: Kyurem|66\/100|[from] item: Life Orb\n|faint|p2a: Broken\n|\n|-weather|RainDance|[upkeep]\n|upkeep\n|\n|switch|p2a: Broken 2|Magearna|96\/100\n|turn|17\n|j| ssjjynx\n|\n|move|p1a: Kyurem|Earth Power|p2a: Broken 2\n|-supereffective|p2a: Broken 2\n|-damage|p2a: Broken 2|50\/100\n|-damage|p1a: Kyurem|56\/100|[from] item: Life Orb\n|-zpower|p2a: Broken 2\n|move|p2a: Broken 2|Twinkle Tackle|p1a: Kyurem|[zeffect]\n|-supereffective|p1a: Kyurem\n|-damage|p1a: Kyurem|0 fnt\n|faint|p1a: Kyurem\n|-ability|p2a: Broken 2|Soul-Heart|boost\n|-boost|p2a: Broken 2|spa|1\n|\n|-weather|RainDance|[upkeep]\n|upkeep\n|\n|switch|p1a: Mew|Mew|100\/100\n|-damage|p1a: Mew|88\/100|[from] Stealth Rock\n|turn|18\n|j| Byrie Irving\n|\n|move|p1a: Mew|Nasty Plot|p1a: Mew\n|-boost|p1a: Mew|spa|2\n|move|p2a: Broken 2|Calm Mind|p2a: Broken 2\n|-boost|p2a: Broken 2|spa|1\n|-boost|p2a: Broken 2|spd|1\n|\n|-weather|RainDance|[upkeep]\n|-fieldend|move: Electric Terrain\n|upkeep\n|turn|19\n|\n|move|p1a: Mew|Rock Polish|p1a: Mew\n|-boost|p1a: Mew|spe|2\n|move|p2a: Broken 2|Fleur Cannon|p1a: Mew\n|-damage|p1a: Mew|0 fnt\n|-unboost|p2a: Broken 2|spa|2\n|faint|p1a: Mew\n|-ability|p2a: Broken 2|Soul-Heart|boost\n|-boost|p2a: Broken 2|spa|1\n|\n|-weather|none\n|upkeep\n|\n|switch|p1a: Staraptor|Staraptor, F|76\/100\n|-damage|p1a: Staraptor|51\/100|[from] Stealth Rock\n|turn|20\n|l|#moondazing\n|c|\u2606kmkm2op|gg\n|l| Byrie Irving\n|-message|kmkm2op forfeited.\n|\n|win|why addicted\n","uploadtime":1556033482,"views":88,"p1id":"kmkm2op","p2id":"whyaddicted","formatid":"gen7ou","rating":0,"private":0,"password":null}