{"id":"gen7ou-994544383","p1":"Shardul888","p2":"Ghos7Eye","format":"gen7ou","log":"|j|\u2606Shardul888\n|j|\u2606Ghos7Eye\n|player|p1|Shardul888|92|1381\n|player|p2|Ghos7Eye|213|1331\n|teamsize|p1|6\n|teamsize|p2|6\n|gametype|singles\n|gen|7\n|tier|[Gen 7] OU\n|rated|\n|rule|Sleep Clause Mod: Limit one foe put to sleep\n|rule|Species Clause: Limit one of each Pok\u00e9mon\n|rule|OHKO Clause: OHKO moves are banned\n|rule|Moody Clause: Moody is banned\n|rule|Evasion Moves Clause: Evasion moves are banned\n|rule|Endless Battle Clause: Forcing endless battles is banned\n|rule|HP Percentage Mod: HP is shown in percentages\n|clearpoke\n|poke|p1|Venusaur, M|item\n|poke|p1|Magearna|item\n|poke|p1|Dragonite, M|item\n|poke|p1|Tapu Lele|item\n|poke|p1|Gliscor, F|item\n|poke|p1|Toxapex, F|item\n|poke|p2|Nidoking, M|item\n|poke|p2|Breloom, F|item\n|poke|p2|Vikavolt, F|item\n|poke|p2|Scizor, M|item\n|poke|p2|Kingdra, M|item\n|poke|p2|Tyranitar, F|item\n|teampreview\n|inactive|Battle timer is ON: inactive players will automatically lose when time's up. (requested by Shardul888)\n|\n|start\n|switch|p1a: Tapu Lele|Tapu Lele|100\/100\n|switch|p2a: Voltron|Vikavolt, F, shiny|100\/100\n|-fieldstart|move: Psychic Terrain|[from] ability: Psychic Surge|[of] p1a: Tapu Lele\n|turn|1\n|inactive|Ghos7Eye has 120 seconds left.\n|\n|switch|p2a: Scirocco|Tyranitar, F|100\/100\n|-weather|Sandstorm|[from] ability: Sand Stream|[of] p2a: Scirocco\n|move|p1a: Tapu Lele|Psychic|p2a: Scirocco\n|-immune|p2a: Scirocco\n|\n|-weather|Sandstorm|[upkeep]\n|-damage|p1a: Tapu Lele|94\/100|[from] Sandstorm\n|upkeep\n|turn|2\n|\n|switch|p1a: Gliscor|Gliscor, F|100\/100\n|move|p2a: Scirocco|Stealth Rock|p1a: Gliscor\n|-sidestart|p1: Shardul888|move: Stealth Rock\n|\n|-weather|Sandstorm|[upkeep]\n|-status|p1a: Gliscor|tox|[from] item: Toxic Orb\n|upkeep\n|turn|3\n|\n|switch|p2a: Voltron|Vikavolt, F, shiny|100\/100\n|move|p1a: Gliscor|Defog|p2a: Voltron\n|-unboost|p2a: Voltron|evasion|1\n|-sideend|p1: Shardul888|Stealth Rock|[from] move: Defog|[of] p1a: Gliscor\n|\n|-weather|Sandstorm|[upkeep]\n|-damage|p2a: Voltron|94\/100|[from] Sandstorm\n|upkeep\n|turn|4\n|\n|move|p1a: Gliscor|Protect|p1a: Gliscor\n|-singleturn|p1a: Gliscor|Protect\n|move|p2a: Voltron|Hidden Power|p1a: Gliscor\n|-activate|p1a: Gliscor|move: Protect\n|\n|-weather|Sandstorm|[upkeep]\n|-damage|p2a: Voltron|88\/100|[from] Sandstorm\n|upkeep\n|turn|5\n|\n|switch|p1a: Toxapex|Toxapex, F, shiny|100\/100\n|move|p2a: Voltron|Thunder|p1a: Toxapex|[miss]\n|-miss|p2a: Voltron|p1a: Toxapex\n|\n|-weather|none\n|-fieldend|move: Psychic Terrain\n|upkeep\n|turn|6\n|\n|move|p1a: Toxapex|Baneful Bunker|p1a: Toxapex\n|-singleturn|p1a: Toxapex|move: Protect\n|move|p2a: Voltron|Thunder|p1a: Toxapex\n|-activate|p1a: Toxapex|move: Protect\n|\n|upkeep\n|turn|7\n|\n|switch|p1a: Gliscor|Gliscor, F|100\/100 tox\n|move|p2a: Voltron|Hidden Power|p1a: Gliscor\n|-supereffective|p1a: Gliscor\n|-damage|p1a: Gliscor|0 fnt\n|faint|p1a: Gliscor\n|\n|upkeep\n|\n|switch|p1a: Godzilla|Venusaur, M|100\/100\n|turn|8\n|\n|switch|p2a: Babiri|Scizor, M|100\/100\n|detailschange|p1a: Godzilla|Venusaur-Mega, M\n|-mega|p1a: Godzilla|Venusaur|Venusaurite\n|move|p1a: Godzilla|Sludge Bomb|p2a: Babiri\n|-immune|p2a: Babiri\n|\n|upkeep\n|turn|9\n|\n|detailschange|p2a: Babiri|Scizor-Mega, M\n|-mega|p2a: Babiri|Scizor|Scizorite\n|move|p1a: Godzilla|Leech Seed|p2a: Babiri\n|-start|p2a: Babiri|move: Leech Seed\n|move|p2a: Babiri|Aerial Ace|p1a: Godzilla\n|-supereffective|p1a: Godzilla\n|-damage|p1a: Godzilla|47\/100\n|\n|-damage|p2a: Babiri|88\/100|[from] Leech Seed|[of] p1a: Godzilla\n|-heal|p1a: Godzilla|57\/100|[silent]\n|upkeep\n|turn|10\n|\n|switch|p1a: Toxapex|Toxapex, F, shiny|100\/100\n|move|p2a: Babiri|Aerial Ace|p1a: Toxapex\n|-damage|p1a: Toxapex|72\/100\n|\n|-heal|p1a: Toxapex|78\/100|[from] item: Leftovers\n|-damage|p2a: Babiri|75\/100|[from] Leech Seed|[of] p1a: Toxapex\n|-heal|p1a: Toxapex|90\/100|[silent]\n|upkeep\n|turn|11\n|\n|switch|p2a: Dragonov|Kingdra, M|100\/100\n|move|p1a: Toxapex|Scald|p2a: Dragonov\n|-resisted|p2a: Dragonov\n|-damage|p2a: Dragonov|97\/100\n|\n|-heal|p1a: Toxapex|97\/100|[from] item: Leftovers\n|upkeep\n|turn|12\n|\n|move|p2a: Dragonov|Yawn|p1a: Toxapex\n|-start|p1a: Toxapex|move: Yawn|[of] p2a: Dragonov\n|move|p1a: Toxapex|Toxic|p2a: Dragonov\n|-status|p2a: Dragonov|tox\n|\n|-heal|p1a: Toxapex|100\/100|[from] item: Leftovers\n|-damage|p2a: Dragonov|91\/100 tox|[from] psn\n|upkeep\n|turn|13\n|\n|switch|p2a: Scirocco|Tyranitar, F|100\/100\n|-weather|Sandstorm|[from] ability: Sand Stream|[of] p2a: Scirocco\n|switch|p1a: Godzilla|Venusaur-Mega, M|57\/100\n|\n|-weather|Sandstorm|[upkeep]\n|-damage|p1a: Godzilla|51\/100|[from] Sandstorm\n|upkeep\n|turn|14\n|\n|move|p1a: Godzilla|Leech Seed|p2a: Scirocco\n|-start|p2a: Scirocco|move: Leech Seed\n|move|p2a: Scirocco|Fire Punch|p1a: Godzilla\n|-supereffective|p1a: Godzilla\n|-damage|p1a: Godzilla|30\/100\n|\n|-weather|Sandstorm|[upkeep]\n|-damage|p1a: Godzilla|24\/100|[from] Sandstorm\n|-damage|p2a: Scirocco|88\/100|[from] Leech Seed|[of] p1a: Godzilla\n|-heal|p1a: Godzilla|37\/100|[silent]\n|upkeep\n|turn|15\n|\n|switch|p2a: Babiri|Scizor-Mega, M|75\/100\n|move|p1a: Godzilla|Giga Drain|p2a: Babiri\n|-resisted|p2a: Babiri\n|-damage|p2a: Babiri|67\/100\n|-heal|p1a: Godzilla|41\/100|[from] drain|[of] p2a: Babiri\n|\n|-weather|Sandstorm|[upkeep]\n|-damage|p1a: Godzilla|35\/100|[from] Sandstorm\n|upkeep\n|turn|16\n|\n|switch|p1a: Toxapex|Toxapex, F, shiny|100\/100\n|move|p2a: Babiri|Bug Bite|p1a: Toxapex\n|-resisted|p1a: Toxapex\n|-damage|p1a: Toxapex|81\/100\n|\n|-weather|Sandstorm|[upkeep]\n|-damage|p1a: Toxapex|75\/100|[from] Sandstorm\n|-heal|p1a: Toxapex|81\/100|[from] item: Leftovers\n|upkeep\n|turn|17\n|\n|switch|p2a: Dragonov|Kingdra, M|91\/100 tox\n|move|p1a: Toxapex|Scald|p2a: Dragonov\n|-resisted|p2a: Dragonov\n|-damage|p2a: Dragonov|87\/100 tox\n|\n|-weather|none\n|-heal|p1a: Toxapex|87\/100|[from] item: Leftovers\n|-damage|p2a: Dragonov|81\/100 tox|[from] psn\n|upkeep\n|turn|18\n|\n|move|p1a: Toxapex|Baneful Bunker|p1a: Toxapex\n|-singleturn|p1a: Toxapex|move: Protect\n|move|p2a: Dragonov|Rain Dance|p2a: Dragonov\n|-weather|RainDance\n|\n|-weather|RainDance|[upkeep]\n|-heal|p1a: Toxapex|93\/100|[from] item: Leftovers\n|-damage|p2a: Dragonov|69\/100 tox|[from] psn\n|upkeep\n|turn|19\n|\n|move|p2a: Dragonov|Yawn|p1a: Toxapex\n|-start|p1a: Toxapex|move: Yawn|[of] p2a: Dragonov\n|move|p1a: Toxapex|Scald|p2a: Dragonov\n|-resisted|p2a: Dragonov\n|-damage|p2a: Dragonov|63\/100 tox\n|\n|-weather|RainDance|[upkeep]\n|-heal|p1a: Toxapex|99\/100|[from] item: Leftovers\n|-damage|p2a: Dragonov|45\/100 tox|[from] psn\n|upkeep\n|turn|20\n|\n|switch|p2a: Voltron|Vikavolt, F, shiny|88\/100\n|switch|p1a: Magearna|Magearna|100\/100\n|\n|-weather|RainDance|[upkeep]\n|upkeep\n|turn|21\n|\n|move|p1a: Magearna|Dazzling Gleam|p2a: Voltron\n|-damage|p2a: Voltron|36\/100\n|move|p2a: Voltron|Thunder|p1a: Magearna\n|-damage|p1a: Magearna|51\/100\n|\n|-weather|RainDance|[upkeep]\n|upkeep\n|turn|22\n|\n|switch|p2a: Shuca|Nidoking, M, shiny|100\/100\n|move|p1a: Magearna|Dazzling Gleam|p2a: Shuca\n|-resisted|p2a: Shuca\n|-damage|p2a: Shuca|70\/100\n|\n|-weather|none\n|upkeep\n|turn|23\n|\n|switch|p1a: Ghidorah|Dragonite, M|100\/100\n|move|p2a: Shuca|Ice Punch|p1a: Ghidorah\n|-supereffective|p1a: Ghidorah\n|-damage|p1a: Ghidorah|27\/100\n|\n|upkeep\n|turn|24\n|\n|move|p1a: Ghidorah|Extreme Speed|p2a: Shuca\n|-damage|p2a: Shuca|28\/100\n|move|p2a: Shuca|Ice Punch|p1a: Ghidorah\n|-supereffective|p1a: Ghidorah\n|-damage|p1a: Ghidorah|0 fnt\n|faint|p1a: Ghidorah\n|\n|upkeep\n|\n|switch|p1a: Godzilla|Venusaur-Mega, M|35\/100\n|turn|25\n|\n|move|p2a: Shuca|Poison Jab|p1a: Godzilla\n|-damage|p1a: Godzilla|0 fnt\n|faint|p1a: Godzilla\n|\n|upkeep\n|\n|switch|p1a: Tapu Lele|Tapu Lele|94\/100\n|-fieldstart|move: Psychic Terrain|[from] ability: Psychic Surge|[of] p1a: Tapu Lele\n|turn|26\n|\n|switch|p2a: Scirocco|Tyranitar, F|88\/100\n|-weather|Sandstorm|[from] ability: Sand Stream|[of] p2a: Scirocco\n|move|p1a: Tapu Lele|Moonblast|p2a: Scirocco\n|-supereffective|p2a: Scirocco\n|-damage|p2a: Scirocco|23\/100\n|-unboost|p2a: Scirocco|spa|1\n|-enditem|p2a: Scirocco|Figy Berry|[eat]\n|-heal|p2a: Scirocco|73\/100|[from] item: Figy Berry\n|\n|-weather|Sandstorm|[upkeep]\n|-damage|p1a: Tapu Lele|88\/100|[from] Sandstorm\n|upkeep\n|turn|27\n|inactive|Ghos7Eye has 120 seconds left.\n|\n|move|p1a: Tapu Lele|Moonblast|p2a: Scirocco\n|-supereffective|p2a: Scirocco\n|-crit|p2a: Scirocco\n|-damage|p2a: Scirocco|0 fnt\n|faint|p2a: Scirocco\n|\n|-weather|Sandstorm|[upkeep]\n|-damage|p1a: Tapu Lele|82\/100|[from] Sandstorm\n|upkeep\n|\n|switch|p2a: Babiri|Scizor-Mega, M|67\/100\n|turn|28\n|\n|switch|p1a: Toxapex|Toxapex, F, shiny|100\/100\n|move|p2a: Babiri|Bug Bite|p1a: Toxapex\n|-resisted|p1a: Toxapex\n|-damage|p1a: Toxapex|80\/100\n|\n|-weather|Sandstorm|[upkeep]\n|-damage|p1a: Toxapex|74\/100|[from] Sandstorm\n|-heal|p1a: Toxapex|80\/100|[from] item: Leftovers\n|upkeep\n|turn|29\n|\n|switch|p2a: Dragonov|Kingdra, M|45\/100 tox\n|move|p1a: Toxapex|Scald|p2a: Dragonov\n|-resisted|p2a: Dragonov\n|-damage|p2a: Dragonov|41\/100 tox\n|\n|-weather|Sandstorm|[upkeep]\n|-damage|p2a: Dragonov|35\/100 tox|[from] Sandstorm\n|-damage|p1a: Toxapex|74\/100|[from] Sandstorm\n|-heal|p1a: Toxapex|80\/100|[from] item: Leftovers\n|-damage|p2a: Dragonov|29\/100 tox|[from] psn\n|upkeep\n|turn|30\n|\n|move|p1a: Toxapex|Baneful Bunker|p1a: Toxapex\n|-singleturn|p1a: Toxapex|move: Protect\n|move|p2a: Dragonov|Yawn|p1a: Toxapex\n|-activate|p1a: Toxapex|move: Protect\n|\n|-weather|none\n|-heal|p1a: Toxapex|86\/100|[from] item: Leftovers\n|-damage|p2a: Dragonov|17\/100 tox|[from] psn\n|-fieldend|move: Psychic Terrain\n|upkeep\n|turn|31\n|\n|move|p2a: Dragonov|Hydro Pump|p1a: Toxapex\n|-resisted|p1a: Toxapex\n|-damage|p1a: Toxapex|69\/100\n|move|p1a: Toxapex|Scald|p2a: Dragonov\n|-resisted|p2a: Dragonov\n|-damage|p2a: Dragonov|13\/100 tox\n|\n|-heal|p1a: Toxapex|75\/100|[from] item: Leftovers\n|-damage|p2a: Dragonov|0 fnt|[from] psn\n|faint|p2a: Dragonov\n|upkeep\n|\n|switch|p2a: Shuca|Nidoking, M, shiny|28\/100\n|turn|32\n|\n|move|p2a: Shuca|Earthquake|p1a: Toxapex\n|-supereffective|p1a: Toxapex\n|-damage|p1a: Toxapex|0 fnt\n|-damage|p2a: Shuca|18\/100|[from] item: Life Orb\n|faint|p1a: Toxapex\n|\n|upkeep\n|\n|switch|p1a: Tapu Lele|Tapu Lele|82\/100\n|-fieldstart|move: Psychic Terrain|[from] ability: Psychic Surge|[of] p1a: Tapu Lele\n|turn|33\n|inactive|Ghos7Eye has 120 seconds left.\n|\n|switch|p2a: Babiri|Scizor-Mega, M|67\/100\n|move|p1a: Tapu Lele|Hidden Power|p2a: Babiri\n|-supereffective|p2a: Babiri\n|-damage|p2a: Babiri|0 fnt\n|faint|p2a: Babiri\n|\n|upkeep\n|inactive|Ghos7Eye has 120 seconds left.\n|\n|switch|p2a: Voltron|Vikavolt, F, shiny|36\/100\n|turn|34\n|inactive|Ghos7Eye has 120 seconds left.\n|\n|move|p1a: Tapu Lele|Hidden Power|p2a: Voltron\n|-supereffective|p2a: Voltron\n|-damage|p2a: Voltron|0 fnt\n|faint|p2a: Voltron\n|\n|upkeep\n|inactive|Ghos7Eye has 120 seconds left.\n|\n|switch|p2a: Rindo|Breloom, F|100\/100\n|turn|35\n|\n|move|p1a: Tapu Lele|Hidden Power|p2a: Rindo\n|-supereffective|p2a: Rindo\n|-damage|p2a: Rindo|8\/100\n|move|p2a: Rindo|Bullet Seed|p1a: Tapu Lele\n|-damage|p1a: Tapu Lele|48\/100\n|-damage|p1a: Tapu Lele|19\/100\n|-damage|p1a: Tapu Lele|0 fnt\n|-hitcount|p1a: Tapu Lele|3\n|faint|p1a: Tapu Lele\n|\n|upkeep\n|\n|switch|p1a: Magearna|Magearna|51\/100\n|turn|36\n|\n|move|p2a: Rindo|Superpower|p1a: Magearna\n|-damage|p1a: Magearna|0 fnt\n|-unboost|p2a: Rindo|atk|1\n|-unboost|p2a: Rindo|def|1\n|faint|p1a: Magearna\n|\n|win|Ghos7Eye\n|l|\u2606Shardul888\n||Ladder (probably) updated, but score could not be retrieved (Response not received).\n","uploadtime":1571409487,"views":13,"p1id":"shardul888","p2id":"ghos7eye","formatid":"gen7ou","rating":0,"private":0,"password":null}