{"id":"gen7ou-543994612","p1":"hauntersnightmare","p2":"Dankest Lyriat","format":"gen7ou","log":"|j|hauntersnightmare\n|j|Dankest Lyriat\n|player|p1|hauntersnightmare|153\n|player|p2|Dankest Lyriat|105\n|gametype|singles\n|gen|7\n|tier|[Gen 7] OU\n|rated\n|seed|39958,50855,31473,3613\n|clearpoke\n|poke|p1|Mawile, F, shiny|item\n|poke|p1|Marowak-Alola, M|item\n|poke|p1|Greninja, F|item\n|poke|p1|Magearna|item\n|poke|p1|Tapu Koko|item\n|poke|p1|Rotom-Wash|item\n|poke|p2|Scizor, F|item\n|poke|p2|Tapu Bulu|item\n|poke|p2|Jirachi|item\n|poke|p2|Pheromosa|item\n|poke|p2|Landorus-Therian, M|item\n|poke|p2|Lanturn, M|item\n|rule|Baton Pass Clause: Limit one Baton Passer, can't pass Spe and other stats simultaneously\n|rule|Sleep Clause Mod: Limit one foe put to sleep\n|rule|Species Clause: Limit one of each Pok\u00e9mon\n|rule|OHKO Clause: OHKO moves are banned\n|rule|Moody Clause: Moody is banned\n|rule|Evasion Moves Clause: Evasion moves are banned\n|rule|Endless Battle Clause: Forcing endless battles is banned\n|rule|HP Percentage Mod: HP is shown in percentages\n|teampreview\n|choice|team 6, team 2, team 3, team 4, team 5, team 1|team 5, team 2, team 3, team 4, team 1, team 6\n|\n|start\n|switch|p1a: Rotom|Rotom-Wash|304\/304\n|switch|p2a: Landorus|Landorus-Therian, M|381\/381\n|-ability|p2a: Landorus|Intimidate|boost\n|-unboost|p1a: Rotom|atk|1\n|turn|1\n|choice|move willowisp|move stealthrock\n|\n|move|p2a: Landorus|Stealth Rock|p1a: Rotom\n|-sidestart|p1: hauntersnightmare|move: Stealth Rock\n|move|p1a: Rotom|Will-O-Wisp|p2a: Landorus\n|-status|p2a: Landorus|brn\n|\n|-damage|p2a: Landorus|358\/381 brn|[from] brn\n|upkeep\n|turn|2\n|choice|move voltswitch|move uturn\n|\n|move|p2a: Landorus|U-turn|p1a: Rotom\n|-damage|p1a: Rotom|278\/304\n|choice||switch 6\n|\n|switch|p2a: Lanturn|Lanturn, M|453\/453\n|move|p1a: Rotom|Volt Switch|p2a: Lanturn\n|-immune|p2a: Lanturn|[msg]|[from] ability: Volt Absorb\n|\n|-heal|p1a: Rotom|297\/304|[from] item: Leftovers\n|upkeep\n|turn|3\n|choice|move willowisp|move toxic\n|\n|move|p1a: Rotom|Will-O-Wisp|p2a: Lanturn|[miss]\n|-miss|p1a: Rotom|p2a: Lanturn\n|move|p2a: Lanturn|Toxic|p1a: Rotom\n|-status|p1a: Rotom|tox\n|\n|-heal|p1a: Rotom|304\/304 tox|[from] item: Leftovers\n|-damage|p1a: Rotom|285\/304 tox|[from] psn\n|upkeep\n|turn|4\n|choice|switch 4|move voltswitch\n|\n|switch|p1a: Magearna|Magearna|364\/364\n|-damage|p1a: Magearna|342\/364|[from] Stealth Rock\n|move|p2a: Lanturn|Volt Switch|p1a: Magearna\n|-damage|p1a: Magearna|293\/364\n|choice||switch 4\n|\n|switch|p2a: Pheromosa|Pheromosa|283\/283\n|\n|-heal|p1a: Magearna|315\/364|[from] item: Leftovers\n|upkeep\n|turn|5\n|choice|move trickroom|move highjumpkick\n|\n|move|p2a: Pheromosa|High Jump Kick|p1a: Magearna\n|-damage|p1a: Magearna|42\/364\n|-damage|p2a: Pheromosa|255\/283|[from] item: Life Orb\n|move|p1a: Magearna|Trick Room|p1a: Magearna\n|-fieldstart|move: Trick Room|[of] p1a: Magearna\n|\n|-heal|p1a: Magearna|64\/364|[from] item: Leftovers\n|upkeep\n|turn|6\n|choice|switch 6|switch 5\n|\n|switch|p1a: Mawile|Mawile, F, shiny|251\/251\n|-damage|p1a: Mawile|236\/251|[from] Stealth Rock\n|-ability|p1a: Mawile|Intimidate|boost\n|-unboost|p2a: Pheromosa|atk|1\n|switch|p2a: Scizor|Scizor, F|330\/330\n|\n|upkeep\n|turn|7\n|choice|move firefang mega|move bulletpunch mega\n|\n|detailschange|p2a: Scizor|Scizor-Mega, F\n|-mega|p2a: Scizor|Scizor|Scizorite\n|detailschange|p1a: Mawile|Mawile-Mega, F, shiny\n|-mega|p1a: Mawile|Mawile|Mawilite\n|move|p2a: Scizor|Bullet Punch|p1a: Mawile\n|-damage|p1a: Mawile|148\/251\n|move|p1a: Mawile|Fire Fang|p2a: Scizor\n|-supereffective|p2a: Scizor\n|-damage|p2a: Scizor|0 fnt\n|faint|p2a: Scizor\n|\n|upkeep\n|choice||switch 6\n|\n|switch|p2a: Landorus|Landorus-Therian, M|358\/381 brn\n|-ability|p2a: Landorus|Intimidate|boost\n|-unboost|p1a: Mawile|atk|1\n|turn|8\n|choice|move playrough|move earthquake\n|\n|move|p1a: Mawile|Play Rough|p2a: Landorus|[miss]\n|-miss|p1a: Mawile|p2a: Landorus\n|move|p2a: Landorus|Earthquake|p1a: Mawile\n|-supereffective|p1a: Mawile\n|-damage|p1a: Mawile|1\/251\n|\n|-damage|p2a: Landorus|335\/381 brn|[from] brn\n|upkeep\n|turn|9\n|choice|move playrough|move uturn\n|\n|move|p1a: Mawile|Play Rough|p2a: Landorus\n|-damage|p2a: Landorus|181\/381 brn\n|-damage|p1a: Mawile|0 fnt|[from] item: Rocky Helmet|[of] p2a: Landorus\n|faint|p1a: Mawile\n|move|p2a: Landorus|U-turn|p1: Mawile|[notarget]\n|-notarget\n|\n|-damage|p2a: Landorus|158\/381 brn|[from] brn\n|-fieldend|move: Trick Room\n|upkeep\n|choice|switch 3|\n|\n|switch|p1a: Greninja|Greninja, F|285\/285\n|-damage|p1a: Greninja|250\/285|[from] Stealth Rock\n|turn|10\n|choice|move icebeam|switch 4\n|\n|switch|p2a: Lanturn|Lanturn, M|453\/453\n|move|p1a: Greninja|Ice Beam|p2a: Lanturn\n|-start|p1a: Greninja|typechange|Ice|[from] Protean\n|-resisted|p2a: Lanturn\n|-damage|p2a: Lanturn|379\/453\n|-damage|p1a: Greninja|222\/285|[from] item: Life Orb\n|\n|-heal|p2a: Lanturn|407\/453|[from] item: Leftovers\n|upkeep\n|turn|11\n|choice|move gunkshot|move toxic\n|\n|move|p1a: Greninja|Gunk Shot|p2a: Lanturn\n|-start|p1a: Greninja|typechange|Poison|[from] Protean\n|-damage|p2a: Lanturn|146\/453\n|-damage|p1a: Greninja|194\/285|[from] item: Life Orb\n|move|p2a: Lanturn|Toxic|p1a: Greninja\n|-immune|p1a: Greninja|[msg]\n|\n|-heal|p2a: Lanturn|174\/453|[from] item: Leftovers\n|upkeep\n|turn|12\n|choice|move spikes|move voltswitch\n|\n|move|p1a: Greninja|Spikes|p2a: Lanturn\n|-start|p1a: Greninja|typechange|Ground|[from] Protean\n|-sidestart|p2: Dankest Lyriat|Spikes\n|move|p2a: Lanturn|Volt Switch|p1a: Greninja\n|-immune|p1a: Greninja|[msg]\n|\n|-heal|p2a: Lanturn|202\/453|[from] item: Leftovers\n|upkeep\n|turn|13\n|c|\u2606Dankest Lyriat|lucky bastard\n|choice|move gunkshot|move scald\n|\n|move|p1a: Greninja|Gunk Shot|p2a: Lanturn|[miss]\n|-start|p1a: Greninja|typechange|Poison|[from] Protean\n|-miss|p1a: Greninja|p2a: Lanturn\n|move|p2a: Lanturn|Scald|p1a: Greninja\n|-damage|p1a: Greninja|88\/285\n|\n|-heal|p2a: Lanturn|230\/453|[from] item: Leftovers\n|upkeep\n|turn|14\n|choice|move gunkshot|move scald\n|\n|move|p1a: Greninja|Gunk Shot|p2a: Lanturn|[miss]\n|-miss|p1a: Greninja|p2a: Lanturn\n|move|p2a: Lanturn|Scald|p1a: Greninja\n|-damage|p1a: Greninja|0 fnt\n|faint|p1a: Greninja\n|\n|-heal|p2a: Lanturn|258\/453|[from] item: Leftovers\n|upkeep\n|c|\u2606hauntersnightmare|lmao ok pal\n|choice|switch 6|\n|\n|switch|p1a: Magearna|Magearna|64\/364\n|-damage|p1a: Magearna|42\/364|[from] Stealth Rock\n|turn|15\n|c|\u2606Dankest Lyriat|yeah like it was actually planned\n|choice|move trickroom|move scald\n|\n|move|p2a: Lanturn|Scald|p1a: Magearna\n|-damage|p1a: Magearna|0 fnt\n|faint|p1a: Magearna\n|\n|-heal|p2a: Lanturn|286\/453|[from] item: Leftovers\n|upkeep\n|c|\u2606hauntersnightmare|what are you even talking about\n|choice|switch 2|\n|\n|switch|p1a: Marowak|Marowak-Alola, M|297\/297\n|-damage|p1a: Marowak|223\/297|[from] Stealth Rock\n|turn|16\n|choice|move shadowbone|switch 4\n|\n|switch|p2a: Landorus|Landorus-Therian, M|158\/381 brn\n|-ability|p2a: Landorus|Intimidate|boost\n|-unboost|p1a: Marowak|atk|1\n|move|p1a: Marowak|Shadow Bone|p2a: Landorus\n|-damage|p2a: Landorus|26\/381 brn\n|\n|-damage|p2a: Landorus|3\/381 brn|[from] brn\n|upkeep\n|turn|17\n|c|\u2606Dankest Lyriat|toxic\n|c|\u2606Dankest Lyriat|in a poison tyoe\n|c|\u2606Dankest Lyriat|protean change\n|c|\u2606hauntersnightmare|you stayed in on ninja like an idiot\n|c|\u2606Dankest Lyriat|and volt switch in a ground\n|c|\u2606hauntersnightmare|i don't care what move you pick\n|c|\u2606Dankest Lyriat|cuase spike\n|c|\u2606hauntersnightmare|the spikes was being cheeky\n|c|\u2606hauntersnightmare|you win this, you have lanturn\n|choice|switch 4|move uturn\n|\n|switch|p1a: Rotom|Rotom-Wash|285\/304 tox\n|-damage|p1a: Rotom|247\/304 tox|[from] Stealth Rock\n|move|p2a: Landorus|U-turn|p1a: Rotom\n|-damage|p1a: Rotom|222\/304 tox\n|c|\u2606hauntersnightmare|and you talk trash anyways\n|choice||switch 2\n|\n|switch|p2a: Tapu Bulu|Tapu Bulu|282\/282\n|-damage|p2a: Tapu Bulu|247\/282|[from] Spikes\n|-fieldstart|move: Grassy Terrain|[from] ability: Grassy Surge|[of] p2a: Tapu Bulu\n|\n|-heal|p1a: Rotom|241\/304 tox|[from] item: Leftovers\n|-heal|p2a: Tapu Bulu|264\/282|[from] Grassy Terrain\n|-damage|p1a: Rotom|222\/304 tox|[from] psn\n|upkeep\n|turn|18\n|choice|move painsplit|move hornleech\n|\n|move|p2a: Tapu Bulu|Horn Leech|p1a: Rotom\n|-supereffective|p1a: Rotom\n|-crit|p1a: Rotom\n|-damage|p1a: Rotom|0 fnt\n|-heal|p2a: Tapu Bulu|282\/282|[from] drain|[of] p1a: Rotom\n|faint|p1a: Rotom\n|\n|upkeep\n|choice|switch 4|\n|\n|switch|p1a: Marowak|Marowak-Alola, M|223\/297\n|-damage|p1a: Marowak|149\/297|[from] Stealth Rock\n|turn|19\n|c|\u2606Dankest Lyriat|gg easy\n|choice|move stealthrock|switch 2\n|\n|switch|p2a: Landorus|Landorus-Therian, M|3\/381 brn\n|-ability|p2a: Landorus|Intimidate|boost\n|-unboost|p1a: Marowak|atk|1\n|move|p1a: Marowak|Stealth Rock|p2a: Landorus\n|-sidestart|p2: Dankest Lyriat|move: Stealth Rock\n|\n|-heal|p1a: Marowak|167\/297|[from] Grassy Terrain\n|-damage|p2a: Landorus|0 fnt|[from] brn\n|upkeep\n|faint|p2a: Landorus\n|choice||switch 4\n|\n|switch|p2a: Lanturn|Lanturn, M|286\/453\n|-damage|p2a: Lanturn|230\/453|[from] Spikes\n|-damage|p2a: Lanturn|174\/453|[from] Stealth Rock\n|turn|20\n|choice|move shadowbone|move scald\n|\n|move|p1a: Marowak|Shadow Bone|p2a: Lanturn\n|-damage|p2a: Lanturn|0 fnt\n|faint|p2a: Lanturn\n|\n|-heal|p1a: Marowak|185\/297|[from] Grassy Terrain\n|upkeep\n|c|\u2606hauntersnightmare|you do realize I've won right?\n|choice||switch 3\n|\n|switch|p2a: Jirachi|Jirachi|341\/341\n|-damage|p2a: Jirachi|299\/341|[from] Spikes\n|-damage|p2a: Jirachi|278\/341|[from] Stealth Rock\n|turn|21\n|choice|move firepunch|move hiddenpower\n|\n|move|p2a: Jirachi|Hidden Power|p1a: Marowak\n|-supereffective|p1a: Marowak\n|-damage|p1a: Marowak|17\/297\n|move|p1a: Marowak|Fire Punch|p2a: Jirachi\n|-supereffective|p2a: Jirachi\n|-crit|p2a: Jirachi\n|-damage|p2a: Jirachi|0 fnt\n|faint|p2a: Jirachi\n|\n|-heal|p1a: Marowak|35\/297|[from] Grassy Terrain\n|-fieldend|move: Grassy Terrain\n|upkeep\n|c|\u2606hauntersnightmare|dumbass\n|c|\u2606hauntersnightmare|lol\n|choice||switch 5\n|\n|switch|p2a: Pheromosa|Pheromosa|255\/283\n|-damage|p2a: Pheromosa|220\/283|[from] Stealth Rock\n|-damage|p2a: Pheromosa|185\/283|[from] Spikes\n|turn|22\n|c|\u2606hauntersnightmare|you're so bad you can't even see it coming a mile away\n|choice|move firepunch|move uturn\n|\n|move|p2a: Pheromosa|U-turn|p1a: Marowak\n|-resisted|p1a: Marowak\n|-damage|p1a: Marowak|0 fnt\n|-damage|p2a: Pheromosa|157\/283|[from] item: Life Orb\n|faint|p1a: Marowak\n|-ability|p2a: Pheromosa|Beast Boost|boost\n|-boost|p2a: Pheromosa|spe|1\n|choice||switch 2\n|\n|switch|p2a: Tapu Bulu|Tapu Bulu|282\/282\n|-damage|p2a: Tapu Bulu|247\/282|[from] Spikes\n|-damage|p2a: Tapu Bulu|212\/282|[from] Stealth Rock\n|-fieldstart|move: Grassy Terrain|[from] ability: Grassy Surge|[of] p2a: Tapu Bulu\n|\n|-heal|p2a: Tapu Bulu|229\/282|[from] Grassy Terrain\n|upkeep\n|choice|switch 5|\n|\n|switch|p1a: Tapu Koko|Tapu Koko|281\/281\n|-damage|p1a: Tapu Koko|246\/281|[from] Stealth Rock\n|-fieldstart|move: Electric Terrain|[from] ability: Electric Surge|[of] p1a: Tapu Koko\n|turn|23\n|c|\u2606Dankest Lyriat|i said gg easy\n|choice|move thunderbolt|move woodhammer\n|\n|move|p1a: Tapu Koko|Thunderbolt|p2a: Tapu Bulu\n|-resisted|p2a: Tapu Bulu\n|-damage|p2a: Tapu Bulu|122\/282\n|move|p2a: Tapu Bulu|Wood Hammer|p1a: Tapu Koko\n|-damage|p1a: Tapu Koko|0 fnt\n|-damage|p2a: Tapu Bulu|41\/282|[from] recoil|[of] p1a: Tapu Koko\n|faint|p1a: Tapu Koko\n|\n|win|Dankest Lyriat\n|player|p1\n|player|p2\n|raw|hauntersnightmare's rating: 1403 &rarr; <strong>1378<\/strong><br \/>(-25 for losing)\n|raw|Dankest Lyriat's rating: 1319 &rarr; <strong>1344<\/strong><br \/>(+25 for winning)\n|l|hauntersnightmare","inputlog":null,"uploadtime":1488945654,"views":1,"p1id":"hauntersnightmare","p2id":"dankestlyriat","formatid":"gen7ou","rating":1344,"private":0,"password":null}