{"id":"gen8nu-1683463241","p1":"Action wasmand","p2":"MurderousMantyke","format":"gen8nu","log":"|j|\u2606Action wasmand\n|j|\u2606MurderousMantyke\n|t:|1665527247\n|gametype|singles\n|player|p1|Action wasmand|lady-gen4|\n|player|p2|MurderousMantyke|#helpstaffxmas|\n|teamsize|p1|6\n|teamsize|p2|6\n|gen|8\n|tier|[Gen 8] NU\n|rated|Tournament battle\n|rule|Sleep Clause Mod: Limit one foe put to sleep\n|rule|Species Clause: Limit one of each Pok\u00e9mon\n|rule|OHKO Clause: OHKO moves are banned\n|rule|Evasion Items Clause: Evasion items are banned\n|rule|Evasion Moves Clause: Evasion moves are banned\n|rule|Endless Battle Clause: Forcing endless battles is banned\n|rule|HP Percentage Mod: HP is shown in percentages\n|rule|Dynamax Clause: You cannot dynamax\n|clearpoke\n|poke|p1|Stakataka|\n|poke|p1|Silvally-*|\n|poke|p1|Snorlax, M|\n|poke|p1|Articuno-Galar|\n|poke|p1|Tangela, F|\n|poke|p1|Inteleon, M|\n|poke|p2|Salazzle, F|\n|poke|p2|Exeggutor-Alola, M|\n|poke|p2|Stakataka|\n|poke|p2|Gastrodon-East, F|\n|poke|p2|Sylveon, M|\n|poke|p2|Rotom-Mow|\n|teampreview\n|j|*BB-8-NU\n|c|\u2606MurderousMantyke|hf\n|j|+Catalisador\n|c|+Catalisador|hf 2 both\n|c|\u2606Action wasmand|hf\n|c|\u2606MurderousMantyke|sry for the wait i was in a 108 tour araquanid 1v1\n|c|\u2606MurderousMantyke|*turn\n|c|\u2606Action wasmand|i just finished\n|c|\u2606Action wasmand|my own game\n|c|\u2606MurderousMantyke|ah perfect\n|\n|t:|1665527285\n|start\n|switch|p1a: Articuno|Articuno-Galar|100\/100\n|switch|p2a: Exeggutor|Exeggutor-Alola, M|100\/100\n|turn|1\n|\n|t:|1665527292\n|switch|p2a: Stakataka|Stakataka|100\/100\n|move|p1a: Articuno|Future Sight|p2a: Stakataka\n|-start|p1a: Articuno|move: Future Sight\n|\n|upkeep\n|turn|2\n|\n|t:|1665527324\n|move|p1a: Articuno|U-turn|p2a: Stakataka\n|-resisted|p2a: Stakataka\n|-damage|p2a: Stakataka|97\/100\n|\n|t:|1665527329\n|switch|p1a: Silvally|Silvally-Ground|100\/100|[from]move: U-turn\n|move|p2a: Stakataka|Toxic|p1a: Silvally\n|-status|p1a: Silvally|tox\n|\n|-heal|p2a: Stakataka|100\/100|[from] item: Leftovers\n|-damage|p1a: Silvally|94\/100 tox|[from] psn\n|upkeep\n|turn|3\n|\n|t:|1665527336\n|switch|p2a: Gastrodon|Gastrodon-East, F|100\/100\n|move|p1a: Silvally|Multi-Attack|p2a: Gastrodon\n|-damage|p2a: Gastrodon|60\/100\n|\n|-end|p2a: Gastrodon|move: Future Sight\n|-damage|p2a: Gastrodon|15\/100\n|-heal|p2a: Gastrodon|21\/100|[from] item: Leftovers\n|-damage|p1a: Silvally|82\/100 tox|[from] psn\n|upkeep\n|turn|4\n|\n|t:|1665527350\n|switch|p1a: Tangela|Tangela, F|100\/100\n|move|p2a: Gastrodon|Recover|p2a: Gastrodon\n|-heal|p2a: Gastrodon|71\/100\n|\n|-heal|p2a: Gastrodon|77\/100|[from] item: Leftovers\n|upkeep\n|turn|5\n|j| ebnula\n|\n|t:|1665527364\n|move|p1a: Tangela|Knock Off|p2a: Gastrodon\n|-damage|p2a: Gastrodon|66\/100\n|-enditem|p2a: Gastrodon|Leftovers|[from] move: Knock Off|[of] p1a: Tangela\n|move|p2a: Gastrodon|Toxic|p1a: Tangela\n|-status|p1a: Tangela|tox\n|\n|-damage|p1a: Tangela|95\/100 tox|[from] psn\n|upkeep\n|turn|6\n|j| Ziozkz\n|j| Slampony\n|j| 85percent\n|\n|t:|1665527447\n|switch|p1a: Snorlax|Snorlax, M|100\/100\n|switch|p2a: Stakataka|Stakataka|100\/100\n|\n|upkeep\n|turn|7\n|l|+Catalisador\n|\n|t:|1665527453\n|move|p1a: Snorlax|Curse|p1a: Snorlax\n|-unboost|p1a: Snorlax|spe|1\n|-boost|p1a: Snorlax|atk|1\n|-boost|p1a: Snorlax|def|1\n|move|p2a: Stakataka|Stealth Rock|p1a: Snorlax\n|-sidestart|p1: Action wasmand|move: Stealth Rock\n|\n|upkeep\n|turn|8\n|\n|t:|1665527456\n|move|p1a: Snorlax|Earthquake|p2a: Stakataka\n|-supereffective|p2a: Stakataka\n|-damage|p2a: Stakataka|0 fnt\n|faint|p2a: Stakataka\n|\n|upkeep\n|\n|t:|1665527459\n|switch|p2a: Exeggutor|Exeggutor-Alola, M|100\/100\n|turn|9\n|l| Slampony\n|\n|t:|1665527474\n|switch|p1a: Articuno|Articuno-Galar|100\/100\n|move|p2a: Exeggutor|Teleport|p2a: Exeggutor\n|\n|t:|1665527477\n|switch|p2a: Rotom|Rotom-Mow|100\/100|[from]move: Teleport\n|\n|upkeep\n|turn|10\n|j| joey milktank\n|\n|t:|1665527483\n|switch|p1a: Silvally|Silvally-Ground|82\/100 tox\n|-damage|p1a: Silvally|76\/100 tox|[from] Stealth Rock\n|move|p2a: Rotom|Leaf Storm|p1a: Silvally\n|-supereffective|p1a: Silvally\n|-damage|p1a: Silvally|0 fnt\n|-unboost|p2a: Rotom|spa|2\n|faint|p1a: Silvally\n|\n|upkeep\n|\n|t:|1665527485\n|switch|p1a: Articuno|Articuno-Galar|100\/100\n|turn|11\n|\n|t:|1665527488\n|switch|p2a: Gastrodon|Gastrodon-East, F|66\/100\n|move|p1a: Articuno|Future Sight|p2a: Gastrodon\n|-start|p1a: Articuno|move: Future Sight\n|\n|upkeep\n|turn|12\n|\n|t:|1665527492\n|move|p1a: Articuno|U-turn|p2a: Gastrodon\n|-damage|p2a: Gastrodon|56\/100\n|\n|t:|1665527493\n|switch|p1a: Snorlax|Snorlax, M|100\/100|[from]move: U-turn\n|-damage|p1a: Snorlax|88\/100|[from] Stealth Rock\n|move|p2a: Gastrodon|Recover|p2a: Gastrodon\n|-heal|p2a: Gastrodon|100\/100\n|\n|-heal|p1a: Snorlax|94\/100|[from] item: Leftovers\n|upkeep\n|turn|13\n|\n|t:|1665527498\n|move|p2a: Gastrodon|Toxic|p1a: Snorlax\n|-immune|p1a: Snorlax|[from] ability: Immunity\n|move|p1a: Snorlax|Curse|p1a: Snorlax\n|-unboost|p1a: Snorlax|spe|1\n|-boost|p1a: Snorlax|atk|1\n|-boost|p1a: Snorlax|def|1\n|\n|-end|p2a: Gastrodon|move: Future Sight\n|-damage|p2a: Gastrodon|54\/100\n|-heal|p1a: Snorlax|100\/100|[from] item: Leftovers\n|upkeep\n|turn|14\n|\n|t:|1665527501\n|move|p2a: Gastrodon|Scald|p1a: Snorlax\n|-damage|p1a: Snorlax|87\/100\n|move|p1a: Snorlax|Curse|p1a: Snorlax\n|-unboost|p1a: Snorlax|spe|1\n|-boost|p1a: Snorlax|atk|1\n|-boost|p1a: Snorlax|def|1\n|\n|-heal|p1a: Snorlax|93\/100|[from] item: Leftovers\n|upkeep\n|turn|15\n|\n|t:|1665527505\n|move|p2a: Gastrodon|Scald|p1a: Snorlax\n|-damage|p1a: Snorlax|79\/100\n|move|p1a: Snorlax|Facade|p2a: Gastrodon\n|-damage|p2a: Gastrodon|0 fnt\n|faint|p2a: Gastrodon\n|\n|-heal|p1a: Snorlax|85\/100|[from] item: Leftovers\n|upkeep\n|\n|t:|1665527509\n|switch|p2a: Rotom|Rotom-Mow|100\/100\n|turn|16\n|j| Jelly cookie\n|\n|t:|1665527514\n|move|p2a: Rotom|Trick|p1a: Snorlax\n|-activate|p2a: Rotom|move: Trick|[of] p1a: Snorlax\n|-item|p1a: Snorlax|Choice Scarf|[from] move: Trick\n|-item|p2a: Rotom|Leftovers|[from] move: Trick\n|move|p1a: Snorlax|Facade|p2a: Rotom\n|-damage|p2a: Rotom|0 fnt\n|faint|p2a: Rotom\n|\n|upkeep\n|\n|t:|1665527520\n|switch|p2a: Sylveon|Sylveon, M|100\/100\n|turn|17\n|\n|t:|1665527522\n|move|p2a: Sylveon|Wish|p2a: Sylveon\n|move|p1a: Snorlax|Facade|p2a: Sylveon\n|-damage|p2a: Sylveon|47\/100\n|\n|-heal|p2a: Sylveon|53\/100|[from] item: Leftovers\n|upkeep\n|turn|18\n|\n|t:|1665527529\n|switch|p1a: Stakataka|Stakataka|100\/100\n|-damage|p1a: Stakataka|94\/100|[from] Stealth Rock\n|move|p2a: Sylveon|Protect||[still]\n|-fail|p2a: Sylveon\n|\n|-heal|p2a: Sylveon|100\/100|[from] move: Wish|[wisher] Sylveon\n|-heal|p1a: Stakataka|100\/100|[from] item: Leftovers\n|upkeep\n|turn|19\n|\n|t:|1665527535\n|switch|p2a: Exeggutor|Exeggutor-Alola, M|100\/100\n|move|p1a: Stakataka|Toxic|p2a: Exeggutor\n|-status|p2a: Exeggutor|tox\n|\n|-damage|p2a: Exeggutor|94\/100 tox|[from] psn\n|upkeep\n|turn|20\n|\n|t:|1665527542\n|move|p2a: Exeggutor|Giga Drain|p1a: Stakataka\n|-damage|p1a: Stakataka|67\/100\n|-heal|p2a: Exeggutor|100\/100 tox|[from] drain|[of] p1a: Stakataka\n|move|p1a: Stakataka|Stealth Rock|p2a: Exeggutor\n|-sidestart|p2: MurderousMantyke|move: Stealth Rock\n|\n|-heal|p1a: Stakataka|73\/100|[from] item: Leftovers\n|-damage|p2a: Exeggutor|88\/100 tox|[from] psn\n|upkeep\n|turn|21\n|\n|t:|1665527548\n|switch|p1a: Articuno|Articuno-Galar|100\/100\n|move|p2a: Exeggutor|Draco Meteor|p1a: Articuno\n|-damage|p1a: Articuno|34\/100\n|-unboost|p2a: Exeggutor|spa|2\n|\n|-damage|p2a: Exeggutor|70\/100 tox|[from] psn\n|upkeep\n|turn|22\n|\n|t:|1665527553\n|move|p1a: Articuno|Recover|p1a: Articuno\n|-heal|p1a: Articuno|84\/100\n|move|p2a: Exeggutor|Giga Drain|p1a: Articuno\n|-resisted|p1a: Articuno\n|-damage|p1a: Articuno|75\/100\n|-heal|p2a: Exeggutor|75\/100 tox|[from] drain|[of] p1a: Articuno\n|\n|-damage|p2a: Exeggutor|51\/100 tox|[from] psn\n|upkeep\n|turn|23\n|l| 85percent\n|\n|t:|1665527571\n|switch|p2a: Sylveon|Sylveon, M|100\/100\n|-damage|p2a: Sylveon|88\/100|[from] Stealth Rock\n|move|p1a: Articuno|Future Sight|p2a: Sylveon\n|-start|p1a: Articuno|move: Future Sight\n|\n|-heal|p2a: Sylveon|94\/100|[from] item: Leftovers\n|upkeep\n|turn|24\n|\n|t:|1665527580\n|move|p1a: Articuno|Recover|p1a: Articuno\n|-heal|p1a: Articuno|100\/100\n|move|p2a: Sylveon|Heal Bell|p2a: Sylveon\n|-activate|p2a: Sylveon|move: Heal Bell\n|-curestatus|p2: Exeggutor|tox|[msg]\n|\n|-heal|p2a: Sylveon|99\/100|[from] item: Leftovers\n|upkeep\n|turn|25\n|\n|t:|1665527587\n|move|p1a: Articuno|Hurricane|p2a: Sylveon\n|-crit|p2a: Sylveon\n|-damage|p2a: Sylveon|48\/100\n|move|p2a: Sylveon|Wish|p2a: Sylveon\n|\n|-end|p2a: Sylveon|move: Future Sight\n|-damage|p2a: Sylveon|14\/100\n|-heal|p2a: Sylveon|20\/100|[from] item: Leftovers\n|upkeep\n|turn|26\n|\n|t:|1665527593\n|move|p1a: Articuno|Future Sight|p2a: Sylveon\n|-start|p1a: Articuno|move: Future Sight\n|move|p2a: Sylveon|Hyper Voice|p1a: Articuno\n|-damage|p1a: Articuno|62\/100\n|\n|-heal|p2a: Sylveon|70\/100|[from] move: Wish|[wisher] Sylveon\n|-heal|p2a: Sylveon|76\/100|[from] item: Leftovers\n|upkeep\n|turn|27\n|\n|t:|1665527598\n|move|p1a: Articuno|Hurricane|p2a: Sylveon\n|-damage|p2a: Sylveon|44\/100\n|-start|p2a: Sylveon|confusion\n|-activate|p2a: Sylveon|confusion\n|move|p2a: Sylveon|Wish|p2a: Sylveon\n|\n|-heal|p2a: Sylveon|50\/100|[from] item: Leftovers\n|upkeep\n|turn|28\n|\n|t:|1665527605\n|-activate|p2a: Sylveon|confusion\n|move|p2a: Sylveon|Protect|p2a: Sylveon\n|-singleturn|p2a: Sylveon|Protect\n|move|p1a: Articuno|Recover|p1a: Articuno\n|-heal|p1a: Articuno|100\/100\n|\n|-end|p2a: Sylveon|move: Future Sight\n|-damage|p2a: Sylveon|11\/100\n|-heal|p2a: Sylveon|61\/100|[from] move: Wish|[wisher] Sylveon\n|-heal|p2a: Sylveon|67\/100|[from] item: Leftovers\n|upkeep\n|turn|29\n|\n|t:|1665527614\n|move|p1a: Articuno|Future Sight|p2a: Sylveon\n|-start|p1a: Articuno|move: Future Sight\n|-activate|p2a: Sylveon|confusion\n|move|p2a: Sylveon|Wish|p2a: Sylveon\n|\n|-heal|p2a: Sylveon|73\/100|[from] item: Leftovers\n|upkeep\n|turn|30\n|\n|t:|1665527621\n|-end|p2a: Sylveon|confusion\n|move|p2a: Sylveon|Protect|p2a: Sylveon\n|-singleturn|p2a: Sylveon|Protect\n|move|p1a: Articuno|U-turn|p2a: Sylveon\n|-activate|p2a: Sylveon|move: Protect\n|\n|-heal|p2a: Sylveon|100\/100|[from] move: Wish|[wisher] Sylveon\n|upkeep\n|turn|31\n|l| ebnula\n|\n|t:|1665527629\n|move|p1a: Articuno|U-turn|p2a: Sylveon\n|-resisted|p2a: Sylveon\n|-damage|p2a: Sylveon|96\/100\n|\n|t:|1665527631\n|switch|p1a: Stakataka|Stakataka|73\/100|[from]move: U-turn\n|-damage|p1a: Stakataka|67\/100|[from] Stealth Rock\n|move|p2a: Sylveon|Hyper Voice|p1a: Stakataka\n|-resisted|p1a: Stakataka\n|-damage|p1a: Stakataka|51\/100\n|\n|-end|p2a: Sylveon|move: Future Sight\n|-crit|p2a: Sylveon\n|-damage|p2a: Sylveon|40\/100\n|-heal|p2a: Sylveon|46\/100|[from] item: Leftovers\n|-heal|p1a: Stakataka|58\/100|[from] item: Leftovers\n|upkeep\n|turn|32\n|\n|t:|1665527638\n|switch|p2a: Exeggutor|Exeggutor-Alola, M|51\/100\n|-damage|p2a: Exeggutor|39\/100|[from] Stealth Rock\n|-enditem|p2a: Exeggutor|Sitrus Berry|[eat]\n|-heal|p2a: Exeggutor|64\/100|[from] item: Sitrus Berry\n|move|p1a: Stakataka|Heavy Slam|p2a: Exeggutor\n|-damage|p2a: Exeggutor|44\/100\n|\n|-heal|p1a: Stakataka|64\/100|[from] item: Leftovers\n|-item|p2a: Exeggutor|Sitrus Berry|[from] ability: Harvest\n|upkeep\n|-enditem|p2a: Exeggutor|Sitrus Berry|[eat]\n|-heal|p2a: Exeggutor|69\/100|[from] item: Sitrus Berry\n|turn|33\n|\n|t:|1665527645\n|switch|p1a: Articuno|Articuno-Galar|100\/100\n|move|p2a: Exeggutor|Teleport|p2a: Exeggutor\n|\n|t:|1665527648\n|switch|p2a: Sylveon|Sylveon, M|46\/100|[from]move: Teleport\n|-damage|p2a: Sylveon|33\/100|[from] Stealth Rock\n|\n|-heal|p2a: Sylveon|40\/100|[from] item: Leftovers\n|upkeep\n|turn|34\n|\n|t:|1665527653\n|move|p1a: Articuno|Future Sight|p2a: Sylveon\n|-start|p1a: Articuno|move: Future Sight\n|move|p2a: Sylveon|Wish|p2a: Sylveon\n|\n|-heal|p2a: Sylveon|46\/100|[from] item: Leftovers\n|upkeep\n|turn|35\n|\n|t:|1665527663\n|move|p1a: Articuno|U-turn|p2a: Sylveon\n|-resisted|p2a: Sylveon\n|-damage|p2a: Sylveon|40\/100\n|\n|t:|1665527665\n|switch|p1a: Stakataka|Stakataka|64\/100|[from]move: U-turn\n|-damage|p1a: Stakataka|58\/100|[from] Stealth Rock\n|move|p2a: Sylveon|Hyper Voice|p1a: Stakataka\n|-resisted|p1a: Stakataka\n|-crit|p1a: Stakataka\n|-damage|p1a: Stakataka|34\/100\n|\n|-heal|p2a: Sylveon|90\/100|[from] move: Wish|[wisher] Sylveon\n|-heal|p2a: Sylveon|96\/100|[from] item: Leftovers\n|-heal|p1a: Stakataka|40\/100|[from] item: Leftovers\n|upkeep\n|turn|36\n|\n|t:|1665527670\n|switch|p2a: Exeggutor|Exeggutor-Alola, M|69\/100\n|-damage|p2a: Exeggutor|57\/100|[from] Stealth Rock\n|move|p1a: Stakataka|Toxic|p2a: Exeggutor\n|-status|p2a: Exeggutor|tox\n|\n|-end|p2a: Exeggutor|move: Future Sight\n|-damage|p2a: Exeggutor|0 fnt\n|faint|p2a: Exeggutor\n|-heal|p1a: Stakataka|46\/100|[from] item: Leftovers\n|upkeep\n|\n|t:|1665527676\n|switch|p2a: Salazzle|Salazzle, F|100\/100\n|turn|37\n|\n|t:|1665527682\n|switch|p1a: Snorlax|Snorlax, M|85\/100\n|-damage|p1a: Snorlax|73\/100|[from] Stealth Rock\n|move|p2a: Salazzle|Nasty Plot|p2a: Salazzle\n|-boost|p2a: Salazzle|spa|2\n|\n|upkeep\n|turn|38\n|\n|t:|1665527686\n|switch|p2a: Sylveon|Sylveon, M|96\/100\n|-damage|p2a: Sylveon|84\/100|[from] Stealth Rock\n|move|p1a: Snorlax|Earthquake|p2a: Sylveon\n|-damage|p2a: Sylveon|55\/100\n|\n|-heal|p2a: Sylveon|61\/100|[from] item: Leftovers\n|upkeep\n|turn|39\n|\n|t:|1665527694\n|switch|p1a: Articuno|Articuno-Galar|100\/100\n|move|p2a: Sylveon|Wish|p2a: Sylveon\n|\n|-heal|p2a: Sylveon|67\/100|[from] item: Leftovers\n|upkeep\n|turn|40\n|l| Jelly cookie\n|\n|t:|1665527698\n|move|p1a: Articuno|Future Sight|p2a: Sylveon\n|-start|p1a: Articuno|move: Future Sight\n|move|p2a: Sylveon|Hyper Voice|p1a: Articuno\n|-damage|p1a: Articuno|64\/100\n|\n|-heal|p2a: Sylveon|100\/100|[from] move: Wish|[wisher] Sylveon\n|upkeep\n|turn|41\n|\n|t:|1665527704\n|move|p1a: Articuno|Hurricane|p2a: Sylveon\n|-damage|p2a: Sylveon|68\/100\n|-start|p2a: Sylveon|confusion\n|-activate|p2a: Sylveon|confusion\n|move|p2a: Sylveon|Wish|p2a: Sylveon\n|\n|-heal|p2a: Sylveon|74\/100|[from] item: Leftovers\n|upkeep\n|turn|42\n|\n|t:|1665527713\n|move|p1a: Articuno|Recover|p1a: Articuno\n|-heal|p1a: Articuno|100\/100\n|-activate|p2a: Sylveon|confusion\n|move|p2a: Sylveon|Hyper Voice|p1a: Articuno\n|-damage|p1a: Articuno|62\/100\n|\n|-end|p2a: Sylveon|move: Future Sight\n|-damage|p2a: Sylveon|35\/100\n|-heal|p2a: Sylveon|85\/100|[from] move: Wish|[wisher] Sylveon\n|-heal|p2a: Sylveon|91\/100|[from] item: Leftovers\n|upkeep\n|turn|43\n|\n|t:|1665527723\n|move|p1a: Articuno|Future Sight|p2a: Sylveon\n|-start|p1a: Articuno|move: Future Sight\n|-end|p2a: Sylveon|confusion\n|move|p2a: Sylveon|Hyper Voice|p1a: Articuno\n|-damage|p1a: Articuno|25\/100\n|\n|-heal|p2a: Sylveon|97\/100|[from] item: Leftovers\n|upkeep\n|turn|44\n|\n|t:|1665527728\n|move|p1a: Articuno|Recover|p1a: Articuno\n|-heal|p1a: Articuno|75\/100\n|move|p2a: Sylveon|Hyper Voice|p1a: Articuno\n|-damage|p1a: Articuno|38\/100\n|\n|-heal|p2a: Sylveon|100\/100|[from] item: Leftovers\n|upkeep\n|turn|45\n|\n|t:|1665527732\n|move|p2a: Sylveon|Protect|p2a: Sylveon\n|-singleturn|p2a: Sylveon|Protect\n|move|p1a: Articuno|Recover|p1a: Articuno\n|-heal|p1a: Articuno|88\/100\n|\n|-end|p2a: Sylveon|move: Future Sight\n|-damage|p2a: Sylveon|61\/100\n|-heal|p2a: Sylveon|68\/100|[from] item: Leftovers\n|upkeep\n|turn|46\n|\n|t:|1665527737\n|move|p1a: Articuno|Future Sight|p2a: Sylveon\n|-start|p1a: Articuno|move: Future Sight\n|move|p2a: Sylveon|Hyper Voice|p1a: Articuno\n|-damage|p1a: Articuno|47\/100\n|\n|-heal|p2a: Sylveon|74\/100|[from] item: Leftovers\n|upkeep\n|turn|47\n|\n|t:|1665527741\n|move|p1a: Articuno|Recover|p1a: Articuno\n|-heal|p1a: Articuno|97\/100\n|move|p2a: Sylveon|Hyper Voice|p1a: Articuno\n|-damage|p1a: Articuno|56\/100\n|\n|-heal|p2a: Sylveon|80\/100|[from] item: Leftovers\n|upkeep\n|turn|48\n|\n|t:|1665527750\n|move|p1a: Articuno|Recover|p1a: Articuno\n|-heal|p1a: Articuno|100\/100\n|move|p2a: Sylveon|Hyper Voice|p1a: Articuno\n|-damage|p1a: Articuno|60\/100\n|\n|-end|p2a: Sylveon|move: Future Sight\n|-damage|p2a: Sylveon|41\/100\n|-heal|p2a: Sylveon|47\/100|[from] item: Leftovers\n|upkeep\n|turn|49\n|\n|t:|1665527754\n|move|p1a: Articuno|Future Sight|p2a: Sylveon\n|-start|p1a: Articuno|move: Future Sight\n|move|p2a: Sylveon|Wish|p2a: Sylveon\n|\n|-heal|p2a: Sylveon|54\/100|[from] item: Leftovers\n|upkeep\n|turn|50\n|\n|t:|1665527758\n|move|p2a: Sylveon|Protect|p2a: Sylveon\n|-singleturn|p2a: Sylveon|Protect\n|move|p1a: Articuno|Recover|p1a: Articuno\n|-heal|p1a: Articuno|100\/100\n|\n|-heal|p2a: Sylveon|100\/100|[from] move: Wish|[wisher] Sylveon\n|upkeep\n|turn|51\n|\n|t:|1665527762\n|switch|p1a: Tangela|Tangela, F|100\/100 tox\n|-damage|p1a: Tangela|88\/100 tox|[from] Stealth Rock\n|move|p2a: Sylveon|Hyper Voice|p1a: Tangela\n|-damage|p1a: Tangela|35\/100 tox\n|\n|-end|p2a: Sylveon|move: Future Sight\n|-damage|p2a: Sylveon|62\/100\n|-heal|p2a: Sylveon|69\/100|[from] item: Leftovers\n|-damage|p1a: Tangela|29\/100 tox|[from] psn\n|upkeep\n|turn|52\n|\n|t:|1665527775\n|move|p2a: Sylveon|Hyper Voice|p1a: Tangela\n|-damage|p1a: Tangela|0 fnt\n|faint|p1a: Tangela\n|\n|-heal|p2a: Sylveon|75\/100|[from] item: Leftovers\n|upkeep\n|\n|t:|1665527779\n|switch|p1a: Stakataka|Stakataka|46\/100\n|-damage|p1a: Stakataka|40\/100|[from] Stealth Rock\n|turn|53\n|\n|t:|1665527784\n|switch|p2a: Salazzle|Salazzle, F|100\/100\n|move|p1a: Stakataka|Heavy Slam|p2a: Salazzle\n|-resisted|p2a: Salazzle\n|-damage|p2a: Salazzle|50\/100\n|\n|-heal|p1a: Stakataka|46\/100|[from] item: Leftovers\n|upkeep\n|turn|54\n|\n|t:|1665527798\n|switch|p1a: Snorlax|Snorlax, M|73\/100\n|-damage|p1a: Snorlax|60\/100|[from] Stealth Rock\n|move|p2a: Salazzle|Fire Blast|p1a: Snorlax\n|-damage|p1a: Snorlax|31\/100\n|\n|upkeep\n|turn|55\n|j| Slampony\n|\n|t:|1665527808\n|move|p2a: Salazzle|Fire Blast|p1a: Snorlax\n|-damage|p1a: Snorlax|1\/100\n|move|p1a: Snorlax|Heat Crash|p2a: Salazzle\n|-resisted|p2a: Salazzle\n|-damage|p2a: Salazzle|15\/100\n|\n|upkeep\n|turn|56\n|\n|t:|1665527813\n|move|p2a: Salazzle|Sludge Bomb|p1a: Snorlax\n|-damage|p1a: Snorlax|0 fnt\n|faint|p1a: Snorlax\n|\n|upkeep\n|\n|t:|1665527817\n|switch|p1a: Inteleon|Inteleon, M|100\/100\n|-damage|p1a: Inteleon|88\/100|[from] Stealth Rock\n|turn|57\n|\n|t:|1665527820\n|move|p1a: Inteleon|Snipe Shot|p2a: Salazzle\n|-supereffective|p2a: Salazzle\n|-crit|p2a: Salazzle\n|-damage|p2a: Salazzle|0 fnt\n|faint|p2a: Salazzle\n|\n|upkeep\n|\n|t:|1665527822\n|switch|p2a: Sylveon|Sylveon, M|75\/100\n|-damage|p2a: Sylveon|62\/100|[from] Stealth Rock\n|turn|58\n|c|\u2606Action wasmand|gg\n|c|\u2606MurderousMantyke|gg fam\n|-message|MurderousMantyke forfeited.\n|\n|win|Action wasmand\n|n|\u2606Action wasmand|actionwasmand\n|n|\u2606MurderousMantyke|murderousmantyke\n|n| BB-8-NU|bb8nu\n|n| Ziozkz|ziozkz\n|n| joey milktank|joeymilktank\n|n| Slampony|slampony\n","uploadtime":1665527831,"views":16,"p1id":"actionwasmand","p2id":"murderousmantyke","formatid":"gen8nu","rating":0,"private":0,"password":null}