{"id":"gen8pu-1506869757","p1":"Ivyon","p2":"WhatEver2102","format":"gen8pu","log":"|j|\u2606Ivyon\n|j|\u2606WhatEver2102\n|t:|1644344894\n|gametype|singles\n|player|p1|Ivyon|blue|1280\n|player|p2|WhatEver2102|veteran|1402\n|teamsize|p1|6\n|teamsize|p2|6\n|gen|8\n|tier|[Gen 8] PU\n|rated|\n|rule|Sleep Clause Mod: Limit one foe put to sleep\n|rule|Species Clause: Limit one of each Pok\u00e9mon\n|rule|OHKO Clause: OHKO moves are banned\n|rule|Evasion Moves Clause: Evasion moves are banned\n|rule|Endless Battle Clause: Forcing endless battles is banned\n|rule|HP Percentage Mod: HP is shown in percentages\n|rule|Dynamax Clause: You cannot dynamax\n|clearpoke\n|poke|p1|Pyukumuku, M|\n|poke|p1|Rotom-Fan|\n|poke|p1|Lurantis, F|\n|poke|p1|Lycanroc-Midnight, M|\n|poke|p1|Malamar, M|\n|poke|p1|Rapidash, F|\n|poke|p2|Articuno-Galar|\n|poke|p2|Aromatisse, F|\n|poke|p2|Frosmoth, M|\n|poke|p2|Togedemaru, F|\n|poke|p2|Hitmonchan, M|\n|poke|p2|Ferroseed, M|\n|teampreview\n|\n|t:|1644344911\n|start\n|switch|p1a: Rapidash|Rapidash, F, shiny|100\/100\n|switch|p2a: Togedemaru|Togedemaru, F|100\/100\n|turn|1\n|\n|t:|1644344923\n|switch|p2a: Articuno|Articuno-Galar|100\/100\n|move|p1a: Rapidash|Flare Blitz|p2a: Articuno\n|-damage|p2a: Articuno|62\/100\n|-damage|p1a: Rapidash|82\/100|[from] Recoil\n|\n|upkeep\n|turn|2\n|\n|t:|1644344929\n|move|p1a: Rapidash|Wild Charge|p2a: Articuno\n|-supereffective|p2a: Articuno\n|-damage|p2a: Articuno|25\/100\n|-damage|p1a: Rapidash|70\/100|[from] Recoil\n|move|p2a: Articuno|Hurricane|p1a: Rapidash\n|-damage|p1a: Rapidash|0 fnt\n|faint|p1a: Rapidash\n|\n|upkeep\n|j| 47474747474O\n|\n|t:|1644344938\n|switch|p1a: Lycanroc|Lycanroc-Midnight, M, shiny|100\/100\n|turn|3\n|\n|t:|1644344944\n|switch|p2a: Ferroseed|Ferroseed, M|100\/100\n|move|p1a: Lycanroc|Stone Edge|p2a: Ferroseed\n|-resisted|p2a: Ferroseed\n|-damage|p2a: Ferroseed|86\/100\n|\n|upkeep\n|turn|4\n|\n|t:|1644344954\n|switch|p1a: Lurantis|Lurantis, F|100\/100\n|move|p2a: Ferroseed|Knock Off|p1a: Lurantis\n|-damage|p1a: Lurantis|86\/100\n|-enditem|p1a: Lurantis|Heavy-Duty Boots|[from] move: Knock Off|[of] p2a: Ferroseed\n|\n|upkeep\n|turn|5\n|\n|t:|1644344963\n|switch|p1a: Lycanroc|Lycanroc-Midnight, M, shiny|100\/100\n|switch|p2a: Articuno|Articuno-Galar|25\/100\n|\n|upkeep\n|turn|6\n|\n|t:|1644344975\n|move|p1a: Lycanroc|Stone Edge|p2a: Articuno\n|-supereffective|p2a: Articuno\n|-damage|p2a: Articuno|0 fnt\n|faint|p2a: Articuno\n|\n|upkeep\n|\n|t:|1644344983\n|switch|p2a: Togedemaru|Togedemaru, F|100\/100\n|turn|7\n|\n|t:|1644344991\n|switch|p1a: Rotom|Rotom-Fan, shiny|100\/100\n|move|p2a: Togedemaru|U-turn|p1a: Rotom\n|-resisted|p1a: Rotom\n|-crit|p1a: Rotom\n|-damage|p1a: Rotom|83\/100\n|-damage|p2a: Togedemaru|84\/100|[from] item: Rocky Helmet|[of] p1a: Rotom\n|\n|t:|1644345002\n|switch|p2a: Frosmoth|Frosmoth, M|100\/100|[from]move: U-turn\n|\n|upkeep\n|turn|8\n|\n|t:|1644345007\n|switch|p1a: Pyukumuku|Pyukumuku, M|100\/100\n|move|p2a: Frosmoth|Quiver Dance|p2a: Frosmoth\n|-boost|p2a: Frosmoth|spa|1\n|-boost|p2a: Frosmoth|spd|1\n|-boost|p2a: Frosmoth|spe|1\n|\n|upkeep\n|turn|9\n|\n|t:|1644345017\n|switch|p2a: Ferroseed|Ferroseed, M|86\/100\n|move|p1a: Pyukumuku|Toxic|p2a: Ferroseed|[miss]\n|-miss|p1a: Pyukumuku|p2a: Ferroseed\n|\n|upkeep\n|turn|10\n|\n|t:|1644345023\n|switch|p1a: Lurantis|Lurantis, F|86\/100\n|move|p2a: Ferroseed|Stealth Rock|p1a: Lurantis\n|-sidestart|p1: Ivyon|move: Stealth Rock\n|\n|upkeep\n|turn|11\n|\n|t:|1644345035\n|switch|p2a: Aromatisse|Aromatisse, F|100\/100\n|move|p1a: Lurantis|Defog|p2a: Aromatisse\n|-unboost|p2a: Aromatisse|evasion|1\n|-sideend|p1: Ivyon|Stealth Rock|[from] move: Defog|[of] p1a: Lurantis\n|\n|upkeep\n|turn|12\n|\n|t:|1644345042\n|move|p1a: Lurantis|Leaf Storm|p2a: Aromatisse\n|-damage|p2a: Aromatisse|62\/100\n|-boost|p1a: Lurantis|spa|2\n|move|p2a: Aromatisse|Toxic|p1a: Lurantis\n|-status|p1a: Lurantis|tox\n|\n|-heal|p2a: Aromatisse|68\/100|[from] item: Leftovers\n|-damage|p1a: Lurantis|80\/100 tox|[from] psn\n|upkeep\n|turn|13\n|\n|t:|1644345051\n|move|p2a: Aromatisse|Protect|p2a: Aromatisse\n|-singleturn|p2a: Aromatisse|Protect\n|move|p1a: Lurantis|Leaf Storm|p2a: Aromatisse\n|-activate|p2a: Aromatisse|move: Protect\n|\n|-heal|p2a: Aromatisse|74\/100|[from] item: Leftovers\n|-damage|p1a: Lurantis|68\/100 tox|[from] psn\n|upkeep\n|turn|14\n|\n|t:|1644345059\n|move|p1a: Lurantis|Aromatherapy|p1a: Lurantis\n|-activate|p1a: Lurantis|move: Aromatherapy\n|-curestatus|p1a: Lurantis|tox|[msg]\n|move|p2a: Aromatisse|Wish|p2a: Aromatisse\n|\n|-heal|p2a: Aromatisse|81\/100|[from] item: Leftovers\n|upkeep\n|turn|15\n|\n|t:|1644345076\n|switch|p1a: Malamar|Malamar, M|100\/100\n|switch|p2a: Hitmonchan|Hitmonchan, M|100\/100\n|\n|upkeep\n|turn|16\n|\n|t:|1644345085\n|move|p2a: Hitmonchan|Drain Punch|p1a: Malamar\n|-damage|p1a: Malamar|53\/100\n|move|p1a: Malamar|Superpower|p2a: Hitmonchan\n|-damage|p2a: Hitmonchan|50\/100\n|-boost|p1a: Malamar|atk|1\n|-boost|p1a: Malamar|def|1\n|\n|upkeep\n|turn|17\n|\n|t:|1644345092\n|move|p2a: Hitmonchan|Drain Punch|p1a: Malamar\n|-damage|p1a: Malamar|22\/100\n|-heal|p2a: Hitmonchan|68\/100|[from] drain|[of] p1a: Malamar\n|move|p1a: Malamar|Superpower|p2a: Hitmonchan\n|-damage|p2a: Hitmonchan|0 fnt\n|-boost|p1a: Malamar|atk|1\n|-boost|p1a: Malamar|def|1\n|faint|p2a: Hitmonchan\n|\n|upkeep\n|\n|t:|1644345102\n|switch|p2a: Togedemaru|Togedemaru, F|84\/100\n|turn|18\n|\n|t:|1644345106\n|switch|p1a: Rotom|Rotom-Fan, shiny|83\/100\n|move|p2a: Togedemaru|U-turn|p1a: Rotom\n|-resisted|p1a: Rotom\n|-damage|p1a: Rotom|72\/100\n|-damage|p2a: Togedemaru|67\/100|[from] item: Rocky Helmet|[of] p1a: Rotom\n|\n|t:|1644345114\n|switch|p2a: Frosmoth|Frosmoth, M|100\/100|[from]move: U-turn\n|\n|upkeep\n|turn|19\n|\n|t:|1644345122\n|switch|p1a: Pyukumuku|Pyukumuku, M|100\/100\n|move|p2a: Frosmoth|Ice Beam|p1a: Pyukumuku\n|-resisted|p1a: Pyukumuku\n|-damage|p1a: Pyukumuku|82\/100\n|\n|-heal|p1a: Pyukumuku|88\/100|[from] item: Leftovers\n|upkeep\n|turn|20\n|\n|t:|1644345132\n|switch|p2a: Togedemaru|Togedemaru, F|67\/100\n|switch|p1a: Malamar|Malamar, M|22\/100\n|\n|upkeep\n|turn|21\n|\n|t:|1644345138\n|switch|p1a: Rotom|Rotom-Fan, shiny|72\/100\n|move|p2a: Togedemaru|U-turn|p1a: Rotom\n|-resisted|p1a: Rotom\n|-damage|p1a: Rotom|60\/100\n|-damage|p2a: Togedemaru|51\/100|[from] item: Rocky Helmet|[of] p1a: Rotom\n|\n|t:|1644345145\n|switch|p2a: Ferroseed|Ferroseed, M|86\/100|[from]move: U-turn\n|\n|upkeep\n|turn|22\n|\n|t:|1644345151\n|switch|p1a: Lurantis|Lurantis, F|68\/100\n|move|p2a: Ferroseed|Stealth Rock|p1a: Lurantis\n|-sidestart|p1: Ivyon|move: Stealth Rock\n|\n|upkeep\n|turn|23\n|\n|t:|1644345156\n|switch|p2a: Frosmoth|Frosmoth, M|100\/100\n|move|p1a: Lurantis|Defog|p2a: Frosmoth\n|-unboost|p2a: Frosmoth|evasion|1\n|-sideend|p1: Ivyon|Stealth Rock|[from] move: Defog|[of] p1a: Lurantis\n|\n|upkeep\n|turn|24\n|\n|t:|1644345162\n|switch|p1a: Pyukumuku|Pyukumuku, M|88\/100\n|move|p2a: Frosmoth|Ice Beam|p1a: Pyukumuku\n|-resisted|p1a: Pyukumuku\n|-damage|p1a: Pyukumuku|70\/100\n|\n|-heal|p1a: Pyukumuku|76\/100|[from] item: Leftovers\n|upkeep\n|turn|25\n|\n|t:|1644345178\n|switch|p2a: Ferroseed|Ferroseed, M|86\/100\n|switch|p1a: Rotom|Rotom-Fan, shiny|60\/100\n|\n|upkeep\n|turn|26\n|\n|t:|1644345185\n|move|p1a: Rotom|Air Slash|p2a: Ferroseed\n|-damage|p2a: Ferroseed|61\/100\n|move|p2a: Ferroseed|Stealth Rock|p1a: Rotom\n|-sidestart|p1: Ivyon|move: Stealth Rock\n|\n|upkeep\n|turn|27\n|\n|t:|1644345190\n|switch|p1a: Lurantis|Lurantis, F|68\/100\n|-damage|p1a: Lurantis|55\/100|[from] Stealth Rock\n|switch|p2a: Aromatisse|Aromatisse, F|81\/100\n|\n|-heal|p2a: Aromatisse|87\/100|[from] item: Leftovers\n|upkeep\n|turn|28\n|j| Kamefuch\n|l| Kamefuch\n|\n|t:|1644345199\n|move|p1a: Lurantis|Defog|p2a: Aromatisse\n|-unboost|p2a: Aromatisse|evasion|1\n|-sideend|p1: Ivyon|Stealth Rock|[from] move: Defog|[of] p1a: Lurantis\n|move|p2a: Aromatisse|Moonblast|p1a: Lurantis\n|-damage|p1a: Lurantis|21\/100\n|\n|-heal|p2a: Aromatisse|93\/100|[from] item: Leftovers\n|upkeep\n|turn|29\n|\n|t:|1644345209\n|switch|p1a: Pyukumuku|Pyukumuku, M|76\/100\n|move|p2a: Aromatisse|Moonblast|p1a: Pyukumuku\n|-damage|p1a: Pyukumuku|53\/100\n|-unboost|p1a: Pyukumuku|spa|1\n|\n|-heal|p2a: Aromatisse|99\/100|[from] item: Leftovers\n|-heal|p1a: Pyukumuku|59\/100|[from] item: Leftovers\n|upkeep\n|turn|30\n|\n|t:|1644345218\n|switch|p2a: Ferroseed|Ferroseed, M|61\/100\n|move|p1a: Pyukumuku|Recover|p1a: Pyukumuku\n|-heal|p1a: Pyukumuku|100\/100\n|\n|upkeep\n|turn|31\n|\n|t:|1644345228\n|switch|p1a: Rotom|Rotom-Fan, shiny|60\/100\n|move|p2a: Ferroseed|Stealth Rock|p1a: Rotom\n|-sidestart|p1: Ivyon|move: Stealth Rock\n|\n|upkeep\n|turn|32\n|\n|t:|1644345237\n|switch|p2a: Frosmoth|Frosmoth, M|100\/100\n|move|p1a: Rotom|Will-O-Wisp|p2a: Frosmoth\n|-status|p2a: Frosmoth|brn\n|\n|-damage|p2a: Frosmoth|94\/100 brn|[from] brn\n|upkeep\n|turn|33\n|\n|t:|1644345245\n|switch|p1a: Pyukumuku|Pyukumuku, M|100\/100\n|-damage|p1a: Pyukumuku|88\/100|[from] Stealth Rock\n|move|p2a: Frosmoth|Giga Drain|p1a: Pyukumuku\n|-supereffective|p1a: Pyukumuku\n|-damage|p1a: Pyukumuku|50\/100\n|-heal|p2a: Frosmoth|100\/100 brn|[from] drain|[of] p1a: Pyukumuku\n|\n|-heal|p1a: Pyukumuku|56\/100|[from] item: Leftovers\n|-damage|p2a: Frosmoth|94\/100 brn|[from] brn\n|upkeep\n|turn|34\n|\n|t:|1644345256\n|switch|p2a: Ferroseed|Ferroseed, M|61\/100\n|move|p1a: Pyukumuku|Recover|p1a: Pyukumuku\n|-heal|p1a: Pyukumuku|100\/100\n|\n|upkeep\n|turn|35\n|\n|t:|1644345267\n|switch|p1a: Lurantis|Lurantis, F|21\/100\n|-damage|p1a: Lurantis|9\/100|[from] Stealth Rock\n|move|p2a: Ferroseed|Spikes|p1a: Lurantis\n|-sidestart|p1: Ivyon|Spikes\n|\n|upkeep\n|turn|36\n|\n|t:|1644345274\n|switch|p2a: Togedemaru|Togedemaru, F|51\/100\n|move|p1a: Lurantis|Defog|p2a: Togedemaru\n|-unboost|p2a: Togedemaru|evasion|1\n|-sideend|p1: Ivyon|Spikes|[from] move: Defog|[of] p1a: Lurantis\n|-sideend|p1: Ivyon|Stealth Rock|[from] move: Defog|[of] p1a: Lurantis\n|\n|upkeep\n|turn|37\n|\n|t:|1644345281\n|switch|p1a: Rotom|Rotom-Fan, shiny|60\/100\n|move|p2a: Togedemaru|U-turn|p1a: Rotom\n|-resisted|p1a: Rotom\n|-damage|p1a: Rotom|48\/100\n|-damage|p2a: Togedemaru|34\/100|[from] item: Rocky Helmet|[of] p1a: Rotom\n|\n|t:|1644345290\n|switch|p2a: Aromatisse|Aromatisse, F|99\/100|[from]move: U-turn\n|\n|-heal|p2a: Aromatisse|100\/100|[from] item: Leftovers\n|upkeep\n|turn|38\n|\n|t:|1644345300\n|switch|p1a: Pyukumuku|Pyukumuku, M|100\/100\n|move|p2a: Aromatisse|Wish|p2a: Aromatisse\n|\n|upkeep\n|turn|39\n|\n|t:|1644345305\n|switch|p2a: Ferroseed|Ferroseed, M|61\/100\n|switch|p1a: Malamar|Malamar, M|22\/100\n|\n|-heal|p2a: Ferroseed|100\/100|[from] move: Wish|[wisher] Aromatisse\n|upkeep\n|turn|40\n|\n|t:|1644345314\n|move|p1a: Malamar|Superpower|p2a: Ferroseed\n|-supereffective|p2a: Ferroseed\n|-damage|p2a: Ferroseed|55\/100\n|-boost|p1a: Malamar|atk|1\n|-boost|p1a: Malamar|def|1\n|-damage|p1a: Malamar|10\/100|[from] ability: Iron Barbs|[of] p2a: Ferroseed\n|move|p2a: Ferroseed|Knock Off|p1a: Malamar\n|-damage|p1a: Malamar|1\/100\n|-enditem|p1a: Malamar|Assault Vest|[from] move: Knock Off|[of] p2a: Ferroseed\n|\n|upkeep\n|turn|41\n|\n|t:|1644345326\n|switch|p2a: Aromatisse|Aromatisse, F|100\/100\n|move|p1a: Malamar|Superpower|p2a: Aromatisse\n|-resisted|p2a: Aromatisse\n|-damage|p2a: Aromatisse|72\/100\n|-boost|p1a: Malamar|atk|1\n|-boost|p1a: Malamar|def|1\n|\n|-heal|p2a: Aromatisse|78\/100|[from] item: Leftovers\n|upkeep\n|turn|42\n|\n|t:|1644345336\n|move|p1a: Malamar|Psycho Cut|p2a: Aromatisse\n|-damage|p2a: Aromatisse|4\/100\n|move|p2a: Aromatisse|Moonblast|p1a: Malamar\n|-supereffective|p1a: Malamar\n|-damage|p1a: Malamar|0 fnt\n|faint|p1a: Malamar\n|\n|-heal|p2a: Aromatisse|10\/100|[from] item: Leftovers\n|upkeep\n|\n|t:|1644345346\n|switch|p1a: Rotom|Rotom-Fan, shiny|48\/100\n|turn|43\n|\n|t:|1644345352\n|move|p2a: Aromatisse|Protect|p2a: Aromatisse\n|-singleturn|p2a: Aromatisse|Protect\n|move|p1a: Rotom|Discharge|p2a: Aromatisse\n|-activate|p2a: Aromatisse|move: Protect\n|\n|-heal|p2a: Aromatisse|16\/100|[from] item: Leftovers\n|upkeep\n|turn|44\n|\n|t:|1644345359\n|move|p1a: Rotom|Air Slash|p2a: Aromatisse\n|-damage|p2a: Aromatisse|0 fnt\n|faint|p2a: Aromatisse\n|\n|upkeep\n|\n|t:|1644345367\n|switch|p2a: Frosmoth|Frosmoth, M|94\/100 brn\n|turn|45\n|\n|t:|1644345373\n|switch|p1a: Pyukumuku|Pyukumuku, M|100\/100\n|move|p2a: Frosmoth|Ice Beam|p1a: Pyukumuku\n|-resisted|p1a: Pyukumuku\n|-damage|p1a: Pyukumuku|83\/100\n|\n|-heal|p1a: Pyukumuku|89\/100|[from] item: Leftovers\n|-damage|p2a: Frosmoth|88\/100 brn|[from] brn\n|upkeep\n|turn|46\n|\n|t:|1644345382\n|switch|p2a: Ferroseed|Ferroseed, M|55\/100\n|switch|p1a: Rotom|Rotom-Fan, shiny|48\/100\n|\n|upkeep\n|turn|47\n|\n|t:|1644345388\n|move|p1a: Rotom|Will-O-Wisp|p2a: Ferroseed|[miss]\n|-miss|p1a: Rotom|p2a: Ferroseed\n|move|p2a: Ferroseed|Leech Seed|p1a: Rotom\n|-start|p1a: Rotom|move: Leech Seed\n|\n|-damage|p1a: Rotom|35\/100|[from] Leech Seed|[of] p2a: Ferroseed\n|-heal|p2a: Ferroseed|68\/100|[silent]\n|upkeep\n|turn|48\n|\n|t:|1644345401\n|switch|p2a: Frosmoth|Frosmoth, M|88\/100 brn\n|move|p1a: Rotom|Air Slash|p2a: Frosmoth\n|-supereffective|p2a: Frosmoth\n|-damage|p2a: Frosmoth|55\/100 brn\n|\n|-damage|p1a: Rotom|23\/100|[from] Leech Seed|[of] p2a: Frosmoth\n|-heal|p2a: Frosmoth|69\/100 brn|[silent]\n|-damage|p2a: Frosmoth|63\/100 brn|[from] brn\n|upkeep\n|turn|49\n|\n|t:|1644345412\n|switch|p1a: Pyukumuku|Pyukumuku, M|89\/100\n|move|p2a: Frosmoth|Bug Buzz|p1a: Pyukumuku\n|-damage|p1a: Pyukumuku|56\/100\n|\n|-heal|p1a: Pyukumuku|62\/100|[from] item: Leftovers\n|-damage|p2a: Frosmoth|57\/100 brn|[from] brn\n|upkeep\n|turn|50\n|\n|t:|1644345419\n|move|p2a: Frosmoth|Giga Drain|p1a: Pyukumuku\n|-supereffective|p1a: Pyukumuku\n|-damage|p1a: Pyukumuku|26\/100\n|-heal|p2a: Frosmoth|77\/100 brn|[from] drain|[of] p1a: Pyukumuku\n|move|p1a: Pyukumuku|Recover|p1a: Pyukumuku\n|-heal|p1a: Pyukumuku|76\/100\n|\n|-heal|p1a: Pyukumuku|82\/100|[from] item: Leftovers\n|-damage|p2a: Frosmoth|71\/100 brn|[from] brn\n|upkeep\n|turn|51\n|\n|t:|1644345430\n|switch|p2a: Ferroseed|Ferroseed, M|68\/100\n|move|p1a: Pyukumuku|Recover|p1a: Pyukumuku\n|-heal|p1a: Pyukumuku|100\/100\n|\n|upkeep\n|turn|52\n|\n|t:|1644345436\n|switch|p1a: Rotom|Rotom-Fan, shiny|23\/100\n|move|p2a: Ferroseed|Knock Off|p1a: Rotom\n|-damage|p1a: Rotom|12\/100\n|-damage|p2a: Ferroseed|52\/100|[from] item: Rocky Helmet|[of] p1a: Rotom\n|-enditem|p1a: Rotom|Rocky Helmet|[from] move: Knock Off|[of] p2a: Ferroseed\n|\n|upkeep\n|turn|53\n|\n|t:|1644345444\n|switch|p2a: Frosmoth|Frosmoth, M|71\/100 brn\n|move|p1a: Rotom|Pain Split|p2a: Frosmoth\n|-sethp|p2a: Frosmoth|42\/100 brn|[from] move: Pain Split|[silent]\n|-sethp|p1a: Rotom|39\/100|[from] move: Pain Split\n|\n|-damage|p2a: Frosmoth|36\/100 brn|[from] brn\n|upkeep\n|turn|54\n|\n|t:|1644345454\n|switch|p1a: Pyukumuku|Pyukumuku, M|100\/100\n|move|p2a: Frosmoth|Ice Beam|p1a: Pyukumuku\n|-resisted|p1a: Pyukumuku\n|-damage|p1a: Pyukumuku|83\/100\n|-status|p1a: Pyukumuku|frz\n|\n|-heal|p1a: Pyukumuku|89\/100 frz|[from] item: Leftovers\n|-damage|p2a: Frosmoth|30\/100 brn|[from] brn\n|upkeep\n|turn|55\n|\n|t:|1644345464\n|move|p2a: Frosmoth|Giga Drain|p1a: Pyukumuku\n|-supereffective|p1a: Pyukumuku\n|-damage|p1a: Pyukumuku|50\/100 frz\n|-heal|p2a: Frosmoth|52\/100 brn|[from] drain|[of] p1a: Pyukumuku\n|cant|p1a: Pyukumuku|frz\n|\n|-heal|p1a: Pyukumuku|56\/100 frz|[from] item: Leftovers\n|-damage|p2a: Frosmoth|46\/100 brn|[from] brn\n|upkeep\n|turn|56\n|\n|t:|1644345473\n|move|p2a: Frosmoth|Giga Drain|p1a: Pyukumuku\n|-supereffective|p1a: Pyukumuku\n|-damage|p1a: Pyukumuku|19\/100 frz\n|-heal|p2a: Frosmoth|67\/100 brn|[from] drain|[of] p1a: Pyukumuku\n|cant|p1a: Pyukumuku|frz\n|\n|-heal|p1a: Pyukumuku|25\/100 frz|[from] item: Leftovers\n|-damage|p2a: Frosmoth|61\/100 brn|[from] brn\n|upkeep\n|turn|57\n|\n|t:|1644345483\n|move|p2a: Frosmoth|Giga Drain|p1a: Pyukumuku\n|-supereffective|p1a: Pyukumuku\n|-damage|p1a: Pyukumuku|0 fnt\n|-heal|p2a: Frosmoth|74\/100 brn|[from] drain|[of] p1a: Pyukumuku\n|faint|p1a: Pyukumuku\n|\n|-damage|p2a: Frosmoth|68\/100 brn|[from] brn\n|upkeep\n|\n|t:|1644345486\n|switch|p1a: Lycanroc|Lycanroc-Midnight, M, shiny|100\/100\n|turn|58\n|\n|t:|1644345495\n|switch|p2a: Togedemaru|Togedemaru, F|34\/100\n|move|p1a: Lycanroc|Swords Dance|p1a: Lycanroc\n|-boost|p1a: Lycanroc|atk|2\n|\n|upkeep\n|turn|59\n|\n|t:|1644345501\n|move|p1a: Lycanroc|Sucker Punch|p2a: Togedemaru\n|-damage|p2a: Togedemaru|0 fnt\n|faint|p2a: Togedemaru\n|\n|upkeep\n|\n|t:|1644345506\n|switch|p2a: Ferroseed|Ferroseed, M|52\/100\n|turn|60\n|\n|t:|1644345510\n|move|p1a: Lycanroc|Swords Dance|p1a: Lycanroc\n|-boost|p1a: Lycanroc|atk|2\n|move|p2a: Ferroseed|Knock Off|p1a: Lycanroc\n|-damage|p1a: Lycanroc|82\/100\n|-enditem|p1a: Lycanroc|Focus Sash|[from] move: Knock Off|[of] p2a: Ferroseed\n|\n|upkeep\n|turn|61\n|\n|t:|1644345518\n|move|p1a: Lycanroc|Stone Edge|p2a: Ferroseed\n|-resisted|p2a: Ferroseed\n|-damage|p2a: Ferroseed|2\/100\n|move|p2a: Ferroseed|Leech Seed|p1a: Lycanroc\n|-start|p1a: Lycanroc|move: Leech Seed\n|\n|-damage|p1a: Lycanroc|70\/100|[from] Leech Seed|[of] p2a: Ferroseed\n|-heal|p2a: Ferroseed|15\/100|[silent]\n|upkeep\n|turn|62\n|\n|t:|1644345526\n|move|p1a: Lycanroc|Stone Edge|p2a: Ferroseed\n|-resisted|p2a: Ferroseed\n|-damage|p2a: Ferroseed|0 fnt\n|faint|p2a: Ferroseed\n|\n|upkeep\n|\n|t:|1644345530\n|switch|p2a: Frosmoth|Frosmoth, M|68\/100 brn\n|turn|63\n|\n|t:|1644345535\n|move|p1a: Lycanroc|Sucker Punch||[still]\n|-fail|p1a: Lycanroc\n|move|p2a: Frosmoth|Quiver Dance|p2a: Frosmoth\n|-boost|p2a: Frosmoth|spa|1\n|-boost|p2a: Frosmoth|spd|1\n|-boost|p2a: Frosmoth|spe|1\n|\n|-damage|p1a: Lycanroc|57\/100|[from] Leech Seed|[of] p2a: Frosmoth\n|-heal|p2a: Frosmoth|82\/100 brn|[silent]\n|-damage|p2a: Frosmoth|76\/100 brn|[from] brn\n|upkeep\n|turn|64\n|\n|t:|1644345543\n|move|p1a: Lycanroc|Sucker Punch|p2a: Frosmoth\n|-damage|p2a: Frosmoth|0 fnt\n|faint|p2a: Frosmoth\n|\n|win|Ivyon\n|raw|Ivyon's rating: 1280 &rarr; <strong>1313<\/strong><br \/>(+33 for winning)\n|raw|WhatEver2102's rating: 1402 &rarr; <strong>1375<\/strong><br \/>(-27 for losing)\n|l|\u2606WhatEver2102\n|c|\u2606Ivyon|gg wp\n||Ladder isn't responding, score probably updated but might not have (Request timeout).\n","uploadtime":1644345556,"views":19,"p1id":"ivyon","p2id":"whatever2102","formatid":"gen8pu","rating":1313,"private":0,"password":null}