{"id":"gen8nationaldex-1594678365","p1":"AlphaTherai","p2":"Tsukki_Tune","format":"gen8nationaldex","log":"|j|\u2606AlphaTherai\n|j|\u2606Tsukki_Tune\n|t:|1655041032\n|gametype|singles\n|player|p1|AlphaTherai|pokekid|\n|player|p2|Tsukki_Tune|266|\n|teamsize|p1|6\n|teamsize|p2|1\n|gen|8\n|tier|[Gen 8] National Dex\n|rule|HP Percentage Mod: HP is shown in percentages\n|rule|Endless Battle Clause: Forcing endless battles is banned\n|rule|OHKO Clause: OHKO moves are banned\n|rule|Evasion Moves Clause: Evasion moves are banned\n|rule|Species Clause: Limit one of each Pok\u00e9mon\n|rule|Dynamax Clause: You cannot dynamax\n|rule|Sleep Clause Mod: Limit one foe put to sleep\n|clearpoke\n|poke|p1|Lopunny, F|\n|poke|p1|Kartana|\n|poke|p1|Rotom-Wash|\n|poke|p1|Mew|\n|poke|p1|Landorus-Therian, M|\n|poke|p1|Victini|\n|poke|p2|Bulbasaur, F|\n|teampreview\n|c|\u2606AlphaTherai|welp\n|c|\u2606AlphaTherai|guess im dead\n|\n|t:|1655041056\n|start\n|switch|p1a: Moo|Mew|100\/100\n|switch|p2a: Bulbasaur|Bulbasaur, F|100\/100\n|turn|1\n|\n|t:|1655041064\n|move|p2a: Bulbasaur|Protect|p2a: Bulbasaur\n|-singleturn|p2a: Bulbasaur|Protect\n|move|p1a: Moo|Cosmic Power|p1a: Moo\n|-boost|p1a: Moo|def|1\n|-boost|p1a: Moo|spd|1\n|\n|upkeep\n|turn|2\n|\n|t:|1655041071\n|move|p1a: Moo|Cosmic Power|p1a: Moo\n|-boost|p1a: Moo|def|1\n|-boost|p1a: Moo|spd|1\n|move|p2a: Bulbasaur|Reflect|p2a: Bulbasaur\n|-sidestart|p2: Tsukki_Tune|Reflect\n|\n|upkeep\n|turn|3\n|\n|t:|1655041077\n|move|p1a: Moo|Cosmic Power|p1a: Moo\n|-boost|p1a: Moo|def|1\n|-boost|p1a: Moo|spd|1\n|move|p2a: Bulbasaur|Body Slam|p1a: Moo\n|-damage|p1a: Moo|96\/100\n|\n|upkeep\n|turn|4\n|\n|t:|1655041085\n|move|p1a: Moo|Cosmic Power|p1a: Moo\n|-boost|p1a: Moo|def|1\n|-boost|p1a: Moo|spd|1\n|move|p2a: Bulbasaur|Body Slam|p1a: Moo\n|-damage|p1a: Moo|93\/100\n|\n|upkeep\n|turn|5\n|\n|t:|1655041093\n|move|p1a: Moo|Cosmic Power|p1a: Moo\n|-boost|p1a: Moo|def|1\n|-boost|p1a: Moo|spd|1\n|move|p2a: Bulbasaur|Curse|p2a: Bulbasaur\n|-unboost|p2a: Bulbasaur|spe|1\n|-boost|p2a: Bulbasaur|atk|1\n|-boost|p2a: Bulbasaur|def|1\n|\n|upkeep\n|turn|6\n|\n|t:|1655041107\n|move|p1a: Moo|Cosmic Power|p1a: Moo\n|-boost|p1a: Moo|def|1\n|-boost|p1a: Moo|spd|1\n|move|p2a: Bulbasaur|Curse|p2a: Bulbasaur\n|-unboost|p2a: Bulbasaur|spe|1\n|-boost|p2a: Bulbasaur|atk|1\n|-boost|p2a: Bulbasaur|def|1\n|\n|-sideend|p2: Tsukki_Tune|Reflect\n|upkeep\n|turn|7\n|\n|t:|1655041115\n|move|p1a: Moo|Stored Power|p2a: Bulbasaur\n|-supereffective|p2a: Bulbasaur\n|-damage|p2a: Bulbasaur|0 fnt\n|faint|p2a: Bulbasaur\n|\n|win|AlphaTherai\n|c|\u2606AlphaTherai|GG\n|l|\u2606Tsukki_Tune\n","uploadtime":1655041152,"views":13,"p1id":"alphatherai","p2id":"tsukkitune","formatid":"gen8nationaldex","rating":0,"private":0,"password":null}