{"id":"gen8ou-1630859248","p1":"reionatro","p2":"LT91BB Raizen","format":"gen8ou","log":"|raw|<div class=\"broadcast-blue\"><strong>This battle is required to be public due to a player having a name starting with 'lt91bb'.<\/div>\n|j|\u2606reionatro\n|j|\u2606LT91BB Raizen\n|t:|1659471625\n|gametype|singles\n|player|p1|reionatro|1|1762\n|player|p2|LT91BB Raizen|1|1791\n|teamsize|p1|6\n|teamsize|p2|6\n|gen|8\n|tier|[Gen 8] OU\n|rated|\n|rule|Sleep Clause Mod: Limit one foe put to sleep\n|rule|Species Clause: Limit one of each Pok\u00e9mon\n|rule|OHKO Clause: OHKO moves are banned\n|rule|Evasion Moves Clause: Evasion moves are banned\n|rule|Endless Battle Clause: Forcing endless battles is banned\n|rule|HP Percentage Mod: HP is shown in percentages\n|rule|Dynamax Clause: You cannot dynamax\n|clearpoke\n|poke|p1|Nihilego|\n|poke|p1|Zapdos-Galar|\n|poke|p1|Kartana|\n|poke|p1|Celesteela|\n|poke|p1|Garchomp, M|\n|poke|p1|Tapu Fini|\n|poke|p2|Dragapult, F|\n|poke|p2|Zapdos|\n|poke|p2|Urshifu-*, M|\n|poke|p2|Tapu Lele|\n|poke|p2|Landorus-Therian, M|\n|poke|p2|Melmetal|\n|teampreview\n|c|\u2606reionatro|hf\n|inactive|Battle timer is ON: inactive players will automatically lose when time's up. (requested by LT91BB Raizen)\n|\n|t:|1659471653\n|start\n|switch|p1a: Kartana|Kartana|100\/100\n|switch|p2a: Urshifu|Urshifu-Rapid-Strike, M|100\/100\n|turn|1\n|\n|t:|1659471679\n|switch|p1a: Garchomp|Garchomp, M|100\/100\n|switch|p2a: Landorus|Landorus-Therian, M, shiny|100\/100\n|-ability|p2a: Landorus|Intimidate|boost\n|-unboost|p1a: Garchomp|atk|1\n|\n|upkeep\n|turn|2\n|j| irgendwasmitmeeem\n|\n|t:|1659471686\n|move|p1a: Garchomp|Stealth Rock|p2a: Landorus\n|-sidestart|p2: LT91BB Raizen|move: Stealth Rock\n|move|p2a: Landorus|Stealth Rock|p1a: Garchomp\n|-sidestart|p1: reionatro|move: Stealth Rock\n|\n|upkeep\n|turn|3\n|\n|t:|1659471699\n|move|p1a: Garchomp|Toxic|p2a: Landorus\n|-status|p2a: Landorus|tox\n|move|p2a: Landorus|Earthquake|p1a: Garchomp\n|-damage|p1a: Garchomp|59\/100\n|\n|-damage|p2a: Landorus|94\/100 tox|[from] psn\n|upkeep\n|turn|4\n|\n|t:|1659471707\n|switch|p1a: Zapdos|Zapdos-Galar|100\/100\n|-damage|p1a: Zapdos|88\/100|[from] Stealth Rock\n|move|p2a: Landorus|Knock Off|p1a: Zapdos\n|-resisted|p1a: Zapdos\n|-damage|p1a: Zapdos|69\/100\n|-enditem|p1a: Zapdos|Choice Band|[from] move: Knock Off|[of] p2a: Landorus\n|\n|-heal|p2a: Landorus|100\/100 tox|[from] item: Leftovers\n|-damage|p2a: Landorus|88\/100 tox|[from] psn\n|upkeep\n|turn|5\n|\n|t:|1659471720\n|move|p1a: Zapdos|Brave Bird|p2a: Landorus\n|-damage|p2a: Landorus|32\/100 tox\n|-damage|p1a: Zapdos|46\/100|[from] Recoil\n|move|p2a: Landorus|U-turn|p1a: Zapdos\n|-resisted|p1a: Zapdos\n|-damage|p1a: Zapdos|39\/100\n|\n|t:|1659471743\n|switch|p2a: Dragapult|Dragapult, F, shiny|100\/100|[from]move: U-turn\n|-damage|p2a: Dragapult|88\/100|[from] Stealth Rock\n|\n|upkeep\n|turn|6\n|\n|t:|1659471761\n|switch|p1a: Tapu Fini|Tapu Fini|100\/100\n|-damage|p1a: Tapu Fini|88\/100|[from] Stealth Rock\n|-fieldstart|move: Misty Terrain|[from] ability: Misty Surge|[of] p1a: Tapu Fini\n|move|p2a: Dragapult|Shadow Ball|p1a: Tapu Fini\n|-damage|p1a: Tapu Fini|45\/100\n|\n|-heal|p1a: Tapu Fini|52\/100|[from] item: Leftovers\n|upkeep\n|turn|7\n|\n|t:|1659471774\n|move|p2a: Dragapult|Shadow Ball|p1a: Tapu Fini\n|-damage|p1a: Tapu Fini|2\/100\n|move|p1a: Tapu Fini|Draining Kiss|p2a: Dragapult\n|-supereffective|p2a: Dragapult\n|-damage|p2a: Dragapult|48\/100\n|-heal|p1a: Tapu Fini|33\/100|[from] drain|[of] p2a: Dragapult\n|\n|-heal|p1a: Tapu Fini|39\/100|[from] item: Leftovers\n|upkeep\n|turn|8\n|inactive|reionatro has 120 seconds left.\n|\n|t:|1659471805\n|switch|p1a: Nihilego|Nihilego|100\/100\n|-damage|p1a: Nihilego|88\/100|[from] Stealth Rock\n|move|p2a: Dragapult|Shadow Ball|p1a: Nihilego\n|-damage|p1a: Nihilego|45\/100\n|\n|upkeep\n|turn|9\n|inactive|reionatro has 120 seconds left.\n|inactive|LT91BB Raizen has 120 seconds left.\n|\n|t:|1659471838\n|switch|p2a: Melmetal|Melmetal, shiny|100\/100\n|-damage|p2a: Melmetal|94\/100|[from] Stealth Rock\n|move|p1a: Nihilego|Meteor Beam||[still]\n|-prepare|p1a: Nihilego|Meteor Beam\n|-boost|p1a: Nihilego|spa|1\n|-enditem|p1a: Nihilego|Power Herb\n|-anim|p1a: Nihilego|Meteor Beam|p2a: Melmetal|[miss]\n|-miss|p1a: Nihilego|p2a: Melmetal\n|\n|-heal|p2a: Melmetal|100\/100|[from] item: Leftovers\n|upkeep\n|turn|10\n|inactive|reionatro has 120 seconds left.\n|\n|t:|1659471859\n|move|p1a: Nihilego|Power Gem|p2a: Melmetal\n|-resisted|p2a: Melmetal\n|-damage|p2a: Melmetal|76\/100\n|move|p2a: Melmetal|Double Iron Bash|p1a: Nihilego\n|-supereffective|p1a: Nihilego\n|-damage|p1a: Nihilego|0 fnt\n|faint|p1a: Nihilego\n|-hitcount|p1: Nihilego|1\n|\n|-heal|p2a: Melmetal|83\/100|[from] item: Leftovers\n|-fieldend|Misty Terrain\n|upkeep\n|\n|t:|1659471864\n|switch|p1a: Garchomp|Garchomp, M|59\/100\n|-damage|p1a: Garchomp|53\/100|[from] Stealth Rock\n|turn|11\n|\n|t:|1659471879\n|switch|p2a: Landorus|Landorus-Therian, M, shiny|32\/100 tox\n|-damage|p2a: Landorus|19\/100 tox|[from] Stealth Rock\n|-ability|p2a: Landorus|Intimidate|boost\n|-unboost|p1a: Garchomp|atk|1\n|move|p1a: Garchomp|Earthquake|p2a: Landorus\n|-immune|p2a: Landorus\n|\n|-heal|p2a: Landorus|25\/100 tox|[from] item: Leftovers\n|-damage|p2a: Landorus|19\/100 tox|[from] psn\n|upkeep\n|turn|12\n|\n|t:|1659471884\n|move|p1a: Garchomp|Fire Blast|p2a: Landorus|[miss]\n|-miss|p1a: Garchomp|p2a: Landorus\n|move|p2a: Landorus|Earthquake|p1a: Garchomp\n|-damage|p1a: Garchomp|7\/100\n|\n|-heal|p2a: Landorus|25\/100 tox|[from] item: Leftovers\n|-damage|p2a: Landorus|13\/100 tox|[from] psn\n|upkeep\n|turn|13\n|\n|t:|1659471893\n|move|p1a: Garchomp|Fire Blast|p2a: Landorus\n|-damage|p2a: Landorus|0 fnt\n|faint|p2a: Landorus\n|\n|upkeep\n|\n|t:|1659471900\n|switch|p2a: Zapdos|Zapdos, shiny|100\/100\n|turn|14\n|\n|t:|1659471904\n|move|p1a: Garchomp|Toxic|p2a: Zapdos\n|-status|p2a: Zapdos|tox\n|move|p2a: Zapdos|Heat Wave|p1a: Garchomp\n|-resisted|p1a: Garchomp\n|-damage|p1a: Garchomp|0 fnt\n|faint|p1a: Garchomp\n|\n|-damage|p2a: Zapdos|94\/100 tox|[from] psn\n|upkeep\n|\n|t:|1659471920\n|switch|p1a: Zapdos|Zapdos-Galar|39\/100\n|-damage|p1a: Zapdos|27\/100|[from] Stealth Rock\n|turn|15\n|\n|t:|1659471923\n|move|p1a: Zapdos|Brave Bird|p2a: Zapdos\n|-resisted|p2a: Zapdos\n|-damage|p2a: Zapdos|58\/100 tox\n|-status|p1a: Zapdos|par|[from] ability: Static|[of] p2a: Zapdos\n|-damage|p1a: Zapdos|15\/100 par|[from] Recoil\n|move|p2a: Zapdos|Volt Switch|p1a: Zapdos\n|-supereffective|p1a: Zapdos\n|-damage|p1a: Zapdos|0 fnt\n|faint|p1a: Zapdos\n|\n|t:|1659471926\n|switch|p2a: Dragapult|Dragapult, F, shiny|48\/100|[from]move: Volt Switch\n|-damage|p2a: Dragapult|36\/100|[from] Stealth Rock\n|\n|upkeep\n|inactive|reionatro has 120 seconds left.\n|\n|t:|1659471971\n|switch|p1a: Kartana|Kartana|100\/100\n|-damage|p1a: Kartana|94\/100|[from] Stealth Rock\n|turn|16\n|\n|t:|1659471989\n|move|p1a: Kartana|Knock Off|p2a: Dragapult\n|-supereffective|p2a: Dragapult\n|-damage|p2a: Dragapult|0 fnt\n|-enditem|p2a: Dragapult|Choice Specs|[from] move: Knock Off|[of] p1a: Kartana\n|faint|p2a: Dragapult\n|-ability|p1a: Kartana|Beast Boost|boost\n|-boost|p1a: Kartana|atk|1\n|\n|upkeep\n|\n|t:|1659471991\n|switch|p2a: Urshifu|Urshifu-Rapid-Strike, M|100\/100\n|-damage|p2a: Urshifu|94\/100|[from] Stealth Rock\n|turn|17\n|\n|t:|1659471998\n|switch|p1a: Tapu Fini|Tapu Fini|39\/100\n|-damage|p1a: Tapu Fini|26\/100|[from] Stealth Rock\n|-fieldstart|move: Misty Terrain|[from] ability: Misty Surge|[of] p1a: Tapu Fini\n|move|p2a: Urshifu|Close Combat|p1a: Tapu Fini\n|-resisted|p1a: Tapu Fini\n|-damage|p1a: Tapu Fini|0 fnt\n|-unboost|p2a: Urshifu|def|1\n|-unboost|p2a: Urshifu|spd|1\n|faint|p1a: Tapu Fini\n|\n|upkeep\n|\n|t:|1659472018\n|switch|p1a: Kartana|Kartana|94\/100\n|-damage|p1a: Kartana|88\/100|[from] Stealth Rock\n|turn|18\n|inactive|reionatro has 90 seconds left.\n|\n|t:|1659472058\n|switch|p2a: Melmetal|Melmetal, shiny|83\/100\n|-damage|p2a: Melmetal|76\/100|[from] Stealth Rock\n|move|p1a: Kartana|Leaf Blade|p2a: Melmetal\n|-resisted|p2a: Melmetal\n|-damage|p2a: Melmetal|59\/100\n|\n|-heal|p2a: Melmetal|65\/100|[from] item: Leftovers\n|upkeep\n|turn|19\n|\n|t:|1659472072\n|switch|p1a: Celesteela|Celesteela|100\/100\n|-damage|p1a: Celesteela|88\/100|[from] Stealth Rock\n|move|p2a: Melmetal|Double Iron Bash|p1a: Celesteela\n|-resisted|p1a: Celesteela\n|-damage|p1a: Celesteela|66\/100\n|-resisted|p1a: Celesteela\n|-damage|p1a: Celesteela|46\/100\n|-hitcount|p1a: Celesteela|2\n|\n|-heal|p2a: Melmetal|72\/100|[from] item: Leftovers\n|upkeep\n|turn|20\n|\n|t:|1659472083\n|move|p1a: Celesteela|Flamethrower|p2a: Melmetal\n|-supereffective|p2a: Melmetal\n|-damage|p2a: Melmetal|22\/100\n|move|p2a: Melmetal|Double Iron Bash|p1a: Celesteela\n|-resisted|p1a: Celesteela\n|-crit|p1a: Celesteela\n|-damage|p1a: Celesteela|11\/100\n|-resisted|p1a: Celesteela\n|-damage|p1a: Celesteela|0 fnt\n|faint|p1a: Celesteela\n|-hitcount|p1: Celesteela|2\n|\n|-heal|p2a: Melmetal|28\/100|[from] item: Leftovers\n|upkeep\n|\n|t:|1659472087\n|switch|p1a: Kartana|Kartana|88\/100\n|-damage|p1a: Kartana|82\/100|[from] Stealth Rock\n|turn|21\n|inactive|reionatro has 90 seconds left.\n|inactive|reionatro has 60 seconds left.\n|\n|t:|1659472126\n|move|p2a: Melmetal|Protect|p2a: Melmetal\n|-singleturn|p2a: Melmetal|Protect\n|move|p1a: Kartana|Leaf Blade|p2a: Melmetal\n|-activate|p2a: Melmetal|move: Protect\n|\n|-heal|p2a: Melmetal|34\/100|[from] item: Leftovers\n|-fieldend|Misty Terrain\n|upkeep\n|turn|22\n|\n|t:|1659472138\n|move|p1a: Kartana|Leaf Blade|p2a: Melmetal\n|-resisted|p2a: Melmetal\n|-crit|p2a: Melmetal\n|-damage|p2a: Melmetal|5\/100\n|move|p2a: Melmetal|Double Iron Bash|p1a: Kartana\n|-resisted|p1a: Kartana\n|-damage|p1a: Kartana|60\/100\n|-resisted|p1a: Kartana\n|-damage|p1a: Kartana|38\/100\n|-hitcount|p1a: Kartana|2\n|\n|-heal|p2a: Melmetal|11\/100|[from] item: Leftovers\n|upkeep\n|turn|23\n|\n|t:|1659472143\n|move|p2a: Melmetal|Protect|p2a: Melmetal\n|-singleturn|p2a: Melmetal|Protect\n|move|p1a: Kartana|Leaf Blade|p2a: Melmetal\n|-activate|p2a: Melmetal|move: Protect\n|\n|-heal|p2a: Melmetal|17\/100|[from] item: Leftovers\n|upkeep\n|turn|24\n|\n|t:|1659472148\n|move|p1a: Kartana|Leaf Blade|p2a: Melmetal\n|-resisted|p2a: Melmetal\n|-damage|p2a: Melmetal|0 fnt\n|faint|p2a: Melmetal\n|-ability|p1a: Kartana|Beast Boost|boost\n|-boost|p1a: Kartana|atk|1\n|\n|upkeep\n|\n|t:|1659472149\n|switch|p2a: Zapdos|Zapdos, shiny|58\/100 tox\n|turn|25\n|\n|t:|1659472151\n|move|p1a: Kartana|Leaf Blade|p2a: Zapdos\n|-resisted|p2a: Zapdos\n|-damage|p2a: Zapdos|2\/100 tox\n|-status|p1a: Kartana|par|[from] ability: Static|[of] p2a: Zapdos\n|move|p2a: Zapdos|Heat Wave|p1a: Kartana\n|-supereffective|p1a: Kartana\n|-damage|p1a: Kartana|0 fnt\n|faint|p1a: Kartana\n|\n|win|LT91BB Raizen\n|raw|reionatro's rating: 1762 &rarr; <strong>1744<\/strong><br \/>(-18 for losing)\n|raw|LT91BB Raizen's rating: 1791 &rarr; <strong>1809<\/strong><br \/>(+18 for winning)\n|c|\u2606reionatro|gg\n|l|\u2606LT91BB Raizen\n|l|\u2606reionatro\n||Ladder isn't responding, score probably updated but might not have (Request timeout).\n","uploadtime":1659472378,"views":72,"p1id":"reionatro","p2id":"lt91bbraizen","formatid":"gen8ou","rating":1744,"private":0,"password":null}