{"id":"gen8uu-1131402889","p1":"Goootzinho","p2":"Garglesoc","format":"gen8uu","log":"|j|\u2606Goootzinho\n|j|\u2606Garglesoc\n|player|p1|Goootzinho|galacticgrunt|1394\n|player|p2|Garglesoc|266|1492\n|teamsize|p1|6\n|teamsize|p2|6\n|gametype|singles\n|gen|8\n|tier|[Gen 8] UU\n|rated|\n|clearpoke\n|poke|p1|Froslass, F|\n|poke|p1|Celebi|\n|poke|p1|Flygon, F|\n|poke|p1|Barbaracle, M|\n|poke|p1|Polteageist|\n|poke|p1|Indeedee, M|\n|poke|p2|Sylveon, F|\n|poke|p2|Rotom-Wash|\n|poke|p2|Flygon, F|\n|poke|p2|Copperajah, M|\n|poke|p2|Celebi|\n|poke|p2|Incineroar, M|\n|rule|Sleep Clause Mod: Limit one foe put to sleep\n|rule|Species Clause: Limit one of each Pok\u00e9mon\n|rule|OHKO Clause: OHKO moves are banned\n|rule|Evasion Moves Clause: Evasion moves are banned\n|rule|Endless Battle Clause: Forcing endless battles is banned\n|rule|HP Percentage Mod: HP is shown in percentages\n|rule|Dynamax Clause: You cannot dynamax\n|teampreview\n|\n|start\n|switch|p1a: Froslass|Froslass, F|100\/100\n|switch|p2a: Rotom|Rotom-Wash|100\/100\n|turn|1\n|\n|move|p1a: Froslass|Spikes|p2a: Rotom\n|-sidestart|p2: Garglesoc|Spikes\n|move|p2a: Rotom|Volt Switch|p1a: Froslass\n|-damage|p1a: Froslass|60\/100\n|\n|switch|p2a: Flygon|Flygon, F|100\/100|[from]move: Volt Switch\n|\n|upkeep\n|turn|2\n|\n|move|p2a: Flygon|Dragon Claw|p1a: Froslass\n|-damage|p1a: Froslass|8\/100\n|move|p1a: Froslass|Spikes|p2a: Flygon\n|-sidestart|p2: Garglesoc|Spikes\n|\n|upkeep\n|turn|3\n|\n|move|p2a: Flygon|Dragon Claw|p1a: Froslass\n|-damage|p1a: Froslass|0 fnt\n|-start|p2a: Flygon|Disable|Dragon Claw|[from] ability: Cursed Body|[of] p1a: Froslass\n|faint|p1a: Froslass\n|\n|upkeep\n|\n|switch|p1a: Barbaracle|Barbaracle, M|100\/100\n|turn|4\n|\n|switch|p2a: Rotom|Rotom-Wash|100\/100\n|move|p1a: Barbaracle|Shell Smash|p1a: Barbaracle\n|-unboost|p1a: Barbaracle|def|1\n|-unboost|p1a: Barbaracle|spd|1\n|-boost|p1a: Barbaracle|atk|2\n|-boost|p1a: Barbaracle|spa|2\n|-boost|p1a: Barbaracle|spe|2\n|\n|upkeep\n|turn|5\n|\n|move|p1a: Barbaracle|Stone Edge|p2a: Rotom\n|-damage|p2a: Rotom|33\/100\n|move|p2a: Rotom|Volt Switch|p1a: Barbaracle\n|-supereffective|p1a: Barbaracle\n|-enditem|p1a: Barbaracle|Focus Sash\n|-damage|p1a: Barbaracle|1\/100\n|\n|switch|p2a: Sylveon|Sylveon, F|100\/100|[from]move: Volt Switch\n|-damage|p2a: Sylveon|84\/100|[from] Spikes\n|\n|upkeep\n|turn|6\n|\n|move|p2a: Sylveon|Quick Attack|p1a: Barbaracle\n|-damage|p1a: Barbaracle|0 fnt\n|faint|p1a: Barbaracle\n|\n|upkeep\n|\n|switch|p1a: Celebi|Celebi|100\/100\n|turn|7\n|\n|switch|p2a: Flygon|Flygon, F|100\/100\n|move|p1a: Celebi|Psychic|p2a: Flygon\n|-damage|p2a: Flygon|52\/100\n|\n|upkeep\n|turn|8\n|\n|switch|p1a: Flygon|Flygon, F|100\/100\n|move|p2a: Flygon|U-turn|p1a: Flygon\n|-damage|p1a: Flygon|74\/100\n|\n|switch|p2a: Sylveon|Sylveon, F|84\/100|[from]move: U-turn\n|-damage|p2a: Sylveon|67\/100|[from] Spikes\n|\n|upkeep\n|turn|9\n|\n|move|p1a: Flygon|Dragon Dance|p1a: Flygon\n|-boost|p1a: Flygon|atk|1\n|-boost|p1a: Flygon|spe|1\n|move|p2a: Sylveon|Hyper Voice|p1a: Flygon\n|-supereffective|p1a: Flygon\n|-damage|p1a: Flygon|0 fnt\n|faint|p1a: Flygon\n|\n|upkeep\n|\n|switch|p1a: Polteageist|Polteageist|100\/100\n|turn|10\n|\n|move|p1a: Polteageist|Shell Smash|p1a: Polteageist\n|-unboost|p1a: Polteageist|def|1\n|-unboost|p1a: Polteageist|spd|1\n|-boost|p1a: Polteageist|atk|2\n|-boost|p1a: Polteageist|spa|2\n|-boost|p1a: Polteageist|spe|2\n|move|p2a: Sylveon|Hyper Voice|p1a: Polteageist\n|-enditem|p1a: Polteageist|Focus Sash\n|-damage|p1a: Polteageist|1\/100\n|\n|upkeep\n|turn|11\n|\n|switch|p2a: Rotom|Rotom-Wash|33\/100\n|move|p1a: Polteageist|Shadow Ball|p2a: Rotom\n|-damage|p2a: Rotom|0 fnt\n|faint|p2a: Rotom\n|\n|upkeep\n|\n|switch|p2a: Sylveon|Sylveon, F|67\/100\n|-damage|p2a: Sylveon|51\/100|[from] Spikes\n|turn|12\n|\n|move|p2a: Sylveon|Quick Attack|p1a: Polteageist\n|-damage|p1a: Polteageist|0 fnt\n|faint|p1a: Polteageist\n|\n|upkeep\n|inactive|Battle timer is ON: inactive players will automatically lose when time's up. (requested by Garglesoc)\n|-message|Goootzinho forfeited.\n|\n|win|Garglesoc\n|l|\u2606Goootzinho\n|raw|Goootzinho's rating: 1414 &rarr; <strong>1399<\/strong><br \/>(-15 for losing)\n|raw|Garglesoc's rating: 1492 &rarr; <strong>1508<\/strong><br \/>(+16 for winning)\n|l|\u2606Garglesoc\n|j|\u2606Garglesoc\n|player|p2|Garglesoc|266\n","uploadtime":1591969096,"views":10,"p1id":"goootzinho","p2id":"garglesoc","formatid":"gen8uu","rating":1399,"private":0,"password":null}