{"id":"gen8ou-1692613957","p1":"Rickastleyfanclub","p2":"khatru my goat","format":"gen8ou","log":"|html|<div class=\"broadcast-blue\"><strong>[Gen 8] OU is currently suspecting Melmetal! For information on how to participate check out the <a href=\"https:\/\/www.smogon.com\/forums\/threads\/np-ss-ou-suspect-process-round-12-monster-mash.3709234\/\">suspect thread<\/a>.<\/strong><\/div>\n|j|\u2606Rickastleyfanclub\n|j|\u2606khatru my goat\n|t:|1666507857\n|gametype|singles\n|player|p1|Rickastleyfanclub|101|1745\n|player|p2|khatru my goat|teamrocket|1817\n|teamsize|p1|6\n|teamsize|p2|6\n|gen|8\n|tier|[Gen 8] OU\n|rated|\n|rule|Sleep Clause Mod: Limit one foe put to sleep\n|rule|Species Clause: Limit one of each Pok\u00e9mon\n|rule|OHKO Clause: OHKO moves are banned\n|rule|Evasion Items Clause: Evasion items are banned\n|rule|Evasion Moves Clause: Evasion moves are banned\n|rule|Endless Battle Clause: Forcing endless battles is banned\n|rule|HP Percentage Mod: HP is shown in percentages\n|rule|Dynamax Clause: You cannot dynamax\n|clearpoke\n|poke|p1|Victini|\n|poke|p1|Volcanion|\n|poke|p1|Necrozma|\n|poke|p1|Landorus-Therian, M|\n|poke|p1|Kommo-o, M|\n|poke|p1|Celesteela|\n|poke|p2|Corviknight, M|\n|poke|p2|Tyranitar, F|\n|poke|p2|Excadrill, F|\n|poke|p2|Mew|\n|poke|p2|Dracozolt|\n|poke|p2|Hydreigon, M|\n|teampreview\n|inactive|Battle timer is ON: inactive players will automatically lose when time's up. (requested by khatru my goat)\n|\n|t:|1666507867\n|start\n|switch|p1a: Victini|Victini|100\/100\n|switch|p2a: Hydreigon|Hydreigon, M|100\/100\n|turn|1\n|\n|t:|1666507869\n|move|p1a: Victini|Final Gambit|p2a: Hydreigon\n|-damage|p2a: Hydreigon|0 fnt\n|faint|p1a: Victini\n|faint|p2a: Hydreigon\n|\n|upkeep\n|j| Avitross\n|\n|t:|1666507888\n|switch|p1a: Landorus|Landorus-Therian, M|100\/100\n|switch|p2a: Mew|Mew|100\/100\n|-ability|p1a: Landorus|Intimidate|boost\n|-unboost|p2a: Mew|atk|1\n|turn|2\n|\n|t:|1666507891\n|switch|p1a: Volcanion|Volcanion|100\/100\n|move|p2a: Mew|Knock Off|p1a: Volcanion\n|-damage|p1a: Volcanion|89\/100\n|-enditem|p1a: Volcanion|Assault Vest|[from] move: Knock Off|[of] p2a: Mew\n|\n|upkeep\n|turn|3\n|j| KIRBY OF DA STARS\n|\n|t:|1666507895\n|move|p2a: Mew|Spikes|p1a: Volcanion\n|-sidestart|p1: Rickastleyfanclub|Spikes\n|move|p1a: Volcanion|Steam Eruption|p2a: Mew\n|-damage|p2a: Mew|50\/100\n|\n|upkeep\n|turn|4\n|inactive|khatru my goat has 120 seconds left.\n|\n|t:|1666507928\n|move|p2a: Mew|Roost|p2a: Mew\n|-heal|p2a: Mew|100\/100\n|-singleturn|p2a: Mew|move: Roost\n|move|p1a: Volcanion|Steam Eruption|p2a: Mew\n|-damage|p2a: Mew|50\/100\n|\n|upkeep\n|turn|5\n|\n|t:|1666507934\n|move|p2a: Mew|Roost|p2a: Mew\n|-heal|p2a: Mew|100\/100\n|-singleturn|p2a: Mew|move: Roost\n|move|p1a: Volcanion|Steam Eruption|p2a: Mew\n|-damage|p2a: Mew|55\/100\n|\n|upkeep\n|turn|6\n|\n|t:|1666507940\n|switch|p1a: Landorus|Landorus-Therian, M|100\/100\n|-ability|p1a: Landorus|Intimidate|boost\n|-unboost|p2a: Mew|atk|1\n|move|p2a: Mew|Roost|p2a: Mew\n|-heal|p2a: Mew|100\/100\n|-singleturn|p2a: Mew|move: Roost\n|\n|upkeep\n|turn|7\n|\n|t:|1666507942\n|move|p2a: Mew|Knock Off|p1a: Landorus\n|-damage|p1a: Landorus|87\/100\n|-enditem|p1a: Landorus|Lum Berry|[from] move: Knock Off|[of] p2a: Mew\n|move|p1a: Landorus|Swords Dance|p1a: Landorus\n|-boost|p1a: Landorus|atk|2\n|\n|upkeep\n|turn|8\n|\n|t:|1666507954\n|switch|p2a: Corviknight|Corviknight, M|100\/100\n|-ability|p2a: Corviknight|Pressure\n|move|p1a: Landorus|Swords Dance|p1a: Landorus\n|-boost|p1a: Landorus|atk|2\n|\n|upkeep\n|turn|9\n|\n|t:|1666507963\n|move|p1a: Landorus|Rock Slide|p2a: Corviknight\n|-damage|p2a: Corviknight|39\/100\n|move|p2a: Corviknight|U-turn|p1a: Landorus\n|-resisted|p1a: Landorus\n|-damage|p1a: Landorus|78\/100\n|\n|t:|1666507966\n|switch|p2a: Tyranitar|Tyranitar, F|100\/100|[from]move: U-turn\n|-weather|Sandstorm|[from] ability: Sand Stream|[of] p2a: Tyranitar\n|\n|-weather|Sandstorm|[upkeep]\n|upkeep\n|turn|10\n|j| davebrubeckquartet\n|\n|t:|1666507969\n|switch|p2a: Corviknight|Corviknight, M|39\/100\n|-ability|p2a: Corviknight|Pressure\n|move|p1a: Landorus|Rock Polish|p1a: Landorus\n|-boost|p1a: Landorus|spe|2\n|\n|-weather|Sandstorm|[upkeep]\n|upkeep\n|turn|11\n|\n|t:|1666507980\n|move|p1a: Landorus|Rock Slide|p2a: Corviknight\n|-damage|p2a: Corviknight|0 fnt\n|faint|p2a: Corviknight\n|\n|-weather|Sandstorm|[upkeep]\n|upkeep\n|\n|t:|1666507982\n|switch|p2a: Dracozolt|Dracozolt|100\/100\n|turn|12\n|\n|t:|1666507984\n|move|p1a: Landorus|Earthquake|p2a: Dracozolt\n|-supereffective|p2a: Dracozolt\n|-damage|p2a: Dracozolt|0 fnt\n|faint|p2a: Dracozolt\n|\n|-weather|Sandstorm|[upkeep]\n|upkeep\n|\n|t:|1666507987\n|switch|p2a: Excadrill|Excadrill, F|100\/100\n|turn|13\n|\n|t:|1666507988\n|move|p2a: Excadrill|Iron Head|p1a: Landorus\n|-damage|p1a: Landorus|26\/100\n|cant|p1a: Landorus|flinch\n|\n|-weather|Sandstorm|[upkeep]\n|upkeep\n|turn|14\n|j| I'M AT MY LIMIT!\n|j| TJ Too Smooth\n|\n|t:|1666508005\n|move|p2a: Excadrill|Iron Head|p1a: Landorus\n|-damage|p1a: Landorus|0 fnt\n|faint|p1a: Landorus\n|\n|-weather|Sandstorm|[upkeep]\n|upkeep\n|\n|t:|1666508011\n|switch|p1a: Celesteela|Celesteela|100\/100\n|turn|15\n|\n|t:|1666508015\n|switch|p2a: Mew|Mew|100\/100\n|move|p1a: Celesteela|Flamethrower|p2a: Mew\n|-damage|p2a: Mew|78\/100\n|\n|-weather|Sandstorm|[upkeep]\n|-damage|p2a: Mew|71\/100|[from] Sandstorm\n|upkeep\n|turn|16\n|\n|t:|1666508018\n|move|p2a: Mew|Taunt|p1a: Celesteela\n|-start|p1a: Celesteela|move: Taunt\n|move|p1a: Celesteela|Meteor Beam||[still]\n|-prepare|p1a: Celesteela|Meteor Beam\n|-boost|p1a: Celesteela|spa|1\n|-enditem|p1a: Celesteela|Power Herb\n|-anim|p1a: Celesteela|Meteor Beam|p2a: Mew\n|-damage|p2a: Mew|30\/100\n|\n|-weather|none\n|upkeep\n|turn|17\n|\n|t:|1666508021\n|move|p2a: Mew|Roost|p2a: Mew\n|-heal|p2a: Mew|80\/100\n|-singleturn|p2a: Mew|move: Roost\n|move|p1a: Celesteela|Meteor Beam||[still]\n|-prepare|p1a: Celesteela|Meteor Beam\n|-boost|p1a: Celesteela|spa|1\n|\n|upkeep\n|turn|18\n|\n|t:|1666508023\n|move|p2a: Mew|Knock Off|p1a: Celesteela\n|-crit|p1a: Celesteela\n|-damage|p1a: Celesteela|76\/100\n|move|p1a: Celesteela|Meteor Beam|p2a: Mew|[from]lockedmove\n|-damage|p2a: Mew|21\/100\n|\n|-end|p1a: Celesteela|move: Taunt\n|upkeep\n|turn|19\n|\n|t:|1666508026\n|move|p2a: Mew|Roost|p2a: Mew\n|-heal|p2a: Mew|71\/100\n|-singleturn|p2a: Mew|move: Roost\n|move|p1a: Celesteela|Meteor Beam||[still]\n|-prepare|p1a: Celesteela|Meteor Beam\n|-boost|p1a: Celesteela|spa|1\n|\n|upkeep\n|turn|20\n|\n|t:|1666508031\n|switch|p2a: Excadrill|Excadrill, F|100\/100\n|move|p1a: Celesteela|Meteor Beam|p2a: Excadrill|[from]lockedmove\n|-resisted|p2a: Excadrill\n|-damage|p2a: Excadrill|69\/100\n|\n|-heal|p2a: Excadrill|75\/100|[from] item: Leftovers\n|upkeep\n|turn|21\n|\n|t:|1666508041\n|switch|p2a: Mew|Mew|71\/100\n|move|p1a: Celesteela|Autotomize|p1a: Celesteela\n|-boost|p1a: Celesteela|spe|2\n|-start|p1a: Celesteela|Autotomize\n|\n|upkeep\n|turn|22\n|\n|t:|1666508065\n|move|p1a: Celesteela|Autotomize|p1a: Celesteela\n|-boost|p1a: Celesteela|spe|2\n|-start|p1a: Celesteela|Autotomize\n|move|p2a: Mew|Knock Off|p1a: Celesteela\n|-damage|p1a: Celesteela|60\/100\n|\n|upkeep\n|turn|23\n|\n|t:|1666508074\n|move|p1a: Celesteela|Meteor Beam||[still]\n|-prepare|p1a: Celesteela|Meteor Beam\n|-boost|p1a: Celesteela|spa|1\n|move|p2a: Mew|Knock Off|p1a: Celesteela\n|-damage|p1a: Celesteela|46\/100\n|\n|upkeep\n|turn|24\n|\n|t:|1666508078\n|move|p1a: Celesteela|Meteor Beam|p2a: Mew|[from]lockedmove\n|-damage|p2a: Mew|0 fnt\n|faint|p2a: Mew\n|-ability|p1a: Celesteela|Beast Boost|boost\n|-boost|p1a: Celesteela|spa|1\n|\n|upkeep\n|\n|t:|1666508080\n|switch|p2a: Tyranitar|Tyranitar, F|100\/100\n|-weather|Sandstorm|[from] ability: Sand Stream|[of] p2a: Tyranitar\n|turn|25\n|\n|t:|1666508084\n|move|p1a: Celesteela|Air Slash|p2a: Tyranitar\n|-resisted|p2a: Tyranitar\n|-damage|p2a: Tyranitar|62\/100\n|move|p2a: Tyranitar|Rock Blast|p1a: Celesteela\n|-damage|p1a: Celesteela|31\/100\n|-damage|p1a: Celesteela|17\/100\n|-damage|p1a: Celesteela|2\/100\n|-damage|p1a: Celesteela|0 fnt\n|faint|p1a: Celesteela\n|-hitcount|p1: Celesteela|4\n|\n|-weather|Sandstorm|[upkeep]\n|upkeep\n|\n|t:|1666508105\n|switch|p1a: Kommo-o|Kommo-o, M|100\/100\n|-damage|p1a: Kommo-o|88\/100|[from] Spikes\n|turn|26\n|\n|t:|1666508112\n|move|p1a: Kommo-o|Aura Sphere|p2a: Tyranitar\n|-supereffective|p2a: Tyranitar\n|-damage|p2a: Tyranitar|0 fnt\n|faint|p2a: Tyranitar\n|\n|-weather|Sandstorm|[upkeep]\n|-damage|p1a: Kommo-o|82\/100|[from] Sandstorm\n|upkeep\n|\n|t:|1666508115\n|switch|p2a: Excadrill|Excadrill, F|75\/100\n|turn|27\n|\n|t:|1666508116\n|move|p2a: Excadrill|Iron Head|p1a: Kommo-o\n|-damage|p1a: Kommo-o|40\/100\n|move|p1a: Kommo-o|Aura Sphere|p2a: Excadrill\n|-supereffective|p2a: Excadrill\n|-damage|p2a: Excadrill|0 fnt\n|faint|p2a: Excadrill\n|\n|win|Rickastleyfanclub\n|raw|Rickastleyfanclub's rating: 1745 &rarr; <strong>1769<\/strong><br \/>(+24 for winning)\n|raw|khatru my goat's rating: 1817 &rarr; <strong>1793<\/strong><br \/>(-24 for losing)\n","uploadtime":1666508121,"views":31,"p1id":"rickastleyfanclub","p2id":"khatrumygoat","formatid":"gen8ou","rating":1769,"private":0,"password":null}