{"id":"gen8ou-1648360263","p1":"Burnt Bright","p2":"LT94JE Lio","format":"gen8ou","log":"|raw|<div class=\"broadcast-blue\"><strong>This battle is required to be public due to a player having a name starting with 'lt94je'.<\/div>\n|j|\u2606Burnt Bright\n|j|\u2606LT94JE Lio\n|t:|1661474402\n|gametype|singles\n|player|p1|Burnt Bright|shauntal|1798\n|player|p2|LT94JE Lio|1|1794\n|teamsize|p1|6\n|teamsize|p2|6\n|gen|8\n|tier|[Gen 8] OU\n|rated|\n|rule|Sleep Clause Mod: Limit one foe put to sleep\n|rule|Species Clause: Limit one of each Pok\u00e9mon\n|rule|OHKO Clause: OHKO moves are banned\n|rule|Evasion Items Clause: Evasion items are banned\n|rule|Evasion Moves Clause: Evasion moves are banned\n|rule|Endless Battle Clause: Forcing endless battles is banned\n|rule|HP Percentage Mod: HP is shown in percentages\n|rule|Dynamax Clause: You cannot dynamax\n|clearpoke\n|poke|p1|Landorus-Therian, M|\n|poke|p1|Melmetal|\n|poke|p1|Slowbro, M|\n|poke|p1|Weavile, F|\n|poke|p1|Tornadus-Therian, M|\n|poke|p1|Tyranitar, F|\n|poke|p2|Pelipper, M|\n|poke|p2|Landorus-Therian, M|\n|poke|p2|Ferrothorn, F|\n|poke|p2|Barraskewda, F|\n|poke|p2|Tapu Lele|\n|poke|p2|Weavile, F|\n|teampreview\n|\n|t:|1661474408\n|start\n|switch|p1a: Flying Reptar|Tornadus-Therian, M|100\/100\n|switch|p2a: Landorus|Landorus-Therian, M|100\/100\n|-ability|p2a: Landorus|Intimidate|boost\n|-unboost|p1a: Flying Reptar|atk|1\n|turn|1\n|j| edrala\n|\n|t:|1661474433\n|move|p1a: Flying Reptar|Hurricane|p2a: Landorus|[miss]\n|-miss|p1a: Flying Reptar|p2a: Landorus\n|move|p2a: Landorus|Toxic|p1a: Flying Reptar\n|-status|p1a: Flying Reptar|tox\n|\n|-damage|p1a: Flying Reptar|94\/100 tox|[from] psn\n|upkeep\n|turn|2\n|\n|t:|1661474437\n|move|p1a: Flying Reptar|U-turn|p2a: Landorus\n|-resisted|p2a: Landorus\n|-damage|p2a: Landorus|97\/100\n|j| LT92PF Raizen\n|\n|t:|1661474439\n|switch|p1a: Neon|Weavile, F, shiny|100\/100|[from]move: U-turn\n|-ability|p1a: Neon|Pressure\n|move|p2a: Landorus|U-turn|p1a: Neon\n|-supereffective|p1a: Neon\n|-damage|p1a: Neon|23\/100\n|\n|t:|1661474443\n|switch|p2a: Tapu Lele|Tapu Lele|100\/100|[from]move: U-turn\n|-fieldstart|move: Psychic Terrain|[from] ability: Psychic Surge|[of] p2a: Tapu Lele\n|\n|upkeep\n|turn|3\n|\n|t:|1661474449\n|switch|p1a: Honey|Melmetal|100\/100\n|move|p2a: Tapu Lele|Moonblast|p1a: Honey\n|-resisted|p1a: Honey\n|-damage|p1a: Honey|77\/100\n|\n|-heal|p1a: Honey|83\/100|[from] item: Leftovers\n|upkeep\n|turn|4\n|\n|t:|1661474480\n|switch|p2a: Landorus|Landorus-Therian, M|97\/100\n|-ability|p2a: Landorus|Intimidate|boost\n|-unboost|p1a: Honey|atk|1\n|switch|p1a: Simba|Landorus-Therian, M, shiny|100\/100\n|-ability|p1a: Simba|Intimidate|boost\n|-unboost|p2a: Landorus|atk|1\n|\n|-heal|p2a: Landorus|100\/100|[from] item: Leftovers\n|upkeep\n|turn|5\n|j| SenorMarowak\n|\n|t:|1661474485\n|move|p1a: Simba|Substitute|p1a: Simba\n|-start|p1a: Simba|Substitute\n|-damage|p1a: Simba|76\/100\n|move|p2a: Landorus|Toxic||[still]\n|-fail|p2a: Landorus\n|\n|-heal|p1a: Simba|82\/100|[from] item: Leftovers\n|upkeep\n|turn|6\n|\n|t:|1661474498\n|move|p1a: Simba|Toxic|p2a: Landorus\n|-status|p2a: Landorus|tox\n|move|p2a: Landorus|U-turn|p1a: Simba\n|-resisted|p1a: Simba\n|-activate|p1a: Simba|move: Substitute|[damage]\n|\n|t:|1661474503\n|switch|p2a: Weavile|Weavile, F|100\/100|[from]move: U-turn\n|-ability|p2a: Weavile|Pressure\n|\n|-heal|p1a: Simba|88\/100|[from] item: Leftovers\n|-fieldend|move: Psychic Terrain\n|upkeep\n|turn|7\n|\n|t:|1661474510\n|switch|p1a: Violet|Slowbro, M, shiny|100\/100\n|move|p2a: Weavile|Knock Off|p1a: Violet\n|-supereffective|p1a: Violet\n|-damage|p1a: Violet|14\/100\n|-damage|p2a: Weavile|84\/100|[from] item: Rocky Helmet|[of] p1a: Violet\n|-enditem|p1a: Violet|Rocky Helmet|[from] move: Knock Off|[of] p2a: Weavile\n|\n|upkeep\n|turn|8\n|\n|t:|1661474517\n|switch|p1a: Reptar|Tyranitar, F|100\/100\n|-weather|Sandstorm|[from] ability: Sand Stream|[of] p1a: Reptar\n|move|p2a: Weavile|Knock Off|p1a: Reptar\n|-resisted|p1a: Reptar\n|-damage|p1a: Reptar|72\/100\n|-enditem|p1a: Reptar|Leftovers|[from] move: Knock Off|[of] p2a: Weavile\n|\n|-weather|Sandstorm|[upkeep]\n|-damage|p2a: Weavile|78\/100|[from] Sandstorm\n|upkeep\n|turn|9\n|\n|t:|1661474538\n|switch|p2a: Landorus|Landorus-Therian, M|100\/100 tox\n|-ability|p2a: Landorus|Intimidate|boost\n|-unboost|p1a: Reptar|atk|1\n|move|p1a: Reptar|Stealth Rock|p2a: Landorus\n|-sidestart|p2: LT94JE Lio|move: Stealth Rock\n|\n|-weather|Sandstorm|[upkeep]\n|-damage|p2a: Landorus|94\/100 tox|[from] psn\n|upkeep\n|turn|10\n|\n|t:|1661474555\n|switch|p1a: Flying Reptar|Tornadus-Therian, M|100\/100 tox\n|move|p2a: Landorus|U-turn|p1a: Flying Reptar\n|-resisted|p1a: Flying Reptar\n|-damage|p1a: Flying Reptar|90\/100 tox\n|\n|t:|1661474562\n|switch|p2a: Pelipper|Pelipper, M|100\/100|[from]move: U-turn\n|-damage|p2a: Pelipper|76\/100|[from] Stealth Rock\n|-weather|RainDance|[from] ability: Drizzle|[of] p2a: Pelipper\n|\n|-weather|RainDance|[upkeep]\n|-damage|p1a: Flying Reptar|84\/100 tox|[from] psn\n|upkeep\n|turn|11\n|\n|t:|1661474570\n|switch|p2a: Ferrothorn|Ferrothorn, F|100\/100\n|-damage|p2a: Ferrothorn|95\/100|[from] Stealth Rock\n|move|p1a: Flying Reptar|Hurricane|p2a: Ferrothorn\n|-damage|p2a: Ferrothorn|60\/100\n|-start|p2a: Ferrothorn|confusion\n|-enditem|p2a: Ferrothorn|Eject Button\n|\n|t:|1661474572\n|switch|p2a: Barraskewda|Barraskewda, F|100\/100\n|-damage|p2a: Barraskewda|88\/100|[from] Stealth Rock\n|\n|-weather|RainDance|[upkeep]\n|-damage|p1a: Flying Reptar|71\/100 tox|[from] psn\n|upkeep\n|turn|12\n|\n|t:|1661474580\n|move|p2a: Barraskewda|Liquidation|p1a: Flying Reptar\n|-crit|p1a: Flying Reptar\n|-damage|p1a: Flying Reptar|0 fnt\n|faint|p1a: Flying Reptar\n|\n|-weather|RainDance|[upkeep]\n|upkeep\n|\n|t:|1661474592\n|switch|p1a: Violet|Slowbro, M, shiny|48\/100\n|turn|13\n|j| Arcaslash\n|\n|t:|1661474609\n|switch|p2a: Tapu Lele|Tapu Lele|100\/100\n|-damage|p2a: Tapu Lele|88\/100|[from] Stealth Rock\n|-fieldstart|move: Psychic Terrain|[from] ability: Psychic Surge|[of] p2a: Tapu Lele\n|move|p1a: Violet|Slack Off|p1a: Violet\n|-heal|p1a: Violet|98\/100\n|\n|-weather|RainDance|[upkeep]\n|upkeep\n|turn|14\n|\n|t:|1661474623\n|move|p2a: Tapu Lele|Thunder|p1a: Violet\n|-supereffective|p1a: Violet\n|-crit|p1a: Violet\n|-damage|p1a: Violet|0 fnt\n|faint|p1a: Violet\n|\n|-weather|none\n|upkeep\n|-message|Burnt Bright forfeited.\n|\n|win|LT94JE Lio\n|raw|Burnt Bright's rating: 1798 &rarr; <strong>1778<\/strong><br \/>(-20 for losing)\n|raw|LT94JE Lio's rating: 1794 &rarr; <strong>1814<\/strong><br \/>(+20 for winning)\n|l|\u2606Burnt Bright\n|l| SenorMarowak\n|l| LT92PF Raizen\n||Ladder isn't responding, score probably updated but might not have (Request timeout).\n|l|\u2606LT94JE Lio\n","uploadtime":1661474736,"views":43,"p1id":"burntbright","p2id":"lt94jelio","formatid":"gen8ou","rating":1778,"private":0,"password":null}