{"id":"gen8ou-1542659341","p1":"Furret4ssb\u2713","p2":"yung_iznamakin","format":"gen8ou","log":"|j|\u2606Furret4ssb\u2713\n|j|\u2606yung_iznamakin\n|t:|1648700548\n|gametype|singles\n|player|p1|Furret4ssb\u2713|266|1487\n|player|p2|yung_iznamakin|brendan-gen3|1539\n|teamsize|p1|6\n|teamsize|p2|6\n|gen|8\n|tier|[Gen 8] OU\n|rated|\n|rule|Sleep Clause Mod: Limit one foe put to sleep\n|rule|Species Clause: Limit one of each Pok\u00e9mon\n|rule|OHKO Clause: OHKO moves are banned\n|rule|Evasion Moves Clause: Evasion moves are banned\n|rule|Endless Battle Clause: Forcing endless battles is banned\n|rule|HP Percentage Mod: HP is shown in percentages\n|rule|Dynamax Clause: You cannot dynamax\n|clearpoke\n|poke|p1|Tapu Lele|\n|poke|p1|Dragapult, M|\n|poke|p1|Landorus-Therian, M|\n|poke|p1|Weavile, M|\n|poke|p1|Tapu Fini|\n|poke|p1|Heatran, F|\n|poke|p2|Blaziken, M|\n|poke|p2|Blissey, F|\n|poke|p2|Tangrowth, F|\n|poke|p2|Dragapult, M|\n|poke|p2|Corviknight, M|\n|poke|p2|Weavile, M|\n|teampreview\n|\n|t:|1648700556\n|start\n|switch|p1a: Landorus|Landorus-Therian, M|100\/100\n|switch|p2a: Weavile|Weavile, M|100\/100\n|-ability|p2a: Weavile|Pressure\n|-ability|p1a: Landorus|Intimidate|boost\n|-unboost|p2a: Weavile|atk|1\n|turn|1\n|\n|t:|1648700577\n|switch|p1a: Heatran|Heatran, F|100\/100\n|move|p2a: Weavile|Swords Dance|p2a: Weavile\n|-boost|p2a: Weavile|atk|2\n|\n|upkeep\n|turn|2\n|inactive|Battle timer is ON: inactive players will automatically lose when time's up. (requested by yung_iznamakin)\n|inactive|yung_iznamakin has 120 seconds left.\n|inactive|yung_iznamakin has 90 seconds left.\n|\n|t:|1648700641\n|move|p2a: Weavile|Low Kick|p1a: Heatran\n|-supereffective|p1a: Heatran\n|-damage|p1a: Heatran|0 fnt\n|faint|p1a: Heatran\n|-damage|p2a: Weavile|91\/100|[from] item: Life Orb\n|\n|upkeep\n|\n|t:|1648700647\n|switch|p1a: Dragapult|Dragapult, M|100\/100\n|turn|3\n|\n|t:|1648700650\n|switch|p2a: Blissey|Blissey, F|100\/100\n|move|p1a: Dragapult|Flamethrower|p2a: Blissey\n|-damage|p2a: Blissey|87\/100\n|\n|upkeep\n|turn|4\n|\n|t:|1648700656\n|switch|p1a: Weavile|Weavile, M|100\/100\n|-ability|p1a: Weavile|Pressure\n|move|p2a: Blissey|Teleport|p2a: Blissey\n|\n|t:|1648700660\n|switch|p2a: Blaziken|Blaziken, M|100\/100|[from]move: Teleport\n|\n|upkeep\n|turn|5\n|\n|t:|1648700663\n|switch|p1a: Landorus|Landorus-Therian, M|100\/100\n|-ability|p1a: Landorus|Intimidate|boost\n|-unboost|p2a: Blaziken|atk|1\n|move|p2a: Blaziken|Blaze Kick|p1a: Landorus\n|-damage|p1a: Landorus|61\/100\n|-status|p1a: Landorus|brn\n|-damage|p2a: Blaziken|91\/100|[from] item: Life Orb\n|\n|-heal|p1a: Landorus|67\/100 brn|[from] item: Leftovers\n|-damage|p1a: Landorus|61\/100 brn|[from] brn\n|-ability|p2a: Blaziken|Speed Boost|boost\n|-boost|p2a: Blaziken|spe|1\n|upkeep\n|turn|6\n|\n|t:|1648700675\n|switch|p2a: Corviknight|Corviknight, M|100\/100\n|-ability|p2a: Corviknight|Pressure\n|move|p1a: Landorus|U-turn|p2a: Corviknight\n|-resisted|p2a: Corviknight\n|-damage|p2a: Corviknight|99\/100\n|\n|t:|1648700681\n|switch|p1a: Tapu Fini|Tapu Fini|100\/100|[from]move: U-turn\n|-fieldstart|move: Misty Terrain|[from] ability: Misty Surge|[of] p1a: Tapu Fini\n|\n|-heal|p2a: Corviknight|100\/100|[from] item: Leftovers\n|upkeep\n|turn|7\n|\n|t:|1648700687\n|move|p1a: Tapu Fini|Taunt|p2a: Corviknight\n|-start|p2a: Corviknight|move: Taunt\n|move|p2a: Corviknight|U-turn|p1a: Tapu Fini\n|-resisted|p1a: Tapu Fini\n|-damage|p1a: Tapu Fini|95\/100\n|\n|t:|1648700692\n|switch|p2a: Tangrowth|Tangrowth, F|100\/100|[from]move: U-turn\n|\n|-heal|p1a: Tapu Fini|100\/100|[from] item: Leftovers\n|upkeep\n|turn|8\n|\n|t:|1648700705\n|switch|p1a: Tapu Lele|Tapu Lele|100\/100\n|-fieldstart|move: Psychic Terrain|[from] ability: Psychic Surge|[of] p1a: Tapu Lele\n|move|p2a: Tangrowth|Knock Off|p1a: Tapu Lele\n|-damage|p1a: Tapu Lele|67\/100\n|-enditem|p1a: Tapu Lele|Choice Specs|[from] move: Knock Off|[of] p2a: Tangrowth\n|\n|upkeep\n|turn|9\n|\n|t:|1648700713\n|switch|p2a: Blissey|Blissey, F|87\/100\n|move|p1a: Tapu Lele|Psychic|p2a: Blissey\n|-crit|p2a: Blissey\n|-damage|p2a: Blissey|53\/100\n|\n|upkeep\n|turn|10\n|\n|t:|1648700720\n|move|p1a: Tapu Lele|Psyshock|p2a: Blissey\n|-damage|p2a: Blissey|0 fnt\n|faint|p2a: Blissey\n|\n|upkeep\n|\n|t:|1648700724\n|switch|p2a: Dragapult|Dragapult, M|100\/100\n|turn|11\n|\n|t:|1648700728\n|switch|p1a: Tapu Fini|Tapu Fini|100\/100\n|-fieldstart|move: Misty Terrain|[from] ability: Misty Surge|[of] p1a: Tapu Fini\n|move|p2a: Dragapult|Shadow Ball|p1a: Tapu Fini\n|-damage|p1a: Tapu Fini|61\/100\n|\n|-heal|p1a: Tapu Fini|67\/100|[from] item: Leftovers\n|upkeep\n|turn|12\n|\n|t:|1648700736\n|move|p2a: Dragapult|Shadow Ball|p1a: Tapu Fini\n|-damage|p1a: Tapu Fini|28\/100\n|move|p1a: Tapu Fini|Draining Kiss|p2a: Dragapult\n|-supereffective|p2a: Dragapult\n|-damage|p2a: Dragapult|53\/100\n|-heal|p1a: Tapu Fini|61\/100|[from] drain|[of] p2a: Dragapult\n|\n|-heal|p1a: Tapu Fini|67\/100|[from] item: Leftovers\n|upkeep\n|turn|13\n|\n|t:|1648700746\n|move|p2a: Dragapult|Shadow Ball|p1a: Tapu Fini\n|-damage|p1a: Tapu Fini|28\/100\n|move|p1a: Tapu Fini|Draining Kiss|p2a: Dragapult\n|-supereffective|p2a: Dragapult\n|-damage|p2a: Dragapult|4\/100\n|-heal|p1a: Tapu Fini|62\/100|[from] drain|[of] p2a: Dragapult\n|\n|-heal|p1a: Tapu Fini|68\/100|[from] item: Leftovers\n|upkeep\n|turn|14\n|\n|t:|1648700754\n|switch|p1a: Weavile|Weavile, M|100\/100\n|-ability|p1a: Weavile|Pressure\n|move|p2a: Dragapult|Shadow Ball|p1a: Weavile\n|-resisted|p1a: Weavile\n|-damage|p1a: Weavile|63\/100\n|\n|upkeep\n|turn|15\n|\n|t:|1648700764\n|move|p2a: Dragapult|Shadow Ball|p1a: Weavile\n|-resisted|p1a: Weavile\n|-damage|p1a: Weavile|28\/100\n|move|p1a: Weavile|Knock Off|p2a: Dragapult\n|-supereffective|p2a: Dragapult\n|-damage|p2a: Dragapult|0 fnt\n|-enditem|p2a: Dragapult|Choice Specs|[from] move: Knock Off|[of] p1a: Weavile\n|faint|p2a: Dragapult\n|\n|-fieldend|Misty Terrain\n|upkeep\n|\n|t:|1648700773\n|switch|p2a: Weavile|Weavile, M|91\/100\n|-ability|p2a: Weavile|Pressure\n|turn|16\n|\n|t:|1648700776\n|move|p1a: Weavile|Low Kick|p2a: Weavile\n|-supereffective|p2a: Weavile\n|-damage|p2a: Weavile|0 fnt\n|faint|p2a: Weavile\n|\n|upkeep\n|c|\u2606Furret4ssb\u2713|oh\n|\n|t:|1648700782\n|switch|p2a: Blaziken|Blaziken, M|91\/100\n|turn|17\n|\n|t:|1648700785\n|move|p1a: Weavile|Triple Axel|p2a: Blaziken\n|-resisted|p2a: Blaziken\n|-damage|p2a: Blaziken|83\/100\n|-resisted|p2a: Blaziken\n|-damage|p2a: Blaziken|68\/100\n|-resisted|p2a: Blaziken\n|-damage|p2a: Blaziken|45\/100\n|-hitcount|p2a: Blaziken|3\n|move|p2a: Blaziken|Swords Dance|p2a: Blaziken\n|-boost|p2a: Blaziken|atk|2\n|\n|-ability|p2a: Blaziken|Speed Boost|boost\n|-boost|p2a: Blaziken|spe|1\n|upkeep\n|turn|18\n|\n|t:|1648700795\n|move|p2a: Blaziken|Swords Dance|p2a: Blaziken\n|-boost|p2a: Blaziken|atk|2\n|move|p1a: Weavile|Low Kick|p2a: Blaziken\n|-damage|p2a: Blaziken|3\/100\n|\n|-ability|p2a: Blaziken|Speed Boost|boost\n|-boost|p2a: Blaziken|spe|1\n|upkeep\n|turn|19\n|c|\u2606Furret4ssb\u2713|oh\n|\n|t:|1648700801\n|move|p2a: Blaziken|Blaze Kick|p1a: Weavile\n|-supereffective|p1a: Weavile\n|-damage|p1a: Weavile|0 fnt\n|faint|p1a: Weavile\n|-damage|p2a: Blaziken|0 fnt|[from] item: Life Orb\n|faint|p2a: Blaziken\n|\n|upkeep\n|c|\u2606Furret4ssb\u2713|ok\n|-message|yung_iznamakin forfeited.\n|\n|win|Furret4ssb\u2713\n|raw|Furret4ssb\u2713's rating: 1487 &rarr; <strong>1510<\/strong><br \/>(+23 for winning)\n|raw|yung_iznamakin's rating: 1539 &rarr; <strong>1516<\/strong><br \/>(-23 for losing)\n|l|\u2606yung_iznamakin\n","uploadtime":1648700808,"views":65,"p1id":"furret4ssb","p2id":"yungiznamakin","formatid":"gen8ou","rating":1510,"private":0,"password":null}