{"id":"gen8ou-1670489447","p1":"lacalvaz2","p2":"machugen","format":"gen8ou","log":"|j|\u2606lacalvaz2\n|j|\u2606machugen\n|t:|1664168110\n|gametype|singles\n|player|p1|lacalvaz2|265|1530\n|player|p2|machugen|byron|1616\n|teamsize|p1|6\n|teamsize|p2|6\n|gen|8\n|tier|[Gen 8] OU\n|rated|\n|rule|Sleep Clause Mod: Limit one foe put to sleep\n|rule|Species Clause: Limit one of each Pok\u00e9mon\n|rule|OHKO Clause: OHKO moves are banned\n|rule|Evasion Items Clause: Evasion items are banned\n|rule|Evasion Moves Clause: Evasion moves are banned\n|rule|Endless Battle Clause: Forcing endless battles is banned\n|rule|HP Percentage Mod: HP is shown in percentages\n|rule|Dynamax Clause: You cannot dynamax\n|clearpoke\n|poke|p1|Blacephalon|\n|poke|p1|Ninetales-Alola, F|\n|poke|p1|Tapu Fini|\n|poke|p1|Heatran, M|\n|poke|p1|Garchomp, F|\n|poke|p1|Kartana|\n|poke|p2|Nihilego|\n|poke|p2|Kartana|\n|poke|p2|Magnezone|\n|poke|p2|Slowbro, F|\n|poke|p2|Tornadus-Therian, M|\n|poke|p2|Hippowdon, M|\n|teampreview\n|inactive|Battle timer is ON: inactive players will automatically lose when time's up. (requested by lacalvaz2)\n|\n|t:|1664168118\n|start\n|switch|p1a: Ninetales|Ninetales-Alola, F|100\/100\n|switch|p2a: Tornadus|Tornadus-Therian, M|100\/100\n|-weather|Hail|[from] ability: Snow Warning|[of] p1a: Ninetales\n|turn|1\n|\n|t:|1664168130\n|move|p2a: Tornadus|Knock Off|p1a: Ninetales\n|-resisted|p1a: Ninetales\n|-damage|p1a: Ninetales|87\/100\n|-enditem|p1a: Ninetales|Light Clay|[from] move: Knock Off|[of] p2a: Tornadus\n|move|p1a: Ninetales|Freeze-Dry|p2a: Tornadus\n|-supereffective|p2a: Tornadus\n|-damage|p2a: Tornadus|59\/100\n|\n|-weather|Hail|[upkeep]\n|-damage|p2a: Tornadus|53\/100|[from] Hail\n|upkeep\n|turn|2\n|\n|t:|1664168152\n|move|p2a: Tornadus|U-turn|p1a: Ninetales\n|-resisted|p1a: Ninetales\n|-damage|p1a: Ninetales|77\/100\n|\n|t:|1664168154\n|switch|p2a: Hippowdon|Hippowdon, M|100\/100|[from]move: U-turn\n|-weather|Sandstorm|[from] ability: Sand Stream|[of] p2a: Hippowdon\n|move|p1a: Ninetales|Hail|p1a: Ninetales\n|-weather|Hail\n|\n|-weather|Hail|[upkeep]\n|-damage|p2a: Hippowdon|94\/100|[from] Hail\n|-heal|p2a: Hippowdon|100\/100|[from] item: Leftovers\n|upkeep\n|turn|3\n|\n|t:|1664168159\n|move|p1a: Ninetales|Aurora Veil|p1a: Ninetales\n|-sidestart|p1: lacalvaz2|move: Aurora Veil\n|move|p2a: Hippowdon|Stealth Rock|p1a: Ninetales\n|-sidestart|p1: lacalvaz2|move: Stealth Rock\n|\n|-weather|Hail|[upkeep]\n|-damage|p2a: Hippowdon|94\/100|[from] Hail\n|-heal|p2a: Hippowdon|100\/100|[from] item: Leftovers\n|upkeep\n|turn|4\n|\n|t:|1664168171\n|switch|p2a: Magnezone|Magnezone|100\/100\n|-item|p2a: Magnezone|Air Balloon\n|move|p1a: Ninetales|Encore||[still]\n|-fail|p1a: Ninetales\n|\n|-weather|Hail|[upkeep]\n|-damage|p2a: Magnezone|94\/100|[from] Hail\n|upkeep\n|turn|5\n|\n|t:|1664168196\n|switch|p1a: Garchomp|Garchomp, F|100\/100\n|-damage|p1a: Garchomp|94\/100|[from] Stealth Rock\n|move|p2a: Magnezone|Iron Defense|p2a: Magnezone\n|-boost|p2a: Magnezone|def|2\n|\n|-weather|Hail|[upkeep]\n|-damage|p1a: Garchomp|88\/100|[from] Hail\n|-damage|p2a: Magnezone|88\/100|[from] Hail\n|-heal|p1a: Garchomp|94\/100|[from] item: Leftovers\n|upkeep\n|turn|6\n|\n|t:|1664168210\n|move|p1a: Garchomp|Swords Dance|p1a: Garchomp\n|-boost|p1a: Garchomp|atk|2\n|move|p2a: Magnezone|Iron Defense|p2a: Magnezone\n|-boost|p2a: Magnezone|def|2\n|\n|-weather|none\n|-heal|p1a: Garchomp|100\/100|[from] item: Leftovers\n|upkeep\n|turn|7\n|\n|t:|1664168223\n|move|p1a: Garchomp|Scale Shot|p2a: Magnezone\n|-resisted|p2a: Magnezone\n|-damage|p2a: Magnezone|85\/100\n|-enditem|p2a: Magnezone|Air Balloon\n|-resisted|p2a: Magnezone\n|-damage|p2a: Magnezone|82\/100\n|-resisted|p2a: Magnezone\n|-damage|p2a: Magnezone|79\/100\n|-hitcount|p2a: Magnezone|3\n|-unboost|p1a: Garchomp|def|1\n|-boost|p1a: Garchomp|spe|1\n|move|p2a: Magnezone|Iron Defense|p2a: Magnezone\n|-boost|p2a: Magnezone|def|2\n|\n|-sideend|p1: lacalvaz2|move: Aurora Veil\n|upkeep\n|turn|8\n|\n|t:|1664168227\n|move|p1a: Garchomp|Earthquake|p2a: Magnezone\n|-supereffective|p2a: Magnezone\n|-damage|p2a: Magnezone|7\/100\n|move|p2a: Magnezone|Body Press|p1a: Garchomp\n|-damage|p1a: Garchomp|0 fnt\n|-damage|p2a: Magnezone|0 fnt|[from] ability: Rough Skin|[of] p1a: Garchomp\n|faint|p1a: Garchomp\n|faint|p2a: Magnezone\n|\n|upkeep\n|\n|t:|1664168253\n|switch|p1a: Heatran|Heatran, M|100\/100\n|switch|p2a: Nihilego|Nihilego|100\/100\n|-damage|p1a: Heatran|88\/100|[from] Stealth Rock\n|-item|p1a: Heatran|Air Balloon\n|turn|9\n|inactive|lacalvaz2 has 120 seconds left.\n|\n|t:|1664168275\n|move|p2a: Nihilego|Meteor Beam||[still]\n|-prepare|p2a: Nihilego|Meteor Beam\n|-boost|p2a: Nihilego|spa|1\n|-enditem|p2a: Nihilego|Power Herb\n|-anim|p2a: Nihilego|Meteor Beam|p1a: Heatran\n|-damage|p1a: Heatran|17\/100\n|-enditem|p1a: Heatran|Air Balloon\n|move|p1a: Heatran|Earth Power|p2a: Nihilego\n|-supereffective|p2a: Nihilego\n|-crit|p2a: Nihilego\n|-damage|p2a: Nihilego|0 fnt\n|faint|p2a: Nihilego\n|\n|upkeep\n|j| ghjdfdfgjfhgh\n|\n|t:|1664168287\n|switch|p2a: Hippowdon|Hippowdon, M|100\/100\n|-weather|Sandstorm|[from] ability: Sand Stream|[of] p2a: Hippowdon\n|turn|10\n|inactive|lacalvaz2 has 120 seconds left.\n|\n|t:|1664168326\n|move|p1a: Heatran|Stealth Rock|p2a: Hippowdon\n|-sidestart|p2: machugen|move: Stealth Rock\n|move|p2a: Hippowdon|Earthquake|p1a: Heatran\n|-supereffective|p1a: Heatran\n|-damage|p1a: Heatran|0 fnt\n|faint|p1a: Heatran\n|\n|-weather|Sandstorm|[upkeep]\n|upkeep\n|\n|t:|1664168330\n|switch|p1a: Ninetales|Ninetales-Alola, F|77\/100\n|-damage|p1a: Ninetales|52\/100|[from] Stealth Rock\n|-weather|Hail|[from] ability: Snow Warning|[of] p1a: Ninetales\n|turn|11\n|\n|t:|1664168335\n|move|p1a: Ninetales|Aurora Veil|p1a: Ninetales\n|-sidestart|p1: lacalvaz2|move: Aurora Veil\n|move|p2a: Hippowdon|Toxic|p1a: Ninetales|[miss]\n|-miss|p2a: Hippowdon|p1a: Ninetales\n|\n|-weather|Hail|[upkeep]\n|-damage|p2a: Hippowdon|94\/100|[from] Hail\n|-heal|p2a: Hippowdon|100\/100|[from] item: Leftovers\n|upkeep\n|turn|12\n|\n|t:|1664168341\n|switch|p1a: Tapu Fini|Tapu Fini|100\/100\n|-damage|p1a: Tapu Fini|88\/100|[from] Stealth Rock\n|-fieldstart|move: Misty Terrain|[from] ability: Misty Surge|[of] p1a: Tapu Fini\n|switch|p2a: Slowbro|Slowbro, F|100\/100\n|-damage|p2a: Slowbro|88\/100|[from] Stealth Rock\n|\n|-weather|Hail|[upkeep]\n|-damage|p1a: Tapu Fini|82\/100|[from] Hail\n|-damage|p2a: Slowbro|82\/100|[from] Hail\n|upkeep\n|turn|13\n|\n|t:|1664168346\n|move|p1a: Tapu Fini|Calm Mind|p1a: Tapu Fini\n|-boost|p1a: Tapu Fini|spa|1\n|-boost|p1a: Tapu Fini|spd|1\n|move|p2a: Slowbro|Teleport|p2a: Slowbro\n|\n|t:|1664168347\n|switch|p2a: Tornadus|Tornadus-Therian, M|86\/100|[from]move: Teleport\n|\n|-weather|Hail|[upkeep]\n|-damage|p2a: Tornadus|80\/100|[from] Hail\n|-damage|p1a: Tapu Fini|76\/100|[from] Hail\n|upkeep\n|turn|14\n|\n|t:|1664168360\n|move|p2a: Tornadus|Defog|p1a: Tapu Fini\n|-unboost|p1a: Tapu Fini|evasion|1\n|-sideend|p1: lacalvaz2|move: Aurora Veil\n|-sideend|p1: lacalvaz2|Stealth Rock|[from] move: Defog|[of] p2a: Tornadus\n|-sideend|p2: machugen|Stealth Rock|[from] move: Defog|[of] p2a: Tornadus\n|-fieldend|Misty Terrain\n|move|p1a: Tapu Fini|Surf|p2a: Tornadus\n|-damage|p2a: Tornadus|34\/100\n|\n|-weather|Hail|[upkeep]\n|-damage|p2a: Tornadus|28\/100|[from] Hail\n|-damage|p1a: Tapu Fini|70\/100|[from] Hail\n|upkeep\n|turn|15\n|\n|t:|1664168378\n|move|p2a: Tornadus|U-turn|p1a: Tapu Fini\n|-resisted|p1a: Tapu Fini\n|-damage|p1a: Tapu Fini|65\/100\n|\n|t:|1664168380\n|switch|p2a: Slowbro|Slowbro, F|100\/100|[from]move: U-turn\n|move|p1a: Tapu Fini|Surf|p2a: Slowbro\n|-resisted|p2a: Slowbro\n|-crit|p2a: Slowbro\n|-damage|p2a: Slowbro|64\/100\n|\n|-weather|none\n|upkeep\n|turn|16\n|\n|t:|1664168387\n|move|p1a: Tapu Fini|Taunt|p2a: Slowbro\n|-start|p2a: Slowbro|move: Taunt\n|cant|p2a: Slowbro|move: Taunt|Teleport\n|\n|upkeep\n|turn|17\n|\n|t:|1664168397\n|move|p1a: Tapu Fini|Surf|p2a: Slowbro\n|-resisted|p2a: Slowbro\n|-damage|p2a: Slowbro|41\/100\n|move|p2a: Slowbro|Body Press|p1a: Tapu Fini\n|-resisted|p1a: Tapu Fini\n|-damage|p1a: Tapu Fini|55\/100\n|\n|upkeep\n|turn|18\n|\n|t:|1664168403\n|move|p1a: Tapu Fini|Draining Kiss|p2a: Slowbro\n|-damage|p2a: Slowbro|17\/100\n|-heal|p1a: Tapu Fini|75\/100|[from] drain|[of] p2a: Slowbro\n|move|p2a: Slowbro|Body Press|p1a: Tapu Fini\n|-resisted|p1a: Tapu Fini\n|-damage|p1a: Tapu Fini|65\/100\n|\n|-end|p2a: Slowbro|move: Taunt\n|upkeep\n|turn|19\n|l| ghjdfdfgjfhgh\n|\n|t:|1664168425\n|move|p1a: Tapu Fini|Surf|p2a: Slowbro\n|-resisted|p2a: Slowbro\n|-damage|p2a: Slowbro|0 fnt\n|faint|p2a: Slowbro\n|\n|upkeep\n|\n|t:|1664168428\n|switch|p2a: Kartana|Kartana|100\/100\n|turn|20\n|\n|t:|1664168436\n|switch|p1a: Kartana|Kartana|100\/100\n|move|p2a: Kartana|Leaf Blade|p1a: Kartana\n|-resisted|p1a: Kartana\n|-crit|p1a: Kartana\n|-damage|p1a: Kartana|77\/100\n|\n|upkeep\n|turn|21\n|inactive|lacalvaz2 has 120 seconds left.\n|\n|t:|1664168484\n|switch|p2a: Hippowdon|Hippowdon, M|100\/100\n|-weather|Sandstorm|[from] ability: Sand Stream|[of] p2a: Hippowdon\n|switch|p1a: Blacephalon|Blacephalon|100\/100\n|\n|-weather|Sandstorm|[upkeep]\n|-damage|p1a: Blacephalon|94\/100|[from] Sandstorm\n|upkeep\n|turn|22\n|inactive|lacalvaz2 has 90 seconds left.\n|\n|t:|1664168519\n|switch|p1a: Ninetales|Ninetales-Alola, F|52\/100\n|-weather|Hail|[from] ability: Snow Warning|[of] p1a: Ninetales\n|move|p2a: Hippowdon|Earthquake|p1a: Ninetales\n|-damage|p1a: Ninetales|8\/100\n|\n|-weather|Hail|[upkeep]\n|-damage|p2a: Hippowdon|94\/100|[from] Hail\n|-heal|p2a: Hippowdon|100\/100|[from] item: Leftovers\n|upkeep\n|turn|23\n|\n|t:|1664168529\n|move|p1a: Ninetales|Aurora Veil|p1a: Ninetales\n|-sidestart|p1: lacalvaz2|move: Aurora Veil\n|move|p2a: Hippowdon|Earthquake|p1a: Ninetales\n|-damage|p1a: Ninetales|0 fnt\n|faint|p1a: Ninetales\n|\n|-weather|Hail|[upkeep]\n|-damage|p2a: Hippowdon|94\/100|[from] Hail\n|-heal|p2a: Hippowdon|100\/100|[from] item: Leftovers\n|upkeep\n|inactive|lacalvaz2 has 90 seconds left.\n|\n|t:|1664168545\n|switch|p1a: Tapu Fini|Tapu Fini|65\/100\n|-fieldstart|move: Misty Terrain|[from] ability: Misty Surge|[of] p1a: Tapu Fini\n|turn|24\n|\n|t:|1664168571\n|switch|p1a: Blacephalon|Blacephalon|94\/100\n|move|p2a: Hippowdon|Earthquake|p1a: Blacephalon\n|-supereffective|p1a: Blacephalon\n|-damage|p1a: Blacephalon|29\/100\n|\n|-weather|Hail|[upkeep]\n|-damage|p1a: Blacephalon|22\/100|[from] Hail\n|-damage|p2a: Hippowdon|94\/100|[from] Hail\n|-heal|p2a: Hippowdon|100\/100|[from] item: Leftovers\n|upkeep\n|turn|25\n|\n|t:|1664168579\n|switch|p1a: Tapu Fini|Tapu Fini|65\/100\n|move|p2a: Hippowdon|Stealth Rock|p1a: Tapu Fini\n|-sidestart|p1: lacalvaz2|move: Stealth Rock\n|\n|-weather|Hail|[upkeep]\n|-damage|p1a: Tapu Fini|59\/100|[from] Hail\n|-damage|p2a: Hippowdon|94\/100|[from] Hail\n|-heal|p2a: Hippowdon|100\/100|[from] item: Leftovers\n|upkeep\n|turn|26\n|\n|t:|1664168586\n|move|p1a: Tapu Fini|Calm Mind|p1a: Tapu Fini\n|-boost|p1a: Tapu Fini|spa|1\n|-boost|p1a: Tapu Fini|spd|1\n|move|p2a: Hippowdon|Earthquake|p1a: Tapu Fini\n|-damage|p1a: Tapu Fini|44\/100\n|\n|-weather|none\n|upkeep\n|turn|27\n|\n|t:|1664168590\n|move|p1a: Tapu Fini|Surf|p2a: Hippowdon\n|-supereffective|p2a: Hippowdon\n|-damage|p2a: Hippowdon|40\/100\n|move|p2a: Hippowdon|Earthquake|p1a: Tapu Fini\n|-damage|p1a: Tapu Fini|31\/100\n|\n|-heal|p2a: Hippowdon|46\/100|[from] item: Leftovers\n|-sideend|p1: lacalvaz2|move: Aurora Veil\n|upkeep\n|turn|28\n|\n|t:|1664168594\n|move|p1a: Tapu Fini|Draining Kiss|p2a: Hippowdon\n|-damage|p2a: Hippowdon|28\/100\n|-heal|p1a: Tapu Fini|47\/100|[from] drain|[of] p2a: Hippowdon\n|move|p2a: Hippowdon|Earthquake|p1a: Tapu Fini\n|-damage|p1a: Tapu Fini|20\/100\n|\n|-heal|p2a: Hippowdon|34\/100|[from] item: Leftovers\n|-fieldend|Misty Terrain\n|upkeep\n|turn|29\n|\n|t:|1664168600\n|move|p1a: Tapu Fini|Surf|p2a: Hippowdon\n|-supereffective|p2a: Hippowdon\n|-damage|p2a: Hippowdon|0 fnt\n|faint|p2a: Hippowdon\n|\n|upkeep\n|\n|t:|1664168602\n|switch|p2a: Kartana|Kartana|100\/100\n|turn|30\n|\n|t:|1664168612\n|move|p2a: Kartana|Leaf Blade|p1a: Tapu Fini\n|-supereffective|p1a: Tapu Fini\n|-crit|p1a: Tapu Fini\n|-damage|p1a: Tapu Fini|0 fnt\n|faint|p1a: Tapu Fini\n|-ability|p2a: Kartana|Beast Boost|boost\n|-boost|p2a: Kartana|atk|1\n|\n|upkeep\n|\n|t:|1664168615\n|switch|p1a: Kartana|Kartana|77\/100\n|-damage|p1a: Kartana|70\/100|[from] Stealth Rock\n|turn|31\n|\n|t:|1664168624\n|switch|p2a: Tornadus|Tornadus-Therian, M|61\/100\n|move|p1a: Kartana|Sacred Sword|p2a: Tornadus\n|-resisted|p2a: Tornadus\n|-damage|p2a: Tornadus|40\/100\n|\n|upkeep\n|turn|32\n|inactive|lacalvaz2 has 120 seconds left.\n|\n|t:|1664168629\n|switch|p1a: Blacephalon|Blacephalon|22\/100\n|move|p2a: Tornadus|Knock Off|p1a: Blacephalon\n|-supereffective|p1a: Blacephalon\n|-damage|p1a: Blacephalon|0 fnt\n|-enditem|p1a: Blacephalon|Heavy-Duty Boots|[from] move: Knock Off|[of] p2a: Tornadus\n|faint|p1a: Blacephalon\n|\n|upkeep\n|inactive|lacalvaz2 has 120 seconds left.\n|\n|t:|1664168635\n|switch|p1a: Kartana|Kartana|70\/100\n|-damage|p1a: Kartana|64\/100|[from] Stealth Rock\n|turn|33\n|inactive|lacalvaz2 has 120 seconds left.\n|\n|t:|1664168664\n|move|p1a: Kartana|Sacred Sword|p2a: Tornadus\n|-resisted|p2a: Tornadus\n|-damage|p2a: Tornadus|18\/100\n|move|p2a: Tornadus|Knock Off|p1a: Kartana\n|-damage|p1a: Kartana|44\/100\n|-enditem|p1a: Kartana|Choice Scarf|[from] move: Knock Off|[of] p2a: Tornadus\n|\n|upkeep\n|turn|34\n|\n|t:|1664168674\n|move|p2a: Tornadus|Knock Off|p1a: Kartana\n|-crit|p1a: Kartana\n|-damage|p1a: Kartana|21\/100\n|move|p1a: Kartana|Sacred Sword|p2a: Tornadus\n|-resisted|p2a: Tornadus\n|-damage|p2a: Tornadus|0 fnt\n|faint|p2a: Tornadus\n|-ability|p1a: Kartana|Beast Boost|boost\n|-boost|p1a: Kartana|atk|1\n|\n|upkeep\n|\n|t:|1664168676\n|switch|p2a: Kartana|Kartana|100\/100\n|turn|35\n|\n|t:|1664168679\n|move|p2a: Kartana|Sacred Sword|p1a: Kartana\n|-supereffective|p1a: Kartana\n|-damage|p1a: Kartana|0 fnt\n|faint|p1a: Kartana\n|\n|win|machugen\n|raw|lacalvaz2's rating: 1530 &rarr; <strong>1515<\/strong><br \/>(-15 for losing)\n|raw|machugen's rating: 1616 &rarr; <strong>1631<\/strong><br \/>(+15 for winning)\n","uploadtime":1664168682,"views":21,"p1id":"lacalvaz2","p2id":"machugen","formatid":"gen8ou","rating":1515,"private":0,"password":null}