{"id":"gen8nationaldex-1390772216","p1":"RTSG tests","p2":"ndlt2xlt space jam","format":"gen8nationaldex","log":"|raw|<div class=\"broadcast-blue\"><strong>This battle is required to be public due to a player having a name starting with 'ndlt2xlt'.<\/div>\n|j|\u2606RTSG tests\n|j|\u2606ndlt2xlt space jam\n|t:|1628177881\n|gametype|singles\n|player|p1|RTSG tests|birdkeeper|1573\n|player|p2|ndlt2xlt space jam|backpackerf|1679\n|teamsize|p1|6\n|teamsize|p2|6\n|gen|8\n|tier|[Gen 8] National Dex\n|rated|\n|rule|HP Percentage Mod: HP is shown in percentages\n|rule|Endless Battle Clause: Forcing endless battles is banned\n|rule|OHKO Clause: OHKO moves are banned\n|rule|Evasion Moves Clause: Evasion moves are banned\n|rule|Species Clause: Limit one of each Pok\u00e9mon\n|rule|Dynamax Clause: You cannot dynamax\n|rule|Sleep Clause Mod: Limit one foe put to sleep\n|clearpoke\n|poke|p1|Sceptile, M|\n|poke|p1|Feraligatr, M|\n|poke|p1|Infernape, M|\n|poke|p1|Latios, M|\n|poke|p1|Thundurus-Therian, M|\n|poke|p1|Copperajah, F|\n|poke|p2|Sableye, M|\n|poke|p2|Clefable, M|\n|poke|p2|Toxapex, M|\n|poke|p2|Tangrowth, M|\n|poke|p2|Chansey, F|\n|poke|p2|Ditto|\n|teampreview\n|j| Underfoot2\n|inactive|Battle timer is ON: inactive players will automatically lose when time's up. (requested by RTSG tests)\n|\n|t:|1628177890\n|start\n|switch|p1a: Santi|Infernape, M|100\/100\n|switch|p2a: Sableye|Sableye, M|100\/100\n|turn|1\n|\n|t:|1628177907\n|detailschange|p2a: Sableye|Sableye-Mega, M\n|-mega|p2a: Sableye|Sableye|Sablenite\n|move|p2a: Sableye|Protect|p2a: Sableye\n|-singleturn|p2a: Sableye|Protect\n|move|p1a: Santi|Swords Dance|p1a: Santi\n|-boost|p1a: Santi|atk|2\n|\n|upkeep\n|turn|2\n|\n|t:|1628177911\n|switch|p2a: Clefable|Clefable, M|100\/100\n|move|p1a: Santi|Flare Blitz|p2a: Clefable\n|-damage|p2a: Clefable|43\/100\n|-damage|p1a: Santi|75\/100|[from] Recoil\n|-damage|p1a: Santi|65\/100|[from] item: Life Orb\n|\n|-heal|p2a: Clefable|49\/100|[from] item: Leftovers\n|upkeep\n|turn|3\n|\n|t:|1628177917\n|move|p2a: Clefable|Protect|p2a: Clefable\n|-singleturn|p2a: Clefable|Protect\n|move|p1a: Santi|Flare Blitz|p2a: Clefable\n|-activate|p2a: Clefable|move: Protect\n|\n|-heal|p2a: Clefable|55\/100|[from] item: Leftovers\n|upkeep\n|turn|4\n|\n|t:|1628177919\n|switch|p1a: Metall Elefant|Copperajah, F|100\/100\n|switch|p2a: Toxapex|Toxapex, M|100\/100\n|\n|upkeep\n|turn|5\n|\n|t:|1628177923\n|switch|p2a: Sableye|Sableye-Mega, M|100\/100\n|move|p1a: Metall Elefant|Earthquake|p2a: Sableye\n|-damage|p2a: Sableye|74\/100\n|\n|upkeep\n|turn|6\n|\n|t:|1628177928\n|switch|p1a: Thierry|Thundurus-Therian, M|100\/100\n|move|p2a: Sableye|Will-O-Wisp|p1a: Thierry\n|-status|p1a: Thierry|brn\n|\n|-damage|p1a: Thierry|94\/100 brn|[from] brn\n|upkeep\n|turn|7\n|\n|t:|1628177935\n|switch|p2a: Tangrowth|Tangrowth, M|100\/100\n|move|p1a: Thierry|Nasty Plot|p1a: Thierry\n|-boost|p1a: Thierry|spa|2\n|\n|-damage|p1a: Thierry|88\/100 brn|[from] brn\n|upkeep\n|turn|8\n|\n|t:|1628177938\n|move|p1a: Thierry|Hidden Power|p2a: Tangrowth\n|-supereffective|p2a: Tangrowth\n|-damage|p2a: Tangrowth|44\/100\n|move|p2a: Tangrowth|Knock Off|p1a: Thierry\n|-damage|p1a: Thierry|66\/100 brn\n|\n|-damage|p1a: Thierry|60\/100 brn|[from] brn\n|upkeep\n|turn|9\n|\n|t:|1628177945\n|switch|p2a: Chansey|Chansey, F|100\/100\n|-zpower|p1a: Thierry\n|move|p1a: Thierry|All-Out Pummeling|p2a: Chansey|[zeffect]\n|-supereffective|p2a: Chansey\n|-damage|p2a: Chansey|10\/100\n|\n|-damage|p1a: Thierry|54\/100 brn|[from] brn\n|upkeep\n|turn|10\n|\n|t:|1628177948\n|move|p1a: Thierry|Thunderbolt|p2a: Chansey\n|-crit|p2a: Chansey\n|-damage|p2a: Chansey|0 fnt\n|faint|p2a: Chansey\n|\n|-damage|p1a: Thierry|48\/100 brn|[from] brn\n|upkeep\n|\n|t:|1628177956\n|switch|p2a: Clefable|Clefable, M|55\/100\n|turn|11\n|\n|t:|1628177959\n|switch|p1a: Metall Elefant|Copperajah, F|100\/100\n|move|p2a: Clefable|Wish|p2a: Clefable\n|\n|-heal|p2a: Clefable|61\/100|[from] item: Leftovers\n|upkeep\n|turn|12\n|\n|t:|1628177964\n|move|p2a: Clefable|Protect|p2a: Clefable\n|-singleturn|p2a: Clefable|Protect\n|move|p1a: Metall Elefant|Heavy Slam|p2a: Clefable\n|-activate|p2a: Clefable|move: Protect\n|\n|-heal|p2a: Clefable|100\/100|[from] move: Wish|[wisher] Clefable\n|upkeep\n|turn|13\n|\n|t:|1628177969\n|switch|p2a: Toxapex|Toxapex, M|100\/100\n|move|p1a: Metall Elefant|Stealth Rock|p2a: Toxapex\n|-sidestart|p2: ndlt2xlt space jam|move: Stealth Rock\n|\n|upkeep\n|turn|14\n|\n|t:|1628177973\n|move|p1a: Metall Elefant|Earthquake|p2a: Toxapex\n|-supereffective|p2a: Toxapex\n|-damage|p2a: Toxapex|42\/100\n|move|p2a: Toxapex|Toxic|p1a: Metall Elefant\n|-immune|p1a: Metall Elefant\n|\n|upkeep\n|turn|15\n|\n|t:|1628177977\n|switch|p2a: Tangrowth|Tangrowth, M|77\/100\n|-damage|p2a: Tangrowth|65\/100|[from] Stealth Rock\n|move|p1a: Metall Elefant|Heavy Slam|p2a: Tangrowth\n|-damage|p2a: Tangrowth|20\/100\n|\n|upkeep\n|turn|16\n|\n|t:|1628177983\n|switch|p2a: Ditto|Ditto|100\/100\n|-damage|p2a: Ditto|88\/100|[from] Stealth Rock\n|-transform|p2a: Ditto|p1a: Metall Elefant|[from] ability: Imposter\n|move|p1a: Metall Elefant|Heavy Slam|p2a: Ditto\n|-resisted|p2a: Ditto\n|-crit|p2a: Ditto\n|-damage|p2a: Ditto|63\/100\n|\n|upkeep\n|turn|17\n|\n|t:|1628177990\n|move|p2a: Ditto|Stealth Rock|p1a: Metall Elefant\n|-sidestart|p1: RTSG tests|move: Stealth Rock\n|move|p1a: Metall Elefant|Earthquake|p2a: Ditto\n|-supereffective|p2a: Ditto\n|-damage|p2a: Ditto|0 fnt\n|faint|p2a: Ditto\n|\n|upkeep\n|-message|ndlt2xlt space jam forfeited.\n|\n|win|RTSG tests\n|l|\u2606ndlt2xlt space jam\n|raw|RTSG tests's rating: 1573 &rarr; <strong>1599<\/strong><br \/>(+26 for winning)\n|raw|ndlt2xlt space jam's rating: 1679 &rarr; <strong>1653<\/strong><br \/>(-26 for losing)\n|j| dedddgamerman\n||Ladder isn't responding, score probably updated but might not have (Request timeout).\n","uploadtime":1628177999,"views":110,"p1id":"rtsgtests","p2id":"ndlt2xltspacejam","formatid":"gen8nationaldex","rating":1599,"private":0,"password":null}