{"id":"gen8ou-1699065996","p1":"Kk_shnap","p2":"cows123p","format":"gen8ou","log":"|j|\u2606Kk_shnap\n|j|\u2606cows123p\n|t:|1667192827\n|gametype|singles\n|player|p1|Kk_shnap|101|\n|player|p2|cows123p|acetrainercouple|\n|teamsize|p1|6\n|teamsize|p2|6\n|gen|8\n|tier|[Gen 8] OU\n|rule|Sleep Clause Mod: Limit one foe put to sleep\n|rule|Species Clause: Limit one of each Pok\u00e9mon\n|rule|OHKO Clause: OHKO moves are banned\n|rule|Evasion Items Clause: Evasion items are banned\n|rule|Evasion Moves Clause: Evasion moves are banned\n|rule|Endless Battle Clause: Forcing endless battles is banned\n|rule|HP Percentage Mod: HP is shown in percentages\n|rule|Dynamax Clause: You cannot dynamax\n|clearpoke\n|poke|p1|Metagross|\n|poke|p1|Blissey, F|\n|poke|p1|Buzzwole|\n|poke|p1|Zapdos|\n|poke|p1|Landorus-Therian, M|\n|poke|p1|Dragapult, M|\n|poke|p2|Diggersby, F|\n|poke|p2|Tapu Lele|\n|poke|p2|Ribombee, M|\n|poke|p2|Urshifu-*, F|\n|poke|p2|Heatran, M|\n|poke|p2|Kartana|\n|teampreview\n|\n|t:|1667192843\n|start\n|switch|p1a: Metagross|Metagross|100\/100\n|switch|p2a: Ribombee|Ribombee, M|100\/100\n|turn|1\n|\n|t:|1667192855\n|move|p2a: Ribombee|Sticky Web|p1a: Metagross\n|-sidestart|p1: Kk_shnap|move: Sticky Web\n|move|p1a: Metagross|Meteor Mash|p2a: Ribombee\n|-supereffective|p2a: Ribombee\n|-enditem|p2a: Ribombee|Focus Sash\n|-damage|p2a: Ribombee|1\/100\n|\n|upkeep\n|turn|2\n|\n|t:|1667192861\n|move|p2a: Ribombee|Moonblast|p1a: Metagross\n|-resisted|p1a: Metagross\n|-damage|p1a: Metagross|77\/100\n|move|p1a: Metagross|Meteor Mash|p2a: Ribombee\n|-supereffective|p2a: Ribombee\n|-damage|p2a: Ribombee|0 fnt\n|-boost|p1a: Metagross|atk|1\n|faint|p2a: Ribombee\n|\n|upkeep\n|\n|t:|1667192871\n|switch|p2a: Heatran|Heatran, M|100\/100\n|-item|p2a: Heatran|Air Balloon\n|turn|3\n|\n|t:|1667192878\n|switch|p1a: Blissey|Blissey, F|100\/100\n|move|p2a: Heatran|Magma Storm|p1a: Blissey\n|-damage|p1a: Blissey|81\/100\n|-activate|p1a: Blissey|move: Magma Storm|[of] p2a: Heatran\n|\n|-damage|p1a: Blissey|68\/100|[from] move: Magma Storm|[partiallytrapped]\n|upkeep\n|turn|4\n|\n|t:|1667192885\n|move|p2a: Heatran|Stealth Rock|p1a: Blissey\n|-sidestart|p1: Kk_shnap|move: Stealth Rock\n|move|p1a: Blissey|Thunder Wave|p2a: Heatran|[miss]\n|-miss|p1a: Blissey|p2a: Heatran\n|\n|-damage|p1a: Blissey|56\/100|[from] move: Magma Storm|[partiallytrapped]\n|upkeep\n|turn|5\n|\n|t:|1667192892\n|move|p2a: Heatran|Eruption|p1a: Blissey\n|-damage|p1a: Blissey|26\/100\n|move|p1a: Blissey|Stealth Rock|p2a: Heatran\n|-sidestart|p2: cows123p|move: Stealth Rock\n|\n|-damage|p1a: Blissey|14\/100|[from] move: Magma Storm|[partiallytrapped]\n|upkeep\n|turn|6\n|\n|t:|1667192900\n|move|p2a: Heatran|Eruption|p1a: Blissey\n|-damage|p1a: Blissey|0 fnt\n|faint|p1a: Blissey\n|\n|upkeep\n|\n|t:|1667192902\n|switch|p1a: Landorus|Landorus-Therian, M|100\/100\n|-damage|p1a: Landorus|88\/100|[from] Stealth Rock\n|-ability|p1a: Landorus|Intimidate|boost\n|-unboost|p2a: Heatran|atk|1\n|turn|7\n|\n|t:|1667192907\n|move|p2a: Heatran|Eruption|p1a: Landorus\n|-damage|p1a: Landorus|32\/100\n|move|p1a: Landorus|Defog|p2a: Heatran\n|-unboost|p2a: Heatran|evasion|1\n|-sideend|p2: cows123p|Stealth Rock|[from] move: Defog|[of] p1a: Landorus\n|-sideend|p1: Kk_shnap|Stealth Rock|[from] move: Defog|[of] p1a: Landorus\n|-sideend|p1: Kk_shnap|Sticky Web|[from] move: Defog|[of] p1a: Landorus\n|\n|-heal|p1a: Landorus|38\/100|[from] item: Leftovers\n|upkeep\n|turn|8\n|\n|t:|1667192915\n|move|p2a: Heatran|Eruption|p1a: Landorus\n|-damage|p1a: Landorus|0 fnt\n|faint|p1a: Landorus\n|\n|upkeep\n|\n|t:|1667192920\n|switch|p1a: Zapdos|Zapdos|100\/100\n|turn|9\n|\n|t:|1667192922\n|move|p1a: Zapdos|Volt Switch|p2a: Heatran\n|-damage|p2a: Heatran|62\/100\n|-enditem|p2a: Heatran|Air Balloon\n|\n|t:|1667192927\n|switch|p1a: Metagross|Metagross|77\/100|[from]move: Volt Switch\n|move|p2a: Heatran|Magma Storm|p1a: Metagross|[miss]\n|-miss|p2a: Heatran|p1a: Metagross\n|\n|upkeep\n|turn|10\n|\n|t:|1667192933\n|move|p2a: Heatran|Eruption|p1a: Metagross\n|-supereffective|p1a: Metagross\n|-damage|p1a: Metagross|0 fnt\n|faint|p1a: Metagross\n|\n|upkeep\n|\n|t:|1667192936\n|switch|p1a: Zapdos|Zapdos|100\/100\n|turn|11\n|\n|t:|1667192939\n|move|p1a: Zapdos|Thunderbolt|p2a: Heatran\n|-damage|p2a: Heatran|14\/100\n|-status|p2a: Heatran|par\n|move|p2a: Heatran|Magma Storm|p1a: Zapdos\n|-damage|p1a: Zapdos|46\/100\n|-activate|p1a: Zapdos|move: Magma Storm|[of] p2a: Heatran\n|\n|-damage|p1a: Zapdos|33\/100|[from] move: Magma Storm|[partiallytrapped]\n|upkeep\n|turn|12\n|\n|t:|1667192948\n|move|p1a: Zapdos|Roost|p1a: Zapdos\n|-heal|p1a: Zapdos|84\/100\n|-singleturn|p1a: Zapdos|move: Roost\n|cant|p2a: Heatran|par\n|\n|-damage|p1a: Zapdos|71\/100|[from] move: Magma Storm|[partiallytrapped]\n|upkeep\n|turn|13\n|\n|t:|1667192956\n|move|p1a: Zapdos|Volt Switch|p2a: Heatran\n|-damage|p2a: Heatran|0 fnt\n|faint|p2a: Heatran\n|\n|t:|1667192959\n|switch|p1a: Dragapult|Dragapult, M|100\/100|[from]move: Volt Switch\n|\n|upkeep\n|\n|t:|1667192963\n|switch|p2a: Kartana|Kartana|100\/100\n|turn|14\n|\n|t:|1667192970\n|switch|p1a: Buzzwole|Buzzwole|100\/100\n|move|p2a: Kartana|Knock Off|p1a: Buzzwole\n|-resisted|p1a: Buzzwole\n|-damage|p1a: Buzzwole|85\/100\n|-damage|p2a: Kartana|84\/100|[from] item: Rocky Helmet|[of] p1a: Buzzwole\n|-enditem|p1a: Buzzwole|Rocky Helmet|[from] move: Knock Off|[of] p2a: Kartana\n|\n|upkeep\n|turn|15\n|\n|t:|1667192979\n|switch|p2a: Tapu Lele|Tapu Lele|100\/100\n|-fieldstart|move: Psychic Terrain|[from] ability: Psychic Surge|[of] p2a: Tapu Lele\n|switch|p1a: Dragapult|Dragapult, M|100\/100\n|\n|upkeep\n|turn|16\n|\n|t:|1667192986\n|switch|p2a: Urshifu|Urshifu-Rapid-Strike, F|100\/100\n|move|p1a: Dragapult|U-turn|p2a: Urshifu\n|-resisted|p2a: Urshifu\n|-damage|p2a: Urshifu|81\/100\n|\n|t:|1667192996\n|switch|p1a: Zapdos|Zapdos|71\/100|[from]move: U-turn\n|\n|upkeep\n|turn|17\n|\n|t:|1667192999\n|move|p2a: Urshifu|Surging Strikes|p1a: Zapdos\n|-crit|p1a: Zapdos\n|-damage|p1a: Zapdos|37\/100\n|-status|p2a: Urshifu|par|[from] ability: Static|[of] p1a: Zapdos\n|-crit|p1a: Zapdos\n|-damage|p1a: Zapdos|4\/100\n|-crit|p1a: Zapdos\n|-damage|p1a: Zapdos|0 fnt\n|faint|p1a: Zapdos\n|-hitcount|p1: Zapdos|3\n|\n|upkeep\n|\n|t:|1667193005\n|switch|p1a: Dragapult|Dragapult, M|100\/100\n|turn|18\n|\n|t:|1667193010\n|move|p1a: Dragapult|Dragon Darts|p2a: Urshifu\n|-damage|p2a: Urshifu|44\/100 par\n|-anim|p1a: Dragapult|Dragon Darts|p2a: Urshifu\n|-damage|p2a: Urshifu|6\/100 par\n|move|p2a: Urshifu|Surging Strikes|p1a: Dragapult\n|-resisted|p1a: Dragapult\n|-crit|p1a: Dragapult\n|-damage|p1a: Dragapult|79\/100\n|-resisted|p1a: Dragapult\n|-crit|p1a: Dragapult\n|-damage|p1a: Dragapult|58\/100\n|-resisted|p1a: Dragapult\n|-crit|p1a: Dragapult\n|-damage|p1a: Dragapult|36\/100\n|-hitcount|p1a: Dragapult|3\n|\n|upkeep\n|turn|19\n|\n|t:|1667193022\n|switch|p1a: Buzzwole|Buzzwole|85\/100\n|move|p2a: Urshifu|Surging Strikes|p1a: Buzzwole\n|-crit|p1a: Buzzwole\n|-damage|p1a: Buzzwole|66\/100\n|-crit|p1a: Buzzwole\n|-damage|p1a: Buzzwole|47\/100\n|-crit|p1a: Buzzwole\n|-damage|p1a: Buzzwole|28\/100\n|-hitcount|p1a: Buzzwole|3\n|\n|-fieldend|move: Psychic Terrain\n|upkeep\n|turn|20\n|\n|t:|1667193031\n|move|p1a: Buzzwole|Roost|p1a: Buzzwole\n|-heal|p1a: Buzzwole|79\/100\n|-singleturn|p1a: Buzzwole|move: Roost\n|move|p2a: Urshifu|Surging Strikes|p1a: Buzzwole\n|-crit|p1a: Buzzwole\n|-damage|p1a: Buzzwole|59\/100\n|-crit|p1a: Buzzwole\n|-damage|p1a: Buzzwole|38\/100\n|-crit|p1a: Buzzwole\n|-damage|p1a: Buzzwole|19\/100\n|-hitcount|p1a: Buzzwole|3\n|\n|upkeep\n|turn|21\n|\n|t:|1667193040\n|move|p1a: Buzzwole|Earthquake|p2a: Urshifu\n|-damage|p2a: Urshifu|0 fnt\n|faint|p2a: Urshifu\n|-ability|p1a: Buzzwole|Beast Boost|boost\n|-boost|p1a: Buzzwole|atk|1\n|\n|upkeep\n|\n|t:|1667193045\n|switch|p2a: Tapu Lele|Tapu Lele|100\/100\n|-fieldstart|move: Psychic Terrain|[from] ability: Psychic Surge|[of] p2a: Tapu Lele\n|turn|22\n|\n|t:|1667193050\n|move|p2a: Tapu Lele|Moonblast|p1a: Buzzwole\n|-supereffective|p1a: Buzzwole\n|-damage|p1a: Buzzwole|0 fnt\n|faint|p1a: Buzzwole\n|\n|upkeep\n|\n|t:|1667193052\n|switch|p1a: Dragapult|Dragapult, M|36\/100\n|turn|23\n|c|\u2606Kk_shnap|Gg got rekt lmao\n|\n|t:|1667193066\n|move|p1a: Dragapult|Phantom Force||[still]\n|-prepare|p1a: Dragapult|Phantom Force\n|move|p2a: Tapu Lele|Moonblast|p1a: Dragapult|[miss]\n|-miss|p2a: Tapu Lele|p1a: Dragapult\n|\n|upkeep\n|turn|24\n|\n|t:|1667193071\n|move|p1a: Dragapult|Phantom Force|p2a: Tapu Lele|[from]lockedmove\n|-supereffective|p2a: Tapu Lele\n|-damage|p2a: Tapu Lele|0 fnt\n|faint|p2a: Tapu Lele\n|\n|upkeep\n|\n|t:|1667193076\n|switch|p2a: Kartana|Kartana|84\/100\n|turn|25\n|c|\u2606cows123p|gg\n|\n|t:|1667193081\n|move|p2a: Kartana|Knock Off|p1a: Dragapult\n|-supereffective|p1a: Dragapult\n|-damage|p1a: Dragapult|0 fnt\n|-enditem|p1a: Dragapult|Choice Band|[from] move: Knock Off|[of] p2a: Kartana\n|faint|p1a: Dragapult\n|\n|win|cows123p\n|l|\u2606Kk_shnap\n","uploadtime":1667193089,"views":4,"p1id":"kkshnap","p2id":"cows123p","formatid":"gen8ou","rating":0,"private":0,"password":null}