{"id":"gen8ubers-1614412099","p1":"A_Gamer8414","p2":"rooopos","format":"gen8ubers","log":"|html|<div class=\"broadcast-blue\"><strong>[Gen 8] Ubers is currently suspecting Calyrex-Shadow! For information on how to participate check out the <a href=\"https:\/\/www.smogon.com\/forums\/threads\/np-ss-ubers-stage-8-ridin-dirty-calyrex-shadow-suspect-test.3704200\/\">suspect thread<\/a>.<\/strong><\/div>\n|j|\u2606A_Gamer8414\n|j|\u2606rooopos\n|t:|1657475537\n|gametype|singles\n|player|p1|A_Gamer8414|chili|\n|player|p2|rooopos|101|\n|teamsize|p1|6\n|teamsize|p2|6\n|gen|8\n|tier|[Gen 8] Ubers\n|rule|Sleep Clause Mod: Limit one foe put to sleep\n|rule|Species Clause: Limit one of each Pok\u00e9mon\n|rule|OHKO Clause: OHKO moves are banned\n|rule|Evasion Moves Clause: Evasion moves are banned\n|rule|Endless Battle Clause: Forcing endless battles is banned\n|rule|HP Percentage Mod: HP is shown in percentages\n|rule|Dynamax Clause: You cannot dynamax\n|clearpoke\n|poke|p1|Torkoal, F|\n|poke|p1|Cinderace, F|\n|poke|p1|Volcarona, F|\n|poke|p1|Victini|\n|poke|p1|Heatran, M|\n|poke|p1|Moltres|\n|poke|p2|Dragapult, F|\n|poke|p2|Weavile, M|\n|poke|p2|Landorus-Therian, M|\n|poke|p2|Ferrothorn, M|\n|poke|p2|Volcanion|\n|poke|p2|Tapu Koko|\n|teampreview\n|c|\u2606rooopos|hf\n|\n|t:|1657475566\n|start\n|switch|p1a: Rabbit|Cinderace, F|100\/100\n|switch|p2a: Tapu Koko|Tapu Koko|100\/100\n|-fieldstart|move: Electric Terrain|[from] ability: Electric Surge|[of] p2a: Tapu Koko\n|turn|1\n|\n|t:|1657475586\n|move|p2a: Tapu Koko|U-turn|p1a: Rabbit\n|-resisted|p1a: Rabbit\n|-damage|p1a: Rabbit|89\/100\n|\n|t:|1657475597\n|switch|p2a: Dragapult|Dragapult, F|100\/100|[from]move: U-turn\n|move|p1a: Rabbit|Pyro Ball|p2a: Dragapult\n|-resisted|p2a: Dragapult\n|-damage|p2a: Dragapult|60\/100\n|-status|p2a: Dragapult|brn\n|\n|-damage|p2a: Dragapult|54\/100 brn|[from] brn\n|upkeep\n|turn|2\n|\n|t:|1657475616\n|move|p1a: Rabbit|Sucker Punch|p2a: Dragapult\n|-start|p1a: Rabbit|typechange|Dark|[from] ability: Libero\n|-supereffective|p2a: Dragapult\n|-damage|p2a: Dragapult|0 fnt\n|faint|p2a: Dragapult\n|\n|upkeep\n|\n|t:|1657475621\n|switch|p2a: Landorus|Landorus-Therian, M|100\/100\n|-ability|p2a: Landorus|Intimidate|boost\n|-unboost|p1a: Rabbit|atk|1\n|turn|3\n|\n|t:|1657475627\n|move|p1a: Rabbit|U-turn|p2a: Landorus\n|-start|p1a: Rabbit|typechange|Bug|[from] ability: Libero\n|-resisted|p2a: Landorus\n|-damage|p2a: Landorus|89\/100\n|\n|t:|1657475633\n|switch|p1a: Turtle|Torkoal, F|100\/100|[from]move: U-turn\n|-weather|SunnyDay|[from] ability: Drought|[of] p1a: Turtle\n|move|p2a: Landorus|Earthquake|p1a: Turtle\n|-supereffective|p1a: Turtle\n|-damage|p1a: Turtle|46\/100\n|\n|-weather|SunnyDay|[upkeep]\n|-heal|p2a: Landorus|95\/100|[from] item: Leftovers\n|upkeep\n|turn|4\n|\n|t:|1657475690\n|switch|p1a: Bug|Volcarona, F|100\/100\n|move|p2a: Landorus|Knock Off|p1a: Bug\n|-damage|p1a: Bug|51\/100\n|-status|p2a: Landorus|brn|[from] ability: Flame Body|[of] p1a: Bug\n|-enditem|p1a: Bug|Heavy-Duty Boots|[from] move: Knock Off|[of] p2a: Landorus\n|\n|-weather|SunnyDay|[upkeep]\n|-heal|p2a: Landorus|100\/100 brn|[from] item: Leftovers\n|-damage|p2a: Landorus|94\/100 brn|[from] brn\n|upkeep\n|turn|5\n|\n|t:|1657475712\n|switch|p2a: Volcanion|Volcanion|100\/100\n|move|p1a: Bug|Fiery Dance|p2a: Volcanion\n|-resisted|p2a: Volcanion\n|-damage|p2a: Volcanion|80\/100\n|\n|-weather|SunnyDay|[upkeep]\n|-fieldend|move: Electric Terrain\n|upkeep\n|turn|6\n|\n|t:|1657475752\n|switch|p1a: idk what this is|Heatran, M|100\/100\n|move|p2a: Volcanion|Flamethrower|p1a: idk what this is\n|-damage|p1a: idk what this is|58\/100\n|\n|-weather|SunnyDay|[upkeep]\n|-heal|p1a: idk what this is|64\/100|[from] item: Leftovers\n|upkeep\n|turn|7\n|\n|t:|1657475762\n|move|p2a: Volcanion|Earth Power|p1a: idk what this is\n|-supereffective|p1a: idk what this is\n|-crit|p1a: idk what this is\n|-damage|p1a: idk what this is|0 fnt\n|faint|p1a: idk what this is\n|\n|-weather|SunnyDay|[upkeep]\n|upkeep\n|\n|t:|1657475776\n|switch|p1a: The Letter V|Victini|100\/100\n|turn|8\n|\n|t:|1657475780\n|switch|p2a: Ferrothorn|Ferrothorn, M|100\/100\n|move|p1a: The Letter V|Bolt Strike|p2a: Ferrothorn\n|-resisted|p2a: Ferrothorn\n|-damage|p2a: Ferrothorn|90\/100\n|-damage|p1a: The Letter V|88\/100|[from] ability: Iron Barbs|[of] p2a: Ferrothorn\n|\n|-weather|SunnyDay|[upkeep]\n|-heal|p2a: Ferrothorn|96\/100|[from] item: Leftovers\n|upkeep\n|turn|9\n|\n|t:|1657475791\n|switch|p1a: Bug|Volcarona, F|51\/100\n|move|p2a: Ferrothorn|Leech Seed|p1a: Bug\n|-start|p1a: Bug|move: Leech Seed\n|\n|-weather|SunnyDay|[upkeep]\n|-heal|p2a: Ferrothorn|100\/100|[from] item: Leftovers\n|-damage|p1a: Bug|39\/100|[from] Leech Seed|[of] p2a: Ferrothorn\n|upkeep\n|turn|10\n|\n|t:|1657475799\n|switch|p2a: Volcanion|Volcanion|80\/100\n|move|p1a: Bug|Roost|p1a: Bug\n|-heal|p1a: Bug|89\/100\n|-singleturn|p1a: Bug|move: Roost\n|\n|-weather|none\n|-damage|p1a: Bug|77\/100|[from] Leech Seed|[of] p2a: Volcanion\n|-heal|p2a: Volcanion|93\/100|[silent]\n|upkeep\n|turn|11\n|\n|t:|1657475807\n|switch|p1a: Turtle|Torkoal, F|46\/100\n|-weather|SunnyDay|[from] ability: Drought|[of] p1a: Turtle\n|move|p2a: Volcanion|Steam Eruption|p1a: Turtle\n|-supereffective|p1a: Turtle\n|-damage|p1a: Turtle|0 fnt\n|faint|p1a: Turtle\n|\n|-weather|SunnyDay|[upkeep]\n|upkeep\n|\n|t:|1657475830\n|switch|p1a: Rabbit|Cinderace, F|89\/100\n|turn|12\n|\n|t:|1657475836\n|switch|p2a: Landorus|Landorus-Therian, M|94\/100 brn\n|-ability|p2a: Landorus|Intimidate|boost\n|-unboost|p1a: Rabbit|atk|1\n|move|p1a: Rabbit|High Jump Kick|p2a: Landorus\n|-start|p1a: Rabbit|typechange|Fighting|[from] ability: Libero\n|-resisted|p2a: Landorus\n|-crit|p2a: Landorus\n|-damage|p2a: Landorus|52\/100 brn\n|\n|-weather|SunnyDay|[upkeep]\n|-heal|p2a: Landorus|58\/100 brn|[from] item: Leftovers\n|-damage|p2a: Landorus|52\/100 brn|[from] brn\n|upkeep\n|turn|13\n|\n|t:|1657475859\n|switch|p2a: Ferrothorn|Ferrothorn, M|100\/100\n|move|p1a: Rabbit|U-turn|p2a: Ferrothorn\n|-start|p1a: Rabbit|typechange|Bug|[from] ability: Libero\n|-damage|p2a: Ferrothorn|87\/100\n|-damage|p1a: Rabbit|76\/100|[from] ability: Iron Barbs|[of] p2a: Ferrothorn\n|\n|t:|1657475867\n|switch|p1a: Bug|Volcarona, F|77\/100|[from]move: U-turn\n|\n|-weather|SunnyDay|[upkeep]\n|-heal|p2a: Ferrothorn|94\/100|[from] item: Leftovers\n|upkeep\n|turn|14\n|\n|t:|1657475872\n|switch|p2a: Volcanion|Volcanion|93\/100\n|move|p1a: Bug|Quiver Dance|p1a: Bug\n|-boost|p1a: Bug|spa|1\n|-boost|p1a: Bug|spd|1\n|-boost|p1a: Bug|spe|1\n|\n|-weather|SunnyDay|[upkeep]\n|upkeep\n|turn|15\n|\n|t:|1657475895\n|move|p1a: Bug|Psychic|p2a: Volcanion\n|-damage|p2a: Volcanion|37\/100\n|move|p2a: Volcanion|Flamethrower|p1a: Bug\n|-damage|p1a: Bug|25\/100\n|\n|-weather|SunnyDay|[upkeep]\n|upkeep\n|turn|16\n|l|\u2606A_Gamer8414\n|player|p1|\n|j|\u2606A_Gamer8414\n|player|p1|A_Gamer8414|chili\n|\n|t:|1657475968\n|switch|p2a: Weavile|Weavile, M|100\/100\n|-ability|p2a: Weavile|Pressure\n|move|p1a: Bug|Psychic|p2a: Weavile\n|-immune|p2a: Weavile\n|\n|-weather|SunnyDay|[upkeep]\n|upkeep\n|turn|17\n|\n|t:|1657476013\n|switch|p2a: Landorus|Landorus-Therian, M|52\/100 brn\n|-ability|p2a: Landorus|Intimidate|boost\n|-unboost|p1a: Bug|atk|1\n|move|p1a: Bug|Fiery Dance|p2a: Landorus\n|-damage|p2a: Landorus|0 fnt\n|-boost|p1a: Bug|spa|1\n|faint|p2a: Landorus\n|\n|-weather|SunnyDay|[upkeep]\n|upkeep\n|\n|t:|1657476028\n|switch|p2a: Tapu Koko|Tapu Koko|100\/100\n|-fieldstart|move: Electric Terrain|[from] ability: Electric Surge|[of] p2a: Tapu Koko\n|turn|18\n|\n|t:|1657476043\n|move|p1a: Bug|Fiery Dance|p2a: Tapu Koko\n|-damage|p2a: Tapu Koko|0 fnt\n|faint|p2a: Tapu Koko\n|\n|-weather|none\n|upkeep\n|\n|t:|1657476047\n|switch|p2a: Ferrothorn|Ferrothorn, M|94\/100\n|turn|19\n|\n|t:|1657476049\n|move|p1a: Bug|Roost|p1a: Bug\n|-heal|p1a: Bug|75\/100\n|-singleturn|p1a: Bug|move: Roost\n|move|p2a: Ferrothorn|Spikes|p1a: Bug\n|-sidestart|p1: A_Gamer8414|Spikes\n|\n|-heal|p2a: Ferrothorn|99\/100|[from] item: Leftovers\n|upkeep\n|turn|20\n|-message|rooopos forfeited.\n|\n|win|A_Gamer8414\n|l|\u2606rooopos\n","uploadtime":1657476058,"views":8,"p1id":"agamer8414","p2id":"rooopos","formatid":"gen8ubers","rating":0,"private":0,"password":null}