{"id":"gen8ou-1129737749","p1":"A","p2":"TheGr8RedDragon","format":"gen8ou","log":"|j|\u2606A\n|j|\u2606TheGr8RedDragon\n|player|p1|A|clemont|1624\n|player|p2|TheGr8RedDragon|1|1579\n|teamsize|p1|6\n|teamsize|p2|6\n|gametype|singles\n|gen|8\n|tier|[Gen 8] OU\n|rated|\n|clearpoke\n|poke|p1|Aegislash, M|\n|poke|p1|Jellicent, F|\n|poke|p1|Jirachi|\n|poke|p1|Rillaboom, M|\n|poke|p1|Togekiss, M|\n|poke|p1|Arcanine, F|\n|poke|p2|Aegislash, M|\n|poke|p2|Crawdaunt, M|\n|poke|p2|Corviknight, M|\n|poke|p2|Clefable, M|\n|poke|p2|Hydreigon, M|\n|poke|p2|Rhyperior, F|\n|rule|Sleep Clause Mod: Limit one foe put to sleep\n|rule|Species Clause: Limit one of each Pok\u00e9mon\n|rule|OHKO Clause: OHKO moves are banned\n|rule|Evasion Moves Clause: Evasion moves are banned\n|rule|Endless Battle Clause: Forcing endless battles is banned\n|rule|HP Percentage Mod: HP is shown in percentages\n|rule|Dynamax Clause: You cannot dynamax\n|teampreview\n|inactive|Battle timer is ON: inactive players will automatically lose when time's up. (requested by A)\n|\n|start\n|switch|p1a: i'm cute|Togekiss, M|100\/100\n|switch|p2a: Hydreigon|Hydreigon, M|100\/100\n|turn|1\n|\n|move|p2a: Hydreigon|U-turn|p1a: i'm cute\n|-resisted|p1a: i'm cute\n|-damage|p1a: i'm cute|97\/100\n|\n|switch|p2a: Rhyperior|Rhyperior, F|100\/100|[from]move: U-turn\n|move|p1a: i'm cute|Trick|p2a: Rhyperior\n|-activate|p1a: i'm cute|move: Trick|[of] p2a: Rhyperior\n|-item|p2a: Rhyperior|Choice Scarf|[from] move: Trick\n|-item|p1a: i'm cute|Leftovers|[from] move: Trick\n|\n|-heal|p1a: i'm cute|100\/100|[from] item: Leftovers\n|upkeep\n|turn|2\n|\n|switch|p1a: cool laddy|Jirachi, shiny|100\/100\n|move|p2a: Rhyperior|Stealth Rock|p1a: cool laddy\n|-sidestart|p1: A|move: Stealth Rock\n|\n|upkeep\n|turn|3\n|\n|switch|p2a: Aegislash|Aegislash, M|100\/100\n|move|p1a: cool laddy|Trick|p2a: Aegislash\n|-activate|p1a: cool laddy|move: Trick|[of] p2a: Aegislash\n|-item|p2a: Aegislash|Choice Scarf|[from] move: Trick\n|-item|p1a: cool laddy|Choice Specs|[from] move: Trick\n|\n|upkeep\n|turn|4\n|\n|-formechange|p2a: Aegislash|Aegislash-Blade||[from] ability: Stance Change\n|move|p2a: Aegislash|Shadow Ball|p1a: cool laddy\n|-supereffective|p1a: cool laddy\n|-damage|p1a: cool laddy|8\/100\n|move|p1a: cool laddy|U-turn|p2a: Aegislash\n|-resisted|p2a: Aegislash\n|-damage|p2a: Aegislash|90\/100\n|\n|switch|p1a: mr gamer man|Rillaboom, M, shiny|100\/100|[from]move: U-turn\n|-damage|p1a: mr gamer man|88\/100|[from] Stealth Rock\n|-fieldstart|move: Grassy Terrain|[from] ability: Grassy Surge|[of] p1a: mr gamer man\n|\n|-heal|p2a: Aegislash|96\/100|[from] Grassy Terrain\n|-heal|p1a: mr gamer man|94\/100|[from] item: Leftovers\n|-heal|p1a: mr gamer man|99\/100|[from] Grassy Terrain\n|upkeep\n|turn|5\n|inactive|TheGr8RedDragon has 120 seconds left.\n|inactive|TheGr8RedDragon has 90 seconds left.\n|inactive|TheGr8RedDragon has 60 seconds left.\n|\n|switch|p2a: Corviknight|Corviknight, M|100\/100\n|-ability|p2a: Corviknight|Pressure\n|move|p1a: mr gamer man|Knock Off|p2a: Corviknight\n|-damage|p2a: Corviknight|79\/100\n|-enditem|p2a: Corviknight|Leftovers|[from] move: Knock Off|[of] p1a: mr gamer man\n|\n|-heal|p1a: mr gamer man|100\/100|[from] item: Leftovers\n|upkeep\n|turn|6\n|\n|switch|p2a: Crawdaunt|Crawdaunt, M|100\/100\n|move|p1a: mr gamer man|Swords Dance|p1a: mr gamer man\n|-boost|p1a: mr gamer man|atk|2\n|\n|upkeep\n|turn|7\n|\n|switch|p2a: Corviknight|Corviknight, M|79\/100\n|-ability|p2a: Corviknight|Pressure\n|move|p1a: mr gamer man|Drum Beating|p2a: Corviknight\n|-resisted|p2a: Corviknight\n|-damage|p2a: Corviknight|63\/100\n|-unboost|p2a: Corviknight|spe|1\n|\n|upkeep\n|turn|8\n|\n|move|p1a: mr gamer man|Swords Dance|p1a: mr gamer man\n|-boost|p1a: mr gamer man|atk|2\n|move|p2a: Corviknight|Roost|p2a: Corviknight\n|-heal|p2a: Corviknight|100\/100\n|-singleturn|p2a: Corviknight|move: Roost\n|\n|-fieldend|move: Grassy Terrain\n|upkeep\n|turn|9\n|\n|move|p1a: mr gamer man|Drain Punch|p2a: Corviknight\n|-damage|p2a: Corviknight|51\/100\n|move|p2a: Corviknight|Iron Head|p1a: mr gamer man\n|-damage|p1a: mr gamer man|74\/100\n|\n|-heal|p1a: mr gamer man|80\/100|[from] item: Leftovers\n|upkeep\n|turn|10\n|\n|switch|p2a: Aegislash|Aegislash, M|96\/100\n|move|p1a: mr gamer man|Knock Off|p2a: Aegislash\n|-supereffective|p2a: Aegislash\n|-crit|p2a: Aegislash\n|-damage|p2a: Aegislash|0 fnt\n|-enditem|p2a: Aegislash|Choice Scarf|[from] move: Knock Off|[of] p1a: mr gamer man\n|faint|p2a: Aegislash\n|\n|-heal|p1a: mr gamer man|86\/100|[from] item: Leftovers\n|upkeep\n|\n|switch|p2a: Hydreigon|Hydreigon, M|100\/100\n|turn|11\n|\n|move|p2a: Hydreigon|Draco Meteor|p1a: mr gamer man\n|-damage|p1a: mr gamer man|5\/100\n|-unboost|p2a: Hydreigon|spa|2\n|move|p1a: mr gamer man|Drain Punch|p2a: Hydreigon\n|-supereffective|p2a: Hydreigon\n|-damage|p2a: Hydreigon|0 fnt\n|-heal|p1a: mr gamer man|50\/100|[from] drain|[of] p2a: Hydreigon\n|faint|p2a: Hydreigon\n|\n|-heal|p1a: mr gamer man|56\/100|[from] item: Leftovers\n|upkeep\n|-message|TheGr8RedDragon forfeited.\n|\n|win|A\n|l|\u2606TheGr8RedDragon\n||Ladder (probably) updated, but score could not be retrieved (Response not received).\n|j| Yuipo\n","uploadtime":1591718785,"views":42,"p1id":"a","p2id":"thegr8reddragon","formatid":"gen8ou","rating":0,"private":0,"password":null}