{"id":"gen8ou-1693391153","p1":"VivaHonduras","p2":"minimax_ai","format":"gen8ou","log":"|html|<div class=\"broadcast-blue\"><strong>[Gen 8] OU is currently suspecting Melmetal! For information on how to participate check out the <a href=\"https:\/\/www.smogon.com\/forums\/threads\/np-ss-ou-suspect-process-round-12-monster-mash.3709234\/\">suspect thread<\/a>.<\/strong><\/div>\n|j|\u2606VivaHonduras\n|j|\u2606minimax_ai\n|t:|1666600373\n|gametype|singles\n|player|p1|VivaHonduras|170|1725\n|player|p2|minimax_ai|lusamine-nihilego|1607\n|teamsize|p1|6\n|teamsize|p2|6\n|gen|8\n|tier|[Gen 8] OU\n|rated|\n|rule|Sleep Clause Mod: Limit one foe put to sleep\n|rule|Species Clause: Limit one of each Pok\u00e9mon\n|rule|OHKO Clause: OHKO moves are banned\n|rule|Evasion Items Clause: Evasion items are banned\n|rule|Evasion Moves Clause: Evasion moves are banned\n|rule|Endless Battle Clause: Forcing endless battles is banned\n|rule|HP Percentage Mod: HP is shown in percentages\n|rule|Dynamax Clause: You cannot dynamax\n|clearpoke\n|poke|p1|Eiscue, M|\n|poke|p1|Arctozolt|\n|poke|p1|Ninetales-Alola, F|\n|poke|p1|Mandibuzz, F|\n|poke|p1|Volcanion|\n|poke|p1|Landorus-Therian, M|\n|poke|p2|Rotom-Wash|\n|poke|p2|Weavile, M|\n|poke|p2|Landorus-Therian, M|\n|poke|p2|Heatran, M|\n|poke|p2|Tangrowth, M|\n|poke|p2|Melmetal|\n|teampreview\n|c|\u2606minimax_ai|hf\n|inactive|Battle timer is ON: inactive players will automatically lose when time's up. (requested by minimax_ai)\n|\n|t:|1666600393\n|start\n|switch|p1a: Volcanion|Volcanion|100\/100\n|switch|p2a: Melmetal|Melmetal|100\/100\n|turn|1\n|\n|t:|1666600402\n|switch|p2a: rotomwash|Rotom-Wash|100\/100\n|move|p1a: Volcanion|Steam Eruption|p2a: rotomwash\n|-resisted|p2a: rotomwash\n|-damage|p2a: rotomwash|54\/100\n|\n|-heal|p2a: rotomwash|60\/100|[from] item: Leftovers\n|upkeep\n|turn|2\n|\n|t:|1666600410\n|switch|p1a: Ninetales|Ninetales-Alola, F|100\/100\n|-weather|Hail|[from] ability: Snow Warning|[of] p1a: Ninetales\n|move|p2a: rotomwash|Nasty Plot|p2a: rotomwash\n|-boost|p2a: rotomwash|spa|2\n|\n|-weather|Hail|[upkeep]\n|-damage|p2a: rotomwash|54\/100|[from] Hail\n|-heal|p2a: rotomwash|60\/100|[from] item: Leftovers\n|upkeep\n|turn|3\n|\n|t:|1666600417\n|move|p1a: Ninetales|Aurora Veil|p1a: Ninetales\n|-sidestart|p1: VivaHonduras|move: Aurora Veil\n|move|p2a: rotomwash|Pain Split|p1a: Ninetales\n|-sethp|p1a: Ninetales|76\/100|[from] move: Pain Split|[silent]\n|-sethp|p2a: rotomwash|88\/100|[from] move: Pain Split\n|\n|-weather|Hail|[upkeep]\n|-damage|p2a: rotomwash|82\/100|[from] Hail\n|-heal|p2a: rotomwash|88\/100|[from] item: Leftovers\n|upkeep\n|turn|4\n|\n|t:|1666600420\n|move|p1a: Ninetales|Freeze-Dry|p2a: rotomwash\n|-supereffective|p2a: rotomwash\n|-damage|p2a: rotomwash|49\/100\n|move|p2a: rotomwash|Nasty Plot|p2a: rotomwash\n|-boost|p2a: rotomwash|spa|2\n|\n|-weather|Hail|[upkeep]\n|-damage|p2a: rotomwash|42\/100|[from] Hail\n|-heal|p2a: rotomwash|49\/100|[from] item: Leftovers\n|upkeep\n|turn|5\n|\n|t:|1666600424\n|move|p1a: Ninetales|Encore|p2a: rotomwash\n|-start|p2a: rotomwash|Encore\n|move|p2a: rotomwash|Nasty Plot|p2a: rotomwash\n|-boost|p2a: rotomwash|spa|2\n|\n|-weather|Hail|[upkeep]\n|-damage|p2a: rotomwash|42\/100|[from] Hail\n|-heal|p2a: rotomwash|49\/100|[from] item: Leftovers\n|upkeep\n|turn|6\n|\n|t:|1666600427\n|switch|p1a: Volcanion|Volcanion|100\/100\n|switch|p2a: Melmetal|Melmetal|100\/100\n|\n|-weather|Hail|[upkeep]\n|-damage|p1a: Volcanion|94\/100|[from] Hail\n|-damage|p2a: Melmetal|94\/100|[from] Hail\n|upkeep\n|turn|7\n|\n|t:|1666600430\n|switch|p2a: rotomwash|Rotom-Wash|49\/100\n|move|p1a: Volcanion|Steam Eruption|p2a: rotomwash\n|-resisted|p2a: rotomwash\n|-damage|p2a: rotomwash|0 fnt\n|faint|p2a: rotomwash\n|\n|-weather|Hail|[upkeep]\n|-damage|p1a: Volcanion|88\/100|[from] Hail\n|-sideend|p1: VivaHonduras|move: Aurora Veil\n|upkeep\n|\n|t:|1666600430\n|switch|p2a: Melmetal|Melmetal|94\/100\n|turn|8\n|\n|t:|1666600435\n|move|p1a: Volcanion|Steam Eruption|p2a: Melmetal\n|-damage|p2a: Melmetal|41\/100\n|-status|p2a: Melmetal|brn\n|move|p2a: Melmetal|Earthquake|p1a: Volcanion\n|-supereffective|p1a: Volcanion\n|-damage|p1a: Volcanion|60\/100\n|\n|-weather|Hail|[upkeep]\n|-damage|p1a: Volcanion|54\/100|[from] Hail\n|-damage|p2a: Melmetal|35\/100 brn|[from] Hail\n|-damage|p2a: Melmetal|29\/100 brn|[from] brn\n|upkeep\n|turn|9\n|\n|t:|1666600439\n|move|p1a: Volcanion|Steam Eruption|p2a: Melmetal\n|-damage|p2a: Melmetal|0 fnt\n|faint|p2a: Melmetal\n|\n|-weather|none\n|upkeep\n|\n|t:|1666600439\n|switch|p2a: Weavile|Weavile, M|100\/100\n|-ability|p2a: Weavile|Pressure\n|turn|10\n|\n|t:|1666600442\n|switch|p1a: Mandibuzz|Mandibuzz, F|100\/100\n|move|p2a: Weavile|Knock Off|p1a: Mandibuzz\n|-resisted|p1a: Mandibuzz\n|-damage|p1a: Mandibuzz|77\/100\n|-enditem|p1a: Mandibuzz|Heavy-Duty Boots|[from] move: Knock Off|[of] p2a: Weavile\n|\n|upkeep\n|turn|11\n|\n|t:|1666600445\n|switch|p2a: Heatran|Heatran, M|100\/100\n|-item|p2a: Heatran|Air Balloon\n|switch|p1a: Ninetales|Ninetales-Alola, F|76\/100\n|-weather|Hail|[from] ability: Snow Warning|[of] p1a: Ninetales\n|\n|-weather|Hail|[upkeep]\n|-damage|p2a: Heatran|94\/100|[from] Hail\n|upkeep\n|turn|12\n|\n|t:|1666600453\n|switch|p1a: Landorus|Landorus-Therian, M|100\/100\n|-ability|p1a: Landorus|Intimidate|boost\n|-unboost|p2a: Heatran|atk|1\n|move|p2a: Heatran|Magma Storm|p1a: Landorus\n|-damage|p1a: Landorus|60\/100\n|-activate|p1a: Landorus|move: Magma Storm|[of] p2a: Heatran\n|\n|-weather|Hail|[upkeep]\n|-damage|p2a: Heatran|88\/100|[from] Hail\n|-damage|p1a: Landorus|54\/100|[from] Hail\n|-heal|p1a: Landorus|60\/100|[from] item: Leftovers\n|-damage|p1a: Landorus|48\/100|[from] move: Magma Storm|[partiallytrapped]\n|upkeep\n|turn|13\n|\n|t:|1666600463\n|move|p2a: Heatran|Magma Storm|p1a: Landorus|[miss]\n|-miss|p2a: Heatran|p1a: Landorus\n|move|p1a: Landorus|Stealth Rock|p2a: Heatran\n|-sidestart|p2: minimax_ai|move: Stealth Rock\n|\n|-weather|Hail|[upkeep]\n|-damage|p2a: Heatran|82\/100|[from] Hail\n|-damage|p1a: Landorus|42\/100|[from] Hail\n|-heal|p1a: Landorus|48\/100|[from] item: Leftovers\n|-damage|p1a: Landorus|36\/100|[from] move: Magma Storm|[partiallytrapped]\n|upkeep\n|turn|14\n|\n|t:|1666600466\n|move|p2a: Heatran|Magma Storm|p1a: Landorus\n|-crit|p1a: Landorus\n|-damage|p1a: Landorus|0 fnt\n|faint|p1a: Landorus\n|\n|-weather|Hail|[upkeep]\n|-damage|p2a: Heatran|76\/100|[from] Hail\n|upkeep\n|\n|t:|1666600469\n|switch|p1a: Volcanion|Volcanion|54\/100\n|turn|15\n|\n|t:|1666600471\n|move|p2a: Heatran|Earth Power|p1a: Volcanion\n|-supereffective|p1a: Volcanion\n|-damage|p1a: Volcanion|0 fnt\n|faint|p1a: Volcanion\n|\n|-weather|Hail|[upkeep]\n|-damage|p2a: Heatran|70\/100|[from] Hail\n|upkeep\n|\n|t:|1666600476\n|switch|p1a: Eiscue|Eiscue, M, shiny|100\/100\n|turn|16\n|\n|t:|1666600490\n|move|p2a: Heatran|Eruption|p1a: Eiscue\n|-supereffective|p1a: Eiscue\n|-damage|p1a: Eiscue|0 fnt\n|faint|p1a: Eiscue\n|\n|-weather|Hail|[upkeep]\n|-damage|p2a: Heatran|63\/100|[from] Hail\n|upkeep\n|\n|t:|1666600492\n|switch|p1a: Arctozolt|Arctozolt|100\/100\n|turn|17\n|\n|t:|1666600495\n|move|p1a: Arctozolt|Low Kick|p2a: Heatran\n|-supereffective|p2a: Heatran\n|-damage|p2a: Heatran|0 fnt\n|-enditem|p2a: Heatran|Air Balloon\n|faint|p2a: Heatran\n|\n|-weather|Hail|[upkeep]\n|upkeep\n|\n|t:|1666600496\n|switch|p2a: Weavile|Weavile, M|100\/100\n|-damage|p2a: Weavile|76\/100|[from] Stealth Rock\n|-ability|p2a: Weavile|Pressure\n|turn|18\n|\n|t:|1666600505\n|move|p1a: Arctozolt|Bolt Beak|p2a: Weavile\n|-damage|p2a: Weavile|0 fnt\n|faint|p2a: Weavile\n|\n|-weather|none\n|upkeep\n|\n|t:|1666600505\n|switch|p2a: landorustherian|Landorus-Therian, M|100\/100\n|-damage|p2a: landorustherian|88\/100|[from] Stealth Rock\n|-ability|p2a: landorustherian|Intimidate|boost\n|-unboost|p1a: Arctozolt|atk|1\n|turn|19\n|\n|t:|1666600508\n|switch|p1a: Ninetales|Ninetales-Alola, F|76\/100\n|-weather|Hail|[from] ability: Snow Warning|[of] p1a: Ninetales\n|move|p2a: landorustherian|Earthquake|p1a: Ninetales\n|-damage|p1a: Ninetales|16\/100\n|\n|-weather|Hail|[upkeep]\n|-damage|p2a: landorustherian|82\/100|[from] Hail\n|-heal|p2a: landorustherian|88\/100|[from] item: Leftovers\n|upkeep\n|turn|20\n|\n|t:|1666600510\n|move|p1a: Ninetales|Freeze-Dry|p2a: landorustherian\n|-supereffective|p2a: landorustherian\n|-crit|p2a: landorustherian\n|-damage|p2a: landorustherian|0 fnt\n|faint|p2a: landorustherian\n|\n|-weather|Hail|[upkeep]\n|upkeep\n|\n|t:|1666600511\n|switch|p2a: Tangrowth|Tangrowth, M|100\/100\n|-damage|p2a: Tangrowth|88\/100|[from] Stealth Rock\n|turn|21\n|\n|t:|1666600513\n|move|p1a: Ninetales|Freeze-Dry|p2a: Tangrowth\n|-supereffective|p2a: Tangrowth\n|-damage|p2a: Tangrowth|29\/100\n|move|p2a: Tangrowth|Sleep Powder|p1a: Ninetales\n|-status|p1a: Ninetales|slp|[from] move: Sleep Powder\n|\n|-weather|Hail|[upkeep]\n|-damage|p2a: Tangrowth|23\/100|[from] Hail\n|upkeep\n|turn|22\n|\n|t:|1666600516\n|cant|p1a: Ninetales|slp\n|move|p2a: Tangrowth|Focus Blast|p1a: Ninetales\n|-damage|p1a: Ninetales|0 fnt\n|faint|p1a: Ninetales\n|\n|-weather|Hail|[upkeep]\n|-damage|p2a: Tangrowth|16\/100|[from] Hail\n|upkeep\n|\n|t:|1666600517\n|switch|p1a: Arctozolt|Arctozolt|100\/100\n|turn|23\n|\n|t:|1666600518\n|move|p1a: Arctozolt|Freeze-Dry|p2a: Tangrowth\n|-supereffective|p2a: Tangrowth\n|-damage|p2a: Tangrowth|0 fnt\n|faint|p2a: Tangrowth\n|\n|win|VivaHonduras\n|raw|VivaHonduras's rating: 1725 &rarr; <strong>1738<\/strong><br \/>(+13 for winning)\n|raw|minimax_ai's rating: 1607 &rarr; <strong>1594<\/strong><br \/>(-13 for losing)\n|c|\u2606minimax_ai|gg\n","uploadtime":1666600520,"views":13,"p1id":"vivahonduras","p2id":"minimaxai","formatid":"gen8ou","rating":1594,"private":0,"password":null}