{"id":"gen8lc-1453351234","p1":"Laroxyl","p2":"Expulso","format":"gen8lc","log":"|j|\u2606Laroxyl\n|j|\u2606Expulso\n|t:|1636667429\n|gametype|singles\n|player|p1|Laroxyl|101|\n|player|p2|Expulso|1|\n|teamsize|p1|6\n|teamsize|p2|6\n|gen|8\n|tier|[Gen 8] LC\n|rule|Sleep Clause Mod: Limit one foe put to sleep\n|rule|Species Clause: Limit one of each Pok\u00e9mon\n|rule|OHKO Clause: OHKO moves are banned\n|rule|Evasion Moves Clause: Evasion moves are banned\n|rule|Endless Battle Clause: Forcing endless battles is banned\n|rule|HP Percentage Mod: HP is shown in percentages\n|rule|Dynamax Clause: You cannot dynamax\n|clearpoke\n|poke|p1|Abra, L5, M|\n|poke|p1|Diglett, L5, M|\n|poke|p1|Ferroseed, L5, M|\n|poke|p1|Mienfoo, L5, F|\n|poke|p1|Mareanie, L5, M|\n|poke|p1|Natu, L5, F|\n|poke|p2|Mienfoo, L5, F|\n|poke|p2|Onix, L5, F|\n|poke|p2|Ferroseed, L5, M|\n|poke|p2|Natu, L5, M|\n|poke|p2|Koffing, L5, M|\n|poke|p2|Diglett, L5, F|\n|teampreview\n|j| Acehunter1\n|c|\u2606Expulso|Hf\n|c|\u2606Laroxyl|hf\n|inactive|Battle timer is ON: inactive players will automatically lose when time's up. (requested by Expulso)\n|j| daunt vs\n|\n|t:|1636667480\n|start\n|switch|p1a: Abra|Abra, L5, M|100\/100\n|switch|p2a: Natu|Natu, L5, M|100\/100\n|turn|1\n|j|@C oconut\n|l| daunt vs\n|\n|t:|1636667498\n|switch|p1a: Mienfoo|Mienfoo, L5, F|100\/100\n|move|p2a: Natu|U-turn|p1a: Mienfoo\n|-resisted|p1a: Mienfoo\n|-damage|p1a: Mienfoo|96\/100\n|\n|t:|1636667514\n|switch|p2a: Koffing|Koffing, L5, M|100\/100|[from]move: U-turn\n|-ability|p2a: Koffing|Neutralizing Gas\n|\n|upkeep\n|turn|2\n|\n|t:|1636667530\n|move|p1a: Mienfoo|Fake Out|p2a: Koffing\n|-crit|p2a: Koffing\n|-damage|p2a: Koffing|86\/100\n|cant|p2a: Koffing|flinch\n|\n|upkeep\n|turn|3\n|inactive|Expulso has 270 seconds left.\n|\n|t:|1636667550\n|move|p1a: Mienfoo|Knock Off|p2a: Koffing\n|-damage|p2a: Koffing|62\/100\n|-enditem|p2a: Koffing|Eviolite|[from] move: Knock Off|[of] p1a: Mienfoo\n|move|p2a: Koffing|Sludge Bomb|p1a: Mienfoo\n|-damage|p1a: Mienfoo|53\/100\n|\n|upkeep\n|turn|4\n|inactive|Expulso has 270 seconds left.\n|\n|t:|1636667579\n|move|p1a: Mienfoo|U-turn|p2a: Koffing\n|-resisted|p2a: Koffing\n|-damage|p2a: Koffing|53\/100\n|\n|t:|1636667588\n|switch|p1a: Natu|Natu, L5, F|100\/100|[from]move: U-turn\n|move|p2a: Koffing|Thunderbolt|p1a: Natu\n|-supereffective|p1a: Natu\n|-crit|p1a: Natu\n|-damage|p1a: Natu|28\/100\n|\n|upkeep\n|turn|5\n|\n|t:|1636667603\n|move|p1a: Natu|Roost|p1a: Natu\n|-heal|p1a: Natu|78\/100\n|-singleturn|p1a: Natu|move: Roost\n|move|p2a: Koffing|Sludge Bomb|p1a: Natu\n|-damage|p1a: Natu|37\/100\n|-status|p1a: Natu|psn\n|\n|-damage|p1a: Natu|28\/100 psn|[from] psn\n|upkeep\n|turn|6\n|\n|t:|1636667611\n|-end|p2a: Koffing|ability: Neutralizing Gas\n|switch|p2a: Natu|Natu, L5, M|100\/100\n|move|p1a: Natu|Roost|p1a: Natu\n|-heal|p1a: Natu|78\/100 psn\n|-singleturn|p1a: Natu|move: Roost\n|\n|-damage|p1a: Natu|69\/100 psn|[from] psn\n|upkeep\n|turn|7\n|\n|t:|1636667626\n|move|p2a: Natu|Heat Wave|p1a: Natu|[miss]\n|-miss|p2a: Natu|p1a: Natu\n|move|p1a: Natu|U-turn|p2a: Natu\n|-damage|p2a: Natu|87\/100\n|inactive|Laroxyl has 270 seconds left.\n|\n|t:|1636667646\n|switch|p1a: Mareanie|Mareanie, L5, M|100\/100|[from]move: U-turn\n|\n|upkeep\n|turn|8\n|inactive|Laroxyl has 270 seconds left.\n|inactive|Expulso has 270 seconds left.\n|\n|t:|1636667669\n|move|p2a: Natu|Psychic|p1a: Mareanie\n|-supereffective|p1a: Mareanie\n|-damage|p1a: Mareanie|40\/100\n|move|p1a: Mareanie|Knock Off|p2a: Natu\n|-supereffective|p2a: Natu\n|-damage|p2a: Natu|50\/100\n|-enditem|p2a: Natu|Eviolite|[from] move: Knock Off|[of] p1a: Mareanie\n|\n|upkeep\n|turn|9\n|inactive|Laroxyl has 270 seconds left.\n|inactive|Expulso has 270 seconds left.\n|\n|t:|1636667690\n|switch|p1a: Natu|Natu, L5, F|69\/100 psn\n|move|p2a: Natu|Roost|p2a: Natu\n|-heal|p2a: Natu|100\/100\n|-singleturn|p2a: Natu|move: Roost\n|\n|-damage|p1a: Natu|60\/100 psn|[from] psn\n|upkeep\n|turn|10\n|inactive|Laroxyl has 270 seconds left.\n|\n|t:|1636667706\n|move|p1a: Natu|U-turn|p2a: Natu\n|-damage|p2a: Natu|78\/100\n|\n|t:|1636667709\n|switch|p1a: Mienfoo|Mienfoo, L5, F|53\/100|[from]move: U-turn\n|move|p2a: Natu|U-turn|p1a: Mienfoo\n|-resisted|p1a: Mienfoo\n|-damage|p1a: Mienfoo|48\/100\n|inactive|Expulso has 240 seconds left.\n|\n|t:|1636667757\n|switch|p2a: finch(lc mode)|Mienfoo, L5, F|100\/100|[from]move: U-turn\n|\n|upkeep\n|turn|11\n|inactive|Laroxyl has 270 seconds left.\n|\n|t:|1636667777\n|switch|p1a: Mareanie|Mareanie, L5, M|70\/100\n|move|p2a: finch(lc mode)|High Jump Kick|p1a: Mareanie\n|-resisted|p1a: Mareanie\n|-damage|p1a: Mareanie|44\/100\n|\n|upkeep\n|turn|12\n|inactive|Laroxyl has 270 seconds left.\n|\n|t:|1636667792\n|move|p2a: finch(lc mode)|Taunt|p1a: Mareanie\n|-start|p1a: Mareanie|move: Taunt\n|cant|p1a: Mareanie|move: Taunt|Recover\n|\n|upkeep\n|turn|13\n|inactive|Laroxyl has 270 seconds left.\n|j| daunt vs\n|\n|t:|1636667808\n|move|p2a: finch(lc mode)|Knock Off|p1a: Mareanie\n|-damage|p1a: Mareanie|22\/100\n|-enditem|p1a: Mareanie|Eviolite|[from] move: Knock Off|[of] p2a: finch(lc mode)\n|move|p1a: Mareanie|Knock Off|p2a: finch(lc mode)\n|-resisted|p2a: finch(lc mode)\n|-damage|p2a: finch(lc mode)|91\/100\n|-enditem|p2a: finch(lc mode)|Eviolite|[from] move: Knock Off|[of] p1a: Mareanie\n|\n|upkeep\n|turn|14\n|\n|t:|1636667823\n|move|p2a: finch(lc mode)|High Jump Kick|p1a: Mareanie\n|-resisted|p1a: Mareanie\n|-damage|p1a: Mareanie|0 fnt\n|faint|p1a: Mareanie\n|\n|upkeep\n|\n|t:|1636667834\n|switch|p1a: Abra|Abra, L5, M|100\/100\n|turn|15\n|inactive|Laroxyl has 240 seconds left.\n|inactive|Expulso has 210 seconds left.\n|l| daunt vs\n|\n|t:|1636667892\n|switch|p2a: Ferroseed|Ferroseed, L5, M|100\/100\n|move|p1a: Abra|Psychic|p2a: Ferroseed\n|-resisted|p2a: Ferroseed\n|-damage|p2a: Ferroseed|81\/100\n|\n|upkeep\n|turn|16\n|inactive|Laroxyl has 240 seconds left.\n|inactive|Expulso has 180 seconds left.\n|\n|t:|1636667935\n|switch|p1a: Mienfoo|Mienfoo, L5, F|81\/100\n|move|p2a: Ferroseed|Knock Off|p1a: Mienfoo\n|-resisted|p1a: Mienfoo\n|-damage|p1a: Mienfoo|72\/100\n|-enditem|p1a: Mienfoo|Eviolite|[from] move: Knock Off|[of] p2a: Ferroseed\n|\n|upkeep\n|turn|17\n|\n|t:|1636667958\n|switch|p2a: Onix|Onix, L5, F|100\/100\n|move|p1a: Mienfoo|U-turn|p2a: Onix\n|-damage|p2a: Onix|80\/100\n|inactive|Laroxyl has 210 seconds left.\n|j|+Dagdan %\u25d5\u203f\u203f\u25d5%\n|j| daunt vs\n|\n|t:|1636667992\n|switch|p1a: Diglett|Diglett, L5, M|100\/100|[from]move: U-turn\n|\n|upkeep\n|turn|18\n|\n|t:|1636667999\n|move|p1a: Diglett|Earthquake|p2a: Onix\n|-supereffective|p2a: Onix\n|-damage|p2a: Onix|20\/100\n|move|p2a: Onix|Earthquake|p1a: Diglett\n|-crit|p1a: Diglett\n|-damage|p1a: Diglett|0 fnt\n|faint|p1a: Diglett\n|\n|upkeep\n|l| daunt vs\n|l|+Dagdan %\u25d5\u203f\u203f\u25d5%\n|inactive|Laroxyl has 180 seconds left.\n|\n|t:|1636668031\n|switch|p1a: Abra|Abra, L5, M|100\/100\n|turn|19\n|\n|t:|1636668059\n|move|p1a: Abra|Shadow Ball|p2a: Onix\n|-damage|p2a: Onix|0 fnt\n|faint|p2a: Onix\n|\n|upkeep\n|\n|t:|1636668082\n|switch|p2a: Diglett|Diglett, L5, F|100\/100\n|turn|20\n|\n|t:|1636668095\n|switch|p1a: Ferroseed|Ferroseed, L5, M|100\/100\n|move|p2a: Diglett|Earthquake|p1a: Ferroseed\n|-damage|p1a: Ferroseed|60\/100\n|-damage|p2a: Diglett|95\/100|[from] item: Life Orb\n|\n|upkeep\n|turn|21\n|\n|t:|1636668109\n|switch|p2a: Natu|Natu, L5, M|78\/100\n|move|p1a: Ferroseed|Knock Off|p2a: Natu\n|-supereffective|p2a: Natu\n|-damage|p2a: Natu|41\/100\n|\n|upkeep\n|turn|22\n|inactive|Laroxyl has 150 seconds left.\n|inactive|Expulso has 150 seconds left.\n|\n|t:|1636668160\n|switch|p1a: Mienfoo|Mienfoo, L5, F|100\/100\n|move|p2a: Natu|Heat Wave|p1a: Mienfoo\n|-damage|p1a: Mienfoo|58\/100\n|\n|upkeep\n|turn|23\n|\n|t:|1636668180\n|switch|p2a: Koffing|Koffing, L5, M|53\/100\n|-ability|p2a: Koffing|Neutralizing Gas\n|move|p1a: Mienfoo|U-turn|p2a: Koffing\n|-resisted|p2a: Koffing\n|-damage|p2a: Koffing|43\/100\n|\n|t:|1636668189\n|switch|p1a: Abra|Abra, L5, M|100\/100|[from]move: U-turn\n|\n|upkeep\n|turn|24\n|inactive|Expulso has 120 seconds left.\n|\n|t:|1636668219\n|move|p1a: Abra|Psychic|p2a: Koffing\n|-supereffective|p2a: Koffing\n|-damage|p2a: Koffing|0 fnt\n|faint|p2a: Koffing\n|-end|p2a: Koffing|ability: Neutralizing Gas\n|\n|upkeep\n|\n|t:|1636668221\n|switch|p2a: Diglett|Diglett, L5, F|95\/100\n|turn|25\n|inactive|Expulso has 120 seconds left.\n|\n|t:|1636668232\n|move|p2a: Diglett|Earthquake|p1a: Abra\n|-damage|p1a: Abra|0 fnt\n|faint|p1a: Abra\n|-damage|p2a: Diglett|89\/100|[from] item: Life Orb\n|\n|upkeep\n|\n|t:|1636668244\n|switch|p1a: Ferroseed|Ferroseed, L5, M|60\/100\n|turn|26\n|inactive|Expulso has 120 seconds left.\n|inactive|Laroxyl has 120 seconds left.\n|\n|t:|1636668289\n|switch|p2a: finch(lc mode)|Mienfoo, L5, F|100\/100\n|move|p1a: Ferroseed|Knock Off|p2a: finch(lc mode)\n|-resisted|p2a: finch(lc mode)\n|-damage|p2a: finch(lc mode)|91\/100\n|\n|upkeep\n|turn|27\n|inactive|Laroxyl has 120 seconds left.\n|inactive|Expulso has 90 seconds left.\n|j| Prodigezz\n|inactive|Laroxyl has 90 seconds left.\n|j| Discord main\n|\n|t:|1636668353\n|switch|p1a: Natu|Natu, L5, F|60\/100 psn\n|move|p2a: finch(lc mode)|Knock Off|p1a: Natu\n|-supereffective|p1a: Natu\n|-damage|p1a: Natu|5\/100 psn\n|-enditem|p1a: Natu|Eviolite|[from] move: Knock Off|[of] p2a: finch(lc mode)\n|\n|-damage|p1a: Natu|0 fnt|[from] psn\n|faint|p1a: Natu\n|upkeep\n|\n|t:|1636668363\n|switch|p1a: Mienfoo|Mienfoo, L5, F|58\/100\n|turn|28\n|inactive|Expulso has 90 seconds left.\n|\n|t:|1636668388\n|switch|p2a: Ferroseed|Ferroseed, L5, M|81\/100\n|move|p1a: Mienfoo|Fake Out|p2a: Ferroseed\n|-resisted|p2a: Ferroseed\n|-damage|p2a: Ferroseed|77\/100\n|-damage|p1a: Mienfoo|48\/100|[from] ability: Iron Barbs|[of] p2a: Ferroseed\n|\n|upkeep\n|turn|29\n|\n|t:|1636668407\n|move|p1a: Mienfoo|High Jump Kick|p2a: Ferroseed\n|-supereffective|p2a: Ferroseed\n|-damage|p2a: Ferroseed|0 fnt\n|-damage|p1a: Mienfoo|39\/100|[from] ability: Iron Barbs|[of] p2a: Ferroseed\n|faint|p2a: Ferroseed\n|\n|upkeep\n|\n|t:|1636668410\n|switch|p2a: Diglett|Diglett, L5, F|89\/100\n|turn|30\n|\n|t:|1636668412\n|move|p2a: Diglett|Earthquake|p1a: Mienfoo\n|-damage|p1a: Mienfoo|0 fnt\n|faint|p1a: Mienfoo\n|-damage|p2a: Diglett|84\/100|[from] item: Life Orb\n|\n|upkeep\n|\n|t:|1636668414\n|switch|p1a: Ferroseed|Ferroseed, L5, M|60\/100\n|turn|31\n|inactive|Laroxyl has 90 seconds left.\n|\n|t:|1636668422\n|move|p2a: Diglett|Final Gambit|p1a: Ferroseed\n|-damage|p1a: Ferroseed|0 fnt\n|faint|p2a: Diglett\n|faint|p1a: Ferroseed\n|\n|win|Expulso\n|c|\u2606Expulso|gg\n|l| Discord main\n","uploadtime":1636668431,"views":659,"p1id":"laroxyl","p2id":"expulso","formatid":"gen8lc","rating":0,"private":0,"password":null}