{"id":"gen8ou-1376846743","p1":"Specs KD","p2":"LT82ZW M1(k3I","format":"gen8ou","log":"|raw|<div class=\"broadcast-blue\"><strong>This battle is required to be public due to a player having a name starting with 'lt82zw'.<\/div>\n|j|\u2606Specs KD\n|j|\u2606LT82ZW M1(k3I\n|t:|1626278329\n|gametype|singles\n|player|p1|Specs KD|swimmerf|1687\n|player|p2|LT82ZW M1(k3I|volkner|1740\n|teamsize|p1|6\n|teamsize|p2|6\n|gen|8\n|tier|[Gen 8] OU\n|rated|\n|rule|Sleep Clause Mod: Limit one foe put to sleep\n|rule|Species Clause: Limit one of each Pok\u00e9mon\n|rule|OHKO Clause: OHKO moves are banned\n|rule|Evasion Moves Clause: Evasion moves are banned\n|rule|Endless Battle Clause: Forcing endless battles is banned\n|rule|HP Percentage Mod: HP is shown in percentages\n|rule|Dynamax Clause: You cannot dynamax\n|clearpoke\n|poke|p1|Latios, M|\n|poke|p1|Landorus-Therian, M|\n|poke|p1|Ferrothorn, M|\n|poke|p1|Melmetal|\n|poke|p1|Tapu Koko|\n|poke|p1|Nihilego|\n|poke|p2|Tapu Koko|\n|poke|p2|Weavile, M|\n|poke|p2|Urshifu-*, F|\n|poke|p2|Landorus-Therian, M|\n|poke|p2|Corviknight, M|\n|poke|p2|Slowking, M|\n|teampreview\n|\n|t:|1626278368\n|start\n|switch|p1a: Tapu Koko|Tapu Koko|100\/100\n|switch|p2a: Urshifu|Urshifu-Rapid-Strike, F, shiny|100\/100\n|-fieldstart|move: Electric Terrain|[from] ability: Electric Surge|[of] p1a: Tapu Koko\n|turn|1\n|inactive|Battle timer is ON: inactive players will automatically lose when time's up. (requested by LT82ZW M1(k3I)\n|\n|t:|1626278391\n|switch|p2a: Slowking|Slowking, M, shiny|100\/100\n|move|p1a: Tapu Koko|U-turn|p2a: Slowking\n|-supereffective|p2a: Slowking\n|-damage|p2a: Slowking|68\/100\n|\n|t:|1626278404\n|switch|p1a: Ferrothorn|Ferrothorn, M|100\/100|[from]move: U-turn\n|\n|upkeep\n|turn|2\n|\n|t:|1626278410\n|switch|p2a: Corviknight|Corviknight, M, shiny|100\/100\n|-ability|p2a: Corviknight|Pressure\n|move|p1a: Ferrothorn|Stealth Rock|p2a: Corviknight\n|-sidestart|p2: LT82ZW M1(k3I|move: Stealth Rock\n|\n|upkeep\n|turn|3\n|\n|t:|1626278418\n|move|p2a: Corviknight|Defog|p1a: Ferrothorn\n|-unboost|p1a: Ferrothorn|evasion|1\n|-sideend|p2: LT82ZW M1(k3I|Stealth Rock|[from] move: Defog|[of] p2a: Corviknight\n|-fieldend|move: Electric Terrain\n|move|p1a: Ferrothorn|Knock Off|p2a: Corviknight\n|-damage|p2a: Corviknight|84\/100\n|-enditem|p2a: Corviknight|Leftovers|[from] move: Knock Off|[of] p1a: Ferrothorn\n|\n|upkeep\n|turn|4\n|\n|t:|1626278426\n|move|p2a: Corviknight|U-turn|p1a: Ferrothorn\n|-damage|p1a: Ferrothorn|91\/100\n|-damage|p2a: Corviknight|71\/100|[from] ability: Iron Barbs|[of] p1a: Ferrothorn\n|\n|t:|1626278429\n|switch|p2a: Urshifu|Urshifu-Rapid-Strike, F, shiny|100\/100|[from]move: U-turn\n|move|p1a: Ferrothorn|Knock Off|p2a: Urshifu\n|-resisted|p2a: Urshifu\n|-crit|p2a: Urshifu\n|-damage|p2a: Urshifu|84\/100\n|-enditem|p2a: Urshifu|Choice Band|[from] move: Knock Off|[of] p1a: Ferrothorn\n|\n|-heal|p1a: Ferrothorn|97\/100|[from] item: Leftovers\n|upkeep\n|turn|5\n|\n|t:|1626278437\n|switch|p1a: Landorus|Landorus-Therian, M|100\/100\n|-ability|p1a: Landorus|Intimidate|boost\n|-unboost|p2a: Urshifu|atk|1\n|move|p2a: Urshifu|U-turn|p1a: Landorus\n|-resisted|p1a: Landorus\n|-damage|p1a: Landorus|92\/100\n|\n|t:|1626278441\n|switch|p2a: Weavile|Weavile, M, shiny|100\/100|[from]move: U-turn\n|-ability|p2a: Weavile|Pressure\n|\n|-heal|p1a: Landorus|98\/100|[from] item: Leftovers\n|upkeep\n|turn|6\n|\n|t:|1626278446\n|move|p2a: Weavile|Knock Off|p1a: Landorus\n|-damage|p1a: Landorus|51\/100\n|-enditem|p1a: Landorus|Leftovers|[from] move: Knock Off|[of] p2a: Weavile\n|move|p1a: Landorus|U-turn|p2a: Weavile\n|-supereffective|p2a: Weavile\n|-damage|p2a: Weavile|28\/100\n|\n|t:|1626278449\n|switch|p1a: Tapu Koko|Tapu Koko|100\/100|[from]move: U-turn\n|-fieldstart|move: Electric Terrain|[from] ability: Electric Surge|[of] p1a: Tapu Koko\n|\n|upkeep\n|turn|7\n|\n|t:|1626278455\n|switch|p2a: Landorus|Landorus-Therian, M, shiny|100\/100\n|-ability|p2a: Landorus|Intimidate|boost\n|-unboost|p1a: Tapu Koko|atk|1\n|move|p1a: Tapu Koko|U-turn|p2a: Landorus\n|-resisted|p2a: Landorus\n|-damage|p2a: Landorus|96\/100\n|\n|t:|1626278459\n|switch|p1a: Latios|Latios, M|100\/100|[from]move: U-turn\n|\n|-heal|p2a: Landorus|100\/100|[from] item: Leftovers\n|upkeep\n|turn|8\n|\n|t:|1626278463\n|switch|p2a: Slowking|Slowking, M, shiny|100\/100\n|move|p1a: Latios|Psyshock|p2a: Slowking\n|-resisted|p2a: Slowking\n|-damage|p2a: Slowking|72\/100\n|\n|upkeep\n|turn|9\n|\n|t:|1626278481\n|switch|p1a: Tapu Koko|Tapu Koko|100\/100\n|move|p2a: Slowking|Teleport|p2a: Slowking\n|\n|t:|1626278485\n|switch|p2a: Landorus|Landorus-Therian, M, shiny|100\/100|[from]move: Teleport\n|-ability|p2a: Landorus|Intimidate|boost\n|-unboost|p1a: Tapu Koko|atk|1\n|\n|upkeep\n|turn|10\n|\n|t:|1626278496\n|move|p1a: Tapu Koko|Dazzling Gleam|p2a: Landorus\n|-damage|p2a: Landorus|63\/100\n|move|p2a: Landorus|U-turn|p1a: Tapu Koko\n|-resisted|p1a: Tapu Koko\n|-damage|p1a: Tapu Koko|83\/100\n|\n|t:|1626278510\n|switch|p2a: Tapu Koko|Tapu Koko, shiny|100\/100|[from]move: U-turn\n|\n|-fieldend|move: Electric Terrain\n|upkeep\n|turn|11\n|\n|t:|1626278524\n|move|p1a: Tapu Koko|U-turn|p2a: Tapu Koko\n|-resisted|p2a: Tapu Koko\n|-damage|p2a: Tapu Koko|92\/100\n|\n|t:|1626278529\n|switch|p1a: Melmetal|Melmetal|100\/100|[from]move: U-turn\n|move|p2a: Tapu Koko|U-turn|p1a: Melmetal\n|-resisted|p1a: Melmetal\n|-damage|p1a: Melmetal|96\/100\n|\n|t:|1626278534\n|switch|p2a: Urshifu|Urshifu-Rapid-Strike, F, shiny|84\/100|[from]move: U-turn\n|\n|upkeep\n|turn|12\n|\n|t:|1626278538\n|switch|p1a: Latios|Latios, M|100\/100\n|move|p2a: Urshifu|Close Combat|p1a: Latios\n|-resisted|p1a: Latios\n|-damage|p1a: Latios|56\/100\n|-unboost|p2a: Urshifu|def|1\n|-unboost|p2a: Urshifu|spd|1\n|\n|upkeep\n|turn|13\n|\n|t:|1626278549\n|switch|p1a: Ferrothorn|Ferrothorn, M|97\/100\n|switch|p2a: Slowking|Slowking, M, shiny|100\/100\n|\n|-heal|p1a: Ferrothorn|100\/100|[from] item: Leftovers\n|upkeep\n|turn|14\n|\n|t:|1626278558\n|switch|p2a: Urshifu|Urshifu-Rapid-Strike, F, shiny|84\/100\n|move|p1a: Ferrothorn|Stealth Rock|p2a: Urshifu\n|-sidestart|p2: LT82ZW M1(k3I|move: Stealth Rock\n|\n|upkeep\n|turn|15\n|\n|t:|1626278564\n|move|p2a: Urshifu|Close Combat|p1a: Ferrothorn\n|-supereffective|p1a: Ferrothorn\n|-damage|p1a: Ferrothorn|17\/100\n|-unboost|p2a: Urshifu|def|1\n|-unboost|p2a: Urshifu|spd|1\n|-damage|p2a: Urshifu|72\/100|[from] ability: Iron Barbs|[of] p1a: Ferrothorn\n|move|p1a: Ferrothorn|Leech Seed|p2a: Urshifu\n|-start|p2a: Urshifu|move: Leech Seed\n|\n|-heal|p1a: Ferrothorn|23\/100|[from] item: Leftovers\n|-damage|p2a: Urshifu|60\/100|[from] Leech Seed|[of] p1a: Ferrothorn\n|-heal|p1a: Ferrothorn|35\/100|[silent]\n|upkeep\n|turn|16\n|\n|t:|1626278569\n|switch|p1a: Latios|Latios, M|56\/100\n|move|p2a: Urshifu|U-turn|p1a: Latios\n|-supereffective|p1a: Latios\n|-damage|p1a: Latios|0 fnt\n|faint|p1a: Latios\n|\n|t:|1626278584\n|switch|p2a: Slowking|Slowking, M, shiny|100\/100|[from]move: U-turn\n|\n|upkeep\n|\n|t:|1626278590\n|switch|p1a: Tapu Koko|Tapu Koko|83\/100\n|-fieldstart|move: Electric Terrain|[from] ability: Electric Surge|[of] p1a: Tapu Koko\n|turn|17\n|\n|t:|1626278594\n|move|p1a: Tapu Koko|Dazzling Gleam|p2a: Slowking\n|-crit|p2a: Slowking\n|-damage|p2a: Slowking|68\/100\n|move|p2a: Slowking|Teleport|p2a: Slowking\n|\n|t:|1626278597\n|switch|p2a: Landorus|Landorus-Therian, M, shiny|63\/100|[from]move: Teleport\n|-damage|p2a: Landorus|51\/100|[from] Stealth Rock\n|-ability|p2a: Landorus|Intimidate|boost\n|-unboost|p1a: Tapu Koko|atk|1\n|\n|-heal|p2a: Landorus|57\/100|[from] item: Leftovers\n|upkeep\n|turn|18\n|\n|t:|1626278602\n|move|p1a: Tapu Koko|U-turn|p2a: Landorus\n|-resisted|p2a: Landorus\n|-damage|p2a: Landorus|52\/100\n|\n|t:|1626278605\n|switch|p1a: Landorus|Landorus-Therian, M|51\/100|[from]move: U-turn\n|-ability|p1a: Landorus|Intimidate|boost\n|-unboost|p2a: Landorus|atk|1\n|move|p2a: Landorus|Earthquake|p1a: Landorus\n|-immune|p1a: Landorus\n|\n|-heal|p2a: Landorus|58\/100|[from] item: Leftovers\n|upkeep\n|turn|19\n|\n|t:|1626278609\n|move|p1a: Landorus|U-turn|p2a: Landorus\n|-resisted|p2a: Landorus\n|-damage|p2a: Landorus|50\/100\n|\n|t:|1626278612\n|switch|p1a: Tapu Koko|Tapu Koko|83\/100|[from]move: U-turn\n|move|p2a: Landorus|U-turn|p1a: Tapu Koko\n|-resisted|p1a: Tapu Koko\n|-damage|p1a: Tapu Koko|71\/100\n|\n|t:|1626278619\n|switch|p2a: Tapu Koko|Tapu Koko, shiny|92\/100|[from]move: U-turn\n|\n|upkeep\n|turn|20\n|\n|t:|1626278627\n|move|p1a: Tapu Koko|U-turn|p2a: Tapu Koko\n|-resisted|p2a: Tapu Koko\n|-damage|p2a: Tapu Koko|80\/100\n|\n|t:|1626278632\n|switch|p1a: Landorus|Landorus-Therian, M|51\/100|[from]move: U-turn\n|-ability|p1a: Landorus|Intimidate|boost\n|-unboost|p2a: Tapu Koko|atk|1\n|move|p2a: Tapu Koko|Dazzling Gleam|p1a: Landorus\n|-damage|p1a: Landorus|28\/100\n|\n|upkeep\n|turn|21\n|\n|t:|1626278641\n|move|p2a: Tapu Koko|U-turn|p1a: Landorus\n|-resisted|p1a: Landorus\n|-damage|p1a: Landorus|23\/100\n|\n|t:|1626278646\n|switch|p2a: Corviknight|Corviknight, M, shiny|71\/100|[from]move: U-turn\n|-damage|p2a: Corviknight|59\/100|[from] Stealth Rock\n|-ability|p2a: Corviknight|Pressure\n|move|p1a: Landorus|U-turn|p2a: Corviknight\n|-resisted|p2a: Corviknight\n|-damage|p2a: Corviknight|55\/100\n|\n|t:|1626278653\n|switch|p1a: Tapu Koko|Tapu Koko|71\/100|[from]move: U-turn\n|\n|-fieldend|move: Electric Terrain\n|upkeep\n|turn|22\n|\n|t:|1626278670\n|switch|p2a: Weavile|Weavile, M, shiny|28\/100\n|-ability|p2a: Weavile|Pressure\n|move|p1a: Tapu Koko|Dazzling Gleam|p2a: Weavile\n|-supereffective|p2a: Weavile\n|-damage|p2a: Weavile|0 fnt\n|faint|p2a: Weavile\n|\n|upkeep\n|\n|t:|1626278687\n|switch|p2a: Tapu Koko|Tapu Koko, shiny|80\/100\n|-fieldstart|move: Electric Terrain|[from] ability: Electric Surge|[of] p2a: Tapu Koko\n|turn|23\n|\n|t:|1626278697\n|move|p1a: Tapu Koko|U-turn|p2a: Tapu Koko\n|-resisted|p2a: Tapu Koko\n|-damage|p2a: Tapu Koko|69\/100\n|\n|t:|1626278702\n|switch|p1a: Ferrothorn|Ferrothorn, M|35\/100|[from]move: U-turn\n|move|p2a: Tapu Koko|U-turn|p1a: Ferrothorn\n|-damage|p1a: Ferrothorn|26\/100\n|-damage|p2a: Tapu Koko|56\/100|[from] ability: Iron Barbs|[of] p1a: Ferrothorn\n|\n|t:|1626278708\n|switch|p2a: Urshifu|Urshifu-Rapid-Strike, F, shiny|60\/100|[from]move: U-turn\n|-damage|p2a: Urshifu|54\/100|[from] Stealth Rock\n|\n|-heal|p1a: Ferrothorn|32\/100|[from] item: Leftovers\n|upkeep\n|turn|24\n|\n|t:|1626278715\n|move|p2a: Urshifu|Close Combat|p1a: Ferrothorn\n|-supereffective|p1a: Ferrothorn\n|-damage|p1a: Ferrothorn|0 fnt\n|-unboost|p2a: Urshifu|def|1\n|-unboost|p2a: Urshifu|spd|1\n|-damage|p2a: Urshifu|41\/100|[from] ability: Iron Barbs|[of] p1a: Ferrothorn\n|faint|p1a: Ferrothorn\n|\n|upkeep\n|\n|t:|1626278735\n|switch|p1a: Nihilego|Nihilego, shiny|100\/100\n|turn|25\n|\n|t:|1626278751\n|switch|p2a: Slowking|Slowking, M, shiny|100\/100\n|move|p1a: Nihilego|Meteor Beam||[still]\n|-prepare|p1a: Nihilego|Meteor Beam\n|-boost|p1a: Nihilego|spa|1\n|-enditem|p1a: Nihilego|Power Herb\n|-anim|p1a: Nihilego|Meteor Beam|p2a: Slowking\n|-damage|p2a: Slowking|47\/100\n|\n|upkeep\n|turn|26\n|j| lt82zw raizen\n|\n|t:|1626278770\n|switch|p2a: Landorus|Landorus-Therian, M, shiny|50\/100\n|-damage|p2a: Landorus|38\/100|[from] Stealth Rock\n|-ability|p2a: Landorus|Intimidate|boost\n|-unboost|p1a: Nihilego|atk|1\n|move|p1a: Nihilego|Meteor Beam||[still]\n|-prepare|p1a: Nihilego|Meteor Beam\n|-boost|p1a: Nihilego|spa|1\n|\n|-heal|p2a: Landorus|44\/100|[from] item: Leftovers\n|upkeep\n|turn|27\n|l| lt82zw raizen\n|\n|t:|1626278780\n|move|p1a: Nihilego|Meteor Beam|p2a: Landorus|[from]lockedmove\n|-damage|p2a: Landorus|0 fnt\n|faint|p2a: Landorus\n|-ability|p1a: Nihilego|Beast Boost|boost\n|-boost|p1a: Nihilego|spe|1\n|\n|-fieldend|move: Electric Terrain\n|upkeep\n|\n|t:|1626278787\n|switch|p2a: Urshifu|Urshifu-Rapid-Strike, F, shiny|41\/100\n|-damage|p2a: Urshifu|35\/100|[from] Stealth Rock\n|turn|28\n|\n|t:|1626278791\n|move|p2a: Urshifu|Aqua Jet|p1a: Nihilego\n|-supereffective|p1a: Nihilego\n|-crit|p1a: Nihilego\n|-damage|p1a: Nihilego|0 fnt\n|faint|p1a: Nihilego\n|\n|upkeep\n|c|\u2606Specs KD|no\n|c|\u2606Specs KD|take that back\n|\n|t:|1626278811\n|switch|p1a: Tapu Koko|Tapu Koko|71\/100\n|-fieldstart|move: Electric Terrain|[from] ability: Electric Surge|[of] p1a: Tapu Koko\n|turn|29\n|c|\u2606Specs KD|thats so ass i played this so well\n|inactive|LT82ZW M1(k3I has 120 seconds left.\n|j| LT82ZW Seko\n|\n|t:|1626278867\n|move|p2a: Urshifu|Aqua Jet|p1a: Tapu Koko\n|-damage|p1a: Tapu Koko|37\/100\n|move|p1a: Tapu Koko|Dazzling Gleam|p2a: Urshifu\n|-supereffective|p2a: Urshifu\n|-damage|p2a: Urshifu|0 fnt\n|faint|p2a: Urshifu\n|\n|upkeep\n|\n|t:|1626278872\n|switch|p2a: Tapu Koko|Tapu Koko, shiny|56\/100\n|turn|30\n|\n|t:|1626278884\n|switch|p1a: Melmetal|Melmetal|96\/100\n|move|p2a: Tapu Koko|Roost|p2a: Tapu Koko\n|-heal|p2a: Tapu Koko|100\/100\n|-singleturn|p2a: Tapu Koko|move: Roost\n|\n|upkeep\n|turn|31\n|\n|t:|1626278892\n|move|p2a: Tapu Koko|U-turn|p1a: Melmetal\n|-resisted|p1a: Melmetal\n|-damage|p1a: Melmetal|92\/100\n|\n|t:|1626278896\n|switch|p2a: Corviknight|Corviknight, M, shiny|55\/100|[from]move: U-turn\n|-damage|p2a: Corviknight|42\/100|[from] Stealth Rock\n|-ability|p2a: Corviknight|Pressure\n|move|p1a: Melmetal|Thunder Punch|p2a: Corviknight\n|-supereffective|p2a: Corviknight\n|-damage|p2a: Corviknight|0 fnt\n|faint|p2a: Corviknight\n|\n|upkeep\n|\n|t:|1626278899\n|switch|p2a: Tapu Koko|Tapu Koko, shiny|100\/100\n|turn|32\n|inactive|LT82ZW M1(k3I has 120 seconds left.\n|\n|t:|1626278905\n|move|p2a: Tapu Koko|Dazzling Gleam|p1a: Melmetal\n|-resisted|p1a: Melmetal\n|-damage|p1a: Melmetal|81\/100\n|move|p1a: Melmetal|Double Iron Bash|p2a: Tapu Koko\n|-damage|p2a: Tapu Koko|35\/100\n|-damage|p2a: Tapu Koko|0 fnt\n|faint|p2a: Tapu Koko\n|-hitcount|p2: Tapu Koko|2\n|\n|upkeep\n|-message|LT82ZW M1(k3I forfeited.\n|\n|win|Specs KD\n|raw|Specs KD's rating: 1687 &rarr; <strong>1710<\/strong><br \/>(+23 for winning)\n|raw|LT82ZW M1(k3I's rating: 1740 &rarr; <strong>1717<\/strong><br \/>(-23 for losing)\n|l|\u2606LT82ZW M1(k3I\n|l| LT82ZW Seko\n||Ladder isn't responding, score probably updated but might not have (Request timeout).\n","uploadtime":1626278918,"views":6,"p1id":"specskd","p2id":"lt82zwm1k3i","formatid":"gen8ou","rating":1710,"private":0,"password":null}