{"id":"gen8ou-1629887089","p1":"LT91BB Dasmer","p2":"antarctozolt","format":"gen8ou","log":"|raw|<div class=\"broadcast-blue\"><strong>This battle is required to be public due to a player having a name starting with 'lt91bb'.<\/div>\n|j|\u2606LT91BB Dasmer\n|j|\u2606antarctozolt\n|t:|1659362659\n|gametype|singles\n|player|p1|LT91BB Dasmer|rei|1964\n|player|p2|antarctozolt|skier|1996\n|teamsize|p1|6\n|teamsize|p2|6\n|gen|8\n|tier|[Gen 8] OU\n|rated|\n|rule|Sleep Clause Mod: Limit one foe put to sleep\n|rule|Species Clause: Limit one of each Pok\u00e9mon\n|rule|OHKO Clause: OHKO moves are banned\n|rule|Evasion Moves Clause: Evasion moves are banned\n|rule|Endless Battle Clause: Forcing endless battles is banned\n|rule|HP Percentage Mod: HP is shown in percentages\n|rule|Dynamax Clause: You cannot dynamax\n|clearpoke\n|poke|p1|Landorus-Therian, M|\n|poke|p1|Victini|\n|poke|p1|Tapu Koko|\n|poke|p1|Dragonite, F|\n|poke|p1|Ferrothorn, M|\n|poke|p1|Clefable, M|\n|poke|p2|Mew|\n|poke|p2|Weavile, M|\n|poke|p2|Celesteela|\n|poke|p2|Crawdaunt, F|\n|poke|p2|Garchomp, M|\n|poke|p2|Blacephalon|\n|teampreview\n|\n|t:|1659362668\n|start\n|switch|p1a: Landorus|Landorus-Therian, M|100\/100\n|switch|p2a: Mew|Mew, shiny|100\/100\n|-ability|p1a: Landorus|Intimidate|boost\n|-unboost|p2a: Mew|atk|1\n|turn|1\n|j| LT91BB Mimi\n|\n|t:|1659362672\n|move|p2a: Mew|Stealth Rock|p1a: Landorus\n|-sidestart|p1: LT91BB Dasmer|move: Stealth Rock\n|move|p1a: Landorus|Stealth Rock|p2a: Mew\n|-sidestart|p2: antarctozolt|move: Stealth Rock\n|\n|upkeep\n|turn|2\n|\n|t:|1659362676\n|move|p2a: Mew|Spikes|p1a: Landorus\n|-sidestart|p1: LT91BB Dasmer|Spikes\n|move|p1a: Landorus|Earthquake|p2a: Mew\n|-damage|p2a: Mew|55\/100\n|\n|upkeep\n|turn|3\n|\n|t:|1659362680\n|move|p2a: Mew|Spikes|p1a: Landorus\n|-sidestart|p1: LT91BB Dasmer|Spikes\n|move|p1a: Landorus|Earthquake|p2a: Mew\n|-damage|p2a: Mew|6\/100\n|\n|upkeep\n|turn|4\n|j| Heiwa June\n|j| ThisIsntHilarious\n|\n|t:|1659362684\n|move|p2a: Mew|Spikes|p1a: Landorus\n|-sidestart|p1: LT91BB Dasmer|Spikes\n|move|p1a: Landorus|Earthquake|p2a: Mew\n|-damage|p2a: Mew|0 fnt\n|faint|p2a: Mew\n|\n|upkeep\n|\n|t:|1659362687\n|switch|p2a: Weavile|Weavile, M, shiny|100\/100\n|-damage|p2a: Weavile|76\/100|[from] Stealth Rock\n|-ability|p2a: Weavile|Pressure\n|turn|5\n|\n|t:|1659362695\n|move|p2a: Weavile|Ice Shard|p1a: Landorus\n|-supereffective|p1a: Landorus\n|-damage|p1a: Landorus|0 fnt\n|faint|p1a: Landorus\n|-damage|p2a: Weavile|66\/100|[from] item: Life Orb\n|\n|upkeep\n|\n|t:|1659362697\n|switch|p1a: Tapu Koko|Tapu Koko|100\/100\n|-fieldstart|move: Electric Terrain|[from] ability: Electric Surge|[of] p1a: Tapu Koko\n|turn|6\n|\n|t:|1659362699\n|move|p2a: Weavile|Ice Shard|p1a: Tapu Koko\n|-damage|p1a: Tapu Koko|66\/100\n|-damage|p2a: Weavile|56\/100|[from] item: Life Orb\n|move|p1a: Tapu Koko|Dazzling Gleam|p2a: Weavile\n|-supereffective|p2a: Weavile\n|-damage|p2a: Weavile|0 fnt\n|faint|p2a: Weavile\n|\n|upkeep\n|\n|t:|1659362701\n|switch|p2a: Blacephalon|Blacephalon, shiny|100\/100\n|-damage|p2a: Blacephalon|76\/100|[from] Stealth Rock\n|turn|7\n|\n|t:|1659362707\n|switch|p1a: Clefable|Clefable, M|100\/100\n|move|p2a: Blacephalon|Shadow Ball|p1a: Clefable\n|-damage|p1a: Clefable|57\/100\n|\n|upkeep\n|turn|8\n|\n|t:|1659362711\n|switch|p2a: Crawdaunt|Crawdaunt, F, shiny|100\/100\n|-damage|p2a: Crawdaunt|88\/100|[from] Stealth Rock\n|move|p1a: Clefable|Trick|p2a: Crawdaunt\n|-activate|p1a: Clefable|move: Trick|[of] p2a: Crawdaunt\n|-item|p2a: Crawdaunt|Sticky Barb|[from] move: Trick\n|-item|p1a: Clefable|Life Orb|[from] move: Trick\n|\n|-damage|p2a: Crawdaunt|76\/100|[from] item: Sticky Barb\n|upkeep\n|turn|9\n|j| Ernstbusch\n|j| xray\n|j| LT91BB Aniruddh\n|\n|t:|1659362720\n|move|p2a: Crawdaunt|Crabhammer|p1a: Clefable\n|-damage|p1a: Clefable|0 fnt\n|faint|p1a: Clefable\n|\n|-damage|p2a: Crawdaunt|63\/100|[from] item: Sticky Barb\n|upkeep\n|l| LT91BB Aniruddh\n|j| Ioaded\n|\n|t:|1659362726\n|switch|p1a: Tapu Koko|Tapu Koko|66\/100\n|turn|10\n|j| wish killer\n|\n|t:|1659362731\n|move|p2a: Crawdaunt|Aqua Jet|p1a: Tapu Koko\n|-damage|p1a: Tapu Koko|26\/100\n|move|p1a: Tapu Koko|Roost|p1a: Tapu Koko\n|-heal|p1a: Tapu Koko|76\/100\n|-singleturn|p1a: Tapu Koko|move: Roost\n|\n|-fieldend|move: Electric Terrain\n|-damage|p2a: Crawdaunt|51\/100|[from] item: Sticky Barb\n|upkeep\n|turn|11\n|\n|t:|1659362733\n|move|p2a: Crawdaunt|Aqua Jet|p1a: Tapu Koko\n|-crit|p1a: Tapu Koko\n|-damage|p1a: Tapu Koko|23\/100\n|move|p1a: Tapu Koko|Dazzling Gleam|p2a: Crawdaunt\n|-supereffective|p2a: Crawdaunt\n|-damage|p2a: Crawdaunt|0 fnt\n|faint|p2a: Crawdaunt\n|\n|upkeep\n|\n|t:|1659362736\n|switch|p2a: Blacephalon|Blacephalon, shiny|76\/100\n|-damage|p2a: Blacephalon|51\/100|[from] Stealth Rock\n|turn|12\n|c| wish killer|dasmer\n|j| LT91BB Empo\n|c| wish killer|wheres egc to ghost u\n|c| wish killer|when u need him\n|j| samurott champloo\n|j| Sergiopoena\n|inactive|Battle timer is ON: inactive players will automatically lose when time's up. (requested by antarctozolt)\n|j| joeding\n|j| LT91BB bigstomp\n|\n|t:|1659362766\n|move|p2a: Blacephalon|Shadow Ball|p1a: Tapu Koko\n|-damage|p1a: Tapu Koko|0 fnt\n|faint|p1a: Tapu Koko\n|-ability|p2a: Blacephalon|Beast Boost|boost\n|-boost|p2a: Blacephalon|spa|1\n|\n|upkeep\n|j| DrasticLightning\n|j| Tamagochi azulado\n|j| supahotnicememe\n|\n|t:|1659362774\n|switch|p1a: Ferrothorn|Ferrothorn, M|100\/100\n|-damage|p1a: Ferrothorn|94\/100|[from] Stealth Rock\n|-damage|p1a: Ferrothorn|69\/100|[from] Spikes\n|turn|13\n|l| LT91BB bigstomp\n|j| Miss.mushroom\n|\n|t:|1659362777\n|move|p2a: Blacephalon|Shadow Ball|p1a: Ferrothorn\n|-damage|p1a: Ferrothorn|1\/100\n|move|p1a: Ferrothorn|Knock Off|p2a: Blacephalon\n|-supereffective|p2a: Blacephalon\n|-damage|p2a: Blacephalon|0 fnt\n|-enditem|p2a: Blacephalon|Choice Scarf|[from] move: Knock Off|[of] p1a: Ferrothorn\n|faint|p2a: Blacephalon\n|\n|-heal|p1a: Ferrothorn|7\/100|[from] item: Leftovers\n|upkeep\n|\n|t:|1659362782\n|switch|p2a: Garchomp|Garchomp, M, shiny|100\/100\n|-damage|p2a: Garchomp|94\/100|[from] Stealth Rock\n|turn|14\n|\n|t:|1659362784\n|switch|p1a: Dragonite|Dragonite, F|100\/100\n|move|p2a: Garchomp|Swords Dance|p2a: Garchomp\n|-boost|p2a: Garchomp|atk|2\n|\n|upkeep\n|turn|15\n|\n|t:|1659362786\n|move|p2a: Garchomp|Scale Shot|p1a: Dragonite\n|-supereffective|p1a: Dragonite\n|-damage|p1a: Dragonite|73\/100\n|-supereffective|p1a: Dragonite\n|-damage|p1a: Dragonite|17\/100\n|-hitcount|p1a: Dragonite|2\n|-unboost|p2a: Garchomp|def|1\n|-boost|p2a: Garchomp|spe|1\n|move|p1a: Dragonite|Ice Punch|p2a: Garchomp\n|-supereffective|p2a: Garchomp\n|-damage|p2a: Garchomp|0 fnt\n|-damage|p1a: Dragonite|5\/100|[from] ability: Rough Skin|[of] p2a: Garchomp\n|faint|p2a: Garchomp\n|\n|upkeep\n|j| LT91BB Manololt\n|\n|t:|1659362789\n|switch|p2a: Celesteela|Celesteela, shiny|100\/100\n|-damage|p2a: Celesteela|88\/100|[from] Stealth Rock\n|turn|16\n|\n|t:|1659362793\n|switch|p1a: Ferrothorn|Ferrothorn, M|7\/100\n|-damage|p1a: Ferrothorn|1\/100|[from] Stealth Rock\n|-damage|p1a: Ferrothorn|0 fnt|[from] Spikes\n|faint|p1a: Ferrothorn\n|move|p2a: Celesteela|Autotomize|p2a: Celesteela\n|-boost|p2a: Celesteela|spe|2\n|-start|p2a: Celesteela|Autotomize\n|\n|upkeep\n|\n|t:|1659362795\n|switch|p1a: Victini|Victini|100\/100\n|turn|17\n|\n|t:|1659362797\n|switch|p1a: Dragonite|Dragonite, F|5\/100\n|move|p2a: Celesteela|Air Slash|p1a: Dragonite\n|-damage|p1a: Dragonite|0 fnt\n|faint|p1a: Dragonite\n|-ability|p2a: Celesteela|Beast Boost|boost\n|-boost|p2a: Celesteela|spa|1\n|\n|upkeep\n|j| LT91BB Ox\n|\n|t:|1659362799\n|switch|p1a: Victini|Victini|100\/100\n|turn|18\n|\n|t:|1659362800\n|move|p2a: Celesteela|Meteor Beam||[still]\n|-prepare|p2a: Celesteela|Meteor Beam\n|-boost|p2a: Celesteela|spa|1\n|-enditem|p2a: Celesteela|Power Herb\n|-anim|p2a: Celesteela|Meteor Beam|p1a: Victini\n|-supereffective|p1a: Victini\n|-damage|p1a: Victini|0 fnt\n|faint|p1a: Victini\n|\n|win|antarctozolt\n|raw|LT91BB Dasmer's rating: 1964 &rarr; <strong>1946<\/strong><br \/>(-18 for losing)\n|raw|antarctozolt's rating: 1996 &rarr; <strong>2014<\/strong><br \/>(+18 for winning)\n|j| SkipTheDripBayless\n|l|\u2606antarctozolt\n|l|\u2606LT91BB Dasmer\n|j| jey2\n|l| samurott champloo\n|l| Tamagochi azulado\n|l| jey2\n|j| egal\u2605vanc\n|l| egal\u2605vanc\n|l| xray\n|l| Ernstbusch\n|l| Miss.mushroom\n|l| LT91BB Mimi\n|j| Miss.mushroom\n|j| Drunkensailer\n|l| Ioaded\n|l| Miss.mushroom\n|l| ThisIsntHilarious\n|l| Drunkensailer\n|l| SkipTheDripBayless\n||Ladder isn't responding, score probably updated but might not have (Request timeout).\n|j| Miss.mushroom\n|l| Heiwa June\n|l| Miss.mushroom\n|l| supahotnicememe\n|l| LT91BB Ox\n|j| Harry Fraud\n|j| Tamagochi azulado\n|j|+Mengy \u32db\n|l| Tamagochi azulado\n|l| joeding\n|j| Ahsan-219\n|l| Ahsan-219\n|j| Miss.mushroom\n|l| LT91BB Empo\n|l| Miss.mushroom\n|j| IPF\n|j| Ahsan-219\n|l| Ahsan-219\n|l| IPF\n|j| egal\u2605vanc\n|j| gridline\n|l| egal\u2605vanc\n|l| gridline\n|j|\u2606antarctozolt\n|player|p2|antarctozolt|skier\n|l| Harry Fraud\n|j| Tamagochi azulado\n|j| pushen\n|l| Tamagochi azulado\n|l|\u2606antarctozolt\n|player|p2|\n|j| CM Reuni\n|l| CM Reuni\n|j| misterioussaint\n|l| misterioussaint\n|l| DrasticLightning\n|l| pushen\n|j| MARSANDBACK\n|l| MARSANDBACK\n|j| Seleukus\n|j| LT91BB AYT\n|l| Seleukus\n|l| LT91BB AYT\n|l| Sergiopoena\n|j| maeve68\n|l| maeve68\n|j| LT91BB rejeff\n|j| LT91BB Rapty\n|l| LT91BB Rapty\n|j| irgendwasmitmeeem\n","uploadtime":1659362804,"views":169,"p1id":"lt91bbdasmer","p2id":"antarctozolt","formatid":"gen8ou","rating":1946,"private":0,"password":null}