{"id":"gen8nationaldex-1394099293","p1":"Benjamin Gilbert","p2":"linux user","format":"gen8nationaldex","log":"|j|\u2606Benjamin Gilbert\n|j|\u2606linux user\n|t:|1628631330\n|gametype|singles\n|player|p1|Benjamin Gilbert|xerosic|1553\n|player|p2|linux user|cheren-gen5bw2|1521\n|teamsize|p1|6\n|teamsize|p2|6\n|gen|8\n|tier|[Gen 8] National Dex\n|rated|\n|rule|HP Percentage Mod: HP is shown in percentages\n|rule|Endless Battle Clause: Forcing endless battles is banned\n|rule|OHKO Clause: OHKO moves are banned\n|rule|Evasion Moves Clause: Evasion moves are banned\n|rule|Species Clause: Limit one of each Pok\u00e9mon\n|rule|Dynamax Clause: You cannot dynamax\n|rule|Sleep Clause Mod: Limit one foe put to sleep\n|clearpoke\n|poke|p1|Scizor, M|\n|poke|p1|Appletun, F|\n|poke|p1|Gliscor, M|\n|poke|p1|Corsola-Galar, F|\n|poke|p1|Greninja, M|\n|poke|p1|Tapu Koko|\n|poke|p2|Shuckle, M|\n|poke|p2|Thundurus-Therian, M|\n|poke|p2|Serperior, M|\n|poke|p2|Bisharp, M|\n|poke|p2|Scizor, M|\n|poke|p2|Kommo-o, F|\n|teampreview\n|inactive|Battle timer is ON: inactive players will automatically lose when time's up. (requested by linux user)\n|c|\u2606linux user|glhf\n|c|\u2606Benjamin Gilbert|u2\n|c|\u2606Benjamin Gilbert|why do i see this team so muc\n|c|\u2606linux user|sample\n|inactive|Benjamin Gilbert has 120 seconds left.\n|c|\u2606Benjamin Gilbert|oh\n|c|\u2606linux user|imo the best sample\n|c|\u2606Benjamin Gilbert|it beats like all of my teams LMAO\n|\n|t:|1628631370\n|start\n|switch|p1a: Scizor|Scizor, M|100\/100\n|switch|p2a: Shuckle|Shuckle, M|100\/100\n|turn|1\n|\n|t:|1628631375\n|detailschange|p1a: Scizor|Scizor-Mega, M\n|-mega|p1a: Scizor|Scizor|Scizorite\n|move|p1a: Scizor|Swords Dance|p1a: Scizor\n|-boost|p1a: Scizor|atk|2\n|move|p2a: Shuckle|Sticky Web|p1a: Scizor\n|-sidestart|p1: Benjamin Gilbert|move: Sticky Web\n|\n|upkeep\n|turn|2\n|\n|t:|1628631377\n|move|p1a: Scizor|Bullet Punch|p2a: Shuckle\n|-supereffective|p2a: Shuckle\n|-damage|p2a: Shuckle|36\/100\n|move|p2a: Shuckle|Encore|p1a: Scizor\n|-start|p1a: Scizor|Encore\n|\n|upkeep\n|turn|3\n|\n|t:|1628631380\n|move|p1a: Scizor|Bullet Punch|p2a: Shuckle\n|-supereffective|p2a: Shuckle\n|-damage|p2a: Shuckle|0 fnt\n|faint|p2a: Shuckle\n|\n|upkeep\n|\n|t:|1628631387\n|switch|p2a: Serperior|Serperior, M|100\/100\n|turn|4\n|\n|t:|1628631389\n|switch|p1a: Appletun|Appletun, F|100\/100\n|-activate|p1a: Appletun|move: Sticky Web\n|-unboost|p1a: Appletun|spe|1\n|move|p2a: Serperior|Hidden Power|p1a: Appletun\n|-damage|p1a: Appletun|96\/100\n|\n|-heal|p1a: Appletun|100\/100|[from] item: Leftovers\n|upkeep\n|turn|5\n|\n|t:|1628631398\n|switch|p2a: Thundurus|Thundurus-Therian, M|100\/100\n|move|p1a: Appletun|Leech Seed|p2a: Thundurus\n|-start|p2a: Thundurus|move: Leech Seed\n|\n|-damage|p2a: Thundurus|88\/100|[from] Leech Seed|[of] p1a: Appletun\n|upkeep\n|turn|6\n|\n|t:|1628631403\n|move|p2a: Thundurus|Nasty Plot|p2a: Thundurus\n|-boost|p2a: Thundurus|spa|2\n|move|p1a: Appletun|Dragon Pulse|p2a: Thundurus\n|-crit|p2a: Thundurus\n|-damage|p2a: Thundurus|24\/100\n|\n|-damage|p2a: Thundurus|12\/100|[from] Leech Seed|[of] p1a: Appletun\n|upkeep\n|turn|7\n|\n|t:|1628631406\n|move|p2a: Thundurus|Hidden Power|p1a: Appletun\n|-supereffective|p1a: Appletun\n|-damage|p1a: Appletun|37\/100\n|move|p1a: Appletun|Recover|p1a: Appletun\n|-heal|p1a: Appletun|87\/100\n|\n|-heal|p1a: Appletun|93\/100|[from] item: Leftovers\n|-damage|p2a: Thundurus|0 fnt|[from] Leech Seed|[of] p1a: Appletun\n|-heal|p1a: Appletun|100\/100|[silent]\n|faint|p2a: Thundurus\n|upkeep\n|\n|t:|1628631410\n|switch|p2a: Kommo-o|Kommo-o, F|100\/100\n|turn|8\n|\n|t:|1628631423\n|move|p2a: Kommo-o|Substitute|p2a: Kommo-o\n|-start|p2a: Kommo-o|Substitute\n|-damage|p2a: Kommo-o|75\/100\n|move|p1a: Appletun|Dragon Pulse|p2a: Kommo-o\n|-supereffective|p2a: Kommo-o\n|-end|p2a: Kommo-o|Substitute\n|\n|upkeep\n|turn|9\n|\n|t:|1628631430\n|switch|p2a: Scizor|Scizor, M|100\/100\n|move|p1a: Appletun|Dragon Pulse|p2a: Scizor\n|-resisted|p2a: Scizor\n|-damage|p2a: Scizor|81\/100\n|\n|upkeep\n|turn|10\n|\n|t:|1628631454\n|detailschange|p2a: Scizor|Scizor-Mega, M\n|-mega|p2a: Scizor|Scizor|Scizorite\n|move|p2a: Scizor|Bug Bite|p1a: Appletun\n|-supereffective|p1a: Appletun\n|-damage|p1a: Appletun|0 fnt\n|faint|p1a: Appletun\n|\n|upkeep\n|\n|t:|1628631458\n|switch|p1a: Scizor|Scizor-Mega, M|100\/100\n|-activate|p1a: Scizor|move: Sticky Web\n|-unboost|p1a: Scizor|spe|1\n|turn|11\n|\n|t:|1628631464\n|move|p2a: Scizor|Superpower|p1a: Scizor\n|-damage|p1a: Scizor|70\/100\n|-unboost|p2a: Scizor|atk|1\n|-unboost|p2a: Scizor|def|1\n|move|p1a: Scizor|Swords Dance|p1a: Scizor\n|-boost|p1a: Scizor|atk|2\n|\n|upkeep\n|turn|12\n|\n|t:|1628631472\n|move|p2a: Scizor|Superpower|p1a: Scizor\n|-damage|p1a: Scizor|49\/100\n|-unboost|p2a: Scizor|atk|1\n|-unboost|p2a: Scizor|def|1\n|move|p1a: Scizor|Swords Dance|p1a: Scizor\n|-boost|p1a: Scizor|atk|2\n|\n|upkeep\n|turn|13\n|\n|t:|1628631475\n|move|p2a: Scizor|Superpower|p1a: Scizor\n|-damage|p1a: Scizor|32\/100\n|-unboost|p2a: Scizor|atk|1\n|-unboost|p2a: Scizor|def|1\n|move|p1a: Scizor|Roost|p1a: Scizor\n|-heal|p1a: Scizor|82\/100\n|-singleturn|p1a: Scizor|move: Roost\n|\n|upkeep\n|turn|14\n|\n|t:|1628631479\n|move|p2a: Scizor|Swords Dance|p2a: Scizor\n|-boost|p2a: Scizor|atk|2\n|move|p1a: Scizor|Swords Dance|p1a: Scizor\n|-boost|p1a: Scizor|atk|2\n|\n|upkeep\n|turn|15\n|\n|t:|1628631483\n|move|p1a: Scizor|Bullet Punch|p2a: Scizor\n|-resisted|p2a: Scizor\n|-damage|p2a: Scizor|0 fnt\n|faint|p2a: Scizor\n|\n|upkeep\n|\n|t:|1628631485\n|switch|p2a: Bisharp|Bisharp, M|100\/100\n|turn|16\n|inactive|Benjamin Gilbert has 120 seconds left.\n|\n|t:|1628631516\n|move|p1a: Scizor|Bullet Punch|p2a: Bisharp\n|-resisted|p2a: Bisharp\n|-damage|p2a: Bisharp|29\/100\n|move|p2a: Bisharp|Knock Off|p1a: Scizor\n|-damage|p1a: Scizor|54\/100\n|-damage|p2a: Bisharp|19\/100|[from] item: Life Orb\n|\n|upkeep\n|turn|17\n|\n|t:|1628631520\n|move|p2a: Bisharp|Sucker Punch|p1a: Scizor\n|-damage|p1a: Scizor|24\/100\n|-damage|p2a: Bisharp|10\/100|[from] item: Life Orb\n|move|p1a: Scizor|Bullet Punch|p2a: Bisharp\n|-resisted|p2a: Bisharp\n|-damage|p2a: Bisharp|0 fnt\n|faint|p2a: Bisharp\n|\n|upkeep\n|\n|t:|1628631529\n|switch|p2a: Serperior|Serperior, M|100\/100\n|turn|18\n|\n|t:|1628631530\n|move|p1a: Scizor|Bullet Punch|p2a: Serperior\n|-damage|p2a: Serperior|0 fnt\n|faint|p2a: Serperior\n|\n|upkeep\n|\n|t:|1628631532\n|switch|p2a: Kommo-o|Kommo-o, F|75\/100\n|turn|19\n|\n|t:|1628631534\n|move|p1a: Scizor|Bullet Punch|p2a: Kommo-o\n|-damage|p2a: Kommo-o|0 fnt\n|faint|p2a: Kommo-o\n|\n|win|Benjamin Gilbert\n|c|\u2606Benjamin Gilbert|gg\n|raw|Benjamin Gilbert's rating: 1553 &rarr; <strong>1571<\/strong><br \/>(+18 for winning)\n|raw|linux user's rating: 1522 &rarr; <strong>1504<\/strong><br \/>(-18 for losing)\n|l|\u2606linux user\n||Ladder isn't responding, score probably updated but might not have (Request timeout).\n","uploadtime":1628631651,"views":14,"p1id":"benjamingilbert","p2id":"linuxuser","formatid":"gen8nationaldex","rating":1504,"private":0,"password":null}