{"id":"gen8ru-1447211420","p1":"Wubben","p2":"xasahbae","format":"gen8ru","log":"|j|\u2606Wubben\n|j|\u2606xasahbae\n|inactive|Battle timer is ON: inactive players will automatically lose when time's up.\n|t:|1635855043\n|gametype|singles\n|player|p1|Wubben|skier|\n|player|p2|xasahbae|lass-gen4dp|\n|teamsize|p1|6\n|teamsize|p2|6\n|gen|8\n|tier|[Gen 8] RU\n|rated|Tournament battle\n|rule|Sleep Clause Mod: Limit one foe put to sleep\n|rule|Species Clause: Limit one of each Pok\u00e9mon\n|rule|OHKO Clause: OHKO moves are banned\n|rule|Evasion Moves Clause: Evasion moves are banned\n|rule|Endless Battle Clause: Forcing endless battles is banned\n|rule|HP Percentage Mod: HP is shown in percentages\n|rule|Dynamax Clause: You cannot dynamax\n|clearpoke\n|poke|p1|Umbreon, M|\n|poke|p1|Quagsire, F|\n|poke|p1|Reuniclus, M|\n|poke|p1|Crobat, F|\n|poke|p1|Registeel|\n|poke|p1|Guzzlord|\n|poke|p2|Lucario, F|\n|poke|p2|Noivern, M|\n|poke|p2|Gastrodon-East, M|\n|poke|p2|Gardevoir, M|\n|poke|p2|Diancie|\n|poke|p2|Reuniclus, M|\n|teampreview\n|j|*Lady Monita \u263d\n|j| Sykes21\n|\n|t:|1635855060\n|start\n|switch|p1a: Registeel|Registeel|100\/100\n|switch|p2a: Gardevoir|Gardevoir, M, shiny|100\/100\n|-ability|p2a: Gardevoir|Clear Body|[from] ability: Trace|[of] p1a: Registeel\n|turn|1\n|j| lakshyy\n|\n|t:|1635855065\n|move|p2a: Gardevoir|Trick|p1a: Registeel\n|-activate|p2a: Gardevoir|move: Trick|[of] p1a: Registeel\n|-item|p1a: Registeel|Choice Scarf|[from] move: Trick\n|-item|p2a: Gardevoir|Leftovers|[from] move: Trick\n|move|p1a: Registeel|Toxic|p2a: Gardevoir\n|-status|p2a: Gardevoir|tox\n|\n|-damage|p2a: Gardevoir|94\/100 tox|[from] psn\n|upkeep\n|turn|2\n|\n|t:|1635855082\n|switch|p2a: Lucario|Lucario, F, shiny|100\/100\n|move|p1a: Registeel|Toxic|p2a: Lucario\n|-immune|p2a: Lucario\n|\n|upkeep\n|turn|3\n|\n|t:|1635855090\n|switch|p2a: Diancie|Diancie|100\/100\n|switch|p1a: Quagsire|Quagsire, F|100\/100\n|\n|upkeep\n|turn|4\n|j| Oreotrague\n|\n|t:|1635855094\n|move|p2a: Diancie|Stealth Rock|p1a: Quagsire\n|-sidestart|p1: Wubben|move: Stealth Rock\n|move|p1a: Quagsire|Scald|p2a: Diancie\n|-supereffective|p2a: Diancie\n|-damage|p2a: Diancie|77\/100\n|\n|-heal|p2a: Diancie|83\/100|[from] item: Leftovers\n|upkeep\n|turn|5\n|\n|t:|1635855100\n|move|p2a: Diancie|Toxic|p1a: Quagsire\n|-status|p1a: Quagsire|tox\n|move|p1a: Quagsire|Scald|p2a: Diancie\n|-supereffective|p2a: Diancie\n|-damage|p2a: Diancie|61\/100\n|-status|p2a: Diancie|brn\n|\n|-heal|p2a: Diancie|67\/100 brn|[from] item: Leftovers\n|-damage|p1a: Quagsire|94\/100 tox|[from] psn\n|-damage|p2a: Diancie|61\/100 brn|[from] brn\n|upkeep\n|turn|6\n|\n|t:|1635855105\n|switch|p2a: Reuniclus|Reuniclus, M, shiny|100\/100\n|switch|p1a: Crobat|Crobat, F|100\/100\n|\n|upkeep\n|turn|7\n|\n|t:|1635855109\n|move|p1a: Crobat|Defog|p2a: Reuniclus\n|-unboost|p2a: Reuniclus|evasion|1\n|-sideend|p1: Wubben|Stealth Rock|[from] move: Defog|[of] p1a: Crobat\n|move|p2a: Reuniclus|Psyshock|p1a: Crobat\n|-supereffective|p1a: Crobat\n|-crit|p1a: Crobat\n|-damage|p1a: Crobat|0 fnt\n|faint|p1a: Crobat\n|\n|upkeep\n|l| Sykes21\n|\n|t:|1635855122\n|switch|p1a: Guzzlord|Guzzlord|100\/100\n|turn|8\n|\n|t:|1635855140\n|switch|p2a: Diancie|Diancie|61\/100 brn\n|move|p1a: Guzzlord|Knock Off|p2a: Diancie\n|-resisted|p2a: Diancie\n|-damage|p2a: Diancie|48\/100 brn\n|-enditem|p2a: Diancie|Leftovers|[from] move: Knock Off|[of] p1a: Guzzlord\n|\n|-damage|p2a: Diancie|42\/100 brn|[from] brn\n|upkeep\n|turn|9\n|\n|t:|1635855147\n|move|p2a: Diancie|Stealth Rock|p1a: Guzzlord\n|-sidestart|p1: Wubben|move: Stealth Rock\n|move|p1a: Guzzlord|Knock Off|p2a: Diancie\n|-resisted|p2a: Diancie\n|-damage|p2a: Diancie|33\/100 brn\n|\n|-damage|p2a: Diancie|27\/100 brn|[from] brn\n|upkeep\n|turn|10\n|\n|t:|1635855154\n|switch|p1a: Umbreon|Umbreon, M|100\/100\n|move|p2a: Diancie|Diamond Storm|p1a: Umbreon\n|-damage|p1a: Umbreon|88\/100\n|-boost|p2a: Diancie|def|2\n|\n|-damage|p2a: Diancie|21\/100 brn|[from] brn\n|upkeep\n|turn|11\n|\n|t:|1635855160\n|move|p1a: Umbreon|Heal Bell|p1a: Umbreon\n|-activate|p1a: Umbreon|move: Heal Bell\n|-curestatus|p1: Quagsire|tox|[msg]\n|move|p2a: Diancie|Body Press|p1a: Umbreon\n|-supereffective|p1a: Umbreon\n|-damage|p1a: Umbreon|42\/100\n|\n|-damage|p2a: Diancie|15\/100 brn|[from] brn\n|upkeep\n|turn|12\n|\n|t:|1635855165\n|move|p1a: Umbreon|Protect|p1a: Umbreon\n|-singleturn|p1a: Umbreon|Protect\n|move|p2a: Diancie|Diamond Storm|p1a: Umbreon\n|-activate|p1a: Umbreon|move: Protect\n|\n|-damage|p2a: Diancie|9\/100 brn|[from] brn\n|upkeep\n|turn|13\n|\n|t:|1635855169\n|switch|p1a: Quagsire|Quagsire, F|94\/100\n|move|p2a: Diancie|Body Press|p1a: Quagsire\n|-damage|p1a: Quagsire|86\/100\n|\n|-damage|p2a: Diancie|3\/100 brn|[from] brn\n|upkeep\n|turn|14\n|\n|t:|1635855173\n|switch|p1a: Reuniclus|Reuniclus, M|100\/100\n|move|p2a: Diancie|Toxic|p1a: Reuniclus\n|-status|p1a: Reuniclus|tox\n|\n|-damage|p2a: Diancie|0 fnt|[from] brn\n|faint|p2a: Diancie\n|upkeep\n|\n|t:|1635855187\n|switch|p2a: Gastrodon|Gastrodon-East, M|100\/100\n|turn|15\n|j| pomha\n|\n|t:|1635855199\n|move|p2a: Gastrodon|Earth Power|p1a: Reuniclus\n|-damage|p1a: Reuniclus|74\/100 tox\n|move|p1a: Reuniclus|Calm Mind|p1a: Reuniclus\n|-boost|p1a: Reuniclus|spa|1\n|-boost|p1a: Reuniclus|spd|1\n|\n|upkeep\n|turn|16\n|\n|t:|1635855205\n|move|p2a: Gastrodon|Clear Smog|p1a: Reuniclus\n|-damage|p1a: Reuniclus|68\/100 tox\n|-clearboost|p1a: Reuniclus\n|move|p1a: Reuniclus|Psyshock|p2a: Gastrodon\n|-damage|p2a: Gastrodon|76\/100\n|\n|-heal|p2a: Gastrodon|82\/100|[from] item: Leftovers\n|upkeep\n|turn|17\n|\n|t:|1635855211\n|switch|p1a: Umbreon|Umbreon, M|42\/100\n|move|p2a: Gastrodon|Earth Power|p1a: Umbreon\n|-damage|p1a: Umbreon|25\/100\n|\n|-heal|p2a: Gastrodon|88\/100|[from] item: Leftovers\n|upkeep\n|turn|18\n|\n|t:|1635855217\n|switch|p2a: Lucario|Lucario, F, shiny|100\/100\n|move|p1a: Umbreon|Wish|p1a: Umbreon\n|\n|upkeep\n|turn|19\n|\n|t:|1635855223\n|move|p2a: Lucario|Swords Dance|p2a: Lucario\n|-boost|p2a: Lucario|atk|2\n|move|p1a: Umbreon|Foul Play|p2a: Lucario\n|-resisted|p2a: Lucario\n|-damage|p2a: Lucario|29\/100\n|\n|-heal|p1a: Umbreon|75\/100|[from] move: Wish|[wisher] Umbreon\n|upkeep\n|turn|20\n|\n|t:|1635855228\n|switch|p1a: Quagsire|Quagsire, F|86\/100\n|move|p2a: Lucario|Close Combat|p1a: Quagsire\n|-damage|p1a: Quagsire|38\/100\n|-unboost|p2a: Lucario|def|1\n|-unboost|p2a: Lucario|spd|1\n|-damage|p2a: Lucario|19\/100|[from] item: Life Orb\n|\n|upkeep\n|turn|21\n|\n|t:|1635855237\n|move|p2a: Lucario|Close Combat|p1a: Quagsire\n|-damage|p1a: Quagsire|0 fnt\n|-unboost|p2a: Lucario|def|1\n|-unboost|p2a: Lucario|spd|1\n|faint|p1a: Quagsire\n|-damage|p2a: Lucario|9\/100|[from] item: Life Orb\n|\n|upkeep\n|j| Efink Eizneckam\n|\n|t:|1635855246\n|switch|p1a: Registeel|Registeel|100\/100\n|-damage|p1a: Registeel|94\/100|[from] Stealth Rock\n|turn|22\n|l| Efink Eizneckam\n|\n|t:|1635855254\n|move|p2a: Lucario|Close Combat|p1a: Registeel\n|-supereffective|p1a: Registeel\n|-damage|p1a: Registeel|0 fnt\n|-unboost|p2a: Lucario|def|1\n|-unboost|p2a: Lucario|spd|1\n|faint|p1a: Registeel\n|-damage|p2a: Lucario|0 fnt|[from] item: Life Orb\n|faint|p2a: Lucario\n|\n|upkeep\n|j| Efink Eizneckam\n|l| Efink Eizneckam\n|\n|t:|1635855269\n|switch|p2a: Gardevoir|Gardevoir, M, shiny|94\/100 tox\n|switch|p1a: Reuniclus|Reuniclus, M|68\/100 tox\n|-ability|p2a: Gardevoir|Magic Guard|[from] ability: Trace|[of] p1a: Reuniclus\n|turn|23\n|\n|t:|1635855286\n|switch|p2a: Gastrodon|Gastrodon-East, M|88\/100\n|move|p1a: Reuniclus|Calm Mind|p1a: Reuniclus\n|-boost|p1a: Reuniclus|spa|1\n|-boost|p1a: Reuniclus|spd|1\n|\n|-heal|p2a: Gastrodon|94\/100|[from] item: Leftovers\n|upkeep\n|turn|24\n|\n|t:|1635855289\n|move|p2a: Gastrodon|Clear Smog|p1a: Reuniclus\n|-damage|p1a: Reuniclus|60\/100 tox\n|-clearboost|p1a: Reuniclus\n|move|p1a: Reuniclus|Recover|p1a: Reuniclus\n|-heal|p1a: Reuniclus|100\/100 tox\n|\n|-heal|p2a: Gastrodon|99\/100|[from] item: Leftovers\n|upkeep\n|turn|25\n|\n|t:|1635855299\n|switch|p2a: Reuniclus|Reuniclus, M, shiny|100\/100\n|switch|p1a: Guzzlord|Guzzlord|100\/100\n|-damage|p1a: Guzzlord|88\/100|[from] Stealth Rock\n|\n|-heal|p1a: Guzzlord|94\/100|[from] item: Leftovers\n|upkeep\n|turn|26\n|\n|t:|1635855306\n|move|p1a: Guzzlord|Knock Off|p2a: Reuniclus\n|-supereffective|p2a: Reuniclus\n|-damage|p2a: Reuniclus|32\/100\n|-enditem|p2a: Reuniclus|Assault Vest|[from] move: Knock Off|[of] p1a: Guzzlord\n|move|p2a: Reuniclus|Focus Blast|p1a: Guzzlord\n|-supereffective|p1a: Guzzlord\n|-damage|p1a: Guzzlord|54\/100\n|\n|-heal|p1a: Guzzlord|60\/100|[from] item: Leftovers\n|upkeep\n|turn|27\n|\n|t:|1635855314\n|switch|p2a: Noivern|Noivern, M, shiny|100\/100\n|move|p1a: Guzzlord|Knock Off|p2a: Noivern\n|-damage|p2a: Noivern|54\/100\n|-enditem|p2a: Noivern|Heavy-Duty Boots|[from] move: Knock Off|[of] p1a: Guzzlord\n|\n|-heal|p1a: Guzzlord|66\/100|[from] item: Leftovers\n|upkeep\n|turn|28\n|\n|t:|1635855320\n|move|p2a: Noivern|Draco Meteor|p1a: Guzzlord\n|-supereffective|p1a: Guzzlord\n|-damage|p1a: Guzzlord|0 fnt\n|-unboost|p2a: Noivern|spa|2\n|faint|p1a: Guzzlord\n|\n|upkeep\n|\n|t:|1635855325\n|switch|p1a: Reuniclus|Reuniclus, M|100\/100 tox\n|turn|29\n|\n|t:|1635855337\n|switch|p2a: Gastrodon|Gastrodon-East, M|99\/100\n|move|p1a: Reuniclus|Psyshock|p2a: Gastrodon\n|-damage|p2a: Gastrodon|77\/100\n|\n|-heal|p2a: Gastrodon|84\/100|[from] item: Leftovers\n|upkeep\n|turn|30\n|c|\u2606Wubben|yeah I messed up a bit this match\n|c|\u2606Wubben|gg\n|-message|Wubben forfeited.\n|\n|win|xasahbae\n|n|\u2606Wubben|wubben\n|n|\u2606xasahbae|xasahbae\n|n|*Lady Monita \u263d|ladymonita\n|n| lakshyy|lakshyy\n|n| Oreotrague|oreotrague\n|n| pomha|pomha\n|c|\u2606xasahbae|gg\n|l|*Lady Monita \u263d\n","uploadtime":1635855359,"views":22,"p1id":"wubben","p2id":"xasahbae","formatid":"gen8ru","rating":0,"private":0,"password":null}