{"id":"gen8bdspou-1459423799","p1":"edgelorditto yt","p2":"damorush","format":"gen8bdspou","log":"|j|\u2606edgelorditto yt\n|j|\u2606damorush\n|t:|1637662265\n|gametype|singles\n|player|p1|edgelorditto yt|courtney-gen3|1123\n|player|p2|damorush|266|1000\n|teamsize|p1|6\n|teamsize|p2|6\n|gen|8\n|tier|[Gen 8 BDSP] OU\n|rated|\n|rule|Sleep Clause Mod: Limit one foe put to sleep\n|rule|Species Clause: Limit one of each Pok\u00e9mon\n|rule|OHKO Clause: OHKO moves are banned\n|rule|Evasion Moves Clause: Evasion moves are banned\n|rule|Endless Battle Clause: Forcing endless battles is banned\n|rule|HP Percentage Mod: HP is shown in percentages\n|clearpoke\n|poke|p1|Metagross|\n|poke|p1|Gengar, F|\n|poke|p1|Breloom, M|\n|poke|p1|Manaphy|\n|poke|p1|Honchkrow, M|\n|poke|p1|Garchomp, M|\n|poke|p2|Shuckle, F|\n|poke|p2|Azumarill, M|\n|poke|p2|Infernape, F|\n|poke|p2|Gengar, F|\n|poke|p2|Staraptor, M|\n|poke|p2|Starmie|\n|teampreview\n|inactive|Battle timer is ON: inactive players will automatically lose when time's up. (requested by edgelorditto yt)\n|\n|t:|1637662269\n|start\n|switch|p1a: Metagross|Metagross|100\/100\n|switch|p2a: Shuckle|Shuckle, F|100\/100\n|turn|1\n|\n|t:|1637662276\n|move|p1a: Metagross|Meteor Mash|p2a: Shuckle\n|-supereffective|p2a: Shuckle\n|-crit|p2a: Shuckle\n|-damage|p2a: Shuckle|19\/100\n|move|p2a: Shuckle|Sticky Web|p1a: Metagross\n|-sidestart|p1: edgelorditto yt|move: Sticky Web\n|\n|upkeep\n|turn|2\n|\n|t:|1637662289\n|move|p1a: Metagross|Meteor Mash|p2a: Shuckle\n|-supereffective|p2a: Shuckle\n|-crit|p2a: Shuckle\n|-damage|p2a: Shuckle|0 fnt\n|-boost|p1a: Metagross|atk|1\n|faint|p2a: Shuckle\n|\n|upkeep\n|\n|t:|1637662298\n|switch|p2a: Gengar|Gengar, F|100\/100\n|turn|3\n|\n|t:|1637662302\n|move|p2a: Gengar|Shadow Ball|p1a: Metagross\n|-supereffective|p1a: Metagross\n|-enditem|p1a: Metagross|Focus Sash\n|-damage|p1a: Metagross|1\/100\n|-damage|p2a: Gengar|91\/100|[from] item: Life Orb\n|move|p1a: Metagross|Earthquake|p2a: Gengar\n|-supereffective|p2a: Gengar\n|-damage|p2a: Gengar|0 fnt\n|faint|p2a: Gengar\n|\n|upkeep\n|\n|t:|1637662319\n|switch|p2a: Starmie|Starmie|100\/100\n|turn|4\n|\n|t:|1637662323\n|move|p1a: Metagross|Bullet Punch|p2a: Starmie\n|-resisted|p2a: Starmie\n|-damage|p2a: Starmie|81\/100\n|move|p2a: Starmie|Rapid Spin|p1a: Metagross\n|-resisted|p1a: Metagross\n|-damage|p1a: Metagross|0 fnt\n|-boost|p2a: Starmie|spe|1\n|faint|p1a: Metagross\n|\n|-heal|p2a: Starmie|87\/100|[from] item: Leftovers\n|upkeep\n|\n|t:|1637662344\n|switch|p1a: Manaphy|Manaphy|100\/100\n|-activate|p1a: Manaphy|move: Sticky Web\n|-unboost|p1a: Manaphy|spe|1\n|turn|5\n|\n|t:|1637662359\n|switch|p2a: Infernape|Infernape, F|100\/100\n|move|p1a: Manaphy|Energy Ball|p2a: Infernape\n|-resisted|p2a: Infernape\n|-damage|p2a: Infernape|81\/100\n|\n|upkeep\n|turn|6\n|\n|t:|1637662366\n|move|p2a: Infernape|Thunder Punch|p1a: Manaphy\n|-supereffective|p1a: Manaphy\n|-damage|p1a: Manaphy|27\/100\n|-damage|p2a: Infernape|71\/100|[from] item: Life Orb\n|move|p1a: Manaphy|Tail Glow|p1a: Manaphy\n|-boost|p1a: Manaphy|spa|3\n|\n|upkeep\n|turn|7\n|\n|t:|1637662375\n|move|p2a: Infernape|Thunder Punch|p1a: Manaphy\n|-supereffective|p1a: Manaphy\n|-damage|p1a: Manaphy|0 fnt\n|faint|p1a: Manaphy\n|-damage|p2a: Infernape|62\/100|[from] item: Life Orb\n|\n|upkeep\n|\n|t:|1637662381\n|switch|p1a: Gengar|Gengar, F|100\/100\n|-activate|p1a: Gengar|move: Sticky Web\n|-unboost|p1a: Gengar|spe|1\n|turn|8\n|\n|t:|1637662392\n|move|p1a: Gengar|Shadow Ball|p2a: Infernape\n|-damage|p2a: Infernape|1\/100\n|move|p2a: Infernape|Fire Punch|p1a: Gengar\n|-damage|p1a: Gengar|0 fnt\n|faint|p1a: Gengar\n|-damage|p2a: Infernape|0 fnt|[from] item: Life Orb\n|faint|p2a: Infernape\n|\n|upkeep\n|\n|t:|1637662406\n|switch|p1a: Honchkrow|Honchkrow, M|100\/100\n|switch|p2a: Starmie|Starmie|87\/100\n|turn|9\n|\n|t:|1637662412\n|move|p1a: Honchkrow|Sucker Punch|p2a: Starmie\n|-supereffective|p2a: Starmie\n|-damage|p2a: Starmie|0 fnt\n|faint|p2a: Starmie\n|-ability|p1a: Honchkrow|Moxie|boost\n|-boost|p1a: Honchkrow|atk|1\n|-damage|p1a: Honchkrow|91\/100|[from] item: Life Orb\n|\n|upkeep\n|\n|t:|1637662419\n|switch|p2a: Staraptor|Staraptor, M|100\/100\n|turn|10\n|\n|t:|1637662425\n|move|p1a: Honchkrow|Sucker Punch|p2a: Staraptor\n|-crit|p2a: Staraptor\n|-damage|p2a: Staraptor|0 fnt\n|faint|p2a: Staraptor\n|-ability|p1a: Honchkrow|Moxie|boost\n|-boost|p1a: Honchkrow|atk|1\n|-damage|p1a: Honchkrow|81\/100|[from] item: Life Orb\n|\n|upkeep\n|c|\u2606damorush|Okay\n|\n|t:|1637662438\n|switch|p2a: Azumarill|Azumarill, M|100\/100\n|turn|11\n|c|\u2606edgelorditto yt|sorry for that crit mate\n|\n|t:|1637662447\n|move|p1a: Honchkrow|Brave Bird|p2a: Azumarill\n|-damage|p2a: Azumarill|0 fnt\n|faint|p2a: Azumarill\n|-damage|p1a: Honchkrow|47\/100|[from] Recoil\n|-damage|p1a: Honchkrow|37\/100|[from] item: Life Orb\n|\n|win|edgelorditto yt\n|raw|edgelorditto yt's rating: 1123 &rarr; <strong>1140<\/strong><br \/>(+17 for winning)\n|raw|damorush's rating: 1000 &rarr; <strong>1000<\/strong><br \/>(+0 for losing)\n|l|\u2606damorush\n","uploadtime":1637662457,"views":14,"p1id":"edgelordittoyt","p2id":"damorush","formatid":"gen8bdspou","rating":1000,"private":0,"password":null}