{"id":"gen8ou-1044084974","p1":"OctoDams","p2":"Igotthegat","format":"gen8ou","log":"|j|\u2606OctoDams\n|j|\u2606Igotthegat\n|player|p1|OctoDams|brycen|1299\n|player|p2|Igotthegat|170|1277\n|teamsize|p1|6\n|teamsize|p2|6\n|gametype|singles\n|gen|8\n|tier|[Gen 8] OU\n|rated|\n|clearpoke\n|poke|p1|Cinderace, M|\n|poke|p1|Rotom-Wash|\n|poke|p1|Clefable, M|\n|poke|p1|Dragapult, M|\n|poke|p1|Gyarados, M|\n|poke|p1|Ferrothorn, M|\n|poke|p2|Corviknight, F|\n|poke|p2|Xatu, F|\n|poke|p2|Dugtrio, M|\n|poke|p2|Chandelure, F|\n|poke|p2|Mimikyu, F|\n|poke|p2|Seismitoad, M|\n|rule|Sleep Clause Mod: Limit one foe put to sleep\n|rule|Species Clause: Limit one of each Pok\u00e9mon\n|rule|OHKO Clause: OHKO moves are banned\n|rule|Evasion Moves Clause: Evasion moves are banned\n|rule|Endless Battle Clause: Forcing endless battles is banned\n|rule|HP Percentage Mod: HP is shown in percentages\n|rule|Dynamax Clause: You cannot dynamax\n|teampreview\n|c|\u2606OctoDams|Glhf\n|inactive|Battle timer is ON: inactive players will automatically lose when time's up. (requested by Igotthegat)\n|\n|start\n|switch|p1a: Your bed|Ferrothorn, M|100\/100\n|switch|p2a: Dugtrio|Dugtrio, M|100\/100\n|turn|1\n|\n|switch|p2a: Xatu|Xatu, F|100\/100\n|move|p1a: Your bed|Leech Seed|p2a: Xatu\n|move|p2a: Xatu|Leech Seed|p1a: Your bed|[from]Magic Bounce\n|-immune|p1a: Your bed\n|\n|upkeep\n|turn|2\n|\n|move|p2a: Xatu|Psychic|p1a: Your bed\n|-resisted|p1a: Your bed\n|-damage|p1a: Your bed|84\/100\n|move|p1a: Your bed|Knock Off|p2a: Xatu\n|-supereffective|p2a: Xatu\n|-damage|p2a: Xatu|32\/100\n|-enditem|p2a: Xatu|Choice Scarf|[from] move: Knock Off|[of] p1a: Your bed\n|\n|-heal|p1a: Your bed|90\/100|[from] item: Leftovers\n|upkeep\n|turn|3\n|\n|move|p2a: Xatu|Heat Wave|p1a: Your bed\n|-supereffective|p1a: Your bed\n|-damage|p1a: Your bed|0 fnt\n|faint|p1a: Your bed\n|\n|upkeep\n|\n|switch|p1a: NIIOOOOOON|Dragapult, M|100\/100\n|turn|4\n|\n|move|p1a: NIIOOOOOON|Hex|p2a: Xatu\n|-supereffective|p2a: Xatu\n|-damage|p2a: Xatu|0 fnt\n|faint|p2a: Xatu\n|\n|upkeep\n|\n|switch|p2a: Gimikyu|Mimikyu, F, shiny|100\/100\n|turn|5\n|\n|move|p1a: NIIOOOOOON|Will-O-Wisp|p2a: Gimikyu|[miss]\n|-miss|p1a: NIIOOOOOON|p2a: Gimikyu\n|move|p2a: Gimikyu|Play Rough|p1a: NIIOOOOOON\n|-supereffective|p1a: NIIOOOOOON\n|-damage|p1a: NIIOOOOOON|15\/100\n|-unboost|p1a: NIIOOOOOON|atk|1\n|\n|-heal|p1a: NIIOOOOOON|22\/100|[from] item: Leftovers\n|upkeep\n|turn|6\n|\n|move|p2a: Gimikyu|Shadow Sneak|p1a: NIIOOOOOON\n|-supereffective|p1a: NIIOOOOOON\n|-damage|p1a: NIIOOOOOON|0 fnt\n|faint|p1a: NIIOOOOOON\n|\n|upkeep\n|c|\u2606OctoDams|...\n|\n|switch|p1a: Whirlpool|Rotom-Wash|100\/100\n|turn|7\n|\n|move|p1a: Whirlpool|Will-O-Wisp|p2a: Gimikyu|[miss]\n|-miss|p1a: Whirlpool|p2a: Gimikyu\n|move|p2a: Gimikyu|Swords Dance|p2a: Gimikyu\n|-boost|p2a: Gimikyu|atk|2\n|\n|upkeep\n|turn|8\n|\n|move|p1a: Whirlpool|Will-O-Wisp|p2a: Gimikyu\n|-status|p2a: Gimikyu|brn\n|-enditem|p2a: Gimikyu|Lum Berry|[eat]\n|-curestatus|p2a: Gimikyu|brn|[msg]\n|move|p2a: Gimikyu|Swords Dance|p2a: Gimikyu\n|-boost|p2a: Gimikyu|atk|2\n|\n|upkeep\n|turn|9\n|\n|move|p1a: Whirlpool|Will-O-Wisp|p2a: Gimikyu\n|-status|p2a: Gimikyu|brn\n|move|p2a: Gimikyu|Play Rough|p1a: Whirlpool\n|-damage|p1a: Whirlpool|42\/100\n|\n|-damage|p2a: Gimikyu|95\/100 brn|[from] brn\n|upkeep\n|turn|10\n|\n|move|p1a: Whirlpool|Will-O-Wisp|p2a: Gimikyu|[miss]\n|-miss|p1a: Whirlpool|p2a: Gimikyu\n|move|p2a: Gimikyu|Play Rough|p1a: Whirlpool\n|-damage|p1a: Whirlpool|0 fnt\n|faint|p1a: Whirlpool\n|\n|-damage|p2a: Gimikyu|89\/100 brn|[from] brn\n|upkeep\n|\n|switch|p1a: PAVAAAAAAARD|Cinderace, M|100\/100\n|turn|11\n|\n|switch|p2a: Chandelure|Chandelure, F|100\/100\n|move|p1a: PAVAAAAAAARD|U-turn|p2a: Chandelure\n|-resisted|p2a: Chandelure\n|-damage|p2a: Chandelure|92\/100\n|\n|switch|p1a: RevengeOfTheCarp|Gyarados, M|100\/100|[from]move: U-turn\n|\n|upkeep\n|turn|12\n|\n|move|p1a: RevengeOfTheCarp|Substitute|p1a: RevengeOfTheCarp\n|-start|p1a: RevengeOfTheCarp|Substitute\n|-damage|p1a: RevengeOfTheCarp|76\/100\n|move|p2a: Chandelure|Shadow Ball|p1a: RevengeOfTheCarp\n|-end|p1a: RevengeOfTheCarp|Substitute\n|\n|-heal|p1a: RevengeOfTheCarp|82\/100|[from] item: Leftovers\n|upkeep\n|turn|13\n|\n|switch|p2a: Corviknight|Corviknight, F|100\/100\n|-ability|p2a: Corviknight|Pressure\n|move|p1a: RevengeOfTheCarp|Waterfall|p2a: Corviknight\n|-damage|p2a: Corviknight|74\/100\n|\n|-heal|p1a: RevengeOfTheCarp|88\/100|[from] item: Leftovers\n|-heal|p2a: Corviknight|80\/100|[from] item: Leftovers\n|upkeep\n|turn|14\n|\n|move|p1a: RevengeOfTheCarp|Substitute|p1a: RevengeOfTheCarp\n|-start|p1a: RevengeOfTheCarp|Substitute\n|-damage|p1a: RevengeOfTheCarp|63\/100\n|move|p2a: Corviknight|U-turn|p1a: RevengeOfTheCarp\n|-resisted|p1a: RevengeOfTheCarp\n|-crit|p1a: RevengeOfTheCarp\n|-activate|p1a: RevengeOfTheCarp|move: Substitute|[damage]\n|\n|switch|p2a: Gimikyu|Mimikyu, F, shiny|89\/100 brn|[from]move: U-turn\n|\n|-heal|p1a: RevengeOfTheCarp|69\/100|[from] item: Leftovers\n|-damage|p2a: Gimikyu|83\/100 brn|[from] brn\n|upkeep\n|turn|15\n|\n|move|p2a: Gimikyu|Play Rough|p1a: RevengeOfTheCarp\n|-end|p1a: RevengeOfTheCarp|Substitute\n|move|p1a: RevengeOfTheCarp|Waterfall|p2a: Gimikyu\n|-activate|p2a: Gimikyu|ability: Disguise\n|-damage|p2a: Gimikyu|83\/100 brn\n|detailschange|p2a: Gimikyu|Mimikyu-Busted, F, shiny\n|-damage|p2a: Gimikyu|70\/100 brn|[from] ability: Disguise|[of] p2a: Gimikyu\n|\n|-heal|p1a: RevengeOfTheCarp|75\/100|[from] item: Leftovers\n|-damage|p2a: Gimikyu|64\/100 brn|[from] brn\n|upkeep\n|turn|16\n|\n|move|p2a: Gimikyu|Play Rough|p1a: RevengeOfTheCarp|[miss]\n|-miss|p2a: Gimikyu|p1a: RevengeOfTheCarp\n|move|p1a: RevengeOfTheCarp|Waterfall|p2a: Gimikyu\n|-damage|p2a: Gimikyu|2\/100 brn\n|\n|-heal|p1a: RevengeOfTheCarp|81\/100|[from] item: Leftovers\n|-damage|p2a: Gimikyu|0 fnt|[from] brn\n|faint|p2a: Gimikyu\n|upkeep\n|\n|switch|p2a: Seismitoad|Seismitoad, M|100\/100\n|turn|17\n|\n|move|p1a: RevengeOfTheCarp|Substitute|p1a: RevengeOfTheCarp\n|-start|p1a: RevengeOfTheCarp|Substitute\n|-damage|p1a: RevengeOfTheCarp|56\/100\n|move|p2a: Seismitoad|Toxic||[still]\n|-fail|p2a: Seismitoad\n|\n|-heal|p1a: RevengeOfTheCarp|62\/100|[from] item: Leftovers\n|upkeep\n|turn|18\n|\n|move|p1a: RevengeOfTheCarp|Dragon Dance|p1a: RevengeOfTheCarp\n|-boost|p1a: RevengeOfTheCarp|atk|1\n|-boost|p1a: RevengeOfTheCarp|spe|1\n|move|p2a: Seismitoad|Scald|p1a: RevengeOfTheCarp\n|-resisted|p1a: RevengeOfTheCarp\n|-activate|p1a: RevengeOfTheCarp|move: Substitute|[damage]\n|\n|-heal|p1a: RevengeOfTheCarp|68\/100|[from] item: Leftovers\n|upkeep\n|turn|19\n|\n|move|p1a: RevengeOfTheCarp|Dragon Dance|p1a: RevengeOfTheCarp\n|-boost|p1a: RevengeOfTheCarp|atk|1\n|-boost|p1a: RevengeOfTheCarp|spe|1\n|move|p2a: Seismitoad|Scald|p1a: RevengeOfTheCarp\n|-resisted|p1a: RevengeOfTheCarp\n|-end|p1a: RevengeOfTheCarp|Substitute\n|\n|-heal|p1a: RevengeOfTheCarp|75\/100|[from] item: Leftovers\n|upkeep\n|turn|20\n|\n|move|p1a: RevengeOfTheCarp|Substitute|p1a: RevengeOfTheCarp\n|-start|p1a: RevengeOfTheCarp|Substitute\n|-damage|p1a: RevengeOfTheCarp|50\/100\n|move|p2a: Seismitoad|Toxic||[still]\n|-fail|p2a: Seismitoad\n|\n|-heal|p1a: RevengeOfTheCarp|56\/100|[from] item: Leftovers\n|upkeep\n|turn|21\n|\n|move|p1a: RevengeOfTheCarp|Dragon Dance|p1a: RevengeOfTheCarp\n|-boost|p1a: RevengeOfTheCarp|atk|1\n|-boost|p1a: RevengeOfTheCarp|spe|1\n|move|p2a: Seismitoad|Scald|p1a: RevengeOfTheCarp\n|-resisted|p1a: RevengeOfTheCarp\n|-activate|p1a: RevengeOfTheCarp|move: Substitute|[damage]\n|\n|-heal|p1a: RevengeOfTheCarp|62\/100|[from] item: Leftovers\n|upkeep\n|turn|22\n|\n|move|p1a: RevengeOfTheCarp|Bounce||[still]\n|-prepare|p1a: RevengeOfTheCarp|Bounce|p2a: Seismitoad\n|move|p2a: Seismitoad|Scald|p1a: RevengeOfTheCarp|[miss]\n|-miss|p2a: Seismitoad|p1a: RevengeOfTheCarp\n|\n|-heal|p1a: RevengeOfTheCarp|68\/100|[from] item: Leftovers\n|upkeep\n|turn|23\n|\n|switch|p2a: Corviknight|Corviknight, F|80\/100\n|-ability|p2a: Corviknight|Pressure\n|move|p1a: RevengeOfTheCarp|Bounce|p2a: Corviknight|[from]lockedmove\n|-resisted|p2a: Corviknight\n|-damage|p2a: Corviknight|45\/100\n|\n|-heal|p1a: RevengeOfTheCarp|74\/100|[from] item: Leftovers\n|-heal|p2a: Corviknight|51\/100|[from] item: Leftovers\n|upkeep\n|turn|24\n|\n|switch|p2a: Seismitoad|Seismitoad, M|100\/100\n|move|p1a: RevengeOfTheCarp|Waterfall|p2a: Seismitoad\n|-immune|p2a: Seismitoad|[from] ability: Water Absorb\n|\n|-heal|p1a: RevengeOfTheCarp|80\/100|[from] item: Leftovers\n|upkeep\n|turn|25\n|\n|move|p1a: RevengeOfTheCarp|Dragon Dance|p1a: RevengeOfTheCarp\n|-boost|p1a: RevengeOfTheCarp|atk|1\n|-boost|p1a: RevengeOfTheCarp|spe|1\n|move|p2a: Seismitoad|Stealth Rock|p1a: RevengeOfTheCarp\n|-sidestart|p1: OctoDams|move: Stealth Rock\n|\n|-heal|p1a: RevengeOfTheCarp|86\/100|[from] item: Leftovers\n|upkeep\n|turn|26\n|\n|move|p1a: RevengeOfTheCarp|Dragon Dance|p1a: RevengeOfTheCarp\n|-boost|p1a: RevengeOfTheCarp|atk|1\n|-boost|p1a: RevengeOfTheCarp|spe|1\n|move|p2a: Seismitoad|Scald|p1a: RevengeOfTheCarp\n|-resisted|p1a: RevengeOfTheCarp\n|-activate|p1a: RevengeOfTheCarp|move: Substitute|[damage]\n|\n|-heal|p1a: RevengeOfTheCarp|92\/100|[from] item: Leftovers\n|upkeep\n|turn|27\n|\n|move|p1a: RevengeOfTheCarp|Dragon Dance|p1a: RevengeOfTheCarp\n|-boost|p1a: RevengeOfTheCarp|atk|1\n|-boost|p1a: RevengeOfTheCarp|spe|1\n|move|p2a: Seismitoad|Scald|p1a: RevengeOfTheCarp\n|-resisted|p1a: RevengeOfTheCarp\n|-end|p1a: RevengeOfTheCarp|Substitute\n|\n|-heal|p1a: RevengeOfTheCarp|98\/100|[from] item: Leftovers\n|upkeep\n|turn|28\n|\n|move|p1a: RevengeOfTheCarp|Substitute|p1a: RevengeOfTheCarp\n|-start|p1a: RevengeOfTheCarp|Substitute\n|-damage|p1a: RevengeOfTheCarp|73\/100\n|move|p2a: Seismitoad|Scald|p1a: RevengeOfTheCarp\n|-resisted|p1a: RevengeOfTheCarp\n|-activate|p1a: RevengeOfTheCarp|move: Substitute|[damage]\n|\n|-heal|p1a: RevengeOfTheCarp|79\/100|[from] item: Leftovers\n|upkeep\n|turn|29\n|\n|move|p1a: RevengeOfTheCarp|Bounce||[still]\n|-prepare|p1a: RevengeOfTheCarp|Bounce|p2a: Seismitoad\n|move|p2a: Seismitoad|Scald|p1a: RevengeOfTheCarp|[miss]\n|-miss|p2a: Seismitoad|p1a: RevengeOfTheCarp\n|\n|-heal|p1a: RevengeOfTheCarp|85\/100|[from] item: Leftovers\n|upkeep\n|turn|30\n|\n|move|p1a: RevengeOfTheCarp|Bounce|p2a: Seismitoad|[from]lockedmove\n|-damage|p2a: Seismitoad|0 fnt\n|faint|p2a: Seismitoad\n|\n|-heal|p1a: RevengeOfTheCarp|91\/100|[from] item: Leftovers\n|upkeep\n|\n|switch|p2a: Dugtrio|Dugtrio, M|100\/100\n|turn|31\n|\n|move|p2a: Dugtrio|Sucker Punch|p1a: RevengeOfTheCarp\n|-end|p1a: RevengeOfTheCarp|Substitute\n|move|p1a: RevengeOfTheCarp|Waterfall|p2a: Dugtrio\n|-supereffective|p2a: Dugtrio\n|-enditem|p2a: Dugtrio|Focus Sash\n|-damage|p2a: Dugtrio|1\/100\n|\n|-heal|p1a: RevengeOfTheCarp|97\/100|[from] item: Leftovers\n|upkeep\n|turn|32\n|\n|move|p2a: Dugtrio|Sucker Punch||[still]\n|-fail|p2a: Dugtrio\n|move|p1a: RevengeOfTheCarp|Substitute|p1a: RevengeOfTheCarp\n|-start|p1a: RevengeOfTheCarp|Substitute\n|-damage|p1a: RevengeOfTheCarp|73\/100\n|\n|-heal|p1a: RevengeOfTheCarp|79\/100|[from] item: Leftovers\n|upkeep\n|turn|33\n|-message|Igotthegat forfeited.\n|\n|win|OctoDams\n|l|\u2606Igotthegat\n|c|\u2606OctoDams|gg\n|raw|OctoDams's rating: 1325 &rarr; <strong>1341<\/strong><br \/>(+16 for winning)\n|raw|Igotthegat's rating: 1253 &rarr; <strong>1233<\/strong><br \/>(-20 for losing)\n","uploadtime":1578679534,"views":3,"p1id":"octodams","p2id":"igotthegat","formatid":"gen8ou","rating":1233,"private":0,"password":null}