{"id":"gen8ou-1433085236","p1":"VirginJimmy99","p2":"cows123p","format":"gen8ou","log":"|j|\u2606VirginJimmy99\n|j|\u2606cows123p\n|t:|1633915104\n|gametype|singles\n|player|p1|VirginJimmy99|rocketgrunt|1732\n|player|p2|cows123p|1|1880\n|teamsize|p1|6\n|teamsize|p2|6\n|gen|8\n|tier|[Gen 8] OU\n|rated|\n|rule|Sleep Clause Mod: Limit one foe put to sleep\n|rule|Species Clause: Limit one of each Pok\u00e9mon\n|rule|OHKO Clause: OHKO moves are banned\n|rule|Evasion Moves Clause: Evasion moves are banned\n|rule|Endless Battle Clause: Forcing endless battles is banned\n|rule|HP Percentage Mod: HP is shown in percentages\n|rule|Dynamax Clause: You cannot dynamax\n|clearpoke\n|poke|p1|Salamence, M|\n|poke|p1|Landorus-Therian, M|\n|poke|p1|Scizor, M|\n|poke|p1|Zarude|\n|poke|p1|Tapu Fini|\n|poke|p1|Heatran, M|\n|poke|p2|Diggersby, F|\n|poke|p2|Azumarill, M|\n|poke|p2|Zapdos|\n|poke|p2|Ferrothorn, F|\n|poke|p2|Magnezone|\n|poke|p2|Garchomp, M|\n|teampreview\n|\n|t:|1633915162\n|start\n|switch|p1a: Salamence|Salamence, M|100\/100\n|switch|p2a: Make it double|Azumarill, M|100\/100\n|-ability|p1a: Salamence|Intimidate|boost\n|-unboost|p2a: Make it double|atk|1\n|turn|1\n|\n|t:|1633915173\n|move|p1a: Salamence|Hurricane|p2a: Make it double\n|-damage|p2a: Make it double|10\/100\n|-start|p2a: Make it double|confusion\n|-activate|p2a: Make it double|confusion\n|move|p2a: Make it double|Liquidation|p1a: Salamence\n|-resisted|p1a: Salamence\n|-damage|p1a: Salamence|64\/100\n|\n|upkeep\n|turn|2\n|\n|t:|1633915182\n|switch|p2a: Zapdos|Zapdos|100\/100\n|move|p1a: Salamence|Hurricane|p2a: Zapdos\n|-resisted|p2a: Zapdos\n|-damage|p2a: Zapdos|65\/100\n|\n|upkeep\n|turn|3\n|j| Reign1997\n|j| hmsa2012\n|inactive|Battle timer is ON: inactive players will automatically lose when time's up. (requested by cows123p)\n|j| juicelol\n|l| hmsa2012\n|\n|t:|1633915235\n|switch|p1a: Landorus|Landorus-Therian, M|100\/100\n|-ability|p1a: Landorus|Intimidate|boost\n|-unboost|p2a: Zapdos|atk|1\n|move|p2a: Zapdos|Discharge|p1a: Landorus\n|-immune|p1a: Landorus\n|\n|upkeep\n|turn|4\n|\n|t:|1633915253\n|move|p2a: Zapdos|Hurricane|p1a: Landorus\n|-damage|p1a: Landorus|63\/100\n|move|p1a: Landorus|U-turn|p2a: Zapdos\n|-resisted|p2a: Zapdos\n|-damage|p2a: Zapdos|56\/100\n|-status|p1a: Landorus|par|[from] ability: Static|[of] p2a: Zapdos\n|\n|t:|1633915275\n|switch|p1a: Salamence|Salamence, M|64\/100|[from]move: U-turn\n|-ability|p1a: Salamence|Intimidate|boost\n|-unboost|p2a: Zapdos|atk|1\n|\n|upkeep\n|turn|5\n|\n|t:|1633915281\n|switch|p2a: Fat F*ck Ferro|Ferrothorn, F|100\/100\n|move|p1a: Salamence|Draco Meteor|p2a: Fat F*ck Ferro\n|-resisted|p2a: Fat F*ck Ferro\n|-damage|p2a: Fat F*ck Ferro|69\/100\n|-unboost|p1a: Salamence|spa|2\n|\n|-heal|p2a: Fat F*ck Ferro|75\/100|[from] item: Leftovers\n|upkeep\n|turn|6\n|j| Vampirism\n|\n|t:|1633915289\n|switch|p1a: Heatran|Heatran, M|100\/100\n|move|p2a: Fat F*ck Ferro|Leech Seed|p1a: Heatran\n|-start|p1a: Heatran|move: Leech Seed\n|\n|-heal|p2a: Fat F*ck Ferro|81\/100|[from] item: Leftovers\n|-damage|p1a: Heatran|88\/100|[from] Leech Seed|[of] p2a: Fat F*ck Ferro\n|-heal|p2a: Fat F*ck Ferro|95\/100|[silent]\n|upkeep\n|turn|7\n|\n|t:|1633915297\n|move|p2a: Fat F*ck Ferro|Protect|p2a: Fat F*ck Ferro\n|-singleturn|p2a: Fat F*ck Ferro|Protect\n|move|p1a: Heatran|Stealth Rock|p2a: Fat F*ck Ferro\n|-sidestart|p2: cows123p|move: Stealth Rock\n|\n|-heal|p1a: Heatran|94\/100|[from] item: Leftovers\n|-heal|p2a: Fat F*ck Ferro|100\/100|[from] item: Leftovers\n|-damage|p1a: Heatran|82\/100|[from] Leech Seed|[of] p2a: Fat F*ck Ferro\n|upkeep\n|turn|8\n|\n|t:|1633915314\n|switch|p1a: Salamence|Salamence, M|64\/100\n|-ability|p1a: Salamence|Intimidate|boost\n|-unboost|p2a: Fat F*ck Ferro|atk|1\n|switch|p2a: Garchomp|Garchomp, M|100\/100\n|-damage|p2a: Garchomp|94\/100|[from] Stealth Rock\n|\n|upkeep\n|turn|9\n|l| Reign1997\n|\n|t:|1633915323\n|switch|p1a: Tapu Fini|Tapu Fini|100\/100\n|-fieldstart|move: Misty Terrain|[from] ability: Misty Surge|[of] p1a: Tapu Fini\n|move|p2a: Garchomp|Stealth Rock|p1a: Tapu Fini\n|-sidestart|p1: VirginJimmy99|move: Stealth Rock\n|\n|upkeep\n|turn|10\n|\n|t:|1633915333\n|switch|p2a: Magnezone|Magnezone|100\/100\n|-damage|p2a: Magnezone|94\/100|[from] Stealth Rock\n|move|p1a: Tapu Fini|Knock Off|p2a: Magnezone\n|-crit|p2a: Magnezone\n|-damage|p2a: Magnezone|68\/100\n|-enditem|p2a: Magnezone|Choice Scarf|[from] move: Knock Off|[of] p1a: Tapu Fini\n|\n|upkeep\n|turn|11\n|\n|t:|1633915349\n|move|p1a: Tapu Fini|Scald|p2a: Magnezone\n|-damage|p2a: Magnezone|35\/100\n|move|p2a: Magnezone|Flash Cannon|p1a: Tapu Fini\n|-damage|p1a: Tapu Fini|70\/100\n|\n|-heal|p1a: Tapu Fini|76\/100|[from] item: Leftovers\n|upkeep\n|turn|12\n|\n|t:|1633915357\n|switch|p1a: Zarude|Zarude|100\/100\n|-damage|p1a: Zarude|88\/100|[from] Stealth Rock\n|move|p2a: Magnezone|Thunderbolt|p1a: Zarude\n|-resisted|p1a: Zarude\n|-damage|p1a: Zarude|65\/100\n|\n|upkeep\n|turn|13\n|\n|t:|1633915366\n|switch|p2a: Garchomp|Garchomp, M|94\/100\n|-damage|p2a: Garchomp|88\/100|[from] Stealth Rock\n|move|p1a: Zarude|Darkest Lariat|p2a: Garchomp\n|-damage|p2a: Garchomp|52\/100\n|-damage|p1a: Zarude|52\/100|[from] ability: Rough Skin|[of] p2a: Garchomp\n|-damage|p1a: Zarude|36\/100|[from] item: Rocky Helmet|[of] p2a: Garchomp\n|\n|-fieldend|Misty Terrain\n|upkeep\n|turn|14\n|\n|t:|1633915376\n|switch|p1a: Tapu Fini|Tapu Fini|76\/100\n|-damage|p1a: Tapu Fini|63\/100|[from] Stealth Rock\n|-fieldstart|move: Misty Terrain|[from] ability: Misty Surge|[of] p1a: Tapu Fini\n|move|p2a: Garchomp|Toxic|p1a: Tapu Fini\n|-activate|p1a: Tapu Fini|move: Misty Terrain\n|\n|-heal|p1a: Tapu Fini|69\/100|[from] item: Leftovers\n|upkeep\n|turn|15\n|j| ok ka kokey\n|l| ok ka kokey\n|\n|t:|1633915410\n|switch|p2a: Fat F*ck Ferro|Ferrothorn, F|100\/100\n|-damage|p2a: Fat F*ck Ferro|94\/100|[from] Stealth Rock\n|move|p1a: Tapu Fini|Knock Off|p2a: Fat F*ck Ferro\n|-damage|p2a: Fat F*ck Ferro|83\/100\n|-damage|p1a: Tapu Fini|57\/100|[from] ability: Iron Barbs|[of] p2a: Fat F*ck Ferro\n|-enditem|p2a: Fat F*ck Ferro|Leftovers|[from] move: Knock Off|[of] p1a: Tapu Fini\n|\n|-heal|p1a: Tapu Fini|63\/100|[from] item: Leftovers\n|upkeep\n|turn|16\n|\n|t:|1633915420\n|move|p1a: Tapu Fini|Taunt|p2a: Fat F*ck Ferro\n|-start|p2a: Fat F*ck Ferro|move: Taunt\n|move|p2a: Fat F*ck Ferro|Gyro Ball|p1a: Tapu Fini\n|-damage|p1a: Tapu Fini|18\/100\n|\n|-heal|p1a: Tapu Fini|24\/100|[from] item: Leftovers\n|upkeep\n|turn|17\n|j| ok ka kokey\n|l| ok ka kokey\n|j| ScraftronV3\n|\n|t:|1633915433\n|switch|p1a: Heatran|Heatran, M|82\/100\n|-damage|p1a: Heatran|69\/100|[from] Stealth Rock\n|move|p2a: Fat F*ck Ferro|Gyro Ball|p1a: Heatran\n|-resisted|p1a: Heatran\n|-damage|p1a: Heatran|60\/100\n|\n|-heal|p1a: Heatran|67\/100|[from] item: Leftovers\n|upkeep\n|turn|18\n|\n|t:|1633915441\n|switch|p2a: Garchomp|Garchomp, M|52\/100\n|-damage|p2a: Garchomp|45\/100|[from] Stealth Rock\n|move|p1a: Heatran|Magma Storm|p2a: Garchomp\n|-resisted|p2a: Garchomp\n|-damage|p2a: Garchomp|25\/100\n|-activate|p2a: Garchomp|move: Magma Storm|[of] p1a: Heatran\n|\n|-heal|p1a: Heatran|73\/100|[from] item: Leftovers\n|-damage|p2a: Garchomp|12\/100|[from] move: Magma Storm|[partiallytrapped]\n|-fieldend|Misty Terrain\n|upkeep\n|turn|19\n|l| Vampirism\n|\n|t:|1633915458\n|switch|p1a: Landorus|Landorus-Therian, M|63\/100 par\n|-damage|p1a: Landorus|51\/100 par|[from] Stealth Rock\n|-ability|p1a: Landorus|Intimidate|boost\n|-unboost|p2a: Garchomp|atk|1\n|move|p2a: Garchomp|Earthquake|p1a: Landorus\n|-immune|p1a: Landorus\n|\n|-heal|p1a: Landorus|57\/100 par|[from] item: Leftovers\n|-end|p2a: Garchomp|Magma Storm|[partiallytrapped]|[silent]\n|upkeep\n|turn|20\n|\n|t:|1633915469\n|cant|p1a: Landorus|par\n|move|p2a: Garchomp|Dragon Tail|p1a: Landorus\n|-damage|p1a: Landorus|39\/100 par\n|drag|p1a: Zarude|Zarude|36\/100\n|-damage|p1a: Zarude|24\/100|[from] Stealth Rock\n|\n|upkeep\n|turn|21\n|j| Low Ladder Nooob\n|j| Terry B bestdlc\n|\n|t:|1633915484\n|move|p1a: Zarude|Darkest Lariat|p2a: Garchomp\n|-damage|p2a: Garchomp|0 fnt\n|-damage|p1a: Zarude|11\/100|[from] ability: Rough Skin|[of] p2a: Garchomp\n|-damage|p1a: Zarude|0 fnt|[from] item: Rocky Helmet|[of] p2a: Garchomp\n|faint|p2a: Garchomp\n|faint|p1a: Zarude\n|\n|upkeep\n|\n|t:|1633915494\n|switch|p1a: Salamence|Salamence, M|64\/100\n|switch|p2a: Prepare 4 trouble|Diggersby, F|100\/100\n|-damage|p1a: Salamence|39\/100|[from] Stealth Rock\n|-ability|p1a: Salamence|Intimidate|boost\n|-unboost|p2a: Prepare 4 trouble|atk|1\n|-damage|p2a: Prepare 4 trouble|94\/100|[from] Stealth Rock\n|turn|22\n|\n|t:|1633915511\n|switch|p2a: Magnezone|Magnezone|35\/100\n|-damage|p2a: Magnezone|29\/100|[from] Stealth Rock\n|move|p1a: Salamence|Hurricane|p2a: Magnezone|[miss]\n|-miss|p1a: Salamence|p2a: Magnezone\n|\n|upkeep\n|turn|23\n|\n|t:|1633915519\n|switch|p1a: Heatran|Heatran, M|73\/100\n|-damage|p1a: Heatran|60\/100|[from] Stealth Rock\n|move|p2a: Magnezone|Flash Cannon|p1a: Heatran\n|-resisted|p1a: Heatran\n|-damage|p1a: Heatran|53\/100\n|\n|-heal|p1a: Heatran|60\/100|[from] item: Leftovers\n|upkeep\n|turn|24\n|\n|t:|1633915527\n|move|p2a: Magnezone|Flash Cannon|p1a: Heatran\n|-resisted|p1a: Heatran\n|-damage|p1a: Heatran|53\/100\n|move|p1a: Heatran|Earth Power|p2a: Magnezone\n|-supereffective|p2a: Magnezone\n|-damage|p2a: Magnezone|0 fnt\n|faint|p2a: Magnezone\n|\n|-heal|p1a: Heatran|59\/100|[from] item: Leftovers\n|upkeep\n|\n|t:|1633915535\n|switch|p2a: Prepare 4 trouble|Diggersby, F|94\/100\n|-damage|p2a: Prepare 4 trouble|88\/100|[from] Stealth Rock\n|turn|25\n|\n|t:|1633915543\n|switch|p1a: Tapu Fini|Tapu Fini|24\/100\n|-damage|p1a: Tapu Fini|11\/100|[from] Stealth Rock\n|-fieldstart|move: Misty Terrain|[from] ability: Misty Surge|[of] p1a: Tapu Fini\n|move|p2a: Prepare 4 trouble|Body Slam|p1a: Tapu Fini\n|-damage|p1a: Tapu Fini|0 fnt\n|faint|p1a: Tapu Fini\n|\n|upkeep\n|\n|t:|1633915550\n|switch|p1a: Scizor|Scizor, M|100\/100\n|-damage|p1a: Scizor|88\/100|[from] Stealth Rock\n|turn|26\n|\n|t:|1633915554\n|switch|p2a: Zapdos|Zapdos|56\/100\n|move|p1a: Scizor|U-turn|p2a: Zapdos\n|-resisted|p2a: Zapdos\n|-damage|p2a: Zapdos|42\/100\n|\n|t:|1633915558\n|switch|p1a: Heatran|Heatran, M|59\/100|[from]move: U-turn\n|-damage|p1a: Heatran|47\/100|[from] Stealth Rock\n|\n|-heal|p1a: Heatran|53\/100|[from] item: Leftovers\n|upkeep\n|turn|27\n|\n|t:|1633915564\n|move|p2a: Zapdos|Roost|p2a: Zapdos\n|-heal|p2a: Zapdos|92\/100\n|-singleturn|p2a: Zapdos|move: Roost\n|move|p1a: Heatran|Earth Power|p2a: Zapdos\n|-supereffective|p2a: Zapdos\n|-damage|p2a: Zapdos|42\/100\n|-unboost|p2a: Zapdos|spd|1\n|\n|-heal|p1a: Heatran|59\/100|[from] item: Leftovers\n|upkeep\n|turn|28\n|\n|t:|1633915575\n|move|p2a: Zapdos|Discharge|p1a: Heatran\n|-damage|p1a: Heatran|36\/100\n|move|p1a: Heatran|Magma Storm|p2a: Zapdos|[miss]\n|-miss|p1a: Heatran|p2a: Zapdos\n|\n|-heal|p1a: Heatran|42\/100|[from] item: Leftovers\n|upkeep\n|turn|29\n|\n|t:|1633915582\n|move|p2a: Zapdos|Discharge|p1a: Heatran\n|-damage|p1a: Heatran|20\/100\n|move|p1a: Heatran|Magma Storm|p2a: Zapdos\n|-damage|p2a: Zapdos|0 fnt\n|faint|p2a: Zapdos\n|\n|-heal|p1a: Heatran|26\/100|[from] item: Leftovers\n|-fieldend|Misty Terrain\n|upkeep\n|\n|t:|1633915591\n|switch|p2a: Prepare 4 trouble|Diggersby, F|88\/100\n|-damage|p2a: Prepare 4 trouble|82\/100|[from] Stealth Rock\n|turn|30\n|\n|t:|1633915595\n|move|p2a: Prepare 4 trouble|Body Slam|p1a: Heatran\n|-resisted|p1a: Heatran\n|-damage|p1a: Heatran|0 fnt\n|faint|p1a: Heatran\n|\n|upkeep\n|\n|t:|1633915598\n|switch|p1a: Scizor|Scizor, M|88\/100\n|-damage|p1a: Scizor|76\/100|[from] Stealth Rock\n|turn|31\n|\n|t:|1633915604\n|switch|p2a: Make it double|Azumarill, M|10\/100\n|-damage|p2a: Make it double|0 fnt|[from] Stealth Rock\n|faint|p2a: Make it double\n|move|p1a: Scizor|Swords Dance|p1a: Scizor\n|-boost|p1a: Scizor|atk|2\n|\n|-heal|p1a: Scizor|82\/100|[from] item: Leftovers\n|upkeep\n|\n|t:|1633915611\n|switch|p2a: Prepare 4 trouble|Diggersby, F|82\/100\n|-damage|p2a: Prepare 4 trouble|76\/100|[from] Stealth Rock\n|turn|32\n|\n|t:|1633915616\n|move|p1a: Scizor|Bullet Punch|p2a: Prepare 4 trouble\n|-damage|p2a: Prepare 4 trouble|0 fnt\n|faint|p2a: Prepare 4 trouble\n|\n|-heal|p1a: Scizor|88\/100|[from] item: Leftovers\n|upkeep\n|\n|t:|1633915621\n|switch|p2a: Fat F*ck Ferro|Ferrothorn, F|83\/100\n|-damage|p2a: Fat F*ck Ferro|76\/100|[from] Stealth Rock\n|turn|33\n|\n|t:|1633915634\n|move|p1a: Scizor|U-turn|p2a: Fat F*ck Ferro\n|-crit|p2a: Fat F*ck Ferro\n|-damage|p2a: Fat F*ck Ferro|0 fnt\n|-damage|p1a: Scizor|76\/100|[from] ability: Iron Barbs|[of] p2a: Fat F*ck Ferro\n|faint|p2a: Fat F*ck Ferro\n|\n|win|VirginJimmy99\n|raw|VirginJimmy99's rating: 1732 &rarr; <strong>1760<\/strong><br \/>(+28 for winning)\n|raw|cows123p's rating: 1880 &rarr; <strong>1852<\/strong><br \/>(-28 for losing)\n|l|\u2606cows123p\n|c|\u2606VirginJimmy99|gg\n|l| Low Ladder Nooob\n","uploadtime":1633915644,"views":30,"p1id":"virginjimmy99","p2id":"cows123p","formatid":"gen8ou","rating":1760,"private":0,"password":null}