{"id":"gen8monotyperandombattle-1142649037","p1":"peapo DC","p2":"Pokefreak77","format":"gen8monotyperandombattle","log":"|j|\u2606peapo DC\n|j|\u2606Pokefreak77\n|player|p1|peapo DC|guzma|1564\n|player|p2|Pokefreak77|170|1554\n|teamsize|p1|6\n|teamsize|p2|6\n|gametype|singles\n|gen|8\n|tier|[Gen 8] Monotype Random Battle\n|rated|\n|rule|Same Type Clause: Pok\u00e9mon in a team must share a type\n|rule|HP Percentage Mod: HP is shown in percentages\n|rule|Sleep Clause Mod: Limit one foe put to sleep\n|\n|start\n|switch|p1a: Exeggutor|Exeggutor, L88, F|308\/308\n|switch|p2a: Centiskorch|Centiskorch, L84, M|305\/305\n|turn|1\n|\n|move|p2a: Centiskorch|Leech Life|p1a: Exeggutor\n|-supereffective|p1a: Exeggutor\n|-damage|p1a: Exeggutor|0 fnt\n|faint|p1a: Exeggutor\n|\n|upkeep\n|\n|switch|p1a: Alakazam|Alakazam, L80, M|219\/219\n|turn|2\n|\n|move|p2a: Centiskorch|Leech Life|p1a: Alakazam\n|-supereffective|p1a: Alakazam\n|-enditem|p1a: Alakazam|Focus Sash\n|-damage|p1a: Alakazam|1\/219\n|move|p1a: Alakazam|Counter|p2a: Centiskorch\n|-damage|p2a: Centiskorch|0 fnt\n|faint|p2a: Centiskorch\n|\n|upkeep\n|\n|switch|p2a: Ribombee|Ribombee, L82, F|233\/233\n|turn|3\n|inactive|Battle timer is ON: inactive players will automatically lose when time's up. (requested by Pokefreak77)\n|\n|switch|p1a: Solgaleo|Solgaleo, L72|316\/316\n|move|p2a: Ribombee|Moonblast|p1a: Solgaleo\n|-resisted|p1a: Solgaleo\n|-damage|p1a: Solgaleo|262\/316\n|\n|-heal|p1a: Solgaleo|281\/316|[from] item: Leftovers\n|upkeep\n|turn|4\n|\n|move|p2a: Ribombee|Sticky Web|p1a: Solgaleo\n|-sidestart|p1: peapo DC|move: Sticky Web\n|move|p1a: Solgaleo|Sunsteel Strike|p2a: Ribombee\n|-supereffective|p2a: Ribombee\n|-damage|p2a: Ribombee|0 fnt\n|faint|p2a: Ribombee\n|\n|-heal|p1a: Solgaleo|300\/316|[from] item: Leftovers\n|upkeep\n|\n|switch|p2a: Araquanid|Araquanid, L82, M|246\/246\n|turn|5\n|\n|move|p1a: Solgaleo|Psychic Fangs|p2a: Araquanid\n|-damage|p2a: Araquanid|161\/246\n|move|p2a: Araquanid|Liquidation|p1a: Solgaleo\n|-damage|p1a: Solgaleo|147\/316\n|\n|-heal|p1a: Solgaleo|166\/316|[from] item: Leftovers\n|upkeep\n|turn|6\n|\n|move|p1a: Solgaleo|Psychic Fangs|p2a: Araquanid\n|-damage|p2a: Araquanid|71\/246\n|move|p2a: Araquanid|Leech Life|p1a: Solgaleo\n|-damage|p1a: Solgaleo|105\/316\n|-heal|p2a: Araquanid|102\/246|[from] drain|[of] p1a: Solgaleo\n|\n|-heal|p1a: Solgaleo|124\/316|[from] item: Leftovers\n|upkeep\n|turn|7\n|\n|move|p1a: Solgaleo|Morning Sun|p1a: Solgaleo\n|-heal|p1a: Solgaleo|282\/316\n|move|p2a: Araquanid|Liquidation|p1a: Solgaleo\n|-damage|p1a: Solgaleo|117\/316\n|\n|-heal|p1a: Solgaleo|136\/316|[from] item: Leftovers\n|upkeep\n|turn|8\n|\n|-start|p2a: Araquanid|Dynamax\n|-heal|p2a: Araquanid|204\/492|[silent]\n|move|p1a: Solgaleo|Morning Sun|p1a: Solgaleo\n|-heal|p1a: Solgaleo|294\/316\n|move|p2a: Araquanid|Max Geyser|p1a: Solgaleo\n|-damage|p1a: Solgaleo|53\/316\n|-weather|RainDance\n|\n|-weather|RainDance|[upkeep]\n|-heal|p1a: Solgaleo|72\/316|[from] item: Leftovers\n|upkeep\n|turn|9\n|\n|switch|p1a: Beheeyem|Beheeyem, L88, M|275\/275\n|-activate|p1a: Beheeyem|move: Sticky Web\n|-unboost|p1a: Beheeyem|spe|1\n|move|p2a: Araquanid|Max Geyser|p1a: Beheeyem\n|-damage|p1a: Beheeyem|0 fnt\n|faint|p1a: Beheeyem\n|\n|-weather|RainDance|[upkeep]\n|upkeep\n|\n|switch|p1a: Alakazam|Alakazam, L80, M|1\/219\n|-activate|p1a: Alakazam|move: Sticky Web\n|-unboost|p1a: Alakazam|spe|1\n|turn|10\n|\n|move|p1a: Alakazam|Psychic|p2a: Araquanid\n|-damage|p2a: Araquanid|119\/492\n|move|p2a: Araquanid|Max Geyser|p1a: Alakazam\n|-damage|p1a: Alakazam|0 fnt\n|faint|p1a: Alakazam\n|\n|-weather|RainDance|[upkeep]\n|-end|p2a: Araquanid|Dynamax\n|-heal|p2a: Araquanid|60\/246|[silent]\n|upkeep\n|\n|switch|p1a: Solgaleo|Solgaleo, L72|72\/316\n|-activate|p1a: Solgaleo|move: Sticky Web\n|-fail|p1a: Solgaleo|unboost|[from] ability: Full Metal Body|[of] p1a: Solgaleo\n|turn|11\n|\n|move|p1a: Solgaleo|Psychic Fangs|p2a: Araquanid\n|-damage|p2a: Araquanid|0 fnt\n|faint|p2a: Araquanid\n|\n|-weather|RainDance|[upkeep]\n|-heal|p1a: Solgaleo|91\/316|[from] item: Leftovers\n|upkeep\n|\n|switch|p2a: Scyther|Scyther, L86, M|261\/261\n|turn|12\n|\n|move|p2a: Scyther|Knock Off|p1a: Solgaleo\n|-supereffective|p1a: Solgaleo\n|-damage|p1a: Solgaleo|0 fnt\n|-enditem|p1a: Solgaleo|Leftovers|[from] move: Knock Off|[of] p2a: Scyther\n|faint|p1a: Solgaleo\n|\n|-weather|none\n|upkeep\n|\n|switch|p1a: Necrozma|Necrozma-Dusk-Mane, L72|259\/259\n|-activate|p1a: Necrozma|move: Sticky Web\n|-unboost|p1a: Necrozma|spe|1\n|turn|13\n|\n|move|p2a: Scyther|U-turn|p1a: Necrozma\n|-damage|p1a: Necrozma|189\/259\n|\n|switch|p2a: Butterfree|Butterfree, L86, F|243\/243\n|move|p1a: Necrozma|Dragon Dance|p1a: Necrozma\n|-boost|p1a: Necrozma|atk|1\n|-boost|p1a: Necrozma|spe|1\n|\n|upkeep\n|turn|14\n|\n|switch|p1a: Tapu Lele|Tapu Lele, L80|243\/243\n|-activate|p1a: Tapu Lele|move: Sticky Web\n|-unboost|p1a: Tapu Lele|spe|1\n|-fieldstart|move: Psychic Terrain|[from] ability: Psychic Surge|[of] p1a: Tapu Lele\n|move|p2a: Butterfree|Sleep Powder|p1a: Tapu Lele\n|-status|p1a: Tapu Lele|slp|[from] move: Sleep Powder\n|\n|upkeep\n|turn|15\n|\n|switch|p1a: Necrozma|Necrozma-Dusk-Mane, L72|189\/259\n|-activate|p1a: Necrozma|move: Sticky Web\n|-unboost|p1a: Necrozma|spe|1\n|move|p2a: Butterfree|Quiver Dance|p2a: Butterfree\n|-boost|p2a: Butterfree|spa|1\n|-boost|p2a: Butterfree|spd|1\n|-boost|p2a: Butterfree|spe|1\n|\n|upkeep\n|turn|16\n|\n|move|p2a: Butterfree|Hurricane|p1a: Necrozma\n|-resisted|p1a: Necrozma\n|-damage|p1a: Necrozma|102\/259\n|move|p1a: Necrozma|Morning Sun|p1a: Necrozma\n|-heal|p1a: Necrozma|231\/259\n|\n|upkeep\n|turn|17\n|\n|move|p2a: Butterfree|Hurricane|p1a: Necrozma\n|-resisted|p1a: Necrozma\n|-damage|p1a: Necrozma|147\/259\n|-start|p1a: Necrozma|confusion\n|-activate|p1a: Necrozma|confusion\n|move|p1a: Necrozma|Dragon Dance|p1a: Necrozma\n|-boost|p1a: Necrozma|atk|1\n|-boost|p1a: Necrozma|spe|1\n|\n|upkeep\n|turn|18\n|\n|-start|p1a: Necrozma|Dynamax\n|-heal|p1a: Necrozma|294\/518|[silent]\n|move|p2a: Butterfree|Hurricane|p1a: Necrozma\n|-resisted|p1a: Necrozma\n|-damage|p1a: Necrozma|202\/518\n|-activate|p1a: Necrozma|confusion\n|move|p1a: Necrozma|Max Steelspike|p2a: Butterfree\n|-damage|p2a: Butterfree|0 fnt\n|-boost|p1a: Necrozma|def|1\n|faint|p2a: Butterfree\n|\n|-fieldend|move: Psychic Terrain\n|upkeep\n|\n|switch|p2a: Scyther|Scyther, L86, M|261\/261\n|turn|19\n|\n|move|p2a: Scyther|Knock Off|p1a: Necrozma\n|-supereffective|p1a: Necrozma\n|-damage|p1a: Necrozma|138\/518\n|-enditem|p1a: Necrozma|Weakness Policy\n|-boost|p1a: Necrozma|atk|2|[from] item: Weakness Policy\n|-boost|p1a: Necrozma|spa|2|[from] item: Weakness Policy\n|-activate|p1a: Necrozma|confusion\n|-damage|p1a: Necrozma|93\/518|[from] confusion\n|\n|upkeep\n|turn|20\n|\n|move|p2a: Scyther|Knock Off|p1a: Necrozma\n|-supereffective|p1a: Necrozma\n|-damage|p1a: Necrozma|48\/518\n|-end|p1a: Necrozma|confusion\n|move|p1a: Necrozma|Max Steelspike|p2a: Scyther\n|-damage|p2a: Scyther|0 fnt\n|-boost|p1a: Necrozma|def|1\n|faint|p2a: Scyther\n|\n|-end|p1a: Necrozma|Dynamax\n|-heal|p1a: Necrozma|24\/259|[silent]\n|upkeep\n|c|\u2606peapo DC|sad\n|\n|switch|p2a: Armaldo|Armaldo, L88, M|275\/275\n|turn|21\n|\n|move|p1a: Necrozma|Sunsteel Strike|p2a: Armaldo\n|-supereffective|p2a: Armaldo\n|-damage|p2a: Armaldo|0 fnt\n|faint|p2a: Armaldo\n|\n|win|peapo DC\n|l|\u2606Pokefreak77\n||Ladder (probably) updated, but score could not be retrieved (Request timeout).\n","inputlog":">version f037a0da854d603ce6ea97a4463ca870f49e985e\n>start {\"formatid\":\"gen8monotyperandombattle\",\"seed\":[31484,65134,17465,32939],\"rated\":\"Rated battle\"}\n>player p1 {\"name\":\"peapo DC\",\"avatar\":\"guzma\",\"team\":\"\",\"rating\":1564,\"seed\":[39894,61151,49420,46904]}\n>player p2 {\"name\":\"Pokefreak77\",\"avatar\":\"170\",\"team\":\"\",\"rating\":1554,\"seed\":[1544,19327,19846,32581]}\n>p1 move psychic\n>p2 move leechlife\n>p1 switch 6\n>p1 move counter\n>p2 move leechlife\n>p2 switch 3\n>p1 switch 4\n>p2 move moonblast\n>p1 move sunsteelstrike\n>p2 move stickyweb\n>p2 switch 2\n>p1 move psychicfangs\n>p2 move liquidation\n>p1 move psychicfangs\n>p2 move leechlife\n>p1 move morningsun\n>p2 move liquidation\n>p1 move morningsun\n>p2 move liquidation dynamax\n>p1 switch 2\n>p2 move liquidation dynamax\n>p1 switch 4\n>p1 move psychic\n>p2 move liquidation dynamax\n>p1 switch 2\n>p1 move psychicfangs\n>p2 move liquidation\n>p2 switch 4\n>p1 move sunsteelstrike\n>p2 move knockoff\n>p1 switch 3\n>p1 move dragondance\n>p2 move uturn\n>p2 switch 5\n>p1 switch 5\n>p2 move sleeppowder\n>p1 switch 5\n>p2 move quiverdance\n>p1 move morningsun\n>p2 move hurricane\n>p1 move dragondance\n>p2 move hurricane\n>p1 move sunsteelstrike dynamax\n>p2 move hurricane\n>p2 switch 5\n>p1 move sunsteelstrike dynamax\n>p2 move knockoff\n>p1 move sunsteelstrike dynamax\n>p2 move knockoff\n>p2 switch 6\n>p1 move sunsteelstrike\n>p2 move earthquake","uploadtime":1593537643,"views":3,"p1id":"peapodc","p2id":"pokefreak77","formatid":"gen8monotyperandombattle","rating":0,"private":0,"password":null}