{"id":"gen8doublesou-1145117717","p1":"yelsewnaner","p2":"cold.exe","format":"gen8doublesou","log":"|j|\u2606yelsewnaner\n|j|\u2606cold.exe\n|player|p1|yelsewnaner|burgh|1167\n|player|p2|cold.exe|steven|1164\n|teamsize|p1|6\n|teamsize|p2|6\n|gametype|doubles\n|gen|8\n|tier|[Gen 8] Doubles OU\n|rated|\n|clearpoke\n|poke|p1|Rillaboom, M|\n|poke|p1|Slowbro-Galar, F|\n|poke|p1|Chandelure, M|\n|poke|p1|Corviknight, M|\n|poke|p1|Sandaconda, F|\n|poke|p1|Beartic, M|\n|poke|p2|Diggersby, F|\n|poke|p2|Cinderace, M|\n|poke|p2|Amoonguss, M|\n|poke|p2|Dracovish|\n|poke|p2|Togekiss, F|\n|poke|p2|Dragapult, F|\n|rule|Species Clause: Limit one of each Pok\u00e9mon\n|rule|OHKO Clause: OHKO moves are banned\n|rule|Evasion Moves Clause: Evasion moves are banned\n|rule|Gravity Sleep Clause: The combination of sleep-inducing moves with imperfect accuracy and Gravity or Gigantamax Orbeetle are banned\n|rule|Endless Battle Clause: Forcing endless battles is banned\n|rule|HP Percentage Mod: HP is shown in percentages\n|rule|Dynamax Clause: You cannot dynamax\n|teampreview\n|\n|start\n|switch|p1a: Rillaboom|Rillaboom, M, shiny|100\/100\n|switch|p1b: Sandaconda|Sandaconda, F, shiny|100\/100\n|switch|p2a: Togekiss|Togekiss, F|100\/100\n|switch|p2b: Cinderace|Cinderace, M|100\/100\n|-fieldstart|move: Grassy Terrain|[from] ability: Grassy Surge|[of] p1a: Rillaboom\n|turn|1\n|\n|switch|p1a: Chandelure|Chandelure, M, shiny|100\/100\n|move|p2b: Cinderace|Protect|p2b: Cinderace\n|-start|p2b: Cinderace|typechange|Normal|[from] ability: Libero\n|-singleturn|p2b: Cinderace|Protect\n|move|p2a: Togekiss|Thunder Wave|p1a: Chandelure\n|-status|p1a: Chandelure|par\n|move|p1b: Sandaconda|Rock Slide|p2a: Togekiss|[spread] p2a\n|-activate|p2b: Cinderace|move: Protect\n|-supereffective|p2a: Togekiss\n|-damage|p2a: Togekiss|59\/100\n|-damage|p1b: Sandaconda|91\/100|[from] item: Life Orb\n|\n|-heal|p1b: Sandaconda|97\/100|[from] Grassy Terrain\n|upkeep\n|turn|2\n|\n|move|p2a: Togekiss|Follow Me|p2a: Togekiss\n|-singleturn|p2a: Togekiss|move: Follow Me\n|move|p2b: Cinderace|Acrobatics|p1a: Chandelure\n|-start|p2b: Cinderace|typechange|Flying|[from] ability: Libero\n|-damage|p1a: Chandelure|21\/100 par\n|move|p1a: Chandelure|Fire Blast|p2a: Togekiss\n|-damage|p2a: Togekiss|7\/100\n|move|p1b: Sandaconda|Earthquake|p2b: Cinderace|[spread] p1a\n|-immune|p2a: Togekiss\n|-immune|p2b: Cinderace\n|-supereffective|p1a: Chandelure\n|-damage|p1a: Chandelure|0 fnt\n|-damage|p1b: Sandaconda|87\/100|[from] item: Life Orb\n|faint|p1a: Chandelure\n|\n|-heal|p1b: Sandaconda|93\/100|[from] Grassy Terrain\n|upkeep\n|\n|switch|p1a: Beartic|Beartic, M, shiny|100\/100\n|turn|3\n|\n|move|p2a: Togekiss|Follow Me|p2a: Togekiss\n|-singleturn|p2a: Togekiss|move: Follow Me\n|move|p2b: Cinderace|High Jump Kick|p1b: Sandaconda\n|-start|p2b: Cinderace|typechange|Fighting|[from] ability: Libero\n|-damage|p1b: Sandaconda|40\/100\n|move|p1a: Beartic|Icicle Crash|p2a: Togekiss\n|-supereffective|p2a: Togekiss\n|-damage|p2a: Togekiss|0 fnt\n|faint|p2a: Togekiss\n|move|p1b: Sandaconda|Rock Slide|p2b: Cinderace\n|-resisted|p2b: Cinderace\n|-damage|p2b: Cinderace|79\/100\n|-damage|p1b: Sandaconda|30\/100|[from] item: Life Orb\n|\n|-heal|p2b: Cinderace|85\/100|[from] Grassy Terrain\n|-heal|p1b: Sandaconda|36\/100|[from] Grassy Terrain\n|upkeep\n|\n|switch|p2a: Amoonguss|Amoonguss, M|100\/100\n|turn|4\n|\n|move|p2a: Amoonguss|Rage Powder|p2a: Amoonguss\n|-singleturn|p2a: Amoonguss|move: Rage Powder\n|move|p2b: Cinderace|Pyro Ball|p1a: Beartic\n|-start|p2b: Cinderace|typechange|Fire|[from] ability: Libero\n|-supereffective|p1a: Beartic\n|-damage|p1a: Beartic|0 fnt\n|faint|p1a: Beartic\n|move|p1b: Sandaconda|Rock Slide|p2a: Amoonguss|[spread] p2a,p2b\n|-supereffective|p2b: Cinderace\n|-damage|p2a: Amoonguss|83\/100\n|-damage|p2b: Cinderace|19\/100\n|-damage|p1b: Sandaconda|26\/100|[from] item: Life Orb\n|\n|-heal|p2b: Cinderace|25\/100|[from] Grassy Terrain\n|-heal|p1b: Sandaconda|32\/100|[from] Grassy Terrain\n|-heal|p2a: Amoonguss|89\/100|[from] item: Black Sludge\n|-heal|p2a: Amoonguss|95\/100|[from] Grassy Terrain\n|upkeep\n|\n|switch|p1a: Corviknight|Corviknight, M, shiny|100\/100\n|turn|5\n|\n|move|p2a: Amoonguss|Rage Powder|p2a: Amoonguss\n|-singleturn|p2a: Amoonguss|move: Rage Powder\n|move|p2b: Cinderace|High Jump Kick|p1b: Sandaconda\n|-start|p2b: Cinderace|typechange|Fighting|[from] ability: Libero\n|-damage|p1b: Sandaconda|0 fnt\n|faint|p1b: Sandaconda\n|move|p1a: Corviknight|Brave Bird|p2a: Amoonguss\n|-supereffective|p2a: Amoonguss\n|-damage|p2a: Amoonguss|24\/100\n|-damage|p1a: Corviknight|71\/100|[from] Recoil\n|\n|-heal|p2b: Cinderace|31\/100|[from] Grassy Terrain\n|-heal|p1a: Corviknight|77\/100|[from] item: Leftovers\n|-heal|p2a: Amoonguss|31\/100|[from] item: Black Sludge\n|-heal|p2a: Amoonguss|37\/100|[from] Grassy Terrain\n|-fieldend|move: Grassy Terrain\n|upkeep\n|\n|switch|p1b: Slowbro|Slowbro-Galar, F|100\/100\n|turn|6\n|-activate|p1b: Slowbro|ability: Quick Draw\n|\n|move|p2a: Amoonguss|Rage Powder|p2a: Amoonguss\n|-singleturn|p2a: Amoonguss|move: Rage Powder\n|move|p1b: Slowbro|Expanding Force|p2a: Amoonguss\n|-supereffective|p2a: Amoonguss\n|-damage|p2a: Amoonguss|0 fnt\n|-damage|p1b: Slowbro|91\/100|[from] item: Life Orb\n|faint|p2a: Amoonguss\n|move|p2b: Cinderace|Pyro Ball|p1a: Corviknight|[miss]\n|-start|p2b: Cinderace|typechange|Fire|[from] ability: Libero\n|-miss|p2b: Cinderace|p1a: Corviknight\n|move|p1a: Corviknight|Brave Bird|p2b: Cinderace\n|-damage|p2b: Cinderace|0 fnt\n|-damage|p1a: Corviknight|68\/100|[from] Recoil\n|faint|p2b: Cinderace\n|\n|-heal|p1a: Corviknight|74\/100|[from] item: Leftovers\n|upkeep\n|\n|switch|p2b: Dracovish|Dracovish|100\/100\n|switch|p2a: Dragapult|Dragapult, F|100\/100\n|turn|7\n|\n|move|p2a: Dragapult|Substitute|p2a: Dragapult\n|-start|p2a: Dragapult|Substitute\n|-damage|p2a: Dragapult|76\/100\n|move|p2b: Dracovish|Fishious Rend|p1a: Corviknight\n|-damage|p1a: Corviknight|0 fnt\n|faint|p1a: Corviknight\n|move|p1b: Slowbro|Expanding Force|p2a: Dragapult\n|-end|p2a: Dragapult|Substitute\n|-damage|p1b: Slowbro|81\/100|[from] item: Life Orb\n|\n|upkeep\n|\n|switch|p1a: Rillaboom|Rillaboom, M, shiny|100\/100\n|-fieldstart|move: Grassy Terrain|[from] ability: Grassy Surge|[of] p1a: Rillaboom\n|turn|8\n|-activate|p1b: Slowbro|ability: Quick Draw\n|\n|move|p1a: Rillaboom|Grassy Glide|p2b: Dracovish\n|-damage|p2b: Dracovish|20\/100\n|move|p1b: Slowbro|Expanding Force|p2a: Dragapult\n|-damage|p2a: Dragapult|9\/100\n|-damage|p1b: Slowbro|71\/100|[from] item: Life Orb\n|move|p2a: Dragapult|Dragon Dance|p2a: Dragapult\n|-boost|p2a: Dragapult|atk|1\n|-boost|p2a: Dragapult|spe|1\n|move|p2b: Dracovish|Fishious Rend|p1b: Slowbro\n|-damage|p1b: Slowbro|0 fnt\n|faint|p1b: Slowbro\n|\n|-heal|p2a: Dragapult|15\/100|[from] Grassy Terrain\n|-heal|p2b: Dracovish|26\/100|[from] Grassy Terrain\n|upkeep\n|turn|9\n|\n|move|p1a: Rillaboom|Grassy Glide|p2a: Dragapult\n|-resisted|p2a: Dragapult\n|-damage|p2a: Dragapult|0 fnt\n|faint|p2a: Dragapult\n|move|p2b: Dracovish|Fishious Rend|p1a: Rillaboom\n|-resisted|p1a: Rillaboom\n|-damage|p1a: Rillaboom|55\/100\n|\n|-heal|p1a: Rillaboom|61\/100|[from] Grassy Terrain\n|-heal|p2b: Dracovish|32\/100|[from] Grassy Terrain\n|upkeep\n|\n|switch|p2a: Diggersby|Diggersby, F|100\/100\n|turn|10\n|\n|move|p1a: Rillaboom|Grassy Glide|p2a: Diggersby\n|-supereffective|p2a: Diggersby\n|-damage|p2a: Diggersby|0 fnt\n|faint|p2a: Diggersby\n|move|p2b: Dracovish|Fishious Rend|p1a: Rillaboom\n|-resisted|p1a: Rillaboom\n|-damage|p1a: Rillaboom|15\/100\n|\n|-heal|p1a: Rillaboom|21\/100|[from] Grassy Terrain\n|-heal|p2b: Dracovish|39\/100|[from] Grassy Terrain\n|upkeep\n|turn|11\n|-message|cold.exe forfeited.\n|\n|win|yelsewnaner\n|l|\u2606cold.exe\n","uploadtime":1593889697,"views":3,"p1id":"yelsewnaner","p2id":"coldexe","formatid":"gen8doublesou","rating":0,"private":0,"password":null}