{"id":"gen8ou-1179925187","p1":"Burnt Bright","p2":"Lt74pf ch","format":"gen8ou","log":"|raw|<div class=\"broadcast-blue\"><strong>This battle is required to be public due to a player having a name starting with 'LT74PF'.<\/div>\n|j|\u2606Burnt Bright\n|j|\u2606Lt74pf ch\n|t:|1599060116\n|player|p1|Burnt Bright|parasollady-gen4|1737\n|player|p2|Lt74pf ch|101|1731\n|teamsize|p1|6\n|teamsize|p2|6\n|gametype|singles\n|gen|8\n|tier|[Gen 8] OU\n|rated|\n|clearpoke\n|poke|p1|Dragapult, F|\n|poke|p1|Urshifu-*, F|\n|poke|p1|Excadrill, F|\n|poke|p1|Togekiss, F|\n|poke|p1|Amoonguss, M|\n|poke|p1|Crawdaunt, M|\n|poke|p2|Dragapult, F|\n|poke|p2|Toxapex, F|\n|poke|p2|Rotom-Heat|\n|poke|p2|Tangrowth, F|\n|poke|p2|Urshifu-*, F|\n|poke|p2|Clefable, M|\n|rule|Sleep Clause Mod: Limit one foe put to sleep\n|rule|Species Clause: Limit one of each Pok\u00e9mon\n|rule|OHKO Clause: OHKO moves are banned\n|rule|Evasion Moves Clause: Evasion moves are banned\n|rule|Endless Battle Clause: Forcing endless battles is banned\n|rule|HP Percentage Mod: HP is shown in percentages\n|rule|Dynamax Clause: You cannot dynamax\n|teampreview\n|\n|t:|1599060153\n|start\n|switch|p1a: Excadrill|Excadrill, F, shiny|100\/100\n|switch|p2a: Urshifu|Urshifu-Rapid-Strike, F|100\/100\n|-ability|p1a: Excadrill|Mold Breaker\n|turn|1\n|\n|t:|1599060158\n|switch|p1a: Amoonguss|Amoonguss, M, shiny|100\/100\n|move|p2a: Urshifu|U-turn|p1a: Amoonguss\n|-damage|p1a: Amoonguss|73\/100\n|-damage|p2a: Urshifu|84\/100|[from] item: Rocky Helmet|[of] p1a: Amoonguss\n|\n|t:|1599060161\n|switch|p2a: Toxapex|Toxapex, F|100\/100|[from]move: U-turn\n|\n|upkeep\n|turn|2\n|\n|t:|1599060170\n|move|p2a: Toxapex|Block|p1a: Amoonguss\n|-activate|p1a: Amoonguss|trapped\n|move|p1a: Amoonguss|Spore|p2a: Toxapex\n|-status|p2a: Toxapex|slp|[from] move: Spore\n|\n|upkeep\n|turn|3\n|\n|t:|1599060181\n|cant|p2a: Toxapex|slp\n|move|p1a: Amoonguss|Giga Drain|p2a: Toxapex\n|-damage|p2a: Toxapex|85\/100 slp\n|-heal|p1a: Amoonguss|79\/100|[from] drain|[of] p2a: Toxapex\n|\n|-heal|p2a: Toxapex|91\/100 slp|[from] item: Black Sludge\n|upkeep\n|turn|4\n|\n|t:|1599060185\n|cant|p2a: Toxapex|slp\n|move|p1a: Amoonguss|Giga Drain|p2a: Toxapex\n|-damage|p2a: Toxapex|77\/100 slp\n|-heal|p1a: Amoonguss|84\/100|[from] drain|[of] p2a: Toxapex\n|\n|-heal|p2a: Toxapex|83\/100 slp|[from] item: Black Sludge\n|upkeep\n|turn|5\n|\n|t:|1599060189\n|-curestatus|p2a: Toxapex|slp|[msg]\n|move|p2a: Toxapex|Knock Off|p1a: Amoonguss\n|-damage|p1a: Amoonguss|72\/100\n|-damage|p2a: Toxapex|67\/100|[from] item: Rocky Helmet|[of] p1a: Amoonguss\n|-enditem|p1a: Amoonguss|Rocky Helmet|[from] move: Knock Off|[of] p2a: Toxapex\n|move|p1a: Amoonguss|Giga Drain|p2a: Toxapex\n|-damage|p2a: Toxapex|51\/100\n|-heal|p1a: Amoonguss|78\/100|[from] drain|[of] p2a: Toxapex\n|\n|-heal|p2a: Toxapex|58\/100|[from] item: Black Sludge\n|upkeep\n|turn|6\n|\n|t:|1599060198\n|move|p2a: Toxapex|Recover|p2a: Toxapex\n|-heal|p2a: Toxapex|100\/100\n|move|p1a: Amoonguss|Giga Drain|p2a: Toxapex\n|-damage|p2a: Toxapex|86\/100\n|-heal|p1a: Amoonguss|83\/100|[from] drain|[of] p2a: Toxapex\n|\n|-heal|p2a: Toxapex|92\/100|[from] item: Black Sludge\n|upkeep\n|turn|7\n|\n|t:|1599060203\n|move|p2a: Toxapex|Spite|p1a: Amoonguss\n|-activate|p1a: Amoonguss|move: Spite|Giga Drain|4\n|move|p1a: Amoonguss|Giga Drain|p2a: Toxapex\n|-damage|p2a: Toxapex|77\/100\n|-heal|p1a: Amoonguss|88\/100|[from] drain|[of] p2a: Toxapex\n|\n|-heal|p2a: Toxapex|83\/100|[from] item: Black Sludge\n|upkeep\n|turn|8\n|\n|t:|1599060216\n|move|p2a: Toxapex|Spite|p1a: Amoonguss\n|-activate|p1a: Amoonguss|move: Spite|Giga Drain|4\n|move|p1a: Amoonguss|Toxic|p2a: Toxapex\n|-immune|p2a: Toxapex\n|\n|-heal|p2a: Toxapex|90\/100|[from] item: Black Sludge\n|upkeep\n|turn|9\n|\n|t:|1599060229\n|move|p2a: Toxapex|Knock Off|p1a: Amoonguss\n|-damage|p1a: Amoonguss|80\/100\n|move|p1a: Amoonguss|Toxic|p2a: Toxapex\n|-immune|p2a: Toxapex\n|\n|-heal|p2a: Toxapex|96\/100|[from] item: Black Sludge\n|upkeep\n|turn|10\n|\n|t:|1599060238\n|move|p2a: Toxapex|Knock Off|p1a: Amoonguss\n|-damage|p1a: Amoonguss|71\/100\n|move|p1a: Amoonguss|Toxic|p2a: Toxapex\n|-immune|p2a: Toxapex\n|\n|-heal|p2a: Toxapex|100\/100|[from] item: Black Sludge\n|upkeep\n|turn|11\n|\n|t:|1599060245\n|move|p2a: Toxapex|Knock Off|p1a: Amoonguss\n|-damage|p1a: Amoonguss|63\/100\n|move|p1a: Amoonguss|Toxic|p2a: Toxapex\n|-immune|p2a: Toxapex\n|\n|upkeep\n|turn|12\n|\n|t:|1599060254\n|move|p2a: Toxapex|Knock Off|p1a: Amoonguss\n|-damage|p1a: Amoonguss|55\/100\n|move|p1a: Amoonguss|Giga Drain|p2a: Toxapex\n|-damage|p2a: Toxapex|84\/100\n|-heal|p1a: Amoonguss|61\/100|[from] drain|[of] p2a: Toxapex\n|\n|-heal|p2a: Toxapex|91\/100|[from] item: Black Sludge\n|upkeep\n|turn|13\n|\n|t:|1599060258\n|move|p2a: Toxapex|Knock Off|p1a: Amoonguss\n|-damage|p1a: Amoonguss|53\/100\n|move|p1a: Amoonguss|Giga Drain|p2a: Toxapex\n|-damage|p2a: Toxapex|75\/100\n|-heal|p1a: Amoonguss|59\/100|[from] drain|[of] p2a: Toxapex\n|\n|-heal|p2a: Toxapex|82\/100|[from] item: Black Sludge\n|upkeep\n|turn|14\n|\n|t:|1599060272\n|move|p2a: Toxapex|Knock Off|p1a: Amoonguss\n|-damage|p1a: Amoonguss|50\/100\n|move|p1a: Amoonguss|Giga Drain|p2a: Toxapex\n|-damage|p2a: Toxapex|66\/100\n|-heal|p1a: Amoonguss|56\/100|[from] drain|[of] p2a: Toxapex\n|\n|-heal|p2a: Toxapex|72\/100|[from] item: Black Sludge\n|upkeep\n|turn|15\n|\n|t:|1599060280\n|move|p2a: Toxapex|Knock Off|p1a: Amoonguss\n|-damage|p1a: Amoonguss|49\/100\n|move|p1a: Amoonguss|Sludge Bomb|p2a: Toxapex\n|-resisted|p2a: Toxapex\n|-damage|p2a: Toxapex|62\/100\n|\n|-heal|p2a: Toxapex|68\/100|[from] item: Black Sludge\n|upkeep\n|turn|16\n|\n|t:|1599060283\n|move|p2a: Toxapex|Knock Off|p1a: Amoonguss\n|-damage|p1a: Amoonguss|41\/100\n|move|p1a: Amoonguss|Sludge Bomb|p2a: Toxapex\n|-resisted|p2a: Toxapex\n|-damage|p2a: Toxapex|59\/100\n|\n|-heal|p2a: Toxapex|65\/100|[from] item: Black Sludge\n|upkeep\n|turn|17\n|j| Livio ElTito\n|\n|t:|1599060288\n|move|p2a: Toxapex|Recover|p2a: Toxapex\n|-heal|p2a: Toxapex|100\/100\n|move|p1a: Amoonguss|Sludge Bomb|p2a: Toxapex\n|-resisted|p2a: Toxapex\n|-crit|p2a: Toxapex\n|-damage|p2a: Toxapex|88\/100\n|\n|-heal|p2a: Toxapex|94\/100|[from] item: Black Sludge\n|upkeep\n|turn|18\n|l| Livio ElTito\n|\n|t:|1599060299\n|move|p2a: Toxapex|Knock Off|p1a: Amoonguss\n|-damage|p1a: Amoonguss|33\/100\n|move|p1a: Amoonguss|Sludge Bomb|p2a: Toxapex\n|-resisted|p2a: Toxapex\n|-damage|p2a: Toxapex|85\/100\n|\n|-heal|p2a: Toxapex|92\/100|[from] item: Black Sludge\n|upkeep\n|turn|19\n|\n|t:|1599060307\n|move|p2a: Toxapex|Spite|p1a: Amoonguss\n|-activate|p1a: Amoonguss|move: Spite|Sludge Bomb|4\n|move|p1a: Amoonguss|Sludge Bomb|p2a: Toxapex\n|-resisted|p2a: Toxapex\n|-damage|p2a: Toxapex|82\/100\n|\n|-heal|p2a: Toxapex|88\/100|[from] item: Black Sludge\n|upkeep\n|turn|20\n|\n|t:|1599060314\n|move|p2a: Toxapex|Spite|p1a: Amoonguss\n|-activate|p1a: Amoonguss|move: Spite|Sludge Bomb|4\n|move|p1a: Amoonguss|Sludge Bomb|p2a: Toxapex\n|-resisted|p2a: Toxapex\n|-damage|p2a: Toxapex|79\/100\n|\n|-heal|p2a: Toxapex|85\/100|[from] item: Black Sludge\n|upkeep\n|turn|21\n|\n|t:|1599060328\n|move|p2a: Toxapex|Knock Off|p1a: Amoonguss\n|-damage|p1a: Amoonguss|24\/100\n|move|p1a: Amoonguss|Sludge Bomb|p2a: Toxapex\n|-resisted|p2a: Toxapex\n|-damage|p2a: Toxapex|77\/100\n|\n|-heal|p2a: Toxapex|83\/100|[from] item: Black Sludge\n|upkeep\n|turn|22\n|\n|t:|1599060332\n|move|p2a: Toxapex|Knock Off|p1a: Amoonguss\n|-damage|p1a: Amoonguss|16\/100\n|move|p1a: Amoonguss|Sludge Bomb|p2a: Toxapex\n|-resisted|p2a: Toxapex\n|-damage|p2a: Toxapex|75\/100\n|\n|-heal|p2a: Toxapex|81\/100|[from] item: Black Sludge\n|upkeep\n|turn|23\n|\n|t:|1599060340\n|move|p2a: Toxapex|Block||[still]\n|-fail|p2a: Toxapex\n|move|p1a: Amoonguss|Toxic|p2a: Toxapex\n|-immune|p2a: Toxapex\n|\n|-heal|p2a: Toxapex|87\/100|[from] item: Black Sludge\n|upkeep\n|turn|24\n|\n|t:|1599060345\n|move|p2a: Toxapex|Spite|p1a: Amoonguss\n|-activate|p1a: Amoonguss|move: Spite|Toxic|4\n|move|p1a: Amoonguss|Toxic|p2a: Toxapex\n|-immune|p2a: Toxapex\n|\n|-heal|p2a: Toxapex|93\/100|[from] item: Black Sludge\n|upkeep\n|turn|25\n|\n|t:|1599060351\n|move|p2a: Toxapex|Spite|p1a: Amoonguss\n|-activate|p1a: Amoonguss|move: Spite|Toxic|4\n|move|p1a: Amoonguss|Toxic|p2a: Toxapex\n|-immune|p2a: Toxapex\n|\n|-heal|p2a: Toxapex|99\/100|[from] item: Black Sludge\n|upkeep\n|turn|26\n|\n|t:|1599060355\n|move|p2a: Toxapex|Block||[still]\n|-fail|p2a: Toxapex\n|move|p1a: Amoonguss|Toxic|p2a: Toxapex\n|-immune|p2a: Toxapex\n|\n|-heal|p2a: Toxapex|100\/100|[from] item: Black Sludge\n|upkeep\n|turn|27\n|\n|t:|1599060361\n|move|p2a: Toxapex|Block||[still]\n|-fail|p2a: Toxapex\n|move|p1a: Amoonguss|Spore|p2a: Toxapex\n|-status|p2a: Toxapex|slp|[from] move: Spore\n|\n|upkeep\n|turn|28\n|\n|t:|1599060366\n|cant|p2a: Toxapex|slp\n|move|p1a: Amoonguss|Spore|p2a: Toxapex\n|-fail|p2a: Toxapex|slp\n|\n|upkeep\n|turn|29\n|\n|t:|1599060372\n|cant|p2a: Toxapex|slp\n|move|p1a: Amoonguss|Spore|p2a: Toxapex\n|-fail|p2a: Toxapex|slp\n|\n|upkeep\n|turn|30\n|\n|t:|1599060375\n|-curestatus|p2a: Toxapex|slp|[msg]\n|move|p2a: Toxapex|Spite|p1a: Amoonguss\n|-activate|p1a: Amoonguss|move: Spite|Spore|4\n|move|p1a: Amoonguss|Spore|p2a: Toxapex\n|-status|p2a: Toxapex|slp|[from] move: Spore\n|\n|upkeep\n|turn|31\n|\n|t:|1599060382\n|cant|p2a: Toxapex|slp\n|move|p1a: Amoonguss|Spore|p2a: Toxapex\n|-fail|p2a: Toxapex|slp\n|\n|upkeep\n|turn|32\n|\n|t:|1599060387\n|-curestatus|p2a: Toxapex|slp|[msg]\n|move|p2a: Toxapex|Spite|p1a: Amoonguss\n|-activate|p1a: Amoonguss|move: Spite|Spore|4\n|move|p1a: Amoonguss|Spore|p2a: Toxapex\n|-status|p2a: Toxapex|slp|[from] move: Spore\n|\n|upkeep\n|turn|33\n|\n|t:|1599060394\n|cant|p2a: Toxapex|slp\n|move|p1a: Amoonguss|Spore|p2a: Toxapex\n|-fail|p2a: Toxapex|slp\n|\n|upkeep\n|turn|34\n|\n|t:|1599060396\n|cant|p2a: Toxapex|slp\n|move|p1a: Amoonguss|Spore|p2a: Toxapex\n|-fail|p2a: Toxapex|slp\n|\n|upkeep\n|turn|35\n|\n|t:|1599060410\n|cant|p2a: Toxapex|slp\n|move|p1a: Amoonguss|Spore|p2a: Toxapex\n|-fail|p2a: Toxapex|slp\n|\n|upkeep\n|turn|36\n|\n|t:|1599060416\n|-curestatus|p2a: Toxapex|slp|[msg]\n|move|p2a: Toxapex|Spite|p1a: Amoonguss\n|-activate|p1a: Amoonguss|move: Spite|Spore|4\n|move|p1a: Amoonguss|Spore|p2a: Toxapex\n|-status|p2a: Toxapex|slp|[from] move: Spore\n|\n|upkeep\n|turn|37\n|\n|t:|1599060422\n|cant|p2a: Toxapex|slp\n|move|p1a: Amoonguss|Spore|p2a: Toxapex\n|-fail|p2a: Toxapex|slp\n|\n|upkeep\n|turn|38\n|\n|t:|1599060429\n|-curestatus|p2a: Toxapex|slp|[msg]\n|move|p2a: Toxapex|Block||[still]\n|-fail|p2a: Toxapex\n|-activate|p1a: Amoonguss|move: Struggle\n|move|p1a: Amoonguss|Struggle|p2a: Toxapex\n|-damage|p2a: Toxapex|94\/100\n|-damage|p1a: Amoonguss|0 fnt|[from] recoil\n|faint|p1a: Amoonguss\n|\n|-heal|p2a: Toxapex|99\/100|[from] item: Black Sludge\n|upkeep\n|\n|t:|1599060442\n|switch|p1a: Excadrill|Excadrill, F, shiny|100\/100\n|-ability|p1a: Excadrill|Mold Breaker\n|turn|39\n|\n|t:|1599060451\n|move|p1a: Excadrill|Stealth Rock|p2a: Toxapex\n|-sidestart|p2: Lt74pf ch|move: Stealth Rock\n|move|p2a: Toxapex|Knock Off|p1a: Excadrill\n|-damage|p1a: Excadrill|77\/100\n|-enditem|p1a: Excadrill|Leftovers|[from] move: Knock Off|[of] p2a: Toxapex\n|\n|-heal|p2a: Toxapex|100\/100|[from] item: Black Sludge\n|upkeep\n|turn|40\n|\n|t:|1599060469\n|switch|p1a: Togekiss|Togekiss, F|100\/100\n|move|p2a: Toxapex|Knock Off|p1a: Togekiss\n|-resisted|p1a: Togekiss\n|-damage|p1a: Togekiss|94\/100\n|-enditem|p1a: Togekiss|Heavy-Duty Boots|[from] move: Knock Off|[of] p2a: Toxapex\n|\n|upkeep\n|turn|41\n|\n|t:|1599060475\n|switch|p2a: Rotom|Rotom-Heat|100\/100\n|move|p1a: Togekiss|Nasty Plot|p1a: Togekiss\n|-boost|p1a: Togekiss|spa|2\n|\n|upkeep\n|turn|42\n|\n|t:|1599060481\n|switch|p1a: Excadrill|Excadrill, F, shiny|77\/100\n|-ability|p1a: Excadrill|Mold Breaker\n|move|p2a: Rotom|Discharge|p1a: Excadrill\n|-immune|p1a: Excadrill\n|\n|upkeep\n|turn|43\n|\n|t:|1599060486\n|switch|p2a: Tangrowth|Tangrowth, F|100\/100\n|-damage|p2a: Tangrowth|88\/100|[from] Stealth Rock\n|move|p1a: Excadrill|Earthquake|p2a: Tangrowth\n|-resisted|p2a: Tangrowth\n|-damage|p2a: Tangrowth|77\/100\n|\n|upkeep\n|turn|44\n|\n|t:|1599060502\n|move|p1a: Excadrill|Iron Head|p2a: Tangrowth\n|-damage|p2a: Tangrowth|56\/100\n|-damage|p1a: Excadrill|61\/100|[from] item: Rocky Helmet|[of] p2a: Tangrowth\n|move|p2a: Tangrowth|Stun Spore|p1a: Excadrill\n|-status|p1a: Excadrill|par\n|\n|upkeep\n|turn|45\n|\n|t:|1599060517\n|cant|p1a: Excadrill|par\n|move|p2a: Tangrowth|Sludge Bomb|p1a: Excadrill\n|-immune|p1a: Excadrill\n|\n|upkeep\n|turn|46\n|\n|t:|1599060522\n|cant|p1a: Excadrill|par\n|move|p2a: Tangrowth|Giga Drain|p1a: Excadrill\n|-damage|p1a: Excadrill|33\/100 par\n|-heal|p2a: Tangrowth|68\/100|[from] drain|[of] p1a: Excadrill\n|\n|upkeep\n|turn|47\n|\n|t:|1599060527\n|move|p1a: Excadrill|Iron Head|p2a: Tangrowth\n|-damage|p2a: Tangrowth|48\/100\n|-damage|p1a: Excadrill|16\/100 par|[from] item: Rocky Helmet|[of] p2a: Tangrowth\n|move|p2a: Tangrowth|Giga Drain|p1a: Excadrill\n|-damage|p1a: Excadrill|0 fnt\n|-heal|p2a: Tangrowth|56\/100|[from] drain|[of] p1a: Excadrill\n|faint|p1a: Excadrill\n|\n|upkeep\n|\n|t:|1599060562\n|switch|p1a: Togekiss|Togekiss, F|94\/100\n|turn|48\n|\n|t:|1599060570\n|switch|p2a: Rotom|Rotom-Heat|100\/100\n|move|p1a: Togekiss|Air Slash|p2a: Rotom\n|-resisted|p2a: Rotom\n|-damage|p2a: Rotom|89\/100\n|\n|upkeep\n|turn|49\n|\n|t:|1599060593\n|switch|p1a: Dragapult|Dragapult, F|100\/100\n|move|p2a: Rotom|Discharge|p1a: Dragapult\n|-resisted|p1a: Dragapult\n|-damage|p1a: Dragapult|81\/100\n|\n|-heal|p1a: Dragapult|87\/100|[from] item: Leftovers\n|upkeep\n|turn|50\n|\n|t:|1599060605\n|switch|p2a: Clefable|Clefable, M|100\/100\n|move|p1a: Dragapult|Substitute|p1a: Dragapult\n|-start|p1a: Dragapult|Substitute\n|-damage|p1a: Dragapult|62\/100\n|\n|-heal|p1a: Dragapult|68\/100|[from] item: Leftovers\n|upkeep\n|turn|51\n|\n|t:|1599060610\n|move|p1a: Dragapult|Thunder Wave|p2a: Clefable\n|-status|p2a: Clefable|par\n|move|p2a: Clefable|Calm Mind|p2a: Clefable\n|-boost|p2a: Clefable|spa|1\n|-boost|p2a: Clefable|spd|1\n|\n|-heal|p1a: Dragapult|74\/100|[from] item: Leftovers\n|upkeep\n|turn|52\n|\n|t:|1599060615\n|switch|p1a: Togekiss|Togekiss, F|94\/100\n|cant|p2a: Clefable|par\n|\n|upkeep\n|turn|53\n|\n|t:|1599060631\n|switch|p1a: Dragapult|Dragapult, F|74\/100\n|cant|p2a: Clefable|par\n|\n|-heal|p1a: Dragapult|80\/100|[from] item: Leftovers\n|upkeep\n|turn|54\n|\n|t:|1599060636\n|switch|p1a: Togekiss|Togekiss, F|94\/100\n|move|p2a: Clefable|Moonblast|p1a: Togekiss\n|-damage|p1a: Togekiss|54\/100\n|-unboost|p1a: Togekiss|spa|1\n|\n|upkeep\n|turn|55\n|\n|t:|1599060644\n|move|p1a: Togekiss|Roost|p1a: Togekiss\n|-heal|p1a: Togekiss|100\/100\n|-singleturn|p1a: Togekiss|move: Roost\n|move|p2a: Clefable|Stealth Rock|p1a: Togekiss\n|-sidestart|p1: Burnt Bright|move: Stealth Rock\n|\n|upkeep\n|turn|56\n|\n|t:|1599060650\n|switch|p2a: Rotom|Rotom-Heat|89\/100\n|move|p1a: Togekiss|Nasty Plot|p1a: Togekiss\n|-boost|p1a: Togekiss|spa|2\n|\n|upkeep\n|turn|57\n|\n|t:|1599060656\n|switch|p1a: Dragapult|Dragapult, F|80\/100\n|-damage|p1a: Dragapult|67\/100|[from] Stealth Rock\n|move|p2a: Rotom|Discharge|p1a: Dragapult\n|-resisted|p1a: Dragapult\n|-damage|p1a: Dragapult|47\/100\n|-status|p1a: Dragapult|par\n|\n|-heal|p1a: Dragapult|53\/100 par|[from] item: Leftovers\n|upkeep\n|turn|58\n|-message|Burnt Bright forfeited.\n|\n|win|Lt74pf ch\n|l|\u2606Burnt Bright\n||Ladder (probably) updated, but score could not be retrieved (Request timeout).\n","uploadtime":1599060831,"views":28,"p1id":"burntbright","p2id":"lt74pfch","formatid":"gen8ou","rating":0,"private":0,"password":null}