{"id":"gen8ou-1706079263","p1":"dracaufeu shiny","p2":"minimax_ai","format":"gen8ou","log":"|j|\u2606dracaufeu shiny\n|j|\u2606minimax_ai\n|t:|1667945482\n|gametype|singles\n|player|p1|dracaufeu shiny|red|1735\n|player|p2|minimax_ai|169|1685\n|teamsize|p1|6\n|teamsize|p2|6\n|gen|8\n|tier|[Gen 8] OU\n|rated|\n|rule|Sleep Clause Mod: Limit one foe put to sleep\n|rule|Species Clause: Limit one of each Pok\u00e9mon\n|rule|OHKO Clause: OHKO moves are banned\n|rule|Evasion Items Clause: Evasion items are banned\n|rule|Evasion Moves Clause: Evasion moves are banned\n|rule|Endless Battle Clause: Forcing endless battles is banned\n|rule|HP Percentage Mod: HP is shown in percentages\n|rule|Dynamax Clause: You cannot dynamax\n|clearpoke\n|poke|p1|Pelipper, F|\n|poke|p1|Tyranitar, F|\n|poke|p1|Ferrothorn, M|\n|poke|p1|Zapdos|\n|poke|p1|Urshifu-*, M|\n|poke|p1|Excadrill, M|\n|poke|p2|Rotom-Wash|\n|poke|p2|Weavile, M|\n|poke|p2|Landorus-Therian, M|\n|poke|p2|Heatran, M|\n|poke|p2|Tangrowth, F|\n|poke|p2|Melmetal|\n|teampreview\n|c|\u2606minimax_ai|hf\n|inactive|Battle timer is ON: inactive players will automatically lose when time's up. (requested by minimax_ai)\n|\n|t:|1667945486\n|start\n|switch|p1a: Ferrothorn|Ferrothorn, M|100\/100\n|switch|p2a: Tangrowth|Tangrowth, F|100\/100\n|turn|1\n|\n|t:|1667945488\n|move|p2a: Tangrowth|Focus Blast|p1a: Ferrothorn\n|-supereffective|p1a: Ferrothorn\n|-damage|p1a: Ferrothorn|48\/100\n|move|p1a: Ferrothorn|Knock Off|p2a: Tangrowth\n|-damage|p2a: Tangrowth|90\/100\n|-damage|p1a: Ferrothorn|32\/100|[from] item: Rocky Helmet|[of] p2a: Tangrowth\n|-enditem|p2a: Tangrowth|Rocky Helmet|[from] move: Knock Off|[of] p1a: Ferrothorn\n|\n|-heal|p1a: Ferrothorn|38\/100|[from] item: Leftovers\n|upkeep\n|turn|2\n|\n|t:|1667945492\n|switch|p1a: Zapdos|Zapdos|100\/100\n|move|p2a: Tangrowth|Focus Blast|p1a: Zapdos\n|-resisted|p1a: Zapdos\n|-damage|p1a: Zapdos|86\/100\n|\n|upkeep\n|turn|3\n|\n|t:|1667945498\n|switch|p2a: landorustherian|Landorus-Therian, M|100\/100\n|-ability|p2a: landorustherian|Intimidate|boost\n|-unboost|p1a: Zapdos|atk|1\n|move|p1a: Zapdos|Volt Switch|p2a: landorustherian\n|-immune|p2a: landorustherian\n|\n|upkeep\n|turn|4\n|\n|t:|1667945500\n|move|p1a: Zapdos|Hurricane|p2a: landorustherian\n|-damage|p2a: landorustherian|63\/100\n|-start|p2a: landorustherian|confusion\n|-activate|p2a: landorustherian|confusion\n|move|p2a: landorustherian|Earthquake|p1a: Zapdos\n|-immune|p1a: Zapdos\n|\n|-heal|p2a: landorustherian|69\/100|[from] item: Leftovers\n|upkeep\n|turn|5\n|\n|t:|1667945501\n|move|p1a: Zapdos|Hurricane|p2a: landorustherian\n|-damage|p2a: landorustherian|33\/100\n|-end|p2a: landorustherian|confusion\n|move|p2a: landorustherian|Toxic|p1a: Zapdos\n|-status|p1a: Zapdos|tox\n|\n|-heal|p2a: landorustherian|39\/100|[from] item: Leftovers\n|-damage|p1a: Zapdos|80\/100 tox|[from] psn\n|upkeep\n|turn|6\n|\n|t:|1667945504\n|move|p1a: Zapdos|Hurricane|p2a: landorustherian|[miss]\n|-miss|p1a: Zapdos|p2a: landorustherian\n|move|p2a: landorustherian|Earthquake|p1a: Zapdos\n|-immune|p1a: Zapdos\n|\n|-heal|p2a: landorustherian|45\/100|[from] item: Leftovers\n|-damage|p1a: Zapdos|68\/100 tox|[from] psn\n|upkeep\n|turn|7\n|\n|t:|1667945506\n|switch|p1a: Pelipper|Pelipper, F|100\/100\n|-weather|RainDance|[from] ability: Drizzle|[of] p1a: Pelipper\n|move|p2a: landorustherian|Earthquake|p1a: Pelipper\n|-immune|p1a: Pelipper\n|\n|-weather|RainDance|[upkeep]\n|-heal|p2a: landorustherian|51\/100|[from] item: Leftovers\n|upkeep\n|turn|8\n|\n|t:|1667945509\n|move|p1a: Pelipper|U-turn|p2a: landorustherian\n|-resisted|p2a: landorustherian\n|-damage|p2a: landorustherian|47\/100\n|\n|t:|1667945512\n|switch|p1a: Ferrothorn|Ferrothorn, M|38\/100|[from]move: U-turn\n|move|p2a: landorustherian|Toxic|p1a: Ferrothorn\n|-immune|p1a: Ferrothorn\n|\n|-weather|RainDance|[upkeep]\n|-heal|p2a: landorustherian|53\/100|[from] item: Leftovers\n|-heal|p1a: Ferrothorn|44\/100|[from] item: Leftovers\n|upkeep\n|turn|9\n|\n|t:|1667945514\n|move|p2a: landorustherian|Earthquake|p1a: Ferrothorn\n|-damage|p1a: Ferrothorn|19\/100\n|move|p1a: Ferrothorn|Stealth Rock|p2a: landorustherian\n|-sidestart|p2: minimax_ai|move: Stealth Rock\n|\n|-weather|RainDance|[upkeep]\n|-heal|p2a: landorustherian|59\/100|[from] item: Leftovers\n|-heal|p1a: Ferrothorn|25\/100|[from] item: Leftovers\n|upkeep\n|turn|10\n|\n|t:|1667945516\n|move|p2a: landorustherian|Earthquake|p1a: Ferrothorn\n|-damage|p1a: Ferrothorn|0 fnt\n|faint|p1a: Ferrothorn\n|\n|-weather|RainDance|[upkeep]\n|-heal|p2a: landorustherian|65\/100|[from] item: Leftovers\n|upkeep\n|\n|t:|1667945519\n|switch|p1a: Pelipper|Pelipper, F|100\/100\n|turn|11\n|\n|t:|1667945521\n|move|p1a: Pelipper|Weather Ball|p2a: landorustherian\n|-supereffective|p2a: landorustherian\n|-damage|p2a: landorustherian|0 fnt\n|faint|p2a: landorustherian\n|\n|-weather|none\n|upkeep\n|\n|t:|1667945521\n|switch|p2a: Melmetal|Melmetal|100\/100\n|-damage|p2a: Melmetal|94\/100|[from] Stealth Rock\n|turn|12\n|\n|t:|1667945524\n|switch|p1a: Excadrill|Excadrill, M|100\/100\n|move|p2a: Melmetal|Thunder Punch|p1a: Excadrill\n|-immune|p1a: Excadrill\n|\n|upkeep\n|turn|13\n|\n|t:|1667945534\n|switch|p1a: Tyranitar|Tyranitar, F|100\/100\n|-weather|Sandstorm|[from] ability: Sand Stream|[of] p1a: Tyranitar\n|move|p2a: Melmetal|Earthquake|p1a: Tyranitar\n|-supereffective|p1a: Tyranitar\n|-damage|p1a: Tyranitar|35\/100\n|\n|-weather|Sandstorm|[upkeep]\n|upkeep\n|turn|14\n|\n|t:|1667945540\n|switch|p1a: Pelipper|Pelipper, F|100\/100\n|-weather|RainDance|[from] ability: Drizzle|[of] p1a: Pelipper\n|move|p2a: Melmetal|Double Iron Bash|p1a: Pelipper\n|-resisted|p1a: Pelipper\n|-damage|p1a: Pelipper|74\/100\n|-resisted|p1a: Pelipper\n|-damage|p1a: Pelipper|50\/100\n|-hitcount|p1a: Pelipper|2\n|\n|-weather|RainDance|[upkeep]\n|upkeep\n|turn|15\n|\n|t:|1667945542\n|move|p1a: Pelipper|Weather Ball|p2a: Melmetal\n|-damage|p2a: Melmetal|37\/100\n|move|p2a: Melmetal|Thunder Punch|p1a: Pelipper\n|-supereffective|p1a: Pelipper\n|-damage|p1a: Pelipper|0 fnt\n|faint|p1a: Pelipper\n|\n|-weather|RainDance|[upkeep]\n|upkeep\n|\n|t:|1667945545\n|switch|p1a: Urshifu|Urshifu-Rapid-Strike, M|100\/100\n|turn|16\n|\n|t:|1667945546\n|switch|p2a: Tangrowth|Tangrowth, F|100\/100\n|-damage|p2a: Tangrowth|88\/100|[from] Stealth Rock\n|move|p1a: Urshifu|Surging Strikes|p2a: Tangrowth\n|-resisted|p2a: Tangrowth\n|-crit|p2a: Tangrowth\n|-damage|p2a: Tangrowth|80\/100\n|-resisted|p2a: Tangrowth\n|-crit|p2a: Tangrowth\n|-damage|p2a: Tangrowth|73\/100\n|-resisted|p2a: Tangrowth\n|-crit|p2a: Tangrowth\n|-damage|p2a: Tangrowth|65\/100\n|-hitcount|p2a: Tangrowth|3\n|\n|-weather|RainDance|[upkeep]\n|upkeep\n|turn|17\n|\n|t:|1667945549\n|switch|p1a: Zapdos|Zapdos|68\/100 tox\n|move|p2a: Tangrowth|Giga Drain|p1a: Zapdos\n|-resisted|p1a: Zapdos\n|-damage|p1a: Zapdos|55\/100 tox\n|-heal|p2a: Tangrowth|72\/100|[from] drain|[of] p1a: Zapdos\n|\n|-weather|RainDance|[upkeep]\n|-damage|p1a: Zapdos|49\/100 tox|[from] psn\n|upkeep\n|turn|18\n|\n|t:|1667945551\n|switch|p2a: rotomwash|Rotom-Wash|100\/100\n|-damage|p2a: rotomwash|88\/100|[from] Stealth Rock\n|move|p1a: Zapdos|Roost|p1a: Zapdos\n|-heal|p1a: Zapdos|99\/100 tox\n|-singleturn|p1a: Zapdos|move: Roost\n|\n|-weather|none\n|-heal|p2a: rotomwash|94\/100|[from] item: Leftovers\n|-damage|p1a: Zapdos|87\/100 tox|[from] psn\n|upkeep\n|turn|19\n|\n|t:|1667945554\n|move|p1a: Zapdos|Hurricane|p2a: rotomwash\n|-resisted|p2a: rotomwash\n|-damage|p2a: rotomwash|71\/100\n|-start|p2a: rotomwash|confusion\n|-activate|p2a: rotomwash|confusion\n|-damage|p2a: rotomwash|64\/100|[from] confusion\n|\n|-heal|p2a: rotomwash|71\/100|[from] item: Leftovers\n|-damage|p1a: Zapdos|69\/100 tox|[from] psn\n|upkeep\n|turn|20\n|\n|t:|1667945557\n|move|p1a: Zapdos|Volt Switch|p2a: rotomwash\n|-damage|p2a: rotomwash|42\/100\n|\n|t:|1667945561\n|switch|p1a: Tyranitar|Tyranitar, F|35\/100|[from]move: Volt Switch\n|-weather|Sandstorm|[from] ability: Sand Stream|[of] p1a: Tyranitar\n|-end|p2a: rotomwash|confusion\n|move|p2a: rotomwash|Thunderbolt|p1a: Tyranitar\n|-damage|p1a: Tyranitar|12\/100\n|\n|-weather|Sandstorm|[upkeep]\n|-damage|p2a: rotomwash|36\/100|[from] Sandstorm\n|-heal|p2a: rotomwash|42\/100|[from] item: Leftovers\n|upkeep\n|turn|21\n|\n|t:|1667945564\n|move|p2a: rotomwash|Hydro Pump|p1a: Tyranitar\n|-supereffective|p1a: Tyranitar\n|-damage|p1a: Tyranitar|0 fnt\n|faint|p1a: Tyranitar\n|\n|-weather|Sandstorm|[upkeep]\n|-damage|p2a: rotomwash|36\/100|[from] Sandstorm\n|-heal|p2a: rotomwash|42\/100|[from] item: Leftovers\n|upkeep\n|\n|t:|1667945570\n|switch|p1a: Urshifu|Urshifu-Rapid-Strike, M|100\/100\n|turn|22\n|\n|t:|1667945572\n|switch|p2a: Tangrowth|Tangrowth, F|100\/100\n|-damage|p2a: Tangrowth|88\/100|[from] Stealth Rock\n|move|p1a: Urshifu|Close Combat|p2a: Tangrowth\n|-damage|p2a: Tangrowth|55\/100\n|-unboost|p1a: Urshifu|def|1\n|-unboost|p1a: Urshifu|spd|1\n|\n|-weather|Sandstorm|[upkeep]\n|-damage|p1a: Urshifu|94\/100|[from] Sandstorm\n|-damage|p2a: Tangrowth|49\/100|[from] Sandstorm\n|upkeep\n|turn|23\n|\n|t:|1667945573\n|move|p1a: Urshifu|Close Combat|p2a: Tangrowth\n|-damage|p2a: Tangrowth|18\/100\n|-unboost|p1a: Urshifu|def|1\n|-unboost|p1a: Urshifu|spd|1\n|move|p2a: Tangrowth|Giga Drain|p1a: Urshifu\n|-supereffective|p1a: Urshifu\n|-damage|p1a: Urshifu|0 fnt\n|-heal|p2a: Tangrowth|58\/100|[from] drain|[of] p1a: Urshifu\n|faint|p1a: Urshifu\n|\n|-weather|Sandstorm|[upkeep]\n|-damage|p2a: Tangrowth|51\/100|[from] Sandstorm\n|upkeep\n|\n|t:|1667945578\n|switch|p1a: Zapdos|Zapdos|69\/100 tox\n|turn|24\n|\n|t:|1667945580\n|switch|p2a: Heatran|Heatran, M|100\/100\n|-damage|p2a: Heatran|88\/100|[from] Stealth Rock\n|-item|p2a: Heatran|Air Balloon\n|move|p1a: Zapdos|Hurricane|p2a: Heatran\n|-resisted|p2a: Heatran\n|-damage|p2a: Heatran|65\/100\n|-enditem|p2a: Heatran|Air Balloon\n|\n|-weather|none\n|-damage|p1a: Zapdos|63\/100 tox|[from] psn\n|upkeep\n|turn|25\n|\n|t:|1667945587\n|switch|p2a: Weavile|Weavile, M|100\/100\n|-damage|p2a: Weavile|76\/100|[from] Stealth Rock\n|-ability|p2a: Weavile|Pressure\n|move|p1a: Zapdos|Discharge|p2a: Weavile\n|-damage|p2a: Weavile|33\/100\n|-status|p2a: Weavile|par\n|\n|-damage|p1a: Zapdos|51\/100 tox|[from] psn\n|upkeep\n|turn|26\n|\n|t:|1667945591\n|move|p2a: Weavile|Ice Shard|p1a: Zapdos\n|-supereffective|p1a: Zapdos\n|-damage|p1a: Zapdos|4\/100 tox\n|move|p1a: Zapdos|Volt Switch|p2a: Weavile\n|-damage|p2a: Weavile|0 fnt\n|faint|p2a: Weavile\n|\n|t:|1667945594\n|switch|p1a: Excadrill|Excadrill, M|100\/100|[from]move: Volt Switch\n|\n|upkeep\n|\n|t:|1667945594\n|switch|p2a: Tangrowth|Tangrowth, F|85\/100\n|-damage|p2a: Tangrowth|72\/100|[from] Stealth Rock\n|turn|27\n|\n|t:|1667945599\n|move|p1a: Excadrill|Swords Dance|p1a: Excadrill\n|-boost|p1a: Excadrill|atk|2\n|move|p2a: Tangrowth|Focus Blast|p1a: Excadrill|[miss]\n|-miss|p2a: Tangrowth|p1a: Excadrill\n|\n|upkeep\n|turn|28\n|\n|t:|1667945603\n|move|p1a: Excadrill|Iron Head|p2a: Tangrowth\n|-damage|p2a: Tangrowth|30\/100\n|move|p2a: Tangrowth|Sleep Powder|p1a: Excadrill|[miss]\n|-miss|p2a: Tangrowth|p1a: Excadrill\n|\n|upkeep\n|turn|29\n|\n|t:|1667945606\n|switch|p2a: Melmetal|Melmetal|37\/100\n|-damage|p2a: Melmetal|31\/100|[from] Stealth Rock\n|move|p1a: Excadrill|Iron Head|p2a: Melmetal\n|-resisted|p2a: Melmetal\n|-damage|p2a: Melmetal|8\/100\n|\n|upkeep\n|turn|30\n|\n|t:|1667945608\n|move|p1a: Excadrill|Rapid Spin|p2a: Melmetal\n|-resisted|p2a: Melmetal\n|-damage|p2a: Melmetal|0 fnt\n|-boost|p1a: Excadrill|spe|1\n|faint|p2a: Melmetal\n|\n|upkeep\n|\n|t:|1667945608\n|switch|p2a: Tangrowth|Tangrowth, F|63\/100\n|-damage|p2a: Tangrowth|50\/100|[from] Stealth Rock\n|turn|31\n|\n|t:|1667945611\n|move|p1a: Excadrill|Iron Head|p2a: Tangrowth\n|-damage|p2a: Tangrowth|8\/100\n|cant|p2a: Tangrowth|flinch\n|\n|upkeep\n|turn|32\n|\n|t:|1667945613\n|switch|p2a: rotomwash|Rotom-Wash|42\/100\n|-damage|p2a: rotomwash|29\/100|[from] Stealth Rock\n|move|p1a: Excadrill|Rapid Spin|p2a: rotomwash\n|-damage|p2a: rotomwash|0 fnt\n|-boost|p1a: Excadrill|spe|1\n|faint|p2a: rotomwash\n|\n|upkeep\n|\n|t:|1667945613\n|switch|p2a: Tangrowth|Tangrowth, F|41\/100\n|-damage|p2a: Tangrowth|29\/100|[from] Stealth Rock\n|turn|33\n|\n|t:|1667945615\n|move|p1a: Excadrill|Iron Head|p2a: Tangrowth\n|-damage|p2a: Tangrowth|0 fnt\n|faint|p2a: Tangrowth\n|\n|upkeep\n|\n|t:|1667945615\n|switch|p2a: Heatran|Heatran, M|65\/100\n|-damage|p2a: Heatran|53\/100|[from] Stealth Rock\n|turn|34\n|\n|t:|1667945618\n|move|p1a: Excadrill|Earthquake|p2a: Heatran\n|-supereffective|p2a: Heatran\n|-damage|p2a: Heatran|0 fnt\n|faint|p2a: Heatran\n|\n|win|dracaufeu shiny\n|raw|dracaufeu shiny's rating: 1735 &rarr; <strong>1752<\/strong><br \/>(+17 for winning)\n|raw|minimax_ai's rating: 1685 &rarr; <strong>1668<\/strong><br \/>(-17 for losing)\n|c|\u2606minimax_ai|gg\n|l|\u2606minimax_ai\n||Ladder isn't responding, score probably updated but might not have (Request timeout).\n","uploadtime":1667945619,"views":3,"p1id":"dracaufeushiny","p2id":"minimaxai","formatid":"gen8ou","rating":1668,"private":0,"password":null}