{"id":"gen8ou-1666295079","p1":"RggV_YT","p2":"Only_Pseudos","format":"gen8ou","log":"|j|\u2606RggV_YT\n|j|\u2606Only_Pseudos\n|t:|1663386849\n|gametype|singles\n|player|p1|RggV_YT|scientist-gen4|1738\n|player|p2|Only_Pseudos|red-gen2|1737\n|teamsize|p1|6\n|teamsize|p2|6\n|gen|8\n|tier|[Gen 8] OU\n|rated|\n|rule|Sleep Clause Mod: Limit one foe put to sleep\n|rule|Species Clause: Limit one of each Pok\u00e9mon\n|rule|OHKO Clause: OHKO moves are banned\n|rule|Evasion Items Clause: Evasion items are banned\n|rule|Evasion Moves Clause: Evasion moves are banned\n|rule|Endless Battle Clause: Forcing endless battles is banned\n|rule|HP Percentage Mod: HP is shown in percentages\n|rule|Dynamax Clause: You cannot dynamax\n|clearpoke\n|poke|p1|Politoed, M|\n|poke|p1|Heliolisk, M|\n|poke|p1|Kingdra, M|\n|poke|p1|Mudsdale, M|\n|poke|p1|Scizor, M|\n|poke|p1|Victini|\n|poke|p2|Dragonite, M|\n|poke|p2|Tyranitar, M|\n|poke|p2|Metagross|\n|poke|p2|Garchomp, M|\n|poke|p2|Hydreigon, M|\n|poke|p2|Kommo-o, M|\n|teampreview\n|inactive|Battle timer is ON: inactive players will automatically lose when time's up. (requested by RggV_YT)\n|c|\u2606Only_Pseudos|hf\n|inactive|RggV_YT has 120 seconds left.\n|c|\u2606RggV_YT|Hf\n|\n|t:|1663386905\n|start\n|switch|p1a: Victini|Victini|100\/100\n|switch|p2a: Blaze been crazy|Kommo-o, M|100\/100\n|turn|1\n|\n|t:|1663386908\n|move|p1a: Victini|Trick|p2a: Blaze been crazy\n|-activate|p1a: Victini|move: Trick|[of] p2a: Blaze been crazy\n|-item|p2a: Blaze been crazy|Choice Band|[from] move: Trick\n|-item|p1a: Victini|Choice Specs|[from] move: Trick\n|move|p2a: Blaze been crazy|Clanging Scales|p1a: Victini\n|-damage|p1a: Victini|52\/100\n|-unboost|p2a: Blaze been crazy|def|1\n|\n|upkeep\n|turn|2\n|\n|t:|1663386916\n|move|p1a: Victini|U-turn|p2a: Blaze been crazy\n|-resisted|p2a: Blaze been crazy\n|-crit|p2a: Blaze been crazy\n|-damage|p2a: Blaze been crazy|79\/100\n|\n|t:|1663386918\n|switch|p1a: Scizor|Scizor, M|100\/100|[from]move: U-turn\n|move|p2a: Blaze been crazy|Clanging Scales|p1a: Scizor\n|-resisted|p1a: Scizor\n|-damage|p1a: Scizor|70\/100\n|-unboost|p2a: Blaze been crazy|def|1\n|\n|-heal|p1a: Scizor|76\/100|[from] item: Leftovers\n|upkeep\n|turn|3\n|\n|t:|1663386923\n|switch|p2a: Quakes when I move|Garchomp, M|100\/100\n|move|p1a: Scizor|Knock Off|p2a: Quakes when I move\n|-damage|p2a: Quakes when I move|60\/100\n|-damage|p1a: Scizor|64\/100|[from] ability: Rough Skin|[of] p2a: Quakes when I move\n|-enditem|p2a: Quakes when I move|Life Orb|[from] move: Knock Off|[of] p1a: Scizor\n|\n|-heal|p1a: Scizor|70\/100|[from] item: Leftovers\n|upkeep\n|turn|4\n|\n|t:|1663386929\n|switch|p1a: Politoed|Politoed, M|100\/100\n|-weather|RainDance|[from] ability: Drizzle|[of] p1a: Politoed\n|move|p2a: Quakes when I move|Stealth Rock|p1a: Politoed\n|-sidestart|p1: RggV_YT|move: Stealth Rock\n|\n|-weather|RainDance|[upkeep]\n|upkeep\n|turn|5\n|\n|t:|1663386937\n|switch|p2a: See the 9 flash|Tyranitar, M|100\/100\n|-weather|Sandstorm|[from] ability: Sand Stream|[of] p2a: See the 9 flash\n|move|p1a: Politoed|Scald|p2a: See the 9 flash\n|-supereffective|p2a: See the 9 flash\n|-damage|p2a: See the 9 flash|66\/100\n|\n|-weather|Sandstorm|[upkeep]\n|-damage|p1a: Politoed|94\/100|[from] Sandstorm\n|upkeep\n|turn|6\n|j| guozi\n|\n|t:|1663386946\n|move|p2a: See the 9 flash|Crunch|p1a: Politoed\n|-damage|p1a: Politoed|44\/100\n|move|p1a: Politoed|Counter|p2a: See the 9 flash\n|-damage|p2a: See the 9 flash|0 fnt\n|faint|p2a: See the 9 flash\n|\n|-weather|Sandstorm|[upkeep]\n|-damage|p1a: Politoed|38\/100|[from] Sandstorm\n|upkeep\n|\n|t:|1663386956\n|switch|p2a: Blaze been crazy|Kommo-o, M|79\/100\n|turn|7\n|\n|t:|1663386965\n|switch|p1a: Victini|Victini|52\/100\n|-damage|p1a: Victini|27\/100|[from] Stealth Rock\n|move|p2a: Blaze been crazy|Clanging Scales|p1a: Victini\n|-damage|p1a: Victini|0 fnt\n|faint|p1a: Victini\n|-unboost|p2a: Blaze been crazy|def|1\n|\n|-weather|Sandstorm|[upkeep]\n|-damage|p2a: Blaze been crazy|72\/100|[from] Sandstorm\n|upkeep\n|\n|t:|1663386971\n|switch|p1a: Scizor|Scizor, M|70\/100\n|-damage|p1a: Scizor|58\/100|[from] Stealth Rock\n|turn|8\n|\n|t:|1663386973\n|switch|p2a: Quakes when I move|Garchomp, M|60\/100\n|move|p1a: Scizor|Defog|p2a: Quakes when I move\n|-unboost|p2a: Quakes when I move|evasion|1\n|-sideend|p1: RggV_YT|Stealth Rock|[from] move: Defog|[of] p1a: Scizor\n|\n|-weather|Sandstorm|[upkeep]\n|-heal|p1a: Scizor|64\/100|[from] item: Leftovers\n|upkeep\n|turn|9\n|j| pvp blue ob\n|\n|t:|1663386977\n|move|p1a: Scizor|Bullet Punch|p2a: Quakes when I move\n|-crit|p2a: Quakes when I move\n|-damage|p2a: Quakes when I move|7\/100\n|-damage|p1a: Scizor|51\/100|[from] ability: Rough Skin|[of] p2a: Quakes when I move\n|move|p2a: Quakes when I move|Stealth Rock|p1a: Scizor\n|-sidestart|p1: RggV_YT|move: Stealth Rock\n|\n|-weather|none\n|-heal|p1a: Scizor|57\/100|[from] item: Leftovers\n|upkeep\n|turn|10\n|\n|t:|1663386982\n|move|p1a: Scizor|Bullet Punch|p2a: Quakes when I move\n|-damage|p2a: Quakes when I move|0 fnt\n|-damage|p1a: Scizor|45\/100|[from] ability: Rough Skin|[of] p2a: Quakes when I move\n|faint|p2a: Quakes when I move\n|\n|-heal|p1a: Scizor|51\/100|[from] item: Leftovers\n|upkeep\n|\n|t:|1663386984\n|switch|p2a: Getting Ahead|Hydreigon, M|100\/100\n|turn|11\n|\n|t:|1663386995\n|switch|p1a: Mudsdale|Mudsdale, M, shiny|100\/100\n|-damage|p1a: Mudsdale|94\/100|[from] Stealth Rock\n|move|p2a: Getting Ahead|Fire Blast|p1a: Mudsdale\n|-damage|p1a: Mudsdale|57\/100\n|-ability|p1a: Mudsdale|Stamina|boost\n|-boost|p1a: Mudsdale|def|1\n|\n|-heal|p1a: Mudsdale|64\/100|[from] item: Leftovers\n|upkeep\n|turn|12\n|\n|t:|1663386999\n|switch|p2a: Blaze been crazy|Kommo-o, M|72\/100\n|move|p1a: Mudsdale|Body Press|p2a: Blaze been crazy\n|-damage|p2a: Blaze been crazy|38\/100\n|\n|-heal|p1a: Mudsdale|70\/100|[from] item: Leftovers\n|upkeep\n|turn|13\n|\n|t:|1663387003\n|move|p2a: Blaze been crazy|Focus Blast|p1a: Mudsdale\n|-damage|p1a: Mudsdale|19\/100\n|-ability|p1a: Mudsdale|Stamina|boost\n|-boost|p1a: Mudsdale|def|1\n|move|p1a: Mudsdale|Body Press|p2a: Blaze been crazy\n|-damage|p2a: Blaze been crazy|0 fnt\n|faint|p2a: Blaze been crazy\n|\n|-heal|p1a: Mudsdale|25\/100|[from] item: Leftovers\n|upkeep\n|\n|t:|1663387008\n|switch|p2a: Getting Ahead|Hydreigon, M|100\/100\n|turn|14\n|\n|t:|1663387012\n|move|p2a: Getting Ahead|Dark Pulse|p1a: Mudsdale\n|-damage|p1a: Mudsdale|0 fnt\n|faint|p1a: Mudsdale\n|\n|upkeep\n|\n|t:|1663387019\n|switch|p1a: Politoed|Politoed, M|38\/100\n|-damage|p1a: Politoed|25\/100|[from] Stealth Rock\n|-weather|RainDance|[from] ability: Drizzle|[of] p1a: Politoed\n|turn|15\n|\n|t:|1663387021\n|switch|p1a: Scizor|Scizor, M|51\/100\n|-damage|p1a: Scizor|38\/100|[from] Stealth Rock\n|move|p2a: Getting Ahead|Dark Pulse|p1a: Scizor\n|-damage|p1a: Scizor|0 fnt\n|faint|p1a: Scizor\n|\n|-weather|RainDance|[upkeep]\n|upkeep\n|\n|t:|1663387023\n|switch|p1a: Kingdra|Kingdra, M|100\/100\n|-damage|p1a: Kingdra|88\/100|[from] Stealth Rock\n|turn|16\n|\n|t:|1663387027\n|move|p1a: Kingdra|Surf|p2a: Getting Ahead\n|-resisted|p2a: Getting Ahead\n|-damage|p2a: Getting Ahead|47\/100\n|move|p2a: Getting Ahead|Dark Pulse|p1a: Kingdra\n|-damage|p1a: Kingdra|37\/100\n|\n|-weather|RainDance|[upkeep]\n|upkeep\n|turn|17\n|\n|t:|1663387030\n|move|p1a: Kingdra|Surf|p2a: Getting Ahead\n|-resisted|p2a: Getting Ahead\n|-damage|p2a: Getting Ahead|0 fnt\n|faint|p2a: Getting Ahead\n|\n|-weather|RainDance|[upkeep]\n|upkeep\n|\n|t:|1663387034\n|switch|p2a: Save ya if I wanna|Dragonite, M|100\/100\n|turn|18\n|\n|t:|1663387037\n|switch|p1a: Politoed|Politoed, M|25\/100\n|-damage|p1a: Politoed|13\/100|[from] Stealth Rock\n|move|p2a: Save ya if I wanna|Dragon Dance|p2a: Save ya if I wanna\n|-boost|p2a: Save ya if I wanna|atk|1\n|-boost|p2a: Save ya if I wanna|spe|1\n|\n|-weather|RainDance|[upkeep]\n|upkeep\n|turn|19\n|\n|t:|1663387041\n|move|p2a: Save ya if I wanna|Extreme Speed|p1a: Politoed\n|-damage|p1a: Politoed|0 fnt\n|faint|p1a: Politoed\n|\n|-weather|RainDance|[upkeep]\n|upkeep\n|\n|t:|1663387044\n|switch|p1a: Heliolisk|Heliolisk, M|100\/100\n|-damage|p1a: Heliolisk|88\/100|[from] Stealth Rock\n|turn|20\n|c|\u2606RggV_YT|Gg\n|c|\u2606Only_Pseudos|gg\n|-message|RggV_YT forfeited.\n|\n|win|Only_Pseudos\n|raw|RggV_YT's rating: 1738 &rarr; <strong>1718<\/strong><br \/>(-20 for losing)\n|raw|Only_Pseudos's rating: 1737 &rarr; <strong>1757<\/strong><br \/>(+20 for winning)\n|l|\u2606RggV_YT\n|j| Hi I'm Lati\n|l| Hi I'm Lati\n||Ladder isn't responding, score probably updated but might not have (Request timeout).\n","uploadtime":1663387055,"views":45,"p1id":"rggvyt","p2id":"onlypseudos","formatid":"gen8ou","rating":1718,"private":0,"password":null}