{"id":"gen8ou-1686211049","p1":"Steez Ibanez","p2":"Daevank5","format":"gen8ou","log":"|html|<div class=\"broadcast-blue\"><strong>[Gen 8] OU is currently suspecting Melmetal! For information on how to participate check out the <a href=\"https:\/\/www.smogon.com\/forums\/threads\/np-ss-ou-suspect-process-round-12-monster-mash.3709234\/\">suspect thread<\/a>.<\/strong><\/div>\n|j|\u2606Steez Ibanez\n|j|\u2606Daevank5\n|t:|1665815914\n|gametype|singles\n|player|p1|Steez Ibanez|acetrainer-gen7|1741\n|player|p2|Daevank5|workerice|1805\n|teamsize|p1|6\n|teamsize|p2|6\n|gen|8\n|tier|[Gen 8] OU\n|rated|\n|rule|Sleep Clause Mod: Limit one foe put to sleep\n|rule|Species Clause: Limit one of each Pok\u00e9mon\n|rule|OHKO Clause: OHKO moves are banned\n|rule|Evasion Items Clause: Evasion items are banned\n|rule|Evasion Moves Clause: Evasion moves are banned\n|rule|Endless Battle Clause: Forcing endless battles is banned\n|rule|HP Percentage Mod: HP is shown in percentages\n|rule|Dynamax Clause: You cannot dynamax\n|clearpoke\n|poke|p1|Marowak-Alola, M|\n|poke|p1|Porygon2|\n|poke|p1|Melmetal|\n|poke|p1|Hatterene, F|\n|poke|p1|Ferrothorn, M|\n|poke|p1|Cresselia, F|\n|poke|p2|Bisharp, M|\n|poke|p2|Slowking, F|\n|poke|p2|Zapdos|\n|poke|p2|Diggersby, F|\n|poke|p2|Gengar, M|\n|poke|p2|Buzzwole|\n|teampreview\n|\n|t:|1665815921\n|start\n|switch|p1a: Toph|Melmetal|100\/100\n|switch|p2a: Diggersby|Diggersby, F|100\/100\n|turn|1\n|inactive|Battle timer is ON: inactive players will automatically lose when time's up. (requested by Daevank5)\n|\n|t:|1665815940\n|switch|p1a: Cresselia|Cresselia, F|100\/100\n|move|p2a: Diggersby|Earthquake|p1a: Cresselia\n|-immune|p1a: Cresselia|[from] ability: Levitate\n|\n|upkeep\n|turn|2\n|\n|t:|1665815948\n|switch|p2a: Bisharp|Bisharp, M|100\/100\n|switch|p1a: Abomination|Ferrothorn, M|100\/100\n|\n|upkeep\n|turn|3\n|\n|t:|1665815953\n|switch|p2a: Buzzwole|Buzzwole|100\/100\n|move|p1a: Abomination|Stealth Rock|p2a: Buzzwole\n|-sidestart|p2: Daevank5|move: Stealth Rock\n|\n|upkeep\n|turn|4\n|\n|t:|1665815963\n|switch|p2a: Diggersby|Diggersby, F|100\/100\n|-damage|p2a: Diggersby|94\/100|[from] Stealth Rock\n|move|p1a: Abomination|Leech Seed|p2a: Diggersby\n|-start|p2a: Diggersby|move: Leech Seed\n|\n|-damage|p2a: Diggersby|82\/100|[from] Leech Seed|[of] p1a: Abomination\n|upkeep\n|turn|5\n|\n|t:|1665815966\n|switch|p1a: Cresselia|Cresselia, F|100\/100\n|move|p2a: Diggersby|U-turn|p1a: Cresselia\n|-supereffective|p1a: Cresselia\n|-damage|p1a: Cresselia|45\/100\n|\n|t:|1665815971\n|switch|p2a: Bisharp|Bisharp, M|100\/100|[from]move: U-turn\n|-damage|p2a: Bisharp|95\/100|[from] Stealth Rock\n|\n|upkeep\n|turn|6\n|\n|t:|1665815973\n|switch|p1a: Abomination|Ferrothorn, M|100\/100\n|move|p2a: Bisharp|Knock Off|p1a: Abomination\n|-damage|p1a: Abomination|62\/100\n|-damage|p2a: Bisharp|82\/100|[from] ability: Iron Barbs|[of] p1a: Abomination\n|-damage|p2a: Bisharp|66\/100|[from] item: Rocky Helmet|[of] p1a: Abomination\n|-enditem|p1a: Abomination|Rocky Helmet|[from] move: Knock Off|[of] p2a: Bisharp\n|\n|upkeep\n|turn|7\n|\n|t:|1665815979\n|switch|p2a: Buzzwole|Buzzwole|100\/100\n|move|p1a: Abomination|Leech Seed|p2a: Buzzwole\n|-start|p2a: Buzzwole|move: Leech Seed\n|\n|-damage|p2a: Buzzwole|88\/100|[from] Leech Seed|[of] p1a: Abomination\n|-heal|p1a: Abomination|76\/100|[silent]\n|upkeep\n|turn|8\n|\n|t:|1665815989\n|switch|p1a: Cresselia|Cresselia, F|45\/100\n|move|p2a: Buzzwole|Close Combat|p1a: Cresselia\n|-resisted|p1a: Cresselia\n|-damage|p1a: Cresselia|26\/100\n|-unboost|p2a: Buzzwole|def|1\n|-unboost|p2a: Buzzwole|spd|1\n|\n|-damage|p2a: Buzzwole|76\/100|[from] Leech Seed|[of] p1a: Cresselia\n|-heal|p1a: Cresselia|37\/100|[silent]\n|upkeep\n|turn|9\n|\n|t:|1665816000\n|move|p2a: Buzzwole|Leech Life|p1a: Cresselia\n|-supereffective|p1a: Cresselia\n|-damage|p1a: Cresselia|0 fnt\n|-heal|p2a: Buzzwole|96\/100|[from] drain|[of] p1a: Cresselia\n|faint|p1a: Cresselia\n|-ability|p2a: Buzzwole|Beast Boost|boost\n|-boost|p2a: Buzzwole|atk|1\n|\n|upkeep\n|\n|t:|1665816004\n|switch|p1a: Lady Death|Hatterene, F|100\/100\n|turn|10\n|\n|t:|1665816011\n|move|p2a: Buzzwole|Leech Life|p1a: Lady Death\n|-damage|p1a: Lady Death|20\/100\n|-heal|p2a: Buzzwole|100\/100|[from] drain|[of] p1a: Lady Death\n|move|p1a: Lady Death|Trick Room|p1a: Lady Death\n|-fieldstart|move: Trick Room|[of] p1a: Lady Death\n|\n|-damage|p2a: Buzzwole|88\/100|[from] Leech Seed|[of] p1a: Lady Death\n|-heal|p1a: Lady Death|36\/100|[silent]\n|upkeep\n|turn|11\n|\n|t:|1665816017\n|switch|p2a: Slowking|Slowking, F|100\/100\n|move|p1a: Lady Death|Psychic|p2a: Slowking\n|-resisted|p2a: Slowking\n|-damage|p2a: Slowking|85\/100\n|\n|upkeep\n|turn|12\n|\n|t:|1665816022\n|move|p2a: Slowking|Scald|p1a: Lady Death\n|-damage|p1a: Lady Death|6\/100\n|move|p1a: Lady Death|Healing Wish|p1a: Lady Death\n|faint|p1a: Lady Death\n|\n|upkeep\n|\n|t:|1665816024\n|switch|p1a: Sozen|Marowak-Alola, M|100\/100\n|turn|13\n|\n|t:|1665816030\n|move|p2a: Slowking|Scald|p1a: Sozen\n|-supereffective|p1a: Sozen\n|-damage|p1a: Sozen|27\/100\n|move|p1a: Sozen|Poltergeist|p2a: Slowking\n|-activate|p2a: Slowking|move: Poltergeist|Heavy-Duty Boots\n|-supereffective|p2a: Slowking\n|-damage|p2a: Slowking|0 fnt\n|faint|p2a: Slowking\n|\n|upkeep\n|\n|t:|1665816036\n|switch|p2a: Bisharp|Bisharp, M|66\/100\n|-damage|p2a: Bisharp|60\/100|[from] Stealth Rock\n|turn|14\n|\n|t:|1665816045\n|switch|p1a: Abomination|Ferrothorn, M|76\/100\n|-heal|p1a: Abomination|100\/100|[from] move: Healing Wish\n|move|p2a: Bisharp|Sucker Punch||[still]\n|-fail|p2a: Bisharp\n|\n|-fieldend|move: Trick Room\n|upkeep\n|turn|15\n|\n|t:|1665816050\n|switch|p2a: Buzzwole|Buzzwole|88\/100\n|move|p1a: Abomination|Leech Seed|p2a: Buzzwole\n|-start|p2a: Buzzwole|move: Leech Seed\n|\n|-damage|p2a: Buzzwole|76\/100|[from] Leech Seed|[of] p1a: Abomination\n|upkeep\n|turn|16\n|\n|t:|1665816063\n|switch|p1a: Sozen|Marowak-Alola, M|27\/100\n|move|p2a: Buzzwole|Leech Life|p1a: Sozen\n|-resisted|p1a: Sozen\n|-damage|p1a: Sozen|17\/100\n|-heal|p2a: Buzzwole|80\/100|[from] drain|[of] p1a: Sozen\n|\n|-damage|p2a: Buzzwole|67\/100|[from] Leech Seed|[of] p1a: Sozen\n|-heal|p1a: Sozen|32\/100|[silent]\n|upkeep\n|turn|17\n|\n|t:|1665816069\n|switch|p2a: Zapdos|Zapdos|100\/100\n|switch|p1a: Abomination|Ferrothorn, M|100\/100\n|\n|upkeep\n|turn|18\n|\n|t:|1665816075\n|move|p2a: Zapdos|Hurricane|p1a: Abomination\n|-damage|p1a: Abomination|60\/100\n|-start|p1a: Abomination|confusion\n|-activate|p1a: Abomination|confusion\n|move|p1a: Abomination|Leech Seed|p2a: Zapdos\n|-start|p2a: Zapdos|move: Leech Seed\n|\n|-damage|p2a: Zapdos|88\/100|[from] Leech Seed|[of] p1a: Abomination\n|-heal|p1a: Abomination|73\/100|[silent]\n|upkeep\n|turn|19\n|\n|t:|1665816080\n|switch|p1a: Windows XP|Porygon2|100\/100\n|-ability|p1a: Windows XP|Static|[from] ability: Trace|[of] p2a: Zapdos\n|move|p2a: Zapdos|Defog|p1a: Windows XP\n|-unboost|p1a: Windows XP|evasion|1\n|-sideend|p2: Daevank5|Stealth Rock|[from] move: Defog|[of] p2a: Zapdos\n|\n|-damage|p2a: Zapdos|76\/100|[from] Leech Seed|[of] p1a: Windows XP\n|upkeep\n|turn|20\n|\n|t:|1665816086\n|switch|p2a: Bisharp|Bisharp, M|60\/100\n|switch|p1a: Sozen|Marowak-Alola, M|32\/100\n|\n|upkeep\n|turn|21\n|j| Meritone\n|\n|t:|1665816093\n|switch|p1a: Abomination|Ferrothorn, M|73\/100\n|move|p2a: Bisharp|Knock Off|p1a: Abomination\n|-damage|p1a: Abomination|50\/100\n|-damage|p2a: Bisharp|48\/100|[from] ability: Iron Barbs|[of] p1a: Abomination\n|\n|upkeep\n|turn|22\n|\n|t:|1665816103\n|move|p2a: Bisharp|Swords Dance|p2a: Bisharp\n|-boost|p2a: Bisharp|atk|2\n|move|p1a: Abomination|Leech Seed|p2a: Bisharp\n|-start|p2a: Bisharp|move: Leech Seed\n|\n|-damage|p2a: Bisharp|36\/100|[from] Leech Seed|[of] p1a: Abomination\n|-heal|p1a: Abomination|59\/100|[silent]\n|upkeep\n|turn|23\n|\n|t:|1665816108\n|move|p2a: Bisharp|Knock Off|p1a: Abomination\n|-damage|p1a: Abomination|6\/100\n|-damage|p2a: Bisharp|23\/100|[from] ability: Iron Barbs|[of] p1a: Abomination\n|move|p1a: Abomination|Stealth Rock|p2a: Bisharp\n|-sidestart|p2: Daevank5|move: Stealth Rock\n|\n|-damage|p2a: Bisharp|11\/100|[from] Leech Seed|[of] p1a: Abomination\n|-heal|p1a: Abomination|16\/100|[silent]\n|upkeep\n|turn|24\n|\n|t:|1665816112\n|move|p2a: Bisharp|Knock Off|p1a: Abomination\n|-damage|p1a: Abomination|0 fnt\n|-damage|p2a: Bisharp|0 fnt|[from] ability: Iron Barbs|[of] p1a: Abomination\n|faint|p1a: Abomination\n|faint|p2a: Bisharp\n|\n|upkeep\n|\n|t:|1665816116\n|switch|p2a: Diggersby|Diggersby, F|82\/100\n|switch|p1a: Sozen|Marowak-Alola, M|32\/100\n|-damage|p2a: Diggersby|76\/100|[from] Stealth Rock\n|turn|25\n|j| mux stall heh\n|\n|t:|1665816124\n|move|p2a: Diggersby|Earthquake|p1a: Sozen\n|-supereffective|p1a: Sozen\n|-damage|p1a: Sozen|0 fnt\n|faint|p1a: Sozen\n|\n|upkeep\n|\n|t:|1665816125\n|switch|p1a: Windows XP|Porygon2|100\/100\n|-ability|p1a: Windows XP|Huge Power|[from] ability: Trace|[of] p2a: Diggersby\n|turn|26\n|\n|t:|1665816129\n|move|p2a: Diggersby|Earthquake|p1a: Windows XP\n|-damage|p1a: Windows XP|31\/100\n|move|p1a: Windows XP|Trick Room|p1a: Windows XP\n|-fieldstart|move: Trick Room|[of] p1a: Windows XP\n|\n|upkeep\n|turn|27\n|j| estufinn\n|\n|t:|1665816135\n|move|p2a: Diggersby|Earthquake|p1a: Windows XP\n|-damage|p1a: Windows XP|0 fnt\n|faint|p1a: Windows XP\n|\n|upkeep\n|\n|t:|1665816137\n|switch|p1a: Toph|Melmetal|100\/100\n|turn|28\n|\n|t:|1665816139\n|switch|p2a: Gengar|Gengar, M|100\/100\n|-damage|p2a: Gengar|88\/100|[from] Stealth Rock\n|move|p1a: Toph|Double Iron Bash|p2a: Gengar\n|-damage|p2a: Gengar|0 fnt\n|-start|p1a: Toph|Disable|Double Iron Bash|[from] ability: Cursed Body|[of] p2a: Gengar\n|faint|p2a: Gengar\n|-hitcount|p2: Gengar|1\n|-damage|p1a: Toph|91\/100|[from] item: Life Orb\n|\n|upkeep\n|j| Lord Sodium\n|\n|t:|1665816144\n|switch|p2a: Buzzwole|Buzzwole|67\/100\n|turn|29\n|\n|t:|1665816153\n|move|p1a: Toph|Ice Punch|p2a: Buzzwole\n|-damage|p2a: Buzzwole|38\/100\n|-damage|p1a: Toph|81\/100|[from] item: Life Orb\n|move|p2a: Buzzwole|Close Combat|p1a: Toph\n|-supereffective|p1a: Toph\n|-damage|p1a: Toph|11\/100\n|-unboost|p2a: Buzzwole|def|1\n|-unboost|p2a: Buzzwole|spd|1\n|\n|upkeep\n|turn|30\n|\n|t:|1665816157\n|move|p1a: Toph|Ice Punch|p2a: Buzzwole\n|-damage|p2a: Buzzwole|0 fnt\n|faint|p2a: Buzzwole\n|-damage|p1a: Toph|1\/100|[from] item: Life Orb\n|\n|-fieldend|move: Trick Room\n|upkeep\n|l| estufinn\n|c|\u2606Daevank5|Gg\n|\n|t:|1665816162\n|switch|p2a: Diggersby|Diggersby, F|76\/100\n|-damage|p2a: Diggersby|70\/100|[from] Stealth Rock\n|turn|31\n|-message|Steez Ibanez forfeited.\n|\n|win|Daevank5\n|raw|Steez Ibanez's rating: 1756 &rarr; <strong>1739<\/strong><br \/>(-17 for losing)\n|raw|Daevank5's rating: 1805 &rarr; <strong>1822<\/strong><br \/>(+17 for winning)\n|l|\u2606Steez Ibanez\n|l| Lord Sodium\n|l| mux stall heh\n","uploadtime":1665816168,"views":23,"p1id":"steezibanez","p2id":"daevank5","formatid":"gen8ou","rating":1739,"private":0,"password":null}