{"id":"gen8ou-1142104287","p1":"the host xo","p2":"SpookyHard","format":"gen8ou","log":"|j|\u2606the host xo\n|j|\u2606SpookyHard\n|player|p1|the host xo|hiker-gen4|1911\n|player|p2|SpookyHard|265|1843\n|teamsize|p1|6\n|teamsize|p2|6\n|gametype|singles\n|gen|8\n|tier|[Gen 8] OU\n|rated|\n|clearpoke\n|poke|p1|Scolipede, F|\n|poke|p1|Azumarill, F|\n|poke|p1|Shuckle, M|\n|poke|p1|Magearna|\n|poke|p1|Hydreigon, F|\n|poke|p1|Dragapult, F|\n|poke|p2|Rillaboom, M|\n|poke|p2|Hawlucha, M|\n|poke|p2|Volcarona, F|\n|poke|p2|Terrakion|\n|poke|p2|Azumarill, F|\n|poke|p2|Magearna|\n|rule|Sleep Clause Mod: Limit one foe put to sleep\n|rule|Species Clause: Limit one of each Pok\u00e9mon\n|rule|OHKO Clause: OHKO moves are banned\n|rule|Evasion Moves Clause: Evasion moves are banned\n|rule|Endless Battle Clause: Forcing endless battles is banned\n|rule|HP Percentage Mod: HP is shown in percentages\n|rule|Dynamax Clause: You cannot dynamax\n|teampreview\n|inactive|Battle timer is ON: inactive players will automatically lose when time's up. (requested by SpookyHard)\n|j| DragonHunter994\n|\n|start\n|switch|p1a: Shuckle|Shuckle, M|100\/100\n|switch|p2a: Terrakion|Terrakion|100\/100\n|turn|1\n|\n|move|p2a: Terrakion|Stone Edge|p1a: Shuckle\n|-supereffective|p1a: Shuckle\n|-damage|p1a: Shuckle|24\/100\n|move|p1a: Shuckle|Stealth Rock|p2a: Terrakion\n|-sidestart|p2: SpookyHard|move: Stealth Rock\n|\n|upkeep\n|turn|2\n|\n|move|p2a: Terrakion|Stone Edge|p1a: Shuckle\n|-supereffective|p1a: Shuckle\n|-damage|p1a: Shuckle|0 fnt\n|faint|p1a: Shuckle\n|\n|upkeep\n|\n|switch|p1a: Dragapult|Dragapult, F|100\/100\n|turn|3\n|\n|move|p1a: Dragapult|Dragon Dance|p1a: Dragapult\n|-boost|p1a: Dragapult|atk|1\n|-boost|p1a: Dragapult|spe|1\n|move|p2a: Terrakion|Bulldoze|p1a: Dragapult\n|-damage|p1a: Dragapult|70\/100\n|\n|upkeep\n|turn|4\n|\n|move|p1a: Dragapult|Steel Wing|p2a: Terrakion\n|-supereffective|p2a: Terrakion\n|-enditem|p2a: Terrakion|Focus Sash\n|-damage|p2a: Terrakion|1\/100\n|-damage|p1a: Dragapult|60\/100|[from] item: Life Orb\n|move|p2a: Terrakion|Stone Edge|p1a: Dragapult\n|-damage|p1a: Dragapult|0 fnt\n|faint|p1a: Dragapult\n|\n|upkeep\n|\n|switch|p1a: Magearna|Magearna|100\/100\n|turn|5\n|j| Reda hyper\n|j| testing576\n|\n|move|p2a: Terrakion|Stealth Rock|p1a: Magearna\n|-sidestart|p1: the host xo|move: Stealth Rock\n|move|p1a: Magearna|Shift Gear|p1a: Magearna\n|-boost|p1a: Magearna|spe|2\n|-boost|p1a: Magearna|atk|1\n|\n|upkeep\n|turn|6\n|\n|move|p1a: Magearna|Draining Kiss|p2a: Terrakion\n|-supereffective|p2a: Terrakion\n|-damage|p2a: Terrakion|0 fnt\n|faint|p2a: Terrakion\n|-ability|p1a: Magearna|Soul-Heart|boost\n|-boost|p1a: Magearna|spa|1\n|\n|upkeep\n|j| Charli91\n|\n|switch|p2a: Volcarona|Volcarona, F|100\/100\n|turn|7\n|\n|move|p1a: Magearna|Shift Gear|p1a: Magearna\n|-boost|p1a: Magearna|spe|2\n|-boost|p1a: Magearna|atk|1\n|move|p2a: Volcarona|Fiery Dance|p1a: Magearna\n|-supereffective|p1a: Magearna\n|-enditem|p1a: Magearna|Occa Berry|[eat]\n|-enditem|p1a: Magearna|Occa Berry|[weaken]\n|-damage|p1a: Magearna|59\/100\n|\n|upkeep\n|turn|8\n|\n|move|p1a: Magearna|Stored Power|p2a: Volcarona\n|-damage|p2a: Volcarona|0 fnt\n|faint|p2a: Volcarona\n|-ability|p1a: Magearna|Soul-Heart|boost\n|-boost|p1a: Magearna|spa|1\n|\n|upkeep\n|\n|switch|p2a: Rillaboom|Rillaboom, M|100\/100\n|-damage|p2a: Rillaboom|88\/100|[from] Stealth Rock\n|-fieldstart|move: Grassy Terrain|[from] ability: Grassy Surge|[of] p2a: Rillaboom\n|turn|9\n|j| Croakgunk Vibes\n|\n|switch|p2a: Magearna|Magearna|100\/100\n|-damage|p2a: Magearna|94\/100|[from] Stealth Rock\n|move|p1a: Magearna|Draining Kiss|p2a: Magearna\n|-resisted|p2a: Magearna\n|-damage|p2a: Magearna|71\/100\n|-heal|p1a: Magearna|80\/100|[from] drain|[of] p2a: Magearna\n|\n|-heal|p1a: Magearna|86\/100|[from] Grassy Terrain\n|-heal|p2a: Magearna|77\/100|[from] item: Leftovers\n|-heal|p2a: Magearna|83\/100|[from] Grassy Terrain\n|upkeep\n|turn|10\n|\n|move|p1a: Magearna|Stored Power|p2a: Magearna\n|-resisted|p2a: Magearna\n|-damage|p2a: Magearna|27\/100\n|move|p2a: Magearna|Pain Split|p1a: Magearna\n|-sethp|p1a: Magearna|59\/100|[from] move: Pain Split|[silent]\n|-sethp|p2a: Magearna|50\/100|[from] move: Pain Split\n|\n|-heal|p1a: Magearna|65\/100|[from] Grassy Terrain\n|-heal|p2a: Magearna|56\/100|[from] item: Leftovers\n|-heal|p2a: Magearna|62\/100|[from] Grassy Terrain\n|upkeep\n|turn|11\n|\n|move|p1a: Magearna|Shift Gear|p1a: Magearna\n|-boost|p1a: Magearna|spe|2\n|-boost|p1a: Magearna|atk|1\n|move|p2a: Magearna|Thunderbolt|p1a: Magearna\n|-damage|p1a: Magearna|31\/100\n|\n|-heal|p1a: Magearna|37\/100|[from] Grassy Terrain\n|-heal|p2a: Magearna|68\/100|[from] item: Leftovers\n|-heal|p2a: Magearna|74\/100|[from] Grassy Terrain\n|upkeep\n|turn|12\n|l| Reda hyper\n|\n|move|p1a: Magearna|Stored Power|p2a: Magearna\n|-resisted|p2a: Magearna\n|-damage|p2a: Magearna|2\/100\n|move|p2a: Magearna|Thunderbolt|p1a: Magearna\n|-damage|p1a: Magearna|1\/100\n|\n|-heal|p1a: Magearna|8\/100|[from] Grassy Terrain\n|-heal|p2a: Magearna|8\/100|[from] item: Leftovers\n|-heal|p2a: Magearna|14\/100|[from] Grassy Terrain\n|upkeep\n|turn|13\n|\n|move|p1a: Magearna|Draining Kiss|p2a: Magearna\n|-resisted|p2a: Magearna\n|-damage|p2a: Magearna|0 fnt\n|-heal|p1a: Magearna|19\/100|[from] drain|[of] p2a: Magearna\n|faint|p2a: Magearna\n|-ability|p1a: Magearna|Soul-Heart|boost\n|-boost|p1a: Magearna|spa|1\n|\n|-heal|p1a: Magearna|25\/100|[from] Grassy Terrain\n|-fieldend|move: Grassy Terrain\n|upkeep\n|j| Reda hyper\n|\n|switch|p2a: Azumarill|Azumarill, F|100\/100\n|-damage|p2a: Azumarill|88\/100|[from] Stealth Rock\n|turn|14\n|\n|move|p2a: Azumarill|Aqua Jet|p1a: Magearna\n|-damage|p1a: Magearna|1\/100\n|move|p1a: Magearna|Draining Kiss|p2a: Azumarill\n|-damage|p2a: Azumarill|0 fnt\n|-heal|p1a: Magearna|74\/100|[from] drain|[of] p2a: Azumarill\n|faint|p2a: Azumarill\n|-ability|p1a: Magearna|Soul-Heart|boost\n|-boost|p1a: Magearna|spa|1\n|\n|upkeep\n|-message|SpookyHard forfeited.\n|\n|win|the host xo\n|l|\u2606SpookyHard\n|l| testing576\n|l|\u2606the host xo\n|l| DragonHunter994\n||Ladder (probably) updated, but score could not be retrieved (Request timeout).\n|j| Arnaud senju vgc\n|l| Arnaud senju vgc\n|l| Reda hyper\n","uploadtime":1593459611,"views":22,"p1id":"thehostxo","p2id":"spookyhard","formatid":"gen8ou","rating":0,"private":0,"password":null}