{"id":"gen8ou-1574834623","p1":"LT7P29 Allistair","p2":"SKIP THE DRIP","format":"gen8ou","log":"|j|\u2606LT7P29 Allistair\n|j|\u2606SKIP THE DRIP\n|t:|1652552603\n|gametype|singles\n|player|p1|LT7P29 Allistair|2|1886\n|player|p2|SKIP THE DRIP|acerola|1899\n|teamsize|p1|6\n|teamsize|p2|6\n|gen|8\n|tier|[Gen 8] OU\n|rated|\n|rule|Sleep Clause Mod: Limit one foe put to sleep\n|rule|Species Clause: Limit one of each Pok\u00e9mon\n|rule|OHKO Clause: OHKO moves are banned\n|rule|Evasion Moves Clause: Evasion moves are banned\n|rule|Endless Battle Clause: Forcing endless battles is banned\n|rule|HP Percentage Mod: HP is shown in percentages\n|rule|Dynamax Clause: You cannot dynamax\n|clearpoke\n|poke|p1|Kommo-o, M|\n|poke|p1|Mew|\n|poke|p1|Slurpuff, F|\n|poke|p1|Tapu Fini|\n|poke|p1|Vanilluxe, F|\n|poke|p1|Corviknight, M|\n|poke|p2|Kommo-o, F|\n|poke|p2|Mew|\n|poke|p2|Slurpuff, M|\n|poke|p2|Tapu Fini|\n|poke|p2|Vanilluxe, M|\n|poke|p2|Corviknight, M|\n|teampreview\n|c|\u2606LT7P29 Allistair|xD\n|c|\u2606SKIP THE DRIP|bruh\n|\n|t:|1652552619\n|start\n|switch|p1a: Slurpuff|Slurpuff, F, shiny|100\/100\n|switch|p2a: Mew|Mew|100\/100\n|turn|1\n|c|\u2606SKIP THE DRIP|u wanna tie\n|j| idgasab\n|c|\u2606SKIP THE DRIP|this\n|\n|t:|1652552646\n|switch|p1a: Mew|Mew|100\/100\n|move|p2a: Mew|Taunt|p1a: Mew\n|-start|p1a: Mew|move: Taunt\n|\n|upkeep\n|turn|2\n|j| RuoZ\n|j| Pangominho\n|\n|t:|1652552659\n|switch|p1a: Vanilluxe|Vanilluxe, F|100\/100\n|-weather|Hail|[from] ability: Snow Warning|[of] p1a: Vanilluxe\n|move|p2a: Mew|Cosmic Power|p2a: Mew\n|-boost|p2a: Mew|def|1\n|-boost|p2a: Mew|spd|1\n|\n|-weather|Hail|[upkeep]\n|-damage|p2a: Mew|94\/100|[from] Hail\n|upkeep\n|turn|3\n|c|\u2606LT7P29 Allistair|well tie is only at 100\n|c|\u2606SKIP THE DRIP|this will prolly\n|c|\u2606SKIP THE DRIP|take a while\n|c|\u2606LT7P29 Allistair|i don't care about the points really\n|c|\u2606SKIP THE DRIP|i dont care enough to think\n|c|\u2606LT7P29 Allistair|don't you just straight win with mew ?\n|\n|t:|1652552709\n|move|p2a: Mew|Taunt|p1a: Vanilluxe\n|-start|p1a: Vanilluxe|move: Taunt\n|move|p1a: Vanilluxe|Explosion|p2a: Mew\n|-damage|p2a: Mew|69\/100\n|faint|p1a: Vanilluxe\n|\n|-weather|Hail|[upkeep]\n|-damage|p2a: Mew|62\/100|[from] Hail\n|upkeep\n|\n|t:|1652552712\n|switch|p1a: Slurpuff|Slurpuff, F, shiny|100\/100\n|turn|4\n|c|\u2606SKIP THE DRIP|it's alot of 50\/50s\n|j| CALL THE CREW\n|c|\u2606SKIP THE DRIP|u can always go mew\n|c|\u2606LT7P29 Allistair|missclick xD\n|c|\u2606SKIP THE DRIP|and win the tier\n|c|\u2606SKIP THE DRIP|at any time\n|c|\u2606SKIP THE DRIP|and im forced too taunt\n|\n|t:|1652552736\n|switch|p1a: Corviknight|Corviknight, M|100\/100\n|-ability|p1a: Corviknight|Pressure\n|move|p2a: Mew|Taunt|p1a: Corviknight\n|-start|p1a: Corviknight|move: Taunt\n|\n|-weather|Hail|[upkeep]\n|-damage|p2a: Mew|56\/100|[from] Hail\n|-damage|p1a: Corviknight|94\/100|[from] Hail\n|upkeep\n|turn|5\n|\n|t:|1652552745\n|switch|p1a: Mew|Mew|100\/100\n|move|p2a: Mew|Taunt|p1a: Mew\n|-start|p1a: Mew|move: Taunt\n|\n|-weather|Hail|[upkeep]\n|-damage|p2a: Mew|50\/100|[from] Hail\n|-damage|p1a: Mew|94\/100|[from] Hail\n|upkeep\n|turn|6\n|\n|t:|1652552748\n|switch|p1a: Corviknight|Corviknight, M|94\/100\n|-ability|p1a: Corviknight|Pressure\n|move|p2a: Mew|Soft-Boiled|p2a: Mew\n|-heal|p2a: Mew|99\/100\n|\n|-weather|none\n|upkeep\n|turn|7\n|\n|t:|1652552754\n|switch|p1a: Mew|Mew|94\/100\n|move|p2a: Mew|Taunt|p1a: Mew\n|-start|p1a: Mew|move: Taunt\n|\n|upkeep\n|turn|8\n|\n|t:|1652552760\n|switch|p1a: Corviknight|Corviknight, M|94\/100\n|-ability|p1a: Corviknight|Pressure\n|move|p2a: Mew|Cosmic Power|p2a: Mew\n|-boost|p2a: Mew|def|1\n|-boost|p2a: Mew|spd|1\n|\n|upkeep\n|turn|9\n|\n|t:|1652552763\n|move|p2a: Mew|Taunt|p1a: Corviknight\n|-start|p1a: Corviknight|move: Taunt\n|cant|p1a: Corviknight|move: Taunt|Agility\n|\n|upkeep\n|turn|10\n|\n|t:|1652552768\n|switch|p1a: Mew|Mew|94\/100\n|move|p2a: Mew|Taunt|p1a: Mew\n|-start|p1a: Mew|move: Taunt\n|\n|upkeep\n|turn|11\n|\n|t:|1652552772\n|switch|p1a: Tapu Fini|Tapu Fini|100\/100\n|-fieldstart|move: Misty Terrain|[from] ability: Misty Surge|[of] p1a: Tapu Fini\n|move|p2a: Mew|Cosmic Power|p2a: Mew\n|-boost|p2a: Mew|def|1\n|-boost|p2a: Mew|spd|1\n|\n|upkeep\n|turn|12\n|\n|t:|1652552778\n|switch|p1a: Corviknight|Corviknight, M|94\/100\n|-ability|p1a: Corviknight|Pressure\n|move|p2a: Mew|Taunt|p1a: Corviknight\n|-start|p1a: Corviknight|move: Taunt\n|\n|upkeep\n|turn|13\n|\n|t:|1652552800\n|switch|p1a: Tapu Fini|Tapu Fini|100\/100\n|move|p2a: Mew|Stored Power|p1a: Tapu Fini\n|-damage|p1a: Tapu Fini|60\/100\n|\n|upkeep\n|turn|14\n|\n|t:|1652552805\n|move|p2a: Mew|Taunt|p1a: Tapu Fini\n|-start|p1a: Tapu Fini|move: Taunt\n|move|p1a: Tapu Fini|Draining Kiss|p2a: Mew\n|-damage|p2a: Mew|93\/100\n|-heal|p1a: Tapu Fini|66\/100|[from] drain|[of] p2a: Mew\n|\n|upkeep\n|turn|15\n|\n|t:|1652552808\n|switch|p1a: Corviknight|Corviknight, M|94\/100\n|-ability|p1a: Corviknight|Pressure\n|move|p2a: Mew|Taunt|p1a: Corviknight\n|-start|p1a: Corviknight|move: Taunt\n|\n|-fieldend|Misty Terrain\n|upkeep\n|turn|16\n|\n|t:|1652552812\n|switch|p1a: Mew|Mew|94\/100\n|move|p2a: Mew|Stored Power|p1a: Mew\n|-resisted|p1a: Mew\n|-damage|p1a: Mew|74\/100\n|\n|upkeep\n|turn|17\n|\n|t:|1652552815\n|move|p2a: Mew|Taunt|p1a: Mew\n|-start|p1a: Mew|move: Taunt\n|cant|p1a: Mew|move: Taunt|Taunt\n|\n|upkeep\n|turn|18\n|\n|t:|1652552819\n|switch|p1a: Tapu Fini|Tapu Fini|66\/100\n|-fieldstart|move: Misty Terrain|[from] ability: Misty Surge|[of] p1a: Tapu Fini\n|move|p2a: Mew|Cosmic Power|p2a: Mew\n|-boost|p2a: Mew|def|1\n|-boost|p2a: Mew|spd|1\n|\n|upkeep\n|turn|19\n|\n|t:|1652552824\n|switch|p1a: Corviknight|Corviknight, M|94\/100\n|-ability|p1a: Corviknight|Pressure\n|move|p2a: Mew|Stored Power|p1a: Corviknight\n|-resisted|p1a: Corviknight\n|-damage|p1a: Corviknight|71\/100\n|\n|upkeep\n|turn|20\n|\n|t:|1652552827\n|move|p2a: Mew|Taunt|p1a: Corviknight\n|-start|p1a: Corviknight|move: Taunt\n|cant|p1a: Corviknight|move: Taunt|Agility\n|\n|upkeep\n|turn|21\n|\n|t:|1652552831\n|switch|p1a: Tapu Fini|Tapu Fini|66\/100\n|move|p2a: Mew|Stored Power|p1a: Tapu Fini\n|-damage|p1a: Tapu Fini|14\/100\n|\n|upkeep\n|turn|22\n|\n|t:|1652552838\n|move|p2a: Mew|Taunt|p1a: Tapu Fini\n|-start|p1a: Tapu Fini|move: Taunt\n|move|p1a: Tapu Fini|Draining Kiss|p2a: Mew\n|-crit|p2a: Mew\n|-damage|p2a: Mew|74\/100\n|-heal|p1a: Tapu Fini|31\/100|[from] drain|[of] p2a: Mew\n|\n|-fieldend|Misty Terrain\n|upkeep\n|turn|23\n|\n|t:|1652552842\n|switch|p1a: Corviknight|Corviknight, M|71\/100\n|-ability|p1a: Corviknight|Pressure\n|move|p2a: Mew|Cosmic Power|p2a: Mew\n|-boost|p2a: Mew|def|1\n|-boost|p2a: Mew|spd|1\n|\n|upkeep\n|turn|24\n|\n|t:|1652552846\n|switch|p1a: Tapu Fini|Tapu Fini|31\/100\n|-fieldstart|move: Misty Terrain|[from] ability: Misty Surge|[of] p1a: Tapu Fini\n|move|p2a: Mew|Cosmic Power|p2a: Mew\n|-boost|p2a: Mew|def|1\n|-boost|p2a: Mew|spd|1\n|\n|upkeep\n|turn|25\n|\n|t:|1652552849\n|switch|p1a: Corviknight|Corviknight, M|71\/100\n|-ability|p1a: Corviknight|Pressure\n|move|p2a: Mew|Taunt|p1a: Corviknight\n|-start|p1a: Corviknight|move: Taunt\n|\n|upkeep\n|turn|26\n|\n|t:|1652552852\n|switch|p1a: Tapu Fini|Tapu Fini|31\/100\n|move|p2a: Mew|Stored Power|p1a: Tapu Fini\n|-damage|p1a: Tapu Fini|0 fnt\n|faint|p1a: Tapu Fini\n|\n|upkeep\n|\n|t:|1652552855\n|switch|p1a: Slurpuff|Slurpuff, F, shiny|100\/100\n|turn|27\n|\n|t:|1652552865\n|move|p2a: Mew|Taunt|p1a: Slurpuff\n|-start|p1a: Slurpuff|move: Taunt\n|cant|p1a: Slurpuff|move: Taunt|Yawn\n|\n|upkeep\n|turn|28\n|\n|t:|1652552870\n|switch|p1a: Corviknight|Corviknight, M|71\/100\n|-ability|p1a: Corviknight|Pressure\n|move|p2a: Mew|Cosmic Power|p2a: Mew\n|-boost|p2a: Mew|def|0\n|-boost|p2a: Mew|spd|0\n|\n|-fieldend|Misty Terrain\n|upkeep\n|turn|29\n|\n|t:|1652552873\n|switch|p1a: Slurpuff|Slurpuff, F, shiny|100\/100\n|move|p2a: Mew|Taunt|p1a: Slurpuff\n|-start|p1a: Slurpuff|move: Taunt\n|\n|upkeep\n|turn|30\n|\n|t:|1652552876\n|move|p2a: Mew|Stored Power|p1a: Slurpuff\n|-enditem|p1a: Slurpuff|Focus Sash\n|-damage|p1a: Slurpuff|1\/100\n|move|p1a: Slurpuff|Endeavor|p2a: Mew\n|-damage|p2a: Mew|1\/100\n|\n|upkeep\n|turn|31\n|\n|t:|1652552889\n|move|p1a: Slurpuff|Misty Explosion|p2a: Mew\n|-damage|p2a: Mew|0 fnt\n|faint|p1a: Slurpuff\n|faint|p2a: Mew\n|\n|upkeep\n|c|\u2606SKIP THE DRIP|wlel\n|\n|t:|1652552909\n|switch|p2a: Vanilluxe|Vanilluxe, M|100\/100\n|switch|p1a: Mew|Mew|74\/100\n|-weather|Hail|[from] ability: Snow Warning|[of] p2a: Vanilluxe\n|turn|32\n|\n|t:|1652552913\n|move|p1a: Mew|Taunt|p2a: Vanilluxe\n|-start|p2a: Vanilluxe|move: Taunt\n|move|p2a: Vanilluxe|Blizzard|p1a: Mew\n|-damage|p1a: Mew|32\/100\n|\n|-weather|Hail|[upkeep]\n|-damage|p1a: Mew|26\/100|[from] Hail\n|upkeep\n|turn|33\n|\n|t:|1652552916\n|move|p1a: Mew|Soft-Boiled|p1a: Mew\n|-heal|p1a: Mew|76\/100\n|move|p2a: Vanilluxe|Blizzard|p1a: Mew\n|-damage|p1a: Mew|30\/100\n|\n|-weather|Hail|[upkeep]\n|-damage|p1a: Mew|24\/100|[from] Hail\n|upkeep\n|turn|34\n|\n|t:|1652552918\n|switch|p2a: Tapu Fini|Tapu Fini|100\/100\n|-fieldstart|move: Misty Terrain|[from] ability: Misty Surge|[of] p2a: Tapu Fini\n|move|p1a: Mew|Soft-Boiled|p1a: Mew\n|-heal|p1a: Mew|74\/100\n|\n|-weather|Hail|[upkeep]\n|-damage|p1a: Mew|68\/100|[from] Hail\n|-damage|p2a: Tapu Fini|94\/100|[from] Hail\n|upkeep\n|turn|35\n|\n|t:|1652552927\n|switch|p2a: Corviknight|Corviknight, M|100\/100\n|-ability|p2a: Corviknight|Pressure\n|move|p1a: Mew|Cosmic Power|p1a: Mew\n|-boost|p1a: Mew|def|1\n|-boost|p1a: Mew|spd|1\n|\n|-weather|Hail|[upkeep]\n|-damage|p1a: Mew|62\/100|[from] Hail\n|-damage|p2a: Corviknight|94\/100|[from] Hail\n|upkeep\n|turn|36\n|\n|t:|1652552934\n|move|p1a: Mew|Taunt|p2a: Corviknight\n|-start|p2a: Corviknight|move: Taunt\n|cant|p2a: Corviknight|move: Taunt|Agility\n|\n|-weather|none\n|upkeep\n|turn|37\n|\n|t:|1652552938\n|switch|p2a: Vanilluxe|Vanilluxe, M|100\/100\n|-weather|Hail|[from] ability: Snow Warning|[of] p2a: Vanilluxe\n|move|p1a: Mew|Cosmic Power|p1a: Mew\n|-boost|p1a: Mew|def|1\n|-boost|p1a: Mew|spd|1\n|\n|-weather|Hail|[upkeep]\n|-damage|p1a: Mew|55\/100|[from] Hail\n|upkeep\n|turn|38\n|l|callthecrew\n|\n|t:|1652552948\n|move|p1a: Mew|Soft-Boiled|p1a: Mew\n|-heal|p1a: Mew|100\/100\n|move|p2a: Vanilluxe|Blizzard|p1a: Mew\n|-damage|p1a: Mew|77\/100\n|\n|-weather|Hail|[upkeep]\n|-damage|p1a: Mew|71\/100|[from] Hail\n|-fieldend|Misty Terrain\n|upkeep\n|turn|39\n|\n|t:|1652552955\n|move|p1a: Mew|Stored Power|p2a: Vanilluxe\n|-damage|p2a: Vanilluxe|55\/100\n|move|p2a: Vanilluxe|Taunt|p1a: Mew\n|-start|p1a: Mew|move: Taunt\n|\n|-weather|Hail|[upkeep]\n|-damage|p1a: Mew|64\/100|[from] Hail\n|upkeep\n|turn|40\n|j| call the crew \u2605\u5f61\n|\n|t:|1652552958\n|move|p1a: Mew|Stored Power|p2a: Vanilluxe\n|-damage|p2a: Vanilluxe|14\/100\n|move|p2a: Vanilluxe|Aurora Veil|p2a: Vanilluxe\n|-sidestart|p2: SKIP THE DRIP|move: Aurora Veil\n|\n|-weather|Hail|[upkeep]\n|-damage|p1a: Mew|58\/100|[from] Hail\n|upkeep\n|turn|41\n|\n|t:|1652552961\n|move|p1a: Mew|Stored Power|p2a: Vanilluxe\n|-damage|p2a: Vanilluxe|0 fnt\n|faint|p2a: Vanilluxe\n|\n|-weather|none\n|upkeep\n|j| Silly Mortal\n|\n|t:|1652552979\n|switch|p2a: Kommo-o|Kommo-o, F|100\/100\n|turn|42\n|\n|t:|1652552988\n|move|p1a: Mew|Stored Power|p2a: Kommo-o\n|-supereffective|p2a: Kommo-o\n|-damage|p2a: Kommo-o|61\/100\n|move|p2a: Kommo-o|Clangorous Soul|p2a: Kommo-o\n|-boost|p2a: Kommo-o|atk|1\n|-boost|p2a: Kommo-o|def|1\n|-boost|p2a: Kommo-o|spa|1\n|-boost|p2a: Kommo-o|spd|1\n|-boost|p2a: Kommo-o|spe|1\n|-damage|p2a: Kommo-o|28\/100\n|\n|-end|p1a: Mew|move: Taunt\n|upkeep\n|turn|43\n|\n|t:|1652552997\n|move|p2a: Kommo-o|Taunt|p1a: Mew\n|-start|p1a: Mew|move: Taunt\n|move|p1a: Mew|Stored Power|p2a: Kommo-o\n|-supereffective|p2a: Kommo-o\n|-damage|p2a: Kommo-o|3\/100\n|-enditem|p2a: Kommo-o|Lansat Berry|[eat]\n|-start|p2a: Kommo-o|move: Focus Energy\n|\n|upkeep\n|turn|44\n|\n|t:|1652553000\n|move|p2a: Kommo-o|Poison Jab|p1a: Mew\n|-damage|p1a: Mew|43\/100\n|move|p1a: Mew|Stored Power|p2a: Kommo-o\n|-supereffective|p2a: Kommo-o\n|-damage|p2a: Kommo-o|0 fnt\n|faint|p2a: Kommo-o\n|\n|upkeep\n|\n|t:|1652553012\n|switch|p2a: Corviknight|Corviknight, M|94\/100\n|-ability|p2a: Corviknight|Pressure\n|turn|45\n|\n|t:|1652553033\n|move|p1a: Mew|Stored Power|p2a: Corviknight\n|-resisted|p2a: Corviknight\n|-damage|p2a: Corviknight|87\/100\n|move|p2a: Corviknight|Agility|p2a: Corviknight\n|-boost|p2a: Corviknight|spe|2\n|\n|-end|p1a: Mew|move: Taunt\n|upkeep\n|turn|46\n|\n|t:|1652553040\n|move|p2a: Corviknight|Bulk Up|p2a: Corviknight\n|-boost|p2a: Corviknight|atk|1\n|-boost|p2a: Corviknight|def|1\n|move|p1a: Mew|Cosmic Power|p1a: Mew\n|-boost|p1a: Mew|def|1\n|-boost|p1a: Mew|spd|1\n|\n|upkeep\n|turn|47\n|\n|t:|1652553047\n|move|p2a: Corviknight|Bulk Up|p2a: Corviknight\n|-boost|p2a: Corviknight|atk|1\n|-boost|p2a: Corviknight|def|1\n|move|p1a: Mew|Soft-Boiled|p1a: Mew\n|-heal|p1a: Mew|93\/100\n|\n|-sideend|p2: SKIP THE DRIP|move: Aurora Veil\n|upkeep\n|turn|48\n|\n|t:|1652553051\n|move|p2a: Corviknight|Bulk Up|p2a: Corviknight\n|-boost|p2a: Corviknight|atk|1\n|-boost|p2a: Corviknight|def|1\n|move|p1a: Mew|Cosmic Power|p1a: Mew\n|-boost|p1a: Mew|def|1\n|-boost|p1a: Mew|spd|1\n|\n|upkeep\n|turn|49\n|\n|t:|1652553057\n|move|p2a: Corviknight|Power Trip|p1a: Mew\n|-supereffective|p1a: Mew\n|-damage|p1a: Mew|38\/100\n|-enditem|p1a: Mew|Weakness Policy\n|-boost|p1a: Mew|atk|2|[from] item: Weakness Policy\n|-boost|p1a: Mew|spa|2|[from] item: Weakness Policy\n|move|p1a: Mew|Cosmic Power|p1a: Mew\n|-boost|p1a: Mew|def|1\n|-boost|p1a: Mew|spd|1\n|\n|upkeep\n|turn|50\n|\n|t:|1652553064\n|move|p2a: Corviknight|Power Trip|p1a: Mew\n|-supereffective|p1a: Mew\n|-damage|p1a: Mew|0 fnt\n|faint|p1a: Mew\n|\n|upkeep\n|c|\u2606LT7P29 Allistair|haha\n|c|\u2606LT7P29 Allistair|wp\n|\n|t:|1652553074\n|switch|p1a: Corviknight|Corviknight, M|71\/100\n|-ability|p1a: Corviknight|Pressure\n|turn|51\n|\n|t:|1652553081\n|move|p2a: Corviknight|Power Trip|p1a: Corviknight\n|-damage|p1a: Corviknight|2\/100\n|move|p1a: Corviknight|Agility|p1a: Corviknight\n|-boost|p1a: Corviknight|spe|2\n|\n|upkeep\n|turn|52\n|\n|t:|1652553088\n|move|p1a: Corviknight|Roost|p1a: Corviknight\n|-heal|p1a: Corviknight|52\/100\n|-singleturn|p1a: Corviknight|move: Roost\n|move|p2a: Corviknight|Power Trip|p1a: Corviknight\n|-damage|p1a: Corviknight|0 fnt\n|faint|p1a: Corviknight\n|\n|upkeep\n|c| idgasab|when you lose to your own team :o\n|-message|LT7P29 Allistair forfeited.\n|\n|win|SKIP THE DRIP\n|raw|LT7P29 Allistair's rating: 1901 &rarr; <strong>1881<\/strong><br \/>(-20 for losing)\n|raw|SKIP THE DRIP's rating: 1899 &rarr; <strong>1919<\/strong><br \/>(+20 for winning)\n","uploadtime":1652553104,"views":23,"p1id":"lt7p29allistair","p2id":"skipthedrip","formatid":"gen8ou","rating":1881,"private":0,"password":null}