{"id":"gen8ou-1706972551","p1":"TrueGroceryMan","p2":"chemisg","format":"gen8ou","log":"|j|\u2606TrueGroceryMan\n|j|\u2606chemisg\n|t:|1668037745\n|gametype|singles\n|player|p1|TrueGroceryMan|waiter-gen4dp|1000\n|player|p2|chemisg|101|1004\n|teamsize|p1|6\n|teamsize|p2|6\n|gen|8\n|tier|[Gen 8] OU\n|rated|\n|rule|Sleep Clause Mod: Limit one foe put to sleep\n|rule|Species Clause: Limit one of each Pok\u00e9mon\n|rule|OHKO Clause: OHKO moves are banned\n|rule|Evasion Items Clause: Evasion items are banned\n|rule|Evasion Moves Clause: Evasion moves are banned\n|rule|Endless Battle Clause: Forcing endless battles is banned\n|rule|HP Percentage Mod: HP is shown in percentages\n|rule|Dynamax Clause: You cannot dynamax\n|clearpoke\n|poke|p1|Landorus-Therian, M|\n|poke|p1|Clefable, M|\n|poke|p1|Tyranitar, M|\n|poke|p1|Rillaboom, M|\n|poke|p1|Dragonite, M|\n|poke|p1|Victini|\n|poke|p2|Cryogonal|\n|poke|p2|Ferrothorn, M|\n|poke|p2|Landorus-Therian, M|\n|poke|p2|Volcanion|\n|poke|p2|Tapu Lele|\n|poke|p2|Zapdos-Galar|\n|teampreview\n|inactive|Battle timer is ON: inactive players will automatically lose when time's up. (requested by chemisg)\n|\n|t:|1668037761\n|start\n|switch|p1a: City|Victini|100\/100\n|switch|p2a: Ferrothorn|Ferrothorn, M|100\/100\n|turn|1\n|\n|t:|1668037767\n|switch|p2a: Volcanion|Volcanion|100\/100\n|move|p1a: City|V-create|p2a: Volcanion\n|-resisted|p2a: Volcanion\n|-damage|p2a: Volcanion|80\/100\n|-unboost|p1a: City|spe|1\n|-unboost|p1a: City|def|1\n|-unboost|p1a: City|spd|1\n|\n|upkeep\n|turn|2\n|\n|t:|1668037780\n|switch|p1a: Space|Clefable, M|100\/100\n|move|p2a: Volcanion|Sludge Wave|p1a: Space\n|-supereffective|p1a: Space\n|-damage|p1a: Space|0 fnt\n|faint|p1a: Space\n|\n|upkeep\n|\n|t:|1668037787\n|switch|p1a: Mountain|Tyranitar, M|100\/100\n|-weather|Sandstorm|[from] ability: Sand Stream|[of] p1a: Mountain\n|turn|3\n|\n|t:|1668037797\n|switch|p2a: Ferrothorn|Ferrothorn, M|100\/100\n|move|p1a: Mountain|Ancient Power|p2a: Ferrothorn\n|-resisted|p2a: Ferrothorn\n|-damage|p2a: Ferrothorn|82\/100\n|\n|-weather|Sandstorm|[upkeep]\n|-heal|p2a: Ferrothorn|88\/100|[from] item: Leftovers\n|upkeep\n|turn|4\n|\n|t:|1668037808\n|switch|p1a: City|Victini|100\/100\n|move|p2a: Ferrothorn|Leech Seed|p1a: City\n|-start|p1a: City|move: Leech Seed\n|\n|-weather|Sandstorm|[upkeep]\n|-damage|p1a: City|94\/100|[from] Sandstorm\n|-heal|p2a: Ferrothorn|94\/100|[from] item: Leftovers\n|-damage|p1a: City|82\/100|[from] Leech Seed|[of] p2a: Ferrothorn\n|-heal|p2a: Ferrothorn|100\/100|[silent]\n|upkeep\n|turn|5\n|\n|t:|1668037819\n|switch|p2a: Volcanion|Volcanion|80\/100\n|move|p1a: City|Bolt Strike|p2a: Volcanion\n|-supereffective|p2a: Volcanion\n|-damage|p2a: Volcanion|4\/100\n|\n|-weather|Sandstorm|[upkeep]\n|-damage|p1a: City|76\/100|[from] Sandstorm\n|-damage|p2a: Volcanion|0 fnt|[from] Sandstorm\n|faint|p2a: Volcanion\n|upkeep\n|\n|t:|1668037836\n|switch|p2a: Landorus|Landorus-Therian, M|100\/100\n|-ability|p2a: Landorus|Intimidate|boost\n|-unboost|p1a: City|atk|1\n|turn|6\n|\n|t:|1668037851\n|switch|p1a: Terra|Landorus-Therian, M|100\/100\n|-ability|p1a: Terra|Intimidate|boost\n|-unboost|p2a: Landorus|atk|1\n|move|p2a: Landorus|Toxic|p1a: Terra\n|-status|p1a: Terra|tox\n|\n|-weather|Sandstorm|[upkeep]\n|-damage|p1a: Terra|95\/100 tox|[from] psn\n|upkeep\n|turn|7\n|\n|t:|1668037869\n|switch|p2a: Ferrothorn|Ferrothorn, M|100\/100\n|move|p1a: Terra|Swords Dance|p1a: Terra\n|-boost|p1a: Terra|atk|2\n|\n|-weather|none\n|-heal|p1a: Terra|100\/100 tox|[from] item: Leftovers\n|-damage|p1a: Terra|89\/100 tox|[from] psn\n|upkeep\n|turn|8\n|\n|t:|1668037878\n|move|p1a: Terra|Earthquake|p2a: Ferrothorn\n|-damage|p2a: Ferrothorn|31\/100\n|move|p2a: Ferrothorn|Leech Seed|p1a: Terra\n|-start|p1a: Terra|move: Leech Seed\n|\n|-heal|p1a: Terra|95\/100 tox|[from] item: Leftovers\n|-heal|p2a: Ferrothorn|38\/100|[from] item: Leftovers\n|-damage|p1a: Terra|82\/100 tox|[from] Leech Seed|[of] p2a: Ferrothorn\n|-heal|p2a: Ferrothorn|49\/100|[silent]\n|-damage|p1a: Terra|64\/100 tox|[from] psn\n|upkeep\n|turn|9\n|\n|t:|1668037896\n|switch|p2a: Zapdos|Zapdos-Galar|100\/100\n|move|p1a: Terra|Knock Off|p2a: Zapdos\n|-resisted|p2a: Zapdos\n|-damage|p2a: Zapdos|58\/100\n|-enditem|p2a: Zapdos|Choice Band|[from] move: Knock Off|[of] p1a: Terra\n|\n|-heal|p1a: Terra|70\/100 tox|[from] item: Leftovers\n|-damage|p1a: Terra|58\/100 tox|[from] Leech Seed|[of] p2a: Zapdos\n|-heal|p2a: Zapdos|70\/100|[silent]\n|-damage|p1a: Terra|34\/100 tox|[from] psn\n|upkeep\n|turn|10\n|\n|t:|1668037910\n|switch|p1a: Sky|Dragonite, M|100\/100\n|move|p2a: Zapdos|U-turn|p1a: Sky\n|-resisted|p1a: Sky\n|-damage|p1a: Sky|94\/100\n|\n|t:|1668037916\n|switch|p2a: Tapu Lele|Tapu Lele|100\/100|[from]move: U-turn\n|-fieldstart|move: Psychic Terrain|[from] ability: Psychic Surge|[of] p2a: Tapu Lele\n|\n|upkeep\n|turn|11\n|\n|t:|1668037930\n|switch|p1a: Terra|Landorus-Therian, M|34\/100 tox\n|-ability|p1a: Terra|Intimidate|boost\n|-unboost|p2a: Tapu Lele|atk|1\n|move|p2a: Tapu Lele|Moonblast|p1a: Terra\n|-damage|p1a: Terra|0 fnt\n|faint|p1a: Terra\n|\n|upkeep\n|\n|t:|1668037936\n|switch|p1a: City|Victini|76\/100\n|turn|12\n|\n|t:|1668037949\n|switch|p2a: Landorus|Landorus-Therian, M|100\/100\n|-ability|p2a: Landorus|Intimidate|boost\n|-unboost|p1a: City|atk|1\n|move|p1a: City|V-create|p2a: Landorus\n|-damage|p2a: Landorus|41\/100\n|-unboost|p1a: City|spe|1\n|-unboost|p1a: City|def|1\n|-unboost|p1a: City|spd|1\n|\n|-heal|p2a: Landorus|47\/100|[from] item: Leftovers\n|upkeep\n|turn|13\n|inactive|chemisg has 120 seconds left.\n|\n|t:|1668037981\n|switch|p1a: Forest|Rillaboom, M|100\/100\n|-fieldstart|move: Grassy Terrain|[from] ability: Grassy Surge|[of] p1a: Forest\n|-enditem|p1a: Forest|Grassy Seed\n|-boost|p1a: Forest|def|1|[from] item: Grassy Seed\n|move|p2a: Landorus|U-turn|p1a: Forest\n|-supereffective|p1a: Forest\n|-damage|p1a: Forest|66\/100\n|\n|t:|1668037995\n|switch|p2a: Ferrothorn|Ferrothorn, M|49\/100|[from]move: U-turn\n|\n|-heal|p1a: Forest|73\/100|[from] Grassy Terrain\n|-heal|p2a: Ferrothorn|55\/100|[from] Grassy Terrain\n|-heal|p2a: Ferrothorn|61\/100|[from] item: Leftovers\n|upkeep\n|turn|14\n|\n|t:|1668038003\n|move|p1a: Forest|Knock Off|p2a: Ferrothorn\n|-damage|p2a: Ferrothorn|43\/100\n|-damage|p1a: Forest|60\/100|[from] ability: Iron Barbs|[of] p2a: Ferrothorn\n|-enditem|p2a: Ferrothorn|Leftovers|[from] move: Knock Off|[of] p1a: Forest\n|move|p2a: Ferrothorn|Spikes|p1a: Forest\n|-sidestart|p1: TrueGroceryMan|Spikes\n|\n|-heal|p1a: Forest|66\/100|[from] Grassy Terrain\n|-heal|p2a: Ferrothorn|49\/100|[from] Grassy Terrain\n|upkeep\n|turn|15\n|inactive|chemisg has 120 seconds left.\n|\n|t:|1668038016\n|move|p1a: Forest|Body Press|p2a: Ferrothorn\n|-supereffective|p2a: Ferrothorn\n|-crit|p2a: Ferrothorn\n|-damage|p2a: Ferrothorn|3\/100\n|-damage|p1a: Forest|54\/100|[from] ability: Iron Barbs|[of] p2a: Ferrothorn\n|move|p2a: Ferrothorn|Spikes|p1a: Forest\n|-sidestart|p1: TrueGroceryMan|Spikes\n|\n|-heal|p1a: Forest|60\/100|[from] Grassy Terrain\n|-heal|p2a: Ferrothorn|10\/100|[from] Grassy Terrain\n|upkeep\n|turn|16\n|inactive|chemisg has 120 seconds left.\n|\n|t:|1668038030\n|move|p1a: Forest|Body Press|p2a: Ferrothorn\n|-supereffective|p2a: Ferrothorn\n|-damage|p2a: Ferrothorn|0 fnt\n|-damage|p1a: Forest|48\/100|[from] ability: Iron Barbs|[of] p2a: Ferrothorn\n|faint|p2a: Ferrothorn\n|\n|-heal|p1a: Forest|54\/100|[from] Grassy Terrain\n|upkeep\n|\n|t:|1668038038\n|switch|p2a: co\u00f1ito|Cryogonal|100\/100\n|turn|17\n|inactive|chemisg has 120 seconds left.\n|\n|t:|1668038050\n|move|p1a: Forest|Grassy Glide|p2a: co\u00f1ito\n|-damage|p2a: co\u00f1ito|26\/100\n|move|p2a: co\u00f1ito|Knock Off|p1a: Forest\n|-crit|p1a: Forest\n|-damage|p1a: Forest|41\/100\n|\n|-heal|p1a: Forest|47\/100|[from] Grassy Terrain\n|-fieldend|move: Grassy Terrain\n|upkeep\n|turn|18\n|inactive|chemisg has 120 seconds left.\n|\n|t:|1668038067\n|move|p2a: co\u00f1ito|Recover|p2a: co\u00f1ito\n|-heal|p2a: co\u00f1ito|76\/100\n|move|p1a: Forest|Body Press|p2a: co\u00f1ito\n|-supereffective|p2a: co\u00f1ito\n|-damage|p2a: co\u00f1ito|0 fnt\n|faint|p2a: co\u00f1ito\n|\n|upkeep\n|\n|t:|1668038079\n|switch|p2a: Zapdos|Zapdos-Galar|70\/100\n|turn|19\n|\n|t:|1668038084\n|move|p2a: Zapdos|Brave Bird|p1a: Forest\n|-supereffective|p1a: Forest\n|-damage|p1a: Forest|0 fnt\n|faint|p1a: Forest\n|-damage|p2a: Zapdos|54\/100|[from] Recoil\n|\n|upkeep\n|\n|t:|1668038087\n|switch|p1a: City|Victini|76\/100\n|-damage|p1a: City|59\/100|[from] Spikes\n|turn|20\n|\n|t:|1668038095\n|move|p1a: City|V-create|p2a: Zapdos\n|-damage|p2a: Zapdos|0 fnt\n|-unboost|p1a: City|spe|1\n|-unboost|p1a: City|def|1\n|-unboost|p1a: City|spd|1\n|faint|p2a: Zapdos\n|\n|upkeep\n|\n|t:|1668038101\n|switch|p2a: Tapu Lele|Tapu Lele|100\/100\n|-fieldstart|move: Psychic Terrain|[from] ability: Psychic Surge|[of] p2a: Tapu Lele\n|turn|21\n|\n|t:|1668038107\n|switch|p1a: Sky|Dragonite, M|94\/100\n|move|p2a: Tapu Lele|Psychic|p1a: Sky\n|-damage|p1a: Sky|17\/100\n|\n|upkeep\n|turn|22\n|\n|t:|1668038115\n|move|p2a: Tapu Lele|Psychic|p1a: Sky\n|-damage|p1a: Sky|0 fnt\n|faint|p1a: Sky\n|\n|upkeep\n|\n|t:|1668038118\n|switch|p1a: City|Victini|59\/100\n|-damage|p1a: City|43\/100|[from] Spikes\n|turn|23\n|\n|t:|1668038123\n|move|p1a: City|V-create|p2a: Tapu Lele\n|-damage|p2a: Tapu Lele|0 fnt\n|-unboost|p1a: City|spe|1\n|-unboost|p1a: City|def|1\n|-unboost|p1a: City|spd|1\n|faint|p2a: Tapu Lele\n|\n|upkeep\n|\n|t:|1668038129\n|switch|p2a: Landorus|Landorus-Therian, M|47\/100\n|-ability|p2a: Landorus|Intimidate|boost\n|-unboost|p1a: City|atk|1\n|turn|24\n|\n|t:|1668038135\n|switch|p1a: Mountain|Tyranitar, M|100\/100\n|-damage|p1a: Mountain|84\/100|[from] Spikes\n|-weather|Sandstorm|[from] ability: Sand Stream|[of] p1a: Mountain\n|move|p2a: Landorus|Earthquake|p1a: Mountain\n|-supereffective|p1a: Mountain\n|-crit|p1a: Mountain\n|-damage|p1a: Mountain|0 fnt\n|faint|p1a: Mountain\n|\n|-weather|Sandstorm|[upkeep]\n|-heal|p2a: Landorus|53\/100|[from] item: Leftovers\n|upkeep\n|\n|t:|1668038138\n|switch|p1a: City|Victini|43\/100\n|-damage|p1a: City|27\/100|[from] Spikes\n|turn|25\n|\n|t:|1668038149\n|move|p1a: City|V-create|p2a: Landorus\n|-damage|p2a: Landorus|0 fnt\n|-unboost|p1a: City|spe|1\n|-unboost|p1a: City|def|1\n|-unboost|p1a: City|spd|1\n|faint|p2a: Landorus\n|\n|win|TrueGroceryMan\n|raw|TrueGroceryMan's rating: 1000 &rarr; <strong>1040<\/strong><br \/>(+40 for winning)\n|raw|chemisg's rating: 1004 &rarr; <strong>1000<\/strong><br \/>(-4 for losing)\n|c|\u2606TrueGroceryMan|For someone so timer obsessed, you took way too long.\n","uploadtime":1668038158,"views":3,"p1id":"truegroceryman","p2id":"chemisg","formatid":"gen8ou","rating":1000,"private":0,"password":null}