{"id":"gen8ou-1659158758","p1":"RocketLife","p2":"Ferrothornail\u8349\u94a2\u7532","format":"gen8ou","log":"|j|\u2606RocketLife\n|j|\u2606Ferrothornail\u8349\u94a2\u7532\n|t:|1662644856\n|gametype|singles\n|player|p1|RocketLife|265|1739\n|player|p2|Ferrothornail\u8349\u94a2\u7532|lillie|1635\n|teamsize|p1|6\n|teamsize|p2|6\n|gen|8\n|tier|[Gen 8] OU\n|rated|\n|rule|Sleep Clause Mod: Limit one foe put to sleep\n|rule|Species Clause: Limit one of each Pok\u00e9mon\n|rule|OHKO Clause: OHKO moves are banned\n|rule|Evasion Items Clause: Evasion items are banned\n|rule|Evasion Moves Clause: Evasion moves are banned\n|rule|Endless Battle Clause: Forcing endless battles is banned\n|rule|HP Percentage Mod: HP is shown in percentages\n|rule|Dynamax Clause: You cannot dynamax\n|clearpoke\n|poke|p1|Buzzwole|\n|poke|p1|Umbreon, F|\n|poke|p1|Toxapex, M|\n|poke|p1|Rillaboom, M|\n|poke|p1|Volcarona, M|\n|poke|p1|Landorus-Therian, M|\n|poke|p2|Hatterene, F|\n|poke|p2|Porygon2|\n|poke|p2|Cresselia, F|\n|poke|p2|Marowak-Alola, F|\n|poke|p2|Crawdaunt, M|\n|poke|p2|Melmetal|\n|teampreview\n|inactive|Battle timer is ON: inactive players will automatically lose when time's up. (requested by RocketLife)\n|\n|t:|1662644863\n|start\n|switch|p1a: Toxapex|Toxapex, M|100\/100\n|switch|p2a: Hatterene|Hatterene, F|100\/100\n|turn|1\n|\n|t:|1662644866\n|move|p1a: Toxapex|Knock Off|p2a: Hatterene\n|-damage|p2a: Hatterene|86\/100\n|-enditem|p2a: Hatterene|Focus Sash|[from] move: Knock Off|[of] p1a: Toxapex\n|move|p2a: Hatterene|Psychic|p1a: Toxapex\n|-supereffective|p1a: Toxapex\n|-damage|p1a: Toxapex|22\/100\n|\n|-heal|p1a: Toxapex|28\/100|[from] item: Black Sludge\n|upkeep\n|turn|2\n|\n|t:|1662644875\n|switch|p1a: Umbreon|Umbreon, F|100\/100\n|move|p2a: Hatterene|Trick Room|p2a: Hatterene\n|-fieldstart|move: Trick Room|[of] p2a: Hatterene\n|\n|upkeep\n|turn|3\n|\n|t:|1662644881\n|move|p2a: Hatterene|Healing Wish|p2a: Hatterene\n|faint|p2a: Hatterene\n|move|p1a: Umbreon|Wish|p1a: Umbreon\n|\n|upkeep\n|\n|t:|1662644886\n|switch|p2a: Crawdaunt|Crawdaunt, M|100\/100\n|turn|4\n|\n|t:|1662644891\n|move|p2a: Crawdaunt|Swords Dance|p2a: Crawdaunt\n|-boost|p2a: Crawdaunt|atk|2\n|move|p1a: Umbreon|Foul Play|p2a: Crawdaunt\n|-resisted|p2a: Crawdaunt\n|-damage|p2a: Crawdaunt|37\/100\n|\n|upkeep\n|turn|5\n|\n|t:|1662644895\n|switch|p1a: Buzzwole|Buzzwole|100\/100\n|move|p2a: Crawdaunt|Crabhammer|p1a: Buzzwole\n|-damage|p1a: Buzzwole|6\/100\n|-damage|p2a: Crawdaunt|20\/100|[from] item: Rocky Helmet|[of] p1a: Buzzwole\n|-damage|p2a: Crawdaunt|10\/100|[from] item: Life Orb\n|\n|upkeep\n|turn|6\n|\n|t:|1662644902\n|move|p2a: Crawdaunt|Knock Off|p1a: Buzzwole\n|-resisted|p1a: Buzzwole\n|-damage|p1a: Buzzwole|0 fnt\n|-damage|p2a: Crawdaunt|0 fnt|[from] item: Rocky Helmet|[of] p1a: Buzzwole\n|faint|p1a: Buzzwole\n|faint|p2a: Crawdaunt\n|\n|-fieldend|move: Trick Room\n|upkeep\n|\n|t:|1662644915\n|switch|p1a: Landorus|Landorus-Therian, M|100\/100\n|switch|p2a: Melmetal|Melmetal|100\/100\n|-ability|p1a: Landorus|Intimidate|boost\n|-unboost|p2a: Melmetal|atk|1\n|turn|7\n|\n|t:|1662644918\n|move|p1a: Landorus|Stealth Rock|p2a: Melmetal\n|-sidestart|p2: Ferrothornail\u8349\u94a2\u7532|move: Stealth Rock\n|move|p2a: Melmetal|Ice Punch|p1a: Landorus\n|-supereffective|p1a: Landorus\n|-damage|p1a: Landorus|0 fnt\n|faint|p1a: Landorus\n|\n|upkeep\n|j| isabela000\u25e5\u25b6_\u25c0\u25e4\n|\n|t:|1662644923\n|switch|p1a: Volcarona|Volcarona, M|100\/100\n|turn|8\n|\n|t:|1662644925\n|switch|p2a: Porygon2|Porygon2|100\/100\n|-damage|p2a: Porygon2|88\/100|[from] Stealth Rock\n|-ability|p2a: Porygon2|Download|boost\n|-boost|p2a: Porygon2|atk|1\n|move|p1a: Volcarona|Quiver Dance|p1a: Volcarona\n|-boost|p1a: Volcarona|spa|1\n|-boost|p1a: Volcarona|spd|1\n|-boost|p1a: Volcarona|spe|1\n|\n|upkeep\n|turn|9\n|l| isabela000\u25e5\u25b6_\u25c0\u25e4\n|\n|t:|1662644929\n|move|p1a: Volcarona|Quiver Dance|p1a: Volcarona\n|-boost|p1a: Volcarona|spa|1\n|-boost|p1a: Volcarona|spd|1\n|-boost|p1a: Volcarona|spe|1\n|move|p2a: Porygon2|Trick Room|p2a: Porygon2\n|-fieldstart|move: Trick Room|[of] p2a: Porygon2\n|\n|upkeep\n|turn|10\n|\n|t:|1662644933\n|move|p1a: Volcarona|Flamethrower|p2a: Porygon2\n|-damage|p2a: Porygon2|47\/100\n|move|p2a: Porygon2|Teleport|p2a: Porygon2\n|\n|t:|1662644936\n|switch|p2a: Marowak|Marowak-Alola, F|100\/100|[from]move: Teleport\n|-damage|p2a: Marowak|76\/100|[from] Stealth Rock\n|\n|upkeep\n|turn|11\n|\n|t:|1662644942\n|switch|p1a: Toxapex|Toxapex, M|61\/100\n|move|p2a: Marowak|Flare Blitz|p1a: Toxapex\n|-resisted|p1a: Toxapex\n|-damage|p1a: Toxapex|33\/100\n|\n|-heal|p1a: Toxapex|39\/100|[from] item: Black Sludge\n|upkeep\n|turn|12\n|\n|t:|1662644946\n|move|p2a: Marowak|Poltergeist|p1a: Toxapex\n|-activate|p1a: Toxapex|move: Poltergeist|Black Sludge\n|-damage|p1a: Toxapex|0 fnt\n|faint|p1a: Toxapex\n|\n|upkeep\n|\n|t:|1662644951\n|switch|p1a: Umbreon|Umbreon, F|100\/100\n|turn|13\n|\n|t:|1662644956\n|switch|p2a: Melmetal|Melmetal|100\/100\n|-damage|p2a: Melmetal|94\/100|[from] Stealth Rock\n|move|p1a: Umbreon|Protect||[still]\n|-fail|p1a: Umbreon\n|\n|-fieldend|move: Trick Room\n|upkeep\n|turn|14\n|\n|t:|1662644963\n|move|p1a: Umbreon|Foul Play|p2a: Melmetal\n|-damage|p2a: Melmetal|63\/100\n|move|p2a: Melmetal|Double Iron Bash|p1a: Umbreon\n|-damage|p1a: Umbreon|52\/100\n|-damage|p1a: Umbreon|0 fnt\n|faint|p1a: Umbreon\n|-hitcount|p1: Umbreon|2\n|\n|upkeep\n|\n|t:|1662644969\n|switch|p1a: Volcarona|Volcarona, M|100\/100\n|turn|15\n|\n|t:|1662644979\n|switch|p2a: Porygon2|Porygon2|47\/100\n|-heal|p2a: Porygon2|100\/100|[from] move: Healing Wish\n|-damage|p2a: Porygon2|88\/100|[from] Stealth Rock\n|-ability|p2a: Porygon2|Download|boost\n|-boost|p2a: Porygon2|atk|1\n|move|p1a: Volcarona|Quiver Dance|p1a: Volcarona\n|-boost|p1a: Volcarona|spa|1\n|-boost|p1a: Volcarona|spd|1\n|-boost|p1a: Volcarona|spe|1\n|\n|upkeep\n|turn|16\n|c|\u2606RocketLife|Am I new\n|inactive|RocketLife has 120 seconds left.\n|c|\u2606RocketLife|how did you heal ?\n|\n|t:|1662645021\n|move|p1a: Volcarona|Flamethrower|p2a: Porygon2\n|-damage|p2a: Porygon2|54\/100\n|move|p2a: Porygon2|Trick Room|p2a: Porygon2\n|-fieldstart|move: Trick Room|[of] p2a: Porygon2\n|\n|upkeep\n|turn|17\n|\n|t:|1662645025\n|move|p1a: Volcarona|Flamethrower|p2a: Porygon2\n|-damage|p2a: Porygon2|22\/100\n|move|p2a: Porygon2|Teleport|p2a: Porygon2\n|\n|t:|1662645029\n|switch|p2a: Marowak|Marowak-Alola, F|76\/100|[from]move: Teleport\n|-damage|p2a: Marowak|51\/100|[from] Stealth Rock\n|\n|upkeep\n|turn|18\n|\n|t:|1662645032\n|move|p2a: Marowak|Flare Blitz|p1a: Volcarona\n|-damage|p1a: Volcarona|0 fnt\n|faint|p1a: Volcarona\n|\n|upkeep\n|\n|t:|1662645035\n|switch|p1a: Rillaboom|Rillaboom, M|100\/100\n|-fieldstart|move: Grassy Terrain|[from] ability: Grassy Surge|[of] p1a: Rillaboom\n|turn|19\n|\n|t:|1662645039\n|move|p1a: Rillaboom|Grassy Glide|p2a: Marowak\n|-resisted|p2a: Marowak\n|-damage|p2a: Marowak|22\/100\n|-damage|p1a: Rillaboom|91\/100|[from] item: Life Orb\n|move|p2a: Marowak|Flare Blitz|p1a: Rillaboom\n|-supereffective|p1a: Rillaboom\n|-damage|p1a: Rillaboom|0 fnt\n|faint|p1a: Rillaboom\n|\n|win|Ferrothornail\u8349\u94a2\u7532\n|raw|RocketLife's rating: 1739 &rarr; <strong>1713<\/strong><br \/>(-26 for losing)\n|raw|Ferrothornail\u8349\u94a2\u7532's rating: 1635 &rarr; <strong>1661<\/strong><br \/>(+26 for winning)\n||Ladder isn't responding, score probably updated but might not have (Request timeout).\n","uploadtime":1662645057,"views":31,"p1id":"rocketlife","p2id":"ferrothornail","formatid":"gen8ou","rating":1661,"private":0,"password":null}