{"id":"gen8sharedpower-1690817176","p1":"IIIodyne","p2":"ThsGameScks","format":"gen8sharedpower","log":"|j|\u2606IIIodyne\n|j|\u2606ThsGameScks\n|inactive|Battle timer is ON: inactive players will automatically lose when time's up.\n|t:|1666306618\n|gametype|singles\n|player|p1|IIIodyne|1|\n|player|p2|ThsGameScks|dahlia|\n|teamsize|p1|6\n|teamsize|p2|6\n|gen|8\n|tier|[Gen 8] Shared Power\n|rated|Tournament battle\n|rule|Species Clause: Limit one of each Pok\u00e9mon\n|rule|OHKO Clause: OHKO moves are banned\n|rule|Evasion Moves Clause: Evasion moves are banned\n|rule|Endless Battle Clause: Forcing endless battles is banned\n|rule|Dynamax Clause: You cannot dynamax\n|rule|HP Percentage Mod: HP is shown in percentages\n|rule|Sleep Clause Mod: Limit one foe put to sleep\n|clearpoke\n|poke|p1|Ferrothorn, M|\n|poke|p1|Mudsdale, F|\n|poke|p1|Heatran, F|\n|poke|p1|Bewear, F|\n|poke|p1|Weezing-Galar, M|\n|poke|p1|Frosmoth, F|\n|poke|p2|Salamence, F|\n|poke|p2|Glastrier|\n|poke|p2|Stakataka|\n|poke|p2|Porygon2|\n|poke|p2|Crawdaunt, F|\n|poke|p2|Mr. Mime, M|\n|teampreview\n|j| blastablasta\n|c|\u2606IIIodyne|hf\n|j| mnm sosa\n|j|%KaenSoul\n|inactive|ThsGameScks has 120 seconds left.\n|c|\u2606ThsGameScks|i waited 30 minutes for this shit\n|c|\u2606IIIodyne|lol sorry\n|\n|t:|1666306670\n|start\n|switch|p1a: Bewear|Bewear, F|100\/100\n|switch|p2a: Porygon2|Porygon2|100\/100\n|-ability|p2a: Porygon2|Download|boost\n|-boost|p2a: Porygon2|spa|1\n|turn|1\n|\n|t:|1666306678\n|switch|p1a: Frosmoth|Frosmoth, F|100\/100\n|move|p2a: Porygon2|Tri Attack|p1a: Frosmoth\n|-damage|p1a: Frosmoth|75\/100\n|-status|p1a: Frosmoth|brn\n|\n|-damage|p1a: Frosmoth|68\/100 brn|[from] brn\n|upkeep\n|turn|2\n|\n|t:|1666306690\n|switch|p1a: Heatran|Heatran, F|100\/100\n|move|p2a: Porygon2|Trick Room|p2a: Porygon2\n|-fieldstart|move: Trick Room|[of] p2a: Porygon2\n|\n|upkeep\n|turn|3\n|\n|t:|1666306698\n|move|p1a: Heatran|Taunt|p2a: Porygon2\n|-start|p2a: Porygon2|move: Taunt\n|cant|p2a: Porygon2|move: Taunt|Teleport\n|\n|upkeep\n|turn|4\n|\n|t:|1666306702\n|switch|p2a: Crawdaunt|Crawdaunt, F|100\/100\n|-ability|p2a: Crawdaunt|Download|boost\n|-boost|p2a: Crawdaunt|atk|1\n|move|p1a: Heatran|Toxic|p2a: Crawdaunt\n|-status|p2a: Crawdaunt|tox\n|\n|-damage|p2a: Crawdaunt|94\/100 tox|[from] psn\n|upkeep\n|turn|5\n|\n|t:|1666306708\n|switch|p1a: Ferrothorn|Ferrothorn, M|100\/100\n|move|p2a: Crawdaunt|Swords Dance|p2a: Crawdaunt\n|-boost|p2a: Crawdaunt|atk|2\n|\n|-damage|p2a: Crawdaunt|82\/100 tox|[from] psn\n|upkeep\n|turn|6\n|\n|t:|1666306714\n|move|p1a: Ferrothorn|Body Press|p2a: Crawdaunt\n|-supereffective|p2a: Crawdaunt\n|-damage|p2a: Crawdaunt|4\/100 tox\n|move|p2a: Crawdaunt|Knock Off|p1a: Ferrothorn\n|-damage|p1a: Ferrothorn|33\/100\n|-damage|p2a: Crawdaunt|0 fnt|[from] ability: Iron Barbs|[of] p1a: Ferrothorn\n|faint|p2a: Crawdaunt\n|\n|-heal|p1a: Ferrothorn|39\/100|[from] item: Leftovers\n|-fieldend|move: Trick Room\n|upkeep\n|\n|t:|1666306720\n|switch|p2a: Porygon2|Porygon2|100\/100\n|-ability|p2a: Porygon2|Download|boost\n|-boost|p2a: Porygon2|spa|1\n|turn|7\n|\n|t:|1666306724\n|move|p1a: Ferrothorn|Knock Off|p2a: Porygon2\n|-damage|p2a: Porygon2|86\/100\n|-enditem|p2a: Porygon2|Eviolite|[from] move: Knock Off|[of] p1a: Ferrothorn\n|move|p2a: Porygon2|Trick Room|p2a: Porygon2\n|-fieldstart|move: Trick Room|[of] p2a: Porygon2\n|\n|-heal|p1a: Ferrothorn|45\/100|[from] item: Leftovers\n|upkeep\n|turn|8\n|\n|t:|1666306730\n|move|p1a: Ferrothorn|Body Press|p2a: Porygon2\n|-supereffective|p2a: Porygon2\n|-damage|p2a: Porygon2|19\/100\n|move|p2a: Porygon2|Teleport|p2a: Porygon2\n|\n|t:|1666306739\n|switch|p2a: Glastrier|Glastrier|100\/100|[from]move: Teleport\n|-ability|p2a: Glastrier|Download|boost\n|-boost|p2a: Glastrier|spa|1\n|\n|-heal|p1a: Ferrothorn|51\/100|[from] item: Leftovers\n|upkeep\n|turn|9\n|\n|t:|1666306745\n|move|p1a: Ferrothorn|Protect|p1a: Ferrothorn\n|-singleturn|p1a: Ferrothorn|Protect\n|move|p2a: Glastrier|Close Combat|p1a: Ferrothorn\n|-activate|p1a: Ferrothorn|move: Protect\n|\n|-heal|p1a: Ferrothorn|58\/100|[from] item: Leftovers\n|upkeep\n|turn|10\n|\n|t:|1666306753\n|switch|p1a: Weezing|Weezing-Galar, M|100\/100\n|move|p2a: Glastrier|Swords Dance|p2a: Glastrier\n|-boost|p2a: Glastrier|atk|2\n|\n|upkeep\n|turn|11\n|\n|t:|1666306763\n|switch|p2a: Porygon2|Porygon2|19\/100\n|-ability|p2a: Porygon2|Download|boost\n|-boost|p2a: Porygon2|spa|1\n|move|p1a: Weezing|Haze|p1a: Weezing\n|-clearallboost\n|\n|-fieldend|move: Trick Room\n|upkeep\n|turn|12\n|\n|t:|1666306769\n|move|p1a: Weezing|Toxic|p2a: Porygon2\n|-status|p2a: Porygon2|tox\n|move|p2a: Porygon2|Trick Room|p2a: Porygon2\n|-fieldstart|move: Trick Room|[of] p2a: Porygon2\n|\n|-damage|p2a: Porygon2|13\/100 tox|[from] psn\n|upkeep\n|turn|13\n|\n|t:|1666306775\n|switch|p1a: Mudsdale|Mudsdale, F|100\/100\n|move|p2a: Porygon2|Teleport|p2a: Porygon2\n|\n|t:|1666306782\n|switch|p2a: Stakataka|Stakataka|100\/100|[from]move: Teleport\n|-ability|p2a: Stakataka|Download|boost\n|-boost|p2a: Stakataka|spa|1\n|\n|upkeep\n|turn|14\n|\n|t:|1666306790\n|move|p2a: Stakataka|Stealth Rock|p1a: Mudsdale\n|-sidestart|p1: IIIodyne|move: Stealth Rock\n|move|p1a: Mudsdale|Earthquake|p2a: Stakataka\n|-supereffective|p2a: Stakataka\n|-damage|p2a: Stakataka|0 fnt\n|faint|p2a: Stakataka\n|\n|upkeep\n|j| Nike2012\n|\n|t:|1666306803\n|switch|p2a: Glastrier|Glastrier|100\/100\n|-ability|p2a: Glastrier|Download|boost\n|-boost|p2a: Glastrier|spa|1\n|turn|15\n|c|\u2606IIIodyne|what a waste of stakataka\n|c|\u2606ThsGameScks|can't tell if you\n|c|\u2606ThsGameScks|re being saracastic or not\n|c|\u2606IIIodyne|im not\n|c|\u2606ThsGameScks|wtf is that supposed to do your team\n|inactive|IIIodyne has 120 seconds left.\n|inactive|ThsGameScks has 120 seconds left.\n|c|\u2606IIIodyne|>imagine sacking stakataka for stealth rocks\n|c|\u2606IIIodyne|well nothing obviousl\n|c|\u2606ThsGameScks|my team doesn't beat you anyway\n|c|\u2606IIIodyne|but nonetheless\n|inactive|IIIodyne has 90 seconds left.\n|inactive|ThsGameScks has 90 seconds left.\n|c|\u2606ThsGameScks|no need to attack me so hard lol\n|\n|t:|1666306884\n|switch|p2a: Salamence|Salamence, F|100\/100\n|-ability|p2a: Salamence|Download|boost\n|-boost|p2a: Salamence|spa|1\n|switch|p1a: Heatran|Heatran, F|100\/100\n|-damage|p1a: Heatran|88\/100|[from] Stealth Rock\n|\n|-heal|p1a: Heatran|94\/100|[from] item: Leftovers\n|upkeep\n|turn|16\n|c|\u2606IIIodyne|i just feel sad for him is all\n|c|\u2606IIIodyne|rip\n|inactive|IIIodyne has 90 seconds left.\n|\n|t:|1666306892\n|switch|p2a: Porygon2|Porygon2|13\/100 tox\n|-ability|p2a: Porygon2|Download|boost\n|-boost|p2a: Porygon2|atk|1\n|move|p1a: Heatran|Toxic|p2a: Porygon2\n|-fail|p2a: Porygon2|tox\n|\n|-heal|p1a: Heatran|100\/100|[from] item: Leftovers\n|-damage|p2a: Porygon2|7\/100 tox|[from] psn\n|-fieldend|move: Trick Room\n|upkeep\n|turn|17\n|\n|t:|1666306900\n|move|p1a: Heatran|Earth Power|p2a: Porygon2\n|-damage|p2a: Porygon2|0 fnt\n|faint|p2a: Porygon2\n|\n|upkeep\n|\n|t:|1666306901\n|switch|p2a: Mr. Mime|Mr. Mime, M|100\/100\n|-ability|p2a: Mr. Mime|Download|boost\n|-boost|p2a: Mr. Mime|atk|1\n|turn|18\n|\n|t:|1666306904\n|move|p1a: Heatran|Taunt|p2a: Mr. Mime\n|-start|p2a: Mr. Mime|move: Taunt\n|cant|p2a: Mr. Mime|move: Taunt|Trick Room\n|\n|upkeep\n|turn|19\n|c|\u2606ThsGameScks|i dislike you\n|c|\u2606IIIodyne|lol\n|c|\u2606ThsGameScks|quite a lot\n|inactive|ThsGameScks has 90 seconds left.\n|\n|t:|1666306920\n|switch|p2a: Salamence|Salamence, F|100\/100\n|-ability|p2a: Salamence|Download|boost\n|-boost|p2a: Salamence|atk|1\n|move|p1a: Heatran|Magma Storm|p2a: Salamence\n|-resisted|p2a: Salamence\n|-damage|p2a: Salamence|73\/100\n|-activate|p2a: Salamence|move: Magma Storm|[of] p1a: Heatran\n|\n|-damage|p2a: Salamence|61\/100|[from] move: Magma Storm|[partiallytrapped]\n|upkeep\n|turn|20\n|\n|t:|1666306929\n|move|p2a: Salamence|Outrage|p1a: Heatran\n|-resisted|p1a: Heatran\n|-damage|p1a: Heatran|69\/100\n|-damage|p2a: Salamence|48\/100|[from] ability: Iron Barbs|[of] p1a: Heatran\n|-ability|p1a: Heatran|Stamina|boost\n|-boost|p1a: Heatran|def|1\n|move|p1a: Heatran|Toxic|p2a: Salamence\n|-status|p2a: Salamence|tox\n|\n|-heal|p1a: Heatran|75\/100|[from] item: Leftovers\n|-damage|p2a: Salamence|42\/100 tox|[from] psn\n|-damage|p2a: Salamence|30\/100 tox|[from] move: Magma Storm|[partiallytrapped]\n|upkeep\n|turn|21\n|-message|ThsGameScks forfeited.\n|\n|win|IIIodyne\n|n|\u2606IIIodyne|iiiodyne\n|n|\u2606ThsGameScks|thsgamescks\n|n| blastablasta|blastablasta\n|n| mnm sosa|mnmsosa\n|n| KaenSoul|kaensoul\n|n| Nike2012|nike2012\n","uploadtime":1666306935,"views":2,"p1id":"iiiodyne","p2id":"thsgamescks","formatid":"gen8sharedpower","rating":0,"private":0,"password":null}