{"id":"gen8balancedhackmons-1619599453","p1":"omaznits","p2":"Redflix","format":"gen8balancedhackmons","log":"|j|\u2606omaznits\n|j|\u2606Redflix\n|t:|1658111407\n|gametype|singles\n|player|p1|omaznits|xerosic|1597\n|player|p2|Redflix|erika|1669\n|teamsize|p1|6\n|teamsize|p2|6\n|gen|8\n|tier|[Gen 8] Balanced Hackmons\n|rated|\n|rule|OHKO Clause: OHKO moves are banned\n|rule|Evasion Moves Clause: Evasion moves are banned\n|rule|Forme Clause: Limit one of each forme of a Pok\u00e9mon\n|rule|HP Percentage Mod: HP is shown in percentages\n|rule|Dynamax Clause: You cannot dynamax\n|rule|Sleep Clause: Sleep-inducing moves are banned\n|rule|Endless Battle Clause: Forcing endless battles is banned\n|clearpoke\n|poke|p1|Calyrex-Ice|\n|poke|p1|Zygarde-Complete|\n|poke|p1|Giratina|\n|poke|p1|Zamazenta-Crowned|\n|poke|p1|Kyogre|\n|poke|p1|Marowak-Alola, M|\n|poke|p2|Eternatus|\n|poke|p2|Lunala|\n|poke|p2|Regigigas|\n|poke|p2|Ho-Oh|\n|poke|p2|Xerneas-*|\n|poke|p2|Groudon|\n|teampreview\n|inactive|Battle timer is ON: inactive players will automatically lose when time's up. (requested by Redflix)\n|\n|t:|1658111426\n|start\n|switch|p1a: Calyrex|Calyrex-Ice|100\/100\n|switch|p2a: Xerneas|Xerneas|100\/100\n|turn|1\n|\n|t:|1658111432\n|switch|p1a: Marowak|Marowak-Alola, M|100\/100\n|move|p2a: Xerneas|Boomburst|p1a: Marowak\n|-resisted|p1a: Marowak\n|-damage|p1a: Marowak|57\/100\n|\n|upkeep\n|turn|2\n|\n|t:|1658111437\n|move|p2a: Xerneas|Volt Switch|p1a: Marowak\n|-crit|p1a: Marowak\n|-damage|p1a: Marowak|20\/100\n|\n|t:|1658111446\n|switch|p2a: Groudon|Groudon|100\/100|[from]move: Volt Switch\n|move|p1a: Marowak|V-create|p2a: Groudon\n|-damage|p2a: Groudon|17\/100\n|-unboost|p1a: Marowak|spe|1\n|-unboost|p1a: Marowak|def|1\n|-unboost|p1a: Marowak|spd|1\n|\n|-heal|p2a: Groudon|23\/100|[from] item: Leftovers\n|upkeep\n|turn|3\n|\n|t:|1658111451\n|switch|p2a: Lunala|Lunala|100\/100\n|move|p1a: Marowak|Copycat|p1a: Marowak\n|move|p1a: Marowak|V-create|p2a: Lunala|[from]move: Copycat\n|-damage|p2a: Lunala|57\/100\n|-unboost|p1a: Marowak|spe|1\n|-unboost|p1a: Marowak|def|1\n|-unboost|p1a: Marowak|spd|1\n|\n|-heal|p2a: Lunala|63\/100|[from] item: Leftovers\n|upkeep\n|turn|4\n|\n|t:|1658111463\n|move|p1a: Marowak|Copycat|p1a: Marowak\n|move|p1a: Marowak|V-create|p2a: Lunala|[from]move: Copycat\n|-damage|p2a: Lunala|24\/100\n|-unboost|p1a: Marowak|spe|1\n|-unboost|p1a: Marowak|def|1\n|-unboost|p1a: Marowak|spd|1\n|move|p2a: Lunala|Roost|p2a: Lunala\n|-heal|p2a: Lunala|74\/100\n|-singleturn|p2a: Lunala|move: Roost\n|\n|-heal|p2a: Lunala|80\/100|[from] item: Leftovers\n|upkeep\n|turn|5\n|\n|t:|1658111467\n|move|p1a: Marowak|Destiny Bond|p1a: Marowak\n|-singlemove|p1a: Marowak|Destiny Bond\n|move|p2a: Lunala|Spectral Thief|p1a: Marowak\n|-supereffective|p1a: Marowak\n|-damage|p1a: Marowak|0 fnt\n|faint|p1a: Marowak\n|-activate|p1a: Marowak|move: Destiny Bond\n|faint|p2a: Lunala\n|\n|upkeep\n|\n|t:|1658111474\n|switch|p2a: Xerneas|Xerneas|100\/100\n|switch|p1a: Calyrex|Calyrex-Ice|100\/100\n|turn|6\n|\n|t:|1658111478\n|move|p1a: Calyrex|Fake Out|p2a: Xerneas\n|-damage|p2a: Xerneas|77\/100\n|cant|p2a: Xerneas|flinch\n|\n|upkeep\n|turn|7\n|\n|t:|1658111482\n|move|p1a: Calyrex|Extreme Speed|p2a: Xerneas\n|-damage|p2a: Xerneas|31\/100\n|move|p2a: Xerneas|Strength Sap|p1a: Calyrex\n|-unboost|p1a: Calyrex|atk|1\n|-heal|p2a: Xerneas|100\/100\n|\n|upkeep\n|turn|8\n|\n|t:|1658111488\n|move|p1a: Calyrex|Obstruct|p1a: Calyrex\n|-singleturn|p1a: Calyrex|Protect\n|move|p2a: Xerneas|Boomburst|p1a: Calyrex\n|-activate|p1a: Calyrex|move: Protect\n|\n|upkeep\n|turn|9\n|\n|t:|1658111491\n|move|p1a: Calyrex|Extreme Speed|p2a: Xerneas\n|-damage|p2a: Xerneas|70\/100\n|move|p2a: Xerneas|Volt Switch|p1a: Calyrex\n|-damage|p1a: Calyrex|87\/100\n|\n|t:|1658111495\n|switch|p2a: Regigigas|Regigigas|100\/100|[from]move: Volt Switch\n|\n|-status|p2a: Regigigas|tox|[from] item: Toxic Orb\n|upkeep\n|turn|10\n|\n|t:|1658111498\n|switch|p1a: Zamazenta|Zamazenta-Crowned|100\/100\n|move|p2a: Regigigas|Dragon Dance|p2a: Regigigas\n|-boost|p2a: Regigigas|atk|1\n|-boost|p2a: Regigigas|spe|1\n|\n|upkeep\n|turn|11\n|\n|t:|1658111504\n|switch|p2a: Ho-Oh|Ho-Oh|100\/100\n|move|p1a: Zamazenta|Imprison|p1a: Zamazenta\n|-start|p1a: Zamazenta|move: Imprison\n|\n|upkeep\n|turn|12\n|\n|t:|1658111512\n|move|p1a: Zamazenta|Anchor Shot|p2a: Ho-Oh\n|-resisted|p2a: Ho-Oh\n|-damage|p2a: Ho-Oh|87\/100\n|-activate|p2a: Ho-Oh|trapped\n|move|p2a: Ho-Oh|Nuzzle|p1a: Zamazenta\n|-damage|p1a: Zamazenta|98\/100\n|-status|p1a: Zamazenta|par\n|\n|-heal|p1a: Zamazenta|100\/100 par|[from] item: Leftovers\n|upkeep\n|turn|13\n|\n|t:|1658111518\n|move|p2a: Ho-Oh|Fire Lash|p1a: Zamazenta\n|-supereffective|p1a: Zamazenta\n|-damage|p1a: Zamazenta|74\/100 par\n|-unboost|p1a: Zamazenta|def|1\n|move|p1a: Zamazenta|Transform|p2a: Ho-Oh\n|-transform|p1a: Zamazenta|p2a: Ho-Oh\n|\n|-heal|p1a: Zamazenta|80\/100 par|[from] item: Leftovers\n|upkeep\n|turn|14\n|\n|t:|1658111521\n|-activate|p2a: Ho-Oh|move: Struggle\n|move|p2a: Ho-Oh|Struggle|p1a: Zamazenta\n|-damage|p1a: Zamazenta|67\/100 par\n|-damage|p2a: Ho-Oh|62\/100|[from] recoil\n|move|p1a: Zamazenta|Fire Lash|p2a: Ho-Oh\n|-resisted|p2a: Ho-Oh\n|-damage|p2a: Ho-Oh|45\/100\n|-unboost|p2a: Ho-Oh|def|1\n|\n|-heal|p1a: Zamazenta|73\/100 par|[from] item: Leftovers\n|upkeep\n|turn|15\n|\n|t:|1658111524\n|-activate|p2a: Ho-Oh|move: Struggle\n|move|p2a: Ho-Oh|Struggle|p1a: Zamazenta\n|-damage|p1a: Zamazenta|58\/100 par\n|-damage|p2a: Ho-Oh|20\/100|[from] recoil\n|move|p1a: Zamazenta|Roost|p1a: Zamazenta\n|-heal|p1a: Zamazenta|100\/100 par\n|-singleturn|p1a: Zamazenta|move: Roost\n|\n|upkeep\n|turn|16\n|\n|t:|1658111529\n|switch|p1a: Zygarde|Zygarde-Complete|100\/100\n|-activate|p2a: Ho-Oh|move: Struggle\n|move|p2a: Ho-Oh|Struggle|p1a: Zygarde\n|-damage|p1a: Zygarde|94\/100\n|-damage|p2a: Ho-Oh|0 fnt|[from] recoil\n|faint|p2a: Ho-Oh\n|\n|-heal|p1a: Zygarde|99\/100|[from] item: Leftovers\n|upkeep\n|\n|t:|1658111532\n|switch|p2a: Xerneas|Xerneas|70\/100\n|turn|17\n|\n|t:|1658111536\n|move|p1a: Zygarde|Aromatherapy|p1a: Zygarde\n|-activate|p1a: Zygarde|move: Aromatherapy\n|-curestatus|p1: Zamazenta|par|[msg]\n|move|p2a: Xerneas|Boomburst|p1a: Zygarde\n|-supereffective|p1a: Zygarde\n|-damage|p1a: Zygarde|29\/100\n|\n|-heal|p1a: Zygarde|35\/100|[from] item: Leftovers\n|upkeep\n|turn|18\n|\n|t:|1658111538\n|move|p1a: Zygarde|Wish|p1a: Zygarde\n|move|p2a: Xerneas|Boomburst|p1a: Zygarde\n|-supereffective|p1a: Zygarde\n|-damage|p1a: Zygarde|0 fnt\n|faint|p1a: Zygarde\n|\n|upkeep\n|\n|t:|1658111542\n|switch|p1a: Calyrex|Calyrex-Ice|87\/100\n|turn|19\n|\n|t:|1658111545\n|move|p1a: Calyrex|Fake Out|p2a: Xerneas\n|-damage|p2a: Xerneas|47\/100\n|cant|p2a: Xerneas|flinch\n|\n|-heal|p1a: Calyrex|100\/100|[from] move: Wish|[wisher] Zygarde\n|upkeep\n|turn|20\n|\n|t:|1658111547\n|move|p1a: Calyrex|Extreme Speed|p2a: Xerneas\n|-damage|p2a: Xerneas|2\/100\n|move|p2a: Xerneas|Strength Sap|p1a: Calyrex\n|-unboost|p1a: Calyrex|atk|1\n|-heal|p2a: Xerneas|100\/100\n|\n|upkeep\n|turn|21\n|\n|t:|1658111551\n|move|p1a: Calyrex|Obstruct|p1a: Calyrex\n|-singleturn|p1a: Calyrex|Protect\n|move|p2a: Xerneas|Boomburst|p1a: Calyrex\n|-activate|p1a: Calyrex|move: Protect\n|\n|upkeep\n|turn|22\n|\n|t:|1658111557\n|move|p1a: Calyrex|Extreme Speed|p2a: Xerneas\n|-damage|p2a: Xerneas|71\/100\n|move|p2a: Xerneas|Volt Switch|p1a: Calyrex\n|-damage|p1a: Calyrex|86\/100\n|l|\u2606Redflix\n|inactive|Redflix disconnected and has a minute to reconnect!\n|player|p2|\n|c|\u2606omaznits|Rip\n|inactive|Redflix has 30 seconds to reconnect!\n|j|\u2606Redflix\n|inactive|Redflix reconnected and has 100 seconds left.\n|player|p2|Redflix|erika\n|c|\u2606omaznits|Welcome\n|\n|t:|1658111616\n|switch|p2a: Regigigas|Regigigas|100\/100 tox|[from]move: Volt Switch\n|\n|upkeep\n|turn|23\n|\n|t:|1658111620\n|switch|p1a: Zamazenta|Zamazenta-Crowned|100\/100\n|move|p2a: Regigigas|Dragon Dance|p2a: Regigigas\n|-boost|p2a: Regigigas|atk|1\n|-boost|p2a: Regigigas|spe|1\n|\n|upkeep\n|turn|24\n|\n|t:|1658111630\n|move|p2a: Regigigas|V-create|p1a: Zamazenta\n|-supereffective|p1a: Zamazenta\n|-damage|p1a: Zamazenta|38\/100\n|-unboost|p2a: Regigigas|spe|1\n|-unboost|p2a: Regigigas|def|1\n|-unboost|p2a: Regigigas|spd|1\n|move|p1a: Zamazenta|Anchor Shot|p2a: Regigigas\n|-damage|p2a: Regigigas|60\/100 tox\n|-activate|p2a: Regigigas|trapped\n|\n|-heal|p1a: Zamazenta|44\/100|[from] item: Leftovers\n|-heal|p2a: Regigigas|72\/100 tox|[from] ability: Poison Heal\n|upkeep\n|turn|25\n|\n|t:|1658111637\n|switch|p1a: Giratina|Giratina|100\/100\n|move|p2a: Regigigas|V-create|p1a: Giratina\n|-resisted|p1a: Giratina\n|-damage|p1a: Giratina|73\/100\n|-unboost|p2a: Regigigas|spe|1\n|-unboost|p2a: Regigigas|def|1\n|-unboost|p2a: Regigigas|spd|1\n|\n|-heal|p1a: Giratina|79\/100|[from] item: Leftovers\n|-heal|p2a: Regigigas|85\/100 tox|[from] ability: Poison Heal\n|upkeep\n|turn|26\n|\n|t:|1658111640\n|switch|p2a: Xerneas|Xerneas|71\/100\n|move|p1a: Giratina|Core Enforcer|p2a: Xerneas\n|-immune|p2a: Xerneas\n|\n|-heal|p1a: Giratina|85\/100|[from] item: Leftovers\n|upkeep\n|turn|27\n|\n|t:|1658111646\n|move|p1a: Giratina|Parting Shot|p2a: Xerneas\n|-unboost|p2a: Xerneas|atk|1\n|-unboost|p2a: Xerneas|spa|1\n|\n|t:|1658111648\n|switch|p1a: Calyrex|Calyrex-Ice|86\/100|[from]move: Parting Shot\n|move|p2a: Xerneas|Boomburst|p1a: Calyrex\n|-damage|p1a: Calyrex|55\/100\n|\n|upkeep\n|turn|28\n|\n|t:|1658111656\n|switch|p2a: Groudon|Groudon|23\/100\n|move|p1a: Calyrex|Fake Out|p2a: Groudon\n|-supereffective|p2a: Groudon\n|-damage|p2a: Groudon|0 fnt\n|faint|p2a: Groudon\n|\n|upkeep\n|j| Sauromon\n|\n|t:|1658111662\n|switch|p2a: Xerneas|Xerneas|71\/100\n|turn|29\n|\n|t:|1658111672\n|switch|p1a: Kyogre|Kyogre|100\/100\n|move|p2a: Xerneas|Strength Sap|p1a: Kyogre\n|move|p1a: Kyogre|Strength Sap|p2a: Xerneas|[from]ability: Magic Bounce\n|-unboost|p2a: Xerneas|atk|1\n|\n|upkeep\n|turn|30\n|\n|t:|1658111677\n|move|p2a: Xerneas|Volt Switch|p1a: Kyogre\n|-supereffective|p1a: Kyogre\n|-damage|p1a: Kyogre|75\/100\n|\n|t:|1658111678\n|switch|p2a: Regigigas|Regigigas|85\/100 tox|[from]move: Volt Switch\n|move|p1a: Kyogre|Stealth Rock|p2a: Regigigas\n|-sidestart|p2: Redflix|move: Stealth Rock\n|\n|-heal|p1a: Kyogre|81\/100|[from] item: Leftovers\n|-heal|p2a: Regigigas|97\/100 tox|[from] ability: Poison Heal\n|upkeep\n|turn|31\n|\n|t:|1658111682\n|move|p2a: Regigigas|Dragon Dance|p2a: Regigigas\n|-boost|p2a: Regigigas|atk|1\n|-boost|p2a: Regigigas|spe|1\n|move|p1a: Kyogre|U-turn|p2a: Regigigas\n|-damage|p2a: Regigigas|86\/100 tox\n|\n|t:|1658111685\n|switch|p1a: Calyrex|Calyrex-Ice|55\/100|[from]move: U-turn\n|\n|-heal|p2a: Regigigas|99\/100 tox|[from] ability: Poison Heal\n|upkeep\n|turn|32\n|\n|t:|1658111687\n|move|p1a: Calyrex|Fake Out|p2a: Regigigas\n|-damage|p2a: Regigigas|74\/100 tox\n|cant|p2a: Regigigas|flinch\n|\n|-heal|p2a: Regigigas|87\/100 tox|[from] ability: Poison Heal\n|upkeep\n|turn|33\n|\n|t:|1658111689\n|move|p1a: Calyrex|Obstruct|p1a: Calyrex\n|-singleturn|p1a: Calyrex|Protect\n|move|p2a: Regigigas|Knock Off|p1a: Calyrex\n|-activate|p1a: Calyrex|move: Protect\n|-unboost|p2a: Regigigas|def|2\n|\n|-heal|p2a: Regigigas|99\/100 tox|[from] ability: Poison Heal\n|upkeep\n|turn|34\n|\n|t:|1658111694\n|switch|p1a: Giratina|Giratina|85\/100\n|move|p2a: Regigigas|Knock Off|p1a: Giratina\n|-supereffective|p1a: Giratina\n|-damage|p1a: Giratina|25\/100\n|-enditem|p1a: Giratina|Leftovers|[from] move: Knock Off|[of] p2a: Regigigas\n|\n|-heal|p2a: Regigigas|100\/100 tox|[from] ability: Poison Heal\n|upkeep\n|turn|35\n|\n|t:|1658111697\n|move|p1a: Giratina|Parting Shot|p2a: Regigigas\n|-unboost|p2a: Regigigas|atk|1\n|-unboost|p2a: Regigigas|spa|1\n|\n|t:|1658111702\n|switch|p1a: Kyogre|Kyogre|81\/100|[from]move: Parting Shot\n|move|p2a: Regigigas|Knock Off|p1a: Kyogre\n|-damage|p1a: Kyogre|50\/100\n|-enditem|p1a: Kyogre|Leftovers|[from] move: Knock Off|[of] p2a: Regigigas\n|\n|upkeep\n|turn|36\n|\n|t:|1658111709\n|switch|p2a: Xerneas|Xerneas|71\/100\n|move|p1a: Kyogre|Roost|p1a: Kyogre\n|-heal|p1a: Kyogre|99\/100\n|-singleturn|p1a: Kyogre|move: Roost\n|\n|upkeep\n|turn|37\n|\n|t:|1658111713\n|move|p2a: Xerneas|Rapid Spin|p1a: Kyogre\n|-damage|p1a: Kyogre|85\/100\n|-boost|p2a: Xerneas|spe|1\n|-sideend|p2: Redflix|Stealth Rock|[from] move: Rapid Spin|[of] p2a: Xerneas\n|move|p1a: Kyogre|Nuzzle|p2a: Xerneas\n|-damage|p2a: Xerneas|67\/100\n|-status|p2a: Xerneas|par\n|\n|upkeep\n|turn|38\n|\n|t:|1658111719\n|move|p1a: Kyogre|Stealth Rock|p2a: Xerneas\n|-sidestart|p2: Redflix|move: Stealth Rock\n|cant|p2a: Xerneas|par\n|\n|upkeep\n|turn|39\n|\n|t:|1658111722\n|move|p1a: Kyogre|U-turn|p2a: Xerneas\n|-resisted|p2a: Xerneas\n|-damage|p2a: Xerneas|62\/100 par\n|\n|t:|1658111725\n|switch|p1a: Zamazenta|Zamazenta-Crowned|44\/100|[from]move: U-turn\n|cant|p2a: Xerneas|par\n|\n|-heal|p1a: Zamazenta|50\/100|[from] item: Leftovers\n|upkeep\n|turn|40\n|\n|t:|1658111729\n|move|p1a: Zamazenta|Anchor Shot|p2a: Xerneas\n|-supereffective|p2a: Xerneas\n|-damage|p2a: Xerneas|13\/100 par\n|-activate|p2a: Xerneas|trapped\n|move|p2a: Xerneas|Boomburst|p1a: Zamazenta\n|-crit|p1a: Zamazenta\n|-damage|p1a: Zamazenta|0 fnt\n|faint|p1a: Zamazenta\n|\n|upkeep\n|\n|t:|1658111735\n|switch|p1a: Calyrex|Calyrex-Ice|55\/100\n|turn|41\n|\n|t:|1658111737\n|move|p1a: Calyrex|Fake Out|p2a: Xerneas\n|-damage|p2a: Xerneas|0 fnt\n|faint|p2a: Xerneas\n|\n|upkeep\n|\n|t:|1658111740\n|switch|p2a: Regigigas|Regigigas|100\/100 tox\n|-damage|p2a: Regigigas|88\/100 tox|[from] Stealth Rock\n|turn|42\n|\n|t:|1658111747\n|move|p1a: Calyrex|Extreme Speed|p2a: Regigigas\n|-damage|p2a: Regigigas|45\/100 tox\n|move|p2a: Regigigas|Knock Off|p1a: Calyrex\n|-supereffective|p1a: Calyrex\n|-damage|p1a: Calyrex|14\/100\n|-enditem|p1a: Calyrex|Never-Melt Ice|[from] move: Knock Off|[of] p2a: Regigigas\n|\n|-heal|p2a: Regigigas|57\/100 tox|[from] ability: Poison Heal\n|upkeep\n|turn|43\n|\n|t:|1658111754\n|move|p1a: Calyrex|Extreme Speed|p2a: Regigigas\n|-damage|p2a: Regigigas|16\/100 tox\n|move|p2a: Regigigas|Dragon Dance|p2a: Regigigas\n|-boost|p2a: Regigigas|atk|1\n|-boost|p2a: Regigigas|spe|1\n|\n|-heal|p2a: Regigigas|29\/100 tox|[from] ability: Poison Heal\n|upkeep\n|turn|44\n|\n|t:|1658111756\n|move|p1a: Calyrex|Extreme Speed|p2a: Regigigas\n|-damage|p2a: Regigigas|0 fnt\n|faint|p2a: Regigigas\n|\n|upkeep\n|\n|t:|1658111758\n|switch|p2a: Eternatus|Eternatus|100\/100\n|-damage|p2a: Eternatus|88\/100|[from] Stealth Rock\n|turn|45\n|\n|t:|1658111762\n|move|p1a: Calyrex|Extreme Speed|p2a: Eternatus\n|-supereffective|p2a: Eternatus\n|-damage|p2a: Eternatus|11\/100\n|move|p2a: Eternatus|Earth Power|p1a: Calyrex\n|-damage|p1a: Calyrex|0 fnt\n|faint|p1a: Calyrex\n|\n|upkeep\n|\n|t:|1658111764\n|switch|p1a: Kyogre|Kyogre|85\/100\n|turn|46\n|\n|t:|1658111770\n|move|p2a: Eternatus|Sludge Wave|p1a: Kyogre\n|-damage|p1a: Kyogre|33\/100\n|move|p1a: Kyogre|Nuzzle|p2a: Eternatus\n|-resisted|p2a: Eternatus\n|-damage|p2a: Eternatus|9\/100\n|-status|p2a: Eternatus|par\n|\n|upkeep\n|turn|47\n|\n|t:|1658111773\n|move|p1a: Kyogre|Roost|p1a: Kyogre\n|-heal|p1a: Kyogre|83\/100\n|-singleturn|p1a: Kyogre|move: Roost\n|move|p2a: Eternatus|Sludge Wave|p1a: Kyogre\n|-damage|p1a: Kyogre|33\/100\n|\n|upkeep\n|turn|48\n|\n|t:|1658111778\n|move|p1a: Kyogre|Roost|p1a: Kyogre\n|-heal|p1a: Kyogre|83\/100\n|-singleturn|p1a: Kyogre|move: Roost\n|move|p2a: Eternatus|Sludge Wave|p1a: Kyogre\n|-damage|p1a: Kyogre|31\/100\n|\n|upkeep\n|turn|49\n|\n|t:|1658111783\n|move|p1a: Kyogre|Nuzzle|p2a: Eternatus\n|-resisted|p2a: Eternatus\n|-damage|p2a: Eternatus|8\/100 par\n|move|p2a: Eternatus|Sludge Wave|p1a: Kyogre\n|-damage|p1a: Kyogre|0 fnt\n|faint|p1a: Kyogre\n|\n|upkeep\n|\n|t:|1658111785\n|switch|p1a: Giratina|Giratina|25\/100\n|turn|50\n|c|\u2606omaznits|Gg\n|\n|t:|1658111788\n|move|p1a: Giratina|Core Enforcer|p2a: Eternatus\n|-supereffective|p2a: Eternatus\n|-damage|p2a: Eternatus|0 fnt\n|faint|p2a: Eternatus\n|\n|win|omaznits\n|raw|omaznits's rating: 1597 &rarr; <strong>1621<\/strong><br \/>(+24 for winning)\n|raw|Redflix's rating: 1669 &rarr; <strong>1645<\/strong><br \/>(-24 for losing)\n|c|\u2606omaznits|Wp\n","uploadtime":1658111791,"views":41,"p1id":"omaznits","p2id":"redflix","formatid":"gen8balancedhackmons","rating":1621,"private":0,"password":null}