{"id":"gen8ou-1381143920","p1":"LT83AQ Ahsan","p2":"RTSG tests","format":"gen8ou","log":"|raw|<div class=\"broadcast-blue\"><strong>This battle is required to be public due to a player having a name starting with 'lt83aq'.<\/div>\n|j|\u2606LT83AQ Ahsan\n|j|\u2606RTSG tests\n|t:|1626842497\n|gametype|singles\n|player|p1|LT83AQ Ahsan|clemont|1746\n|player|p2|RTSG tests|birdkeeper|1712\n|teamsize|p1|6\n|teamsize|p2|6\n|gen|8\n|tier|[Gen 8] OU\n|rated|\n|rule|Sleep Clause Mod: Limit one foe put to sleep\n|rule|Species Clause: Limit one of each Pok\u00e9mon\n|rule|OHKO Clause: OHKO moves are banned\n|rule|Evasion Moves Clause: Evasion moves are banned\n|rule|Endless Battle Clause: Forcing endless battles is banned\n|rule|HP Percentage Mod: HP is shown in percentages\n|rule|Dynamax Clause: You cannot dynamax\n|clearpoke\n|poke|p1|Gallade, M|\n|poke|p1|Kyurem|\n|poke|p1|Swampert, F|\n|poke|p1|Corviknight, F|\n|poke|p1|Volcarona, M|\n|poke|p1|Clefable, F|\n|poke|p2|Sceptile, M|\n|poke|p2|Salamence, F|\n|poke|p2|Excadrill, M|\n|poke|p2|Tapu Koko|\n|poke|p2|Magnezone|\n|poke|p2|Weavile, M|\n|teampreview\n|inactive|Battle timer is ON: inactive players will automatically lose when time's up. (requested by LT83AQ Ahsan)\n|\n|t:|1626842504\n|start\n|switch|p1a: Swampert|Swampert, F|100\/100\n|switch|p2a: Weavile|Weavile, M|100\/100\n|-ability|p2a: Weavile|Pressure\n|turn|1\n|\n|t:|1626842509\n|switch|p1a: Corviknight|Corviknight, F|100\/100\n|-ability|p1a: Corviknight|Pressure\n|move|p2a: Weavile|Triple Axel|p1a: Corviknight\n|-damage|p1a: Corviknight|91\/100\n|-damage|p1a: Corviknight|72\/100\n|-crit|p1a: Corviknight\n|-damage|p1a: Corviknight|33\/100\n|-hitcount|p1a: Corviknight|3\n|\n|upkeep\n|turn|2\n|\n|t:|1626842513\n|move|p2a: Weavile|Triple Axel|p1a: Corviknight\n|-damage|p1a: Corviknight|25\/100\n|-damage|p1a: Corviknight|7\/100\n|-crit|p1a: Corviknight\n|-damage|p1a: Corviknight|0 fnt\n|faint|p1a: Corviknight\n|-hitcount|p1: Corviknight|3\n|\n|upkeep\n|\n|t:|1626842521\n|switch|p1a: Volcarona|Volcarona, M|100\/100\n|turn|3\n|\n|t:|1626842525\n|switch|p2a: Salamence|Salamence, F|100\/100\n|move|p1a: Volcarona|Fire Blast|p2a: Salamence\n|-resisted|p2a: Salamence\n|-damage|p2a: Salamence|55\/100\n|\n|upkeep\n|turn|4\n|\n|t:|1626842531\n|switch|p1a: Swampert|Swampert, F|100\/100\n|move|p2a: Salamence|Dual Wingbeat|p1a: Swampert\n|-damage|p1a: Swampert|81\/100\n|-damage|p1a: Swampert|62\/100\n|-hitcount|p1a: Swampert|2\n|\n|-heal|p1a: Swampert|69\/100|[from] item: Leftovers\n|upkeep\n|turn|5\n|\n|t:|1626842538\n|move|p2a: Salamence|Dragon Dance|p2a: Salamence\n|-boost|p2a: Salamence|atk|1\n|-boost|p2a: Salamence|spe|1\n|move|p1a: Swampert|Stealth Rock|p2a: Salamence\n|-sidestart|p2: RTSG tests|move: Stealth Rock\n|\n|-heal|p1a: Swampert|75\/100|[from] item: Leftovers\n|upkeep\n|turn|6\n|\n|t:|1626842541\n|move|p2a: Salamence|Dual Wingbeat|p1a: Swampert\n|-damage|p1a: Swampert|47\/100\n|-damage|p1a: Swampert|19\/100\n|-hitcount|p1a: Swampert|2\n|move|p1a: Swampert|Toxic|p2a: Salamence\n|-status|p2a: Salamence|tox\n|\n|-heal|p1a: Swampert|25\/100|[from] item: Leftovers\n|-damage|p2a: Salamence|49\/100 tox|[from] psn\n|upkeep\n|turn|7\n|\n|t:|1626842547\n|move|p2a: Salamence|Dual Wingbeat|p1a: Swampert\n|-damage|p1a: Swampert|0 fnt\n|faint|p1a: Swampert\n|-ability|p2a: Salamence|Moxie|boost\n|-boost|p2a: Salamence|atk|1\n|-hitcount|p1: Swampert|1\n|\n|-damage|p2a: Salamence|37\/100 tox|[from] psn\n|upkeep\n|\n|t:|1626842549\n|switch|p1a: Clefable|Clefable, F|100\/100\n|turn|8\n|\n|t:|1626842551\n|move|p1a: Clefable|Protect|p1a: Clefable\n|-singleturn|p1a: Clefable|Protect\n|move|p2a: Salamence|Dual Wingbeat|p1a: Clefable\n|-activate|p1a: Clefable|move: Protect\n|\n|-damage|p2a: Salamence|19\/100 tox|[from] psn\n|upkeep\n|turn|9\n|\n|t:|1626842554\n|move|p2a: Salamence|Dual Wingbeat|p1a: Clefable|[miss]\n|-miss|p2a: Salamence|p1a: Clefable\n|move|p1a: Clefable|Teleport|p1a: Clefable\n|\n|t:|1626842559\n|switch|p1a: Volcarona|Volcarona, M|100\/100|[from]move: Teleport\n|\n|-damage|p2a: Salamence|0 fnt|[from] psn\n|faint|p2a: Salamence\n|upkeep\n|\n|t:|1626842567\n|switch|p2a: Tapu Koko|Tapu Koko|100\/100\n|-damage|p2a: Tapu Koko|88\/100|[from] Stealth Rock\n|-fieldstart|move: Electric Terrain|[from] ability: Electric Surge|[of] p2a: Tapu Koko\n|turn|10\n|\n|t:|1626842578\n|move|p2a: Tapu Koko|Taunt|p1a: Volcarona\n|-start|p1a: Volcarona|move: Taunt\n|move|p1a: Volcarona|Fire Blast|p2a: Tapu Koko\n|-damage|p2a: Tapu Koko|10\/100\n|\n|upkeep\n|turn|11\n|\n|t:|1626842585\n|move|p2a: Tapu Koko|Light Screen|p2a: Tapu Koko\n|-sidestart|p2: RTSG tests|move: Light Screen\n|move|p1a: Volcarona|Giga Drain|p2a: Tapu Koko\n|-damage|p2a: Tapu Koko|0 fnt\n|faint|p2a: Tapu Koko\n|\n|upkeep\n|\n|t:|1626842588\n|switch|p2a: Excadrill|Excadrill, M|100\/100\n|-damage|p2a: Excadrill|97\/100|[from] Stealth Rock\n|-ability|p2a: Excadrill|Mold Breaker\n|turn|12\n|\n|t:|1626842593\n|move|p2a: Excadrill|Rock Tomb|p1a: Volcarona\n|-supereffective|p1a: Volcarona\n|-damage|p1a: Volcarona|0 fnt\n|faint|p1a: Volcarona\n|\n|upkeep\n|\n|t:|1626842596\n|switch|p1a: Gallade|Gallade, M|100\/100\n|turn|13\n|\n|t:|1626842598\n|move|p2a: Excadrill|Rapid Spin|p1a: Gallade\n|-damage|p1a: Gallade|70\/100\n|-boost|p2a: Excadrill|spe|1\n|-sideend|p2: RTSG tests|Stealth Rock|[from] move: Rapid Spin|[of] p2a: Excadrill\n|move|p1a: Gallade|Close Combat|p2a: Excadrill\n|-supereffective|p2a: Excadrill\n|-damage|p2a: Excadrill|0 fnt\n|-unboost|p1a: Gallade|def|1\n|-unboost|p1a: Gallade|spd|1\n|faint|p2a: Excadrill\n|\n|upkeep\n|\n|t:|1626842608\n|switch|p2a: Sceptile|Sceptile, M|100\/100\n|-enditem|p2a: Sceptile|Electric Seed\n|-boost|p2a: Sceptile|def|1|[from] item: Electric Seed\n|turn|14\n|\n|t:|1626842613\n|move|p2a: Sceptile|Swords Dance|p2a: Sceptile\n|-boost|p2a: Sceptile|atk|2\n|move|p1a: Gallade|Close Combat|p2a: Sceptile\n|-damage|p2a: Sceptile|0 fnt\n|-unboost|p1a: Gallade|def|1\n|-unboost|p1a: Gallade|spd|1\n|faint|p2a: Sceptile\n|\n|-fieldend|move: Electric Terrain\n|upkeep\n|\n|t:|1626842618\n|switch|p2a: Weavile|Weavile, M|100\/100\n|-ability|p2a: Weavile|Pressure\n|turn|15\n|\n|t:|1626842624\n|switch|p1a: Clefable|Clefable, F|100\/100\n|move|p2a: Weavile|Triple Axel|p1a: Clefable\n|-damage|p1a: Clefable|85\/100\n|-damage|p1a: Clefable|49\/100\n|-damage|p1a: Clefable|0 fnt\n|faint|p1a: Clefable\n|-hitcount|p1: Clefable|3\n|\n|upkeep\n|\n|t:|1626842629\n|switch|p1a: Gallade|Gallade, M|70\/100\n|turn|16\n|\n|t:|1626842633\n|move|p2a: Weavile|Triple Axel|p1a: Gallade\n|-damage|p1a: Gallade|44\/100\n|-damage|p1a: Gallade|0 fnt\n|faint|p1a: Gallade\n|-hitcount|p1: Gallade|2\n|\n|upkeep\n|\n|t:|1626842637\n|switch|p1a: Kyurem|Kyurem|100\/100\n|-ability|p1a: Kyurem|Pressure\n|turn|17\n|\n|t:|1626842640\n|move|p2a: Weavile|Triple Axel|p1a: Kyurem\n|-damage|p1a: Kyurem|86\/100\n|-damage|p1a: Kyurem|58\/100\n|-damage|p1a: Kyurem|16\/100\n|-hitcount|p1a: Kyurem|3\n|move|p1a: Kyurem|Roost|p1a: Kyurem\n|-heal|p1a: Kyurem|66\/100\n|-singleturn|p1a: Kyurem|move: Roost\n|\n|upkeep\n|turn|18\n|\n|t:|1626842644\n|move|p2a: Weavile|Triple Axel|p1a: Kyurem\n|-damage|p1a: Kyurem|51\/100\n|-hitcount|p1a: Kyurem|1\n|move|p1a: Kyurem|Roost|p1a: Kyurem\n|-heal|p1a: Kyurem|100\/100\n|-singleturn|p1a: Kyurem|move: Roost\n|\n|-sideend|p2: RTSG tests|move: Light Screen\n|upkeep\n|turn|19\n|\n|t:|1626842649\n|move|p2a: Weavile|Triple Axel|p1a: Kyurem\n|-damage|p1a: Kyurem|87\/100\n|-damage|p1a: Kyurem|58\/100\n|-damage|p1a: Kyurem|16\/100\n|-hitcount|p1a: Kyurem|3\n|move|p1a: Kyurem|Roost|p1a: Kyurem\n|-heal|p1a: Kyurem|66\/100\n|-singleturn|p1a: Kyurem|move: Roost\n|\n|upkeep\n|turn|20\n|\n|t:|1626842656\n|switch|p2a: Magnezone|Magnezone|100\/100\n|move|p1a: Kyurem|Roost|p1a: Kyurem\n|-heal|p1a: Kyurem|100\/100\n|-singleturn|p1a: Kyurem|move: Roost\n|\n|upkeep\n|turn|21\n|\n|t:|1626842657\n|move|p1a: Kyurem|Earth Power|p2a: Magnezone\n|-supereffective|p2a: Magnezone\n|-damage|p2a: Magnezone|0 fnt\n|faint|p2a: Magnezone\n|\n|upkeep\n|\n|t:|1626842659\n|switch|p2a: Weavile|Weavile, M|100\/100\n|-ability|p2a: Weavile|Pressure\n|turn|22\n|\n|t:|1626842661\n|move|p2a: Weavile|Low Kick|p1a: Kyurem\n|-supereffective|p1a: Kyurem\n|-damage|p1a: Kyurem|0 fnt\n|faint|p1a: Kyurem\n|\n|win|RTSG tests\n|raw|LT83AQ Ahsan's rating: 1746 &rarr; <strong>1724<\/strong><br \/>(-22 for losing)\n|raw|RTSG tests's rating: 1712 &rarr; <strong>1734<\/strong><br \/>(+22 for winning)\n|l|\u2606LT83AQ Ahsan\n","uploadtime":1626842665,"views":53,"p1id":"lt83aqahsan","p2id":"rtsgtests","formatid":"gen8ou","rating":1724,"private":0,"password":null}