{"id":"gen8nationaldex-1434087668","p1":"TheonReekGreyjoy","p2":"Trainer Willie","format":"gen8nationaldex","log":"|j|\u2606TheonReekGreyjoy\n|j|\u2606Trainer Willie\n|t:|1634058040\n|gametype|singles\n|player|p1|TheonReekGreyjoy|7|\n|player|p2|Trainer Willie|hilbert|\n|teamsize|p1|6\n|teamsize|p2|6\n|gen|8\n|tier|[Gen 8] National Dex\n|rule|HP Percentage Mod: HP is shown in percentages\n|rule|Endless Battle Clause: Forcing endless battles is banned\n|rule|OHKO Clause: OHKO moves are banned\n|rule|Evasion Moves Clause: Evasion moves are banned\n|rule|Species Clause: Limit one of each Pok\u00e9mon\n|rule|Dynamax Clause: You cannot dynamax\n|rule|Sleep Clause Mod: Limit one foe put to sleep\n|clearpoke\n|poke|p1|Aerodactyl, M|\n|poke|p1|Coalossal, F|\n|poke|p1|Hippowdon, F|\n|poke|p1|Aromatisse, F|\n|poke|p1|Tentacruel, F|\n|poke|p1|Dracozolt|\n|poke|p2|Mudsdale, M|\n|poke|p2|Gallade, M|\n|poke|p2|Corviknight, M|\n|poke|p2|Centiskorch, M|\n|poke|p2|Inteleon, F|\n|poke|p2|Grimmsnarl, M|\n|teampreview\n|c|\u2606TheonReekGreyjoy|gl hf!\n|\n|t:|1634058155\n|start\n|switch|p1a: Hippowdon|Hippowdon, F|100\/100\n|switch|p2a: Inteleon|Inteleon, F|100\/100\n|-weather|Sandstorm|[from] ability: Sand Stream|[of] p1a: Hippowdon\n|turn|1\n|\n|t:|1634058169\n|switch|p1a: Tentacruel|Tentacruel, F|100\/100\n|move|p2a: Inteleon|Substitute|p2a: Inteleon\n|-start|p2a: Inteleon|Substitute\n|-damage|p2a: Inteleon|76\/100\n|\n|-weather|Sandstorm|[upkeep]\n|-damage|p2a: Inteleon|70\/100|[from] Sandstorm\n|-damage|p1a: Tentacruel|94\/100|[from] Sandstorm\n|-heal|p1a: Tentacruel|100\/100|[from] item: Black Sludge\n|upkeep\n|turn|2\n|\n|t:|1634058217\n|switch|p2a: Corviknight|Corviknight, M|100\/100\n|move|p1a: Tentacruel|Knock Off|p2a: Corviknight\n|-damage|p2a: Corviknight|88\/100\n|-enditem|p2a: Corviknight|Weakness Policy|[from] move: Knock Off|[of] p1a: Tentacruel\n|\n|-weather|Sandstorm|[upkeep]\n|-damage|p1a: Tentacruel|94\/100|[from] Sandstorm\n|-heal|p1a: Tentacruel|100\/100|[from] item: Black Sludge\n|upkeep\n|turn|3\n|\n|t:|1634058228\n|move|p1a: Tentacruel|Toxic Spikes|p2a: Corviknight\n|-sidestart|p2: Trainer Willie|move: Toxic Spikes\n|move|p2a: Corviknight|Drill Peck|p1a: Tentacruel\n|-damage|p1a: Tentacruel|69\/100\n|\n|-weather|Sandstorm|[upkeep]\n|-damage|p1a: Tentacruel|63\/100|[from] Sandstorm\n|-heal|p1a: Tentacruel|69\/100|[from] item: Black Sludge\n|upkeep\n|turn|4\n|\n|t:|1634058238\n|switch|p1a: Dracozolt|Dracozolt|100\/100\n|move|p2a: Corviknight|Agility|p2a: Corviknight\n|-boost|p2a: Corviknight|spe|2\n|\n|-weather|Sandstorm|[upkeep]\n|upkeep\n|turn|5\n|\n|t:|1634058263\n|move|p1a: Dracozolt|Bolt Beak|p2a: Corviknight\n|-supereffective|p2a: Corviknight\n|-crit|p2a: Corviknight\n|-damage|p2a: Corviknight|0 fnt\n|faint|p2a: Corviknight\n|\n|-weather|none\n|upkeep\n|\n|t:|1634058278\n|switch|p2a: Mudsdale|Mudsdale, M|100\/100\n|-status|p2a: Mudsdale|psn\n|turn|6\n|\n|t:|1634058289\n|move|p1a: Dracozolt|Substitute|p1a: Dracozolt\n|-start|p1a: Dracozolt|Substitute\n|-damage|p1a: Dracozolt|76\/100\n|move|p2a: Mudsdale|Iron Defense|p2a: Mudsdale\n|-boost|p2a: Mudsdale|def|2\n|\n|-heal|p1a: Dracozolt|82\/100|[from] item: Leftovers\n|-damage|p2a: Mudsdale|88\/100 psn|[from] psn\n|upkeep\n|turn|7\n|\n|t:|1634058304\n|move|p1a: Dracozolt|Protect|p1a: Dracozolt\n|-singleturn|p1a: Dracozolt|Protect\n|move|p2a: Mudsdale|Iron Defense|p2a: Mudsdale\n|-boost|p2a: Mudsdale|def|2\n|\n|-heal|p1a: Dracozolt|88\/100|[from] item: Leftovers\n|-damage|p2a: Mudsdale|76\/100 psn|[from] psn\n|upkeep\n|turn|8\n|\n|t:|1634058310\n|move|p1a: Dracozolt|Taunt|p2a: Mudsdale\n|-start|p2a: Mudsdale|move: Taunt\n|move|p2a: Mudsdale|Earthquake|p1a: Dracozolt\n|-supereffective|p1a: Dracozolt\n|-end|p1a: Dracozolt|Substitute\n|\n|-heal|p1a: Dracozolt|94\/100|[from] item: Leftovers\n|-damage|p2a: Mudsdale|63\/100 psn|[from] psn\n|upkeep\n|turn|9\n|\n|t:|1634058326\n|move|p1a: Dracozolt|Protect|p1a: Dracozolt\n|-singleturn|p1a: Dracozolt|Protect\n|move|p2a: Mudsdale|Earthquake|p1a: Dracozolt\n|-activate|p1a: Dracozolt|move: Protect\n|\n|-heal|p1a: Dracozolt|100\/100|[from] item: Leftovers\n|-damage|p2a: Mudsdale|51\/100 psn|[from] psn\n|upkeep\n|turn|10\n|\n|t:|1634058343\n|switch|p1a: Hippowdon|Hippowdon, F|100\/100\n|-weather|Sandstorm|[from] ability: Sand Stream|[of] p1a: Hippowdon\n|move|p2a: Mudsdale|Body Press|p1a: Hippowdon\n|-damage|p1a: Hippowdon|67\/100\n|-damage|p2a: Mudsdale|34\/100 psn|[from] item: Rocky Helmet|[of] p1a: Hippowdon\n|\n|-weather|Sandstorm|[upkeep]\n|-damage|p2a: Mudsdale|22\/100 psn|[from] psn\n|-end|p2a: Mudsdale|move: Taunt\n|upkeep\n|turn|11\n|\n|t:|1634058359\n|move|p1a: Hippowdon|Slack Off|p1a: Hippowdon\n|-heal|p1a: Hippowdon|100\/100\n|move|p2a: Mudsdale|Body Press|p1a: Hippowdon\n|-damage|p1a: Hippowdon|69\/100\n|-damage|p2a: Mudsdale|5\/100 psn|[from] item: Rocky Helmet|[of] p1a: Hippowdon\n|\n|-weather|Sandstorm|[upkeep]\n|-damage|p2a: Mudsdale|0 fnt|[from] psn\n|faint|p2a: Mudsdale\n|upkeep\n|\n|t:|1634058374\n|switch|p2a: Grimmsnarl|Grimmsnarl, M|100\/100\n|-status|p2a: Grimmsnarl|psn\n|turn|12\n|\n|t:|1634058382\n|move|p2a: Grimmsnarl|Reflect|p2a: Grimmsnarl\n|-sidestart|p2: Trainer Willie|Reflect\n|move|p1a: Hippowdon|Slack Off|p1a: Hippowdon\n|-heal|p1a: Hippowdon|100\/100\n|\n|-weather|Sandstorm|[upkeep]\n|-damage|p2a: Grimmsnarl|94\/100 psn|[from] Sandstorm\n|-damage|p2a: Grimmsnarl|82\/100 psn|[from] psn\n|upkeep\n|turn|13\n|\n|t:|1634058394\n|switch|p1a: Tentacruel|Tentacruel, F|69\/100\n|move|p2a: Grimmsnarl|Light Screen|p2a: Grimmsnarl\n|-sidestart|p2: Trainer Willie|move: Light Screen\n|\n|-weather|Sandstorm|[upkeep]\n|-damage|p1a: Tentacruel|63\/100|[from] Sandstorm\n|-damage|p2a: Grimmsnarl|76\/100 psn|[from] Sandstorm\n|-heal|p1a: Tentacruel|69\/100|[from] item: Black Sludge\n|-damage|p2a: Grimmsnarl|64\/100 psn|[from] psn\n|upkeep\n|turn|14\n|\n|t:|1634058405\n|switch|p2a: Gallade|Gallade, M|100\/100\n|-status|p2a: Gallade|psn\n|move|p1a: Tentacruel|Knock Off|p2a: Gallade\n|-damage|p2a: Gallade|92\/100 psn\n|\n|-weather|none\n|-heal|p1a: Tentacruel|75\/100|[from] item: Black Sludge\n|-damage|p2a: Gallade|80\/100 psn|[from] psn\n|upkeep\n|turn|15\n|\n|t:|1634058420\n|switch|p1a: Hippowdon|Hippowdon, F|100\/100\n|-weather|Sandstorm|[from] ability: Sand Stream|[of] p1a: Hippowdon\n|detailschange|p2a: Gallade|Gallade-Mega, M\n|-mega|p2a: Gallade|Gallade|Galladite\n|move|p2a: Gallade|Bulk Up|p2a: Gallade\n|-boost|p2a: Gallade|atk|1\n|-boost|p2a: Gallade|def|1\n|\n|-weather|Sandstorm|[upkeep]\n|-damage|p2a: Gallade|73\/100 psn|[from] Sandstorm\n|-damage|p2a: Gallade|61\/100 psn|[from] psn\n|upkeep\n|turn|16\n|\n|t:|1634058432\n|move|p2a: Gallade|Bulk Up|p2a: Gallade\n|-boost|p2a: Gallade|atk|1\n|-boost|p2a: Gallade|def|1\n|move|p1a: Hippowdon|Whirlwind|p2a: Gallade\n|drag|p2a: Centiskorch|Centiskorch, M|100\/100\n|\n|-weather|Sandstorm|[upkeep]\n|-damage|p2a: Centiskorch|94\/100|[from] Sandstorm\n|upkeep\n|turn|17\n|\n|t:|1634058442\n|move|p2a: Centiskorch|Coil|p2a: Centiskorch\n|-boost|p2a: Centiskorch|atk|1\n|-boost|p2a: Centiskorch|def|1\n|-boost|p2a: Centiskorch|accuracy|1\n|move|p1a: Hippowdon|Toxic|p2a: Centiskorch|[miss]\n|-miss|p1a: Hippowdon|p2a: Centiskorch\n|\n|-weather|Sandstorm|[upkeep]\n|-damage|p2a: Centiskorch|88\/100|[from] Sandstorm\n|upkeep\n|turn|18\n|\n|t:|1634058450\n|move|p2a: Centiskorch|Power Whip|p1a: Hippowdon\n|-supereffective|p1a: Hippowdon\n|-damage|p1a: Hippowdon|52\/100\n|-damage|p2a: Centiskorch|72\/100|[from] item: Rocky Helmet|[of] p1a: Hippowdon\n|move|p1a: Hippowdon|Toxic|p2a: Centiskorch\n|-status|p2a: Centiskorch|tox\n|\n|-weather|Sandstorm|[upkeep]\n|-damage|p2a: Centiskorch|65\/100 tox|[from] Sandstorm\n|-damage|p2a: Centiskorch|59\/100 tox|[from] psn\n|upkeep\n|turn|19\n|\n|t:|1634058462\n|move|p2a: Centiskorch|Coil|p2a: Centiskorch\n|-boost|p2a: Centiskorch|atk|1\n|-boost|p2a: Centiskorch|def|1\n|-boost|p2a: Centiskorch|accuracy|1\n|move|p1a: Hippowdon|Slack Off|p1a: Hippowdon\n|-heal|p1a: Hippowdon|100\/100\n|\n|-weather|none\n|-damage|p2a: Centiskorch|47\/100 tox|[from] psn\n|-sideend|p2: Trainer Willie|Reflect\n|upkeep\n|turn|20\n|\n|t:|1634058475\n|switch|p1a: Coalossal|Coalossal, F|100\/100\n|move|p2a: Centiskorch|Power Whip|p1a: Coalossal\n|-damage|p1a: Coalossal|61\/100\n|\n|-heal|p1a: Coalossal|67\/100|[from] item: Leftovers\n|-damage|p2a: Centiskorch|28\/100 tox|[from] psn\n|-sideend|p2: Trainer Willie|move: Light Screen\n|upkeep\n|turn|21\n|\n|t:|1634058486\n|switch|p1a: Hippowdon|Hippowdon, F|100\/100\n|-weather|Sandstorm|[from] ability: Sand Stream|[of] p1a: Hippowdon\n|move|p2a: Centiskorch|Power Whip|p1a: Hippowdon\n|-supereffective|p1a: Hippowdon\n|-damage|p1a: Hippowdon|37\/100\n|-damage|p2a: Centiskorch|12\/100 tox|[from] item: Rocky Helmet|[of] p1a: Hippowdon\n|\n|-weather|Sandstorm|[upkeep]\n|-damage|p2a: Centiskorch|5\/100 tox|[from] Sandstorm\n|-damage|p2a: Centiskorch|0 fnt|[from] psn\n|faint|p2a: Centiskorch\n|upkeep\n|\n|t:|1634058495\n|switch|p2a: Grimmsnarl|Grimmsnarl, M|64\/100 psn\n|turn|22\n|\n|t:|1634058500\n|move|p2a: Grimmsnarl|Reflect|p2a: Grimmsnarl\n|-sidestart|p2: Trainer Willie|Reflect\n|move|p1a: Hippowdon|Slack Off|p1a: Hippowdon\n|-heal|p1a: Hippowdon|87\/100\n|\n|-weather|Sandstorm|[upkeep]\n|-damage|p2a: Grimmsnarl|57\/100 psn|[from] Sandstorm\n|-damage|p2a: Grimmsnarl|45\/100 psn|[from] psn\n|upkeep\n|turn|23\n|\n|t:|1634058509\n|switch|p1a: Coalossal|Coalossal, F|67\/100\n|move|p2a: Grimmsnarl|Light Screen|p2a: Grimmsnarl\n|-sidestart|p2: Trainer Willie|move: Light Screen\n|\n|-weather|Sandstorm|[upkeep]\n|-damage|p2a: Grimmsnarl|39\/100 psn|[from] Sandstorm\n|-heal|p1a: Coalossal|73\/100|[from] item: Leftovers\n|-damage|p2a: Grimmsnarl|27\/100 psn|[from] psn\n|upkeep\n|turn|24\n|\n|t:|1634058520\n|switch|p2a: Inteleon|Inteleon, F|70\/100\n|-status|p2a: Inteleon|psn\n|move|p1a: Coalossal|Stealth Rock|p2a: Inteleon\n|-sidestart|p2: Trainer Willie|move: Stealth Rock\n|\n|-weather|Sandstorm|[upkeep]\n|-damage|p2a: Inteleon|64\/100 psn|[from] Sandstorm\n|-heal|p1a: Coalossal|79\/100|[from] item: Leftovers\n|-damage|p2a: Inteleon|51\/100 psn|[from] psn\n|upkeep\n|turn|25\n|\n|t:|1634058544\n|switch|p1a: Tentacruel|Tentacruel, F|75\/100\n|move|p2a: Inteleon|Substitute|p2a: Inteleon\n|-start|p2a: Inteleon|Substitute\n|-damage|p2a: Inteleon|26\/100 psn\n|\n|-weather|none\n|-heal|p1a: Tentacruel|81\/100|[from] item: Black Sludge\n|-damage|p2a: Inteleon|14\/100 psn|[from] psn\n|upkeep\n|turn|26\n|\n|t:|1634058555\n|move|p2a: Inteleon|Snipe Shot|p1a: Tentacruel\n|-resisted|p1a: Tentacruel\n|-crit|p1a: Tentacruel\n|-damage|p1a: Tentacruel|47\/100\n|move|p1a: Tentacruel|Knock Off|p2a: Inteleon\n|-activate|p2a: Inteleon|move: Substitute|[damage]\n|\n|-heal|p1a: Tentacruel|53\/100|[from] item: Black Sludge\n|-damage|p2a: Inteleon|2\/100 psn|[from] psn\n|upkeep\n|turn|27\n|\n|t:|1634058569\n|move|p2a: Inteleon|Snipe Shot|p1a: Tentacruel\n|-resisted|p1a: Tentacruel\n|-crit|p1a: Tentacruel\n|-damage|p1a: Tentacruel|21\/100\n|move|p1a: Tentacruel|Knock Off|p2a: Inteleon\n|-end|p2a: Inteleon|Substitute\n|\n|-heal|p1a: Tentacruel|27\/100|[from] item: Black Sludge\n|-damage|p2a: Inteleon|0 fnt|[from] psn\n|faint|p2a: Inteleon\n|upkeep\n|\n|t:|1634058575\n|switch|p2a: Gallade|Gallade-Mega, M|61\/100 psn\n|-damage|p2a: Gallade|55\/100 psn|[from] Stealth Rock\n|turn|28\n|\n|t:|1634058583\n|switch|p1a: Hippowdon|Hippowdon, F|87\/100\n|-weather|Sandstorm|[from] ability: Sand Stream|[of] p1a: Hippowdon\n|move|p2a: Gallade|Psycho Cut|p1a: Hippowdon\n|-crit|p1a: Hippowdon\n|-damage|p1a: Hippowdon|55\/100\n|\n|-weather|Sandstorm|[upkeep]\n|-damage|p2a: Gallade|49\/100 psn|[from] Sandstorm\n|-damage|p2a: Gallade|36\/100 psn|[from] psn\n|upkeep\n|turn|29\n|\n|t:|1634058593\n|move|p2a: Gallade|Drain Punch|p1a: Hippowdon\n|-damage|p1a: Hippowdon|34\/100\n|-heal|p2a: Gallade|51\/100 psn|[from] drain|[of] p1a: Hippowdon\n|-damage|p2a: Gallade|35\/100 psn|[from] item: Rocky Helmet|[of] p1a: Hippowdon\n|move|p1a: Hippowdon|Slack Off|p1a: Hippowdon\n|-heal|p1a: Hippowdon|84\/100\n|\n|-weather|Sandstorm|[upkeep]\n|-damage|p2a: Gallade|29\/100 psn|[from] Sandstorm\n|-damage|p2a: Gallade|16\/100 psn|[from] psn\n|-sideend|p2: Trainer Willie|Reflect\n|upkeep\n|turn|30\n|\n|t:|1634058607\n|move|p2a: Gallade|Drain Punch|p1a: Hippowdon\n|-damage|p1a: Hippowdon|60\/100\n|-heal|p2a: Gallade|32\/100 psn|[from] drain|[of] p1a: Hippowdon\n|-damage|p2a: Gallade|16\/100 psn|[from] item: Rocky Helmet|[of] p1a: Hippowdon\n|move|p1a: Hippowdon|Earthquake|p2a: Gallade\n|-damage|p2a: Gallade|0 fnt\n|faint|p2a: Gallade\n|\n|-weather|Sandstorm|[upkeep]\n|-sideend|p2: Trainer Willie|move: Light Screen\n|upkeep\n|\n|t:|1634058615\n|switch|p2a: Grimmsnarl|Grimmsnarl, M|27\/100 psn\n|-damage|p2a: Grimmsnarl|14\/100 psn|[from] Stealth Rock\n|turn|31\n|\n|t:|1634058621\n|switch|p1a: Aerodactyl|Aerodactyl, M|100\/100\n|-ability|p1a: Aerodactyl|Unnerve\n|move|p2a: Grimmsnarl|Foul Play|p1a: Aerodactyl\n|-damage|p1a: Aerodactyl|27\/100\n|\n|-weather|Sandstorm|[upkeep]\n|-damage|p2a: Grimmsnarl|8\/100 psn|[from] Sandstorm\n|-damage|p2a: Grimmsnarl|0 fnt|[from] psn\n|faint|p2a: Grimmsnarl\n|\n|win|TheonReekGreyjoy\n|upkeep\n|l|\u2606Trainer Willie\n|c|\u2606TheonReekGreyjoy|gg\n","uploadtime":1634058638,"views":98,"p1id":"theonreekgreyjoy","p2id":"trainerwillie","formatid":"gen8nationaldex","rating":0,"private":0,"password":null}