{"id":"gen8ou-1686679226","p1":"hmsa2012","p2":"Daevank5","format":"gen8ou","log":"|html|<div class=\"broadcast-blue\"><strong>[Gen 8] OU is currently suspecting Melmetal! For information on how to participate check out the <a href=\"https:\/\/www.smogon.com\/forums\/threads\/np-ss-ou-suspect-process-round-12-monster-mash.3709234\/\">suspect thread<\/a>.<\/strong><\/div>\n|j|\u2606hmsa2012\n|j|\u2606Daevank5\n|t:|1665870868\n|gametype|singles\n|player|p1|hmsa2012|steven|1599\n|player|p2|Daevank5|workerice|1840\n|teamsize|p1|6\n|teamsize|p2|6\n|gen|8\n|tier|[Gen 8] OU\n|rated|\n|rule|Sleep Clause Mod: Limit one foe put to sleep\n|rule|Species Clause: Limit one of each Pok\u00e9mon\n|rule|OHKO Clause: OHKO moves are banned\n|rule|Evasion Items Clause: Evasion items are banned\n|rule|Evasion Moves Clause: Evasion moves are banned\n|rule|Endless Battle Clause: Forcing endless battles is banned\n|rule|HP Percentage Mod: HP is shown in percentages\n|rule|Dynamax Clause: You cannot dynamax\n|clearpoke\n|poke|p1|Clefable, F|\n|poke|p1|Hydreigon, M|\n|poke|p1|Tapu Lele|\n|poke|p1|Landorus-Therian, M|\n|poke|p1|Toxapex, F|\n|poke|p1|Heatran, M|\n|poke|p2|Melmetal|\n|poke|p2|Magnezone|\n|poke|p2|Tyranitar, M|\n|poke|p2|Slowbro, M|\n|poke|p2|Excadrill, M|\n|poke|p2|Tornadus-Therian, M|\n|teampreview\n|inactive|Battle timer is ON: inactive players will automatically lose when time's up. (requested by Daevank5)\n|\n|t:|1665870878\n|start\n|switch|p1a: Hydreigon|Hydreigon, M|100\/100\n|switch|p2a: Tornadus|Tornadus-Therian, M|100\/100\n|turn|1\n|\n|t:|1665870888\n|switch|p1a: Toxapex|Toxapex, F|100\/100\n|move|p2a: Tornadus|Knock Off|p1a: Toxapex\n|-damage|p1a: Toxapex|88\/100\n|-enditem|p1a: Toxapex|Shed Shell|[from] move: Knock Off|[of] p2a: Tornadus\n|\n|upkeep\n|turn|2\n|\n|t:|1665870900\n|move|p2a: Tornadus|Taunt|p1a: Toxapex\n|-start|p1a: Toxapex|move: Taunt\n|move|p1a: Toxapex|Knock Off|p2a: Tornadus\n|-crit|p2a: Tornadus\n|-damage|p2a: Tornadus|75\/100\n|-enditem|p2a: Tornadus|Heavy-Duty Boots|[from] move: Knock Off|[of] p1a: Toxapex\n|\n|upkeep\n|turn|3\n|\n|t:|1665870908\n|move|p2a: Tornadus|Hurricane|p1a: Toxapex\n|-damage|p1a: Toxapex|55\/100\n|-start|p1a: Toxapex|confusion\n|-activate|p1a: Toxapex|confusion\n|move|p1a: Toxapex|Knock Off|p2a: Tornadus\n|-damage|p2a: Tornadus|65\/100\n|\n|upkeep\n|turn|4\n|\n|t:|1665870917\n|switch|p1a: Heatran|Heatran, M|100\/100\n|move|p2a: Tornadus|Knock Off|p1a: Heatran\n|-damage|p1a: Heatran|85\/100\n|-status|p2a: Tornadus|brn|[from] ability: Flame Body|[of] p1a: Heatran\n|-enditem|p1a: Heatran|Leftovers|[from] move: Knock Off|[of] p2a: Tornadus\n|\n|-damage|p2a: Tornadus|59\/100 brn|[from] brn\n|upkeep\n|turn|5\n|\n|t:|1665870924\n|move|p2a: Tornadus|Taunt|p1a: Heatran\n|-start|p1a: Heatran|move: Taunt\n|move|p1a: Heatran|Magma Storm|p2a: Tornadus\n|-damage|p2a: Tornadus|14\/100 brn\n|-activate|p2a: Tornadus|move: Magma Storm|[of] p1a: Heatran\n|\n|-damage|p2a: Tornadus|8\/100 brn|[from] brn\n|-damage|p2a: Tornadus|0 fnt|[from] move: Magma Storm|[partiallytrapped]\n|faint|p2a: Tornadus\n|upkeep\n|\n|t:|1665870926\n|switch|p2a: Tyranitar|Tyranitar, M|100\/100\n|-weather|Sandstorm|[from] ability: Sand Stream|[of] p2a: Tyranitar\n|turn|6\n|\n|t:|1665870933\n|switch|p1a: Landorus|Landorus-Therian, M|100\/100\n|-ability|p1a: Landorus|Intimidate|boost\n|-unboost|p2a: Tyranitar|atk|1\n|move|p2a: Tyranitar|Stealth Rock|p1a: Landorus\n|-sidestart|p1: hmsa2012|move: Stealth Rock\n|\n|-weather|Sandstorm|[upkeep]\n|upkeep\n|turn|7\n|\n|t:|1665870939\n|switch|p2a: SlowBoob|Slowbro, M|100\/100\n|move|p1a: Landorus|Defog|p2a: SlowBoob\n|-unboost|p2a: SlowBoob|evasion|1\n|-sideend|p1: hmsa2012|Stealth Rock|[from] move: Defog|[of] p1a: Landorus\n|\n|-weather|Sandstorm|[upkeep]\n|-damage|p2a: SlowBoob|94\/100|[from] Sandstorm\n|upkeep\n|turn|8\n|\n|t:|1665870951\n|switch|p1a: Toxapex|Toxapex, F|89\/100\n|move|p2a: SlowBoob|Iron Defense|p2a: SlowBoob\n|-boost|p2a: SlowBoob|def|2\n|\n|-weather|Sandstorm|[upkeep]\n|-damage|p1a: Toxapex|83\/100|[from] Sandstorm\n|-damage|p2a: SlowBoob|88\/100|[from] Sandstorm\n|upkeep\n|turn|9\n|\n|t:|1665870954\n|move|p1a: Toxapex|Toxic|p2a: SlowBoob\n|-status|p2a: SlowBoob|tox\n|move|p2a: SlowBoob|Teleport|p2a: SlowBoob\n|\n|t:|1665870958\n|switch|p2a: Magnezone|Magnezone|100\/100|[from]move: Teleport\n|\n|-weather|Sandstorm|[upkeep]\n|-damage|p1a: Toxapex|77\/100|[from] Sandstorm\n|upkeep\n|turn|10\n|\n|t:|1665870961\n|move|p2a: Magnezone|Thunderbolt|p1a: Toxapex\n|-supereffective|p1a: Toxapex\n|-damage|p1a: Toxapex|0 fnt\n|faint|p1a: Toxapex\n|\n|-weather|none\n|upkeep\n|\n|t:|1665870965\n|switch|p1a: Landorus|Landorus-Therian, M|100\/100\n|-ability|p1a: Landorus|Intimidate|boost\n|-unboost|p2a: Magnezone|atk|1\n|turn|11\n|\n|t:|1665870971\n|switch|p2a: SlowBoob|Slowbro, M|100\/100 tox\n|move|p1a: Landorus|Earthquake|p2a: SlowBoob\n|-damage|p2a: SlowBoob|64\/100 tox\n|\n|-damage|p2a: SlowBoob|58\/100 tox|[from] psn\n|upkeep\n|turn|12\n|\n|t:|1665870977\n|move|p1a: Landorus|Swords Dance|p1a: Landorus\n|-boost|p1a: Landorus|atk|2\n|move|p2a: SlowBoob|Slack Off|p2a: SlowBoob\n|-heal|p2a: SlowBoob|100\/100 tox\n|\n|-damage|p2a: SlowBoob|88\/100 tox|[from] psn\n|upkeep\n|turn|13\n|\n|t:|1665870984\n|move|p1a: Landorus|Earthquake|p2a: SlowBoob\n|-damage|p2a: SlowBoob|25\/100 tox\n|move|p2a: SlowBoob|Teleport|p2a: SlowBoob\n|\n|t:|1665870986\n|switch|p2a: Tyranitar|Tyranitar, M|100\/100|[from]move: Teleport\n|-weather|Sandstorm|[from] ability: Sand Stream|[of] p2a: Tyranitar\n|\n|-weather|Sandstorm|[upkeep]\n|upkeep\n|turn|14\n|\n|t:|1665870992\n|switch|p2a: SlowBoob|Slowbro, M|59\/100 tox\n|move|p1a: Landorus|Earthquake|p2a: SlowBoob\n|-damage|p2a: SlowBoob|0 fnt\n|faint|p2a: SlowBoob\n|\n|-weather|Sandstorm|[upkeep]\n|upkeep\n|\n|t:|1665870994\n|switch|p2a: Excadrill|Excadrill, M|100\/100\n|turn|15\n|\n|t:|1665871005\n|move|p2a: Excadrill|Iron Head|p1a: Landorus\n|-damage|p1a: Landorus|60\/100\n|move|p1a: Landorus|Earthquake|p2a: Excadrill\n|-supereffective|p2a: Excadrill\n|-damage|p2a: Excadrill|0 fnt\n|faint|p2a: Excadrill\n|\n|-weather|Sandstorm|[upkeep]\n|-heal|p1a: Landorus|66\/100|[from] item: Leftovers\n|upkeep\n|-message|Daevank5 forfeited.\n|\n|win|hmsa2012\n|raw|hmsa2012's rating: 1599 &rarr; <strong>1631<\/strong><br \/>(+32 for winning)\n|raw|Daevank5's rating: 1840 &rarr; <strong>1808<\/strong><br \/>(-32 for losing)\n|l|\u2606Daevank5\n","uploadtime":1665871022,"views":16,"p1id":"hmsa2012","p2id":"daevank5","formatid":"gen8ou","rating":1631,"private":0,"password":null}