{"id":"gen8bdspou-1467852630","p1":"ShadowTash","p2":"stopthreat","format":"gen8bdspou","log":"|html|<div class=\"broadcast-blue\"><strong>[Gen 8 BDSP] OU is currently suspecting Latios! For information on how to participate check out the <a href=\"https:\/\/www.smogon.com\/forums\/threads\/np-bdsp-ou-suspect-process-round-1-mr-blue-sky.3694109\/\">suspect thread<\/a>.<\/strong><\/div>\n|j|\u2606ShadowTash\n|j|\u2606stopthreat\n|t:|1638815963\n|gametype|singles\n|player|p1|ShadowTash|riley|1403\n|player|p2|stopthreat|bugcatcher-gen4dp|1317\n|teamsize|p1|6\n|teamsize|p2|6\n|gen|8\n|tier|[Gen 8 BDSP] OU\n|rated|\n|rule|Sleep Clause Mod: Limit one foe put to sleep\n|rule|Species Clause: Limit one of each Pok\u00e9mon\n|rule|OHKO Clause: OHKO moves are banned\n|rule|Evasion Moves Clause: Evasion moves are banned\n|rule|Endless Battle Clause: Forcing endless battles is banned\n|rule|HP Percentage Mod: HP is shown in percentages\n|clearpoke\n|poke|p1|Gengar, M|\n|poke|p1|Breloom, F|\n|poke|p1|Garchomp, F|\n|poke|p1|Rotom-Wash|\n|poke|p1|Scizor, M|\n|poke|p1|Clefable, M|\n|poke|p2|Feraligatr, F|\n|poke|p2|Smeargle, M|\n|poke|p2|Exploud, M|\n|poke|p2|Scizor, F|\n|poke|p2|Heracross, F|\n|poke|p2|Gliscor, M|\n|teampreview\n|inactive|Battle timer is ON: inactive players will automatically lose when time's up. (requested by ShadowTash)\n|\n|t:|1638816056\n|start\n|switch|p1a: Breloom|Breloom, F|100\/100\n|switch|p2a: AHHHHHHH|Exploud, M, shiny|100\/100\n|turn|1\n|\n|t:|1638816065\n|switch|p1a: Scizor|Scizor, M|100\/100\n|switch|p2a: Gliscor|Gliscor, M|100\/100\n|\n|-status|p2a: Gliscor|tox|[from] item: Toxic Orb\n|upkeep\n|turn|2\n|\n|t:|1638816072\n|move|p2a: Gliscor|Earthquake|p1a: Scizor\n|-damage|p1a: Scizor|58\/100\n|move|p1a: Scizor|U-turn|p2a: Gliscor\n|-resisted|p2a: Gliscor\n|-damage|p2a: Gliscor|87\/100 tox\n|\n|t:|1638816086\n|switch|p1a: Clefable|Clefable, M|100\/100|[from]move: U-turn\n|\n|-heal|p2a: Gliscor|99\/100 tox|[from] ability: Poison Heal\n|upkeep\n|turn|3\n|\n|t:|1638816093\n|switch|p2a: AHHHHHHH|Exploud, M, shiny|100\/100\n|move|p1a: Clefable|Thunder Wave|p2a: AHHHHHHH\n|-status|p2a: AHHHHHHH|par\n|\n|upkeep\n|turn|4\n|\n|t:|1638816102\n|switch|p1a: Scizor|Scizor, M|58\/100\n|move|p2a: AHHHHHHH|Boomburst|p1a: Scizor\n|-resisted|p1a: Scizor\n|-damage|p1a: Scizor|22\/100\n|\n|-heal|p1a: Scizor|28\/100|[from] item: Leftovers\n|upkeep\n|turn|5\n|\n|t:|1638816106\n|move|p1a: Scizor|Roost|p1a: Scizor\n|-heal|p1a: Scizor|78\/100\n|-singleturn|p1a: Scizor|move: Roost\n|move|p2a: AHHHHHHH|Boomburst|p1a: Scizor\n|-resisted|p1a: Scizor\n|-damage|p1a: Scizor|39\/100\n|\n|-heal|p1a: Scizor|45\/100|[from] item: Leftovers\n|upkeep\n|turn|6\n|\n|t:|1638816113\n|switch|p2a: Smeargle|Smeargle, M|100\/100\n|move|p1a: Scizor|Roost|p1a: Scizor\n|-heal|p1a: Scizor|95\/100\n|-singleturn|p1a: Scizor|move: Roost\n|\n|-heal|p1a: Scizor|100\/100|[from] item: Leftovers\n|upkeep\n|turn|7\n|\n|t:|1638816122\n|move|p1a: Scizor|Bullet Punch|p2a: Smeargle\n|-damage|p2a: Smeargle|36\/100\n|move|p2a: Smeargle|Sticky Web|p1a: Scizor\n|-sidestart|p1: ShadowTash|move: Sticky Web\n|\n|upkeep\n|turn|8\n|\n|t:|1638816129\n|move|p1a: Scizor|Bullet Punch|p2a: Smeargle\n|-damage|p2a: Smeargle|0 fnt\n|faint|p2a: Smeargle\n|\n|upkeep\n|\n|t:|1638816139\n|switch|p2a: Feraligatr|Feraligatr, F|100\/100\n|turn|9\n|\n|t:|1638816146\n|move|p2a: Feraligatr|Waterfall|p1a: Scizor\n|-damage|p1a: Scizor|45\/100\n|move|p1a: Scizor|U-turn|p2a: Feraligatr\n|-damage|p2a: Feraligatr|68\/100\n|\n|t:|1638816151\n|switch|p1a: Rotom|Rotom-Wash|100\/100|[from]move: U-turn\n|\n|upkeep\n|turn|10\n|\n|t:|1638816160\n|switch|p2a: Scizor|Scizor, F|100\/100\n|move|p1a: Rotom|Volt Switch|p2a: Scizor\n|-damage|p2a: Scizor|78\/100\n|\n|t:|1638816165\n|switch|p1a: Scizor|Scizor, M|45\/100|[from]move: Volt Switch\n|-activate|p1a: Scizor|move: Sticky Web\n|-unboost|p1a: Scizor|spe|1\n|\n|-heal|p2a: Scizor|85\/100|[from] item: Leftovers\n|-heal|p1a: Scizor|51\/100|[from] item: Leftovers\n|upkeep\n|turn|11\n|\n|t:|1638816168\n|move|p2a: Scizor|U-turn|p1a: Scizor\n|-resisted|p1a: Scizor\n|-damage|p1a: Scizor|35\/100\n|\n|t:|1638816170\n|switch|p2a: Feraligatr|Feraligatr, F|68\/100|[from]move: U-turn\n|move|p1a: Scizor|Defog|p2a: Feraligatr\n|-unboost|p2a: Feraligatr|evasion|1\n|-sideend|p1: ShadowTash|Sticky Web|[from] move: Defog|[of] p1a: Scizor\n|\n|-heal|p1a: Scizor|41\/100|[from] item: Leftovers\n|upkeep\n|turn|12\n|\n|t:|1638816178\n|move|p2a: Feraligatr|Crunch|p1a: Scizor\n|-damage|p1a: Scizor|3\/100\n|move|p1a: Scizor|U-turn|p2a: Feraligatr\n|-damage|p2a: Feraligatr|37\/100\n|\n|t:|1638816190\n|switch|p1a: Rotom|Rotom-Wash|100\/100|[from]move: U-turn\n|\n|upkeep\n|turn|13\n|\n|t:|1638816194\n|switch|p2a: Scizor|Scizor, F|85\/100\n|move|p1a: Rotom|Hydro Pump|p2a: Scizor\n|-damage|p2a: Scizor|47\/100\n|\n|-heal|p2a: Scizor|53\/100|[from] item: Leftovers\n|upkeep\n|turn|14\n|\n|t:|1638816200\n|move|p1a: Rotom|Will-O-Wisp|p2a: Scizor\n|-status|p2a: Scizor|brn\n|move|p2a: Scizor|Roost|p2a: Scizor\n|-heal|p2a: Scizor|100\/100 brn\n|-singleturn|p2a: Scizor|move: Roost\n|\n|-damage|p2a: Scizor|94\/100 brn|[from] brn\n|upkeep\n|turn|15\n|\n|t:|1638816209\n|move|p1a: Rotom|Volt Switch|p2a: Scizor\n|-damage|p2a: Scizor|70\/100 brn\n|\n|t:|1638816215\n|switch|p1a: Garchomp|Garchomp, F|100\/100|[from]move: Volt Switch\n|move|p2a: Scizor|U-turn|p1a: Garchomp\n|-damage|p1a: Garchomp|84\/100\n|-damage|p2a: Scizor|57\/100 brn|[from] ability: Rough Skin|[of] p1a: Garchomp\n|\n|t:|1638816222\n|switch|p2a: AHHHHHHH|Exploud, M, shiny|100\/100 par|[from]move: U-turn\n|\n|-heal|p1a: Garchomp|90\/100|[from] item: Leftovers\n|upkeep\n|turn|16\n|\n|t:|1638816241\n|switch|p1a: Scizor|Scizor, M|3\/100\n|move|p2a: AHHHHHHH|Boomburst|p1a: Scizor\n|-resisted|p1a: Scizor\n|-damage|p1a: Scizor|0 fnt\n|faint|p1a: Scizor\n|\n|upkeep\n|\n|t:|1638816249\n|switch|p1a: Breloom|Breloom, F|100\/100\n|turn|17\n|\n|t:|1638816256\n|move|p1a: Breloom|Mach Punch|p2a: AHHHHHHH\n|-supereffective|p2a: AHHHHHHH\n|-damage|p2a: AHHHHHHH|4\/100 par\n|move|p2a: AHHHHHHH|Boomburst|p1a: Breloom\n|-damage|p1a: Breloom|0 fnt\n|faint|p1a: Breloom\n|\n|upkeep\n|\n|t:|1638816268\n|switch|p1a: Rotom|Rotom-Wash|100\/100\n|turn|18\n|\n|t:|1638816271\n|move|p1a: Rotom|Volt Switch|p2a: AHHHHHHH\n|-damage|p2a: AHHHHHHH|0 fnt\n|faint|p2a: AHHHHHHH\n|\n|t:|1638816283\n|switch|p1a: Gengar|Gengar, M|100\/100|[from]move: Volt Switch\n|\n|upkeep\n|\n|t:|1638816298\n|switch|p2a: Gliscor|Gliscor, M|99\/100 tox\n|turn|19\n|\n|t:|1638816305\n|switch|p1a: Rotom|Rotom-Wash|100\/100\n|switch|p2a: Scizor|Scizor, F|57\/100 brn\n|\n|-heal|p2a: Scizor|64\/100 brn|[from] item: Leftovers\n|-damage|p2a: Scizor|57\/100 brn|[from] brn\n|upkeep\n|turn|20\n|\n|t:|1638816309\n|move|p1a: Rotom|Volt Switch|p2a: Scizor\n|-damage|p2a: Scizor|35\/100 brn\n|\n|t:|1638816315\n|switch|p1a: Garchomp|Garchomp, F|90\/100|[from]move: Volt Switch\n|move|p2a: Scizor|U-turn|p1a: Garchomp\n|-damage|p1a: Garchomp|73\/100\n|-damage|p2a: Scizor|22\/100 brn|[from] ability: Rough Skin|[of] p1a: Garchomp\n|\n|t:|1638816340\n|switch|p2a: Gliscor|Gliscor, M|99\/100 tox|[from]move: U-turn\n|\n|-heal|p1a: Garchomp|79\/100|[from] item: Leftovers\n|-heal|p2a: Gliscor|100\/100 tox|[from] ability: Poison Heal\n|upkeep\n|turn|21\n|\n|t:|1638816349\n|switch|p1a: Rotom|Rotom-Wash|100\/100\n|move|p2a: Gliscor|Ice Fang|p1a: Rotom\n|-resisted|p1a: Rotom\n|-damage|p1a: Rotom|93\/100\n|\n|upkeep\n|turn|22\n|\n|t:|1638816354\n|move|p2a: Gliscor|Ice Fang|p1a: Rotom\n|-resisted|p1a: Rotom\n|-damage|p1a: Rotom|85\/100\n|move|p1a: Rotom|Hydro Pump|p2a: Gliscor\n|-supereffective|p2a: Gliscor\n|-damage|p2a: Gliscor|0 fnt\n|faint|p2a: Gliscor\n|\n|upkeep\n|\n|t:|1638816358\n|switch|p2a: Heracross|Heracross, F|100\/100\n|turn|23\n|c|\u2606ShadowTash|WP!\n|\n|t:|1638816368\n|switch|p2a: Feraligatr|Feraligatr, F|37\/100\n|move|p1a: Rotom|Volt Switch|p2a: Feraligatr\n|-supereffective|p2a: Feraligatr\n|-damage|p2a: Feraligatr|0 fnt\n|faint|p2a: Feraligatr\n|\n|t:|1638816372\n|switch|p1a: Gengar|Gengar, M|100\/100|[from]move: Volt Switch\n|\n|upkeep\n|c|\u2606ShadowTash|WP!\n|-message|stopthreat forfeited.\n|\n|win|ShadowTash\n|raw|ShadowTash's rating: 1403 &rarr; <strong>1419<\/strong><br \/>(+16 for winning)\n|raw|stopthreat's rating: 1333 &rarr; <strong>1317<\/strong><br \/>(-16 for losing)\n|l|\u2606stopthreat\n|c|\u2606ShadowTash|\/log ShadowTash made this room public.\n","uploadtime":1638816406,"views":17,"p1id":"shadowtash","p2id":"stopthreat","formatid":"gen8bdspou","rating":1317,"private":0,"password":null}