{"id":"gen8ou-1553800674","p1":"Infernoss","p2":"hypervortexreturns","format":"gen8ou","log":"|j|\u2606Infernoss\n|j|\u203dhypervortexreturns\n|t:|1650000357\n|gametype|singles\n|player|p1|Infernoss|blue|1754\n|player|p2|hypervortexreturns|2|1986\n|teamsize|p1|6\n|teamsize|p2|6\n|gen|8\n|tier|[Gen 8] OU\n|rated|\n|rule|Sleep Clause Mod: Limit one foe put to sleep\n|rule|Species Clause: Limit one of each Pok\u00e9mon\n|rule|OHKO Clause: OHKO moves are banned\n|rule|Evasion Moves Clause: Evasion moves are banned\n|rule|Endless Battle Clause: Forcing endless battles is banned\n|rule|HP Percentage Mod: HP is shown in percentages\n|rule|Dynamax Clause: You cannot dynamax\n|clearpoke\n|poke|p1|Marowak-Alola, M|\n|poke|p1|Slowbro, M|\n|poke|p1|Hatterene, F|\n|poke|p1|Garchomp, M|\n|poke|p1|Ferrothorn, M|\n|poke|p1|Drampa, M|\n|poke|p2|Hydreigon, F|\n|poke|p2|Zapdos|\n|poke|p2|Tangrowth, M|\n|poke|p2|Corviknight, F|\n|poke|p2|Excadrill, F|\n|poke|p2|Azumarill, F|\n|teampreview\n|j| lude boy\n|j| Invisible flame\n|j| Ctannn\n|j| UU to rank I\n|inactive|Battle timer is ON: inactive players will automatically lose when time's up. (requested by hypervortexreturns)\n|\n|t:|1650000409\n|start\n|switch|p1a: Falkor|Drampa, M|100\/100\n|switch|p2a: Excadrill|Excadrill, F|100\/100\n|turn|1\n|j| vkhss\n|\n|t:|1650000423\n|move|p2a: Excadrill|Iron Head|p1a: Falkor\n|-damage|p1a: Falkor|57\/100\n|move|p1a: Falkor|Focus Blast|p2a: Excadrill\n|-supereffective|p2a: Excadrill\n|-damage|p2a: Excadrill|0 fnt\n|faint|p2a: Excadrill\n|\n|upkeep\n|j| KingRon265\n|l| vkhss\n|inactive|hypervortexreturns has 120 seconds left.\n|\n|t:|1650000460\n|switch|p2a: Zapdos|Zapdos|100\/100\n|turn|2\n|\n|t:|1650000465\n|switch|p1a: Thorns|Ferrothorn, M|100\/100\n|move|p2a: Zapdos|Hurricane|p1a: Thorns|[miss]\n|-miss|p2a: Zapdos|p1a: Thorns\n|\n|upkeep\n|turn|3\n|inactive|hypervortexreturns has 120 seconds left.\n|\n|t:|1650000474\n|move|p2a: Zapdos|Substitute|p2a: Zapdos\n|-start|p2a: Zapdos|Substitute\n|-damage|p2a: Zapdos|75\/100\n|move|p1a: Thorns|Leech Seed|p2a: Zapdos|[miss]\n|-miss|p1a: Thorns|p2a: Zapdos\n|\n|upkeep\n|turn|4\n|\n|t:|1650000482\n|move|p2a: Zapdos|Hurricane|p1a: Thorns|[miss]\n|-miss|p2a: Zapdos|p1a: Thorns\n|move|p1a: Thorns|Stealth Rock|p2a: Zapdos\n|-sidestart|p2: hypervortexreturns|move: Stealth Rock\n|\n|upkeep\n|turn|5\n|\n|t:|1650000489\n|move|p2a: Zapdos|Hurricane|p1a: Thorns\n|-damage|p1a: Thorns|70\/100\n|move|p1a: Thorns|Gyro Ball|p2a: Zapdos\n|-resisted|p2a: Zapdos\n|-end|p2a: Zapdos|Substitute\n|\n|-heal|p1a: Thorns|77\/100|[from] item: Leftovers\n|upkeep\n|turn|6\n|\n|t:|1650000501\n|move|p2a: Zapdos|Substitute|p2a: Zapdos\n|-start|p2a: Zapdos|Substitute\n|-damage|p2a: Zapdos|50\/100\n|move|p1a: Thorns|Gyro Ball|p2a: Zapdos\n|-resisted|p2a: Zapdos\n|-end|p2a: Zapdos|Substitute\n|\n|-heal|p1a: Thorns|83\/100|[from] item: Leftovers\n|upkeep\n|turn|7\n|\n|t:|1650000511\n|move|p2a: Zapdos|Roost|p2a: Zapdos\n|-heal|p2a: Zapdos|100\/100\n|-singleturn|p2a: Zapdos|move: Roost\n|move|p1a: Thorns|Leech Seed|p2a: Zapdos\n|-start|p2a: Zapdos|move: Leech Seed\n|\n|-heal|p1a: Thorns|89\/100|[from] item: Leftovers\n|-damage|p2a: Zapdos|88\/100|[from] Leech Seed|[of] p1a: Thorns\n|-heal|p1a: Thorns|100\/100|[silent]\n|upkeep\n|turn|8\n|\n|t:|1650000533\n|switch|p2a: Tangrowth|Tangrowth, M|100\/100\n|-damage|p2a: Tangrowth|88\/100|[from] Stealth Rock\n|switch|p1a: Gorra|Hatterene, F, shiny|100\/100\n|\n|upkeep\n|turn|9\n|l| Ctannn\n|j| Jdcomix\n|l| lude boy\n|inactive|hypervortexreturns has 120 seconds left.\n|\n|t:|1650000552\n|switch|p2a: Azumarill|Azumarill, F|100\/100\n|-damage|p2a: Azumarill|88\/100|[from] Stealth Rock\n|move|p1a: Gorra|Mystical Fire|p2a: Azumarill\n|-resisted|p2a: Azumarill\n|-damage|p2a: Azumarill|74\/100\n|-unboost|p2a: Azumarill|spa|1\n|\n|upkeep\n|turn|10\n|inactive|hypervortexreturns has 120 seconds left.\n|j| cute pink team\n|\n|t:|1650000574\n|move|p2a: Azumarill|Knock Off|p1a: Gorra\n|-damage|p1a: Gorra|54\/100\n|-enditem|p1a: Gorra|Kasib Berry|[from] move: Knock Off|[of] p2a: Azumarill\n|move|p1a: Gorra|Trick Room|p1a: Gorra\n|-fieldstart|move: Trick Room|[of] p1a: Gorra\n|\n|upkeep\n|turn|11\n|\n|t:|1650000588\n|switch|p1a: Thorns|Ferrothorn, M|100\/100\n|switch|p2a: Corviknight|Corviknight, F|100\/100\n|-damage|p2a: Corviknight|88\/100|[from] Stealth Rock\n|-ability|p2a: Corviknight|Pressure\n|\n|-heal|p2a: Corviknight|94\/100|[from] item: Leftovers\n|upkeep\n|turn|12\n|\n|t:|1650000610\n|switch|p1a: Billy B.|Marowak-Alola, M, shiny|100\/100\n|switch|p2a: Tangrowth|Tangrowth, M|100\/100\n|-damage|p2a: Tangrowth|88\/100|[from] Stealth Rock\n|\n|upkeep\n|turn|13\n|\n|t:|1650000620\n|switch|p2a: Hydreigon|Hydreigon, F|100\/100\n|-damage|p2a: Hydreigon|88\/100|[from] Stealth Rock\n|move|p1a: Billy B.|Flare Blitz|p2a: Hydreigon\n|-resisted|p2a: Hydreigon\n|-damage|p2a: Hydreigon|41\/100\n|-status|p2a: Hydreigon|brn\n|\n|-heal|p2a: Hydreigon|47\/100 brn|[from] item: Leftovers\n|-damage|p2a: Hydreigon|41\/100 brn|[from] brn\n|upkeep\n|turn|14\n|inactive|hypervortexreturns has 90 seconds left.\n|\n|t:|1650000654\n|move|p1a: Billy B.|Flare Blitz|p2a: Hydreigon\n|-resisted|p2a: Hydreigon\n|-damage|p2a: Hydreigon|0 fnt\n|faint|p2a: Hydreigon\n|\n|-fieldend|move: Trick Room\n|upkeep\n|\n|t:|1650000675\n|switch|p2a: Azumarill|Azumarill, F|74\/100\n|-damage|p2a: Azumarill|62\/100|[from] Stealth Rock\n|turn|15\n|\n|t:|1650000686\n|move|p2a: Azumarill|Belly Drum|p2a: Azumarill\n|-damage|p2a: Azumarill|12\/100\n|-setboost|p2a: Azumarill|atk|6|[from] move: Belly Drum\n|-enditem|p2a: Azumarill|Sitrus Berry|[eat]\n|-heal|p2a: Azumarill|37\/100|[from] item: Sitrus Berry\n|move|p1a: Billy B.|Flare Blitz|p2a: Azumarill\n|-resisted|p2a: Azumarill\n|-damage|p2a: Azumarill|0 fnt\n|faint|p2a: Azumarill\n|\n|upkeep\n|\n|t:|1650000697\n|switch|p2a: Zapdos|Zapdos|88\/100\n|turn|16\n|\n|t:|1650000703\n|move|p2a: Zapdos|Discharge|p1a: Billy B.\n|-damage|p1a: Billy B.|61\/100\n|move|p1a: Billy B.|Flare Blitz|p2a: Zapdos\n|-damage|p2a: Zapdos|0 fnt\n|faint|p2a: Zapdos\n|\n|upkeep\n|j| Cra3k\n|inactive|hypervortexreturns has 60 seconds left.\n|j| Kraymar\n|inactive|hypervortexreturns has 30 seconds left.\n|inactive|hypervortexreturns has 20 seconds left.\n|inactive|hypervortexreturns has 15 seconds left.\n|inactive|hypervortexreturns has 10 seconds left.\n|inactive|hypervortexreturns has 5 seconds left.\n|-message|hypervortexreturns lost due to inactivity.\n|\n|win|Infernoss\n|raw|Infernoss's rating: 1754 &rarr; <strong>1786<\/strong><br \/>(+32 for winning)\n|raw|hypervortexreturns's rating: 1986 &rarr; <strong>1954<\/strong><br \/>(-32 for losing)\n|l| Jdcomix\n","uploadtime":1650000787,"views":157,"p1id":"infernoss","p2id":"hypervortexreturns","formatid":"gen8ou","rating":1786,"private":0,"password":null}