{"id":"gen8ou-1614607121","p1":"Steady Climb","p2":"dracaufeu shiny","format":"gen8ou","log":"|j|\u2606Steady Climb\n|j|\u2606dracaufeu shiny\n|t:|1657496423\n|gametype|singles\n|player|p1|Steady Climb|medium-gen2jp|1839\n|player|p2|dracaufeu shiny|red|1761\n|teamsize|p1|6\n|teamsize|p2|6\n|gen|8\n|tier|[Gen 8] OU\n|rated|\n|rule|Sleep Clause Mod: Limit one foe put to sleep\n|rule|Species Clause: Limit one of each Pok\u00e9mon\n|rule|OHKO Clause: OHKO moves are banned\n|rule|Evasion Moves Clause: Evasion moves are banned\n|rule|Endless Battle Clause: Forcing endless battles is banned\n|rule|HP Percentage Mod: HP is shown in percentages\n|rule|Dynamax Clause: You cannot dynamax\n|clearpoke\n|poke|p1|Tapu Koko|\n|poke|p1|Hawlucha, M|\n|poke|p1|Volcarona, M|\n|poke|p1|Weavile, M|\n|poke|p1|Kartana|\n|poke|p1|Tapu Lele|\n|poke|p2|Mandibuzz, F|\n|poke|p2|Toxapex, F|\n|poke|p2|Landorus-Therian, M|\n|poke|p2|Melmetal|\n|poke|p2|Zapdos-Galar|\n|poke|p2|Regieleki|\n|teampreview\n|inactive|Battle timer is ON: inactive players will automatically lose when time's up. (requested by Steady Climb)\n|\n|t:|1657496435\n|start\n|switch|p1a: Tapu Lele|Tapu Lele|100\/100\n|switch|p2a: Regieleki|Regieleki|100\/100\n|-fieldstart|move: Psychic Terrain|[from] ability: Psychic Surge|[of] p1a: Tapu Lele\n|turn|1\n|\n|t:|1657496445\n|move|p2a: Regieleki|Volt Switch|p1a: Tapu Lele\n|-damage|p1a: Tapu Lele|26\/100\n|\n|t:|1657496452\n|switch|p2a: Melmetal|Melmetal|100\/100|[from]move: Volt Switch\n|move|p1a: Tapu Lele|Moonblast|p2a: Melmetal\n|-resisted|p2a: Melmetal\n|-damage|p2a: Melmetal|78\/100\n|-unboost|p2a: Melmetal|spa|1\n|\n|upkeep\n|turn|2\n|j| ekt0m0rf\n|j| Riquelme1\u2740\n|\n|t:|1657496462\n|move|p1a: Tapu Lele|Focus Blast|p2a: Melmetal\n|-supereffective|p2a: Melmetal\n|-damage|p2a: Melmetal|0 fnt\n|faint|p2a: Melmetal\n|\n|upkeep\n|\n|t:|1657496468\n|switch|p2a: Regieleki|Regieleki|100\/100\n|turn|3\n|\n|t:|1657496473\n|move|p2a: Regieleki|Thunderbolt|p1a: Tapu Lele\n|-damage|p1a: Tapu Lele|0 fnt\n|faint|p1a: Tapu Lele\n|\n|upkeep\n|j| my emoji is goat\n|j| Yb is BETTER\n|l| Yb is BETTER\n|inactive|Steady Climb has 120 seconds left.\n|\n|t:|1657496504\n|switch|p1a: Tapu Koko|Tapu Koko|100\/100\n|-fieldstart|move: Electric Terrain|[from] ability: Electric Surge|[of] p1a: Tapu Koko\n|turn|4\n|\n|t:|1657496509\n|move|p2a: Regieleki|Thunderbolt|p1a: Tapu Koko\n|-resisted|p1a: Tapu Koko\n|-damage|p1a: Tapu Koko|33\/100\n|move|p1a: Tapu Koko|Light Screen|p1a: Tapu Koko\n|-sidestart|p1: Steady Climb|move: Light Screen\n|\n|upkeep\n|turn|5\n|\n|t:|1657496515\n|move|p2a: Regieleki|Thunderbolt|p1a: Tapu Koko\n|-resisted|p1a: Tapu Koko\n|-damage|p1a: Tapu Koko|0 fnt\n|faint|p1a: Tapu Koko\n|\n|upkeep\n|\n|t:|1657496540\n|switch|p1a: Volcarona|Volcarona, M|100\/100\n|turn|6\n|\n|t:|1657496544\n|move|p2a: Regieleki|Thunderbolt|p1a: Volcarona\n|-damage|p1a: Volcarona|39\/100\n|move|p1a: Volcarona|Bug Buzz|p2a: Regieleki\n|-damage|p2a: Regieleki|0 fnt\n|faint|p2a: Regieleki\n|\n|upkeep\n|\n|t:|1657496553\n|switch|p2a: Zapdos|Zapdos-Galar|100\/100\n|turn|7\n|j| ash_won_kalos\n|inactive|Steady Climb has 120 seconds left.\n|\n|t:|1657496589\n|switch|p1a: Kartana|Kartana|100\/100\n|move|p2a: Zapdos|Brave Bird|p1a: Kartana\n|-crit|p1a: Kartana\n|-damage|p1a: Kartana|0 fnt\n|faint|p1a: Kartana\n|-damage|p2a: Zapdos|74\/100|[from] Recoil\n|\n|upkeep\n|\n|t:|1657496592\n|switch|p1a: Hawlucha|Hawlucha, M|100\/100\n|-enditem|p1a: Hawlucha|Electric Seed\n|-boost|p1a: Hawlucha|def|1|[from] item: Electric Seed\n|turn|8\n|j| Toolboxes\n|\n|t:|1657496606\n|switch|p2a: Toxapex|Toxapex, F|100\/100\n|move|p1a: Hawlucha|Substitute|p1a: Hawlucha\n|-start|p1a: Hawlucha|Substitute\n|-damage|p1a: Hawlucha|76\/100\n|\n|-fieldend|move: Electric Terrain\n|upkeep\n|turn|9\n|\n|t:|1657496614\n|move|p1a: Hawlucha|Acrobatics|p2a: Toxapex\n|-crit|p2a: Toxapex\n|-damage|p2a: Toxapex|52\/100\n|move|p2a: Toxapex|Haze|p2a: Toxapex\n|-clearallboost\n|\n|-heal|p2a: Toxapex|58\/100|[from] item: Black Sludge\n|upkeep\n|turn|10\n|\n|t:|1657496625\n|move|p1a: Hawlucha|Swords Dance|p1a: Hawlucha\n|-boost|p1a: Hawlucha|atk|2\n|move|p2a: Toxapex|Recover|p2a: Toxapex\n|-heal|p2a: Toxapex|100\/100\n|\n|upkeep\n|turn|11\n|\n|t:|1657496633\n|move|p1a: Hawlucha|Acrobatics|p2a: Toxapex\n|-damage|p2a: Toxapex|40\/100\n|move|p2a: Toxapex|Haze|p2a: Toxapex\n|-clearallboost\n|\n|-heal|p2a: Toxapex|46\/100|[from] item: Black Sludge\n|-sideend|p1: Steady Climb|move: Light Screen\n|upkeep\n|turn|12\n|\n|t:|1657496644\n|switch|p2a: Mandibuzz|Mandibuzz, F|100\/100\n|move|p1a: Hawlucha|Swords Dance|p1a: Hawlucha\n|-boost|p1a: Hawlucha|atk|2\n|\n|upkeep\n|turn|13\n|\n|t:|1657496651\n|move|p1a: Hawlucha|Swords Dance|p1a: Hawlucha\n|-boost|p1a: Hawlucha|atk|2\n|move|p2a: Mandibuzz|Foul Play|p1a: Hawlucha\n|-resisted|p1a: Hawlucha\n|-end|p1a: Hawlucha|Substitute\n|\n|upkeep\n|turn|14\n|\n|t:|1657496659\n|switch|p2a: Landorus|Landorus-Therian, M|100\/100\n|-ability|p2a: Landorus|Intimidate|boost\n|-unboost|p1a: Hawlucha|atk|1\n|move|p1a: Hawlucha|Close Combat|p2a: Landorus\n|-resisted|p2a: Landorus\n|-damage|p2a: Landorus|37\/100\n|-unboost|p1a: Hawlucha|def|1\n|-unboost|p1a: Hawlucha|spd|1\n|\n|-heal|p2a: Landorus|43\/100|[from] item: Leftovers\n|upkeep\n|turn|15\n|\n|t:|1657496673\n|move|p1a: Hawlucha|Swords Dance|p1a: Hawlucha\n|-boost|p1a: Hawlucha|atk|2\n|move|p2a: Landorus|U-turn|p1a: Hawlucha\n|-resisted|p1a: Hawlucha\n|-damage|p1a: Hawlucha|64\/100\n|c| Toolboxes|balls of steel\n|\n|t:|1657496682\n|switch|p2a: Mandibuzz|Mandibuzz, F|100\/100|[from]move: U-turn\n|\n|upkeep\n|turn|16\n|\n|t:|1657496687\n|move|p1a: Hawlucha|Substitute|p1a: Hawlucha\n|-start|p1a: Hawlucha|Substitute\n|-damage|p1a: Hawlucha|39\/100\n|move|p2a: Mandibuzz|Foul Play|p1a: Hawlucha\n|-resisted|p1a: Hawlucha\n|-end|p1a: Hawlucha|Substitute\n|\n|upkeep\n|turn|17\n|\n|t:|1657496694\n|move|p1a: Hawlucha|Acrobatics|p2a: Mandibuzz\n|-damage|p2a: Mandibuzz|0 fnt\n|faint|p2a: Mandibuzz\n|\n|upkeep\n|-message|dracaufeu shiny forfeited.\n|\n|win|Steady Climb\n|raw|Steady Climb's rating: 1839 &rarr; <strong>1855<\/strong><br \/>(+16 for winning)\n|raw|dracaufeu shiny's rating: 1761 &rarr; <strong>1745<\/strong><br \/>(-16 for losing)\n|l|\u2606dracaufeu shiny\n|j| Dah Potato\n|l| Dah Potato\n|l|\u2606Steady Climb\n","uploadtime":1657496705,"views":23,"p1id":"steadyclimb","p2id":"dracaufeushiny","formatid":"gen8ou","rating":1745,"private":0,"password":null}