{"id":"gen8ou-1616562251","p1":"Free Wifi Hotspot","p2":"Figull400","format":"gen8ou","log":"|j|\u2606Free Wifi Hotspot\n|j|\u2606Figull400\n|t:|1657735845\n|gametype|singles\n|player|p1|Free Wifi Hotspot|lucas|1700\n|player|p2|Figull400|gambler|1775\n|teamsize|p1|6\n|teamsize|p2|6\n|gen|8\n|tier|[Gen 8] OU\n|rated|\n|rule|Sleep Clause Mod: Limit one foe put to sleep\n|rule|Species Clause: Limit one of each Pok\u00e9mon\n|rule|OHKO Clause: OHKO moves are banned\n|rule|Evasion Moves Clause: Evasion moves are banned\n|rule|Endless Battle Clause: Forcing endless battles is banned\n|rule|HP Percentage Mod: HP is shown in percentages\n|rule|Dynamax Clause: You cannot dynamax\n|clearpoke\n|poke|p1|Urshifu-*, M|\n|poke|p1|Corviknight, F|\n|poke|p1|Slowking-Galar, M|\n|poke|p1|Weavile, M|\n|poke|p1|Garchomp, M|\n|poke|p1|Rillaboom, M|\n|poke|p2|Weavile, M|\n|poke|p2|Garchomp, M|\n|poke|p2|Kartana|\n|poke|p2|Dragapult, M|\n|poke|p2|Landorus-Therian, M|\n|poke|p2|Melmetal|\n|teampreview\n|inactive|Battle timer is ON: inactive players will automatically lose when time's up. (requested by Free Wifi Hotspot)\n|\n|t:|1657735852\n|start\n|switch|p1a: Garchomp|Garchomp, M|100\/100\n|switch|p2a: Pap\u00e0 Sabaku|Dragapult, M|100\/100\n|turn|1\n|\n|t:|1657735856\n|switch|p2a: GoofyLookin|Landorus-Therian, M|100\/100\n|-ability|p2a: GoofyLookin|Intimidate|boost\n|-unboost|p1a: Garchomp|atk|1\n|switch|p1a: Corviknight|Corviknight, F|100\/100\n|-ability|p1a: Corviknight|Pressure\n|\n|upkeep\n|turn|2\n|\n|t:|1657735859\n|move|p2a: GoofyLookin|Stealth Rock|p1a: Corviknight\n|-sidestart|p1: Free Wifi Hotspot|move: Stealth Rock\n|move|p1a: Corviknight|U-turn|p2a: GoofyLookin\n|-resisted|p2a: GoofyLookin\n|-damage|p2a: GoofyLookin|96\/100\n|-damage|p1a: Corviknight|84\/100|[from] item: Rocky Helmet|[of] p2a: GoofyLookin\n|\n|t:|1657735861\n|switch|p1a: Garchomp|Garchomp, M|100\/100|[from]move: U-turn\n|-damage|p1a: Garchomp|94\/100|[from] Stealth Rock\n|\n|upkeep\n|turn|3\n|\n|t:|1657735870\n|switch|p2a: Pap\u00e0 Sabaku|Dragapult, M|100\/100\n|move|p1a: Garchomp|Stealth Rock|p2a: Pap\u00e0 Sabaku\n|-sidestart|p2: Figull400|move: Stealth Rock\n|\n|upkeep\n|turn|4\n|\n|t:|1657735876\n|switch|p1a: Corviknight|Corviknight, F|84\/100\n|-damage|p1a: Corviknight|72\/100|[from] Stealth Rock\n|-ability|p1a: Corviknight|Pressure\n|move|p2a: Pap\u00e0 Sabaku|Draco Meteor|p1a: Corviknight\n|-resisted|p1a: Corviknight\n|-damage|p1a: Corviknight|31\/100\n|-unboost|p2a: Pap\u00e0 Sabaku|spa|2\n|\n|upkeep\n|turn|5\n|\n|t:|1657735884\n|switch|p2a: GoofyLookin|Landorus-Therian, M|96\/100\n|-damage|p2a: GoofyLookin|83\/100|[from] Stealth Rock\n|-ability|p2a: GoofyLookin|Intimidate|boost\n|-unboost|p1a: Corviknight|atk|1\n|move|p1a: Corviknight|Roost|p1a: Corviknight\n|-heal|p1a: Corviknight|81\/100\n|-singleturn|p1a: Corviknight|move: Roost\n|\n|upkeep\n|turn|6\n|j| Noir Z\n|\n|t:|1657735896\n|switch|p1a: Garchomp|Garchomp, M|94\/100\n|-damage|p1a: Garchomp|88\/100|[from] Stealth Rock\n|move|p2a: GoofyLookin|Stealth Rock||[still]\n|-fail|p2a: GoofyLookin\n|\n|upkeep\n|turn|7\n|\n|t:|1657735902\n|move|p1a: Garchomp|Toxic|p2a: GoofyLookin\n|-status|p2a: GoofyLookin|tox\n|move|p2a: GoofyLookin|U-turn|p1a: Garchomp\n|-damage|p1a: Garchomp|74\/100\n|-damage|p2a: GoofyLookin|71\/100 tox|[from] ability: Rough Skin|[of] p1a: Garchomp\n|-damage|p2a: GoofyLookin|54\/100 tox|[from] item: Rocky Helmet|[of] p1a: Garchomp\n|\n|t:|1657735910\n|switch|p2a: Pap\u00e0 Sabaku|Dragapult, M|100\/100|[from]move: U-turn\n|-damage|p2a: Pap\u00e0 Sabaku|88\/100|[from] Stealth Rock\n|\n|upkeep\n|turn|8\n|\n|t:|1657735914\n|switch|p1a: Corviknight|Corviknight, F|81\/100\n|-damage|p1a: Corviknight|69\/100|[from] Stealth Rock\n|-ability|p1a: Corviknight|Pressure\n|move|p2a: Pap\u00e0 Sabaku|Shadow Ball|p1a: Corviknight\n|-damage|p1a: Corviknight|18\/100\n|\n|upkeep\n|turn|9\n|\n|t:|1657735922\n|switch|p1a: Weavile|Weavile, M|100\/100\n|-ability|p1a: Weavile|Pressure\n|move|p2a: Pap\u00e0 Sabaku|Shadow Ball|p1a: Weavile\n|-resisted|p1a: Weavile\n|-damage|p1a: Weavile|66\/100\n|\n|upkeep\n|turn|10\n|\n|t:|1657735928\n|switch|p2a: GoofyLookin|Landorus-Therian, M|54\/100 tox\n|-damage|p2a: GoofyLookin|42\/100 tox|[from] Stealth Rock\n|-ability|p2a: GoofyLookin|Intimidate|boost\n|-unboost|p1a: Weavile|atk|1\n|move|p1a: Weavile|Knock Off|p2a: GoofyLookin\n|-damage|p2a: GoofyLookin|21\/100 tox\n|-damage|p1a: Weavile|50\/100|[from] item: Rocky Helmet|[of] p2a: GoofyLookin\n|-enditem|p2a: GoofyLookin|Rocky Helmet|[from] move: Knock Off|[of] p1a: Weavile\n|\n|-damage|p2a: GoofyLookin|15\/100 tox|[from] psn\n|upkeep\n|turn|11\n|\n|t:|1657735939\n|move|p1a: Weavile|Knock Off|p2a: GoofyLookin\n|-damage|p2a: GoofyLookin|1\/100 tox\n|move|p2a: GoofyLookin|U-turn|p1a: Weavile\n|-supereffective|p1a: Weavile\n|-damage|p1a: Weavile|0 fnt\n|faint|p1a: Weavile\n|\n|t:|1657735948\n|switch|p2a: Pap\u00e0 Sabaku|Dragapult, M|88\/100|[from]move: U-turn\n|-damage|p2a: Pap\u00e0 Sabaku|76\/100|[from] Stealth Rock\n|\n|upkeep\n|\n|t:|1657735959\n|switch|p1a: Garchomp|Garchomp, M|74\/100\n|-damage|p1a: Garchomp|67\/100|[from] Stealth Rock\n|turn|12\n|\n|t:|1657735963\n|switch|p1a: Corviknight|Corviknight, F|18\/100\n|-damage|p1a: Corviknight|6\/100|[from] Stealth Rock\n|-ability|p1a: Corviknight|Pressure\n|move|p2a: Pap\u00e0 Sabaku|Draco Meteor|p1a: Corviknight\n|-resisted|p1a: Corviknight\n|-damage|p1a: Corviknight|0 fnt\n|-unboost|p2a: Pap\u00e0 Sabaku|spa|2\n|faint|p1a: Corviknight\n|\n|upkeep\n|\n|t:|1657735965\n|switch|p1a: Rillaboom|Rillaboom, M|100\/100\n|-damage|p1a: Rillaboom|88\/100|[from] Stealth Rock\n|-fieldstart|move: Grassy Terrain|[from] ability: Grassy Surge|[of] p1a: Rillaboom\n|turn|13\n|\n|t:|1657735967\n|switch|p2a: GoofyLookin|Landorus-Therian, M|1\/100 tox\n|-damage|p2a: GoofyLookin|0 fnt|[from] Stealth Rock\n|faint|p2a: GoofyLookin\n|move|p1a: Rillaboom|Swords Dance|p1a: Rillaboom\n|-boost|p1a: Rillaboom|atk|2\n|\n|-heal|p1a: Rillaboom|94\/100|[from] Grassy Terrain\n|upkeep\n|inactive|Figull400 has 120 seconds left.\n|\n|t:|1657736004\n|switch|p2a: AceGamer|Kartana|100\/100\n|-damage|p2a: AceGamer|94\/100|[from] Stealth Rock\n|turn|14\n|inactive|Figull400 has 120 seconds left.\n|\n|t:|1657736018\n|move|p2a: AceGamer|Knock Off|p1a: Rillaboom\n|-damage|p1a: Rillaboom|47\/100\n|-enditem|p1a: Rillaboom|Life Orb|[from] move: Knock Off|[of] p2a: AceGamer\n|move|p1a: Rillaboom|Knock Off|p2a: AceGamer\n|-damage|p2a: AceGamer|22\/100\n|-enditem|p2a: AceGamer|Choice Scarf|[from] move: Knock Off|[of] p1a: Rillaboom\n|\n|-heal|p2a: AceGamer|28\/100|[from] Grassy Terrain\n|-heal|p1a: Rillaboom|53\/100|[from] Grassy Terrain\n|upkeep\n|turn|15\n|\n|t:|1657736027\n|switch|p1a: Garchomp|Garchomp, M|67\/100\n|-damage|p1a: Garchomp|61\/100|[from] Stealth Rock\n|move|p2a: AceGamer|Aerial Ace|p1a: Garchomp\n|-damage|p1a: Garchomp|44\/100\n|-damage|p2a: AceGamer|16\/100|[from] ability: Rough Skin|[of] p1a: Garchomp\n|-damage|p2a: AceGamer|0 fnt|[from] item: Rocky Helmet|[of] p1a: Garchomp\n|faint|p2a: AceGamer\n|\n|-heal|p1a: Garchomp|50\/100|[from] Grassy Terrain\n|upkeep\n|inactive|Figull400 has 120 seconds left.\n|inactive|Figull400 has 90 seconds left.\n|\n|t:|1657736076\n|switch|p2a: Ryan Reynolds|Garchomp, M|100\/100\n|-damage|p2a: Ryan Reynolds|94\/100|[from] Stealth Rock\n|turn|16\n|\n|t:|1657736079\n|move|p2a: Ryan Reynolds|Scale Shot|p1a: Garchomp\n|-supereffective|p1a: Garchomp\n|-damage|p1a: Garchomp|34\/100\n|-supereffective|p1a: Garchomp\n|-damage|p1a: Garchomp|16\/100\n|-supereffective|p1a: Garchomp\n|-damage|p1a: Garchomp|0 fnt\n|faint|p1a: Garchomp\n|-hitcount|p1: Garchomp|3\n|-unboost|p2a: Ryan Reynolds|def|1\n|-boost|p2a: Ryan Reynolds|spe|1\n|\n|-heal|p2a: Ryan Reynolds|100\/100|[from] Grassy Terrain\n|upkeep\n|\n|t:|1657736090\n|switch|p1a: Rillaboom|Rillaboom, M|53\/100\n|-damage|p1a: Rillaboom|41\/100|[from] Stealth Rock\n|turn|17\n|\n|t:|1657736094\n|switch|p2a: Sesame Street|Melmetal|100\/100\n|-damage|p2a: Sesame Street|94\/100|[from] Stealth Rock\n|move|p1a: Rillaboom|Grassy Glide|p2a: Sesame Street\n|-resisted|p2a: Sesame Street\n|-damage|p2a: Sesame Street|78\/100\n|\n|-heal|p1a: Rillaboom|47\/100|[from] Grassy Terrain\n|-heal|p2a: Sesame Street|84\/100|[from] Grassy Terrain\n|-fieldend|move: Grassy Terrain\n|upkeep\n|turn|18\n|\n|t:|1657736101\n|move|p1a: Rillaboom|Superpower|p2a: Sesame Street\n|-supereffective|p2a: Sesame Street\n|-damage|p2a: Sesame Street|29\/100\n|-unboost|p1a: Rillaboom|atk|1\n|-unboost|p1a: Rillaboom|def|1\n|move|p2a: Sesame Street|Double Iron Bash|p1a: Rillaboom\n|-damage|p1a: Rillaboom|0 fnt\n|faint|p1a: Rillaboom\n|-hitcount|p1: Rillaboom|1\n|\n|upkeep\n|\n|t:|1657736108\n|switch|p1a: Urshifu|Urshifu-Rapid-Strike, M|100\/100\n|-damage|p1a: Urshifu|94\/100|[from] Stealth Rock\n|turn|19\n|\n|t:|1657736110\n|move|p1a: Urshifu|Surging Strikes|p2a: Sesame Street\n|-crit|p2a: Sesame Street\n|-damage|p2a: Sesame Street|17\/100\n|-crit|p2a: Sesame Street\n|-damage|p2a: Sesame Street|4\/100\n|-crit|p2a: Sesame Street\n|-damage|p2a: Sesame Street|0 fnt\n|faint|p2a: Sesame Street\n|-hitcount|p2: Sesame Street|3\n|\n|upkeep\n|inactive|Figull400 has 120 seconds left.\n|-message|Free Wifi Hotspot forfeited.\n|\n|win|Figull400\n|raw|Free Wifi Hotspot's rating: 1700 &rarr; <strong>1684<\/strong><br \/>(-16 for losing)\n|raw|Figull400's rating: 1775 &rarr; <strong>1791<\/strong><br \/>(+16 for winning)\n|c|\u2606Figull400|gg\n|l|\u2606Free Wifi Hotspot\n||Ladder isn't responding, score probably updated but might not have (Request timeout).\n","uploadtime":1657736168,"views":22,"p1id":"freewifihotspot","p2id":"figull400","formatid":"gen8ou","rating":1684,"private":0,"password":null}