{"id":"gen8ou-1578812043","p1":"fishy8995","p2":"Testing Diamondz","format":"gen8ou","log":"|j|\u2606fishy8995\n|j|\u2606Testing Diamondz\n|t:|1653027080\n|gametype|singles\n|player|p1|fishy8995|169|1725\n|player|p2|Testing Diamondz|dragontamer|1655\n|teamsize|p1|6\n|teamsize|p2|6\n|gen|8\n|tier|[Gen 8] OU\n|rated|\n|rule|Sleep Clause Mod: Limit one foe put to sleep\n|rule|Species Clause: Limit one of each Pok\u00e9mon\n|rule|OHKO Clause: OHKO moves are banned\n|rule|Evasion Moves Clause: Evasion moves are banned\n|rule|Endless Battle Clause: Forcing endless battles is banned\n|rule|HP Percentage Mod: HP is shown in percentages\n|rule|Dynamax Clause: You cannot dynamax\n|clearpoke\n|poke|p1|Hippowdon, F|\n|poke|p1|Tyranitar, F|\n|poke|p1|Excadrill, M|\n|poke|p1|Dragonite, F|\n|poke|p1|Toxapex, F|\n|poke|p1|Dracozolt|\n|poke|p2|Kartana|\n|poke|p2|Inteleon, F|\n|poke|p2|Whimsicott, F|\n|poke|p2|Tornadus, M|\n|poke|p2|Nidoking, M|\n|poke|p2|Melmetal|\n|teampreview\n|inactive|Battle timer is ON: inactive players will automatically lose when time's up. (requested by Testing Diamondz)\n|\n|t:|1653027102\n|start\n|switch|p1a: Tyranitar|Tyranitar, F|100\/100\n|switch|p2a: Kartana|Kartana|100\/100\n|-weather|Sandstorm|[from] ability: Sand Stream|[of] p1a: Tyranitar\n|turn|1\n|\n|t:|1653027117\n|move|p2a: Kartana|Leaf Blade|p1a: Tyranitar\n|-supereffective|p1a: Tyranitar\n|-damage|p1a: Tyranitar|0 fnt\n|faint|p1a: Tyranitar\n|-ability|p2a: Kartana|Beast Boost|boost\n|-boost|p2a: Kartana|atk|1\n|-damage|p2a: Kartana|90\/100|[from] item: Life Orb\n|\n|-weather|Sandstorm|[upkeep]\n|upkeep\n|\n|t:|1653027120\n|switch|p1a: Dracozolt|Dracozolt|100\/100\n|turn|2\n|\n|t:|1653027141\n|switch|p2a: Tornadus|Tornadus, M|100\/100\n|move|p1a: Dracozolt|Flamethrower|p2a: Tornadus\n|-damage|p2a: Tornadus|76\/100\n|-damage|p1a: Dracozolt|91\/100|[from] item: Life Orb\n|\n|-weather|Sandstorm|[upkeep]\n|-damage|p2a: Tornadus|70\/100|[from] Sandstorm\n|upkeep\n|turn|3\n|\n|t:|1653027151\n|move|p2a: Tornadus|Tailwind|p2a: Tornadus\n|-sidestart|p2: Testing Diamondz|move: Tailwind\n|move|p1a: Dracozolt|Bolt Beak|p2a: Tornadus\n|-supereffective|p2a: Tornadus\n|-damage|p2a: Tornadus|0 fnt\n|faint|p2a: Tornadus\n|-damage|p1a: Dracozolt|81\/100|[from] item: Life Orb\n|\n|-weather|Sandstorm|[upkeep]\n|upkeep\n|inactive|Testing Diamondz has 120 seconds left.\n|\n|t:|1653027167\n|switch|p2a: Nidoking|Nidoking, M|100\/100\n|turn|4\n|inactive|Testing Diamondz has 120 seconds left.\n|\n|t:|1653027178\n|switch|p1a: Dragonite|Dragonite, F|100\/100\n|move|p2a: Nidoking|Earth Power|p1a: Dragonite\n|-immune|p1a: Dragonite\n|\n|-weather|Sandstorm|[upkeep]\n|-damage|p1a: Dragonite|94\/100|[from] Sandstorm\n|-heal|p1a: Dragonite|100\/100|[from] item: Leftovers\n|upkeep\n|turn|5\n|inactive|Testing Diamondz has 120 seconds left.\n|\n|t:|1653027188\n|move|p2a: Nidoking|Ice Beam|p1a: Dragonite\n|-supereffective|p1a: Dragonite\n|-damage|p1a: Dragonite|17\/100\n|move|p1a: Dragonite|Earthquake|p2a: Nidoking\n|-supereffective|p2a: Nidoking\n|-damage|p2a: Nidoking|0 fnt\n|faint|p2a: Nidoking\n|\n|-weather|none\n|-heal|p1a: Dragonite|23\/100|[from] item: Leftovers\n|upkeep\n|inactive|Testing Diamondz has 120 seconds left.\n|\n|t:|1653027203\n|switch|p2a: Kartana|Kartana|90\/100\n|turn|6\n|\n|t:|1653027207\n|switch|p1a: Toxapex|Toxapex, F|100\/100\n|move|p2a: Kartana|Knock Off|p1a: Toxapex\n|-damage|p1a: Toxapex|56\/100\n|-enditem|p1a: Toxapex|Black Sludge|[from] move: Knock Off|[of] p2a: Kartana\n|-damage|p2a: Kartana|80\/100|[from] item: Life Orb\n|\n|-sideend|p2: Testing Diamondz|move: Tailwind\n|upkeep\n|turn|7\n|\n|t:|1653027219\n|move|p2a: Kartana|Leaf Blade|p1a: Toxapex\n|-damage|p1a: Toxapex|0 fnt\n|faint|p1a: Toxapex\n|-ability|p2a: Kartana|Beast Boost|boost\n|-boost|p2a: Kartana|atk|1\n|-damage|p2a: Kartana|70\/100|[from] item: Life Orb\n|\n|upkeep\n|\n|t:|1653027224\n|switch|p1a: Hippowdon|Hippowdon, F|100\/100\n|-weather|Sandstorm|[from] ability: Sand Stream|[of] p1a: Hippowdon\n|turn|8\n|\n|t:|1653027232\n|switch|p1a: Dragonite|Dragonite, F|23\/100\n|move|p2a: Kartana|Leaf Blade|p1a: Dragonite\n|-resisted|p1a: Dragonite\n|-damage|p1a: Dragonite|0 fnt\n|faint|p1a: Dragonite\n|-ability|p2a: Kartana|Beast Boost|boost\n|-boost|p2a: Kartana|atk|1\n|-damage|p2a: Kartana|60\/100|[from] item: Life Orb\n|\n|-weather|Sandstorm|[upkeep]\n|upkeep\n|\n|t:|1653027235\n|switch|p1a: Excadrill|Excadrill, M|100\/100\n|turn|9\n|\n|t:|1653027254\n|switch|p2a: Melmetal|Melmetal|100\/100\n|move|p1a: Excadrill|Earthquake|p2a: Melmetal\n|-supereffective|p2a: Melmetal\n|-damage|p2a: Melmetal|34\/100\n|\n|-weather|Sandstorm|[upkeep]\n|upkeep\n|turn|10\n|\n|t:|1653027263\n|move|p1a: Excadrill|Earthquake|p2a: Melmetal\n|-supereffective|p2a: Melmetal\n|-damage|p2a: Melmetal|0 fnt\n|faint|p2a: Melmetal\n|\n|-weather|Sandstorm|[upkeep]\n|upkeep\n|\n|t:|1653027273\n|switch|p2a: Whimsicott|Whimsicott, F|100\/100\n|turn|11\n|j| Krismall\n|\n|t:|1653027279\n|move|p2a: Whimsicott|Tailwind|p2a: Whimsicott\n|-sidestart|p2: Testing Diamondz|move: Tailwind\n|move|p1a: Excadrill|Iron Head|p2a: Whimsicott\n|-supereffective|p2a: Whimsicott\n|-damage|p2a: Whimsicott|24\/100\n|-enditem|p2a: Whimsicott|Eject Button\n|\n|t:|1653027292\n|switch|p2a: Inteleon|Inteleon, F|100\/100\n|\n|-weather|Sandstorm|[upkeep]\n|-damage|p2a: Inteleon|94\/100|[from] Sandstorm\n|upkeep\n|turn|12\n|\n|t:|1653027299\n|move|p2a: Inteleon|Snipe Shot|p1a: Excadrill\n|-supereffective|p1a: Excadrill\n|-crit|p1a: Excadrill\n|-enditem|p1a: Excadrill|Focus Sash\n|-damage|p1a: Excadrill|1\/100\n|move|p1a: Excadrill|Earthquake|p2a: Inteleon\n|-damage|p2a: Inteleon|0 fnt\n|faint|p2a: Inteleon\n|\n|-weather|Sandstorm|[upkeep]\n|upkeep\n|\n|t:|1653027320\n|switch|p2a: Kartana|Kartana|60\/100\n|turn|13\n|\n|t:|1653027328\n|switch|p1a: Hippowdon|Hippowdon, F|100\/100\n|move|p2a: Kartana|Leaf Blade|p1a: Hippowdon\n|-supereffective|p1a: Hippowdon\n|-damage|p1a: Hippowdon|2\/100\n|-damage|p2a: Kartana|50\/100|[from] item: Life Orb\n|\n|-weather|Sandstorm|[upkeep]\n|upkeep\n|turn|14\n|\n|t:|1653027338\n|switch|p2a: Whimsicott|Whimsicott, F|24\/100\n|switch|p1a: Excadrill|Excadrill, M|1\/100\n|\n|-weather|Sandstorm|[upkeep]\n|-damage|p2a: Whimsicott|18\/100|[from] Sandstorm\n|-sideend|p2: Testing Diamondz|move: Tailwind\n|upkeep\n|turn|15\n|\n|t:|1653027358\n|move|p2a: Whimsicott|Tailwind|p2a: Whimsicott\n|-sidestart|p2: Testing Diamondz|move: Tailwind\n|move|p1a: Excadrill|Swords Dance|p1a: Excadrill\n|-boost|p1a: Excadrill|atk|2\n|\n|-weather|none\n|upkeep\n|turn|16\n|\n|t:|1653027367\n|move|p2a: Whimsicott|Moonblast|p1a: Excadrill\n|-resisted|p1a: Excadrill\n|-damage|p1a: Excadrill|0 fnt\n|faint|p1a: Excadrill\n|\n|upkeep\n|\n|t:|1653027369\n|switch|p1a: Dracozolt|Dracozolt|81\/100\n|turn|17\n|\n|t:|1653027375\n|switch|p1a: Hippowdon|Hippowdon, F|2\/100\n|-weather|Sandstorm|[from] ability: Sand Stream|[of] p1a: Hippowdon\n|move|p2a: Whimsicott|Moonblast|p1a: Hippowdon\n|-damage|p1a: Hippowdon|0 fnt\n|faint|p1a: Hippowdon\n|\n|-weather|Sandstorm|[upkeep]\n|-damage|p2a: Whimsicott|12\/100|[from] Sandstorm\n|upkeep\n|\n|t:|1653027377\n|switch|p1a: Dracozolt|Dracozolt|81\/100\n|turn|18\n|\n|t:|1653027388\n|move|p2a: Whimsicott|Moonblast|p1a: Dracozolt\n|-supereffective|p1a: Dracozolt\n|-damage|p1a: Dracozolt|0 fnt\n|faint|p1a: Dracozolt\n|\n|win|Testing Diamondz\n|raw|fishy8995's rating: 1725 &rarr; <strong>1701<\/strong><br \/>(-24 for losing)\n|raw|Testing Diamondz's rating: 1655 &rarr; <strong>1679<\/strong><br \/>(+24 for winning)\n|l|\u2606fishy8995\n|c|\u2606Testing Diamondz|Gg\n|l| Krismall\n","uploadtime":1653027411,"views":22,"p1id":"fishy8995","p2id":"testingdiamondz","formatid":"gen8ou","rating":1679,"private":0,"password":null}