{"id":"gen8ou-1667325250","p1":"Diameter\u272fXtreme","p2":"minimax_ai","format":"gen8ou","log":"|j|\u2606Diameter\u272fXtreme\n|j|\u2606minimax_ai\n|t:|1663512378\n|gametype|singles\n|player|p1|Diameter\u272fXtreme|twins-gen4|1512\n|player|p2|minimax_ai|lusamine-nihilego|1551\n|teamsize|p1|6\n|teamsize|p2|6\n|gen|8\n|tier|[Gen 8] OU\n|rated|\n|rule|Sleep Clause Mod: Limit one foe put to sleep\n|rule|Species Clause: Limit one of each Pok\u00e9mon\n|rule|OHKO Clause: OHKO moves are banned\n|rule|Evasion Items Clause: Evasion items are banned\n|rule|Evasion Moves Clause: Evasion moves are banned\n|rule|Endless Battle Clause: Forcing endless battles is banned\n|rule|HP Percentage Mod: HP is shown in percentages\n|rule|Dynamax Clause: You cannot dynamax\n|clearpoke\n|poke|p1|Ferrothorn, F|\n|poke|p1|Urshifu-*, M|\n|poke|p1|Pelipper, M|\n|poke|p1|Zeraora|\n|poke|p1|Tyranitar, M|\n|poke|p1|Latios, M|\n|poke|p2|Rotom-Wash|\n|poke|p2|Weavile, M|\n|poke|p2|Landorus-Therian, M|\n|poke|p2|Heatran, M|\n|poke|p2|Tangrowth, M|\n|poke|p2|Melmetal|\n|teampreview\n|c|\u2606minimax_ai|hf\n|inactive|Battle timer is ON: inactive players will automatically lose when time's up. (requested by minimax_ai)\n|c|\u2606Diameter\u272fXtreme|u2\n|\n|t:|1663512391\n|start\n|switch|p1a: Latios|Latios, M|100\/100\n|switch|p2a: landorustherian|Landorus-Therian, M|100\/100\n|-ability|p2a: landorustherian|Intimidate|boost\n|-unboost|p1a: Latios|atk|1\n|turn|1\n|\n|t:|1663512401\n|switch|p2a: Melmetal|Melmetal|100\/100\n|move|p1a: Latios|Draco Meteor|p2a: Melmetal\n|-resisted|p2a: Melmetal\n|-damage|p2a: Melmetal|81\/100\n|-unboost|p1a: Latios|spa|2\n|\n|upkeep\n|turn|2\n|\n|t:|1663512406\n|switch|p1a: Ferrothorn|Ferrothorn, F|100\/100\n|move|p2a: Melmetal|Ice Punch|p1a: Ferrothorn\n|-damage|p1a: Ferrothorn|80\/100\n|-damage|p2a: Melmetal|68\/100|[from] ability: Iron Barbs|[of] p1a: Ferrothorn\n|\n|-heal|p1a: Ferrothorn|86\/100|[from] item: Leftovers\n|upkeep\n|turn|3\n|\n|t:|1663512415\n|switch|p2a: landorustherian|Landorus-Therian, M|100\/100\n|-ability|p2a: landorustherian|Intimidate|boost\n|-unboost|p1a: Ferrothorn|atk|1\n|move|p1a: Ferrothorn|Leech Seed|p2a: landorustherian\n|-start|p2a: landorustherian|move: Leech Seed\n|\n|-heal|p1a: Ferrothorn|93\/100|[from] item: Leftovers\n|-damage|p2a: landorustherian|88\/100|[from] Leech Seed|[of] p1a: Ferrothorn\n|-heal|p1a: Ferrothorn|100\/100|[silent]\n|upkeep\n|turn|4\n|\n|t:|1663512417\n|move|p2a: landorustherian|U-turn|p1a: Ferrothorn\n|-damage|p1a: Ferrothorn|87\/100\n|-damage|p2a: landorustherian|76\/100|[from] ability: Iron Barbs|[of] p1a: Ferrothorn\n|\n|t:|1663512417\n|switch|p2a: Heatran|Heatran, M|100\/100|[from]move: U-turn\n|-item|p2a: Heatran|Air Balloon\n|move|p1a: Ferrothorn|Knock Off|p2a: Heatran\n|-damage|p2a: Heatran|87\/100\n|-enditem|p2a: Heatran|Air Balloon\n|\n|-heal|p1a: Ferrothorn|93\/100|[from] item: Leftovers\n|upkeep\n|turn|5\n|\n|t:|1663512423\n|switch|p1a: Pelipper|Pelipper, M|100\/100\n|-weather|RainDance|[from] ability: Drizzle|[of] p1a: Pelipper\n|move|p2a: Heatran|Stealth Rock|p1a: Pelipper\n|-sidestart|p1: Diameter\u272fXtreme|move: Stealth Rock\n|\n|-weather|RainDance|[upkeep]\n|upkeep\n|turn|6\n|\n|t:|1663512425\n|switch|p2a: rotomwash|Rotom-Wash|100\/100\n|move|p1a: Pelipper|Defog|p2a: rotomwash\n|-unboost|p2a: rotomwash|evasion|1\n|-sideend|p1: Diameter\u272fXtreme|Stealth Rock|[from] move: Defog|[of] p1a: Pelipper\n|\n|-weather|RainDance|[upkeep]\n|upkeep\n|turn|7\n|\n|t:|1663512427\n|switch|p2a: Tangrowth|Tangrowth, M|100\/100\n|switch|p1a: Zeraora|Zeraora|100\/100\n|\n|-weather|RainDance|[upkeep]\n|upkeep\n|turn|8\n|\n|t:|1663512431\n|move|p1a: Zeraora|Volt Switch|p2a: Tangrowth\n|-resisted|p2a: Tangrowth\n|-damage|p2a: Tangrowth|84\/100\n|\n|t:|1663512435\n|switch|p1a: Ferrothorn|Ferrothorn, F|93\/100|[from]move: Volt Switch\n|move|p2a: Tangrowth|Focus Blast|p1a: Ferrothorn|[miss]\n|-miss|p2a: Tangrowth|p1a: Ferrothorn\n|\n|-weather|RainDance|[upkeep]\n|-heal|p1a: Ferrothorn|99\/100|[from] item: Leftovers\n|upkeep\n|turn|9\n|\n|t:|1663512440\n|move|p2a: Tangrowth|Focus Blast|p1a: Ferrothorn\n|-supereffective|p1a: Ferrothorn\n|-damage|p1a: Ferrothorn|51\/100\n|move|p1a: Ferrothorn|Knock Off|p2a: Tangrowth\n|-damage|p2a: Tangrowth|74\/100\n|-damage|p1a: Ferrothorn|35\/100|[from] item: Rocky Helmet|[of] p2a: Tangrowth\n|-enditem|p2a: Tangrowth|Rocky Helmet|[from] move: Knock Off|[of] p1a: Ferrothorn\n|\n|-weather|none\n|-heal|p1a: Ferrothorn|41\/100|[from] item: Leftovers\n|upkeep\n|turn|10\n|\n|t:|1663512445\n|switch|p1a: Latios|Latios, M|100\/100\n|move|p2a: Tangrowth|Focus Blast|p1a: Latios\n|-resisted|p1a: Latios\n|-damage|p1a: Latios|86\/100\n|-unboost|p1a: Latios|spd|1\n|\n|upkeep\n|turn|11\n|\n|t:|1663512450\n|switch|p2a: Melmetal|Melmetal|68\/100\n|move|p1a: Latios|Draco Meteor|p2a: Melmetal\n|-resisted|p2a: Melmetal\n|-damage|p2a: Melmetal|49\/100\n|-unboost|p1a: Latios|spa|2\n|\n|upkeep\n|turn|12\n|\n|t:|1663512452\n|switch|p1a: Pelipper|Pelipper, M|100\/100\n|-weather|RainDance|[from] ability: Drizzle|[of] p1a: Pelipper\n|move|p2a: Melmetal|Double Iron Bash|p1a: Pelipper\n|-resisted|p1a: Pelipper\n|-damage|p1a: Pelipper|86\/100\n|-resisted|p1a: Pelipper\n|-damage|p1a: Pelipper|70\/100\n|-hitcount|p1a: Pelipper|2\n|\n|-weather|RainDance|[upkeep]\n|upkeep\n|turn|13\n|\n|t:|1663512456\n|move|p1a: Pelipper|U-turn|p2a: Melmetal\n|-resisted|p2a: Melmetal\n|-damage|p2a: Melmetal|47\/100\n|\n|t:|1663512458\n|switch|p1a: Ferrothorn|Ferrothorn, F|41\/100|[from]move: U-turn\n|move|p2a: Melmetal|Thunder Punch|p1a: Ferrothorn\n|-resisted|p1a: Ferrothorn\n|-damage|p1a: Ferrothorn|31\/100\n|-damage|p2a: Melmetal|34\/100|[from] ability: Iron Barbs|[of] p1a: Ferrothorn\n|\n|-weather|RainDance|[upkeep]\n|-heal|p1a: Ferrothorn|37\/100|[from] item: Leftovers\n|upkeep\n|turn|14\n|\n|t:|1663512460\n|move|p2a: Melmetal|Double Iron Bash|p1a: Ferrothorn\n|-resisted|p1a: Ferrothorn\n|-damage|p1a: Ferrothorn|24\/100\n|-damage|p2a: Melmetal|22\/100|[from] ability: Iron Barbs|[of] p1a: Ferrothorn\n|-resisted|p1a: Ferrothorn\n|-damage|p1a: Ferrothorn|13\/100\n|-damage|p2a: Melmetal|9\/100|[from] ability: Iron Barbs|[of] p1a: Ferrothorn\n|-hitcount|p1a: Ferrothorn|2\n|move|p1a: Ferrothorn|Leech Seed|p2a: Melmetal\n|-start|p2a: Melmetal|move: Leech Seed\n|\n|-weather|RainDance|[upkeep]\n|-heal|p1a: Ferrothorn|19\/100|[from] item: Leftovers\n|-damage|p2a: Melmetal|0 fnt|[from] Leech Seed|[of] p1a: Ferrothorn\n|-heal|p1a: Ferrothorn|30\/100|[silent]\n|faint|p2a: Melmetal\n|upkeep\n|\n|t:|1663512460\n|switch|p2a: Weavile|Weavile, M|100\/100\n|-ability|p2a: Weavile|Pressure\n|turn|15\n|\n|t:|1663512464\n|move|p2a: Weavile|Triple Axel|p1a: Ferrothorn\n|-damage|p1a: Ferrothorn|22\/100\n|-damage|p2a: Weavile|88\/100|[from] ability: Iron Barbs|[of] p1a: Ferrothorn\n|-damage|p1a: Ferrothorn|5\/100\n|-damage|p2a: Weavile|76\/100|[from] ability: Iron Barbs|[of] p1a: Ferrothorn\n|-damage|p1a: Ferrothorn|0 fnt\n|-damage|p2a: Weavile|63\/100|[from] ability: Iron Barbs|[of] p1a: Ferrothorn\n|faint|p1a: Ferrothorn\n|-hitcount|p1: Ferrothorn|3\n|\n|-weather|RainDance|[upkeep]\n|upkeep\n|\n|t:|1663512467\n|switch|p1a: Zeraora|Zeraora|100\/100\n|turn|16\n|\n|t:|1663512469\n|switch|p1a: Urshifu|Urshifu-Rapid-Strike, M|100\/100\n|switch|p2a: landorustherian|Landorus-Therian, M|76\/100\n|-ability|p2a: landorustherian|Intimidate|boost\n|-unboost|p1a: Urshifu|atk|1\n|\n|-weather|none\n|-heal|p2a: landorustherian|82\/100|[from] item: Leftovers\n|upkeep\n|turn|17\n|\n|t:|1663512473\n|switch|p2a: Tangrowth|Tangrowth, M|100\/100\n|move|p1a: Urshifu|U-turn|p2a: Tangrowth\n|-supereffective|p2a: Tangrowth\n|-damage|p2a: Tangrowth|82\/100\n|\n|t:|1663512475\n|switch|p1a: Latios|Latios, M|86\/100|[from]move: U-turn\n|\n|upkeep\n|turn|18\n|\n|t:|1663512478\n|switch|p2a: Heatran|Heatran, M|87\/100\n|move|p1a: Latios|Aura Sphere|p2a: Heatran\n|-supereffective|p2a: Heatran\n|-damage|p2a: Heatran|29\/100\n|\n|upkeep\n|turn|19\n|\n|t:|1663512481\n|switch|p1a: Urshifu|Urshifu-Rapid-Strike, M|100\/100\n|switch|p2a: landorustherian|Landorus-Therian, M|82\/100\n|-ability|p2a: landorustherian|Intimidate|boost\n|-unboost|p1a: Urshifu|atk|1\n|\n|-heal|p2a: landorustherian|88\/100|[from] item: Leftovers\n|upkeep\n|turn|20\n|\n|t:|1663512484\n|switch|p2a: Tangrowth|Tangrowth, M|100\/100\n|move|p1a: Urshifu|U-turn|p2a: Tangrowth\n|-supereffective|p2a: Tangrowth\n|-damage|p2a: Tangrowth|85\/100\n|\n|t:|1663512485\n|switch|p1a: Latios|Latios, M|86\/100|[from]move: U-turn\n|\n|upkeep\n|turn|21\n|\n|t:|1663512486\n|switch|p2a: landorustherian|Landorus-Therian, M|88\/100\n|-ability|p2a: landorustherian|Intimidate|boost\n|-unboost|p1a: Latios|atk|1\n|move|p1a: Latios|Draco Meteor|p2a: landorustherian\n|-damage|p2a: landorustherian|40\/100\n|-unboost|p1a: Latios|spa|2\n|\n|-heal|p2a: landorustherian|46\/100|[from] item: Leftovers\n|upkeep\n|turn|22\n|\n|t:|1663512488\n|move|p1a: Latios|Draco Meteor|p2a: landorustherian\n|-damage|p2a: landorustherian|22\/100\n|-unboost|p1a: Latios|spa|2\n|move|p2a: landorustherian|Toxic|p1a: Latios\n|-status|p1a: Latios|tox\n|\n|-heal|p2a: landorustherian|28\/100|[from] item: Leftovers\n|-damage|p1a: Latios|80\/100 tox|[from] psn\n|upkeep\n|turn|23\n|\n|t:|1663512489\n|move|p1a: Latios|Draco Meteor|p2a: landorustherian\n|-damage|p2a: landorustherian|10\/100\n|-unboost|p1a: Latios|spa|2\n|move|p2a: landorustherian|Toxic|p1a: Latios\n|-fail|p1a: Latios|tox\n|\n|-heal|p2a: landorustherian|16\/100|[from] item: Leftovers\n|-damage|p1a: Latios|68\/100 tox|[from] psn\n|upkeep\n|turn|24\n|\n|t:|1663512491\n|move|p1a: Latios|Draco Meteor|p2a: landorustherian\n|-damage|p2a: landorustherian|2\/100\n|move|p2a: landorustherian|Toxic|p1a: Latios|[miss]\n|-miss|p2a: landorustherian|p1a: Latios\n|\n|-heal|p2a: landorustherian|8\/100|[from] item: Leftovers\n|-damage|p1a: Latios|50\/100 tox|[from] psn\n|upkeep\n|turn|25\n|\n|t:|1663512492\n|move|p1a: Latios|Draco Meteor|p2a: landorustherian\n|-damage|p2a: landorustherian|0 fnt\n|faint|p2a: landorustherian\n|\n|-damage|p1a: Latios|26\/100 tox|[from] psn\n|upkeep\n|\n|t:|1663512492\n|switch|p2a: Tangrowth|Tangrowth, M|100\/100\n|turn|26\n|c|\u2606Diameter\u272fXtreme|wtf just happened lmao\n|\n|t:|1663512503\n|switch|p1a: Pelipper|Pelipper, M|70\/100\n|-weather|RainDance|[from] ability: Drizzle|[of] p1a: Pelipper\n|move|p2a: Tangrowth|Giga Drain|p1a: Pelipper\n|-damage|p1a: Pelipper|28\/100\n|\n|-weather|RainDance|[upkeep]\n|upkeep\n|turn|27\n|\n|t:|1663512504\n|move|p1a: Pelipper|Roost|p1a: Pelipper\n|-heal|p1a: Pelipper|78\/100\n|-singleturn|p1a: Pelipper|move: Roost\n|move|p2a: Tangrowth|Giga Drain|p1a: Pelipper\n|-supereffective|p1a: Pelipper\n|-damage|p1a: Pelipper|1\/100\n|\n|-weather|RainDance|[upkeep]\n|upkeep\n|turn|28\n|\n|t:|1663512508\n|move|p1a: Pelipper|U-turn|p2a: Tangrowth\n|-supereffective|p2a: Tangrowth\n|-damage|p2a: Tangrowth|91\/100\n|\n|t:|1663512511\n|switch|p1a: Latios|Latios, M|26\/100 tox|[from]move: U-turn\n|move|p2a: Tangrowth|Giga Drain|p1a: Latios\n|-resisted|p1a: Latios\n|-damage|p1a: Latios|11\/100 tox\n|-heal|p2a: Tangrowth|97\/100|[from] drain|[of] p1a: Latios\n|\n|-weather|RainDance|[upkeep]\n|-damage|p1a: Latios|5\/100 tox|[from] psn\n|upkeep\n|turn|29\n|\n|t:|1663512514\n|switch|p2a: rotomwash|Rotom-Wash|100\/100\n|move|p1a: Latios|Draco Meteor|p2a: rotomwash\n|-damage|p2a: rotomwash|28\/100\n|-unboost|p1a: Latios|spa|2\n|\n|-weather|RainDance|[upkeep]\n|-heal|p2a: rotomwash|35\/100|[from] item: Leftovers\n|-damage|p1a: Latios|0 fnt|[from] psn\n|faint|p1a: Latios\n|upkeep\n|\n|t:|1663512516\n|switch|p1a: Urshifu|Urshifu-Rapid-Strike, M|100\/100\n|turn|30\n|\n|t:|1663512517\n|switch|p2a: Tangrowth|Tangrowth, M|100\/100\n|move|p1a: Urshifu|Surging Strikes|p2a: Tangrowth\n|-resisted|p2a: Tangrowth\n|-crit|p2a: Tangrowth\n|-damage|p2a: Tangrowth|92\/100\n|-resisted|p2a: Tangrowth\n|-crit|p2a: Tangrowth\n|-damage|p2a: Tangrowth|84\/100\n|-resisted|p2a: Tangrowth\n|-crit|p2a: Tangrowth\n|-damage|p2a: Tangrowth|77\/100\n|-hitcount|p2a: Tangrowth|3\n|\n|-weather|none\n|upkeep\n|turn|31\n|\n|t:|1663512519\n|move|p1a: Urshifu|U-turn|p2a: Tangrowth\n|-supereffective|p2a: Tangrowth\n|-damage|p2a: Tangrowth|49\/100\n|\n|t:|1663512521\n|switch|p1a: Zeraora|Zeraora|100\/100|[from]move: U-turn\n|move|p2a: Tangrowth|Giga Drain|p1a: Zeraora\n|-damage|p1a: Zeraora|66\/100\n|-heal|p2a: Tangrowth|63\/100|[from] drain|[of] p1a: Zeraora\n|\n|upkeep\n|turn|32\n|\n|t:|1663512522\n|move|p1a: Zeraora|Knock Off|p2a: Tangrowth\n|-damage|p2a: Tangrowth|51\/100\n|move|p2a: Tangrowth|Giga Drain|p1a: Zeraora\n|-damage|p1a: Zeraora|31\/100\n|-heal|p2a: Tangrowth|65\/100|[from] drain|[of] p1a: Zeraora\n|\n|upkeep\n|turn|33\n|\n|t:|1663512523\n|move|p1a: Zeraora|Volt Switch|p2a: Tangrowth\n|-resisted|p2a: Tangrowth\n|-damage|p2a: Tangrowth|48\/100\n|\n|t:|1663512524\n|switch|p1a: Pelipper|Pelipper, M|1\/100|[from]move: Volt Switch\n|-weather|RainDance|[from] ability: Drizzle|[of] p1a: Pelipper\n|move|p2a: Tangrowth|Giga Drain|p1a: Pelipper\n|-damage|p1a: Pelipper|0 fnt\n|-heal|p2a: Tangrowth|48\/100|[from] drain|[of] p1a: Pelipper\n|faint|p1a: Pelipper\n|\n|-weather|RainDance|[upkeep]\n|upkeep\n|\n|t:|1663512527\n|switch|p1a: Urshifu|Urshifu-Rapid-Strike, M|100\/100\n|turn|34\n|\n|t:|1663512528\n|move|p1a: Urshifu|U-turn|p2a: Tangrowth\n|-supereffective|p2a: Tangrowth\n|-damage|p2a: Tangrowth|21\/100\n|\n|t:|1663512529\n|switch|p1a: Tyranitar|Tyranitar, M|100\/100|[from]move: U-turn\n|-weather|Sandstorm|[from] ability: Sand Stream|[of] p1a: Tyranitar\n|move|p2a: Tangrowth|Sleep Powder|p1a: Tyranitar\n|-status|p1a: Tyranitar|slp|[from] move: Sleep Powder\n|\n|-weather|Sandstorm|[upkeep]\n|-damage|p2a: Tangrowth|15\/100|[from] Sandstorm\n|upkeep\n|turn|35\n|\n|t:|1663512531\n|switch|p1a: Urshifu|Urshifu-Rapid-Strike, M|100\/100\n|switch|p2a: Weavile|Weavile, M|63\/100\n|-ability|p2a: Weavile|Pressure\n|\n|-weather|Sandstorm|[upkeep]\n|-damage|p2a: Weavile|57\/100|[from] Sandstorm\n|-damage|p1a: Urshifu|94\/100|[from] Sandstorm\n|upkeep\n|turn|36\n|\n|t:|1663512534\n|move|p2a: Weavile|Low Kick|p1a: Urshifu\n|-damage|p1a: Urshifu|49\/100\n|move|p1a: Urshifu|U-turn|p2a: Weavile\n|-supereffective|p2a: Weavile\n|-damage|p2a: Weavile|0 fnt\n|faint|p2a: Weavile\n|\n|t:|1663512537\n|switch|p1a: Zeraora|Zeraora|31\/100|[from]move: U-turn\n|\n|-weather|Sandstorm|[upkeep]\n|-damage|p1a: Zeraora|25\/100|[from] Sandstorm\n|upkeep\n|\n|t:|1663512537\n|switch|p2a: Tangrowth|Tangrowth, M|48\/100\n|turn|37\n|\n|t:|1663512539\n|move|p1a: Zeraora|Close Combat|p2a: Tangrowth\n|-damage|p2a: Tangrowth|30\/100\n|-unboost|p1a: Zeraora|def|1\n|-unboost|p1a: Zeraora|spd|1\n|move|p2a: Tangrowth|Focus Blast|p1a: Zeraora|[miss]\n|-miss|p2a: Tangrowth|p1a: Zeraora\n|\n|-weather|Sandstorm|[upkeep]\n|-damage|p1a: Zeraora|19\/100|[from] Sandstorm\n|-damage|p2a: Tangrowth|24\/100|[from] Sandstorm\n|upkeep\n|turn|38\n|\n|t:|1663512540\n|move|p1a: Zeraora|Close Combat|p2a: Tangrowth\n|-damage|p2a: Tangrowth|4\/100\n|-unboost|p1a: Zeraora|def|1\n|-unboost|p1a: Zeraora|spd|1\n|move|p2a: Tangrowth|Giga Drain|p1a: Zeraora\n|-damage|p1a: Zeraora|0 fnt\n|-heal|p2a: Tangrowth|11\/100|[from] drain|[of] p1a: Zeraora\n|faint|p1a: Zeraora\n|\n|-weather|none\n|upkeep\n|\n|t:|1663512543\n|switch|p1a: Urshifu|Urshifu-Rapid-Strike, M|49\/100\n|turn|39\n|\n|t:|1663512545\n|switch|p2a: rotomwash|Rotom-Wash|35\/100\n|move|p1a: Urshifu|Surging Strikes|p2a: rotomwash\n|-resisted|p2a: rotomwash\n|-crit|p2a: rotomwash\n|-damage|p2a: rotomwash|23\/100\n|-resisted|p2a: rotomwash\n|-crit|p2a: rotomwash\n|-damage|p2a: rotomwash|13\/100\n|-resisted|p2a: rotomwash\n|-crit|p2a: rotomwash\n|-damage|p2a: rotomwash|2\/100\n|-hitcount|p2a: rotomwash|3\n|\n|-heal|p2a: rotomwash|9\/100|[from] item: Leftovers\n|upkeep\n|turn|40\n|\n|t:|1663512547\n|switch|p2a: Tangrowth|Tangrowth, M|45\/100\n|move|p1a: Urshifu|Surging Strikes|p2a: Tangrowth\n|-resisted|p2a: Tangrowth\n|-crit|p2a: Tangrowth\n|-damage|p2a: Tangrowth|39\/100\n|-resisted|p2a: Tangrowth\n|-crit|p2a: Tangrowth\n|-damage|p2a: Tangrowth|34\/100\n|-resisted|p2a: Tangrowth\n|-crit|p2a: Tangrowth\n|-damage|p2a: Tangrowth|29\/100\n|-hitcount|p2a: Tangrowth|3\n|\n|upkeep\n|turn|41\n|\n|t:|1663512548\n|switch|p2a: rotomwash|Rotom-Wash|9\/100\n|move|p1a: Urshifu|Close Combat|p2a: rotomwash\n|-damage|p2a: rotomwash|0 fnt\n|-unboost|p1a: Urshifu|def|1\n|-unboost|p1a: Urshifu|spd|1\n|faint|p2a: rotomwash\n|\n|upkeep\n|\n|t:|1663512549\n|switch|p2a: Tangrowth|Tangrowth, M|62\/100\n|turn|42\n|\n|t:|1663512550\n|move|p1a: Urshifu|Close Combat|p2a: Tangrowth\n|-damage|p2a: Tangrowth|32\/100\n|-unboost|p1a: Urshifu|def|1\n|-unboost|p1a: Urshifu|spd|1\n|move|p2a: Tangrowth|Focus Blast|p1a: Urshifu\n|-damage|p1a: Urshifu|0 fnt\n|faint|p1a: Urshifu\n|\n|upkeep\n|\n|t:|1663512552\n|switch|p1a: Tyranitar|Tyranitar, M|100\/100 slp\n|-weather|Sandstorm|[from] ability: Sand Stream|[of] p1a: Tyranitar\n|turn|43\n|\n|t:|1663512553\n|switch|p2a: Heatran|Heatran, M|29\/100\n|cant|p1a: Tyranitar|slp\n|\n|-weather|Sandstorm|[upkeep]\n|upkeep\n|turn|44\n|\n|t:|1663512554\n|switch|p2a: Tangrowth|Tangrowth, M|65\/100\n|-curestatus|p1a: Tyranitar|slp|[msg]\n|move|p1a: Tyranitar|Earthquake|p2a: Tangrowth\n|-resisted|p2a: Tangrowth\n|-damage|p2a: Tangrowth|57\/100\n|\n|-weather|Sandstorm|[upkeep]\n|-damage|p2a: Tangrowth|51\/100|[from] Sandstorm\n|upkeep\n|turn|45\n|\n|t:|1663512556\n|move|p1a: Tyranitar|Thunder Wave|p2a: Tangrowth\n|-status|p2a: Tangrowth|par\n|move|p2a: Tangrowth|Focus Blast|p1a: Tyranitar\n|-supereffective|p1a: Tyranitar\n|-damage|p1a: Tyranitar|56\/100\n|\n|-weather|Sandstorm|[upkeep]\n|-damage|p2a: Tangrowth|45\/100 par|[from] Sandstorm\n|-heal|p1a: Tyranitar|62\/100|[from] item: Leftovers\n|upkeep\n|turn|46\n|\n|t:|1663512557\n|move|p1a: Tyranitar|Rock Blast|p2a: Tangrowth\n|-damage|p2a: Tangrowth|39\/100 par\n|-damage|p2a: Tangrowth|33\/100 par\n|-hitcount|p2a: Tangrowth|2\n|move|p2a: Tangrowth|Giga Drain|p1a: Tyranitar\n|-supereffective|p1a: Tyranitar\n|-damage|p1a: Tyranitar|38\/100\n|-heal|p2a: Tangrowth|45\/100 par|[from] drain|[of] p1a: Tyranitar\n|\n|-weather|Sandstorm|[upkeep]\n|-damage|p2a: Tangrowth|39\/100 par|[from] Sandstorm\n|-heal|p1a: Tyranitar|44\/100|[from] item: Leftovers\n|upkeep\n|turn|47\n|\n|t:|1663512558\n|move|p1a: Tyranitar|Rock Blast|p2a: Tangrowth|[miss]\n|-miss|p1a: Tyranitar|p2a: Tangrowth\n|move|p2a: Tangrowth|Focus Blast|p1a: Tyranitar\n|-supereffective|p1a: Tyranitar\n|-damage|p1a: Tyranitar|0 fnt\n|faint|p1a: Tyranitar\n|\n|win|minimax_ai\n|raw|Diameter\u272fXtreme's rating: 1512 &rarr; <strong>1493<\/strong><br \/>(-19 for losing)\n|raw|minimax_ai's rating: 1531 &rarr; <strong>1550<\/strong><br \/>(+19 for winning)\n|c|\u2606minimax_ai|gg\n","uploadtime":1663512560,"views":1,"p1id":"diameterxtreme","p2id":"minimaxai","formatid":"gen8ou","rating":1493,"private":0,"password":null}