{"id":"gen8ou-1645376573","p1":"Daevank5","p2":"2nd_Xray972","format":"gen8ou","log":"|j|\u2606Daevank5\n|j|\u26062nd_Xray972\n|t:|1661166169\n|gametype|singles\n|player|p1|Daevank5|101|1698\n|player|p2|2nd_Xray972|hoopster|1642\n|teamsize|p1|6\n|teamsize|p2|6\n|gen|8\n|tier|[Gen 8] OU\n|rated|\n|rule|Sleep Clause Mod: Limit one foe put to sleep\n|rule|Species Clause: Limit one of each Pok\u00e9mon\n|rule|OHKO Clause: OHKO moves are banned\n|rule|Evasion Items Clause: Evasion items are banned\n|rule|Evasion Moves Clause: Evasion moves are banned\n|rule|Endless Battle Clause: Forcing endless battles is banned\n|rule|HP Percentage Mod: HP is shown in percentages\n|rule|Dynamax Clause: You cannot dynamax\n|clearpoke\n|poke|p1|Ferrothorn, F|\n|poke|p1|Tornadus-Therian, M|\n|poke|p1|Heatran, M|\n|poke|p1|Landorus-Therian, M|\n|poke|p1|Tapu Fini|\n|poke|p1|Alakazam, M|\n|poke|p2|Nihilego|\n|poke|p2|Tapu Koko|\n|poke|p2|Mew|\n|poke|p2|Hawlucha, M|\n|poke|p2|Tornadus-Therian, M|\n|poke|p2|Bisharp, M|\n|teampreview\n|inactive|Battle timer is ON: inactive players will automatically lose when time's up. (requested by 2nd_Xray972)\n|\n|t:|1661166183\n|start\n|switch|p1a: Tornadus|Tornadus-Therian, M|100\/100\n|switch|p2a: Tapu Koko|Tapu Koko|100\/100\n|-fieldstart|move: Electric Terrain|[from] ability: Electric Surge|[of] p2a: Tapu Koko\n|turn|1\n|\n|t:|1661166189\n|switch|p1a: Landorus|Landorus-Therian, M|100\/100\n|-ability|p1a: Landorus|Intimidate|boost\n|-unboost|p2a: Tapu Koko|atk|1\n|move|p2a: Tapu Koko|Light Screen|p2a: Tapu Koko\n|-sidestart|p2: 2nd_Xray972|move: Light Screen\n|\n|upkeep\n|turn|2\n|\n|t:|1661166194\n|move|p2a: Tapu Koko|Reflect|p2a: Tapu Koko\n|-sidestart|p2: 2nd_Xray972|Reflect\n|move|p1a: Landorus|Defog|p2a: Tapu Koko\n|-unboost|p2a: Tapu Koko|evasion|1\n|-sideend|p2: 2nd_Xray972|Reflect\n|-sideend|p2: 2nd_Xray972|move: Light Screen\n|-fieldend|move: Electric Terrain\n|\n|upkeep\n|turn|3\n|j| baptee\n|\n|t:|1661166202\n|move|p2a: Tapu Koko|Reflect|p2a: Tapu Koko\n|-sidestart|p2: 2nd_Xray972|Reflect\n|move|p1a: Landorus|Toxic|p2a: Tapu Koko\n|-status|p2a: Tapu Koko|tox\n|\n|-damage|p2a: Tapu Koko|94\/100 tox|[from] psn\n|upkeep\n|turn|4\n|\n|t:|1661166206\n|move|p2a: Tapu Koko|Taunt|p1a: Landorus\n|-start|p1a: Landorus|move: Taunt\n|move|p1a: Landorus|Earthquake|p2a: Tapu Koko\n|-supereffective|p2a: Tapu Koko\n|-damage|p2a: Tapu Koko|38\/100 tox\n|\n|-damage|p2a: Tapu Koko|26\/100 tox|[from] psn\n|upkeep\n|turn|5\n|\n|t:|1661166211\n|move|p2a: Tapu Koko|U-turn|p1a: Landorus\n|-resisted|p1a: Landorus\n|-damage|p1a: Landorus|94\/100\n|\n|t:|1661166214\n|switch|p2a: Hawlucha|Hawlucha, M, shiny|100\/100|[from]move: U-turn\n|move|p1a: Landorus|U-turn|p2a: Hawlucha\n|-resisted|p2a: Hawlucha\n|-damage|p2a: Hawlucha|96\/100\n|\n|t:|1661166226\n|switch|p1a: Tornadus|Tornadus-Therian, M|100\/100|[from]move: U-turn\n|\n|upkeep\n|turn|6\n|\n|t:|1661166231\n|switch|p2a: Tapu Koko|Tapu Koko|26\/100 tox\n|-fieldstart|move: Electric Terrain|[from] ability: Electric Surge|[of] p2a: Tapu Koko\n|move|p1a: Tornadus|Knock Off|p2a: Tapu Koko\n|-resisted|p2a: Tapu Koko\n|-damage|p2a: Tapu Koko|21\/100 tox\n|-enditem|p2a: Tapu Koko|Light Clay|[from] move: Knock Off|[of] p1a: Tornadus\n|\n|-damage|p2a: Tapu Koko|15\/100 tox|[from] psn\n|upkeep\n|turn|7\n|\n|t:|1661166242\n|move|p2a: Tapu Koko|Light Screen|p2a: Tapu Koko\n|-sidestart|p2: 2nd_Xray972|move: Light Screen\n|move|p1a: Tornadus|Knock Off|p2a: Tapu Koko\n|-resisted|p2a: Tapu Koko\n|-damage|p2a: Tapu Koko|11\/100 tox\n|\n|-damage|p2a: Tapu Koko|0 fnt|[from] psn\n|faint|p2a: Tapu Koko\n|upkeep\n|\n|t:|1661166256\n|switch|p2a: Tornadus|Tornadus-Therian, M, shiny|100\/100\n|turn|8\n|\n|t:|1661166267\n|move|p2a: Tornadus|Nasty Plot|p2a: Tornadus\n|-boost|p2a: Tornadus|spa|2\n|move|p1a: Tornadus|Icy Wind|p2a: Tornadus\n|-supereffective|p2a: Tornadus\n|-damage|p2a: Tornadus|84\/100\n|-unboost|p2a: Tornadus|spe|1\n|\n|upkeep\n|turn|9\n|inactive|Daevank5 has 120 seconds left.\n|\n|t:|1661166326\n|switch|p1a: Heatran|Heatran, M|100\/100\n|move|p2a: Tornadus|Hurricane|p1a: Heatran\n|-resisted|p1a: Heatran\n|-damage|p1a: Heatran|67\/100\n|\n|-heal|p1a: Heatran|73\/100|[from] item: Leftovers\n|upkeep\n|turn|10\n|inactive|Daevank5 has 90 seconds left.\n|inactive|2nd_Xray972 has 120 seconds left.\n|\n|t:|1661166367\n|switch|p1a: Tornadus|Tornadus-Therian, M|100\/100\n|move|p2a: Tornadus|Focus Blast|p1a: Tornadus\n|-resisted|p1a: Tornadus\n|-damage|p1a: Tornadus|61\/100\n|\n|-sideend|p2: 2nd_Xray972|Reflect\n|-fieldend|move: Electric Terrain\n|upkeep\n|turn|11\n|inactive|2nd_Xray972 has 120 seconds left.\n|\n|t:|1661166376\n|switch|p1a: Heatran|Heatran, M|73\/100\n|move|p2a: Tornadus|Hurricane|p1a: Heatran\n|-resisted|p1a: Heatran\n|-damage|p1a: Heatran|44\/100\n|-start|p1a: Heatran|confusion\n|\n|-heal|p1a: Heatran|50\/100|[from] item: Leftovers\n|-sideend|p2: 2nd_Xray972|move: Light Screen\n|upkeep\n|turn|12\n|\n|t:|1661166383\n|move|p2a: Tornadus|Focus Blast|p1a: Heatran\n|-supereffective|p1a: Heatran\n|-damage|p1a: Heatran|0 fnt\n|faint|p1a: Heatran\n|\n|upkeep\n|\n|t:|1661166386\n|switch|p1a: Alakazam|Alakazam, M|100\/100\n|turn|13\n|\n|t:|1661166395\n|switch|p2a: Mew|Mew|100\/100\n|move|p1a: Alakazam|Psychic|p2a: Mew\n|-resisted|p2a: Mew\n|-damage|p2a: Mew|80\/100\n|\n|upkeep\n|turn|14\n|inactive|Daevank5 has 90 seconds left.\n|\n|t:|1661166432\n|move|p1a: Alakazam|Nasty Plot|p1a: Alakazam\n|-boost|p1a: Alakazam|spa|2\n|move|p2a: Mew|Stealth Rock|p1a: Alakazam\n|-sidestart|p1: Daevank5|move: Stealth Rock\n|\n|upkeep\n|turn|15\n|\n|t:|1661166441\n|move|p1a: Alakazam|Shadow Ball|p2a: Mew\n|-supereffective|p2a: Mew\n|-damage|p2a: Mew|0 fnt\n|faint|p2a: Mew\n|\n|upkeep\n|inactive|2nd_Xray972 has 120 seconds left.\n|\n|t:|1661166477\n|switch|p2a: Bisharp|Bisharp, M, shiny|100\/100\n|turn|16\n|inactive|Daevank5 has 90 seconds left.\n|\n|t:|1661166521\n|move|p1a: Alakazam|Focus Blast|p2a: Bisharp\n|-supereffective|p2a: Bisharp\n|-damage|p2a: Bisharp|0 fnt\n|faint|p2a: Bisharp\n|\n|upkeep\n|\n|t:|1661166529\n|switch|p2a: Nihilego|Nihilego, shiny|100\/100\n|turn|17\n|\n|t:|1661166531\n|move|p1a: Alakazam|Psychic|p2a: Nihilego\n|-supereffective|p2a: Nihilego\n|-damage|p2a: Nihilego|0 fnt\n|faint|p2a: Nihilego\n|\n|upkeep\n|c|\u2606Daevank5|Gg\n|-message|2nd_Xray972 forfeited.\n|\n|win|Daevank5\n|raw|Daevank5's rating: 1698 &rarr; <strong>1715<\/strong><br \/>(+17 for winning)\n|raw|2nd_Xray972's rating: 1642 &rarr; <strong>1625<\/strong><br \/>(-17 for losing)\n|l|\u26062nd_Xray972\n","uploadtime":1661166544,"views":42,"p1id":"daevank5","p2id":"2ndxray972","formatid":"gen8ou","rating":1625,"private":0,"password":null}