{"id":"gen8uu-1590740436","p1":"AwebeBinLaden","p2":"Kikoobuster","format":"gen8uu","log":"|j|\u2606AwebeBinLaden\n|j|\u2606Kikoobuster\n|t:|1654558436\n|gametype|singles\n|player|p1|AwebeBinLaden|teamrocket|1185\n|player|p2|Kikoobuster|2|1265\n|teamsize|p1|6\n|teamsize|p2|6\n|gen|8\n|tier|[Gen 8] UU\n|rated|\n|rule|Sleep Clause Mod: Limit one foe put to sleep\n|rule|Species Clause: Limit one of each Pok\u00e9mon\n|rule|OHKO Clause: OHKO moves are banned\n|rule|Evasion Moves Clause: Evasion moves are banned\n|rule|Endless Battle Clause: Forcing endless battles is banned\n|rule|HP Percentage Mod: HP is shown in percentages\n|rule|Dynamax Clause: You cannot dynamax\n|clearpoke\n|poke|p1|Torkoal, F|\n|poke|p1|Venusaur, F|\n|poke|p1|Darmanitan, M|\n|poke|p1|Rotom-Heat|\n|poke|p1|Moltres|\n|poke|p1|Chandelure, M|\n|poke|p2|Sylveon, M|\n|poke|p2|Rotom-Heat|\n|poke|p2|Decidueye, F|\n|poke|p2|Toxtricity, M|\n|poke|p2|Gyarados, M|\n|poke|p2|Krookodile, F|\n|teampreview\n|inactive|Battle timer is ON: inactive players will automatically lose when time's up. (requested by AwebeBinLaden)\n|\n|t:|1654558447\n|start\n|switch|p1a: Torkoal|Torkoal, F|100\/100\n|switch|p2a: Krookodile|Krookodile, F|100\/100\n|-weather|SunnyDay|[from] ability: Drought|[of] p1a: Torkoal\n|turn|1\n|\n|t:|1654558452\n|move|p2a: Krookodile|Earthquake|p1a: Torkoal\n|-supereffective|p1a: Torkoal\n|-damage|p1a: Torkoal|41\/100\n|move|p1a: Torkoal|Yawn|p2a: Krookodile\n|-start|p2a: Krookodile|move: Yawn|[of] p1a: Torkoal\n|\n|-weather|SunnyDay|[upkeep]\n|upkeep\n|turn|2\n|\n|t:|1654558457\n|switch|p2a: Sylveon|Sylveon, M, shiny|100\/100\n|switch|p1a: Moltres|Moltres|100\/100\n|-ability|p1a: Moltres|Pressure\n|\n|-weather|SunnyDay|[upkeep]\n|upkeep\n|turn|3\n|\n|t:|1654558460\n|move|p1a: Moltres|Fire Blast|p2a: Sylveon\n|-damage|p2a: Sylveon|49\/100\n|move|p2a: Sylveon|Wish|p2a: Sylveon\n|\n|-weather|SunnyDay|[upkeep]\n|-heal|p2a: Sylveon|56\/100|[from] item: Leftovers\n|upkeep\n|turn|4\n|\n|t:|1654558466\n|switch|p1a: Venusaur|Venusaur, F|100\/100\n|move|p2a: Sylveon|Protect||[still]\n|-fail|p2a: Sylveon\n|\n|-weather|SunnyDay|[upkeep]\n|-heal|p2a: Sylveon|100\/100|[from] move: Wish|[wisher] Sylveon\n|upkeep\n|turn|5\n|\n|t:|1654558471\n|switch|p2a: Toxtricity|Toxtricity, M|100\/100\n|move|p1a: Venusaur|Growth|p1a: Venusaur\n|-boost|p1a: Venusaur|atk|2\n|-boost|p1a: Venusaur|spa|2\n|\n|-weather|SunnyDay|[upkeep]\n|upkeep\n|turn|6\n|\n|t:|1654558476\n|switch|p2a: Rotom|Rotom-Heat|100\/100\n|move|p1a: Venusaur|Weather Ball|p2a: Rotom\n|-resisted|p2a: Rotom\n|-damage|p2a: Rotom|54\/100\n|\n|-weather|SunnyDay|[upkeep]\n|upkeep\n|turn|7\n|\n|t:|1654558479\n|move|p1a: Venusaur|Sludge Bomb|p2a: Rotom\n|-damage|p2a: Rotom|0 fnt\n|faint|p2a: Rotom\n|\n|-weather|SunnyDay|[upkeep]\n|upkeep\n|\n|t:|1654558483\n|switch|p2a: Sylveon|Sylveon, M, shiny|100\/100\n|turn|8\n|\n|t:|1654558485\n|move|p2a: Sylveon|Protect|p2a: Sylveon\n|-singleturn|p2a: Sylveon|Protect\n|move|p1a: Venusaur|Sludge Bomb|p2a: Sylveon\n|-activate|p2a: Sylveon|move: Protect\n|\n|-weather|none\n|upkeep\n|turn|9\n|\n|t:|1654558487\n|move|p1a: Venusaur|Sludge Bomb|p2a: Sylveon\n|-supereffective|p2a: Sylveon\n|-crit|p2a: Sylveon\n|-damage|p2a: Sylveon|0 fnt\n|faint|p2a: Sylveon\n|\n|upkeep\n|\n|t:|1654558500\n|switch|p2a: Toxtricity|Toxtricity, M|100\/100\n|turn|10\n|\n|t:|1654558502\n|switch|p1a: Torkoal|Torkoal, F|41\/100\n|-weather|SunnyDay|[from] ability: Drought|[of] p1a: Torkoal\n|move|p2a: Toxtricity|Shift Gear|p2a: Toxtricity\n|-boost|p2a: Toxtricity|spe|2\n|-boost|p2a: Toxtricity|atk|1\n|\n|-weather|SunnyDay|[upkeep]\n|upkeep\n|turn|11\n|\n|t:|1654558509\n|move|p2a: Toxtricity|Boomburst|p1a: Torkoal\n|-damage|p1a: Torkoal|0 fnt\n|faint|p1a: Torkoal\n|-damage|p2a: Toxtricity|91\/100|[from] item: Life Orb\n|\n|-weather|SunnyDay|[upkeep]\n|upkeep\n|\n|t:|1654558515\n|switch|p1a: Chandelure|Chandelure, M|100\/100\n|turn|12\n|\n|t:|1654558523\n|move|p2a: Toxtricity|Overdrive|p1a: Chandelure\n|-damage|p1a: Chandelure|2\/100\n|-damage|p2a: Toxtricity|81\/100|[from] item: Life Orb\n|move|p1a: Chandelure|Fire Blast|p2a: Toxtricity\n|-damage|p2a: Toxtricity|0 fnt\n|faint|p2a: Toxtricity\n|\n|-weather|SunnyDay|[upkeep]\n|upkeep\n|\n|t:|1654558530\n|switch|p2a: Krookodile|Krookodile, F|100\/100\n|turn|13\n|\n|t:|1654558532\n|move|p2a: Krookodile|Knock Off|p1a: Chandelure\n|-supereffective|p1a: Chandelure\n|-damage|p1a: Chandelure|0 fnt\n|-enditem|p1a: Chandelure|Choice Scarf|[from] move: Knock Off|[of] p2a: Krookodile\n|faint|p1a: Chandelure\n|-ability|p2a: Krookodile|Moxie|boost\n|-boost|p2a: Krookodile|atk|1\n|\n|-weather|SunnyDay|[upkeep]\n|upkeep\n|\n|t:|1654558538\n|switch|p1a: Venusaur|Venusaur, F|100\/100\n|turn|14\n|\n|t:|1654558541\n|switch|p2a: Decidueye|Decidueye, F|100\/100\n|move|p1a: Venusaur|Energy Ball|p2a: Decidueye\n|-resisted|p2a: Decidueye\n|-damage|p2a: Decidueye|87\/100\n|\n|-weather|SunnyDay|[upkeep]\n|upkeep\n|turn|15\n|\n|t:|1654558545\n|move|p1a: Venusaur|Growth|p1a: Venusaur\n|-boost|p1a: Venusaur|atk|2\n|-boost|p1a: Venusaur|spa|2\n|move|p2a: Decidueye|Poltergeist|p1a: Venusaur\n|-activate|p1a: Venusaur|move: Poltergeist|Black Sludge\n|-damage|p1a: Venusaur|51\/100\n|\n|-weather|SunnyDay|[upkeep]\n|-heal|p1a: Venusaur|57\/100|[from] item: Black Sludge\n|upkeep\n|turn|16\n|\n|t:|1654558549\n|move|p1a: Venusaur|Weather Ball|p2a: Decidueye\n|-supereffective|p2a: Decidueye\n|-damage|p2a: Decidueye|0 fnt\n|faint|p2a: Decidueye\n|\n|-weather|SunnyDay|[upkeep]\n|-heal|p1a: Venusaur|63\/100|[from] item: Black Sludge\n|upkeep\n|\n|t:|1654558551\n|switch|p2a: Gyarados|Gyarados, M|100\/100\n|-ability|p2a: Gyarados|Intimidate|boost\n|-unboost|p1a: Venusaur|atk|1\n|turn|17\n|\n|t:|1654558562\n|move|p1a: Venusaur|Sludge Bomb|p2a: Gyarados\n|-damage|p2a: Gyarados|17\/100\n|move|p2a: Gyarados|Earthquake|p1a: Venusaur\n|-damage|p1a: Venusaur|11\/100\n|\n|-weather|none\n|-heal|p1a: Venusaur|17\/100|[from] item: Black Sludge\n|upkeep\n|turn|18\n|\n|t:|1654558567\n|move|p1a: Venusaur|Sludge Bomb|p2a: Gyarados\n|-damage|p2a: Gyarados|0 fnt\n|faint|p2a: Gyarados\n|\n|-heal|p1a: Venusaur|23\/100|[from] item: Black Sludge\n|upkeep\n|\n|t:|1654558570\n|switch|p2a: Krookodile|Krookodile, F|100\/100\n|turn|19\n|\n|t:|1654558574\n|move|p2a: Krookodile|Stone Edge|p1a: Venusaur\n|-crit|p1a: Venusaur\n|-damage|p1a: Venusaur|0 fnt\n|faint|p1a: Venusaur\n|-ability|p2a: Krookodile|Moxie|boost\n|-boost|p2a: Krookodile|atk|1\n|\n|upkeep\n|\n|t:|1654558585\n|switch|p1a: Darmanitan|Darmanitan, M|100\/100\n|turn|20\n|\n|t:|1654558586\n|move|p1a: Darmanitan|Flare Blitz|p2a: Krookodile\n|-damage|p2a: Krookodile|1\/100\n|-damage|p1a: Darmanitan|70\/100|[from] Recoil\n|move|p2a: Krookodile|Stone Edge|p1a: Darmanitan\n|-supereffective|p1a: Darmanitan\n|-damage|p1a: Darmanitan|0 fnt\n|faint|p1a: Darmanitan\n|-ability|p2a: Krookodile|Moxie|boost\n|-boost|p2a: Krookodile|atk|1\n|\n|upkeep\n|\n|t:|1654558592\n|switch|p1a: Moltres|Moltres|100\/100\n|-ability|p1a: Moltres|Pressure\n|turn|21\n|\n|t:|1654558594\n|move|p2a: Krookodile|Stone Edge|p1a: Moltres\n|-supereffective|p1a: Moltres\n|-damage|p1a: Moltres|0 fnt\n|faint|p1a: Moltres\n|-ability|p2a: Krookodile|Moxie|boost\n|-boost|p2a: Krookodile|atk|1\n|\n|upkeep\n|\n|t:|1654558595\n|switch|p1a: Rotom|Rotom-Heat|100\/100\n|turn|22\n|\n|t:|1654558598\n|move|p2a: Krookodile|Stone Edge|p1a: Rotom\n|-supereffective|p1a: Rotom\n|-damage|p1a: Rotom|0 fnt\n|faint|p1a: Rotom\n|\n|win|Kikoobuster\n|raw|AwebeBinLaden's rating: 1185 &rarr; <strong>1166<\/strong><br \/>(-19 for losing)\n|raw|Kikoobuster's rating: 1265 &rarr; <strong>1284<\/strong><br \/>(+19 for winning)\n|c|\u2606Kikoobuster|gg\n|c|\u2606AwebeBinLaden|Fuck\n|c|\u2606AwebeBinLaden|You\n|c|\u2606Kikoobuster|why?\n|c|\u2606AwebeBinLaden|Why? You tanked with 1 ho\n|c|\u2606AwebeBinLaden|*hp\n|c|\u2606Kikoobuster|3hp\n|c|\u2606AwebeBinLaden|Saying gg after that luck is toxic\n|c|\u2606Kikoobuster|and your chandelure was low to\n||Ladder isn't responding, score probably updated but might not have (Request timeout).\n","uploadtime":1654558611,"views":5,"p1id":"awebebinladen","p2id":"kikoobuster","formatid":"gen8uu","rating":1166,"private":0,"password":null}