{"id":"gen8ou-1641487040","p1":"LT93OQ charms","p2":"RTSG tests","format":"gen8ou","log":"|raw|<div class=\"broadcast-blue\"><strong>This battle is required to be public due to a player having a name starting with 'lt93oq'.<\/div>\n|j|\u2606LT93OQ charms\n|j|\u2606RTSG tests\n|t:|1660710958\n|gametype|singles\n|player|p1|LT93OQ charms|170|1576\n|player|p2|RTSG tests|birdkeeper|1620\n|teamsize|p1|6\n|teamsize|p2|6\n|gen|8\n|tier|[Gen 8] OU\n|rated|\n|rule|Sleep Clause Mod: Limit one foe put to sleep\n|rule|Species Clause: Limit one of each Pok\u00e9mon\n|rule|OHKO Clause: OHKO moves are banned\n|rule|Evasion Items Clause: Evasion items are banned\n|rule|Evasion Moves Clause: Evasion moves are banned\n|rule|Endless Battle Clause: Forcing endless battles is banned\n|rule|HP Percentage Mod: HP is shown in percentages\n|rule|Dynamax Clause: You cannot dynamax\n|clearpoke\n|poke|p1|Landorus-Therian, M|\n|poke|p1|Buzzwole|\n|poke|p1|Rotom-Wash|\n|poke|p1|Tapu Lele|\n|poke|p1|Heatran, F|\n|poke|p1|Dragapult, F|\n|poke|p2|Sceptile, M|\n|poke|p2|Salamence, F|\n|poke|p2|Excadrill, F|\n|poke|p2|Tapu Koko|\n|poke|p2|Magnezone|\n|poke|p2|Weavile, F|\n|teampreview\n|inactive|Battle timer is ON: inactive players will automatically lose when time's up. (requested by RTSG tests)\n|\n|t:|1660711002\n|start\n|switch|p1a: Landorus|Landorus-Therian, M|100\/100\n|switch|p2a: Excadrill|Excadrill, F|100\/100\n|-ability|p2a: Excadrill|Mold Breaker\n|-ability|p1a: Landorus|Intimidate|boost\n|-unboost|p2a: Excadrill|atk|1\n|turn|1\n|\n|t:|1660711011\n|move|p2a: Excadrill|Toxic|p1a: Landorus\n|-status|p1a: Landorus|tox\n|move|p1a: Landorus|Knock Off|p2a: Excadrill\n|-damage|p2a: Excadrill|54\/100\n|-enditem|p2a: Excadrill|Focus Sash|[from] move: Knock Off|[of] p1a: Landorus\n|\n|-damage|p1a: Landorus|94\/100 tox|[from] psn\n|upkeep\n|turn|2\n|\n|t:|1660711015\n|move|p2a: Excadrill|Stealth Rock|p1a: Landorus\n|-sidestart|p1: LT93OQ charms|move: Stealth Rock\n|move|p1a: Landorus|Earthquake|p2a: Excadrill\n|-supereffective|p2a: Excadrill\n|-damage|p2a: Excadrill|0 fnt\n|faint|p2a: Excadrill\n|\n|-heal|p1a: Landorus|100\/100 tox|[from] item: Leftovers\n|-damage|p1a: Landorus|88\/100 tox|[from] psn\n|upkeep\n|\n|t:|1660711020\n|switch|p2a: Weavile|Weavile, F|100\/100\n|-ability|p2a: Weavile|Pressure\n|turn|3\n|inactive|LT93OQ charms has 120 seconds left.\n|\n|t:|1660711050\n|switch|p1a: Buzzwole|Buzzwole|100\/100\n|-damage|p1a: Buzzwole|88\/100|[from] Stealth Rock\n|move|p2a: Weavile|Triple Axel|p1a: Buzzwole\n|-damage|p1a: Buzzwole|78\/100\n|-damage|p1a: Buzzwole|60\/100\n|-damage|p1a: Buzzwole|33\/100\n|-hitcount|p1a: Buzzwole|3\n|-damage|p2a: Weavile|91\/100|[from] item: Life Orb\n|\n|upkeep\n|turn|4\n|j| LT93OQ Nick\n|\n|t:|1660711058\n|switch|p2a: Tapu Koko|Tapu Koko|100\/100\n|-fieldstart|move: Electric Terrain|[from] ability: Electric Surge|[of] p2a: Tapu Koko\n|move|p1a: Buzzwole|Close Combat|p2a: Tapu Koko\n|-resisted|p2a: Tapu Koko\n|-damage|p2a: Tapu Koko|47\/100\n|-unboost|p1a: Buzzwole|def|1\n|-unboost|p1a: Buzzwole|spd|1\n|\n|upkeep\n|turn|5\n|\n|t:|1660711071\n|switch|p2a: Salamence|Salamence, F|100\/100\n|switch|p1a: Heatran|Heatran, F|100\/100\n|-damage|p1a: Heatran|88\/100|[from] Stealth Rock\n|\n|-heal|p1a: Heatran|94\/100|[from] item: Leftovers\n|upkeep\n|turn|6\n|\n|t:|1660711080\n|switch|p1a: Tapu Lele|Tapu Lele|100\/100\n|-damage|p1a: Tapu Lele|88\/100|[from] Stealth Rock\n|-fieldstart|move: Psychic Terrain|[from] ability: Psychic Surge|[of] p1a: Tapu Lele\n|move|p2a: Salamence|Substitute|p2a: Salamence\n|-start|p2a: Salamence|Substitute\n|-damage|p2a: Salamence|76\/100\n|\n|upkeep\n|turn|7\n|\n|t:|1660711088\n|move|p1a: Tapu Lele|Moonblast|p2a: Salamence\n|-supereffective|p2a: Salamence\n|-end|p2a: Salamence|Substitute\n|move|p2a: Salamence|Dragon Dance|p2a: Salamence\n|-boost|p2a: Salamence|atk|1\n|-boost|p2a: Salamence|spe|1\n|\n|upkeep\n|turn|8\n|\n|t:|1660711094\n|move|p2a: Salamence|Dual Wingbeat|p1a: Tapu Lele\n|-damage|p1a: Tapu Lele|41\/100\n|-damage|p1a: Tapu Lele|0 fnt\n|faint|p1a: Tapu Lele\n|-ability|p2a: Salamence|Moxie|boost\n|-boost|p2a: Salamence|atk|1\n|-hitcount|p1: Tapu Lele|2\n|\n|upkeep\n|\n|t:|1660711102\n|switch|p1a: Rotom|Rotom-Wash|100\/100\n|-damage|p1a: Rotom|88\/100|[from] Stealth Rock\n|turn|9\n|\n|t:|1660711105\n|move|p2a: Salamence|Substitute|p2a: Salamence\n|-start|p2a: Salamence|Substitute\n|-damage|p2a: Salamence|51\/100\n|move|p1a: Rotom|Volt Switch|p2a: Salamence\n|-end|p2a: Salamence|Substitute\n|\n|t:|1660711117\n|switch|p1a: Heatran|Heatran, F|94\/100|[from]move: Volt Switch\n|-damage|p1a: Heatran|82\/100|[from] Stealth Rock\n|\n|-heal|p1a: Heatran|88\/100|[from] item: Leftovers\n|upkeep\n|turn|10\n|\n|t:|1660711120\n|move|p2a: Salamence|Earthquake|p1a: Heatran\n|-supereffective|p1a: Heatran\n|-damage|p1a: Heatran|0 fnt\n|faint|p1a: Heatran\n|-ability|p2a: Salamence|Moxie|boost\n|-boost|p2a: Salamence|atk|1\n|\n|-fieldend|move: Psychic Terrain\n|upkeep\n|\n|t:|1660711132\n|switch|p1a: Landorus|Landorus-Therian, M|88\/100 tox\n|-damage|p1a: Landorus|76\/100 tox|[from] Stealth Rock\n|-ability|p1a: Landorus|Intimidate|boost\n|-unboost|p2a: Salamence|atk|1\n|turn|11\n|\n|t:|1660711136\n|move|p2a: Salamence|Dual Wingbeat|p1a: Landorus\n|-damage|p1a: Landorus|33\/100 tox\n|-damage|p1a: Landorus|0 fnt\n|faint|p1a: Landorus\n|-ability|p2a: Salamence|Moxie|boost\n|-boost|p2a: Salamence|atk|1\n|-hitcount|p1: Landorus|2\n|\n|upkeep\n|-message|LT93OQ charms forfeited.\n|\n|win|RTSG tests\n|raw|LT93OQ charms's rating: 1576 &rarr; <strong>1559<\/strong><br \/>(-17 for losing)\n|raw|RTSG tests's rating: 1620 &rarr; <strong>1637<\/strong><br \/>(+17 for winning)\n|l|\u2606LT93OQ charms\n","uploadtime":1660711152,"views":11,"p1id":"lt93oqcharms","p2id":"rtsgtests","formatid":"gen8ou","rating":1559,"private":0,"password":null}