{"id":"gen8ou-1635552844","p1":"andrewm0n","p2":"Real_DuaLipa","format":"gen8ou","log":"|j|\u2606andrewm0n\n|j|\u2606Real_DuaLipa\n|t:|1660023385\n|gametype|singles\n|player|p1|andrewm0n|169|1756\n|player|p2|Real_DuaLipa|lass-gen6|1756\n|teamsize|p1|6\n|teamsize|p2|6\n|gen|8\n|tier|[Gen 8] OU\n|rated|\n|rule|Sleep Clause Mod: Limit one foe put to sleep\n|rule|Species Clause: Limit one of each Pok\u00e9mon\n|rule|OHKO Clause: OHKO moves are banned\n|rule|Evasion Items Clause: Evasion items are banned\n|rule|Evasion Moves Clause: Evasion moves are banned\n|rule|Endless Battle Clause: Forcing endless battles is banned\n|rule|HP Percentage Mod: HP is shown in percentages\n|rule|Dynamax Clause: You cannot dynamax\n|clearpoke\n|poke|p1|Corviknight, M|\n|poke|p1|Clefable, M|\n|poke|p1|Seismitoad, M|\n|poke|p1|Blaziken, M|\n|poke|p1|Reuniclus, M|\n|poke|p1|Slowbro-Galar, M|\n|poke|p2|Zapdos|\n|poke|p2|Tyranitar, F|\n|poke|p2|Landorus-Therian, M|\n|poke|p2|Excadrill, M|\n|poke|p2|Clefable, F|\n|poke|p2|Ferrothorn, F|\n|teampreview\n|inactive|Battle timer is ON: inactive players will automatically lose when time's up. (requested by Real_DuaLipa)\n|\n|t:|1660023399\n|start\n|switch|p1a: Seismitoad|Seismitoad, M|100\/100\n|switch|p2a: Zapdos|Zapdos|100\/100\n|turn|1\n|\n|t:|1660023403\n|move|p2a: Zapdos|Hurricane|p1a: Seismitoad|[miss]\n|-miss|p2a: Zapdos|p1a: Seismitoad\n|move|p1a: Seismitoad|Knock Off|p2a: Zapdos\n|-damage|p2a: Zapdos|72\/100\n|-enditem|p2a: Zapdos|Choice Specs|[from] move: Knock Off|[of] p1a: Seismitoad\n|\n|upkeep\n|turn|2\n|\n|t:|1660023407\n|move|p2a: Zapdos|Hurricane|p1a: Seismitoad\n|-damage|p1a: Seismitoad|53\/100\n|-start|p1a: Seismitoad|confusion\n|-activate|p1a: Seismitoad|confusion\n|-damage|p1a: Seismitoad|45\/100|[from] confusion\n|\n|-heal|p1a: Seismitoad|51\/100|[from] item: Leftovers\n|upkeep\n|turn|3\n|\n|t:|1660023410\n|move|p2a: Zapdos|Hurricane|p1a: Seismitoad\n|-damage|p1a: Seismitoad|1\/100\n|-end|p1a: Seismitoad|confusion\n|move|p1a: Seismitoad|Stealth Rock|p2a: Zapdos\n|-sidestart|p2: Real_DuaLipa|move: Stealth Rock\n|\n|-heal|p1a: Seismitoad|8\/100|[from] item: Leftovers\n|upkeep\n|turn|4\n|\n|t:|1660023414\n|move|p2a: Zapdos|Heat Wave|p1a: Seismitoad\n|-resisted|p1a: Seismitoad\n|-damage|p1a: Seismitoad|0 fnt\n|faint|p1a: Seismitoad\n|\n|upkeep\n|\n|t:|1660023419\n|switch|p1a: Slowbro|Slowbro-Galar, M|100\/100\n|turn|5\n|inactive|Real_DuaLipa has 120 seconds left.\n|\n|t:|1660023465\n|move|p2a: Zapdos|Volt Switch|p1a: Slowbro\n|-damage|p1a: Slowbro|76\/100\n|\n|t:|1660023466\n|switch|p2a: Tyranitar|Tyranitar, F, shiny|100\/100|[from]move: Volt Switch\n|-damage|p2a: Tyranitar|88\/100|[from] Stealth Rock\n|-weather|Sandstorm|[from] ability: Sand Stream|[of] p2a: Tyranitar\n|move|p1a: Slowbro|Future Sight|p2a: Tyranitar\n|-start|p1a: Slowbro|move: Future Sight\n|\n|-weather|Sandstorm|[upkeep]\n|-damage|p1a: Slowbro|70\/100|[from] Sandstorm\n|upkeep\n|turn|6\n|\n|t:|1660023484\n|move|p2a: Tyranitar|Stone Edge|p1a: Slowbro\n|-damage|p1a: Slowbro|23\/100\n|move|p1a: Slowbro|Earthquake|p2a: Tyranitar\n|-supereffective|p2a: Tyranitar\n|-damage|p2a: Tyranitar|39\/100\n|\n|-weather|Sandstorm|[upkeep]\n|-damage|p1a: Slowbro|16\/100|[from] Sandstorm\n|upkeep\n|turn|7\n|inactive|Real_DuaLipa has 120 seconds left.\n|\n|t:|1660023500\n|switch|p1a: Corviknight|Corviknight, M|100\/100\n|-ability|p1a: Corviknight|Pressure\n|move|p2a: Tyranitar|Stone Edge|p1a: Corviknight\n|-damage|p1a: Corviknight|57\/100\n|\n|-weather|Sandstorm|[upkeep]\n|-end|p2a: Tyranitar|move: Future Sight\n|-immune|p2a: Tyranitar\n|upkeep\n|turn|8\n|inactive|Real_DuaLipa has 120 seconds left.\n|inactive|andrewm0n has 120 seconds left.\n|\n|t:|1660023533\n|move|p2a: Tyranitar|Taunt|p1a: Corviknight\n|-start|p1a: Corviknight|move: Taunt\n|cant|p1a: Corviknight|move: Taunt|Roost\n|\n|-weather|Sandstorm|[upkeep]\n|upkeep\n|turn|9\n|\n|t:|1660023541\n|move|p2a: Tyranitar|Stone Edge|p1a: Corviknight\n|-damage|p1a: Corviknight|14\/100\n|move|p1a: Corviknight|U-turn|p2a: Tyranitar\n|-supereffective|p2a: Tyranitar\n|-damage|p2a: Tyranitar|14\/100\n|\n|t:|1660023544\n|switch|p1a: Blaziken|Blaziken, M|100\/100|[from]move: U-turn\n|\n|-weather|none\n|upkeep\n|turn|10\n|\n|t:|1660023550\n|move|p1a: Blaziken|Flare Blitz|p2a: Tyranitar\n|-resisted|p2a: Tyranitar\n|-damage|p2a: Tyranitar|0 fnt\n|faint|p2a: Tyranitar\n|-damage|p1a: Blaziken|96\/100|[from] Recoil\n|\n|-heal|p1a: Blaziken|100\/100|[from] item: Leftovers\n|-ability|p1a: Blaziken|Speed Boost|boost\n|-boost|p1a: Blaziken|spe|1\n|upkeep\n|\n|t:|1660023552\n|switch|p2a: Landorus|Landorus-Therian, M|100\/100\n|-damage|p2a: Landorus|88\/100|[from] Stealth Rock\n|-ability|p2a: Landorus|Intimidate|boost\n|-unboost|p1a: Blaziken|atk|1\n|turn|11\n|\n|t:|1660023556\n|switch|p1a: Corviknight|Corviknight, M|14\/100\n|-ability|p1a: Corviknight|Pressure\n|move|p2a: Landorus|Explosion|p1a: Corviknight\n|-resisted|p1a: Corviknight\n|-damage|p1a: Corviknight|0 fnt\n|faint|p2a: Landorus\n|faint|p1a: Corviknight\n|\n|upkeep\n|\n|t:|1660023560\n|switch|p2a: Excadrill|Excadrill, M|100\/100\n|switch|p1a: Reuniclus|Reuniclus, M|100\/100\n|-damage|p2a: Excadrill|97\/100|[from] Stealth Rock\n|turn|12\n|\n|t:|1660023568\n|move|p2a: Excadrill|Iron Head|p1a: Reuniclus\n|-damage|p1a: Reuniclus|67\/100\n|cant|p1a: Reuniclus|flinch\n|\n|-heal|p2a: Excadrill|100\/100|[from] item: Leftovers\n|-heal|p1a: Reuniclus|73\/100|[from] item: Leftovers\n|upkeep\n|turn|13\n|\n|t:|1660023571\n|move|p2a: Excadrill|Swords Dance|p2a: Excadrill\n|-boost|p2a: Excadrill|atk|2\n|move|p1a: Reuniclus|Recover|p1a: Reuniclus\n|-heal|p1a: Reuniclus|100\/100\n|\n|upkeep\n|turn|14\n|\n|t:|1660023580\n|switch|p1a: Slowbro|Slowbro-Galar, M|50\/100\n|move|p2a: Excadrill|Rapid Spin|p1a: Slowbro\n|-damage|p1a: Slowbro|18\/100\n|-boost|p2a: Excadrill|spe|1\n|-sideend|p2: Real_DuaLipa|Stealth Rock|[from] move: Rapid Spin|[of] p2a: Excadrill\n|\n|upkeep\n|turn|15\n|\n|t:|1660023583\n|move|p2a: Excadrill|Rapid Spin|p1a: Slowbro\n|-damage|p1a: Slowbro|0 fnt\n|-boost|p2a: Excadrill|spe|1\n|faint|p1a: Slowbro\n|\n|upkeep\n|-message|andrewm0n forfeited.\n|\n|win|Real_DuaLipa\n|raw|andrewm0n's rating: 1756 &rarr; <strong>1735<\/strong><br \/>(-21 for losing)\n|raw|Real_DuaLipa's rating: 1735 &rarr; <strong>1756<\/strong><br \/>(+21 for winning)\n|l|\u2606andrewm0n\n","uploadtime":1660023610,"views":27,"p1id":"andrewm0n","p2id":"realdualipa","formatid":"gen8ou","rating":1735,"private":0,"password":null}