{"id":"gen8nationaldexmonotype-1539569582","p1":"Hiper speed","p2":"Eclipse77","format":"gen8nationaldexmonotype","log":"|j|\u2606Hiper speed\n|j|\u2606Eclipse77\n|t:|1648344516\n|gametype|singles\n|player|p1|Hiper speed|piers|1341\n|player|p2|Eclipse77|hilda-wonderlauncher|1517\n|teamsize|p1|6\n|teamsize|p2|6\n|gen|8\n|tier|[Gen 8] National Dex Monotype\n|rated|\n|rule|HP Percentage Mod: HP is shown in percentages\n|rule|Endless Battle Clause: Forcing endless battles is banned\n|rule|Same Type Clause: Pok\u00e9mon in a team must share a type\n|rule|Species Clause: Limit one of each Pok\u00e9mon\n|rule|OHKO Clause: OHKO moves are banned\n|rule|Evasion Moves Clause: Evasion moves are banned\n|rule|Dynamax Clause: You cannot dynamax\n|rule|Sleep Clause Mod: Limit one foe put to sleep\n|clearpoke\n|poke|p1|Lopunny, F|\n|poke|p1|Staraptor, M|\n|poke|p1|Porygon2|\n|poke|p1|Heliolisk, F|\n|poke|p1|Diggersby, M|\n|poke|p1|Dubwool, M|\n|poke|p2|Greninja, M|\n|poke|p2|Pelipper, M|\n|poke|p2|Toxapex, F|\n|poke|p2|Urshifu-*, F|\n|poke|p2|Slowking, M|\n|poke|p2|Swampert, F|\n|teampreview\n|c|\u2606Hiper speed|glhf\n|c|\u2606Eclipse77|hf\n|\n|t:|1648344546\n|start\n|switch|p1a: Mimirtime|Heliolisk, F, shiny|100\/100\n|switch|p2a: Swampert|Swampert, F|100\/100\n|turn|1\n|inactive|Battle timer is ON: inactive players will automatically lose when time's up. (requested by Eclipse77)\n|\n|t:|1648344556\n|detailschange|p2a: Swampert|Swampert-Mega, F\n|-mega|p2a: Swampert|Swampert|Swampertite\n|move|p1a: Mimirtime|Hyper Voice|p2a: Swampert\n|-damage|p2a: Swampert|40\/100\n|move|p2a: Swampert|Earthquake|p1a: Mimirtime\n|-supereffective|p1a: Mimirtime\n|-damage|p1a: Mimirtime|0 fnt\n|faint|p1a: Mimirtime\n|\n|upkeep\n|\n|t:|1648344563\n|switch|p1a: Miwa|Lopunny, F, shiny|100\/100\n|turn|2\n|\n|t:|1648344565\n|switch|p2a: Toxapex|Toxapex, F|100\/100\n|detailschange|p1a: Miwa|Lopunny-Mega, F, shiny\n|-mega|p1a: Miwa|Lopunny|Lopunnite\n|move|p1a: Miwa|Return|p2a: Toxapex\n|-damage|p2a: Toxapex|67\/100\n|\n|-heal|p2a: Toxapex|73\/100|[from] item: Black Sludge\n|upkeep\n|turn|3\n|\n|t:|1648344570\n|switch|p1a: Ebisu|Porygon2|100\/100\n|-ability|p1a: Ebisu|Download|boost\n|-boost|p1a: Ebisu|spa|1\n|move|p2a: Toxapex|Toxic|p1a: Ebisu\n|-status|p1a: Ebisu|tox\n|\n|-heal|p2a: Toxapex|79\/100|[from] item: Black Sludge\n|-damage|p1a: Ebisu|94\/100 tox|[from] psn\n|upkeep\n|turn|4\n|\n|t:|1648344573\n|switch|p1a: Yune|Diggersby, M|100\/100\n|switch|p2a: Slowking|Slowking, M|100\/100\n|\n|upkeep\n|turn|5\n|\n|t:|1648344576\n|move|p1a: Yune|Swords Dance|p1a: Yune\n|-boost|p1a: Yune|atk|2\n|move|p2a: Slowking|Scald|p1a: Yune\n|-supereffective|p1a: Yune\n|-damage|p1a: Yune|27\/100\n|\n|upkeep\n|turn|6\n|\n|t:|1648344599\n|move|p1a: Yune|Return|p2a: Slowking\n|-damage|p2a: Slowking|0 fnt\n|faint|p2a: Slowking\n|\n|upkeep\n|\n|t:|1648344603\n|switch|p2a: Greninja|Greninja, M|100\/100\n|turn|7\n|\n|t:|1648344606\n|switch|p1a: Ebisu|Porygon2|94\/100 tox\n|-ability|p1a: Ebisu|Download|boost\n|-boost|p1a: Ebisu|spa|1\n|move|p2a: Greninja|Ice Beam|p1a: Ebisu\n|-start|p2a: Greninja|typechange|Ice|[from] ability: Protean\n|-damage|p1a: Ebisu|78\/100 tox\n|\n|-damage|p1a: Ebisu|71\/100 tox|[from] psn\n|upkeep\n|turn|8\n|\n|t:|1648344614\n|switch|p2a: Toxapex|Toxapex, F|100\/100\n|switch|p1a: Yune|Diggersby, M|27\/100\n|\n|upkeep\n|turn|9\n|\n|t:|1648344620\n|move|p1a: Yune|Earthquake|p2a: Toxapex\n|-supereffective|p2a: Toxapex\n|-damage|p2a: Toxapex|18\/100\n|move|p2a: Toxapex|Scald|p1a: Yune\n|-supereffective|p1a: Yune\n|-damage|p1a: Yune|0 fnt\n|faint|p1a: Yune\n|\n|-heal|p2a: Toxapex|24\/100|[from] item: Black Sludge\n|upkeep\n|\n|t:|1648344628\n|switch|p1a: Varuto|Staraptor, M|100\/100\n|turn|10\n|\n|t:|1648344636\n|switch|p2a: Pelipper|Pelipper, M|100\/100\n|-weather|RainDance|[from] ability: Drizzle|[of] p2a: Pelipper\n|move|p1a: Varuto|Brave Bird|p2a: Pelipper\n|-damage|p2a: Pelipper|6\/100\n|-damage|p1a: Varuto|74\/100|[from] Recoil\n|\n|-weather|RainDance|[upkeep]\n|upkeep\n|turn|11\n|\n|t:|1648344643\n|move|p1a: Varuto|Brave Bird|p2a: Pelipper\n|-damage|p2a: Pelipper|0 fnt\n|faint|p2a: Pelipper\n|-damage|p1a: Varuto|73\/100|[from] Recoil\n|\n|-weather|RainDance|[upkeep]\n|upkeep\n|\n|t:|1648344645\n|switch|p2a: Swampert|Swampert-Mega, F|40\/100\n|turn|12\n|\n|t:|1648344649\n|switch|p1a: Dubwool|Dubwool, M|100\/100\n|move|p2a: Swampert|Waterfall|p1a: Dubwool\n|-damage|p1a: Dubwool|71\/100\n|\n|-weather|RainDance|[upkeep]\n|-heal|p1a: Dubwool|77\/100|[from] item: Leftovers\n|upkeep\n|turn|13\n|\n|t:|1648344652\n|switch|p1a: Varuto|Staraptor, M|73\/100\n|move|p2a: Swampert|Stealth Rock|p1a: Varuto\n|-sidestart|p1: Hiper speed|move: Stealth Rock\n|\n|-weather|RainDance|[upkeep]\n|upkeep\n|turn|14\n|\n|t:|1648344656\n|move|p2a: Swampert|Waterfall|p1a: Varuto\n|-damage|p1a: Varuto|0 fnt\n|faint|p1a: Varuto\n|\n|-weather|none\n|upkeep\n|\n|t:|1648344659\n|switch|p1a: Miwa|Lopunny-Mega, F, shiny|100\/100\n|-damage|p1a: Miwa|95\/100|[from] Stealth Rock\n|turn|15\n|\n|t:|1648344662\n|switch|p2a: Toxapex|Toxapex, F|57\/100\n|move|p1a: Miwa|Return|p2a: Toxapex\n|-damage|p2a: Toxapex|26\/100\n|\n|-heal|p2a: Toxapex|33\/100|[from] item: Black Sludge\n|upkeep\n|turn|16\n|\n|t:|1648344667\n|move|p1a: Miwa|Return|p2a: Toxapex\n|-damage|p2a: Toxapex|0 fnt\n|faint|p2a: Toxapex\n|\n|upkeep\n|\n|t:|1648344672\n|switch|p2a: Urshifu|Urshifu-Rapid-Strike, F|100\/100\n|turn|17\n|\n|t:|1648344678\n|switch|p1a: Dubwool|Dubwool, M|77\/100\n|-damage|p1a: Dubwool|65\/100|[from] Stealth Rock\n|move|p2a: Urshifu|Close Combat|p1a: Dubwool\n|-supereffective|p1a: Dubwool\n|-damage|p1a: Dubwool|11\/100\n|-unboost|p2a: Urshifu|def|1\n|-unboost|p2a: Urshifu|spd|1\n|\n|-heal|p1a: Dubwool|17\/100|[from] item: Leftovers\n|upkeep\n|turn|18\n|\n|t:|1648344683\n|move|p2a: Urshifu|Close Combat|p1a: Dubwool\n|-supereffective|p1a: Dubwool\n|-damage|p1a: Dubwool|0 fnt\n|-unboost|p2a: Urshifu|def|1\n|-unboost|p2a: Urshifu|spd|1\n|faint|p1a: Dubwool\n|\n|upkeep\n|\n|t:|1648344685\n|switch|p1a: Miwa|Lopunny-Mega, F, shiny|95\/100\n|-damage|p1a: Miwa|89\/100|[from] Stealth Rock\n|turn|19\n|\n|t:|1648344692\n|switch|p2a: Swampert|Swampert-Mega, F|40\/100\n|move|p1a: Miwa|Fake Out|p2a: Swampert\n|-crit|p2a: Swampert\n|-damage|p2a: Swampert|7\/100\n|\n|upkeep\n|turn|20\n|\n|t:|1648344695\n|move|p1a: Miwa|Return|p2a: Swampert\n|-damage|p2a: Swampert|0 fnt\n|faint|p2a: Swampert\n|\n|upkeep\n|\n|t:|1648344697\n|switch|p2a: Urshifu|Urshifu-Rapid-Strike, F|100\/100\n|turn|21\n|\n|t:|1648344699\n|switch|p1a: Ebisu|Porygon2|71\/100 tox\n|-damage|p1a: Ebisu|59\/100 tox|[from] Stealth Rock\n|-ability|p1a: Ebisu|Download|boost\n|-boost|p1a: Ebisu|spa|1\n|move|p2a: Urshifu|Close Combat|p1a: Ebisu\n|-supereffective|p1a: Ebisu\n|-damage|p1a: Ebisu|0 fnt\n|-unboost|p2a: Urshifu|def|1\n|-unboost|p2a: Urshifu|spd|1\n|faint|p1a: Ebisu\n|\n|upkeep\n|\n|t:|1648344701\n|switch|p1a: Miwa|Lopunny-Mega, F, shiny|89\/100\n|-damage|p1a: Miwa|83\/100|[from] Stealth Rock\n|turn|22\n|c|\u2606Hiper speed|gg\n|\n|t:|1648344704\n|switch|p2a: Greninja|Greninja, M|100\/100\n|move|p1a: Miwa|Return|p2a: Greninja\n|-crit|p2a: Greninja\n|-damage|p2a: Greninja|0 fnt\n|faint|p2a: Greninja\n|\n|upkeep\n|\n|t:|1648344707\n|switch|p2a: Urshifu|Urshifu-Rapid-Strike, F|100\/100\n|turn|23\n|\n|t:|1648344710\n|move|p1a: Miwa|Close Combat|p2a: Urshifu\n|-damage|p2a: Urshifu|37\/100\n|-unboost|p1a: Miwa|def|1\n|-unboost|p1a: Miwa|spd|1\n|move|p2a: Urshifu|Close Combat|p1a: Miwa\n|-supereffective|p1a: Miwa\n|-damage|p1a: Miwa|0 fnt\n|-unboost|p2a: Urshifu|def|1\n|-unboost|p2a: Urshifu|spd|1\n|faint|p1a: Miwa\n|\n|win|Eclipse77\n|raw|Hiper speed's rating: 1341 &rarr; <strong>1330<\/strong><br \/>(-11 for losing)\n|raw|Eclipse77's rating: 1517 &rarr; <strong>1528<\/strong><br \/>(+11 for winning)\n|c|\u2606Eclipse77|gg\n","uploadtime":1648344713,"views":6,"p1id":"hiperspeed","p2id":"eclipse77","formatid":"gen8nationaldexmonotype","rating":1330,"private":0,"password":null}