{"id":"gen8bdspuu-1630146534","p1":"Ill Leave","p2":"BDSPLT1JL Yonitet","format":"gen8bdspuu","log":"|j|\u2606Ill Leave\n|j|\u2606BDSPLT1JL Yonitet\n|inactive|Battle timer is ON: inactive players will automatically lose when time's up.\n|t:|1659387887\n|gametype|singles\n|player|p1|Ill Leave|102|\n|player|p2|BDSPLT1JL Yonitet|swimmer-gen4|\n|teamsize|p1|6\n|teamsize|p2|6\n|gen|8\n|tier|[Gen 8 BDSP] UU\n|rated|Tournament battle\n|rule|Sleep Clause Mod: Limit one foe put to sleep\n|rule|Species Clause: Limit one of each Pok\u00e9mon\n|rule|OHKO Clause: OHKO moves are banned\n|rule|Evasion Moves Clause: Evasion moves are banned\n|rule|Endless Battle Clause: Forcing endless battles is banned\n|rule|HP Percentage Mod: HP is shown in percentages\n|clearpoke\n|poke|p1|Drapion, F|\n|poke|p1|Zapdos|\n|poke|p1|Swampert, M|\n|poke|p1|Metagross|\n|poke|p1|Rotom-Mow|\n|poke|p1|Tentacruel, F|\n|poke|p2|Metagross|\n|poke|p2|Moltres|\n|poke|p2|Espeon, M|\n|poke|p2|Swampert, F|\n|poke|p2|Forretress, F|\n|poke|p2|Toxicroak, F|\n|teampreview\n|c|\u2606Ill Leave|ill wait lmk\n|c|\u2606BDSPLT1JL Yonitet|i can play 2 games\n|c|\u2606BDSPLT1JL Yonitet|that game is already won\n|inactive|Ill Leave has 120 seconds left.\n|inactive|BDSPLT1JL Yonitet has 120 seconds left.\n|c|\u2606Ill Leave|hf\n|c|\u2606BDSPLT1JL Yonitet|u\n|c|\u2606Ill Leave|hf\n|c|\u2606BDSPLT1JL Yonitet|u2\n|c|\u2606Ill Leave|laggy\n|\n|t:|1659387944\n|start\n|switch|p1a: Rotom|Rotom-Mow|100\/100\n|switch|p2a: Toxicroak|Toxicroak, F|100\/100\n|turn|1\n|\n|t:|1659387958\n|switch|p2a: Swampert|Swampert, F|100\/100\n|move|p1a: Rotom|Volt Switch|p2a: Swampert\n|-immune|p2a: Swampert\n|\n|upkeep\n|turn|2\n|\n|t:|1659387976\n|switch|p2a: Espeon|Espeon, M|100\/100\n|move|p1a: Rotom|Volt Switch|p2a: Espeon\n|-damage|p2a: Espeon|70\/100\n|\n|t:|1659387989\n|switch|p1a: Drapion|Drapion, F|100\/100|[from]move: Volt Switch\n|\n|upkeep\n|turn|3\n|\n|t:|1659387993\n|switch|p2a: Forretress|Forretress, F|100\/100\n|move|p1a: Drapion|Knock Off|p2a: Forretress\n|-damage|p2a: Forretress|81\/100\n|-enditem|p2a: Forretress|Leftovers|[from] move: Knock Off|[of] p1a: Drapion\n|\n|upkeep\n|turn|4\n|\n|t:|1659388000\n|move|p1a: Drapion|Taunt|p2a: Forretress\n|-start|p2a: Forretress|move: Taunt\n|cant|p2a: Forretress|move: Taunt|Spikes\n|\n|upkeep\n|turn|5\n|\n|t:|1659388005\n|switch|p1a: Swampert|Swampert, M|100\/100\n|move|p2a: Forretress|Volt Switch|p1a: Swampert\n|-immune|p1a: Swampert\n|\n|upkeep\n|turn|6\n|c|\u2606BDSPLT1JL Yonitet|lag\n|c|\u2606BDSPLT1JL Yonitet|i didnt press that :(\n|c|\u2606Ill Leave|:(\n|\n|t:|1659388034\n|switch|p2a: Swampert|Swampert, F|100\/100\n|move|p1a: Swampert|Earthquake|p2a: Swampert\n|-damage|p2a: Swampert|72\/100\n|\n|-heal|p2a: Swampert|78\/100|[from] item: Leftovers\n|upkeep\n|turn|7\n|\n|t:|1659388052\n|switch|p2a: Espeon|Espeon, M|70\/100\n|move|p1a: Swampert|Stealth Rock|p2a: Espeon\n|move|p2a: Espeon|Stealth Rock|p1a: Swampert|[from]ability: Magic Bounce\n|-sidestart|p1: Ill Leave|move: Stealth Rock\n|\n|upkeep\n|turn|8\n|\n|t:|1659388061\n|switch|p2a: Moltres|Moltres|100\/100\n|switch|p1a: Drapion|Drapion, F|100\/100\n|-damage|p1a: Drapion|88\/100|[from] Stealth Rock\n|\n|-heal|p1a: Drapion|94\/100|[from] item: Black Sludge\n|upkeep\n|turn|9\n|\n|t:|1659388067\n|move|p1a: Drapion|Toxic Spikes|p2a: Moltres\n|-sidestart|p2: BDSPLT1JL Yonitet|move: Toxic Spikes\n|move|p2a: Moltres|Fire Blast|p1a: Drapion\n|-damage|p1a: Drapion|22\/100\n|\n|-heal|p1a: Drapion|28\/100|[from] item: Black Sludge\n|upkeep\n|turn|10\n|c|\u2606BDSPLT1JL Yonitet|moltres stronk af\n|\n|t:|1659388085\n|switch|p1a: Swampert|Swampert, M|100\/100\n|-damage|p1a: Swampert|94\/100|[from] Stealth Rock\n|move|p2a: Moltres|Hurricane|p1a: Swampert\n|-damage|p1a: Swampert|56\/100\n|\n|-heal|p1a: Swampert|63\/100|[from] item: Leftovers\n|upkeep\n|turn|11\n|\n|t:|1659388092\n|move|p2a: Moltres|Hurricane|p1a: Swampert\n|-damage|p1a: Swampert|26\/100\n|move|p1a: Swampert|Roar|p2a: Moltres\n|drag|p2a: Toxicroak|Toxicroak, F|100\/100\n|-sideend|p2: BDSPLT1JL Yonitet|move: Toxic Spikes|[of] p2a: Toxicroak\n|\n|-heal|p1a: Swampert|32\/100|[from] item: Leftovers\n|upkeep\n|turn|12\n|\n|t:|1659388104\n|move|p2a: Toxicroak|Substitute|p2a: Toxicroak\n|-start|p2a: Toxicroak|Substitute\n|-damage|p2a: Toxicroak|76\/100\n|move|p1a: Swampert|Earthquake|p2a: Toxicroak\n|-supereffective|p2a: Toxicroak\n|-end|p2a: Toxicroak|Substitute\n|\n|-heal|p2a: Toxicroak|82\/100|[from] item: Leftovers\n|-heal|p1a: Swampert|39\/100|[from] item: Leftovers\n|upkeep\n|turn|13\n|\n|t:|1659388111\n|move|p2a: Toxicroak|Substitute|p2a: Toxicroak\n|-start|p2a: Toxicroak|Substitute\n|-damage|p2a: Toxicroak|57\/100\n|move|p1a: Swampert|Stealth Rock|p2a: Toxicroak\n|-sidestart|p2: BDSPLT1JL Yonitet|move: Stealth Rock\n|\n|-heal|p2a: Toxicroak|63\/100|[from] item: Leftovers\n|-heal|p1a: Swampert|45\/100|[from] item: Leftovers\n|upkeep\n|turn|14\n|\n|t:|1659388122\n|-singleturn|p2a: Toxicroak|move: Focus Punch\n|move|p2a: Toxicroak|Focus Punch|p1a: Swampert\n|-damage|p1a: Swampert|0 fnt\n|faint|p1a: Swampert\n|\n|-heal|p2a: Toxicroak|69\/100|[from] item: Leftovers\n|upkeep\n|\n|t:|1659388132\n|switch|p1a: Rotom|Rotom-Mow|100\/100\n|-damage|p1a: Rotom|88\/100|[from] Stealth Rock\n|turn|15\n|\n|t:|1659388138\n|move|p1a: Rotom|Volt Switch|p2a: Toxicroak\n|-end|p2a: Toxicroak|Substitute\n|\n|t:|1659388142\n|switch|p1a: Tentacruel|Tentacruel, F|100\/100|[from]move: Volt Switch\n|-damage|p1a: Tentacruel|88\/100|[from] Stealth Rock\n|move|p2a: Toxicroak|Poison Jab|p1a: Tentacruel\n|-resisted|p1a: Tentacruel\n|-damage|p1a: Tentacruel|72\/100\n|\n|-heal|p1a: Tentacruel|78\/100|[from] item: Black Sludge\n|-heal|p2a: Toxicroak|76\/100|[from] item: Leftovers\n|upkeep\n|turn|16\n|\n|t:|1659388150\n|switch|p2a: Forretress|Forretress, F|81\/100\n|-damage|p2a: Forretress|68\/100|[from] Stealth Rock\n|move|p1a: Tentacruel|Knock Off|p2a: Forretress\n|-damage|p2a: Forretress|62\/100\n|\n|-heal|p1a: Tentacruel|84\/100|[from] item: Black Sludge\n|upkeep\n|turn|17\n|\n|t:|1659388162\n|move|p1a: Tentacruel|Scald|p2a: Forretress\n|-damage|p2a: Forretress|32\/100\n|move|p2a: Forretress|Rapid Spin|p1a: Tentacruel\n|-crit|p1a: Tentacruel\n|-damage|p1a: Tentacruel|66\/100\n|-boost|p2a: Forretress|spe|1\n|-sideend|p2: BDSPLT1JL Yonitet|Stealth Rock|[from] move: Rapid Spin|[of] p2a: Forretress\n|\n|-heal|p1a: Tentacruel|72\/100|[from] item: Black Sludge\n|upkeep\n|turn|18\n|\n|t:|1659388170\n|switch|p2a: Swampert|Swampert, F|78\/100\n|move|p1a: Tentacruel|Rapid Spin|p2a: Swampert\n|-damage|p2a: Swampert|71\/100\n|-boost|p1a: Tentacruel|spe|1\n|-sideend|p1: Ill Leave|Stealth Rock|[from] move: Rapid Spin|[of] p1a: Tentacruel\n|\n|-heal|p1a: Tentacruel|78\/100|[from] item: Black Sludge\n|-heal|p2a: Swampert|78\/100|[from] item: Leftovers\n|upkeep\n|turn|19\n|\n|t:|1659388187\n|switch|p2a: Toxicroak|Toxicroak, F|76\/100\n|move|p1a: Tentacruel|Knock Off|p2a: Toxicroak\n|-resisted|p2a: Toxicroak\n|-damage|p2a: Toxicroak|66\/100\n|-enditem|p2a: Toxicroak|Leftovers|[from] move: Knock Off|[of] p1a: Tentacruel\n|\n|-heal|p1a: Tentacruel|84\/100|[from] item: Black Sludge\n|upkeep\n|turn|20\n|\n|t:|1659388200\n|move|p1a: Tentacruel|Sludge Bomb|p2a: Toxicroak\n|-resisted|p2a: Toxicroak\n|-damage|p2a: Toxicroak|51\/100\n|move|p2a: Toxicroak|Substitute|p2a: Toxicroak\n|-start|p2a: Toxicroak|Substitute\n|-damage|p2a: Toxicroak|26\/100\n|\n|-heal|p1a: Tentacruel|90\/100|[from] item: Black Sludge\n|upkeep\n|turn|21\n|\n|t:|1659388204\n|-singleturn|p2a: Toxicroak|move: Focus Punch\n|move|p1a: Tentacruel|Sludge Bomb|p2a: Toxicroak\n|-resisted|p2a: Toxicroak\n|-activate|p2a: Toxicroak|move: Substitute|[damage]\n|move|p2a: Toxicroak|Focus Punch|p1a: Tentacruel\n|-resisted|p1a: Tentacruel\n|-damage|p1a: Tentacruel|59\/100\n|\n|-heal|p1a: Tentacruel|65\/100|[from] item: Black Sludge\n|upkeep\n|turn|22\n|\n|t:|1659388209\n|-singleturn|p2a: Toxicroak|move: Focus Punch\n|move|p1a: Tentacruel|Sludge Bomb|p2a: Toxicroak\n|-resisted|p2a: Toxicroak\n|-end|p2a: Toxicroak|Substitute\n|move|p2a: Toxicroak|Focus Punch|p1a: Tentacruel\n|-resisted|p1a: Tentacruel\n|-damage|p1a: Tentacruel|33\/100\n|\n|-heal|p1a: Tentacruel|39\/100|[from] item: Black Sludge\n|upkeep\n|turn|23\n|\n|t:|1659388215\n|switch|p2a: Metagross|Metagross|100\/100\n|move|p1a: Tentacruel|Sludge Bomb|p2a: Metagross\n|-immune|p2a: Metagross\n|\n|-heal|p1a: Tentacruel|46\/100|[from] item: Black Sludge\n|upkeep\n|turn|24\n|\n|t:|1659388223\n|switch|p1a: Rotom|Rotom-Mow|88\/100\n|move|p2a: Metagross|Stealth Rock|p1a: Rotom\n|-sidestart|p1: Ill Leave|move: Stealth Rock\n|\n|-heal|p1a: Rotom|94\/100|[from] item: Leftovers\n|upkeep\n|turn|25\n|\n|t:|1659388231\n|move|p1a: Rotom|Will-O-Wisp|p2a: Metagross\n|-status|p2a: Metagross|brn\n|move|p2a: Metagross|Meteor Mash|p1a: Rotom\n|-resisted|p1a: Rotom\n|-damage|p1a: Rotom|82\/100\n|\n|-heal|p1a: Rotom|88\/100|[from] item: Leftovers\n|-damage|p2a: Metagross|94\/100 brn|[from] brn\n|upkeep\n|turn|26\n|\n|t:|1659388242\n|move|p1a: Rotom|Nasty Plot|p1a: Rotom\n|-boost|p1a: Rotom|spa|2\n|move|p2a: Metagross|Meteor Mash|p1a: Rotom\n|-resisted|p1a: Rotom\n|-damage|p1a: Rotom|76\/100\n|\n|-heal|p1a: Rotom|83\/100|[from] item: Leftovers\n|-heal|p2a: Metagross|100\/100 brn|[from] item: Leftovers\n|-damage|p2a: Metagross|94\/100 brn|[from] brn\n|upkeep\n|turn|27\n|\n|t:|1659388248\n|switch|p2a: Forretress|Forretress, F|32\/100\n|move|p1a: Rotom|Nasty Plot|p1a: Rotom\n|-boost|p1a: Rotom|spa|2\n|\n|-heal|p1a: Rotom|89\/100|[from] item: Leftovers\n|upkeep\n|turn|28\n|\n|t:|1659388255\n|move|p1a: Rotom|Leaf Storm|p2a: Forretress\n|-resisted|p2a: Forretress\n|-damage|p2a: Forretress|0 fnt\n|-unboost|p1a: Rotom|spa|2\n|faint|p2a: Forretress\n|\n|-heal|p1a: Rotom|95\/100|[from] item: Leftovers\n|upkeep\n|\n|t:|1659388267\n|switch|p2a: Moltres|Moltres|100\/100\n|turn|29\n|\n|t:|1659388271\n|switch|p2a: Toxicroak|Toxicroak, F|26\/100\n|move|p1a: Rotom|Volt Switch|p2a: Toxicroak\n|-damage|p2a: Toxicroak|0 fnt\n|faint|p2a: Toxicroak\n|\n|t:|1659388277\n|switch|p1a: Tentacruel|Tentacruel, F|46\/100|[from]move: Volt Switch\n|-damage|p1a: Tentacruel|33\/100|[from] Stealth Rock\n|\n|-heal|p1a: Tentacruel|39\/100|[from] item: Black Sludge\n|upkeep\n|\n|t:|1659388283\n|switch|p2a: Espeon|Espeon, M|70\/100\n|turn|30\n|\n|t:|1659388288\n|switch|p1a: Metagross|Metagross|100\/100\n|-damage|p1a: Metagross|95\/100|[from] Stealth Rock\n|move|p2a: Espeon|Psychic|p1a: Metagross\n|-resisted|p1a: Metagross\n|-damage|p1a: Metagross|77\/100\n|-damage|p2a: Espeon|60\/100|[from] item: Life Orb\n|\n|upkeep\n|turn|31\n|\n|t:|1659388295\n|move|p2a: Espeon|Shadow Ball|p1a: Metagross\n|-supereffective|p1a: Metagross\n|-damage|p1a: Metagross|0 fnt\n|faint|p1a: Metagross\n|-damage|p2a: Espeon|50\/100|[from] item: Life Orb\n|\n|upkeep\n|\n|t:|1659388300\n|switch|p1a: Zapdos|Zapdos|100\/100\n|-damage|p1a: Zapdos|76\/100|[from] Stealth Rock\n|turn|32\n|\n|t:|1659388303\n|switch|p2a: Swampert|Swampert, F|78\/100\n|move|p1a: Zapdos|Thunderbolt|p2a: Swampert\n|-immune|p2a: Swampert\n|\n|-heal|p1a: Zapdos|82\/100|[from] item: Leftovers\n|-heal|p2a: Swampert|84\/100|[from] item: Leftovers\n|upkeep\n|turn|33\n|\n|t:|1659388308\n|move|p1a: Zapdos|Substitute|p1a: Zapdos\n|-start|p1a: Zapdos|Substitute\n|-damage|p1a: Zapdos|57\/100\n|move|p2a: Swampert|Waterfall|p1a: Zapdos\n|-end|p1a: Zapdos|Substitute\n|\n|-heal|p1a: Zapdos|63\/100|[from] item: Leftovers\n|-heal|p2a: Swampert|90\/100|[from] item: Leftovers\n|upkeep\n|turn|34\n|\n|t:|1659388318\n|move|p1a: Zapdos|Roost|p1a: Zapdos\n|-heal|p1a: Zapdos|100\/100\n|-singleturn|p1a: Zapdos|move: Roost\n|move|p2a: Swampert|Waterfall|p1a: Zapdos\n|-damage|p1a: Zapdos|75\/100\n|\n|-heal|p1a: Zapdos|81\/100|[from] item: Leftovers\n|-heal|p2a: Swampert|96\/100|[from] item: Leftovers\n|upkeep\n|turn|35\n|\n|t:|1659388326\n|switch|p2a: Espeon|Espeon, M|50\/100\n|move|p1a: Zapdos|Substitute|p1a: Zapdos\n|-start|p1a: Zapdos|Substitute\n|-damage|p1a: Zapdos|56\/100\n|\n|-heal|p1a: Zapdos|62\/100|[from] item: Leftovers\n|upkeep\n|turn|36\n|\n|t:|1659388334\n|switch|p2a: Swampert|Swampert, F|96\/100\n|move|p1a: Zapdos|Thunderbolt|p2a: Swampert\n|-immune|p2a: Swampert\n|\n|-heal|p1a: Zapdos|68\/100|[from] item: Leftovers\n|-heal|p2a: Swampert|100\/100|[from] item: Leftovers\n|upkeep\n|turn|37\n|\n|t:|1659388340\n|move|p1a: Zapdos|Roost|p1a: Zapdos\n|-heal|p1a: Zapdos|100\/100\n|-singleturn|p1a: Zapdos|move: Roost\n|move|p2a: Swampert|Waterfall|p1a: Zapdos\n|-end|p1a: Zapdos|Substitute\n|\n|upkeep\n|turn|38\n|\n|t:|1659388349\n|switch|p1a: Rotom|Rotom-Mow|95\/100\n|-damage|p1a: Rotom|83\/100|[from] Stealth Rock\n|move|p2a: Swampert|Waterfall|p1a: Rotom\n|-resisted|p1a: Rotom\n|-damage|p1a: Rotom|62\/100\n|\n|-heal|p1a: Rotom|68\/100|[from] item: Leftovers\n|upkeep\n|turn|39\n|\n|t:|1659388355\n|move|p1a: Rotom|Volt Switch|p2a: Swampert\n|-immune|p2a: Swampert\n|move|p2a: Swampert|Waterfall|p1a: Rotom\n|-resisted|p1a: Rotom\n|-damage|p1a: Rotom|48\/100\n|\n|-heal|p1a: Rotom|54\/100|[from] item: Leftovers\n|upkeep\n|turn|40\n|\n|t:|1659388358\n|move|p1a: Rotom|Volt Switch|p2a: Swampert\n|-immune|p2a: Swampert\n|move|p2a: Swampert|Waterfall|p1a: Rotom\n|-resisted|p1a: Rotom\n|-damage|p1a: Rotom|36\/100\n|\n|-heal|p1a: Rotom|42\/100|[from] item: Leftovers\n|upkeep\n|turn|41\n|\n|t:|1659388362\n|switch|p2a: Moltres|Moltres|100\/100\n|move|p1a: Rotom|Leaf Storm|p2a: Moltres\n|-resisted|p2a: Moltres\n|-damage|p2a: Moltres|88\/100\n|-unboost|p1a: Rotom|spa|2\n|\n|-heal|p1a: Rotom|49\/100|[from] item: Leftovers\n|-heal|p2a: Moltres|94\/100|[from] item: Leftovers\n|upkeep\n|turn|42\n|\n|t:|1659388373\n|move|p1a: Rotom|Volt Switch|p2a: Moltres\n|-supereffective|p2a: Moltres\n|-damage|p2a: Moltres|66\/100\n|\n|t:|1659388385\n|switch|p1a: Tentacruel|Tentacruel, F|39\/100|[from]move: Volt Switch\n|-damage|p1a: Tentacruel|27\/100|[from] Stealth Rock\n|move|p2a: Moltres|Hurricane|p1a: Tentacruel|[miss]\n|-miss|p2a: Moltres|p1a: Tentacruel\n|\n|-heal|p1a: Tentacruel|33\/100|[from] item: Black Sludge\n|-heal|p2a: Moltres|72\/100|[from] item: Leftovers\n|upkeep\n|turn|43\n|\n|t:|1659388388\n|move|p1a: Tentacruel|Rapid Spin|p2a: Moltres\n|-crit|p2a: Moltres\n|-damage|p2a: Moltres|62\/100\n|-boost|p1a: Tentacruel|spe|1\n|-sideend|p1: Ill Leave|Stealth Rock|[from] move: Rapid Spin|[of] p1a: Tentacruel\n|move|p2a: Moltres|Hurricane|p1a: Tentacruel\n|-damage|p1a: Tentacruel|0 fnt\n|faint|p1a: Tentacruel\n|\n|-heal|p2a: Moltres|68\/100|[from] item: Leftovers\n|upkeep\n|c|\u2606BDSPLT1JL Yonitet|nooooo\n|\n|t:|1659388391\n|switch|p1a: Rotom|Rotom-Mow|49\/100\n|turn|44\n|\n|t:|1659388400\n|move|p1a: Rotom|Volt Switch|p2a: Moltres\n|-supereffective|p2a: Moltres\n|-damage|p2a: Moltres|13\/100\n|\n|t:|1659388416\n|switch|p1a: Drapion|Drapion, F|28\/100|[from]move: Volt Switch\n|move|p2a: Moltres|Roost|p2a: Moltres\n|-heal|p2a: Moltres|63\/100\n|-singleturn|p2a: Moltres|move: Roost\n|\n|-heal|p1a: Drapion|35\/100|[from] item: Black Sludge\n|-heal|p2a: Moltres|69\/100|[from] item: Leftovers\n|upkeep\n|turn|45\n|\n|t:|1659388421\n|move|p1a: Drapion|Toxic Spikes|p2a: Moltres\n|-sidestart|p2: BDSPLT1JL Yonitet|move: Toxic Spikes\n|move|p2a: Moltres|Fire Blast|p1a: Drapion\n|-damage|p1a: Drapion|0 fnt\n|faint|p1a: Drapion\n|\n|-heal|p2a: Moltres|75\/100|[from] item: Leftovers\n|upkeep\n|\n|t:|1659388427\n|switch|p1a: Zapdos|Zapdos|100\/100\n|turn|46\n|\n|t:|1659388438\n|switch|p2a: Metagross|Metagross|94\/100 brn\n|move|p1a: Zapdos|Substitute|p1a: Zapdos\n|-start|p1a: Zapdos|Substitute\n|-damage|p1a: Zapdos|76\/100\n|\n|-heal|p1a: Zapdos|82\/100|[from] item: Leftovers\n|-heal|p2a: Metagross|100\/100 brn|[from] item: Leftovers\n|-damage|p2a: Metagross|94\/100 brn|[from] brn\n|upkeep\n|turn|47\n|\n|t:|1659388442\n|move|p1a: Zapdos|Thunderbolt|p2a: Metagross\n|-damage|p2a: Metagross|54\/100 brn\n|move|p2a: Metagross|Stealth Rock|p1a: Zapdos\n|-sidestart|p1: Ill Leave|move: Stealth Rock\n|\n|-heal|p1a: Zapdos|88\/100|[from] item: Leftovers\n|-heal|p2a: Metagross|60\/100 brn|[from] item: Leftovers\n|-damage|p2a: Metagross|54\/100 brn|[from] brn\n|upkeep\n|turn|48\n|\n|t:|1659388449\n|switch|p2a: Swampert|Swampert, F|100\/100\n|-status|p2a: Swampert|psn\n|move|p1a: Zapdos|Thunderbolt|p2a: Swampert\n|-immune|p2a: Swampert\n|\n|-heal|p1a: Zapdos|94\/100|[from] item: Leftovers\n|-damage|p2a: Swampert|88\/100 psn|[from] psn\n|upkeep\n|turn|49\n|\n|t:|1659388453\n|move|p2a: Swampert|Waterfall|p1a: Zapdos\n|-end|p1a: Zapdos|Substitute\n|move|p1a: Zapdos|Roar|p2a: Swampert\n|drag|p2a: Moltres|Moltres|75\/100\n|\n|-heal|p1a: Zapdos|99\/100|[from] item: Leftovers\n|-heal|p2a: Moltres|81\/100|[from] item: Leftovers\n|upkeep\n|turn|50\n|\n|t:|1659388472\n|switch|p2a: Swampert|Swampert, F|88\/100 psn\n|move|p1a: Zapdos|Thunderbolt|p2a: Swampert\n|-immune|p2a: Swampert\n|\n|-heal|p1a: Zapdos|100\/100|[from] item: Leftovers\n|-heal|p2a: Swampert|94\/100 psn|[from] item: Leftovers\n|-damage|p2a: Swampert|82\/100 psn|[from] psn\n|upkeep\n|turn|51\n|\n|t:|1659388476\n|move|p1a: Zapdos|Substitute|p1a: Zapdos\n|-start|p1a: Zapdos|Substitute\n|-damage|p1a: Zapdos|76\/100\n|move|p2a: Swampert|Waterfall|p1a: Zapdos\n|-end|p1a: Zapdos|Substitute\n|\n|-heal|p1a: Zapdos|82\/100|[from] item: Leftovers\n|-heal|p2a: Swampert|88\/100 psn|[from] item: Leftovers\n|-damage|p2a: Swampert|76\/100 psn|[from] psn\n|upkeep\n|turn|52\n|\n|t:|1659388479\n|move|p1a: Zapdos|Substitute|p1a: Zapdos\n|-start|p1a: Zapdos|Substitute\n|-damage|p1a: Zapdos|57\/100\n|move|p2a: Swampert|Waterfall|p1a: Zapdos\n|-end|p1a: Zapdos|Substitute\n|\n|-heal|p1a: Zapdos|63\/100|[from] item: Leftovers\n|-heal|p2a: Swampert|82\/100 psn|[from] item: Leftovers\n|-damage|p2a: Swampert|69\/100 psn|[from] psn\n|upkeep\n|turn|53\n|\n|t:|1659388481\n|move|p1a: Zapdos|Substitute|p1a: Zapdos\n|-start|p1a: Zapdos|Substitute\n|-damage|p1a: Zapdos|38\/100\n|move|p2a: Swampert|Waterfall|p1a: Zapdos\n|-end|p1a: Zapdos|Substitute\n|\n|-heal|p1a: Zapdos|44\/100|[from] item: Leftovers\n|-heal|p2a: Swampert|76\/100 psn|[from] item: Leftovers\n|-damage|p2a: Swampert|63\/100 psn|[from] psn\n|upkeep\n|turn|54\n|\n|t:|1659388484\n|move|p1a: Zapdos|Roost|p1a: Zapdos\n|-heal|p1a: Zapdos|94\/100\n|-singleturn|p1a: Zapdos|move: Roost\n|move|p2a: Swampert|Waterfall|p1a: Zapdos\n|-damage|p1a: Zapdos|69\/100\n|\n|-heal|p1a: Zapdos|75\/100|[from] item: Leftovers\n|-heal|p2a: Swampert|69\/100 psn|[from] item: Leftovers\n|-damage|p2a: Swampert|57\/100 psn|[from] psn\n|upkeep\n|turn|55\n|\n|t:|1659388491\n|move|p1a: Zapdos|Substitute|p1a: Zapdos\n|-start|p1a: Zapdos|Substitute\n|-damage|p1a: Zapdos|50\/100\n|move|p2a: Swampert|Waterfall|p1a: Zapdos\n|-activate|p1a: Zapdos|move: Substitute|[damage]\n|\n|-heal|p1a: Zapdos|56\/100|[from] item: Leftovers\n|-heal|p2a: Swampert|63\/100 psn|[from] item: Leftovers\n|-damage|p2a: Swampert|51\/100 psn|[from] psn\n|upkeep\n|turn|56\n|\n|t:|1659388499\n|move|p1a: Zapdos|Roost|p1a: Zapdos\n|-heal|p1a: Zapdos|100\/100\n|-singleturn|p1a: Zapdos|move: Roost\n|move|p2a: Swampert|Waterfall|p1a: Zapdos\n|-end|p1a: Zapdos|Substitute\n|\n|-heal|p2a: Swampert|57\/100 psn|[from] item: Leftovers\n|-damage|p2a: Swampert|44\/100 psn|[from] psn\n|upkeep\n|turn|57\n|\n|t:|1659388505\n|move|p1a: Zapdos|Substitute|p1a: Zapdos\n|-start|p1a: Zapdos|Substitute\n|-damage|p1a: Zapdos|76\/100\n|move|p2a: Swampert|Waterfall|p1a: Zapdos\n|-end|p1a: Zapdos|Substitute\n|\n|-heal|p1a: Zapdos|82\/100|[from] item: Leftovers\n|-heal|p2a: Swampert|51\/100 psn|[from] item: Leftovers\n|-damage|p2a: Swampert|38\/100 psn|[from] psn\n|upkeep\n|turn|58\n|\n|t:|1659388510\n|move|p1a: Zapdos|Substitute|p1a: Zapdos\n|-start|p1a: Zapdos|Substitute\n|-damage|p1a: Zapdos|57\/100\n|move|p2a: Swampert|Waterfall|p1a: Zapdos\n|-end|p1a: Zapdos|Substitute\n|\n|-heal|p1a: Zapdos|63\/100|[from] item: Leftovers\n|-heal|p2a: Swampert|44\/100 psn|[from] item: Leftovers\n|-damage|p2a: Swampert|32\/100 psn|[from] psn\n|upkeep\n|turn|59\n|\n|t:|1659388514\n|move|p1a: Zapdos|Substitute|p1a: Zapdos\n|-start|p1a: Zapdos|Substitute\n|-damage|p1a: Zapdos|38\/100\n|move|p2a: Swampert|Earthquake|p1a: Zapdos\n|-immune|p1a: Zapdos\n|\n|-heal|p1a: Zapdos|44\/100|[from] item: Leftovers\n|-heal|p2a: Swampert|38\/100 psn|[from] item: Leftovers\n|-damage|p2a: Swampert|26\/100 psn|[from] psn\n|upkeep\n|turn|60\n|\n|t:|1659388517\n|move|p1a: Zapdos|Roost|p1a: Zapdos\n|-heal|p1a: Zapdos|94\/100\n|-singleturn|p1a: Zapdos|move: Roost\n|move|p2a: Swampert|Earthquake|p1a: Zapdos\n|-supereffective|p1a: Zapdos\n|-end|p1a: Zapdos|Substitute\n|\n|-heal|p1a: Zapdos|99\/100|[from] item: Leftovers\n|-heal|p2a: Swampert|32\/100 psn|[from] item: Leftovers\n|-damage|p2a: Swampert|19\/100 psn|[from] psn\n|upkeep\n|turn|61\n|\n|t:|1659388522\n|move|p1a: Zapdos|Substitute|p1a: Zapdos\n|-start|p1a: Zapdos|Substitute\n|-damage|p1a: Zapdos|75\/100\n|move|p2a: Swampert|Rest|p2a: Swampert\n|-status|p2a: Swampert|slp|[from] move: Rest\n|-heal|p2a: Swampert|100\/100 slp|[silent]\n|\n|-heal|p1a: Zapdos|81\/100|[from] item: Leftovers\n|upkeep\n|turn|62\n|c|\u2606BDSPLT1JL Yonitet|<3\n|c|\u2606Ill Leave|fuck\n|\n|t:|1659388542\n|move|p1a: Zapdos|Thunderbolt|p2a: Swampert\n|-immune|p2a: Swampert\n|cant|p2a: Swampert|slp\n|\n|-heal|p1a: Zapdos|87\/100|[from] item: Leftovers\n|upkeep\n|turn|63\n|\n|t:|1659388548\n|move|p1a: Zapdos|Thunderbolt|p2a: Swampert\n|-immune|p2a: Swampert\n|cant|p2a: Swampert|slp\n|\n|-heal|p1a: Zapdos|93\/100|[from] item: Leftovers\n|upkeep\n|turn|64\n|\n|t:|1659388555\n|-curestatus|p2a: Swampert|slp|[msg]\n|move|p2a: Swampert|Bulk Up|p2a: Swampert\n|-boost|p2a: Swampert|atk|1\n|-boost|p2a: Swampert|def|1\n|move|p1a: Zapdos|Roar|p2a: Swampert\n|drag|p2a: Metagross|Metagross|54\/100 brn\n|\n|-heal|p1a: Zapdos|99\/100|[from] item: Leftovers\n|-heal|p2a: Metagross|60\/100 brn|[from] item: Leftovers\n|-damage|p2a: Metagross|54\/100 brn|[from] brn\n|upkeep\n|turn|65\n|\n|t:|1659388568\n|switch|p1a: Rotom|Rotom-Mow|49\/100\n|-damage|p1a: Rotom|36\/100|[from] Stealth Rock\n|move|p2a: Metagross|Meteor Mash|p1a: Rotom\n|-resisted|p1a: Rotom\n|-damage|p1a: Rotom|23\/100\n|\n|-heal|p1a: Rotom|29\/100|[from] item: Leftovers\n|-heal|p2a: Metagross|60\/100 brn|[from] item: Leftovers\n|-damage|p2a: Metagross|54\/100 brn|[from] brn\n|upkeep\n|turn|66\n|\n|t:|1659388571\n|move|p1a: Rotom|Volt Switch|p2a: Metagross\n|-damage|p2a: Metagross|29\/100 brn\n|\n|t:|1659388574\n|switch|p1a: Zapdos|Zapdos|99\/100|[from]move: Volt Switch\n|-damage|p1a: Zapdos|75\/100|[from] Stealth Rock\n|move|p2a: Metagross|Meteor Mash|p1a: Zapdos\n|-resisted|p1a: Zapdos\n|-damage|p1a: Zapdos|66\/100\n|\n|-heal|p1a: Zapdos|72\/100|[from] item: Leftovers\n|-heal|p2a: Metagross|35\/100 brn|[from] item: Leftovers\n|-damage|p2a: Metagross|29\/100 brn|[from] brn\n|upkeep\n|turn|67\n|\n|t:|1659388577\n|move|p1a: Zapdos|Substitute|p1a: Zapdos\n|-start|p1a: Zapdos|Substitute\n|-damage|p1a: Zapdos|47\/100\n|move|p2a: Metagross|Meteor Mash|p1a: Zapdos\n|-resisted|p1a: Zapdos\n|-activate|p1a: Zapdos|move: Substitute|[damage]\n|\n|-heal|p1a: Zapdos|54\/100|[from] item: Leftovers\n|-heal|p2a: Metagross|35\/100 brn|[from] item: Leftovers\n|-damage|p2a: Metagross|29\/100 brn|[from] brn\n|upkeep\n|turn|68\n|\n|t:|1659388585\n|move|p1a: Zapdos|Roost|p1a: Zapdos\n|-heal|p1a: Zapdos|100\/100\n|-singleturn|p1a: Zapdos|move: Roost\n|move|p2a: Metagross|Earthquake|p1a: Zapdos\n|-supereffective|p1a: Zapdos\n|-end|p1a: Zapdos|Substitute\n|\n|-heal|p2a: Metagross|35\/100 brn|[from] item: Leftovers\n|-damage|p2a: Metagross|29\/100 brn|[from] brn\n|upkeep\n|turn|69\n|\n|t:|1659388587\n|move|p1a: Zapdos|Substitute|p1a: Zapdos\n|-start|p1a: Zapdos|Substitute\n|-damage|p1a: Zapdos|76\/100\n|move|p2a: Metagross|Meteor Mash|p1a: Zapdos\n|-resisted|p1a: Zapdos\n|-activate|p1a: Zapdos|move: Substitute|[damage]\n|-boost|p2a: Metagross|atk|1\n|\n|-heal|p1a: Zapdos|82\/100|[from] item: Leftovers\n|-heal|p2a: Metagross|35\/100 brn|[from] item: Leftovers\n|-damage|p2a: Metagross|29\/100 brn|[from] brn\n|upkeep\n|turn|70\n|\n|t:|1659388590\n|move|p1a: Zapdos|Thunderbolt|p2a: Metagross\n|-damage|p2a: Metagross|0 fnt\n|faint|p2a: Metagross\n|\n|-heal|p1a: Zapdos|88\/100|[from] item: Leftovers\n|upkeep\n|\n|t:|1659388595\n|switch|p2a: Swampert|Swampert, F|100\/100\n|-status|p2a: Swampert|psn\n|turn|71\n|\n|t:|1659388599\n|move|p2a: Swampert|Waterfall|p1a: Zapdos\n|-end|p1a: Zapdos|Substitute\n|move|p1a: Zapdos|Roar|p2a: Swampert\n|drag|p2a: Espeon|Espeon, M|50\/100\n|-status|p2a: Espeon|psn\n|\n|-heal|p1a: Zapdos|94\/100|[from] item: Leftovers\n|-damage|p2a: Espeon|37\/100 psn|[from] psn\n|upkeep\n|turn|72\n|\n|t:|1659388604\n|move|p2a: Espeon|Psychic|p1a: Zapdos\n|-damage|p1a: Zapdos|38\/100\n|-damage|p2a: Espeon|27\/100 psn|[from] item: Life Orb\n|move|p1a: Zapdos|Thunderbolt|p2a: Espeon\n|-damage|p2a: Espeon|0 fnt\n|faint|p2a: Espeon\n|\n|-heal|p1a: Zapdos|44\/100|[from] item: Leftovers\n|upkeep\n|\n|t:|1659388610\n|switch|p2a: Swampert|Swampert, F|100\/100 psn\n|turn|73\n|\n|t:|1659388618\n|move|p1a: Zapdos|Roost|p1a: Zapdos\n|-heal|p1a: Zapdos|94\/100\n|-singleturn|p1a: Zapdos|move: Roost\n|move|p2a: Swampert|Earthquake|p1a: Zapdos\n|-supereffective|p1a: Zapdos\n|-damage|p1a: Zapdos|23\/100\n|\n|-heal|p1a: Zapdos|29\/100|[from] item: Leftovers\n|-damage|p2a: Swampert|88\/100 psn|[from] psn\n|upkeep\n|turn|74\n|\n|t:|1659388642\n|move|p1a: Zapdos|Substitute|p1a: Zapdos\n|-start|p1a: Zapdos|Substitute\n|-damage|p1a: Zapdos|5\/100\n|move|p2a: Swampert|Waterfall|p1a: Zapdos\n|-end|p1a: Zapdos|Substitute\n|\n|-heal|p1a: Zapdos|11\/100|[from] item: Leftovers\n|-heal|p2a: Swampert|94\/100 psn|[from] item: Leftovers\n|-damage|p2a: Swampert|82\/100 psn|[from] psn\n|upkeep\n|turn|75\n|\n|t:|1659388658\n|move|p2a: Swampert|Earthquake|p1a: Zapdos\n|-immune|p1a: Zapdos\n|move|p1a: Zapdos|Roar|p2a: Swampert\n|drag|p2a: Moltres|Moltres|81\/100\n|\n|-heal|p1a: Zapdos|17\/100|[from] item: Leftovers\n|-heal|p2a: Moltres|87\/100|[from] item: Leftovers\n|upkeep\n|turn|76\n|\n|t:|1659388665\n|move|p1a: Zapdos|Thunderbolt|p2a: Moltres\n|-supereffective|p2a: Moltres\n|-crit|p2a: Moltres\n|-damage|p2a: Moltres|0 fnt\n|faint|p2a: Moltres\n|\n|-heal|p1a: Zapdos|23\/100|[from] item: Leftovers\n|upkeep\n|c|\u2606BDSPLT1JL Yonitet|oh fuck\n|c|\u2606BDSPLT1JL Yonitet|that crit defo mattered...\n|c|\u2606Ill Leave|thiis was a ggfrfr\n|\n|t:|1659388680\n|switch|p2a: Swampert|Swampert, F|82\/100 psn\n|turn|77\n|c|\u2606Ill Leave|nr\n|c|\u2606BDSPLT1JL Yonitet|damn\n|c|\u2606Ill Leave|i win w tom\n|c|\u2606BDSPLT1JL Yonitet|i had that in the bag\n|\n|t:|1659388695\n|move|p1a: Zapdos|Roost|p1a: Zapdos\n|-heal|p1a: Zapdos|73\/100\n|-singleturn|p1a: Zapdos|move: Roost\n|move|p2a: Swampert|Waterfall|p1a: Zapdos\n|-damage|p1a: Zapdos|45\/100\n|\n|-heal|p1a: Zapdos|51\/100|[from] item: Leftovers\n|-heal|p2a: Swampert|88\/100 psn|[from] item: Leftovers\n|-damage|p2a: Swampert|76\/100 psn|[from] psn\n|upkeep\n|turn|78\n|c|\u2606BDSPLT1JL Yonitet|nah\n|c|\u2606BDSPLT1JL Yonitet|bulky moltres on this\n|\n|t:|1659388703\n|move|p1a: Zapdos|Substitute|p1a: Zapdos\n|-start|p1a: Zapdos|Substitute\n|-damage|p1a: Zapdos|26\/100\n|move|p2a: Swampert|Earthquake|p1a: Zapdos\n|-immune|p1a: Zapdos\n|\n|-heal|p1a: Zapdos|32\/100|[from] item: Leftovers\n|-heal|p2a: Swampert|82\/100 psn|[from] item: Leftovers\n|-damage|p2a: Swampert|69\/100 psn|[from] psn\n|upkeep\n|turn|79\n|-message|BDSPLT1JL Yonitet forfeited.\n|\n|win|Ill Leave\n|n|\u2606Ill Leave|illleave\n|n|\u2606BDSPLT1JL Yonitet|bdsplt1jlyonitet\n","uploadtime":1659388710,"views":34,"p1id":"illleave","p2id":"bdsplt1jlyonitet","formatid":"gen8bdspuu","rating":0,"private":0,"password":null}