{"id":"gen8ou-1412789381","p1":"af lele.tomas","p2":"brifye","format":"gen8ou","log":"|j|\u2606af lele.tomas\n|j|\u2606brifye\n|t:|1631125054\n|gametype|singles\n|player|p1|af lele.tomas|nate|1555\n|player|p2|brifye|266|1596\n|teamsize|p1|6\n|teamsize|p2|6\n|gen|8\n|tier|[Gen 8] OU\n|rated|\n|rule|Sleep Clause Mod: Limit one foe put to sleep\n|rule|Species Clause: Limit one of each Pok\u00e9mon\n|rule|OHKO Clause: OHKO moves are banned\n|rule|Evasion Moves Clause: Evasion moves are banned\n|rule|Endless Battle Clause: Forcing endless battles is banned\n|rule|HP Percentage Mod: HP is shown in percentages\n|rule|Dynamax Clause: You cannot dynamax\n|clearpoke\n|poke|p1|Garchomp, M|\n|poke|p1|Corviknight, M|\n|poke|p1|Tyranitar, M|\n|poke|p1|Slowking, M|\n|poke|p1|Zeraora|\n|poke|p1|Clefable, M|\n|poke|p2|Torkoal, M|\n|poke|p2|Heatran, M|\n|poke|p2|Landorus-Therian, M|\n|poke|p2|Dragapult, F|\n|poke|p2|Venusaur, M|\n|poke|p2|Kyurem|\n|teampreview\n|\n|t:|1631125072\n|start\n|switch|p1a: Garchomp|Garchomp, M|100\/100\n|switch|p2a: Kyurem|Kyurem|100\/100\n|-ability|p2a: Kyurem|Pressure\n|turn|1\n|\n|t:|1631125078\n|switch|p1a: Tyranitar|Tyranitar, M|100\/100\n|-weather|Sandstorm|[from] ability: Sand Stream|[of] p1a: Tyranitar\n|move|p2a: Kyurem|Ice Beam|p1a: Tyranitar\n|-damage|p1a: Tyranitar|72\/100\n|\n|-weather|Sandstorm|[upkeep]\n|-damage|p2a: Kyurem|94\/100|[from] Sandstorm\n|-heal|p1a: Tyranitar|78\/100|[from] item: Leftovers\n|upkeep\n|turn|2\n|\n|t:|1631125092\n|switch|p2a: Landorus|Landorus-Therian, M|100\/100\n|-ability|p2a: Landorus|Intimidate|boost\n|-unboost|p1a: Tyranitar|atk|1\n|move|p1a: Tyranitar|Stealth Rock|p2a: Landorus\n|-sidestart|p2: brifye|move: Stealth Rock\n|\n|-weather|Sandstorm|[upkeep]\n|-heal|p1a: Tyranitar|84\/100|[from] item: Leftovers\n|upkeep\n|turn|3\n|\n|t:|1631125101\n|switch|p1a: Corviknight|Corviknight, M|100\/100\n|-ability|p1a: Corviknight|Pressure\n|move|p2a: Landorus|Stealth Rock|p1a: Corviknight\n|-sidestart|p1: af lele.tomas|move: Stealth Rock\n|\n|-weather|Sandstorm|[upkeep]\n|upkeep\n|turn|4\n|inactive|Battle timer is ON: inactive players will automatically lose when time's up. (requested by af lele.tomas)\n|\n|t:|1631125111\n|switch|p2a: Torkoal|Torkoal, M|100\/100\n|-damage|p2a: Torkoal|76\/100|[from] Stealth Rock\n|-weather|SunnyDay|[from] ability: Drought|[of] p2a: Torkoal\n|move|p1a: Corviknight|Defog|p2a: Torkoal\n|-unboost|p2a: Torkoal|evasion|1\n|-sideend|p2: brifye|Stealth Rock|[from] move: Defog|[of] p1a: Corviknight\n|-sideend|p1: af lele.tomas|Stealth Rock|[from] move: Defog|[of] p1a: Corviknight\n|\n|-weather|SunnyDay|[upkeep]\n|upkeep\n|turn|5\n|\n|t:|1631125120\n|switch|p1a: Tyranitar|Tyranitar, M|84\/100\n|-weather|Sandstorm|[from] ability: Sand Stream|[of] p1a: Tyranitar\n|move|p2a: Torkoal|Stealth Rock|p1a: Tyranitar\n|-sidestart|p1: af lele.tomas|move: Stealth Rock\n|\n|-weather|Sandstorm|[upkeep]\n|-damage|p2a: Torkoal|70\/100|[from] Sandstorm\n|-heal|p1a: Tyranitar|90\/100|[from] item: Leftovers\n|upkeep\n|turn|6\n|\n|t:|1631125135\n|switch|p2a: Landorus|Landorus-Therian, M|100\/100\n|-ability|p2a: Landorus|Intimidate|boost\n|-unboost|p1a: Tyranitar|atk|1\n|move|p1a: Tyranitar|Toxic|p2a: Landorus\n|-status|p2a: Landorus|tox\n|\n|-weather|Sandstorm|[upkeep]\n|-heal|p1a: Tyranitar|96\/100|[from] item: Leftovers\n|-damage|p2a: Landorus|94\/100 tox|[from] psn\n|upkeep\n|turn|7\n|\n|t:|1631125145\n|switch|p1a: Corviknight|Corviknight, M|100\/100\n|-damage|p1a: Corviknight|88\/100|[from] Stealth Rock\n|-ability|p1a: Corviknight|Pressure\n|move|p2a: Landorus|U-turn|p1a: Corviknight\n|-resisted|p1a: Corviknight\n|-damage|p1a: Corviknight|85\/100\n|-damage|p2a: Landorus|78\/100 tox|[from] item: Rocky Helmet|[of] p1a: Corviknight\n|\n|t:|1631125156\n|switch|p2a: Heatran|Heatran, M|100\/100|[from]move: U-turn\n|\n|-weather|Sandstorm|[upkeep]\n|upkeep\n|turn|8\n|\n|t:|1631125160\n|switch|p1a: Garchomp|Garchomp, M|100\/100\n|-damage|p1a: Garchomp|94\/100|[from] Stealth Rock\n|move|p2a: Heatran|Eruption|p1a: Garchomp\n|-resisted|p1a: Garchomp\n|-damage|p1a: Garchomp|57\/100\n|\n|-weather|Sandstorm|[upkeep]\n|-heal|p1a: Garchomp|63\/100|[from] item: Leftovers\n|upkeep\n|turn|9\n|\n|t:|1631125171\n|switch|p2a: Landorus|Landorus-Therian, M|78\/100 tox\n|-ability|p2a: Landorus|Intimidate|boost\n|-unboost|p1a: Garchomp|atk|1\n|move|p1a: Garchomp|Stealth Rock|p2a: Landorus\n|-sidestart|p2: brifye|move: Stealth Rock\n|\n|-weather|none\n|-heal|p1a: Garchomp|70\/100|[from] item: Leftovers\n|-heal|p2a: Landorus|84\/100 tox|[from] item: Leftovers\n|-damage|p2a: Landorus|78\/100 tox|[from] psn\n|upkeep\n|turn|10\n|\n|t:|1631125184\n|switch|p1a: Corviknight|Corviknight, M|85\/100\n|-damage|p1a: Corviknight|72\/100|[from] Stealth Rock\n|-ability|p1a: Corviknight|Pressure\n|move|p2a: Landorus|U-turn|p1a: Corviknight\n|-resisted|p1a: Corviknight\n|-damage|p1a: Corviknight|69\/100\n|-damage|p2a: Landorus|61\/100 tox|[from] item: Rocky Helmet|[of] p1a: Corviknight\n|\n|t:|1631125196\n|switch|p2a: Heatran|Heatran, M|100\/100|[from]move: U-turn\n|-damage|p2a: Heatran|88\/100|[from] Stealth Rock\n|\n|upkeep\n|turn|11\n|\n|t:|1631125201\n|switch|p1a: Slowking|Slowking, M|100\/100\n|move|p2a: Heatran|Eruption|p1a: Slowking\n|-resisted|p1a: Slowking\n|-damage|p1a: Slowking|74\/100\n|\n|upkeep\n|turn|12\n|\n|t:|1631125209\n|switch|p2a: Venusaur|Venusaur, M|100\/100\n|-damage|p2a: Venusaur|88\/100|[from] Stealth Rock\n|move|p1a: Slowking|Scald|p2a: Venusaur\n|-resisted|p2a: Venusaur\n|-damage|p2a: Venusaur|67\/100\n|-status|p2a: Venusaur|brn\n|\n|-damage|p2a: Venusaur|61\/100 brn|[from] brn\n|upkeep\n|turn|13\n|\n|t:|1631125222\n|switch|p2a: Heatran|Heatran, M|88\/100\n|-damage|p2a: Heatran|76\/100|[from] Stealth Rock\n|switch|p1a: Corviknight|Corviknight, M|69\/100\n|-damage|p1a: Corviknight|57\/100|[from] Stealth Rock\n|-ability|p1a: Corviknight|Pressure\n|\n|upkeep\n|turn|14\n|\n|t:|1631125231\n|switch|p1a: Slowking|Slowking, M|100\/100\n|move|p2a: Heatran|Lava Plume|p1a: Slowking\n|-resisted|p1a: Slowking\n|-damage|p1a: Slowking|86\/100\n|\n|upkeep\n|turn|15\n|\n|t:|1631125238\n|switch|p2a: Kyurem|Kyurem|94\/100\n|-damage|p2a: Kyurem|70\/100|[from] Stealth Rock\n|-ability|p2a: Kyurem|Pressure\n|move|p1a: Slowking|Future Sight|p2a: Kyurem\n|-start|p1a: Slowking|move: Future Sight\n|\n|upkeep\n|turn|16\n|\n|t:|1631125245\n|switch|p1a: Tyranitar|Tyranitar, M|96\/100\n|-damage|p1a: Tyranitar|84\/100|[from] Stealth Rock\n|-weather|Sandstorm|[from] ability: Sand Stream|[of] p1a: Tyranitar\n|move|p2a: Kyurem|Freeze-Dry|p1a: Tyranitar\n|-damage|p1a: Tyranitar|62\/100\n|\n|-weather|Sandstorm|[upkeep]\n|-damage|p2a: Kyurem|63\/100|[from] Sandstorm\n|-heal|p1a: Tyranitar|68\/100|[from] item: Leftovers\n|upkeep\n|turn|17\n|\n|t:|1631125255\n|move|p2a: Kyurem|Freeze-Dry|p1a: Tyranitar\n|-damage|p1a: Tyranitar|45\/100\n|-status|p1a: Tyranitar|frz\n|cant|p1a: Tyranitar|frz\n|\n|-weather|Sandstorm|[upkeep]\n|-damage|p2a: Kyurem|57\/100|[from] Sandstorm\n|-end|p2a: Kyurem|move: Future Sight\n|-damage|p2a: Kyurem|6\/100\n|-heal|p1a: Tyranitar|51\/100 frz|[from] item: Leftovers\n|upkeep\n|turn|18\n|\n|t:|1631125265\n|move|p2a: Kyurem|Freeze-Dry|p1a: Tyranitar\n|-damage|p1a: Tyranitar|28\/100 frz\n|cant|p1a: Tyranitar|frz\n|\n|-weather|Sandstorm|[upkeep]\n|-damage|p2a: Kyurem|0 fnt|[from] Sandstorm\n|faint|p2a: Kyurem\n|-heal|p1a: Tyranitar|34\/100 frz|[from] item: Leftovers\n|upkeep\n|\n|t:|1631125278\n|switch|p2a: Torkoal|Torkoal, M|70\/100\n|-damage|p2a: Torkoal|45\/100|[from] Stealth Rock\n|-weather|SunnyDay|[from] ability: Drought|[of] p2a: Torkoal\n|turn|19\n|\n|t:|1631125284\n|switch|p1a: Slowking|Slowking, M|100\/100\n|move|p2a: Torkoal|Rapid Spin|p1a: Slowking\n|-damage|p1a: Slowking|89\/100\n|-boost|p2a: Torkoal|spe|1\n|-sideend|p2: brifye|Stealth Rock|[from] move: Rapid Spin|[of] p2a: Torkoal\n|\n|-weather|SunnyDay|[upkeep]\n|upkeep\n|turn|20\n|\n|t:|1631125292\n|switch|p2a: Venusaur|Venusaur, M|61\/100 brn\n|switch|p1a: Tyranitar|Tyranitar, M|34\/100 frz\n|-damage|p1a: Tyranitar|22\/100 frz|[from] Stealth Rock\n|-weather|Sandstorm|[from] ability: Sand Stream|[of] p1a: Tyranitar\n|\n|-weather|Sandstorm|[upkeep]\n|-damage|p2a: Venusaur|55\/100 brn|[from] Sandstorm\n|-heal|p1a: Tyranitar|28\/100 frz|[from] item: Leftovers\n|-damage|p2a: Venusaur|49\/100 brn|[from] brn\n|upkeep\n|turn|21\n|\n|t:|1631125303\n|switch|p2a: Torkoal|Torkoal, M|45\/100\n|-weather|SunnyDay|[from] ability: Drought|[of] p2a: Torkoal\n|switch|p1a: Corviknight|Corviknight, M|57\/100\n|-damage|p1a: Corviknight|44\/100|[from] Stealth Rock\n|-ability|p1a: Corviknight|Pressure\n|\n|-weather|SunnyDay|[upkeep]\n|upkeep\n|turn|22\n|\n|t:|1631125314\n|move|p1a: Corviknight|Defog|p2a: Torkoal\n|-unboost|p2a: Torkoal|evasion|1\n|-sideend|p1: af lele.tomas|Stealth Rock|[from] move: Defog|[of] p1a: Corviknight\n|move|p2a: Torkoal|Lava Plume|p1a: Corviknight\n|-supereffective|p1a: Corviknight\n|-damage|p1a: Corviknight|0 fnt\n|faint|p1a: Corviknight\n|\n|-weather|SunnyDay|[upkeep]\n|upkeep\n|\n|t:|1631125322\n|switch|p1a: Garchomp|Garchomp, M|70\/100\n|turn|23\n|\n|t:|1631125329\n|switch|p2a: Dragapult|Dragapult, F|100\/100\n|move|p1a: Garchomp|Earthquake|p2a: Dragapult\n|-damage|p2a: Dragapult|47\/100\n|\n|-weather|SunnyDay|[upkeep]\n|-heal|p1a: Garchomp|76\/100|[from] item: Leftovers\n|upkeep\n|turn|24\n|\n|t:|1631125338\n|switch|p1a: Clefable|Clefable, M|100\/100\n|move|p2a: Dragapult|Draco Meteor|p1a: Clefable\n|-immune|p1a: Clefable\n|\n|-weather|SunnyDay|[upkeep]\n|upkeep\n|turn|25\n|\n|t:|1631125345\n|switch|p2a: Heatran|Heatran, M|76\/100\n|move|p1a: Clefable|Heal Bell|p1a: Clefable\n|-activate|p1a: Clefable|move: Heal Bell\n|-curestatus|p1: Tyranitar|frz|[msg]\n|\n|-weather|SunnyDay|[upkeep]\n|upkeep\n|turn|26\n|\n|t:|1631125355\n|switch|p1a: Garchomp|Garchomp, M|76\/100\n|move|p2a: Heatran|Lava Plume|p1a: Garchomp\n|-resisted|p1a: Garchomp\n|-damage|p1a: Garchomp|45\/100\n|-status|p1a: Garchomp|brn\n|\n|-weather|SunnyDay|[upkeep]\n|-heal|p1a: Garchomp|51\/100 brn|[from] item: Leftovers\n|-damage|p1a: Garchomp|45\/100 brn|[from] brn\n|upkeep\n|turn|27\n|\n|t:|1631125365\n|switch|p2a: Landorus|Landorus-Therian, M|61\/100 tox\n|-ability|p2a: Landorus|Intimidate|boost\n|-unboost|p1a: Garchomp|atk|1\n|move|p1a: Garchomp|Stealth Rock|p2a: Landorus\n|-sidestart|p2: brifye|move: Stealth Rock\n|\n|-weather|SunnyDay|[upkeep]\n|-heal|p1a: Garchomp|51\/100 brn|[from] item: Leftovers\n|-heal|p2a: Landorus|67\/100 tox|[from] item: Leftovers\n|-damage|p2a: Landorus|61\/100 tox|[from] psn\n|-damage|p1a: Garchomp|45\/100 brn|[from] brn\n|upkeep\n|turn|28\n|\n|t:|1631125377\n|move|p1a: Garchomp|Flamethrower|p2a: Landorus\n|-damage|p2a: Landorus|45\/100 tox\n|move|p2a: Landorus|Stealth Rock|p1a: Garchomp\n|-sidestart|p1: af lele.tomas|move: Stealth Rock\n|\n|-weather|none\n|-heal|p1a: Garchomp|51\/100 brn|[from] item: Leftovers\n|-heal|p2a: Landorus|51\/100 tox|[from] item: Leftovers\n|-damage|p2a: Landorus|39\/100 tox|[from] psn\n|-damage|p1a: Garchomp|45\/100 brn|[from] brn\n|upkeep\n|turn|29\n|\n|t:|1631125387\n|move|p1a: Garchomp|Flamethrower|p2a: Landorus\n|-damage|p2a: Landorus|28\/100 tox\n|move|p2a: Landorus|Earthquake|p1a: Garchomp\n|-damage|p1a: Garchomp|10\/100 brn\n|\n|-heal|p1a: Garchomp|16\/100 brn|[from] item: Leftovers\n|-heal|p2a: Landorus|34\/100 tox|[from] item: Leftovers\n|-damage|p2a: Landorus|15\/100 tox|[from] psn\n|-damage|p1a: Garchomp|10\/100 brn|[from] brn\n|upkeep\n|turn|30\n|\n|t:|1631125402\n|move|p1a: Garchomp|Flamethrower|p2a: Landorus\n|-damage|p2a: Landorus|4\/100 tox\n|move|p2a: Landorus|U-turn|p1a: Garchomp\n|-damage|p1a: Garchomp|0 fnt\n|-damage|p2a: Landorus|0 fnt|[from] ability: Rough Skin|[of] p1a: Garchomp\n|faint|p1a: Garchomp\n|faint|p2a: Landorus\n|\n|upkeep\n|\n|t:|1631125415\n|switch|p1a: Zeraora|Zeraora|100\/100\n|switch|p2a: Dragapult|Dragapult, F|47\/100\n|-damage|p2a: Dragapult|35\/100|[from] Stealth Rock\n|turn|31\n|\n|t:|1631125420\n|move|p2a: Dragapult|Draco Meteor|p1a: Zeraora\n|-damage|p1a: Zeraora|23\/100\n|-unboost|p2a: Dragapult|spa|2\n|move|p1a: Zeraora|Knock Off|p2a: Dragapult\n|-supereffective|p2a: Dragapult\n|-damage|p2a: Dragapult|0 fnt\n|-enditem|p2a: Dragapult|Choice Scarf|[from] move: Knock Off|[of] p1a: Zeraora\n|faint|p2a: Dragapult\n|\n|upkeep\n|\n|t:|1631125446\n|switch|p2a: Heatran|Heatran, M|76\/100\n|-damage|p2a: Heatran|63\/100|[from] Stealth Rock\n|turn|32\n|\n|t:|1631125453\n|move|p1a: Zeraora|Close Combat|p2a: Heatran\n|-supereffective|p2a: Heatran\n|-damage|p2a: Heatran|0 fnt\n|-unboost|p1a: Zeraora|def|1\n|-unboost|p1a: Zeraora|spd|1\n|faint|p2a: Heatran\n|\n|upkeep\n|\n|t:|1631125459\n|switch|p2a: Torkoal|Torkoal, M|45\/100\n|-damage|p2a: Torkoal|20\/100|[from] Stealth Rock\n|-weather|SunnyDay|[from] ability: Drought|[of] p2a: Torkoal\n|turn|33\n|\n|t:|1631125466\n|move|p1a: Zeraora|Plasma Fists|p2a: Torkoal\n|-damage|p2a: Torkoal|0 fnt\n|faint|p2a: Torkoal\n|\n|-weather|SunnyDay|[upkeep]\n|upkeep\n|\n|t:|1631125471\n|switch|p2a: Venusaur|Venusaur, M|49\/100 brn\n|-damage|p2a: Venusaur|37\/100 brn|[from] Stealth Rock\n|turn|34\n|\n|t:|1631125475\n|switch|p1a: Tyranitar|Tyranitar, M|28\/100\n|-damage|p1a: Tyranitar|15\/100|[from] Stealth Rock\n|-weather|Sandstorm|[from] ability: Sand Stream|[of] p1a: Tyranitar\n|move|p2a: Venusaur|Giga Drain|p1a: Tyranitar\n|-supereffective|p1a: Tyranitar\n|-damage|p1a: Tyranitar|0 fnt\n|-heal|p2a: Venusaur|47\/100 brn|[from] drain|[of] p1a: Tyranitar\n|faint|p1a: Tyranitar\n|-damage|p2a: Venusaur|37\/100 brn|[from] item: Life Orb\n|\n|-weather|Sandstorm|[upkeep]\n|-damage|p2a: Venusaur|31\/100 brn|[from] Sandstorm\n|-damage|p2a: Venusaur|25\/100 brn|[from] brn\n|upkeep\n|\n|t:|1631125486\n|switch|p1a: Zeraora|Zeraora|23\/100\n|turn|35\n|\n|t:|1631125490\n|move|p1a: Zeraora|Knock Off|p2a: Venusaur\n|-damage|p2a: Venusaur|0 fnt\n|-enditem|p2a: Venusaur|Life Orb|[from] move: Knock Off|[of] p1a: Zeraora\n|faint|p2a: Venusaur\n|\n|win|af lele.tomas\n|raw|af lele.tomas's rating: 1555 &rarr; <strong>1577<\/strong><br \/>(+22 for winning)\n|raw|brifye's rating: 1596 &rarr; <strong>1574<\/strong><br \/>(-22 for losing)\n","uploadtime":1631125493,"views":25,"p1id":"afleletomas","p2id":"brifye","formatid":"gen8ou","rating":1574,"private":0,"password":null}