{"id":"gen8anythinggoes-1688602839","p1":"jushu114514","p2":"aglt5tx sasasasa","format":"gen8anythinggoes","log":"|j|\u2606jushu114514\n|j|\u2606aglt5tx sasasasa\n|t:|1666090762\n|gametype|singles\n|player|p1|jushu114514|169|1879\n|player|p2|aglt5tx sasasasa|102|2012\n|teamsize|p1|6\n|teamsize|p2|6\n|gen|8\n|tier|[Gen 8] Anything Goes\n|rated|\n|rule|HP Percentage Mod: HP is shown in percentages\n|rule|Endless Battle Clause: Forcing endless battles is banned\n|clearpoke\n|poke|p1|Groudon|\n|poke|p1|Grimmsnarl, M|\n|poke|p1|Yveltal|\n|poke|p1|Zacian-*|\n|poke|p1|Zekrom|\n|poke|p1|Calyrex-Ice|\n|poke|p2|Kyogre|\n|poke|p2|Ditto|\n|poke|p2|Ferrothorn, F|\n|poke|p2|Eternatus|\n|poke|p2|Necrozma-Dusk-Mane|\n|poke|p2|Yveltal|\n|teampreview\n|inactive|Battle timer is ON: inactive players will automatically lose when time's up. (requested by aglt5tx sasasasa)\n|\n|t:|1666090770\n|start\n|switch|p1a: Groudon|Groudon|100\/100\n|switch|p2a: Kyogre|Kyogre|100\/100\n|-weather|SunnyDay|[from] ability: Drought|[of] p1a: Groudon\n|-weather|RainDance|[from] ability: Drizzle|[of] p2a: Kyogre\n|turn|1\n|\n|t:|1666090774\n|move|p1a: Groudon|Stealth Rock|p2a: Kyogre\n|-sidestart|p2: aglt5tx sasasasa|move: Stealth Rock\n|move|p2a: Kyogre|Scald|p1a: Groudon\n|-supereffective|p1a: Groudon\n|-enditem|p1a: Groudon|Focus Sash\n|-damage|p1a: Groudon|1\/100\n|\n|-weather|RainDance|[upkeep]\n|upkeep\n|turn|2\n|\n|t:|1666090777\n|switch|p2a: Yveltal|Yveltal|100\/100\n|-ability|p2a: Yveltal|Dark Aura\n|move|p1a: Groudon|Precipice Blades|p2a: Yveltal\n|-immune|p2a: Yveltal\n|\n|-weather|RainDance|[upkeep]\n|upkeep\n|turn|3\n|\n|t:|1666090780\n|move|p2a: Yveltal|Knock Off|p1a: Groudon\n|-damage|p1a: Groudon|0 fnt\n|faint|p1a: Groudon\n|\n|-weather|RainDance|[upkeep]\n|upkeep\n|\n|t:|1666090784\n|switch|p1a: Zekrom|Zekrom|100\/100\n|-ability|p1a: Zekrom|Teravolt\n|turn|4\n|\n|t:|1666090788\n|switch|p2a: Ferrothorn|Ferrothorn, F|100\/100\n|-damage|p2a: Ferrothorn|94\/100|[from] Stealth Rock\n|move|p1a: Zekrom|Dragon Dance|p1a: Zekrom\n|-boost|p1a: Zekrom|atk|1\n|-boost|p1a: Zekrom|spe|1\n|\n|-weather|RainDance|[upkeep]\n|-heal|p2a: Ferrothorn|100\/100|[from] item: Leftovers\n|upkeep\n|turn|5\n|\n|t:|1666090792\n|move|p1a: Zekrom|Dragon Dance|p1a: Zekrom\n|-boost|p1a: Zekrom|atk|1\n|-boost|p1a: Zekrom|spe|1\n|move|p2a: Ferrothorn|Leech Seed|p1a: Zekrom\n|-start|p1a: Zekrom|move: Leech Seed\n|\n|-weather|none\n|-damage|p1a: Zekrom|88\/100|[from] Leech Seed|[of] p2a: Ferrothorn\n|upkeep\n|turn|6\n|\n|t:|1666090795\n|move|p1a: Zekrom|Dragon Dance|p1a: Zekrom\n|-boost|p1a: Zekrom|atk|1\n|-boost|p1a: Zekrom|spe|1\n|move|p2a: Ferrothorn|Iron Defense|p2a: Ferrothorn\n|-boost|p2a: Ferrothorn|def|2\n|\n|-heal|p1a: Zekrom|94\/100|[from] item: Leftovers\n|-damage|p1a: Zekrom|82\/100|[from] Leech Seed|[of] p2a: Ferrothorn\n|upkeep\n|turn|7\n|\n|t:|1666090798\n|switch|p1a: Yveltal|Yveltal|100\/100\n|-ability|p1a: Yveltal|Dark Aura\n|move|p2a: Ferrothorn|Body Press|p1a: Yveltal\n|-damage|p1a: Yveltal|47\/100\n|\n|upkeep\n|turn|8\n|\n|t:|1666090802\n|switch|p2a: Eternatus|Eternatus|100\/100\n|-damage|p2a: Eternatus|88\/100|[from] Stealth Rock\n|-ability|p2a: Eternatus|Pressure\n|move|p1a: Yveltal|Oblivion Wing|p2a: Eternatus\n|-damage|p2a: Eternatus|57\/100\n|-heal|p1a: Yveltal|76\/100|[from] drain|[of] p2a: Eternatus\n|-damage|p1a: Yveltal|66\/100|[from] item: Life Orb\n|\n|-heal|p2a: Eternatus|64\/100|[from] item: Leftovers\n|upkeep\n|turn|9\n|\n|t:|1666090813\n|switch|p1a: Calyrex|Calyrex-Ice|100\/100\n|-ability|p1a: Calyrex|As One\n|-ability|p1a: Calyrex|Unnerve\n|move|p2a: Eternatus|Light Screen|p2a: Eternatus\n|-sidestart|p2: aglt5tx sasasasa|move: Light Screen\n|\n|-heal|p2a: Eternatus|70\/100|[from] item: Leftovers\n|upkeep\n|turn|10\n|\n|t:|1666090817\n|switch|p2a: Necrozma|Necrozma-Dusk-Mane|100\/100\n|move|p1a: Calyrex|Swords Dance|p1a: Calyrex\n|-boost|p1a: Calyrex|atk|2\n|\n|upkeep\n|turn|11\n|\n|t:|1666090822\n|move|p2a: Necrozma|Stealth Rock|p1a: Calyrex\n|-sidestart|p1: jushu114514|move: Stealth Rock\n|move|p1a: Calyrex|Trick Room|p1a: Calyrex\n|-fieldstart|move: Trick Room|[of] p1a: Calyrex\n|\n|upkeep\n|turn|12\n|\n|t:|1666090828\n|move|p1a: Calyrex|Swords Dance|p1a: Calyrex\n|-boost|p1a: Calyrex|atk|2\n|move|p2a: Necrozma|Morning Sun|p2a: Necrozma\n|-fail|p2a: Necrozma|heal\n|\n|upkeep\n|turn|13\n|\n|t:|1666090832\n|-start|p1a: Calyrex|Dynamax|\n|-heal|p1a: Calyrex|100\/100|[silent]\n|-start|p2a: Necrozma|Dynamax|\n|-heal|p2a: Necrozma|100\/100|[silent]\n|move|p1a: Calyrex|Max Quake|p2a: Necrozma\n|-supereffective|p2a: Necrozma\n|-damage|p2a: Necrozma|29\/100\n|-boost|p1a: Calyrex|spd|1\n|move|p2a: Necrozma|Max Steelspike|p1a: Calyrex\n|-supereffective|p1a: Calyrex\n|-enditem|p1a: Calyrex|Babiri Berry|[eat]\n|-enditem|p1a: Calyrex|Babiri Berry|[weaken]\n|-damage|p1a: Calyrex|81\/100\n|-boost|p2a: Necrozma|def|1\n|\n|-sideend|p2: aglt5tx sasasasa|move: Light Screen\n|upkeep\n|turn|14\n|\n|t:|1666090836\n|move|p2a: Necrozma|Max Guard|p2a: Necrozma\n|-singleturn|p2a: Necrozma|Max Guard\n|move|p1a: Calyrex|Max Hailstorm|p2a: Necrozma\n|-activate|p2a: Necrozma|move: Max Guard\n|\n|upkeep\n|turn|15\n|\n|t:|1666090845\n|move|p1a: Calyrex|Max Hailstorm|p2a: Necrozma\n|-resisted|p2a: Necrozma\n|-damage|p2a: Necrozma|5\/100\n|-weather|Hail\n|move|p2a: Necrozma|Max Steelspike|p1a: Calyrex\n|-supereffective|p1a: Calyrex\n|-damage|p1a: Calyrex|37\/100\n|-boost|p2a: Necrozma|def|1\n|\n|-weather|Hail|[upkeep]\n|-damage|p2a: Necrozma|2\/100|[from] Hail\n|-fieldend|move: Trick Room\n|upkeep\n|-end|p2a: Necrozma|Dynamax\n|-heal|p2a: Necrozma|2\/100|[silent]\n|-end|p1a: Calyrex|Dynamax\n|-heal|p1a: Calyrex|37\/100|[silent]\n|turn|16\n|\n|t:|1666090854\n|move|p2a: Necrozma|Sunsteel Strike|p1a: Calyrex\n|-supereffective|p1a: Calyrex\n|-damage|p1a: Calyrex|0 fnt\n|faint|p1a: Calyrex\n|\n|-weather|Hail|[upkeep]\n|-damage|p2a: Necrozma|0 fnt|[from] Hail\n|faint|p2a: Necrozma\n|upkeep\n|\n|t:|1666090859\n|switch|p2a: Ditto|Ditto|100\/100\n|switch|p1a: Grimmsnarl|Grimmsnarl, M|100\/100\n|-damage|p2a: Ditto|88\/100|[from] Stealth Rock\n|-transform|p2a: Ditto|p1a: Grimmsnarl|[from] ability: Imposter\n|-damage|p1a: Grimmsnarl|88\/100|[from] Stealth Rock\n|turn|17\n|\n|t:|1666090874\n|switch|p2a: Kyogre|Kyogre|100\/100\n|-damage|p2a: Kyogre|88\/100|[from] Stealth Rock\n|-weather|RainDance|[from] ability: Drizzle|[of] p2a: Kyogre\n|move|p1a: Grimmsnarl|Taunt|p2a: Kyogre\n|-start|p2a: Kyogre|move: Taunt\n|\n|-weather|RainDance|[upkeep]\n|-heal|p2a: Kyogre|94\/100|[from] item: Leftovers\n|upkeep\n|turn|18\n|\n|t:|1666090877\n|move|p1a: Grimmsnarl|Light Screen|p1a: Grimmsnarl\n|-sidestart|p1: jushu114514|move: Light Screen\n|move|p2a: Kyogre|Scald|p1a: Grimmsnarl\n|-damage|p1a: Grimmsnarl|64\/100\n|\n|-weather|RainDance|[upkeep]\n|-heal|p2a: Kyogre|100\/100|[from] item: Leftovers\n|upkeep\n|turn|19\n|\n|t:|1666090880\n|move|p1a: Grimmsnarl|Reflect|p1a: Grimmsnarl\n|-sidestart|p1: jushu114514|Reflect\n|move|p2a: Kyogre|Scald|p1a: Grimmsnarl\n|-damage|p1a: Grimmsnarl|39\/100\n|\n|-weather|RainDance|[upkeep]\n|-end|p2a: Kyogre|move: Taunt\n|upkeep\n|turn|20\n|\n|t:|1666090885\n|switch|p1a: Zekrom|Zekrom|82\/100\n|-damage|p1a: Zekrom|69\/100|[from] Stealth Rock\n|-ability|p1a: Zekrom|Teravolt\n|move|p2a: Kyogre|Scald|p1a: Zekrom\n|-resisted|p1a: Zekrom\n|-damage|p1a: Zekrom|57\/100\n|\n|-weather|RainDance|[upkeep]\n|-heal|p1a: Zekrom|63\/100|[from] item: Leftovers\n|upkeep\n|turn|21\n|\n|t:|1666090888\n|switch|p2a: Ferrothorn|Ferrothorn, F|100\/100\n|-damage|p2a: Ferrothorn|94\/100|[from] Stealth Rock\n|move|p1a: Zekrom|Dragon Dance|p1a: Zekrom\n|-boost|p1a: Zekrom|atk|1\n|-boost|p1a: Zekrom|spe|1\n|\n|-weather|none\n|-heal|p1a: Zekrom|69\/100|[from] item: Leftovers\n|-heal|p2a: Ferrothorn|100\/100|[from] item: Leftovers\n|upkeep\n|turn|22\n|\n|t:|1666090892\n|move|p1a: Zekrom|Dragon Dance|p1a: Zekrom\n|-boost|p1a: Zekrom|atk|1\n|-boost|p1a: Zekrom|spe|1\n|move|p2a: Ferrothorn|Leech Seed|p1a: Zekrom\n|-start|p1a: Zekrom|move: Leech Seed\n|\n|-heal|p1a: Zekrom|75\/100|[from] item: Leftovers\n|-damage|p1a: Zekrom|63\/100|[from] Leech Seed|[of] p2a: Ferrothorn\n|upkeep\n|turn|23\n|\n|t:|1666090896\n|move|p1a: Zekrom|Crunch|p2a: Ferrothorn\n|-damage|p2a: Ferrothorn|66\/100\n|-unboost|p2a: Ferrothorn|def|1\n|-damage|p1a: Zekrom|50\/100|[from] ability: Iron Barbs|[of] p2a: Ferrothorn\n|move|p2a: Ferrothorn|Iron Defense|p2a: Ferrothorn\n|-boost|p2a: Ferrothorn|def|2\n|\n|-heal|p1a: Zekrom|57\/100|[from] item: Leftovers\n|-heal|p2a: Ferrothorn|72\/100|[from] item: Leftovers\n|-damage|p1a: Zekrom|44\/100|[from] Leech Seed|[of] p2a: Ferrothorn\n|-heal|p2a: Ferrothorn|85\/100|[silent]\n|upkeep\n|turn|24\n|\n|t:|1666090899\n|switch|p1a: Yveltal|Yveltal|66\/100\n|-damage|p1a: Yveltal|41\/100|[from] Stealth Rock\n|-ability|p1a: Yveltal|Dark Aura\n|move|p2a: Ferrothorn|Spikes|p1a: Yveltal\n|-sidestart|p1: jushu114514|Spikes\n|\n|-heal|p2a: Ferrothorn|92\/100|[from] item: Leftovers\n|upkeep\n|turn|25\n|\n|t:|1666090904\n|switch|p2a: Yveltal|Yveltal|100\/100\n|-ability|p2a: Yveltal|Dark Aura\n|move|p1a: Yveltal|Oblivion Wing|p2a: Yveltal\n|-damage|p2a: Yveltal|59\/100\n|-heal|p1a: Yveltal|74\/100|[from] drain|[of] p2a: Yveltal\n|-damage|p1a: Yveltal|64\/100|[from] item: Life Orb\n|\n|-sideend|p1: jushu114514|move: Light Screen\n|upkeep\n|turn|26\n|\n|t:|1666090907\n|move|p1a: Yveltal|Oblivion Wing|p2a: Yveltal\n|-damage|p2a: Yveltal|21\/100\n|-heal|p1a: Yveltal|95\/100|[from] drain|[of] p2a: Yveltal\n|-damage|p1a: Yveltal|85\/100|[from] item: Life Orb\n|move|p2a: Yveltal|Knock Off|p1a: Yveltal\n|-resisted|p1a: Yveltal\n|-damage|p1a: Yveltal|71\/100\n|-enditem|p1a: Yveltal|Life Orb|[from] move: Knock Off|[of] p2a: Yveltal\n|\n|-sideend|p1: jushu114514|Reflect\n|upkeep\n|turn|27\n|\n|t:|1666090911\n|move|p2a: Yveltal|Roost|p2a: Yveltal\n|-heal|p2a: Yveltal|71\/100\n|-singleturn|p2a: Yveltal|move: Roost\n|move|p1a: Yveltal|Oblivion Wing|p2a: Yveltal\n|-damage|p2a: Yveltal|38\/100\n|-heal|p1a: Yveltal|97\/100|[from] drain|[of] p2a: Yveltal\n|\n|upkeep\n|turn|28\n|\n|t:|1666090913\n|move|p2a: Yveltal|Roost|p2a: Yveltal\n|-heal|p2a: Yveltal|88\/100\n|-singleturn|p2a: Yveltal|move: Roost\n|move|p1a: Yveltal|Taunt|p2a: Yveltal\n|-start|p2a: Yveltal|move: Taunt\n|\n|upkeep\n|turn|29\n|\n|t:|1666090916\n|move|p1a: Yveltal|Oblivion Wing|p2a: Yveltal\n|-damage|p2a: Yveltal|61\/100\n|-heal|p1a: Yveltal|100\/100|[from] drain|[of] p2a: Yveltal\n|move|p2a: Yveltal|Knock Off|p1a: Yveltal\n|-resisted|p1a: Yveltal\n|-crit|p1a: Yveltal\n|-damage|p1a: Yveltal|74\/100\n|\n|upkeep\n|turn|30\n|\n|t:|1666090919\n|move|p2a: Yveltal|Knock Off|p1a: Yveltal\n|-resisted|p1a: Yveltal\n|-damage|p1a: Yveltal|58\/100\n|move|p1a: Yveltal|Oblivion Wing|p2a: Yveltal\n|-crit|p2a: Yveltal\n|-damage|p2a: Yveltal|17\/100\n|-heal|p1a: Yveltal|93\/100|[from] drain|[of] p2a: Yveltal\n|\n|upkeep\n|turn|31\n|\n|t:|1666090921\n|move|p2a: Yveltal|Knock Off|p1a: Yveltal\n|-resisted|p1a: Yveltal\n|-damage|p1a: Yveltal|77\/100\n|move|p1a: Yveltal|Oblivion Wing|p2a: Yveltal\n|-damage|p2a: Yveltal|0 fnt\n|-heal|p1a: Yveltal|89\/100|[from] drain|[of] p2a: Yveltal\n|faint|p2a: Yveltal\n|\n|upkeep\n|\n|t:|1666090924\n|switch|p2a: Eternatus|Eternatus|70\/100\n|-damage|p2a: Eternatus|57\/100|[from] Stealth Rock\n|-ability|p2a: Eternatus|Pressure\n|turn|32\n|\n|t:|1666090930\n|move|p2a: Eternatus|Light Screen|p2a: Eternatus\n|-sidestart|p2: aglt5tx sasasasa|move: Light Screen\n|move|p1a: Yveltal|Taunt|p2a: Eternatus\n|-start|p2a: Eternatus|move: Taunt\n|\n|-heal|p2a: Eternatus|64\/100|[from] item: Leftovers\n|upkeep\n|turn|33\n|\n|t:|1666090934\n|move|p2a: Eternatus|Mystical Fire|p1a: Yveltal\n|-damage|p1a: Yveltal|70\/100\n|-unboost|p1a: Yveltal|spa|1\n|move|p1a: Yveltal|Dark Pulse|p2a: Eternatus\n|-damage|p2a: Eternatus|53\/100\n|\n|-heal|p2a: Eternatus|59\/100|[from] item: Leftovers\n|upkeep\n|turn|34\n|\n|t:|1666090936\n|switch|p1a: Zacian|Zacian-Crowned|100\/100\n|-damage|p1a: Zacian|94\/100|[from] Stealth Rock\n|-damage|p1a: Zacian|82\/100|[from] Spikes\n|-ability|p1a: Zacian|Intrepid Sword|boost\n|-boost|p1a: Zacian|atk|1\n|move|p2a: Eternatus|Mystical Fire|p1a: Zacian\n|-supereffective|p1a: Zacian\n|-damage|p1a: Zacian|46\/100\n|-unboost|p1a: Zacian|spa|1\n|\n|-heal|p2a: Eternatus|66\/100|[from] item: Leftovers\n|upkeep\n|turn|35\n|\n|t:|1666090947\n|switch|p2a: Kyogre|Kyogre|100\/100\n|-damage|p2a: Kyogre|88\/100|[from] Stealth Rock\n|-weather|RainDance|[from] ability: Drizzle|[of] p2a: Kyogre\n|move|p1a: Zacian|Swords Dance|p1a: Zacian\n|-boost|p1a: Zacian|atk|2\n|\n|-weather|RainDance|[upkeep]\n|-heal|p2a: Kyogre|94\/100|[from] item: Leftovers\n|upkeep\n|turn|36\n|\n|t:|1666090953\n|move|p1a: Zacian|Wild Charge|p2a: Kyogre\n|-supereffective|p2a: Kyogre\n|-damage|p2a: Kyogre|0 fnt\n|faint|p2a: Kyogre\n|-damage|p1a: Zacian|22\/100|[from] Recoil\n|\n|-weather|RainDance|[upkeep]\n|-sideend|p2: aglt5tx sasasasa|move: Light Screen\n|upkeep\n|\n|t:|1666090956\n|switch|p2a: Ditto|Ditto|88\/100\n|-damage|p2a: Ditto|76\/100|[from] Stealth Rock\n|-transform|p2a: Ditto|p1a: Zacian|[from] ability: Imposter\n|-ability|p2a: Ditto|Intrepid Sword|boost\n|-boost|p2a: Ditto|atk|1\n|turn|37\n|\n|t:|1666090963\n|switch|p1a: Grimmsnarl|Grimmsnarl, M|39\/100\n|-damage|p1a: Grimmsnarl|27\/100|[from] Stealth Rock\n|-damage|p1a: Grimmsnarl|14\/100|[from] Spikes\n|move|p2a: Ditto|Behemoth Blade|p1a: Grimmsnarl\n|-supereffective|p1a: Grimmsnarl\n|-damage|p1a: Grimmsnarl|0 fnt\n|faint|p1a: Grimmsnarl\n|\n|-weather|RainDance|[upkeep]\n|upkeep\n|\n|t:|1666090966\n|switch|p1a: Zekrom|Zekrom|44\/100\n|-damage|p1a: Zekrom|32\/100|[from] Stealth Rock\n|-damage|p1a: Zekrom|19\/100|[from] Spikes\n|-ability|p1a: Zekrom|Teravolt\n|turn|38\n|-message|jushu114514 forfeited.\n|\n|win|aglt5tx sasasasa\n|raw|jushu114514's rating: 1879 &rarr; <strong>1866<\/strong><br \/>(-13 for losing)\n|raw|aglt5tx sasasasa's rating: 2012 &rarr; <strong>2025<\/strong><br \/>(+13 for winning)\n|l|\u2606jushu114514\n","uploadtime":1666090972,"views":17,"p1id":"jushu114514","p2id":"aglt5txsasasasa","formatid":"gen8anythinggoes","rating":1866,"private":0,"password":null}