{"id":"gen8balancedhackmons-1092392880","p1":"WuYY","p2":"Blue chen","format":"gen8balancedhackmons","log":"|raw|<div class=\"broadcast-red\"><strong>This battle is invite-only!<\/strong><br \/>Users must be invited with <code>\/invite<\/code> (or be staff) to join<\/div>\n|j|\u2606WuYY\n|j|\u2606Blue chen\n|player|p1|WuYY|lucas|1497\n|player|p2|Blue chen|clair|1311\n|teamsize|p1|6\n|teamsize|p2|6\n|gametype|singles\n|gen|8\n|tier|[Gen 8] Balanced Hackmons\n|rated|\n|rule|OHKO Clause: OHKO moves are banned\n|rule|Evasion Moves Clause: Evasion moves are banned\n|rule|Forme Clause: Limit one of each forme of a Pok\u00e9mon\n|clearpoke\n|poke|p1|Snorlax, M|\n|poke|p1|Zamazenta|\n|poke|p1|Corviknight, M|\n|poke|p1|Incineroar, F|\n|poke|p1|Bewear, M|\n|poke|p1|Gourgeist-*, F|\n|poke|p2|Solgaleo|\n|poke|p2|Necrozma-Dusk-Mane|\n|poke|p2|Zamazenta-Crowned|\n|poke|p2|Zekrom|\n|poke|p2|Dragapult, M|\n|poke|p2|Eternatus|\n|rule|HP Percentage Mod: HP is shown in percentages\n|rule|Sleep Clause Mod: Limit one foe put to sleep\n|rule|Endless Battle Clause: Forcing endless battles is banned\n|teampreview\n|\n|start\n|switch|p1a: .|Zamazenta, shiny|100\/100\n|switch|p2a: Solgaleo|Solgaleo|100\/100\n|turn|1\n|\n|move|p2a: Solgaleo|Substitute|p2a: Solgaleo\n|-start|p2a: Solgaleo|Substitute\n|-damage|p2a: Solgaleo|76\/100\n|move|p1a: .|U-turn|p2a: Solgaleo\n|-activate|p2a: Solgaleo|move: Substitute|[damage]\n|\n|switch|p1a: .|Bewear, M, shiny|100\/100|[from]move: U-turn\n|\n|-heal|p2a: Solgaleo|82\/100|[from] item: Leftovers\n|-status|p1a: .|tox|[from] item: Toxic Orb\n|upkeep\n|turn|2\n|\n|move|p2a: Solgaleo|Spikes|p1a: .\n|-sidestart|p1: WuYY|Spikes\n|move|p1a: .|Low Kick|p2a: Solgaleo\n|-crit|p2a: Solgaleo\n|-end|p2a: Solgaleo|Substitute\n|\n|-heal|p2a: Solgaleo|88\/100|[from] item: Leftovers\n|upkeep\n|turn|3\n|\n|move|p2a: Solgaleo|Substitute|p2a: Solgaleo\n|-start|p2a: Solgaleo|Substitute\n|-damage|p2a: Solgaleo|63\/100\n|move|p1a: .|Shift Gear|p1a: .\n|-boost|p1a: .|spe|2\n|-boost|p1a: .|atk|1\n|\n|-heal|p2a: Solgaleo|69\/100|[from] item: Leftovers\n|upkeep\n|turn|4\n|\n|move|p1a: .|Low Kick|p2a: Solgaleo\n|-end|p2a: Solgaleo|Substitute\n|move|p2a: Solgaleo|Dragon Tail|p1a: .\n|-damage|p1a: .|85\/100 tox\n|drag|p1a: .|Snorlax, M, shiny|100\/100\n|-damage|p1a: .|88\/100|[from] Spikes\n|\n|-heal|p2a: Solgaleo|75\/100|[from] item: Leftovers\n|upkeep\n|turn|5\n|\n|move|p2a: Solgaleo|Substitute|p2a: Solgaleo\n|-start|p2a: Solgaleo|Substitute\n|-damage|p2a: Solgaleo|50\/100\n|move|p1a: .|Spectral Thief|p2a: Solgaleo\n|-supereffective|p2a: Solgaleo\n|-damage|p2a: Solgaleo|24\/100\n|\n|-heal|p2a: Solgaleo|30\/100|[from] item: Leftovers\n|upkeep\n|turn|6\n|\n|move|p2a: Solgaleo|Glare|p1a: .\n|-status|p1a: .|par\n|-enditem|p1a: .|Lum Berry|[eat]\n|-curestatus|p1a: .|par|[msg]\n|move|p1a: .|Spectral Thief|p2a: Solgaleo\n|-supereffective|p2a: Solgaleo\n|-damage|p2a: Solgaleo|0 fnt\n|faint|p2a: Solgaleo\n|\n|upkeep\n|\n|switch|p2a: Zekrom|Zekrom|100\/100\n|turn|7\n|\n|switch|p1a: .|Gourgeist-Super, F, shiny|100\/100\n|-damage|p1a: .|88\/100|[from] Spikes\n|move|p2a: Zekrom|Bolt Beak|p1a: .\n|-resisted|p1a: .\n|-damage|p1a: .|75\/100\n|\n|-heal|p1a: .|81\/100|[from] item: Leftovers\n|upkeep\n|turn|8\n|\n|switch|p2a: Eternatus|Eternatus|100\/100\n|move|p1a: .|Spikes|p2a: Eternatus\n|-sidestart|p2: Blue chen|Spikes\n|\n|-heal|p1a: .|87\/100|[from] item: Leftovers\n|upkeep\n|turn|9\n|\n|switch|p1a: .|Snorlax, M, shiny|88\/100\n|-damage|p1a: .|76\/100|[from] Spikes\n|move|p2a: Eternatus|Blue Flare|p1a: .\n|-crit|p1a: .\n|-damage|p1a: .|60\/100\n|\n|upkeep\n|turn|10\n|\n|move|p2a: Eternatus|Dynamax Cannon|p1a: .\n|-damage|p1a: .|43\/100\n|move|p1a: .|Wish|p1a: .\n|\n|upkeep\n|turn|11\n|\n|move|p1a: .|Baneful Bunker|p1a: .\n|-singleturn|p1a: .|move: Protect\n|move|p2a: Eternatus|Dynamax Cannon|p1a: .\n|-activate|p1a: .|move: Protect\n|\n|-heal|p1a: .|93\/100|[from] move: Wish|[wisher] .\n|upkeep\n|turn|12\n|\n|move|p2a: Eternatus|Dynamax Cannon|p1a: .\n|-damage|p1a: .|78\/100\n|move|p1a: .|Baton Pass|p1a: .\n|\n|switch|p1a: .|Zamazenta, shiny|100\/100|[from]move: Baton Pass\n|-damage|p1a: .|88\/100|[from] Spikes\n|\n|-status|p1a: .|tox|[from] item: Toxic Orb\n|upkeep\n|turn|13\n|\n|move|p1a: .|Knock Off|p2a: Eternatus\n|-damage|p2a: Eternatus|80\/100\n|-enditem|p2a: Eternatus|Metronome|[from] move: Knock Off|[of] p1a: .\n|move|p2a: Eternatus|Dynamax Cannon|p1a: .\n|-damage|p1a: .|37\/100 tox\n|\n|-heal|p1a: .|49\/100 tox|[from] ability: Poison Heal\n|upkeep\n|turn|14\n|\n|move|p1a: .|U-turn|p2a: Eternatus\n|-resisted|p2a: Eternatus\n|-damage|p2a: Eternatus|73\/100\n|\n|switch|p1a: .|Snorlax, M, shiny|78\/100|[from]move: U-turn\n|-damage|p1a: .|65\/100|[from] Spikes\n|move|p2a: Eternatus|Dynamax Cannon|p1a: .\n|-damage|p1a: .|48\/100\n|\n|upkeep\n|turn|15\n|\n|move|p2a: Eternatus|Sludge Bomb|p1a: .\n|-damage|p1a: .|32\/100\n|move|p1a: .|Wish|p1a: .\n|\n|upkeep\n|turn|16\n|\n|move|p1a: .|Baneful Bunker|p1a: .\n|-singleturn|p1a: .|move: Protect\n|move|p2a: Eternatus|Substitute|p2a: Eternatus\n|-start|p2a: Eternatus|Substitute\n|-damage|p2a: Eternatus|48\/100\n|\n|-heal|p1a: .|82\/100|[from] move: Wish|[wisher] .\n|upkeep\n|turn|17\n|\n|move|p2a: Eternatus|Sludge Bomb|p1a: .\n|-damage|p1a: .|68\/100\n|-status|p1a: .|psn\n|move|p1a: .|Spectral Thief|p2a: Eternatus\n|-damage|p2a: Eternatus|30\/100\n|\n|-damage|p1a: .|55\/100 psn|[from] psn\n|upkeep\n|turn|18\n|\n|move|p2a: Eternatus|Sludge Bomb|p1a: .\n|-damage|p1a: .|40\/100 psn\n|move|p1a: .|Wish|p1a: .\n|\n|-damage|p1a: .|27\/100 psn|[from] psn\n|upkeep\n|turn|19\n|\n|move|p2a: Eternatus|Sludge Bomb|p1a: .\n|-damage|p1a: .|11\/100 psn\n|move|p1a: .|Spectral Thief|p2a: Eternatus\n|-damage|p2a: Eternatus|14\/100\n|\n|-heal|p1a: .|61\/100 psn|[from] move: Wish|[wisher] .\n|-damage|p1a: .|49\/100 psn|[from] psn\n|upkeep\n|turn|20\n|\n|move|p2a: Eternatus|Sludge Bomb|p1a: .\n|-damage|p1a: .|32\/100 psn\n|move|p1a: .|Wish|p1a: .\n|\n|-damage|p1a: .|20\/100 psn|[from] psn\n|upkeep\n|turn|21\n|\n|move|p1a: .|Baneful Bunker|p1a: .\n|-singleturn|p1a: .|move: Protect\n|move|p2a: Eternatus|Sludge Bomb|p1a: .\n|-activate|p1a: .|move: Protect\n|\n|-heal|p1a: .|70\/100 psn|[from] move: Wish|[wisher] .\n|-damage|p1a: .|57\/100 psn|[from] psn\n|upkeep\n|turn|22\n|\n|move|p2a: Eternatus|Sludge Bomb|p1a: .\n|-damage|p1a: .|43\/100 psn\n|move|p1a: .|Wish|p1a: .\n|\n|-damage|p1a: .|31\/100 psn|[from] psn\n|upkeep\n|turn|23\n|\n|move|p1a: .|Baneful Bunker|p1a: .\n|-singleturn|p1a: .|move: Protect\n|move|p2a: Eternatus|Sludge Bomb|p1a: .\n|-activate|p1a: .|move: Protect\n|\n|-heal|p1a: .|81\/100 psn|[from] move: Wish|[wisher] .\n|-damage|p1a: .|68\/100 psn|[from] psn\n|upkeep\n|turn|24\n|\n|move|p2a: Eternatus|Sludge Bomb|p1a: .\n|-damage|p1a: .|54\/100 psn\n|move|p1a: .|Wish|p1a: .\n|\n|-damage|p1a: .|42\/100 psn|[from] psn\n|upkeep\n|turn|25\n|\n|move|p2a: Eternatus|Sludge Bomb|p1a: .\n|-damage|p1a: .|26\/100 psn\n|move|p1a: .|Spectral Thief|p2a: Eternatus\n|-damage|p2a: Eternatus|0 fnt\n|faint|p2a: Eternatus\n|\n|-heal|p1a: .|76\/100 psn|[from] move: Wish|[wisher] .\n|-damage|p1a: .|63\/100 psn|[from] psn\n|upkeep\n|\n|switch|p2a: Dragapult|Dragapult, M|100\/100\n|-damage|p2a: Dragapult|88\/100|[from] Spikes\n|turn|26\n|\n|switch|p1a: .|Zamazenta, shiny|49\/100 tox\n|-damage|p1a: .|37\/100 tox|[from] Spikes\n|move|p2a: Dragapult|Skill Swap|p1a: .\n|-activate|p2a: Dragapult|move: Skill Swap|Poison Heal|Normalize|[of] p1a: .\n|\n|-damage|p1a: .|31\/100 tox|[from] psn\n|upkeep\n|turn|27\n|\n|switch|p1a: .|Bewear, M, shiny|85\/100 tox\n|-damage|p1a: .|72\/100 tox|[from] Spikes\n|move|p2a: Dragapult|Shell Smash|p2a: Dragapult\n|-unboost|p2a: Dragapult|def|1\n|-unboost|p2a: Dragapult|spd|1\n|-boost|p2a: Dragapult|atk|2\n|-boost|p2a: Dragapult|spa|2\n|-boost|p2a: Dragapult|spe|2\n|\n|-heal|p1a: .|85\/100 tox|[from] ability: Poison Heal\n|upkeep\n|turn|28\n|\n|-start|p2a: Dragapult|Dynamax\n|-heal|p2a: Dragapult|88\/100|[silent]\n|move|p2a: Dragapult|Max Strike|p1a: .\n|-damage|p1a: .|30\/100 tox\n|-unboost|p1a: .|spe|1\n|move|p1a: .|Knock Off|p2a: Dragapult\n|-supereffective|p2a: Dragapult\n|-damage|p2a: Dragapult|39\/100\n|-enditem|p2a: Dragapult|Ghost Memory|[from] move: Knock Off|[of] p1a: .\n|\n|-heal|p1a: .|42\/100 tox|[from] ability: Poison Heal\n|upkeep\n|turn|29\n|\n|switch|p1a: .|Gourgeist-Super, F, shiny|87\/100\n|-damage|p1a: .|75\/100|[from] Spikes\n|move|p2a: Dragapult|Max Strike|p1a: .\n|-immune|p1a: .\n|\n|-heal|p1a: .|81\/100|[from] item: Leftovers\n|upkeep\n|turn|30\n|\n|move|p2a: Dragapult|Max Guard|p2a: Dragapult\n|-singleturn|p2a: Dragapult|Max Guard\n|move|p1a: .|Spikes|p2a: Dragapult\n|-sidestart|p2: Blue chen|Spikes\n|\n|-heal|p1a: .|87\/100|[from] item: Leftovers\n|-end|p2a: Dragapult|Dynamax\n|-heal|p2a: Dragapult|39\/100|[silent]\n|upkeep\n|turn|31\n|\n|switch|p2a: Zekrom|Zekrom|100\/100\n|-damage|p2a: Zekrom|84\/100|[from] Spikes\n|move|p1a: .|Spikes|p2a: Zekrom\n|-sidestart|p2: Blue chen|Spikes\n|\n|-heal|p1a: .|94\/100|[from] item: Leftovers\n|upkeep\n|turn|32\n|\n|move|p2a: Zekrom|Dragon Dance|p2a: Zekrom\n|-boost|p2a: Zekrom|atk|1\n|-boost|p2a: Zekrom|spe|1\n|move|p1a: .|Spectral Thief||[still]\n|-clearpositiveboost|p2a: Zekrom|p1a: .|move: Spectral Thief\n|-boost|p1a: .|atk|1\n|-boost|p1a: .|spe|1\n|-anim|p1a: .|Spectral Thief|p2a: Zekrom\n|-damage|p2a: Zekrom|51\/100\n|\n|-heal|p1a: .|99\/100|[from] item: Leftovers\n|upkeep\n|turn|33\n|\n|move|p1a: .|Spectral Thief|p2a: Zekrom\n|-damage|p2a: Zekrom|14\/100\n|move|p2a: Zekrom|Dragon Darts|p1a: .\n|-crit|p1a: .\n|-damage|p1a: .|88\/100\n|-anim|p2a: Zekrom|Dragon Darts|p1a: .\n|-crit|p1a: .\n|-damage|p1a: .|73\/100\n|\n|-heal|p1a: .|79\/100|[from] item: Leftovers\n|upkeep\n|turn|34\n|\n|move|p1a: .|Spectral Thief|p2a: Zekrom\n|-damage|p2a: Zekrom|0 fnt\n|faint|p2a: Zekrom\n|\n|-heal|p1a: .|85\/100|[from] item: Leftovers\n|upkeep\n|\n|switch|p2a: Necrozma|Necrozma-Dusk-Mane|100\/100\n|-damage|p2a: Necrozma|76\/100|[from] Spikes\n|turn|35\n|\n|switch|p1a: .|Bewear, M, shiny|42\/100 tox\n|-damage|p1a: .|30\/100 tox|[from] Spikes\n|move|p2a: Necrozma|Spectral Thief|p1a: .\n|-immune|p1a: .\n|\n|-heal|p2a: Necrozma|82\/100|[from] item: Leftovers\n|-heal|p1a: .|42\/100 tox|[from] ability: Poison Heal\n|upkeep\n|turn|36\n|\n|switch|p2a: Dragapult|Dragapult, M|39\/100\n|-damage|p2a: Dragapult|14\/100|[from] Spikes\n|switch|p1a: .|Corviknight, M, shiny|100\/100\n|-weather|PrimordialSea|[from] ability: Primordial Sea|[of] p1a: .\n|\n|-weather|PrimordialSea|[upkeep]\n|upkeep\n|turn|37\n|\n|-weather|none\n|switch|p1a: .|Zamazenta, shiny|31\/100 tox\n|-damage|p1a: .|18\/100 tox|[from] Spikes\n|move|p2a: Dragapult|Skill Swap|p1a: .\n|-activate|p2a: Dragapult|move: Skill Swap|Poison Heal|Normalize|[of] p1a: .\n|\n|-damage|p1a: .|12\/100 tox|[from] psn\n|upkeep\n|turn|38\n|\n|switch|p1a: .|Gourgeist-Super, F, shiny|85\/100\n|-damage|p1a: .|73\/100|[from] Spikes\n|move|p2a: Dragapult|Extreme Speed|p1a: .\n|-immune|p1a: .\n|\n|-heal|p1a: .|79\/100|[from] item: Leftovers\n|upkeep\n|turn|39\n|\n|move|p2a: Dragapult|Skill Swap|p1a: .\n|-activate|p2a: Dragapult|move: Skill Swap|Fur Coat|Poison Heal|[of] p1a: .\n|move|p1a: .|Soft-Boiled|p1a: .\n|-heal|p1a: .|100\/100\n|\n|upkeep\n|turn|40\n|\n|switch|p1a: .|Corviknight, M, shiny|100\/100\n|-weather|PrimordialSea|[from] ability: Primordial Sea|[of] p1a: .\n|move|p2a: Dragapult|Multi-Attack|p1a: .\n|-resisted|p1a: .\n|-damage|p1a: .|88\/100\n|\n|-weather|PrimordialSea|[upkeep]\n|-heal|p1a: .|94\/100|[from] item: Leftovers\n|upkeep\n|turn|41\n|\n|switch|p2a: Zamazenta|Zamazenta-Crowned|100\/100\n|-damage|p2a: Zamazenta|75\/100|[from] Spikes\n|move|p1a: .|Spectral Thief|p2a: Zamazenta\n|-damage|p2a: Zamazenta|63\/100\n|\n|-weather|PrimordialSea|[upkeep]\n|-heal|p2a: Zamazenta|69\/100|[from] item: Leftovers\n|-heal|p1a: .|99\/100|[from] item: Leftovers\n|upkeep\n|turn|42\n|\n|move|p2a: Zamazenta|Glare|p1a: .\n|-status|p1a: .|par\n|cant|p1a: .|par\n|\n|-weather|PrimordialSea|[upkeep]\n|-heal|p2a: Zamazenta|75\/100|[from] item: Leftovers\n|-heal|p1a: .|100\/100 par|[from] item: Leftovers\n|upkeep\n|turn|43\n|\n|move|p2a: Zamazenta|Substitute|p2a: Zamazenta\n|-start|p2a: Zamazenta|Substitute\n|-damage|p2a: Zamazenta|50\/100\n|move|p1a: .|Rapid Spin|p2a: Zamazenta\n|-resisted|p2a: Zamazenta\n|-activate|p2a: Zamazenta|move: Substitute|[damage]\n|-sideend|p1: WuYY|Spikes|[from] move: Rapid Spin|[of] p1a: .\n|-boost|p1a: .|spe|1\n|\n|-weather|PrimordialSea|[upkeep]\n|-heal|p2a: Zamazenta|56\/100|[from] item: Leftovers\n|upkeep\n|turn|44\n|\n|-weather|none\n|switch|p1a: .|Gourgeist-Super, F, shiny|100\/100\n|move|p2a: Zamazenta|No Retreat|p2a: Zamazenta\n|-boost|p2a: Zamazenta|atk|2\n|-boost|p2a: Zamazenta|def|2\n|-boost|p2a: Zamazenta|spa|2\n|-boost|p2a: Zamazenta|spd|2\n|-boost|p2a: Zamazenta|spe|2\n|-start|p2a: Zamazenta|move: No Retreat\n|\n|-heal|p2a: Zamazenta|63\/100|[from] item: Leftovers\n|upkeep\n|turn|45\n|\n|move|p2a: Zamazenta|Glare|p1a: .\n|-status|p1a: .|par\n|cant|p1a: .|par\n|\n|-heal|p2a: Zamazenta|69\/100|[from] item: Leftovers\n|upkeep\n|turn|46\n|\n|move|p2a: Zamazenta|Baton Pass|p2a: Zamazenta\n|\n|switch|p2a: Necrozma|Necrozma-Dusk-Mane|82\/100|[from]move: Baton Pass\n|-damage|p2a: Necrozma|57\/100|[from] Spikes\n|move|p1a: .|Spectral Thief||[still]\n|-clearpositiveboost|p2a: Necrozma|p1a: .|move: Spectral Thief\n|-boost|p1a: .|atk|2\n|-boost|p1a: .|def|2\n|-boost|p1a: .|spa|2\n|-boost|p1a: .|spd|2\n|-boost|p1a: .|spe|2\n|-anim|p1a: .|Spectral Thief|p2a: Necrozma\n|-supereffective|p2a: Necrozma\n|-damage|p2a: Necrozma|0 fnt\n|faint|p2a: Necrozma\n|\n|upkeep\n|-message|Blue chen forfeited.\n|\n|win|WuYY\n|l|\u2606Blue chen\n|raw|WuYY's rating: 1497 &rarr; <strong>1507<\/strong><br \/>(+10 for winning)\n|raw|Blue chen's rating: 1311 &rarr; <strong>1301<\/strong><br \/>(-10 for losing)\n|c|\u2606WuYY|\/log WuYY made this room public.\n","uploadtime":1586241055,"views":6,"p1id":"wuyy","p2id":"bluechen","formatid":"gen8balancedhackmons","rating":1301,"private":0,"password":null}