{"id":"gen8lc-1671428601","p1":"BLACK NOlR","p2":"xasahbae","format":"gen8lc","log":"|j|\u2606BLACK NOlR\n|j|\u2606xasahbae\n|inactive|Battle timer is ON: inactive players will automatically lose when time's up.\n|t:|1664267370\n|gametype|singles\n|player|p1|BLACK NOlR|blue-masters|\n|player|p2|xasahbae|clerkf|\n|teamsize|p1|6\n|teamsize|p2|6\n|gen|8\n|tier|[Gen 8] LC\n|rated|Tournament battle\n|rule|Sleep Clause Mod: Limit one foe put to sleep\n|rule|Species Clause: Limit one of each Pok\u00e9mon\n|rule|OHKO Clause: OHKO moves are banned\n|rule|Evasion Items Clause: Evasion items are banned\n|rule|Evasion Moves Clause: Evasion moves are banned\n|rule|Endless Battle Clause: Forcing endless battles is banned\n|rule|HP Percentage Mod: HP is shown in percentages\n|rule|Dynamax Clause: You cannot dynamax\n|clearpoke\n|poke|p1|Diglett, L5, M|\n|poke|p1|Porygon, L5|\n|poke|p1|Farfetch\u2019d-Galar, L5, F|\n|poke|p1|Timburr, L5, M|\n|poke|p1|Larvesta, L5, M|\n|poke|p1|Magnemite, L5|\n|poke|p2|Ponyta, L5, F|\n|poke|p2|Onix, L5, M|\n|poke|p2|Grookey, L5, M|\n|poke|p2|Pawniard, L5, M|\n|poke|p2|Tyrunt, L5, M|\n|poke|p2|Koffing, L5, F|\n|teampreview\n|j|*Lady Monita\n|\n|t:|1664267393\n|start\n|switch|p1a: Timburr|Timburr, L5, M|100\/100\n|switch|p2a: Kumicho Dragon|Koffing, L5, F, shiny|100\/100\n|-ability|p2a: Kumicho Dragon|Neutralizing Gas\n|turn|1\n|\n|t:|1664267419\n|switch|p1a: Porygon|Porygon, L5|100\/100\n|move|p2a: Kumicho Dragon|Sludge Bomb|p1a: Porygon\n|-damage|p1a: Porygon|74\/100\n|-status|p1a: Porygon|psn\n|\n|-damage|p1a: Porygon|62\/100 psn|[from] psn\n|upkeep\n|turn|2\n|\n|t:|1664267428\n|-end|p2a: Kumicho Dragon|ability: Neutralizing Gas\n|switch|p2a: King on the Field|Pawniard, L5, M|100\/100\n|-ability|p1a: Porygon|Defiant|[from] ability: Trace|[of] p2a: King on the Field\n|move|p1a: Porygon|Thunder Wave|p2a: King on the Field\n|-status|p2a: King on the Field|par\n|\n|-damage|p1a: Porygon|50\/100 psn|[from] psn\n|upkeep\n|turn|3\n|\n|t:|1664267439\n|move|p1a: Porygon|Recover|p1a: Porygon\n|-heal|p1a: Porygon|100\/100 psn\n|move|p2a: King on the Field|Knock Off|p1a: Porygon\n|-crit|p1a: Porygon\n|-damage|p1a: Porygon|50\/100 psn\n|-enditem|p1a: Porygon|Eviolite|[from] move: Knock Off|[of] p2a: King on the Field\n|\n|-damage|p1a: Porygon|39\/100 psn|[from] psn\n|upkeep\n|turn|4\n|\n|t:|1664267444\n|move|p1a: Porygon|Recover|p1a: Porygon\n|-heal|p1a: Porygon|89\/100 psn\n|cant|p2a: King on the Field|par\n|\n|-damage|p1a: Porygon|77\/100 psn|[from] psn\n|upkeep\n|turn|5\n|\n|t:|1664267448\n|switch|p1a: Timburr|Timburr, L5, M|100\/100\n|move|p2a: King on the Field|Stealth Rock|p1a: Timburr\n|-sidestart|p1: BLACK NOlR|move: Stealth Rock\n|\n|upkeep\n|turn|6\n|\n|t:|1664267454\n|switch|p2a: Kumicho Dragon|Koffing, L5, F, shiny|100\/100\n|-ability|p2a: Kumicho Dragon|Neutralizing Gas\n|move|p1a: Timburr|Defog|p2a: Kumicho Dragon\n|-unboost|p2a: Kumicho Dragon|evasion|1\n|-sideend|p1: BLACK NOlR|Stealth Rock|[from] move: Defog|[of] p1a: Timburr\n|\n|upkeep\n|turn|7\n|\n|t:|1664267464\n|switch|p1a: Magnemite|Magnemite, L5|100\/100\n|move|p2a: Kumicho Dragon|Sludge Bomb|p1a: Magnemite\n|-immune|p1a: Magnemite\n|\n|upkeep\n|turn|8\n|\n|t:|1664267467\n|move|p1a: Magnemite|Volt Switch|p2a: Kumicho Dragon\n|-damage|p2a: Kumicho Dragon|53\/100\n|\n|t:|1664267472\n|switch|p1a: Porygon|Porygon, L5|77\/100 psn|[from]move: Volt Switch\n|move|p2a: Kumicho Dragon|Fire Blast|p1a: Porygon|[miss]\n|-miss|p2a: Kumicho Dragon|p1a: Porygon\n|\n|-damage|p1a: Porygon|66\/100 psn|[from] psn\n|upkeep\n|turn|9\n|\n|t:|1664267476\n|move|p2a: Kumicho Dragon|Pain Split|p1a: Porygon\n|-sethp|p1a: Porygon|54\/100 psn|[from] move: Pain Split|[silent]\n|-sethp|p2a: Kumicho Dragon|67\/100|[from] move: Pain Split\n|move|p1a: Porygon|Teleport|p1a: Porygon\n|\n|t:|1664267485\n|switch|p1a: Diglett|Diglett, L5, M|100\/100|[from]move: Teleport\n|\n|upkeep\n|turn|10\n|\n|t:|1664267490\n|-end|p2a: Kumicho Dragon|ability: Neutralizing Gas\n|switch|p2a: Jungle|Grookey, L5, M|100\/100\n|-fieldstart|move: Grassy Terrain|[from] ability: Grassy Surge|[of] p2a: Jungle\n|move|p1a: Diglett|Stealth Rock|p2a: Jungle\n|-sidestart|p2: xasahbae|move: Stealth Rock\n|\n|upkeep\n|turn|11\n|\n|t:|1664267496\n|switch|p1a: Larvesta|Larvesta, L5, M|100\/100\n|move|p2a: Jungle|U-turn|p1a: Larvesta\n|-resisted|p1a: Larvesta\n|-damage|p1a: Larvesta|92\/100\n|\n|t:|1664267502\n|switch|p2a: Graphite|Onix, L5, M|100\/100|[from]move: U-turn\n|-damage|p2a: Graphite|95\/100|[from] Stealth Rock\n|\n|-heal|p2a: Graphite|100\/100|[from] Grassy Terrain\n|-heal|p1a: Larvesta|96\/100|[from] Grassy Terrain\n|upkeep\n|turn|12\n|\n|t:|1664267509\n|move|p2a: Graphite|Head Smash|p1a: Larvesta\n|-supereffective|p1a: Larvesta\n|-damage|p1a: Larvesta|0 fnt\n|faint|p1a: Larvesta\n|\n|upkeep\n|\n|t:|1664267517\n|switch|p1a: Timburr|Timburr, L5, M|100\/100\n|turn|13\n|\n|t:|1664267523\n|switch|p2a: Kumicho Dragon|Koffing, L5, F, shiny|67\/100\n|-ability|p2a: Kumicho Dragon|Neutralizing Gas\n|-damage|p2a: Kumicho Dragon|58\/100|[from] Stealth Rock\n|move|p1a: Timburr|Knock Off|p2a: Kumicho Dragon\n|-damage|p2a: Kumicho Dragon|29\/100\n|-enditem|p2a: Kumicho Dragon|Eviolite|[from] move: Knock Off|[of] p1a: Timburr\n|\n|-heal|p2a: Kumicho Dragon|34\/100|[from] Grassy Terrain\n|upkeep\n|turn|14\n|\n|t:|1664267528\n|switch|p1a: Porygon|Porygon, L5|54\/100 psn\n|move|p2a: Kumicho Dragon|Pain Split|p1a: Porygon\n|-sethp|p1a: Porygon|39\/100 psn|[from] move: Pain Split|[silent]\n|-sethp|p2a: Kumicho Dragon|48\/100|[from] move: Pain Split\n|\n|-heal|p2a: Kumicho Dragon|53\/100|[from] Grassy Terrain\n|-heal|p1a: Porygon|43\/100 psn|[from] Grassy Terrain\n|-damage|p1a: Porygon|31\/100 psn|[from] psn\n|-fieldend|move: Grassy Terrain\n|upkeep\n|turn|15\n|\n|t:|1664267535\n|move|p2a: Kumicho Dragon|Sludge Bomb|p1a: Porygon\n|-damage|p1a: Porygon|0 fnt\n|faint|p1a: Porygon\n|\n|upkeep\n|\n|t:|1664267544\n|switch|p1a: Magnemite|Magnemite, L5|100\/100\n|turn|16\n|\n|t:|1664267555\n|-end|p2a: Kumicho Dragon|ability: Neutralizing Gas\n|switch|p2a: King on the Field|Pawniard, L5, M|100\/100 par\n|-damage|p2a: King on the Field|96\/100 par|[from] Stealth Rock\n|move|p1a: Magnemite|Volt Switch|p2a: King on the Field\n|-damage|p2a: King on the Field|20\/100 par\n|-enditem|p2a: King on the Field|Berry Juice\n|-heal|p2a: King on the Field|100\/100 par|[from] item: Berry Juice\n|\n|t:|1664267563\n|switch|p1a: Diglett|Diglett, L5, M|100\/100|[from]move: Volt Switch\n|\n|upkeep\n|turn|17\n|\n|t:|1664267566\n|move|p2a: King on the Field|Sucker Punch|p1a: Diglett\n|-damage|p1a: Diglett|16\/100\n|move|p1a: Diglett|Earthquake|p2a: King on the Field\n|-supereffective|p2a: King on the Field\n|-damage|p2a: King on the Field|0 fnt\n|faint|p2a: King on the Field\n|\n|upkeep\n|\n|t:|1664267570\n|switch|p2a: Jungle|Grookey, L5, M|100\/100\n|-damage|p2a: Jungle|91\/100|[from] Stealth Rock\n|-fieldstart|move: Grassy Terrain|[from] ability: Grassy Surge|[of] p2a: Jungle\n|turn|18\n|\n|t:|1664267576\n|move|p2a: Jungle|Grassy Glide|p1a: Diglett\n|-supereffective|p1a: Diglett\n|-damage|p1a: Diglett|0 fnt\n|faint|p1a: Diglett\n|\n|-heal|p2a: Jungle|96\/100|[from] Grassy Terrain\n|upkeep\n|\n|t:|1664267590\n|switch|p1a: Timburr|Timburr, L5, M|100\/100\n|turn|19\n|\n|t:|1664267595\n|switch|p2a: Kumicho Dragon|Koffing, L5, F, shiny|53\/100\n|-ability|p2a: Kumicho Dragon|Neutralizing Gas\n|-damage|p2a: Kumicho Dragon|43\/100|[from] Stealth Rock\n|move|p1a: Timburr|Drain Punch|p2a: Kumicho Dragon\n|-resisted|p2a: Kumicho Dragon\n|-damage|p2a: Kumicho Dragon|20\/100\n|\n|-heal|p2a: Kumicho Dragon|24\/100|[from] Grassy Terrain\n|upkeep\n|turn|20\n|\n|t:|1664267602\n|move|p2a: Kumicho Dragon|Pain Split|p1a: Timburr\n|-sethp|p1a: Timburr|59\/100|[from] move: Pain Split|[silent]\n|-sethp|p2a: Kumicho Dragon|67\/100|[from] move: Pain Split\n|move|p1a: Timburr|Drain Punch|p2a: Kumicho Dragon\n|-resisted|p2a: Kumicho Dragon\n|-damage|p2a: Kumicho Dragon|43\/100\n|-heal|p1a: Timburr|71\/100|[from] drain|[of] p2a: Kumicho Dragon\n|\n|-heal|p2a: Kumicho Dragon|48\/100|[from] Grassy Terrain\n|-heal|p1a: Timburr|75\/100|[from] Grassy Terrain\n|upkeep\n|turn|21\n|\n|t:|1664267608\n|switch|p1a: Magnemite|Magnemite, L5|100\/100\n|move|p2a: Kumicho Dragon|Fire Blast|p1a: Magnemite\n|-supereffective|p1a: Magnemite\n|-damage|p1a: Magnemite|0 fnt\n|faint|p1a: Magnemite\n|\n|-heal|p2a: Kumicho Dragon|53\/100|[from] Grassy Terrain\n|upkeep\n|\n|t:|1664267612\n|switch|p1a: Farfetch\u2019d|Farfetch\u2019d-Galar, L5, F|100\/100\n|turn|22\n|\n|t:|1664267615\n|move|p1a: Farfetch\u2019d|Brave Bird|p2a: Kumicho Dragon\n|-damage|p2a: Kumicho Dragon|0 fnt\n|faint|p2a: Kumicho Dragon\n|-end|p2a: Kumicho Dragon|ability: Neutralizing Gas\n|-damage|p1a: Farfetch\u2019d|82\/100|[from] Recoil\n|-damage|p1a: Farfetch\u2019d|73\/100|[from] item: Life Orb\n|\n|-heal|p1a: Farfetch\u2019d|78\/100|[from] Grassy Terrain\n|-fieldend|move: Grassy Terrain\n|upkeep\n|\n|t:|1664267620\n|switch|p2a: Blaze|Ponyta, L5, F|100\/100\n|-damage|p2a: Blaze|77\/100|[from] Stealth Rock\n|turn|23\n|\n|t:|1664267626\n|move|p1a: Farfetch\u2019d|Quick Attack|p2a: Blaze\n|-damage|p2a: Blaze|53\/100\n|-damage|p1a: Farfetch\u2019d|69\/100|[from] item: Life Orb\n|move|p2a: Blaze|Will-O-Wisp|p1a: Farfetch\u2019d\n|-status|p1a: Farfetch\u2019d|brn\n|\n|-damage|p1a: Farfetch\u2019d|64\/100 brn|[from] brn\n|upkeep\n|turn|24\n|\n|t:|1664267631\n|move|p2a: Blaze|Morning Sun|p2a: Blaze\n|-heal|p2a: Blaze|100\/100\n|move|p1a: Farfetch\u2019d|Knock Off|p2a: Blaze\n|-damage|p2a: Blaze|77\/100\n|-enditem|p2a: Blaze|Eviolite|[from] move: Knock Off|[of] p1a: Farfetch\u2019d\n|-damage|p1a: Farfetch\u2019d|55\/100 brn|[from] item: Life Orb\n|\n|-damage|p1a: Farfetch\u2019d|50\/100 brn|[from] brn\n|upkeep\n|turn|25\n|\n|t:|1664267635\n|move|p2a: Blaze|Will-O-Wisp|p1a: Farfetch\u2019d\n|-fail|p1a: Farfetch\u2019d|brn\n|move|p1a: Farfetch\u2019d|Close Combat|p2a: Blaze\n|-damage|p2a: Blaze|15\/100\n|-unboost|p1a: Farfetch\u2019d|def|1\n|-unboost|p1a: Farfetch\u2019d|spd|1\n|-damage|p1a: Farfetch\u2019d|41\/100 brn|[from] item: Life Orb\n|\n|-damage|p1a: Farfetch\u2019d|37\/100 brn|[from] brn\n|upkeep\n|turn|26\n|\n|t:|1664267647\n|move|p1a: Farfetch\u2019d|Quick Attack|p2a: Blaze\n|-damage|p2a: Blaze|0 fnt\n|faint|p2a: Blaze\n|-damage|p1a: Farfetch\u2019d|28\/100 brn|[from] item: Life Orb\n|\n|-damage|p1a: Farfetch\u2019d|23\/100 brn|[from] brn\n|upkeep\n|\n|t:|1664267665\n|switch|p2a: Jungle|Grookey, L5, M|96\/100\n|-damage|p2a: Jungle|87\/100|[from] Stealth Rock\n|-fieldstart|move: Grassy Terrain|[from] ability: Grassy Surge|[of] p2a: Jungle\n|turn|27\n|\n|t:|1664267670\n|move|p1a: Farfetch\u2019d|Quick Attack|p2a: Jungle\n|-damage|p2a: Jungle|73\/100\n|-damage|p1a: Farfetch\u2019d|14\/100 brn|[from] item: Life Orb\n|move|p2a: Jungle|Grassy Glide|p1a: Farfetch\u2019d\n|-damage|p1a: Farfetch\u2019d|0 fnt\n|faint|p1a: Farfetch\u2019d\n|\n|-heal|p2a: Jungle|78\/100|[from] Grassy Terrain\n|upkeep\n|\n|t:|1664267672\n|switch|p1a: Timburr|Timburr, L5, M|75\/100\n|turn|28\n|\n|t:|1664267674\n|move|p2a: Jungle|Knock Off|p1a: Timburr\n|-resisted|p1a: Timburr\n|-damage|p1a: Timburr|63\/100\n|-enditem|p1a: Timburr|Eviolite|[from] move: Knock Off|[of] p2a: Jungle\n|move|p1a: Timburr|Drain Punch|p2a: Jungle\n|-damage|p2a: Jungle|23\/100\n|-heal|p1a: Timburr|88\/100|[from] drain|[of] p2a: Jungle\n|\n|-heal|p2a: Jungle|28\/100|[from] Grassy Terrain\n|-heal|p1a: Timburr|92\/100|[from] Grassy Terrain\n|upkeep\n|turn|29\n|\n|t:|1664267679\n|move|p2a: Jungle|Grassy Glide|p1a: Timburr\n|-damage|p1a: Timburr|38\/100\n|move|p1a: Timburr|Drain Punch|p2a: Jungle\n|-damage|p2a: Jungle|0 fnt\n|-heal|p1a: Timburr|50\/100|[from] drain|[of] p2a: Jungle\n|faint|p2a: Jungle\n|\n|-heal|p1a: Timburr|55\/100|[from] Grassy Terrain\n|upkeep\n|\n|t:|1664267683\n|switch|p2a: Blue Laminate|Tyrunt, L5, M, shiny|100\/100\n|-damage|p2a: Blue Laminate|91\/100|[from] Stealth Rock\n|turn|30\n|\n|t:|1664267685\n|move|p2a: Blue Laminate|Psychic Fangs|p1a: Timburr\n|-supereffective|p1a: Timburr\n|-damage|p1a: Timburr|0 fnt\n|faint|p1a: Timburr\n|\n|win|xasahbae\n|n|\u2606BLACK NOlR|blacknolr\n|n|\u2606xasahbae|xasahbae\n|n|*Lady Monita|ladymonita\n|l|*Lady Monita\n|c|\u2606BLACK NOlR|gg\n|c|\u2606xasahbae|gg\n|c|\u2606BLACK NOlR|Was this quarters btw\n|c|\u2606xasahbae|oh\n|c|\u2606xasahbae|i have no idea\n|c|\u2606xasahbae|lol\n|c|\u2606BLACK NOlR|oh thats ok haha\n|c|\u2606xasahbae|yeah\n|c|\u2606xasahbae|quaters\n|c|\u2606BLACK NOlR|cool ty\n|c|\u2606xasahbae|dw\n|c|\u2606xasahbae|have a good one\n|c|\u2606BLACK NOlR|u2\n","uploadtime":1664267688,"views":10,"p1id":"blacknolr","p2id":"xasahbae","formatid":"gen8lc","rating":0,"private":0,"password":null}