{"id":"gen8monotype-1144912354","p1":"ashbala99","p2":"Trogba Trogba","format":"gen8monotype","log":"|j|\u2606ashbala99\n|j|\u2606Trogba Trogba\n|player|p1|ashbala99|steven|\n|player|p2|Trogba Trogba|lance|\n|teamsize|p1|6\n|teamsize|p2|6\n|gametype|singles\n|gen|8\n|tier|[Gen 8] Monotype\n|rated|Tournament battle\n|rule|Same Type Clause: Pok\u00e9mon in a team must share a type\n|clearpoke\n|poke|p1|Duraludon, F|\n|poke|p1|Bisharp, F|\n|poke|p1|Aegislash, M|\n|poke|p1|Excadrill, M|\n|poke|p1|Corviknight, F|\n|poke|p1|Magnezone|\n|poke|p2|Bronzong|\n|poke|p2|Hatterene, F|\n|poke|p2|Indeedee, M|\n|poke|p2|Reuniclus, M|\n|poke|p2|Mew|\n|poke|p2|Alakazam, F|\n|rule|Sleep Clause Mod: Limit one foe put to sleep\n|rule|Species Clause: Limit one of each Pok\u00e9mon\n|rule|OHKO Clause: OHKO moves are banned\n|rule|Evasion Moves Clause: Evasion moves are banned\n|rule|Endless Battle Clause: Forcing endless battles is banned\n|rule|HP Percentage Mod: HP is shown in percentages\n|rule|Dynamax Clause: You cannot dynamax\n|teampreview\n|j|*Lady Monita\n|j| Hawk1775\n|\n|start\n|switch|p1a: Duraludon|Duraludon, F|100\/100\n|switch|p2a: Bronzong|Bronzong|100\/100\n|turn|1\n|\n|move|p1a: Duraludon|Dark Pulse|p2a: Bronzong\n|-supereffective|p2a: Bronzong\n|-enditem|p2a: Bronzong|Colbur Berry|[eat]\n|-enditem|p2a: Bronzong|Colbur Berry|[weaken]\n|-damage|p2a: Bronzong|75\/100\n|move|p2a: Bronzong|Stealth Rock|p1a: Duraludon\n|-sidestart|p1: ashbala99|move: Stealth Rock\n|\n|upkeep\n|turn|2\n|\n|move|p1a: Duraludon|Dark Pulse|p2a: Bronzong\n|-supereffective|p2a: Bronzong\n|-damage|p2a: Bronzong|25\/100\n|cant|p2a: Bronzong|flinch\n|\n|upkeep\n|turn|3\n|\n|move|p1a: Duraludon|Dark Pulse|p2a: Bronzong\n|-supereffective|p2a: Bronzong\n|-damage|p2a: Bronzong|0 fnt\n|faint|p2a: Bronzong\n|\n|upkeep\n|\n|switch|p2a: Indeedee|Indeedee, M|100\/100\n|-fieldstart|move: Psychic Terrain|[from] ability: Psychic Surge|[of] p2a: Indeedee\n|turn|4\n|\n|move|p2a: Indeedee|Mystical Fire|p1a: Duraludon\n|-damage|p1a: Duraludon|56\/100\n|-unboost|p1a: Duraludon|spa|1\n|move|p1a: Duraludon|Dark Pulse|p2a: Indeedee\n|-supereffective|p2a: Indeedee\n|-damage|p2a: Indeedee|26\/100\n|\n|upkeep\n|turn|5\n|\n|switch|p1a: Corviknight|Corviknight, F|100\/100\n|-damage|p1a: Corviknight|88\/100|[from] Stealth Rock\n|move|p2a: Indeedee|Expanding Force|p1a: Corviknight\n|-resisted|p1a: Corviknight\n|-damage|p1a: Corviknight|66\/100\n|\n|-heal|p1a: Corviknight|72\/100|[from] item: Leftovers\n|upkeep\n|turn|6\n|\n|switch|p2a: Mew|Mew|100\/100\n|move|p1a: Corviknight|Defog|p2a: Mew\n|-unboost|p2a: Mew|evasion|1\n|-sideend|p1: ashbala99|Stealth Rock|[from] move: Defog|[of] p1a: Corviknight\n|-fieldend|move: Psychic Terrain\n|\n|-heal|p1a: Corviknight|78\/100|[from] item: Leftovers\n|upkeep\n|turn|7\n|\n|move|p2a: Mew|Block|p1a: Corviknight\n|-activate|p1a: Corviknight|trapped\n|move|p1a: Corviknight|Bulk Up|p1a: Corviknight\n|-boost|p1a: Corviknight|atk|1\n|-boost|p1a: Corviknight|def|1\n|\n|-heal|p1a: Corviknight|85\/100|[from] item: Leftovers\n|upkeep\n|turn|8\n|j| call me PK\n|\n|move|p2a: Mew|Imprison|p2a: Mew\n|-start|p2a: Mew|move: Imprison\n|move|p1a: Corviknight|Brave Bird|p2a: Mew\n|-damage|p2a: Mew|56\/100\n|-damage|p1a: Corviknight|70\/100|[from] Recoil\n|\n|-heal|p2a: Mew|62\/100|[from] item: Leftovers\n|-heal|p1a: Corviknight|76\/100|[from] item: Leftovers\n|upkeep\n|turn|9\n|\n|move|p2a: Mew|Transform|p1a: Corviknight\n|-transform|p2a: Mew|p1a: Corviknight\n|-endability|p2a: Mew|Synchronize|[from] move: Transform\n|cant|p1a: Corviknight|move: Imprison|Brave Bird\n|\n|-heal|p1a: Corviknight|82\/100|[from] item: Leftovers\n|-heal|p2a: Mew|68\/100|[from] item: Leftovers\n|upkeep\n|turn|10\n|\n|-activate|p1a: Corviknight|move: Struggle\n|move|p1a: Corviknight|Struggle|p2a: Mew\n|-damage|p2a: Mew|59\/100\n|-damage|p1a: Corviknight|57\/100|[from] recoil\n|move|p2a: Mew|Bulk Up|p2a: Mew\n|-boost|p2a: Mew|atk|1\n|-boost|p2a: Mew|def|1\n|\n|-heal|p1a: Corviknight|63\/100|[from] item: Leftovers\n|-heal|p2a: Mew|65\/100|[from] item: Leftovers\n|upkeep\n|turn|11\n|\n|-activate|p1a: Corviknight|move: Struggle\n|move|p1a: Corviknight|Struggle|p2a: Mew\n|-damage|p2a: Mew|59\/100\n|-damage|p1a: Corviknight|38\/100|[from] recoil\n|move|p2a: Mew|Bulk Up|p2a: Mew\n|-boost|p2a: Mew|atk|1\n|-boost|p2a: Mew|def|1\n|\n|-heal|p1a: Corviknight|45\/100|[from] item: Leftovers\n|-heal|p2a: Mew|65\/100|[from] item: Leftovers\n|upkeep\n|turn|12\n|\n|move|p2a: Mew|Bulk Up|p2a: Mew\n|-boost|p2a: Mew|atk|1\n|-boost|p2a: Mew|def|1\n|-activate|p1a: Corviknight|move: Struggle\n|move|p1a: Corviknight|Struggle|p2a: Mew\n|-damage|p2a: Mew|61\/100\n|-damage|p1a: Corviknight|20\/100|[from] recoil\n|\n|-heal|p1a: Corviknight|26\/100|[from] item: Leftovers\n|-heal|p2a: Mew|67\/100|[from] item: Leftovers\n|upkeep\n|turn|13\n|\n|move|p2a: Mew|Roost|p2a: Mew\n|-heal|p2a: Mew|100\/100\n|-singleturn|p2a: Mew|move: Roost\n|-activate|p1a: Corviknight|move: Struggle\n|move|p1a: Corviknight|Struggle|p2a: Mew\n|-damage|p2a: Mew|96\/100\n|-damage|p1a: Corviknight|1\/100|[from] recoil\n|\n|-heal|p1a: Corviknight|7\/100|[from] item: Leftovers\n|-heal|p2a: Mew|100\/100|[from] item: Leftovers\n|upkeep\n|turn|14\n|\n|-activate|p1a: Corviknight|move: Struggle\n|move|p1a: Corviknight|Struggle|p2a: Mew\n|-damage|p2a: Mew|97\/100\n|-damage|p1a: Corviknight|0 fnt|[from] recoil\n|faint|p1a: Corviknight\n|move|p2a: Mew|Roost|p2a: Mew\n|-heal|p2a: Mew|100\/100\n|-singleturn|p2a: Mew|move: Roost\n|\n|upkeep\n|\n|switch|p1a: Magnezone|Magnezone|100\/100\n|turn|15\n|\n|move|p2a: Mew|Brave Bird|p1a: Magnezone\n|-resisted|p1a: Magnezone\n|-damage|p1a: Magnezone|78\/100\n|-damage|p2a: Mew|94\/100|[from] Recoil\n|move|p1a: Magnezone|Thunderbolt|p2a: Mew\n|-supereffective|p2a: Mew\n|-damage|p2a: Mew|9\/100\n|\n|-heal|p2a: Mew|16\/100|[from] item: Leftovers\n|upkeep\n|turn|16\n|\n|move|p2a: Mew|Roost|p2a: Mew\n|-heal|p2a: Mew|66\/100\n|-singleturn|p2a: Mew|move: Roost\n|move|p1a: Magnezone|Thunderbolt|p2a: Mew\n|-damage|p2a: Mew|31\/100\n|\n|-heal|p2a: Mew|37\/100|[from] item: Leftovers\n|upkeep\n|turn|17\n|\n|move|p2a: Mew|Roost|p2a: Mew\n|-heal|p2a: Mew|88\/100\n|-singleturn|p2a: Mew|move: Roost\n|move|p1a: Magnezone|Thunderbolt|p2a: Mew\n|-damage|p2a: Mew|53\/100\n|-status|p2a: Mew|par\n|\n|-heal|p2a: Mew|59\/100 par|[from] item: Leftovers\n|upkeep\n|turn|18\n|\n|move|p1a: Magnezone|Thunderbolt|p2a: Mew\n|-supereffective|p2a: Mew\n|-damage|p2a: Mew|0 fnt\n|faint|p2a: Mew\n|\n|upkeep\n|\n|switch|p2a: Alakazam|Alakazam, F|100\/100\n|turn|19\n|\n|move|p2a: Alakazam|Focus Blast|p1a: Magnezone\n|-supereffective|p1a: Magnezone\n|-damage|p1a: Magnezone|0 fnt\n|faint|p1a: Magnezone\n|\n|upkeep\n|\n|switch|p1a: Aegislash|Aegislash, M|100\/100\n|turn|20\n|\n|switch|p2a: Indeedee|Indeedee, M|26\/100\n|-fieldstart|move: Psychic Terrain|[from] ability: Psychic Surge|[of] p2a: Indeedee\n|-formechange|p1a: Aegislash|Aegislash-Blade||[from] ability: Stance Change\n|move|p1a: Aegislash|Shadow Ball|p2a: Indeedee\n|-immune|p2a: Indeedee\n|\n|upkeep\n|turn|21\n|\n|-formechange|p1a: Aegislash|Aegislash||[from] ability: Stance Change\n|move|p1a: Aegislash|King's Shield|p1a: Aegislash\n|-singleturn|p1a: Aegislash|Protect\n|move|p2a: Indeedee|Mystical Fire|p1a: Aegislash\n|-activate|p1a: Aegislash|move: Protect\n|\n|upkeep\n|turn|22\n|\n|move|p2a: Indeedee|Mystical Fire|p1a: Aegislash\n|-supereffective|p1a: Aegislash\n|-damage|p1a: Aegislash|73\/100\n|-enditem|p1a: Aegislash|Weakness Policy\n|-boost|p1a: Aegislash|atk|2|[from] item: Weakness Policy\n|-boost|p1a: Aegislash|spa|2|[from] item: Weakness Policy\n|-unboost|p1a: Aegislash|spa|1\n|-formechange|p1a: Aegislash|Aegislash-Blade||[from] ability: Stance Change\n|move|p1a: Aegislash|Iron Head|p2a: Indeedee\n|-damage|p2a: Indeedee|0 fnt\n|faint|p2a: Indeedee\n|\n|upkeep\n|j| dubwool5\n|l| dubwool5\n|\n|switch|p2a: Alakazam|Alakazam, F|100\/100\n|turn|23\n|\n|-formechange|p1a: Aegislash|Aegislash||[from] ability: Stance Change\n|move|p1a: Aegislash|King's Shield|p1a: Aegislash\n|-singleturn|p1a: Aegislash|Protect\n|move|p2a: Alakazam|Expanding Force|p1a: Aegislash\n|-activate|p1a: Aegislash|move: Protect\n|\n|upkeep\n|turn|24\n|\n|move|p2a: Alakazam|Expanding Force|p1a: Aegislash\n|-resisted|p1a: Aegislash\n|-damage|p1a: Aegislash|43\/100\n|-formechange|p1a: Aegislash|Aegislash-Blade||[from] ability: Stance Change\n|move|p1a: Aegislash|Shadow Ball|p2a: Alakazam\n|-supereffective|p2a: Alakazam\n|-damage|p2a: Alakazam|0 fnt\n|faint|p2a: Alakazam\n|\n|upkeep\n|j| Wowzidrowzie\n|j| glagat\n|\n|switch|p2a: Reuniclus|Reuniclus, M|100\/100\n|turn|25\n|j| Bomb21XD\n|j| GS Cross\n|\n|-formechange|p1a: Aegislash|Aegislash||[from] ability: Stance Change\n|move|p1a: Aegislash|King's Shield|p1a: Aegislash\n|-singleturn|p1a: Aegislash|Protect\n|move|p2a: Reuniclus|Trick Room|p2a: Reuniclus\n|-fieldstart|move: Trick Room|[of] p2a: Reuniclus\n|\n|upkeep\n|turn|26\n|\n|-formechange|p1a: Aegislash|Aegislash-Blade||[from] ability: Stance Change\n|move|p1a: Aegislash|Shadow Sneak|p2a: Reuniclus\n|-activate|p2a: Reuniclus|move: Psychic Terrain\n|move|p2a: Reuniclus|Shadow Ball|p1a: Aegislash\n|-supereffective|p1a: Aegislash\n|-damage|p1a: Aegislash|0 fnt\n|faint|p1a: Aegislash\n|\n|upkeep\n|\n|switch|p1a: Bisharp|Bisharp, F|100\/100\n|turn|27\n|\n|move|p2a: Reuniclus|Focus Blast|p1a: Bisharp|[miss]\n|-miss|p2a: Reuniclus|p1a: Bisharp\n|move|p1a: Bisharp|Knock Off|p2a: Reuniclus\n|-supereffective|p2a: Reuniclus\n|-damage|p2a: Reuniclus|0 fnt\n|-enditem|p2a: Reuniclus|Life Orb|[from] move: Knock Off|[of] p1a: Bisharp\n|faint|p2a: Reuniclus\n|\n|-fieldend|move: Psychic Terrain\n|upkeep\n|\n|switch|p2a: Hatterene|Hatterene, F|100\/100\n|turn|28\n|c|\u2606Trogba Trogba|well\n|c|\u2606Trogba Trogba|I think I won if I hit that\n|\n|move|p2a: Hatterene|Dazzling Gleam|p1a: Bisharp\n|-damage|p1a: Bisharp|12\/100\n|-damage|p2a: Hatterene|91\/100|[from] item: Life Orb\n|move|p1a: Bisharp|Iron Head|p2a: Hatterene\n|-supereffective|p2a: Hatterene\n|-damage|p2a: Hatterene|0 fnt\n|faint|p2a: Hatterene\n|\n|win|ashbala99\n","uploadtime":1593860028,"views":65,"p1id":"ashbala99","p2id":"trogbatrogba","formatid":"gen8monotype","rating":0,"private":0,"password":null}