{"id":"gen8nationaldex-1189223000","p1":"Daunzu","p2":"Shorknado","format":"gen8nationaldex","log":"|j|\u2606Daunzu\n|j|\u2606Shorknado\n|t:|1600454343\n|player|p1|Daunzu|ingo|1599\n|player|p2|Shorknado|cynthia-gen4|1563\n|teamsize|p1|6\n|teamsize|p2|6\n|gametype|singles\n|gen|8\n|tier|[Gen 8] National Dex\n|rated|\n|clearpoke\n|poke|p1|Charizard, M|\n|poke|p1|Latios, M|\n|poke|p1|Victini|\n|poke|p1|Slowbro, M|\n|poke|p1|Landorus-Therian, M|\n|poke|p1|Tapu Fini|\n|poke|p2|Frosmoth, M|\n|poke|p2|Torkoal, M|\n|poke|p2|Venusaur, M|\n|poke|p2|Dragapult, M|\n|poke|p2|Skarmory, M|\n|poke|p2|Slowking, F|\n|rule|HP Percentage Mod: HP is shown in percentages\n|rule|Endless Battle Clause: Forcing endless battles is banned\n|rule|OHKO Clause: OHKO moves are banned\n|rule|Evasion Moves Clause: Evasion moves are banned\n|rule|Species Clause: Limit one of each Pok\u00e9mon\n|rule|Dynamax Clause: You cannot dynamax\n|rule|Sleep Clause Mod: Limit one foe put to sleep\n|teampreview\n|\n|t:|1600454350\n|start\n|switch|p1a: Landorus|Landorus-Therian, M|100\/100\n|switch|p2a: Torkoal|Torkoal, M|100\/100\n|-ability|p1a: Landorus|Intimidate|boost\n|-unboost|p2a: Torkoal|atk|1\n|-weather|SunnyDay|[from] ability: Drought|[of] p2a: Torkoal\n|turn|1\n|j| shyniiiiiiiiiiiiii\n|\n|t:|1600454353\n|switch|p2a: Skarmory|Skarmory, M|100\/100\n|move|p1a: Landorus|Stealth Rock|p2a: Skarmory\n|-sidestart|p2: Shorknado|move: Stealth Rock\n|\n|-weather|SunnyDay|[upkeep]\n|upkeep\n|turn|2\n|\n|t:|1600454357\n|switch|p1a: Charizard|Charizard, M|100\/100\n|move|p2a: Skarmory|Spikes|p1a: Charizard\n|-sidestart|p1: Daunzu|Spikes\n|\n|-weather|SunnyDay|[upkeep]\n|upkeep\n|turn|3\n|\n|t:|1600454360\n|switch|p2a: Slowking|Slowking, F|100\/100\n|detailschange|p1a: Charizard|Charizard-Mega-Y, M\n|-mega|p1a: Charizard|Charizard|Charizardite Y\n|move|p1a: Charizard|Flamethrower|p2a: Slowking\n|-resisted|p2a: Slowking\n|-damage|p2a: Slowking|74\/100\n|\n|-weather|SunnyDay|[upkeep]\n|upkeep\n|turn|4\n|\n|t:|1600454364\n|switch|p2a: Dragapult|Dragapult, M|100\/100\n|-damage|p2a: Dragapult|88\/100|[from] Stealth Rock\n|move|p1a: Charizard|Air Slash|p2a: Dragapult\n|-damage|p2a: Dragapult|24\/100\n|\n|-weather|SunnyDay|[upkeep]\n|upkeep\n|turn|5\n|\n|t:|1600454369\n|-zpower|p2a: Dragapult\n|move|p2a: Dragapult|Never-Ending Nightmare|p1a: Charizard|[zeffect]\n|-damage|p1a: Charizard|0 fnt\n|faint|p1a: Charizard\n|\n|-weather|SunnyDay|[upkeep]\n|upkeep\n|\n|t:|1600454375\n|switch|p1a: Victini|Victini|100\/100\n|-damage|p1a: Victini|88\/100|[from] Spikes\n|turn|6\n|\n|t:|1600454379\n|move|p1a: Victini|V-create|p2a: Dragapult\n|-resisted|p2a: Dragapult\n|-damage|p2a: Dragapult|0 fnt\n|-unboost|p1a: Victini|spe|1\n|-unboost|p1a: Victini|def|1\n|-unboost|p1a: Victini|spd|1\n|faint|p2a: Dragapult\n|\n|-weather|SunnyDay|[upkeep]\n|upkeep\n|\n|t:|1600454381\n|switch|p2a: Torkoal|Torkoal, M|100\/100\n|-damage|p2a: Torkoal|76\/100|[from] Stealth Rock\n|turn|7\n|\n|t:|1600454386\n|switch|p1a: Landorus|Landorus-Therian, M|100\/100\n|-ability|p1a: Landorus|Intimidate|boost\n|-unboost|p2a: Torkoal|atk|1\n|move|p2a: Torkoal|Rapid Spin|p1a: Landorus\n|-damage|p1a: Landorus|97\/100\n|-boost|p2a: Torkoal|spe|1\n|-sideend|p2: Shorknado|Stealth Rock|[from] move: Rapid Spin|[of] p2a: Torkoal\n|\n|-weather|SunnyDay|[upkeep]\n|-heal|p1a: Landorus|100\/100|[from] item: Leftovers\n|upkeep\n|turn|8\n|\n|t:|1600454388\n|move|p1a: Landorus|Stealth Rock|p2a: Torkoal\n|-sidestart|p2: Shorknado|move: Stealth Rock\n|move|p2a: Torkoal|Lava Plume|p1a: Landorus\n|-damage|p1a: Landorus|63\/100\n|-status|p1a: Landorus|brn\n|\n|-weather|none\n|-heal|p1a: Landorus|69\/100 brn|[from] item: Leftovers\n|-damage|p1a: Landorus|63\/100 brn|[from] brn\n|upkeep\n|turn|9\n|\n|t:|1600454391\n|move|p1a: Landorus|Knock Off|p2a: Torkoal\n|-damage|p2a: Torkoal|66\/100\n|-enditem|p2a: Torkoal|Heat Rock|[from] move: Knock Off|[of] p1a: Landorus\n|move|p2a: Torkoal|Stealth Rock|p1a: Landorus\n|-sidestart|p1: Daunzu|move: Stealth Rock\n|\n|-heal|p1a: Landorus|69\/100 brn|[from] item: Leftovers\n|-damage|p1a: Landorus|63\/100 brn|[from] brn\n|upkeep\n|turn|10\n|\n|t:|1600454397\n|move|p1a: Landorus|Knock Off|p2a: Torkoal\n|-damage|p2a: Torkoal|60\/100\n|move|p2a: Torkoal|Rapid Spin|p1a: Landorus\n|-damage|p1a: Landorus|59\/100 brn\n|-boost|p2a: Torkoal|spe|1\n|-sideend|p2: Shorknado|Stealth Rock|[from] move: Rapid Spin|[of] p2a: Torkoal\n|\n|-heal|p1a: Landorus|65\/100 brn|[from] item: Leftovers\n|-damage|p1a: Landorus|59\/100 brn|[from] brn\n|upkeep\n|turn|11\n|\n|t:|1600454401\n|switch|p2a: Skarmory|Skarmory, M|100\/100\n|move|p1a: Landorus|Stealth Rock|p2a: Skarmory\n|-sidestart|p2: Shorknado|move: Stealth Rock\n|\n|-heal|p1a: Landorus|65\/100 brn|[from] item: Leftovers\n|-damage|p1a: Landorus|59\/100 brn|[from] brn\n|upkeep\n|turn|12\n|\n|t:|1600454406\n|switch|p1a: Tapu Fini|Tapu Fini|100\/100\n|-damage|p1a: Tapu Fini|88\/100|[from] Stealth Rock\n|-damage|p1a: Tapu Fini|75\/100|[from] Spikes\n|-fieldstart|move: Misty Terrain|[from] ability: Misty Surge|[of] p1a: Tapu Fini\n|move|p2a: Skarmory|Spikes|p1a: Tapu Fini\n|-sidestart|p1: Daunzu|Spikes\n|\n|-heal|p1a: Tapu Fini|82\/100|[from] item: Leftovers\n|upkeep\n|turn|13\n|\n|t:|1600454409\n|switch|p2a: Venusaur|Venusaur, M, shiny|100\/100\n|-damage|p2a: Venusaur|88\/100|[from] Stealth Rock\n|move|p1a: Tapu Fini|Defog|p2a: Venusaur\n|-unboost|p2a: Venusaur|evasion|1\n|-sideend|p2: Shorknado|Stealth Rock|[from] move: Defog|[of] p1a: Tapu Fini\n|-sideend|p1: Daunzu|Spikes|[from] move: Defog|[of] p1a: Tapu Fini\n|-sideend|p1: Daunzu|Stealth Rock|[from] move: Defog|[of] p1a: Tapu Fini\n|-fieldend|Misty Terrain\n|\n|-heal|p1a: Tapu Fini|88\/100|[from] item: Leftovers\n|upkeep\n|turn|14\n|\n|t:|1600454415\n|switch|p1a: Latios|Latios, M|100\/100\n|move|p2a: Venusaur|Sludge Bomb|p1a: Latios\n|-damage|p1a: Latios|45\/100\n|-damage|p2a: Venusaur|78\/100|[from] item: Life Orb\n|\n|upkeep\n|turn|15\n|\n|t:|1600454418\n|switch|p2a: Slowking|Slowking, F|100\/100\n|move|p1a: Latios|Psyshock|p2a: Slowking\n|-resisted|p2a: Slowking\n|-damage|p2a: Slowking|77\/100\n|\n|upkeep\n|turn|16\n|\n|t:|1600454422\n|switch|p1a: Slowbro|Slowbro, M|100\/100\n|move|p2a: Slowking|Teleport|p2a: Slowking\n|\n|t:|1600454425\n|switch|p2a: Frosmoth|Frosmoth, M, shiny|100\/100|[from]move: Teleport\n|\n|upkeep\n|turn|17\n|\n|t:|1600454430\n|move|p2a: Frosmoth|Bug Buzz|p1a: Slowbro\n|-supereffective|p1a: Slowbro\n|-damage|p1a: Slowbro|9\/100\n|move|p1a: Slowbro|Thunder Wave|p2a: Frosmoth\n|-status|p2a: Frosmoth|par\n|\n|upkeep\n|turn|18\n|\n|t:|1600454434\n|switch|p1a: Tapu Fini|Tapu Fini|88\/100\n|-fieldstart|move: Misty Terrain|[from] ability: Misty Surge|[of] p1a: Tapu Fini\n|move|p2a: Frosmoth|Bug Buzz|p1a: Tapu Fini\n|-resisted|p1a: Tapu Fini\n|-damage|p1a: Tapu Fini|75\/100\n|\n|-heal|p1a: Tapu Fini|81\/100|[from] item: Leftovers\n|upkeep\n|turn|19\n|\n|t:|1600454437\n|switch|p2a: Venusaur|Venusaur, M, shiny|78\/100\n|move|p1a: Tapu Fini|Taunt|p2a: Venusaur\n|-start|p2a: Venusaur|move: Taunt\n|\n|-heal|p1a: Tapu Fini|87\/100|[from] item: Leftovers\n|upkeep\n|turn|20\n|\n|t:|1600454442\n|move|p2a: Venusaur|Giga Drain|p1a: Tapu Fini\n|-supereffective|p1a: Tapu Fini\n|-damage|p1a: Tapu Fini|29\/100\n|-heal|p2a: Venusaur|100\/100|[from] drain|[of] p1a: Tapu Fini\n|-damage|p2a: Venusaur|91\/100|[from] item: Life Orb\n|move|p1a: Tapu Fini|Nature's Madness|p2a: Venusaur\n|-damage|p2a: Venusaur|46\/100\n|\n|-heal|p1a: Tapu Fini|35\/100|[from] item: Leftovers\n|upkeep\n|turn|21\n|j| Federyc Reignier\n|\n|t:|1600454445\n|switch|p1a: Victini|Victini|88\/100\n|move|p2a: Venusaur|Sludge Bomb|p1a: Victini\n|-damage|p1a: Victini|30\/100\n|-damage|p2a: Venusaur|36\/100|[from] item: Life Orb\n|\n|-end|p2a: Venusaur|move: Taunt\n|upkeep\n|turn|22\n|\n|t:|1600454449\n|switch|p2a: Torkoal|Torkoal, M|60\/100\n|-weather|SunnyDay|[from] ability: Drought|[of] p2a: Torkoal\n|move|p1a: Victini|U-turn|p2a: Torkoal\n|-resisted|p2a: Torkoal\n|-damage|p2a: Torkoal|54\/100\n|l| Federyc Reignier\n|\n|t:|1600454453\n|switch|p1a: Latios|Latios, M|45\/100|[from]move: U-turn\n|\n|-weather|SunnyDay|[upkeep]\n|-fieldend|Misty Terrain\n|upkeep\n|turn|23\n|\n|t:|1600454456\n|switch|p2a: Slowking|Slowking, F|100\/100\n|move|p1a: Latios|Draco Meteor|p2a: Slowking\n|-damage|p2a: Slowking|51\/100\n|-unboost|p1a: Latios|spa|2\n|\n|-weather|SunnyDay|[upkeep]\n|upkeep\n|turn|24\n|\n|t:|1600454460\n|switch|p1a: Slowbro|Slowbro, M|42\/100\n|move|p2a: Slowking|Teleport|p2a: Slowking\n|\n|t:|1600454462\n|switch|p2a: Venusaur|Venusaur, M, shiny|36\/100|[from]move: Teleport\n|\n|-weather|SunnyDay|[upkeep]\n|upkeep\n|turn|25\n|\n|t:|1600454465\n|switch|p1a: Landorus|Landorus-Therian, M|59\/100 brn\n|-ability|p1a: Landorus|Intimidate|boost\n|-unboost|p2a: Venusaur|atk|1\n|move|p2a: Venusaur|Sludge Bomb|p1a: Landorus\n|-resisted|p1a: Landorus\n|-damage|p1a: Landorus|29\/100 brn\n|-damage|p2a: Venusaur|26\/100|[from] item: Life Orb\n|\n|-weather|SunnyDay|[upkeep]\n|-heal|p1a: Landorus|35\/100 brn|[from] item: Leftovers\n|-damage|p1a: Landorus|29\/100 brn|[from] brn\n|upkeep\n|turn|26\n|\n|t:|1600454467\n|move|p2a: Venusaur|Giga Drain|p1a: Landorus\n|-damage|p1a: Landorus|0 fnt\n|-heal|p2a: Venusaur|44\/100|[from] drain|[of] p1a: Landorus\n|-damage|p2a: Venusaur|34\/100|[from] item: Life Orb\n|faint|p1a: Landorus\n|\n|-weather|none\n|upkeep\n|\n|t:|1600454474\n|switch|p1a: Latios|Latios, M|45\/100\n|turn|27\n|\n|t:|1600454478\n|switch|p2a: Slowking|Slowking, F|84\/100\n|move|p1a: Latios|Psyshock|p2a: Slowking\n|-resisted|p2a: Slowking\n|-damage|p2a: Slowking|60\/100\n|\n|upkeep\n|turn|28\n|\n|t:|1600454480\n|move|p1a: Latios|Psyshock|p2a: Slowking\n|-resisted|p2a: Slowking\n|-damage|p2a: Slowking|36\/100\n|move|p2a: Slowking|Teleport|p2a: Slowking\n|\n|t:|1600454483\n|switch|p2a: Skarmory|Skarmory, M|100\/100|[from]move: Teleport\n|\n|upkeep\n|turn|29\n|\n|t:|1600454485\n|move|p1a: Latios|Hidden Power|p2a: Skarmory\n|-supereffective|p2a: Skarmory\n|-damage|p2a: Skarmory|43\/100\n|move|p2a: Skarmory|Spikes|p1a: Latios\n|-sidestart|p1: Daunzu|Spikes\n|\n|upkeep\n|turn|30\n|\n|t:|1600454489\n|switch|p2a: Slowking|Slowking, F|70\/100\n|move|p1a: Latios|Hidden Power|p2a: Slowking\n|-resisted|p2a: Slowking\n|-damage|p2a: Slowking|63\/100\n|\n|upkeep\n|turn|31\n|\n|t:|1600454491\n|move|p1a: Latios|Psyshock|p2a: Slowking\n|-resisted|p2a: Slowking\n|-damage|p2a: Slowking|39\/100\n|move|p2a: Slowking|Slack Off|p2a: Slowking\n|-heal|p2a: Slowking|89\/100\n|\n|upkeep\n|turn|32\n|\n|t:|1600454495\n|switch|p1a: Slowbro|Slowbro, M|76\/100\n|-damage|p1a: Slowbro|63\/100|[from] Spikes\n|move|p2a: Slowking|Future Sight|p1a: Slowbro\n|-start|p2a: Slowking|move: Future Sight\n|\n|upkeep\n|turn|33\n|\n|t:|1600454500\n|move|p1a: Slowbro|Thunder Wave|p2a: Slowking\n|-status|p2a: Slowking|par\n|cant|p2a: Slowking|par\n|\n|upkeep\n|turn|34\n|\n|t:|1600454504\n|move|p1a: Slowbro|Teleport|p1a: Slowbro\n|\n|t:|1600454506\n|switch|p1a: Latios|Latios, M|45\/100|[from]move: Teleport\n|move|p2a: Slowking|Teleport|p2a: Slowking\n|\n|t:|1600454509\n|switch|p2a: Frosmoth|Frosmoth, M, shiny|100\/100 par|[from]move: Teleport\n|\n|-end|p1a: Latios|move: Future Sight\n|-resisted|p1a: Latios\n|-damage|p1a: Latios|25\/100\n|upkeep\n|turn|35\n|\n|t:|1600454518\n|switch|p1a: Tapu Fini|Tapu Fini|35\/100\n|-damage|p1a: Tapu Fini|23\/100|[from] Spikes\n|-fieldstart|move: Misty Terrain|[from] ability: Misty Surge|[of] p1a: Tapu Fini\n|move|p2a: Frosmoth|Bug Buzz|p1a: Tapu Fini\n|-resisted|p1a: Tapu Fini\n|-damage|p1a: Tapu Fini|9\/100\n|\n|-heal|p1a: Tapu Fini|15\/100|[from] item: Leftovers\n|upkeep\n|turn|36\n|\n|t:|1600454522\n|move|p1a: Tapu Fini|Defog|p2a: Frosmoth\n|-unboost|p2a: Frosmoth|evasion|1\n|-sideend|p1: Daunzu|Spikes|[from] move: Defog|[of] p1a: Tapu Fini\n|-fieldend|Misty Terrain\n|cant|p2a: Frosmoth|par\n|\n|-heal|p1a: Tapu Fini|21\/100|[from] item: Leftovers\n|upkeep\n|turn|37\n|\n|t:|1600454525\n|move|p1a: Tapu Fini|Nature's Madness|p2a: Frosmoth\n|-damage|p2a: Frosmoth|51\/100 par\n|move|p2a: Frosmoth|Quiver Dance|p2a: Frosmoth\n|-boost|p2a: Frosmoth|spa|1\n|-boost|p2a: Frosmoth|spd|1\n|-boost|p2a: Frosmoth|spe|1\n|\n|-heal|p1a: Tapu Fini|27\/100|[from] item: Leftovers\n|upkeep\n|turn|38\n|\n|t:|1600454528\n|move|p1a: Tapu Fini|Moonblast|p2a: Frosmoth\n|-damage|p2a: Frosmoth|38\/100 par\n|-unboost|p2a: Frosmoth|spa|1\n|move|p2a: Frosmoth|Ice Beam|p1a: Tapu Fini\n|-resisted|p1a: Tapu Fini\n|-damage|p1a: Tapu Fini|13\/100\n|\n|-heal|p1a: Tapu Fini|19\/100|[from] item: Leftovers\n|upkeep\n|turn|39\n|\n|t:|1600454531\n|move|p1a: Tapu Fini|Moonblast|p2a: Frosmoth\n|-damage|p2a: Frosmoth|24\/100 par\n|move|p2a: Frosmoth|Ice Beam|p1a: Tapu Fini\n|-resisted|p1a: Tapu Fini\n|-damage|p1a: Tapu Fini|5\/100\n|\n|-heal|p1a: Tapu Fini|11\/100|[from] item: Leftovers\n|upkeep\n|turn|40\n|\n|t:|1600454533\n|move|p1a: Tapu Fini|Moonblast|p2a: Frosmoth\n|-damage|p2a: Frosmoth|11\/100 par\n|move|p2a: Frosmoth|Ice Beam|p1a: Tapu Fini\n|-resisted|p1a: Tapu Fini\n|-damage|p1a: Tapu Fini|0 fnt\n|faint|p1a: Tapu Fini\n|\n|upkeep\n|\n|t:|1600454538\n|switch|p1a: Latios|Latios, M|25\/100\n|turn|41\n|\n|t:|1600454542\n|switch|p2a: Torkoal|Torkoal, M|54\/100\n|-weather|SunnyDay|[from] ability: Drought|[of] p2a: Torkoal\n|move|p1a: Latios|Psyshock|p2a: Torkoal\n|-damage|p2a: Torkoal|24\/100\n|\n|-weather|SunnyDay|[upkeep]\n|upkeep\n|turn|42\n|\n|t:|1600454545\n|switch|p2a: Slowking|Slowking, F|100\/100 par\n|move|p1a: Latios|Psyshock|p2a: Slowking\n|-resisted|p2a: Slowking\n|-damage|p2a: Slowking|75\/100 par\n|\n|-weather|SunnyDay|[upkeep]\n|upkeep\n|turn|43\n|\n|t:|1600454547\n|move|p1a: Latios|Psyshock|p2a: Slowking\n|-resisted|p2a: Slowking\n|-damage|p2a: Slowking|52\/100 par\n|cant|p2a: Slowking|par\n|\n|-weather|SunnyDay|[upkeep]\n|upkeep\n|turn|44\n|\n|t:|1600454550\n|move|p1a: Latios|Psyshock|p2a: Slowking\n|-resisted|p2a: Slowking\n|-damage|p2a: Slowking|29\/100 par\n|move|p2a: Slowking|Teleport|p2a: Slowking\n|\n|t:|1600454552\n|switch|p2a: Venusaur|Venusaur, M, shiny|34\/100|[from]move: Teleport\n|\n|-weather|SunnyDay|[upkeep]\n|upkeep\n|turn|45\n|\n|t:|1600454558\n|switch|p1a: Slowbro|Slowbro, M|96\/100\n|move|p2a: Venusaur|Sludge Bomb|p1a: Slowbro\n|-damage|p1a: Slowbro|37\/100\n|-status|p1a: Slowbro|psn\n|-damage|p2a: Venusaur|24\/100|[from] item: Life Orb\n|\n|-weather|none\n|-damage|p1a: Slowbro|24\/100 psn|[from] psn\n|upkeep\n|turn|46\n|\n|t:|1600454562\n|move|p2a: Venusaur|Giga Drain|p1a: Slowbro\n|-supereffective|p1a: Slowbro\n|-damage|p1a: Slowbro|0 fnt\n|-heal|p2a: Venusaur|40\/100|[from] drain|[of] p1a: Slowbro\n|-damage|p2a: Venusaur|30\/100|[from] item: Life Orb\n|faint|p1a: Slowbro\n|\n|upkeep\n|\n|t:|1600454565\n|switch|p1a: Latios|Latios, M|25\/100\n|turn|47\n|\n|t:|1600454567\n|switch|p2a: Torkoal|Torkoal, M|24\/100\n|-weather|SunnyDay|[from] ability: Drought|[of] p2a: Torkoal\n|move|p1a: Latios|Psyshock|p2a: Torkoal\n|-damage|p2a: Torkoal|0 fnt\n|faint|p2a: Torkoal\n|\n|-weather|SunnyDay|[upkeep]\n|upkeep\n|\n|t:|1600454569\n|switch|p2a: Venusaur|Venusaur, M, shiny|30\/100\n|turn|48\n|\n|t:|1600454573\n|move|p2a: Venusaur|Sludge Bomb|p1a: Latios\n|-damage|p1a: Latios|0 fnt\n|-damage|p2a: Venusaur|20\/100|[from] item: Life Orb\n|faint|p1a: Latios\n|\n|-weather|SunnyDay|[upkeep]\n|upkeep\n|\n|t:|1600454575\n|switch|p1a: Victini|Victini|30\/100\n|turn|49\n|\n|t:|1600454577\n|move|p2a: Venusaur|Sludge Bomb|p1a: Victini\n|-damage|p1a: Victini|0 fnt\n|-damage|p2a: Venusaur|10\/100|[from] item: Life Orb\n|faint|p1a: Victini\n|\n|win|Shorknado\n|l|\u2606Daunzu\n","uploadtime":1600454581,"views":12,"p1id":"daunzu","p2id":"shorknado","formatid":"gen8nationaldex","rating":0,"private":0,"password":null}