{"id":"gen8ou-1499465463","p1":"Charli91","p2":"Igotthegat","format":"gen8ou","log":"|j|\u2606Charli91\n|j|\u2606Igotthegat\n|t:|1643292299\n|gametype|singles\n|player|p1|Charli91|lucas|1349\n|player|p2|Igotthegat|hilda|1398\n|teamsize|p1|6\n|teamsize|p2|6\n|gen|8\n|tier|[Gen 8] OU\n|rated|\n|rule|Sleep Clause Mod: Limit one foe put to sleep\n|rule|Species Clause: Limit one of each Pok\u00e9mon\n|rule|OHKO Clause: OHKO moves are banned\n|rule|Evasion Moves Clause: Evasion moves are banned\n|rule|Endless Battle Clause: Forcing endless battles is banned\n|rule|HP Percentage Mod: HP is shown in percentages\n|rule|Dynamax Clause: You cannot dynamax\n|clearpoke\n|poke|p1|Torkoal, F|\n|poke|p1|Venusaur, F|\n|poke|p1|Leafeon, F|\n|poke|p1|Incineroar, M|\n|poke|p1|Darmanitan, M|\n|poke|p1|Blacephalon|\n|poke|p2|Landorus-Therian, M|\n|poke|p2|Slowbro, F|\n|poke|p2|Volcarona, F|\n|poke|p2|Bisharp, M|\n|poke|p2|Kartana|\n|poke|p2|Rotom-Wash|\n|teampreview\n|inactive|Battle timer is ON: inactive players will automatically lose when time's up. (requested by Charli91)\n|\n|t:|1643292308\n|start\n|switch|p1a: Torkoal|Torkoal, F|100\/100\n|switch|p2a: Rotom|Rotom-Wash|100\/100\n|-weather|SunnyDay|[from] ability: Drought|[of] p1a: Torkoal\n|turn|1\n|\n|t:|1643292323\n|move|p2a: Rotom|Volt Switch|p1a: Torkoal\n|-damage|p1a: Torkoal|67\/100\n|\n|t:|1643292327\n|switch|p2a: Slowbro|Slowbro, F|100\/100|[from]move: Volt Switch\n|move|p1a: Torkoal|Stealth Rock|p2a: Slowbro\n|-sidestart|p2: Igotthegat|move: Stealth Rock\n|\n|-weather|SunnyDay|[upkeep]\n|upkeep\n|turn|2\n|\n|t:|1643292337\n|switch|p1a: Incineroar|Incineroar, M|100\/100\n|-ability|p1a: Incineroar|Intimidate|boost\n|-unboost|p2a: Slowbro|atk|1\n|move|p2a: Slowbro|Future Sight|p1a: Incineroar\n|-start|p2a: Slowbro|move: Future Sight\n|\n|-weather|SunnyDay|[upkeep]\n|upkeep\n|turn|3\n|\n|t:|1643292349\n|move|p1a: Incineroar|U-turn|p2a: Slowbro\n|-supereffective|p2a: Slowbro\n|-damage|p2a: Slowbro|78\/100\n|\n|t:|1643292373\n|switch|p1a: Leafeon|Leafeon, F|100\/100|[from]move: U-turn\n|move|p2a: Slowbro|Teleport|p2a: Slowbro\n|\n|t:|1643292380\n|switch|p2a: Volcarona|Volcarona, F|100\/100|[from]move: Teleport\n|\n|-weather|SunnyDay|[upkeep]\n|upkeep\n|turn|4\n|\n|t:|1643292388\n|switch|p1a: Incineroar|Incineroar, M|100\/100\n|-ability|p1a: Incineroar|Intimidate|boost\n|-unboost|p2a: Volcarona|atk|1\n|move|p2a: Volcarona|Fiery Dance|p1a: Incineroar\n|-resisted|p1a: Incineroar\n|-damage|p1a: Incineroar|87\/100\n|-boost|p2a: Volcarona|spa|1\n|\n|-weather|SunnyDay|[upkeep]\n|-end|p1a: Incineroar|move: Future Sight\n|-immune|p1a: Incineroar\n|upkeep\n|turn|5\n|\n|t:|1643292406\n|move|p2a: Volcarona|Bug Buzz|p1a: Incineroar\n|-damage|p1a: Incineroar|54\/100\n|move|p1a: Incineroar|Knock Off|p2a: Volcarona\n|-damage|p2a: Volcarona|44\/100\n|-enditem|p2a: Volcarona|Heavy-Duty Boots|[from] move: Knock Off|[of] p1a: Incineroar\n|\n|-weather|SunnyDay|[upkeep]\n|upkeep\n|turn|6\n|\n|t:|1643292418\n|move|p2a: Volcarona|Fiery Dance|p1a: Incineroar\n|-resisted|p1a: Incineroar\n|-damage|p1a: Incineroar|31\/100\n|move|p1a: Incineroar|Flare Blitz|p2a: Volcarona\n|-damage|p2a: Volcarona|0 fnt\n|faint|p2a: Volcarona\n|-damage|p1a: Incineroar|20\/100|[from] Recoil\n|\n|-weather|SunnyDay|[upkeep]\n|upkeep\n|\n|t:|1643292429\n|switch|p2a: Rotom|Rotom-Wash|100\/100\n|-damage|p2a: Rotom|88\/100|[from] Stealth Rock\n|turn|7\n|\n|t:|1643292438\n|move|p2a: Rotom|Volt Switch|p1a: Incineroar\n|-damage|p1a: Incineroar|8\/100\n|\n|t:|1643292444\n|switch|p2a: Landorus|Landorus-Therian, M|100\/100|[from]move: Volt Switch\n|-damage|p2a: Landorus|88\/100|[from] Stealth Rock\n|-ability|p2a: Landorus|Intimidate|boost\n|-unboost|p1a: Incineroar|atk|1\n|move|p1a: Incineroar|U-turn|p2a: Landorus\n|-resisted|p2a: Landorus\n|-crit|p2a: Landorus\n|-damage|p2a: Landorus|79\/100\n|\n|t:|1643292468\n|switch|p1a: Darmanitan|Darmanitan, M|100\/100|[from]move: U-turn\n|\n|-weather|SunnyDay|[upkeep]\n|-heal|p2a: Landorus|85\/100|[from] item: Leftovers\n|upkeep\n|turn|8\n|\n|t:|1643292476\n|move|p1a: Darmanitan|Flare Blitz|p2a: Landorus\n|-damage|p2a: Landorus|0 fnt\n|faint|p2a: Landorus\n|-damage|p1a: Darmanitan|70\/100|[from] Recoil\n|\n|-weather|none\n|upkeep\n|-message|Igotthegat forfeited.\n|\n|win|Charli91\n|raw|Charli91's rating: 1349 &rarr; <strong>1372<\/strong><br \/>(+23 for winning)\n|raw|Igotthegat's rating: 1398 &rarr; <strong>1375<\/strong><br \/>(-23 for losing)\n|l|\u2606Igotthegat\n||Ladder isn't responding, score probably updated but might not have (Request timeout).\n","uploadtime":1643292484,"views":22,"p1id":"charli91","p2id":"igotthegat","formatid":"gen8ou","rating":1372,"private":0,"password":null}