{"id":"gen8bdspou-1461917856","p1":"TryHonesty","p2":"Aeglos","format":"gen8bdspou","log":"|j|\u2606TryHonesty\n|j|\u2606Aeglos\n|t:|1638011077\n|gametype|singles\n|player|p1|TryHonesty|2|1267\n|player|p2|Aeglos|1|1272\n|teamsize|p1|6\n|teamsize|p2|6\n|gen|8\n|tier|[Gen 8 BDSP] OU\n|rated|\n|rule|Sleep Clause Mod: Limit one foe put to sleep\n|rule|Species Clause: Limit one of each Pok\u00e9mon\n|rule|OHKO Clause: OHKO moves are banned\n|rule|Evasion Moves Clause: Evasion moves are banned\n|rule|Endless Battle Clause: Forcing endless battles is banned\n|rule|HP Percentage Mod: HP is shown in percentages\n|clearpoke\n|poke|p1|Gardevoir, F|\n|poke|p1|Magnezone|\n|poke|p1|Forretress, M|\n|poke|p1|Entei|\n|poke|p1|Mamoswine, M|\n|poke|p1|Latios, M|\n|poke|p2|Honchkrow, F|\n|poke|p2|Staraptor, M|\n|poke|p2|Latias, F|\n|poke|p2|Empoleon, M|\n|poke|p2|Garchomp, M|\n|poke|p2|Magnezone|\n|teampreview\n|inactive|Battle timer is ON: inactive players will automatically lose when time's up. (requested by TryHonesty)\n|\n|t:|1638011121\n|start\n|switch|p1a: Mamoswine|Mamoswine, M|100\/100\n|switch|p2a: Staraptor|Staraptor, M|100\/100\n|turn|1\n|\n|t:|1638011131\n|switch|p1a: Forretress|Forretress, M|100\/100\n|move|p2a: Staraptor|U-turn|p1a: Forretress\n|-resisted|p1a: Forretress\n|-crit|p1a: Forretress\n|-damage|p1a: Forretress|86\/100\n|\n|t:|1638011133\n|switch|p2a: Magnezone|Magnezone|100\/100|[from]move: U-turn\n|\n|-heal|p1a: Forretress|92\/100|[from] item: Leftovers\n|upkeep\n|turn|2\n|\n|t:|1638011139\n|move|p2a: Magnezone|Thunderbolt|p1a: Forretress\n|-damage|p1a: Forretress|0 fnt\n|faint|p1a: Forretress\n|\n|upkeep\n|\n|t:|1638011142\n|switch|p1a: Mamoswine|Mamoswine, M|100\/100\n|turn|3\n|\n|t:|1638011153\n|switch|p2a: Staraptor|Staraptor, M|100\/100\n|move|p1a: Mamoswine|Stealth Rock|p2a: Staraptor\n|-sidestart|p2: Aeglos|move: Stealth Rock\n|\n|upkeep\n|turn|4\n|\n|t:|1638011168\n|switch|p1a: Magnezone|Magnezone|100\/100\n|move|p2a: Staraptor|Double-Edge|p1a: Magnezone\n|-resisted|p1a: Magnezone\n|-crit|p1a: Magnezone\n|-damage|p1a: Magnezone|11\/100\n|-damage|p2a: Staraptor|74\/100|[from] Recoil\n|\n|upkeep\n|turn|5\n|\n|t:|1638011175\n|move|p2a: Staraptor|Double-Edge|p1a: Magnezone\n|-resisted|p1a: Magnezone\n|-damage|p1a: Magnezone|0 fnt\n|faint|p1a: Magnezone\n|-damage|p2a: Staraptor|71\/100|[from] Recoil\n|\n|upkeep\n|\n|t:|1638011177\n|switch|p1a: Mamoswine|Mamoswine, M|100\/100\n|turn|6\n|inactive|Aeglos has 120 seconds left.\n|\n|t:|1638011211\n|move|p1a: Mamoswine|Ice Shard|p2a: Staraptor\n|-supereffective|p2a: Staraptor\n|-damage|p2a: Staraptor|0 fnt\n|faint|p2a: Staraptor\n|-damage|p1a: Mamoswine|91\/100|[from] item: Life Orb\n|\n|upkeep\n|inactive|Aeglos has 120 seconds left.\n|\n|t:|1638011226\n|switch|p2a: Latias|Latias, F|100\/100\n|-damage|p2a: Latias|88\/100|[from] Stealth Rock\n|turn|7\n|inactive|Aeglos has 120 seconds left.\n|\n|t:|1638011245\n|switch|p2a: Honchkrow|Honchkrow, F|100\/100\n|-damage|p2a: Honchkrow|76\/100|[from] Stealth Rock\n|switch|p1a: Gardevoir|Gardevoir, F|100\/100\n|-ability|p1a: Gardevoir|Moxie|[from] ability: Trace|[of] p2a: Honchkrow\n|\n|upkeep\n|turn|8\n|\n|t:|1638011268\n|move|p2a: Honchkrow|Sucker Punch|p1a: Gardevoir\n|-damage|p1a: Gardevoir|18\/100\n|move|p1a: Gardevoir|Moonblast|p2a: Honchkrow\n|-supereffective|p2a: Honchkrow\n|-damage|p2a: Honchkrow|0 fnt\n|faint|p2a: Honchkrow\n|-ability|p1a: Gardevoir|Moxie|boost\n|-boost|p1a: Gardevoir|atk|1\n|\n|upkeep\n|c|\u2606Aeglos|wow\n|inactive|Aeglos has 120 seconds left.\n|c|\u2606Aeglos|that didn't kill\n|n|!Aeglos|aeglos\n|\n|t:|1638011296\n|switch|p2a: Empoleon|Empoleon, M|100\/100\n|-damage|p2a: Empoleon|94\/100|[from] Stealth Rock\n|turn|9\n|\n|t:|1638011306\n|move|p1a: Gardevoir|Moonblast|p2a: Empoleon\n|-resisted|p2a: Empoleon\n|-damage|p2a: Empoleon|53\/100\n|move|p2a: Empoleon|Defog|p1a: Gardevoir\n|-unboost|p1a: Gardevoir|evasion|1\n|-sideend|p2: Aeglos|Stealth Rock|[from] move: Defog|[of] p2a: Empoleon\n|\n|upkeep\n|turn|10\n|\n|t:|1638011309\n|move|p1a: Gardevoir|Moonblast|p2a: Empoleon\n|-resisted|p2a: Empoleon\n|-damage|p2a: Empoleon|13\/100\n|move|p2a: Empoleon|Ice Beam|p1a: Gardevoir\n|-damage|p1a: Gardevoir|0 fnt\n|faint|p1a: Gardevoir\n|\n|upkeep\n|\n|t:|1638011318\n|switch|p1a: Mamoswine|Mamoswine, M|91\/100\n|turn|11\n|\n|t:|1638011322\n|move|p1a: Mamoswine|Earthquake|p2a: Empoleon\n|-supereffective|p2a: Empoleon\n|-damage|p2a: Empoleon|0 fnt\n|faint|p2a: Empoleon\n|-damage|p1a: Mamoswine|81\/100|[from] item: Life Orb\n|\n|upkeep\n|\n|t:|1638011324\n|switch|p2a: Latias|Latias, F|88\/100\n|turn|12\n|\n|t:|1638011336\n|switch|p1a: Entei|Entei|100\/100\n|move|p2a: Latias|Draco Meteor|p1a: Entei\n|-damage|p1a: Entei|5\/100\n|-unboost|p2a: Latias|spa|2\n|-damage|p2a: Latias|78\/100|[from] item: Life Orb\n|\n|upkeep\n|turn|13\n|\n|t:|1638011344\n|switch|p2a: Garchomp|Garchomp, M|100\/100\n|move|p1a: Entei|Extreme Speed|p2a: Garchomp\n|-damage|p2a: Garchomp|58\/100\n|-damage|p1a: Entei|0 fnt|[from] ability: Rough Skin|[of] p2a: Garchomp\n|faint|p1a: Entei\n|\n|-heal|p2a: Garchomp|64\/100|[from] item: Leftovers\n|upkeep\n|\n|t:|1638011353\n|switch|p1a: Mamoswine|Mamoswine, M|81\/100\n|turn|14\n|\n|t:|1638011357\n|move|p1a: Mamoswine|Ice Shard|p2a: Garchomp\n|-supereffective|p2a: Garchomp\n|-damage|p2a: Garchomp|0 fnt\n|faint|p2a: Garchomp\n|-damage|p1a: Mamoswine|71\/100|[from] item: Life Orb\n|\n|upkeep\n|\n|t:|1638011360\n|switch|p2a: Latias|Latias, F|78\/100\n|turn|15\n|\n|t:|1638011373\n|switch|p2a: Magnezone|Magnezone|100\/100\n|move|p1a: Mamoswine|Ice Shard|p2a: Magnezone\n|-resisted|p2a: Magnezone\n|-damage|p2a: Magnezone|85\/100\n|-damage|p1a: Mamoswine|61\/100|[from] item: Life Orb\n|\n|upkeep\n|turn|16\n|\n|t:|1638011376\n|move|p1a: Mamoswine|Earthquake|p2a: Magnezone\n|-supereffective|p2a: Magnezone\n|-damage|p2a: Magnezone|0 fnt\n|faint|p2a: Magnezone\n|-damage|p1a: Mamoswine|51\/100|[from] item: Life Orb\n|\n|upkeep\n|\n|t:|1638011377\n|switch|p2a: Latias|Latias, F|78\/100\n|turn|17\n|\n|t:|1638011381\n|move|p1a: Mamoswine|Ice Shard|p2a: Latias\n|-supereffective|p2a: Latias\n|-damage|p2a: Latias|5\/100\n|-damage|p1a: Mamoswine|41\/100|[from] item: Life Orb\n|move|p2a: Latias|Draco Meteor|p1a: Mamoswine\n|-damage|p1a: Mamoswine|0 fnt\n|-unboost|p2a: Latias|spa|2\n|faint|p1a: Mamoswine\n|-damage|p2a: Latias|0 fnt|[from] item: Life Orb\n|faint|p2a: Latias\n|\n|win|TryHonesty\n|raw|TryHonesty's rating: 1267 &rarr; <strong>1292<\/strong><br \/>(+25 for winning)\n|raw|Aeglos's rating: 1272 &rarr; <strong>1247<\/strong><br \/>(-25 for losing)\n","uploadtime":1638011282,"views":23,"p1id":"tryhonesty","p2id":"aeglos","formatid":"gen8bdspou","rating":1247,"private":0,"password":null}