{"id":"gen8ou-1052612543","p1":"FIRE LORD AESON!","p2":"delchef","format":"gen8ou","log":"|j|\u2606FIRE LORD AESON!\n|j|\u2606delchef\n|player|p1|FIRE LORD AESON!|red-gen1|1623\n|player|p2|delchef|marshal|1635\n|teamsize|p1|6\n|teamsize|p2|6\n|gametype|singles\n|gen|8\n|tier|[Gen 8] OU\n|rated|\n|clearpoke\n|poke|p1|Cinderace, F|\n|poke|p1|Corviknight, M|\n|poke|p1|Charizard, F|\n|poke|p1|Kommo-o, M|\n|poke|p1|Hatterene, F|\n|poke|p1|Torkoal, F|\n|poke|p2|Hydreigon, M|\n|poke|p2|Ferrothorn, M|\n|poke|p2|Clefable, F|\n|poke|p2|Rotom-Heat|\n|poke|p2|Mandibuzz, F|\n|poke|p2|Aegislash, M|\n|rule|Sleep Clause Mod: Limit one foe put to sleep\n|rule|Species Clause: Limit one of each Pok\u00e9mon\n|rule|OHKO Clause: OHKO moves are banned\n|rule|Evasion Moves Clause: Evasion moves are banned\n|rule|Endless Battle Clause: Forcing endless battles is banned\n|rule|HP Percentage Mod: HP is shown in percentages\n|rule|Dynamax Clause: You cannot dynamax\n|teampreview\n|\n|start\n|switch|p1a: SEXY AESON UTUBE??|Hatterene, F|100\/100\n|switch|p2a: Rotom|Rotom-Heat, shiny|100\/100\n|turn|1\n|\n|move|p2a: Rotom|Nasty Plot|p2a: Rotom\n|-boost|p2a: Rotom|spa|2\n|move|p1a: SEXY AESON UTUBE??|Psychic|p2a: Rotom\n|-damage|p2a: Rotom|35\/100\n|-unboost|p2a: Rotom|spd|1\n|\n|upkeep\n|turn|2\n|\n|move|p2a: Rotom|Volt Switch|p1a: SEXY AESON UTUBE??\n|-damage|p1a: SEXY AESON UTUBE??|39\/100\n|\n|switch|p2a: Hydreigon|Hydreigon, M, shiny|100\/100|[from]move: Volt Switch\n|move|p1a: SEXY AESON UTUBE??|Trick Room|p1a: SEXY AESON UTUBE??\n|-fieldstart|move: Trick Room|[of] p1a: SEXY AESON UTUBE??\n|\n|upkeep\n|turn|3\n|\n|switch|p1a: \u2600\ufe0fRESPECT THE SUN\u2600|Torkoal, F, shiny|100\/100\n|-weather|SunnyDay|[from] ability: Drought|[of] p1a: \u2600\ufe0fRESPECT THE SUN\u2600\n|switch|p2a: Aegislash|Aegislash, M|100\/100\n|\n|-weather|SunnyDay|[upkeep]\n|upkeep\n|turn|4\n|\n|switch|p2a: Hydreigon|Hydreigon, M, shiny|100\/100\n|move|p1a: \u2600\ufe0fRESPECT THE SUN\u2600|Stealth Rock|p2a: Hydreigon\n|-sidestart|p2: delchef|move: Stealth Rock\n|\n|-weather|SunnyDay|[upkeep]\n|upkeep\n|turn|5\n|\n|move|p1a: \u2600\ufe0fRESPECT THE SUN\u2600|Yawn|p2a: Hydreigon\n|-start|p2a: Hydreigon|move: Yawn|[of] p1a: \u2600\ufe0fRESPECT THE SUN\u2600\n|move|p2a: Hydreigon|Flash Cannon|p1a: \u2600\ufe0fRESPECT THE SUN\u2600\n|-resisted|p1a: \u2600\ufe0fRESPECT THE SUN\u2600\n|-damage|p1a: \u2600\ufe0fRESPECT THE SUN\u2600|82\/100\n|-damage|p2a: Hydreigon|91\/100|[from] item: Life Orb\n|\n|-weather|SunnyDay|[upkeep]\n|upkeep\n|turn|6\n|\n|switch|p1a: \ud83d\udd25SICK BURN BRO\ud83d\udd25|Charizard, F|100\/100\n|switch|p2a: Mandibuzz|Mandibuzz, F, shiny|100\/100\n|\n|-weather|SunnyDay|[upkeep]\n|-damage|p1a: \ud83d\udd25SICK BURN BRO\ud83d\udd25|88\/100|[from] ability: Solar Power|[of] p1a: \ud83d\udd25SICK BURN BRO\ud83d\udd25\n|-fieldend|move: Trick Room\n|upkeep\n|turn|7\n|\n|move|p1a: \ud83d\udd25SICK BURN BRO\ud83d\udd25|Fire Blast|p2a: Mandibuzz\n|-damage|p2a: Mandibuzz|6\/100\n|move|p2a: Mandibuzz|Defog|p1a: \ud83d\udd25SICK BURN BRO\ud83d\udd25\n|-unboost|p1a: \ud83d\udd25SICK BURN BRO\ud83d\udd25|evasion|1\n|-sideend|p2: delchef|Stealth Rock|[from] move: Defog|[of] p2a: Mandibuzz\n|\n|-weather|SunnyDay|[upkeep]\n|-damage|p1a: \ud83d\udd25SICK BURN BRO\ud83d\udd25|76\/100|[from] ability: Solar Power|[of] p1a: \ud83d\udd25SICK BURN BRO\ud83d\udd25\n|upkeep\n|turn|8\n|\n|move|p1a: \ud83d\udd25SICK BURN BRO\ud83d\udd25|Fire Blast|p2a: Mandibuzz\n|-damage|p2a: Mandibuzz|0 fnt\n|faint|p2a: Mandibuzz\n|\n|-weather|SunnyDay|[upkeep]\n|-damage|p1a: \ud83d\udd25SICK BURN BRO\ud83d\udd25|63\/100|[from] ability: Solar Power|[of] p1a: \ud83d\udd25SICK BURN BRO\ud83d\udd25\n|upkeep\n|\n|switch|p2a: Hydreigon|Hydreigon, M, shiny|91\/100\n|turn|9\n|\n|move|p1a: \ud83d\udd25SICK BURN BRO\ud83d\udd25|Fire Blast|p2a: Hydreigon\n|-resisted|p2a: Hydreigon\n|-damage|p2a: Hydreigon|25\/100\n|-status|p2a: Hydreigon|brn\n|move|p2a: Hydreigon|Nasty Plot|p2a: Hydreigon\n|-boost|p2a: Hydreigon|spa|2\n|\n|-weather|SunnyDay|[upkeep]\n|-damage|p1a: \ud83d\udd25SICK BURN BRO\ud83d\udd25|51\/100|[from] ability: Solar Power|[of] p1a: \ud83d\udd25SICK BURN BRO\ud83d\udd25\n|-damage|p2a: Hydreigon|19\/100 brn|[from] brn\n|upkeep\n|turn|10\n|\n|move|p1a: \ud83d\udd25SICK BURN BRO\ud83d\udd25|Fire Blast|p2a: Hydreigon\n|-resisted|p2a: Hydreigon\n|-damage|p2a: Hydreigon|0 fnt\n|faint|p2a: Hydreigon\n|\n|-weather|none\n|upkeep\n|-message|delchef forfeited.\n|\n|win|FIRE LORD AESON!\n|l|\u2606delchef\n|raw|FIRE LORD AESON!'s rating: 1623 &rarr; <strong>1645<\/strong><br \/>(+22 for winning)\n|raw|delchef's rating: 1658 &rarr; <strong>1636<\/strong><br \/>(-22 for losing)\n","uploadtime":1579982316,"views":30,"p1id":"firelordaeson","p2id":"delchef","formatid":"gen8ou","rating":1636,"private":0,"password":null}