{"id":"gen8uu-1590751008","p1":"Hosupisu","p2":"Kikoobuster","format":"gen8uu","log":"|j|\u2606Hosupisu\n|j|\u2606Kikoobuster\n|t:|1654559656\n|gametype|singles\n|player|p1|Hosupisu|marley|1042\n|player|p2|Kikoobuster|2|1277\n|teamsize|p1|6\n|teamsize|p2|6\n|gen|8\n|tier|[Gen 8] UU\n|rated|\n|rule|Sleep Clause Mod: Limit one foe put to sleep\n|rule|Species Clause: Limit one of each Pok\u00e9mon\n|rule|OHKO Clause: OHKO moves are banned\n|rule|Evasion Moves Clause: Evasion moves are banned\n|rule|Endless Battle Clause: Forcing endless battles is banned\n|rule|HP Percentage Mod: HP is shown in percentages\n|rule|Dynamax Clause: You cannot dynamax\n|clearpoke\n|poke|p1|Mesprit|\n|poke|p1|Marowak-Alola, F|\n|poke|p1|Porygon2|\n|poke|p1|Cresselia, F|\n|poke|p1|Conkeldurr, F|\n|poke|p1|Nidoking, M|\n|poke|p2|Sylveon, F|\n|poke|p2|Rotom-Heat|\n|poke|p2|Decidueye, M|\n|poke|p2|Toxtricity, M|\n|poke|p2|Gyarados, F|\n|poke|p2|Krookodile, M|\n|teampreview\n|inactive|Battle timer is ON: inactive players will automatically lose when time's up. (requested by Hosupisu)\n|\n|t:|1654559664\n|start\n|switch|p1a: Mesprit|Mesprit|100\/100\n|switch|p2a: Krookodile|Krookodile, M|100\/100\n|turn|1\n|\n|t:|1654559676\n|move|p2a: Krookodile|Knock Off|p1a: Mesprit\n|-supereffective|p1a: Mesprit\n|-enditem|p1a: Mesprit|Colbur Berry|[eat]\n|-enditem|p1a: Mesprit|Colbur Berry|[weaken]\n|-damage|p1a: Mesprit|67\/100\n|move|p1a: Mesprit|Stealth Rock|p2a: Krookodile\n|-sidestart|p2: Kikoobuster|move: Stealth Rock\n|\n|upkeep\n|turn|2\n|\n|t:|1654559693\n|switch|p1a: Conkeldurr|Conkeldurr, F|100\/100\n|move|p2a: Krookodile|Knock Off|p1a: Conkeldurr\n|-resisted|p1a: Conkeldurr\n|-damage|p1a: Conkeldurr|80\/100\n|-enditem|p1a: Conkeldurr|Flame Orb|[from] move: Knock Off|[of] p2a: Krookodile\n|\n|upkeep\n|turn|3\n|\n|t:|1654559701\n|switch|p2a: Sylveon|Sylveon, F, shiny|100\/100\n|-damage|p2a: Sylveon|88\/100|[from] Stealth Rock\n|move|p1a: Conkeldurr|Mach Punch|p2a: Sylveon\n|-resisted|p2a: Sylveon\n|-damage|p2a: Sylveon|76\/100\n|\n|-heal|p2a: Sylveon|82\/100|[from] item: Leftovers\n|upkeep\n|turn|4\n|\n|t:|1654559710\n|switch|p1a: Mesprit|Mesprit|67\/100\n|move|p2a: Sylveon|Wish|p2a: Sylveon\n|\n|-heal|p2a: Sylveon|88\/100|[from] item: Leftovers\n|upkeep\n|turn|5\n|\n|t:|1654559722\n|switch|p2a: Decidueye|Decidueye, M|100\/100\n|-damage|p2a: Decidueye|88\/100|[from] Stealth Rock\n|move|p1a: Mesprit|Trick Room|p1a: Mesprit\n|-fieldstart|move: Trick Room|[of] p1a: Mesprit\n|\n|-heal|p2a: Decidueye|100\/100|[from] move: Wish|[wisher] Sylveon\n|upkeep\n|turn|6\n|\n|t:|1654559737\n|switch|p1a: Conkeldurr|Conkeldurr, F|80\/100\n|move|p2a: Decidueye|Defog|p1a: Conkeldurr\n|-unboost|p1a: Conkeldurr|evasion|1\n|-sideend|p2: Kikoobuster|Stealth Rock|[from] move: Defog|[of] p2a: Decidueye\n|\n|upkeep\n|turn|7\n|\n|t:|1654559743\n|move|p1a: Conkeldurr|Knock Off|p2a: Decidueye\n|-supereffective|p2a: Decidueye\n|-enditem|p2a: Decidueye|Colbur Berry|[eat]\n|-enditem|p2a: Decidueye|Colbur Berry|[weaken]\n|-damage|p2a: Decidueye|53\/100\n|move|p2a: Decidueye|Poltergeist||[still]\n|-fail|p2a: Decidueye\n|\n|upkeep\n|turn|8\n|\n|t:|1654559751\n|switch|p2a: Sylveon|Sylveon, F, shiny|88\/100\n|move|p1a: Conkeldurr|Knock Off|p2a: Sylveon\n|-resisted|p2a: Sylveon\n|-damage|p2a: Sylveon|67\/100\n|-enditem|p2a: Sylveon|Leftovers|[from] move: Knock Off|[of] p1a: Conkeldurr\n|\n|upkeep\n|turn|9\n|\n|t:|1654559759\n|switch|p1a: Mesprit|Mesprit|67\/100\n|move|p2a: Sylveon|Wish|p2a: Sylveon\n|\n|-fieldend|move: Trick Room\n|upkeep\n|turn|10\n|\n|t:|1654559769\n|move|p1a: Mesprit|Stealth Rock|p2a: Sylveon\n|-sidestart|p2: Kikoobuster|move: Stealth Rock\n|move|p2a: Sylveon|Hyper Voice|p1a: Mesprit\n|-damage|p1a: Mesprit|35\/100\n|\n|-heal|p2a: Sylveon|100\/100|[from] move: Wish|[wisher] Sylveon\n|upkeep\n|turn|11\n|\n|t:|1654559776\n|move|p2a: Sylveon|Hyper Voice|p1a: Mesprit\n|-damage|p1a: Mesprit|5\/100\n|move|p1a: Mesprit|Trick Room|p1a: Mesprit\n|-fieldstart|move: Trick Room|[of] p1a: Mesprit\n|\n|upkeep\n|turn|12\n|\n|t:|1654559782\n|move|p2a: Sylveon|Wish|p2a: Sylveon\n|move|p1a: Mesprit|Encore|p2a: Sylveon\n|-start|p2a: Sylveon|Encore\n|\n|upkeep\n|turn|13\n|\n|t:|1654559794\n|switch|p2a: Krookodile|Krookodile, M|100\/100\n|-damage|p2a: Krookodile|94\/100|[from] Stealth Rock\n|switch|p1a: Marowak|Marowak-Alola, F, shiny|100\/100\n|\n|-heal|p2a: Krookodile|100\/100|[from] move: Wish|[wisher] Sylveon\n|upkeep\n|turn|14\n|\n|t:|1654559804\n|move|p1a: Marowak|Substitute|p1a: Marowak\n|-start|p1a: Marowak|Substitute\n|-damage|p1a: Marowak|76\/100\n|move|p2a: Krookodile|Knock Off|p1a: Marowak\n|-supereffective|p1a: Marowak\n|-end|p1a: Marowak|Substitute\n|\n|upkeep\n|turn|15\n|\n|t:|1654559813\n|move|p1a: Marowak|Flare Blitz|p2a: Krookodile\n|-damage|p2a: Krookodile|0 fnt\n|faint|p2a: Krookodile\n|\n|-fieldend|move: Trick Room\n|upkeep\n|\n|t:|1654559816\n|switch|p2a: Decidueye|Decidueye, M|53\/100\n|-damage|p2a: Decidueye|41\/100|[from] Stealth Rock\n|turn|16\n|\n|t:|1654559830\n|switch|p1a: Porygon2|Porygon2, shiny|100\/100\n|-ability|p1a: Porygon2|Long Reach|[from] ability: Trace|[of] p2a: Decidueye\n|move|p2a: Decidueye|U-turn|p1a: Porygon2\n|-damage|p1a: Porygon2|90\/100\n|\n|t:|1654559838\n|switch|p2a: Toxtricity|Toxtricity, M|100\/100|[from]move: U-turn\n|-damage|p2a: Toxtricity|88\/100|[from] Stealth Rock\n|\n|upkeep\n|turn|17\n|\n|t:|1654559844\n|move|p2a: Toxtricity|Shift Gear|p2a: Toxtricity\n|-boost|p2a: Toxtricity|spe|2\n|-boost|p2a: Toxtricity|atk|1\n|move|p1a: Porygon2|Trick Room|p1a: Porygon2\n|-fieldstart|move: Trick Room|[of] p1a: Porygon2\n|\n|upkeep\n|turn|18\n|\n|t:|1654559854\n|move|p2a: Toxtricity|Overdrive|p1a: Porygon2\n|-damage|p1a: Porygon2|62\/100\n|-damage|p2a: Toxtricity|78\/100|[from] item: Life Orb\n|move|p1a: Porygon2|Teleport|p1a: Porygon2\n|\n|t:|1654559859\n|switch|p1a: Marowak|Marowak-Alola, F, shiny|76\/100|[from]move: Teleport\n|\n|upkeep\n|turn|19\n|\n|t:|1654559870\n|switch|p2a: Decidueye|Decidueye, M|41\/100\n|-damage|p2a: Decidueye|29\/100|[from] Stealth Rock\n|move|p1a: Marowak|Poltergeist||[still]\n|-fail|p1a: Marowak\n|\n|upkeep\n|turn|20\n|\n|t:|1654559878\n|move|p1a: Marowak|Shadow Bone|p2a: Decidueye\n|-supereffective|p2a: Decidueye\n|-damage|p2a: Decidueye|0 fnt\n|faint|p2a: Decidueye\n|\n|upkeep\n|\n|t:|1654559882\n|switch|p2a: Sylveon|Sylveon, F, shiny|100\/100\n|-damage|p2a: Sylveon|88\/100|[from] Stealth Rock\n|turn|21\n|\n|t:|1654559887\n|move|p2a: Sylveon|Protect|p2a: Sylveon\n|-singleturn|p2a: Sylveon|Protect\n|move|p1a: Marowak|Flare Blitz|p2a: Sylveon\n|-activate|p2a: Sylveon|move: Protect\n|\n|-fieldend|move: Trick Room\n|upkeep\n|turn|22\n|\n|t:|1654559895\n|switch|p1a: Mesprit|Mesprit|5\/100\n|move|p2a: Sylveon|Wish|p2a: Sylveon\n|\n|upkeep\n|turn|23\n|\n|t:|1654559902\n|move|p2a: Sylveon|Hyper Voice|p1a: Mesprit\n|-damage|p1a: Mesprit|0 fnt\n|faint|p1a: Mesprit\n|\n|-heal|p2a: Sylveon|100\/100|[from] move: Wish|[wisher] Sylveon\n|upkeep\n|\n|t:|1654559905\n|switch|p1a: Porygon2|Porygon2, shiny|62\/100\n|-ability|p1a: Porygon2|Pixilate|[from] ability: Trace|[of] p2a: Sylveon\n|turn|24\n|\n|t:|1654559914\n|move|p2a: Sylveon|Wish|p2a: Sylveon\n|move|p1a: Porygon2|Recover|p1a: Porygon2\n|-heal|p1a: Porygon2|100\/100\n|\n|upkeep\n|turn|25\n|\n|t:|1654559918\n|switch|p2a: Toxtricity|Toxtricity, M|78\/100\n|-damage|p2a: Toxtricity|66\/100|[from] Stealth Rock\n|move|p1a: Porygon2|Trick Room|p1a: Porygon2\n|-fieldstart|move: Trick Room|[of] p1a: Porygon2\n|\n|-heal|p2a: Toxtricity|100\/100|[from] move: Wish|[wisher] Sylveon\n|upkeep\n|turn|26\n|\n|t:|1654559929\n|move|p2a: Toxtricity|Overdrive|p1a: Porygon2\n|-damage|p1a: Porygon2|67\/100\n|-damage|p2a: Toxtricity|91\/100|[from] item: Life Orb\n|move|p1a: Porygon2|Teleport|p1a: Porygon2\n|\n|t:|1654559934\n|switch|p1a: Marowak|Marowak-Alola, F, shiny|76\/100|[from]move: Teleport\n|\n|upkeep\n|turn|27\n|\n|t:|1654559941\n|switch|p2a: Rotom|Rotom-Heat|100\/100\n|move|p1a: Marowak|Flare Blitz|p2a: Rotom\n|-resisted|p2a: Rotom\n|-damage|p2a: Rotom|63\/100\n|\n|upkeep\n|turn|28\n|\n|t:|1654559948\n|move|p1a: Marowak|Shadow Bone|p2a: Rotom\n|-damage|p2a: Rotom|12\/100\n|move|p2a: Rotom|Thunder Wave|p1a: Marowak\n|-status|p1a: Marowak|par\n|\n|upkeep\n|turn|29\n|\n|t:|1654559955\n|move|p1a: Marowak|Shadow Bone|p2a: Rotom\n|-damage|p2a: Rotom|0 fnt\n|faint|p2a: Rotom\n|\n|-fieldend|move: Trick Room\n|upkeep\n|\n|t:|1654559958\n|switch|p2a: Gyarados|Gyarados, F|100\/100\n|-ability|p2a: Gyarados|Intimidate|boost\n|-unboost|p1a: Marowak|atk|1\n|turn|30\n|\n|t:|1654559973\n|switch|p1a: Cresselia|Cresselia, F, shiny|100\/100\n|move|p2a: Gyarados|Dragon Dance|p2a: Gyarados\n|-boost|p2a: Gyarados|atk|1\n|-boost|p2a: Gyarados|spe|1\n|\n|upkeep\n|turn|31\n|\n|t:|1654559980\n|move|p2a: Gyarados|Dragon Dance|p2a: Gyarados\n|-boost|p2a: Gyarados|atk|1\n|-boost|p2a: Gyarados|spe|1\n|move|p1a: Cresselia|Trick Room|p1a: Cresselia\n|-fieldstart|move: Trick Room|[of] p1a: Cresselia\n|\n|upkeep\n|turn|32\n|\n|t:|1654559989\n|switch|p1a: Porygon2|Porygon2, shiny|67\/100\n|-ability|p1a: Porygon2|Intimidate|[from] ability: Trace|[of] p2a: Gyarados\n|-ability|p1a: Porygon2|Intimidate|boost\n|-unboost|p2a: Gyarados|atk|1\n|move|p2a: Gyarados|Waterfall|p1a: Porygon2\n|-damage|p1a: Porygon2|28\/100\n|\n|upkeep\n|turn|33\n|\n|t:|1654559996\n|move|p1a: Porygon2|Foul Play|p2a: Gyarados\n|-damage|p2a: Gyarados|35\/100\n|move|p2a: Gyarados|Waterfall|p1a: Porygon2\n|-damage|p1a: Porygon2|0 fnt\n|faint|p1a: Porygon2\n|\n|upkeep\n|\n|t:|1654560009\n|switch|p1a: Marowak|Marowak-Alola, F, shiny|76\/100 par\n|turn|34\n|\n|t:|1654560014\n|cant|p1a: Marowak|par\n|move|p2a: Gyarados|Waterfall|p1a: Marowak\n|-supereffective|p1a: Marowak\n|-damage|p1a: Marowak|0 fnt\n|faint|p1a: Marowak\n|\n|upkeep\n|\n|t:|1654560023\n|switch|p1a: Conkeldurr|Conkeldurr, F|80\/100\n|turn|35\n|\n|t:|1654560029\n|move|p1a: Conkeldurr|Knock Off|p2a: Gyarados\n|-damage|p2a: Gyarados|0 fnt\n|-enditem|p2a: Gyarados|Heavy-Duty Boots|[from] move: Knock Off|[of] p1a: Conkeldurr\n|faint|p2a: Gyarados\n|\n|-fieldend|move: Trick Room\n|upkeep\n|\n|t:|1654560032\n|switch|p2a: Sylveon|Sylveon, F, shiny|100\/100\n|-damage|p2a: Sylveon|88\/100|[from] Stealth Rock\n|turn|36\n|\n|t:|1654560040\n|switch|p1a: Nidoking|Nidoking, M, shiny|100\/100\n|move|p2a: Sylveon|Wish|p2a: Sylveon\n|\n|upkeep\n|turn|37\n|\n|t:|1654560047\n|move|p1a: Nidoking|Earth Power|p2a: Sylveon\n|-damage|p2a: Sylveon|60\/100\n|move|p2a: Sylveon|Hyper Voice|p1a: Nidoking\n|-resisted|p1a: Nidoking\n|-damage|p1a: Nidoking|71\/100\n|\n|-heal|p2a: Sylveon|100\/100|[from] move: Wish|[wisher] Sylveon\n|upkeep\n|turn|38\n|\n|t:|1654560062\n|switch|p1a: Cresselia|Cresselia, F, shiny|100\/100\n|move|p2a: Sylveon|Hyper Voice|p1a: Cresselia\n|-damage|p1a: Cresselia|80\/100\n|\n|upkeep\n|turn|39\n|\n|t:|1654560071\n|move|p1a: Cresselia|Shadow Ball|p2a: Sylveon\n|-damage|p2a: Sylveon|92\/100\n|-unboost|p2a: Sylveon|spd|1\n|move|p2a: Sylveon|Wish|p2a: Sylveon\n|\n|upkeep\n|turn|40\n|\n|t:|1654560078\n|switch|p1a: Conkeldurr|Conkeldurr, F|80\/100\n|switch|p2a: Toxtricity|Toxtricity, M|91\/100\n|-damage|p2a: Toxtricity|78\/100|[from] Stealth Rock\n|\n|-heal|p2a: Toxtricity|100\/100|[from] move: Wish|[wisher] Sylveon\n|upkeep\n|turn|41\n|\n|t:|1654560087\n|move|p2a: Toxtricity|Shift Gear|p2a: Toxtricity\n|-boost|p2a: Toxtricity|spe|2\n|-boost|p2a: Toxtricity|atk|1\n|move|p1a: Conkeldurr|Knock Off|p2a: Toxtricity\n|-damage|p2a: Toxtricity|35\/100\n|-enditem|p2a: Toxtricity|Life Orb|[from] move: Knock Off|[of] p1a: Conkeldurr\n|\n|upkeep\n|turn|42\n|\n|t:|1654560099\n|move|p2a: Toxtricity|Boomburst|p1a: Conkeldurr\n|-damage|p1a: Conkeldurr|10\/100\n|move|p1a: Conkeldurr|Close Combat|p2a: Toxtricity\n|-resisted|p2a: Toxtricity\n|-damage|p2a: Toxtricity|0 fnt\n|-unboost|p1a: Conkeldurr|def|1\n|-unboost|p1a: Conkeldurr|spd|1\n|faint|p2a: Toxtricity\n|\n|upkeep\n|\n|t:|1654560101\n|switch|p2a: Sylveon|Sylveon, F, shiny|92\/100\n|-damage|p2a: Sylveon|80\/100|[from] Stealth Rock\n|turn|43\n|c|\u2606Kikoobuster|gg\n|\n|t:|1654560112\n|move|p1a: Conkeldurr|Mach Punch|p2a: Sylveon\n|-resisted|p2a: Sylveon\n|-crit|p2a: Sylveon\n|-damage|p2a: Sylveon|61\/100\n|move|p2a: Sylveon|Wish|p2a: Sylveon\n|\n|upkeep\n|turn|44\n|\n|t:|1654560118\n|move|p1a: Conkeldurr|Mach Punch|p2a: Sylveon\n|-resisted|p2a: Sylveon\n|-damage|p2a: Sylveon|49\/100\n|move|p2a: Sylveon|Hyper Voice|p1a: Conkeldurr\n|-supereffective|p1a: Conkeldurr\n|-damage|p1a: Conkeldurr|0 fnt\n|faint|p1a: Conkeldurr\n|\n|-heal|p2a: Sylveon|99\/100|[from] move: Wish|[wisher] Sylveon\n|upkeep\n|\n|t:|1654560124\n|switch|p1a: Nidoking|Nidoking, M, shiny|71\/100\n|turn|45\n|c|\u2606Hosupisu|gg\n|\n|t:|1654560133\n|move|p1a: Nidoking|Sludge Bomb|p2a: Sylveon\n|-supereffective|p2a: Sylveon\n|-damage|p2a: Sylveon|47\/100\n|move|p2a: Sylveon|Wish|p2a: Sylveon\n|\n|upkeep\n|turn|46\n|\n|t:|1654560138\n|move|p1a: Nidoking|Sludge Bomb|p2a: Sylveon\n|-supereffective|p2a: Sylveon\n|-damage|p2a: Sylveon|0 fnt\n|faint|p2a: Sylveon\n|\n|win|Hosupisu\n|raw|Hosupisu's rating: 1042 &rarr; <strong>1096<\/strong><br \/>(+54 for winning)\n|raw|Kikoobuster's rating: 1277 &rarr; <strong>1237<\/strong><br \/>(-40 for losing)\n|l|\u2606Kikoobuster\n","uploadtime":1654560149,"views":7,"p1id":"hosupisu","p2id":"kikoobuster","formatid":"gen8uu","rating":1096,"private":0,"password":null}