{"id":"gen8ou-1317270220","p1":"mongwong","p2":"Zoaw","format":"gen8ou","log":"|j|\u2606mongwong\n|j|\u2606Zoaw\n|j|*Lady Monita\n|t:|1617846396\n|gametype|singles\n|player|p1|mongwong|silver|\n|player|p2|Zoaw|karen|\n|teamsize|p1|6\n|teamsize|p2|6\n|gen|8\n|tier|[Gen 8] OU\n|rated|Tournament battle\n|clearpoke\n|poke|p1|Inteleon, M|\n|poke|p1|Stakataka|\n|poke|p1|Dusclops, F|\n|poke|p1|Slowbro-Galar, F|\n|poke|p1|Rillaboom, M|\n|poke|p1|Clefable, F|\n|poke|p2|Bisharp, F|\n|poke|p2|Ribombee, M|\n|poke|p2|Hawlucha, F|\n|poke|p2|Nidoking, M|\n|poke|p2|Volcarona, M|\n|poke|p2|Tapu Koko|\n|rule|Sleep Clause Mod: Limit one foe put to sleep\n|rule|Species Clause: Limit one of each Pok\u00e9mon\n|rule|OHKO Clause: OHKO moves are banned\n|rule|Evasion Moves Clause: Evasion moves are banned\n|rule|Endless Battle Clause: Forcing endless battles is banned\n|rule|HP Percentage Mod: HP is shown in percentages\n|rule|Dynamax Clause: You cannot dynamax\n|teampreview\n|inactive|Battle timer is ON: inactive players will automatically lose when time's up. (requested by Zoaw)\n|\n|t:|1617846405\n|start\n|switch|p1a: Stakataka|Stakataka|100\/100\n|switch|p2a: Tapu Koko|Tapu Koko|100\/100\n|-fieldstart|move: Electric Terrain|[from] ability: Electric Surge|[of] p2a: Tapu Koko\n|turn|1\n|j| DrewCareysFeet\n|\n|t:|1617846414\n|move|p2a: Tapu Koko|Reflect|p2a: Tapu Koko\n|-sidestart|p2: Zoaw|Reflect\n|move|p1a: Stakataka|Gyro Ball|p2a: Tapu Koko\n|-damage|p2a: Tapu Koko|26\/100\n|\n|upkeep\n|turn|2\n|j| clout XD\n|\n|t:|1617846420\n|move|p2a: Tapu Koko|U-turn|p1a: Stakataka\n|-resisted|p1a: Stakataka\n|-damage|p1a: Stakataka|96\/100\n|\n|t:|1617846445\n|switch|p2a: Volcarona|Volcarona, M|100\/100|[from]move: U-turn\n|move|p1a: Stakataka|Gyro Ball|p2a: Volcarona\n|-resisted|p2a: Volcarona\n|-damage|p2a: Volcarona|47\/100\n|-status|p1a: Stakataka|brn|[from] ability: Flame Body|[of] p2a: Volcarona\n|\n|-damage|p1a: Stakataka|89\/100 brn|[from] brn\n|upkeep\n|turn|3\n|\n|t:|1617846452\n|switch|p2a: Nidoking|Nidoking, M|100\/100\n|move|p1a: Stakataka|Gyro Ball|p2a: Nidoking\n|-damage|p2a: Nidoking|57\/100\n|\n|-damage|p1a: Stakataka|83\/100 brn|[from] brn\n|upkeep\n|turn|4\n|\n|t:|1617846464\n|switch|p1a: Dusclops|Dusclops, F|100\/100\n|-ability|p1a: Dusclops|Pressure\n|move|p2a: Nidoking|Earth Power|p1a: Dusclops\n|-damage|p1a: Dusclops|69\/100\n|\n|upkeep\n|turn|5\n|\n|t:|1617846480\n|switch|p2a: Tapu Koko|Tapu Koko|26\/100\n|move|p1a: Dusclops|Trick Room|p1a: Dusclops\n|-fieldstart|move: Trick Room|[of] p1a: Dusclops\n|\n|-fieldend|move: Electric Terrain\n|upkeep\n|turn|6\n|inactive|Zoaw has 120 seconds left.\n|\n|t:|1617846497\n|move|p1a: Dusclops|Night Shade|p2a: Tapu Koko\n|-damage|p2a: Tapu Koko|0 fnt\n|faint|p2a: Tapu Koko\n|\n|upkeep\n|\n|t:|1617846499\n|switch|p2a: Ribombee|Ribombee, M|100\/100\n|turn|7\n|\n|t:|1617846519\n|switch|p1a: Stakataka|Stakataka|83\/100 brn\n|move|p2a: Ribombee|Stun Spore||[still]\n|-fail|p2a: Ribombee\n|\n|-damage|p1a: Stakataka|77\/100 brn|[from] brn\n|upkeep\n|turn|8\n|inactive|Zoaw has 120 seconds left.\n|\n|t:|1617846549\n|move|p1a: Stakataka|Gyro Ball|p2a: Ribombee\n|-supereffective|p2a: Ribombee\n|-enditem|p2a: Ribombee|Focus Sash\n|-damage|p2a: Ribombee|1\/100\n|move|p2a: Ribombee|U-turn|p1a: Stakataka\n|-resisted|p1a: Stakataka\n|-damage|p1a: Stakataka|74\/100 brn\n|inactive|Zoaw has 120 seconds left.\n|\n|t:|1617846562\n|switch|p2a: Bisharp|Bisharp, F|100\/100|[from]move: U-turn\n|\n|-damage|p1a: Stakataka|67\/100 brn|[from] brn\n|-sideend|p2: Zoaw|Reflect\n|upkeep\n|turn|9\n|\n|t:|1617846570\n|switch|p2a: Ribombee|Ribombee, M|1\/100\n|move|p1a: Stakataka|Gyro Ball|p2a: Ribombee\n|-supereffective|p2a: Ribombee\n|-damage|p2a: Ribombee|0 fnt\n|faint|p2a: Ribombee\n|-ability|p1a: Stakataka|Beast Boost|boost\n|-boost|p1a: Stakataka|def|1\n|\n|-damage|p1a: Stakataka|61\/100 brn|[from] brn\n|-fieldend|move: Trick Room\n|upkeep\n|\n|t:|1617846576\n|switch|p2a: Bisharp|Bisharp, F|100\/100\n|turn|10\n|\n|t:|1617846582\n|move|p2a: Bisharp|Swords Dance|p2a: Bisharp\n|-boost|p2a: Bisharp|atk|2\n|move|p1a: Stakataka|Gyro Ball|p2a: Bisharp\n|-resisted|p2a: Bisharp\n|-damage|p2a: Bisharp|63\/100\n|\n|-damage|p1a: Stakataka|55\/100 brn|[from] brn\n|upkeep\n|turn|11\n|j| Umbry99\n|\n|t:|1617846589\n|move|p2a: Bisharp|Knock Off|p1a: Stakataka\n|-damage|p1a: Stakataka|5\/100 brn\n|-enditem|p1a: Stakataka|Choice Band|[from] move: Knock Off|[of] p2a: Bisharp\n|move|p1a: Stakataka|Gyro Ball|p2a: Bisharp\n|-resisted|p2a: Bisharp\n|-damage|p2a: Bisharp|38\/100\n|\n|-damage|p1a: Stakataka|0 fnt|[from] brn\n|faint|p1a: Stakataka\n|upkeep\n|\n|t:|1617846614\n|switch|p1a: Rillaboom|Rillaboom, M|100\/100\n|-fieldstart|move: Grassy Terrain|[from] ability: Grassy Surge|[of] p1a: Rillaboom\n|-enditem|p1a: Rillaboom|Grassy Seed\n|-boost|p1a: Rillaboom|def|1|[from] item: Grassy Seed\n|turn|12\n|\n|t:|1617846624\n|move|p1a: Rillaboom|Drain Punch|p2a: Bisharp\n|-supereffective|p2a: Bisharp\n|-damage|p2a: Bisharp|0 fnt\n|faint|p2a: Bisharp\n|\n|upkeep\n|\n|t:|1617846628\n|switch|p2a: Hawlucha|Hawlucha, F|100\/100\n|turn|13\n|\n|t:|1617846636\n|switch|p1a: Dusclops|Dusclops, F|69\/100\n|-ability|p1a: Dusclops|Pressure\n|move|p2a: Hawlucha|Swords Dance|p2a: Hawlucha\n|-boost|p2a: Hawlucha|atk|2\n|\n|-heal|p1a: Dusclops|75\/100|[from] Grassy Terrain\n|upkeep\n|turn|14\n|\n|t:|1617846648\n|move|p2a: Hawlucha|Stone Edge|p1a: Dusclops|[miss]\n|-miss|p2a: Hawlucha|p1a: Dusclops\n|move|p1a: Dusclops|Trick Room|p1a: Dusclops\n|-fieldstart|move: Trick Room|[of] p1a: Dusclops\n|\n|-heal|p1a: Dusclops|81\/100|[from] Grassy Terrain\n|upkeep\n|turn|15\n|-message|Zoaw forfeited.\n|\n|win|mongwong\n|n|\u2606mongwong|mongwong\n|n|\u2606Zoaw|zoaw\n|n|*Lady Monita|ladymonita\n|n| DrewCareysFeet|drewcareysfeet\n|n| clout XD|cloutxd\n|n| Umbry99|umbry99\n|l|*Lady Monita\n|l|\u2606Zoaw\n|l| Umbry99\n|l| DrewCareysFeet\n|j| Breachingtrout\n|l| Breachingtrout\n","uploadtime":1617846950,"views":15,"p1id":"mongwong","p2id":"zoaw","formatid":"gen8ou","rating":0,"private":0,"password":null}