{"id":"gen8nationaldex-1606511091","p1":"fishy8995","p2":"Reve de Durendal","format":"gen8nationaldex","log":"|j|\u2606fishy8995\n|j|\u2606Reve de Durendal\n|t:|1656481453\n|gametype|singles\n|player|p1|fishy8995|102|1696\n|player|p2|Reve de Durendal|2|1586\n|teamsize|p1|6\n|teamsize|p2|6\n|gen|8\n|tier|[Gen 8] National Dex\n|rated|\n|rule|HP Percentage Mod: HP is shown in percentages\n|rule|Endless Battle Clause: Forcing endless battles is banned\n|rule|OHKO Clause: OHKO moves are banned\n|rule|Evasion Moves Clause: Evasion moves are banned\n|rule|Species Clause: Limit one of each Pok\u00e9mon\n|rule|Dynamax Clause: You cannot dynamax\n|rule|Sleep Clause Mod: Limit one foe put to sleep\n|clearpoke\n|poke|p1|Hippowdon, M|\n|poke|p1|Tyranitar, M|\n|poke|p1|Excadrill, M|\n|poke|p1|Yanmega, F|\n|poke|p1|Toxapex, F|\n|poke|p1|Dracozolt|\n|poke|p2|Swampert, M|\n|poke|p2|Pelipper, F|\n|poke|p2|Gengar, M|\n|poke|p2|Rillaboom, M|\n|poke|p2|Zapdos|\n|poke|p2|Tyranitar, F|\n|teampreview\n|\n|t:|1656481472\n|start\n|switch|p1a: Toxapex|Toxapex, F|100\/100\n|switch|p2a: Rillaboom|Rillaboom, M|100\/100\n|-fieldstart|move: Grassy Terrain|[from] ability: Grassy Surge|[of] p2a: Rillaboom\n|turn|1\n|\n|t:|1656481477\n|move|p2a: Rillaboom|Swords Dance|p2a: Rillaboom\n|-boost|p2a: Rillaboom|atk|2\n|move|p1a: Toxapex|Stockpile|p1a: Toxapex\n|-start|p1a: Toxapex|stockpile1\n|-boost|p1a: Toxapex|def|1\n|-boost|p1a: Toxapex|spd|1\n|\n|upkeep\n|turn|2\n|\n|t:|1656481482\n|move|p2a: Rillaboom|Knock Off|p1a: Toxapex\n|-crit|p1a: Toxapex\n|-damage|p1a: Toxapex|0 fnt\n|-enditem|p1a: Toxapex|Black Sludge|[from] move: Knock Off|[of] p2a: Rillaboom\n|faint|p1a: Toxapex\n|-damage|p2a: Rillaboom|91\/100|[from] item: Life Orb\n|\n|-heal|p2a: Rillaboom|97\/100|[from] Grassy Terrain\n|upkeep\n|\n|t:|1656481485\n|switch|p1a: Yanmega|Yanmega, F|100\/100\n|turn|3\n|\n|t:|1656481489\n|switch|p2a: Tyranitar|Tyranitar, F|100\/100\n|-weather|Sandstorm|[from] ability: Sand Stream|[of] p2a: Tyranitar\n|move|p1a: Yanmega|Bug Buzz|p2a: Tyranitar\n|-supereffective|p2a: Tyranitar\n|-damage|p2a: Tyranitar|66\/100\n|\n|-weather|Sandstorm|[upkeep]\n|-damage|p1a: Yanmega|94\/100|[from] Sandstorm\n|-heal|p2a: Tyranitar|72\/100|[from] Grassy Terrain\n|-ability|p1a: Yanmega|Speed Boost|boost\n|-boost|p1a: Yanmega|spe|1\n|upkeep\n|turn|4\n|\n|t:|1656481496\n|-activate|p1a: Yanmega|move: Pursuit\n|move|p2a: Tyranitar|Pursuit|p1a: Yanmega|[from]Pursuit\n|-damage|p1a: Yanmega|36\/100\n|switch|p1a: Hippowdon|Hippowdon, M|100\/100\n|\n|-weather|Sandstorm|[upkeep]\n|-heal|p2a: Tyranitar|78\/100|[from] Grassy Terrain\n|upkeep\n|turn|5\n|\n|t:|1656481505\n|switch|p2a: Pelipper|Pelipper, F|100\/100\n|-weather|RainDance|[from] ability: Drizzle|[of] p2a: Pelipper\n|move|p1a: Hippowdon|Toxic|p2a: Pelipper\n|-status|p2a: Pelipper|tox\n|\n|-weather|RainDance|[upkeep]\n|-damage|p2a: Pelipper|94\/100 tox|[from] psn\n|-fieldend|move: Grassy Terrain\n|upkeep\n|turn|6\n|\n|t:|1656481513\n|switch|p1a: Tyranitar|Tyranitar, M|100\/100\n|-weather|Sandstorm|[from] ability: Sand Stream|[of] p1a: Tyranitar\n|move|p2a: Pelipper|Scald|p1a: Tyranitar\n|-supereffective|p1a: Tyranitar\n|-damage|p1a: Tyranitar|48\/100\n|-status|p1a: Tyranitar|brn\n|\n|-weather|Sandstorm|[upkeep]\n|-damage|p2a: Pelipper|88\/100 tox|[from] Sandstorm\n|-damage|p2a: Pelipper|76\/100 tox|[from] psn\n|-damage|p1a: Tyranitar|42\/100 brn|[from] brn\n|upkeep\n|turn|7\n|\n|t:|1656481524\n|switch|p1a: Hippowdon|Hippowdon, M|100\/100\n|move|p2a: Pelipper|Scald|p1a: Hippowdon\n|-supereffective|p1a: Hippowdon\n|-damage|p1a: Hippowdon|19\/100\n|\n|-weather|Sandstorm|[upkeep]\n|-damage|p2a: Pelipper|70\/100 tox|[from] Sandstorm\n|-damage|p2a: Pelipper|51\/100 tox|[from] psn\n|upkeep\n|turn|8\n|\n|t:|1656481537\n|switch|p2a: Swampert|Swampert, M|100\/100\n|move|p1a: Hippowdon|Slack Off|p1a: Hippowdon\n|-heal|p1a: Hippowdon|69\/100\n|\n|-weather|Sandstorm|[upkeep]\n|upkeep\n|turn|9\n|\n|t:|1656481542\n|detailschange|p2a: Swampert|Swampert-Mega, M\n|-mega|p2a: Swampert|Swampert|Swampertite\n|move|p2a: Swampert|Stealth Rock|p1a: Hippowdon\n|-sidestart|p1: fishy8995|move: Stealth Rock\n|move|p1a: Hippowdon|Slack Off|p1a: Hippowdon\n|-heal|p1a: Hippowdon|100\/100\n|\n|-weather|Sandstorm|[upkeep]\n|upkeep\n|turn|10\n|\n|t:|1656481547\n|move|p2a: Swampert|Waterfall|p1a: Hippowdon\n|-supereffective|p1a: Hippowdon\n|-damage|p1a: Hippowdon|50\/100\n|move|p1a: Hippowdon|Toxic|p2a: Swampert\n|-status|p2a: Swampert|tox\n|\n|-weather|none\n|-damage|p2a: Swampert|94\/100 tox|[from] psn\n|upkeep\n|turn|11\n|\n|t:|1656481552\n|move|p2a: Swampert|Waterfall|p1a: Hippowdon\n|-supereffective|p1a: Hippowdon\n|-damage|p1a: Hippowdon|4\/100\n|move|p1a: Hippowdon|Slack Off|p1a: Hippowdon\n|-heal|p1a: Hippowdon|54\/100\n|\n|-damage|p2a: Swampert|82\/100 tox|[from] psn\n|upkeep\n|turn|12\n|\n|t:|1656481555\n|move|p2a: Swampert|Flip Turn|p1a: Hippowdon\n|-supereffective|p1a: Hippowdon\n|-damage|p1a: Hippowdon|17\/100\n|\n|t:|1656481561\n|switch|p2a: Pelipper|Pelipper, F|51\/100 tox|[from]move: Flip Turn\n|-weather|RainDance|[from] ability: Drizzle|[of] p2a: Pelipper\n|move|p1a: Hippowdon|Slack Off|p1a: Hippowdon\n|-heal|p1a: Hippowdon|67\/100\n|\n|-weather|RainDance|[upkeep]\n|-damage|p2a: Pelipper|45\/100 tox|[from] psn\n|upkeep\n|turn|13\n|\n|t:|1656481564\n|switch|p1a: Tyranitar|Tyranitar, M|42\/100 brn\n|-damage|p1a: Tyranitar|29\/100 brn|[from] Stealth Rock\n|-weather|Sandstorm|[from] ability: Sand Stream|[of] p1a: Tyranitar\n|move|p2a: Pelipper|Scald|p1a: Tyranitar\n|-supereffective|p1a: Tyranitar\n|-damage|p1a: Tyranitar|0 fnt\n|faint|p1a: Tyranitar\n|\n|-weather|Sandstorm|[upkeep]\n|-damage|p2a: Pelipper|39\/100 tox|[from] Sandstorm\n|-damage|p2a: Pelipper|26\/100 tox|[from] psn\n|upkeep\n|\n|t:|1656481570\n|switch|p1a: Dracozolt|Dracozolt|100\/100\n|-damage|p1a: Dracozolt|88\/100|[from] Stealth Rock\n|turn|14\n|\n|t:|1656481580\n|switch|p2a: Tyranitar|Tyranitar, F|78\/100\n|move|p1a: Dracozolt|Dragon Claw|p2a: Tyranitar\n|-damage|p2a: Tyranitar|40\/100\n|-damage|p1a: Dracozolt|78\/100|[from] item: Life Orb\n|\n|-weather|Sandstorm|[upkeep]\n|upkeep\n|turn|15\n|\n|t:|1656481585\n|move|p1a: Dracozolt|Earthquake|p2a: Tyranitar\n|-supereffective|p2a: Tyranitar\n|-damage|p2a: Tyranitar|0 fnt\n|faint|p2a: Tyranitar\n|-damage|p1a: Dracozolt|68\/100|[from] item: Life Orb\n|\n|-weather|Sandstorm|[upkeep]\n|upkeep\n|\n|t:|1656481588\n|switch|p2a: Pelipper|Pelipper, F|26\/100 tox\n|-weather|RainDance|[from] ability: Drizzle|[of] p2a: Pelipper\n|turn|16\n|\n|t:|1656481593\n|switch|p2a: Swampert|Swampert-Mega, M|82\/100 tox\n|move|p1a: Dracozolt|Dragon Claw|p2a: Swampert\n|-damage|p2a: Swampert|38\/100 tox\n|-damage|p1a: Dracozolt|58\/100|[from] item: Life Orb\n|\n|-weather|RainDance|[upkeep]\n|-damage|p2a: Swampert|32\/100 tox|[from] psn\n|upkeep\n|turn|17\n|\n|t:|1656481601\n|switch|p1a: Yanmega|Yanmega, F|36\/100\n|move|p2a: Swampert|Earthquake|p1a: Yanmega\n|-immune|p1a: Yanmega\n|\n|-weather|RainDance|[upkeep]\n|-damage|p2a: Swampert|20\/100 tox|[from] psn\n|upkeep\n|turn|18\n|\n|t:|1656481604\n|move|p1a: Yanmega|Detect|p1a: Yanmega\n|-singleturn|p1a: Yanmega|Protect\n|move|p2a: Swampert|Flip Turn|p1a: Yanmega\n|-activate|p1a: Yanmega|move: Protect\n|\n|-weather|RainDance|[upkeep]\n|-damage|p2a: Swampert|1\/100 tox|[from] psn\n|-ability|p1a: Yanmega|Speed Boost|boost\n|-boost|p1a: Yanmega|spe|1\n|upkeep\n|turn|19\n|\n|t:|1656481620\n|switch|p1a: Dracozolt|Dracozolt|58\/100\n|-damage|p1a: Dracozolt|46\/100|[from] Stealth Rock\n|move|p2a: Swampert|Waterfall|p1a: Dracozolt\n|-resisted|p1a: Dracozolt\n|-damage|p1a: Dracozolt|8\/100\n|\n|-weather|RainDance|[upkeep]\n|-damage|p2a: Swampert|0 fnt|[from] psn\n|faint|p2a: Swampert\n|upkeep\n|\n|t:|1656481627\n|switch|p2a: Rillaboom|Rillaboom, M|97\/100\n|-fieldstart|move: Grassy Terrain|[from] ability: Grassy Surge|[of] p2a: Rillaboom\n|turn|20\n|\n|t:|1656481632\n|move|p2a: Rillaboom|Grassy Glide|p1a: Dracozolt\n|-resisted|p1a: Dracozolt\n|-damage|p1a: Dracozolt|0 fnt\n|faint|p1a: Dracozolt\n|-damage|p2a: Rillaboom|87\/100|[from] item: Life Orb\n|\n|-weather|RainDance|[upkeep]\n|-heal|p2a: Rillaboom|93\/100|[from] Grassy Terrain\n|upkeep\n|\n|t:|1656481635\n|switch|p1a: Yanmega|Yanmega, F|36\/100\n|turn|21\n|\n|t:|1656481642\n|switch|p2a: Zapdos|Zapdos|100\/100\n|move|p1a: Yanmega|Defog|p2a: Zapdos\n|-unboost|p2a: Zapdos|evasion|1\n|-sideend|p1: fishy8995|Stealth Rock|[from] move: Defog|[of] p1a: Yanmega\n|-fieldend|move: Grassy Terrain\n|\n|-weather|RainDance|[upkeep]\n|-ability|p1a: Yanmega|Speed Boost|boost\n|-boost|p1a: Yanmega|spe|1\n|upkeep\n|turn|22\n|\n|t:|1656481651\n|switch|p1a: Hippowdon|Hippowdon, M|67\/100\n|-weather|Sandstorm|[from] ability: Sand Stream|[of] p1a: Hippowdon\n|move|p2a: Zapdos|Hurricane|p1a: Hippowdon|[miss]\n|-miss|p2a: Zapdos|p1a: Hippowdon\n|\n|-weather|Sandstorm|[upkeep]\n|-damage|p2a: Zapdos|94\/100|[from] Sandstorm\n|upkeep\n|turn|23\n|\n|t:|1656481664\n|switch|p2a: Gengar|Gengar, M|100\/100\n|switch|p1a: Excadrill|Excadrill, M|100\/100\n|\n|-weather|Sandstorm|[upkeep]\n|-damage|p2a: Gengar|94\/100|[from] Sandstorm\n|upkeep\n|turn|24\n|\n|t:|1656481669\n|switch|p2a: Zapdos|Zapdos|94\/100\n|move|p1a: Excadrill|Swords Dance|p1a: Excadrill\n|-boost|p1a: Excadrill|atk|2\n|\n|-weather|Sandstorm|[upkeep]\n|-damage|p2a: Zapdos|88\/100|[from] Sandstorm\n|upkeep\n|turn|25\n|\n|t:|1656481674\n|move|p1a: Excadrill|Rock Slide|p2a: Zapdos\n|-supereffective|p2a: Zapdos\n|-damage|p2a: Zapdos|0 fnt\n|faint|p2a: Zapdos\n|\n|-weather|Sandstorm|[upkeep]\n|upkeep\n|\n|t:|1656481678\n|switch|p2a: Rillaboom|Rillaboom, M|93\/100\n|-fieldstart|move: Grassy Terrain|[from] ability: Grassy Surge|[of] p2a: Rillaboom\n|turn|26\n|\n|t:|1656481687\n|move|p1a: Excadrill|Iron Head|p2a: Rillaboom\n|-damage|p2a: Rillaboom|0 fnt\n|faint|p2a: Rillaboom\n|\n|-weather|Sandstorm|[upkeep]\n|upkeep\n|-message|Reve de Durendal forfeited.\n|\n|win|fishy8995\n|raw|fishy8995's rating: 1696 &rarr; <strong>1710<\/strong><br \/>(+14 for winning)\n|raw|Reve de Durendal's rating: 1586 &rarr; <strong>1572<\/strong><br \/>(-14 for losing)\n|l|\u2606Reve de Durendal\n","uploadtime":1656481697,"views":11,"p1id":"fishy8995","p2id":"revededurendal","formatid":"gen8nationaldex","rating":1572,"private":0,"password":null}