{"id":"gen8ou-1679580965","p1":"gold bottle","p2":"jeandonis02","format":"gen8ou","log":"|j|\u2606gold bottle\n|j|\u2606jeandonis02\n|t:|1665102926\n|gametype|singles\n|player|p1|gold bottle|bellelba|1643\n|player|p2|jeandonis02|lucas|1803\n|teamsize|p1|6\n|teamsize|p2|6\n|gen|8\n|tier|[Gen 8] OU\n|rated|\n|rule|Sleep Clause Mod: Limit one foe put to sleep\n|rule|Species Clause: Limit one of each Pok\u00e9mon\n|rule|OHKO Clause: OHKO moves are banned\n|rule|Evasion Items Clause: Evasion items are banned\n|rule|Evasion Moves Clause: Evasion moves are banned\n|rule|Endless Battle Clause: Forcing endless battles is banned\n|rule|HP Percentage Mod: HP is shown in percentages\n|rule|Dynamax Clause: You cannot dynamax\n|clearpoke\n|poke|p1|Tapu Koko|\n|poke|p1|Buzzwole|\n|poke|p1|Blissey, F|\n|poke|p1|Corviknight, F|\n|poke|p1|Gastrodon-East, F|\n|poke|p1|Slowking-Galar, M|\n|poke|p2|Zeraora|\n|poke|p2|Toxapex, M|\n|poke|p2|Garchomp, F|\n|poke|p2|Rotom-Wash|\n|poke|p2|Ferrothorn, F|\n|poke|p2|Charizard, F|\n|teampreview\n|c|\u2606gold bottle|hf\n|inactive|Battle timer is ON: inactive players will automatically lose when time's up. (requested by gold bottle)\n|\n|t:|1665102951\n|start\n|switch|p1a: Powe Of Argument|Buzzwole|100\/100\n|switch|p2a: Zeraora|Zeraora|100\/100\n|turn|1\n|\n|t:|1665102962\n|switch|p2a: Toxapex|Toxapex, M|100\/100\n|move|p1a: Powe Of Argument|Close Combat|p2a: Toxapex\n|-resisted|p2a: Toxapex\n|-damage|p2a: Toxapex|76\/100\n|-unboost|p1a: Powe Of Argument|def|1\n|-unboost|p1a: Powe Of Argument|spd|1\n|\n|-heal|p2a: Toxapex|82\/100|[from] item: Black Sludge\n|upkeep\n|turn|2\n|\n|t:|1665102969\n|switch|p1a: Slowking|Slowking-Galar, M|100\/100\n|switch|p2a: Garchomp|Garchomp, F|100\/100\n|\n|upkeep\n|turn|3\n|\n|t:|1665102974\n|switch|p1a: Shinigami Eyes|Corviknight, F|100\/100\n|-ability|p1a: Shinigami Eyes|Pressure\n|move|p2a: Garchomp|Earthquake|p1a: Shinigami Eyes\n|-immune|p1a: Shinigami Eyes\n|\n|upkeep\n|turn|4\n|\n|t:|1665102981\n|move|p2a: Garchomp|Earthquake|p1a: Shinigami Eyes\n|-immune|p1a: Shinigami Eyes\n|move|p1a: Shinigami Eyes|U-turn|p2a: Garchomp\n|-damage|p2a: Garchomp|85\/100\n|-damage|p1a: Shinigami Eyes|88\/100|[from] ability: Rough Skin|[of] p2a: Garchomp\n|j| steven2009\n|\n|t:|1665102989\n|switch|p1a: Powe Of Argument|Buzzwole|100\/100|[from]move: U-turn\n|\n|upkeep\n|turn|5\n|\n|t:|1665102996\n|switch|p2a: Toxapex|Toxapex, M|100\/100\n|move|p1a: Powe Of Argument|Ice Punch|p2a: Toxapex\n|-resisted|p2a: Toxapex\n|-damage|p2a: Toxapex|90\/100\n|\n|-heal|p2a: Toxapex|96\/100|[from] item: Black Sludge\n|upkeep\n|turn|6\n|\n|t:|1665103004\n|move|p1a: Powe Of Argument|Ice Punch|p2a: Toxapex\n|-resisted|p2a: Toxapex\n|-damage|p2a: Toxapex|84\/100\n|move|p2a: Toxapex|Toxic|p1a: Powe Of Argument\n|-status|p1a: Powe Of Argument|tox\n|\n|-heal|p2a: Toxapex|90\/100|[from] item: Black Sludge\n|-damage|p1a: Powe Of Argument|94\/100 tox|[from] psn\n|upkeep\n|turn|7\n|\n|t:|1665103010\n|switch|p2a: Rotom|Rotom-Wash|100\/100\n|move|p1a: Powe Of Argument|Ice Punch|p2a: Rotom\n|-resisted|p2a: Rotom\n|-damage|p2a: Rotom|88\/100\n|\n|-heal|p2a: Rotom|94\/100|[from] item: Leftovers\n|-damage|p1a: Powe Of Argument|82\/100 tox|[from] psn\n|upkeep\n|turn|8\n|\n|t:|1665103016\n|switch|p1a: Gastrodon|Gastrodon-East, F, shiny|100\/100\n|switch|p2a: Ferrothorn|Ferrothorn, F|100\/100\n|\n|upkeep\n|turn|9\n|\n|t:|1665103022\n|move|p1a: Gastrodon|Scald|p2a: Ferrothorn\n|-resisted|p2a: Ferrothorn\n|-damage|p2a: Ferrothorn|90\/100\n|-status|p2a: Ferrothorn|brn\n|move|p2a: Ferrothorn|Stealth Rock|p1a: Gastrodon\n|-sidestart|p1: gold bottle|move: Stealth Rock\n|\n|-damage|p2a: Ferrothorn|84\/100 brn|[from] brn\n|upkeep\n|turn|10\n|\n|t:|1665103031\n|move|p1a: Gastrodon|Earth Power|p2a: Ferrothorn\n|-damage|p2a: Ferrothorn|60\/100 brn\n|move|p2a: Ferrothorn|Leech Seed|p1a: Gastrodon\n|-start|p1a: Gastrodon|move: Leech Seed\n|\n|-damage|p1a: Gastrodon|88\/100|[from] Leech Seed|[of] p2a: Ferrothorn\n|-heal|p2a: Ferrothorn|75\/100 brn|[silent]\n|-damage|p2a: Ferrothorn|69\/100 brn|[from] brn\n|upkeep\n|turn|11\n|\n|t:|1665103036\n|switch|p1a: Shinigami Eyes|Corviknight, F|88\/100\n|-damage|p1a: Shinigami Eyes|76\/100|[from] Stealth Rock\n|-ability|p1a: Shinigami Eyes|Pressure\n|move|p2a: Ferrothorn|Leech Seed|p1a: Shinigami Eyes\n|-start|p1a: Shinigami Eyes|move: Leech Seed\n|\n|-damage|p1a: Shinigami Eyes|64\/100|[from] Leech Seed|[of] p2a: Ferrothorn\n|-heal|p2a: Ferrothorn|83\/100 brn|[silent]\n|-damage|p2a: Ferrothorn|76\/100 brn|[from] brn\n|upkeep\n|turn|12\n|\n|t:|1665103041\n|move|p1a: Shinigami Eyes|Roost|p1a: Shinigami Eyes\n|-heal|p1a: Shinigami Eyes|100\/100\n|-singleturn|p1a: Shinigami Eyes|move: Roost\n|move|p2a: Ferrothorn|Thunder Wave|p1a: Shinigami Eyes\n|-status|p1a: Shinigami Eyes|par\n|\n|-damage|p1a: Shinigami Eyes|88\/100 par|[from] Leech Seed|[of] p2a: Ferrothorn\n|-heal|p2a: Ferrothorn|90\/100 brn|[silent]\n|-damage|p2a: Ferrothorn|84\/100 brn|[from] brn\n|upkeep\n|turn|13\n|inactive|jeandonis02 has 120 seconds left.\n|j| DisasterBruhMoment\n|inactive|jeandonis02 has 90 seconds left.\n|inactive|jeandonis02 has 60 seconds left.\n|l| steven2009\n|inactive|jeandonis02 has 30 seconds left.\n|inactive|jeandonis02 has 20 seconds left.\n|\n|t:|1665103171\n|switch|p2a: Rotom|Rotom-Wash|94\/100\n|move|p1a: Shinigami Eyes|Defog|p2a: Rotom\n|-unboost|p2a: Rotom|evasion|1\n|-sideend|p1: gold bottle|Stealth Rock|[from] move: Defog|[of] p1a: Shinigami Eyes\n|\n|-heal|p2a: Rotom|100\/100|[from] item: Leftovers\n|-damage|p1a: Shinigami Eyes|76\/100 par|[from] Leech Seed|[of] p2a: Rotom\n|upkeep\n|turn|14\n|inactive|jeandonis02 has 30 seconds left this turn.\n|j| darkcloud1986\n|inactive|jeandonis02 has 20 seconds left.\n|inactive|jeandonis02 has 15 seconds left.\n|\n|t:|1665103189\n|switch|p2a: Ferrothorn|Ferrothorn, F|84\/100 brn\n|switch|p1a: Holly Life|Blissey, F|100\/100\n|\n|-damage|p2a: Ferrothorn|78\/100 brn|[from] brn\n|upkeep\n|turn|15\n|inactive|jeandonis02 has 25 seconds left this turn.\n|\n|t:|1665103194\n|switch|p1a: Slowking|Slowking-Galar, M|100\/100\n|move|p2a: Ferrothorn|Stealth Rock|p1a: Slowking\n|-sidestart|p1: gold bottle|move: Stealth Rock\n|\n|-damage|p2a: Ferrothorn|72\/100 brn|[from] brn\n|upkeep\n|turn|16\n|inactive|jeandonis02 has 30 seconds left.\n|\n|t:|1665103201\n|move|p1a: Slowking|Flamethrower|p2a: Ferrothorn\n|-supereffective|p2a: Ferrothorn\n|-damage|p2a: Ferrothorn|0 fnt\n|faint|p2a: Ferrothorn\n|\n|upkeep\n|\n|t:|1665103202\n|switch|p2a: Charizard|Charizard, F|100\/100\n|turn|17\n|\n|t:|1665103215\n|move|p2a: Charizard|Belly Drum|p2a: Charizard\n|-damage|p2a: Charizard|50\/100\n|-setboost|p2a: Charizard|atk|6|[from] move: Belly Drum\n|-enditem|p2a: Charizard|Sitrus Berry|[eat]\n|-heal|p2a: Charizard|75\/100|[from] item: Sitrus Berry\n|move|p1a: Slowking|Scald|p2a: Charizard\n|-supereffective|p2a: Charizard\n|-damage|p2a: Charizard|7\/100\n|\n|upkeep\n|turn|18\n|\n|t:|1665103226\n|switch|p1a: Shinigami Eyes|Corviknight, F|76\/100 par\n|-damage|p1a: Shinigami Eyes|64\/100 par|[from] Stealth Rock\n|-ability|p1a: Shinigami Eyes|Pressure\n|move|p2a: Charizard|Roost|p2a: Charizard\n|-heal|p2a: Charizard|57\/100\n|-singleturn|p2a: Charizard|move: Roost\n|\n|upkeep\n|turn|19\n|\n|t:|1665103247\n|move|p2a: Charizard|Flame Charge|p1a: Shinigami Eyes\n|-supereffective|p1a: Shinigami Eyes\n|-damage|p1a: Shinigami Eyes|0 fnt\n|-boost|p2a: Charizard|spe|1\n|-damage|p2a: Charizard|41\/100|[from] item: Rocky Helmet|[of] p1a: Shinigami Eyes\n|faint|p1a: Shinigami Eyes\n|\n|upkeep\n|\n|t:|1665103253\n|switch|p1a: Athena Storm|Tapu Koko|100\/100\n|-fieldstart|move: Electric Terrain|[from] ability: Electric Surge|[of] p1a: Athena Storm\n|turn|20\n|\n|t:|1665103257\n|move|p2a: Charizard|Flame Charge|p1a: Athena Storm\n|-damage|p1a: Athena Storm|15\/100\n|-boost|p2a: Charizard|spe|1\n|move|p1a: Athena Storm|Thunderbolt|p2a: Charizard\n|-supereffective|p2a: Charizard\n|-damage|p2a: Charizard|0 fnt\n|faint|p2a: Charizard\n|\n|upkeep\n|\n|t:|1665103269\n|switch|p2a: Zeraora|Zeraora|100\/100\n|turn|21\n|\n|t:|1665103275\n|switch|p1a: Powe Of Argument|Buzzwole|82\/100 tox\n|-damage|p1a: Powe Of Argument|70\/100 tox|[from] Stealth Rock\n|move|p2a: Zeraora|Knock Off|p1a: Powe Of Argument\n|-resisted|p1a: Powe Of Argument\n|-damage|p1a: Powe Of Argument|60\/100 tox\n|-damage|p2a: Zeraora|84\/100|[from] item: Rocky Helmet|[of] p1a: Powe Of Argument\n|-enditem|p1a: Powe Of Argument|Rocky Helmet|[from] move: Knock Off|[of] p2a: Zeraora\n|\n|-damage|p1a: Powe Of Argument|53\/100 tox|[from] psn\n|upkeep\n|turn|22\n|\n|t:|1665103283\n|move|p2a: Zeraora|Play Rough|p1a: Powe Of Argument\n|-supereffective|p1a: Powe Of Argument\n|-damage|p1a: Powe Of Argument|19\/100 tox\n|move|p1a: Powe Of Argument|Roost|p1a: Powe Of Argument\n|-heal|p1a: Powe Of Argument|69\/100 tox\n|-singleturn|p1a: Powe Of Argument|move: Roost\n|\n|-damage|p1a: Powe Of Argument|57\/100 tox|[from] psn\n|upkeep\n|turn|23\n|inactive|jeandonis02 has 90 seconds left.\n|\n|t:|1665103315\n|switch|p2a: Rotom|Rotom-Wash|100\/100\n|move|p1a: Powe Of Argument|Roost|p1a: Powe Of Argument\n|-heal|p1a: Powe Of Argument|100\/100 tox\n|-singleturn|p1a: Powe Of Argument|move: Roost\n|\n|-damage|p1a: Powe Of Argument|82\/100 tox|[from] psn\n|upkeep\n|turn|24\n|\n|t:|1665103322\n|switch|p1a: Holly Life|Blissey, F|100\/100\n|switch|p2a: Garchomp|Garchomp, F|85\/100\n|\n|-fieldend|move: Electric Terrain\n|upkeep\n|turn|25\n|\n|t:|1665103330\n|move|p2a: Garchomp|Earthquake|p1a: Holly Life\n|-damage|p1a: Holly Life|26\/100\n|move|p1a: Holly Life|Toxic|p2a: Garchomp\n|-status|p2a: Garchomp|tox\n|\n|-damage|p2a: Garchomp|79\/100 tox|[from] psn\n|upkeep\n|turn|26\n|\n|t:|1665103338\n|switch|p1a: Powe Of Argument|Buzzwole|82\/100 tox\n|-damage|p1a: Powe Of Argument|70\/100 tox|[from] Stealth Rock\n|move|p2a: Garchomp|Earthquake|p1a: Powe Of Argument\n|-resisted|p1a: Powe Of Argument\n|-damage|p1a: Powe Of Argument|45\/100 tox\n|\n|-damage|p2a: Garchomp|67\/100 tox|[from] psn\n|-damage|p1a: Powe Of Argument|39\/100 tox|[from] psn\n|upkeep\n|turn|27\n|\n|t:|1665103348\n|move|p2a: Garchomp|Earthquake|p1a: Powe Of Argument\n|-resisted|p1a: Powe Of Argument\n|-damage|p1a: Powe Of Argument|13\/100 tox\n|move|p1a: Powe Of Argument|Roost|p1a: Powe Of Argument\n|-heal|p1a: Powe Of Argument|63\/100 tox\n|-singleturn|p1a: Powe Of Argument|move: Roost\n|\n|-damage|p2a: Garchomp|48\/100 tox|[from] psn\n|-damage|p1a: Powe Of Argument|51\/100 tox|[from] psn\n|upkeep\n|turn|28\n|\n|t:|1665103354\n|switch|p2a: Zeraora|Zeraora|84\/100\n|move|p1a: Powe Of Argument|Roost|p1a: Powe Of Argument\n|-heal|p1a: Powe Of Argument|100\/100 tox\n|-singleturn|p1a: Powe Of Argument|move: Roost\n|\n|-damage|p1a: Powe Of Argument|82\/100 tox|[from] psn\n|upkeep\n|turn|29\n|\n|t:|1665103362\n|move|p2a: Zeraora|Play Rough|p1a: Powe Of Argument|[miss]\n|-miss|p2a: Zeraora|p1a: Powe Of Argument\n|move|p1a: Powe Of Argument|Close Combat|p2a: Zeraora\n|-damage|p2a: Zeraora|0 fnt\n|-unboost|p1a: Powe Of Argument|def|1\n|-unboost|p1a: Powe Of Argument|spd|1\n|faint|p2a: Zeraora\n|-ability|p1a: Powe Of Argument|Beast Boost|boost\n|-boost|p1a: Powe Of Argument|atk|1\n|\n|-damage|p1a: Powe Of Argument|58\/100 tox|[from] psn\n|upkeep\n|\n|t:|1665103372\n|switch|p2a: Garchomp|Garchomp, F|48\/100 tox\n|turn|30\n|\n|t:|1665103393\n|switch|p1a: Holly Life|Blissey, F|26\/100\n|move|p2a: Garchomp|Fire Fang|p1a: Holly Life\n|-damage|p1a: Holly Life|0 fnt\n|faint|p1a: Holly Life\n|\n|-damage|p2a: Garchomp|42\/100 tox|[from] psn\n|upkeep\n|\n|t:|1665103402\n|switch|p1a: Athena Storm|Tapu Koko|15\/100\n|-fieldstart|move: Electric Terrain|[from] ability: Electric Surge|[of] p1a: Athena Storm\n|turn|31\n|\n|t:|1665103407\n|switch|p2a: Toxapex|Toxapex, M|100\/100\n|move|p1a: Athena Storm|Dazzling Gleam|p2a: Toxapex\n|-resisted|p2a: Toxapex\n|-damage|p2a: Toxapex|91\/100\n|\n|-heal|p2a: Toxapex|97\/100|[from] item: Black Sludge\n|upkeep\n|turn|32\n|\n|t:|1665103412\n|move|p1a: Athena Storm|Thunderbolt|p2a: Toxapex\n|-supereffective|p2a: Toxapex\n|-damage|p2a: Toxapex|33\/100\n|move|p2a: Toxapex|Toxic|p1a: Athena Storm\n|-status|p1a: Athena Storm|tox\n|\n|-heal|p2a: Toxapex|39\/100|[from] item: Black Sludge\n|-damage|p1a: Athena Storm|9\/100 tox|[from] psn\n|upkeep\n|turn|33\n|\n|t:|1665103419\n|move|p1a: Athena Storm|Dazzling Gleam|p2a: Toxapex\n|-resisted|p2a: Toxapex\n|-damage|p2a: Toxapex|29\/100\n|move|p2a: Toxapex|Scald|p1a: Athena Storm\n|-damage|p1a: Athena Storm|0 fnt\n|faint|p1a: Athena Storm\n|\n|-heal|p2a: Toxapex|35\/100|[from] item: Black Sludge\n|upkeep\n|\n|t:|1665103424\n|switch|p1a: Slowking|Slowking-Galar, M|100\/100\n|-damage|p1a: Slowking|88\/100|[from] Stealth Rock\n|turn|34\n|\n|t:|1665103429\n|switch|p2a: Rotom|Rotom-Wash|100\/100\n|move|p1a: Slowking|Sludge Bomb|p2a: Rotom\n|-damage|p2a: Rotom|59\/100\n|\n|-heal|p2a: Rotom|65\/100|[from] item: Leftovers\n|upkeep\n|turn|35\n|\n|t:|1665103446\n|move|p2a: Rotom|Will-O-Wisp|p1a: Slowking\n|-status|p1a: Slowking|brn\n|move|p1a: Slowking|Future Sight|p2a: Rotom\n|-start|p1a: Slowking|move: Future Sight\n|\n|-heal|p2a: Rotom|71\/100|[from] item: Leftovers\n|-damage|p1a: Slowking|82\/100 brn|[from] brn\n|-fieldend|move: Electric Terrain\n|upkeep\n|turn|36\n|\n|t:|1665103450\n|move|p2a: Rotom|Volt Switch|p1a: Slowking\n|-damage|p1a: Slowking|69\/100 brn\n|\n|t:|1665103452\n|switch|p2a: Toxapex|Toxapex, M|68\/100|[from]move: Volt Switch\n|move|p1a: Slowking|Sludge Bomb|p2a: Toxapex\n|-resisted|p2a: Toxapex\n|-crit|p2a: Toxapex\n|-damage|p2a: Toxapex|46\/100\n|\n|-heal|p2a: Toxapex|52\/100|[from] item: Black Sludge\n|-damage|p1a: Slowking|63\/100 brn|[from] brn\n|upkeep\n|turn|37\n|\n|t:|1665103468\n|switch|p2a: Rotom|Rotom-Wash|71\/100\n|switch|p1a: Powe Of Argument|Buzzwole|58\/100 tox\n|-damage|p1a: Powe Of Argument|45\/100 tox|[from] Stealth Rock\n|\n|-end|p2a: Rotom|move: Future Sight\n|-damage|p2a: Rotom|21\/100\n|-heal|p2a: Rotom|27\/100|[from] item: Leftovers\n|-damage|p1a: Powe Of Argument|39\/100 tox|[from] psn\n|upkeep\n|turn|38\n|\n|t:|1665103490\n|switch|p2a: Toxapex|Toxapex, M|85\/100\n|move|p1a: Powe Of Argument|Close Combat|p2a: Toxapex\n|-resisted|p2a: Toxapex\n|-damage|p2a: Toxapex|59\/100\n|-unboost|p1a: Powe Of Argument|def|1\n|-unboost|p1a: Powe Of Argument|spd|1\n|\n|-heal|p2a: Toxapex|65\/100|[from] item: Black Sludge\n|-damage|p1a: Powe Of Argument|27\/100 tox|[from] psn\n|upkeep\n|turn|39\n|j| hoodieboiactive\n|\n|t:|1665103501\n|switch|p2a: Rotom|Rotom-Wash|27\/100\n|move|p1a: Powe Of Argument|Roost|p1a: Powe Of Argument\n|-heal|p1a: Powe Of Argument|77\/100 tox\n|-singleturn|p1a: Powe Of Argument|move: Roost\n|\n|-heal|p2a: Rotom|33\/100|[from] item: Leftovers\n|-damage|p1a: Powe Of Argument|59\/100 tox|[from] psn\n|upkeep\n|turn|40\n|l| hoodieboiactive\n|\n|t:|1665103508\n|switch|p1a: Slowking|Slowking-Galar, M|96\/100 brn\n|-damage|p1a: Slowking|83\/100 brn|[from] Stealth Rock\n|move|p2a: Rotom|Volt Switch|p1a: Slowking\n|-damage|p1a: Slowking|70\/100 brn\n|\n|t:|1665103515\n|switch|p2a: Garchomp|Garchomp, F|42\/100 tox|[from]move: Volt Switch\n|\n|-damage|p2a: Garchomp|36\/100 tox|[from] psn\n|-damage|p1a: Slowking|64\/100 brn|[from] brn\n|upkeep\n|turn|41\n|\n|t:|1665103523\n|switch|p1a: Powe Of Argument|Buzzwole|59\/100 tox\n|-damage|p1a: Powe Of Argument|46\/100 tox|[from] Stealth Rock\n|move|p2a: Garchomp|Outrage|p1a: Powe Of Argument\n|-damage|p1a: Powe Of Argument|0 fnt\n|faint|p1a: Powe Of Argument\n|\n|-damage|p2a: Garchomp|23\/100 tox|[from] psn\n|upkeep\n|\n|t:|1665103533\n|switch|p1a: Gastrodon|Gastrodon-East, F, shiny|88\/100\n|-damage|p1a: Gastrodon|82\/100|[from] Stealth Rock\n|turn|42\n|\n|t:|1665103544\n|move|p2a: Garchomp|Outrage|p1a: Gastrodon|[from]lockedmove\n|-damage|p1a: Gastrodon|0 fnt\n|faint|p1a: Gastrodon\n|-start|p2a: Garchomp|confusion|[fatigue]\n|\n|-damage|p2a: Garchomp|5\/100 tox|[from] psn\n|upkeep\n|\n|t:|1665103548\n|switch|p1a: Slowking|Slowking-Galar, M|98\/100 brn\n|-damage|p1a: Slowking|85\/100 brn|[from] Stealth Rock\n|turn|43\n|\n|t:|1665103552\n|-activate|p2a: Garchomp|confusion\n|move|p2a: Garchomp|Outrage|p1a: Slowking\n|-damage|p1a: Slowking|0 fnt\n|faint|p1a: Slowking\n|\n|win|jeandonis02\n|raw|gold bottle's rating: 1643 &rarr; <strong>1632<\/strong><br \/>(-11 for losing)\n|raw|jeandonis02's rating: 1803 &rarr; <strong>1814<\/strong><br \/>(+11 for winning)\n|l| darkcloud1986\n|l|\u2606gold bottle\n||Ladder isn't responding, score probably updated but might not have (Request timeout).\n","uploadtime":1665103579,"views":21,"p1id":"goldbottle","p2id":"jeandonis02","formatid":"gen8ou","rating":1632,"private":0,"password":null}