{"id":"gen8uu-1149697704","p1":"Rorschach I","p2":"jb champ","format":"gen8uu","log":"|j|\u2606Rorschach I\n|j|\u2606jb champ\n|player|p1|Rorschach I|cynthia|1634\n|player|p2|jb champ|170|1426\n|teamsize|p1|6\n|teamsize|p2|6\n|gametype|singles\n|gen|8\n|tier|[Gen 8] UU\n|rated|\n|clearpoke\n|poke|p1|Terrakion|\n|poke|p1|Kyurem|\n|poke|p1|Crawdaunt, M|\n|poke|p1|Jirachi|\n|poke|p1|Rotom-Wash|\n|poke|p1|Mimikyu, F|\n|poke|p2|Blastoise, M|\n|poke|p2|Scyther, M|\n|poke|p2|Incineroar, F|\n|poke|p2|Escavalier, M|\n|poke|p2|Palossand, M|\n|poke|p2|Rotom-Mow|\n|rule|Sleep Clause Mod: Limit one foe put to sleep\n|rule|Species Clause: Limit one of each Pok\u00e9mon\n|rule|OHKO Clause: OHKO moves are banned\n|rule|Evasion Moves Clause: Evasion moves are banned\n|rule|Endless Battle Clause: Forcing endless battles is banned\n|rule|HP Percentage Mod: HP is shown in percentages\n|rule|Dynamax Clause: You cannot dynamax\n|teampreview\n|\n|start\n|switch|p1a: Terrakion|Terrakion|100\/100\n|switch|p2a: Rotom|Rotom-Mow|100\/100\n|turn|1\n|\n|move|p2a: Rotom|Volt Switch|p1a: Terrakion\n|-damage|p1a: Terrakion|63\/100\n|\n|switch|p2a: Blastoise|Blastoise, M|100\/100|[from]move: Volt Switch\n|move|p1a: Terrakion|Stealth Rock|p2a: Blastoise\n|-sidestart|p2: jb champ|move: Stealth Rock\n|\n|upkeep\n|turn|2\n|\n|move|p1a: Terrakion|Taunt|p2a: Blastoise\n|-start|p2a: Blastoise|move: Taunt\n|move|p2a: Blastoise|Rapid Spin|p1a: Terrakion\n|-resisted|p1a: Terrakion\n|-damage|p1a: Terrakion|59\/100\n|-boost|p2a: Blastoise|spe|1\n|-sideend|p2: jb champ|Stealth Rock|[from] move: Rapid Spin|[of] p2a: Blastoise\n|\n|upkeep\n|turn|3\n|\n|switch|p1a: Kyurem|Kyurem|100\/100\n|-ability|p1a: Kyurem|Pressure\n|move|p2a: Blastoise|Scald|p1a: Kyurem\n|-resisted|p1a: Kyurem\n|-damage|p1a: Kyurem|88\/100\n|-status|p1a: Kyurem|brn\n|\n|-damage|p1a: Kyurem|82\/100 brn|[from] brn\n|upkeep\n|turn|4\n|\n|switch|p2a: Escavalier|Escavalier, M|100\/100\n|move|p1a: Kyurem|Draco Meteor|p2a: Escavalier\n|-resisted|p2a: Escavalier\n|-damage|p2a: Escavalier|64\/100\n|-unboost|p1a: Kyurem|spa|2\n|\n|-heal|p2a: Escavalier|71\/100|[from] item: Leftovers\n|-damage|p1a: Kyurem|76\/100 brn|[from] brn\n|upkeep\n|turn|5\n|\n|switch|p1a: Rotom|Rotom-Wash|100\/100\n|move|p2a: Escavalier|Knock Off|p1a: Rotom\n|-damage|p1a: Rotom|61\/100\n|-enditem|p1a: Rotom|Leftovers|[from] move: Knock Off|[of] p2a: Escavalier\n|\n|-heal|p2a: Escavalier|77\/100|[from] item: Leftovers\n|upkeep\n|turn|6\n|\n|switch|p2a: Rotom|Rotom-Mow|100\/100\n|move|p1a: Rotom|Hydro Pump|p2a: Rotom|[miss]\n|-miss|p1a: Rotom|p2a: Rotom\n|\n|upkeep\n|turn|7\n|\n|switch|p1a: Kyurem|Kyurem|76\/100 brn\n|-ability|p1a: Kyurem|Pressure\n|move|p2a: Rotom|Thunderbolt|p1a: Kyurem\n|-resisted|p1a: Kyurem\n|-damage|p1a: Kyurem|56\/100 brn\n|\n|-damage|p1a: Kyurem|50\/100 brn|[from] brn\n|upkeep\n|turn|8\n|\n|switch|p2a: Escavalier|Escavalier, M|77\/100\n|switch|p1a: Terrakion|Terrakion|59\/100\n|\n|-heal|p2a: Escavalier|83\/100|[from] item: Leftovers\n|upkeep\n|turn|9\n|\n|switch|p2a: Blastoise|Blastoise, M|100\/100\n|move|p1a: Terrakion|Stealth Rock|p2a: Blastoise\n|-sidestart|p2: jb champ|move: Stealth Rock\n|\n|upkeep\n|turn|10\n|\n|move|p1a: Terrakion|Close Combat|p2a: Blastoise\n|-damage|p2a: Blastoise|57\/100\n|-unboost|p1a: Terrakion|def|1\n|-unboost|p1a: Terrakion|spd|1\n|move|p2a: Blastoise|Scald|p1a: Terrakion\n|-supereffective|p1a: Terrakion\n|-damage|p1a: Terrakion|0 fnt\n|faint|p1a: Terrakion\n|\n|-heal|p2a: Blastoise|63\/100|[from] item: Leftovers\n|upkeep\n|\n|switch|p1a: Kyurem|Kyurem|50\/100 brn\n|-ability|p1a: Kyurem|Pressure\n|turn|11\n|\n|switch|p2a: Escavalier|Escavalier, M|83\/100\n|-damage|p2a: Escavalier|70\/100|[from] Stealth Rock\n|move|p1a: Kyurem|Earth Power|p2a: Escavalier\n|-damage|p2a: Escavalier|36\/100\n|\n|-heal|p2a: Escavalier|42\/100|[from] item: Leftovers\n|-damage|p1a: Kyurem|43\/100 brn|[from] brn\n|upkeep\n|turn|12\n|\n|switch|p1a: Rotom|Rotom-Wash|61\/100\n|move|p2a: Escavalier|Megahorn|p1a: Rotom\n|-damage|p1a: Rotom|0 fnt\n|faint|p1a: Rotom\n|\n|-heal|p2a: Escavalier|48\/100|[from] item: Leftovers\n|upkeep\n|\n|switch|p1a: Crawdaunt|Crawdaunt, M|100\/100\n|turn|13\n|\n|switch|p2a: Blastoise|Blastoise, M|63\/100\n|-damage|p2a: Blastoise|51\/100|[from] Stealth Rock\n|move|p1a: Crawdaunt|Knock Off|p2a: Blastoise\n|-damage|p2a: Blastoise|0 fnt\n|-enditem|p2a: Blastoise|Leftovers|[from] move: Knock Off|[of] p1a: Crawdaunt\n|-damage|p1a: Crawdaunt|91\/100|[from] item: Life Orb\n|faint|p2a: Blastoise\n|\n|upkeep\n|\n|switch|p2a: Rotom|Rotom-Mow|100\/100\n|-damage|p2a: Rotom|88\/100|[from] Stealth Rock\n|turn|14\n|\n|switch|p1a: Jirachi|Jirachi|100\/100\n|move|p2a: Rotom|Volt Switch|p1a: Jirachi\n|-damage|p1a: Jirachi|66\/100\n|\n|switch|p2a: Incineroar|Incineroar, F|100\/100|[from]move: Volt Switch\n|-ability|p2a: Incineroar|Intimidate|boost\n|-unboost|p1a: Jirachi|atk|1\n|\n|upkeep\n|turn|15\n|\n|move|p1a: Jirachi|U-turn|p2a: Incineroar\n|-damage|p2a: Incineroar|90\/100\n|\n|switch|p1a: Crawdaunt|Crawdaunt, M|91\/100|[from]move: U-turn\n|move|p2a: Incineroar|Parting Shot|p1a: Crawdaunt\n|-unboost|p1a: Crawdaunt|atk|1\n|-unboost|p1a: Crawdaunt|spa|1\n|\n|switch|p2a: Rotom|Rotom-Mow|88\/100|[from]move: Parting Shot\n|-damage|p2a: Rotom|76\/100|[from] Stealth Rock\n|\n|upkeep\n|turn|16\n|\n|switch|p1a: Kyurem|Kyurem|43\/100 brn\n|-ability|p1a: Kyurem|Pressure\n|move|p2a: Rotom|Volt Switch|p1a: Kyurem\n|-resisted|p1a: Kyurem\n|-damage|p1a: Kyurem|28\/100 brn\n|\n|switch|p2a: Scyther|Scyther, M|100\/100|[from]move: Volt Switch\n|\n|-damage|p1a: Kyurem|22\/100 brn|[from] brn\n|upkeep\n|turn|17\n|\n|switch|p1a: Jirachi|Jirachi|66\/100\n|move|p2a: Scyther|Knock Off|p1a: Jirachi\n|-supereffective|p1a: Jirachi\n|-damage|p1a: Jirachi|3\/100\n|-enditem|p1a: Jirachi|Choice Scarf|[from] move: Knock Off|[of] p2a: Scyther\n|\n|upkeep\n|turn|18\n|\n|move|p2a: Scyther|Knock Off|p1a: Jirachi\n|-supereffective|p1a: Jirachi\n|-damage|p1a: Jirachi|0 fnt\n|faint|p1a: Jirachi\n|\n|upkeep\n|\n|switch|p1a: Mimikyu|Mimikyu, F|100\/100\n|turn|19\n|\n|move|p2a: Scyther|U-turn|p1a: Mimikyu\n|-activate|p1a: Mimikyu|ability: Disguise\n|-damage|p1a: Mimikyu|100\/100\n|detailschange|p1a: Mimikyu|Mimikyu-Busted, F\n|-damage|p1a: Mimikyu|88\/100|[from] pokemon: Mimikyu-Busted\n|\n|switch|p2a: Incineroar|Incineroar, F|90\/100|[from]move: U-turn\n|-ability|p2a: Incineroar|Intimidate|boost\n|-unboost|p1a: Mimikyu|atk|1\n|move|p1a: Mimikyu|Play Rough|p2a: Incineroar\n|-damage|p2a: Incineroar|67\/100\n|-damage|p1a: Mimikyu|78\/100|[from] item: Life Orb\n|\n|upkeep\n|turn|20\n|c|\u2606Rorschach I|gg\n|-message|Rorschach I forfeited.\n|\n|win|jb champ\n|l|\u2606Rorschach I\n|c|\u2606jb champ|gg\n|raw|Rorschach I's rating: 1634 &rarr; <strong>1603<\/strong><br \/>(-31 for losing)\n|raw|jb champ's rating: 1426 &rarr; <strong>1457<\/strong><br \/>(+31 for winning)\n","uploadtime":1594543257,"views":28,"p1id":"rorschachi","p2id":"jbchamp","formatid":"gen8uu","rating":1457,"private":0,"password":null}