{"id":"gen8almostanyability-1596923070","p1":"Osake","p2":"Unviabriel","format":"gen8almostanyability","log":"|j|\u2606Osake\n|j|\u2606Unviabriel\n|t:|1655308654\n|gametype|singles\n|player|p1|Osake|petrel|\n|player|p2|Unviabriel|shauntal|\n|teamsize|p1|6\n|teamsize|p2|6\n|gen|8\n|tier|[Gen 8] Almost Any Ability\n|rule|Species Clause: Limit one of each Pok\u00e9mon\n|rule|OHKO Clause: OHKO moves are banned\n|rule|Evasion Moves Clause: Evasion moves are banned\n|rule|Endless Battle Clause: Forcing endless battles is banned\n|rule|HP Percentage Mod: HP is shown in percentages\n|rule|2 Ability Clause: Limit two of each ability\n|rule|Dynamax Clause: You cannot dynamax\n|rule|Sleep Clause: Sleep-inducing moves are banned\n|clearpoke\n|poke|p1|Kommo-o, F|\n|poke|p1|Latios, M|\n|poke|p1|Blissey, F|\n|poke|p1|Mandibuzz, F|\n|poke|p1|Jirachi|\n|poke|p1|Tapu Koko|\n|poke|p2|Salamence, F|\n|poke|p2|Genesect|\n|poke|p2|Cinderace, M|\n|poke|p2|Tapu Koko|\n|poke|p2|Tapu Lele|\n|poke|p2|Garchomp, F|\n|teampreview\n|inactive|Battle timer is ON: inactive players will automatically lose when time's up. (requested by Osake)\n|c|\u2606Unviabriel|glhf\n|inactiveoff|Battle timer is now OFF.\n|c|\u2606Osake|u2\n|c|\u2606Unviabriel|\/log Unviabriel made this room public.\n|\n|t:|1655308720\n|start\n|switch|p1a: Chaque jour|Latios, M|100\/100\n|switch|p2a: Tapu Koko|Tapu Koko|100\/100\n|turn|1\n|j|+UT\n|\n|t:|1655308743\n|move|p2a: Tapu Koko|Light Screen|p2a: Tapu Koko\n|-sidestart|p2: Unviabriel|move: Light Screen\n|move|p1a: Chaque jour|Psyshock|p2a: Tapu Koko\n|-damage|p2a: Tapu Koko|56\/100\n|-damage|p1a: Chaque jour|91\/100|[from] item: Life Orb\n|\n|upkeep\n|turn|2\n|\n|t:|1655308774\n|switch|p1a: La vie|Tapu Koko|100\/100\n|move|p2a: Tapu Koko|U-turn|p1a: La vie\n|-resisted|p1a: La vie\n|-damage|p1a: La vie|88\/100\n|\n|t:|1655308818\n|switch|p2a: Cinderace|Cinderace, M|100\/100|[from]move: U-turn\n|-weather|DesolateLand|[from] ability: Desolate Land|[of] p2a: Cinderace\n|\n|-weather|DesolateLand|[upkeep]\n|-status|p1a: La vie|brn|[from] item: Flame Orb\n|upkeep\n|turn|3\n|\n|t:|1655308847\n|move|p1a: La vie|Volt Switch|p2a: Cinderace\n|-damage|p2a: Cinderace|86\/100\n|l|\u2606Osake\n|player|p1|\n|j|\u2606Osake\n|player|p1|Osake|petrel\n|inactive|Battle timer is ON: inactive players will automatically lose when time's up. (requested by Osake)\n|c|\u2606Osake|mb\n|inactiveoff|Battle timer is now OFF.\n|\n|t:|1655308900\n|switch|p1a: A sa tache|Kommo-o, F|100\/100|[from]move: Volt Switch\n|-ability|p1a: A sa tache|Dauntless Shield|boost\n|-boost|p1a: A sa tache|def|1\n|move|p2a: Cinderace|U-turn|p1a: A sa tache\n|-resisted|p1a: A sa tache\n|-damage|p1a: A sa tache|96\/100\n|j| Iisacar\n|l| Iisacar\n|\n|t:|1655308954\n|-weather|none\n|switch|p2a: Tapu Lele|Tapu Lele|100\/100|[from]move: U-turn\n|\n|-heal|p1a: A sa tache|100\/100|[from] item: Leftovers\n|upkeep\n|turn|4\n|\n|t:|1655308975\n|switch|p2a: Tapu Koko|Tapu Koko|56\/100\n|move|p1a: A sa tache|Body Press|p2a: Tapu Koko\n|-resisted|p2a: Tapu Koko\n|-damage|p2a: Tapu Koko|17\/100\n|\n|upkeep\n|turn|5\n|\n|t:|1655308997\n|switch|p1a: Qu'il changeait|Jirachi|100\/100\n|move|p2a: Tapu Koko|Reflect|p2a: Tapu Koko\n|-sidestart|p2: Unviabriel|Reflect\n|\n|upkeep\n|turn|6\n|j| UwU pk pas\n|c| UwU pk pas|Seasonal ?\n|c|\u2606Unviabriel|yes\n|c| UwU pk pas|Sorry Abriel but go osake baguette time\n|\n|t:|1655309060\n|move|p2a: Tapu Koko|U-turn|p1a: Qu'il changeait\n|-damage|p1a: Qu'il changeait|84\/100\n|\n|t:|1655309079\n|switch|p2a: Cinderace|Cinderace, M|86\/100|[from]move: U-turn\n|-weather|DesolateLand|[from] ability: Desolate Land|[of] p2a: Cinderace\n|move|p1a: Qu'il changeait|Icy Wind|p2a: Cinderace\n|-resisted|p2a: Cinderace\n|-damage|p2a: Cinderace|82\/100\n|-unboost|p2a: Cinderace|spe|1\n|\n|-weather|DesolateLand|[upkeep]\n|upkeep\n|turn|7\n|l| UwU pk pas\n|\n|t:|1655309099\n|switch|p1a: A sa tache|Kommo-o, F|100\/100\n|-ability|p1a: A sa tache|Dauntless Shield|boost\n|-boost|p1a: A sa tache|def|1\n|move|p2a: Cinderace|U-turn|p1a: A sa tache\n|-resisted|p1a: A sa tache\n|-damage|p1a: A sa tache|96\/100\n|inactive|Battle timer is ON: inactive players will automatically lose when time's up. (requested by Osake)\n|\n|t:|1655309164\n|-weather|none\n|switch|p2a: Garchomp|Garchomp, F|100\/100|[from]move: U-turn\n|\n|-heal|p1a: A sa tache|100\/100|[from] item: Leftovers\n|upkeep\n|turn|8\n|\n|t:|1655309178\n|switch|p1a: La vie|Tapu Koko|88\/100 brn\n|move|p2a: Garchomp|Scale Shot|p1a: La vie\n|-immune|p1a: La vie\n|\n|-damage|p1a: La vie|82\/100 brn|[from] brn\n|-sideend|p2: Unviabriel|move: Light Screen\n|upkeep\n|turn|9\n|inactive|Unviabriel has 270 seconds left.\n|\n|t:|1655309214\n|move|p1a: La vie|Facade|p2a: Garchomp\n|-supereffective|p2a: Garchomp\n|-damage|p2a: Garchomp|16\/100\n|move|p2a: Garchomp|Earthquake|p1a: La vie\n|-supereffective|p1a: La vie\n|-crit|p1a: La vie\n|-damage|p1a: La vie|0 fnt\n|faint|p1a: La vie\n|-damage|p2a: Garchomp|7\/100|[from] item: Life Orb\n|\n|upkeep\n|\n|t:|1655309220\n|switch|p1a: Chaque jour|Latios, M|91\/100\n|turn|10\n|inactive|Unviabriel has 270 seconds left.\n|inactive|Osake has 270 seconds left.\n|\n|t:|1655309255\n|move|p1a: Chaque jour|Mystical Fire|p2a: Garchomp\n|-resisted|p2a: Garchomp\n|-damage|p2a: Garchomp|0 fnt\n|faint|p2a: Garchomp\n|-damage|p1a: Chaque jour|81\/100|[from] item: Life Orb\n|\n|upkeep\n|inactive|Unviabriel has 240 seconds left.\n|\n|t:|1655309275\n|switch|p2a: Tapu Koko|Tapu Koko|17\/100\n|turn|11\n|\n|t:|1655309277\n|switch|p1a: Qu'il changeait|Jirachi|100\/100\n|move|p2a: Tapu Koko|Light Screen|p2a: Tapu Koko\n|-sidestart|p2: Unviabriel|move: Light Screen\n|\n|upkeep\n|turn|12\n|inactive|Unviabriel has 240 seconds left.\n|\n|t:|1655309302\n|move|p2a: Tapu Koko|U-turn|p1a: Qu'il changeait\n|-damage|p1a: Qu'il changeait|85\/100\n|\n|t:|1655309318\n|switch|p2a: Cinderace|Cinderace, M|82\/100|[from]move: U-turn\n|-weather|DesolateLand|[from] ability: Desolate Land|[of] p2a: Cinderace\n|move|p1a: Qu'il changeait|U-turn|p2a: Cinderace\n|-resisted|p2a: Cinderace\n|-damage|p2a: Cinderace|76\/100\n|\n|t:|1655309320\n|switch|p1a: A sa tache|Kommo-o, F|100\/100|[from]move: U-turn\n|-ability|p1a: A sa tache|Dauntless Shield|boost\n|-boost|p1a: A sa tache|def|1\n|\n|-weather|DesolateLand|[upkeep]\n|-sideend|p2: Unviabriel|Reflect\n|upkeep\n|turn|13\n|inactive|Unviabriel has 210 seconds left.\n|inactive|Unviabriel has 180 seconds left.\n|inactive|Unviabriel has 150 seconds left.\n|\n|t:|1655309427\n|move|p2a: Cinderace|Super Fang|p1a: A sa tache\n|-damage|p1a: A sa tache|50\/100\n|move|p1a: A sa tache|Body Press|p2a: Cinderace\n|-damage|p2a: Cinderace|0 fnt\n|faint|p2a: Cinderace\n|-weather|none\n|\n|-heal|p1a: A sa tache|57\/100|[from] item: Leftovers\n|upkeep\n|inactive|Unviabriel has 120 seconds left.\n|inactive|Unviabriel has 90 seconds left.\n|\n|t:|1655309487\n|switch|p2a: Tapu Koko|Tapu Koko|17\/100\n|turn|14\n|\n|t:|1655309497\n|switch|p1a: Qu'il changeait|Jirachi|100\/100\n|move|p2a: Tapu Koko|Reflect|p2a: Tapu Koko\n|-sidestart|p2: Unviabriel|Reflect\n|\n|upkeep\n|turn|15\n|inactive|Unviabriel has 60 seconds left.\n|\n|t:|1655309531\n|move|p2a: Tapu Koko|U-turn|p1a: Qu'il changeait\n|-damage|p1a: Qu'il changeait|84\/100\n|\n|t:|1655309538\n|switch|p2a: Genesect|Genesect, shiny|100\/100|[from]move: U-turn\n|move|p1a: Qu'il changeait|U-turn|p2a: Genesect\n|-resisted|p2a: Genesect\n|-damage|p2a: Genesect|96\/100\n|\n|t:|1655309541\n|switch|p1a: Chaque jour|Latios, M|81\/100|[from]move: U-turn\n|\n|upkeep\n|turn|16\n|inactive|Unviabriel has 60 seconds left.\n|\n|t:|1655309576\n|move|p1a: Chaque jour|Mystical Fire|p2a: Genesect\n|-supereffective|p2a: Genesect\n|-damage|p2a: Genesect|7\/100\n|-unboost|p2a: Genesect|spa|1\n|-damage|p1a: Chaque jour|71\/100|[from] item: Life Orb\n|move|p2a: Genesect|Leech Life|p1a: Chaque jour\n|-supereffective|p1a: Chaque jour\n|-damage|p1a: Chaque jour|0 fnt\n|-heal|p2a: Genesect|45\/100|[from] drain|[of] p1a: Chaque jour\n|faint|p1a: Chaque jour\n|-damage|p2a: Genesect|35\/100|[from] item: Life Orb\n|\n|upkeep\n|\n|t:|1655309584\n|switch|p1a: Qu'il changeait|Jirachi|100\/100\n|turn|17\n|c|\u2606Osake|dang\n|\n|t:|1655309600\n|move|p2a: Genesect|Explosion|p1a: Qu'il changeait\n|-resisted|p1a: Qu'il changeait\n|-damage|p1a: Qu'il changeait|0 fnt\n|faint|p2a: Genesect\n|faint|p1a: Qu'il changeait\n|\n|upkeep\n|inactive|Unviabriel has 30 seconds left.\n|\n|t:|1655309624\n|switch|p2a: Tapu Lele|Tapu Lele|100\/100\n|switch|p1a: On pouvait|Blissey, F|100\/100\n|turn|18\n|inactive|Unviabriel has 30 seconds left.\n|inactive|Unviabriel has 20 seconds left.\n|inactive|Unviabriel has 15 seconds left.\n|\n|t:|1655309649\n|switch|p2a: Tapu Koko|Tapu Koko|17\/100\n|move|p1a: On pouvait|Toxic|p2a: Tapu Koko\n|move|p2a: Tapu Koko|Toxic|p1a: On pouvait|[from]ability: Magic Bounce|[miss]\n|-miss|p2a: Tapu Koko|p1a: On pouvait\n|\n|-sideend|p2: Unviabriel|move: Light Screen\n|upkeep\n|turn|19\n|inactive|Unviabriel has 25 seconds left this turn.\n|inactive|Unviabriel has 20 seconds left.\n|\n|t:|1655309657\n|move|p2a: Tapu Koko|Taunt|p1a: On pouvait\n|-start|p1a: On pouvait|move: Taunt\n|cant|p1a: On pouvait|move: Taunt|Teleport\n|\n|upkeep\n|turn|20\n|inactive|Unviabriel has 30 seconds left this turn.\n|\n|t:|1655309666\n|switch|p1a: Dire de lui|Mandibuzz, F|100\/100\n|move|p2a: Tapu Koko|U-turn|p1a: Dire de lui\n|-damage|p1a: Dire de lui|90\/100\n|inactive|Unviabriel has 30 seconds left this turn.\n|\n|t:|1655309674\n|switch|p2a: Tapu Lele|Tapu Lele|100\/100|[from]move: U-turn\n|\n|upkeep\n|turn|21\n|inactive|Unviabriel has 30 seconds left.\n|\n|t:|1655309685\n|switch|p1a: On pouvait|Blissey, F|100\/100\n|move|p2a: Tapu Lele|Draining Kiss|p1a: On pouvait\n|-damage|p1a: On pouvait|87\/100\n|-damage|p2a: Tapu Lele|91\/100|[from] item: Life Orb\n|\n|-sideend|p2: Unviabriel|Reflect\n|upkeep\n|turn|22\n|inactive|Unviabriel has 30 seconds left.\n|\n|t:|1655309696\n|switch|p2a: Tapu Koko|Tapu Koko|17\/100\n|move|p1a: On pouvait|Toxic|p2a: Tapu Koko\n|move|p2a: Tapu Koko|Toxic|p1a: On pouvait|[from]ability: Magic Bounce\n|-status|p1a: On pouvait|tox\n|\n|-damage|p1a: On pouvait|81\/100 tox|[from] psn\n|upkeep\n|turn|23\n|inactive|Unviabriel has 30 seconds left.\n|\n|t:|1655309703\n|switch|p1a: A sa tache|Kommo-o, F|57\/100\n|-ability|p1a: A sa tache|Dauntless Shield|boost\n|-boost|p1a: A sa tache|def|1\n|move|p2a: Tapu Koko|Taunt|p1a: A sa tache\n|-start|p1a: A sa tache|move: Taunt\n|\n|-heal|p1a: A sa tache|63\/100|[from] item: Leftovers\n|upkeep\n|turn|24\n|inactive|Unviabriel has 30 seconds left.\n|\n|t:|1655309714\n|move|p2a: Tapu Koko|U-turn|p1a: A sa tache\n|-resisted|p1a: A sa tache\n|-damage|p1a: A sa tache|59\/100\n|\n|t:|1655309718\n|switch|p2a: Tapu Lele|Tapu Lele|91\/100|[from]move: U-turn\n|move|p1a: A sa tache|Body Press|p2a: Tapu Lele\n|-resisted|p2a: Tapu Lele\n|-damage|p2a: Tapu Lele|70\/100\n|\n|-heal|p1a: A sa tache|65\/100|[from] item: Leftovers\n|upkeep\n|turn|25\n|\n|t:|1655309727\n|switch|p1a: On pouvait|Blissey, F|100\/100 tox\n|move|p2a: Tapu Lele|Psyshock|p1a: On pouvait\n|-damage|p1a: On pouvait|51\/100 tox\n|-damage|p2a: Tapu Lele|60\/100|[from] item: Life Orb\n|\n|-damage|p1a: On pouvait|45\/100 tox|[from] psn\n|upkeep\n|turn|26\n|\n|t:|1655309745\n|switch|p1a: Dire de lui|Mandibuzz, F|90\/100\n|move|p2a: Tapu Lele|Psyshock|p1a: Dire de lui\n|-immune|p1a: Dire de lui\n|\n|upkeep\n|turn|27\n|\n|t:|1655309756\n|switch|p1a: On pouvait|Blissey, F|79\/100 tox\n|move|p2a: Tapu Lele|Draining Kiss|p1a: On pouvait\n|-damage|p1a: On pouvait|65\/100 tox\n|-heal|p2a: Tapu Lele|84\/100|[from] drain|[of] p1a: On pouvait\n|-damage|p2a: Tapu Lele|75\/100|[from] item: Life Orb\n|\n|-damage|p1a: On pouvait|58\/100 tox|[from] psn\n|upkeep\n|turn|28\n|\n|t:|1655309765\n|switch|p2a: Salamence|Salamence, F|100\/100\n|move|p1a: On pouvait|Toxic|p2a: Salamence\n|-status|p2a: Salamence|tox\n|\n|-damage|p2a: Salamence|94\/100 tox|[from] psn\n|-damage|p1a: On pouvait|46\/100 tox|[from] psn\n|upkeep\n|turn|29\n|\n|t:|1655309772\n|switch|p1a: A sa tache|Kommo-o, F|65\/100\n|-ability|p1a: A sa tache|Dauntless Shield|boost\n|-boost|p1a: A sa tache|def|1\n|move|p2a: Salamence|Facade|p1a: A sa tache\n|-supereffective|p1a: A sa tache\n|-damage|p1a: A sa tache|0 fnt\n|faint|p1a: A sa tache\n|\n|-damage|p2a: Salamence|82\/100 tox|[from] psn\n|upkeep\n|\n|t:|1655309774\n|switch|p1a: Dire de lui|Mandibuzz, F|90\/100\n|turn|30\n|\n|t:|1655309782\n|switch|p2a: Tapu Koko|Tapu Koko|17\/100\n|move|p1a: Dire de lui|Foul Play|p2a: Tapu Koko\n|-resisted|p2a: Tapu Koko\n|-damage|p2a: Tapu Koko|0 fnt\n|faint|p2a: Tapu Koko\n|\n|upkeep\n|\n|t:|1655309804\n|switch|p2a: Tapu Lele|Tapu Lele|75\/100\n|turn|31\n|\n|t:|1655309809\n|move|p2a: Tapu Lele|Calm Mind|p2a: Tapu Lele\n|-boost|p2a: Tapu Lele|spa|1\n|-boost|p2a: Tapu Lele|spd|1\n|move|p1a: Dire de lui|Foul Play|p2a: Tapu Lele\n|-damage|p2a: Tapu Lele|43\/100\n|\n|upkeep\n|turn|32\n|\n|t:|1655309814\n|move|p2a: Tapu Lele|Draining Kiss|p1a: Dire de lui\n|-supereffective|p1a: Dire de lui\n|-damage|p1a: Dire de lui|23\/100\n|-heal|p2a: Tapu Lele|100\/100|[from] drain|[of] p1a: Dire de lui\n|-damage|p2a: Tapu Lele|91\/100|[from] item: Life Orb\n|move|p1a: Dire de lui|Roost|p1a: Dire de lui\n|-heal|p1a: Dire de lui|74\/100\n|-singleturn|p1a: Dire de lui|move: Roost\n|\n|upkeep\n|turn|33\n|\n|t:|1655309820\n|switch|p1a: On pouvait|Blissey, F|79\/100 tox\n|move|p2a: Tapu Lele|Draining Kiss|p1a: On pouvait\n|-damage|p1a: On pouvait|60\/100 tox\n|-heal|p2a: Tapu Lele|100\/100|[from] drain|[of] p1a: On pouvait\n|-damage|p2a: Tapu Lele|91\/100|[from] item: Life Orb\n|\n|-damage|p1a: On pouvait|54\/100 tox|[from] psn\n|upkeep\n|turn|34\n|\n|t:|1655309827\n|switch|p1a: Dire de lui|Mandibuzz, F|74\/100\n|move|p2a: Tapu Lele|Psyshock|p1a: Dire de lui\n|-immune|p1a: Dire de lui\n|\n|upkeep\n|turn|35\n|\n|t:|1655309830\n|switch|p1a: On pouvait|Blissey, F|87\/100 tox\n|move|p2a: Tapu Lele|Draining Kiss|p1a: On pouvait\n|-damage|p1a: On pouvait|69\/100 tox\n|-heal|p2a: Tapu Lele|100\/100|[from] drain|[of] p1a: On pouvait\n|-damage|p2a: Tapu Lele|91\/100|[from] item: Life Orb\n|\n|-damage|p1a: On pouvait|62\/100 tox|[from] psn\n|upkeep\n|turn|36\n|\n|t:|1655309838\n|move|p2a: Tapu Lele|Psyshock|p1a: On pouvait\n|-damage|p1a: On pouvait|0 fnt\n|faint|p1a: On pouvait\n|-damage|p2a: Tapu Lele|81\/100|[from] item: Life Orb\n|\n|upkeep\n|c|\u2606Osake|gg\n|c|\u2606Osake|sad that latios didnt kill, probably shouldve calced\n|-message|Osake forfeited.\n|\n|win|Unviabriel\n|c|\u2606Unviabriel|gg\n|l|\u2606Osake\n|l|+UT\n|j| UwU pk pas\n|j|+UT\n|l| UwU pk pas\n","uploadtime":1655309853,"views":267,"p1id":"osake","p2id":"unviabriel","formatid":"gen8almostanyability","rating":0,"private":0,"password":null}