{"id":"gen8nationaldex-1652488409","p1":"chansey and lulu","p2":"canadian tgirl","format":"gen8nationaldex","log":"|j|\u2606chansey and lulu\n|j|\u2606canadian tgirl\n|t:|1661927715\n|gametype|singles\n|player|p1|chansey and lulu|hooligans|1101\n|player|p2|canadian tgirl|may-masters|1120\n|teamsize|p1|6\n|teamsize|p2|6\n|gen|8\n|tier|[Gen 8] National Dex\n|rated|\n|rule|HP Percentage Mod: HP is shown in percentages\n|rule|Endless Battle Clause: Forcing endless battles is banned\n|rule|OHKO Clause: OHKO moves are banned\n|rule|Evasion Moves Clause: Evasion moves are banned\n|rule|Species Clause: Limit one of each Pok\u00e9mon\n|rule|Dynamax Clause: You cannot dynamax\n|rule|Sleep Clause Mod: Limit one foe put to sleep\n|clearpoke\n|poke|p1|Weavile, M|\n|poke|p1|Toxapex, F|\n|poke|p1|Heatran, F|\n|poke|p1|Gliscor, F|\n|poke|p1|Zapdos|\n|poke|p1|Lopunny, F|\n|poke|p2|Pyukumuku, M|\n|poke|p2|Chansey, F|\n|poke|p2|Toxapex, F|\n|poke|p2|Gliscor, M|\n|poke|p2|Clefable, F|\n|poke|p2|Heatran, F|\n|teampreview\n|c|\u2606canadian tgirl|hi <3\n|inactive|Battle timer is ON: inactive players will automatically lose when time's up. (requested by canadian tgirl)\n|c|\u2606canadian tgirl|!weak garchompmega\n|c|!canadian tgirl|\/raw <div class=\"infobox\">Garchomp-Mega (ignoring abilities):<br \/><span class=\"message-effect-weak\">Weaknesses<\/span>: Dragon, Fairy, <b>Ice<\/b><br \/><span class=\"message-effect-resist\">Resistances<\/span>: Fire, Poison, Rock<br \/><span class=\"message-effect-immune\">Immunities<\/span>: Electric, Sandstorm damage<\/div>\n|\n|t:|1661927743\n|start\n|switch|p1a: Weavile|Weavile, M|100\/100\n|switch|p2a: lesser eggy|Chansey, F|100\/100\n|-ability|p1a: Weavile|Pressure\n|turn|1\n|c|\u2606canadian tgirl|!weak weavile\n|c|!canadian tgirl|\/raw <div class=\"infobox\">Weavile (ignoring abilities):<br \/><span class=\"message-effect-weak\">Weaknesses<\/span>: Bug, Fairy, <b>Fighting<\/b>, Fire, Rock, Steel<br \/><span class=\"message-effect-resist\">Resistances<\/span>: Dark, Ghost, Ice<br \/><span class=\"message-effect-immune\">Immunities<\/span>: Psychic, Frozen, Hail damage, Prankster<\/div>\n|\n|t:|1661927749\n|move|p1a: Weavile|Knock Off|p2a: lesser eggy\n|-damage|p2a: lesser eggy|55\/100\n|-enditem|p2a: lesser eggy|Eviolite|[from] move: Knock Off|[of] p1a: Weavile\n|move|p2a: lesser eggy|Stealth Rock|p1a: Weavile\n|-sidestart|p1: chansey and lulu|move: Stealth Rock\n|\n|upkeep\n|turn|2\n|\n|t:|1661927758\n|switch|p1a: Gliscor|Gliscor, F|100\/100\n|-damage|p1a: Gliscor|88\/100|[from] Stealth Rock\n|move|p2a: lesser eggy|Soft-Boiled|p2a: lesser eggy\n|-heal|p2a: lesser eggy|100\/100\n|\n|-status|p1a: Gliscor|tox|[from] item: Toxic Orb\n|upkeep\n|turn|3\n|c|\u2606canadian tgirl|stop using gliscor\n|\n|t:|1661927766\n|move|p1a: Gliscor|Defog|p2a: lesser eggy\n|-unboost|p2a: lesser eggy|evasion|1\n|-sideend|p1: chansey and lulu|Stealth Rock|[from] move: Defog|[of] p1a: Gliscor\n|move|p2a: lesser eggy|Defense Curl|p2a: lesser eggy\n|-boost|p2a: lesser eggy|def|1\n|\n|-heal|p1a: Gliscor|100\/100 tox|[from] ability: Poison Heal\n|upkeep\n|turn|4\n|\n|t:|1661927774\n|switch|p1a: Heatran|Heatran, F|100\/100\n|move|p2a: lesser eggy|Stealth Rock|p1a: Heatran\n|-sidestart|p1: chansey and lulu|move: Stealth Rock\n|\n|upkeep\n|turn|5\n|c|\u2606canadian tgirl|I heard these things explode pretty often...\n|\n|t:|1661927779\n|move|p1a: Heatran|Magma Storm|p2a: lesser eggy\n|-damage|p2a: lesser eggy|80\/100\n|-activate|p2a: lesser eggy|move: Magma Storm|[of] p1a: Heatran\n|move|p2a: lesser eggy|Defense Curl|p2a: lesser eggy\n|-boost|p2a: lesser eggy|def|1\n|\n|-damage|p2a: lesser eggy|67\/100|[from] move: Magma Storm|[partiallytrapped]\n|upkeep\n|turn|6\n|\n|t:|1661927787\n|move|p1a: Heatran|Taunt|p2a: lesser eggy\n|-start|p2a: lesser eggy|move: Taunt\n|cant|p2a: lesser eggy|move: Taunt|Soft-Boiled\n|\n|-damage|p2a: lesser eggy|55\/100|[from] move: Magma Storm|[partiallytrapped]\n|upkeep\n|turn|7\n|\n|t:|1661927793\n|move|p1a: Heatran|Earth Power|p2a: lesser eggy\n|-damage|p2a: lesser eggy|43\/100\n|-activate|p2a: lesser eggy|move: Struggle\n|move|p2a: lesser eggy|Struggle|p1a: Heatran\n|-damage|p1a: Heatran|99\/100\n|-damage|p2a: lesser eggy|18\/100|[from] recoil\n|\n|-heal|p1a: Heatran|100\/100|[from] item: Leftovers\n|-damage|p2a: lesser eggy|5\/100|[from] move: Magma Storm|[partiallytrapped]\n|upkeep\n|turn|8\n|\n|t:|1661927803\n|move|p1a: Heatran|Earth Power|p2a: lesser eggy\n|-damage|p2a: lesser eggy|0 fnt\n|faint|p2a: lesser eggy\n|\n|upkeep\n|\n|t:|1661927804\n|switch|p2a: rickie jarvis|Toxapex, F|100\/100\n|turn|9\n|\n|t:|1661927813\n|switch|p1a: Gliscor|Gliscor, F|100\/100 tox\n|-damage|p1a: Gliscor|88\/100 tox|[from] Stealth Rock\n|move|p2a: rickie jarvis|Scald|p1a: Gliscor\n|-supereffective|p1a: Gliscor\n|-damage|p1a: Gliscor|56\/100 tox\n|\n|-heal|p1a: Gliscor|68\/100 tox|[from] ability: Poison Heal\n|upkeep\n|turn|10\n|\n|t:|1661927822\n|move|p1a: Gliscor|Defog|p2a: rickie jarvis\n|-unboost|p2a: rickie jarvis|evasion|1\n|-sideend|p1: chansey and lulu|Stealth Rock|[from] move: Defog|[of] p1a: Gliscor\n|move|p2a: rickie jarvis|Scald|p1a: Gliscor\n|-supereffective|p1a: Gliscor\n|-damage|p1a: Gliscor|39\/100 tox\n|\n|-heal|p1a: Gliscor|51\/100 tox|[from] ability: Poison Heal\n|upkeep\n|turn|11\n|\n|t:|1661927831\n|move|p1a: Gliscor|Earthquake|p2a: rickie jarvis\n|-supereffective|p2a: rickie jarvis\n|-damage|p2a: rickie jarvis|64\/100\n|move|p2a: rickie jarvis|Scald|p1a: Gliscor\n|-supereffective|p1a: Gliscor\n|-damage|p1a: Gliscor|22\/100 tox\n|\n|-heal|p2a: rickie jarvis|70\/100|[from] item: Black Sludge\n|-heal|p1a: Gliscor|34\/100 tox|[from] ability: Poison Heal\n|upkeep\n|turn|12\n|\n|t:|1661927841\n|move|p1a: Gliscor|Roost|p1a: Gliscor\n|-heal|p1a: Gliscor|84\/100 tox\n|-singleturn|p1a: Gliscor|move: Roost\n|move|p2a: rickie jarvis|Scald|p1a: Gliscor\n|-supereffective|p1a: Gliscor\n|-damage|p1a: Gliscor|53\/100 tox\n|\n|-heal|p2a: rickie jarvis|76\/100|[from] item: Black Sludge\n|-heal|p1a: Gliscor|65\/100 tox|[from] ability: Poison Heal\n|upkeep\n|turn|13\n|\n|t:|1661927851\n|move|p1a: Gliscor|U-turn|p2a: rickie jarvis\n|-resisted|p2a: rickie jarvis\n|-damage|p2a: rickie jarvis|71\/100\n|\n|t:|1661927854\n|switch|p1a: Zapdos|Zapdos|100\/100|[from]move: U-turn\n|move|p2a: rickie jarvis|Scald|p1a: Zapdos\n|-damage|p1a: Zapdos|82\/100\n|-status|p1a: Zapdos|brn\n|\n|-heal|p2a: rickie jarvis|77\/100|[from] item: Black Sludge\n|-damage|p1a: Zapdos|76\/100 brn|[from] brn\n|upkeep\n|turn|14\n|\n|t:|1661927865\n|switch|p2a: nucleoplex|Clefable, F|100\/100\n|move|p1a: Zapdos|Volt Switch|p2a: nucleoplex\n|-damage|p2a: nucleoplex|64\/100\n|\n|t:|1661927875\n|switch|p1a: Toxapex|Toxapex, F|100\/100|[from]move: Volt Switch\n|\n|upkeep\n|turn|15\n|\n|t:|1661927880\n|move|p2a: nucleoplex|Cosmic Power|p2a: nucleoplex\n|-boost|p2a: nucleoplex|def|1\n|-boost|p2a: nucleoplex|spd|1\n|move|p1a: Toxapex|Knock Off|p2a: nucleoplex\n|-resisted|p2a: nucleoplex\n|-damage|p2a: nucleoplex|60\/100\n|-enditem|p2a: nucleoplex|Leppa Berry|[from] move: Knock Off|[of] p1a: Toxapex\n|\n|upkeep\n|turn|16\n|\n|t:|1661927888\n|switch|p1a: Heatran|Heatran, F|100\/100\n|move|p2a: nucleoplex|Soft-Boiled|p2a: nucleoplex\n|-heal|p2a: nucleoplex|100\/100\n|\n|upkeep\n|turn|17\n|\n|t:|1661927893\n|move|p1a: Heatran|Magma Storm|p2a: nucleoplex\n|-damage|p2a: nucleoplex|74\/100\n|-activate|p2a: nucleoplex|move: Magma Storm|[of] p1a: Heatran\n|move|p2a: nucleoplex|Cosmic Power|p2a: nucleoplex\n|-boost|p2a: nucleoplex|def|1\n|-boost|p2a: nucleoplex|spd|1\n|\n|-damage|p2a: nucleoplex|61\/100|[from] move: Magma Storm|[partiallytrapped]\n|upkeep\n|turn|18\n|\n|t:|1661927901\n|move|p1a: Heatran|Taunt|p2a: nucleoplex\n|-start|p2a: nucleoplex|move: Taunt\n|cant|p2a: nucleoplex|move: Taunt|Soft-Boiled\n|\n|-damage|p2a: nucleoplex|49\/100|[from] move: Magma Storm|[partiallytrapped]\n|upkeep\n|turn|19\n|\n|t:|1661927908\n|move|p1a: Heatran|Stealth Rock|p2a: nucleoplex\n|-sidestart|p2: canadian tgirl|move: Stealth Rock\n|-activate|p2a: nucleoplex|move: Struggle\n|move|p2a: nucleoplex|Struggle|p1a: Heatran\n|-damage|p1a: Heatran|94\/100\n|-damage|p2a: nucleoplex|24\/100|[from] recoil\n|\n|-heal|p1a: Heatran|99\/100|[from] item: Leftovers\n|-damage|p2a: nucleoplex|11\/100|[from] move: Magma Storm|[partiallytrapped]\n|upkeep\n|turn|20\n|\n|t:|1661927917\n|move|p1a: Heatran|Earth Power|p2a: nucleoplex\n|-damage|p2a: nucleoplex|0 fnt\n|faint|p2a: nucleoplex\n|\n|-heal|p1a: Heatran|100\/100|[from] item: Leftovers\n|upkeep\n|\n|t:|1661927917\n|switch|p2a: rickie jarvis|Toxapex, F|100\/100\n|-damage|p2a: rickie jarvis|88\/100|[from] Stealth Rock\n|turn|21\n|\n|t:|1661927926\n|switch|p1a: Toxapex|Toxapex, F|100\/100\n|move|p2a: rickie jarvis|Scald|p1a: Toxapex\n|-resisted|p1a: Toxapex\n|-damage|p1a: Toxapex|94\/100\n|\n|-heal|p2a: rickie jarvis|94\/100|[from] item: Black Sludge\n|-heal|p1a: Toxapex|100\/100|[from] item: Black Sludge\n|upkeep\n|turn|22\n|\n|t:|1661927935\n|move|p2a: rickie jarvis|Scald|p1a: Toxapex\n|-resisted|p1a: Toxapex\n|-damage|p1a: Toxapex|94\/100\n|-status|p1a: Toxapex|brn\n|move|p1a: Toxapex|Knock Off|p2a: rickie jarvis\n|-damage|p2a: rickie jarvis|90\/100\n|-enditem|p2a: rickie jarvis|Black Sludge|[from] move: Knock Off|[of] p1a: Toxapex\n|\n|-heal|p1a: Toxapex|99\/100 brn|[from] item: Black Sludge\n|-damage|p1a: Toxapex|94\/100 brn|[from] brn\n|upkeep\n|turn|23\n|\n|t:|1661927947\n|switch|p1a: Zapdos|Zapdos|76\/100 brn\n|move|p2a: rickie jarvis|Scald|p1a: Zapdos\n|-damage|p1a: Zapdos|56\/100 brn\n|\n|-damage|p1a: Zapdos|50\/100 brn|[from] brn\n|upkeep\n|turn|24\n|\n|t:|1661927955\n|switch|p2a: richter|Heatran, F|100\/100\n|-damage|p2a: richter|88\/100|[from] Stealth Rock\n|move|p1a: Zapdos|Hurricane|p2a: richter\n|-resisted|p2a: richter\n|-damage|p2a: richter|62\/100\n|-start|p2a: richter|confusion\n|\n|-heal|p2a: richter|68\/100|[from] item: Leftovers\n|-damage|p1a: Zapdos|44\/100 brn|[from] brn\n|upkeep\n|turn|25\n|\n|t:|1661927965\n|move|p1a: Zapdos|Volt Switch|p2a: richter\n|-damage|p2a: richter|37\/100\n|\n|t:|1661927969\n|switch|p1a: Gliscor|Gliscor, F|65\/100 tox|[from]move: Volt Switch\n|-activate|p2a: richter|confusion\n|move|p2a: richter|Magma Storm|p1a: Gliscor|[miss]\n|-miss|p2a: richter|p1a: Gliscor\n|\n|-heal|p2a: richter|43\/100|[from] item: Leftovers\n|-heal|p1a: Gliscor|78\/100 tox|[from] ability: Poison Heal\n|upkeep\n|turn|26\n|\n|t:|1661927978\n|switch|p2a: qwumpus|Pyukumuku, M|100\/100\n|-damage|p2a: qwumpus|88\/100|[from] Stealth Rock\n|move|p1a: Gliscor|U-turn|p2a: qwumpus\n|-damage|p2a: qwumpus|76\/100\n|\n|t:|1661927987\n|switch|p1a: Zapdos|Zapdos|44\/100 brn|[from]move: U-turn\n|\n|-damage|p1a: Zapdos|38\/100 brn|[from] brn\n|upkeep\n|turn|27\n|\n|t:|1661927993\n|switch|p2a: brussel wayne|Gliscor, M|100\/100\n|-damage|p2a: brussel wayne|88\/100|[from] Stealth Rock\n|move|p1a: Zapdos|Roost|p1a: Zapdos\n|-heal|p1a: Zapdos|88\/100 brn\n|-singleturn|p1a: Zapdos|move: Roost\n|\n|-damage|p1a: Zapdos|82\/100 brn|[from] brn\n|-status|p2a: brussel wayne|tox|[from] item: Toxic Orb\n|upkeep\n|turn|28\n|\n|t:|1661928004\n|move|p2a: brussel wayne|Roost|p2a: brussel wayne\n|-heal|p2a: brussel wayne|100\/100 tox\n|-singleturn|p2a: brussel wayne|move: Roost\n|-zpower|p1a: Zapdos\n|move|p1a: Zapdos|Supersonic Skystrike|p2a: brussel wayne|[zeffect]\n|-damage|p2a: brussel wayne|0 fnt\n|faint|p2a: brussel wayne\n|\n|-damage|p1a: Zapdos|76\/100 brn|[from] brn\n|upkeep\n|\n|t:|1661928004\n|switch|p2a: qwumpus|Pyukumuku, M|76\/100\n|-damage|p2a: qwumpus|64\/100|[from] Stealth Rock\n|turn|29\n|\n|t:|1661928018\n|move|p1a: Zapdos|Thunderbolt|p2a: qwumpus\n|-supereffective|p2a: qwumpus\n|-damage|p2a: qwumpus|0 fnt\n|faint|p2a: qwumpus\n|\n|-damage|p1a: Zapdos|70\/100 brn|[from] brn\n|upkeep\n|\n|t:|1661928019\n|switch|p2a: rickie jarvis|Toxapex, F|100\/100\n|-damage|p2a: rickie jarvis|88\/100|[from] Stealth Rock\n|turn|30\n|\n|t:|1661928027\n|move|p1a: Zapdos|Thunderbolt|p2a: rickie jarvis\n|-supereffective|p2a: rickie jarvis\n|-damage|p2a: rickie jarvis|8\/100\n|-status|p2a: rickie jarvis|par\n|move|p2a: rickie jarvis|Recover|p2a: rickie jarvis\n|-heal|p2a: rickie jarvis|59\/100 par\n|\n|-damage|p1a: Zapdos|63\/100 brn|[from] brn\n|upkeep\n|turn|31\n|\n|t:|1661928036\n|switch|p2a: richter|Heatran, F|43\/100\n|-damage|p2a: richter|30\/100|[from] Stealth Rock\n|move|p1a: Zapdos|Thunderbolt|p2a: richter\n|-damage|p2a: richter|0 fnt\n|faint|p2a: richter\n|\n|-damage|p1a: Zapdos|57\/100 brn|[from] brn\n|upkeep\n|\n|t:|1661928037\n|switch|p2a: rickie jarvis|Toxapex, F|92\/100 par\n|-damage|p2a: rickie jarvis|80\/100 par|[from] Stealth Rock\n|turn|32\n|\n|t:|1661928048\n|move|p1a: Zapdos|Thunderbolt|p2a: rickie jarvis\n|-supereffective|p2a: rickie jarvis\n|-damage|p2a: rickie jarvis|0 fnt\n|faint|p2a: rickie jarvis\n|\n|win|chansey and lulu\n|raw|chansey and lulu's rating: 1101 &rarr; <strong>1127<\/strong><br \/>(+26 for winning)\n|raw|canadian tgirl's rating: 1120 &rarr; <strong>1094<\/strong><br \/>(-26 for losing)\n|c|\u2606canadian tgirl|:DDD\n","uploadtime":1661928050,"views":8,"p1id":"chanseyandlulu","p2id":"canadiantgirl","formatid":"gen8nationaldex","rating":1094,"private":0,"password":null}