{"id":"gen8ubers-1265512955","p1":"SyzhyX","p2":"I'M AT MY LIMIT","format":"gen8ubers","log":"|j|\u2606SyzhyX\n|j|\u2606I'M AT MY LIMIT\n|t:|1611087424\n|player|p1|SyzhyX|steven|1212\n|player|p2|I'M AT MY LIMIT|hilbert|1355\n|teamsize|p1|6\n|teamsize|p2|6\n|gametype|singles\n|gen|8\n|tier|[Gen 8] Ubers\n|rated|\n|clearpoke\n|poke|p1|Calyrex-Ice|\n|poke|p1|Ho-Oh|\n|poke|p1|Necrozma-Dusk-Mane|\n|poke|p1|Melmetal|\n|poke|p1|Crawdaunt, F|\n|poke|p1|Regieleki|\n|poke|p2|Blissey, F|\n|poke|p2|Yveltal|\n|poke|p2|Zygarde|\n|poke|p2|Calyrex-Shadow|\n|poke|p2|Ferrothorn, M|\n|poke|p2|Quagsire, F|\n|rule|Sleep Clause Mod: Limit one foe put to sleep\n|rule|Species Clause: Limit one of each Pok\u00e9mon\n|rule|OHKO Clause: OHKO moves are banned\n|rule|Evasion Moves Clause: Evasion moves are banned\n|rule|Endless Battle Clause: Forcing endless battles is banned\n|rule|HP Percentage Mod: HP is shown in percentages\n|rule|Dynamax Clause: You cannot dynamax\n|teampreview\n|inactive|Battle timer is ON: inactive players will automatically lose when time's up. (requested by I'M AT MY LIMIT)\n|\n|t:|1611087451\n|start\n|switch|p1a: Necrozma|Necrozma-Dusk-Mane|100\/100\n|switch|p2a: Yveltal|Yveltal|100\/100\n|-ability|p2a: Yveltal|Dark Aura\n|turn|1\n|\n|t:|1611087461\n|move|p2a: Yveltal|Taunt|p1a: Necrozma\n|-start|p1a: Necrozma|move: Taunt\n|cant|p1a: Necrozma|move: Taunt|Trick Room\n|\n|upkeep\n|turn|2\n|\n|t:|1611087467\n|switch|p1a: Melmetal|Melmetal|100\/100\n|move|p2a: Yveltal|Knock Off|p1a: Melmetal\n|-damage|p1a: Melmetal|71\/100\n|-enditem|p1a: Melmetal|Assault Vest|[from] move: Knock Off|[of] p2a: Yveltal\n|\n|upkeep\n|turn|3\n|\n|t:|1611087479\n|switch|p1a: Necrozma|Necrozma-Dusk-Mane|100\/100\n|move|p2a: Yveltal|U-turn|p1a: Necrozma\n|-damage|p1a: Necrozma|86\/100\n|\n|t:|1611087485\n|switch|p2a: Calyrex|Calyrex-Shadow|100\/100|[from]move: U-turn\n|-ability|p2a: Calyrex|As One\n|-ability|p2a: Calyrex|Unnerve|p1: SyzhyX\n|\n|-heal|p1a: Necrozma|92\/100|[from] item: Leftovers\n|upkeep\n|turn|4\n|\n|t:|1611087492\n|move|p2a: Calyrex|Substitute|p2a: Calyrex\n|-start|p2a: Calyrex|Substitute\n|-damage|p2a: Calyrex|76\/100\n|move|p1a: Necrozma|Trick Room|p1a: Necrozma\n|-fieldstart|move: Trick Room|[of] p1a: Necrozma\n|\n|-heal|p1a: Necrozma|98\/100|[from] item: Leftovers\n|-heal|p2a: Calyrex|82\/100|[from] item: Leftovers\n|upkeep\n|turn|5\n|\n|t:|1611087500\n|move|p1a: Necrozma|Sunsteel Strike|p2a: Calyrex\n|-crit|p2a: Calyrex\n|-end|p2a: Calyrex|Substitute\n|move|p2a: Calyrex|Astral Barrage|p1a: Necrozma\n|-supereffective|p1a: Necrozma\n|-damage|p1a: Necrozma|11\/100\n|\n|-heal|p1a: Necrozma|17\/100|[from] item: Leftovers\n|-heal|p2a: Calyrex|88\/100|[from] item: Leftovers\n|upkeep\n|turn|6\n|\n|t:|1611087511\n|move|p1a: Necrozma|Sunsteel Strike|p2a: Calyrex\n|-damage|p2a: Calyrex|3\/100\n|move|p2a: Calyrex|Astral Barrage|p1a: Necrozma\n|-supereffective|p1a: Necrozma\n|-damage|p1a: Necrozma|0 fnt\n|faint|p1a: Necrozma\n|-ability|p2a: Calyrex|Grim Neigh|boost\n|-boost|p2a: Calyrex|spa|1\n|\n|-heal|p2a: Calyrex|9\/100|[from] item: Leftovers\n|upkeep\n|\n|t:|1611087523\n|switch|p1a: Calyrex|Calyrex-Ice|100\/100\n|-ability|p1a: Calyrex|As One\n|-ability|p1a: Calyrex|Unnerve|p2: I'M AT MY LIMIT\n|turn|7\n|\n|t:|1611087529\n|switch|p2a: Quagsire|Quagsire, F|100\/100\n|move|p1a: Calyrex|Glacial Lance|p2a: Quagsire\n|-damage|p2a: Quagsire|36\/100\n|\n|-heal|p2a: Quagsire|42\/100|[from] item: Leftovers\n|upkeep\n|turn|8\n|\n|t:|1611087538\n|move|p2a: Quagsire|Protect|p2a: Quagsire\n|-singleturn|p2a: Quagsire|Protect\n|move|p1a: Calyrex|Glacial Lance|p2a: Quagsire\n|-activate|p2a: Quagsire|move: Protect\n|\n|-heal|p2a: Quagsire|48\/100|[from] item: Leftovers\n|-fieldend|move: Trick Room\n|upkeep\n|turn|9\n|\n|t:|1611087546\n|move|p2a: Quagsire|Toxic|p1a: Calyrex\n|-status|p1a: Calyrex|tox\n|move|p1a: Calyrex|Trick Room|p1a: Calyrex\n|-fieldstart|move: Trick Room|[of] p1a: Calyrex\n|\n|-heal|p2a: Quagsire|54\/100|[from] item: Leftovers\n|-damage|p1a: Calyrex|94\/100 tox|[from] psn\n|upkeep\n|turn|10\n|\n|t:|1611087552\n|move|p2a: Quagsire|Protect|p2a: Quagsire\n|-singleturn|p2a: Quagsire|Protect\n|move|p1a: Calyrex|Swords Dance|p1a: Calyrex\n|-boost|p1a: Calyrex|atk|2\n|\n|-heal|p2a: Quagsire|60\/100|[from] item: Leftovers\n|-damage|p1a: Calyrex|82\/100 tox|[from] psn\n|upkeep\n|turn|11\n|\n|t:|1611087560\n|move|p2a: Quagsire|Recover|p2a: Quagsire\n|-heal|p2a: Quagsire|100\/100\n|move|p1a: Calyrex|Glacial Lance|p2a: Quagsire\n|-damage|p2a: Quagsire|38\/100\n|\n|-heal|p2a: Quagsire|44\/100|[from] item: Leftovers\n|-damage|p1a: Calyrex|63\/100 tox|[from] psn\n|upkeep\n|turn|12\n|\n|t:|1611087573\n|switch|p1a: Crawdaunt|Crawdaunt, F|100\/100\n|move|p2a: Quagsire|Protect||[still]\n|-fail|p2a: Quagsire\n|\n|-heal|p2a: Quagsire|50\/100|[from] item: Leftovers\n|upkeep\n|turn|13\n|\n|t:|1611087580\n|switch|p2a: Calyrex|Calyrex-Shadow|9\/100\n|-ability|p2a: Calyrex|As One\n|-ability|p2a: Calyrex|Unnerve|p1: SyzhyX\n|move|p1a: Crawdaunt|Knock Off|p2a: Calyrex\n|-supereffective|p2a: Calyrex\n|-damage|p2a: Calyrex|0 fnt\n|-enditem|p2a: Calyrex|Leftovers|[from] move: Knock Off|[of] p1a: Crawdaunt\n|-damage|p1a: Crawdaunt|90\/100|[from] item: Life Orb\n|faint|p2a: Calyrex\n|\n|-fieldend|move: Trick Room\n|upkeep\n|\n|t:|1611087589\n|switch|p2a: Ferrothorn|Ferrothorn, M|100\/100\n|turn|14\n|\n|t:|1611087593\n|switch|p1a: Ho-Oh|Ho-Oh|100\/100\n|move|p2a: Ferrothorn|Leech Seed|p1a: Ho-Oh\n|-start|p1a: Ho-Oh|move: Leech Seed\n|\n|-damage|p1a: Ho-Oh|88\/100|[from] Leech Seed|[of] p2a: Ferrothorn\n|upkeep\n|turn|15\n|\n|t:|1611087602\n|switch|p2a: Quagsire|Quagsire, F|50\/100\n|move|p1a: Ho-Oh|Toxic|p2a: Quagsire\n|-status|p2a: Quagsire|tox\n|\n|-heal|p2a: Quagsire|56\/100 tox|[from] item: Leftovers\n|-damage|p1a: Ho-Oh|76\/100|[from] Leech Seed|[of] p2a: Quagsire\n|-heal|p2a: Quagsire|69\/100 tox|[silent]\n|-damage|p2a: Quagsire|63\/100 tox|[from] psn\n|upkeep\n|turn|16\n|\n|t:|1611087612\n|switch|p1a: Melmetal|Melmetal|71\/100\n|switch|p2a: Ferrothorn|Ferrothorn, M|100\/100\n|\n|upkeep\n|turn|17\n|\n|t:|1611087619\n|move|p1a: Melmetal|Earthquake|p2a: Ferrothorn\n|-damage|p2a: Ferrothorn|70\/100\n|move|p2a: Ferrothorn|Leech Seed|p1a: Melmetal|[miss]\n|-miss|p2a: Ferrothorn|p1a: Melmetal\n|\n|-heal|p2a: Ferrothorn|76\/100|[from] item: Leftovers\n|upkeep\n|turn|18\n|\n|t:|1611087629\n|move|p1a: Melmetal|Earthquake|p2a: Ferrothorn\n|-damage|p2a: Ferrothorn|44\/100\n|move|p2a: Ferrothorn|Leech Seed|p1a: Melmetal\n|-start|p1a: Melmetal|move: Leech Seed\n|\n|-heal|p2a: Ferrothorn|50\/100|[from] item: Leftovers\n|-damage|p1a: Melmetal|58\/100|[from] Leech Seed|[of] p2a: Ferrothorn\n|-heal|p2a: Ferrothorn|66\/100|[silent]\n|upkeep\n|turn|19\n|\n|t:|1611087637\n|move|p1a: Melmetal|Earthquake|p2a: Ferrothorn\n|-damage|p2a: Ferrothorn|36\/100\n|move|p2a: Ferrothorn|Leech Seed||[still]\n|-fail|p2a: Ferrothorn\n|\n|-heal|p2a: Ferrothorn|43\/100|[from] item: Leftovers\n|-damage|p1a: Melmetal|46\/100|[from] Leech Seed|[of] p2a: Ferrothorn\n|-heal|p2a: Ferrothorn|58\/100|[silent]\n|upkeep\n|turn|20\n|\n|t:|1611087645\n|move|p2a: Ferrothorn|Protect|p2a: Ferrothorn\n|-singleturn|p2a: Ferrothorn|Protect\n|move|p1a: Melmetal|Earthquake|p2a: Ferrothorn\n|-activate|p2a: Ferrothorn|move: Protect\n|\n|-heal|p2a: Ferrothorn|65\/100|[from] item: Leftovers\n|-damage|p1a: Melmetal|33\/100|[from] Leech Seed|[of] p2a: Ferrothorn\n|-heal|p2a: Ferrothorn|81\/100|[silent]\n|upkeep\n|turn|21\n|c|\u2606SyzhyX|rly bro\n|c|\u2606SyzhyX|xd\n|\n|t:|1611087656\n|switch|p1a: Calyrex|Calyrex-Ice|63\/100 tox\n|-ability|p1a: Calyrex|As One\n|-ability|p1a: Calyrex|Unnerve|p2: I'M AT MY LIMIT\n|switch|p2a: Yveltal|Yveltal|100\/100\n|-ability|p2a: Yveltal|Dark Aura\n|\n|-damage|p1a: Calyrex|57\/100 tox|[from] psn\n|upkeep\n|turn|22\n|\n|t:|1611087670\n|switch|p1a: Melmetal|Melmetal|33\/100\n|move|p2a: Yveltal|U-turn|p1a: Melmetal\n|-resisted|p1a: Melmetal\n|-damage|p1a: Melmetal|28\/100\n|\n|t:|1611087675\n|switch|p2a: Zygarde|Zygarde|100\/100|[from]move: U-turn\n|\n|upkeep\n|turn|23\n|\n|t:|1611087680\n|move|p2a: Zygarde|Thousand Arrows|p1a: Melmetal\n|-supereffective|p1a: Melmetal\n|-damage|p1a: Melmetal|0 fnt\n|faint|p1a: Melmetal\n|\n|upkeep\n|\n|t:|1611087686\n|switch|p1a: Crawdaunt|Crawdaunt, F|90\/100\n|turn|24\n|\n|t:|1611087693\n|move|p2a: Zygarde|Glare|p1a: Crawdaunt\n|-status|p1a: Crawdaunt|par\n|move|p1a: Crawdaunt|Knock Off|p2a: Zygarde\n|-damage|p2a: Zygarde|54\/100\n|-enditem|p2a: Zygarde|Leftovers|[from] move: Knock Off|[of] p1a: Crawdaunt\n|-damage|p1a: Crawdaunt|80\/100 par|[from] item: Life Orb\n|\n|upkeep\n|turn|25\n|\n|t:|1611087701\n|move|p2a: Zygarde|Thousand Arrows|p1a: Crawdaunt\n|-damage|p1a: Crawdaunt|47\/100 par\n|move|p1a: Crawdaunt|Crabhammer|p2a: Zygarde|[miss]\n|-miss|p1a: Crawdaunt|p2a: Zygarde\n|\n|upkeep\n|turn|26\n|c|\u2606SyzhyX|yikes\n|\n|t:|1611087709\n|move|p2a: Zygarde|Thousand Arrows|p1a: Crawdaunt\n|-crit|p1a: Crawdaunt\n|-damage|p1a: Crawdaunt|0 fnt\n|faint|p1a: Crawdaunt\n|\n|upkeep\n|c|\u2606SyzhyX|XDDDDDDDDDDD.\n|c|\u2606I'M AT MY LIMIT|Dub\n|\n|t:|1611087719\n|switch|p1a: Regieleki|Regieleki|100\/100\n|turn|27\n|c|\u2606SyzhyX|haxx more bro\n|c|\u2606I'M AT MY LIMIT|\ud83e\udd17\n|c|\u2606I'M AT MY LIMIT|Will do\n|\n|t:|1611087734\n|move|p1a: Regieleki|Swift|p2a: Zygarde\n|-damage|p2a: Zygarde|30\/100\n|move|p2a: Zygarde|Thousand Arrows|p1a: Regieleki\n|-supereffective|p1a: Regieleki\n|-damage|p1a: Regieleki|1\/100\n|\n|-activate|p2a: Zygarde|ability: Power Construct\n|detailschange|p2a: Zygarde|Zygarde-Complete\n|-heal|p2a: Zygarde|54\/100|[silent]\n|upkeep\n|turn|28\n|c|\u2606SyzhyX|abusing quag calyrex\n|-message|SyzhyX forfeited.\n|\n|win|I'M AT MY LIMIT\n|l|\u2606SyzhyX\n|c|\u2606I'M AT MY LIMIT|Lol\n|c|\u2606I'M AT MY LIMIT|Baf\n|c|\u2606I'M AT MY LIMIT|Bad\n||Ladder (probably) updated, but score could not be retrieved (Request timeout).\n","uploadtime":1611087756,"views":21,"p1id":"syzhyx","p2id":"imatmylimit","formatid":"gen8ubers","rating":0,"private":0,"password":null}