{"id":"gen8ou-1109126835","p1":"mongwong","p2":"Rocona","format":"gen8ou","log":"|j|\u2606mongwong\n|j|\u2606Rocona\n|player|p1|mongwong|silver|1401\n|player|p2|Rocona|anabel|1445\n|teamsize|p1|6\n|teamsize|p2|6\n|gametype|singles\n|gen|8\n|tier|[Gen 8] OU\n|rated|\n|clearpoke\n|poke|p1|Pelipper, F|\n|poke|p1|Dracovish|\n|poke|p1|Corviknight, M|\n|poke|p1|Ferrothorn, F|\n|poke|p1|Barraskewda, F|\n|poke|p1|Goodra, F|\n|poke|p2|Clefable, M|\n|poke|p2|Ferrothorn, F|\n|poke|p2|Rotom-Heat|\n|poke|p2|Aegislash, M|\n|poke|p2|Kyurem|\n|poke|p2|Seismitoad, F|\n|rule|Sleep Clause Mod: Limit one foe put to sleep\n|rule|Species Clause: Limit one of each Pok\u00e9mon\n|rule|OHKO Clause: OHKO moves are banned\n|rule|Evasion Moves Clause: Evasion moves are banned\n|rule|Endless Battle Clause: Forcing endless battles is banned\n|rule|HP Percentage Mod: HP is shown in percentages\n|rule|Dynamax Clause: You cannot dynamax\n|teampreview\n|\n|start\n|switch|p1a: Goodra|Goodra, F|100\/100\n|switch|p2a: Rotom|Rotom-Heat|100\/100\n|turn|1\n|\n|move|p2a: Rotom|Discharge|p1a: Goodra\n|-resisted|p1a: Goodra\n|-damage|p1a: Goodra|94\/100\n|move|p1a: Goodra|Draco Meteor|p2a: Rotom\n|-damage|p2a: Rotom|44\/100\n|-unboost|p1a: Goodra|spa|2\n|\n|upkeep\n|turn|2\n|\n|switch|p1a: Ferrothorn|Ferrothorn, F|100\/100\n|move|p2a: Rotom|Discharge|p1a: Ferrothorn\n|-resisted|p1a: Ferrothorn\n|-damage|p1a: Ferrothorn|92\/100\n|\n|-heal|p1a: Ferrothorn|99\/100|[from] item: Leftovers\n|upkeep\n|turn|3\n|\n|move|p2a: Rotom|Overheat|p1a: Ferrothorn\n|-supereffective|p1a: Ferrothorn\n|-crit|p1a: Ferrothorn\n|-damage|p1a: Ferrothorn|0 fnt\n|-unboost|p2a: Rotom|spa|2\n|faint|p1a: Ferrothorn\n|\n|upkeep\n|\n|switch|p1a: Barraskewda|Barraskewda, F|100\/100\n|turn|4\n|\n|switch|p2a: Seismitoad|Seismitoad, F|100\/100\n|move|p1a: Barraskewda|Close Combat|p2a: Seismitoad\n|-damage|p2a: Seismitoad|61\/100\n|-unboost|p1a: Barraskewda|def|1\n|-unboost|p1a: Barraskewda|spd|1\n|-damage|p1a: Barraskewda|91\/100|[from] item: Life Orb\n|\n|upkeep\n|turn|5\n|\n|switch|p1a: Goodra|Goodra, F|94\/100\n|move|p2a: Seismitoad|Power Whip|p1a: Goodra\n|-resisted|p1a: Goodra\n|-damage|p1a: Goodra|78\/100\n|\n|upkeep\n|turn|6\n|\n|switch|p2a: Clefable|Clefable, M|100\/100\n|move|p1a: Goodra|Draco Meteor|p2a: Clefable\n|-immune|p2a: Clefable\n|\n|upkeep\n|turn|7\n|\n|switch|p1a: Pelipper|Pelipper, F|100\/100\n|-weather|RainDance|[from] ability: Drizzle|[of] p1a: Pelipper\n|move|p2a: Clefable|Wish|p2a: Clefable\n|\n|-weather|RainDance|[upkeep]\n|upkeep\n|turn|8\n|\n|switch|p1a: Barraskewda|Barraskewda, F|91\/100\n|move|p2a: Clefable|Teleport|p2a: Clefable\n|\n|switch|p2a: Seismitoad|Seismitoad, F|61\/100|[from]move: Teleport\n|\n|-weather|RainDance|[upkeep]\n|-heal|p2a: Seismitoad|100\/100|[from] move: Wish|[wisher] Clefable\n|upkeep\n|turn|9\n|\n|move|p1a: Barraskewda|Psychic Fangs|p2a: Seismitoad\n|-damage|p2a: Seismitoad|72\/100\n|-damage|p1a: Barraskewda|81\/100|[from] item: Life Orb\n|move|p2a: Seismitoad|Power Whip|p1a: Barraskewda|[miss]\n|-miss|p2a: Seismitoad|p1a: Barraskewda\n|\n|-weather|RainDance|[upkeep]\n|upkeep\n|turn|10\n|\n|switch|p1a: Goodra|Goodra, F|78\/100\n|move|p2a: Seismitoad|Power Whip|p1a: Goodra\n|-resisted|p1a: Goodra\n|-damage|p1a: Goodra|62\/100\n|\n|-weather|RainDance|[upkeep]\n|upkeep\n|turn|11\n|\n|switch|p2a: Clefable|Clefable, M|100\/100\n|move|p1a: Goodra|Weather Ball|p2a: Clefable\n|-damage|p2a: Clefable|67\/100\n|\n|-weather|RainDance|[upkeep]\n|-heal|p2a: Clefable|73\/100|[from] item: Leftovers\n|upkeep\n|turn|12\n|\n|move|p1a: Goodra|Thunder|p2a: Clefable\n|-damage|p2a: Clefable|49\/100\n|move|p2a: Clefable|Wish|p2a: Clefable\n|\n|-weather|RainDance|[upkeep]\n|-heal|p2a: Clefable|55\/100|[from] item: Leftovers\n|upkeep\n|turn|13\n|\n|switch|p2a: Seismitoad|Seismitoad, F|72\/100\n|move|p1a: Goodra|Thunder|p2a: Seismitoad\n|-immune|p2a: Seismitoad\n|\n|-weather|RainDance|[upkeep]\n|-heal|p2a: Seismitoad|100\/100|[from] move: Wish|[wisher] Clefable\n|upkeep\n|turn|14\n|\n|move|p1a: Goodra|Draco Meteor|p2a: Seismitoad|[miss]\n|-miss|p1a: Goodra|p2a: Seismitoad\n|move|p2a: Seismitoad|Knock Off|p1a: Goodra\n|-damage|p1a: Goodra|36\/100\n|-enditem|p1a: Goodra|Assault Vest|[from] move: Knock Off|[of] p2a: Seismitoad\n|\n|-weather|none\n|upkeep\n|turn|15\n|\n|move|p1a: Goodra|Draco Meteor|p2a: Seismitoad\n|-damage|p2a: Seismitoad|52\/100\n|-unboost|p1a: Goodra|spa|2\n|move|p2a: Seismitoad|Power Whip|p1a: Goodra\n|-resisted|p1a: Goodra\n|-damage|p1a: Goodra|21\/100\n|\n|upkeep\n|turn|16\n|\n|switch|p1a: Pelipper|Pelipper, F|100\/100\n|-weather|RainDance|[from] ability: Drizzle|[of] p1a: Pelipper\n|switch|p2a: Clefable|Clefable, M|55\/100\n|\n|-weather|RainDance|[upkeep]\n|-heal|p2a: Clefable|61\/100|[from] item: Leftovers\n|upkeep\n|turn|17\n|\n|move|p1a: Pelipper|U-turn|p2a: Clefable\n|-resisted|p2a: Clefable\n|-damage|p2a: Clefable|57\/100\n|\n|switch|p1a: Dracovish|Dracovish|100\/100|[from]move: U-turn\n|move|p2a: Clefable|Wish|p2a: Clefable\n|\n|-weather|RainDance|[upkeep]\n|-heal|p2a: Clefable|63\/100|[from] item: Leftovers\n|upkeep\n|turn|18\n|\n|move|p2a: Clefable|Protect|p2a: Clefable\n|-singleturn|p2a: Clefable|Protect\n|move|p1a: Dracovish|Outrage|p2a: Clefable\n|-activate|p2a: Clefable|move: Protect\n|\n|-weather|RainDance|[upkeep]\n|-heal|p2a: Clefable|100\/100|[from] move: Wish|[wisher] Clefable\n|upkeep\n|turn|19\n|\n|switch|p1a: Corviknight|Corviknight, M|100\/100\n|move|p2a: Clefable|Moonblast|p1a: Corviknight\n|-resisted|p1a: Corviknight\n|-damage|p1a: Corviknight|84\/100\n|-ability|p1a: Corviknight|Mirror Armor\n|-unboost|p2a: Clefable|spa|1\n|\n|-weather|RainDance|[upkeep]\n|-heal|p1a: Corviknight|90\/100|[from] item: Leftovers\n|upkeep\n|turn|20\n|\n|switch|p2a: Ferrothorn|Ferrothorn, F|100\/100\n|move|p1a: Corviknight|U-turn|p2a: Ferrothorn\n|-damage|p2a: Ferrothorn|91\/100\n|-damage|p1a: Corviknight|78\/100|[from] ability: Iron Barbs|[of] p2a: Ferrothorn\n|-damage|p1a: Corviknight|61\/100|[from] item: Rocky Helmet|[of] p2a: Ferrothorn\n|\n|switch|p1a: Barraskewda|Barraskewda, F|81\/100|[from]move: U-turn\n|\n|-weather|RainDance|[upkeep]\n|upkeep\n|turn|21\n|\n|switch|p2a: Clefable|Clefable, M|100\/100\n|move|p1a: Barraskewda|Close Combat|p2a: Clefable\n|-resisted|p2a: Clefable\n|-damage|p2a: Clefable|67\/100\n|-unboost|p1a: Barraskewda|def|1\n|-unboost|p1a: Barraskewda|spd|1\n|-damage|p1a: Barraskewda|71\/100|[from] item: Life Orb\n|\n|-weather|RainDance|[upkeep]\n|-heal|p2a: Clefable|73\/100|[from] item: Leftovers\n|upkeep\n|turn|22\n|\n|move|p2a: Clefable|Protect|p2a: Clefable\n|-singleturn|p2a: Clefable|Protect\n|move|p1a: Barraskewda|Liquidation|p2a: Clefable\n|-activate|p2a: Clefable|move: Protect\n|\n|-weather|RainDance|[upkeep]\n|-heal|p2a: Clefable|79\/100|[from] item: Leftovers\n|upkeep\n|turn|23\n|\n|switch|p2a: Seismitoad|Seismitoad, F|52\/100\n|move|p1a: Barraskewda|Liquidation|p2a: Seismitoad\n|-heal|p2a: Seismitoad|77\/100|[from] ability: Water Absorb|[of] p1a: Barraskewda\n|\n|-weather|none\n|upkeep\n|turn|24\n|-message|mongwong forfeited.\n|\n|win|Rocona\n|l|\u2606mongwong\n||Ladder (probably) updated, but score could not be retrieved (Response not received).\n","uploadtime":1588688310,"views":7,"p1id":"mongwong","p2id":"rocona","formatid":"gen8ou","rating":0,"private":0,"password":null}