{"id":"gen8nationaldex-1673230881","p1":"P0KE.HER0","p2":"Ferrothornail\u8349\u94a2\u7532","format":"gen8nationaldex","log":"|j|\u2606P0KE.HER0\n|j|\u2606Ferrothornail\u8349\u94a2\u7532\n|t:|1664451221\n|gametype|singles\n|player|p1|P0KE.HER0|brawly|1546\n|player|p2|Ferrothornail\u8349\u94a2\u7532|lillie|1592\n|teamsize|p1|6\n|teamsize|p2|6\n|gen|8\n|tier|[Gen 8] National Dex\n|rated|\n|rule|HP Percentage Mod: HP is shown in percentages\n|rule|Endless Battle Clause: Forcing endless battles is banned\n|rule|OHKO Clause: OHKO moves are banned\n|rule|Evasion Moves Clause: Evasion moves are banned\n|rule|Species Clause: Limit one of each Pok\u00e9mon\n|rule|Dynamax Clause: You cannot dynamax\n|rule|Sleep Clause Mod: Limit one foe put to sleep\n|clearpoke\n|poke|p1|Regieleki|\n|poke|p1|Jirachi|\n|poke|p1|Grimmsnarl, M|\n|poke|p1|Clefable, M|\n|poke|p1|Magnezone|\n|poke|p1|Slowbro, M|\n|poke|p2|Lopunny, F|\n|poke|p2|Celesteela|\n|poke|p2|Mew|\n|poke|p2|Toxapex, M|\n|poke|p2|Tapu Bulu|\n|poke|p2|Garchomp, F|\n|teampreview\n|inactive|Battle timer is ON: inactive players will automatically lose when time's up. (requested by P0KE.HER0)\n|\n|t:|1664451235\n|start\n|switch|p1a: Regieleki|Regieleki|100\/100\n|switch|p2a: Lopunny|Lopunny, F|100\/100\n|turn|1\n|\n|t:|1664451239\n|switch|p2a: Garchomp|Garchomp, F|100\/100\n|move|p1a: Regieleki|Reflect|p1a: Regieleki\n|-sidestart|p1: P0KE.HER0|Reflect\n|\n|upkeep\n|turn|2\n|\n|t:|1664451242\n|move|p1a: Regieleki|Light Screen|p1a: Regieleki\n|-sidestart|p1: P0KE.HER0|move: Light Screen\n|move|p2a: Garchomp|Stealth Rock|p1a: Regieleki\n|-sidestart|p1: P0KE.HER0|move: Stealth Rock\n|\n|upkeep\n|turn|3\n|\n|t:|1664451246\n|move|p1a: Regieleki|Rapid Spin|p2a: Garchomp\n|-damage|p2a: Garchomp|88\/100\n|-boost|p1a: Regieleki|spe|1\n|-damage|p1a: Regieleki|88\/100|[from] ability: Rough Skin|[of] p2a: Garchomp\n|-sideend|p1: P0KE.HER0|Stealth Rock|[from] move: Rapid Spin|[of] p1a: Regieleki\n|move|p2a: Garchomp|Swords Dance|p2a: Garchomp\n|-boost|p2a: Garchomp|atk|2\n|\n|upkeep\n|turn|4\n|\n|t:|1664451248\n|move|p1a: Regieleki|Explosion|p2a: Garchomp\n|-damage|p2a: Garchomp|31\/100\n|faint|p1a: Regieleki\n|move|p2a: Garchomp|Earthquake|p1: Regieleki|[notarget]\n|-fail|p2a: Garchomp\n|\n|upkeep\n|\n|t:|1664451254\n|switch|p1a: Clefable|Clefable, M|100\/100\n|turn|5\n|\n|t:|1664451261\n|move|p2a: Garchomp|Earthquake|p1a: Clefable\n|-damage|p1a: Clefable|63\/100\n|move|p1a: Clefable|Moonblast|p2a: Garchomp\n|-supereffective|p2a: Garchomp\n|-damage|p2a: Garchomp|0 fnt\n|faint|p2a: Garchomp\n|\n|-heal|p1a: Clefable|69\/100|[from] item: Leftovers\n|upkeep\n|\n|t:|1664451268\n|switch|p2a: Tapu Bulu|Tapu Bulu|100\/100\n|-fieldstart|move: Grassy Terrain|[from] ability: Grassy Surge|[of] p2a: Tapu Bulu\n|turn|6\n|\n|t:|1664451276\n|switch|p1a: Jirachi|Jirachi, shiny|100\/100\n|move|p2a: Tapu Bulu|Swords Dance|p2a: Tapu Bulu\n|-boost|p2a: Tapu Bulu|atk|2\n|\n|upkeep\n|turn|7\n|\n|t:|1664451281\n|switch|p2a: Mew|Mew|100\/100\n|-zpower|p1a: Jirachi\n|move|p1a: Jirachi|Z-Happy Hour|p1a: Jirachi|[anim]Happy Hour\n|-boost|p1a: Jirachi|atk|1|[zeffect]\n|-boost|p1a: Jirachi|def|1|[zeffect]\n|-boost|p1a: Jirachi|spa|1|[zeffect]\n|-boost|p1a: Jirachi|spd|1|[zeffect]\n|-boost|p1a: Jirachi|spe|1|[zeffect]\n|\n|upkeep\n|turn|8\n|\n|t:|1664451284\n|move|p1a: Jirachi|Calm Mind|p1a: Jirachi\n|-boost|p1a: Jirachi|spa|1\n|-boost|p1a: Jirachi|spd|1\n|move|p2a: Mew|Will-O-Wisp|p1a: Jirachi|[miss]\n|-miss|p2a: Mew|p1a: Jirachi\n|\n|-sideend|p1: P0KE.HER0|Reflect\n|upkeep\n|turn|9\n|\n|t:|1664451288\n|move|p1a: Jirachi|Calm Mind|p1a: Jirachi\n|-boost|p1a: Jirachi|spa|1\n|-boost|p1a: Jirachi|spd|1\n|move|p2a: Mew|Roar|p1a: Jirachi\n|drag|p1a: Grimmsnarl|Grimmsnarl, M|100\/100\n|\n|-sideend|p1: P0KE.HER0|move: Light Screen\n|upkeep\n|turn|10\n|-message|P0KE.HER0 forfeited.\n|\n|win|Ferrothornail\u8349\u94a2\u7532\n|raw|P0KE.HER0's rating: 1546 &rarr; <strong>1529<\/strong><br \/>(-17 for losing)\n|raw|Ferrothornail\u8349\u94a2\u7532's rating: 1592 &rarr; <strong>1609<\/strong><br \/>(+17 for winning)\n|l|\u2606P0KE.HER0\n||Ladder isn't responding, score probably updated but might not have (Request timeout).\n","uploadtime":1664451303,"views":8,"p1id":"p0keher0","p2id":"ferrothornail","formatid":"gen8nationaldex","rating":1529,"private":0,"password":null}