{"id":"gen8ou-1700474697","p1":"MrDrProfTest","p2":"Diameter\u272fXtreme","format":"gen8ou","log":"|j|\u2606MrDrProfTest\n|j|\u2606Diameter\u272fXtreme\n|t:|1667343201\n|gametype|singles\n|player|p1|MrDrProfTest|265|1617\n|player|p2|Diameter\u272fXtreme|jasmine-gen2|1680\n|teamsize|p1|6\n|teamsize|p2|6\n|gen|8\n|tier|[Gen 8] OU\n|rated|\n|rule|Sleep Clause Mod: Limit one foe put to sleep\n|rule|Species Clause: Limit one of each Pok\u00e9mon\n|rule|OHKO Clause: OHKO moves are banned\n|rule|Evasion Items Clause: Evasion items are banned\n|rule|Evasion Moves Clause: Evasion moves are banned\n|rule|Endless Battle Clause: Forcing endless battles is banned\n|rule|HP Percentage Mod: HP is shown in percentages\n|rule|Dynamax Clause: You cannot dynamax\n|clearpoke\n|poke|p1|Arctozolt|\n|poke|p1|Victini|\n|poke|p1|Slowbro, M|\n|poke|p1|Porygon2|\n|poke|p1|Buzzwole|\n|poke|p1|Swampert, M|\n|poke|p2|Zapdos|\n|poke|p2|Sandaconda, F|\n|poke|p2|Buzzwole|\n|poke|p2|Dragapult, M|\n|poke|p2|Melmetal|\n|poke|p2|Blissey, F|\n|teampreview\n|inactive|Battle timer is ON: inactive players will automatically lose when time's up. (requested by Diameter\u272fXtreme)\n|\n|t:|1667343221\n|start\n|switch|p1a: Porygon2|Porygon2|100\/100\n|switch|p2a: Sandaconda|Sandaconda, F, shiny|100\/100\n|-ability|p1a: Porygon2|Shed Skin|[from] ability: Trace|[of] p2a: Sandaconda\n|turn|1\n|\n|t:|1667343231\n|switch|p2a: Blissey|Blissey, F|100\/100\n|move|p1a: Porygon2|Trick Room|p1a: Porygon2\n|-fieldstart|move: Trick Room|[of] p1a: Porygon2\n|\n|upkeep\n|turn|2\n|\n|t:|1667343243\n|move|p2a: Blissey|Toxic|p1a: Porygon2\n|-status|p1a: Porygon2|tox\n|move|p1a: Porygon2|Teleport|p1a: Porygon2\n|\n|t:|1667343254\n|switch|p1a: Victini|Victini|100\/100|[from]move: Teleport\n|\n|upkeep\n|turn|3\n|\n|t:|1667343259\n|move|p2a: Blissey|Toxic|p1a: Victini\n|-status|p1a: Victini|tox\n|move|p1a: Victini|V-create|p2a: Blissey\n|-damage|p2a: Blissey|27\/100\n|-unboost|p1a: Victini|spe|1\n|-unboost|p1a: Victini|def|1\n|-unboost|p1a: Victini|spd|1\n|\n|-damage|p1a: Victini|94\/100 tox|[from] psn\n|upkeep\n|turn|4\n|\n|t:|1667343270\n|switch|p2a: Sandaconda|Sandaconda, F, shiny|100\/100\n|move|p1a: Victini|V-create|p2a: Sandaconda\n|-damage|p2a: Sandaconda|30\/100\n|-unboost|p1a: Victini|spe|1\n|-unboost|p1a: Victini|def|1\n|-unboost|p1a: Victini|spd|1\n|\n|-heal|p2a: Sandaconda|36\/100|[from] item: Leftovers\n|-damage|p1a: Victini|82\/100 tox|[from] psn\n|upkeep\n|turn|5\n|\n|t:|1667343282\n|move|p1a: Victini|V-create|p2a: Sandaconda\n|-damage|p2a: Sandaconda|0 fnt\n|-unboost|p1a: Victini|spe|1\n|-unboost|p1a: Victini|def|1\n|-unboost|p1a: Victini|spd|1\n|faint|p2a: Sandaconda\n|\n|-damage|p1a: Victini|63\/100 tox|[from] psn\n|-fieldend|move: Trick Room\n|upkeep\n|\n|t:|1667343288\n|switch|p2a: Dragapult|Dragapult, M|100\/100\n|turn|6\n|\n|t:|1667343291\n|switch|p1a: Porygon2|Porygon2|100\/100 tox\n|-ability|p1a: Porygon2|Infiltrator|[from] ability: Trace|[of] p2a: Dragapult\n|move|p2a: Dragapult|U-turn|p1a: Porygon2\n|-damage|p1a: Porygon2|89\/100 tox\n|\n|t:|1667343294\n|switch|p2a: Melmetal|Melmetal|100\/100|[from]move: U-turn\n|\n|-damage|p1a: Porygon2|83\/100 tox|[from] psn\n|upkeep\n|turn|7\n|\n|t:|1667343304\n|switch|p1a: Slowbro|Slowbro, M|100\/100\n|move|p2a: Melmetal|Double Iron Bash|p1a: Slowbro\n|-resisted|p1a: Slowbro\n|-damage|p1a: Slowbro|81\/100\n|-resisted|p1a: Slowbro\n|-damage|p1a: Slowbro|60\/100\n|-hitcount|p1a: Slowbro|2\n|\n|upkeep\n|turn|8\n|\n|t:|1667343309\n|switch|p1a: Swampert|Swampert, M|100\/100\n|move|p2a: Melmetal|Double Iron Bash|p1a: Swampert\n|-resisted|p1a: Swampert\n|-damage|p1a: Swampert|70\/100\n|-resisted|p1a: Swampert\n|-damage|p1a: Swampert|37\/100\n|-hitcount|p1a: Swampert|2\n|\n|upkeep\n|turn|9\n|\n|t:|1667343316\n|switch|p1a: Slowbro|Slowbro, M|94\/100\n|move|p2a: Melmetal|Double Iron Bash|p1a: Slowbro\n|-resisted|p1a: Slowbro\n|-damage|p1a: Slowbro|74\/100\n|-resisted|p1a: Slowbro\n|-damage|p1a: Slowbro|55\/100\n|-hitcount|p1a: Slowbro|2\n|\n|upkeep\n|turn|10\n|\n|t:|1667343322\n|move|p2a: Melmetal|Double Iron Bash|p1a: Slowbro\n|-resisted|p1a: Slowbro\n|-damage|p1a: Slowbro|35\/100\n|-resisted|p1a: Slowbro\n|-damage|p1a: Slowbro|14\/100\n|-hitcount|p1a: Slowbro|2\n|move|p1a: Slowbro|Trick Room|p1a: Slowbro\n|-fieldstart|move: Trick Room|[of] p1a: Slowbro\n|\n|upkeep\n|turn|11\n|j| Jongruenwald\n|\n|t:|1667343345\n|move|p1a: Slowbro|Scald|p2a: Melmetal\n|-damage|p2a: Melmetal|68\/100\n|-status|p2a: Melmetal|brn\n|move|p2a: Melmetal|Double Iron Bash|p1a: Slowbro\n|-resisted|p1a: Slowbro\n|-damage|p1a: Slowbro|5\/100\n|-resisted|p1a: Slowbro\n|-damage|p1a: Slowbro|0 fnt\n|faint|p1a: Slowbro\n|-hitcount|p1: Slowbro|2\n|\n|-damage|p2a: Melmetal|62\/100 brn|[from] brn\n|upkeep\n|inactive|MrDrProfTest has 120 seconds left.\n|\n|t:|1667343366\n|switch|p1a: Swampert|Swampert, M|37\/100\n|turn|12\n|inactive|MrDrProfTest has 120 seconds left.\n|\n|t:|1667343378\n|switch|p2a: Zapdos|Zapdos|100\/100\n|move|p1a: Swampert|Flip Turn|p2a: Zapdos\n|-crit|p2a: Zapdos\n|-damage|p2a: Zapdos|50\/100\n|inactive|MrDrProfTest has 120 seconds left.\n|\n|t:|1667343389\n|switch|p1a: Arctozolt|Arctozolt|100\/100|[from]move: Flip Turn\n|\n|upkeep\n|turn|13\n|\n|t:|1667343394\n|switch|p2a: Blissey|Blissey, F|27\/100\n|move|p1a: Arctozolt|Ice Beam|p2a: Blissey\n|-damage|p2a: Blissey|12\/100\n|\n|upkeep\n|turn|14\n|\n|t:|1667343401\n|move|p1a: Arctozolt|Bolt Beak|p2a: Blissey\n|-damage|p2a: Blissey|0 fnt\n|faint|p2a: Blissey\n|\n|-fieldend|move: Trick Room\n|upkeep\n|\n|t:|1667343406\n|switch|p2a: Dragapult|Dragapult, M|100\/100\n|turn|15\n|\n|t:|1667343415\n|switch|p1a: Porygon2|Porygon2|83\/100 tox\n|-ability|p1a: Porygon2|Infiltrator|[from] ability: Trace|[of] p2a: Dragapult\n|move|p2a: Dragapult|U-turn|p1a: Porygon2\n|-damage|p1a: Porygon2|72\/100 tox\n|\n|t:|1667343417\n|switch|p2a: Buzzwole|Buzzwole|100\/100|[from]move: U-turn\n|\n|-damage|p1a: Porygon2|66\/100 tox|[from] psn\n|upkeep\n|turn|16\n|\n|t:|1667343434\n|switch|p1a: Buzzwole|Buzzwole|100\/100\n|move|p2a: Buzzwole|Close Combat|p1a: Buzzwole\n|-resisted|p1a: Buzzwole\n|-damage|p1a: Buzzwole|79\/100\n|-unboost|p2a: Buzzwole|def|1\n|-unboost|p2a: Buzzwole|spd|1\n|\n|-heal|p1a: Buzzwole|85\/100|[from] item: Leftovers\n|upkeep\n|turn|17\n|\n|t:|1667343441\n|move|p2a: Buzzwole|Toxic|p1a: Buzzwole\n|-status|p1a: Buzzwole|tox\n|move|p1a: Buzzwole|Ice Punch|p2a: Buzzwole\n|-damage|p2a: Buzzwole|73\/100\n|-damage|p1a: Buzzwole|69\/100 tox|[from] item: Rocky Helmet|[of] p2a: Buzzwole\n|\n|-heal|p1a: Buzzwole|75\/100 tox|[from] item: Leftovers\n|-damage|p1a: Buzzwole|69\/100 tox|[from] psn\n|upkeep\n|turn|18\n|\n|t:|1667343456\n|switch|p1a: Victini|Victini|63\/100 tox\n|move|p2a: Buzzwole|Roost|p2a: Buzzwole\n|-heal|p2a: Buzzwole|100\/100\n|-singleturn|p2a: Buzzwole|move: Roost\n|\n|-damage|p1a: Victini|57\/100 tox|[from] psn\n|upkeep\n|turn|19\n|\n|t:|1667343464\n|switch|p2a: Melmetal|Melmetal|62\/100 brn\n|move|p1a: Victini|Trick Room|p1a: Victini\n|-fieldstart|move: Trick Room|[of] p1a: Victini\n|\n|-damage|p1a: Victini|45\/100 tox|[from] psn\n|-damage|p2a: Melmetal|56\/100 brn|[from] brn\n|upkeep\n|turn|20\n|j| Ejebdbed\n|inactive|MrDrProfTest has 120 seconds left.\n|\n|t:|1667343508\n|switch|p2a: Zapdos|Zapdos|50\/100\n|switch|p1a: Arctozolt|Arctozolt|100\/100\n|\n|upkeep\n|turn|21\n|\n|t:|1667343523\n|switch|p2a: Buzzwole|Buzzwole|100\/100\n|move|p1a: Arctozolt|Bolt Beak|p2a: Buzzwole\n|-damage|p2a: Buzzwole|51\/100\n|-damage|p1a: Arctozolt|84\/100|[from] item: Rocky Helmet|[of] p2a: Buzzwole\n|\n|upkeep\n|turn|22\n|\n|t:|1667343534\n|switch|p2a: Melmetal|Melmetal|56\/100 brn\n|move|p1a: Arctozolt|Ice Beam|p2a: Melmetal\n|-resisted|p2a: Melmetal\n|-damage|p2a: Melmetal|36\/100 brn\n|\n|-damage|p2a: Melmetal|30\/100 brn|[from] brn\n|upkeep\n|turn|23\n|\n|t:|1667343540\n|move|p1a: Arctozolt|Bolt Beak|p2a: Melmetal\n|-damage|p2a: Melmetal|0 fnt\n|faint|p2a: Melmetal\n|\n|-fieldend|move: Trick Room\n|upkeep\n|\n|t:|1667343549\n|switch|p2a: Zapdos|Zapdos|50\/100\n|turn|24\n|inactive|MrDrProfTest has 120 seconds left.\n|\n|t:|1667343561\n|switch|p1a: Porygon2|Porygon2|66\/100 tox\n|-ability|p1a: Porygon2|Static|[from] ability: Trace|[of] p2a: Zapdos\n|move|p2a: Zapdos|Roost|p2a: Zapdos\n|-heal|p2a: Zapdos|99\/100\n|-singleturn|p2a: Zapdos|move: Roost\n|\n|-damage|p1a: Porygon2|60\/100 tox|[from] psn\n|upkeep\n|turn|25\n|\n|t:|1667343566\n|switch|p2a: Buzzwole|Buzzwole|51\/100\n|move|p1a: Porygon2|Trick Room|p1a: Porygon2\n|-fieldstart|move: Trick Room|[of] p1a: Porygon2\n|\n|-damage|p1a: Porygon2|47\/100 tox|[from] psn\n|upkeep\n|turn|26\n|-message|Diameter\u272fXtreme forfeited.\n|\n|win|MrDrProfTest\n|raw|MrDrProfTest's rating: 1617 &rarr; <strong>1641<\/strong><br \/>(+24 for winning)\n|raw|Diameter\u272fXtreme's rating: 1680 &rarr; <strong>1656<\/strong><br \/>(-24 for losing)\n|l|\u2606Diameter\u272fXtreme\n|l| Ejebdbed\n|l|\u2606MrDrProfTest\n||Ladder isn't responding, score probably updated but might not have (Request timeout).\n|j|\u2606MrDrProfTest\n|player|p1|MrDrProfTest|265\n","uploadtime":1667343664,"views":4,"p1id":"mrdrproftest","p2id":"diameterxtreme","formatid":"gen8ou","rating":1641,"private":0,"password":null}