{"id":"gen8ou-1561171957","p1":"12345678wertzui","p2":"BRIFYE","format":"gen8ou","log":"|j|\u260612345678wertzui\n|j|\u2606BRIFYE\n|t:|1650911501\n|gametype|singles\n|player|p1|12345678wertzui|twins-gen4dp|1633\n|player|p2|BRIFYE|blaine|1760\n|teamsize|p1|6\n|teamsize|p2|6\n|gen|8\n|tier|[Gen 8] OU\n|rated|\n|rule|Sleep Clause Mod: Limit one foe put to sleep\n|rule|Species Clause: Limit one of each Pok\u00e9mon\n|rule|OHKO Clause: OHKO moves are banned\n|rule|Evasion Moves Clause: Evasion moves are banned\n|rule|Endless Battle Clause: Forcing endless battles is banned\n|rule|HP Percentage Mod: HP is shown in percentages\n|rule|Dynamax Clause: You cannot dynamax\n|clearpoke\n|poke|p1|Pelipper, M|\n|poke|p1|Sharpedo, F|\n|poke|p1|Ferrothorn, M|\n|poke|p1|Landorus-Therian, M|\n|poke|p1|Tapu Lele|\n|poke|p1|Zapdos|\n|poke|p2|Torkoal, F|\n|poke|p2|Darmanitan, F|\n|poke|p2|Dragonite, M|\n|poke|p2|Blacephalon|\n|poke|p2|Venusaur, F|\n|poke|p2|Landorus-Therian, M|\n|teampreview\n|inactive|Battle timer is ON: inactive players will automatically lose when time's up. (requested by 12345678wertzui)\n|\n|t:|1650911520\n|start\n|switch|p1a: Pepe|Pelipper, M|100\/100\n|switch|p2a: Landorus|Landorus-Therian, M|100\/100\n|-weather|RainDance|[from] ability: Drizzle|[of] p1a: Pepe\n|-ability|p2a: Landorus|Intimidate|boost\n|-unboost|p1a: Pepe|atk|1\n|turn|1\n|\n|t:|1650911529\n|move|p1a: Pepe|Scald|p2a: Landorus\n|-supereffective|p2a: Landorus\n|-damage|p2a: Landorus|0 fnt\n|faint|p2a: Landorus\n|\n|-weather|RainDance|[upkeep]\n|upkeep\n|\n|t:|1650911541\n|switch|p2a: Torkoal|Torkoal, F|100\/100\n|-weather|SunnyDay|[from] ability: Drought|[of] p2a: Torkoal\n|turn|2\n|\n|t:|1650911546\n|move|p1a: Pepe|Scald|p2a: Torkoal\n|-supereffective|p2a: Torkoal\n|-damage|p2a: Torkoal|25\/100\n|move|p2a: Torkoal|Stealth Rock|p1a: Pepe\n|-sidestart|p1: 12345678wertzui|move: Stealth Rock\n|\n|-weather|SunnyDay|[upkeep]\n|upkeep\n|turn|3\n|\n|t:|1650911552\n|switch|p2a: Venusaur|Venusaur, F|100\/100\n|move|p1a: Pepe|Scald|p2a: Venusaur\n|-resisted|p2a: Venusaur\n|-damage|p2a: Venusaur|85\/100\n|-status|p2a: Venusaur|brn\n|\n|-weather|SunnyDay|[upkeep]\n|-damage|p2a: Venusaur|79\/100 brn|[from] brn\n|upkeep\n|turn|4\n|\n|t:|1650911564\n|switch|p1a: Bob|Ferrothorn, M|100\/100\n|-damage|p1a: Bob|94\/100|[from] Stealth Rock\n|move|p2a: Venusaur|Weather Ball|p1a: Bob\n|-supereffective|p1a: Bob\n|-damage|p1a: Bob|0 fnt\n|faint|p1a: Bob\n|-damage|p2a: Venusaur|69\/100 brn|[from] item: Life Orb\n|\n|-weather|SunnyDay|[upkeep]\n|-damage|p2a: Venusaur|63\/100 brn|[from] brn\n|upkeep\n|j| podtastic1\n|\n|t:|1650911570\n|switch|p1a: Pepe|Pelipper, M|100\/100\n|-damage|p1a: Pepe|76\/100|[from] Stealth Rock\n|-weather|RainDance|[from] ability: Drizzle|[of] p1a: Pepe\n|turn|5\n|\n|t:|1650911582\n|switch|p2a: Dragonite|Dragonite, M|100\/100\n|switch|p1a: Zapgoose|Zapdos|100\/100\n|\n|-weather|RainDance|[upkeep]\n|upkeep\n|turn|6\n|\n|t:|1650911589\n|move|p1a: Zapgoose|Thunder Wave|p2a: Dragonite\n|-status|p2a: Dragonite|par\n|cant|p2a: Dragonite|par\n|\n|-weather|RainDance|[upkeep]\n|upkeep\n|turn|7\n|\n|t:|1650911603\n|move|p1a: Zapgoose|Defog|p2a: Dragonite\n|-unboost|p2a: Dragonite|evasion|1\n|-sideend|p1: 12345678wertzui|Stealth Rock|[from] move: Defog|[of] p1a: Zapgoose\n|move|p2a: Dragonite|Dragon Dance|p2a: Dragonite\n|-boost|p2a: Dragonite|atk|1\n|-boost|p2a: Dragonite|spe|1\n|\n|-weather|RainDance|[upkeep]\n|upkeep\n|turn|8\n|\n|t:|1650911610\n|move|p1a: Zapgoose|Hurricane|p2a: Dragonite\n|-damage|p2a: Dragonite|75\/100 par\n|-start|p2a: Dragonite|confusion\n|-activate|p2a: Dragonite|confusion\n|move|p2a: Dragonite|Ice Punch|p1a: Zapgoose\n|-supereffective|p1a: Zapgoose\n|-damage|p1a: Zapgoose|5\/100\n|\n|-weather|RainDance|[upkeep]\n|upkeep\n|turn|9\n|\n|t:|1650911618\n|move|p1a: Zapgoose|Hurricane|p2a: Dragonite\n|-damage|p2a: Dragonite|22\/100 par\n|-activate|p2a: Dragonite|confusion\n|move|p2a: Dragonite|Ice Punch|p1a: Zapgoose\n|-supereffective|p1a: Zapgoose\n|-damage|p1a: Zapgoose|0 fnt\n|faint|p1a: Zapgoose\n|\n|-weather|none\n|upkeep\n|\n|t:|1650911631\n|switch|p1a: Kirra|Sharpedo, F|100\/100\n|turn|10\n|\n|t:|1650911634\n|move|p1a: Kirra|Crunch|p2a: Dragonite\n|-damage|p2a: Dragonite|0 fnt\n|faint|p2a: Dragonite\n|-damage|p1a: Kirra|91\/100|[from] item: Life Orb\n|\n|-ability|p1a: Kirra|Speed Boost|boost\n|-boost|p1a: Kirra|spe|1\n|upkeep\n|\n|t:|1650911653\n|switch|p2a: Blacephalon|Blacephalon|100\/100\n|turn|11\n|\n|t:|1650911664\n|move|p1a: Kirra|Protect|p1a: Kirra\n|-singleturn|p1a: Kirra|Protect\n|move|p2a: Blacephalon|Overheat|p1a: Kirra\n|-activate|p1a: Kirra|move: Protect\n|\n|-ability|p1a: Kirra|Speed Boost|boost\n|-boost|p1a: Kirra|spe|1\n|upkeep\n|turn|12\n|\n|t:|1650911678\n|move|p1a: Kirra|Crunch|p2a: Blacephalon\n|-supereffective|p2a: Blacephalon\n|-damage|p2a: Blacephalon|0 fnt\n|faint|p2a: Blacephalon\n|-damage|p1a: Kirra|81\/100|[from] item: Life Orb\n|\n|-ability|p1a: Kirra|Speed Boost|boost\n|-boost|p1a: Kirra|spe|1\n|upkeep\n|\n|t:|1650911686\n|switch|p2a: Torkoal|Torkoal, F|25\/100\n|-weather|SunnyDay|[from] ability: Drought|[of] p2a: Torkoal\n|turn|13\n|\n|t:|1650911693\n|move|p1a: Kirra|Waterfall|p2a: Torkoal\n|-supereffective|p2a: Torkoal\n|-damage|p2a: Torkoal|0 fnt\n|faint|p2a: Torkoal\n|-damage|p1a: Kirra|71\/100|[from] item: Life Orb\n|\n|-weather|SunnyDay|[upkeep]\n|-ability|p1a: Kirra|Speed Boost|boost\n|-boost|p1a: Kirra|spe|1\n|upkeep\n|\n|t:|1650911701\n|switch|p2a: Venusaur|Venusaur, F|63\/100 brn\n|turn|14\n|\n|t:|1650911705\n|move|p1a: Kirra|Crunch|p2a: Venusaur\n|-damage|p2a: Venusaur|0 fnt\n|faint|p2a: Venusaur\n|-damage|p1a: Kirra|61\/100|[from] item: Life Orb\n|\n|-weather|SunnyDay|[upkeep]\n|-ability|p1a: Kirra|Speed Boost|boost\n|-boost|p1a: Kirra|spe|1\n|upkeep\n|c|\u260612345678wertzui|gg\n|-message|BRIFYE forfeited.\n|\n|win|12345678wertzui\n|raw|12345678wertzui's rating: 1633 &rarr; <strong>1660<\/strong><br \/>(+27 for winning)\n|raw|BRIFYE's rating: 1760 &rarr; <strong>1733<\/strong><br \/>(-27 for losing)\n|l|\u2606BRIFYE\n||Ladder isn't responding, score probably updated but might not have (Request timeout).\n","uploadtime":1650911731,"views":17,"p1id":"12345678wertzui","p2id":"brifye","formatid":"gen8ou","rating":1660,"private":0,"password":null}