{"id":"gen8randombattle-1290786191","p1":"BoRida","p2":"TehranTyphlosions","format":"gen8randombattle","log":"|j|\u2606BoRida\n|j|\u2606TehranTyphlosions\n|t:|1614411583\n|player|p1|BoRida|swimmer|2434\n|player|p2|TehranTyphlosions|clair|2146\n|teamsize|p1|6\n|teamsize|p2|6\n|gametype|singles\n|gen|8\n|tier|[Gen 8] Random Battle\n|rated|\n|rule|Species Clause: Limit one of each Pok\u00e9mon\n|rule|HP Percentage Mod: HP is shown in percentages\n|rule|Sleep Clause Mod: Limit one foe put to sleep\n|\n|t:|1614411583\n|start\n|switch|p1a: Trevenant|Trevenant, L86, F|286\/286\n|switch|p2a: Magmortar|Magmortar, L86, M|269\/269\n|turn|1\n|\n|t:|1614411595\n|switch|p1a: Appletun|Appletun, L90, F|344\/344\n|move|p2a: Magmortar|Fire Blast|p1a: Appletun\n|-damage|p1a: Appletun|269\/344\n|\n|-heal|p1a: Appletun|290\/344|[from] item: Leftovers\n|upkeep\n|turn|2\n|\n|t:|1614411604\n|switch|p2a: Whimsicott|Whimsicott, L84, M|238\/238\n|move|p1a: Appletun|Leech Seed|p2a: Whimsicott\n|-immune|p2a: Whimsicott\n|\n|-heal|p1a: Appletun|311\/344|[from] item: Leftovers\n|upkeep\n|turn|3\n|\n|t:|1614411612\n|switch|p1a: Magearna|Magearna-Original, L74|240\/240\n|move|p2a: Whimsicott|Moonblast|p1a: Magearna\n|-resisted|p1a: Magearna\n|-damage|p1a: Magearna|202\/240\n|\n|-heal|p1a: Magearna|217\/240|[from] item: Leftovers\n|upkeep\n|turn|4\n|\n|t:|1614411620\n|move|p2a: Whimsicott|U-turn|p1a: Magearna\n|-resisted|p1a: Magearna\n|-damage|p1a: Magearna|208\/240\n|\n|t:|1614411629\n|switch|p2a: Magmortar|Magmortar, L86, M|269\/269\n|move|p1a: Magearna|Flash Cannon|p2a: Magmortar\n|-resisted|p2a: Magmortar\n|-crit|p2a: Magmortar\n|-damage|p2a: Magmortar|233\/269\n|\n|-heal|p1a: Magearna|223\/240|[from] item: Leftovers\n|upkeep\n|turn|5\n|\n|t:|1614411633\n|switch|p2a: Whimsicott|Whimsicott, L84, M|238\/238\n|switch|p1a: Appletun|Appletun, L90, F|311\/344\n|\n|-heal|p1a: Appletun|332\/344|[from] item: Leftovers\n|upkeep\n|turn|6\n|\n|t:|1614411637\n|switch|p1a: Magearna|Magearna-Original, L74|223\/240\n|move|p2a: Whimsicott|Moonblast|p1a: Magearna\n|-resisted|p1a: Magearna\n|-damage|p1a: Magearna|183\/240\n|\n|-heal|p1a: Magearna|198\/240|[from] item: Leftovers\n|upkeep\n|turn|7\n|\n|t:|1614411640\n|move|p2a: Whimsicott|Leech Seed|p1a: Magearna\n|-start|p1a: Magearna|move: Leech Seed\n|move|p1a: Magearna|Fleur Cannon|p2a: Whimsicott\n|-damage|p2a: Whimsicott|90\/238\n|-unboost|p1a: Magearna|spa|2\n|\n|-heal|p2a: Whimsicott|104\/238|[from] item: Leftovers\n|-heal|p1a: Magearna|213\/240|[from] item: Leftovers\n|-damage|p1a: Magearna|183\/240|[from] Leech Seed|[of] p2a: Whimsicott\n|-heal|p2a: Whimsicott|134\/238|[silent]\n|upkeep\n|turn|8\n|\n|t:|1614411652\n|switch|p1a: Trevenant|Trevenant, L86, F|286\/286\n|move|p2a: Whimsicott|Moonblast|p1a: Trevenant\n|-damage|p1a: Trevenant|204\/286\n|\n|-heal|p2a: Whimsicott|148\/238|[from] item: Leftovers\n|upkeep\n|turn|9\n|\n|t:|1614411654\n|move|p2a: Whimsicott|U-turn|p1a: Trevenant\n|-damage|p1a: Trevenant|163\/286\n|\n|t:|1614411662\n|switch|p2a: Magmortar|Magmortar, L86, M|233\/269\n|move|p1a: Trevenant|Poltergeist|p2a: Magmortar|[miss]\n|-miss|p1a: Trevenant|p2a: Magmortar\n|\n|upkeep\n|turn|10\n|\n|t:|1614411668\n|switch|p1a: Appletun|Appletun, L90, F|332\/344\n|move|p2a: Magmortar|Fire Blast|p1a: Appletun\n|-damage|p1a: Appletun|256\/344\n|\n|-heal|p1a: Appletun|277\/344|[from] item: Leftovers\n|upkeep\n|turn|11\n|\n|t:|1614411672\n|switch|p2a: Whimsicott|Whimsicott, L84, M|148\/238\n|move|p1a: Appletun|Apple Acid|p2a: Whimsicott\n|-resisted|p2a: Whimsicott\n|-damage|p2a: Whimsicott|90\/238\n|-unboost|p2a: Whimsicott|spd|1\n|\n|-heal|p2a: Whimsicott|104\/238|[from] item: Leftovers\n|-heal|p1a: Appletun|298\/344|[from] item: Leftovers\n|upkeep\n|turn|12\n|\n|t:|1614411677\n|switch|p1a: Magearna|Magearna-Original, L74|183\/240\n|move|p2a: Whimsicott|Moonblast|p1a: Magearna\n|-resisted|p1a: Magearna\n|-damage|p1a: Magearna|142\/240\n|-unboost|p1a: Magearna|spa|1\n|\n|-heal|p2a: Whimsicott|118\/238|[from] item: Leftovers\n|-heal|p1a: Magearna|157\/240|[from] item: Leftovers\n|upkeep\n|turn|13\n|\n|t:|1614411680\n|move|p2a: Whimsicott|U-turn|p1a: Magearna\n|-resisted|p1a: Magearna\n|-damage|p1a: Magearna|148\/240\n|\n|t:|1614411686\n|switch|p2a: Magmortar|Magmortar, L86, M|233\/269\n|move|p1a: Magearna|Flash Cannon|p2a: Magmortar\n|-resisted|p2a: Magmortar\n|-damage|p2a: Magmortar|216\/269\n|-unboost|p2a: Magmortar|spd|1\n|\n|-heal|p1a: Magearna|163\/240|[from] item: Leftovers\n|upkeep\n|turn|14\n|\n|t:|1614411691\n|switch|p1a: Appletun|Appletun, L90, F|298\/344\n|move|p2a: Magmortar|Fire Blast|p1a: Appletun\n|-damage|p1a: Appletun|226\/344\n|\n|-heal|p1a: Appletun|247\/344|[from] item: Leftovers\n|upkeep\n|turn|15\n|\n|t:|1614411696\n|switch|p2a: Goodra|Goodra, L82, F|282\/282\n|move|p1a: Appletun|Apple Acid|p2a: Goodra\n|-ability|p2a: Goodra|Sap Sipper|boost\n|-boost|p2a: Goodra|atk|1\n|\n|-heal|p1a: Appletun|268\/344|[from] item: Leftovers\n|upkeep\n|turn|16\n|\n|t:|1614411712\n|switch|p1a: Magearna|Magearna-Original, L74|163\/240\n|move|p2a: Goodra|Draco Meteor|p1a: Magearna\n|-immune|p1a: Magearna\n|\n|-heal|p1a: Magearna|178\/240|[from] item: Leftovers\n|upkeep\n|turn|17\n|inactive|Battle timer is ON: inactive players will automatically lose when time's up. (requested by TehranTyphlosions)\n|\n|t:|1614411731\n|switch|p1a: Trevenant|Trevenant, L86, F|163\/286\n|move|p2a: Goodra|Fire Blast|p1a: Trevenant\n|-supereffective|p1a: Trevenant\n|-damage|p1a: Trevenant|0 fnt\n|faint|p1a: Trevenant\n|\n|upkeep\n|\n|t:|1614411743\n|switch|p1a: Barbaracle|Barbaracle, L80, M|246\/246\n|turn|18\n|\n|t:|1614411748\n|move|p2a: Goodra|Earthquake|p1a: Barbaracle\n|-supereffective|p1a: Barbaracle\n|-damage|p1a: Barbaracle|70\/246\n|move|p1a: Barbaracle|Shell Smash|p1a: Barbaracle\n|-unboost|p1a: Barbaracle|def|1\n|-unboost|p1a: Barbaracle|spd|1\n|-boost|p1a: Barbaracle|atk|2\n|-boost|p1a: Barbaracle|spa|2\n|-boost|p1a: Barbaracle|spe|2\n|-enditem|p1a: Barbaracle|White Herb\n|-clearnegativeboost|p1a: Barbaracle|[silent]\n|\n|upkeep\n|turn|19\n|\n|t:|1614411753\n|move|p1a: Barbaracle|Stone Edge|p2a: Goodra|[miss]\n|-miss|p1a: Barbaracle|p2a: Goodra\n|move|p2a: Goodra|Earthquake|p1a: Barbaracle\n|-supereffective|p1a: Barbaracle\n|-damage|p1a: Barbaracle|0 fnt\n|faint|p1a: Barbaracle\n|\n|upkeep\n|\n|t:|1614411760\n|switch|p1a: Appletun|Appletun, L90, F|268\/344\n|turn|20\n|\n|t:|1614411763\n|move|p2a: Goodra|Draco Meteor|p1a: Appletun\n|-supereffective|p1a: Appletun\n|-damage|p1a: Appletun|2\/344\n|-unboost|p2a: Goodra|spa|2\n|move|p1a: Appletun|Draco Meteor|p2a: Goodra\n|-supereffective|p2a: Goodra\n|-damage|p2a: Goodra|144\/282\n|-unboost|p1a: Appletun|spa|2\n|\n|-heal|p1a: Appletun|23\/344|[from] item: Leftovers\n|upkeep\n|turn|21\n|\n|t:|1614411768\n|move|p2a: Goodra|Draco Meteor|p1a: Appletun\n|-supereffective|p1a: Appletun\n|-damage|p1a: Appletun|0 fnt\n|-unboost|p2a: Goodra|spa|2\n|faint|p1a: Appletun\n|\n|upkeep\n|\n|t:|1614411776\n|switch|p1a: Calyrex|Calyrex-Shadow, L66|242\/242\n|-ability|p1a: Calyrex|As One\n|-ability|p1a: Calyrex|Unnerve|p2: TehranTyphlosions\n|turn|22\n|\n|t:|1614411785\n|switch|p2a: Magmortar|Magmortar, L86, M|216\/269\n|move|p1a: Calyrex|Nasty Plot|p1a: Calyrex\n|-boost|p1a: Calyrex|spa|2\n|\n|upkeep\n|turn|23\n|inactive|BoRida has 120 seconds left.\n|\n|t:|1614411819\n|move|p1a: Calyrex|Astral Barrage|p2a: Magmortar\n|-damage|p2a: Magmortar|62\/269\n|move|p2a: Magmortar|Earthquake|p1a: Calyrex\n|-damage|p1a: Calyrex|140\/242\n|\n|-heal|p1a: Calyrex|155\/242|[from] item: Leftovers\n|upkeep\n|turn|24\n|\n|t:|1614411830\n|move|p1a: Calyrex|Psyshock|p2a: Magmortar\n|-damage|p2a: Magmortar|0 fnt\n|faint|p2a: Magmortar\n|-ability|p1a: Calyrex|Grim Neigh|boost\n|-boost|p1a: Calyrex|spa|1\n|\n|-heal|p1a: Calyrex|170\/242|[from] item: Leftovers\n|upkeep\n|\n|t:|1614411832\n|switch|p2a: Regieleki|Regieleki, L78|253\/253\n|turn|25\n|\n|t:|1614411844\n|-start|p2a: Regieleki|Dynamax\n|-heal|p2a: Regieleki|506\/506|[silent]\n|move|p2a: Regieleki|Max Lightning|p1a: Calyrex\n|-damage|p1a: Calyrex|0 fnt\n|-fieldstart|move: Electric Terrain\n|faint|p1a: Calyrex\n|\n|upkeep\n|\n|t:|1614411857\n|switch|p1a: Tapu Koko|Tapu Koko, L78|237\/237\n|turn|26\n|\n|t:|1614411865\n|switch|p1a: Magearna|Magearna-Original, L74|178\/240\n|move|p2a: Regieleki|Max Strike|p1a: Magearna\n|-resisted|p1a: Magearna\n|-damage|p1a: Magearna|132\/240\n|-unboost|p1a: Magearna|spe|1\n|\n|-heal|p1a: Magearna|147\/240|[from] item: Leftovers\n|upkeep\n|turn|27\n|\n|t:|1614411875\n|move|p2a: Regieleki|Max Lightning|p1a: Magearna\n|-damage|p1a: Magearna|0 fnt\n|faint|p1a: Magearna\n|\n|-end|p2a: Regieleki|Dynamax\n|-heal|p2a: Regieleki|253\/253|[silent]\n|upkeep\n|\n|t:|1614411877\n|switch|p1a: Tapu Koko|Tapu Koko, L78|237\/237\n|turn|28\n|\n|t:|1614411891\n|move|p2a: Regieleki|Thunderbolt|p1a: Tapu Koko\n|-resisted|p1a: Tapu Koko\n|-damage|p1a: Tapu Koko|121\/237\n|move|p1a: Tapu Koko|Calm Mind|p1a: Tapu Koko\n|-boost|p1a: Tapu Koko|spa|1\n|-boost|p1a: Tapu Koko|spd|1\n|\n|-heal|p1a: Tapu Koko|135\/237|[from] item: Leftovers\n|upkeep\n|turn|29\n|c|\u2606TehranTyphlosions|gg\n|\n|t:|1614411901\n|-start|p1a: Tapu Koko|Dynamax\n|-heal|p1a: Tapu Koko|270\/474|[silent]\n|move|p1a: Tapu Koko|Max Guard|p1a: Tapu Koko\n|-singleturn|p1a: Tapu Koko|Max Guard\n|move|p2a: Regieleki|Explosion|p1a: Tapu Koko\n|-activate|p1a: Tapu Koko|move: Max Guard\n|faint|p2a: Regieleki\n|\n|-heal|p1a: Tapu Koko|284\/474|[from] item: Leftovers\n|-fieldend|move: Electric Terrain\n|upkeep\n|\n|t:|1614411904\n|switch|p2a: Giratina|Giratina, L74|344\/344\n|-ability|p2a: Giratina|Pressure\n|turn|30\n|\n|t:|1614411909\n|move|p1a: Tapu Koko|Max Starfall|p2a: Giratina\n|-supereffective|p2a: Giratina\n|-damage|p2a: Giratina|8\/344\n|-fieldstart|move: Misty Terrain\n|move|p2a: Giratina|Toxic|p1a: Tapu Koko\n|-activate|p1a: Tapu Koko|move: Misty Terrain\n|\n|-heal|p1a: Tapu Koko|298\/474|[from] item: Leftovers\n|-heal|p2a: Giratina|29\/344|[from] item: Leftovers\n|upkeep\n|turn|31\n|\n|t:|1614411914\n|move|p1a: Tapu Koko|Max Guard|p1a: Tapu Koko\n|-singleturn|p1a: Tapu Koko|Max Guard\n|move|p2a: Giratina|Hex|p1a: Tapu Koko\n|-activate|p1a: Tapu Koko|move: Max Guard\n|\n|-heal|p1a: Tapu Koko|312\/474|[from] item: Leftovers\n|-heal|p2a: Giratina|50\/344|[from] item: Leftovers\n|-end|p1a: Tapu Koko|Dynamax\n|-heal|p1a: Tapu Koko|156\/237|[silent]\n|upkeep\n|turn|32\n|\n|t:|1614411919\n|move|p1a: Tapu Koko|Substitute|p1a: Tapu Koko\n|-start|p1a: Tapu Koko|Substitute\n|-damage|p1a: Tapu Koko|97\/237\n|move|p2a: Giratina|Toxic||[still]\n|-fail|p2a: Giratina\n|\n|-heal|p1a: Tapu Koko|111\/237|[from] item: Leftovers\n|-heal|p2a: Giratina|71\/344|[from] item: Leftovers\n|upkeep\n|turn|33\n|\n|t:|1614411922\n|move|p1a: Tapu Koko|Calm Mind|p1a: Tapu Koko\n|-boost|p1a: Tapu Koko|spa|1\n|-boost|p1a: Tapu Koko|spd|1\n|move|p2a: Giratina|Hex|p1a: Tapu Koko\n|-activate|p1a: Tapu Koko|move: Substitute|[damage]\n|\n|-heal|p1a: Tapu Koko|125\/237|[from] item: Leftovers\n|-heal|p2a: Giratina|92\/344|[from] item: Leftovers\n|upkeep\n|turn|34\n|\n|t:|1614411925\n|move|p1a: Tapu Koko|Calm Mind|p1a: Tapu Koko\n|-boost|p1a: Tapu Koko|spa|1\n|-boost|p1a: Tapu Koko|spd|1\n|move|p2a: Giratina|Hex|p1a: Tapu Koko\n|-end|p1a: Tapu Koko|Substitute\n|\n|-heal|p1a: Tapu Koko|139\/237|[from] item: Leftovers\n|-heal|p2a: Giratina|113\/344|[from] item: Leftovers\n|-fieldend|Misty Terrain\n|upkeep\n|turn|35\n|\n|t:|1614411935\n|switch|p2a: Goodra|Goodra, L82, F|144\/282\n|move|p1a: Tapu Koko|Substitute|p1a: Tapu Koko\n|-start|p1a: Tapu Koko|Substitute\n|-damage|p1a: Tapu Koko|80\/237\n|\n|-heal|p1a: Tapu Koko|94\/237|[from] item: Leftovers\n|upkeep\n|turn|36\n|\n|t:|1614411958\n|move|p1a: Tapu Koko|Dazzling Gleam|p2a: Goodra\n|-supereffective|p2a: Goodra\n|-damage|p2a: Goodra|0 fnt\n|faint|p2a: Goodra\n|\n|-heal|p1a: Tapu Koko|108\/237|[from] item: Leftovers\n|upkeep\n|\n|t:|1614411961\n|switch|p2a: Gardevoir|Gardevoir, L82, M|246\/246\n|-ability|p2a: Gardevoir|Electric Surge|[from] ability: Trace|[of] p1a: Tapu Koko\n|-fieldstart|move: Electric Terrain|[from] ability: Electric Surge|[of] p2a: Gardevoir\n|turn|37\n|\n|t:|1614411966\n|move|p1a: Tapu Koko|Thunderbolt|p2a: Gardevoir\n|-damage|p2a: Gardevoir|18\/246\n|move|p2a: Gardevoir|Psyshock|p1a: Tapu Koko\n|-end|p1a: Tapu Koko|Substitute\n|\n|-heal|p1a: Tapu Koko|122\/237|[from] item: Leftovers\n|-heal|p2a: Gardevoir|33\/246|[from] item: Leftovers\n|upkeep\n|turn|38\n|\n|t:|1614411973\n|switch|p2a: Giratina|Giratina, L74|113\/344\n|-ability|p2a: Giratina|Pressure\n|move|p1a: Tapu Koko|Dazzling Gleam|p2a: Giratina\n|-supereffective|p2a: Giratina\n|-damage|p2a: Giratina|0 fnt\n|faint|p2a: Giratina\n|\n|-heal|p1a: Tapu Koko|136\/237|[from] item: Leftovers\n|upkeep\n|\n|t:|1614411974\n|switch|p2a: Whimsicott|Whimsicott, L84, M|118\/238\n|turn|39\n|\n|t:|1614411977\n|move|p2a: Whimsicott|Leech Seed|p1a: Tapu Koko\n|-start|p1a: Tapu Koko|move: Leech Seed\n|move|p1a: Tapu Koko|Dazzling Gleam|p2a: Whimsicott\n|-damage|p2a: Whimsicott|0 fnt\n|faint|p2a: Whimsicott\n|\n|-heal|p1a: Tapu Koko|150\/237|[from] item: Leftovers\n|upkeep\n|\n|t:|1614411978\n|switch|p2a: Gardevoir|Gardevoir, L82, M|33\/246\n|-ability|p2a: Gardevoir|Electric Surge|[from] ability: Trace|[of] p1a: Tapu Koko\n|turn|40\n|\n|t:|1614411981\n|move|p1a: Tapu Koko|Thunderbolt|p2a: Gardevoir\n|-damage|p2a: Gardevoir|0 fnt\n|faint|p2a: Gardevoir\n|\n|win|BoRida\n|c|\u2606BoRida|gg\n|c|\u2606TehranTyphlosions|gg\n|raw|BoRida's rating: 2434 &rarr; <strong>2441<\/strong><br \/>(+7 for winning)\n|raw|TehranTyphlosions's rating: 2146 &rarr; <strong>2140<\/strong><br \/>(-6 for losing)\n|l|\u2606TehranTyphlosions\n","inputlog":">version 377c315b2f4c9ad1847e05340b132faeecede4a9\n>start {\"formatid\":\"gen8randombattle\",\"seed\":[12332,8343,32756,58422],\"rated\":\"Rated battle\"}\n>player p1 {\"name\":\"BoRida\",\"avatar\":\"swimmer\",\"team\":\"\",\"rating\":2434,\"seed\":[31304,52255,59964,58177]}\n>player p2 {\"name\":\"TehranTyphlosions\",\"avatar\":\"clair\",\"team\":\"\",\"rating\":2146,\"seed\":[40302,45835,41981,60118]}\n>p1 switch 4\n>p2 move fireblast\n>p1 move leechseed\n>p2 switch 4\n>p1 switch 2\n>p2 move moonblast\n>p1 move flashcannon\n>p2 move uturn\n>p2 switch 4\n>p1 switch 2\n>p2 switch 4\n>p1 switch 2\n>p2 move moonblast\n>p1 move fleurcannon\n>p2 move leechseed\n>p1 switch 4\n>p2 move moonblast\n>p1 move poltergeist\n>p2 move uturn\n>p2 switch 4\n>p1 switch 2\n>p2 move fireblast\n>p1 move appleacid\n>p2 switch 4\n>p1 switch 4\n>p2 move moonblast\n>p1 move flashcannon\n>p2 move uturn\n>p2 switch 4\n>p1 switch 4\n>p2 move fireblast\n>p1 move appleacid\n>p2 switch 2\n>p1 switch 4\n>p2 move dracometeor\n>p1 switch 2\n>p2 move fireblast\n>p1 switch 3\n>p1 move shellsmash\n>p2 move earthquake\n>p1 move stoneedge\n>p2 move earthquake\n>p1 switch 4\n>p1 move dracometeor\n>p2 move dracometeor\n>p1 move recover\n>p2 move dracometeor\n>p1 switch 5\n>p1 move nastyplot\n>p2 switch 2\n>p1 move astralbarrage\n>p2 move earthquake\n>p1 move psyshock\n>p2 move fireblast\n>p2 switch 6\n>p1 move astralbarrage\n>p2 move thunderbolt dynamax\n>p1 switch 6\n>p1 switch 2\n>p2 move explosion dynamax\n>p1 move agility\n>p2 move thunderbolt dynamax\n>p1 switch 2\n>p1 move calmmind\n>p2 move thunderbolt\n>chat \u2606TehranTyphlosions|gg\n>p1 move substitute dynamax\n>p2 move explosion\n>p2 switch 3\n>p1 move dazzlinggleam dynamax\n>p2 move toxic\n>p1 move calmmind dynamax\n>p2 move hex\n>p1 move substitute\n>p2 move toxic\n>p1 move calmmind\n>p2 move hex\n>p1 move calmmind\n>p2 move hex\n>p1 move substitute\n>p2 switch 2\n>p1 move dazzlinggleam\n>p2 move earthquake\n>p2 switch 5\n>p1 move thunderbolt\n>p2 move psyshock\n>p1 move dazzlinggleam\n>p2 switch 2\n>p2 switch 4\n>p1 move dazzlinggleam\n>p2 move leechseed\n>p2 switch 2\n>p1 move thunderbolt\n>p2 move psyshock","uploadtime":1614412002,"views":6,"p1id":"borida","p2id":"tehrantyphlosions","formatid":"gen8randombattle","rating":2140,"private":0,"password":null}