{"id":"gen8battlestadiumsingles-1225881983","p1":"LysGracieux","p2":"PokeDa","format":"gen8battlestadiumsingles","log":"|j|\u2606LysGracieux\n|j|\u2606PokeDa\n|t:|1605656942\n|player|p1|LysGracieux|rosa|1180\n|player|p2|PokeDa|wallace|1291\n|teamsize|p1|6\n|teamsize|p2|6\n|gametype|singles\n|gen|8\n|tier|[Gen 8] Battle Stadium Singles\n|rated|\n|clearpoke\n|poke|p1|Mimikyu, L50, M|\n|poke|p1|Cinderace, L50, M|\n|poke|p1|Pheromosa, L50|\n|poke|p1|Tapu Fini, L50|\n|poke|p1|Nihilego, L50|\n|poke|p1|Celesteela, L50|\n|poke|p2|Cinderace, L50, M|\n|poke|p2|Rillaboom, L50, F|\n|poke|p2|Regieleki, L50|\n|poke|p2|Thundurus-Therian, L50, M|\n|poke|p2|Tapu Fini, L50|\n|poke|p2|Celesteela, L50|\n|rule|Species Clause: Limit one of each Pok\u00e9mon\n|rule|Item Clause: Limit one of each item\n|teampreview|3\n|j| HelloFellowGamers!\n|inactive|Battle timer is ON: inactive players will automatically lose when time's up. (requested by PokeDa)\n|inactive|PokeDa has 120 seconds left.\n|\n|t:|1605657029\n|start\n|switch|p1a: Nihilego|Nihilego, L50|48\/48\n|switch|p2a: Regieleki|Regieleki, L50|48\/48\n|turn|1\n|\n|t:|1605657055\n|move|p2a: Regieleki|Light Screen|p2a: Regieleki\n|-sidestart|p2: PokeDa|move: Light Screen\n|move|p1a: Nihilego|Meteor Beam||[still]\n|-prepare|p1a: Nihilego|Meteor Beam\n|-boost|p1a: Nihilego|spa|1\n|-enditem|p1a: Nihilego|Power Herb\n|-anim|p1a: Nihilego|Meteor Beam|p2a: Regieleki\n|-damage|p2a: Regieleki|17\/48\n|\n|upkeep\n|turn|2\n|inactive|PokeDa has 120 seconds left.\n|\n|t:|1605657092\n|move|p2a: Regieleki|Wild Charge|p1a: Nihilego\n|-damage|p1a: Nihilego|10\/48\n|-damage|p2a: Regieleki|6\/48|[from] Recoil\n|move|p1a: Nihilego|Sludge Wave|p2a: Regieleki\n|-damage|p2a: Regieleki|0 fnt\n|faint|p2a: Regieleki\n|-ability|p1a: Nihilego|Beast Boost|boost\n|-boost|p1a: Nihilego|spe|1\n|\n|upkeep\n|\n|t:|1605657100\n|switch|p2a: Celesteela|Celesteela, L50|48\/48\n|turn|3\n|inactive|PokeDa has 120 seconds left.\n|\n|t:|1605657114\n|move|p1a: Nihilego|Hex|p2a: Celesteela\n|-damage|p2a: Celesteela|40\/48\n|move|p2a: Celesteela|Flash Cannon|p1a: Nihilego\n|-supereffective|p1a: Nihilego\n|-damage|p1a: Nihilego|0 fnt\n|faint|p1a: Nihilego\n|-ability|p2a: Celesteela|Beast Boost|boost\n|-boost|p2a: Celesteela|spa|1\n|\n|upkeep\n|\n|t:|1605657126\n|switch|p1a: Tapu Fini|Tapu Fini, L50|48\/48\n|-fieldstart|move: Misty Terrain|[from] ability: Misty Surge|[of] p1a: Tapu Fini\n|turn|4\n|inactive|PokeDa has 120 seconds left.\n|\n|t:|1605657139\n|move|p2a: Celesteela|Meteor Beam||[still]\n|-prepare|p2a: Celesteela|Meteor Beam\n|-boost|p2a: Celesteela|spa|1\n|-enditem|p2a: Celesteela|Power Herb\n|-anim|p2a: Celesteela|Meteor Beam|p1a: Tapu Fini\n|-damage|p1a: Tapu Fini|16\/48\n|move|p1a: Tapu Fini|Calm Mind|p1a: Tapu Fini\n|-boost|p1a: Tapu Fini|spa|1\n|-boost|p1a: Tapu Fini|spd|1\n|\n|-heal|p1a: Tapu Fini|18\/48|[from] item: Leftovers\n|upkeep\n|turn|5\n|inactive|PokeDa has 120 seconds left.\n|\n|t:|1605657158\n|-start|p1a: Tapu Fini|Dynamax\n|-heal|p1a: Tapu Fini|18\/48|[silent]\n|-start|p2a: Celesteela|Dynamax\n|-heal|p2a: Celesteela|40\/48|[silent]\n|move|p2a: Celesteela|Max Airstream|p1a: Tapu Fini\n|-damage|p1a: Tapu Fini|1\/48\n|-boost|p2a: Celesteela|spe|1\n|move|p1a: Tapu Fini|Max Geyser|p2a: Celesteela\n|-damage|p2a: Celesteela|33\/48\n|-weather|RainDance\n|\n|-weather|RainDance|[upkeep]\n|-heal|p1a: Tapu Fini|2\/48|[from] item: Leftovers\n|upkeep\n|turn|6\n|inactive|PokeDa has 120 seconds left.\n|\n|t:|1605657177\n|move|p2a: Celesteela|Max Rockfall|p1a: Tapu Fini\n|-damage|p1a: Tapu Fini|0 fnt\n|-weather|Sandstorm\n|faint|p1a: Tapu Fini\n|-ability|p2a: Celesteela|Beast Boost|boost\n|-boost|p2a: Celesteela|spa|1\n|\n|-weather|Sandstorm|[upkeep]\n|upkeep\n|\n|t:|1605657187\n|switch|p1a: Celesteela|Celesteela, L50|48\/48\n|turn|7\n|\n|t:|1605657195\n|move|p2a: Celesteela|Max Flare|p1a: Celesteela\n|-supereffective|p1a: Celesteela\n|-damage|p1a: Celesteela|0 fnt\n|-weather|SunnyDay\n|faint|p1a: Celesteela\n|\n|win|PokeDa\n|l|\u2606LysGracieux\n","uploadtime":1605657230,"views":32,"p1id":"lysgracieux","p2id":"pokeda","formatid":"gen8battlestadiumsingles","rating":0,"private":0,"password":null}