{"id":"gen8randombattle-1513654400","p1":"exfir","p2":"Swordsman.N","format":"gen8randombattle","log":"|j|\u2606exfir\n|j|\u2606Swordsman.N\n|t:|1645189239\n|gametype|singles\n|player|p1|exfir|266|1820\n|player|p2|Swordsman.N|caitlin|1839\n|teamsize|p1|6\n|teamsize|p2|6\n|gen|8\n|tier|[Gen 8] Random Battle\n|rated|\n|rule|Species Clause: Limit one of each Pok\u00e9mon\n|rule|HP Percentage Mod: HP is shown in percentages\n|rule|Sleep Clause Mod: Limit one foe put to sleep\n|\n|t:|1645189239\n|start\n|switch|p1a: Flareon|Flareon, L86, M|251\/251\n|switch|p2a: Perrserker|Perrserker, L86, M|261\/261\n|turn|1\n|inactive|Battle timer is ON: inactive players will automatically lose when time's up. (requested by Swordsman.N)\n|\n|t:|1645189281\n|switch|p1a: Dialga|Dialga, L74|270\/270\n|-ability|p1a: Dialga|Pressure\n|switch|p2a: Heatran|Heatran, L78, M|270\/270\n|\n|upkeep\n|turn|2\n|\n|t:|1645189288\n|move|p1a: Dialga|Thunderbolt|p2a: Heatran\n|-damage|p2a: Heatran|209\/270\n|move|p2a: Heatran|Stealth Rock|p1a: Dialga\n|-sidestart|p1: exfir|move: Stealth Rock\n|\n|-heal|p2a: Heatran|225\/270|[from] item: Leftovers\n|upkeep\n|turn|3\n|\n|t:|1645189299\n|move|p1a: Dialga|Thunderbolt|p2a: Heatran\n|-damage|p2a: Heatran|157\/270\n|move|p2a: Heatran|Lava Plume|p1a: Dialga\n|-damage|p1a: Dialga|176\/270\n|\n|-heal|p1a: Dialga|192\/270|[from] item: Leftovers\n|-heal|p2a: Heatran|173\/270|[from] item: Leftovers\n|upkeep\n|turn|4\n|\n|t:|1645189307\n|move|p2a: Heatran|Protect|p2a: Heatran\n|-singleturn|p2a: Heatran|Protect\n|move|p1a: Dialga|Thunderbolt|p2a: Heatran\n|-activate|p2a: Heatran|move: Protect\n|\n|-heal|p1a: Dialga|208\/270|[from] item: Leftovers\n|-heal|p2a: Heatran|189\/270|[from] item: Leftovers\n|upkeep\n|turn|5\n|\n|t:|1645189315\n|move|p1a: Dialga|Thunderbolt|p2a: Heatran\n|-damage|p2a: Heatran|121\/270\n|move|p2a: Heatran|Lava Plume|p1a: Dialga\n|-damage|p1a: Dialga|106\/270\n|\n|-heal|p1a: Dialga|122\/270|[from] item: Leftovers\n|-heal|p2a: Heatran|137\/270|[from] item: Leftovers\n|upkeep\n|turn|6\n|\n|t:|1645189323\n|move|p2a: Heatran|Protect|p2a: Heatran\n|-singleturn|p2a: Heatran|Protect\n|move|p1a: Dialga|Thunderbolt|p2a: Heatran\n|-activate|p2a: Heatran|move: Protect\n|\n|-heal|p1a: Dialga|138\/270|[from] item: Leftovers\n|-heal|p2a: Heatran|153\/270|[from] item: Leftovers\n|upkeep\n|turn|7\n|\n|t:|1645189331\n|move|p1a: Dialga|Thunderbolt|p2a: Heatran\n|-damage|p2a: Heatran|83\/270\n|move|p2a: Heatran|Lava Plume|p1a: Dialga\n|-damage|p1a: Dialga|48\/270\n|-status|p1a: Dialga|brn\n|\n|-heal|p1a: Dialga|64\/270 brn|[from] item: Leftovers\n|-heal|p2a: Heatran|99\/270|[from] item: Leftovers\n|-damage|p1a: Dialga|48\/270 brn|[from] brn\n|upkeep\n|turn|8\n|\n|t:|1645189342\n|move|p2a: Heatran|Protect|p2a: Heatran\n|-singleturn|p2a: Heatran|Protect\n|move|p1a: Dialga|Thunderbolt|p2a: Heatran\n|-activate|p2a: Heatran|move: Protect\n|\n|-heal|p1a: Dialga|64\/270 brn|[from] item: Leftovers\n|-heal|p2a: Heatran|115\/270|[from] item: Leftovers\n|-damage|p1a: Dialga|48\/270 brn|[from] brn\n|upkeep\n|turn|9\n|\n|t:|1645189351\n|move|p1a: Dialga|Thunderbolt|p2a: Heatran\n|-damage|p2a: Heatran|50\/270\n|-status|p2a: Heatran|par\n|move|p2a: Heatran|Lava Plume|p1a: Dialga\n|-damage|p1a: Dialga|0 fnt\n|faint|p1a: Dialga\n|\n|-heal|p2a: Heatran|66\/270 par|[from] item: Leftovers\n|upkeep\n|\n|t:|1645189367\n|switch|p1a: Yveltal|Yveltal, L69|288\/288\n|-ability|p1a: Yveltal|Dark Aura\n|turn|10\n|\n|t:|1645189372\n|move|p2a: Heatran|Protect|p2a: Heatran\n|-singleturn|p2a: Heatran|Protect\n|move|p1a: Yveltal|Knock Off|p2a: Heatran\n|-activate|p2a: Heatran|move: Protect\n|\n|-heal|p2a: Heatran|82\/270 par|[from] item: Leftovers\n|upkeep\n|turn|11\n|\n|t:|1645189395\n|switch|p2a: Perrserker|Perrserker, L86, M|261\/261\n|move|p1a: Yveltal|Knock Off|p2a: Perrserker\n|-crit|p2a: Perrserker\n|-damage|p2a: Perrserker|98\/261\n|-enditem|p2a: Perrserker|Choice Band|[from] move: Knock Off|[of] p1a: Yveltal\n|\n|upkeep\n|turn|12\n|\n|t:|1645189405\n|move|p1a: Yveltal|Sucker Punch|p2a: Perrserker\n|-damage|p2a: Perrserker|26\/261\n|move|p2a: Perrserker|Iron Head|p1a: Yveltal\n|-damage|p1a: Yveltal|128\/288\n|\n|upkeep\n|turn|13\n|\n|t:|1645189412\n|move|p1a: Yveltal|Oblivion Wing|p2a: Perrserker\n|-resisted|p2a: Perrserker\n|-damage|p2a: Perrserker|0 fnt\n|-heal|p1a: Yveltal|148\/288|[from] drain|[of] p2a: Perrserker\n|faint|p2a: Perrserker\n|\n|upkeep\n|\n|t:|1645189423\n|switch|p2a: Garbodor|Garbodor, L87, F|281\/281\n|turn|14\n|\n|t:|1645189427\n|move|p2a: Garbodor|Gunk Shot|p1a: Yveltal|[miss]\n|-miss|p2a: Garbodor|p1a: Yveltal\n|move|p1a: Yveltal|Knock Off|p2a: Garbodor\n|-damage|p2a: Garbodor|164\/281\n|-enditem|p2a: Garbodor|Black Sludge|[from] move: Knock Off|[of] p1a: Yveltal\n|\n|upkeep\n|turn|15\n|\n|t:|1645189437\n|move|p2a: Garbodor|Gunk Shot|p1a: Yveltal\n|-damage|p1a: Yveltal|0 fnt\n|faint|p1a: Yveltal\n|\n|upkeep\n|\n|t:|1645189449\n|switch|p1a: Flareon|Flareon, L86, M|251\/251\n|-damage|p1a: Flareon|189\/251|[from] Stealth Rock\n|turn|16\n|\n|t:|1645189456\n|move|p2a: Garbodor|Gunk Shot|p1a: Flareon\n|-damage|p1a: Flareon|23\/251\n|move|p1a: Flareon|Facade|p2a: Garbodor\n|-damage|p2a: Garbodor|100\/281\n|\n|-status|p1a: Flareon|tox|[from] item: Toxic Orb\n|upkeep\n|turn|17\n|\n|t:|1645189466\n|move|p1a: Flareon|Quick Attack|p2a: Garbodor\n|-damage|p2a: Garbodor|37\/281\n|move|p2a: Garbodor|Stomping Tantrum|p1a: Flareon\n|-supereffective|p1a: Flareon\n|-damage|p1a: Flareon|0 fnt\n|faint|p1a: Flareon\n|\n|upkeep\n|\n|t:|1645189474\n|switch|p1a: Lycanroc|Lycanroc, L80, M|251\/251\n|-damage|p1a: Lycanroc|220\/251|[from] Stealth Rock\n|turn|18\n|\n|t:|1645189480\n|switch|p2a: Palossand|Palossand, L86, M|286\/286\n|move|p1a: Lycanroc|Swords Dance|p1a: Lycanroc\n|-boost|p1a: Lycanroc|atk|2\n|\n|upkeep\n|turn|19\n|\n|t:|1645189488\n|-start|p1a: Lycanroc|Dynamax\n|-heal|p1a: Lycanroc|440\/502|[silent]\n|move|p1a: Lycanroc|Max Mindstorm|p2a: Palossand\n|-damage|p2a: Palossand|65\/286\n|-fieldstart|move: Psychic Terrain\n|-damage|p1a: Lycanroc|415\/502|[from] item: Life Orb\n|move|p2a: Palossand|Earth Power|p1a: Lycanroc\n|-supereffective|p1a: Lycanroc\n|-damage|p1a: Lycanroc|157\/502\n|\n|-heal|p2a: Palossand|82\/286|[from] item: Leftovers\n|upkeep\n|turn|20\n|\n|t:|1645189517\n|switch|p2a: Heatran|Heatran, L78, M|82\/270 par\n|move|p1a: Lycanroc|Max Mindstorm|p2a: Heatran\n|-resisted|p2a: Heatran\n|-damage|p2a: Heatran|0 fnt\n|faint|p2a: Heatran\n|-damage|p1a: Lycanroc|132\/502|[from] item: Life Orb\n|\n|upkeep\n|\n|t:|1645189525\n|switch|p2a: Palossand|Palossand, L86, M|82\/286\n|turn|21\n|\n|t:|1645189531\n|switch|p2a: Garbodor|Garbodor, L87, F|37\/281\n|move|p1a: Lycanroc|Max Mindstorm|p2a: Garbodor\n|-supereffective|p2a: Garbodor\n|-damage|p2a: Garbodor|0 fnt\n|faint|p2a: Garbodor\n|-damage|p1a: Lycanroc|107\/502|[from] item: Life Orb\n|\n|-end|p1a: Lycanroc|Dynamax\n|-heal|p1a: Lycanroc|54\/251|[silent]\n|upkeep\n|\n|t:|1645189540\n|switch|p2a: Palossand|Palossand, L86, M|82\/286\n|turn|22\n|\n|t:|1645189544\n|-start|p2a: Palossand|Dynamax\n|-heal|p2a: Palossand|164\/572|[silent]\n|move|p2a: Palossand|Max Guard|p2a: Palossand\n|-singleturn|p2a: Palossand|Max Guard\n|move|p1a: Lycanroc|Psychic Fangs|p2a: Palossand\n|-activate|p2a: Palossand|move: Max Guard\n|\n|-heal|p2a: Palossand|181\/572|[from] item: Leftovers\n|upkeep\n|turn|23\n|\n|t:|1645189553\n|move|p1a: Lycanroc|Psychic Fangs|p2a: Palossand\n|-damage|p2a: Palossand|0 fnt\n|faint|p2a: Palossand\n|-damage|p1a: Lycanroc|29\/251|[from] item: Life Orb\n|\n|-fieldend|move: Psychic Terrain\n|upkeep\n|-message|Swordsman.N forfeited.\n|\n|win|exfir\n|raw|exfir's rating: 1820 &rarr; <strong>1841<\/strong><br \/>(+21 for winning)\n|raw|Swordsman.N's rating: 1839 &rarr; <strong>1818<\/strong><br \/>(-21 for losing)\n|l|\u2606Swordsman.N\n","inputlog":">version f291f14f081bb9ee352032843cedfcc44c96f7fe\n>start {\"formatid\":\"gen8randombattle\",\"seed\":[19513,29107,14416,61308],\"rated\":\"Rated battle\"}\n>player p1 {\"name\":\"exfir\",\"avatar\":\"266\",\"rating\":1820,\"seed\":[52772,13769,13042,64580]}\n>player p2 {\"name\":\"Swordsman.N\",\"avatar\":\"caitlin\",\"rating\":1839,\"seed\":[31595,44991,4644,881]}\n>p1 switch 4\n>p2 switch 4\n>p1 move thunderbolt\n>p2 move stealthrock\n>p1 move thunderbolt\n>p2 move lavaplume\n>p1 move thunderbolt\n>p2 move protect\n>p1 move thunderbolt\n>p2 move lavaplume\n>p1 move thunderbolt\n>p2 move protect\n>p1 move thunderbolt\n>p2 move lavaplume\n>p1 move thunderbolt\n>p2 move protect\n>p1 move thunderbolt\n>p2 move lavaplume\n>p1 switch 3\n>p1 move knockoff\n>p2 move protect\n>p1 move knockoff\n>p2 switch 4\n>p1 move suckerpunch\n>p2 move ironhead\n>p1 move oblivionwing\n>p2 move ironhead\n>p2 switch 5\n>p1 move knockoff\n>p2 move gunkshot\n>p1 move oblivionwing\n>p2 move gunkshot\n>p1 switch 4\n>p1 move facade\n>p2 move gunkshot\n>p1 move quickattack\n>p2 move stompingtantrum\n>p1 switch 6\n>p1 move swordsdance\n>p2 switch 6\n>p1 move psychicfangs dynamax\n>p2 move earthpower\n>p1 move psychicfangs dynamax\n>p2 switch 4\n>p2 switch 4\n>p1 move psychicfangs dynamax\n>p2 switch 6\n>p2 switch 6\n>p1 move psychicfangs\n>p2 move toxic dynamax\n>p1 move psychicfangs\n>p2 move earthpower dynamax\n>forcelose p2","uploadtime":1645189559,"views":7,"p1id":"exfir","p2id":"swordsmann","formatid":"gen8randombattle","rating":1818,"private":0,"password":null}