{"id":"gen8ou-1617980688","p1":"Jega Rdomnai","p2":"VivaHonduras","format":"gen8ou","log":"|j|\u2606Jega Rdomnai\n|j|\u2606VivaHonduras\n|t:|1657907458\n|gametype|singles\n|player|p1|Jega Rdomnai|medium-gen2jp|1864\n|player|p2|VivaHonduras|steven|1799\n|teamsize|p1|6\n|teamsize|p2|6\n|gen|8\n|tier|[Gen 8] OU\n|rated|\n|rule|Sleep Clause Mod: Limit one foe put to sleep\n|rule|Species Clause: Limit one of each Pok\u00e9mon\n|rule|OHKO Clause: OHKO moves are banned\n|rule|Evasion Moves Clause: Evasion moves are banned\n|rule|Endless Battle Clause: Forcing endless battles is banned\n|rule|HP Percentage Mod: HP is shown in percentages\n|rule|Dynamax Clause: You cannot dynamax\n|clearpoke\n|poke|p1|Garchomp, M|\n|poke|p1|Weavile, F|\n|poke|p1|Melmetal|\n|poke|p1|Dragapult, F|\n|poke|p1|Urshifu-*, M|\n|poke|p1|Tapu Lele|\n|poke|p2|Tapu Lele|\n|poke|p2|Tornadus-Therian, M|\n|poke|p2|Victini|\n|poke|p2|Gastrodon, F|\n|poke|p2|Ferrothorn, F|\n|poke|p2|Exploud, F|\n|teampreview\n|j| oooooxx lmao\n|\n|t:|1657907466\n|start\n|switch|p1a: Weavile|Weavile, F|100\/100\n|switch|p2a: Tapu Lele|Tapu Lele|100\/100\n|-fieldstart|move: Psychic Terrain|[from] ability: Psychic Surge|[of] p2a: Tapu Lele\n|-ability|p1a: Weavile|Pressure\n|turn|1\n|\n|t:|1657907475\n|switch|p1a: Melmetal|Melmetal|100\/100\n|move|p2a: Tapu Lele|Moonblast|p1a: Melmetal\n|-resisted|p1a: Melmetal\n|-damage|p1a: Melmetal|78\/100\n|\n|upkeep\n|turn|2\n|\n|t:|1657907482\n|switch|p2a: Victini|Victini|100\/100\n|move|p1a: Melmetal|Thunder Wave|p2a: Victini\n|-status|p2a: Victini|par\n|\n|upkeep\n|turn|3\n|\n|t:|1657907489\n|switch|p1a: Garchomp|Garchomp, M|100\/100\n|move|p2a: Victini|U-turn|p1a: Garchomp\n|-damage|p1a: Garchomp|72\/100\n|-damage|p2a: Victini|88\/100 par|[from] ability: Rough Skin|[of] p1a: Garchomp\n|\n|t:|1657907494\n|switch|p2a: Tapu Lele|Tapu Lele|100\/100|[from]move: U-turn\n|\n|-heal|p1a: Garchomp|79\/100|[from] item: Leftovers\n|upkeep\n|turn|4\n|\n|t:|1657907497\n|switch|p1a: Melmetal|Melmetal|78\/100\n|move|p2a: Tapu Lele|Moonblast|p1a: Melmetal\n|-resisted|p1a: Melmetal\n|-damage|p1a: Melmetal|55\/100\n|\n|upkeep\n|turn|5\n|\n|t:|1657907504\n|switch|p2a: Ferrothorn|Ferrothorn, F|100\/100\n|move|p1a: Melmetal|Double Iron Bash|p2a: Ferrothorn\n|-resisted|p2a: Ferrothorn\n|-damage|p2a: Ferrothorn|88\/100\n|-activate|p2a: Ferrothorn|ability: Iron Barbs\n|-activate|p1a: Melmetal|item: Protective Pads\n|-resisted|p2a: Ferrothorn\n|-damage|p2a: Ferrothorn|74\/100\n|-activate|p2a: Ferrothorn|ability: Iron Barbs\n|-activate|p1a: Melmetal|item: Protective Pads\n|-hitcount|p2a: Ferrothorn|2\n|\n|-fieldend|move: Psychic Terrain\n|upkeep\n|turn|6\n|\n|t:|1657907508\n|switch|p2a: Victini|Victini|88\/100 par\n|move|p1a: Melmetal|Thunder Wave|p2a: Victini\n|-fail|p2a: Victini|par\n|\n|upkeep\n|turn|7\n|\n|t:|1657907514\n|switch|p1a: Garchomp|Garchomp, M|79\/100\n|move|p2a: Victini|V-create|p1a: Garchomp\n|-resisted|p1a: Garchomp\n|-damage|p1a: Garchomp|26\/100\n|-unboost|p2a: Victini|spe|1\n|-unboost|p2a: Victini|def|1\n|-unboost|p2a: Victini|spd|1\n|-damage|p2a: Victini|76\/100 par|[from] ability: Rough Skin|[of] p1a: Garchomp\n|\n|-heal|p1a: Garchomp|32\/100|[from] item: Leftovers\n|upkeep\n|turn|8\n|\n|t:|1657907524\n|switch|p2a: Tornadus|Tornadus-Therian, M|100\/100\n|move|p1a: Garchomp|Stealth Rock|p2a: Tornadus\n|-sidestart|p2: VivaHonduras|move: Stealth Rock\n|\n|-heal|p1a: Garchomp|39\/100|[from] item: Leftovers\n|upkeep\n|turn|9\n|\n|t:|1657907540\n|switch|p1a: Weavile|Weavile, F|100\/100\n|-ability|p1a: Weavile|Pressure\n|move|p2a: Tornadus|Hurricane|p1a: Weavile\n|-crit|p1a: Weavile\n|-damage|p1a: Weavile|21\/100\n|\n|upkeep\n|turn|10\n|\n|t:|1657907553\n|switch|p1a: Tapu Lele|Tapu Lele|100\/100\n|-fieldstart|move: Psychic Terrain|[from] ability: Psychic Surge|[of] p1a: Tapu Lele\n|switch|p2a: Ferrothorn|Ferrothorn, F|74\/100\n|-damage|p2a: Ferrothorn|68\/100|[from] Stealth Rock\n|\n|upkeep\n|turn|11\n|j| Noktuska\n|\n|t:|1657907557\n|switch|p2a: Gastrodon|Gastrodon, F|100\/100\n|-damage|p2a: Gastrodon|94\/100|[from] Stealth Rock\n|move|p1a: Tapu Lele|Psychic|p2a: Gastrodon\n|-damage|p2a: Gastrodon|27\/100\n|\n|-heal|p2a: Gastrodon|33\/100|[from] item: Leftovers\n|upkeep\n|turn|12\n|\n|t:|1657907567\n|move|p1a: Tapu Lele|Psychic|p2a: Gastrodon\n|-damage|p2a: Gastrodon|0 fnt\n|faint|p2a: Gastrodon\n|\n|upkeep\n|\n|t:|1657907572\n|switch|p2a: Tapu Lele|Tapu Lele|100\/100\n|-damage|p2a: Tapu Lele|88\/100|[from] Stealth Rock\n|turn|13\n|\n|t:|1657907576\n|move|p2a: Tapu Lele|Moonblast|p1a: Tapu Lele\n|-damage|p1a: Tapu Lele|48\/100\n|move|p1a: Tapu Lele|Psychic|p2a: Tapu Lele\n|-resisted|p2a: Tapu Lele\n|-damage|p2a: Tapu Lele|35\/100\n|\n|upkeep\n|turn|14\n|\n|t:|1657907581\n|switch|p1a: Melmetal|Melmetal|55\/100\n|move|p2a: Tapu Lele|Moonblast|p1a: Melmetal\n|-resisted|p1a: Melmetal\n|-damage|p1a: Melmetal|29\/100\n|\n|-fieldend|move: Psychic Terrain\n|upkeep\n|turn|15\n|\n|t:|1657907585\n|switch|p2a: Tornadus|Tornadus-Therian, M|100\/100\n|move|p1a: Melmetal|Double Iron Bash|p2a: Tornadus\n|-damage|p2a: Tornadus|53\/100\n|-damage|p2a: Tornadus|6\/100\n|-hitcount|p2a: Tornadus|2\n|\n|upkeep\n|turn|16\n|\n|t:|1657907594\n|switch|p1a: Dragapult|Dragapult, F|100\/100\n|move|p2a: Tornadus|Defog|p1a: Dragapult\n|-unboost|p1a: Dragapult|evasion|1\n|-sideend|p2: VivaHonduras|Stealth Rock|[from] move: Defog|[of] p2a: Tornadus\n|\n|upkeep\n|turn|17\n|j| Abcdefp\n|\n|t:|1657907599\n|move|p1a: Dragapult|U-turn|p2a: Tornadus\n|-resisted|p2a: Tornadus\n|-damage|p2a: Tornadus|0 fnt\n|faint|p2a: Tornadus\n|\n|t:|1657907603\n|switch|p1a: Urshifu|Urshifu-Rapid-Strike, M|100\/100|[from]move: U-turn\n|\n|upkeep\n|\n|t:|1657907606\n|switch|p2a: Tapu Lele|Tapu Lele|35\/100\n|-fieldstart|move: Psychic Terrain|[from] ability: Psychic Surge|[of] p2a: Tapu Lele\n|turn|18\n|\n|t:|1657907612\n|switch|p2a: Ferrothorn|Ferrothorn, F|68\/100\n|move|p1a: Urshifu|U-turn|p2a: Ferrothorn\n|-damage|p2a: Ferrothorn|54\/100\n|-damage|p1a: Urshifu|88\/100|[from] ability: Iron Barbs|[of] p2a: Ferrothorn\n|-damage|p1a: Urshifu|72\/100|[from] item: Rocky Helmet|[of] p2a: Ferrothorn\n|\n|t:|1657907617\n|switch|p1a: Garchomp|Garchomp, M|39\/100|[from]move: U-turn\n|\n|-heal|p1a: Garchomp|45\/100|[from] item: Leftovers\n|upkeep\n|turn|19\n|\n|t:|1657907623\n|switch|p2a: Tapu Lele|Tapu Lele|35\/100\n|move|p1a: Garchomp|Flamethrower|p2a: Tapu Lele\n|-damage|p2a: Tapu Lele|19\/100\n|\n|-heal|p1a: Garchomp|51\/100|[from] item: Leftovers\n|upkeep\n|turn|20\n|\n|t:|1657907632\n|switch|p1a: Melmetal|Melmetal|29\/100\n|move|p2a: Tapu Lele|Moonblast|p1a: Melmetal\n|-resisted|p1a: Melmetal\n|-damage|p1a: Melmetal|7\/100\n|\n|upkeep\n|turn|21\n|\n|t:|1657907634\n|move|p2a: Tapu Lele|Moonblast|p1a: Melmetal\n|-resisted|p1a: Melmetal\n|-damage|p1a: Melmetal|0 fnt\n|faint|p1a: Melmetal\n|\n|upkeep\n|\n|t:|1657907638\n|switch|p1a: Urshifu|Urshifu-Rapid-Strike, M|72\/100\n|turn|22\n|\n|t:|1657907644\n|switch|p2a: Victini|Victini|76\/100 par\n|move|p1a: Urshifu|U-turn|p2a: Victini\n|-damage|p2a: Victini|52\/100 par\n|\n|t:|1657907646\n|switch|p1a: Garchomp|Garchomp, M|51\/100|[from]move: U-turn\n|\n|-heal|p1a: Garchomp|57\/100|[from] item: Leftovers\n|-fieldend|move: Psychic Terrain\n|upkeep\n|turn|23\n|\n|t:|1657907654\n|move|p1a: Garchomp|Stealth Rock|p2a: Victini\n|-sidestart|p2: VivaHonduras|move: Stealth Rock\n|move|p2a: Victini|V-create|p1a: Garchomp\n|-resisted|p1a: Garchomp\n|-damage|p1a: Garchomp|4\/100\n|-unboost|p2a: Victini|spe|1\n|-unboost|p2a: Victini|def|1\n|-unboost|p2a: Victini|spd|1\n|-damage|p2a: Victini|40\/100 par|[from] ability: Rough Skin|[of] p1a: Garchomp\n|\n|-heal|p1a: Garchomp|10\/100|[from] item: Leftovers\n|upkeep\n|turn|24\n|\n|t:|1657907658\n|move|p1a: Garchomp|Earthquake|p2a: Victini\n|-supereffective|p2a: Victini\n|-damage|p2a: Victini|0 fnt\n|faint|p2a: Victini\n|\n|-heal|p1a: Garchomp|17\/100|[from] item: Leftovers\n|upkeep\n|\n|t:|1657907660\n|switch|p2a: Tapu Lele|Tapu Lele|19\/100\n|-damage|p2a: Tapu Lele|6\/100|[from] Stealth Rock\n|-fieldstart|move: Psychic Terrain|[from] ability: Psychic Surge|[of] p2a: Tapu Lele\n|turn|25\n|\n|t:|1657907662\n|move|p2a: Tapu Lele|Moonblast|p1a: Garchomp\n|-supereffective|p1a: Garchomp\n|-damage|p1a: Garchomp|0 fnt\n|faint|p1a: Garchomp\n|\n|upkeep\n|\n|t:|1657907665\n|switch|p1a: Urshifu|Urshifu-Rapid-Strike, M|72\/100\n|turn|26\n|\n|t:|1657907667\n|move|p1a: Urshifu|Close Combat|p2a: Tapu Lele\n|-resisted|p2a: Tapu Lele\n|-damage|p2a: Tapu Lele|0 fnt\n|-unboost|p1a: Urshifu|def|1\n|-unboost|p1a: Urshifu|spd|1\n|faint|p2a: Tapu Lele\n|\n|upkeep\n|-message|VivaHonduras forfeited.\n|\n|win|Jega Rdomnai\n|raw|Jega Rdomnai's rating: 1864 &rarr; <strong>1880<\/strong><br \/>(+16 for winning)\n|raw|VivaHonduras's rating: 1799 &rarr; <strong>1783<\/strong><br \/>(-16 for losing)\n|l|\u2606VivaHonduras\n|l|\u2606Jega Rdomnai\n||Ladder isn't responding, score probably updated but might not have (Request timeout).\n","uploadtime":1657908020,"views":36,"p1id":"jegardomnai","p2id":"vivahonduras","formatid":"gen8ou","rating":1783,"private":0,"password":null}