{"id":"gen8ou-1246311875","p1":"glaed13","p2":"OIRP.2","format":"gen8ou","log":"|j|\u2606glaed13\n|j|\u2606OIRP.2\n|t:|1608332567\n|player|p1|glaed13|cheren-gen5bw2|1425\n|player|p2|OIRP.2|giovanni|1426\n|teamsize|p1|6\n|teamsize|p2|6\n|gametype|singles\n|gen|8\n|tier|[Gen 8] OU\n|rated|\n|clearpoke\n|poke|p1|Stoutland, M|\n|poke|p1|Excadrill, F|\n|poke|p1|Dracozolt|\n|poke|p1|Gigalith, M|\n|poke|p1|Mandibuzz, F|\n|poke|p1|Hippowdon, F|\n|poke|p2|Garchomp, M|\n|poke|p2|Keldeo-Resolute|\n|poke|p2|Tangrowth, M|\n|poke|p2|Tyranitar, M|\n|poke|p2|Zapdos|\n|poke|p2|Nidoking, M|\n|rule|Sleep Clause Mod: Limit one foe put to sleep\n|rule|Species Clause: Limit one of each Pok\u00e9mon\n|rule|OHKO Clause: OHKO moves are banned\n|rule|Evasion Moves Clause: Evasion moves are banned\n|rule|Endless Battle Clause: Forcing endless battles is banned\n|rule|HP Percentage Mod: HP is shown in percentages\n|rule|Dynamax Clause: You cannot dynamax\n|teampreview\n|inactive|Battle timer is ON: inactive players will automatically lose when time's up. (requested by glaed13)\n|\n|t:|1608332576\n|start\n|switch|p1a: Hippowdon|Hippowdon, F|100\/100\n|switch|p2a: Nidoking|Nidoking, M|100\/100\n|-weather|Sandstorm|[from] ability: Sand Stream|[of] p1a: Hippowdon\n|turn|1\n|\n|t:|1608332592\n|switch|p1a: Stoutland|Stoutland, M|100\/100\n|move|p2a: Nidoking|Substitute|p2a: Nidoking\n|-start|p2a: Nidoking|Substitute\n|-damage|p2a: Nidoking|76\/100\n|\n|-weather|Sandstorm|[upkeep]\n|-status|p1a: Stoutland|tox|[from] item: Toxic Orb\n|upkeep\n|turn|2\n|\n|t:|1608332605\n|move|p1a: Stoutland|Facade|p2a: Nidoking\n|-end|p2a: Nidoking|Substitute\n|move|p2a: Nidoking|Sludge Wave|p1a: Stoutland\n|-damage|p1a: Stoutland|20\/100 tox\n|\n|-weather|Sandstorm|[upkeep]\n|-damage|p1a: Stoutland|14\/100 tox|[from] psn\n|upkeep\n|turn|3\n|\n|t:|1608332615\n|switch|p2a: Tyranitar|Tyranitar, M|100\/100\n|move|p1a: Stoutland|Facade|p2a: Tyranitar\n|-resisted|p2a: Tyranitar\n|-damage|p2a: Tyranitar|75\/100\n|\n|-weather|Sandstorm|[upkeep]\n|-heal|p2a: Tyranitar|81\/100|[from] item: Leftovers\n|-damage|p1a: Stoutland|2\/100 tox|[from] psn\n|upkeep\n|turn|4\n|\n|t:|1608332625\n|move|p1a: Stoutland|Superpower|p2a: Tyranitar\n|-supereffective|p2a: Tyranitar\n|-damage|p2a: Tyranitar|0 fnt\n|-unboost|p1a: Stoutland|atk|1\n|-unboost|p1a: Stoutland|def|1\n|faint|p2a: Tyranitar\n|\n|-weather|Sandstorm|[upkeep]\n|-damage|p1a: Stoutland|0 fnt|[from] psn\n|faint|p1a: Stoutland\n|upkeep\n|\n|t:|1608332637\n|switch|p1a: Dracozolt|Dracozolt, shiny|100\/100\n|switch|p2a: Tangrowth|Tangrowth, M|100\/100\n|turn|5\n|\n|t:|1608332644\n|move|p1a: Dracozolt|Fire Fang|p2a: Tangrowth\n|-supereffective|p2a: Tangrowth\n|-damage|p2a: Tangrowth|73\/100\n|-damage|p1a: Dracozolt|91\/100|[from] item: Life Orb\n|move|p2a: Tangrowth|Knock Off|p1a: Dracozolt\n|-damage|p1a: Dracozolt|64\/100\n|-enditem|p1a: Dracozolt|Life Orb|[from] move: Knock Off|[of] p2a: Tangrowth\n|\n|-weather|none\n|upkeep\n|turn|6\n|\n|t:|1608332656\n|switch|p1a: Hippowdon|Hippowdon, F|100\/100\n|-weather|Sandstorm|[from] ability: Sand Stream|[of] p1a: Hippowdon\n|move|p2a: Tangrowth|Leech Seed|p1a: Hippowdon\n|-start|p1a: Hippowdon|move: Leech Seed\n|\n|-weather|Sandstorm|[upkeep]\n|-damage|p2a: Tangrowth|67\/100|[from] Sandstorm\n|-damage|p1a: Hippowdon|88\/100|[from] Leech Seed|[of] p2a: Tangrowth\n|-heal|p2a: Tangrowth|77\/100|[silent]\n|upkeep\n|turn|7\n|\n|t:|1608332663\n|move|p1a: Hippowdon|Stealth Rock|p2a: Tangrowth\n|-sidestart|p2: OIRP.2|move: Stealth Rock\n|move|p2a: Tangrowth|Toxic|p1a: Hippowdon\n|-status|p1a: Hippowdon|tox\n|\n|-weather|Sandstorm|[upkeep]\n|-damage|p2a: Tangrowth|71\/100|[from] Sandstorm\n|-heal|p1a: Hippowdon|94\/100 tox|[from] item: Leftovers\n|-damage|p1a: Hippowdon|82\/100 tox|[from] Leech Seed|[of] p2a: Tangrowth\n|-heal|p2a: Tangrowth|82\/100|[silent]\n|-damage|p1a: Hippowdon|76\/100 tox|[from] psn\n|upkeep\n|turn|8\n|\n|t:|1608332668\n|switch|p1a: Mandibuzz|Mandibuzz, F|100\/100\n|move|p2a: Tangrowth|Knock Off|p1a: Mandibuzz\n|-resisted|p1a: Mandibuzz\n|-damage|p1a: Mandibuzz|93\/100\n|-enditem|p1a: Mandibuzz|Heavy-Duty Boots|[from] move: Knock Off|[of] p2a: Tangrowth\n|\n|-weather|Sandstorm|[upkeep]\n|-damage|p2a: Tangrowth|76\/100|[from] Sandstorm\n|upkeep\n|turn|9\n|\n|t:|1608332673\n|move|p1a: Mandibuzz|Toxic|p2a: Tangrowth|[miss]\n|-miss|p1a: Mandibuzz|p2a: Tangrowth\n|move|p2a: Tangrowth|Toxic|p1a: Mandibuzz\n|-status|p1a: Mandibuzz|tox\n|\n|-weather|Sandstorm|[upkeep]\n|-damage|p2a: Tangrowth|70\/100|[from] Sandstorm\n|-damage|p1a: Mandibuzz|87\/100 tox|[from] psn\n|upkeep\n|turn|10\n|\n|t:|1608332680\n|switch|p1a: Excadrill|Excadrill, F|100\/100\n|switch|p2a: Nidoking|Nidoking, M|76\/100\n|-damage|p2a: Nidoking|70\/100|[from] Stealth Rock\n|\n|-weather|none\n|upkeep\n|turn|11\n|\n|t:|1608332688\n|switch|p2a: Zapdos|Zapdos|100\/100\n|move|p1a: Excadrill|Earthquake|p2a: Zapdos\n|-immune|p2a: Zapdos\n|\n|upkeep\n|turn|12\n|\n|t:|1608332692\n|switch|p1a: Gigalith|Gigalith, M|100\/100\n|-weather|Sandstorm|[from] ability: Sand Stream|[of] p1a: Gigalith\n|move|p2a: Zapdos|Defog|p1a: Gigalith\n|-unboost|p1a: Gigalith|evasion|1\n|-sideend|p2: OIRP.2|Stealth Rock|[from] move: Defog|[of] p2a: Zapdos\n|\n|-weather|Sandstorm|[upkeep]\n|-damage|p2a: Zapdos|94\/100|[from] Sandstorm\n|upkeep\n|turn|13\n|\n|t:|1608332696\n|move|p2a: Zapdos|Volt Switch|p1a: Gigalith\n|-damage|p1a: Gigalith|79\/100\n|\n|t:|1608332699\n|switch|p2a: Tangrowth|Tangrowth, M|100\/100|[from]move: Volt Switch\n|move|p1a: Gigalith|Stealth Rock|p2a: Tangrowth\n|-sidestart|p2: OIRP.2|move: Stealth Rock\n|\n|-weather|Sandstorm|[upkeep]\n|-damage|p2a: Tangrowth|94\/100|[from] Sandstorm\n|upkeep\n|turn|14\n|\n|t:|1608332707\n|switch|p1a: Mandibuzz|Mandibuzz, F|87\/100 tox\n|move|p2a: Tangrowth|Leech Seed|p1a: Mandibuzz\n|-start|p1a: Mandibuzz|move: Leech Seed\n|\n|-weather|Sandstorm|[upkeep]\n|-damage|p2a: Tangrowth|88\/100|[from] Sandstorm\n|-damage|p1a: Mandibuzz|75\/100 tox|[from] Leech Seed|[of] p2a: Tangrowth\n|-heal|p2a: Tangrowth|100\/100|[silent]\n|-damage|p1a: Mandibuzz|69\/100 tox|[from] psn\n|upkeep\n|turn|15\n|\n|t:|1608332711\n|switch|p2a: Nidoking|Nidoking, M|70\/100\n|-damage|p2a: Nidoking|64\/100|[from] Stealth Rock\n|move|p1a: Mandibuzz|Toxic|p2a: Nidoking|[miss]\n|-miss|p1a: Mandibuzz|p2a: Nidoking\n|\n|-weather|Sandstorm|[upkeep]\n|-damage|p1a: Mandibuzz|56\/100 tox|[from] Leech Seed|[of] p2a: Nidoking\n|-heal|p2a: Nidoking|81\/100|[silent]\n|-damage|p1a: Mandibuzz|44\/100 tox|[from] psn\n|upkeep\n|turn|16\n|\n|t:|1608332715\n|move|p2a: Nidoking|Substitute|p2a: Nidoking\n|-start|p2a: Nidoking|Substitute\n|-damage|p2a: Nidoking|56\/100\n|move|p1a: Mandibuzz|Foul Play|p2a: Nidoking\n|-end|p2a: Nidoking|Substitute\n|\n|-weather|Sandstorm|[upkeep]\n|-damage|p1a: Mandibuzz|32\/100 tox|[from] Leech Seed|[of] p2a: Nidoking\n|-heal|p2a: Nidoking|73\/100|[silent]\n|-damage|p1a: Mandibuzz|14\/100 tox|[from] psn\n|upkeep\n|turn|17\n|\n|t:|1608332722\n|move|p2a: Nidoking|Sludge Wave|p1a: Mandibuzz\n|-damage|p1a: Mandibuzz|0 fnt\n|faint|p1a: Mandibuzz\n|\n|-weather|Sandstorm|[upkeep]\n|upkeep\n|\n|t:|1608332728\n|switch|p1a: Excadrill|Excadrill, F|100\/100\n|turn|18\n|\n|t:|1608332731\n|switch|p2a: Tangrowth|Tangrowth, M|100\/100\n|move|p1a: Excadrill|Earthquake|p2a: Tangrowth\n|-resisted|p2a: Tangrowth\n|-damage|p2a: Tangrowth|85\/100\n|\n|-weather|Sandstorm|[upkeep]\n|-damage|p2a: Tangrowth|79\/100|[from] Sandstorm\n|upkeep\n|turn|19\n|\n|t:|1608332738\n|move|p1a: Excadrill|Swords Dance|p1a: Excadrill\n|-boost|p1a: Excadrill|atk|2\n|move|p2a: Tangrowth|Leech Seed|p1a: Excadrill\n|-start|p1a: Excadrill|move: Leech Seed\n|\n|-weather|none\n|-damage|p1a: Excadrill|88\/100|[from] Leech Seed|[of] p2a: Tangrowth\n|-heal|p2a: Tangrowth|90\/100|[silent]\n|upkeep\n|turn|20\n|\n|t:|1608332744\n|move|p1a: Excadrill|Iron Head|p2a: Tangrowth\n|-damage|p2a: Tangrowth|43\/100\n|move|p2a: Tangrowth|Knock Off|p1a: Excadrill\n|-damage|p1a: Excadrill|56\/100\n|-enditem|p1a: Excadrill|Focus Sash|[from] move: Knock Off|[of] p2a: Tangrowth\n|\n|-damage|p1a: Excadrill|43\/100|[from] Leech Seed|[of] p2a: Tangrowth\n|-heal|p2a: Tangrowth|55\/100|[silent]\n|upkeep\n|turn|21\n|\n|t:|1608332753\n|switch|p1a: Hippowdon|Hippowdon, F|76\/100 tox\n|-weather|Sandstorm|[from] ability: Sand Stream|[of] p1a: Hippowdon\n|switch|p2a: Zapdos|Zapdos|94\/100\n|\n|-weather|Sandstorm|[upkeep]\n|-damage|p2a: Zapdos|88\/100|[from] Sandstorm\n|-heal|p1a: Hippowdon|82\/100 tox|[from] item: Leftovers\n|-damage|p1a: Hippowdon|76\/100 tox|[from] psn\n|upkeep\n|turn|22\n|\n|t:|1608332769\n|move|p2a: Zapdos|Defog|p1a: Hippowdon\n|-unboost|p1a: Hippowdon|evasion|1\n|-sideend|p2: OIRP.2|Stealth Rock|[from] move: Defog|[of] p2a: Zapdos\n|move|p1a: Hippowdon|Stealth Rock|p2a: Zapdos\n|-sidestart|p2: OIRP.2|move: Stealth Rock\n|\n|-weather|Sandstorm|[upkeep]\n|-damage|p2a: Zapdos|82\/100|[from] Sandstorm\n|-heal|p1a: Hippowdon|82\/100 tox|[from] item: Leftovers\n|-damage|p1a: Hippowdon|70\/100 tox|[from] psn\n|upkeep\n|turn|23\n|\n|t:|1608332776\n|switch|p1a: Dracozolt|Dracozolt, shiny|64\/100\n|move|p2a: Zapdos|Hurricane|p1a: Dracozolt|[miss]\n|-miss|p2a: Zapdos|p1a: Dracozolt\n|\n|-weather|Sandstorm|[upkeep]\n|-damage|p2a: Zapdos|76\/100|[from] Sandstorm\n|upkeep\n|turn|24\n|\n|t:|1608332781\n|switch|p2a: Tangrowth|Tangrowth, M|88\/100\n|move|p1a: Dracozolt|Bolt Beak|p2a: Tangrowth\n|-resisted|p2a: Tangrowth\n|-damage|p2a: Tangrowth|68\/100\n|\n|-weather|Sandstorm|[upkeep]\n|-damage|p2a: Tangrowth|62\/100|[from] Sandstorm\n|upkeep\n|turn|25\n|\n|t:|1608332790\n|switch|p1a: Hippowdon|Hippowdon, F|70\/100 tox\n|move|p2a: Tangrowth|Leech Seed|p1a: Hippowdon\n|-start|p1a: Hippowdon|move: Leech Seed\n|\n|-weather|none\n|-heal|p1a: Hippowdon|76\/100 tox|[from] item: Leftovers\n|-damage|p1a: Hippowdon|64\/100 tox|[from] Leech Seed|[of] p2a: Tangrowth\n|-heal|p2a: Tangrowth|73\/100|[silent]\n|-damage|p1a: Hippowdon|57\/100 tox|[from] psn\n|upkeep\n|turn|26\n|\n|t:|1608332796\n|move|p1a: Hippowdon|Slack Off|p1a: Hippowdon\n|-heal|p1a: Hippowdon|100\/100 tox\n|move|p2a: Tangrowth|Power Whip|p1a: Hippowdon\n|-supereffective|p1a: Hippowdon\n|-damage|p1a: Hippowdon|48\/100 tox\n|\n|-heal|p1a: Hippowdon|54\/100 tox|[from] item: Leftovers\n|-damage|p1a: Hippowdon|42\/100 tox|[from] Leech Seed|[of] p2a: Tangrowth\n|-heal|p2a: Tangrowth|84\/100|[silent]\n|-damage|p1a: Hippowdon|30\/100 tox|[from] psn\n|upkeep\n|turn|27\n|\n|t:|1608332805\n|move|p1a: Hippowdon|Slack Off|p1a: Hippowdon\n|-heal|p1a: Hippowdon|80\/100 tox\n|move|p2a: Tangrowth|Knock Off|p1a: Hippowdon\n|-damage|p1a: Hippowdon|64\/100 tox\n|-enditem|p1a: Hippowdon|Leftovers|[from] move: Knock Off|[of] p2a: Tangrowth\n|\n|-damage|p1a: Hippowdon|52\/100 tox|[from] Leech Seed|[of] p2a: Tangrowth\n|-heal|p2a: Tangrowth|95\/100|[silent]\n|-damage|p1a: Hippowdon|34\/100 tox|[from] psn\n|upkeep\n|turn|28\n|\n|t:|1608332811\n|move|p1a: Hippowdon|Slack Off|p1a: Hippowdon\n|-heal|p1a: Hippowdon|84\/100 tox\n|move|p2a: Tangrowth|Power Whip|p1a: Hippowdon\n|-supereffective|p1a: Hippowdon\n|-damage|p1a: Hippowdon|23\/100 tox\n|\n|-damage|p1a: Hippowdon|11\/100 tox|[from] Leech Seed|[of] p2a: Tangrowth\n|-heal|p2a: Tangrowth|100\/100|[silent]\n|-damage|p1a: Hippowdon|0 fnt|[from] psn\n|faint|p1a: Hippowdon\n|upkeep\n|-message|glaed13 forfeited.\n|\n|win|OIRP.2\n|l|\u2606glaed13\n","uploadtime":1608332828,"views":4,"p1id":"glaed13","p2id":"oirp2","formatid":"gen8ou","rating":0,"private":0,"password":null}