{"id":"gen8cap-1677966979","p1":"Black Cat Luck","p2":"Capital Cruiser","format":"gen8cap","log":"|j|\u2606Black Cat Luck\n|j|\u203dCapital Cruiser\n|t:|1664943297\n|gametype|singles\n|player|p1|Black Cat Luck|cynthia-masters|1365\n|player|p2|Capital Cruiser|cheren-gen5bw2|1473\n|teamsize|p1|6\n|teamsize|p2|6\n|gen|8\n|tier|[Gen 8] CAP\n|rated|\n|rule|Sleep Clause Mod: Limit one foe put to sleep\n|rule|Species Clause: Limit one of each Pok\u00e9mon\n|rule|OHKO Clause: OHKO moves are banned\n|rule|Evasion Items Clause: Evasion items are banned\n|rule|Evasion Moves Clause: Evasion moves are banned\n|rule|Endless Battle Clause: Forcing endless battles is banned\n|rule|HP Percentage Mod: HP is shown in percentages\n|rule|Dynamax Clause: You cannot dynamax\n|clearpoke\n|poke|p1|Venomicon-Epilogue|\n|poke|p1|Syclant, M|\n|poke|p1|Ferrothorn, M|\n|poke|p1|Tapu Lele|\n|poke|p1|Pajantom, F|\n|poke|p1|Saharaja, M|\n|poke|p2|Conkeldurr, F|\n|poke|p2|Jumbao, M|\n|poke|p2|Heatran, F|\n|poke|p2|Zapdos|\n|poke|p2|Swampert, F|\n|poke|p2|Kartana|\n|teampreview\n|inactive|Battle timer is ON: inactive players will automatically lose when time's up. (requested by Capital Cruiser)\n|\n|t:|1664943322\n|start\n|switch|p1a: Mr. KMS|Syclant, M, shiny|100\/100\n|switch|p2a: Conkeldurr|Conkeldurr, F, shiny|100\/100\n|turn|1\n|\n|t:|1664943326\n|move|p2a: Conkeldurr|Mach Punch|p1a: Mr. KMS\n|-damage|p1a: Mr. KMS|61\/100\n|move|p1a: Mr. KMS|U-turn|p2a: Conkeldurr\n|-resisted|p2a: Conkeldurr\n|-damage|p2a: Conkeldurr|88\/100\n|-damage|p1a: Mr. KMS|51\/100|[from] item: Life Orb\n|\n|t:|1664943329\n|switch|p1a: Tokyo Funk|Tapu Lele, shiny|100\/100|[from]move: U-turn\n|-fieldstart|move: Psychic Terrain|[from] ability: Psychic Surge|[of] p1a: Tokyo Funk\n|\n|-status|p2a: Conkeldurr|brn|[from] item: Flame Orb\n|upkeep\n|turn|2\n|\n|t:|1664943338\n|switch|p2a: Heatran|Heatran, F, shiny|100\/100\n|-item|p2a: Heatran|Air Balloon\n|move|p1a: Tokyo Funk|Focus Blast|p2a: Heatran\n|-supereffective|p2a: Heatran\n|-damage|p2a: Heatran|16\/100\n|-enditem|p2a: Heatran|Air Balloon\n|\n|upkeep\n|turn|3\n|\n|t:|1664943347\n|switch|p1a: $werzie|Saharaja, M|100\/100\n|move|p2a: Heatran|Flash Cannon|p1a: $werzie\n|-damage|p1a: $werzie|76\/100\n|\n|-heal|p1a: $werzie|82\/100|[from] item: Leftovers\n|upkeep\n|turn|4\n|\n|t:|1664943354\n|switch|p2a: Jumbao|Jumbao, M, shiny|100\/100\n|-ability|p2a: Jumbao|Water Absorb|[from] ability: Trace|[of] p1a: $werzie\n|move|p1a: $werzie|Rapid Spin|p2a: Jumbao\n|-damage|p2a: Jumbao|89\/100\n|-boost|p1a: $werzie|spe|1\n|\n|-heal|p1a: $werzie|88\/100|[from] item: Leftovers\n|upkeep\n|turn|5\n|\n|t:|1664943359\n|switch|p1a: Dinkleberg|Ferrothorn, M, shiny|100\/100\n|switch|p2a: Conkeldurr|Conkeldurr, F, shiny|88\/100 brn\n|\n|-damage|p2a: Conkeldurr|82\/100 brn|[from] brn\n|-fieldend|move: Psychic Terrain\n|upkeep\n|turn|6\n|\n|t:|1664943366\n|move|p2a: Conkeldurr|Knock Off|p1a: Dinkleberg\n|-damage|p1a: Dinkleberg|69\/100\n|-damage|p2a: Conkeldurr|69\/100 brn|[from] ability: Iron Barbs|[of] p1a: Dinkleberg\n|-enditem|p1a: Dinkleberg|Leftovers|[from] move: Knock Off|[of] p2a: Conkeldurr\n|move|p1a: Dinkleberg|Stealth Rock|p2a: Conkeldurr\n|-sidestart|p2: Capital Cruiser|move: Stealth Rock\n|\n|-damage|p2a: Conkeldurr|63\/100 brn|[from] brn\n|upkeep\n|turn|7\n|\n|t:|1664943370\n|switch|p1a: Tokyo Funk|Tapu Lele, shiny|100\/100\n|-fieldstart|move: Psychic Terrain|[from] ability: Psychic Surge|[of] p1a: Tokyo Funk\n|move|p2a: Conkeldurr|Drain Punch|p1a: Tokyo Funk\n|-resisted|p1a: Tokyo Funk\n|-damage|p1a: Tokyo Funk|72\/100\n|-heal|p2a: Conkeldurr|74\/100 brn|[from] drain|[of] p1a: Tokyo Funk\n|\n|-damage|p2a: Conkeldurr|67\/100 brn|[from] brn\n|upkeep\n|turn|8\n|\n|t:|1664943377\n|switch|p2a: Heatran|Heatran, F, shiny|16\/100\n|-damage|p2a: Heatran|3\/100|[from] Stealth Rock\n|move|p1a: Tokyo Funk|Psychic|p2a: Heatran\n|-resisted|p2a: Heatran\n|-damage|p2a: Heatran|0 fnt\n|faint|p2a: Heatran\n|\n|upkeep\n|\n|t:|1664943388\n|switch|p2a: Swampert|Swampert, F, shiny|100\/100\n|-damage|p2a: Swampert|94\/100|[from] Stealth Rock\n|turn|9\n|\n|t:|1664943392\n|move|p1a: Tokyo Funk|Psychic|p2a: Swampert\n|-crit|p2a: Swampert\n|-damage|p2a: Swampert|0 fnt\n|faint|p2a: Swampert\n|\n|upkeep\n|-message|Capital Cruiser forfeited.\n|\n|win|Black Cat Luck\n|raw|Black Cat Luck's rating: 1365 &rarr; <strong>1391<\/strong><br \/>(+26 for winning)\n|raw|Capital Cruiser's rating: 1473 &rarr; <strong>1447<\/strong><br \/>(-26 for losing)\n|l|\u203dCapital Cruiser\n","uploadtime":1664943403,"views":30,"p1id":"blackcatluck","p2id":"capitalcruiser","formatid":"gen8cap","rating":1391,"private":0,"password":null}