{"id":"gen8ou-1690795846","p1":"minimax_ai","p2":"cows123p","format":"gen8ou","log":"|html|<div class=\"broadcast-blue\"><strong>[Gen 8] OU is currently suspecting Melmetal! For information on how to participate check out the <a href=\"https:\/\/www.smogon.com\/forums\/threads\/np-ss-ou-suspect-process-round-12-monster-mash.3709234\/\">suspect thread<\/a>.<\/strong><\/div>\n|j|\u2606minimax_ai\n|j|\u2606cows123p\n|t:|1666304478\n|gametype|singles\n|player|p1|minimax_ai|lusamine-nihilego|1482\n|player|p2|cows123p|twins-gen4dp|1496\n|teamsize|p1|6\n|teamsize|p2|6\n|gen|8\n|tier|[Gen 8] OU\n|rated|\n|rule|Sleep Clause Mod: Limit one foe put to sleep\n|rule|Species Clause: Limit one of each Pok\u00e9mon\n|rule|OHKO Clause: OHKO moves are banned\n|rule|Evasion Items Clause: Evasion items are banned\n|rule|Evasion Moves Clause: Evasion moves are banned\n|rule|Endless Battle Clause: Forcing endless battles is banned\n|rule|HP Percentage Mod: HP is shown in percentages\n|rule|Dynamax Clause: You cannot dynamax\n|clearpoke\n|poke|p1|Rotom-Wash|\n|poke|p1|Weavile, M|\n|poke|p1|Landorus-Therian, M|\n|poke|p1|Heatran, M|\n|poke|p1|Tangrowth, F|\n|poke|p1|Melmetal|\n|poke|p2|Diggersby, F|\n|poke|p2|Tapu Lele|\n|poke|p2|Ribombee, M|\n|poke|p2|Urshifu-*, F|\n|poke|p2|Heatran, M|\n|poke|p2|Kartana|\n|teampreview\n|c|\u2606minimax_ai|hf\n|inactive|Battle timer is ON: inactive players will automatically lose when time's up. (requested by minimax_ai)\n|\n|t:|1666304484\n|start\n|switch|p1a: landorustherian|Landorus-Therian, M|100\/100\n|switch|p2a: Ribombee|Ribombee, M|100\/100\n|-ability|p1a: landorustherian|Intimidate|boost\n|-unboost|p2a: Ribombee|atk|1\n|turn|1\n|\n|t:|1666304490\n|move|p2a: Ribombee|Stun Spore|p1a: landorustherian\n|-status|p1a: landorustherian|par\n|move|p1a: landorustherian|Earthquake|p2a: Ribombee\n|-resisted|p2a: Ribombee\n|-damage|p2a: Ribombee|63\/100\n|\n|upkeep\n|turn|2\n|\n|t:|1666304496\n|move|p2a: Ribombee|Sticky Web|p1a: landorustherian\n|-sidestart|p1: minimax_ai|move: Sticky Web\n|move|p1a: landorustherian|Earthquake|p2a: Ribombee\n|-resisted|p2a: Ribombee\n|-crit|p2a: Ribombee\n|-damage|p2a: Ribombee|9\/100\n|\n|upkeep\n|turn|3\n|j| kdports\n|\n|t:|1666304501\n|move|p2a: Ribombee|Moonblast|p1a: landorustherian\n|-damage|p1a: landorustherian|79\/100 par\n|move|p1a: landorustherian|Defog|p2a: Ribombee\n|-unboost|p2a: Ribombee|evasion|1\n|-sideend|p1: minimax_ai|Sticky Web|[from] move: Defog|[of] p1a: landorustherian\n|\n|-heal|p1a: landorustherian|85\/100 par|[from] item: Leftovers\n|upkeep\n|turn|4\n|\n|t:|1666304508\n|move|p2a: Ribombee|Sticky Web|p1a: landorustherian\n|-sidestart|p1: minimax_ai|move: Sticky Web\n|move|p1a: landorustherian|Earthquake|p2a: Ribombee\n|-resisted|p2a: Ribombee\n|-damage|p2a: Ribombee|0 fnt\n|faint|p2a: Ribombee\n|\n|-heal|p1a: landorustherian|91\/100 par|[from] item: Leftovers\n|upkeep\n|\n|t:|1666304516\n|switch|p2a: Urshifu|Urshifu-Rapid-Strike, F|100\/100\n|turn|5\n|\n|t:|1666304520\n|switch|p1a: Tangrowth|Tangrowth, F|100\/100\n|-activate|p1a: Tangrowth|move: Sticky Web\n|-unboost|p1a: Tangrowth|spe|1\n|move|p2a: Urshifu|Surging Strikes|p1a: Tangrowth\n|-resisted|p1a: Tangrowth\n|-crit|p1a: Tangrowth\n|-damage|p1a: Tangrowth|93\/100\n|-damage|p2a: Urshifu|84\/100|[from] item: Rocky Helmet|[of] p1a: Tangrowth\n|-resisted|p1a: Tangrowth\n|-crit|p1a: Tangrowth\n|-damage|p1a: Tangrowth|86\/100\n|-damage|p2a: Urshifu|68\/100|[from] item: Rocky Helmet|[of] p1a: Tangrowth\n|-resisted|p1a: Tangrowth\n|-crit|p1a: Tangrowth\n|-damage|p1a: Tangrowth|78\/100\n|-damage|p2a: Urshifu|51\/100|[from] item: Rocky Helmet|[of] p1a: Tangrowth\n|-hitcount|p1a: Tangrowth|3\n|\n|upkeep\n|turn|6\n|\n|t:|1666304534\n|switch|p2a: Heatran|Heatran, M|100\/100\n|move|p1a: Tangrowth|Knock Off|p2a: Heatran\n|-damage|p2a: Heatran|78\/100\n|-enditem|p2a: Heatran|Charcoal|[from] move: Knock Off|[of] p1a: Tangrowth\n|\n|upkeep\n|turn|7\n|\n|t:|1666304540\n|switch|p1a: rotomwash|Rotom-Wash|100\/100\n|move|p2a: Heatran|Stealth Rock|p1a: rotomwash\n|-sidestart|p1: minimax_ai|move: Stealth Rock\n|\n|upkeep\n|turn|8\n|\n|t:|1666304545\n|switch|p2a: Tapu Lele|Tapu Lele|100\/100\n|-fieldstart|move: Psychic Terrain|[from] ability: Psychic Surge|[of] p2a: Tapu Lele\n|move|p1a: rotomwash|Thunderbolt|p2a: Tapu Lele\n|-damage|p2a: Tapu Lele|65\/100\n|\n|upkeep\n|turn|9\n|\n|t:|1666304553\n|switch|p1a: Melmetal|Melmetal|100\/100\n|-activate|p1a: Melmetal|move: Sticky Web\n|-unboost|p1a: Melmetal|spe|1\n|-damage|p1a: Melmetal|94\/100|[from] Stealth Rock\n|move|p2a: Tapu Lele|Focus Blast|p1a: Melmetal|[miss]\n|-miss|p2a: Tapu Lele|p1a: Melmetal\n|\n|upkeep\n|turn|10\n|\n|t:|1666304562\n|switch|p2a: Heatran|Heatran, M|78\/100\n|move|p1a: Melmetal|Double Iron Bash|p2a: Heatran\n|-resisted|p2a: Heatran\n|-damage|p2a: Heatran|68\/100\n|-resisted|p2a: Heatran\n|-damage|p2a: Heatran|57\/100\n|-hitcount|p2a: Heatran|2\n|\n|upkeep\n|turn|11\n|\n|t:|1666304569\n|switch|p2a: Urshifu|Urshifu-Rapid-Strike, F|51\/100\n|move|p1a: Melmetal|Earthquake|p2a: Urshifu\n|-damage|p2a: Urshifu|16\/100\n|\n|upkeep\n|turn|12\n|\n|t:|1666304575\n|switch|p1a: Tangrowth|Tangrowth, F|100\/100\n|-activate|p1a: Tangrowth|move: Sticky Web\n|-unboost|p1a: Tangrowth|spe|1\n|-damage|p1a: Tangrowth|88\/100|[from] Stealth Rock\n|move|p2a: Urshifu|Close Combat|p1a: Tangrowth\n|-damage|p1a: Tangrowth|43\/100\n|-unboost|p2a: Urshifu|def|1\n|-unboost|p2a: Urshifu|spd|1\n|-damage|p2a: Urshifu|0 fnt|[from] item: Rocky Helmet|[of] p1a: Tangrowth\n|faint|p2a: Urshifu\n|\n|-fieldend|move: Psychic Terrain\n|upkeep\n|\n|t:|1666304587\n|switch|p2a: Diggersby|Diggersby, F|100\/100\n|turn|13\n|\n|t:|1666304591\n|switch|p1a: Heatran|Heatran, M|100\/100\n|-damage|p1a: Heatran|88\/100|[from] Stealth Rock\n|-item|p1a: Heatran|Air Balloon\n|move|p2a: Diggersby|Body Slam|p1a: Heatran\n|-resisted|p1a: Heatran\n|-damage|p1a: Heatran|46\/100\n|-enditem|p1a: Heatran|Air Balloon\n|\n|upkeep\n|turn|14\n|\n|t:|1666304600\n|switch|p2a: Heatran|Heatran, M|57\/100\n|move|p1a: Heatran|Magma Storm|p2a: Heatran\n|-start|p2a: Heatran|ability: Flash Fire\n|\n|upkeep\n|turn|15\n|\n|t:|1666304607\n|move|p1a: Heatran|Earth Power|p2a: Heatran\n|-supereffective|p2a: Heatran\n|-damage|p2a: Heatran|0 fnt\n|faint|p2a: Heatran\n|\n|upkeep\n|\n|t:|1666304612\n|switch|p2a: Diggersby|Diggersby, F|100\/100\n|turn|16\n|\n|t:|1666304615\n|move|p2a: Diggersby|Body Slam|p1a: Heatran\n|-resisted|p1a: Heatran\n|-damage|p1a: Heatran|5\/100\n|move|p1a: Heatran|Magma Storm|p2a: Diggersby|[miss]\n|-miss|p1a: Heatran|p2a: Diggersby\n|\n|upkeep\n|turn|17\n|\n|t:|1666304621\n|switch|p1a: landorustherian|Landorus-Therian, M|91\/100 par\n|-damage|p1a: landorustherian|79\/100 par|[from] Stealth Rock\n|-ability|p1a: landorustherian|Intimidate|boost\n|-unboost|p2a: Diggersby|atk|1\n|move|p2a: Diggersby|Body Slam|p1a: landorustherian\n|-damage|p1a: landorustherian|32\/100 par\n|\n|-heal|p1a: landorustherian|38\/100 par|[from] item: Leftovers\n|upkeep\n|turn|18\n|\n|t:|1666304632\n|move|p2a: Diggersby|Body Slam|p1a: landorustherian\n|-damage|p1a: landorustherian|0 fnt\n|faint|p1a: landorustherian\n|\n|upkeep\n|\n|t:|1666304632\n|switch|p1a: Weavile|Weavile, M|100\/100\n|-activate|p1a: Weavile|move: Sticky Web\n|-unboost|p1a: Weavile|spe|1\n|-damage|p1a: Weavile|76\/100|[from] Stealth Rock\n|-ability|p1a: Weavile|Pressure\n|turn|19\n|\n|t:|1666304641\n|move|p2a: Diggersby|Body Slam|p1a: Weavile\n|-damage|p1a: Weavile|0 fnt\n|faint|p1a: Weavile\n|\n|upkeep\n|\n|t:|1666304641\n|switch|p1a: rotomwash|Rotom-Wash|100\/100\n|-damage|p1a: rotomwash|88\/100|[from] Stealth Rock\n|turn|20\n|\n|t:|1666304651\n|switch|p2a: Tapu Lele|Tapu Lele|65\/100\n|-fieldstart|move: Psychic Terrain|[from] ability: Psychic Surge|[of] p2a: Tapu Lele\n|move|p1a: rotomwash|Thunderbolt|p2a: Tapu Lele\n|-damage|p2a: Tapu Lele|30\/100\n|\n|-heal|p1a: rotomwash|94\/100|[from] item: Leftovers\n|upkeep\n|turn|21\n|\n|t:|1666304660\n|switch|p1a: Melmetal|Melmetal|94\/100\n|-activate|p1a: Melmetal|move: Sticky Web\n|-unboost|p1a: Melmetal|spe|1\n|-damage|p1a: Melmetal|88\/100|[from] Stealth Rock\n|move|p2a: Tapu Lele|Psychic|p1a: Melmetal\n|-resisted|p1a: Melmetal\n|-damage|p1a: Melmetal|65\/100\n|\n|upkeep\n|turn|22\n|\n|t:|1666304669\n|switch|p2a: Kartana|Kartana|100\/100\n|move|p1a: Melmetal|Double Iron Bash|p2a: Kartana\n|-resisted|p2a: Kartana\n|-damage|p2a: Kartana|80\/100\n|-resisted|p2a: Kartana\n|-damage|p2a: Kartana|58\/100\n|-hitcount|p2a: Kartana|2\n|\n|upkeep\n|turn|23\n|\n|t:|1666304676\n|switch|p1a: Tangrowth|Tangrowth, F|76\/100\n|-activate|p1a: Tangrowth|move: Sticky Web\n|-unboost|p1a: Tangrowth|spe|1\n|-damage|p1a: Tangrowth|64\/100|[from] Stealth Rock\n|move|p2a: Kartana|Knock Off|p1a: Tangrowth\n|-damage|p1a: Tangrowth|42\/100\n|-damage|p2a: Kartana|41\/100|[from] item: Rocky Helmet|[of] p1a: Tangrowth\n|-enditem|p1a: Tangrowth|Rocky Helmet|[from] move: Knock Off|[of] p2a: Kartana\n|\n|upkeep\n|turn|24\n|\n|t:|1666304686\n|move|p2a: Kartana|Knock Off|p1a: Tangrowth\n|-damage|p1a: Tangrowth|27\/100\n|move|p1a: Tangrowth|Giga Drain|p2a: Kartana\n|-resisted|p2a: Kartana\n|-damage|p2a: Kartana|20\/100\n|-heal|p1a: Tangrowth|34\/100|[from] drain|[of] p2a: Kartana\n|\n|-fieldend|move: Psychic Terrain\n|upkeep\n|turn|25\n|\n|t:|1666304693\n|move|p2a: Kartana|Knock Off|p1a: Tangrowth\n|-damage|p1a: Tangrowth|20\/100\n|move|p1a: Tangrowth|Giga Drain|p2a: Kartana\n|-resisted|p2a: Kartana\n|-damage|p2a: Kartana|0 fnt\n|-heal|p1a: Tangrowth|26\/100|[from] drain|[of] p2a: Kartana\n|faint|p2a: Kartana\n|\n|upkeep\n|\n|t:|1666304703\n|switch|p2a: Tapu Lele|Tapu Lele|30\/100\n|-fieldstart|move: Psychic Terrain|[from] ability: Psychic Surge|[of] p2a: Tapu Lele\n|turn|26\n|\n|t:|1666304708\n|switch|p1a: Heatran|Heatran, M|5\/100\n|-activate|p1a: Heatran|move: Sticky Web\n|-unboost|p1a: Heatran|spe|1\n|-damage|p1a: Heatran|0 fnt|[from] Stealth Rock\n|faint|p1a: Heatran\n|move|p2a: Tapu Lele|Focus Blast|p1: Heatran|[notarget]\n|-fail|p2a: Tapu Lele\n|\n|upkeep\n|\n|t:|1666304708\n|switch|p1a: rotomwash|Rotom-Wash|94\/100\n|-damage|p1a: rotomwash|82\/100|[from] Stealth Rock\n|turn|27\n|\n|t:|1666304718\n|move|p2a: Tapu Lele|Focus Blast|p1a: rotomwash\n|-damage|p1a: rotomwash|10\/100\n|move|p1a: rotomwash|Thunderbolt|p2a: Tapu Lele\n|-damage|p2a: Tapu Lele|0 fnt\n|faint|p2a: Tapu Lele\n|\n|-heal|p1a: rotomwash|16\/100|[from] item: Leftovers\n|upkeep\n|\n|t:|1666304725\n|switch|p2a: Diggersby|Diggersby, F|100\/100\n|turn|28\n|\n|t:|1666304728\n|move|p2a: Diggersby|Fire Punch|p1a: rotomwash\n|-resisted|p1a: rotomwash\n|-damage|p1a: rotomwash|0 fnt\n|faint|p1a: rotomwash\n|\n|upkeep\n|\n|t:|1666304728\n|switch|p1a: Tangrowth|Tangrowth, F|59\/100\n|-activate|p1a: Tangrowth|move: Sticky Web\n|-unboost|p1a: Tangrowth|spe|1\n|-damage|p1a: Tangrowth|47\/100|[from] Stealth Rock\n|turn|29\n|\n|t:|1666304736\n|move|p2a: Diggersby|Fire Punch|p1a: Tangrowth\n|-supereffective|p1a: Tangrowth\n|-damage|p1a: Tangrowth|2\/100\n|move|p1a: Tangrowth|Giga Drain|p2a: Diggersby\n|-supereffective|p2a: Diggersby\n|-damage|p2a: Diggersby|29\/100\n|-heal|p1a: Tangrowth|29\/100|[from] drain|[of] p2a: Diggersby\n|\n|upkeep\n|turn|30\n|\n|t:|1666304743\n|move|p2a: Diggersby|Fire Punch|p1a: Tangrowth\n|-supereffective|p1a: Tangrowth\n|-damage|p1a: Tangrowth|0 fnt\n|faint|p1a: Tangrowth\n|\n|-fieldend|move: Psychic Terrain\n|upkeep\n|\n|t:|1666304743\n|switch|p1a: Melmetal|Melmetal|65\/100\n|-activate|p1a: Melmetal|move: Sticky Web\n|-unboost|p1a: Melmetal|spe|1\n|-damage|p1a: Melmetal|59\/100|[from] Stealth Rock\n|turn|31\n|\n|t:|1666304752\n|move|p2a: Diggersby|Fire Punch|p1a: Melmetal\n|-supereffective|p1a: Melmetal\n|-damage|p1a: Melmetal|4\/100\n|move|p1a: Melmetal|Double Iron Bash|p2a: Diggersby\n|-damage|p2a: Diggersby|0 fnt\n|faint|p2a: Diggersby\n|-hitcount|p2: Diggersby|1\n|\n|win|minimax_ai\n|raw|minimax_ai's rating: 1482 &rarr; <strong>1503<\/strong><br \/>(+21 for winning)\n|raw|cows123p's rating: 1496 &rarr; <strong>1475<\/strong><br \/>(-21 for losing)\n|c|\u2606minimax_ai|gg\n","uploadtime":1666304753,"views":2,"p1id":"minimaxai","p2id":"cows123p","formatid":"gen8ou","rating":1475,"private":0,"password":null}