{"id":"gen8nationaldex-1583217890","p1":"TestingTesting1","p2":"Mastro Porzioni","format":"gen8nationaldex","log":"|j|\u2606TestingTesting1\n|j|\u2606Mastro Porzioni\n|t:|1653574159\n|gametype|singles\n|player|p1|TestingTesting1|266|1680\n|player|p2|Mastro Porzioni|burglar|1640\n|teamsize|p1|6\n|teamsize|p2|6\n|gen|8\n|tier|[Gen 8] National Dex\n|rated|\n|rule|HP Percentage Mod: HP is shown in percentages\n|rule|Endless Battle Clause: Forcing endless battles is banned\n|rule|OHKO Clause: OHKO moves are banned\n|rule|Evasion Moves Clause: Evasion moves are banned\n|rule|Species Clause: Limit one of each Pok\u00e9mon\n|rule|Dynamax Clause: You cannot dynamax\n|rule|Sleep Clause Mod: Limit one foe put to sleep\n|clearpoke\n|poke|p1|Garchomp, M|\n|poke|p1|Mawile, M|\n|poke|p1|Tapu Lele|\n|poke|p1|Heatran, M|\n|poke|p1|Slowbro, F|\n|poke|p1|Serperior, M|\n|poke|p2|Seismitoad, M|\n|poke|p2|Pinsir, F|\n|poke|p2|Heatran, M|\n|poke|p2|Tsareena, F|\n|poke|p2|Greninja, M|\n|poke|p2|Celesteela|\n|teampreview\n|\n|t:|1653574185\n|start\n|switch|p1a: Slowbro|Slowbro, F|100\/100\n|switch|p2a: Stanlio|Greninja, M, shiny|100\/100\n|turn|1\n|\n|t:|1653574201\n|move|p2a: Stanlio|U-turn|p1a: Slowbro\n|-start|p2a: Stanlio|typechange|Bug|[from] ability: Protean\n|-supereffective|p1a: Slowbro\n|-damage|p1a: Slowbro|68\/100\n|\n|t:|1653574205\n|switch|p2a: Ollio|Seismitoad, M, shiny|100\/100|[from]move: U-turn\n|move|p1a: Slowbro|Teleport|p1a: Slowbro\n|\n|t:|1653574210\n|switch|p1a: Serperior|Serperior, M|100\/100|[from]move: Teleport\n|\n|upkeep\n|turn|2\n|\n|t:|1653574215\n|switch|p2a: Marilyn|Tsareena, F, shiny|100\/100\n|move|p1a: Serperior|Knock Off|p2a: Marilyn\n|-crit|p2a: Marilyn\n|-damage|p2a: Marilyn|76\/100\n|-enditem|p2a: Marilyn|Assault Vest|[from] move: Knock Off|[of] p1a: Serperior\n|\n|upkeep\n|turn|3\n|\n|t:|1653574224\n|switch|p1a: Heatran|Heatran, M|100\/100\n|move|p2a: Marilyn|U-turn|p1a: Heatran\n|-resisted|p1a: Heatran\n|-damage|p1a: Heatran|97\/100\n|\n|t:|1653574227\n|switch|p2a: Ollio|Seismitoad, M, shiny|100\/100|[from]move: U-turn\n|\n|-heal|p1a: Heatran|100\/100|[from] item: Leftovers\n|upkeep\n|turn|4\n|\n|t:|1653574235\n|switch|p1a: Serperior|Serperior, M|100\/100\n|move|p2a: Ollio|Stealth Rock|p1a: Serperior\n|-sidestart|p1: TestingTesting1|move: Stealth Rock\n|\n|upkeep\n|turn|5\n|\n|t:|1653574239\n|switch|p2a: Marilyn|Tsareena, F, shiny|76\/100\n|move|p1a: Serperior|Leaf Storm|p2a: Marilyn\n|-resisted|p2a: Marilyn\n|-damage|p2a: Marilyn|60\/100\n|-boost|p1a: Serperior|spa|2\n|\n|upkeep\n|turn|6\n|\n|t:|1653574249\n|switch|p1a: Garchomp|Garchomp, M|100\/100\n|-damage|p1a: Garchomp|94\/100|[from] Stealth Rock\n|move|p2a: Marilyn|U-turn|p1a: Garchomp\n|-damage|p1a: Garchomp|75\/100\n|-damage|p2a: Marilyn|48\/100|[from] ability: Rough Skin|[of] p1a: Garchomp\n|\n|t:|1653574258\n|switch|p2a: Stanlio|Greninja, M, shiny|100\/100|[from]move: U-turn\n|\n|upkeep\n|turn|7\n|\n|t:|1653574262\n|switch|p1a: Slowbro|Slowbro, F|100\/100\n|move|p2a: Stanlio|Ice Beam|p1a: Slowbro\n|-start|p2a: Stanlio|typechange|Ice|[from] ability: Protean\n|-resisted|p1a: Slowbro\n|-damage|p1a: Slowbro|81\/100\n|\n|upkeep\n|turn|8\n|\n|t:|1653574270\n|switch|p2a: Marilyn|Tsareena, F, shiny|48\/100\n|move|p1a: Slowbro|Teleport|p1a: Slowbro\n|\n|t:|1653574276\n|switch|p1a: Garchomp|Garchomp, M|75\/100|[from]move: Teleport\n|-damage|p1a: Garchomp|69\/100|[from] Stealth Rock\n|\n|upkeep\n|turn|9\n|\n|t:|1653574281\n|move|p1a: Garchomp|Stealth Rock|p2a: Marilyn\n|-sidestart|p2: Mastro Porzioni|move: Stealth Rock\n|move|p2a: Marilyn|U-turn|p1a: Garchomp\n|-damage|p1a: Garchomp|50\/100\n|-damage|p2a: Marilyn|35\/100|[from] ability: Rough Skin|[of] p1a: Garchomp\n|\n|t:|1653574296\n|switch|p2a: Mothra|Pinsir, F|100\/100|[from]move: U-turn\n|-damage|p2a: Mothra|76\/100|[from] Stealth Rock\n|\n|upkeep\n|turn|10\n|\n|t:|1653574303\n|switch|p1a: Slowbro|Slowbro, F|100\/100\n|detailschange|p2a: Mothra|Pinsir-Mega, F\n|-mega|p2a: Mothra|Pinsir|Pinsirite\n|move|p2a: Mothra|Swords Dance|p2a: Mothra\n|-boost|p2a: Mothra|atk|2\n|\n|upkeep\n|turn|11\n|\n|t:|1653574317\n|move|p2a: Mothra|Frustration|p1a: Slowbro\n|-damage|p1a: Slowbro|14\/100\n|move|p1a: Slowbro|Teleport|p1a: Slowbro\n|\n|t:|1653574331\n|switch|p1a: Tapu Lele|Tapu Lele|100\/100|[from]move: Teleport\n|-damage|p1a: Tapu Lele|88\/100|[from] Stealth Rock\n|-fieldstart|move: Psychic Terrain|[from] ability: Psychic Surge|[of] p1a: Tapu Lele\n|\n|upkeep\n|turn|12\n|\n|t:|1653574340\n|switch|p2a: Gargantua|Celesteela|100\/100\n|-damage|p2a: Gargantua|88\/100|[from] Stealth Rock\n|move|p1a: Tapu Lele|Psychic|p2a: Gargantua\n|-resisted|p2a: Gargantua\n|-damage|p2a: Gargantua|70\/100\n|\n|-heal|p2a: Gargantua|76\/100|[from] item: Leftovers\n|upkeep\n|turn|13\n|\n|t:|1653574352\n|switch|p1a: Heatran|Heatran, M|100\/100\n|-damage|p1a: Heatran|88\/100|[from] Stealth Rock\n|switch|p2a: Marilyn|Tsareena, F, shiny|35\/100\n|-damage|p2a: Marilyn|23\/100|[from] Stealth Rock\n|\n|-heal|p1a: Heatran|94\/100|[from] item: Leftovers\n|upkeep\n|turn|14\n|\n|t:|1653574363\n|move|p1a: Heatran|Magma Storm|p2a: Marilyn\n|-supereffective|p2a: Marilyn\n|-damage|p2a: Marilyn|0 fnt\n|faint|p2a: Marilyn\n|\n|-heal|p1a: Heatran|100\/100|[from] item: Leftovers\n|upkeep\n|\n|t:|1653574376\n|switch|p2a: Ollio|Seismitoad, M, shiny|100\/100\n|-damage|p2a: Ollio|94\/100|[from] Stealth Rock\n|turn|15\n|\n|t:|1653574381\n|switch|p1a: Serperior|Serperior, M|100\/100\n|-damage|p1a: Serperior|88\/100|[from] Stealth Rock\n|move|p2a: Ollio|Earthquake|p1a: Serperior\n|-resisted|p1a: Serperior\n|-damage|p1a: Serperior|67\/100\n|\n|-heal|p1a: Serperior|73\/100|[from] item: Leftovers\n|-heal|p2a: Ollio|100\/100|[from] item: Leftovers\n|-fieldend|move: Psychic Terrain\n|upkeep\n|turn|16\n|\n|t:|1653574391\n|switch|p2a: Gargantua|Celesteela|76\/100\n|-damage|p2a: Gargantua|64\/100|[from] Stealth Rock\n|move|p1a: Serperior|Leaf Storm|p2a: Gargantua\n|-resisted|p2a: Gargantua\n|-damage|p2a: Gargantua|56\/100\n|-boost|p1a: Serperior|spa|2\n|\n|-heal|p1a: Serperior|80\/100|[from] item: Leftovers\n|-heal|p2a: Gargantua|62\/100|[from] item: Leftovers\n|upkeep\n|turn|17\n|\n|t:|1653574401\n|move|p1a: Serperior|Knock Off|p2a: Gargantua\n|-damage|p2a: Gargantua|49\/100\n|-enditem|p2a: Gargantua|Leftovers|[from] move: Knock Off|[of] p1a: Serperior\n|move|p2a: Gargantua|Heavy Slam|p1a: Serperior\n|-damage|p1a: Serperior|27\/100\n|\n|-heal|p1a: Serperior|33\/100|[from] item: Leftovers\n|upkeep\n|turn|18\n|\n|t:|1653574409\n|switch|p1a: Heatran|Heatran, M|100\/100\n|-damage|p1a: Heatran|88\/100|[from] Stealth Rock\n|move|p2a: Gargantua|Flamethrower|p1a: Heatran\n|-start|p1a: Heatran|ability: Flash Fire\n|\n|-heal|p1a: Heatran|94\/100|[from] item: Leftovers\n|upkeep\n|turn|19\n|\n|t:|1653574418\n|switch|p2a: Ollio|Seismitoad, M, shiny|100\/100\n|-damage|p2a: Ollio|94\/100|[from] Stealth Rock\n|move|p1a: Heatran|Earth Power|p2a: Ollio\n|-damage|p2a: Ollio|70\/100\n|\n|-heal|p1a: Heatran|100\/100|[from] item: Leftovers\n|-heal|p2a: Ollio|76\/100|[from] item: Leftovers\n|upkeep\n|turn|20\n|\n|t:|1653574428\n|-end|p1a: Heatran|ability: Flash Fire|[silent]\n|switch|p1a: Slowbro|Slowbro, F|48\/100\n|switch|p2a: Mothra|Pinsir-Mega, F|76\/100\n|-damage|p2a: Mothra|26\/100|[from] Stealth Rock\n|\n|upkeep\n|turn|21\n|\n|t:|1653574434\n|move|p2a: Mothra|Frustration|p1a: Slowbro\n|-damage|p1a: Slowbro|5\/100\n|move|p1a: Slowbro|Scald|p2a: Mothra\n|-damage|p2a: Mothra|0 fnt\n|faint|p2a: Mothra\n|\n|upkeep\n|\n|t:|1653574439\n|switch|p2a: Stanlio|Greninja, M, shiny|100\/100\n|-damage|p2a: Stanlio|88\/100|[from] Stealth Rock\n|turn|22\n|\n|t:|1653574447\n|switch|p1a: Garchomp|Garchomp, M|50\/100\n|-damage|p1a: Garchomp|43\/100|[from] Stealth Rock\n|move|p2a: Stanlio|U-turn|p1a: Garchomp\n|-start|p2a: Stanlio|typechange|Bug|[from] ability: Protean\n|-damage|p1a: Garchomp|15\/100\n|-damage|p2a: Stanlio|76\/100|[from] ability: Rough Skin|[of] p1a: Garchomp\n|\n|t:|1653574452\n|switch|p2a: Ollio|Seismitoad, M, shiny|76\/100|[from]move: U-turn\n|-damage|p2a: Ollio|70\/100|[from] Stealth Rock\n|\n|-heal|p2a: Ollio|76\/100|[from] item: Leftovers\n|upkeep\n|turn|23\n|j| Flamingjetblade\n|\n|t:|1653574460\n|-zpower|p1a: Garchomp\n|move|p1a: Garchomp|Devastating Drake|p2a: Ollio|[zeffect]\n|-damage|p2a: Ollio|0 fnt\n|faint|p2a: Ollio\n|\n|upkeep\n|\n|t:|1653574471\n|switch|p2a: Stanlio|Greninja, M, shiny|76\/100\n|-damage|p2a: Stanlio|64\/100|[from] Stealth Rock\n|turn|24\n|\n|t:|1653574476\n|move|p2a: Stanlio|U-turn|p1a: Garchomp\n|-start|p2a: Stanlio|typechange|Bug|[from] ability: Protean\n|-damage|p1a: Garchomp|0 fnt\n|-damage|p2a: Stanlio|51\/100|[from] ability: Rough Skin|[of] p1a: Garchomp\n|faint|p1a: Garchomp\n|\n|t:|1653574480\n|switch|p2a: Gargantua|Celesteela|49\/100|[from]move: U-turn\n|-damage|p2a: Gargantua|37\/100|[from] Stealth Rock\n|\n|upkeep\n|\n|t:|1653574491\n|switch|p1a: Heatran|Heatran, M|100\/100\n|-damage|p1a: Heatran|88\/100|[from] Stealth Rock\n|turn|25\n|\n|t:|1653574507\n|move|p1a: Heatran|Taunt|p2a: Gargantua\n|-start|p2a: Gargantua|move: Taunt\n|cant|p2a: Gargantua|move: Taunt|Leech Seed\n|\n|-heal|p1a: Heatran|94\/100|[from] item: Leftovers\n|upkeep\n|turn|26\n|\n|t:|1653574516\n|move|p1a: Heatran|Earth Power|p2a: Gargantua\n|-immune|p2a: Gargantua\n|move|p2a: Gargantua|Heavy Slam|p1a: Heatran\n|-resisted|p1a: Heatran\n|-damage|p1a: Heatran|90\/100\n|\n|-heal|p1a: Heatran|96\/100|[from] item: Leftovers\n|upkeep\n|turn|27\n|\n|t:|1653574525\n|switch|p2a: Akainu|Heatran, M|100\/100\n|-damage|p2a: Akainu|88\/100|[from] Stealth Rock\n|move|p1a: Heatran|Magma Storm|p2a: Akainu\n|-start|p2a: Akainu|ability: Flash Fire\n|\n|-heal|p1a: Heatran|100\/100|[from] item: Leftovers\n|upkeep\n|turn|28\n|\n|t:|1653574533\n|move|p2a: Akainu|Earth Power|p1a: Heatran\n|-supereffective|p1a: Heatran\n|-damage|p1a: Heatran|0 fnt\n|faint|p1a: Heatran\n|\n|upkeep\n|\n|t:|1653574540\n|switch|p1a: Slowbro|Slowbro, F|38\/100\n|turn|29\n|\n|t:|1653574546\n|move|p2a: Akainu|Earth Power|p1a: Slowbro\n|-damage|p1a: Slowbro|0 fnt\n|faint|p1a: Slowbro\n|\n|upkeep\n|\n|t:|1653574550\n|switch|p1a: Serperior|Serperior, M|33\/100\n|-damage|p1a: Serperior|21\/100|[from] Stealth Rock\n|turn|30\n|\n|t:|1653574556\n|move|p1a: Serperior|Glare|p2a: Akainu\n|-status|p2a: Akainu|par\n|move|p2a: Akainu|Earth Power|p1a: Serperior\n|-resisted|p1a: Serperior\n|-damage|p1a: Serperior|0 fnt\n|faint|p1a: Serperior\n|\n|upkeep\n|\n|t:|1653574564\n|switch|p1a: Mawile|Mawile, M|100\/100\n|-damage|p1a: Mawile|94\/100|[from] Stealth Rock\n|-ability|p1a: Mawile|Intimidate|boost\n|-unboost|p2a: Akainu|atk|1\n|turn|31\n|\n|t:|1653574571\n|detailschange|p1a: Mawile|Mawile-Mega, M\n|-mega|p1a: Mawile|Mawile|Mawilite\n|move|p1a: Mawile|Thunder Punch|p2a: Akainu\n|-damage|p2a: Akainu|37\/100 par\n|move|p2a: Akainu|Earth Power|p1a: Mawile\n|-supereffective|p1a: Mawile\n|-damage|p1a: Mawile|0 fnt\n|faint|p1a: Mawile\n|\n|upkeep\n|\n|t:|1653574579\n|switch|p1a: Tapu Lele|Tapu Lele|88\/100\n|-damage|p1a: Tapu Lele|76\/100|[from] Stealth Rock\n|-fieldstart|move: Psychic Terrain|[from] ability: Psychic Surge|[of] p1a: Tapu Lele\n|turn|32\n|\n|t:|1653574584\n|move|p1a: Tapu Lele|Focus Blast|p2a: Akainu\n|-supereffective|p2a: Akainu\n|-damage|p2a: Akainu|0 fnt\n|faint|p2a: Akainu\n|\n|upkeep\n|\n|t:|1653574592\n|switch|p2a: Stanlio|Greninja, M, shiny|51\/100\n|-damage|p2a: Stanlio|39\/100|[from] Stealth Rock\n|turn|33\n|\n|t:|1653574596\n|move|p2a: Stanlio|U-turn|p1a: Tapu Lele\n|-start|p2a: Stanlio|typechange|Bug|[from] ability: Protean\n|-damage|p1a: Tapu Lele|32\/100\n|-message|TestingTesting1 forfeited.\n|\n|win|Mastro Porzioni\n|raw|TestingTesting1's rating: 1680 &rarr; <strong>1658<\/strong><br \/>(-22 for losing)\n|raw|Mastro Porzioni's rating: 1640 &rarr; <strong>1662<\/strong><br \/>(+22 for winning)\n|l|\u2606TestingTesting1\n","uploadtime":1653574610,"views":9,"p1id":"testingtesting1","p2id":"mastroporzioni","formatid":"gen8nationaldex","rating":1658,"private":0,"password":null}