{"id":"gen8mixandmega-1653985929","p1":"Unviabriel","p2":"Andyboy","format":"gen8mixandmega","log":"|j|\u2606Unviabriel\n|j|\u2606Andyboy\n|t:|1662081184\n|gametype|singles\n|player|p1|Unviabriel|shauntal|\n|player|p2|Andyboy|lillie-masters2|\n|teamsize|p1|6\n|teamsize|p2|6\n|gen|8\n|tier|[Gen 8] Mix and Mega\n|rule|Species Clause: Limit one of each Pok\u00e9mon\n|rule|OHKO Clause: OHKO moves are banned\n|rule|Evasion Moves Clause: Evasion moves are banned\n|rule|Endless Battle Clause: Forcing endless battles is banned\n|rule|Dynamax Clause: You cannot dynamax\n|rule|HP Percentage Mod: HP is shown in percentages\n|rule|Sleep Clause Mod: Limit one foe put to sleep\n|clearpoke\n|poke|p1|Zapdos|\n|poke|p1|Landorus-Therian, M|\n|poke|p1|Regieleki|\n|poke|p1|Slowbro, M|\n|poke|p1|Ho-Oh|\n|poke|p1|Solgaleo|\n|poke|p2|Regieleki|\n|poke|p2|Buzzwole|\n|poke|p2|Mew|\n|poke|p2|Groudon|\n|poke|p2|Toxapex, M|\n|poke|p2|Zapdos|\n|teampreview\n|c|\u2606Unviabriel|glhf\n|c|\u2606Unviabriel|my connection has been acting up lately so if i dc that's why\n|c|\u2606Andyboy|kk\n|c|\u2606Andyboy|u2\n|j| pannuracotta\n|j| lt91bb bj\n|\n|t:|1662081279\n|start\n|switch|p1a: Landorus|Landorus-Therian, M|100\/100\n|switch|p2a: Zapdos|Zapdos|100\/100\n|-ability|p1a: Landorus|Intimidate|boost\n|-unboost|p2a: Zapdos|atk|1\n|turn|1\n|j|@Isaiah\n|\n|t:|1662081317\n|switch|p1a: Solgaleo|Solgaleo|100\/100\n|detailschange|p2a: Zapdos|Zapdos\n|-mega|p2a: Zapdos|Zapdos|Manectite\n|-ability|p2a: Zapdos|Intimidate|boost\n|-fail|p1a: Solgaleo|unboost|[from] ability: Full Metal Body|[of] p1a: Solgaleo\n|-start|p2a: Zapdos|Manectite|[silent]\n|move|p2a: Zapdos|Heat Wave|p1a: Solgaleo\n|-supereffective|p1a: Solgaleo\n|-damage|p1a: Solgaleo|29\/100\n|-status|p1a: Solgaleo|brn\n|\n|-damage|p1a: Solgaleo|23\/100 brn|[from] brn\n|upkeep\n|turn|2\n|j|@in the hills\n|c|\u2606Andyboy|sorry\n|j|+Iapt\n|l|@in the hills\n|j|@in the hills\n|j| Zdfgthb\n|l| Zdfgthb\n|\n|t:|1662081385\n|detailschange|p1a: Solgaleo|Solgaleo\n|-mega|p1a: Solgaleo|Solgaleo|Metagrossite\n|-start|p1a: Solgaleo|Metagrossite|[silent]\n|move|p1a: Solgaleo|Crunch|p2a: Zapdos\n|-crit|p2a: Zapdos\n|-damage|p2a: Zapdos|71\/100\n|-unboost|p2a: Zapdos|def|1\n|move|p2a: Zapdos|U-turn|p1a: Solgaleo\n|-damage|p1a: Solgaleo|17\/100 brn\n|l|+Iapt\n|\n|t:|1662081412\n|-end|p2a: Zapdos|Manectite|[silent]\n|switch|p2a: Toxapex|Toxapex, M|100\/100|[from]move: U-turn\n|\n|-damage|p1a: Solgaleo|11\/100 brn|[from] brn\n|upkeep\n|turn|3\n|\n|t:|1662081429\n|-end|p1a: Solgaleo|Metagrossite|[silent]\n|switch|p1a: Zapdos|Zapdos|100\/100\n|move|p2a: Toxapex|Toxic Spikes|p1a: Zapdos\n|-sidestart|p1: Unviabriel|move: Toxic Spikes\n|\n|upkeep\n|turn|4\n|j| clefable886 \u273f\n|\n|t:|1662081469\n|detailschange|p1a: Zapdos|Zapdos\n|-mega|p1a: Zapdos|Zapdos|Lucarionite\n|-start|p1a: Zapdos|Lucarionite|[silent]\n|detailschange|p2a: Toxapex|Toxapex, M\n|-mega|p2a: Toxapex|Toxapex|Gyaradosite\n|-ability|p2a: Toxapex|Mold Breaker\n|-start|p2a: Toxapex|Gyaradosite|[silent]\n|-start|p2a: Toxapex|typechange|Poison\/Dark|[silent]\n|move|p1a: Zapdos|Hurricane|p2a: Toxapex\n|-damage|p2a: Toxapex|50\/100\n|-start|p2a: Toxapex|confusion\n|-activate|p2a: Toxapex|confusion\n|move|p2a: Toxapex|Poison Jab|p1a: Zapdos\n|-damage|p1a: Zapdos|75\/100\n|-status|p1a: Zapdos|psn\n|\n|-damage|p1a: Zapdos|63\/100 psn|[from] psn\n|upkeep\n|turn|5\n|\n|t:|1662081549\n|move|p1a: Zapdos|Hurricane|p2a: Toxapex\n|-damage|p2a: Toxapex|0 fnt\n|faint|p2a: Toxapex\n|\n|-damage|p1a: Zapdos|50\/100 psn|[from] psn\n|upkeep\n|l| lt91bb bj\n|\n|t:|1662081592\n|switch|p2a: Buzzwole|Buzzwole|100\/100\n|turn|6\n|inactive|Battle timer is ON: inactive players will automatically lose when time's up. (requested by Andyboy)\n|\n|t:|1662081612\n|-end|p1a: Zapdos|Lucarionite|[silent]\n|switch|p1a: Solgaleo|Solgaleo|11\/100 brn\n|-start|p1a: Solgaleo|Metagrossite|[silent]\n|detailschange|p2a: Buzzwole|Buzzwole\n|-mega|p2a: Buzzwole|Buzzwole|Metagrossite\n|-start|p2a: Buzzwole|Metagrossite|[silent]\n|move|p2a: Buzzwole|Ice Punch|p1a: Solgaleo\n|-resisted|p1a: Solgaleo\n|-damage|p1a: Solgaleo|0 fnt\n|faint|p1a: Solgaleo\n|\n|upkeep\n|j|+WSun1 \u2764\n|c|\u2606Unviabriel|i told you my connection was bad could you not turn on timer\n|c|+WSun1 \u2764|go The Andyboy\n|j| lt91bb bj\n|inactive|Unviabriel has 270 seconds left.\n|c|\u2606Andyboy|your connection is making you take a minute per turn?...\n|inactiveoff|Battle timer is now OFF.\n|c|\u2606Andyboy|i'll turn it off but hurry please\n|c|\u2606Unviabriel|i've been waiting on you unless the connection is that bad\n|\n|t:|1662081686\n|switch|p1a: Ho-Oh|Ho-Oh|100\/100\n|turn|7\n|l|+WSun1 \u2764\n|\n|t:|1662081705\n|move|p2a: Buzzwole|Stone Edge|p1a: Ho-Oh\n|-supereffective|p1a: Ho-Oh\n|-damage|p1a: Ho-Oh|6\/100\n|move|p1a: Ho-Oh|Sacred Fire|p2a: Buzzwole\n|-supereffective|p2a: Buzzwole\n|-damage|p2a: Buzzwole|49\/100\n|-status|p2a: Buzzwole|brn\n|\n|-damage|p2a: Buzzwole|43\/100 brn|[from] brn\n|upkeep\n|turn|8\n|l| lt91bb bj\n|\n|t:|1662081720\n|-end|p2a: Buzzwole|Metagrossite|[silent]\n|switch|p2a: Zapdos|Zapdos|71\/100\n|-start|p2a: Zapdos|Manectite|[silent]\n|-ability|p2a: Zapdos|Intimidate|boost\n|-unboost|p1a: Ho-Oh|atk|1\n|switch|p1a: Slowbro|Slowbro, M|100\/100\n|-status|p1a: Slowbro|psn\n|\n|-damage|p1a: Slowbro|88\/100 psn|[from] psn\n|upkeep\n|turn|9\n|l|@Isaiah\n|\n|t:|1662081743\n|switch|p1a: Landorus|Landorus-Therian, M|100\/100\n|-ability|p1a: Landorus|Intimidate|boost\n|-unboost|p2a: Zapdos|atk|1\n|move|p2a: Zapdos|Thunderbolt|p1a: Landorus\n|-immune|p1a: Landorus\n|\n|upkeep\n|turn|10\n|j|+WSun1 \u2764\n|l|+WSun1 \u2764\n|\n|t:|1662081763\n|move|p2a: Zapdos|Heat Wave|p1a: Landorus\n|-damage|p1a: Landorus|56\/100\n|move|p1a: Landorus|U-turn|p2a: Zapdos\n|-resisted|p2a: Zapdos\n|-damage|p2a: Zapdos|59\/100\n|j| lt91bb bj\n|\n|t:|1662081787\n|switch|p1a: Zapdos|Zapdos|50\/100 psn|[from]move: U-turn\n|-start|p1a: Zapdos|Lucarionite|[silent]\n|\n|-damage|p1a: Zapdos|38\/100 psn|[from] psn\n|upkeep\n|turn|11\n|l| lt91bb bj\n|\n|t:|1662081827\n|-end|p2a: Zapdos|Manectite|[silent]\n|switch|p2a: Groudon|Groudon|100\/100\n|-weather|SunnyDay|[from] ability: Drought|[of] p2a: Groudon\n|move|p1a: Zapdos|Roost|p1a: Zapdos\n|-heal|p1a: Zapdos|88\/100 psn\n|-singleturn|p1a: Zapdos|move: Roost\n|\n|-weather|SunnyDay|[upkeep]\n|-damage|p1a: Zapdos|76\/100 psn|[from] psn\n|upkeep\n|turn|12\n|j| BasedExtremist69\n|c| BasedExtremist69|The Zappy\n|j| lt91bb bj\n|\n|t:|1662081853\n|-end|p1a: Zapdos|Lucarionite|[silent]\n|switch|p1a: Landorus|Landorus-Therian, M|56\/100\n|-ability|p1a: Landorus|Intimidate|boost\n|-unboost|p2a: Groudon|atk|1\n|move|p2a: Groudon|Stone Edge|p1a: Landorus\n|-damage|p1a: Landorus|32\/100\n|\n|-weather|SunnyDay|[upkeep]\n|upkeep\n|turn|13\n|l| lt91bb bj\n|j| lt91bb bj\n|\n|t:|1662081916\n|switch|p2a: Zapdos|Zapdos|59\/100\n|-start|p2a: Zapdos|Manectite|[silent]\n|-ability|p2a: Zapdos|Intimidate|boost\n|-unboost|p1a: Landorus|atk|1\n|detailschange|p1a: Landorus|Landorus-Therian, M\n|-mega|p1a: Landorus|Landorus|Salamencite\n|-start|p1a: Landorus|Salamencite|[silent]\n|move|p1a: Landorus|Explosion|p2a: Zapdos\n|-resisted|p2a: Zapdos\n|-damage|p2a: Zapdos|10\/100\n|faint|p1a: Landorus\n|\n|-weather|SunnyDay|[upkeep]\n|upkeep\n|l| lt91bb bj\n|j| lt91bb bj\n|\n|t:|1662081964\n|switch|p1a: Regieleki|Regieleki|100\/100\n|-status|p1a: Regieleki|psn\n|turn|14\n|\n|t:|1662081973\n|-end|p2a: Zapdos|Manectite|[silent]\n|switch|p2a: Groudon|Groudon|100\/100\n|detailschange|p1a: Regieleki|Regieleki\n|-mega|p1a: Regieleki|Regieleki|Altarianite\n|-start|p1a: Regieleki|Altarianite|[silent]\n|-start|p1a: Regieleki|typechange|Electric\/Fairy|[silent]\n|move|p1a: Regieleki|Extreme Speed|p2a: Groudon\n|-damage|p2a: Groudon|67\/100\n|\n|-weather|SunnyDay|[upkeep]\n|-heal|p2a: Groudon|73\/100|[from] item: Leftovers\n|-damage|p1a: Regieleki|88\/100 psn|[from] psn\n|upkeep\n|turn|15\n|\n|t:|1662082006\n|-end|p1a: Regieleki|Altarianite|[silent]\n|switch|p1a: Slowbro|Slowbro, M|100\/100 psn\n|move|p2a: Groudon|Stealth Rock|p1a: Slowbro\n|-sidestart|p1: Unviabriel|move: Stealth Rock\n|\n|-weather|none\n|-heal|p2a: Groudon|79\/100|[from] item: Leftovers\n|-damage|p1a: Slowbro|88\/100 psn|[from] psn\n|upkeep\n|turn|16\n|l| lt91bb bj\n|j| lt91bb bj\n|\n|t:|1662082062\n|switch|p2a: Regieleki|Regieleki|100\/100\n|move|p1a: Slowbro|Scald|p2a: Regieleki\n|-damage|p2a: Regieleki|37\/100\n|\n|-damage|p1a: Slowbro|76\/100 psn|[from] psn\n|upkeep\n|turn|17\n|l| BasedExtremist69\n|\n|t:|1662082148\n|detailschange|p1a: Slowbro|Slowbro, M\n|-mega|p1a: Slowbro|Slowbro|Sablenite\n|-start|p1a: Slowbro|Sablenite|[silent]\n|move|p2a: Regieleki|Volt Switch|p1a: Slowbro\n|-supereffective|p1a: Slowbro\n|-damage|p1a: Slowbro|13\/100 psn\n|\n|t:|1662082166\n|switch|p2a: Zapdos|Zapdos|10\/100|[from]move: Volt Switch\n|-start|p2a: Zapdos|Manectite|[silent]\n|-ability|p2a: Zapdos|Intimidate|boost\n|-unboost|p1a: Slowbro|atk|1\n|move|p1a: Slowbro|Scald|p2a: Zapdos\n|-damage|p2a: Zapdos|0 fnt\n|faint|p2a: Zapdos\n|\n|-damage|p1a: Slowbro|1\/100 psn|[from] psn\n|upkeep\n|\n|t:|1662082189\n|switch|p2a: Regieleki|Regieleki|37\/100\n|turn|18\n|j| Ren\n|\n|t:|1662082200\n|move|p2a: Regieleki|Rapid Spin|p1a: Slowbro\n|-damage|p1a: Slowbro|0 fnt\n|-boost|p2a: Regieleki|spe|1\n|faint|p1a: Slowbro\n|\n|upkeep\n|\n|t:|1662082234\n|switch|p1a: Zapdos|Zapdos|76\/100 psn\n|-start|p1a: Zapdos|Lucarionite|[silent]\n|-damage|p1a: Zapdos|51\/100 psn|[from] Stealth Rock\n|turn|19\n|\n|t:|1662082257\n|detailschange|p2a: Regieleki|Regieleki\n|-mega|p2a: Regieleki|Regieleki|Altarianite\n|-start|p2a: Regieleki|Altarianite|[silent]\n|-start|p2a: Regieleki|typechange|Electric\/Fairy|[silent]\n|move|p2a: Regieleki|Extreme Speed|p1a: Zapdos\n|-damage|p1a: Zapdos|0 fnt\n|faint|p1a: Zapdos\n|\n|upkeep\n|l| lt91bb bj\n|\n|t:|1662082315\n|switch|p1a: Ho-Oh|Ho-Oh|39\/100\n|turn|20\n|\n|t:|1662082329\n|switch|p1a: Regieleki|Regieleki|88\/100 psn\n|-start|p1a: Regieleki|Altarianite|[silent]\n|-start|p1a: Regieleki|typechange|Electric\/Fairy|[silent]\n|-damage|p1a: Regieleki|76\/100 psn|[from] Stealth Rock\n|move|p2a: Regieleki|Explosion|p1a: Regieleki\n|-damage|p1a: Regieleki|0 fnt\n|faint|p2a: Regieleki\n|faint|p1a: Regieleki\n|\n|upkeep\n|\n|t:|1662082340\n|switch|p2a: Mew|Mew|100\/100\n|switch|p1a: Ho-Oh|Ho-Oh|73\/100\n|turn|21\n|\n|t:|1662082353\n|detailschange|p2a: Mew|Mew\n|-mega|p2a: Mew|Mew|Sablenite\n|-start|p2a: Mew|Sablenite|[silent]\n|move|p1a: Ho-Oh|Curse|p1a: Ho-Oh\n|-unboost|p1a: Ho-Oh|spe|1\n|-boost|p1a: Ho-Oh|atk|1\n|-boost|p1a: Ho-Oh|def|1\n|move|p2a: Mew|Cosmic Power|p2a: Mew\n|-boost|p2a: Mew|def|1\n|-boost|p2a: Mew|spd|1\n|\n|upkeep\n|turn|22\n|j| lt91bb bj\n|j| zen penguin\n|\n|t:|1662082412\n|move|p2a: Mew|Cosmic Power|p2a: Mew\n|-boost|p2a: Mew|def|1\n|-boost|p2a: Mew|spd|1\n|move|p1a: Ho-Oh|Curse|p1a: Ho-Oh\n|-unboost|p1a: Ho-Oh|spe|1\n|-boost|p1a: Ho-Oh|atk|1\n|-boost|p1a: Ho-Oh|def|1\n|\n|upkeep\n|turn|23\n|\n|t:|1662082417\n|move|p2a: Mew|Cosmic Power|p2a: Mew\n|-boost|p2a: Mew|def|1\n|-boost|p2a: Mew|spd|1\n|move|p1a: Ho-Oh|Sacred Fire|p2a: Mew\n|-damage|p2a: Mew|83\/100\n|\n|upkeep\n|turn|24\n|\n|t:|1662082430\n|move|p2a: Mew|Cosmic Power|p2a: Mew\n|-boost|p2a: Mew|def|1\n|-boost|p2a: Mew|spd|1\n|move|p1a: Ho-Oh|Sacred Fire|p2a: Mew\n|-damage|p2a: Mew|69\/100\n|-status|p2a: Mew|brn\n|\n|-damage|p2a: Mew|63\/100 brn|[from] brn\n|upkeep\n|turn|25\n|\n|t:|1662082446\n|move|p2a: Mew|Stored Power|p1a: Ho-Oh\n|-damage|p1a: Ho-Oh|35\/100\n|move|p1a: Ho-Oh|Sacred Fire|p2a: Mew\n|-damage|p2a: Mew|50\/100 brn\n|\n|-damage|p2a: Mew|44\/100 brn|[from] brn\n|upkeep\n|turn|26\n|\n|t:|1662082453\n|move|p2a: Mew|Stored Power|p1a: Ho-Oh\n|-damage|p1a: Ho-Oh|0 fnt\n|faint|p1a: Ho-Oh\n|\n|win|Andyboy\n|l| lt91bb bj\n|c|\u2606Andyboy|gg\n|c|\u2606Unviabriel|gg\n","uploadtime":1662082460,"views":148,"p1id":"unviabriel","p2id":"andyboy","formatid":"gen8mixandmega","rating":0,"private":0,"password":null}