{"id":"gen8uu-1614844327","p1":"Skelmi 64","p2":"TheonReekGreyjoy","format":"gen8uu","log":"|j|\u2606Skelmi 64\n|j|\u2606TheonReekGreyjoy\n|t:|1657529880\n|gametype|singles\n|player|p1|Skelmi 64|ethan|1343\n|player|p2|TheonReekGreyjoy|266|1544\n|teamsize|p1|6\n|teamsize|p2|6\n|gen|8\n|tier|[Gen 8] UU\n|rated|\n|rule|Sleep Clause Mod: Limit one foe put to sleep\n|rule|Species Clause: Limit one of each Pok\u00e9mon\n|rule|OHKO Clause: OHKO moves are banned\n|rule|Evasion Moves Clause: Evasion moves are banned\n|rule|Endless Battle Clause: Forcing endless battles is banned\n|rule|HP Percentage Mod: HP is shown in percentages\n|rule|Dynamax Clause: You cannot dynamax\n|clearpoke\n|poke|p1|Scizor, M|\n|poke|p1|Rotom-Wash|\n|poke|p1|Nidoking, M|\n|poke|p1|Krookodile, M|\n|poke|p1|Tapu Bulu|\n|poke|p1|Chansey, F|\n|poke|p2|Amoonguss, M|\n|poke|p2|Politoed, F|\n|poke|p2|Kingdra, M|\n|poke|p2|Thundurus-Therian, M|\n|poke|p2|Excadrill, F|\n|poke|p2|Blastoise, F|\n|teampreview\n|inactive|Battle timer is ON: inactive players will automatically lose when time's up. (requested by Skelmi 64)\n|\n|t:|1657529891\n|start\n|switch|p1a: Rotom|Rotom-Wash|100\/100\n|switch|p2a: Excadrill|Excadrill, F|100\/100\n|-ability|p2a: Excadrill|Mold Breaker\n|turn|1\n|\n|t:|1657529906\n|switch|p1a: Krookodile|Krookodile, M|100\/100\n|-ability|p1a: Krookodile|Intimidate|boost\n|-unboost|p2a: Excadrill|atk|1\n|move|p2a: Excadrill|Stealth Rock|p1a: Krookodile\n|-sidestart|p1: Skelmi 64|move: Stealth Rock\n|\n|upkeep\n|turn|2\n|\n|t:|1657529919\n|switch|p2a: Amoonguss|Amoonguss, M|100\/100\n|move|p1a: Krookodile|Stealth Rock|p2a: Amoonguss\n|-sidestart|p2: TheonReekGreyjoy|move: Stealth Rock\n|\n|upkeep\n|turn|3\n|\n|t:|1657529926\n|move|p1a: Krookodile|Knock Off|p2a: Amoonguss\n|-damage|p2a: Amoonguss|75\/100\n|-enditem|p2a: Amoonguss|Eject Button|[from] move: Knock Off|[of] p1a: Krookodile\n|move|p2a: Amoonguss|Spore|p1a: Krookodile\n|-status|p1a: Krookodile|slp|[from] move: Spore\n|\n|upkeep\n|turn|4\n|\n|t:|1657529933\n|switch|p2a: Excadrill|Excadrill, F|100\/100\n|-damage|p2a: Excadrill|97\/100|[from] Stealth Rock\n|-ability|p2a: Excadrill|Mold Breaker\n|cant|p1a: Krookodile|slp\n|\n|-heal|p2a: Excadrill|100\/100|[from] item: Leftovers\n|upkeep\n|turn|5\n|\n|t:|1657529936\n|cant|p1a: Krookodile|slp\n|move|p2a: Excadrill|Rapid Spin|p1a: Krookodile\n|-damage|p1a: Krookodile|84\/100 slp\n|-boost|p2a: Excadrill|spe|1\n|-sideend|p2: TheonReekGreyjoy|Stealth Rock|[from] move: Rapid Spin|[of] p2a: Excadrill\n|\n|-heal|p1a: Krookodile|90\/100 slp|[from] item: Leftovers\n|upkeep\n|turn|6\n|\n|t:|1657529946\n|switch|p2a: Thundurus|Thundurus-Therian, M|100\/100\n|cant|p1a: Krookodile|slp\n|\n|-heal|p1a: Krookodile|96\/100 slp|[from] item: Leftovers\n|upkeep\n|turn|7\n|\n|t:|1657529951\n|move|p2a: Thundurus|Focus Blast|p1a: Krookodile\n|-supereffective|p1a: Krookodile\n|-damage|p1a: Krookodile|0 fnt\n|faint|p1a: Krookodile\n|\n|upkeep\n|\n|t:|1657529963\n|switch|p1a: Tapu Bulu|Tapu Bulu|100\/100\n|-damage|p1a: Tapu Bulu|88\/100|[from] Stealth Rock\n|-fieldstart|move: Grassy Terrain|[from] ability: Grassy Surge|[of] p1a: Tapu Bulu\n|turn|8\n|\n|t:|1657529969\n|switch|p2a: Amoonguss|Amoonguss, M|100\/100\n|move|p1a: Tapu Bulu|Wood Hammer|p2a: Amoonguss\n|-resisted|p2a: Amoonguss\n|-damage|p2a: Amoonguss|87\/100\n|-damage|p1a: Tapu Bulu|81\/100|[from] Recoil\n|\n|-heal|p1a: Tapu Bulu|87\/100|[from] Grassy Terrain\n|-heal|p2a: Amoonguss|93\/100|[from] Grassy Terrain\n|upkeep\n|turn|9\n|\n|t:|1657529980\n|switch|p1a: Chansey|Chansey, F|100\/100\n|-damage|p1a: Chansey|88\/100|[from] Stealth Rock\n|move|p2a: Amoonguss|Spore|p1a: Chansey\n|-status|p1a: Chansey|slp|[from] move: Spore\n|\n|-heal|p1a: Chansey|94\/100 slp|[from] Grassy Terrain\n|-heal|p2a: Amoonguss|99\/100|[from] Grassy Terrain\n|upkeep\n|turn|10\n|\n|t:|1657529990\n|-curestatus|p1a: Chansey|slp|[from] ability: Natural Cure\n|switch|p1a: Rotom|Rotom-Wash|100\/100\n|-damage|p1a: Rotom|88\/100|[from] Stealth Rock\n|switch|p2a: Politoed|Politoed, F|100\/100\n|-weather|RainDance|[from] ability: Drizzle|[of] p2a: Politoed\n|\n|-weather|RainDance|[upkeep]\n|upkeep\n|turn|11\n|\n|t:|1657529998\n|switch|p2a: Amoonguss|Amoonguss, M|100\/100\n|move|p1a: Rotom|Volt Switch|p2a: Amoonguss\n|-resisted|p2a: Amoonguss\n|-damage|p2a: Amoonguss|89\/100\n|\n|t:|1657530009\n|switch|p1a: Chansey|Chansey, F|94\/100|[from]move: Volt Switch\n|-damage|p1a: Chansey|82\/100|[from] Stealth Rock\n|\n|-weather|RainDance|[upkeep]\n|-heal|p1a: Chansey|88\/100|[from] Grassy Terrain\n|-heal|p2a: Amoonguss|95\/100|[from] Grassy Terrain\n|upkeep\n|turn|12\n|\n|t:|1657530036\n|move|p1a: Chansey|Stealth Rock|p2a: Amoonguss\n|-sidestart|p2: TheonReekGreyjoy|move: Stealth Rock\n|move|p2a: Amoonguss|Spore|p1a: Chansey\n|-status|p1a: Chansey|slp|[from] move: Spore\n|\n|-weather|RainDance|[upkeep]\n|-heal|p1a: Chansey|94\/100 slp|[from] Grassy Terrain\n|-heal|p2a: Amoonguss|100\/100|[from] Grassy Terrain\n|-fieldend|move: Grassy Terrain\n|upkeep\n|turn|13\n|\n|t:|1657530042\n|switch|p2a: Excadrill|Excadrill, F|100\/100\n|-damage|p2a: Excadrill|97\/100|[from] Stealth Rock\n|-ability|p2a: Excadrill|Mold Breaker\n|cant|p1a: Chansey|slp\n|\n|-weather|RainDance|[upkeep]\n|-heal|p2a: Excadrill|100\/100|[from] item: Leftovers\n|upkeep\n|turn|14\n|\n|t:|1657530054\n|-curestatus|p1a: Chansey|slp|[from] ability: Natural Cure\n|switch|p1a: Tapu Bulu|Tapu Bulu|87\/100\n|-damage|p1a: Tapu Bulu|75\/100|[from] Stealth Rock\n|-fieldstart|move: Grassy Terrain|[from] ability: Grassy Surge|[of] p1a: Tapu Bulu\n|move|p2a: Excadrill|Rapid Spin|p1a: Tapu Bulu\n|-damage|p1a: Tapu Bulu|58\/100\n|-boost|p2a: Excadrill|spe|1\n|-sideend|p2: TheonReekGreyjoy|Stealth Rock|[from] move: Rapid Spin|[of] p2a: Excadrill\n|\n|-weather|RainDance|[upkeep]\n|-heal|p1a: Tapu Bulu|64\/100|[from] Grassy Terrain\n|upkeep\n|turn|15\n|\n|t:|1657530066\n|switch|p2a: Amoonguss|Amoonguss, M|100\/100\n|move|p1a: Tapu Bulu|High Horsepower|p2a: Amoonguss\n|-damage|p2a: Amoonguss|76\/100\n|\n|-weather|RainDance|[upkeep]\n|-heal|p1a: Tapu Bulu|70\/100|[from] Grassy Terrain\n|-heal|p2a: Amoonguss|82\/100|[from] Grassy Terrain\n|upkeep\n|turn|16\n|\n|t:|1657530077\n|switch|p1a: Chansey|Chansey, F|94\/100\n|-damage|p1a: Chansey|82\/100|[from] Stealth Rock\n|move|p2a: Amoonguss|Spore|p1a: Chansey\n|-status|p1a: Chansey|slp|[from] move: Spore\n|\n|-weather|RainDance|[upkeep]\n|-heal|p1a: Chansey|88\/100 slp|[from] Grassy Terrain\n|-heal|p2a: Amoonguss|88\/100|[from] Grassy Terrain\n|upkeep\n|turn|17\n|\n|t:|1657530081\n|-curestatus|p1a: Chansey|slp|[from] ability: Natural Cure\n|switch|p1a: Rotom|Rotom-Wash|88\/100\n|-damage|p1a: Rotom|75\/100|[from] Stealth Rock\n|switch|p2a: Blastoise|Blastoise, F|100\/100\n|\n|-weather|none\n|upkeep\n|turn|18\n|\n|t:|1657530090\n|switch|p2a: Amoonguss|Amoonguss, M|100\/100\n|move|p1a: Rotom|Trick|p2a: Amoonguss\n|-activate|p1a: Rotom|move: Trick|[of] p2a: Amoonguss\n|-item|p2a: Amoonguss|Choice Scarf|[from] move: Trick\n|-enditem|p1a: Rotom|Choice Scarf|[silent]|[from] move: Trick\n|\n|-fieldend|move: Grassy Terrain\n|upkeep\n|turn|19\n|\n|t:|1657530097\n|move|p1a: Rotom|Defog|p2a: Amoonguss\n|-unboost|p2a: Amoonguss|evasion|1\n|-sideend|p1: Skelmi 64|Stealth Rock|[from] move: Defog|[of] p1a: Rotom\n|move|p2a: Amoonguss|Sludge Bomb|p1a: Rotom\n|-damage|p1a: Rotom|47\/100\n|\n|upkeep\n|turn|20\n|\n|t:|1657530110\n|switch|p2a: Excadrill|Excadrill, F|100\/100\n|-ability|p2a: Excadrill|Mold Breaker\n|move|p1a: Rotom|Volt Switch|p2a: Excadrill\n|-immune|p2a: Excadrill\n|\n|upkeep\n|turn|21\n|\n|t:|1657530114\n|move|p1a: Rotom|Hydro Pump|p2a: Excadrill\n|-supereffective|p2a: Excadrill\n|-damage|p2a: Excadrill|45\/100\n|move|p2a: Excadrill|Earthquake|p1a: Rotom\n|-supereffective|p1a: Rotom\n|-damage|p1a: Rotom|0 fnt\n|faint|p1a: Rotom\n|\n|-heal|p2a: Excadrill|51\/100|[from] item: Leftovers\n|upkeep\n|\n|t:|1657530127\n|switch|p1a: Nidoking|Nidoking, M|100\/100\n|turn|22\n|\n|t:|1657530136\n|switch|p2a: Politoed|Politoed, F|100\/100\n|-weather|RainDance|[from] ability: Drizzle|[of] p2a: Politoed\n|move|p1a: Nidoking|Substitute|p1a: Nidoking\n|-start|p1a: Nidoking|Substitute\n|-damage|p1a: Nidoking|76\/100\n|\n|-weather|RainDance|[upkeep]\n|upkeep\n|turn|23\n|\n|t:|1657530143\n|move|p1a: Nidoking|Sludge Wave|p2a: Politoed\n|-damage|p2a: Politoed|30\/100\n|move|p2a: Politoed|Scald|p1a: Nidoking\n|-supereffective|p1a: Nidoking\n|-end|p1a: Nidoking|Substitute\n|\n|-weather|RainDance|[upkeep]\n|upkeep\n|turn|24\n|\n|t:|1657530150\n|switch|p2a: Thundurus|Thundurus-Therian, M|100\/100\n|move|p1a: Nidoking|Earth Power|p2a: Thundurus\n|-immune|p2a: Thundurus\n|\n|-weather|RainDance|[upkeep]\n|upkeep\n|turn|25\n|\n|t:|1657530157\n|move|p2a: Thundurus|Weather Ball|p1a: Nidoking\n|-supereffective|p1a: Nidoking\n|-damage|p1a: Nidoking|0 fnt\n|faint|p1a: Nidoking\n|\n|-weather|RainDance|[upkeep]\n|upkeep\n|\n|t:|1657530163\n|switch|p1a: Chansey|Chansey, F|88\/100\n|turn|26\n|\n|t:|1657530176\n|switch|p2a: Excadrill|Excadrill, F|51\/100\n|-ability|p2a: Excadrill|Mold Breaker\n|move|p1a: Chansey|Teleport|p1a: Chansey\n|\n|t:|1657530179\n|switch|p1a: Tapu Bulu|Tapu Bulu|70\/100|[from]move: Teleport\n|-fieldstart|move: Grassy Terrain|[from] ability: Grassy Surge|[of] p1a: Tapu Bulu\n|\n|-weather|RainDance|[upkeep]\n|-heal|p1a: Tapu Bulu|76\/100|[from] Grassy Terrain\n|-heal|p2a: Excadrill|57\/100|[from] Grassy Terrain\n|-heal|p2a: Excadrill|64\/100|[from] item: Leftovers\n|upkeep\n|turn|27\n|\n|t:|1657530197\n|switch|p2a: Amoonguss|Amoonguss, M|100\/100\n|move|p1a: Tapu Bulu|Horn Leech|p2a: Amoonguss\n|-resisted|p2a: Amoonguss\n|-damage|p2a: Amoonguss|91\/100\n|-heal|p1a: Tapu Bulu|83\/100|[from] drain|[of] p2a: Amoonguss\n|\n|-weather|RainDance|[upkeep]\n|-heal|p1a: Tapu Bulu|89\/100|[from] Grassy Terrain\n|-heal|p2a: Amoonguss|97\/100|[from] Grassy Terrain\n|upkeep\n|turn|28\n|\n|t:|1657530214\n|switch|p1a: Scizor|Scizor, M|100\/100\n|move|p2a: Amoonguss|Sludge Bomb|p1a: Scizor\n|-immune|p1a: Scizor\n|\n|-weather|RainDance|[upkeep]\n|-heal|p2a: Amoonguss|100\/100|[from] Grassy Terrain\n|upkeep\n|turn|29\n|\n|t:|1657530225\n|switch|p2a: Kingdra|Kingdra, M|100\/100\n|move|p1a: Scizor|U-turn|p2a: Kingdra\n|-damage|p2a: Kingdra|64\/100\n|\n|t:|1657530232\n|switch|p1a: Tapu Bulu|Tapu Bulu|89\/100|[from]move: U-turn\n|\n|-weather|none\n|-heal|p2a: Kingdra|71\/100|[from] Grassy Terrain\n|-heal|p1a: Tapu Bulu|96\/100|[from] Grassy Terrain\n|upkeep\n|turn|30\n|\n|t:|1657530239\n|move|p1a: Tapu Bulu|Horn Leech|p2a: Kingdra\n|-damage|p2a: Kingdra|10\/100\n|-heal|p1a: Tapu Bulu|100\/100|[from] drain|[of] p2a: Kingdra\n|move|p2a: Kingdra|Flip Turn|p1a: Tapu Bulu\n|-resisted|p1a: Tapu Bulu\n|-damage|p1a: Tapu Bulu|92\/100\n|\n|t:|1657530254\n|switch|p2a: Thundurus|Thundurus-Therian, M|100\/100|[from]move: Flip Turn\n|\n|-heal|p1a: Tapu Bulu|98\/100|[from] Grassy Terrain\n|-fieldend|move: Grassy Terrain\n|upkeep\n|turn|31\n|\n|t:|1657530264\n|switch|p1a: Chansey|Chansey, F|88\/100\n|move|p2a: Thundurus|Nasty Plot|p2a: Thundurus\n|-boost|p2a: Thundurus|spa|2\n|\n|upkeep\n|turn|32\n|\n|t:|1657530278\n|move|p2a: Thundurus|Focus Blast|p1a: Chansey\n|-supereffective|p1a: Chansey\n|-damage|p1a: Chansey|37\/100\n|move|p1a: Chansey|Seismic Toss|p2a: Thundurus\n|-damage|p2a: Thundurus|67\/100\n|\n|upkeep\n|turn|33\n|\n|t:|1657530284\n|move|p2a: Thundurus|Focus Blast|p1a: Chansey\n|-supereffective|p1a: Chansey\n|-damage|p1a: Chansey|0 fnt\n|faint|p1a: Chansey\n|\n|upkeep\n|c|\u2606Skelmi 64|lmao\n|j| ajisawesome222\n|c|\u2606Skelmi 64|never miss\n|\n|t:|1657530298\n|switch|p1a: Tapu Bulu|Tapu Bulu|98\/100\n|-fieldstart|move: Grassy Terrain|[from] ability: Grassy Surge|[of] p1a: Tapu Bulu\n|turn|34\n|\n|t:|1657530312\n|switch|p2a: Amoonguss|Amoonguss, M|100\/100\n|move|p1a: Tapu Bulu|Stone Edge|p2a: Amoonguss\n|-damage|p2a: Amoonguss|77\/100\n|\n|-heal|p1a: Tapu Bulu|100\/100|[from] Grassy Terrain\n|-heal|p2a: Amoonguss|83\/100|[from] Grassy Terrain\n|upkeep\n|turn|35\n|\n|t:|1657530318\n|switch|p1a: Scizor|Scizor, M|100\/100\n|switch|p2a: Politoed|Politoed, F|30\/100\n|-weather|RainDance|[from] ability: Drizzle|[of] p2a: Politoed\n|\n|-weather|RainDance|[upkeep]\n|-heal|p2a: Politoed|36\/100|[from] Grassy Terrain\n|upkeep\n|turn|36\n|\n|t:|1657530325\n|move|p2a: Politoed|Scald|p1a: Scizor\n|-damage|p1a: Scizor|45\/100\n|-status|p1a: Scizor|brn\n|move|p1a: Scizor|U-turn|p2a: Politoed\n|-damage|p2a: Politoed|15\/100\n|\n|t:|1657530331\n|switch|p1a: Tapu Bulu|Tapu Bulu|100\/100|[from]move: U-turn\n|\n|-weather|RainDance|[upkeep]\n|-heal|p2a: Politoed|21\/100|[from] Grassy Terrain\n|upkeep\n|turn|37\n|\n|t:|1657530338\n|move|p1a: Tapu Bulu|Wood Hammer|p2a: Politoed\n|-supereffective|p2a: Politoed\n|-crit|p2a: Politoed\n|-damage|p2a: Politoed|0 fnt\n|faint|p2a: Politoed\n|-damage|p1a: Tapu Bulu|93\/100|[from] Recoil\n|\n|-weather|RainDance|[upkeep]\n|-heal|p1a: Tapu Bulu|99\/100|[from] Grassy Terrain\n|upkeep\n|\n|t:|1657530345\n|switch|p2a: Kingdra|Kingdra, M|10\/100\n|turn|38\n|\n|t:|1657530349\n|switch|p1a: Scizor|Scizor, M|45\/100 brn\n|move|p2a: Kingdra|Hurricane|p1a: Scizor\n|-damage|p1a: Scizor|0 fnt\n|faint|p1a: Scizor\n|\n|-weather|RainDance|[upkeep]\n|-heal|p2a: Kingdra|16\/100|[from] Grassy Terrain\n|-fieldend|move: Grassy Terrain\n|upkeep\n|\n|t:|1657530352\n|switch|p1a: Tapu Bulu|Tapu Bulu|99\/100\n|-fieldstart|move: Grassy Terrain|[from] ability: Grassy Surge|[of] p1a: Tapu Bulu\n|turn|39\n|\n|t:|1657530360\n|move|p2a: Kingdra|Hurricane|p1a: Tapu Bulu\n|-supereffective|p1a: Tapu Bulu\n|-damage|p1a: Tapu Bulu|0 fnt\n|faint|p1a: Tapu Bulu\n|\n|win|TheonReekGreyjoy\n|raw|Skelmi 64's rating: 1343 &rarr; <strong>1333<\/strong><br \/>(-10 for losing)\n|raw|TheonReekGreyjoy's rating: 1544 &rarr; <strong>1554<\/strong><br \/>(+10 for winning)\n|l|\u2606Skelmi 64\n|l| ajisawesome222\n||Ladder isn't responding, score probably updated but might not have (Request timeout).\n","uploadtime":1657530368,"views":11,"p1id":"skelmi64","p2id":"theonreekgreyjoy","formatid":"gen8uu","rating":1333,"private":0,"password":null}