{"id":"gen8ou-1706096561","p1":"Foolish Shogun","p2":"minimax_ai","format":"gen8ou","log":"|j|\u2606Foolish Shogun\n|j|\u2606minimax_ai\n|t:|1667947083\n|gametype|singles\n|player|p1|Foolish Shogun|ghetsis-gen5bw|1714\n|player|p2|minimax_ai|169|1693\n|teamsize|p1|6\n|teamsize|p2|6\n|gen|8\n|tier|[Gen 8] OU\n|rated|\n|rule|Sleep Clause Mod: Limit one foe put to sleep\n|rule|Species Clause: Limit one of each Pok\u00e9mon\n|rule|OHKO Clause: OHKO moves are banned\n|rule|Evasion Items Clause: Evasion items are banned\n|rule|Evasion Moves Clause: Evasion moves are banned\n|rule|Endless Battle Clause: Forcing endless battles is banned\n|rule|HP Percentage Mod: HP is shown in percentages\n|rule|Dynamax Clause: You cannot dynamax\n|clearpoke\n|poke|p1|Celesteela|\n|poke|p1|Weavile, M|\n|poke|p1|Mew|\n|poke|p1|Garchomp, M|\n|poke|p1|Blacephalon|\n|poke|p1|Azumarill, F|\n|poke|p2|Rotom-Wash|\n|poke|p2|Weavile, F|\n|poke|p2|Landorus-Therian, M|\n|poke|p2|Heatran, M|\n|poke|p2|Tangrowth, F|\n|poke|p2|Melmetal|\n|teampreview\n|j| Kurai1\n|c|\u2606minimax_ai|hf\n|inactive|Battle timer is ON: inactive players will automatically lose when time's up. (requested by minimax_ai)\n|\n|t:|1667947092\n|start\n|switch|p1a: Mew|Mew|100\/100\n|switch|p2a: Melmetal|Melmetal|100\/100\n|turn|1\n|\n|t:|1667947094\n|move|p1a: Mew|Stealth Rock|p2a: Melmetal\n|-sidestart|p2: minimax_ai|move: Stealth Rock\n|move|p2a: Melmetal|Double Iron Bash|p1a: Mew\n|-damage|p1a: Mew|64\/100\n|-damage|p1a: Mew|29\/100\n|-hitcount|p1a: Mew|2\n|\n|upkeep\n|turn|2\n|\n|t:|1667947098\n|move|p1a: Mew|Spikes|p2a: Melmetal\n|-sidestart|p2: minimax_ai|Spikes\n|move|p2a: Melmetal|Double Iron Bash|p1a: Mew\n|-damage|p1a: Mew|0 fnt\n|faint|p1a: Mew\n|-hitcount|p1: Mew|1\n|\n|upkeep\n|\n|t:|1667947106\n|switch|p1a: Blacephalon|Blacephalon|100\/100\n|turn|3\n|\n|t:|1667947108\n|move|p1a: Blacephalon|Overheat|p2a: Melmetal|[miss]\n|-miss|p1a: Blacephalon|p2a: Melmetal\n|move|p2a: Melmetal|Earthquake|p1a: Blacephalon\n|-supereffective|p1a: Blacephalon\n|-damage|p1a: Blacephalon|0 fnt\n|faint|p1a: Blacephalon\n|\n|upkeep\n|\n|t:|1667947120\n|switch|p1a: Garchomp|Garchomp, M|100\/100\n|turn|4\n|\n|t:|1667947122\n|move|p1a: Garchomp|Earthquake|p2a: Melmetal\n|-supereffective|p2a: Melmetal\n|-damage|p2a: Melmetal|20\/100\n|-damage|p1a: Garchomp|91\/100|[from] item: Life Orb\n|move|p2a: Melmetal|Ice Punch|p1a: Garchomp\n|-supereffective|p1a: Garchomp\n|-damage|p1a: Garchomp|0 fnt\n|-damage|p2a: Melmetal|8\/100|[from] ability: Rough Skin|[of] p1a: Garchomp\n|faint|p1a: Garchomp\n|\n|upkeep\n|\n|t:|1667947137\n|switch|p1a: Azumarill|Azumarill, F|100\/100\n|turn|5\n|\n|t:|1667947138\n|switch|p2a: Tangrowth|Tangrowth, F|100\/100\n|-damage|p2a: Tangrowth|88\/100|[from] Stealth Rock\n|-damage|p2a: Tangrowth|76\/100|[from] Spikes\n|move|p1a: Azumarill|Aqua Jet|p2a: Tangrowth\n|-resisted|p2a: Tangrowth\n|-damage|p2a: Tangrowth|69\/100\n|-damage|p1a: Azumarill|84\/100|[from] item: Rocky Helmet|[of] p2a: Tangrowth\n|\n|upkeep\n|turn|6\n|\n|t:|1667947156\n|switch|p2a: rotomwash|Rotom-Wash|100\/100\n|-damage|p2a: rotomwash|88\/100|[from] Stealth Rock\n|move|p1a: Azumarill|Knock Off|p2a: rotomwash\n|-damage|p2a: rotomwash|46\/100\n|-enditem|p2a: rotomwash|Leftovers|[from] move: Knock Off|[of] p1a: Azumarill\n|\n|upkeep\n|turn|7\n|\n|t:|1667947162\n|move|p2a: rotomwash|Thunderbolt|p1a: Azumarill\n|-supereffective|p1a: Azumarill\n|-damage|p1a: Azumarill|0 fnt\n|faint|p1a: Azumarill\n|\n|upkeep\n|\n|t:|1667947166\n|switch|p1a: Weavile|Weavile, M|100\/100\n|-ability|p1a: Weavile|Pressure\n|turn|8\n|\n|t:|1667947169\n|switch|p2a: Melmetal|Melmetal|8\/100\n|-damage|p2a: Melmetal|2\/100|[from] Stealth Rock\n|-damage|p2a: Melmetal|0 fnt|[from] Spikes\n|faint|p2a: Melmetal\n|move|p1a: Weavile|Knock Off|p2: Melmetal|[notarget]\n|-fail|p1a: Weavile\n|\n|upkeep\n|\n|t:|1667947169\n|switch|p2a: Heatran|Heatran, M|100\/100\n|-damage|p2a: Heatran|88\/100|[from] Stealth Rock\n|-item|p2a: Heatran|Air Balloon\n|turn|9\n|\n|t:|1667947172\n|move|p1a: Weavile|Knock Off|p2a: Heatran\n|-damage|p2a: Heatran|17\/100\n|-enditem|p2a: Heatran|Air Balloon\n|-damage|p1a: Weavile|91\/100|[from] item: Life Orb\n|move|p2a: Heatran|Eruption|p1a: Weavile\n|-supereffective|p1a: Weavile\n|-damage|p1a: Weavile|56\/100\n|\n|upkeep\n|turn|10\n|\n|t:|1667947188\n|move|p1a: Weavile|Knock Off|p2a: Heatran\n|-damage|p2a: Heatran|0 fnt\n|faint|p2a: Heatran\n|-damage|p1a: Weavile|46\/100|[from] item: Life Orb\n|\n|upkeep\n|\n|t:|1667947188\n|switch|p2a: Weavile|Weavile, F|100\/100\n|-damage|p2a: Weavile|76\/100|[from] Stealth Rock\n|-damage|p2a: Weavile|63\/100|[from] Spikes\n|-ability|p2a: Weavile|Pressure\n|turn|11\n|\n|t:|1667947191\n|move|p2a: Weavile|Triple Axel|p1a: Weavile\n|-resisted|p1a: Weavile\n|-damage|p1a: Weavile|34\/100\n|-resisted|p1a: Weavile\n|-damage|p1a: Weavile|8\/100\n|-resisted|p1a: Weavile\n|-damage|p1a: Weavile|0 fnt\n|faint|p1a: Weavile\n|-hitcount|p1: Weavile|3\n|\n|upkeep\n|\n|t:|1667947194\n|switch|p1a: Celesteela|Celesteela, shiny|100\/100\n|turn|12\n|\n|t:|1667947199\n|switch|p2a: rotomwash|Rotom-Wash|46\/100\n|-damage|p2a: rotomwash|34\/100|[from] Stealth Rock\n|move|p1a: Celesteela|Autotomize|p1a: Celesteela\n|-boost|p1a: Celesteela|spe|2\n|-start|p1a: Celesteela|Autotomize\n|\n|upkeep\n|turn|13\n|\n|t:|1667947201\n|move|p1a: Celesteela|Meteor Beam||[still]\n|-prepare|p1a: Celesteela|Meteor Beam\n|-boost|p1a: Celesteela|spa|1\n|-enditem|p1a: Celesteela|Power Herb\n|-anim|p1a: Celesteela|Meteor Beam|p2a: rotomwash\n|-damage|p2a: rotomwash|0 fnt\n|faint|p2a: rotomwash\n|-ability|p1a: Celesteela|Beast Boost|boost\n|-boost|p1a: Celesteela|spa|1\n|\n|upkeep\n|\n|t:|1667947201\n|switch|p2a: landorustherian|Landorus-Therian, M|100\/100\n|-damage|p2a: landorustherian|88\/100|[from] Stealth Rock\n|-ability|p2a: landorustherian|Intimidate|boost\n|-unboost|p1a: Celesteela|atk|1\n|turn|14\n|\n|t:|1667947203\n|switch|p2a: Weavile|Weavile, F|63\/100\n|-damage|p2a: Weavile|38\/100|[from] Stealth Rock\n|-damage|p2a: Weavile|26\/100|[from] Spikes\n|-ability|p2a: Weavile|Pressure\n|move|p1a: Celesteela|Air Slash|p2a: Weavile\n|-damage|p2a: Weavile|0 fnt\n|faint|p2a: Weavile\n|-ability|p1a: Celesteela|Beast Boost|boost\n|-boost|p1a: Celesteela|spa|1\n|\n|upkeep\n|\n|t:|1667947203\n|switch|p2a: landorustherian|Landorus-Therian, M|88\/100\n|-damage|p2a: landorustherian|76\/100|[from] Stealth Rock\n|-ability|p2a: landorustherian|Intimidate|boost\n|-unboost|p1a: Celesteela|atk|1\n|turn|15\n|\n|t:|1667947205\n|move|p1a: Celesteela|Air Slash|p2a: landorustherian\n|-damage|p2a: landorustherian|8\/100\n|move|p2a: landorustherian|Defog|p1a: Celesteela\n|-unboost|p1a: Celesteela|evasion|1\n|-sideend|p2: minimax_ai|Spikes|[from] move: Defog|[of] p2a: landorustherian\n|-sideend|p2: minimax_ai|Stealth Rock|[from] move: Defog|[of] p2a: landorustherian\n|\n|-heal|p2a: landorustherian|14\/100|[from] item: Leftovers\n|upkeep\n|turn|16\n|\n|t:|1667947208\n|move|p1a: Celesteela|Air Slash|p2a: landorustherian\n|-damage|p2a: landorustherian|0 fnt\n|faint|p2a: landorustherian\n|-ability|p1a: Celesteela|Beast Boost|boost\n|-boost|p1a: Celesteela|spa|1\n|\n|upkeep\n|\n|t:|1667947208\n|switch|p2a: Tangrowth|Tangrowth, F|100\/100\n|turn|17\n|\n|t:|1667947210\n|move|p1a: Celesteela|Flamethrower|p2a: Tangrowth\n|-supereffective|p2a: Tangrowth\n|-damage|p2a: Tangrowth|0 fnt\n|faint|p2a: Tangrowth\n|\n|win|Foolish Shogun\n|raw|Foolish Shogun's rating: 1714 &rarr; <strong>1733<\/strong><br \/>(+19 for winning)\n|raw|minimax_ai's rating: 1693 &rarr; <strong>1674<\/strong><br \/>(-19 for losing)\n|c|\u2606minimax_ai|gg\n","uploadtime":1667947212,"views":3,"p1id":"foolishshogun","p2id":"minimaxai","formatid":"gen8ou","rating":1674,"private":0,"password":null}