{"id":"gen8ou-1684572575","p1":"Shinjou Akane","p2":"Picklebackboyz","format":"gen8ou","log":"|html|<div class=\"broadcast-blue\"><strong>[Gen 8] OU is currently suspecting Melmetal! For information on how to participate check out the <a href=\"https:\/\/www.smogon.com\/forums\/threads\/np-ss-ou-suspect-process-round-12-monster-mash.3709234\/\">suspect thread<\/a>.<\/strong><\/div>\n|j|\u2606Shinjou Akane\n|j|\u2606Picklebackboyz\n|t:|1665650367\n|gametype|singles\n|player|p1|Shinjou Akane|may-masters3|1563\n|player|p2|Picklebackboyz|2|1612\n|teamsize|p1|6\n|teamsize|p2|6\n|gen|8\n|tier|[Gen 8] OU\n|rated|\n|rule|Sleep Clause Mod: Limit one foe put to sleep\n|rule|Species Clause: Limit one of each Pok\u00e9mon\n|rule|OHKO Clause: OHKO moves are banned\n|rule|Evasion Items Clause: Evasion items are banned\n|rule|Evasion Moves Clause: Evasion moves are banned\n|rule|Endless Battle Clause: Forcing endless battles is banned\n|rule|HP Percentage Mod: HP is shown in percentages\n|rule|Dynamax Clause: You cannot dynamax\n|clearpoke\n|poke|p1|Corviknight, M|\n|poke|p1|Garchomp, M|\n|poke|p1|Slowking-Galar, F|\n|poke|p1|Urshifu-*, F|\n|poke|p1|Zeraora|\n|poke|p1|Rillaboom, F|\n|poke|p2|Tyranitar, M|\n|poke|p2|Tapu Fini|\n|poke|p2|Heatran, F|\n|poke|p2|Corviknight, M|\n|poke|p2|Ninetales-Alola, F|\n|poke|p2|Landorus-Therian, M|\n|teampreview\n|\n|t:|1665650382\n|start\n|switch|p1a: Slowking|Slowking-Galar, F|100\/100\n|switch|p2a: Heatran|Heatran, F|100\/100\n|-item|p2a: Heatran|Air Balloon\n|turn|1\n|inactive|Battle timer is ON: inactive players will automatically lose when time's up. (requested by Picklebackboyz)\n|\n|t:|1665650394\n|move|p2a: Heatran|Stealth Rock|p1a: Slowking\n|-sidestart|p1: Shinjou Akane|move: Stealth Rock\n|move|p1a: Slowking|Scald|p2a: Heatran\n|-supereffective|p2a: Heatran\n|-damage|p2a: Heatran|50\/100\n|-enditem|p2a: Heatran|Air Balloon\n|\n|upkeep\n|turn|2\n|\n|t:|1665650402\n|move|p2a: Heatran|Magma Storm|p1a: Slowking\n|-damage|p1a: Slowking|78\/100\n|-activate|p1a: Slowking|move: Magma Storm|[of] p2a: Heatran\n|move|p1a: Slowking|Scald|p2a: Heatran\n|-supereffective|p2a: Heatran\n|-damage|p2a: Heatran|6\/100\n|\n|-damage|p1a: Slowking|65\/100|[from] move: Magma Storm|[partiallytrapped]\n|upkeep\n|turn|3\n|\n|t:|1665650413\n|move|p2a: Heatran|Earth Power|p1a: Slowking\n|-supereffective|p1a: Slowking\n|-damage|p1a: Slowking|34\/100\n|move|p1a: Slowking|Scald|p2a: Heatran\n|-supereffective|p2a: Heatran\n|-damage|p2a: Heatran|0 fnt\n|faint|p2a: Heatran\n|\n|-end|p1a: Slowking|Magma Storm|[partiallytrapped]|[silent]\n|upkeep\n|\n|t:|1665650429\n|switch|p2a: Tyranitar|Tyranitar, M|100\/100\n|-weather|Sandstorm|[from] ability: Sand Stream|[of] p2a: Tyranitar\n|turn|4\n|\n|t:|1665650442\n|switch|p1a: Corviknight|Corviknight, M, shiny|100\/100\n|-damage|p1a: Corviknight|88\/100|[from] Stealth Rock\n|-ability|p1a: Corviknight|Pressure\n|move|p2a: Tyranitar|Fire Punch|p1a: Corviknight\n|-supereffective|p1a: Corviknight\n|-damage|p1a: Corviknight|34\/100\n|-damage|p2a: Tyranitar|84\/100|[from] item: Rocky Helmet|[of] p1a: Corviknight\n|\n|-weather|Sandstorm|[upkeep]\n|upkeep\n|turn|5\n|inactive|Picklebackboyz has 120 seconds left.\n|\n|t:|1665650462\n|switch|p2a: Tapu Fini|Tapu Fini|100\/100\n|-fieldstart|move: Misty Terrain|[from] ability: Misty Surge|[of] p2a: Tapu Fini\n|move|p1a: Corviknight|Roost|p1a: Corviknight\n|-heal|p1a: Corviknight|84\/100\n|-singleturn|p1a: Corviknight|move: Roost\n|\n|-weather|Sandstorm|[upkeep]\n|-damage|p2a: Tapu Fini|94\/100|[from] Sandstorm\n|-heal|p2a: Tapu Fini|100\/100|[from] item: Leftovers\n|upkeep\n|turn|6\n|inactive|Picklebackboyz has 120 seconds left.\n|\n|t:|1665650475\n|move|p2a: Tapu Fini|Taunt|p1a: Corviknight\n|-start|p1a: Corviknight|move: Taunt\n|cant|p1a: Corviknight|move: Taunt|Defog\n|\n|-weather|Sandstorm|[upkeep]\n|-damage|p2a: Tapu Fini|94\/100|[from] Sandstorm\n|-heal|p2a: Tapu Fini|100\/100|[from] item: Leftovers\n|upkeep\n|turn|7\n|inactive|Picklebackboyz has 120 seconds left.\n|\n|t:|1665650488\n|move|p2a: Tapu Fini|Scald|p1a: Corviknight\n|-crit|p1a: Corviknight\n|-damage|p1a: Corviknight|45\/100\n|move|p1a: Corviknight|U-turn|p2a: Tapu Fini\n|-resisted|p2a: Tapu Fini\n|-damage|p2a: Tapu Fini|96\/100\n|\n|t:|1665650496\n|switch|p1a: Zeraora|Zeraora|100\/100|[from]move: U-turn\n|\n|-weather|Sandstorm|[upkeep]\n|-damage|p1a: Zeraora|95\/100|[from] Sandstorm\n|-damage|p2a: Tapu Fini|89\/100|[from] Sandstorm\n|-heal|p2a: Tapu Fini|96\/100|[from] item: Leftovers\n|upkeep\n|turn|8\n|inactive|Picklebackboyz has 120 seconds left.\n|\n|t:|1665650529\n|move|p1a: Zeraora|Knock Off|p2a: Tapu Fini\n|-resisted|p2a: Tapu Fini\n|-damage|p2a: Tapu Fini|85\/100\n|-enditem|p2a: Tapu Fini|Leftovers|[from] move: Knock Off|[of] p1a: Zeraora\n|move|p2a: Tapu Fini|Moonblast|p1a: Zeraora\n|-crit|p1a: Zeraora\n|-damage|p1a: Zeraora|38\/100\n|\n|-weather|none\n|upkeep\n|turn|9\n|\n|t:|1665650539\n|switch|p2a: Landorus|Landorus-Therian, M|100\/100\n|-ability|p2a: Landorus|Intimidate|boost\n|-unboost|p1a: Zeraora|atk|1\n|move|p1a: Zeraora|Plasma Fists|p2a: Landorus\n|-immune|p2a: Landorus\n|\n|-fieldend|Misty Terrain\n|upkeep\n|turn|10\n|\n|t:|1665650562\n|switch|p1a: Corviknight|Corviknight, M, shiny|45\/100\n|-damage|p1a: Corviknight|32\/100|[from] Stealth Rock\n|-ability|p1a: Corviknight|Pressure\n|move|p2a: Landorus|Earthquake|p1a: Corviknight\n|-immune|p1a: Corviknight\n|\n|upkeep\n|turn|11\n|\n|t:|1665650571\n|move|p2a: Landorus|Substitute|p2a: Landorus\n|-start|p2a: Landorus|Substitute\n|-damage|p2a: Landorus|76\/100\n|move|p1a: Corviknight|Roost|p1a: Corviknight\n|-heal|p1a: Corviknight|82\/100\n|-singleturn|p1a: Corviknight|move: Roost\n|\n|-heal|p2a: Landorus|82\/100|[from] item: Leftovers\n|upkeep\n|turn|12\n|\n|t:|1665650581\n|move|p2a: Landorus|Bulk Up|p2a: Landorus\n|-boost|p2a: Landorus|atk|1\n|-boost|p2a: Landorus|def|1\n|move|p1a: Corviknight|Defog|p2a: Landorus\n|-sideend|p1: Shinjou Akane|Stealth Rock|[from] move: Defog|[of] p1a: Corviknight\n|\n|-heal|p2a: Landorus|88\/100|[from] item: Leftovers\n|upkeep\n|turn|13\n|\n|t:|1665650589\n|move|p2a: Landorus|Bulk Up|p2a: Landorus\n|-boost|p2a: Landorus|atk|1\n|-boost|p2a: Landorus|def|1\n|move|p1a: Corviknight|U-turn|p2a: Landorus\n|-resisted|p2a: Landorus\n|-activate|p2a: Landorus|move: Substitute|[damage]\n|\n|t:|1665650592\n|switch|p1a: Urshifu|Urshifu-Rapid-Strike, F|100\/100|[from]move: U-turn\n|\n|-heal|p2a: Landorus|94\/100|[from] item: Leftovers\n|upkeep\n|turn|14\n|\n|t:|1665650609\n|switch|p2a: Tapu Fini|Tapu Fini|85\/100\n|-fieldstart|move: Misty Terrain|[from] ability: Misty Surge|[of] p2a: Tapu Fini\n|move|p1a: Urshifu|Surging Strikes|p2a: Tapu Fini\n|-resisted|p2a: Tapu Fini\n|-crit|p2a: Tapu Fini\n|-damage|p2a: Tapu Fini|75\/100\n|-resisted|p2a: Tapu Fini\n|-crit|p2a: Tapu Fini\n|-damage|p2a: Tapu Fini|64\/100\n|-resisted|p2a: Tapu Fini\n|-crit|p2a: Tapu Fini\n|-damage|p2a: Tapu Fini|54\/100\n|-hitcount|p2a: Tapu Fini|3\n|\n|upkeep\n|turn|15\n|\n|t:|1665650625\n|switch|p1a: Slowking|Slowking-Galar, F|68\/100\n|move|p2a: Tapu Fini|Moonblast|p1a: Slowking\n|-resisted|p1a: Slowking\n|-damage|p1a: Slowking|60\/100\n|-unboost|p1a: Slowking|spa|1\n|\n|upkeep\n|turn|16\n|\n|t:|1665650642\n|switch|p2a: Corviknight|Corviknight, M|100\/100\n|-ability|p2a: Corviknight|Pressure\n|move|p1a: Slowking|Future Sight|p2a: Corviknight\n|-start|p1a: Slowking|move: Future Sight\n|\n|upkeep\n|turn|17\n|\n|t:|1665650648\n|move|p2a: Corviknight|U-turn|p1a: Slowking\n|-damage|p1a: Slowking|45\/100\n|\n|t:|1665650655\n|switch|p2a: Tyranitar|Tyranitar, M|84\/100|[from]move: U-turn\n|-weather|Sandstorm|[from] ability: Sand Stream|[of] p2a: Tyranitar\n|move|p1a: Slowking|Flamethrower|p2a: Tyranitar\n|-resisted|p2a: Tyranitar\n|-damage|p2a: Tyranitar|78\/100\n|\n|-weather|Sandstorm|[upkeep]\n|-damage|p1a: Slowking|39\/100|[from] Sandstorm\n|upkeep\n|turn|18\n|\n|t:|1665650672\n|switch|p1a: Urshifu|Urshifu-Rapid-Strike, F|100\/100\n|move|p2a: Tyranitar|Crunch|p1a: Urshifu\n|-resisted|p1a: Urshifu\n|-damage|p1a: Urshifu|64\/100\n|\n|-weather|Sandstorm|[upkeep]\n|-damage|p1a: Urshifu|58\/100|[from] Sandstorm\n|-end|p2a: Tyranitar|move: Future Sight\n|-immune|p2a: Tyranitar\n|-fieldend|Misty Terrain\n|upkeep\n|turn|19\n|inactive|Picklebackboyz has 90 seconds left.\n|\n|t:|1665650702\n|switch|p2a: Corviknight|Corviknight, M|100\/100\n|-ability|p2a: Corviknight|Pressure\n|move|p1a: Urshifu|Close Combat|p2a: Corviknight\n|-damage|p2a: Corviknight|44\/100\n|-unboost|p1a: Urshifu|def|1\n|-unboost|p1a: Urshifu|spd|1\n|\n|-weather|Sandstorm|[upkeep]\n|-damage|p1a: Urshifu|52\/100|[from] Sandstorm\n|upkeep\n|turn|20\n|\n|t:|1665650713\n|switch|p2a: Landorus|Landorus-Therian, M|94\/100\n|-ability|p2a: Landorus|Intimidate|boost\n|-unboost|p1a: Urshifu|atk|1\n|move|p1a: Urshifu|Close Combat|p2a: Landorus\n|-resisted|p2a: Landorus\n|-damage|p2a: Landorus|71\/100\n|-unboost|p1a: Urshifu|def|1\n|-unboost|p1a: Urshifu|spd|1\n|\n|-weather|Sandstorm|[upkeep]\n|-damage|p1a: Urshifu|46\/100|[from] Sandstorm\n|-heal|p2a: Landorus|77\/100|[from] item: Leftovers\n|upkeep\n|turn|21\n|j| kitahara haruki\n|inactive|Picklebackboyz has 60 seconds left.\n|\n|t:|1665650743\n|switch|p1a: Garchomp|Garchomp, M|100\/100\n|move|p2a: Landorus|Earthquake|p1a: Garchomp\n|-damage|p1a: Garchomp|64\/100\n|\n|-weather|none\n|-heal|p1a: Garchomp|70\/100|[from] item: Leftovers\n|-heal|p2a: Landorus|83\/100|[from] item: Leftovers\n|upkeep\n|turn|22\n|inactive|Picklebackboyz has 60 seconds left.\n|\n|t:|1665650756\n|switch|p2a: Corviknight|Corviknight, M|44\/100\n|-ability|p2a: Corviknight|Pressure\n|move|p1a: Garchomp|Stealth Rock|p2a: Corviknight\n|-sidestart|p2: Picklebackboyz|move: Stealth Rock\n|\n|-heal|p1a: Garchomp|76\/100|[from] item: Leftovers\n|upkeep\n|turn|23\n|\n|t:|1665650765\n|switch|p1a: Zeraora|Zeraora|38\/100\n|move|p2a: Corviknight|Roost|p2a: Corviknight\n|-heal|p2a: Corviknight|94\/100\n|-singleturn|p2a: Corviknight|move: Roost\n|\n|upkeep\n|turn|24\n|inactive|Picklebackboyz has 60 seconds left.\n|\n|t:|1665650789\n|switch|p2a: Landorus|Landorus-Therian, M|83\/100\n|-damage|p2a: Landorus|71\/100|[from] Stealth Rock\n|-ability|p2a: Landorus|Intimidate|boost\n|-unboost|p1a: Zeraora|atk|1\n|move|p1a: Zeraora|Plasma Fists|p2a: Landorus\n|-immune|p2a: Landorus\n|\n|-heal|p2a: Landorus|77\/100|[from] item: Leftovers\n|upkeep\n|turn|25\n|inactive|Picklebackboyz has 60 seconds left.\n|\n|t:|1665650807\n|switch|p1a: Corviknight|Corviknight, M, shiny|82\/100\n|-ability|p1a: Corviknight|Pressure\n|move|p2a: Landorus|Earthquake|p1a: Corviknight\n|-immune|p1a: Corviknight\n|\n|-heal|p2a: Landorus|83\/100|[from] item: Leftovers\n|upkeep\n|turn|26\n|inactive|Picklebackboyz has 60 seconds left.\n|\n|t:|1665650816\n|move|p2a: Landorus|Gravity|p2a: Landorus\n|-fieldstart|move: Gravity\n|move|p1a: Corviknight|U-turn|p2a: Landorus\n|-resisted|p2a: Landorus\n|-damage|p2a: Landorus|77\/100\n|\n|t:|1665650821\n|switch|p1a: Urshifu|Urshifu-Rapid-Strike, F|46\/100|[from]move: U-turn\n|\n|-heal|p2a: Landorus|83\/100|[from] item: Leftovers\n|upkeep\n|turn|27\n|inactive|Picklebackboyz has 60 seconds left.\n|\n|t:|1665650843\n|move|p1a: Urshifu|Surging Strikes|p2a: Landorus\n|-supereffective|p2a: Landorus\n|-crit|p2a: Landorus\n|-damage|p2a: Landorus|41\/100\n|-supereffective|p2a: Landorus\n|-crit|p2a: Landorus\n|-damage|p2a: Landorus|0 fnt\n|faint|p2a: Landorus\n|-hitcount|p2: Landorus|2\n|\n|upkeep\n|\n|t:|1665650853\n|switch|p2a: Tapu Fini|Tapu Fini|54\/100\n|-damage|p2a: Tapu Fini|42\/100|[from] Stealth Rock\n|-fieldstart|move: Misty Terrain|[from] ability: Misty Surge|[of] p2a: Tapu Fini\n|turn|28\n|inactive|Picklebackboyz has 60 seconds left.\n|\n|t:|1665650861\n|switch|p1a: Slowking|Slowking-Galar, F|72\/100\n|move|p2a: Tapu Fini|Moonblast|p1a: Slowking\n|-resisted|p1a: Slowking\n|-damage|p1a: Slowking|65\/100\n|\n|upkeep\n|turn|29\n|\n|t:|1665650870\n|switch|p2a: Tyranitar|Tyranitar, M|78\/100\n|-damage|p2a: Tyranitar|65\/100|[from] Stealth Rock\n|-weather|Sandstorm|[from] ability: Sand Stream|[of] p2a: Tyranitar\n|move|p1a: Slowking|Scald|p2a: Tyranitar\n|-supereffective|p2a: Tyranitar\n|-damage|p2a: Tyranitar|34\/100\n|\n|-weather|Sandstorm|[upkeep]\n|-damage|p1a: Slowking|59\/100|[from] Sandstorm\n|upkeep\n|turn|30\n|\n|t:|1665650882\n|switch|p1a: Corviknight|Corviknight, M, shiny|82\/100\n|-ability|p1a: Corviknight|Pressure\n|move|p2a: Tyranitar|Crunch|p1a: Corviknight\n|-damage|p1a: Corviknight|39\/100\n|-damage|p2a: Tyranitar|18\/100|[from] item: Rocky Helmet|[of] p1a: Corviknight\n|\n|-weather|Sandstorm|[upkeep]\n|-fieldend|move: Gravity\n|upkeep\n|turn|31\n|\n|t:|1665650893\n|move|p2a: Tyranitar|Crunch|p1a: Corviknight\n|-damage|p1a: Corviknight|0 fnt\n|-damage|p2a: Tyranitar|1\/100|[from] item: Rocky Helmet|[of] p1a: Corviknight\n|faint|p1a: Corviknight\n|\n|-weather|Sandstorm|[upkeep]\n|upkeep\n|\n|t:|1665650898\n|switch|p1a: Zeraora|Zeraora|38\/100\n|turn|32\n|\n|t:|1665650902\n|move|p1a: Zeraora|Plasma Fists|p2a: Tyranitar\n|-damage|p2a: Tyranitar|0 fnt\n|-fieldactivate|move: Ion Deluge\n|-hint|Normal-type moves become Electric-type after using Plasma Fists.\n|faint|p2a: Tyranitar\n|\n|-weather|Sandstorm|[upkeep]\n|-damage|p1a: Zeraora|32\/100|[from] Sandstorm\n|-fieldend|Misty Terrain\n|upkeep\n|-message|Picklebackboyz forfeited.\n|\n|win|Shinjou Akane\n|raw|Shinjou Akane's rating: 1563 &rarr; <strong>1586<\/strong><br \/>(+23 for winning)\n|raw|Picklebackboyz's rating: 1612 &rarr; <strong>1589<\/strong><br \/>(-23 for losing)\n|l|\u2606Picklebackboyz\n","uploadtime":1665650919,"views":10,"p1id":"shinjouakane","p2id":"picklebackboyz","formatid":"gen8ou","rating":1586,"private":0,"password":null}