{"id":"gen8nationaldexuu-1670315174","p1":"DrakeIGuess","p2":"firepunch917","format":"gen8nationaldexuu","log":"|j|\u2606DrakeIGuess\n|j|\u2606firepunch917\n|t:|1663816004\n|gametype|singles\n|player|p1|DrakeIGuess|102|1301\n|player|p2|firepunch917|102|1473\n|teamsize|p1|6\n|teamsize|p2|6\n|gen|8\n|tier|[Gen 8] National Dex UU\n|rated|\n|rule|HP Percentage Mod: HP is shown in percentages\n|rule|Endless Battle Clause: Forcing endless battles is banned\n|rule|OHKO Clause: OHKO moves are banned\n|rule|Evasion Moves Clause: Evasion moves are banned\n|rule|Species Clause: Limit one of each Pok\u00e9mon\n|rule|Dynamax Clause: You cannot dynamax\n|rule|Sleep Clause Mod: Limit one foe put to sleep\n|clearpoke\n|poke|p1|Beedrill, M|\n|poke|p1|Hatterene, F|\n|poke|p1|Rotom-Wash|\n|poke|p1|Swampert, M|\n|poke|p1|Dragonite, M|\n|poke|p1|Keldeo-Resolute|\n|poke|p2|Beedrill, F|\n|poke|p2|Celesteela|\n|poke|p2|Hatterene, F|\n|poke|p2|Nidoking, M|\n|poke|p2|Rotom-Wash|\n|poke|p2|Tangrowth, F|\n|teampreview\n|inactive|Battle timer is ON: inactive players will automatically lose when time's up. (requested by DrakeIGuess)\n|inactive|firepunch917 has 120 seconds left.\n|c|\u2606DrakeIGuess|glhf\n|\n|t:|1663816063\n|start\n|switch|p1a: Beedrill|Beedrill, M|100\/100\n|switch|p2a: Beedrill|Beedrill, F|100\/100\n|turn|1\n|c|\u2606firepunch917|hf\n|\n|t:|1663816073\n|detailschange|p2a: Beedrill|Beedrill-Mega, F\n|-mega|p2a: Beedrill|Beedrill|Beedrillite\n|detailschange|p1a: Beedrill|Beedrill-Mega, M\n|-mega|p1a: Beedrill|Beedrill|Beedrillite\n|move|p1a: Beedrill|Knock Off|p2a: Beedrill\n|-damage|p2a: Beedrill|41\/100\n|move|p2a: Beedrill|U-turn|p1a: Beedrill\n|-resisted|p1a: Beedrill\n|-damage|p1a: Beedrill|34\/100\n|\n|t:|1663816080\n|switch|p2a: Celesteela|Celesteela|100\/100|[from]move: U-turn\n|\n|upkeep\n|turn|2\n|\n|t:|1663816083\n|move|p1a: Beedrill|U-turn|p2a: Celesteela\n|-resisted|p2a: Celesteela\n|-damage|p2a: Celesteela|89\/100\n|\n|t:|1663816088\n|switch|p1a: Swampert|Swampert, M, shiny|100\/100|[from]move: U-turn\n|move|p2a: Celesteela|Air Slash|p1a: Swampert\n|-damage|p1a: Swampert|83\/100\n|\n|-heal|p2a: Celesteela|95\/100|[from] item: Leftovers\n|-heal|p1a: Swampert|89\/100|[from] item: Leftovers\n|upkeep\n|turn|3\n|\n|t:|1663816090\n|switch|p2a: Rotom|Rotom-Wash|100\/100\n|move|p1a: Swampert|Flip Turn|p2a: Rotom\n|-resisted|p2a: Rotom\n|-damage|p2a: Rotom|88\/100\n|\n|t:|1663816093\n|switch|p1a: Beedrill|Beedrill-Mega, M|34\/100|[from]move: Flip Turn\n|\n|upkeep\n|turn|4\n|\n|t:|1663816096\n|move|p1a: Beedrill|U-turn|p2a: Rotom\n|-damage|p2a: Rotom|32\/100\n|\n|t:|1663816098\n|switch|p1a: Swampert|Swampert, M, shiny|89\/100|[from]move: U-turn\n|move|p2a: Rotom|Volt Switch|p1a: Swampert\n|-immune|p1a: Swampert\n|\n|-heal|p1a: Swampert|96\/100|[from] item: Leftovers\n|upkeep\n|turn|5\n|\n|t:|1663816105\n|move|p2a: Rotom|Pain Split|p1a: Swampert\n|-sethp|p1a: Swampert|60\/100|[from] move: Pain Split|[silent]\n|-sethp|p2a: Rotom|79\/100|[from] move: Pain Split\n|move|p1a: Swampert|Stealth Rock|p2a: Rotom\n|-sidestart|p2: firepunch917|move: Stealth Rock\n|\n|-heal|p1a: Swampert|66\/100|[from] item: Leftovers\n|upkeep\n|turn|6\n|\n|t:|1663816110\n|move|p2a: Rotom|Toxic|p1a: Swampert\n|-status|p1a: Swampert|tox\n|move|p1a: Swampert|Toxic|p2a: Rotom\n|-status|p2a: Rotom|tox\n|\n|-heal|p1a: Swampert|72\/100 tox|[from] item: Leftovers\n|-damage|p2a: Rotom|73\/100 tox|[from] psn\n|-damage|p1a: Swampert|66\/100 tox|[from] psn\n|upkeep\n|turn|7\n|\n|t:|1663816112\n|move|p2a: Rotom|Defog|p1a: Swampert\n|-unboost|p1a: Swampert|evasion|1\n|-sideend|p2: firepunch917|Stealth Rock|[from] move: Defog|[of] p2a: Rotom\n|move|p1a: Swampert|Flip Turn|p2a: Rotom\n|-resisted|p2a: Rotom\n|-damage|p2a: Rotom|61\/100 tox\n|\n|t:|1663816115\n|switch|p1a: Beedrill|Beedrill-Mega, M|34\/100|[from]move: Flip Turn\n|\n|-damage|p2a: Rotom|48\/100 tox|[from] psn\n|upkeep\n|turn|8\n|\n|t:|1663816117\n|move|p1a: Beedrill|U-turn|p2a: Rotom\n|-damage|p2a: Rotom|0 fnt\n|faint|p2a: Rotom\n|\n|t:|1663816126\n|switch|p1a: Dragonite|Dragonite, M, shiny|100\/100|[from]move: U-turn\n|\n|upkeep\n|\n|t:|1663816129\n|switch|p2a: Hatterene|Hatterene, F|100\/100\n|turn|9\n|\n|t:|1663816137\n|move|p1a: Dragonite|Dual Wingbeat|p2a: Hatterene\n|-damage|p2a: Hatterene|75\/100\n|-damage|p2a: Hatterene|50\/100\n|-hitcount|p2a: Hatterene|2\n|move|p2a: Hatterene|Psychic|p1a: Dragonite\n|-damage|p1a: Dragonite|74\/100\n|\n|upkeep\n|turn|10\n|\n|t:|1663816145\n|switch|p2a: Tangrowth|Tangrowth, F|100\/100\n|move|p1a: Dragonite|Dragon Dance|p1a: Dragonite\n|-boost|p1a: Dragonite|atk|1\n|-boost|p1a: Dragonite|spe|1\n|\n|upkeep\n|turn|11\n|\n|t:|1663816151\n|move|p1a: Dragonite|Dual Wingbeat|p2a: Tangrowth\n|-supereffective|p2a: Tangrowth\n|-damage|p2a: Tangrowth|66\/100\n|-damage|p1a: Dragonite|57\/100|[from] item: Rocky Helmet|[of] p2a: Tangrowth\n|-supereffective|p2a: Tangrowth\n|-damage|p2a: Tangrowth|31\/100\n|-damage|p1a: Dragonite|41\/100|[from] item: Rocky Helmet|[of] p2a: Tangrowth\n|-hitcount|p2a: Tangrowth|2\n|move|p2a: Tangrowth|Leech Seed|p1a: Dragonite\n|-start|p1a: Dragonite|move: Leech Seed\n|\n|-damage|p1a: Dragonite|29\/100|[from] Leech Seed|[of] p2a: Tangrowth\n|-heal|p2a: Tangrowth|41\/100|[silent]\n|upkeep\n|turn|12\n|\n|t:|1663816158\n|switch|p2a: Celesteela|Celesteela|95\/100\n|move|p1a: Dragonite|Roost|p1a: Dragonite\n|-heal|p1a: Dragonite|79\/100\n|-singleturn|p1a: Dragonite|move: Roost\n|\n|-heal|p2a: Celesteela|100\/100|[from] item: Leftovers\n|-damage|p1a: Dragonite|66\/100|[from] Leech Seed|[of] p2a: Celesteela\n|upkeep\n|turn|13\n|\n|t:|1663816164\n|switch|p1a: Swampert|Swampert, M, shiny|66\/100 tox\n|move|p2a: Celesteela|Air Slash|p1a: Swampert\n|-damage|p1a: Swampert|47\/100 tox\n|\n|-heal|p1a: Swampert|53\/100 tox|[from] item: Leftovers\n|-damage|p1a: Swampert|47\/100 tox|[from] psn\n|upkeep\n|turn|14\n|\n|t:|1663816169\n|switch|p2a: Hatterene|Hatterene, F|50\/100\n|move|p1a: Swampert|Flip Turn|p2a: Hatterene\n|-damage|p2a: Hatterene|26\/100\n|\n|t:|1663816171\n|switch|p1a: Beedrill|Beedrill-Mega, M|34\/100|[from]move: Flip Turn\n|\n|upkeep\n|turn|15\n|\n|t:|1663816175\n|switch|p2a: Celesteela|Celesteela|100\/100\n|move|p1a: Beedrill|U-turn|p2a: Celesteela\n|-resisted|p2a: Celesteela\n|-damage|p2a: Celesteela|90\/100\n|\n|t:|1663816187\n|switch|p1a: Rotom|Rotom-Wash, shiny|100\/100|[from]move: U-turn\n|\n|-heal|p2a: Celesteela|96\/100|[from] item: Leftovers\n|upkeep\n|turn|16\n|\n|t:|1663816192\n|move|p1a: Rotom|Hydro Pump|p2a: Celesteela|[miss]\n|-miss|p1a: Rotom|p2a: Celesteela\n|move|p2a: Celesteela|Leech Seed|p1a: Rotom\n|-start|p1a: Rotom|move: Leech Seed\n|\n|-heal|p2a: Celesteela|100\/100|[from] item: Leftovers\n|-damage|p1a: Rotom|88\/100|[from] Leech Seed|[of] p2a: Celesteela\n|upkeep\n|turn|17\n|\n|t:|1663816197\n|move|p2a: Celesteela|Protect|p2a: Celesteela\n|-singleturn|p2a: Celesteela|Protect\n|move|p1a: Rotom|Volt Switch|p2a: Celesteela\n|-activate|p2a: Celesteela|move: Protect\n|\n|-heal|p1a: Rotom|94\/100|[from] item: Leftovers\n|-damage|p1a: Rotom|82\/100|[from] Leech Seed|[of] p2a: Celesteela\n|upkeep\n|turn|18\n|\n|t:|1663816201\n|move|p1a: Rotom|Volt Switch|p2a: Celesteela\n|-supereffective|p2a: Celesteela\n|-damage|p2a: Celesteela|71\/100\n|\n|t:|1663816206\n|switch|p1a: Dragonite|Dragonite, M, shiny|66\/100|[from]move: Volt Switch\n|move|p2a: Celesteela|Air Slash|p1a: Dragonite\n|-damage|p1a: Dragonite|39\/100\n|\n|-heal|p2a: Celesteela|77\/100|[from] item: Leftovers\n|upkeep\n|turn|19\n|\n|t:|1663816210\n|switch|p2a: Nidoking|Nidoking, M|100\/100\n|move|p1a: Dragonite|Roost|p1a: Dragonite\n|-heal|p1a: Dragonite|89\/100\n|-singleturn|p1a: Dragonite|move: Roost\n|\n|upkeep\n|turn|20\n|\n|t:|1663816216\n|switch|p1a: Rotom|Rotom-Wash, shiny|82\/100\n|move|p2a: Nidoking|Ice Beam|p1a: Rotom\n|-resisted|p1a: Rotom\n|-damage|p1a: Rotom|64\/100\n|\n|-heal|p1a: Rotom|70\/100|[from] item: Leftovers\n|upkeep\n|turn|21\n|\n|t:|1663816221\n|switch|p2a: Tangrowth|Tangrowth, F|74\/100\n|move|p1a: Rotom|Hydro Pump|p2a: Tangrowth\n|-resisted|p2a: Tangrowth\n|-damage|p2a: Tangrowth|45\/100\n|\n|-heal|p1a: Rotom|76\/100|[from] item: Leftovers\n|upkeep\n|turn|22\n|\n|t:|1663816228\n|move|p1a: Rotom|Volt Switch|p2a: Tangrowth\n|-resisted|p2a: Tangrowth\n|-damage|p2a: Tangrowth|26\/100\n|\n|t:|1663816231\n|switch|p1a: Dragonite|Dragonite, M, shiny|89\/100|[from]move: Volt Switch\n|move|p2a: Tangrowth|Giga Drain|p1a: Dragonite\n|-resisted|p1a: Dragonite\n|-damage|p1a: Dragonite|81\/100\n|-heal|p2a: Tangrowth|29\/100|[from] drain|[of] p1a: Dragonite\n|\n|upkeep\n|turn|23\n|\n|t:|1663816237\n|move|p1a: Dragonite|Dragon Dance|p1a: Dragonite\n|-boost|p1a: Dragonite|atk|1\n|-boost|p1a: Dragonite|spe|1\n|move|p2a: Tangrowth|Leech Seed|p1a: Dragonite\n|-start|p1a: Dragonite|move: Leech Seed\n|\n|-damage|p1a: Dragonite|69\/100|[from] Leech Seed|[of] p2a: Tangrowth\n|-heal|p2a: Tangrowth|39\/100|[silent]\n|upkeep\n|turn|24\n|\n|t:|1663816240\n|switch|p2a: Celesteela|Celesteela|77\/100\n|move|p1a: Dragonite|Dual Wingbeat|p2a: Celesteela\n|-resisted|p2a: Celesteela\n|-damage|p2a: Celesteela|63\/100\n|-resisted|p2a: Celesteela\n|-damage|p2a: Celesteela|50\/100\n|-hitcount|p2a: Celesteela|2\n|\n|-heal|p2a: Celesteela|56\/100|[from] item: Leftovers\n|-damage|p1a: Dragonite|56\/100|[from] Leech Seed|[of] p2a: Celesteela\n|-heal|p2a: Celesteela|66\/100|[silent]\n|upkeep\n|turn|25\n|\n|t:|1663816247\n|switch|p1a: Rotom|Rotom-Wash, shiny|76\/100\n|move|p2a: Celesteela|Air Slash|p1a: Rotom\n|-resisted|p1a: Rotom\n|-damage|p1a: Rotom|62\/100\n|\n|-heal|p1a: Rotom|67\/100|[from] item: Leftovers\n|-heal|p2a: Celesteela|72\/100|[from] item: Leftovers\n|upkeep\n|turn|26\n|\n|t:|1663816250\n|move|p2a: Celesteela|Protect|p2a: Celesteela\n|-singleturn|p2a: Celesteela|Protect\n|move|p1a: Rotom|Hydro Pump|p2a: Celesteela\n|-activate|p2a: Celesteela|move: Protect\n|\n|-heal|p1a: Rotom|73\/100|[from] item: Leftovers\n|-heal|p2a: Celesteela|78\/100|[from] item: Leftovers\n|upkeep\n|turn|27\n|\n|t:|1663816252\n|move|p1a: Rotom|Volt Switch|p2a: Celesteela\n|-supereffective|p2a: Celesteela\n|-damage|p2a: Celesteela|48\/100\n|\n|t:|1663816258\n|switch|p1a: Dragonite|Dragonite, M, shiny|56\/100|[from]move: Volt Switch\n|move|p2a: Celesteela|Leech Seed|p1a: Dragonite\n|-start|p1a: Dragonite|move: Leech Seed\n|\n|-heal|p2a: Celesteela|54\/100|[from] item: Leftovers\n|-damage|p1a: Dragonite|44\/100|[from] Leech Seed|[of] p2a: Celesteela\n|-heal|p2a: Celesteela|64\/100|[silent]\n|upkeep\n|turn|28\n|\n|t:|1663816263\n|switch|p2a: Hatterene|Hatterene, F|26\/100\n|move|p1a: Dragonite|Roost|p1a: Dragonite\n|-heal|p1a: Dragonite|94\/100\n|-singleturn|p1a: Dragonite|move: Roost\n|\n|-damage|p1a: Dragonite|82\/100|[from] Leech Seed|[of] p2a: Hatterene\n|-heal|p2a: Hatterene|39\/100|[silent]\n|upkeep\n|turn|29\n|\n|t:|1663816273\n|move|p1a: Dragonite|Earthquake|p2a: Hatterene\n|-damage|p2a: Hatterene|0 fnt\n|faint|p2a: Hatterene\n|\n|upkeep\n|\n|t:|1663816275\n|switch|p2a: Beedrill|Beedrill-Mega, F|41\/100\n|turn|30\n|\n|t:|1663816281\n|move|p2a: Beedrill|Poison Jab|p1a: Dragonite\n|-damage|p1a: Dragonite|9\/100\n|-status|p1a: Dragonite|psn\n|move|p1a: Dragonite|Dual Wingbeat|p2a: Beedrill\n|-supereffective|p2a: Beedrill\n|-damage|p2a: Beedrill|0 fnt\n|faint|p2a: Beedrill\n|-hitcount|p2: Beedrill|1\n|\n|-damage|p1a: Dragonite|0 fnt|[from] psn\n|faint|p1a: Dragonite\n|upkeep\n|-message|firepunch917 forfeited.\n|\n|win|DrakeIGuess\n|raw|DrakeIGuess's rating: 1301 &rarr; <strong>1330<\/strong><br \/>(+29 for winning)\n|raw|firepunch917's rating: 1473 &rarr; <strong>1444<\/strong><br \/>(-29 for losing)\n|l|\u2606firepunch917\n||Ladder isn't responding, score probably updated but might not have (Request timeout).\n","uploadtime":1663816292,"views":5,"p1id":"drakeiguess","p2id":"firepunch917","formatid":"gen8nationaldexuu","rating":1330,"private":0,"password":null}