{"id":"gen8ou-1663114407","p1":"minimax_ai","p2":"dracaufeu shiny","format":"gen8ou","log":"|j|\u2606minimax_ai\n|j|\u2606dracaufeu shiny\n|t:|1663065926\n|gametype|singles\n|player|p1|minimax_ai|lusamine-nihilego|1527\n|player|p2|dracaufeu shiny|red|1505\n|teamsize|p1|6\n|teamsize|p2|6\n|gen|8\n|tier|[Gen 8] OU\n|rated|\n|rule|Sleep Clause Mod: Limit one foe put to sleep\n|rule|Species Clause: Limit one of each Pok\u00e9mon\n|rule|OHKO Clause: OHKO moves are banned\n|rule|Evasion Items Clause: Evasion items are banned\n|rule|Evasion Moves Clause: Evasion moves are banned\n|rule|Endless Battle Clause: Forcing endless battles is banned\n|rule|HP Percentage Mod: HP is shown in percentages\n|rule|Dynamax Clause: You cannot dynamax\n|clearpoke\n|poke|p1|Rotom-Wash|\n|poke|p1|Weavile, F|\n|poke|p1|Landorus-Therian, M|\n|poke|p1|Heatran, M|\n|poke|p1|Tangrowth, F|\n|poke|p1|Melmetal|\n|poke|p2|Kommo-o, F|\n|poke|p2|Azumarill, F|\n|poke|p2|Zeraora|\n|poke|p2|Slowking-Galar, M|\n|poke|p2|Corviknight, M|\n|poke|p2|Landorus-Therian, M|\n|teampreview\n|c|\u2606minimax_ai|hf\n|inactive|Battle timer is ON: inactive players will automatically lose when time's up. (requested by minimax_ai)\n|\n|t:|1663065933\n|start\n|switch|p1a: landorustherian|Landorus-Therian, M|100\/100\n|switch|p2a: Berlinois|Kommo-o, F|100\/100\n|-ability|p1a: landorustherian|Intimidate|boost\n|-unboost|p2a: Berlinois|atk|1\n|turn|1\n|\n|t:|1663065937\n|move|p2a: Berlinois|Substitute|p2a: Berlinois\n|-start|p2a: Berlinois|Substitute\n|-damage|p2a: Berlinois|75\/100\n|move|p1a: landorustherian|Earthquake|p2a: Berlinois\n|-end|p2a: Berlinois|Substitute\n|\n|upkeep\n|turn|2\n|\n|t:|1663065940\n|move|p2a: Berlinois|Belly Drum|p2a: Berlinois\n|-damage|p2a: Berlinois|25\/100\n|-setboost|p2a: Berlinois|atk|6|[from] move: Belly Drum\n|-enditem|p2a: Berlinois|Salac Berry|[eat]\n|-boost|p2a: Berlinois|spe|1|[from] item: Salac Berry\n|move|p1a: landorustherian|Toxic|p2a: Berlinois\n|-status|p2a: Berlinois|tox\n|\n|-damage|p2a: Berlinois|19\/100 tox|[from] psn\n|upkeep\n|turn|3\n|\n|t:|1663065943\n|switch|p1a: Melmetal|Melmetal|100\/100\n|move|p2a: Berlinois|Drain Punch|p1a: Melmetal\n|-supereffective|p1a: Melmetal\n|-damage|p1a: Melmetal|0 fnt\n|-heal|p2a: Berlinois|95\/100 tox|[from] drain|[of] p1a: Melmetal\n|faint|p1a: Melmetal\n|\n|-damage|p2a: Berlinois|83\/100 tox|[from] psn\n|upkeep\n|\n|t:|1663065943\n|switch|p1a: rotomwash|Rotom-Wash|100\/100\n|turn|4\n|\n|t:|1663065946\n|move|p2a: Berlinois|Drain Punch|p1a: rotomwash\n|-damage|p1a: rotomwash|0 fnt\n|-heal|p2a: Berlinois|100\/100 tox|[from] drain|[of] p1a: rotomwash\n|faint|p1a: rotomwash\n|\n|-damage|p2a: Berlinois|82\/100 tox|[from] psn\n|upkeep\n|\n|t:|1663065946\n|switch|p1a: Weavile|Weavile, F|100\/100\n|-ability|p1a: Weavile|Pressure\n|turn|5\n|\n|t:|1663065949\n|switch|p1a: landorustherian|Landorus-Therian, M|100\/100\n|-ability|p1a: landorustherian|Intimidate|boost\n|-unboost|p2a: Berlinois|atk|1\n|move|p2a: Berlinois|Drain Punch|p1a: landorustherian\n|-resisted|p1a: landorustherian\n|-damage|p1a: landorustherian|41\/100\n|-heal|p2a: Berlinois|100\/100 tox|[from] drain|[of] p1a: landorustherian\n|\n|-heal|p1a: landorustherian|47\/100|[from] item: Leftovers\n|-damage|p2a: Berlinois|76\/100 tox|[from] psn\n|upkeep\n|turn|6\n|\n|t:|1663065951\n|move|p2a: Berlinois|Drain Punch|p1a: landorustherian\n|-resisted|p1a: landorustherian\n|-damage|p1a: landorustherian|0 fnt\n|-heal|p2a: Berlinois|100\/100 tox|[from] drain|[of] p1a: landorustherian\n|faint|p1a: landorustherian\n|\n|-damage|p2a: Berlinois|70\/100 tox|[from] psn\n|upkeep\n|\n|t:|1663065952\n|switch|p1a: Heatran|Heatran, M|100\/100\n|-item|p1a: Heatran|Air Balloon\n|turn|7\n|\n|t:|1663065955\n|move|p2a: Berlinois|Drain Punch|p1a: Heatran\n|-supereffective|p1a: Heatran\n|-damage|p1a: Heatran|0 fnt\n|-heal|p2a: Berlinois|100\/100 tox|[from] drain|[of] p1a: Heatran\n|-enditem|p1a: Heatran|Air Balloon\n|faint|p1a: Heatran\n|\n|-damage|p2a: Berlinois|64\/100 tox|[from] psn\n|upkeep\n|\n|t:|1663065955\n|switch|p1a: Tangrowth|Tangrowth, F|100\/100\n|turn|8\n|\n|t:|1663065957\n|move|p2a: Berlinois|Drain Punch|p1a: Tangrowth\n|-crit|p1a: Tangrowth\n|-damage|p1a: Tangrowth|10\/100\n|-heal|p2a: Berlinois|100\/100 tox|[from] drain|[of] p1a: Tangrowth\n|-damage|p2a: Berlinois|84\/100 tox|[from] item: Rocky Helmet|[of] p1a: Tangrowth\n|move|p1a: Tangrowth|Sleep Powder||[still]\n|-fail|p1a: Tangrowth\n|\n|-damage|p2a: Berlinois|41\/100 tox|[from] psn\n|upkeep\n|turn|9\n|\n|t:|1663065960\n|move|p2a: Berlinois|Drain Punch|p1a: Tangrowth\n|-damage|p1a: Tangrowth|0 fnt\n|-heal|p2a: Berlinois|48\/100 tox|[from] drain|[of] p1a: Tangrowth\n|-damage|p2a: Berlinois|31\/100 tox|[from] item: Rocky Helmet|[of] p1a: Tangrowth\n|faint|p1a: Tangrowth\n|\n|-damage|p2a: Berlinois|0 fnt|[from] psn\n|faint|p2a: Berlinois\n|upkeep\n|\n|t:|1663065963\n|switch|p2a: Bourgeois|Corviknight, M|100\/100\n|switch|p1a: Weavile|Weavile, F|100\/100\n|-ability|p1a: Weavile|Pressure\n|-ability|p2a: Bourgeois|Pressure\n|turn|10\n|\n|t:|1663065965\n|move|p1a: Weavile|Knock Off|p2a: Bourgeois\n|-damage|p2a: Bourgeois|59\/100\n|-damage|p1a: Weavile|84\/100|[from] item: Rocky Helmet|[of] p2a: Bourgeois\n|-enditem|p2a: Bourgeois|Rocky Helmet|[from] move: Knock Off|[of] p1a: Weavile\n|move|p2a: Bourgeois|Body Press|p1a: Weavile\n|-supereffective|p1a: Weavile\n|-damage|p1a: Weavile|0 fnt\n|faint|p1a: Weavile\n|\n|win|dracaufeu shiny\n|raw|minimax_ai's rating: 1527 &rarr; <strong>1506<\/strong><br \/>(-21 for losing)\n|raw|dracaufeu shiny's rating: 1505 &rarr; <strong>1526<\/strong><br \/>(+21 for winning)\n|c|\u2606minimax_ai|gg\n","uploadtime":1663065967,"views":7,"p1id":"minimaxai","p2id":"dracaufeushiny","formatid":"gen8ou","rating":1506,"private":0,"password":null}