{"id":"gen8ou-1668205136","p1":"Almighty Sa'","p2":"broked on bricks","format":"gen8ou","log":"|j|\u2606Almighty Sa'\n|j|\u2606broked on bricks\n|t:|1663606242\n|gametype|singles\n|player|p1|Almighty Sa'|tabitha-gen3|1665\n|player|p2|broked on bricks|lance-masters|1680\n|teamsize|p1|6\n|teamsize|p2|6\n|gen|8\n|tier|[Gen 8] OU\n|rated|\n|rule|Sleep Clause Mod: Limit one foe put to sleep\n|rule|Species Clause: Limit one of each Pok\u00e9mon\n|rule|OHKO Clause: OHKO moves are banned\n|rule|Evasion Items Clause: Evasion items are banned\n|rule|Evasion Moves Clause: Evasion moves are banned\n|rule|Endless Battle Clause: Forcing endless battles is banned\n|rule|HP Percentage Mod: HP is shown in percentages\n|rule|Dynamax Clause: You cannot dynamax\n|clearpoke\n|poke|p1|Zeraora|\n|poke|p1|Weavile, F|\n|poke|p1|Volcanion|\n|poke|p1|Melmetal|\n|poke|p1|Diancie|\n|poke|p1|Tornadus-Therian, M|\n|poke|p2|Tyranitar, M|\n|poke|p2|Excadrill, M|\n|poke|p2|Keldeo-Resolute|\n|poke|p2|Reuniclus, M|\n|poke|p2|Tangrowth, F|\n|poke|p2|Tornadus-Therian, M|\n|teampreview\n|c|\u2606broked on bricks|glhf\n|c|\u2606broked on bricks|cool team\n|inactive|Battle timer is ON: inactive players will automatically lose when time's up. (requested by broked on bricks)\n|c|\u2606Almighty Sa'|thnx hf\n|\n|t:|1663606269\n|start\n|switch|p1a: Burner4PF|Volcanion|100\/100\n|switch|p2a: Fairy Bread|Keldeo-Resolute|100\/100\n|turn|1\n|\n|t:|1663606297\n|move|p2a: Fairy Bread|Substitute|p2a: Fairy Bread\n|-start|p2a: Fairy Bread|Substitute\n|-damage|p2a: Fairy Bread|76\/100\n|move|p1a: Burner4PF|Sludge Bomb|p2a: Fairy Bread\n|-end|p2a: Fairy Bread|Substitute\n|\n|-heal|p2a: Fairy Bread|82\/100|[from] item: Leftovers\n|upkeep\n|turn|2\n|\n|t:|1663606309\n|move|p2a: Fairy Bread|Calm Mind|p2a: Fairy Bread\n|-boost|p2a: Fairy Bread|spa|1\n|-boost|p2a: Fairy Bread|spd|1\n|move|p1a: Burner4PF|Steam Eruption|p2a: Fairy Bread\n|-resisted|p2a: Fairy Bread\n|-damage|p2a: Fairy Bread|61\/100\n|\n|-heal|p2a: Fairy Bread|68\/100|[from] item: Leftovers\n|upkeep\n|turn|3\n|\n|t:|1663606322\n|move|p2a: Fairy Bread|Secret Sword|p1a: Burner4PF\n|-damage|p1a: Burner4PF|41\/100\n|move|p1a: Burner4PF|Sludge Bomb|p2a: Fairy Bread\n|-damage|p2a: Fairy Bread|45\/100\n|-status|p2a: Fairy Bread|psn\n|\n|-heal|p2a: Fairy Bread|51\/100 psn|[from] item: Leftovers\n|-damage|p2a: Fairy Bread|39\/100 psn|[from] psn\n|upkeep\n|turn|4\n|\n|t:|1663606329\n|switch|p1a: Tornadus|Tornadus-Therian, M|100\/100\n|move|p2a: Fairy Bread|Substitute|p2a: Fairy Bread\n|-start|p2a: Fairy Bread|Substitute\n|-damage|p2a: Fairy Bread|14\/100 psn\n|\n|-heal|p2a: Fairy Bread|20\/100 psn|[from] item: Leftovers\n|-damage|p2a: Fairy Bread|8\/100 psn|[from] psn\n|upkeep\n|turn|5\n|\n|t:|1663606335\n|switch|p1a: Burner4PF|Volcanion|41\/100\n|move|p2a: Fairy Bread|Secret Sword|p1a: Burner4PF\n|-damage|p1a: Burner4PF|0 fnt\n|faint|p1a: Burner4PF\n|\n|-heal|p2a: Fairy Bread|14\/100 psn|[from] item: Leftovers\n|-damage|p2a: Fairy Bread|1\/100 psn|[from] psn\n|upkeep\n|\n|t:|1663606341\n|switch|p1a: Bouncer4PF|Melmetal|100\/100\n|turn|6\n|\n|t:|1663606345\n|switch|p2a: cos they ain't us|Tornadus-Therian, M|100\/100\n|move|p1a: Bouncer4PF|Protect||[still]\n|-fail|p1a: Bouncer4PF\n|\n|upkeep\n|turn|7\n|\n|t:|1663606351\n|switch|p2a: Susan|Tangrowth, F|100\/100\n|move|p1a: Bouncer4PF|Double Iron Bash|p2a: Susan\n|-damage|p2a: Susan|77\/100\n|-damage|p1a: Bouncer4PF|84\/100|[from] item: Rocky Helmet|[of] p2a: Susan\n|-damage|p2a: Susan|54\/100\n|-damage|p1a: Bouncer4PF|67\/100|[from] item: Rocky Helmet|[of] p2a: Susan\n|-hitcount|p2a: Susan|2\n|\n|upkeep\n|turn|8\n|\n|t:|1663606359\n|move|p2a: Susan|Sleep Powder|p1a: Bouncer4PF\n|-status|p1a: Bouncer4PF|slp|[from] move: Sleep Powder\n|cant|p1a: Bouncer4PF|slp\n|\n|upkeep\n|turn|9\n|\n|t:|1663606363\n|move|p2a: Susan|Knock Off|p1a: Bouncer4PF\n|-damage|p1a: Bouncer4PF|54\/100 slp\n|-enditem|p1a: Bouncer4PF|Occa Berry|[from] move: Knock Off|[of] p2a: Susan\n|-curestatus|p1a: Bouncer4PF|slp|[msg]\n|move|p1a: Bouncer4PF|Toxic|p2a: Susan\n|-status|p2a: Susan|tox\n|\n|-damage|p2a: Susan|48\/100 tox|[from] psn\n|upkeep\n|turn|10\n|\n|t:|1663606374\n|move|p2a: Susan|Sleep Powder|p1a: Bouncer4PF|[miss]\n|-miss|p2a: Susan|p1a: Bouncer4PF\n|move|p1a: Bouncer4PF|Double Iron Bash|p2a: Susan\n|-damage|p2a: Susan|24\/100 tox\n|-damage|p1a: Bouncer4PF|37\/100|[from] item: Rocky Helmet|[of] p2a: Susan\n|-damage|p2a: Susan|0 fnt\n|-damage|p1a: Bouncer4PF|21\/100|[from] item: Rocky Helmet|[of] p2a: Susan\n|faint|p2a: Susan\n|-hitcount|p2: Susan|2\n|\n|upkeep\n|\n|t:|1663606390\n|switch|p2a: Green Man|Tyranitar, M|100\/100\n|-weather|Sandstorm|[from] ability: Sand Stream|[of] p2a: Green Man\n|turn|11\n|\n|t:|1663606399\n|move|p1a: Bouncer4PF|Protect|p1a: Bouncer4PF\n|-singleturn|p1a: Bouncer4PF|Protect\n|move|p2a: Green Man|Crunch|p1a: Bouncer4PF\n|-activate|p1a: Bouncer4PF|move: Protect\n|\n|-weather|Sandstorm|[upkeep]\n|upkeep\n|turn|12\n|\n|t:|1663606409\n|switch|p1a: Diancie|Diancie|100\/100\n|move|p2a: Green Man|Crunch|p1a: Diancie\n|-resisted|p1a: Diancie\n|-damage|p1a: Diancie|74\/100\n|\n|-weather|Sandstorm|[upkeep]\n|-heal|p1a: Diancie|80\/100|[from] item: Leftovers\n|upkeep\n|turn|13\n|\n|t:|1663606415\n|switch|p2a: Fairy Bread|Keldeo-Resolute|1\/100 psn\n|move|p1a: Diancie|Stealth Rock|p2a: Fairy Bread\n|-sidestart|p2: broked on bricks|move: Stealth Rock\n|\n|-weather|Sandstorm|[upkeep]\n|-damage|p2a: Fairy Bread|0 fnt|[from] Sandstorm\n|faint|p2a: Fairy Bread\n|-heal|p1a: Diancie|86\/100|[from] item: Leftovers\n|upkeep\n|\n|t:|1663606419\n|switch|p2a: Homunculus Man|Excadrill, M|100\/100\n|-damage|p2a: Homunculus Man|97\/100|[from] Stealth Rock\n|turn|14\n|\n|t:|1663606432\n|move|p2a: Homunculus Man|Rapid Spin|p1a: Diancie\n|-resisted|p1a: Diancie\n|-damage|p1a: Diancie|79\/100\n|-boost|p2a: Homunculus Man|spe|1\n|-sideend|p2: broked on bricks|Stealth Rock|[from] move: Rapid Spin|[of] p2a: Homunculus Man\n|move|p1a: Diancie|Earth Power|p2a: Homunculus Man\n|-supereffective|p2a: Homunculus Man\n|-damage|p2a: Homunculus Man|42\/100\n|\n|-weather|Sandstorm|[upkeep]\n|-heal|p2a: Homunculus Man|48\/100|[from] item: Leftovers\n|-heal|p1a: Diancie|86\/100|[from] item: Leftovers\n|upkeep\n|turn|15\n|\n|t:|1663606438\n|switch|p1a: Bouncer4PF|Melmetal|21\/100\n|move|p2a: Homunculus Man|Iron Head|p1a: Bouncer4PF\n|-resisted|p1a: Bouncer4PF\n|-damage|p1a: Bouncer4PF|7\/100\n|\n|-weather|none\n|-heal|p2a: Homunculus Man|54\/100|[from] item: Leftovers\n|upkeep\n|turn|16\n|\n|t:|1663606446\n|switch|p1a: Tornadus|Tornadus-Therian, M|100\/100\n|move|p2a: Homunculus Man|Iron Head|p1a: Tornadus\n|-damage|p1a: Tornadus|38\/100\n|\n|-heal|p2a: Homunculus Man|60\/100|[from] item: Leftovers\n|upkeep\n|turn|17\n|\n|t:|1663606455\n|switch|p1a: Bouncer4PF|Melmetal|7\/100\n|move|p2a: Homunculus Man|Iron Head|p1a: Bouncer4PF\n|-resisted|p1a: Bouncer4PF\n|-damage|p1a: Bouncer4PF|0 fnt\n|faint|p1a: Bouncer4PF\n|\n|-heal|p2a: Homunculus Man|66\/100|[from] item: Leftovers\n|upkeep\n|\n|t:|1663606460\n|switch|p1a: Tornadus|Tornadus-Therian, M|72\/100\n|turn|18\n|\n|t:|1663606465\n|switch|p2a: cos they ain't us|Tornadus-Therian, M|100\/100\n|move|p1a: Tornadus|Heat Wave|p2a: cos they ain't us\n|-damage|p2a: cos they ain't us|71\/100\n|\n|upkeep\n|turn|19\n|\n|t:|1663606472\n|move|p1a: Tornadus|Icy Wind|p2a: cos they ain't us\n|-supereffective|p2a: cos they ain't us\n|-damage|p2a: cos they ain't us|36\/100\n|-unboost|p2a: cos they ain't us|spe|1\n|move|p2a: cos they ain't us|Knock Off|p1a: Tornadus\n|-damage|p1a: Tornadus|42\/100\n|-enditem|p1a: Tornadus|Heavy-Duty Boots|[from] move: Knock Off|[of] p2a: cos they ain't us\n|\n|upkeep\n|turn|20\n|\n|t:|1663606478\n|move|p1a: Tornadus|U-turn|p2a: cos they ain't us\n|-resisted|p2a: cos they ain't us\n|-damage|p2a: cos they ain't us|28\/100\n|c|\u2606Almighty Sa'|u dont care\n|\n|t:|1663606490\n|switch|p1a: Diancie|Diancie|86\/100|[from]move: U-turn\n|move|p2a: cos they ain't us|U-turn|p1a: Diancie\n|-resisted|p1a: Diancie\n|-damage|p1a: Diancie|80\/100\n|c|\u2606broked on bricks|i just be clicking shit\n|\n|t:|1663606502\n|switch|p2a: Homunculus Man|Excadrill, M|66\/100|[from]move: U-turn\n|\n|-heal|p2a: Homunculus Man|73\/100|[from] item: Leftovers\n|-heal|p1a: Diancie|86\/100|[from] item: Leftovers\n|upkeep\n|turn|21\n|\n|t:|1663606508\n|switch|p1a: Sumilidon|Zeraora|100\/100\n|move|p2a: Homunculus Man|Iron Head|p1a: Sumilidon\n|-resisted|p1a: Sumilidon\n|-damage|p1a: Sumilidon|72\/100\n|\n|-heal|p2a: Homunculus Man|79\/100|[from] item: Leftovers\n|upkeep\n|turn|22\n|\n|t:|1663606516\n|switch|p2a: cos they ain't us|Tornadus-Therian, M|61\/100\n|move|p1a: Sumilidon|Close Combat|p2a: cos they ain't us\n|-resisted|p2a: cos they ain't us\n|-damage|p2a: cos they ain't us|42\/100\n|-unboost|p1a: Sumilidon|def|1\n|-unboost|p1a: Sumilidon|spd|1\n|-enditem|p1a: Sumilidon|Eject Pack\n|\n|t:|1663606521\n|switch|p1a: Rokusho|Weavile, F|100\/100\n|-ability|p1a: Rokusho|Pressure\n|\n|upkeep\n|turn|23\n|c|\u2606broked on bricks|that set is heat\n|\n|t:|1663606529\n|switch|p2a: Green Man|Tyranitar, M|100\/100\n|-weather|Sandstorm|[from] ability: Sand Stream|[of] p2a: Green Man\n|move|p1a: Rokusho|Swords Dance|p1a: Rokusho\n|-boost|p1a: Rokusho|atk|2\n|\n|-weather|Sandstorm|[upkeep]\n|-damage|p1a: Rokusho|94\/100|[from] Sandstorm\n|upkeep\n|turn|24\n|\n|t:|1663606534\n|move|p1a: Rokusho|Triple Axel|p2a: Green Man|[miss]\n|-miss|p1a: Rokusho|p2a: Green Man\n|move|p2a: Green Man|Superpower|p1a: Rokusho\n|-supereffective|p1a: Rokusho\n|-damage|p1a: Rokusho|0 fnt\n|-unboost|p2a: Green Man|atk|1\n|-unboost|p2a: Green Man|def|1\n|faint|p1a: Rokusho\n|\n|-weather|Sandstorm|[upkeep]\n|upkeep\n|c|\u2606broked on bricks|my apologies\n|c|\u2606Almighty Sa'|brehhhhh\n|c|\u2606Almighty Sa'|gg nice playstyle\n|j| fghfsfdgfsgds\n|-message|Almighty Sa' forfeited.\n|\n|win|broked on bricks\n|raw|Almighty Sa&apos;'s rating: 1665 &rarr; <strong>1646<\/strong><br \/>(-19 for losing)\n|raw|broked on bricks's rating: 1680 &rarr; <strong>1699<\/strong><br \/>(+19 for winning)\n|l|\u2606Almighty Sa'\n","uploadtime":1663606557,"views":17,"p1id":"almightysa","p2id":"brokedonbricks","formatid":"gen8ou","rating":1646,"private":0,"password":null}