{"id":"gen8bdspou-1553096214","p1":"comp233","p2":"smo's mad","format":"gen8bdspou","log":"|j|\u2606comp233\n|j|\u2606smo's mad\n|t:|1649922933\n|gametype|singles\n|player|p1|comp233|rosa|1370\n|player|p2|smo's mad|scientist-gen4|1287\n|teamsize|p1|6\n|teamsize|p2|6\n|gen|8\n|tier|[Gen 8 BDSP] OU\n|rated|\n|rule|Sleep Clause Mod: Limit one foe put to sleep\n|rule|Species Clause: Limit one of each Pok\u00e9mon\n|rule|OHKO Clause: OHKO moves are banned\n|rule|Evasion Moves Clause: Evasion moves are banned\n|rule|Endless Battle Clause: Forcing endless battles is banned\n|rule|HP Percentage Mod: HP is shown in percentages\n|clearpoke\n|poke|p1|Staraptor, M|\n|poke|p1|Mamoswine, M|\n|poke|p1|Lucario, M|\n|poke|p1|Scizor, M|\n|poke|p1|Infernape, M|\n|poke|p1|Weavile, M|\n|poke|p2|Blastoise, M|\n|poke|p2|Torkoal, M|\n|poke|p2|Slowking, F|\n|poke|p2|Cresselia, F|\n|poke|p2|Victreebel, F|\n|poke|p2|Dusknoir, F|\n|teampreview\n|\n|t:|1649922938\n|start\n|switch|p1a: Mamoswine|Mamoswine, M, shiny|100\/100\n|switch|p2a: Dusknoir|Dusknoir, F|100\/100\n|-item|p1a: Mamoswine|Life Orb|[from] ability: Frisk|[of] p2a: Dusknoir|[identify]\n|turn|1\n|\n|t:|1649922946\n|switch|p1a: Infernape|Infernape, M|100\/100\n|move|p2a: Dusknoir|Trick Room|p2a: Dusknoir\n|-fieldstart|move: Trick Room|[of] p2a: Dusknoir\n|\n|upkeep\n|turn|2\n|\n|t:|1649922952\n|move|p2a: Dusknoir|Earthquake|p1a: Infernape\n|-supereffective|p1a: Infernape\n|-damage|p1a: Infernape|7\/100\n|move|p1a: Infernape|Stealth Rock|p2a: Dusknoir\n|-sidestart|p2: smo's mad|move: Stealth Rock\n|\n|upkeep\n|turn|3\n|\n|t:|1649922965\n|move|p2a: Dusknoir|Shadow Sneak|p1a: Infernape\n|-crit|p1a: Infernape\n|-damage|p1a: Infernape|0 fnt\n|faint|p1a: Infernape\n|\n|upkeep\n|\n|t:|1649922997\n|switch|p1a: Scizor|Scizor, M|100\/100\n|turn|4\n|\n|t:|1649923009\n|switch|p2a: Torkoal|Torkoal, M|100\/100\n|-damage|p2a: Torkoal|76\/100|[from] Stealth Rock\n|-weather|SunnyDay|[from] ability: Drought|[of] p2a: Torkoal\n|move|p1a: Scizor|U-turn|p2a: Torkoal\n|-resisted|p2a: Torkoal\n|-damage|p2a: Torkoal|64\/100\n|\n|t:|1649923044\n|switch|p1a: Lucario|Lucario, M|100\/100|[from]move: U-turn\n|\n|-weather|SunnyDay|[upkeep]\n|upkeep\n|turn|5\n|\n|t:|1649923047\n|move|p1a: Lucario|Extreme Speed|p2a: Torkoal\n|-damage|p2a: Torkoal|38\/100\n|-damage|p1a: Lucario|91\/100|[from] item: Life Orb\n|move|p2a: Torkoal|Flamethrower|p1a: Lucario\n|-supereffective|p1a: Lucario\n|-damage|p1a: Lucario|0 fnt\n|faint|p1a: Lucario\n|\n|-weather|SunnyDay|[upkeep]\n|-fieldend|move: Trick Room\n|upkeep\n|\n|t:|1649923065\n|switch|p1a: Staraptor|Staraptor, M|100\/100\n|turn|6\n|\n|t:|1649923075\n|switch|p2a: Slowking|Slowking, F|100\/100\n|-damage|p2a: Slowking|88\/100|[from] Stealth Rock\n|move|p1a: Staraptor|Brave Bird|p2a: Slowking\n|-damage|p2a: Slowking|4\/100\n|-damage|p1a: Staraptor|65\/100|[from] Recoil\n|\n|-weather|SunnyDay|[upkeep]\n|-heal|p2a: Slowking|10\/100|[from] item: Leftovers\n|upkeep\n|turn|7\n|\n|t:|1649923079\n|move|p1a: Staraptor|Brave Bird|p2a: Slowking\n|-damage|p2a: Slowking|0 fnt\n|faint|p2a: Slowking\n|-damage|p1a: Staraptor|61\/100|[from] Recoil\n|\n|-weather|SunnyDay|[upkeep]\n|upkeep\n|\n|t:|1649923087\n|switch|p2a: Victreebel|Victreebel, F|100\/100\n|-damage|p2a: Victreebel|88\/100|[from] Stealth Rock\n|turn|8\n|\n|t:|1649923093\n|switch|p1a: Scizor|Scizor, M|100\/100\n|move|p2a: Victreebel|Weather Ball|p1a: Scizor\n|-supereffective|p1a: Scizor\n|-damage|p1a: Scizor|0 fnt\n|faint|p1a: Scizor\n|-damage|p2a: Victreebel|78\/100|[from] item: Life Orb\n|\n|-weather|SunnyDay|[upkeep]\n|upkeep\n|\n|t:|1649923101\n|switch|p1a: Mamoswine|Mamoswine, M, shiny|100\/100\n|turn|9\n|\n|t:|1649923109\n|switch|p2a: Cresselia|Cresselia, F|100\/100\n|-damage|p2a: Cresselia|88\/100|[from] Stealth Rock\n|move|p1a: Mamoswine|Ice Shard|p2a: Cresselia\n|-damage|p2a: Cresselia|70\/100\n|-damage|p1a: Mamoswine|91\/100|[from] item: Life Orb\n|\n|-weather|SunnyDay|[upkeep]\n|upkeep\n|turn|10\n|\n|t:|1649923119\n|move|p1a: Mamoswine|Icicle Crash|p2a: Cresselia\n|-damage|p2a: Cresselia|31\/100\n|-damage|p1a: Mamoswine|81\/100|[from] item: Life Orb\n|move|p2a: Cresselia|Trick Room|p2a: Cresselia\n|-fieldstart|move: Trick Room|[of] p2a: Cresselia\n|\n|-weather|SunnyDay|[upkeep]\n|upkeep\n|turn|11\n|\n|t:|1649923144\n|move|p2a: Cresselia|Lunar Dance|p2a: Cresselia\n|faint|p2a: Cresselia\n|move|p1a: Mamoswine|Icicle Crash|p2: Cresselia|[notarget]\n|-fail|p1a: Mamoswine\n|\n|-weather|none\n|upkeep\n|\n|t:|1649923148\n|switch|p2a: Torkoal|Torkoal, M|38\/100\n|-heal|p2a: Torkoal|100\/100|[from] move: Lunar Dance\n|-damage|p2a: Torkoal|76\/100|[from] Stealth Rock\n|-weather|SunnyDay|[from] ability: Drought|[of] p2a: Torkoal\n|turn|12\n|\n|t:|1649923160\n|move|p2a: Torkoal|Eruption|p1a: Mamoswine\n|-supereffective|p1a: Mamoswine\n|-damage|p1a: Mamoswine|0 fnt\n|faint|p1a: Mamoswine\n|\n|-weather|SunnyDay|[upkeep]\n|upkeep\n|\n|t:|1649923165\n|switch|p1a: Weavile|Weavile, M|100\/100\n|-ability|p1a: Weavile|Pressure\n|turn|13\n|\n|t:|1649923171\n|move|p2a: Torkoal|Eruption|p1a: Weavile\n|-supereffective|p1a: Weavile\n|-enditem|p1a: Weavile|Focus Sash\n|-damage|p1a: Weavile|1\/100\n|move|p1a: Weavile|Throat Chop|p2a: Torkoal\n|-damage|p2a: Torkoal|47\/100\n|-start|p2a: Torkoal|Throat Chop|[silent]\n|\n|-weather|SunnyDay|[upkeep]\n|upkeep\n|turn|14\n|\n|t:|1649923177\n|move|p1a: Weavile|Ice Shard|p2a: Torkoal\n|-resisted|p2a: Torkoal\n|-damage|p2a: Torkoal|40\/100\n|move|p2a: Torkoal|Flamethrower|p1a: Weavile\n|-supereffective|p1a: Weavile\n|-damage|p1a: Weavile|0 fnt\n|faint|p1a: Weavile\n|\n|-weather|SunnyDay|[upkeep]\n|-end|p2a: Torkoal|Throat Chop|[silent]\n|-fieldend|move: Trick Room\n|upkeep\n|\n|t:|1649923178\n|switch|p1a: Staraptor|Staraptor, M|61\/100\n|turn|15\n|\n|t:|1649923185\n|switch|p2a: Dusknoir|Dusknoir, F|100\/100\n|-damage|p2a: Dusknoir|88\/100|[from] Stealth Rock\n|-item|p1a: Staraptor|Choice Band|[from] ability: Frisk|[of] p2a: Dusknoir|[identify]\n|move|p1a: Staraptor|Brave Bird|p2a: Dusknoir\n|-damage|p2a: Dusknoir|0 fnt\n|faint|p2a: Dusknoir\n|-damage|p1a: Staraptor|34\/100|[from] Recoil\n|\n|-weather|SunnyDay|[upkeep]\n|upkeep\n|\n|t:|1649923187\n|switch|p2a: Victreebel|Victreebel, F|78\/100\n|-damage|p2a: Victreebel|66\/100|[from] Stealth Rock\n|turn|16\n|c|\u2606smo's mad|gg\n|\n|t:|1649923192\n|move|p2a: Victreebel|Weather Ball|p1a: Staraptor\n|-damage|p1a: Staraptor|0 fnt\n|faint|p1a: Staraptor\n|-damage|p2a: Victreebel|56\/100|[from] item: Life Orb\n|\n|win|smo's mad\n|raw|comp233's rating: 1370 &rarr; <strong>1345<\/strong><br \/>(-25 for losing)\n|raw|smo&apos;s mad's rating: 1287 &rarr; <strong>1318<\/strong><br \/>(+31 for winning)\n|c|\u2606comp233|gg\n|l|\u2606comp233\n|c|\u2606smo's mad|fixed it\n","uploadtime":1649923216,"views":21,"p1id":"comp233","p2id":"smosmad","formatid":"gen8bdspou","rating":1318,"private":0,"password":null}