{"id":"gen8anythinggoes-1450311209","p1":"S6six","p2":"anibunnysomoney","format":"gen8anythinggoes","log":"|j|\u2606S6six\n|j|\u2606anibunnysomoney\n|t:|1636261926\n|gametype|singles\n|player|p1|S6six|1|\n|player|p2|anibunnysomoney|169|\n|teamsize|p1|6\n|teamsize|p2|6\n|gen|8\n|tier|[Gen 8] Anything Goes\n|rule|HP Percentage Mod: HP is shown in percentages\n|rule|Endless Battle Clause: Forcing endless battles is banned\n|clearpoke\n|poke|p1|Charizard, M|\n|poke|p1|Clefable, M|\n|poke|p1|Magnezone|\n|poke|p1|Mimikyu, M|\n|poke|p1|Venusaur, M|\n|poke|p1|Weavile, M|\n|poke|p2|Klefki, M|\n|poke|p2|Jirachi|\n|poke|p2|Kingdra, F|\n|poke|p2|Seismitoad, M|\n|poke|p2|Vaporeon, F|\n|poke|p2|Urshifu-*, F|\n|teampreview\n|\n|t:|1636262033\n|start\n|switch|p1a: Weavile|Weavile, M|100\/100\n|switch|p2a: Klefki|Klefki, M|100\/100\n|-ability|p1a: Weavile|Pressure\n|turn|1\n|\n|t:|1636262178\n|move|p2a: Klefki|Substitute|p2a: Klefki\n|-start|p2a: Klefki|Substitute\n|-damage|p2a: Klefki|76\/100\n|move|p1a: Weavile|Knock Off|p2a: Klefki\n|-resisted|p2a: Klefki\n|-end|p2a: Klefki|Substitute\n|\n|upkeep\n|turn|2\n|\n|t:|1636262184\n|move|p2a: Klefki|Substitute|p2a: Klefki\n|-start|p2a: Klefki|Substitute\n|-damage|p2a: Klefki|51\/100\n|move|p1a: Weavile|Knock Off|p2a: Klefki\n|-resisted|p2a: Klefki\n|-end|p2a: Klefki|Substitute\n|\n|upkeep\n|turn|3\n|\n|t:|1636262206\n|move|p2a: Klefki|Reflect|p2a: Klefki\n|-sidestart|p2: anibunnysomoney|Reflect\n|move|p1a: Weavile|Knock Off|p2a: Klefki\n|-resisted|p2a: Klefki\n|-damage|p2a: Klefki|36\/100\n|-enditem|p2a: Klefki|Light Clay|[from] move: Knock Off|[of] p1a: Weavile\n|\n|upkeep\n|turn|4\n|\n|t:|1636262226\n|move|p2a: Klefki|Light Screen|p2a: Klefki\n|-sidestart|p2: anibunnysomoney|move: Light Screen\n|move|p1a: Weavile|Swords Dance|p1a: Weavile\n|-boost|p1a: Weavile|atk|2\n|\n|upkeep\n|turn|5\n|\n|t:|1636262247\n|move|p2a: Klefki|Reflect||[still]\n|-fail|p2a: Klefki\n|move|p1a: Weavile|Knock Off|p2a: Klefki\n|-resisted|p2a: Klefki\n|-damage|p2a: Klefki|17\/100\n|\n|upkeep\n|turn|6\n|\n|t:|1636262258\n|move|p2a: Klefki|Reflect||[still]\n|-fail|p2a: Klefki\n|move|p1a: Weavile|Knock Off|p2a: Klefki\n|-resisted|p2a: Klefki\n|-damage|p2a: Klefki|0 fnt\n|faint|p2a: Klefki\n|\n|upkeep\n|\n|t:|1636262270\n|switch|p2a: Vaporeon|Vaporeon, F|100\/100\n|turn|7\n|\n|t:|1636262311\n|move|p1a: Weavile|Knock Off|p2a: Vaporeon\n|-damage|p2a: Vaporeon|48\/100\n|-enditem|p2a: Vaporeon|Damp Rock|[from] move: Knock Off|[of] p1a: Weavile\n|move|p2a: Vaporeon|Substitute|p2a: Vaporeon\n|-start|p2a: Vaporeon|Substitute\n|-damage|p2a: Vaporeon|23\/100\n|\n|upkeep\n|turn|8\n|\n|t:|1636262324\n|move|p1a: Weavile|Knock Off|p2a: Vaporeon\n|-end|p2a: Vaporeon|Substitute\n|move|p2a: Vaporeon|Rain Dance|p2a: Vaporeon\n|-weather|RainDance\n|\n|-weather|RainDance|[upkeep]\n|-sideend|p2: anibunnysomoney|move: Light Screen\n|upkeep\n|turn|9\n|\n|t:|1636262337\n|move|p1a: Weavile|Knock Off|p2a: Vaporeon\n|-damage|p2a: Vaporeon|0 fnt\n|faint|p2a: Vaporeon\n|\n|-weather|RainDance|[upkeep]\n|upkeep\n|\n|t:|1636262392\n|switch|p2a: Seismitoad|Seismitoad, M|100\/100\n|turn|10\n|\n|t:|1636262409\n|move|p2a: Seismitoad|Drain Punch|p1a: Weavile\n|-supereffective|p1a: Weavile\n|-damage|p1a: Weavile|0 fnt\n|faint|p1a: Weavile\n|-damage|p2a: Seismitoad|91\/100|[from] item: Life Orb\n|\n|-weather|RainDance|[upkeep]\n|-sideend|p2: anibunnysomoney|Reflect\n|upkeep\n|\n|t:|1636262433\n|switch|p1a: Venusaur|Venusaur, M|100\/100\n|turn|11\n|l|\u2606anibunnysomoney\n|player|p2|\n|j|\u2606anibunnysomoney\n|player|p2|anibunnysomoney|169\n|\n|t:|1636263065\n|switch|p2a: Jirachi|Jirachi|100\/100\n|move|p1a: Venusaur|Giga Drain|p2a: Jirachi\n|-resisted|p2a: Jirachi\n|-damage|p2a: Jirachi|87\/100\n|-damage|p1a: Venusaur|91\/100|[from] item: Life Orb\n|\n|-weather|RainDance|[upkeep]\n|upkeep\n|turn|12\n|\n|t:|1636263089\n|switch|p1a: Magnezone|Magnezone|100\/100\n|move|p2a: Jirachi|Calm Mind|p2a: Jirachi\n|-boost|p2a: Jirachi|spa|1\n|-boost|p2a: Jirachi|spd|1\n|\n|-weather|none\n|upkeep\n|turn|13\n|\n|t:|1636263110\n|move|p2a: Jirachi|Calm Mind|p2a: Jirachi\n|-boost|p2a: Jirachi|spa|1\n|-boost|p2a: Jirachi|spd|1\n|move|p1a: Magnezone|Thunderbolt|p2a: Jirachi\n|-damage|p2a: Jirachi|64\/100\n|\n|upkeep\n|turn|14\n|\n|t:|1636263117\n|move|p2a: Jirachi|Calm Mind|p2a: Jirachi\n|-boost|p2a: Jirachi|spa|1\n|-boost|p2a: Jirachi|spd|1\n|move|p1a: Magnezone|Thunderbolt|p2a: Jirachi\n|-damage|p2a: Jirachi|47\/100\n|\n|upkeep\n|turn|15\n|\n|t:|1636263123\n|move|p2a: Jirachi|Calm Mind|p2a: Jirachi\n|-boost|p2a: Jirachi|spa|1\n|-boost|p2a: Jirachi|spd|1\n|move|p1a: Magnezone|Thunderbolt|p2a: Jirachi\n|-damage|p2a: Jirachi|31\/100\n|\n|upkeep\n|turn|16\n|\n|t:|1636263137\n|move|p2a: Jirachi|Rain Dance|p2a: Jirachi\n|-weather|RainDance\n|move|p1a: Magnezone|Thunderbolt|p2a: Jirachi\n|-damage|p2a: Jirachi|14\/100\n|\n|-weather|RainDance|[upkeep]\n|upkeep\n|turn|17\n|\n|t:|1636263160\n|move|p2a: Jirachi|Baton Pass|p2a: Jirachi\n|\n|t:|1636263181\n|switch|p2a: Seismitoad|Seismitoad, M|91\/100|[from]move: Baton Pass\n|move|p1a: Magnezone|Thunderbolt|p2a: Seismitoad\n|-immune|p2a: Seismitoad\n|\n|-weather|RainDance|[upkeep]\n|upkeep\n|turn|18\n|\n|t:|1636263236\n|switch|p1a: Charizard|Charizard, M, shiny|100\/100\n|move|p2a: Seismitoad|Ice Punch|p1a: Charizard\n|-damage|p1a: Charizard|58\/100\n|-damage|p2a: Seismitoad|81\/100|[from] item: Life Orb\n|\n|-weather|RainDance|[upkeep]\n|upkeep\n|turn|19\n|\n|t:|1636263254\n|move|p2a: Seismitoad|Liquidation|p1a: Charizard\n|-supereffective|p1a: Charizard\n|-damage|p1a: Charizard|0 fnt\n|faint|p1a: Charizard\n|-damage|p2a: Seismitoad|71\/100|[from] item: Life Orb\n|\n|-weather|RainDance|[upkeep]\n|upkeep\n|\n|t:|1636263261\n|switch|p1a: Venusaur|Venusaur, M|91\/100\n|turn|20\n|\n|t:|1636263325\n|move|p2a: Seismitoad|Ice Punch|p1a: Venusaur\n|-supereffective|p1a: Venusaur\n|-damage|p1a: Venusaur|15\/100\n|-damage|p2a: Seismitoad|61\/100|[from] item: Life Orb\n|move|p1a: Venusaur|Giga Drain|p2a: Seismitoad\n|-supereffective|p2a: Seismitoad\n|-damage|p2a: Seismitoad|0 fnt\n|-heal|p1a: Venusaur|51\/100|[from] drain|[of] p2a: Seismitoad\n|faint|p2a: Seismitoad\n|-damage|p1a: Venusaur|41\/100|[from] item: Life Orb\n|\n|-weather|RainDance|[upkeep]\n|upkeep\n|\n|t:|1636263336\n|switch|p2a: Kingdra|Kingdra, F|100\/100\n|turn|21\n|\n|t:|1636263372\n|switch|p1a: Clefable|Clefable, M, shiny|100\/100\n|move|p2a: Kingdra|Hurricane|p1a: Clefable\n|-damage|p1a: Clefable|55\/100\n|-start|p1a: Clefable|confusion\n|-damage|p2a: Kingdra|91\/100|[from] item: Life Orb\n|\n|-weather|RainDance|[upkeep]\n|upkeep\n|turn|22\n|\n|t:|1636263390\n|move|p2a: Kingdra|Surf|p1a: Clefable\n|-damage|p1a: Clefable|0 fnt\n|faint|p1a: Clefable\n|-damage|p2a: Kingdra|81\/100|[from] item: Life Orb\n|\n|-weather|RainDance|[upkeep]\n|upkeep\n|\n|t:|1636263396\n|switch|p1a: Mimikyu|Mimikyu, M, shiny|100\/100\n|turn|23\n|\n|t:|1636263408\n|move|p2a: Kingdra|Surf|p1a: Mimikyu\n|-activate|p1a: Mimikyu|ability: Disguise\n|-damage|p1a: Mimikyu|100\/100\n|detailschange|p1a: Mimikyu|Mimikyu-Busted, M, shiny\n|-damage|p1a: Mimikyu|88\/100|[from] pokemon: Mimikyu-Busted\n|-damage|p2a: Kingdra|71\/100|[from] item: Life Orb\n|move|p1a: Mimikyu|Play Rough|p2a: Kingdra\n|-supereffective|p2a: Kingdra\n|-damage|p2a: Kingdra|0 fnt\n|faint|p2a: Kingdra\n|-damage|p1a: Mimikyu|78\/100|[from] item: Life Orb\n|\n|-weather|none\n|upkeep\n|\n|t:|1636263432\n|switch|p2a: Jirachi|Jirachi|14\/100\n|turn|24\n|\n|t:|1636263440\n|move|p1a: Mimikyu|Shadow Sneak|p2a: Jirachi\n|-supereffective|p2a: Jirachi\n|-damage|p2a: Jirachi|0 fnt\n|faint|p2a: Jirachi\n|-damage|p1a: Mimikyu|68\/100|[from] item: Life Orb\n|\n|upkeep\n|\n|t:|1636263445\n|switch|p2a: Urshifu|Urshifu-Rapid-Strike, F|100\/100\n|turn|25\n|\n|t:|1636263456\n|-start|p2a: Urshifu|Dynamax\n|-formechange|p2a: Urshifu|Urshifu-Rapid-Strike-Gmax\n|-heal|p2a: Urshifu|100\/100|[silent]\n|move|p1a: Mimikyu|Shadow Sneak|p2a: Urshifu\n|-damage|p2a: Urshifu|90\/100\n|-damage|p1a: Mimikyu|58\/100|[from] item: Life Orb\n|move|p2a: Urshifu|Max Steelspike|p1a: Mimikyu\n|-supereffective|p1a: Mimikyu\n|-damage|p1a: Mimikyu|0 fnt\n|-boost|p2a: Urshifu|def|1\n|faint|p1a: Mimikyu\n|-damage|p2a: Urshifu|85\/100|[from] item: Life Orb\n|\n|upkeep\n|\n|t:|1636263512\n|switch|p1a: Venusaur|Venusaur, M|41\/100\n|turn|26\n|\n|t:|1636263518\n|move|p2a: Urshifu|Max Airstream|p1a: Venusaur\n|-supereffective|p1a: Venusaur\n|-damage|p1a: Venusaur|0 fnt\n|-boost|p2a: Urshifu|spe|1\n|faint|p1a: Venusaur\n|-damage|p2a: Urshifu|80\/100|[from] item: Life Orb\n|\n|upkeep\n|\n|t:|1636263525\n|switch|p1a: Magnezone|Magnezone|100\/100\n|turn|27\n|\n|t:|1636263536\n|move|p2a: Urshifu|Max Knuckle|p1a: Magnezone\n|-supereffective|p1a: Magnezone\n|-damage|p1a: Magnezone|0 fnt\n|-boost|p2a: Urshifu|atk|1\n|faint|p1a: Magnezone\n|-damage|p2a: Urshifu|75\/100|[from] item: Life Orb\n|\n|win|anibunnysomoney\n|l|\u2606S6six\n","uploadtime":1636263577,"views":16,"p1id":"s6six","p2id":"anibunnysomoney","formatid":"gen8anythinggoes","rating":0,"private":0,"password":null}