{"id":"gen8ou-1628227671","p1":"LECH24","p2":"LT91BB Mimi","format":"gen8ou","log":"|j|\u2606LECH24\n|j|\u2606LT91BB Mimi\n|t:|1659145315\n|gametype|singles\n|player|p1|LECH24|169|1806\n|player|p2|LT91BB Mimi|dawn-masters2|1861\n|teamsize|p1|6\n|teamsize|p2|6\n|gen|8\n|tier|[Gen 8] OU\n|rated|\n|rule|Sleep Clause Mod: Limit one foe put to sleep\n|rule|Species Clause: Limit one of each Pok\u00e9mon\n|rule|OHKO Clause: OHKO moves are banned\n|rule|Evasion Moves Clause: Evasion moves are banned\n|rule|Endless Battle Clause: Forcing endless battles is banned\n|rule|HP Percentage Mod: HP is shown in percentages\n|rule|Dynamax Clause: You cannot dynamax\n|clearpoke\n|poke|p1|Clefable, F|\n|poke|p1|Seismitoad, M|\n|poke|p1|Mamoswine, M|\n|poke|p1|Mandibuzz, F|\n|poke|p1|Melmetal|\n|poke|p1|Volcarona, M|\n|poke|p2|Pelipper, M|\n|poke|p2|Barraskewda, F|\n|poke|p2|Regieleki|\n|poke|p2|Tapu Lele|\n|poke|p2|Landorus-Therian, M|\n|poke|p2|Ferrothorn, F|\n|teampreview\n|\n|t:|1659145331\n|start\n|switch|p1a: Seismitoad|Seismitoad, M|100\/100\n|switch|p2a: Pelipprime|Pelipper, M|100\/100\n|-weather|RainDance|[from] ability: Drizzle|[of] p2a: Pelipprime\n|turn|1\n|\n|t:|1659145339\n|move|p2a: Pelipprime|Hurricane|p1a: Seismitoad\n|-damage|p1a: Seismitoad|41\/100\n|-start|p1a: Seismitoad|confusion\n|-activate|p1a: Seismitoad|confusion\n|move|p1a: Seismitoad|Knock Off|p2a: Pelipprime\n|-damage|p2a: Pelipprime|70\/100\n|-enditem|p2a: Pelipprime|Choice Specs|[from] move: Knock Off|[of] p1a: Seismitoad\n|\n|-weather|RainDance|[upkeep]\n|-heal|p1a: Seismitoad|47\/100|[from] item: Leftovers\n|upkeep\n|turn|2\n|\n|t:|1659145345\n|move|p2a: Pelipprime|Hurricane|p1a: Seismitoad\n|-damage|p1a: Seismitoad|12\/100\n|-activate|p1a: Seismitoad|confusion\n|move|p1a: Seismitoad|Stealth Rock|p2a: Pelipprime\n|-sidestart|p2: LT91BB Mimi|move: Stealth Rock\n|\n|-weather|RainDance|[upkeep]\n|-heal|p1a: Seismitoad|18\/100|[from] item: Leftovers\n|upkeep\n|turn|3\n|j| pop smoke\n|\n|t:|1659145367\n|switch|p1a: Melmetal|Melmetal|100\/100\n|move|p2a: Pelipprime|U-turn|p1a: Melmetal\n|-resisted|p1a: Melmetal\n|-damage|p1a: Melmetal|98\/100\n|\n|t:|1659145369\n|switch|p2a: Lando Calrissian|Landorus-Therian, M|100\/100|[from]move: U-turn\n|-damage|p2a: Lando Calrissian|88\/100|[from] Stealth Rock\n|-ability|p2a: Lando Calrissian|Intimidate|boost\n|-unboost|p1a: Melmetal|atk|1\n|\n|-weather|RainDance|[upkeep]\n|-heal|p2a: Lando Calrissian|94\/100|[from] item: Leftovers\n|upkeep\n|turn|4\n|\n|t:|1659145373\n|move|p2a: Lando Calrissian|Stealth Rock|p1a: Melmetal\n|-sidestart|p1: LECH24|move: Stealth Rock\n|move|p1a: Melmetal|Ice Punch|p2a: Lando Calrissian\n|-supereffective|p2a: Lando Calrissian\n|-damage|p2a: Lando Calrissian|1\/100\n|\n|-weather|RainDance|[upkeep]\n|-heal|p2a: Lando Calrissian|7\/100|[from] item: Leftovers\n|upkeep\n|turn|5\n|\n|t:|1659145386\n|switch|p1a: Mandibuzz|Mandibuzz, F|100\/100\n|move|p2a: Lando Calrissian|Earthquake|p1a: Mandibuzz\n|-immune|p1a: Mandibuzz\n|\n|-weather|none\n|-heal|p2a: Lando Calrissian|13\/100|[from] item: Leftovers\n|upkeep\n|turn|6\n|\n|t:|1659145389\n|move|p2a: Lando Calrissian|Knock Off|p1a: Mandibuzz\n|-resisted|p1a: Mandibuzz\n|-damage|p1a: Mandibuzz|91\/100\n|-enditem|p1a: Mandibuzz|Heavy-Duty Boots|[from] move: Knock Off|[of] p2a: Lando Calrissian\n|move|p1a: Mandibuzz|Foul Play|p2a: Lando Calrissian\n|-damage|p2a: Lando Calrissian|0 fnt\n|faint|p2a: Lando Calrissian\n|\n|upkeep\n|j| wish killer\n|\n|t:|1659145411\n|switch|p2a: Tapu Lele Pons|Tapu Lele|100\/100\n|-damage|p2a: Tapu Lele Pons|88\/100|[from] Stealth Rock\n|-fieldstart|move: Psychic Terrain|[from] ability: Psychic Surge|[of] p2a: Tapu Lele Pons\n|turn|7\n|j| wtf kek\n|j| LT91BB rrm\n|\n|t:|1659145418\n|move|p2a: Tapu Lele Pons|Moonblast|p1a: Mandibuzz\n|-supereffective|p1a: Mandibuzz\n|-damage|p1a: Mandibuzz|8\/100\n|move|p1a: Mandibuzz|U-turn|p2a: Tapu Lele Pons\n|-damage|p2a: Tapu Lele Pons|70\/100\n|\n|t:|1659145422\n|switch|p1a: Volcarona|Volcarona, M|100\/100|[from]move: U-turn\n|\n|upkeep\n|turn|8\n|j| aquavanilla\n|l| aquavanilla\n|\n|t:|1659145434\n|switch|p2a: Pelipprime|Pelipper, M|70\/100\n|-damage|p2a: Pelipprime|45\/100|[from] Stealth Rock\n|-weather|RainDance|[from] ability: Drizzle|[of] p2a: Pelipprime\n|move|p1a: Volcarona|Psychic|p2a: Pelipprime\n|-damage|p2a: Pelipprime|0 fnt\n|faint|p2a: Pelipprime\n|\n|-weather|RainDance|[upkeep]\n|upkeep\n|\n|t:|1659145437\n|switch|p2a: Barrack Obama|Barraskewda, F|100\/100\n|-damage|p2a: Barrack Obama|88\/100|[from] Stealth Rock\n|turn|9\n|\n|t:|1659145442\n|switch|p1a: Mandibuzz|Mandibuzz, F|8\/100\n|-damage|p1a: Mandibuzz|0 fnt|[from] Stealth Rock\n|faint|p1a: Mandibuzz\n|move|p2a: Barrack Obama|Close Combat|p1: Mandibuzz|[notarget]\n|-fail|p2a: Barrack Obama\n|\n|-weather|RainDance|[upkeep]\n|upkeep\n|\n|t:|1659145450\n|switch|p1a: Clefable|Clefable, F|100\/100\n|turn|10\n|\n|t:|1659145459\n|switch|p2a: Regieleki|Regieleki|100\/100\n|move|p1a: Clefable|Calm Mind|p1a: Clefable\n|-boost|p1a: Clefable|spa|1\n|-boost|p1a: Clefable|spd|1\n|\n|-weather|RainDance|[upkeep]\n|upkeep\n|turn|11\n|j| passthatj\n|\n|t:|1659145464\n|switch|p1a: Mamoswine|Mamoswine, M|100\/100\n|-damage|p1a: Mamoswine|88\/100|[from] Stealth Rock\n|move|p2a: Regieleki|Electro Ball|p1a: Mamoswine\n|-immune|p1a: Mamoswine\n|\n|-weather|RainDance|[upkeep]\n|-fieldend|move: Psychic Terrain\n|upkeep\n|turn|12\n|j| LT91BB ScarW\n|\n|t:|1659145478\n|move|p2a: Regieleki|Rapid Spin|p1a: Mamoswine\n|-damage|p1a: Mamoswine|76\/100\n|-boost|p2a: Regieleki|spe|1\n|-sideend|p2: LT91BB Mimi|Stealth Rock|[from] move: Rapid Spin|[of] p2a: Regieleki\n|move|p1a: Mamoswine|Earthquake|p2a: Regieleki\n|-supereffective|p2a: Regieleki\n|-damage|p2a: Regieleki|0 fnt\n|faint|p2a: Regieleki\n|\n|-weather|none\n|upkeep\n|\n|t:|1659145480\n|switch|p2a: Barrack Obama|Barraskewda, F|88\/100\n|turn|13\n|j| LT91BB 69\n|\n|t:|1659145492\n|switch|p1a: Seismitoad|Seismitoad, M|18\/100\n|-damage|p1a: Seismitoad|12\/100|[from] Stealth Rock\n|move|p2a: Barrack Obama|Close Combat|p1a: Seismitoad\n|-damage|p1a: Seismitoad|0 fnt\n|-unboost|p2a: Barrack Obama|def|1\n|-unboost|p2a: Barrack Obama|spd|1\n|faint|p1a: Seismitoad\n|\n|upkeep\n|j| Tubitr\n|\n|t:|1659145497\n|switch|p1a: Volcarona|Volcarona, M|100\/100\n|turn|14\n|j| LT91BB luna\n|\n|t:|1659145514\n|switch|p2a: Ferro Thornberry|Ferrothorn, F|100\/100\n|move|p1a: Volcarona|Quiver Dance|p1a: Volcarona\n|-boost|p1a: Volcarona|spa|1\n|-boost|p1a: Volcarona|spd|1\n|-boost|p1a: Volcarona|spe|1\n|\n|upkeep\n|turn|15\n|\n|t:|1659145517\n|move|p1a: Volcarona|Flamethrower|p2a: Ferro Thornberry\n|-supereffective|p2a: Ferro Thornberry\n|-damage|p2a: Ferro Thornberry|0 fnt\n|faint|p2a: Ferro Thornberry\n|\n|upkeep\n|\n|t:|1659145518\n|switch|p2a: Barrack Obama|Barraskewda, F|88\/100\n|turn|16\n|\n|t:|1659145520\n|move|p2a: Barrack Obama|Aqua Jet|p1a: Volcarona\n|-supereffective|p1a: Volcarona\n|-damage|p1a: Volcarona|34\/100\n|move|p1a: Volcarona|Psychic|p2a: Barrack Obama\n|-damage|p2a: Barrack Obama|4\/100\n|\n|upkeep\n|turn|17\n|\n|t:|1659145525\n|switch|p1a: Melmetal|Melmetal|98\/100\n|-damage|p1a: Melmetal|92\/100|[from] Stealth Rock\n|move|p2a: Barrack Obama|Aqua Jet|p1a: Melmetal\n|-damage|p1a: Melmetal|72\/100\n|\n|upkeep\n|turn|18\n|\n|t:|1659145527\n|move|p2a: Barrack Obama|Aqua Jet|p1a: Melmetal\n|-damage|p1a: Melmetal|49\/100\n|move|p1a: Melmetal|Double Iron Bash|p2a: Barrack Obama\n|-resisted|p2a: Barrack Obama\n|-damage|p2a: Barrack Obama|0 fnt\n|faint|p2a: Barrack Obama\n|-hitcount|p2: Barrack Obama|1\n|\n|upkeep\n|\n|t:|1659145530\n|switch|p2a: Tapu Lele Pons|Tapu Lele|70\/100\n|-fieldstart|move: Psychic Terrain|[from] ability: Psychic Surge|[of] p2a: Tapu Lele Pons\n|turn|19\n|\n|t:|1659145533\n|move|p2a: Tapu Lele Pons|Psychic|p1a: Melmetal\n|-resisted|p1a: Melmetal\n|-damage|p1a: Melmetal|31\/100\n|move|p1a: Melmetal|Double Iron Bash|p2a: Tapu Lele Pons\n|-supereffective|p2a: Tapu Lele Pons\n|-damage|p2a: Tapu Lele Pons|0 fnt\n|faint|p2a: Tapu Lele Pons\n|-hitcount|p2: Tapu Lele Pons|1\n|\n|win|LECH24\n|raw|LECH24's rating: 1806 &rarr; <strong>1829<\/strong><br \/>(+23 for winning)\n|raw|LT91BB Mimi's rating: 1861 &rarr; <strong>1838<\/strong><br \/>(-23 for losing)\n|l|\u2606LT91BB Mimi\n|l| LT91BB luna\n|l|\u2606LECH24\n|j|\u2606LECH24\n|player|p1|LECH24|169\n||Ladder isn't responding, score probably updated but might not have (Request timeout).\n|l| wtf kek\n|l| Tubitr\n|l| LT91BB ScarW\n|l|\u2606LECH24\n|player|p1|\n|l| LT91BB 69\n|j| ltdda4cher\n","uploadtime":1659146319,"views":48,"p1id":"lech24","p2id":"lt91bbmimi","formatid":"gen8ou","rating":1829,"private":0,"password":null}