{"id":"gen8oubeta-1011629330","p1":"Lunar Neo","p2":"K1NGDR4 G0NIT3","format":"gen8oubeta","log":"|j|\u2606Lunar Neo\n|j|\u2606K1NGDR4 G0NIT3\n|player|p1|Lunar Neo|248|1393\n|player|p2|K1NGDR4 G0NIT3|lass-gen4dp|1396\n|teamsize|p1|6\n|teamsize|p2|6\n|gametype|singles\n|gen|8\n|tier|[Gen 8] OU (beta)\n|rated|\n|rule|Sleep Clause Mod: Limit one foe put to sleep\n|rule|Species Clause: Limit one of each Pok\u00e9mon\n|rule|OHKO Clause: OHKO moves are banned\n|rule|Moody Clause: Moody is banned\n|rule|Evasion Moves Clause: Evasion moves are banned\n|rule|Endless Battle Clause: Forcing endless battles is banned\n|rule|HP Percentage Mod: HP is shown in percentages\n|clearpoke\n|poke|p1|Hydreigon, M|item\n|poke|p1|Mamoswine, M|item\n|poke|p1|Aegislash, F|item\n|poke|p1|Clefable, M|item\n|poke|p1|Quagsire, M|item\n|poke|p1|Toxtricity, F|item\n|poke|p2|Excadrill, F|item\n|poke|p2|Gyarados, M|item\n|poke|p2|Bisharp, F|item\n|poke|p2|Polteageist|item\n|poke|p2|Ditto|item\n|poke|p2|Dragapult, F|item\n|teampreview\n|inactive|Battle timer is ON: inactive players will automatically lose when time's up. (requested by K1NGDR4 G0NIT3)\n|\n|start\n|switch|p1a: Mamoswine|Mamoswine, M|100\/100\n|switch|p2a: Dragapult|Dragapult, F|100\/100\n|turn|1\n|\n|move|p2a: Dragapult|U-turn|p1a: Mamoswine\n|-damage|p1a: Mamoswine|85\/100\n|\n|switch|p2a: Gyarados|Gyarados, M|100\/100|[from]move: U-turn\n|move|p1a: Mamoswine|Earthquake|p2a: Gyarados\n|-immune|p2a: Gyarados\n|\n|upkeep\n|turn|2\n|j| nut locker\n|\n|switch|p1a: Quagsire|Quagsire, M|100\/100\n|move|p2a: Gyarados|Waterfall|p1a: Quagsire\n|-damage|p1a: Quagsire|68\/100\n|\n|-heal|p1a: Quagsire|74\/100|[from] item: Leftovers\n|upkeep\n|turn|3\n|l| nut locker\n|\n|switch|p1a: Hydreigon|Hydreigon, M|100\/100\n|move|p2a: Gyarados|Power Whip|p1a: Hydreigon\n|-resisted|p1a: Hydreigon\n|-damage|p1a: Hydreigon|74\/100\n|\n|upkeep\n|turn|4\n|\n|-start|p2a: Gyarados|Dynamax\n|-heal|p2a: Gyarados|100\/100|[from] Dynamax\n|move|p1a: Hydreigon|Dark Pulse|p2a: Gyarados\n|-damage|p2a: Gyarados|72\/100\n|-damage|p1a: Hydreigon|64\/100|[from] item: Life Orb\n|move|p2a: Gyarados|Max Airstream|p1a: Hydreigon\n|-damage|p1a: Hydreigon|0 fnt\n|-boost|p2a: Gyarados|spe|1\n|faint|p1a: Hydreigon\n|-ability|p2a: Gyarados|Moxie|boost\n|-boost|p2a: Gyarados|atk|1\n|\n|upkeep\n|\n|switch|p1a: Toxtricity|Toxtricity, F|100\/100\n|turn|5\n|\n|-start|p1a: Toxtricity|Dynamax\n|-heal|p1a: Toxtricity|100\/100|[from] Dynamax\n|move|p2a: Gyarados|Max Geyser|p1a: Toxtricity\n|-damage|p1a: Toxtricity|9\/100\n|-weather|RainDance\n|move|p1a: Toxtricity|Max Lightning|p2a: Gyarados\n|-supereffective|p2a: Gyarados\n|-damage|p2a: Gyarados|0 fnt\n|-fieldstart|move: Electric Terrain\n|faint|p2a: Gyarados\n|\n|-weather|RainDance|[upkeep]\n|upkeep\n|\n|switch|p2a: Excadrill|Excadrill, F|100\/100\n|-ability|p2a: Excadrill|Mold Breaker\n|turn|6\n|\n|move|p2a: Excadrill|Earthquake|p1a: Toxtricity\n|-supereffective|p1a: Toxtricity\n|-damage|p1a: Toxtricity|0 fnt\n|faint|p1a: Toxtricity\n|\n|-weather|RainDance|[upkeep]\n|upkeep\n|\n|switch|p1a: Quagsire|Quagsire, M|74\/100\n|turn|7\n|\n|switch|p2a: Ditto|Ditto|100\/100\n|-transform|p2a: Ditto|p1a: Quagsire|[from] ability: Imposter\n|move|p1a: Quagsire|Scald|p2a: Ditto\n|-damage|p2a: Ditto|55\/100\n|\n|-weather|RainDance|[upkeep]\n|-heal|p1a: Quagsire|80\/100|[from] item: Leftovers\n|upkeep\n|turn|8\n|\n|switch|p1a: Aegislash|Aegislash, F|100\/100\n|move|p2a: Ditto|Recover|p2a: Ditto\n|-heal|p2a: Ditto|100\/100\n|\n|-weather|RainDance|[upkeep]\n|upkeep\n|turn|9\n|\n|switch|p2a: Bisharp|Bisharp, F|100\/100\n|-formechange|p1a: Aegislash|Aegislash-Blade||[from] ability: Stance Change\n|move|p1a: Aegislash|Sacred Sword|p2a: Bisharp\n|-supereffective|p2a: Bisharp\n|-damage|p2a: Bisharp|0 fnt\n|faint|p2a: Bisharp\n|\n|-weather|none\n|-fieldend|move: Electric Terrain\n|upkeep\n|\n|switch|p2a: Dragapult|Dragapult, F|100\/100\n|turn|10\n|\n|switch|p1a: Clefable|Clefable, M|100\/100\n|move|p2a: Dragapult|Shadow Ball|p1a: Clefable\n|-damage|p1a: Clefable|58\/100\n|\n|-heal|p1a: Clefable|64\/100|[from] item: Leftovers\n|upkeep\n|turn|11\n|\n|move|p2a: Dragapult|Shadow Ball|p1a: Clefable\n|-damage|p1a: Clefable|25\/100\n|move|p1a: Clefable|Moonblast|p2a: Dragapult\n|-supereffective|p2a: Dragapult\n|-damage|p2a: Dragapult|9\/100\n|\n|-heal|p1a: Clefable|31\/100|[from] item: Leftovers\n|upkeep\n|turn|12\n|\n|move|p2a: Dragapult|Shadow Ball|p1a: Clefable\n|-damage|p1a: Clefable|0 fnt\n|faint|p1a: Clefable\n|\n|upkeep\n|\n|switch|p1a: Mamoswine|Mamoswine, M|85\/100\n|turn|13\n|\n|move|p1a: Mamoswine|Ice Shard|p2a: Dragapult\n|-supereffective|p2a: Dragapult\n|-damage|p2a: Dragapult|0 fnt\n|faint|p2a: Dragapult\n|\n|upkeep\n|\n|switch|p2a: Ditto|Ditto|100\/100\n|-transform|p2a: Ditto|p1a: Mamoswine|[from] ability: Imposter\n|turn|14\n|\n|move|p2a: Ditto|Earthquake|p1a: Mamoswine\n|-damage|p1a: Mamoswine|33\/100\n|move|p1a: Mamoswine|Earthquake|p2a: Ditto\n|-damage|p2a: Ditto|17\/100\n|\n|upkeep\n|turn|15\n|\n|move|p1a: Mamoswine|Ice Shard|p2a: Ditto\n|-damage|p2a: Ditto|1\/100\n|move|p2a: Ditto|Earthquake|p1a: Mamoswine\n|-damage|p1a: Mamoswine|0 fnt\n|faint|p1a: Mamoswine\n|\n|upkeep\n|\n|switch|p1a: Quagsire|Quagsire, M|80\/100\n|turn|16\n|\n|move|p2a: Ditto|Earthquake|p1a: Quagsire\n|-damage|p1a: Quagsire|41\/100\n|move|p1a: Quagsire|Recover|p1a: Quagsire\n|-heal|p1a: Quagsire|91\/100\n|\n|-heal|p1a: Quagsire|97\/100|[from] item: Leftovers\n|upkeep\n|turn|17\n|\n|move|p2a: Ditto|Earthquake|p1a: Quagsire\n|-damage|p1a: Quagsire|59\/100\n|move|p1a: Quagsire|Scald|p2a: Ditto\n|-supereffective|p2a: Ditto\n|-damage|p2a: Ditto|0 fnt\n|faint|p2a: Ditto\n|\n|-heal|p1a: Quagsire|65\/100|[from] item: Leftovers\n|upkeep\n|\n|switch|p2a: Polteageist|Polteageist|100\/100\n|turn|18\n|\n|switch|p1a: Aegislash|Aegislash, F|100\/100\n|move|p2a: Polteageist|Shell Smash|p2a: Polteageist\n|-unboost|p2a: Polteageist|def|1\n|-unboost|p2a: Polteageist|spd|1\n|-boost|p2a: Polteageist|atk|2\n|-boost|p2a: Polteageist|spa|2\n|-boost|p2a: Polteageist|spe|2\n|\n|upkeep\n|turn|19\n|\n|move|p2a: Polteageist|Shadow Ball|p1a: Aegislash\n|-supereffective|p1a: Aegislash\n|-damage|p1a: Aegislash|0 fnt\n|faint|p1a: Aegislash\n|\n|upkeep\n|\n|switch|p1a: Quagsire|Quagsire, M|65\/100\n|turn|20\n|\n|move|p2a: Polteageist|Giga Drain|p1a: Quagsire\n|-supereffective|p1a: Quagsire\n|-damage|p1a: Quagsire|0 fnt\n|faint|p1a: Quagsire\n|\n|win|K1NGDR4 G0NIT3\n|c|\u2606K1NGDR4 G0NIT3|gg\n","uploadtime":1574039605,"views":9,"p1id":"lunarneo","p2id":"k1ngdr4g0nit3","formatid":"gen8oubeta","rating":0,"private":0,"password":null}