{"id":"gen8nationaldexag-1657650905","p1":"Meracx","p2":"myrtille deter","format":"gen8nationaldexag","log":"|j|\u2606Meracx\n|j|\u2606myrtille deter\n|t:|1662484628\n|gametype|singles\n|player|p1|Meracx|thorton|\n|player|p2|myrtille deter|battlegirl|\n|teamsize|p1|6\n|teamsize|p2|6\n|gen|8\n|tier|[Gen 8] National Dex AG\n|rule|HP Percentage Mod: HP is shown in percentages\n|rule|Endless Battle Clause: Forcing endless battles is banned\n|clearpoke\n|poke|p1|Inteleon, F|\n|poke|p1|Sableye, F|\n|poke|p1|Mew|\n|poke|p1|Ursaring, M|\n|poke|p1|Polteageist|\n|poke|p1|Clefable, F|\n|poke|p2|Clefable, F|\n|poke|p2|Celebi|\n|poke|p2|Jirachi|\n|poke|p2|Mew|\n|poke|p2|Azelf|\n|poke|p2|Diancie|\n|teampreview\n|inactive|Battle timer is ON: inactive players will automatically lose when time's up. (requested by myrtille deter)\n|\n|t:|1662484634\n|start\n|switch|p1a: Ursaring|Ursaring, M|100\/100\n|switch|p2a: Princesse Barbie|Diancie|100\/100\n|turn|1\n|\n|t:|1662484637\n|detailschange|p2a: Princesse Barbie|Diancie-Mega\n|-mega|p2a: Princesse Barbie|Diancie|Diancite\n|move|p2a: Princesse Barbie|Metronome|p2a: Princesse Barbie\n|move|p2a: Princesse Barbie|Stuff Cheeks||[from]move: Metronome|[still]\n|-fail|p2a: Princesse Barbie\n|move|p1a: Ursaring|Metronome|p1a: Ursaring\n|move|p1a: Ursaring|Vital Throw|p2a: Princesse Barbie|[from]move: Metronome\n|-damage|p2a: Princesse Barbie|53\/100\n|\n|upkeep\n|turn|2\n|\n|t:|1662484646\n|move|p2a: Princesse Barbie|Metronome|p2a: Princesse Barbie\n|move|p2a: Princesse Barbie|Roar of Time|p1a: Ursaring|[from]move: Metronome\n|-damage|p1a: Ursaring|24\/100\n|-mustrecharge|p2a: Princesse Barbie\n|move|p1a: Ursaring|Metronome|p1a: Ursaring\n|move|p1a: Ursaring|Mega Kick|p2a: Princesse Barbie|[from]move: Metronome\n|-resisted|p2a: Princesse Barbie\n|-damage|p2a: Princesse Barbie|0 fnt\n|faint|p2a: Princesse Barbie\n|\n|upkeep\n|\n|t:|1662484654\n|switch|p2a: Barbapapa|Mew|100\/100\n|turn|3\n|\n|t:|1662484656\n|move|p2a: Barbapapa|Metronome|p2a: Barbapapa\n|move|p2a: Barbapapa|Darkest Lariat|p1a: Ursaring|[from]move: Metronome\n|-damage|p1a: Ursaring|0 fnt\n|faint|p1a: Ursaring\n|\n|upkeep\n|c|\u2606myrtille deter|Wesh\n|\n|t:|1662484661\n|switch|p1a: Sableye|Sableye, F|100\/100\n|turn|4\n|c|\u2606myrtille deter|je maintiens que joueur de Mega-Tenefix = cancel\n|\n|t:|1662484680\n|detailschange|p1a: Sableye|Sableye-Mega, F\n|-mega|p1a: Sableye|Sableye|Sablenite\n|move|p2a: Barbapapa|Metronome|p2a: Barbapapa\n|move|p2a: Barbapapa|Magic Powder|p1a: Sableye|[from]move: Metronome\n|move|p1a: Sableye|Magic Powder||[from]ability: Magic Bounce|[still]\n|-fail|p1a: Sableye\n|move|p1a: Sableye|Metronome|p1a: Sableye\n|move|p1a: Sableye|Purify|p2a: Barbapapa|[from]move: Metronome\n|\n|upkeep\n|turn|5\n|c|\u2606Meracx|T'as aussi un Magic Bounce\n|c|\u2606Meracx|Argument rejet\u00e9\n|\n|t:|1662484697\n|move|p2a: Barbapapa|Metronome|p2a: Barbapapa\n|move|p2a: Barbapapa|Venom Drench|p1a: Sableye|[from]move: Metronome\n|move|p1a: Sableye|Venom Drench||[from]ability: Magic Bounce|[still]\n|-fail|p1a: Sableye\n|move|p1a: Sableye|Metronome|p1a: Sableye\n|move|p1a: Sableye|Zen Headbutt|p2a: Barbapapa|[from]move: Metronome\n|-resisted|p2a: Barbapapa\n|-damage|p2a: Barbapapa|89\/100\n|\n|-heal|p2a: Barbapapa|95\/100|[from] item: Leftovers\n|upkeep\n|turn|6\n|c|\u2606myrtille deter|Oui mais il a pas 3 immunit\u00e9s et des grosses d\u00e9fenses lui\n|\n|t:|1662484711\n|move|p2a: Barbapapa|Metronome|p2a: Barbapapa\n|move|p2a: Barbapapa|Milk Drink|p2a: Barbapapa|[from]move: Metronome\n|-heal|p2a: Barbapapa|100\/100\n|move|p1a: Sableye|Metronome|p1a: Sableye\n|move|p1a: Sableye|Magma Storm|p2a: Barbapapa|[from]move: Metronome\n|-damage|p2a: Barbapapa|79\/100\n|-activate|p2a: Barbapapa|move: Magma Storm|[of] p1a: Sableye\n|\n|-heal|p2a: Barbapapa|85\/100|[from] item: Leftovers\n|-damage|p2a: Barbapapa|73\/100|[from] move: Magma Storm|[partiallytrapped]\n|upkeep\n|turn|7\n|\n|t:|1662484718\n|move|p2a: Barbapapa|Metronome|p2a: Barbapapa\n|move|p2a: Barbapapa|Bind|p1a: Sableye|[from]move: Metronome\n|-immune|p1a: Sableye\n|move|p1a: Sableye|Metronome|p1a: Sableye\n|move|p1a: Sableye|Sunny Day|p1a: Sableye|[from]move: Metronome\n|-weather|SunnyDay\n|\n|-weather|SunnyDay|[upkeep]\n|-heal|p2a: Barbapapa|79\/100|[from] item: Leftovers\n|-damage|p2a: Barbapapa|67\/100|[from] move: Magma Storm|[partiallytrapped]\n|upkeep\n|turn|8\n|\n|t:|1662484726\n|move|p2a: Barbapapa|Metronome|p2a: Barbapapa\n|move|p2a: Barbapapa|Scale Shot|p1a: Sableye|[from]move: Metronome\n|-damage|p1a: Sableye|93\/100\n|-damage|p1a: Sableye|86\/100\n|-damage|p1a: Sableye|78\/100\n|-damage|p1a: Sableye|70\/100\n|-hitcount|p1a: Sableye|4\n|-unboost|p2a: Barbapapa|def|1\n|-boost|p2a: Barbapapa|spe|1\n|move|p1a: Sableye|Metronome|p1a: Sableye\n|move|p1a: Sableye|Double Hit|p2a: Barbapapa|[from]move: Metronome|[miss]\n|-miss|p1a: Sableye|p2a: Barbapapa\n|\n|-weather|SunnyDay|[upkeep]\n|-heal|p2a: Barbapapa|73\/100|[from] item: Leftovers\n|-damage|p2a: Barbapapa|61\/100|[from] move: Magma Storm|[partiallytrapped]\n|upkeep\n|turn|9\n|\n|t:|1662484738\n|move|p2a: Barbapapa|Metronome|p2a: Barbapapa\n|move|p2a: Barbapapa|Take Down|p1a: Sableye|[from]move: Metronome\n|-immune|p1a: Sableye\n|move|p1a: Sableye|Metronome|p1a: Sableye\n|move|p1a: Sableye|Water Shuriken|p2a: Barbapapa|[from]move: Metronome\n|-damage|p2a: Barbapapa|59\/100\n|-damage|p2a: Barbapapa|58\/100\n|-hitcount|p2a: Barbapapa|2\n|\n|-weather|SunnyDay|[upkeep]\n|-heal|p2a: Barbapapa|64\/100|[from] item: Leftovers\n|-damage|p2a: Barbapapa|52\/100|[from] move: Magma Storm|[partiallytrapped]\n|upkeep\n|turn|10\n|\n|t:|1662484744\n|move|p2a: Barbapapa|Metronome|p2a: Barbapapa\n|move|p2a: Barbapapa|Avalanche|p1a: Sableye|[from]move: Metronome\n|-damage|p1a: Sableye|52\/100\n|move|p1a: Sableye|Metronome|p1a: Sableye\n|move|p1a: Sableye|Pin Missile|p2a: Barbapapa|[from]move: Metronome\n|-supereffective|p2a: Barbapapa\n|-damage|p2a: Barbapapa|32\/100\n|-supereffective|p2a: Barbapapa\n|-damage|p2a: Barbapapa|9\/100\n|-supereffective|p2a: Barbapapa\n|-damage|p2a: Barbapapa|0 fnt\n|faint|p2a: Barbapapa\n|-hitcount|p2: Barbapapa|3\n|\n|-weather|SunnyDay|[upkeep]\n|upkeep\n|\n|t:|1662484753\n|switch|p2a: Unaware ma gueule|Clefable, F|100\/100\n|turn|11\n|\n|t:|1662484755\n|move|p2a: Unaware ma gueule|Metronome|p2a: Unaware ma gueule\n|move|p2a: Unaware ma gueule|Head Smash|p1a: Sableye|[from]move: Metronome\n|-damage|p1a: Sableye|24\/100\n|move|p1a: Sableye|Metronome|p1a: Sableye\n|move|p1a: Sableye|Burn Up||[from]move: Metronome|[still]\n|-fail|p1a: Sableye|move: Burn Up\n|\n|-weather|none\n|upkeep\n|turn|12\n|\n|t:|1662484761\n|move|p2a: Unaware ma gueule|Metronome|p2a: Unaware ma gueule\n|move|p2a: Unaware ma gueule|Leaf Storm|p1a: Sableye|[from]move: Metronome|[miss]\n|-miss|p2a: Unaware ma gueule|p1a: Sableye\n|move|p1a: Sableye|Metronome|p1a: Sableye\n|move|p1a: Sableye|Hammer Arm|p2a: Unaware ma gueule|[from]move: Metronome\n|-resisted|p2a: Unaware ma gueule\n|-damage|p2a: Unaware ma gueule|84\/100\n|-unboost|p1a: Sableye|spe|1\n|\n|upkeep\n|turn|13\n|\n|t:|1662484768\n|move|p2a: Unaware ma gueule|Metronome|p2a: Unaware ma gueule\n|move|p2a: Unaware ma gueule|Bullet Seed|p1a: Sableye|[from]move: Metronome\n|-damage|p1a: Sableye|19\/100\n|-damage|p1a: Sableye|13\/100\n|-damage|p1a: Sableye|7\/100\n|-hitcount|p1a: Sableye|3\n|move|p1a: Sableye|Metronome|p1a: Sableye\n|move|p1a: Sableye|Iron Head|p2a: Unaware ma gueule|[from]move: Metronome\n|-supereffective|p2a: Unaware ma gueule\n|-damage|p2a: Unaware ma gueule|31\/100\n|\n|upkeep\n|turn|14\n|\n|t:|1662484785\n|move|p2a: Unaware ma gueule|Metronome|p2a: Unaware ma gueule\n|move|p2a: Unaware ma gueule|Burn Up||[from]move: Metronome|[still]\n|-fail|p2a: Unaware ma gueule|move: Burn Up\n|move|p1a: Sableye|Metronome|p1a: Sableye\n|move|p1a: Sableye|Boomburst|p2a: Unaware ma gueule|[from]move: Metronome\n|-damage|p2a: Unaware ma gueule|3\/100\n|\n|upkeep\n|turn|15\n|c|\u2606myrtille deter|!data burn up\n|raw|<ul class=\"utilichart\"><li class=\"result\"><span class=\"col movenamecol\"><a href=\"https:\/\/dex.pokemonshowdown.com\/moves\/burnup\">Burn Up<\/a><\/span> <span class=\"col typecol\"><img src=\"\/\/play.pokemonshowdown.com\/sprites\/types\/Fire.png\" alt=\"Fire\" width=\"32\" height=\"14\"><img src=\"\/\/play.pokemonshowdown.com\/sprites\/categories\/Special.png\" alt=\"Special\" width=\"32\" height=\"14\"><\/span> <span class=\"col labelcol\"><em>Power<\/em><br>130<\/span> <span class=\"col widelabelcol\"><em>Accuracy<\/em><br>100%<\/span> <span class=\"col pplabelcol\"><em>PP<\/em><br>8<\/span> <span class=\"col movedesccol\">User's Fire type becomes typeless; must be Fire.<\/span> <\/li><li style=\"clear:both\"><\/li><\/ul>\n\n|\n|t:|1662484797\n|move|p2a: Unaware ma gueule|Metronome|p2a: Unaware ma gueule\n|move|p2a: Unaware ma gueule|Leaf Tornado|p1a: Sableye|[from]move: Metronome\n|-damage|p1a: Sableye|0 fnt\n|faint|p1a: Sableye\n|\n|upkeep\n|\n|t:|1662484803\n|switch|p1a: Clefable|Clefable, F|100\/100\n|turn|16\n|\n|t:|1662484806\n|move|p1a: Clefable|Metronome|p1a: Clefable\n|move|p1a: Clefable|Astonish|p2a: Unaware ma gueule|[from]move: Metronome\n|-damage|p2a: Unaware ma gueule|0 fnt\n|faint|p2a: Unaware ma gueule\n|\n|upkeep\n|\n|t:|1662484811\n|switch|p2a: j'te haxx|Jirachi, shiny|100\/100\n|turn|17\n|\n|t:|1662484813\n|move|p1a: Clefable|Metronome|p1a: Clefable\n|move|p1a: Clefable|Stealth Rock|p2a: j'te haxx|[from]move: Metronome\n|-sidestart|p2: myrtille deter|move: Stealth Rock\n|-zpower|p2a: j'te haxx\n|move|p2a: j'te haxx|Z-Metronome|p2a: j'te haxx|[anim]Metronome\n|move|p2a: j'te haxx|Supersonic Skystrike|p1a: Clefable|[from]move: Metronome\n|-damage|p1a: Clefable|15\/100\n|\n|upkeep\n|turn|18\n|c|\u2606Meracx|Le Clef m\u00e9ta\n|c|\u2606Meracx|OOF\n|c|\u2606Meracx|Le Z Brave Bird\n|\n|t:|1662484828\n|move|p1a: Clefable|Metronome|p1a: Clefable\n|move|p1a: Clefable|Double Kick|p2a: j'te haxx|[from]move: Metronome\n|-damage|p2a: j'te haxx|95\/100\n|-damage|p2a: j'te haxx|90\/100\n|-hitcount|p2a: j'te haxx|2\n|move|p2a: j'te haxx|Metronome|p2a: j'te haxx\n|move|p2a: j'te haxx|Spore|p1a: Clefable|[from]move: Metronome\n|-status|p1a: Clefable|slp|[from] move: Spore\n|\n|upkeep\n|turn|19\n|c|\u2606myrtille deter|Le Z Aeroblast\n|\n|t:|1662484836\n|cant|p1a: Clefable|slp\n|move|p2a: j'te haxx|Metronome|p2a: j'te haxx\n|move|p2a: j'te haxx|Recycle||[from]move: Metronome|[still]\n|-fail|p2a: j'te haxx\n|\n|upkeep\n|turn|20\n|c|\u2606myrtille deter|OH OUI\n|\n|t:|1662484841\n|cant|p1a: Clefable|slp\n|move|p2a: j'te haxx|Metronome|p2a: j'te haxx\n|move|p2a: j'te haxx|Whirlwind|p1a: Clefable|[from]move: Metronome\n|drag|p1a: Mew|Mew|100\/100\n|\n|upkeep\n|turn|21\n|c|\u2606Meracx|Merci\n|c|\u2606myrtille deter|...\n|\n|t:|1662484849\n|-zpower|p1a: Mew\n|move|p1a: Mew|Z-Metronome|p1a: Mew|[anim]Metronome\n|move|p1a: Mew|Savage Spin-Out|p2a: j'te haxx|[from]move: Metronome\n|-damage|p2a: j'te haxx|66\/100\n|move|p2a: j'te haxx|Metronome|p2a: j'te haxx\n|move|p2a: j'te haxx|Triple Kick|p1a: Mew|[from]move: Metronome\n|-resisted|p1a: Mew\n|-damage|p1a: Mew|99\/100\n|-resisted|p1a: Mew\n|-damage|p1a: Mew|96\/100\n|-hitcount|p1a: Mew|2\n|\n|upkeep\n|turn|22\n|\n|t:|1662484861\n|move|p1a: Mew|Metronome|p1a: Mew\n|move|p1a: Mew|Lunge|p2a: j'te haxx|[from]move: Metronome\n|-damage|p2a: j'te haxx|47\/100\n|-unboost|p2a: j'te haxx|atk|1\n|move|p2a: j'te haxx|Metronome|p2a: j'te haxx\n|move|p2a: j'te haxx|Vise Grip|p1a: Mew|[from]move: Metronome\n|-damage|p1a: Mew|84\/100\n|\n|upkeep\n|turn|23\n|c|\u2606myrtille deter|!data lunge\n|raw|<ul class=\"utilichart\"><li class=\"result\"><span class=\"col movenamecol\"><a href=\"https:\/\/dex.pokemonshowdown.com\/moves\/lunge\">Lunge<\/a><\/span> <span class=\"col typecol\"><img src=\"\/\/play.pokemonshowdown.com\/sprites\/types\/Bug.png\" alt=\"Bug\" width=\"32\" height=\"14\"><img src=\"\/\/play.pokemonshowdown.com\/sprites\/categories\/Physical.png\" alt=\"Physical\" width=\"32\" height=\"14\"><\/span> <span class=\"col labelcol\"><em>Power<\/em><br>80<\/span> <span class=\"col widelabelcol\"><em>Accuracy<\/em><br>100%<\/span> <span class=\"col pplabelcol\"><em>PP<\/em><br>24<\/span> <span class=\"col movedesccol\">100% chance to lower the target's Attack by 1.<\/span> <\/li><li style=\"clear:both\"><\/li><\/ul>\n\n|\n|t:|1662484870\n|move|p1a: Mew|Metronome|p1a: Mew\n|move|p1a: Mew|Heat Wave|p2a: j'te haxx|[from]move: Metronome\n|-supereffective|p2a: j'te haxx\n|-damage|p2a: j'te haxx|0 fnt\n|faint|p2a: j'te haxx\n|\n|upkeep\n|\n|t:|1662484873\n|switch|p2a: Oui m\u00e9 c\u00e9 rar|Celebi, shiny|100\/100\n|-damage|p2a: Oui m\u00e9 c\u00e9 rar|88\/100|[from] Stealth Rock\n|turn|24\n|\n|t:|1662484876\n|move|p1a: Mew|Metronome|p1a: Mew\n|move|p1a: Mew|Acid Spray|p2a: Oui m\u00e9 c\u00e9 rar|[from]move: Metronome\n|-supereffective|p2a: Oui m\u00e9 c\u00e9 rar\n|-damage|p2a: Oui m\u00e9 c\u00e9 rar|66\/100\n|-unboost|p2a: Oui m\u00e9 c\u00e9 rar|spd|2\n|-enditem|p2a: Oui m\u00e9 c\u00e9 rar|Weakness Policy\n|-boost|p2a: Oui m\u00e9 c\u00e9 rar|atk|2|[from] item: Weakness Policy\n|-boost|p2a: Oui m\u00e9 c\u00e9 rar|spa|2|[from] item: Weakness Policy\n|move|p2a: Oui m\u00e9 c\u00e9 rar|Metronome|p2a: Oui m\u00e9 c\u00e9 rar\n|move|p2a: Oui m\u00e9 c\u00e9 rar|Recycle|p2a: Oui m\u00e9 c\u00e9 rar|[from]move: Metronome\n|-item|p2a: Oui m\u00e9 c\u00e9 rar|Weakness Policy|[from] move: Recycle\n|\n|upkeep\n|turn|25\n|c|\u2606Meracx|OH\n|c|\u2606myrtille deter|GO GO GO\n|c|\u2606Meracx|MAIS\n|c|\u2606Meracx|MAIS MAIS MAIS\n|c|\u2606myrtille deter|VAS Y CELEBITE\n|\n|t:|1662484894\n|move|p1a: Mew|Metronome|p1a: Mew\n|move|p1a: Mew|Swords Dance|p1a: Mew|[from]move: Metronome\n|-boost|p1a: Mew|atk|2\n|move|p2a: Oui m\u00e9 c\u00e9 rar|Metronome|p2a: Oui m\u00e9 c\u00e9 rar\n|move|p2a: Oui m\u00e9 c\u00e9 rar|Spark|p1a: Mew|[from]move: Metronome\n|-damage|p1a: Mew|45\/100\n|-status|p1a: Mew|par\n|-activate|p1a: Mew|ability: Synchronize\n|-status|p2a: Oui m\u00e9 c\u00e9 rar|par\n|\n|upkeep\n|turn|26\n|c|\u2606myrtille deter|NON\n|c|\u2606myrtille deter|CELEBITE\n|\n|t:|1662484905\n|move|p1a: Mew|Metronome|p1a: Mew\n|move|p1a: Mew|Substitute|p1a: Mew|[from]move: Metronome\n|-start|p1a: Mew|Substitute\n|-damage|p1a: Mew|20\/100 par\n|move|p2a: Oui m\u00e9 c\u00e9 rar|Metronome|p2a: Oui m\u00e9 c\u00e9 rar\n|move|p2a: Oui m\u00e9 c\u00e9 rar|Nuzzle|p1a: Mew|[from]move: Metronome\n|-activate|p1a: Mew|move: Substitute|[damage]\n|\n|upkeep\n|turn|27\n|c|\u2606myrtille deter|MAIS CA JOUE SUB CA DEGOUTE\n|\n|t:|1662484915\n|move|p1a: Mew|Metronome|p1a: Mew\n|move|p1a: Mew|Twister|p2a: Oui m\u00e9 c\u00e9 rar|[from]move: Metronome\n|-damage|p2a: Oui m\u00e9 c\u00e9 rar|44\/100 par\n|move|p2a: Oui m\u00e9 c\u00e9 rar|Metronome|p2a: Oui m\u00e9 c\u00e9 rar\n|move|p2a: Oui m\u00e9 c\u00e9 rar|Poison Powder||[from]move: Metronome|[still]\n|-fail|p2a: Oui m\u00e9 c\u00e9 rar\n|\n|upkeep\n|turn|28\n|\n|t:|1662484922\n|move|p1a: Mew|Metronome|p1a: Mew\n|move|p1a: Mew|Crunch|p2a: Oui m\u00e9 c\u00e9 rar|[from]move: Metronome\n|-supereffective|p2a: Oui m\u00e9 c\u00e9 rar\n|-damage|p2a: Oui m\u00e9 c\u00e9 rar|0 fnt\n|faint|p2a: Oui m\u00e9 c\u00e9 rar\n|\n|upkeep\n|c|\u2606myrtille deter|NAAAAAN CELEBITE\n|\n|t:|1662484931\n|switch|p2a: Azelf|Azelf, shiny|100\/100\n|-damage|p2a: Azelf|88\/100|[from] Stealth Rock\n|turn|29\n|\n|t:|1662484933\n|move|p2a: Azelf|Metronome|p2a: Azelf\n|move|p2a: Azelf|Clear Smog|p1a: Mew|[from]move: Metronome\n|-crit|p1a: Mew\n|-end|p1a: Mew|Substitute\n|move|p1a: Mew|Metronome|p1a: Mew\n|move|p1a: Mew|Circle Throw|p2a: Azelf|[from]move: Metronome\n|-resisted|p2a: Azelf\n|-damage|p2a: Azelf|68\/100\n|\n|upkeep\n|turn|30\n|\n|t:|1662484941\n|move|p2a: Azelf|Metronome|p2a: Azelf\n|move|p2a: Azelf|Freeze-Dry|p1a: Mew|[from]move: Metronome\n|-damage|p1a: Mew|0 fnt\n|faint|p1a: Mew\n|\n|upkeep\n|\n|t:|1662484945\n|switch|p1a: Polteageist|Polteageist|100\/100\n|turn|31\n|\n|t:|1662484947\n|move|p2a: Azelf|Metronome|p2a: Azelf\n|move|p2a: Azelf|Iron Head|p1a: Polteageist|[from]move: Metronome\n|-damage|p1a: Polteageist|46\/100\n|move|p1a: Polteageist|Metronome|p1a: Polteageist\n|move|p1a: Polteageist|Cross Chop|p2a: Azelf|[from]move: Metronome\n|-resisted|p2a: Azelf\n|-damage|p2a: Azelf|56\/100\n|\n|upkeep\n|turn|32\n|\n|t:|1662484953\n|move|p2a: Azelf|Metronome|p2a: Azelf\n|move|p2a: Azelf|Magnet Rise|p2a: Azelf|[from]move: Metronome\n|-start|p2a: Azelf|Magnet Rise\n|move|p1a: Polteageist|Metronome|p1a: Polteageist\n|move|p1a: Polteageist|Wonder Room|p1a: Polteageist|[from]move: Metronome\n|-fieldstart|move: Wonder Room|[of] p1a: Polteageist\n|\n|upkeep\n|turn|33\n|\n|t:|1662484962\n|move|p2a: Azelf|Metronome|p2a: Azelf\n|move|p2a: Azelf|Final Gambit|p1a: Polteageist|[from]move: Metronome\n|-immune|p1a: Polteageist\n|move|p1a: Polteageist|Metronome|p1a: Polteageist\n|move|p1a: Polteageist|Poison Fang|p2a: Azelf|[from]move: Metronome\n|-damage|p2a: Azelf|44\/100\n|\n|upkeep\n|turn|34\n|c|\u2606Meracx|Mdr\n|c|\u2606Meracx|La chance\n|c|\u2606myrtille deter|Je suis dubitatif quand au Levitate Magnet-Rise\n|\n|t:|1662484989\n|move|p2a: Azelf|Metronome|p2a: Azelf\n|move|p2a: Azelf|Sweet Scent|p1a: Polteageist|[from]move: Metronome\n|-unboost|p1a: Polteageist|evasion|2\n|move|p1a: Polteageist|Metronome|p1a: Polteageist\n|move|p1a: Polteageist|Hydro Cannon|p2a: Azelf|[from]move: Metronome\n|-damage|p2a: Azelf|0 fnt\n|-mustrecharge|p1a: Polteageist\n|faint|p2a: Azelf\n|\n|win|Meracx\n|c|\u2606Meracx|Let's go\n|c|\u2606Meracx|Allez gg\n|c|\u2606Meracx|Je m'en vais manger\n|l|\u2606myrtille deter\n","uploadtime":1662485072,"views":7,"p1id":"meracx","p2id":"myrtilledeter","formatid":"gen8nationaldexag","rating":0,"private":0,"password":null}