{"id":"gen8ou-1347812280","p1":"a1s1d1f1g1","p2":"dracaufeu shiny","format":"gen8ou","log":"|j|\u2606a1s1d1f1g1\n|j|\u2606dracaufeu shiny\n|t:|1622045566\n|gametype|singles\n|player|p1|a1s1d1f1g1|hiker-gen4|1390\n|player|p2|dracaufeu shiny|silver|1407\n|teamsize|p1|6\n|teamsize|p2|6\n|gen|8\n|tier|[Gen 8] OU\n|rated|\n|rule|Sleep Clause Mod: Limit one foe put to sleep\n|rule|Species Clause: Limit one of each Pok\u00e9mon\n|rule|OHKO Clause: OHKO moves are banned\n|rule|Evasion Moves Clause: Evasion moves are banned\n|rule|Endless Battle Clause: Forcing endless battles is banned\n|rule|HP Percentage Mod: HP is shown in percentages\n|rule|Dynamax Clause: You cannot dynamax\n|clearpoke\n|poke|p1|Weezing-Galar, M|\n|poke|p1|Blaziken, F|\n|poke|p1|Corviknight, M|\n|poke|p1|Rillaboom, F|\n|poke|p1|Heatran, M|\n|poke|p1|Dragapult, M|\n|poke|p2|Shuckle, M|\n|poke|p2|Mimikyu, M|\n|poke|p2|Zapdos-Galar|\n|poke|p2|Kartana|\n|poke|p2|Zeraora|\n|poke|p2|Azumarill, F|\n|teampreview\n|\n|t:|1622045584\n|start\n|switch|p1a: Weezing|Weezing-Galar, M|100\/100\n|switch|p2a: Shuckle|Shuckle, M|100\/100\n|-ability|p1a: Weezing|Neutralizing Gas\n|turn|1\n|\n|t:|1622045591\n|move|p1a: Weezing|Taunt|p2a: Shuckle\n|-start|p2a: Shuckle|move: Taunt\n|cant|p2a: Shuckle|move: Taunt|Sticky Web\n|\n|upkeep\n|turn|2\n|j| asp sshsss\n|inactive|Battle timer is ON: inactive players will automatically lose when time's up. (requested by a1s1d1f1g1)\n|\n|t:|1622045622\n|switch|p2a: Kartana|Kartana|100\/100\n|move|p1a: Weezing|Toxic|p2a: Kartana\n|-immune|p2a: Kartana\n|\n|upkeep\n|turn|3\n|\n|t:|1622045649\n|switch|p2a: Shuckle|Shuckle, M|100\/100\n|-end|p1a: Weezing|ability: Neutralizing Gas\n|switch|p1a: Heatran|Heatran, M|100\/100\n|\n|upkeep\n|turn|4\n|\n|t:|1622045663\n|switch|p1a: Corviknight|Corviknight, M|100\/100\n|-ability|p1a: Corviknight|Pressure\n|move|p2a: Shuckle|Sticky Web|p1a: Corviknight\n|-sidestart|p1: a1s1d1f1g1|move: Sticky Web\n|\n|upkeep\n|turn|5\n|\n|t:|1622045670\n|move|p1a: Corviknight|U-turn|p2a: Shuckle\n|-damage|p2a: Shuckle|91\/100\n|\n|t:|1622045675\n|switch|p1a: Weezing|Weezing-Galar, M|100\/100|[from]move: U-turn\n|-ability|p1a: Weezing|Neutralizing Gas\n|-activate|p1a: Weezing|move: Sticky Web\n|-unboost|p1a: Weezing|spe|1\n|move|p2a: Shuckle|Encore||[still]\n|-fail|p2a: Shuckle\n|\n|upkeep\n|turn|6\n|\n|t:|1622045686\n|move|p1a: Weezing|Toxic|p2a: Shuckle\n|-status|p2a: Shuckle|tox\n|move|p2a: Shuckle|Encore|p1a: Weezing\n|-start|p1a: Weezing|Encore\n|\n|-damage|p2a: Shuckle|85\/100 tox|[from] psn\n|upkeep\n|turn|7\n|l| asp sshsss\n|\n|t:|1622045706\n|-end|p1a: Weezing|ability: Neutralizing Gas\n|switch|p1a: Corviknight|Corviknight, M|100\/100\n|-ability|p1a: Corviknight|Pressure\n|move|p2a: Shuckle|Stealth Rock|p1a: Corviknight\n|-sidestart|p1: a1s1d1f1g1|move: Stealth Rock\n|\n|-damage|p2a: Shuckle|73\/100 tox|[from] psn\n|upkeep\n|turn|8\n|\n|t:|1622045717\n|switch|p2a: Zapdos|Zapdos-Galar|100\/100\n|move|p1a: Corviknight|Defog|p2a: Zapdos\n|-unboost|p2a: Zapdos|evasion|1\n|-ability|p2a: Zapdos|Defiant\n|-boost|p2a: Zapdos|atk|2\n|-sideend|p1: a1s1d1f1g1|Stealth Rock|[from] move: Defog|[of] p1a: Corviknight\n|-sideend|p1: a1s1d1f1g1|Sticky Web|[from] move: Defog|[of] p1a: Corviknight\n|\n|upkeep\n|turn|9\n|\n|t:|1622045730\n|switch|p1a: Weezing|Weezing-Galar, M|100\/100\n|-ability|p1a: Weezing|Neutralizing Gas\n|move|p2a: Zapdos|Agility|p2a: Zapdos\n|-boost|p2a: Zapdos|spe|2\n|\n|upkeep\n|turn|10\n|\n|t:|1622045740\n|move|p2a: Zapdos|Brave Bird|p1a: Weezing\n|-damage|p1a: Weezing|0 fnt\n|faint|p1a: Weezing\n|-end|p1a: Weezing|ability: Neutralizing Gas\n|-damage|p2a: Zapdos|68\/100|[from] Recoil\n|\n|upkeep\n|\n|t:|1622045755\n|switch|p1a: Blaziken|Blaziken, F|100\/100\n|-item|p1a: Blaziken|Air Balloon\n|turn|11\n|\n|t:|1622045761\n|move|p2a: Zapdos|Brave Bird|p1a: Blaziken\n|-supereffective|p1a: Blaziken\n|-damage|p1a: Blaziken|0 fnt\n|-enditem|p1a: Blaziken|Air Balloon\n|faint|p1a: Blaziken\n|-damage|p2a: Zapdos|37\/100|[from] Recoil\n|-enditem|p2a: Zapdos|Sitrus Berry|[eat]\n|-heal|p2a: Zapdos|62\/100|[from] item: Sitrus Berry\n|\n|upkeep\n|\n|t:|1622045771\n|switch|p1a: Dragapult|Dragapult, M|100\/100\n|turn|12\n|\n|t:|1622045775\n|move|p2a: Zapdos|Brave Bird|p1a: Dragapult\n|-damage|p1a: Dragapult|0 fnt\n|faint|p1a: Dragapult\n|-damage|p2a: Zapdos|29\/100|[from] Recoil\n|\n|upkeep\n|\n|t:|1622045778\n|switch|p1a: Rillaboom|Rillaboom, F|100\/100\n|-fieldstart|move: Grassy Terrain|[from] ability: Grassy Surge|[of] p1a: Rillaboom\n|turn|13\n|\n|t:|1622045785\n|move|p1a: Rillaboom|Grassy Glide|p2a: Zapdos\n|-resisted|p2a: Zapdos\n|-crit|p2a: Zapdos\n|-damage|p2a: Zapdos|0 fnt\n|faint|p2a: Zapdos\n|-damage|p1a: Rillaboom|91\/100|[from] item: Life Orb\n|\n|-heal|p1a: Rillaboom|97\/100|[from] Grassy Terrain\n|upkeep\n|\n|t:|1622045794\n|switch|p2a: Kartana|Kartana|100\/100\n|turn|14\n|\n|t:|1622045799\n|move|p2a: Kartana|Swords Dance|p2a: Kartana\n|-boost|p2a: Kartana|atk|2\n|move|p1a: Rillaboom|Superpower|p2a: Kartana\n|-supereffective|p2a: Kartana\n|-enditem|p2a: Kartana|Focus Sash\n|-damage|p2a: Kartana|1\/100\n|-unboost|p1a: Rillaboom|atk|1\n|-unboost|p1a: Rillaboom|def|1\n|-damage|p1a: Rillaboom|87\/100|[from] item: Life Orb\n|\n|-heal|p2a: Kartana|7\/100|[from] Grassy Terrain\n|-heal|p1a: Rillaboom|93\/100|[from] Grassy Terrain\n|upkeep\n|turn|15\n|inactive|a1s1d1f1g1 has 120 seconds left.\n|\n|t:|1622045833\n|switch|p2a: Shuckle|Shuckle, M|73\/100 tox\n|move|p1a: Rillaboom|Grassy Glide|p2a: Shuckle\n|-damage|p2a: Shuckle|44\/100 tox\n|-damage|p1a: Rillaboom|83\/100|[from] item: Life Orb\n|\n|-heal|p1a: Rillaboom|89\/100|[from] Grassy Terrain\n|-heal|p2a: Shuckle|50\/100 tox|[from] Grassy Terrain\n|-damage|p2a: Shuckle|44\/100 tox|[from] psn\n|upkeep\n|turn|16\n|inactive|a1s1d1f1g1 has 120 seconds left.\n|\n|t:|1622045847\n|switch|p1a: Corviknight|Corviknight, M|100\/100\n|-ability|p1a: Corviknight|Pressure\n|move|p2a: Shuckle|Encore||[still]\n|-fail|p2a: Shuckle\n|\n|-heal|p2a: Shuckle|50\/100 tox|[from] Grassy Terrain\n|-damage|p2a: Shuckle|38\/100 tox|[from] psn\n|upkeep\n|turn|17\n|inactive|a1s1d1f1g1 has 120 seconds left.\n|\n|t:|1622045858\n|move|p1a: Corviknight|U-turn|p2a: Shuckle\n|-damage|p2a: Shuckle|29\/100 tox\n|\n|t:|1622045861\n|switch|p1a: Heatran|Heatran, M|100\/100|[from]move: U-turn\n|move|p2a: Shuckle|Final Gambit|p1a: Heatran\n|-damage|p1a: Heatran|83\/100\n|faint|p2a: Shuckle\n|\n|-heal|p1a: Heatran|89\/100|[from] Grassy Terrain\n|-heal|p1a: Heatran|95\/100|[from] item: Leftovers\n|-fieldend|move: Grassy Terrain\n|upkeep\n|\n|t:|1622045872\n|switch|p2a: Azumarill|Azumarill, F|100\/100\n|turn|18\n|inactive|a1s1d1f1g1 has 120 seconds left.\n|\n|t:|1622045898\n|move|p2a: Azumarill|Aqua Jet|p1a: Heatran\n|-supereffective|p1a: Heatran\n|-damage|p1a: Heatran|56\/100\n|move|p1a: Heatran|Lava Plume|p2a: Azumarill\n|-resisted|p2a: Azumarill\n|-damage|p2a: Azumarill|79\/100\n|\n|-heal|p1a: Heatran|62\/100|[from] item: Leftovers\n|upkeep\n|turn|19\n|inactive|a1s1d1f1g1 has 120 seconds left.\n|\n|t:|1622045910\n|move|p2a: Azumarill|Aqua Jet|p1a: Heatran\n|-supereffective|p1a: Heatran\n|-damage|p1a: Heatran|24\/100\n|move|p1a: Heatran|Lava Plume|p2a: Azumarill\n|-resisted|p2a: Azumarill\n|-damage|p2a: Azumarill|58\/100\n|\n|-heal|p1a: Heatran|30\/100|[from] item: Leftovers\n|upkeep\n|turn|20\n|inactive|a1s1d1f1g1 has 120 seconds left.\n|\n|t:|1622045925\n|move|p1a: Heatran|Lava Plume|p2a: Azumarill\n|-resisted|p2a: Azumarill\n|-damage|p2a: Azumarill|37\/100\n|-enditem|p2a: Azumarill|Sitrus Berry|[eat]\n|-heal|p2a: Azumarill|62\/100|[from] item: Sitrus Berry\n|move|p2a: Azumarill|Knock Off|p1a: Heatran\n|-damage|p1a: Heatran|0 fnt\n|-enditem|p1a: Heatran|Leftovers|[from] move: Knock Off|[of] p2a: Azumarill\n|faint|p1a: Heatran\n|\n|upkeep\n|inactive|a1s1d1f1g1 has 90 seconds left.\n|\n|t:|1622045956\n|switch|p1a: Corviknight|Corviknight, M|100\/100\n|-ability|p1a: Corviknight|Pressure\n|turn|21\n|\n|t:|1622045963\n|move|p2a: Azumarill|Belly Drum|p2a: Azumarill\n|-damage|p2a: Azumarill|12\/100\n|-setboost|p2a: Azumarill|atk|6|[from] move: Belly Drum\n|move|p1a: Corviknight|U-turn|p2a: Azumarill\n|-resisted|p2a: Azumarill\n|-damage|p2a: Azumarill|4\/100\n|\n|t:|1622045966\n|switch|p1a: Rillaboom|Rillaboom, F|89\/100|[from]move: U-turn\n|-fieldstart|move: Grassy Terrain|[from] ability: Grassy Surge|[of] p1a: Rillaboom\n|\n|-heal|p1a: Rillaboom|95\/100|[from] Grassy Terrain\n|-heal|p2a: Azumarill|10\/100|[from] Grassy Terrain\n|upkeep\n|turn|22\n|\n|t:|1622045978\n|move|p1a: Rillaboom|Grassy Glide|p2a: Azumarill\n|-supereffective|p2a: Azumarill\n|-damage|p2a: Azumarill|0 fnt\n|faint|p2a: Azumarill\n|-damage|p1a: Rillaboom|85\/100|[from] item: Life Orb\n|\n|-heal|p1a: Rillaboom|91\/100|[from] Grassy Terrain\n|upkeep\n|\n|t:|1622045987\n|switch|p2a: Zeraora|Zeraora|100\/100\n|turn|23\n|inactive|a1s1d1f1g1 has 120 seconds left.\n|\n|t:|1622046012\n|move|p1a: Rillaboom|Grassy Glide|p2a: Zeraora\n|-damage|p2a: Zeraora|21\/100\n|-damage|p1a: Rillaboom|81\/100|[from] item: Life Orb\n|move|p2a: Zeraora|Knock Off|p1a: Rillaboom\n|-damage|p1a: Rillaboom|40\/100\n|-enditem|p1a: Rillaboom|Life Orb|[from] move: Knock Off|[of] p2a: Zeraora\n|-damage|p2a: Zeraora|11\/100|[from] item: Life Orb\n|\n|-heal|p2a: Zeraora|17\/100|[from] Grassy Terrain\n|-heal|p1a: Rillaboom|47\/100|[from] Grassy Terrain\n|upkeep\n|turn|24\n|\n|t:|1622046025\n|switch|p2a: Kartana|Kartana|7\/100\n|move|p1a: Rillaboom|Grassy Glide|p2a: Kartana\n|-resisted|p2a: Kartana\n|-damage|p2a: Kartana|0 fnt\n|faint|p2a: Kartana\n|\n|-heal|p1a: Rillaboom|53\/100|[from] Grassy Terrain\n|upkeep\n|\n|t:|1622046035\n|switch|p2a: Mimikyu|Mimikyu, M|100\/100\n|turn|25\n|\n|t:|1622046039\n|switch|p1a: Corviknight|Corviknight, M|100\/100\n|-ability|p1a: Corviknight|Pressure\n|move|p2a: Mimikyu|Swords Dance|p2a: Mimikyu\n|-boost|p2a: Mimikyu|atk|2\n|\n|-fieldend|move: Grassy Terrain\n|upkeep\n|turn|26\n|\n|t:|1622046050\n|move|p2a: Mimikyu|Swords Dance|p2a: Mimikyu\n|-boost|p2a: Mimikyu|atk|2\n|move|p1a: Corviknight|Iron Head|p2a: Mimikyu\n|-activate|p2a: Mimikyu|ability: Disguise\n|-damage|p2a: Mimikyu|100\/100\n|detailschange|p2a: Mimikyu|Mimikyu-Busted, M\n|-damage|p2a: Mimikyu|88\/100|[from] pokemon: Mimikyu-Busted\n|-enditem|p2a: Mimikyu|Red Card|[of] p1a: Corviknight\n|drag|p1a: Rillaboom|Rillaboom, F|53\/100\n|-fieldstart|move: Grassy Terrain|[from] ability: Grassy Surge|[of] p1a: Rillaboom\n|\n|-heal|p2a: Mimikyu|94\/100|[from] Grassy Terrain\n|-heal|p1a: Rillaboom|59\/100|[from] Grassy Terrain\n|upkeep\n|turn|27\n|inactive|a1s1d1f1g1 has 120 seconds left.\n|\n|t:|1622046105\n|switch|p1a: Corviknight|Corviknight, M|100\/100\n|-ability|p1a: Corviknight|Pressure\n|move|p2a: Mimikyu|Shadow Sneak|p1a: Corviknight\n|-damage|p1a: Corviknight|70\/100\n|-damage|p2a: Mimikyu|78\/100|[from] item: Rocky Helmet|[of] p1a: Corviknight\n|\n|-heal|p2a: Mimikyu|84\/100|[from] Grassy Terrain\n|upkeep\n|turn|28\n|\n|t:|1622046116\n|move|p2a: Mimikyu|Shadow Claw|p1a: Corviknight\n|-damage|p1a: Corviknight|17\/100\n|-damage|p2a: Mimikyu|67\/100|[from] item: Rocky Helmet|[of] p1a: Corviknight\n|move|p1a: Corviknight|Roost|p1a: Corviknight\n|-heal|p1a: Corviknight|67\/100\n|-singleturn|p1a: Corviknight|move: Roost\n|\n|-heal|p2a: Mimikyu|73\/100|[from] Grassy Terrain\n|-heal|p1a: Corviknight|73\/100|[from] Grassy Terrain\n|upkeep\n|turn|29\n|\n|t:|1622046131\n|move|p2a: Mimikyu|Shadow Claw|p1a: Corviknight\n|-damage|p1a: Corviknight|18\/100\n|-damage|p2a: Mimikyu|57\/100|[from] item: Rocky Helmet|[of] p1a: Corviknight\n|move|p1a: Corviknight|Roost|p1a: Corviknight\n|-heal|p1a: Corviknight|68\/100\n|-singleturn|p1a: Corviknight|move: Roost\n|\n|-heal|p2a: Mimikyu|63\/100|[from] Grassy Terrain\n|-heal|p1a: Corviknight|74\/100|[from] Grassy Terrain\n|upkeep\n|turn|30\n|\n|t:|1622046149\n|switch|p2a: Zeraora|Zeraora|17\/100\n|move|p1a: Corviknight|Iron Head|p2a: Zeraora\n|-resisted|p2a: Zeraora\n|-damage|p2a: Zeraora|1\/100\n|\n|-heal|p2a: Zeraora|7\/100|[from] Grassy Terrain\n|-fieldend|move: Grassy Terrain\n|upkeep\n|turn|31\n|\n|t:|1622046167\n|move|p2a: Zeraora|Plasma Fists|p1a: Corviknight\n|-supereffective|p1a: Corviknight\n|-damage|p1a: Corviknight|1\/100\n|-damage|p2a: Zeraora|0 fnt|[from] item: Rocky Helmet|[of] p1a: Corviknight\n|faint|p2a: Zeraora\n|move|p1a: Corviknight|U-turn|p2: Zeraora|[notarget]\n|-fail|p1a: Corviknight\n|\n|upkeep\n|\n|t:|1622046177\n|switch|p2a: Mimikyu|Mimikyu-Busted, M|63\/100\n|turn|32\n|\n|t:|1622046188\n|move|p2a: Mimikyu|Shadow Claw|p1a: Corviknight\n|-crit|p1a: Corviknight\n|-damage|p1a: Corviknight|0 fnt\n|-damage|p2a: Mimikyu|47\/100|[from] item: Rocky Helmet|[of] p1a: Corviknight\n|faint|p1a: Corviknight\n|\n|upkeep\n|\n|t:|1622046190\n|switch|p1a: Rillaboom|Rillaboom, F|59\/100\n|-fieldstart|move: Grassy Terrain|[from] ability: Grassy Surge|[of] p1a: Rillaboom\n|turn|33\n|\n|t:|1622046198\n|move|p1a: Rillaboom|Grassy Glide|p2a: Mimikyu\n|-damage|p2a: Mimikyu|0 fnt\n|faint|p2a: Mimikyu\n|\n|win|a1s1d1f1g1\n|raw|a1s1d1f1g1's rating: 1390 &rarr; <strong>1411<\/strong><br \/>(+21 for winning)\n|raw|dracaufeu shiny's rating: 1406 &rarr; <strong>1385<\/strong><br \/>(-21 for losing)\n|c|\u2606a1s1d1f1g1|gg\n","uploadtime":1622046205,"views":32,"p1id":"a1s1d1f1g1","p2id":"dracaufeushiny","formatid":"gen8ou","rating":1385,"private":0,"password":null}