{"id":"gen8nationaldex-1202552730","p1":"wsdfg","p2":"Kingdra","format":"gen8nationaldex","log":"|j|\u2606wsdfg\n|j|\u2606Kingdra\n|t:|1602605464\n|player|p1|wsdfg|lady|1605\n|player|p2|Kingdra|169|1504\n|teamsize|p1|6\n|teamsize|p2|6\n|gametype|singles\n|gen|8\n|tier|[Gen 8] National Dex\n|rated|\n|clearpoke\n|poke|p1|Slowbro, F|\n|poke|p1|Hydreigon, F|\n|poke|p1|Landorus-Therian, M|\n|poke|p1|Ferrothorn, F|\n|poke|p1|Magnezone|\n|poke|p1|Volcarona, M|\n|poke|p2|Magearna-Original|\n|poke|p2|Banette, F|\n|poke|p2|Ditto|\n|poke|p2|Entei|\n|poke|p2|Hoopa-Unbound|\n|poke|p2|Staraptor, F|\n|rule|HP Percentage Mod: HP is shown in percentages\n|rule|Endless Battle Clause: Forcing endless battles is banned\n|rule|OHKO Clause: OHKO moves are banned\n|rule|Evasion Moves Clause: Evasion moves are banned\n|rule|Species Clause: Limit one of each Pok\u00e9mon\n|rule|Dynamax Clause: You cannot dynamax\n|rule|Sleep Clause Mod: Limit one foe put to sleep\n|teampreview\n|inactive|Battle timer is ON: inactive players will automatically lose when time's up. (requested by Kingdra)\n|\n|t:|1602605470\n|start\n|switch|p1a: Hydreigon|Hydreigon, F|100\/100\n|switch|p2a: Banette|Banette, F|100\/100\n|-item|p1a: Hydreigon|Choice Scarf|[from] ability: Frisk|[of] p2a: Banette|[identify]\n|turn|1\n|j| Fjbbbb\n|\n|t:|1602605479\n|detailschange|p2a: Banette|Banette-Mega, F\n|-mega|p2a: Banette|Banette|Banettite\n|move|p2a: Banette|Destiny Bond|p2a: Banette\n|-singlemove|p2a: Banette|Destiny Bond\n|move|p1a: Hydreigon|U-turn|p2a: Banette\n|-resisted|p2a: Banette\n|-damage|p2a: Banette|91\/100\n|\n|t:|1602605485\n|switch|p1a: Magnezone|Magnezone|100\/100|[from]move: U-turn\n|\n|upkeep\n|turn|2\n|l| Fjbbbb\n|\n|t:|1602605493\n|switch|p2a: Hoopa|Hoopa-Unbound|100\/100\n|move|p1a: Magnezone|Thunderbolt|p2a: Hoopa\n|-damage|p2a: Hoopa|61\/100\n|\n|upkeep\n|turn|3\n|\n|t:|1602605499\n|switch|p1a: Ferrothorn|Ferrothorn, F|100\/100\n|move|p2a: Hoopa|Drain Punch|p1a: Ferrothorn\n|-supereffective|p1a: Ferrothorn\n|-damage|p1a: Ferrothorn|46\/100\n|-heal|p2a: Hoopa|88\/100|[from] drain|[of] p1a: Ferrothorn\n|-damage|p2a: Hoopa|75\/100|[from] ability: Iron Barbs|[of] p1a: Ferrothorn\n|\n|-heal|p1a: Ferrothorn|52\/100|[from] item: Leftovers\n|upkeep\n|turn|4\n|\n|t:|1602605502\n|switch|p1a: Slowbro|Slowbro, F|100\/100\n|move|p2a: Hoopa|Fire Punch|p1a: Slowbro\n|-resisted|p1a: Slowbro\n|-damage|p1a: Slowbro|92\/100\n|-status|p1a: Slowbro|brn\n|-damage|p2a: Hoopa|59\/100|[from] item: Rocky Helmet|[of] p1a: Slowbro\n|\n|-damage|p1a: Slowbro|86\/100 brn|[from] brn\n|upkeep\n|turn|5\n|\n|t:|1602605508\n|switch|p1a: Hydreigon|Hydreigon, F|100\/100\n|move|p2a: Hoopa|Hyperspace Fury|p1a: Hydreigon\n|-resisted|p1a: Hydreigon\n|-damage|p1a: Hydreigon|61\/100\n|-unboost|p2a: Hoopa|def|1\n|\n|upkeep\n|turn|6\n|\n|t:|1602605515\n|switch|p2a: Entei|Entei, shiny|100\/100\n|-ability|p2a: Entei|Pressure\n|move|p1a: Hydreigon|U-turn|p2a: Entei\n|-resisted|p2a: Entei\n|-damage|p2a: Entei|92\/100\n|\n|t:|1602605519\n|switch|p1a: Slowbro|Slowbro, F|100\/100 brn|[from]move: U-turn\n|\n|-heal|p2a: Entei|98\/100|[from] item: Leftovers\n|-damage|p1a: Slowbro|94\/100 brn|[from] brn\n|upkeep\n|turn|7\n|\n|t:|1602605529\n|switch|p2a: Staraptor|Staraptor, F|100\/100\n|move|p1a: Slowbro|Teleport|p1a: Slowbro\n|\n|t:|1602605538\n|switch|p1a: Landorus|Landorus-Therian, M|100\/100|[from]move: Teleport\n|-ability|p1a: Landorus|Intimidate|boost\n|-unboost|p2a: Staraptor|atk|1\n|\n|upkeep\n|turn|8\n|\n|t:|1602605545\n|move|p2a: Staraptor|U-turn|p1a: Landorus\n|-resisted|p1a: Landorus\n|-damage|p1a: Landorus|92\/100\n|\n|t:|1602605547\n|switch|p2a: Banette|Banette-Mega, F|91\/100|[from]move: U-turn\n|-zpower|p1a: Landorus\n|move|p1a: Landorus|Supersonic Skystrike|p2a: Banette|[zeffect]\n|-damage|p2a: Banette|0 fnt\n|faint|p2a: Banette\n|\n|upkeep\n|\n|t:|1602605556\n|switch|p2a: Drops Mic|Magearna-Original|100\/100\n|turn|9\n|\n|t:|1602605559\n|move|p1a: Landorus|Earthquake|p2a: Drops Mic\n|-supereffective|p2a: Drops Mic\n|-damage|p2a: Drops Mic|6\/100\n|-enditem|p2a: Drops Mic|Weakness Policy\n|-boost|p2a: Drops Mic|atk|2|[from] item: Weakness Policy\n|-boost|p2a: Drops Mic|spa|2|[from] item: Weakness Policy\n|move|p2a: Drops Mic|Shift Gear|p2a: Drops Mic\n|-boost|p2a: Drops Mic|spe|2\n|-boost|p2a: Drops Mic|atk|1\n|\n|upkeep\n|turn|10\n|\n|t:|1602605570\n|move|p2a: Drops Mic|Stored Power|p1a: Landorus\n|-crit|p1a: Landorus\n|-damage|p1a: Landorus|0 fnt\n|faint|p1a: Landorus\n|-ability|p2a: Drops Mic|Soul-Heart|boost\n|-boost|p2a: Drops Mic|spa|1\n|\n|upkeep\n|\n|t:|1602605575\n|switch|p1a: Hydreigon|Hydreigon, F|61\/100\n|turn|11\n|\n|t:|1602605577\n|move|p1a: Hydreigon|Flash Cannon|p2a: Drops Mic\n|-damage|p2a: Drops Mic|0 fnt\n|faint|p2a: Drops Mic\n|\n|upkeep\n|\n|t:|1602605580\n|switch|p2a: Staraptor|Staraptor, F|100\/100\n|turn|12\n|\n|t:|1602605587\n|switch|p1a: Slowbro|Slowbro, F|100\/100 brn\n|move|p2a: Staraptor|U-turn|p1a: Slowbro\n|-supereffective|p1a: Slowbro\n|-crit|p1a: Slowbro\n|-damage|p1a: Slowbro|62\/100 brn\n|-damage|p2a: Staraptor|84\/100|[from] item: Rocky Helmet|[of] p1a: Slowbro\n|\n|t:|1602605590\n|switch|p2a: Hoopa|Hoopa-Unbound|59\/100|[from]move: U-turn\n|\n|-damage|p1a: Slowbro|56\/100 brn|[from] brn\n|upkeep\n|turn|13\n|\n|t:|1602605597\n|switch|p1a: Ferrothorn|Ferrothorn, F|52\/100\n|move|p2a: Hoopa|Hyperspace Fury|p1a: Ferrothorn\n|-damage|p1a: Ferrothorn|4\/100\n|-unboost|p2a: Hoopa|def|1\n|\n|-heal|p1a: Ferrothorn|10\/100|[from] item: Leftovers\n|upkeep\n|turn|14\n|\n|t:|1602605600\n|move|p2a: Hoopa|Drain Punch|p1a: Ferrothorn\n|-supereffective|p1a: Ferrothorn\n|-damage|p1a: Ferrothorn|0 fnt\n|-heal|p2a: Hoopa|64\/100|[from] drain|[of] p1a: Ferrothorn\n|-damage|p2a: Hoopa|52\/100|[from] ability: Iron Barbs|[of] p1a: Ferrothorn\n|faint|p1a: Ferrothorn\n|\n|upkeep\n|\n|t:|1602605602\n|switch|p1a: Hydreigon|Hydreigon, F|61\/100\n|turn|15\n|\n|t:|1602605607\n|switch|p2a: Entei|Entei, shiny|98\/100\n|-ability|p2a: Entei|Pressure\n|move|p1a: Hydreigon|U-turn|p2a: Entei\n|-resisted|p2a: Entei\n|-damage|p2a: Entei|90\/100\n|\n|t:|1602605610\n|switch|p1a: Slowbro|Slowbro, F|90\/100 brn|[from]move: U-turn\n|\n|-heal|p2a: Entei|96\/100|[from] item: Leftovers\n|-damage|p1a: Slowbro|83\/100 brn|[from] brn\n|upkeep\n|turn|16\n|\n|t:|1602605614\n|move|p2a: Entei|Substitute|p2a: Entei\n|-start|p2a: Entei|Substitute\n|-damage|p2a: Entei|71\/100\n|move|p1a: Slowbro|Teleport|p1a: Slowbro\n|\n|t:|1602605616\n|switch|p1a: Hydreigon|Hydreigon, F|61\/100|[from]move: Teleport\n|\n|-heal|p2a: Entei|77\/100|[from] item: Leftovers\n|upkeep\n|turn|17\n|\n|t:|1602605619\n|move|p1a: Hydreigon|Earth Power|p2a: Entei\n|-supereffective|p2a: Entei\n|-end|p2a: Entei|Substitute\n|move|p2a: Entei|Sacred Fire|p1a: Hydreigon\n|-resisted|p1a: Hydreigon\n|-damage|p1a: Hydreigon|34\/100\n|-status|p1a: Hydreigon|brn\n|\n|-heal|p2a: Entei|84\/100|[from] item: Leftovers\n|-damage|p1a: Hydreigon|28\/100 brn|[from] brn\n|upkeep\n|turn|18\n|\n|t:|1602605623\n|switch|p1a: Magnezone|Magnezone|100\/100\n|switch|p2a: Staraptor|Staraptor, F|84\/100\n|\n|upkeep\n|turn|19\n|\n|t:|1602605627\n|move|p2a: Staraptor|Close Combat|p1a: Magnezone\n|-supereffective|p1a: Magnezone\n|-damage|p1a: Magnezone|32\/100\n|-unboost|p2a: Staraptor|def|1\n|-unboost|p2a: Staraptor|spd|1\n|move|p1a: Magnezone|Volt Switch|p2a: Staraptor\n|-supereffective|p2a: Staraptor\n|-damage|p2a: Staraptor|0 fnt\n|faint|p2a: Staraptor\n|\n|t:|1602605631\n|switch|p1a: Hydreigon|Hydreigon, F|28\/100 brn|[from]move: Volt Switch\n|\n|-damage|p1a: Hydreigon|22\/100 brn|[from] brn\n|upkeep\n|\n|t:|1602605641\n|switch|p2a: Ditto|Ditto|100\/100\n|-transform|p2a: Ditto|p1a: Hydreigon|[from] ability: Imposter\n|turn|20\n|\n|t:|1602605656\n|move|p1a: Hydreigon|Draco Meteor|p2a: Ditto\n|-supereffective|p2a: Ditto\n|-damage|p2a: Ditto|0 fnt\n|-unboost|p1a: Hydreigon|spa|2\n|faint|p2a: Ditto\n|\n|-damage|p1a: Hydreigon|16\/100 brn|[from] brn\n|upkeep\n|c|\u2606Kingdra|Psh\n|\n|t:|1602605665\n|switch|p2a: Hoopa|Hoopa-Unbound|52\/100\n|turn|21\n|\n|t:|1602605670\n|switch|p1a: Magnezone|Magnezone|32\/100\n|move|p2a: Hoopa|Drain Punch|p1a: Magnezone\n|-supereffective|p1a: Magnezone\n|-crit|p1a: Magnezone\n|-damage|p1a: Magnezone|0 fnt\n|-heal|p2a: Hoopa|66\/100|[from] drain|[of] p1a: Magnezone\n|faint|p1a: Magnezone\n|\n|upkeep\n|\n|t:|1602605674\n|switch|p1a: Volcarona|Volcarona, M|100\/100\n|turn|22\n|\n|t:|1602605678\n|move|p1a: Volcarona|Quiver Dance|p1a: Volcarona\n|-boost|p1a: Volcarona|spa|1\n|-boost|p1a: Volcarona|spd|1\n|-boost|p1a: Volcarona|spe|1\n|move|p2a: Hoopa|Hyperspace Fury|p1a: Volcarona\n|-damage|p1a: Volcarona|0 fnt\n|-unboost|p2a: Hoopa|def|1\n|faint|p1a: Volcarona\n|\n|upkeep\n|\n|t:|1602605681\n|switch|p1a: Hydreigon|Hydreigon, F|16\/100 brn\n|turn|23\n|\n|t:|1602605684\n|switch|p2a: Entei|Entei, shiny|84\/100\n|-ability|p2a: Entei|Pressure\n|move|p1a: Hydreigon|Draco Meteor|p2a: Entei|[miss]\n|-miss|p1a: Hydreigon|p2a: Entei\n|\n|-heal|p2a: Entei|90\/100|[from] item: Leftovers\n|-damage|p1a: Hydreigon|10\/100 brn|[from] brn\n|upkeep\n|turn|24\n|-message|wsdfg forfeited.\n|\n|win|Kingdra\n|l|\u2606wsdfg\n","uploadtime":1602605699,"views":4,"p1id":"wsdfg","p2id":"kingdra","formatid":"gen8nationaldex","rating":0,"private":0,"password":null}