{"id":"gen8unratedrandombattle-1013836319","p1":"Hajmola","p2":"Zkull_Zeus","format":"gen8unratedrandombattle","log":"|j|\u2606Hajmola\n|j|\u2606Zkull_Zeus\n|player|p1|Hajmola|10|\n|player|p2|Zkull_Zeus|silver|\n|teamsize|p1|6\n|teamsize|p2|6\n|gametype|singles\n|gen|8\n|tier|[Gen 8] Unrated Random Battle\n|rule|HP Percentage Mod: HP is shown in percentages\n|rule|Sleep Clause Mod: Limit one foe put to sleep\n|\n|start\n|switch|p1a: Eternatus|Eternatus, L78|346\/346\n|switch|p2a: Goodra|Goodra, L82, F|282\/282\n|-ability|p1a: Eternatus|Pressure\n|turn|1\n|j| lspss93120\n|l| lspss93120\n|\n|switch|p2a: Mr. Mime|Mr. Mime, L80, F|195\/195\n|move|p1a: Eternatus|Dynamax Cannon|p2a: Mr. Mime\n|-immune|p2a: Mr. Mime\n|\n|upkeep\n|turn|2\n|\n|switch|p1a: Aegislash|Aegislash, L82, F|233\/233\n|move|p2a: Mr. Mime|Dazzling Gleam|p1a: Aegislash\n|-resisted|p1a: Aegislash\n|-damage|p1a: Aegislash|194\/233\n|-damage|p2a: Mr. Mime|176\/195|[from] item: Life Orb\n|\n|upkeep\n|turn|3\n|\n|switch|p2a: Shiftry|Shiftry, L82, F|282\/282\n|-formechange|p1a: Aegislash|Aegislash-Blade||[from] ability: Stance Change\n|move|p1a: Aegislash|Iron Head|p2a: Shiftry\n|-damage|p2a: Shiftry|101\/282\n|-damage|p1a: Aegislash|171\/233|[from] item: Life Orb\n|\n|upkeep\n|turn|4\n|\n|-formechange|p1a: Aegislash|Aegislash||[from] ability: Stance Change\n|move|p1a: Aegislash|King's Shield|p1a: Aegislash\n|-singleturn|p1a: Aegislash|Protect\n|move|p2a: Shiftry|Throat Chop|p1a: Aegislash\n|-activate|p1a: Aegislash|move: Protect\n|-unboost|p2a: Shiftry|atk|1\n|\n|upkeep\n|turn|5\n|\n|move|p2a: Shiftry|Throat Chop|p1a: Aegislash\n|-supereffective|p1a: Aegislash\n|-damage|p1a: Aegislash|77\/233\n|-start|p1a: Aegislash|Throat Chop|[silent]\n|-damage|p2a: Shiftry|73\/282|[from] item: Life Orb\n|-formechange|p1a: Aegislash|Aegislash-Blade||[from] ability: Stance Change\n|move|p1a: Aegislash|Shadow Ball|p2a: Shiftry\n|-resisted|p2a: Shiftry\n|-damage|p2a: Shiftry|0 fnt\n|-damage|p1a: Aegislash|54\/233|[from] item: Life Orb\n|faint|p2a: Shiftry\n|\n|upkeep\n|\n|switch|p2a: Sudowoodo|Sudowoodo, L82, F|249\/249\n|turn|6\n|\n|move|p1a: Aegislash|Iron Head|p2a: Sudowoodo\n|-supereffective|p2a: Sudowoodo\n|-damage|p2a: Sudowoodo|23\/249\n|-damage|p1a: Aegislash|31\/233|[from] item: Life Orb\n|move|p2a: Sudowoodo|Earthquake|p1a: Aegislash\n|-supereffective|p1a: Aegislash\n|-damage|p1a: Aegislash|0 fnt\n|faint|p1a: Aegislash\n|\n|upkeep\n|\n|switch|p1a: Toxapex|Toxapex, L82, M|216\/216\n|turn|7\n|\n|switch|p2a: Rillaboom|Rillaboom, L82, F|298\/298\n|-fieldstart|move: Grassy Terrain|[from] ability: Grassy Surge|[of] p2a: Rillaboom\n|move|p1a: Toxapex|Scald|p2a: Rillaboom\n|-resisted|p2a: Rillaboom\n|-damage|p2a: Rillaboom|267\/298\n|\n|-heal|p2a: Rillaboom|285\/298|[from] Grassy Terrain\n|upkeep\n|turn|8\n|\n|move|p1a: Toxapex|Baneful Bunker|p1a: Toxapex\n|-singleturn|p1a: Toxapex|move: Protect\n|move|p2a: Rillaboom|Swords Dance|p2a: Rillaboom\n|-boost|p2a: Rillaboom|atk|2\n|\n|-heal|p2a: Rillaboom|298\/298|[from] Grassy Terrain\n|upkeep\n|turn|9\n|\n|switch|p1a: Abomasnow|Abomasnow, L82, M|282\/282\n|-weather|Hail|[from] ability: Snow Warning|[of] p1a: Abomasnow\n|move|p2a: Rillaboom|Drum Beating|p1a: Abomasnow\n|-resisted|p1a: Abomasnow\n|-damage|p1a: Abomasnow|70\/282\n|-unboost|p1a: Abomasnow|spe|1\n|-damage|p2a: Rillaboom|269\/298|[from] item: Life Orb\n|\n|-weather|Hail|[upkeep]\n|-damage|p2a: Rillaboom|251\/298|[from] Hail\n|-heal|p2a: Rillaboom|269\/298|[from] Grassy Terrain\n|-heal|p1a: Abomasnow|87\/282|[from] Grassy Terrain\n|upkeep\n|turn|10\n|\n|move|p2a: Rillaboom|Drum Beating|p1a: Abomasnow\n|-resisted|p1a: Abomasnow\n|-damage|p1a: Abomasnow|0 fnt\n|-damage|p2a: Rillaboom|240\/298|[from] item: Life Orb\n|faint|p1a: Abomasnow\n|\n|-weather|Hail|[upkeep]\n|-damage|p2a: Rillaboom|222\/298|[from] Hail\n|-heal|p2a: Rillaboom|240\/298|[from] Grassy Terrain\n|upkeep\n|\n|switch|p1a: Cinderace|Cinderace, L82, F|265\/265\n|turn|11\n|\n|move|p1a: Cinderace|Pyro Ball|p2a: Rillaboom\n|-supereffective|p2a: Rillaboom\n|-damage|p2a: Rillaboom|0 fnt\n|faint|p2a: Rillaboom\n|\n|-weather|Hail|[upkeep]\n|-damage|p1a: Cinderace|249\/265|[from] Hail\n|-heal|p1a: Cinderace|265\/265|[from] Grassy Terrain\n|-fieldend|move: Grassy Terrain\n|upkeep\n|\n|switch|p2a: Goodra|Goodra, L82, F|282\/282\n|turn|12\n|\n|switch|p1a: Toxapex|Toxapex, L82, M|216\/216\n|move|p2a: Goodra|Earthquake|p1a: Toxapex\n|-supereffective|p1a: Toxapex\n|-damage|p1a: Toxapex|128\/216\n|\n|-weather|Hail|[upkeep]\n|-damage|p2a: Goodra|265\/282|[from] Hail\n|-damage|p1a: Toxapex|115\/216|[from] Hail\n|-heal|p1a: Toxapex|128\/216|[from] item: Black Sludge\n|upkeep\n|turn|13\n|\n|move|p2a: Goodra|Earthquake|p1a: Toxapex\n|-supereffective|p1a: Toxapex\n|-damage|p1a: Toxapex|32\/216\n|move|p1a: Toxapex|Toxic Spikes|p2a: Goodra\n|-sidestart|p2: Zkull_Zeus|move: Toxic Spikes\n|\n|-weather|none\n|-heal|p1a: Toxapex|45\/216|[from] item: Black Sludge\n|upkeep\n|turn|14\n|\n|move|p1a: Toxapex|Baneful Bunker|p1a: Toxapex\n|-singleturn|p1a: Toxapex|move: Protect\n|move|p2a: Goodra|Earthquake|p1a: Toxapex\n|-activate|p1a: Toxapex|move: Protect\n|\n|-heal|p1a: Toxapex|58\/216|[from] item: Black Sludge\n|upkeep\n|turn|15\n|\n|move|p2a: Goodra|Earthquake|p1a: Toxapex\n|-supereffective|p1a: Toxapex\n|-damage|p1a: Toxapex|0 fnt\n|faint|p1a: Toxapex\n|\n|upkeep\n|\n|switch|p1a: Eternatus|Eternatus, L78|346\/346\n|-ability|p1a: Eternatus|Pressure\n|turn|16\n|\n|-start|p2a: Goodra|Dynamax\n|-heal|p2a: Goodra|530\/564|[from] Dynamax\n|move|p1a: Eternatus|Sludge Wave|p2a: Goodra\n|-damage|p2a: Goodra|473\/564\n|-status|p2a: Goodra|psn\n|move|p2a: Goodra|Max Wyrmwind|p1a: Eternatus\n|-supereffective|p1a: Eternatus\n|-damage|p1a: Eternatus|76\/346\n|-unboost|p1a: Eternatus|atk|1\n|\n|-heal|p1a: Eternatus|97\/346|[from] item: Black Sludge\n|-damage|p2a: Goodra|403\/564 psn|[from] psn\n|upkeep\n|turn|17\n|\n|move|p1a: Eternatus|Dynamax Cannon|p2a: Goodra\n|-supereffective|p2a: Goodra\n|-damage|p2a: Goodra|173\/564 psn\n|move|p2a: Goodra|Max Wyrmwind|p1a: Eternatus\n|-supereffective|p1a: Eternatus\n|-damage|p1a: Eternatus|0 fnt\n|faint|p1a: Eternatus\n|\n|-damage|p2a: Goodra|103\/564 psn|[from] psn\n|upkeep\n|\n|switch|p1a: Jolteon|Jolteon, L82, M|241\/241\n|turn|18\n|\n|move|p1a: Jolteon|Thunder|p2a: Goodra\n|-resisted|p2a: Goodra\n|-damage|p2a: Goodra|65\/564 psn\n|move|p2a: Goodra|Max Quake|p1a: Jolteon\n|-supereffective|p1a: Jolteon\n|-damage|p1a: Jolteon|5\/241\n|-boost|p2a: Goodra|spd|1\n|\n|-damage|p2a: Goodra|0 fnt|[from] psn\n|faint|p2a: Goodra\n|upkeep\n|\n|switch|p2a: Skuntank|Skuntank, L82, M|303\/303\n|-sideend|p2: Zkull_Zeus|move: Toxic Spikes|[of] p2a: Skuntank\n|turn|19\n|\n|move|p1a: Jolteon|Thunder|p2a: Skuntank\n|-damage|p2a: Skuntank|80\/303\n|move|p2a: Skuntank|Poison Jab|p1a: Jolteon\n|-damage|p1a: Jolteon|0 fnt\n|-damage|p2a: Skuntank|50\/303|[from] item: Life Orb\n|faint|p1a: Jolteon\n|\n|upkeep\n|\n|switch|p1a: Cinderace|Cinderace, L82, F|265\/265\n|turn|20\n|\n|move|p2a: Skuntank|Sucker Punch|p1a: Cinderace\n|-damage|p1a: Cinderace|170\/265\n|-damage|p2a: Skuntank|20\/303|[from] item: Life Orb\n|move|p1a: Cinderace|Pyro Ball|p2a: Skuntank\n|-damage|p2a: Skuntank|0 fnt\n|faint|p2a: Skuntank\n|\n|upkeep\n|\n|switch|p2a: Sudowoodo|Sudowoodo, L82, F|23\/249\n|turn|21\n|\n|move|p2a: Sudowoodo|Sucker Punch|p1a: Cinderace\n|-damage|p1a: Cinderace|116\/265\n|move|p1a: Cinderace|Pyro Ball|p2a: Sudowoodo\n|-resisted|p2a: Sudowoodo\n|-damage|p2a: Sudowoodo|0 fnt\n|faint|p2a: Sudowoodo\n|\n|upkeep\n|\n|switch|p2a: Mr. Mime|Mr. Mime, L80, F|176\/195\n|turn|22\n|\n|-start|p1a: Cinderace|Dynamax\n|-heal|p1a: Cinderace|232\/530|[from] Dynamax\n|move|p1a: Cinderace|Max Ooze|p2a: Mr. Mime\n|-start|p1a: Cinderace|typechange|Poison|[from] ability: Libero\n|-supereffective|p2a: Mr. Mime\n|-damage|p2a: Mr. Mime|0 fnt\n|-boost|p1a: Cinderace|spa|1\n|faint|p2a: Mr. Mime\n|\n|win|Hajmola\n|c|\u2606Hajmola|Lul\n|c|\u2606Zkull_Zeus|GG\n|c|\u2606Hajmola|Gg\n","inputlog":">version 9e55c775b64caccdf2bd0b32d0e231423bd138e5\n>start {\"formatid\":\"gen8unratedrandombattle\",\"seed\":[16753,19173,17528,39858]}\n>player p1 {\"name\":\"Hajmola\",\"avatar\":\"10\",\"team\":\"\",\"rating\":0,\"seed\":[1508,54845,33187,16232]}\n>player p2 {\"name\":\"Zkull_Zeus\",\"avatar\":\"silver\",\"team\":\"\",\"rating\":0,\"seed\":[35322,16873,20266,45086]}\n>p1 move dynamaxcannon\n>p2 switch 2\n>p1 switch 2\n>p2 move dazzlinggleam\n>p1 move ironhead\n>p2 switch 5\n>p1 move kingsshield\n>p2 move throatchop\n>p1 move shadowball\n>p2 move throatchop\n>p2 switch 3\n>p1 move ironhead\n>p2 move earthquake\n>p1 switch 6\n>p1 move scald\n>p2 switch 4\n>p1 move banefulbunker\n>p2 move swordsdance\n>p1 switch 4\n>p2 move drumbeating\n>p1 move blizzard\n>p2 move drumbeating\n>p1 switch 3\n>p1 move pyroball\n>p2 move highhorsepower\n>p2 switch 2\n>p1 switch 4\n>p2 move earthquake\n>p1 move toxicspikes\n>p2 move earthquake\n>p1 move banefulbunker\n>p2 move earthquake\n>p1 move scald\n>p2 move earthquake\n>p1 switch 2\n>p1 move sludgewave\n>p2 move outrage dynamax\n>p1 move dynamaxcannon\n>p2 move outrage dynamax\n>p1 switch 5\n>p1 move thunder\n>p2 move earthquake dynamax\n>p2 switch 6\n>p1 move thunder\n>p2 move poisonjab\n>p1 switch 4\n>p1 move pyroball\n>p2 move suckerpunch\n>p2 switch 4\n>p1 move pyroball\n>p2 move suckerpunch\n>p2 switch 5\n>p1 move gunkshot dynamax\n>p2 move psychic","uploadtime":1574339888,"views":1,"p1id":"hajmola","p2id":"zkullzeus","formatid":"gen8unratedrandombattle","rating":0,"private":0,"password":null}