{"id":"gen8ou-1591544538","p1":"biaoges","p2":"cucumber22","format":"gen8ou","log":"|j|\u2606biaoges\n|j|\u2606cucumber22\n|t:|1654652448\n|gametype|singles\n|player|p1|biaoges|170|1662\n|player|p2|cucumber22|dancer|1858\n|teamsize|p1|6\n|teamsize|p2|6\n|gen|8\n|tier|[Gen 8] OU\n|rated|\n|rule|Sleep Clause Mod: Limit one foe put to sleep\n|rule|Species Clause: Limit one of each Pok\u00e9mon\n|rule|OHKO Clause: OHKO moves are banned\n|rule|Evasion Moves Clause: Evasion moves are banned\n|rule|Endless Battle Clause: Forcing endless battles is banned\n|rule|HP Percentage Mod: HP is shown in percentages\n|rule|Dynamax Clause: You cannot dynamax\n|clearpoke\n|poke|p1|Corviknight, M|\n|poke|p1|Urshifu-*, M|\n|poke|p1|Ferrothorn, M|\n|poke|p1|Tapu Fini|\n|poke|p1|Heatran, F|\n|poke|p1|Dragapult, M|\n|poke|p2|Pelipper, F|\n|poke|p2|Ferrothorn, M|\n|poke|p2|Urshifu-*, F|\n|poke|p2|Kingdra, M|\n|poke|p2|Garchomp, F|\n|poke|p2|Zapdos|\n|teampreview\n|j| GROSS SAMPLE TEAM\n|l| GROSS SAMPLE TEAM\n|inactive|Battle timer is ON: inactive players will automatically lose when time's up. (requested by cucumber22)\n|\n|t:|1654652485\n|start\n|switch|p1a: Dragapult|Dragapult, M|100\/100\n|switch|p2a: Pelipper|Pelipper, F|100\/100\n|-weather|RainDance|[from] ability: Drizzle|[of] p2a: Pelipper\n|turn|1\n|\n|t:|1654652493\n|switch|p2a: Ferrothorn|Ferrothorn, M|100\/100\n|move|p1a: Dragapult|Shadow Ball|p2a: Ferrothorn\n|-damage|p2a: Ferrothorn|66\/100\n|\n|-weather|RainDance|[upkeep]\n|-heal|p2a: Ferrothorn|72\/100|[from] item: Leftovers\n|upkeep\n|turn|2\n|\n|t:|1654652501\n|switch|p1a: Urshifu|Urshifu-Rapid-Strike, M|100\/100\n|move|p2a: Ferrothorn|Knock Off|p1a: Urshifu\n|-resisted|p1a: Urshifu\n|-damage|p1a: Urshifu|90\/100\n|-enditem|p1a: Urshifu|Choice Band|[from] move: Knock Off|[of] p2a: Ferrothorn\n|\n|-weather|RainDance|[upkeep]\n|-heal|p2a: Ferrothorn|79\/100|[from] item: Leftovers\n|upkeep\n|turn|3\n|\n|t:|1654652510\n|switch|p2a: Zapdos|Zapdos, shiny|100\/100\n|move|p1a: Urshifu|Close Combat|p2a: Zapdos\n|-resisted|p2a: Zapdos\n|-damage|p2a: Zapdos|58\/100\n|-unboost|p1a: Urshifu|def|1\n|-unboost|p1a: Urshifu|spd|1\n|-status|p1a: Urshifu|par|[from] ability: Static|[of] p2a: Zapdos\n|\n|-weather|RainDance|[upkeep]\n|upkeep\n|turn|4\n|\n|t:|1654652517\n|switch|p1a: Ferrothorn|Ferrothorn, M|100\/100\n|move|p2a: Zapdos|Hurricane|p1a: Ferrothorn\n|-damage|p1a: Ferrothorn|50\/100\n|-start|p1a: Ferrothorn|confusion\n|\n|-weather|RainDance|[upkeep]\n|-heal|p1a: Ferrothorn|56\/100|[from] item: Leftovers\n|upkeep\n|turn|5\n|\n|t:|1654652521\n|switch|p1a: Heatran|Heatran, F|100\/100\n|move|p2a: Zapdos|Hurricane|p1a: Heatran\n|-resisted|p1a: Heatran\n|-damage|p1a: Heatran|84\/100\n|-start|p1a: Heatran|confusion\n|\n|-weather|RainDance|[upkeep]\n|-heal|p1a: Heatran|90\/100|[from] item: Leftovers\n|upkeep\n|turn|6\n|\n|t:|1654652525\n|move|p2a: Zapdos|Volt Switch|p1a: Heatran\n|-damage|p1a: Heatran|68\/100\n|\n|t:|1654652528\n|switch|p2a: Kingdra|Kingdra, M|100\/100|[from]move: Volt Switch\n|-activate|p1a: Heatran|confusion\n|move|p1a: Heatran|Stealth Rock|p2a: Kingdra\n|-sidestart|p2: cucumber22|move: Stealth Rock\n|\n|-weather|RainDance|[upkeep]\n|-heal|p1a: Heatran|74\/100|[from] item: Leftovers\n|upkeep\n|turn|7\n|\n|t:|1654652532\n|switch|p1a: Ferrothorn|Ferrothorn, M|56\/100\n|move|p2a: Kingdra|Surf|p1a: Ferrothorn\n|-resisted|p1a: Ferrothorn\n|-damage|p1a: Ferrothorn|18\/100\n|\n|-weather|RainDance|[upkeep]\n|-heal|p1a: Ferrothorn|24\/100|[from] item: Leftovers\n|upkeep\n|turn|8\n|\n|t:|1654652537\n|move|p2a: Kingdra|Surf|p1a: Ferrothorn\n|-resisted|p1a: Ferrothorn\n|-damage|p1a: Ferrothorn|0 fnt\n|faint|p1a: Ferrothorn\n|\n|-weather|none\n|upkeep\n|j| RedCoza\n|\n|t:|1654652541\n|switch|p1a: Dragapult|Dragapult, M|100\/100\n|turn|9\n|\n|t:|1654652552\n|switch|p2a: Garchomp|Garchomp, F, shiny|100\/100\n|-damage|p2a: Garchomp|94\/100|[from] Stealth Rock\n|move|p1a: Dragapult|Shadow Ball|p2a: Garchomp\n|-damage|p2a: Garchomp|34\/100\n|\n|-heal|p2a: Garchomp|40\/100|[from] item: Leftovers\n|upkeep\n|turn|10\n|\n|t:|1654652559\n|switch|p2a: Ferrothorn|Ferrothorn, M|79\/100\n|-damage|p2a: Ferrothorn|72\/100|[from] Stealth Rock\n|move|p1a: Dragapult|Shadow Ball|p2a: Ferrothorn\n|-damage|p2a: Ferrothorn|33\/100\n|\n|-heal|p2a: Ferrothorn|39\/100|[from] item: Leftovers\n|upkeep\n|turn|11\n|\n|t:|1654652573\n|switch|p1a: Heatran|Heatran, F|74\/100\n|move|p2a: Ferrothorn|Knock Off|p1a: Heatran\n|-damage|p1a: Heatran|56\/100\n|-enditem|p1a: Heatran|Leftovers|[from] move: Knock Off|[of] p2a: Ferrothorn\n|\n|-heal|p2a: Ferrothorn|46\/100|[from] item: Leftovers\n|upkeep\n|turn|12\n|\n|t:|1654652576\n|switch|p2a: Pelipper|Pelipper, F|100\/100\n|-damage|p2a: Pelipper|76\/100|[from] Stealth Rock\n|-weather|RainDance|[from] ability: Drizzle|[of] p2a: Pelipper\n|move|p1a: Heatran|Magma Storm|p2a: Pelipper\n|-resisted|p2a: Pelipper\n|-damage|p2a: Pelipper|61\/100\n|-activate|p2a: Pelipper|move: Magma Storm|[of] p1a: Heatran\n|\n|-weather|RainDance|[upkeep]\n|-damage|p2a: Pelipper|49\/100|[from] move: Magma Storm|[partiallytrapped]\n|upkeep\n|turn|13\n|l| RedCoza\n|\n|t:|1654652584\n|move|p1a: Heatran|Protect|p1a: Heatran\n|-singleturn|p1a: Heatran|Protect\n|move|p2a: Pelipper|Roost|p2a: Pelipper\n|-heal|p2a: Pelipper|99\/100\n|-singleturn|p2a: Pelipper|move: Roost\n|\n|-weather|RainDance|[upkeep]\n|-damage|p2a: Pelipper|87\/100|[from] move: Magma Storm|[partiallytrapped]\n|upkeep\n|turn|14\n|\n|t:|1654652591\n|move|p1a: Heatran|Magma Storm|p2a: Pelipper|[miss]\n|-miss|p1a: Heatran|p2a: Pelipper\n|move|p2a: Pelipper|Defog|p1a: Heatran\n|-unboost|p1a: Heatran|evasion|1\n|-sideend|p2: cucumber22|Stealth Rock|[from] move: Defog|[of] p2a: Pelipper\n|\n|-weather|RainDance|[upkeep]\n|-damage|p2a: Pelipper|74\/100|[from] move: Magma Storm|[partiallytrapped]\n|upkeep\n|turn|15\n|\n|t:|1654652596\n|move|p1a: Heatran|Stealth Rock|p2a: Pelipper\n|-sidestart|p2: cucumber22|move: Stealth Rock\n|move|p2a: Pelipper|U-turn|p1a: Heatran\n|-resisted|p1a: Heatran\n|-crit|p1a: Heatran\n|-damage|p1a: Heatran|54\/100\n|\n|t:|1654652598\n|switch|p2a: Kingdra|Kingdra, M|100\/100|[from]move: U-turn\n|-damage|p2a: Kingdra|88\/100|[from] Stealth Rock\n|\n|-weather|RainDance|[upkeep]\n|upkeep\n|turn|16\n|\n|t:|1654652601\n|move|p1a: Heatran|Protect|p1a: Heatran\n|-singleturn|p1a: Heatran|Protect\n|move|p2a: Kingdra|Hydro Pump|p1a: Heatran\n|-activate|p1a: Heatran|move: Protect\n|\n|-weather|RainDance|[upkeep]\n|upkeep\n|turn|17\n|\n|t:|1654652604\n|switch|p1a: Urshifu|Urshifu-Rapid-Strike, M|90\/100 par\n|move|p2a: Kingdra|Hydro Pump|p1a: Urshifu\n|-resisted|p1a: Urshifu\n|-crit|p1a: Urshifu\n|-damage|p1a: Urshifu|0 fnt\n|faint|p1a: Urshifu\n|\n|-weather|RainDance|[upkeep]\n|upkeep\n|\n|t:|1654652606\n|switch|p1a: Tapu Fini|Tapu Fini|100\/100\n|-fieldstart|move: Misty Terrain|[from] ability: Misty Surge|[of] p1a: Tapu Fini\n|turn|18\n|\n|t:|1654652612\n|switch|p2a: Garchomp|Garchomp, F, shiny|40\/100\n|-damage|p2a: Garchomp|34\/100|[from] Stealth Rock\n|switch|p1a: Dragapult|Dragapult, M|100\/100\n|\n|-weather|RainDance|[upkeep]\n|-heal|p2a: Garchomp|40\/100|[from] item: Leftovers\n|upkeep\n|turn|19\n|\n|t:|1654652620\n|move|p1a: Dragapult|Shadow Ball|p2a: Garchomp\n|-damage|p2a: Garchomp|0 fnt\n|faint|p2a: Garchomp\n|\n|-weather|none\n|upkeep\n|\n|t:|1654652626\n|switch|p2a: Ferrothorn|Ferrothorn, M|46\/100\n|-damage|p2a: Ferrothorn|39\/100|[from] Stealth Rock\n|turn|20\n|\n|t:|1654652646\n|move|p1a: Dragapult|Shadow Ball|p2a: Ferrothorn\n|-crit|p2a: Ferrothorn\n|-damage|p2a: Ferrothorn|0 fnt\n|faint|p2a: Ferrothorn\n|\n|upkeep\n|\n|t:|1654652649\n|switch|p2a: Pelipper|Pelipper, F|74\/100\n|-damage|p2a: Pelipper|50\/100|[from] Stealth Rock\n|-weather|RainDance|[from] ability: Drizzle|[of] p2a: Pelipper\n|turn|21\n|\n|t:|1654652651\n|move|p1a: Dragapult|Shadow Ball|p2a: Pelipper\n|-damage|p2a: Pelipper|0 fnt\n|faint|p2a: Pelipper\n|\n|-weather|RainDance|[upkeep]\n|upkeep\n|\n|t:|1654652652\n|switch|p2a: Kingdra|Kingdra, M|88\/100\n|-damage|p2a: Kingdra|76\/100|[from] Stealth Rock\n|turn|22\n|\n|t:|1654652659\n|switch|p1a: Heatran|Heatran, F|54\/100\n|move|p2a: Kingdra|Hydro Pump|p1a: Heatran\n|-supereffective|p1a: Heatran\n|-damage|p1a: Heatran|0 fnt\n|faint|p1a: Heatran\n|\n|-weather|RainDance|[upkeep]\n|-fieldend|Misty Terrain\n|upkeep\n|\n|t:|1654652660\n|switch|p1a: Tapu Fini|Tapu Fini|100\/100\n|-fieldstart|move: Misty Terrain|[from] ability: Misty Surge|[of] p1a: Tapu Fini\n|turn|23\n|\n|t:|1654652667\n|switch|p2a: Zapdos|Zapdos, shiny|58\/100\n|move|p1a: Tapu Fini|Moonblast|p2a: Zapdos\n|-damage|p2a: Zapdos|15\/100\n|-unboost|p2a: Zapdos|spa|1\n|\n|-weather|RainDance|[upkeep]\n|upkeep\n|turn|24\n|j| Rafito12\n|\n|t:|1654652669\n|move|p1a: Tapu Fini|Moonblast|p2a: Zapdos\n|-damage|p2a: Zapdos|0 fnt\n|faint|p2a: Zapdos\n|\n|-weather|RainDance|[upkeep]\n|upkeep\n|-message|cucumber22 forfeited.\n|\n|win|biaoges\n|raw|biaoges's rating: 1662 &rarr; <strong>1692<\/strong><br \/>(+30 for winning)\n|raw|cucumber22's rating: 1858 &rarr; <strong>1828<\/strong><br \/>(-30 for losing)\n|l|\u2606cucumber22\n","uploadtime":1654652675,"views":21,"p1id":"biaoges","p2id":"cucumber22","formatid":"gen8ou","rating":1692,"private":0,"password":null}