{"id":"gen8ou-1541437623","p1":"sknmdeelectricidad","p2":"BRIFYE","format":"gen8ou","log":"|j|\u2606sknmdeelectricidad\n|j|\u2606BRIFYE\n|t:|1648570518\n|gametype|singles\n|player|p1|sknmdeelectricidad|tate|1578\n|player|p2|BRIFYE|2|1514\n|teamsize|p1|6\n|teamsize|p2|6\n|gen|8\n|tier|[Gen 8] OU\n|rated|\n|rule|Sleep Clause Mod: Limit one foe put to sleep\n|rule|Species Clause: Limit one of each Pok\u00e9mon\n|rule|OHKO Clause: OHKO moves are banned\n|rule|Evasion Moves Clause: Evasion moves are banned\n|rule|Endless Battle Clause: Forcing endless battles is banned\n|rule|HP Percentage Mod: HP is shown in percentages\n|rule|Dynamax Clause: You cannot dynamax\n|clearpoke\n|poke|p1|Rillaboom, M|\n|poke|p1|Hawlucha, F|\n|poke|p1|Landorus-Therian, M|\n|poke|p1|Tapu Fini|\n|poke|p1|Tornadus-Therian, M|\n|poke|p1|Kartana|\n|poke|p2|Zapdos|\n|poke|p2|Urshifu-*, M|\n|poke|p2|Dragapult, F|\n|poke|p2|Scizor, M|\n|poke|p2|Landorus-Therian, M|\n|poke|p2|Tapu Lele|\n|teampreview\n|inactive|Battle timer is ON: inactive players will automatically lose when time's up. (requested by sknmdeelectricidad)\n|j| Antony04\n|\n|t:|1648570545\n|start\n|switch|p1a: Tornadus|Tornadus-Therian, M|100\/100\n|switch|p2a: Tapu Lele|Tapu Lele|100\/100\n|-fieldstart|move: Psychic Terrain|[from] ability: Psychic Surge|[of] p2a: Tapu Lele\n|turn|1\n|\n|t:|1648570553\n|switch|p1a: Tapu Fini|Tapu Fini|100\/100\n|-fieldstart|move: Misty Terrain|[from] ability: Misty Surge|[of] p1a: Tapu Fini\n|move|p2a: Tapu Lele|Psychic|p1a: Tapu Fini\n|-damage|p1a: Tapu Fini|66\/100\n|\n|-heal|p1a: Tapu Fini|72\/100|[from] item: Leftovers\n|upkeep\n|turn|2\n|\n|t:|1648570564\n|switch|p2a: Buggy|Scizor, M|100\/100\n|switch|p1a: Tornadus|Tornadus-Therian, M|100\/100\n|\n|upkeep\n|turn|3\n|\n|t:|1648570578\n|switch|p2a: Piaf|Zapdos|100\/100\n|move|p1a: Tornadus|Nasty Plot|p1a: Tornadus\n|-boost|p1a: Tornadus|spa|2\n|\n|upkeep\n|turn|4\n|\n|t:|1648570583\n|move|p1a: Tornadus|Hyper Beam|p2a: Piaf\n|-damage|p2a: Piaf|0 fnt\n|-mustrecharge|p1a: Tornadus\n|faint|p2a: Piaf\n|-damage|p1a: Tornadus|91\/100|[from] item: Life Orb\n|\n|upkeep\n|\n|t:|1648570598\n|switch|p2a: Tapu Lele|Tapu Lele|100\/100\n|-fieldstart|move: Psychic Terrain|[from] ability: Psychic Surge|[of] p2a: Tapu Lele\n|turn|5\n|\n|t:|1648570610\n|move|p2a: Tapu Lele|Psychic|p1a: Tornadus\n|-damage|p1a: Tornadus|16\/100\n|cant|p1a: Tornadus|recharge\n|\n|upkeep\n|turn|6\n|\n|t:|1648570615\n|switch|p1a: Tapu Fini|Tapu Fini|72\/100\n|-fieldstart|move: Misty Terrain|[from] ability: Misty Surge|[of] p1a: Tapu Fini\n|move|p2a: Tapu Lele|Psychic|p1a: Tapu Fini\n|-damage|p1a: Tapu Fini|41\/100\n|\n|-heal|p1a: Tapu Fini|47\/100|[from] item: Leftovers\n|upkeep\n|turn|7\n|\n|t:|1648570623\n|move|p2a: Tapu Lele|Psychic|p1a: Tapu Fini\n|-damage|p1a: Tapu Fini|16\/100\n|move|p1a: Tapu Fini|Nature's Madness|p2a: Tapu Lele\n|-damage|p2a: Tapu Lele|51\/100\n|\n|-heal|p1a: Tapu Fini|22\/100|[from] item: Leftovers\n|upkeep\n|turn|8\n|\n|t:|1648570641\n|move|p2a: Tapu Lele|Psychic|p1a: Tapu Fini\n|-damage|p1a: Tapu Fini|0 fnt\n|faint|p1a: Tapu Fini\n|\n|upkeep\n|l| Antony04\n|j| Antony04\n|\n|t:|1648570653\n|switch|p1a: Landorus|Landorus-Therian, M|100\/100\n|-ability|p1a: Landorus|Intimidate|boost\n|-unboost|p2a: Tapu Lele|atk|1\n|turn|9\n|\n|t:|1648570661\n|switch|p2a: Landorus|Landorus-Therian, M|100\/100\n|-ability|p2a: Landorus|Intimidate|boost\n|-unboost|p1a: Landorus|atk|1\n|move|p1a: Landorus|Stealth Rock|p2a: Landorus\n|-sidestart|p2: BRIFYE|move: Stealth Rock\n|\n|upkeep\n|turn|10\n|\n|t:|1648570666\n|move|p1a: Landorus|Knock Off|p2a: Landorus\n|-damage|p2a: Landorus|81\/100\n|-enditem|p2a: Landorus|Leftovers|[from] move: Knock Off|[of] p1a: Landorus\n|move|p2a: Landorus|Stealth Rock|p1a: Landorus\n|-sidestart|p1: sknmdeelectricidad|move: Stealth Rock\n|\n|-fieldend|Misty Terrain\n|upkeep\n|turn|11\n|\n|t:|1648570673\n|move|p2a: Landorus|Toxic|p1a: Landorus\n|-status|p1a: Landorus|tox\n|move|p1a: Landorus|U-turn|p2a: Landorus\n|-resisted|p2a: Landorus\n|-damage|p2a: Landorus|74\/100\n|\n|t:|1648570681\n|switch|p1a: Rillaboom|Rillaboom, M|100\/100|[from]move: U-turn\n|-damage|p1a: Rillaboom|88\/100|[from] Stealth Rock\n|-fieldstart|move: Grassy Terrain|[from] ability: Grassy Surge|[of] p1a: Rillaboom\n|\n|-heal|p1a: Rillaboom|94\/100|[from] Grassy Terrain\n|upkeep\n|turn|12\n|\n|t:|1648570688\n|move|p1a: Rillaboom|Swords Dance|p1a: Rillaboom\n|-boost|p1a: Rillaboom|atk|2\n|move|p2a: Landorus|U-turn|p1a: Rillaboom\n|-supereffective|p1a: Rillaboom\n|-damage|p1a: Rillaboom|43\/100\n|\n|t:|1648570695\n|switch|p2a: Tapu Lele|Tapu Lele|51\/100|[from]move: U-turn\n|-damage|p2a: Tapu Lele|38\/100|[from] Stealth Rock\n|-fieldstart|move: Psychic Terrain|[from] ability: Psychic Surge|[of] p2a: Tapu Lele\n|\n|upkeep\n|turn|13\n|\n|t:|1648570701\n|switch|p1a: Tornadus|Tornadus-Therian, M|49\/100\n|-damage|p1a: Tornadus|25\/100|[from] Stealth Rock\n|move|p2a: Tapu Lele|Psychic|p1a: Tornadus\n|-damage|p1a: Tornadus|0 fnt\n|faint|p1a: Tornadus\n|\n|upkeep\n|\n|t:|1648570703\n|switch|p1a: Rillaboom|Rillaboom, M|43\/100\n|-damage|p1a: Rillaboom|30\/100|[from] Stealth Rock\n|-fieldstart|move: Grassy Terrain|[from] ability: Grassy Surge|[of] p1a: Rillaboom\n|turn|14\n|\n|t:|1648570714\n|switch|p2a: Buggy|Scizor, M|100\/100\n|-damage|p2a: Buggy|88\/100|[from] Stealth Rock\n|move|p1a: Rillaboom|Swords Dance|p1a: Rillaboom\n|-boost|p1a: Rillaboom|atk|2\n|\n|-heal|p1a: Rillaboom|37\/100|[from] Grassy Terrain\n|-heal|p2a: Buggy|94\/100|[from] Grassy Terrain\n|-heal|p2a: Buggy|100\/100|[from] item: Leftovers\n|upkeep\n|turn|15\n|\n|t:|1648570728\n|move|p1a: Rillaboom|Superpower|p2a: Buggy\n|-damage|p2a: Buggy|0 fnt\n|-unboost|p1a: Rillaboom|atk|1\n|-unboost|p1a: Rillaboom|def|1\n|faint|p2a: Buggy\n|-damage|p1a: Rillaboom|27\/100|[from] item: Life Orb\n|\n|-heal|p1a: Rillaboom|33\/100|[from] Grassy Terrain\n|upkeep\n|\n|t:|1648570737\n|switch|p2a: Tapu Lele|Tapu Lele|38\/100\n|-damage|p2a: Tapu Lele|26\/100|[from] Stealth Rock\n|-fieldstart|move: Psychic Terrain|[from] ability: Psychic Surge|[of] p2a: Tapu Lele\n|turn|16\n|\n|t:|1648570743\n|switch|p1a: Landorus|Landorus-Therian, M|100\/100 tox\n|-damage|p1a: Landorus|88\/100 tox|[from] Stealth Rock\n|-ability|p1a: Landorus|Intimidate|boost\n|-unboost|p2a: Tapu Lele|atk|1\n|move|p2a: Tapu Lele|Psychic|p1a: Landorus\n|-damage|p1a: Landorus|46\/100 tox\n|\n|-heal|p1a: Landorus|52\/100 tox|[from] item: Leftovers\n|-damage|p1a: Landorus|46\/100 tox|[from] psn\n|upkeep\n|turn|17\n|\n|t:|1648570754\n|switch|p2a: Landorus|Landorus-Therian, M|74\/100\n|-damage|p2a: Landorus|61\/100|[from] Stealth Rock\n|-ability|p2a: Landorus|Intimidate|boost\n|-unboost|p1a: Landorus|atk|1\n|move|p1a: Landorus|U-turn|p2a: Landorus\n|-resisted|p2a: Landorus\n|-damage|p2a: Landorus|55\/100\n|\n|t:|1648570767\n|switch|p1a: Rillaboom|Rillaboom, M|33\/100|[from]move: U-turn\n|-damage|p1a: Rillaboom|20\/100|[from] Stealth Rock\n|-fieldstart|move: Grassy Terrain|[from] ability: Grassy Surge|[of] p1a: Rillaboom\n|\n|-heal|p1a: Rillaboom|27\/100|[from] Grassy Terrain\n|upkeep\n|turn|18\n|\n|t:|1648570775\n|move|p1a: Rillaboom|Grassy Glide|p2a: Landorus\n|-damage|p2a: Landorus|0 fnt\n|faint|p2a: Landorus\n|-damage|p1a: Rillaboom|17\/100|[from] item: Life Orb\n|\n|-heal|p1a: Rillaboom|23\/100|[from] Grassy Terrain\n|upkeep\n|\n|t:|1648570784\n|switch|p2a: Tapu Lele|Tapu Lele|26\/100\n|-damage|p2a: Tapu Lele|13\/100|[from] Stealth Rock\n|-fieldstart|move: Psychic Terrain|[from] ability: Psychic Surge|[of] p2a: Tapu Lele\n|turn|19\n|\n|t:|1648570789\n|switch|p1a: Landorus|Landorus-Therian, M|46\/100 tox\n|-damage|p1a: Landorus|34\/100 tox|[from] Stealth Rock\n|-ability|p1a: Landorus|Intimidate|boost\n|-unboost|p2a: Tapu Lele|atk|1\n|move|p2a: Tapu Lele|Psychic|p1a: Landorus\n|-damage|p1a: Landorus|0 fnt\n|faint|p1a: Landorus\n|\n|upkeep\n|\n|t:|1648570792\n|switch|p1a: Rillaboom|Rillaboom, M|23\/100\n|-damage|p1a: Rillaboom|10\/100|[from] Stealth Rock\n|-fieldstart|move: Grassy Terrain|[from] ability: Grassy Surge|[of] p1a: Rillaboom\n|turn|20\n|\n|t:|1648570801\n|move|p1a: Rillaboom|Grassy Glide|p2a: Tapu Lele\n|-damage|p2a: Tapu Lele|0 fnt\n|faint|p2a: Tapu Lele\n|-damage|p1a: Rillaboom|0 fnt|[from] item: Life Orb\n|faint|p1a: Rillaboom\n|\n|upkeep\n|\n|t:|1648570811\n|switch|p2a: Pute|Dragapult, F|100\/100\n|switch|p1a: Hawlucha|Hawlucha, F|100\/100\n|-damage|p1a: Hawlucha|88\/100|[from] Stealth Rock\n|-enditem|p1a: Hawlucha|Grassy Seed\n|-boost|p1a: Hawlucha|def|1|[from] item: Grassy Seed\n|turn|21\n|\n|t:|1648570819\n|move|p1a: Hawlucha|Acrobatics|p2a: Pute\n|-damage|p2a: Pute|32\/100\n|move|p2a: Pute|Thunder Wave|p1a: Hawlucha|[miss]\n|-miss|p2a: Pute|p1a: Hawlucha\n|\n|-heal|p2a: Pute|38\/100|[from] Grassy Terrain\n|upkeep\n|turn|22\n|\n|t:|1648570826\n|move|p1a: Hawlucha|Acrobatics|p2a: Pute\n|-damage|p2a: Pute|0 fnt\n|faint|p2a: Pute\n|\n|upkeep\n|-message|BRIFYE forfeited.\n|\n|win|sknmdeelectricidad\n|raw|sknmdeelectricidad's rating: 1578 &rarr; <strong>1594<\/strong><br \/>(+16 for winning)\n|raw|BRIFYE's rating: 1514 &rarr; <strong>1498<\/strong><br \/>(-16 for losing)\n|l|\u2606BRIFYE\n|l| Antony04\n","uploadtime":1648570851,"views":21,"p1id":"sknmdeelectricidad","p2id":"brifye","formatid":"gen8ou","rating":1498,"private":0,"password":null}