{"id":"gen8nationaldex-1641363598","p1":"FleetFoxxx","p2":"Frosti Plays","format":"gen8nationaldex","log":"|j|\u2606FleetFoxxx\n|j|\u2606Frosti Plays\n|t:|1660696748\n|gametype|singles\n|player|p1|FleetFoxxx|flannery|\n|player|p2|Frosti Plays|veteran|\n|teamsize|p1|6\n|teamsize|p2|6\n|gen|8\n|tier|[Gen 8] National Dex\n|rule|HP Percentage Mod: HP is shown in percentages\n|rule|Endless Battle Clause: Forcing endless battles is banned\n|rule|OHKO Clause: OHKO moves are banned\n|rule|Evasion Moves Clause: Evasion moves are banned\n|rule|Species Clause: Limit one of each Pok\u00e9mon\n|rule|Dynamax Clause: You cannot dynamax\n|rule|Sleep Clause Mod: Limit one foe put to sleep\n|clearpoke\n|poke|p1|Bisharp, F|\n|poke|p1|Banette, F|\n|poke|p1|Galvantula, M|\n|poke|p1|Whimsicott, F|\n|poke|p1|Togetic, F|\n|poke|p1|Runerigus, F|\n|poke|p2|Vaporeon, F|\n|poke|p2|Rotom-Mow|\n|poke|p2|Metagross|\n|poke|p2|Silvally-*|\n|poke|p2|Haunter, F|\n|poke|p2|Tyrantrum, F|\n|teampreview\n|c|\u2606Frosti Plays|glhf!\n|c|\u2606FleetFoxxx|glhf\n|c|\u2606FleetFoxxx|both benching the flying egg\n|c|\u2606FleetFoxxx|sadge\n|j| evilhanaklaus\n|c|\u2606Frosti Plays|:(\n|\n|t:|1660696803\n|start\n|switch|p1a: Galvantula|Galvantula, M|100\/100\n|switch|p2a: Gligamesh|Tyrantrum, F|100\/100\n|turn|1\n|j| glumpbumpin\n|j| deathbypudding\n|l| deathbypudding\n|j| deathbypudding\n|\n|t:|1660696848\n|switch|p1a: Runerigus|Runerigus, F|100\/100\n|move|p2a: Gligamesh|Earthquake|p1a: Runerigus\n|-damage|p1a: Runerigus|81\/100\n|\n|-heal|p1a: Runerigus|87\/100|[from] item: Leftovers\n|upkeep\n|turn|2\n|\n|t:|1660696858\n|switch|p2a: Aqualad|Vaporeon, F|100\/100\n|move|p1a: Runerigus|Stealth Rock|p2a: Aqualad\n|-sidestart|p2: Frosti Plays|move: Stealth Rock\n|\n|-heal|p1a: Runerigus|93\/100|[from] item: Leftovers\n|upkeep\n|turn|3\n|\n|t:|1660696868\n|switch|p1a: Galvantula|Galvantula, M|100\/100\n|move|p2a: Aqualad|Scald|p1a: Galvantula\n|-damage|p1a: Galvantula|44\/100\n|\n|upkeep\n|turn|4\n|\n|t:|1660696904\n|move|p2a: Aqualad|Protect|p2a: Aqualad\n|-singleturn|p2a: Aqualad|Protect\n|move|p1a: Galvantula|Volt Switch|p2a: Aqualad\n|-activate|p2a: Aqualad|move: Protect\n|\n|upkeep\n|turn|5\n|\n|t:|1660696933\n|switch|p2a: Nox|Silvally-Dark|100\/100\n|-damage|p2a: Nox|88\/100|[from] Stealth Rock\n|move|p1a: Galvantula|Volt Switch|p2a: Nox\n|-damage|p2a: Nox|58\/100\n|\n|t:|1660696948\n|switch|p1a: Whimsicott|Whimsicott, F|100\/100|[from]move: Volt Switch\n|\n|upkeep\n|turn|6\n|\n|t:|1660696955\n|switch|p2a: Watson|Metagross, shiny|100\/100\n|-damage|p2a: Watson|94\/100|[from] Stealth Rock\n|move|p1a: Whimsicott|Moonblast|p2a: Watson\n|-resisted|p2a: Watson\n|-damage|p2a: Watson|75\/100\n|\n|-heal|p2a: Watson|81\/100|[from] item: Leftovers\n|upkeep\n|turn|7\n|j| sicksickboy\n|\n|t:|1660696979\n|switch|p1a: Runerigus|Runerigus, F|93\/100\n|move|p2a: Watson|Meteor Mash|p1a: Runerigus\n|-damage|p1a: Runerigus|62\/100\n|-activate|p1a: Runerigus|ability: Wandering Spirit|Clear Body|Wandering Spirit|[of] p2a: Watson\n|\n|-heal|p2a: Watson|87\/100|[from] item: Leftovers\n|-heal|p1a: Runerigus|69\/100|[from] item: Leftovers\n|upkeep\n|turn|8\n|\n|t:|1660696993\n|switch|p2a: Aqualad|Vaporeon, F|100\/100\n|-damage|p2a: Aqualad|88\/100|[from] Stealth Rock\n|move|p1a: Runerigus|Poltergeist|p2a: Aqualad\n|-activate|p2a: Aqualad|move: Poltergeist|Leftovers\n|-crit|p2a: Aqualad\n|-damage|p2a: Aqualad|46\/100\n|\n|-heal|p2a: Aqualad|52\/100|[from] item: Leftovers\n|-heal|p1a: Runerigus|75\/100|[from] item: Leftovers\n|upkeep\n|turn|9\n|\n|t:|1660697008\n|switch|p1a: Whimsicott|Whimsicott, F|100\/100\n|move|p2a: Aqualad|Wish|p2a: Aqualad\n|\n|-heal|p2a: Aqualad|58\/100|[from] item: Leftovers\n|upkeep\n|turn|10\n|\n|t:|1660697025\n|switch|p2a: Watson|Metagross, shiny|87\/100\n|-damage|p2a: Watson|81\/100|[from] Stealth Rock\n|move|p1a: Whimsicott|Leech Seed|p2a: Watson\n|-start|p2a: Watson|move: Leech Seed\n|\n|-heal|p2a: Watson|100\/100|[from] move: Wish|[wisher] Aqualad\n|-damage|p2a: Watson|88\/100|[from] Leech Seed|[of] p1a: Whimsicott\n|upkeep\n|turn|11\n|\n|t:|1660697068\n|switch|p1a: Runerigus|Runerigus, F|75\/100\n|move|p2a: Watson|Stealth Rock|p1a: Runerigus\n|-sidestart|p1: FleetFoxxx|move: Stealth Rock\n|\n|-heal|p2a: Watson|94\/100|[from] item: Leftovers\n|-heal|p1a: Runerigus|81\/100|[from] item: Leftovers\n|-damage|p2a: Watson|82\/100|[from] Leech Seed|[of] p1a: Runerigus\n|-heal|p1a: Runerigus|95\/100|[silent]\n|upkeep\n|turn|12\n|l| glumpbumpin\n|\n|t:|1660697103\n|switch|p2a: Nox|Silvally-Dark|58\/100\n|-damage|p2a: Nox|46\/100|[from] Stealth Rock\n|switch|p1a: Galvantula|Galvantula, M|44\/100\n|\n|upkeep\n|turn|13\n|\n|t:|1660697121\n|switch|p2a: Gligamesh|Tyrantrum, F|100\/100\n|-damage|p2a: Gligamesh|88\/100|[from] Stealth Rock\n|move|p1a: Galvantula|Bug Buzz|p2a: Gligamesh\n|-damage|p2a: Gligamesh|26\/100\n|\n|upkeep\n|turn|14\n|\n|t:|1660697135\n|switch|p1a: Runerigus|Runerigus, F|95\/100\n|-damage|p1a: Runerigus|89\/100|[from] Stealth Rock\n|move|p2a: Gligamesh|Fire Fang|p1a: Runerigus\n|-damage|p1a: Runerigus|75\/100\n|-activate|p1a: Runerigus|ability: Wandering Spirit|Rock Head|Wandering Spirit|[of] p2a: Gligamesh\n|\n|-heal|p1a: Runerigus|82\/100|[from] item: Leftovers\n|upkeep\n|turn|15\n|\n|t:|1660697174\n|switch|p2a: Gaiavolt|Rotom-Mow|100\/100\n|-damage|p2a: Gaiavolt|88\/100|[from] Stealth Rock\n|move|p1a: Runerigus|Poltergeist|p2a: Gaiavolt\n|-activate|p2a: Gaiavolt|move: Poltergeist|Grassium Z\n|-damage|p2a: Gaiavolt|35\/100\n|\n|-heal|p1a: Runerigus|88\/100|[from] item: Leftovers\n|upkeep\n|turn|16\n|j| Bugsileus\n|j| Flare1498\n|\n|t:|1660697229\n|switch|p1a: Whimsicott|Whimsicott, F|100\/100\n|-damage|p1a: Whimsicott|88\/100|[from] Stealth Rock\n|-zpower|p2a: Gaiavolt\n|move|p2a: Gaiavolt|Bloom Doom|p1a: Whimsicott|[zeffect]\n|-resisted|p1a: Whimsicott\n|-damage|p1a: Whimsicott|13\/100\n|\n|upkeep\n|turn|17\n|\n|t:|1660697248\n|switch|p2a: Watson|Metagross, shiny|82\/100\n|-damage|p2a: Watson|76\/100|[from] Stealth Rock\n|move|p1a: Whimsicott|Moonblast|p2a: Watson\n|-resisted|p2a: Watson\n|-damage|p2a: Watson|56\/100\n|\n|-heal|p2a: Watson|62\/100|[from] item: Leftovers\n|upkeep\n|turn|18\n|\n|t:|1660697276\n|-zpower|p1a: Whimsicott\n|move|p1a: Whimsicott|Never-Ending Nightmare|p2a: Watson|[zeffect]\n|-supereffective|p2a: Watson\n|-damage|p2a: Watson|0 fnt\n|faint|p2a: Watson\n|\n|upkeep\n|\n|t:|1660697290\n|switch|p2a: Return of the King|Haunter, F|100\/100\n|-damage|p2a: Return of the King|88\/100|[from] Stealth Rock\n|turn|19\n|\n|t:|1660697307\n|move|p1a: Whimsicott|Tailwind|p1a: Whimsicott\n|-sidestart|p1: FleetFoxxx|move: Tailwind\n|move|p2a: Return of the King|Shadow Ball|p1a: Whimsicott\n|-damage|p1a: Whimsicott|0 fnt\n|faint|p1a: Whimsicott\n|\n|upkeep\n|\n|t:|1660697311\n|switch|p1a: Bisharp|Bisharp, F|100\/100\n|-damage|p1a: Bisharp|95\/100|[from] Stealth Rock\n|turn|20\n|\n|t:|1660697333\n|switch|p2a: Nox|Silvally-Dark|46\/100\n|-damage|p2a: Nox|33\/100|[from] Stealth Rock\n|move|p1a: Bisharp|Knock Off|p2a: Nox\n|-resisted|p2a: Nox\n|-damage|p2a: Nox|17\/100\n|-damage|p1a: Bisharp|85\/100|[from] item: Life Orb\n|\n|upkeep\n|turn|21\n|\n|t:|1660697355\n|move|p1a: Bisharp|Iron Head|p2a: Nox\n|-damage|p2a: Nox|0 fnt\n|faint|p2a: Nox\n|-damage|p1a: Bisharp|75\/100|[from] item: Life Orb\n|\n|upkeep\n|\n|t:|1660697373\n|switch|p2a: Gligamesh|Tyrantrum, F|26\/100\n|-damage|p2a: Gligamesh|14\/100|[from] Stealth Rock\n|turn|22\n|\n|t:|1660697381\n|move|p1a: Bisharp|Sucker Punch|p2a: Gligamesh\n|-damage|p2a: Gligamesh|0 fnt\n|faint|p2a: Gligamesh\n|-damage|p1a: Bisharp|65\/100|[from] item: Life Orb\n|\n|-sideend|p1: FleetFoxxx|move: Tailwind\n|upkeep\n|\n|t:|1660697400\n|switch|p2a: Aqualad|Vaporeon, F|58\/100\n|-damage|p2a: Aqualad|46\/100|[from] Stealth Rock\n|turn|23\n|\n|t:|1660697412\n|move|p2a: Aqualad|Protect|p2a: Aqualad\n|-singleturn|p2a: Aqualad|Protect\n|move|p1a: Bisharp|Knock Off|p2a: Aqualad\n|-activate|p2a: Aqualad|move: Protect\n|\n|-heal|p2a: Aqualad|52\/100|[from] item: Leftovers\n|upkeep\n|turn|24\n|\n|t:|1660697440\n|switch|p2a: Gaiavolt|Rotom-Mow|35\/100\n|-damage|p2a: Gaiavolt|23\/100|[from] Stealth Rock\n|move|p1a: Bisharp|Knock Off|p2a: Gaiavolt\n|-damage|p2a: Gaiavolt|0 fnt\n|faint|p2a: Gaiavolt\n|-damage|p1a: Bisharp|55\/100|[from] item: Life Orb\n|\n|upkeep\n|\n|t:|1660697448\n|switch|p2a: Return of the King|Haunter, F|88\/100\n|-damage|p2a: Return of the King|76\/100|[from] Stealth Rock\n|turn|25\n|\n|t:|1660697476\n|switch|p1a: Togetic|Togetic, F|100\/100\n|-damage|p1a: Togetic|76\/100|[from] Stealth Rock\n|move|p2a: Return of the King|Destiny Bond|p2a: Return of the King\n|-singlemove|p2a: Return of the King|Destiny Bond\n|\n|upkeep\n|turn|26\n|l| Bugsileus\n|\n|t:|1660697493\n|switch|p2a: Aqualad|Vaporeon, F|52\/100\n|-damage|p2a: Aqualad|40\/100|[from] Stealth Rock\n|switch|p1a: Runerigus|Runerigus, F|88\/100\n|-damage|p1a: Runerigus|82\/100|[from] Stealth Rock\n|\n|-heal|p2a: Aqualad|46\/100|[from] item: Leftovers\n|-heal|p1a: Runerigus|88\/100|[from] item: Leftovers\n|upkeep\n|turn|27\n|\n|t:|1660697512\n|switch|p1a: Togetic|Togetic, F|76\/100\n|-damage|p1a: Togetic|51\/100|[from] Stealth Rock\n|move|p2a: Aqualad|Scald|p1a: Togetic\n|-damage|p1a: Togetic|31\/100\n|\n|-heal|p2a: Aqualad|52\/100|[from] item: Leftovers\n|upkeep\n|turn|28\n|\n|t:|1660697524\n|move|p2a: Aqualad|Wish|p2a: Aqualad\n|move|p1a: Togetic|Toxic|p2a: Aqualad\n|-status|p2a: Aqualad|tox\n|\n|-heal|p2a: Aqualad|58\/100 tox|[from] item: Leftovers\n|-damage|p2a: Aqualad|52\/100 tox|[from] psn\n|upkeep\n|turn|29\n|\n|t:|1660697535\n|move|p2a: Aqualad|Heal Bell|p2a: Aqualad\n|-activate|p2a: Aqualad|move: Heal Bell\n|-curestatus|p2a: Aqualad|tox|[msg]\n|move|p1a: Togetic|Tailwind|p1a: Togetic\n|-sidestart|p1: FleetFoxxx|move: Tailwind\n|\n|-heal|p2a: Aqualad|100\/100|[from] move: Wish|[wisher] Aqualad\n|upkeep\n|turn|30\n|\n|t:|1660697543\n|move|p1a: Togetic|Toxic|p2a: Aqualad\n|-status|p2a: Aqualad|tox\n|move|p2a: Aqualad|Scald|p1a: Togetic\n|-crit|p1a: Togetic\n|-damage|p1a: Togetic|1\/100\n|\n|-damage|p2a: Aqualad|94\/100 tox|[from] psn\n|upkeep\n|turn|31\n|j|+111ace111\n|\n|t:|1660697554\n|move|p1a: Togetic|Dazzling Gleam|p2a: Aqualad\n|-damage|p2a: Aqualad|75\/100 tox\n|move|p2a: Aqualad|Heal Bell|p2a: Aqualad\n|-activate|p2a: Aqualad|move: Heal Bell\n|-curestatus|p2a: Aqualad|tox|[msg]\n|\n|-heal|p2a: Aqualad|82\/100|[from] item: Leftovers\n|upkeep\n|turn|32\n|\n|t:|1660697563\n|move|p2a: Aqualad|Protect|p2a: Aqualad\n|-singleturn|p2a: Aqualad|Protect\n|move|p1a: Togetic|Dazzling Gleam|p2a: Aqualad\n|-activate|p2a: Aqualad|move: Protect\n|\n|-heal|p2a: Aqualad|88\/100|[from] item: Leftovers\n|-sideend|p1: FleetFoxxx|move: Tailwind\n|upkeep\n|turn|33\n|\n|t:|1660697571\n|move|p2a: Aqualad|Scald|p1a: Togetic\n|-damage|p1a: Togetic|0 fnt\n|faint|p1a: Togetic\n|\n|-heal|p2a: Aqualad|94\/100|[from] item: Leftovers\n|upkeep\n|\n|t:|1660697574\n|switch|p1a: Galvantula|Galvantula, M|44\/100\n|turn|34\n|l| deathbypudding\n|\n|t:|1660697585\n|move|p2a: Aqualad|Protect|p2a: Aqualad\n|-singleturn|p2a: Aqualad|Protect\n|move|p1a: Galvantula|Thunder|p2a: Aqualad\n|-activate|p2a: Aqualad|move: Protect\n|\n|-heal|p2a: Aqualad|100\/100|[from] item: Leftovers\n|upkeep\n|turn|35\n|\n|t:|1660697616\n|move|p1a: Galvantula|Thunder|p2a: Aqualad\n|-supereffective|p2a: Aqualad\n|-damage|p2a: Aqualad|33\/100\n|move|p2a: Aqualad|Scald|p1a: Galvantula\n|-damage|p1a: Galvantula|0 fnt\n|faint|p1a: Galvantula\n|\n|-heal|p2a: Aqualad|40\/100|[from] item: Leftovers\n|upkeep\n|\n|t:|1660697626\n|switch|p1a: Bisharp|Bisharp, F|55\/100\n|-damage|p1a: Bisharp|49\/100|[from] Stealth Rock\n|turn|36\n|\n|t:|1660697636\n|move|p2a: Aqualad|Protect|p2a: Aqualad\n|-singleturn|p2a: Aqualad|Protect\n|move|p1a: Bisharp|Knock Off|p2a: Aqualad\n|-activate|p2a: Aqualad|move: Protect\n|\n|-heal|p2a: Aqualad|46\/100|[from] item: Leftovers\n|upkeep\n|turn|37\n|j| Bugsileus\n|j| blissymaster\n|\n|t:|1660697689\n|move|p1a: Bisharp|Knock Off|p2a: Aqualad\n|-damage|p2a: Aqualad|0 fnt\n|-enditem|p2a: Aqualad|Leftovers|[from] move: Knock Off|[of] p1a: Bisharp\n|faint|p2a: Aqualad\n|-damage|p1a: Bisharp|39\/100|[from] item: Life Orb\n|\n|upkeep\n|\n|t:|1660697695\n|switch|p2a: Return of the King|Haunter, F|76\/100\n|-damage|p2a: Return of the King|64\/100|[from] Stealth Rock\n|turn|38\n|\n|t:|1660697710\n|move|p1a: Bisharp|Sucker Punch|p2a: Return of the King\n|-supereffective|p2a: Return of the King\n|-damage|p2a: Return of the King|0 fnt\n|faint|p2a: Return of the King\n|-damage|p1a: Bisharp|29\/100|[from] item: Life Orb\n|\n|win|FleetFoxxx\n|c|\u2606Frosti Plays|gg\n|c|\u2606FleetFoxxx|gg!\n|l| Flare1498\n|l|\u2606FleetFoxxx\n|l| blissymaster\n|l| evilhanaklaus\n|l| Bugsileus\n|l| sicksickboy\n|j| Bugsileus\n|l| Bugsileus\n|j| sh0shin\n","uploadtime":1660698529,"views":19,"p1id":"fleetfoxxx","p2id":"frostiplays","formatid":"gen8nationaldex","rating":0,"private":0,"password":null}