{"id":"gen8randombattlenodmax-1442122495","p1":"never mb always yb","p2":"not mb","format":"gen8randombattlenodmax","log":"|j|\u2606never mb always yb\n|j|\u2606not mb\n|t:|1635182315\n|gametype|singles\n|player|p1|never mb always yb|valerie|\n|player|p2|not mb|1|\n|teamsize|p1|6\n|teamsize|p2|6\n|gen|8\n|tier|[Gen 8] Random Battle (No Dmax)\n|rule|Species Clause: Limit one of each Pok\u00e9mon\n|rule|HP Percentage Mod: HP is shown in percentages\n|rule|Sleep Clause Mod: Limit one foe put to sleep\n|rule|Dynamax Clause: You cannot dynamax\n|\n|t:|1635182315\n|start\n|switch|p1a: Uxie|Uxie, L88|275\/275\n|switch|p2a: Boltund|Boltund, L88, M|265\/265\n|turn|1\n|\n|t:|1635182327\n|move|p2a: Boltund|Bulk Up|p2a: Boltund\n|-boost|p2a: Boltund|atk|1\n|-boost|p2a: Boltund|def|1\n|move|p1a: Uxie|Stealth Rock|p2a: Boltund\n|-sidestart|p2: not mb|move: Stealth Rock\n|\n|upkeep\n|turn|2\n|c|\u2606never mb always yb|kek\n|\n|t:|1635182342\n|move|p2a: Boltund|Crunch|p1a: Uxie\n|-supereffective|p1a: Uxie\n|-damage|p1a: Uxie|105\/275\n|move|p1a: Uxie|Yawn|p2a: Boltund\n|-start|p2a: Boltund|move: Yawn|[of] p1a: Uxie\n|\n|-heal|p1a: Uxie|122\/275|[from] item: Leftovers\n|upkeep\n|turn|3\n|\n|t:|1635182356\n|switch|p1a: Rhyperior|Rhyperior, L82, F|323\/323\n|move|p2a: Boltund|Crunch|p1a: Rhyperior\n|-crit|p1a: Rhyperior\n|-damage|p1a: Rhyperior|170\/323\n|-unboost|p1a: Rhyperior|def|1\n|\n|-end|p2a: Boltund|move: Yawn|[silent]\n|-status|p2a: Boltund|slp\n|upkeep\n|turn|4\n|c|\u2606never mb always yb|i see\n|\n|t:|1635182371\n|cant|p2a: Boltund|slp\n|move|p1a: Rhyperior|Stone Edge|p2a: Boltund|[miss]\n|-miss|p1a: Rhyperior|p2a: Boltund\n|\n|upkeep\n|turn|5\n|\n|t:|1635182373\n|-curestatus|p2a: Boltund|slp|[msg]\n|move|p2a: Boltund|Crunch|p1a: Rhyperior\n|-damage|p1a: Rhyperior|15\/323\n|move|p1a: Rhyperior|Stone Edge|p2a: Boltund|[miss]\n|-miss|p1a: Rhyperior|p2a: Boltund\n|\n|upkeep\n|turn|6\n|c|\u2606not mb|gg\n|c|\u2606never mb always yb|yep\n|inactive|Battle timer is ON: inactive players will automatically lose when time's up. (requested by not mb)\n|\n|t:|1635182380\n|move|p2a: Boltund|Crunch|p1a: Rhyperior\n|-damage|p1a: Rhyperior|0 fnt\n|faint|p1a: Rhyperior\n|\n|upkeep\n|\n|t:|1635182382\n|switch|p1a: Conkeldurr|Conkeldurr, L82, M|306\/306\n|turn|7\n|\n|t:|1635182388\n|move|p2a: Boltund|Thunder Fang|p1a: Conkeldurr\n|-damage|p1a: Conkeldurr|144\/306\n|move|p1a: Conkeldurr|Close Combat|p2a: Boltund\n|-damage|p2a: Boltund|126\/265\n|-unboost|p1a: Conkeldurr|def|1\n|-unboost|p1a: Conkeldurr|spd|1\n|\n|-status|p1a: Conkeldurr|brn|[from] item: Flame Orb\n|upkeep\n|turn|8\n|\n|t:|1635182395\n|move|p1a: Conkeldurr|Mach Punch|p2a: Boltund\n|-damage|p2a: Boltund|54\/265\n|move|p2a: Boltund|Thunder Fang|p1a: Conkeldurr\n|-damage|p1a: Conkeldurr|0 fnt\n|faint|p1a: Conkeldurr\n|\n|upkeep\n|c|\u2606not mb|gg\n|\n|t:|1635182400\n|switch|p1a: Flapple|Flapple, L88, M|266\/266\n|turn|9\n|\n|t:|1635182405\n|move|p2a: Boltund|Bulk Up|p2a: Boltund\n|-boost|p2a: Boltund|atk|1\n|-boost|p2a: Boltund|def|1\n|move|p1a: Flapple|Grav Apple|p2a: Boltund\n|-damage|p2a: Boltund|0 fnt\n|faint|p2a: Boltund\n|\n|upkeep\n|c|\u2606not mb|i see\n|c|\u2606never mb always yb|crit drop 2 dodge\n|c|\u2606never mb always yb|very good\n|c|\u2606not mb|justice exists\n|\n|t:|1635182421\n|switch|p2a: Pheromosa|Pheromosa, L76|233\/233\n|-damage|p2a: Pheromosa|204\/233|[from] Stealth Rock\n|turn|10\n|c|\u2606not mb|g\n|c|\u2606not mb|g\n|\n|t:|1635182428\n|switch|p1a: Volcanion|Volcanion, L84|272\/272\n|move|p2a: Pheromosa|Ice Beam|p1a: Volcanion\n|-resisted|p1a: Volcanion\n|-damage|p1a: Volcanion|249\/272\n|-damage|p2a: Pheromosa|181\/233|[from] item: Life Orb\n|\n|upkeep\n|turn|11\n|\n|t:|1635182437\n|switch|p2a: Qwilfish|Qwilfish, L88, F|258\/258\n|-damage|p2a: Qwilfish|226\/258|[from] Stealth Rock\n|-ability|p2a: Qwilfish|Intimidate|boost\n|-unboost|p1a: Volcanion|atk|1\n|move|p1a: Volcanion|Steam Eruption|p2a: Qwilfish\n|-resisted|p2a: Qwilfish\n|-damage|p2a: Qwilfish|125\/258\n|\n|-heal|p2a: Qwilfish|141\/258|[from] item: Black Sludge\n|upkeep\n|turn|12\n|\n|t:|1635182445\n|switch|p1a: Uxie|Uxie, L88|122\/275\n|move|p2a: Qwilfish|Thunder Wave|p1a: Uxie\n|-status|p1a: Uxie|par\n|\n|-heal|p2a: Qwilfish|157\/258|[from] item: Black Sludge\n|-heal|p1a: Uxie|139\/275 par|[from] item: Leftovers\n|upkeep\n|turn|13\n|\n|t:|1635182449\n|move|p2a: Qwilfish|Waterfall|p1a: Uxie\n|-damage|p1a: Uxie|69\/275 par\n|cant|p1a: Uxie|flinch\n|\n|-heal|p2a: Qwilfish|173\/258|[from] item: Black Sludge\n|-heal|p1a: Uxie|86\/275 par|[from] item: Leftovers\n|upkeep\n|turn|14\n|\n|t:|1635182452\n|move|p2a: Qwilfish|Waterfall|p1a: Uxie\n|-damage|p1a: Uxie|17\/275 par\n|cant|p1a: Uxie|flinch\n|\n|-heal|p2a: Qwilfish|189\/258|[from] item: Black Sludge\n|-heal|p1a: Uxie|34\/275 par|[from] item: Leftovers\n|upkeep\n|turn|15\n|\n|t:|1635182454\n|move|p2a: Qwilfish|Waterfall|p1a: Uxie\n|-damage|p1a: Uxie|0 fnt\n|faint|p1a: Uxie\n|\n|-heal|p2a: Qwilfish|205\/258|[from] item: Black Sludge\n|upkeep\n|c|\u2606never mb always yb|yes!\n|c|\u2606not mb|justiced\n|\n|t:|1635182461\n|switch|p1a: Flapple|Flapple, L88, M|266\/266\n|turn|16\n|\n|t:|1635182465\n|move|p2a: Qwilfish|Taunt|p1a: Flapple\n|-start|p1a: Flapple|move: Taunt\n|move|p1a: Flapple|Outrage|p2a: Qwilfish\n|-damage|p2a: Qwilfish|0 fnt\n|faint|p2a: Qwilfish\n|\n|upkeep\n|c|\u2606never mb always yb|ss\n|\n|t:|1635182468\n|switch|p2a: Pheromosa|Pheromosa, L76|181\/233\n|-damage|p2a: Pheromosa|152\/233|[from] Stealth Rock\n|turn|17\n|\n|t:|1635182471\n|move|p2a: Pheromosa|Ice Beam|p1a: Flapple\n|-supereffective|p1a: Flapple\n|-damage|p1a: Flapple|0 fnt\n|faint|p1a: Flapple\n|-ability|p2a: Pheromosa|Beast Boost|boost\n|-boost|p2a: Pheromosa|spe|1\n|-damage|p2a: Pheromosa|129\/233|[from] item: Life Orb\n|\n|upkeep\n|\n|t:|1635182473\n|switch|p1a: Volcanion|Volcanion, L84|249\/272\n|turn|18\n|\n|t:|1635182476\n|move|p2a: Pheromosa|Close Combat|p1a: Volcanion\n|-damage|p1a: Volcanion|111\/272\n|-unboost|p2a: Pheromosa|def|1\n|-unboost|p2a: Pheromosa|spd|1\n|-damage|p2a: Pheromosa|106\/233|[from] item: Life Orb\n|move|p1a: Volcanion|Flamethrower|p2a: Pheromosa\n|-supereffective|p2a: Pheromosa\n|-damage|p2a: Pheromosa|0 fnt\n|faint|p2a: Pheromosa\n|\n|upkeep\n|\n|t:|1635182480\n|switch|p2a: Machamp|Machamp, L87, F|298\/298\n|-damage|p2a: Machamp|280\/298|[from] Stealth Rock\n|turn|19\n|\n|t:|1635182482\n|move|p1a: Volcanion|Steam Eruption|p2a: Machamp\n|-damage|p2a: Machamp|126\/298\n|-status|p2a: Machamp|brn\n|move|p2a: Machamp|Close Combat|p1a: Volcanion\n|-damage|p1a: Volcanion|0 fnt\n|-unboost|p2a: Machamp|def|1\n|-unboost|p2a: Machamp|spd|1\n|faint|p1a: Volcanion\n|\n|-damage|p2a: Machamp|108\/298 brn|[from] brn\n|upkeep\n|c|\u2606not mb|thx\n|\n|t:|1635182490\n|switch|p1a: Butterfree|Butterfree, L88, F|249\/249\n|turn|20\n|c|\u2606not mb|,\n|\n|t:|1635182496\n|move|p2a: Machamp|Bullet Punch|p1a: Butterfree\n|-damage|p1a: Butterfree|168\/249\n|move|p1a: Butterfree|Air Slash|p2a: Machamp\n|-supereffective|p2a: Machamp\n|-damage|p2a: Machamp|0 fnt\n|faint|p2a: Machamp\n|\n|upkeep\n|\n|t:|1635182499\n|switch|p2a: Steelix|Steelix, L84, M|263\/263\n|-damage|p2a: Steelix|255\/263|[from] Stealth Rock\n|turn|21\n|c|\u2606not mb|gg\n|\n|t:|1635182503\n|move|p1a: Butterfree|Sleep Powder|p2a: Steelix|[miss]\n|-miss|p1a: Butterfree|p2a: Steelix\n|move|p2a: Steelix|Heavy Slam|p1a: Butterfree\n|-damage|p1a: Butterfree|6\/249\n|\n|-heal|p2a: Steelix|263\/263|[from] item: Leftovers\n|upkeep\n|turn|22\n|\n|t:|1635182507\n|move|p1a: Butterfree|Sleep Powder|p2a: Steelix\n|-status|p2a: Steelix|slp|[from] move: Sleep Powder\n|cant|p2a: Steelix|slp\n|\n|upkeep\n|turn|23\n|c|\u2606not mb|!randbats butterfree\n|\n|t:|1635182513\n|move|p1a: Butterfree|Quiver Dance|p1a: Butterfree\n|-boost|p1a: Butterfree|spa|1\n|-boost|p1a: Butterfree|spd|1\n|-boost|p1a: Butterfree|spe|1\n|cant|p2a: Steelix|slp\n|\n|upkeep\n|turn|24\n|\n|t:|1635182515\n|move|p1a: Butterfree|Air Slash|p2a: Steelix\n|-resisted|p2a: Steelix\n|-damage|p2a: Steelix|107\/263 slp\n|cant|p2a: Steelix|slp\n|\n|-heal|p2a: Steelix|123\/263 slp|[from] item: Leftovers\n|upkeep\n|turn|25\n|\n|t:|1635182533\n|move|p1a: Butterfree|Bug Buzz|p2a: Steelix\n|-resisted|p2a: Steelix\n|-damage|p2a: Steelix|0 fnt\n|faint|p2a: Steelix\n|\n|upkeep\n|\n|t:|1635182542\n|switch|p2a: Appletun|Appletun, L88, F|337\/337\n|-damage|p2a: Appletun|295\/337|[from] Stealth Rock\n|turn|26\n|\n|t:|1635182545\n|move|p1a: Butterfree|Bug Buzz|p2a: Appletun\n|-supereffective|p2a: Appletun\n|-damage|p2a: Appletun|0 fnt\n|faint|p2a: Appletun\n|\n|win|never mb always yb\n|c|\u2606never mb always yb|KEK\n","uploadtime":1635182552,"views":28,"p1id":"nevermbalwaysyb","p2id":"notmb","formatid":"gen8randombattlenodmax","rating":0,"private":0,"password":null}