{"id":"gen8ou-1705420110","p1":"hidemyface","p2":"MrRuf4si","format":"gen8ou","log":"|j|\u2606hidemyface\n|j|\u2606MrRuf4si\n|t:|1667876463\n|gametype|singles\n|player|p1|hidemyface|shadowtriad|1817\n|player|p2|MrRuf4si|dawn-gen4pt|1775\n|teamsize|p1|6\n|teamsize|p2|6\n|gen|8\n|tier|[Gen 8] OU\n|rated|\n|rule|Sleep Clause Mod: Limit one foe put to sleep\n|rule|Species Clause: Limit one of each Pok\u00e9mon\n|rule|OHKO Clause: OHKO moves are banned\n|rule|Evasion Items Clause: Evasion items are banned\n|rule|Evasion Moves Clause: Evasion moves are banned\n|rule|Endless Battle Clause: Forcing endless battles is banned\n|rule|HP Percentage Mod: HP is shown in percentages\n|rule|Dynamax Clause: You cannot dynamax\n|clearpoke\n|poke|p1|Mew|\n|poke|p1|Bisharp, M|\n|poke|p1|Volcarona, F|\n|poke|p1|Landorus-Therian, M|\n|poke|p1|Tapu Fini|\n|poke|p1|Dragapult, F|\n|poke|p2|Gardevoir, F|\n|poke|p2|Rillaboom, F|\n|poke|p2|Heatran, M|\n|poke|p2|Tornadus-Therian, M|\n|poke|p2|Bewear, M|\n|poke|p2|Gastrodon-East, F|\n|teampreview\n|inactive|Battle timer is ON: inactive players will automatically lose when time's up. (requested by hidemyface)\n|\n|t:|1667876479\n|start\n|switch|p1a: Mew|Mew|100\/100\n|switch|p2a: Pimp Chimpin|Rillaboom, F|100\/100\n|-fieldstart|move: Grassy Terrain|[from] ability: Grassy Surge|[of] p2a: Pimp Chimpin\n|turn|1\n|\n|t:|1667876486\n|move|p1a: Mew|Stealth Rock|p2a: Pimp Chimpin\n|-sidestart|p2: MrRuf4si|move: Stealth Rock\n|move|p2a: Pimp Chimpin|U-turn|p1a: Mew\n|-supereffective|p1a: Mew\n|-damage|p1a: Mew|27\/100\n|\n|t:|1667876489\n|switch|p2a: Takemura|Tornadus-Therian, M|100\/100|[from]move: U-turn\n|\n|-heal|p1a: Mew|33\/100|[from] Grassy Terrain\n|upkeep\n|turn|2\n|\n|t:|1667876492\n|move|p2a: Takemura|Hurricane|p1a: Mew\n|-damage|p1a: Mew|0 fnt\n|faint|p1a: Mew\n|\n|upkeep\n|\n|t:|1667876496\n|switch|p1a: Bisharp|Bisharp, M|100\/100\n|turn|3\n|\n|t:|1667876499\n|move|p2a: Takemura|Heat Wave|p1a: Bisharp\n|-supereffective|p1a: Bisharp\n|-damage|p1a: Bisharp|7\/100\n|move|p1a: Bisharp|Knock Off|p2a: Takemura\n|-damage|p2a: Takemura|18\/100\n|-enditem|p2a: Takemura|Heavy-Duty Boots|[from] move: Knock Off|[of] p1a: Bisharp\n|\n|-heal|p1a: Bisharp|13\/100|[from] Grassy Terrain\n|upkeep\n|turn|4\n|\n|t:|1667876507\n|move|p1a: Bisharp|Sucker Punch||[still]\n|-fail|p1a: Bisharp\n|move|p2a: Takemura|Defog|p1a: Bisharp\n|-unboost|p1a: Bisharp|evasion|1\n|-ability|p1a: Bisharp|Defiant|boost\n|-boost|p1a: Bisharp|atk|2\n|-sideend|p2: MrRuf4si|Stealth Rock|[from] move: Defog|[of] p2a: Takemura\n|-fieldend|move: Grassy Terrain\n|\n|upkeep\n|turn|5\n|\n|t:|1667876514\n|switch|p2a: Pimp Chimpin|Rillaboom, F|100\/100\n|-fieldstart|move: Grassy Terrain|[from] ability: Grassy Surge|[of] p2a: Pimp Chimpin\n|move|p1a: Bisharp|Knock Off|p2a: Pimp Chimpin\n|-damage|p2a: Pimp Chimpin|0 fnt\n|-enditem|p2a: Pimp Chimpin|Choice Band|[from] move: Knock Off|[of] p1a: Bisharp\n|faint|p2a: Pimp Chimpin\n|\n|-heal|p1a: Bisharp|19\/100|[from] Grassy Terrain\n|upkeep\n|\n|t:|1667876522\n|switch|p2a: Big Smoke|Bewear, M|100\/100\n|turn|6\n|\n|t:|1667876524\n|move|p1a: Bisharp|Iron Head|p2a: Big Smoke\n|-damage|p2a: Big Smoke|66\/100\n|cant|p2a: Big Smoke|flinch\n|\n|-heal|p1a: Bisharp|24\/100|[from] Grassy Terrain\n|-heal|p2a: Big Smoke|72\/100|[from] Grassy Terrain\n|-heal|p2a: Big Smoke|78\/100|[from] item: Leftovers\n|upkeep\n|turn|7\n|\n|t:|1667876531\n|switch|p1a: Tapu Fini|Tapu Fini|100\/100\n|-fieldstart|move: Misty Terrain|[from] ability: Misty Surge|[of] p1a: Tapu Fini\n|move|p2a: Big Smoke|Drain Punch|p1a: Tapu Fini\n|-resisted|p1a: Tapu Fini\n|-damage|p1a: Tapu Fini|83\/100\n|-heal|p2a: Big Smoke|83\/100|[from] drain|[of] p1a: Tapu Fini\n|\n|-heal|p2a: Big Smoke|89\/100|[from] item: Leftovers\n|upkeep\n|turn|8\n|\n|t:|1667876538\n|switch|p2a: Isabela|Gardevoir, F, shiny|100\/100\n|-ability|p2a: Isabela|Misty Surge|[from] ability: Trace|[of] p1a: Tapu Fini\n|move|p1a: Tapu Fini|Trick|p2a: Isabela\n|-activate|p1a: Tapu Fini|move: Trick|[of] p2a: Isabela\n|-item|p2a: Isabela|Choice Scarf|[from] move: Trick\n|-item|p1a: Tapu Fini|Choice Specs|[from] move: Trick\n|\n|upkeep\n|turn|9\n|\n|t:|1667876545\n|move|p2a: Isabela|Trick|p1a: Tapu Fini\n|-activate|p2a: Isabela|move: Trick|[of] p1a: Tapu Fini\n|-item|p1a: Tapu Fini|Choice Scarf|[from] move: Trick\n|-item|p2a: Isabela|Choice Specs|[from] move: Trick\n|move|p1a: Tapu Fini|Moonblast|p2a: Isabela\n|-damage|p2a: Isabela|54\/100\n|-unboost|p2a: Isabela|spa|1\n|\n|upkeep\n|turn|10\n|\n|t:|1667876549\n|switch|p1a: Bisharp|Bisharp, M|24\/100\n|switch|p2a: Bo\u2019 Rai Cho|Heatran, M|100\/100\n|\n|upkeep\n|turn|11\n|\n|t:|1667876551\n|move|p1a: Bisharp|Knock Off|p2a: Bo\u2019 Rai Cho\n|-damage|p2a: Bo\u2019 Rai Cho|48\/100\n|-enditem|p2a: Bo\u2019 Rai Cho|Leftovers|[from] move: Knock Off|[of] p1a: Bisharp\n|move|p2a: Bo\u2019 Rai Cho|Earth Power|p1a: Bisharp\n|-supereffective|p1a: Bisharp\n|-damage|p1a: Bisharp|0 fnt\n|faint|p1a: Bisharp\n|\n|-fieldend|Misty Terrain\n|upkeep\n|\n|t:|1667876555\n|switch|p1a: Landorus|Landorus-Therian, M|100\/100\n|-ability|p1a: Landorus|Intimidate|boost\n|-unboost|p2a: Bo\u2019 Rai Cho|atk|1\n|turn|12\n|\n|t:|1667876559\n|switch|p2a: Bing Chilling|Gastrodon-East, F|100\/100\n|move|p1a: Landorus|Swords Dance|p1a: Landorus\n|-boost|p1a: Landorus|atk|2\n|\n|upkeep\n|turn|13\n|\n|t:|1667876562\n|move|p1a: Landorus|Earthquake|p2a: Bing Chilling\n|-damage|p2a: Bing Chilling|0 fnt\n|faint|p2a: Bing Chilling\n|\n|upkeep\n|\n|t:|1667876565\n|switch|p2a: Takemura|Tornadus-Therian, M|51\/100\n|turn|14\n|\n|t:|1667876567\n|move|p2a: Takemura|Hurricane|p1a: Landorus\n|-damage|p1a: Landorus|36\/100\n|move|p1a: Landorus|Stone Edge|p2a: Takemura\n|-supereffective|p2a: Takemura\n|-damage|p2a: Takemura|0 fnt\n|faint|p2a: Takemura\n|\n|-heal|p1a: Landorus|42\/100|[from] item: Leftovers\n|upkeep\n|\n|t:|1667876571\n|switch|p2a: Isabela|Gardevoir, F, shiny|54\/100\n|-ability|p2a: Isabela|Intimidate|[from] ability: Trace|[of] p1a: Landorus\n|-ability|p2a: Isabela|Intimidate|boost\n|-unboost|p1a: Landorus|atk|1\n|turn|15\n|\n|t:|1667876573\n|move|p2a: Isabela|Moonblast|p1a: Landorus\n|-damage|p1a: Landorus|0 fnt\n|faint|p1a: Landorus\n|\n|upkeep\n|\n|t:|1667876575\n|switch|p1a: Volcarona|Volcarona, F|100\/100\n|turn|16\n|\n|t:|1667876577\n|switch|p1a: Tapu Fini|Tapu Fini|83\/100\n|-fieldstart|move: Misty Terrain|[from] ability: Misty Surge|[of] p1a: Tapu Fini\n|switch|p2a: Bo\u2019 Rai Cho|Heatran, M|48\/100\n|\n|upkeep\n|turn|17\n|\n|t:|1667876580\n|switch|p2a: Isabela|Gardevoir, F, shiny|54\/100\n|-ability|p2a: Isabela|Misty Surge|[from] ability: Trace|[of] p1a: Tapu Fini\n|move|p1a: Tapu Fini|Hydro Pump|p2a: Isabela\n|-damage|p2a: Isabela|2\/100\n|\n|upkeep\n|turn|18\n|\n|t:|1667876588\n|move|p1a: Tapu Fini|Hydro Pump|p2a: Isabela\n|-damage|p2a: Isabela|0 fnt\n|faint|p2a: Isabela\n|\n|upkeep\n|c|\u2606MrRuf4si|Smd\n|c|\u2606hidemyface|ll\n|c|\u2606hidemyface|lol\n|c|\u2606MrRuf4si|Using the most generic brainless ho what a bitch\n|inactive|MrRuf4si has 120 seconds left.\n|c|\u2606MrRuf4si|Fuck u\n|-message|MrRuf4si forfeited.\n|\n|win|hidemyface\n|raw|hidemyface's rating: 1817 &rarr; <strong>1835<\/strong><br \/>(+18 for winning)\n|raw|MrRuf4si's rating: 1775 &rarr; <strong>1757<\/strong><br \/>(-18 for losing)\n|l|\u2606MrRuf4si\n|c|\u2606hidemyface|GG\n","uploadtime":1667876650,"views":8,"p1id":"hidemyface","p2id":"mrruf4si","formatid":"gen8ou","rating":1757,"private":0,"password":null}