{"id":"gen8nationaldexag-1697976670","p1":"MP555","p2":"Meracx","format":"gen8nationaldexag","log":"|j|\u2606MP555\n|j|\u2606Meracx\n|t:|1667064141\n|gametype|singles\n|player|p1|MP555|veteran|\n|player|p2|Meracx|thorton|\n|teamsize|p1|6\n|teamsize|p2|6\n|gen|8\n|tier|[Gen 8] National Dex AG\n|rule|HP Percentage Mod: HP is shown in percentages\n|rule|Endless Battle Clause: Forcing endless battles is banned\n|clearpoke\n|poke|p1|Delphox, M|\n|poke|p1|Exeggutor-Alola, F|\n|poke|p1|Aerodactyl, F|\n|poke|p1|Zygarde|\n|poke|p1|Thundurus-Therian, M|\n|poke|p1|Medicham, F|\n|poke|p2|Genesect|\n|poke|p2|Virizion|\n|poke|p2|Volcanion|\n|poke|p2|Tapu Koko|\n|poke|p2|Drapion, F|\n|poke|p2|Spiritomb, M|\n|teampreview\n|c|\u2606Meracx|hf\n|c|\u2606MP555|gl hf\n|\n|t:|1667064166\n|start\n|switch|p1a: Aerodactyl|Aerodactyl, F|100\/100\n|switch|p2a: Lampe|Tapu Koko|100\/100\n|-fieldstart|move: Electric Terrain|[from] ability: Electric Surge|[of] p2a: Lampe\n|turn|1\n|\n|t:|1667064176\n|switch|p1a: Zygarde|Zygarde|100\/100\n|-ability|p1a: Zygarde|Aura Break\n|move|p2a: Lampe|Dazzling Gleam|p1a: Zygarde\n|-supereffective|p1a: Zygarde\n|-damage|p1a: Zygarde|36\/100\n|\n|-heal|p1a: Zygarde|42\/100|[from] item: Leftovers\n|upkeep\n|turn|2\n|\n|t:|1667064184\n|switch|p1a: Delphox|Delphox, M|100\/100\n|move|p2a: Lampe|Dazzling Gleam|p1a: Delphox\n|-resisted|p1a: Delphox\n|-damage|p1a: Delphox|89\/100\n|\n|upkeep\n|turn|3\n|\n|t:|1667064191\n|move|p2a: Lampe|Light Screen|p2a: Lampe\n|-sidestart|p2: Meracx|move: Light Screen\n|move|p1a: Delphox|Psychic|p2a: Lampe\n|-damage|p2a: Lampe|76\/100\n|\n|upkeep\n|turn|4\n|\n|t:|1667064204\n|move|p2a: Lampe|Reflect|p2a: Lampe\n|-sidestart|p2: Meracx|Reflect\n|move|p1a: Delphox|Psychic|p2a: Lampe\n|-damage|p2a: Lampe|52\/100\n|\n|upkeep\n|turn|5\n|\n|t:|1667064213\n|switch|p2a: Ampoule|Spiritomb, M|100\/100\n|move|p1a: Delphox|Psychic|p2a: Ampoule\n|-immune|p2a: Ampoule\n|\n|-fieldend|move: Electric Terrain\n|upkeep\n|turn|6\n|\n|t:|1667064221\n|switch|p1a: Exeggutor|Exeggutor-Alola, F|100\/100\n|move|p2a: Ampoule|Poltergeist|p1a: Exeggutor\n|-activate|p1a: Exeggutor|move: Poltergeist|Sitrus Berry\n|-damage|p1a: Exeggutor|19\/100\n|-enditem|p1a: Exeggutor|Sitrus Berry|[eat]\n|-heal|p1a: Exeggutor|44\/100|[from] item: Sitrus Berry\n|\n|upkeep\n|turn|7\n|\n|t:|1667064237\n|switch|p2a: Etoile|Virizion|100\/100\n|move|p1a: Exeggutor|Sleep Powder|p2a: Etoile\n|-immune|p2a: Etoile\n|\n|upkeep\n|turn|8\n|\n|t:|1667064243\n|switch|p1a: Delphox|Delphox, M|89\/100\n|move|p2a: Etoile|Swords Dance|p2a: Etoile\n|-boost|p2a: Etoile|atk|2\n|\n|upkeep\n|turn|9\n|\n|t:|1667064250\n|move|p2a: Etoile|Stone Edge|p1a: Delphox\n|-supereffective|p1a: Delphox\n|-damage|p1a: Delphox|0 fnt\n|faint|p1a: Delphox\n|\n|upkeep\n|\n|t:|1667064261\n|switch|p1a: Thundurus|Thundurus-Therian, M|100\/100\n|turn|10\n|\n|t:|1667064264\n|move|p2a: Etoile|Stone Edge|p1a: Thundurus\n|-supereffective|p1a: Thundurus\n|-damage|p1a: Thundurus|0 fnt\n|faint|p1a: Thundurus\n|\n|-sideend|p2: Meracx|move: Light Screen\n|upkeep\n|\n|t:|1667064267\n|switch|p1a: Medicham|Medicham, F|100\/100\n|turn|11\n|c|\u2606MP555|j ai missclick\n|\n|t:|1667064277\n|detailschange|p1a: Medicham|Medicham-Mega, F\n|-mega|p1a: Medicham|Medicham|Medichamite\n|move|p1a: Medicham|Fake Out|p2a: Etoile\n|-damage|p2a: Etoile|85\/100\n|cant|p2a: Etoile|flinch\n|\n|-sideend|p2: Meracx|Reflect\n|upkeep\n|turn|12\n|c|\u2606Meracx|Ah d\u00e9so\n|\n|t:|1667064290\n|switch|p1a: Exeggutor|Exeggutor-Alola, F|44\/100\n|move|p2a: Etoile|Leaf Blade|p1a: Exeggutor\n|-resisted|p1a: Exeggutor\n|-damage|p1a: Exeggutor|23\/100\n|\n|-item|p1a: Exeggutor|Sitrus Berry|[from] ability: Harvest\n|upkeep\n|-enditem|p1a: Exeggutor|Sitrus Berry|[eat]\n|-heal|p1a: Exeggutor|48\/100|[from] item: Sitrus Berry\n|turn|13\n|\n|t:|1667064300\n|move|p2a: Etoile|Stone Edge|p1a: Exeggutor\n|-damage|p1a: Exeggutor|0 fnt\n|faint|p1a: Exeggutor\n|\n|upkeep\n|\n|t:|1667064303\n|switch|p1a: Aerodactyl|Aerodactyl, F|100\/100\n|turn|14\n|\n|t:|1667064314\n|move|p2a: Etoile|Endure|p2a: Etoile\n|-singleturn|p2a: Etoile|move: Endure\n|-zpower|p1a: Aerodactyl\n|move|p1a: Aerodactyl|Inferno Overdrive|p2a: Etoile|[zeffect]\n|-supereffective|p2a: Etoile\n|-activate|p2a: Etoile|move: Endure\n|-damage|p2a: Etoile|1\/100\n|-enditem|p2a: Etoile|Salac Berry|[eat]\n|-boost|p2a: Etoile|spe|1|[from] item: Salac Berry\n|\n|upkeep\n|turn|15\n|\n|t:|1667064349\n|move|p2a: Etoile|Leaf Blade|p1a: Aerodactyl\n|-damage|p1a: Aerodactyl|0 fnt\n|faint|p1a: Aerodactyl\n|\n|upkeep\n|\n|t:|1667064379\n|switch|p1a: Medicham|Medicham-Mega, F|100\/100\n|turn|16\n|\n|t:|1667064383\n|move|p2a: Etoile|Endure|p2a: Etoile\n|-singleturn|p2a: Etoile|move: Endure\n|move|p1a: Medicham|Fake Out|p2a: Etoile\n|-activate|p2a: Etoile|move: Endure\n|-damage|p2a: Etoile|1\/100\n|\n|upkeep\n|turn|17\n|\n|t:|1667064389\n|move|p1a: Medicham|Bullet Punch|p2a: Etoile\n|-damage|p2a: Etoile|0 fnt\n|faint|p2a: Etoile\n|\n|upkeep\n|\n|t:|1667064394\n|switch|p2a: Ampoule|Spiritomb, M|100\/100\n|turn|18\n|\n|t:|1667064400\n|move|p1a: Medicham|Bullet Punch|p2a: Ampoule\n|-damage|p2a: Ampoule|77\/100\n|move|p2a: Ampoule|Poltergeist|p1a: Medicham\n|-activate|p1a: Medicham|move: Poltergeist|Medichamite\n|-supereffective|p1a: Medicham\n|-damage|p1a: Medicham|0 fnt\n|faint|p1a: Medicham\n|\n|upkeep\n|\n|t:|1667064402\n|switch|p1a: Zygarde|Zygarde|42\/100\n|-ability|p1a: Zygarde|Aura Break\n|turn|19\n|\n|t:|1667064407\n|move|p1a: Zygarde|Dragon Dance|p1a: Zygarde\n|-boost|p1a: Zygarde|atk|1\n|-boost|p1a: Zygarde|spe|1\n|move|p2a: Ampoule|Poltergeist|p1a: Zygarde\n|-activate|p1a: Zygarde|move: Poltergeist|Leftovers\n|-damage|p1a: Zygarde|0 fnt\n|faint|p1a: Zygarde\n|\n|win|Meracx\n|l|\u2606MP555\n|c|\u2606Meracx|gg\n","uploadtime":1667064418,"views":16,"p1id":"mp555","p2id":"meracx","formatid":"gen8nationaldexag","rating":0,"private":0,"password":null}