{"id":"gen8nationaldex-1525582081","p1":"AgencyIsOwn","p2":"Hikari-miyako","format":"gen8nationaldex","log":"|html|<div class=\"broadcast-blue\"><strong>[Gen 8] National Dex is currently suspecting Dragapult! For information on how to participate check out the <a href=\"https:\/\/www.smogon.com\/forums\/threads\/national-dex-suspect-test-14-ghost-girl.3697927\/\">suspect thread<\/a>.<\/strong><\/div>\n|j|\u2606AgencyIsOwn\n|j|\u2606Hikari-miyako\n|t:|1646675332\n|gametype|singles\n|player|p1|AgencyIsOwn|zinnia|1857\n|player|p2|Hikari-miyako|ariana|1724\n|teamsize|p1|6\n|teamsize|p2|6\n|gen|8\n|tier|[Gen 8] National Dex\n|rated|\n|rule|HP Percentage Mod: HP is shown in percentages\n|rule|Endless Battle Clause: Forcing endless battles is banned\n|rule|OHKO Clause: OHKO moves are banned\n|rule|Evasion Moves Clause: Evasion moves are banned\n|rule|Species Clause: Limit one of each Pok\u00e9mon\n|rule|Dynamax Clause: You cannot dynamax\n|rule|Sleep Clause Mod: Limit one foe put to sleep\n|clearpoke\n|poke|p1|Hoopa-Unbound|\n|poke|p1|Manectric, M|\n|poke|p1|Greninja, M|\n|poke|p1|Aegislash, M|\n|poke|p1|Landorus-Therian, M|\n|poke|p1|Volcanion|\n|poke|p2|Aegislash, F|\n|poke|p2|Diancie|\n|poke|p2|Thundurus, M|\n|poke|p2|Bisharp, F|\n|poke|p2|Serperior, M|\n|poke|p2|Dragapult, F|\n|teampreview\n|inactive|Battle timer is ON: inactive players will automatically lose when time's up. (requested by Hikari-miyako)\n|\n|t:|1646675340\n|start\n|switch|p1a: Landorus|Landorus-Therian, M, shiny|100\/100\n|switch|p2a: Bisharp|Bisharp, F|100\/100\n|-ability|p1a: Landorus|Intimidate|boost\n|-unboost|p2a: Bisharp|atk|1\n|-ability|p2a: Bisharp|Defiant\n|-boost|p2a: Bisharp|atk|2\n|turn|1\n|\n|t:|1646675345\n|move|p1a: Landorus|Earthquake|p2a: Bisharp\n|-supereffective|p2a: Bisharp\n|-damage|p2a: Bisharp|5\/100\n|move|p2a: Bisharp|Knock Off|p1a: Landorus\n|-damage|p1a: Landorus|46\/100\n|-enditem|p1a: Landorus|Leftovers|[from] move: Knock Off|[of] p2a: Bisharp\n|\n|upkeep\n|turn|2\n|\n|t:|1646675348\n|move|p2a: Bisharp|Sucker Punch|p1a: Landorus\n|-damage|p1a: Landorus|6\/100\n|move|p1a: Landorus|U-turn|p2a: Bisharp\n|-damage|p2a: Bisharp|0 fnt\n|faint|p2a: Bisharp\n|\n|t:|1646675360\n|switch|p1a: Hoopa|Hoopa-Unbound|100\/100|[from]move: U-turn\n|\n|upkeep\n|\n|t:|1646675362\n|switch|p2a: Dragapult|Dragapult, F|100\/100\n|turn|3\n|\n|t:|1646675370\n|switch|p1a: Landorus|Landorus-Therian, M, shiny|6\/100\n|-ability|p1a: Landorus|Intimidate|boost\n|-fail|p2a: Dragapult|unboost|[from] ability: Clear Body|[of] p2a: Dragapult\n|move|p2a: Dragapult|U-turn|p1a: Landorus\n|-resisted|p1a: Landorus\n|-damage|p1a: Landorus|0 fnt\n|faint|p1a: Landorus\n|-damage|p2a: Dragapult|91\/100|[from] item: Life Orb\n|\n|t:|1646675380\n|switch|p2a: Serperior|Serperior, M|100\/100|[from]move: U-turn\n|\n|upkeep\n|\n|t:|1646675385\n|switch|p1a: Aegislash|Aegislash, M|100\/100\n|turn|4\n|\n|t:|1646675396\n|switch|p2a: Diancie|Diancie|100\/100\n|-formechange|p1a: Aegislash|Aegislash-Blade||[from] ability: Stance Change\n|move|p1a: Aegislash|Shadow Ball|p2a: Diancie\n|-damage|p2a: Diancie|61\/100\n|\n|upkeep\n|turn|5\n|\n|t:|1646675400\n|detailschange|p2a: Diancie|Diancie-Mega\n|-mega|p2a: Diancie|Diancie|Diancite\n|-formechange|p1a: Aegislash|Aegislash||[from] ability: Stance Change\n|move|p1a: Aegislash|King's Shield|p1a: Aegislash\n|-singleturn|p1a: Aegislash|Protect\n|move|p2a: Diancie|Mystical Fire|p1a: Aegislash\n|-activate|p1a: Aegislash|move: Protect\n|\n|upkeep\n|turn|6\n|\n|t:|1646675407\n|move|p2a: Diancie|Mystical Fire|p1a: Aegislash\n|-supereffective|p1a: Aegislash\n|-damage|p1a: Aegislash|61\/100\n|-unboost|p1a: Aegislash|spa|1\n|-formechange|p1a: Aegislash|Aegislash-Blade||[from] ability: Stance Change\n|move|p1a: Aegislash|Shadow Ball|p2a: Diancie\n|-damage|p2a: Diancie|30\/100\n|\n|-heal|p1a: Aegislash|67\/100|[from] item: Leftovers\n|upkeep\n|turn|7\n|\n|t:|1646675411\n|-formechange|p1a: Aegislash|Aegislash||[from] ability: Stance Change\n|move|p1a: Aegislash|King's Shield|p1a: Aegislash\n|-singleturn|p1a: Aegislash|Protect\n|move|p2a: Diancie|Mystical Fire|p1a: Aegislash\n|-activate|p1a: Aegislash|move: Protect\n|\n|-heal|p1a: Aegislash|73\/100|[from] item: Leftovers\n|upkeep\n|turn|8\n|\n|t:|1646675422\n|move|p2a: Diancie|Mystical Fire|p1a: Aegislash\n|-supereffective|p1a: Aegislash\n|-damage|p1a: Aegislash|34\/100\n|-unboost|p1a: Aegislash|spa|1\n|-formechange|p1a: Aegislash|Aegislash-Blade||[from] ability: Stance Change\n|move|p1a: Aegislash|Shadow Ball|p2a: Diancie\n|-crit|p2a: Diancie\n|-damage|p2a: Diancie|0 fnt\n|faint|p2a: Diancie\n|\n|-heal|p1a: Aegislash|40\/100|[from] item: Leftovers\n|upkeep\n|\n|t:|1646675426\n|switch|p2a: Thundurus|Thundurus, M|100\/100\n|turn|9\n|\n|t:|1646675432\n|-formechange|p1a: Aegislash|Aegislash||[from] ability: Stance Change\n|move|p1a: Aegislash|King's Shield|p1a: Aegislash\n|-singleturn|p1a: Aegislash|Protect\n|move|p2a: Thundurus|Thunderbolt|p1a: Aegislash\n|-activate|p1a: Aegislash|move: Protect\n|\n|-heal|p1a: Aegislash|47\/100|[from] item: Leftovers\n|upkeep\n|turn|10\n|\n|t:|1646675437\n|switch|p1a: Manectric|Manectric, M, shiny|100\/100\n|move|p2a: Thundurus|Hidden Power|p1a: Manectric\n|-crit|p1a: Manectric\n|-damage|p1a: Manectric|33\/100\n|-damage|p2a: Thundurus|91\/100|[from] item: Life Orb\n|\n|upkeep\n|turn|11\n|\n|t:|1646675442\n|detailschange|p1a: Manectric|Manectric-Mega, M, shiny\n|-mega|p1a: Manectric|Manectric|Manectite\n|-ability|p1a: Manectric|Intimidate|boost\n|-unboost|p2a: Thundurus|atk|1\n|move|p1a: Manectric|Volt Switch|p2a: Thundurus\n|-damage|p2a: Thundurus|38\/100\n|\n|t:|1646675470\n|switch|p1a: Volcanion|Volcanion|100\/100|[from]move: Volt Switch\n|move|p2a: Thundurus|Thunderbolt|p1a: Volcanion\n|-supereffective|p1a: Volcanion\n|-damage|p1a: Volcanion|0 fnt\n|faint|p1a: Volcanion\n|-damage|p2a: Thundurus|28\/100|[from] item: Life Orb\n|\n|upkeep\n|\n|t:|1646675475\n|switch|p1a: Manectric|Manectric-Mega, M, shiny|33\/100\n|-ability|p1a: Manectric|Intimidate|boost\n|-unboost|p2a: Thundurus|atk|1\n|turn|12\n|\n|t:|1646675478\n|move|p1a: Manectric|Volt Switch|p2a: Thundurus\n|-damage|p2a: Thundurus|0 fnt\n|faint|p2a: Thundurus\n|inactive|AgencyIsOwn has 120 seconds left.\n|\n|t:|1646675498\n|switch|p1a: Aegislash|Aegislash, M|47\/100|[from]move: Volt Switch\n|\n|-heal|p1a: Aegislash|53\/100|[from] item: Leftovers\n|upkeep\n|\n|t:|1646675501\n|switch|p2a: Aegislash|Aegislash, F|100\/100\n|turn|13\n|inactive|AgencyIsOwn has 120 seconds left.\n|\n|t:|1646675520\n|move|p1a: Aegislash|King's Shield|p1a: Aegislash\n|-singleturn|p1a: Aegislash|Protect\n|-formechange|p2a: Aegislash|Aegislash-Blade||[from] ability: Stance Change\n|move|p2a: Aegislash|Shadow Ball|p1a: Aegislash\n|-activate|p1a: Aegislash|move: Protect\n|\n|-heal|p1a: Aegislash|59\/100|[from] item: Leftovers\n|upkeep\n|turn|14\n|\n|t:|1646675523\n|-formechange|p2a: Aegislash|Aegislash||[from] ability: Stance Change\n|move|p2a: Aegislash|King's Shield|p2a: Aegislash\n|-singleturn|p2a: Aegislash|Protect\n|move|p1a: Aegislash|Substitute|p1a: Aegislash\n|-start|p1a: Aegislash|Substitute\n|-damage|p1a: Aegislash|34\/100\n|\n|-heal|p1a: Aegislash|40\/100|[from] item: Leftovers\n|upkeep\n|turn|15\n|\n|t:|1646675532\n|move|p1a: Aegislash|King's Shield|p1a: Aegislash\n|-singleturn|p1a: Aegislash|Protect\n|-formechange|p2a: Aegislash|Aegislash-Blade||[from] ability: Stance Change\n|move|p2a: Aegislash|Shadow Ball|p1a: Aegislash\n|-activate|p1a: Aegislash|move: Protect\n|\n|-heal|p1a: Aegislash|47\/100|[from] item: Leftovers\n|upkeep\n|turn|16\n|\n|t:|1646675536\n|-formechange|p2a: Aegislash|Aegislash||[from] ability: Stance Change\n|move|p2a: Aegislash|King's Shield|p2a: Aegislash\n|-singleturn|p2a: Aegislash|Protect\n|-formechange|p1a: Aegislash|Aegislash-Blade||[from] ability: Stance Change\n|move|p1a: Aegislash|Shadow Ball|p2a: Aegislash\n|-activate|p2a: Aegislash|move: Protect\n|\n|-heal|p1a: Aegislash|53\/100|[from] item: Leftovers\n|upkeep\n|turn|17\n|\n|t:|1646675539\n|-formechange|p1a: Aegislash|Aegislash||[from] ability: Stance Change\n|move|p1a: Aegislash|King's Shield|p1a: Aegislash\n|-singleturn|p1a: Aegislash|Protect\n|-formechange|p2a: Aegislash|Aegislash-Blade||[from] ability: Stance Change\n|move|p2a: Aegislash|Shadow Ball|p1a: Aegislash\n|-activate|p1a: Aegislash|move: Protect\n|\n|-heal|p1a: Aegislash|59\/100|[from] item: Leftovers\n|upkeep\n|turn|18\n|\n|t:|1646675540\n|-formechange|p2a: Aegislash|Aegislash||[from] ability: Stance Change\n|move|p2a: Aegislash|King's Shield|p2a: Aegislash\n|-singleturn|p2a: Aegislash|Protect\n|-formechange|p1a: Aegislash|Aegislash-Blade||[from] ability: Stance Change\n|move|p1a: Aegislash|Shadow Ball|p2a: Aegislash\n|-activate|p2a: Aegislash|move: Protect\n|\n|-heal|p1a: Aegislash|65\/100|[from] item: Leftovers\n|upkeep\n|turn|19\n|\n|t:|1646675543\n|-formechange|p1a: Aegislash|Aegislash||[from] ability: Stance Change\n|move|p1a: Aegislash|King's Shield|p1a: Aegislash\n|-singleturn|p1a: Aegislash|Protect\n|move|p2a: Aegislash|King's Shield||[still]\n|-fail|p2a: Aegislash\n|\n|-heal|p1a: Aegislash|71\/100|[from] item: Leftovers\n|upkeep\n|turn|20\n|\n|t:|1646675546\n|-formechange|p1a: Aegislash|Aegislash-Blade||[from] ability: Stance Change\n|move|p1a: Aegislash|Shadow Ball|p2a: Aegislash\n|-supereffective|p2a: Aegislash\n|-damage|p2a: Aegislash|43\/100\n|-enditem|p2a: Aegislash|Weakness Policy\n|-boost|p2a: Aegislash|atk|2|[from] item: Weakness Policy\n|-boost|p2a: Aegislash|spa|2|[from] item: Weakness Policy\n|-formechange|p2a: Aegislash|Aegislash-Blade||[from] ability: Stance Change\n|move|p2a: Aegislash|Shadow Ball|p1a: Aegislash\n|-supereffective|p1a: Aegislash\n|-end|p1a: Aegislash|Substitute\n|\n|-heal|p1a: Aegislash|78\/100|[from] item: Leftovers\n|upkeep\n|turn|21\n|\n|t:|1646675554\n|-formechange|p1a: Aegislash|Aegislash||[from] ability: Stance Change\n|move|p1a: Aegislash|King's Shield|p1a: Aegislash\n|-singleturn|p1a: Aegislash|Protect\n|move|p2a: Aegislash|Shadow Sneak|p1a: Aegislash\n|-activate|p1a: Aegislash|move: Protect\n|-unboost|p2a: Aegislash|atk|1\n|\n|-heal|p1a: Aegislash|84\/100|[from] item: Leftovers\n|upkeep\n|turn|22\n|\n|t:|1646675564\n|switch|p1a: Manectric|Manectric-Mega, M, shiny|33\/100\n|-ability|p1a: Manectric|Intimidate|boost\n|-unboost|p2a: Aegislash|atk|1\n|move|p2a: Aegislash|Shadow Sneak|p1a: Manectric\n|-damage|p1a: Manectric|7\/100\n|\n|upkeep\n|turn|23\n|\n|t:|1646675573\n|move|p2a: Aegislash|Shadow Sneak|p1a: Manectric\n|-damage|p1a: Manectric|0 fnt\n|faint|p1a: Manectric\n|\n|upkeep\n|\n|t:|1646675575\n|switch|p1a: Hoopa|Hoopa-Unbound|100\/100\n|turn|24\n|\n|t:|1646675586\n|move|p2a: Aegislash|Shadow Sneak|p1a: Hoopa\n|-damage|p1a: Hoopa|67\/100\n|move|p1a: Hoopa|Hyperspace Fury|p2a: Aegislash\n|-supereffective|p2a: Aegislash\n|-damage|p2a: Aegislash|0 fnt\n|-unboost|p1a: Hoopa|def|1\n|faint|p2a: Aegislash\n|\n|upkeep\n|\n|t:|1646675587\n|switch|p2a: Dragapult|Dragapult, F|91\/100\n|turn|25\n|\n|t:|1646675599\n|switch|p1a: Aegislash|Aegislash, M|84\/100\n|move|p2a: Dragapult|U-turn|p1a: Aegislash\n|-resisted|p1a: Aegislash\n|-damage|p1a: Aegislash|78\/100\n|-damage|p2a: Dragapult|81\/100|[from] item: Life Orb\n|\n|t:|1646675601\n|switch|p2a: Serperior|Serperior, M|100\/100|[from]move: U-turn\n|\n|-heal|p1a: Aegislash|84\/100|[from] item: Leftovers\n|upkeep\n|turn|26\n|\n|t:|1646675604\n|move|p1a: Aegislash|King's Shield|p1a: Aegislash\n|-singleturn|p1a: Aegislash|Protect\n|move|p2a: Serperior|Knock Off|p1a: Aegislash\n|-activate|p1a: Aegislash|move: Protect\n|-boost|p2a: Serperior|atk|1\n|\n|-heal|p1a: Aegislash|90\/100|[from] item: Leftovers\n|upkeep\n|turn|27\n|\n|t:|1646675610\n|move|p2a: Serperior|Knock Off|p1a: Aegislash\n|-supereffective|p1a: Aegislash\n|-damage|p1a: Aegislash|49\/100\n|-enditem|p1a: Aegislash|Leftovers|[from] move: Knock Off|[of] p2a: Serperior\n|move|p1a: Aegislash|Toxic|p2a: Serperior\n|-status|p2a: Serperior|tox\n|\n|-damage|p2a: Serperior|94\/100 tox|[from] psn\n|upkeep\n|turn|28\n|\n|t:|1646675614\n|move|p2a: Serperior|Knock Off|p1a: Aegislash\n|-supereffective|p1a: Aegislash\n|-damage|p1a: Aegislash|19\/100\n|-formechange|p1a: Aegislash|Aegislash-Blade||[from] ability: Stance Change\n|move|p1a: Aegislash|Shadow Ball|p2a: Serperior\n|-damage|p2a: Serperior|46\/100 tox\n|\n|-damage|p2a: Serperior|33\/100 tox|[from] psn\n|upkeep\n|turn|29\n|\n|t:|1646675617\n|-formechange|p1a: Aegislash|Aegislash||[from] ability: Stance Change\n|move|p1a: Aegislash|King's Shield|p1a: Aegislash\n|-singleturn|p1a: Aegislash|Protect\n|move|p2a: Serperior|Knock Off|p1a: Aegislash\n|-activate|p1a: Aegislash|move: Protect\n|-boost|p2a: Serperior|atk|1\n|\n|-damage|p2a: Serperior|15\/100 tox|[from] psn\n|upkeep\n|turn|30\n|\n|t:|1646675618\n|move|p1a: Aegislash|King's Shield||[still]\n|-fail|p1a: Aegislash\n|move|p2a: Serperior|Knock Off|p1a: Aegislash\n|-supereffective|p1a: Aegislash\n|-damage|p1a: Aegislash|0 fnt\n|faint|p1a: Aegislash\n|\n|-damage|p2a: Serperior|0 fnt|[from] psn\n|faint|p2a: Serperior\n|upkeep\n|\n|t:|1646675627\n|switch|p2a: Dragapult|Dragapult, F|81\/100\n|switch|p1a: Greninja|Greninja, M|100\/100\n|turn|31\n|c|\u2606AgencyIsOwn|ggs\n|\n|t:|1646675632\n|move|p1a: Greninja|Ice Beam|p2a: Dragapult\n|-start|p1a: Greninja|typechange|Ice|[from] ability: Protean\n|-supereffective|p2a: Dragapult\n|-damage|p2a: Dragapult|0 fnt\n|faint|p2a: Dragapult\n|\n|win|AgencyIsOwn\n|raw|AgencyIsOwn's rating: 1857 &rarr; <strong>1870<\/strong><br \/>(+13 for winning)\n|raw|Hikari-miyako's rating: 1735 &rarr; <strong>1722<\/strong><br \/>(-13 for losing)\n|l|\u2606Hikari-miyako\n||Ladder isn't responding, score probably updated but might not have (Request timeout).\n","uploadtime":1646675647,"views":40,"p1id":"agencyisown","p2id":"hikarimiyako","formatid":"gen8nationaldex","rating":1722,"private":0,"password":null}