{"id":"gen8bdspou-1470796363","p1":"bigcatdimes","p2":"VirginJimmy99","format":"gen8bdspou","log":"|html|<div class=\"broadcast-blue\"><strong>[Gen 8 BDSP] OU is currently suspecting Latios! For information on how to participate check out the <a href=\"https:\/\/www.smogon.com\/forums\/threads\/np-bdsp-ou-suspect-process-round-1-mr-blue-sky.3694109\/\">suspect thread<\/a>.<\/strong><\/div>\n|j|\u2606bigcatdimes\n|j|\u2606VirginJimmy99\n|t:|1639178130\n|gametype|singles\n|player|p1|bigcatdimes|2|1318\n|player|p2|VirginJimmy99|rocketgrunt|1469\n|teamsize|p1|6\n|teamsize|p2|6\n|gen|8\n|tier|[Gen 8 BDSP] OU\n|rated|\n|rule|Sleep Clause Mod: Limit one foe put to sleep\n|rule|Species Clause: Limit one of each Pok\u00e9mon\n|rule|OHKO Clause: OHKO moves are banned\n|rule|Evasion Moves Clause: Evasion moves are banned\n|rule|Endless Battle Clause: Forcing endless battles is banned\n|rule|HP Percentage Mod: HP is shown in percentages\n|clearpoke\n|poke|p1|Yanmega, F|\n|poke|p1|Starmie|\n|poke|p1|Gliscor, F|\n|poke|p1|Latios, M|\n|poke|p1|Scizor, M|\n|poke|p1|Rotom-Wash|\n|poke|p2|Wigglytuff, F|\n|poke|p2|Skarmory, F|\n|poke|p2|Starmie|\n|poke|p2|Infernape, F|\n|poke|p2|Staraptor, M|\n|poke|p2|Garchomp, F|\n|teampreview\n|inactive|Battle timer is ON: inactive players will automatically lose when time's up. (requested by bigcatdimes)\n|\n|t:|1639178141\n|start\n|switch|p1a: Rotom|Rotom-Wash|100\/100\n|switch|p2a: Wigglytuff|Wigglytuff, F|100\/100\n|turn|1\n|\n|t:|1639178146\n|move|p1a: Rotom|Volt Switch|p2a: Wigglytuff\n|-damage|p2a: Wigglytuff|66\/100\n|\n|t:|1639178155\n|switch|p1a: Scizor|Scizor, M|100\/100|[from]move: Volt Switch\n|move|p2a: Wigglytuff|Stealth Rock|p1a: Scizor\n|-sidestart|p1: bigcatdimes|move: Stealth Rock\n|\n|upkeep\n|turn|2\n|\n|t:|1639178159\n|move|p2a: Wigglytuff|Flamethrower|p1a: Scizor\n|-supereffective|p1a: Scizor\n|-damage|p1a: Scizor|0 fnt\n|faint|p1a: Scizor\n|\n|upkeep\n|\n|t:|1639178163\n|switch|p1a: Gliscor|Gliscor, F|100\/100\n|-damage|p1a: Gliscor|88\/100|[from] Stealth Rock\n|turn|3\n|\n|t:|1639178165\n|move|p1a: Gliscor|Defog|p2a: Wigglytuff\n|-unboost|p2a: Wigglytuff|evasion|1\n|-ability|p2a: Wigglytuff|Competitive\n|-boost|p2a: Wigglytuff|spa|2\n|-sideend|p1: bigcatdimes|Stealth Rock|[from] move: Defog|[of] p1a: Gliscor\n|move|p2a: Wigglytuff|Ice Beam|p1a: Gliscor\n|-supereffective|p1a: Gliscor\n|-damage|p1a: Gliscor|0 fnt\n|faint|p1a: Gliscor\n|\n|upkeep\n|c|\u2606bigcatdimes|looooool\n|c|\u2606bigcatdimes|who's this monster????\n|\n|t:|1639178181\n|switch|p1a: Yanmega|Yanmega, F|100\/100\n|turn|4\n|\n|t:|1639178187\n|switch|p2a: Skarmory|Skarmory, F|100\/100\n|move|p1a: Yanmega|Bug Buzz|p2a: Skarmory\n|-resisted|p2a: Skarmory\n|-damage|p2a: Skarmory|70\/100\n|-unboost|p2a: Skarmory|spd|1\n|\n|-heal|p2a: Skarmory|76\/100|[from] item: Leftovers\n|upkeep\n|turn|5\n|c|\u2606VirginJimmy99|had a babiri berry for scizor too\n|c|\u2606VirginJimmy99|lle\n|c|\u2606VirginJimmy99|lel*\n|inactive|VirginJimmy99 has 120 seconds left.\n|\n|t:|1639178218\n|move|p1a: Yanmega|Bug Buzz|p2a: Skarmory\n|-resisted|p2a: Skarmory\n|-damage|p2a: Skarmory|24\/100\n|move|p2a: Skarmory|Roost|p2a: Skarmory\n|-heal|p2a: Skarmory|74\/100\n|-singleturn|p2a: Skarmory|move: Roost\n|\n|-heal|p2a: Skarmory|80\/100|[from] item: Leftovers\n|upkeep\n|turn|6\n|\n|t:|1639178227\n|move|p1a: Yanmega|Bug Buzz|p2a: Skarmory\n|-resisted|p2a: Skarmory\n|-damage|p2a: Skarmory|34\/100\n|move|p2a: Skarmory|Roost|p2a: Skarmory\n|-heal|p2a: Skarmory|84\/100\n|-singleturn|p2a: Skarmory|move: Roost\n|\n|-heal|p2a: Skarmory|90\/100|[from] item: Leftovers\n|upkeep\n|turn|7\n|\n|t:|1639178238\n|switch|p1a: Rotom|Rotom-Wash|100\/100\n|switch|p2a: Garchomp|Garchomp, F|100\/100\n|\n|upkeep\n|turn|8\n|\n|t:|1639178242\n|move|p2a: Garchomp|Swords Dance|p2a: Garchomp\n|-boost|p2a: Garchomp|atk|2\n|move|p1a: Rotom|Hydro Pump|p2a: Garchomp\n|-damage|p2a: Garchomp|59\/100\n|\n|upkeep\n|turn|9\n|\n|t:|1639178250\n|move|p2a: Garchomp|Dual Chop|p1a: Rotom\n|-damage|p1a: Rotom|56\/100\n|-damage|p1a: Rotom|14\/100\n|-hitcount|p1a: Rotom|2\n|-damage|p2a: Garchomp|50\/100|[from] item: Life Orb\n|move|p1a: Rotom|Hydro Pump|p2a: Garchomp\n|-damage|p2a: Garchomp|8\/100\n|\n|-heal|p1a: Rotom|20\/100|[from] item: Leftovers\n|upkeep\n|turn|10\n|\n|t:|1639178261\n|move|p2a: Garchomp|Dual Chop|p1a: Rotom\n|-damage|p1a: Rotom|0 fnt\n|faint|p1a: Rotom\n|-hitcount|p1: Rotom|1\n|-damage|p2a: Garchomp|0 fnt|[from] item: Life Orb\n|faint|p2a: Garchomp\n|\n|upkeep\n|\n|t:|1639178269\n|switch|p2a: Staraptor|Staraptor, M|100\/100\n|switch|p1a: Latios|Latios, M|100\/100\n|turn|11\n|\n|t:|1639178274\n|move|p2a: Staraptor|U-turn|p1a: Latios\n|-supereffective|p1a: Latios\n|-damage|p1a: Latios|38\/100\n|\n|t:|1639178276\n|switch|p2a: Wigglytuff|Wigglytuff, F|66\/100|[from]move: U-turn\n|move|p1a: Latios|Thunderbolt|p2a: Wigglytuff\n|-damage|p2a: Wigglytuff|6\/100\n|-status|p2a: Wigglytuff|par\n|-damage|p1a: Latios|28\/100|[from] item: Life Orb\n|\n|upkeep\n|turn|12\n|\n|t:|1639178299\n|move|p1a: Latios|Recover|p1a: Latios\n|-heal|p1a: Latios|78\/100\n|move|p2a: Wigglytuff|Stealth Rock|p1a: Latios\n|-sidestart|p1: bigcatdimes|move: Stealth Rock\n|\n|upkeep\n|turn|13\n|\n|t:|1639178305\n|switch|p1a: Starmie|Starmie|100\/100\n|-damage|p1a: Starmie|88\/100|[from] Stealth Rock\n|move|p2a: Wigglytuff|Ice Beam|p1a: Starmie\n|-resisted|p1a: Starmie\n|-damage|p1a: Starmie|68\/100\n|\n|-heal|p1a: Starmie|74\/100|[from] item: Leftovers\n|upkeep\n|turn|14\n|\n|t:|1639178310\n|switch|p2a: Skarmory|Skarmory, F|90\/100\n|move|p1a: Starmie|Rapid Spin|p2a: Skarmory\n|-resisted|p2a: Skarmory\n|-damage|p2a: Skarmory|86\/100\n|-boost|p1a: Starmie|spe|1\n|-sideend|p1: bigcatdimes|Stealth Rock|[from] move: Rapid Spin|[of] p1a: Starmie\n|\n|-heal|p1a: Starmie|80\/100|[from] item: Leftovers\n|-heal|p2a: Skarmory|92\/100|[from] item: Leftovers\n|upkeep\n|turn|15\n|\n|t:|1639178317\n|move|p1a: Starmie|Scald|p2a: Skarmory\n|-crit|p2a: Skarmory\n|-damage|p2a: Skarmory|41\/100\n|move|p2a: Skarmory|Whirlwind|p1a: Starmie\n|drag|p1a: Yanmega|Yanmega, F|100\/100\n|\n|-heal|p2a: Skarmory|47\/100|[from] item: Leftovers\n|upkeep\n|turn|16\n|\n|t:|1639178325\n|move|p1a: Yanmega|Air Slash|p2a: Skarmory\n|-resisted|p2a: Skarmory\n|-damage|p2a: Skarmory|0 fnt\n|faint|p2a: Skarmory\n|\n|upkeep\n|\n|t:|1639178334\n|switch|p2a: Starmie|Starmie|100\/100\n|turn|17\n|\n|t:|1639178337\n|move|p2a: Starmie|Ice Beam|p1a: Yanmega\n|-supereffective|p1a: Yanmega\n|-damage|p1a: Yanmega|0 fnt\n|faint|p1a: Yanmega\n|-damage|p2a: Starmie|91\/100|[from] item: Life Orb\n|\n|upkeep\n|\n|t:|1639178344\n|switch|p1a: Starmie|Starmie|80\/100\n|turn|18\n|\n|t:|1639178351\n|move|p2a: Starmie|Rapid Spin|p1a: Starmie\n|-damage|p1a: Starmie|64\/100\n|-boost|p2a: Starmie|spe|1\n|-damage|p2a: Starmie|81\/100|[from] item: Life Orb\n|move|p1a: Starmie|Scald|p2a: Starmie\n|-resisted|p2a: Starmie\n|-damage|p2a: Starmie|49\/100\n|\n|-heal|p1a: Starmie|70\/100|[from] item: Leftovers\n|upkeep\n|turn|19\n|\n|t:|1639178360\n|move|p2a: Starmie|Psychic|p1a: Starmie\n|-resisted|p1a: Starmie\n|-damage|p1a: Starmie|33\/100\n|-damage|p2a: Starmie|39\/100|[from] item: Life Orb\n|move|p1a: Starmie|Recover|p1a: Starmie\n|-heal|p1a: Starmie|83\/100\n|\n|-heal|p1a: Starmie|89\/100|[from] item: Leftovers\n|upkeep\n|turn|20\n|\n|t:|1639178366\n|move|p2a: Starmie|Hydro Pump|p1a: Starmie\n|-resisted|p1a: Starmie\n|-damage|p1a: Starmie|44\/100\n|-damage|p2a: Starmie|29\/100|[from] item: Life Orb\n|move|p1a: Starmie|Scald|p2a: Starmie\n|-resisted|p2a: Starmie\n|-damage|p2a: Starmie|0 fnt\n|faint|p2a: Starmie\n|\n|-heal|p1a: Starmie|50\/100|[from] item: Leftovers\n|upkeep\n|\n|t:|1639178370\n|switch|p2a: Staraptor|Staraptor, M|100\/100\n|turn|21\n|\n|t:|1639178376\n|move|p2a: Staraptor|Brave Bird|p1a: Starmie\n|-damage|p1a: Starmie|0 fnt\n|faint|p1a: Starmie\n|-damage|p2a: Staraptor|87\/100|[from] Recoil\n|\n|upkeep\n|\n|t:|1639178378\n|switch|p1a: Latios|Latios, M|78\/100\n|turn|22\n|\n|t:|1639178382\n|move|p2a: Staraptor|Brave Bird|p1a: Latios\n|-damage|p1a: Latios|0 fnt\n|faint|p1a: Latios\n|-damage|p2a: Staraptor|62\/100|[from] Recoil\n|\n|win|VirginJimmy99\n|raw|bigcatdimes's rating: 1318 &rarr; <strong>1306<\/strong><br \/>(-12 for losing)\n|raw|VirginJimmy99's rating: 1469 &rarr; <strong>1481<\/strong><br \/>(+12 for winning)\n|c|\u2606bigcatdimes|gg\n|l|\u2606bigcatdimes\n|c|\u2606VirginJimmy99|gg\n||Ladder isn't responding, score probably updated but might not have (Request timeout).\n","uploadtime":1639178388,"views":9,"p1id":"bigcatdimes","p2id":"virginjimmy99","formatid":"gen8bdspou","rating":1306,"private":0,"password":null}