{"id":"gen8ou-1704277903","p1":"FavMon=Garchomp","p2":"Kwaga","format":"gen8ou","log":"|j|\u2606FavMon=Garchomp\n|j|\u2606Kwaga\n|t:|1667760759\n|gametype|singles\n|player|p1|FavMon=Garchomp|hilbert|\n|player|p2|Kwaga|brock-gen1rb|\n|teamsize|p1|6\n|teamsize|p2|6\n|gen|8\n|tier|[Gen 8] OU\n|rule|Sleep Clause Mod: Limit one foe put to sleep\n|rule|Species Clause: Limit one of each Pok\u00e9mon\n|rule|OHKO Clause: OHKO moves are banned\n|rule|Evasion Items Clause: Evasion items are banned\n|rule|Evasion Moves Clause: Evasion moves are banned\n|rule|Endless Battle Clause: Forcing endless battles is banned\n|rule|HP Percentage Mod: HP is shown in percentages\n|rule|Dynamax Clause: You cannot dynamax\n|clearpoke\n|poke|p1|Weavile, M|\n|poke|p1|Kartana|\n|poke|p1|Blacephalon|\n|poke|p1|Rillaboom, F|\n|poke|p1|Landorus-Therian, M|\n|poke|p1|Melmetal|\n|poke|p2|Tyranitar, M|\n|poke|p2|Excadrill, M|\n|poke|p2|Urshifu-*, M|\n|poke|p2|Tapu Lele|\n|poke|p2|Ferrothorn, M|\n|poke|p2|Zapdos|\n|teampreview\n|\n|t:|1667760772\n|start\n|switch|p1a: Black Heart|Weavile, M|100\/100\n|switch|p2a: Urshifu|Urshifu-Rapid-Strike, M|100\/100\n|turn|1\n|\n|t:|1667760778\n|switch|p1a: Grass Drummer|Rillaboom, F|100\/100\n|-fieldstart|move: Grassy Terrain|[from] ability: Grassy Surge|[of] p1a: Grass Drummer\n|move|p2a: Urshifu|Surging Strikes|p1a: Grass Drummer\n|-resisted|p1a: Grass Drummer\n|-crit|p1a: Grass Drummer\n|-damage|p1a: Grass Drummer|90\/100\n|-resisted|p1a: Grass Drummer\n|-crit|p1a: Grass Drummer\n|-damage|p1a: Grass Drummer|78\/100\n|-resisted|p1a: Grass Drummer\n|-crit|p1a: Grass Drummer\n|-damage|p1a: Grass Drummer|68\/100\n|-hitcount|p1a: Grass Drummer|3\n|\n|-heal|p1a: Grass Drummer|74\/100|[from] Grassy Terrain\n|upkeep\n|turn|2\n|\n|t:|1667760785\n|switch|p2a: Zapdos|Zapdos|100\/100\n|switch|p1a: Black Heart|Weavile, M|100\/100\n|\n|upkeep\n|turn|3\n|\n|t:|1667760792\n|switch|p2a: Urshifu|Urshifu-Rapid-Strike, M|100\/100\n|move|p1a: Black Heart|Beat Up|p2a: Urshifu\n|-resisted|p2a: Urshifu\n|-damage|p2a: Urshifu|96\/100\n|-resisted|p2a: Urshifu\n|-damage|p2a: Urshifu|90\/100\n|-resisted|p2a: Urshifu\n|-damage|p2a: Urshifu|85\/100\n|-resisted|p2a: Urshifu\n|-damage|p2a: Urshifu|80\/100\n|-resisted|p2a: Urshifu\n|-damage|p2a: Urshifu|75\/100\n|-resisted|p2a: Urshifu\n|-damage|p2a: Urshifu|70\/100\n|-hitcount|p2a: Urshifu|6\n|\n|-heal|p2a: Urshifu|76\/100|[from] Grassy Terrain\n|upkeep\n|turn|4\n|\n|t:|1667760804\n|move|p1a: Black Heart|Triple Axel|p2a: Urshifu\n|-resisted|p2a: Urshifu\n|-crit|p2a: Urshifu\n|-damage|p2a: Urshifu|67\/100\n|-resisted|p2a: Urshifu\n|-damage|p2a: Urshifu|57\/100\n|-resisted|p2a: Urshifu\n|-damage|p2a: Urshifu|40\/100\n|-hitcount|p2a: Urshifu|3\n|move|p2a: Urshifu|U-turn|p1a: Black Heart\n|-supereffective|p1a: Black Heart\n|-damage|p1a: Black Heart|18\/100\n|\n|t:|1667760807\n|switch|p2a: Tapu Lele|Tapu Lele, shiny|100\/100|[from]move: U-turn\n|-fieldstart|move: Psychic Terrain|[from] ability: Psychic Surge|[of] p2a: Tapu Lele\n|\n|upkeep\n|turn|5\n|\n|t:|1667760815\n|move|p2a: Tapu Lele|Moonblast|p1a: Black Heart\n|-supereffective|p1a: Black Heart\n|-damage|p1a: Black Heart|0 fnt\n|faint|p1a: Black Heart\n|\n|upkeep\n|\n|t:|1667760822\n|switch|p1a: Viridi Hates U|Kartana|100\/100\n|turn|6\n|\n|t:|1667760829\n|switch|p2a: Zapdos|Zapdos|100\/100\n|move|p1a: Viridi Hates U|Knock Off|p2a: Zapdos\n|-damage|p2a: Zapdos|69\/100\n|-enditem|p2a: Zapdos|Heavy-Duty Boots|[from] move: Knock Off|[of] p1a: Viridi Hates U\n|\n|upkeep\n|turn|7\n|\n|t:|1667760835\n|switch|p1a: No.1 Scum|Landorus-Therian, M|100\/100\n|-ability|p1a: No.1 Scum|Intimidate|boost\n|-unboost|p2a: Zapdos|atk|1\n|switch|p2a: Urshifu|Urshifu-Rapid-Strike, M|40\/100\n|\n|upkeep\n|turn|8\n|\n|t:|1667760858\n|move|p2a: Urshifu|U-turn|p1a: No.1 Scum\n|-resisted|p1a: No.1 Scum\n|-damage|p1a: No.1 Scum|85\/100\n|-enditem|p1a: No.1 Scum|Eject Button\n|\n|t:|1667760865\n|switch|p1a: Grass Drummer|Rillaboom, F|74\/100\n|-fieldstart|move: Grassy Terrain|[from] ability: Grassy Surge|[of] p1a: Grass Drummer\n|\n|-heal|p2a: Urshifu|46\/100|[from] Grassy Terrain\n|-heal|p1a: Grass Drummer|80\/100|[from] Grassy Terrain\n|upkeep\n|turn|9\n|\n|t:|1667760876\n|switch|p2a: Zapdos|Zapdos|69\/100\n|move|p1a: Grass Drummer|Swords Dance|p1a: Grass Drummer\n|-boost|p1a: Grass Drummer|atk|2\n|\n|-heal|p1a: Grass Drummer|86\/100|[from] Grassy Terrain\n|upkeep\n|turn|10\n|\n|t:|1667760880\n|move|p1a: Grass Drummer|Grassy Glide|p2a: Zapdos\n|-resisted|p2a: Zapdos\n|-damage|p2a: Zapdos|19\/100\n|-damage|p1a: Grass Drummer|76\/100|[from] item: Life Orb\n|move|p2a: Zapdos|Hurricane|p1a: Grass Drummer\n|-supereffective|p1a: Grass Drummer\n|-damage|p1a: Grass Drummer|0 fnt\n|faint|p1a: Grass Drummer\n|\n|upkeep\n|\n|t:|1667760890\n|switch|p1a: Viridi Hates U|Kartana|100\/100\n|turn|11\n|\n|t:|1667760900\n|switch|p2a: Ferrothorn|Ferrothorn, M|100\/100\n|move|p1a: Viridi Hates U|Sacred Sword|p2a: Ferrothorn\n|-supereffective|p2a: Ferrothorn\n|-damage|p2a: Ferrothorn|40\/100\n|-damage|p1a: Viridi Hates U|88\/100|[from] ability: Iron Barbs|[of] p2a: Ferrothorn\n|\n|-heal|p1a: Viridi Hates U|94\/100|[from] Grassy Terrain\n|-heal|p2a: Ferrothorn|46\/100|[from] Grassy Terrain\n|-heal|p2a: Ferrothorn|52\/100|[from] item: Leftovers\n|upkeep\n|turn|12\n|\n|t:|1667760915\n|switch|p1a: Reset Bomb|Blacephalon|100\/100\n|switch|p2a: Tapu Lele|Tapu Lele, shiny|100\/100\n|-fieldstart|move: Psychic Terrain|[from] ability: Psychic Surge|[of] p2a: Tapu Lele\n|\n|upkeep\n|turn|13\n|\n|t:|1667760922\n|move|p2a: Tapu Lele|Psyshock|p1a: Reset Bomb\n|-damage|p1a: Reset Bomb|0 fnt\n|faint|p1a: Reset Bomb\n|\n|upkeep\n|\n|t:|1667760925\n|switch|p1a: Steel Pit|Melmetal|100\/100\n|turn|14\n|\n|t:|1667760935\n|switch|p2a: Ferrothorn|Ferrothorn, M|52\/100\n|move|p1a: Steel Pit|Double Iron Bash|p2a: Ferrothorn\n|-resisted|p2a: Ferrothorn\n|-damage|p2a: Ferrothorn|36\/100\n|-damage|p1a: Steel Pit|88\/100|[from] ability: Iron Barbs|[of] p2a: Ferrothorn\n|-resisted|p2a: Ferrothorn\n|-damage|p2a: Ferrothorn|20\/100\n|-damage|p1a: Steel Pit|76\/100|[from] ability: Iron Barbs|[of] p2a: Ferrothorn\n|-hitcount|p2a: Ferrothorn|2\n|\n|-heal|p2a: Ferrothorn|26\/100|[from] item: Leftovers\n|upkeep\n|turn|15\n|\n|t:|1667760940\n|move|p1a: Steel Pit|Double Iron Bash|p2a: Ferrothorn\n|-resisted|p2a: Ferrothorn\n|-damage|p2a: Ferrothorn|11\/100\n|-damage|p1a: Steel Pit|63\/100|[from] ability: Iron Barbs|[of] p2a: Ferrothorn\n|-resisted|p2a: Ferrothorn\n|-damage|p2a: Ferrothorn|0 fnt\n|-damage|p1a: Steel Pit|51\/100|[from] ability: Iron Barbs|[of] p2a: Ferrothorn\n|faint|p2a: Ferrothorn\n|-hitcount|p2: Ferrothorn|2\n|\n|upkeep\n|\n|t:|1667760946\n|switch|p2a: Zapdos|Zapdos|19\/100\n|turn|16\n|\n|t:|1667760950\n|move|p2a: Zapdos|Roost|p2a: Zapdos\n|-heal|p2a: Zapdos|69\/100\n|-singleturn|p2a: Zapdos|move: Roost\n|move|p1a: Steel Pit|Superpower|p2a: Zapdos\n|-damage|p2a: Zapdos|33\/100\n|-unboost|p1a: Steel Pit|atk|1\n|-unboost|p1a: Steel Pit|def|1\n|\n|-fieldend|move: Psychic Terrain\n|upkeep\n|turn|17\n|\n|t:|1667760955\n|switch|p1a: No.1 Scum|Landorus-Therian, M|85\/100\n|-ability|p1a: No.1 Scum|Intimidate|boost\n|-unboost|p2a: Zapdos|atk|1\n|move|p2a: Zapdos|Roost|p2a: Zapdos\n|-heal|p2a: Zapdos|83\/100\n|-singleturn|p2a: Zapdos|move: Roost\n|\n|upkeep\n|turn|18\n|\n|t:|1667760961\n|switch|p2a: Urshifu|Urshifu-Rapid-Strike, M|46\/100\n|move|p1a: No.1 Scum|Stealth Rock|p2a: Urshifu\n|-sidestart|p2: Kwaga|move: Stealth Rock\n|\n|upkeep\n|turn|19\n|inactive|Battle timer is ON: inactive players will automatically lose when time's up. (requested by FavMon=Garchomp)\n|\n|t:|1667760968\n|move|p2a: Urshifu|Close Combat|p1a: No.1 Scum\n|-resisted|p1a: No.1 Scum\n|-damage|p1a: No.1 Scum|49\/100\n|-unboost|p2a: Urshifu|def|1\n|-unboost|p2a: Urshifu|spd|1\n|move|p1a: No.1 Scum|Explosion|p2a: Urshifu\n|-damage|p2a: Urshifu|0 fnt\n|faint|p1a: No.1 Scum\n|faint|p2a: Urshifu\n|\n|upkeep\n|\n|t:|1667760984\n|switch|p2a: Tyranitar|Tyranitar, M|100\/100\n|switch|p1a: Steel Pit|Melmetal|51\/100\n|-damage|p2a: Tyranitar|88\/100|[from] Stealth Rock\n|-weather|Sandstorm|[from] ability: Sand Stream|[of] p2a: Tyranitar\n|turn|20\n|\n|t:|1667760987\n|move|p2a: Tyranitar|Fire Punch|p1a: Steel Pit\n|-supereffective|p1a: Steel Pit\n|-damage|p1a: Steel Pit|0 fnt\n|faint|p1a: Steel Pit\n|\n|-weather|Sandstorm|[upkeep]\n|upkeep\n|\n|t:|1667760989\n|switch|p1a: Viridi Hates U|Kartana|94\/100\n|turn|21\n|\n|t:|1667760993\n|move|p1a: Viridi Hates U|Leaf Blade|p2a: Tyranitar\n|-supereffective|p2a: Tyranitar\n|-damage|p2a: Tyranitar|0 fnt\n|faint|p2a: Tyranitar\n|-ability|p1a: Viridi Hates U|Beast Boost|boost\n|-boost|p1a: Viridi Hates U|atk|1\n|\n|-weather|Sandstorm|[upkeep]\n|upkeep\n|\n|t:|1667760996\n|switch|p2a: Zapdos|Zapdos|83\/100\n|-damage|p2a: Zapdos|58\/100|[from] Stealth Rock\n|turn|22\n|\n|t:|1667760998\n|move|p1a: Viridi Hates U|Leaf Blade|p2a: Zapdos\n|-resisted|p2a: Zapdos\n|-damage|p2a: Zapdos|26\/100\n|move|p2a: Zapdos|Heat Wave|p1a: Viridi Hates U\n|-supereffective|p1a: Viridi Hates U\n|-damage|p1a: Viridi Hates U|0 fnt\n|faint|p1a: Viridi Hates U\n|\n|win|Kwaga\n|c|\u2606Kwaga|gg\n|l|\u2606FavMon=Garchomp\n","uploadtime":1667761009,"views":12,"p1id":"favmongarchomp","p2id":"kwaga","formatid":"gen8ou","rating":0,"private":0,"password":null}