{"id":"gen8ru-1693473929","p1":"Lil Tic","p2":"xasahbae","format":"gen8ru","log":"|j|\u2606Lil Tic\n|j|\u2606xasahbae\n|inactive|Battle timer is ON: inactive players will automatically lose when time's up.\n|t:|1666611320\n|gametype|singles\n|player|p1|Lil Tic|102|\n|player|p2|xasahbae|clerkf|\n|teamsize|p1|6\n|teamsize|p2|6\n|gen|8\n|tier|[Gen 8] RU\n|rated|Tournament battle\n|rule|Sleep Clause Mod: Limit one foe put to sleep\n|rule|Species Clause: Limit one of each Pok\u00e9mon\n|rule|OHKO Clause: OHKO moves are banned\n|rule|Evasion Items Clause: Evasion items are banned\n|rule|Evasion Moves Clause: Evasion moves are banned\n|rule|Endless Battle Clause: Forcing endless battles is banned\n|rule|HP Percentage Mod: HP is shown in percentages\n|rule|Dynamax Clause: You cannot dynamax\n|clearpoke\n|poke|p1|Suicune|\n|poke|p1|Weezing-Galar, M|\n|poke|p1|Metagross|\n|poke|p1|Umbreon, M|\n|poke|p1|Nidoqueen, F|\n|poke|p1|Togekiss, F|\n|poke|p2|Aerodactyl, M|\n|poke|p2|Salazzle, F|\n|poke|p2|Lucario, M|\n|poke|p2|Flygon, M|\n|poke|p2|Polteageist|\n|poke|p2|Celebi|\n|teampreview\n|j|*Lady Monita \u263d\n|j| BB-8-NU\n|j| Aftx\n|\n|t:|1666611334\n|start\n|switch|p1a: Weezing|Weezing-Galar, M|100\/100\n|switch|p2a: Aerodactyl|Aerodactyl, M|100\/100\n|-ability|p2a: Aerodactyl|Pressure\n|turn|1\n|j| Dragonair2Fair\n|l| Dragonair2Fair\n|j|@J0rdy004 \u266b\n|inactive|xasahbae has 120 seconds left.\n|\n|t:|1666611371\n|move|p2a: Aerodactyl|Taunt|p1a: Weezing\n|-start|p1a: Weezing|move: Taunt\n|cant|p1a: Weezing|move: Taunt|Will-O-Wisp\n|\n|upkeep\n|turn|2\n|\n|t:|1666611376\n|move|p2a: Aerodactyl|Stealth Rock|p1a: Weezing\n|-sidestart|p1: Lil Tic|move: Stealth Rock\n|move|p1a: Weezing|Sludge Bomb|p2a: Aerodactyl\n|-resisted|p2a: Aerodactyl\n|-damage|p2a: Aerodactyl|81\/100\n|-status|p2a: Aerodactyl|psn\n|\n|-damage|p2a: Aerodactyl|69\/100 psn|[from] psn\n|upkeep\n|turn|3\n|\n|t:|1666611387\n|switch|p1a: Suicune|Suicune|100\/100\n|-damage|p1a: Suicune|88\/100|[from] Stealth Rock\n|-ability|p1a: Suicune|Pressure\n|move|p2a: Aerodactyl|Rock Blast|p1a: Suicune\n|-damage|p1a: Suicune|82\/100\n|-damage|p1a: Suicune|76\/100\n|-damage|p1a: Suicune|69\/100\n|-hitcount|p1a: Suicune|3\n|\n|-heal|p1a: Suicune|75\/100|[from] item: Leftovers\n|-damage|p2a: Aerodactyl|56\/100 psn|[from] psn\n|upkeep\n|turn|4\n|l|@J0rdy004 \u266b\n|\n|t:|1666611394\n|move|p2a: Aerodactyl|Taunt|p1a: Suicune\n|-start|p1a: Suicune|move: Taunt\n|move|p1a: Suicune|Scald|p2a: Aerodactyl\n|-supereffective|p2a: Aerodactyl\n|-damage|p2a: Aerodactyl|0 fnt\n|faint|p2a: Aerodactyl\n|\n|-heal|p1a: Suicune|81\/100|[from] item: Leftovers\n|upkeep\n|\n|t:|1666611402\n|switch|p2a: Celebi|Celebi|100\/100\n|turn|5\n|inactive|Lil Tic has 120 seconds left.\n|\n|t:|1666611437\n|switch|p2a: Lucario|Lucario, M|100\/100\n|move|p1a: Suicune|Ice Beam|p2a: Lucario\n|-resisted|p2a: Lucario\n|-damage|p2a: Lucario|86\/100\n|\n|-heal|p1a: Suicune|88\/100|[from] item: Leftovers\n|upkeep\n|turn|6\n|\n|t:|1666611443\n|move|p2a: Lucario|Swords Dance|p2a: Lucario\n|-boost|p2a: Lucario|atk|2\n|move|p1a: Suicune|Scald|p2a: Lucario\n|-damage|p2a: Lucario|42\/100\n|\n|-heal|p1a: Suicune|94\/100|[from] item: Leftovers\n|-end|p1a: Suicune|move: Taunt\n|upkeep\n|turn|7\n|\n|t:|1666611447\n|move|p2a: Lucario|Close Combat|p1a: Suicune\n|-damage|p1a: Suicune|28\/100\n|-unboost|p2a: Lucario|def|1\n|-unboost|p2a: Lucario|spd|1\n|move|p1a: Suicune|Scald|p2a: Lucario\n|-damage|p2a: Lucario|0 fnt\n|faint|p2a: Lucario\n|\n|-heal|p1a: Suicune|34\/100|[from] item: Leftovers\n|upkeep\n|\n|t:|1666611458\n|switch|p2a: Celebi|Celebi|100\/100\n|turn|8\n|\n|t:|1666611466\n|switch|p1a: Umbreon|Umbreon, M|100\/100\n|-damage|p1a: Umbreon|88\/100|[from] Stealth Rock\n|move|p2a: Celebi|Giga Drain|p1a: Umbreon\n|-damage|p1a: Umbreon|70\/100\n|\n|-heal|p1a: Umbreon|76\/100|[from] item: Leftovers\n|upkeep\n|turn|9\n|\n|t:|1666611469\n|move|p2a: Celebi|Nasty Plot|p2a: Celebi\n|-boost|p2a: Celebi|spa|2\n|move|p1a: Umbreon|Wish|p1a: Umbreon\n|\n|-heal|p1a: Umbreon|82\/100|[from] item: Leftovers\n|upkeep\n|turn|10\n|\n|t:|1666611473\n|move|p2a: Celebi|Psychic|p1a: Umbreon\n|-immune|p1a: Umbreon\n|move|p1a: Umbreon|Foul Play|p2a: Celebi\n|-supereffective|p2a: Celebi\n|-crit|p2a: Celebi\n|-damage|p2a: Celebi|21\/100\n|\n|-heal|p1a: Umbreon|100\/100|[from] move: Wish|[wisher] Umbreon\n|-heal|p2a: Celebi|27\/100|[from] item: Leftovers\n|upkeep\n|turn|11\n|\n|t:|1666611476\n|move|p2a: Celebi|Giga Drain|p1a: Umbreon\n|-damage|p1a: Umbreon|68\/100\n|-heal|p2a: Celebi|46\/100|[from] drain|[of] p1a: Umbreon\n|move|p1a: Umbreon|Foul Play|p2a: Celebi\n|-supereffective|p2a: Celebi\n|-damage|p2a: Celebi|0 fnt\n|faint|p2a: Celebi\n|\n|-heal|p1a: Umbreon|74\/100|[from] item: Leftovers\n|upkeep\n|\n|t:|1666611482\n|switch|p2a: Polteageist|Polteageist|100\/100\n|turn|12\n|\n|t:|1666611485\n|move|p2a: Polteageist|Shell Smash|p2a: Polteageist\n|-unboost|p2a: Polteageist|def|1\n|-unboost|p2a: Polteageist|spd|1\n|-boost|p2a: Polteageist|atk|2\n|-boost|p2a: Polteageist|spa|2\n|-boost|p2a: Polteageist|spe|2\n|move|p1a: Umbreon|Foul Play|p2a: Polteageist\n|-supereffective|p2a: Polteageist\n|-enditem|p2a: Polteageist|Focus Sash\n|-damage|p2a: Polteageist|1\/100\n|\n|-heal|p1a: Umbreon|80\/100|[from] item: Leftovers\n|upkeep\n|turn|13\n|\n|t:|1666611494\n|move|p2a: Polteageist|Giga Drain|p1a: Umbreon\n|-damage|p1a: Umbreon|54\/100\n|-heal|p2a: Polteageist|20\/100|[from] drain|[of] p1a: Umbreon\n|move|p1a: Umbreon|Foul Play|p2a: Polteageist\n|-supereffective|p2a: Polteageist\n|-damage|p2a: Polteageist|0 fnt\n|faint|p2a: Polteageist\n|\n|-heal|p1a: Umbreon|60\/100|[from] item: Leftovers\n|upkeep\n|j| RoyalReloaded\n|\n|t:|1666611496\n|switch|p2a: Salazzle|Salazzle, F|100\/100\n|turn|14\n|\n|t:|1666611499\n|move|p2a: Salazzle|Nasty Plot|p2a: Salazzle\n|-boost|p2a: Salazzle|spa|2\n|move|p1a: Umbreon|Wish|p1a: Umbreon\n|\n|-heal|p1a: Umbreon|66\/100|[from] item: Leftovers\n|upkeep\n|turn|15\n|\n|t:|1666611502\n|move|p2a: Salazzle|Nasty Plot|p2a: Salazzle\n|-boost|p2a: Salazzle|spa|2\n|move|p1a: Umbreon|Foul Play|p2a: Salazzle\n|-damage|p2a: Salazzle|68\/100\n|\n|-heal|p1a: Umbreon|100\/100|[from] move: Wish|[wisher] Umbreon\n|upkeep\n|turn|16\n|\n|t:|1666611507\n|move|p2a: Salazzle|Sludge Bomb|p1a: Umbreon\n|-damage|p1a: Umbreon|39\/100\n|move|p1a: Umbreon|Foul Play|p2a: Salazzle\n|-damage|p2a: Salazzle|35\/100\n|\n|-heal|p1a: Umbreon|45\/100|[from] item: Leftovers\n|upkeep\n|turn|17\n|\n|t:|1666611511\n|move|p2a: Salazzle|Sludge Bomb|p1a: Umbreon\n|-damage|p1a: Umbreon|0 fnt\n|faint|p1a: Umbreon\n|\n|upkeep\n|\n|t:|1666611516\n|switch|p1a: Nidoqueen|Nidoqueen, F|100\/100\n|-damage|p1a: Nidoqueen|94\/100|[from] Stealth Rock\n|turn|18\n|\n|t:|1666611523\n|move|p2a: Salazzle|Fire Blast|p1a: Nidoqueen\n|-damage|p1a: Nidoqueen|0 fnt\n|faint|p1a: Nidoqueen\n|\n|upkeep\n|\n|t:|1666611528\n|switch|p1a: Togekiss|Togekiss, F|100\/100\n|-damage|p1a: Togekiss|76\/100|[from] Stealth Rock\n|turn|19\n|\n|t:|1666611531\n|move|p1a: Togekiss|Air Slash|p2a: Salazzle|[miss]\n|-miss|p1a: Togekiss|p2a: Salazzle\n|move|p2a: Salazzle|Sludge Bomb|p1a: Togekiss\n|-supereffective|p1a: Togekiss\n|-damage|p1a: Togekiss|0 fnt\n|faint|p1a: Togekiss\n|\n|upkeep\n|\n|t:|1666611542\n|switch|p1a: Metagross|Metagross, shiny|100\/100\n|-damage|p1a: Metagross|94\/100|[from] Stealth Rock\n|turn|20\n|c|\u2606Lil Tic|pray for miss time\n|\n|t:|1666611550\n|move|p2a: Salazzle|Fire Blast|p1a: Metagross\n|-supereffective|p1a: Metagross\n|-damage|p1a: Metagross|0 fnt\n|faint|p1a: Metagross\n|\n|upkeep\n|c|\u2606Lil Tic|ggwp\n|c|\u2606xasahbae|welp\n|\n|t:|1666611555\n|switch|p1a: Suicune|Suicune|34\/100\n|-damage|p1a: Suicune|22\/100|[from] Stealth Rock\n|-ability|p1a: Suicune|Pressure\n|turn|21\n|c|\u2606xasahbae|my bad\n|c|\u2606xasahbae|i guess it all came down to a flinch in the end\n|inactive|xasahbae has 120 seconds left.\n|c|\u2606xasahbae|as flygon should win if it DDs up\n|\n|t:|1666611595\n|move|p2a: Salazzle|Sludge Bomb|p1a: Suicune\n|-damage|p1a: Suicune|0 fnt\n|faint|p1a: Suicune\n|\n|upkeep\n|c|\u2606Lil Tic|it is what it is\n|\n|t:|1666611603\n|switch|p1a: Weezing|Weezing-Galar, M|100\/100\n|-damage|p1a: Weezing|88\/100|[from] Stealth Rock\n|turn|22\n|\n|t:|1666611609\n|move|p2a: Salazzle|Sludge Bomb|p1a: Weezing\n|-damage|p1a: Weezing|0 fnt\n|faint|p1a: Weezing\n|\n|win|xasahbae\n|n|\u2606Lil Tic|liltic\n|n|\u2606xasahbae|xasahbae\n|n|*Lady Monita \u263d|ladymonita\n|n| BB-8-NU|bb8nu\n|n| Aftx|aftx\n|n| RoyalReloaded|royalreloaded\n|l| BB-8-NU\n|l|*Lady Monita \u263d\n|l|\u2606Lil Tic\n|c|\u2606xasahbae|gg\n|l|\u2606xasahbae\n|j|\u2606xasahbae\n|player|p2|xasahbae|clerkf\n","uploadtime":1666611610,"views":5,"p1id":"liltic","p2id":"xasahbae","formatid":"gen8ru","rating":0,"private":0,"password":null}