{"id":"gen8randombattle-1124294632","p1":"BigWes95","p2":"corcyftw","format":"gen8randombattle","log":"|j|\u2606BigWes95\n|j|\u2606corcyftw\n|player|p1|BigWes95|swimmer-gen4dp|1352\n|player|p2|corcyftw|169|1380\n|teamsize|p1|6\n|teamsize|p2|6\n|gametype|singles\n|gen|8\n|tier|[Gen 8] Random Battle\n|rated|\n|rule|Species Clause: Limit one of each Pok\u00e9mon\n|rule|HP Percentage Mod: HP is shown in percentages\n|rule|Sleep Clause Mod: Limit one foe put to sleep\n|\n|start\n|switch|p1a: Darmanitan|Darmanitan-Galar, L80, M|299\/299\n|switch|p2a: Ninjask|Ninjask, L86, M|245\/245\n|turn|1\n|c|\u2606corcyftw|hf\n|inactive|Battle timer is ON: inactive players will automatically lose when time's up. (requested by BigWes95)\n|inactive|corcyftw also wants the timer to be on.\n|\n|move|p2a: Ninjask|Acrobatics|p1a: Darmanitan\n|-damage|p1a: Darmanitan|128\/299\n|move|p1a: Darmanitan|Icicle Crash|p2a: Ninjask\n|-supereffective|p2a: Ninjask\n|-damage|p2a: Ninjask|0 fnt\n|faint|p2a: Ninjask\n|\n|-formechange|p1a: Darmanitan|Darmanitan-Galar-Zen|\n|upkeep\n|\n|switch|p2a: Gourgeist|Gourgeist, L88, F|258\/258\n|-item|p1a: Darmanitan|Choice Band|[from] ability: Frisk|[of] p2a: Gourgeist|[identify]\n|turn|2\n|\n|move|p2a: Gourgeist|Shadow Sneak|p1a: Darmanitan\n|-damage|p1a: Darmanitan|65\/299\n|move|p1a: Darmanitan|Icicle Crash|p2a: Gourgeist\n|-supereffective|p2a: Gourgeist\n|-damage|p2a: Gourgeist|0 fnt\n|faint|p2a: Gourgeist\n|\n|upkeep\n|\n|switch|p2a: Kyurem|Kyurem-Black, L72|299\/299\n|-ability|p2a: Kyurem|Teravolt\n|turn|3\n|\n|move|p1a: Darmanitan|Icicle Crash|p2a: Kyurem\n|-crit|p2a: Kyurem\n|-damage|p2a: Kyurem|2\/299\n|move|p2a: Kyurem|Dragon Dance|p2a: Kyurem\n|-boost|p2a: Kyurem|atk|1\n|-boost|p2a: Kyurem|spe|1\n|\n|upkeep\n|turn|4\n|\n|move|p2a: Kyurem|Fusion Bolt|p1a: Darmanitan\n|-damage|p1a: Darmanitan|0 fnt\n|faint|p1a: Darmanitan\n|\n|upkeep\n|\n|switch|p1a: Moltres|Moltres, L80|275\/275\n|-ability|p1a: Moltres|Pressure\n|turn|5\n|\n|move|p2a: Kyurem|Dragon Dance|p2a: Kyurem\n|-boost|p2a: Kyurem|atk|1\n|-boost|p2a: Kyurem|spe|1\n|move|p1a: Moltres|Air Slash|p2a: Kyurem\n|-damage|p2a: Kyurem|0 fnt\n|faint|p2a: Kyurem\n|\n|upkeep\n|\n|switch|p2a: Terrakion|Terrakion, L80|277\/277\n|turn|6\n|\n|switch|p1a: Golurk|Golurk, L86|293\/293\n|move|p2a: Terrakion|Stone Edge|p1a: Golurk\n|-resisted|p1a: Golurk\n|-damage|p1a: Golurk|202\/293\n|-damage|p2a: Terrakion|250\/277|[from] item: Life Orb\n|\n|upkeep\n|turn|7\n|\n|move|p2a: Terrakion|Earthquake|p1a: Golurk\n|-damage|p1a: Golurk|95\/293\n|-damage|p2a: Terrakion|223\/277|[from] item: Life Orb\n|move|p1a: Golurk|Drain Punch|p2a: Terrakion\n|-supereffective|p2a: Terrakion\n|-damage|p2a: Terrakion|20\/277\n|-heal|p1a: Golurk|197\/293|[from] drain|[of] p2a: Terrakion\n|-damage|p1a: Golurk|168\/293|[from] item: Life Orb\n|\n|upkeep\n|turn|8\n|\n|move|p2a: Terrakion|Earthquake|p1a: Golurk\n|-damage|p1a: Golurk|51\/293\n|-damage|p2a: Terrakion|0 fnt|[from] item: Life Orb\n|faint|p2a: Terrakion\n|move|p1a: Golurk|Drain Punch|p2: Terrakion|[notarget]\n|-fail|p1a: Golurk\n|\n|upkeep\n|\n|switch|p2a: Meowstic|Meowstic-F, L88, F|274\/274\n|turn|9\n|\n|move|p2a: Meowstic|Psychic|p1a: Golurk\n|-damage|p1a: Golurk|0 fnt\n|-damage|p2a: Meowstic|247\/274|[from] item: Life Orb\n|faint|p1a: Golurk\n|\n|upkeep\n|\n|switch|p1a: Jellicent|Jellicent, L84, F|305\/305\n|turn|10\n|\n|move|p2a: Meowstic|Nasty Plot|p2a: Meowstic\n|-boost|p2a: Meowstic|spa|2\n|move|p1a: Jellicent|Shadow Ball|p2a: Meowstic\n|-supereffective|p2a: Meowstic\n|-damage|p2a: Meowstic|97\/274\n|\n|upkeep\n|turn|11\n|\n|move|p2a: Meowstic|Thunderbolt|p1a: Jellicent\n|-supereffective|p1a: Jellicent\n|-damage|p1a: Jellicent|42\/305\n|-damage|p2a: Meowstic|70\/274|[from] item: Life Orb\n|move|p1a: Jellicent|Shadow Ball|p2a: Meowstic\n|-supereffective|p2a: Meowstic\n|-damage|p2a: Meowstic|0 fnt\n|faint|p2a: Meowstic\n|\n|-heal|p1a: Jellicent|61\/305|[from] item: Leftovers\n|upkeep\n|\n|switch|p2a: Gallade|Gallade, L84, M|251\/251\n|turn|12\n|\n|-start|p2a: Gallade|Dynamax\n|-heal|p2a: Gallade|502\/502|[silent]\n|move|p2a: Gallade|Max Mindstorm|p1a: Jellicent\n|-damage|p1a: Jellicent|0 fnt\n|-fieldstart|move: Psychic Terrain\n|-damage|p2a: Gallade|477\/502|[from] item: Life Orb\n|faint|p1a: Jellicent\n|\n|upkeep\n|\n|switch|p1a: Walrein|Walrein, L84, F|322\/322\n|turn|13\n|\n|move|p2a: Gallade|Max Guard|p2a: Gallade\n|-singleturn|p2a: Gallade|Max Guard\n|move|p1a: Walrein|Protect||[still]\n|-fail|p1a: Walrein\n|\n|upkeep\n|turn|14\n|\n|move|p2a: Gallade|Max Guard|p2a: Gallade\n|-singleturn|p2a: Gallade|Max Guard\n|move|p1a: Walrein|Toxic|p2a: Gallade\n|-activate|p2a: Gallade|move: Max Guard\n|\n|-end|p2a: Gallade|Dynamax\n|-heal|p2a: Gallade|239\/251|[silent]\n|upkeep\n|turn|15\n|\n|move|p2a: Gallade|Zen Headbutt|p1a: Walrein\n|-crit|p1a: Walrein\n|-damage|p1a: Walrein|63\/322\n|-damage|p2a: Gallade|214\/251|[from] item: Life Orb\n|cant|p1a: Walrein|flinch\n|\n|-heal|p1a: Walrein|83\/322|[from] item: Leftovers\n|upkeep\n|turn|16\n|\n|move|p2a: Gallade|Zen Headbutt|p1a: Walrein\n|-damage|p1a: Walrein|0 fnt\n|-damage|p2a: Gallade|189\/251|[from] item: Life Orb\n|faint|p1a: Walrein\n|\n|-fieldend|move: Psychic Terrain\n|upkeep\n|\n|switch|p1a: Hawlucha|Hawlucha, L80, F|256\/256\n|turn|17\n|\n|-start|p1a: Hawlucha|Dynamax\n|-heal|p1a: Hawlucha|512\/512|[silent]\n|move|p2a: Gallade|Shadow Sneak|p1a: Hawlucha\n|-damage|p1a: Hawlucha|456\/512\n|-damage|p2a: Gallade|164\/251|[from] item: Life Orb\n|move|p1a: Hawlucha|Max Airstream|p2a: Gallade\n|-supereffective|p2a: Gallade\n|-damage|p2a: Gallade|0 fnt\n|-boost|p1a: Hawlucha|spe|1\n|faint|p2a: Gallade\n|\n|win|BigWes95\n|c|\u2606corcyftw|gg\n|raw|BigWes95's rating: 1352 &rarr; <strong>1374<\/strong><br \/>(+22 for winning)\n|raw|corcyftw's rating: 1380 &rarr; <strong>1358<\/strong><br \/>(-22 for losing)\n","inputlog":">version 54026a5cf79606227eff532e0f14b56bbd1594d2\n>start {\"formatid\":\"gen8randombattle\",\"seed\":[450,8844,57839,43267],\"rated\":\"Rated battle\"}\n>player p1 {\"name\":\"BigWes95\",\"avatar\":\"swimmer-gen4dp\",\"team\":\"\",\"rating\":1352,\"seed\":[18462,14963,15681,23998]}\n>player p2 {\"name\":\"corcyftw\",\"avatar\":\"169\",\"team\":\"\",\"rating\":1380,\"seed\":[12792,11820,47554,42281]}\n>p1 move iciclecrash\n>p2 move acrobatics\n>p2 switch 3\n>p1 move iciclecrash\n>p2 move shadowsneak\n>p2 switch 5\n>p1 move iciclecrash\n>p2 move dragondance\n>p1 move iciclecrash\n>p2 move fusionbolt\n>p1 switch 5\n>p1 move airslash\n>p2 move dragondance\n>p2 switch 6\n>p1 switch 6\n>p2 move stoneedge\n>p1 move drainpunch\n>p2 move earthquake\n>p1 move drainpunch\n>p2 move earthquake\n>p2 switch 2\n>p1 move shadowpunch\n>p2 move psychic\n>p1 switch 2\n>p1 move shadowball\n>p2 move nastyplot\n>p1 move shadowball\n>p2 move thunderbolt\n>p2 switch 4\n>p1 move willowisp\n>p2 move zenheadbutt dynamax\n>p1 switch 4\n>p1 move protect\n>p2 move swordsdance dynamax\n>p1 move toxic\n>p2 move swordsdance dynamax\n>p1 move toxic\n>p2 move zenheadbutt\n>p1 move toxic\n>p2 move zenheadbutt\n>p1 switch 3\n>p1 move bravebird dynamax\n>p2 move shadowsneak","uploadtime":1590926859,"views":1,"p1id":"bigwes95","p2id":"corcyftw","formatid":"gen8randombattle","rating":1358,"private":0,"password":null}