{"id":"gen8ubers-1271169880","p1":"Forcemew2","p2":"LolzMachine","format":"gen8ubers","log":"|j|\u2606Forcemew2\n|j|\u2606LolzMachine\n|t:|1611838459\n|player|p1|Forcemew2|blue|1622\n|player|p2|LolzMachine|294|1557\n|teamsize|p1|6\n|teamsize|p2|6\n|gametype|singles\n|gen|8\n|tier|[Gen 8] Ubers\n|rated|\n|clearpoke\n|poke|p1|Mewtwo|\n|poke|p1|Tyranitar, F|\n|poke|p1|Necrozma-Dusk-Mane|\n|poke|p1|Groudon|\n|poke|p1|Ho-Oh|\n|poke|p1|Giratina|\n|poke|p2|Necrozma-Dawn-Wings|\n|poke|p2|Calyrex-Shadow|\n|poke|p2|Groudon|\n|poke|p2|Kyogre|\n|poke|p2|Regieleki|\n|poke|p2|Yveltal|\n|rule|Sleep Clause Mod: Limit one foe put to sleep\n|rule|Species Clause: Limit one of each Pok\u00e9mon\n|rule|OHKO Clause: OHKO moves are banned\n|rule|Evasion Moves Clause: Evasion moves are banned\n|rule|Endless Battle Clause: Forcing endless battles is banned\n|rule|HP Percentage Mod: HP is shown in percentages\n|rule|Dynamax Clause: You cannot dynamax\n|teampreview\n|\n|t:|1611838484\n|start\n|switch|p1a: Tyranitar|Tyranitar, F|100\/100\n|switch|p2a: Groudon|Groudon|100\/100\n|-weather|SunnyDay|[from] ability: Drought|[of] p2a: Groudon\n|-weather|Sandstorm|[from] ability: Sand Stream|[of] p1a: Tyranitar\n|turn|1\n|\n|t:|1611838527\n|switch|p1a: Mewtwo|Mewtwo|100\/100\n|-ability|p1a: Mewtwo|Pressure\n|move|p2a: Groudon|Earthquake|p1a: Mewtwo\n|-crit|p1a: Mewtwo\n|-damage|p1a: Mewtwo|36\/100\n|\n|-weather|Sandstorm|[upkeep]\n|-damage|p1a: Mewtwo|30\/100|[from] Sandstorm\n|upkeep\n|turn|2\n|\n|t:|1611838536\n|switch|p2a: Yveltal|Yveltal|100\/100\n|-ability|p2a: Yveltal|Dark Aura\n|move|p1a: Mewtwo|Recover|p1a: Mewtwo\n|-heal|p1a: Mewtwo|80\/100\n|\n|-weather|Sandstorm|[upkeep]\n|-damage|p1a: Mewtwo|74\/100|[from] Sandstorm\n|-damage|p2a: Yveltal|94\/100|[from] Sandstorm\n|upkeep\n|turn|3\n|\n|t:|1611838567\n|switch|p1a: Ho-Oh|Ho-Oh|100\/100\n|switch|p2a: Groudon|Groudon|100\/100\n|-weather|SunnyDay|[from] ability: Drought|[of] p2a: Groudon\n|\n|-weather|SunnyDay|[upkeep]\n|upkeep\n|turn|4\n|\n|t:|1611838576\n|move|p2a: Groudon|Stone Edge|p1a: Ho-Oh\n|-supereffective|p1a: Ho-Oh\n|-damage|p1a: Ho-Oh|23\/100\n|move|p1a: Ho-Oh|Sacred Fire|p2a: Groudon\n|-crit|p2a: Groudon\n|-damage|p2a: Groudon|47\/100\n|-status|p2a: Groudon|brn\n|-enditem|p2a: Groudon|Lum Berry|[eat]\n|-curestatus|p2a: Groudon|brn|[msg]\n|\n|-weather|SunnyDay|[upkeep]\n|upkeep\n|turn|5\n|\n|t:|1611838588\n|switch|p1a: Mewtwo|Mewtwo|74\/100\n|-ability|p1a: Mewtwo|Pressure\n|move|p2a: Groudon|Stealth Rock|p1a: Mewtwo\n|-sidestart|p1: Forcemew2|move: Stealth Rock\n|\n|-weather|SunnyDay|[upkeep]\n|upkeep\n|turn|6\n|\n|t:|1611838595\n|move|p1a: Mewtwo|Ice Beam|p2a: Groudon\n|-supereffective|p2a: Groudon\n|-damage|p2a: Groudon|0 fnt\n|-damage|p1a: Mewtwo|64\/100|[from] item: Life Orb\n|faint|p2a: Groudon\n|\n|-weather|SunnyDay|[upkeep]\n|upkeep\n|\n|t:|1611838601\n|switch|p2a: Necrozma|Necrozma-Dawn-Wings|100\/100\n|turn|7\n|\n|t:|1611838609\n|switch|p1a: Tyranitar|Tyranitar, F|100\/100\n|-damage|p1a: Tyranitar|88\/100|[from] Stealth Rock\n|-weather|Sandstorm|[from] ability: Sand Stream|[of] p1a: Tyranitar\n|move|p2a: Necrozma|Brick Break|p1a: Tyranitar\n|-supereffective|p1a: Tyranitar\n|-damage|p1a: Tyranitar|34\/100\n|\n|-weather|Sandstorm|[upkeep]\n|-damage|p2a: Necrozma|95\/100|[from] Sandstorm\n|-heal|p1a: Tyranitar|40\/100|[from] item: Leftovers\n|upkeep\n|turn|8\n|\n|t:|1611838626\n|switch|p1a: Ho-Oh|Ho-Oh|57\/100\n|move|p2a: Necrozma|Brick Break|p1a: Ho-Oh\n|-resisted|p1a: Ho-Oh\n|-damage|p1a: Ho-Oh|51\/100\n|\n|-weather|Sandstorm|[upkeep]\n|-damage|p2a: Necrozma|89\/100|[from] Sandstorm\n|-damage|p1a: Ho-Oh|45\/100|[from] Sandstorm\n|upkeep\n|turn|9\n|\n|t:|1611838661\n|move|p2a: Necrozma|Meteor Beam||[still]\n|-prepare|p2a: Necrozma|Meteor Beam\n|-boost|p2a: Necrozma|spa|1\n|-enditem|p2a: Necrozma|Power Herb\n|-anim|p2a: Necrozma|Meteor Beam|p1a: Ho-Oh\n|-supereffective|p1a: Ho-Oh\n|-damage|p1a: Ho-Oh|0 fnt\n|faint|p1a: Ho-Oh\n|\n|-weather|Sandstorm|[upkeep]\n|-damage|p2a: Necrozma|83\/100|[from] Sandstorm\n|upkeep\n|\n|t:|1611838695\n|switch|p1a: Groudon|Groudon|100\/100\n|-damage|p1a: Groudon|94\/100|[from] Stealth Rock\n|-weather|SunnyDay|[from] ability: Drought|[of] p1a: Groudon\n|turn|10\n|inactive|Battle timer is ON: inactive players will automatically lose when time's up. (requested by LolzMachine)\n|\n|t:|1611838698\n|move|p2a: Necrozma|Moongeist Beam|p1a: Groudon\n|-damage|p1a: Groudon|0 fnt\n|faint|p1a: Groudon\n|\n|-weather|SunnyDay|[upkeep]\n|upkeep\n|\n|t:|1611838708\n|switch|p1a: Giratina|Giratina|100\/100\n|-damage|p1a: Giratina|88\/100|[from] Stealth Rock\n|-ability|p1a: Giratina|Pressure\n|turn|11\n|\n|t:|1611838712\n|move|p2a: Necrozma|Moongeist Beam|p1a: Giratina\n|-supereffective|p1a: Giratina\n|-damage|p1a: Giratina|3\/100\n|move|p1a: Giratina|Hex|p2a: Necrozma\n|-supereffective|p2a: Necrozma\n|-damage|p2a: Necrozma|31\/100\n|\n|-weather|SunnyDay|[upkeep]\n|-heal|p1a: Giratina|10\/100|[from] item: Leftovers\n|upkeep\n|turn|12\n|\n|t:|1611838716\n|move|p2a: Necrozma|Moongeist Beam|p1a: Giratina\n|-supereffective|p1a: Giratina\n|-damage|p1a: Giratina|0 fnt\n|faint|p1a: Giratina\n|\n|-weather|SunnyDay|[upkeep]\n|upkeep\n|\n|t:|1611838721\n|switch|p1a: Mewtwo|Mewtwo|64\/100\n|-damage|p1a: Mewtwo|52\/100|[from] Stealth Rock\n|-ability|p1a: Mewtwo|Pressure\n|turn|13\n|\n|t:|1611838729\n|move|p1a: Mewtwo|Thunderbolt|p2a: Necrozma\n|-damage|p2a: Necrozma|0 fnt\n|-damage|p1a: Mewtwo|42\/100|[from] item: Life Orb\n|faint|p2a: Necrozma\n|\n|-weather|SunnyDay|[upkeep]\n|upkeep\n|\n|t:|1611838732\n|switch|p2a: Regieleki|Regieleki|100\/100\n|turn|14\n|\n|t:|1611838737\n|move|p2a: Regieleki|Volt Switch|p1a: Mewtwo\n|-damage|p1a: Mewtwo|0 fnt\n|faint|p1a: Mewtwo\n|\n|t:|1611838744\n|switch|p2a: Kyogre|Kyogre|100\/100|[from]move: Volt Switch\n|-weather|RainDance|[from] ability: Drizzle|[of] p2a: Kyogre\n|\n|-weather|RainDance|[upkeep]\n|upkeep\n|\n|t:|1611838749\n|switch|p1a: Tyranitar|Tyranitar, F|40\/100\n|-damage|p1a: Tyranitar|27\/100|[from] Stealth Rock\n|-weather|Sandstorm|[from] ability: Sand Stream|[of] p1a: Tyranitar\n|turn|15\n|\n|t:|1611838765\n|move|p2a: Kyogre|Water Spout|p1a: Tyranitar\n|-supereffective|p1a: Tyranitar\n|-damage|p1a: Tyranitar|0 fnt\n|faint|p1a: Tyranitar\n|\n|-weather|Sandstorm|[upkeep]\n|-damage|p2a: Kyogre|94\/100|[from] Sandstorm\n|upkeep\n|\n|t:|1611838772\n|switch|p1a: Necrozma|Necrozma-Dusk-Mane|100\/100\n|-damage|p1a: Necrozma|94\/100|[from] Stealth Rock\n|turn|16\n|\n|t:|1611838776\n|move|p2a: Kyogre|Water Spout|p1a: Necrozma\n|-damage|p1a: Necrozma|18\/100\n|move|p1a: Necrozma|Autotomize|p1a: Necrozma\n|-boost|p1a: Necrozma|spe|2\n|-start|p1a: Necrozma|Autotomize\n|\n|-weather|Sandstorm|[upkeep]\n|-damage|p2a: Kyogre|88\/100|[from] Sandstorm\n|upkeep\n|turn|17\n|\n|t:|1611838786\n|move|p1a: Necrozma|Photon Geyser|p2a: Kyogre\n|-damage|p2a: Kyogre|15\/100\n|move|p2a: Kyogre|Water Spout|p1a: Necrozma\n|-crit|p1a: Necrozma\n|-damage|p1a: Necrozma|0 fnt\n|faint|p1a: Necrozma\n|\n|win|LolzMachine\n|raw|Forcemew2's rating: 1623 &rarr; <strong>1598<\/strong><br \/>(-25 for losing)\n|raw|LolzMachine's rating: 1537 &rarr; <strong>1562<\/strong><br \/>(+25 for winning)\n|l|\u2606Forcemew2\n","uploadtime":1611838820,"views":18,"p1id":"forcemew2","p2id":"lolzmachine","formatid":"gen8ubers","rating":1562,"private":0,"password":null}