{"id":"gen8vgc2020-1185556983","p1":"kaitoby08","p2":"bhkg","format":"gen8vgc2020","log":"|j|\u2606kaitoby08\n|j|\u2606bhkg\n|t:|1599899724\n|player|p1|kaitoby08|169|1310\n|player|p2|bhkg|102|1269\n|teamsize|p1|6\n|teamsize|p2|6\n|gametype|doubles\n|gen|8\n|tier|[Gen 8] VGC 2020\n|rated|\n|clearpoke\n|poke|p1|Urshifu-*, L50, M|\n|poke|p1|Riolu, L50, M|\n|poke|p1|Arcanine, L50, F|\n|poke|p1|Comfey, L50, F|\n|poke|p1|Lapras, L50, F|\n|poke|p1|Goodra, L50, F|\n|poke|p2|Flapple, L50, M|\n|poke|p2|Mamoswine, L50, M|\n|poke|p2|Indeedee-F, L50, F|\n|poke|p2|Corviknight, L50, F|\n|poke|p2|Milotic, L50, M|\n|poke|p2|Chandelure, L50, M|\n|rule|Species Clause: Limit one of each Pok\u00e9mon\n|rule|Item Clause: Limit one of each item\n|teampreview|4\n|\n|t:|1599899764\n|start\n|switch|p1a: Nessy|Lapras, L50, F, shiny|48\/48\n|switch|p1b: Ohana|Comfey, L50, F|48\/48\n|switch|p2a: Indeedee|Indeedee-F, L50, F|48\/48\n|switch|p2b: Flapple|Flapple, L50, M|48\/48\n|-fieldstart|move: Psychic Terrain|[from] ability: Psychic Surge|[of] p2a: Indeedee\n|-enditem|p2a: Indeedee|Psychic Seed\n|-boost|p2a: Indeedee|spd|1|[from] item: Psychic Seed\n|turn|1\n|\n|t:|1599899786\n|-start|p2b: Flapple|Dynamax\n|-heal|p2b: Flapple|48\/48|[silent]\n|-start|p1a: Nessy|Dynamax\n|-formechange|p1a: Nessy|Lapras-Gmax\n|-heal|p1a: Nessy|48\/48|[silent]\n|move|p1b: Ohana|Giga Drain|p1a: Nessy\n|-supereffective|p1a: Nessy\n|-damage|p1a: Nessy|41\/48\n|-enditem|p1a: Nessy|Weakness Policy\n|-boost|p1a: Nessy|atk|2|[from] item: Weakness Policy\n|-boost|p1a: Nessy|spa|2|[from] item: Weakness Policy\n|move|p2a: Indeedee|Follow Me|p2a: Indeedee\n|-singleturn|p2a: Indeedee|move: Follow Me\n|move|p2b: Flapple|Max Overgrowth|p1b: Ohana\n|-damage|p1b: Ohana|0 fnt\n|-fieldstart|move: Grassy Terrain\n|-damage|p2b: Flapple|45\/48|[from] item: Life Orb\n|faint|p1b: Ohana\n|move|p1a: Nessy|Max Geyser|p2a: Indeedee\n|-damage|p2a: Indeedee|19\/48\n|-weather|RainDance\n|\n|-weather|RainDance|[upkeep]\n|-heal|p2b: Flapple|47\/48|[from] Grassy Terrain\n|-heal|p2a: Indeedee|22\/48|[from] Grassy Terrain\n|-heal|p1a: Nessy|43\/48|[from] Grassy Terrain\n|upkeep\n|\n|t:|1599899810\n|switch|p1b: Goldie|Goodra, L50, F, shiny|48\/48\n|turn|2\n|\n|t:|1599899823\n|move|p2a: Indeedee|Follow Me|p2a: Indeedee\n|-singleturn|p2a: Indeedee|move: Follow Me\n|move|p2b: Flapple|Max Overgrowth|p1a: Nessy\n|-supereffective|p1a: Nessy\n|-damage|p1a: Nessy|0 fnt\n|-damage|p2b: Flapple|44\/48|[from] item: Life Orb\n|faint|p1a: Nessy\n|move|p1b: Goldie|Breaking Swipe|p2b: Flapple|[spread] p2a,p2b\n|-supereffective|p2b: Flapple\n|-damage|p2a: Indeedee|8\/48\n|-damage|p2b: Flapple|30\/48\n|-unboost|p2a: Indeedee|atk|1\n|-unboost|p2b: Flapple|atk|1\n|\n|-weather|RainDance|[upkeep]\n|-heal|p2b: Flapple|32\/48|[from] Grassy Terrain\n|-heal|p2a: Indeedee|11\/48|[from] Grassy Terrain\n|upkeep\n|\n|t:|1599899837\n|switch|p1a: MollyStar|Arcanine, L50, F|48\/48\n|-ability|p1a: MollyStar|Intimidate|boost\n|-unboost|p2a: Indeedee|atk|1\n|-unboost|p2b: Flapple|atk|1\n|turn|3\n|\n|t:|1599899844\n|move|p2a: Indeedee|Follow Me|p2a: Indeedee\n|-singleturn|p2a: Indeedee|move: Follow Me\n|move|p1a: MollyStar|Snarl|p2b: Flapple|[spread] p2a,p2b\n|-supereffective|p2a: Indeedee\n|-damage|p2a: Indeedee|5\/48\n|-damage|p2b: Flapple|26\/48\n|-unboost|p2a: Indeedee|spa|1\n|-unboost|p2b: Flapple|spa|1\n|move|p2b: Flapple|Max Wyrmwind|p1b: Goldie\n|-supereffective|p1b: Goldie\n|-damage|p1b: Goldie|0 fnt\n|-unboost|p1a: MollyStar|atk|1\n|-damage|p2b: Flapple|24\/48g|[from] item: Life Orb\n|faint|p1b: Goldie\n|\n|-weather|RainDance|[upkeep]\n|-heal|p2b: Flapple|26\/48|[from] Grassy Terrain\n|-heal|p2a: Indeedee|8\/48|[from] Grassy Terrain\n|-end|p2b: Flapple|Dynamax\n|-heal|p2b: Flapple|26\/48|[silent]\n|upkeep\n|turn|4\n|\n|t:|1599899867\n|move|p1a: MollyStar|Heat Wave|p2a: Indeedee|[spread] p2a,p2b\n|-damage|p2a: Indeedee|5\/48\n|-damage|p2b: Flapple|14\/48\n|move|p2b: Flapple|Outrage|p1a: MollyStar|[miss]\n|-miss|p2b: Flapple|p1a: MollyStar\n|move|p2a: Indeedee|Expanding Force|p1a: MollyStar\n|-damage|p1a: MollyStar|37\/48\n|\n|-weather|RainDance|[upkeep]\n|-heal|p1a: MollyStar|40\/48|[from] Grassy Terrain\n|-heal|p2b: Flapple|17\/48|[from] Grassy Terrain\n|-heal|p2a: Indeedee|8\/48|[from] Grassy Terrain\n|upkeep\n|turn|5\n|\n|t:|1599899885\n|move|p1a: MollyStar|Heat Wave|p2b: Flapple|[spread] p2a,p2b\n|-damage|p2a: Indeedee|5\/48\n|-damage|p2b: Flapple|3\/48\n|move|p2b: Flapple|Outrage|p1a: MollyStar\n|-damage|p1a: MollyStar|8\/48\n|-enditem|p1a: MollyStar|Sitrus Berry|[eat]\n|-heal|p1a: MollyStar|20\/48|[from] item: Sitrus Berry\n|-damage|p2b: Flapple|0 fnt|[from] item: Life Orb\n|faint|p2b: Flapple\n|move|p2a: Indeedee|Expanding Force|p1a: MollyStar\n|-damage|p1a: MollyStar|9\/48\n|\n|-weather|none\n|-heal|p1a: MollyStar|12\/48|[from] Grassy Terrain\n|-heal|p2a: Indeedee|8\/48|[from] Grassy Terrain\n|-fieldend|move: Grassy Terrain\n|upkeep\n|\n|t:|1599899898\n|switch|p2b: Milotic|Milotic, L50, M|48\/48\n|turn|6\n|\n|t:|1599899903\n|move|p1a: MollyStar|Snarl|p2b: Milotic|[spread] p2a,p2b\n|-supereffective|p2a: Indeedee\n|-damage|p2a: Indeedee|2\/48\n|-damage|p2b: Milotic|45\/48\n|-unboost|p2a: Indeedee|spa|1\n|-unboost|p2b: Milotic|spa|1\n|-ability|p2b: Milotic|Competitive\n|-boost|p2b: Milotic|spa|2\n|move|p2b: Milotic|Muddy Water|p1a: MollyStar\n|-supereffective|p1a: MollyStar\n|-damage|p1a: MollyStar|0 fnt\n|faint|p1a: MollyStar\n|\n|win|bhkg\n|raw|kaitoby08's rating: 1310 &rarr; <strong>1288<\/strong><br \/>(-22 for losing)\n|raw|bhkg's rating: 1269 &rarr; <strong>1297<\/strong><br \/>(+28 for winning)\n|l|\u2606kaitoby08\n|j|\u2606kaitoby08\n|player|p1|kaitoby08|169\n","uploadtime":1599900798,"views":17,"p1id":"kaitoby08","p2id":"bhkg","formatid":"gen8vgc2020","rating":1288,"private":0,"password":null}