{"id":"gen8nationaldex-1100847347","p1":"cold.exe","p2":"Gold4days","format":"gen8nationaldex","log":"|j|\u2606cold.exe\n|j|\u2606Gold4days\n|player|p1|cold.exe|red|1255\n|player|p2|Gold4days|ethan|1159\n|teamsize|p1|6\n|teamsize|p2|6\n|gametype|singles\n|gen|8\n|tier|[Gen 8] National Dex\n|rated|\n|html|<div class=\"broadcast-red\"><strong>National Dex is currently suspecting Mega Blastoise! For information on how to participate check out the <a href=\"https:\/\/www.smogon.com\/forums\/threads\/3662033\/\">suspect thread<\/a>.<\/strong><\/div>\n|clearpoke\n|poke|p1|Breloom, M|\n|poke|p1|Mandibuzz, F|\n|poke|p1|Sylveon, M|\n|poke|p1|Gyarados, M|\n|poke|p1|Cloyster, F|\n|poke|p1|Volcarona, F|\n|poke|p2|Greninja, M|\n|poke|p2|Charizard, M|\n|poke|p2|Kartana|\n|poke|p2|Tapu Koko|\n|poke|p2|Darmanitan-Galar, M|\n|poke|p2|Dragapult, M|\n|rule|HP Percentage Mod: HP is shown in percentages\n|rule|Endless Battle Clause: Forcing endless battles is banned\n|rule|OHKO Clause: OHKO moves are banned\n|rule|Evasion Moves Clause: Evasion moves are banned\n|rule|Species Clause: Limit one of each Pok\u00e9mon\n|rule|Dynamax Clause: You cannot dynamax\n|rule|Sleep Clause Mod: Limit one foe put to sleep\n|teampreview\n|inactive|Battle timer is ON: inactive players will automatically lose when time's up. (requested by Gold4days)\n|\n|start\n|switch|p1a: Breloom|Breloom, M, shiny|100\/100\n|switch|p2a: Greninja|Greninja, M|100\/100\n|turn|1\n|\n|switch|p2a: Dragapult|Dragapult, M|100\/100\n|move|p1a: Breloom|Mach Punch|p2a: Dragapult\n|-immune|p2a: Dragapult\n|\n|-status|p1a: Breloom|tox|[from] item: Toxic Orb\n|upkeep\n|turn|2\n|\n|move|p2a: Dragapult|Flamethrower|p1a: Breloom\n|-supereffective|p1a: Breloom\n|-damage|p1a: Breloom|0 fnt\n|-damage|p2a: Dragapult|91\/100|[from] item: Life Orb\n|faint|p1a: Breloom\n|\n|upkeep\n|\n|switch|p1a: Volcarona|Volcarona, F|100\/100\n|turn|3\n|\n|move|p2a: Dragapult|Shadow Ball|p1a: Volcarona\n|-crit|p1a: Volcarona\n|-damage|p1a: Volcarona|32\/100\n|-damage|p2a: Dragapult|81\/100|[from] item: Life Orb\n|move|p1a: Volcarona|Quiver Dance|p1a: Volcarona\n|-boost|p1a: Volcarona|spa|1\n|-boost|p1a: Volcarona|spd|1\n|-boost|p1a: Volcarona|spe|1\n|\n|upkeep\n|turn|4\n|\n|move|p1a: Volcarona|Bug Buzz|p2a: Dragapult\n|-resisted|p2a: Dragapult\n|-damage|p2a: Dragapult|34\/100\n|move|p2a: Dragapult|Shadow Ball|p1a: Volcarona\n|-damage|p1a: Volcarona|0 fnt\n|-damage|p2a: Dragapult|25\/100|[from] item: Life Orb\n|faint|p1a: Volcarona\n|\n|upkeep\n|\n|switch|p1a: Cloyster|Cloyster, F, shiny|100\/100\n|turn|5\n|\n|move|p1a: Cloyster|Ice Shard|p2a: Dragapult\n|-supereffective|p2a: Dragapult\n|-damage|p2a: Dragapult|0 fnt\n|faint|p2a: Dragapult\n|\n|upkeep\n|\n|switch|p2a: Kartana|Kartana|100\/100\n|turn|6\n|\n|move|p2a: Kartana|Leaf Blade|p1a: Cloyster\n|-supereffective|p1a: Cloyster\n|-damage|p1a: Cloyster|0 fnt\n|faint|p1a: Cloyster\n|-ability|p2a: Kartana|Beast Boost|boost\n|-boost|p2a: Kartana|atk|1\n|\n|upkeep\n|\n|switch|p1a: Gyarados|Gyarados, M, shiny|100\/100\n|-ability|p1a: Gyarados|Intimidate|boost\n|-unboost|p2a: Kartana|atk|1\n|turn|7\n|\n|move|p2a: Kartana|Leaf Blade|p1a: Gyarados\n|-damage|p1a: Gyarados|19\/100\n|move|p1a: Gyarados|Dragon Dance|p1a: Gyarados\n|-boost|p1a: Gyarados|atk|1\n|-boost|p1a: Gyarados|spe|1\n|\n|upkeep\n|turn|8\n|-message|cold.exe forfeited.\n|\n|win|Gold4days\n|l|\u2606cold.exe\n","uploadtime":1587496867,"views":2,"p1id":"coldexe","p2id":"gold4days","formatid":"gen8nationaldex","rating":0,"private":0,"password":null}