{"id":"gen8zu-1505009668","p1":"Ivyon","p2":"Chile Con Carnage","format":"gen8zu","log":"|j|\u2606Ivyon\n|j|\u2606Chile Con Carnage\n|t:|1644084984\n|gametype|singles\n|player|p1|Ivyon|blue|1151\n|player|p2|Chile Con Carnage|waiter-gen4dp|1110\n|teamsize|p1|6\n|teamsize|p2|6\n|gen|8\n|tier|[Gen 8] ZU\n|rated|\n|rule|Sleep Clause Mod: Limit one foe put to sleep\n|rule|Species Clause: Limit one of each Pok\u00e9mon\n|rule|OHKO Clause: OHKO moves are banned\n|rule|Evasion Moves Clause: Evasion moves are banned\n|rule|Endless Battle Clause: Forcing endless battles is banned\n|rule|HP Percentage Mod: HP is shown in percentages\n|rule|Dynamax Clause: You cannot dynamax\n|clearpoke\n|poke|p1|Pyukumuku, M|\n|poke|p1|Rotom-Fan|\n|poke|p1|Lurantis, F|\n|poke|p1|Lycanroc-Midnight, M|\n|poke|p1|Malamar, M|\n|poke|p1|Rapidash, F|\n|poke|p2|Cinccino, M|\n|poke|p2|Skuntank, M|\n|poke|p2|Grapploct, M|\n|poke|p2|Raboot, F|\n|poke|p2|Orbeetle, M|\n|poke|p2|Stunfisk-Galar, F|\n|teampreview\n|\n|t:|1644084995\n|start\n|switch|p1a: Lycanroc|Lycanroc-Midnight, M, shiny|100\/100\n|switch|p2a: Cinccino|Cinccino, M|100\/100\n|turn|1\n|\n|t:|1644085006\n|switch|p1a: Lurantis|Lurantis, F|100\/100\n|move|p2a: Cinccino|Bullet Seed|p1a: Lurantis\n|-resisted|p1a: Lurantis\n|-damage|p1a: Lurantis|96\/100\n|-resisted|p1a: Lurantis\n|-damage|p1a: Lurantis|91\/100\n|-resisted|p1a: Lurantis\n|-damage|p1a: Lurantis|86\/100\n|-resisted|p1a: Lurantis\n|-damage|p1a: Lurantis|81\/100\n|-resisted|p1a: Lurantis\n|-damage|p1a: Lurantis|76\/100\n|-hitcount|p1a: Lurantis|5\n|-damage|p2a: Cinccino|91\/100|[from] item: Life Orb\n|\n|upkeep\n|turn|2\n|\n|t:|1644085013\n|move|p2a: Cinccino|Tail Slap|p1a: Lurantis\n|-damage|p1a: Lurantis|61\/100\n|-damage|p1a: Lurantis|47\/100\n|-crit|p1a: Lurantis\n|-damage|p1a: Lurantis|24\/100\n|-damage|p1a: Lurantis|10\/100\n|-damage|p1a: Lurantis|0 fnt\n|faint|p1a: Lurantis\n|-hitcount|p1: Lurantis|5\n|-damage|p2a: Cinccino|81\/100|[from] item: Life Orb\n|\n|upkeep\n|\n|t:|1644085018\n|switch|p1a: Malamar|Malamar, M|100\/100\n|turn|3\n|\n|t:|1644085024\n|move|p2a: Cinccino|Tail Slap|p1a: Malamar|[miss]\n|-miss|p2a: Cinccino|p1a: Malamar\n|move|p1a: Malamar|Superpower|p2a: Cinccino\n|-supereffective|p2a: Cinccino\n|-damage|p2a: Cinccino|0 fnt\n|-boost|p1a: Malamar|atk|1\n|-boost|p1a: Malamar|def|1\n|faint|p2a: Cinccino\n|\n|upkeep\n|\n|t:|1644085027\n|switch|p2a: Orbeetle|Orbeetle, M|100\/100\n|turn|4\n|\n|t:|1644085034\n|switch|p1a: Rapidash|Rapidash, F, shiny|100\/100\n|move|p2a: Orbeetle|Bug Buzz|p1a: Rapidash\n|-resisted|p1a: Rapidash\n|-damage|p1a: Rapidash|73\/100\n|\n|upkeep\n|turn|5\n|\n|t:|1644085040\n|switch|p2a: Stunfisk|Stunfisk-Galar, F|100\/100\n|move|p1a: Rapidash|Swords Dance|p1a: Rapidash\n|-boost|p1a: Rapidash|atk|2\n|\n|upkeep\n|turn|6\n|\n|t:|1644085046\n|move|p1a: Rapidash|Flare Blitz|p2a: Stunfisk\n|-supereffective|p2a: Stunfisk\n|-damage|p2a: Stunfisk|0 fnt\n|faint|p2a: Stunfisk\n|-damage|p1a: Rapidash|22\/100|[from] Recoil\n|\n|upkeep\n|\n|t:|1644085059\n|switch|p2a: Grapploct|Grapploct, M|100\/100\n|turn|7\n|\n|t:|1644085065\n|switch|p1a: Rotom|Rotom-Fan, shiny|100\/100\n|move|p2a: Grapploct|Brutal Swing|p1a: Rotom\n|-damage|p1a: Rotom|80\/100\n|-damage|p2a: Grapploct|84\/100|[from] item: Rocky Helmet|[of] p1a: Rotom\n|\n|-heal|p2a: Grapploct|90\/100|[from] item: Leftovers\n|upkeep\n|turn|8\n|\n|t:|1644085074\n|switch|p2a: Skuntank|Skuntank, M|100\/100\n|move|p1a: Rotom|Air Slash|p2a: Skuntank\n|-damage|p2a: Skuntank|64\/100\n|\n|-heal|p2a: Skuntank|70\/100|[from] item: Black Sludge\n|upkeep\n|turn|9\n|\n|t:|1644085081\n|move|p2a: Skuntank|Dark Pulse|p1a: Rotom\n|-damage|p1a: Rotom|50\/100\n|cant|p1a: Rotom|flinch\n|\n|-heal|p2a: Skuntank|77\/100|[from] item: Black Sludge\n|upkeep\n|turn|10\n|\n|t:|1644085088\n|move|p2a: Skuntank|Dark Pulse|p1a: Rotom\n|-damage|p1a: Rotom|16\/100\n|move|p1a: Rotom|Pain Split|p2a: Skuntank\n|-sethp|p2a: Skuntank|44\/100|[from] move: Pain Split|[silent]\n|-sethp|p1a: Rotom|58\/100|[from] move: Pain Split\n|\n|-heal|p2a: Skuntank|50\/100|[from] item: Black Sludge\n|upkeep\n|turn|11\n|\n|t:|1644085095\n|switch|p1a: Pyukumuku|Pyukumuku, M|100\/100\n|move|p2a: Skuntank|Dark Pulse|p1a: Pyukumuku\n|-damage|p1a: Pyukumuku|79\/100\n|\n|-heal|p2a: Skuntank|57\/100|[from] item: Black Sludge\n|-heal|p1a: Pyukumuku|85\/100|[from] item: Leftovers\n|upkeep\n|turn|12\n|\n|t:|1644085103\n|move|p2a: Skuntank|Taunt|p1a: Pyukumuku\n|-start|p1a: Pyukumuku|move: Taunt\n|cant|p1a: Pyukumuku|move: Taunt|Block\n|\n|-heal|p2a: Skuntank|63\/100|[from] item: Black Sludge\n|-heal|p1a: Pyukumuku|91\/100|[from] item: Leftovers\n|upkeep\n|turn|13\n|\n|t:|1644085109\n|move|p2a: Skuntank|Dark Pulse|p1a: Pyukumuku\n|-damage|p1a: Pyukumuku|69\/100\n|move|p1a: Pyukumuku|Mirror Coat|p2a: Skuntank\n|-immune|p2a: Skuntank\n|\n|-heal|p2a: Skuntank|69\/100|[from] item: Black Sludge\n|-heal|p1a: Pyukumuku|75\/100|[from] item: Leftovers\n|upkeep\n|turn|14\n|\n|t:|1644085141\n|switch|p1a: Rapidash|Rapidash, F, shiny|22\/100\n|move|p2a: Skuntank|Dark Pulse|p1a: Rapidash\n|-damage|p1a: Rapidash|0 fnt\n|faint|p1a: Rapidash\n|\n|-heal|p2a: Skuntank|75\/100|[from] item: Black Sludge\n|upkeep\n|\n|t:|1644085150\n|switch|p1a: Malamar|Malamar, M|100\/100\n|turn|15\n|\n|t:|1644085159\n|switch|p2a: Orbeetle|Orbeetle, M|100\/100\n|move|p1a: Malamar|Rock Slide|p2a: Orbeetle\n|-supereffective|p2a: Orbeetle\n|-damage|p2a: Orbeetle|58\/100\n|-enditem|p2a: Orbeetle|Weakness Policy\n|-boost|p2a: Orbeetle|atk|2|[from] item: Weakness Policy\n|-boost|p2a: Orbeetle|spa|2|[from] item: Weakness Policy\n|\n|upkeep\n|turn|16\n|\n|t:|1644085172\n|switch|p1a: Rotom|Rotom-Fan, shiny|58\/100\n|move|p2a: Orbeetle|Bug Buzz|p1a: Rotom\n|-resisted|p1a: Rotom\n|-damage|p1a: Rotom|17\/100\n|\n|upkeep\n|turn|17\n|\n|t:|1644085179\n|move|p2a: Orbeetle|Bug Buzz|p1a: Rotom\n|-resisted|p1a: Rotom\n|-damage|p1a: Rotom|0 fnt\n|faint|p1a: Rotom\n|\n|upkeep\n|\n|t:|1644085182\n|switch|p1a: Lycanroc|Lycanroc-Midnight, M, shiny|100\/100\n|turn|18\n|\n|t:|1644085189\n|move|p1a: Lycanroc|Stone Edge|p2a: Orbeetle\n|-supereffective|p2a: Orbeetle\n|-crit|p2a: Orbeetle\n|-damage|p2a: Orbeetle|0 fnt\n|faint|p2a: Orbeetle\n|\n|upkeep\n|\n|t:|1644085207\n|switch|p2a: Raboot|Raboot, F|100\/100\n|turn|19\n|\n|t:|1644085217\n|move|p2a: Raboot|U-turn|p1a: Lycanroc\n|-start|p2a: Raboot|typechange|Bug|[from] ability: Libero\n|-damage|p1a: Lycanroc|56\/100\n|\n|t:|1644085221\n|switch|p2a: Grapploct|Grapploct, M|90\/100|[from]move: U-turn\n|move|p1a: Lycanroc|Stone Edge|p2a: Grapploct\n|-resisted|p2a: Grapploct\n|-damage|p2a: Grapploct|69\/100\n|\n|-heal|p2a: Grapploct|75\/100|[from] item: Leftovers\n|upkeep\n|turn|20\n|\n|t:|1644085231\n|switch|p1a: Pyukumuku|Pyukumuku, M|75\/100\n|move|p2a: Grapploct|Drain Punch|p1a: Pyukumuku\n|-damage|p1a: Pyukumuku|45\/100\n|-heal|p2a: Grapploct|88\/100|[from] drain|[of] p1a: Pyukumuku\n|\n|-heal|p2a: Grapploct|94\/100|[from] item: Leftovers\n|-heal|p1a: Pyukumuku|51\/100|[from] item: Leftovers\n|upkeep\n|turn|21\n|\n|t:|1644085238\n|switch|p2a: Skuntank|Skuntank, M|75\/100\n|move|p1a: Pyukumuku|Recover|p1a: Pyukumuku\n|-heal|p1a: Pyukumuku|100\/100\n|\n|-heal|p2a: Skuntank|82\/100|[from] item: Black Sludge\n|upkeep\n|turn|22\n|\n|t:|1644085246\n|switch|p1a: Lycanroc|Lycanroc-Midnight, M, shiny|56\/100\n|move|p2a: Skuntank|Dark Pulse|p1a: Lycanroc\n|-damage|p1a: Lycanroc|15\/100\n|\n|-heal|p2a: Skuntank|88\/100|[from] item: Black Sludge\n|upkeep\n|turn|23\n|\n|t:|1644085253\n|switch|p2a: Grapploct|Grapploct, M|94\/100\n|move|p1a: Lycanroc|Endeavor|p2a: Grapploct\n|-damage|p2a: Grapploct|13\/100\n|\n|-heal|p2a: Grapploct|19\/100|[from] item: Leftovers\n|upkeep\n|turn|24\n|\n|t:|1644085260\n|move|p1a: Lycanroc|Swords Dance|p1a: Lycanroc\n|-boost|p1a: Lycanroc|atk|2\n|move|p2a: Grapploct|Drain Punch|p1a: Lycanroc\n|-supereffective|p1a: Lycanroc\n|-damage|p1a: Lycanroc|0 fnt\n|-heal|p2a: Grapploct|25\/100|[from] drain|[of] p1a: Lycanroc\n|faint|p1a: Lycanroc\n|\n|-heal|p2a: Grapploct|31\/100|[from] item: Leftovers\n|upkeep\n|\n|t:|1644085263\n|switch|p1a: Malamar|Malamar, M|100\/100\n|turn|25\n|\n|t:|1644085269\n|move|p1a: Malamar|Superpower|p2a: Grapploct\n|-damage|p2a: Grapploct|0 fnt\n|-boost|p1a: Malamar|atk|1\n|-boost|p1a: Malamar|def|1\n|faint|p2a: Grapploct\n|\n|upkeep\n|\n|t:|1644085272\n|switch|p2a: Raboot|Raboot, F|100\/100\n|turn|26\n|\n|t:|1644085288\n|move|p2a: Raboot|U-turn|p1a: Malamar\n|-start|p2a: Raboot|typechange|Bug|[from] ability: Libero\n|-supereffective|p1a: Malamar\n|-damage|p1a: Malamar|24\/100\n|\n|t:|1644085292\n|switch|p2a: Skuntank|Skuntank, M|88\/100|[from]move: U-turn\n|move|p1a: Malamar|Superpower|p2a: Skuntank\n|-damage|p2a: Skuntank|18\/100\n|-boost|p1a: Malamar|atk|1\n|-boost|p1a: Malamar|def|1\n|\n|-heal|p2a: Skuntank|25\/100|[from] item: Black Sludge\n|upkeep\n|turn|27\n|\n|t:|1644085300\n|move|p2a: Skuntank|Dark Pulse|p1a: Malamar\n|-damage|p1a: Malamar|2\/100\n|move|p1a: Malamar|Superpower|p2a: Skuntank\n|-damage|p2a: Skuntank|0 fnt\n|-boost|p1a: Malamar|atk|1\n|-boost|p1a: Malamar|def|1\n|-damage|p1a: Malamar|0 fnt|[from] ability: Aftermath|[of] p2a: Skuntank\n|faint|p2a: Skuntank\n|faint|p1a: Malamar\n|\n|upkeep\n|-message|Chile Con Carnage forfeited.\n|\n|win|Ivyon\n|raw|Ivyon's rating: 1151 &rarr; <strong>1173<\/strong><br \/>(+22 for winning)\n|raw|Chile Con Carnage's rating: 1110 &rarr; <strong>1088<\/strong><br \/>(-22 for losing)\n|l|\u2606Chile Con Carnage\n","uploadtime":1644085330,"views":8,"p1id":"ivyon","p2id":"chileconcarnage","formatid":"gen8zu","rating":1088,"private":0,"password":null}