{"id":"gen8ou-1591892471","p1":"FkboiTaubogaFrisur","p2":"andrewm0n","format":"gen8ou","log":"|j|\u2606FkboiTaubogaFrisur\n|j|\u2606andrewm0n\n|t:|1654699844\n|gametype|singles\n|player|p1|FkboiTaubogaFrisur|richboy|1678\n|player|p2|andrewm0n|swimmerf|1709\n|teamsize|p1|6\n|teamsize|p2|6\n|gen|8\n|tier|[Gen 8] OU\n|rated|\n|rule|Sleep Clause Mod: Limit one foe put to sleep\n|rule|Species Clause: Limit one of each Pok\u00e9mon\n|rule|OHKO Clause: OHKO moves are banned\n|rule|Evasion Moves Clause: Evasion moves are banned\n|rule|Endless Battle Clause: Forcing endless battles is banned\n|rule|HP Percentage Mod: HP is shown in percentages\n|rule|Dynamax Clause: You cannot dynamax\n|clearpoke\n|poke|p1|Vanilluxe, F|\n|poke|p1|Arctozolt|\n|poke|p1|Slowbro, F|\n|poke|p1|Victini|\n|poke|p1|Swampert, M|\n|poke|p1|Mandibuzz, F|\n|poke|p2|Blaziken, M|\n|poke|p2|Clefable, F|\n|poke|p2|Slowbro-Galar, M|\n|poke|p2|Corviknight, M|\n|poke|p2|Seismitoad, M|\n|poke|p2|Alakazam, M|\n|teampreview\n|inactive|Battle timer is ON: inactive players will automatically lose when time's up. (requested by FkboiTaubogaFrisur)\n|\n|t:|1654699862\n|start\n|switch|p1a: Swampert|Swampert, M|100\/100\n|switch|p2a: Alakazam|Alakazam, M|100\/100\n|turn|1\n|\n|t:|1654699869\n|switch|p2a: Seismitoad|Seismitoad, M|100\/100\n|move|p1a: Swampert|Flip Turn|p2a: Seismitoad\n|-immune|p2a: Seismitoad|[from] ability: Water Absorb\n|\n|upkeep\n|turn|2\n|\n|t:|1654699880\n|switch|p1a: Mandibuzz|Mandibuzz, F|100\/100\n|move|p2a: Seismitoad|Stealth Rock|p1a: Mandibuzz\n|-sidestart|p1: FkboiTaubogaFrisur|move: Stealth Rock\n|\n|upkeep\n|turn|3\n|\n|t:|1654699884\n|move|p1a: Mandibuzz|Defog|p2a: Seismitoad\n|-unboost|p2a: Seismitoad|evasion|1\n|-sideend|p1: FkboiTaubogaFrisur|Stealth Rock|[from] move: Defog|[of] p1a: Mandibuzz\n|move|p2a: Seismitoad|Toxic|p1a: Mandibuzz\n|-status|p1a: Mandibuzz|tox\n|\n|-damage|p1a: Mandibuzz|94\/100 tox|[from] psn\n|upkeep\n|turn|4\n|\n|t:|1654699890\n|switch|p1a: Vanilluxe|Vanilluxe, F|100\/100\n|-weather|Hail|[from] ability: Snow Warning|[of] p1a: Vanilluxe\n|move|p2a: Seismitoad|Stealth Rock|p1a: Vanilluxe\n|-sidestart|p1: FkboiTaubogaFrisur|move: Stealth Rock\n|\n|-weather|Hail|[upkeep]\n|-damage|p2a: Seismitoad|94\/100|[from] Hail\n|-heal|p2a: Seismitoad|100\/100|[from] item: Leftovers\n|upkeep\n|turn|5\n|\n|t:|1654699895\n|switch|p2a: Slowbro|Slowbro-Galar, M|100\/100\n|move|p1a: Vanilluxe|Water Pulse|p2a: Slowbro\n|-damage|p2a: Slowbro|79\/100\n|\n|-weather|Hail|[upkeep]\n|-damage|p2a: Slowbro|73\/100|[from] Hail\n|upkeep\n|turn|6\n|\n|t:|1654699901\n|switch|p1a: Swampert|Swampert, M|100\/100\n|-damage|p1a: Swampert|94\/100|[from] Stealth Rock\n|move|p2a: Slowbro|Flamethrower|p1a: Swampert\n|-resisted|p1a: Swampert\n|-damage|p1a: Swampert|87\/100\n|-status|p1a: Swampert|brn\n|\n|-weather|Hail|[upkeep]\n|-damage|p1a: Swampert|81\/100 brn|[from] Hail\n|-damage|p2a: Slowbro|67\/100|[from] Hail\n|-heal|p1a: Swampert|87\/100 brn|[from] item: Leftovers\n|-damage|p1a: Swampert|81\/100 brn|[from] brn\n|upkeep\n|turn|7\n|\n|t:|1654699911\n|switch|p2a: Seismitoad|Seismitoad, M|100\/100\n|move|p1a: Swampert|Toxic|p2a: Seismitoad\n|-status|p2a: Seismitoad|tox\n|\n|-weather|Hail|[upkeep]\n|-damage|p2a: Seismitoad|94\/100 tox|[from] Hail\n|-damage|p1a: Swampert|75\/100 brn|[from] Hail\n|-heal|p2a: Seismitoad|100\/100 tox|[from] item: Leftovers\n|-heal|p1a: Swampert|81\/100 brn|[from] item: Leftovers\n|-damage|p2a: Seismitoad|94\/100 tox|[from] psn\n|-damage|p1a: Swampert|75\/100 brn|[from] brn\n|upkeep\n|turn|8\n|\n|t:|1654699916\n|switch|p1a: Mandibuzz|Mandibuzz, F|94\/100 tox\n|move|p2a: Seismitoad|Knock Off|p1a: Mandibuzz\n|-resisted|p1a: Mandibuzz\n|-damage|p1a: Mandibuzz|88\/100 tox\n|-enditem|p1a: Mandibuzz|Heavy-Duty Boots|[from] move: Knock Off|[of] p2a: Seismitoad\n|\n|-weather|none\n|-heal|p2a: Seismitoad|100\/100 tox|[from] item: Leftovers\n|-damage|p1a: Mandibuzz|82\/100 tox|[from] psn\n|-damage|p2a: Seismitoad|88\/100 tox|[from] psn\n|upkeep\n|turn|9\n|\n|t:|1654699923\n|switch|p2a: Corviknight|Corviknight, M|100\/100\n|-ability|p2a: Corviknight|Pressure\n|move|p1a: Mandibuzz|Defog|p2a: Corviknight\n|-unboost|p2a: Corviknight|evasion|1\n|-sideend|p1: FkboiTaubogaFrisur|Stealth Rock|[from] move: Defog|[of] p1a: Mandibuzz\n|\n|-damage|p1a: Mandibuzz|70\/100 tox|[from] psn\n|upkeep\n|turn|10\n|\n|t:|1654699927\n|switch|p1a: Slowbro|Slowbro, F|100\/100\n|move|p2a: Corviknight|U-turn|p1a: Slowbro\n|-supereffective|p1a: Slowbro\n|-damage|p1a: Slowbro|84\/100\n|-damage|p2a: Corviknight|84\/100|[from] item: Rocky Helmet|[of] p1a: Slowbro\n|\n|t:|1654699932\n|switch|p2a: Alakazam|Alakazam, M|100\/100|[from]move: U-turn\n|\n|upkeep\n|turn|11\n|\n|t:|1654699938\n|switch|p1a: Swampert|Swampert, M|75\/100 brn\n|move|p2a: Alakazam|Nasty Plot|p2a: Alakazam\n|-boost|p2a: Alakazam|spa|2\n|\n|-heal|p1a: Swampert|81\/100 brn|[from] item: Leftovers\n|-damage|p1a: Swampert|75\/100 brn|[from] brn\n|upkeep\n|turn|12\n|\n|t:|1654699944\n|move|p2a: Alakazam|Psyshock|p1a: Swampert\n|-damage|p1a: Swampert|0 fnt\n|faint|p1a: Swampert\n|\n|upkeep\n|\n|t:|1654699955\n|switch|p1a: Victini|Victini|100\/100\n|turn|13\n|\n|t:|1654699963\n|move|p1a: Victini|V-create|p2a: Alakazam\n|-damage|p2a: Alakazam|0 fnt\n|-unboost|p1a: Victini|spe|1\n|-unboost|p1a: Victini|def|1\n|-unboost|p1a: Victini|spd|1\n|faint|p2a: Alakazam\n|\n|upkeep\n|\n|t:|1654699971\n|switch|p2a: Seismitoad|Seismitoad, M|88\/100 tox\n|turn|14\n|\n|t:|1654699979\n|switch|p1a: Vanilluxe|Vanilluxe, F|100\/100\n|-weather|Hail|[from] ability: Snow Warning|[of] p1a: Vanilluxe\n|move|p2a: Seismitoad|Stealth Rock|p1a: Vanilluxe\n|-sidestart|p1: FkboiTaubogaFrisur|move: Stealth Rock\n|\n|-weather|Hail|[upkeep]\n|-damage|p2a: Seismitoad|82\/100 tox|[from] Hail\n|-heal|p2a: Seismitoad|88\/100 tox|[from] item: Leftovers\n|-damage|p2a: Seismitoad|82\/100 tox|[from] psn\n|upkeep\n|turn|15\n|inactive|FkboiTaubogaFrisur has 120 seconds left.\n|\n|t:|1654700013\n|switch|p2a: Slowbro|Slowbro-Galar, M|100\/100\n|move|p1a: Vanilluxe|Blizzard|p2a: Slowbro\n|-damage|p2a: Slowbro|38\/100\n|\n|-weather|Hail|[upkeep]\n|-damage|p2a: Slowbro|32\/100|[from] Hail\n|upkeep\n|turn|16\n|\n|t:|1654700017\n|move|p1a: Vanilluxe|Blizzard|p2a: Slowbro\n|-damage|p2a: Slowbro|0 fnt\n|faint|p2a: Slowbro\n|\n|-weather|Hail|[upkeep]\n|upkeep\n|\n|t:|1654700021\n|switch|p2a: Blaziken|Blaziken, M|100\/100\n|turn|17\n|\n|t:|1654700027\n|move|p2a: Blaziken|Swords Dance|p2a: Blaziken\n|-boost|p2a: Blaziken|atk|2\n|move|p1a: Vanilluxe|Blizzard|p2a: Blaziken\n|-resisted|p2a: Blaziken\n|-damage|p2a: Blaziken|35\/100\n|\n|-weather|Hail|[upkeep]\n|-damage|p2a: Blaziken|29\/100|[from] Hail\n|-heal|p2a: Blaziken|35\/100|[from] item: Leftovers\n|-ability|p2a: Blaziken|Speed Boost|boost\n|-boost|p2a: Blaziken|spe|1\n|upkeep\n|turn|18\n|\n|t:|1654700038\n|switch|p1a: Mandibuzz|Mandibuzz, F|70\/100 tox\n|-damage|p1a: Mandibuzz|45\/100 tox|[from] Stealth Rock\n|move|p2a: Blaziken|Close Combat|p1a: Mandibuzz\n|-crit|p1a: Mandibuzz\n|-damage|p1a: Mandibuzz|0 fnt\n|-unboost|p2a: Blaziken|def|1\n|-unboost|p2a: Blaziken|spd|1\n|faint|p1a: Mandibuzz\n|\n|-weather|none\n|-heal|p2a: Blaziken|41\/100|[from] item: Leftovers\n|-ability|p2a: Blaziken|Speed Boost|boost\n|-boost|p2a: Blaziken|spe|1\n|upkeep\n|\n|t:|1654700040\n|switch|p1a: Slowbro|Slowbro, F|100\/100\n|-damage|p1a: Slowbro|88\/100|[from] Stealth Rock\n|turn|19\n|\n|t:|1654700044\n|switch|p2a: Seismitoad|Seismitoad, M|82\/100 tox\n|move|p1a: Slowbro|Scald|p2a: Seismitoad\n|-heal|p2a: Seismitoad|100\/100 tox|[from] ability: Water Absorb|[of] p1a: Slowbro\n|\n|-damage|p2a: Seismitoad|94\/100 tox|[from] psn\n|upkeep\n|turn|20\n|\n|t:|1654700058\n|switch|p1a: Vanilluxe|Vanilluxe, F|100\/100\n|-damage|p1a: Vanilluxe|76\/100|[from] Stealth Rock\n|-weather|Hail|[from] ability: Snow Warning|[of] p1a: Vanilluxe\n|move|p2a: Seismitoad|Knock Off|p1a: Vanilluxe\n|-damage|p1a: Vanilluxe|44\/100\n|-enditem|p1a: Vanilluxe|Choice Specs|[from] move: Knock Off|[of] p2a: Seismitoad\n|\n|-weather|Hail|[upkeep]\n|-damage|p2a: Seismitoad|88\/100 tox|[from] Hail\n|-heal|p2a: Seismitoad|94\/100 tox|[from] item: Leftovers\n|-damage|p2a: Seismitoad|82\/100 tox|[from] psn\n|upkeep\n|turn|21\n|\n|t:|1654700063\n|switch|p2a: Corviknight|Corviknight, M|84\/100\n|-ability|p2a: Corviknight|Pressure\n|move|p1a: Vanilluxe|Freeze-Dry|p2a: Corviknight\n|-damage|p2a: Corviknight|56\/100\n|-status|p2a: Corviknight|frz\n|\n|-weather|Hail|[upkeep]\n|-damage|p2a: Corviknight|50\/100 frz|[from] Hail\n|upkeep\n|turn|22\n|\n|t:|1654700066\n|move|p1a: Vanilluxe|Blizzard|p2a: Corviknight\n|-damage|p2a: Corviknight|4\/100 frz\n|cant|p2a: Corviknight|frz\n|\n|-weather|Hail|[upkeep]\n|-damage|p2a: Corviknight|0 fnt|[from] Hail\n|faint|p2a: Corviknight\n|upkeep\n|\n|t:|1654700068\n|switch|p2a: Blaziken|Blaziken, M|41\/100\n|turn|23\n|\n|t:|1654700072\n|move|p2a: Blaziken|Protect|p2a: Blaziken\n|-singleturn|p2a: Blaziken|Protect\n|move|p1a: Vanilluxe|Water Pulse|p2a: Blaziken\n|-activate|p2a: Blaziken|move: Protect\n|\n|-weather|Hail|[upkeep]\n|-damage|p2a: Blaziken|35\/100|[from] Hail\n|-heal|p2a: Blaziken|41\/100|[from] item: Leftovers\n|-ability|p2a: Blaziken|Speed Boost|boost\n|-boost|p2a: Blaziken|spe|1\n|upkeep\n|turn|24\n|\n|t:|1654700080\n|switch|p1a: Slowbro|Slowbro, F|100\/100\n|-damage|p1a: Slowbro|88\/100|[from] Stealth Rock\n|move|p2a: Blaziken|Close Combat|p1a: Slowbro\n|-resisted|p1a: Slowbro\n|-damage|p1a: Slowbro|68\/100\n|-unboost|p2a: Blaziken|def|1\n|-unboost|p2a: Blaziken|spd|1\n|-damage|p2a: Blaziken|25\/100|[from] item: Rocky Helmet|[of] p1a: Slowbro\n|\n|-weather|none\n|-heal|p2a: Blaziken|31\/100|[from] item: Leftovers\n|-ability|p2a: Blaziken|Speed Boost|boost\n|-boost|p2a: Blaziken|spe|1\n|upkeep\n|turn|25\n|\n|t:|1654700085\n|switch|p2a: Seismitoad|Seismitoad, M|82\/100 tox\n|move|p1a: Slowbro|Future Sight|p2a: Seismitoad\n|-start|p1a: Slowbro|move: Future Sight\n|\n|-heal|p2a: Seismitoad|88\/100 tox|[from] item: Leftovers\n|-damage|p2a: Seismitoad|82\/100 tox|[from] psn\n|upkeep\n|turn|26\n|\n|t:|1654700095\n|switch|p1a: Vanilluxe|Vanilluxe, F|44\/100\n|-damage|p1a: Vanilluxe|19\/100|[from] Stealth Rock\n|-weather|Hail|[from] ability: Snow Warning|[of] p1a: Vanilluxe\n|move|p2a: Seismitoad|Earth Power|p1a: Vanilluxe\n|-damage|p1a: Vanilluxe|0 fnt\n|faint|p1a: Vanilluxe\n|\n|-weather|Hail|[upkeep]\n|-damage|p2a: Seismitoad|76\/100 tox|[from] Hail\n|-heal|p2a: Seismitoad|82\/100 tox|[from] item: Leftovers\n|-damage|p2a: Seismitoad|70\/100 tox|[from] psn\n|upkeep\n|\n|t:|1654700099\n|switch|p1a: Arctozolt|Arctozolt|100\/100\n|turn|27\n|\n|t:|1654700103\n|move|p1a: Arctozolt|Freeze-Dry|p2a: Seismitoad\n|-supereffective|p2a: Seismitoad\n|-damage|p2a: Seismitoad|0 fnt\n|faint|p2a: Seismitoad\n|\n|-weather|Hail|[upkeep]\n|-hint|Future Sight did not hit because the target is fainted.\n|upkeep\n|\n|t:|1654700106\n|switch|p2a: Clefable|Clefable, F|100\/100\n|turn|28\n|\n|t:|1654700111\n|move|p2a: Clefable|Protect|p2a: Clefable\n|-singleturn|p2a: Clefable|Protect\n|move|p1a: Arctozolt|Bolt Beak|p2a: Clefable\n|-activate|p2a: Clefable|move: Protect\n|\n|-weather|Hail|[upkeep]\n|-damage|p2a: Clefable|94\/100|[from] Hail\n|-heal|p2a: Clefable|100\/100|[from] item: Leftovers\n|upkeep\n|turn|29\n|\n|t:|1654700114\n|move|p1a: Arctozolt|Bolt Beak|p2a: Clefable\n|-damage|p2a: Clefable|33\/100\n|move|p2a: Clefable|Wish|p2a: Clefable\n|\n|-weather|Hail|[upkeep]\n|-damage|p2a: Clefable|27\/100|[from] Hail\n|-heal|p2a: Clefable|33\/100|[from] item: Leftovers\n|upkeep\n|turn|30\n|\n|t:|1654700129\n|move|p2a: Clefable|Protect|p2a: Clefable\n|-singleturn|p2a: Clefable|Protect\n|move|p1a: Arctozolt|Bolt Beak|p2a: Clefable\n|-activate|p2a: Clefable|move: Protect\n|\n|-weather|none\n|-heal|p2a: Clefable|83\/100|[from] move: Wish|[wisher] Clefable\n|-heal|p2a: Clefable|90\/100|[from] item: Leftovers\n|upkeep\n|turn|31\n|inactive|andrewm0n has 120 seconds left.\n|\n|t:|1654700163\n|move|p1a: Arctozolt|Bolt Beak|p2a: Clefable\n|-damage|p2a: Clefable|30\/100\n|move|p2a: Clefable|Wish|p2a: Clefable\n|\n|-heal|p2a: Clefable|36\/100|[from] item: Leftovers\n|upkeep\n|turn|32\n|\n|t:|1654700176\n|move|p2a: Clefable|Protect|p2a: Clefable\n|-singleturn|p2a: Clefable|Protect\n|move|p1a: Arctozolt|Icicle Crash|p2a: Clefable\n|-activate|p2a: Clefable|move: Protect\n|\n|-heal|p2a: Clefable|86\/100|[from] move: Wish|[wisher] Clefable\n|-heal|p2a: Clefable|92\/100|[from] item: Leftovers\n|upkeep\n|turn|33\n|\n|t:|1654700184\n|move|p1a: Arctozolt|Bolt Beak|p2a: Clefable\n|-damage|p2a: Clefable|35\/100\n|move|p2a: Clefable|Wish|p2a: Clefable\n|\n|-heal|p2a: Clefable|41\/100|[from] item: Leftovers\n|upkeep\n|turn|34\n|\n|t:|1654700189\n|move|p2a: Clefable|Protect|p2a: Clefable\n|-singleturn|p2a: Clefable|Protect\n|move|p1a: Arctozolt|Icicle Crash|p2a: Clefable\n|-activate|p2a: Clefable|move: Protect\n|\n|-heal|p2a: Clefable|91\/100|[from] move: Wish|[wisher] Clefable\n|-heal|p2a: Clefable|97\/100|[from] item: Leftovers\n|upkeep\n|turn|35\n|\n|t:|1654700192\n|move|p1a: Arctozolt|Icicle Crash|p2a: Clefable\n|-damage|p2a: Clefable|67\/100\n|move|p2a: Clefable|Wish|p2a: Clefable\n|\n|-heal|p2a: Clefable|73\/100|[from] item: Leftovers\n|upkeep\n|turn|36\n|\n|t:|1654700206\n|move|p1a: Arctozolt|Icicle Crash|p2a: Clefable\n|-damage|p2a: Clefable|44\/100\n|move|p2a: Clefable|Moonblast|p1a: Arctozolt\n|-damage|p1a: Arctozolt|58\/100\n|\n|-heal|p2a: Clefable|94\/100|[from] move: Wish|[wisher] Clefable\n|-heal|p2a: Clefable|99\/100|[from] item: Leftovers\n|upkeep\n|turn|37\n|\n|t:|1654700212\n|move|p2a: Clefable|Protect|p2a: Clefable\n|-singleturn|p2a: Clefable|Protect\n|move|p1a: Arctozolt|Bolt Beak|p2a: Clefable\n|-activate|p2a: Clefable|move: Protect\n|\n|-heal|p2a: Clefable|100\/100|[from] item: Leftovers\n|upkeep\n|turn|38\n|\n|t:|1654700224\n|move|p1a: Arctozolt|Bolt Beak|p2a: Clefable\n|-damage|p2a: Clefable|39\/100\n|move|p2a: Clefable|Wish|p2a: Clefable\n|\n|-heal|p2a: Clefable|45\/100|[from] item: Leftovers\n|upkeep\n|turn|39\n|\n|t:|1654700242\n|switch|p1a: Victini|Victini|100\/100\n|-damage|p1a: Victini|76\/100|[from] Stealth Rock\n|move|p2a: Clefable|Protect||[still]\n|-fail|p2a: Clefable\n|\n|-heal|p2a: Clefable|95\/100|[from] move: Wish|[wisher] Clefable\n|-heal|p2a: Clefable|100\/100|[from] item: Leftovers\n|upkeep\n|turn|40\n|\n|t:|1654700246\n|move|p2a: Clefable|Protect|p2a: Clefable\n|-singleturn|p2a: Clefable|Protect\n|move|p1a: Victini|V-create|p2a: Clefable\n|-activate|p2a: Clefable|move: Protect\n|\n|upkeep\n|turn|41\n|\n|t:|1654700248\n|move|p1a: Victini|V-create|p2a: Clefable\n|-damage|p2a: Clefable|36\/100\n|-unboost|p1a: Victini|spe|1\n|-unboost|p1a: Victini|def|1\n|-unboost|p1a: Victini|spd|1\n|move|p2a: Clefable|Wish|p2a: Clefable\n|\n|-heal|p2a: Clefable|42\/100|[from] item: Leftovers\n|upkeep\n|turn|42\n|\n|t:|1654700254\n|move|p2a: Clefable|Protect|p2a: Clefable\n|-singleturn|p2a: Clefable|Protect\n|move|p1a: Victini|V-create|p2a: Clefable\n|-activate|p2a: Clefable|move: Protect\n|\n|-heal|p2a: Clefable|92\/100|[from] move: Wish|[wisher] Clefable\n|-heal|p2a: Clefable|98\/100|[from] item: Leftovers\n|upkeep\n|turn|43\n|\n|t:|1654700266\n|move|p1a: Victini|V-create|p2a: Clefable\n|-damage|p2a: Clefable|33\/100\n|-unboost|p1a: Victini|spe|1\n|-unboost|p1a: Victini|def|1\n|-unboost|p1a: Victini|spd|1\n|move|p2a: Clefable|Wish|p2a: Clefable\n|\n|-heal|p2a: Clefable|39\/100|[from] item: Leftovers\n|upkeep\n|turn|44\n|\n|t:|1654700271\n|switch|p1a: Slowbro|Slowbro, F|100\/100\n|-damage|p1a: Slowbro|88\/100|[from] Stealth Rock\n|move|p2a: Clefable|Protect||[still]\n|-fail|p2a: Clefable\n|\n|-heal|p2a: Clefable|89\/100|[from] move: Wish|[wisher] Clefable\n|-heal|p2a: Clefable|95\/100|[from] item: Leftovers\n|upkeep\n|turn|45\n|\n|t:|1654700281\n|move|p2a: Clefable|Moonblast|p1a: Slowbro\n|-damage|p1a: Slowbro|57\/100\n|-unboost|p1a: Slowbro|spa|1\n|move|p1a: Slowbro|Teleport|p1a: Slowbro\n|\n|t:|1654700286\n|switch|p1a: Arctozolt|Arctozolt|58\/100|[from]move: Teleport\n|\n|-heal|p2a: Clefable|100\/100|[from] item: Leftovers\n|upkeep\n|turn|46\n|\n|t:|1654700295\n|move|p1a: Arctozolt|Bolt Beak|p2a: Clefable\n|-damage|p2a: Clefable|38\/100\n|move|p2a: Clefable|Wish|p2a: Clefable\n|\n|-heal|p2a: Clefable|44\/100|[from] item: Leftovers\n|upkeep\n|turn|47\n|\n|t:|1654700299\n|move|p2a: Clefable|Protect|p2a: Clefable\n|-singleturn|p2a: Clefable|Protect\n|move|p1a: Arctozolt|Icicle Crash|p2a: Clefable\n|-activate|p2a: Clefable|move: Protect\n|\n|-heal|p2a: Clefable|94\/100|[from] move: Wish|[wisher] Clefable\n|-heal|p2a: Clefable|99\/100|[from] item: Leftovers\n|upkeep\n|turn|48\n|\n|t:|1654700302\n|move|p1a: Arctozolt|Bolt Beak|p2a: Clefable\n|-damage|p2a: Clefable|41\/100\n|move|p2a: Clefable|Wish|p2a: Clefable\n|\n|-heal|p2a: Clefable|47\/100|[from] item: Leftovers\n|upkeep\n|turn|49\n|\n|t:|1654700306\n|move|p2a: Clefable|Protect|p2a: Clefable\n|-singleturn|p2a: Clefable|Protect\n|move|p1a: Arctozolt|Bolt Beak|p2a: Clefable\n|-activate|p2a: Clefable|move: Protect\n|\n|-heal|p2a: Clefable|97\/100|[from] move: Wish|[wisher] Clefable\n|-heal|p2a: Clefable|100\/100|[from] item: Leftovers\n|upkeep\n|turn|50\n|\n|t:|1654700308\n|move|p1a: Arctozolt|Bolt Beak|p2a: Clefable\n|-damage|p2a: Clefable|37\/100\n|move|p2a: Clefable|Wish|p2a: Clefable\n|\n|-heal|p2a: Clefable|43\/100|[from] item: Leftovers\n|upkeep\n|turn|51\n|\n|t:|1654700312\n|move|p2a: Clefable|Protect|p2a: Clefable\n|-singleturn|p2a: Clefable|Protect\n|move|p1a: Arctozolt|Icicle Crash|p2a: Clefable\n|-activate|p2a: Clefable|move: Protect\n|\n|-heal|p2a: Clefable|93\/100|[from] move: Wish|[wisher] Clefable\n|-heal|p2a: Clefable|99\/100|[from] item: Leftovers\n|upkeep\n|turn|52\n|\n|t:|1654700315\n|move|p1a: Arctozolt|Bolt Beak|p2a: Clefable\n|-damage|p2a: Clefable|33\/100\n|move|p2a: Clefable|Wish|p2a: Clefable\n|\n|-heal|p2a: Clefable|39\/100|[from] item: Leftovers\n|upkeep\n|turn|53\n|\n|t:|1654700321\n|move|p2a: Clefable|Protect|p2a: Clefable\n|-singleturn|p2a: Clefable|Protect\n|move|p1a: Arctozolt|Icicle Crash|p2a: Clefable\n|-activate|p2a: Clefable|move: Protect\n|\n|-heal|p2a: Clefable|89\/100|[from] move: Wish|[wisher] Clefable\n|-heal|p2a: Clefable|95\/100|[from] item: Leftovers\n|upkeep\n|turn|54\n|\n|t:|1654700325\n|move|p1a: Arctozolt|Bolt Beak|p2a: Clefable\n|-damage|p2a: Clefable|34\/100\n|move|p2a: Clefable|Wish|p2a: Clefable\n|\n|-heal|p2a: Clefable|40\/100|[from] item: Leftovers\n|upkeep\n|turn|55\n|\n|t:|1654700332\n|move|p2a: Clefable|Protect|p2a: Clefable\n|-singleturn|p2a: Clefable|Protect\n|move|p1a: Arctozolt|Bolt Beak|p2a: Clefable\n|-activate|p2a: Clefable|move: Protect\n|\n|-heal|p2a: Clefable|90\/100|[from] move: Wish|[wisher] Clefable\n|-heal|p2a: Clefable|96\/100|[from] item: Leftovers\n|upkeep\n|turn|56\n|\n|t:|1654700337\n|move|p1a: Arctozolt|Bolt Beak|p2a: Clefable\n|-damage|p2a: Clefable|29\/100\n|move|p2a: Clefable|Wish|p2a: Clefable\n|\n|-heal|p2a: Clefable|36\/100|[from] item: Leftovers\n|upkeep\n|turn|57\n|\n|t:|1654700340\n|move|p2a: Clefable|Protect|p2a: Clefable\n|-singleturn|p2a: Clefable|Protect\n|move|p1a: Arctozolt|Icicle Crash|p2a: Clefable\n|-activate|p2a: Clefable|move: Protect\n|\n|-heal|p2a: Clefable|86\/100|[from] move: Wish|[wisher] Clefable\n|-heal|p2a: Clefable|92\/100|[from] item: Leftovers\n|upkeep\n|turn|58\n|\n|t:|1654700350\n|move|p1a: Arctozolt|Bolt Beak|p2a: Clefable\n|-damage|p2a: Clefable|30\/100\n|move|p2a: Clefable|Wish|p2a: Clefable\n|\n|-heal|p2a: Clefable|37\/100|[from] item: Leftovers\n|upkeep\n|turn|59\n|\n|t:|1654700356\n|switch|p2a: Blaziken|Blaziken, M|31\/100\n|move|p1a: Arctozolt|Icicle Crash|p2a: Blaziken|[miss]\n|-miss|p1a: Arctozolt|p2a: Blaziken\n|\n|-heal|p2a: Blaziken|96\/100|[from] move: Wish|[wisher] Clefable\n|-heal|p2a: Blaziken|100\/100|[from] item: Leftovers\n|upkeep\n|turn|60\n|\n|t:|1654700367\n|switch|p2a: Clefable|Clefable, F|37\/100\n|switch|p1a: Slowbro|Slowbro, F|90\/100\n|-damage|p1a: Slowbro|78\/100|[from] Stealth Rock\n|\n|-heal|p2a: Clefable|43\/100|[from] item: Leftovers\n|upkeep\n|turn|61\n|\n|t:|1654700380\n|move|p2a: Clefable|Wish|p2a: Clefable\n|move|p1a: Slowbro|Future Sight|p2a: Clefable\n|-start|p1a: Slowbro|move: Future Sight\n|\n|-heal|p2a: Clefable|49\/100|[from] item: Leftovers\n|upkeep\n|turn|62\n|\n|t:|1654700383\n|move|p2a: Clefable|Moonblast|p1a: Slowbro\n|-damage|p1a: Slowbro|44\/100\n|-unboost|p1a: Slowbro|spa|1\n|move|p1a: Slowbro|Teleport|p1a: Slowbro\n|\n|t:|1654700393\n|switch|p1a: Victini|Victini|76\/100|[from]move: Teleport\n|-damage|p1a: Victini|51\/100|[from] Stealth Rock\n|\n|-heal|p2a: Clefable|99\/100|[from] move: Wish|[wisher] Clefable\n|-heal|p2a: Clefable|100\/100|[from] item: Leftovers\n|upkeep\n|turn|63\n|\n|t:|1654700396\n|move|p1a: Victini|V-create|p2a: Clefable\n|-damage|p2a: Clefable|31\/100\n|-unboost|p1a: Victini|spe|1\n|-unboost|p1a: Victini|def|1\n|-unboost|p1a: Victini|spd|1\n|move|p2a: Clefable|Wish|p2a: Clefable\n|\n|-end|p2a: Clefable|move: Future Sight\n|-damage|p2a: Clefable|0 fnt\n|faint|p2a: Clefable\n|upkeep\n|\n|t:|1654700400\n|switch|p2a: Blaziken|Blaziken, M|100\/100\n|turn|64\n|\n|t:|1654700412\n|move|p1a: Victini|V-create|p2a: Blaziken\n|-resisted|p2a: Blaziken\n|-damage|p2a: Blaziken|31\/100\n|-unboost|p1a: Victini|spe|1\n|-unboost|p1a: Victini|def|1\n|-unboost|p1a: Victini|spd|1\n|move|p2a: Blaziken|Swords Dance|p2a: Blaziken\n|-boost|p2a: Blaziken|atk|2\n|\n|-heal|p2a: Blaziken|96\/100|[from] move: Wish|[wisher] Clefable\n|-heal|p2a: Blaziken|100\/100|[from] item: Leftovers\n|-ability|p2a: Blaziken|Speed Boost|boost\n|-boost|p2a: Blaziken|spe|1\n|upkeep\n|turn|65\n|\n|t:|1654700429\n|move|p2a: Blaziken|Swords Dance|p2a: Blaziken\n|-boost|p2a: Blaziken|atk|2\n|move|p1a: Victini|V-create|p2a: Blaziken\n|-resisted|p2a: Blaziken\n|-damage|p2a: Blaziken|33\/100\n|-unboost|p1a: Victini|spe|1\n|-unboost|p1a: Victini|def|1\n|-unboost|p1a: Victini|spd|1\n|\n|-heal|p2a: Blaziken|39\/100|[from] item: Leftovers\n|-ability|p2a: Blaziken|Speed Boost|boost\n|-boost|p2a: Blaziken|spe|1\n|upkeep\n|turn|66\n|\n|t:|1654700438\n|switch|p1a: Arctozolt|Arctozolt|58\/100\n|move|p2a: Blaziken|Swords Dance|p2a: Blaziken\n|-boost|p2a: Blaziken|atk|2\n|\n|-heal|p2a: Blaziken|45\/100|[from] item: Leftovers\n|-ability|p2a: Blaziken|Speed Boost|boost\n|-boost|p2a: Blaziken|spe|1\n|upkeep\n|turn|67\n|\n|t:|1654700448\n|move|p2a: Blaziken|Close Combat|p1a: Arctozolt\n|-supereffective|p1a: Arctozolt\n|-damage|p1a: Arctozolt|0 fnt\n|-unboost|p2a: Blaziken|def|1\n|-unboost|p2a: Blaziken|spd|1\n|faint|p1a: Arctozolt\n|\n|-heal|p2a: Blaziken|51\/100|[from] item: Leftovers\n|-ability|p2a: Blaziken|Speed Boost|boost\n|-boost|p2a: Blaziken|spe|1\n|upkeep\n|\n|t:|1654700458\n|switch|p1a: Slowbro|Slowbro, F|77\/100\n|-damage|p1a: Slowbro|65\/100|[from] Stealth Rock\n|turn|68\n|\n|t:|1654700460\n|move|p2a: Blaziken|Close Combat|p1a: Slowbro\n|-resisted|p1a: Slowbro\n|-damage|p1a: Slowbro|0 fnt\n|-unboost|p2a: Blaziken|def|1\n|-unboost|p2a: Blaziken|spd|1\n|-damage|p2a: Blaziken|34\/100|[from] item: Rocky Helmet|[of] p1a: Slowbro\n|faint|p1a: Slowbro\n|\n|-heal|p2a: Blaziken|40\/100|[from] item: Leftovers\n|-ability|p2a: Blaziken|Speed Boost|boost\n|-boost|p2a: Blaziken|spe|1\n|upkeep\n|c|\u2606andrewm0n|gg\n|c|\u2606FkboiTaubogaFrisur|gg\n|\n|t:|1654700469\n|switch|p1a: Victini|Victini|51\/100\n|-damage|p1a: Victini|26\/100|[from] Stealth Rock\n|turn|69\n|\n|t:|1654700471\n|move|p2a: Blaziken|Close Combat|p1a: Victini\n|-resisted|p1a: Victini\n|-damage|p1a: Victini|0 fnt\n|-unboost|p2a: Blaziken|def|1\n|-unboost|p2a: Blaziken|spd|1\n|faint|p1a: Victini\n|\n|win|andrewm0n\n|raw|FkboiTaubogaFrisur's rating: 1678 &rarr; <strong>1660<\/strong><br \/>(-18 for losing)\n|raw|andrewm0n's rating: 1709 &rarr; <strong>1727<\/strong><br \/>(+18 for winning)\n|l|\u2606FkboiTaubogaFrisur\n","uploadtime":1654700475,"views":46,"p1id":"fkboitaubogafrisur","p2id":"andrewm0n","formatid":"gen8ou","rating":1660,"private":0,"password":null}