{"id":"gen8nationaldex-1565748813","p1":"Fastpitchkiller","p2":"Crisx17","format":"gen8nationaldex","log":"|j|\u2606Fastpitchkiller\n|j|\u2606Crisx17\n|t:|1651465639\n|gametype|singles\n|player|p1|Fastpitchkiller|170|\n|player|p2|Crisx17|barry|\n|teamsize|p1|6\n|teamsize|p2|6\n|gen|8\n|tier|[Gen 8] National Dex\n|rule|HP Percentage Mod: HP is shown in percentages\n|rule|Endless Battle Clause: Forcing endless battles is banned\n|rule|OHKO Clause: OHKO moves are banned\n|rule|Evasion Moves Clause: Evasion moves are banned\n|rule|Species Clause: Limit one of each Pok\u00e9mon\n|rule|Dynamax Clause: You cannot dynamax\n|rule|Sleep Clause Mod: Limit one foe put to sleep\n|clearpoke\n|poke|p1|Greninja, M|\n|poke|p1|Zapdos|\n|poke|p1|Mawile, F|\n|poke|p1|Slowbro, F|\n|poke|p1|Tyranitar, M|\n|poke|p1|Kommo-o, M|\n|poke|p2|Chansey, F|\n|poke|p2|Zapdos|\n|poke|p2|Heatran, M|\n|poke|p2|Rillaboom, F|\n|poke|p2|Greninja, M|\n|poke|p2|Buzzwole|\n|teampreview\n|\n|t:|1651465659\n|start\n|switch|p1a: Zapdos|Zapdos|100\/100\n|switch|p2a: DicKing|Rillaboom, F|100\/100\n|-fieldstart|move: Grassy Terrain|[from] ability: Grassy Surge|[of] p2a: DicKing\n|turn|1\n|\n|t:|1651465668\n|switch|p2a: Chansey|Chansey, F|100\/100\n|move|p1a: Zapdos|Volt Switch|p2a: Chansey\n|-damage|p2a: Chansey|92\/100\n|\n|t:|1651465677\n|switch|p1a: Mawile|Mawile, F|100\/100|[from]move: Volt Switch\n|-ability|p1a: Mawile|Intimidate|boost\n|-unboost|p2a: Chansey|atk|1\n|\n|-heal|p2a: Chansey|98\/100|[from] Grassy Terrain\n|upkeep\n|turn|2\n|\n|t:|1651465687\n|switch|p2a: Zapdos|Zapdos|100\/100\n|move|p1a: Mawile|Knock Off|p2a: Zapdos\n|-damage|p2a: Zapdos|82\/100\n|-status|p1a: Mawile|par|[from] ability: Static|[of] p2a: Zapdos\n|-enditem|p2a: Zapdos|Heavy-Duty Boots|[from] move: Knock Off|[of] p1a: Mawile\n|\n|upkeep\n|turn|3\n|\n|t:|1651465700\n|switch|p1a: Tyranitar|Tyranitar, M|100\/100\n|-weather|Sandstorm|[from] ability: Sand Stream|[of] p1a: Tyranitar\n|move|p2a: Zapdos|Heat Wave|p1a: Tyranitar\n|-resisted|p1a: Tyranitar\n|-damage|p1a: Tyranitar|96\/100\n|\n|-weather|Sandstorm|[upkeep]\n|-damage|p2a: Zapdos|75\/100|[from] Sandstorm\n|-heal|p1a: Tyranitar|100\/100|[from] Grassy Terrain\n|upkeep\n|turn|4\n|\n|t:|1651465713\n|switch|p2a: Chansey|Chansey, F|98\/100\n|move|p1a: Tyranitar|Stealth Rock|p2a: Chansey\n|-sidestart|p2: Crisx17|move: Stealth Rock\n|\n|-weather|Sandstorm|[upkeep]\n|-damage|p2a: Chansey|92\/100|[from] Sandstorm\n|-heal|p2a: Chansey|98\/100|[from] Grassy Terrain\n|upkeep\n|turn|5\n|\n|t:|1651465723\n|switch|p1a: Mawile|Mawile, F|100\/100 par\n|-ability|p1a: Mawile|Intimidate|boost\n|-unboost|p2a: Chansey|atk|1\n|move|p2a: Chansey|Counter||[still]\n|-fail|p2a: Chansey\n|\n|-weather|Sandstorm|[upkeep]\n|-damage|p2a: Chansey|92\/100|[from] Sandstorm\n|-heal|p2a: Chansey|98\/100|[from] Grassy Terrain\n|upkeep\n|turn|6\n|\n|t:|1651465744\n|switch|p2a: Zapdos|Zapdos|75\/100\n|-damage|p2a: Zapdos|50\/100|[from] Stealth Rock\n|move|p1a: Mawile|Swords Dance|p1a: Mawile\n|-boost|p1a: Mawile|atk|2\n|\n|-weather|Sandstorm|[upkeep]\n|-damage|p2a: Zapdos|44\/100|[from] Sandstorm\n|upkeep\n|turn|7\n|l|\u2606Crisx17\n|player|p2|\n|j|\u2606Crisx17\n|player|p2|Crisx17|barry\n|\n|t:|1651465763\n|detailschange|p1a: Mawile|Mawile-Mega, F\n|-mega|p1a: Mawile|Mawile|Mawilite\n|move|p2a: Zapdos|Defog|p1a: Mawile\n|-unboost|p1a: Mawile|evasion|1\n|-sideend|p2: Crisx17|Stealth Rock|[from] move: Defog|[of] p2a: Zapdos\n|-fieldend|move: Grassy Terrain\n|cant|p1a: Mawile|par\n|\n|-weather|none\n|upkeep\n|turn|8\n|\n|t:|1651465773\n|move|p2a: Zapdos|Roost|p2a: Zapdos\n|-heal|p2a: Zapdos|94\/100\n|-singleturn|p2a: Zapdos|move: Roost\n|move|p1a: Mawile|Play Rough|p2a: Zapdos\n|-damage|p2a: Zapdos|0 fnt\n|faint|p2a: Zapdos\n|\n|upkeep\n|\n|t:|1651465808\n|switch|p2a: Buzzwole|Buzzwole|100\/100\n|turn|9\n|\n|t:|1651465817\n|switch|p1a: Slowbro|Slowbro, F|100\/100\n|move|p2a: Buzzwole|Substitute|p2a: Buzzwole\n|-start|p2a: Buzzwole|Substitute\n|-damage|p2a: Buzzwole|76\/100\n|\n|-heal|p2a: Buzzwole|82\/100|[from] item: Leftovers\n|upkeep\n|turn|10\n|\n|t:|1651465827\n|move|p2a: Buzzwole|Leech Life|p1a: Slowbro\n|-supereffective|p1a: Slowbro\n|-damage|p1a: Slowbro|40\/100\n|-heal|p2a: Buzzwole|100\/100|[from] drain|[of] p1a: Slowbro\n|-damage|p2a: Buzzwole|84\/100|[from] item: Rocky Helmet|[of] p1a: Slowbro\n|move|p1a: Slowbro|Future Sight|p2a: Buzzwole\n|-start|p1a: Slowbro|move: Future Sight\n|\n|-heal|p2a: Buzzwole|90\/100|[from] item: Leftovers\n|upkeep\n|turn|11\n|\n|t:|1651465838\n|switch|p1a: Zapdos|Zapdos|100\/100\n|move|p2a: Buzzwole|Ice Punch|p1a: Zapdos\n|-supereffective|p1a: Zapdos\n|-damage|p1a: Zapdos|61\/100\n|-status|p2a: Buzzwole|par|[from] ability: Static|[of] p1a: Zapdos\n|\n|-heal|p2a: Buzzwole|96\/100 par|[from] item: Leftovers\n|upkeep\n|turn|12\n|\n|t:|1651465851\n|move|p1a: Zapdos|Volt Switch|p2a: Buzzwole\n|-end|p2a: Buzzwole|Substitute\n|\n|t:|1651465855\n|switch|p1a: Slowbro|Slowbro, F|73\/100|[from]move: Volt Switch\n|move|p2a: Buzzwole|Ice Punch|p1a: Slowbro\n|-resisted|p1a: Slowbro\n|-damage|p1a: Slowbro|64\/100\n|-status|p1a: Slowbro|frz\n|-damage|p2a: Buzzwole|80\/100 par|[from] item: Rocky Helmet|[of] p1a: Slowbro\n|\n|-end|p2a: Buzzwole|move: Future Sight\n|-supereffective|p2a: Buzzwole\n|-damage|p2a: Buzzwole|0 fnt\n|faint|p2a: Buzzwole\n|upkeep\n|\n|t:|1651465871\n|switch|p2a: DicKing|Rillaboom, F|100\/100\n|-fieldstart|move: Grassy Terrain|[from] ability: Grassy Surge|[of] p2a: DicKing\n|turn|13\n|\n|t:|1651465877\n|switch|p1a: Zapdos|Zapdos|61\/100\n|move|p2a: DicKing|Swords Dance|p2a: DicKing\n|-boost|p2a: DicKing|atk|2\n|\n|upkeep\n|turn|14\n|\n|t:|1651465886\n|move|p2a: DicKing|Knock Off|p1a: Zapdos\n|-damage|p1a: Zapdos|17\/100\n|-enditem|p1a: Zapdos|Heavy-Duty Boots|[from] move: Knock Off|[of] p2a: DicKing\n|move|p1a: Zapdos|Roost|p1a: Zapdos\n|-heal|p1a: Zapdos|68\/100\n|-singleturn|p1a: Zapdos|move: Roost\n|\n|-heal|p1a: Zapdos|74\/100|[from] Grassy Terrain\n|upkeep\n|turn|15\n|\n|t:|1651465896\n|move|p2a: DicKing|Swords Dance|p2a: DicKing\n|-boost|p2a: DicKing|atk|2\n|move|p1a: Zapdos|Heat Wave|p2a: DicKing\n|-supereffective|p2a: DicKing\n|-damage|p2a: DicKing|32\/100\n|\n|-heal|p2a: DicKing|39\/100|[from] Grassy Terrain\n|upkeep\n|turn|16\n|\n|t:|1651465906\n|move|p2a: DicKing|Knock Off|p1a: Zapdos\n|-damage|p1a: Zapdos|26\/100\n|move|p1a: Zapdos|Heat Wave|p2a: DicKing|[miss]\n|-miss|p1a: Zapdos|p2a: DicKing\n|\n|-heal|p2a: DicKing|45\/100|[from] Grassy Terrain\n|upkeep\n|turn|17\n|\n|t:|1651465914\n|move|p2a: DicKing|Knock Off|p1a: Zapdos\n|-damage|p1a: Zapdos|0 fnt\n|faint|p1a: Zapdos\n|\n|-heal|p2a: DicKing|51\/100|[from] Grassy Terrain\n|upkeep\n|\n|t:|1651465929\n|switch|p1a: Slowbro|Slowbro, F|97\/100 frz\n|turn|18\n|\n|t:|1651465935\n|switch|p1a: Mawile|Mawile-Mega, F|100\/100 par\n|move|p2a: DicKing|Grassy Glide|p1a: Mawile\n|-resisted|p1a: Mawile\n|-damage|p1a: Mawile|24\/100 par\n|\n|-heal|p2a: DicKing|57\/100|[from] Grassy Terrain\n|-heal|p1a: Mawile|30\/100 par|[from] Grassy Terrain\n|upkeep\n|turn|19\n|\n|t:|1651465946\n|switch|p1a: Slowbro|Slowbro, F|100\/100 frz\n|move|p2a: DicKing|Grassy Glide|p1a: Slowbro\n|-supereffective|p1a: Slowbro\n|-damage|p1a: Slowbro|0 fnt\n|-damage|p2a: DicKing|41\/100|[from] item: Rocky Helmet|[of] p1a: Slowbro\n|faint|p1a: Slowbro\n|\n|-heal|p2a: DicKing|47\/100|[from] Grassy Terrain\n|upkeep\n|\n|t:|1651465958\n|switch|p1a: Mawile|Mawile-Mega, F|30\/100 par\n|turn|20\n|\n|t:|1651465964\n|move|p2a: DicKing|Grassy Glide|p1a: Mawile\n|-resisted|p1a: Mawile\n|-damage|p1a: Mawile|0 fnt\n|faint|p1a: Mawile\n|\n|-heal|p2a: DicKing|53\/100|[from] Grassy Terrain\n|-fieldend|move: Grassy Terrain\n|upkeep\n|\n|t:|1651465972\n|switch|p1a: Kommo-o|Kommo-o, M|100\/100\n|turn|21\n|\n|t:|1651465978\n|move|p2a: DicKing|Drain Punch|p1a: Kommo-o\n|-damage|p1a: Kommo-o|27\/100\n|-heal|p2a: DicKing|84\/100|[from] drain|[of] p1a: Kommo-o\n|move|p1a: Kommo-o|Clangorous Soul||[still]\n|-fail|p1a: Kommo-o\n|\n|upkeep\n|turn|22\n|-message|Fastpitchkiller forfeited.\n|\n|win|Crisx17\n|l|\u2606Fastpitchkiller\n|l|\u2606Crisx17\n|j|\u2606Crisx17\n|player|p2|Crisx17|barry\n","uploadtime":1651466269,"views":9,"p1id":"fastpitchkiller","p2id":"crisx17","formatid":"gen8nationaldex","rating":0,"private":0,"password":null}