{"id":"gen8ou-1378511569","p1":"LT83AQ GRG","p2":"BestixL","format":"gen8ou","log":"|raw|<div class=\"broadcast-blue\"><strong>This battle is required to be public due to a player having a name starting with 'lt83aq'.<\/div>\n|j|\u2606LT83AQ GRG\n|j|\u2606BestixL\n|t:|1626489337\n|gametype|singles\n|player|p1|LT83AQ GRG|bianca|1805\n|player|p2|BestixL|flannery|1795\n|teamsize|p1|6\n|teamsize|p2|6\n|gen|8\n|tier|[Gen 8] OU\n|rated|\n|rule|Sleep Clause Mod: Limit one foe put to sleep\n|rule|Species Clause: Limit one of each Pok\u00e9mon\n|rule|OHKO Clause: OHKO moves are banned\n|rule|Evasion Moves Clause: Evasion moves are banned\n|rule|Endless Battle Clause: Forcing endless battles is banned\n|rule|HP Percentage Mod: HP is shown in percentages\n|rule|Dynamax Clause: You cannot dynamax\n|clearpoke\n|poke|p1|Tapu Koko|\n|poke|p1|Garchomp, M|\n|poke|p1|Tornadus-Therian, M|\n|poke|p1|Conkeldurr, F|\n|poke|p1|Blissey, F|\n|poke|p1|Melmetal|\n|poke|p2|Slowking-Galar, M|\n|poke|p2|Weavile, F|\n|poke|p2|Landorus-Therian, M|\n|poke|p2|Toxapex, M|\n|poke|p2|Tapu Fini|\n|poke|p2|Corviknight, M|\n|teampreview\n|j| CYCLE HIT\n|inactive|Battle timer is ON: inactive players will automatically lose when time's up. (requested by BestixL)\n|l| CYCLE HIT\n|\n|t:|1626489356\n|start\n|switch|p1a: Tornadus|Tornadus-Therian, M|100\/100\n|switch|p2a: no space|Landorus-Therian, M|100\/100\n|-ability|p2a: no space|Intimidate|boost\n|-unboost|p1a: Tornadus|atk|1\n|turn|1\n|j| RipReckful\n|\n|t:|1626489363\n|switch|p2a: 2 soon|Slowking-Galar, M|100\/100\n|move|p1a: Tornadus|Knock Off|p2a: 2 soon\n|-supereffective|p2a: 2 soon\n|-damage|p2a: 2 soon|75\/100\n|-enditem|p2a: 2 soon|Assault Vest|[from] move: Knock Off|[of] p1a: Tornadus\n|\n|upkeep\n|turn|2\n|\n|t:|1626489370\n|move|p1a: Tornadus|U-turn|p2a: 2 soon\n|-crit|p2a: 2 soon\n|-damage|p2a: 2 soon|53\/100\n|j| BabyPigsAreLaughin\n|j| MerlinfromCamelot\n|\n|t:|1626489380\n|switch|p1a: Melmetal|Melmetal|100\/100|[from]move: U-turn\n|move|p2a: 2 soon|Future Sight|p1a: Melmetal\n|-start|p2a: 2 soon|move: Future Sight\n|\n|upkeep\n|turn|3\n|j| Aesthetics<3\n|\n|t:|1626489400\n|switch|p1a: Blissey|Blissey, F|100\/100\n|switch|p2a: just friends|Toxapex, M|100\/100\n|\n|upkeep\n|turn|4\n|j| koookie\n|\n|t:|1626489404\n|move|p1a: Blissey|Seismic Toss|p2a: just friends\n|-damage|p2a: just friends|68\/100\n|-damage|p1a: Blissey|84\/100|[from] item: Rocky Helmet|[of] p2a: just friends\n|move|p2a: just friends|Knock Off|p1a: Blissey\n|-damage|p1a: Blissey|70\/100\n|-enditem|p1a: Blissey|Heavy-Duty Boots|[from] move: Knock Off|[of] p2a: just friends\n|\n|-end|p1a: Blissey|move: Future Sight\n|-damage|p1a: Blissey|51\/100\n|upkeep\n|turn|5\n|j| Landon\u2718A21\n|j| LT82ZW UnzipsC\n|\n|t:|1626489413\n|switch|p2a: 2 soon|Slowking-Galar, M|87\/100\n|move|p1a: Blissey|Soft-Boiled|p1a: Blissey\n|-heal|p1a: Blissey|100\/100\n|\n|upkeep\n|turn|6\n|\n|t:|1626489417\n|switch|p1a: Conkeldurr|Conkeldurr, F|100\/100\n|move|p2a: 2 soon|Future Sight|p1a: Conkeldurr\n|-start|p2a: 2 soon|move: Future Sight\n|\n|-status|p1a: Conkeldurr|brn|[from] item: Flame Orb\n|upkeep\n|turn|7\n|\n|t:|1626489440\n|switch|p2a: Itsuki|Tapu Fini|100\/100\n|-fieldstart|move: Misty Terrain|[from] ability: Misty Surge|[of] p2a: Itsuki\n|move|p1a: Conkeldurr|Knock Off|p2a: Itsuki\n|-resisted|p2a: Itsuki\n|-damage|p2a: Itsuki|80\/100\n|-enditem|p2a: Itsuki|Leftovers|[from] move: Knock Off|[of] p1a: Conkeldurr\n|\n|-damage|p1a: Conkeldurr|95\/100 brn|[from] brn\n|upkeep\n|turn|8\n|l| Aesthetics<3\n|\n|t:|1626489455\n|switch|p2a: no space|Landorus-Therian, M|100\/100\n|-ability|p2a: no space|Intimidate|boost\n|-unboost|p1a: Conkeldurr|atk|1\n|switch|p1a: Blissey|Blissey, F|100\/100\n|\n|-end|p1a: Blissey|move: Future Sight\n|-damage|p1a: Blissey|81\/100\n|upkeep\n|turn|9\n|\n|t:|1626489460\n|switch|p1a: Tornadus|Tornadus-Therian, M|100\/100\n|move|p2a: no space|Stealth Rock|p1a: Tornadus\n|-sidestart|p1: LT83AQ GRG|move: Stealth Rock\n|\n|upkeep\n|turn|10\n|\n|t:|1626489466\n|move|p1a: Tornadus|Defog|p2a: no space\n|-unboost|p2a: no space|evasion|1\n|-sideend|p1: LT83AQ GRG|Stealth Rock|[from] move: Defog|[of] p1a: Tornadus\n|-fieldend|Misty Terrain\n|move|p2a: no space|Knock Off|p1a: Tornadus\n|-damage|p1a: Tornadus|71\/100\n|-enditem|p1a: Tornadus|Heavy-Duty Boots|[from] move: Knock Off|[of] p2a: no space\n|\n|upkeep\n|turn|11\n|j| serene cut\n|\n|t:|1626489470\n|switch|p2a: 2 soon|Slowking-Galar, M|100\/100\n|move|p1a: Tornadus|Knock Off|p2a: 2 soon\n|-supereffective|p2a: 2 soon\n|-damage|p2a: 2 soon|71\/100\n|\n|upkeep\n|turn|12\n|\n|t:|1626489473\n|move|p1a: Tornadus|U-turn|p2a: 2 soon\n|-damage|p2a: 2 soon|56\/100\n|\n|t:|1626489479\n|switch|p1a: Conkeldurr|Conkeldurr, F|95\/100 brn|[from]move: U-turn\n|move|p2a: 2 soon|Future Sight|p1a: Conkeldurr\n|-start|p2a: 2 soon|move: Future Sight\n|\n|-damage|p1a: Conkeldurr|89\/100 brn|[from] brn\n|upkeep\n|turn|13\n|\n|t:|1626489483\n|switch|p2a: Itsuki|Tapu Fini|80\/100\n|-fieldstart|move: Misty Terrain|[from] ability: Misty Surge|[of] p2a: Itsuki\n|move|p1a: Conkeldurr|Knock Off|p2a: Itsuki\n|-resisted|p2a: Itsuki\n|-damage|p2a: Itsuki|64\/100\n|\n|-damage|p1a: Conkeldurr|83\/100 brn|[from] brn\n|upkeep\n|turn|14\n|j| Pokemon Hates Me\n|\n|t:|1626489489\n|switch|p2a: no space|Landorus-Therian, M|100\/100\n|-ability|p2a: no space|Intimidate|boost\n|-unboost|p1a: Conkeldurr|atk|1\n|switch|p1a: Melmetal|Melmetal|100\/100\n|\n|-end|p1a: Melmetal|move: Future Sight\n|-resisted|p1a: Melmetal\n|-damage|p1a: Melmetal|79\/100\n|-heal|p1a: Melmetal|85\/100|[from] item: Leftovers\n|upkeep\n|turn|15\n|\n|t:|1626489494\n|move|p2a: no space|U-turn|p1a: Melmetal\n|-resisted|p1a: Melmetal\n|-damage|p1a: Melmetal|78\/100\n|\n|t:|1626489496\n|switch|p2a: just friends|Toxapex, M|100\/100|[from]move: U-turn\n|move|p1a: Melmetal|Double Iron Bash|p2a: just friends\n|-resisted|p2a: just friends\n|-damage|p2a: just friends|84\/100\n|-damage|p1a: Melmetal|61\/100|[from] item: Rocky Helmet|[of] p2a: just friends\n|-resisted|p2a: just friends\n|-crit|p2a: just friends\n|-damage|p2a: just friends|57\/100\n|-damage|p1a: Melmetal|45\/100|[from] item: Rocky Helmet|[of] p2a: just friends\n|-hitcount|p2a: just friends|2\n|\n|-heal|p1a: Melmetal|51\/100|[from] item: Leftovers\n|upkeep\n|turn|16\n|\n|t:|1626489502\n|move|p1a: Melmetal|Earthquake|p2a: just friends\n|-supereffective|p2a: just friends\n|-damage|p2a: just friends|0 fnt\n|faint|p2a: just friends\n|\n|-heal|p1a: Melmetal|57\/100|[from] item: Leftovers\n|upkeep\n|\n|t:|1626489507\n|switch|p2a: no space|Landorus-Therian, M|100\/100\n|-ability|p2a: no space|Intimidate|boost\n|-unboost|p1a: Melmetal|atk|1\n|turn|17\n|j| emf kef L\n|\n|t:|1626489514\n|switch|p1a: Tornadus|Tornadus-Therian, M|100\/100\n|move|p2a: no space|Stealth Rock|p1a: Tornadus\n|-sidestart|p1: LT83AQ GRG|move: Stealth Rock\n|\n|-fieldend|Misty Terrain\n|upkeep\n|turn|18\n|j| Liker of Mudkips\n|j| MangoStyle\n|\n|t:|1626489518\n|move|p1a: Tornadus|Defog|p2a: no space\n|-unboost|p2a: no space|evasion|1\n|-sideend|p1: LT83AQ GRG|Stealth Rock|[from] move: Defog|[of] p1a: Tornadus\n|move|p2a: no space|U-turn|p1a: Tornadus\n|-resisted|p1a: Tornadus\n|-damage|p1a: Tornadus|89\/100\n|\n|t:|1626489522\n|switch|p2a: Yotsuba|Weavile, F|100\/100|[from]move: U-turn\n|-ability|p2a: Yotsuba|Pressure\n|\n|upkeep\n|turn|19\n|\n|t:|1626489530\n|move|p2a: Yotsuba|Triple Axel|p1a: Tornadus\n|-supereffective|p1a: Tornadus\n|-damage|p1a: Tornadus|67\/100\n|-supereffective|p1a: Tornadus\n|-damage|p1a: Tornadus|29\/100\n|-supereffective|p1a: Tornadus\n|-damage|p1a: Tornadus|0 fnt\n|faint|p1a: Tornadus\n|-hitcount|p1: Tornadus|3\n|\n|upkeep\n|\n|t:|1626489533\n|switch|p1a: Conkeldurr|Conkeldurr, F|83\/100 brn\n|turn|20\n|\n|t:|1626489545\n|switch|p2a: Itsuki|Tapu Fini|64\/100\n|-fieldstart|move: Misty Terrain|[from] ability: Misty Surge|[of] p2a: Itsuki\n|move|p1a: Conkeldurr|Facade|p2a: Itsuki\n|-damage|p2a: Itsuki|3\/100\n|\n|-damage|p1a: Conkeldurr|77\/100 brn|[from] brn\n|upkeep\n|turn|21\n|\n|t:|1626489571\n|switch|p1a: Blissey|Blissey, F|81\/100\n|move|p2a: Itsuki|Draining Kiss|p1a: Blissey\n|-damage|p1a: Blissey|75\/100\n|-heal|p2a: Itsuki|13\/100|[from] drain|[of] p1a: Blissey\n|\n|upkeep\n|turn|22\n|\n|t:|1626489577\n|switch|p2a: no space|Landorus-Therian, M|100\/100\n|-ability|p2a: no space|Intimidate|boost\n|-unboost|p1a: Blissey|atk|1\n|move|p1a: Blissey|Teleport|p1a: Blissey\n|\n|t:|1626489584\n|switch|p1a: Conkeldurr|Conkeldurr, F|77\/100 brn|[from]move: Teleport\n|\n|-damage|p1a: Conkeldurr|71\/100 brn|[from] brn\n|upkeep\n|turn|23\n|\n|t:|1626489587\n|move|p2a: no space|U-turn|p1a: Conkeldurr\n|-resisted|p1a: Conkeldurr\n|-damage|p1a: Conkeldurr|58\/100 brn\n|\n|t:|1626489592\n|switch|p2a: Itsuki|Tapu Fini|13\/100|[from]move: U-turn\n|move|p1a: Conkeldurr|Facade|p2a: Itsuki\n|-damage|p2a: Itsuki|0 fnt\n|faint|p2a: Itsuki\n|\n|-damage|p1a: Conkeldurr|52\/100 brn|[from] brn\n|upkeep\n|\n|t:|1626489603\n|switch|p2a: no space|Landorus-Therian, M|100\/100\n|-ability|p2a: no space|Intimidate|boost\n|-unboost|p1a: Conkeldurr|atk|1\n|turn|24\n|\n|t:|1626489606\n|switch|p1a: Garchomp|Garchomp, M|100\/100\n|move|p2a: no space|U-turn|p1a: Garchomp\n|-damage|p1a: Garchomp|78\/100\n|-damage|p2a: no space|88\/100|[from] ability: Rough Skin|[of] p1a: Garchomp\n|\n|t:|1626489610\n|switch|p2a: Yotsuba|Weavile, F|100\/100|[from]move: U-turn\n|-ability|p2a: Yotsuba|Pressure\n|\n|-fieldend|Misty Terrain\n|upkeep\n|turn|25\n|\n|t:|1626489614\n|switch|p1a: Tapu Koko|Tapu Koko|100\/100\n|-fieldstart|move: Electric Terrain|[from] ability: Electric Surge|[of] p1a: Tapu Koko\n|move|p2a: Yotsuba|Triple Axel|p1a: Tapu Koko\n|-damage|p1a: Tapu Koko|87\/100\n|-damage|p1a: Tapu Koko|59\/100\n|-damage|p1a: Tapu Koko|20\/100\n|-hitcount|p1a: Tapu Koko|3\n|\n|upkeep\n|turn|26\n|\n|t:|1626489621\n|switch|p1a: Melmetal|Melmetal|57\/100\n|move|p2a: Yotsuba|Ice Shard|p1a: Melmetal\n|-resisted|p1a: Melmetal\n|-damage|p1a: Melmetal|50\/100\n|\n|-heal|p1a: Melmetal|56\/100|[from] item: Leftovers\n|upkeep\n|turn|27\n|\n|t:|1626489628\n|switch|p2a: the reaper|Corviknight, M|100\/100\n|-ability|p2a: the reaper|Pressure\n|switch|p1a: Conkeldurr|Conkeldurr, F|52\/100 brn\n|\n|-damage|p1a: Conkeldurr|46\/100 brn|[from] brn\n|upkeep\n|turn|28\n|j| cHiCo\n|\n|t:|1626489644\n|move|p1a: Conkeldurr|Close Combat|p2a: the reaper\n|-damage|p2a: the reaper|36\/100\n|-unboost|p1a: Conkeldurr|def|1\n|-unboost|p1a: Conkeldurr|spd|1\n|move|p2a: the reaper|Body Press|p1a: Conkeldurr\n|-damage|p1a: Conkeldurr|8\/100 brn\n|\n|-heal|p2a: the reaper|42\/100|[from] item: Leftovers\n|-damage|p1a: Conkeldurr|2\/100 brn|[from] brn\n|upkeep\n|turn|29\n|\n|t:|1626489654\n|move|p1a: Conkeldurr|Close Combat|p2a: the reaper\n|-crit|p2a: the reaper\n|-damage|p2a: the reaper|0 fnt\n|-unboost|p1a: Conkeldurr|def|1\n|-unboost|p1a: Conkeldurr|spd|1\n|faint|p2a: the reaper\n|\n|-damage|p1a: Conkeldurr|0 fnt|[from] brn\n|faint|p1a: Conkeldurr\n|-fieldend|move: Electric Terrain\n|upkeep\n|\n|t:|1626489667\n|switch|p1a: Melmetal|Melmetal|56\/100\n|switch|p2a: no space|Landorus-Therian, M|88\/100\n|-ability|p2a: no space|Intimidate|boost\n|-unboost|p1a: Melmetal|atk|1\n|turn|30\n|\n|t:|1626489671\n|move|p1a: Melmetal|Protect|p1a: Melmetal\n|-singleturn|p1a: Melmetal|Protect\n|move|p2a: no space|Earthquake|p1a: Melmetal\n|-activate|p1a: Melmetal|move: Protect\n|\n|-heal|p2a: no space|94\/100|[from] item: Leftovers\n|-heal|p1a: Melmetal|63\/100|[from] item: Leftovers\n|upkeep\n|turn|31\n|\n|t:|1626489674\n|switch|p1a: Garchomp|Garchomp, M|78\/100\n|move|p2a: no space|Earthquake|p1a: Garchomp\n|-damage|p1a: Garchomp|27\/100\n|\n|-heal|p2a: no space|99\/100|[from] item: Leftovers\n|upkeep\n|turn|32\n|\n|t:|1626489679\n|move|p1a: Garchomp|Draco Meteor|p2a: no space\n|-damage|p2a: no space|49\/100\n|-unboost|p1a: Garchomp|spa|2\n|-damage|p1a: Garchomp|17\/100|[from] item: Life Orb\n|move|p2a: no space|Stealth Rock|p1a: Garchomp\n|-sidestart|p1: LT83AQ GRG|move: Stealth Rock\n|\n|-heal|p2a: no space|55\/100|[from] item: Leftovers\n|upkeep\n|turn|33\n|\n|t:|1626489688\n|switch|p2a: 2 soon|Slowking-Galar, M|89\/100\n|move|p1a: Garchomp|Stealth Rock|p2a: 2 soon\n|-sidestart|p2: BestixL|move: Stealth Rock\n|\n|upkeep\n|turn|34\n|\n|t:|1626489710\n|move|p1a: Garchomp|Earthquake|p2a: 2 soon\n|-supereffective|p2a: 2 soon\n|-damage|p2a: 2 soon|0 fnt\n|faint|p2a: 2 soon\n|-damage|p1a: Garchomp|7\/100|[from] item: Life Orb\n|\n|upkeep\n|j| yop on the flux\n|\n|t:|1626489720\n|switch|p2a: Yotsuba|Weavile, F|100\/100\n|-ability|p2a: Yotsuba|Pressure\n|turn|35\n|l| yop on the flux\n|\n|t:|1626489726\n|move|p2a: Yotsuba|Ice Shard|p1a: Garchomp\n|-supereffective|p1a: Garchomp\n|-damage|p1a: Garchomp|0 fnt\n|faint|p1a: Garchomp\n|\n|upkeep\n|\n|t:|1626489728\n|switch|p1a: Melmetal|Melmetal|63\/100\n|-damage|p1a: Melmetal|56\/100|[from] Stealth Rock\n|turn|36\n|\n|t:|1626489732\n|move|p2a: Yotsuba|Knock Off|p1a: Melmetal\n|-damage|p1a: Melmetal|27\/100\n|-enditem|p1a: Melmetal|Leftovers|[from] move: Knock Off|[of] p2a: Yotsuba\n|move|p1a: Melmetal|Double Iron Bash|p2a: Yotsuba\n|-supereffective|p2a: Yotsuba\n|-damage|p2a: Yotsuba|0 fnt\n|faint|p2a: Yotsuba\n|-hitcount|p2: Yotsuba|1\n|\n|upkeep\n|\n|t:|1626489735\n|switch|p2a: no space|Landorus-Therian, M|55\/100\n|-damage|p2a: no space|42\/100|[from] Stealth Rock\n|-ability|p2a: no space|Intimidate|boost\n|-unboost|p1a: Melmetal|atk|1\n|turn|37\n|\n|t:|1626489737\n|move|p2a: no space|Earthquake|p1a: Melmetal\n|-supereffective|p1a: Melmetal\n|-damage|p1a: Melmetal|0 fnt\n|faint|p1a: Melmetal\n|\n|-heal|p2a: no space|49\/100|[from] item: Leftovers\n|upkeep\n|\n|t:|1626489739\n|switch|p1a: Tapu Koko|Tapu Koko|20\/100\n|-damage|p1a: Tapu Koko|8\/100|[from] Stealth Rock\n|-fieldstart|move: Electric Terrain|[from] ability: Electric Surge|[of] p1a: Tapu Koko\n|turn|38\n|\n|t:|1626489741\n|move|p1a: Tapu Koko|Dazzling Gleam|p2a: no space\n|-damage|p2a: no space|8\/100\n|move|p2a: no space|Earthquake|p1a: Tapu Koko\n|-supereffective|p1a: Tapu Koko\n|-damage|p1a: Tapu Koko|0 fnt\n|faint|p1a: Tapu Koko\n|\n|-heal|p2a: no space|14\/100|[from] item: Leftovers\n|upkeep\n|\n|t:|1626489746\n|switch|p1a: Blissey|Blissey, F|75\/100\n|-damage|p1a: Blissey|62\/100|[from] Stealth Rock\n|turn|39\n|c|\u2606BestixL|ye i choked\n|\n|t:|1626489753\n|move|p2a: no space|Earthquake|p1a: Blissey\n|-damage|p1a: Blissey|21\/100\n|move|p1a: Blissey|Seismic Toss|p2a: no space\n|-damage|p2a: no space|0 fnt\n|faint|p2a: no space\n|\n|win|LT83AQ GRG\n|raw|LT83AQ GRG's rating: 1805 &rarr; <strong>1824<\/strong><br \/>(+19 for winning)\n|raw|BestixL's rating: 1795 &rarr; <strong>1776<\/strong><br \/>(-19 for losing)\n|l|\u2606BestixL\n|l| Pokemon Hates Me\n|c| Liker of Mudkips|wow\n|c| Liker of Mudkips|close\n|l| Landon\u2718A21\n|l| LT82ZW UnzipsC\n|l| RipReckful\n|l| Liker of Mudkips\n|l|\u2606LT83AQ GRG\n|j| sugarhigh\n|l| sugarhigh\n|j| yop on the flux\n","uploadtime":1626489882,"views":47,"p1id":"lt83aqgrg","p2id":"bestixl","formatid":"gen8ou","rating":1776,"private":0,"password":null}