{"id":"gen8vgc2022-1526251334","p1":"Lothlorien2000","p2":"pokeda","format":"gen8vgc2022","log":"|j|\u2606Lothlorien2000\n|j|\u2606pokeda\n|t:|1646753902\n|gametype|doubles\n|player|p1|Lothlorien2000|steven|\n|player|p2|pokeda|dawn|\n|teamsize|p1|6\n|teamsize|p2|6\n|gen|8\n|tier|[Gen 8] VGC 2022\n|rule|Species Clause: Limit one of each Pok\u00e9mon\n|rule|Item Clause: Limit one of each item\n|clearpoke\n|poke|p1|Kyurem-White, L50|\n|poke|p1|Whimsicott, L50, M|\n|poke|p1|Dusclops, L50, F|\n|poke|p1|Reshiram, L50|\n|poke|p1|Amoonguss, L50, F|\n|poke|p1|Rillaboom, L50, M|\n|poke|p2|Kyurem-White, L50|\n|poke|p2|Regieleki, L50|\n|poke|p2|Whimsicott, L50, M|\n|poke|p2|Zacian-*, L50|\n|poke|p2|Landorus-Therian, L50, M|\n|poke|p2|Indeedee-F, L50, F|\n|teampreview|4\n|\n|t:|1646753951\n|start\n|switch|p1a: Dusclops|Dusclops, L50, F|100\/100\n|switch|p1b: Amoonguss|Amoonguss, L50, F|100\/100\n|switch|p2a: Indeedee|Indeedee-F, L50, F|100\/100\n|switch|p2b: Kyurem|Kyurem-White, L50|100\/100\n|-ability|p2b: Kyurem|Turboblaze\n|-fieldstart|move: Psychic Terrain|[from] ability: Psychic Surge|[of] p2a: Indeedee\n|-enditem|p2a: Indeedee|Psychic Seed\n|-boost|p2a: Indeedee|spd|1|[from] item: Psychic Seed\n|-item|p2b: Kyurem|Life Orb|[from] ability: Frisk|[of] p1a: Dusclops|[identify]\n|turn|1\n|\n|t:|1646753988\n|-start|p2b: Kyurem|Dynamax\n|-heal|p2b: Kyurem|100\/100|[silent]\n|move|p2a: Indeedee|Helping Hand|p2b: Kyurem\n|-singleturn|p2b: Kyurem|Helping Hand|[of] p2a: Indeedee\n|move|p1b: Amoonguss|Rage Powder|p1b: Amoonguss\n|-singleturn|p1b: Amoonguss|move: Rage Powder\n|move|p2b: Kyurem|Max Hailstorm|p1b: Amoonguss\n|-supereffective|p1b: Amoonguss\n|-damage|p1b: Amoonguss|0 fnt\n|-weather|Hail\n|faint|p1b: Amoonguss\n|-damage|p2b: Kyurem|96\/100|[from] item: Life Orb\n|move|p1a: Dusclops|Trick Room|p1a: Dusclops\n|-fieldstart|move: Trick Room|[of] p1a: Dusclops\n|\n|-weather|Hail|[upkeep]\n|-damage|p1a: Dusclops|94\/100|[from] Hail\n|-damage|p2a: Indeedee|94\/100|[from] Hail\n|upkeep\n|\n|t:|1646754001\n|switch|p1b: Kyurem|Kyurem-White, L50|100\/100\n|-ability|p1b: Kyurem|Turboblaze\n|turn|2\n|\n|t:|1646754015\n|move|p1b: Kyurem|Protect|p1b: Kyurem\n|-singleturn|p1b: Kyurem|Protect\n|move|p2a: Indeedee|Follow Me|p2a: Indeedee\n|-singleturn|p2a: Indeedee|move: Follow Me\n|move|p1a: Dusclops|Taunt|p2a: Indeedee\n|-start|p2a: Indeedee|move: Taunt\n|move|p2b: Kyurem|Max Wyrmwind|p1b: Kyurem\n|-supereffective|p1b: Kyurem\n|-zbroken|p1b: Kyurem\n|-damage|p1b: Kyurem|46\/100\n|-unboost|p1a: Dusclops|atk|1\n|-unboost|p1b: Kyurem|atk|1\n|-enditem|p1b: Kyurem|Weakness Policy\n|-boost|p1b: Kyurem|atk|2|[from] item: Weakness Policy\n|-boost|p1b: Kyurem|spa|2|[from] item: Weakness Policy\n|-damage|p2b: Kyurem|91\/100|[from] item: Life Orb\n|\n|-weather|Hail|[upkeep]\n|-damage|p1a: Dusclops|88\/100|[from] Hail\n|-damage|p2a: Indeedee|88\/100|[from] Hail\n|upkeep\n|turn|3\n|\n|t:|1646754038\n|switch|p2a: Landorus|Landorus-Therian, L50, M|100\/100\n|-ability|p2a: Landorus|Intimidate|boost\n|-unboost|p1a: Dusclops|atk|1\n|-unboost|p1b: Kyurem|atk|1\n|-end|p2b: Kyurem|Dynamax\n|-heal|p2b: Kyurem|91\/100|[silent]\n|switch|p2b: Zacian|Zacian-Crowned, L50, shiny|100\/100\n|-ability|p2b: Zacian|Intrepid Sword|boost\n|-boost|p2b: Zacian|atk|1\n|-start|p1b: Kyurem|Dynamax\n|-heal|p1b: Kyurem|46\/100|[silent]\n|move|p1a: Dusclops|Taunt|p2a: Landorus\n|-start|p2a: Landorus|move: Taunt\n|move|p1b: Kyurem|Max Wyrmwind|p2b: Zacian\n|-immune|p2b: Zacian\n|\n|-weather|Hail|[upkeep]\n|-damage|p1a: Dusclops|82\/100|[from] Hail\n|-damage|p2a: Landorus|94\/100|[from] Hail\n|-damage|p2b: Zacian|94\/100|[from] Hail\n|upkeep\n|turn|4\n|\n|t:|1646754100\n|move|p2b: Zacian|Protect|p2b: Zacian\n|-singleturn|p2b: Zacian|Protect\n|move|p1a: Dusclops|Taunt||[still]\n|-fail|p1a: Dusclops\n|move|p2a: Landorus|Earthquake|p1b: Kyurem|[spread] p1a,p1b\n|-activate|p2b: Zacian|move: Protect\n|-damage|p1a: Dusclops|62\/100\n|-damage|p1b: Kyurem|27\/100\n|move|p1b: Kyurem|Max Quake|p2b: Zacian\n|-supereffective|p2b: Zacian\n|-zbroken|p2b: Zacian\n|-damage|p2b: Zacian|38\/100\n|-boost|p1a: Dusclops|spd|1\n|-boost|p1b: Kyurem|spd|1\n|\n|-weather|Hail|[upkeep]\n|-damage|p1a: Dusclops|56\/100|[from] Hail\n|-damage|p2a: Landorus|88\/100|[from] Hail\n|-damage|p2b: Zacian|32\/100|[from] Hail\n|upkeep\n|turn|5\n|\n|t:|1646754126\n|switch|p2b: Indeedee|Indeedee-F, L50, F|88\/100\n|move|p1a: Dusclops|Taunt|p2b: Indeedee\n|-start|p2b: Indeedee|move: Taunt\n|move|p2a: Landorus|U-turn|p1b: Kyurem\n|-damage|p1b: Kyurem|15\/100\n|\n|t:|1646754137\n|switch|p2a: Kyurem|Kyurem-White, L50|91\/100|[from]move: U-turn\n|-ability|p2a: Kyurem|Turboblaze\n|move|p1b: Kyurem|Max Hailstorm|p2a: Kyurem\n|-damage|p2a: Kyurem|0 fnt\n|faint|p2a: Kyurem\n|\n|-weather|none\n|-fieldend|move: Trick Room\n|-fieldend|move: Psychic Terrain\n|-end|p1b: Kyurem|Dynamax\n|-heal|p1b: Kyurem|15\/100|[silent]\n|upkeep\n|\n|t:|1646754156\n|switch|p2a: Zacian|Zacian-Crowned, L50, shiny|32\/100\n|-ability|p2a: Zacian|Intrepid Sword|boost\n|-boost|p2a: Zacian|atk|1\n|turn|6\n|\n|t:|1646754180\n|switch|p2b: Landorus|Landorus-Therian, L50, M|88\/100\n|-ability|p2b: Landorus|Intimidate|boost\n|-unboost|p1a: Dusclops|atk|1\n|-unboost|p1b: Kyurem|atk|1\n|move|p2a: Zacian|Behemoth Blade|p1b: Kyurem\n|-supereffective|p1b: Kyurem\n|-damage|p1b: Kyurem|0 fnt\n|faint|p1b: Kyurem\n|move|p1a: Dusclops|Trick Room|p1a: Dusclops\n|-fieldstart|move: Trick Room|[of] p1a: Dusclops\n|\n|upkeep\n|\n|t:|1646754185\n|switch|p1b: Reshiram|Reshiram, L50|100\/100\n|-ability|p1b: Reshiram|Turboblaze\n|turn|7\n|\n|t:|1646754220\n|switch|p2b: Indeedee|Indeedee-F, L50, F|88\/100\n|-fieldstart|move: Psychic Terrain|[from] ability: Psychic Surge|[of] p2b: Indeedee\n|move|p1a: Dusclops|Haze|p1a: Dusclops\n|-clearallboost\n|move|p1b: Reshiram|Blue Flare|p2b: Indeedee\n|-damage|p2b: Indeedee|25\/100\n|move|p2a: Zacian|Play Rough|p1b: Reshiram\n|-damage|p1b: Reshiram|53\/100\n|\n|upkeep\n|turn|8\n|\n|t:|1646754262\n|move|p2b: Indeedee|Protect|p2b: Indeedee\n|-singleturn|p2b: Indeedee|Protect\n|move|p1a: Dusclops|Taunt|p2b: Indeedee\n|-activate|p2b: Indeedee|move: Protect\n|move|p1b: Reshiram|Heat Wave|p2a: Zacian|[spread] p2a\n|-activate|p2b: Indeedee|move: Protect\n|-supereffective|p2a: Zacian\n|-damage|p2a: Zacian|0 fnt\n|faint|p2a: Zacian\n|\n|upkeep\n|\n|t:|1646754270\n|switch|p2a: Landorus|Landorus-Therian, L50, M|88\/100\n|-ability|p2a: Landorus|Intimidate|boost\n|-unboost|p1a: Dusclops|atk|1\n|-unboost|p1b: Reshiram|atk|1\n|turn|9\n|\n|t:|1646754286\n|move|p2b: Indeedee|Helping Hand|p2a: Landorus\n|-singleturn|p2a: Landorus|Helping Hand|[of] p2b: Indeedee\n|move|p1a: Dusclops|Rock Tomb|p2a: Landorus\n|-damage|p2a: Landorus|82\/100\n|-unboost|p2a: Landorus|spe|1\n|move|p2a: Landorus|Earthquake|p1b: Reshiram|[spread] p2b,p1a,p1b\n|-supereffective|p1b: Reshiram\n|-damage|p2b: Indeedee|0 fnt\n|-damage|p1a: Dusclops|27\/100\n|-damage|p1b: Reshiram|0 fnt\n|faint|p2b: Indeedee\n|faint|p1b: Reshiram\n|\n|upkeep\n|turn|10\n|\n|t:|1646754302\n|move|p1a: Dusclops|Rock Tomb|p2a: Landorus\n|-crit|p2a: Landorus\n|-damage|p2a: Landorus|69\/100\n|-unboost|p2a: Landorus|spe|1\n|move|p2a: Landorus|Earthquake|p1a: Dusclops\n|-damage|p1a: Dusclops|0 fnt\n|faint|p1a: Dusclops\n|\n|win|pokeda\n|c|\u2606pokeda|gg\n","uploadtime":1646754318,"views":50,"p1id":"lothlorien2000","p2id":"pokeda","formatid":"gen8vgc2022","rating":0,"private":0,"password":null}