{"id":"gen8unratedrandombattle-1179777456","p1":"Hajmola","p2":"Parcly Taxel","format":"gen8unratedrandombattle","log":"|j|\u2606Hajmola\n|j|\u2606Parcly Taxel\n|t:|1599037835\n|player|p1|Hajmola|pokefan|\n|player|p2|Parcly Taxel|bellelba|\n|teamsize|p1|6\n|teamsize|p2|6\n|gametype|singles\n|gen|8\n|tier|[Gen 8] Unrated Random Battle\n|rule|Species Clause: Limit one of each Pok\u00e9mon\n|rule|HP Percentage Mod: HP is shown in percentages\n|rule|Sleep Clause Mod: Limit one foe put to sleep\n|\n|t:|1599037835\n|start\n|switch|p1a: Butterfree|Butterfree, L86, F|243\/243\n|switch|p2a: Wigglytuff|Wigglytuff, L88, M|390\/390\n|-item|p1a: Butterfree|Heavy-Duty Boots|[from] ability: Frisk|[of] p2a: Wigglytuff|[identify]\n|turn|1\n|\n|t:|1599037850\n|move|p1a: Butterfree|Sleep Powder|p2a: Wigglytuff\n|-status|p2a: Wigglytuff|slp|[from] move: Sleep Powder\n|cant|p2a: Wigglytuff|slp\n|\n|upkeep\n|turn|2\n|\n|t:|1599037860\n|switch|p2a: Carracosta|Carracosta, L88, M|274\/274\n|move|p1a: Butterfree|Quiver Dance|p1a: Butterfree\n|-boost|p1a: Butterfree|spa|1\n|-boost|p1a: Butterfree|spd|1\n|-boost|p1a: Butterfree|spe|1\n|\n|upkeep\n|turn|3\n|\n|t:|1599037869\n|move|p1a: Butterfree|Sleep Powder|p2a: Carracosta\n|-message|Sleep Clause Mod activated.\n|move|p2a: Carracosta|Stone Edge|p1a: Butterfree\n|-supereffective|p1a: Butterfree\n|-damage|p1a: Butterfree|0 fnt\n|faint|p1a: Butterfree\n|\n|upkeep\n|\n|t:|1599037879\n|switch|p1a: Necrozma|Necrozma-Dusk-Mane, L72|259\/259\n|turn|4\n|\n|t:|1599037885\n|move|p1a: Necrozma|Earthquake|p2a: Carracosta\n|-supereffective|p2a: Carracosta\n|-damage|p2a: Carracosta|164\/274\n|move|p2a: Carracosta|Shell Smash|p2a: Carracosta\n|-unboost|p2a: Carracosta|def|1\n|-unboost|p2a: Carracosta|spd|1\n|-boost|p2a: Carracosta|atk|2\n|-boost|p2a: Carracosta|spa|2\n|-boost|p2a: Carracosta|spe|2\n|-enditem|p2a: Carracosta|White Herb\n|-clearnegativeboost|p2a: Carracosta|[silent]\n|\n|upkeep\n|turn|5\n|\n|t:|1599037937\n|move|p2a: Carracosta|Hydro Pump|p1a: Necrozma\n|-damage|p1a: Necrozma|39\/259\n|move|p1a: Necrozma|Dragon Dance|p1a: Necrozma\n|-boost|p1a: Necrozma|atk|1\n|-boost|p1a: Necrozma|spe|1\n|\n|upkeep\n|turn|6\n|\n|t:|1599037945\n|move|p2a: Carracosta|Aqua Jet|p1a: Necrozma\n|-damage|p1a: Necrozma|0 fnt\n|faint|p1a: Necrozma\n|\n|upkeep\n|-message|Hajmola forfeited.\n|\n|win|Parcly Taxel\n|l|\u2606Hajmola\n","inputlog":">version 51a1a1325e578faf4bc4c41fc400ffe9d43e6bcc\n>start {\"formatid\":\"gen8unratedrandombattle\",\"seed\":[57886,28160,4136,53062]}\n>player p1 {\"name\":\"Hajmola\",\"avatar\":\"pokefan\",\"team\":\"\",\"rating\":0,\"seed\":[21222,21253,12497,15610]}\n>player p2 {\"name\":\"Parcly Taxel\",\"avatar\":\"bellelba\",\"team\":\"\",\"rating\":0,\"seed\":[58318,16158,22408,34483]}\n>p1 move sleeppowder\n>p2 move lightscreen\n>p1 move quiverdance\n>p2 switch 2\n>p1 move sleeppowder\n>p2 move stoneedge\n>p1 switch 4\n>p1 move earthquake\n>p2 move shellsmash\n>p1 move dragondance\n>p2 move hydropump\n>p1 move sunsteelstrike\n>p2 move aquajet","uploadtime":1599037954,"views":3,"p1id":"hajmola","p2id":"parclytaxel","formatid":"gen8unratedrandombattle","rating":0,"private":0,"password":null}