{"id":"gen8ou-1692444862","p1":"Kwaga","p2":"man with the juice","format":"gen8ou","log":"|html|<div class=\"broadcast-blue\"><strong>[Gen 8] OU is currently suspecting Melmetal! For information on how to participate check out the <a href=\"https:\/\/www.smogon.com\/forums\/threads\/np-ss-ou-suspect-process-round-12-monster-mash.3709234\/\">suspect thread<\/a>.<\/strong><\/div>\n|j|\u2606Kwaga\n|j|\u2606man with the juice\n|t:|1666485750\n|gametype|singles\n|player|p1|Kwaga|brock-gen1rb|1652\n|player|p2|man with the juice|2|1544\n|teamsize|p1|6\n|teamsize|p2|6\n|gen|8\n|tier|[Gen 8] OU\n|rated|\n|rule|Sleep Clause Mod: Limit one foe put to sleep\n|rule|Species Clause: Limit one of each Pok\u00e9mon\n|rule|OHKO Clause: OHKO moves are banned\n|rule|Evasion Items Clause: Evasion items are banned\n|rule|Evasion Moves Clause: Evasion moves are banned\n|rule|Endless Battle Clause: Forcing endless battles is banned\n|rule|HP Percentage Mod: HP is shown in percentages\n|rule|Dynamax Clause: You cannot dynamax\n|clearpoke\n|poke|p1|Mew|\n|poke|p1|Weavile, M|\n|poke|p1|Crawdaunt, M|\n|poke|p1|Garchomp, M|\n|poke|p1|Celesteela|\n|poke|p1|Blacephalon|\n|poke|p2|Vanilluxe, F|\n|poke|p2|Magnezone|\n|poke|p2|Buzzwole|\n|poke|p2|Kartana|\n|poke|p2|Garchomp, M|\n|poke|p2|Tornadus-Therian, M|\n|teampreview\n|inactive|Battle timer is ON: inactive players will automatically lose when time's up. (requested by man with the juice)\n|\n|t:|1666485762\n|start\n|switch|p1a: Mew|Mew|100\/100\n|switch|p2a: Vanilluxe|Vanilluxe, F|100\/100\n|-weather|Hail|[from] ability: Snow Warning|[of] p2a: Vanilluxe\n|turn|1\n|\n|t:|1666485765\n|move|p1a: Mew|Thunder Wave|p2a: Vanilluxe\n|-status|p2a: Vanilluxe|par\n|move|p2a: Vanilluxe|Blizzard|p1a: Mew\n|-damage|p1a: Mew|49\/100\n|\n|-weather|Hail|[upkeep]\n|-damage|p1a: Mew|42\/100|[from] Hail\n|upkeep\n|turn|2\n|\n|t:|1666485769\n|move|p1a: Mew|Stealth Rock|p2a: Vanilluxe\n|-sidestart|p2: man with the juice|move: Stealth Rock\n|move|p2a: Vanilluxe|Blizzard|p1a: Mew\n|-damage|p1a: Mew|0 fnt\n|faint|p1a: Mew\n|\n|-weather|Hail|[upkeep]\n|upkeep\n|inactive|Kwaga has 120 seconds left.\n|\n|t:|1666485811\n|switch|p1a: Blacephalon|Blacephalon, shiny|100\/100\n|turn|3\n|\n|t:|1666485821\n|move|p1a: Blacephalon|Flamethrower|p2a: Vanilluxe\n|-supereffective|p2a: Vanilluxe\n|-damage|p2a: Vanilluxe|0 fnt\n|faint|p2a: Vanilluxe\n|-ability|p1a: Blacephalon|Beast Boost|boost\n|-boost|p1a: Blacephalon|spa|1\n|\n|-weather|Hail|[upkeep]\n|-damage|p1a: Blacephalon|94\/100|[from] Hail\n|upkeep\n|\n|t:|1666485824\n|switch|p2a: Magnezone|Magnezone, shiny|100\/100\n|-damage|p2a: Magnezone|94\/100|[from] Stealth Rock\n|turn|4\n|\n|t:|1666485825\n|move|p1a: Blacephalon|Flamethrower|p2a: Magnezone\n|-supereffective|p2a: Magnezone\n|-damage|p2a: Magnezone|0 fnt\n|faint|p2a: Magnezone\n|-ability|p1a: Blacephalon|Beast Boost|boost\n|-boost|p1a: Blacephalon|spa|1\n|\n|-weather|Hail|[upkeep]\n|-damage|p1a: Blacephalon|88\/100|[from] Hail\n|upkeep\n|\n|t:|1666485828\n|switch|p2a: Kartana|Kartana|100\/100\n|-damage|p2a: Kartana|94\/100|[from] Stealth Rock\n|turn|5\n|\n|t:|1666485840\n|switch|p1a: Crawdaunt|Crawdaunt, M|100\/100\n|move|p2a: Kartana|Knock Off|p1a: Crawdaunt\n|-resisted|p1a: Crawdaunt\n|-damage|p1a: Crawdaunt|70\/100\n|-enditem|p1a: Crawdaunt|Life Orb|[from] move: Knock Off|[of] p2a: Kartana\n|\n|-weather|none\n|upkeep\n|turn|6\n|\n|t:|1666485847\n|switch|p2a: Buzzwole|Buzzwole|100\/100\n|-damage|p2a: Buzzwole|88\/100|[from] Stealth Rock\n|switch|p1a: Blacephalon|Blacephalon, shiny|88\/100\n|\n|upkeep\n|turn|7\n|\n|t:|1666485850\n|switch|p2a: Garchomp|Garchomp, M|100\/100\n|-damage|p2a: Garchomp|94\/100|[from] Stealth Rock\n|move|p1a: Blacephalon|Flamethrower|p2a: Garchomp\n|-resisted|p2a: Garchomp\n|-damage|p2a: Garchomp|69\/100\n|\n|-heal|p2a: Garchomp|75\/100|[from] item: Leftovers\n|upkeep\n|turn|8\n|\n|t:|1666485853\n|switch|p1a: Crawdaunt|Crawdaunt, M|70\/100\n|move|p2a: Garchomp|Stealth Rock|p1a: Crawdaunt\n|-sidestart|p1: Kwaga|move: Stealth Rock\n|\n|-heal|p2a: Garchomp|82\/100|[from] item: Leftovers\n|upkeep\n|turn|9\n|\n|t:|1666485856\n|move|p2a: Garchomp|Protect|p2a: Garchomp\n|-singleturn|p2a: Garchomp|Protect\n|move|p1a: Crawdaunt|Knock Off|p2a: Garchomp\n|-activate|p2a: Garchomp|move: Protect\n|\n|-heal|p2a: Garchomp|88\/100|[from] item: Leftovers\n|upkeep\n|turn|10\n|\n|t:|1666485861\n|switch|p2a: Buzzwole|Buzzwole|88\/100\n|-damage|p2a: Buzzwole|76\/100|[from] Stealth Rock\n|move|p1a: Crawdaunt|Knock Off|p2a: Buzzwole\n|-resisted|p2a: Buzzwole\n|-damage|p2a: Buzzwole|52\/100\n|-damage|p1a: Crawdaunt|53\/100|[from] item: Rocky Helmet|[of] p2a: Buzzwole\n|-enditem|p2a: Buzzwole|Rocky Helmet|[from] move: Knock Off|[of] p1a: Crawdaunt\n|\n|upkeep\n|turn|11\n|\n|t:|1666485865\n|switch|p2a: Kartana|Kartana|94\/100\n|-damage|p2a: Kartana|88\/100|[from] Stealth Rock\n|move|p1a: Crawdaunt|Crabhammer|p2a: Kartana\n|-resisted|p2a: Kartana\n|-damage|p2a: Kartana|53\/100\n|\n|upkeep\n|turn|12\n|\n|t:|1666485869\n|move|p1a: Crawdaunt|Aqua Jet|p2a: Kartana\n|-resisted|p2a: Kartana\n|-damage|p2a: Kartana|38\/100\n|move|p2a: Kartana|Leaf Blade|p1a: Crawdaunt\n|-supereffective|p1a: Crawdaunt\n|-damage|p1a: Crawdaunt|0 fnt\n|faint|p1a: Crawdaunt\n|-ability|p2a: Kartana|Beast Boost|boost\n|-boost|p2a: Kartana|atk|1\n|\n|upkeep\n|\n|t:|1666485872\n|switch|p1a: Celesteela|Celesteela|100\/100\n|-damage|p1a: Celesteela|88\/100|[from] Stealth Rock\n|turn|13\n|\n|t:|1666485878\n|switch|p2a: Tornadus|Tornadus-Therian, M|100\/100\n|move|p1a: Celesteela|Autotomize|p1a: Celesteela\n|-boost|p1a: Celesteela|spe|2\n|-start|p1a: Celesteela|Autotomize\n|\n|upkeep\n|turn|14\n|\n|t:|1666485880\n|move|p1a: Celesteela|Meteor Beam||[still]\n|-prepare|p1a: Celesteela|Meteor Beam\n|-boost|p1a: Celesteela|spa|1\n|-enditem|p1a: Celesteela|Power Herb\n|-anim|p1a: Celesteela|Meteor Beam|p2a: Tornadus\n|-supereffective|p2a: Tornadus\n|-damage|p2a: Tornadus|0 fnt\n|faint|p2a: Tornadus\n|-ability|p1a: Celesteela|Beast Boost|boost\n|-boost|p1a: Celesteela|spa|1\n|\n|upkeep\n|\n|t:|1666485884\n|switch|p2a: Kartana|Kartana|38\/100\n|-damage|p2a: Kartana|31\/100|[from] Stealth Rock\n|turn|15\n|-message|man with the juice forfeited.\n|\n|win|Kwaga\n|raw|Kwaga's rating: 1652 &rarr; <strong>1666<\/strong><br \/>(+14 for winning)\n|raw|man with the juice's rating: 1544 &rarr; <strong>1530<\/strong><br \/>(-14 for losing)\n|l|\u2606man with the juice\n","uploadtime":1666485888,"views":8,"p1id":"kwaga","p2id":"manwiththejuice","formatid":"gen8ou","rating":1530,"private":0,"password":null}