{"id":"gen8cap-1681159140","p1":"reverse whirl","p2":"Draco09876","format":"gen8cap","log":"|j|\u2606reverse whirl\n|j|\u2606Draco09876\n|t:|1665276435\n|gametype|singles\n|player|p1|reverse whirl|265|1251\n|player|p2|Draco09876|169|1399\n|teamsize|p1|6\n|teamsize|p2|6\n|gen|8\n|tier|[Gen 8] CAP\n|rated|\n|rule|Sleep Clause Mod: Limit one foe put to sleep\n|rule|Species Clause: Limit one of each Pok\u00e9mon\n|rule|OHKO Clause: OHKO moves are banned\n|rule|Evasion Items Clause: Evasion items are banned\n|rule|Evasion Moves Clause: Evasion moves are banned\n|rule|Endless Battle Clause: Forcing endless battles is banned\n|rule|HP Percentage Mod: HP is shown in percentages\n|rule|Dynamax Clause: You cannot dynamax\n|clearpoke\n|poke|p1|Urshifu-*, M|\n|poke|p1|Slowking-Galar, F|\n|poke|p1|Heatran, M|\n|poke|p1|Colossoil, F|\n|poke|p1|Tornadus-Therian, M|\n|poke|p1|Jumbao, F|\n|poke|p2|Colossoil, M|\n|poke|p2|Syclant, M|\n|poke|p2|Dragapult, F|\n|poke|p2|Snaelstrom, F|\n|poke|p2|Slowking-Galar, F|\n|poke|p2|Corviknight, M|\n|teampreview\n|inactive|Battle timer is ON: inactive players will automatically lose when time's up. (requested by Draco09876)\n|\n|t:|1665276455\n|start\n|switch|p1a: Colossoil|Colossoil, F|100\/100\n|switch|p2a: Syclant|Syclant, M|100\/100\n|turn|1\n|\n|t:|1665276462\n|switch|p1a: Heatran|Heatran, M|100\/100\n|move|p2a: Syclant|Superpower|p1a: Heatran\n|-supereffective|p1a: Heatran\n|-damage|p1a: Heatran|2\/100\n|-unboost|p2a: Syclant|atk|1\n|-unboost|p2a: Syclant|def|1\n|\n|-heal|p1a: Heatran|8\/100|[from] item: Leftovers\n|upkeep\n|turn|2\n|\n|t:|1665276466\n|switch|p1a: Tornadus|Tornadus-Therian, M|100\/100\n|move|p2a: Syclant|Superpower|p1a: Tornadus\n|-resisted|p1a: Tornadus\n|-damage|p1a: Tornadus|76\/100\n|-unboost|p2a: Syclant|atk|1\n|-unboost|p2a: Syclant|def|1\n|\n|upkeep\n|turn|3\n|\n|t:|1665276474\n|switch|p2a: Corviknight|Corviknight, M|100\/100\n|-ability|p2a: Corviknight|Pressure\n|move|p1a: Tornadus|Nasty Plot|p1a: Tornadus\n|-boost|p1a: Tornadus|spa|2\n|\n|upkeep\n|turn|4\n|\n|t:|1665276479\n|move|p1a: Tornadus|Heat Wave|p2a: Corviknight\n|-supereffective|p2a: Corviknight\n|-damage|p2a: Corviknight|0 fnt\n|faint|p2a: Corviknight\n|\n|upkeep\n|\n|t:|1665276482\n|switch|p2a: Syclant|Syclant, M|100\/100\n|turn|5\n|\n|t:|1665276484\n|switch|p1a: Heatran|Heatran, M|8\/100\n|move|p2a: Syclant|Triple Axel|p1a: Heatran\n|-resisted|p1a: Heatran\n|-damage|p1a: Heatran|5\/100\n|-resisted|p1a: Heatran\n|-damage|p1a: Heatran|0 fnt\n|faint|p1a: Heatran\n|-hitcount|p1: Heatran|2\n|\n|upkeep\n|\n|t:|1665276489\n|switch|p1a: Urshifu|Urshifu-Rapid-Strike, M|100\/100\n|turn|6\n|j| ACDCfire\n|\n|t:|1665276497\n|switch|p2a: Snaelstrom|Snaelstrom, F|100\/100\n|move|p1a: Urshifu|U-turn|p2a: Snaelstrom\n|-crit|p2a: Snaelstrom\n|-damage|p2a: Snaelstrom|67\/100\n|\n|t:|1665276503\n|switch|p1a: Tornadus|Tornadus-Therian, M|100\/100|[from]move: U-turn\n|\n|-status|p2a: Snaelstrom|tox|[from] item: Toxic Orb\n|upkeep\n|turn|7\n|\n|t:|1665276512\n|move|p1a: Tornadus|Hurricane|p2a: Snaelstrom\n|-supereffective|p2a: Snaelstrom\n|-damage|p2a: Snaelstrom|0 fnt\n|faint|p2a: Snaelstrom\n|\n|upkeep\n|\n|t:|1665276517\n|switch|p2a: Colossoil|Colossoil, M|100\/100\n|turn|8\n|\n|t:|1665276523\n|move|p1a: Tornadus|Hurricane|p2a: Colossoil\n|-damage|p2a: Colossoil|48\/100\n|-start|p2a: Colossoil|confusion\n|-activate|p2a: Colossoil|confusion\n|move|p2a: Colossoil|Knock Off|p1a: Tornadus\n|-damage|p1a: Tornadus|35\/100\n|-enditem|p1a: Tornadus|Heavy-Duty Boots|[from] move: Knock Off|[of] p2a: Colossoil\n|\n|-status|p2a: Colossoil|brn|[from] item: Flame Orb\n|upkeep\n|turn|9\n|\n|t:|1665276529\n|switch|p1a: Urshifu|Urshifu-Rapid-Strike, M|100\/100\n|-activate|p2a: Colossoil|confusion\n|move|p2a: Colossoil|Sucker Punch||[still]\n|-fail|p2a: Colossoil\n|\n|-damage|p2a: Colossoil|42\/100 brn|[from] brn\n|upkeep\n|turn|10\n|\n|t:|1665276533\n|switch|p2a: Dragapult|Dragapult, F|100\/100\n|move|p1a: Urshifu|Surging Strikes|p2a: Dragapult\n|-resisted|p2a: Dragapult\n|-crit|p2a: Dragapult\n|-damage|p2a: Dragapult|80\/100\n|-resisted|p2a: Dragapult\n|-crit|p2a: Dragapult\n|-damage|p2a: Dragapult|59\/100\n|-resisted|p2a: Dragapult\n|-crit|p2a: Dragapult\n|-damage|p2a: Dragapult|40\/100\n|-hitcount|p2a: Dragapult|3\n|\n|upkeep\n|turn|11\n|\n|t:|1665276542\n|switch|p1a: Jumbao|Jumbao, F|100\/100\n|-ability|p1a: Jumbao|Clear Body|[from] ability: Trace|[of] p2a: Dragapult\n|move|p2a: Dragapult|Draco Meteor|p1a: Jumbao\n|-immune|p1a: Jumbao\n|\n|upkeep\n|turn|12\n|\n|t:|1665276545\n|move|p1a: Jumbao|Moonblast|p2a: Dragapult\n|-supereffective|p2a: Dragapult\n|-damage|p2a: Dragapult|0 fnt\n|faint|p2a: Dragapult\n|\n|upkeep\n|\n|t:|1665276550\n|switch|p2a: Slowking|Slowking-Galar, F|100\/100\n|turn|13\n|\n|t:|1665276554\n|switch|p1a: Colossoil|Colossoil, F|100\/100\n|switch|p2a: Colossoil|Colossoil, M|42\/100 brn\n|\n|-damage|p2a: Colossoil|36\/100 brn|[from] brn\n|upkeep\n|turn|14\n|\n|t:|1665276556\n|move|p2a: Colossoil|Earthquake|p1a: Colossoil\n|-damage|p1a: Colossoil|17\/100\n|move|p1a: Colossoil|Earthquake|p2a: Colossoil\n|-damage|p2a: Colossoil|0 fnt\n|faint|p2a: Colossoil\n|\n|-heal|p1a: Colossoil|23\/100|[from] item: Leftovers\n|upkeep\n|\n|t:|1665276559\n|switch|p2a: Syclant|Syclant, M|100\/100\n|turn|15\n|\n|t:|1665276565\n|switch|p1a: Slowking|Slowking-Galar, F|100\/100\n|move|p2a: Syclant|U-turn|p1a: Slowking\n|-damage|p1a: Slowking|44\/100\n|\n|t:|1665276567\n|switch|p2a: Slowking|Slowking-Galar, F|100\/100|[from]move: U-turn\n|\n|upkeep\n|turn|16\n|\n|t:|1665276570\n|move|p1a: Slowking|Future Sight|p2a: Slowking\n|-start|p1a: Slowking|move: Future Sight\n|move|p2a: Slowking|Flamethrower|p1a: Slowking\n|-damage|p1a: Slowking|27\/100\n|\n|upkeep\n|turn|17\n|\n|t:|1665276576\n|switch|p1a: Colossoil|Colossoil, F|23\/100\n|move|p2a: Slowking|Sludge Bomb|p1a: Colossoil\n|-resisted|p1a: Colossoil\n|-damage|p1a: Colossoil|6\/100\n|\n|-heal|p1a: Colossoil|13\/100|[from] item: Leftovers\n|upkeep\n|turn|18\n|\n|t:|1665276584\n|move|p1a: Colossoil|Knock Off|p2a: Slowking\n|-supereffective|p2a: Slowking\n|-damage|p2a: Slowking|24\/100\n|-enditem|p2a: Slowking|Assault Vest|[from] move: Knock Off|[of] p1a: Colossoil\n|move|p2a: Slowking|Flamethrower|p1a: Colossoil\n|-damage|p1a: Colossoil|0 fnt\n|faint|p1a: Colossoil\n|\n|-end|p2a: Slowking|move: Future Sight\n|-damage|p2a: Slowking|0 fnt\n|faint|p2a: Slowking\n|upkeep\n|\n|t:|1665276591\n|switch|p1a: Urshifu|Urshifu-Rapid-Strike, M|100\/100\n|switch|p2a: Syclant|Syclant, M|100\/100\n|turn|19\n|\n|t:|1665276595\n|move|p2a: Syclant|Triple Axel|p1a: Urshifu\n|-resisted|p1a: Urshifu\n|-damage|p1a: Urshifu|93\/100\n|-resisted|p1a: Urshifu\n|-crit|p1a: Urshifu\n|-damage|p1a: Urshifu|73\/100\n|-resisted|p1a: Urshifu\n|-damage|p1a: Urshifu|51\/100\n|-hitcount|p1a: Urshifu|3\n|move|p1a: Urshifu|Surging Strikes|p2a: Syclant\n|-crit|p2a: Syclant\n|-damage|p2a: Syclant|56\/100\n|-crit|p2a: Syclant\n|-damage|p2a: Syclant|3\/100\n|-crit|p2a: Syclant\n|-damage|p2a: Syclant|0 fnt\n|faint|p2a: Syclant\n|-hitcount|p2: Syclant|3\n|\n|win|reverse whirl\n|raw|reverse whirl's rating: 1251 &rarr; <strong>1286<\/strong><br \/>(+35 for winning)\n|raw|Draco09876's rating: 1399 &rarr; <strong>1371<\/strong><br \/>(-28 for losing)\n|l|\u2606Draco09876\n|l| ACDCfire\n|c|\u2606reverse whirl|gg\n|j| pipcap\n||Ladder isn't responding, score probably updated but might not have (Request timeout).\n","uploadtime":1665276610,"views":7,"p1id":"reversewhirl","p2id":"draco09876","formatid":"gen8cap","rating":1286,"private":0,"password":null}