{"id":"gen8ou-1692441326","p1":"BrokenRayquaza","p2":"Kwaga","format":"gen8ou","log":"|html|<div class=\"broadcast-blue\"><strong>[Gen 8] OU is currently suspecting Melmetal! For information on how to participate check out the <a href=\"https:\/\/www.smogon.com\/forums\/threads\/np-ss-ou-suspect-process-round-12-monster-mash.3709234\/\">suspect thread<\/a>.<\/strong><\/div>\n|j|\u2606BrokenRayquaza\n|j|\u2606Kwaga\n|t:|1666485360\n|gametype|singles\n|player|p1|BrokenRayquaza|benga|1518\n|player|p2|Kwaga|brock-gen1rb|1611\n|teamsize|p1|6\n|teamsize|p2|6\n|gen|8\n|tier|[Gen 8] OU\n|rated|\n|rule|Sleep Clause Mod: Limit one foe put to sleep\n|rule|Species Clause: Limit one of each Pok\u00e9mon\n|rule|OHKO Clause: OHKO moves are banned\n|rule|Evasion Items Clause: Evasion items are banned\n|rule|Evasion Moves Clause: Evasion moves are banned\n|rule|Endless Battle Clause: Forcing endless battles is banned\n|rule|HP Percentage Mod: HP is shown in percentages\n|rule|Dynamax Clause: You cannot dynamax\n|clearpoke\n|poke|p1|Jirachi|\n|poke|p1|Magnezone|\n|poke|p1|Dragapult, M|\n|poke|p1|Hydreigon, M|\n|poke|p1|Tyranitar, M|\n|poke|p1|Slowbro, M|\n|poke|p2|Mew|\n|poke|p2|Weavile, M|\n|poke|p2|Crawdaunt, M|\n|poke|p2|Garchomp, M|\n|poke|p2|Celesteela|\n|poke|p2|Blacephalon|\n|teampreview\n|inactive|Battle timer is ON: inactive players will automatically lose when time's up. (requested by Kwaga)\n|\n|t:|1666485367\n|start\n|switch|p1a: Hydreigon|Hydreigon, M|100\/100\n|switch|p2a: Mew|Mew|100\/100\n|turn|1\n|\n|t:|1666485369\n|move|p1a: Hydreigon|Dark Pulse|p2a: Mew\n|-supereffective|p2a: Mew\n|-enditem|p2a: Mew|Colbur Berry|[eat]\n|-enditem|p2a: Mew|Colbur Berry|[weaken]\n|-damage|p2a: Mew|66\/100\n|move|p2a: Mew|Thunder Wave|p1a: Hydreigon\n|-status|p1a: Hydreigon|par\n|\n|upkeep\n|turn|2\n|j| StupidIdiotMe\n|\n|t:|1666485375\n|move|p2a: Mew|Stealth Rock|p1a: Hydreigon\n|-sidestart|p1: BrokenRayquaza|move: Stealth Rock\n|move|p1a: Hydreigon|Dark Pulse|p2a: Mew\n|-supereffective|p2a: Mew\n|-damage|p2a: Mew|0 fnt\n|faint|p2a: Mew\n|\n|upkeep\n|\n|t:|1666485389\n|switch|p2a: Weavile|Weavile, M|100\/100\n|-ability|p2a: Weavile|Pressure\n|turn|3\n|\n|t:|1666485394\n|move|p2a: Weavile|Swords Dance|p2a: Weavile\n|-boost|p2a: Weavile|atk|2\n|move|p1a: Hydreigon|Dark Pulse|p2a: Weavile\n|-resisted|p2a: Weavile\n|-damage|p2a: Weavile|71\/100\n|\n|upkeep\n|turn|4\n|\n|t:|1666485401\n|switch|p1a: Magnezone|Magnezone|100\/100\n|-damage|p1a: Magnezone|94\/100|[from] Stealth Rock\n|move|p2a: Weavile|Ice Shard|p1a: Magnezone\n|-resisted|p1a: Magnezone\n|-crit|p1a: Magnezone\n|-damage|p1a: Magnezone|64\/100\n|-damage|p2a: Weavile|61\/100|[from] item: Life Orb\n|\n|-heal|p1a: Magnezone|71\/100|[from] item: Leftovers\n|upkeep\n|turn|5\n|\n|t:|1666485404\n|move|p2a: Weavile|Knock Off|p1a: Magnezone\n|-damage|p1a: Magnezone|0 fnt\n|-enditem|p1a: Magnezone|Leftovers|[from] move: Knock Off|[of] p2a: Weavile\n|faint|p1a: Magnezone\n|-damage|p2a: Weavile|51\/100|[from] item: Life Orb\n|\n|upkeep\n|\n|t:|1666485415\n|switch|p1a: Tyranitar|Tyranitar, M|100\/100\n|-damage|p1a: Tyranitar|88\/100|[from] Stealth Rock\n|-weather|Sandstorm|[from] ability: Sand Stream|[of] p1a: Tyranitar\n|turn|6\n|\n|t:|1666485418\n|move|p2a: Weavile|Triple Axel|p1a: Tyranitar\n|-damage|p1a: Tyranitar|68\/100\n|-damage|p1a: Tyranitar|20\/100\n|-crit|p1a: Tyranitar\n|-damage|p1a: Tyranitar|0 fnt\n|faint|p1a: Tyranitar\n|-hitcount|p1: Tyranitar|3\n|-damage|p2a: Weavile|41\/100|[from] item: Life Orb\n|\n|-weather|Sandstorm|[upkeep]\n|-damage|p2a: Weavile|35\/100|[from] Sandstorm\n|upkeep\n|\n|t:|1666485427\n|switch|p1a: Jirachi|Jirachi|100\/100\n|-damage|p1a: Jirachi|94\/100|[from] Stealth Rock\n|turn|7\n|\n|t:|1666485430\n|move|p2a: Weavile|Knock Off|p1a: Jirachi\n|-supereffective|p1a: Jirachi\n|-damage|p1a: Jirachi|0 fnt\n|-enditem|p1a: Jirachi|Leftovers|[from] move: Knock Off|[of] p2a: Weavile\n|faint|p1a: Jirachi\n|-damage|p2a: Weavile|25\/100|[from] item: Life Orb\n|\n|-weather|Sandstorm|[upkeep]\n|-damage|p2a: Weavile|19\/100|[from] Sandstorm\n|upkeep\n|\n|t:|1666485448\n|switch|p1a: Dragapult|Dragapult, M, shiny|100\/100\n|-damage|p1a: Dragapult|88\/100|[from] Stealth Rock\n|turn|8\n|\n|t:|1666485450\n|move|p2a: Weavile|Ice Shard|p1a: Dragapult\n|-supereffective|p1a: Dragapult\n|-damage|p1a: Dragapult|0 fnt\n|faint|p1a: Dragapult\n|-damage|p2a: Weavile|9\/100|[from] item: Life Orb\n|\n|-weather|Sandstorm|[upkeep]\n|-damage|p2a: Weavile|3\/100|[from] Sandstorm\n|upkeep\n|\n|t:|1666485453\n|switch|p1a: Slowbro|Slowbro, M|100\/100\n|turn|9\n|\n|t:|1666485458\n|move|p2a: Weavile|Knock Off|p1a: Slowbro\n|-supereffective|p1a: Slowbro\n|-damage|p1a: Slowbro|0 fnt\n|-enditem|p1a: Slowbro|Heavy-Duty Boots|[from] move: Knock Off|[of] p2a: Weavile\n|faint|p1a: Slowbro\n|-damage|p2a: Weavile|0 fnt|[from] item: Life Orb\n|faint|p2a: Weavile\n|\n|-weather|Sandstorm|[upkeep]\n|upkeep\n|\n|t:|1666485467\n|switch|p2a: Garchomp|Garchomp, M|100\/100\n|switch|p1a: Hydreigon|Hydreigon, M|100\/100 par\n|-damage|p1a: Hydreigon|88\/100 par|[from] Stealth Rock\n|turn|10\n|\n|t:|1666485473\n|move|p2a: Garchomp|Scale Shot|p1a: Hydreigon\n|-supereffective|p1a: Hydreigon\n|-damage|p1a: Hydreigon|60\/100 par\n|-supereffective|p1a: Hydreigon\n|-damage|p1a: Hydreigon|32\/100 par\n|-supereffective|p1a: Hydreigon\n|-damage|p1a: Hydreigon|3\/100 par\n|-supereffective|p1a: Hydreigon\n|-damage|p1a: Hydreigon|0 fnt\n|faint|p1a: Hydreigon\n|-hitcount|p1: Hydreigon|4\n|\n|win|Kwaga\n|raw|BrokenRayquaza's rating: 1518 &rarr; <strong>1503<\/strong><br \/>(-15 for losing)\n|raw|Kwaga's rating: 1611 &rarr; <strong>1626<\/strong><br \/>(+15 for winning)\n","uploadtime":1666485476,"views":6,"p1id":"brokenrayquaza","p2id":"kwaga","formatid":"gen8ou","rating":1503,"private":0,"password":null}