{"id":"gen8ou-1244653850","p1":"Karmatron","p2":"roboPOKE","format":"gen8ou","log":"|j|\u2606Karmatron\n|j|\u2606roboPOKE\n|t:|1608112254\n|player|p1|Karmatron|waiter|1840\n|player|p2|roboPOKE|265|1807\n|teamsize|p1|6\n|teamsize|p2|6\n|gametype|singles\n|gen|8\n|tier|[Gen 8] OU\n|rated|\n|clearpoke\n|poke|p1|Tapu Koko|\n|poke|p1|Landorus-Therian, M|\n|poke|p1|Hawlucha, M|\n|poke|p1|Spectrier|\n|poke|p1|Urshifu-*, M|\n|poke|p1|Magearna|\n|poke|p2|Garchomp, F|\n|poke|p2|Slowking-Galar, M|\n|poke|p2|Clefable, F|\n|poke|p2|Urshifu-*, F|\n|poke|p2|Landorus-Therian, M|\n|poke|p2|Jirachi|\n|rule|Sleep Clause Mod: Limit one foe put to sleep\n|rule|Species Clause: Limit one of each Pok\u00e9mon\n|rule|OHKO Clause: OHKO moves are banned\n|rule|Evasion Moves Clause: Evasion moves are banned\n|rule|Endless Battle Clause: Forcing endless battles is banned\n|rule|HP Percentage Mod: HP is shown in percentages\n|rule|Dynamax Clause: You cannot dynamax\n|teampreview\n|inactive|Battle timer is ON: inactive players will automatically lose when time's up. (requested by Karmatron)\n|j| Pink Smoke\n|\n|t:|1608112272\n|start\n|switch|p1a: Landorus|Landorus-Therian, M|100\/100\n|switch|p2a: Urshifu|Urshifu, F|100\/100\n|-ability|p1a: Landorus|Intimidate|boost\n|-unboost|p2a: Urshifu|atk|1\n|turn|1\n|\n|t:|1608112276\n|move|p1a: Landorus|Stealth Rock|p2a: Urshifu\n|-sidestart|p2: roboPOKE|move: Stealth Rock\n|move|p2a: Urshifu|Wicked Blow|p1a: Landorus\n|-crit|p1a: Landorus\n|-enditem|p1a: Landorus|Focus Sash\n|-damage|p1a: Landorus|1\/100\n|-damage|p2a: Urshifu|91\/100|[from] item: Life Orb\n|\n|upkeep\n|turn|2\n|\n|t:|1608112290\n|move|p2a: Urshifu|Sucker Punch|p1a: Landorus\n|-damage|p1a: Landorus|0 fnt\n|-damage|p2a: Urshifu|81\/100|[from] item: Life Orb\n|faint|p1a: Landorus\n|\n|upkeep\n|\n|t:|1608112298\n|switch|p1a: Tapu Koko|Tapu Koko|100\/100\n|-fieldstart|move: Electric Terrain|[from] ability: Electric Surge|[of] p1a: Tapu Koko\n|turn|3\n|\n|t:|1608112303\n|switch|p2a: Landorus|Landorus-Therian, M|100\/100\n|-damage|p2a: Landorus|88\/100|[from] Stealth Rock\n|-ability|p2a: Landorus|Intimidate|boost\n|-unboost|p1a: Tapu Koko|atk|1\n|move|p1a: Tapu Koko|Reflect|p1a: Tapu Koko\n|-sidestart|p1: Karmatron|Reflect\n|\n|-heal|p2a: Landorus|94\/100|[from] item: Leftovers\n|upkeep\n|turn|4\n|\n|t:|1608112308\n|move|p1a: Tapu Koko|Taunt|p2a: Landorus\n|-start|p2a: Landorus|move: Taunt\n|cant|p2a: Landorus|move: Taunt|Stealth Rock\n|\n|-heal|p2a: Landorus|99\/100|[from] item: Leftovers\n|upkeep\n|turn|5\n|\n|t:|1608112318\n|move|p1a: Tapu Koko|Light Screen|p1a: Tapu Koko\n|-sidestart|p1: Karmatron|move: Light Screen\n|move|p2a: Landorus|Earthquake|p1a: Tapu Koko\n|-supereffective|p1a: Tapu Koko\n|-damage|p1a: Tapu Koko|43\/100\n|\n|-heal|p2a: Landorus|100\/100|[from] item: Leftovers\n|upkeep\n|turn|6\n|\n|t:|1608112325\n|switch|p2a: Garchomp|Garchomp, F|100\/100\n|-damage|p2a: Garchomp|94\/100|[from] Stealth Rock\n|move|p1a: Tapu Koko|U-turn|p2a: Garchomp\n|-damage|p2a: Garchomp|82\/100\n|-damage|p1a: Tapu Koko|31\/100|[from] ability: Rough Skin|[of] p2a: Garchomp\n|\n|t:|1608112331\n|switch|p1a: Hawlucha|Hawlucha, M|100\/100|[from]move: U-turn\n|-enditem|p1a: Hawlucha|Electric Seed\n|-boost|p1a: Hawlucha|def|1|[from] item: Electric Seed\n|\n|upkeep\n|turn|7\n|j| eggbome\n|\n|t:|1608112347\n|switch|p2a: Clefable|Clefable, F|100\/100\n|move|p1a: Hawlucha|Swords Dance|p1a: Hawlucha\n|-boost|p1a: Hawlucha|atk|2\n|\n|-fieldend|move: Electric Terrain\n|upkeep\n|turn|8\n|\n|t:|1608112355\n|move|p1a: Hawlucha|Swords Dance|p1a: Hawlucha\n|-boost|p1a: Hawlucha|atk|2\n|move|p2a: Clefable|Trick|p1a: Hawlucha\n|-activate|p2a: Clefable|move: Trick|[of] p1a: Hawlucha\n|-item|p1a: Hawlucha|Sticky Barb|[from] move: Trick\n|-enditem|p2a: Clefable|Sticky Barb|[silent]|[from] move: Trick\n|\n|-damage|p1a: Hawlucha|88\/100|[from] item: Sticky Barb\n|upkeep\n|turn|9\n|\n|t:|1608112379\n|switch|p2a: Landorus|Landorus-Therian, M|100\/100\n|-damage|p2a: Landorus|88\/100|[from] Stealth Rock\n|-ability|p2a: Landorus|Intimidate|boost\n|-unboost|p1a: Hawlucha|atk|1\n|move|p1a: Hawlucha|Swords Dance|p1a: Hawlucha\n|-boost|p1a: Hawlucha|atk|2\n|\n|-heal|p2a: Landorus|94\/100|[from] item: Leftovers\n|-damage|p1a: Hawlucha|76\/100|[from] item: Sticky Barb\n|upkeep\n|turn|10\n|\n|t:|1608112385\n|move|p2a: Landorus|Protect|p2a: Landorus\n|-singleturn|p2a: Landorus|Protect\n|move|p1a: Hawlucha|Acrobatics|p2a: Landorus\n|-activate|p2a: Landorus|move: Protect\n|\n|-heal|p2a: Landorus|99\/100|[from] item: Leftovers\n|-sideend|p1: Karmatron|Reflect\n|-damage|p1a: Hawlucha|63\/100|[from] item: Sticky Barb\n|upkeep\n|turn|11\n|\n|t:|1608112400\n|move|p1a: Hawlucha|Drain Punch|p2a: Landorus\n|-resisted|p2a: Landorus\n|-damage|p2a: Landorus|60\/100\n|-heal|p1a: Hawlucha|89\/100|[from] drain|[of] p2a: Landorus\n|move|p2a: Landorus|Toxic|p1a: Hawlucha\n|-status|p1a: Hawlucha|tox\n|\n|-heal|p2a: Landorus|66\/100|[from] item: Leftovers\n|-damage|p1a: Hawlucha|83\/100 tox|[from] psn\n|-damage|p1a: Hawlucha|71\/100 tox|[from] item: Sticky Barb\n|upkeep\n|turn|12\n|\n|t:|1608112406\n|move|p1a: Hawlucha|Swords Dance|p1a: Hawlucha\n|-boost|p1a: Hawlucha|atk|1\n|move|p2a: Landorus|Stealth Rock|p1a: Hawlucha\n|-sidestart|p1: Karmatron|move: Stealth Rock\n|\n|-heal|p2a: Landorus|72\/100|[from] item: Leftovers\n|-damage|p1a: Hawlucha|59\/100 tox|[from] psn\n|-sideend|p1: Karmatron|move: Light Screen\n|-damage|p1a: Hawlucha|46\/100 tox|[from] item: Sticky Barb\n|upkeep\n|turn|13\n|\n|t:|1608112411\n|move|p2a: Landorus|Protect|p2a: Landorus\n|-singleturn|p2a: Landorus|Protect\n|move|p1a: Hawlucha|Drain Punch|p2a: Landorus\n|-activate|p2a: Landorus|move: Protect\n|\n|-heal|p2a: Landorus|78\/100|[from] item: Leftovers\n|-damage|p1a: Hawlucha|28\/100 tox|[from] psn\n|-damage|p1a: Hawlucha|16\/100 tox|[from] item: Sticky Barb\n|upkeep\n|turn|14\n|\n|t:|1608112414\n|move|p2a: Landorus|Protect||[still]\n|-fail|p2a: Landorus\n|move|p1a: Hawlucha|Drain Punch|p2a: Landorus\n|-resisted|p2a: Landorus\n|-crit|p2a: Landorus\n|-damage|p2a: Landorus|11\/100\n|-heal|p1a: Hawlucha|59\/100 tox|[from] drain|[of] p2a: Landorus\n|\n|-heal|p2a: Landorus|17\/100|[from] item: Leftovers\n|-damage|p1a: Hawlucha|35\/100 tox|[from] psn\n|-damage|p1a: Hawlucha|22\/100 tox|[from] item: Sticky Barb\n|upkeep\n|turn|15\n|\n|t:|1608112420\n|switch|p1a: Tapu Koko|Tapu Koko|31\/100\n|-damage|p1a: Tapu Koko|18\/100|[from] Stealth Rock\n|-fieldstart|move: Electric Terrain|[from] ability: Electric Surge|[of] p1a: Tapu Koko\n|move|p2a: Landorus|Protect||[still]\n|-fail|p2a: Landorus\n|\n|-heal|p2a: Landorus|23\/100|[from] item: Leftovers\n|upkeep\n|turn|16\n|\n|t:|1608112432\n|move|p1a: Tapu Koko|Reflect|p1a: Tapu Koko\n|-sidestart|p1: Karmatron|Reflect\n|move|p2a: Landorus|Toxic|p1a: Tapu Koko|[miss]\n|-miss|p2a: Landorus|p1a: Tapu Koko\n|\n|-heal|p2a: Landorus|29\/100|[from] item: Leftovers\n|upkeep\n|turn|17\n|\n|t:|1608112437\n|move|p1a: Tapu Koko|Taunt|p2a: Landorus\n|-start|p2a: Landorus|move: Taunt\n|cant|p2a: Landorus|move: Taunt|Toxic\n|\n|-heal|p2a: Landorus|35\/100|[from] item: Leftovers\n|upkeep\n|turn|18\n|\n|t:|1608112447\n|switch|p2a: Slowking|Slowking-Galar, M|100\/100\n|-damage|p2a: Slowking|88\/100|[from] Stealth Rock\n|move|p1a: Tapu Koko|Light Screen|p1a: Tapu Koko\n|-sidestart|p1: Karmatron|move: Light Screen\n|\n|upkeep\n|turn|19\n|\n|t:|1608112451\n|move|p1a: Tapu Koko|U-turn|p2a: Slowking\n|-damage|p2a: Slowking|70\/100\n|\n|t:|1608112453\n|switch|p1a: Spectrier|Spectrier|100\/100|[from]move: U-turn\n|-damage|p1a: Spectrier|88\/100|[from] Stealth Rock\n|move|p2a: Slowking|Future Sight|p1a: Spectrier\n|-start|p2a: Slowking|move: Future Sight\n|\n|-heal|p1a: Spectrier|94\/100|[from] item: Leftovers\n|-fieldend|move: Electric Terrain\n|upkeep\n|turn|20\n|j| General Woo\n|\n|t:|1608112463\n|switch|p2a: Garchomp|Garchomp, F|82\/100\n|-damage|p2a: Garchomp|76\/100|[from] Stealth Rock\n|move|p1a: Spectrier|Shadow Ball|p2a: Garchomp\n|-damage|p2a: Garchomp|30\/100\n|\n|-heal|p1a: Spectrier|100\/100|[from] item: Leftovers\n|upkeep\n|turn|21\n|\n|t:|1608112468\n|switch|p2a: Slowking|Slowking-Galar, M|100\/100\n|-damage|p2a: Slowking|88\/100|[from] Stealth Rock\n|move|p1a: Spectrier|Shadow Ball|p2a: Slowking\n|-supereffective|p2a: Slowking\n|-damage|p2a: Slowking|49\/100\n|\n|-end|p1a: Spectrier|move: Future Sight\n|-damage|p1a: Spectrier|75\/100\n|-heal|p1a: Spectrier|81\/100|[from] item: Leftovers\n|upkeep\n|turn|22\n|\n|t:|1608112475\n|move|p1a: Spectrier|Shadow Ball|p2a: Slowking\n|-supereffective|p2a: Slowking\n|-damage|p2a: Slowking|14\/100\n|move|p2a: Slowking|Future Sight|p1a: Spectrier\n|-start|p2a: Slowking|move: Future Sight\n|\n|-heal|p1a: Spectrier|87\/100|[from] item: Leftovers\n|upkeep\n|turn|23\n|j| t-yeu\n|\n|t:|1608112481\n|move|p1a: Spectrier|Shadow Ball|p2a: Slowking\n|-supereffective|p2a: Slowking\n|-damage|p2a: Slowking|0 fnt\n|faint|p2a: Slowking\n|-ability|p1a: Spectrier|Grim Neigh|boost\n|-boost|p1a: Spectrier|spa|1\n|\n|-heal|p1a: Spectrier|93\/100|[from] item: Leftovers\n|-sideend|p1: Karmatron|Reflect\n|upkeep\n|\n|t:|1608112484\n|switch|p2a: Urshifu|Urshifu, F|81\/100\n|-damage|p2a: Urshifu|74\/100|[from] Stealth Rock\n|turn|24\n|\n|t:|1608112487\n|move|p1a: Spectrier|Substitute|p1a: Spectrier\n|-start|p1a: Spectrier|Substitute\n|-damage|p1a: Spectrier|68\/100\n|move|p2a: Urshifu|Wicked Blow|p1a: Spectrier\n|-supereffective|p1a: Spectrier\n|-crit|p1a: Spectrier\n|-end|p1a: Spectrier|Substitute\n|-damage|p2a: Urshifu|64\/100|[from] item: Life Orb\n|\n|-end|p1a: Spectrier|move: Future Sight\n|-damage|p1a: Spectrier|18\/100\n|-heal|p1a: Spectrier|24\/100|[from] item: Leftovers\n|upkeep\n|turn|25\n|\n|t:|1608112493\n|move|p1a: Spectrier|Disable|p2a: Urshifu\n|-start|p2a: Urshifu|Disable|Wicked Blow\n|cant|p2a: Urshifu|Disable|Wicked Blow\n|\n|-heal|p1a: Spectrier|30\/100|[from] item: Leftovers\n|-sideend|p1: Karmatron|move: Light Screen\n|upkeep\n|turn|26\n|\n|t:|1608112498\n|move|p1a: Spectrier|Will-O-Wisp|p2a: Urshifu|[miss]\n|-miss|p1a: Spectrier|p2a: Urshifu\n|move|p2a: Urshifu|Iron Head|p1a: Spectrier\n|-damage|p1a: Spectrier|0 fnt\n|-damage|p2a: Urshifu|54\/100|[from] item: Life Orb\n|faint|p1a: Spectrier\n|\n|upkeep\n|\n|t:|1608112509\n|switch|p1a: Tapu Koko|Tapu Koko|18\/100\n|-damage|p1a: Tapu Koko|6\/100|[from] Stealth Rock\n|-fieldstart|move: Electric Terrain|[from] ability: Electric Surge|[of] p1a: Tapu Koko\n|turn|27\n|j| AdamPi\n|\n|t:|1608112531\n|switch|p2a: Landorus|Landorus-Therian, M|35\/100\n|-damage|p2a: Landorus|23\/100|[from] Stealth Rock\n|-ability|p2a: Landorus|Intimidate|boost\n|-unboost|p1a: Tapu Koko|atk|1\n|move|p1a: Tapu Koko|Reflect|p1a: Tapu Koko\n|-sidestart|p1: Karmatron|Reflect\n|\n|-heal|p2a: Landorus|29\/100|[from] item: Leftovers\n|upkeep\n|turn|28\n|j| tsourgian11\n|\n|t:|1608112536\n|move|p1a: Tapu Koko|Light Screen|p1a: Tapu Koko\n|-sidestart|p1: Karmatron|move: Light Screen\n|move|p2a: Landorus|Toxic|p1a: Tapu Koko\n|-status|p1a: Tapu Koko|tox\n|\n|-heal|p2a: Landorus|35\/100|[from] item: Leftovers\n|-damage|p1a: Tapu Koko|0 fnt|[from] psn\n|faint|p1a: Tapu Koko\n|upkeep\n|\n|t:|1608112539\n|switch|p1a: Magearna|Magearna|100\/100\n|-damage|p1a: Magearna|94\/100|[from] Stealth Rock\n|turn|29\n|l| tsourgian11\n|\n|t:|1608112547\n|switch|p2a: Jirachi|Jirachi|100\/100\n|-damage|p2a: Jirachi|94\/100|[from] Stealth Rock\n|move|p1a: Magearna|Iron Defense|p1a: Magearna\n|-boost|p1a: Magearna|def|2\n|\n|upkeep\n|turn|30\n|\n|t:|1608112552\n|move|p2a: Jirachi|Iron Head|p1a: Magearna\n|-damage|p1a: Magearna|89\/100\n|cant|p1a: Magearna|flinch\n|\n|upkeep\n|turn|31\n|\n|t:|1608112557\n|move|p2a: Jirachi|Iron Head|p1a: Magearna\n|-damage|p1a: Magearna|83\/100\n|cant|p1a: Magearna|flinch\n|\n|-fieldend|move: Electric Terrain\n|upkeep\n|turn|32\n|\n|t:|1608112561\n|move|p2a: Jirachi|Iron Head|p1a: Magearna\n|-damage|p1a: Magearna|77\/100\n|cant|p1a: Magearna|flinch\n|\n|upkeep\n|turn|33\n|\n|t:|1608112564\n|move|p2a: Jirachi|Iron Head|p1a: Magearna\n|-damage|p1a: Magearna|72\/100\n|cant|p1a: Magearna|flinch\n|\n|upkeep\n|turn|34\n|\n|t:|1608112566\n|move|p2a: Jirachi|Iron Head|p1a: Magearna\n|-damage|p1a: Magearna|66\/100\n|move|p1a: Magearna|Iron Defense|p1a: Magearna\n|-boost|p1a: Magearna|def|2\n|\n|-sideend|p1: Karmatron|Reflect\n|upkeep\n|turn|35\n|\n|t:|1608112569\n|move|p2a: Jirachi|Iron Head|p1a: Magearna\n|-damage|p1a: Magearna|58\/100\n|move|p1a: Magearna|Iron Defense|p1a: Magearna\n|-boost|p1a: Magearna|def|2\n|\n|-sideend|p1: Karmatron|move: Light Screen\n|upkeep\n|turn|36\n|\n|t:|1608112573\n|move|p2a: Jirachi|Iron Head|p1a: Magearna\n|-damage|p1a: Magearna|53\/100\n|move|p1a: Magearna|Calm Mind|p1a: Magearna\n|-boost|p1a: Magearna|spa|1\n|-boost|p1a: Magearna|spd|1\n|\n|upkeep\n|turn|37\n|\n|t:|1608112578\n|move|p2a: Jirachi|Iron Head|p1a: Magearna\n|-damage|p1a: Magearna|47\/100\n|cant|p1a: Magearna|flinch\n|\n|upkeep\n|turn|38\n|\n|t:|1608112583\n|move|p2a: Jirachi|Iron Head|p1a: Magearna\n|-damage|p1a: Magearna|42\/100\n|cant|p1a: Magearna|flinch\n|\n|upkeep\n|turn|39\n|\n|t:|1608112588\n|move|p2a: Jirachi|Iron Head|p1a: Magearna\n|-damage|p1a: Magearna|36\/100\n|cant|p1a: Magearna|flinch\n|\n|upkeep\n|turn|40\n|\n|t:|1608112592\n|move|p2a: Jirachi|Iron Head|p1a: Magearna\n|-damage|p1a: Magearna|31\/100\n|move|p1a: Magearna|Draining Kiss|p2a: Jirachi\n|-resisted|p2a: Jirachi\n|-damage|p2a: Jirachi|78\/100\n|-heal|p1a: Magearna|42\/100|[from] drain|[of] p2a: Jirachi\n|\n|upkeep\n|turn|41\n|\n|t:|1608112596\n|move|p2a: Jirachi|Iron Head|p1a: Magearna\n|-damage|p1a: Magearna|37\/100\n|cant|p1a: Magearna|flinch\n|\n|upkeep\n|turn|42\n|\n|t:|1608112600\n|move|p2a: Jirachi|Iron Head|p1a: Magearna\n|-damage|p1a: Magearna|31\/100\n|cant|p1a: Magearna|flinch\n|\n|upkeep\n|turn|43\n|\n|t:|1608112604\n|move|p2a: Jirachi|Iron Head|p1a: Magearna\n|-damage|p1a: Magearna|25\/100\n|move|p1a: Magearna|Draining Kiss|p2a: Jirachi\n|-resisted|p2a: Jirachi\n|-damage|p2a: Jirachi|61\/100\n|-heal|p1a: Magearna|37\/100|[from] drain|[of] p2a: Jirachi\n|\n|upkeep\n|turn|44\n|\n|t:|1608112611\n|move|p2a: Jirachi|Iron Head|p1a: Magearna\n|-damage|p1a: Magearna|32\/100\n|move|p1a: Magearna|Draining Kiss|p2a: Jirachi\n|-resisted|p2a: Jirachi\n|-damage|p2a: Jirachi|46\/100\n|-heal|p1a: Magearna|42\/100|[from] drain|[of] p2a: Jirachi\n|\n|upkeep\n|turn|45\n|\n|t:|1608112618\n|move|p2a: Jirachi|Iron Head|p1a: Magearna\n|-damage|p1a: Magearna|36\/100\n|cant|p1a: Magearna|flinch\n|\n|upkeep\n|turn|46\n|\n|t:|1608112623\n|move|p2a: Jirachi|Iron Head|p1a: Magearna\n|-damage|p1a: Magearna|31\/100\n|move|p1a: Magearna|Calm Mind|p1a: Magearna\n|-boost|p1a: Magearna|spa|1\n|-boost|p1a: Magearna|spd|1\n|\n|upkeep\n|turn|47\n|\n|t:|1608112627\n|move|p2a: Jirachi|Iron Head|p1a: Magearna\n|-damage|p1a: Magearna|26\/100\n|move|p1a: Magearna|Draining Kiss|p2a: Jirachi\n|-resisted|p2a: Jirachi\n|-damage|p2a: Jirachi|23\/100\n|-heal|p1a: Magearna|42\/100|[from] drain|[of] p2a: Jirachi\n|\n|upkeep\n|turn|48\n|\n|t:|1608112630\n|move|p2a: Jirachi|Iron Head|p1a: Magearna\n|-damage|p1a: Magearna|36\/100\n|move|p1a: Magearna|Draining Kiss|p2a: Jirachi\n|-resisted|p2a: Jirachi\n|-damage|p2a: Jirachi|3\/100\n|-heal|p1a: Magearna|51\/100|[from] drain|[of] p2a: Jirachi\n|\n|upkeep\n|turn|49\n|\n|t:|1608112634\n|move|p2a: Jirachi|Iron Head|p1a: Magearna\n|-damage|p1a: Magearna|45\/100\n|move|p1a: Magearna|Draining Kiss|p2a: Jirachi\n|-resisted|p2a: Jirachi\n|-damage|p2a: Jirachi|0 fnt\n|-heal|p1a: Magearna|47\/100|[from] drain|[of] p2a: Jirachi\n|faint|p2a: Jirachi\n|-ability|p1a: Magearna|Soul-Heart|boost\n|-boost|p1a: Magearna|spa|1\n|\n|upkeep\n|\n|t:|1608112637\n|switch|p2a: Garchomp|Garchomp, F|30\/100\n|-damage|p2a: Garchomp|24\/100|[from] Stealth Rock\n|turn|50\n|\n|t:|1608112639\n|move|p2a: Garchomp|Earthquake|p1a: Magearna\n|-supereffective|p1a: Magearna\n|-damage|p1a: Magearna|27\/100\n|-enditem|p1a: Magearna|Weakness Policy\n|-boost|p1a: Magearna|atk|2|[from] item: Weakness Policy\n|-boost|p1a: Magearna|spa|2|[from] item: Weakness Policy\n|-damage|p2a: Garchomp|14\/100|[from] item: Life Orb\n|move|p1a: Magearna|Draining Kiss|p2a: Garchomp\n|-supereffective|p2a: Garchomp\n|-damage|p2a: Garchomp|0 fnt\n|-heal|p1a: Magearna|37\/100|[from] drain|[of] p2a: Garchomp\n|-damage|p1a: Magearna|25\/100|[from] ability: Rough Skin|[of] p2a: Garchomp\n|faint|p2a: Garchomp\n|-ability|p1a: Magearna|Soul-Heart|boost\n|-boost|p1a: Magearna|spa|1\n|\n|upkeep\n|j| huihiihiuhiuhihuiv\n|inactive|roboPOKE has 120 seconds left.\n|inactive|roboPOKE has 90 seconds left.\n|\n|t:|1608112702\n|switch|p2a: Urshifu|Urshifu, F|54\/100\n|-damage|p2a: Urshifu|48\/100|[from] Stealth Rock\n|turn|51\n|\n|t:|1608112706\n|move|p2a: Urshifu|Wicked Blow|p1a: Magearna\n|-resisted|p1a: Magearna\n|-crit|p1a: Magearna\n|-damage|p1a: Magearna|0 fnt\n|-damage|p2a: Urshifu|38\/100|[from] item: Life Orb\n|faint|p1a: Magearna\n|\n|upkeep\n|\n|t:|1608112726\n|switch|p1a: Hawlucha|Hawlucha, M|22\/100 tox\n|-damage|p1a: Hawlucha|10\/100 tox|[from] Stealth Rock\n|turn|52\n|\n|t:|1608112731\n|move|p2a: Urshifu|Sucker Punch|p1a: Hawlucha\n|-resisted|p1a: Hawlucha\n|-damage|p1a: Hawlucha|0 fnt\n|-damage|p2a: Urshifu|28\/100|[from] item: Life Orb\n|faint|p1a: Hawlucha\n|\n|upkeep\n|\n|t:|1608112735\n|switch|p1a: Urshifu|Urshifu, M|100\/100\n|-damage|p1a: Urshifu|94\/100|[from] Stealth Rock\n|turn|53\n|\n|t:|1608112737\n|move|p1a: Urshifu|Bulk Up|p1a: Urshifu\n|-boost|p1a: Urshifu|atk|1\n|-boost|p1a: Urshifu|def|1\n|move|p2a: Urshifu|Close Combat|p1a: Urshifu\n|-supereffective|p1a: Urshifu\n|-damage|p1a: Urshifu|0 fnt\n|-unboost|p2a: Urshifu|def|1\n|-unboost|p2a: Urshifu|spd|1\n|-damage|p2a: Urshifu|18\/100|[from] item: Life Orb\n|faint|p1a: Urshifu\n|\n|win|roboPOKE\n|l|\u2606Karmatron\n|c|\u2606roboPOKE|gg\n|raw|Karmatron's rating: 1840 &rarr; <strong>1818<\/strong><br \/>(-22 for losing)\n|raw|roboPOKE's rating: 1807 &rarr; <strong>1829<\/strong><br \/>(+22 for winning)\n","uploadtime":1608112741,"views":38,"p1id":"karmatron","p2id":"robopoke","formatid":"gen8ou","rating":1818,"private":0,"password":null}