{"id":"gen8monotype-1585401035","p1":"soldado negro","p2":"Batataplays","format":"gen8monotype","log":"|j|\u2606soldado negro\n|j|\u2606Batataplays\n|inactive|Battle timer is ON: inactive players will automatically lose when time's up.\n|t:|1653848749\n|gametype|singles\n|player|p1|soldado negro|drayden|\n|player|p2|Batataplays|sonia|\n|teamsize|p1|6\n|teamsize|p2|6\n|gen|8\n|tier|[Gen 8] Monotype\n|rated|Tournament battle\n|rule|Same Type Clause: Pok\u00e9mon in a team must share a type\n|rule|Sleep Clause Mod: Limit one foe put to sleep\n|rule|Species Clause: Limit one of each Pok\u00e9mon\n|rule|OHKO Clause: OHKO moves are banned\n|rule|Evasion Moves Clause: Evasion moves are banned\n|rule|Endless Battle Clause: Forcing endless battles is banned\n|rule|HP Percentage Mod: HP is shown in percentages\n|rule|Dynamax Clause: You cannot dynamax\n|clearpoke\n|poke|p1|Drampa, F|\n|poke|p1|Snorlax, M|\n|poke|p1|Bouffalant, M|\n|poke|p1|Porygon2|\n|poke|p1|Audino, F|\n|poke|p1|Lickilicky, F|\n|poke|p2|Ferrothorn, M|\n|poke|p2|Aegislash, M|\n|poke|p2|Heatran, M|\n|poke|p2|Skarmory, F|\n|poke|p2|Excadrill, F|\n|poke|p2|Melmetal|\n|teampreview\n|j| AmarelinhoBR\n|j| CaioXLive12\n|c| AmarelinhoBR|Como vc \u00e9 cringe Batata\n|\n|t:|1653848779\n|start\n|switch|p1a: Bouffalant|Bouffalant, M|100\/100\n|switch|p2a: Melmetal|Melmetal|100\/100\n|turn|1\n|\n|t:|1653848794\n|switch|p2a: Ferrothorn|Ferrothorn, M|100\/100\n|move|p1a: Bouffalant|Close Combat|p2a: Ferrothorn\n|-supereffective|p2a: Ferrothorn\n|-damage|p2a: Ferrothorn|27\/100\n|-unboost|p1a: Bouffalant|def|1\n|-unboost|p1a: Bouffalant|spd|1\n|-damage|p1a: Bouffalant|88\/100|[from] ability: Iron Barbs|[of] p2a: Ferrothorn\n|\n|-heal|p2a: Ferrothorn|33\/100|[from] item: Leftovers\n|upkeep\n|turn|2\n|c|\u2606Batataplays|pq AmarelinhoBR\n|\n|t:|1653848804\n|switch|p1a: Drampa|Drampa, F|100\/100\n|move|p2a: Ferrothorn|Protect||[still]\n|-fail|p2a: Ferrothorn\n|\n|-heal|p2a: Ferrothorn|40\/100|[from] item: Leftovers\n|upkeep\n|turn|3\n|\n|t:|1653848808\n|switch|p2a: Heatran|Heatran, M|100\/100\n|move|p1a: Drampa|Flamethrower|p2a: Heatran\n|-start|p2a: Heatran|ability: Flash Fire\n|\n|upkeep\n|turn|4\n|\n|t:|1653848811\n|switch|p1a: Lickilicky|Lickilicky, F|100\/100\n|move|p2a: Heatran|Eruption|p1a: Lickilicky\n|-damage|p1a: Lickilicky|27\/100\n|\n|-heal|p1a: Lickilicky|33\/100|[from] item: Leftovers\n|upkeep\n|turn|5\n|\n|t:|1653848814\n|move|p2a: Heatran|Eruption|p1a: Lickilicky\n|-damage|p1a: Lickilicky|0 fnt\n|faint|p1a: Lickilicky\n|\n|upkeep\n|\n|t:|1653848815\n|switch|p1a: Snorlax|Snorlax, M|100\/100\n|turn|6\n|\n|t:|1653848822\n|-end|p2a: Heatran|ability: Flash Fire|[silent]\n|switch|p2a: Skarmory|Skarmory, F|100\/100\n|move|p1a: Snorlax|Earthquake|p2a: Skarmory\n|-immune|p2a: Skarmory\n|\n|upkeep\n|turn|7\n|c| AmarelinhoBR|so tem pk que ta alto na ladder\n|\n|t:|1653848847\n|move|p2a: Skarmory|Stealth Rock|p1a: Snorlax\n|-sidestart|p1: soldado negro|move: Stealth Rock\n|move|p1a: Snorlax|Belly Drum|p1a: Snorlax\n|-damage|p1a: Snorlax|50\/100\n|-setboost|p1a: Snorlax|atk|6|[from] move: Belly Drum\n|-enditem|p1a: Snorlax|Aguav Berry|[eat]\n|-heal|p1a: Snorlax|83\/100|[from] item: Aguav Berry\n|\n|upkeep\n|turn|8\n|c|\u2606Batataplays|vdd\n|c|\u2606Batataplays|meio cringe\n|\n|t:|1653848854\n|move|p2a: Skarmory|Body Press|p1a: Snorlax\n|-supereffective|p1a: Snorlax\n|-damage|p1a: Snorlax|27\/100\n|move|p1a: Snorlax|Recycle|p1a: Snorlax\n|-item|p1a: Snorlax|Aguav Berry|[from] move: Recycle\n|-enditem|p1a: Snorlax|Aguav Berry|[eat]\n|-heal|p1a: Snorlax|60\/100|[from] item: Aguav Berry\n|\n|upkeep\n|turn|9\n|\n|t:|1653848856\n|move|p1a: Snorlax|Double-Edge|p2a: Skarmory\n|-resisted|p2a: Skarmory\n|-damage|p2a: Skarmory|34\/100\n|-damage|p1a: Snorlax|43\/100|[from] item: Rocky Helmet|[of] p2a: Skarmory\n|-damage|p1a: Snorlax|30\/100|[from] Recoil\n|move|p2a: Skarmory|Whirlwind|p1a: Snorlax\n|drag|p1a: Audino|Audino, F|100\/100\n|-damage|p1a: Audino|88\/100|[from] Stealth Rock\n|\n|-heal|p1a: Audino|94\/100|[from] item: Leftovers\n|upkeep\n|turn|10\n|\n|t:|1653848863\n|move|p2a: Skarmory|Roost|p2a: Skarmory\n|-heal|p2a: Skarmory|84\/100\n|-singleturn|p2a: Skarmory|move: Roost\n|move|p1a: Audino|Yawn|p2a: Skarmory\n|-start|p2a: Skarmory|move: Yawn|[of] p1a: Audino\n|\n|-heal|p1a: Audino|99\/100|[from] item: Leftovers\n|upkeep\n|turn|11\n|\n|t:|1653848879\n|switch|p2a: Ferrothorn|Ferrothorn, M|40\/100\n|move|p1a: Audino|Trick Room|p1a: Audino\n|-fieldstart|move: Trick Room|[of] p1a: Audino\n|\n|-heal|p2a: Ferrothorn|46\/100|[from] item: Leftovers\n|-heal|p1a: Audino|100\/100|[from] item: Leftovers\n|upkeep\n|turn|12\n|\n|t:|1653848882\n|move|p2a: Ferrothorn|Leech Seed|p1a: Audino|[miss]\n|-miss|p2a: Ferrothorn|p1a: Audino\n|move|p1a: Audino|Healing Wish|p1a: Audino\n|faint|p1a: Audino\n|\n|-heal|p2a: Ferrothorn|52\/100|[from] item: Leftovers\n|upkeep\n|\n|t:|1653848885\n|switch|p1a: Snorlax|Snorlax, M|30\/100\n|-heal|p1a: Snorlax|100\/100|[from] move: Healing Wish\n|-damage|p1a: Snorlax|88\/100|[from] Stealth Rock\n|turn|13\n|\n|t:|1653848897\n|switch|p2a: Skarmory|Skarmory, F|84\/100\n|move|p1a: Snorlax|Belly Drum|p1a: Snorlax\n|-damage|p1a: Snorlax|38\/100\n|-setboost|p1a: Snorlax|atk|6|[from] move: Belly Drum\n|\n|upkeep\n|turn|14\n|\n|t:|1653848901\n|move|p1a: Snorlax|Double-Edge|p2a: Skarmory\n|-resisted|p2a: Skarmory\n|-damage|p2a: Skarmory|18\/100\n|-damage|p1a: Snorlax|21\/100|[from] item: Rocky Helmet|[of] p2a: Skarmory\n|-damage|p1a: Snorlax|8\/100|[from] Recoil\n|move|p2a: Skarmory|Whirlwind|p1a: Snorlax\n|drag|p1a: Porygon2|Porygon2|100\/100\n|-damage|p1a: Porygon2|88\/100|[from] Stealth Rock\n|-ability|p1a: Porygon2|Download|boost\n|-boost|p1a: Porygon2|spa|1\n|\n|upkeep\n|turn|15\n|\n|t:|1653848905\n|switch|p2a: Ferrothorn|Ferrothorn, M|52\/100\n|move|p1a: Porygon2|Ice Beam|p2a: Ferrothorn\n|-damage|p2a: Ferrothorn|26\/100\n|\n|-heal|p2a: Ferrothorn|32\/100|[from] item: Leftovers\n|-fieldend|move: Trick Room\n|upkeep\n|turn|16\n|\n|t:|1653848908\n|move|p1a: Porygon2|Ice Beam|p2a: Ferrothorn\n|-damage|p2a: Ferrothorn|5\/100\n|move|p2a: Ferrothorn|Leech Seed|p1a: Porygon2|[miss]\n|-miss|p2a: Ferrothorn|p1a: Porygon2\n|\n|-heal|p2a: Ferrothorn|12\/100|[from] item: Leftovers\n|upkeep\n|turn|17\n|\n|t:|1653848912\n|move|p2a: Ferrothorn|Protect|p2a: Ferrothorn\n|-singleturn|p2a: Ferrothorn|Protect\n|move|p1a: Porygon2|Ice Beam|p2a: Ferrothorn\n|-activate|p2a: Ferrothorn|move: Protect\n|\n|-heal|p2a: Ferrothorn|18\/100|[from] item: Leftovers\n|upkeep\n|turn|18\n|\n|t:|1653848916\n|switch|p2a: Aegislash|Aegislash, M|100\/100\n|move|p1a: Porygon2|Ice Beam|p2a: Aegislash\n|-resisted|p2a: Aegislash\n|-damage|p2a: Aegislash|90\/100\n|\n|-heal|p2a: Aegislash|96\/100|[from] item: Leftovers\n|upkeep\n|turn|19\n|\n|t:|1653848919\n|switch|p1a: Snorlax|Snorlax, M|8\/100\n|-damage|p1a: Snorlax|0 fnt|[from] Stealth Rock\n|faint|p1a: Snorlax\n|move|p2a: Aegislash|Toxic|p1: Snorlax|[notarget]\n|-fail|p2a: Aegislash\n|\n|-heal|p2a: Aegislash|100\/100|[from] item: Leftovers\n|upkeep\n|\n|t:|1653848923\n|switch|p1a: Drampa|Drampa, F|100\/100\n|-damage|p1a: Drampa|88\/100|[from] Stealth Rock\n|turn|20\n|c| AmarelinhoBR|skarmory da medo\n|-message|soldado negro forfeited.\n|\n|win|Batataplays\n|n|\u2606soldado negro|soldadonegro\n|n|\u2606Batataplays|batataplays\n|n| AmarelinhoBR|amarelinhobr\n|n| CaioXLive12|caioxlive12\n","uploadtime":1653848934,"views":5,"p1id":"soldadonegro","p2id":"batataplays","formatid":"gen8monotype","rating":0,"private":0,"password":null}