{"id":"gen8randombattlemayhem-1669149454","p1":"AlphaTherai","p2":"Tawny mauve","format":"gen8randombattlemayhem","log":"|j|\u2606AlphaTherai\n|j|\u2606Tawny mauve\n|t:|1664023723\n|gametype|singles\n|player|p1|AlphaTherai|lucas-gen4pt|\n|player|p2|Tawny mauve|lucas|\n|teamsize|p1|6\n|teamsize|p2|6\n|gen|8\n|tier|[Gen 8] Random Battle Mayhem\n|rule|Species Clause: Limit one of each Pok\u00e9mon\n|rule|HP Percentage Mod: HP is shown in percentages\n|rule|Sleep Clause Mod: Limit one foe put to sleep\n|rule|Dynamax Clause: You cannot dynamax\n|rule|Camomons Mod: Pok\u00e9mon have their types set to match their first two moves.\n|rule|Inverse Mod: Weaknesses become resistances, while resistances and immunities become weaknesses.\n|rule|Scalemons Mod: Every Pokemon's stats, barring HP, are scaled to come as close to a BST of 600 as possible\n|clearpoke\n|poke|p1|Armaldo, L88, F|\n|poke|p1|Indeedee-F, L86, F|\n|poke|p1|Naganadel, L76|\n|poke|p1|Tyranitar, L80, M|\n|poke|p1|Gallade, L88, M|\n|poke|p1|Blastoise, L85, F|\n|poke|p2|Eiscue, L88, M|\n|poke|p2|Nidoqueen, L84, F|\n|poke|p2|Eternatus, L73|\n|poke|p2|Arctozolt, L88|\n|poke|p2|Porygon-Z, L85|\n|poke|p2|Coalossal, L88, M|\n|teampreview\n|\n|t:|1664023759\n|start\n|switch|p1a: Indeedee|Indeedee-F, L86, F|261\/261\n|switch|p2a: Nidoqueen|Nidoqueen, L84, F|288\/288\n|-start|p1a: Indeedee|typechange|Psychic\/Fire|[silent]\n|-fieldstart|move: Psychic Terrain|[from] ability: Psychic Surge|[of] p1a: Indeedee\n|-start|p2a: Nidoqueen|typechange|Ice\/Poison|[silent]\n|-start|p1a: Indeedee|typechange|Psychic\/Fire|[silent]\n|-start|p2a: Nidoqueen|typechange|Ice\/Poison|[silent]\n|turn|1\n|\n|t:|1664023770\n|switch|p1a: Tyranitar|Tyranitar, L80, M|291\/291\n|-start|p1a: Tyranitar|typechange|Rock\/Dark|[silent]\n|-weather|Sandstorm|[from] ability: Sand Stream|[of] p1a: Tyranitar\n|move|p2a: Nidoqueen|Toxic Spikes|p1a: Tyranitar\n|-sidestart|p1: AlphaTherai|move: Toxic Spikes\n|\n|-weather|Sandstorm|[upkeep]\n|-damage|p2a: Nidoqueen|270\/288|[from] Sandstorm\n|upkeep\n|turn|2\n|c|\u2606AlphaTherai|naganadel though\n|\n|t:|1664023792\n|move|p2a: Nidoqueen|Sludge Wave|p1a: Tyranitar\n|-supereffective|p1a: Tyranitar\n|-damage|p1a: Tyranitar|88\/291\n|move|p1a: Tyranitar|Stealth Rock|p2a: Nidoqueen\n|-sidestart|p2: Tawny mauve|move: Stealth Rock\n|\n|-weather|Sandstorm|[upkeep]\n|-damage|p2a: Nidoqueen|252\/288|[from] Sandstorm\n|-heal|p1a: Tyranitar|106\/291|[from] item: Leftovers\n|upkeep\n|turn|3\n|\n|t:|1664023797\n|move|p2a: Nidoqueen|Sludge Wave|p1a: Tyranitar\n|-supereffective|p1a: Tyranitar\n|-damage|p1a: Tyranitar|0 fnt\n|faint|p1a: Tyranitar\n|\n|-weather|Sandstorm|[upkeep]\n|-damage|p2a: Nidoqueen|234\/288|[from] Sandstorm\n|upkeep\n|\n|t:|1664023799\n|switch|p1a: Naganadel|Naganadel, L76|236\/236\n|-start|p1a: Naganadel|typechange|Dragon\/Poison|[silent]\n|-sideend|p1: AlphaTherai|move: Toxic Spikes|[of] p1a: Naganadel\n|-start|p1a: Naganadel|typechange|Dragon\/Poison|[silent]\n|turn|4\n|\n|t:|1664023802\n|move|p1a: Naganadel|Sludge Wave|p2a: Nidoqueen\n|-supereffective|p2a: Nidoqueen\n|-damage|p2a: Nidoqueen|0 fnt\n|faint|p2a: Nidoqueen\n|-ability|p1a: Naganadel|Beast Boost|boost\n|-boost|p1a: Naganadel|spa|1\n|-damage|p1a: Naganadel|213\/236|[from] item: Life Orb\n|\n|-weather|Sandstorm|[upkeep]\n|-damage|p1a: Naganadel|199\/236|[from] Sandstorm\n|upkeep\n|c|\u2606Tawny mauve|it killed?\n|c|\u2606Tawny mauve|oh no\n|\n|t:|1664023814\n|switch|p2a: Arctozolt|Arctozolt, L88|302\/302\n|-start|p2a: Arctozolt|typechange|Electric\/Ice|[silent]\n|turn|5\n|\n|t:|1664023828\n|move|p1a: Naganadel|Draco Meteor|p2a: Arctozolt\n|-damage|p2a: Arctozolt|49\/302\n|-unboost|p1a: Naganadel|spa|2\n|-damage|p1a: Naganadel|176\/236|[from] item: Life Orb\n|move|p2a: Arctozolt|Bolt Beak|p1a: Naganadel\n|-supereffective|p1a: Naganadel\n|-damage|p1a: Naganadel|0 fnt\n|faint|p1a: Naganadel\n|\n|-weather|none\n|-fieldend|move: Psychic Terrain\n|upkeep\n|\n|t:|1664023837\n|switch|p1a: Indeedee|Indeedee-F, L86, F|261\/261\n|-weather|Sandstorm|[from] ability: Sand Stream|[of] p1a: Indeedee\n|-start|p1a: Indeedee|typechange|Psychic\/Fire|[silent]\n|-fieldstart|move: Psychic Terrain|[from] ability: Psychic Surge|[of] p1a: Indeedee\n|-start|p1a: Indeedee|typechange|Psychic\/Fire|[silent]\n|turn|6\n|\n|t:|1664023842\n|move|p1a: Indeedee|Expanding Force|p2a: Arctozolt\n|-damage|p2a: Arctozolt|0 fnt\n|faint|p2a: Arctozolt\n|-ability|p1a: Indeedee|Beast Boost|boost\n|-boost|p1a: Indeedee|spd|1\n|-damage|p1a: Indeedee|235\/261|[from] item: Life Orb\n|\n|-weather|Sandstorm|[upkeep]\n|-damage|p1a: Indeedee|219\/261|[from] Sandstorm\n|upkeep\n|\n|t:|1664023853\n|switch|p2a: Coalossal|Coalossal, L88, M|337\/337\n|-start|p2a: Coalossal|typechange|Normal\/Rock|[silent]\n|-start|p2a: Coalossal|typechange|Normal\/Rock|[silent]\n|turn|7\n|\n|t:|1664023861\n|move|p1a: Indeedee|Mystical Fire|p2a: Coalossal\n|-supereffective|p2a: Coalossal\n|-damage|p2a: Coalossal|202\/337\n|-unboost|p2a: Coalossal|spa|1\n|-damage|p1a: Indeedee|193\/261|[from] item: Life Orb\n|move|p2a: Coalossal|Overheat|p1a: Indeedee\n|-supereffective|p1a: Indeedee\n|-damage|p1a: Indeedee|131\/261\n|-unboost|p2a: Coalossal|spa|2\n|\n|-weather|Sandstorm|[upkeep]\n|-damage|p1a: Indeedee|115\/261|[from] Sandstorm\n|upkeep\n|turn|8\n|c|\u2606Tawny mauve|GOOD CHIP\n|\n|t:|1664023870\n|move|p1a: Indeedee|Mystical Fire|p2a: Coalossal\n|-supereffective|p2a: Coalossal\n|-damage|p2a: Coalossal|67\/337\n|-unboost|p2a: Coalossal|spa|1\n|-damage|p1a: Indeedee|89\/261|[from] item: Life Orb\n|move|p2a: Coalossal|Rapid Spin|p1a: Indeedee\n|-damage|p1a: Indeedee|16\/261\n|-sideend|p2: Tawny mauve|Stealth Rock|[from] move: Rapid Spin|[of] p2a: Coalossal\n|\n|-weather|Sandstorm|[upkeep]\n|-damage|p1a: Indeedee|0 fnt|[from] Sandstorm\n|faint|p1a: Indeedee\n|upkeep\n|\n|t:|1664023878\n|switch|p1a: Armaldo|Armaldo, L88, F|275\/275\n|-start|p1a: Armaldo|typechange|Ground\/Normal|[silent]\n|-start|p1a: Armaldo|typechange|Ground\/Normal|[silent]\n|turn|9\n|\n|t:|1664023883\n|move|p1a: Armaldo|Swords Dance|p1a: Armaldo\n|-boost|p1a: Armaldo|atk|2\n|move|p2a: Coalossal|Stone Edge|p1a: Armaldo\n|-supereffective|p1a: Armaldo\n|-damage|p1a: Armaldo|99\/275\n|\n|-weather|Sandstorm|[upkeep]\n|upkeep\n|turn|10\n|\n|t:|1664023891\n|move|p1a: Armaldo|Earthquake|p2a: Coalossal\n|-resisted|p2a: Coalossal\n|-damage|p2a: Coalossal|0 fnt\n|faint|p2a: Coalossal\n|-ability|p1a: Armaldo|Beast Boost|boost\n|-boost|p1a: Armaldo|atk|1\n|\n|-weather|none\n|-fieldend|move: Psychic Terrain\n|upkeep\n|\n|t:|1664023901\n|switch|p2a: Eiscue|Eiscue, L88, M|274\/274\n|-start|p2a: Eiscue|typechange|Normal\/Water|[silent]\n|-start|p2a: Eiscue|typechange|Normal\/Water|[silent]\n|turn|11\n|c|\u2606AlphaTherai|shouldve rapid spin\n|\n|t:|1664023908\n|move|p2a: Eiscue|Belly Drum|p2a: Eiscue\n|-damage|p2a: Eiscue|137\/274\n|-setboost|p2a: Eiscue|atk|6|[from] move: Belly Drum\n|-enditem|p2a: Eiscue|Sitrus Berry|[eat]\n|-heal|p2a: Eiscue|205\/274|[from] item: Sitrus Berry\n|move|p1a: Armaldo|Rapid Spin|p2a: Eiscue\n|-activate|p2a: Eiscue|ability: Ice Face\n|-damage|p2a: Eiscue|205\/274\n|-boost|p1a: Armaldo|spe|1\n|-status|p1a: Armaldo|brn|[from] ability: Flame Body|[of] p2a: Eiscue\n|detailschange|p2a: Eiscue|Eiscue-Noice, L88, M\n|\n|-damage|p1a: Armaldo|82\/275 brn|[from] brn\n|upkeep\n|-start|p2a: Eiscue|typechange|Normal\/Water|[silent]\n|turn|12\n|c|\u2606Tawny mauve|sheer force\n|c|\u2606Tawny mauve|OH\n|c|\u2606Tawny mauve|ON YOUR END\n|c|\u2606AlphaTherai|I HATE YOU\n|c|\u2606AlphaTherai|SO MUCH\n|c|\u2606Tawny mauve|come on eiscue\n|c|\u2606AlphaTherai|ARMALDO\n|c|\u2606Tawny mauve|please\n|\n|t:|1664023934\n|move|p2a: Eiscue|Zen Headbutt|p1a: Armaldo\n|-damage|p1a: Armaldo|0 fnt\n|faint|p1a: Armaldo\n|\n|upkeep\n|\n|t:|1664023942\n|switch|p1a: Gallade|Gallade, L88, M|263\/263\n|-fieldstart|move: Psychic Terrain|[from] ability: Psychic Surge|[of] p1a: Gallade\n|-weather|Sandstorm|[from] ability: Sand Stream|[of] p1a: Gallade\n|-start|p1a: Gallade|typechange|Ghost\/Psychic|[silent]\n|-start|p1a: Gallade|typechange|Ghost\/Psychic|[silent]\n|turn|13\n|\n|t:|1664023946\n|move|p1a: Gallade|Shadow Sneak|p2a: Eiscue\n|-activate|p2a: Eiscue|move: Psychic Terrain\n|move|p2a: Eiscue|Zen Headbutt|p1a: Gallade\n|-supereffective|p1a: Gallade\n|-damage|p1a: Gallade|0 fnt\n|faint|p1a: Gallade\n|\n|-weather|Sandstorm|[upkeep]\n|-damage|p2a: Eiscue|188\/274|[from] Sandstorm\n|upkeep\n|c|\u2606AlphaTherai|gonna kill\n|c|\u2606AlphaTherai|myself rq\n|c|\u2606Tawny mauve|the penguin\n|\n|t:|1664024011\n|switch|p1a: Blastoise|Blastoise, L85, F|273\/273\n|-start|p1a: Blastoise|typechange|Normal\/Ground|[silent]\n|-start|p1a: Blastoise|typechange|Normal\/Ground|[silent]\n|turn|14\n|\n|t:|1664024016\n|move|p2a: Eiscue|Zen Headbutt|p1a: Blastoise\n|-damage|p1a: Blastoise|0 fnt\n|faint|p1a: Blastoise\n|\n|win|Tawny mauve\n","uploadtime":1664024021,"views":11,"p1id":"alphatherai","p2id":"tawnymauve","formatid":"gen8randombattlemayhem","rating":0,"private":0,"password":null}