{"id":"gen8ou-1683007454","p1":"cows123p","p2":"minimax_ai","format":"gen8ou","log":"|j|\u2606cows123p\n|j|\u2606minimax_ai\n|t:|1665489822\n|gametype|singles\n|player|p1|cows123p|twins-gen4dp|1539\n|player|p2|minimax_ai|lusamine-nihilego|1549\n|teamsize|p1|6\n|teamsize|p2|6\n|gen|8\n|tier|[Gen 8] OU\n|rated|\n|rule|Sleep Clause Mod: Limit one foe put to sleep\n|rule|Species Clause: Limit one of each Pok\u00e9mon\n|rule|OHKO Clause: OHKO moves are banned\n|rule|Evasion Items Clause: Evasion items are banned\n|rule|Evasion Moves Clause: Evasion moves are banned\n|rule|Endless Battle Clause: Forcing endless battles is banned\n|rule|HP Percentage Mod: HP is shown in percentages\n|rule|Dynamax Clause: You cannot dynamax\n|clearpoke\n|poke|p1|Aerodactyl, F|\n|poke|p1|Dragonite, M|\n|poke|p1|Blaziken, F|\n|poke|p1|Kartana|\n|poke|p1|Crawdaunt, F|\n|poke|p1|Volcarona, M|\n|poke|p2|Rotom-Wash|\n|poke|p2|Weavile, M|\n|poke|p2|Landorus-Therian, M|\n|poke|p2|Heatran, M|\n|poke|p2|Tangrowth, M|\n|poke|p2|Melmetal|\n|teampreview\n|\n|t:|1665489825\n|start\n|switch|p1a: Aerodactyl|Aerodactyl, F|100\/100\n|switch|p2a: landorustherian|Landorus-Therian, M|100\/100\n|-ability|p1a: Aerodactyl|Pressure\n|-ability|p2a: landorustherian|Intimidate|boost\n|-unboost|p1a: Aerodactyl|atk|1\n|turn|1\n|c|\u2606minimax_ai|hf\n|inactive|Battle timer is ON: inactive players will automatically lose when time's up. (requested by minimax_ai)\n|\n|t:|1665489833\n|move|p1a: Aerodactyl|Stealth Rock|p2a: landorustherian\n|-sidestart|p2: minimax_ai|move: Stealth Rock\n|move|p2a: landorustherian|Toxic|p1a: Aerodactyl\n|-status|p1a: Aerodactyl|tox\n|\n|-damage|p1a: Aerodactyl|94\/100 tox|[from] psn\n|upkeep\n|turn|2\n|\n|t:|1665489838\n|move|p1a: Aerodactyl|Ice Fang|p2a: landorustherian\n|-supereffective|p2a: landorustherian\n|-damage|p2a: landorustherian|56\/100\n|move|p2a: landorustherian|Defog|p1a: Aerodactyl\n|-unboost|p1a: Aerodactyl|evasion|1\n|-sideend|p2: minimax_ai|Stealth Rock|[from] move: Defog|[of] p2a: landorustherian\n|\n|-heal|p2a: landorustherian|62\/100|[from] item: Leftovers\n|-damage|p1a: Aerodactyl|82\/100 tox|[from] psn\n|upkeep\n|turn|3\n|\n|t:|1665489847\n|switch|p2a: rotomwash|Rotom-Wash|100\/100\n|move|p1a: Aerodactyl|Taunt|p2a: rotomwash\n|-start|p2a: rotomwash|move: Taunt\n|\n|-damage|p1a: Aerodactyl|64\/100 tox|[from] psn\n|upkeep\n|turn|4\n|\n|t:|1665489853\n|move|p1a: Aerodactyl|Stealth Rock|p2a: rotomwash\n|-sidestart|p2: minimax_ai|move: Stealth Rock\n|move|p2a: rotomwash|Thunderbolt|p1a: Aerodactyl\n|-supereffective|p1a: Aerodactyl\n|-damage|p1a: Aerodactyl|0 fnt\n|faint|p1a: Aerodactyl\n|\n|upkeep\n|\n|t:|1665489859\n|switch|p1a: Kartana|Kartana|100\/100\n|turn|5\n|\n|t:|1665489863\n|switch|p2a: landorustherian|Landorus-Therian, M|62\/100\n|-damage|p2a: landorustherian|50\/100|[from] Stealth Rock\n|-ability|p2a: landorustherian|Intimidate|boost\n|-unboost|p1a: Kartana|atk|1\n|move|p1a: Kartana|Knock Off|p2a: landorustherian\n|-damage|p2a: landorustherian|23\/100\n|-enditem|p2a: landorustherian|Leftovers|[from] move: Knock Off|[of] p1a: Kartana\n|\n|upkeep\n|turn|6\n|\n|t:|1665489871\n|move|p1a: Kartana|Knock Off|p2a: landorustherian\n|-damage|p2a: landorustherian|3\/100\n|move|p2a: landorustherian|Earthquake|p1a: Kartana\n|-damage|p1a: Kartana|51\/100\n|\n|upkeep\n|turn|7\n|\n|t:|1665489876\n|switch|p2a: rotomwash|Rotom-Wash|100\/100\n|-damage|p2a: rotomwash|88\/100|[from] Stealth Rock\n|move|p1a: Kartana|Knock Off|p2a: rotomwash\n|-damage|p2a: rotomwash|59\/100\n|-enditem|p2a: rotomwash|Leftovers|[from] move: Knock Off|[of] p1a: Kartana\n|\n|upkeep\n|turn|8\n|\n|t:|1665489883\n|switch|p1a: Volcarona|Volcarona, M|100\/100\n|move|p2a: rotomwash|Hydro Pump|p1a: Volcarona\n|-supereffective|p1a: Volcarona\n|-damage|p1a: Volcarona|7\/100\n|\n|upkeep\n|turn|9\n|\n|t:|1665489889\n|switch|p2a: landorustherian|Landorus-Therian, M|3\/100\n|-damage|p2a: landorustherian|0 fnt|[from] Stealth Rock\n|faint|p2a: landorustherian\n|move|p1a: Volcarona|Bug Buzz|p2: landorustherian|[notarget]\n|-fail|p1a: Volcarona\n|\n|upkeep\n|\n|t:|1665489889\n|switch|p2a: Melmetal|Melmetal|100\/100\n|-damage|p2a: Melmetal|94\/100|[from] Stealth Rock\n|turn|10\n|\n|t:|1665489898\n|move|p1a: Volcarona|Psychic|p2a: Melmetal\n|-resisted|p2a: Melmetal\n|-damage|p2a: Melmetal|86\/100\n|move|p2a: Melmetal|Earthquake|p1a: Volcarona\n|-damage|p1a: Volcarona|0 fnt\n|faint|p1a: Volcarona\n|\n|upkeep\n|\n|t:|1665489905\n|switch|p1a: Blaziken|Blaziken, F|100\/100\n|-item|p1a: Blaziken|Air Balloon\n|turn|11\n|\n|t:|1665489909\n|move|p1a: Blaziken|Swords Dance|p1a: Blaziken\n|-boost|p1a: Blaziken|atk|2\n|move|p2a: Melmetal|Double Iron Bash|p1a: Blaziken\n|-resisted|p1a: Blaziken\n|-damage|p1a: Blaziken|69\/100\n|-enditem|p1a: Blaziken|Air Balloon\n|-resisted|p1a: Blaziken\n|-damage|p1a: Blaziken|37\/100\n|-hitcount|p1a: Blaziken|2\n|\n|-ability|p1a: Blaziken|Speed Boost|boost\n|-boost|p1a: Blaziken|spe|1\n|upkeep\n|turn|12\n|\n|t:|1665489919\n|move|p1a: Blaziken|Close Combat|p2a: Melmetal\n|-supereffective|p2a: Melmetal\n|-damage|p2a: Melmetal|0 fnt\n|-unboost|p1a: Blaziken|def|1\n|-unboost|p1a: Blaziken|spd|1\n|faint|p2a: Melmetal\n|\n|-ability|p1a: Blaziken|Speed Boost|boost\n|-boost|p1a: Blaziken|spe|1\n|upkeep\n|\n|t:|1665489919\n|switch|p2a: Tangrowth|Tangrowth, M|100\/100\n|-damage|p2a: Tangrowth|88\/100|[from] Stealth Rock\n|turn|13\n|\n|t:|1665489929\n|move|p1a: Blaziken|Flare Blitz|p2a: Tangrowth\n|-supereffective|p2a: Tangrowth\n|-damage|p2a: Tangrowth|0 fnt\n|-damage|p1a: Blaziken|20\/100|[from] item: Rocky Helmet|[of] p2a: Tangrowth\n|faint|p2a: Tangrowth\n|-damage|p1a: Blaziken|0 fnt|[from] Recoil\n|faint|p1a: Blaziken\n|\n|upkeep\n|\n|t:|1665489938\n|switch|p1a: Crawdaunt|Crawdaunt, F|100\/100\n|switch|p2a: rotomwash|Rotom-Wash|59\/100\n|-damage|p2a: rotomwash|47\/100|[from] Stealth Rock\n|turn|14\n|\n|t:|1665489943\n|move|p2a: rotomwash|Thunderbolt|p1a: Crawdaunt\n|-supereffective|p1a: Crawdaunt\n|-damage|p1a: Crawdaunt|0 fnt\n|faint|p1a: Crawdaunt\n|\n|upkeep\n|\n|t:|1665489948\n|switch|p1a: Dragonite|Dragonite, M|100\/100\n|turn|15\n|\n|t:|1665489953\n|move|p2a: rotomwash|Thunderbolt|p1a: Dragonite\n|-damage|p1a: Dragonite|82\/100\n|move|p1a: Dragonite|Dragon Dance|p1a: Dragonite\n|-boost|p1a: Dragonite|atk|1\n|-boost|p1a: Dragonite|spe|1\n|\n|upkeep\n|turn|16\n|j| taxime\n|\n|t:|1665489960\n|move|p1a: Dragonite|Dual Wingbeat|p2a: rotomwash\n|-resisted|p2a: rotomwash\n|-damage|p2a: rotomwash|28\/100\n|-resisted|p2a: rotomwash\n|-damage|p2a: rotomwash|10\/100\n|-hitcount|p2a: rotomwash|2\n|move|p2a: rotomwash|Pain Split|p1a: Dragonite\n|-sethp|p1a: Dragonite|45\/100|[from] move: Pain Split|[silent]\n|-sethp|p2a: rotomwash|48\/100|[from] move: Pain Split\n|\n|upkeep\n|turn|17\n|\n|t:|1665489968\n|move|p1a: Dragonite|Dual Wingbeat|p2a: rotomwash|[miss]\n|-miss|p1a: Dragonite|p2a: rotomwash\n|move|p2a: rotomwash|Thunderbolt|p1a: Dragonite\n|-crit|p1a: Dragonite\n|-damage|p1a: Dragonite|0 fnt\n|faint|p1a: Dragonite\n|\n|upkeep\n|\n|t:|1665489974\n|switch|p1a: Kartana|Kartana|51\/100\n|turn|18\n|\n|t:|1665489977\n|move|p1a: Kartana|Sacred Sword|p2a: rotomwash\n|-damage|p2a: rotomwash|4\/100\n|move|p2a: rotomwash|Hydro Pump|p1a: Kartana\n|-resisted|p1a: Kartana\n|-damage|p1a: Kartana|0 fnt\n|faint|p1a: Kartana\n|\n|win|minimax_ai\n|raw|cows123p's rating: 1539 &rarr; <strong>1520<\/strong><br \/>(-19 for losing)\n|raw|minimax_ai's rating: 1549 &rarr; <strong>1568<\/strong><br \/>(+19 for winning)\n|c|\u2606minimax_ai|gg\n","uploadtime":1665489979,"views":2,"p1id":"cows123p","p2id":"minimaxai","formatid":"gen8ou","rating":1520,"private":0,"password":null}