{"id":"gen8uu-1681789894","p1":"Firelord Term","p2":"misplayin","format":"gen8uu","log":"|j|\u2606Firelord Term\n|j|\u2606misplayin\n|t:|1665351822\n|gametype|singles\n|player|p1|Firelord Term|flint|\n|player|p2|misplayin|pokemonrangerf-gen4|\n|teamsize|p1|6\n|teamsize|p2|6\n|gen|8\n|tier|[Gen 8] UU\n|rule|Sleep Clause Mod: Limit one foe put to sleep\n|rule|Species Clause: Limit one of each Pok\u00e9mon\n|rule|OHKO Clause: OHKO moves are banned\n|rule|Evasion Items Clause: Evasion items are banned\n|rule|Evasion Moves Clause: Evasion moves are banned\n|rule|Endless Battle Clause: Forcing endless battles is banned\n|rule|HP Percentage Mod: HP is shown in percentages\n|rule|Dynamax Clause: You cannot dynamax\n|clearpoke\n|poke|p1|Trevenant, M|\n|poke|p1|Torkoal, F|\n|poke|p1|Darmanitan, M|\n|poke|p1|Primarina, F|\n|poke|p1|Venusaur, F|\n|poke|p1|Flygon, F|\n|poke|p2|Excadrill, F|\n|poke|p2|Tangrowth, M|\n|poke|p2|Nihilego|\n|poke|p2|Moltres|\n|poke|p2|Slowking, F|\n|poke|p2|Primarina, F|\n|teampreview\n|inactive|Battle timer is ON: inactive players will automatically lose when time's up. (requested by Firelord Term)\n|inactive|misplayin also wants the timer to be on.\n|j| Ugaming\n|inactive|Firelord Term has 270 seconds left.\n|inactive|misplayin has 270 seconds left.\n|c| Ugaming|Bout to get shiest\n|c|\u2606misplayin|This the heat i just cooked up\n|j| is vae okay??\n|j| luminarie\n|\n|t:|1665351870\n|start\n|switch|p1a: Martin|Darmanitan, M|100\/100\n|switch|p2a: Nihilego|Nihilego, shiny|100\/100\n|turn|1\n|c| Ugaming|IK WHAT THIS IS!!!\n|\n|t:|1665351876\n|switch|p2a: Slowking|Slowking, F|100\/100\n|switch|p1a: Flygon|Flygon, F, shiny|100\/100\n|\n|upkeep\n|turn|2\n|c| Ugaming|if u know\n|c| Ugaming|U know\n|\n|t:|1665351881\n|move|p1a: Flygon|U-turn|p2a: Slowking\n|-supereffective|p2a: Slowking\n|-damage|p2a: Slowking|70\/100\n|c| Ugaming|Gonna be fun to watch\n|c| Ugaming|:]\n|c| is vae okay??|watch term lose\n|c| luminarie|yo term brought the power?\n|c| is vae okay??|with the best MU ever\n|c| luminarie|he rly did it\n|c| luminarie|yall aint ready for dis\n|c| luminarie|yo vae who u be\n|inactive|Firelord Term has 270 seconds left.\n|c| is vae okay??|rubi\n|c| luminarie|in the discord\n|c| luminarie|oh lmao\n|\n|t:|1665351923\n|switch|p1a: Gina|Primarina, F|100\/100|[from]move: U-turn\n|move|p2a: Slowking|Ice Beam|p1a: Gina\n|-resisted|p1a: Gina\n|-damage|p1a: Gina|94\/100\n|\n|upkeep\n|turn|3\n|\n|t:|1665351928\n|move|p1a: Gina|Flip Turn|p2a: Slowking\n|-resisted|p2a: Slowking\n|-damage|p2a: Slowking|63\/100\n|\n|t:|1665351930\n|switch|p1a: Torkoal|Torkoal, F|100\/100|[from]move: Flip Turn\n|-weather|SunnyDay|[from] ability: Drought|[of] p1a: Torkoal\n|move|p2a: Slowking|Psychic|p1a: Torkoal\n|-damage|p1a: Torkoal|52\/100\n|\n|-weather|SunnyDay|[upkeep]\n|upkeep\n|turn|4\n|\n|t:|1665351941\n|move|p2a: Slowking|Psychic|p1a: Torkoal\n|-damage|p1a: Torkoal|0 fnt\n|faint|p1a: Torkoal\n|\n|-weather|SunnyDay|[upkeep]\n|upkeep\n|c| luminarie|do these not run future sight?\n|\n|t:|1665351949\n|switch|p1a: Venusaur|Venusaur, F, shiny|100\/100\n|turn|5\n|c| luminarie|or is this speca or smth\n|\n|t:|1665351952\n|switch|p2a: Moltres|Moltres|100\/100\n|move|p1a: Venusaur|Growth|p1a: Venusaur\n|-boost|p1a: Venusaur|atk|2\n|-boost|p1a: Venusaur|spa|2\n|\n|-weather|SunnyDay|[upkeep]\n|upkeep\n|turn|6\n|\n|t:|1665351955\n|move|p1a: Venusaur|Sludge Bomb|p2a: Moltres\n|-damage|p2a: Moltres|12\/100\n|-status|p2a: Moltres|psn\n|-damage|p1a: Venusaur|91\/100|[from] item: Life Orb\n|move|p2a: Moltres|Mystical Fire|p1a: Venusaur\n|-supereffective|p1a: Venusaur\n|-damage|p1a: Venusaur|0 fnt\n|faint|p1a: Venusaur\n|\n|-weather|SunnyDay|[upkeep]\n|-damage|p2a: Moltres|0 fnt|[from] psn\n|faint|p2a: Moltres\n|upkeep\n|c| is vae okay??|my name is why I'm sadge :(\n|c| is vae okay??|lmao venusaur's butt\n|c| luminarie|idk who vae is bro\n|\n|t:|1665351965\n|switch|p1a: Martin|Darmanitan, M|100\/100\n|switch|p2a: Nihilego|Nihilego, shiny|100\/100\n|turn|7\n|\n|t:|1665351968\n|switch|p1a: Flygon|Flygon, F, shiny|100\/100\n|move|p2a: Nihilego|Power Gem|p1a: Flygon\n|-resisted|p1a: Flygon\n|-damage|p1a: Flygon|82\/100\n|\n|-weather|SunnyDay|[upkeep]\n|-heal|p1a: Flygon|88\/100|[from] item: Leftovers\n|upkeep\n|turn|8\n|c| luminarie|venu got a fat ass wont lie\n|\n|t:|1665351974\n|switch|p2a: Tangrowth|Tangrowth, M|100\/100\n|move|p1a: Flygon|Earthquake|p2a: Tangrowth\n|-resisted|p2a: Tangrowth\n|-damage|p2a: Tangrowth|91\/100\n|\n|-weather|SunnyDay|[upkeep]\n|-heal|p1a: Flygon|94\/100|[from] item: Leftovers\n|upkeep\n|turn|9\n|c| luminarie|not in a good way either\n|c| is vae okay??|pardon ni66a?\n|\n|t:|1665351979\n|switch|p1a: Martin|Darmanitan, M|100\/100\n|move|p2a: Tangrowth|Knock Off|p1a: Martin\n|-damage|p1a: Martin|71\/100\n|-enditem|p1a: Martin|Life Orb|[from] move: Knock Off|[of] p2a: Tangrowth\n|\n|-weather|SunnyDay|[upkeep]\n|upkeep\n|turn|10\n|\n|t:|1665351983\n|switch|p2a: Slowking|Slowking, F|96\/100\n|move|p1a: Martin|U-turn|p2a: Slowking\n|-supereffective|p2a: Slowking\n|-damage|p2a: Slowking|54\/100\n|c| luminarie|i said what i said\n|\n|t:|1665351987\n|switch|p1a: Trevenant|Trevenant, M, shiny|100\/100|[from]move: U-turn\n|\n|-weather|none\n|upkeep\n|turn|11\n|c| luminarie|look at darm too\n|c|\u2606Firelord Term|i choked\n|c| luminarie|bro got the somalian dumptruk\n|c|\u2606Firelord Term|ngl\n|c| Ugaming|Ye\n|c| is vae okay??|ni66a u bugging\n|c| Ugaming|U did\n|c| Ugaming|Supa choke\n|c| Ugaming|This was a good mu too term.\n|c| Ugaming|Tuffio\n|c|\u2606Firelord Term|ik\n|c| luminarie|aint buggin\n|c|\u2606Firelord Term|im ass\n|\n|t:|1665352013\n|switch|p2a: Tangrowth|Tangrowth, M|100\/100\n|move|p1a: Trevenant|Poltergeist|p2a: Tangrowth\n|-activate|p2a: Tangrowth|move: Poltergeist|Rocky Helmet\n|-damage|p2a: Tangrowth|71\/100\n|\n|upkeep\n|turn|12\n|c| Ugaming|No its ok man\n|c| Ugaming|U got this\n|c| luminarie|its true\n|c| Ugaming|Keep ya head up\n|c| Ugaming|\ud83d\udcaa\ud83d\udcaa\n|c| luminarie|ya its still winnable...\n|c|\u2606misplayin|true i am known to choke\n|inactive|Firelord Term has 270 seconds left.\n|\n|t:|1665352032\n|switch|p1a: Martin|Darmanitan, M|71\/100\n|move|p2a: Tangrowth|Knock Off|p1a: Martin\n|-damage|p1a: Martin|49\/100\n|\n|upkeep\n|turn|13\n|\n|t:|1665352039\n|switch|p1a: Trevenant|Trevenant, M, shiny|100\/100\n|switch|p2a: Slowking|Slowking, F|88\/100\n|\n|upkeep\n|turn|14\n|\n|t:|1665352042\n|switch|p2a: Tangrowth|Tangrowth, M|100\/100\n|move|p1a: Trevenant|Growth|p1a: Trevenant\n|-boost|p1a: Trevenant|atk|1\n|-boost|p1a: Trevenant|spa|1\n|\n|upkeep\n|turn|15\n|c| luminarie|man darm was so good here term\n|\n|t:|1665352055\n|move|p1a: Trevenant|Poltergeist|p2a: Tangrowth|[miss]\n|-miss|p1a: Trevenant|p2a: Tangrowth\n|move|p2a: Tangrowth|Knock Off|p1a: Trevenant\n|-supereffective|p1a: Trevenant\n|-damage|p1a: Trevenant|50\/100\n|-enditem|p1a: Trevenant|Custap Berry|[from] move: Knock Off|[of] p2a: Tangrowth\n|\n|upkeep\n|turn|16\n|c|\u2606Firelord Term|true\n|c|\u2606misplayin|that sucks\n|c| luminarie|unfortunate\n|\n|t:|1665352063\n|move|p1a: Trevenant|Poltergeist|p2a: Tangrowth\n|-activate|p2a: Tangrowth|move: Poltergeist|Rocky Helmet\n|-damage|p2a: Tangrowth|57\/100\n|move|p2a: Tangrowth|Knock Off|p1a: Trevenant\n|-supereffective|p1a: Trevenant\n|-damage|p1a: Trevenant|13\/100\n|\n|upkeep\n|turn|17\n|c| Ugaming|Nah its over tho anyways\n|c| luminarie|ya unless choke\n|\n|t:|1665352072\n|move|p1a: Trevenant|Poltergeist|p2a: Tangrowth\n|-activate|p2a: Tangrowth|move: Poltergeist|Rocky Helmet\n|-damage|p2a: Tangrowth|11\/100\n|move|p2a: Tangrowth|Knock Off|p1a: Trevenant\n|-supereffective|p1a: Trevenant\n|-damage|p1a: Trevenant|0 fnt\n|faint|p1a: Trevenant\n|\n|upkeep\n|\n|t:|1665352081\n|switch|p1a: Martin|Darmanitan, M|49\/100\n|turn|18\n|\n|t:|1665352085\n|switch|p2a: Slowking|Slowking, F|100\/100\n|move|p1a: Martin|U-turn|p2a: Slowking\n|-supereffective|p2a: Slowking\n|-damage|p2a: Slowking|58\/100\n|\n|t:|1665352090\n|switch|p1a: Gina|Primarina, F|94\/100|[from]move: U-turn\n|\n|upkeep\n|turn|19\n|\n|t:|1665352095\n|move|p1a: Gina|Moonblast|p2a: Slowking\n|-damage|p2a: Slowking|37\/100\n|-unboost|p2a: Slowking|spa|1\n|move|p2a: Slowking|Future Sight|p1a: Gina\n|-start|p2a: Slowking|move: Future Sight\n|\n|upkeep\n|turn|20\n|c| luminarie|darm def coulda won this game w\/ venu\n|\n|t:|1665352097\n|move|p1a: Gina|Moonblast|p2a: Slowking\n|-damage|p2a: Slowking|15\/100\n|-unboost|p2a: Slowking|spa|1\n|move|p2a: Slowking|Scald|p1a: Gina\n|-resisted|p1a: Gina\n|-damage|p1a: Gina|90\/100\n|\n|upkeep\n|turn|21\n|c| luminarie|but yea its tough\n|\n|t:|1665352103\n|switch|p2a: Nihilego|Nihilego, shiny|100\/100\n|move|p1a: Gina|Flip Turn|p2a: Nihilego\n|-supereffective|p2a: Nihilego\n|-damage|p2a: Nihilego|60\/100\n|c|\u2606Firelord Term|sludge bomb not killing molres was ass\n|c|\u2606Firelord Term|moltres\n|c| luminarie|ye big risk\n|c| luminarie|are u modest orb\n|inactive|Firelord Term has 270 seconds left.\n|c|\u2606Firelord Term|i got the min roll\n|c|\u2606misplayin|i eved moltres to live 100% of the time\n|c|\u2606Firelord Term|shits ass\n|c| luminarie|didnt matter knew ur spread\n|c| luminarie|-jay\n|c| luminarie|wisdom\n|inactive|Firelord Term has 240 seconds left.\n|\n|t:|1665352166\n|switch|p1a: Flygon|Flygon, F, shiny|94\/100|[from]move: Flip Turn\n|\n|-end|p1a: Flygon|move: Future Sight\n|-damage|p1a: Flygon|49\/100\n|-heal|p2a: Nihilego|67\/100|[from] item: Black Sludge\n|-heal|p1a: Flygon|55\/100|[from] item: Leftovers\n|upkeep\n|turn|22\n|c| luminarie|wait\n|c| luminarie|is this kinda winnable now?\n|\n|t:|1665352192\n|switch|p2a: Primarina|Primarina, F|100\/100\n|move|p1a: Flygon|Roost|p1a: Flygon\n|-heal|p1a: Flygon|100\/100\n|-singleturn|p1a: Flygon|move: Roost\n|\n|upkeep\n|turn|23\n|c| luminarie|if jay makes the wrong play h ere\n|\n|t:|1665352197\n|move|p1a: Flygon|U-turn|p2a: Primarina\n|-resisted|p2a: Primarina\n|-damage|p2a: Primarina|90\/100\n|c| luminarie|ah nvm\n|\n|t:|1665352199\n|switch|p1a: Gina|Primarina, F|90\/100|[from]move: U-turn\n|move|p2a: Primarina|Moonblast|p1a: Gina\n|-damage|p1a: Gina|65\/100\n|-unboost|p1a: Gina|spa|1\n|\n|-heal|p2a: Primarina|96\/100|[from] item: Leftovers\n|upkeep\n|turn|24\n|inactive|Firelord Term has 270 seconds left.\n|\n|t:|1665352205\n|move|p1a: Gina|Flip Turn|p2a: Primarina\n|-resisted|p2a: Primarina\n|-damage|p2a: Primarina|86\/100\n|\n|t:|1665352208\n|switch|p1a: Martin|Darmanitan, M|49\/100|[from]move: Flip Turn\n|move|p2a: Primarina|Calm Mind|p2a: Primarina\n|-boost|p2a: Primarina|spa|1\n|-boost|p2a: Primarina|spd|1\n|\n|-heal|p2a: Primarina|93\/100|[from] item: Leftovers\n|upkeep\n|turn|25\n|\n|t:|1665352214\n|move|p1a: Martin|Earthquake|p2a: Primarina\n|-damage|p2a: Primarina|41\/100\n|move|p2a: Primarina|Scald|p1a: Martin\n|-supereffective|p1a: Martin\n|-damage|p1a: Martin|0 fnt\n|faint|p1a: Martin\n|\n|-heal|p2a: Primarina|47\/100|[from] item: Leftovers\n|upkeep\n|\n|t:|1665352217\n|switch|p1a: Gina|Primarina, F|65\/100\n|turn|26\n|\n|t:|1665352221\n|move|p1a: Gina|Moonblast|p2a: Primarina\n|-damage|p2a: Primarina|23\/100\n|move|p2a: Primarina|Calm Mind|p2a: Primarina\n|-boost|p2a: Primarina|spa|1\n|-boost|p2a: Primarina|spd|1\n|\n|-heal|p2a: Primarina|29\/100|[from] item: Leftovers\n|upkeep\n|turn|27\n|\n|t:|1665352224\n|move|p1a: Gina|Moonblast|p2a: Primarina\n|-damage|p2a: Primarina|11\/100\n|-unboost|p2a: Primarina|spa|1\n|move|p2a: Primarina|Moonblast|p1a: Gina\n|-damage|p1a: Gina|24\/100\n|\n|-heal|p2a: Primarina|18\/100|[from] item: Leftovers\n|upkeep\n|turn|28\n|\n|t:|1665352227\n|move|p1a: Gina|Moonblast|p2a: Primarina\n|-damage|p2a: Primarina|1\/100\n|move|p2a: Primarina|Moonblast|p1a: Gina\n|-damage|p1a: Gina|0 fnt\n|faint|p1a: Gina\n|\n|-heal|p2a: Primarina|7\/100|[from] item: Leftovers\n|upkeep\n|\n|t:|1665352229\n|switch|p1a: Flygon|Flygon, F, shiny|100\/100\n|turn|29\n|\n|t:|1665352232\n|move|p1a: Flygon|Earthquake|p2a: Primarina\n|-damage|p2a: Primarina|0 fnt\n|faint|p2a: Primarina\n|\n|upkeep\n|\n|t:|1665352234\n|switch|p2a: Tangrowth|Tangrowth, M|44\/100\n|turn|30\n|\n|t:|1665352237\n|switch|p2a: Slowking|Slowking, F|48\/100\n|move|p1a: Flygon|U-turn|p2a: Slowking\n|-supereffective|p2a: Slowking\n|-damage|p2a: Slowking|22\/100\n|\n|upkeep\n|turn|31\n|\n|t:|1665352244\n|move|p1a: Flygon|U-turn|p2a: Slowking\n|-supereffective|p2a: Slowking\n|-crit|p2a: Slowking\n|-damage|p2a: Slowking|0 fnt\n|faint|p2a: Slowking\n|\n|upkeep\n|\n|t:|1665352246\n|switch|p2a: Tangrowth|Tangrowth, M|77\/100\n|turn|32\n|\n|t:|1665352250\n|move|p1a: Flygon|U-turn|p2a: Tangrowth\n|-supereffective|p2a: Tangrowth\n|-damage|p2a: Tangrowth|61\/100\n|-damage|p1a: Flygon|84\/100|[from] item: Rocky Helmet|[of] p2a: Tangrowth\n|move|p2a: Tangrowth|Giga Drain|p1a: Flygon\n|-damage|p1a: Flygon|56\/100\n|-heal|p2a: Tangrowth|74\/100|[from] drain|[of] p1a: Flygon\n|\n|-heal|p1a: Flygon|62\/100|[from] item: Leftovers\n|upkeep\n|turn|33\n|\n|t:|1665352255\n|move|p1a: Flygon|U-turn|p2a: Tangrowth\n|-supereffective|p2a: Tangrowth\n|-damage|p2a: Tangrowth|57\/100\n|-damage|p1a: Flygon|46\/100|[from] item: Rocky Helmet|[of] p2a: Tangrowth\n|move|p2a: Tangrowth|Giga Drain|p1a: Flygon\n|-damage|p1a: Flygon|17\/100\n|-heal|p2a: Tangrowth|70\/100|[from] drain|[of] p1a: Flygon\n|\n|-heal|p1a: Flygon|23\/100|[from] item: Leftovers\n|upkeep\n|turn|34\n|\n|t:|1665352257\n|move|p1a: Flygon|Roost|p1a: Flygon\n|-heal|p1a: Flygon|73\/100\n|-singleturn|p1a: Flygon|move: Roost\n|move|p2a: Tangrowth|Giga Drain|p1a: Flygon\n|-damage|p1a: Flygon|46\/100\n|-heal|p2a: Tangrowth|83\/100|[from] drain|[of] p1a: Flygon\n|\n|-heal|p1a: Flygon|52\/100|[from] item: Leftovers\n|upkeep\n|turn|35\n|c| luminarie|man this game had a really interesting my\n|c| luminarie|mu*\n|\n|t:|1665352261\n|move|p1a: Flygon|Roost|p1a: Flygon\n|-heal|p1a: Flygon|100\/100\n|-singleturn|p1a: Flygon|move: Roost\n|move|p2a: Tangrowth|Giga Drain|p1a: Flygon\n|-damage|p1a: Flygon|71\/100\n|-heal|p2a: Tangrowth|96\/100|[from] drain|[of] p1a: Flygon\n|\n|-heal|p1a: Flygon|77\/100|[from] item: Leftovers\n|upkeep\n|turn|36\n|c| luminarie|wp fellas\n|\n|t:|1665352265\n|move|p1a: Flygon|Earthquake|p2a: Tangrowth\n|-resisted|p2a: Tangrowth\n|-damage|p2a: Tangrowth|88\/100\n|move|p2a: Tangrowth|Sleep Powder|p1a: Flygon\n|-status|p1a: Flygon|slp|[from] move: Sleep Powder\n|\n|-heal|p1a: Flygon|83\/100 slp|[from] item: Leftovers\n|upkeep\n|turn|37\n|\n|t:|1665352268\n|cant|p1a: Flygon|slp\n|move|p2a: Tangrowth|Giga Drain|p1a: Flygon\n|-damage|p1a: Flygon|53\/100 slp\n|-heal|p2a: Tangrowth|100\/100|[from] drain|[of] p1a: Flygon\n|\n|-heal|p1a: Flygon|59\/100 slp|[from] item: Leftovers\n|upkeep\n|turn|38\n|c| is vae okay??|it was in Terms favor\n|\n|t:|1665352271\n|-curestatus|p1a: Flygon|slp|[msg]\n|move|p1a: Flygon|Roost|p1a: Flygon\n|-heal|p1a: Flygon|100\/100\n|-singleturn|p1a: Flygon|move: Roost\n|move|p2a: Tangrowth|Giga Drain|p1a: Flygon\n|-crit|p1a: Flygon\n|-damage|p1a: Flygon|55\/100\n|\n|-heal|p1a: Flygon|61\/100|[from] item: Leftovers\n|upkeep\n|turn|39\n|c| luminarie|ye ik\n|c| is vae okay??|so much in terms favor\n|\n|t:|1665352276\n|move|p1a: Flygon|Earthquake|p2a: Tangrowth\n|-resisted|p2a: Tangrowth\n|-damage|p2a: Tangrowth|91\/100\n|move|p2a: Tangrowth|Giga Drain|p1a: Flygon\n|-damage|p1a: Flygon|35\/100\n|-heal|p2a: Tangrowth|100\/100|[from] drain|[of] p1a: Flygon\n|\n|-heal|p1a: Flygon|41\/100|[from] item: Leftovers\n|upkeep\n|turn|40\n|\n|t:|1665352277\n|move|p1a: Flygon|Roost|p1a: Flygon\n|-heal|p1a: Flygon|91\/100\n|-singleturn|p1a: Flygon|move: Roost\n|move|p2a: Tangrowth|Giga Drain|p1a: Flygon\n|-damage|p1a: Flygon|63\/100\n|\n|-heal|p1a: Flygon|69\/100|[from] item: Leftovers\n|upkeep\n|turn|41\n|c| luminarie|darm went dummy\n|c| luminarie|hard\n|c| luminarie|venu too\n|\n|t:|1665352285\n|move|p1a: Flygon|U-turn|p2a: Tangrowth\n|-supereffective|p2a: Tangrowth\n|-damage|p2a: Tangrowth|84\/100\n|-damage|p1a: Flygon|52\/100|[from] item: Rocky Helmet|[of] p2a: Tangrowth\n|move|p2a: Tangrowth|Knock Off|p1a: Flygon\n|-damage|p1a: Flygon|28\/100\n|-enditem|p1a: Flygon|Leftovers|[from] move: Knock Off|[of] p2a: Tangrowth\n|\n|upkeep\n|turn|42\n|c| luminarie|just needed minimal chip\n|\n|t:|1665352293\n|move|p1a: Flygon|Roost|p1a: Flygon\n|-heal|p1a: Flygon|78\/100\n|-singleturn|p1a: Flygon|move: Roost\n|move|p2a: Tangrowth|Giga Drain|p1a: Flygon\n|-damage|p1a: Flygon|49\/100\n|-heal|p2a: Tangrowth|97\/100|[from] drain|[of] p1a: Flygon\n|\n|upkeep\n|turn|43\n|\n|t:|1665352297\n|move|p1a: Flygon|Roost|p1a: Flygon\n|-heal|p1a: Flygon|99\/100\n|-singleturn|p1a: Flygon|move: Roost\n|move|p2a: Tangrowth|Sludge Bomb|p1a: Flygon\n|-resisted|p1a: Flygon\n|-damage|p1a: Flygon|88\/100\n|\n|upkeep\n|turn|44\n|\n|t:|1665352301\n|move|p1a: Flygon|Earthquake|p2a: Tangrowth\n|-resisted|p2a: Tangrowth\n|-damage|p2a: Tangrowth|89\/100\n|move|p2a: Tangrowth|Sludge Bomb|p1a: Flygon\n|-resisted|p1a: Flygon\n|-damage|p1a: Flygon|76\/100\n|\n|upkeep\n|turn|45\n|l| is vae okay??\n|\n|t:|1665352305\n|move|p1a: Flygon|U-turn|p2a: Tangrowth\n|-supereffective|p2a: Tangrowth\n|-damage|p2a: Tangrowth|71\/100\n|-damage|p1a: Flygon|60\/100|[from] item: Rocky Helmet|[of] p2a: Tangrowth\n|move|p2a: Tangrowth|Sludge Bomb|p1a: Flygon\n|-resisted|p1a: Flygon\n|-damage|p1a: Flygon|49\/100\n|\n|upkeep\n|turn|46\n|\n|t:|1665352308\n|move|p1a: Flygon|U-turn|p2a: Tangrowth\n|-supereffective|p2a: Tangrowth\n|-damage|p2a: Tangrowth|53\/100\n|-damage|p1a: Flygon|32\/100|[from] item: Rocky Helmet|[of] p2a: Tangrowth\n|move|p2a: Tangrowth|Sludge Bomb|p1a: Flygon\n|-resisted|p1a: Flygon\n|-damage|p1a: Flygon|21\/100\n|\n|upkeep\n|turn|47\n|c| luminarie|but its a funky team tbh id probably choke with it too\n|\n|t:|1665352311\n|move|p1a: Flygon|Roost|p1a: Flygon\n|-heal|p1a: Flygon|71\/100\n|-singleturn|p1a: Flygon|move: Roost\n|move|p2a: Tangrowth|Sludge Bomb|p1a: Flygon\n|-resisted|p1a: Flygon\n|-damage|p1a: Flygon|59\/100\n|-status|p1a: Flygon|psn\n|\n|-damage|p1a: Flygon|46\/100 psn|[from] psn\n|upkeep\n|turn|48\n|\n|t:|1665352314\n|move|p1a: Flygon|U-turn|p2a: Tangrowth\n|-supereffective|p2a: Tangrowth\n|-damage|p2a: Tangrowth|37\/100\n|-damage|p1a: Flygon|30\/100 psn|[from] item: Rocky Helmet|[of] p2a: Tangrowth\n|move|p2a: Tangrowth|Giga Drain|p1a: Flygon\n|-damage|p1a: Flygon|2\/100 psn\n|-heal|p2a: Tangrowth|50\/100|[from] drain|[of] p1a: Flygon\n|\n|-damage|p1a: Flygon|0 fnt|[from] psn\n|faint|p1a: Flygon\n|\n|win|misplayin\n|upkeep\n|c|\u2606misplayin|ggs\n|c|\u2606Firelord Term|gg\n","uploadtime":1665352331,"views":32,"p1id":"firelordterm","p2id":"misplayin","formatid":"gen8uu","rating":0,"private":0,"password":null}