{"id":"gen8ou-1471914267","p1":"Dr. Elite","p2":"Infernoss","format":"gen8ou","log":"|html|<div class=\"broadcast-blue\"><strong>[Gen 8] OU is currently suspecting Kyurem! For information on how to participate check out the <a href=\"https:\/\/www.smogon.com\/forums\/threads\/np-ss-ou-suspect-process-round-11-break-the-ice.3694129\/\">suspect thread<\/a>.<\/strong><\/div>\n|j|\u2606Dr. Elite\n|j|\u2606Infernoss\n|t:|1639339558\n|gametype|singles\n|player|p1|Dr. Elite|#drelite|1806\n|player|p2|Infernoss|blue|1772\n|teamsize|p1|6\n|teamsize|p2|6\n|gen|8\n|tier|[Gen 8] OU\n|rated|\n|rule|Sleep Clause Mod: Limit one foe put to sleep\n|rule|Species Clause: Limit one of each Pok\u00e9mon\n|rule|OHKO Clause: OHKO moves are banned\n|rule|Evasion Moves Clause: Evasion moves are banned\n|rule|Endless Battle Clause: Forcing endless battles is banned\n|rule|HP Percentage Mod: HP is shown in percentages\n|rule|Dynamax Clause: You cannot dynamax\n|clearpoke\n|poke|p1|Gardevoir, F|\n|poke|p1|Clefable, F|\n|poke|p1|Togekiss, M|\n|poke|p1|Hatterene, F|\n|poke|p1|Klefki, F|\n|poke|p1|Primarina, F|\n|poke|p2|Slowbro, M|\n|poke|p2|Garchomp, M|\n|poke|p2|Hatterene, F|\n|poke|p2|Ferrothorn, M|\n|poke|p2|Drampa, M|\n|poke|p2|Marowak-Alola, M|\n|teampreview\n|\n|t:|1639339574\n|start\n|switch|p1a: Peace|Togekiss, M, shiny|100\/100\n|switch|p2a: Billy B.|Marowak-Alola, M|100\/100\n|turn|1\n|\n|t:|1639339593\n|switch|p2a: Sharko|Garchomp, M|100\/100\n|move|p1a: Peace|Air Slash|p2a: Sharko\n|-damage|p2a: Sharko|57\/100\n|\n|-heal|p2a: Sharko|64\/100|[from] item: Leftovers\n|upkeep\n|turn|2\n|\n|t:|1639339601\n|move|p2a: Sharko|Stone Edge|p1a: Peace\n|-supereffective|p1a: Peace\n|-damage|p1a: Peace|17\/100\n|move|p1a: Peace|Nasty Plot|p1a: Peace\n|-boost|p1a: Peace|spa|2\n|\n|-heal|p2a: Sharko|70\/100|[from] item: Leftovers\n|upkeep\n|turn|3\n|j| Tad3\n|\n|t:|1639339620\n|switch|p1a: Kindness|Klefki, F|100\/100\n|move|p2a: Sharko|Stone Edge|p1a: Kindness|[miss]\n|-miss|p2a: Sharko|p1a: Kindness\n|\n|-heal|p2a: Sharko|76\/100|[from] item: Leftovers\n|upkeep\n|turn|4\n|\n|t:|1639339627\n|switch|p2a: Gorra|Hatterene, F, shiny|100\/100\n|move|p1a: Kindness|Reflect|p1a: Kindness\n|-sidestart|p1: Dr. Elite|Reflect\n|\n|upkeep\n|turn|5\n|\n|t:|1639339634\n|switch|p1a: Love|Gardevoir, F|100\/100\n|-ability|p1a: Love|Magic Bounce|[from] ability: Trace|[of] p2a: Gorra\n|move|p2a: Gorra|Mystical Fire|p1a: Love\n|-damage|p1a: Love|75\/100\n|-unboost|p1a: Love|spa|1\n|\n|upkeep\n|turn|6\n|\n|t:|1639339643\n|move|p1a: Love|Trick|p2a: Gorra\n|-activate|p1a: Love|move: Trick|[of] p2a: Gorra\n|-item|p2a: Gorra|Choice Scarf|[from] move: Trick\n|-item|p1a: Love|Kasib Berry|[from] move: Trick\n|move|p2a: Gorra|Trick Room|p2a: Gorra\n|-fieldstart|move: Trick Room|[of] p2a: Gorra\n|\n|upkeep\n|turn|7\n|\n|t:|1639339651\n|switch|p2a: Miguelito|Ferrothorn, M|100\/100\n|switch|p1a: Kindness|Klefki, F|100\/100\n|\n|upkeep\n|turn|8\n|\n|t:|1639339666\n|switch|p2a: Gorra|Hatterene, F, shiny|100\/100\n|move|p1a: Kindness|Light Screen|p1a: Kindness\n|-sidestart|p1: Dr. Elite|move: Light Screen\n|\n|upkeep\n|turn|9\n|\n|t:|1639339677\n|switch|p1a: Love|Gardevoir, F|75\/100\n|-ability|p1a: Love|Magic Bounce|[from] ability: Trace|[of] p2a: Gorra\n|move|p2a: Gorra|Mystical Fire|p1a: Love\n|-crit|p1a: Love\n|-damage|p1a: Love|38\/100\n|-unboost|p1a: Love|spa|1\n|\n|upkeep\n|turn|10\n|\n|t:|1639339685\n|move|p2a: Gorra|Mystical Fire|p1a: Love\n|-damage|p1a: Love|25\/100\n|-unboost|p1a: Love|spa|1\n|move|p1a: Love|Healing Wish|p1a: Love\n|faint|p1a: Love\n|\n|-fieldend|move: Trick Room\n|upkeep\n|\n|t:|1639339689\n|switch|p1a: Peace|Togekiss, M, shiny|17\/100\n|-heal|p1a: Peace|100\/100|[from] move: Healing Wish\n|turn|11\n|\n|t:|1639339698\n|switch|p2a: Miguelito|Ferrothorn, M|100\/100\n|move|p1a: Peace|Nasty Plot|p1a: Peace\n|-boost|p1a: Peace|spa|2\n|\n|-sideend|p1: Dr. Elite|Reflect\n|upkeep\n|turn|12\n|\n|t:|1639339704\n|move|p1a: Peace|Flamethrower|p2a: Miguelito\n|-supereffective|p2a: Miguelito\n|-crit|p2a: Miguelito\n|-damage|p2a: Miguelito|0 fnt\n|faint|p2a: Miguelito\n|\n|upkeep\n|\n|t:|1639339709\n|switch|p2a: Gorra|Hatterene, F, shiny|100\/100\n|turn|13\n|\n|t:|1639339714\n|move|p1a: Peace|Nasty Plot|p1a: Peace\n|-boost|p1a: Peace|spa|2\n|move|p2a: Gorra|Trick Room|p2a: Gorra\n|-fieldstart|move: Trick Room|[of] p2a: Gorra\n|\n|upkeep\n|turn|14\n|\n|t:|1639339725\n|switch|p2a: Falkor|Drampa, M, shiny|100\/100\n|move|p1a: Peace|Air Slash|p2a: Falkor\n|-damage|p2a: Falkor|0 fnt\n|faint|p2a: Falkor\n|\n|upkeep\n|\n|t:|1639339731\n|switch|p2a: Billy B.|Marowak-Alola, M|100\/100\n|turn|15\n|\n|t:|1639339735\n|switch|p1a: Kindness|Klefki, F|100\/100\n|move|p2a: Billy B.|Flare Blitz|p1a: Kindness\n|-supereffective|p1a: Kindness\n|-damage|p1a: Kindness|0 fnt\n|faint|p1a: Kindness\n|\n|-sideend|p1: Dr. Elite|move: Light Screen\n|upkeep\n|\n|t:|1639339738\n|switch|p1a: Goodness|Primarina, F|100\/100\n|turn|16\n|\n|t:|1639339743\n|move|p2a: Billy B.|Poltergeist|p1a: Goodness\n|-activate|p1a: Goodness|move: Poltergeist|Leftovers\n|-damage|p1a: Goodness|33\/100\n|move|p1a: Goodness|Calm Mind|p1a: Goodness\n|-boost|p1a: Goodness|spa|1\n|-boost|p1a: Goodness|spd|1\n|\n|-heal|p1a: Goodness|39\/100|[from] item: Leftovers\n|upkeep\n|turn|17\n|\n|t:|1639339753\n|switch|p1a: Joy|Clefable, F|100\/100\n|move|p2a: Billy B.|Poltergeist|p1a: Joy\n|-activate|p1a: Joy|move: Poltergeist|Kee Berry\n|-damage|p1a: Joy|33\/100\n|-enditem|p1a: Joy|Kee Berry|[eat]\n|-boost|p1a: Joy|def|1|[from] item: Kee Berry\n|\n|-fieldend|move: Trick Room\n|upkeep\n|turn|18\n|\n|t:|1639339764\n|move|p1a: Joy|Moonlight|p1a: Joy\n|-heal|p1a: Joy|83\/100\n|move|p2a: Billy B.|Substitute|p2a: Billy B.\n|-start|p2a: Billy B.|Substitute\n|-damage|p2a: Billy B.|76\/100\n|\n|upkeep\n|turn|19\n|\n|t:|1639339770\n|move|p1a: Joy|Calm Mind|p1a: Joy\n|-boost|p1a: Joy|spa|1\n|-boost|p1a: Joy|spd|1\n|move|p2a: Billy B.|Flare Blitz|p1a: Joy\n|-damage|p1a: Joy|30\/100\n|\n|upkeep\n|turn|20\n|\n|t:|1639339776\n|move|p1a: Joy|Moonlight|p1a: Joy\n|-heal|p1a: Joy|80\/100\n|move|p2a: Billy B.|Flare Blitz|p1a: Joy\n|-damage|p1a: Joy|29\/100\n|\n|upkeep\n|turn|21\n|\n|t:|1639339783\n|move|p1a: Joy|Moonlight|p1a: Joy\n|-heal|p1a: Joy|79\/100\n|move|p2a: Billy B.|Flare Blitz|p1a: Joy\n|-damage|p1a: Joy|33\/100\n|\n|upkeep\n|turn|22\n|\n|t:|1639339790\n|move|p1a: Joy|Moonlight|p1a: Joy\n|-heal|p1a: Joy|83\/100\n|move|p2a: Billy B.|Flare Blitz|p1a: Joy\n|-damage|p1a: Joy|29\/100\n|\n|upkeep\n|turn|23\n|\n|t:|1639339808\n|move|p1a: Joy|Moonlight|p1a: Joy\n|-heal|p1a: Joy|79\/100\n|move|p2a: Billy B.|Flare Blitz|p1a: Joy\n|-damage|p1a: Joy|31\/100\n|\n|upkeep\n|turn|24\n|\n|t:|1639339818\n|switch|p1a: Goodness|Primarina, F|39\/100\n|move|p2a: Billy B.|Flare Blitz|p1a: Goodness\n|-resisted|p1a: Goodness\n|-crit|p1a: Goodness\n|-damage|p1a: Goodness|0 fnt\n|faint|p1a: Goodness\n|\n|upkeep\n|\n|t:|1639339822\n|switch|p1a: Peace|Togekiss, M, shiny|100\/100\n|turn|25\n|\n|t:|1639339827\n|move|p1a: Peace|Air Slash|p2a: Billy B.\n|-crit|p2a: Billy B.\n|-end|p2a: Billy B.|Substitute\n|move|p2a: Billy B.|Flare Blitz|p1a: Peace\n|-damage|p1a: Peace|0 fnt\n|faint|p1a: Peace\n|\n|upkeep\n|\n|t:|1639339831\n|switch|p1a: Joy|Clefable, F|31\/100\n|turn|26\n|\n|t:|1639339835\n|move|p1a: Joy|Draining Kiss|p2a: Billy B.\n|-resisted|p2a: Billy B.\n|-damage|p2a: Billy B.|65\/100\n|-heal|p1a: Joy|38\/100|[from] drain|[of] p2a: Billy B.\n|move|p2a: Billy B.|Flare Blitz|p1a: Joy\n|-damage|p1a: Joy|0 fnt\n|faint|p1a: Joy\n|\n|upkeep\n|\n|t:|1639339837\n|switch|p1a: Patience|Hatterene, F|100\/100\n|turn|27\n|\n|t:|1639339844\n|move|p2a: Billy B.|Poltergeist|p1a: Patience\n|-activate|p1a: Patience|move: Poltergeist|Wiki Berry\n|-supereffective|p1a: Patience\n|-damage|p1a: Patience|0 fnt\n|faint|p1a: Patience\n|\n|win|Infernoss\n|raw|Dr. Elite's rating: 1806 &rarr; <strong>1784<\/strong><br \/>(-22 for losing)\n|raw|Infernoss's rating: 1772 &rarr; <strong>1794<\/strong><br \/>(+22 for winning)\n|l|\u2606Dr. Elite\n||Ladder isn't responding, score probably updated but might not have (Request timeout).\n","uploadtime":1639339858,"views":127,"p1id":"drelite","p2id":"infernoss","formatid":"gen8ou","rating":1784,"private":0,"password":null}