{"id":"gen8ou-1130892941","p1":"Burnt Bright","p2":"fi mo ziz","format":"gen8ou","log":"|j|\u2606Burnt Bright\n|j|\u2606fi mo ziz\n|player|p1|Burnt Bright|170|1657\n|player|p2|fi mo ziz|bugcatcher|1632\n|teamsize|p1|6\n|teamsize|p2|6\n|gametype|singles\n|gen|8\n|tier|[Gen 8] OU\n|rated|\n|clearpoke\n|poke|p1|Zeraora|\n|poke|p1|Aegislash, F|\n|poke|p1|Mandibuzz, F|\n|poke|p1|Kyurem|\n|poke|p1|Kommo-o, M|\n|poke|p1|Rotom-Heat|\n|poke|p2|Kommo-o, F|\n|poke|p2|Aegislash, F|\n|poke|p2|Zeraora|\n|poke|p2|Toxapex, F|\n|poke|p2|Clefable, M|\n|poke|p2|Mandibuzz, F|\n|rule|Sleep Clause Mod: Limit one foe put to sleep\n|rule|Species Clause: Limit one of each Pok\u00e9mon\n|rule|OHKO Clause: OHKO moves are banned\n|rule|Evasion Moves Clause: Evasion moves are banned\n|rule|Endless Battle Clause: Forcing endless battles is banned\n|rule|HP Percentage Mod: HP is shown in percentages\n|rule|Dynamax Clause: You cannot dynamax\n|teampreview\n|j| iron bash\n|inactive|Battle timer is ON: inactive players will automatically lose when time's up. (requested by fi mo ziz)\n|\n|start\n|switch|p1a: Kyurem|Kyurem|100\/100\n|switch|p2a: Clefable|Clefable, M|100\/100\n|-ability|p1a: Kyurem|Pressure\n|turn|1\n|\n|switch|p1a: Rotom|Rotom-Heat|100\/100\n|move|p2a: Clefable|Knock Off|p1a: Rotom\n|-damage|p1a: Rotom|85\/100\n|-enditem|p1a: Rotom|Heavy-Duty Boots|[from] move: Knock Off|[of] p2a: Clefable\n|\n|upkeep\n|turn|2\n|\n|move|p1a: Rotom|Nasty Plot|p1a: Rotom\n|-boost|p1a: Rotom|spa|2\n|move|p2a: Clefable|Stealth Rock|p1a: Rotom\n|-sidestart|p1: Burnt Bright|move: Stealth Rock\n|\n|upkeep\n|turn|3\n|\n|move|p1a: Rotom|Nasty Plot|p1a: Rotom\n|-boost|p1a: Rotom|spa|2\n|move|p2a: Clefable|Moonblast|p1a: Rotom\n|-resisted|p1a: Rotom\n|-damage|p1a: Rotom|72\/100\n|\n|upkeep\n|turn|4\n|\n|move|p1a: Rotom|Nasty Plot|p1a: Rotom\n|-boost|p1a: Rotom|spa|2\n|move|p2a: Clefable|Soft-Boiled||[still]\n|-fail|p2a: Clefable|heal\n|\n|upkeep\n|turn|5\n|\n|switch|p2a: Zeraora|Zeraora|100\/100\n|move|p1a: Rotom|Overheat|p2a: Zeraora\n|-damage|p2a: Zeraora|0 fnt\n|-unboost|p1a: Rotom|spa|2\n|faint|p2a: Zeraora\n|\n|upkeep\n|\n|switch|p2a: Clefable|Clefable, M|100\/100\n|turn|6\n|n| iopfklgkldg|ironbash\n|\n|move|p1a: Rotom|Nasty Plot|p1a: Rotom\n|-boost|p1a: Rotom|spa|2\n|move|p2a: Clefable|Moonblast|p1a: Rotom\n|-resisted|p1a: Rotom\n|-damage|p1a: Rotom|60\/100\n|-unboost|p1a: Rotom|spa|1\n|\n|upkeep\n|turn|7\n|\n|move|p1a: Rotom|Pain Split|p2a: Clefable\n|-sethp|p2a: Clefable|73\/100|[from] move: Pain Split|[silent]\n|-sethp|p1a: Rotom|95\/100|[from] move: Pain Split\n|move|p2a: Clefable|Moonblast|p1a: Rotom\n|-resisted|p1a: Rotom\n|-damage|p1a: Rotom|83\/100\n|-unboost|p1a: Rotom|spa|1\n|\n|-heal|p2a: Clefable|79\/100|[from] item: Leftovers\n|upkeep\n|turn|8\n|\n|move|p1a: Rotom|Overheat|p2a: Clefable\n|-damage|p2a: Clefable|0 fnt\n|-unboost|p1a: Rotom|spa|2\n|faint|p2a: Clefable\n|\n|upkeep\n|j| Wheezing rn\n|\n|switch|p2a: Kommo-o|Kommo-o, F|100\/100\n|turn|9\n|\n|switch|p1a: Kommo-o|Kommo-o, M|100\/100\n|-damage|p1a: Kommo-o|94\/100|[from] Stealth Rock\n|move|p2a: Kommo-o|Dragon Dance|p2a: Kommo-o\n|-boost|p2a: Kommo-o|atk|1\n|-boost|p2a: Kommo-o|spe|1\n|\n|-heal|p1a: Kommo-o|100\/100|[from] item: Leftovers\n|upkeep\n|turn|10\n|\n|move|p2a: Kommo-o|Dragon Dance|p2a: Kommo-o\n|-boost|p2a: Kommo-o|atk|1\n|-boost|p2a: Kommo-o|spe|1\n|move|p1a: Kommo-o|Body Press|p2a: Kommo-o\n|-damage|p2a: Kommo-o|60\/100\n|\n|upkeep\n|turn|11\n|\n|move|p2a: Kommo-o|Drain Punch|p1a: Kommo-o\n|-damage|p1a: Kommo-o|42\/100\n|-heal|p2a: Kommo-o|95\/100|[from] drain|[of] p1a: Kommo-o\n|-damage|p2a: Kommo-o|85\/100|[from] item: Life Orb\n|move|p1a: Kommo-o|Body Press|p2a: Kommo-o\n|-damage|p2a: Kommo-o|45\/100\n|\n|-heal|p1a: Kommo-o|48\/100|[from] item: Leftovers\n|upkeep\n|turn|12\n|\n|switch|p1a: Aegislash|Aegislash, F|100\/100\n|-damage|p1a: Aegislash|94\/100|[from] Stealth Rock\n|move|p2a: Kommo-o|Drain Punch|p1a: Aegislash\n|-immune|p1a: Aegislash\n|\n|upkeep\n|turn|13\n|\n|move|p2a: Kommo-o|Earthquake|p1a: Aegislash\n|-supereffective|p1a: Aegislash\n|-damage|p1a: Aegislash|0 fnt\n|-damage|p2a: Kommo-o|35\/100|[from] item: Life Orb\n|faint|p1a: Aegislash\n|\n|upkeep\n|\n|switch|p1a: Mandibuzz|Mandibuzz, F|100\/100\n|turn|14\n|\n|move|p2a: Kommo-o|Drain Punch|p1a: Mandibuzz\n|-damage|p1a: Mandibuzz|36\/100\n|-heal|p2a: Kommo-o|81\/100|[from] drain|[of] p1a: Mandibuzz\n|-damage|p2a: Kommo-o|71\/100|[from] item: Life Orb\n|move|p1a: Mandibuzz|Foul Play|p2a: Kommo-o\n|-resisted|p2a: Kommo-o\n|-damage|p2a: Kommo-o|31\/100\n|\n|upkeep\n|turn|15\n|\n|move|p2a: Kommo-o|Drain Punch|p1a: Mandibuzz\n|-damage|p1a: Mandibuzz|0 fnt\n|-heal|p2a: Kommo-o|56\/100|[from] drain|[of] p1a: Mandibuzz\n|-damage|p2a: Kommo-o|46\/100|[from] item: Life Orb\n|faint|p1a: Mandibuzz\n|\n|upkeep\n|-message|Burnt Bright forfeited.\n|\n|win|fi mo ziz\n|l|\u2606Burnt Bright\n|j| tigers jaw\n","uploadtime":1591893957,"views":23,"p1id":"burntbright","p2id":"fimoziz","formatid":"gen8ou","rating":0,"private":0,"password":null}