{"id":"gen8ou-1672187759","p1":"Dasuan","p2":"Capital Cruiser","format":"gen8ou","log":"|j|\u2606Dasuan\n|j|\u203dCapital Cruiser\n|t:|1664337622\n|gametype|singles\n|player|p1|Dasuan|gardenia|1344\n|player|p2|Capital Cruiser|cheren-gen5bw2|1391\n|teamsize|p1|6\n|teamsize|p2|6\n|gen|8\n|tier|[Gen 8] OU\n|rated|\n|rule|Sleep Clause Mod: Limit one foe put to sleep\n|rule|Species Clause: Limit one of each Pok\u00e9mon\n|rule|OHKO Clause: OHKO moves are banned\n|rule|Evasion Items Clause: Evasion items are banned\n|rule|Evasion Moves Clause: Evasion moves are banned\n|rule|Endless Battle Clause: Forcing endless battles is banned\n|rule|HP Percentage Mod: HP is shown in percentages\n|rule|Dynamax Clause: You cannot dynamax\n|clearpoke\n|poke|p1|Tyranitar, F|\n|poke|p1|Gigalith, F|\n|poke|p1|Excadrill, F|\n|poke|p1|Crobat, M|\n|poke|p1|Landorus-Therian, M|\n|poke|p1|Gastrodon, F|\n|poke|p2|Terrakion|\n|poke|p2|Latios, M|\n|poke|p2|Scizor, F|\n|poke|p2|Heatran, M|\n|poke|p2|Tapu Fini|\n|poke|p2|Rillaboom, M|\n|teampreview\n|inactive|Battle timer is ON: inactive players will automatically lose when time's up. (requested by Capital Cruiser)\n|j| Nmmxmx\n|l| Nmmxmx\n|\n|t:|1664337635\n|start\n|switch|p1a: Gigalith|Gigalith, F|100\/100\n|switch|p2a: Latios|Latios, M, shiny|100\/100\n|-weather|Sandstorm|[from] ability: Sand Stream|[of] p1a: Gigalith\n|turn|1\n|\n|t:|1664337643\n|move|p2a: Latios|Aura Sphere|p1a: Gigalith\n|-supereffective|p1a: Gigalith\n|-damage|p1a: Gigalith|37\/100\n|move|p1a: Gigalith|Stealth Rock|p2a: Latios\n|-sidestart|p2: Capital Cruiser|move: Stealth Rock\n|\n|-weather|Sandstorm|[upkeep]\n|-damage|p2a: Latios|95\/100|[from] Sandstorm\n|upkeep\n|turn|2\n|\n|t:|1664337666\n|switch|p2a: Terrakion|Terrakion|100\/100\n|-damage|p2a: Terrakion|94\/100|[from] Stealth Rock\n|switch|p1a: Crobat|Crobat, M|100\/100\n|\n|-weather|Sandstorm|[upkeep]\n|-damage|p1a: Crobat|94\/100|[from] Sandstorm\n|-heal|p1a: Crobat|100\/100|[from] item: Leftovers\n|upkeep\n|turn|3\n|inactive|Capital Cruiser has 120 seconds left.\n|\n|t:|1664337703\n|switch|p1a: Landorus|Landorus-Therian, M|100\/100\n|-ability|p1a: Landorus|Intimidate|boost\n|-unboost|p2a: Terrakion|atk|1\n|move|p2a: Terrakion|Stone Edge|p1a: Landorus\n|-damage|p1a: Landorus|71\/100\n|\n|-weather|Sandstorm|[upkeep]\n|-heal|p1a: Landorus|77\/100|[from] item: Leftovers\n|upkeep\n|turn|4\n|inactive|Capital Cruiser has 120 seconds left.\n|inactive|Dasuan has 120 seconds left.\n|\n|t:|1664337724\n|move|p2a: Terrakion|Stone Edge|p1a: Landorus\n|-damage|p1a: Landorus|46\/100\n|move|p1a: Landorus|U-turn|p2a: Terrakion\n|-resisted|p2a: Terrakion\n|-damage|p2a: Terrakion|82\/100\n|inactive|Dasuan has 120 seconds left.\n|\n|t:|1664337739\n|switch|p1a: Excadrill|Excadrill, F|100\/100|[from]move: U-turn\n|\n|-weather|Sandstorm|[upkeep]\n|upkeep\n|turn|5\n|inactive|Capital Cruiser has 120 seconds left.\n|\n|t:|1664337759\n|switch|p2a: Rillaboom|Rillaboom, M, shiny|100\/100\n|-damage|p2a: Rillaboom|88\/100|[from] Stealth Rock\n|-fieldstart|move: Grassy Terrain|[from] ability: Grassy Surge|[of] p2a: Rillaboom\n|move|p1a: Excadrill|Earthquake|p2a: Rillaboom\n|-resisted|p2a: Rillaboom\n|-damage|p2a: Rillaboom|69\/100\n|-damage|p1a: Excadrill|91\/100|[from] item: Life Orb\n|\n|-weather|Sandstorm|[upkeep]\n|-damage|p2a: Rillaboom|63\/100|[from] Sandstorm\n|-heal|p1a: Excadrill|97\/100|[from] Grassy Terrain\n|-heal|p2a: Rillaboom|69\/100|[from] Grassy Terrain\n|upkeep\n|turn|6\n|inactive|Dasuan has 120 seconds left.\n|\n|t:|1664337770\n|switch|p1a: Crobat|Crobat, M|100\/100\n|move|p2a: Rillaboom|Wood Hammer|p1a: Crobat\n|-resisted|p1a: Crobat\n|-damage|p1a: Crobat|85\/100\n|-damage|p2a: Rillaboom|63\/100|[from] Recoil\n|\n|-weather|Sandstorm|[upkeep]\n|-damage|p2a: Rillaboom|57\/100|[from] Sandstorm\n|-damage|p1a: Crobat|78\/100|[from] Sandstorm\n|-heal|p2a: Rillaboom|63\/100|[from] Grassy Terrain\n|-heal|p1a: Crobat|85\/100|[from] item: Leftovers\n|upkeep\n|turn|7\n|inactive|Dasuan has 120 seconds left.\n|\n|t:|1664337782\n|switch|p2a: Heatran|Heatran, M, shiny|100\/100\n|-damage|p2a: Heatran|88\/100|[from] Stealth Rock\n|move|p1a: Crobat|Super Fang|p2a: Heatran|[miss]\n|-miss|p1a: Crobat|p2a: Heatran\n|\n|-weather|Sandstorm|[upkeep]\n|-damage|p1a: Crobat|78\/100|[from] Sandstorm\n|-heal|p1a: Crobat|85\/100|[from] item: Leftovers\n|-heal|p2a: Heatran|94\/100|[from] Grassy Terrain\n|upkeep\n|turn|8\n|inactive|Dasuan has 120 seconds left.\n|\n|t:|1664337802\n|switch|p2a: Latios|Latios, M, shiny|95\/100\n|-damage|p2a: Latios|82\/100|[from] Stealth Rock\n|move|p1a: Crobat|U-turn|p2a: Latios\n|-supereffective|p2a: Latios\n|-damage|p2a: Latios|45\/100\n|-message|Capital Cruiser forfeited.\n|\n|win|Dasuan\n|raw|Dasuan's rating: 1344 &rarr; <strong>1365<\/strong><br \/>(+21 for winning)\n|raw|Capital Cruiser's rating: 1368 &rarr; <strong>1347<\/strong><br \/>(-21 for losing)\n|l|\u203dCapital Cruiser\n","uploadtime":1664337813,"views":4,"p1id":"dasuan","p2id":"capitalcruiser","formatid":"gen8ou","rating":1347,"private":0,"password":null}