{"id":"gen8nationaldex-1677820829","p1":"brettfavreinnocent","p2":"RABBIT40","format":"gen8nationaldex","log":"|j|\u2606brettfavreinnocent\n|j|\u2606RABBIT40\n|t:|1664927991\n|gametype|singles\n|player|p1|brettfavreinnocent|youngster-gen4dp|1000\n|player|p2|RABBIT40|2|1000\n|teamsize|p1|6\n|teamsize|p2|6\n|gen|8\n|tier|[Gen 8] National Dex\n|rated|\n|rule|HP Percentage Mod: HP is shown in percentages\n|rule|Endless Battle Clause: Forcing endless battles is banned\n|rule|OHKO Clause: OHKO moves are banned\n|rule|Evasion Moves Clause: Evasion moves are banned\n|rule|Species Clause: Limit one of each Pok\u00e9mon\n|rule|Dynamax Clause: You cannot dynamax\n|rule|Sleep Clause Mod: Limit one foe put to sleep\n|clearpoke\n|poke|p1|Aggron, F|\n|poke|p1|Drapion, F|\n|poke|p1|Electivire, M|\n|poke|p1|Gliscor, M|\n|poke|p1|Ursaring, F|\n|poke|p1|Ninjask, M|\n|poke|p2|Toxapex, M|\n|poke|p2|Charizard, M|\n|poke|p2|Greninja, M|\n|poke|p2|Blissey, F|\n|poke|p2|Torkoal, F|\n|poke|p2|Kartana|\n|teampreview\n|c|\u2606brettfavreinnocent|sup\n|inactive|Battle timer is ON: inactive players will automatically lose when time's up. (requested by RABBIT40)\n|inactive|brettfavreinnocent has 120 seconds left.\n|\n|t:|1664928036\n|start\n|switch|p1a: Ursaring|Ursaring, F|100\/100\n|switch|p2a: AMLO|Torkoal, F|100\/100\n|-weather|SunnyDay|[from] ability: Drought|[of] p2a: AMLO\n|turn|1\n|\n|t:|1664928049\n|move|p1a: Ursaring|Bulk Up|p1a: Ursaring\n|-boost|p1a: Ursaring|atk|1\n|-boost|p1a: Ursaring|def|1\n|move|p2a: AMLO|Stealth Rock|p1a: Ursaring\n|-sidestart|p1: brettfavreinnocent|move: Stealth Rock\n|\n|-weather|SunnyDay|[upkeep]\n|-status|p1a: Ursaring|brn|[from] item: Flame Orb\n|upkeep\n|turn|2\n|\n|t:|1664928058\n|move|p1a: Ursaring|Facade|p2a: AMLO\n|-damage|p2a: AMLO|0 fnt\n|faint|p2a: AMLO\n|\n|-weather|SunnyDay|[upkeep]\n|-damage|p1a: Ursaring|94\/100 brn|[from] brn\n|upkeep\n|\n|t:|1664928066\n|switch|p2a: Bob Marley|Toxapex, M|100\/100\n|turn|3\n|\n|t:|1664928072\n|move|p1a: Ursaring|Facade|p2a: Bob Marley\n|-crit|p2a: Bob Marley\n|-damage|p2a: Bob Marley|0 fnt\n|faint|p2a: Bob Marley\n|\n|-weather|SunnyDay|[upkeep]\n|-damage|p1a: Ursaring|88\/100 brn|[from] brn\n|upkeep\n|\n|t:|1664928075\n|switch|p2a: Kartana|Kartana|100\/100\n|turn|4\n|\n|t:|1664928100\n|switch|p1a: Gliscor|Gliscor, M|100\/100\n|-damage|p1a: Gliscor|88\/100|[from] Stealth Rock\n|move|p2a: Kartana|Sacred Sword|p1a: Gliscor\n|-resisted|p1a: Gliscor\n|-damage|p1a: Gliscor|72\/100\n|\n|-weather|SunnyDay|[upkeep]\n|-status|p1a: Gliscor|tox|[from] item: Toxic Orb\n|upkeep\n|turn|5\n|\n|t:|1664928107\n|switch|p2a: Belinda|Greninja, M|100\/100\n|move|p1a: Gliscor|Defog|p2a: Belinda\n|-unboost|p2a: Belinda|evasion|1\n|-sideend|p1: brettfavreinnocent|Stealth Rock|[from] move: Defog|[of] p1a: Gliscor\n|\n|-weather|none\n|-heal|p1a: Gliscor|84\/100 tox|[from] ability: Poison Heal\n|upkeep\n|turn|6\n|\n|t:|1664928116\n|-zpower|p2a: Belinda\n|move|p2a: Belinda|Hydro Vortex|p1a: Gliscor|[zeffect]\n|-supereffective|p1a: Gliscor\n|-damage|p1a: Gliscor|0 fnt\n|faint|p1a: Gliscor\n|-activate|p2a: Belinda|ability: Battle Bond\n|detailschange|p2a: Belinda|Greninja-Ash, M\n|\n|upkeep\n|inactive|brettfavreinnocent has 120 seconds left.\n|\n|t:|1664928142\n|switch|p1a: Aggron|Aggron, F|100\/100\n|turn|7\n|inactive|brettfavreinnocent has 120 seconds left.\n|\n|t:|1664928152\n|switch|p1a: Electivire|Electivire, M|100\/100\n|move|p2a: Belinda|Hydro Pump|p1a: Electivire|[miss]\n|-miss|p2a: Belinda|p1a: Electivire\n|\n|upkeep\n|turn|8\n|\n|t:|1664928159\n|switch|p2a: Kartana|Kartana|100\/100\n|move|p1a: Electivire|Volt Switch|p2a: Kartana\n|-resisted|p2a: Kartana\n|-damage|p2a: Kartana|67\/100\n|\n|t:|1664928165\n|switch|p1a: Aggron|Aggron, F|100\/100|[from]move: Volt Switch\n|\n|upkeep\n|turn|9\n|\n|t:|1664928180\n|detailschange|p1a: Aggron|Aggron-Mega, F\n|-mega|p1a: Aggron|Aggron|Aggronite\n|move|p2a: Kartana|Sacred Sword|p1a: Aggron\n|-supereffective|p1a: Aggron\n|-damage|p1a: Aggron|77\/100\n|move|p1a: Aggron|Stealth Rock|p2a: Kartana\n|-sidestart|p2: RABBIT40|move: Stealth Rock\n|\n|upkeep\n|turn|10\n|-message|RABBIT40 forfeited.\n|\n|win|brettfavreinnocent\n|raw|brettfavreinnocent's rating: 1000 &rarr; <strong>1040<\/strong><br \/>(+40 for winning)\n|raw|RABBIT40's rating: 1000 &rarr; <strong>1000<\/strong><br \/>(+0 for losing)\n|l|\u2606RABBIT40\n||Ladder isn't responding, score probably updated but might not have (Request timeout).\n","uploadtime":1664928255,"views":16,"p1id":"brettfavreinnocent","p2id":"rabbit40","formatid":"gen8nationaldex","rating":1000,"private":0,"password":null}