{"id":"gen8ou-1652180627","p1":"sugar fighter","p2":"RggV_YT","format":"gen8ou","log":"|j|\u2606sugar fighter\n|j|\u2606RggV_YT\n|t:|1661894085\n|gametype|singles\n|player|p1|sugar fighter|marlon|1384\n|player|p2|RggV_YT|steven|1438\n|teamsize|p1|6\n|teamsize|p2|6\n|gen|8\n|tier|[Gen 8] OU\n|rated|\n|rule|Sleep Clause Mod: Limit one foe put to sleep\n|rule|Species Clause: Limit one of each Pok\u00e9mon\n|rule|OHKO Clause: OHKO moves are banned\n|rule|Evasion Items Clause: Evasion items are banned\n|rule|Evasion Moves Clause: Evasion moves are banned\n|rule|Endless Battle Clause: Forcing endless battles is banned\n|rule|HP Percentage Mod: HP is shown in percentages\n|rule|Dynamax Clause: You cannot dynamax\n|clearpoke\n|poke|p1|Melmetal|\n|poke|p1|Regieleki|\n|poke|p1|Weavile, M|\n|poke|p1|Tapu Koko|\n|poke|p1|Garchomp, F|\n|poke|p1|Togekiss, M|\n|poke|p2|Rotom-Wash|\n|poke|p2|Cobalion|\n|poke|p2|Dragapult, M|\n|poke|p2|Hitmonlee, M|\n|poke|p2|Landorus-Therian, M|\n|poke|p2|Volcarona, F|\n|teampreview\n|inactive|Battle timer is ON: inactive players will automatically lose when time's up. (requested by RggV_YT)\n|inactive|RggV_YT has 120 seconds left.\n|\n|t:|1661894119\n|start\n|switch|p1a: ur worst nightmare|Melmetal|100\/100\n|switch|p2a: Landorus|Landorus-Therian, M|100\/100\n|-ability|p2a: Landorus|Intimidate|boost\n|-unboost|p1a: ur worst nightmare|atk|1\n|turn|1\n|\n|t:|1661894126\n|move|p2a: Landorus|U-turn|p1a: ur worst nightmare\n|-resisted|p1a: ur worst nightmare\n|-damage|p1a: ur worst nightmare|93\/100\n|\n|t:|1661894128\n|switch|p2a: Cobalion|Cobalion|100\/100|[from]move: U-turn\n|move|p1a: ur worst nightmare|Ice Punch|p2a: Cobalion\n|-resisted|p2a: Cobalion\n|-damage|p2a: Cobalion|89\/100\n|-damage|p1a: ur worst nightmare|76\/100|[from] item: Rocky Helmet|[of] p2a: Cobalion\n|\n|upkeep\n|turn|2\n|\n|t:|1661894139\n|switch|p2a: Rotom|Rotom-Wash|100\/100\n|switch|p1a: Garchomp|Garchomp, F|100\/100\n|\n|upkeep\n|turn|3\n|\n|t:|1661894147\n|switch|p1a: regielki's friend|Tapu Koko|100\/100\n|-fieldstart|move: Electric Terrain|[from] ability: Electric Surge|[of] p1a: regielki's friend\n|move|p2a: Rotom|Hydro Pump|p1a: regielki's friend\n|-damage|p1a: regielki's friend|45\/100\n|\n|upkeep\n|turn|4\n|\n|t:|1661894155\n|move|p1a: regielki's friend|U-turn|p2a: Rotom\n|-damage|p2a: Rotom|83\/100\n|\n|t:|1661894164\n|switch|p1a: tapu koko friend|Regieleki|100\/100|[from]move: U-turn\n|move|p2a: Rotom|Volt Switch|p1a: tapu koko friend\n|-resisted|p1a: tapu koko friend\n|-damage|p1a: tapu koko friend|76\/100\n|\n|t:|1661894167\n|switch|p2a: Landorus|Landorus-Therian, M|100\/100|[from]move: Volt Switch\n|-ability|p2a: Landorus|Intimidate|boost\n|-unboost|p1a: tapu koko friend|atk|1\n|\n|upkeep\n|turn|5\n|\n|t:|1661894178\n|switch|p1a: Garchomp|Garchomp, F|100\/100\n|move|p2a: Landorus|U-turn|p1a: Garchomp\n|-damage|p1a: Garchomp|72\/100\n|-damage|p2a: Landorus|88\/100|[from] ability: Rough Skin|[of] p1a: Garchomp\n|-damage|p2a: Landorus|72\/100|[from] item: Rocky Helmet|[of] p1a: Garchomp\n|\n|t:|1661894182\n|switch|p2a: Dragapult|Dragapult, M|100\/100|[from]move: U-turn\n|\n|upkeep\n|turn|6\n|\n|t:|1661894193\n|switch|p1a: Togekiss|Togekiss, M|100\/100\n|move|p2a: Dragapult|U-turn|p1a: Togekiss\n|-resisted|p1a: Togekiss\n|-damage|p1a: Togekiss|90\/100\n|\n|t:|1661894197\n|switch|p2a: Rotom|Rotom-Wash|83\/100|[from]move: U-turn\n|\n|-heal|p1a: Togekiss|96\/100|[from] item: Leftovers\n|-heal|p2a: Rotom|90\/100|[from] item: Leftovers\n|upkeep\n|turn|7\n|\n|t:|1661894224\n|move|p1a: Togekiss|Substitute|p1a: Togekiss\n|-start|p1a: Togekiss|Substitute\n|-damage|p1a: Togekiss|71\/100\n|move|p2a: Rotom|Hydro Pump|p1a: Togekiss\n|-end|p1a: Togekiss|Substitute\n|\n|-heal|p1a: Togekiss|77\/100|[from] item: Leftovers\n|-heal|p2a: Rotom|96\/100|[from] item: Leftovers\n|upkeep\n|turn|8\n|inactive|sugar fighter has 120 seconds left.\n|\n|t:|1661894253\n|switch|p1a: ur worst nightmare|Melmetal|76\/100\n|move|p2a: Rotom|Hydro Pump|p1a: ur worst nightmare\n|-damage|p1a: ur worst nightmare|50\/100\n|\n|-heal|p2a: Rotom|100\/100|[from] item: Leftovers\n|upkeep\n|turn|9\n|\n|t:|1661894262\n|move|p2a: Rotom|Hydro Pump|p1a: ur worst nightmare\n|-damage|p1a: ur worst nightmare|28\/100\n|move|p1a: ur worst nightmare|Thunder Punch|p2a: Rotom\n|-damage|p2a: Rotom|52\/100\n|\n|-heal|p2a: Rotom|59\/100|[from] item: Leftovers\n|upkeep\n|turn|10\n|inactive|sugar fighter has 120 seconds left.\n|\n|t:|1661894271\n|move|p2a: Rotom|Volt Switch|p1a: ur worst nightmare\n|-damage|p1a: ur worst nightmare|11\/100\n|\n|t:|1661894273\n|switch|p2a: Cobalion|Cobalion|89\/100|[from]move: Volt Switch\n|move|p1a: ur worst nightmare|Thunder Punch|p2a: Cobalion\n|-damage|p2a: Cobalion|49\/100\n|-damage|p1a: ur worst nightmare|0 fnt|[from] item: Rocky Helmet|[of] p2a: Cobalion\n|faint|p1a: ur worst nightmare\n|\n|-fieldend|move: Electric Terrain\n|upkeep\n|\n|t:|1661894280\n|switch|p1a: Garchomp|Garchomp, F|72\/100\n|turn|11\n|\n|t:|1661894286\n|switch|p2a: Landorus|Landorus-Therian, M|72\/100\n|-ability|p2a: Landorus|Intimidate|boost\n|-unboost|p1a: Garchomp|atk|1\n|move|p1a: Garchomp|Stealth Rock|p2a: Landorus\n|-sidestart|p2: RggV_YT|move: Stealth Rock\n|\n|upkeep\n|turn|12\n|\n|t:|1661894295\n|move|p2a: Landorus|Knock Off|p1a: Garchomp\n|-damage|p1a: Garchomp|33\/100\n|-damage|p2a: Landorus|59\/100|[from] ability: Rough Skin|[of] p1a: Garchomp\n|-damage|p2a: Landorus|43\/100|[from] item: Rocky Helmet|[of] p1a: Garchomp\n|-enditem|p1a: Garchomp|Rocky Helmet|[from] move: Knock Off|[of] p2a: Landorus\n|move|p1a: Garchomp|Swords Dance|p1a: Garchomp\n|-boost|p1a: Garchomp|atk|2\n|\n|upkeep\n|turn|13\n|\n|t:|1661894304\n|switch|p2a: Rotom|Rotom-Wash|59\/100\n|-damage|p2a: Rotom|46\/100|[from] Stealth Rock\n|move|p1a: Garchomp|Stone Edge|p2a: Rotom\n|-damage|p2a: Rotom|0 fnt\n|faint|p2a: Rotom\n|\n|upkeep\n|\n|t:|1661894311\n|switch|p2a: Dragapult|Dragapult, M|100\/100\n|-damage|p2a: Dragapult|88\/100|[from] Stealth Rock\n|turn|14\n|\n|t:|1661894327\n|move|p2a: Dragapult|Phantom Force||[still]\n|-prepare|p2a: Dragapult|Phantom Force\n|move|p1a: Garchomp|Stone Edge|p2a: Dragapult|[miss]\n|-miss|p1a: Garchomp|p2a: Dragapult\n|\n|upkeep\n|turn|15\n|\n|t:|1661894335\n|switch|p1a: Weavile|Weavile, M|100\/100\n|-ability|p1a: Weavile|Pressure\n|move|p2a: Dragapult|Phantom Force|p1a: Weavile|[from]lockedmove\n|-resisted|p1a: Weavile\n|-damage|p1a: Weavile|43\/100\n|\n|upkeep\n|turn|16\n|\n|t:|1661894345\n|move|p1a: Weavile|Ice Shard|p2a: Dragapult\n|-supereffective|p2a: Dragapult\n|-damage|p2a: Dragapult|35\/100\n|move|p2a: Dragapult|Phantom Force||[still]\n|-prepare|p2a: Dragapult|Phantom Force\n|\n|upkeep\n|turn|17\n|\n|t:|1661894351\n|switch|p1a: Garchomp|Garchomp, F|33\/100\n|move|p2a: Dragapult|Phantom Force|p1a: Garchomp|[from]lockedmove\n|-damage|p1a: Garchomp|0 fnt\n|-damage|p2a: Dragapult|23\/100|[from] ability: Rough Skin|[of] p1a: Garchomp\n|faint|p1a: Garchomp\n|\n|upkeep\n|\n|t:|1661894356\n|switch|p1a: Weavile|Weavile, M|43\/100\n|-ability|p1a: Weavile|Pressure\n|turn|18\n|\n|t:|1661894359\n|switch|p2a: Cobalion|Cobalion|49\/100\n|-damage|p2a: Cobalion|46\/100|[from] Stealth Rock\n|move|p1a: Weavile|Ice Shard|p2a: Cobalion\n|-resisted|p2a: Cobalion\n|-damage|p2a: Cobalion|38\/100\n|\n|upkeep\n|turn|19\n|\n|t:|1661894368\n|switch|p1a: Togekiss|Togekiss, M|77\/100\n|move|p2a: Cobalion|Volt Switch|p1a: Togekiss\n|-supereffective|p1a: Togekiss\n|-damage|p1a: Togekiss|52\/100\n|\n|t:|1661894374\n|switch|p2a: Volcarona|Volcarona, F|100\/100|[from]move: Volt Switch\n|\n|-heal|p1a: Togekiss|58\/100|[from] item: Leftovers\n|upkeep\n|turn|20\n|\n|t:|1661894380\n|move|p1a: Togekiss|Thunder Wave|p2a: Volcarona\n|-status|p2a: Volcarona|par\n|move|p2a: Volcarona|Quiver Dance|p2a: Volcarona\n|-boost|p2a: Volcarona|spa|1\n|-boost|p2a: Volcarona|spd|1\n|-boost|p2a: Volcarona|spe|1\n|\n|-heal|p1a: Togekiss|64\/100|[from] item: Leftovers\n|upkeep\n|turn|21\n|\n|t:|1661894384\n|move|p1a: Togekiss|Air Slash|p2a: Volcarona\n|-supereffective|p2a: Volcarona\n|-damage|p2a: Volcarona|53\/100 par\n|cant|p2a: Volcarona|par\n|\n|-heal|p1a: Togekiss|70\/100|[from] item: Leftovers\n|upkeep\n|turn|22\n|\n|t:|1661894394\n|move|p1a: Togekiss|Substitute|p1a: Togekiss\n|-start|p1a: Togekiss|Substitute\n|-damage|p1a: Togekiss|45\/100\n|move|p2a: Volcarona|Fiery Dance|p1a: Togekiss\n|-end|p1a: Togekiss|Substitute\n|\n|-heal|p1a: Togekiss|51\/100|[from] item: Leftovers\n|upkeep\n|turn|23\n|\n|t:|1661894405\n|move|p1a: Togekiss|Substitute|p1a: Togekiss\n|-start|p1a: Togekiss|Substitute\n|-damage|p1a: Togekiss|27\/100\n|move|p2a: Volcarona|Fiery Dance|p1a: Togekiss\n|-end|p1a: Togekiss|Substitute\n|-boost|p2a: Volcarona|spa|1\n|\n|-heal|p1a: Togekiss|33\/100|[from] item: Leftovers\n|upkeep\n|turn|24\n|\n|t:|1661894410\n|move|p1a: Togekiss|Substitute|p1a: Togekiss\n|-start|p1a: Togekiss|Substitute\n|-damage|p1a: Togekiss|8\/100\n|cant|p2a: Volcarona|par\n|\n|-heal|p1a: Togekiss|14\/100|[from] item: Leftovers\n|upkeep\n|turn|25\n|\n|t:|1661894421\n|move|p1a: Togekiss|Air Slash|p2a: Volcarona\n|-supereffective|p2a: Volcarona\n|-damage|p2a: Volcarona|11\/100 par\n|cant|p2a: Volcarona|flinch\n|\n|-heal|p1a: Togekiss|20\/100|[from] item: Leftovers\n|upkeep\n|turn|26\n|\n|t:|1661894426\n|move|p1a: Togekiss|Air Slash|p2a: Volcarona\n|-supereffective|p2a: Volcarona\n|-damage|p2a: Volcarona|0 fnt\n|faint|p2a: Volcarona\n|\n|-heal|p1a: Togekiss|26\/100|[from] item: Leftovers\n|upkeep\n|\n|t:|1661894428\n|switch|p2a: Dragapult|Dragapult, M|23\/100\n|-damage|p2a: Dragapult|11\/100|[from] Stealth Rock\n|turn|27\n|\n|t:|1661894451\n|move|p2a: Dragapult|Phantom Force||[still]\n|-prepare|p2a: Dragapult|Phantom Force\n|move|p1a: Togekiss|Air Slash|p2a: Dragapult|[miss]\n|-miss|p1a: Togekiss|p2a: Dragapult\n|\n|-heal|p1a: Togekiss|32\/100|[from] item: Leftovers\n|upkeep\n|turn|28\n|\n|t:|1661894454\n|move|p2a: Dragapult|Phantom Force|p1a: Togekiss|[from]lockedmove\n|-end|p1a: Togekiss|Substitute\n|move|p1a: Togekiss|Air Slash|p2a: Dragapult\n|-damage|p2a: Dragapult|0 fnt\n|faint|p2a: Dragapult\n|\n|-heal|p1a: Togekiss|38\/100|[from] item: Leftovers\n|upkeep\n|\n|t:|1661894460\n|switch|p2a: Cobalion|Cobalion|38\/100\n|-damage|p2a: Cobalion|35\/100|[from] Stealth Rock\n|turn|29\n|c|\u2606sugar fighter|good bluf\n|c|\u2606sugar fighter|lol\n|\n|t:|1661894467\n|move|p2a: Cobalion|Iron Head|p1a: Togekiss\n|-supereffective|p1a: Togekiss\n|-damage|p1a: Togekiss|0 fnt\n|faint|p1a: Togekiss\n|\n|upkeep\n|\n|t:|1661894474\n|switch|p1a: tapu koko friend|Regieleki|76\/100\n|turn|30\n|\n|t:|1661894488\n|switch|p2a: Landorus|Landorus-Therian, M|43\/100\n|-damage|p2a: Landorus|31\/100|[from] Stealth Rock\n|-ability|p2a: Landorus|Intimidate|boost\n|-unboost|p1a: tapu koko friend|atk|1\n|move|p1a: tapu koko friend|Volt Switch|p2a: Landorus\n|-immune|p2a: Landorus\n|\n|upkeep\n|turn|31\n|\n|t:|1661894508\n|switch|p1a: regielki's friend|Tapu Koko|45\/100\n|-fieldstart|move: Electric Terrain|[from] ability: Electric Surge|[of] p1a: regielki's friend\n|move|p2a: Landorus|U-turn|p1a: regielki's friend\n|-resisted|p1a: regielki's friend\n|-damage|p1a: regielki's friend|29\/100\n|\n|t:|1661894509\n|switch|p2a: Hitmonlee|Hitmonlee, M|100\/100|[from]move: U-turn\n|-damage|p2a: Hitmonlee|94\/100|[from] Stealth Rock\n|\n|upkeep\n|turn|32\n|\n|t:|1661894516\n|move|p1a: regielki's friend|Thunderbolt|p2a: Hitmonlee\n|-damage|p2a: Hitmonlee|30\/100\n|move|p2a: Hitmonlee|Skull Bash||[still]\n|-prepare|p2a: Hitmonlee|Skull Bash\n|-boost|p2a: Hitmonlee|def|1\n|-enditem|p2a: Hitmonlee|Power Herb\n|-anim|p2a: Hitmonlee|Skull Bash|p1a: regielki's friend\n|-damage|p1a: regielki's friend|0 fnt\n|faint|p1a: regielki's friend\n|\n|upkeep\n|\n|t:|1661894529\n|switch|p1a: Weavile|Weavile, M|43\/100\n|-ability|p1a: Weavile|Pressure\n|turn|33\n|\n|t:|1661894533\n|move|p2a: Hitmonlee|Earthquake|p1a: Weavile\n|-damage|p1a: Weavile|0 fnt\n|faint|p1a: Weavile\n|\n|upkeep\n|c|\u2606sugar fighter|why you faster?\n|c|\u2606RggV_YT|Unburden\n|c|\u2606sugar fighter|unburnden\n|c|\u2606sugar fighter|now i realise\n|c|\u2606RggV_YT|Yea\n|c|\u2606sugar fighter|gg\n|\n|t:|1661894555\n|switch|p1a: tapu koko friend|Regieleki|76\/100\n|turn|34\n|c|\u2606RggV_YT|Gg\n|\n|t:|1661894558\n|move|p2a: Hitmonlee|Earthquake|p1a: tapu koko friend\n|-supereffective|p1a: tapu koko friend\n|-damage|p1a: tapu koko friend|0 fnt\n|faint|p1a: tapu koko friend\n|\n|win|RggV_YT\n|raw|sugar fighter's rating: 1384 &rarr; <strong>1367<\/strong><br \/>(-17 for losing)\n|raw|RggV_YT's rating: 1438 &rarr; <strong>1455<\/strong><br \/>(+17 for winning)\n|l|\u2606sugar fighter\n","uploadtime":1661894563,"views":46,"p1id":"sugarfighter","p2id":"rggvyt","formatid":"gen8ou","rating":1367,"private":0,"password":null}