{"id":"gen8ou-1623184369","p1":"mxxll","p2":"andrewm0n","format":"gen8ou","log":"|j|\u2606mxxll\n|j|\u2606andrewm0n\n|t:|1658535155\n|gametype|singles\n|player|p1|mxxll|101|1713\n|player|p2|andrewm0n|265|1715\n|teamsize|p1|6\n|teamsize|p2|6\n|gen|8\n|tier|[Gen 8] OU\n|rated|\n|rule|Sleep Clause Mod: Limit one foe put to sleep\n|rule|Species Clause: Limit one of each Pok\u00e9mon\n|rule|OHKO Clause: OHKO moves are banned\n|rule|Evasion Moves Clause: Evasion moves are banned\n|rule|Endless Battle Clause: Forcing endless battles is banned\n|rule|HP Percentage Mod: HP is shown in percentages\n|rule|Dynamax Clause: You cannot dynamax\n|clearpoke\n|poke|p1|Buzzwole|\n|poke|p1|Mew|\n|poke|p1|Bisharp, F|\n|poke|p1|Slowking, M|\n|poke|p1|Rillaboom, F|\n|poke|p1|Regieleki|\n|poke|p2|Rotom-Heat|\n|poke|p2|Corviknight, M|\n|poke|p2|Seismitoad, M|\n|poke|p2|Clefable, M|\n|poke|p2|Slowbro-Galar, M|\n|poke|p2|Blaziken, M|\n|teampreview\n|j| WhenUSmellThatZaza\n|\n|t:|1658535183\n|start\n|switch|p1a: Slowking|Slowking, M|100\/100\n|switch|p2a: Rotom|Rotom-Heat|100\/100\n|turn|1\n|j| ConquestGanda\n|inactive|Battle timer is ON: inactive players will automatically lose when time's up. (requested by andrewm0n)\n|\n|t:|1658535193\n|move|p2a: Rotom|Volt Switch|p1a: Slowking\n|-supereffective|p1a: Slowking\n|-damage|p1a: Slowking|29\/100\n|\n|t:|1658535196\n|switch|p2a: Seismitoad|Seismitoad, M|100\/100|[from]move: Volt Switch\n|move|p1a: Slowking|Future Sight|p2a: Seismitoad\n|-start|p1a: Slowking|move: Future Sight\n|\n|upkeep\n|turn|2\n|\n|t:|1658535204\n|switch|p1a: Mew|Mew|100\/100\n|move|p2a: Seismitoad|Stealth Rock|p1a: Mew\n|-sidestart|p1: mxxll|move: Stealth Rock\n|\n|upkeep\n|turn|3\n|\n|t:|1658535211\n|move|p1a: Mew|Stealth Rock|p2a: Seismitoad\n|-sidestart|p2: andrewm0n|move: Stealth Rock\n|move|p2a: Seismitoad|Knock Off|p1a: Mew\n|-supereffective|p1a: Mew\n|-damage|p1a: Mew|61\/100\n|-enditem|p1a: Mew|Focus Sash|[from] move: Knock Off|[of] p2a: Seismitoad\n|\n|-end|p2a: Seismitoad|move: Future Sight\n|-damage|p2a: Seismitoad|51\/100\n|-heal|p2a: Seismitoad|57\/100|[from] item: Leftovers\n|upkeep\n|turn|4\n|\n|t:|1658535222\n|move|p1a: Mew|Ice Beam|p2a: Seismitoad\n|-damage|p2a: Seismitoad|30\/100\n|move|p2a: Seismitoad|Knock Off|p1a: Mew\n|-supereffective|p1a: Mew\n|-damage|p1a: Mew|33\/100\n|\n|-heal|p2a: Seismitoad|36\/100|[from] item: Leftovers\n|upkeep\n|turn|5\n|\n|t:|1658535233\n|switch|p2a: Slowbro|Slowbro-Galar, M|100\/100\n|-damage|p2a: Slowbro|88\/100|[from] Stealth Rock\n|move|p1a: Mew|Ice Beam|p2a: Slowbro\n|-damage|p2a: Slowbro|69\/100\n|\n|upkeep\n|turn|6\n|\n|t:|1658535242\n|move|p1a: Mew|Endeavor|p2a: Slowbro\n|-damage|p2a: Slowbro|28\/100\n|move|p2a: Slowbro|Earthquake|p1a: Mew\n|-damage|p1a: Mew|7\/100\n|\n|upkeep\n|turn|7\n|\n|t:|1658535252\n|move|p1a: Mew|Ice Beam|p2a: Slowbro\n|-damage|p2a: Slowbro|10\/100\n|move|p2a: Slowbro|Earthquake|p1a: Mew\n|-damage|p1a: Mew|0 fnt\n|faint|p1a: Mew\n|\n|upkeep\n|\n|t:|1658535262\n|switch|p1a: Buzzwole|Buzzwole|100\/100\n|-damage|p1a: Buzzwole|88\/100|[from] Stealth Rock\n|turn|8\n|\n|t:|1658535268\n|switch|p2a: Clefable|Clefable, M|100\/100\n|-damage|p2a: Clefable|88\/100|[from] Stealth Rock\n|move|p1a: Buzzwole|Poison Jab|p2a: Clefable\n|-supereffective|p2a: Clefable\n|-damage|p2a: Clefable|41\/100\n|\n|-heal|p2a: Clefable|47\/100|[from] item: Leftovers\n|upkeep\n|turn|9\n|\n|t:|1658535278\n|move|p2a: Clefable|Protect|p2a: Clefable\n|-singleturn|p2a: Clefable|Protect\n|move|p1a: Buzzwole|Poison Jab|p2a: Clefable\n|-activate|p2a: Clefable|move: Protect\n|\n|-heal|p2a: Clefable|53\/100|[from] item: Leftovers\n|upkeep\n|turn|10\n|j| bichoviejo\n|\n|t:|1658535287\n|switch|p1a: Bisharp|Bisharp, F|100\/100\n|move|p2a: Clefable|Moonblast|p1a: Bisharp\n|-damage|p1a: Bisharp|43\/100\n|-unboost|p1a: Bisharp|spa|1\n|-ability|p1a: Bisharp|Defiant\n|-boost|p1a: Bisharp|atk|2\n|\n|-heal|p2a: Clefable|59\/100|[from] item: Leftovers\n|upkeep\n|turn|11\n|\n|t:|1658535300\n|move|p2a: Clefable|Protect|p2a: Clefable\n|-singleturn|p2a: Clefable|Protect\n|move|p1a: Bisharp|Knock Off|p2a: Clefable\n|-activate|p2a: Clefable|move: Protect\n|\n|-heal|p2a: Clefable|65\/100|[from] item: Leftovers\n|upkeep\n|turn|12\n|\n|t:|1658535311\n|switch|p2a: Rotom|Rotom-Heat|100\/100\n|-damage|p2a: Rotom|76\/100|[from] Stealth Rock\n|move|p1a: Bisharp|Knock Off|p2a: Rotom\n|-damage|p2a: Rotom|0 fnt\n|-enditem|p2a: Rotom|Choice Specs|[from] move: Knock Off|[of] p1a: Bisharp\n|faint|p2a: Rotom\n|\n|upkeep\n|\n|t:|1658535314\n|switch|p2a: Blaziken|Blaziken, M|100\/100\n|-damage|p2a: Blaziken|88\/100|[from] Stealth Rock\n|turn|13\n|\n|t:|1658535323\n|move|p1a: Bisharp|Sucker Punch|p2a: Blaziken\n|-resisted|p2a: Blaziken\n|-damage|p2a: Blaziken|28\/100\n|move|p2a: Blaziken|Flare Blitz|p1a: Bisharp\n|-supereffective|p1a: Bisharp\n|-damage|p1a: Bisharp|0 fnt\n|faint|p1a: Bisharp\n|-damage|p2a: Blaziken|15\/100|[from] Recoil\n|\n|-heal|p2a: Blaziken|21\/100|[from] item: Leftovers\n|-ability|p2a: Blaziken|Speed Boost|boost\n|-boost|p2a: Blaziken|spe|1\n|upkeep\n|\n|t:|1658535336\n|switch|p1a: Regieleki|Regieleki|100\/100\n|-damage|p1a: Regieleki|88\/100|[from] Stealth Rock\n|turn|14\n|\n|t:|1658535340\n|move|p2a: Blaziken|Protect|p2a: Blaziken\n|-singleturn|p2a: Blaziken|Protect\n|move|p1a: Regieleki|Thunderbolt|p2a: Blaziken\n|-activate|p2a: Blaziken|move: Protect\n|\n|-heal|p2a: Blaziken|27\/100|[from] item: Leftovers\n|-ability|p2a: Blaziken|Speed Boost|boost\n|-boost|p2a: Blaziken|spe|1\n|upkeep\n|turn|15\n|j| IceGuysFinishLast\n|\n|t:|1658535355\n|switch|p1a: Buzzwole|Buzzwole|88\/100\n|-damage|p1a: Buzzwole|76\/100|[from] Stealth Rock\n|switch|p2a: Seismitoad|Seismitoad, M|36\/100\n|-damage|p2a: Seismitoad|30\/100|[from] Stealth Rock\n|\n|-heal|p2a: Seismitoad|36\/100|[from] item: Leftovers\n|upkeep\n|turn|16\n|\n|t:|1658535365\n|switch|p2a: Corviknight|Corviknight, M|100\/100\n|-damage|p2a: Corviknight|88\/100|[from] Stealth Rock\n|move|p1a: Buzzwole|Close Combat|p2a: Corviknight\n|-damage|p2a: Corviknight|43\/100\n|-unboost|p1a: Buzzwole|def|1\n|-unboost|p1a: Buzzwole|spd|1\n|-damage|p1a: Buzzwole|59\/100|[from] item: Rocky Helmet|[of] p2a: Corviknight\n|\n|upkeep\n|turn|17\n|\n|t:|1658535376\n|switch|p2a: Clefable|Clefable, M|65\/100\n|-damage|p2a: Clefable|53\/100|[from] Stealth Rock\n|move|p1a: Buzzwole|Close Combat|p2a: Clefable\n|-resisted|p2a: Clefable\n|-damage|p2a: Clefable|27\/100\n|-unboost|p1a: Buzzwole|def|1\n|-unboost|p1a: Buzzwole|spd|1\n|\n|-heal|p2a: Clefable|33\/100|[from] item: Leftovers\n|upkeep\n|turn|18\n|\n|t:|1658535387\n|move|p1a: Buzzwole|Poison Jab|p2a: Clefable\n|-supereffective|p2a: Clefable\n|-damage|p2a: Clefable|0 fnt\n|faint|p2a: Clefable\n|-ability|p1a: Buzzwole|Beast Boost|boost\n|-boost|p1a: Buzzwole|atk|1\n|\n|upkeep\n|\n|t:|1658535393\n|switch|p2a: Blaziken|Blaziken, M|27\/100\n|-damage|p2a: Blaziken|15\/100|[from] Stealth Rock\n|turn|19\n|\n|t:|1658535404\n|switch|p1a: Slowking|Slowking, M|63\/100\n|move|p2a: Blaziken|Flare Blitz|p1a: Slowking\n|-resisted|p1a: Slowking\n|-damage|p1a: Slowking|22\/100\n|-damage|p2a: Blaziken|0 fnt|[from] Recoil\n|faint|p2a: Blaziken\n|\n|upkeep\n|\n|t:|1658535412\n|switch|p2a: Seismitoad|Seismitoad, M|36\/100\n|-damage|p2a: Seismitoad|30\/100|[from] Stealth Rock\n|turn|20\n|\n|t:|1658535418\n|switch|p1a: Buzzwole|Buzzwole|59\/100\n|-damage|p1a: Buzzwole|47\/100|[from] Stealth Rock\n|move|p2a: Seismitoad|Knock Off|p1a: Buzzwole\n|-resisted|p1a: Buzzwole\n|-damage|p1a: Buzzwole|39\/100\n|-damage|p2a: Seismitoad|13\/100|[from] item: Rocky Helmet|[of] p1a: Buzzwole\n|-enditem|p1a: Buzzwole|Rocky Helmet|[from] move: Knock Off|[of] p2a: Seismitoad\n|\n|-heal|p2a: Seismitoad|19\/100|[from] item: Leftovers\n|upkeep\n|turn|21\n|\n|t:|1658535431\n|switch|p2a: Corviknight|Corviknight, M|43\/100\n|-damage|p2a: Corviknight|31\/100|[from] Stealth Rock\n|move|p1a: Buzzwole|Leech Life|p2a: Corviknight\n|-resisted|p2a: Corviknight\n|-damage|p2a: Corviknight|23\/100\n|-heal|p1a: Buzzwole|43\/100|[from] drain|[of] p2a: Corviknight\n|-damage|p1a: Buzzwole|26\/100|[from] item: Rocky Helmet|[of] p2a: Corviknight\n|\n|upkeep\n|turn|22\n|\n|t:|1658535441\n|move|p1a: Buzzwole|Close Combat|p2a: Corviknight\n|-damage|p2a: Corviknight|0 fnt\n|-unboost|p1a: Buzzwole|def|1\n|-unboost|p1a: Buzzwole|spd|1\n|-damage|p1a: Buzzwole|10\/100|[from] item: Rocky Helmet|[of] p2a: Corviknight\n|faint|p2a: Corviknight\n|-ability|p1a: Buzzwole|Beast Boost|boost\n|-boost|p1a: Buzzwole|atk|1\n|\n|upkeep\n|j| Bad Players\n|-message|andrewm0n forfeited.\n|\n|win|mxxll\n|raw|mxxll's rating: 1713 &rarr; <strong>1733<\/strong><br \/>(+20 for winning)\n|raw|andrewm0n's rating: 1715 &rarr; <strong>1695<\/strong><br \/>(-20 for losing)\n|l|\u2606andrewm0n\n|l| bichoviejo\n|l|\u2606mxxll\n||Ladder isn't responding, score probably updated but might not have (Request timeout).\n|l| IceGuysFinishLast\n|l| ConquestGanda\n","uploadtime":1658536091,"views":32,"p1id":"mxxll","p2id":"andrewm0n","formatid":"gen8ou","rating":1695,"private":0,"password":null}