{"id":"gen8bdspou-1481471565","p1":"Charmalane","p2":"cump2","format":"gen8bdspou","log":"|j|\u2606Charmalane\n|j|\u2606cump2\n|t:|1640726365\n|gametype|singles\n|player|p1|Charmalane|brawly|1455\n|player|p2|cump2|170|1364\n|teamsize|p1|6\n|teamsize|p2|6\n|gen|8\n|tier|[Gen 8 BDSP] OU\n|rated|\n|rule|Sleep Clause Mod: Limit one foe put to sleep\n|rule|Species Clause: Limit one of each Pok\u00e9mon\n|rule|OHKO Clause: OHKO moves are banned\n|rule|Evasion Moves Clause: Evasion moves are banned\n|rule|Endless Battle Clause: Forcing endless battles is banned\n|rule|HP Percentage Mod: HP is shown in percentages\n|clearpoke\n|poke|p1|Gengar, M|\n|poke|p1|Rotom-Wash|\n|poke|p1|Garchomp, M|\n|poke|p1|Scizor, M|\n|poke|p1|Clefable, F|\n|poke|p1|Tangrowth, M|\n|poke|p2|Shuckle, F|\n|poke|p2|Breloom, M|\n|poke|p2|Manaphy|\n|poke|p2|Gliscor, F|\n|poke|p2|Magnezone|\n|poke|p2|Gengar, F|\n|teampreview\n|\n|t:|1640726377\n|start\n|switch|p1a: Upgrade|Rotom-Wash|100\/100\n|switch|p2a: Gliscor|Gliscor, F|100\/100\n|turn|1\n|\n|t:|1640726388\n|switch|p2a: Breloom|Breloom, M, shiny|100\/100\n|move|p1a: Upgrade|Will-O-Wisp|p2a: Breloom\n|-status|p2a: Breloom|brn\n|\n|-damage|p2a: Breloom|94\/100 brn|[from] brn\n|upkeep\n|turn|2\n|\n|t:|1640726399\n|switch|p1a: Soba|Tangrowth, M|100\/100\n|move|p2a: Breloom|Force Palm|p1a: Soba\n|-damage|p1a: Soba|82\/100\n|\n|-damage|p2a: Breloom|88\/100 brn|[from] brn\n|upkeep\n|turn|3\n|\n|t:|1640726404\n|move|p2a: Breloom|Force Palm|p1a: Soba\n|-damage|p1a: Soba|63\/100\n|move|p1a: Soba|Knock Off|p2a: Breloom\n|-resisted|p2a: Breloom\n|-damage|p2a: Breloom|69\/100 brn\n|-enditem|p2a: Breloom|Choice Band|[from] move: Knock Off|[of] p1a: Soba\n|\n|-damage|p2a: Breloom|63\/100 brn|[from] brn\n|upkeep\n|turn|4\n|\n|t:|1640726423\n|switch|p2a: Shuckle|Shuckle, F, shiny|100\/100\n|move|p1a: Soba|Earthquake|p2a: Shuckle\n|-damage|p2a: Shuckle|88\/100\n|\n|upkeep\n|turn|5\n|\n|t:|1640726428\n|switch|p1a: Upgrade|Rotom-Wash|100\/100\n|move|p2a: Shuckle|Toxic|p1a: Upgrade\n|-status|p1a: Upgrade|tox\n|\n|-damage|p1a: Upgrade|94\/100 tox|[from] psn\n|upkeep\n|turn|6\n|\n|t:|1640726432\n|move|p1a: Upgrade|Hydro Pump|p2a: Shuckle\n|-supereffective|p2a: Shuckle\n|-damage|p2a: Shuckle|38\/100\n|-enditem|p2a: Shuckle|Iapapa Berry|[eat]\n|-heal|p2a: Shuckle|71\/100|[from] item: Iapapa Berry\n|move|p2a: Shuckle|Sticky Web|p1a: Upgrade\n|-sidestart|p1: Charmalane|move: Sticky Web\n|\n|-heal|p1a: Upgrade|100\/100 tox|[from] item: Leftovers\n|-damage|p1a: Upgrade|88\/100 tox|[from] psn\n|upkeep\n|turn|7\n|\n|t:|1640726436\n|move|p1a: Upgrade|Hydro Pump|p2a: Shuckle\n|-supereffective|p2a: Shuckle\n|-damage|p2a: Shuckle|13\/100\n|move|p2a: Shuckle|Stealth Rock|p1a: Upgrade\n|-sidestart|p1: Charmalane|move: Stealth Rock\n|\n|-heal|p1a: Upgrade|94\/100 tox|[from] item: Leftovers\n|-damage|p1a: Upgrade|75\/100 tox|[from] psn\n|upkeep\n|turn|8\n|\n|t:|1640726439\n|move|p1a: Upgrade|Volt Switch|p2a: Shuckle\n|-damage|p2a: Shuckle|0 fnt\n|faint|p2a: Shuckle\n|\n|t:|1640726447\n|switch|p1a: Shredder|Scizor, M|100\/100|[from]move: Volt Switch\n|-damage|p1a: Shredder|88\/100|[from] Stealth Rock\n|-activate|p1a: Shredder|move: Sticky Web\n|-unboost|p1a: Shredder|spe|1\n|\n|-heal|p1a: Shredder|94\/100|[from] item: Leftovers\n|upkeep\n|\n|t:|1640726453\n|switch|p2a: Manaphy|Manaphy|100\/100\n|turn|9\n|\n|t:|1640726456\n|move|p2a: Manaphy|Tail Glow|p2a: Manaphy\n|-boost|p2a: Manaphy|spa|3\n|move|p1a: Shredder|Defog|p2a: Manaphy\n|-unboost|p2a: Manaphy|evasion|1\n|-sideend|p1: Charmalane|Stealth Rock|[from] move: Defog|[of] p1a: Shredder\n|-sideend|p1: Charmalane|Sticky Web|[from] move: Defog|[of] p1a: Shredder\n|\n|-heal|p1a: Shredder|100\/100|[from] item: Leftovers\n|upkeep\n|turn|10\n|\n|t:|1640726477\n|switch|p1a: Hikari|Clefable, F|100\/100\n|move|p2a: Manaphy|Surf|p1a: Hikari\n|-crit|p1a: Hikari\n|-damage|p1a: Hikari|36\/100\n|\n|-heal|p1a: Hikari|42\/100|[from] item: Leftovers\n|upkeep\n|turn|11\n|\n|t:|1640726486\n|move|p1a: Hikari|Protect|p1a: Hikari\n|-singleturn|p1a: Hikari|Protect\n|move|p2a: Manaphy|Surf|p1a: Hikari\n|-activate|p1a: Hikari|move: Protect\n|\n|-heal|p1a: Hikari|48\/100|[from] item: Leftovers\n|upkeep\n|turn|12\n|\n|t:|1640726492\n|switch|p2a: Magnezone|Magnezone, shiny|100\/100\n|move|p1a: Hikari|Wish|p1a: Hikari\n|\n|-heal|p1a: Hikari|54\/100|[from] item: Leftovers\n|upkeep\n|turn|13\n|\n|t:|1640726498\n|move|p1a: Hikari|Protect|p1a: Hikari\n|-singleturn|p1a: Hikari|Protect\n|move|p2a: Magnezone|Substitute|p2a: Magnezone\n|-start|p2a: Magnezone|Substitute\n|-damage|p2a: Magnezone|76\/100\n|\n|-heal|p1a: Hikari|100\/100|[from] move: Wish|[wisher] Hikari\n|-heal|p2a: Magnezone|82\/100|[from] item: Leftovers\n|upkeep\n|turn|14\n|\n|t:|1640726540\n|switch|p1a: Shredder|Scizor, M|100\/100\n|move|p2a: Magnezone|Flash Cannon|p1a: Shredder\n|-resisted|p1a: Shredder\n|-damage|p1a: Shredder|83\/100\n|\n|-heal|p2a: Magnezone|88\/100|[from] item: Leftovers\n|-heal|p1a: Shredder|89\/100|[from] item: Leftovers\n|upkeep\n|turn|15\n|\n|t:|1640726546\n|move|p2a: Magnezone|Discharge|p1a: Shredder\n|-damage|p1a: Shredder|56\/100\n|-status|p1a: Shredder|par\n|move|p1a: Shredder|U-turn|p2a: Magnezone\n|-resisted|p2a: Magnezone\n|-activate|p2a: Magnezone|move: Substitute|[damage]\n|\n|t:|1640726574\n|switch|p1a: Chomper|Garchomp, M|100\/100|[from]move: U-turn\n|\n|-heal|p2a: Magnezone|94\/100|[from] item: Leftovers\n|upkeep\n|turn|16\n|\n|t:|1640726576\n|move|p1a: Chomper|Earthquake|p2a: Magnezone\n|-supereffective|p2a: Magnezone\n|-end|p2a: Magnezone|Substitute\n|move|p2a: Magnezone|Magnet Rise|p2a: Magnezone\n|-start|p2a: Magnezone|Magnet Rise\n|\n|-heal|p2a: Magnezone|99\/100|[from] item: Leftovers\n|upkeep\n|turn|17\n|\n|t:|1640726579\n|move|p1a: Chomper|Fire Blast|p2a: Magnezone\n|-supereffective|p2a: Magnezone\n|-damage|p2a: Magnezone|41\/100\n|move|p2a: Magnezone|Substitute|p2a: Magnezone\n|-start|p2a: Magnezone|Substitute\n|-damage|p2a: Magnezone|17\/100\n|\n|-heal|p2a: Magnezone|23\/100|[from] item: Leftovers\n|upkeep\n|turn|18\n|\n|t:|1640726583\n|move|p1a: Chomper|Fire Blast|p2a: Magnezone\n|-supereffective|p2a: Magnezone\n|-end|p2a: Magnezone|Substitute\n|move|p2a: Magnezone|Flash Cannon|p1a: Chomper\n|-damage|p1a: Chomper|46\/100\n|\n|-heal|p2a: Magnezone|29\/100|[from] item: Leftovers\n|upkeep\n|turn|19\n|\n|t:|1640726613\n|move|p1a: Chomper|Fire Blast|p2a: Magnezone\n|-supereffective|p2a: Magnezone\n|-damage|p2a: Magnezone|0 fnt\n|faint|p2a: Magnezone\n|\n|upkeep\n|\n|t:|1640726617\n|switch|p2a: Gliscor|Gliscor, F|100\/100\n|turn|20\n|\n|t:|1640726647\n|switch|p1a: Upgrade|Rotom-Wash|75\/100 tox\n|move|p2a: Gliscor|Acrobatics|p1a: Upgrade\n|-resisted|p1a: Upgrade\n|-crit|p1a: Upgrade\n|-damage|p1a: Upgrade|56\/100 tox\n|\n|-heal|p1a: Upgrade|62\/100 tox|[from] item: Leftovers\n|-damage|p1a: Upgrade|56\/100 tox|[from] psn\n|-status|p2a: Gliscor|tox|[from] item: Toxic Orb\n|upkeep\n|turn|21\n|\n|t:|1640726674\n|switch|p1a: Hikari|Clefable, F|100\/100\n|switch|p2a: Breloom|Breloom, M, shiny|63\/100 brn\n|\n|-damage|p2a: Breloom|57\/100 brn|[from] brn\n|upkeep\n|turn|22\n|\n|t:|1640726679\n|move|p2a: Breloom|Force Palm|p1a: Hikari\n|-resisted|p1a: Hikari\n|-damage|p1a: Hikari|90\/100\n|-status|p1a: Hikari|par\n|move|p1a: Hikari|Stealth Rock|p2a: Breloom\n|-sidestart|p2: cump2|move: Stealth Rock\n|\n|-heal|p1a: Hikari|96\/100 par|[from] item: Leftovers\n|-damage|p2a: Breloom|51\/100 brn|[from] brn\n|upkeep\n|turn|23\n|\n|t:|1640726690\n|switch|p2a: Gengar|Gengar, F|100\/100\n|-damage|p2a: Gengar|88\/100|[from] Stealth Rock\n|move|p1a: Hikari|Wish|p1a: Hikari\n|\n|-heal|p1a: Hikari|100\/100 par|[from] item: Leftovers\n|upkeep\n|turn|24\n|\n|t:|1640726710\n|switch|p1a: Shredder|Scizor, M|56\/100 par\n|move|p2a: Gengar|Shadow Ball|p1a: Shredder\n|-damage|p1a: Shredder|24\/100 par\n|\n|-heal|p1a: Shredder|82\/100 par|[from] move: Wish|[wisher] Hikari\n|-heal|p1a: Shredder|88\/100 par|[from] item: Leftovers\n|upkeep\n|turn|25\n|\n|t:|1640726726\n|switch|p2a: Gliscor|Gliscor, F|100\/100 tox\n|-damage|p2a: Gliscor|88\/100 tox|[from] Stealth Rock\n|move|p1a: Shredder|U-turn|p2a: Gliscor\n|-resisted|p2a: Gliscor\n|-damage|p2a: Gliscor|73\/100 tox\n|\n|t:|1640726739\n|switch|p1a: Hikari|Clefable, F|100\/100 par|[from]move: U-turn\n|\n|-heal|p2a: Gliscor|86\/100 tox|[from] ability: Poison Heal\n|upkeep\n|turn|26\n|\n|t:|1640726743\n|move|p2a: Gliscor|Acrobatics|p1a: Hikari\n|-damage|p1a: Hikari|82\/100 par\n|move|p1a: Hikari|Wish|p1a: Hikari\n|\n|-heal|p1a: Hikari|88\/100 par|[from] item: Leftovers\n|-heal|p2a: Gliscor|98\/100 tox|[from] ability: Poison Heal\n|upkeep\n|turn|27\n|\n|t:|1640726759\n|switch|p1a: Chomper|Garchomp, M|46\/100\n|move|p2a: Gliscor|Swords Dance|p2a: Gliscor\n|-boost|p2a: Gliscor|atk|2\n|\n|-heal|p1a: Chomper|100\/100|[from] move: Wish|[wisher] Hikari\n|-heal|p2a: Gliscor|100\/100 tox|[from] ability: Poison Heal\n|upkeep\n|turn|28\n|\n|t:|1640726772\n|switch|p1a: Hikari|Clefable, F|88\/100 par\n|move|p2a: Gliscor|Fling|p1a: Hikari\n|-resisted|p1a: Hikari\n|-damage|p1a: Hikari|85\/100 par\n|-enditem|p2a: Gliscor|Toxic Orb|[from] move: Fling\n|\n|-heal|p1a: Hikari|91\/100 par|[from] item: Leftovers\n|upkeep\n|turn|29\n|\n|t:|1640726783\n|move|p2a: Gliscor|Acrobatics|p1a: Hikari\n|-damage|p1a: Hikari|52\/100 par\n|move|p1a: Hikari|Moonblast|p2a: Gliscor\n|-damage|p2a: Gliscor|57\/100 tox\n|-unboost|p2a: Gliscor|spa|1\n|\n|-heal|p1a: Hikari|58\/100 par|[from] item: Leftovers\n|-heal|p2a: Gliscor|70\/100 tox|[from] ability: Poison Heal\n|upkeep\n|turn|30\n|\n|t:|1640726816\n|move|p2a: Gliscor|Acrobatics|p1a: Hikari\n|-crit|p1a: Hikari\n|-damage|p1a: Hikari|0 fnt\n|faint|p1a: Hikari\n|\n|-heal|p2a: Gliscor|82\/100 tox|[from] ability: Poison Heal\n|upkeep\n|\n|t:|1640726821\n|switch|p1a: Kage|Gengar, M|100\/100\n|turn|31\n|\n|t:|1640726834\n|switch|p2a: Breloom|Breloom, M, shiny|51\/100 brn\n|-damage|p2a: Breloom|45\/100 brn|[from] Stealth Rock\n|move|p1a: Kage|Hex|p2a: Breloom\n|-damage|p2a: Breloom|0 fnt\n|faint|p2a: Breloom\n|\n|upkeep\n|\n|t:|1640726848\n|switch|p2a: Manaphy|Manaphy|100\/100\n|-damage|p2a: Manaphy|88\/100|[from] Stealth Rock\n|turn|32\n|\n|t:|1640726860\n|move|p1a: Kage|Hex|p2a: Manaphy\n|-damage|p2a: Manaphy|37\/100\n|move|p2a: Manaphy|Surf|p1a: Kage\n|-damage|p1a: Kage|29\/100\n|\n|-heal|p2a: Manaphy|43\/100|[from] item: Leftovers\n|upkeep\n|turn|33\n|\n|t:|1640726864\n|move|p1a: Kage|Hex|p2a: Manaphy\n|-damage|p2a: Manaphy|0 fnt\n|faint|p2a: Manaphy\n|\n|upkeep\n|\n|t:|1640726866\n|switch|p2a: Gengar|Gengar, F|88\/100\n|-damage|p2a: Gengar|76\/100|[from] Stealth Rock\n|turn|34\n|\n|t:|1640726885\n|switch|p2a: Gliscor|Gliscor, F|82\/100 tox\n|-damage|p2a: Gliscor|70\/100 tox|[from] Stealth Rock\n|switch|p1a: Shredder|Scizor, M|88\/100 par\n|\n|-heal|p1a: Shredder|94\/100 par|[from] item: Leftovers\n|-heal|p2a: Gliscor|82\/100 tox|[from] ability: Poison Heal\n|upkeep\n|turn|35\n|\n|t:|1640726898\n|move|p2a: Gliscor|Swords Dance|p2a: Gliscor\n|-boost|p2a: Gliscor|atk|2\n|cant|p1a: Shredder|par\n|\n|-heal|p1a: Shredder|99\/100 par|[from] item: Leftovers\n|-heal|p2a: Gliscor|94\/100 tox|[from] ability: Poison Heal\n|upkeep\n|turn|36\n|\n|t:|1640726909\n|move|p1a: Shredder|Bullet Punch|p2a: Gliscor\n|-damage|p2a: Gliscor|69\/100 tox\n|move|p2a: Gliscor|Acrobatics|p1a: Shredder\n|-damage|p1a: Shredder|0 fnt\n|faint|p1a: Shredder\n|\n|-heal|p2a: Gliscor|81\/100 tox|[from] ability: Poison Heal\n|upkeep\n|\n|t:|1640726911\n|switch|p1a: Kage|Gengar, M|29\/100\n|turn|37\n|\n|t:|1640726916\n|move|p1a: Kage|Hex|p2a: Gliscor\n|-damage|p2a: Gliscor|0 fnt\n|faint|p2a: Gliscor\n|\n|upkeep\n|\n|t:|1640726918\n|switch|p2a: Gengar|Gengar, F|76\/100\n|-damage|p2a: Gengar|64\/100|[from] Stealth Rock\n|turn|38\n|\n|t:|1640726922\n|move|p2a: Gengar|Shadow Ball|p1a: Kage\n|-supereffective|p1a: Kage\n|-damage|p1a: Kage|0 fnt\n|faint|p1a: Kage\n|\n|upkeep\n|-message|cump2 forfeited.\n|\n|win|Charmalane\n|raw|Charmalane's rating: 1455 &rarr; <strong>1470<\/strong><br \/>(+15 for winning)\n|raw|cump2's rating: 1364 &rarr; <strong>1349<\/strong><br \/>(-15 for losing)\n|l|\u2606cump2\n","uploadtime":1640726928,"views":13,"p1id":"charmalane","p2id":"cump2","formatid":"gen8bdspou","rating":1349,"private":0,"password":null}