{"id":"gen8ou-1645308194","p1":"El Stefano","p2":"zerodragon123","format":"gen8ou","log":"|j|\u2606El Stefano\n|j|\u2606zerodragon123\n|t:|1661155533\n|gametype|singles\n|player|p1|El Stefano|1|1500\n|player|p2|zerodragon123|265|1658\n|teamsize|p1|6\n|teamsize|p2|6\n|gen|8\n|tier|[Gen 8] OU\n|rated|\n|rule|Sleep Clause Mod: Limit one foe put to sleep\n|rule|Species Clause: Limit one of each Pok\u00e9mon\n|rule|OHKO Clause: OHKO moves are banned\n|rule|Evasion Items Clause: Evasion items are banned\n|rule|Evasion Moves Clause: Evasion moves are banned\n|rule|Endless Battle Clause: Forcing endless battles is banned\n|rule|HP Percentage Mod: HP is shown in percentages\n|rule|Dynamax Clause: You cannot dynamax\n|clearpoke\n|poke|p1|Tapu Lele|\n|poke|p1|Dragapult, F|\n|poke|p1|Toxapex, M|\n|poke|p1|Landorus-Therian, M|\n|poke|p1|Corviknight, F|\n|poke|p1|Blacephalon|\n|poke|p2|Pelipper, M|\n|poke|p2|Urshifu-*, F|\n|poke|p2|Dragapult, F|\n|poke|p2|Landorus-Therian, M|\n|poke|p2|Melmetal|\n|poke|p2|Tapu Lele|\n|teampreview\n|\n|t:|1661155544\n|start\n|switch|p1a: Tapu Lele|Tapu Lele|100\/100\n|switch|p2a: Pelipper|Pelipper, M|100\/100\n|-fieldstart|move: Psychic Terrain|[from] ability: Psychic Surge|[of] p1a: Tapu Lele\n|-weather|RainDance|[from] ability: Drizzle|[of] p2a: Pelipper\n|turn|1\n|\n|t:|1661155553\n|switch|p2a: Melmetal|Melmetal|100\/100\n|move|p1a: Tapu Lele|Psychic|p2a: Melmetal\n|-resisted|p2a: Melmetal\n|-damage|p2a: Melmetal|56\/100\n|\n|-weather|RainDance|[upkeep]\n|-heal|p2a: Melmetal|62\/100|[from] item: Leftovers\n|upkeep\n|turn|2\n|\n|t:|1661155564\n|switch|p1a: Toxapex|Toxapex, M|100\/100\n|move|p2a: Melmetal|Double Iron Bash|p1a: Toxapex\n|-resisted|p1a: Toxapex\n|-damage|p1a: Toxapex|87\/100\n|-damage|p2a: Melmetal|45\/100|[from] item: Rocky Helmet|[of] p1a: Toxapex\n|-resisted|p1a: Toxapex\n|-damage|p1a: Toxapex|73\/100\n|-damage|p2a: Melmetal|29\/100|[from] item: Rocky Helmet|[of] p1a: Toxapex\n|-hitcount|p1a: Toxapex|2\n|\n|-weather|RainDance|[upkeep]\n|-heal|p2a: Melmetal|35\/100|[from] item: Leftovers\n|upkeep\n|turn|3\n|\n|t:|1661155571\n|switch|p1a: Landorus|Landorus-Therian, M|100\/100\n|-ability|p1a: Landorus|Intimidate|boost\n|-unboost|p2a: Melmetal|atk|1\n|move|p2a: Melmetal|Earthquake|p1a: Landorus\n|-immune|p1a: Landorus\n|\n|-weather|RainDance|[upkeep]\n|-heal|p2a: Melmetal|41\/100|[from] item: Leftovers\n|upkeep\n|turn|4\n|\n|t:|1661155577\n|switch|p2a: Landorus|Landorus-Therian, M|100\/100\n|-ability|p2a: Landorus|Intimidate|boost\n|-unboost|p1a: Landorus|atk|1\n|move|p1a: Landorus|U-turn|p2a: Landorus\n|-resisted|p2a: Landorus\n|-damage|p2a: Landorus|93\/100\n|-enditem|p2a: Landorus|Eject Button\n|\n|t:|1661155584\n|switch|p2a: Urshifu|Urshifu-Rapid-Strike, F|100\/100\n|\n|-weather|RainDance|[upkeep]\n|upkeep\n|turn|5\n|\n|t:|1661155597\n|switch|p1a: Toxapex|Toxapex, M|100\/100\n|move|p2a: Urshifu|U-turn|p1a: Toxapex\n|-resisted|p1a: Toxapex\n|-damage|p1a: Toxapex|94\/100\n|\n|t:|1661155604\n|switch|p2a: Tapu Lele|Tapu Lele|100\/100|[from]move: U-turn\n|\n|-weather|none\n|-fieldend|move: Psychic Terrain\n|upkeep\n|turn|6\n|\n|t:|1661155608\n|switch|p1a: Corviknight|Corviknight, F|100\/100\n|-ability|p1a: Corviknight|Pressure\n|move|p2a: Tapu Lele|Future Sight|p1a: Corviknight\n|-start|p2a: Tapu Lele|move: Future Sight\n|\n|upkeep\n|turn|7\n|l|\u2606El Stefano\n|player|p1|\n|inactive|Battle timer is ON: inactive players will automatically lose when time's up. (requested by zerodragon123)\n|j|\u2606El Stefano\n|inactive|El Stefano reconnected and has 150 seconds left.\n|player|p1|El Stefano|1\n|\n|t:|1661155650\n|switch|p2a: Pelipper|Pelipper, M|100\/100\n|-weather|RainDance|[from] ability: Drizzle|[of] p2a: Pelipper\n|move|p1a: Corviknight|U-turn|p2a: Pelipper\n|-resisted|p2a: Pelipper\n|-damage|p2a: Pelipper|91\/100\n|\n|t:|1661155653\n|switch|p1a: Tapu Lele|Tapu Lele|100\/100|[from]move: U-turn\n|-fieldstart|move: Psychic Terrain|[from] ability: Psychic Surge|[of] p1a: Tapu Lele\n|\n|-weather|RainDance|[upkeep]\n|upkeep\n|turn|8\n|\n|t:|1661155663\n|switch|p2a: Melmetal|Melmetal|41\/100\n|move|p1a: Tapu Lele|Psychic|p2a: Melmetal\n|-resisted|p2a: Melmetal\n|-damage|p2a: Melmetal|0 fnt\n|faint|p2a: Melmetal\n|\n|-weather|RainDance|[upkeep]\n|-end|p1a: Tapu Lele|move: Future Sight\n|-resisted|p1a: Tapu Lele\n|-damage|p1a: Tapu Lele|54\/100\n|upkeep\n|\n|t:|1661155669\n|switch|p2a: Urshifu|Urshifu-Rapid-Strike, F|100\/100\n|turn|9\n|\n|t:|1661155678\n|switch|p1a: Toxapex|Toxapex, M|100\/100\n|move|p2a: Urshifu|U-turn|p1a: Toxapex\n|-resisted|p1a: Toxapex\n|-damage|p1a: Toxapex|94\/100\n|\n|t:|1661155680\n|switch|p2a: Tapu Lele|Tapu Lele|100\/100|[from]move: U-turn\n|\n|-weather|RainDance|[upkeep]\n|upkeep\n|turn|10\n|\n|t:|1661155689\n|switch|p1a: Dragapult|Dragapult, F|100\/100\n|move|p2a: Tapu Lele|Future Sight|p1a: Dragapult\n|-start|p2a: Tapu Lele|move: Future Sight\n|\n|-weather|RainDance|[upkeep]\n|upkeep\n|turn|11\n|\n|t:|1661155696\n|switch|p2a: Landorus|Landorus-Therian, M|93\/100\n|-ability|p2a: Landorus|Intimidate|boost\n|-unboost|p1a: Dragapult|atk|1\n|move|p1a: Dragapult|Shadow Ball|p2a: Landorus\n|-damage|p2a: Landorus|45\/100\n|\n|-weather|none\n|-fieldend|move: Psychic Terrain\n|upkeep\n|turn|12\n|\n|t:|1661155702\n|switch|p1a: Corviknight|Corviknight, F|100\/100\n|-ability|p1a: Corviknight|Pressure\n|move|p2a: Landorus|Knock Off|p1a: Corviknight\n|-damage|p1a: Corviknight|75\/100\n|-enditem|p1a: Corviknight|Leftovers|[from] move: Knock Off|[of] p2a: Landorus\n|\n|-end|p1a: Corviknight|move: Future Sight\n|-resisted|p1a: Corviknight\n|-damage|p1a: Corviknight|49\/100\n|upkeep\n|turn|13\n|\n|t:|1661155707\n|move|p2a: Landorus|U-turn|p1a: Corviknight\n|-resisted|p1a: Corviknight\n|-crit|p1a: Corviknight\n|-damage|p1a: Corviknight|42\/100\n|\n|t:|1661155711\n|switch|p2a: Pelipper|Pelipper, M|91\/100|[from]move: U-turn\n|-weather|RainDance|[from] ability: Drizzle|[of] p2a: Pelipper\n|move|p1a: Corviknight|Roost|p1a: Corviknight\n|-heal|p1a: Corviknight|92\/100\n|-singleturn|p1a: Corviknight|move: Roost\n|\n|-weather|RainDance|[upkeep]\n|upkeep\n|turn|14\n|\n|t:|1661155726\n|switch|p1a: Toxapex|Toxapex, M|100\/100\n|move|p2a: Pelipper|Weather Ball|p1a: Toxapex\n|-resisted|p1a: Toxapex\n|-damage|p1a: Toxapex|54\/100\n|\n|-weather|RainDance|[upkeep]\n|upkeep\n|turn|15\n|l|\u2606El Stefano\n|inactive|El Stefano disconnected and has a minute to reconnect!\n|player|p1|\n|inactive|El Stefano has 30 seconds to reconnect!\n|inactive|El Stefano has 20 seconds to reconnect!\n|j|\u2606El Stefano\n|inactive|El Stefano reconnected and has 85 seconds left.\n|player|p1|El Stefano|1\n|j| wuminKenken\n|\n|t:|1661155797\n|move|p2a: Pelipper|Weather Ball|p1a: Toxapex\n|-resisted|p1a: Toxapex\n|-damage|p1a: Toxapex|12\/100\n|move|p1a: Toxapex|Toxic|p2a: Pelipper\n|-status|p2a: Pelipper|tox\n|\n|-weather|RainDance|[upkeep]\n|-damage|p2a: Pelipper|85\/100 tox|[from] psn\n|upkeep\n|turn|16\n|l|\u2606El Stefano\n|inactive|El Stefano disconnected and has a minute to reconnect!\n|player|p1|\n|inactive|El Stefano has 30 seconds to reconnect!\n|inactive|El Stefano has 20 seconds to reconnect!\n|j|\u2606El Stefano\n|inactive|El Stefano reconnected and has 25 seconds left.\n|player|p1|El Stefano|1\n|inactive|El Stefano has 20 seconds left.\n|\n|t:|1661155864\n|switch|p1a: Dragapult|Dragapult, F|100\/100\n|move|p2a: Pelipper|Weather Ball|p1a: Dragapult\n|-resisted|p1a: Dragapult\n|-damage|p1a: Dragapult|33\/100\n|\n|-weather|RainDance|[upkeep]\n|-damage|p2a: Pelipper|73\/100 tox|[from] psn\n|upkeep\n|turn|17\n|inactive|El Stefano has 30 seconds left this turn.\n|\n|t:|1661155872\n|switch|p2a: Landorus|Landorus-Therian, M|45\/100\n|-ability|p2a: Landorus|Intimidate|boost\n|-unboost|p1a: Dragapult|atk|1\n|move|p1a: Dragapult|Draco Meteor|p2a: Landorus|[miss]\n|-miss|p1a: Dragapult|p2a: Landorus\n|\n|-weather|none\n|upkeep\n|turn|18\n|inactive|El Stefano has 30 seconds left.\n|\n|t:|1661155879\n|switch|p2a: Tapu Lele|Tapu Lele|100\/100\n|-fieldstart|move: Psychic Terrain|[from] ability: Psychic Surge|[of] p2a: Tapu Lele\n|move|p1a: Dragapult|Draco Meteor|p2a: Tapu Lele\n|-immune|p2a: Tapu Lele\n|\n|upkeep\n|turn|19\n|\n|t:|1661155893\n|switch|p2a: Pelipper|Pelipper, M|73\/100 tox\n|-weather|RainDance|[from] ability: Drizzle|[of] p2a: Pelipper\n|switch|p1a: Corviknight|Corviknight, F|92\/100\n|-ability|p1a: Corviknight|Pressure\n|\n|-weather|RainDance|[upkeep]\n|-damage|p2a: Pelipper|67\/100 tox|[from] psn\n|upkeep\n|turn|20\n|\n|t:|1661155902\n|switch|p1a: Landorus|Landorus-Therian, M|100\/100\n|-ability|p1a: Landorus|Intimidate|boost\n|-unboost|p2a: Pelipper|atk|1\n|move|p2a: Pelipper|Weather Ball|p1a: Landorus\n|-supereffective|p1a: Landorus\n|-damage|p1a: Landorus|0 fnt\n|faint|p1a: Landorus\n|\n|-weather|RainDance|[upkeep]\n|-damage|p2a: Pelipper|55\/100 tox|[from] psn\n|upkeep\n|\n|t:|1661155904\n|switch|p1a: Tapu Lele|Tapu Lele|54\/100\n|turn|21\n|\n|t:|1661155909\n|switch|p2a: Tapu Lele|Tapu Lele|100\/100\n|move|p1a: Tapu Lele|Psychic|p2a: Tapu Lele\n|-resisted|p2a: Tapu Lele\n|-damage|p2a: Tapu Lele|51\/100\n|-unboost|p2a: Tapu Lele|spd|1\n|\n|-weather|RainDance|[upkeep]\n|upkeep\n|turn|22\n|\n|t:|1661155916\n|move|p2a: Tapu Lele|Moonblast|p1a: Tapu Lele\n|-damage|p1a: Tapu Lele|0 fnt\n|faint|p1a: Tapu Lele\n|\n|-weather|RainDance|[upkeep]\n|-fieldend|move: Psychic Terrain\n|upkeep\n|\n|t:|1661155921\n|switch|p1a: Blacephalon|Blacephalon|100\/100\n|turn|23\n|\n|t:|1661155931\n|switch|p2a: Landorus|Landorus-Therian, M|45\/100\n|-ability|p2a: Landorus|Intimidate|boost\n|-unboost|p1a: Blacephalon|atk|1\n|move|p1a: Blacephalon|Shadow Ball|p2a: Landorus\n|-damage|p2a: Landorus|3\/100\n|\n|-weather|none\n|upkeep\n|turn|24\n|\n|t:|1661155945\n|move|p1a: Blacephalon|Shadow Ball|p2a: Landorus\n|-damage|p2a: Landorus|0 fnt\n|faint|p2a: Landorus\n|-ability|p1a: Blacephalon|Beast Boost|boost\n|-boost|p1a: Blacephalon|spa|1\n|\n|upkeep\n|\n|t:|1661155947\n|switch|p2a: Urshifu|Urshifu-Rapid-Strike, F|100\/100\n|turn|25\n|\n|t:|1661155952\n|switch|p1a: Toxapex|Toxapex, M|45\/100\n|move|p2a: Urshifu|Surging Strikes|p1a: Toxapex\n|-resisted|p1a: Toxapex\n|-crit|p1a: Toxapex\n|-damage|p1a: Toxapex|39\/100\n|-resisted|p1a: Toxapex\n|-crit|p1a: Toxapex\n|-damage|p1a: Toxapex|33\/100\n|-resisted|p1a: Toxapex\n|-crit|p1a: Toxapex\n|-damage|p1a: Toxapex|27\/100\n|-hitcount|p1a: Toxapex|3\n|\n|upkeep\n|turn|26\n|\n|t:|1661155958\n|move|p2a: Urshifu|U-turn|p1a: Toxapex\n|-resisted|p1a: Toxapex\n|-damage|p1a: Toxapex|20\/100\n|\n|t:|1661155968\n|switch|p2a: Pelipper|Pelipper, M|55\/100 tox|[from]move: U-turn\n|-weather|RainDance|[from] ability: Drizzle|[of] p2a: Pelipper\n|move|p1a: Toxapex|Recover|p1a: Toxapex\n|-heal|p1a: Toxapex|70\/100\n|\n|-weather|RainDance|[upkeep]\n|-damage|p2a: Pelipper|48\/100 tox|[from] psn\n|upkeep\n|turn|27\n|\n|t:|1661155972\n|move|p2a: Pelipper|Hurricane|p1a: Toxapex\n|-damage|p1a: Toxapex|9\/100\n|move|p1a: Toxapex|Recover|p1a: Toxapex\n|-heal|p1a: Toxapex|59\/100\n|\n|-weather|RainDance|[upkeep]\n|-damage|p2a: Pelipper|36\/100 tox|[from] psn\n|upkeep\n|turn|28\n|\n|t:|1661155977\n|switch|p1a: Corviknight|Corviknight, F|92\/100\n|-ability|p1a: Corviknight|Pressure\n|move|p2a: Pelipper|Hurricane|p1a: Corviknight\n|-resisted|p1a: Corviknight\n|-damage|p1a: Corviknight|65\/100\n|-start|p1a: Corviknight|confusion\n|\n|-weather|RainDance|[upkeep]\n|-damage|p2a: Pelipper|18\/100 tox|[from] psn\n|upkeep\n|turn|29\n|\n|t:|1661155985\n|switch|p2a: Urshifu|Urshifu-Rapid-Strike, F|100\/100\n|-activate|p1a: Corviknight|confusion\n|move|p1a: Corviknight|U-turn|p2a: Urshifu\n|-resisted|p2a: Urshifu\n|-damage|p2a: Urshifu|93\/100\n|\n|t:|1661155991\n|switch|p1a: Toxapex|Toxapex, M|93\/100|[from]move: U-turn\n|\n|-weather|RainDance|[upkeep]\n|upkeep\n|turn|30\n|\n|t:|1661155994\n|move|p2a: Urshifu|U-turn|p1a: Toxapex\n|-resisted|p1a: Toxapex\n|-damage|p1a: Toxapex|86\/100\n|\n|t:|1661155998\n|switch|p2a: Pelipper|Pelipper, M|18\/100 tox|[from]move: U-turn\n|move|p1a: Toxapex|Knock Off|p2a: Pelipper\n|-damage|p2a: Pelipper|0 fnt\n|-enditem|p2a: Pelipper|Choice Specs|[from] move: Knock Off|[of] p1a: Toxapex\n|faint|p2a: Pelipper\n|\n|-weather|none\n|upkeep\n|\n|t:|1661156002\n|switch|p2a: Tapu Lele|Tapu Lele|51\/100\n|-fieldstart|move: Psychic Terrain|[from] ability: Psychic Surge|[of] p2a: Tapu Lele\n|turn|31\n|\n|t:|1661156009\n|switch|p1a: Corviknight|Corviknight, F|65\/100\n|-ability|p1a: Corviknight|Pressure\n|move|p2a: Tapu Lele|Future Sight|p1a: Corviknight\n|-start|p2a: Tapu Lele|move: Future Sight\n|\n|upkeep\n|turn|32\n|\n|t:|1661156014\n|switch|p2a: Dragapult|Dragapult, F|100\/100\n|move|p1a: Corviknight|U-turn|p2a: Dragapult\n|-resisted|p2a: Dragapult\n|-damage|p2a: Dragapult|91\/100\n|\n|t:|1661156029\n|switch|p1a: Blacephalon|Blacephalon|100\/100|[from]move: U-turn\n|\n|upkeep\n|turn|33\n|\n|t:|1661156041\n|switch|p2a: Urshifu|Urshifu-Rapid-Strike, F|93\/100\n|move|p1a: Blacephalon|Shadow Ball|p2a: Urshifu\n|-damage|p2a: Urshifu|18\/100\n|\n|-end|p1a: Blacephalon|move: Future Sight\n|-damage|p1a: Blacephalon|0 fnt\n|faint|p1a: Blacephalon\n|upkeep\n|\n|t:|1661156046\n|switch|p1a: Dragapult|Dragapult, F|33\/100\n|turn|34\n|\n|t:|1661156052\n|move|p1a: Dragapult|Shadow Ball|p2a: Urshifu\n|-damage|p2a: Urshifu|0 fnt\n|faint|p2a: Urshifu\n|\n|upkeep\n|\n|t:|1661156054\n|switch|p2a: Tapu Lele|Tapu Lele|51\/100\n|turn|35\n|\n|t:|1661156058\n|move|p2a: Tapu Lele|Psyshock|p1a: Dragapult\n|-damage|p1a: Dragapult|0 fnt\n|faint|p1a: Dragapult\n|\n|-fieldend|move: Psychic Terrain\n|upkeep\n|\n|t:|1661156062\n|switch|p1a: Corviknight|Corviknight, F|65\/100\n|-ability|p1a: Corviknight|Pressure\n|turn|36\n|\n|t:|1661156067\n|switch|p2a: Dragapult|Dragapult, F|91\/100\n|move|p1a: Corviknight|Roost|p1a: Corviknight\n|-heal|p1a: Corviknight|100\/100\n|-singleturn|p1a: Corviknight|move: Roost\n|\n|upkeep\n|turn|37\n|\n|t:|1661156071\n|move|p2a: Dragapult|Thunder|p1a: Corviknight\n|-supereffective|p1a: Corviknight\n|-damage|p1a: Corviknight|28\/100\n|move|p1a: Corviknight|Brave Bird|p2a: Dragapult\n|-damage|p2a: Dragapult|45\/100\n|-damage|p1a: Corviknight|16\/100|[from] Recoil\n|\n|upkeep\n|turn|38\n|\n|t:|1661156077\n|move|p2a: Dragapult|Thunder|p1a: Corviknight\n|-supereffective|p1a: Corviknight\n|-damage|p1a: Corviknight|0 fnt\n|faint|p1a: Corviknight\n|\n|upkeep\n|\n|t:|1661156080\n|switch|p1a: Toxapex|Toxapex, M|100\/100\n|turn|39\n|\n|t:|1661156083\n|move|p2a: Dragapult|Thunder|p1a: Toxapex\n|-supereffective|p1a: Toxapex\n|-damage|p1a: Toxapex|14\/100\n|move|p1a: Toxapex|Knock Off|p2a: Dragapult\n|-supereffective|p2a: Dragapult\n|-damage|p2a: Dragapult|3\/100\n|-enditem|p2a: Dragapult|Choice Specs|[from] move: Knock Off|[of] p1a: Toxapex\n|\n|upkeep\n|turn|40\n|-message|El Stefano forfeited.\n|\n|win|zerodragon123\n|raw|El Stefano's rating: 1500 &rarr; <strong>1489<\/strong><br \/>(-11 for losing)\n|raw|zerodragon123's rating: 1658 &rarr; <strong>1669<\/strong><br \/>(+11 for winning)\n","uploadtime":1661156105,"views":13,"p1id":"elstefano","p2id":"zerodragon123","formatid":"gen8ou","rating":1489,"private":0,"password":null}