{"id":"gen8bdspou-1480410610","p1":"KiteBalmungh","p2":"Alu9204","format":"gen8bdspou","log":"|j|\u2606KiteBalmungh\n|j|\u2606Alu9204\n|t:|1640558440\n|gametype|singles\n|player|p1|KiteBalmungh|red|1211\n|player|p2|Alu9204|burglar|1308\n|teamsize|p1|6\n|teamsize|p2|6\n|gen|8\n|tier|[Gen 8 BDSP] OU\n|rated|\n|rule|Sleep Clause Mod: Limit one foe put to sleep\n|rule|Species Clause: Limit one of each Pok\u00e9mon\n|rule|OHKO Clause: OHKO moves are banned\n|rule|Evasion Moves Clause: Evasion moves are banned\n|rule|Endless Battle Clause: Forcing endless battles is banned\n|rule|HP Percentage Mod: HP is shown in percentages\n|clearpoke\n|poke|p1|Infernape, F|\n|poke|p1|Starmie|\n|poke|p1|Magnezone|\n|poke|p1|Gliscor, F|\n|poke|p1|Tangrowth, F|\n|poke|p1|Weavile, F|\n|poke|p2|Breloom, M|\n|poke|p2|Latios, M|\n|poke|p2|Rotom-Wash|\n|poke|p2|Scizor, M|\n|poke|p2|Crawdaunt, M|\n|poke|p2|Gengar, M|\n|teampreview\n|inactive|Battle timer is ON: inactive players will automatically lose when time's up. (requested by Alu9204)\n|\n|t:|1640558467\n|start\n|switch|p1a: Tangrowth|Tangrowth, F|100\/100\n|switch|p2a: Latios|Latios, M|100\/100\n|turn|1\n|\n|t:|1640558475\n|move|p2a: Latios|Reflect|p2a: Latios\n|-sidestart|p2: Alu9204|Reflect\n|move|p1a: Tangrowth|Stun Spore|p2a: Latios\n|-status|p2a: Latios|par\n|\n|upkeep\n|turn|2\n|\n|t:|1640558482\n|switch|p1a: Gliscor|Gliscor, F|100\/100\n|move|p2a: Latios|Light Screen|p2a: Latios\n|-sidestart|p2: Alu9204|move: Light Screen\n|\n|-status|p1a: Gliscor|tox|[from] item: Toxic Orb\n|upkeep\n|turn|3\n|\n|t:|1640558491\n|switch|p2a: Crawdaunt|Crawdaunt, M|100\/100\n|move|p1a: Gliscor|Knock Off|p2a: Crawdaunt\n|-resisted|p2a: Crawdaunt\n|-damage|p2a: Crawdaunt|93\/100\n|-enditem|p2a: Crawdaunt|Life Orb|[from] move: Knock Off|[of] p1a: Gliscor\n|\n|upkeep\n|turn|4\n|\n|t:|1640558500\n|move|p2a: Crawdaunt|Swords Dance|p2a: Crawdaunt\n|-boost|p2a: Crawdaunt|atk|2\n|move|p1a: Gliscor|Stealth Rock|p2a: Crawdaunt\n|-sidestart|p2: Alu9204|move: Stealth Rock\n|\n|upkeep\n|turn|5\n|\n|t:|1640558506\n|move|p2a: Crawdaunt|Crabhammer|p1a: Gliscor\n|-supereffective|p1a: Gliscor\n|-damage|p1a: Gliscor|0 fnt\n|faint|p1a: Gliscor\n|\n|upkeep\n|\n|t:|1640558515\n|switch|p1a: Tangrowth|Tangrowth, F|100\/100\n|turn|6\n|\n|t:|1640558519\n|move|p2a: Crawdaunt|Knock Off|p1a: Tangrowth\n|-damage|p1a: Tangrowth|14\/100\n|-enditem|p1a: Tangrowth|Leftovers|[from] move: Knock Off|[of] p2a: Crawdaunt\n|move|p1a: Tangrowth|Leaf Storm|p2a: Crawdaunt\n|-supereffective|p2a: Crawdaunt\n|-damage|p2a: Crawdaunt|0 fnt\n|-unboost|p1a: Tangrowth|spa|2\n|faint|p2a: Crawdaunt\n|\n|upkeep\n|\n|t:|1640558534\n|switch|p2a: Gengar|Gengar, M|100\/100\n|-damage|p2a: Gengar|88\/100|[from] Stealth Rock\n|turn|7\n|\n|t:|1640558552\n|switch|p1a: Magnezone|Magnezone|100\/100\n|move|p2a: Gengar|Nasty Plot|p2a: Gengar\n|-boost|p2a: Gengar|spa|2\n|\n|upkeep\n|turn|8\n|\n|t:|1640558561\n|move|p2a: Gengar|Shadow Ball|p1a: Magnezone\n|-damage|p1a: Magnezone|0 fnt\n|faint|p1a: Magnezone\n|\n|-sideend|p2: Alu9204|Reflect\n|upkeep\n|\n|t:|1640558566\n|switch|p1a: Weavile|Weavile, F|100\/100\n|turn|9\n|\n|t:|1640558571\n|switch|p2a: Rotom|Rotom-Wash|100\/100\n|-damage|p2a: Rotom|88\/100|[from] Stealth Rock\n|move|p1a: Weavile|Throat Chop|p2a: Rotom\n|-crit|p2a: Rotom\n|-damage|p2a: Rotom|30\/100\n|-start|p2a: Rotom|Throat Chop|[silent]\n|\n|-heal|p2a: Rotom|37\/100|[from] item: Leftovers\n|-sideend|p2: Alu9204|move: Light Screen\n|upkeep\n|turn|10\n|\n|t:|1640558583\n|move|p1a: Weavile|Throat Chop|p2a: Rotom\n|-damage|p2a: Rotom|0 fnt\n|faint|p2a: Rotom\n|\n|upkeep\n|\n|t:|1640558586\n|switch|p2a: Scizor|Scizor, M|100\/100\n|-damage|p2a: Scizor|88\/100|[from] Stealth Rock\n|turn|11\n|\n|t:|1640558598\n|switch|p1a: Infernape|Infernape, F|100\/100\n|move|p2a: Scizor|Swords Dance|p2a: Scizor\n|-boost|p2a: Scizor|atk|2\n|\n|upkeep\n|turn|12\n|\n|t:|1640558603\n|move|p2a: Scizor|Quick Attack|p1a: Infernape\n|-damage|p1a: Infernape|4\/100\n|-damage|p2a: Scizor|78\/100|[from] item: Life Orb\n|move|p1a: Infernape|Fire Blast|p2a: Scizor\n|-supereffective|p2a: Scizor\n|-damage|p2a: Scizor|0 fnt\n|faint|p2a: Scizor\n|-damage|p1a: Infernape|0 fnt|[from] item: Life Orb\n|faint|p1a: Infernape\n|\n|upkeep\n|\n|t:|1640558615\n|switch|p1a: Tangrowth|Tangrowth, F|47\/100\n|switch|p2a: Latios|Latios, M|100\/100 par\n|-damage|p2a: Latios|88\/100 par|[from] Stealth Rock\n|turn|13\n|\n|t:|1640558622\n|switch|p1a: Weavile|Weavile, F|100\/100\n|move|p2a: Latios|Defog|p1a: Weavile\n|-unboost|p1a: Weavile|evasion|1\n|-sideend|p2: Alu9204|Stealth Rock|[from] move: Defog|[of] p2a: Latios\n|\n|upkeep\n|turn|14\n|\n|t:|1640558631\n|move|p1a: Weavile|Swords Dance|p1a: Weavile\n|-boost|p1a: Weavile|atk|2\n|move|p2a: Latios|Reflect|p2a: Latios\n|-sidestart|p2: Alu9204|Reflect\n|\n|upkeep\n|turn|15\n|\n|t:|1640558638\n|move|p1a: Weavile|Throat Chop|p2a: Latios\n|-supereffective|p2a: Latios\n|-damage|p2a: Latios|0 fnt\n|faint|p2a: Latios\n|\n|upkeep\n|\n|t:|1640558641\n|switch|p2a: Breloom|Breloom, M|100\/100\n|turn|16\n|\n|t:|1640558648\n|move|p2a: Breloom|Mach Punch|p1a: Weavile\n|-supereffective|p1a: Weavile\n|-enditem|p1a: Weavile|Focus Sash\n|-damage|p1a: Weavile|1\/100\n|-enditem|p2a: Breloom|Focus Sash|[silent]|[from] ability: Pickpocket|[of] p2a: Breloom\n|-item|p1a: Weavile|Focus Sash|[from] ability: Pickpocket|[of] p2a: Breloom\n|move|p1a: Weavile|Aerial Ace|p2a: Breloom\n|-supereffective|p2a: Breloom\n|-damage|p2a: Breloom|0 fnt\n|faint|p2a: Breloom\n|\n|upkeep\n|\n|t:|1640558670\n|switch|p2a: Gengar|Gengar, M|88\/100\n|turn|17\n|\n|t:|1640558673\n|move|p1a: Weavile|Throat Chop|p2a: Gengar\n|-supereffective|p2a: Gengar\n|-damage|p2a: Gengar|0 fnt\n|faint|p2a: Gengar\n|\n|win|KiteBalmungh\n|raw|KiteBalmungh's rating: 1211 &rarr; <strong>1243<\/strong><br \/>(+32 for winning)\n|raw|Alu9204's rating: 1308 &rarr; <strong>1283<\/strong><br \/>(-25 for losing)\n|l|\u2606Alu9204\n||Ladder isn't responding, score probably updated but might not have (Request timeout).\n","uploadtime":1640558679,"views":5,"p1id":"kitebalmungh","p2id":"alu9204","formatid":"gen8bdspou","rating":1243,"private":0,"password":null}