{"id":"gen8ou-1067511851","p1":"Walletinspector62","p2":"Moquettes","format":"gen8ou","log":"|j|\u2606Walletinspector62\n|j|\u2606Moquettes\n|player|p1|Walletinspector62|2|1378\n|player|p2|Moquettes|brycen|1408\n|teamsize|p1|6\n|teamsize|p2|6\n|gametype|singles\n|gen|8\n|tier|[Gen 8] OU\n|rated|\n|clearpoke\n|poke|p1|Torkoal, M|\n|poke|p1|Cinderace, M|\n|poke|p1|Dugtrio, M|\n|poke|p1|Mandibuzz, F|\n|poke|p1|Venusaur, M|\n|poke|p1|Darmanitan, F|\n|poke|p2|Zeraora|\n|poke|p2|Primarina, F|\n|poke|p2|Necrozma|\n|poke|p2|Darmanitan, F|\n|poke|p2|Diggersby, F|\n|poke|p2|Dragapult, M|\n|rule|Sleep Clause Mod: Limit one foe put to sleep\n|rule|Species Clause: Limit one of each Pok\u00e9mon\n|rule|OHKO Clause: OHKO moves are banned\n|rule|Evasion Moves Clause: Evasion moves are banned\n|rule|Endless Battle Clause: Forcing endless battles is banned\n|rule|HP Percentage Mod: HP is shown in percentages\n|rule|Dynamax Clause: You cannot dynamax\n|teampreview\n|\n|start\n|switch|p1a: Torkoal|Torkoal, M|100\/100\n|switch|p2a: Diggersby|Diggersby, F|100\/100\n|-weather|SunnyDay|[from] ability: Drought|[of] p1a: Torkoal\n|turn|1\n|\n|switch|p1a: Mandibuzz|Mandibuzz, F|100\/100\n|move|p2a: Diggersby|Earthquake|p1a: Mandibuzz\n|-immune|p1a: Mandibuzz\n|\n|-weather|SunnyDay|[upkeep]\n|upkeep\n|turn|2\n|\n|switch|p2a: Primarina|Primarina, F|100\/100\n|move|p1a: Mandibuzz|Foul Play|p2a: Primarina\n|-resisted|p2a: Primarina\n|-damage|p2a: Primarina|89\/100\n|\n|-weather|SunnyDay|[upkeep]\n|upkeep\n|turn|3\n|\n|switch|p1a: Venusaur|Venusaur, M, shiny|100\/100\n|move|p2a: Primarina|Psychic|p1a: Venusaur\n|-supereffective|p1a: Venusaur\n|-damage|p1a: Venusaur|0 fnt\n|faint|p1a: Venusaur\n|\n|-weather|SunnyDay|[upkeep]\n|upkeep\n|\n|switch|p1a: Dugtrio|Dugtrio, M, shiny|100\/100\n|turn|4\n|c|\u2606Moquettes|outplayed so hard there\n|\n|move|p1a: Dugtrio|Earthquake|p2a: Primarina\n|-damage|p2a: Primarina|15\/100\n|move|p2a: Primarina|Psychic|p1a: Dugtrio\n|-crit|p1a: Dugtrio\n|-damage|p1a: Dugtrio|0 fnt\n|faint|p1a: Dugtrio\n|\n|-weather|SunnyDay|[upkeep]\n|upkeep\n|\n|switch|p1a: Cinderace|Cinderace, M|100\/100\n|turn|5\n|\n|switch|p2a: Dragapult|Dragapult, M|100\/100\n|move|p1a: Cinderace|Pyro Ball|p2a: Dragapult\n|-resisted|p2a: Dragapult\n|-damage|p2a: Dragapult|21\/100\n|-status|p2a: Dragapult|brn\n|\n|-weather|SunnyDay|[upkeep]\n|-heal|p2a: Dragapult|27\/100 brn|[from] item: Leftovers\n|-damage|p2a: Dragapult|21\/100 brn|[from] brn\n|upkeep\n|turn|6\n|\n|switch|p1a: Mandibuzz|Mandibuzz, F|100\/100\n|move|p2a: Dragapult|Dragon Darts|p1a: Mandibuzz\n|-damage|p1a: Mandibuzz|95\/100\n|-anim|p2a: Dragapult|Dragon Darts|p1a: Mandibuzz\n|-damage|p1a: Mandibuzz|89\/100\n|\n|-weather|SunnyDay|[upkeep]\n|-heal|p2a: Dragapult|27\/100 brn|[from] item: Leftovers\n|-damage|p2a: Dragapult|21\/100 brn|[from] brn\n|upkeep\n|turn|7\n|\n|move|p2a: Dragapult|Dragon Darts|p1a: Mandibuzz\n|-damage|p1a: Mandibuzz|83\/100\n|-anim|p2a: Dragapult|Dragon Darts|p1a: Mandibuzz\n|-damage|p1a: Mandibuzz|77\/100\n|move|p1a: Mandibuzz|U-turn|p2a: Dragapult\n|-resisted|p2a: Dragapult\n|-damage|p2a: Dragapult|14\/100 brn\n|\n|switch|p1a: Darmanitan|Darmanitan, F|100\/100|[from]move: U-turn\n|\n|-weather|SunnyDay|[upkeep]\n|-heal|p2a: Dragapult|20\/100 brn|[from] item: Leftovers\n|-damage|p2a: Dragapult|14\/100 brn|[from] brn\n|upkeep\n|turn|8\n|\n|move|p1a: Darmanitan|Flare Blitz|p2a: Dragapult\n|-resisted|p2a: Dragapult\n|-damage|p2a: Dragapult|0 fnt\n|-damage|p1a: Darmanitan|96\/100|[from] Recoil\n|faint|p2a: Dragapult\n|\n|-weather|none\n|upkeep\n|\n|switch|p2a: Necrozma|Necrozma|100\/100\n|turn|9\n|\n|move|p1a: Darmanitan|Flare Blitz|p2a: Necrozma\n|-damage|p2a: Necrozma|33\/100\n|-damage|p1a: Darmanitan|71\/100|[from] Recoil\n|move|p2a: Necrozma|Iron Defense|p2a: Necrozma\n|-boost|p2a: Necrozma|def|2\n|\n|-heal|p2a: Necrozma|39\/100|[from] item: Leftovers\n|upkeep\n|turn|10\n|\n|move|p1a: Darmanitan|Flare Blitz|p2a: Necrozma\n|-damage|p2a: Necrozma|5\/100\n|-damage|p1a: Darmanitan|57\/100|[from] Recoil\n|move|p2a: Necrozma|Morning Sun|p2a: Necrozma\n|-heal|p2a: Necrozma|55\/100\n|\n|-heal|p2a: Necrozma|61\/100|[from] item: Leftovers\n|upkeep\n|turn|11\n|\n|switch|p1a: Torkoal|Torkoal, M|100\/100\n|-weather|SunnyDay|[from] ability: Drought|[of] p1a: Torkoal\n|move|p2a: Necrozma|Morning Sun|p2a: Necrozma\n|-heal|p2a: Necrozma|100\/100\n|\n|-weather|SunnyDay|[upkeep]\n|upkeep\n|turn|12\n|\n|move|p2a: Necrozma|Calm Mind|p2a: Necrozma\n|-boost|p2a: Necrozma|spa|1\n|-boost|p2a: Necrozma|spd|1\n|move|p1a: Torkoal|Lava Plume|p2a: Necrozma\n|-damage|p2a: Necrozma|66\/100\n|-status|p2a: Necrozma|brn\n|\n|-weather|SunnyDay|[upkeep]\n|-heal|p2a: Necrozma|72\/100 brn|[from] item: Leftovers\n|-damage|p2a: Necrozma|66\/100 brn|[from] brn\n|upkeep\n|turn|13\n|\n|move|p2a: Necrozma|Calm Mind|p2a: Necrozma\n|-boost|p2a: Necrozma|spa|1\n|-boost|p2a: Necrozma|spd|1\n|move|p1a: Torkoal|Lava Plume|p2a: Necrozma\n|-damage|p2a: Necrozma|41\/100 brn\n|\n|-weather|SunnyDay|[upkeep]\n|-heal|p2a: Necrozma|47\/100 brn|[from] item: Leftovers\n|-damage|p2a: Necrozma|41\/100 brn|[from] brn\n|upkeep\n|turn|14\n|\n|switch|p1a: Cinderace|Cinderace, M|100\/100\n|move|p2a: Necrozma|Morning Sun|p2a: Necrozma\n|-heal|p2a: Necrozma|100\/100 brn\n|\n|-weather|SunnyDay|[upkeep]\n|-damage|p2a: Necrozma|94\/100 brn|[from] brn\n|upkeep\n|turn|15\n|\n|move|p1a: Cinderace|Pyro Ball|p2a: Necrozma\n|-damage|p2a: Necrozma|42\/100 brn\n|move|p2a: Necrozma|Stored Power|p1a: Cinderace\n|-damage|p1a: Cinderace|0 fnt\n|faint|p1a: Cinderace\n|\n|-weather|SunnyDay|[upkeep]\n|-heal|p2a: Necrozma|48\/100 brn|[from] item: Leftovers\n|-damage|p2a: Necrozma|42\/100 brn|[from] brn\n|upkeep\n|\n|switch|p1a: Darmanitan|Darmanitan, F|57\/100\n|turn|16\n|\n|move|p1a: Darmanitan|Flare Blitz|p2a: Necrozma\n|-damage|p2a: Necrozma|0 fnt\n|-damage|p1a: Darmanitan|42\/100|[from] Recoil\n|faint|p2a: Necrozma\n|\n|-weather|SunnyDay|[upkeep]\n|upkeep\n|\n|switch|p2a: Zeraora|Zeraora|100\/100\n|turn|17\n|\n|switch|p1a: Torkoal|Torkoal, M|100\/100\n|move|p2a: Zeraora|Plasma Fists|p1a: Torkoal\n|-damage|p1a: Torkoal|68\/100\n|-fieldactivate|move: Ion Deluge\n|\n|-weather|SunnyDay|[upkeep]\n|upkeep\n|turn|18\n|\n|move|p2a: Zeraora|Plasma Fists|p1a: Torkoal\n|-damage|p1a: Torkoal|27\/100\n|-fieldactivate|move: Ion Deluge\n|move|p1a: Torkoal|Lava Plume|p2a: Zeraora\n|-damage|p2a: Zeraora|37\/100\n|\n|-weather|none\n|upkeep\n|turn|19\n|\n|move|p2a: Zeraora|Plasma Fists|p1a: Torkoal\n|-damage|p1a: Torkoal|0 fnt\n|-fieldactivate|move: Ion Deluge\n|faint|p1a: Torkoal\n|\n|upkeep\n|\n|switch|p1a: Darmanitan|Darmanitan, F|42\/100\n|turn|20\n|\n|move|p1a: Darmanitan|Flare Blitz|p2a: Zeraora\n|-damage|p2a: Zeraora|0 fnt\n|-damage|p1a: Darmanitan|31\/100|[from] Recoil\n|faint|p2a: Zeraora\n|\n|upkeep\n|\n|switch|p2a: Diggersby|Diggersby, F|100\/100\n|turn|21\n|\n|switch|p1a: Mandibuzz|Mandibuzz, F|77\/100\n|move|p2a: Diggersby|Quick Attack|p1a: Mandibuzz\n|-damage|p1a: Mandibuzz|53\/100\n|-damage|p2a: Diggersby|84\/100|[from] item: Rocky Helmet|[of] p1a: Mandibuzz\n|\n|upkeep\n|turn|22\n|\n|switch|p2a: Primarina|Primarina, F|15\/100\n|move|p1a: Mandibuzz|Roost|p1a: Mandibuzz\n|-heal|p1a: Mandibuzz|100\/100\n|-singleturn|p1a: Mandibuzz|move: Roost\n|\n|upkeep\n|turn|23\n|\n|move|p1a: Mandibuzz|Foul Play|p2a: Primarina\n|-resisted|p2a: Primarina\n|-damage|p2a: Primarina|2\/100\n|move|p2a: Primarina|Moonblast|p1a: Mandibuzz\n|-supereffective|p1a: Mandibuzz\n|-damage|p1a: Mandibuzz|0 fnt\n|faint|p1a: Mandibuzz\n|\n|upkeep\n|\n|switch|p1a: Darmanitan|Darmanitan, F|31\/100\n|turn|24\n|\n|move|p1a: Darmanitan|Flare Blitz|p2a: Primarina\n|-resisted|p2a: Primarina\n|-damage|p2a: Primarina|0 fnt\n|-damage|p1a: Darmanitan|30\/100|[from] Recoil\n|faint|p2a: Primarina\n|\n|upkeep\n|\n|switch|p2a: Diggersby|Diggersby, F|84\/100\n|turn|25\n|\n|move|p2a: Diggersby|Quick Attack|p1a: Darmanitan\n|-damage|p1a: Darmanitan|0 fnt\n|faint|p1a: Darmanitan\n|\n|win|Moquettes\n|l|\u2606Walletinspector62\n|raw|Walletinspector62's rating: 1355 &rarr; <strong>1338<\/strong><br \/>(-17 for losing)\n|raw|Moquettes's rating: 1409 &rarr; <strong>1426<\/strong><br \/>(+17 for winning)\n","uploadtime":1582393606,"views":6,"p1id":"walletinspector62","p2id":"moquettes","formatid":"gen8ou","rating":1338,"private":0,"password":null}