{"id":"gen8ou-1673059603","p1":"AFlockofRockruff","p2":"machugen","format":"gen8ou","log":"|j|\u2606AFlockofRockruff\n|j|\u2606machugen\n|t:|1664425994\n|gametype|singles\n|player|p1|AFlockofRockruff|pokemonbreederf-gen4|1580\n|player|p2|machugen|elesa|1739\n|teamsize|p1|6\n|teamsize|p2|6\n|gen|8\n|tier|[Gen 8] OU\n|rated|\n|rule|Sleep Clause Mod: Limit one foe put to sleep\n|rule|Species Clause: Limit one of each Pok\u00e9mon\n|rule|OHKO Clause: OHKO moves are banned\n|rule|Evasion Items Clause: Evasion items are banned\n|rule|Evasion Moves Clause: Evasion moves are banned\n|rule|Endless Battle Clause: Forcing endless battles is banned\n|rule|HP Percentage Mod: HP is shown in percentages\n|rule|Dynamax Clause: You cannot dynamax\n|clearpoke\n|poke|p1|Kartana|\n|poke|p1|Excadrill, M|\n|poke|p1|Slowbro, M|\n|poke|p1|Dragonite, M|\n|poke|p1|Polteageist|\n|poke|p1|Tapu Lele|\n|poke|p2|Tyranitar, M|\n|poke|p2|Excadrill, F|\n|poke|p2|Urshifu-*, M|\n|poke|p2|Tapu Lele|\n|poke|p2|Zapdos|\n|poke|p2|Ferrothorn, M|\n|teampreview\n|inactive|Battle timer is ON: inactive players will automatically lose when time's up. (requested by AFlockofRockruff)\n|\n|t:|1664426003\n|start\n|switch|p1a: Excadrill|Excadrill, M|100\/100\n|switch|p2a: Urshifu|Urshifu-Rapid-Strike, M|100\/100\n|-ability|p1a: Excadrill|Mold Breaker\n|turn|1\n|\n|t:|1664426012\n|switch|p1a: Slowbro|Slowbro, M|100\/100\n|move|p2a: Urshifu|Surging Strikes|p1a: Slowbro\n|-resisted|p1a: Slowbro\n|-crit|p1a: Slowbro\n|-damage|p1a: Slowbro|94\/100\n|-resisted|p1a: Slowbro\n|-crit|p1a: Slowbro\n|-damage|p1a: Slowbro|88\/100\n|-resisted|p1a: Slowbro\n|-crit|p1a: Slowbro\n|-damage|p1a: Slowbro|83\/100\n|-hitcount|p1a: Slowbro|3\n|\n|upkeep\n|turn|2\n|\n|t:|1664426021\n|move|p2a: Urshifu|Taunt|p1a: Slowbro\n|-start|p1a: Slowbro|move: Taunt\n|cant|p1a: Slowbro|move: Taunt|Teleport\n|\n|upkeep\n|turn|3\n|\n|t:|1664426024\n|move|p2a: Urshifu|U-turn|p1a: Slowbro\n|-supereffective|p1a: Slowbro\n|-damage|p1a: Slowbro|53\/100\n|\n|t:|1664426026\n|switch|p2a: Zapdos|Zapdos|100\/100|[from]move: U-turn\n|move|p1a: Slowbro|Future Sight|p2a: Zapdos\n|-start|p1a: Slowbro|move: Future Sight\n|\n|upkeep\n|turn|4\n|\n|t:|1664426031\n|switch|p1a: Excadrill|Excadrill, M|100\/100\n|-ability|p1a: Excadrill|Mold Breaker\n|move|p2a: Zapdos|Heat Wave|p1a: Excadrill\n|-supereffective|p1a: Excadrill\n|-damage|p1a: Excadrill|30\/100\n|\n|upkeep\n|turn|5\n|\n|t:|1664426054\n|switch|p2a: Ferrothorn|Ferrothorn, M|100\/100\n|move|p1a: Excadrill|Stealth Rock|p2a: Ferrothorn\n|-sidestart|p2: machugen|move: Stealth Rock\n|\n|-end|p2a: Ferrothorn|move: Future Sight\n|-resisted|p2a: Ferrothorn\n|-damage|p2a: Ferrothorn|86\/100\n|-heal|p2a: Ferrothorn|92\/100|[from] item: Leftovers\n|upkeep\n|turn|6\n|\n|t:|1664426060\n|switch|p1a: Slowbro|Slowbro, M|86\/100\n|move|p2a: Ferrothorn|Stealth Rock|p1a: Slowbro\n|-sidestart|p1: AFlockofRockruff|move: Stealth Rock\n|\n|-heal|p2a: Ferrothorn|98\/100|[from] item: Leftovers\n|upkeep\n|turn|7\n|\n|t:|1664426071\n|move|p2a: Ferrothorn|Knock Off|p1a: Slowbro\n|-supereffective|p1a: Slowbro\n|-damage|p1a: Slowbro|69\/100\n|move|p1a: Slowbro|Future Sight|p2a: Ferrothorn\n|-start|p1a: Slowbro|move: Future Sight\n|\n|-heal|p2a: Ferrothorn|100\/100|[from] item: Leftovers\n|upkeep\n|turn|8\n|\n|t:|1664426084\n|move|p2a: Ferrothorn|Knock Off|p1a: Slowbro\n|-supereffective|p1a: Slowbro\n|-crit|p1a: Slowbro\n|-damage|p1a: Slowbro|45\/100\n|move|p1a: Slowbro|Flamethrower|p2a: Ferrothorn\n|-supereffective|p2a: Ferrothorn\n|-damage|p2a: Ferrothorn|41\/100\n|\n|-heal|p2a: Ferrothorn|47\/100|[from] item: Leftovers\n|upkeep\n|turn|9\n|\n|t:|1664426091\n|move|p2a: Ferrothorn|Leech Seed|p1a: Slowbro\n|-start|p1a: Slowbro|move: Leech Seed\n|move|p1a: Slowbro|Teleport|p1a: Slowbro\n|\n|t:|1664426100\n|switch|p1a: Tapu Lele|Tapu Lele|100\/100|[from]move: Teleport\n|-damage|p1a: Tapu Lele|88\/100|[from] Stealth Rock\n|-fieldstart|move: Psychic Terrain|[from] ability: Psychic Surge|[of] p1a: Tapu Lele\n|\n|-end|p2a: Ferrothorn|move: Future Sight\n|-resisted|p2a: Ferrothorn\n|-damage|p2a: Ferrothorn|27\/100\n|-heal|p2a: Ferrothorn|33\/100|[from] item: Leftovers\n|upkeep\n|turn|10\n|\n|t:|1664426109\n|move|p1a: Tapu Lele|Focus Blast|p2a: Ferrothorn\n|-supereffective|p2a: Ferrothorn\n|-damage|p2a: Ferrothorn|0 fnt\n|faint|p2a: Ferrothorn\n|\n|upkeep\n|\n|t:|1664426125\n|switch|p2a: Urshifu|Urshifu-Rapid-Strike, M|100\/100\n|-damage|p2a: Urshifu|94\/100|[from] Stealth Rock\n|turn|11\n|\n|t:|1664426132\n|move|p2a: Urshifu|U-turn|p1a: Tapu Lele\n|-damage|p1a: Tapu Lele|48\/100\n|\n|t:|1664426134\n|switch|p2a: Zapdos|Zapdos|100\/100|[from]move: U-turn\n|move|p1a: Tapu Lele|Psyshock|p2a: Zapdos\n|-damage|p2a: Zapdos|60\/100\n|\n|upkeep\n|turn|12\n|\n|t:|1664426146\n|move|p1a: Tapu Lele|Psyshock|p2a: Zapdos\n|-damage|p2a: Zapdos|15\/100\n|move|p2a: Zapdos|Roost|p2a: Zapdos\n|-heal|p2a: Zapdos|65\/100\n|-singleturn|p2a: Zapdos|move: Roost\n|\n|upkeep\n|turn|13\n|\n|t:|1664426156\n|switch|p2a: Tapu Lele|Tapu Lele|100\/100\n|-damage|p2a: Tapu Lele|88\/100|[from] Stealth Rock\n|move|p1a: Tapu Lele|Moonblast|p2a: Tapu Lele\n|-damage|p2a: Tapu Lele|34\/100\n|\n|upkeep\n|turn|14\n|\n|t:|1664426160\n|move|p2a: Tapu Lele|Moonblast|p1a: Tapu Lele\n|-damage|p1a: Tapu Lele|0 fnt\n|faint|p1a: Tapu Lele\n|\n|upkeep\n|\n|t:|1664426169\n|switch|p1a: Kartana|Kartana|100\/100\n|-damage|p1a: Kartana|94\/100|[from] Stealth Rock\n|turn|15\n|\n|t:|1664426174\n|switch|p2a: Zapdos|Zapdos|65\/100\n|move|p1a: Kartana|Leaf Blade|p2a: Zapdos\n|-resisted|p2a: Zapdos\n|-damage|p2a: Zapdos|41\/100\n|\n|upkeep\n|turn|16\n|\n|t:|1664426186\n|switch|p1a: Excadrill|Excadrill, M|30\/100\n|-damage|p1a: Excadrill|27\/100|[from] Stealth Rock\n|-ability|p1a: Excadrill|Mold Breaker\n|move|p2a: Zapdos|Roost|p2a: Zapdos\n|-heal|p2a: Zapdos|92\/100\n|-singleturn|p2a: Zapdos|move: Roost\n|\n|-fieldend|move: Psychic Terrain\n|upkeep\n|turn|17\n|\n|t:|1664426189\n|move|p1a: Excadrill|Rapid Spin|p2a: Zapdos\n|-damage|p2a: Zapdos|78\/100\n|-boost|p1a: Excadrill|spe|1\n|-sideend|p1: AFlockofRockruff|Stealth Rock|[from] move: Rapid Spin|[of] p1a: Excadrill\n|move|p2a: Zapdos|Heat Wave|p1a: Excadrill\n|-supereffective|p1a: Excadrill\n|-damage|p1a: Excadrill|0 fnt\n|faint|p1a: Excadrill\n|\n|upkeep\n|\n|t:|1664426201\n|switch|p1a: Dragonite|Dragonite, M|100\/100\n|turn|18\n|\n|t:|1664426205\n|move|p1a: Dragonite|Dragon Dance|p1a: Dragonite\n|-boost|p1a: Dragonite|atk|1\n|-boost|p1a: Dragonite|spe|1\n|move|p2a: Zapdos|Volt Switch|p1a: Dragonite\n|-damage|p1a: Dragonite|86\/100\n|\n|t:|1664426207\n|switch|p2a: Tapu Lele|Tapu Lele|34\/100|[from]move: Volt Switch\n|-damage|p2a: Tapu Lele|21\/100|[from] Stealth Rock\n|-fieldstart|move: Psychic Terrain|[from] ability: Psychic Surge|[of] p2a: Tapu Lele\n|\n|upkeep\n|turn|19\n|\n|t:|1664426215\n|move|p2a: Tapu Lele|Moonblast|p1a: Dragonite\n|-supereffective|p1a: Dragonite\n|-damage|p1a: Dragonite|0 fnt\n|faint|p1a: Dragonite\n|\n|upkeep\n|\n|t:|1664426228\n|switch|p1a: Kartana|Kartana|94\/100\n|turn|20\n|\n|t:|1664426248\n|switch|p2a: Zapdos|Zapdos|78\/100\n|move|p1a: Kartana|Knock Off|p2a: Zapdos\n|-damage|p2a: Zapdos|45\/100\n|-enditem|p2a: Zapdos|Heavy-Duty Boots|[from] move: Knock Off|[of] p1a: Kartana\n|\n|upkeep\n|turn|21\n|\n|t:|1664426259\n|switch|p1a: Polteageist|Polteageist|100\/100\n|move|p2a: Zapdos|Roost|p2a: Zapdos\n|-heal|p2a: Zapdos|95\/100\n|-singleturn|p2a: Zapdos|move: Roost\n|\n|upkeep\n|turn|22\n|\n|t:|1664426262\n|move|p2a: Zapdos|Volt Switch|p1a: Polteageist\n|-damage|p1a: Polteageist|67\/100\n|\n|t:|1664426264\n|switch|p2a: Tyranitar|Tyranitar, M|100\/100|[from]move: Volt Switch\n|-damage|p2a: Tyranitar|88\/100|[from] Stealth Rock\n|-weather|Sandstorm|[from] ability: Sand Stream|[of] p2a: Tyranitar\n|move|p1a: Polteageist|Shell Smash|p1a: Polteageist\n|-unboost|p1a: Polteageist|def|1\n|-unboost|p1a: Polteageist|spd|1\n|-boost|p1a: Polteageist|atk|2\n|-boost|p1a: Polteageist|spa|2\n|-boost|p1a: Polteageist|spe|2\n|\n|-weather|Sandstorm|[upkeep]\n|-damage|p1a: Polteageist|61\/100|[from] Sandstorm\n|-fieldend|move: Psychic Terrain\n|upkeep\n|turn|23\n|\n|t:|1664426269\n|move|p1a: Polteageist|Giga Drain|p2a: Tyranitar\n|-supereffective|p2a: Tyranitar\n|-damage|p2a: Tyranitar|14\/100\n|-heal|p1a: Polteageist|100\/100|[from] drain|[of] p2a: Tyranitar\n|move|p2a: Tyranitar|Crunch|p1a: Polteageist\n|-supereffective|p1a: Polteageist\n|-enditem|p1a: Polteageist|Focus Sash\n|-damage|p1a: Polteageist|1\/100\n|-ability|p1a: Polteageist|Weak Armor|boost\n|-unboost|p1a: Polteageist|def|1\n|-boost|p1a: Polteageist|spe|2\n|\n|-weather|Sandstorm|[upkeep]\n|-damage|p1a: Polteageist|0 fnt|[from] Sandstorm\n|faint|p1a: Polteageist\n|upkeep\n|\n|t:|1664426275\n|switch|p1a: Kartana|Kartana|94\/100\n|turn|24\n|\n|t:|1664426287\n|switch|p2a: Urshifu|Urshifu-Rapid-Strike, M|94\/100\n|-damage|p2a: Urshifu|88\/100|[from] Stealth Rock\n|move|p1a: Kartana|Leaf Blade|p2a: Urshifu\n|-supereffective|p2a: Urshifu\n|-damage|p2a: Urshifu|0 fnt\n|faint|p2a: Urshifu\n|-ability|p1a: Kartana|Beast Boost|boost\n|-boost|p1a: Kartana|atk|1\n|\n|-weather|Sandstorm|[upkeep]\n|upkeep\n|\n|t:|1664426291\n|switch|p2a: Zapdos|Zapdos|95\/100\n|-damage|p2a: Zapdos|70\/100|[from] Stealth Rock\n|turn|25\n|c|\u2606AFlockofRockruff|gg unless you miss somehow\n|\n|t:|1664426299\n|move|p1a: Kartana|Leaf Blade|p2a: Zapdos\n|-resisted|p2a: Zapdos\n|-damage|p2a: Zapdos|32\/100\n|move|p2a: Zapdos|Volt Switch|p1a: Kartana\n|-resisted|p1a: Kartana\n|-damage|p1a: Kartana|40\/100\n|\n|t:|1664426302\n|switch|p2a: Excadrill|Excadrill, F|100\/100|[from]move: Volt Switch\n|-damage|p2a: Excadrill|97\/100|[from] Stealth Rock\n|\n|-weather|Sandstorm|[upkeep]\n|upkeep\n|turn|26\n|c|\u2606AFlockofRockruff|Or sand rush\n|c|\u2606AFlockofRockruff|fair enough\n|c|\u2606machugen|ya\n|\n|t:|1664426315\n|switch|p1a: Slowbro|Slowbro, M|79\/100\n|move|p2a: Excadrill|Earthquake|p1a: Slowbro\n|-damage|p1a: Slowbro|24\/100\n|\n|-weather|none\n|upkeep\n|turn|27\n|\n|t:|1664426321\n|move|p2a: Excadrill|Earthquake|p1a: Slowbro\n|-damage|p1a: Slowbro|0 fnt\n|faint|p1a: Slowbro\n|\n|upkeep\n|\n|t:|1664426326\n|switch|p1a: Kartana|Kartana|40\/100\n|turn|28\n|\n|t:|1664426334\n|switch|p2a: Tyranitar|Tyranitar, M|14\/100\n|-damage|p2a: Tyranitar|1\/100|[from] Stealth Rock\n|-weather|Sandstorm|[from] ability: Sand Stream|[of] p2a: Tyranitar\n|move|p1a: Kartana|Leaf Blade|p2a: Tyranitar\n|-supereffective|p2a: Tyranitar\n|-damage|p2a: Tyranitar|0 fnt\n|faint|p2a: Tyranitar\n|-ability|p1a: Kartana|Beast Boost|boost\n|-boost|p1a: Kartana|atk|1\n|\n|-weather|Sandstorm|[upkeep]\n|upkeep\n|\n|t:|1664426337\n|switch|p2a: Excadrill|Excadrill, F|97\/100\n|-damage|p2a: Excadrill|94\/100|[from] Stealth Rock\n|turn|29\n|\n|t:|1664426339\n|move|p2a: Excadrill|Earthquake|p1a: Kartana\n|-damage|p1a: Kartana|0 fnt\n|faint|p1a: Kartana\n|\n|win|machugen\n|raw|AFlockofRockruff's rating: 1580 &rarr; <strong>1569<\/strong><br \/>(-11 for losing)\n|raw|machugen's rating: 1739 &rarr; <strong>1750<\/strong><br \/>(+11 for winning)\n|c|\u2606machugen|gg\n|l|\u2606AFlockofRockruff\n","uploadtime":1664426344,"views":14,"p1id":"aflockofrockruff","p2id":"machugen","formatid":"gen8ou","rating":1569,"private":0,"password":null}