{"id":"gen8ou-1230140898","p1":"relic stone","p2":"ez","format":"gen8ou","log":"|j|\u2606relic stone\n|j|\u2606ez\n|t:|1606184593\n|player|p1|relic stone|swimmer-gen4dp|\n|player|p2|ez|ethan|\n|teamsize|p1|6\n|teamsize|p2|6\n|gametype|singles\n|gen|8\n|tier|[Gen 8] OU\n|clearpoke\n|poke|p1|Pheromosa|\n|poke|p1|Cinderace, M|\n|poke|p1|Tapu Fini|\n|poke|p1|Landorus-Therian, M|\n|poke|p1|Bisharp, M|\n|poke|p1|Kartana|\n|poke|p2|Spectrier|\n|poke|p2|Glastrier|\n|poke|p2|Rapidash-Galar, F|\n|poke|p2|Mudsdale, M|\n|poke|p2|Keldeo|\n|poke|p2|Cobalion|\n|rule|Sleep Clause Mod: Limit one foe put to sleep\n|rule|Species Clause: Limit one of each Pok\u00e9mon\n|rule|OHKO Clause: OHKO moves are banned\n|rule|Evasion Moves Clause: Evasion moves are banned\n|rule|Endless Battle Clause: Forcing endless battles is banned\n|rule|HP Percentage Mod: HP is shown in percentages\n|rule|Dynamax Clause: You cannot dynamax\n|teampreview\n|j|+thankyou\n|j| samqian\n|j| russiadog\n|j| rival b\n|j|+ninjadog\n|j| EG Jhonx\n|j| 100percentpureheat\n|c|\u2606ez|HF GL\n|c|\u2606relic stone|HF\n|c| 100percentpureheat|LMFAO\n|\n|t:|1606184657\n|start\n|switch|p1a: Enten|Landorus-Therian, M, shiny|100\/100\n|switch|p2a: Cobalion|Cobalion|100\/100\n|-ability|p1a: Enten|Intimidate|boost\n|-unboost|p2a: Cobalion|atk|1\n|turn|1\n|c| 100percentpureheat|ez has won\n|\n|t:|1606184661\n|switch|p2a: Mudsdale|Mudsdale, M|100\/100\n|move|p1a: Enten|Earthquake|p2a: Mudsdale\n|-damage|p2a: Mudsdale|64\/100\n|-ability|p2a: Mudsdale|Stamina|boost\n|-boost|p2a: Mudsdale|def|1\n|\n|-heal|p2a: Mudsdale|70\/100|[from] item: Leftovers\n|upkeep\n|turn|2\n|c| 100percentpureheat|the psychological battle\n|\n|t:|1606184675\n|move|p1a: Enten|Stealth Rock|p2a: Mudsdale\n|-sidestart|p2: ez|move: Stealth Rock\n|move|p2a: Mudsdale|Stealth Rock|p1a: Enten\n|-sidestart|p1: relic stone|move: Stealth Rock\n|\n|-heal|p2a: Mudsdale|76\/100|[from] item: Leftovers\n|upkeep\n|turn|3\n|c| EG Jhonx|why u bringing\n|c| EG Jhonx|my little pony\n|\n|t:|1606184690\n|move|p1a: Enten|Swords Dance|p1a: Enten\n|-boost|p1a: Enten|atk|2\n|move|p2a: Mudsdale|High Horsepower|p1a: Enten\n|-immune|p1a: Enten\n|\n|-heal|p2a: Mudsdale|83\/100|[from] item: Leftovers\n|upkeep\n|turn|4\n|c|\u2606ez|SHIT\n|\n|t:|1606184696\n|move|p1a: Enten|Earthquake|p2a: Mudsdale\n|-damage|p2a: Mudsdale|32\/100\n|-ability|p2a: Mudsdale|Stamina|boost\n|-boost|p2a: Mudsdale|def|1\n|move|p2a: Mudsdale|Counter|p1a: Enten\n|-enditem|p1a: Enten|Focus Sash\n|-damage|p1a: Enten|1\/100\n|\n|-heal|p2a: Mudsdale|38\/100|[from] item: Leftovers\n|upkeep\n|turn|5\n|j| forsendi\n|\n|t:|1606184712\n|move|p1a: Enten|Earthquake|p2a: Mudsdale\n|-damage|p2a: Mudsdale|0 fnt\n|faint|p2a: Mudsdale\n|\n|upkeep\n|j| victorperezrio\n|j| cleann\n|\n|t:|1606184729\n|switch|p2a: Spectrier|Spectrier|100\/100\n|-damage|p2a: Spectrier|88\/100|[from] Stealth Rock\n|turn|6\n|\n|t:|1606184738\n|switch|p1a: Bishop|Bisharp, M, shiny|100\/100\n|-damage|p1a: Bishop|94\/100|[from] Stealth Rock\n|move|p2a: Spectrier|Shadow Ball|p1a: Bishop\n|-resisted|p1a: Bishop\n|-damage|p1a: Bishop|35\/100\n|\n|upkeep\n|turn|7\n|l| forsendi\n|\n|t:|1606184755\n|switch|p2a: Cobalion|Cobalion|100\/100\n|-damage|p2a: Cobalion|97\/100|[from] Stealth Rock\n|move|p1a: Bishop|Sucker Punch||[still]\n|-fail|p1a: Bishop\n|\n|-heal|p2a: Cobalion|100\/100|[from] item: Leftovers\n|upkeep\n|turn|8\n|\n|t:|1606184767\n|switch|p1a: Enten|Landorus-Therian, M, shiny|1\/100\n|-damage|p1a: Enten|0 fnt|[from] Stealth Rock\n|faint|p1a: Enten\n|move|p2a: Cobalion|Close Combat|p1: Enten|[notarget]\n|-fail|p2a: Cobalion\n|\n|upkeep\n|\n|t:|1606184771\n|switch|p1a: LIBERACY|Cinderace, M|100\/100\n|-damage|p1a: LIBERACY|76\/100|[from] Stealth Rock\n|turn|9\n|\n|t:|1606184809\n|switch|p2a: Glastrier|Glastrier|100\/100\n|-damage|p2a: Glastrier|75\/100|[from] Stealth Rock\n|move|p1a: LIBERACY|Pyro Ball|p2a: Glastrier\n|-supereffective|p2a: Glastrier\n|-damage|p2a: Glastrier|0 fnt\n|-damage|p1a: LIBERACY|66\/100|[from] item: Life Orb\n|faint|p2a: Glastrier\n|\n|upkeep\n|c|\u2606ez|yo be honest\n|c|\u2606ez|u got sucker?\n|c|\u2606relic stone|uh\n|c|\u2606relic stone|idk\n|c| cleann|hover over the mon\n|c|+thankyou|u can see ur moves\n|c|\u2606relic stone|i see lilberacy\n|c|\u2606relic stone|aka cinderace\n|c|\u2606relic stone|and only pyroball revealed\n|c|+thankyou|if u put ur mouse over it\n|c| victorperezrio|just do !showset 2\n|\n|t:|1606184869\n|switch|p2a: Spectrier|Spectrier|88\/100\n|-damage|p2a: Spectrier|76\/100|[from] Stealth Rock\n|turn|10\n|c| victorperezrio|:)\n|\n|t:|1606184872\n|move|p1a: LIBERACY|Sucker Punch||[still]\n|-fail|p1a: LIBERACY\n|move|p2a: Spectrier|Will-O-Wisp|p1a: LIBERACY\n|-immune|p1a: LIBERACY\n|\n|upkeep\n|turn|11\n|c| cleann|OF COURSE\n|c|\u2606ez|???\n|c|\u2606ez|PS BUG?\n|\n|t:|1606184890\n|move|p2a: Spectrier|Will-O-Wisp|p1a: LIBERACY\n|-immune|p1a: LIBERACY\n|move|p1a: LIBERACY|Zen Headbutt|p2a: Spectrier\n|-start|p1a: LIBERACY|typechange|Psychic|[from] ability: Libero\n|-damage|p2a: Spectrier|0 fnt\n|-damage|p1a: LIBERACY|56\/100|[from] item: Life Orb\n|faint|p2a: Spectrier\n|\n|upkeep\n|c|\u2606relic stone|if it fails the type doesnt change rol\n|c|\u2606relic stone|rofl*\n|c|\u2606ez|oh fr\n|j| forsendi\n|c| cleann|kek in game it works differently relic stone\n|c| cleann|but its bugged on ps\n|\n|t:|1606184928\n|switch|p2a: Keldeo|Keldeo|100\/100\n|-damage|p2a: Keldeo|94\/100|[from] Stealth Rock\n|turn|12\n|\n|t:|1606184933\n|move|p2a: Keldeo|Scald|p1a: LIBERACY\n|-damage|p1a: LIBERACY|0 fnt\n|faint|p1a: LIBERACY\n|\n|-heal|p2a: Keldeo|100\/100|[from] item: Leftovers\n|upkeep\n|\n|t:|1606184940\n|switch|p1a: Calamity|Tapu Fini|100\/100\n|-damage|p1a: Calamity|88\/100|[from] Stealth Rock\n|-fieldstart|move: Misty Terrain|[from] ability: Misty Surge|[of] p1a: Calamity\n|turn|13\n|c| victorperezrio|huh\n|l| forsendi\n|\n|t:|1606184950\n|move|p1a: Calamity|Moonblast|p2a: Keldeo\n|-supereffective|p2a: Keldeo\n|-damage|p2a: Keldeo|15\/100\n|move|p2a: Keldeo|Calm Mind|p2a: Keldeo\n|-boost|p2a: Keldeo|spa|1\n|-boost|p2a: Keldeo|spd|1\n|\n|-heal|p2a: Keldeo|21\/100|[from] item: Leftovers\n|upkeep\n|turn|14\n|c| cleann|GG\n|\n|t:|1606184958\n|move|p1a: Calamity|Moonblast|p2a: Keldeo\n|-supereffective|p2a: Keldeo\n|-damage|p2a: Keldeo|0 fnt\n|faint|p2a: Keldeo\n|\n|upkeep\n|c|\u2606relic stone|gg\n|\n|t:|1606184962\n|switch|p2a: Cobalion|Cobalion|100\/100\n|-damage|p2a: Cobalion|97\/100|[from] Stealth Rock\n|turn|15\n|c| cleann|im switching teams\n|c|\u2606ez|so much pain\n|c| victorperezrio|doyou guys listen to wap by cardi b\n|c|\u2606relic stone|and by gg\n|\n|t:|1606184969\n|move|p1a: Calamity|Moonblast|p2a: Cobalion\n|-damage|p2a: Cobalion|41\/100\n|-unboost|p2a: Cobalion|spa|1\n|move|p2a: Cobalion|Iron Head|p1a: Calamity\n|-damage|p1a: Calamity|54\/100\n|\n|-heal|p2a: Cobalion|47\/100|[from] item: Leftovers\n|upkeep\n|turn|16\n|c| victorperezrio|or billie eilish\n|c|\u2606relic stone|that rapidash boutta 1 hit my shits\n|\n|t:|1606184977\n|move|p1a: Calamity|Moonblast|p2a: Cobalion\n|-damage|p2a: Cobalion|0 fnt\n|faint|p2a: Cobalion\n|\n|upkeep\n|\n|t:|1606184978\n|switch|p2a: Rapidash|Rapidash-Galar, F|100\/100\n|-damage|p2a: Rapidash|88\/100|[from] Stealth Rock\n|turn|17\n|\n|t:|1606184984\n|move|p1a: Calamity|Moonblast|p2a: Rapidash\n|-damage|p2a: Rapidash|29\/100\n|move|p2a: Rapidash|Zen Headbutt|p1a: Calamity\n|-crit|p1a: Calamity\n|-damage|p1a: Calamity|0 fnt\n|-damage|p2a: Rapidash|19\/100|[from] item: Life Orb\n|faint|p1a: Calamity\n|\n|-fieldend|Misty Terrain\n|upkeep\n|\n|t:|1606184989\n|switch|p1a: Deathstroke|Kartana|100\/100\n|-damage|p1a: Deathstroke|94\/100|[from] Stealth Rock\n|turn|18\n|\n|t:|1606184994\n|move|p1a: Deathstroke|Leaf Blade|p2a: Rapidash\n|-damage|p2a: Rapidash|0 fnt\n|-damage|p1a: Deathstroke|84\/100|[from] item: Life Orb\n|faint|p2a: Rapidash\n|\n|win|relic stone\n|c|\u2606ez|GG\n","uploadtime":1606184998,"views":1484,"p1id":"relicstone","p2id":"ez","formatid":"gen8ou","rating":0,"private":0,"password":null}