{"id":"gen8bdspru-1512390273","p1":"ppsmolthanks","p2":"Ill Leave","format":"gen8bdspru","log":"|j|\u2606ppsmolthanks\n|j|\u2606Ill Leave\n|t:|1645036229\n|gametype|singles\n|player|p1|ppsmolthanks|blackbelt-gen4dp|1241\n|player|p2|Ill Leave|janine|1425\n|teamsize|p1|6\n|teamsize|p2|6\n|gen|8\n|tier|[Gen 8 BDSP] RU\n|rated|\n|rule|Sleep Clause Mod: Limit one foe put to sleep\n|rule|Species Clause: Limit one of each Pok\u00e9mon\n|rule|OHKO Clause: OHKO moves are banned\n|rule|Evasion Moves Clause: Evasion moves are banned\n|rule|Endless Battle Clause: Forcing endless battles is banned\n|rule|HP Percentage Mod: HP is shown in percentages\n|clearpoke\n|poke|p1|Gallade, M|\n|poke|p1|Mesprit|\n|poke|p1|Cacturne, M|\n|poke|p1|Moltres|\n|poke|p1|Mantine, M|\n|poke|p1|Rotom|\n|poke|p2|Steelix, M|\n|poke|p2|Vaporeon, F|\n|poke|p2|Venusaur, F|\n|poke|p2|Mantine, M|\n|poke|p2|Nidoqueen, F|\n|poke|p2|Hariyama, M|\n|teampreview\n|inactive|Battle timer is ON: inactive players will automatically lose when time's up. (requested by ppsmolthanks)\n|c|\u2606Ill Leave|i built  this\n|c|\u2606ppsmolthanks|im trying it!\n|c|\u2606Ill Leave|hf\n|\n|t:|1645036258\n|start\n|switch|p1a: Ferro-thin|Cacturne, M|100\/100\n|switch|p2a: Venusaur|Venusaur, F|100\/100\n|turn|1\n|\n|t:|1645036263\n|move|p1a: Ferro-thin|Dark Pulse|p2a: Venusaur\n|-damage|p2a: Venusaur|72\/100\n|cant|p2a: Venusaur|flinch\n|\n|-heal|p2a: Venusaur|78\/100|[from] item: Black Sludge\n|upkeep\n|turn|2\n|\n|t:|1645036267\n|move|p1a: Ferro-thin|Spikes|p2a: Venusaur\n|-sidestart|p2: Ill Leave|Spikes\n|move|p2a: Venusaur|Synthesis|p2a: Venusaur\n|-heal|p2a: Venusaur|100\/100\n|\n|upkeep\n|turn|3\n|\n|t:|1645036273\n|switch|p1a: Rhyperion't|Mantine, M|100\/100\n|move|p2a: Venusaur|Sludge Bomb|p1a: Rhyperion't\n|-damage|p1a: Rhyperion't|80\/100\n|-status|p1a: Rhyperion't|psn\n|\n|-damage|p1a: Rhyperion't|68\/100 psn|[from] psn\n|upkeep\n|turn|4\n|\n|t:|1645036281\n|switch|p2a: Mantine|Mantine, M|100\/100\n|move|p1a: Rhyperion't|Scald|p2a: Mantine\n|-immune|p2a: Mantine|[from] ability: Water Absorb\n|\n|-damage|p1a: Rhyperion't|56\/100 psn|[from] psn\n|upkeep\n|turn|5\n|\n|t:|1645036286\n|switch|p1a: Ferro-thin|Cacturne, M|100\/100\n|move|p2a: Mantine|Defog|p1a: Ferro-thin\n|-unboost|p1a: Ferro-thin|evasion|1\n|-sideend|p2: Ill Leave|Spikes|[from] move: Defog|[of] p2a: Mantine\n|\n|upkeep\n|turn|6\n|\n|t:|1645036290\n|move|p1a: Ferro-thin|Spikes|p2a: Mantine\n|-sidestart|p2: Ill Leave|Spikes\n|move|p2a: Mantine|Air Slash|p1a: Ferro-thin\n|-supereffective|p1a: Ferro-thin\n|-damage|p1a: Ferro-thin|19\/100\n|\n|upkeep\n|turn|7\n|c|\u2606ppsmolthanks|oof\n|\n|t:|1645036302\n|switch|p1a: Cheap Latias|Mesprit|100\/100\n|move|p2a: Mantine|Defog|p1a: Cheap Latias\n|-unboost|p1a: Cheap Latias|evasion|1\n|-sideend|p2: Ill Leave|Spikes|[from] move: Defog|[of] p2a: Mantine\n|\n|upkeep\n|turn|8\n|c|\u2606Ill Leave|:)\n|\n|t:|1645036309\n|switch|p2a: Steelix|Steelix, M|100\/100\n|move|p1a: Cheap Latias|Psychic|p2a: Steelix\n|-resisted|p2a: Steelix\n|-damage|p2a: Steelix|81\/100\n|\n|-heal|p2a: Steelix|88\/100|[from] item: Leftovers\n|upkeep\n|turn|9\n|j| BreathOfFreshErr\n|\n|t:|1645036313\n|move|p1a: Cheap Latias|Ice Beam|p2a: Steelix\n|-damage|p2a: Steelix|65\/100\n|move|p2a: Steelix|Stealth Rock|p1a: Cheap Latias\n|-sidestart|p1: ppsmolthanks|move: Stealth Rock\n|\n|-heal|p2a: Steelix|71\/100|[from] item: Leftovers\n|upkeep\n|turn|10\n|\n|t:|1645036319\n|switch|p1a: Rhyperion't|Mantine, M|56\/100 psn\n|-damage|p1a: Rhyperion't|31\/100 psn|[from] Stealth Rock\n|move|p2a: Steelix|Protect||[still]\n|-fail|p2a: Steelix\n|\n|-heal|p2a: Steelix|77\/100|[from] item: Leftovers\n|-damage|p1a: Rhyperion't|18\/100 psn|[from] psn\n|upkeep\n|turn|11\n|\n|t:|1645036327\n|switch|p2a: Venusaur|Venusaur, F|100\/100\n|move|p1a: Rhyperion't|Defog|p2a: Venusaur\n|-unboost|p2a: Venusaur|evasion|1\n|-sideend|p1: ppsmolthanks|Stealth Rock|[from] move: Defog|[of] p1a: Rhyperion't\n|\n|-damage|p1a: Rhyperion't|6\/100 psn|[from] psn\n|upkeep\n|turn|12\n|\n|t:|1645036331\n|move|p2a: Venusaur|Giga Drain|p1a: Rhyperion't\n|-damage|p1a: Rhyperion't|0 fnt\n|faint|p1a: Rhyperion't\n|\n|upkeep\n|\n|t:|1645036332\n|switch|p1a: Cheap Latias|Mesprit|100\/100\n|turn|13\n|\n|t:|1645036339\n|switch|p1a: Tornadus-F|Moltres|100\/100\n|switch|p2a: Steelix|Steelix, M|77\/100\n|\n|-heal|p2a: Steelix|84\/100|[from] item: Leftovers\n|upkeep\n|turn|14\n|\n|t:|1645036345\n|switch|p2a: Vaporeon|Vaporeon, F|100\/100\n|move|p1a: Tornadus-F|Agility|p1a: Tornadus-F\n|-boost|p1a: Tornadus-F|spe|2\n|\n|upkeep\n|turn|15\n|\n|t:|1645036350\n|move|p1a: Tornadus-F|Hurricane|p2a: Vaporeon|[miss]\n|-miss|p1a: Tornadus-F|p2a: Vaporeon\n|move|p2a: Vaporeon|Wish|p2a: Vaporeon\n|\n|upkeep\n|turn|16\n|c|\u2606Ill Leave|wide llense 2 lol\n|c|\u2606ppsmolthanks|yup\n|c|\u2606ppsmolthanks|it hurts\n|\n|t:|1645036375\n|move|p1a: Tornadus-F|Hurricane|p2a: Vaporeon\n|-damage|p2a: Vaporeon|50\/100\n|-start|p2a: Vaporeon|confusion\n|-activate|p2a: Vaporeon|confusion\n|-damage|p2a: Vaporeon|46\/100|[from] confusion\n|\n|-heal|p2a: Vaporeon|96\/100|[from] move: Wish|[wisher] Vaporeon\n|-heal|p2a: Vaporeon|100\/100|[from] item: Leftovers\n|upkeep\n|turn|17\n|\n|t:|1645036382\n|move|p1a: Tornadus-F|Hurricane|p2a: Vaporeon\n|-damage|p2a: Vaporeon|54\/100\n|-activate|p2a: Vaporeon|confusion\n|move|p2a: Vaporeon|Wish|p2a: Vaporeon\n|\n|-heal|p2a: Vaporeon|60\/100|[from] item: Leftovers\n|upkeep\n|turn|18\n|\n|t:|1645036389\n|switch|p1a: Voltergeist|Rotom|100\/100\n|-activate|p2a: Vaporeon|confusion\n|move|p2a: Vaporeon|Protect||[still]\n|-fail|p2a: Vaporeon\n|\n|-heal|p2a: Vaporeon|100\/100|[from] move: Wish|[wisher] Vaporeon\n|upkeep\n|turn|19\n|\n|t:|1645036397\n|switch|p2a: Nidoqueen|Nidoqueen, F|100\/100\n|move|p1a: Voltergeist|Trick|p2a: Nidoqueen\n|-activate|p1a: Voltergeist|move: Trick|[of] p2a: Nidoqueen\n|-item|p2a: Nidoqueen|Choice Scarf|[from] move: Trick\n|-item|p1a: Voltergeist|Life Orb|[from] move: Trick\n|\n|upkeep\n|turn|20\n|\n|t:|1645036404\n|move|p2a: Nidoqueen|Sludge Wave|p1a: Voltergeist\n|-resisted|p1a: Voltergeist\n|-damage|p1a: Voltergeist|60\/100\n|move|p1a: Voltergeist|Shadow Ball|p2a: Nidoqueen\n|-damage|p2a: Nidoqueen|43\/100\n|-unboost|p2a: Nidoqueen|spd|1\n|-damage|p1a: Voltergeist|50\/100|[from] item: Life Orb\n|\n|upkeep\n|turn|21\n|\n|t:|1645036413\n|switch|p2a: Hariyama|Hariyama, M|100\/100\n|move|p1a: Voltergeist|Shadow Ball|p2a: Hariyama\n|-damage|p2a: Hariyama|62\/100\n|-damage|p1a: Voltergeist|40\/100|[from] item: Life Orb\n|\n|-heal|p2a: Hariyama|68\/100|[from] item: Leftovers\n|upkeep\n|turn|22\n|\n|t:|1645036419\n|move|p1a: Voltergeist|Volt Switch|p2a: Hariyama\n|-damage|p2a: Hariyama|36\/100\n|-damage|p1a: Voltergeist|30\/100|[from] item: Life Orb\n|\n|t:|1645036421\n|switch|p1a: Ferro-thin|Cacturne, M|19\/100|[from]move: Volt Switch\n|move|p2a: Hariyama|Knock Off|p1a: Ferro-thin\n|-resisted|p1a: Ferro-thin\n|-damage|p1a: Ferro-thin|0 fnt\n|-enditem|p1a: Ferro-thin|Focus Sash|[from] move: Knock Off|[of] p2a: Hariyama\n|faint|p1a: Ferro-thin\n|\n|-heal|p2a: Hariyama|42\/100|[from] item: Leftovers\n|upkeep\n|\n|t:|1645036423\n|switch|p1a: Tornadus-F|Moltres|100\/100\n|turn|23\n|\n|t:|1645036431\n|move|p1a: Tornadus-F|Hurricane|p2a: Hariyama\n|-supereffective|p2a: Hariyama\n|-damage|p2a: Hariyama|0 fnt\n|faint|p2a: Hariyama\n|\n|upkeep\n|\n|t:|1645036434\n|switch|p2a: Vaporeon|Vaporeon, F|100\/100\n|turn|24\n|\n|t:|1645036443\n|switch|p1a: Cheap Latias|Mesprit|100\/100\n|move|p2a: Vaporeon|Wish|p2a: Vaporeon\n|\n|upkeep\n|turn|25\n|\n|t:|1645036448\n|switch|p2a: Steelix|Steelix, M|84\/100\n|move|p1a: Cheap Latias|Thunderbolt|p2a: Steelix\n|-immune|p2a: Steelix\n|\n|-heal|p2a: Steelix|100\/100|[from] move: Wish|[wisher] Vaporeon\n|upkeep\n|turn|26\n|\n|t:|1645036461\n|switch|p1a: Voltergeist|Rotom|30\/100\n|move|p2a: Steelix|Stealth Rock|p1a: Voltergeist\n|-sidestart|p1: ppsmolthanks|move: Stealth Rock\n|\n|upkeep\n|turn|27\n|\n|t:|1645036468\n|move|p1a: Voltergeist|Shadow Ball|p2a: Steelix\n|-damage|p2a: Steelix|60\/100\n|-damage|p1a: Voltergeist|20\/100|[from] item: Life Orb\n|move|p2a: Steelix|Heavy Slam|p1a: Voltergeist\n|-resisted|p1a: Voltergeist\n|-damage|p1a: Voltergeist|0 fnt\n|faint|p1a: Voltergeist\n|\n|-heal|p2a: Steelix|67\/100|[from] item: Leftovers\n|upkeep\n|\n|t:|1645036486\n|switch|p1a: Technitop Sux|Gallade, M|100\/100\n|-damage|p1a: Technitop Sux|94\/100|[from] Stealth Rock\n|turn|28\n|\n|t:|1645036488\n|switch|p2a: Venusaur|Venusaur, F|100\/100\n|move|p1a: Technitop Sux|Bulk Up|p1a: Technitop Sux\n|-boost|p1a: Technitop Sux|atk|1\n|-boost|p1a: Technitop Sux|def|1\n|\n|-heal|p1a: Technitop Sux|100\/100|[from] item: Leftovers\n|upkeep\n|turn|29\n|\n|t:|1645036493\n|move|p1a: Technitop Sux|Knock Off|p2a: Venusaur\n|-damage|p2a: Venusaur|51\/100\n|-enditem|p2a: Venusaur|Black Sludge|[from] move: Knock Off|[of] p1a: Technitop Sux\n|move|p2a: Venusaur|Sludge Bomb|p1a: Technitop Sux\n|-damage|p1a: Technitop Sux|69\/100\n|\n|-heal|p1a: Technitop Sux|75\/100|[from] item: Leftovers\n|upkeep\n|turn|30\n|\n|t:|1645036500\n|move|p1a: Technitop Sux|Bulk Up|p1a: Technitop Sux\n|-boost|p1a: Technitop Sux|atk|1\n|-boost|p1a: Technitop Sux|def|1\n|move|p2a: Venusaur|Giga Drain|p1a: Technitop Sux\n|-damage|p1a: Technitop Sux|46\/100\n|-heal|p2a: Venusaur|62\/100|[from] drain|[of] p1a: Technitop Sux\n|\n|-heal|p1a: Technitop Sux|52\/100|[from] item: Leftovers\n|upkeep\n|turn|31\n|\n|t:|1645036502\n|move|p1a: Technitop Sux|Drain Punch|p2a: Venusaur\n|-resisted|p2a: Venusaur\n|-damage|p2a: Venusaur|25\/100\n|-heal|p1a: Technitop Sux|76\/100|[from] drain|[of] p2a: Venusaur\n|move|p2a: Venusaur|Leech Seed|p1a: Technitop Sux\n|-start|p1a: Technitop Sux|move: Leech Seed\n|\n|-heal|p1a: Technitop Sux|82\/100|[from] item: Leftovers\n|-damage|p1a: Technitop Sux|70\/100|[from] Leech Seed|[of] p2a: Venusaur\n|-heal|p2a: Venusaur|35\/100|[silent]\n|upkeep\n|turn|32\n|\n|t:|1645036510\n|move|p1a: Technitop Sux|Drain Punch|p2a: Venusaur\n|-resisted|p2a: Venusaur\n|-damage|p2a: Venusaur|0 fnt\n|-heal|p1a: Technitop Sux|93\/100|[from] drain|[of] p2a: Venusaur\n|faint|p2a: Venusaur\n|\n|-heal|p1a: Technitop Sux|99\/100|[from] item: Leftovers\n|upkeep\n|\n|t:|1645036515\n|switch|p2a: Vaporeon|Vaporeon, F|100\/100\n|turn|33\n|\n|t:|1645036522\n|move|p1a: Technitop Sux|Drain Punch|p2a: Vaporeon\n|-damage|p2a: Vaporeon|41\/100\n|-heal|p1a: Technitop Sux|100\/100|[from] drain|[of] p2a: Vaporeon\n|move|p2a: Vaporeon|Roar|p1a: Technitop Sux\n|drag|p1a: Tornadus-F|Moltres|100\/100\n|-damage|p1a: Tornadus-F|51\/100|[from] Stealth Rock\n|\n|-heal|p2a: Vaporeon|47\/100|[from] item: Leftovers\n|upkeep\n|turn|34\n|\n|t:|1645036529\n|move|p2a: Vaporeon|Protect|p2a: Vaporeon\n|-singleturn|p2a: Vaporeon|Protect\n|move|p1a: Tornadus-F|Hurricane|p2a: Vaporeon\n|-activate|p2a: Vaporeon|move: Protect\n|\n|-heal|p2a: Vaporeon|53\/100|[from] item: Leftovers\n|upkeep\n|turn|35\n|\n|t:|1645036532\n|move|p1a: Tornadus-F|Hurricane|p2a: Vaporeon|[miss]\n|-miss|p1a: Tornadus-F|p2a: Vaporeon\n|move|p2a: Vaporeon|Wish|p2a: Vaporeon\n|\n|-heal|p2a: Vaporeon|60\/100|[from] item: Leftovers\n|upkeep\n|turn|36\n|c|\u2606ppsmolthanks|jeez\n|\n|t:|1645036542\n|move|p1a: Tornadus-F|Agility|p1a: Tornadus-F\n|-boost|p1a: Tornadus-F|spe|2\n|move|p2a: Vaporeon|Scald|p1a: Tornadus-F\n|-supereffective|p1a: Tornadus-F\n|-damage|p1a: Tornadus-F|0 fnt\n|faint|p1a: Tornadus-F\n|\n|-heal|p2a: Vaporeon|100\/100|[from] move: Wish|[wisher] Vaporeon\n|upkeep\n|\n|t:|1645036546\n|switch|p1a: Technitop Sux|Gallade, M|100\/100\n|-damage|p1a: Technitop Sux|94\/100|[from] Stealth Rock\n|turn|37\n|\n|t:|1645036549\n|move|p1a: Technitop Sux|Substitute|p1a: Technitop Sux\n|-start|p1a: Technitop Sux|Substitute\n|-damage|p1a: Technitop Sux|69\/100\n|move|p2a: Vaporeon|Scald|p1a: Technitop Sux\n|-end|p1a: Technitop Sux|Substitute\n|\n|-heal|p1a: Technitop Sux|76\/100|[from] item: Leftovers\n|upkeep\n|turn|38\n|\n|t:|1645036553\n|move|p1a: Technitop Sux|Drain Punch|p2a: Vaporeon\n|-damage|p2a: Vaporeon|74\/100\n|-heal|p1a: Technitop Sux|98\/100|[from] drain|[of] p2a: Vaporeon\n|move|p2a: Vaporeon|Scald|p1a: Technitop Sux\n|-damage|p1a: Technitop Sux|67\/100\n|\n|-heal|p1a: Technitop Sux|73\/100|[from] item: Leftovers\n|-heal|p2a: Vaporeon|80\/100|[from] item: Leftovers\n|upkeep\n|turn|39\n|c|\u2606ppsmolthanks|gg\n|c| BreathOfFreshErr|not a bad team it seems Ill Leave\n|c|\u2606Ill Leave|gg\n|c|\u2606ppsmolthanks|moltres is one of favorite mons\n|c|\u2606ppsmolthanks|let me down D:\n|c|\u2606Ill Leave|yh not bad\n|inactive|Ill Leave has 120 seconds left.\n|\n|t:|1645036584\n|move|p1a: Technitop Sux|Knock Off|p2a: Vaporeon\n|-damage|p2a: Vaporeon|57\/100\n|-enditem|p2a: Vaporeon|Leftovers|[from] move: Knock Off|[of] p1a: Technitop Sux\n|move|p2a: Vaporeon|Scald|p1a: Technitop Sux\n|-damage|p1a: Technitop Sux|38\/100\n|\n|-heal|p1a: Technitop Sux|44\/100|[from] item: Leftovers\n|upkeep\n|turn|40\n|-message|ppsmolthanks forfeited.\n|\n|win|Ill Leave\n|raw|ppsmolthanks's rating: 1241 &rarr; <strong>1228<\/strong><br \/>(-13 for losing)\n|raw|Ill Leave's rating: 1425 &rarr; <strong>1435<\/strong><br \/>(+10 for winning)\n|l|\u2606ppsmolthanks\n","uploadtime":1645036596,"views":94,"p1id":"ppsmolthanks","p2id":"illleave","formatid":"gen8bdspru","rating":1228,"private":0,"password":null}