{"id":"gen8ubers-1340604590","p1":"ULT8RQ bilelfam","p2":"Banned by week 2","format":"gen8ubers","log":"|raw|<div class=\"broadcast-blue\"><strong>This battle is required to be public due to a player having a name starting with 'ULT8RQ'.<\/div>\n|j|\u2606ULT8RQ bilelfam\n|j|\u2606Banned by week 2\n|t:|1621020974\n|gametype|singles\n|player|p1|ULT8RQ bilelfam|hilda|1545\n|player|p2|Banned by week 2|101|1475\n|teamsize|p1|6\n|teamsize|p2|6\n|gen|8\n|tier|[Gen 8] Ubers\n|rated|\n|rule|Sleep Clause Mod: Limit one foe put to sleep\n|rule|Species Clause: Limit one of each Pok\u00e9mon\n|rule|OHKO Clause: OHKO moves are banned\n|rule|Evasion Moves Clause: Evasion moves are banned\n|rule|Endless Battle Clause: Forcing endless battles is banned\n|rule|HP Percentage Mod: HP is shown in percentages\n|rule|Dynamax Clause: You cannot dynamax\n|clearpoke\n|poke|p1|Quagsire, F|\n|poke|p1|Toxapex, M|\n|poke|p1|Blissey, F|\n|poke|p1|Ho-Oh|\n|poke|p1|Shedinja|\n|poke|p1|Yveltal|\n|poke|p2|Calyrex-Ice|\n|poke|p2|Yveltal|\n|poke|p2|Magearna|\n|poke|p2|Magnezone|\n|poke|p2|Ditto|\n|poke|p2|Zekrom|\n|teampreview\n|j| biel0411\n|l| biel0411\n|inactive|Battle timer is ON: inactive players will automatically lose when time's up. (requested by Banned by week 2)\n|\n|t:|1621020998\n|start\n|switch|p1a: Rising Revolution|Ho-Oh|100\/100\n|switch|p2a: Yveltal|Yveltal, shiny|100\/100\n|-ability|p2a: Yveltal|Dark Aura\n|turn|1\n|\n|t:|1621021003\n|switch|p2a: Ditto|Ditto|100\/100\n|-transform|p2a: Ditto|p1a: Rising Revolution|[from] ability: Imposter\n|move|p1a: Rising Revolution|Toxic|p2a: Ditto|[miss]\n|-miss|p1a: Rising Revolution|p2a: Ditto\n|\n|upkeep\n|turn|2\n|\n|t:|1621021008\n|switch|p1a: Feel Invicible|Toxapex, M|100\/100\n|move|p2a: Ditto|Toxic|p1a: Feel Invicible\n|-immune|p1a: Feel Invicible\n|\n|upkeep\n|turn|3\n|\n|t:|1621021014\n|switch|p2a: Magnezone|Magnezone|100\/100\n|-item|p2a: Magnezone|Air Balloon\n|move|p1a: Feel Invicible|Scald|p2a: Magnezone\n|-damage|p2a: Magnezone|81\/100\n|-status|p2a: Magnezone|brn\n|-enditem|p2a: Magnezone|Air Balloon\n|\n|-damage|p2a: Magnezone|75\/100 brn|[from] brn\n|upkeep\n|turn|4\n|\n|t:|1621021025\n|switch|p2a: Yveltal|Yveltal, shiny|100\/100\n|-ability|p2a: Yveltal|Dark Aura\n|switch|p1a: The Resistance|Quagsire, F|100\/100\n|\n|upkeep\n|turn|5\n|\n|t:|1621021029\n|switch|p1a: Feel Invicible|Toxapex, M|100\/100\n|move|p2a: Yveltal|Taunt|p1a: Feel Invicible\n|-start|p1a: Feel Invicible|move: Taunt\n|\n|upkeep\n|turn|6\n|\n|t:|1621021033\n|move|p2a: Yveltal|Knock Off|p1a: Feel Invicible\n|-damage|p1a: Feel Invicible|61\/100\n|-damage|p2a: Yveltal|84\/100|[from] item: Rocky Helmet|[of] p1a: Feel Invicible\n|-enditem|p1a: Feel Invicible|Rocky Helmet|[from] move: Knock Off|[of] p2a: Yveltal\n|move|p1a: Feel Invicible|Scald|p2a: Yveltal\n|-damage|p2a: Yveltal|70\/100\n|\n|upkeep\n|turn|7\n|\n|t:|1621021038\n|move|p2a: Yveltal|Knock Off|p1a: Feel Invicible\n|-damage|p1a: Feel Invicible|34\/100\n|move|p1a: Feel Invicible|Scald|p2a: Yveltal\n|-damage|p2a: Yveltal|56\/100\n|\n|-end|p1a: Feel Invicible|move: Taunt\n|upkeep\n|turn|8\n|\n|t:|1621021047\n|move|p2a: Yveltal|Taunt|p1a: Feel Invicible\n|-start|p1a: Feel Invicible|move: Taunt\n|move|p1a: Feel Invicible|Scald|p2a: Yveltal\n|-crit|p2a: Yveltal\n|-damage|p2a: Yveltal|33\/100\n|-status|p2a: Yveltal|brn\n|\n|-damage|p2a: Yveltal|27\/100 brn|[from] brn\n|upkeep\n|turn|9\n|\n|t:|1621021053\n|switch|p1a: Just another kill|Blissey, F|100\/100\n|move|p2a: Yveltal|Knock Off|p1a: Just another kill\n|-damage|p1a: Just another kill|68\/100\n|-enditem|p1a: Just another kill|Heavy-Duty Boots|[from] move: Knock Off|[of] p2a: Yveltal\n|\n|-damage|p2a: Yveltal|21\/100 brn|[from] brn\n|upkeep\n|turn|10\n|\n|t:|1621021057\n|move|p2a: Yveltal|Taunt|p1a: Just another kill\n|-start|p1a: Just another kill|move: Taunt\n|cant|p1a: Just another kill|move: Taunt|Soft-Boiled\n|\n|-damage|p2a: Yveltal|15\/100 brn|[from] brn\n|upkeep\n|turn|11\n|\n|t:|1621021061\n|switch|p1a: Feel Invicible|Toxapex, M|67\/100\n|move|p2a: Yveltal|Roost|p2a: Yveltal\n|-heal|p2a: Yveltal|65\/100 brn\n|-singleturn|p2a: Yveltal|move: Roost\n|\n|-damage|p2a: Yveltal|59\/100 brn|[from] brn\n|upkeep\n|turn|12\n|\n|t:|1621021086\n|move|p2a: Yveltal|Roost|p2a: Yveltal\n|-heal|p2a: Yveltal|100\/100 brn\n|-singleturn|p2a: Yveltal|move: Roost\n|move|p1a: Feel Invicible|Knock Off|p2a: Yveltal\n|-resisted|p2a: Yveltal\n|-damage|p2a: Yveltal|92\/100 brn\n|-enditem|p2a: Yveltal|Heavy-Duty Boots|[from] move: Knock Off|[of] p1a: Feel Invicible\n|\n|-damage|p2a: Yveltal|86\/100 brn|[from] brn\n|upkeep\n|turn|13\n|\n|t:|1621021090\n|switch|p1a: Fall in the black|Yveltal|100\/100\n|-ability|p1a: Fall in the black|Dark Aura\n|move|p2a: Yveltal|Taunt|p1a: Fall in the black\n|-start|p1a: Fall in the black|move: Taunt\n|\n|-damage|p2a: Yveltal|80\/100 brn|[from] brn\n|upkeep\n|turn|14\n|\n|t:|1621021092\n|switch|p1a: Feel Invicible|Toxapex, M|100\/100\n|move|p2a: Yveltal|Knock Off|p1a: Feel Invicible\n|-crit|p1a: Feel Invicible\n|-damage|p1a: Feel Invicible|80\/100\n|\n|-damage|p2a: Yveltal|74\/100 brn|[from] brn\n|upkeep\n|turn|15\n|\n|t:|1621021105\n|switch|p1a: Fall in the black|Yveltal|100\/100\n|-ability|p1a: Fall in the black|Dark Aura\n|move|p2a: Yveltal|Knock Off|p1a: Fall in the black\n|-resisted|p1a: Fall in the black\n|-damage|p1a: Fall in the black|86\/100\n|-enditem|p1a: Fall in the black|Heavy-Duty Boots|[from] move: Knock Off|[of] p2a: Yveltal\n|\n|-damage|p2a: Yveltal|68\/100 brn|[from] brn\n|upkeep\n|turn|16\n|\n|t:|1621021109\n|switch|p1a: Feel Invicible|Toxapex, M|100\/100\n|move|p2a: Yveltal|Roost|p2a: Yveltal\n|-heal|p2a: Yveltal|100\/100 brn\n|-singleturn|p2a: Yveltal|move: Roost\n|\n|-damage|p2a: Yveltal|94\/100 brn|[from] brn\n|upkeep\n|turn|17\n|\n|t:|1621021112\n|switch|p1a: Rising Revolution|Ho-Oh|100\/100\n|move|p2a: Yveltal|Taunt|p1a: Rising Revolution\n|-start|p1a: Rising Revolution|move: Taunt\n|\n|-damage|p2a: Yveltal|88\/100 brn|[from] brn\n|upkeep\n|turn|18\n|\n|t:|1621021119\n|switch|p2a: Zekrom|Zekrom|100\/100\n|-ability|p2a: Zekrom|Teravolt\n|switch|p1a: Fall in the black|Yveltal|86\/100\n|-ability|p1a: Fall in the black|Dark Aura\n|\n|upkeep\n|turn|19\n|\n|t:|1621021124\n|switch|p1a: The Resistance|Quagsire, F|100\/100\n|move|p2a: Zekrom|Dragon Claw|p1a: The Resistance\n|-damage|p1a: The Resistance|56\/100\n|-damage|p2a: Zekrom|91\/100|[from] item: Life Orb\n|\n|-heal|p1a: The Resistance|62\/100|[from] item: Leftovers\n|upkeep\n|turn|20\n|\n|t:|1621021137\n|switch|p2a: Ditto|Ditto|100\/100\n|-transform|p2a: Ditto|p1a: The Resistance|[from] ability: Imposter\n|move|p1a: The Resistance|Recover|p1a: The Resistance\n|-heal|p1a: The Resistance|100\/100\n|\n|upkeep\n|turn|21\n|\n|t:|1621021151\n|switch|p2a: Yveltal|Yveltal, shiny|88\/100 brn\n|-ability|p2a: Yveltal|Dark Aura\n|switch|p1a: Just another kill|Blissey, F|68\/100\n|\n|-damage|p2a: Yveltal|82\/100 brn|[from] brn\n|upkeep\n|turn|22\n|\n|t:|1621021156\n|switch|p2a: Zekrom|Zekrom|91\/100\n|-ability|p2a: Zekrom|Teravolt\n|switch|p1a: Fall in the black|Yveltal|86\/100\n|-ability|p1a: Fall in the black|Dark Aura\n|\n|upkeep\n|turn|23\n|\n|t:|1621021167\n|switch|p1a: The Resistance|Quagsire, F|100\/100\n|move|p2a: Zekrom|Dragon Dance|p2a: Zekrom\n|-boost|p2a: Zekrom|atk|1\n|-boost|p2a: Zekrom|spe|1\n|\n|upkeep\n|turn|24\n|\n|t:|1621021171\n|move|p2a: Zekrom|Dragon Claw|p1a: The Resistance\n|-damage|p1a: The Resistance|34\/100\n|-damage|p2a: Zekrom|81\/100|[from] item: Life Orb\n|move|p1a: The Resistance|Earthquake|p2a: Zekrom\n|-supereffective|p2a: Zekrom\n|-damage|p2a: Zekrom|24\/100\n|\n|-heal|p1a: The Resistance|40\/100|[from] item: Leftovers\n|upkeep\n|turn|25\n|\n|t:|1621021178\n|switch|p1a: Feel Invicible|Toxapex, M|100\/100\n|move|p2a: Zekrom|Dragon Claw|p1a: Feel Invicible\n|-damage|p1a: Feel Invicible|45\/100\n|-damage|p2a: Zekrom|14\/100|[from] item: Life Orb\n|\n|upkeep\n|turn|26\n|\n|t:|1621021184\n|switch|p1a: The Resistance|Quagsire, F|40\/100\n|move|p2a: Zekrom|Roost|p2a: Zekrom\n|-heal|p2a: Zekrom|64\/100\n|-singleturn|p2a: Zekrom|move: Roost\n|\n|-heal|p1a: The Resistance|46\/100|[from] item: Leftovers\n|upkeep\n|turn|27\n|\n|t:|1621021193\n|switch|p1a: Feel Invicible|Toxapex, M|78\/100\n|move|p2a: Zekrom|Dragon Claw|p1a: Feel Invicible\n|-damage|p1a: Feel Invicible|25\/100\n|-damage|p2a: Zekrom|54\/100|[from] item: Life Orb\n|\n|upkeep\n|turn|28\n|\n|t:|1621021197\n|move|p2a: Zekrom|Dragon Claw|p1a: Feel Invicible\n|-damage|p1a: Feel Invicible|0 fnt\n|faint|p1a: Feel Invicible\n|-damage|p2a: Zekrom|44\/100|[from] item: Life Orb\n|\n|upkeep\n|\n|t:|1621021200\n|switch|p1a: Fall in the black|Yveltal|86\/100\n|-ability|p1a: Fall in the black|Dark Aura\n|turn|29\n|\n|t:|1621021208\n|move|p1a: Fall in the black|Sucker Punch|p2a: Zekrom\n|-damage|p2a: Zekrom|8\/100\n|move|p2a: Zekrom|Bolt Strike|p1a: Fall in the black\n|-supereffective|p1a: Fall in the black\n|-damage|p1a: Fall in the black|0 fnt\n|faint|p1a: Fall in the black\n|-damage|p2a: Zekrom|0 fnt|[from] item: Life Orb\n|faint|p2a: Zekrom\n|\n|upkeep\n|\n|t:|1621021237\n|switch|p1a: Rising Revolution|Ho-Oh|100\/100\n|switch|p2a: Calyrex|Calyrex-Ice|100\/100\n|-ability|p2a: Calyrex|As One\n|-ability|p2a: Calyrex|Unnerve\n|turn|30\n|\n|t:|1621021240\n|move|p1a: Rising Revolution|Sacred Fire|p2a: Calyrex\n|-supereffective|p2a: Calyrex\n|-damage|p2a: Calyrex|51\/100\n|-enditem|p2a: Calyrex|Weakness Policy\n|-boost|p2a: Calyrex|atk|2|[from] item: Weakness Policy\n|-boost|p2a: Calyrex|spa|2|[from] item: Weakness Policy\n|move|p2a: Calyrex|Glacial Lance|p1a: Rising Revolution\n|-damage|p1a: Rising Revolution|0 fnt\n|faint|p1a: Rising Revolution\n|-ability|p2a: Calyrex|Chilling Neigh|boost\n|-boost|p2a: Calyrex|atk|1\n|\n|upkeep\n|\n|t:|1621021246\n|switch|p1a: Awake and Alive|Shedinja|100\/100\n|turn|31\n|\n|t:|1621021254\n|switch|p2a: Yveltal|Yveltal, shiny|82\/100 brn\n|-ability|p2a: Yveltal|Dark Aura\n|move|p1a: Awake and Alive|Will-O-Wisp|p2a: Yveltal\n|-fail|p2a: Yveltal|brn\n|\n|-damage|p2a: Yveltal|76\/100 brn|[from] brn\n|upkeep\n|turn|32\n|c|\u2606Banned by week 2|gg\n|-message|ULT8RQ bilelfam forfeited.\n|\n|win|Banned by week 2\n|raw|ULT8RQ bilelfam's rating: 1545 &rarr; <strong>1521<\/strong><br \/>(-24 for losing)\n|raw|Banned by week 2's rating: 1475 &rarr; <strong>1499<\/strong><br \/>(+24 for winning)\n|l|\u2606ULT8RQ bilelfam\n||Ladder isn't responding, score probably updated but might not have (Request timeout).\n","uploadtime":1621021575,"views":36,"p1id":"ult8rqbilelfam","p2id":"bannedbyweek2","formatid":"gen8ubers","rating":1499,"private":0,"password":null}