{"id":"gen8battlefactory-1669049422","p1":"return nirvana","p2":"Bruhamastra","format":"gen8battlefactory","log":"|j|\u2606return nirvana\n|j|\u2606Bruhamastra\n|inactive|Battle timer is ON: inactive players will automatically lose when time's up.\n|t:|1663693039\n|gametype|singles\n|player|p1|return nirvana|cynthia-gen4|\n|player|p2|Bruhamastra|ingo|\n|teamsize|p1|6\n|teamsize|p2|6\n|gen|8\n|tier|[Gen 8] Battle Factory\n|rated|Tournament battle\n|rule|Sleep Clause Mod: Limit one foe put to sleep\n|rule|Species Clause: Limit one of each Pok\u00e9mon\n|rule|OHKO Clause: OHKO moves are banned\n|rule|Evasion Items Clause: Evasion items are banned\n|rule|Evasion Moves Clause: Evasion moves are banned\n|rule|Endless Battle Clause: Forcing endless battles is banned\n|rule|HP Percentage Mod: HP is shown in percentages\n|rule|Dynamax Clause: You cannot dynamax\n|clearpoke\n|poke|p1|Toxapex, M|\n|poke|p1|Bisharp, F|\n|poke|p1|Tapu Koko|\n|poke|p1|Scizor, M|\n|poke|p1|Moltres-Galar|\n|poke|p1|Dragonite, F|\n|poke|p2|Heatran, F|\n|poke|p2|Kartana|\n|poke|p2|Hydreigon, F|\n|poke|p2|Urshifu-*, F|\n|poke|p2|Nidoking, M|\n|poke|p2|Zapdos|\n|teampreview\n|inactive|return nirvana also wants the timer to be on.\n|\n|t:|1663693066\n|start\n|switch|p1a: Toxapex|Toxapex, M|304\/304\n|switch|p2a: Heatran|Heatran, F|324\/324\n|-item|p2a: Heatran|Air Balloon\n|turn|1\n|\n|t:|1663693073\n|move|p2a: Heatran|Stealth Rock|p1a: Toxapex\n|-sidestart|p1: return nirvana|move: Stealth Rock\n|move|p1a: Toxapex|Scald|p2a: Heatran\n|-supereffective|p2a: Heatran\n|-damage|p2a: Heatran|204\/324\n|-enditem|p2a: Heatran|Air Balloon\n|\n|upkeep\n|turn|2\n|\n|t:|1663693077\n|move|p2a: Heatran|Earth Power|p1a: Toxapex\n|-supereffective|p1a: Toxapex\n|-damage|p1a: Toxapex|118\/304\n|move|p1a: Toxapex|Scald|p2a: Heatran\n|-supereffective|p2a: Heatran\n|-damage|p2a: Heatran|100\/324\n|\n|-heal|p1a: Toxapex|137\/304|[from] item: Black Sludge\n|upkeep\n|turn|3\n|\n|t:|1663693082\n|switch|p1a: Dragonite|Dragonite, F|323\/323\n|move|p2a: Heatran|Earth Power|p1a: Dragonite\n|-immune|p1a: Dragonite\n|\n|upkeep\n|turn|4\n|\n|t:|1663693087\n|move|p1a: Dragonite|Earthquake|p2a: Heatran\n|-supereffective|p2a: Heatran\n|-damage|p2a: Heatran|0 fnt\n|faint|p2a: Heatran\n|\n|upkeep\n|\n|t:|1663693095\n|switch|p2a: Hydreigon|Hydreigon, F|326\/326\n|turn|5\n|\n|t:|1663693100\n|switch|p1a: Tapu Koko|Tapu Koko|282\/282\n|-fieldstart|move: Electric Terrain|[from] ability: Electric Surge|[of] p1a: Tapu Koko\n|move|p2a: Hydreigon|Dark Pulse|p1a: Tapu Koko\n|-resisted|p1a: Tapu Koko\n|-damage|p1a: Tapu Koko|166\/282\n|-damage|p2a: Hydreigon|294\/326|[from] item: Life Orb\n|\n|upkeep\n|turn|6\n|\n|t:|1663693118\n|switch|p2a: Kartana|Kartana|260\/260\n|move|p1a: Tapu Koko|U-turn|p2a: Kartana\n|-damage|p2a: Kartana|214\/260\n|\n|t:|1663693124\n|switch|p1a: Moltres|Moltres-Galar|321\/321\n|\n|upkeep\n|turn|7\n|\n|t:|1663693141\n|move|p2a: Kartana|Sacred Sword|p1a: Moltres\n|-damage|p1a: Moltres|160\/321\n|-ability|p1a: Moltres|Berserk|boost\n|-boost|p1a: Moltres|spa|1\n|move|p1a: Moltres|Agility|p1a: Moltres\n|-boost|p1a: Moltres|spe|2\n|\n|upkeep\n|turn|8\n|\n|t:|1663693149\n|move|p1a: Moltres|Fiery Wrath|p2a: Kartana\n|-damage|p2a: Kartana|0 fnt\n|faint|p2a: Kartana\n|\n|upkeep\n|\n|t:|1663693153\n|switch|p2a: Zapdos|Zapdos|345\/345\n|turn|9\n|\n|t:|1663693155\n|move|p1a: Moltres|Fiery Wrath|p2a: Zapdos\n|-damage|p2a: Zapdos|119\/345\n|move|p2a: Zapdos|Volt Switch|p1a: Moltres\n|-supereffective|p1a: Moltres\n|-damage|p1a: Moltres|0 fnt\n|faint|p1a: Moltres\n|\n|t:|1663693163\n|switch|p2a: Urshifu|Urshifu-Rapid-Strike, F|342\/342\n|\n|-fieldend|move: Electric Terrain\n|upkeep\n|\n|t:|1663693169\n|switch|p1a: Toxapex|Toxapex, M|238\/304\n|-damage|p1a: Toxapex|200\/304|[from] Stealth Rock\n|turn|10\n|\n|t:|1663693173\n|move|p2a: Urshifu|U-turn|p1a: Toxapex\n|-resisted|p1a: Toxapex\n|-damage|p1a: Toxapex|178\/304\n|\n|t:|1663693176\n|switch|p2a: Nidoking|Nidoking, M|303\/303\n|move|p1a: Toxapex|Scald|p2a: Nidoking\n|-supereffective|p2a: Nidoking\n|-damage|p2a: Nidoking|151\/303\n|\n|-heal|p1a: Toxapex|197\/304|[from] item: Black Sludge\n|upkeep\n|turn|11\n|\n|t:|1663693184\n|move|p2a: Nidoking|Thunderbolt|p1a: Toxapex\n|-supereffective|p1a: Toxapex\n|-damage|p1a: Toxapex|0 fnt\n|faint|p1a: Toxapex\n|\n|upkeep\n|\n|t:|1663693192\n|switch|p1a: Bisharp|Bisharp, F|272\/272\n|-damage|p1a: Bisharp|255\/272|[from] Stealth Rock\n|turn|12\n|\n|t:|1663693205\n|move|p1a: Bisharp|Sucker Punch|p2a: Nidoking\n|-damage|p2a: Nidoking|0 fnt\n|faint|p2a: Nidoking\n|\n|upkeep\n|\n|t:|1663693207\n|switch|p2a: Urshifu|Urshifu-Rapid-Strike, F|342\/342\n|turn|13\n|\n|t:|1663693210\n|move|p1a: Bisharp|Sucker Punch|p2a: Urshifu\n|-resisted|p2a: Urshifu\n|-damage|p2a: Urshifu|237\/342\n|move|p2a: Urshifu|Close Combat|p1a: Bisharp\n|-supereffective|p1a: Bisharp\n|-damage|p1a: Bisharp|0 fnt\n|-unboost|p2a: Urshifu|def|1\n|-unboost|p2a: Urshifu|spd|1\n|faint|p1a: Bisharp\n|\n|upkeep\n|\n|t:|1663693213\n|switch|p1a: Dragonite|Dragonite, F|323\/323\n|turn|14\n|\n|t:|1663693222\n|move|p2a: Urshifu|U-turn|p1a: Dragonite\n|-resisted|p1a: Dragonite\n|-damage|p1a: Dragonite|300\/323\n|\n|t:|1663693225\n|switch|p2a: Hydreigon|Hydreigon, F|294\/326\n|move|p1a: Dragonite|Dragon Dance|p1a: Dragonite\n|-boost|p1a: Dragonite|atk|1\n|-boost|p1a: Dragonite|spe|1\n|\n|upkeep\n|turn|15\n|\n|t:|1663693228\n|move|p1a: Dragonite|Ice Punch|p2a: Hydreigon\n|-supereffective|p2a: Hydreigon\n|-damage|p2a: Hydreigon|16\/326\n|move|p2a: Hydreigon|Dark Pulse|p1a: Dragonite\n|-damage|p1a: Dragonite|112\/323\n|-damage|p2a: Hydreigon|0 fnt|[from] item: Life Orb\n|faint|p2a: Hydreigon\n|\n|upkeep\n|\n|t:|1663693236\n|switch|p2a: Urshifu|Urshifu-Rapid-Strike, F|237\/342\n|turn|16\n|\n|t:|1663693239\n|move|p1a: Dragonite|Roost|p1a: Dragonite\n|-heal|p1a: Dragonite|274\/323\n|-singleturn|p1a: Dragonite|move: Roost\n|move|p2a: Urshifu|Surging Strikes|p1a: Dragonite\n|-resisted|p1a: Dragonite\n|-crit|p1a: Dragonite\n|-damage|p1a: Dragonite|238\/323\n|-resisted|p1a: Dragonite\n|-crit|p1a: Dragonite\n|-damage|p1a: Dragonite|202\/323\n|-resisted|p1a: Dragonite\n|-crit|p1a: Dragonite\n|-damage|p1a: Dragonite|166\/323\n|-hitcount|p1a: Dragonite|3\n|\n|upkeep\n|turn|17\n|\n|t:|1663693243\n|move|p1a: Dragonite|Roost|p1a: Dragonite\n|-heal|p1a: Dragonite|323\/323\n|-singleturn|p1a: Dragonite|move: Roost\n|move|p2a: Urshifu|Surging Strikes|p1a: Dragonite\n|-resisted|p1a: Dragonite\n|-crit|p1a: Dragonite\n|-damage|p1a: Dragonite|305\/323\n|-resisted|p1a: Dragonite\n|-crit|p1a: Dragonite\n|-damage|p1a: Dragonite|272\/323\n|-resisted|p1a: Dragonite\n|-crit|p1a: Dragonite\n|-damage|p1a: Dragonite|238\/323\n|-hitcount|p1a: Dragonite|3\n|\n|upkeep\n|turn|18\n|\n|t:|1663693246\n|move|p1a: Dragonite|Roost|p1a: Dragonite\n|-heal|p1a: Dragonite|323\/323\n|-singleturn|p1a: Dragonite|move: Roost\n|move|p2a: Urshifu|Surging Strikes|p1a: Dragonite\n|-resisted|p1a: Dragonite\n|-crit|p1a: Dragonite\n|-damage|p1a: Dragonite|304\/323\n|-resisted|p1a: Dragonite\n|-crit|p1a: Dragonite\n|-damage|p1a: Dragonite|268\/323\n|-resisted|p1a: Dragonite\n|-crit|p1a: Dragonite\n|-damage|p1a: Dragonite|233\/323\n|-hitcount|p1a: Dragonite|3\n|\n|upkeep\n|turn|19\n|\n|t:|1663693250\n|move|p1a: Dragonite|Dragon Dance|p1a: Dragonite\n|-boost|p1a: Dragonite|atk|1\n|-boost|p1a: Dragonite|spe|1\n|move|p2a: Urshifu|U-turn|p1a: Dragonite\n|-resisted|p1a: Dragonite\n|-damage|p1a: Dragonite|189\/323\n|\n|t:|1663693252\n|switch|p2a: Zapdos|Zapdos|119\/345\n|\n|upkeep\n|turn|20\n|\n|t:|1663693255\n|move|p1a: Dragonite|Ice Punch|p2a: Zapdos\n|-supereffective|p2a: Zapdos\n|-damage|p2a: Zapdos|0 fnt\n|faint|p2a: Zapdos\n|\n|upkeep\n|\n|t:|1663693257\n|switch|p2a: Urshifu|Urshifu-Rapid-Strike, F|237\/342\n|turn|21\n|j| scoobs103\n|\n|t:|1663693263\n|move|p1a: Dragonite|Earthquake|p2a: Urshifu\n|-damage|p2a: Urshifu|1\/342\n|move|p2a: Urshifu|Surging Strikes|p1a: Dragonite\n|-resisted|p1a: Dragonite\n|-crit|p1a: Dragonite\n|-damage|p1a: Dragonite|151\/323\n|-resisted|p1a: Dragonite\n|-crit|p1a: Dragonite\n|-damage|p1a: Dragonite|118\/323\n|-resisted|p1a: Dragonite\n|-crit|p1a: Dragonite\n|-damage|p1a: Dragonite|80\/323\n|-hitcount|p1a: Dragonite|3\n|\n|upkeep\n|turn|22\n|\n|t:|1663693267\n|move|p2a: Urshifu|Aqua Jet|p1a: Dragonite\n|-resisted|p1a: Dragonite\n|-damage|p1a: Dragonite|40\/323\n|move|p1a: Dragonite|Ice Punch|p2a: Urshifu\n|-resisted|p2a: Urshifu\n|-damage|p2a: Urshifu|0 fnt\n|faint|p2a: Urshifu\n|\n|win|return nirvana\n|n|\u2606return nirvana|returnnirvana\n|n|\u2606Bruhamastra|bruhamastra\n|n| scoobs103|scoobs103\n","uploadtime":1663693271,"views":10,"p1id":"returnnirvana","p2id":"bruhamastra","formatid":"gen8battlefactory","rating":0,"private":0,"password":null}