{"id":"gen8ou-1599484631","p1":"fishy8995","p2":"Salamandora","format":"gen8ou","log":"|j|\u2606fishy8995\n|j|\u2606Salamandora\n|t:|1655621407\n|gametype|singles\n|player|p1|fishy8995|102|1544\n|player|p2|Salamandora|benga|1561\n|teamsize|p1|6\n|teamsize|p2|6\n|gen|8\n|tier|[Gen 8] OU\n|rated|\n|rule|Sleep Clause Mod: Limit one foe put to sleep\n|rule|Species Clause: Limit one of each Pok\u00e9mon\n|rule|OHKO Clause: OHKO moves are banned\n|rule|Evasion Moves Clause: Evasion moves are banned\n|rule|Endless Battle Clause: Forcing endless battles is banned\n|rule|HP Percentage Mod: HP is shown in percentages\n|rule|Dynamax Clause: You cannot dynamax\n|clearpoke\n|poke|p1|Hippowdon, M|\n|poke|p1|Tyranitar, F|\n|poke|p1|Excadrill, F|\n|poke|p1|Latias, F|\n|poke|p1|Toxapex, F|\n|poke|p1|Dracozolt|\n|poke|p2|Jolteon, F|\n|poke|p2|Zoroark, M|\n|poke|p2|Arcanine, M|\n|poke|p2|Mantine, F|\n|poke|p2|Tyranitar, M|\n|poke|p2|Mamoswine, F|\n|teampreview\n|\n|t:|1655621418\n|start\n|switch|p1a: Excadrill|Excadrill, F, shiny|100\/100\n|switch|p2a: Jolteon|Jolteon, F|100\/100\n|turn|1\n|\n|t:|1655621426\n|move|p2a: Jolteon|Flamethrower|p1a: Excadrill\n|-supereffective|p1a: Excadrill\n|-enditem|p1a: Excadrill|Focus Sash\n|-damage|p1a: Excadrill|1\/100\n|move|p1a: Excadrill|Swords Dance|p1a: Excadrill\n|-boost|p1a: Excadrill|atk|2\n|\n|upkeep\n|turn|2\n|\n|t:|1655621434\n|switch|p1a: Tyranitar|Tyranitar, F|100\/100\n|-weather|Sandstorm|[from] ability: Sand Stream|[of] p1a: Tyranitar\n|move|p2a: Jolteon|Flamethrower|p1a: Tyranitar\n|-resisted|p1a: Tyranitar\n|-damage|p1a: Tyranitar|88\/100\n|\n|-weather|Sandstorm|[upkeep]\n|-damage|p2a: Jolteon|94\/100|[from] Sandstorm\n|upkeep\n|turn|3\n|\n|t:|1655621447\n|switch|p2a: Mamoswine|Mamoswine, F|100\/100\n|move|p1a: Tyranitar|Earthquake|p2a: Mamoswine\n|-damage|p2a: Mamoswine|64\/100\n|\n|-weather|Sandstorm|[upkeep]\n|upkeep\n|turn|4\n|\n|t:|1655621455\n|switch|p1a: Latias|Latias, F, shiny|100\/100\n|move|p2a: Mamoswine|Stealth Rock|p1a: Latias\n|-sidestart|p1: fishy8995|move: Stealth Rock\n|\n|-weather|Sandstorm|[upkeep]\n|-damage|p1a: Latias|94\/100|[from] Sandstorm\n|upkeep\n|turn|5\n|\n|t:|1655621464\n|switch|p2a: Mantine|Mantine, F|100\/100\n|move|p1a: Latias|Trick|p2a: Mantine\n|-activate|p1a: Latias|move: Trick|[of] p2a: Mantine\n|-item|p2a: Mantine|Ring Target|[from] move: Trick\n|-item|p1a: Latias|Leftovers|[from] move: Trick\n|\n|-weather|Sandstorm|[upkeep]\n|-damage|p1a: Latias|88\/100|[from] Sandstorm\n|-damage|p2a: Mantine|94\/100|[from] Sandstorm\n|-heal|p1a: Latias|94\/100|[from] item: Leftovers\n|upkeep\n|turn|6\n|\n|t:|1655621480\n|move|p1a: Latias|Defog|p2a: Mantine\n|-unboost|p2a: Mantine|evasion|1\n|-sideend|p1: fishy8995|Stealth Rock|[from] move: Defog|[of] p1a: Latias\n|move|p2a: Mantine|Toxic|p1a: Latias\n|-status|p1a: Latias|tox\n|\n|-weather|none\n|-heal|p1a: Latias|100\/100 tox|[from] item: Leftovers\n|-damage|p1a: Latias|94\/100 tox|[from] psn\n|upkeep\n|turn|7\n|\n|t:|1655621491\n|switch|p1a: Tyranitar|Tyranitar, F|88\/100\n|-weather|Sandstorm|[from] ability: Sand Stream|[of] p1a: Tyranitar\n|switch|p2a: Mamoswine|Mamoswine, F|64\/100\n|\n|-weather|Sandstorm|[upkeep]\n|upkeep\n|turn|8\n|\n|t:|1655621502\n|move|p2a: Mamoswine|Stealth Rock|p1a: Tyranitar\n|-sidestart|p1: fishy8995|move: Stealth Rock\n|move|p1a: Tyranitar|Flamethrower|p2a: Mamoswine\n|-supereffective|p2a: Mamoswine\n|-damage|p2a: Mamoswine|0 fnt\n|faint|p2a: Mamoswine\n|\n|-weather|Sandstorm|[upkeep]\n|upkeep\n|\n|t:|1655621511\n|switch|p2a: Tyranitar|Tyranitar, M|100\/100\n|turn|9\n|\n|t:|1655621516\n|switch|p1a: Hippowdon|Hippowdon, M|100\/100\n|-damage|p1a: Hippowdon|94\/100|[from] Stealth Rock\n|move|p2a: Tyranitar|Dragon Dance|p2a: Tyranitar\n|-boost|p2a: Tyranitar|atk|1\n|-boost|p2a: Tyranitar|spe|1\n|\n|-weather|Sandstorm|[upkeep]\n|upkeep\n|turn|10\n|\n|t:|1655621525\n|move|p2a: Tyranitar|Dragon Dance|p2a: Tyranitar\n|-boost|p2a: Tyranitar|atk|1\n|-boost|p2a: Tyranitar|spe|1\n|move|p1a: Hippowdon|Whirlwind|p2a: Tyranitar\n|drag|p2a: Arcanine|Arcanine, M|100\/100\n|-ability|p2a: Arcanine|Intimidate|boost\n|-unboost|p1a: Hippowdon|atk|1\n|\n|-weather|Sandstorm|[upkeep]\n|-damage|p2a: Arcanine|94\/100|[from] Sandstorm\n|upkeep\n|turn|11\n|\n|t:|1655621536\n|switch|p2a: Jolteon|Jolteon, F|94\/100\n|move|p1a: Hippowdon|Toxic|p2a: Jolteon|[miss]\n|-miss|p1a: Hippowdon|p2a: Jolteon\n|\n|-weather|none\n|upkeep\n|turn|12\n|\n|t:|1655621544\n|switch|p1a: Tyranitar|Tyranitar, F|88\/100\n|-damage|p1a: Tyranitar|76\/100|[from] Stealth Rock\n|-weather|Sandstorm|[from] ability: Sand Stream|[of] p1a: Tyranitar\n|move|p2a: Jolteon|Grass Knot|p1a: Tyranitar\n|-supereffective|p1a: Tyranitar\n|-damage|p1a: Tyranitar|13\/100\n|\n|-weather|Sandstorm|[upkeep]\n|-damage|p2a: Jolteon|88\/100|[from] Sandstorm\n|upkeep\n|turn|13\n|\n|t:|1655621556\n|move|p2a: Jolteon|Grass Knot|p1a: Tyranitar\n|-supereffective|p1a: Tyranitar\n|-damage|p1a: Tyranitar|0 fnt\n|faint|p1a: Tyranitar\n|\n|-weather|Sandstorm|[upkeep]\n|-damage|p2a: Jolteon|82\/100|[from] Sandstorm\n|upkeep\n|\n|t:|1655621561\n|switch|p1a: Dracozolt|Dracozolt|100\/100\n|-damage|p1a: Dracozolt|88\/100|[from] Stealth Rock\n|turn|14\n|\n|t:|1655621574\n|switch|p2a: Arcanine|Arcanine, M|94\/100\n|-ability|p2a: Arcanine|Intimidate|boost\n|-unboost|p1a: Dracozolt|atk|1\n|move|p1a: Dracozolt|Bolt Beak|p2a: Arcanine\n|-damage|p2a: Arcanine|44\/100\n|-damage|p1a: Dracozolt|72\/100|[from] item: Rocky Helmet|[of] p2a: Arcanine\n|-damage|p1a: Dracozolt|62\/100|[from] item: Life Orb\n|\n|-weather|Sandstorm|[upkeep]\n|-damage|p2a: Arcanine|38\/100|[from] Sandstorm\n|upkeep\n|turn|15\n|\n|t:|1655621591\n|switch|p2a: Jolteon|Jolteon, F|100\/100\n|move|p1a: Dracozolt|Earthquake|p2a: Jolteon\n|-supereffective|p2a: Jolteon\n|-damage|p2a: Jolteon|3\/100\n|-damage|p1a: Dracozolt|52\/100|[from] item: Life Orb\n|\n|-weather|Sandstorm|[upkeep]\n|-damage|p2a: Jolteon|0 fnt|[from] Sandstorm\n|faint|p2a: Jolteon\n|upkeep\n|\n|t:|1655621604\n|switch|p2a: Arcanine|Arcanine, M|38\/100\n|-ability|p2a: Arcanine|Intimidate|boost\n|-unboost|p1a: Dracozolt|atk|1\n|turn|16\n|\n|t:|1655621613\n|switch|p1a: Latias|Latias, F, shiny|94\/100 tox\n|-damage|p1a: Latias|82\/100 tox|[from] Stealth Rock\n|move|p2a: Arcanine|Will-O-Wisp|p1a: Latias|[miss]\n|-miss|p2a: Arcanine|p1a: Latias\n|\n|-weather|none\n|-heal|p1a: Latias|88\/100 tox|[from] item: Leftovers\n|-damage|p1a: Latias|82\/100 tox|[from] psn\n|upkeep\n|turn|17\n|\n|t:|1655621625\n|move|p1a: Latias|Defog|p2a: Arcanine\n|-unboost|p2a: Arcanine|evasion|1\n|-sideend|p1: fishy8995|Stealth Rock|[from] move: Defog|[of] p1a: Latias\n|move|p2a: Arcanine|Morning Sun|p2a: Arcanine\n|-heal|p2a: Arcanine|88\/100\n|\n|-heal|p1a: Latias|88\/100 tox|[from] item: Leftovers\n|-damage|p1a: Latias|76\/100 tox|[from] psn\n|upkeep\n|turn|18\n|\n|t:|1655621636\n|switch|p2a: Tyranitar|Tyranitar, M|100\/100\n|-weather|Sandstorm|[from] ability: Sand Stream|[of] p2a: Tyranitar\n|move|p1a: Latias|Healing Wish|p1a: Latias\n|faint|p1a: Latias\n|\n|-weather|Sandstorm|[upkeep]\n|upkeep\n|\n|t:|1655621644\n|switch|p1a: Excadrill|Excadrill, F, shiny|1\/100\n|-heal|p1a: Excadrill|100\/100|[from] move: Healing Wish\n|turn|19\n|\n|t:|1655621649\n|switch|p2a: Mantine|Mantine, F|94\/100\n|move|p1a: Excadrill|Earthquake|p2a: Mantine\n|-damage|p2a: Mantine|45\/100\n|\n|-weather|Sandstorm|[upkeep]\n|-damage|p2a: Mantine|38\/100|[from] Sandstorm\n|upkeep\n|turn|20\n|\n|t:|1655621664\n|switch|p2a: Arcanine|Arcanine, M|88\/100\n|-ability|p2a: Arcanine|Intimidate|boost\n|-unboost|p1a: Excadrill|atk|1\n|move|p1a: Excadrill|Earthquake|p2a: Arcanine\n|-supereffective|p2a: Arcanine\n|-damage|p2a: Arcanine|25\/100\n|\n|-weather|Sandstorm|[upkeep]\n|-damage|p2a: Arcanine|19\/100|[from] Sandstorm\n|upkeep\n|turn|21\n|\n|t:|1655621675\n|switch|p2a: Mantine|Mantine, F|38\/100\n|move|p1a: Excadrill|Earthquake|p2a: Mantine\n|-damage|p2a: Mantine|6\/100\n|\n|-weather|Sandstorm|[upkeep]\n|-damage|p2a: Mantine|0 fnt|[from] Sandstorm\n|faint|p2a: Mantine\n|upkeep\n|\n|t:|1655621684\n|switch|p2a: Arcanine|Arcanine, M|19\/100\n|-ability|p2a: Arcanine|Intimidate|boost\n|-unboost|p1a: Excadrill|atk|1\n|turn|22\n|\n|t:|1655621689\n|move|p1a: Excadrill|Earthquake|p2a: Arcanine\n|-supereffective|p2a: Arcanine\n|-damage|p2a: Arcanine|0 fnt\n|faint|p2a: Arcanine\n|\n|-weather|none\n|upkeep\n|\n|t:|1655621696\n|switch|p2a: Tyranitar|Tyranitar, M|100\/100\n|-weather|Sandstorm|[from] ability: Sand Stream|[of] p2a: Tyranitar\n|turn|23\n|\n|t:|1655621700\n|switch|p1a: Hippowdon|Hippowdon, M|94\/100\n|move|p2a: Tyranitar|Dragon Dance|p2a: Tyranitar\n|-boost|p2a: Tyranitar|atk|1\n|-boost|p2a: Tyranitar|spe|1\n|\n|-weather|Sandstorm|[upkeep]\n|upkeep\n|turn|24\n|\n|t:|1655621715\n|move|p2a: Tyranitar|Ice Punch|p1a: Hippowdon\n|-supereffective|p1a: Hippowdon\n|-damage|p1a: Hippowdon|59\/100\n|move|p1a: Hippowdon|Toxic|p2a: Tyranitar\n|-status|p2a: Tyranitar|tox\n|\n|-weather|Sandstorm|[upkeep]\n|-damage|p2a: Tyranitar|94\/100 tox|[from] psn\n|upkeep\n|turn|25\n|\n|t:|1655621723\n|move|p2a: Tyranitar|Dragon Dance|p2a: Tyranitar\n|-boost|p2a: Tyranitar|atk|1\n|-boost|p2a: Tyranitar|spe|1\n|move|p1a: Hippowdon|Stealth Rock|p2a: Tyranitar\n|-sidestart|p2: Salamandora|move: Stealth Rock\n|\n|-weather|Sandstorm|[upkeep]\n|-damage|p2a: Tyranitar|82\/100 tox|[from] psn\n|upkeep\n|turn|26\n|\n|t:|1655621733\n|move|p2a: Tyranitar|Dragon Dance|p2a: Tyranitar\n|-boost|p2a: Tyranitar|atk|1\n|-boost|p2a: Tyranitar|spe|1\n|move|p1a: Hippowdon|Slack Off|p1a: Hippowdon\n|-heal|p1a: Hippowdon|100\/100\n|\n|-weather|Sandstorm|[upkeep]\n|-damage|p2a: Tyranitar|63\/100 tox|[from] psn\n|upkeep\n|turn|27\n|\n|t:|1655621741\n|move|p2a: Tyranitar|Ice Punch|p1a: Hippowdon\n|-supereffective|p1a: Hippowdon\n|-damage|p1a: Hippowdon|42\/100\n|move|p1a: Hippowdon|Whirlwind|p2a: Tyranitar\n|drag|p2a: Tyranitar|Tyranitar, M|82\/100\n|-damage|p2a: Tyranitar|70\/100|[from] Stealth Rock\n|\n|-weather|none\n|upkeep\n|turn|28\n|-message|Salamandora forfeited.\n|\n|win|fishy8995\n|raw|fishy8995's rating: 1544 &rarr; <strong>1565<\/strong><br \/>(+21 for winning)\n|raw|Salamandora's rating: 1561 &rarr; <strong>1540<\/strong><br \/>(-21 for losing)\n|l|\u2606Salamandora\n|l|\u2606fishy8995\n","uploadtime":1655621773,"views":22,"p1id":"fishy8995","p2id":"salamandora","formatid":"gen8ou","rating":1540,"private":0,"password":null}