{"id":"gen8ou-1689030465","p1":"Celistesting","p2":"dracaufeu shiny","format":"gen8ou","log":"|html|<div class=\"broadcast-blue\"><strong>[Gen 8] OU is currently suspecting Melmetal! For information on how to participate check out the <a href=\"https:\/\/www.smogon.com\/forums\/threads\/np-ss-ou-suspect-process-round-12-monster-mash.3709234\/\">suspect thread<\/a>.<\/strong><\/div>\n|j|\u2606Celistesting\n|j|\u2606dracaufeu shiny\n|t:|1666125150\n|gametype|singles\n|player|p1|Celistesting|nate|1650\n|player|p2|dracaufeu shiny|red|1706\n|teamsize|p1|6\n|teamsize|p2|6\n|gen|8\n|tier|[Gen 8] OU\n|rated|\n|rule|Sleep Clause Mod: Limit one foe put to sleep\n|rule|Species Clause: Limit one of each Pok\u00e9mon\n|rule|OHKO Clause: OHKO moves are banned\n|rule|Evasion Items Clause: Evasion items are banned\n|rule|Evasion Moves Clause: Evasion moves are banned\n|rule|Endless Battle Clause: Forcing endless battles is banned\n|rule|HP Percentage Mod: HP is shown in percentages\n|rule|Dynamax Clause: You cannot dynamax\n|clearpoke\n|poke|p1|Rillaboom, M|\n|poke|p1|Tapu Koko|\n|poke|p1|Mamoswine, M|\n|poke|p1|Urshifu-*, M|\n|poke|p1|Victini|\n|poke|p1|Garchomp, M|\n|poke|p2|Pelipper, M|\n|poke|p2|Tyranitar, F|\n|poke|p2|Ferrothorn, M|\n|poke|p2|Zapdos|\n|poke|p2|Urshifu-*, M|\n|poke|p2|Excadrill, M|\n|teampreview\n|\n|t:|1666125164\n|start\n|switch|p1a: Urshifu|Urshifu-Rapid-Strike, M|100\/100\n|switch|p2a: Pelipper|Pelipper, M|100\/100\n|-weather|RainDance|[from] ability: Drizzle|[of] p2a: Pelipper\n|turn|1\n|\n|t:|1666125167\n|switch|p2a: Ferrothorn|Ferrothorn, M|100\/100\n|move|p1a: Urshifu|Thunder Punch|p2a: Ferrothorn\n|-resisted|p2a: Ferrothorn\n|-damage|p2a: Ferrothorn|93\/100\n|-activate|p2a: Ferrothorn|ability: Iron Barbs\n|-activate|p1a: Urshifu|item: Protective Pads\n|\n|-weather|RainDance|[upkeep]\n|-heal|p2a: Ferrothorn|99\/100|[from] item: Leftovers\n|upkeep\n|turn|2\n|\n|t:|1666125178\n|switch|p2a: Zapdos|Zapdos|100\/100\n|move|p1a: Urshifu|U-turn|p2a: Zapdos\n|-resisted|p2a: Zapdos\n|-damage|p2a: Zapdos|90\/100\n|\n|t:|1666125183\n|switch|p1a: Garchadomp|Garchomp, M, shiny|100\/100|[from]move: U-turn\n|\n|-weather|RainDance|[upkeep]\n|upkeep\n|turn|3\n|\n|t:|1666125187\n|move|p1a: Garchadomp|Toxic|p2a: Zapdos|[miss]\n|-miss|p1a: Garchadomp|p2a: Zapdos\n|move|p2a: Zapdos|Hurricane|p1a: Garchadomp\n|-damage|p1a: Garchadomp|50\/100\n|\n|-weather|RainDance|[upkeep]\n|upkeep\n|turn|4\n|\n|t:|1666125191\n|move|p1a: Garchadomp|Toxic|p2a: Zapdos\n|-status|p2a: Zapdos|tox\n|move|p2a: Zapdos|Hurricane|p1a: Garchadomp\n|-damage|p1a: Garchadomp|6\/100\n|\n|-weather|RainDance|[upkeep]\n|-damage|p2a: Zapdos|84\/100 tox|[from] psn\n|upkeep\n|turn|5\n|\n|t:|1666125195\n|move|p1a: Garchadomp|Stealth Rock|p2a: Zapdos\n|-sidestart|p2: dracaufeu shiny|move: Stealth Rock\n|move|p2a: Zapdos|Hurricane|p1a: Garchadomp\n|-damage|p1a: Garchadomp|0 fnt\n|faint|p1a: Garchadomp\n|\n|-weather|none\n|-damage|p2a: Zapdos|72\/100 tox|[from] psn\n|upkeep\n|\n|t:|1666125200\n|switch|p1a: Mamoswine|Mamoswine, M|100\/100\n|turn|6\n|\n|t:|1666125203\n|switch|p2a: Ferrothorn|Ferrothorn, M|99\/100\n|-damage|p2a: Ferrothorn|93\/100|[from] Stealth Rock\n|move|p1a: Mamoswine|Icicle Crash|p2a: Ferrothorn\n|-damage|p2a: Ferrothorn|68\/100\n|\n|-heal|p2a: Ferrothorn|75\/100|[from] item: Leftovers\n|upkeep\n|turn|7\n|\n|t:|1666125208\n|move|p1a: Mamoswine|Earthquake|p2a: Ferrothorn\n|-damage|p2a: Ferrothorn|42\/100\n|move|p2a: Ferrothorn|Stealth Rock|p1a: Mamoswine\n|-sidestart|p1: Celistesting|move: Stealth Rock\n|\n|-heal|p2a: Ferrothorn|49\/100|[from] item: Leftovers\n|upkeep\n|turn|8\n|\n|t:|1666125211\n|move|p1a: Mamoswine|Earthquake|p2a: Ferrothorn\n|-damage|p2a: Ferrothorn|18\/100\n|move|p2a: Ferrothorn|Leech Seed|p1a: Mamoswine\n|-start|p1a: Mamoswine|move: Leech Seed\n|\n|-heal|p2a: Ferrothorn|24\/100|[from] item: Leftovers\n|-damage|p1a: Mamoswine|88\/100|[from] Leech Seed|[of] p2a: Ferrothorn\n|-heal|p2a: Ferrothorn|37\/100|[silent]\n|upkeep\n|turn|9\n|\n|t:|1666125213\n|switch|p1a: Victini|Victini|100\/100\n|move|p2a: Ferrothorn|Knock Off|p1a: Victini\n|-supereffective|p1a: Victini\n|-damage|p1a: Victini|55\/100\n|-enditem|p1a: Victini|Heavy-Duty Boots|[from] move: Knock Off|[of] p2a: Ferrothorn\n|\n|-heal|p2a: Ferrothorn|43\/100|[from] item: Leftovers\n|upkeep\n|turn|10\n|\n|t:|1666125228\n|move|p1a: Victini|Psychic|p2a: Ferrothorn\n|-resisted|p2a: Ferrothorn\n|-damage|p2a: Ferrothorn|25\/100\n|move|p2a: Ferrothorn|Knock Off|p1a: Victini\n|-supereffective|p1a: Victini\n|-damage|p1a: Victini|28\/100\n|\n|-heal|p2a: Ferrothorn|31\/100|[from] item: Leftovers\n|upkeep\n|turn|11\n|\n|t:|1666125250\n|move|p1a: Victini|Searing Shot|p2a: Ferrothorn\n|-supereffective|p2a: Ferrothorn\n|-damage|p2a: Ferrothorn|0 fnt\n|faint|p2a: Ferrothorn\n|\n|upkeep\n|\n|t:|1666125253\n|switch|p2a: Urshifu|Urshifu-Rapid-Strike, M|100\/100\n|-damage|p2a: Urshifu|94\/100|[from] Stealth Rock\n|turn|12\n|\n|t:|1666125257\n|move|p2a: Urshifu|U-turn|p1a: Victini\n|-damage|p1a: Victini|5\/100\n|\n|t:|1666125260\n|switch|p2a: Tyranitar|Tyranitar, F|100\/100|[from]move: U-turn\n|-damage|p2a: Tyranitar|88\/100|[from] Stealth Rock\n|-weather|Sandstorm|[from] ability: Sand Stream|[of] p2a: Tyranitar\n|move|p1a: Victini|Psychic|p2a: Tyranitar\n|-immune|p2a: Tyranitar\n|\n|-weather|Sandstorm|[upkeep]\n|-damage|p1a: Victini|0 fnt|[from] Sandstorm\n|faint|p1a: Victini\n|upkeep\n|\n|t:|1666125266\n|switch|p1a: Urshifu|Urshifu-Rapid-Strike, M|100\/100\n|-damage|p1a: Urshifu|94\/100|[from] Stealth Rock\n|turn|13\n|\n|t:|1666125270\n|switch|p2a: Urshifu|Urshifu-Rapid-Strike, M|94\/100\n|-damage|p2a: Urshifu|88\/100|[from] Stealth Rock\n|move|p1a: Urshifu|Surging Strikes|p2a: Urshifu\n|-resisted|p2a: Urshifu\n|-crit|p2a: Urshifu\n|-damage|p2a: Urshifu|78\/100\n|-resisted|p2a: Urshifu\n|-crit|p2a: Urshifu\n|-damage|p2a: Urshifu|66\/100\n|-resisted|p2a: Urshifu\n|-crit|p2a: Urshifu\n|-damage|p2a: Urshifu|55\/100\n|-hitcount|p2a: Urshifu|3\n|\n|-weather|Sandstorm|[upkeep]\n|-damage|p2a: Urshifu|49\/100|[from] Sandstorm\n|-damage|p1a: Urshifu|88\/100|[from] Sandstorm\n|upkeep\n|turn|14\n|\n|t:|1666125283\n|switch|p1a: Tapu Rilla|Rillaboom, M|100\/100\n|-damage|p1a: Tapu Rilla|88\/100|[from] Stealth Rock\n|-fieldstart|move: Grassy Terrain|[from] ability: Grassy Surge|[of] p1a: Tapu Rilla\n|move|p2a: Urshifu|Surging Strikes|p1a: Tapu Rilla\n|-resisted|p1a: Tapu Rilla\n|-crit|p1a: Tapu Rilla\n|-damage|p1a: Tapu Rilla|77\/100\n|-resisted|p1a: Tapu Rilla\n|-crit|p1a: Tapu Rilla\n|-damage|p1a: Tapu Rilla|66\/100\n|-resisted|p1a: Tapu Rilla\n|-crit|p1a: Tapu Rilla\n|-damage|p1a: Tapu Rilla|54\/100\n|-hitcount|p1a: Tapu Rilla|3\n|\n|-weather|Sandstorm|[upkeep]\n|-damage|p2a: Urshifu|43\/100|[from] Sandstorm\n|-damage|p1a: Tapu Rilla|48\/100|[from] Sandstorm\n|-heal|p2a: Urshifu|49\/100|[from] Grassy Terrain\n|-heal|p1a: Tapu Rilla|54\/100|[from] Grassy Terrain\n|upkeep\n|turn|15\n|\n|t:|1666125288\n|switch|p2a: Pelipper|Pelipper, M|100\/100\n|-damage|p2a: Pelipper|76\/100|[from] Stealth Rock\n|-weather|RainDance|[from] ability: Drizzle|[of] p2a: Pelipper\n|move|p1a: Tapu Rilla|Knock Off|p2a: Pelipper\n|-damage|p2a: Pelipper|10\/100\n|-enditem|p2a: Pelipper|Choice Specs|[from] move: Knock Off|[of] p1a: Tapu Rilla\n|-damage|p1a: Tapu Rilla|44\/100|[from] item: Life Orb\n|\n|-weather|RainDance|[upkeep]\n|-heal|p1a: Tapu Rilla|51\/100|[from] Grassy Terrain\n|upkeep\n|turn|16\n|\n|t:|1666125292\n|move|p1a: Tapu Rilla|Grassy Glide|p2a: Pelipper\n|-damage|p2a: Pelipper|0 fnt\n|faint|p2a: Pelipper\n|-damage|p1a: Tapu Rilla|41\/100|[from] item: Life Orb\n|\n|-weather|RainDance|[upkeep]\n|-heal|p1a: Tapu Rilla|47\/100|[from] Grassy Terrain\n|upkeep\n|\n|t:|1666125294\n|switch|p2a: Zapdos|Zapdos|72\/100 tox\n|turn|17\n|\n|t:|1666125299\n|switch|p1a: Papu Loko|Tapu Koko|100\/100\n|-damage|p1a: Papu Loko|88\/100|[from] Stealth Rock\n|-fieldstart|move: Electric Terrain|[from] ability: Electric Surge|[of] p1a: Papu Loko\n|move|p2a: Zapdos|Volt Switch|p1a: Papu Loko\n|-resisted|p1a: Papu Loko\n|-damage|p1a: Papu Loko|65\/100\n|\n|t:|1666125303\n|switch|p2a: Urshifu|Urshifu-Rapid-Strike, M|49\/100|[from]move: Volt Switch\n|-damage|p2a: Urshifu|43\/100|[from] Stealth Rock\n|\n|-weather|RainDance|[upkeep]\n|upkeep\n|turn|18\n|\n|t:|1666125306\n|move|p1a: Papu Loko|Dazzling Gleam|p2a: Urshifu\n|-supereffective|p2a: Urshifu\n|-damage|p2a: Urshifu|0 fnt\n|faint|p2a: Urshifu\n|\n|-weather|RainDance|[upkeep]\n|upkeep\n|\n|t:|1666125309\n|switch|p2a: Excadrill|Excadrill, M|100\/100\n|-damage|p2a: Excadrill|97\/100|[from] Stealth Rock\n|turn|19\n|\n|t:|1666125316\n|switch|p1a: Mamoswine|Mamoswine, M|88\/100\n|-damage|p1a: Mamoswine|76\/100|[from] Stealth Rock\n|move|p2a: Excadrill|Rapid Spin|p1a: Mamoswine\n|-damage|p1a: Mamoswine|51\/100\n|-boost|p2a: Excadrill|spe|1\n|-sideend|p2: dracaufeu shiny|Stealth Rock|[from] move: Rapid Spin|[of] p2a: Excadrill\n|\n|-weather|none\n|-heal|p2a: Excadrill|100\/100|[from] item: Leftovers\n|upkeep\n|turn|20\n|\n|t:|1666125320\n|move|p1a: Mamoswine|Ice Shard|p2a: Excadrill\n|-damage|p2a: Excadrill|72\/100\n|move|p2a: Excadrill|Iron Head|p1a: Mamoswine\n|-supereffective|p1a: Mamoswine\n|-damage|p1a: Mamoswine|0 fnt\n|faint|p1a: Mamoswine\n|\n|-heal|p2a: Excadrill|78\/100|[from] item: Leftovers\n|upkeep\n|\n|t:|1666125325\n|switch|p1a: Tapu Rilla|Rillaboom, M|47\/100\n|-damage|p1a: Tapu Rilla|35\/100|[from] Stealth Rock\n|-fieldstart|move: Grassy Terrain|[from] ability: Grassy Surge|[of] p1a: Tapu Rilla\n|turn|21\n|\n|t:|1666125331\n|switch|p2a: Zapdos|Zapdos|72\/100 tox\n|move|p1a: Tapu Rilla|Grassy Glide|p2a: Zapdos\n|-resisted|p2a: Zapdos\n|-crit|p2a: Zapdos\n|-damage|p2a: Zapdos|30\/100 tox\n|-damage|p1a: Tapu Rilla|25\/100|[from] item: Life Orb\n|\n|-heal|p1a: Tapu Rilla|31\/100|[from] Grassy Terrain\n|-damage|p2a: Zapdos|24\/100 tox|[from] psn\n|upkeep\n|turn|22\n|\n|t:|1666125335\n|move|p1a: Tapu Rilla|Grassy Glide|p2a: Zapdos\n|-resisted|p2a: Zapdos\n|-damage|p2a: Zapdos|0 fnt\n|faint|p2a: Zapdos\n|-damage|p1a: Tapu Rilla|21\/100|[from] item: Life Orb\n|\n|-heal|p1a: Tapu Rilla|27\/100|[from] Grassy Terrain\n|upkeep\n|\n|t:|1666125340\n|switch|p2a: Excadrill|Excadrill, M|78\/100\n|turn|23\n|\n|t:|1666125342\n|move|p1a: Tapu Rilla|Grassy Glide|p2a: Excadrill\n|-damage|p2a: Excadrill|0 fnt\n|faint|p2a: Excadrill\n|-damage|p1a: Tapu Rilla|17\/100|[from] item: Life Orb\n|\n|-heal|p1a: Tapu Rilla|23\/100|[from] Grassy Terrain\n|upkeep\n|\n|t:|1666125345\n|switch|p2a: Tyranitar|Tyranitar, F|88\/100\n|-weather|Sandstorm|[from] ability: Sand Stream|[of] p2a: Tyranitar\n|turn|24\n|\n|t:|1666125348\n|move|p1a: Tapu Rilla|Drain Punch|p2a: Tyranitar\n|-supereffective|p2a: Tyranitar\n|-damage|p2a: Tyranitar|0 fnt\n|-heal|p1a: Tapu Rilla|67\/100|[from] drain|[of] p2a: Tyranitar\n|faint|p2a: Tyranitar\n|-damage|p1a: Tapu Rilla|57\/100|[from] item: Life Orb\n|\n|win|Celistesting\n|raw|Celistesting's rating: 1650 &rarr; <strong>1673<\/strong><br \/>(+23 for winning)\n|raw|dracaufeu shiny's rating: 1706 &rarr; <strong>1683<\/strong><br \/>(-23 for losing)\n|l|\u2606dracaufeu shiny\n|c|\u2606Celistesting|gg\n||Ladder isn't responding, score probably updated but might not have (Request timeout).\n","uploadtime":1666125360,"views":8,"p1id":"celistesting","p2id":"dracaufeushiny","formatid":"gen8ou","rating":1673,"private":0,"password":null}