{"id":"gen8ou-1606944287","p1":"andrewm0n","p2":"Chokst du","format":"gen8ou","log":"|j|\u2606andrewm0n\n|j|\u2606Chokst du\n|t:|1656534513\n|gametype|singles\n|player|p1|andrewm0n|swimmerf|1740\n|player|p2|Chokst du|1|1783\n|teamsize|p1|6\n|teamsize|p2|6\n|gen|8\n|tier|[Gen 8] OU\n|rated|\n|rule|Sleep Clause Mod: Limit one foe put to sleep\n|rule|Species Clause: Limit one of each Pok\u00e9mon\n|rule|OHKO Clause: OHKO moves are banned\n|rule|Evasion Moves Clause: Evasion moves are banned\n|rule|Endless Battle Clause: Forcing endless battles is banned\n|rule|HP Percentage Mod: HP is shown in percentages\n|rule|Dynamax Clause: You cannot dynamax\n|clearpoke\n|poke|p1|Blaziken, M|\n|poke|p1|Clefable, F|\n|poke|p1|Slowbro-Galar, M|\n|poke|p1|Corviknight, M|\n|poke|p1|Seismitoad, M|\n|poke|p1|Rillaboom, M|\n|poke|p2|Tyranitar, F|\n|poke|p2|Excadrill, M|\n|poke|p2|Landorus-Therian, M|\n|poke|p2|Tornadus-Therian, M|\n|poke|p2|Tapu Fini|\n|poke|p2|Magnezone|\n|teampreview\n|j| aisudfijafgdfg\n|\n|t:|1656534536\n|start\n|switch|p1a: Seismitoad|Seismitoad, M|100\/100\n|switch|p2a: Tornadus|Tornadus-Therian, M|100\/100\n|turn|1\n|\n|t:|1656534539\n|move|p2a: Tornadus|Toxic|p1a: Seismitoad\n|-status|p1a: Seismitoad|tox\n|move|p1a: Seismitoad|Knock Off|p2a: Tornadus\n|-damage|p2a: Tornadus|77\/100\n|-enditem|p2a: Tornadus|Heavy-Duty Boots|[from] move: Knock Off|[of] p1a: Seismitoad\n|\n|-damage|p1a: Seismitoad|94\/100 tox|[from] psn\n|upkeep\n|turn|2\n|\n|t:|1656534542\n|move|p2a: Tornadus|Knock Off|p1a: Seismitoad\n|-damage|p1a: Seismitoad|77\/100 tox\n|-enditem|p1a: Seismitoad|Leftovers|[from] move: Knock Off|[of] p2a: Tornadus\n|move|p1a: Seismitoad|Stealth Rock|p2a: Tornadus\n|-sidestart|p2: Chokst du|move: Stealth Rock\n|\n|-damage|p1a: Seismitoad|65\/100 tox|[from] psn\n|upkeep\n|turn|3\n|\n|t:|1656534544\n|move|p2a: Tornadus|U-turn|p1a: Seismitoad\n|-damage|p1a: Seismitoad|54\/100 tox\n|j| CB Bhris Breezy\n|\n|t:|1656534549\n|switch|p2a: Tapu Fini|Tapu Fini|100\/100|[from]move: U-turn\n|-damage|p2a: Tapu Fini|88\/100|[from] Stealth Rock\n|-fieldstart|move: Misty Terrain|[from] ability: Misty Surge|[of] p2a: Tapu Fini\n|move|p1a: Seismitoad|Toxic|p2a: Tapu Fini\n|-activate|p2a: Tapu Fini|move: Misty Terrain\n|\n|-heal|p2a: Tapu Fini|94\/100|[from] item: Leftovers\n|-damage|p1a: Seismitoad|36\/100 tox|[from] psn\n|upkeep\n|turn|4\n|\n|t:|1656534555\n|move|p2a: Tapu Fini|Draining Kiss|p1a: Seismitoad\n|-damage|p1a: Seismitoad|20\/100 tox\n|-heal|p2a: Tapu Fini|100\/100|[from] drain|[of] p1a: Seismitoad\n|move|p1a: Seismitoad|Knock Off|p2a: Tapu Fini\n|-resisted|p2a: Tapu Fini\n|-damage|p2a: Tapu Fini|93\/100\n|-enditem|p2a: Tapu Fini|Leftovers|[from] move: Knock Off|[of] p1a: Seismitoad\n|\n|-damage|p1a: Seismitoad|0 fnt|[from] psn\n|faint|p1a: Seismitoad\n|upkeep\n|\n|t:|1656534559\n|switch|p1a: Rillaboom|Rillaboom, M|100\/100\n|-fieldstart|move: Grassy Terrain|[from] ability: Grassy Surge|[of] p1a: Rillaboom\n|turn|5\n|\n|t:|1656534562\n|switch|p2a: Tornadus|Tornadus-Therian, M|100\/100\n|-damage|p2a: Tornadus|76\/100|[from] Stealth Rock\n|move|p1a: Rillaboom|Swords Dance|p1a: Rillaboom\n|-boost|p1a: Rillaboom|atk|2\n|\n|upkeep\n|turn|6\n|\n|t:|1656534566\n|switch|p1a: Corviknight|Corviknight, M|100\/100\n|move|p2a: Tornadus|Toxic|p1a: Corviknight\n|-immune|p1a: Corviknight\n|\n|upkeep\n|turn|7\n|\n|t:|1656534568\n|move|p2a: Tornadus|U-turn|p1a: Corviknight\n|-resisted|p1a: Corviknight\n|-crit|p1a: Corviknight\n|-damage|p1a: Corviknight|96\/100\n|-damage|p2a: Tornadus|59\/100|[from] item: Rocky Helmet|[of] p1a: Corviknight\n|\n|t:|1656534572\n|switch|p2a: Excadrill|Excadrill, M|100\/100|[from]move: U-turn\n|-damage|p2a: Excadrill|97\/100|[from] Stealth Rock\n|move|p1a: Corviknight|U-turn|p2a: Excadrill\n|-resisted|p2a: Excadrill\n|-damage|p2a: Excadrill|88\/100\n|\n|t:|1656534574\n|switch|p1a: Rillaboom|Rillaboom, M|100\/100|[from]move: U-turn\n|\n|-heal|p2a: Excadrill|94\/100|[from] Grassy Terrain\n|-heal|p2a: Excadrill|99\/100|[from] item: Leftovers\n|upkeep\n|turn|8\n|\n|t:|1656534581\n|switch|p2a: Tornadus|Tornadus-Therian, M|92\/100\n|-damage|p2a: Tornadus|67\/100|[from] Stealth Rock\n|move|p1a: Rillaboom|Wood Hammer|p2a: Tornadus\n|-resisted|p2a: Tornadus\n|-damage|p2a: Tornadus|12\/100\n|-damage|p1a: Rillaboom|81\/100|[from] Recoil\n|\n|-heal|p1a: Rillaboom|87\/100|[from] Grassy Terrain\n|upkeep\n|turn|9\n|\n|t:|1656534586\n|switch|p2a: Magnezone|Magnezone|100\/100\n|-damage|p2a: Magnezone|94\/100|[from] Stealth Rock\n|move|p1a: Rillaboom|Grassy Glide|p2a: Magnezone\n|-resisted|p2a: Magnezone\n|-damage|p2a: Magnezone|71\/100\n|-damage|p1a: Rillaboom|71\/100|[from] item: Rocky Helmet|[of] p2a: Magnezone\n|\n|-heal|p1a: Rillaboom|77\/100|[from] Grassy Terrain\n|-heal|p2a: Magnezone|77\/100|[from] Grassy Terrain\n|-fieldend|move: Grassy Terrain\n|upkeep\n|turn|10\n|\n|t:|1656534590\n|move|p1a: Rillaboom|Superpower|p2a: Magnezone\n|-supereffective|p2a: Magnezone\n|-damage|p2a: Magnezone|3\/100\n|-unboost|p1a: Rillaboom|atk|1\n|-unboost|p1a: Rillaboom|def|1\n|-damage|p1a: Rillaboom|61\/100|[from] item: Rocky Helmet|[of] p2a: Magnezone\n|move|p2a: Magnezone|Toxic|p1a: Rillaboom\n|-status|p1a: Rillaboom|tox\n|\n|-damage|p1a: Rillaboom|54\/100 tox|[from] psn\n|upkeep\n|turn|11\n|\n|t:|1656534596\n|move|p1a: Rillaboom|Wood Hammer|p2a: Magnezone\n|-resisted|p2a: Magnezone\n|-damage|p2a: Magnezone|0 fnt\n|-damage|p1a: Rillaboom|38\/100 tox|[from] item: Rocky Helmet|[of] p2a: Magnezone\n|faint|p2a: Magnezone\n|-damage|p1a: Rillaboom|37\/100 tox|[from] Recoil\n|\n|-damage|p1a: Rillaboom|25\/100 tox|[from] psn\n|upkeep\n|\n|t:|1656534598\n|switch|p2a: Excadrill|Excadrill, M|99\/100\n|-damage|p2a: Excadrill|97\/100|[from] Stealth Rock\n|turn|12\n|\n|t:|1656534600\n|switch|p1a: Corviknight|Corviknight, M|96\/100\n|move|p2a: Excadrill|Rapid Spin|p1a: Corviknight\n|-resisted|p1a: Corviknight\n|-damage|p1a: Corviknight|90\/100\n|-boost|p2a: Excadrill|spe|1\n|-damage|p2a: Excadrill|81\/100|[from] item: Rocky Helmet|[of] p1a: Corviknight\n|-sideend|p2: Chokst du|Stealth Rock|[from] move: Rapid Spin|[of] p2a: Excadrill\n|\n|-heal|p2a: Excadrill|87\/100|[from] item: Leftovers\n|upkeep\n|turn|13\n|\n|t:|1656534607\n|switch|p2a: Tornadus|Tornadus-Therian, M|45\/100\n|move|p1a: Corviknight|U-turn|p2a: Tornadus\n|-resisted|p2a: Tornadus\n|-damage|p2a: Tornadus|38\/100\n|\n|t:|1656534612\n|switch|p1a: Blaziken|Blaziken, M|100\/100|[from]move: U-turn\n|\n|upkeep\n|turn|14\n|\n|t:|1656534615\n|switch|p2a: Tapu Fini|Tapu Fini|93\/100\n|-fieldstart|move: Misty Terrain|[from] ability: Misty Surge|[of] p2a: Tapu Fini\n|move|p1a: Blaziken|Protect||[still]\n|-fail|p1a: Blaziken\n|\n|-ability|p1a: Blaziken|Speed Boost|boost\n|-boost|p1a: Blaziken|spe|1\n|upkeep\n|turn|15\n|\n|t:|1656534618\n|switch|p1a: Slowbro|Slowbro-Galar, M|100\/100\n|move|p2a: Tapu Fini|Scald|p1a: Slowbro\n|-damage|p1a: Slowbro|80\/100\n|\n|upkeep\n|turn|16\n|\n|t:|1656534622\n|switch|p2a: Landorus|Landorus-Therian, M|100\/100\n|-ability|p2a: Landorus|Intimidate|boost\n|-unboost|p1a: Slowbro|atk|1\n|move|p1a: Slowbro|Earthquake|p2a: Landorus\n|-immune|p2a: Landorus\n|\n|upkeep\n|turn|17\n|\n|t:|1656534625\n|switch|p1a: Corviknight|Corviknight, M|90\/100\n|move|p2a: Landorus|Substitute|p2a: Landorus\n|-start|p2a: Landorus|Substitute\n|-damage|p2a: Landorus|76\/100\n|\n|-heal|p2a: Landorus|82\/100|[from] item: Leftovers\n|upkeep\n|turn|18\n|\n|t:|1656534628\n|move|p2a: Landorus|Swords Dance|p2a: Landorus\n|-boost|p2a: Landorus|atk|2\n|move|p1a: Corviknight|U-turn|p2a: Landorus\n|-resisted|p2a: Landorus\n|-activate|p2a: Landorus|move: Substitute|[damage]\n|\n|t:|1656534630\n|switch|p1a: Clefable|Clefable, F|100\/100|[from]move: U-turn\n|\n|-heal|p2a: Landorus|88\/100|[from] item: Leftovers\n|-fieldend|Misty Terrain\n|upkeep\n|turn|19\n|\n|t:|1656534632\n|move|p2a: Landorus|Earthquake|p1a: Clefable\n|-damage|p1a: Clefable|59\/100\n|move|p1a: Clefable|Wish|p1a: Clefable\n|\n|-heal|p2a: Landorus|94\/100|[from] item: Leftovers\n|-heal|p1a: Clefable|65\/100|[from] item: Leftovers\n|upkeep\n|turn|20\n|\n|t:|1656534637\n|move|p2a: Landorus|Earthquake|p1a: Clefable\n|-damage|p1a: Clefable|20\/100\n|move|p1a: Clefable|Moonblast|p2a: Landorus\n|-end|p2a: Landorus|Substitute\n|\n|-heal|p1a: Clefable|70\/100|[from] move: Wish|[wisher] Clefable\n|-heal|p2a: Landorus|99\/100|[from] item: Leftovers\n|-heal|p1a: Clefable|76\/100|[from] item: Leftovers\n|upkeep\n|turn|21\n|\n|t:|1656534640\n|switch|p2a: Excadrill|Excadrill, M|87\/100\n|move|p1a: Clefable|Wish|p1a: Clefable\n|\n|-heal|p2a: Excadrill|93\/100|[from] item: Leftovers\n|-heal|p1a: Clefable|82\/100|[from] item: Leftovers\n|upkeep\n|turn|22\n|\n|t:|1656534644\n|move|p2a: Excadrill|Stealth Rock|p1a: Clefable\n|-sidestart|p1: andrewm0n|move: Stealth Rock\n|move|p1a: Clefable|Heal Bell|p1a: Clefable\n|-activate|p1a: Clefable|move: Heal Bell\n|-curestatus|p1: Rillaboom|tox|[msg]\n|\n|-heal|p1a: Clefable|100\/100|[from] move: Wish|[wisher] Clefable\n|-heal|p2a: Excadrill|99\/100|[from] item: Leftovers\n|upkeep\n|turn|23\n|\n|t:|1656534648\n|switch|p1a: Corviknight|Corviknight, M|90\/100\n|-damage|p1a: Corviknight|77\/100|[from] Stealth Rock\n|move|p2a: Excadrill|Iron Head|p1a: Corviknight\n|-resisted|p1a: Corviknight\n|-damage|p1a: Corviknight|62\/100\n|-damage|p2a: Excadrill|82\/100|[from] item: Rocky Helmet|[of] p1a: Corviknight\n|\n|-heal|p2a: Excadrill|88\/100|[from] item: Leftovers\n|upkeep\n|turn|24\n|\n|t:|1656534652\n|switch|p2a: Landorus|Landorus-Therian, M|99\/100\n|-ability|p2a: Landorus|Intimidate|boost\n|-ability|p1a: Corviknight|Mirror Armor\n|-unboost|p2a: Landorus|atk|1\n|move|p1a: Corviknight|Defog|p2a: Landorus\n|-unboost|p2a: Landorus|evasion|1\n|-sideend|p1: andrewm0n|Stealth Rock|[from] move: Defog|[of] p1a: Corviknight\n|\n|-heal|p2a: Landorus|100\/100|[from] item: Leftovers\n|upkeep\n|turn|25\n|\n|t:|1656534655\n|move|p2a: Landorus|Substitute|p2a: Landorus\n|-start|p2a: Landorus|Substitute\n|-damage|p2a: Landorus|76\/100\n|move|p1a: Corviknight|Roost|p1a: Corviknight\n|-heal|p1a: Corviknight|100\/100\n|-singleturn|p1a: Corviknight|move: Roost\n|\n|-heal|p2a: Landorus|82\/100|[from] item: Leftovers\n|upkeep\n|turn|26\n|\n|t:|1656534660\n|move|p2a: Landorus|Swords Dance|p2a: Landorus\n|-boost|p2a: Landorus|atk|2\n|move|p1a: Corviknight|Brave Bird|p2a: Landorus\n|-end|p2a: Landorus|Substitute\n|-damage|p1a: Corviknight|94\/100|[from] Recoil|[of] p2a: Landorus\n|\n|-heal|p2a: Landorus|88\/100|[from] item: Leftovers\n|upkeep\n|turn|27\n|\n|t:|1656534662\n|move|p2a: Landorus|Stone Edge|p1a: Corviknight\n|-damage|p1a: Corviknight|56\/100\n|move|p1a: Corviknight|Brave Bird|p2a: Landorus\n|-damage|p2a: Landorus|46\/100\n|-damage|p1a: Corviknight|45\/100|[from] Recoil\n|\n|-heal|p2a: Landorus|52\/100|[from] item: Leftovers\n|upkeep\n|turn|28\n|\n|t:|1656534666\n|move|p2a: Landorus|Stone Edge|p1a: Corviknight\n|-damage|p1a: Corviknight|0 fnt\n|faint|p1a: Corviknight\n|\n|-heal|p2a: Landorus|58\/100|[from] item: Leftovers\n|upkeep\n|\n|t:|1656534672\n|switch|p1a: Rillaboom|Rillaboom, M|25\/100\n|-fieldstart|move: Grassy Terrain|[from] ability: Grassy Surge|[of] p1a: Rillaboom\n|turn|29\n|j| Neil444\n|\n|t:|1656534677\n|switch|p2a: Tapu Fini|Tapu Fini|93\/100\n|-fieldstart|move: Misty Terrain|[from] ability: Misty Surge|[of] p2a: Tapu Fini\n|move|p1a: Rillaboom|Grassy Glide|p2a: Tapu Fini\n|-supereffective|p2a: Tapu Fini\n|-damage|p2a: Tapu Fini|26\/100\n|\n|upkeep\n|turn|30\n|\n|t:|1656534684\n|switch|p1a: Slowbro|Slowbro-Galar, M|100\/100\n|switch|p2a: Tornadus|Tornadus-Therian, M|71\/100\n|\n|upkeep\n|turn|31\n|\n|t:|1656534688\n|move|p2a: Tornadus|Knock Off|p1a: Slowbro\n|-supereffective|p1a: Slowbro\n|-damage|p1a: Slowbro|68\/100\n|-enditem|p1a: Slowbro|Assault Vest|[from] move: Knock Off|[of] p2a: Tornadus\n|move|p1a: Slowbro|Future Sight|p2a: Tornadus\n|-start|p1a: Slowbro|move: Future Sight\n|\n|upkeep\n|turn|32\n|\n|t:|1656534692\n|move|p2a: Tornadus|U-turn|p1a: Slowbro\n|-damage|p1a: Slowbro|55\/100\n|\n|t:|1656534694\n|switch|p2a: Tyranitar|Tyranitar, F|100\/100|[from]move: U-turn\n|-weather|Sandstorm|[from] ability: Sand Stream|[of] p2a: Tyranitar\n|move|p1a: Slowbro|Shell Side Arm|p2a: Tyranitar|[anim] Shell Side Arm Physical\n|-resisted|p2a: Tyranitar\n|-damage|p2a: Tyranitar|85\/100\n|-hint|Physical Shell Side Arm\n|\n|-weather|Sandstorm|[upkeep]\n|-damage|p1a: Slowbro|49\/100|[from] Sandstorm\n|upkeep\n|turn|33\n|\n|t:|1656534696\n|move|p2a: Tyranitar|Stone Edge|p1a: Slowbro|[miss]\n|-miss|p2a: Tyranitar|p1a: Slowbro\n|move|p1a: Slowbro|Earthquake|p2a: Tyranitar\n|-supereffective|p2a: Tyranitar\n|-crit|p2a: Tyranitar\n|-damage|p2a: Tyranitar|14\/100\n|\n|-weather|Sandstorm|[upkeep]\n|-damage|p1a: Slowbro|43\/100|[from] Sandstorm\n|-end|p2a: Tyranitar|move: Future Sight\n|-immune|p2a: Tyranitar\n|-fieldend|Misty Terrain\n|upkeep\n|turn|34\n|\n|t:|1656534702\n|switch|p1a: Clefable|Clefable, F|100\/100\n|move|p2a: Tyranitar|Stone Edge|p1a: Clefable\n|-damage|p1a: Clefable|34\/100\n|\n|-weather|Sandstorm|[upkeep]\n|-damage|p1a: Clefable|28\/100|[from] Sandstorm\n|-heal|p1a: Clefable|34\/100|[from] item: Leftovers\n|upkeep\n|turn|35\n|\n|t:|1656534707\n|move|p2a: Tyranitar|Stone Edge|p1a: Clefable\n|-damage|p1a: Clefable|0 fnt\n|faint|p1a: Clefable\n|\n|-weather|Sandstorm|[upkeep]\n|upkeep\n|\n|t:|1656534709\n|switch|p1a: Rillaboom|Rillaboom, M|25\/100\n|-fieldstart|move: Grassy Terrain|[from] ability: Grassy Surge|[of] p1a: Rillaboom\n|turn|36\n|\n|t:|1656534712\n|move|p1a: Rillaboom|Grassy Glide|p2a: Tyranitar\n|-supereffective|p2a: Tyranitar\n|-damage|p2a: Tyranitar|0 fnt\n|faint|p2a: Tyranitar\n|\n|-weather|none\n|-heal|p1a: Rillaboom|31\/100|[from] Grassy Terrain\n|upkeep\n|\n|t:|1656534714\n|switch|p2a: Tornadus|Tornadus-Therian, M|100\/100\n|turn|37\n|\n|t:|1656534719\n|switch|p1a: Slowbro|Slowbro-Galar, M|76\/100\n|move|p2a: Tornadus|Hurricane|p1a: Slowbro\n|-damage|p1a: Slowbro|33\/100\n|\n|-heal|p1a: Slowbro|40\/100|[from] Grassy Terrain\n|upkeep\n|turn|38\n|\n|t:|1656534724\n|move|p2a: Tornadus|U-turn|p1a: Slowbro\n|-damage|p1a: Slowbro|28\/100\n|\n|t:|1656534725\n|switch|p2a: Landorus|Landorus-Therian, M|58\/100|[from]move: U-turn\n|-ability|p2a: Landorus|Intimidate|boost\n|-unboost|p1a: Slowbro|atk|1\n|move|p1a: Slowbro|Future Sight|p2a: Landorus\n|-start|p1a: Slowbro|move: Future Sight\n|\n|-heal|p2a: Landorus|64\/100|[from] item: Leftovers\n|-heal|p1a: Slowbro|34\/100|[from] Grassy Terrain\n|upkeep\n|turn|39\n|\n|t:|1656534729\n|move|p2a: Landorus|Earthquake|p1a: Slowbro\n|-supereffective|p1a: Slowbro\n|-damage|p1a: Slowbro|0 fnt\n|faint|p1a: Slowbro\n|\n|-heal|p2a: Landorus|70\/100|[from] item: Leftovers\n|upkeep\n|\n|t:|1656534732\n|switch|p1a: Rillaboom|Rillaboom, M|31\/100\n|turn|40\n|\n|t:|1656534736\n|switch|p2a: Tapu Fini|Tapu Fini|26\/100\n|-fieldstart|move: Misty Terrain|[from] ability: Misty Surge|[of] p2a: Tapu Fini\n|move|p1a: Rillaboom|Grassy Glide|p2a: Tapu Fini\n|-supereffective|p2a: Tapu Fini\n|-damage|p2a: Tapu Fini|0 fnt\n|faint|p2a: Tapu Fini\n|\n|-hint|Future Sight did not hit because the target is fainted.\n|upkeep\n|\n|t:|1656534742\n|switch|p2a: Excadrill|Excadrill, M|88\/100\n|turn|41\n|\n|t:|1656534746\n|move|p2a: Excadrill|Stealth Rock|p1a: Rillaboom\n|-sidestart|p1: andrewm0n|move: Stealth Rock\n|move|p1a: Rillaboom|Superpower|p2a: Excadrill\n|-supereffective|p2a: Excadrill\n|-damage|p2a: Excadrill|0 fnt\n|-unboost|p1a: Rillaboom|atk|1\n|-unboost|p1a: Rillaboom|def|1\n|faint|p2a: Excadrill\n|\n|upkeep\n|\n|t:|1656534748\n|switch|p2a: Tornadus|Tornadus-Therian, M|100\/100\n|turn|42\n|\n|t:|1656534753\n|move|p2a: Tornadus|U-turn|p1a: Rillaboom\n|-supereffective|p1a: Rillaboom\n|-damage|p1a: Rillaboom|0 fnt\n|faint|p1a: Rillaboom\n|\n|t:|1656534755\n|switch|p2a: Landorus|Landorus-Therian, M|70\/100|[from]move: U-turn\n|\n|-heal|p2a: Landorus|76\/100|[from] item: Leftovers\n|upkeep\n|\n|t:|1656534756\n|switch|p1a: Blaziken|Blaziken, M|100\/100\n|-damage|p1a: Blaziken|88\/100|[from] Stealth Rock\n|turn|43\n|\n|t:|1656534758\n|move|p1a: Blaziken|Protect|p1a: Blaziken\n|-singleturn|p1a: Blaziken|Protect\n|move|p2a: Landorus|Earthquake|p1a: Blaziken\n|-activate|p1a: Blaziken|move: Protect\n|\n|-heal|p2a: Landorus|82\/100|[from] item: Leftovers\n|-heal|p1a: Blaziken|94\/100|[from] item: Leftovers\n|-ability|p1a: Blaziken|Speed Boost|boost\n|-boost|p1a: Blaziken|spe|1\n|upkeep\n|turn|44\n|\n|t:|1656534760\n|move|p1a: Blaziken|Flare Blitz|p2a: Landorus\n|-damage|p2a: Landorus|8\/100\n|-damage|p1a: Blaziken|68\/100|[from] Recoil\n|move|p2a: Landorus|Earthquake|p1a: Blaziken\n|-supereffective|p1a: Blaziken\n|-damage|p1a: Blaziken|0 fnt\n|faint|p1a: Blaziken\n|\n|win|Chokst du\n|raw|andrewm0n's rating: 1740 &rarr; <strong>1722<\/strong><br \/>(-18 for losing)\n|raw|Chokst du's rating: 1783 &rarr; <strong>1801<\/strong><br \/>(+18 for winning)\n|c|\u2606andrewm0n|gg\n|l|\u2606andrewm0n\n|c|\u2606Chokst du|gg\n||Ladder isn't responding, score probably updated but might not have (Request timeout).\n","uploadtime":1656534809,"views":60,"p1id":"andrewm0n","p2id":"chokstdu","formatid":"gen8ou","rating":1722,"private":0,"password":null}