{"id":"gen8ubers-1112173500","p1":"Rip nba","p2":"Blue chen","format":"gen8ubers","log":"|j|\u2606Rip nba\n|j|\u2606Blue chen\n|player|p1|Rip nba|burnet|1519\n|player|p2|Blue chen|karen|1670\n|teamsize|p1|6\n|teamsize|p2|6\n|gametype|singles\n|gen|8\n|tier|[Gen 8] Ubers\n|rated|\n|clearpoke\n|poke|p1|Eternatus|\n|poke|p1|Dugtrio, M|\n|poke|p1|Corviknight, F|\n|poke|p1|Tyranitar, F|\n|poke|p1|Quagsire, F|\n|poke|p1|Necrozma-Dusk-Mane|\n|poke|p2|Pelipper, M|\n|poke|p2|Drednaw, M|\n|poke|p2|Dracovish|\n|poke|p2|Necrozma-Dusk-Mane|\n|poke|p2|Eternatus|\n|poke|p2|Zacian-Crowned|\n|rule|Sleep Clause Mod: Limit one foe put to sleep\n|rule|Species Clause: Limit one of each Pok\u00e9mon\n|rule|OHKO Clause: OHKO moves are banned\n|rule|Evasion Moves Clause: Evasion moves are banned\n|rule|Endless Battle Clause: Forcing endless battles is banned\n|rule|HP Percentage Mod: HP is shown in percentages\n|html|Ubers Dynamax Clause: Pok\u00e9mon on the <a href=\"https:\/\/www.smogon.com\/dex\/ss\/formats\/uber\/\">Ubers Dynamax Banlist<\/a> cannot Dynamax.\n|teampreview\n|\n|start\n|switch|p1a: Eternatus|Eternatus|100\/100\n|switch|p2a: Pelipper|Pelipper, M|100\/100\n|-ability|p1a: Eternatus|Pressure\n|-weather|RainDance|[from] ability: Drizzle|[of] p2a: Pelipper\n|turn|1\n|\n|move|p1a: Eternatus|Dynamax Cannon|p2a: Pelipper\n|-damage|p2a: Pelipper|8\/100\n|-damage|p1a: Eternatus|91\/100|[from] item: Life Orb\n|move|p2a: Pelipper|U-turn|p1a: Eternatus\n|-resisted|p1a: Eternatus\n|-damage|p1a: Eternatus|87\/100\n|\n|switch|p2a: Drednaw|Drednaw, M|100\/100|[from]move: U-turn\n|\n|-weather|RainDance|[upkeep]\n|upkeep\n|turn|2\n|\n|switch|p1a: Quagsire|Quagsire, F|100\/100\n|-start|p2a: Drednaw|Dynamax\n|-formechange|p2a: Drednaw|Drednaw-Gmax\n|-heal|p2a: Drednaw|100\/100|[silent]\n|move|p2a: Drednaw|Max Quake|p1a: Quagsire\n|-damage|p1a: Quagsire|63\/100\n|-boost|p2a: Drednaw|spd|1\n|-damage|p2a: Drednaw|96\/100|[from] item: Life Orb\n|\n|-weather|RainDance|[upkeep]\n|upkeep\n|turn|3\n|\n|-start|p1a: Quagsire|Dynamax\n|-heal|p1a: Quagsire|63\/100|[silent]\n|move|p1a: Quagsire|Max Guard|p1a: Quagsire\n|-singleturn|p1a: Quagsire|Max Guard\n|move|p2a: Drednaw|G-Max Stonesurge|p1a: Quagsire\n|-activate|p1a: Quagsire|move: Max Guard\n|\n|-weather|RainDance|[upkeep]\n|upkeep\n|turn|4\n|\n|move|p2a: Drednaw|G-Max Stonesurge|p1a: Quagsire\n|-damage|p1a: Quagsire|18\/100\n|-sidestart|p1: Rip nba|move: Stealth Rock\n|-damage|p2a: Drednaw|91\/100|[from] item: Life Orb\n|move|p1a: Quagsire|Max Quake|p2a: Drednaw\n|-supereffective|p2a: Drednaw\n|-damage|p2a: Drednaw|46\/100\n|-boost|p1a: Quagsire|spd|1\n|\n|-weather|RainDance|[upkeep]\n|-end|p2a: Drednaw|Dynamax\n|-formechange|p2a: Drednaw|Drednaw\n|-heal|p2a: Drednaw|46\/100|[silent]\n|upkeep\n|turn|5\n|\n|switch|p2a: Pelipper|Pelipper, M|8\/100\n|move|p1a: Quagsire|Max Quake|p2a: Pelipper\n|-immune|p2a: Pelipper\n|\n|-weather|RainDance|[upkeep]\n|-end|p1a: Quagsire|Dynamax\n|-heal|p1a: Quagsire|18\/100|[silent]\n|upkeep\n|turn|6\n|\n|move|p2a: Pelipper|U-turn|p1a: Quagsire\n|-damage|p1a: Quagsire|12\/100\n|j| DKHD\n|\n|switch|p2a: Dracovish|Dracovish|100\/100|[from]move: U-turn\n|move|p1a: Quagsire|Recover|p1a: Quagsire\n|-heal|p1a: Quagsire|62\/100\n|\n|-weather|RainDance|[upkeep]\n|upkeep\n|turn|7\n|\n|move|p2a: Dracovish|Substitute|p2a: Dracovish\n|-start|p2a: Dracovish|Substitute\n|-damage|p2a: Dracovish|76\/100\n|move|p1a: Quagsire|Earthquake|p2a: Dracovish\n|-end|p2a: Dracovish|Substitute\n|\n|-weather|RainDance|[upkeep]\n|upkeep\n|turn|8\n|\n|switch|p1a: Eternatus|Eternatus|87\/100\n|-damage|p1a: Eternatus|75\/100|[from] Stealth Rock\n|-ability|p1a: Eternatus|Pressure\n|move|p2a: Dracovish|Fishious Rend|p1a: Eternatus\n|-resisted|p1a: Eternatus\n|-damage|p1a: Eternatus|14\/100\n|\n|-weather|none\n|upkeep\n|turn|9\n|\n|switch|p2a: Pelipper|Pelipper, M|8\/100\n|-weather|RainDance|[from] ability: Drizzle|[of] p2a: Pelipper\n|move|p1a: Eternatus|Recover|p1a: Eternatus\n|-heal|p1a: Eternatus|64\/100\n|\n|-weather|RainDance|[upkeep]\n|upkeep\n|turn|10\n|\n|switch|p2a: Zacian|Zacian-Crowned|100\/100\n|-ability|p2a: Zacian|Intrepid Sword|boost\n|-boost|p2a: Zacian|atk|1\n|move|p1a: Eternatus|Recover|p1a: Eternatus\n|-heal|p1a: Eternatus|100\/100\n|\n|-weather|RainDance|[upkeep]\n|upkeep\n|turn|11\n|\n|switch|p1a: Necrozma|Necrozma-Dusk-Mane|100\/100\n|-damage|p1a: Necrozma|94\/100|[from] Stealth Rock\n|move|p2a: Zacian|Behemoth Blade|p1a: Necrozma\n|-resisted|p1a: Necrozma\n|-damage|p1a: Necrozma|58\/100\n|\n|-weather|RainDance|[upkeep]\n|upkeep\n|turn|12\n|l| DKHD\n|\n|switch|p2a: Drednaw|Drednaw, M|46\/100\n|move|p1a: Necrozma|Trick Room|p1a: Necrozma\n|-fieldstart|move: Trick Room|[of] p1a: Necrozma\n|\n|-weather|RainDance|[upkeep]\n|upkeep\n|turn|13\n|\n|move|p1a: Necrozma|Sunsteel Strike|p2a: Drednaw\n|-damage|p2a: Drednaw|0 fnt\n|faint|p2a: Drednaw\n|\n|-weather|RainDance|[upkeep]\n|upkeep\n|\n|switch|p2a: Dracovish|Dracovish|76\/100\n|turn|14\n|\n|move|p1a: Necrozma|Photon Geyser|p2a: Dracovish\n|-damage|p2a: Dracovish|4\/100\n|move|p2a: Dracovish|Fishious Rend|p1a: Necrozma\n|-damage|p1a: Necrozma|3\/100\n|\n|-weather|RainDance|[upkeep]\n|upkeep\n|turn|15\n|\n|switch|p2a: Necrozma|Necrozma-Dusk-Mane|100\/100\n|move|p1a: Necrozma|Photon Geyser|p2a: Necrozma\n|-resisted|p2a: Necrozma\n|-damage|p2a: Necrozma|92\/100\n|\n|-weather|RainDance|[upkeep]\n|-heal|p2a: Necrozma|98\/100|[from] item: Leftovers\n|upkeep\n|turn|16\n|\n|switch|p1a: Corviknight|Corviknight, F|100\/100\n|-damage|p1a: Corviknight|88\/100|[from] Stealth Rock\n|-ability|p1a: Corviknight|Pressure\n|move|p2a: Necrozma|Earthquake|p1a: Corviknight\n|-immune|p1a: Corviknight\n|\n|-weather|none\n|-heal|p2a: Necrozma|100\/100|[from] item: Leftovers\n|-fieldend|move: Trick Room\n|upkeep\n|turn|17\n|\n|switch|p2a: Pelipper|Pelipper, M|8\/100\n|-weather|RainDance|[from] ability: Drizzle|[of] p2a: Pelipper\n|move|p1a: Corviknight|Defog|p2a: Pelipper\n|-unboost|p2a: Pelipper|evasion|1\n|-sideend|p1: Rip nba|Stealth Rock|[from] move: Defog|[of] p1a: Corviknight\n|\n|-weather|RainDance|[upkeep]\n|upkeep\n|turn|18\n|\n|switch|p1a: Tyranitar|Tyranitar, F|100\/100\n|-weather|Sandstorm|[from] ability: Sand Stream|[of] p1a: Tyranitar\n|move|p2a: Pelipper|Roost|p2a: Pelipper\n|-heal|p2a: Pelipper|58\/100\n|-singleturn|p2a: Pelipper|move: Roost\n|\n|-weather|Sandstorm|[upkeep]\n|-damage|p2a: Pelipper|52\/100|[from] Sandstorm\n|upkeep\n|turn|19\n|\n|switch|p2a: Zacian|Zacian-Crowned|100\/100\n|-ability|p2a: Zacian|Intrepid Sword|boost\n|-boost|p2a: Zacian|atk|1\n|move|p1a: Tyranitar|Stealth Rock|p2a: Zacian\n|-sidestart|p2: Blue chen|move: Stealth Rock\n|\n|-weather|Sandstorm|[upkeep]\n|upkeep\n|turn|20\n|\n|switch|p1a: Corviknight|Corviknight, F|88\/100\n|-ability|p1a: Corviknight|Pressure\n|move|p2a: Zacian|Substitute|p2a: Zacian\n|-start|p2a: Zacian|Substitute\n|-damage|p2a: Zacian|76\/100\n|\n|-weather|Sandstorm|[upkeep]\n|upkeep\n|turn|21\n|\n|move|p2a: Zacian|Swords Dance|p2a: Zacian\n|-boost|p2a: Zacian|atk|2\n|move|p1a: Corviknight|Brave Bird|p2a: Zacian\n|-resisted|p2a: Zacian\n|-activate|p2a: Zacian|move: Substitute|[damage]\n|-damage|p1a: Corviknight|83\/100|[from] Recoil|[of] p2a: Zacian\n|\n|-weather|Sandstorm|[upkeep]\n|upkeep\n|turn|22\n|j| Jigglypuff01\n|\n|move|p2a: Zacian|Swords Dance|p2a: Zacian\n|-boost|p2a: Zacian|atk|2\n|move|p1a: Corviknight|U-turn|p2a: Zacian\n|-resisted|p2a: Zacian\n|-activate|p2a: Zacian|move: Substitute|[damage]\n|\n|switch|p1a: Quagsire|Quagsire, F|62\/100|[from]move: U-turn\n|\n|-weather|none\n|upkeep\n|turn|23\n|\n|move|p2a: Zacian|Sacred Sword|p1a: Quagsire\n|-damage|p1a: Quagsire|35\/100\n|move|p1a: Quagsire|Recover|p1a: Quagsire\n|-heal|p1a: Quagsire|85\/100\n|\n|upkeep\n|turn|24\n|\n|switch|p2a: Pelipper|Pelipper, M|52\/100\n|-damage|p2a: Pelipper|27\/100|[from] Stealth Rock\n|-weather|RainDance|[from] ability: Drizzle|[of] p2a: Pelipper\n|move|p1a: Quagsire|Scald|p2a: Pelipper\n|-resisted|p2a: Pelipper\n|-damage|p2a: Pelipper|10\/100\n|\n|-weather|RainDance|[upkeep]\n|upkeep\n|turn|25\n|\n|switch|p1a: Tyranitar|Tyranitar, F|100\/100\n|-weather|Sandstorm|[from] ability: Sand Stream|[of] p1a: Tyranitar\n|move|p2a: Pelipper|Defog|p1a: Tyranitar\n|-unboost|p1a: Tyranitar|evasion|1\n|-sideend|p2: Blue chen|Stealth Rock|[from] move: Defog|[of] p2a: Pelipper\n|\n|-weather|Sandstorm|[upkeep]\n|-damage|p2a: Pelipper|4\/100|[from] Sandstorm\n|upkeep\n|turn|26\n|\n|move|p2a: Pelipper|U-turn|p1a: Tyranitar\n|-supereffective|p1a: Tyranitar\n|-damage|p1a: Tyranitar|87\/100\n|\n|switch|p2a: Dracovish|Dracovish|4\/100|[from]move: U-turn\n|move|p1a: Tyranitar|Stealth Rock|p2a: Dracovish\n|-sidestart|p2: Blue chen|move: Stealth Rock\n|\n|-weather|Sandstorm|[upkeep]\n|-damage|p2a: Dracovish|0 fnt|[from] Sandstorm\n|faint|p2a: Dracovish\n|upkeep\n|\n|switch|p2a: Zacian|Zacian-Crowned|76\/100\n|-damage|p2a: Zacian|69\/100|[from] Stealth Rock\n|-ability|p2a: Zacian|Intrepid Sword|boost\n|-boost|p2a: Zacian|atk|1\n|turn|27\n|c| Jigglypuff01|Gg\n|\n|switch|p1a: Quagsire|Quagsire, F|85\/100\n|move|p2a: Zacian|Sacred Sword|p1a: Quagsire\n|-damage|p1a: Quagsire|56\/100\n|\n|-weather|Sandstorm|[upkeep]\n|upkeep\n|turn|28\n|\n|switch|p2a: Pelipper|Pelipper, M|4\/100\n|-damage|p2a: Pelipper|0 fnt|[from] Stealth Rock\n|faint|p2a: Pelipper\n|move|p1a: Quagsire|Recover|p1a: Quagsire\n|-heal|p1a: Quagsire|100\/100\n|\n|-weather|Sandstorm|[upkeep]\n|upkeep\n|\n|switch|p2a: Eternatus|Eternatus|100\/100\n|-damage|p2a: Eternatus|88\/100|[from] Stealth Rock\n|-ability|p2a: Eternatus|Pressure\n|turn|29\n|\n|switch|p1a: Tyranitar|Tyranitar, F|87\/100\n|move|p2a: Eternatus|Substitute|p2a: Eternatus\n|-start|p2a: Eternatus|Substitute\n|-damage|p2a: Eternatus|63\/100\n|\n|-weather|none\n|-heal|p2a: Eternatus|69\/100|[from] item: Black Sludge\n|upkeep\n|turn|30\n|\n|move|p2a: Eternatus|Dynamax Cannon|p1a: Tyranitar\n|-damage|p1a: Tyranitar|55\/100\n|move|p1a: Tyranitar|Snarl|p2a: Eternatus\n|-damage|p2a: Eternatus|52\/100\n|-unboost|p2a: Eternatus|spa|1\n|\n|-heal|p2a: Eternatus|59\/100|[from] item: Black Sludge\n|upkeep\n|turn|31\n|\n|switch|p1a: Necrozma|Necrozma-Dusk-Mane|3\/100\n|move|p2a: Eternatus|Sludge Bomb|p1a: Necrozma\n|-immune|p1a: Necrozma\n|\n|-heal|p2a: Eternatus|65\/100|[from] item: Black Sludge\n|upkeep\n|turn|32\n|\n|switch|p1a: Tyranitar|Tyranitar, F|55\/100\n|-weather|Sandstorm|[from] ability: Sand Stream|[of] p1a: Tyranitar\n|move|p2a: Eternatus|Dynamax Cannon|p1a: Tyranitar\n|-damage|p1a: Tyranitar|40\/100\n|\n|-weather|Sandstorm|[upkeep]\n|-damage|p2a: Eternatus|59\/100|[from] Sandstorm\n|-heal|p2a: Eternatus|65\/100|[from] item: Black Sludge\n|upkeep\n|turn|33\n|\n|move|p2a: Eternatus|Dynamax Cannon|p1a: Tyranitar\n|-damage|p1a: Tyranitar|25\/100\n|move|p1a: Tyranitar|Rest|p1a: Tyranitar\n|-status|p1a: Tyranitar|slp|[from] move: Rest\n|-heal|p1a: Tyranitar|100\/100 slp|[silent]\n|\n|-weather|Sandstorm|[upkeep]\n|-damage|p2a: Eternatus|59\/100|[from] Sandstorm\n|-heal|p2a: Eternatus|65\/100|[from] item: Black Sludge\n|upkeep\n|turn|34\n|\n|switch|p2a: Necrozma|Necrozma-Dusk-Mane|100\/100\n|-damage|p2a: Necrozma|94\/100|[from] Stealth Rock\n|cant|p1a: Tyranitar|slp\n|\n|-weather|Sandstorm|[upkeep]\n|-heal|p2a: Necrozma|100\/100|[from] item: Leftovers\n|upkeep\n|turn|35\n|\n|switch|p1a: Quagsire|Quagsire, F|100\/100\n|move|p2a: Necrozma|Swords Dance|p2a: Necrozma\n|-boost|p2a: Necrozma|atk|2\n|\n|-weather|Sandstorm|[upkeep]\n|upkeep\n|turn|36\n|\n|move|p2a: Necrozma|Photon Geyser|p1a: Quagsire\n|-damage|p1a: Quagsire|35\/100\n|move|p1a: Quagsire|Scald|p2a: Necrozma\n|-damage|p2a: Necrozma|87\/100\n|-status|p2a: Necrozma|brn\n|\n|-weather|none\n|-heal|p2a: Necrozma|93\/100 brn|[from] item: Leftovers\n|-damage|p2a: Necrozma|87\/100 brn|[from] brn\n|upkeep\n|turn|37\n|\n|switch|p1a: Necrozma|Necrozma-Dusk-Mane|3\/100\n|move|p2a: Necrozma|Photon Geyser|p1a: Necrozma\n|-resisted|p1a: Necrozma\n|-damage|p1a: Necrozma|0 fnt\n|faint|p1a: Necrozma\n|\n|-heal|p2a: Necrozma|93\/100 brn|[from] item: Leftovers\n|-damage|p2a: Necrozma|87\/100 brn|[from] brn\n|upkeep\n|\n|switch|p1a: Eternatus|Eternatus|100\/100\n|-ability|p1a: Eternatus|Pressure\n|turn|38\n|\n|move|p1a: Eternatus|Flamethrower|p2a: Necrozma\n|-supereffective|p2a: Necrozma\n|-damage|p2a: Necrozma|37\/100 brn\n|-damage|p1a: Eternatus|91\/100|[from] item: Life Orb\n|move|p2a: Necrozma|Trick Room|p2a: Necrozma\n|-fieldstart|move: Trick Room|[of] p2a: Necrozma\n|\n|-heal|p2a: Necrozma|43\/100 brn|[from] item: Leftovers\n|-damage|p2a: Necrozma|37\/100 brn|[from] brn\n|upkeep\n|turn|39\n|\n|switch|p1a: Corviknight|Corviknight, F|83\/100\n|-ability|p1a: Corviknight|Pressure\n|move|p2a: Necrozma|Photon Geyser|p1a: Corviknight\n|-resisted|p1a: Corviknight\n|-damage|p1a: Corviknight|69\/100\n|\n|-heal|p2a: Necrozma|43\/100 brn|[from] item: Leftovers\n|-damage|p2a: Necrozma|37\/100 brn|[from] brn\n|upkeep\n|turn|40\n|-message|Blue chen forfeited.\n|\n|win|Rip nba\n|l|\u2606Blue chen\n|l| Jigglypuff01\n|raw|Rip nba's rating: 1532 &rarr; <strong>1560<\/strong><br \/>(+28 for winning)\n|raw|Blue chen's rating: 1683 &rarr; <strong>1655<\/strong><br \/>(-28 for losing)\n","uploadtime":1589126036,"views":24,"p1id":"ripnba","p2id":"bluechen","formatid":"gen8ubers","rating":1560,"private":0,"password":null}