{"id":"gen8ou-1686090017","p1":"Draco meteor herd","p2":"Infernoss","format":"gen8ou","log":"|html|<div class=\"broadcast-blue\"><strong>[Gen 8] OU is currently suspecting Melmetal! For information on how to participate check out the <a href=\"https:\/\/www.smogon.com\/forums\/threads\/np-ss-ou-suspect-process-round-12-monster-mash.3709234\/\">suspect thread<\/a>.<\/strong><\/div>\n|j|\u203dDraco meteor herd\n|j|\u2606Infernoss\n|t:|1665799423\n|gametype|singles\n|player|p1|Draco meteor herd|red|1627\n|player|p2|Infernoss|blue|1657\n|teamsize|p1|6\n|teamsize|p2|6\n|gen|8\n|tier|[Gen 8] OU\n|rated|\n|rule|Sleep Clause Mod: Limit one foe put to sleep\n|rule|Species Clause: Limit one of each Pok\u00e9mon\n|rule|OHKO Clause: OHKO moves are banned\n|rule|Evasion Items Clause: Evasion items are banned\n|rule|Evasion Moves Clause: Evasion moves are banned\n|rule|Endless Battle Clause: Forcing endless battles is banned\n|rule|HP Percentage Mod: HP is shown in percentages\n|rule|Dynamax Clause: You cannot dynamax\n|clearpoke\n|poke|p1|Dragapult, F|\n|poke|p1|Tapu Fini|\n|poke|p1|Blacephalon|\n|poke|p1|Tapu Lele|\n|poke|p1|Landorus-Therian, M|\n|poke|p1|Melmetal|\n|poke|p2|Marowak-Alola, M|\n|poke|p2|Slowbro, M|\n|poke|p2|Hatterene, F|\n|poke|p2|Garchomp, M|\n|poke|p2|Ferrothorn, M|\n|poke|p2|Drampa, M|\n|teampreview\n|j| dmiy10\n|inactive|Battle timer is ON: inactive players will automatically lose when time's up. (requested by Infernoss)\n|\n|t:|1665799438\n|start\n|switch|p1a: Melmetal|Melmetal|100\/100\n|switch|p2a: Falkor|Drampa, M|100\/100\n|turn|1\n|\n|t:|1665799446\n|switch|p1a: Landorus|Landorus-Therian, M|100\/100\n|-ability|p1a: Landorus|Intimidate|boost\n|-unboost|p2a: Falkor|atk|1\n|switch|p2a: Billy B.|Marowak-Alola, M, shiny|100\/100\n|\n|upkeep\n|turn|2\n|\n|t:|1665799454\n|switch|p2a: Sonso|Slowbro, M|100\/100\n|move|p1a: Landorus|U-turn|p2a: Sonso\n|-supereffective|p2a: Sonso\n|-damage|p2a: Sonso|73\/100\n|\n|t:|1665799460\n|switch|p1a: Blacephalon|Blacephalon|100\/100|[from]move: U-turn\n|\n|upkeep\n|turn|3\n|\n|t:|1665799486\n|switch|p1a: Dragapult|Dragapult, F|100\/100\n|switch|p2a: Thorns|Ferrothorn, M|100\/100\n|\n|upkeep\n|turn|4\n|\n|t:|1665799496\n|switch|p2a: Gorra|Hatterene, F, shiny|100\/100\n|move|p1a: Dragapult|Flamethrower|p2a: Gorra\n|-damage|p2a: Gorra|68\/100\n|\n|upkeep\n|turn|5\n|\n|t:|1665799507\n|switch|p1a: Melmetal|Melmetal|100\/100\n|move|p2a: Gorra|Mystical Fire|p1a: Melmetal\n|-supereffective|p1a: Melmetal\n|-damage|p1a: Melmetal|58\/100\n|-unboost|p1a: Melmetal|spa|1\n|\n|-heal|p1a: Melmetal|64\/100|[from] item: Leftovers\n|upkeep\n|turn|6\n|\n|t:|1665799518\n|switch|p2a: Billy B.|Marowak-Alola, M, shiny|100\/100\n|move|p1a: Melmetal|Protect||[still]\n|-fail|p1a: Melmetal\n|\n|-heal|p1a: Melmetal|70\/100|[from] item: Leftovers\n|upkeep\n|turn|7\n|\n|t:|1665799533\n|switch|p1a: Landorus|Landorus-Therian, M|100\/100\n|-ability|p1a: Landorus|Intimidate|boost\n|-unboost|p2a: Billy B.|atk|1\n|move|p2a: Billy B.|Flare Blitz|p1a: Landorus\n|-damage|p1a: Landorus|33\/100\n|\n|-heal|p1a: Landorus|40\/100|[from] item: Leftovers\n|upkeep\n|turn|8\n|\n|t:|1665799542\n|switch|p2a: Sonso|Slowbro, M|100\/100\n|move|p1a: Landorus|U-turn|p2a: Sonso\n|-supereffective|p2a: Sonso\n|-damage|p2a: Sonso|73\/100\n|\n|t:|1665799553\n|switch|p1a: Dragapult|Dragapult, F|100\/100|[from]move: U-turn\n|\n|upkeep\n|turn|9\n|\n|t:|1665799558\n|switch|p2a: Thorns|Ferrothorn, M|100\/100\n|move|p1a: Dragapult|U-turn|p2a: Thorns\n|-damage|p2a: Thorns|87\/100\n|-damage|p1a: Dragapult|88\/100|[from] ability: Iron Barbs|[of] p2a: Thorns\n|\n|t:|1665799562\n|switch|p1a: Blacephalon|Blacephalon|100\/100|[from]move: U-turn\n|\n|upkeep\n|turn|10\n|\n|t:|1665799570\n|switch|p2a: Falkor|Drampa, M|100\/100\n|move|p1a: Blacephalon|Overheat|p2a: Falkor\n|-resisted|p2a: Falkor\n|-damage|p2a: Falkor|39\/100\n|-unboost|p1a: Blacephalon|spa|2\n|-ability|p2a: Falkor|Berserk|boost\n|-boost|p2a: Falkor|spa|1\n|\n|upkeep\n|turn|11\n|\n|t:|1665799578\n|switch|p1a: Tapu Fini|Tapu Fini|100\/100\n|-fieldstart|move: Misty Terrain|[from] ability: Misty Surge|[of] p1a: Tapu Fini\n|move|p2a: Falkor|Roost|p2a: Falkor\n|-heal|p2a: Falkor|90\/100\n|-singleturn|p2a: Falkor|move: Roost\n|\n|upkeep\n|turn|12\n|\n|t:|1665799587\n|move|p1a: Tapu Fini|Knock Off|p2a: Falkor\n|-damage|p2a: Falkor|72\/100\n|-enditem|p2a: Falkor|Expert Belt|[from] move: Knock Off|[of] p1a: Tapu Fini\n|move|p2a: Falkor|Thunderbolt|p1a: Tapu Fini\n|-supereffective|p1a: Tapu Fini\n|-damage|p1a: Tapu Fini|19\/100\n|\n|-heal|p1a: Tapu Fini|26\/100|[from] item: Leftovers\n|upkeep\n|turn|13\n|\n|t:|1665799596\n|switch|p2a: Thorns|Ferrothorn, M|87\/100\n|move|p1a: Tapu Fini|Moonblast|p2a: Thorns\n|-resisted|p2a: Thorns\n|-damage|p2a: Thorns|77\/100\n|\n|-heal|p1a: Tapu Fini|32\/100|[from] item: Leftovers\n|upkeep\n|turn|14\n|\n|t:|1665799606\n|switch|p1a: Blacephalon|Blacephalon|100\/100\n|move|p2a: Thorns|Gyro Ball|p1a: Blacephalon\n|-resisted|p1a: Blacephalon\n|-damage|p1a: Blacephalon|49\/100\n|\n|upkeep\n|turn|15\n|\n|t:|1665799612\n|switch|p2a: Falkor|Drampa, M|72\/100\n|move|p1a: Blacephalon|Flamethrower|p2a: Falkor\n|-resisted|p2a: Falkor\n|-damage|p2a: Falkor|32\/100\n|-ability|p2a: Falkor|Berserk|boost\n|-boost|p2a: Falkor|spa|1\n|\n|-fieldend|Misty Terrain\n|upkeep\n|turn|16\n|\n|t:|1665799621\n|switch|p2a: Sonso|Slowbro, M|100\/100\n|move|p1a: Blacephalon|Flamethrower|p2a: Sonso\n|-resisted|p2a: Sonso\n|-damage|p2a: Sonso|63\/100\n|\n|upkeep\n|turn|17\n|\n|t:|1665799630\n|switch|p1a: Tapu Fini|Tapu Fini|32\/100\n|-fieldstart|move: Misty Terrain|[from] ability: Misty Surge|[of] p1a: Tapu Fini\n|move|p2a: Sonso|Trick Room|p2a: Sonso\n|-fieldstart|move: Trick Room|[of] p2a: Sonso\n|\n|-heal|p1a: Tapu Fini|38\/100|[from] item: Leftovers\n|upkeep\n|turn|18\n|\n|t:|1665799651\n|switch|p2a: Thorns|Ferrothorn, M|77\/100\n|switch|p1a: Melmetal|Melmetal|70\/100\n|\n|-heal|p1a: Melmetal|76\/100|[from] item: Leftovers\n|upkeep\n|turn|19\n|\n|t:|1665799670\n|move|p2a: Thorns|Stealth Rock|p1a: Melmetal\n|-sidestart|p1: Draco meteor herd|move: Stealth Rock\n|move|p1a: Melmetal|Superpower|p2a: Thorns\n|-supereffective|p2a: Thorns\n|-damage|p2a: Thorns|3\/100\n|-unboost|p1a: Melmetal|atk|1\n|-unboost|p1a: Melmetal|def|1\n|-damage|p1a: Melmetal|64\/100|[from] ability: Iron Barbs|[of] p2a: Thorns\n|\n|-heal|p1a: Melmetal|70\/100|[from] item: Leftovers\n|upkeep\n|turn|20\n|inactive|Draco meteor herd has 120 seconds left.\n|inactive|Infernoss has 120 seconds left.\n|\n|t:|1665799701\n|switch|p2a: Billy B.|Marowak-Alola, M, shiny|100\/100\n|move|p1a: Melmetal|Protect||[still]\n|-fail|p1a: Melmetal\n|\n|-heal|p1a: Melmetal|76\/100|[from] item: Leftovers\n|upkeep\n|turn|21\n|\n|t:|1665799714\n|move|p1a: Melmetal|Protect|p1a: Melmetal\n|-singleturn|p1a: Melmetal|Protect\n|move|p2a: Billy B.|Substitute|p2a: Billy B.\n|-start|p2a: Billy B.|Substitute\n|-damage|p2a: Billy B.|76\/100\n|\n|-heal|p1a: Melmetal|82\/100|[from] item: Leftovers\n|-fieldend|move: Trick Room\n|-fieldend|Misty Terrain\n|upkeep\n|turn|22\n|inactive|Draco meteor herd has 90 seconds left.\n|inactive|Draco meteor herd has 60 seconds left.\n|\n|t:|1665799798\n|switch|p1a: Dragapult|Dragapult, F|88\/100\n|-damage|p1a: Dragapult|76\/100|[from] Stealth Rock\n|move|p2a: Billy B.|Flare Blitz|p1a: Dragapult\n|-resisted|p1a: Dragapult\n|-damage|p1a: Dragapult|7\/100\n|\n|upkeep\n|turn|23\n|\n|t:|1665799811\n|switch|p2a: Gorra|Hatterene, F, shiny|68\/100\n|move|p1a: Dragapult|U-turn|p2a: Gorra\n|-damage|p2a: Gorra|50\/100\n|\n|t:|1665799816\n|switch|p1a: Tapu Fini|Tapu Fini|38\/100|[from]move: U-turn\n|-damage|p1a: Tapu Fini|26\/100|[from] Stealth Rock\n|-fieldstart|move: Misty Terrain|[from] ability: Misty Surge|[of] p1a: Tapu Fini\n|\n|-heal|p1a: Tapu Fini|32\/100|[from] item: Leftovers\n|upkeep\n|turn|24\n|\n|t:|1665799824\n|move|p1a: Tapu Fini|Defog|p2a: Gorra\n|move|p2a: Gorra|Defog|p1a: Tapu Fini|[from]ability: Magic Bounce\n|-unboost|p1a: Tapu Fini|evasion|1\n|-sideend|p1: Draco meteor herd|Stealth Rock|[from] move: Defog|[of] p2a: Gorra\n|-fieldend|Misty Terrain\n|move|p2a: Gorra|Trick Room|p2a: Gorra\n|-fieldstart|move: Trick Room|[of] p2a: Gorra\n|\n|-heal|p1a: Tapu Fini|38\/100|[from] item: Leftovers\n|upkeep\n|turn|25\n|inactive|Draco meteor herd has 60 seconds left.\n|\n|t:|1665799862\n|switch|p1a: Melmetal|Melmetal|82\/100\n|move|p2a: Gorra|Healing Wish|p2a: Gorra\n|faint|p2a: Gorra\n|\n|-heal|p1a: Melmetal|88\/100|[from] item: Leftovers\n|upkeep\n|\n|t:|1665799869\n|switch|p2a: Thorns|Ferrothorn, M|3\/100\n|-heal|p2a: Thorns|100\/100|[from] move: Healing Wish\n|turn|26\n|\n|t:|1665799875\n|move|p2a: Thorns|Stealth Rock|p1a: Melmetal\n|-sidestart|p1: Draco meteor herd|move: Stealth Rock\n|move|p1a: Melmetal|Superpower|p2a: Thorns\n|-supereffective|p2a: Thorns\n|-damage|p2a: Thorns|22\/100\n|-unboost|p1a: Melmetal|atk|1\n|-unboost|p1a: Melmetal|def|1\n|-damage|p1a: Melmetal|76\/100|[from] ability: Iron Barbs|[of] p2a: Thorns\n|\n|-heal|p1a: Melmetal|82\/100|[from] item: Leftovers\n|upkeep\n|turn|27\n|\n|t:|1665799886\n|switch|p2a: Billy B.|Marowak-Alola, M, shiny|76\/100\n|move|p1a: Melmetal|Double Iron Bash|p2a: Billy B.\n|-resisted|p2a: Billy B.\n|-damage|p2a: Billy B.|59\/100\n|-resisted|p2a: Billy B.\n|-crit|p2a: Billy B.\n|-damage|p2a: Billy B.|21\/100\n|-hitcount|p2a: Billy B.|2\n|\n|-heal|p1a: Melmetal|88\/100|[from] item: Leftovers\n|upkeep\n|turn|28\n|\n|t:|1665799896\n|switch|p2a: Sonso|Slowbro, M|96\/100\n|move|p1a: Melmetal|Protect||[still]\n|-fail|p1a: Melmetal\n|\n|-heal|p1a: Melmetal|94\/100|[from] item: Leftovers\n|-fieldend|move: Trick Room\n|upkeep\n|turn|29\n|\n|t:|1665799909\n|switch|p1a: Tapu Fini|Tapu Fini|38\/100\n|-damage|p1a: Tapu Fini|26\/100|[from] Stealth Rock\n|-fieldstart|move: Misty Terrain|[from] ability: Misty Surge|[of] p1a: Tapu Fini\n|switch|p2a: Sharko|Garchomp, M|100\/100\n|\n|-heal|p1a: Tapu Fini|32\/100|[from] item: Leftovers\n|upkeep\n|turn|30\n|inactive|Draco meteor herd has 60 seconds left.\n|\n|t:|1665799930\n|switch|p1a: Landorus|Landorus-Therian, M|40\/100\n|-damage|p1a: Landorus|27\/100|[from] Stealth Rock\n|-ability|p1a: Landorus|Intimidate|boost\n|-unboost|p2a: Sharko|atk|1\n|move|p2a: Sharko|Earthquake|p1a: Landorus\n|-immune|p1a: Landorus\n|\n|-heal|p1a: Landorus|33\/100|[from] item: Leftovers\n|upkeep\n|turn|31\n|l| dmiy10\n|j| dmiy10\n|\n|t:|1665799942\n|move|p2a: Sharko|Scale Shot|p1a: Landorus\n|-damage|p1a: Landorus|24\/100\n|-damage|p1a: Landorus|15\/100\n|-damage|p1a: Landorus|6\/100\n|-hitcount|p1a: Landorus|3\n|-unboost|p2a: Sharko|def|1\n|-boost|p2a: Sharko|spe|1\n|move|p1a: Landorus|Stealth Rock|p2a: Sharko\n|-sidestart|p2: Infernoss|move: Stealth Rock\n|\n|-heal|p1a: Landorus|12\/100|[from] item: Leftovers\n|upkeep\n|turn|32\n|j| ygibhikgbhohbuoh\n|l| dmiy10\n|inactive|Draco meteor herd has 30 seconds left.\n|l| ygibhikgbhohbuoh\n|\n|t:|1665799969\n|switch|p1a: Dragapult|Dragapult, F|7\/100\n|-damage|p1a: Dragapult|0 fnt|[from] Stealth Rock\n|faint|p1a: Dragapult\n|move|p2a: Sharko|Swords Dance|p2a: Sharko\n|-boost|p2a: Sharko|atk|2\n|\n|upkeep\n|inactive|Draco meteor herd has 30 seconds left.\n|c|\u2606Infernoss|gg\n|inactive|Draco meteor herd has 20 seconds left.\n|inactive|Draco meteor herd has 15 seconds left.\n|\n|t:|1665799990\n|switch|p1a: Melmetal|Melmetal|94\/100\n|-damage|p1a: Melmetal|88\/100|[from] Stealth Rock\n|turn|33\n|inactive|Draco meteor herd has 25 seconds left this turn.\n|inactive|Draco meteor herd has 20 seconds left.\n|\n|t:|1665800000\n|switch|p2a: Sonso|Slowbro, M|100\/100\n|-damage|p2a: Sonso|88\/100|[from] Stealth Rock\n|move|p1a: Melmetal|Double Iron Bash|p2a: Sonso\n|-resisted|p2a: Sonso\n|-damage|p2a: Sonso|74\/100\n|-resisted|p2a: Sonso\n|-damage|p2a: Sonso|60\/100\n|-hitcount|p2a: Sonso|2\n|\n|-heal|p1a: Melmetal|94\/100|[from] item: Leftovers\n|-fieldend|Misty Terrain\n|upkeep\n|turn|34\n|inactive|Draco meteor herd has 30 seconds left this turn.\n|inactive|Draco meteor herd has 20 seconds left.\n|\n|t:|1665800012\n|move|p1a: Melmetal|Double Iron Bash|p2a: Sonso\n|-resisted|p2a: Sonso\n|-damage|p2a: Sonso|47\/100\n|-resisted|p2a: Sonso\n|-damage|p2a: Sonso|33\/100\n|-hitcount|p2a: Sonso|2\n|cant|p2a: Sonso|flinch\n|\n|-heal|p1a: Melmetal|99\/100|[from] item: Leftovers\n|upkeep\n|turn|35\n|inactive|Draco meteor herd has 30 seconds left this turn.\n|\n|t:|1665800020\n|move|p1a: Melmetal|Thunder Punch|p2a: Sonso\n|-supereffective|p2a: Sonso\n|-damage|p2a: Sonso|0 fnt\n|faint|p2a: Sonso\n|\n|-heal|p1a: Melmetal|100\/100|[from] item: Leftovers\n|upkeep\n|inactive|Draco meteor herd has 30 seconds left this turn.\n|c|\u2606Infernoss|ban that shit\n|inactive|Infernoss has 120 seconds left.\n|\n|t:|1665800052\n|switch|p2a: Thorns|Ferrothorn, M|22\/100\n|-damage|p2a: Thorns|15\/100|[from] Stealth Rock\n|turn|36\n|inactive|Draco meteor herd has 30 seconds left.\n|inactive|Draco meteor herd has 20 seconds left.\n|\n|t:|1665800076\n|switch|p2a: Falkor|Drampa, M|32\/100\n|-damage|p2a: Falkor|20\/100|[from] Stealth Rock\n|move|p1a: Melmetal|Double Iron Bash|p2a: Falkor\n|-damage|p2a: Falkor|0 fnt\n|faint|p2a: Falkor\n|-hitcount|p2: Falkor|1\n|\n|upkeep\n|inactive|Draco meteor herd has 25 seconds left this turn.\n|inactive|Infernoss has 120 seconds left.\n|\n|t:|1665800086\n|switch|p2a: Sharko|Garchomp, M|100\/100\n|-damage|p2a: Sharko|94\/100|[from] Stealth Rock\n|turn|37\n|\n|t:|1665800091\n|switch|p1a: Landorus|Landorus-Therian, M|12\/100\n|-damage|p1a: Landorus|0 fnt|[from] Stealth Rock\n|faint|p1a: Landorus\n|move|p2a: Sharko|Swords Dance|p2a: Sharko\n|-boost|p2a: Sharko|atk|2\n|\n|-heal|p2a: Sharko|100\/100|[from] item: Leftovers\n|upkeep\n|\n|t:|1665800098\n|switch|p1a: Tapu Lele|Tapu Lele|100\/100\n|-damage|p1a: Tapu Lele|88\/100|[from] Stealth Rock\n|-fieldstart|move: Psychic Terrain|[from] ability: Psychic Surge|[of] p1a: Tapu Lele\n|turn|38\n|\n|t:|1665800103\n|move|p1a: Tapu Lele|Moonblast|p2a: Sharko\n|-supereffective|p2a: Sharko\n|-damage|p2a: Sharko|0 fnt\n|faint|p2a: Sharko\n|\n|upkeep\n|-message|Infernoss forfeited.\n|\n|win|Draco meteor herd\n|raw|Draco meteor herd's rating: 1627 &rarr; <strong>1649<\/strong><br \/>(+22 for winning)\n|raw|Infernoss's rating: 1657 &rarr; <strong>1635<\/strong><br \/>(-22 for losing)\n|l|\u2606Infernoss\n||Ladder isn't responding, score probably updated but might not have (Request timeout).\n","uploadtime":1665800122,"views":23,"p1id":"dracometeorherd","p2id":"infernoss","formatid":"gen8ou","rating":1635,"private":0,"password":null}