{"id":"gen8vgc2020-1201752012","p1":"bhkg","p2":"Sethwell","format":"gen8vgc2020","log":"|j|\u2606bhkg\n|j|\u2606Sethwell\n|t:|1602469580\n|player|p1|bhkg|102|1652\n|player|p2|Sethwell|2|1535\n|teamsize|p1|6\n|teamsize|p2|6\n|gametype|doubles\n|gen|8\n|tier|[Gen 8] VGC 2020\n|rated|\n|clearpoke\n|poke|p1|Noivern, L50, M|\n|poke|p1|Tsareena, L50, F|\n|poke|p1|Mamoswine, L50, F|\n|poke|p1|Chandelure, L50, F|\n|poke|p1|Azumarill, L50, F|\n|poke|p1|Silvally-*, L50|\n|poke|p2|Blastoise, L50, M|\n|poke|p2|Indeedee-F, L50, F|\n|poke|p2|Grimmsnarl, L50, M|\n|poke|p2|Snorlax, L50, M|\n|poke|p2|Politoed, L50, M|\n|poke|p2|Rillaboom, L50, M|\n|rule|Species Clause: Limit one of each Pok\u00e9mon\n|rule|Item Clause: Limit one of each item\n|teampreview|4\n|inactive|Battle timer is ON: inactive players will automatically lose when time's up. (requested by Sethwell)\n|inactive|Sethwell has 60 seconds left.\n|\n|t:|1602469615\n|start\n|switch|p1a: Noivern|Noivern, L50, M|48\/48\n|switch|p1b: Tsareena|Tsareena, L50, F|48\/48\n|switch|p2a: Indeedee|Indeedee-F, L50, F|48\/48\n|switch|p2b: Blastoise|Blastoise, L50, M|48\/48\n|-item|p2a: Indeedee|Focus Sash|[from] ability: Frisk|[of] p1a: Noivern|[identify]\n|-item|p2b: Blastoise|Safety Goggles|[from] ability: Frisk|[of] p1a: Noivern|[identify]\n|-fieldstart|move: Psychic Terrain|[from] ability: Psychic Surge|[of] p2a: Indeedee\n|turn|1\n|\n|t:|1602469635\n|-start|p1a: Noivern|Dynamax\n|-heal|p1a: Noivern|48\/48|[silent]\n|move|p2a: Indeedee|Follow Me|p2a: Indeedee\n|-singleturn|p2a: Indeedee|move: Follow Me\n|move|p1a: Noivern|Max Airstream|p2a: Indeedee\n|-damage|p2a: Indeedee|21\/48\n|-boost|p1a: Noivern|spe|1\n|-boost|p1b: Tsareena|spe|1\n|move|p1b: Tsareena|Power Whip|p2a: Indeedee\n|-damage|p2a: Indeedee|0 fnt\n|faint|p2a: Indeedee\n|move|p2b: Blastoise|Shell Smash|p2b: Blastoise\n|-unboost|p2b: Blastoise|def|1\n|-unboost|p2b: Blastoise|spd|1\n|-boost|p2b: Blastoise|atk|2\n|-boost|p2b: Blastoise|spa|2\n|-boost|p2b: Blastoise|spe|2\n|\n|upkeep\n|\n|t:|1602469657\n|switch|p2a: Rillaboom|Rillaboom, L50, M|48\/48\n|-fieldstart|move: Grassy Terrain|[from] ability: Grassy Surge|[of] p2a: Rillaboom\n|turn|2\n|\n|t:|1602469667\n|-start|p2b: Blastoise|Dynamax\n|-formechange|p2b: Blastoise|Blastoise-Gmax\n|-heal|p2b: Blastoise|48\/48|[silent]\n|move|p2a: Rillaboom|Fake Out||[still]\n|cant|p1b: Tsareena|ability: Queenly Majesty|Fake Out|[of] p2a: Rillaboom\n|move|p1a: Noivern|Max Airstream|p2a: Rillaboom\n|-supereffective|p2a: Rillaboom\n|-damage|p2a: Rillaboom|0 fnt\n|-boost|p1a: Noivern|spe|1\n|-boost|p1b: Tsareena|spe|1\n|faint|p2a: Rillaboom\n|move|p2b: Blastoise|Max Hailstorm|p1b: Tsareena\n|-supereffective|p1b: Tsareena\n|-damage|p1b: Tsareena|0 fnt\n|-weather|Hail\n|faint|p1b: Tsareena\n|\n|-weather|Hail|[upkeep]\n|-damage|p1a: Noivern|46\/48|[from] Hail\n|upkeep\n|\n|t:|1602469686\n|switch|p2a: Grimmsnarl|Grimmsnarl, L50, M|48\/48\n|switch|p1b: Silvally|Silvally-Electric, L50|48\/48\n|turn|3\n|inactive|bhkg has 30 seconds left.\n|\n|t:|1602469713\n|switch|p1b: Azumarill|Azumarill, L50, F|48\/48\n|move|p1a: Noivern|Max Guard|p1a: Noivern\n|-singleturn|p1a: Noivern|Max Guard\n|move|p2a: Grimmsnarl|Light Screen|p2a: Grimmsnarl\n|-sidestart|p2: Sethwell|move: Light Screen\n|move|p2b: Blastoise|G-Max Cannonade|p1b: Azumarill\n|-resisted|p1b: Azumarill\n|-damage|p1b: Azumarill|27\/48\n|-sidestart|p1: bhkg|G-Max Cannonade\n|\n|-weather|Hail|[upkeep]\n|-damage|p1a: Noivern|45\/48|[from] Hail\n|-damage|p2a: Grimmsnarl|45\/48|[from] Hail\n|-damage|p1b: Azumarill|24\/48g|[from] Hail\n|-damage|p1a: Noivern|41\/48|[from] G-Max Cannonade\n|-heal|p2a: Grimmsnarl|48\/48|[from] Grassy Terrain\n|-heal|p1b: Azumarill|27\/48|[from] Grassy Terrain\n|-end|p1a: Noivern|Dynamax\n|-heal|p1a: Noivern|41\/48|[silent]\n|upkeep\n|turn|4\n|\n|t:|1602469737\n|move|p1a: Noivern|Tailwind|p1a: Noivern\n|-sidestart|p1: bhkg|move: Tailwind\n|move|p2b: Blastoise|Max Hailstorm|p1a: Noivern\n|-supereffective|p1a: Noivern\n|-damage|p1a: Noivern|0 fnt\n|faint|p1a: Noivern\n|move|p1b: Azumarill|Play Rough|p2a: Grimmsnarl\n|-supereffective|p2a: Grimmsnarl\n|-damage|p2a: Grimmsnarl|0 fnt\n|faint|p2a: Grimmsnarl\n|\n|-weather|Hail|[upkeep]\n|-damage|p1b: Azumarill|24\/48g|[from] Hail\n|-heal|p1b: Azumarill|27\/48|[from] Grassy Terrain\n|-end|p2b: Blastoise|Dynamax\n|-formechange|p2b: Blastoise|Blastoise\n|-heal|p2b: Blastoise|48\/48|[silent]\n|upkeep\n|\n|t:|1602469742\n|switch|p1a: Silvally|Silvally-Electric, L50|48\/48\n|turn|5\n|\n|t:|1602469755\n|move|p2b: Blastoise|Protect|p2b: Blastoise\n|-singleturn|p2b: Blastoise|Protect\n|move|p1a: Silvally|Multi-Attack|p2b: Blastoise\n|-activate|p2b: Blastoise|move: Protect\n|move|p1b: Azumarill|Play Rough|p2b: Blastoise\n|-activate|p2b: Blastoise|move: Protect\n|\n|-weather|Hail|[upkeep]\n|-damage|p1a: Silvally|45\/48|[from] Hail\n|-damage|p1b: Azumarill|24\/48g|[from] Hail\n|-damage|p1a: Silvally|37\/48|[from] G-Max Cannonade\n|-heal|p1a: Silvally|40\/48|[from] Grassy Terrain\n|-heal|p1b: Azumarill|27\/48|[from] Grassy Terrain\n|upkeep\n|turn|6\n|\n|t:|1602469768\n|move|p1a: Silvally|Multi-Attack|p2b: Blastoise\n|-supereffective|p2b: Blastoise\n|-damage|p2b: Blastoise|0 fnt\n|faint|p2b: Blastoise\n|\n|win|bhkg\n|l|\u2606Sethwell\n|raw|bhkg's rating: 1652 &rarr; <strong>1665<\/strong><br \/>(+13 for winning)\n|raw|Sethwell's rating: 1536 &rarr; <strong>1522<\/strong><br \/>(-14 for losing)\n","uploadtime":1602469780,"views":12,"p1id":"bhkg","p2id":"sethwell","formatid":"gen8vgc2020","rating":1522,"private":0,"password":null}