{"id":"gen8ou-1697293508","p1":"malcolm24","p2":"jeandonis02","format":"gen8ou","log":"|j|\u2606malcolm24\n|j|\u2606jeandonis02\n|t:|1666981872\n|gametype|singles\n|player|p1|malcolm24|ryuki|1635\n|player|p2|jeandonis02|lucas|1746\n|teamsize|p1|6\n|teamsize|p2|6\n|gen|8\n|tier|[Gen 8] OU\n|rated|\n|rule|Sleep Clause Mod: Limit one foe put to sleep\n|rule|Species Clause: Limit one of each Pok\u00e9mon\n|rule|OHKO Clause: OHKO moves are banned\n|rule|Evasion Items Clause: Evasion items are banned\n|rule|Evasion Moves Clause: Evasion moves are banned\n|rule|Endless Battle Clause: Forcing endless battles is banned\n|rule|HP Percentage Mod: HP is shown in percentages\n|rule|Dynamax Clause: You cannot dynamax\n|clearpoke\n|poke|p1|Kartana|\n|poke|p1|Tapu Bulu|\n|poke|p1|Clefable, M|\n|poke|p1|Corviknight, F|\n|poke|p1|Blacephalon|\n|poke|p1|Swampert, F|\n|poke|p2|Zeraora|\n|poke|p2|Toxapex, F|\n|poke|p2|Garchomp, F|\n|poke|p2|Rotom-Wash|\n|poke|p2|Ferrothorn, M|\n|poke|p2|Charizard, M|\n|teampreview\n|inactive|Battle timer is ON: inactive players will automatically lose when time's up. (requested by jeandonis02)\n|\n|t:|1666981896\n|start\n|switch|p1a: Clefable|Clefable, M|100\/100\n|switch|p2a: Garchomp|Garchomp, F|100\/100\n|turn|1\n|\n|t:|1666981902\n|move|p2a: Garchomp|Iron Head|p1a: Clefable\n|-supereffective|p1a: Clefable\n|-damage|p1a: Clefable|24\/100\n|cant|p1a: Clefable|flinch\n|\n|-heal|p1a: Clefable|30\/100|[from] item: Leftovers\n|upkeep\n|turn|2\n|\n|t:|1666981908\n|switch|p2a: Rotom|Rotom-Wash|100\/100\n|switch|p1a: Corviknight|Corviknight, F|100\/100\n|-ability|p1a: Corviknight|Pressure\n|\n|upkeep\n|turn|3\n|\n|t:|1666981912\n|switch|p1a: Swampert|Swampert, F|100\/100\n|move|p2a: Rotom|Will-O-Wisp|p1a: Swampert|[miss]\n|-miss|p2a: Rotom|p1a: Swampert\n|\n|upkeep\n|turn|4\n|\n|t:|1666981914\n|move|p2a: Rotom|Will-O-Wisp|p1a: Swampert\n|-status|p1a: Swampert|brn\n|move|p1a: Swampert|Toxic|p2a: Rotom\n|-status|p2a: Rotom|tox\n|\n|-damage|p2a: Rotom|94\/100 tox|[from] psn\n|-damage|p1a: Swampert|94\/100 brn|[from] brn\n|upkeep\n|turn|5\n|\n|t:|1666981916\n|switch|p2a: Ferrothorn|Ferrothorn, M|100\/100\n|move|p1a: Swampert|Stealth Rock|p2a: Ferrothorn\n|-sidestart|p2: jeandonis02|move: Stealth Rock\n|\n|-heal|p1a: Swampert|100\/100 brn|[from] item: Leftovers\n|-damage|p1a: Swampert|94\/100 brn|[from] brn\n|upkeep\n|turn|6\n|\n|t:|1666981923\n|switch|p1a: Corviknight|Corviknight, F|100\/100\n|-ability|p1a: Corviknight|Pressure\n|move|p2a: Ferrothorn|Stealth Rock|p1a: Corviknight\n|-sidestart|p1: malcolm24|move: Stealth Rock\n|\n|upkeep\n|turn|7\n|\n|t:|1666981925\n|move|p1a: Corviknight|Defog|p2a: Ferrothorn\n|-unboost|p2a: Ferrothorn|evasion|1\n|-sideend|p2: jeandonis02|Stealth Rock|[from] move: Defog|[of] p1a: Corviknight\n|-sideend|p1: malcolm24|Stealth Rock|[from] move: Defog|[of] p1a: Corviknight\n|move|p2a: Ferrothorn|Thunder Wave|p1a: Corviknight\n|-status|p1a: Corviknight|par\n|\n|upkeep\n|turn|8\n|\n|t:|1666981936\n|switch|p1a: Clefable|Clefable, M|30\/100\n|move|p2a: Ferrothorn|Stealth Rock|p1a: Clefable\n|-sidestart|p1: malcolm24|move: Stealth Rock\n|\n|-heal|p1a: Clefable|37\/100|[from] item: Leftovers\n|upkeep\n|turn|9\n|\n|t:|1666981938\n|move|p1a: Clefable|Soft-Boiled|p1a: Clefable\n|-heal|p1a: Clefable|87\/100\n|move|p2a: Ferrothorn|Thunder Wave|p1a: Clefable|[miss]\n|-miss|p2a: Ferrothorn|p1a: Clefable\n|\n|-heal|p1a: Clefable|93\/100|[from] item: Leftovers\n|upkeep\n|turn|10\n|\n|t:|1666981940\n|switch|p1a: Corviknight|Corviknight, F|100\/100 par\n|-damage|p1a: Corviknight|88\/100 par|[from] Stealth Rock\n|-ability|p1a: Corviknight|Pressure\n|move|p2a: Ferrothorn|Thunder Wave|p1a: Corviknight\n|-fail|p1a: Corviknight|par\n|\n|-heal|p1a: Corviknight|94\/100 par|[from] item: Leftovers\n|upkeep\n|turn|11\n|\n|t:|1666981943\n|move|p2a: Ferrothorn|Leech Seed|p1a: Corviknight\n|-start|p1a: Corviknight|move: Leech Seed\n|cant|p1a: Corviknight|par\n|\n|-heal|p1a: Corviknight|100\/100 par|[from] item: Leftovers\n|-damage|p1a: Corviknight|88\/100 par|[from] Leech Seed|[of] p2a: Ferrothorn\n|upkeep\n|turn|12\n|\n|t:|1666981948\n|move|p2a: Ferrothorn|Stealth Rock||[still]\n|-fail|p2a: Ferrothorn\n|move|p1a: Corviknight|Defog|p2a: Ferrothorn\n|-unboost|p2a: Ferrothorn|evasion|1\n|-sideend|p1: malcolm24|Stealth Rock|[from] move: Defog|[of] p1a: Corviknight\n|\n|-heal|p1a: Corviknight|94\/100 par|[from] item: Leftovers\n|-damage|p1a: Corviknight|82\/100 par|[from] Leech Seed|[of] p2a: Ferrothorn\n|upkeep\n|turn|13\n|\n|t:|1666981952\n|switch|p1a: Clefable|Clefable, M|93\/100\n|move|p2a: Ferrothorn|Stealth Rock|p1a: Clefable\n|-sidestart|p1: malcolm24|move: Stealth Rock\n|\n|-heal|p1a: Clefable|99\/100|[from] item: Leftovers\n|upkeep\n|turn|14\n|\n|t:|1666981956\n|switch|p1a: Corviknight|Corviknight, F|82\/100 par\n|-damage|p1a: Corviknight|69\/100 par|[from] Stealth Rock\n|-ability|p1a: Corviknight|Pressure\n|move|p2a: Ferrothorn|Thunder Wave|p1a: Corviknight\n|-fail|p1a: Corviknight|par\n|\n|-heal|p1a: Corviknight|75\/100 par|[from] item: Leftovers\n|upkeep\n|turn|15\n|\n|t:|1666981960\n|move|p2a: Ferrothorn|Leech Seed|p1a: Corviknight|[miss]\n|-miss|p2a: Ferrothorn|p1a: Corviknight\n|move|p1a: Corviknight|Defog|p2a: Ferrothorn\n|-unboost|p2a: Ferrothorn|evasion|1\n|-sideend|p1: malcolm24|Stealth Rock|[from] move: Defog|[of] p1a: Corviknight\n|\n|-heal|p1a: Corviknight|82\/100 par|[from] item: Leftovers\n|upkeep\n|turn|16\n|\n|t:|1666981967\n|switch|p1a: Clefable|Clefable, M|99\/100\n|move|p2a: Ferrothorn|Stealth Rock|p1a: Clefable\n|-sidestart|p1: malcolm24|move: Stealth Rock\n|\n|-heal|p1a: Clefable|100\/100|[from] item: Leftovers\n|upkeep\n|turn|17\n|\n|t:|1666981972\n|move|p1a: Clefable|Knock Off|p2a: Ferrothorn\n|-damage|p2a: Ferrothorn|92\/100\n|-activate|p2a: Ferrothorn|ability: Iron Barbs\n|-enditem|p2a: Ferrothorn|Rocky Helmet|[from] move: Knock Off|[of] p1a: Clefable\n|move|p2a: Ferrothorn|Thunder Wave|p1a: Clefable\n|-status|p1a: Clefable|par\n|\n|upkeep\n|turn|18\n|\n|t:|1666981978\n|move|p1a: Clefable|Thunder Wave|p2a: Ferrothorn\n|-status|p2a: Ferrothorn|par\n|move|p2a: Ferrothorn|Stealth Rock||[still]\n|-fail|p2a: Ferrothorn\n|\n|upkeep\n|turn|19\n|\n|t:|1666981985\n|switch|p1a: Corviknight|Corviknight, F|82\/100 par\n|-damage|p1a: Corviknight|69\/100 par|[from] Stealth Rock\n|-ability|p1a: Corviknight|Pressure\n|cant|p2a: Ferrothorn|par\n|\n|-heal|p1a: Corviknight|75\/100 par|[from] item: Leftovers\n|upkeep\n|turn|20\n|\n|t:|1666981987\n|move|p1a: Corviknight|Defog|p2a: Ferrothorn\n|-unboost|p2a: Ferrothorn|evasion|1\n|-sideend|p1: malcolm24|Stealth Rock|[from] move: Defog|[of] p1a: Corviknight\n|move|p2a: Ferrothorn|Leech Seed|p1a: Corviknight\n|-start|p1a: Corviknight|move: Leech Seed\n|\n|-heal|p1a: Corviknight|82\/100 par|[from] item: Leftovers\n|-damage|p1a: Corviknight|69\/100 par|[from] Leech Seed|[of] p2a: Ferrothorn\n|-heal|p2a: Ferrothorn|100\/100 par|[silent]\n|upkeep\n|turn|21\n|\n|t:|1666981990\n|switch|p1a: Clefable|Clefable, M|100\/100 par\n|move|p2a: Ferrothorn|Stealth Rock|p1a: Clefable\n|-sidestart|p1: malcolm24|move: Stealth Rock\n|\n|upkeep\n|turn|22\n|\n|t:|1666981997\n|switch|p1a: Corviknight|Corviknight, F|69\/100 par\n|-damage|p1a: Corviknight|57\/100 par|[from] Stealth Rock\n|-ability|p1a: Corviknight|Pressure\n|move|p2a: Ferrothorn|Thunder Wave|p1a: Corviknight|[miss]\n|-miss|p2a: Ferrothorn|p1a: Corviknight\n|\n|-heal|p1a: Corviknight|63\/100 par|[from] item: Leftovers\n|upkeep\n|turn|23\n|\n|t:|1666982000\n|cant|p1a: Corviknight|par\n|move|p2a: Ferrothorn|Leech Seed|p1a: Corviknight\n|-start|p1a: Corviknight|move: Leech Seed\n|\n|-heal|p1a: Corviknight|69\/100 par|[from] item: Leftovers\n|-damage|p1a: Corviknight|57\/100 par|[from] Leech Seed|[of] p2a: Ferrothorn\n|upkeep\n|turn|24\n|\n|t:|1666982003\n|switch|p2a: Charizard|Charizard, M|100\/100\n|cant|p1a: Corviknight|par\n|\n|-heal|p1a: Corviknight|63\/100 par|[from] item: Leftovers\n|-damage|p1a: Corviknight|50\/100 par|[from] Leech Seed|[of] p2a: Charizard\n|upkeep\n|turn|25\n|\n|t:|1666982007\n|switch|p1a: Swampert|Swampert, F|94\/100 brn\n|-damage|p1a: Swampert|88\/100 brn|[from] Stealth Rock\n|move|p2a: Charizard|Belly Drum|p2a: Charizard\n|-damage|p2a: Charizard|50\/100\n|-setboost|p2a: Charizard|atk|6|[from] move: Belly Drum\n|-enditem|p2a: Charizard|Sitrus Berry|[eat]\n|-heal|p2a: Charizard|75\/100|[from] item: Sitrus Berry\n|\n|-heal|p1a: Swampert|94\/100 brn|[from] item: Leftovers\n|-damage|p1a: Swampert|88\/100 brn|[from] brn\n|upkeep\n|turn|26\n|\n|t:|1666982012\n|move|p2a: Charizard|Acrobatics|p1a: Swampert\n|-damage|p1a: Swampert|0 fnt\n|faint|p1a: Swampert\n|\n|upkeep\n|\n|t:|1666982031\n|switch|p1a: Blacephalon|Blacephalon|100\/100\n|-damage|p1a: Blacephalon|76\/100|[from] Stealth Rock\n|turn|27\n|\n|t:|1666982041\n|move|p1a: Blacephalon|Shadow Ball|p2a: Charizard\n|-damage|p2a: Charizard|21\/100\n|move|p2a: Charizard|Acrobatics|p1a: Blacephalon\n|-damage|p1a: Blacephalon|0 fnt\n|faint|p1a: Blacephalon\n|\n|upkeep\n|\n|t:|1666982044\n|switch|p1a: Kartana|Kartana|100\/100\n|-damage|p1a: Kartana|94\/100|[from] Stealth Rock\n|turn|28\n|\n|t:|1666982046\n|switch|p2a: Ferrothorn|Ferrothorn, M|100\/100 par\n|move|p1a: Kartana|Knock Off|p2a: Ferrothorn\n|-damage|p2a: Ferrothorn|74\/100 par\n|-damage|p1a: Kartana|82\/100|[from] ability: Iron Barbs|[of] p2a: Ferrothorn\n|\n|upkeep\n|turn|29\n|\n|t:|1666982052\n|switch|p1a: Corviknight|Corviknight, F|50\/100 par\n|-damage|p1a: Corviknight|38\/100 par|[from] Stealth Rock\n|-ability|p1a: Corviknight|Pressure\n|switch|p2a: Garchomp|Garchomp, F|100\/100\n|\n|-heal|p1a: Corviknight|44\/100 par|[from] item: Leftovers\n|upkeep\n|turn|30\n|\n|t:|1666982055\n|move|p2a: Garchomp|Fire Fang|p1a: Corviknight\n|-supereffective|p1a: Corviknight\n|-damage|p1a: Corviknight|4\/100 par\n|move|p1a: Corviknight|Roost|p1a: Corviknight\n|-heal|p1a: Corviknight|54\/100 par\n|-singleturn|p1a: Corviknight|move: Roost\n|\n|-heal|p1a: Corviknight|60\/100 par|[from] item: Leftovers\n|upkeep\n|turn|31\n|\n|t:|1666982060\n|switch|p1a: Clefable|Clefable, M|100\/100 par\n|move|p2a: Garchomp|Fire Fang|p1a: Clefable|[miss]\n|-miss|p2a: Garchomp|p1a: Clefable\n|\n|upkeep\n|turn|32\n|\n|t:|1666982068\n|switch|p2a: Charizard|Charizard, M|21\/100\n|move|p1a: Clefable|Knock Off|p2a: Charizard\n|-damage|p2a: Charizard|9\/100\n|\n|upkeep\n|turn|33\n|\n|t:|1666982071\n|move|p2a: Charizard|Roost|p2a: Charizard\n|-heal|p2a: Charizard|59\/100\n|-singleturn|p2a: Charizard|move: Roost\n|cant|p1a: Clefable|par\n|\n|upkeep\n|turn|34\n|\n|t:|1666982080\n|switch|p2a: Zeraora|Zeraora|100\/100\n|move|p1a: Clefable|Thunder Wave|p2a: Zeraora\n|-immune|p2a: Zeraora|[from] ability: Volt Absorb\n|\n|upkeep\n|turn|35\n|\n|t:|1666982085\n|switch|p1a: Tapu Bulu|Tapu Bulu|100\/100\n|-damage|p1a: Tapu Bulu|88\/100|[from] Stealth Rock\n|-fieldstart|move: Grassy Terrain|[from] ability: Grassy Surge|[of] p1a: Tapu Bulu\n|move|p2a: Zeraora|Knock Off|p1a: Tapu Bulu\n|-resisted|p1a: Tapu Bulu\n|-damage|p1a: Tapu Bulu|72\/100\n|-enditem|p1a: Tapu Bulu|Coba Berry|[from] move: Knock Off|[of] p2a: Zeraora\n|\n|-heal|p1a: Tapu Bulu|79\/100|[from] Grassy Terrain\n|upkeep\n|turn|36\n|\n|t:|1666982090\n|switch|p2a: Charizard|Charizard, M|59\/100\n|move|p1a: Tapu Bulu|Swords Dance|p1a: Tapu Bulu\n|-boost|p1a: Tapu Bulu|atk|2\n|\n|-heal|p1a: Tapu Bulu|85\/100|[from] Grassy Terrain\n|upkeep\n|turn|37\n|\n|t:|1666982095\n|move|p2a: Charizard|Acrobatics|p1a: Tapu Bulu\n|-supereffective|p1a: Tapu Bulu\n|-damage|p1a: Tapu Bulu|4\/100\n|move|p1a: Tapu Bulu|Stone Edge|p2a: Charizard\n|-supereffective|p2a: Charizard\n|-damage|p2a: Charizard|0 fnt\n|faint|p2a: Charizard\n|\n|-heal|p1a: Tapu Bulu|10\/100|[from] Grassy Terrain\n|upkeep\n|\n|t:|1666982100\n|switch|p2a: Zeraora|Zeraora|100\/100\n|turn|38\n|\n|t:|1666982121\n|move|p2a: Zeraora|Plasma Fists|p1a: Tapu Bulu\n|-resisted|p1a: Tapu Bulu\n|-damage|p1a: Tapu Bulu|0 fnt\n|-fieldactivate|move: Ion Deluge\n|-hint|Normal-type moves become Electric-type after using Plasma Fists.\n|faint|p1a: Tapu Bulu\n|\n|upkeep\n|-message|malcolm24 forfeited.\n|\n|win|jeandonis02\n|raw|malcolm24's rating: 1613 &rarr; <strong>1600<\/strong><br \/>(-13 for losing)\n|raw|jeandonis02's rating: 1746 &rarr; <strong>1759<\/strong><br \/>(+13 for winning)\n|l|\u2606malcolm24\n||Ladder isn't responding, score probably updated but might not have (Request timeout).\n","uploadtime":1666982133,"views":16,"p1id":"malcolm24","p2id":"jeandonis02","formatid":"gen8ou","rating":1600,"private":0,"password":null}