{"id":"gen8nationaldex-1630980277","p1":"zoompa","p2":"FleetFoxxx","format":"gen8nationaldex","log":"|j|\u2606zoompa\n|j|\u2606FleetFoxxx\n|t:|1659483851\n|gametype|singles\n|player|p1|zoompa|170|\n|player|p2|FleetFoxxx|flannery|\n|teamsize|p1|6\n|teamsize|p2|6\n|gen|8\n|tier|[Gen 8] National Dex\n|rule|HP Percentage Mod: HP is shown in percentages\n|rule|Endless Battle Clause: Forcing endless battles is banned\n|rule|OHKO Clause: OHKO moves are banned\n|rule|Evasion Moves Clause: Evasion moves are banned\n|rule|Species Clause: Limit one of each Pok\u00e9mon\n|rule|Dynamax Clause: You cannot dynamax\n|rule|Sleep Clause Mod: Limit one foe put to sleep\n|clearpoke\n|poke|p1|Gardevoir, M|\n|poke|p1|Beartic, F|\n|poke|p1|Arctovish|\n|poke|p1|Aurorus, F|\n|poke|p1|Durant, F|\n|poke|p1|Spiritomb, F|\n|poke|p2|Bisharp, M|\n|poke|p2|Coalossal, F|\n|poke|p2|Whimsicott, F|\n|poke|p2|Galvantula, M|\n|poke|p2|Runerigus, M|\n|poke|p2|Banette, F|\n|teampreview\n|j| yes munchlax\n|c|\u2606zoompa|gl;gl\n|c|\u2606FleetFoxxx|ok gotta remember to send the link\n|j| Deathbypudding\n|\n|t:|1659483893\n|start\n|switch|p1a: Soybean|Aurorus, F|100\/100\n|switch|p2a: Galvantula|Galvantula, M|100\/100\n|-weather|Hail|[from] ability: Snow Warning|[of] p1a: Soybean\n|turn|1\n|j| DerpyDots\n|j|+111ace111\n|j| Lavamites\n|j| Matieu\n|\n|t:|1659483992\n|move|p2a: Galvantula|Volt Switch|p1a: Soybean\n|-damage|p1a: Soybean|68\/100\n|j| johngalt149\n|\n|t:|1659484000\n|switch|p2a: Runerigus|Runerigus, M|100\/100|[from]move: Volt Switch\n|move|p1a: Soybean|Blizzard|p2a: Runerigus\n|-supereffective|p2a: Runerigus\n|-damage|p2a: Runerigus|0 fnt\n|faint|p2a: Runerigus\n|\n|-weather|Hail|[upkeep]\n|upkeep\n|j| Bugsileus\n|j| sh0shin\n|\n|t:|1659484097\n|switch|p2a: Bisharp|Bisharp, M|100\/100\n|turn|2\n|\n|t:|1659484169\n|switch|p1a: Olive|Arctovish|100\/100\n|move|p2a: Bisharp|Iron Head|p1a: Olive\n|-damage|p1a: Olive|42\/100\n|-damage|p2a: Bisharp|91\/100|[from] item: Life Orb\n|\n|-weather|Hail|[upkeep]\n|-damage|p2a: Bisharp|84\/100|[from] Hail\n|upkeep\n|turn|3\n|\n|t:|1659484248\n|move|p2a: Bisharp|Sucker Punch||[still]\n|-fail|p2a: Bisharp\n|move|p1a: Olive|Substitute|p1a: Olive\n|-start|p1a: Olive|Substitute\n|-damage|p1a: Olive|18\/100\n|\n|-weather|Hail|[upkeep]\n|-damage|p2a: Bisharp|78\/100|[from] Hail\n|upkeep\n|turn|4\n|l| Lavamites\n|\n|t:|1659484318\n|switch|p2a: Coalossal|Coalossal, F|100\/100\n|move|p1a: Olive|Icicle Crash|p2a: Coalossal\n|-resisted|p2a: Coalossal\n|-damage|p2a: Coalossal|91\/100\n|\n|-weather|Hail|[upkeep]\n|-damage|p2a: Coalossal|85\/100|[from] Hail\n|upkeep\n|turn|5\n|\n|t:|1659484333\n|move|p1a: Olive|Fishious Rend|p2a: Coalossal\n|-supereffective|p2a: Coalossal\n|-damage|p2a: Coalossal|0 fnt\n|faint|p2a: Coalossal\n|\n|-weather|Hail|[upkeep]\n|upkeep\n|\n|t:|1659484351\n|switch|p2a: Banette|Banette, F|100\/100\n|-item|p1a: Olive|Mystic Water|[from] ability: Frisk|[of] p2a: Banette|[identify]\n|turn|6\n|\n|t:|1659484381\n|detailschange|p2a: Banette|Banette-Mega, F\n|-mega|p2a: Banette|Banette|Banettite\n|move|p2a: Banette|Shadow Sneak|p1a: Olive\n|-end|p1a: Olive|Substitute\n|move|p1a: Olive|Fishious Rend|p2a: Banette\n|-crit|p2a: Banette\n|-damage|p2a: Banette|19\/100\n|\n|-weather|Hail|[upkeep]\n|-damage|p2a: Banette|13\/100|[from] Hail\n|upkeep\n|turn|7\n|\n|t:|1659484423\n|switch|p1a: Sunflower|Spiritomb, F|100\/100\n|move|p2a: Banette|Shadow Sneak|p1a: Sunflower\n|-damage|p1a: Sunflower|78\/100\n|\n|-weather|Hail|[upkeep]\n|-damage|p2a: Banette|7\/100|[from] Hail\n|-damage|p1a: Sunflower|72\/100|[from] Hail\n|-heal|p1a: Sunflower|78\/100|[from] item: Leftovers\n|upkeep\n|turn|8\n|\n|t:|1659484433\n|switch|p2a: Whimsicott|Whimsicott, F|100\/100\n|move|p1a: Sunflower|Calm Mind|p1a: Sunflower\n|-boost|p1a: Sunflower|spa|1\n|-boost|p1a: Sunflower|spd|1\n|\n|-weather|none\n|-heal|p1a: Sunflower|84\/100|[from] item: Leftovers\n|upkeep\n|turn|9\n|\n|t:|1659484468\n|-zpower|p2a: Whimsicott\n|move|p2a: Whimsicott|Twinkle Tackle|p1a: Sunflower|[zeffect]\n|-supereffective|p1a: Sunflower\n|-damage|p1a: Sunflower|0 fnt\n|faint|p1a: Sunflower\n|\n|upkeep\n|\n|t:|1659484508\n|switch|p1a: Canola|Gardevoir, M|100\/100\n|-ability|p1a: Canola|Prankster|[from] ability: Trace|[of] p2a: Whimsicott\n|turn|10\n|\n|t:|1659484542\n|switch|p2a: Galvantula|Galvantula, M|100\/100\n|move|p1a: Canola|Mystical Fire|p2a: Galvantula\n|-supereffective|p2a: Galvantula\n|-damage|p2a: Galvantula|2\/100\n|-unboost|p2a: Galvantula|spa|1\n|\n|upkeep\n|turn|11\n|\n|t:|1659484549\n|move|p1a: Canola|Mystical Fire|p2a: Galvantula\n|-supereffective|p2a: Galvantula\n|-damage|p2a: Galvantula|0 fnt\n|faint|p2a: Galvantula\n|\n|upkeep\n|\n|t:|1659484642\n|switch|p2a: Banette|Banette-Mega, F|7\/100\n|turn|12\n|c|\u2606zoompa|prankster vs prankster\n|\n|t:|1659484687\n|switch|p1a: Soybean|Aurorus, F|68\/100\n|-weather|Hail|[from] ability: Snow Warning|[of] p1a: Soybean\n|move|p2a: Banette|Shadow Sneak|p1a: Soybean\n|-damage|p1a: Soybean|45\/100\n|\n|-weather|Hail|[upkeep]\n|-damage|p2a: Banette|1\/100|[from] Hail\n|upkeep\n|turn|13\n|\n|t:|1659484698\n|move|p2a: Banette|Shadow Claw|p1a: Soybean\n|-damage|p1a: Soybean|5\/100\n|move|p1a: Soybean|Aurora Veil|p1a: Soybean\n|-sidestart|p1: zoompa|move: Aurora Veil\n|\n|-weather|Hail|[upkeep]\n|-damage|p2a: Banette|0 fnt|[from] Hail\n|faint|p2a: Banette\n|upkeep\n|\n|t:|1659484711\n|switch|p2a: Whimsicott|Whimsicott, F|100\/100\n|turn|14\n|\n|t:|1659484721\n|move|p2a: Whimsicott|Moonblast|p1a: Soybean\n|-damage|p1a: Soybean|0 fnt\n|faint|p1a: Soybean\n|\n|-weather|Hail|[upkeep]\n|-damage|p2a: Whimsicott|94\/100|[from] Hail\n|upkeep\n|\n|t:|1659484728\n|switch|p1a: Avocado|Beartic, F|100\/100\n|turn|15\n|\n|t:|1659484757\n|move|p2a: Whimsicott|Tailwind|p2a: Whimsicott\n|-sidestart|p2: FleetFoxxx|move: Tailwind\n|move|p1a: Avocado|Icicle Spear|p2a: Whimsicott\n|-supereffective|p2a: Whimsicott\n|-damage|p2a: Whimsicott|53\/100\n|-supereffective|p2a: Whimsicott\n|-damage|p2a: Whimsicott|12\/100\n|-supereffective|p2a: Whimsicott\n|-damage|p2a: Whimsicott|0 fnt\n|faint|p2a: Whimsicott\n|-hitcount|p2: Whimsicott|3\n|\n|-weather|Hail|[upkeep]\n|upkeep\n|\n|t:|1659484760\n|switch|p2a: Bisharp|Bisharp, M|78\/100\n|turn|16\n|l| DerpyDots\n|\n|t:|1659484771\n|move|p2a: Bisharp|Iron Head|p1a: Avocado\n|-supereffective|p1a: Avocado\n|-damage|p1a: Avocado|25\/100\n|-damage|p2a: Bisharp|68\/100|[from] item: Life Orb\n|cant|p1a: Avocado|flinch\n|\n|-weather|Hail|[upkeep]\n|-damage|p2a: Bisharp|62\/100|[from] Hail\n|upkeep\n|turn|17\n|\n|t:|1659484782\n|switch|p1a: Canola|Gardevoir, M|100\/100\n|-ability|p1a: Canola|Defiant|[from] ability: Trace|[of] p2a: Bisharp\n|move|p2a: Bisharp|Iron Head|p1a: Canola\n|-supereffective|p1a: Canola\n|-damage|p1a: Canola|0 fnt\n|faint|p1a: Canola\n|-damage|p2a: Bisharp|52\/100|[from] item: Life Orb\n|\n|-weather|Hail|[upkeep]\n|-damage|p2a: Bisharp|46\/100|[from] Hail\n|-sideend|p1: zoompa|move: Aurora Veil\n|upkeep\n|\n|t:|1659484811\n|switch|p1a: Peanut|Durant, F|100\/100\n|turn|18\n|\n|t:|1659484819\n|move|p2a: Bisharp|Knock Off|p1a: Peanut\n|-damage|p1a: Peanut|43\/100\n|-damage|p2a: Bisharp|36\/100|[from] item: Life Orb\n|move|p1a: Peanut|Superpower|p2a: Bisharp\n|-supereffective|p2a: Bisharp\n|-damage|p2a: Bisharp|0 fnt\n|-unboost|p1a: Peanut|atk|1\n|-unboost|p1a: Peanut|def|1\n|faint|p2a: Bisharp\n|\n|win|zoompa\n|l|\u2606FleetFoxxx\n|c|\u2606zoompa|ggs\n","uploadtime":1659484851,"views":13,"p1id":"zoompa","p2id":"fleetfoxxx","formatid":"gen8nationaldex","rating":0,"private":0,"password":null}