{"id":"gen8nationaldexag-1100720267","p1":"85792195wwww","p2":"willcoxw","format":"gen8nationaldexag","log":"|j|\u260685792195wwww\n|j|\u2606willcoxw\n|player|p1|85792195wwww|lady|1799\n|player|p2|willcoxw|clair|1702\n|teamsize|p1|6\n|teamsize|p2|6\n|gametype|singles\n|gen|8\n|tier|[Gen 8] National Dex AG\n|rated|\n|clearpoke\n|poke|p1|Zacian-Crowned|\n|poke|p1|Rayquaza|\n|poke|p1|Arceus-*|\n|poke|p1|Arceus-*|\n|poke|p1|Kyogre|\n|poke|p1|Ditto|\n|poke|p2|Zygarde|\n|poke|p2|Zygarde|\n|poke|p2|Necrozma-Dusk-Mane|\n|poke|p2|Necrozma-Dawn-Wings|\n|poke|p2|Eternatus|\n|poke|p2|Yveltal|\n|rule|HP Percentage Mod: HP is shown in percentages\n|rule|Endless Battle Clause: Forcing endless battles is banned\n|teampreview\n|\n|start\n|switch|p1a: Arceus|Arceus-Ground|100\/100\n|switch|p2a: Eternatus|Eternatus|100\/100\n|-ability|p2a: Eternatus|Pressure\n|turn|1\n|\n|move|p2a: Eternatus|Substitute|p2a: Eternatus\n|-start|p2a: Eternatus|Substitute\n|-damage|p2a: Eternatus|76\/100\n|move|p1a: Arceus|Calm Mind|p1a: Arceus\n|-boost|p1a: Arceus|spa|1\n|-boost|p1a: Arceus|spd|1\n|\n|-heal|p2a: Eternatus|82\/100|[from] item: Black Sludge\n|upkeep\n|turn|2\n|\n|move|p2a: Eternatus|Toxic Spikes|p1a: Arceus\n|-sidestart|p1: 85792195wwww|move: Toxic Spikes\n|move|p1a: Arceus|Ice Beam|p2a: Eternatus\n|-supereffective|p2a: Eternatus\n|-end|p2a: Eternatus|Substitute\n|\n|-heal|p2a: Eternatus|88\/100|[from] item: Black Sludge\n|upkeep\n|turn|3\n|\n|move|p2a: Eternatus|Substitute|p2a: Eternatus\n|-start|p2a: Eternatus|Substitute\n|-damage|p2a: Eternatus|63\/100\n|move|p1a: Arceus|Judgment|p2a: Eternatus\n|-supereffective|p2a: Eternatus\n|-end|p2a: Eternatus|Substitute\n|\n|-heal|p2a: Eternatus|69\/100|[from] item: Black Sludge\n|upkeep\n|turn|4\n|\n|move|p2a: Eternatus|Substitute|p2a: Eternatus\n|-start|p2a: Eternatus|Substitute\n|-damage|p2a: Eternatus|44\/100\n|move|p1a: Arceus|Judgment|p2a: Eternatus\n|-supereffective|p2a: Eternatus\n|-end|p2a: Eternatus|Substitute\n|\n|-heal|p2a: Eternatus|50\/100|[from] item: Black Sludge\n|upkeep\n|turn|5\n|\n|move|p2a: Eternatus|Substitute|p2a: Eternatus\n|-start|p2a: Eternatus|Substitute\n|-damage|p2a: Eternatus|25\/100\n|move|p1a: Arceus|Ice Beam|p2a: Eternatus\n|-supereffective|p2a: Eternatus\n|-end|p2a: Eternatus|Substitute\n|\n|-heal|p2a: Eternatus|32\/100|[from] item: Black Sludge\n|upkeep\n|turn|6\n|\n|move|p2a: Eternatus|Dynamax Cannon|p1a: Arceus\n|-damage|p1a: Arceus|70\/100\n|move|p1a: Arceus|Ice Beam|p2a: Eternatus\n|-supereffective|p2a: Eternatus\n|-damage|p2a: Eternatus|0 fnt\n|faint|p2a: Eternatus\n|\n|upkeep\n|\n|switch|p2a: Yveltal|Yveltal|100\/100\n|-ability|p2a: Yveltal|Dark Aura\n|turn|7\n|\n|-start|p1a: Arceus|Dynamax\n|-heal|p1a: Arceus|70\/100|[silent]\n|-start|p2a: Yveltal|Dynamax\n|-heal|p2a: Yveltal|100\/100|[silent]\n|move|p1a: Arceus|Max Hailstorm|p2a: Yveltal\n|-supereffective|p2a: Yveltal\n|-damage|p2a: Yveltal|43\/100\n|-weather|Hail\n|move|p2a: Yveltal|Max Airstream|p1a: Arceus\n|-damage|p1a: Arceus|48\/100\n|-boost|p2a: Yveltal|spe|1\n|-damage|p2a: Yveltal|38\/100|[from] item: Life Orb\n|\n|-weather|Hail|[upkeep]\n|-damage|p2a: Yveltal|35\/100|[from] Hail\n|-damage|p1a: Arceus|45\/100|[from] Hail\n|upkeep\n|turn|8\n|\n|move|p2a: Yveltal|Max Darkness|p1a: Arceus\n|-damage|p1a: Arceus|15\/100\n|-unboost|p1a: Arceus|spd|1\n|-damage|p2a: Yveltal|30\/100|[from] item: Life Orb\n|move|p1a: Arceus|Max Rockfall|p2a: Yveltal\n|-supereffective|p2a: Yveltal\n|-damage|p2a: Yveltal|0 fnt\n|-weather|Sandstorm\n|faint|p2a: Yveltal\n|\n|-weather|Sandstorm|[upkeep]\n|upkeep\n|\n|switch|p2a: Necrozma-Dawn-Wing|Necrozma-Dawn-Wings|100\/100\n|turn|9\n|\n|detailschange|p2a: Necrozma-Dawn-Wing|Necrozma-Ultra\n|-burst|p2a: Necrozma-Dawn-Wing|Necrozma|Ultranecrozium Z\n|move|p1a: Arceus|Max Quake|p2a: Necrozma-Dawn-Wing\n|-damage|p2a: Necrozma-Dawn-Wing|0 fnt\n|-boost|p1a: Arceus|spd|1\n|faint|p2a: Necrozma-Dawn-Wing\n|\n|-weather|Sandstorm|[upkeep]\n|-end|p1a: Arceus|Dynamax\n|-heal|p1a: Arceus|15\/100|[silent]\n|upkeep\n|\n|switch|p2a: Necrozma|Necrozma-Dusk-Mane|100\/100\n|turn|10\n|\n|move|p1a: Arceus|Judgment|p2a: Necrozma\n|-supereffective|p2a: Necrozma\n|-damage|p2a: Necrozma|0 fnt\n|faint|p2a: Necrozma\n|\n|-weather|Sandstorm|[upkeep]\n|upkeep\n|-message|willcoxw forfeited.\n|\n|win|85792195wwww\n|l|\u2606willcoxw\n","uploadtime":1587483340,"views":11,"p1id":"85792195wwww","p2id":"willcoxw","formatid":"gen8nationaldexag","rating":0,"private":0,"password":null}