{"id":"gen8oubeta-1012527382","p1":"Del chef","p2":"Christcrusher","format":"gen8oubeta","log":"|j|\u2606Del chef\n|j|\u203dChristcrusher\n|player|p1|Del chef|266|1245\n|player|p2|Christcrusher|160|1133\n|teamsize|p1|6\n|teamsize|p2|6\n|gametype|singles\n|gen|8\n|tier|[Gen 8] OU (beta)\n|rated|\n|rule|Sleep Clause Mod: Limit one foe put to sleep\n|rule|Species Clause: Limit one of each Pok\u00e9mon\n|rule|OHKO Clause: OHKO moves are banned\n|rule|Moody Clause: Moody is banned\n|rule|Evasion Moves Clause: Evasion moves are banned\n|rule|Endless Battle Clause: Forcing endless battles is banned\n|rule|HP Percentage Mod: HP is shown in percentages\n|clearpoke\n|poke|p1|Salazzle, F|item\n|poke|p1|Rotom-Wash|item\n|poke|p1|Ditto|item\n|poke|p1|Cinderace, F|item\n|poke|p1|Togedemaru, M|item\n|poke|p1|Hydreigon, M|item\n|poke|p2|Gyarados, M|item\n|poke|p2|Cursola, M|item\n|poke|p2|Grimmsnarl, M|item\n|poke|p2|Polteageist|item\n|poke|p2|Boltund, M|item\n|poke|p2|Arcanine, F|item\n|teampreview\n|\n|start\n|switch|p1a: Cinderace|Cinderace, F|100\/100\n|switch|p2a: Grimmsnarl|Grimmsnarl, M|100\/100\n|turn|1\n|\n|move|p2a: Grimmsnarl|Trick|p1a: Cinderace\n|-activate|p2a: Grimmsnarl|move: Trick|[of] p1a: Cinderace\n|-item|p1a: Cinderace|Choice Scarf|[from] move: Trick\n|-item|p2a: Grimmsnarl|Heavy-Duty Boots|[from] move: Trick\n|move|p1a: Cinderace|U-turn|p2a: Grimmsnarl\n|-damage|p2a: Grimmsnarl|70\/100\n|\n|switch|p1a: Salazzle|Salazzle, F|100\/100|[from]move: U-turn\n|\n|upkeep\n|turn|2\n|inactive|Battle timer is ON: inactive players will automatically lose when time's up. (requested by Del chef)\n|\n|switch|p2a: Cursola|Cursola, M|100\/100\n|move|p1a: Salazzle|Substitute|p1a: Salazzle\n|-start|p1a: Salazzle|Substitute\n|-damage|p1a: Salazzle|76\/100\n|\n|-heal|p1a: Salazzle|82\/100|[from] item: Black Sludge\n|upkeep\n|turn|3\n|\n|move|p1a: Salazzle|Toxic|p2a: Cursola\n|-status|p2a: Cursola|tox\n|move|p2a: Cursola|Stealth Rock|p1a: Salazzle\n|-sidestart|p1: Del chef|move: Stealth Rock\n|\n|-heal|p1a: Salazzle|88\/100|[from] item: Black Sludge\n|-damage|p2a: Cursola|94\/100 tox|[from] psn\n|upkeep\n|turn|4\n|\n|move|p1a: Salazzle|Protect|p1a: Salazzle\n|-singleturn|p1a: Salazzle|Protect\n|move|p2a: Cursola|Shadow Ball|p1a: Salazzle\n|-activate|p1a: Salazzle|move: Protect\n|\n|-heal|p1a: Salazzle|94\/100|[from] item: Black Sludge\n|-heal|p2a: Cursola|100\/100 tox|[from] item: Leftovers\n|-damage|p2a: Cursola|88\/100 tox|[from] psn\n|upkeep\n|turn|5\n|\n|switch|p2a: Boltund|Boltund, M|100\/100\n|move|p1a: Salazzle|Fire Blast|p2a: Boltund\n|-damage|p2a: Boltund|0 fnt\n|faint|p2a: Boltund\n|\n|-heal|p1a: Salazzle|99\/100|[from] item: Black Sludge\n|upkeep\n|\n|switch|p2a: Arcanine|Arcanine, F|100\/100\n|-ability|p2a: Arcanine|Intimidate|boost\n|-immune|p1a: Salazzle\n|turn|6\n|\n|move|p1a: Salazzle|Toxic|p2a: Arcanine\n|-status|p2a: Arcanine|tox\n|move|p2a: Arcanine|Flare Blitz|p1a: Salazzle\n|-resisted|p1a: Salazzle\n|-end|p1a: Salazzle|Substitute\n|-damage|p2a: Arcanine|95\/100 tox|[from] Recoil|[of] p1a: Salazzle\n|\n|-heal|p1a: Salazzle|100\/100|[from] item: Black Sludge\n|-heal|p2a: Arcanine|100\/100 tox|[from] item: Leftovers\n|-damage|p2a: Arcanine|94\/100 tox|[from] psn\n|upkeep\n|turn|7\n|\n|move|p2a: Arcanine|Extreme Speed|p1a: Salazzle\n|-damage|p1a: Salazzle|54\/100\n|move|p1a: Salazzle|Substitute|p1a: Salazzle\n|-start|p1a: Salazzle|Substitute\n|-damage|p1a: Salazzle|29\/100\n|\n|-heal|p1a: Salazzle|35\/100|[from] item: Black Sludge\n|-heal|p2a: Arcanine|100\/100 tox|[from] item: Leftovers\n|-damage|p2a: Arcanine|88\/100 tox|[from] psn\n|upkeep\n|turn|8\n|\n|switch|p2a: Gyarados|Gyarados, M|100\/100\n|-ability|p2a: Gyarados|Intimidate|boost\n|-immune|p1a: Salazzle\n|move|p1a: Salazzle|Protect||[still]\n|-fail|p1a: Salazzle\n|\n|-heal|p1a: Salazzle|41\/100|[from] item: Black Sludge\n|upkeep\n|turn|9\n|\n|move|p1a: Salazzle|Toxic|p2a: Gyarados\n|-status|p2a: Gyarados|tox\n|move|p2a: Gyarados|Waterfall|p1a: Salazzle\n|-supereffective|p1a: Salazzle\n|-end|p1a: Salazzle|Substitute\n|\n|-heal|p1a: Salazzle|47\/100|[from] item: Black Sludge\n|-damage|p2a: Gyarados|94\/100 tox|[from] psn\n|upkeep\n|turn|10\n|\n|move|p1a: Salazzle|Protect|p1a: Salazzle\n|-singleturn|p1a: Salazzle|Protect\n|move|p2a: Gyarados|Waterfall|p1a: Salazzle\n|-activate|p1a: Salazzle|move: Protect\n|\n|-heal|p1a: Salazzle|53\/100|[from] item: Black Sludge\n|-heal|p2a: Gyarados|100\/100 tox|[from] item: Leftovers\n|-damage|p2a: Gyarados|88\/100 tox|[from] psn\n|upkeep\n|turn|11\n|\n|switch|p1a: Rotom|Rotom-Wash|100\/100\n|-damage|p1a: Rotom|88\/100|[from] Stealth Rock\n|move|p2a: Gyarados|Dragon Dance|p2a: Gyarados\n|-boost|p2a: Gyarados|atk|1\n|-boost|p2a: Gyarados|spe|1\n|\n|-heal|p2a: Gyarados|94\/100 tox|[from] item: Leftovers\n|-damage|p2a: Gyarados|76\/100 tox|[from] psn\n|upkeep\n|turn|12\n|\n|-start|p2a: Gyarados|Dynamax\n|-heal|p2a: Gyarados|76\/100 tox|[from] Dynamax\n|move|p1a: Rotom|Volt Switch|p2a: Gyarados\n|-supereffective|p2a: Gyarados\n|-damage|p2a: Gyarados|9\/100 tox\n|\n|switch|p1a: Ditto|Ditto|100\/100|[from]move: Volt Switch\n|-damage|p1a: Ditto|88\/100|[from] Stealth Rock\n|-transform|p1a: Ditto|p2a: Gyarados|[from] ability: Imposter\n|-ability|p1a: Ditto|Intimidate|boost\n|-unboost|p2a: Gyarados|atk|1\n|move|p2a: Gyarados|Max Geyser|p1a: Ditto\n|-resisted|p1a: Ditto\n|-damage|p1a: Ditto|43\/100\n|-weather|RainDance\n|\n|-weather|RainDance|[upkeep]\n|-heal|p2a: Gyarados|15\/100 tox|[from] item: Leftovers\n|-damage|p2a: Gyarados|0 fnt|[from] psn\n|faint|p2a: Gyarados\n|upkeep\n|\n|switch|p2a: Cursola|Cursola, M|88\/100 tox\n|turn|13\n|\n|-start|p1a: Ditto|Dynamax\n|-heal|p1a: Ditto|43\/100|[from] Dynamax\n|move|p1a: Ditto|Max Geyser|p2a: Cursola\n|-damage|p2a: Cursola|0 fnt\n|faint|p2a: Cursola\n|\n|-weather|RainDance|[upkeep]\n|upkeep\n|-message|Christcrusher forfeited.\n|\n|win|Del chef\n|l|\u203dChristcrusher\n|raw|Del chef's rating: 1246 &rarr; <strong>1262<\/strong><br \/>(+16 for winning)\n|raw|Christcrusher's rating: 1110 &rarr; <strong>1094<\/strong><br \/>(-16 for losing)\n","uploadtime":1574170935,"views":1,"p1id":"delchef","p2id":"christcrusher","formatid":"gen8oubeta","rating":1094,"private":0,"password":null}