{"id":"gen8ou-1626354090","p1":"LT91BB Mimi","p2":"RTSG tests","format":"gen8ou","log":"|raw|<div class=\"broadcast-blue\"><strong>This battle is required to be public due to a player having a name starting with 'lt91bb'.<\/div>\n|j|\u2606LT91BB Mimi\n|j|\u2606RTSG tests\n|t:|1658929367\n|gametype|singles\n|player|p1|LT91BB Mimi|#mimikyustardust|1786\n|player|p2|RTSG tests|birdkeeper|1692\n|teamsize|p1|6\n|teamsize|p2|6\n|gen|8\n|tier|[Gen 8] OU\n|rated|\n|rule|Sleep Clause Mod: Limit one foe put to sleep\n|rule|Species Clause: Limit one of each Pok\u00e9mon\n|rule|OHKO Clause: OHKO moves are banned\n|rule|Evasion Moves Clause: Evasion moves are banned\n|rule|Endless Battle Clause: Forcing endless battles is banned\n|rule|HP Percentage Mod: HP is shown in percentages\n|rule|Dynamax Clause: You cannot dynamax\n|clearpoke\n|poke|p1|Blaziken, M|\n|poke|p1|Jirachi|\n|poke|p1|Dracozolt|\n|poke|p1|Tyranitar, M|\n|poke|p1|Landorus-Therian, M|\n|poke|p1|Toxapex, F|\n|poke|p2|Sceptile, M|\n|poke|p2|Salamence, F|\n|poke|p2|Excadrill, F|\n|poke|p2|Tapu Koko|\n|poke|p2|Magnezone|\n|poke|p2|Weavile, M|\n|teampreview\n|inactive|Battle timer is ON: inactive players will automatically lose when time's up. (requested by RTSG tests)\n|j| LT91BB Tace\n|l|\u2606LT91BB Mimi\n|inactive|LT91BB Mimi disconnected and has a minute to reconnect!\n|player|p1|\n|j| Fluore@!\n|j| Mournfinale\n|l| LT91BB Tace\n|j| 7aminTenerife\n|j| LT91BB Int\n|j|\u2606LT91BB Mimi\n|inactive|LT91BB Mimi reconnected and has 120 seconds left.\n|player|p1|LT91BB Mimi|#mimikyustardust\n|j| joeding\n|l| LT91BB Int\n|j| crosschampion\n|j| CALL THE CREW\n|j| LT91BB xray\n|j| Trainer Aggron\n|j| LT91BB Jase Duken\n|\n|t:|1658929425\n|start\n|switch|p1a: Landorus|Landorus-Therian, M|100\/100\n|switch|p2a: Excadrill|Excadrill, F|100\/100\n|-ability|p2a: Excadrill|Mold Breaker\n|-ability|p1a: Landorus|Intimidate|boost\n|-unboost|p2a: Excadrill|atk|1\n|turn|1\n|j| CallMePrimal\n|\n|t:|1658929430\n|move|p2a: Excadrill|Toxic|p1a: Landorus\n|-status|p1a: Landorus|tox\n|move|p1a: Landorus|Earthquake|p2a: Excadrill\n|-supereffective|p2a: Excadrill\n|-enditem|p2a: Excadrill|Focus Sash\n|-damage|p2a: Excadrill|1\/100\n|\n|-damage|p1a: Landorus|94\/100 tox|[from] psn\n|upkeep\n|turn|2\n|j| fnatic.olofm\n|l| fnatic.olofm\n|\n|t:|1658929438\n|move|p2a: Excadrill|Stealth Rock|p1a: Landorus\n|-sidestart|p1: LT91BB Mimi|move: Stealth Rock\n|move|p1a: Landorus|U-turn|p2a: Excadrill\n|-resisted|p2a: Excadrill\n|-damage|p2a: Excadrill|0 fnt\n|faint|p2a: Excadrill\n|j| LT_Alt1\n|l| LT_Alt1\n|j| wish killer\n|j| LT91BB Paz\n|\n|t:|1658929445\n|switch|p1a: Blaziken|Blaziken, M|100\/100|[from]move: U-turn\n|-damage|p1a: Blaziken|88\/100|[from] Stealth Rock\n|\n|upkeep\n|j| LT91BB Hiko\n|\n|t:|1658929448\n|switch|p2a: Salamence|Salamence, F|100\/100\n|turn|3\n|\n|t:|1658929461\n|switch|p1a: Landorus|Landorus-Therian, M|94\/100 tox\n|-damage|p1a: Landorus|82\/100 tox|[from] Stealth Rock\n|-ability|p1a: Landorus|Intimidate|boost\n|-unboost|p2a: Salamence|atk|1\n|move|p2a: Salamence|Dragon Dance|p2a: Salamence\n|-boost|p2a: Salamence|atk|1\n|-boost|p2a: Salamence|spe|1\n|\n|-heal|p1a: Landorus|88\/100 tox|[from] item: Leftovers\n|-damage|p1a: Landorus|82\/100 tox|[from] psn\n|upkeep\n|turn|4\n|\n|t:|1658929464\n|move|p2a: Salamence|Substitute|p2a: Salamence\n|-start|p2a: Salamence|Substitute\n|-damage|p2a: Salamence|76\/100\n|move|p1a: Landorus|Toxic||[still]\n|-fail|p1a: Landorus\n|\n|-heal|p1a: Landorus|88\/100 tox|[from] item: Leftovers\n|-damage|p1a: Landorus|76\/100 tox|[from] psn\n|upkeep\n|turn|5\n|j| ownerfloor\n|l| ownerfloor\n|j| revesfdv\n|\n|t:|1658929489\n|move|p2a: Salamence|Dragon Dance|p2a: Salamence\n|-boost|p2a: Salamence|atk|1\n|-boost|p2a: Salamence|spe|1\n|move|p1a: Landorus|U-turn|p2a: Salamence\n|-resisted|p2a: Salamence\n|-activate|p2a: Salamence|move: Substitute|[damage]\n|j| liiw\n|\n|t:|1658929495\n|switch|p1a: Tyranitar|Tyranitar, M|100\/100|[from]move: U-turn\n|-damage|p1a: Tyranitar|88\/100|[from] Stealth Rock\n|-weather|Sandstorm|[from] ability: Sand Stream|[of] p1a: Tyranitar\n|\n|-weather|Sandstorm|[upkeep]\n|-damage|p2a: Salamence|70\/100|[from] Sandstorm\n|upkeep\n|turn|6\n|\n|t:|1658929500\n|switch|p1a: Landorus|Landorus-Therian, M|76\/100 tox\n|-damage|p1a: Landorus|64\/100 tox|[from] Stealth Rock\n|-ability|p1a: Landorus|Intimidate|boost\n|-immune|p2a: Salamence\n|move|p2a: Salamence|Earthquake|p1a: Landorus\n|-immune|p1a: Landorus\n|\n|-weather|Sandstorm|[upkeep]\n|-damage|p2a: Salamence|64\/100|[from] Sandstorm\n|-heal|p1a: Landorus|70\/100 tox|[from] item: Leftovers\n|-damage|p1a: Landorus|64\/100 tox|[from] psn\n|upkeep\n|turn|7\n|\n|t:|1658929506\n|move|p2a: Salamence|Dragon Dance|p2a: Salamence\n|-boost|p2a: Salamence|atk|1\n|-boost|p2a: Salamence|spe|1\n|move|p1a: Landorus|U-turn|p2a: Salamence\n|-resisted|p2a: Salamence\n|-end|p2a: Salamence|Substitute\n|\n|t:|1658929529\n|switch|p1a: Toxapex|Toxapex, F|100\/100|[from]move: U-turn\n|-damage|p1a: Toxapex|88\/100|[from] Stealth Rock\n|\n|-weather|Sandstorm|[upkeep]\n|-damage|p2a: Salamence|58\/100|[from] Sandstorm\n|-damage|p1a: Toxapex|82\/100|[from] Sandstorm\n|upkeep\n|turn|8\n|\n|t:|1658929533\n|switch|p1a: Landorus|Landorus-Therian, M|64\/100 tox\n|-damage|p1a: Landorus|52\/100 tox|[from] Stealth Rock\n|-ability|p1a: Landorus|Intimidate|boost\n|-unboost|p2a: Salamence|atk|1\n|move|p2a: Salamence|Earthquake|p1a: Landorus\n|-immune|p1a: Landorus\n|\n|-weather|Sandstorm|[upkeep]\n|-damage|p2a: Salamence|52\/100|[from] Sandstorm\n|-heal|p1a: Landorus|58\/100 tox|[from] item: Leftovers\n|-damage|p1a: Landorus|52\/100 tox|[from] psn\n|upkeep\n|turn|9\n|\n|t:|1658929540\n|move|p2a: Salamence|Dual Wingbeat|p1a: Landorus\n|-damage|p1a: Landorus|20\/100 tox\n|-damage|p1a: Landorus|0 fnt\n|faint|p1a: Landorus\n|-ability|p2a: Salamence|Moxie|boost\n|-boost|p2a: Salamence|atk|1\n|-hitcount|p1: Landorus|2\n|\n|-weather|none\n|upkeep\n|\n|t:|1658929544\n|switch|p1a: Tyranitar|Tyranitar, M|88\/100\n|-damage|p1a: Tyranitar|76\/100|[from] Stealth Rock\n|-weather|Sandstorm|[from] ability: Sand Stream|[of] p1a: Tyranitar\n|turn|10\n|\n|t:|1658929547\n|switch|p1a: Toxapex|Toxapex, F|100\/100\n|-damage|p1a: Toxapex|88\/100|[from] Stealth Rock\n|move|p2a: Salamence|Earthquake|p1a: Toxapex\n|-supereffective|p1a: Toxapex\n|-damage|p1a: Toxapex|0 fnt\n|faint|p1a: Toxapex\n|-ability|p2a: Salamence|Moxie|boost\n|-boost|p2a: Salamence|atk|1\n|\n|-weather|Sandstorm|[upkeep]\n|-damage|p2a: Salamence|46\/100|[from] Sandstorm\n|upkeep\n|-message|LT91BB Mimi forfeited.\n|\n|win|RTSG tests\n|raw|LT91BB Mimi's rating: 1786 &rarr; <strong>1761<\/strong><br \/>(-25 for losing)\n|raw|RTSG tests's rating: 1692 &rarr; <strong>1717<\/strong><br \/>(+25 for winning)\n|l|\u2606LT91BB Mimi\n|l| LT91BB Paz\n|l| Fluore\n|l| joeding\n|l| crosschampion\n|l| revesfdv\n|j| LT91BB fatBatman\n|l| Trainer Aggron\n|l| LT91BB fatBatman\n||Ladder isn't responding, score probably updated but might not have (Request timeout).\n","uploadtime":1658929553,"views":79,"p1id":"lt91bbmimi","p2id":"rtsgtests","formatid":"gen8ou","rating":1717,"private":0,"password":null}