{"id":"gen8stabmons-1618032662","p1":"palapapop","p2":"Unviabriel","format":"gen8stabmons","log":"|j|\u2606palapapop\n|j|\u2606Unviabriel\n|t:|1657912603\n|gametype|singles\n|player|p1|palapapop|benga|\n|player|p2|Unviabriel|shauntal|\n|teamsize|p1|6\n|teamsize|p2|6\n|gen|8\n|tier|[Gen 8] STABmons\n|rule|Species Clause: Limit one of each Pok\u00e9mon\n|rule|OHKO Clause: OHKO moves are banned\n|rule|Evasion Moves Clause: Evasion moves are banned\n|rule|Endless Battle Clause: Forcing endless battles is banned\n|rule|HP Percentage Mod: HP is shown in percentages\n|rule|Dynamax Clause: You cannot dynamax\n|rule|Sleep Clause: Sleep-inducing moves are banned\n|clearpoke\n|poke|p1|Tyranitar, F|\n|poke|p1|Cinderace, F|\n|poke|p1|Runerigus, M|\n|poke|p1|Tapu Fini|\n|poke|p1|Bewear, F|\n|poke|p1|Zapdos|\n|poke|p2|Cinderace, M|\n|poke|p2|Seismitoad, F|\n|poke|p2|Thundurus-Therian, M|\n|poke|p2|Sylveon, M|\n|poke|p2|Slowking, M|\n|poke|p2|Hippowdon, F|\n|teampreview\n|c|\u2606Unviabriel|glhf\n|c|\u2606palapapop|hf\n|\n|t:|1657912638\n|start\n|switch|p1a: Zapdos|Zapdos|100\/100\n|switch|p2a: Seismitoad|Seismitoad, F|100\/100\n|turn|1\n|\n|t:|1657912660\n|switch|p1a: Bewear|Bewear, F|100\/100\n|switch|p2a: Sylveon|Sylveon, M|100\/100\n|\n|upkeep\n|turn|2\n|\n|t:|1657912682\n|move|p1a: Bewear|Glare|p2a: Sylveon\n|-status|p2a: Sylveon|par\n|move|p2a: Sylveon|Boomburst|p1a: Bewear\n|-supereffective|p1a: Bewear\n|-damage|p1a: Bewear|0 fnt\n|faint|p1a: Bewear\n|\n|upkeep\n|\n|t:|1657912686\n|switch|p1a: Cinderace|Cinderace, F|100\/100\n|turn|3\n|\n|t:|1657912727\n|switch|p2a: Seismitoad|Seismitoad, F|100\/100\n|move|p1a: Cinderace|Sacred Fire|p2a: Seismitoad\n|-resisted|p2a: Seismitoad\n|-damage|p2a: Seismitoad|84\/100\n|-status|p2a: Seismitoad|brn\n|\n|-damage|p2a: Seismitoad|78\/100 brn|[from] brn\n|upkeep\n|turn|4\n|\n|t:|1657912741\n|move|p1a: Cinderace|U-turn|p2a: Seismitoad\n|-start|p1a: Cinderace|typechange|Bug|[from] ability: Libero\n|-damage|p2a: Seismitoad|51\/100 brn\n|-damage|p1a: Cinderace|84\/100|[from] item: Rocky Helmet|[of] p2a: Seismitoad\n|\n|t:|1657912749\n|switch|p1a: Tapu Fini|Tapu Fini|100\/100|[from]move: U-turn\n|-fieldstart|move: Misty Terrain|[from] ability: Misty Surge|[of] p1a: Tapu Fini\n|move|p2a: Seismitoad|Shore Up|p2a: Seismitoad\n|-heal|p2a: Seismitoad|100\/100 brn\n|\n|-damage|p2a: Seismitoad|94\/100 brn|[from] brn\n|upkeep\n|turn|5\n|\n|t:|1657912758\n|move|p1a: Tapu Fini|Moonblast|p2a: Seismitoad\n|-damage|p2a: Seismitoad|62\/100 brn\n|move|p2a: Seismitoad|Flip Turn|p1a: Tapu Fini\n|-resisted|p1a: Tapu Fini\n|-damage|p1a: Tapu Fini|96\/100\n|\n|t:|1657912816\n|switch|p2a: Sylveon|Sylveon, M|100\/100 par|[from]move: Flip Turn\n|\n|upkeep\n|turn|6\n|j| Just A Zoroark\n|\n|t:|1657912825\n|move|p1a: Tapu Fini|Moonblast|p2a: Sylveon\n|-damage|p2a: Sylveon|77\/100 par\n|move|p2a: Sylveon|Boomburst|p1a: Tapu Fini\n|-crit|p1a: Tapu Fini\n|-damage|p1a: Tapu Fini|29\/100\n|\n|-heal|p2a: Sylveon|83\/100 par|[from] item: Leftovers\n|upkeep\n|turn|7\n|\n|t:|1657912838\n|move|p1a: Tapu Fini|Moonlight|p1a: Tapu Fini\n|-heal|p1a: Tapu Fini|79\/100\n|move|p2a: Sylveon|Boomburst|p1a: Tapu Fini\n|-crit|p1a: Tapu Fini\n|-damage|p1a: Tapu Fini|7\/100\n|\n|-heal|p2a: Sylveon|89\/100 par|[from] item: Leftovers\n|upkeep\n|turn|8\n|\n|t:|1657912848\n|move|p1a: Tapu Fini|Moonlight|p1a: Tapu Fini\n|-heal|p1a: Tapu Fini|57\/100\n|move|p2a: Sylveon|Boomburst|p1a: Tapu Fini\n|-damage|p1a: Tapu Fini|13\/100\n|\n|-heal|p2a: Sylveon|95\/100 par|[from] item: Leftovers\n|-fieldend|Misty Terrain\n|upkeep\n|turn|9\n|\n|t:|1657912864\n|move|p1a: Tapu Fini|Moonlight|p1a: Tapu Fini\n|-heal|p1a: Tapu Fini|63\/100\n|cant|p2a: Sylveon|par\n|\n|-heal|p2a: Sylveon|100\/100 par|[from] item: Leftovers\n|upkeep\n|turn|10\n|\n|t:|1657912870\n|move|p1a: Tapu Fini|Moonblast|p2a: Sylveon\n|-damage|p2a: Sylveon|80\/100 par\n|move|p2a: Sylveon|Glare|p1a: Tapu Fini\n|-status|p1a: Tapu Fini|par\n|\n|-heal|p2a: Sylveon|86\/100 par|[from] item: Leftovers\n|upkeep\n|turn|11\n|\n|t:|1657912879\n|cant|p1a: Tapu Fini|par\n|move|p2a: Sylveon|Boomburst|p1a: Tapu Fini\n|-damage|p1a: Tapu Fini|15\/100 par\n|\n|-heal|p2a: Sylveon|92\/100 par|[from] item: Leftovers\n|upkeep\n|turn|12\n|\n|t:|1657912884\n|move|p1a: Tapu Fini|Moonlight|p1a: Tapu Fini\n|-heal|p1a: Tapu Fini|65\/100 par\n|cant|p2a: Sylveon|par\n|\n|-heal|p2a: Sylveon|98\/100 par|[from] item: Leftovers\n|upkeep\n|turn|13\n|\n|t:|1657912890\n|move|p1a: Tapu Fini|Moonblast|p2a: Sylveon\n|-damage|p2a: Sylveon|75\/100 par\n|move|p2a: Sylveon|Boomburst|p1a: Tapu Fini\n|-damage|p1a: Tapu Fini|25\/100 par\n|\n|-heal|p2a: Sylveon|81\/100 par|[from] item: Leftovers\n|upkeep\n|turn|14\n|\n|t:|1657912914\n|switch|p2a: Thundurus|Thundurus-Therian, M|100\/100\n|move|p1a: Tapu Fini|Moonlight|p1a: Tapu Fini\n|-heal|p1a: Tapu Fini|75\/100 par\n|\n|upkeep\n|turn|15\n|\n|t:|1657912927\n|switch|p1a: Tyranitar|Tyranitar, F|100\/100\n|-weather|Sandstorm|[from] ability: Sand Stream|[of] p1a: Tyranitar\n|move|p2a: Thundurus|Aeroblast|p1a: Tyranitar\n|-resisted|p1a: Tyranitar\n|-damage|p1a: Tyranitar|83\/100\n|\n|-weather|Sandstorm|[upkeep]\n|-damage|p2a: Thundurus|94\/100|[from] Sandstorm\n|upkeep\n|turn|16\n|\n|t:|1657912935\n|switch|p2a: Hippowdon|Hippowdon, F|100\/100\n|move|p1a: Tyranitar|Knock Off|p2a: Hippowdon\n|-damage|p2a: Hippowdon|61\/100\n|-enditem|p2a: Hippowdon|Leftovers|[from] move: Knock Off|[of] p1a: Tyranitar\n|-damage|p1a: Tyranitar|74\/100|[from] item: Life Orb\n|\n|-weather|Sandstorm|[upkeep]\n|upkeep\n|turn|17\n|\n|t:|1657912944\n|switch|p1a: Runerigus|Runerigus, M|100\/100\n|move|p2a: Hippowdon|Shore Up|p2a: Hippowdon\n|-heal|p2a: Hippowdon|100\/100\n|\n|-weather|Sandstorm|[upkeep]\n|upkeep\n|turn|18\n|\n|t:|1657913001\n|switch|p2a: Slowking|Slowking, M|100\/100\n|move|p1a: Runerigus|Thousand Waves|p2a: Slowking\n|-crit|p2a: Slowking\n|-damage|p2a: Slowking|57\/100\n|-activate|p2a: Slowking|trapped\n|\n|-weather|Sandstorm|[upkeep]\n|-damage|p2a: Slowking|51\/100|[from] Sandstorm\n|upkeep\n|turn|19\n|\n|t:|1657913012\n|move|p1a: Runerigus|Spectral Thief|p2a: Slowking\n|-supereffective|p2a: Slowking\n|-damage|p2a: Slowking|0 fnt\n|faint|p2a: Slowking\n|\n|-weather|none\n|upkeep\n|\n|t:|1657913073\n|switch|p2a: Thundurus|Thundurus-Therian, M|94\/100\n|turn|20\n|\n|t:|1657913077\n|switch|p1a: Tyranitar|Tyranitar, F|74\/100\n|-weather|Sandstorm|[from] ability: Sand Stream|[of] p1a: Tyranitar\n|move|p2a: Thundurus|Aeroblast|p1a: Tyranitar\n|-resisted|p1a: Tyranitar\n|-crit|p1a: Tyranitar\n|-damage|p1a: Tyranitar|50\/100\n|\n|-weather|Sandstorm|[upkeep]\n|-damage|p2a: Thundurus|88\/100|[from] Sandstorm\n|upkeep\n|turn|21\n|\n|t:|1657913084\n|switch|p2a: Hippowdon|Hippowdon, F|100\/100\n|move|p1a: Tyranitar|Accelerock|p2a: Hippowdon\n|-resisted|p2a: Hippowdon\n|-damage|p2a: Hippowdon|93\/100\n|-damage|p1a: Tyranitar|40\/100|[from] item: Life Orb\n|\n|-weather|Sandstorm|[upkeep]\n|upkeep\n|turn|22\n|\n|t:|1657913101\n|switch|p1a: Runerigus|Runerigus, M|100\/100\n|move|p2a: Hippowdon|Toxic|p1a: Runerigus\n|-status|p1a: Runerigus|tox\n|\n|-weather|Sandstorm|[upkeep]\n|-damage|p1a: Runerigus|95\/100 tox|[from] psn\n|upkeep\n|turn|23\n|\n|t:|1657913122\n|switch|p2a: Seismitoad|Seismitoad, F|62\/100 brn\n|move|p1a: Runerigus|Spikes|p2a: Seismitoad\n|-sidestart|p2: Unviabriel|Spikes\n|\n|-weather|Sandstorm|[upkeep]\n|-damage|p1a: Runerigus|83\/100 tox|[from] psn\n|-damage|p2a: Seismitoad|56\/100 brn|[from] brn\n|upkeep\n|turn|24\n|\n|t:|1657913135\n|switch|p1a: Tyranitar|Tyranitar, F|40\/100\n|move|p2a: Seismitoad|Spikes|p1a: Tyranitar\n|-sidestart|p1: palapapop|Spikes\n|\n|-weather|none\n|-damage|p2a: Seismitoad|50\/100 brn|[from] brn\n|upkeep\n|turn|25\n|\n|t:|1657913149\n|switch|p2a: Hippowdon|Hippowdon, F|93\/100\n|-damage|p2a: Hippowdon|80\/100|[from] Spikes\n|-weather|Sandstorm|[from] ability: Sand Stream|[of] p2a: Hippowdon\n|move|p1a: Tyranitar|Knock Off|p2a: Hippowdon\n|-damage|p2a: Hippowdon|55\/100\n|-damage|p1a: Tyranitar|30\/100|[from] item: Life Orb\n|\n|-weather|Sandstorm|[upkeep]\n|upkeep\n|turn|26\n|\n|t:|1657913155\n|switch|p1a: Zapdos|Zapdos|100\/100\n|move|p2a: Hippowdon|Shore Up|p2a: Hippowdon\n|-heal|p2a: Hippowdon|100\/100\n|\n|-weather|Sandstorm|[upkeep]\n|-damage|p1a: Zapdos|94\/100|[from] Sandstorm\n|upkeep\n|turn|27\n|\n|t:|1657913195\n|switch|p1a: Runerigus|Runerigus, M|83\/100 tox\n|-damage|p1a: Runerigus|70\/100 tox|[from] Spikes\n|switch|p2a: Sylveon|Sylveon, M|81\/100 par\n|-damage|p2a: Sylveon|69\/100 par|[from] Spikes\n|\n|-weather|Sandstorm|[upkeep]\n|-damage|p2a: Sylveon|63\/100 par|[from] Sandstorm\n|-heal|p2a: Sylveon|69\/100 par|[from] item: Leftovers\n|-damage|p1a: Runerigus|64\/100 tox|[from] psn\n|upkeep\n|turn|28\n|\n|t:|1657913230\n|move|p1a: Runerigus|Thousand Waves|p2a: Sylveon\n|-damage|p2a: Sylveon|43\/100 par\n|-activate|p2a: Sylveon|trapped\n|move|p2a: Sylveon|Recover|p2a: Sylveon\n|-heal|p2a: Sylveon|93\/100 par\n|\n|-weather|Sandstorm|[upkeep]\n|-damage|p2a: Sylveon|87\/100 par|[from] Sandstorm\n|-heal|p2a: Sylveon|93\/100 par|[from] item: Leftovers\n|-damage|p1a: Runerigus|53\/100 tox|[from] psn\n|upkeep\n|turn|29\n|\n|t:|1657913236\n|move|p1a: Runerigus|Spikes|p2a: Sylveon\n|-sidestart|p2: Unviabriel|Spikes\n|move|p2a: Sylveon|Boomburst|p1a: Runerigus\n|-damage|p1a: Runerigus|0 fnt\n|faint|p1a: Runerigus\n|\n|-weather|none\n|-heal|p2a: Sylveon|99\/100 par|[from] item: Leftovers\n|upkeep\n|\n|t:|1657913238\n|switch|p1a: Cinderace|Cinderace, F|84\/100\n|turn|30\n|\n|t:|1657913252\n|switch|p2a: Seismitoad|Seismitoad, F|50\/100 brn\n|-damage|p2a: Seismitoad|33\/100 brn|[from] Spikes\n|move|p1a: Cinderace|Zen Headbutt|p2a: Seismitoad\n|-start|p1a: Cinderace|typechange|Psychic|[from] ability: Libero\n|-damage|p2a: Seismitoad|7\/100 brn\n|-damage|p1a: Cinderace|67\/100|[from] item: Rocky Helmet|[of] p2a: Seismitoad\n|\n|-damage|p2a: Seismitoad|1\/100 brn|[from] brn\n|upkeep\n|turn|31\n|\n|t:|1657913260\n|move|p1a: Cinderace|Sacred Fire|p2a: Seismitoad\n|-start|p1a: Cinderace|typechange|Fire|[from] ability: Libero\n|-resisted|p2a: Seismitoad\n|-damage|p2a: Seismitoad|0 fnt\n|faint|p2a: Seismitoad\n|\n|upkeep\n|inactive|Battle timer is ON: inactive players will automatically lose when time's up. (requested by palapapop)\n|j|+SFG\n|inactive|Unviabriel has 270 seconds left.\n|\n|t:|1657913393\n|switch|p2a: Thundurus|Thundurus-Therian, M|88\/100\n|turn|32\n|\n|t:|1657913402\n|switch|p1a: Zapdos|Zapdos|94\/100\n|move|p2a: Thundurus|Thunder Cage|p1a: Zapdos\n|-damage|p1a: Zapdos|49\/100\n|-activate|p1a: Zapdos|move: Thunder Cage|[of] p2a: Thundurus\n|\n|-damage|p1a: Zapdos|37\/100|[from] move: Thunder Cage|[partiallytrapped]\n|upkeep\n|turn|33\n|\n|t:|1657913410\n|move|p2a: Thundurus|Thunder Cage|p1a: Zapdos\n|-damage|p1a: Zapdos|0 fnt\n|faint|p1a: Zapdos\n|\n|upkeep\n|\n|t:|1657913412\n|switch|p1a: Tyranitar|Tyranitar, F|30\/100\n|-damage|p1a: Tyranitar|18\/100|[from] Spikes\n|-weather|Sandstorm|[from] ability: Sand Stream|[of] p1a: Tyranitar\n|turn|34\n|\n|t:|1657913424\n|switch|p2a: Hippowdon|Hippowdon, F|100\/100\n|-damage|p2a: Hippowdon|84\/100|[from] Spikes\n|move|p1a: Tyranitar|Shore Up|p1a: Tyranitar\n|-heal|p1a: Tyranitar|85\/100\n|\n|-weather|Sandstorm|[upkeep]\n|upkeep\n|turn|35\n|\n|t:|1657913433\n|switch|p1a: Tapu Fini|Tapu Fini|75\/100 par\n|-fieldstart|move: Misty Terrain|[from] ability: Misty Surge|[of] p1a: Tapu Fini\n|move|p2a: Hippowdon|Earthquake|p1a: Tapu Fini\n|-damage|p1a: Tapu Fini|38\/100 par\n|\n|-weather|Sandstorm|[upkeep]\n|-damage|p1a: Tapu Fini|32\/100 par|[from] Sandstorm\n|upkeep\n|turn|36\n|\n|t:|1657913437\n|switch|p2a: Sylveon|Sylveon, M|99\/100 par\n|-damage|p2a: Sylveon|82\/100 par|[from] Spikes\n|move|p1a: Tapu Fini|Flip Turn|p2a: Sylveon\n|-damage|p2a: Sylveon|70\/100 par\n|\n|t:|1657913440\n|switch|p1a: Cinderace|Cinderace, F|67\/100|[from]move: Flip Turn\n|\n|-weather|Sandstorm|[upkeep]\n|-damage|p1a: Cinderace|61\/100|[from] Sandstorm\n|-damage|p2a: Sylveon|64\/100 par|[from] Sandstorm\n|-heal|p2a: Sylveon|70\/100 par|[from] item: Leftovers\n|upkeep\n|turn|37\n|\n|t:|1657913463\n|move|p1a: Cinderace|Sacred Fire|p2a: Sylveon\n|-damage|p2a: Sylveon|29\/100 par\n|move|p2a: Sylveon|Glare|p1a: Cinderace\n|-activate|p1a: Cinderace|move: Misty Terrain\n|\n|-weather|Sandstorm|[upkeep]\n|-damage|p1a: Cinderace|55\/100|[from] Sandstorm\n|-damage|p2a: Sylveon|23\/100 par|[from] Sandstorm\n|-heal|p2a: Sylveon|29\/100 par|[from] item: Leftovers\n|upkeep\n|turn|38\n|c|\u2606Unviabriel|lol\n|c|\u2606Unviabriel|i'm dumb\n|n| PousseedArchimede|sfg\n|inactive|Unviabriel has 270 seconds left.\n|\n|t:|1657913486\n|move|p1a: Cinderace|Sacred Fire|p2a: Sylveon\n|-damage|p2a: Sylveon|0 fnt\n|faint|p2a: Sylveon\n|\n|-weather|none\n|upkeep\n|inactive|Unviabriel has 270 seconds left.\n|\n|t:|1657913501\n|switch|p2a: Cinderace|Cinderace, M|100\/100\n|turn|39\n|\n|t:|1657913508\n|move|p1a: Cinderace|High Jump Kick|p2a: Cinderace\n|-start|p1a: Cinderace|typechange|Fighting|[from] ability: Libero\n|-damage|p2a: Cinderace|15\/100\n|move|p2a: Cinderace|High Jump Kick|p1a: Cinderace\n|-start|p2a: Cinderace|typechange|Fighting|[from] ability: Libero\n|-damage|p1a: Cinderace|0 fnt\n|faint|p1a: Cinderace\n|\n|-fieldend|Misty Terrain\n|upkeep\n|\n|t:|1657913513\n|switch|p1a: Tyranitar|Tyranitar, F|85\/100\n|-damage|p1a: Tyranitar|72\/100|[from] Spikes\n|-weather|Sandstorm|[from] ability: Sand Stream|[of] p1a: Tyranitar\n|turn|40\n|inactive|Unviabriel has 270 seconds left.\n|\n|t:|1657913528\n|move|p1a: Tyranitar|Accelerock|p2a: Cinderace\n|-resisted|p2a: Cinderace\n|-damage|p2a: Cinderace|0 fnt\n|faint|p2a: Cinderace\n|-damage|p1a: Tyranitar|62\/100|[from] item: Life Orb\n|\n|-weather|Sandstorm|[upkeep]\n|upkeep\n|inactive|Unviabriel has 270 seconds left.\n|\n|t:|1657913533\n|switch|p2a: Hippowdon|Hippowdon, F|84\/100\n|-damage|p2a: Hippowdon|67\/100|[from] Spikes\n|turn|41\n|\n|t:|1657913537\n|switch|p1a: Tapu Fini|Tapu Fini|32\/100 par\n|-fieldstart|move: Misty Terrain|[from] ability: Misty Surge|[of] p1a: Tapu Fini\n|move|p2a: Hippowdon|Earthquake|p1a: Tapu Fini\n|-damage|p1a: Tapu Fini|0 fnt\n|faint|p1a: Tapu Fini\n|\n|-weather|Sandstorm|[upkeep]\n|upkeep\n|\n|t:|1657913539\n|switch|p1a: Tyranitar|Tyranitar, F|62\/100\n|-damage|p1a: Tyranitar|50\/100|[from] Spikes\n|turn|42\n|c|\u2606palapapop|gg\n|c|\u2606palapapop|ggs*\n|\n|t:|1657913549\n|move|p1a: Tyranitar|Diamond Storm|p2a: Hippowdon\n|-resisted|p2a: Hippowdon\n|-damage|p2a: Hippowdon|48\/100\n|-boost|p1a: Tyranitar|def|2\n|-damage|p1a: Tyranitar|40\/100|[from] item: Life Orb\n|move|p2a: Hippowdon|Earthquake|p1a: Tyranitar\n|-supereffective|p1a: Tyranitar\n|-damage|p1a: Tyranitar|8\/100\n|\n|-weather|Sandstorm|[upkeep]\n|upkeep\n|turn|43\n|-message|palapapop forfeited.\n|\n|win|Unviabriel\n|c|\u2606Unviabriel|ggs\n|l|\u2606palapapop\n","uploadtime":1657913561,"views":184,"p1id":"palapapop","p2id":"unviabriel","formatid":"gen8stabmons","rating":0,"private":0,"password":null}