{"id":"gen8monotype-1562738727","p1":"Eclipse77","p2":"TH3 GREAT ONE","format":"gen8monotype","log":"|j|\u2606Eclipse77\n|j|\u2606TH3 GREAT ONE\n|t:|1651090282\n|gametype|singles\n|player|p1|Eclipse77|102|1701\n|player|p2|TH3 GREAT ONE|steven|1603\n|teamsize|p1|6\n|teamsize|p2|6\n|gen|8\n|tier|[Gen 8] Monotype\n|rated|\n|rule|Same Type Clause: Pok\u00e9mon in a team must share a type\n|rule|Sleep Clause Mod: Limit one foe put to sleep\n|rule|Species Clause: Limit one of each Pok\u00e9mon\n|rule|OHKO Clause: OHKO moves are banned\n|rule|Evasion Moves Clause: Evasion moves are banned\n|rule|Endless Battle Clause: Forcing endless battles is banned\n|rule|HP Percentage Mod: HP is shown in percentages\n|rule|Dynamax Clause: You cannot dynamax\n|clearpoke\n|poke|p1|Slowking, F|\n|poke|p1|Urshifu-*, F|\n|poke|p1|Tapu Fini|\n|poke|p1|Toxapex, F|\n|poke|p1|Gastrodon, F|\n|poke|p1|Rotom-Wash|\n|poke|p2|Tapu Lele|\n|poke|p2|Slowbro, M|\n|poke|p2|Alakazam, M|\n|poke|p2|Victini|\n|poke|p2|Latios, M|\n|poke|p2|Mew|\n|teampreview\n|inactive|Battle timer is ON: inactive players will automatically lose when time's up. (requested by Eclipse77)\n|c|\u2606TH3 GREAT ONE|Glhf\n|\n|t:|1651090304\n|start\n|switch|p1a: Rotom|Rotom-Wash|100\/100\n|switch|p2a: Mew|Mew, shiny|100\/100\n|turn|1\n|\n|t:|1651090313\n|move|p1a: Rotom|Trick|p2a: Mew\n|-activate|p1a: Rotom|move: Trick|[of] p2a: Mew\n|-item|p2a: Mew|Choice Scarf|[from] move: Trick\n|-item|p1a: Rotom|Leftovers|[from] move: Trick\n|move|p2a: Mew|Stealth Rock|p1a: Rotom\n|-sidestart|p1: Eclipse77|move: Stealth Rock\n|\n|upkeep\n|turn|2\n|inactive|TH3 GREAT ONE has 120 seconds left.\n|\n|t:|1651090344\n|switch|p2a: Latios|Latios, M|100\/100\n|move|p1a: Rotom|Volt Switch|p2a: Latios\n|-resisted|p2a: Latios\n|-damage|p2a: Latios|84\/100\n|\n|t:|1651090351\n|switch|p1a: Tapu Fini|Tapu Fini|100\/100|[from]move: Volt Switch\n|-damage|p1a: Tapu Fini|88\/100|[from] Stealth Rock\n|-fieldstart|move: Misty Terrain|[from] ability: Misty Surge|[of] p1a: Tapu Fini\n|\n|-heal|p1a: Tapu Fini|94\/100|[from] item: Leftovers\n|upkeep\n|turn|3\n|inactive|TH3 GREAT ONE has 120 seconds left.\n|\n|t:|1651090374\n|move|p2a: Latios|Calm Mind|p2a: Latios\n|-boost|p2a: Latios|spa|1\n|-boost|p2a: Latios|spd|1\n|move|p1a: Tapu Fini|Draining Kiss|p2a: Latios\n|-supereffective|p2a: Latios\n|-damage|p2a: Latios|59\/100\n|-heal|p1a: Tapu Fini|100\/100|[from] drain|[of] p2a: Latios\n|\n|upkeep\n|turn|4\n|inactive|TH3 GREAT ONE has 120 seconds left.\n|\n|t:|1651090381\n|move|p2a: Latios|Calm Mind|p2a: Latios\n|-boost|p2a: Latios|spa|1\n|-boost|p2a: Latios|spd|1\n|move|p1a: Tapu Fini|Haze|p1a: Tapu Fini\n|-clearallboost\n|\n|upkeep\n|turn|5\n|inactive|TH3 GREAT ONE has 120 seconds left.\n|\n|t:|1651090402\n|switch|p2a: Mew|Mew, shiny|100\/100\n|move|p1a: Tapu Fini|Draining Kiss|p2a: Mew\n|-damage|p2a: Mew|90\/100\n|\n|upkeep\n|turn|6\n|\n|t:|1651090409\n|switch|p1a: Toxapex|Toxapex, F|100\/100\n|-damage|p1a: Toxapex|88\/100|[from] Stealth Rock\n|move|p2a: Mew|Knock Off|p1a: Toxapex\n|-damage|p1a: Toxapex|75\/100\n|-enditem|p1a: Toxapex|Black Sludge|[from] move: Knock Off|[of] p2a: Mew\n|\n|-fieldend|Misty Terrain\n|upkeep\n|turn|7\n|inactive|TH3 GREAT ONE has 120 seconds left.\n|\n|t:|1651090419\n|switch|p2a: Latios|Latios, M|59\/100\n|move|p1a: Toxapex|Toxic|p2a: Latios\n|-status|p2a: Latios|tox\n|\n|-damage|p2a: Latios|53\/100 tox|[from] psn\n|upkeep\n|turn|8\n|inactive|TH3 GREAT ONE has 120 seconds left.\n|\n|t:|1651090430\n|switch|p1a: Slowking|Slowking, F|100\/100\n|move|p2a: Latios|Calm Mind|p2a: Latios\n|-boost|p2a: Latios|spa|1\n|-boost|p2a: Latios|spd|1\n|\n|-damage|p2a: Latios|41\/100 tox|[from] psn\n|upkeep\n|turn|9\n|\n|t:|1651090438\n|move|p2a: Latios|Draco Meteor|p1a: Slowking\n|-damage|p1a: Slowking|33\/100\n|-unboost|p2a: Latios|spa|2\n|move|p1a: Slowking|Scald|p2a: Latios\n|-resisted|p2a: Latios\n|-damage|p2a: Latios|32\/100 tox\n|\n|-damage|p2a: Latios|14\/100 tox|[from] psn\n|upkeep\n|turn|10\n|\n|t:|1651090449\n|switch|p2a: Victini|Victini|100\/100\n|move|p1a: Slowking|Slack Off|p1a: Slowking\n|-heal|p1a: Slowking|83\/100\n|\n|upkeep\n|turn|11\n|\n|t:|1651090455\n|switch|p1a: Gastrodon|Gastrodon, F|100\/100\n|-damage|p1a: Gastrodon|94\/100|[from] Stealth Rock\n|move|p2a: Victini|U-turn|p1a: Gastrodon\n|-damage|p1a: Gastrodon|70\/100\n|inactive|TH3 GREAT ONE has 120 seconds left.\n|\n|t:|1651090485\n|switch|p2a: Tapu Lele|Tapu Lele|100\/100|[from]move: U-turn\n|-fieldstart|move: Psychic Terrain|[from] ability: Psychic Surge|[of] p2a: Tapu Lele\n|\n|-heal|p1a: Gastrodon|76\/100|[from] item: Leftovers\n|upkeep\n|turn|12\n|\n|t:|1651090492\n|switch|p2a: Alakazam|Alakazam, M, shiny|100\/100\n|switch|p1a: Slowking|Slowking, F|100\/100\n|\n|upkeep\n|turn|13\n|inactive|TH3 GREAT ONE has 120 seconds left.\n|\n|t:|1651090501\n|switch|p2a: Mew|Mew, shiny|90\/100\n|move|p1a: Slowking|Scald|p2a: Mew\n|-damage|p2a: Mew|73\/100\n|-status|p2a: Mew|brn\n|-activate|p2a: Mew|ability: Synchronize\n|-status|p1a: Slowking|brn\n|\n|-damage|p2a: Mew|67\/100 brn|[from] brn\n|-damage|p1a: Slowking|94\/100 brn|[from] brn\n|upkeep\n|turn|14\n|inactive|TH3 GREAT ONE has 120 seconds left.\n|\n|t:|1651090513\n|switch|p1a: Toxapex|Toxapex, F|100\/100\n|-damage|p1a: Toxapex|88\/100|[from] Stealth Rock\n|move|p2a: Mew|Taunt|p1a: Toxapex\n|-start|p1a: Toxapex|move: Taunt\n|\n|-damage|p2a: Mew|60\/100 brn|[from] brn\n|upkeep\n|turn|15\n|\n|t:|1651090523\n|switch|p1a: Slowking|Slowking, F|100\/100 brn\n|move|p2a: Mew|Taunt|p1a: Slowking\n|-start|p1a: Slowking|move: Taunt\n|\n|-damage|p2a: Mew|54\/100 brn|[from] brn\n|-damage|p1a: Slowking|94\/100 brn|[from] brn\n|-fieldend|move: Psychic Terrain\n|upkeep\n|turn|16\n|\n|t:|1651090534\n|switch|p2a: Slowbro|Slowbro, M, shiny|100\/100\n|move|p1a: Slowking|Scald|p2a: Slowbro\n|-resisted|p2a: Slowbro\n|-damage|p2a: Slowbro|87\/100\n|\n|-damage|p1a: Slowking|88\/100 brn|[from] brn\n|upkeep\n|turn|17\n|\n|t:|1651090543\n|move|p1a: Slowking|Scald|p2a: Slowbro\n|-resisted|p2a: Slowbro\n|-damage|p2a: Slowbro|72\/100\n|move|p2a: Slowbro|Teleport|p2a: Slowbro\n|\n|t:|1651090547\n|switch|p2a: Victini|Victini|100\/100|[from]move: Teleport\n|\n|-damage|p1a: Slowking|82\/100 brn|[from] brn\n|-end|p1a: Slowking|move: Taunt\n|upkeep\n|turn|18\n|\n|t:|1651090559\n|switch|p1a: Gastrodon|Gastrodon, F|76\/100\n|-damage|p1a: Gastrodon|70\/100|[from] Stealth Rock\n|move|p2a: Victini|Bolt Strike|p1a: Gastrodon\n|-immune|p1a: Gastrodon\n|\n|-heal|p1a: Gastrodon|76\/100|[from] item: Leftovers\n|upkeep\n|turn|19\n|\n|t:|1651090568\n|switch|p2a: Mew|Mew, shiny|54\/100 brn\n|switch|p1a: Tapu Fini|Tapu Fini|100\/100\n|-damage|p1a: Tapu Fini|88\/100|[from] Stealth Rock\n|-fieldstart|move: Misty Terrain|[from] ability: Misty Surge|[of] p1a: Tapu Fini\n|\n|-heal|p1a: Tapu Fini|94\/100|[from] item: Leftovers\n|-damage|p2a: Mew|48\/100 brn|[from] brn\n|upkeep\n|turn|20\n|j| Fin4n\n|\n|t:|1651090579\n|switch|p1a: Toxapex|Toxapex, F|100\/100\n|-damage|p1a: Toxapex|88\/100|[from] Stealth Rock\n|move|p2a: Mew|Knock Off|p1a: Toxapex\n|-damage|p1a: Toxapex|84\/100\n|\n|-damage|p2a: Mew|42\/100 brn|[from] brn\n|upkeep\n|turn|21\n|\n|t:|1651090589\n|switch|p2a: Slowbro|Slowbro, M, shiny|100\/100\n|switch|p1a: Rotom|Rotom-Wash|100\/100\n|-damage|p1a: Rotom|88\/100|[from] Stealth Rock\n|\n|-heal|p1a: Rotom|94\/100|[from] item: Leftovers\n|upkeep\n|turn|22\n|\n|t:|1651090598\n|move|p1a: Rotom|Volt Switch|p2a: Slowbro\n|-supereffective|p2a: Slowbro\n|-damage|p2a: Slowbro|33\/100\n|\n|t:|1651090602\n|switch|p1a: Slowking|Slowking, F|100\/100 brn|[from]move: Volt Switch\n|move|p2a: Slowbro|Slack Off|p2a: Slowbro\n|-heal|p2a: Slowbro|83\/100\n|\n|-damage|p1a: Slowking|94\/100 brn|[from] brn\n|upkeep\n|turn|23\n|\n|t:|1651090611\n|move|p2a: Slowbro|Teleport|p2a: Slowbro\n|\n|t:|1651090613\n|switch|p2a: Mew|Mew, shiny|42\/100 brn|[from]move: Teleport\n|move|p1a: Slowking|Teleport|p1a: Slowking\n|\n|t:|1651090620\n|switch|p1a: Toxapex|Toxapex, F|100\/100|[from]move: Teleport\n|-damage|p1a: Toxapex|88\/100|[from] Stealth Rock\n|\n|-damage|p2a: Mew|36\/100 brn|[from] brn\n|-fieldend|Misty Terrain\n|upkeep\n|turn|24\n|\n|t:|1651090631\n|move|p2a: Mew|Will-O-Wisp|p1a: Toxapex\n|-status|p1a: Toxapex|brn\n|move|p1a: Toxapex|Scald|p2a: Mew\n|-damage|p2a: Mew|26\/100 brn\n|\n|-damage|p2a: Mew|20\/100 brn|[from] brn\n|-damage|p1a: Toxapex|82\/100 brn|[from] brn\n|upkeep\n|turn|25\n|\n|t:|1651090641\n|switch|p2a: Slowbro|Slowbro, M, shiny|100\/100\n|move|p1a: Toxapex|Toxic|p2a: Slowbro\n|-status|p2a: Slowbro|tox\n|\n|-damage|p2a: Slowbro|94\/100 tox|[from] psn\n|-damage|p1a: Toxapex|75\/100 brn|[from] brn\n|upkeep\n|turn|26\n|\n|t:|1651090649\n|switch|p1a: Rotom|Rotom-Wash|94\/100\n|-damage|p1a: Rotom|82\/100|[from] Stealth Rock\n|move|p2a: Slowbro|Teleport|p2a: Slowbro\n|\n|t:|1651090654\n|switch|p2a: Victini|Victini|100\/100|[from]move: Teleport\n|\n|-heal|p1a: Rotom|88\/100|[from] item: Leftovers\n|upkeep\n|turn|27\n|\n|t:|1651090661\n|switch|p1a: Gastrodon|Gastrodon, F|76\/100\n|-damage|p1a: Gastrodon|70\/100|[from] Stealth Rock\n|move|p2a: Victini|U-turn|p1a: Gastrodon\n|-damage|p1a: Gastrodon|48\/100\n|\n|t:|1651090667\n|switch|p2a: Tapu Lele|Tapu Lele|100\/100|[from]move: U-turn\n|-fieldstart|move: Psychic Terrain|[from] ability: Psychic Surge|[of] p2a: Tapu Lele\n|\n|-heal|p1a: Gastrodon|54\/100|[from] item: Leftovers\n|upkeep\n|turn|28\n|\n|t:|1651090676\n|switch|p2a: Victini|Victini|100\/100\n|switch|p1a: Slowking|Slowking, F|100\/100 brn\n|\n|-damage|p1a: Slowking|94\/100 brn|[from] brn\n|upkeep\n|turn|29\n|\n|t:|1651090684\n|switch|p1a: Toxapex|Toxapex, F|100\/100 brn\n|-damage|p1a: Toxapex|88\/100 brn|[from] Stealth Rock\n|move|p2a: Victini|Bolt Strike|p1a: Toxapex\n|-supereffective|p1a: Toxapex\n|-damage|p1a: Toxapex|22\/100 brn\n|\n|-damage|p1a: Toxapex|15\/100 brn|[from] brn\n|upkeep\n|turn|30\n|\n|t:|1651090693\n|switch|p2a: Tapu Lele|Tapu Lele|100\/100\n|switch|p1a: Gastrodon|Gastrodon, F|54\/100\n|-damage|p1a: Gastrodon|48\/100|[from] Stealth Rock\n|\n|-heal|p1a: Gastrodon|54\/100|[from] item: Leftovers\n|upkeep\n|turn|31\n|\n|t:|1651090702\n|switch|p1a: Slowking|Slowking, F|100\/100 brn\n|move|p2a: Tapu Lele|Psychic|p1a: Slowking\n|-resisted|p1a: Slowking\n|-damage|p1a: Slowking|82\/100 brn\n|\n|-damage|p1a: Slowking|76\/100 brn|[from] brn\n|-fieldend|move: Psychic Terrain\n|upkeep\n|turn|32\n|\n|t:|1651090710\n|switch|p2a: Slowbro|Slowbro, M, shiny|100\/100 tox\n|move|p1a: Slowking|Teleport|p1a: Slowking\n|\n|t:|1651090715\n|switch|p1a: Gastrodon|Gastrodon, F|54\/100|[from]move: Teleport\n|-damage|p1a: Gastrodon|48\/100|[from] Stealth Rock\n|\n|-heal|p1a: Gastrodon|54\/100|[from] item: Leftovers\n|-damage|p2a: Slowbro|94\/100 tox|[from] psn\n|upkeep\n|turn|33\n|\n|t:|1651090724\n|move|p1a: Gastrodon|Recover|p1a: Gastrodon\n|-heal|p1a: Gastrodon|100\/100\n|move|p2a: Slowbro|Ice Beam|p1a: Gastrodon\n|-damage|p1a: Gastrodon|81\/100\n|\n|-heal|p1a: Gastrodon|87\/100|[from] item: Leftovers\n|-damage|p2a: Slowbro|82\/100 tox|[from] psn\n|upkeep\n|turn|34\n|\n|t:|1651090736\n|move|p1a: Gastrodon|Earth Power|p2a: Slowbro\n|-damage|p2a: Slowbro|52\/100 tox\n|move|p2a: Slowbro|Teleport|p2a: Slowbro\n|\n|t:|1651090746\n|switch|p2a: Tapu Lele|Tapu Lele|100\/100|[from]move: Teleport\n|-fieldstart|move: Psychic Terrain|[from] ability: Psychic Surge|[of] p2a: Tapu Lele\n|\n|-heal|p1a: Gastrodon|93\/100|[from] item: Leftovers\n|upkeep\n|turn|35\n|\n|t:|1651090753\n|switch|p1a: Slowking|Slowking, F|100\/100 brn\n|move|p2a: Tapu Lele|Shadow Ball|p1a: Slowking\n|-supereffective|p1a: Slowking\n|-damage|p1a: Slowking|69\/100 brn\n|-unboost|p1a: Slowking|spd|1\n|\n|-damage|p1a: Slowking|62\/100 brn|[from] brn\n|upkeep\n|turn|36\n|\n|t:|1651090766\n|move|p2a: Tapu Lele|Shadow Ball|p1a: Slowking\n|-supereffective|p1a: Slowking\n|-damage|p1a: Slowking|12\/100 brn\n|move|p1a: Slowking|Teleport|p1a: Slowking\n|\n|t:|1651090769\n|switch|p1a: Urshifu|Urshifu-Rapid-Strike, F|100\/100|[from]move: Teleport\n|-damage|p1a: Urshifu|94\/100|[from] Stealth Rock\n|\n|upkeep\n|turn|37\n|\n|t:|1651090778\n|switch|p2a: Slowbro|Slowbro, M, shiny|85\/100 tox\n|move|p1a: Urshifu|U-turn|p2a: Slowbro\n|-supereffective|p2a: Slowbro\n|-damage|p2a: Slowbro|44\/100 tox\n|-damage|p1a: Urshifu|78\/100|[from] item: Rocky Helmet|[of] p2a: Slowbro\n|l| Fin4n\n|\n|t:|1651090784\n|switch|p1a: Rotom|Rotom-Wash|88\/100|[from]move: U-turn\n|-damage|p1a: Rotom|76\/100|[from] Stealth Rock\n|\n|-heal|p1a: Rotom|82\/100|[from] item: Leftovers\n|-damage|p2a: Slowbro|38\/100 tox|[from] psn\n|upkeep\n|turn|38\n|\n|t:|1651090798\n|switch|p2a: Mew|Mew, shiny|20\/100 brn\n|move|p1a: Rotom|Volt Switch|p2a: Mew\n|-damage|p2a: Mew|0 fnt\n|faint|p2a: Mew\n|j| Fin4n\n|\n|t:|1651090804\n|switch|p1a: Tapu Fini|Tapu Fini|94\/100|[from]move: Volt Switch\n|-damage|p1a: Tapu Fini|82\/100|[from] Stealth Rock\n|-fieldstart|move: Misty Terrain|[from] ability: Misty Surge|[of] p1a: Tapu Fini\n|\n|-heal|p1a: Tapu Fini|88\/100|[from] item: Leftovers\n|upkeep\n|\n|t:|1651090813\n|switch|p2a: Victini|Victini|100\/100\n|turn|39\n|\n|t:|1651090816\n|move|p2a: Victini|Zen Headbutt|p1a: Tapu Fini\n|-damage|p1a: Tapu Fini|53\/100\n|move|p1a: Tapu Fini|Defog|p2a: Victini\n|-unboost|p2a: Victini|evasion|1\n|-sideend|p1: Eclipse77|Stealth Rock|[from] move: Defog|[of] p1a: Tapu Fini\n|-fieldend|Misty Terrain\n|\n|-heal|p1a: Tapu Fini|60\/100|[from] item: Leftovers\n|upkeep\n|turn|40\n|\n|t:|1651090826\n|switch|p1a: Gastrodon|Gastrodon, F|93\/100\n|move|p2a: Victini|Zen Headbutt|p1a: Gastrodon\n|-damage|p1a: Gastrodon|51\/100\n|\n|-heal|p1a: Gastrodon|58\/100|[from] item: Leftovers\n|upkeep\n|turn|41\n|\n|t:|1651090836\n|switch|p2a: Slowbro|Slowbro, M, shiny|71\/100 tox\n|move|p1a: Gastrodon|Recover|p1a: Gastrodon\n|-heal|p1a: Gastrodon|100\/100\n|\n|-damage|p2a: Slowbro|65\/100 tox|[from] psn\n|upkeep\n|turn|42\n|\n|t:|1651090844\n|switch|p1a: Slowking|Slowking, F|45\/100 brn\n|move|p2a: Slowbro|Teleport|p2a: Slowbro\n|\n|t:|1651090848\n|switch|p2a: Victini|Victini|100\/100|[from]move: Teleport\n|\n|-damage|p1a: Slowking|39\/100 brn|[from] brn\n|upkeep\n|turn|43\n|\n|t:|1651090855\n|switch|p1a: Gastrodon|Gastrodon, F|100\/100\n|move|p2a: Victini|U-turn|p1a: Gastrodon\n|-damage|p1a: Gastrodon|77\/100\n|\n|t:|1651090860\n|switch|p2a: Tapu Lele|Tapu Lele|100\/100|[from]move: U-turn\n|-fieldstart|move: Psychic Terrain|[from] ability: Psychic Surge|[of] p2a: Tapu Lele\n|\n|-heal|p1a: Gastrodon|83\/100|[from] item: Leftovers\n|upkeep\n|turn|44\n|\n|t:|1651090870\n|switch|p1a: Slowking|Slowking, F|73\/100 brn\n|move|p2a: Tapu Lele|Shadow Ball|p1a: Slowking\n|-supereffective|p1a: Slowking\n|-damage|p1a: Slowking|42\/100 brn\n|-unboost|p1a: Slowking|spd|1\n|\n|-damage|p1a: Slowking|36\/100 brn|[from] brn\n|upkeep\n|turn|45\n|\n|t:|1651090881\n|switch|p1a: Gastrodon|Gastrodon, F|83\/100\n|move|p2a: Tapu Lele|Shadow Ball|p1a: Gastrodon\n|-damage|p1a: Gastrodon|56\/100\n|\n|-heal|p1a: Gastrodon|62\/100|[from] item: Leftovers\n|upkeep\n|turn|46\n|\n|t:|1651090890\n|switch|p2a: Alakazam|Alakazam, M, shiny|100\/100\n|move|p1a: Gastrodon|Recover|p1a: Gastrodon\n|-heal|p1a: Gastrodon|100\/100\n|\n|upkeep\n|turn|47\n|\n|t:|1651090897\n|switch|p1a: Slowking|Slowking, F|69\/100 brn\n|move|p2a: Alakazam|Expanding Force|p1a: Slowking\n|-resisted|p1a: Slowking\n|-damage|p1a: Slowking|44\/100 brn\n|\n|-damage|p1a: Slowking|38\/100 brn|[from] brn\n|-fieldend|move: Psychic Terrain\n|upkeep\n|turn|48\n|\n|t:|1651090907\n|switch|p2a: Victini|Victini|100\/100\n|move|p1a: Slowking|Slack Off|p1a: Slowking\n|-heal|p1a: Slowking|88\/100 brn\n|\n|-damage|p1a: Slowking|82\/100 brn|[from] brn\n|upkeep\n|turn|49\n|\n|t:|1651090916\n|switch|p1a: Gastrodon|Gastrodon, F|100\/100\n|move|p2a: Victini|Zen Headbutt|p1a: Gastrodon\n|-damage|p1a: Gastrodon|63\/100\n|\n|-heal|p1a: Gastrodon|69\/100|[from] item: Leftovers\n|upkeep\n|turn|50\n|\n|t:|1651090924\n|move|p2a: Victini|Zen Headbutt|p1a: Gastrodon\n|-damage|p1a: Gastrodon|30\/100\n|cant|p1a: Gastrodon|flinch\n|\n|-heal|p1a: Gastrodon|36\/100|[from] item: Leftovers\n|upkeep\n|turn|51\n|\n|t:|1651090931\n|switch|p2a: Slowbro|Slowbro, M, shiny|98\/100 tox\n|switch|p1a: Slowking|Slowking, F|100\/100 brn\n|\n|-damage|p2a: Slowbro|92\/100 tox|[from] psn\n|-damage|p1a: Slowking|94\/100 brn|[from] brn\n|upkeep\n|turn|52\n|\n|t:|1651090940\n|move|p2a: Slowbro|Teleport|p2a: Slowbro\n|\n|t:|1651090942\n|switch|p2a: Victini|Victini|100\/100|[from]move: Teleport\n|move|p1a: Slowking|Teleport|p1a: Slowking\n|\n|t:|1651090949\n|switch|p1a: Gastrodon|Gastrodon, F|36\/100|[from]move: Teleport\n|\n|-heal|p1a: Gastrodon|43\/100|[from] item: Leftovers\n|upkeep\n|turn|53\n|\n|t:|1651090956\n|switch|p1a: Rotom|Rotom-Wash|82\/100\n|move|p2a: Victini|Bolt Strike|p1a: Rotom|[miss]\n|-miss|p2a: Victini|p1a: Rotom\n|\n|-heal|p1a: Rotom|88\/100|[from] item: Leftovers\n|upkeep\n|turn|54\n|\n|t:|1651090968\n|switch|p1a: Gastrodon|Gastrodon, F|43\/100\n|move|p2a: Victini|Bolt Strike|p1a: Gastrodon\n|-immune|p1a: Gastrodon\n|\n|-heal|p1a: Gastrodon|49\/100|[from] item: Leftovers\n|upkeep\n|turn|55\n|\n|t:|1651090976\n|switch|p2a: Tapu Lele|Tapu Lele|100\/100\n|-fieldstart|move: Psychic Terrain|[from] ability: Psychic Surge|[of] p2a: Tapu Lele\n|move|p1a: Gastrodon|Recover|p1a: Gastrodon\n|-heal|p1a: Gastrodon|99\/100\n|\n|-heal|p1a: Gastrodon|100\/100|[from] item: Leftovers\n|upkeep\n|turn|56\n|\n|t:|1651090986\n|switch|p1a: Slowking|Slowking, F|100\/100 brn\n|move|p2a: Tapu Lele|Shadow Ball|p1a: Slowking\n|-supereffective|p1a: Slowking\n|-damage|p1a: Slowking|69\/100 brn\n|\n|-damage|p1a: Slowking|62\/100 brn|[from] brn\n|upkeep\n|turn|57\n|\n|t:|1651090994\n|switch|p1a: Gastrodon|Gastrodon, F|100\/100\n|move|p2a: Tapu Lele|Shadow Ball|p1a: Gastrodon\n|-damage|p1a: Gastrodon|74\/100\n|\n|-heal|p1a: Gastrodon|81\/100|[from] item: Leftovers\n|upkeep\n|turn|58\n|\n|t:|1651091004\n|switch|p2a: Slowbro|Slowbro, M, shiny|100\/100 tox\n|move|p1a: Gastrodon|Toxic|p2a: Slowbro\n|-fail|p2a: Slowbro|tox\n|\n|-heal|p1a: Gastrodon|87\/100|[from] item: Leftovers\n|-damage|p2a: Slowbro|94\/100 tox|[from] psn\n|upkeep\n|turn|59\n|\n|t:|1651091013\n|switch|p1a: Toxapex|Toxapex, F|49\/100 brn\n|move|p2a: Slowbro|Teleport|p2a: Slowbro\n|\n|t:|1651091016\n|switch|p2a: Victini|Victini|100\/100|[from]move: Teleport\n|\n|-damage|p1a: Toxapex|42\/100 brn|[from] brn\n|-fieldend|move: Psychic Terrain\n|upkeep\n|turn|60\n|\n|t:|1651091024\n|switch|p1a: Gastrodon|Gastrodon, F|87\/100\n|move|p2a: Victini|Bolt Strike|p1a: Gastrodon\n|-immune|p1a: Gastrodon\n|\n|-heal|p1a: Gastrodon|93\/100|[from] item: Leftovers\n|upkeep\n|turn|61\n|\n|t:|1651091034\n|switch|p2a: Slowbro|Slowbro, M, shiny|100\/100 tox\n|move|p1a: Gastrodon|Earth Power|p2a: Slowbro\n|-damage|p2a: Slowbro|70\/100 tox\n|\n|-heal|p1a: Gastrodon|99\/100|[from] item: Leftovers\n|-damage|p2a: Slowbro|64\/100 tox|[from] psn\n|upkeep\n|turn|62\n|\n|t:|1651091043\n|move|p1a: Gastrodon|Earth Power|p2a: Slowbro\n|-damage|p2a: Slowbro|36\/100 tox\n|move|p2a: Slowbro|Teleport|p2a: Slowbro\n|\n|t:|1651091047\n|switch|p2a: Tapu Lele|Tapu Lele|100\/100|[from]move: Teleport\n|-fieldstart|move: Psychic Terrain|[from] ability: Psychic Surge|[of] p2a: Tapu Lele\n|\n|-heal|p1a: Gastrodon|100\/100|[from] item: Leftovers\n|upkeep\n|turn|63\n|\n|t:|1651091059\n|switch|p2a: Alakazam|Alakazam, M, shiny|100\/100\n|switch|p1a: Slowking|Slowking, F|96\/100 brn\n|\n|-damage|p1a: Slowking|90\/100 brn|[from] brn\n|upkeep\n|turn|64\n|inactive|TH3 GREAT ONE has 120 seconds left.\n|\n|t:|1651091091\n|switch|p2a: Slowbro|Slowbro, M, shiny|69\/100 tox\n|move|p1a: Slowking|Teleport|p1a: Slowking\n|\n|t:|1651091095\n|switch|p1a: Rotom|Rotom-Wash|88\/100|[from]move: Teleport\n|\n|-heal|p1a: Rotom|94\/100|[from] item: Leftovers\n|-damage|p2a: Slowbro|63\/100 tox|[from] psn\n|upkeep\n|turn|65\n|\n|t:|1651091107\n|move|p1a: Rotom|Thunderbolt|p2a: Slowbro\n|-supereffective|p2a: Slowbro\n|-damage|p2a: Slowbro|0 fnt\n|faint|p2a: Slowbro\n|\n|-heal|p1a: Rotom|100\/100|[from] item: Leftovers\n|upkeep\n|inactive|TH3 GREAT ONE has 120 seconds left.\n|\n|t:|1651091121\n|switch|p2a: Alakazam|Alakazam, M, shiny|100\/100\n|turn|66\n|\n|t:|1651091125\n|switch|p1a: Slowking|Slowking, F|100\/100 brn\n|move|p2a: Alakazam|Expanding Force|p1a: Slowking\n|-resisted|p1a: Slowking\n|-damage|p1a: Slowking|74\/100 brn\n|\n|-damage|p1a: Slowking|68\/100 brn|[from] brn\n|-fieldend|move: Psychic Terrain\n|upkeep\n|turn|67\n|\n|t:|1651091137\n|switch|p2a: Tapu Lele|Tapu Lele|100\/100\n|-fieldstart|move: Psychic Terrain|[from] ability: Psychic Surge|[of] p2a: Tapu Lele\n|move|p1a: Slowking|Teleport|p1a: Slowking\n|\n|t:|1651091150\n|switch|p1a: Toxapex|Toxapex, F|75\/100 brn|[from]move: Teleport\n|\n|-damage|p1a: Toxapex|69\/100 brn|[from] brn\n|upkeep\n|turn|68\n|\n|t:|1651091157\n|switch|p1a: Slowking|Slowking, F|100\/100 brn\n|move|p2a: Tapu Lele|Shadow Ball|p1a: Slowking\n|-supereffective|p1a: Slowking\n|-damage|p1a: Slowking|66\/100 brn\n|\n|-damage|p1a: Slowking|60\/100 brn|[from] brn\n|upkeep\n|turn|69\n|\n|t:|1651091165\n|switch|p1a: Toxapex|Toxapex, F|100\/100 brn\n|move|p2a: Tapu Lele|Shadow Ball|p1a: Toxapex\n|-damage|p1a: Toxapex|78\/100 brn\n|\n|-damage|p1a: Toxapex|72\/100 brn|[from] brn\n|upkeep\n|turn|70\n|\n|t:|1651091174\n|move|p2a: Tapu Lele|Shadow Ball|p1a: Toxapex\n|-damage|p1a: Toxapex|47\/100 brn\n|move|p1a: Toxapex|Toxic|p2a: Tapu Lele\n|-status|p2a: Tapu Lele|tox\n|\n|-damage|p2a: Tapu Lele|94\/100 tox|[from] psn\n|-damage|p1a: Toxapex|41\/100 brn|[from] brn\n|upkeep\n|turn|71\n|\n|t:|1651091184\n|switch|p2a: Victini|Victini|100\/100\n|switch|p1a: Gastrodon|Gastrodon, F|100\/100\n|\n|-fieldend|move: Psychic Terrain\n|upkeep\n|turn|72\n|\n|t:|1651091191\n|move|p2a: Victini|Zen Headbutt|p1a: Gastrodon\n|-damage|p1a: Gastrodon|64\/100\n|move|p1a: Gastrodon|Earth Power|p2a: Victini\n|-supereffective|p2a: Victini\n|-damage|p2a: Victini|40\/100\n|\n|-heal|p1a: Gastrodon|70\/100|[from] item: Leftovers\n|upkeep\n|turn|73\n|\n|t:|1651091200\n|move|p2a: Victini|Zen Headbutt|p1a: Gastrodon\n|-damage|p1a: Gastrodon|32\/100\n|move|p1a: Gastrodon|Recover|p1a: Gastrodon\n|-heal|p1a: Gastrodon|82\/100\n|\n|-heal|p1a: Gastrodon|89\/100|[from] item: Leftovers\n|upkeep\n|turn|74\n|c|\u2606TH3 GREAT ONE|gg\n|-message|TH3 GREAT ONE forfeited.\n|\n|win|Eclipse77\n|raw|Eclipse77's rating: 1701 &rarr; <strong>1716<\/strong><br \/>(+15 for winning)\n|raw|TH3 GREAT ONE's rating: 1603 &rarr; <strong>1588<\/strong><br \/>(-15 for losing)\n|l|\u2606Eclipse77\n||Ladder isn't responding, score probably updated but might not have (Request timeout).\n|l|\u2606TH3 GREAT ONE\n|j|\u2606Eclipse77\n|player|p1|Eclipse77|102\n|l|\u2606Eclipse77\n|player|p1|\n","uploadtime":1651091345,"views":2,"p1id":"eclipse77","p2id":"th3greatone","formatid":"gen8monotype","rating":1588,"private":0,"password":null}