{"id":"gen8ru-1118355007","p1":"BugCatcherWeevil","p2":"ILikeyourpants","format":"gen8ru","log":"|j|\u2606BugCatcherWeevil\n|j|\u2606ILikeyourpants\n|player|p1|BugCatcherWeevil|7|1120\n|player|p2|ILikeyourpants|marley|1083\n|teamsize|p1|6\n|teamsize|p2|6\n|gametype|singles\n|gen|8\n|tier|[Gen 8] RU\n|rated|\n|clearpoke\n|poke|p1|Runerigus, M|\n|poke|p1|Copperajah, F|\n|poke|p1|Musharna, F|\n|poke|p1|Drampa, M|\n|poke|p1|Vikavolt, F|\n|poke|p1|Malamar, F|\n|poke|p2|Runerigus, F|\n|poke|p2|Gallade, M|\n|poke|p2|Vikavolt, M|\n|poke|p2|Dhelmise|\n|poke|p2|Silvally-*|\n|poke|p2|Snorlax, F|\n|rule|Sleep Clause Mod: Limit one foe put to sleep\n|rule|Species Clause: Limit one of each Pok\u00e9mon\n|rule|OHKO Clause: OHKO moves are banned\n|rule|Evasion Moves Clause: Evasion moves are banned\n|rule|Endless Battle Clause: Forcing endless battles is banned\n|rule|HP Percentage Mod: HP is shown in percentages\n|rule|Dynamax Clause: You cannot dynamax\n|teampreview\n|\n|start\n|switch|p1a: Vikavolt|Vikavolt, F|100\/100\n|switch|p2a: Runerigus|Runerigus, F, shiny|100\/100\n|turn|1\n|\n|move|p2a: Runerigus|Stealth Rock|p1a: Vikavolt\n|-sidestart|p1: BugCatcherWeevil|move: Stealth Rock\n|move|p1a: Vikavolt|Energy Ball|p2a: Runerigus\n|-supereffective|p2a: Runerigus\n|-damage|p2a: Runerigus|0 fnt\n|faint|p2a: Runerigus\n|\n|upkeep\n|\n|switch|p2a: Vikavolt|Vikavolt, M|100\/100\n|turn|2\n|\n|move|p2a: Vikavolt|Sticky Web|p1a: Vikavolt\n|-sidestart|p1: BugCatcherWeevil|move: Sticky Web\n|move|p1a: Vikavolt|Energy Ball|p2a: Vikavolt\n|-resisted|p2a: Vikavolt\n|-damage|p2a: Vikavolt|63\/100\n|\n|upkeep\n|turn|3\n|\n|move|p2a: Vikavolt|Volt Switch|p1a: Vikavolt\n|-resisted|p1a: Vikavolt\n|-damage|p1a: Vikavolt|73\/100\n|\n|switch|p2a: Snorlax|Snorlax, F|100\/100|[from]move: Volt Switch\n|move|p1a: Vikavolt|Energy Ball|p2a: Snorlax\n|-damage|p2a: Snorlax|71\/100\n|\n|-heal|p2a: Snorlax|77\/100|[from] item: Leftovers\n|upkeep\n|turn|4\n|\n|switch|p1a: Runerigus|Runerigus, M|100\/100\n|-damage|p1a: Runerigus|95\/100|[from] Stealth Rock\n|-activate|p1a: Runerigus|move: Sticky Web\n|-unboost|p1a: Runerigus|spe|1\n|move|p2a: Snorlax|Curse|p2a: Snorlax\n|-unboost|p2a: Snorlax|spe|1\n|-boost|p2a: Snorlax|atk|1\n|-boost|p2a: Snorlax|def|1\n|\n|-heal|p2a: Snorlax|83\/100|[from] item: Leftovers\n|upkeep\n|turn|5\n|\n|move|p2a: Snorlax|Darkest Lariat|p1a: Runerigus\n|-supereffective|p1a: Runerigus\n|-damage|p1a: Runerigus|53\/100\n|-activate|p1a: Runerigus|ability: Wandering Spirit|Thick Fat|Wandering Spirit|[of] p2a: Snorlax\n|move|p1a: Runerigus|Trick Room|p1a: Runerigus\n|-fieldstart|move: Trick Room|[of] p1a: Runerigus\n|\n|-heal|p2a: Snorlax|89\/100|[from] item: Leftovers\n|upkeep\n|turn|6\n|\n|move|p1a: Runerigus|Body Press|p2a: Snorlax\n|-supereffective|p2a: Snorlax\n|-damage|p2a: Snorlax|57\/100\n|-activate|p2a: Snorlax|ability: Wandering Spirit|Thick Fat|Wandering Spirit|[of] p1a: Runerigus\n|move|p2a: Snorlax|Darkest Lariat|p1a: Runerigus\n|-supereffective|p1a: Runerigus\n|-damage|p1a: Runerigus|10\/100\n|-activate|p1a: Runerigus|ability: Wandering Spirit|Thick Fat|Wandering Spirit|[of] p2a: Snorlax\n|\n|-heal|p2a: Snorlax|63\/100|[from] item: Leftovers\n|upkeep\n|turn|7\n|\n|move|p1a: Runerigus|Stealth Rock|p2a: Snorlax\n|-sidestart|p2: ILikeyourpants|move: Stealth Rock\n|move|p2a: Snorlax|Darkest Lariat|p1a: Runerigus\n|-supereffective|p1a: Runerigus\n|-damage|p1a: Runerigus|0 fnt\n|faint|p1a: Runerigus\n|\n|-heal|p2a: Snorlax|70\/100|[from] item: Leftovers\n|upkeep\n|\n|switch|p1a: Malamar|Malamar, F|100\/100\n|-activate|p1a: Malamar|move: Sticky Web\n|-boost|p1a: Malamar|spe|1\n|-damage|p1a: Malamar|88\/100|[from] Stealth Rock\n|turn|8\n|\n|move|p2a: Snorlax|Body Slam|p1a: Malamar\n|-damage|p1a: Malamar|42\/100\n|-status|p1a: Malamar|par\n|-enditem|p1a: Malamar|Lum Berry|[eat]\n|-curestatus|p1a: Malamar|par|[msg]\n|move|p1a: Malamar|Superpower|p2a: Snorlax\n|-supereffective|p2a: Snorlax\n|-damage|p2a: Snorlax|33\/100\n|-boost|p1a: Malamar|atk|1\n|-boost|p1a: Malamar|def|1\n|-activate|p2a: Snorlax|ability: Wandering Spirit|Contrary|Wandering Spirit|[of] p1a: Malamar\n|\n|-heal|p2a: Snorlax|39\/100|[from] item: Leftovers\n|upkeep\n|turn|9\n|\n|move|p2a: Snorlax|Body Slam|p1a: Malamar\n|-damage|p1a: Malamar|7\/100\n|-activate|p1a: Malamar|ability: Wandering Spirit|Contrary|Wandering Spirit|[of] p2a: Snorlax\n|move|p1a: Malamar|Knock Off|p2a: Snorlax\n|-damage|p2a: Snorlax|8\/100\n|-activate|p2a: Snorlax|ability: Wandering Spirit|Contrary|Wandering Spirit|[of] p1a: Malamar\n|-enditem|p2a: Snorlax|Leftovers|[from] move: Knock Off|[of] p1a: Malamar\n|\n|-fieldend|move: Trick Room\n|upkeep\n|turn|10\n|\n|move|p1a: Malamar|Knock Off|p2a: Snorlax\n|-damage|p2a: Snorlax|0 fnt\n|faint|p2a: Snorlax\n|\n|upkeep\n|\n|switch|p2a: Gallade|Gallade, M, shiny|100\/100\n|-damage|p2a: Gallade|94\/100|[from] Stealth Rock\n|turn|11\n|\n|move|p2a: Gallade|Knock Off|p1a: Malamar\n|-damage|p1a: Malamar|0 fnt\n|-activate|p1a: Malamar|ability: Wandering Spirit|Justified|Wandering Spirit|[of] p2a: Gallade\n|-damage|p2a: Gallade|85\/100|[from] item: Life Orb\n|faint|p1a: Malamar\n|\n|upkeep\n|\n|switch|p1a: Musharna|Musharna, F|100\/100\n|-activate|p1a: Musharna|move: Sticky Web\n|-unboost|p1a: Musharna|spe|1\n|-damage|p1a: Musharna|88\/100|[from] Stealth Rock\n|turn|12\n|\n|move|p2a: Gallade|Knock Off|p1a: Musharna\n|-supereffective|p1a: Musharna\n|-damage|p1a: Musharna|22\/100\n|-enditem|p1a: Musharna|Leftovers|[from] move: Knock Off|[of] p2a: Gallade\n|-damage|p2a: Gallade|75\/100|[from] item: Life Orb\n|move|p1a: Musharna|Trick Room|p1a: Musharna\n|-fieldstart|move: Trick Room|[of] p1a: Musharna\n|\n|upkeep\n|turn|13\n|\n|move|p1a: Musharna|Psychic|p2a: Gallade\n|-damage|p2a: Gallade|37\/100\n|move|p2a: Gallade|Close Combat|p1a: Musharna\n|-resisted|p1a: Musharna\n|-damage|p1a: Musharna|0 fnt\n|-unboost|p2a: Gallade|def|1\n|-unboost|p2a: Gallade|spd|1\n|-damage|p2a: Gallade|27\/100|[from] item: Life Orb\n|faint|p1a: Musharna\n|\n|upkeep\n|\n|switch|p1a: Copperajah|Copperajah, F|100\/100\n|-damage|p1a: Copperajah|94\/100|[from] Stealth Rock\n|-activate|p1a: Copperajah|move: Sticky Web\n|-unboost|p1a: Copperajah|spe|1\n|turn|14\n|\n|switch|p2a: Dhelmise|Dhelmise|100\/100\n|-damage|p2a: Dhelmise|88\/100|[from] Stealth Rock\n|move|p1a: Copperajah|Heat Crash|p2a: Dhelmise\n|-supereffective|p2a: Dhelmise\n|-damage|p2a: Dhelmise|0 fnt\n|-damage|p1a: Copperajah|85\/100|[from] item: Life Orb\n|faint|p2a: Dhelmise\n|\n|upkeep\n|\n|switch|p2a: Silvally|Silvally-Dark|100\/100\n|-damage|p2a: Silvally|88\/100|[from] Stealth Rock\n|turn|15\n|\n|move|p1a: Copperajah|Heavy Slam|p2a: Silvally\n|-damage|p2a: Silvally|0 fnt\n|-damage|p1a: Copperajah|75\/100|[from] item: Life Orb\n|faint|p2a: Silvally\n|\n|upkeep\n|\n|switch|p2a: Vikavolt|Vikavolt, M|63\/100\n|turn|16\n|\n|move|p1a: Copperajah|Heat Crash|p2a: Vikavolt\n|-supereffective|p2a: Vikavolt\n|-damage|p2a: Vikavolt|0 fnt\n|-damage|p1a: Copperajah|65\/100|[from] item: Life Orb\n|faint|p2a: Vikavolt\n|\n|-fieldend|move: Trick Room\n|upkeep\n|\n|switch|p2a: Gallade|Gallade, M, shiny|27\/100\n|-damage|p2a: Gallade|21\/100|[from] Stealth Rock\n|turn|17\n|\n|move|p2a: Gallade|Close Combat|p1a: Copperajah\n|-supereffective|p1a: Copperajah\n|-damage|p1a: Copperajah|0 fnt\n|-unboost|p2a: Gallade|def|1\n|-unboost|p2a: Gallade|spd|1\n|-damage|p2a: Gallade|11\/100|[from] item: Life Orb\n|faint|p1a: Copperajah\n|\n|upkeep\n|\n|switch|p1a: Drampa|Drampa, M|100\/100\n|-activate|p1a: Drampa|move: Sticky Web\n|-unboost|p1a: Drampa|spe|1\n|-damage|p1a: Drampa|88\/100|[from] Stealth Rock\n|turn|18\n|\n|move|p2a: Gallade|Close Combat|p1a: Drampa\n|-supereffective|p1a: Drampa\n|-damage|p1a: Drampa|0 fnt\n|-unboost|p2a: Gallade|def|1\n|-unboost|p2a: Gallade|spd|1\n|-damage|p2a: Gallade|2\/100|[from] item: Life Orb\n|faint|p1a: Drampa\n|\n|upkeep\n|\n|switch|p1a: Vikavolt|Vikavolt, F|73\/100\n|-damage|p1a: Vikavolt|48\/100|[from] Stealth Rock\n|turn|19\n|\n|move|p2a: Gallade|Zen Headbutt|p1a: Vikavolt\n|-damage|p1a: Vikavolt|0 fnt\n|-damage|p2a: Gallade|0 fnt|[from] item: Life Orb\n|faint|p1a: Vikavolt\n|faint|p2a: Gallade\n|\n|win|ILikeyourpants\n||Ladder (probably) updated, but score could not be retrieved (Response not received).\n","uploadtime":1590015606,"views":30,"p1id":"bugcatcherweevil","p2id":"ilikeyourpants","formatid":"gen8ru","rating":0,"private":0,"password":null}