{"id":"gen8ou-1671415896","p1":"Noodleandbean","p2":"Kikoobuster","format":"gen8ou","log":"|j|\u203dNoodleandbean\n|j|\u2606Kikoobuster\n|t:|1663937420\n|gametype|singles\n|player|p1|Noodleandbean|harlequin|1408\n|player|p2|Kikoobuster|170|1427\n|teamsize|p1|6\n|teamsize|p2|6\n|gen|8\n|tier|[Gen 8] OU\n|rated|\n|rule|Sleep Clause Mod: Limit one foe put to sleep\n|rule|Species Clause: Limit one of each Pok\u00e9mon\n|rule|OHKO Clause: OHKO moves are banned\n|rule|Evasion Items Clause: Evasion items are banned\n|rule|Evasion Moves Clause: Evasion moves are banned\n|rule|Endless Battle Clause: Forcing endless battles is banned\n|rule|HP Percentage Mod: HP is shown in percentages\n|rule|Dynamax Clause: You cannot dynamax\n|clearpoke\n|poke|p1|Regieleki|\n|poke|p1|Barraskewda, F|\n|poke|p1|Pelipper, M|\n|poke|p1|Melmetal|\n|poke|p1|Garchomp, F|\n|poke|p1|Tangrowth, F|\n|poke|p2|Lycanroc-Dusk, F|\n|poke|p2|Excadrill, M|\n|poke|p2|Hawlucha, F|\n|poke|p2|Azumarill, F|\n|poke|p2|Zeraora|\n|poke|p2|Rillaboom, F|\n|teampreview\n|inactive|Battle timer is ON: inactive players will automatically lose when time's up. (requested by Kikoobuster)\n|\n|t:|1663937430\n|start\n|switch|p1a: Garchomp|Garchomp, F|100\/100\n|switch|p2a: Lycanroc|Lycanroc-Dusk, F|100\/100\n|turn|1\n|\n|t:|1663937435\n|move|p2a: Lycanroc|Stealth Rock|p1a: Garchomp\n|-sidestart|p1: Noodleandbean|move: Stealth Rock\n|move|p1a: Garchomp|Swords Dance|p1a: Garchomp\n|-boost|p1a: Garchomp|atk|2\n|\n|upkeep\n|turn|2\n|\n|t:|1663937440\n|move|p2a: Lycanroc|Taunt|p1a: Garchomp\n|-start|p1a: Garchomp|move: Taunt\n|move|p1a: Garchomp|Earthquake|p2a: Lycanroc\n|-supereffective|p2a: Lycanroc\n|-enditem|p2a: Lycanroc|Focus Sash\n|-damage|p2a: Lycanroc|1\/100\n|\n|upkeep\n|turn|3\n|\n|t:|1663937448\n|move|p2a: Lycanroc|Endeavor|p1a: Garchomp\n|-damage|p1a: Garchomp|1\/100\n|-damage|p2a: Lycanroc|0 fnt|[from] ability: Rough Skin|[of] p1a: Garchomp\n|faint|p2a: Lycanroc\n|move|p1a: Garchomp|Earthquake|p2: Lycanroc|[notarget]\n|-fail|p1a: Garchomp\n|\n|upkeep\n|\n|t:|1663937457\n|switch|p2a: Rillaboom|Rillaboom, F|100\/100\n|-fieldstart|move: Grassy Terrain|[from] ability: Grassy Surge|[of] p2a: Rillaboom\n|turn|4\n|-enditem|p1a: Garchomp|Custap Berry|[eat]\n|-activate|p1a: Garchomp|item: Custap Berry|[consumed]\n|\n|t:|1663937461\n|move|p2a: Rillaboom|Grassy Glide|p1a: Garchomp\n|-damage|p1a: Garchomp|0 fnt\n|-damage|p2a: Rillaboom|88\/100|[from] ability: Rough Skin|[of] p1a: Garchomp\n|faint|p1a: Garchomp\n|\n|-heal|p2a: Rillaboom|94\/100|[from] Grassy Terrain\n|upkeep\n|\n|t:|1663937479\n|switch|p1a: Pelipper|Pelipper, M|100\/100\n|-damage|p1a: Pelipper|76\/100|[from] Stealth Rock\n|-weather|RainDance|[from] ability: Drizzle|[of] p1a: Pelipper\n|turn|5\n|\n|t:|1663937486\n|switch|p2a: Azumarill|Azumarill, F, shiny|100\/100\n|move|p1a: Pelipper|Defog|p2a: Azumarill\n|-unboost|p2a: Azumarill|evasion|1\n|-sideend|p1: Noodleandbean|Stealth Rock|[from] move: Defog|[of] p1a: Pelipper\n|-fieldend|move: Grassy Terrain\n|\n|-weather|RainDance|[upkeep]\n|upkeep\n|turn|6\n|\n|t:|1663937490\n|switch|p1a: Tangrowth|Tangrowth, F|100\/100\n|move|p2a: Azumarill|Belly Drum|p2a: Azumarill\n|-damage|p2a: Azumarill|50\/100\n|-setboost|p2a: Azumarill|atk|6|[from] move: Belly Drum\n|-enditem|p2a: Azumarill|Sitrus Berry|[eat]\n|-heal|p2a: Azumarill|75\/100|[from] item: Sitrus Berry\n|\n|-weather|RainDance|[upkeep]\n|upkeep\n|turn|7\n|\n|t:|1663937495\n|move|p2a: Azumarill|Knock Off|p1a: Tangrowth\n|-damage|p1a: Tangrowth|8\/100\n|-damage|p2a: Azumarill|59\/100|[from] item: Rocky Helmet|[of] p1a: Tangrowth\n|-enditem|p1a: Tangrowth|Rocky Helmet|[from] move: Knock Off|[of] p2a: Azumarill\n|move|p1a: Tangrowth|Energy Ball|p2a: Azumarill\n|-supereffective|p2a: Azumarill\n|-damage|p2a: Azumarill|0 fnt\n|faint|p2a: Azumarill\n|\n|-weather|RainDance|[upkeep]\n|upkeep\n|\n|t:|1663937505\n|switch|p2a: Rillaboom|Rillaboom, F|94\/100\n|-fieldstart|move: Grassy Terrain|[from] ability: Grassy Surge|[of] p2a: Rillaboom\n|turn|8\n|\n|t:|1663937509\n|switch|p1a: Melmetal|Melmetal|100\/100\n|move|p2a: Rillaboom|U-turn|p1a: Melmetal\n|-resisted|p1a: Melmetal\n|-damage|p1a: Melmetal|90\/100\n|\n|t:|1663937517\n|switch|p2a: Excadrill|Excadrill, M|100\/100|[from]move: U-turn\n|-ability|p2a: Excadrill|Mold Breaker\n|\n|-weather|RainDance|[upkeep]\n|-heal|p1a: Melmetal|96\/100|[from] Grassy Terrain\n|upkeep\n|turn|9\n|\n|t:|1663937521\n|switch|p1a: Tangrowth|Tangrowth, F|42\/100\n|move|p2a: Excadrill|Earthquake|p1a: Tangrowth\n|-resisted|p1a: Tangrowth\n|-damage|p1a: Tangrowth|33\/100\n|\n|-weather|RainDance|[upkeep]\n|-heal|p1a: Tangrowth|39\/100|[from] Grassy Terrain\n|upkeep\n|turn|10\n|\n|t:|1663937529\n|move|p2a: Excadrill|Iron Head|p1a: Tangrowth\n|-damage|p1a: Tangrowth|11\/100\n|cant|p1a: Tangrowth|flinch\n|\n|-weather|RainDance|[upkeep]\n|-heal|p1a: Tangrowth|17\/100|[from] Grassy Terrain\n|upkeep\n|turn|11\n|\n|t:|1663937537\n|switch|p1a: Melmetal|Melmetal|96\/100\n|move|p2a: Excadrill|Iron Head|p1a: Melmetal\n|-resisted|p1a: Melmetal\n|-damage|p1a: Melmetal|84\/100\n|\n|-weather|RainDance|[upkeep]\n|-heal|p1a: Melmetal|90\/100|[from] Grassy Terrain\n|upkeep\n|turn|12\n|\n|t:|1663937542\n|move|p2a: Excadrill|Earthquake|p1a: Melmetal\n|-supereffective|p1a: Melmetal\n|-damage|p1a: Melmetal|62\/100\n|move|p1a: Melmetal|Earthquake|p2a: Excadrill\n|-supereffective|p2a: Excadrill\n|-damage|p2a: Excadrill|39\/100\n|\n|-weather|none\n|-heal|p2a: Excadrill|45\/100|[from] Grassy Terrain\n|-heal|p1a: Melmetal|68\/100|[from] Grassy Terrain\n|-fieldend|move: Grassy Terrain\n|upkeep\n|turn|13\n|\n|t:|1663937548\n|switch|p1a: Pelipper|Pelipper, M|76\/100\n|-weather|RainDance|[from] ability: Drizzle|[of] p1a: Pelipper\n|move|p2a: Excadrill|Earthquake|p1a: Pelipper\n|-immune|p1a: Pelipper\n|\n|-weather|RainDance|[upkeep]\n|upkeep\n|turn|14\n|\n|t:|1663937555\n|move|p2a: Excadrill|Rock Slide|p1a: Pelipper\n|-supereffective|p1a: Pelipper\n|-damage|p1a: Pelipper|27\/100\n|move|p1a: Pelipper|Surf|p2a: Excadrill\n|-supereffective|p2a: Excadrill\n|-damage|p2a: Excadrill|0 fnt\n|faint|p2a: Excadrill\n|\n|-weather|RainDance|[upkeep]\n|upkeep\n|\n|t:|1663937561\n|switch|p2a: Zeraora|Zeraora|100\/100\n|turn|15\n|\n|t:|1663937565\n|move|p2a: Zeraora|Plasma Fists|p1a: Pelipper\n|-supereffective|p1a: Pelipper\n|-damage|p1a: Pelipper|0 fnt\n|-fieldactivate|move: Ion Deluge\n|-hint|Normal-type moves become Electric-type after using Plasma Fists.\n|faint|p1a: Pelipper\n|\n|-weather|RainDance|[upkeep]\n|upkeep\n|\n|t:|1663937570\n|switch|p1a: Barraskewda|Barraskewda, F, shiny|100\/100\n|turn|16\n|\n|t:|1663937573\n|switch|p2a: Rillaboom|Rillaboom, F|94\/100\n|-fieldstart|move: Grassy Terrain|[from] ability: Grassy Surge|[of] p2a: Rillaboom\n|move|p1a: Barraskewda|Liquidation|p2a: Rillaboom\n|-resisted|p2a: Rillaboom\n|-damage|p2a: Rillaboom|45\/100\n|-damage|p1a: Barraskewda|91\/100|[from] item: Life Orb\n|\n|-weather|RainDance|[upkeep]\n|-heal|p1a: Barraskewda|97\/100|[from] Grassy Terrain\n|-heal|p2a: Rillaboom|51\/100|[from] Grassy Terrain\n|upkeep\n|turn|17\n|\n|t:|1663937578\n|switch|p1a: Melmetal|Melmetal|68\/100\n|move|p2a: Rillaboom|Grassy Glide|p1a: Melmetal\n|-resisted|p1a: Melmetal\n|-damage|p1a: Melmetal|48\/100\n|\n|-weather|RainDance|[upkeep]\n|-heal|p2a: Rillaboom|57\/100|[from] Grassy Terrain\n|-heal|p1a: Melmetal|54\/100|[from] Grassy Terrain\n|upkeep\n|turn|18\n|\n|t:|1663937585\n|move|p2a: Rillaboom|Grassy Glide|p1a: Melmetal\n|-resisted|p1a: Melmetal\n|-damage|p1a: Melmetal|35\/100\n|move|p1a: Melmetal|Double Iron Bash|p2a: Rillaboom\n|-damage|p2a: Rillaboom|11\/100\n|-damage|p2a: Rillaboom|0 fnt\n|faint|p2a: Rillaboom\n|-hitcount|p2: Rillaboom|2\n|\n|-weather|RainDance|[upkeep]\n|-heal|p1a: Melmetal|41\/100|[from] Grassy Terrain\n|upkeep\n|\n|t:|1663937587\n|switch|p2a: Hawlucha|Hawlucha, F|100\/100\n|-enditem|p2a: Hawlucha|Grassy Seed\n|-boost|p2a: Hawlucha|def|1|[from] item: Grassy Seed\n|turn|19\n|\n|t:|1663937590\n|move|p2a: Hawlucha|Close Combat|p1a: Melmetal\n|-supereffective|p1a: Melmetal\n|-damage|p1a: Melmetal|0 fnt\n|-unboost|p2a: Hawlucha|def|1\n|-unboost|p2a: Hawlucha|spd|1\n|faint|p1a: Melmetal\n|\n|-weather|RainDance|[upkeep]\n|upkeep\n|\n|t:|1663937594\n|switch|p1a: Barraskewda|Barraskewda, F, shiny|97\/100\n|turn|20\n|\n|t:|1663937597\n|move|p1a: Barraskewda|Liquidation|p2a: Hawlucha\n|-damage|p2a: Hawlucha|0 fnt\n|faint|p2a: Hawlucha\n|-damage|p1a: Barraskewda|87\/100|[from] item: Life Orb\n|\n|-weather|none\n|-heal|p1a: Barraskewda|93\/100|[from] Grassy Terrain\n|-fieldend|move: Grassy Terrain\n|upkeep\n|\n|t:|1663937599\n|switch|p2a: Zeraora|Zeraora|100\/100\n|turn|21\n|\n|t:|1663937609\n|move|p2a: Zeraora|Close Combat|p1a: Barraskewda\n|-damage|p1a: Barraskewda|16\/100\n|-unboost|p2a: Zeraora|def|1\n|-unboost|p2a: Zeraora|spd|1\n|move|p1a: Barraskewda|Liquidation|p2a: Zeraora\n|-damage|p2a: Zeraora|0 fnt\n|faint|p2a: Zeraora\n|-damage|p1a: Barraskewda|6\/100|[from] item: Life Orb\n|\n|win|Noodleandbean\n|raw|Noodleandbean's rating: 1408 &rarr; <strong>1429<\/strong><br \/>(+21 for winning)\n|raw|Kikoobuster's rating: 1427 &rarr; <strong>1406<\/strong><br \/>(-21 for losing)\n|c|\u2606Kikoobuster|gg\n|l|\u2606Kikoobuster\n||Ladder isn't responding, score probably updated but might not have (Request timeout).\n","uploadtime":1663937621,"views":15,"p1id":"noodleandbean","p2id":"kikoobuster","formatid":"gen8ou","rating":1406,"private":0,"password":null}