{"id":"gen8ou-1698493701","p1":"EEEEEvolto","p2":"UnknownDeviant","format":"gen8ou","log":"|j|\u2606EEEEEvolto\n|j|\u2606UnknownDeviant\n|t:|1667130974\n|gametype|singles\n|player|p1|EEEEEvolto|169|1390\n|player|p2|UnknownDeviant|roark|1366\n|teamsize|p1|6\n|teamsize|p2|6\n|gen|8\n|tier|[Gen 8] OU\n|rated|\n|rule|Sleep Clause Mod: Limit one foe put to sleep\n|rule|Species Clause: Limit one of each Pok\u00e9mon\n|rule|OHKO Clause: OHKO moves are banned\n|rule|Evasion Items Clause: Evasion items are banned\n|rule|Evasion Moves Clause: Evasion moves are banned\n|rule|Endless Battle Clause: Forcing endless battles is banned\n|rule|HP Percentage Mod: HP is shown in percentages\n|rule|Dynamax Clause: You cannot dynamax\n|clearpoke\n|poke|p1|Kartana|\n|poke|p1|Heatran, F|\n|poke|p1|Landorus-Therian, M|\n|poke|p1|Slowbro, M|\n|poke|p1|Umbreon, M|\n|poke|p1|Tapu Koko|\n|poke|p2|Ninetales-Alola, M|\n|poke|p2|Heatran, M|\n|poke|p2|Landorus-Therian, M|\n|poke|p2|Tapu Fini|\n|poke|p2|Arctozolt|\n|poke|p2|Kartana|\n|teampreview\n|\n|t:|1667130987\n|start\n|switch|p1a: Landorus|Landorus-Therian, M|100\/100\n|switch|p2a: GlacialCore|Ninetales-Alola, M, shiny|100\/100\n|-weather|Hail|[from] ability: Snow Warning|[of] p2a: GlacialCore\n|-ability|p1a: Landorus|Intimidate|boost\n|-unboost|p2a: GlacialCore|atk|1\n|turn|1\n|\n|t:|1667130993\n|switch|p1a: Heatran|Heatran, F|100\/100\n|move|p2a: GlacialCore|Aurora Veil|p2a: GlacialCore\n|-sidestart|p2: UnknownDeviant|move: Aurora Veil\n|\n|-weather|Hail|[upkeep]\n|-damage|p1a: Heatran|94\/100|[from] Hail\n|-heal|p1a: Heatran|100\/100|[from] item: Leftovers\n|upkeep\n|turn|2\n|\n|t:|1667131000\n|switch|p2a: SunlitScatter|Landorus-Therian, M, shiny|100\/100\n|-ability|p2a: SunlitScatter|Intimidate|boost\n|-unboost|p1a: Heatran|atk|1\n|move|p1a: Heatran|Stealth Rock|p2a: SunlitScatter\n|-sidestart|p2: UnknownDeviant|move: Stealth Rock\n|\n|-weather|Hail|[upkeep]\n|-damage|p2a: SunlitScatter|94\/100|[from] Hail\n|-damage|p1a: Heatran|94\/100|[from] Hail\n|-heal|p2a: SunlitScatter|100\/100|[from] item: Leftovers\n|-heal|p1a: Heatran|100\/100|[from] item: Leftovers\n|upkeep\n|turn|3\n|\n|t:|1667131004\n|move|p2a: SunlitScatter|Earthquake|p1a: Heatran\n|-supereffective|p1a: Heatran\n|-damage|p1a: Heatran|0 fnt\n|faint|p1a: Heatran\n|\n|-weather|Hail|[upkeep]\n|-damage|p2a: SunlitScatter|94\/100|[from] Hail\n|-heal|p2a: SunlitScatter|100\/100|[from] item: Leftovers\n|upkeep\n|\n|t:|1667131010\n|switch|p1a: Landorus|Landorus-Therian, M|100\/100\n|-ability|p1a: Landorus|Intimidate|boost\n|-unboost|p2a: SunlitScatter|atk|1\n|turn|4\n|\n|t:|1667131014\n|switch|p1a: Slowbro|Slowbro, M|100\/100\n|move|p2a: SunlitScatter|U-turn|p1a: Slowbro\n|-supereffective|p1a: Slowbro\n|-damage|p1a: Slowbro|77\/100\n|\n|t:|1667131017\n|switch|p2a: SorrowfulCastaway|Arctozolt, shiny|100\/100|[from]move: U-turn\n|\n|-weather|Hail|[upkeep]\n|-damage|p1a: Slowbro|71\/100|[from] Hail\n|upkeep\n|turn|5\n|\n|t:|1667131020\n|switch|p1a: Landorus|Landorus-Therian, M|100\/100\n|-ability|p1a: Landorus|Intimidate|boost\n|-unboost|p2a: SorrowfulCastaway|atk|1\n|move|p2a: SorrowfulCastaway|Bolt Beak|p1a: Landorus\n|-immune|p1a: Landorus\n|\n|-weather|Hail|[upkeep]\n|-damage|p1a: Landorus|94\/100|[from] Hail\n|-heal|p1a: Landorus|100\/100|[from] item: Leftovers\n|-sideend|p2: UnknownDeviant|move: Aurora Veil\n|upkeep\n|turn|6\n|\n|t:|1667131024\n|switch|p1a: Slowbro|Slowbro, M|100\/100\n|move|p2a: SorrowfulCastaway|Blizzard|p1a: Slowbro\n|-resisted|p1a: Slowbro\n|-damage|p1a: Slowbro|88\/100\n|\n|-weather|Hail|[upkeep]\n|-damage|p1a: Slowbro|82\/100|[from] Hail\n|upkeep\n|turn|7\n|\n|t:|1667131028\n|move|p2a: SorrowfulCastaway|Blizzard|p1a: Slowbro\n|-resisted|p1a: Slowbro\n|-damage|p1a: Slowbro|69\/100\n|move|p1a: Slowbro|Teleport|p1a: Slowbro\n|\n|t:|1667131034\n|switch|p1a: Landorus|Landorus-Therian, M|100\/100|[from]move: Teleport\n|-ability|p1a: Landorus|Intimidate|boost\n|-unboost|p2a: SorrowfulCastaway|atk|1\n|\n|-weather|Hail|[upkeep]\n|-damage|p1a: Landorus|94\/100|[from] Hail\n|-heal|p1a: Landorus|100\/100|[from] item: Leftovers\n|upkeep\n|turn|8\n|\n|t:|1667131038\n|switch|p1a: Slowbro|Slowbro, M|100\/100\n|move|p2a: SorrowfulCastaway|Bolt Beak|p1a: Slowbro\n|-supereffective|p1a: Slowbro\n|-damage|p1a: Slowbro|40\/100\n|\n|-weather|none\n|upkeep\n|turn|9\n|\n|t:|1667131042\n|switch|p1a: Landorus|Landorus-Therian, M|100\/100\n|-ability|p1a: Landorus|Intimidate|boost\n|-unboost|p2a: SorrowfulCastaway|atk|1\n|move|p2a: SorrowfulCastaway|Bolt Beak|p1a: Landorus\n|-immune|p1a: Landorus\n|\n|upkeep\n|turn|10\n|\n|t:|1667131046\n|switch|p2a: SunlitScatter|Landorus-Therian, M, shiny|100\/100\n|-damage|p2a: SunlitScatter|88\/100|[from] Stealth Rock\n|-ability|p2a: SunlitScatter|Intimidate|boost\n|-unboost|p1a: Landorus|atk|1\n|move|p1a: Landorus|Toxic|p2a: SunlitScatter|[miss]\n|-miss|p1a: Landorus|p2a: SunlitScatter\n|\n|-heal|p2a: SunlitScatter|94\/100|[from] item: Leftovers\n|upkeep\n|turn|11\n|\n|t:|1667131051\n|move|p2a: SunlitScatter|Defog|p1a: Landorus\n|-unboost|p1a: Landorus|evasion|1\n|-sideend|p2: UnknownDeviant|Stealth Rock|[from] move: Defog|[of] p2a: SunlitScatter\n|move|p1a: Landorus|U-turn|p2a: SunlitScatter\n|-resisted|p2a: SunlitScatter\n|-crit|p2a: SunlitScatter\n|-damage|p2a: SunlitScatter|78\/100\n|\n|t:|1667131054\n|switch|p1a: Kartana|Kartana|100\/100|[from]move: U-turn\n|\n|-heal|p2a: SunlitScatter|84\/100|[from] item: Leftovers\n|upkeep\n|turn|12\n|inactive|Battle timer is ON: inactive players will automatically lose when time's up. (requested by UnknownDeviant)\n|\n|t:|1667131063\n|switch|p2a: BurstofTerror|Heatran, M|100\/100\n|-item|p2a: BurstofTerror|Air Balloon\n|move|p1a: Kartana|Leaf Blade|p2a: BurstofTerror\n|-resisted|p2a: BurstofTerror\n|-crit|p2a: BurstofTerror\n|-damage|p2a: BurstofTerror|65\/100\n|-enditem|p2a: BurstofTerror|Air Balloon\n|\n|upkeep\n|turn|13\n|\n|t:|1667131066\n|switch|p1a: Landorus|Landorus-Therian, M|100\/100\n|-ability|p1a: Landorus|Intimidate|boost\n|-unboost|p2a: BurstofTerror|atk|1\n|move|p2a: BurstofTerror|Magma Storm|p1a: Landorus\n|-damage|p1a: Landorus|62\/100\n|-activate|p1a: Landorus|move: Magma Storm|[of] p2a: BurstofTerror\n|\n|-heal|p1a: Landorus|68\/100|[from] item: Leftovers\n|-damage|p1a: Landorus|55\/100|[from] move: Magma Storm|[partiallytrapped]\n|upkeep\n|turn|14\n|\n|t:|1667131069\n|switch|p2a: SunlitScatter|Landorus-Therian, M, shiny|84\/100\n|-ability|p2a: SunlitScatter|Intimidate|boost\n|-unboost|p1a: Landorus|atk|1\n|move|p1a: Landorus|Toxic|p2a: SunlitScatter\n|-status|p2a: SunlitScatter|tox\n|\n|-heal|p2a: SunlitScatter|90\/100 tox|[from] item: Leftovers\n|-heal|p1a: Landorus|61\/100|[from] item: Leftovers\n|-damage|p2a: SunlitScatter|84\/100 tox|[from] psn\n|-end|p1a: Landorus|Magma Storm|[partiallytrapped]|[silent]\n|upkeep\n|turn|15\n|\n|t:|1667131072\n|move|p2a: SunlitScatter|U-turn|p1a: Landorus\n|-resisted|p1a: Landorus\n|-damage|p1a: Landorus|50\/100\n|\n|t:|1667131074\n|switch|p2a: GlacialCore|Ninetales-Alola, M, shiny|100\/100|[from]move: U-turn\n|-weather|Hail|[from] ability: Snow Warning|[of] p2a: GlacialCore\n|move|p1a: Landorus|U-turn|p2a: GlacialCore\n|-resisted|p2a: GlacialCore\n|-damage|p2a: GlacialCore|92\/100\n|\n|t:|1667131076\n|switch|p1a: Kartana|Kartana|100\/100|[from]move: U-turn\n|\n|-weather|Hail|[upkeep]\n|-damage|p1a: Kartana|94\/100|[from] Hail\n|upkeep\n|turn|16\n|\n|t:|1667131081\n|move|p1a: Kartana|Smart Strike|p2a: GlacialCore\n|-supereffective|p2a: GlacialCore\n|-damage|p2a: GlacialCore|0 fnt\n|faint|p2a: GlacialCore\n|-ability|p1a: Kartana|Beast Boost|boost\n|-boost|p1a: Kartana|atk|1\n|\n|-weather|Hail|[upkeep]\n|-damage|p1a: Kartana|88\/100|[from] Hail\n|upkeep\n|\n|t:|1667131083\n|switch|p2a: SorrowfulCastaway|Arctozolt, shiny|100\/100\n|turn|17\n|\n|t:|1667131086\n|move|p2a: SorrowfulCastaway|Blizzard|p1a: Kartana\n|-damage|p1a: Kartana|0 fnt\n|faint|p1a: Kartana\n|\n|-weather|Hail|[upkeep]\n|upkeep\n|\n|t:|1667131090\n|switch|p1a: Umbreon|Umbreon, M|100\/100\n|turn|18\n|inactive|UnknownDeviant has 120 seconds left.\n|\n|t:|1667131122\n|move|p2a: SorrowfulCastaway|Blizzard|p1a: Umbreon\n|-crit|p1a: Umbreon\n|-damage|p1a: Umbreon|65\/100\n|move|p1a: Umbreon|Wish|p1a: Umbreon\n|\n|-weather|Hail|[upkeep]\n|-damage|p1a: Umbreon|59\/100|[from] Hail\n|-heal|p1a: Umbreon|65\/100|[from] item: Leftovers\n|upkeep\n|turn|19\n|\n|t:|1667131132\n|move|p1a: Umbreon|Protect|p1a: Umbreon\n|-singleturn|p1a: Umbreon|Protect\n|move|p2a: SorrowfulCastaway|Blizzard|p1a: Umbreon\n|-activate|p1a: Umbreon|move: Protect\n|\n|-weather|Hail|[upkeep]\n|-damage|p1a: Umbreon|59\/100|[from] Hail\n|-heal|p1a: Umbreon|100\/100|[from] move: Wish|[wisher] Umbreon\n|upkeep\n|turn|20\n|inactive|UnknownDeviant has 120 seconds left.\n|\n|t:|1667131148\n|switch|p2a: RefinedWonder|Tapu Fini, shiny|100\/100\n|-fieldstart|move: Misty Terrain|[from] ability: Misty Surge|[of] p2a: RefinedWonder\n|move|p1a: Umbreon|Wish|p1a: Umbreon\n|\n|-weather|Hail|[upkeep]\n|-damage|p2a: RefinedWonder|94\/100|[from] Hail\n|-damage|p1a: Umbreon|94\/100|[from] Hail\n|-heal|p2a: RefinedWonder|100\/100|[from] item: Leftovers\n|-heal|p1a: Umbreon|100\/100|[from] item: Leftovers\n|upkeep\n|turn|21\n|\n|t:|1667131154\n|switch|p1a: Landorus|Landorus-Therian, M|50\/100\n|-ability|p1a: Landorus|Intimidate|boost\n|-unboost|p2a: RefinedWonder|atk|1\n|move|p2a: RefinedWonder|Calm Mind|p2a: RefinedWonder\n|-boost|p2a: RefinedWonder|spa|1\n|-boost|p2a: RefinedWonder|spd|1\n|\n|-weather|Hail|[upkeep]\n|-damage|p2a: RefinedWonder|94\/100|[from] Hail\n|-damage|p1a: Landorus|44\/100|[from] Hail\n|-heal|p1a: Landorus|96\/100|[from] move: Wish|[wisher] Umbreon\n|-heal|p2a: RefinedWonder|100\/100|[from] item: Leftovers\n|-heal|p1a: Landorus|100\/100|[from] item: Leftovers\n|upkeep\n|turn|22\n|\n|t:|1667131163\n|move|p2a: RefinedWonder|Calm Mind|p2a: RefinedWonder\n|-boost|p2a: RefinedWonder|spa|1\n|-boost|p2a: RefinedWonder|spd|1\n|move|p1a: Landorus|U-turn|p2a: RefinedWonder\n|-resisted|p2a: RefinedWonder\n|-damage|p2a: RefinedWonder|93\/100\n|\n|t:|1667131165\n|switch|p1a: Tapu Koko|Tapu Koko|100\/100|[from]move: U-turn\n|-fieldstart|move: Electric Terrain|[from] ability: Electric Surge|[of] p1a: Tapu Koko\n|\n|-weather|none\n|-heal|p2a: RefinedWonder|99\/100|[from] item: Leftovers\n|upkeep\n|turn|23\n|\n|t:|1667131167\n|move|p1a: Tapu Koko|Thunderbolt|p2a: RefinedWonder\n|-supereffective|p2a: RefinedWonder\n|-damage|p2a: RefinedWonder|54\/100\n|move|p2a: RefinedWonder|Draining Kiss|p1a: Tapu Koko\n|-damage|p1a: Tapu Koko|46\/100\n|-heal|p2a: RefinedWonder|91\/100|[from] drain|[of] p1a: Tapu Koko\n|\n|-heal|p2a: RefinedWonder|98\/100|[from] item: Leftovers\n|upkeep\n|turn|24\n|-message|EEEEEvolto forfeited.\n|\n|win|UnknownDeviant\n|raw|EEEEEvolto's rating: 1390 &rarr; <strong>1369<\/strong><br \/>(-21 for losing)\n|raw|UnknownDeviant's rating: 1366 &rarr; <strong>1387<\/strong><br \/>(+21 for winning)\n|l|\u2606EEEEEvolto\n","uploadtime":1667131176,"views":13,"p1id":"eeeeevolto","p2id":"unknowndeviant","formatid":"gen8ou","rating":1369,"private":0,"password":null}