{"id":"gen8nationaldex-1700595605","p1":"FleetFoxxx","p2":"Bugsileus","format":"gen8nationaldex","log":"|j|\u2606FleetFoxxx\n|j|\u2606Bugsileus\n|t:|1667355232\n|gametype|singles\n|player|p1|FleetFoxxx|flannery|\n|player|p2|Bugsileus|bugsy|\n|teamsize|p1|6\n|teamsize|p2|6\n|gen|8\n|tier|[Gen 8] National Dex\n|rule|HP Percentage Mod: HP is shown in percentages\n|rule|Endless Battle Clause: Forcing endless battles is banned\n|rule|OHKO Clause: OHKO moves are banned\n|rule|Evasion Moves Clause: Evasion moves are banned\n|rule|Species Clause: Limit one of each Pok\u00e9mon\n|rule|Dynamax Clause: You cannot dynamax\n|rule|Sleep Clause Mod: Limit one foe put to sleep\n|clearpoke\n|poke|p1|Pinsir, F|\n|poke|p1|Celesteela|\n|poke|p1|Goodra, F|\n|poke|p1|Hydreigon, F|\n|poke|p1|Silvally-*|\n|poke|p1|Runerigus, M|\n|poke|p2|Azelf|\n|poke|p2|Entei|\n|poke|p2|Porygon2|\n|poke|p2|Medicham, F|\n|poke|p2|Vikavolt, F|\n|poke|p2|Kabutops, M|\n|teampreview\n|c|\u2606Bugsileus|glhf!\n|j| DerpyDots\n|j|+111ace111\n|j| yes munchlax\n|j| sh0eshin3\n|c| DerpyDots|heron is playing fleetfox\n|j| pretty rave girl\n|j| evilhanaklaus\n|j| johngalt149\n|j| etbox\n|c| sh0eshin3|let's go bug with two huge prongs\n|c|\u2606FleetFoxxx|gl hf!\n|c|\u2606Bugsileus|hopefully the luckiest porygon alive can save me again\n|j| zoompa\n|j| Hror\n|\n|t:|1667355321\n|start\n|switch|p1a: Silvally|Silvally-Fairy|100\/100\n|switch|p2a: Complexity|Entei|100\/100\n|turn|1\n|\n|t:|1667355361\n|switch|p1a: Goodra|Goodra, F|100\/100\n|move|p2a: Complexity|Curse|p2a: Complexity\n|-unboost|p2a: Complexity|spe|1\n|-boost|p2a: Complexity|atk|1\n|-boost|p2a: Complexity|def|1\n|\n|upkeep\n|turn|2\n|\n|t:|1667355375\n|move|p1a: Goodra|Surf|p2a: Complexity\n|-supereffective|p2a: Complexity\n|-damage|p2a: Complexity|56\/100\n|-enditem|p2a: Complexity|Weakness Policy\n|-boost|p2a: Complexity|atk|2|[from] item: Weakness Policy\n|-boost|p2a: Complexity|spa|2|[from] item: Weakness Policy\n|move|p2a: Complexity|Return|p1a: Goodra\n|-crit|p1a: Goodra\n|-damage|p1a: Goodra|2\/100\n|\n|-heal|p1a: Goodra|8\/100|[from] item: Leftovers\n|upkeep\n|turn|3\n|c| zoompa|\ud83d\udc40\n|c| Hror|is your entei named after the extremely powerful north american dota 2 team that attended TI5?\n|c|\u2606Bugsileus|it is\n|j| sicksickboy\n|\n|t:|1667355456\n|move|p2a: Complexity|Extreme Speed|p1a: Goodra\n|-damage|p1a: Goodra|0 fnt\n|faint|p1a: Goodra\n|\n|upkeep\n|c| sh0eshin3|Cursed\n|c|\u2606Bugsileus|what do you mean my entei set is very normal\n|c|\u2606Bugsileus|get it because it has two normal moves\n|\n|t:|1667355518\n|switch|p1a: Celesteela|Celesteela|100\/100\n|turn|4\n|\n|t:|1667355522\n|move|p2a: Complexity|Sacred Fire|p1a: Celesteela\n|-supereffective|p1a: Celesteela\n|-damage|p1a: Celesteela|0 fnt\n|faint|p1a: Celesteela\n|\n|upkeep\n|\n|t:|1667355531\n|switch|p1a: Silvally|Silvally-Fairy|100\/100\n|turn|5\n|c| sh0eshin3|cursed (not a ghost type)\n|\n|t:|1667355590\n|move|p1a: Silvally|Rock Slide|p2a: Complexity\n|-supereffective|p2a: Complexity\n|-damage|p2a: Complexity|29\/100\n|move|p2a: Complexity|Sacred Fire|p1a: Silvally\n|-damage|p1a: Silvally|0 fnt\n|faint|p1a: Silvally\n|\n|upkeep\n|\n|t:|1667355602\n|switch|p1a: Hydreigon|Hydreigon, F|100\/100\n|turn|6\n|\n|t:|1667355606\n|move|p2a: Complexity|Extreme Speed|p1a: Hydreigon\n|-damage|p1a: Hydreigon|16\/100\n|move|p1a: Hydreigon|Dark Pulse|p2a: Complexity\n|-damage|p2a: Complexity|0 fnt\n|faint|p2a: Complexity\n|\n|upkeep\n|\n|t:|1667355620\n|switch|p2a: eHug|Medicham, F|100\/100\n|turn|7\n|\n|t:|1667355631\n|switch|p1a: Runerigus|Runerigus, M|100\/100\n|detailschange|p2a: eHug|Medicham-Mega, F\n|-mega|p2a: eHug|Medicham|Medichamite\n|move|p2a: eHug|Bullet Punch|p1a: Runerigus\n|-damage|p1a: Runerigus|86\/100\n|-activate|p1a: Runerigus|ability: Wandering Spirit|Pure Power|Wandering Spirit|[of] p2a: eHug\n|\n|-heal|p1a: Runerigus|92\/100|[from] item: Leftovers\n|upkeep\n|turn|8\n|c| sh0eshin3|P U R E\n|c|\u2606Bugsileus|ayo\n|c|\u2606Bugsileus|that is a little spooky\n|c| sh0eshin3|\ud83d\udc7b \ud83e\udea6\n|c| DerpyDots|Wow is medicham from eHug, notable pandego team\n|c| johngalt149|its past spooky time, shoulda played yesterday for that\n|\n|t:|1667355738\n|switch|p2a: ROOT Gaming|Kabutops, M|100\/100\n|move|p1a: Runerigus|Will-O-Wisp|p2a: ROOT Gaming\n|-status|p2a: ROOT Gaming|brn\n|\n|-heal|p1a: Runerigus|98\/100|[from] item: Leftovers\n|-damage|p2a: ROOT Gaming|94\/100 brn|[from] brn\n|upkeep\n|turn|9\n|\n|t:|1667355751\n|move|p2a: ROOT Gaming|Liquidation|p1a: Runerigus\n|-supereffective|p1a: Runerigus\n|-damage|p1a: Runerigus|73\/100\n|move|p1a: Runerigus|Earthquake|p2a: ROOT Gaming\n|-supereffective|p2a: ROOT Gaming\n|-damage|p2a: ROOT Gaming|0 fnt\n|faint|p2a: ROOT Gaming\n|\n|-heal|p1a: Runerigus|79\/100|[from] item: Leftovers\n|upkeep\n|\n|t:|1667355754\n|switch|p2a: OpTic|Vikavolt, F|100\/100\n|turn|10\n|c| johngalt149|unlimited power, go runegrigus\n|\n|t:|1667355784\n|move|p2a: OpTic|Energy Ball|p1a: Runerigus\n|-supereffective|p1a: Runerigus\n|-damage|p1a: Runerigus|23\/100\n|move|p1a: Runerigus|Will-O-Wisp|p2a: OpTic\n|-status|p2a: OpTic|brn\n|\n|-heal|p1a: Runerigus|29\/100|[from] item: Leftovers\n|-damage|p2a: OpTic|94\/100 brn|[from] brn\n|upkeep\n|turn|11\n|c| sh0eshin3|452 atk or more mayhaps\n|c| DerpyDots|rip root gaming deadprezident\n|\n|t:|1667355844\n|move|p2a: OpTic|Energy Ball|p1a: Runerigus\n|-supereffective|p1a: Runerigus\n|-damage|p1a: Runerigus|0 fnt\n|faint|p1a: Runerigus\n|\n|-damage|p2a: OpTic|88\/100 brn|[from] brn\n|upkeep\n|\n|t:|1667355855\n|switch|p1a: Hydreigon|Hydreigon, F|16\/100\n|turn|12\n|\n|t:|1667355872\n|move|p1a: Hydreigon|U-turn|p2a: OpTic\n|-damage|p2a: OpTic|77\/100 brn\n|\n|t:|1667355876\n|switch|p1a: Pinsir|Pinsir, F|100\/100|[from]move: U-turn\n|move|p2a: OpTic|Sticky Web|p1a: Pinsir\n|-sidestart|p1: FleetFoxxx|move: Sticky Web\n|\n|-damage|p2a: OpTic|71\/100 brn|[from] brn\n|upkeep\n|turn|13\n|j| Lavamites\n|\n|t:|1667355989\n|move|p1a: Pinsir|Swords Dance|p1a: Pinsir\n|-boost|p1a: Pinsir|atk|2\n|move|p2a: OpTic|Volt Switch|p1a: Pinsir\n|-damage|p1a: Pinsir|46\/100\n|\n|t:|1667355995\n|switch|p2a: eHug|Medicham-Mega, F|100\/100|[from]move: Volt Switch\n|\n|upkeep\n|turn|14\n|\n|t:|1667356033\n|detailschange|p1a: Pinsir|Pinsir-Mega, F\n|-mega|p1a: Pinsir|Pinsir|Pinsirite\n|move|p2a: eHug|Fake Out|p1a: Pinsir\n|-damage|p1a: Pinsir|19\/100\n|cant|p1a: Pinsir|flinch\n|\n|upkeep\n|turn|15\n|\n|t:|1667356043\n|switch|p2a: OpTic|Vikavolt, F|71\/100 brn\n|move|p1a: Pinsir|Quick Attack|p2a: OpTic\n|-damage|p2a: OpTic|30\/100 brn\n|\n|-damage|p2a: OpTic|24\/100 brn|[from] brn\n|upkeep\n|turn|16\n|\n|t:|1667356060\n|move|p1a: Pinsir|Return|p2a: OpTic\n|-damage|p2a: OpTic|0 fnt\n|faint|p2a: OpTic\n|\n|upkeep\n|\n|t:|1667356064\n|switch|p2a: eHug|Medicham-Mega, F|100\/100\n|turn|17\n|c| yes munchlax|game 2 moment\n|\n|t:|1667356091\n|move|p2a: eHug|Fake Out|p1a: Pinsir\n|-damage|p1a: Pinsir|0 fnt\n|faint|p1a: Pinsir\n|\n|upkeep\n|\n|t:|1667356093\n|switch|p1a: Hydreigon|Hydreigon, F|16\/100\n|turn|18\n|j| LoneWolf32100\n|\n|t:|1667356098\n|move|p2a: eHug|Bullet Punch|p1a: Hydreigon\n|-damage|p1a: Hydreigon|0 fnt\n|faint|p1a: Hydreigon\n|\n|win|Bugsileus\n|c|\u2606Bugsileus|gg!\n","uploadtime":1667356104,"views":11,"p1id":"fleetfoxxx","p2id":"bugsileus","formatid":"gen8nationaldex","rating":0,"private":0,"password":null}