{"id":"gen8vgc2022-1596412765","p1":"badalakazam","p2":"PinkSylvie","format":"gen8vgc2022","log":"|j|\u2606badalakazam\n|j|\u2606PinkSylvie\n|t:|1655242735\n|gametype|doubles\n|player|p1|badalakazam|az|1583\n|player|p2|PinkSylvie|sightseer|1646\n|teamsize|p1|6\n|teamsize|p2|6\n|gen|8\n|tier|[Gen 8] VGC 2022\n|rated|\n|rule|Species Clause: Limit one of each Pok\u00e9mon\n|rule|Item Clause: Limit one of each item\n|clearpoke\n|poke|p1|Dialga, L50|\n|poke|p1|Incineroar, L50, M|\n|poke|p1|Kyogre, L50|\n|poke|p1|Clefairy, L50, M|\n|poke|p1|Rillaboom, L50, M|\n|poke|p1|Tornadus, L50, M|\n|poke|p2|Eternatus, L50|\n|poke|p2|Ho-Oh, L50|\n|poke|p2|Clefairy, L50, F|\n|poke|p2|Alcremie, L50, F|\n|poke|p2|Quagsire, L50, M|\n|poke|p2|Shedinja, L50|\n|teampreview|4\n|c|\u2606badalakazam|:''\"edd\n|inactive|Battle timer is ON: inactive players will automatically lose when time's up. (requested by PinkSylvie)\n|\n|t:|1655242786\n|start\n|switch|p1a: Kyogre|Kyogre, L50|100\/100\n|switch|p1b: Rillaboom|Rillaboom, L50, M|100\/100\n|switch|p2a: Clefairy|Clefairy, L50, F|100\/100\n|switch|p2b: Eternatus|Eternatus, L50|100\/100\n|-ability|p2b: Eternatus|Pressure\n|-weather|RainDance|[from] ability: Drizzle|[of] p1a: Kyogre\n|-fieldstart|move: Grassy Terrain|[from] ability: Grassy Surge|[of] p1b: Rillaboom\n|turn|1\n|\n|t:|1655242809\n|switch|p2b: Shedinja|Shedinja, L50|100\/100\n|move|p1b: Rillaboom|Protect|p1b: Rillaboom\n|-singleturn|p1b: Rillaboom|Protect\n|move|p2a: Clefairy|Protect|p2a: Clefairy\n|-singleturn|p2a: Clefairy|Protect\n|move|p1a: Kyogre|Origin Pulse|p2b: Shedinja|[spread] \n|-activate|p2a: Clefairy|move: Protect\n|-immune|p2b: Shedinja|[from] ability: Wonder Guard\n|\n|-weather|RainDance|[upkeep]\n|upkeep\n|turn|2\n|j| testt123\n|\n|t:|1655242829\n|move|p2b: Shedinja|Shadow Sneak|p1a: Kyogre\n|-crit|p1a: Kyogre\n|-damage|p1a: Kyogre|74\/100\n|move|p1a: Kyogre|Origin Pulse|p2a: Clefairy|[spread] p2a\n|-immune|p2b: Shedinja|[from] ability: Wonder Guard\n|-damage|p2a: Clefairy|42\/100\n|move|p1b: Rillaboom|Knock Off|p2b: Shedinja\n|-supereffective|p2b: Shedinja\n|-damage|p2b: Shedinja|0 fnt\n|-enditem|p2b: Shedinja|Safety Goggles|[from] move: Knock Off|[of] p1b: Rillaboom\n|faint|p2b: Shedinja\n|move|p2a: Clefairy|Sing|p1b: Rillaboom\n|-status|p1b: Rillaboom|slp|[from] move: Sing\n|\n|-weather|RainDance|[upkeep]\n|-heal|p1a: Kyogre|79\/100|[from] Grassy Terrain\n|-heal|p2a: Clefairy|49\/100|[from] Grassy Terrain\n|upkeep\n|\n|t:|1655242838\n|switch|p2b: Eternatus|Eternatus, L50|100\/100\n|-ability|p2b: Eternatus|Pressure\n|turn|3\n|c|\u2606badalakazam|god\n|\n|t:|1655242855\n|move|p2a: Clefairy|Protect|p2a: Clefairy\n|-singleturn|p2a: Clefairy|Protect\n|cant|p1b: Rillaboom|slp\n|move|p2b: Eternatus|Cosmic Power|p2b: Eternatus\n|-boost|p2b: Eternatus|def|1\n|-boost|p2b: Eternatus|spd|1\n|move|p1a: Kyogre|Origin Pulse|p2a: Clefairy|[spread] p2b\n|-activate|p2a: Clefairy|move: Protect\n|-resisted|p2b: Eternatus\n|-damage|p2b: Eternatus|89\/100\n|\n|-weather|RainDance|[upkeep]\n|-heal|p2b: Eternatus|95\/100|[from] Grassy Terrain\n|-heal|p2b: Eternatus|100\/100|[from] item: Black Sludge\n|-heal|p1a: Kyogre|85\/100|[from] Grassy Terrain\n|-heal|p2a: Clefairy|55\/100|[from] Grassy Terrain\n|upkeep\n|turn|4\n|\n|t:|1655242868\n|switch|p1a: Dialga|Dialga, L50|100\/100\n|-ability|p1a: Dialga|Pressure\n|cant|p1b: Rillaboom|slp\n|move|p2b: Eternatus|Toxic|p1a: Dialga\n|-immune|p1a: Dialga\n|move|p2a: Clefairy|Sing|p1a: Dialga\n|-status|p1a: Dialga|slp|[from] move: Sing\n|\n|-weather|RainDance|[upkeep]\n|-heal|p2a: Clefairy|61\/100|[from] Grassy Terrain\n|upkeep\n|turn|5\n|\n|t:|1655242880\n|cant|p1b: Rillaboom|slp\n|move|p2b: Eternatus|Cosmic Power|p2b: Eternatus\n|-boost|p2b: Eternatus|def|1\n|-boost|p2b: Eternatus|spd|1\n|cant|p1a: Dialga|slp\n|move|p2a: Clefairy|Life Dew||[still]|[spread] p2a,p2b\n|-heal|p2a: Clefairy|86\/100\n|-fail|p2b: Eternatus|heal\n|\n|-weather|none\n|-heal|p2a: Clefairy|92\/100|[from] Grassy Terrain\n|-fieldend|move: Grassy Terrain\n|upkeep\n|turn|6\n|\n|t:|1655242890\n|switch|p2a: Ho-Oh|Ho-Oh, L50|100\/100\n|-ability|p2a: Ho-Oh|Pressure\n|-start|p1b: Rillaboom|Dynamax|Gmax\n|-heal|p1b: Rillaboom|100\/100 slp|[silent]\n|move|p2b: Eternatus|Cosmic Power|p2b: Eternatus\n|-boost|p2b: Eternatus|def|1\n|-boost|p2b: Eternatus|spd|1\n|-curestatus|p1b: Rillaboom|slp|[msg]\n|move|p1b: Rillaboom|G-Max Drum Solo|p2a: Ho-Oh\n|-resisted|p2a: Ho-Oh\n|-damage|p2a: Ho-Oh|85\/100\n|cant|p1a: Dialga|slp\n|\n|upkeep\n|turn|7\n|\n|t:|1655242901\n|move|p2b: Eternatus|Toxic|p1b: Rillaboom\n|-status|p1b: Rillaboom|tox\n|move|p2a: Ho-Oh|Calm Mind|p2a: Ho-Oh\n|-boost|p2a: Ho-Oh|spa|1\n|-boost|p2a: Ho-Oh|spd|1\n|move|p1b: Rillaboom|Max Quake|p2b: Eternatus\n|-supereffective|p2b: Eternatus\n|-damage|p2b: Eternatus|73\/100\n|-boost|p1a: Dialga|spd|1\n|-boost|p1b: Rillaboom|spd|1\n|cant|p1a: Dialga|slp\n|\n|-heal|p2b: Eternatus|79\/100|[from] item: Black Sludge\n|-damage|p1b: Rillaboom|98\/100 tox|[from] psn\n|upkeep\n|turn|8\n|\n|t:|1655242923\n|-start|p2a: Ho-Oh|Dynamax|\n|-heal|p2a: Ho-Oh|85\/100|[silent]\n|move|p2b: Eternatus|Cosmic Power|p2b: Eternatus\n|-boost|p2b: Eternatus|def|1\n|-boost|p2b: Eternatus|spd|1\n|move|p2a: Ho-Oh|Max Flare|p1b: Rillaboom\n|-supereffective|p1b: Rillaboom\n|-crit|p1b: Rillaboom\n|-damage|p1b: Rillaboom|0 fnt\n|-weather|SunnyDay\n|faint|p1b: Rillaboom\n|-curestatus|p1a: Dialga|slp|[msg]\n|move|p1a: Dialga|Trick Room|p1a: Dialga\n|-fieldstart|move: Trick Room|[of] p1a: Dialga\n|\n|-weather|SunnyDay|[upkeep]\n|-heal|p2b: Eternatus|85\/100|[from] item: Black Sludge\n|upkeep\n|c|\u2606badalakazam|wwwwaaaaaw\n|\n|t:|1655242937\n|switch|p1b: Incineroar|Incineroar, L50, M|100\/100\n|-ability|p1b: Incineroar|Intimidate|boost\n|-unboost|p2a: Ho-Oh|atk|1\n|-unboost|p2b: Eternatus|atk|1\n|turn|9\n|\n|t:|1655242946\n|move|p1b: Incineroar|Bulldoze|p2b: Eternatus|[spread] p1a,p2b\n|-immune|p2a: Ho-Oh\n|-supereffective|p1a: Dialga\n|-supereffective|p2b: Eternatus\n|-damage|p1a: Dialga|83\/100\n|-damage|p2b: Eternatus|79\/100\n|-unboost|p1a: Dialga|spe|1\n|-unboost|p2b: Eternatus|spe|1\n|-enditem|p1a: Dialga|Weakness Policy\n|-boost|p1a: Dialga|atk|2|[from] item: Weakness Policy\n|-boost|p1a: Dialga|spa|2|[from] item: Weakness Policy\n|move|p1a: Dialga|Roar of Time|p2b: Eternatus\n|-supereffective|p2b: Eternatus\n|-damage|p2b: Eternatus|0 fnt\n|-mustrecharge|p1a: Dialga\n|faint|p2b: Eternatus\n|move|p2a: Ho-Oh|Max Flare|p1a: Dialga\n|-damage|p1a: Dialga|17\/100\n|\n|-weather|SunnyDay|[upkeep]\n|upkeep\n|\n|t:|1655242962\n|switch|p2b: Clefairy|Clefairy, L50, F|92\/100\n|turn|10\n|\n|t:|1655242974\n|move|p2b: Clefairy|Sing|p1a: Dialga|[miss]\n|-miss|p2b: Clefairy|p1a: Dialga\n|cant|p1a: Dialga|recharge\n|move|p1b: Incineroar|Flare Blitz|p2b: Clefairy\n|-damage|p2b: Clefairy|0 fnt\n|faint|p2b: Clefairy\n|-damage|p1b: Incineroar|74\/100|[from] Recoil\n|move|p2a: Ho-Oh|Max Airstream|p1b: Incineroar\n|-damage|p1b: Incineroar|10\/100\n|-boost|p2a: Ho-Oh|spe|1\n|\n|-weather|SunnyDay|[upkeep]\n|upkeep\n|-end|p2a: Ho-Oh|Dynamax\n|-heal|p2a: Ho-Oh|85\/100|[silent]\n|turn|11\n|j| LegendaryAlchemist\n|\n|t:|1655242994\n|move|p1a: Dialga|Roar of Time|p2a: Ho-Oh\n|-damage|p2a: Ho-Oh|16\/100\n|-mustrecharge|p1a: Dialga\n|move|p1b: Incineroar|Parting Shot|p2a: Ho-Oh\n|-unboost|p2a: Ho-Oh|atk|1\n|-unboost|p2a: Ho-Oh|spa|1\n|\n|t:|1655242998\n|switch|p1b: Kyogre|Kyogre, L50|85\/100|[from]move: Parting Shot\n|-weather|RainDance|[from] ability: Drizzle|[of] p1b: Kyogre\n|move|p2a: Ho-Oh|Calm Mind|p2a: Ho-Oh\n|-boost|p2a: Ho-Oh|spa|1\n|-boost|p2a: Ho-Oh|spd|1\n|\n|-weather|RainDance|[upkeep]\n|upkeep\n|turn|12\n|\n|t:|1655243007\n|cant|p1a: Dialga|recharge\n|move|p1b: Kyogre|Water Spout|p2a: Ho-Oh\n|-supereffective|p2a: Ho-Oh\n|-damage|p2a: Ho-Oh|0 fnt\n|faint|p2a: Ho-Oh\n|\n|win|badalakazam\n|raw|badalakazam's rating: 1583 &rarr; <strong>1607<\/strong><br \/>(+24 for winning)\n|raw|PinkSylvie's rating: 1646 &rarr; <strong>1622<\/strong><br \/>(-24 for losing)\n|l|\u2606PinkSylvie\n|l| LegendaryAlchemist\n|l| testt123\n||Ladder isn't responding, score probably updated but might not have (Request timeout).\n","uploadtime":1655243176,"views":12,"p1id":"badalakazam","p2id":"pinksylvie","formatid":"gen8vgc2022","rating":1607,"private":0,"password":null}