{"id":"gen8nationaldex-1576737823","p1":"NhatVN","p2":"Sir Fresh","format":"gen8nationaldex","log":"|j|\u2606NhatVN\n|j|\u2606Sir Fresh\n|t:|1652794100\n|gametype|singles\n|player|p1|NhatVN|hapu|\n|player|p2|Sir Fresh|palmer|\n|teamsize|p1|6\n|teamsize|p2|6\n|gen|8\n|tier|[Gen 8] National Dex\n|rule|HP Percentage Mod: HP is shown in percentages\n|rule|Endless Battle Clause: Forcing endless battles is banned\n|rule|OHKO Clause: OHKO moves are banned\n|rule|Evasion Moves Clause: Evasion moves are banned\n|rule|Species Clause: Limit one of each Pok\u00e9mon\n|rule|Dynamax Clause: You cannot dynamax\n|rule|Sleep Clause Mod: Limit one foe put to sleep\n|clearpoke\n|poke|p1|Typhlosion, M|\n|poke|p1|Lanturn, M|\n|poke|p1|Feraligatr, F|\n|poke|p1|Espeon, M|\n|poke|p1|Scizor, F|\n|poke|p1|Raikou|\n|poke|p2|Skarmory, M|\n|poke|p2|Umbreon, M|\n|poke|p2|Feraligatr, M|\n|poke|p2|Gligar, M|\n|poke|p2|Typhlosion, M|\n|poke|p2|Ampharos, F|\n|teampreview\n|c|\u2606Sir Fresh|Glhf\n|c|\u2606NhatVN|glhf\n|\n|t:|1652794116\n|start\n|switch|p1a: WHERE FIRE|Typhlosion, M|100\/100\n|switch|p2a: Ampharos|Ampharos, F|100\/100\n|turn|1\n|\n|t:|1652794127\n|switch|p1a: THICC ASS|Feraligatr, F|100\/100\n|detailschange|p2a: Ampharos|Ampharos-Mega, F\n|-mega|p2a: Ampharos|Ampharos|Ampharosite\n|-ability|p2a: Ampharos|Mold Breaker\n|move|p2a: Ampharos|Dragon Pulse|p1a: THICC ASS\n|-damage|p1a: THICC ASS|23\/100\n|\n|-heal|p1a: THICC ASS|29\/100|[from] item: Leftovers\n|upkeep\n|turn|2\n|\n|t:|1652794159\n|move|p1a: THICC ASS|Crunch|p2a: Ampharos\n|-damage|p2a: Ampharos|73\/100\n|move|p2a: Ampharos|Dragon Pulse|p1a: THICC ASS\n|-damage|p1a: THICC ASS|0 fnt\n|faint|p1a: THICC ASS\n|\n|upkeep\n|\n|t:|1652794168\n|switch|p1a: PLS USE HAZARD|Espeon, M|100\/100\n|turn|3\n|\n|t:|1652794172\n|move|p1a: PLS USE HAZARD|Calm Mind|p1a: PLS USE HAZARD\n|-boost|p1a: PLS USE HAZARD|spa|1\n|-boost|p1a: PLS USE HAZARD|spd|1\n|move|p2a: Ampharos|Volt Switch|p1a: PLS USE HAZARD\n|-damage|p1a: PLS USE HAZARD|60\/100\n|\n|t:|1652794176\n|switch|p2a: Gligar|Gligar, M|100\/100|[from]move: Volt Switch\n|\n|-heal|p1a: PLS USE HAZARD|66\/100|[from] item: Leftovers\n|upkeep\n|turn|4\n|\n|t:|1652794181\n|move|p1a: PLS USE HAZARD|Morning Sun|p1a: PLS USE HAZARD\n|-heal|p1a: PLS USE HAZARD|100\/100\n|move|p2a: Gligar|Knock Off|p1a: PLS USE HAZARD\n|-supereffective|p1a: PLS USE HAZARD\n|-damage|p1a: PLS USE HAZARD|32\/100\n|-enditem|p1a: PLS USE HAZARD|Leftovers|[from] move: Knock Off|[of] p2a: Gligar\n|\n|upkeep\n|turn|5\n|\n|t:|1652794191\n|switch|p2a: Umbreon|Umbreon, M|100\/100\n|move|p1a: PLS USE HAZARD|Morning Sun|p1a: PLS USE HAZARD\n|-heal|p1a: PLS USE HAZARD|82\/100\n|\n|upkeep\n|turn|6\n|\n|t:|1652794195\n|move|p1a: PLS USE HAZARD|Calm Mind|p1a: PLS USE HAZARD\n|-boost|p1a: PLS USE HAZARD|spa|1\n|-boost|p1a: PLS USE HAZARD|spd|1\n|move|p2a: Umbreon|Foul Play|p1a: PLS USE HAZARD\n|-supereffective|p1a: PLS USE HAZARD\n|-damage|p1a: PLS USE HAZARD|15\/100\n|\n|upkeep\n|turn|7\n|\n|t:|1652794204\n|move|p1a: PLS USE HAZARD|Morning Sun|p1a: PLS USE HAZARD\n|-heal|p1a: PLS USE HAZARD|64\/100\n|move|p2a: Umbreon|Foul Play|p1a: PLS USE HAZARD\n|-supereffective|p1a: PLS USE HAZARD\n|-damage|p1a: PLS USE HAZARD|0 fnt\n|faint|p1a: PLS USE HAZARD\n|\n|upkeep\n|\n|t:|1652794209\n|switch|p1a: IRON MAN|Scizor, F|100\/100\n|turn|8\n|\n|t:|1652794213\n|switch|p2a: Skarmory|Skarmory, M|100\/100\n|detailschange|p1a: IRON MAN|Scizor-Mega, F\n|-mega|p1a: IRON MAN|Scizor|Scizorite\n|move|p1a: IRON MAN|Swords Dance|p1a: IRON MAN\n|-boost|p1a: IRON MAN|atk|2\n|\n|upkeep\n|turn|9\n|\n|t:|1652794221\n|move|p1a: IRON MAN|Superpower|p2a: Skarmory\n|-damage|p2a: Skarmory|58\/100\n|-unboost|p1a: IRON MAN|atk|1\n|-unboost|p1a: IRON MAN|def|1\n|-damage|p1a: IRON MAN|84\/100|[from] item: Rocky Helmet|[of] p2a: Skarmory\n|move|p2a: Skarmory|Iron Defense|p2a: Skarmory\n|-boost|p2a: Skarmory|def|2\n|\n|upkeep\n|turn|10\n|\n|t:|1652794230\n|switch|p1a: WHERE FIRE|Typhlosion, M|100\/100\n|move|p2a: Skarmory|Body Press|p1a: WHERE FIRE\n|-damage|p1a: WHERE FIRE|7\/100\n|\n|upkeep\n|turn|11\n|\n|t:|1652794235\n|switch|p2a: Gligar|Gligar, M|100\/100\n|move|p1a: WHERE FIRE|Flamethrower|p2a: Gligar\n|-damage|p2a: Gligar|62\/100\n|-status|p2a: Gligar|brn\n|\n|-damage|p2a: Gligar|56\/100 brn|[from] brn\n|upkeep\n|turn|12\n|\n|t:|1652794241\n|switch|p1a: IRON MAN|Scizor-Mega, F|84\/100\n|move|p2a: Gligar|Stealth Rock|p1a: IRON MAN\n|-sidestart|p1: NhatVN|move: Stealth Rock\n|\n|-damage|p2a: Gligar|50\/100 brn|[from] brn\n|upkeep\n|turn|13\n|\n|t:|1652794247\n|switch|p2a: Typhlosion|Typhlosion, M|100\/100\n|move|p1a: IRON MAN|Swords Dance|p1a: IRON MAN\n|-boost|p1a: IRON MAN|atk|2\n|\n|upkeep\n|turn|14\n|\n|t:|1652794254\n|move|p2a: Typhlosion|Flamethrower|p1a: IRON MAN\n|-supereffective|p1a: IRON MAN\n|-damage|p1a: IRON MAN|0 fnt\n|faint|p1a: IRON MAN\n|\n|upkeep\n|\n|t:|1652794262\n|switch|p1a: Lanturn|Lanturn, M|100\/100\n|-damage|p1a: Lanturn|88\/100|[from] Stealth Rock\n|turn|15\n|\n|t:|1652794268\n|switch|p2a: Gligar|Gligar, M|50\/100 brn\n|move|p1a: Lanturn|Scald|p2a: Gligar\n|-supereffective|p2a: Gligar\n|-damage|p2a: Gligar|0 fnt\n|faint|p2a: Gligar\n|\n|-heal|p1a: Lanturn|94\/100|[from] item: Leftovers\n|upkeep\n|\n|t:|1652794283\n|switch|p2a: Ampharos|Ampharos-Mega, F|73\/100\n|-ability|p2a: Ampharos|Mold Breaker\n|turn|16\n|\n|t:|1652794308\n|switch|p1a: WHERE FIRE|Typhlosion, M|7\/100\n|-damage|p1a: WHERE FIRE|0 fnt|[from] Stealth Rock\n|faint|p1a: WHERE FIRE\n|move|p2a: Ampharos|Hidden Power|p1: WHERE FIRE|[notarget]\n|-fail|p2a: Ampharos\n|\n|upkeep\n|\n|t:|1652794310\n|switch|p1a: MINATO|Raikou|100\/100\n|-damage|p1a: MINATO|88\/100|[from] Stealth Rock\n|turn|17\n|\n|t:|1652794314\n|move|p1a: MINATO|Aura Sphere|p2a: Ampharos\n|-damage|p2a: Ampharos|46\/100\n|-damage|p1a: MINATO|78\/100|[from] item: Life Orb\n|move|p2a: Ampharos|Dragon Pulse|p1a: MINATO\n|-damage|p1a: MINATO|12\/100\n|\n|upkeep\n|turn|18\n|\n|t:|1652794321\n|move|p1a: MINATO|Aura Sphere|p2a: Ampharos\n|-damage|p2a: Ampharos|19\/100\n|-damage|p1a: MINATO|2\/100|[from] item: Life Orb\n|move|p2a: Ampharos|Dragon Pulse|p1a: MINATO\n|-damage|p1a: MINATO|0 fnt\n|faint|p1a: MINATO\n|\n|upkeep\n|\n|t:|1652794323\n|switch|p1a: Lanturn|Lanturn, M|94\/100\n|-damage|p1a: Lanturn|82\/100|[from] Stealth Rock\n|turn|19\n|\n|t:|1652794336\n|move|p1a: Lanturn|Scald|p2a: Ampharos\n|-resisted|p2a: Ampharos\n|-damage|p2a: Ampharos|5\/100\n|move|p2a: Ampharos|Hidden Power|p1a: Lanturn\n|-supereffective|p1a: Lanturn\n|-crit|p1a: Lanturn\n|-damage|p1a: Lanturn|9\/100\n|\n|-heal|p1a: Lanturn|15\/100|[from] item: Leftovers\n|upkeep\n|turn|20\n|\n|t:|1652794343\n|move|p1a: Lanturn|Scald|p2a: Ampharos\n|-resisted|p2a: Ampharos\n|-damage|p2a: Ampharos|0 fnt\n|faint|p2a: Ampharos\n|\n|-heal|p1a: Lanturn|22\/100|[from] item: Leftovers\n|upkeep\n|\n|t:|1652794345\n|switch|p2a: Typhlosion|Typhlosion, M|100\/100\n|turn|21\n|\n|t:|1652794349\n|move|p2a: Typhlosion|Hidden Power|p1a: Lanturn\n|-supereffective|p1a: Lanturn\n|-damage|p1a: Lanturn|0 fnt\n|faint|p1a: Lanturn\n|\n|win|Sir Fresh\n|c|\u2606Sir Fresh|Gg\n|c|\u2606NhatVN|gg\n","uploadtime":1652794355,"views":12,"p1id":"nhatvn","p2id":"sirfresh","formatid":"gen8nationaldex","rating":0,"private":0,"password":null}