{"id":"gen8randombattlemayhem-1669144441","p1":"Tawny mauve","p2":"AlphaTherai","format":"gen8randombattlemayhem","log":"|j|\u2606Tawny mauve\n|j|\u2606AlphaTherai\n|t:|1664023121\n|gametype|singles\n|player|p1|Tawny mauve|lucas|\n|player|p2|AlphaTherai|lucas-gen4pt|\n|teamsize|p1|6\n|teamsize|p2|6\n|gen|8\n|tier|[Gen 8] Random Battle Mayhem\n|rule|Species Clause: Limit one of each Pok\u00e9mon\n|rule|HP Percentage Mod: HP is shown in percentages\n|rule|Sleep Clause Mod: Limit one foe put to sleep\n|rule|Dynamax Clause: You cannot dynamax\n|rule|Camomons Mod: Pok\u00e9mon have their types set to match their first two moves.\n|rule|Inverse Mod: Weaknesses become resistances, while resistances and immunities become weaknesses.\n|rule|Scalemons Mod: Every Pokemon's stats, barring HP, are scaled to come as close to a BST of 600 as possible\n|clearpoke\n|poke|p1|Bellossom, L88, F|\n|poke|p1|Celebi, L84|\n|poke|p1|Zekrom, L74|\n|poke|p1|Bewear, L85, F|\n|poke|p1|Mandibuzz, L82, F|\n|poke|p1|Articuno-Galar, L88|\n|poke|p2|Latios, L81, M|\n|poke|p2|Thievul, L88, M|\n|poke|p2|Zygarde-10%, L82|\n|poke|p2|Mew, L80|\n|poke|p2|Spectrier, L76|\n|poke|p2|Aromatisse, L88, F|\n|teampreview\n|c|\u2606Tawny mauve|eyo\n|c|\u2606Tawny mauve|bro brought the horse to a friendly?\n|c|\u2606AlphaTherai|HAHAHAAHA\n|c|\u2606AlphaTherai|OH MY GOD\n|c|\u2606AlphaTherai|ITS GHOST NORMAL\n|c|\u2606AlphaTherai|HHAHAHAHAHAHAHAHAHAHAHAHA\n|\n|t:|1664023187\n|start\n|switch|p1a: Bewear|Bewear, L85, F|343\/343\n|switch|p2a: Thievul|Thievul, L88, M|266\/266\n|-start|p2a: Thievul|typechange|Dark|[silent]\n|-start|p1a: Bewear|typechange|Normal\/Ice|[silent]\n|-start|p1a: Bewear|typechange|Normal\/Ice|[silent]\n|turn|1\n|\n|t:|1664023196\n|switch|p1a: Articuno|Articuno-Galar, L88|302\/302\n|-start|p1a: Articuno|typechange|Normal\/Psychic|[silent]\n|move|p2a: Thievul|Parting Shot|p1a: Articuno\n|-unboost|p1a: Articuno|atk|1\n|-ability|p1a: Articuno|Competitive\n|-boost|p1a: Articuno|spa|2\n|-unboost|p1a: Articuno|spa|1\n|-ability|p1a: Articuno|Competitive\n|-boost|p1a: Articuno|spa|2\n|c|\u2606AlphaTherai|gago ka\n|c|\u2606Tawny mauve|YOOOOOOOOOOOOOOOOO\n|\n|t:|1664023238\n|switch|p2a: Latios|Latios, L81, M|262\/262\n|-start|p2a: Latios|typechange|Fire\/Dragon|[silent]\n|\n|upkeep\n|-start|p1a: Articuno|typechange|Normal\/Psychic|[silent]\n|-start|p2a: Latios|typechange|Fire\/Dragon|[silent]\n|turn|2\n|\n|t:|1664023245\n|move|p2a: Latios|Psyshock|p1a: Articuno\n|-supereffective|p1a: Articuno\n|-damage|p1a: Articuno|122\/302\n|move|p1a: Articuno|Freezing Glare|p2a: Latios\n|-damage|p2a: Latios|0 fnt\n|faint|p2a: Latios\n|\n|upkeep\n|c|\u2606Tawny mauve|TOO SHIESTY\n|\n|t:|1664023256\n|switch|p2a: Spectrier|Spectrier, L76|277\/277\n|-start|p2a: Spectrier|typechange|Ghost\/Normal|[silent]\n|-start|p2a: Spectrier|typechange|Ghost\/Normal|[silent]\n|turn|3\n|\n|t:|1664023262\n|move|p2a: Spectrier|Substitute|p2a: Spectrier\n|-start|p2a: Spectrier|Substitute\n|-damage|p2a: Spectrier|208\/277\n|move|p1a: Articuno|Freezing Glare|p2a: Spectrier\n|-end|p2a: Spectrier|Substitute\n|\n|-heal|p2a: Spectrier|225\/277|[from] item: Leftovers\n|upkeep\n|turn|4\n|\n|t:|1664023268\n|move|p2a: Spectrier|Shadow Ball|p1a: Articuno\n|-damage|p1a: Articuno|37\/302\n|-unboost|p1a: Articuno|spd|1\n|-ability|p1a: Articuno|Competitive\n|-boost|p1a: Articuno|spa|2\n|move|p1a: Articuno|Freezing Glare|p2a: Spectrier\n|-damage|p2a: Spectrier|0 fnt\n|faint|p2a: Spectrier\n|\n|upkeep\n|c|\u2606AlphaTherai|haghaqhga GHAQHOAG AOUHGAOUPG [Ouiagioh[oahgahauog[u8oH'\\\n|\n|t:|1664023281\n|switch|p2a: Zygarde|Zygarde-10%, L82|223\/223\n|-start|p2a: Zygarde|typechange|Ground\/Normal|[silent]\n|-ability|p2a: Zygarde|Aura Break\n|-start|p2a: Zygarde|typechange|Ground\/Normal|[silent]\n|turn|5\n|\n|t:|1664023287\n|move|p2a: Zygarde|Extreme Speed|p1a: Articuno\n|-damage|p1a: Articuno|0 fnt\n|faint|p1a: Articuno\n|-ability|p2a: Zygarde|Grim Neigh|boost\n|-boost|p2a: Zygarde|spa|1\n|-damage|p2a: Zygarde|201\/223|[from] item: Life Orb\n|\n|upkeep\n|\n|t:|1664023293\n|switch|p1a: Bewear|Bewear, L85, F|343\/343\n|-start|p1a: Bewear|typechange|Normal\/Ice|[silent]\n|-start|p1a: Bewear|typechange|Normal\/Ice|[silent]\n|turn|6\n|\n|t:|1664023299\n|move|p2a: Zygarde|Outrage|p1a: Bewear\n|-crit|p1a: Bewear\n|-damage|p1a: Bewear|249\/343\n|-damage|p2a: Zygarde|179\/223|[from] item: Life Orb\n|move|p1a: Bewear|Double-Edge|p2a: Zygarde\n|-damage|p2a: Zygarde|0 fnt\n|faint|p2a: Zygarde\n|-damage|p1a: Bewear|190\/343|[from] Recoil\n|-damage|p1a: Bewear|156\/343|[from] item: Life Orb\n|\n|upkeep\n|\n|t:|1664023306\n|switch|p2a: Mew|Mew, L80|291\/291\n|-ability|p2a: Mew|Aura Break\n|-start|p2a: Mew|typechange|Fire\/Psychic|[silent]\n|-start|p2a: Mew|typechange|Fire\/Psychic|[silent]\n|turn|7\n|\n|t:|1664023310\n|move|p2a: Mew|Psychic|p1a: Bewear\n|-damage|p1a: Bewear|60\/343\n|move|p1a: Bewear|Ice Punch|p2a: Mew\n|-supereffective|p2a: Mew\n|-damage|p2a: Mew|2\/291\n|-damage|p1a: Bewear|26\/343|[from] item: Life Orb\n|\n|-heal|p2a: Mew|20\/291|[from] item: Leftovers\n|upkeep\n|turn|8\n|c|\u2606Tawny mauve|secret sash mew\n|\n|t:|1664023319\n|move|p2a: Mew|Psychic|p1a: Bewear\n|-damage|p1a: Bewear|0 fnt\n|faint|p1a: Bewear\n|-ability|p2a: Mew|Grim Neigh|boost\n|-boost|p2a: Mew|spa|1\n|\n|-heal|p2a: Mew|38\/291|[from] item: Leftovers\n|upkeep\n|c|\u2606AlphaTherai|GRIM NEIGH MEW\n|\n|t:|1664023333\n|switch|p1a: Bellossom|Bellossom, L88, F|275\/275\n|-start|p1a: Bellossom|typechange|Grass|[silent]\n|turn|9\n|c|\u2606AlphaTherai|LETS GO\n|\n|t:|1664023338\n|move|p2a: Mew|Roost|p2a: Mew\n|-heal|p2a: Mew|184\/291\n|-singleturn|p2a: Mew|move: Roost\n|move|p1a: Bellossom|Quiver Dance|p1a: Bellossom\n|-boost|p1a: Bellossom|spa|1\n|-boost|p1a: Bellossom|spd|1\n|-boost|p1a: Bellossom|spe|1\n|\n|-heal|p2a: Mew|202\/291|[from] item: Leftovers\n|upkeep\n|turn|10\n|\n|t:|1664023343\n|move|p1a: Bellossom|Quiver Dance|p1a: Bellossom\n|-boost|p1a: Bellossom|spa|1\n|-boost|p1a: Bellossom|spd|1\n|-boost|p1a: Bellossom|spe|1\n|move|p2a: Mew|Psychic|p1a: Bellossom\n|-damage|p1a: Bellossom|224\/275\n|\n|-heal|p1a: Bellossom|241\/275|[from] item: Leftovers\n|-heal|p2a: Mew|220\/291|[from] item: Leftovers\n|upkeep\n|turn|11\n|c|\u2606AlphaTherai|ok gg\n|c|\u2606Tawny mauve|ggs\n|-message|AlphaTherai forfeited.\n|\n|win|Tawny mauve\n","uploadtime":1664023360,"views":9,"p1id":"tawnymauve","p2id":"alphatherai","formatid":"gen8randombattlemayhem","rating":0,"private":0,"password":null}