{"id":"gen8ou-1586471811","p1":"Pierdeligasx3","p2":"kokoukohiro","format":"gen8ou","log":"|j|\u2606Pierdeligasx3\n|j|\u2606kokoukohiro\n|t:|1654008482\n|gametype|singles\n|player|p1|Pierdeligasx3|drayden|1482\n|player|p2|kokoukohiro|dawn|1519\n|teamsize|p1|6\n|teamsize|p2|6\n|gen|8\n|tier|[Gen 8] OU\n|rated|\n|rule|Sleep Clause Mod: Limit one foe put to sleep\n|rule|Species Clause: Limit one of each Pok\u00e9mon\n|rule|OHKO Clause: OHKO moves are banned\n|rule|Evasion Moves Clause: Evasion moves are banned\n|rule|Endless Battle Clause: Forcing endless battles is banned\n|rule|HP Percentage Mod: HP is shown in percentages\n|rule|Dynamax Clause: You cannot dynamax\n|clearpoke\n|poke|p1|Hippowdon, F|\n|poke|p1|Dracozolt|\n|poke|p1|Ferrothorn, F|\n|poke|p1|Tapu Fini|\n|poke|p1|Excadrill, F|\n|poke|p1|Zapdos-Galar|\n|poke|p2|Shedinja|\n|poke|p2|Quagsire, F|\n|poke|p2|Clefable, F|\n|poke|p2|Blissey, F|\n|poke|p2|Toxapex, M|\n|poke|p2|Skarmory, F|\n|teampreview\n|inactive|Battle timer is ON: inactive players will automatically lose when time's up. (requested by kokoukohiro)\n|\n|t:|1654008492\n|start\n|switch|p1a: Tapu Fini|Tapu Fini|100\/100\n|switch|p2a: Quagsire|Quagsire, F|100\/100\n|-fieldstart|move: Misty Terrain|[from] ability: Misty Surge|[of] p1a: Tapu Fini\n|turn|1\n|\n|t:|1654008503\n|switch|p2a: Toxapex|Toxapex, M|100\/100\n|move|p1a: Tapu Fini|Taunt|p2a: Toxapex\n|-start|p2a: Toxapex|move: Taunt\n|\n|upkeep\n|turn|2\n|\n|t:|1654008508\n|move|p1a: Tapu Fini|Surf|p2a: Toxapex\n|-resisted|p2a: Toxapex\n|-damage|p2a: Toxapex|88\/100\n|move|p2a: Toxapex|Knock Off|p1a: Tapu Fini\n|-resisted|p1a: Tapu Fini\n|-damage|p1a: Tapu Fini|94\/100\n|-enditem|p1a: Tapu Fini|Leftovers|[from] move: Knock Off|[of] p2a: Toxapex\n|\n|-heal|p2a: Toxapex|94\/100|[from] item: Black Sludge\n|upkeep\n|turn|3\n|\n|t:|1654008514\n|switch|p1a: Ferrothorn|Ferrothorn, F|100\/100\n|switch|p2a: Shedinja|Shedinja|100\/100\n|\n|upkeep\n|turn|4\n|\n|t:|1654008525\n|switch|p2a: Toxapex|Toxapex, M|100\/100\n|move|p1a: Ferrothorn|Knock Off|p2a: Toxapex\n|-damage|p2a: Toxapex|87\/100\n|-enditem|p2a: Toxapex|Black Sludge|[from] move: Knock Off|[of] p1a: Ferrothorn\n|\n|upkeep\n|turn|5\n|\n|t:|1654008529\n|move|p2a: Toxapex|Knock Off|p1a: Ferrothorn\n|-damage|p1a: Ferrothorn|89\/100\n|-damage|p2a: Toxapex|75\/100|[from] ability: Iron Barbs|[of] p1a: Ferrothorn\n|-damage|p2a: Toxapex|58\/100|[from] item: Rocky Helmet|[of] p1a: Ferrothorn\n|-enditem|p1a: Ferrothorn|Rocky Helmet|[from] move: Knock Off|[of] p2a: Toxapex\n|move|p1a: Ferrothorn|Spikes|p2a: Toxapex\n|-sidestart|p2: kokoukohiro|Spikes\n|\n|-fieldend|Misty Terrain\n|upkeep\n|turn|6\n|\n|t:|1654008535\n|switch|p2a: Skarmory|Skarmory, F|100\/100\n|move|p1a: Ferrothorn|Spikes|p2a: Skarmory\n|-sidestart|p2: kokoukohiro|Spikes\n|\n|upkeep\n|turn|7\n|\n|t:|1654008544\n|move|p2a: Skarmory|Defog|p1a: Ferrothorn\n|-unboost|p1a: Ferrothorn|evasion|1\n|-sideend|p2: kokoukohiro|Spikes|[from] move: Defog|[of] p2a: Skarmory\n|move|p1a: Ferrothorn|Knock Off|p2a: Skarmory\n|-damage|p2a: Skarmory|89\/100\n|-enditem|p2a: Skarmory|Shed Shell|[from] move: Knock Off|[of] p1a: Ferrothorn\n|\n|upkeep\n|turn|8\n|\n|t:|1654008553\n|move|p2a: Skarmory|Spikes|p1a: Ferrothorn\n|-sidestart|p1: Pierdeligasx3|Spikes\n|move|p1a: Ferrothorn|Leech Seed|p2a: Skarmory\n|-start|p2a: Skarmory|move: Leech Seed\n|\n|-damage|p2a: Skarmory|77\/100|[from] Leech Seed|[of] p1a: Ferrothorn\n|-heal|p1a: Ferrothorn|100\/100|[silent]\n|upkeep\n|turn|9\n|\n|t:|1654008559\n|move|p1a: Ferrothorn|Spikes|p2a: Skarmory\n|-sidestart|p2: kokoukohiro|Spikes\n|move|p2a: Skarmory|Roar|p1a: Ferrothorn\n|drag|p1a: Hippowdon|Hippowdon, F|100\/100\n|-damage|p1a: Hippowdon|88\/100|[from] Spikes\n|-weather|Sandstorm|[from] ability: Sand Stream|[of] p1a: Hippowdon\n|\n|-weather|Sandstorm|[upkeep]\n|-damage|p2a: Skarmory|64\/100|[from] Leech Seed|[of] p1a: Hippowdon\n|-heal|p1a: Hippowdon|98\/100|[silent]\n|upkeep\n|turn|10\n|\n|t:|1654008564\n|move|p2a: Skarmory|Spikes|p1a: Hippowdon\n|-sidestart|p1: Pierdeligasx3|Spikes\n|move|p1a: Hippowdon|Stealth Rock|p2a: Skarmory\n|-sidestart|p2: kokoukohiro|move: Stealth Rock\n|\n|-weather|Sandstorm|[upkeep]\n|-damage|p2a: Skarmory|52\/100|[from] Leech Seed|[of] p1a: Hippowdon\n|-heal|p1a: Hippowdon|100\/100|[silent]\n|upkeep\n|turn|11\n|\n|t:|1654008569\n|move|p2a: Skarmory|Defog|p1a: Hippowdon\n|-unboost|p1a: Hippowdon|evasion|1\n|-sideend|p1: Pierdeligasx3|Spikes|[from] move: Defog|[of] p2a: Skarmory\n|-sideend|p2: kokoukohiro|Spikes|[from] move: Defog|[of] p2a: Skarmory\n|-sideend|p2: kokoukohiro|Stealth Rock|[from] move: Defog|[of] p2a: Skarmory\n|move|p1a: Hippowdon|Stealth Rock|p2a: Skarmory\n|-sidestart|p2: kokoukohiro|move: Stealth Rock\n|\n|-weather|Sandstorm|[upkeep]\n|-damage|p2a: Skarmory|40\/100|[from] Leech Seed|[of] p1a: Hippowdon\n|upkeep\n|turn|12\n|\n|t:|1654008576\n|move|p2a: Skarmory|Roost|p2a: Skarmory\n|-heal|p2a: Skarmory|90\/100\n|-singleturn|p2a: Skarmory|move: Roost\n|move|p1a: Hippowdon|Earthquake|p2a: Skarmory\n|-supereffective|p2a: Skarmory\n|-damage|p2a: Skarmory|48\/100\n|\n|-weather|Sandstorm|[upkeep]\n|-damage|p2a: Skarmory|36\/100|[from] Leech Seed|[of] p1a: Hippowdon\n|upkeep\n|turn|13\n|\n|t:|1654008584\n|move|p2a: Skarmory|Roost|p2a: Skarmory\n|-heal|p2a: Skarmory|86\/100\n|-singleturn|p2a: Skarmory|move: Roost\n|move|p1a: Hippowdon|Stealth Rock||[still]\n|-fail|p1a: Hippowdon\n|\n|-weather|Sandstorm|[upkeep]\n|-damage|p2a: Skarmory|73\/100|[from] Leech Seed|[of] p1a: Hippowdon\n|upkeep\n|turn|14\n|\n|t:|1654008592\n|move|p2a: Skarmory|Spikes|p1a: Hippowdon\n|-sidestart|p1: Pierdeligasx3|Spikes\n|move|p1a: Hippowdon|Stealth Rock||[still]\n|-fail|p1a: Hippowdon\n|\n|-weather|Sandstorm|[upkeep]\n|-damage|p2a: Skarmory|61\/100|[from] Leech Seed|[of] p1a: Hippowdon\n|upkeep\n|turn|15\n|\n|t:|1654008601\n|switch|p1a: Dracozolt|Dracozolt, shiny|100\/100\n|-damage|p1a: Dracozolt|88\/100|[from] Spikes\n|move|p2a: Skarmory|Spikes|p1a: Dracozolt\n|-sidestart|p1: Pierdeligasx3|Spikes\n|\n|-weather|Sandstorm|[upkeep]\n|-damage|p2a: Skarmory|49\/100|[from] Leech Seed|[of] p1a: Dracozolt\n|-heal|p1a: Dracozolt|100\/100|[silent]\n|upkeep\n|turn|16\n|\n|t:|1654008609\n|switch|p1a: Ferrothorn|Ferrothorn, F|100\/100\n|-damage|p1a: Ferrothorn|84\/100|[from] Spikes\n|switch|p2a: Quagsire|Quagsire, F|100\/100\n|-damage|p2a: Quagsire|94\/100|[from] Stealth Rock\n|\n|-weather|none\n|-heal|p2a: Quagsire|100\/100|[from] item: Leftovers\n|upkeep\n|turn|17\n|\n|t:|1654008617\n|switch|p2a: Skarmory|Skarmory, F|49\/100\n|-damage|p2a: Skarmory|36\/100|[from] Stealth Rock\n|move|p1a: Ferrothorn|Spikes|p2a: Skarmory\n|-sidestart|p2: kokoukohiro|Spikes\n|\n|upkeep\n|turn|18\n|\n|t:|1654008622\n|move|p2a: Skarmory|Roost|p2a: Skarmory\n|-heal|p2a: Skarmory|86\/100\n|-singleturn|p2a: Skarmory|move: Roost\n|move|p1a: Ferrothorn|Leech Seed|p2a: Skarmory\n|-start|p2a: Skarmory|move: Leech Seed\n|\n|-damage|p2a: Skarmory|74\/100|[from] Leech Seed|[of] p1a: Ferrothorn\n|-heal|p1a: Ferrothorn|96\/100|[silent]\n|upkeep\n|turn|19\n|\n|t:|1654008625\n|move|p2a: Skarmory|Spikes|p1a: Ferrothorn\n|-sidestart|p1: Pierdeligasx3|Spikes\n|move|p1a: Ferrothorn|Spikes|p2a: Skarmory\n|-sidestart|p2: kokoukohiro|Spikes\n|\n|-damage|p2a: Skarmory|62\/100|[from] Leech Seed|[of] p1a: Ferrothorn\n|-heal|p1a: Ferrothorn|100\/100|[silent]\n|upkeep\n|turn|20\n|\n|t:|1654008639\n|switch|p2a: Toxapex|Toxapex, M|92\/100\n|-damage|p2a: Toxapex|79\/100|[from] Stealth Rock\n|-damage|p2a: Toxapex|63\/100|[from] Spikes\n|move|p1a: Ferrothorn|Spikes|p2a: Toxapex\n|-sidestart|p2: kokoukohiro|Spikes\n|\n|upkeep\n|turn|21\n|\n|t:|1654008646\n|move|p2a: Toxapex|Toxic Spikes|p1a: Ferrothorn\n|-sidestart|p1: Pierdeligasx3|move: Toxic Spikes\n|move|p1a: Ferrothorn|Leech Seed|p2a: Toxapex\n|-start|p2a: Toxapex|move: Leech Seed\n|\n|-damage|p2a: Toxapex|50\/100|[from] Leech Seed|[of] p1a: Ferrothorn\n|upkeep\n|turn|22\n|\n|t:|1654008650\n|move|p2a: Toxapex|Recover|p2a: Toxapex\n|-heal|p2a: Toxapex|99\/100\n|move|p1a: Ferrothorn|Knock Off|p2a: Toxapex\n|-damage|p2a: Toxapex|91\/100\n|\n|-damage|p2a: Toxapex|78\/100|[from] Leech Seed|[of] p1a: Ferrothorn\n|upkeep\n|turn|23\n|\n|t:|1654008656\n|move|p2a: Toxapex|Toxic Spikes|p1a: Ferrothorn\n|-sidestart|p1: Pierdeligasx3|move: Toxic Spikes\n|move|p1a: Ferrothorn|Leech Seed||[still]\n|-fail|p1a: Ferrothorn\n|\n|-damage|p2a: Toxapex|66\/100|[from] Leech Seed|[of] p1a: Ferrothorn\n|upkeep\n|turn|24\n|\n|t:|1654008668\n|switch|p2a: Skarmory|Skarmory, F|62\/100\n|-damage|p2a: Skarmory|50\/100|[from] Stealth Rock\n|move|p1a: Ferrothorn|Leech Seed|p2a: Skarmory\n|-start|p2a: Skarmory|move: Leech Seed\n|\n|-damage|p2a: Skarmory|37\/100|[from] Leech Seed|[of] p1a: Ferrothorn\n|upkeep\n|turn|25\n|\n|t:|1654008675\n|move|p2a: Skarmory|Roost|p2a: Skarmory\n|-heal|p2a: Skarmory|87\/100\n|-singleturn|p2a: Skarmory|move: Roost\n|move|p1a: Ferrothorn|Spikes||[still]\n|-fail|p1a: Ferrothorn\n|\n|-damage|p2a: Skarmory|75\/100|[from] Leech Seed|[of] p1a: Ferrothorn\n|upkeep\n|turn|26\n|\n|t:|1654008678\n|move|p1a: Ferrothorn|Spikes||[still]\n|-fail|p1a: Ferrothorn\n|move|p2a: Skarmory|Roar|p1a: Ferrothorn\n|drag|p1a: Hippowdon|Hippowdon, F|100\/100\n|-damage|p1a: Hippowdon|75\/100|[from] Spikes\n|-status|p1a: Hippowdon|tox\n|-weather|Sandstorm|[from] ability: Sand Stream|[of] p1a: Hippowdon\n|\n|-weather|Sandstorm|[upkeep]\n|-damage|p2a: Skarmory|63\/100|[from] Leech Seed|[of] p1a: Hippowdon\n|-heal|p1a: Hippowdon|85\/100 tox|[silent]\n|-damage|p1a: Hippowdon|79\/100 tox|[from] psn\n|upkeep\n|turn|27\n|\n|t:|1654008689\n|switch|p1a: Tapu Fini|Tapu Fini|94\/100\n|-damage|p1a: Tapu Fini|69\/100|[from] Spikes\n|-status|p1a: Tapu Fini|tox\n|-fieldstart|move: Misty Terrain|[from] ability: Misty Surge|[of] p1a: Tapu Fini\n|move|p2a: Skarmory|Roost|p2a: Skarmory\n|-heal|p2a: Skarmory|100\/100\n|-singleturn|p2a: Skarmory|move: Roost\n|\n|-weather|Sandstorm|[upkeep]\n|-damage|p1a: Tapu Fini|63\/100 tox|[from] Sandstorm\n|-damage|p2a: Skarmory|88\/100|[from] Leech Seed|[of] p1a: Tapu Fini\n|-heal|p1a: Tapu Fini|75\/100 tox|[silent]\n|-damage|p1a: Tapu Fini|69\/100 tox|[from] psn\n|upkeep\n|turn|28\n|\n|t:|1654008693\n|move|p1a: Tapu Fini|Taunt|p2a: Skarmory\n|-start|p2a: Skarmory|move: Taunt\n|cant|p2a: Skarmory|move: Taunt|Roar\n|\n|-weather|Sandstorm|[upkeep]\n|-damage|p1a: Tapu Fini|63\/100 tox|[from] Sandstorm\n|-damage|p2a: Skarmory|76\/100|[from] Leech Seed|[of] p1a: Tapu Fini\n|-heal|p1a: Tapu Fini|75\/100 tox|[silent]\n|-damage|p1a: Tapu Fini|63\/100 tox|[from] psn\n|upkeep\n|turn|29\n|\n|t:|1654008698\n|switch|p2a: Toxapex|Toxapex, M|99\/100\n|-damage|p2a: Toxapex|87\/100|[from] Stealth Rock\n|-damage|p2a: Toxapex|62\/100|[from] Spikes\n|move|p1a: Tapu Fini|Surf|p2a: Toxapex\n|-resisted|p2a: Toxapex\n|-damage|p2a: Toxapex|47\/100\n|\n|-weather|Sandstorm|[upkeep]\n|-damage|p1a: Tapu Fini|57\/100 tox|[from] Sandstorm\n|-damage|p2a: Toxapex|41\/100|[from] Sandstorm\n|-damage|p1a: Tapu Fini|38\/100 tox|[from] psn\n|upkeep\n|turn|30\n|\n|t:|1654008704\n|switch|p1a: Dracozolt|Dracozolt, shiny|100\/100\n|-damage|p1a: Dracozolt|76\/100|[from] Spikes\n|move|p2a: Toxapex|Recover|p2a: Toxapex\n|-heal|p2a: Toxapex|91\/100\n|\n|-weather|Sandstorm|[upkeep]\n|-damage|p2a: Toxapex|85\/100|[from] Sandstorm\n|upkeep\n|turn|31\n|\n|t:|1654008711\n|switch|p2a: Quagsire|Quagsire, F|100\/100\n|-damage|p2a: Quagsire|94\/100|[from] Stealth Rock\n|-damage|p2a: Quagsire|70\/100|[from] Spikes\n|move|p1a: Dracozolt|Earthquake|p2a: Quagsire\n|-damage|p2a: Quagsire|42\/100\n|-damage|p1a: Dracozolt|66\/100|[from] item: Life Orb\n|\n|-weather|Sandstorm|[upkeep]\n|-heal|p2a: Quagsire|48\/100|[from] item: Leftovers\n|-fieldend|Misty Terrain\n|upkeep\n|turn|32\n|\n|t:|1654008722\n|switch|p1a: Zapdos|Zapdos-Galar|100\/100\n|move|p2a: Quagsire|Recover|p2a: Quagsire\n|-heal|p2a: Quagsire|98\/100\n|\n|-weather|Sandstorm|[upkeep]\n|-damage|p1a: Zapdos|94\/100|[from] Sandstorm\n|-heal|p2a: Quagsire|100\/100|[from] item: Leftovers\n|upkeep\n|turn|33\n|\n|t:|1654008727\n|move|p1a: Zapdos|U-turn|p2a: Quagsire\n|-damage|p2a: Quagsire|84\/100\n|\n|t:|1654008731\n|switch|p1a: Ferrothorn|Ferrothorn, F|100\/100|[from]move: U-turn\n|-damage|p1a: Ferrothorn|75\/100|[from] Spikes\n|move|p2a: Quagsire|Toxic|p1a: Ferrothorn\n|-immune|p1a: Ferrothorn\n|\n|-weather|none\n|-heal|p2a: Quagsire|90\/100|[from] item: Leftovers\n|upkeep\n|turn|34\n|\n|t:|1654008736\n|move|p2a: Quagsire|Scald|p1a: Ferrothorn\n|-resisted|p1a: Ferrothorn\n|-damage|p1a: Ferrothorn|68\/100\n|move|p1a: Ferrothorn|Power Whip|p2a: Quagsire\n|-supereffective|p2a: Quagsire\n|-damage|p2a: Quagsire|0 fnt\n|faint|p2a: Quagsire\n|\n|upkeep\n|\n|t:|1654008740\n|switch|p2a: Skarmory|Skarmory, F|76\/100\n|-damage|p2a: Skarmory|64\/100|[from] Stealth Rock\n|turn|35\n|\n|t:|1654008744\n|move|p1a: Ferrothorn|Leech Seed|p2a: Skarmory\n|-start|p2a: Skarmory|move: Leech Seed\n|move|p2a: Skarmory|Roar|p1a: Ferrothorn\n|drag|p1a: Zapdos|Zapdos-Galar|94\/100\n|\n|-damage|p2a: Skarmory|51\/100|[from] Leech Seed|[of] p1a: Zapdos\n|-heal|p1a: Zapdos|100\/100|[silent]\n|upkeep\n|turn|36\n|\n|t:|1654008749\n|move|p1a: Zapdos|Close Combat|p2a: Skarmory\n|-damage|p2a: Skarmory|14\/100\n|-unboost|p1a: Zapdos|def|1\n|-unboost|p1a: Zapdos|spd|1\n|move|p2a: Skarmory|Roost|p2a: Skarmory\n|-heal|p2a: Skarmory|64\/100\n|-singleturn|p2a: Skarmory|move: Roost\n|\n|-damage|p2a: Skarmory|51\/100|[from] Leech Seed|[of] p1a: Zapdos\n|upkeep\n|turn|37\n|\n|t:|1654008753\n|move|p1a: Zapdos|Close Combat|p2a: Skarmory\n|-damage|p2a: Skarmory|19\/100\n|-unboost|p1a: Zapdos|def|1\n|-unboost|p1a: Zapdos|spd|1\n|move|p2a: Skarmory|Roost|p2a: Skarmory\n|-heal|p2a: Skarmory|69\/100\n|-singleturn|p2a: Skarmory|move: Roost\n|\n|-damage|p2a: Skarmory|56\/100|[from] Leech Seed|[of] p1a: Zapdos\n|upkeep\n|turn|38\n|\n|t:|1654008759\n|move|p1a: Zapdos|Close Combat|p2a: Skarmory\n|-damage|p2a: Skarmory|18\/100\n|-unboost|p1a: Zapdos|def|1\n|-unboost|p1a: Zapdos|spd|1\n|move|p2a: Skarmory|Roost|p2a: Skarmory\n|-heal|p2a: Skarmory|68\/100\n|-singleturn|p2a: Skarmory|move: Roost\n|\n|-damage|p2a: Skarmory|56\/100|[from] Leech Seed|[of] p1a: Zapdos\n|upkeep\n|turn|39\n|\n|t:|1654008763\n|move|p1a: Zapdos|Close Combat|p2a: Skarmory\n|-damage|p2a: Skarmory|18\/100\n|-unboost|p1a: Zapdos|def|1\n|-unboost|p1a: Zapdos|spd|1\n|move|p2a: Skarmory|Roost|p2a: Skarmory\n|-heal|p2a: Skarmory|68\/100\n|-singleturn|p2a: Skarmory|move: Roost\n|\n|-damage|p2a: Skarmory|56\/100|[from] Leech Seed|[of] p1a: Zapdos\n|upkeep\n|turn|40\n|\n|t:|1654008767\n|move|p1a: Zapdos|Close Combat|p2a: Skarmory\n|-damage|p2a: Skarmory|20\/100\n|-unboost|p1a: Zapdos|def|1\n|-unboost|p1a: Zapdos|spd|1\n|move|p2a: Skarmory|Roost|p2a: Skarmory\n|-heal|p2a: Skarmory|70\/100\n|-singleturn|p2a: Skarmory|move: Roost\n|\n|-damage|p2a: Skarmory|58\/100|[from] Leech Seed|[of] p1a: Zapdos\n|upkeep\n|turn|41\n|\n|t:|1654008778\n|switch|p2a: Shedinja|Shedinja|100\/100\n|move|p1a: Zapdos|Close Combat|p2a: Shedinja\n|-immune|p2a: Shedinja|[from] ability: Wonder Guard\n|\n|upkeep\n|turn|42\n|\n|t:|1654008788\n|switch|p1a: Ferrothorn|Ferrothorn, F|68\/100\n|-damage|p1a: Ferrothorn|43\/100|[from] Spikes\n|move|p2a: Shedinja|Protect||[still]\n|-fail|p2a: Shedinja\n|\n|upkeep\n|turn|43\n|\n|t:|1654008796\n|switch|p2a: Skarmory|Skarmory, F|58\/100\n|-damage|p2a: Skarmory|46\/100|[from] Stealth Rock\n|move|p1a: Ferrothorn|Knock Off|p2a: Skarmory\n|-damage|p2a: Skarmory|38\/100\n|\n|upkeep\n|turn|44\n|\n|t:|1654008798\n|move|p2a: Skarmory|Defog|p1a: Ferrothorn\n|-unboost|p1a: Ferrothorn|evasion|1\n|-sideend|p1: Pierdeligasx3|Spikes|[from] move: Defog|[of] p2a: Skarmory\n|-sideend|p1: Pierdeligasx3|Toxic Spikes|[from] move: Defog|[of] p2a: Skarmory\n|-sideend|p2: kokoukohiro|Spikes|[from] move: Defog|[of] p2a: Skarmory\n|-sideend|p2: kokoukohiro|Stealth Rock|[from] move: Defog|[of] p2a: Skarmory\n|move|p1a: Ferrothorn|Leech Seed|p2a: Skarmory\n|-start|p2a: Skarmory|move: Leech Seed\n|\n|-damage|p2a: Skarmory|26\/100|[from] Leech Seed|[of] p1a: Ferrothorn\n|-heal|p1a: Ferrothorn|55\/100|[silent]\n|upkeep\n|turn|45\n|\n|t:|1654008802\n|move|p2a: Skarmory|Spikes|p1a: Ferrothorn\n|-sidestart|p1: Pierdeligasx3|Spikes\n|move|p1a: Ferrothorn|Spikes|p2a: Skarmory\n|-sidestart|p2: kokoukohiro|Spikes\n|\n|-damage|p2a: Skarmory|13\/100|[from] Leech Seed|[of] p1a: Ferrothorn\n|-heal|p1a: Ferrothorn|67\/100|[silent]\n|upkeep\n|turn|46\n|\n|t:|1654008805\n|move|p2a: Skarmory|Roost|p2a: Skarmory\n|-heal|p2a: Skarmory|63\/100\n|-singleturn|p2a: Skarmory|move: Roost\n|move|p1a: Ferrothorn|Spikes|p2a: Skarmory\n|-sidestart|p2: kokoukohiro|Spikes\n|\n|-damage|p2a: Skarmory|51\/100|[from] Leech Seed|[of] p1a: Ferrothorn\n|-heal|p1a: Ferrothorn|78\/100|[silent]\n|upkeep\n|turn|47\n|\n|t:|1654008809\n|move|p2a: Skarmory|Spikes|p1a: Ferrothorn\n|-sidestart|p1: Pierdeligasx3|Spikes\n|move|p1a: Ferrothorn|Spikes|p2a: Skarmory\n|-sidestart|p2: kokoukohiro|Spikes\n|\n|-damage|p2a: Skarmory|39\/100|[from] Leech Seed|[of] p1a: Ferrothorn\n|-heal|p1a: Ferrothorn|90\/100|[silent]\n|upkeep\n|turn|48\n|\n|t:|1654008820\n|move|p2a: Skarmory|Spikes|p1a: Ferrothorn\n|-sidestart|p1: Pierdeligasx3|Spikes\n|move|p1a: Ferrothorn|Knock Off|p2a: Skarmory\n|-damage|p2a: Skarmory|30\/100\n|\n|-damage|p2a: Skarmory|18\/100|[from] Leech Seed|[of] p1a: Ferrothorn\n|-heal|p1a: Ferrothorn|100\/100|[silent]\n|upkeep\n|turn|49\n|\n|t:|1654008844\n|move|p2a: Skarmory|Roost|p2a: Skarmory\n|-heal|p2a: Skarmory|68\/100\n|-singleturn|p2a: Skarmory|move: Roost\n|move|p1a: Ferrothorn|Knock Off|p2a: Skarmory\n|-damage|p2a: Skarmory|59\/100\n|\n|-damage|p2a: Skarmory|47\/100|[from] Leech Seed|[of] p1a: Ferrothorn\n|upkeep\n|turn|50\n|\n|t:|1654008854\n|move|p2a: Skarmory|Roost|p2a: Skarmory\n|-heal|p2a: Skarmory|97\/100\n|-singleturn|p2a: Skarmory|move: Roost\n|move|p1a: Ferrothorn|Knock Off|p2a: Skarmory\n|-damage|p2a: Skarmory|89\/100\n|\n|-damage|p2a: Skarmory|77\/100|[from] Leech Seed|[of] p1a: Ferrothorn\n|upkeep\n|turn|51\n|\n|t:|1654008857\n|switch|p2a: Toxapex|Toxapex, M|100\/100\n|-damage|p2a: Toxapex|75\/100|[from] Spikes\n|move|p1a: Ferrothorn|Knock Off|p2a: Toxapex\n|-damage|p2a: Toxapex|67\/100\n|\n|upkeep\n|turn|52\n|\n|t:|1654008861\n|move|p2a: Toxapex|Toxic Spikes|p1a: Ferrothorn\n|-sidestart|p1: Pierdeligasx3|move: Toxic Spikes\n|move|p1a: Ferrothorn|Leech Seed|p2a: Toxapex\n|-start|p2a: Toxapex|move: Leech Seed\n|\n|-damage|p2a: Toxapex|54\/100|[from] Leech Seed|[of] p1a: Ferrothorn\n|upkeep\n|turn|53\n|\n|t:|1654008871\n|switch|p1a: Excadrill|Excadrill, F|100\/100\n|-damage|p1a: Excadrill|76\/100|[from] Spikes\n|move|p2a: Toxapex|Toxic Spikes|p1a: Excadrill\n|-sidestart|p1: Pierdeligasx3|move: Toxic Spikes\n|\n|-heal|p1a: Excadrill|82\/100|[from] item: Leftovers\n|-damage|p2a: Toxapex|42\/100|[from] Leech Seed|[of] p1a: Excadrill\n|-heal|p1a: Excadrill|92\/100|[silent]\n|upkeep\n|turn|54\n|\n|t:|1654008883\n|switch|p1a: Hippowdon|Hippowdon, F|79\/100 tox\n|-damage|p1a: Hippowdon|54\/100 tox|[from] Spikes\n|-weather|Sandstorm|[from] ability: Sand Stream|[of] p1a: Hippowdon\n|switch|p2a: Shedinja|Shedinja|100\/100\n|\n|-weather|Sandstorm|[upkeep]\n|-damage|p2a: Shedinja|0 fnt|[from] Sandstorm\n|faint|p2a: Shedinja\n|-damage|p1a: Hippowdon|48\/100 tox|[from] psn\n|upkeep\n|\n|t:|1654008893\n|switch|p2a: Clefable|Clefable, F|100\/100\n|turn|55\n|\n|t:|1654008903\n|switch|p1a: Excadrill|Excadrill, F|92\/100\n|-damage|p1a: Excadrill|67\/100|[from] Spikes\n|move|p2a: Clefable|Moonblast|p1a: Excadrill\n|-resisted|p1a: Excadrill\n|-damage|p1a: Excadrill|45\/100\n|-unboost|p1a: Excadrill|spa|1\n|\n|-weather|Sandstorm|[upkeep]\n|-damage|p2a: Clefable|94\/100|[from] Sandstorm\n|-heal|p1a: Excadrill|51\/100|[from] item: Leftovers\n|upkeep\n|turn|56\n|\n|t:|1654008916\n|move|p1a: Excadrill|Rapid Spin|p2a: Clefable\n|-damage|p2a: Clefable|71\/100\n|-boost|p1a: Excadrill|spe|1\n|-sideend|p1: Pierdeligasx3|Spikes|[from] move: Rapid Spin|[of] p1a: Excadrill\n|-sideend|p1: Pierdeligasx3|Toxic Spikes|[from] move: Rapid Spin|[of] p1a: Excadrill\n|move|p2a: Clefable|Moonblast|p1a: Excadrill\n|-resisted|p1a: Excadrill\n|-damage|p1a: Excadrill|29\/100\n|\n|-weather|Sandstorm|[upkeep]\n|-damage|p2a: Clefable|65\/100|[from] Sandstorm\n|-heal|p1a: Excadrill|35\/100|[from] item: Leftovers\n|upkeep\n|turn|57\n|\n|t:|1654008927\n|switch|p2a: Skarmory|Skarmory, F|77\/100\n|move|p1a: Excadrill|Iron Head|p2a: Skarmory\n|-resisted|p2a: Skarmory\n|-damage|p2a: Skarmory|63\/100\n|\n|-weather|Sandstorm|[upkeep]\n|-heal|p1a: Excadrill|41\/100|[from] item: Leftovers\n|upkeep\n|turn|58\n|\n|t:|1654008934\n|switch|p1a: Dracozolt|Dracozolt, shiny|66\/100\n|move|p2a: Skarmory|Spikes|p1a: Dracozolt\n|-sidestart|p1: Pierdeligasx3|Spikes\n|\n|-weather|Sandstorm|[upkeep]\n|upkeep\n|turn|59\n|-message|kokoukohiro forfeited.\n|\n|win|Pierdeligasx3\n|raw|Pierdeligasx3's rating: 1482 &rarr; <strong>1504<\/strong><br \/>(+22 for winning)\n|raw|kokoukohiro's rating: 1519 &rarr; <strong>1497<\/strong><br \/>(-22 for losing)\n|l|\u2606kokoukohiro\n|c|\u2606Pierdeligasx3|GG\n||Ladder isn't responding, score probably updated but might not have (Request timeout).\n","uploadtime":1654008952,"views":14,"p1id":"pierdeligasx3","p2id":"kokoukohiro","formatid":"gen8ou","rating":1497,"private":0,"password":null}