{"id":"gen8nationaldexag-1698038208","p1":"EsCa(SO4)2","p2":"Rediyu","format":"gen8nationaldexag","log":"|j|\u2606EsCa(SO4)2\n|j|\u2606Rediyu\n|t:|1667069965\n|gametype|singles\n|player|p1|EsCa(SO4)2|102|\n|player|p2|Rediyu|guitarist|\n|teamsize|p1|6\n|teamsize|p2|6\n|gen|8\n|tier|[Gen 8] National Dex AG\n|rule|HP Percentage Mod: HP is shown in percentages\n|rule|Endless Battle Clause: Forcing endless battles is banned\n|clearpoke\n|poke|p1|Abomasnow, F|\n|poke|p1|Thundurus, M|\n|poke|p1|Buzzwole|\n|poke|p1|Starmie|\n|poke|p1|Nidoqueen, F|\n|poke|p1|Dragapult, F|\n|poke|p2|Lopunny, F|\n|poke|p2|Togekiss, F|\n|poke|p2|Weavile, F|\n|poke|p2|Garchomp, M|\n|poke|p2|Empoleon, M|\n|poke|p2|Mesprit|\n|teampreview\n|c|\u2606EsCa(SO4)2|glhf!\n|c|\u2606Rediyu|u2!\n|j| Xernyl\n|j| Hoiden Mooris\n|c| Xernyl|im a psychic\n|c| Hoiden Mooris|I like ya cut g\n|j| memomiguel\n|\n|t:|1667070028\n|start\n|switch|p1a: Snowbunny|Abomasnow, F|100\/100\n|switch|p2a: Impoleon|Empoleon, M|100\/100\n|-weather|Hail|[from] ability: Snow Warning|[of] p1a: Snowbunny\n|turn|1\n|c| Xernyl|o shit\n|c| Xernyl|both these guys are undefeated rn 0.0\n|c| memomiguel|Aye\n|c| memomiguel|highlight match\n|\n|t:|1667070063\n|move|p2a: Impoleon|Stealth Rock|p1a: Snowbunny\n|-sidestart|p1: EsCa(SO4)2|move: Stealth Rock\n|move|p1a: Snowbunny|Earthquake|p2a: Impoleon\n|-supereffective|p2a: Impoleon\n|-enditem|p2a: Impoleon|Shuca Berry|[eat]\n|-enditem|p2a: Impoleon|Shuca Berry|[weaken]\n|-damage|p2a: Impoleon|73\/100\n|\n|-weather|Hail|[upkeep]\n|-damage|p2a: Impoleon|67\/100|[from] Hail\n|upkeep\n|turn|2\n|\n|t:|1667070076\n|switch|p2a: Vesprit|Mesprit|100\/100\n|switch|p1a: Nipple Electricity|Thundurus, M|100\/100\n|\n|-weather|Hail|[upkeep]\n|-damage|p1a: Nipple Electricity|94\/100|[from] Hail\n|-damage|p2a: Vesprit|94\/100|[from] Hail\n|upkeep\n|turn|3\n|\n|t:|1667070085\n|move|p1a: Nipple Electricity|Volt Switch|p2a: Vesprit\n|-damage|p2a: Vesprit|64\/100\n|\n|t:|1667070089\n|switch|p1a: Rosebudding|Starmie|100\/100|[from]move: Volt Switch\n|-damage|p1a: Rosebudding|88\/100|[from] Stealth Rock\n|move|p2a: Vesprit|Psychic|p1a: Rosebudding\n|-resisted|p1a: Rosebudding\n|-damage|p1a: Rosebudding|67\/100\n|-unboost|p1a: Rosebudding|spd|1\n|\n|-weather|Hail|[upkeep]\n|-damage|p1a: Rosebudding|61\/100|[from] Hail\n|-damage|p2a: Vesprit|58\/100|[from] Hail\n|upkeep\n|turn|4\n|\n|t:|1667070099\n|move|p1a: Rosebudding|Hydro Pump|p2a: Vesprit\n|-damage|p2a: Vesprit|0 fnt\n|faint|p2a: Vesprit\n|-damage|p1a: Rosebudding|51\/100|[from] item: Life Orb\n|\n|-weather|Hail|[upkeep]\n|-damage|p1a: Rosebudding|45\/100|[from] Hail\n|upkeep\n|\n|t:|1667070110\n|switch|p2a: Snibunna|Weavile, F|100\/100\n|turn|5\n|\n|t:|1667070113\n|move|p2a: Snibunna|Swords Dance|p2a: Snibunna\n|-boost|p2a: Snibunna|atk|2\n|move|p1a: Rosebudding|Hydro Pump|p2a: Snibunna|[miss]\n|-miss|p1a: Rosebudding|p2a: Snibunna\n|\n|-weather|none\n|upkeep\n|turn|6\n|c|\u2606Rediyu|f\n|c| Xernyl|WOW\n|c|\u2606EsCa(SO4)2|ffs\n|c|\u2606EsCa(SO4)2|hard called that and still punished\n|\n|t:|1667070128\n|move|p2a: Snibunna|Knock Off|p1a: Rosebudding\n|-supereffective|p1a: Rosebudding\n|-damage|p1a: Rosebudding|0 fnt\n|-enditem|p1a: Rosebudding|Life Orb|[from] move: Knock Off|[of] p2a: Snibunna\n|faint|p1a: Rosebudding\n|\n|upkeep\n|j| Silvershine2\n|\n|t:|1667070130\n|switch|p1a: Gachimuchi|Buzzwole|100\/100\n|-damage|p1a: Gachimuchi|88\/100|[from] Stealth Rock\n|turn|7\n|c| Xernyl|that's actually huge\n|c|\u2606EsCa(SO4)2|if this is aerial ace now I'm going to rage so hard\n|\n|t:|1667070138\n|move|p2a: Snibunna|Aerial Ace|p1a: Gachimuchi\n|-supereffective|p1a: Gachimuchi\n|-damage|p1a: Gachimuchi|15\/100\n|-damage|p2a: Snibunna|84\/100|[from] item: Rocky Helmet|[of] p1a: Gachimuchi\n|move|p1a: Gachimuchi|Drain Punch|p2a: Snibunna\n|-supereffective|p2a: Snibunna\n|-damage|p2a: Snibunna|0 fnt\n|-heal|p1a: Gachimuchi|46\/100|[from] drain|[of] p2a: Snibunna\n|faint|p2a: Snibunna\n|-ability|p1a: Gachimuchi|Beast Boost|boost\n|-boost|p1a: Gachimuchi|def|1\n|\n|upkeep\n|c| Silvershine2|Ja moin\n|c| Xernyl|IT LIVED\n|c| Xernyl|LOLLL\n|\n|t:|1667070146\n|switch|p2a: Togekiss|Togekiss, F|100\/100\n|turn|8\n|c|\u2606EsCa(SO4)2|phew it's only boots aerial ace\n|j| Krusty_K\n|c|\u2606EsCa(SO4)2|LO had a good chance of just winning the game there\n|\n|t:|1667070158\n|switch|p1a: Nipple Electricity|Thundurus, M|94\/100\n|move|p2a: Togekiss|Flamethrower|p1a: Nipple Electricity\n|-damage|p1a: Nipple Electricity|64\/100\n|\n|upkeep\n|turn|9\n|c| Xernyl|redi and esca send sets after this game\n|c| Xernyl|we definitely analyzing this one\n|\n|t:|1667070171\n|switch|p1a: Snowbunny|Abomasnow, F|100\/100\n|-weather|Hail|[from] ability: Snow Warning|[of] p1a: Snowbunny\n|switch|p2a: Knakrack|Garchomp, M|100\/100\n|\n|-weather|Hail|[upkeep]\n|-damage|p2a: Knakrack|94\/100|[from] Hail\n|upkeep\n|turn|10\n|c|\u2606EsCa(SO4)2|I calced that before\n|c|\u2606EsCa(SO4)2|dw\n|l| memomiguel\n|c|\u2606EsCa(SO4)2|it's not a roll unless he's like\n|c|\u2606EsCa(SO4)2|sharp beak with non max attack\n|c|\u2606EsCa(SO4)2|LOL\n|c| Krusty_K|woggies\n|c| Xernyl|JIBUN WO\n|j| memomiguel\n|\n|t:|1667070228\n|switch|p1a: Toxic Mommy|Nidoqueen, F|100\/100\n|-damage|p1a: Toxic Mommy|94\/100|[from] Stealth Rock\n|move|p2a: Knakrack|Flamethrower|p1a: Toxic Mommy\n|-damage|p1a: Toxic Mommy|74\/100\n|\n|-weather|Hail|[upkeep]\n|-damage|p2a: Knakrack|88\/100|[from] Hail\n|-damage|p1a: Toxic Mommy|67\/100|[from] Hail\n|upkeep\n|turn|11\n|\n|t:|1667070239\n|switch|p2a: Impoleon|Empoleon, M|67\/100\n|move|p1a: Toxic Mommy|Stealth Rock|p2a: Impoleon\n|-sidestart|p2: Rediyu|move: Stealth Rock\n|\n|-weather|Hail|[upkeep]\n|-damage|p1a: Toxic Mommy|61\/100|[from] Hail\n|-damage|p2a: Impoleon|61\/100|[from] Hail\n|upkeep\n|turn|12\n|\n|t:|1667070245\n|switch|p2a: Togekiss|Togekiss, F|100\/100\n|move|p1a: Toxic Mommy|Earthquake|p2a: Togekiss\n|-immune|p2a: Togekiss\n|\n|-weather|Hail|[upkeep]\n|-damage|p2a: Togekiss|94\/100|[from] Hail\n|-damage|p1a: Toxic Mommy|55\/100|[from] Hail\n|upkeep\n|turn|13\n|\n|t:|1667070249\n|move|p2a: Togekiss|Air Slash|p1a: Toxic Mommy\n|-damage|p1a: Toxic Mommy|23\/100\n|move|p1a: Toxic Mommy|Poison Jab|p2a: Togekiss\n|-supereffective|p2a: Togekiss\n|-damage|p2a: Togekiss|41\/100\n|\n|-weather|none\n|upkeep\n|turn|14\n|\n|t:|1667070259\n|move|p2a: Togekiss|Roost|p2a: Togekiss\n|-heal|p2a: Togekiss|91\/100\n|-singleturn|p2a: Togekiss|move: Roost\n|move|p1a: Toxic Mommy|Poison Jab|p2a: Togekiss\n|-supereffective|p2a: Togekiss\n|-damage|p2a: Togekiss|35\/100\n|\n|upkeep\n|turn|15\n|\n|t:|1667070262\n|move|p2a: Togekiss|Air Slash|p1a: Toxic Mommy\n|-damage|p1a: Toxic Mommy|0 fnt\n|faint|p1a: Toxic Mommy\n|\n|upkeep\n|\n|t:|1667070312\n|switch|p1a: Nipple Electricity|Thundurus, M|64\/100\n|turn|16\n|\n|t:|1667070317\n|switch|p2a: Knakrack|Garchomp, M|88\/100\n|-damage|p2a: Knakrack|82\/100|[from] Stealth Rock\n|move|p1a: Nipple Electricity|Volt Switch|p2a: Knakrack\n|-immune|p2a: Knakrack\n|\n|upkeep\n|turn|17\n|\n|t:|1667070323\n|switch|p1a: Gachimuchi|Buzzwole|46\/100\n|-damage|p1a: Gachimuchi|34\/100|[from] Stealth Rock\n|move|p2a: Knakrack|Draco Meteor|p1a: Gachimuchi\n|-damage|p1a: Gachimuchi|0 fnt\n|-unboost|p2a: Knakrack|spa|2\n|faint|p1a: Gachimuchi\n|\n|upkeep\n|\n|t:|1667070332\n|switch|p1a: Snowbunny|Abomasnow, F|100\/100\n|-weather|Hail|[from] ability: Snow Warning|[of] p1a: Snowbunny\n|turn|18\n|\n|t:|1667070337\n|switch|p2a: Impoleon|Empoleon, M|61\/100\n|-damage|p2a: Impoleon|55\/100|[from] Stealth Rock\n|move|p1a: Snowbunny|Earthquake|p2a: Impoleon\n|-supereffective|p2a: Impoleon\n|-damage|p2a: Impoleon|0 fnt\n|faint|p2a: Impoleon\n|\n|-weather|Hail|[upkeep]\n|upkeep\n|\n|t:|1667070340\n|switch|p2a: Schlapor|Lopunny, F|100\/100\n|-damage|p2a: Schlapor|88\/100|[from] Stealth Rock\n|turn|19\n|\n|t:|1667070402\n|detailschange|p2a: Schlapor|Lopunny-Mega, F\n|-mega|p2a: Schlapor|Lopunny|Lopunnite\n|move|p2a: Schlapor|Close Combat|p1a: Snowbunny\n|-supereffective|p1a: Snowbunny\n|-damage|p1a: Snowbunny|0 fnt\n|-unboost|p2a: Schlapor|def|1\n|-unboost|p2a: Schlapor|spd|1\n|faint|p1a: Snowbunny\n|\n|-weather|Hail|[upkeep]\n|-damage|p2a: Schlapor|82\/100|[from] Hail\n|upkeep\n|\n|t:|1667070412\n|switch|p1a: Gonorrhea|Dragapult, F|100\/100\n|-damage|p1a: Gonorrhea|88\/100|[from] Stealth Rock\n|turn|20\n|\n|t:|1667070419\n|switch|p2a: Knakrack|Garchomp, M|82\/100\n|-damage|p2a: Knakrack|76\/100|[from] Stealth Rock\n|move|p1a: Gonorrhea|Dragon Darts|p2a: Knakrack\n|-supereffective|p2a: Knakrack\n|-damage|p2a: Knakrack|23\/100\n|-anim|p1a: Gonorrhea|Dragon Darts|p2a: Knakrack\n|-supereffective|p2a: Knakrack\n|-damage|p2a: Knakrack|0 fnt\n|faint|p2a: Knakrack\n|\n|-weather|Hail|[upkeep]\n|-damage|p1a: Gonorrhea|82\/100|[from] Hail\n|upkeep\n|\n|t:|1667070423\n|switch|p2a: Togekiss|Togekiss, F|35\/100\n|turn|21\n|\n|t:|1667070430\n|switch|p1a: Nipple Electricity|Thundurus, M|64\/100\n|move|p2a: Togekiss|Roost|p2a: Togekiss\n|-heal|p2a: Togekiss|85\/100\n|-singleturn|p2a: Togekiss|move: Roost\n|\n|-weather|Hail|[upkeep]\n|-damage|p1a: Nipple Electricity|58\/100|[from] Hail\n|-damage|p2a: Togekiss|79\/100|[from] Hail\n|upkeep\n|turn|22\n|\n|t:|1667070434\n|move|p1a: Nipple Electricity|Thunderbolt|p2a: Togekiss\n|-supereffective|p2a: Togekiss\n|-damage|p2a: Togekiss|8\/100\n|move|p2a: Togekiss|Roost|p2a: Togekiss\n|-heal|p2a: Togekiss|58\/100\n|-singleturn|p2a: Togekiss|move: Roost\n|\n|-weather|none\n|upkeep\n|turn|23\n|\n|t:|1667070439\n|switch|p2a: Schlapor|Lopunny-Mega, F|82\/100\n|-damage|p2a: Schlapor|76\/100|[from] Stealth Rock\n|move|p1a: Nipple Electricity|Thunderbolt|p2a: Schlapor\n|-damage|p2a: Schlapor|21\/100\n|\n|upkeep\n|turn|24\n|\n|t:|1667070457\n|move|p1a: Nipple Electricity|Thunder Wave|p2a: Schlapor|[miss]\n|-miss|p1a: Nipple Electricity|p2a: Schlapor\n|move|p2a: Schlapor|Return|p1a: Nipple Electricity\n|-damage|p1a: Nipple Electricity|0 fnt\n|faint|p1a: Nipple Electricity\n|\n|upkeep\n|c|\u2606Rediyu|xD\n|\n|t:|1667070461\n|switch|p1a: Gonorrhea|Dragapult, F|82\/100\n|-damage|p1a: Gonorrhea|70\/100|[from] Stealth Rock\n|turn|25\n|c| Xernyl|ukk\n|\n|t:|1667070472\n|move|p1a: Gonorrhea|Phantom Force||[still]\n|-prepare|p1a: Gonorrhea|Phantom Force\n|move|p2a: Schlapor|Close Combat|p1a: Gonorrhea|[miss]\n|-miss|p2a: Schlapor|p1a: Gonorrhea\n|\n|upkeep\n|turn|26\n|\n|t:|1667070475\n|move|p1a: Gonorrhea|Phantom Force|p2a: Schlapor|[from]lockedmove\n|-immune|p2a: Schlapor\n|move|p2a: Schlapor|Return|p1a: Gonorrhea\n|-damage|p1a: Gonorrhea|0 fnt\n|faint|p1a: Gonorrhea\n|\n|win|Rediyu\n|c|\u2606EsCa(SO4)2|I am so mad rn\n|c|\u2606Rediyu|f\n|c| Krusty_K|;-;\n|c|\u2606EsCa(SO4)2|ngl\n|c| Silvershine2|Lets go!\n|c| Krusty_K|crazy game\n|c| memomiguel|I was hoping steel wing right here\n|c|\u2606EsCa(SO4)2|admittedly that twave miss wasn't game-ending\n|c|\u2606EsCa(SO4)2|the pump miss was really harsh tho, healthy buzzwole woulda been fun lategame\n|c| Silvershine2|did you have no other moves?\n|l| Hoiden Mooris\n|c|\u2606Rediyu|nah, the hydro miss tho\n|c|\u2606EsCa(SO4)2|twave just meant 50-50ing could be saved by hax at the end\n|c|\u2606EsCa(SO4)2|pump hitting meant probably alive starmie + buzzwole didn't have to play at low hp\n|c|\u2606Rediyu|true true\n|c|\u2606Rediyu|but to be fair, u got a rly spicy role on mesprit\n|l| Krusty_K\n|c| memomiguel|discussing rng in this game is fun\n|c|\u2606Rediyu|cant leak the set of course but it was in my favor by a lot\n|c|\u2606Rediyu|truuue\n|c|\u2606Rediyu|we all love rng\n","uploadtime":1667070534,"views":34,"p1id":"escaso42","p2id":"rediyu","formatid":"gen8nationaldexag","rating":0,"private":0,"password":null}