{"id":"gen8ou-1144766962","p1":"yuzhe","p2":"ElTester2000","format":"gen8ou","log":"|j|\u2606yuzhe\n|j|\u2606ElTester2000\n|player|p1|yuzhe|266|1454\n|player|p2|ElTester2000|126|1413\n|teamsize|p1|6\n|teamsize|p2|6\n|gametype|singles\n|gen|8\n|tier|[Gen 8] OU\n|rated|\n|clearpoke\n|poke|p1|Chansey, F|\n|poke|p1|Toxapex, M|\n|poke|p1|Salazzle, F|\n|poke|p1|Skarmory, M|\n|poke|p1|Seismitoad, F|\n|poke|p1|Tangrowth, M|\n|poke|p2|Poliwrath, M|\n|poke|p2|Pelipper, M|\n|poke|p2|Kingdra, M|\n|poke|p2|Ferrothorn, M|\n|poke|p2|Barraskewda, M|\n|poke|p2|Scizor, M|\n|rule|Sleep Clause Mod: Limit one foe put to sleep\n|rule|Species Clause: Limit one of each Pok\u00e9mon\n|rule|OHKO Clause: OHKO moves are banned\n|rule|Evasion Moves Clause: Evasion moves are banned\n|rule|Endless Battle Clause: Forcing endless battles is banned\n|rule|HP Percentage Mod: HP is shown in percentages\n|rule|Dynamax Clause: You cannot dynamax\n|teampreview\n|inactive|Battle timer is ON: inactive players will automatically lose when time's up. (requested by ElTester2000)\n|\n|start\n|switch|p1a: Seismitoad|Seismitoad, F|100\/100\n|switch|p2a: Sniper|Barraskewda, M|100\/100\n|turn|1\n|\n|switch|p2a: Pelikan|Pelipper, M|100\/100\n|-weather|RainDance|[from] ability: Drizzle|[of] p2a: Pelikan\n|move|p1a: Seismitoad|Stealth Rock|p2a: Pelikan\n|-sidestart|p2: ElTester2000|move: Stealth Rock\n|\n|-weather|RainDance|[upkeep]\n|upkeep\n|turn|2\n|\n|move|p1a: Seismitoad|Knock Off|p2a: Pelikan\n|-damage|p2a: Pelikan|86\/100\n|-enditem|p2a: Pelikan|Damp Rock|[from] move: Knock Off|[of] p1a: Seismitoad\n|move|p2a: Pelikan|Defog|p1a: Seismitoad\n|-unboost|p1a: Seismitoad|evasion|1\n|-sideend|p2: ElTester2000|Stealth Rock|[from] move: Defog|[of] p2a: Pelikan\n|\n|-weather|RainDance|[upkeep]\n|upkeep\n|turn|3\n|\n|switch|p2a: Drake|Kingdra, M|100\/100\n|move|p1a: Seismitoad|Stealth Rock|p2a: Drake\n|-sidestart|p2: ElTester2000|move: Stealth Rock\n|\n|-weather|RainDance|[upkeep]\n|upkeep\n|turn|4\n|\n|switch|p1a: Chansey|Chansey, F|100\/100\n|move|p2a: Drake|Flip Turn|p1a: Chansey\n|-crit|p1a: Chansey\n|-damage|p1a: Chansey|75\/100\n|\n|switch|p2a: Pelikan|Pelipper, M|86\/100|[from]move: Flip Turn\n|-damage|p2a: Pelikan|61\/100|[from] Stealth Rock\n|\n|-weather|RainDance|[upkeep]\n|upkeep\n|turn|5\n|\n|switch|p1a: Seismitoad|Seismitoad, F|100\/100\n|move|p2a: Pelikan|Defog|p1a: Seismitoad\n|-unboost|p1a: Seismitoad|evasion|1\n|-sideend|p2: ElTester2000|Stealth Rock|[from] move: Defog|[of] p2a: Pelikan\n|\n|-weather|RainDance|[upkeep]\n|upkeep\n|turn|6\n|\n|switch|p2a: Cacharcas|Ferrothorn, M|100\/100\n|move|p1a: Seismitoad|Stealth Rock|p2a: Cacharcas\n|-sidestart|p2: ElTester2000|move: Stealth Rock\n|\n|-weather|RainDance|[upkeep]\n|upkeep\n|turn|7\n|\n|switch|p1a: Salazzle|Salazzle, F|100\/100\n|move|p2a: Cacharcas|Stealth Rock|p1a: Salazzle\n|-sidestart|p1: yuzhe|move: Stealth Rock\n|\n|-weather|RainDance|[upkeep]\n|upkeep\n|turn|8\n|\n|move|p1a: Salazzle|Toxic|p2a: Cacharcas\n|-status|p2a: Cacharcas|tox\n|move|p2a: Cacharcas|Knock Off|p1a: Salazzle\n|-damage|p1a: Salazzle|69\/100\n|-enditem|p1a: Salazzle|Black Sludge|[from] move: Knock Off|[of] p2a: Cacharcas\n|\n|-weather|none\n|-damage|p2a: Cacharcas|94\/100 tox|[from] psn\n|upkeep\n|turn|9\n|\n|switch|p2a: Pelikan|Pelipper, M|61\/100\n|-damage|p2a: Pelikan|36\/100|[from] Stealth Rock\n|-weather|RainDance|[from] ability: Drizzle|[of] p2a: Pelikan\n|move|p1a: Salazzle|Flamethrower|p2a: Pelikan\n|-resisted|p2a: Pelikan\n|-damage|p2a: Pelikan|25\/100\n|\n|-weather|RainDance|[upkeep]\n|upkeep\n|turn|10\n|\n|move|p1a: Salazzle|Toxic|p2a: Pelikan\n|-status|p2a: Pelikan|tox\n|move|p2a: Pelikan|U-turn|p1a: Salazzle\n|-resisted|p1a: Salazzle\n|-damage|p1a: Salazzle|66\/100\n|\n|switch|p2a: Buffo|Poliwrath, M|100\/100|[from]move: U-turn\n|-damage|p2a: Buffo|94\/100|[from] Stealth Rock\n|\n|-weather|RainDance|[upkeep]\n|upkeep\n|turn|11\n|\n|move|p1a: Salazzle|Protect|p1a: Salazzle\n|-singleturn|p1a: Salazzle|Protect\n|move|p2a: Buffo|Belly Drum|p2a: Buffo\n|-damage|p2a: Buffo|44\/100\n|-setboost|p2a: Buffo|atk|6|[from] move: Belly Drum\n|-enditem|p2a: Buffo|Sitrus Berry|[eat]\n|-heal|p2a: Buffo|69\/100|[from] item: Sitrus Berry\n|\n|-weather|RainDance|[upkeep]\n|upkeep\n|turn|12\n|\n|move|p2a: Buffo|Earthquake|p1a: Salazzle\n|-supereffective|p1a: Salazzle\n|-damage|p1a: Salazzle|0 fnt\n|faint|p1a: Salazzle\n|\n|-weather|RainDance|[upkeep]\n|upkeep\n|\n|switch|p1a: Skarmory|Skarmory, M|100\/100\n|-damage|p1a: Skarmory|88\/100|[from] Stealth Rock\n|turn|13\n|\n|move|p2a: Buffo|Liquidation|p1a: Skarmory\n|-damage|p1a: Skarmory|0 fnt\n|-damage|p2a: Buffo|53\/100|[from] item: Rocky Helmet|[of] p1a: Skarmory\n|faint|p1a: Skarmory\n|\n|-weather|none\n|upkeep\n|\n|switch|p1a: Tangrowth|Tangrowth, M|100\/100\n|-damage|p1a: Tangrowth|88\/100|[from] Stealth Rock\n|turn|14\n|\n|move|p2a: Buffo|Close Combat|p1a: Tangrowth\n|-damage|p1a: Tangrowth|0 fnt\n|-unboost|p2a: Buffo|def|1\n|-unboost|p2a: Buffo|spd|1\n|faint|p1a: Tangrowth\n|\n|upkeep\n|\n|switch|p1a: Toxapex|Toxapex, M|100\/100\n|-damage|p1a: Toxapex|88\/100|[from] Stealth Rock\n|turn|15\n|\n|move|p2a: Buffo|Earthquake|p1a: Toxapex\n|-supereffective|p1a: Toxapex\n|-damage|p1a: Toxapex|0 fnt\n|faint|p1a: Toxapex\n|\n|upkeep\n|\n|switch|p1a: Seismitoad|Seismitoad, F|100\/100\n|-damage|p1a: Seismitoad|94\/100|[from] Stealth Rock\n|turn|16\n|\n|move|p2a: Buffo|Close Combat|p1a: Seismitoad\n|-damage|p1a: Seismitoad|0 fnt\n|-unboost|p2a: Buffo|def|1\n|-unboost|p2a: Buffo|spd|1\n|faint|p1a: Seismitoad\n|\n|upkeep\n|\n|switch|p1a: Chansey|Chansey, F|75\/100\n|-damage|p1a: Chansey|62\/100|[from] Stealth Rock\n|turn|17\n|c|\u2606yuzhe|coverage too strong\n|\n|move|p2a: Buffo|Close Combat|p1a: Chansey\n|-supereffective|p1a: Chansey\n|-damage|p1a: Chansey|0 fnt\n|-unboost|p2a: Buffo|def|1\n|-unboost|p2a: Buffo|spd|1\n|faint|p1a: Chansey\n|\n|win|ElTester2000\n|c|\u2606ElTester2000|Thx\n|c|\u2606ElTester2000|Gg\n|c|\u2606yuzhe|gg\n","uploadtime":1593831798,"views":20,"p1id":"yuzhe","p2id":"eltester2000","formatid":"gen8ou","rating":0,"private":0,"password":null}