{"id":"gen8doublesou-1595225946","p1":"Sundo72","p2":"AlphaTherai","format":"gen8doublesou","log":"|j|\u2606Sundo72\n|j|\u2606AlphaTherai\n|t:|1655106483\n|gametype|doubles\n|player|p1|Sundo72|265|1162\n|player|p2|AlphaTherai|clemont|1251\n|teamsize|p1|6\n|teamsize|p2|6\n|gen|8\n|tier|[Gen 8] Doubles OU\n|rated|\n|rule|Species Clause: Limit one of each Pok\u00e9mon\n|rule|OHKO Clause: OHKO moves are banned\n|rule|Evasion Moves Clause: Evasion moves are banned\n|rule|Gravity Sleep Clause: The combination of sleep-inducing moves with imperfect accuracy and Gravity or Gigantamax Orbeetle are banned\n|rule|Endless Battle Clause: Forcing endless battles is banned\n|rule|HP Percentage Mod: HP is shown in percentages\n|rule|Dynamax Clause: You cannot dynamax\n|rule|Swagger Clause: Swagger is banned\n|clearpoke\n|poke|p1|Dracovish|\n|poke|p1|Tyranitar, M|\n|poke|p1|Regieleki|\n|poke|p1|Amoonguss, M|\n|poke|p1|Rillaboom, M|\n|poke|p1|Incineroar, F|\n|poke|p2|Hatterene, F|\n|poke|p2|Indeedee-F, F|\n|poke|p2|Amoonguss, M|\n|poke|p2|Stakataka|\n|poke|p2|Diancie|\n|poke|p2|Rhyperior, F|\n|teampreview\n|\n|t:|1655106488\n|start\n|switch|p1a: Dracovish|Dracovish|100\/100\n|switch|p1b: Tyranitar|Tyranitar, M|100\/100\n|switch|p2a: Hatterene|Hatterene, F|100\/100\n|switch|p2b: Indeedee|Indeedee-F, F|100\/100\n|-weather|Sandstorm|[from] ability: Sand Stream|[of] p1b: Tyranitar\n|-fieldstart|move: Psychic Terrain|[from] ability: Psychic Surge|[of] p2b: Indeedee\n|turn|1\n|\n|t:|1655106507\n|move|p2b: Indeedee|Follow Me|p2b: Indeedee\n|-singleturn|p2b: Indeedee|move: Follow Me\n|move|p1a: Dracovish|Fishious Rend|p2b: Indeedee\n|-damage|p2b: Indeedee|43\/100\n|move|p1b: Tyranitar|Rock Slide|p2a: Hatterene|[spread] p2a,p2b\n|-damage|p2a: Hatterene|63\/100\n|-damage|p2b: Indeedee|0 fnt\n|faint|p2b: Indeedee\n|move|p2a: Hatterene|Trick Room|p2a: Hatterene\n|-fieldstart|move: Trick Room|[of] p2a: Hatterene\n|\n|-weather|Sandstorm|[upkeep]\n|-damage|p2a: Hatterene|57\/100|[from] Sandstorm\n|upkeep\n|\n|t:|1655106529\n|switch|p2b: Amoonguss|Amoonguss, M|100\/100\n|turn|2\n|\n|t:|1655106555\n|switch|p1a: Incineroar|Incineroar, F|100\/100\n|-ability|p1a: Incineroar|Intimidate|boost\n|-unboost|p2a: Hatterene|atk|1\n|-unboost|p2b: Amoonguss|atk|1\n|move|p2b: Amoonguss|Rage Powder|p2b: Amoonguss\n|-singleturn|p2b: Amoonguss|move: Rage Powder\n|move|p2a: Hatterene|Dazzling Gleam|p1b: Tyranitar|[spread] p1a,p1b\n|-supereffective|p1b: Tyranitar\n|-damage|p1a: Incineroar|75\/100\n|-damage|p1b: Tyranitar|70\/100\n|-enditem|p1b: Tyranitar|Weakness Policy\n|-boost|p1b: Tyranitar|atk|2|[from] item: Weakness Policy\n|-boost|p1b: Tyranitar|spa|2|[from] item: Weakness Policy\n|move|p1b: Tyranitar|Curse|p1b: Tyranitar\n|-unboost|p1b: Tyranitar|spe|1\n|-boost|p1b: Tyranitar|atk|1\n|-boost|p1b: Tyranitar|def|1\n|\n|-weather|Sandstorm|[upkeep]\n|-damage|p2a: Hatterene|51\/100|[from] Sandstorm\n|-damage|p2b: Amoonguss|94\/100|[from] Sandstorm\n|-damage|p1a: Incineroar|69\/100|[from] Sandstorm\n|upkeep\n|turn|3\n|\n|t:|1655106578\n|move|p2a: Hatterene|Dazzling Gleam|p1a: Incineroar|[spread] p1a,p1b\n|-supereffective|p1b: Tyranitar\n|-damage|p1a: Incineroar|45\/100\n|-damage|p1b: Tyranitar|40\/100\n|move|p2b: Amoonguss|Toxic|p1a: Incineroar\n|-status|p1a: Incineroar|tox\n|move|p1b: Tyranitar|Rock Slide|p2b: Amoonguss|[spread] p2b\n|-miss|p1b: Tyranitar|p2a: Hatterene\n|-damage|p2b: Amoonguss|12\/100\n|move|p1a: Incineroar|Darkest Lariat|p2a: Hatterene\n|-damage|p2a: Hatterene|1\/100\n|\n|-weather|Sandstorm|[upkeep]\n|-damage|p2a: Hatterene|0 fnt|[from] Sandstorm\n|-damage|p2b: Amoonguss|6\/100|[from] Sandstorm\n|-damage|p1a: Incineroar|39\/100 tox|[from] Sandstorm\n|faint|p2a: Hatterene\n|-damage|p1a: Incineroar|33\/100 tox|[from] psn\n|upkeep\n|\n|t:|1655106595\n|switch|p2a: Rhyperior|Rhyperior, F|100\/100\n|turn|4\n|\n|t:|1655106610\n|move|p2b: Amoonguss|Rage Powder|p2b: Amoonguss\n|-singleturn|p2b: Amoonguss|move: Rage Powder\n|move|p2a: Rhyperior|Earthquake|p1a: Incineroar|[spread] p2b,p1a,p1b\n|-supereffective|p1a: Incineroar\n|-supereffective|p1b: Tyranitar\n|-damage|p2b: Amoonguss|0 fnt\n|-damage|p1a: Incineroar|0 fnt\n|-damage|p1b: Tyranitar|0 fnt\n|faint|p2b: Amoonguss\n|faint|p1a: Incineroar\n|faint|p1b: Tyranitar\n|\n|-weather|Sandstorm|[upkeep]\n|upkeep\n|\n|t:|1655106621\n|switch|p2b: Stakataka|Stakataka|100\/100\n|switch|p1a: Rillaboom|Rillaboom, M|100\/100\n|switch|p1b: Dracovish|Dracovish|100\/100\n|-fieldstart|move: Grassy Terrain|[from] ability: Grassy Surge|[of] p1a: Rillaboom\n|turn|5\n|\n|t:|1655106644\n|move|p1a: Rillaboom|Grassy Glide|p2b: Stakataka\n|-damage|p2b: Stakataka|72\/100\n|-damage|p1a: Rillaboom|84\/100|[from] item: Rocky Helmet|[of] p2b: Stakataka\n|move|p2b: Stakataka|Gyro Ball|p1a: Rillaboom\n|-damage|p1a: Rillaboom|0 fnt\n|faint|p1a: Rillaboom\n|-ability|p2b: Stakataka|Beast Boost|boost\n|-boost|p2b: Stakataka|def|1\n|move|p2a: Rhyperior|Rock Slide|p1b: Dracovish\n|-damage|p1b: Dracovish|55\/100\n|move|p1b: Dracovish|Fishious Rend|p2b: Stakataka\n|-supereffective|p2b: Stakataka\n|-damage|p2b: Stakataka|47\/100\n|-damage|p1b: Dracovish|38\/100|[from] item: Rocky Helmet|[of] p2b: Stakataka\n|\n|-weather|none\n|-heal|p2b: Stakataka|54\/100|[from] Grassy Terrain\n|-heal|p1b: Dracovish|44\/100|[from] Grassy Terrain\n|-fieldend|move: Trick Room\n|upkeep\n|\n|t:|1655106662\n|switch|p1a: Amoonguss|Amoonguss, M|100\/100\n|turn|6\n|\n|t:|1655106670\n|move|p1b: Dracovish|Fishious Rend|p2b: Stakataka\n|-supereffective|p2b: Stakataka\n|-damage|p2b: Stakataka|4\/100\n|-damage|p1b: Dracovish|28\/100|[from] item: Rocky Helmet|[of] p2b: Stakataka\n|move|p1a: Amoonguss|Spore|p2a: Rhyperior\n|-status|p2a: Rhyperior|slp|[from] move: Spore\n|cant|p2a: Rhyperior|slp\n|move|p2b: Stakataka|Trick Room|p2b: Stakataka\n|-fieldstart|move: Trick Room|[of] p2b: Stakataka\n|\n|-heal|p2b: Stakataka|10\/100|[from] Grassy Terrain\n|-heal|p1b: Dracovish|34\/100|[from] Grassy Terrain\n|upkeep\n|turn|7\n|\n|t:|1655106692\n|switch|p2a: Diancie|Diancie|100\/100\n|-item|p2a: Diancie|Air Balloon\n|move|p1a: Amoonguss|Rage Powder|p1a: Amoonguss\n|-singleturn|p1a: Amoonguss|move: Rage Powder\n|move|p2b: Stakataka|Gyro Ball|p1a: Amoonguss\n|-damage|p1a: Amoonguss|57\/100\n|move|p1b: Dracovish|Fishious Rend|p2b: Stakataka\n|-supereffective|p2b: Stakataka\n|-damage|p2b: Stakataka|0 fnt\n|-damage|p1b: Dracovish|18\/100|[from] item: Rocky Helmet|[of] p2b: Stakataka\n|faint|p2b: Stakataka\n|\n|-heal|p1a: Amoonguss|63\/100|[from] Grassy Terrain\n|-heal|p1b: Dracovish|24\/100|[from] Grassy Terrain\n|upkeep\n|\n|t:|1655106700\n|switch|p2b: Rhyperior|Rhyperior, F|100\/100 slp\n|turn|8\n|\n|t:|1655106711\n|-curestatus|p2b: Rhyperior|slp|[msg]\n|move|p2b: Rhyperior|Earthquake|p1a: Amoonguss|[spread] p1a,p1b\n|-immune|p2a: Diancie\n|-damage|p1a: Amoonguss|41\/100\n|-damage|p1b: Dracovish|0 fnt\n|faint|p1b: Dracovish\n|move|p1a: Amoonguss|Spore|p2a: Diancie\n|-status|p2a: Diancie|slp|[from] move: Spore\n|cant|p2a: Diancie|slp\n|\n|-heal|p1a: Amoonguss|47\/100|[from] Grassy Terrain\n|upkeep\n|\n|t:|1655106722\n|switch|p1b: Regieleki|Regieleki|100\/100\n|turn|9\n|c|\u2606AlphaTherai|wowwwwwwwwwww\n|\n|t:|1655106734\n|move|p2b: Rhyperior|Earthquake|p1b: Regieleki|[spread] p1a,p1b\n|-immune|p2a: Diancie\n|-supereffective|p1b: Regieleki\n|-crit|p1b: Regieleki\n|-damage|p1a: Amoonguss|27\/100\n|-damage|p1b: Regieleki|0 fnt\n|faint|p1b: Regieleki\n|move|p1a: Amoonguss|Energy Ball|p2b: Rhyperior\n|-supereffective|p2b: Rhyperior\n|-damage|p2b: Rhyperior|0 fnt\n|faint|p2b: Rhyperior\n|-curestatus|p2a: Diancie|slp|[msg]\n|move|p2a: Diancie|Diamond Storm|p1a: Amoonguss\n|-damage|p1a: Amoonguss|0 fnt\n|-boost|p2a: Diancie|def|2\n|faint|p1a: Amoonguss\n|\n|win|AlphaTherai\n|raw|Sundo72's rating: 1162 &rarr; <strong>1143<\/strong><br \/>(-19 for losing)\n|raw|AlphaTherai's rating: 1251 &rarr; <strong>1270<\/strong><br \/>(+19 for winning)\n|l|\u2606Sundo72\n","uploadtime":1655106752,"views":7,"p1id":"sundo72","p2id":"alphatherai","formatid":"gen8doublesou","rating":1143,"private":0,"password":null}