{"id":"gen8ou-1702254200","p1":"dracaufeu shiny","p2":"minimax_ai","format":"gen8ou","log":"|j|\u2606dracaufeu shiny\n|j|\u2606minimax_ai\n|t:|1667526166\n|gametype|singles\n|player|p1|dracaufeu shiny|red|1630\n|player|p2|minimax_ai|lusamine-nihilego|1590\n|teamsize|p1|6\n|teamsize|p2|6\n|gen|8\n|tier|[Gen 8] OU\n|rated|\n|rule|Sleep Clause Mod: Limit one foe put to sleep\n|rule|Species Clause: Limit one of each Pok\u00e9mon\n|rule|OHKO Clause: OHKO moves are banned\n|rule|Evasion Items Clause: Evasion items are banned\n|rule|Evasion Moves Clause: Evasion moves are banned\n|rule|Endless Battle Clause: Forcing endless battles is banned\n|rule|HP Percentage Mod: HP is shown in percentages\n|rule|Dynamax Clause: You cannot dynamax\n|clearpoke\n|poke|p1|Pelipper, F|\n|poke|p1|Tyranitar, M|\n|poke|p1|Ferrothorn, F|\n|poke|p1|Zapdos|\n|poke|p1|Urshifu-*, M|\n|poke|p1|Excadrill, M|\n|poke|p2|Rotom-Wash|\n|poke|p2|Weavile, F|\n|poke|p2|Landorus-Therian, M|\n|poke|p2|Heatran, M|\n|poke|p2|Tangrowth, F|\n|poke|p2|Melmetal|\n|teampreview\n|c|\u2606minimax_ai|hf\n|inactive|Battle timer is ON: inactive players will automatically lose when time's up. (requested by minimax_ai)\n|\n|t:|1667526179\n|start\n|switch|p1a: Pelipper|Pelipper, F|100\/100\n|switch|p2a: Tangrowth|Tangrowth, F|100\/100\n|-weather|RainDance|[from] ability: Drizzle|[of] p1a: Pelipper\n|turn|1\n|\n|t:|1667526183\n|switch|p2a: rotomwash|Rotom-Wash|100\/100\n|move|p1a: Pelipper|Hurricane|p2a: rotomwash\n|-resisted|p2a: rotomwash\n|-damage|p2a: rotomwash|58\/100\n|\n|-weather|RainDance|[upkeep]\n|-heal|p2a: rotomwash|65\/100|[from] item: Leftovers\n|upkeep\n|turn|2\n|\n|t:|1667526186\n|switch|p1a: Ferrothorn|Ferrothorn, F|100\/100\n|move|p2a: rotomwash|Hydro Pump|p1a: Ferrothorn\n|-resisted|p1a: Ferrothorn\n|-damage|p1a: Ferrothorn|75\/100\n|\n|-weather|RainDance|[upkeep]\n|-heal|p2a: rotomwash|71\/100|[from] item: Leftovers\n|-heal|p1a: Ferrothorn|81\/100|[from] item: Leftovers\n|upkeep\n|turn|3\n|\n|t:|1667526188\n|switch|p2a: landorustherian|Landorus-Therian, M|100\/100\n|-ability|p2a: landorustherian|Intimidate|boost\n|-unboost|p1a: Ferrothorn|atk|1\n|move|p1a: Ferrothorn|Stealth Rock|p2a: landorustherian\n|-sidestart|p2: minimax_ai|move: Stealth Rock\n|\n|-weather|RainDance|[upkeep]\n|-heal|p1a: Ferrothorn|87\/100|[from] item: Leftovers\n|upkeep\n|turn|4\n|\n|t:|1667526191\n|move|p2a: landorustherian|Defog|p1a: Ferrothorn\n|-unboost|p1a: Ferrothorn|evasion|1\n|-sideend|p2: minimax_ai|Stealth Rock|[from] move: Defog|[of] p2a: landorustherian\n|move|p1a: Ferrothorn|Knock Off|p2a: landorustherian\n|-damage|p2a: landorustherian|86\/100\n|-enditem|p2a: landorustherian|Leftovers|[from] move: Knock Off|[of] p1a: Ferrothorn\n|\n|-weather|RainDance|[upkeep]\n|-heal|p1a: Ferrothorn|93\/100|[from] item: Leftovers\n|upkeep\n|turn|5\n|\n|t:|1667526193\n|move|p2a: landorustherian|U-turn|p1a: Ferrothorn\n|-damage|p1a: Ferrothorn|81\/100\n|-damage|p2a: landorustherian|73\/100|[from] ability: Iron Barbs|[of] p1a: Ferrothorn\n|\n|t:|1667526193\n|switch|p2a: Heatran|Heatran, M|100\/100|[from]move: U-turn\n|-item|p2a: Heatran|Air Balloon\n|move|p1a: Ferrothorn|Stealth Rock|p2a: Heatran\n|-sidestart|p2: minimax_ai|move: Stealth Rock\n|\n|-weather|none\n|-heal|p1a: Ferrothorn|87\/100|[from] item: Leftovers\n|upkeep\n|turn|6\n|\n|t:|1667526196\n|switch|p1a: Pelipper|Pelipper, F|100\/100\n|-weather|RainDance|[from] ability: Drizzle|[of] p1a: Pelipper\n|move|p2a: Heatran|Stealth Rock|p1a: Pelipper\n|-sidestart|p1: dracaufeu shiny|move: Stealth Rock\n|\n|-weather|RainDance|[upkeep]\n|upkeep\n|turn|7\n|\n|t:|1667526199\n|switch|p2a: rotomwash|Rotom-Wash|71\/100\n|-damage|p2a: rotomwash|58\/100|[from] Stealth Rock\n|move|p1a: Pelipper|Weather Ball|p2a: rotomwash\n|-resisted|p2a: rotomwash\n|-damage|p2a: rotomwash|4\/100\n|\n|-weather|RainDance|[upkeep]\n|-heal|p2a: rotomwash|10\/100|[from] item: Leftovers\n|upkeep\n|turn|8\n|\n|t:|1667526207\n|switch|p1a: Excadrill|Excadrill, M|100\/100\n|-damage|p1a: Excadrill|97\/100|[from] Stealth Rock\n|move|p2a: rotomwash|Hydro Pump|p1a: Excadrill\n|-supereffective|p1a: Excadrill\n|-damage|p1a: Excadrill|0 fnt\n|faint|p1a: Excadrill\n|\n|-weather|RainDance|[upkeep]\n|-heal|p2a: rotomwash|17\/100|[from] item: Leftovers\n|upkeep\n|\n|t:|1667526215\n|switch|p1a: Urshifu|Urshifu-Rapid-Strike, M|100\/100\n|-damage|p1a: Urshifu|94\/100|[from] Stealth Rock\n|turn|9\n|\n|t:|1667526217\n|switch|p2a: Tangrowth|Tangrowth, F|100\/100\n|-damage|p2a: Tangrowth|88\/100|[from] Stealth Rock\n|move|p1a: Urshifu|U-turn|p2a: Tangrowth\n|-supereffective|p2a: Tangrowth\n|-damage|p2a: Tangrowth|63\/100\n|-damage|p1a: Urshifu|78\/100|[from] item: Rocky Helmet|[of] p2a: Tangrowth\n|\n|t:|1667526223\n|switch|p1a: Zapdos|Zapdos|100\/100|[from]move: U-turn\n|\n|-weather|RainDance|[upkeep]\n|upkeep\n|turn|10\n|\n|t:|1667526228\n|switch|p2a: Melmetal|Melmetal|100\/100\n|-damage|p2a: Melmetal|94\/100|[from] Stealth Rock\n|move|p1a: Zapdos|Hurricane|p2a: Melmetal\n|-resisted|p2a: Melmetal\n|-damage|p2a: Melmetal|82\/100\n|\n|-weather|none\n|upkeep\n|turn|11\n|\n|t:|1667526232\n|move|p1a: Zapdos|Volt Switch|p2a: Melmetal\n|-damage|p2a: Melmetal|68\/100\n|\n|t:|1667526233\n|switch|p1a: Ferrothorn|Ferrothorn, F|87\/100|[from]move: Volt Switch\n|-damage|p1a: Ferrothorn|81\/100|[from] Stealth Rock\n|move|p2a: Melmetal|Ice Punch|p1a: Ferrothorn\n|-damage|p1a: Ferrothorn|62\/100\n|-damage|p2a: Melmetal|55\/100|[from] ability: Iron Barbs|[of] p1a: Ferrothorn\n|\n|-heal|p1a: Ferrothorn|68\/100|[from] item: Leftovers\n|upkeep\n|turn|12\n|\n|t:|1667526236\n|move|p2a: Melmetal|Ice Punch|p1a: Ferrothorn\n|-damage|p1a: Ferrothorn|47\/100\n|-damage|p2a: Melmetal|43\/100|[from] ability: Iron Barbs|[of] p1a: Ferrothorn\n|move|p1a: Ferrothorn|Leech Seed|p2a: Melmetal|[miss]\n|-miss|p1a: Ferrothorn|p2a: Melmetal\n|\n|-heal|p1a: Ferrothorn|54\/100|[from] item: Leftovers\n|upkeep\n|turn|13\n|\n|t:|1667526239\n|move|p2a: Melmetal|Double Iron Bash|p1a: Ferrothorn\n|-resisted|p1a: Ferrothorn\n|-damage|p1a: Ferrothorn|42\/100\n|-damage|p2a: Melmetal|30\/100|[from] ability: Iron Barbs|[of] p1a: Ferrothorn\n|-resisted|p1a: Ferrothorn\n|-damage|p1a: Ferrothorn|31\/100\n|-damage|p2a: Melmetal|18\/100|[from] ability: Iron Barbs|[of] p1a: Ferrothorn\n|-hitcount|p1a: Ferrothorn|2\n|cant|p1a: Ferrothorn|flinch\n|\n|-heal|p1a: Ferrothorn|37\/100|[from] item: Leftovers\n|upkeep\n|turn|14\n|\n|t:|1667526241\n|move|p2a: Melmetal|Ice Punch|p1a: Ferrothorn\n|-damage|p1a: Ferrothorn|17\/100\n|-damage|p2a: Melmetal|5\/100|[from] ability: Iron Barbs|[of] p1a: Ferrothorn\n|move|p1a: Ferrothorn|Leech Seed|p2a: Melmetal\n|-start|p2a: Melmetal|move: Leech Seed\n|\n|-heal|p1a: Ferrothorn|23\/100|[from] item: Leftovers\n|-damage|p2a: Melmetal|0 fnt|[from] Leech Seed|[of] p1a: Ferrothorn\n|-heal|p1a: Ferrothorn|29\/100|[silent]\n|faint|p2a: Melmetal\n|upkeep\n|\n|t:|1667526241\n|switch|p2a: Heatran|Heatran, M|100\/100\n|-damage|p2a: Heatran|88\/100|[from] Stealth Rock\n|-item|p2a: Heatran|Air Balloon\n|turn|15\n|\n|t:|1667526245\n|move|p2a: Heatran|Eruption|p1a: Ferrothorn\n|-supereffective|p1a: Ferrothorn\n|-damage|p1a: Ferrothorn|0 fnt\n|faint|p1a: Ferrothorn\n|\n|upkeep\n|\n|t:|1667526254\n|switch|p1a: Tyranitar|Tyranitar, M|100\/100\n|-damage|p1a: Tyranitar|88\/100|[from] Stealth Rock\n|-weather|Sandstorm|[from] ability: Sand Stream|[of] p1a: Tyranitar\n|turn|16\n|\n|t:|1667526261\n|switch|p2a: Tangrowth|Tangrowth, F|96\/100\n|-damage|p2a: Tangrowth|84\/100|[from] Stealth Rock\n|move|p1a: Tyranitar|Crunch|p2a: Tangrowth\n|-damage|p2a: Tangrowth|49\/100\n|-unboost|p2a: Tangrowth|def|1\n|-damage|p1a: Tyranitar|72\/100|[from] item: Rocky Helmet|[of] p2a: Tangrowth\n|\n|-weather|Sandstorm|[upkeep]\n|-damage|p2a: Tangrowth|43\/100|[from] Sandstorm\n|upkeep\n|turn|17\n|\n|t:|1667526264\n|switch|p2a: Weavile|Weavile, F|100\/100\n|-damage|p2a: Weavile|76\/100|[from] Stealth Rock\n|-ability|p2a: Weavile|Pressure\n|move|p1a: Tyranitar|Crunch|p2a: Weavile\n|-resisted|p2a: Weavile\n|-damage|p2a: Weavile|13\/100\n|-unboost|p2a: Weavile|def|1\n|\n|-weather|Sandstorm|[upkeep]\n|-damage|p2a: Weavile|7\/100|[from] Sandstorm\n|upkeep\n|turn|18\n|\n|t:|1667526268\n|move|p2a: Weavile|Triple Axel|p1a: Tyranitar\n|-damage|p1a: Tyranitar|58\/100\n|-damage|p1a: Tyranitar|30\/100\n|-damage|p1a: Tyranitar|0 fnt\n|faint|p1a: Tyranitar\n|-hitcount|p1: Tyranitar|3\n|\n|-weather|Sandstorm|[upkeep]\n|-damage|p2a: Weavile|0 fnt|[from] Sandstorm\n|faint|p2a: Weavile\n|upkeep\n|\n|t:|1667526275\n|switch|p2a: Tangrowth|Tangrowth, F|76\/100\n|switch|p1a: Zapdos|Zapdos|100\/100\n|-damage|p2a: Tangrowth|63\/100|[from] Stealth Rock\n|turn|19\n|\n|t:|1667526277\n|switch|p2a: landorustherian|Landorus-Therian, M|73\/100\n|-damage|p2a: landorustherian|61\/100|[from] Stealth Rock\n|-ability|p2a: landorustherian|Intimidate|boost\n|-unboost|p1a: Zapdos|atk|1\n|move|p1a: Zapdos|Hurricane|p2a: landorustherian\n|-damage|p2a: landorustherian|27\/100\n|-start|p2a: landorustherian|confusion\n|\n|-weather|Sandstorm|[upkeep]\n|-damage|p1a: Zapdos|94\/100|[from] Sandstorm\n|upkeep\n|turn|20\n|\n|t:|1667526279\n|move|p1a: Zapdos|Hurricane|p2a: landorustherian\n|-damage|p2a: landorustherian|0 fnt\n|faint|p2a: landorustherian\n|\n|-weather|none\n|upkeep\n|\n|t:|1667526279\n|switch|p2a: rotomwash|Rotom-Wash|17\/100\n|-damage|p2a: rotomwash|4\/100|[from] Stealth Rock\n|turn|21\n|\n|t:|1667526282\n|move|p1a: Zapdos|Volt Switch|p2a: rotomwash\n|-damage|p2a: rotomwash|0 fnt\n|faint|p2a: rotomwash\n|\n|t:|1667526285\n|switch|p1a: Pelipper|Pelipper, F|100\/100|[from]move: Volt Switch\n|-damage|p1a: Pelipper|76\/100|[from] Stealth Rock\n|-weather|RainDance|[from] ability: Drizzle|[of] p1a: Pelipper\n|\n|-weather|RainDance|[upkeep]\n|upkeep\n|\n|t:|1667526285\n|switch|p2a: Heatran|Heatran, M|88\/100\n|-damage|p2a: Heatran|76\/100|[from] Stealth Rock\n|-item|p2a: Heatran|Air Balloon\n|turn|22\n|\n|t:|1667526295\n|move|p2a: Heatran|Magma Storm|p1a: Pelipper|[miss]\n|-miss|p2a: Heatran|p1a: Pelipper\n|move|p1a: Pelipper|Weather Ball|p2a: Heatran\n|-supereffective|p2a: Heatran\n|-damage|p2a: Heatran|0 fnt\n|-enditem|p2a: Heatran|Air Balloon\n|faint|p2a: Heatran\n|\n|-weather|RainDance|[upkeep]\n|upkeep\n|\n|t:|1667526295\n|switch|p2a: Tangrowth|Tangrowth, F|97\/100\n|-damage|p2a: Tangrowth|84\/100|[from] Stealth Rock\n|turn|23\n|\n|t:|1667526297\n|move|p1a: Pelipper|Weather Ball|p2a: Tangrowth\n|-resisted|p2a: Tangrowth\n|-damage|p2a: Tangrowth|3\/100\n|move|p2a: Tangrowth|Sleep Powder|p1a: Pelipper\n|-status|p1a: Pelipper|slp|[from] move: Sleep Powder\n|\n|-weather|RainDance|[upkeep]\n|upkeep\n|turn|24\n|\n|t:|1667526301\n|cant|p1a: Pelipper|slp\n|move|p2a: Tangrowth|Knock Off|p1a: Pelipper\n|-damage|p1a: Pelipper|48\/100 slp\n|-enditem|p1a: Pelipper|Choice Specs|[from] move: Knock Off|[of] p2a: Tangrowth\n|\n|-weather|RainDance|[upkeep]\n|upkeep\n|turn|25\n|\n|t:|1667526302\n|-curestatus|p1a: Pelipper|slp|[msg]\n|move|p1a: Pelipper|Weather Ball|p2a: Tangrowth\n|-resisted|p2a: Tangrowth\n|-damage|p2a: Tangrowth|0 fnt\n|faint|p2a: Tangrowth\n|\n|win|dracaufeu shiny\n|raw|dracaufeu shiny's rating: 1630 &rarr; <strong>1648<\/strong><br \/>(+18 for winning)\n|raw|minimax_ai's rating: 1590 &rarr; <strong>1572<\/strong><br \/>(-18 for losing)\n|c|\u2606minimax_ai|gg\n|l|\u2606minimax_ai\n||Ladder isn't responding, score probably updated but might not have (Request timeout).\n","uploadtime":1667526304,"views":9,"p1id":"dracaufeushiny","p2id":"minimaxai","formatid":"gen8ou","rating":1572,"private":0,"password":null}