{"id":"gen8nationaldexag-1608656520","p1":"reionatro","p2":"Quiep","format":"gen8nationaldexag","log":"|j|\u2606reionatro\n|j|\u2606Quiep\n|inactive|Battle timer is ON: inactive players will automatically lose when time's up.\n|t:|1656754430\n|gametype|singles\n|player|p1|reionatro|170|\n|player|p2|Quiep|zisu|\n|teamsize|p1|6\n|teamsize|p2|6\n|gen|8\n|tier|[Gen 8] National Dex AG\n|rated|Tournament battle\n|rule|HP Percentage Mod: HP is shown in percentages\n|rule|Endless Battle Clause: Forcing endless battles is banned\n|clearpoke\n|poke|p1|Rayquaza|\n|poke|p1|Lunala|\n|poke|p1|Ferrothorn, M|\n|poke|p1|Necrozma-Dusk-Mane|\n|poke|p1|Arceus-*|\n|poke|p1|Yveltal|\n|poke|p2|Shuckle, F|\n|poke|p2|Yveltal|\n|poke|p2|Necrozma-Dusk-Mane|\n|poke|p2|Kyogre|\n|poke|p2|Zacian-*|\n|poke|p2|Rayquaza|\n|teampreview\n|j|*Lady Monita \u2600\n|j| BB-8-NU\n|inactive|Quiep also wants the timer to be on.\n|c|\u2606reionatro|hf\n|j| JJ09LIE\n|c|\u2606Quiep|u2\n|\n|t:|1656754456\n|start\n|switch|p1a: Ferrothorn|Ferrothorn, M|100\/100\n|switch|p2a: Zacian|Zacian-Crowned|100\/100\n|-ability|p2a: Zacian|Intrepid Sword|boost\n|-boost|p2a: Zacian|atk|1\n|turn|1\n|j| h-313\n|\n|t:|1656754471\n|switch|p1a: Necrozma|Necrozma-Dusk-Mane|100\/100\n|move|p2a: Zacian|Close Combat|p1a: Necrozma\n|-damage|p1a: Necrozma|59\/100\n|-unboost|p2a: Zacian|def|1\n|-unboost|p2a: Zacian|spd|1\n|\n|upkeep\n|turn|2\n|\n|t:|1656754477\n|switch|p2a: Yveltal|Yveltal|100\/100\n|-ability|p2a: Yveltal|Dark Aura\n|move|p1a: Necrozma|Sunsteel Strike|p2a: Yveltal\n|-damage|p2a: Yveltal|58\/100\n|\n|upkeep\n|turn|3\n|c| h-313|idk y but ultra necrozma isnt famous in this tier\n|c|\u2606Quiep|not really\n|\n|t:|1656754503\n|switch|p2a: Shuckle|Shuckle, F|100\/100\n|switch|p1a: Ferrothorn|Ferrothorn, M|100\/100\n|\n|upkeep\n|turn|4\n|c| h-313|and its better than any other necrozma\n|c|\u2606Quiep|havent faced it once\n|c|\u2606Quiep|nah\n|c|\u2606Quiep|reg is better\n|c|\u2606Quiep|imo\n|j| ragnarok362\n|\n|t:|1656754520\n|move|p1a: Ferrothorn|Spikes|p2a: Shuckle\n|-sidestart|p2: Quiep|Spikes\n|move|p2a: Shuckle|Sticky Web|p1a: Ferrothorn\n|-sidestart|p1: reionatro|move: Sticky Web\n|\n|upkeep\n|turn|5\n|c|\u2606reionatro|in ag?\n|j| meert\n|l| ragnarok362\n|c|\u2606Quiep|yea\n|c|\u2606Quiep|cause bulk\n|\n|t:|1656754534\n|move|p1a: Ferrothorn|Spikes|p2a: Shuckle\n|-sidestart|p2: Quiep|Spikes\n|move|p2a: Shuckle|Stealth Rock|p1a: Ferrothorn\n|-sidestart|p1: reionatro|move: Stealth Rock\n|\n|upkeep\n|turn|6\n|c| h-313|i use dragon dance on my team\n|c| h-313|and its really good\n|j| mangapaul123\n|c|\u2606Quiep|and stronger mons are everywhere\n|\n|t:|1656754547\n|move|p1a: Ferrothorn|Knock Off|p2a: Shuckle\n|-damage|p2a: Shuckle|89\/100\n|-enditem|p2a: Shuckle|Custap Berry|[from] move: Knock Off|[of] p1a: Ferrothorn\n|move|p2a: Shuckle|Final Gambit|p1a: Ferrothorn\n|-damage|p1a: Ferrothorn|39\/100\n|faint|p2a: Shuckle\n|\n|-heal|p1a: Ferrothorn|45\/100|[from] item: Leftovers\n|upkeep\n|\n|t:|1656754553\n|switch|p2a: Yveltal|Yveltal|58\/100\n|-ability|p2a: Yveltal|Dark Aura\n|turn|7\n|\n|t:|1656754557\n|move|p2a: Yveltal|Heat Wave|p1a: Ferrothorn\n|-supereffective|p1a: Ferrothorn\n|-damage|p1a: Ferrothorn|0 fnt\n|faint|p1a: Ferrothorn\n|-damage|p2a: Yveltal|48\/100|[from] item: Life Orb\n|\n|upkeep\n|\n|t:|1656754567\n|switch|p1a: Rayquaza|Rayquaza|100\/100\n|-damage|p1a: Rayquaza|76\/100|[from] Stealth Rock\n|-ability|p1a: Rayquaza|Air Lock\n|turn|8\n|\n|t:|1656754572\n|detailschange|p1a: Rayquaza|Rayquaza-Mega\n|-mega|p1a: Rayquaza|Rayquaza|\n|-weather|DeltaStream|[from] ability: Delta Stream|[of] p1a: Rayquaza\n|move|p1a: Rayquaza|Dragon Ascent|p2a: Yveltal\n|-damage|p2a: Yveltal|0 fnt\n|-unboost|p1a: Rayquaza|def|1\n|-unboost|p1a: Rayquaza|spd|1\n|faint|p2a: Yveltal\n|\n|-weather|DeltaStream|[upkeep]\n|upkeep\n|j| Heaves fall\n|j| Excaliburro\n|\n|t:|1656754582\n|switch|p2a: Zacian|Zacian-Crowned|100\/100\n|-damage|p2a: Zacian|84\/100|[from] Spikes\n|-ability|p2a: Zacian|Intrepid Sword|boost\n|-boost|p2a: Zacian|atk|1\n|turn|9\n|j|+Pika Sup\n|l| Excaliburro\n|inactive|reionatro has 120 seconds left.\n|l|+Pika Sup\n|\n|t:|1656754625\n|-weather|none\n|switch|p1a: Arceus|Arceus|100\/100\n|-activate|p1a: Arceus|move: Sticky Web\n|-unboost|p1a: Arceus|spe|1\n|-damage|p1a: Arceus|88\/100|[from] Stealth Rock\n|move|p2a: Zacian|Behemoth Blade|p1a: Arceus\n|-damage|p1a: Arceus|24\/100\n|\n|-heal|p1a: Arceus|30\/100|[from] item: Leftovers\n|upkeep\n|turn|10\n|j| burritosBURRITOS\n|l| burritosBURRITOS\n|inactive|Quiep has 120 seconds left.\n|j| ETJX\n|\n|t:|1656754664\n|move|p2a: Zacian|Swords Dance|p2a: Zacian\n|-boost|p2a: Zacian|atk|2\n|move|p1a: Arceus|Shadow Ball|p2a: Zacian\n|-damage|p2a: Zacian|64\/100\n|\n|-heal|p1a: Arceus|36\/100|[from] item: Leftovers\n|upkeep\n|turn|11\n|inactive|reionatro has 120 seconds left.\n|c|\u2606Quiep|gg\n|\n|t:|1656754677\n|move|p2a: Zacian|Behemoth Blade|p1a: Arceus\n|-damage|p1a: Arceus|0 fnt\n|faint|p1a: Arceus\n|\n|upkeep\n|\n|t:|1656754683\n|switch|p1a: Lunala|Lunala|100\/100\n|turn|12\n|j| fil41c\n|j|+Pika Sup\n|inactive|reionatro has 120 seconds left.\n|l| ETJX\n|l| h-313\n|\n|t:|1656754703\n|move|p2a: Zacian|Behemoth Blade|p1a: Lunala\n|-damage|p1a: Lunala|53\/100\n|move|p1a: Lunala|Will-O-Wisp|p2a: Zacian\n|-status|p2a: Zacian|brn\n|\n|-damage|p2a: Zacian|58\/100 brn|[from] brn\n|upkeep\n|turn|13\n|\n|t:|1656754709\n|move|p2a: Zacian|Behemoth Blade|p1a: Lunala\n|-damage|p1a: Lunala|6\/100\n|move|p1a: Lunala|Roost|p1a: Lunala\n|-heal|p1a: Lunala|56\/100\n|-singleturn|p1a: Lunala|move: Roost\n|\n|-damage|p2a: Zacian|52\/100 brn|[from] brn\n|upkeep\n|turn|14\n|j| h-313\n|inactive|reionatro has 120 seconds left.\n|j|%ChaosLucaro\n|\n|t:|1656754721\n|-start|p1a: Lunala|Dynamax|\n|-heal|p1a: Lunala|56\/100|[silent]\n|move|p2a: Zacian|Behemoth Blade|p1a: Lunala\n|-damage|p1a: Lunala|11\/100\n|move|p1a: Lunala|Max Phantasm|p2a: Zacian\n|-damage|p2a: Zacian|0 fnt\n|faint|p2a: Zacian\n|\n|upkeep\n|\n|t:|1656754726\n|switch|p2a: Rayquaza|Rayquaza|100\/100\n|-ability|p2a: Rayquaza|Air Lock\n|turn|15\n|l| h-313\n|inactive|reionatro has 120 seconds left.\n|\n|t:|1656754742\n|detailschange|p2a: Rayquaza|Rayquaza-Mega\n|-mega|p2a: Rayquaza|Rayquaza|\n|-weather|DeltaStream|[from] ability: Delta Stream|[of] p2a: Rayquaza\n|move|p2a: Rayquaza|Dragon Ascent|p1a: Lunala\n|-damage|p1a: Lunala|0 fnt\n|-unboost|p2a: Rayquaza|def|1\n|-unboost|p2a: Rayquaza|spd|1\n|faint|p1a: Lunala\n|-damage|p2a: Rayquaza|91\/100|[from] item: Life Orb\n|\n|-weather|DeltaStream|[upkeep]\n|upkeep\n|\n|t:|1656754769\n|switch|p1a: Necrozma|Necrozma-Dusk-Mane|59\/100\n|turn|16\n|\n|t:|1656754772\n|move|p2a: Rayquaza|V-create|p1a: Necrozma\n|-supereffective|p1a: Necrozma\n|-damage|p1a: Necrozma|0 fnt\n|-unboost|p2a: Rayquaza|spe|1\n|-unboost|p2a: Rayquaza|def|1\n|-unboost|p2a: Rayquaza|spd|1\n|faint|p1a: Necrozma\n|-damage|p2a: Rayquaza|81\/100|[from] item: Life Orb\n|\n|-weather|DeltaStream|[upkeep]\n|upkeep\n|\n|t:|1656754776\n|switch|p1a: Rayquaza|Rayquaza-Mega|76\/100\n|-damage|p1a: Rayquaza|51\/100|[from] Stealth Rock\n|turn|17\n|\n|t:|1656754785\n|switch|p2a: Necrozma|Necrozma-Dusk-Mane|100\/100\n|-damage|p2a: Necrozma|84\/100|[from] Spikes\n|move|p1a: Rayquaza|Dragon Ascent|p2a: Necrozma\n|-resisted|p2a: Necrozma\n|-damage|p2a: Necrozma|45\/100\n|-unboost|p1a: Rayquaza|def|1\n|-unboost|p1a: Rayquaza|spd|1\n|\n|-weather|DeltaStream|[upkeep]\n|upkeep\n|turn|18\n|inactive|reionatro has 120 seconds left.\n|\n|t:|1656754794\n|-weather|none\n|switch|p1a: Yveltal|Yveltal|100\/100\n|-damage|p1a: Yveltal|76\/100|[from] Stealth Rock\n|-ability|p1a: Yveltal|Dark Aura\n|-start|p2a: Necrozma|Dynamax|\n|-heal|p2a: Necrozma|45\/100|[silent]\n|move|p2a: Necrozma|Max Steelspike|p1a: Yveltal\n|-damage|p1a: Yveltal|0 fnt\n|-boost|p2a: Necrozma|def|1\n|faint|p1a: Yveltal\n|-damage|p2a: Necrozma|40\/100|[from] item: Life Orb\n|\n|upkeep\n|inactive|reionatro has 120 seconds left.\n|c|\u2606Quiep|gg\n|\n|t:|1656754804\n|switch|p1a: Rayquaza|Rayquaza-Mega|51\/100\n|-damage|p1a: Rayquaza|26\/100|[from] Stealth Rock\n|-weather|DeltaStream|[from] ability: Delta Stream|[of] p1a: Rayquaza\n|turn|19\n|\n|t:|1656754811\n|move|p1a: Rayquaza|Dragon Ascent|p2a: Necrozma\n|-resisted|p2a: Necrozma\n|-damage|p2a: Necrozma|27\/100\n|-unboost|p1a: Rayquaza|def|1\n|-unboost|p1a: Rayquaza|spd|1\n|move|p2a: Necrozma|Max Steelspike|p1a: Rayquaza\n|-damage|p1a: Rayquaza|0 fnt\n|-boost|p2a: Necrozma|def|1\n|faint|p1a: Rayquaza\n|-weather|none\n|-damage|p2a: Necrozma|22\/100|[from] item: Life Orb\n|\n|win|Quiep\n|n|\u2606reionatro|reionatro\n|n|\u2606Quiep|quiep\n|n|*Lady Monita \u2600|ladymonita\n|n| BB-8-NU|bb8nu\n|n| JJ09LIE|jj09lie\n|n| meert|meert\n|n| mangapaul123|mangapaul123\n|n| Heaves fall|heavesfall\n|n| fil41c|fil41c\n|n| Pika Sup|pikasup\n|n| ChaosLucaro|chaoslucaro\n","uploadtime":1656754812,"views":5,"p1id":"reionatro","p2id":"quiep","formatid":"gen8nationaldexag","rating":0,"private":0,"password":null}