{"id":"gen8ou-1307935038","p1":"Del chef","p2":"Shmeateor Beam","format":"gen8ou","log":"|j|\u2606Del chef\n|j|\u2606Shmeateor Beam\n|t:|1616595671\n|player|p1|Del chef|bugcatcher-gen1|1510\n|player|p2|Shmeateor Beam|hiker-gen4|1569\n|teamsize|p1|6\n|teamsize|p2|6\n|gametype|singles\n|gen|8\n|tier|[Gen 8] OU\n|rated|\n|clearpoke\n|poke|p1|Volcarona, M|\n|poke|p1|Garchomp, F|\n|poke|p1|Mandibuzz, F|\n|poke|p1|Hatterene, F|\n|poke|p1|Ferrothorn, F|\n|poke|p1|Dragapult, F|\n|poke|p2|Celesteela|\n|poke|p2|Buzzwole|\n|poke|p2|Swampert, F|\n|poke|p2|Dragapult, M|\n|poke|p2|Bisharp, F|\n|poke|p2|Gengar, M|\n|rule|Sleep Clause Mod: Limit one foe put to sleep\n|rule|Species Clause: Limit one of each Pok\u00e9mon\n|rule|OHKO Clause: OHKO moves are banned\n|rule|Evasion Moves Clause: Evasion moves are banned\n|rule|Endless Battle Clause: Forcing endless battles is banned\n|rule|HP Percentage Mod: HP is shown in percentages\n|rule|Dynamax Clause: You cannot dynamax\n|teampreview\n|inactive|Battle timer is ON: inactive players will automatically lose when time's up. (requested by Shmeateor Beam)\n|\n|t:|1616595699\n|start\n|switch|p1a: Ferrothorn|Ferrothorn, F|100\/100\n|switch|p2a: Gengar|Gengar, M|100\/100\n|turn|1\n|\n|t:|1616595705\n|move|p2a: Gengar|Focus Blast|p1a: Ferrothorn\n|-supereffective|p1a: Ferrothorn\n|-damage|p1a: Ferrothorn|46\/100\n|move|p1a: Ferrothorn|Knock Off|p2a: Gengar\n|-supereffective|p2a: Gengar\n|-damage|p2a: Gengar|13\/100\n|-enditem|p2a: Gengar|Focus Sash|[from] move: Knock Off|[of] p1a: Ferrothorn\n|\n|-heal|p1a: Ferrothorn|52\/100|[from] item: Leftovers\n|upkeep\n|turn|2\n|\n|t:|1616595716\n|switch|p2a: Buzzwole|Buzzwole|100\/100\n|switch|p1a: Mandibuzz|Mandibuzz, F|100\/100\n|\n|upkeep\n|turn|3\n|\n|t:|1616595719\n|move|p2a: Buzzwole|Toxic|p1a: Mandibuzz\n|-status|p1a: Mandibuzz|tox\n|move|p1a: Mandibuzz|Toxic|p2a: Buzzwole\n|-status|p2a: Buzzwole|tox\n|\n|-damage|p2a: Buzzwole|94\/100 tox|[from] psn\n|-damage|p1a: Mandibuzz|94\/100 tox|[from] psn\n|upkeep\n|turn|4\n|\n|t:|1616595729\n|switch|p2a: Swampert|Swampert, F|100\/100\n|move|p1a: Mandibuzz|Knock Off|p2a: Swampert\n|-damage|p2a: Swampert|80\/100\n|-enditem|p2a: Swampert|Leftovers|[from] move: Knock Off|[of] p1a: Mandibuzz\n|\n|-damage|p1a: Mandibuzz|82\/100 tox|[from] psn\n|upkeep\n|turn|5\n|\n|t:|1616595740\n|move|p1a: Mandibuzz|Toxic|p2a: Swampert|[miss]\n|-miss|p1a: Mandibuzz|p2a: Swampert\n|move|p2a: Swampert|Flip Turn|p1a: Mandibuzz\n|-damage|p1a: Mandibuzz|66\/100 tox\n|\n|t:|1616595752\n|switch|p2a: Celesteela|Celesteela|100\/100|[from]move: Flip Turn\n|\n|-damage|p1a: Mandibuzz|48\/100 tox|[from] psn\n|upkeep\n|turn|6\n|j| GarliceJr\n|\n|t:|1616595760\n|move|p2a: Celesteela|Autotomize|p2a: Celesteela\n|-boost|p2a: Celesteela|spe|2\n|-start|p2a: Celesteela|Autotomize\n|move|p1a: Mandibuzz|Roost|p1a: Mandibuzz\n|-heal|p1a: Mandibuzz|98\/100 tox\n|-singleturn|p1a: Mandibuzz|move: Roost\n|\n|-damage|p1a: Mandibuzz|73\/100 tox|[from] psn\n|upkeep\n|turn|7\n|\n|t:|1616595772\n|switch|p1a: Ferrothorn|Ferrothorn, F|52\/100\n|move|p2a: Celesteela|Meteor Beam||[still]\n|-prepare|p2a: Celesteela|Meteor Beam\n|-boost|p2a: Celesteela|spa|1\n|-enditem|p2a: Celesteela|Power Herb\n|-anim|p2a: Celesteela|Meteor Beam|p1a: Ferrothorn\n|-resisted|p1a: Ferrothorn\n|-damage|p1a: Ferrothorn|34\/100\n|\n|-heal|p1a: Ferrothorn|40\/100|[from] item: Leftovers\n|upkeep\n|turn|8\n|\n|t:|1616595779\n|switch|p1a: Garchomp|Garchomp, F|100\/100\n|move|p2a: Celesteela|Flamethrower|p1a: Garchomp\n|-resisted|p1a: Garchomp\n|-damage|p1a: Garchomp|74\/100\n|-status|p1a: Garchomp|brn\n|\n|-damage|p1a: Garchomp|67\/100 brn|[from] brn\n|upkeep\n|turn|9\n|\n|t:|1616595804\n|move|p1a: Garchomp|Flamethrower|p2a: Celesteela\n|-supereffective|p2a: Celesteela\n|-damage|p2a: Celesteela|65\/100\n|move|p2a: Celesteela|Air Slash|p1a: Garchomp|[miss]\n|-miss|p2a: Celesteela|p1a: Garchomp\n|\n|-damage|p1a: Garchomp|61\/100 brn|[from] brn\n|upkeep\n|turn|10\n|\n|t:|1616595809\n|move|p1a: Garchomp|Flamethrower|p2a: Celesteela\n|-supereffective|p2a: Celesteela\n|-damage|p2a: Celesteela|29\/100\n|move|p2a: Celesteela|Air Slash|p1a: Garchomp\n|-damage|p1a: Garchomp|0 fnt\n|faint|p1a: Garchomp\n|-ability|p2a: Celesteela|Beast Boost|boost\n|-boost|p2a: Celesteela|spa|1\n|\n|upkeep\n|inactive|Del chef has 120 seconds left.\n|\n|t:|1616595838\n|switch|p1a: Mandibuzz|Mandibuzz, F|73\/100 tox\n|turn|11\n|\n|t:|1616595846\n|move|p2a: Celesteela|Meteor Beam||[still]\n|-prepare|p2a: Celesteela|Meteor Beam\n|-boost|p2a: Celesteela|spa|1\n|move|p1a: Mandibuzz|Knock Off|p2a: Celesteela\n|-damage|p2a: Celesteela|13\/100\n|\n|-damage|p1a: Mandibuzz|67\/100 tox|[from] psn\n|upkeep\n|turn|12\n|inactive|Del chef has 120 seconds left.\n|\n|t:|1616595863\n|move|p2a: Celesteela|Meteor Beam|p1a: Mandibuzz|[from]lockedmove\n|-supereffective|p1a: Mandibuzz\n|-damage|p1a: Mandibuzz|0 fnt\n|faint|p1a: Mandibuzz\n|-ability|p2a: Celesteela|Beast Boost|boost\n|-boost|p2a: Celesteela|spa|1\n|\n|upkeep\n|inactive|Del chef has 120 seconds left.\n|\n|t:|1616595870\n|switch|p1a: Hatterene|Hatterene, F|100\/100\n|turn|13\n|\n|t:|1616595874\n|move|p2a: Celesteela|Air Slash|p1a: Hatterene\n|-damage|p1a: Hatterene|0 fnt\n|faint|p1a: Hatterene\n|-ability|p2a: Celesteela|Beast Boost|boost\n|-boost|p2a: Celesteela|spa|1\n|\n|upkeep\n|inactive|Del chef has 120 seconds left.\n|\n|t:|1616595904\n|switch|p1a: Volcarona|Volcarona, M|100\/100\n|turn|14\n|\n|t:|1616595907\n|move|p2a: Celesteela|Air Slash|p1a: Volcarona\n|-supereffective|p1a: Volcarona\n|-damage|p1a: Volcarona|0 fnt\n|faint|p1a: Volcarona\n|-ability|p2a: Celesteela|Beast Boost|boost\n|-boost|p2a: Celesteela|spa|1\n|\n|upkeep\n|j| OU make me yawn\n|l| OU make me yawn\n|inactive|Del chef has 120 seconds left.\n|-message|Del chef forfeited.\n|\n|win|Shmeateor Beam\n|l|\u2606Del chef\n|raw|Del chef's rating: 1510 &rarr; <strong>1492<\/strong><br \/>(-18 for losing)\n|raw|Shmeateor Beam's rating: 1538 &rarr; <strong>1556<\/strong><br \/>(+18 for winning)\n|l| GarliceJr\n","uploadtime":1616595923,"views":29,"p1id":"delchef","p2id":"shmeateorbeam","formatid":"gen8ou","rating":1492,"private":0,"password":null}