{"id":"gen8ou-1632435478","p1":"LT92PFcry","p2":"reionatro","format":"gen8ou","log":"|raw|<div class=\"broadcast-blue\"><strong>This battle is required to be public due to a player having a name starting with 'lt92pf'.<\/div>\n|j|\u2606LT92PFcry\n|j|\u2606reionatro\n|t:|1659654912\n|gametype|singles\n|player|p1|LT92PFcry|#dpppl2022luckylucarios|1850\n|player|p2|reionatro|2|1827\n|teamsize|p1|6\n|teamsize|p2|6\n|gen|8\n|tier|[Gen 8] OU\n|rated|\n|rule|Sleep Clause Mod: Limit one foe put to sleep\n|rule|Species Clause: Limit one of each Pok\u00e9mon\n|rule|OHKO Clause: OHKO moves are banned\n|rule|Evasion Items Clause: Evasion items are banned\n|rule|Evasion Moves Clause: Evasion moves are banned\n|rule|Endless Battle Clause: Forcing endless battles is banned\n|rule|HP Percentage Mod: HP is shown in percentages\n|rule|Dynamax Clause: You cannot dynamax\n|clearpoke\n|poke|p1|Clefable, F|\n|poke|p1|Gastrodon, M|\n|poke|p1|Ferrothorn, M|\n|poke|p1|Volcarona, F|\n|poke|p1|Tornadus-Therian, M|\n|poke|p1|Tyranitar, M|\n|poke|p2|Nihilego|\n|poke|p2|Zapdos-Galar|\n|poke|p2|Kartana|\n|poke|p2|Celesteela|\n|poke|p2|Garchomp, M|\n|poke|p2|Tapu Fini|\n|teampreview\n|inactive|Battle timer is ON: inactive players will automatically lose when time's up. (requested by LT92PFcry)\n|c|\u2606reionatro|hf\n|j| lt92pf adf\n|inactive|LT92PFcry has 120 seconds left.\n|inactive|reionatro has 120 seconds left.\n|j| Larvespiken\n|j| blce\n|inactive|reionatro has 90 seconds left.\n|\n|t:|1659654981\n|start\n|switch|p1a: Gastrodon|Gastrodon, M|100\/100\n|switch|p2a: Garchomp|Garchomp, M|100\/100\n|turn|1\n|\n|t:|1659654987\n|switch|p2a: Tapu Fini|Tapu Fini|100\/100\n|-fieldstart|move: Misty Terrain|[from] ability: Misty Surge|[of] p2a: Tapu Fini\n|move|p1a: Gastrodon|Toxic|p2a: Tapu Fini\n|-activate|p2a: Tapu Fini|move: Misty Terrain\n|\n|upkeep\n|turn|2\n|\n|t:|1659654994\n|switch|p2a: Celesteela|Celesteela|100\/100\n|switch|p1a: Tornadus|Tornadus-Therian, M|100\/100\n|\n|upkeep\n|turn|3\n|\n|t:|1659655006\n|switch|p2a: Garchomp|Garchomp, M|100\/100\n|move|p1a: Tornadus|Knock Off|p2a: Garchomp\n|-damage|p2a: Garchomp|84\/100\n|-damage|p1a: Tornadus|88\/100|[from] ability: Rough Skin|[of] p2a: Garchomp\n|-damage|p1a: Tornadus|71\/100|[from] item: Rocky Helmet|[of] p2a: Garchomp\n|-enditem|p2a: Garchomp|Rocky Helmet|[from] move: Knock Off|[of] p1a: Tornadus\n|\n|upkeep\n|turn|4\n|\n|t:|1659655015\n|move|p1a: Tornadus|U-turn|p2a: Garchomp\n|-damage|p2a: Garchomp|71\/100\n|-damage|p1a: Tornadus|59\/100|[from] ability: Rough Skin|[of] p2a: Garchomp\n|\n|t:|1659655017\n|switch|p1a: Clefable|Clefable, F|100\/100|[from]move: U-turn\n|move|p2a: Garchomp|Toxic|p1a: Clefable\n|-activate|p1a: Clefable|move: Misty Terrain\n|\n|upkeep\n|turn|5\n|\n|t:|1659655023\n|switch|p2a: Tapu Fini|Tapu Fini|100\/100\n|move|p1a: Clefable|Moonblast|p2a: Tapu Fini\n|-damage|p2a: Tapu Fini|73\/100\n|\n|-heal|p2a: Tapu Fini|80\/100|[from] item: Leftovers\n|-fieldend|Misty Terrain\n|upkeep\n|turn|6\n|j| BabyPigsAreLaughin\n|\n|t:|1659655031\n|move|p2a: Tapu Fini|Taunt|p1a: Clefable\n|-start|p1a: Clefable|move: Taunt\n|cant|p1a: Clefable|move: Taunt|Thunder Wave\n|\n|-heal|p2a: Tapu Fini|86\/100|[from] item: Leftovers\n|upkeep\n|turn|7\n|\n|t:|1659655042\n|move|p2a: Tapu Fini|Calm Mind|p2a: Tapu Fini\n|-boost|p2a: Tapu Fini|spa|1\n|-boost|p2a: Tapu Fini|spd|1\n|move|p1a: Clefable|Moonblast|p2a: Tapu Fini\n|-damage|p2a: Tapu Fini|70\/100\n|\n|-heal|p2a: Tapu Fini|76\/100|[from] item: Leftovers\n|upkeep\n|turn|8\n|j| maeve68\n|\n|t:|1659655053\n|switch|p1a: Gastrodon|Gastrodon, M|100\/100\n|move|p2a: Tapu Fini|Draining Kiss|p1a: Gastrodon\n|-damage|p1a: Gastrodon|83\/100\n|-heal|p2a: Tapu Fini|93\/100|[from] drain|[of] p1a: Gastrodon\n|\n|-heal|p2a: Tapu Fini|99\/100|[from] item: Leftovers\n|-heal|p1a: Gastrodon|89\/100|[from] item: Leftovers\n|upkeep\n|turn|9\n|\n|t:|1659655062\n|move|p2a: Tapu Fini|Taunt|p1a: Gastrodon\n|-start|p1a: Gastrodon|move: Taunt\n|move|p1a: Gastrodon|Scald|p2a: Tapu Fini\n|-resisted|p2a: Tapu Fini\n|-damage|p2a: Tapu Fini|91\/100\n|-status|p2a: Tapu Fini|brn\n|\n|-heal|p2a: Tapu Fini|97\/100 brn|[from] item: Leftovers\n|-heal|p1a: Gastrodon|95\/100|[from] item: Leftovers\n|-damage|p2a: Tapu Fini|91\/100 brn|[from] brn\n|upkeep\n|turn|10\n|\n|t:|1659655070\n|move|p2a: Tapu Fini|Calm Mind|p2a: Tapu Fini\n|-boost|p2a: Tapu Fini|spa|1\n|-boost|p2a: Tapu Fini|spd|1\n|move|p1a: Gastrodon|Clear Smog|p2a: Tapu Fini\n|-supereffective|p2a: Tapu Fini\n|-damage|p2a: Tapu Fini|83\/100 brn\n|-clearboost|p2a: Tapu Fini\n|\n|-heal|p2a: Tapu Fini|89\/100 brn|[from] item: Leftovers\n|-heal|p1a: Gastrodon|100\/100|[from] item: Leftovers\n|-damage|p2a: Tapu Fini|83\/100 brn|[from] brn\n|upkeep\n|turn|11\n|j| Noob Killah\n|\n|t:|1659655087\n|switch|p2a: Celesteela|Celesteela|100\/100\n|move|p1a: Gastrodon|Scald|p2a: Celesteela\n|-damage|p2a: Celesteela|74\/100\n|-status|p2a: Celesteela|brn\n|\n|-damage|p2a: Celesteela|68\/100 brn|[from] brn\n|-end|p1a: Gastrodon|move: Taunt\n|upkeep\n|turn|12\n|\n|t:|1659655097\n|switch|p2a: Tapu Fini|Tapu Fini|83\/100 brn\n|-fieldstart|move: Misty Terrain|[from] ability: Misty Surge|[of] p2a: Tapu Fini\n|switch|p1a: Tyranitar|Tyranitar, M|100\/100\n|-weather|Sandstorm|[from] ability: Sand Stream|[of] p1a: Tyranitar\n|\n|-weather|Sandstorm|[upkeep]\n|-damage|p2a: Tapu Fini|77\/100 brn|[from] Sandstorm\n|-heal|p2a: Tapu Fini|83\/100 brn|[from] item: Leftovers\n|-damage|p2a: Tapu Fini|77\/100 brn|[from] brn\n|upkeep\n|turn|13\n|j| LT92PF Black Lotus\n|\n|t:|1659655107\n|move|p2a: Tapu Fini|Scald|p1a: Tyranitar\n|-supereffective|p1a: Tyranitar\n|-damage|p1a: Tyranitar|64\/100\n|move|p1a: Tyranitar|Stone Edge|p2a: Tapu Fini\n|-crit|p2a: Tapu Fini\n|-damage|p2a: Tapu Fini|0 fnt\n|faint|p2a: Tapu Fini\n|\n|-weather|Sandstorm|[upkeep]\n|upkeep\n|inactive|reionatro has 120 seconds left.\n|\n|t:|1659655136\n|switch|p2a: Garchomp|Garchomp, M|71\/100\n|turn|14\n|\n|t:|1659655140\n|switch|p1a: Clefable|Clefable, F|100\/100\n|move|p2a: Garchomp|Stealth Rock|p1a: Clefable\n|-sidestart|p1: LT92PFcry|move: Stealth Rock\n|\n|-weather|Sandstorm|[upkeep]\n|upkeep\n|turn|15\n|\n|t:|1659655150\n|switch|p2a: Nihilego|Nihilego|100\/100\n|move|p1a: Clefable|Moonblast|p2a: Nihilego\n|-resisted|p2a: Nihilego\n|-damage|p2a: Nihilego|93\/100\n|\n|-weather|Sandstorm|[upkeep]\n|upkeep\n|turn|16\n|j| Jorgekaiser.jigsaw\n|\n|t:|1659655165\n|switch|p2a: Zapdos|Zapdos-Galar|100\/100\n|switch|p1a: Ferrothorn|Ferrothorn, M|100\/100\n|-damage|p1a: Ferrothorn|94\/100|[from] Stealth Rock\n|\n|-weather|none\n|-heal|p1a: Ferrothorn|100\/100|[from] item: Leftovers\n|-fieldend|Misty Terrain\n|upkeep\n|turn|17\n|\n|t:|1659655173\n|switch|p1a: Clefable|Clefable, F|100\/100\n|move|p2a: Zapdos|Brave Bird|p1a: Clefable\n|-damage|p1a: Clefable|33\/100\n|-damage|p2a: Zapdos|84\/100|[from] item: Rocky Helmet|[of] p1a: Clefable\n|-damage|p2a: Zapdos|57\/100|[from] Recoil\n|\n|upkeep\n|turn|18\n|\n|t:|1659655199\n|switch|p1a: Tyranitar|Tyranitar, M|64\/100\n|-damage|p1a: Tyranitar|51\/100|[from] Stealth Rock\n|-weather|Sandstorm|[from] ability: Sand Stream|[of] p1a: Tyranitar\n|move|p2a: Zapdos|Brave Bird|p1a: Tyranitar\n|-resisted|p1a: Tyranitar\n|-damage|p1a: Tyranitar|12\/100\n|-damage|p2a: Zapdos|43\/100|[from] Recoil\n|\n|-weather|Sandstorm|[upkeep]\n|-damage|p2a: Zapdos|37\/100|[from] Sandstorm\n|upkeep\n|turn|19\n|inactive|LT92PFcry has 120 seconds left.\n|\n|t:|1659655217\n|move|p2a: Zapdos|Brave Bird|p1a: Tyranitar\n|-resisted|p1a: Tyranitar\n|-damage|p1a: Tyranitar|0 fnt\n|faint|p1a: Tyranitar\n|-damage|p2a: Zapdos|33\/100|[from] Recoil\n|\n|-weather|Sandstorm|[upkeep]\n|-damage|p2a: Zapdos|26\/100|[from] Sandstorm\n|upkeep\n|\n|t:|1659655221\n|switch|p1a: Tornadus|Tornadus-Therian, M|92\/100\n|turn|20\n|\n|t:|1659655228\n|switch|p2a: Garchomp|Garchomp, M|71\/100\n|move|p1a: Tornadus|Heat Wave|p2a: Garchomp\n|-resisted|p2a: Garchomp\n|-damage|p2a: Garchomp|61\/100\n|\n|-weather|Sandstorm|[upkeep]\n|-damage|p1a: Tornadus|86\/100|[from] Sandstorm\n|upkeep\n|turn|21\n|\n|t:|1659655235\n|move|p1a: Tornadus|Defog|p2a: Garchomp\n|-unboost|p2a: Garchomp|evasion|1\n|-sideend|p1: LT92PFcry|Stealth Rock|[from] move: Defog|[of] p1a: Tornadus\n|move|p2a: Garchomp|Toxic|p1a: Tornadus\n|-status|p1a: Tornadus|tox\n|\n|-weather|Sandstorm|[upkeep]\n|-damage|p1a: Tornadus|80\/100 tox|[from] Sandstorm\n|-damage|p1a: Tornadus|74\/100 tox|[from] psn\n|upkeep\n|turn|22\n|\n|t:|1659655241\n|switch|p1a: Clefable|Clefable, F|33\/100\n|move|p2a: Garchomp|Stealth Rock|p1a: Clefable\n|-sidestart|p1: LT92PFcry|move: Stealth Rock\n|\n|-weather|none\n|upkeep\n|turn|23\n|\n|t:|1659655252\n|move|p2a: Garchomp|Earthquake|p1a: Clefable\n|-damage|p1a: Clefable|3\/100\n|move|p1a: Clefable|Soft-Boiled|p1a: Clefable\n|-heal|p1a: Clefable|53\/100\n|\n|upkeep\n|turn|24\n|j| elejiuch1\n|inactive|reionatro has 120 seconds left.\n|j| isudbhfahsb\n|l| isudbhfahsb\n|inactive|reionatro has 90 seconds left.\n|\n|t:|1659655315\n|move|p2a: Garchomp|Earthquake|p1a: Clefable\n|-damage|p1a: Clefable|20\/100\n|move|p1a: Clefable|Soft-Boiled|p1a: Clefable\n|-heal|p1a: Clefable|70\/100\n|\n|upkeep\n|turn|25\n|\n|t:|1659655323\n|move|p2a: Garchomp|Earthquake|p1a: Clefable\n|-damage|p1a: Clefable|39\/100\n|move|p1a: Clefable|Soft-Boiled|p1a: Clefable\n|-heal|p1a: Clefable|89\/100\n|\n|upkeep\n|turn|26\n|\n|t:|1659655326\n|move|p2a: Garchomp|Earthquake|p1a: Clefable\n|-damage|p1a: Clefable|54\/100\n|move|p1a: Clefable|Soft-Boiled|p1a: Clefable\n|-heal|p1a: Clefable|100\/100\n|\n|upkeep\n|turn|27\n|\n|t:|1659655329\n|move|p2a: Garchomp|Earthquake|p1a: Clefable\n|-damage|p1a: Clefable|69\/100\n|move|p1a: Clefable|Moonblast|p2a: Garchomp\n|-supereffective|p2a: Garchomp\n|-damage|p2a: Garchomp|4\/100\n|\n|upkeep\n|turn|28\n|\n|t:|1659655333\n|move|p2a: Garchomp|Earthquake|p1a: Clefable\n|-damage|p1a: Clefable|37\/100\n|move|p1a: Clefable|Soft-Boiled|p1a: Clefable\n|-heal|p1a: Clefable|87\/100\n|\n|upkeep\n|turn|29\n|\n|t:|1659655335\n|move|p2a: Garchomp|Earthquake|p1a: Clefable\n|-damage|p1a: Clefable|57\/100\n|move|p1a: Clefable|Soft-Boiled|p1a: Clefable\n|-heal|p1a: Clefable|100\/100\n|\n|upkeep\n|turn|30\n|\n|t:|1659655342\n|switch|p1a: Tornadus|Tornadus-Therian, M|100\/100 tox\n|move|p2a: Garchomp|Earthquake|p1a: Tornadus\n|-immune|p1a: Tornadus\n|\n|-damage|p1a: Tornadus|94\/100 tox|[from] psn\n|upkeep\n|turn|31\n|\n|t:|1659655350\n|move|p1a: Tornadus|Heat Wave|p2a: Garchomp\n|-resisted|p2a: Garchomp\n|-damage|p2a: Garchomp|0 fnt\n|faint|p2a: Garchomp\n|\n|-damage|p1a: Tornadus|82\/100 tox|[from] psn\n|upkeep\n|inactive|reionatro has 120 seconds left.\n|\n|t:|1659655407\n|switch|p2a: Nihilego|Nihilego|93\/100\n|turn|32\n|\n|t:|1659655421\n|move|p1a: Tornadus|U-turn|p2a: Nihilego\n|-resisted|p2a: Nihilego\n|-damage|p2a: Nihilego|83\/100\n|\n|t:|1659655425\n|switch|p1a: Ferrothorn|Ferrothorn, M|100\/100|[from]move: U-turn\n|-damage|p1a: Ferrothorn|94\/100|[from] Stealth Rock\n|move|p2a: Nihilego|Meteor Beam||[still]\n|-prepare|p2a: Nihilego|Meteor Beam\n|-boost|p2a: Nihilego|spa|1\n|-enditem|p2a: Nihilego|Power Herb\n|-anim|p2a: Nihilego|Meteor Beam|p1a: Ferrothorn\n|-resisted|p1a: Ferrothorn\n|-damage|p1a: Ferrothorn|55\/100\n|\n|-heal|p1a: Ferrothorn|61\/100|[from] item: Leftovers\n|upkeep\n|turn|33\n|l| elejiuch1\n|inactive|reionatro has 90 seconds left.\n|\n|t:|1659655448\n|move|p2a: Nihilego|Meteor Beam||[still]\n|-prepare|p2a: Nihilego|Meteor Beam\n|-boost|p2a: Nihilego|spa|1\n|move|p1a: Ferrothorn|Gyro Ball|p2a: Nihilego\n|-supereffective|p2a: Nihilego\n|-damage|p2a: Nihilego|0 fnt\n|faint|p2a: Nihilego\n|\n|-heal|p1a: Ferrothorn|68\/100|[from] item: Leftovers\n|upkeep\n|inactive|reionatro has 90 seconds left.\n|\n|t:|1659655465\n|switch|p2a: Celesteela|Celesteela|68\/100 brn\n|turn|34\n|\n|t:|1659655468\n|switch|p1a: Gastrodon|Gastrodon, M|100\/100\n|-damage|p1a: Gastrodon|94\/100|[from] Stealth Rock\n|move|p2a: Celesteela|Autotomize|p2a: Celesteela\n|-boost|p2a: Celesteela|spe|2\n|-start|p2a: Celesteela|Autotomize\n|\n|-heal|p1a: Gastrodon|100\/100|[from] item: Leftovers\n|-damage|p2a: Celesteela|62\/100 brn|[from] brn\n|upkeep\n|turn|35\n|\n|t:|1659655473\n|move|p2a: Celesteela|Meteor Beam||[still]\n|-prepare|p2a: Celesteela|Meteor Beam\n|-boost|p2a: Celesteela|spa|1\n|-enditem|p2a: Celesteela|Power Herb\n|-anim|p2a: Celesteela|Meteor Beam|p1a: Gastrodon\n|-resisted|p1a: Gastrodon\n|-damage|p1a: Gastrodon|82\/100\n|move|p1a: Gastrodon|Scald|p2a: Celesteela\n|-damage|p2a: Celesteela|37\/100 brn\n|\n|-heal|p1a: Gastrodon|88\/100|[from] item: Leftovers\n|-damage|p2a: Celesteela|31\/100 brn|[from] brn\n|upkeep\n|turn|36\n|j| songlindagg\n|\n|t:|1659655480\n|move|p2a: Celesteela|Air Slash|p1a: Gastrodon\n|-crit|p1a: Gastrodon\n|-damage|p1a: Gastrodon|35\/100\n|move|p1a: Gastrodon|Scald|p2a: Celesteela\n|-damage|p2a: Celesteela|8\/100 brn\n|\n|-heal|p1a: Gastrodon|41\/100|[from] item: Leftovers\n|-damage|p2a: Celesteela|2\/100 brn|[from] brn\n|upkeep\n|turn|37\n|\n|t:|1659655483\n|move|p2a: Celesteela|Air Slash|p1a: Gastrodon\n|-damage|p1a: Gastrodon|4\/100\n|cant|p1a: Gastrodon|flinch\n|\n|-heal|p1a: Gastrodon|10\/100|[from] item: Leftovers\n|-damage|p2a: Celesteela|0 fnt|[from] brn\n|faint|p2a: Celesteela\n|upkeep\n|\n|t:|1659655497\n|switch|p2a: Kartana|Kartana|100\/100\n|turn|38\n|\n|t:|1659655511\n|switch|p1a: Volcarona|Volcarona, F|100\/100\n|-damage|p1a: Volcarona|50\/100|[from] Stealth Rock\n|move|p2a: Kartana|Knock Off|p1a: Volcarona\n|-damage|p1a: Volcarona|0 fnt\n|-enditem|p1a: Volcarona|Leftovers|[from] move: Knock Off|[of] p2a: Kartana\n|faint|p1a: Volcarona\n|-ability|p2a: Kartana|Beast Boost|boost\n|-boost|p2a: Kartana|atk|1\n|\n|upkeep\n|\n|t:|1659655520\n|switch|p1a: Clefable|Clefable, F|100\/100\n|turn|39\n|inactive|reionatro has 120 seconds left.\n|\n|t:|1659655539\n|switch|p2a: Zapdos|Zapdos-Galar|26\/100\n|move|p1a: Clefable|Thunder Wave|p2a: Zapdos\n|-status|p2a: Zapdos|par\n|\n|upkeep\n|turn|40\n|\n|t:|1659655546\n|move|p2a: Zapdos|Brave Bird|p1a: Clefable\n|-damage|p1a: Clefable|31\/100\n|-damage|p2a: Zapdos|10\/100 par|[from] item: Rocky Helmet|[of] p1a: Clefable\n|-damage|p2a: Zapdos|0 fnt|[from] Recoil\n|faint|p2a: Zapdos\n|move|p1a: Clefable|Soft-Boiled|p1a: Clefable\n|-heal|p1a: Clefable|81\/100\n|\n|upkeep\n|\n|t:|1659655553\n|switch|p2a: Kartana|Kartana|100\/100\n|turn|41\n|\n|t:|1659655556\n|switch|p1a: Ferrothorn|Ferrothorn, M|68\/100\n|-damage|p1a: Ferrothorn|61\/100|[from] Stealth Rock\n|move|p2a: Kartana|Leaf Blade|p1a: Ferrothorn\n|-resisted|p1a: Ferrothorn\n|-crit|p1a: Ferrothorn\n|-damage|p1a: Ferrothorn|49\/100\n|-damage|p2a: Kartana|88\/100|[from] ability: Iron Barbs|[of] p1a: Ferrothorn\n|\n|-heal|p1a: Ferrothorn|56\/100|[from] item: Leftovers\n|upkeep\n|turn|42\n|\n|t:|1659655561\n|move|p2a: Kartana|Leaf Blade|p1a: Ferrothorn\n|-resisted|p1a: Ferrothorn\n|-damage|p1a: Ferrothorn|46\/100\n|-damage|p2a: Kartana|76\/100|[from] ability: Iron Barbs|[of] p1a: Ferrothorn\n|move|p1a: Ferrothorn|Body Press|p2a: Kartana\n|-supereffective|p2a: Kartana\n|-damage|p2a: Kartana|11\/100\n|\n|-heal|p1a: Ferrothorn|52\/100|[from] item: Leftovers\n|upkeep\n|turn|43\n|c|\u2606reionatro|gg\n|-message|reionatro forfeited.\n|\n|win|LT92PFcry\n|raw|LT92PFcry's rating: 1850 &rarr; <strong>1869<\/strong><br \/>(+19 for winning)\n|raw|reionatro's rating: 1827 &rarr; <strong>1808<\/strong><br \/>(-19 for losing)\n|c|\u2606LT92PFcry|gg\n|l|\u2606reionatro\n|l|\u2606LT92PFcry\n","uploadtime":1659655571,"views":70,"p1id":"lt92pfcry","p2id":"reionatro","formatid":"gen8ou","rating":1808,"private":0,"password":null}