{"id":"gen8nationaldex-1286523015","p1":"TrainManAnime","p2":"Kazt_5","format":"gen8nationaldex","log":"|j|\u2606TrainManAnime\n|j|\u2606Kazt_5\n|inactive|Battle timer is ON: inactive players will automatically lose when time's up.\n|t:|1613862821\n|player|p1|TrainManAnime|waitress|\n|player|p2|Kazt_5|dawn|\n|teamsize|p1|6\n|teamsize|p2|6\n|gametype|singles\n|gen|8\n|tier|[Gen 8] National Dex\n|rated|Tournament battle\n|clearpoke\n|poke|p1|Slowbro, M|\n|poke|p1|Blissey, F|\n|poke|p1|Mawile, M|\n|poke|p1|Tapu Koko|\n|poke|p1|Garchomp, F|\n|poke|p1|Moltres|\n|poke|p2|Slowbro, F|\n|poke|p2|Rillaboom, F|\n|poke|p2|Mawile, M|\n|poke|p2|Zapdos|\n|poke|p2|Heatran, F|\n|poke|p2|Landorus-Therian, M|\n|rule|HP Percentage Mod: HP is shown in percentages\n|rule|Endless Battle Clause: Forcing endless battles is banned\n|rule|OHKO Clause: OHKO moves are banned\n|rule|Evasion Moves Clause: Evasion moves are banned\n|rule|Species Clause: Limit one of each Pok\u00e9mon\n|rule|Dynamax Clause: You cannot dynamax\n|rule|Sleep Clause Mod: Limit one foe put to sleep\n|teampreview\n|c|\u2606Kazt_5|hf!!!\n|c|\u2606TrainManAnime|gl hf\n|c|\u2606Kazt_5|cteaming smh\n|inactive|Kazt_5 has 120 seconds left.\n|inactive|TrainManAnime has 120 seconds left.\n|j| ryfles\n|\n|t:|1613862864\n|start\n|switch|p1a: KOKOKOKO|Tapu Koko|100\/100\n|switch|p2a: Landorus|Landorus-Therian, M|100\/100\n|-ability|p2a: Landorus|Intimidate|boost\n|-unboost|p1a: KOKOKOKO|atk|1\n|-fieldstart|move: Electric Terrain|[from] ability: Electric Surge|[of] p1a: KOKOKOKO\n|turn|1\n|\n|t:|1613862874\n|move|p2a: Landorus|Earthquake|p1a: KOKOKOKO\n|-supereffective|p1a: KOKOKOKO\n|-damage|p1a: KOKOKOKO|0 fnt\n|faint|p1a: KOKOKOKO\n|\n|upkeep\n|c|\u2606TrainManAnime|s c a r f l a n d o p o g\n|\n|t:|1613862893\n|switch|p1a: Nugget|Moltres, shiny|100\/100\n|turn|2\n|\n|t:|1613862900\n|switch|p2a: Slowbro|Slowbro, F|100\/100\n|move|p1a: Nugget|Hurricane|p2a: Slowbro\n|-damage|p2a: Slowbro|45\/100\n|\n|upkeep\n|turn|3\n|\n|t:|1613862909\n|switch|p1a: StepSis|Blissey, F|100\/100\n|switch|p2a: Zapdos|Zapdos|100\/100\n|\n|upkeep\n|turn|4\n|\n|t:|1613862915\n|move|p2a: Zapdos|Volt Switch|p1a: StepSis\n|-damage|p1a: StepSis|89\/100\n|\n|t:|1613862927\n|switch|p2a: Landorus|Landorus-Therian, M|100\/100|[from]move: Volt Switch\n|-ability|p2a: Landorus|Intimidate|boost\n|-unboost|p1a: StepSis|atk|1\n|move|p1a: StepSis|Seismic Toss|p2a: Landorus\n|-damage|p2a: Landorus|69\/100\n|\n|upkeep\n|turn|5\n|\n|t:|1613862933\n|switch|p1a: StepBro|Slowbro, M|100\/100\n|move|p2a: Landorus|Knock Off|p1a: StepBro\n|-supereffective|p1a: StepBro\n|-damage|p1a: StepBro|57\/100\n|-enditem|p1a: StepBro|Heavy-Duty Boots|[from] move: Knock Off|[of] p2a: Landorus\n|\n|-fieldend|move: Electric Terrain\n|upkeep\n|turn|6\n|\n|t:|1613862941\n|switch|p2a: Zapdos|Zapdos|100\/100\n|move|p1a: StepBro|Slack Off|p1a: StepBro\n|-heal|p1a: StepBro|100\/100\n|\n|upkeep\n|turn|7\n|\n|t:|1613862945\n|switch|p1a: StepSis|Blissey, F|89\/100\n|move|p2a: Zapdos|Hurricane|p1a: StepSis\n|-damage|p1a: StepSis|73\/100\n|\n|upkeep\n|turn|8\n|\n|t:|1613862950\n|move|p2a: Zapdos|Volt Switch|p1a: StepSis\n|-damage|p1a: StepSis|61\/100\n|\n|t:|1613862954\n|switch|p2a: Rillaboom|Rillaboom, F|100\/100|[from]move: Volt Switch\n|-fieldstart|move: Grassy Terrain|[from] ability: Grassy Surge|[of] p2a: Rillaboom\n|move|p1a: StepSis|Soft-Boiled|p1a: StepSis\n|-heal|p1a: StepSis|100\/100\n|\n|upkeep\n|turn|9\n|\n|t:|1613862959\n|switch|p2a: Zapdos|Zapdos|100\/100\n|switch|p1a: Nugget|Moltres, shiny|100\/100\n|\n|upkeep\n|turn|10\n|\n|t:|1613862963\n|switch|p1a: StepSis|Blissey, F|100\/100\n|move|p2a: Zapdos|Volt Switch|p1a: StepSis\n|-damage|p1a: StepSis|90\/100\n|\n|t:|1613862968\n|switch|p2a: Heatran|Heatran, F|100\/100|[from]move: Volt Switch\n|\n|-heal|p1a: StepSis|96\/100|[from] Grassy Terrain\n|upkeep\n|turn|11\n|\n|t:|1613862976\n|move|p2a: Heatran|Magma Storm|p1a: StepSis\n|-damage|p1a: StepSis|82\/100\n|-activate|p1a: StepSis|move: Magma Storm|[of] p2a: Heatran\n|move|p1a: StepSis|Thunder Wave|p2a: Heatran\n|-status|p2a: Heatran|par\n|\n|-heal|p1a: StepSis|88\/100|[from] Grassy Terrain\n|-damage|p1a: StepSis|76\/100|[from] move: Magma Storm|[partiallytrapped]\n|upkeep\n|turn|12\n|\n|t:|1613862982\n|move|p2a: Heatran|Taunt|p1a: StepSis\n|-start|p1a: StepSis|move: Taunt\n|cant|p1a: StepSis|move: Taunt|Teleport\n|\n|-heal|p1a: StepSis|82\/100|[from] Grassy Terrain\n|-fieldend|move: Grassy Terrain\n|-damage|p1a: StepSis|69\/100|[from] move: Magma Storm|[partiallytrapped]\n|upkeep\n|turn|13\n|\n|t:|1613862989\n|move|p1a: StepSis|Seismic Toss|p2a: Heatran\n|-damage|p2a: Heatran|75\/100 par\n|move|p2a: Heatran|Magma Storm|p1a: StepSis\n|-damage|p1a: StepSis|55\/100\n|\n|-heal|p2a: Heatran|81\/100 par|[from] item: Leftovers\n|-damage|p1a: StepSis|42\/100|[from] move: Magma Storm|[partiallytrapped]\n|upkeep\n|turn|14\n|\n|t:|1613862998\n|move|p1a: StepSis|Seismic Toss|p2a: Heatran\n|-damage|p2a: Heatran|55\/100 par\n|cant|p2a: Heatran|par\n|\n|-heal|p2a: Heatran|61\/100 par|[from] item: Leftovers\n|-damage|p1a: StepSis|30\/100|[from] move: Magma Storm|[partiallytrapped]\n|-end|p1a: StepSis|move: Taunt\n|upkeep\n|turn|15\n|\n|t:|1613863006\n|move|p2a: Heatran|Stealth Rock|p1a: StepSis\n|-sidestart|p1: TrainManAnime|move: Stealth Rock\n|move|p1a: StepSis|Teleport|p1a: StepSis\n|inactive|TrainManAnime has 120 seconds left.\n|\n|t:|1613863044\n|switch|p1a: Gubbles|Garchomp, F|100\/100|[from]move: Teleport\n|-damage|p1a: Gubbles|94\/100|[from] Stealth Rock\n|\n|-heal|p2a: Heatran|67\/100 par|[from] item: Leftovers\n|upkeep\n|turn|16\n|inactive|TrainManAnime has 120 seconds left.\n|\n|t:|1613863062\n|switch|p2a: Landorus|Landorus-Therian, M|69\/100\n|-ability|p2a: Landorus|Intimidate|boost\n|-unboost|p1a: Gubbles|atk|1\n|move|p1a: Gubbles|Swords Dance|p1a: Gubbles\n|-boost|p1a: Gubbles|atk|2\n|\n|upkeep\n|turn|17\n|\n|t:|1613863066\n|move|p2a: Landorus|Hidden Power|p1a: Gubbles\n|-supereffective|p1a: Gubbles\n|-damage|p1a: Gubbles|25\/100\n|-zpower|p1a: Gubbles\n|move|p1a: Gubbles|Continental Crush|p2a: Landorus|[zeffect]\n|-damage|p2a: Landorus|0 fnt\n|faint|p2a: Landorus\n|\n|upkeep\n|\n|t:|1613863081\n|switch|p2a: Rillaboom|Rillaboom, F|100\/100\n|-fieldstart|move: Grassy Terrain|[from] ability: Grassy Surge|[of] p2a: Rillaboom\n|turn|18\n|\n|t:|1613863086\n|switch|p1a: Nugget|Moltres, shiny|100\/100\n|move|p2a: Rillaboom|Grassy Glide|p1a: Nugget\n|-resisted|p1a: Nugget\n|-damage|p1a: Nugget|85\/100\n|\n|upkeep\n|turn|19\n|\n|t:|1613863092\n|switch|p2a: Zapdos|Zapdos|100\/100\n|move|p1a: Nugget|Defog|p2a: Zapdos\n|-unboost|p2a: Zapdos|evasion|1\n|-sideend|p1: TrainManAnime|Stealth Rock|[from] move: Defog|[of] p1a: Nugget\n|-fieldend|move: Grassy Terrain\n|\n|upkeep\n|turn|20\n|\n|t:|1613863104\n|switch|p1a: Gubbles|Garchomp, F|25\/100\n|move|p2a: Zapdos|Volt Switch|p1a: Gubbles\n|-immune|p1a: Gubbles\n|\n|upkeep\n|turn|21\n|\n|t:|1613863119\n|move|p1a: Gubbles|Stone Edge|p2a: Zapdos\n|-supereffective|p2a: Zapdos\n|-damage|p2a: Zapdos|51\/100\n|move|p2a: Zapdos|Hurricane|p1a: Gubbles\n|-damage|p1a: Gubbles|0 fnt\n|faint|p1a: Gubbles\n|\n|upkeep\n|\n|t:|1613863128\n|switch|p1a: StepSis|Blissey, F|30\/100\n|turn|22\n|\n|t:|1613863131\n|move|p2a: Zapdos|Hurricane|p1a: StepSis\n|-damage|p1a: StepSis|14\/100\n|move|p1a: StepSis|Soft-Boiled|p1a: StepSis\n|-heal|p1a: StepSis|64\/100\n|\n|upkeep\n|turn|23\n|j| serg6705\n|\n|t:|1613863137\n|move|p2a: Zapdos|Roost|p2a: Zapdos\n|-heal|p2a: Zapdos|100\/100\n|-singleturn|p2a: Zapdos|move: Roost\n|move|p1a: StepSis|Soft-Boiled|p1a: StepSis\n|-heal|p1a: StepSis|100\/100\n|\n|upkeep\n|turn|24\n|l| serg6705\n|\n|t:|1613863141\n|move|p2a: Zapdos|Volt Switch|p1a: StepSis\n|-damage|p1a: StepSis|89\/100\n|\n|t:|1613863144\n|switch|p2a: Slowbro|Slowbro, F|78\/100|[from]move: Volt Switch\n|move|p1a: StepSis|Seismic Toss|p2a: Slowbro\n|-damage|p2a: Slowbro|53\/100\n|-damage|p1a: StepSis|72\/100|[from] item: Rocky Helmet|[of] p2a: Slowbro\n|\n|upkeep\n|turn|25\n|\n|t:|1613863154\n|move|p2a: Slowbro|Scald|p1a: StepSis\n|-damage|p1a: StepSis|61\/100\n|-status|p1a: StepSis|brn\n|move|p1a: StepSis|Teleport|p1a: StepSis\n|\n|t:|1613863167\n|switch|p1a: Megumin|Mawile, M, shiny|100\/100|[from]move: Teleport\n|\n|upkeep\n|turn|26\n|\n|t:|1613863174\n|switch|p2a: Zapdos|Zapdos|100\/100\n|detailschange|p1a: Megumin|Mawile-Mega, M, shiny\n|-mega|p1a: Megumin|Mawile|Mawilite\n|move|p1a: Megumin|Knock Off|p2a: Zapdos\n|-damage|p2a: Zapdos|58\/100\n|-enditem|p2a: Zapdos|Heavy-Duty Boots|[from] move: Knock Off|[of] p1a: Megumin\n|\n|upkeep\n|turn|27\n|\n|t:|1613863185\n|switch|p1a: StepSis|Blissey, F|61\/100\n|move|p2a: Zapdos|Volt Switch|p1a: StepSis\n|-damage|p1a: StepSis|50\/100\n|\n|t:|1613863189\n|switch|p2a: Slowbro|Slowbro, F|86\/100|[from]move: Volt Switch\n|\n|upkeep\n|turn|28\n|\n|t:|1613863197\n|move|p1a: StepSis|Soft-Boiled|p1a: StepSis\n|-heal|p1a: StepSis|99\/100\n|move|p2a: Slowbro|Future Sight|p1a: StepSis\n|-start|p2a: Slowbro|move: Future Sight\n|\n|upkeep\n|turn|29\n|j| serg6705\n|\n|t:|1613863201\n|move|p1a: StepSis|Soft-Boiled|p1a: StepSis\n|-heal|p1a: StepSis|100\/100\n|move|p2a: Slowbro|Teleport|p2a: Slowbro\n|\n|t:|1613863205\n|switch|p2a: Mawile|Mawile, M|100\/100|[from]move: Teleport\n|-ability|p2a: Mawile|Intimidate|boost\n|-unboost|p1a: StepSis|atk|1\n|\n|upkeep\n|turn|30\n|\n|t:|1613863218\n|detailschange|p2a: Mawile|Mawile-Mega, M\n|-mega|p2a: Mawile|Mawile|Mawilite\n|move|p2a: Mawile|Substitute|p2a: Mawile\n|-start|p2a: Mawile|Substitute\n|-damage|p2a: Mawile|75\/100\n|move|p1a: StepSis|Teleport|p1a: StepSis\n|\n|t:|1613863228\n|switch|p1a: Nugget|Moltres, shiny|85\/100|[from]move: Teleport\n|\n|-end|p1a: Nugget|move: Future Sight\n|-damage|p1a: Nugget|42\/100\n|upkeep\n|turn|31\n|\n|t:|1613863236\n|move|p1a: Nugget|Roost|p1a: Nugget\n|-heal|p1a: Nugget|92\/100\n|-singleturn|p1a: Nugget|move: Roost\n|move|p2a: Mawile|Swords Dance|p2a: Mawile\n|-boost|p2a: Mawile|atk|2\n|\n|upkeep\n|turn|32\n|\n|t:|1613863244\n|move|p1a: Nugget|Flamethrower|p2a: Mawile\n|-supereffective|p2a: Mawile\n|-end|p2a: Mawile|Substitute\n|move|p2a: Mawile|Play Rough|p1a: Nugget\n|-resisted|p1a: Nugget\n|-damage|p1a: Nugget|20\/100\n|\n|upkeep\n|turn|33\n|\n|t:|1613863253\n|-singleturn|p2a: Mawile|move: Focus Punch\n|move|p1a: Nugget|Roost|p1a: Nugget\n|-heal|p1a: Nugget|70\/100\n|-singleturn|p1a: Nugget|move: Roost\n|move|p2a: Mawile|Focus Punch|p1a: Nugget\n|-damage|p1a: Nugget|0 fnt\n|faint|p1a: Nugget\n|\n|upkeep\n|\n|t:|1613863264\n|switch|p1a: StepBro|Slowbro, M|100\/100\n|turn|34\n|c|\u2606Kazt_5|letssss gooooo\n|\n|t:|1613863283\n|move|p2a: Mawile|Play Rough|p1a: StepBro\n|-damage|p1a: StepBro|0 fnt\n|faint|p1a: StepBro\n|\n|upkeep\n|c|\u2606TrainManAnime|W H A\n|c|\u2606Kazt_5|mawile is stupidly strong bro\n|inactive|TrainManAnime has 120 seconds left.\n|\n|t:|1613863309\n|switch|p1a: StepSis|Blissey, F|100\/100\n|turn|35\n|\n|t:|1613863313\n|move|p2a: Mawile|Play Rough|p1a: StepSis\n|-damage|p1a: StepSis|0 fnt\n|faint|p1a: StepSis\n|\n|upkeep\n|\n|t:|1613863316\n|switch|p1a: Megumin|Mawile-Mega, M, shiny|100\/100\n|turn|36\n|\n|t:|1613863321\n|move|p2a: Mawile|Play Rough|p1a: Megumin\n|-resisted|p1a: Megumin\n|-damage|p1a: Megumin|20\/100\n|move|p1a: Megumin|Play Rough|p2a: Mawile\n|-resisted|p2a: Mawile\n|-damage|p2a: Mawile|30\/100\n|-unboost|p2a: Mawile|atk|1\n|\n|upkeep\n|turn|37\n|\n|t:|1613863329\n|move|p1a: Megumin|Sucker Punch|p2a: Mawile\n|-resisted|p2a: Mawile\n|-damage|p2a: Mawile|7\/100\n|move|p2a: Mawile|Play Rough|p1a: Megumin\n|-resisted|p1a: Megumin\n|-damage|p1a: Megumin|0 fnt\n|faint|p1a: Megumin\n|\n|win|Kazt_5\n|n|\u2606TrainManAnime|trainmananime\n|n|\u2606Kazt_5|kazt5\n|n| ryfles|ryfles\n|n| serg6705|serg6705\n|c|\u2606Kazt_5|gg\n|c|\u2606TrainManAnime|gg\n|l|\u2606TrainManAnime\n","uploadtime":1613863344,"views":7,"p1id":"trainmananime","p2id":"kazt5","formatid":"gen8nationaldex","rating":0,"private":0,"password":null}