{"id":"gen8vgc2021-1240080901","p1":"bhkg","p2":"coolbeans5312","format":"gen8vgc2021","log":"|j|\u2606bhkg\n|j|\u2606coolbeans5312\n|t:|1607494713\n|player|p1|bhkg|101|1563\n|player|p2|coolbeans5312|169|1579\n|teamsize|p1|6\n|teamsize|p2|6\n|gametype|doubles\n|gen|8\n|tier|[Gen 8] VGC 2021\n|rated|\n|clearpoke\n|poke|p1|Slowking-Galar, L50, F|\n|poke|p1|Zapdos, L50|\n|poke|p1|Urshifu-*, L50, M|\n|poke|p1|Metagross, L50|\n|poke|p1|Primarina, L50, F|\n|poke|p1|Garchomp, L50, F|\n|poke|p2|Regieleki, L50|\n|poke|p2|Torkoal, L50, F|\n|poke|p2|Venusaur, L50, F|\n|poke|p2|Dragapult, L50, M|\n|poke|p2|Urshifu-*, L50, M|\n|poke|p2|Amoonguss, L50, M|\n|rule|Species Clause: Limit one of each Pok\u00e9mon\n|rule|Item Clause: Limit one of each item\n|teampreview|4\n|\n|t:|1607494748\n|start\n|switch|p1a: Zapdos|Zapdos, L50|48\/48\n|switch|p1b: Primarina|Primarina, L50, F|48\/48\n|switch|p2a: Venusaur|Venusaur, L50, F|48\/48\n|switch|p2b: Torkoal|Torkoal, L50, F|48\/48\n|-weather|SunnyDay|[from] ability: Drought|[of] p2b: Torkoal\n|turn|1\n|\n|t:|1607494772\n|-start|p1a: Zapdos|Dynamax\n|-heal|p1a: Zapdos|48\/48|[silent]\n|move|p2b: Torkoal|Protect|p2b: Torkoal\n|-singleturn|p2b: Torkoal|Protect\n|move|p2a: Venusaur|Sleep Powder|p1a: Zapdos\n|-status|p1a: Zapdos|slp|[from] move: Sleep Powder\n|cant|p1a: Zapdos|slp\n|move|p1b: Primarina|Hydro Cannon|p2b: Torkoal\n|-activate|p2b: Torkoal|move: Protect\n|\n|-weather|SunnyDay|[upkeep]\n|upkeep\n|turn|2\n|\n|t:|1607494789\n|-start|p2a: Venusaur|Dynamax\n|-formechange|p2a: Venusaur|Venusaur-Gmax\n|-heal|p2a: Venusaur|48\/48|[silent]\n|move|p2a: Venusaur|G-Max Vine Lash|p1b: Primarina\n|-supereffective|p1b: Primarina\n|-damage|p1b: Primarina|12\/48\n|-sidestart|p1: bhkg|G-Max Vine Lash\n|-curestatus|p1a: Zapdos|slp|[msg]\n|move|p1a: Zapdos|Max Airstream|p2a: Venusaur\n|-supereffective|p2a: Venusaur\n|-enditem|p2a: Venusaur|Focus Sash\n|-damage|p2a: Venusaur|1\/48\n|-boost|p1a: Zapdos|spe|1\n|-boost|p1b: Primarina|spe|1\n|-damage|p1a: Zapdos|45\/48|[from] item: Life Orb\n|move|p1b: Primarina|Hydro Cannon|p2b: Torkoal\n|-supereffective|p2b: Torkoal\n|-damage|p2b: Torkoal|0 fnt\n|-mustrecharge|p1b: Primarina\n|faint|p2b: Torkoal\n|\n|-weather|SunnyDay|[upkeep]\n|-damage|p1a: Zapdos|41\/48|[from] G-Max Vine Lash\n|-damage|p1b: Primarina|4\/48|[from] G-Max Vine Lash\n|upkeep\n|j| Brek(lllot)\n|\n|t:|1607494812\n|switch|p2b: Regieleki|Regieleki, L50|48\/48\n|turn|3\n|\n|t:|1607494830\n|move|p1a: Zapdos|Max Guard|p1a: Zapdos\n|-singleturn|p1a: Zapdos|Max Guard\n|move|p2a: Venusaur|Max Ooze|p1a: Zapdos\n|-activate|p1a: Zapdos|move: Max Guard\n|move|p2b: Regieleki|Electroweb|p1b: Primarina|[spread] p1b\n|-activate|p1a: Zapdos|move: Max Guard\n|-supereffective|p1b: Primarina\n|-damage|p1b: Primarina|0 fnt\n|faint|p1b: Primarina\n|\n|-weather|SunnyDay|[upkeep]\n|-damage|p1a: Zapdos|37\/48|[from] G-Max Vine Lash\n|-end|p1a: Zapdos|Dynamax\n|-heal|p1a: Zapdos|37\/48|[silent]\n|upkeep\n|\n|t:|1607494833\n|switch|p1b: Urshifu|Urshifu, L50, M|48\/48\n|turn|4\n|\n|t:|1607494858\n|move|p2a: Venusaur|Max Guard|p2a: Venusaur\n|-singleturn|p2a: Venusaur|Max Guard\n|move|p1b: Urshifu|Sucker Punch|p2b: Regieleki\n|-damage|p2b: Regieleki|9\/48\n|move|p2b: Regieleki|Electroweb|p1a: Zapdos|[spread] p1a,p1b\n|-damage|p1a: Zapdos|19\/48\n|-damage|p1b: Urshifu|25\/48\n|-unboost|p1a: Zapdos|spe|1\n|-unboost|p1b: Urshifu|spe|1\n|move|p1a: Zapdos|Heat Wave|p2b: Regieleki|[spread] p2b\n|-activate|p2a: Venusaur|move: Max Guard\n|-damage|p2b: Regieleki|0 fnt\n|-damage|p1a: Zapdos|14\/48|[from] item: Life Orb\n|faint|p2b: Regieleki\n|\n|-weather|SunnyDay|[upkeep]\n|-damage|p1a: Zapdos|6\/48|[from] G-Max Vine Lash\n|-damage|p1b: Urshifu|17\/48|[from] G-Max Vine Lash\n|-end|p2a: Venusaur|Dynamax\n|-formechange|p2a: Venusaur|Venusaur\n|-heal|p2a: Venusaur|1\/48|[silent]\n|upkeep\n|\n|t:|1607494875\n|switch|p2b: Dragapult|Dragapult, L50, M|48\/48\n|turn|5\n|\n|t:|1607494884\n|move|p2b: Dragapult|Protect|p2b: Dragapult\n|-singleturn|p2b: Dragapult|Protect\n|move|p1b: Urshifu|Sucker Punch|p2a: Venusaur\n|-damage|p2a: Venusaur|0 fnt\n|faint|p2a: Venusaur\n|move|p1a: Zapdos|Heat Wave|p2b: Dragapult\n|-activate|p2b: Dragapult|move: Protect\n|\n|-weather|none\n|-damage|p1a: Zapdos|0 fnt|[from] G-Max Vine Lash\n|-damage|p1b: Urshifu|9\/48|[from] G-Max Vine Lash\n|-sideend|p1: bhkg|G-Max Vine Lash\n|faint|p1a: Zapdos\n|upkeep\n|\n|t:|1607494886\n|switch|p1a: Garchomp|Garchomp, L50, F|48\/48\n|turn|6\n|\n|t:|1607494899\n|move|p1b: Urshifu|Sucker Punch|p2b: Dragapult\n|-supereffective|p2b: Dragapult\n|-damage|p2b: Dragapult|0 fnt\n|faint|p2b: Dragapult\n|\n|win|bhkg\n|raw|bhkg's rating: 1563 &rarr; <strong>1584<\/strong><br \/>(+21 for winning)\n|raw|coolbeans5312's rating: 1579 &rarr; <strong>1558<\/strong><br \/>(-21 for losing)\n|l|\u2606coolbeans5312\n|l|\u2606bhkg\n","uploadtime":1607494909,"views":21,"p1id":"bhkg","p2id":"coolbeans5312","formatid":"gen8vgc2021","rating":1558,"private":0,"password":null}