{"id":"gen8ou-1409409869","p1":"hk rondoudou","p2":"Infernoss","format":"gen8ou","log":"|j|\u2606hk rondoudou\n|j|\u2606Infernoss\n|t:|1630675629\n|gametype|singles\n|player|p1|hk rondoudou|2|1616\n|player|p2|Infernoss|chili|1685\n|teamsize|p1|6\n|teamsize|p2|6\n|gen|8\n|tier|[Gen 8] OU\n|rated|\n|rule|Sleep Clause Mod: Limit one foe put to sleep\n|rule|Species Clause: Limit one of each Pok\u00e9mon\n|rule|OHKO Clause: OHKO moves are banned\n|rule|Evasion Moves Clause: Evasion moves are banned\n|rule|Endless Battle Clause: Forcing endless battles is banned\n|rule|HP Percentage Mod: HP is shown in percentages\n|rule|Dynamax Clause: You cannot dynamax\n|clearpoke\n|poke|p1|Melmetal|\n|poke|p1|Latios, M|\n|poke|p1|Tornadus-Therian, M|\n|poke|p1|Urshifu-*, M|\n|poke|p1|Clefable, F|\n|poke|p1|Ferrothorn, M|\n|poke|p2|Slowbro, M|\n|poke|p2|Hatterene, F|\n|poke|p2|Marowak-Alola, F|\n|poke|p2|Ferrothorn, M|\n|poke|p2|Garchomp, F|\n|poke|p2|Drampa, M|\n|teampreview\n|j| hiffa\n|\n|t:|1630675655\n|start\n|switch|p1a: Urshifu|Urshifu-Rapid-Strike, M|100\/100\n|switch|p2a: Sonso|Slowbro, M|100\/100\n|turn|1\n|j| ash_won_kalos\n|\n|t:|1630675668\n|move|p1a: Urshifu|Thunder Punch|p2a: Sonso\n|-supereffective|p2a: Sonso\n|-damage|p2a: Sonso|48\/100\n|move|p2a: Sonso|Trick Room|p2a: Sonso\n|-fieldstart|move: Trick Room|[of] p2a: Sonso\n|\n|upkeep\n|turn|2\n|\n|t:|1630675677\n|switch|p2a: Falko|Drampa, M|100\/100\n|switch|p1a: Ferrothorn|Ferrothorn, M|100\/100\n|\n|upkeep\n|turn|3\n|\n|t:|1630675684\n|move|p1a: Ferrothorn|Protect|p1a: Ferrothorn\n|-singleturn|p1a: Ferrothorn|Protect\n|move|p2a: Falko|Focus Blast|p1a: Ferrothorn\n|-activate|p1a: Ferrothorn|move: Protect\n|\n|upkeep\n|turn|4\n|\n|t:|1630675694\n|move|p1a: Ferrothorn|Leech Seed|p2a: Falko\n|-start|p2a: Falko|move: Leech Seed\n|move|p2a: Falko|Hyper Voice|p1a: Ferrothorn\n|-resisted|p1a: Ferrothorn\n|-damage|p1a: Ferrothorn|79\/100\n|-damage|p2a: Falko|91\/100|[from] item: Life Orb\n|\n|-heal|p1a: Ferrothorn|85\/100|[from] item: Leftovers\n|-damage|p2a: Falko|78\/100|[from] Leech Seed|[of] p1a: Ferrothorn\n|-heal|p1a: Ferrothorn|97\/100|[silent]\n|upkeep\n|turn|5\n|j| Ctannn\n|j| Asheeeeeee\n|\n|t:|1630675715\n|switch|p2a: Hatterene|Hatterene, F|100\/100\n|move|p1a: Ferrothorn|Protect||[still]\n|-fail|p1a: Ferrothorn\n|\n|-heal|p1a: Ferrothorn|100\/100|[from] item: Leftovers\n|-fieldend|move: Trick Room\n|upkeep\n|turn|6\n|j| Frank Lopez\n|\n|t:|1630675726\n|move|p2a: Hatterene|Mystical Fire|p1a: Ferrothorn\n|-supereffective|p1a: Ferrothorn\n|-damage|p1a: Ferrothorn|38\/100\n|-unboost|p1a: Ferrothorn|spa|1\n|move|p1a: Ferrothorn|Gyro Ball|p2a: Hatterene\n|-supereffective|p2a: Hatterene\n|-damage|p2a: Hatterene|70\/100\n|\n|-heal|p1a: Ferrothorn|44\/100|[from] item: Leftovers\n|upkeep\n|turn|7\n|\n|t:|1630675738\n|switch|p1a: Tornadus|Tornadus-Therian, M|100\/100\n|move|p2a: Hatterene|Mystical Fire|p1a: Tornadus\n|-damage|p1a: Tornadus|73\/100\n|-unboost|p1a: Tornadus|spa|1\n|\n|upkeep\n|turn|8\n|\n|t:|1630675746\n|move|p1a: Tornadus|Hurricane|p2a: Hatterene\n|-damage|p2a: Hatterene|45\/100\n|move|p2a: Hatterene|Trick Room|p2a: Hatterene\n|-fieldstart|move: Trick Room|[of] p2a: Hatterene\n|\n|upkeep\n|turn|9\n|\n|t:|1630675755\n|switch|p2a: Falko|Drampa, M|78\/100\n|move|p1a: Tornadus|Hurricane|p2a: Falko\n|-damage|p2a: Falko|42\/100\n|-ability|p2a: Falko|Berserk|boost\n|-boost|p2a: Falko|spa|1\n|\n|upkeep\n|turn|10\n|\n|t:|1630675767\n|switch|p1a: Clefable|Clefable, F|100\/100\n|move|p2a: Falko|Hyper Voice|p1a: Clefable\n|-damage|p1a: Clefable|39\/100\n|-damage|p2a: Falko|33\/100|[from] item: Life Orb\n|\n|-heal|p1a: Clefable|45\/100|[from] item: Leftovers\n|upkeep\n|turn|11\n|j| Stall King 777\n|\n|t:|1630675784\n|switch|p1a: Ferrothorn|Ferrothorn, M|44\/100\n|move|p2a: Falko|Roost|p2a: Falko\n|-heal|p2a: Falko|83\/100\n|-singleturn|p2a: Falko|move: Roost\n|\n|-heal|p1a: Ferrothorn|50\/100|[from] item: Leftovers\n|upkeep\n|turn|12\n|\n|t:|1630675793\n|move|p1a: Ferrothorn|Protect|p1a: Ferrothorn\n|-singleturn|p1a: Ferrothorn|Protect\n|move|p2a: Falko|Focus Blast|p1a: Ferrothorn\n|-activate|p1a: Ferrothorn|move: Protect\n|\n|-heal|p1a: Ferrothorn|57\/100|[from] item: Leftovers\n|-fieldend|move: Trick Room\n|upkeep\n|turn|13\n|\n|t:|1630675802\n|move|p2a: Falko|Focus Blast|p1a: Ferrothorn\n|-supereffective|p1a: Ferrothorn\n|-damage|p1a: Ferrothorn|0 fnt\n|faint|p1a: Ferrothorn\n|-damage|p2a: Falko|73\/100|[from] item: Life Orb\n|\n|upkeep\n|\n|t:|1630675810\n|switch|p1a: Urshifu|Urshifu-Rapid-Strike, M|100\/100\n|turn|14\n|\n|t:|1630675816\n|switch|p2a: Sonso|Slowbro, M|81\/100\n|move|p1a: Urshifu|Surging Strikes|p2a: Sonso\n|-resisted|p2a: Sonso\n|-crit|p2a: Sonso\n|-damage|p2a: Sonso|71\/100\n|-resisted|p2a: Sonso\n|-crit|p2a: Sonso\n|-damage|p2a: Sonso|61\/100\n|-resisted|p2a: Sonso\n|-crit|p2a: Sonso\n|-damage|p2a: Sonso|52\/100\n|-hitcount|p2a: Sonso|3\n|\n|upkeep\n|turn|15\n|j| finalgetzu\n|\n|t:|1630675828\n|switch|p1a: Clefable|Clefable, F|45\/100\n|move|p2a: Sonso|Trick Room|p2a: Sonso\n|-fieldstart|move: Trick Room|[of] p2a: Sonso\n|\n|-heal|p1a: Clefable|51\/100|[from] item: Leftovers\n|upkeep\n|turn|16\n|\n|t:|1630675836\n|switch|p2a: Billy B.|Marowak-Alola, F|100\/100\n|move|p1a: Clefable|Soft-Boiled|p1a: Clefable\n|-heal|p1a: Clefable|100\/100\n|\n|upkeep\n|turn|17\n|\n|t:|1630675845\n|switch|p1a: Melmetal|Melmetal|100\/100\n|move|p2a: Billy B.|Flare Blitz|p1a: Melmetal\n|-supereffective|p1a: Melmetal\n|-damage|p1a: Melmetal|9\/100\n|\n|-heal|p1a: Melmetal|15\/100|[from] item: Leftovers\n|upkeep\n|turn|18\n|\n|t:|1630675853\n|move|p2a: Billy B.|Flare Blitz|p1a: Melmetal\n|-supereffective|p1a: Melmetal\n|-damage|p1a: Melmetal|0 fnt\n|faint|p1a: Melmetal\n|\n|upkeep\n|\n|t:|1630675860\n|switch|p1a: Urshifu|Urshifu-Rapid-Strike, M|100\/100\n|turn|19\n|\n|t:|1630675864\n|switch|p2a: Sonso|Slowbro, M|85\/100\n|move|p1a: Urshifu|Thunder Punch|p2a: Sonso\n|-supereffective|p2a: Sonso\n|-damage|p2a: Sonso|36\/100\n|-status|p2a: Sonso|par\n|\n|-fieldend|move: Trick Room\n|upkeep\n|turn|20\n|\n|t:|1630675873\n|switch|p2a: Sharpo|Garchomp, F|100\/100\n|move|p1a: Urshifu|Thunder Punch|p2a: Sharpo\n|-immune|p2a: Sharpo\n|\n|upkeep\n|turn|21\n|\n|t:|1630675881\n|switch|p1a: Tornadus|Tornadus-Therian, M|100\/100\n|move|p2a: Sharpo|Swords Dance|p2a: Sharpo\n|-boost|p2a: Sharpo|atk|2\n|\n|upkeep\n|turn|22\n|\n|t:|1630675888\n|switch|p1a: Clefable|Clefable, F|100\/100\n|move|p2a: Sharpo|Scale Shot|p1a: Clefable\n|-immune|p1a: Clefable\n|\n|upkeep\n|turn|23\n|l| hiffa\n|j| isa200bela\n|\n|t:|1630675895\n|move|p2a: Sharpo|Earthquake|p1a: Clefable\n|-damage|p1a: Clefable|63\/100\n|move|p1a: Clefable|Moonblast|p2a: Sharpo\n|-supereffective|p2a: Sharpo\n|-damage|p2a: Sharpo|32\/100\n|-unboost|p2a: Sharpo|spa|1\n|\n|-heal|p2a: Sharpo|38\/100|[from] item: Leftovers\n|-heal|p1a: Clefable|69\/100|[from] item: Leftovers\n|upkeep\n|turn|24\n|\n|t:|1630675906\n|switch|p2a: Thorns|Ferrothorn, M|100\/100\n|move|p1a: Clefable|Thunder Wave|p2a: Thorns\n|-status|p2a: Thorns|par\n|\n|-heal|p1a: Clefable|75\/100|[from] item: Leftovers\n|upkeep\n|turn|25\n|j| DM4Coaching1800Elo\n|\n|t:|1630675917\n|move|p1a: Clefable|Fire Blast|p2a: Thorns\n|-supereffective|p2a: Thorns\n|-damage|p2a: Thorns|43\/100 par\n|move|p2a: Thorns|Leech Seed|p1a: Clefable|[miss]\n|-miss|p2a: Thorns|p1a: Clefable\n|\n|-heal|p1a: Clefable|81\/100|[from] item: Leftovers\n|-heal|p2a: Thorns|49\/100 par|[from] item: Leftovers\n|upkeep\n|turn|26\n|l| DM4Coaching1800Elo\n|c|\u2606Infernoss|come on!!\n|\n|t:|1630675927\n|switch|p2a: Billy B.|Marowak-Alola, F|100\/100\n|move|p1a: Clefable|Fire Blast|p2a: Billy B.\n|-resisted|p2a: Billy B.\n|-damage|p2a: Billy B.|86\/100\n|\n|-heal|p1a: Clefable|87\/100|[from] item: Leftovers\n|upkeep\n|turn|27\n|\n|t:|1630675937\n|switch|p1a: Urshifu|Urshifu-Rapid-Strike, M|100\/100\n|move|p2a: Billy B.|Flare Blitz|p1a: Urshifu\n|-resisted|p1a: Urshifu\n|-damage|p1a: Urshifu|49\/100\n|\n|upkeep\n|turn|28\n|l| Frank Lopez\n|\n|t:|1630675946\n|switch|p2a: Thorns|Ferrothorn, M|49\/100 par\n|move|p1a: Urshifu|Surging Strikes|p2a: Thorns\n|-resisted|p2a: Thorns\n|-crit|p2a: Thorns\n|-damage|p2a: Thorns|36\/100 par\n|-damage|p1a: Urshifu|36\/100|[from] ability: Iron Barbs|[of] p2a: Thorns\n|-resisted|p2a: Thorns\n|-crit|p2a: Thorns\n|-damage|p2a: Thorns|24\/100 par\n|-damage|p1a: Urshifu|24\/100|[from] ability: Iron Barbs|[of] p2a: Thorns\n|-resisted|p2a: Thorns\n|-crit|p2a: Thorns\n|-damage|p2a: Thorns|12\/100 par\n|-damage|p1a: Urshifu|12\/100|[from] ability: Iron Barbs|[of] p2a: Thorns\n|-hitcount|p2a: Thorns|3\n|\n|-heal|p2a: Thorns|18\/100 par|[from] item: Leftovers\n|upkeep\n|turn|29\n|l| isa200bela\n|\n|t:|1630675963\n|switch|p2a: Sonso|Slowbro, M|69\/100 par\n|move|p1a: Urshifu|Surging Strikes|p2a: Sonso\n|-resisted|p2a: Sonso\n|-crit|p2a: Sonso\n|-damage|p2a: Sonso|60\/100 par\n|-resisted|p2a: Sonso\n|-crit|p2a: Sonso\n|-damage|p2a: Sonso|51\/100 par\n|-resisted|p2a: Sonso\n|-crit|p2a: Sonso\n|-damage|p2a: Sonso|40\/100 par\n|-hitcount|p2a: Sonso|3\n|\n|upkeep\n|turn|30\n|\n|t:|1630675974\n|move|p1a: Urshifu|Surging Strikes|p2a: Sonso\n|-resisted|p2a: Sonso\n|-crit|p2a: Sonso\n|-damage|p2a: Sonso|31\/100 par\n|-resisted|p2a: Sonso\n|-crit|p2a: Sonso\n|-damage|p2a: Sonso|21\/100 par\n|-resisted|p2a: Sonso\n|-crit|p2a: Sonso\n|-damage|p2a: Sonso|11\/100 par\n|-hitcount|p2a: Sonso|3\n|move|p2a: Sonso|Trick Room|p2a: Sonso\n|-fieldstart|move: Trick Room|[of] p2a: Sonso\n|\n|upkeep\n|turn|31\n|\n|t:|1630675985\n|switch|p2a: Thorns|Ferrothorn, M|18\/100 par\n|move|p1a: Urshifu|Surging Strikes|p2a: Thorns\n|-resisted|p2a: Thorns\n|-crit|p2a: Thorns\n|-damage|p2a: Thorns|5\/100 par\n|-damage|p1a: Urshifu|0 fnt|[from] ability: Iron Barbs|[of] p2a: Thorns\n|faint|p1a: Urshifu\n|-hitcount|p2a: Thorns|1\n|\n|-heal|p2a: Thorns|12\/100 par|[from] item: Leftovers\n|upkeep\n|l| Stall King 777\n|\n|t:|1630675997\n|switch|p1a: Clefable|Clefable, F|87\/100\n|turn|32\n|\n|t:|1630676001\n|move|p2a: Thorns|Gyro Ball|p1a: Clefable\n|-supereffective|p1a: Clefable\n|-damage|p1a: Clefable|9\/100\n|move|p1a: Clefable|Fire Blast|p2a: Thorns|[miss]\n|-miss|p1a: Clefable|p2a: Thorns\n|\n|-heal|p2a: Thorns|18\/100 par|[from] item: Leftovers\n|-heal|p1a: Clefable|15\/100|[from] item: Leftovers\n|upkeep\n|turn|33\n|\n|t:|1630676011\n|move|p2a: Thorns|Gyro Ball|p1a: Clefable\n|-supereffective|p1a: Clefable\n|-damage|p1a: Clefable|0 fnt\n|faint|p1a: Clefable\n|\n|-heal|p2a: Thorns|24\/100 par|[from] item: Leftovers\n|upkeep\n|\n|t:|1630676018\n|switch|p1a: Tornadus|Tornadus-Therian, M|100\/100\n|turn|34\n|\n|t:|1630676022\n|cant|p2a: Thorns|par\n|move|p1a: Tornadus|Nasty Plot|p1a: Tornadus\n|-boost|p1a: Tornadus|spa|2\n|\n|-heal|p2a: Thorns|30\/100 par|[from] item: Leftovers\n|-fieldend|move: Trick Room\n|upkeep\n|turn|35\n|c|\u2606Infernoss|of cfurse\n|\n|t:|1630676030\n|move|p1a: Tornadus|Hurricane|p2a: Thorns\n|-damage|p2a: Thorns|0 fnt\n|faint|p2a: Thorns\n|\n|upkeep\n|\n|t:|1630676037\n|switch|p2a: Hatterene|Hatterene, F|45\/100\n|turn|36\n|\n|t:|1630676040\n|move|p1a: Tornadus|Hurricane|p2a: Hatterene\n|-damage|p2a: Hatterene|0 fnt\n|faint|p2a: Hatterene\n|\n|upkeep\n|j| zttyt\n|\n|t:|1630676044\n|switch|p2a: Falko|Drampa, M|73\/100\n|turn|37\n|\n|t:|1630676047\n|move|p1a: Tornadus|Hurricane|p2a: Falko\n|-damage|p2a: Falko|0 fnt\n|faint|p2a: Falko\n|\n|upkeep\n|\n|t:|1630676054\n|switch|p2a: Billy B.|Marowak-Alola, F|86\/100\n|turn|38\n|\n|t:|1630676057\n|move|p1a: Tornadus|Hurricane|p2a: Billy B.\n|-damage|p2a: Billy B.|0 fnt\n|faint|p2a: Billy B.\n|\n|upkeep\n|c|\u2606Infernoss|100%\n|\n|t:|1630676065\n|switch|p2a: Sonso|Slowbro, M|44\/100 par\n|turn|39\n|\n|t:|1630676068\n|move|p1a: Tornadus|Hurricane|p2a: Sonso\n|-damage|p2a: Sonso|0 fnt\n|faint|p2a: Sonso\n|\n|upkeep\n|-message|Infernoss forfeited.\n|\n|win|hk rondoudou\n|raw|hk rondoudou's rating: 1616 &rarr; <strong>1640<\/strong><br \/>(+24 for winning)\n|raw|Infernoss's rating: 1685 &rarr; <strong>1661<\/strong><br \/>(-24 for losing)\n|l|\u2606Infernoss\n|l| ash_won_kalos\n|c|\u2606hk rondoudou|Gg\n|l| Asheeeeeee\n|l| finalgetzu\n||Ladder isn't responding, score probably updated but might not have (Request timeout).\n","uploadtime":1630676098,"views":47,"p1id":"hkrondoudou","p2id":"infernoss","formatid":"gen8ou","rating":1640,"private":0,"password":null}