{"id":"gen8ou-1666739274","p1":"jeandonis02","p2":"Gocubsgo","format":"gen8ou","log":"|j|\u2606jeandonis02\n|j|\u2606Gocubsgo\n|t:|1663441529\n|gametype|singles\n|player|p1|jeandonis02|lucas|1772\n|player|p2|Gocubsgo|265|1635\n|teamsize|p1|6\n|teamsize|p2|6\n|gen|8\n|tier|[Gen 8] OU\n|rated|\n|rule|Sleep Clause Mod: Limit one foe put to sleep\n|rule|Species Clause: Limit one of each Pok\u00e9mon\n|rule|OHKO Clause: OHKO moves are banned\n|rule|Evasion Items Clause: Evasion items are banned\n|rule|Evasion Moves Clause: Evasion moves are banned\n|rule|Endless Battle Clause: Forcing endless battles is banned\n|rule|HP Percentage Mod: HP is shown in percentages\n|rule|Dynamax Clause: You cannot dynamax\n|clearpoke\n|poke|p1|Zeraora|\n|poke|p1|Toxapex, F|\n|poke|p1|Garchomp, F|\n|poke|p1|Rotom-Wash|\n|poke|p1|Ferrothorn, F|\n|poke|p1|Charizard, F|\n|poke|p2|Lanturn, M|\n|poke|p2|Tapu Bulu|\n|poke|p2|Heatran, F|\n|poke|p2|Clefable, F|\n|poke|p2|Tornadus-Therian, M|\n|poke|p2|Kartana|\n|teampreview\n|j| kklph\n|\n|t:|1663441553\n|start\n|switch|p1a: Garchomp|Garchomp, F|100\/100\n|switch|p2a: Heatran|Heatran, F|100\/100\n|turn|1\n|\n|t:|1663441564\n|switch|p2a: Tapu Bulu|Tapu Bulu|100\/100\n|-fieldstart|move: Grassy Terrain|[from] ability: Grassy Surge|[of] p2a: Tapu Bulu\n|move|p1a: Garchomp|Earthquake|p2a: Tapu Bulu\n|-resisted|p2a: Tapu Bulu\n|-damage|p2a: Tapu Bulu|84\/100\n|\n|-heal|p2a: Tapu Bulu|90\/100|[from] Grassy Terrain\n|-heal|p2a: Tapu Bulu|96\/100|[from] item: Leftovers\n|upkeep\n|turn|2\n|\n|t:|1663441575\n|switch|p1a: Charizard|Charizard, F|100\/100\n|move|p2a: Tapu Bulu|Swords Dance|p2a: Tapu Bulu\n|-boost|p2a: Tapu Bulu|atk|2\n|\n|-heal|p2a: Tapu Bulu|100\/100|[from] Grassy Terrain\n|upkeep\n|turn|3\n|\n|t:|1663441582\n|switch|p2a: Lanturn|Lanturn, M|100\/100\n|move|p1a: Charizard|Belly Drum|p1a: Charizard\n|-damage|p1a: Charizard|50\/100\n|-setboost|p1a: Charizard|atk|6|[from] move: Belly Drum\n|-enditem|p1a: Charizard|Sitrus Berry|[eat]\n|-heal|p1a: Charizard|75\/100|[from] item: Sitrus Berry\n|\n|upkeep\n|turn|4\n|inactive|Battle timer is ON: inactive players will automatically lose when time's up. (requested by jeandonis02)\n|j| hardstuck1700sLUL\n|j| Kyurem\n|\n|t:|1663441623\n|switch|p2a: Heatran|Heatran, F|100\/100\n|move|p1a: Charizard|Acrobatics|p2a: Heatran\n|-resisted|p2a: Heatran\n|-damage|p2a: Heatran|58\/100\n|\n|-heal|p2a: Heatran|64\/100|[from] Grassy Terrain\n|-heal|p2a: Heatran|70\/100|[from] item: Leftovers\n|upkeep\n|turn|5\n|\n|t:|1663441640\n|move|p1a: Charizard|Acrobatics|p2a: Heatran\n|-resisted|p2a: Heatran\n|-damage|p2a: Heatran|21\/100\n|move|p2a: Heatran|Toxic|p1a: Charizard\n|-status|p1a: Charizard|tox\n|\n|-heal|p2a: Heatran|28\/100|[from] Grassy Terrain\n|-heal|p2a: Heatran|34\/100|[from] item: Leftovers\n|-damage|p1a: Charizard|69\/100 tox|[from] psn\n|-fieldend|move: Grassy Terrain\n|upkeep\n|turn|6\n|\n|t:|1663441650\n|move|p2a: Heatran|Protect|p2a: Heatran\n|-singleturn|p2a: Heatran|Protect\n|move|p1a: Charizard|Roost|p1a: Charizard\n|-heal|p1a: Charizard|100\/100 tox\n|-singleturn|p1a: Charizard|move: Roost\n|\n|-heal|p2a: Heatran|40\/100|[from] item: Leftovers\n|-damage|p1a: Charizard|88\/100 tox|[from] psn\n|upkeep\n|turn|7\n|\n|t:|1663441662\n|switch|p2a: Lanturn|Lanturn, M|100\/100\n|move|p1a: Charizard|Acrobatics|p2a: Lanturn\n|-resisted|p2a: Lanturn\n|-damage|p2a: Lanturn|11\/100\n|\n|-heal|p2a: Lanturn|17\/100|[from] item: Leftovers\n|-damage|p1a: Charizard|70\/100 tox|[from] psn\n|upkeep\n|turn|8\n|\n|t:|1663441671\n|switch|p2a: Heatran|Heatran, F|40\/100\n|move|p1a: Charizard|Acrobatics|p2a: Heatran\n|-resisted|p2a: Heatran\n|-damage|p2a: Heatran|0 fnt\n|faint|p2a: Heatran\n|\n|-damage|p1a: Charizard|46\/100 tox|[from] psn\n|upkeep\n|\n|t:|1663441679\n|switch|p2a: Kartana|Kartana|100\/100\n|turn|9\n|\n|t:|1663441688\n|switch|p1a: Ferrothorn|Ferrothorn, F|100\/100\n|move|p2a: Kartana|Knock Off|p1a: Ferrothorn\n|-damage|p1a: Ferrothorn|64\/100\n|-damage|p2a: Kartana|88\/100|[from] ability: Iron Barbs|[of] p1a: Ferrothorn\n|-damage|p2a: Kartana|72\/100|[from] item: Rocky Helmet|[of] p1a: Ferrothorn\n|-enditem|p1a: Ferrothorn|Rocky Helmet|[from] move: Knock Off|[of] p2a: Kartana\n|\n|upkeep\n|turn|10\n|\n|t:|1663441699\n|switch|p2a: Clefable|Clefable, F|100\/100\n|move|p1a: Ferrothorn|Stealth Rock|p2a: Clefable\n|-sidestart|p2: Gocubsgo|move: Stealth Rock\n|\n|upkeep\n|turn|11\n|\n|t:|1663441706\n|move|p2a: Clefable|Wish|p2a: Clefable\n|move|p1a: Ferrothorn|Thunder Wave|p2a: Clefable\n|-status|p2a: Clefable|par\n|\n|upkeep\n|turn|12\n|\n|t:|1663441711\n|move|p1a: Ferrothorn|Gyro Ball|p2a: Clefable\n|-supereffective|p2a: Clefable\n|-damage|p2a: Clefable|64\/100 par\n|move|p2a: Clefable|Teleport|p2a: Clefable\n|\n|t:|1663441715\n|switch|p2a: Lanturn|Lanturn, M|17\/100|[from]move: Teleport\n|-damage|p2a: Lanturn|5\/100|[from] Stealth Rock\n|\n|-heal|p2a: Lanturn|49\/100|[from] move: Wish|[wisher] Clefable\n|-heal|p2a: Lanturn|55\/100|[from] item: Leftovers\n|upkeep\n|turn|13\n|\n|t:|1663441724\n|move|p2a: Lanturn|Volt Switch|p1a: Ferrothorn\n|-resisted|p1a: Ferrothorn\n|-damage|p1a: Ferrothorn|56\/100\n|\n|t:|1663441742\n|switch|p2a: Tornadus|Tornadus-Therian, M|100\/100|[from]move: Volt Switch\n|move|p1a: Ferrothorn|Leech Seed|p2a: Tornadus\n|-start|p2a: Tornadus|move: Leech Seed\n|\n|-damage|p2a: Tornadus|88\/100|[from] Leech Seed|[of] p1a: Ferrothorn\n|-heal|p1a: Ferrothorn|69\/100|[silent]\n|upkeep\n|turn|14\n|\n|t:|1663441753\n|move|p2a: Tornadus|Defog|p1a: Ferrothorn\n|-unboost|p1a: Ferrothorn|evasion|1\n|-sideend|p2: Gocubsgo|Stealth Rock|[from] move: Defog|[of] p2a: Tornadus\n|move|p1a: Ferrothorn|Thunder Wave|p2a: Tornadus\n|-status|p2a: Tornadus|par\n|\n|-damage|p2a: Tornadus|76\/100 par|[from] Leech Seed|[of] p1a: Ferrothorn\n|-heal|p1a: Ferrothorn|82\/100|[silent]\n|upkeep\n|turn|15\n|\n|t:|1663441764\n|switch|p2a: Lanturn|Lanturn, M|55\/100\n|move|p1a: Ferrothorn|Stealth Rock|p2a: Lanturn\n|-sidestart|p2: Gocubsgo|move: Stealth Rock\n|\n|-heal|p2a: Lanturn|61\/100|[from] item: Leftovers\n|upkeep\n|turn|16\n|\n|t:|1663441772\n|move|p2a: Lanturn|Thunder Wave|p1a: Ferrothorn\n|-status|p1a: Ferrothorn|par\n|move|p1a: Ferrothorn|Leech Seed|p2a: Lanturn\n|-start|p2a: Lanturn|move: Leech Seed\n|\n|-heal|p2a: Lanturn|67\/100|[from] item: Leftovers\n|-damage|p2a: Lanturn|55\/100|[from] Leech Seed|[of] p1a: Ferrothorn\n|-heal|p1a: Ferrothorn|98\/100 par|[silent]\n|upkeep\n|turn|17\n|\n|t:|1663441780\n|switch|p1a: Garchomp|Garchomp, F|100\/100\n|move|p2a: Lanturn|Volt Switch|p1a: Garchomp\n|-immune|p1a: Garchomp\n|\n|-heal|p2a: Lanturn|61\/100|[from] item: Leftovers\n|-damage|p2a: Lanturn|49\/100|[from] Leech Seed|[of] p1a: Garchomp\n|upkeep\n|turn|18\n|\n|t:|1663441789\n|switch|p2a: Tapu Bulu|Tapu Bulu|100\/100\n|-damage|p2a: Tapu Bulu|88\/100|[from] Stealth Rock\n|-fieldstart|move: Grassy Terrain|[from] ability: Grassy Surge|[of] p2a: Tapu Bulu\n|move|p1a: Garchomp|Iron Head|p2a: Tapu Bulu\n|-supereffective|p2a: Tapu Bulu\n|-damage|p2a: Tapu Bulu|12\/100\n|\n|-heal|p2a: Tapu Bulu|19\/100|[from] Grassy Terrain\n|-heal|p2a: Tapu Bulu|25\/100|[from] item: Leftovers\n|upkeep\n|turn|19\n|\n|t:|1663441810\n|move|p1a: Garchomp|Iron Head|p2a: Tapu Bulu\n|-supereffective|p2a: Tapu Bulu\n|-damage|p2a: Tapu Bulu|0 fnt\n|faint|p2a: Tapu Bulu\n|\n|upkeep\n|\n|t:|1663441814\n|switch|p2a: Kartana|Kartana|72\/100\n|-damage|p2a: Kartana|65\/100|[from] Stealth Rock\n|turn|20\n|\n|t:|1663441818\n|switch|p1a: Ferrothorn|Ferrothorn, F|98\/100 par\n|move|p2a: Kartana|Sacred Sword|p1a: Ferrothorn\n|-supereffective|p1a: Ferrothorn\n|-damage|p1a: Ferrothorn|26\/100 par\n|-damage|p2a: Kartana|53\/100|[from] ability: Iron Barbs|[of] p1a: Ferrothorn\n|\n|-heal|p2a: Kartana|59\/100|[from] Grassy Terrain\n|-heal|p1a: Ferrothorn|32\/100 par|[from] Grassy Terrain\n|upkeep\n|turn|21\n|\n|t:|1663441832\n|switch|p2a: Clefable|Clefable, F|64\/100 par\n|switch|p1a: Toxapex|Toxapex, F|100\/100\n|\n|-heal|p2a: Clefable|70\/100 par|[from] Grassy Terrain\n|-heal|p2a: Clefable|76\/100 par|[from] item: Leftovers\n|upkeep\n|turn|22\n|\n|t:|1663441843\n|move|p1a: Toxapex|Scald|p2a: Clefable\n|-damage|p2a: Clefable|64\/100 par\n|move|p2a: Clefable|Wish|p2a: Clefable\n|\n|-heal|p2a: Clefable|70\/100 par|[from] Grassy Terrain\n|-heal|p2a: Clefable|76\/100 par|[from] item: Leftovers\n|-fieldend|move: Grassy Terrain\n|upkeep\n|turn|23\n|\n|t:|1663441851\n|switch|p1a: Garchomp|Garchomp, F|100\/100\n|cant|p2a: Clefable|par\n|\n|-heal|p2a: Clefable|100\/100 par|[from] move: Wish|[wisher] Clefable\n|upkeep\n|turn|24\n|\n|t:|1663441867\n|move|p1a: Garchomp|Iron Head|p2a: Clefable\n|-supereffective|p2a: Clefable\n|-damage|p2a: Clefable|6\/100 par\n|move|p2a: Clefable|Moonblast|p1a: Garchomp\n|-supereffective|p1a: Garchomp\n|-damage|p1a: Garchomp|37\/100\n|\n|-heal|p2a: Clefable|12\/100 par|[from] item: Leftovers\n|upkeep\n|turn|25\n|\n|t:|1663441875\n|switch|p2a: Tornadus|Tornadus-Therian, M|100\/100 par\n|move|p1a: Garchomp|Iron Head|p2a: Tornadus\n|-crit|p2a: Tornadus\n|-damage|p2a: Tornadus|36\/100 par\n|\n|upkeep\n|turn|26\n|\n|t:|1663441882\n|move|p1a: Garchomp|Iron Head|p2a: Tornadus\n|-damage|p2a: Tornadus|0 fnt\n|faint|p2a: Tornadus\n|\n|upkeep\n|-message|Gocubsgo forfeited.\n|\n|win|jeandonis02\n|raw|jeandonis02's rating: 1772 &rarr; <strong>1784<\/strong><br \/>(+12 for winning)\n|raw|Gocubsgo's rating: 1635 &rarr; <strong>1623<\/strong><br \/>(-12 for losing)\n|l|\u2606Gocubsgo\n||Ladder isn't responding, score probably updated but might not have (Request timeout).\n","uploadtime":1663441896,"views":26,"p1id":"jeandonis02","p2id":"gocubsgo","formatid":"gen8ou","rating":1623,"private":0,"password":null}