{"id":"gen8uu-1652228403","p1":"Maractus-4-UU","p2":"Forwards","format":"gen8uu","log":"|j|\u2606Maractus-4-UU\n|j|\u2606Forwards\n|t:|1661898504\n|gametype|singles\n|player|p1|Maractus-4-UU|may-masters3|1515\n|player|p2|Forwards|psychicf-gen4|1369\n|teamsize|p1|6\n|teamsize|p2|6\n|gen|8\n|tier|[Gen 8] UU\n|rated|\n|rule|Sleep Clause Mod: Limit one foe put to sleep\n|rule|Species Clause: Limit one of each Pok\u00e9mon\n|rule|OHKO Clause: OHKO moves are banned\n|rule|Evasion Items Clause: Evasion items are banned\n|rule|Evasion Moves Clause: Evasion moves are banned\n|rule|Endless Battle Clause: Forcing endless battles is banned\n|rule|HP Percentage Mod: HP is shown in percentages\n|rule|Dynamax Clause: You cannot dynamax\n|clearpoke\n|poke|p1|Swampert, F|\n|poke|p1|Goodra, F|\n|poke|p1|Maractus, F|\n|poke|p1|Ribombee, F|\n|poke|p1|Azumarill, F|\n|poke|p1|Polteageist|\n|poke|p2|Skarmory, M|\n|poke|p2|Klefki, F|\n|poke|p2|Polteageist|\n|poke|p2|Gyarados, M|\n|poke|p2|Zarude|\n|poke|p2|Scolipede, M|\n|teampreview\n|inactive|Battle timer is ON: inactive players will automatically lose when time's up. (requested by Forwards)\n|\n|t:|1661898515\n|start\n|switch|p1a: Merina|Swampert, F|100\/100\n|switch|p2a: Skarmory|Skarmory, M|100\/100\n|turn|1\n|\n|t:|1661898526\n|move|p2a: Skarmory|Taunt|p1a: Merina\n|-start|p1a: Merina|move: Taunt\n|cant|p1a: Merina|move: Taunt|Stealth Rock\n|\n|upkeep\n|turn|2\n|\n|t:|1661898530\n|switch|p1a: Shelley|Goodra, F|100\/100\n|move|p2a: Skarmory|Stealth Rock|p1a: Shelley\n|-sidestart|p1: Maractus-4-UU|move: Stealth Rock\n|\n|upkeep\n|turn|3\n|j| The \u222bquirtle \u222bquad\n|\n|t:|1661898535\n|move|p2a: Skarmory|Spikes|p1a: Shelley\n|-sidestart|p1: Maractus-4-UU|Spikes\n|move|p1a: Shelley|Fire Blast|p2a: Skarmory|[miss]\n|-miss|p1a: Shelley|p2a: Skarmory\n|\n|upkeep\n|turn|4\n|\n|t:|1661898541\n|move|p2a: Skarmory|Spikes|p1a: Shelley\n|-sidestart|p1: Maractus-4-UU|Spikes\n|move|p1a: Shelley|Fire Blast|p2a: Skarmory\n|-supereffective|p2a: Skarmory\n|-crit|p2a: Skarmory\n|-ability|p2a: Skarmory|Sturdy\n|-damage|p2a: Skarmory|1\/100\n|\n|upkeep\n|turn|5\n|-enditem|p2a: Skarmory|Custap Berry|[eat]\n|-activate|p2a: Skarmory|item: Custap Berry|[consumed]\n|\n|t:|1661898544\n|move|p2a: Skarmory|Spikes|p1a: Shelley\n|-sidestart|p1: Maractus-4-UU|Spikes\n|move|p1a: Shelley|Fire Blast|p2a: Skarmory\n|-supereffective|p2a: Skarmory\n|-damage|p2a: Skarmory|0 fnt\n|faint|p2a: Skarmory\n|\n|upkeep\n|\n|t:|1661898550\n|switch|p2a: Klefki|Klefki, F|100\/100\n|turn|6\n|\n|t:|1661898555\n|switch|p1a: Anabel|Ribombee, F, shiny|100\/100\n|move|p2a: Klefki|Light Screen|p2a: Klefki\n|-sidestart|p2: Forwards|move: Light Screen\n|\n|upkeep\n|turn|7\n|\n|t:|1661898560\n|switch|p2a: Polteageist|Polteageist|100\/100\n|move|p1a: Anabel|Defog|p2a: Polteageist\n|-unboost|p2a: Polteageist|evasion|1\n|-sideend|p2: Forwards|move: Light Screen\n|-sideend|p1: Maractus-4-UU|Spikes|[from] move: Defog|[of] p1a: Anabel\n|-sideend|p1: Maractus-4-UU|Stealth Rock|[from] move: Defog|[of] p1a: Anabel\n|\n|upkeep\n|turn|8\n|\n|t:|1661898566\n|move|p1a: Anabel|Moonblast|p2a: Polteageist\n|-damage|p2a: Polteageist|51\/100\n|move|p2a: Polteageist|Shell Smash|p2a: Polteageist\n|-unboost|p2a: Polteageist|def|1\n|-unboost|p2a: Polteageist|spd|1\n|-boost|p2a: Polteageist|atk|2\n|-boost|p2a: Polteageist|spa|2\n|-boost|p2a: Polteageist|spe|2\n|\n|upkeep\n|turn|9\n|\n|t:|1661898593\n|switch|p1a: Marnela|Maractus, F|100\/100\n|move|p2a: Polteageist|Shadow Ball|p1a: Marnela\n|-enditem|p1a: Marnela|Focus Sash\n|-damage|p1a: Marnela|1\/100\n|\n|upkeep\n|turn|10\n|\n|t:|1661898597\n|move|p1a: Marnela|Sucker Punch|p2a: Polteageist\n|-supereffective|p2a: Polteageist\n|-damage|p2a: Polteageist|0 fnt\n|faint|p2a: Polteageist\n|\n|upkeep\n|\n|t:|1661898600\n|switch|p2a: Scolipede|Scolipede, M|100\/100\n|turn|11\n|\n|t:|1661898603\n|move|p2a: Scolipede|Swords Dance|p2a: Scolipede\n|-boost|p2a: Scolipede|atk|2\n|move|p1a: Marnela|Endeavor|p2a: Scolipede\n|-damage|p2a: Scolipede|1\/100\n|\n|-ability|p2a: Scolipede|Speed Boost|boost\n|-boost|p2a: Scolipede|spe|1\n|upkeep\n|turn|12\n|\n|t:|1661898608\n|move|p1a: Marnela|Sucker Punch||[still]\n|-fail|p1a: Marnela\n|move|p2a: Scolipede|Swords Dance|p2a: Scolipede\n|-boost|p2a: Scolipede|atk|2\n|\n|-ability|p2a: Scolipede|Speed Boost|boost\n|-boost|p2a: Scolipede|spe|1\n|upkeep\n|turn|13\n|\n|t:|1661898615\n|move|p1a: Marnela|Sucker Punch|p2a: Scolipede\n|-damage|p2a: Scolipede|0 fnt\n|faint|p2a: Scolipede\n|\n|upkeep\n|\n|t:|1661898618\n|switch|p2a: Gyarados|Gyarados, M|100\/100\n|turn|14\n|\n|t:|1661898620\n|move|p2a: Gyarados|Dragon Dance|p2a: Gyarados\n|-boost|p2a: Gyarados|atk|1\n|-boost|p2a: Gyarados|spe|1\n|move|p1a: Marnela|Endeavor|p2a: Gyarados\n|-damage|p2a: Gyarados|1\/100\n|\n|upkeep\n|turn|15\n|\n|t:|1661898622\n|move|p1a: Marnela|Sucker Punch||[still]\n|-fail|p1a: Marnela\n|move|p2a: Gyarados|Dragon Dance|p2a: Gyarados\n|-boost|p2a: Gyarados|atk|1\n|-boost|p2a: Gyarados|spe|1\n|\n|upkeep\n|turn|16\n|\n|t:|1661898630\n|move|p1a: Marnela|Sucker Punch|p2a: Gyarados\n|-damage|p2a: Gyarados|0 fnt\n|faint|p2a: Gyarados\n|\n|upkeep\n|\n|t:|1661898634\n|switch|p2a: Zarude|Zarude|100\/100\n|turn|17\n|\n|t:|1661898636\n|move|p2a: Zarude|Bulk Up|p2a: Zarude\n|-boost|p2a: Zarude|atk|1\n|-boost|p2a: Zarude|def|1\n|move|p1a: Marnela|Endeavor|p2a: Zarude\n|-damage|p2a: Zarude|1\/100\n|\n|-heal|p2a: Zarude|7\/100|[from] item: Leftovers\n|upkeep\n|turn|18\n|\n|t:|1661898640\n|move|p2a: Zarude|Jungle Healing|p2a: Zarude\n|-heal|p2a: Zarude|32\/100\n|move|p1a: Marnela|Leaf Storm|p2a: Zarude\n|-resisted|p2a: Zarude\n|-damage|p2a: Zarude|3\/100\n|-unboost|p1a: Marnela|spa|2\n|\n|-heal|p2a: Zarude|9\/100|[from] item: Leftovers\n|upkeep\n|turn|19\n|\n|t:|1661898646\n|switch|p1a: Anabel|Ribombee, F, shiny|100\/100\n|move|p2a: Zarude|Jungle Healing|p2a: Zarude\n|-heal|p2a: Zarude|34\/100\n|\n|-heal|p2a: Zarude|40\/100|[from] item: Leftovers\n|upkeep\n|turn|20\n|\n|t:|1661898648\n|move|p1a: Anabel|Bug Buzz|p2a: Zarude\n|-supereffective|p2a: Zarude\n|-crit|p2a: Zarude\n|-damage|p2a: Zarude|0 fnt\n|faint|p2a: Zarude\n|\n|upkeep\n|-message|Forwards forfeited.\n|\n|win|Maractus-4-UU\n|raw|Maractus-4-UU's rating: 1515 &rarr; <strong>1527<\/strong><br \/>(+12 for winning)\n|raw|Forwards's rating: 1369 &rarr; <strong>1357<\/strong><br \/>(-12 for losing)\n|l|\u2606Forwards\n|l| The \u222bquirtle \u222bquad\n||Ladder isn't responding, score probably updated but might not have (Request timeout).\n","uploadtime":1661898660,"views":17,"p1id":"maractus4uu","p2id":"forwards","formatid":"gen8uu","rating":1357,"private":0,"password":null}