{"id":"gen8ou-1074838541","p1":"CarlyBae","p2":"Lfkgl","format":"gen8ou","log":"|j|\u2606CarlyBae\n|j|\u2606Lfkgl\n|player|p1|CarlyBae|dawn-gen4pt|1523\n|player|p2|Lfkgl|266|1467\n|teamsize|p1|6\n|teamsize|p2|6\n|gametype|singles\n|gen|8\n|tier|[Gen 8] OU\n|rated|\n|clearpoke\n|poke|p1|Torkoal, M|\n|poke|p1|Cinderace, F|\n|poke|p1|Venusaur, M|\n|poke|p1|Darmanitan, M|\n|poke|p1|Mandibuzz, F|\n|poke|p1|Dugtrio, M|\n|poke|p2|Weezing-Galar, M|\n|poke|p2|Kommo-o, M|\n|poke|p2|Aegislash, M|\n|poke|p2|Cinderace, F|\n|poke|p2|Dugtrio, F|\n|poke|p2|Rotom-Mow|\n|rule|Sleep Clause Mod: Limit one foe put to sleep\n|rule|Species Clause: Limit one of each Pok\u00e9mon\n|rule|OHKO Clause: OHKO moves are banned\n|rule|Evasion Moves Clause: Evasion moves are banned\n|rule|Endless Battle Clause: Forcing endless battles is banned\n|rule|HP Percentage Mod: HP is shown in percentages\n|rule|Dynamax Clause: You cannot dynamax\n|teampreview\n|inactive|Battle timer is ON: inactive players will automatically lose when time's up. (requested by Lfkgl)\n|\n|start\n|switch|p1a: Mandibuzz|Mandibuzz, F|100\/100\n|switch|p2a: Cinderace|Cinderace, F|100\/100\n|turn|1\n|\n|move|p2a: Cinderace|U-turn|p1a: Mandibuzz\n|-damage|p1a: Mandibuzz|74\/100\n|\n|switch|p2a: Kommo-o|Kommo-o, M|100\/100|[from]move: U-turn\n|move|p1a: Mandibuzz|U-turn|p2a: Kommo-o\n|-resisted|p2a: Kommo-o\n|-damage|p2a: Kommo-o|97\/100\n|inactive|CarlyBae has 120 seconds left.\n|\n|switch|p1a: Venusaur|Venusaur, M|100\/100|[from]move: U-turn\n|\n|-heal|p2a: Kommo-o|100\/100|[from] item: Leftovers\n|upkeep\n|turn|2\n|\n|move|p1a: Venusaur|Growth|p1a: Venusaur\n|-boost|p1a: Venusaur|atk|1\n|-boost|p1a: Venusaur|spa|1\n|move|p2a: Kommo-o|Stealth Rock|p1a: Venusaur\n|-sidestart|p1: CarlyBae|move: Stealth Rock\n|\n|upkeep\n|turn|3\n|\n|switch|p2a: Cinderace|Cinderace, F|100\/100\n|move|p1a: Venusaur|Giga Drain|p2a: Cinderace\n|-resisted|p2a: Cinderace\n|-damage|p2a: Cinderace|53\/100\n|-damage|p1a: Venusaur|91\/100|[from] item: Life Orb\n|\n|upkeep\n|turn|4\n|inactive|CarlyBae has 120 seconds left.\n|\n|switch|p1a: Mandibuzz|Mandibuzz, F|74\/100\n|move|p2a: Cinderace|Pyro Ball|p1a: Mandibuzz\n|-damage|p1a: Mandibuzz|9\/100\n|\n|upkeep\n|turn|5\n|inactive|CarlyBae has 120 seconds left.\n|\n|switch|p2a: Rotom|Rotom-Mow|100\/100\n|move|p1a: Mandibuzz|U-turn|p2a: Rotom\n|-supereffective|p2a: Rotom\n|-damage|p2a: Rotom|74\/100\n|\n|switch|p1a: Cinderace|Cinderace, F|100\/100|[from]move: U-turn\n|\n|upkeep\n|turn|6\n|\n|move|p2a: Rotom|Volt Switch|p1a: Cinderace\n|-damage|p1a: Cinderace|57\/100\n|\n|switch|p2a: Dugtrio|Dugtrio, F|100\/100|[from]move: Volt Switch\n|move|p1a: Cinderace|Court Change|p1a: Cinderace\n|-sideend|p1: CarlyBae|Stealth Rock|[silent]\n|-sidestart|p2: Lfkgl|Stealth Rock|[silent]\n|-activate|p1a: Cinderace|move: Court Change\n|\n|upkeep\n|turn|7\n|\n|move|p1a: Cinderace|Sucker Punch|p2a: Dugtrio\n|-damage|p2a: Dugtrio|43\/100\n|move|p2a: Dugtrio|Earthquake|p1a: Cinderace\n|-supereffective|p1a: Cinderace\n|-damage|p1a: Cinderace|0 fnt\n|faint|p1a: Cinderace\n|\n|upkeep\n|\n|switch|p1a: Dugtrio|Dugtrio, M|100\/100\n|turn|8\n|\n|move|p2a: Dugtrio|Earthquake|p1a: Dugtrio\n|-enditem|p1a: Dugtrio|Focus Sash\n|-damage|p1a: Dugtrio|1\/100\n|move|p1a: Dugtrio|Earthquake|p2a: Dugtrio\n|-damage|p2a: Dugtrio|0 fnt\n|faint|p2a: Dugtrio\n|\n|upkeep\n|\n|switch|p2a: Weezing|Weezing-Galar, M|100\/100\n|-damage|p2a: Weezing|88\/100|[from] Stealth Rock\n|turn|9\n|inactive|CarlyBae has 120 seconds left.\n|\n|switch|p1a: Darmanitan|Darmanitan, M|100\/100\n|move|p2a: Weezing|Defog|p1a: Darmanitan\n|-unboost|p1a: Darmanitan|evasion|1\n|-sideend|p2: Lfkgl|Stealth Rock|[from] move: Defog|[of] p2a: Weezing\n|\n|-heal|p2a: Weezing|94\/100|[from] item: Black Sludge\n|upkeep\n|turn|10\n|\n|move|p1a: Darmanitan|Flare Blitz|p2a: Weezing\n|-damage|p2a: Weezing|0 fnt\n|-damage|p1a: Darmanitan|71\/100|[from] Recoil\n|faint|p2a: Weezing\n|\n|upkeep\n|\n|switch|p2a: Kommo-o|Kommo-o, M|100\/100\n|turn|11\n|\n|switch|p1a: Dugtrio|Dugtrio, M|1\/100\n|move|p2a: Kommo-o|Body Press|p1a: Dugtrio\n|-damage|p1a: Dugtrio|0 fnt\n|faint|p1a: Dugtrio\n|\n|upkeep\n|\n|switch|p1a: Torkoal|Torkoal, M|100\/100\n|-weather|SunnyDay|[from] ability: Drought|[of] p1a: Torkoal\n|turn|12\n|inactive|CarlyBae has 120 seconds left.\n|\n|switch|p1a: Darmanitan|Darmanitan, M|71\/100\n|move|p2a: Kommo-o|Body Press|p1a: Darmanitan\n|-damage|p1a: Darmanitan|6\/100\n|\n|-weather|SunnyDay|[upkeep]\n|upkeep\n|turn|13\n|\n|move|p2a: Kommo-o|Protect|p2a: Kommo-o\n|-singleturn|p2a: Kommo-o|Protect\n|move|p1a: Darmanitan|Flare Blitz|p2a: Kommo-o\n|-activate|p2a: Kommo-o|move: Protect\n|\n|-weather|SunnyDay|[upkeep]\n|upkeep\n|turn|14\n|\n|move|p1a: Darmanitan|Flare Blitz|p2a: Kommo-o\n|-resisted|p2a: Kommo-o\n|-damage|p2a: Kommo-o|48\/100\n|-damage|p1a: Darmanitan|0 fnt|[from] Recoil\n|faint|p1a: Darmanitan\n|move|p2a: Kommo-o|Stealth Rock|p1: Darmanitan\n|-sidestart|p1: CarlyBae|move: Stealth Rock\n|\n|-weather|SunnyDay|[upkeep]\n|-heal|p2a: Kommo-o|54\/100|[from] item: Leftovers\n|upkeep\n|\n|switch|p1a: Venusaur|Venusaur, M|91\/100\n|-damage|p1a: Venusaur|78\/100|[from] Stealth Rock\n|turn|15\n|\n|move|p1a: Venusaur|Growth|p1a: Venusaur\n|-boost|p1a: Venusaur|atk|2\n|-boost|p1a: Venusaur|spa|2\n|move|p2a: Kommo-o|Earthquake|p1a: Venusaur\n|-damage|p1a: Venusaur|46\/100\n|\n|-weather|SunnyDay|[upkeep]\n|-heal|p2a: Kommo-o|60\/100|[from] item: Leftovers\n|upkeep\n|turn|16\n|\n|move|p1a: Venusaur|Giga Drain|p2a: Kommo-o\n|-resisted|p2a: Kommo-o\n|-damage|p2a: Kommo-o|18\/100\n|-heal|p1a: Venusaur|71\/100|[from] drain|[of] p2a: Kommo-o\n|-damage|p1a: Venusaur|61\/100|[from] item: Life Orb\n|move|p2a: Kommo-o|Earthquake|p1a: Venusaur\n|-damage|p1a: Venusaur|30\/100\n|\n|-weather|SunnyDay|[upkeep]\n|-heal|p2a: Kommo-o|25\/100|[from] item: Leftovers\n|upkeep\n|turn|17\n|\n|move|p1a: Venusaur|Giga Drain|p2a: Kommo-o\n|-resisted|p2a: Kommo-o\n|-damage|p2a: Kommo-o|0 fnt\n|-heal|p1a: Venusaur|45\/100|[from] drain|[of] p2a: Kommo-o\n|-damage|p1a: Venusaur|35\/100|[from] item: Life Orb\n|faint|p2a: Kommo-o\n|\n|-weather|SunnyDay|[upkeep]\n|upkeep\n|\n|switch|p2a: Cinderace|Cinderace, F|53\/100\n|turn|18\n|\n|move|p2a: Cinderace|Sucker Punch|p1a: Venusaur\n|-damage|p1a: Venusaur|0 fnt\n|faint|p1a: Venusaur\n|\n|-weather|SunnyDay|[upkeep]\n|upkeep\n|\n|switch|p1a: Torkoal|Torkoal, M|100\/100\n|-damage|p1a: Torkoal|76\/100|[from] Stealth Rock\n|turn|19\n|\n|switch|p2a: Aegislash|Aegislash, M|100\/100\n|move|p1a: Torkoal|Earth Power|p2a: Aegislash\n|-supereffective|p2a: Aegislash\n|-damage|p2a: Aegislash|59\/100\n|\n|-weather|none\n|-heal|p2a: Aegislash|65\/100|[from] item: Leftovers\n|upkeep\n|turn|20\n|\n|-formechange|p2a: Aegislash|Aegislash-Blade||[from] ability: Stance Change\n|move|p2a: Aegislash|Shadow Ball|p1a: Torkoal\n|-damage|p1a: Torkoal|11\/100\n|move|p1a: Torkoal|Lava Plume|p2a: Aegislash\n|-supereffective|p2a: Aegislash\n|-damage|p2a: Aegislash|0 fnt\n|faint|p2a: Aegislash\n|\n|upkeep\n|\n|switch|p2a: Cinderace|Cinderace, F|53\/100\n|turn|21\n|-message|CarlyBae forfeited.\n|\n|win|Lfkgl\n|l|\u2606CarlyBae\n|raw|CarlyBae's rating: 1514 &rarr; <strong>1491<\/strong><br \/>(-23 for losing)\n|raw|Lfkgl's rating: 1467 &rarr; <strong>1490<\/strong><br \/>(+23 for winning)\n","uploadtime":1583542639,"views":3,"p1id":"carlybae","p2id":"lfkgl","formatid":"gen8ou","rating":1490,"private":0,"password":null}