{"id":"gen8ou-1680838670","p1":"smoglin doglin","p2":"hardik27","format":"gen8ou","log":"|j|\u2606smoglin doglin\n|j|\u2606hardik27\n|t:|1665244621\n|gametype|singles\n|player|p1|smoglin doglin|flannery|1829\n|player|p2|hardik27|steven|1781\n|teamsize|p1|6\n|teamsize|p2|6\n|gen|8\n|tier|[Gen 8] OU\n|rated|\n|rule|Sleep Clause Mod: Limit one foe put to sleep\n|rule|Species Clause: Limit one of each Pok\u00e9mon\n|rule|OHKO Clause: OHKO moves are banned\n|rule|Evasion Items Clause: Evasion items are banned\n|rule|Evasion Moves Clause: Evasion moves are banned\n|rule|Endless Battle Clause: Forcing endless battles is banned\n|rule|HP Percentage Mod: HP is shown in percentages\n|rule|Dynamax Clause: You cannot dynamax\n|clearpoke\n|poke|p1|Dusknoir, F|\n|poke|p1|Zapdos-Galar|\n|poke|p1|Skarmory, M|\n|poke|p1|Excadrill, M|\n|poke|p1|Tapu Fini|\n|poke|p1|Garchomp, M|\n|poke|p2|Pelipper, F|\n|poke|p2|Barraskewda, M|\n|poke|p2|Landorus-Therian, M|\n|poke|p2|Ferrothorn, F|\n|poke|p2|Tapu Koko|\n|poke|p2|Corviknight, F|\n|teampreview\n|c|\u2606hardik27|cool team\n|c|\u2606smoglin doglin|ty\n|c|\u2606hardik27|!dt dusknoir\n|raw|<div class=\"message\"><ul class=\"utilichart\"><li class=\"result\"><span class=\"col numcol\">(PU)<\/span> <span class=\"col iconcol\"><psicon pokemon=\"dusknoir\"\/><\/span> <span class=\"col pokemonnamecol\" style=\"white-space:nowrap\"><a href=\"https:\/\/dex.pokemonshowdown.com\/pokemon\/dusknoir\" target=\"_blank\">Dusknoir<\/a><\/span> <span class=\"col typecol\"><img src=\"https:\/\/play.pokemonshowdown.com\/sprites\/types\/Ghost.png\" alt=\"Ghost\" height=\"14\" width=\"32\"><\/span> <span style=\"float:left;min-height:26px\"><span class=\"col abilitycol\">Pressure<\/span><span class=\"col abilitycol\"><em>Frisk<\/em><\/span><\/span><span style=\"float:left;min-height:26px\"><span class=\"col statcol\"><em>HP<\/em><br \/>45<\/span> <span class=\"col statcol\"><em>Atk<\/em><br \/>100<\/span> <span class=\"col statcol\"><em>Def<\/em><br \/>135<\/span> <span class=\"col statcol\"><em>SpA<\/em><br \/>65<\/span> <span class=\"col statcol\"><em>SpD<\/em><br \/>135<\/span> <span class=\"col statcol\"><em>Spe<\/em><br \/>45<\/span> <span class=\"col bstcol\"><em>BST<br \/>525<\/em><\/span> <\/span><\/li><li style=\"clear:both\"><\/li><\/ul><\/div>\n|raw|<font size=\"1\"><font color=\"#686868\">Dex#:<\/font> 477&nbsp;|&ThickSpace;<font color=\"#686868\">Gen:<\/font> 4&nbsp;|&ThickSpace;<font color=\"#686868\">Height:<\/font> 2.2 m&nbsp;|&ThickSpace;<font color=\"#686868\">Weight:<\/font> 106.6 kg <em>(100 BP)<\/em>&nbsp;|&ThickSpace;<font color=\"#686868\">Dex Colour:<\/font> Black&nbsp;|&ThickSpace;<font color=\"#686868\">Egg Group(s):<\/font> Amorphous&nbsp;|&ThickSpace;<font color=\"#686868\">Does Not Evolve<\/font><\/font>\n\n|inactive|Battle timer is ON: inactive players will automatically lose when time's up. (requested by hardik27)\n|c|\u2606hardik27|mad respect for using untiered mon on high ladder\n|j| Brungulus\n|\n|t:|1665244655\n|start\n|switch|p1a: Dusknoir|Dusknoir, F|100\/100\n|switch|p2a: Pelipper|Pelipper, F|100\/100\n|-weather|RainDance|[from] ability: Drizzle|[of] p2a: Pelipper\n|-item|p2a: Pelipper|Choice Specs|[from] ability: Frisk|[of] p1a: Dusknoir|[identify]\n|turn|1\n|\n|t:|1665244659\n|move|p2a: Pelipper|Weather Ball|p1a: Dusknoir\n|-damage|p1a: Dusknoir|7\/100\n|move|p1a: Dusknoir|Poltergeist|p2a: Pelipper\n|-activate|p2a: Pelipper|move: Poltergeist|Choice Specs\n|-damage|p2a: Pelipper|34\/100\n|\n|-weather|RainDance|[upkeep]\n|upkeep\n|turn|2\n|\n|t:|1665244666\n|switch|p1a: Tapu Fini|Tapu Fini|100\/100\n|-fieldstart|move: Misty Terrain|[from] ability: Misty Surge|[of] p1a: Tapu Fini\n|move|p2a: Pelipper|Weather Ball|p1a: Tapu Fini\n|-resisted|p1a: Tapu Fini\n|-damage|p1a: Tapu Fini|65\/100\n|\n|-weather|RainDance|[upkeep]\n|upkeep\n|turn|3\n|\n|t:|1665244673\n|switch|p1a: Dusknoir|Dusknoir, F|7\/100\n|-item|p2a: Pelipper|Choice Specs|[from] ability: Frisk|[of] p1a: Dusknoir|[identify]\n|switch|p2a: Ferrothorn|Ferrothorn, F|100\/100\n|\n|-weather|RainDance|[upkeep]\n|upkeep\n|turn|4\n|\n|t:|1665244677\n|move|p1a: Dusknoir|Pain Split|p2a: Ferrothorn\n|-sethp|p2a: Ferrothorn|53\/100|[from] move: Pain Split|[silent]\n|-sethp|p1a: Dusknoir|65\/100|[from] move: Pain Split\n|move|p2a: Ferrothorn|Power Whip|p1a: Dusknoir\n|-damage|p1a: Dusknoir|31\/100\n|\n|-weather|RainDance|[upkeep]\n|upkeep\n|turn|5\n|j| futuro corno\n|\n|t:|1665244686\n|move|p1a: Dusknoir|Poltergeist|p2a: Ferrothorn\n|-activate|p2a: Ferrothorn|move: Poltergeist|Eject Button\n|-damage|p2a: Ferrothorn|9\/100\n|-enditem|p2a: Ferrothorn|Eject Button\n|\n|t:|1665244691\n|switch|p2a: Barraskewda|Barraskewda, M|100\/100\n|\n|-weather|none\n|upkeep\n|turn|6\n|\n|t:|1665244698\n|switch|p1a: Skarmory|Skarmory, M|100\/100\n|move|p2a: Barraskewda|Flip Turn|p1a: Skarmory\n|-damage|p1a: Skarmory|72\/100\n|-damage|p2a: Barraskewda|84\/100|[from] item: Rocky Helmet|[of] p1a: Skarmory\n|\n|t:|1665244704\n|switch|p2a: Pelipper|Pelipper, F|34\/100|[from]move: Flip Turn\n|-weather|RainDance|[from] ability: Drizzle|[of] p2a: Pelipper\n|\n|-weather|RainDance|[upkeep]\n|-fieldend|Misty Terrain\n|upkeep\n|turn|7\n|\n|t:|1665244708\n|switch|p1a: Tapu Fini|Tapu Fini|65\/100\n|-fieldstart|move: Misty Terrain|[from] ability: Misty Surge|[of] p1a: Tapu Fini\n|move|p2a: Pelipper|Weather Ball|p1a: Tapu Fini\n|-resisted|p1a: Tapu Fini\n|-damage|p1a: Tapu Fini|26\/100\n|\n|-weather|RainDance|[upkeep]\n|upkeep\n|turn|8\n|j| Texsc\n|\n|t:|1665244715\n|switch|p2a: Ferrothorn|Ferrothorn, F|9\/100\n|move|p1a: Tapu Fini|Scald|p2a: Ferrothorn\n|-resisted|p2a: Ferrothorn\n|-damage|p2a: Ferrothorn|0 fnt\n|faint|p2a: Ferrothorn\n|\n|-weather|RainDance|[upkeep]\n|upkeep\n|\n|t:|1665244719\n|switch|p2a: Barraskewda|Barraskewda, M|84\/100\n|turn|9\n|j| Heerv\n|\n|t:|1665244727\n|switch|p1a: Skarmory|Skarmory, M|72\/100\n|move|p2a: Barraskewda|Liquidation|p1a: Skarmory\n|-damage|p1a: Skarmory|7\/100\n|-damage|p2a: Barraskewda|68\/100|[from] item: Rocky Helmet|[of] p1a: Skarmory\n|\n|-weather|RainDance|[upkeep]\n|upkeep\n|turn|10\n|\n|t:|1665244732\n|move|p2a: Barraskewda|Liquidation|p1a: Skarmory\n|-damage|p1a: Skarmory|0 fnt\n|-damage|p2a: Barraskewda|51\/100|[from] item: Rocky Helmet|[of] p1a: Skarmory\n|faint|p1a: Skarmory\n|\n|-weather|none\n|upkeep\n|\n|t:|1665244758\n|switch|p1a: Garchomp|Garchomp, M|100\/100\n|turn|11\n|\n|t:|1665244766\n|switch|p2a: Landorus|Landorus-Therian, M|100\/100\n|-ability|p2a: Landorus|Intimidate|boost\n|-unboost|p1a: Garchomp|atk|1\n|move|p1a: Garchomp|Scale Shot|p2a: Landorus\n|-damage|p2a: Landorus|90\/100\n|-damage|p2a: Landorus|81\/100\n|-damage|p2a: Landorus|71\/100\n|-hitcount|p2a: Landorus|3\n|-unboost|p1a: Garchomp|def|1\n|-boost|p1a: Garchomp|spe|1\n|\n|-fieldend|Misty Terrain\n|upkeep\n|turn|12\n|\n|t:|1665244786\n|move|p1a: Garchomp|Scale Shot|p2a: Landorus\n|-damage|p2a: Landorus|61\/100\n|-damage|p2a: Landorus|53\/100\n|-damage|p2a: Landorus|43\/100\n|-damage|p2a: Landorus|34\/100\n|-hitcount|p2a: Landorus|4\n|-unboost|p1a: Garchomp|def|1\n|-boost|p1a: Garchomp|spe|1\n|move|p2a: Landorus|Earthquake|p1a: Garchomp\n|-damage|p1a: Garchomp|0 fnt\n|faint|p1a: Garchomp\n|\n|upkeep\n|inactive|smoglin doglin has 120 seconds left.\n|l| Brungulus\n|j| Brungulus\n|\n|t:|1665244812\n|switch|p1a: Zapdos|Zapdos-Galar|100\/100\n|turn|13\n|l| Brungulus\n|\n|t:|1665244815\n|switch|p2a: Corviknight|Corviknight, F|100\/100\n|-ability|p2a: Corviknight|Pressure\n|move|p1a: Zapdos|Substitute|p1a: Zapdos\n|-start|p1a: Zapdos|Substitute\n|-damage|p1a: Zapdos|76\/100\n|\n|upkeep\n|turn|14\n|\n|t:|1665244821\n|move|p1a: Zapdos|Thunderous Kick|p2a: Corviknight\n|-damage|p2a: Corviknight|74\/100\n|-unboost|p2a: Corviknight|def|1\n|-damage|p1a: Zapdos|59\/100|[from] item: Rocky Helmet|[of] p2a: Corviknight\n|move|p2a: Corviknight|Brave Bird|p1a: Zapdos\n|-supereffective|p1a: Zapdos\n|-end|p1a: Zapdos|Substitute\n|-damage|p2a: Corviknight|67\/100|[from] Recoil|[of] p1a: Zapdos\n|\n|upkeep\n|turn|15\n|\n|t:|1665244826\n|switch|p1a: Excadrill|Excadrill, M|100\/100\n|-ability|p1a: Excadrill|Mold Breaker\n|move|p2a: Corviknight|Brave Bird|p1a: Excadrill\n|-resisted|p1a: Excadrill\n|-damage|p1a: Excadrill|75\/100\n|-damage|p2a: Corviknight|60\/100|[from] Recoil\n|\n|-heal|p1a: Excadrill|81\/100|[from] item: Leftovers\n|upkeep\n|turn|16\n|\n|t:|1665244828\n|move|p1a: Excadrill|Stealth Rock|p2a: Corviknight\n|-sidestart|p2: hardik27|move: Stealth Rock\n|move|p2a: Corviknight|U-turn|p1a: Excadrill\n|-resisted|p1a: Excadrill\n|-damage|p1a: Excadrill|71\/100\n|\n|t:|1665244831\n|switch|p2a: Landorus|Landorus-Therian, M|34\/100|[from]move: U-turn\n|-damage|p2a: Landorus|22\/100|[from] Stealth Rock\n|-ability|p2a: Landorus|Intimidate|boost\n|-unboost|p1a: Excadrill|atk|1\n|\n|-heal|p1a: Excadrill|77\/100|[from] item: Leftovers\n|upkeep\n|turn|17\n|j| potatochip_dd\n|\n|t:|1665244842\n|move|p2a: Landorus|U-turn|p1a: Excadrill\n|-resisted|p1a: Excadrill\n|-damage|p1a: Excadrill|48\/100\n|\n|t:|1665244845\n|switch|p2a: Corviknight|Corviknight, F|60\/100|[from]move: U-turn\n|-damage|p2a: Corviknight|47\/100|[from] Stealth Rock\n|-ability|p2a: Corviknight|Pressure\n|move|p1a: Excadrill|Toxic|p2a: Corviknight\n|-immune|p2a: Corviknight\n|\n|-heal|p1a: Excadrill|54\/100|[from] item: Leftovers\n|upkeep\n|turn|18\n|\n|t:|1665244847\n|switch|p1a: Dusknoir|Dusknoir, F|31\/100\n|-item|p2a: Corviknight|Rocky Helmet|[from] ability: Frisk|[of] p1a: Dusknoir|[identify]\n|move|p2a: Corviknight|Roost|p2a: Corviknight\n|-heal|p2a: Corviknight|97\/100\n|-singleturn|p2a: Corviknight|move: Roost\n|\n|upkeep\n|turn|19\n|\n|t:|1665244857\n|move|p1a: Dusknoir|Pain Split|p2a: Corviknight\n|-sethp|p2a: Corviknight|60\/100|[from] move: Pain Split|[silent]\n|-sethp|p1a: Dusknoir|83\/100|[from] move: Pain Split\n|move|p2a: Corviknight|Brave Bird|p1a: Dusknoir\n|-damage|p1a: Dusknoir|49\/100\n|-damage|p2a: Corviknight|52\/100|[from] Recoil\n|\n|upkeep\n|turn|20\n|c|\u2606hardik27|how fast is that thing\n|\n|t:|1665244869\n|move|p1a: Dusknoir|Taunt|p2a: Corviknight\n|-start|p2a: Corviknight|move: Taunt\n|cant|p2a: Corviknight|move: Taunt|Roost\n|\n|upkeep\n|turn|21\n|c|\u2606smoglin doglin|haha\n|\n|t:|1665244877\n|switch|p2a: Tapu Koko|Tapu Koko|100\/100\n|-fieldstart|move: Electric Terrain|[from] ability: Electric Surge|[of] p2a: Tapu Koko\n|move|p1a: Dusknoir|Poltergeist|p2a: Tapu Koko\n|-activate|p2a: Tapu Koko|move: Poltergeist|Heavy-Duty Boots\n|-damage|p2a: Tapu Koko|26\/100\n|\n|upkeep\n|turn|22\n|\n|t:|1665244885\n|move|p1a: Dusknoir|Shadow Sneak|p2a: Tapu Koko\n|-damage|p2a: Tapu Koko|0 fnt\n|faint|p2a: Tapu Koko\n|\n|upkeep\n|c|\u2606hardik27|wo\n|\n|t:|1665244893\n|switch|p2a: Landorus|Landorus-Therian, M|22\/100\n|-damage|p2a: Landorus|10\/100|[from] Stealth Rock\n|-ability|p2a: Landorus|Intimidate|boost\n|-unboost|p1a: Dusknoir|atk|1\n|turn|23\n|\n|t:|1665244903\n|switch|p2a: Barraskewda|Barraskewda, M|51\/100\n|-damage|p2a: Barraskewda|39\/100|[from] Stealth Rock\n|move|p1a: Dusknoir|Shadow Sneak|p2a: Barraskewda\n|-damage|p2a: Barraskewda|15\/100\n|\n|upkeep\n|turn|24\n|c|\u2606hardik27|cant believe lost to noir .\n|c|\u2606hardik27|after almost killing him in the first tunr\n|\n|t:|1665244929\n|switch|p2a: Corviknight|Corviknight, F|52\/100\n|-damage|p2a: Corviknight|39\/100|[from] Stealth Rock\n|-ability|p2a: Corviknight|Pressure\n|move|p1a: Dusknoir|Shadow Sneak|p2a: Corviknight\n|-damage|p2a: Corviknight|31\/100\n|-damage|p1a: Dusknoir|32\/100|[from] item: Rocky Helmet|[of] p2a: Corviknight\n|\n|upkeep\n|turn|25\n|c|\u2606hardik27|gg\n|inactive|smoglin doglin has 120 seconds left.\n|c| futuro corno|who would expect mono ghost noir\n|c|\u2606hardik27|true . especially one this fast\n|\n|t:|1665244968\n|switch|p1a: Tapu Fini|Tapu Fini|26\/100\n|-fieldstart|move: Misty Terrain|[from] ability: Misty Surge|[of] p1a: Tapu Fini\n|move|p2a: Corviknight|Brave Bird|p1a: Tapu Fini\n|-damage|p1a: Tapu Fini|0 fnt\n|faint|p1a: Tapu Fini\n|-damage|p2a: Corviknight|24\/100|[from] Recoil\n|\n|upkeep\n|inactive|smoglin doglin has 90 seconds left.\n|c|\u2606hardik27|!calc\n|c| hardik27|\/raw <div class=\"infobox\">Pok&eacute;mon Showdown! damage calculator. (Courtesy of Honko, Austin, &amp; Kris)<br \/>- <a href=\"https:\/\/calc.pokemonshowdown.com\/index.html\">Damage Calculator<\/a><\/div>\n|j| Anibunnysomoney\n|inactive|smoglin doglin has 60 seconds left.\n|l| Heerv\n|c|\u2606smoglin doglin|think i still lose\n|l| potatochip_dd\n|inactive|smoglin doglin has 30 seconds left.\n|inactive|smoglin doglin has 20 seconds left.\n|\n|t:|1665245053\n|switch|p1a: Dusknoir|Dusknoir, F|32\/100\n|-item|p2a: Corviknight|Rocky Helmet|[from] ability: Frisk|[of] p1a: Dusknoir|[identify]\n|turn|26\n|inactive|smoglin doglin has 30 seconds left this turn.\n|\n|t:|1665245060\n|switch|p2a: Landorus|Landorus-Therian, M|10\/100\n|-damage|p2a: Landorus|0 fnt|[from] Stealth Rock\n|faint|p2a: Landorus\n|move|p1a: Dusknoir|Poltergeist|p2: Landorus|[notarget]\n|-fail|p1a: Dusknoir\n|\n|upkeep\n|inactive|smoglin doglin has 30 seconds left this turn.\n|\n|t:|1665245066\n|switch|p2a: Pelipper|Pelipper, F|34\/100\n|-damage|p2a: Pelipper|9\/100|[from] Stealth Rock\n|-weather|RainDance|[from] ability: Drizzle|[of] p2a: Pelipper\n|turn|27\n|inactive|smoglin doglin has 30 seconds left.\n|\n|t:|1665245078\n|switch|p1a: Excadrill|Excadrill, M|54\/100\n|-ability|p1a: Excadrill|Mold Breaker\n|move|p2a: Pelipper|Weather Ball|p1a: Excadrill\n|-supereffective|p1a: Excadrill\n|-damage|p1a: Excadrill|0 fnt\n|faint|p1a: Excadrill\n|\n|-weather|RainDance|[upkeep]\n|upkeep\n|inactive|smoglin doglin has 30 seconds left.\n|\n|t:|1665245083\n|switch|p1a: Zapdos|Zapdos-Galar|59\/100\n|-enditem|p1a: Zapdos|Misty Seed\n|-boost|p1a: Zapdos|spd|1|[from] item: Misty Seed\n|turn|28\n|\n|t:|1665245089\n|move|p1a: Zapdos|Substitute|p1a: Zapdos\n|-start|p1a: Zapdos|Substitute\n|-damage|p1a: Zapdos|34\/100\n|move|p2a: Pelipper|Weather Ball|p1a: Zapdos\n|-end|p1a: Zapdos|Substitute\n|\n|-weather|RainDance|[upkeep]\n|upkeep\n|turn|29\n|\n|t:|1665245099\n|move|p1a: Zapdos|Substitute|p1a: Zapdos\n|-start|p1a: Zapdos|Substitute\n|-damage|p1a: Zapdos|9\/100\n|move|p2a: Pelipper|Weather Ball|p1a: Zapdos\n|-end|p1a: Zapdos|Substitute\n|\n|-weather|RainDance|[upkeep]\n|-fieldend|Misty Terrain\n|upkeep\n|turn|30\n|inactive|smoglin doglin has 30 seconds left.\n|inactive|smoglin doglin has 20 seconds left.\n|\n|t:|1665245131\n|move|p1a: Zapdos|Thunderous Kick|p2a: Pelipper\n|-resisted|p2a: Pelipper\n|-damage|p2a: Pelipper|0 fnt\n|faint|p2a: Pelipper\n|\n|-weather|RainDance|[upkeep]\n|upkeep\n|inactive|smoglin doglin has 25 seconds left this turn.\n|\n|t:|1665245134\n|switch|p2a: Barraskewda|Barraskewda, M|15\/100\n|-damage|p2a: Barraskewda|3\/100|[from] Stealth Rock\n|turn|31\n|\n|t:|1665245137\n|move|p2a: Barraskewda|Aqua Jet|p1a: Zapdos\n|-damage|p1a: Zapdos|0 fnt\n|faint|p1a: Zapdos\n|\n|-weather|none\n|upkeep\n|\n|t:|1665245138\n|switch|p1a: Dusknoir|Dusknoir, F|32\/100\n|-item|p2a: Barraskewda|Choice Band|[from] ability: Frisk|[of] p1a: Dusknoir|[identify]\n|turn|32\n|c|\u2606hardik27|moment of truth\n|\n|t:|1665245153\n|move|p2a: Barraskewda|Aqua Jet|p1a: Dusknoir\n|-damage|p1a: Dusknoir|4\/100\n|move|p1a: Dusknoir|Shadow Sneak|p2a: Barraskewda\n|-damage|p2a: Barraskewda|0 fnt\n|faint|p2a: Barraskewda\n|\n|upkeep\n|c|\u2606hardik27|damn\n|\n|t:|1665245159\n|switch|p2a: Corviknight|Corviknight, F|24\/100\n|-damage|p2a: Corviknight|11\/100|[from] Stealth Rock\n|-ability|p2a: Corviknight|Pressure\n|turn|33\n|\n|t:|1665245165\n|move|p1a: Dusknoir|Poltergeist|p2a: Corviknight\n|-activate|p2a: Corviknight|move: Poltergeist|Rocky Helmet\n|-damage|p2a: Corviknight|0 fnt\n|faint|p2a: Corviknight\n|\n|win|smoglin doglin\n|raw|smoglin doglin's rating: 1829 &rarr; <strong>1846<\/strong><br \/>(+17 for winning)\n|raw|hardik27's rating: 1781 &rarr; <strong>1764<\/strong><br \/>(-17 for losing)\n|c|\u2606smoglin doglin|close gg\n|c|\u2606hardik27|good one\n|c|\u2606hardik27|gg\n|l| futuro corno\n|l| Anibunnysomoney\n|c|\u2606smoglin doglin|if you're curious, i have just enough speed for corvi\n||Ladder isn't responding, score probably updated but might not have (Request timeout).\n","uploadtime":1665245178,"views":27,"p1id":"smoglindoglin","p2id":"hardik27","formatid":"gen8ou","rating":1764,"private":0,"password":null}