{"id":"gen8nationaldex-1455256856","p1":"htcl","p2":"i know im horrible","format":"gen8nationaldex","log":"|j|\u2606htcl\n|j|\u2606i know im horrible\n|inactive|Battle timer is ON: inactive players will automatically lose when time's up.\n|t:|1637083187\n|gametype|singles\n|player|p1|htcl|mira|\n|player|p2|i know im horrible|2|\n|teamsize|p1|6\n|teamsize|p2|6\n|gen|8\n|tier|[Gen 8] National Dex\n|rated|Tournament battle\n|rule|HP Percentage Mod: HP is shown in percentages\n|rule|Endless Battle Clause: Forcing endless battles is banned\n|rule|OHKO Clause: OHKO moves are banned\n|rule|Evasion Moves Clause: Evasion moves are banned\n|rule|Species Clause: Limit one of each Pok\u00e9mon\n|rule|Dynamax Clause: You cannot dynamax\n|rule|Sleep Clause Mod: Limit one foe put to sleep\n|rule|Z-Move Clause: Z-Moves are banned\n|clearpoke\n|poke|p1|Blissey, F|\n|poke|p1|Clefable, F|\n|poke|p1|Skarmory, M|\n|poke|p1|Gliscor, M|\n|poke|p1|Mantine, F|\n|poke|p1|Jirachi|\n|poke|p2|Swampert, M|\n|poke|p2|Pelipper, M|\n|poke|p2|Kingdra, M|\n|poke|p2|Forretress, F|\n|poke|p2|Ludicolo, M|\n|poke|p2|Azumarill, M|\n|teampreview\n|c|\u2606htcl|ap\n|j| TheKingofGlers\n|c|\u2606i know im horrible|gl hf\n|j|+Mimikyu Stardust\n|c|\u2606i know im horrible|oh no\n|j| Volc is for pssys\n|c|\u2606i know im horrible|mantine\n|j| mic227\n|j| Beached Animal\n|\n|t:|1637083208\n|start\n|switch|p1a: Jirachi|Jirachi|100\/100\n|switch|p2a: Forretress|Forretress, F|100\/100\n|turn|1\n|\n|t:|1637083212\n|move|p1a: Jirachi|U-turn|p2a: Forretress\n|-resisted|p2a: Forretress\n|-damage|p2a: Forretress|94\/100\n|c| mic227|rain damn\n|\n|t:|1637083214\n|switch|p1a: Skarmory|Skarmory, M|100\/100|[from]move: U-turn\n|move|p2a: Forretress|Stealth Rock|p1a: Skarmory\n|-sidestart|p1: htcl|move: Stealth Rock\n|\n|-heal|p2a: Forretress|100\/100|[from] item: Leftovers\n|upkeep\n|turn|2\n|\n|t:|1637083218\n|switch|p2a: Pelipper|Pelipper, M|100\/100\n|-weather|RainDance|[from] ability: Drizzle|[of] p2a: Pelipper\n|move|p1a: Skarmory|Defog|p2a: Pelipper\n|-unboost|p2a: Pelipper|evasion|1\n|-sideend|p1: htcl|Stealth Rock|[from] move: Defog|[of] p1a: Skarmory\n|\n|-weather|RainDance|[upkeep]\n|upkeep\n|turn|3\n|\n|t:|1637083226\n|switch|p1a: Mantine|Mantine, F|100\/100\n|move|p2a: Pelipper|Scald|p1a: Mantine\n|-immune|p1a: Mantine|[from] ability: Water Absorb\n|\n|-weather|RainDance|[upkeep]\n|upkeep\n|turn|4\n|\n|t:|1637083230\n|move|p1a: Mantine|Scald|p2a: Pelipper\n|-resisted|p2a: Pelipper\n|-damage|p2a: Pelipper|75\/100\n|move|p2a: Pelipper|U-turn|p1a: Mantine\n|-resisted|p1a: Mantine\n|-damage|p1a: Mantine|97\/100\n|c|+Mimikyu Stardust|BDSP OU STARTER PACK: Manaphy Offense, Roserade shits, Stall, Rain\n|\n|t:|1637083235\n|switch|p2a: Azumarill|Azumarill, M|100\/100|[from]move: U-turn\n|\n|-weather|RainDance|[upkeep]\n|-heal|p1a: Mantine|100\/100|[from] item: Leftovers\n|upkeep\n|turn|5\n|j| Eve\n|\n|t:|1637083247\n|move|p1a: Mantine|Scald|p2a: Azumarill\n|-resisted|p2a: Azumarill\n|-damage|p2a: Azumarill|82\/100\n|move|p2a: Azumarill|Knock Off|p1a: Mantine\n|-damage|p1a: Mantine|64\/100\n|-enditem|p1a: Mantine|Leftovers|[from] move: Knock Off|[of] p2a: Azumarill\n|\n|-weather|RainDance|[upkeep]\n|upkeep\n|turn|6\n|\n|t:|1637083252\n|switch|p2a: Ludicolo|Ludicolo, M|100\/100\n|move|p1a: Mantine|Scald|p2a: Ludicolo\n|-resisted|p2a: Ludicolo\n|-damage|p2a: Ludicolo|91\/100\n|\n|-weather|RainDance|[upkeep]\n|upkeep\n|turn|7\n|\n|t:|1637083256\n|move|p2a: Ludicolo|Giga Drain|p1a: Mantine\n|-damage|p1a: Mantine|33\/100\n|-heal|p2a: Ludicolo|100\/100|[from] drain|[of] p1a: Mantine\n|-damage|p2a: Ludicolo|91\/100|[from] item: Life Orb\n|move|p1a: Mantine|Roost|p1a: Mantine\n|-heal|p1a: Mantine|83\/100\n|-singleturn|p1a: Mantine|move: Roost\n|\n|-weather|RainDance|[upkeep]\n|upkeep\n|turn|8\n|\n|t:|1637083262\n|move|p2a: Ludicolo|Ice Beam|p1a: Mantine\n|-damage|p1a: Mantine|60\/100\n|-damage|p2a: Ludicolo|81\/100|[from] item: Life Orb\n|move|p1a: Mantine|Scald|p2a: Ludicolo\n|-resisted|p2a: Ludicolo\n|-damage|p2a: Ludicolo|70\/100\n|\n|-weather|RainDance|[upkeep]\n|upkeep\n|turn|9\n|\n|t:|1637083266\n|move|p2a: Ludicolo|Giga Drain|p1a: Mantine\n|-damage|p1a: Mantine|31\/100\n|-heal|p2a: Ludicolo|89\/100|[from] drain|[of] p1a: Mantine\n|-damage|p2a: Ludicolo|79\/100|[from] item: Life Orb\n|move|p1a: Mantine|Roost|p1a: Mantine\n|-heal|p1a: Mantine|81\/100\n|-singleturn|p1a: Mantine|move: Roost\n|\n|-weather|none\n|upkeep\n|turn|10\n|l| TheKingofGlers\n|\n|t:|1637083271\n|move|p2a: Ludicolo|Giga Drain|p1a: Mantine\n|-damage|p1a: Mantine|49\/100\n|-heal|p2a: Ludicolo|98\/100|[from] drain|[of] p1a: Mantine\n|-damage|p2a: Ludicolo|88\/100|[from] item: Life Orb\n|move|p1a: Mantine|Scald|p2a: Ludicolo\n|-resisted|p2a: Ludicolo\n|-damage|p2a: Ludicolo|82\/100\n|-status|p2a: Ludicolo|brn\n|\n|-damage|p2a: Ludicolo|76\/100 brn|[from] brn\n|upkeep\n|turn|11\n|c| Eve|azu still doesn't learn knock off in bdsp\n|\n|t:|1637083278\n|switch|p2a: Forretress|Forretress, F|100\/100\n|move|p1a: Mantine|Roost|p1a: Mantine\n|-heal|p1a: Mantine|99\/100\n|-singleturn|p1a: Mantine|move: Roost\n|\n|upkeep\n|turn|12\n|\n|t:|1637083283\n|switch|p1a: Skarmory|Skarmory, M|100\/100\n|move|p2a: Forretress|Volt Switch|p1a: Skarmory\n|-supereffective|p1a: Skarmory\n|-damage|p1a: Skarmory|73\/100\n|c|\u2606htcl|oh shit\n|c|\u2606htcl|he has volt\n|c|\u2606htcl|take notes Mimikyu Stardust\n|\n|t:|1637083300\n|switch|p2a: Pelipper|Pelipper, M|75\/100|[from]move: Volt Switch\n|-weather|RainDance|[from] ability: Drizzle|[of] p2a: Pelipper\n|\n|-weather|RainDance|[upkeep]\n|upkeep\n|turn|13\n|\n|t:|1637083303\n|switch|p1a: Mantine|Mantine, F|99\/100\n|move|p2a: Pelipper|U-turn|p1a: Mantine\n|-resisted|p1a: Mantine\n|-damage|p1a: Mantine|95\/100\n|c|+Mimikyu Stardust|htcl the team wasnt made by me\n|c|\u2606htcl|oh\n|\n|t:|1637083312\n|switch|p2a: Forretress|Forretress, F|100\/100|[from]move: U-turn\n|\n|-weather|RainDance|[upkeep]\n|upkeep\n|turn|14\n|\n|t:|1637083315\n|move|p1a: Mantine|Scald|p2a: Forretress\n|-damage|p2a: Forretress|49\/100\n|move|p2a: Forretress|Volt Switch|p1a: Mantine\n|-supereffective|p1a: Mantine\n|-damage|p1a: Mantine|68\/100\n|c|\u2606htcl|27\n|\n|t:|1637083322\n|switch|p2a: Azumarill|Azumarill, M|82\/100|[from]move: Volt Switch\n|\n|-weather|RainDance|[upkeep]\n|upkeep\n|turn|15\n|j| Dyfrnt\n|\n|t:|1637083329\n|move|p1a: Mantine|Scald|p2a: Azumarill\n|-resisted|p2a: Azumarill\n|-damage|p2a: Azumarill|65\/100\n|-status|p2a: Azumarill|brn\n|move|p2a: Azumarill|Play Rough|p1a: Mantine\n|-damage|p1a: Mantine|46\/100\n|\n|-weather|RainDance|[upkeep]\n|-damage|p2a: Azumarill|59\/100 brn|[from] brn\n|upkeep\n|turn|16\n|c|\u2606htcl|phew\n|l| Dyfrnt\n|\n|t:|1637083337\n|switch|p2a: Swampert|Swampert, M|100\/100\n|move|p1a: Mantine|Roost|p1a: Mantine\n|-heal|p1a: Mantine|96\/100\n|-singleturn|p1a: Mantine|move: Roost\n|\n|-weather|RainDance|[upkeep]\n|upkeep\n|turn|17\n|c|\u2606htcl|no way this is edge right\n|\n|t:|1637083348\n|move|p1a: Mantine|Scald|p2a: Swampert\n|-damage|p2a: Swampert|78\/100\n|move|p2a: Swampert|Curse|p2a: Swampert\n|-unboost|p2a: Swampert|spe|1\n|-boost|p2a: Swampert|atk|1\n|-boost|p2a: Swampert|def|1\n|\n|-weather|RainDance|[upkeep]\n|-heal|p2a: Swampert|84\/100|[from] item: Leftovers\n|upkeep\n|turn|18\n|\n|t:|1637083353\n|move|p1a: Mantine|Scald|p2a: Swampert\n|-damage|p2a: Swampert|61\/100\n|move|p2a: Swampert|Curse|p2a: Swampert\n|-unboost|p2a: Swampert|spe|1\n|-boost|p2a: Swampert|atk|1\n|-boost|p2a: Swampert|def|1\n|\n|-weather|RainDance|[upkeep]\n|-heal|p2a: Swampert|68\/100|[from] item: Leftovers\n|upkeep\n|turn|19\n|\n|t:|1637083356\n|move|p1a: Mantine|Haze|p1a: Mantine\n|-clearallboost\n|move|p2a: Swampert|Curse|p2a: Swampert\n|-unboost|p2a: Swampert|spe|1\n|-boost|p2a: Swampert|atk|1\n|-boost|p2a: Swampert|def|1\n|\n|-weather|none\n|-heal|p2a: Swampert|74\/100|[from] item: Leftovers\n|upkeep\n|turn|20\n|j|@azure nights\n|c|\u2606i know im horrible|oh wow\n|c|\u2606i know im horrible|thats it\n|c|\u2606i know im horrible|gg\n|-message|i know im horrible forfeited.\n|\n|win|htcl\n|n|\u2606htcl|htcl\n|n|\u2606i know im horrible|iknowimhorrible\n|n| Mimikyu Stardust|mimikyustardust\n|n| Volc is for pssys|volcisforpssys\n|n| mic227|mic227\n|n| Beached Animal|beachedanimal\n|n| Eve|eve\n|n| azure nights|azurenights\n","uploadtime":1637083369,"views":40,"p1id":"htcl","p2id":"iknowimhorrible","formatid":"gen8nationaldex","rating":0,"private":0,"password":null}