{"id":"gen8uu-1158685953","p1":"retronub","p2":"BaddyGames","format":"gen8uu","log":"|j|\u2606retronub\n|j|\u2606BaddyGames\n|t:|1595877685\n|player|p1|retronub|giovanni|\n|player|p2|BaddyGames|275|\n|teamsize|p1|6\n|teamsize|p2|6\n|gametype|singles\n|gen|8\n|tier|[Gen 8] UU\n|clearpoke\n|poke|p1|Slowking, M|\n|poke|p1|Mienshao, M|\n|poke|p1|Rotom-Wash|\n|poke|p1|Cobalion|\n|poke|p1|Dragalge, F|\n|poke|p1|Krookodile, F|\n|poke|p2|Torkoal, F|\n|poke|p2|Venusaur, M|\n|poke|p2|Darmanitan, F|\n|poke|p2|Blissey, F|\n|poke|p2|Skarmory, F|\n|poke|p2|Rotom-Wash|\n|rule|Sleep Clause Mod: Limit one foe put to sleep\n|rule|Species Clause: Limit one of each Pok\u00e9mon\n|rule|OHKO Clause: OHKO moves are banned\n|rule|Evasion Moves Clause: Evasion moves are banned\n|rule|Endless Battle Clause: Forcing endless battles is banned\n|rule|HP Percentage Mod: HP is shown in percentages\n|rule|Dynamax Clause: You cannot dynamax\n|teampreview\n|\n|t:|1595877704\n|start\n|switch|p1a: Cobalion|Cobalion|100\/100\n|switch|p2a: Rotom|Rotom-Wash|100\/100\n|turn|1\n|\n|t:|1595877709\n|move|p1a: Cobalion|Stealth Rock|p2a: Rotom\n|-sidestart|p2: BaddyGames|move: Stealth Rock\n|move|p2a: Rotom|Will-O-Wisp|p1a: Cobalion\n|-status|p1a: Cobalion|brn\n|\n|-damage|p1a: Cobalion|94\/100 brn|[from] brn\n|upkeep\n|turn|2\n|\n|t:|1595877723\n|move|p1a: Cobalion|Volt Switch|p2a: Rotom\n|-damage|p2a: Rotom|85\/100\n|\n|t:|1595877734\n|switch|p1a: Dragalge|Dragalge, F|100\/100|[from]move: Volt Switch\n|move|p2a: Rotom|Hydro Pump|p1a: Dragalge\n|-resisted|p1a: Dragalge\n|-damage|p1a: Dragalge|76\/100\n|\n|-heal|p2a: Rotom|92\/100|[from] item: Leftovers\n|-heal|p1a: Dragalge|82\/100|[from] item: Black Sludge\n|upkeep\n|turn|3\n|\n|t:|1595877745\n|move|p2a: Rotom|Volt Switch|p1a: Dragalge\n|-resisted|p1a: Dragalge\n|-damage|p1a: Dragalge|65\/100\n|inactive|Battle timer is ON: inactive players will automatically lose when time's up. (requested by retronub)\n|\n|t:|1595877768\n|switch|p2a: Blissey|Blissey, F|100\/100|[from]move: Volt Switch\n|move|p1a: Dragalge|Toxic Spikes|p2a: Blissey\n|-sidestart|p2: BaddyGames|move: Toxic Spikes\n|\n|-heal|p1a: Dragalge|71\/100|[from] item: Black Sludge\n|upkeep\n|turn|4\n|c|\u2606retronub|hurry up\n|c|\u2606retronub|dog\n|c|\u2606BaddyGames|thinking\n|\n|t:|1595877775\n|switch|p1a: Cobalion|Cobalion|94\/100 brn\n|move|p2a: Blissey|Seismic Toss|p1a: Cobalion\n|-damage|p1a: Cobalion|63\/100 brn\n|-damage|p2a: Blissey|84\/100|[from] item: Rocky Helmet|[of] p1a: Cobalion\n|\n|-damage|p1a: Cobalion|57\/100 brn|[from] brn\n|upkeep\n|turn|5\n|\n|t:|1595877782\n|switch|p2a: Skarmory|Skarmory, F|100\/100\n|-damage|p2a: Skarmory|88\/100|[from] Stealth Rock\n|move|p1a: Cobalion|Close Combat|p2a: Skarmory\n|-damage|p2a: Skarmory|75\/100\n|-unboost|p1a: Cobalion|def|1\n|-unboost|p1a: Cobalion|spd|1\n|-damage|p1a: Cobalion|41\/100 brn|[from] item: Rocky Helmet|[of] p2a: Skarmory\n|\n|-damage|p1a: Cobalion|35\/100 brn|[from] brn\n|upkeep\n|turn|6\n|\n|t:|1595877800\n|switch|p1a: Mienshao|Mienshao, M|100\/100\n|move|p2a: Skarmory|Spikes|p1a: Mienshao\n|-sidestart|p1: retronub|Spikes\n|\n|upkeep\n|turn|7\n|\n|t:|1595877812\n|move|p1a: Mienshao|Knock Off|p2a: Skarmory\n|-damage|p2a: Skarmory|56\/100\n|-damage|p1a: Mienshao|84\/100|[from] item: Rocky Helmet|[of] p2a: Skarmory\n|-enditem|p2a: Skarmory|Rocky Helmet|[from] move: Knock Off|[of] p1a: Mienshao\n|move|p2a: Skarmory|Counter|p1a: Mienshao\n|-damage|p1a: Mienshao|39\/100\n|\n|upkeep\n|turn|8\n|\n|t:|1595877820\n|switch|p1a: Rotom|Rotom-Wash|100\/100\n|move|p2a: Skarmory|Roost|p2a: Skarmory\n|-heal|p2a: Skarmory|100\/100\n|-singleturn|p2a: Skarmory|move: Roost\n|\n|upkeep\n|turn|9\n|\n|t:|1595877828\n|switch|p2a: Blissey|Blissey, F|84\/100\n|move|p1a: Rotom|Volt Switch|p2a: Blissey\n|-damage|p2a: Blissey|75\/100\n|c|\u2606retronub|!dt blissey\n|raw|<div class=\"message\"><ul class=\"utilichart\"><li class=\"result\"><span class=\"col numcol\">UU<\/span> <span class=\"col iconcol\"><psicon pokemon=\"blissey\"\/><\/span> <span class=\"col pokemonnamecol\" style=\"white-space:nowrap\"><a href=\"https:\/\/dex.pokemonshowdown.com\/pokemon\/blissey\" target=\"_blank\">Blissey<\/a><\/span> <span class=\"col typecol\"><img src=\"https:\/\/play.pokemonshowdown.com\/sprites\/types\/Normal.png\" alt=\"Normal\" height=\"14\" width=\"32\"><\/span> <span style=\"float:left;min-height:26px\"><span class=\"col twoabilitycol\">Natural Cure<br \/>Serene Grace<\/span><span class=\"col abilitycol\"><em>Healer<\/em><\/span><\/span><span style=\"float:left;min-height:26px\"><span class=\"col statcol\"><em>HP<\/em><br \/>255<\/span> <span class=\"col statcol\"><em>Atk<\/em><br \/>10<\/span> <span class=\"col statcol\"><em>Def<\/em><br \/>10<\/span> <span class=\"col statcol\"><em>SpA<\/em><br \/>75<\/span> <span class=\"col statcol\"><em>SpD<\/em><br \/>135<\/span> <span class=\"col statcol\"><em>Spe<\/em><br \/>55<\/span> <span class=\"col bstcol\"><em>BST<br \/>540<\/em><\/span> <\/span><\/li><li style=\"clear:both\"><\/li><\/ul><\/div>\n|raw|<font size=\"1\"><font color=\"#686868\">Dex#:<\/font> 242&nbsp;|&ThickSpace;<font color=\"#686868\">Gen:<\/font> 2&nbsp;|&ThickSpace;<font color=\"#686868\">Height:<\/font> 1.5 m&nbsp;|&ThickSpace;<font color=\"#686868\">Weight:<\/font> 46.8 kg <em>(60 BP)<\/em>&nbsp;|&ThickSpace;<font color=\"#686868\">Dex Colour:<\/font> Pink&nbsp;|&ThickSpace;<font color=\"#686868\">Egg Group(s):<\/font> Fairy&nbsp;|&ThickSpace;<font color=\"#686868\">Does Not Evolve<\/font><\/font>\n\n|c|\u2606BaddyGames|nice brain\n|\n|t:|1595877855\n|switch|p1a: Krookodile|Krookodile, F|100\/100|[from]move: Volt Switch\n|-damage|p1a: Krookodile|88\/100|[from] Spikes\n|-ability|p1a: Krookodile|Intimidate|boost\n|-unboost|p2a: Blissey|atk|1\n|\n|upkeep\n|turn|10\n|c|\u2606retronub|die\n|\n|t:|1595877870\n|switch|p2a: Skarmory|Skarmory, F|100\/100\n|-damage|p2a: Skarmory|88\/100|[from] Stealth Rock\n|move|p1a: Krookodile|Close Combat|p2a: Skarmory\n|-damage|p2a: Skarmory|56\/100\n|-unboost|p1a: Krookodile|def|1\n|-unboost|p1a: Krookodile|spd|1\n|\n|upkeep\n|turn|11\n|\n|t:|1595877886\n|switch|p1a: Rotom|Rotom-Wash|100\/100\n|move|p2a: Skarmory|Roost|p2a: Skarmory\n|-heal|p2a: Skarmory|100\/100\n|-singleturn|p2a: Skarmory|move: Roost\n|\n|upkeep\n|turn|12\n|\n|t:|1595877903\n|switch|p2a: Blissey|Blissey, F|75\/100\n|move|p1a: Rotom|Volt Switch|p2a: Blissey\n|-damage|p2a: Blissey|65\/100\n|\n|t:|1595877908\n|switch|p1a: Mienshao|Mienshao, M|72\/100|[from]move: Volt Switch\n|-damage|p1a: Mienshao|60\/100|[from] Spikes\n|\n|upkeep\n|turn|13\n|\n|t:|1595877916\n|switch|p2a: Skarmory|Skarmory, F|100\/100\n|-damage|p2a: Skarmory|88\/100|[from] Stealth Rock\n|move|p1a: Mienshao|U-turn|p2a: Skarmory\n|-resisted|p2a: Skarmory\n|-damage|p2a: Skarmory|85\/100\n|\n|t:|1595877930\n|switch|p1a: Cobalion|Cobalion|35\/100 brn|[from]move: U-turn\n|-damage|p1a: Cobalion|22\/100 brn|[from] Spikes\n|\n|-damage|p1a: Cobalion|16\/100 brn|[from] brn\n|upkeep\n|turn|14\n|\n|t:|1595877953\n|move|p1a: Cobalion|Volt Switch|p2a: Skarmory\n|-supereffective|p2a: Skarmory\n|-crit|p2a: Skarmory\n|-damage|p2a: Skarmory|27\/100\n|c|\u2606BaddyGames|nice luck bitch\n|\n|t:|1595877976\n|switch|p1a: Rotom|Rotom-Wash|100\/100|[from]move: Volt Switch\n|move|p2a: Skarmory|Spikes|p1a: Rotom\n|-sidestart|p1: retronub|Spikes\n|\n|upkeep\n|turn|15\n|\n|t:|1595877993\n|switch|p2a: Blissey|Blissey, F|65\/100\n|move|p1a: Rotom|Volt Switch|p2a: Blissey\n|-damage|p2a: Blissey|57\/100\n|\n|t:|1595878007\n|switch|p1a: Mienshao|Mienshao, M|93\/100|[from]move: Volt Switch\n|-damage|p1a: Mienshao|77\/100|[from] Spikes\n|\n|upkeep\n|turn|16\n|\n|t:|1595878017\n|move|p1a: Mienshao|Close Combat|p2a: Blissey\n|-supereffective|p2a: Blissey\n|-damage|p2a: Blissey|0 fnt\n|-unboost|p1a: Mienshao|def|1\n|-unboost|p1a: Mienshao|spd|1\n|faint|p2a: Blissey\n|\n|upkeep\n|\n|t:|1595878020\n|switch|p2a: Torkoal|Torkoal, F|100\/100\n|-status|p2a: Torkoal|psn\n|-damage|p2a: Torkoal|76\/100 psn|[from] Stealth Rock\n|-weather|SunnyDay|[from] ability: Drought|[of] p2a: Torkoal\n|turn|17\n|\n|t:|1595878033\n|switch|p1a: Cobalion|Cobalion|16\/100 brn\n|-damage|p1a: Cobalion|0 fnt|[from] Spikes\n|faint|p1a: Cobalion\n|move|p2a: Torkoal|Yawn|p1: Cobalion|[notarget]\n|-fail|p2a: Torkoal\n|\n|-weather|SunnyDay|[upkeep]\n|-damage|p2a: Torkoal|63\/100 psn|[from] psn\n|upkeep\n|inactive|retronub has 270 seconds left.\n|inactive|retronub has 240 seconds left.\n|c|\u2606BaddyGames|hurry up\n|c|\u2606BaddyGames|dog\n|inactive|retronub has 210 seconds left.\n|inactive|retronub has 180 seconds left.\n|c|\u2606retronub|sorry\n|\n|t:|1595878159\n|switch|p1a: Rotom|Rotom-Wash|100\/100\n|turn|18\n|\n|t:|1595878166\n|move|p1a: Rotom|Defog|p2a: Torkoal\n|-unboost|p2a: Torkoal|evasion|1\n|-sideend|p2: BaddyGames|Toxic Spikes|[from] move: Defog|[of] p1a: Rotom\n|-sideend|p2: BaddyGames|Stealth Rock|[from] move: Defog|[of] p1a: Rotom\n|-sideend|p1: retronub|Spikes|[from] move: Defog|[of] p1a: Rotom\n|move|p2a: Torkoal|Rapid Spin|p1a: Rotom\n|-damage|p1a: Rotom|91\/100\n|-boost|p2a: Torkoal|spe|1\n|\n|-weather|SunnyDay|[upkeep]\n|-heal|p1a: Rotom|97\/100|[from] item: Leftovers\n|-damage|p2a: Torkoal|51\/100 psn|[from] psn\n|upkeep\n|turn|19\n|inactive|retronub has 180 seconds left.\n|inactive|retronub has 150 seconds left.\n|\n|t:|1595878213\n|switch|p2a: Venusaur|Venusaur, M|100\/100\n|move|p1a: Rotom|Volt Switch|p2a: Venusaur\n|-resisted|p2a: Venusaur\n|-damage|p2a: Venusaur|86\/100\n|inactive|retronub has 150 seconds left.\n|\n|t:|1595878225\n|switch|p1a: Mienshao|Mienshao, M|100\/100|[from]move: Volt Switch\n|\n|-weather|SunnyDay|[upkeep]\n|upkeep\n|turn|20\n|\n|t:|1595878232\n|move|p2a: Venusaur|Growth|p2a: Venusaur\n|-boost|p2a: Venusaur|atk|2\n|-boost|p2a: Venusaur|spa|2\n|move|p1a: Mienshao|Knock Off|p2a: Venusaur\n|-damage|p2a: Venusaur|44\/100\n|-enditem|p2a: Venusaur|Life Orb|[from] move: Knock Off|[of] p1a: Mienshao\n|\n|-weather|SunnyDay|[upkeep]\n|upkeep\n|turn|21\n|inactive|retronub has 150 seconds left.\n|\n|t:|1595878248\n|move|p2a: Venusaur|Solar Beam||[still]\n|-prepare|p2a: Venusaur|Solar Beam|p1a: Mienshao\n|-anim|p2a: Venusaur|Solar Beam|p1a: Mienshao\n|-damage|p1a: Mienshao|0 fnt\n|faint|p1a: Mienshao\n|\n|-weather|SunnyDay|[upkeep]\n|upkeep\n|inactive|retronub has 150 seconds left.\n|\n|t:|1595878258\n|switch|p1a: Dragalge|Dragalge, F|71\/100\n|turn|22\n|\n|t:|1595878280\n|move|p2a: Venusaur|Sludge Bomb|p1a: Dragalge\n|-resisted|p1a: Dragalge\n|-damage|p1a: Dragalge|32\/100\n|move|p1a: Dragalge|Draco Meteor|p2a: Venusaur\n|-damage|p2a: Venusaur|0 fnt\n|-unboost|p1a: Dragalge|spa|2\n|faint|p2a: Venusaur\n|\n|-weather|SunnyDay|[upkeep]\n|-heal|p1a: Dragalge|38\/100|[from] item: Black Sludge\n|upkeep\n|\n|t:|1595878295\n|switch|p2a: Darmanitan|Darmanitan, F|100\/100\n|turn|23\n|inactive|retronub has 150 seconds left.\n|\n|t:|1595878330\n|move|p2a: Darmanitan|Rock Slide|p1a: Dragalge\n|-damage|p1a: Dragalge|0 fnt\n|faint|p1a: Dragalge\n|\n|-weather|SunnyDay|[upkeep]\n|upkeep\n|\n|t:|1595878336\n|switch|p1a: Krookodile|Krookodile, F|88\/100\n|-ability|p1a: Krookodile|Intimidate|boost\n|-unboost|p2a: Darmanitan|atk|1\n|turn|24\n|\n|t:|1595878346\n|switch|p2a: Skarmory|Skarmory, F|27\/100\n|move|p1a: Krookodile|Knock Off|p2a: Skarmory\n|-damage|p2a: Skarmory|1\/100\n|\n|-weather|none\n|upkeep\n|turn|25\n|\n|t:|1595878358\n|move|p1a: Krookodile|Knock Off|p2a: Skarmory\n|-damage|p2a: Skarmory|0 fnt\n|faint|p2a: Skarmory\n|\n|upkeep\n|\n|t:|1595878362\n|switch|p2a: Torkoal|Torkoal, F|51\/100 psn\n|-weather|SunnyDay|[from] ability: Drought|[of] p2a: Torkoal\n|turn|26\n|inactive|retronub has 150 seconds left.\n|inactive|retronub has 120 seconds left.\n|\n|t:|1595878416\n|switch|p2a: Rotom|Rotom-Wash|92\/100\n|move|p1a: Krookodile|Knock Off|p2a: Rotom\n|-damage|p2a: Rotom|13\/100\n|-enditem|p2a: Rotom|Leftovers|[from] move: Knock Off|[of] p1a: Krookodile\n|\n|-weather|SunnyDay|[upkeep]\n|upkeep\n|turn|27\n|\n|t:|1595878421\n|move|p1a: Krookodile|Knock Off|p2a: Rotom\n|-damage|p2a: Rotom|0 fnt\n|faint|p2a: Rotom\n|\n|-weather|SunnyDay|[upkeep]\n|upkeep\n|\n|t:|1595878423\n|switch|p2a: Darmanitan|Darmanitan, F|100\/100\n|turn|28\n|c|\u2606retronub|500mil thanks\n|\n|t:|1595878445\n|switch|p1a: Slowking|Slowking, M|100\/100\n|move|p2a: Darmanitan|Flare Blitz|p1a: Slowking\n|-resisted|p1a: Slowking\n|-damage|p1a: Slowking|55\/100\n|-damage|p2a: Darmanitan|83\/100|[from] Recoil\n|\n|-weather|SunnyDay|[upkeep]\n|upkeep\n|turn|29\n|\n|t:|1595878453\n|move|p2a: Darmanitan|Flare Blitz|p1a: Slowking\n|-resisted|p1a: Slowking\n|-damage|p1a: Slowking|7\/100\n|-damage|p2a: Darmanitan|66\/100|[from] Recoil\n|move|p1a: Slowking|Slack Off|p1a: Slowking\n|-heal|p1a: Slowking|57\/100\n|\n|-weather|SunnyDay|[upkeep]\n|upkeep\n|turn|30\n|\n|t:|1595878459\n|switch|p2a: Torkoal|Torkoal, F|51\/100 psn\n|move|p1a: Slowking|Slack Off|p1a: Slowking\n|-heal|p1a: Slowking|100\/100\n|\n|-weather|SunnyDay|[upkeep]\n|-damage|p2a: Torkoal|39\/100 psn|[from] psn\n|upkeep\n|turn|31\n|\n|t:|1595878467\n|move|p1a: Slowking|Scald|p2a: Torkoal\n|-supereffective|p2a: Torkoal\n|-damage|p2a: Torkoal|4\/100 psn\n|move|p2a: Torkoal|Yawn|p1a: Slowking\n|-start|p1a: Slowking|move: Yawn|[of] p2a: Torkoal\n|\n|-weather|SunnyDay|[upkeep]\n|-damage|p2a: Torkoal|0 fnt|[from] psn\n|faint|p2a: Torkoal\n|upkeep\n|\n|t:|1595878470\n|switch|p2a: Darmanitan|Darmanitan, F|66\/100\n|turn|32\n|inactive|retronub has 150 seconds left.\n|inactive|BaddyGames has 270 seconds left.\n|\n|t:|1595878511\n|move|p2a: Darmanitan|Flare Blitz|p1a: Slowking\n|-resisted|p1a: Slowking\n|-damage|p1a: Slowking|57\/100\n|-damage|p2a: Darmanitan|50\/100|[from] Recoil\n|move|p1a: Slowking|Scald|p2a: Darmanitan\n|-supereffective|p2a: Darmanitan\n|-damage|p2a: Darmanitan|10\/100\n|\n|-weather|SunnyDay|[upkeep]\n|-end|p1a: Slowking|move: Yawn|[silent]\n|-status|p1a: Slowking|slp\n|upkeep\n|turn|33\n|inactive|BaddyGames has 270 seconds left.\n|inactive|retronub has 120 seconds left.\n|c|\u2606BaddyGames|slowking users are braindead\n|l|\u2606retronub\n|inactive|retronub disconnected and has 300 seconds to reconnect!\n|player|p1|\n|inactive|retronub has 270 seconds to reconnect!\n|j|\u2606retronub\n|inactive|retronub reconnected and has 115 seconds left.\n|player|p1|retronub|giovanni\n|\n|t:|1595878602\n|move|p2a: Darmanitan|Flare Blitz|p1a: Slowking\n|-resisted|p1a: Slowking\n|-damage|p1a: Slowking|9\/100 slp\n|-damage|p2a: Darmanitan|0 fnt|[from] Recoil\n|faint|p2a: Darmanitan\n|\n|win|retronub\n|c|\u2606retronub|get destroyed\n|c|\u2606BaddyGames|nice slowking\n|c|\u2606BaddyGames|broken poke\n|c|\u2606retronub|salty\n|c|\u2606retronub|Send me pcs\n","uploadtime":1595878645,"views":16,"p1id":"retronub","p2id":"baddygames","formatid":"gen8uu","rating":0,"private":0,"password":null}