{"id":"gen8bdspou-1497764755","p1":"lowattentionacc4","p2":"galarian dragapult","format":"gen8bdspou","log":"|html|<div class=\"broadcast-blue\"><strong>[Gen 8 BDSP] OU is currently suspecting Manaphy! For information on how to participate check out the <a href=\"https:\/\/www.smogon.com\/forums\/threads\/np-bdsp-ou-suspect-process-round-2-afterglow.3696052\/\">suspect thread<\/a>.<\/strong><\/div>\n|j|\u2606lowattentionacc4\n|j|\u2606galarian dragapult\n|t:|1643064250\n|gametype|singles\n|player|p1|lowattentionacc4|2|1461\n|player|p2|galarian dragapult|170|1647\n|teamsize|p1|6\n|teamsize|p2|6\n|gen|8\n|tier|[Gen 8 BDSP] OU\n|rated|\n|rule|Sleep Clause Mod: Limit one foe put to sleep\n|rule|Species Clause: Limit one of each Pok\u00e9mon\n|rule|OHKO Clause: OHKO moves are banned\n|rule|Evasion Moves Clause: Evasion moves are banned\n|rule|Endless Battle Clause: Forcing endless battles is banned\n|rule|HP Percentage Mod: HP is shown in percentages\n|clearpoke\n|poke|p1|Weavile, F|\n|poke|p1|Skarmory, F|\n|poke|p1|Gastrodon, M|\n|poke|p1|Gengar, M|\n|poke|p1|Heatran, F|\n|poke|p1|Starmie|\n|poke|p2|Garchomp, F|\n|poke|p2|Rotom-Wash|\n|poke|p2|Scizor, M|\n|poke|p2|Togekiss, F|\n|poke|p2|Blissey, F|\n|poke|p2|Breloom, M|\n|teampreview\n|\n|t:|1643064264\n|start\n|switch|p1a: Heatran|Heatran, F|100\/100\n|switch|p2a: Rotom|Rotom-Wash, shiny|100\/100\n|turn|1\n|\n|t:|1643064270\n|move|p1a: Heatran|Protect|p1a: Heatran\n|-singleturn|p1a: Heatran|Protect\n|move|p2a: Rotom|Trick|p1a: Heatran\n|-activate|p1a: Heatran|move: Protect\n|\n|upkeep\n|turn|2\n|inactive|Battle timer is ON: inactive players will automatically lose when time's up. (requested by galarian dragapult)\n|\n|t:|1643064275\n|switch|p1a: Starmie|Starmie|100\/100\n|move|p2a: Rotom|Trick|p1a: Starmie\n|-activate|p2a: Rotom|move: Trick|[of] p1a: Starmie\n|-item|p1a: Starmie|Choice Scarf|[from] move: Trick\n|-item|p2a: Rotom|Life Orb|[from] move: Trick\n|\n|upkeep\n|turn|3\n|\n|t:|1643064280\n|switch|p1a: Gastrodon|Gastrodon, M|100\/100\n|switch|p2a: Blissey|Blissey, F, shiny|100\/100\n|\n|upkeep\n|turn|4\n|\n|t:|1643064283\n|switch|p1a: Heatran|Heatran, F|100\/100\n|move|p2a: Blissey|Stealth Rock|p1a: Heatran\n|-sidestart|p1: lowattentionacc4|move: Stealth Rock\n|\n|upkeep\n|turn|5\n|\n|t:|1643064285\n|switch|p2a: Garchomp|Garchomp, F|100\/100\n|move|p1a: Heatran|Taunt|p2a: Garchomp\n|-start|p2a: Garchomp|move: Taunt\n|\n|upkeep\n|turn|6\n|\n|t:|1643064295\n|switch|p2a: Rotom|Rotom-Wash, shiny|100\/100\n|switch|p1a: Gastrodon|Gastrodon, M|100\/100\n|-damage|p1a: Gastrodon|94\/100|[from] Stealth Rock\n|\n|-heal|p1a: Gastrodon|100\/100|[from] item: Leftovers\n|upkeep\n|turn|7\n|\n|t:|1643064299\n|move|p2a: Rotom|Will-O-Wisp|p1a: Gastrodon\n|-status|p1a: Gastrodon|brn\n|move|p1a: Gastrodon|Scald|p2a: Rotom\n|-resisted|p2a: Rotom\n|-damage|p2a: Rotom|86\/100\n|\n|-damage|p1a: Gastrodon|94\/100 brn|[from] brn\n|upkeep\n|turn|8\n|\n|t:|1643064308\n|switch|p1a: Starmie|Starmie|100\/100\n|-damage|p1a: Starmie|88\/100|[from] Stealth Rock\n|move|p2a: Rotom|Trick|p1a: Starmie\n|-activate|p2a: Rotom|move: Trick|[of] p1a: Starmie\n|-item|p1a: Starmie|Life Orb|[from] move: Trick\n|-item|p2a: Rotom|Choice Scarf|[from] move: Trick\n|\n|upkeep\n|turn|9\n|\n|t:|1643064315\n|move|p2a: Rotom|Trick|p1a: Starmie\n|-activate|p2a: Rotom|move: Trick|[of] p1a: Starmie\n|-item|p1a: Starmie|Choice Scarf|[from] move: Trick\n|-item|p2a: Rotom|Life Orb|[from] move: Trick\n|move|p1a: Starmie|Rapid Spin|p2a: Rotom\n|-damage|p2a: Rotom|77\/100\n|-boost|p1a: Starmie|spe|1\n|-sideend|p1: lowattentionacc4|Stealth Rock|[from] move: Rapid Spin|[of] p1a: Starmie\n|\n|upkeep\n|turn|10\n|\n|t:|1643064323\n|switch|p1a: Gastrodon|Gastrodon, M|94\/100 brn\n|switch|p2a: Blissey|Blissey, F, shiny|100\/100\n|\n|-heal|p1a: Gastrodon|100\/100 brn|[from] item: Leftovers\n|-damage|p1a: Gastrodon|94\/100 brn|[from] brn\n|upkeep\n|turn|11\n|\n|t:|1643064328\n|switch|p1a: Skarmory|Skarmory, F|100\/100\n|move|p2a: Blissey|Stealth Rock|p1a: Skarmory\n|-sidestart|p1: lowattentionacc4|move: Stealth Rock\n|\n|upkeep\n|turn|12\n|\n|t:|1643064331\n|move|p1a: Skarmory|Taunt|p2a: Blissey\n|-start|p2a: Blissey|move: Taunt\n|cant|p2a: Blissey|move: Taunt|Thunder Wave\n|\n|upkeep\n|turn|13\n|\n|t:|1643064335\n|switch|p2a: Rotom|Rotom-Wash, shiny|77\/100\n|move|p1a: Skarmory|Stealth Rock|p2a: Rotom\n|-sidestart|p2: galarian dragapult|move: Stealth Rock\n|\n|upkeep\n|turn|14\n|\n|t:|1643064355\n|switch|p1a: Gastrodon|Gastrodon, M|94\/100 brn\n|-damage|p1a: Gastrodon|88\/100 brn|[from] Stealth Rock\n|move|p2a: Rotom|Trick|p1a: Gastrodon\n|-activate|p2a: Rotom|move: Trick|[of] p1a: Gastrodon\n|-item|p1a: Gastrodon|Life Orb|[from] move: Trick\n|-item|p2a: Rotom|Leftovers|[from] move: Trick\n|\n|-heal|p2a: Rotom|83\/100|[from] item: Leftovers\n|-damage|p1a: Gastrodon|82\/100 brn|[from] brn\n|upkeep\n|turn|15\n|\n|t:|1643064376\n|switch|p2a: Scizor|Scizor, M, shiny|100\/100\n|-damage|p2a: Scizor|88\/100|[from] Stealth Rock\n|move|p1a: Gastrodon|Scald|p2a: Scizor\n|-damage|p2a: Scizor|53\/100\n|-damage|p1a: Gastrodon|72\/100 brn|[from] item: Life Orb\n|\n|-heal|p2a: Scizor|59\/100|[from] item: Leftovers\n|-damage|p1a: Gastrodon|66\/100 brn|[from] brn\n|upkeep\n|turn|16\n|\n|t:|1643064380\n|move|p2a: Scizor|Defog|p1a: Gastrodon\n|-unboost|p1a: Gastrodon|evasion|1\n|-sideend|p1: lowattentionacc4|Stealth Rock|[from] move: Defog|[of] p2a: Scizor\n|-sideend|p2: galarian dragapult|Stealth Rock|[from] move: Defog|[of] p2a: Scizor\n|move|p1a: Gastrodon|Scald|p2a: Scizor\n|-damage|p2a: Scizor|21\/100\n|-status|p2a: Scizor|brn\n|-damage|p1a: Gastrodon|56\/100 brn|[from] item: Life Orb\n|\n|-heal|p2a: Scizor|27\/100 brn|[from] item: Leftovers\n|-damage|p2a: Scizor|21\/100 brn|[from] brn\n|-damage|p1a: Gastrodon|50\/100 brn|[from] brn\n|upkeep\n|turn|17\n|\n|t:|1643064383\n|move|p2a: Scizor|Roost|p2a: Scizor\n|-heal|p2a: Scizor|71\/100 brn\n|-singleturn|p2a: Scizor|move: Roost\n|move|p1a: Gastrodon|Recover|p1a: Gastrodon\n|-heal|p1a: Gastrodon|99\/100 brn\n|\n|-heal|p2a: Scizor|77\/100 brn|[from] item: Leftovers\n|-damage|p2a: Scizor|71\/100 brn|[from] brn\n|-damage|p1a: Gastrodon|94\/100 brn|[from] brn\n|upkeep\n|turn|18\n|\n|t:|1643064400\n|switch|p1a: Heatran|Heatran, F|100\/100\n|move|p2a: Scizor|U-turn|p1a: Heatran\n|-resisted|p1a: Heatran\n|-damage|p1a: Heatran|97\/100\n|\n|t:|1643064406\n|switch|p2a: Rotom|Rotom-Wash, shiny|83\/100|[from]move: U-turn\n|\n|-heal|p1a: Heatran|100\/100|[from] item: Leftovers\n|-heal|p2a: Rotom|89\/100|[from] item: Leftovers\n|upkeep\n|turn|19\n|\n|t:|1643064412\n|switch|p1a: Gastrodon|Gastrodon, M|94\/100 brn\n|move|p2a: Rotom|Volt Switch|p1a: Gastrodon\n|-immune|p1a: Gastrodon\n|\n|-heal|p2a: Rotom|96\/100|[from] item: Leftovers\n|-damage|p1a: Gastrodon|88\/100 brn|[from] brn\n|upkeep\n|turn|20\n|\n|t:|1643064416\n|switch|p2a: Blissey|Blissey, F, shiny|100\/100\n|switch|p1a: Heatran|Heatran, F|100\/100\n|\n|upkeep\n|turn|21\n|\n|t:|1643064422\n|move|p1a: Heatran|Taunt|p2a: Blissey\n|-start|p2a: Blissey|move: Taunt\n|cant|p2a: Blissey|move: Taunt|Thunder Wave\n|\n|upkeep\n|turn|22\n|\n|t:|1643064424\n|switch|p2a: Garchomp|Garchomp, F|100\/100\n|move|p1a: Heatran|Magma Storm|p2a: Garchomp\n|-resisted|p2a: Garchomp\n|-damage|p2a: Garchomp|73\/100\n|-activate|p2a: Garchomp|move: Magma Storm|[of] p1a: Heatran\n|\n|-heal|p2a: Garchomp|79\/100|[from] item: Leftovers\n|-damage|p2a: Garchomp|67\/100|[from] move: Magma Storm|[partiallytrapped]\n|upkeep\n|turn|23\n|\n|t:|1643064426\n|move|p1a: Heatran|Protect|p1a: Heatran\n|-singleturn|p1a: Heatran|Protect\n|move|p2a: Garchomp|Earthquake|p1a: Heatran\n|-activate|p1a: Heatran|move: Protect\n|\n|-heal|p2a: Garchomp|73\/100|[from] item: Leftovers\n|-damage|p2a: Garchomp|60\/100|[from] move: Magma Storm|[partiallytrapped]\n|upkeep\n|turn|24\n|\n|t:|1643064432\n|switch|p1a: Skarmory|Skarmory, F|100\/100\n|move|p2a: Garchomp|Earthquake|p1a: Skarmory\n|-immune|p1a: Skarmory\n|\n|-heal|p2a: Garchomp|67\/100|[from] item: Leftovers\n|-end|p2a: Garchomp|Magma Storm|[partiallytrapped]|[silent]\n|upkeep\n|turn|25\n|\n|t:|1643064439\n|switch|p2a: Blissey|Blissey, F, shiny|100\/100\n|move|p1a: Skarmory|Stealth Rock|p2a: Blissey\n|-sidestart|p2: galarian dragapult|move: Stealth Rock\n|\n|upkeep\n|turn|26\n|\n|t:|1643064442\n|move|p1a: Skarmory|Taunt|p2a: Blissey\n|-start|p2a: Blissey|move: Taunt\n|cant|p2a: Blissey|move: Taunt|Stealth Rock\n|\n|upkeep\n|turn|27\n|\n|t:|1643064445\n|move|p1a: Skarmory|Spikes|p2a: Blissey\n|-sidestart|p2: galarian dragapult|Spikes\n|move|p2a: Blissey|Ice Beam|p1a: Skarmory\n|-damage|p1a: Skarmory|73\/100\n|\n|upkeep\n|turn|28\n|\n|t:|1643064451\n|switch|p1a: Weavile|Weavile, F|100\/100\n|-ability|p1a: Weavile|Pressure\n|move|p2a: Blissey|Ice Beam|p1a: Weavile\n|-resisted|p1a: Weavile\n|-damage|p1a: Weavile|89\/100\n|\n|-end|p2a: Blissey|move: Taunt\n|upkeep\n|turn|29\n|\n|t:|1643064456\n|move|p1a: Weavile|Swords Dance|p1a: Weavile\n|-boost|p1a: Weavile|atk|2\n|move|p2a: Blissey|Thunder Wave|p1a: Weavile\n|-status|p1a: Weavile|par\n|\n|upkeep\n|turn|30\n|\n|t:|1643064461\n|switch|p2a: Garchomp|Garchomp, F|67\/100\n|-damage|p2a: Garchomp|60\/100|[from] Stealth Rock\n|-damage|p2a: Garchomp|48\/100|[from] Spikes\n|move|p1a: Weavile|Icicle Crash|p2a: Garchomp\n|-supereffective|p2a: Garchomp\n|-damage|p2a: Garchomp|0 fnt\n|faint|p2a: Garchomp\n|-damage|p1a: Weavile|79\/100 par|[from] item: Life Orb\n|\n|upkeep\n|\n|t:|1643064463\n|switch|p2a: Scizor|Scizor, M, shiny|71\/100 brn\n|-damage|p2a: Scizor|59\/100 brn|[from] Stealth Rock\n|-damage|p2a: Scizor|46\/100 brn|[from] Spikes\n|turn|31\n|\n|t:|1643064467\n|move|p1a: Weavile|Throat Chop|p2a: Scizor\n|-damage|p2a: Scizor|0 fnt\n|faint|p2a: Scizor\n|-damage|p1a: Weavile|69\/100 par|[from] item: Life Orb\n|\n|upkeep\n|-message|galarian dragapult forfeited.\n|\n|win|lowattentionacc4\n|raw|lowattentionacc4's rating: 1461 &rarr; <strong>1491<\/strong><br \/>(+30 for winning)\n|raw|galarian dragapult's rating: 1647 &rarr; <strong>1617<\/strong><br \/>(-30 for losing)\n|l|\u2606galarian dragapult\n||Ladder isn't responding, score probably updated but might not have (Request timeout).\n","uploadtime":1643064536,"views":16,"p1id":"lowattentionacc4","p2id":"galariandragapult","formatid":"gen8bdspou","rating":1491,"private":0,"password":null}