{"id":"gen8cap-1690745744","p1":"Ethx2.0","p2":"Capital Cruiser","format":"gen8cap","log":"|j|\u2606Ethx2.0\n|j|\u203dCapital Cruiser\n|t:|1666299829\n|gametype|singles\n|player|p1|Ethx2.0|1|1000\n|player|p2|Capital Cruiser|cheren-gen5bw2|1107\n|teamsize|p1|6\n|teamsize|p2|6\n|gen|8\n|tier|[Gen 8] CAP\n|rated|\n|rule|Sleep Clause Mod: Limit one foe put to sleep\n|rule|Species Clause: Limit one of each Pok\u00e9mon\n|rule|OHKO Clause: OHKO moves are banned\n|rule|Evasion Items Clause: Evasion items are banned\n|rule|Evasion Moves Clause: Evasion moves are banned\n|rule|Endless Battle Clause: Forcing endless battles is banned\n|rule|HP Percentage Mod: HP is shown in percentages\n|rule|Dynamax Clause: You cannot dynamax\n|clearpoke\n|poke|p1|Pyroak, M|\n|poke|p1|Caribolt, M|\n|poke|p1|Jumbao, F|\n|poke|p1|Kitsunoh, F|\n|poke|p1|Naviathan, M|\n|poke|p1|Equilibra|\n|poke|p2|Aurumoth, F|\n|poke|p2|Venomicon-Epilogue|\n|poke|p2|Cyclohm, F|\n|poke|p2|Registeel|\n|poke|p2|Tapu Fini|\n|poke|p2|Voodoom, F|\n|teampreview\n|inactive|Battle timer is ON: inactive players will automatically lose when time's up. (requested by Capital Cruiser)\n|\n|t:|1666299849\n|start\n|switch|p1a: Roark|Pyroak, M, shiny|100\/100\n|switch|p2a: Voodoom|Voodoom, F, shiny|100\/100\n|turn|1\n|\n|t:|1666299865\n|move|p2a: Voodoom|Dark Pulse|p1a: Roark\n|-damage|p1a: Roark|63\/100\n|move|p1a: Roark|Overheat|p2a: Voodoom\n|-damage|p2a: Voodoom|39\/100\n|-boost|p1a: Roark|spa|2\n|\n|upkeep\n|turn|2\n|\n|t:|1666299872\n|move|p2a: Voodoom|Dark Pulse|p1a: Roark\n|-damage|p1a: Roark|23\/100\n|move|p1a: Roark|Giga Drain|p2a: Voodoom\n|-damage|p2a: Voodoom|0 fnt\n|-heal|p1a: Roark|39\/100|[from] drain|[of] p2a: Voodoom\n|faint|p2a: Voodoom\n|\n|upkeep\n|\n|t:|1666299876\n|switch|p2a: Venomicon|Venomicon-Epilogue, shiny|100\/100\n|turn|3\n|\n|t:|1666299880\n|move|p2a: Venomicon|Brave Bird|p1a: Roark\n|-supereffective|p1a: Roark\n|-damage|p1a: Roark|0 fnt\n|faint|p1a: Roark\n|-damage|p2a: Venomicon|85\/100|[from] Recoil\n|\n|upkeep\n|\n|t:|1666299886\n|switch|p1a: Candy|Jumbao, F, shiny|100\/100\n|-ability|p1a: Candy|Tinted Lens|[from] ability: Trace|[of] p2a: Venomicon\n|turn|4\n|\n|t:|1666299898\n|move|p1a: Candy|Moonblast|p2a: Venomicon\n|-resisted|p2a: Venomicon\n|-damage|p2a: Venomicon|21\/100\n|move|p2a: Venomicon|Substitute|p2a: Venomicon\n|-fail|p2a: Venomicon|move: Substitute|[weak]\n|\n|upkeep\n|turn|5\n|\n|t:|1666299903\n|switch|p2a: Registeel|Registeel, shiny|100\/100\n|move|p1a: Candy|Moonblast|p2a: Registeel\n|-resisted|p2a: Registeel\n|-damage|p2a: Registeel|77\/100\n|\n|upkeep\n|turn|6\n|\n|t:|1666299915\n|switch|p1a: Drilance|Equilibra, shiny|100\/100\n|switch|p2a: Tapu Fini|Tapu Fini, shiny|100\/100\n|-fieldstart|move: Misty Terrain|[from] ability: Misty Surge|[of] p2a: Tapu Fini\n|\n|upkeep\n|turn|7\n|\n|t:|1666299925\n|move|p2a: Tapu Fini|Scald|p1a: Drilance\n|-supereffective|p1a: Drilance\n|-damage|p1a: Drilance|68\/100\n|move|p1a: Drilance|Doom Desire|p2a: Tapu Fini\n|-start|p1a: Drilance|Doom Desire\n|\n|-heal|p1a: Drilance|74\/100|[from] item: Leftovers\n|upkeep\n|turn|8\n|\n|t:|1666299937\n|move|p2a: Tapu Fini|Scald|p1a: Drilance\n|-supereffective|p1a: Drilance\n|-damage|p1a: Drilance|38\/100\n|move|p1a: Drilance|Flash Cannon|p2a: Tapu Fini\n|-damage|p2a: Tapu Fini|67\/100\n|\n|-heal|p2a: Tapu Fini|73\/100|[from] item: Leftovers\n|-heal|p1a: Drilance|45\/100|[from] item: Leftovers\n|upkeep\n|turn|9\n|\n|t:|1666299950\n|switch|p2a: Cyclohm|Cyclohm, F, shiny|100\/100\n|move|p1a: Drilance|Earth Power|p2a: Cyclohm\n|-supereffective|p2a: Cyclohm\n|-damage|p2a: Cyclohm|30\/100\n|\n|-end|p2a: Cyclohm|move: Doom Desire\n|-resisted|p2a: Cyclohm\n|-damage|p2a: Cyclohm|3\/100\n|-heal|p1a: Drilance|51\/100|[from] item: Leftovers\n|upkeep\n|turn|10\n|\n|t:|1666299971\n|move|p2a: Cyclohm|Flamethrower|p1a: Drilance\n|-supereffective|p1a: Drilance\n|-damage|p1a: Drilance|18\/100\n|move|p1a: Drilance|Earth Power|p2a: Cyclohm\n|-supereffective|p2a: Cyclohm\n|-damage|p2a: Cyclohm|0 fnt\n|faint|p2a: Cyclohm\n|\n|-heal|p1a: Drilance|24\/100|[from] item: Leftovers\n|-fieldend|Misty Terrain\n|upkeep\n|\n|t:|1666299977\n|switch|p2a: Aurumoth|Aurumoth, F, shiny|100\/100\n|turn|11\n|\n|t:|1666299981\n|move|p2a: Aurumoth|Close Combat|p1a: Drilance\n|-supereffective|p1a: Drilance\n|-damage|p1a: Drilance|0 fnt\n|-unboost|p2a: Aurumoth|def|1\n|-unboost|p2a: Aurumoth|spd|1\n|faint|p1a: Drilance\n|\n|upkeep\n|\n|t:|1666299988\n|switch|p1a: V.King Leviathan|Naviathan, M, shiny|100\/100\n|turn|12\n|\n|t:|1666299997\n|move|p1a: V.King Leviathan|Dragon Dance|p1a: V.King Leviathan\n|-boost|p1a: V.King Leviathan|atk|1\n|-boost|p1a: V.King Leviathan|spe|1\n|move|p2a: Aurumoth|Dragon Dance|p2a: Aurumoth\n|-boost|p2a: Aurumoth|atk|1\n|-boost|p2a: Aurumoth|spe|1\n|\n|-status|p1a: V.King Leviathan|brn|[from] item: Flame Orb\n|upkeep\n|turn|13\n|\n|t:|1666300006\n|move|p1a: V.King Leviathan|Facade|p2a: Aurumoth\n|-damage|p2a: Aurumoth|0 fnt\n|faint|p2a: Aurumoth\n|\n|-damage|p1a: V.King Leviathan|94\/100 brn|[from] brn\n|upkeep\n|-message|Capital Cruiser forfeited.\n|\n|win|Ethx2.0\n|raw|Ethx2.0's rating: 1000 &rarr; <strong>1052<\/strong><br \/>(+52 for winning)\n|raw|Capital Cruiser's rating: 1107 &rarr; <strong>1075<\/strong><br \/>(-32 for losing)\n|l|\u203dCapital Cruiser\n|l|\u2606Ethx2.0\n||Ladder isn't responding, score probably updated but might not have (Request timeout).\n|j|\u2606Ethx2.0\n|player|p1|Ethx2.0|1\n","uploadtime":1666300058,"views":7,"p1id":"ethx20","p2id":"capitalcruiser","formatid":"gen8cap","rating":1052,"private":0,"password":null}