{"id":"gen8ou-1678346974","p1":"Shinjou Akane","p2":"dracaufeu shiny","format":"gen8ou","log":"|j|\u2606Shinjou Akane\n|j|\u2606dracaufeu shiny\n|t:|1664985662\n|gametype|singles\n|player|p1|Shinjou Akane|elesa-gen5bw2|1650\n|player|p2|dracaufeu shiny|red|1608\n|teamsize|p1|6\n|teamsize|p2|6\n|gen|8\n|tier|[Gen 8] OU\n|rated|\n|rule|Sleep Clause Mod: Limit one foe put to sleep\n|rule|Species Clause: Limit one of each Pok\u00e9mon\n|rule|OHKO Clause: OHKO moves are banned\n|rule|Evasion Items Clause: Evasion items are banned\n|rule|Evasion Moves Clause: Evasion moves are banned\n|rule|Endless Battle Clause: Forcing endless battles is banned\n|rule|HP Percentage Mod: HP is shown in percentages\n|rule|Dynamax Clause: You cannot dynamax\n|clearpoke\n|poke|p1|Corviknight, M|\n|poke|p1|Garchomp, M|\n|poke|p1|Slowking-Galar, F|\n|poke|p1|Urshifu-*, F|\n|poke|p1|Zeraora|\n|poke|p1|Rillaboom, F|\n|poke|p2|Tyranitar, M|\n|poke|p2|Excadrill, F|\n|poke|p2|Pelipper, M|\n|poke|p2|Urshifu-*, F|\n|poke|p2|Zapdos|\n|poke|p2|Ferrothorn, M|\n|teampreview\n|\n|t:|1664985670\n|start\n|switch|p1a: Zeraora|Zeraora|100\/100\n|switch|p2a: Pelipper|Pelipper, M, shiny|100\/100\n|-weather|RainDance|[from] ability: Drizzle|[of] p2a: Pelipper\n|turn|1\n|\n|t:|1664985685\n|switch|p2a: Ferrothorn|Ferrothorn, M, shiny|100\/100\n|move|p1a: Zeraora|Close Combat|p2a: Ferrothorn\n|-supereffective|p2a: Ferrothorn\n|-damage|p2a: Ferrothorn|55\/100\n|-unboost|p1a: Zeraora|def|1\n|-unboost|p1a: Zeraora|spd|1\n|-damage|p1a: Zeraora|88\/100|[from] ability: Iron Barbs|[of] p2a: Ferrothorn\n|\n|-weather|RainDance|[upkeep]\n|-heal|p2a: Ferrothorn|61\/100|[from] item: Leftovers\n|upkeep\n|turn|2\n|\n|t:|1664985695\n|move|p1a: Zeraora|Volt Switch|p2a: Ferrothorn\n|-resisted|p2a: Ferrothorn\n|-damage|p2a: Ferrothorn|53\/100\n|\n|t:|1664985700\n|switch|p1a: Rillaboom|Rillaboom, F|100\/100|[from]move: Volt Switch\n|-fieldstart|move: Grassy Terrain|[from] ability: Grassy Surge|[of] p1a: Rillaboom\n|move|p2a: Ferrothorn|Stealth Rock|p1a: Rillaboom\n|-sidestart|p1: Shinjou Akane|move: Stealth Rock\n|\n|-weather|RainDance|[upkeep]\n|-heal|p2a: Ferrothorn|59\/100|[from] Grassy Terrain\n|-heal|p2a: Ferrothorn|66\/100|[from] item: Leftovers\n|upkeep\n|turn|3\n|\n|t:|1664985708\n|move|p1a: Rillaboom|Swords Dance|p1a: Rillaboom\n|-boost|p1a: Rillaboom|atk|2\n|move|p2a: Ferrothorn|Knock Off|p1a: Rillaboom\n|-damage|p1a: Rillaboom|79\/100\n|-enditem|p1a: Rillaboom|Leftovers|[from] move: Knock Off|[of] p2a: Ferrothorn\n|\n|-weather|RainDance|[upkeep]\n|-heal|p1a: Rillaboom|85\/100|[from] Grassy Terrain\n|-heal|p2a: Ferrothorn|72\/100|[from] Grassy Terrain\n|-heal|p2a: Ferrothorn|78\/100|[from] item: Leftovers\n|upkeep\n|turn|4\n|\n|t:|1664985720\n|switch|p2a: Zapdos|Zapdos, shiny|100\/100\n|move|p1a: Rillaboom|Knock Off|p2a: Zapdos\n|-damage|p2a: Zapdos|45\/100\n|-enditem|p2a: Zapdos|Heavy-Duty Boots|[from] move: Knock Off|[of] p1a: Rillaboom\n|\n|-weather|RainDance|[upkeep]\n|-heal|p1a: Rillaboom|91\/100|[from] Grassy Terrain\n|upkeep\n|turn|5\n|\n|t:|1664985735\n|switch|p1a: Garchomp|Garchomp, M|100\/100\n|-damage|p1a: Garchomp|94\/100|[from] Stealth Rock\n|move|p2a: Zapdos|Hurricane|p1a: Garchomp\n|-damage|p1a: Garchomp|53\/100\n|\n|-weather|none\n|-heal|p1a: Garchomp|60\/100|[from] Grassy Terrain\n|-heal|p1a: Garchomp|66\/100|[from] item: Leftovers\n|upkeep\n|turn|6\n|\n|t:|1664985749\n|move|p1a: Garchomp|Stealth Rock|p2a: Zapdos\n|-sidestart|p2: dracaufeu shiny|move: Stealth Rock\n|move|p2a: Zapdos|Roost|p2a: Zapdos\n|-heal|p2a: Zapdos|95\/100\n|-singleturn|p2a: Zapdos|move: Roost\n|\n|-heal|p1a: Garchomp|72\/100|[from] Grassy Terrain\n|-heal|p1a: Garchomp|78\/100|[from] item: Leftovers\n|-heal|p2a: Zapdos|100\/100|[from] Grassy Terrain\n|-fieldend|move: Grassy Terrain\n|upkeep\n|turn|7\n|inactive|Battle timer is ON: inactive players will automatically lose when time's up. (requested by dracaufeu shiny)\n|\n|t:|1664985758\n|move|p1a: Garchomp|Toxic|p2a: Zapdos\n|-status|p2a: Zapdos|tox\n|move|p2a: Zapdos|Hurricane|p1a: Garchomp\n|-damage|p1a: Garchomp|36\/100\n|\n|-heal|p1a: Garchomp|43\/100|[from] item: Leftovers\n|-damage|p2a: Zapdos|94\/100 tox|[from] psn\n|upkeep\n|turn|8\n|\n|t:|1664985769\n|switch|p2a: Urshifu|Urshifu-Rapid-Strike, F|100\/100\n|-damage|p2a: Urshifu|94\/100|[from] Stealth Rock\n|move|p1a: Garchomp|Protect||[still]\n|-fail|p1a: Garchomp\n|\n|-heal|p1a: Garchomp|49\/100|[from] item: Leftovers\n|upkeep\n|turn|9\n|j| Malanaki\n|\n|t:|1664985782\n|switch|p1a: Rillaboom|Rillaboom, F|91\/100\n|-damage|p1a: Rillaboom|79\/100|[from] Stealth Rock\n|-fieldstart|move: Grassy Terrain|[from] ability: Grassy Surge|[of] p1a: Rillaboom\n|move|p2a: Urshifu|Ice Punch|p1a: Rillaboom\n|-supereffective|p1a: Rillaboom\n|-damage|p1a: Rillaboom|32\/100\n|\n|-heal|p2a: Urshifu|100\/100|[from] Grassy Terrain\n|-heal|p1a: Rillaboom|39\/100|[from] Grassy Terrain\n|upkeep\n|turn|10\n|\n|t:|1664985792\n|switch|p2a: Zapdos|Zapdos, shiny|94\/100 tox\n|-damage|p2a: Zapdos|70\/100 tox|[from] Stealth Rock\n|move|p1a: Rillaboom|Grassy Glide|p2a: Zapdos\n|-resisted|p2a: Zapdos\n|-damage|p2a: Zapdos|51\/100 tox\n|-status|p1a: Rillaboom|par|[from] ability: Static|[of] p2a: Zapdos\n|\n|-heal|p1a: Rillaboom|45\/100 par|[from] Grassy Terrain\n|-damage|p2a: Zapdos|45\/100 tox|[from] psn\n|upkeep\n|turn|11\n|\n|t:|1664985798\n|switch|p1a: Slowking|Slowking-Galar, F|100\/100\n|-damage|p1a: Slowking|88\/100|[from] Stealth Rock\n|move|p2a: Zapdos|Roost|p2a: Zapdos\n|-heal|p2a: Zapdos|95\/100 tox\n|-singleturn|p2a: Zapdos|move: Roost\n|\n|-heal|p2a: Zapdos|100\/100 tox|[from] Grassy Terrain\n|-heal|p1a: Slowking|94\/100|[from] Grassy Terrain\n|-damage|p2a: Zapdos|88\/100 tox|[from] psn\n|upkeep\n|turn|12\n|\n|t:|1664985808\n|switch|p2a: Excadrill|Excadrill, F, shiny|100\/100\n|-damage|p2a: Excadrill|97\/100|[from] Stealth Rock\n|move|p1a: Slowking|Future Sight|p2a: Excadrill\n|-start|p1a: Slowking|move: Future Sight\n|\n|-heal|p2a: Excadrill|100\/100|[from] Grassy Terrain\n|-heal|p1a: Slowking|99\/100|[from] Grassy Terrain\n|upkeep\n|turn|13\n|\n|t:|1664985816\n|switch|p1a: Urshifu|Urshifu-Rapid-Strike, F|100\/100\n|-damage|p1a: Urshifu|94\/100|[from] Stealth Rock\n|move|p2a: Excadrill|Rapid Spin|p1a: Urshifu\n|-damage|p1a: Urshifu|77\/100\n|-boost|p2a: Excadrill|spe|1\n|-sideend|p2: dracaufeu shiny|Stealth Rock|[from] move: Rapid Spin|[of] p2a: Excadrill\n|\n|-heal|p1a: Urshifu|83\/100|[from] Grassy Terrain\n|-fieldend|move: Grassy Terrain\n|upkeep\n|turn|14\n|\n|t:|1664985825\n|switch|p2a: Ferrothorn|Ferrothorn, M, shiny|78\/100\n|move|p1a: Urshifu|Close Combat|p2a: Ferrothorn\n|-supereffective|p2a: Ferrothorn\n|-damage|p2a: Ferrothorn|0 fnt\n|-unboost|p1a: Urshifu|def|1\n|-unboost|p1a: Urshifu|spd|1\n|-damage|p1a: Urshifu|71\/100|[from] ability: Iron Barbs|[of] p2a: Ferrothorn\n|faint|p2a: Ferrothorn\n|\n|-hint|Future Sight did not hit because the target is fainted.\n|upkeep\n|\n|t:|1664985832\n|switch|p2a: Pelipper|Pelipper, M, shiny|100\/100\n|-weather|RainDance|[from] ability: Drizzle|[of] p2a: Pelipper\n|turn|15\n|\n|t:|1664985843\n|switch|p1a: Slowking|Slowking-Galar, F|100\/100\n|-damage|p1a: Slowking|88\/100|[from] Stealth Rock\n|move|p2a: Pelipper|Weather Ball|p1a: Slowking\n|-damage|p1a: Slowking|44\/100\n|\n|-weather|RainDance|[upkeep]\n|upkeep\n|turn|16\n|\n|t:|1664985854\n|switch|p1a: Rillaboom|Rillaboom, F|45\/100 par\n|-damage|p1a: Rillaboom|32\/100 par|[from] Stealth Rock\n|-fieldstart|move: Grassy Terrain|[from] ability: Grassy Surge|[of] p1a: Rillaboom\n|move|p2a: Pelipper|Weather Ball|p1a: Rillaboom\n|-resisted|p1a: Rillaboom\n|-damage|p1a: Rillaboom|0 fnt\n|faint|p1a: Rillaboom\n|\n|-weather|RainDance|[upkeep]\n|upkeep\n|\n|t:|1664985864\n|switch|p1a: Zeraora|Zeraora|88\/100\n|turn|17\n|\n|t:|1664985876\n|switch|p2a: Zapdos|Zapdos, shiny|88\/100 tox\n|move|p1a: Zeraora|Plasma Fists|p2a: Zapdos\n|-damage|p2a: Zapdos|47\/100 tox\n|-fieldactivate|move: Ion Deluge\n|-hint|Normal-type moves become Electric-type after using Plasma Fists.\n|\n|-weather|RainDance|[upkeep]\n|-heal|p1a: Zeraora|94\/100|[from] Grassy Terrain\n|-damage|p2a: Zapdos|41\/100 tox|[from] psn\n|upkeep\n|turn|18\n|\n|t:|1664985885\n|move|p1a: Zeraora|Plasma Fists|p2a: Zapdos\n|-damage|p2a: Zapdos|3\/100 tox\n|-fieldactivate|move: Ion Deluge\n|-hint|Normal-type moves become Electric-type after using Plasma Fists.\n|move|p2a: Zapdos|Hurricane|p1a: Zeraora\n|-resisted|p1a: Zeraora\n|-damage|p1a: Zeraora|64\/100\n|\n|-weather|RainDance|[upkeep]\n|-heal|p1a: Zeraora|70\/100|[from] Grassy Terrain\n|-damage|p2a: Zapdos|0 fnt|[from] psn\n|faint|p2a: Zapdos\n|upkeep\n|\n|t:|1664985888\n|switch|p2a: Urshifu|Urshifu-Rapid-Strike, F|100\/100\n|turn|19\n|l| Malanaki\n|\n|t:|1664985901\n|switch|p1a: Corviknight|Corviknight, M, shiny|100\/100\n|-damage|p1a: Corviknight|88\/100|[from] Stealth Rock\n|-ability|p1a: Corviknight|Pressure\n|move|p2a: Urshifu|Surging Strikes|p1a: Corviknight\n|-crit|p1a: Corviknight\n|-damage|p1a: Corviknight|68\/100\n|-damage|p2a: Urshifu|84\/100|[from] item: Rocky Helmet|[of] p1a: Corviknight\n|-crit|p1a: Corviknight\n|-damage|p1a: Corviknight|51\/100\n|-damage|p2a: Urshifu|68\/100|[from] item: Rocky Helmet|[of] p1a: Corviknight\n|-crit|p1a: Corviknight\n|-damage|p1a: Corviknight|32\/100\n|-damage|p2a: Urshifu|51\/100|[from] item: Rocky Helmet|[of] p1a: Corviknight\n|-hitcount|p1a: Corviknight|3\n|\n|-weather|none\n|-heal|p2a: Urshifu|57\/100|[from] Grassy Terrain\n|upkeep\n|turn|20\n|\n|t:|1664985917\n|move|p2a: Urshifu|Surging Strikes|p1a: Corviknight\n|-crit|p1a: Corviknight\n|-damage|p1a: Corviknight|19\/100\n|-damage|p2a: Urshifu|41\/100|[from] item: Rocky Helmet|[of] p1a: Corviknight\n|-crit|p1a: Corviknight\n|-damage|p1a: Corviknight|8\/100\n|-damage|p2a: Urshifu|25\/100|[from] item: Rocky Helmet|[of] p1a: Corviknight\n|-crit|p1a: Corviknight\n|-damage|p1a: Corviknight|0 fnt\n|-damage|p2a: Urshifu|8\/100|[from] item: Rocky Helmet|[of] p1a: Corviknight\n|faint|p1a: Corviknight\n|-hitcount|p1: Corviknight|3\n|\n|-heal|p2a: Urshifu|14\/100|[from] Grassy Terrain\n|-fieldend|move: Grassy Terrain\n|upkeep\n|\n|t:|1664985929\n|switch|p1a: Garchomp|Garchomp, M|49\/100\n|-damage|p1a: Garchomp|43\/100|[from] Stealth Rock\n|turn|21\n|\n|t:|1664985934\n|move|p2a: Urshifu|Surging Strikes|p1a: Garchomp\n|-crit|p1a: Garchomp\n|-damage|p1a: Garchomp|28\/100\n|-damage|p2a: Urshifu|2\/100|[from] ability: Rough Skin|[of] p1a: Garchomp\n|-crit|p1a: Garchomp\n|-damage|p1a: Garchomp|15\/100\n|-damage|p2a: Urshifu|0 fnt|[from] ability: Rough Skin|[of] p1a: Garchomp\n|faint|p2a: Urshifu\n|-hitcount|p1a: Garchomp|2\n|move|p1a: Garchomp|Stealth Rock|p2: Urshifu\n|-sidestart|p2: dracaufeu shiny|move: Stealth Rock\n|\n|-heal|p1a: Garchomp|22\/100|[from] item: Leftovers\n|upkeep\n|\n|t:|1664985950\n|switch|p2a: Tyranitar|Tyranitar, M, shiny|100\/100\n|-damage|p2a: Tyranitar|88\/100|[from] Stealth Rock\n|-weather|Sandstorm|[from] ability: Sand Stream|[of] p2a: Tyranitar\n|turn|22\n|\n|t:|1664985957\n|move|p1a: Garchomp|Earthquake|p2a: Tyranitar\n|-supereffective|p2a: Tyranitar\n|-damage|p2a: Tyranitar|2\/100\n|move|p2a: Tyranitar|Stone Edge|p1a: Garchomp\n|-resisted|p1a: Garchomp\n|-damage|p1a: Garchomp|0 fnt\n|faint|p1a: Garchomp\n|\n|-weather|Sandstorm|[upkeep]\n|upkeep\n|\n|t:|1664985964\n|switch|p1a: Zeraora|Zeraora|70\/100\n|turn|23\n|\n|t:|1664985978\n|move|p1a: Zeraora|Knock Off|p2a: Tyranitar\n|-resisted|p2a: Tyranitar\n|-damage|p2a: Tyranitar|0 fnt\n|-enditem|p2a: Tyranitar|Choice Band|[from] move: Knock Off|[of] p1a: Zeraora\n|faint|p2a: Tyranitar\n|\n|-weather|Sandstorm|[upkeep]\n|-damage|p1a: Zeraora|64\/100|[from] Sandstorm\n|upkeep\n|\n|t:|1664985980\n|switch|p2a: Excadrill|Excadrill, F, shiny|100\/100\n|-damage|p2a: Excadrill|97\/100|[from] Stealth Rock\n|turn|24\n|\n|t:|1664985992\n|move|p2a: Excadrill|Earthquake|p1a: Zeraora\n|-supereffective|p1a: Zeraora\n|-damage|p1a: Zeraora|0 fnt\n|faint|p1a: Zeraora\n|\n|-weather|Sandstorm|[upkeep]\n|-heal|p2a: Excadrill|100\/100|[from] item: Leftovers\n|upkeep\n|\n|t:|1664985998\n|switch|p1a: Urshifu|Urshifu-Rapid-Strike, F|71\/100\n|-damage|p1a: Urshifu|65\/100|[from] Stealth Rock\n|turn|25\n|\n|t:|1664986002\n|move|p2a: Excadrill|Earthquake|p1a: Urshifu\n|-damage|p1a: Urshifu|13\/100\n|move|p1a: Urshifu|Surging Strikes|p2a: Excadrill\n|-supereffective|p2a: Excadrill\n|-crit|p2a: Excadrill\n|-damage|p2a: Excadrill|17\/100\n|-supereffective|p2a: Excadrill\n|-crit|p2a: Excadrill\n|-damage|p2a: Excadrill|0 fnt\n|faint|p2a: Excadrill\n|-hitcount|p2: Excadrill|2\n|\n|-weather|Sandstorm|[upkeep]\n|-damage|p1a: Urshifu|7\/100|[from] Sandstorm\n|upkeep\n|\n|t:|1664986005\n|switch|p2a: Pelipper|Pelipper, M, shiny|100\/100\n|-damage|p2a: Pelipper|76\/100|[from] Stealth Rock\n|-weather|RainDance|[from] ability: Drizzle|[of] p2a: Pelipper\n|turn|26\n|\n|t:|1664986016\n|move|p1a: Urshifu|Surging Strikes|p2a: Pelipper\n|-resisted|p2a: Pelipper\n|-crit|p2a: Pelipper\n|-damage|p2a: Pelipper|47\/100\n|-resisted|p2a: Pelipper\n|-crit|p2a: Pelipper\n|-damage|p2a: Pelipper|20\/100\n|-resisted|p2a: Pelipper\n|-crit|p2a: Pelipper\n|-damage|p2a: Pelipper|0 fnt\n|faint|p2a: Pelipper\n|-hitcount|p2: Pelipper|3\n|\n|win|Shinjou Akane\n|raw|Shinjou Akane's rating: 1650 &rarr; <strong>1668<\/strong><br \/>(+18 for winning)\n|raw|dracaufeu shiny's rating: 1608 &rarr; <strong>1590<\/strong><br \/>(-18 for losing)\n|j| Ran Kob\n","uploadtime":1664986026,"views":20,"p1id":"shinjouakane","p2id":"dracaufeushiny","formatid":"gen8ou","rating":1590,"private":0,"password":null}