{"id":"gen8balancedhackmons-1091202238","p1":"Weary Deity","p2":"BaddyGames","format":"gen8balancedhackmons","log":"|j|\u2606Weary Deity\n|j|\u2606BaddyGames\n|player|p1|Weary Deity|li|1537\n|player|p2|BaddyGames|275|1418\n|teamsize|p1|6\n|teamsize|p2|6\n|gametype|singles\n|gen|8\n|tier|[Gen 8] Balanced Hackmons\n|rated|\n|rule|OHKO Clause: OHKO moves are banned\n|rule|Evasion Moves Clause: Evasion moves are banned\n|rule|Forme Clause: Limit one of each forme of a Pok\u00e9mon\n|clearpoke\n|poke|p1|Dragapult, F|\n|poke|p1|Bewear, M|\n|poke|p1|Reshiram|\n|poke|p1|Ferrothorn, M|\n|poke|p1|Necrozma-Dusk-Mane|\n|poke|p1|Toxapex, M|\n|poke|p2|Virizion|\n|poke|p2|Kyurem-Black|\n|poke|p2|Dragapult, F|\n|poke|p2|Darmanitan-Galar-Zen, F|\n|poke|p2|Melmetal|\n|poke|p2|Munchlax, F|\n|rule|HP Percentage Mod: HP is shown in percentages\n|rule|Sleep Clause Mod: Limit one foe put to sleep\n|rule|Endless Battle Clause: Forcing endless battles is banned\n|teampreview\n|inactive|Battle timer is ON: inactive players will automatically lose when time's up. (requested by BaddyGames)\n|\n|start\n|switch|p1a: Ferrothorn|Ferrothorn, M|100\/100\n|switch|p2a: Melmetal|Melmetal|100\/100\n|-weather|PrimordialSea|[from] ability: Primordial Sea|[of] p1a: Ferrothorn\n|turn|1\n|\n|move|p2a: Melmetal|Substitute|p2a: Melmetal\n|-start|p2a: Melmetal|Substitute\n|-damage|p2a: Melmetal|76\/100\n|move|p1a: Ferrothorn|Recover||[still]\n|-fail|p1a: Ferrothorn|heal\n|\n|-weather|PrimordialSea|[upkeep]\n|-heal|p2a: Melmetal|82\/100|[from] item: Leftovers\n|upkeep\n|turn|2\n|\n|move|p2a: Melmetal|Swords Dance|p2a: Melmetal\n|-boost|p2a: Melmetal|atk|2\n|move|p1a: Ferrothorn|U-turn|p2a: Melmetal\n|-resisted|p2a: Melmetal\n|-activate|p2a: Melmetal|move: Substitute|[damage]\n|\n|-weather|none\n|switch|p1a: Bewear|Bewear, M|100\/100|[from]move: U-turn\n|\n|-heal|p2a: Melmetal|88\/100|[from] item: Leftovers\n|-status|p1a: Bewear|tox|[from] item: Toxic Orb\n|upkeep\n|turn|3\n|\n|move|p2a: Melmetal|Baton Pass|p2a: Melmetal\n|inactive|BaddyGames has 120 seconds left.\n|\n|switch|p2a: Dragapult|Dragapult, F|100\/100|[from]move: Baton Pass\n|move|p1a: Bewear|Spectral Thief||[still]\n|-clearpositiveboost|p2a: Dragapult|p1a: Bewear|move: Spectral Thief\n|-boost|p1a: Bewear|atk|2\n|-anim|p1a: Bewear|Spectral Thief|p2a: Dragapult\n|-supereffective|p2a: Dragapult\n|-damage|p2a: Dragapult|0 fnt\n|faint|p2a: Dragapult\n|\n|upkeep\n|\n|switch|p2a: Darmanitan-Galar-Z|Darmanitan-Galar-Zen, F|100\/100\n|turn|4\n|\n|switch|p1a: Toxapex|Toxapex, M|100\/100\n|move|p2a: Darmanitan-Galar-Z|Pyro Ball|p1a: Toxapex\n|-resisted|p1a: Toxapex\n|-damage|p1a: Toxapex|75\/100\n|-status|p1a: Toxapex|brn\n|\n|-heal|p1a: Toxapex|81\/100 brn|[from] item: Black Sludge\n|-damage|p1a: Toxapex|75\/100 brn|[from] brn\n|upkeep\n|turn|5\n|\n|switch|p1a: Ferrothorn|Ferrothorn, M|100\/100\n|-weather|PrimordialSea|[from] ability: Primordial Sea|[of] p1a: Ferrothorn\n|move|p2a: Darmanitan-Galar-Z|Shell Smash|p2a: Darmanitan-Galar-Z\n|-unboost|p2a: Darmanitan-Galar-Z|def|2\n|-unboost|p2a: Darmanitan-Galar-Z|spd|2\n|-boost|p2a: Darmanitan-Galar-Z|atk|4\n|-boost|p2a: Darmanitan-Galar-Z|spa|4\n|-boost|p2a: Darmanitan-Galar-Z|spe|4\n|-enditem|p2a: Darmanitan-Galar-Z|White Herb\n|-clearnegativeboost|p2a: Darmanitan-Galar-Z|[silent]\n|\n|-weather|PrimordialSea|[upkeep]\n|upkeep\n|turn|6\n|inactive|BaddyGames has 120 seconds left.\n|j| WuYY\n|\n|-weather|none\n|switch|p1a: Necrozma|Necrozma-Dusk-Mane|100\/100\n|-weather|Hail|[from] ability: Snow Warning|[of] p1a: Necrozma\n|move|p2a: Darmanitan-Galar-Z|Pyro Ball|p1a: Necrozma\n|-supereffective|p1a: Necrozma\n|-damage|p1a: Necrozma|0 fnt\n|faint|p1a: Necrozma\n|\n|-weather|Hail|[upkeep]\n|upkeep\n|\n|switch|p1a: Toxapex|Toxapex, M|75\/100 brn\n|turn|7\n|\n|-start|p2a: Darmanitan-Galar-Z|Dynamax\n|-heal|p2a: Darmanitan-Galar-Z|100\/100|[silent]\n|move|p1a: Toxapex|Haze|p1a: Toxapex\n|-clearallboost\n|move|p2a: Darmanitan-Galar-Z|Max Flare|p1a: Toxapex\n|-resisted|p1a: Toxapex\n|-damage|p1a: Toxapex|49\/100 brn\n|-weather|SunnyDay\n|\n|-weather|SunnyDay|[upkeep]\n|-heal|p1a: Toxapex|55\/100 brn|[from] item: Black Sludge\n|-damage|p1a: Toxapex|49\/100 brn|[from] brn\n|upkeep\n|turn|8\n|\n|move|p1a: Toxapex|Toxic|p2a: Darmanitan-Galar-Z\n|-status|p2a: Darmanitan-Galar-Z|tox\n|move|p2a: Darmanitan-Galar-Z|Max Flare|p1a: Toxapex\n|-resisted|p1a: Toxapex\n|-damage|p1a: Toxapex|9\/100 brn\n|\n|-weather|SunnyDay|[upkeep]\n|-heal|p1a: Toxapex|16\/100 brn|[from] item: Black Sludge\n|-damage|p2a: Darmanitan-Galar-Z|97\/100 tox|[from] psn\n|-damage|p1a: Toxapex|9\/100 brn|[from] brn\n|upkeep\n|turn|9\n|\n|move|p1a: Toxapex|Roost|p1a: Toxapex\n|-heal|p1a: Toxapex|59\/100 brn\n|-singleturn|p1a: Toxapex|move: Roost\n|move|p2a: Darmanitan-Galar-Z|Max Flare|p1a: Toxapex\n|-resisted|p1a: Toxapex\n|-damage|p1a: Toxapex|18\/100 brn\n|\n|-weather|SunnyDay|[upkeep]\n|-heal|p1a: Toxapex|24\/100 brn|[from] item: Black Sludge\n|-damage|p2a: Darmanitan-Galar-Z|91\/100 tox|[from] psn\n|-damage|p1a: Toxapex|18\/100 brn|[from] brn\n|-end|p2a: Darmanitan-Galar-Z|Dynamax\n|-heal|p2a: Darmanitan-Galar-Z|92\/100 tox|[silent]\n|upkeep\n|turn|10\n|\n|move|p1a: Toxapex|Roost|p1a: Toxapex\n|-heal|p1a: Toxapex|68\/100 brn\n|-singleturn|p1a: Toxapex|move: Roost\n|move|p2a: Darmanitan-Galar-Z|Shell Smash|p2a: Darmanitan-Galar-Z\n|-unboost|p2a: Darmanitan-Galar-Z|def|2\n|-unboost|p2a: Darmanitan-Galar-Z|spd|2\n|-boost|p2a: Darmanitan-Galar-Z|atk|4\n|-boost|p2a: Darmanitan-Galar-Z|spa|4\n|-boost|p2a: Darmanitan-Galar-Z|spe|4\n|\n|-weather|SunnyDay|[upkeep]\n|-heal|p1a: Toxapex|74\/100 brn|[from] item: Black Sludge\n|-damage|p2a: Darmanitan-Galar-Z|73\/100 tox|[from] psn\n|-damage|p1a: Toxapex|68\/100 brn|[from] brn\n|upkeep\n|turn|11\n|\n|move|p1a: Toxapex|Haze|p1a: Toxapex\n|-clearallboost\n|move|p2a: Darmanitan-Galar-Z|Pyro Ball|p1a: Toxapex\n|-resisted|p1a: Toxapex\n|-damage|p1a: Toxapex|32\/100 brn\n|\n|-weather|none\n|-heal|p1a: Toxapex|39\/100 brn|[from] item: Black Sludge\n|-damage|p2a: Darmanitan-Galar-Z|49\/100 tox|[from] psn\n|-damage|p1a: Toxapex|32\/100 brn|[from] brn\n|upkeep\n|turn|12\n|\n|switch|p2a: Melmetal|Melmetal|88\/100\n|move|p1a: Toxapex|Roost|p1a: Toxapex\n|-heal|p1a: Toxapex|82\/100 brn\n|-singleturn|p1a: Toxapex|move: Roost\n|\n|-heal|p1a: Toxapex|89\/100 brn|[from] item: Black Sludge\n|-heal|p2a: Melmetal|94\/100|[from] item: Leftovers\n|-damage|p1a: Toxapex|82\/100 brn|[from] brn\n|upkeep\n|turn|13\n|\n|move|p2a: Melmetal|Substitute|p2a: Melmetal\n|-start|p2a: Melmetal|Substitute\n|-damage|p2a: Melmetal|69\/100\n|move|p1a: Toxapex|Scald|p2a: Melmetal\n|-activate|p2a: Melmetal|move: Substitute|[damage]\n|\n|-heal|p1a: Toxapex|89\/100 brn|[from] item: Black Sludge\n|-heal|p2a: Melmetal|75\/100|[from] item: Leftovers\n|-damage|p1a: Toxapex|82\/100 brn|[from] brn\n|upkeep\n|turn|14\n|\n|switch|p1a: Bewear|Bewear, M|100\/100 tox\n|switch|p2a: Kyurem|Kyurem-Black|100\/100\n|\n|upkeep\n|turn|15\n|c|\u2606BaddyGames|wtf am i doing\n|\n|move|p2a: Kyurem|Fake Out|p1a: Bewear\n|-damage|p1a: Bewear|77\/100 tox\n|cant|p1a: Bewear|flinch\n|\n|-heal|p1a: Bewear|89\/100 tox|[from] ability: Poison Heal\n|upkeep\n|turn|16\n|c|\u2606Weary Deity|idk\n|\n|move|p2a: Kyurem|Body Slam|p1a: Bewear\n|-damage|p1a: Bewear|33\/100 tox\n|move|p1a: Bewear|Spore|p2a: Kyurem\n|-status|p2a: Kyurem|slp|[from] move: Spore\n|\n|-heal|p1a: Bewear|45\/100 tox|[from] ability: Poison Heal\n|upkeep\n|turn|17\n|\n|switch|p2a: Melmetal|Melmetal|75\/100\n|move|p1a: Bewear|Shift Gear|p1a: Bewear\n|-boost|p1a: Bewear|spe|2\n|-boost|p1a: Bewear|atk|1\n|\n|-heal|p2a: Melmetal|81\/100|[from] item: Leftovers\n|-heal|p1a: Bewear|58\/100 tox|[from] ability: Poison Heal\n|upkeep\n|turn|18\n|\n|move|p2a: Melmetal|Substitute|p2a: Melmetal\n|-start|p2a: Melmetal|Substitute\n|-damage|p2a: Melmetal|56\/100\n|move|p1a: Bewear|Facade|p2a: Melmetal\n|-resisted|p2a: Melmetal\n|-crit|p2a: Melmetal\n|-end|p2a: Melmetal|Substitute\n|\n|-heal|p2a: Melmetal|63\/100|[from] item: Leftovers\n|-heal|p1a: Bewear|70\/100 tox|[from] ability: Poison Heal\n|upkeep\n|turn|19\n|\n|move|p2a: Melmetal|Recover|p2a: Melmetal\n|-heal|p2a: Melmetal|100\/100\n|move|p1a: Bewear|Facade|p2a: Melmetal\n|-resisted|p2a: Melmetal\n|-damage|p2a: Melmetal|77\/100\n|\n|-heal|p2a: Melmetal|83\/100|[from] item: Leftovers\n|-heal|p1a: Bewear|82\/100 tox|[from] ability: Poison Heal\n|upkeep\n|turn|20\n|\n|move|p2a: Melmetal|Swords Dance|p2a: Melmetal\n|-boost|p2a: Melmetal|atk|2\n|move|p1a: Bewear|Shift Gear|p1a: Bewear\n|-boost|p1a: Bewear|spe|2\n|-boost|p1a: Bewear|atk|1\n|\n|-heal|p2a: Melmetal|89\/100|[from] item: Leftovers\n|-heal|p1a: Bewear|95\/100 tox|[from] ability: Poison Heal\n|upkeep\n|turn|21\n|\n|move|p2a: Melmetal|Substitute|p2a: Melmetal\n|-start|p2a: Melmetal|Substitute\n|-damage|p2a: Melmetal|64\/100\n|move|p1a: Bewear|Spectral Thief||[still]\n|-clearpositiveboost|p2a: Melmetal|p1a: Bewear|move: Spectral Thief\n|-boost|p1a: Bewear|atk|2\n|-anim|p1a: Bewear|Spectral Thief|p2a: Melmetal\n|-damage|p2a: Melmetal|21\/100\n|\n|-heal|p2a: Melmetal|27\/100|[from] item: Leftovers\n|-heal|p1a: Bewear|100\/100 tox|[from] ability: Poison Heal\n|upkeep\n|turn|22\n|\n|move|p2a: Melmetal|Baton Pass|p2a: Melmetal\n|\n|switch|p2a: Darmanitan-Galar-Z|Darmanitan-Galar-Zen, F|49\/100 tox|[from]move: Baton Pass\n|move|p1a: Bewear|Spectral Thief|p2a: Darmanitan-Galar-Z\n|-damage|p2a: Darmanitan-Galar-Z|0 fnt\n|faint|p2a: Darmanitan-Galar-Z\n|\n|upkeep\n|\n|switch|p2a: Munchlax|Munchlax, F|100\/100\n|-transform|p2a: Munchlax|p1a: Bewear|[from] ability: Imposter\n|turn|23\n|\n|move|p2a: Munchlax|Facade|p1a: Bewear\n|-damage|p1a: Bewear|25\/100 tox\n|move|p1a: Bewear|Facade|p2a: Munchlax\n|-damage|p2a: Munchlax|0 fnt\n|faint|p2a: Munchlax\n|\n|-heal|p1a: Bewear|38\/100 tox|[from] ability: Poison Heal\n|upkeep\n|\n|switch|p2a: Virizion|Virizion|100\/100\n|turn|24\n|\n|move|p2a: Virizion|Drain Punch|p1a: Bewear\n|-supereffective|p1a: Bewear\n|-damage|p1a: Bewear|0 fnt\n|-damage|p2a: Virizion|91\/100|[from] item: Life Orb\n|faint|p1a: Bewear\n|\n|upkeep\n|\n|switch|p1a: Reshiram|Reshiram|100\/100\n|turn|25\n|\n|switch|p2a: Melmetal|Melmetal|27\/100\n|-start|p1a: Reshiram|Dynamax\n|-heal|p1a: Reshiram|100\/100|[silent]\n|move|p1a: Reshiram|Max Flare|p2a: Melmetal\n|-supereffective|p2a: Melmetal\n|-damage|p2a: Melmetal|0 fnt\n|-weather|SunnyDay\n|faint|p2a: Melmetal\n|\n|-weather|SunnyDay|[upkeep]\n|upkeep\n|\n|switch|p2a: Kyurem|Kyurem-Black|100\/100 slp\n|turn|26\n|\n|cant|p2a: Kyurem|slp\n|move|p1a: Reshiram|Max Wyrmwind|p2a: Kyurem\n|-supereffective|p2a: Kyurem\n|-damage|p2a: Kyurem|0 fnt\n|faint|p2a: Kyurem\n|\n|-weather|SunnyDay|[upkeep]\n|upkeep\n|c|\u2606Weary Deity|gg\n|\n|switch|p2a: Virizion|Virizion|91\/100\n|turn|27\n|\n|move|p2a: Virizion|Swords Dance|p2a: Virizion\n|-boost|p2a: Virizion|atk|2\n|move|p1a: Reshiram|Max Flare|p2a: Virizion\n|-supereffective|p2a: Virizion\n|-damage|p2a: Virizion|0 fnt\n|faint|p2a: Virizion\n|\n|win|Weary Deity\n|c|\u2606BaddyGames|gg\n|l|\u2606BaddyGames\n|l|\u2606Weary Deity\n|raw|Weary Deity's rating: 1538 &rarr; <strong>1550<\/strong><br \/>(+12 for winning)\n|raw|BaddyGames's rating: 1385 &rarr; <strong>1373<\/strong><br \/>(-12 for losing)\n","uploadtime":1586056956,"views":2,"p1id":"wearydeity","p2id":"baddygames","formatid":"gen8balancedhackmons","rating":1373,"private":0,"password":null}