{"id":"gen8ou-1665529506","p1":"Siriusjoking","p2":"broked on bricks","format":"gen8ou","log":"|j|\u2606Siriusjoking\n|j|\u2606broked on bricks\n|t:|1663309190\n|gametype|singles\n|player|p1|Siriusjoking|cynthia-gen4|1490\n|player|p2|broked on bricks|265|1527\n|teamsize|p1|6\n|teamsize|p2|6\n|gen|8\n|tier|[Gen 8] OU\n|rated|\n|rule|Sleep Clause Mod: Limit one foe put to sleep\n|rule|Species Clause: Limit one of each Pok\u00e9mon\n|rule|OHKO Clause: OHKO moves are banned\n|rule|Evasion Items Clause: Evasion items are banned\n|rule|Evasion Moves Clause: Evasion moves are banned\n|rule|Endless Battle Clause: Forcing endless battles is banned\n|rule|HP Percentage Mod: HP is shown in percentages\n|rule|Dynamax Clause: You cannot dynamax\n|clearpoke\n|poke|p1|Regice|\n|poke|p1|Regidrago|\n|poke|p1|Regieleki|\n|poke|p1|Regigigas|\n|poke|p1|Regirock|\n|poke|p1|Registeel|\n|poke|p2|Venusaur, M|\n|poke|p2|Heatran, M|\n|poke|p2|Darmanitan, M|\n|poke|p2|Torkoal, M|\n|poke|p2|Mandibuzz, F|\n|poke|p2|Garchomp, F|\n|teampreview\n|c|\u2606broked on bricks|sick team\n|c|\u2606Siriusjoking|thx\n|c|\u2606broked on bricks|I'm boutta get packed for sure glhf\n|\n|t:|1663309211\n|start\n|switch|p1a: Regidrago|Regidrago, shiny|100\/100\n|switch|p2a: Heatran|Heatran, M|100\/100\n|turn|1\n|c|\u2606Siriusjoking|glhf\n|\n|t:|1663309221\n|switch|p1a: Regirock|Regirock, shiny|100\/100\n|move|p2a: Heatran|Eruption|p1a: Regirock\n|-resisted|p1a: Regirock\n|-damage|p1a: Regirock|45\/100\n|\n|upkeep\n|turn|2\n|\n|t:|1663309228\n|switch|p1a: Regigigas|Regigigas, shiny|100\/100\n|-start|p1a: Regigigas|ability: Slow Start\n|move|p2a: Heatran|Eruption|p1a: Regigigas\n|-damage|p1a: Regigigas|30\/100\n|\n|-heal|p1a: Regigigas|36\/100|[from] item: Leftovers\n|upkeep\n|turn|3\n|\n|t:|1663309232\n|move|p2a: Heatran|Eruption|p1a: Regigigas\n|-damage|p1a: Regigigas|0 fnt\n|faint|p1a: Regigigas\n|-end|p1a: Regigigas|Slow Start|[silent]\n|\n|upkeep\n|\n|t:|1663309260\n|switch|p1a: Regice|Regice, shiny|100\/100\n|turn|4\n|\n|t:|1663309263\n|move|p2a: Heatran|Eruption|p1a: Regice\n|-supereffective|p1a: Regice\n|-crit|p1a: Regice\n|-damage|p1a: Regice|0 fnt\n|faint|p1a: Regice\n|\n|upkeep\n|\n|t:|1663309269\n|switch|p1a: Regieleki|Regieleki, shiny|100\/100\n|turn|5\n|\n|t:|1663309272\n|switch|p2a: Virgin Sharpedo|Garchomp, F|100\/100\n|move|p1a: Regieleki|Wild Charge|p2a: Virgin Sharpedo\n|-immune|p2a: Virgin Sharpedo\n|\n|upkeep\n|turn|6\n|c|\u2606Siriusjoking|lmao I've no idea how to deal with that\n|\n|t:|1663309288\n|switch|p1a: Regirock|Regirock, shiny|45\/100\n|move|p2a: Virgin Sharpedo|Scale Shot|p1a: Regirock\n|-damage|p1a: Regirock|35\/100\n|-damage|p1a: Regirock|24\/100\n|-damage|p1a: Regirock|13\/100\n|-hitcount|p1a: Regirock|3\n|-unboost|p2a: Virgin Sharpedo|def|1\n|-boost|p2a: Virgin Sharpedo|spe|1\n|-damage|p2a: Virgin Sharpedo|91\/100|[from] item: Life Orb\n|\n|upkeep\n|turn|7\n|c|\u2606broked on bricks|I mean it's not something you really consider in teambuilder\n|\n|t:|1663309304\n|move|p2a: Virgin Sharpedo|Scale Shot|p1a: Regirock\n|-damage|p1a: Regirock|1\/100\n|-damage|p1a: Regirock|0 fnt\n|faint|p1a: Regirock\n|-hitcount|p1: Regirock|2\n|-unboost|p2a: Virgin Sharpedo|def|1\n|-boost|p2a: Virgin Sharpedo|spe|1\n|-damage|p2a: Virgin Sharpedo|81\/100|[from] item: Life Orb\n|\n|upkeep\n|\n|t:|1663309311\n|switch|p1a: Registeel|Registeel, shiny|100\/100\n|turn|8\n|\n|t:|1663309315\n|switch|p2a: Heatran|Heatran, M|100\/100\n|move|p1a: Registeel|Iron Defense|p1a: Registeel\n|-boost|p1a: Registeel|def|2\n|\n|upkeep\n|turn|9\n|\n|t:|1663309319\n|move|p2a: Heatran|Eruption|p1a: Registeel\n|-supereffective|p1a: Registeel\n|-damage|p1a: Registeel|0 fnt\n|faint|p1a: Registeel\n|\n|upkeep\n|\n|t:|1663309324\n|switch|p1a: Regieleki|Regieleki, shiny|100\/100\n|turn|10\n|\n|t:|1663309328\n|move|p1a: Regieleki|Explosion|p2a: Heatran\n|-resisted|p2a: Heatran\n|-damage|p2a: Heatran|42\/100\n|faint|p1a: Regieleki\n|move|p2a: Heatran|Eruption|p1: Regieleki|[notarget]\n|-fail|p2a: Heatran\n|\n|upkeep\n|\n|t:|1663309331\n|switch|p1a: Regidrago|Regidrago, shiny|100\/100\n|turn|11\n|\n|t:|1663309333\n|switch|p2a: RIP Omari frfr|Mandibuzz, F, shiny|100\/100\n|move|p1a: Regidrago|Explosion|p2a: RIP Omari frfr\n|-damage|p2a: RIP Omari frfr|63\/100\n|faint|p1a: Regidrago\n|\n|win|broked on bricks\n|raw|Siriusjoking's rating: 1490 &rarr; <strong>1472<\/strong><br \/>(-18 for losing)\n|raw|broked on bricks's rating: 1527 &rarr; <strong>1545<\/strong><br \/>(+18 for winning)\n|c|\u2606Siriusjoking|gg\n|c|\u2606broked on bricks|gg\n","uploadtime":1663309340,"views":12,"p1id":"siriusjoking","p2id":"brokedonbricks","formatid":"gen8ou","rating":1472,"private":0,"password":null}