{"id":"gen8lc-1643007792","p1":"samoth lien","p2":"AlphaTherai","format":"gen8lc","log":"|j|\u2606samoth lien\n|j|\u2606AlphaTherai\n|t:|1660887392\n|gametype|singles\n|player|p1|samoth lien|veteran|1023\n|player|p2|AlphaTherai|cilan|1027\n|teamsize|p1|6\n|teamsize|p2|6\n|gen|8\n|tier|[Gen 8] LC\n|rated|\n|rule|Sleep Clause Mod: Limit one foe put to sleep\n|rule|Species Clause: Limit one of each Pok\u00e9mon\n|rule|OHKO Clause: OHKO moves are banned\n|rule|Evasion Items Clause: Evasion items are banned\n|rule|Evasion Moves Clause: Evasion moves are banned\n|rule|Endless Battle Clause: Forcing endless battles is banned\n|rule|HP Percentage Mod: HP is shown in percentages\n|rule|Dynamax Clause: You cannot dynamax\n|clearpoke\n|poke|p1|Abra, L5, F|\n|poke|p1|Amaura, L5, M|\n|poke|p1|Archen, L5, M|\n|poke|p1|Diglett, L5, M|\n|poke|p1|Mienfoo, L5, M|\n|poke|p1|Pawniard, L5, M|\n|poke|p2|Diglett, L5, M|\n|poke|p2|Mienfoo, L5, F|\n|poke|p2|Grookey, L5, M|\n|poke|p2|Onix, L5, M|\n|poke|p2|Staryu, L5|\n|poke|p2|Magnemite, L5|\n|teampreview\n|\n|t:|1660887406\n|start\n|switch|p1a: Diglett|Diglett, L5, M|100\/100\n|switch|p2a: Mienfoo|Mienfoo, L5, F|100\/100\n|turn|1\n|\n|t:|1660887414\n|move|p2a: Mienfoo|Fake Out|p1a: Diglett\n|-damage|p1a: Diglett|62\/100\n|cant|p1a: Diglett|flinch\n|\n|upkeep\n|turn|2\n|\n|t:|1660887420\n|move|p1a: Diglett|Earthquake|p2a: Mienfoo\n|-damage|p2a: Mienfoo|43\/100\n|-damage|p1a: Diglett|56\/100|[from] item: Life Orb\n|move|p2a: Mienfoo|U-turn|p1a: Diglett\n|-damage|p1a: Diglett|0 fnt\n|faint|p1a: Diglett\n|\n|t:|1660887427\n|switch|p2a: Staryu|Staryu, L5|100\/100|[from]move: U-turn\n|\n|upkeep\n|\n|t:|1660887449\n|switch|p1a: Amaura|Amaura, L5, M|100\/100\n|turn|3\n|\n|t:|1660887459\n|move|p1a: Amaura|Thunderbolt|p2a: Staryu\n|-supereffective|p2a: Staryu\n|-damage|p2a: Staryu|27\/100\n|move|p2a: Staryu|Reflect|p2a: Staryu\n|-sidestart|p2: AlphaTherai|Reflect\n|\n|upkeep\n|turn|4\n|\n|t:|1660887465\n|move|p1a: Amaura|Thunderbolt|p2a: Staryu\n|-supereffective|p2a: Staryu\n|-damage|p2a: Staryu|0 fnt\n|faint|p2a: Staryu\n|\n|upkeep\n|\n|t:|1660887469\n|switch|p2a: Onix|Onix, L5, M|100\/100\n|turn|5\n|\n|t:|1660887507\n|switch|p1a: Pawniard|Pawniard, L5, M|100\/100\n|move|p2a: Onix|Dragon Dance|p2a: Onix\n|-boost|p2a: Onix|atk|1\n|-boost|p2a: Onix|spe|1\n|\n|upkeep\n|turn|6\n|\n|t:|1660887514\n|move|p2a: Onix|Dragon Dance|p2a: Onix\n|-boost|p2a: Onix|atk|1\n|-boost|p2a: Onix|spe|1\n|move|p1a: Pawniard|Iron Head|p2a: Onix\n|-supereffective|p2a: Onix\n|-damage|p2a: Onix|40\/100\n|-ability|p2a: Onix|Weak Armor|boost\n|-unboost|p2a: Onix|def|1\n|-boost|p2a: Onix|spe|2\n|-enditem|p2a: Onix|Weakness Policy\n|-boost|p2a: Onix|atk|2|[from] item: Weakness Policy\n|-boost|p2a: Onix|spa|2|[from] item: Weakness Policy\n|-damage|p1a: Pawniard|95\/100|[from] item: Life Orb\n|\n|upkeep\n|turn|7\n|\n|t:|1660887524\n|move|p2a: Onix|Earthquake|p1a: Pawniard\n|-supereffective|p1a: Pawniard\n|-damage|p1a: Pawniard|0 fnt\n|faint|p1a: Pawniard\n|\n|-sideend|p2: AlphaTherai|Reflect\n|upkeep\n|\n|t:|1660887538\n|switch|p1a: Abra|Abra, L5, F|100\/100\n|turn|8\n|\n|t:|1660887547\n|move|p2a: Onix|Earthquake|p1a: Abra\n|-enditem|p1a: Abra|Focus Sash\n|-damage|p1a: Abra|6\/100\n|move|p1a: Abra|Psychic|p2a: Onix\n|-damage|p2a: Onix|0 fnt\n|faint|p2a: Onix\n|\n|upkeep\n|\n|t:|1660887557\n|switch|p2a: Diglett|Diglett, L5, M|100\/100\n|turn|9\n|\n|t:|1660887564\n|move|p2a: Diglett|Sucker Punch|p1a: Abra\n|-supereffective|p1a: Abra\n|-damage|p1a: Abra|0 fnt\n|faint|p1a: Abra\n|\n|upkeep\n|\n|t:|1660887575\n|switch|p1a: Amaura|Amaura, L5, M|100\/100\n|turn|10\n|\n|t:|1660887586\n|switch|p2a: Magnemite|Magnemite, L5|100\/100\n|move|p1a: Amaura|Hyper Voice|p2a: Magnemite\n|-resisted|p2a: Magnemite\n|-damage|p2a: Magnemite|64\/100\n|\n|upkeep\n|turn|11\n|\n|t:|1660887592\n|move|p1a: Amaura|Hyper Voice|p2a: Magnemite\n|-resisted|p2a: Magnemite\n|-damage|p2a: Magnemite|27\/100\n|-enditem|p2a: Magnemite|Berry Juice\n|-heal|p2a: Magnemite|100\/100|[from] item: Berry Juice\n|move|p2a: Magnemite|Substitute|p2a: Magnemite\n|-start|p2a: Magnemite|Substitute\n|-damage|p2a: Magnemite|79\/100\n|\n|upkeep\n|turn|12\n|\n|t:|1660887603\n|move|p1a: Amaura|Hyper Voice|p2a: Magnemite\n|-resisted|p2a: Magnemite\n|-damage|p2a: Magnemite|43\/100\n|move|p2a: Magnemite|Recycle|p2a: Magnemite\n|-item|p2a: Magnemite|Berry Juice|[from] move: Recycle\n|-enditem|p2a: Magnemite|Berry Juice\n|-heal|p2a: Magnemite|100\/100|[from] item: Berry Juice\n|\n|upkeep\n|turn|13\n|\n|t:|1660887610\n|move|p1a: Amaura|Hyper Voice|p2a: Magnemite\n|-resisted|p2a: Magnemite\n|-damage|p2a: Magnemite|69\/100\n|move|p2a: Magnemite|Recycle|p2a: Magnemite\n|-item|p2a: Magnemite|Berry Juice|[from] move: Recycle\n|\n|upkeep\n|turn|14\n|\n|t:|1660887624\n|switch|p1a: Archen|Archen, L5, M|100\/100\n|move|p2a: Magnemite|Charge Beam|p1a: Archen\n|-supereffective|p1a: Archen\n|-damage|p1a: Archen|19\/100\n|-boost|p2a: Magnemite|spa|1\n|\n|upkeep\n|turn|15\n|\n|t:|1660887630\n|move|p1a: Archen|Earthquake|p2a: Magnemite\n|-supereffective|p2a: Magnemite\n|-end|p2a: Magnemite|Substitute\n|move|p2a: Magnemite|Charge Beam|p1a: Archen\n|-supereffective|p1a: Archen\n|-crit|p1a: Archen\n|-damage|p1a: Archen|0 fnt\n|faint|p1a: Archen\n|\n|upkeep\n|\n|t:|1660887640\n|switch|p1a: Mienfoo|Mienfoo, L5, M|100\/100\n|turn|16\n|\n|t:|1660887644\n|move|p1a: Mienfoo|High Jump Kick|p2a: Magnemite\n|-supereffective|p2a: Magnemite\n|-damage|p2a: Magnemite|0 fnt\n|faint|p2a: Magnemite\n|-damage|p1a: Mienfoo|95\/100|[from] item: Life Orb\n|\n|upkeep\n|\n|t:|1660887649\n|switch|p2a: Diglett|Diglett, L5, M|100\/100\n|turn|17\n|\n|t:|1660887654\n|move|p2a: Diglett|Beat Up|p1a: Mienfoo\n|-resisted|p1a: Mienfoo\n|-damage|p1a: Mienfoo|90\/100\n|-resisted|p1a: Mienfoo\n|-damage|p1a: Mienfoo|85\/100\n|-resisted|p1a: Mienfoo\n|-crit|p1a: Mienfoo\n|-damage|p1a: Mienfoo|79\/100\n|-hitcount|p1a: Mienfoo|3\n|cant|p1a: Mienfoo|flinch\n|\n|upkeep\n|turn|18\n|\n|t:|1660887662\n|move|p2a: Diglett|Final Gambit|p1a: Mienfoo\n|-damage|p1a: Mienfoo|0 fnt\n|faint|p2a: Diglett\n|faint|p1a: Mienfoo\n|\n|upkeep\n|\n|t:|1660887670\n|switch|p2a: Grookey|Grookey, L5, M|100\/100\n|switch|p1a: Amaura|Amaura, L5, M|100\/100\n|-fieldstart|move: Grassy Terrain|[from] ability: Grassy Surge|[of] p2a: Grookey\n|turn|19\n|\n|t:|1660887675\n|move|p2a: Grookey|Grassy Glide|p1a: Amaura\n|-supereffective|p1a: Amaura\n|-damage|p1a: Amaura|0 fnt\n|faint|p1a: Amaura\n|\n|win|AlphaTherai\n|raw|samoth lien's rating: 1023 &rarr; <strong>1010<\/strong><br \/>(-13 for losing)\n|raw|AlphaTherai's rating: 1027 &rarr; <strong>1063<\/strong><br \/>(+36 for winning)\n|l|\u2606samoth lien\n","uploadtime":1660887685,"views":10,"p1id":"samothlien","p2id":"alphatherai","formatid":"gen8lc","rating":1010,"private":0,"password":null}