{"id":"gen8ou-1652391289","p1":"RggV_YT","p2":"minimax_ai","format":"gen8ou","log":"|j|\u2606RggV_YT\n|j|\u2606minimax_ai\n|t:|1661914461\n|gametype|singles\n|player|p1|RggV_YT|scientist-gen4|1509\n|player|p2|minimax_ai|lusamine-nihilego|1582\n|teamsize|p1|6\n|teamsize|p2|6\n|gen|8\n|tier|[Gen 8] OU\n|rated|\n|rule|Sleep Clause Mod: Limit one foe put to sleep\n|rule|Species Clause: Limit one of each Pok\u00e9mon\n|rule|OHKO Clause: OHKO moves are banned\n|rule|Evasion Items Clause: Evasion items are banned\n|rule|Evasion Moves Clause: Evasion moves are banned\n|rule|Endless Battle Clause: Forcing endless battles is banned\n|rule|HP Percentage Mod: HP is shown in percentages\n|rule|Dynamax Clause: You cannot dynamax\n|clearpoke\n|poke|p1|Rotom-Wash|\n|poke|p1|Cobalion|\n|poke|p1|Hitmonlee, M|\n|poke|p1|Landorus-Therian, M|\n|poke|p1|Volcarona, M|\n|poke|p1|Dragapult, F|\n|poke|p2|Rotom-Wash|\n|poke|p2|Weavile, M|\n|poke|p2|Landorus-Therian, M|\n|poke|p2|Heatran, M|\n|poke|p2|Tangrowth, F|\n|poke|p2|Melmetal|\n|teampreview\n|inactive|Battle timer is ON: inactive players will automatically lose when time's up. (requested by RggV_YT)\n|c|\u2606minimax_ai|hf\n|inactive|minimax_ai also wants the timer to be on.\n|\n|t:|1661914466\n|start\n|switch|p1a: Cobalion|Cobalion|100\/100\n|switch|p2a: landorustherian|Landorus-Therian, M|100\/100\n|-ability|p2a: landorustherian|Intimidate|boost\n|-unboost|p1a: Cobalion|atk|1\n|turn|1\n|\n|t:|1661914469\n|switch|p1a: Rotom|Rotom-Wash|100\/100\n|move|p2a: landorustherian|Toxic|p1a: Rotom\n|-status|p1a: Rotom|tox\n|\n|-damage|p1a: Rotom|94\/100 tox|[from] psn\n|upkeep\n|turn|2\n|\n|t:|1661914472\n|move|p1a: Rotom|Volt Switch|p2a: landorustherian\n|-immune|p2a: landorustherian\n|move|p2a: landorustherian|U-turn|p1a: Rotom\n|-damage|p1a: Rotom|71\/100 tox\n|\n|t:|1661914472\n|switch|p2a: rotomwash|Rotom-Wash|100\/100|[from]move: U-turn\n|\n|-heal|p1a: Rotom|77\/100 tox|[from] item: Leftovers\n|-damage|p1a: Rotom|65\/100 tox|[from] psn\n|upkeep\n|turn|3\n|\n|t:|1661914475\n|move|p2a: rotomwash|Thunderbolt|p1a: Rotom\n|-damage|p1a: Rotom|36\/100 tox\n|move|p1a: Rotom|Volt Switch|p2a: rotomwash\n|-damage|p2a: rotomwash|76\/100\n|\n|t:|1661914479\n|switch|p1a: Dragapult|Dragapult, F|100\/100|[from]move: Volt Switch\n|\n|-heal|p2a: rotomwash|82\/100|[from] item: Leftovers\n|upkeep\n|turn|4\n|\n|t:|1661914487\n|switch|p2a: Melmetal|Melmetal|100\/100\n|move|p1a: Dragapult|U-turn|p2a: Melmetal\n|-resisted|p2a: Melmetal\n|-damage|p2a: Melmetal|90\/100\n|\n|t:|1661914494\n|switch|p1a: Cobalion|Cobalion|100\/100|[from]move: U-turn\n|\n|upkeep\n|turn|5\n|\n|t:|1661914497\n|switch|p2a: landorustherian|Landorus-Therian, M|100\/100\n|-ability|p2a: landorustherian|Intimidate|boost\n|-unboost|p1a: Cobalion|atk|1\n|move|p1a: Cobalion|Stealth Rock|p2a: landorustherian\n|-sidestart|p2: minimax_ai|move: Stealth Rock\n|\n|upkeep\n|turn|6\n|\n|t:|1661914507\n|switch|p1a: Rotom|Rotom-Wash|36\/100 tox\n|move|p2a: landorustherian|Defog|p1a: Rotom\n|-unboost|p1a: Rotom|evasion|1\n|-sideend|p2: minimax_ai|Stealth Rock|[from] move: Defog|[of] p2a: landorustherian\n|\n|-heal|p1a: Rotom|42\/100 tox|[from] item: Leftovers\n|-damage|p1a: Rotom|36\/100 tox|[from] psn\n|upkeep\n|turn|7\n|\n|t:|1661914510\n|switch|p2a: rotomwash|Rotom-Wash|82\/100\n|move|p1a: Rotom|Pain Split|p2a: rotomwash\n|-sethp|p2a: rotomwash|59\/100|[from] move: Pain Split|[silent]\n|-sethp|p1a: Rotom|59\/100 tox|[from] move: Pain Split\n|\n|-heal|p2a: rotomwash|65\/100|[from] item: Leftovers\n|-heal|p1a: Rotom|65\/100 tox|[from] item: Leftovers\n|-damage|p1a: Rotom|53\/100 tox|[from] psn\n|upkeep\n|turn|8\n|\n|t:|1661914514\n|switch|p1a: Landorus|Landorus-Therian, M|100\/100\n|-ability|p1a: Landorus|Intimidate|boost\n|-unboost|p2a: rotomwash|atk|1\n|move|p2a: rotomwash|Thunderbolt|p1a: Landorus\n|-immune|p1a: Landorus\n|\n|-heal|p2a: rotomwash|72\/100|[from] item: Leftovers\n|upkeep\n|turn|9\n|\n|t:|1661914518\n|move|p1a: Landorus|U-turn|p2a: rotomwash\n|-damage|p2a: rotomwash|45\/100\n|\n|t:|1661914520\n|switch|p1a: Dragapult|Dragapult, F|100\/100|[from]move: U-turn\n|move|p2a: rotomwash|Hydro Pump|p1a: Dragapult|[miss]\n|-miss|p2a: rotomwash|p1a: Dragapult\n|\n|-heal|p2a: rotomwash|51\/100|[from] item: Leftovers\n|upkeep\n|turn|10\n|\n|t:|1661914522\n|switch|p2a: Melmetal|Melmetal|90\/100\n|move|p1a: Dragapult|Dragon Darts|p2a: Melmetal\n|-resisted|p2a: Melmetal\n|-damage|p2a: Melmetal|79\/100\n|-anim|p1a: Dragapult|Dragon Darts|p2a: Melmetal\n|-resisted|p2a: Melmetal\n|-damage|p2a: Melmetal|67\/100\n|\n|upkeep\n|turn|11\n|\n|t:|1661914524\n|switch|p1a: Cobalion|Cobalion|100\/100\n|move|p2a: Melmetal|Double Iron Bash|p1a: Cobalion\n|-resisted|p1a: Cobalion\n|-damage|p1a: Cobalion|83\/100\n|-damage|p2a: Melmetal|51\/100|[from] item: Rocky Helmet|[of] p1a: Cobalion\n|-resisted|p1a: Cobalion\n|-damage|p1a: Cobalion|66\/100\n|-damage|p2a: Melmetal|34\/100|[from] item: Rocky Helmet|[of] p1a: Cobalion\n|-hitcount|p1a: Cobalion|2\n|\n|upkeep\n|turn|12\n|\n|t:|1661914530\n|switch|p1a: Dragapult|Dragapult, F|100\/100\n|switch|p2a: landorustherian|Landorus-Therian, M|100\/100\n|-ability|p2a: landorustherian|Intimidate|boost\n|-fail|p1a: Dragapult|unboost|[from] ability: Clear Body|[of] p1a: Dragapult\n|\n|upkeep\n|turn|13\n|\n|t:|1661914531\n|move|p1a: Dragapult|Dragon Darts|p2a: landorustherian\n|-damage|p2a: landorustherian|64\/100\n|-anim|p1a: Dragapult|Dragon Darts|p2a: landorustherian\n|-damage|p2a: landorustherian|27\/100\n|move|p2a: landorustherian|Earthquake|p1a: Dragapult\n|-damage|p1a: Dragapult|30\/100\n|\n|-heal|p2a: landorustherian|33\/100|[from] item: Leftovers\n|upkeep\n|turn|14\n|\n|t:|1661914536\n|switch|p2a: Heatran|Heatran, M|100\/100\n|-item|p2a: Heatran|Air Balloon\n|move|p1a: Dragapult|Dragon Darts|p2a: Heatran\n|-resisted|p2a: Heatran\n|-damage|p2a: Heatran|79\/100\n|-enditem|p2a: Heatran|Air Balloon\n|-anim|p1a: Dragapult|Dragon Darts|p2a: Heatran\n|-resisted|p2a: Heatran\n|-damage|p2a: Heatran|59\/100\n|\n|upkeep\n|turn|15\n|\n|t:|1661914539\n|move|p1a: Dragapult|Dragon Darts|p2a: Heatran\n|-resisted|p2a: Heatran\n|-damage|p2a: Heatran|38\/100\n|-anim|p1a: Dragapult|Dragon Darts|p2a: Heatran\n|-resisted|p2a: Heatran\n|-damage|p2a: Heatran|17\/100\n|move|p2a: Heatran|Magma Storm|p1a: Dragapult|[miss]\n|-miss|p2a: Heatran|p1a: Dragapult\n|\n|upkeep\n|turn|16\n|\n|t:|1661914541\n|switch|p2a: landorustherian|Landorus-Therian, M|33\/100\n|-ability|p2a: landorustherian|Intimidate|boost\n|-fail|p1a: Dragapult|unboost|[from] ability: Clear Body|[of] p1a: Dragapult\n|move|p1a: Dragapult|Dragon Darts|p2a: landorustherian\n|-damage|p2a: landorustherian|0 fnt\n|faint|p2a: landorustherian\n|\n|upkeep\n|\n|t:|1661914541\n|switch|p2a: Weavile|Weavile, M|100\/100\n|-ability|p2a: Weavile|Pressure\n|turn|17\n|\n|t:|1661914546\n|move|p2a: Weavile|Ice Shard|p1a: Dragapult\n|-supereffective|p1a: Dragapult\n|-damage|p1a: Dragapult|0 fnt\n|faint|p1a: Dragapult\n|\n|upkeep\n|\n|t:|1661914547\n|switch|p1a: Cobalion|Cobalion|66\/100\n|turn|18\n|\n|t:|1661914551\n|switch|p2a: rotomwash|Rotom-Wash|51\/100\n|move|p1a: Cobalion|Volt Switch|p2a: rotomwash\n|-damage|p2a: rotomwash|37\/100\n|\n|t:|1661914555\n|switch|p1a: Landorus|Landorus-Therian, M|100\/100|[from]move: Volt Switch\n|-ability|p1a: Landorus|Intimidate|boost\n|-unboost|p2a: rotomwash|atk|1\n|\n|-heal|p2a: rotomwash|43\/100|[from] item: Leftovers\n|upkeep\n|turn|19\n|\n|t:|1661914556\n|move|p1a: Landorus|Knock Off|p2a: rotomwash\n|-damage|p2a: rotomwash|2\/100\n|-enditem|p2a: rotomwash|Leftovers|[from] move: Knock Off|[of] p1a: Landorus\n|move|p2a: rotomwash|Pain Split|p1a: Landorus\n|-sethp|p1a: Landorus|51\/100|[from] move: Pain Split|[silent]\n|-sethp|p2a: rotomwash|54\/100|[from] move: Pain Split\n|\n|upkeep\n|turn|20\n|\n|t:|1661914560\n|switch|p1a: Rotom|Rotom-Wash|53\/100 tox\n|move|p2a: rotomwash|Hydro Pump|p1a: Rotom|[miss]\n|-miss|p2a: rotomwash|p1a: Rotom\n|\n|-heal|p1a: Rotom|59\/100 tox|[from] item: Leftovers\n|-damage|p1a: Rotom|53\/100 tox|[from] psn\n|upkeep\n|turn|21\n|\n|t:|1661914562\n|switch|p2a: Weavile|Weavile, M|100\/100\n|-ability|p2a: Weavile|Pressure\n|move|p1a: Rotom|Volt Switch|p2a: Weavile\n|-damage|p2a: Weavile|64\/100\n|\n|t:|1661914564\n|switch|p1a: Cobalion|Cobalion|66\/100|[from]move: Volt Switch\n|\n|upkeep\n|turn|22\n|\n|t:|1661914567\n|move|p2a: Weavile|Ice Shard|p1a: Cobalion\n|-resisted|p1a: Cobalion\n|-crit|p1a: Cobalion\n|-damage|p1a: Cobalion|48\/100\n|move|p1a: Cobalion|Stealth Rock|p2a: Weavile\n|-sidestart|p2: minimax_ai|move: Stealth Rock\n|\n|upkeep\n|turn|23\n|\n|t:|1661914572\n|move|p2a: Weavile|Ice Shard|p1a: Cobalion\n|-resisted|p1a: Cobalion\n|-damage|p1a: Cobalion|36\/100\n|move|p1a: Cobalion|Iron Head|p2a: Weavile\n|-supereffective|p2a: Weavile\n|-damage|p2a: Weavile|0 fnt\n|faint|p2a: Weavile\n|\n|upkeep\n|\n|t:|1661914572\n|switch|p2a: Tangrowth|Tangrowth, F|100\/100\n|-damage|p2a: Tangrowth|88\/100|[from] Stealth Rock\n|turn|24\n|\n|t:|1661914577\n|move|p1a: Cobalion|Volt Switch|p2a: Tangrowth\n|-resisted|p2a: Tangrowth\n|-damage|p2a: Tangrowth|78\/100\n|\n|t:|1661914579\n|switch|p1a: Rotom|Rotom-Wash|53\/100 tox|[from]move: Volt Switch\n|move|p2a: Tangrowth|Sleep Powder||[still]\n|-fail|p2a: Tangrowth\n|\n|-heal|p1a: Rotom|59\/100 tox|[from] item: Leftovers\n|-damage|p1a: Rotom|53\/100 tox|[from] psn\n|upkeep\n|turn|25\n|\n|t:|1661914581\n|move|p1a: Rotom|Volt Switch|p2a: Tangrowth\n|-resisted|p2a: Tangrowth\n|-damage|p2a: Tangrowth|61\/100\n|\n|t:|1661914583\n|switch|p1a: Cobalion|Cobalion|36\/100|[from]move: Volt Switch\n|move|p2a: Tangrowth|Knock Off|p1a: Cobalion\n|-resisted|p1a: Cobalion\n|-damage|p1a: Cobalion|27\/100\n|-damage|p2a: Tangrowth|45\/100|[from] item: Rocky Helmet|[of] p1a: Cobalion\n|-ability|p1a: Cobalion|Justified|boost\n|-boost|p1a: Cobalion|atk|1\n|-enditem|p1a: Cobalion|Rocky Helmet|[from] move: Knock Off|[of] p2a: Tangrowth\n|\n|upkeep\n|turn|26\n|\n|t:|1661914587\n|move|p1a: Cobalion|Close Combat|p2a: Tangrowth\n|-damage|p2a: Tangrowth|4\/100\n|-unboost|p1a: Cobalion|def|1\n|-unboost|p1a: Cobalion|spd|1\n|-damage|p1a: Cobalion|11\/100|[from] item: Rocky Helmet|[of] p2a: Tangrowth\n|move|p2a: Tangrowth|Sleep Powder|p1a: Cobalion\n|-status|p1a: Cobalion|slp|[from] move: Sleep Powder\n|\n|upkeep\n|turn|27\n|\n|t:|1661914594\n|switch|p1a: Landorus|Landorus-Therian, M|51\/100\n|-ability|p1a: Landorus|Intimidate|boost\n|-unboost|p2a: Tangrowth|atk|1\n|move|p2a: Tangrowth|Giga Drain|p1a: Landorus\n|-damage|p1a: Landorus|15\/100\n|-heal|p2a: Tangrowth|19\/100|[from] drain|[of] p1a: Landorus\n|\n|upkeep\n|turn|28\n|\n|t:|1661914596\n|move|p1a: Landorus|U-turn|p2a: Tangrowth\n|-supereffective|p2a: Tangrowth\n|-damage|p2a: Tangrowth|0 fnt\n|-damage|p1a: Landorus|0 fnt|[from] item: Rocky Helmet|[of] p2a: Tangrowth\n|faint|p2a: Tangrowth\n|faint|p1a: Landorus\n|\n|upkeep\n|\n|t:|1661914600\n|switch|p1a: Hitmonlee|Hitmonlee, M|100\/100\n|switch|p2a: Heatran|Heatran, M|17\/100\n|-damage|p2a: Heatran|4\/100|[from] Stealth Rock\n|turn|29\n|\n|t:|1661914604\n|move|p2a: Heatran|Magma Storm|p1a: Hitmonlee\n|-damage|p1a: Hitmonlee|37\/100\n|-activate|p1a: Hitmonlee|move: Magma Storm|[of] p2a: Heatran\n|move|p1a: Hitmonlee|Earthquake|p2a: Heatran\n|-supereffective|p2a: Heatran\n|-damage|p2a: Heatran|0 fnt\n|faint|p2a: Heatran\n|\n|-end|p1a: Hitmonlee|Magma Storm|[partiallytrapped]|[silent]\n|upkeep\n|\n|t:|1661914604\n|switch|p2a: rotomwash|Rotom-Wash|54\/100\n|-damage|p2a: rotomwash|41\/100|[from] Stealth Rock\n|turn|30\n|\n|t:|1661914608\n|move|p1a: Hitmonlee|High Jump Kick|p2a: rotomwash|[miss]\n|-miss|p1a: Hitmonlee|p2a: rotomwash\n|-damage|p1a: Hitmonlee|0 fnt|[from] highjumpkick\n|faint|p1a: Hitmonlee\n|move|p2a: rotomwash|Thunderbolt|p1: Hitmonlee|[notarget]\n|-fail|p2a: rotomwash\n|\n|upkeep\n|\n|t:|1661914612\n|switch|p1a: Volcarona|Volcarona, M|100\/100\n|turn|31\n|\n|t:|1661914613\n|move|p1a: Volcarona|Quiver Dance|p1a: Volcarona\n|-boost|p1a: Volcarona|spa|1\n|-boost|p1a: Volcarona|spd|1\n|-boost|p1a: Volcarona|spe|1\n|move|p2a: rotomwash|Pain Split|p1a: Volcarona\n|-sethp|p1a: Volcarona|67\/100|[from] move: Pain Split|[silent]\n|-sethp|p2a: rotomwash|82\/100|[from] move: Pain Split\n|\n|upkeep\n|turn|32\n|\n|t:|1661914615\n|move|p1a: Volcarona|Quiver Dance|p1a: Volcarona\n|-boost|p1a: Volcarona|spa|1\n|-boost|p1a: Volcarona|spd|1\n|-boost|p1a: Volcarona|spe|1\n|move|p2a: rotomwash|Hydro Pump|p1a: Volcarona\n|-supereffective|p1a: Volcarona\n|-damage|p1a: Volcarona|28\/100\n|\n|upkeep\n|turn|33\n|\n|t:|1661914616\n|switch|p2a: Melmetal|Melmetal|34\/100\n|-damage|p2a: Melmetal|28\/100|[from] Stealth Rock\n|move|p1a: Volcarona|Roost|p1a: Volcarona\n|-heal|p1a: Volcarona|78\/100\n|-singleturn|p1a: Volcarona|move: Roost\n|\n|upkeep\n|turn|34\n|\n|t:|1661914620\n|move|p1a: Volcarona|Flamethrower|p2a: Melmetal\n|-supereffective|p2a: Melmetal\n|-crit|p2a: Melmetal\n|-damage|p2a: Melmetal|0 fnt\n|faint|p2a: Melmetal\n|\n|upkeep\n|\n|t:|1661914620\n|switch|p2a: rotomwash|Rotom-Wash|82\/100\n|-damage|p2a: rotomwash|70\/100|[from] Stealth Rock\n|turn|35\n|\n|t:|1661914622\n|move|p1a: Volcarona|Quiver Dance|p1a: Volcarona\n|-boost|p1a: Volcarona|spa|1\n|-boost|p1a: Volcarona|spd|1\n|-boost|p1a: Volcarona|spe|1\n|move|p2a: rotomwash|Pain Split|p1a: Volcarona\n|-sethp|p1a: Volcarona|67\/100|[from] move: Pain Split|[silent]\n|-sethp|p2a: rotomwash|82\/100|[from] move: Pain Split\n|\n|upkeep\n|turn|36\n|\n|t:|1661914624\n|move|p1a: Volcarona|Psychic|p2a: rotomwash\n|-damage|p2a: rotomwash|9\/100\n|move|p2a: rotomwash|Pain Split|p1a: Volcarona\n|-sethp|p1a: Volcarona|37\/100|[from] move: Pain Split|[silent]\n|-sethp|p2a: rotomwash|46\/100|[from] move: Pain Split\n|\n|upkeep\n|turn|37\n|\n|t:|1661914625\n|move|p1a: Volcarona|Psychic|p2a: rotomwash\n|-damage|p2a: rotomwash|0 fnt\n|faint|p2a: rotomwash\n|\n|win|RggV_YT\n|raw|RggV_YT's rating: 1509 &rarr; <strong>1533<\/strong><br \/>(+24 for winning)\n|raw|minimax_ai's rating: 1582 &rarr; <strong>1558<\/strong><br \/>(-24 for losing)\n|c|\u2606minimax_ai|gg\n","uploadtime":1661914627,"views":46,"p1id":"rggvyt","p2id":"minimaxai","formatid":"gen8ou","rating":1533,"private":0,"password":null}