{"id":"gen8ou-1683710238","p1":"minimax_ai","p2":"RggV_YT","format":"gen8ou","log":"|j|\u2606minimax_ai\n|j|\u2606RggV_YT\n|t:|1665556479\n|gametype|singles\n|player|p1|minimax_ai|lusamine-nihilego|1756\n|player|p2|RggV_YT|scientist-gen4|1851\n|teamsize|p1|6\n|teamsize|p2|6\n|gen|8\n|tier|[Gen 8] OU\n|rated|\n|rule|Sleep Clause Mod: Limit one foe put to sleep\n|rule|Species Clause: Limit one of each Pok\u00e9mon\n|rule|OHKO Clause: OHKO moves are banned\n|rule|Evasion Items Clause: Evasion items are banned\n|rule|Evasion Moves Clause: Evasion moves are banned\n|rule|Endless Battle Clause: Forcing endless battles is banned\n|rule|HP Percentage Mod: HP is shown in percentages\n|rule|Dynamax Clause: You cannot dynamax\n|clearpoke\n|poke|p1|Rotom-Wash|\n|poke|p1|Weavile, F|\n|poke|p1|Landorus-Therian, M|\n|poke|p1|Heatran, M|\n|poke|p1|Tangrowth, M|\n|poke|p1|Melmetal|\n|poke|p2|Dragapult, M|\n|poke|p2|Rotom-Wash|\n|poke|p2|Landorus-Therian, M|\n|poke|p2|Melmetal|\n|poke|p2|Weavile, M|\n|poke|p2|Kartana|\n|teampreview\n|inactive|Battle timer is ON: inactive players will automatically lose when time's up. (requested by RggV_YT)\n|c|\u2606minimax_ai|hf\n|inactive|minimax_ai also wants the timer to be on.\n|j| freerobuxman!\n|c| freerobuxman!|lol\n|\n|t:|1665556494\n|start\n|switch|p1a: landorustherian|Landorus-Therian, M|100\/100\n|switch|p2a: Bandit|Weavile, M, shiny|100\/100\n|-ability|p2a: Bandit|Pressure\n|-ability|p1a: landorustherian|Intimidate|boost\n|-unboost|p2a: Bandit|atk|1\n|turn|1\n|\n|t:|1665556499\n|switch|p1a: Melmetal|Melmetal|100\/100\n|move|p2a: Bandit|Knock Off|p1a: Melmetal\n|-damage|p1a: Melmetal|72\/100\n|-enditem|p1a: Melmetal|Assault Vest|[from] move: Knock Off|[of] p2a: Bandit\n|\n|upkeep\n|turn|2\n|c| freerobuxman!|no wa\n|c| freerobuxman!|y\n|\n|t:|1665556503\n|switch|p2a: Phantom|Rotom-Wash, shiny|100\/100\n|move|p1a: Melmetal|Ice Punch|p2a: Phantom\n|-resisted|p2a: Phantom\n|-damage|p2a: Phantom|76\/100\n|\n|-heal|p2a: Phantom|83\/100|[from] item: Leftovers\n|upkeep\n|turn|3\n|\n|t:|1665556510\n|switch|p1a: Tangrowth|Tangrowth, M|100\/100\n|move|p2a: Phantom|Volt Switch|p1a: Tangrowth\n|-resisted|p1a: Tangrowth\n|-damage|p1a: Tangrowth|77\/100\n|\n|t:|1665556516\n|switch|p2a: Leviathan|Dragapult, M, shiny|100\/100|[from]move: Volt Switch\n|\n|upkeep\n|turn|4\n|\n|t:|1665556526\n|switch|p1a: landorustherian|Landorus-Therian, M|100\/100\n|-ability|p1a: landorustherian|Intimidate|boost\n|-unboost|p2a: Leviathan|atk|1\n|move|p2a: Leviathan|Draco Meteor|p1a: landorustherian\n|-damage|p1a: landorustherian|32\/100\n|-unboost|p2a: Leviathan|spa|2\n|\n|-heal|p1a: landorustherian|38\/100|[from] item: Leftovers\n|upkeep\n|turn|5\n|\n|t:|1665556535\n|switch|p2a: Phantom|Rotom-Wash, shiny|83\/100\n|move|p1a: landorustherian|Toxic|p2a: Phantom\n|-status|p2a: Phantom|tox\n|\n|-heal|p2a: Phantom|89\/100 tox|[from] item: Leftovers\n|-heal|p1a: landorustherian|44\/100|[from] item: Leftovers\n|-damage|p2a: Phantom|83\/100 tox|[from] psn\n|upkeep\n|turn|6\n|\n|t:|1665556538\n|switch|p1a: rotomwash|Rotom-Wash|100\/100\n|move|p2a: Phantom|Volt Switch|p1a: rotomwash\n|-damage|p1a: rotomwash|67\/100\n|\n|t:|1665556540\n|switch|p2a: Leviathan|Dragapult, M, shiny|100\/100|[from]move: Volt Switch\n|\n|-heal|p1a: rotomwash|73\/100|[from] item: Leftovers\n|upkeep\n|turn|7\n|\n|t:|1665556543\n|switch|p1a: landorustherian|Landorus-Therian, M|44\/100\n|-ability|p1a: landorustherian|Intimidate|boost\n|-unboost|p2a: Leviathan|atk|1\n|move|p2a: Leviathan|Shadow Ball|p1a: landorustherian\n|-damage|p1a: landorustherian|0 fnt\n|faint|p1a: landorustherian\n|\n|upkeep\n|\n|t:|1665556543\n|switch|p1a: Weavile|Weavile, F|100\/100\n|-ability|p1a: Weavile|Pressure\n|turn|8\n|\n|t:|1665556546\n|switch|p2a: Fate|Melmetal, shiny|100\/100\n|move|p1a: Weavile|Knock Off|p2a: Fate\n|-damage|p2a: Fate|62\/100\n|-enditem|p2a: Fate|Choice Band|[from] move: Knock Off|[of] p1a: Weavile\n|\n|upkeep\n|turn|9\n|\n|t:|1665556548\n|switch|p1a: rotomwash|Rotom-Wash|73\/100\n|switch|p2a: Leviathan|Dragapult, M, shiny|100\/100\n|\n|-heal|p1a: rotomwash|79\/100|[from] item: Leftovers\n|upkeep\n|turn|10\n|\n|t:|1665556553\n|switch|p1a: Melmetal|Melmetal|72\/100\n|move|p2a: Leviathan|Shadow Ball|p1a: Melmetal\n|-crit|p1a: Melmetal\n|-damage|p1a: Melmetal|2\/100\n|\n|upkeep\n|turn|11\n|\n|t:|1665556559\n|switch|p1a: Weavile|Weavile, F|100\/100\n|-ability|p1a: Weavile|Pressure\n|move|p2a: Leviathan|Shadow Ball|p1a: Weavile\n|-resisted|p1a: Weavile\n|-crit|p1a: Weavile\n|-damage|p1a: Weavile|41\/100\n|-unboost|p1a: Weavile|spd|1\n|\n|upkeep\n|turn|12\n|c|\u2606RggV_YT|Dam\n|\n|t:|1665556566\n|move|p1a: Weavile|Ice Shard|p2a: Leviathan\n|-supereffective|p2a: Leviathan\n|-damage|p2a: Leviathan|26\/100\n|move|p2a: Leviathan|Shadow Ball|p1a: Weavile\n|-resisted|p1a: Weavile\n|-damage|p1a: Weavile|0 fnt\n|faint|p1a: Weavile\n|\n|upkeep\n|\n|t:|1665556566\n|switch|p1a: rotomwash|Rotom-Wash|79\/100\n|turn|13\n|c| freerobuxman!|yes\n|\n|t:|1665556577\n|switch|p2a: Bandit|Weavile, M, shiny|100\/100\n|-ability|p2a: Bandit|Pressure\n|move|p1a: rotomwash|Hydro Pump|p2a: Bandit\n|-damage|p2a: Bandit|38\/100\n|\n|-heal|p1a: rotomwash|86\/100|[from] item: Leftovers\n|upkeep\n|turn|14\n|c| freerobuxman!|ive been watchin this guy\n|\n|t:|1665556580\n|move|p2a: Bandit|Knock Off|p1a: rotomwash\n|-damage|p1a: rotomwash|11\/100\n|-enditem|p1a: rotomwash|Leftovers|[from] move: Knock Off|[of] p2a: Bandit\n|move|p1a: rotomwash|Hydro Pump|p2a: Bandit|[miss]\n|-miss|p1a: rotomwash|p2a: Bandit\n|\n|upkeep\n|turn|15\n|c| freerobuxman!|*bot\n|\n|t:|1665556584\n|switch|p1a: Tangrowth|Tangrowth, M|100\/100\n|move|p2a: Bandit|Knock Off|p1a: Tangrowth\n|-damage|p1a: Tangrowth|64\/100\n|-damage|p2a: Bandit|21\/100|[from] item: Rocky Helmet|[of] p1a: Tangrowth\n|-enditem|p1a: Tangrowth|Rocky Helmet|[from] move: Knock Off|[of] p2a: Bandit\n|\n|upkeep\n|turn|16\n|\n|t:|1665556594\n|switch|p2a: Enten|Landorus-Therian, M, shiny|100\/100\n|-ability|p2a: Enten|Intimidate|boost\n|-unboost|p1a: Tangrowth|atk|1\n|move|p1a: Tangrowth|Giga Drain|p2a: Enten\n|-damage|p2a: Enten|79\/100\n|-heal|p1a: Tangrowth|74\/100|[from] drain|[of] p2a: Enten\n|\n|-heal|p2a: Enten|85\/100|[from] item: Leftovers\n|upkeep\n|turn|17\n|\n|t:|1665556596\n|move|p2a: Enten|Stealth Rock|p1a: Tangrowth\n|-sidestart|p1: minimax_ai|move: Stealth Rock\n|move|p1a: Tangrowth|Giga Drain|p2a: Enten\n|-damage|p2a: Enten|61\/100\n|-heal|p1a: Tangrowth|85\/100|[from] drain|[of] p2a: Enten\n|\n|-heal|p2a: Enten|67\/100|[from] item: Leftovers\n|upkeep\n|turn|18\n|\n|t:|1665556598\n|move|p2a: Enten|U-turn|p1a: Tangrowth\n|-supereffective|p1a: Tangrowth\n|-damage|p1a: Tangrowth|61\/100\n|\n|t:|1665556602\n|switch|p2a: Phantom|Rotom-Wash, shiny|83\/100 tox|[from]move: U-turn\n|move|p1a: Tangrowth|Sleep Powder||[still]\n|-fail|p1a: Tangrowth\n|\n|-heal|p2a: Phantom|89\/100 tox|[from] item: Leftovers\n|-damage|p2a: Phantom|83\/100 tox|[from] psn\n|upkeep\n|turn|19\n|\n|t:|1665556605\n|move|p2a: Phantom|Volt Switch|p1a: Tangrowth\n|-resisted|p1a: Tangrowth\n|-damage|p1a: Tangrowth|39\/100\n|\n|t:|1665556606\n|switch|p2a: Leviathan|Dragapult, M, shiny|26\/100|[from]move: Volt Switch\n|move|p1a: Tangrowth|Knock Off|p2a: Leviathan\n|-supereffective|p2a: Leviathan\n|-damage|p2a: Leviathan|0 fnt\n|-enditem|p2a: Leviathan|Choice Specs|[from] move: Knock Off|[of] p1a: Tangrowth\n|faint|p2a: Leviathan\n|\n|upkeep\n|c|\u2606RggV_YT|Oh shit\n|c|\u2606RggV_YT|Expected the drain\n|j| monoboe\n|\n|t:|1665556625\n|switch|p2a: Fate|Melmetal, shiny|62\/100\n|turn|20\n|\n|t:|1665556628\n|switch|p1a: Melmetal|Melmetal|2\/100\n|-damage|p1a: Melmetal|0 fnt|[from] Stealth Rock\n|faint|p1a: Melmetal\n|move|p2a: Fate|Superpower|p1: Melmetal|[notarget]\n|-fail|p2a: Fate\n|\n|upkeep\n|\n|t:|1665556628\n|switch|p1a: Heatran|Heatran, M|100\/100\n|-damage|p1a: Heatran|88\/100|[from] Stealth Rock\n|-item|p1a: Heatran|Air Balloon\n|turn|21\n|\n|t:|1665556632\n|switch|p2a: Phantom|Rotom-Wash, shiny|83\/100 tox\n|move|p1a: Heatran|Magma Storm|p2a: Phantom\n|-resisted|p2a: Phantom\n|-damage|p2a: Phantom|46\/100 tox\n|-activate|p2a: Phantom|move: Magma Storm|[of] p1a: Heatran\n|\n|-heal|p2a: Phantom|52\/100 tox|[from] item: Leftovers\n|-damage|p2a: Phantom|46\/100 tox|[from] psn\n|-damage|p2a: Phantom|33\/100 tox|[from] move: Magma Storm|[partiallytrapped]\n|upkeep\n|turn|22\n|\n|t:|1665556638\n|move|p2a: Phantom|Volt Switch|p1a: Heatran\n|-damage|p1a: Heatran|55\/100\n|-enditem|p1a: Heatran|Air Balloon\n|j| Kyurem\n|\n|t:|1665556657\n|switch|p2a: Bandit|Weavile, M, shiny|21\/100|[from]move: Volt Switch\n|-ability|p2a: Bandit|Pressure\n|move|p1a: Heatran|Stealth Rock|p2a: Bandit\n|-sidestart|p2: RggV_YT|move: Stealth Rock\n|\n|upkeep\n|turn|23\n|\n|t:|1665556662\n|switch|p1a: rotomwash|Rotom-Wash|11\/100\n|-damage|p1a: rotomwash|0 fnt|[from] Stealth Rock\n|faint|p1a: rotomwash\n|move|p2a: Bandit|Knock Off|p1: rotomwash|[notarget]\n|-fail|p2a: Bandit\n|\n|upkeep\n|\n|t:|1665556662\n|switch|p1a: Tangrowth|Tangrowth, M|72\/100\n|-damage|p1a: Tangrowth|59\/100|[from] Stealth Rock\n|turn|24\n|\n|t:|1665556666\n|switch|p2a: Enten|Landorus-Therian, M, shiny|67\/100\n|-damage|p2a: Enten|55\/100|[from] Stealth Rock\n|-ability|p2a: Enten|Intimidate|boost\n|-unboost|p1a: Tangrowth|atk|1\n|move|p1a: Tangrowth|Giga Drain|p2a: Enten\n|-damage|p2a: Enten|31\/100\n|-heal|p1a: Tangrowth|71\/100|[from] drain|[of] p2a: Enten\n|\n|-heal|p2a: Enten|37\/100|[from] item: Leftovers\n|upkeep\n|turn|25\n|\n|t:|1665556668\n|move|p2a: Enten|Defog|p1a: Tangrowth\n|-unboost|p1a: Tangrowth|evasion|1\n|-sideend|p1: minimax_ai|Stealth Rock|[from] move: Defog|[of] p2a: Enten\n|-sideend|p2: RggV_YT|Stealth Rock|[from] move: Defog|[of] p2a: Enten\n|move|p1a: Tangrowth|Giga Drain|p2a: Enten\n|-damage|p2a: Enten|14\/100\n|-heal|p1a: Tangrowth|82\/100|[from] drain|[of] p2a: Enten\n|\n|-heal|p2a: Enten|20\/100|[from] item: Leftovers\n|upkeep\n|turn|26\n|\n|t:|1665556670\n|move|p2a: Enten|Stealth Rock|p1a: Tangrowth\n|-sidestart|p1: minimax_ai|move: Stealth Rock\n|move|p1a: Tangrowth|Giga Drain|p2a: Enten\n|-damage|p2a: Enten|0 fnt\n|-heal|p1a: Tangrowth|91\/100|[from] drain|[of] p2a: Enten\n|faint|p2a: Enten\n|\n|upkeep\n|\n|t:|1665556676\n|switch|p2a: Bandit|Weavile, M, shiny|21\/100\n|-ability|p2a: Bandit|Pressure\n|turn|27\n|\n|t:|1665556677\n|move|p2a: Bandit|Triple Axel|p1a: Tangrowth\n|-supereffective|p1a: Tangrowth\n|-damage|p1a: Tangrowth|76\/100\n|-supereffective|p1a: Tangrowth\n|-crit|p1a: Tangrowth\n|-damage|p1a: Tangrowth|33\/100\n|-supereffective|p1a: Tangrowth\n|-damage|p1a: Tangrowth|0 fnt\n|faint|p1a: Tangrowth\n|-hitcount|p1: Tangrowth|3\n|\n|upkeep\n|\n|t:|1665556677\n|switch|p1a: Heatran|Heatran, M|55\/100\n|-damage|p1a: Heatran|43\/100|[from] Stealth Rock\n|turn|28\n|\n|t:|1665556682\n|move|p2a: Bandit|Triple Axel|p1a: Heatran|[miss]\n|-miss|p2a: Bandit|p1a: Heatran\n|move|p1a: Heatran|Magma Storm|p2a: Bandit\n|-supereffective|p2a: Bandit\n|-damage|p2a: Bandit|0 fnt\n|faint|p2a: Bandit\n|\n|upkeep\n|j| KMTQ\n|\n|t:|1665556689\n|switch|p2a: Deathstroke|Kartana, shiny|100\/100\n|turn|29\n|\n|t:|1665556691\n|move|p2a: Deathstroke|Sacred Sword|p1a: Heatran\n|-supereffective|p1a: Heatran\n|-damage|p1a: Heatran|0 fnt\n|faint|p1a: Heatran\n|\n|win|RggV_YT\n|raw|minimax_ai's rating: 1756 &rarr; <strong>1741<\/strong><br \/>(-15 for losing)\n|raw|RggV_YT's rating: 1851 &rarr; <strong>1866<\/strong><br \/>(+15 for winning)\n|c|\u2606minimax_ai|gg\n|l|\u2606minimax_ai\n|c|\u2606RggV_YT|Gg ai\n|c| freerobuxman!|lol\n","uploadtime":1665556692,"views":25,"p1id":"minimaxai","p2id":"rggvyt","formatid":"gen8ou","rating":1741,"private":0,"password":null}