{"id":"gen8linked-1705102068","p1":"AmGeiii","p2":"IIIodyne","format":"gen8linked","log":"|j|\u2606AmGeiii\n|j|\u2606IIIodyne\n|inactive|Battle timer is ON: inactive players will automatically lose when time's up.\n|t:|1667848084\n|gametype|singles\n|player|p1|AmGeiii|ballguy|\n|player|p2|IIIodyne|169|\n|teamsize|p1|6\n|teamsize|p2|6\n|gen|8\n|tier|[Gen 8] Linked\n|rated|Tournament battle\n|rule|Species Clause: Limit one of each Pok\u00e9mon\n|rule|OHKO Clause: OHKO moves are banned\n|rule|Evasion Moves Clause: Evasion moves are banned\n|rule|Endless Battle Clause: Forcing endless battles is banned\n|rule|Dynamax Clause: You cannot dynamax\n|rule|HP Percentage Mod: HP is shown in percentages\n|rule|Sleep Clause Mod: Limit one foe put to sleep\n|clearpoke\n|poke|p1|Rillaboom, F|\n|poke|p1|Tapu Lele|\n|poke|p1|Landorus-Therian, M|\n|poke|p1|Tornadus-Therian, M|\n|poke|p1|Weavile, M|\n|poke|p1|Heracross, F|\n|poke|p2|Quagsire, M|\n|poke|p2|Comfey, M|\n|poke|p2|Weavile, F|\n|poke|p2|Heatran, M|\n|poke|p2|Jirachi|\n|poke|p2|Regieleki|\n|teampreview\n|inactive|AmGeiii also wants the timer to be on.\n|inactive|IIIodyne also wants the timer to be on.\n|c|\u2606IIIodyne|hf\n|j| Asb04\n|\n|t:|1667848103\n|start\n|switch|p1a: Landorus|Landorus-Therian, M|100\/100\n|switch|p2a: Quagsire|Quagsire, M|100\/100\n|-ability|p1a: Landorus|Intimidate|boost\n|-unboost|p2a: Quagsire|atk|1\n|turn|1\n|\n|t:|1667848106\n|move|p1a: Landorus|Stealth Rock|p2a: Quagsire\n|-sidestart|p2: IIIodyne|move: Stealth Rock\n|move|p1a: Landorus|U-turn|p2a: Quagsire\n|-damage|p2a: Quagsire|83\/100\n|j| Th3Fri3dChick3n\n|\n|t:|1667848110\n|switch|p1a: Tornadus|Tornadus-Therian, M|100\/100|[from]move: U-turn\n|move|p2a: Quagsire|Scald|p1a: Tornadus\n|-damage|p1a: Tornadus|80\/100\n|-status|p1a: Tornadus|brn\n|move|p2a: Quagsire|Recover|p2a: Quagsire\n|-heal|p2a: Quagsire|100\/100\n|\n|-damage|p1a: Tornadus|74\/100 brn|[from] brn\n|upkeep\n|turn|2\n|\n|t:|1667848125\n|move|p1a: Tornadus|Knock Off|p2a: Quagsire\n|-crit|p2a: Quagsire\n|-damage|p2a: Quagsire|88\/100\n|-enditem|p2a: Quagsire|Leftovers|[from] move: Knock Off|[of] p1a: Tornadus\n|move|p2a: Quagsire|Scald|p1a: Tornadus\n|-damage|p1a: Tornadus|53\/100 brn\n|move|p2a: Quagsire|Recover|p2a: Quagsire\n|-heal|p2a: Quagsire|100\/100\n|\n|-damage|p1a: Tornadus|47\/100 brn|[from] brn\n|upkeep\n|turn|3\n|\n|t:|1667848134\n|switch|p2a: Heatran|Heatran, M|100\/100\n|-damage|p2a: Heatran|88\/100|[from] Stealth Rock\n|move|p1a: Tornadus|Defog|p2a: Heatran\n|-unboost|p2a: Heatran|evasion|1\n|-sideend|p2: IIIodyne|Stealth Rock|[from] move: Defog|[of] p1a: Tornadus\n|move|p1a: Tornadus|U-turn|p2a: Heatran\n|-resisted|p2a: Heatran\n|-damage|p2a: Heatran|86\/100\n|\n|t:|1667848156\n|switch|p1a: Landorus|Landorus-Therian, M|100\/100|[from]move: U-turn\n|-ability|p1a: Landorus|Intimidate|boost\n|-unboost|p2a: Heatran|atk|1\n|\n|upkeep\n|turn|4\n|\n|t:|1667848169\n|move|p1a: Landorus|Earthquake|p2a: Heatran\n|-supereffective|p2a: Heatran\n|-damage|p2a: Heatran|0 fnt\n|faint|p2a: Heatran\n|\n|upkeep\n|\n|t:|1667848173\n|switch|p2a: Weavile|Weavile, F|100\/100\n|-ability|p2a: Weavile|Pressure\n|turn|5\n|\n|t:|1667848180\n|switch|p1a: Tapu Lele|Tapu Lele|100\/100\n|-fieldstart|move: Psychic Terrain|[from] ability: Psychic Surge|[of] p1a: Tapu Lele\n|move|p2a: Weavile|Fake Out|p1a: Tapu Lele\n|-activate|p1a: Tapu Lele|move: Psychic Terrain\n|\n|upkeep\n|turn|6\n|\n|t:|1667848187\n|switch|p2a: Jirachi|Jirachi|100\/100\n|move|p1a: Tapu Lele|Psyshock|p2a: Jirachi\n|-resisted|p2a: Jirachi\n|-damage|p2a: Jirachi|86\/100\n|move|p1a: Tapu Lele|Moonblast|p2a: Jirachi\n|-resisted|p2a: Jirachi\n|-damage|p2a: Jirachi|63\/100\n|\n|-heal|p2a: Jirachi|69\/100|[from] item: Leftovers\n|upkeep\n|turn|7\n|\n|t:|1667848195\n|switch|p1a: Landorus|Landorus-Therian, M|100\/100\n|-ability|p1a: Landorus|Intimidate|boost\n|-unboost|p2a: Jirachi|atk|1\n|move|p2a: Jirachi|Doom Desire|p1a: Landorus\n|-start|p2a: Jirachi|Doom Desire\n|move|p2a: Jirachi|U-turn|p1a: Landorus\n|-resisted|p1a: Landorus\n|-damage|p1a: Landorus|95\/100\n|-damage|p2a: Jirachi|52\/100|[from] item: Rocky Helmet|[of] p1a: Landorus\n|\n|t:|1667848199\n|switch|p2a: Weavile|Weavile, F|100\/100|[from]move: U-turn\n|-ability|p2a: Weavile|Pressure\n|\n|upkeep\n|turn|8\n|\n|t:|1667848204\n|switch|p1a: Tornadus|Tornadus-Therian, M|80\/100 brn\n|move|p2a: Weavile|Power-Up Punch|p1a: Tornadus\n|-resisted|p1a: Tornadus\n|-damage|p1a: Tornadus|75\/100 brn\n|-boost|p2a: Weavile|atk|1\n|move|p2a: Weavile|Assurance|p1a: Tornadus\n|-damage|p1a: Tornadus|8\/100 brn\n|\n|-damage|p1a: Tornadus|2\/100 brn|[from] brn\n|upkeep\n|turn|9\n|\n|t:|1667848218\n|move|p2a: Weavile|Ice Shard|p1a: Tornadus\n|-hint|Psychic Terrain doesn't affect Pok\u00e9mon immune to Ground.\n|-supereffective|p1a: Tornadus\n|-damage|p1a: Tornadus|0 fnt\n|faint|p1a: Tornadus\n|\n|-hint|Doom Desire did not hit because the target is fainted.\n|-fieldend|move: Psychic Terrain\n|upkeep\n|\n|t:|1667848227\n|switch|p1a: Rillaboom|Rillaboom, F|100\/100\n|-fieldstart|move: Grassy Terrain|[from] ability: Grassy Surge|[of] p1a: Rillaboom\n|turn|10\n|\n|t:|1667848243\n|switch|p2a: Jirachi|Jirachi|52\/100\n|move|p1a: Rillaboom|Grassy Glide|p2a: Jirachi\n|-resisted|p2a: Jirachi\n|-damage|p2a: Jirachi|17\/100\n|-damage|p1a: Rillaboom|91\/100|[from] item: Life Orb\n|\n|-heal|p2a: Jirachi|23\/100|[from] Grassy Terrain\n|-heal|p2a: Jirachi|29\/100|[from] item: Leftovers\n|-heal|p1a: Rillaboom|97\/100|[from] Grassy Terrain\n|upkeep\n|turn|11\n|\n|t:|1667848254\n|move|p2a: Jirachi|Doom Desire|p1a: Rillaboom\n|-start|p2a: Jirachi|Doom Desire\n|move|p2a: Jirachi|U-turn|p1a: Rillaboom\n|-supereffective|p1a: Rillaboom\n|-damage|p1a: Rillaboom|63\/100\n|inactive|IIIodyne has 120 seconds left.\n|\n|t:|1667848276\n|switch|p2a: Regieleki|Regieleki|100\/100|[from]move: U-turn\n|move|p1a: Rillaboom|Swords Dance|p1a: Rillaboom\n|-boost|p1a: Rillaboom|atk|2\n|move|p1a: Rillaboom|Drum Beating|p2a: Regieleki\n|-damage|p2a: Regieleki|0 fnt\n|faint|p2a: Regieleki\n|-damage|p1a: Rillaboom|53\/100|[from] item: Life Orb\n|\n|-heal|p1a: Rillaboom|59\/100|[from] Grassy Terrain\n|upkeep\n|inactive|IIIodyne has 120 seconds left.\n|inactive|IIIodyne has 90 seconds left.\n|\n|t:|1667848335\n|switch|p2a: Quagsire|Quagsire, M|100\/100\n|turn|12\n|\n|t:|1667848338\n|move|p1a: Rillaboom|Swords Dance|p1a: Rillaboom\n|-boost|p1a: Rillaboom|atk|2\n|move|p1a: Rillaboom|Drum Beating|p2a: Quagsire\n|-supereffective|p2a: Quagsire\n|-damage|p2a: Quagsire|0 fnt\n|faint|p2a: Quagsire\n|-damage|p1a: Rillaboom|49\/100|[from] item: Life Orb\n|\n|-heal|p1a: Rillaboom|55\/100|[from] Grassy Terrain\n|upkeep\n|\n|t:|1667848350\n|switch|p2a: Weavile|Weavile, F|100\/100\n|-ability|p2a: Weavile|Pressure\n|turn|13\n|\n|t:|1667848352\n|move|p2a: Weavile|Fake Out|p1a: Rillaboom\n|-damage|p1a: Rillaboom|41\/100\n|cant|p1a: Rillaboom|flinch\n|\n|-end|p1a: Rillaboom|move: Doom Desire\n|-damage|p1a: Rillaboom|0 fnt\n|faint|p1a: Rillaboom\n|upkeep\n|\n|t:|1667848357\n|switch|p1a: Heracross|Heracross, F|100\/100\n|turn|14\n|\n|t:|1667848363\n|switch|p2a: Jirachi|Jirachi|29\/100\n|move|p1a: Heracross|Megahorn|p2a: Jirachi\n|-damage|p2a: Jirachi|0 fnt\n|faint|p2a: Jirachi\n|-ability|p1a: Heracross|Moxie|boost\n|-boost|p1a: Heracross|atk|1\n|move|p1a: Heracross|Close Combat|p2: Jirachi|[notarget]\n|-fail|p1a: Heracross\n|\n|-fieldend|move: Grassy Terrain\n|upkeep\n|\n|t:|1667848368\n|switch|p2a: Comfey|Comfey, M|100\/100\n|turn|15\n|\n|t:|1667848372\n|switch|p1a: Tapu Lele|Tapu Lele|100\/100\n|-fieldstart|move: Psychic Terrain|[from] ability: Psychic Surge|[of] p1a: Tapu Lele\n|move|p2a: Comfey|Draining Kiss|p1a: Tapu Lele\n|-activate|p1a: Tapu Lele|move: Psychic Terrain\n|move|p2a: Comfey|Giga Drain|p1a: Tapu Lele\n|-activate|p1a: Tapu Lele|move: Psychic Terrain\n|\n|upkeep\n|turn|16\n|\n|t:|1667848382\n|switch|p2a: Weavile|Weavile, F|100\/100\n|-ability|p2a: Weavile|Pressure\n|move|p1a: Tapu Lele|Psyshock|p2a: Weavile\n|-immune|p2a: Weavile\n|move|p1a: Tapu Lele|Moonblast|p2a: Weavile\n|-supereffective|p2a: Weavile\n|-damage|p2a: Weavile|0 fnt\n|faint|p2a: Weavile\n|\n|upkeep\n|c|\u2606AmGeiii|gg\n|c|\u2606IIIodyne|gg\n|\n|t:|1667848392\n|switch|p2a: Comfey|Comfey, M|100\/100\n|turn|17\n|\n|t:|1667848395\n|move|p1a: Tapu Lele|Psyshock|p2a: Comfey\n|-damage|p2a: Comfey|34\/100\n|move|p1a: Tapu Lele|Moonblast|p2a: Comfey\n|-damage|p2a: Comfey|0 fnt\n|faint|p2a: Comfey\n|\n|win|AmGeiii\n|n|\u2606AmGeiii|amgeiii\n|n|\u2606IIIodyne|iiiodyne\n|n| Asb04|asb04\n|n| Th3Fri3dChick3n|th3fri3dchick3n\n","uploadtime":1667848396,"views":5,"p1id":"amgeiii","p2id":"iiiodyne","formatid":"gen8linked","rating":0,"private":0,"password":null}