{"id":"gen8nationaldex-1417445071","p1":"Harved","p2":"Benjamin Gilbert","format":"gen8nationaldex","log":"|j|\u2606Harved\n|j|\u2606Benjamin Gilbert\n|inactive|Battle timer is ON: inactive players will automatically lose when time's up.\n|t:|1631734082\n|gametype|singles\n|player|p1|Harved|veteranf|\n|player|p2|Benjamin Gilbert|2|\n|teamsize|p1|6\n|teamsize|p2|6\n|gen|8\n|tier|[Gen 8] National Dex\n|rated|Tournament battle\n|rule|HP Percentage Mod: HP is shown in percentages\n|rule|Endless Battle Clause: Forcing endless battles is banned\n|rule|OHKO Clause: OHKO moves are banned\n|rule|Evasion Moves Clause: Evasion moves are banned\n|rule|Species Clause: Limit one of each Pok\u00e9mon\n|rule|Dynamax Clause: You cannot dynamax\n|rule|Sleep Clause Mod: Limit one foe put to sleep\n|clearpoke\n|poke|p1|Diancie|\n|poke|p1|Tapu Fini|\n|poke|p1|Weavile, F|\n|poke|p1|Magnezone|\n|poke|p1|Corviknight, M|\n|poke|p1|Garchomp, F|\n|poke|p2|Regieleki|\n|poke|p2|Toxapex, M|\n|poke|p2|Zapdos-Galar|\n|poke|p2|Diancie|\n|poke|p2|Ferrothorn, F|\n|poke|p2|Mamoswine, M|\n|teampreview\n|j| Agent Chaka\n|j| BoomDragoon\n|c|\u2606Harved|i made it\n|c|\u2606Harved|thew\n|c|\u2606Benjamin Gilbert|:)\n|c|\u2606Benjamin Gilbert|hf\n|c|\u2606Harved|hf\n|\n|t:|1631734098\n|start\n|switch|p1a: Weavile|Weavile, F|100\/100\n|switch|p2a: Clairo|Diancie, shiny|100\/100\n|-ability|p1a: Weavile|Pressure\n|turn|1\n|j|+TylerTheMilotic\n|\n|t:|1631734107\n|move|p1a: Weavile|Triple Axel|p2a: Clairo|[miss]\n|-miss|p1a: Weavile|p2a: Clairo\n|move|p2a: Clairo|Diamond Storm|p1a: Weavile\n|-supereffective|p1a: Weavile\n|-crit|p1a: Weavile\n|-damage|p1a: Weavile|0 fnt\n|faint|p1a: Weavile\n|\n|upkeep\n|c|\u2606Benjamin Gilbert|my b\n|j| Potatillo\n|c|\u2606Harved|ah rip\n|\n|t:|1631734119\n|switch|p1a: Diancie|Diancie|100\/100\n|turn|2\n|\n|t:|1631734122\n|detailschange|p1a: Diancie|Diancie-Mega\n|-mega|p1a: Diancie|Diancie|Diancite\n|detailschange|p2a: Clairo|Diancie-Mega, shiny\n|-mega|p2a: Clairo|Diancie|Diancite\n|move|p1a: Diancie|Earth Power|p2a: Clairo\n|-supereffective|p2a: Clairo\n|-damage|p2a: Clairo|0 fnt\n|faint|p2a: Clairo\n|\n|upkeep\n|\n|t:|1631734131\n|switch|p2a: Temple|Ferrothorn, F, shiny|100\/100\n|turn|3\n|inactive|Harved has 120 seconds left.\n|\n|t:|1631734170\n|switch|p1a: Magnezone|Magnezone|100\/100\n|move|p2a: Temple|Body Press|p1a: Magnezone\n|-supereffective|p1a: Magnezone\n|-damage|p1a: Magnezone|41\/100\n|\n|upkeep\n|turn|4\n|\n|t:|1631734173\n|move|p1a: Magnezone|Hidden Power|p2a: Temple\n|-supereffective|p2a: Temple\n|-damage|p2a: Temple|0 fnt\n|faint|p2a: Temple\n|\n|upkeep\n|\n|t:|1631734200\n|switch|p2a: Painstendo.|Toxapex, M, shiny|100\/100\n|turn|5\n|\n|t:|1631734204\n|switch|p1a: Tapu Fini|Tapu Fini|100\/100\n|-fieldstart|move: Misty Terrain|[from] ability: Misty Surge|[of] p1a: Tapu Fini\n|move|p2a: Painstendo.|Toxic Spikes|p1a: Tapu Fini\n|-sidestart|p1: Harved|move: Toxic Spikes\n|\n|upkeep\n|turn|6\n|\n|t:|1631734208\n|switch|p2a: ELECTRO KID|Regieleki, shiny|100\/100\n|move|p1a: Tapu Fini|Calm Mind|p1a: Tapu Fini\n|-boost|p1a: Tapu Fini|spa|1\n|-boost|p1a: Tapu Fini|spd|1\n|\n|upkeep\n|turn|7\n|j| 1300ELO?????\n|\n|t:|1631734222\n|switch|p2a: Emvee|Mamoswine, M|100\/100\n|switch|p1a: Garchomp|Garchomp, F|100\/100\n|\n|upkeep\n|turn|8\n|\n|t:|1631734228\n|switch|p1a: Corviknight|Corviknight, M|100\/100\n|-ability|p1a: Corviknight|Pressure\n|move|p2a: Emvee|Icicle Crash|p1a: Corviknight\n|-damage|p1a: Corviknight|60\/100\n|\n|upkeep\n|turn|9\n|\n|t:|1631734231\n|move|p2a: Emvee|Icicle Crash|p1a: Corviknight\n|-damage|p1a: Corviknight|23\/100\n|cant|p1a: Corviknight|flinch\n|\n|-fieldend|Misty Terrain\n|upkeep\n|turn|10\n|\n|t:|1631734241\n|switch|p1a: Tapu Fini|Tapu Fini|100\/100\n|-status|p1a: Tapu Fini|psn\n|-fieldstart|move: Misty Terrain|[from] ability: Misty Surge|[of] p1a: Tapu Fini\n|move|p2a: Emvee|Icicle Crash|p1a: Tapu Fini\n|-resisted|p1a: Tapu Fini\n|-damage|p1a: Tapu Fini|80\/100 psn\n|\n|-heal|p1a: Tapu Fini|86\/100 psn|[from] item: Leftovers\n|-damage|p1a: Tapu Fini|73\/100 psn|[from] psn\n|upkeep\n|turn|11\n|l| 1300ELO?????\n|j| 1300ELO?????\n|\n|t:|1631734247\n|move|p2a: Emvee|Earthquake|p1a: Tapu Fini\n|-damage|p1a: Tapu Fini|26\/100 psn\n|move|p1a: Tapu Fini|Scald|p2a: Emvee\n|-supereffective|p2a: Emvee\n|-damage|p2a: Emvee|27\/100\n|\n|-heal|p1a: Tapu Fini|32\/100 psn|[from] item: Leftovers\n|-damage|p1a: Tapu Fini|19\/100 psn|[from] psn\n|upkeep\n|turn|12\n|\n|t:|1631734254\n|move|p2a: Emvee|Earthquake|p1a: Tapu Fini\n|-damage|p1a: Tapu Fini|0 fnt\n|faint|p1a: Tapu Fini\n|\n|upkeep\n|\n|t:|1631734256\n|switch|p1a: Diancie|Diancie-Mega|100\/100\n|turn|13\n|\n|t:|1631734275\n|move|p2a: Emvee|Ice Shard|p1a: Diancie\n|-damage|p1a: Diancie|57\/100\n|move|p1a: Diancie|Earth Power|p2a: Emvee\n|-damage|p2a: Emvee|0 fnt\n|faint|p2a: Emvee\n|\n|upkeep\n|inactive|Benjamin Gilbert has 120 seconds left.\n|j| Jeremy Bender\n|\n|t:|1631734303\n|switch|p2a: Painstendo.|Toxapex, M, shiny|100\/100\n|turn|14\n|\n|t:|1631734308\n|switch|p1a: Magnezone|Magnezone|41\/100\n|move|p2a: Painstendo.|Scald|p1a: Magnezone\n|-damage|p1a: Magnezone|19\/100\n|\n|-fieldend|Misty Terrain\n|upkeep\n|turn|15\n|\n|t:|1631734315\n|switch|p2a: ELECTRO KID|Regieleki, shiny|100\/100\n|move|p1a: Magnezone|Thunderbolt|p2a: ELECTRO KID\n|-resisted|p2a: ELECTRO KID\n|-damage|p2a: ELECTRO KID|44\/100\n|\n|-heal|p2a: ELECTRO KID|50\/100|[from] item: Leftovers\n|upkeep\n|turn|16\n|\n|t:|1631734319\n|switch|p1a: Garchomp|Garchomp, F|100\/100\n|-status|p1a: Garchomp|psn\n|move|p2a: ELECTRO KID|Protect||[still]\n|-fail|p2a: ELECTRO KID\n|\n|-heal|p2a: ELECTRO KID|56\/100|[from] item: Leftovers\n|-damage|p1a: Garchomp|88\/100 psn|[from] psn\n|upkeep\n|turn|17\n|\n|t:|1631734324\n|move|p2a: ELECTRO KID|Protect|p2a: ELECTRO KID\n|-singleturn|p2a: ELECTRO KID|Protect\n|move|p1a: Garchomp|Swords Dance|p1a: Garchomp\n|-boost|p1a: Garchomp|atk|2\n|\n|-heal|p2a: ELECTRO KID|62\/100|[from] item: Leftovers\n|-damage|p1a: Garchomp|76\/100 psn|[from] psn\n|upkeep\n|turn|18\n|\n|t:|1631734334\n|switch|p2a: Painstendo.|Toxapex, M, shiny|100\/100\n|-zpower|p1a: Garchomp\n|move|p1a: Garchomp|Continental Crush|p2a: Painstendo.|[zeffect]\n|-damage|p2a: Painstendo.|15\/100\n|\n|-heal|p2a: Painstendo.|21\/100|[from] item: Black Sludge\n|-damage|p1a: Garchomp|64\/100 psn|[from] psn\n|upkeep\n|turn|19\n|\n|t:|1631734338\n|switch|p2a: Roadrunner|Zapdos-Galar|100\/100\n|move|p1a: Garchomp|Earthquake|p2a: Roadrunner\n|-immune|p2a: Roadrunner\n|\n|-damage|p1a: Garchomp|51\/100 psn|[from] psn\n|upkeep\n|turn|20\n|l| Potatillo\n|inactive|Benjamin Gilbert has 120 seconds left.\n|\n|t:|1631734384\n|switch|p1a: Magnezone|Magnezone|19\/100\n|move|p2a: Roadrunner|Thunderous Kick|p1a: Magnezone\n|-supereffective|p1a: Magnezone\n|-damage|p1a: Magnezone|0 fnt\n|faint|p1a: Magnezone\n|\n|upkeep\n|\n|t:|1631734388\n|switch|p1a: Diancie|Diancie-Mega|57\/100\n|-status|p1a: Diancie|psn\n|turn|21\n|\n|t:|1631734401\n|switch|p2a: Painstendo.|Toxapex, M, shiny|54\/100\n|move|p1a: Diancie|Moonblast|p2a: Painstendo.\n|-resisted|p2a: Painstendo.\n|-damage|p2a: Painstendo.|36\/100\n|\n|-heal|p2a: Painstendo.|43\/100|[from] item: Black Sludge\n|-damage|p1a: Diancie|44\/100 psn|[from] psn\n|upkeep\n|turn|22\n|\n|t:|1631734406\n|move|p1a: Diancie|Earth Power|p2a: Painstendo.\n|-supereffective|p2a: Painstendo.\n|-damage|p2a: Painstendo.|0 fnt\n|faint|p2a: Painstendo.\n|\n|-damage|p1a: Diancie|32\/100 psn|[from] psn\n|upkeep\n|\n|t:|1631734408\n|switch|p2a: ELECTRO KID|Regieleki, shiny|62\/100\n|turn|23\n|\n|t:|1631734412\n|switch|p1a: Corviknight|Corviknight, M|23\/100\n|-ability|p1a: Corviknight|Pressure\n|move|p2a: ELECTRO KID|Protect||[still]\n|-fail|p2a: ELECTRO KID\n|\n|-heal|p2a: ELECTRO KID|68\/100|[from] item: Leftovers\n|upkeep\n|turn|24\n|\n|t:|1631734415\n|move|p2a: ELECTRO KID|Thunder Cage|p1a: Corviknight\n|-supereffective|p1a: Corviknight\n|-damage|p1a: Corviknight|0 fnt\n|faint|p1a: Corviknight\n|\n|-heal|p2a: ELECTRO KID|74\/100|[from] item: Leftovers\n|upkeep\n|\n|t:|1631734416\n|switch|p1a: Garchomp|Garchomp, F|51\/100 psn\n|turn|25\n|\n|t:|1631734424\n|move|p2a: ELECTRO KID|Substitute|p2a: ELECTRO KID\n|-start|p2a: ELECTRO KID|Substitute\n|-damage|p2a: ELECTRO KID|50\/100\n|move|p1a: Garchomp|Earthquake|p2a: ELECTRO KID\n|-supereffective|p2a: ELECTRO KID\n|-end|p2a: ELECTRO KID|Substitute\n|\n|-heal|p2a: ELECTRO KID|56\/100|[from] item: Leftovers\n|-damage|p1a: Garchomp|39\/100 psn|[from] psn\n|upkeep\n|turn|26\n|\n|t:|1631734426\n|move|p2a: ELECTRO KID|Protect|p2a: ELECTRO KID\n|-singleturn|p2a: ELECTRO KID|Protect\n|move|p1a: Garchomp|Earthquake|p2a: ELECTRO KID\n|-activate|p2a: ELECTRO KID|move: Protect\n|\n|-heal|p2a: ELECTRO KID|62\/100|[from] item: Leftovers\n|-damage|p1a: Garchomp|27\/100 psn|[from] psn\n|upkeep\n|turn|27\n|l| 1300ELO?????\n|\n|t:|1631734433\n|move|p2a: ELECTRO KID|Substitute|p2a: ELECTRO KID\n|-start|p2a: ELECTRO KID|Substitute\n|-damage|p2a: ELECTRO KID|37\/100\n|move|p1a: Garchomp|Earthquake|p2a: ELECTRO KID\n|-supereffective|p2a: ELECTRO KID\n|-end|p2a: ELECTRO KID|Substitute\n|\n|-heal|p2a: ELECTRO KID|43\/100|[from] item: Leftovers\n|-damage|p1a: Garchomp|14\/100 psn|[from] psn\n|upkeep\n|turn|28\n|\n|t:|1631734436\n|move|p2a: ELECTRO KID|Protect|p2a: ELECTRO KID\n|-singleturn|p2a: ELECTRO KID|Protect\n|move|p1a: Garchomp|Earthquake|p2a: ELECTRO KID\n|-activate|p2a: ELECTRO KID|move: Protect\n|\n|-heal|p2a: ELECTRO KID|49\/100|[from] item: Leftovers\n|-damage|p1a: Garchomp|2\/100 psn|[from] psn\n|upkeep\n|turn|29\n|\n|t:|1631734441\n|move|p2a: ELECTRO KID|Rapid Spin|p1a: Garchomp\n|-damage|p1a: Garchomp|0 fnt\n|-boost|p2a: ELECTRO KID|spe|1\n|-damage|p2a: ELECTRO KID|37\/100|[from] ability: Rough Skin|[of] p1a: Garchomp\n|faint|p1a: Garchomp\n|\n|-heal|p2a: ELECTRO KID|43\/100|[from] item: Leftovers\n|upkeep\n|\n|t:|1631734444\n|switch|p1a: Diancie|Diancie-Mega|32\/100 psn\n|turn|30\n|\n|t:|1631734446\n|move|p2a: ELECTRO KID|Thunder Cage|p1a: Diancie\n|-damage|p1a: Diancie|0 fnt\n|faint|p1a: Diancie\n|\n|win|Benjamin Gilbert\n|n|\u2606Harved|harved\n|n|\u2606Benjamin Gilbert|benjamingilbert\n|n| Agent Chaka|agentchaka\n|n| BoomDragoon|boomdragoon\n|n| TylerTheMilotic|tylerthemilotic\n|n| Jeremy Bender|jeremybender\n","uploadtime":1631734447,"views":18,"p1id":"harved","p2id":"benjamingilbert","formatid":"gen8nationaldex","rating":0,"private":0,"password":null}