{"id":"gen8ou-1697766029","p1":"Z-Pokemaster2000","p2":"Shinjou Akane","format":"gen8ou","log":"|j|\u2606Z-Pokemaster2000\n|j|\u2606Shinjou Akane\n|t:|1667040126\n|gametype|singles\n|player|p1|Z-Pokemaster2000|101|1515\n|player|p2|Shinjou Akane|elesa-gen5bw2|1472\n|teamsize|p1|6\n|teamsize|p2|6\n|gen|8\n|tier|[Gen 8] OU\n|rated|\n|rule|Sleep Clause Mod: Limit one foe put to sleep\n|rule|Species Clause: Limit one of each Pok\u00e9mon\n|rule|OHKO Clause: OHKO moves are banned\n|rule|Evasion Items Clause: Evasion items are banned\n|rule|Evasion Moves Clause: Evasion moves are banned\n|rule|Endless Battle Clause: Forcing endless battles is banned\n|rule|HP Percentage Mod: HP is shown in percentages\n|rule|Dynamax Clause: You cannot dynamax\n|clearpoke\n|poke|p1|Urshifu-*, M|\n|poke|p1|Tyranitar, M|\n|poke|p1|Excadrill, F|\n|poke|p1|Zapdos|\n|poke|p1|Ferrothorn, M|\n|poke|p1|Tapu Lele|\n|poke|p2|Klefki, M|\n|poke|p2|Nidoking, M|\n|poke|p2|Urshifu-*, M|\n|poke|p2|Kartana|\n|poke|p2|Tapu Fini|\n|poke|p2|Landorus-Therian, M|\n|teampreview\n|inactive|Battle timer is ON: inactive players will automatically lose when time's up. (requested by Z-Pokemaster2000)\n|\n|t:|1667040148\n|start\n|switch|p1a: Tyranitar|Tyranitar, M|100\/100\n|switch|p2a: Klefki|Klefki, M|100\/100\n|-weather|Sandstorm|[from] ability: Sand Stream|[of] p1a: Tyranitar\n|turn|1\n|\n|t:|1667040157\n|move|p2a: Klefki|Fairy Lock|p2a: Klefki\n|-fieldactivate|move: Fairy Lock\n|move|p1a: Tyranitar|Fire Punch|p2a: Klefki\n|-supereffective|p2a: Klefki\n|-crit|p2a: Klefki\n|-damage|p2a: Klefki|0 fnt\n|faint|p2a: Klefki\n|\n|-weather|Sandstorm|[upkeep]\n|upkeep\n|\n|t:|1667040161\n|switch|p2a: Urshifu|Urshifu-Rapid-Strike, M|100\/100\n|turn|2\n|\n|t:|1667040164\n|move|p2a: Urshifu|Close Combat|p1a: Tyranitar\n|-supereffective|p1a: Tyranitar\n|-damage|p1a: Tyranitar|0 fnt\n|-unboost|p2a: Urshifu|def|1\n|-unboost|p2a: Urshifu|spd|1\n|faint|p1a: Tyranitar\n|\n|-weather|Sandstorm|[upkeep]\n|-damage|p2a: Urshifu|94\/100|[from] Sandstorm\n|upkeep\n|\n|t:|1667040167\n|switch|p1a: Excadrill|Excadrill, F|100\/100\n|turn|3\n|\n|t:|1667040172\n|move|p1a: Excadrill|Rock Slide|p2a: Urshifu\n|-resisted|p2a: Urshifu\n|-damage|p2a: Urshifu|63\/100\n|move|p2a: Urshifu|Close Combat|p1a: Excadrill\n|-supereffective|p1a: Excadrill\n|-damage|p1a: Excadrill|0 fnt\n|-unboost|p2a: Urshifu|def|1\n|-unboost|p2a: Urshifu|spd|1\n|faint|p1a: Excadrill\n|\n|-weather|Sandstorm|[upkeep]\n|-damage|p2a: Urshifu|57\/100|[from] Sandstorm\n|upkeep\n|\n|t:|1667040185\n|switch|p1a: Zapdos|Zapdos|100\/100\n|turn|4\n|\n|t:|1667040191\n|switch|p2a: Landorus|Landorus-Therian, M|100\/100\n|-ability|p2a: Landorus|Intimidate|boost\n|-unboost|p1a: Zapdos|atk|1\n|move|p1a: Zapdos|Hurricane|p2a: Landorus|[miss]\n|-miss|p1a: Zapdos|p2a: Landorus\n|\n|-weather|Sandstorm|[upkeep]\n|-damage|p1a: Zapdos|94\/100|[from] Sandstorm\n|upkeep\n|turn|5\n|\n|t:|1667040199\n|switch|p1a: Ferrothorn|Ferrothorn, M|100\/100\n|move|p2a: Landorus|Stealth Rock|p1a: Ferrothorn\n|-sidestart|p1: Z-Pokemaster2000|move: Stealth Rock\n|\n|-weather|none\n|upkeep\n|turn|6\n|\n|t:|1667040204\n|move|p2a: Landorus|U-turn|p1a: Ferrothorn\n|-damage|p1a: Ferrothorn|86\/100\n|-damage|p2a: Landorus|88\/100|[from] ability: Iron Barbs|[of] p1a: Ferrothorn\n|\n|t:|1667040206\n|switch|p2a: Nidoking|Nidoking, M|100\/100|[from]move: U-turn\n|move|p1a: Ferrothorn|Stealth Rock|p2a: Nidoking\n|-sidestart|p2: Shinjou Akane|move: Stealth Rock\n|\n|-heal|p1a: Ferrothorn|92\/100|[from] item: Leftovers\n|upkeep\n|turn|7\n|\n|t:|1667040217\n|switch|p1a: Zapdos|Zapdos|94\/100\n|move|p2a: Nidoking|Sludge Wave|p1a: Zapdos\n|-damage|p1a: Zapdos|30\/100\n|\n|upkeep\n|turn|8\n|\n|t:|1667040226\n|switch|p1a: Urshifu|Urshifu-Rapid-Strike, M|100\/100\n|-damage|p1a: Urshifu|94\/100|[from] Stealth Rock\n|move|p2a: Nidoking|Ice Beam|p1a: Urshifu\n|-resisted|p1a: Urshifu\n|-damage|p1a: Urshifu|64\/100\n|\n|upkeep\n|turn|9\n|\n|t:|1667040236\n|switch|p2a: Tapu Fini|Tapu Fini, shiny|100\/100\n|-damage|p2a: Tapu Fini|88\/100|[from] Stealth Rock\n|-fieldstart|move: Misty Terrain|[from] ability: Misty Surge|[of] p2a: Tapu Fini\n|move|p1a: Urshifu|Surging Strikes|p2a: Tapu Fini\n|-resisted|p2a: Tapu Fini\n|-crit|p2a: Tapu Fini\n|-damage|p2a: Tapu Fini|77\/100\n|-resisted|p2a: Tapu Fini\n|-crit|p2a: Tapu Fini\n|-damage|p2a: Tapu Fini|65\/100\n|-resisted|p2a: Tapu Fini\n|-crit|p2a: Tapu Fini\n|-damage|p2a: Tapu Fini|55\/100\n|-hitcount|p2a: Tapu Fini|3\n|\n|upkeep\n|turn|10\n|\n|t:|1667040243\n|move|p2a: Tapu Fini|Trick|p1a: Urshifu\n|-activate|p2a: Tapu Fini|move: Trick|[of] p1a: Urshifu\n|-item|p1a: Urshifu|Choice Scarf|[from] move: Trick\n|-item|p2a: Tapu Fini|Protective Pads|[from] move: Trick\n|move|p1a: Urshifu|U-turn|p2a: Tapu Fini\n|-resisted|p2a: Tapu Fini\n|-damage|p2a: Tapu Fini|42\/100\n|\n|t:|1667040250\n|switch|p1a: Zapdos|Zapdos|30\/100|[from]move: U-turn\n|\n|upkeep\n|turn|11\n|\n|t:|1667040254\n|move|p2a: Tapu Fini|Trick|p1a: Zapdos\n|-activate|p2a: Tapu Fini|move: Trick|[of] p1a: Zapdos\n|-item|p1a: Zapdos|Protective Pads|[from] move: Trick\n|-item|p2a: Tapu Fini|Heavy-Duty Boots|[from] move: Trick\n|move|p1a: Zapdos|Roost|p1a: Zapdos\n|-heal|p1a: Zapdos|80\/100\n|-singleturn|p1a: Zapdos|move: Roost\n|\n|upkeep\n|turn|12\n|\n|t:|1667040259\n|move|p2a: Tapu Fini|Moonblast|p1a: Zapdos\n|-damage|p1a: Zapdos|39\/100\n|move|p1a: Zapdos|Hurricane|p2a: Tapu Fini|[miss]\n|-miss|p1a: Zapdos|p2a: Tapu Fini\n|\n|upkeep\n|turn|13\n|\n|t:|1667040264\n|move|p2a: Tapu Fini|Moonblast|p1a: Zapdos\n|-damage|p1a: Zapdos|3\/100\n|-unboost|p1a: Zapdos|spa|1\n|move|p1a: Zapdos|Roost|p1a: Zapdos\n|-heal|p1a: Zapdos|53\/100\n|-singleturn|p1a: Zapdos|move: Roost\n|\n|-fieldend|Misty Terrain\n|upkeep\n|turn|14\n|\n|t:|1667040268\n|move|p2a: Tapu Fini|Moonblast|p1a: Zapdos\n|-damage|p1a: Zapdos|13\/100\n|move|p1a: Zapdos|Roost|p1a: Zapdos\n|-heal|p1a: Zapdos|63\/100\n|-singleturn|p1a: Zapdos|move: Roost\n|\n|upkeep\n|turn|15\n|\n|t:|1667040275\n|move|p2a: Tapu Fini|Moonblast|p1a: Zapdos\n|-crit|p1a: Zapdos\n|-damage|p1a: Zapdos|5\/100\n|move|p1a: Zapdos|Roost|p1a: Zapdos\n|-heal|p1a: Zapdos|56\/100\n|-singleturn|p1a: Zapdos|move: Roost\n|\n|upkeep\n|turn|16\n|\n|t:|1667040278\n|move|p2a: Tapu Fini|Moonblast|p1a: Zapdos\n|-damage|p1a: Zapdos|14\/100\n|move|p1a: Zapdos|Roost|p1a: Zapdos\n|-heal|p1a: Zapdos|64\/100\n|-singleturn|p1a: Zapdos|move: Roost\n|\n|upkeep\n|turn|17\n|\n|t:|1667040282\n|switch|p2a: Nidoking|Nidoking, M|100\/100\n|-damage|p2a: Nidoking|95\/100|[from] Stealth Rock\n|move|p1a: Zapdos|Roost|p1a: Zapdos\n|-heal|p1a: Zapdos|100\/100\n|-singleturn|p1a: Zapdos|move: Roost\n|\n|upkeep\n|turn|18\n|\n|t:|1667040291\n|switch|p1a: Urshifu|Urshifu-Rapid-Strike, M|64\/100\n|-damage|p1a: Urshifu|58\/100|[from] Stealth Rock\n|move|p2a: Nidoking|Ice Beam|p1a: Urshifu\n|-resisted|p1a: Urshifu\n|-damage|p1a: Urshifu|24\/100\n|\n|upkeep\n|turn|19\n|\n|t:|1667040299\n|switch|p2a: Tapu Fini|Tapu Fini, shiny|42\/100\n|-fieldstart|move: Misty Terrain|[from] ability: Misty Surge|[of] p2a: Tapu Fini\n|move|p1a: Urshifu|Surging Strikes|p2a: Tapu Fini\n|-resisted|p2a: Tapu Fini\n|-crit|p2a: Tapu Fini\n|-damage|p2a: Tapu Fini|31\/100\n|-resisted|p2a: Tapu Fini\n|-crit|p2a: Tapu Fini\n|-damage|p2a: Tapu Fini|19\/100\n|-resisted|p2a: Tapu Fini\n|-crit|p2a: Tapu Fini\n|-damage|p2a: Tapu Fini|8\/100\n|-hitcount|p2a: Tapu Fini|3\n|\n|upkeep\n|turn|20\n|\n|t:|1667040309\n|move|p1a: Urshifu|Surging Strikes|p2a: Tapu Fini\n|-resisted|p2a: Tapu Fini\n|-crit|p2a: Tapu Fini\n|-damage|p2a: Tapu Fini|0 fnt\n|faint|p2a: Tapu Fini\n|-hitcount|p2: Tapu Fini|1\n|\n|upkeep\n|\n|t:|1667040315\n|switch|p2a: Kartana|Kartana|100\/100\n|-damage|p2a: Kartana|94\/100|[from] Stealth Rock\n|turn|21\n|\n|t:|1667040321\n|switch|p1a: Ferrothorn|Ferrothorn, M|92\/100\n|-damage|p1a: Ferrothorn|86\/100|[from] Stealth Rock\n|move|p2a: Kartana|Knock Off|p1a: Ferrothorn\n|-damage|p1a: Ferrothorn|58\/100\n|-damage|p2a: Kartana|82\/100|[from] ability: Iron Barbs|[of] p1a: Ferrothorn\n|-enditem|p1a: Ferrothorn|Leftovers|[from] move: Knock Off|[of] p2a: Kartana\n|\n|upkeep\n|turn|22\n|\n|t:|1667040335\n|switch|p2a: Nidoking|Nidoking, M|95\/100\n|-damage|p2a: Nidoking|89\/100|[from] Stealth Rock\n|move|p1a: Ferrothorn|Body Press|p2a: Nidoking\n|-resisted|p2a: Nidoking\n|-damage|p2a: Nidoking|71\/100\n|\n|upkeep\n|turn|23\n|\n|t:|1667040353\n|move|p2a: Nidoking|Flamethrower|p1a: Ferrothorn\n|-supereffective|p1a: Ferrothorn\n|-damage|p1a: Ferrothorn|0 fnt\n|faint|p1a: Ferrothorn\n|\n|-fieldend|Misty Terrain\n|upkeep\n|\n|t:|1667040356\n|switch|p1a: Urshifu|Urshifu-Rapid-Strike, M|24\/100\n|-damage|p1a: Urshifu|18\/100|[from] Stealth Rock\n|turn|24\n|\n|t:|1667040365\n|switch|p2a: Landorus|Landorus-Therian, M|88\/100\n|-damage|p2a: Landorus|76\/100|[from] Stealth Rock\n|-ability|p2a: Landorus|Intimidate|boost\n|-unboost|p1a: Urshifu|atk|1\n|move|p1a: Urshifu|Surging Strikes|p2a: Landorus\n|-supereffective|p2a: Landorus\n|-crit|p2a: Landorus\n|-damage|p2a: Landorus|36\/100\n|-damage|p1a: Urshifu|1\/100|[from] item: Rocky Helmet|[of] p2a: Landorus\n|-supereffective|p2a: Landorus\n|-crit|p2a: Landorus\n|-damage|p2a: Landorus|0 fnt\n|-damage|p1a: Urshifu|0 fnt|[from] item: Rocky Helmet|[of] p2a: Landorus\n|faint|p2a: Landorus\n|faint|p1a: Urshifu\n|-hitcount|p2: Landorus|2\n|\n|upkeep\n|\n|t:|1667040379\n|switch|p1a: Zapdos|Zapdos|100\/100\n|switch|p2a: Urshifu|Urshifu-Rapid-Strike, M|57\/100\n|-damage|p2a: Urshifu|51\/100|[from] Stealth Rock\n|-damage|p1a: Zapdos|76\/100|[from] Stealth Rock\n|turn|25\n|\n|t:|1667040384\n|move|p2a: Urshifu|Surging Strikes|p1a: Zapdos\n|-crit|p1a: Zapdos\n|-damage|p1a: Zapdos|52\/100\n|-status|p2a: Urshifu|par|[from] ability: Static|[of] p1a: Zapdos\n|-crit|p1a: Zapdos\n|-damage|p1a: Zapdos|32\/100\n|-crit|p1a: Zapdos\n|-damage|p1a: Zapdos|10\/100\n|-hitcount|p1a: Zapdos|3\n|move|p1a: Zapdos|Hurricane|p2a: Urshifu|[miss]\n|-miss|p1a: Zapdos|p2a: Urshifu\n|\n|upkeep\n|turn|26\n|\n|t:|1667040401\n|move|p1a: Zapdos|Roost|p1a: Zapdos\n|-heal|p1a: Zapdos|60\/100\n|-singleturn|p1a: Zapdos|move: Roost\n|move|p2a: Urshifu|Surging Strikes|p1a: Zapdos\n|-crit|p1a: Zapdos\n|-damage|p1a: Zapdos|37\/100\n|-crit|p1a: Zapdos\n|-damage|p1a: Zapdos|16\/100\n|-crit|p1a: Zapdos\n|-damage|p1a: Zapdos|0 fnt\n|faint|p1a: Zapdos\n|-hitcount|p1: Zapdos|3\n|\n|upkeep\n|\n|t:|1667040405\n|switch|p1a: Tapu Lele|Tapu Lele, shiny|100\/100\n|-damage|p1a: Tapu Lele|88\/100|[from] Stealth Rock\n|-fieldstart|move: Psychic Terrain|[from] ability: Psychic Surge|[of] p1a: Tapu Lele\n|turn|27\n|\n|t:|1667040408\n|move|p1a: Tapu Lele|Psyshock|p2a: Urshifu\n|-supereffective|p2a: Urshifu\n|-damage|p2a: Urshifu|0 fnt\n|faint|p2a: Urshifu\n|\n|upkeep\n|\n|t:|1667040411\n|switch|p2a: Kartana|Kartana|82\/100\n|-damage|p2a: Kartana|76\/100|[from] Stealth Rock\n|turn|28\n|\n|t:|1667040413\n|move|p2a: Kartana|Leaf Blade|p1a: Tapu Lele\n|-damage|p1a: Tapu Lele|0 fnt\n|faint|p1a: Tapu Lele\n|\n|win|Shinjou Akane\n|raw|Z-Pokemaster2000's rating: 1515 &rarr; <strong>1493<\/strong><br \/>(-22 for losing)\n|raw|Shinjou Akane's rating: 1472 &rarr; <strong>1494<\/strong><br \/>(+22 for winning)\n|l|\u2606Z-Pokemaster2000\n","uploadtime":1667040419,"views":8,"p1id":"zpokemaster2000","p2id":"shinjouakane","formatid":"gen8ou","rating":1493,"private":0,"password":null}