{"id":"gen8nu-1450371425","p1":"UltimateUtopia","p2":"xasahbae","format":"gen8nu","log":"|j|\u2606UltimateUtopia\n|j|\u2606xasahbae\n|inactive|Battle timer is ON: inactive players will automatically lose when time's up.\n|t:|1636275330\n|gametype|singles\n|player|p1|UltimateUtopia|#wcop2021oceania|\n|player|p2|xasahbae|lass-gen4dp|\n|teamsize|p1|6\n|teamsize|p2|6\n|gen|8\n|tier|[Gen 8] NU\n|rated|Tournament battle\n|rule|Sleep Clause Mod: Limit one foe put to sleep\n|rule|Species Clause: Limit one of each Pok\u00e9mon\n|rule|OHKO Clause: OHKO moves are banned\n|rule|Evasion Moves Clause: Evasion moves are banned\n|rule|Endless Battle Clause: Forcing endless battles is banned\n|rule|HP Percentage Mod: HP is shown in percentages\n|rule|Dynamax Clause: You cannot dynamax\n|clearpoke\n|poke|p1|Scrafty, M|\n|poke|p1|Druddigon, M|\n|poke|p1|Garbodor, M|\n|poke|p1|Vaporeon, F|\n|poke|p1|Bronzong|\n|poke|p1|Ninjask, M|\n|poke|p2|Aerodactyl, F|\n|poke|p2|Xatu, M|\n|poke|p2|Glastrier|\n|poke|p2|Decidueye, F|\n|poke|p2|Salazzle, F|\n|poke|p2|Blastoise, M|\n|teampreview\n|j|*Lady Monita \u263d\n|c|\u2606UltimateUtopia|hf\n|c|\u2606xasahbae|u2\n|j| micoytancinco12@!\n|j| ii88\n|\n|t:|1636275351\n|start\n|switch|p1a: Ninjask|Ninjask, M|100\/100\n|switch|p2a: Aerodactyl|Aerodactyl, F|100\/100\n|turn|1\n|\n|t:|1636275356\n|move|p1a: Ninjask|U-turn|p2a: Aerodactyl\n|-resisted|p2a: Aerodactyl\n|-damage|p2a: Aerodactyl|77\/100\n|\n|t:|1636275363\n|switch|p1a: Druddigon|Druddigon, M|100\/100|[from]move: U-turn\n|-ability|p1a: Druddigon|Mold Breaker\n|move|p2a: Aerodactyl|Stealth Rock|p1a: Druddigon\n|-sidestart|p1: UltimateUtopia|move: Stealth Rock\n|\n|upkeep\n|turn|2\n|\n|t:|1636275372\n|move|p2a: Aerodactyl|Taunt|p1a: Druddigon\n|-start|p1a: Druddigon|move: Taunt\n|cant|p1a: Druddigon|move: Taunt|Stealth Rock\n|\n|upkeep\n|turn|3\n|\n|t:|1636275379\n|switch|p1a: Bronzong|Bronzong|100\/100\n|-damage|p1a: Bronzong|94\/100|[from] Stealth Rock\n|move|p2a: Aerodactyl|Earthquake|p1a: Bronzong\n|-immune|p1a: Bronzong|[from] ability: Levitate\n|\n|-heal|p1a: Bronzong|100\/100|[from] item: Leftovers\n|upkeep\n|turn|4\n|\n|t:|1636275389\n|switch|p2a: Xatu|Xatu, M|100\/100\n|switch|p1a: Druddigon|Druddigon, M|100\/100\n|-damage|p1a: Druddigon|88\/100|[from] Stealth Rock\n|-ability|p1a: Druddigon|Mold Breaker\n|\n|-heal|p1a: Druddigon|94\/100|[from] item: Leftovers\n|upkeep\n|turn|5\n|j| barracudacaiman\n|\n|t:|1636275407\n|move|p2a: Xatu|Reflect|p2a: Xatu\n|-sidestart|p2: xasahbae|Reflect\n|move|p1a: Druddigon|Toxic|p2a: Xatu\n|-status|p2a: Xatu|tox\n|\n|-heal|p1a: Druddigon|100\/100|[from] item: Leftovers\n|-damage|p2a: Xatu|95\/100 tox|[from] psn\n|upkeep\n|turn|6\n|\n|t:|1636275412\n|move|p1a: Druddigon|Stealth Rock|p2a: Xatu\n|-sidestart|p2: xasahbae|move: Stealth Rock\n|move|p2a: Xatu|Teleport|p2a: Xatu\n|\n|t:|1636275415\n|switch|p2a: Blastoise|Blastoise, M|100\/100|[from]move: Teleport\n|-damage|p2a: Blastoise|88\/100|[from] Stealth Rock\n|\n|upkeep\n|turn|7\n|\n|t:|1636275419\n|move|p2a: Blastoise|Substitute|p2a: Blastoise\n|-start|p2a: Blastoise|Substitute\n|-damage|p2a: Blastoise|63\/100\n|move|p1a: Druddigon|Toxic||[still]\n|-fail|p1a: Druddigon\n|\n|upkeep\n|turn|8\n|inactive|UltimateUtopia has 120 seconds left.\n|\n|t:|1636275452\n|move|p2a: Blastoise|Shell Smash|p2a: Blastoise\n|-unboost|p2a: Blastoise|def|1\n|-unboost|p2a: Blastoise|spd|1\n|-boost|p2a: Blastoise|atk|2\n|-boost|p2a: Blastoise|spa|2\n|-boost|p2a: Blastoise|spe|2\n|-enditem|p2a: Blastoise|White Herb\n|-clearnegativeboost|p2a: Blastoise|[silent]\n|move|p1a: Druddigon|Earthquake|p2a: Blastoise\n|-activate|p2a: Blastoise|move: Substitute|[damage]\n|\n|upkeep\n|turn|9\n|\n|t:|1636275462\n|move|p2a: Blastoise|Dark Pulse|p1a: Druddigon\n|-damage|p1a: Druddigon|64\/100\n|move|p1a: Druddigon|Earthquake|p2a: Blastoise\n|-end|p2a: Blastoise|Substitute\n|\n|-heal|p1a: Druddigon|71\/100|[from] item: Leftovers\n|-sideend|p2: xasahbae|Reflect\n|upkeep\n|turn|10\n|\n|t:|1636275468\n|move|p2a: Blastoise|Dark Pulse|p1a: Druddigon\n|-damage|p1a: Druddigon|36\/100\n|cant|p1a: Druddigon|flinch\n|\n|-heal|p1a: Druddigon|42\/100|[from] item: Leftovers\n|upkeep\n|turn|11\n|\n|t:|1636275478\n|move|p2a: Blastoise|Dark Pulse|p1a: Druddigon\n|-crit|p1a: Druddigon\n|-damage|p1a: Druddigon|0 fnt\n|faint|p1a: Druddigon\n|\n|upkeep\n|c|\u2606UltimateUtopia|oh\n|c|\u2606UltimateUtopia|that\n|c|\u2606UltimateUtopia|is kinda ass ngl\n|\n|t:|1636275486\n|switch|p1a: Scrafty|Scrafty, M|100\/100\n|-damage|p1a: Scrafty|94\/100|[from] Stealth Rock\n|turn|12\n|\n|t:|1636275492\n|move|p2a: Blastoise|Surf|p1a: Scrafty\n|-damage|p1a: Scrafty|37\/100\n|move|p1a: Scrafty|Drain Punch|p2a: Blastoise\n|-damage|p2a: Blastoise|36\/100\n|-heal|p1a: Scrafty|50\/100|[from] drain|[of] p2a: Blastoise\n|\n|-heal|p1a: Scrafty|56\/100|[from] item: Leftovers\n|upkeep\n|turn|13\n|\n|t:|1636275504\n|switch|p1a: Vaporeon|Vaporeon, F|100\/100\n|-damage|p1a: Vaporeon|88\/100|[from] Stealth Rock\n|move|p2a: Blastoise|Surf|p1a: Vaporeon\n|-heal|p1a: Vaporeon|100\/100|[from] ability: Water Absorb|[of] p2a: Blastoise\n|\n|upkeep\n|turn|14\n|\n|t:|1636275510\n|move|p2a: Blastoise|Substitute|p2a: Blastoise\n|-start|p2a: Blastoise|Substitute\n|-damage|p2a: Blastoise|12\/100\n|move|p1a: Vaporeon|Scald|p2a: Blastoise\n|-resisted|p2a: Blastoise\n|-activate|p2a: Blastoise|move: Substitute|[damage]\n|\n|upkeep\n|turn|15\n|\n|t:|1636275513\n|move|p2a: Blastoise|Shell Smash|p2a: Blastoise\n|-unboost|p2a: Blastoise|def|1\n|-unboost|p2a: Blastoise|spd|1\n|-boost|p2a: Blastoise|atk|2\n|-boost|p2a: Blastoise|spa|2\n|-boost|p2a: Blastoise|spe|2\n|move|p1a: Vaporeon|Scald|p2a: Blastoise\n|-resisted|p2a: Blastoise\n|-end|p2a: Blastoise|Substitute\n|\n|upkeep\n|turn|16\n|\n|t:|1636275521\n|move|p2a: Blastoise|Dark Pulse|p1a: Vaporeon\n|-damage|p1a: Vaporeon|47\/100\n|cant|p1a: Vaporeon|flinch\n|\n|-heal|p1a: Vaporeon|54\/100|[from] item: Leftovers\n|upkeep\n|turn|17\n|\n|t:|1636275525\n|move|p1a: Vaporeon|Protect|p1a: Vaporeon\n|-singleturn|p1a: Vaporeon|Protect\n|move|p2a: Blastoise|Dark Pulse|p1a: Vaporeon\n|-activate|p1a: Vaporeon|move: Protect\n|\n|-heal|p1a: Vaporeon|60\/100|[from] item: Leftovers\n|upkeep\n|turn|18\n|\n|t:|1636275527\n|move|p2a: Blastoise|Dark Pulse|p1a: Vaporeon\n|-damage|p1a: Vaporeon|9\/100\n|move|p1a: Vaporeon|Scald|p2a: Blastoise\n|-resisted|p2a: Blastoise\n|-damage|p2a: Blastoise|0 fnt\n|faint|p2a: Blastoise\n|\n|-heal|p1a: Vaporeon|16\/100|[from] item: Leftovers\n|upkeep\n|j| Oreotrague\n|inactive|xasahbae has 120 seconds left.\n|inactive|xasahbae has 90 seconds left.\n|\n|t:|1636275590\n|switch|p2a: Decidueye|Decidueye, F|100\/100\n|-damage|p2a: Decidueye|88\/100|[from] Stealth Rock\n|turn|19\n|inactive|xasahbae has 90 seconds left.\n|\n|t:|1636275612\n|move|p2a: Decidueye|Swords Dance|p2a: Decidueye\n|-boost|p2a: Decidueye|atk|2\n|move|p1a: Vaporeon|Ice Beam|p2a: Decidueye\n|-supereffective|p2a: Decidueye\n|-damage|p2a: Decidueye|40\/100\n|\n|-heal|p1a: Vaporeon|22\/100|[from] item: Leftovers\n|upkeep\n|turn|20\n|\n|t:|1636275616\n|move|p2a: Decidueye|Leaf Blade|p1a: Vaporeon\n|-supereffective|p1a: Vaporeon\n|-damage|p1a: Vaporeon|0 fnt\n|faint|p1a: Vaporeon\n|\n|upkeep\n|\n|t:|1636275626\n|switch|p1a: Ninjask|Ninjask, M|100\/100\n|turn|21\n|l| Oreotrague\n|\n|t:|1636275629\n|move|p2a: Decidueye|Shadow Sneak|p1a: Ninjask\n|-damage|p1a: Ninjask|7\/100\n|move|p1a: Ninjask|Dual Wingbeat|p2a: Decidueye\n|-supereffective|p2a: Decidueye\n|-damage|p2a: Decidueye|0 fnt\n|faint|p2a: Decidueye\n|-hitcount|p2: Decidueye|1\n|\n|-ability|p1a: Ninjask|Speed Boost|boost\n|-boost|p1a: Ninjask|spe|1\n|upkeep\n|\n|t:|1636275637\n|switch|p2a: Aerodactyl|Aerodactyl, F|77\/100\n|-damage|p2a: Aerodactyl|52\/100|[from] Stealth Rock\n|turn|22\n|inactive|xasahbae has 120 seconds left.\n|\n|t:|1636275643\n|move|p1a: Ninjask|Protect|p1a: Ninjask\n|-singleturn|p1a: Ninjask|Protect\n|move|p2a: Aerodactyl|Rock Blast|p1a: Ninjask\n|-activate|p1a: Ninjask|move: Protect\n|\n|-ability|p1a: Ninjask|Speed Boost|boost\n|-boost|p1a: Ninjask|spe|1\n|upkeep\n|turn|23\n|\n|t:|1636275648\n|move|p1a: Ninjask|U-turn|p2a: Aerodactyl\n|-resisted|p2a: Aerodactyl\n|-damage|p2a: Aerodactyl|28\/100\n|\n|t:|1636275650\n|switch|p1a: Bronzong|Bronzong|100\/100|[from]move: U-turn\n|-damage|p1a: Bronzong|94\/100|[from] Stealth Rock\n|move|p2a: Aerodactyl|Rock Blast|p1a: Bronzong\n|-resisted|p1a: Bronzong\n|-damage|p1a: Bronzong|90\/100\n|-resisted|p1a: Bronzong\n|-damage|p1a: Bronzong|85\/100\n|-hitcount|p1a: Bronzong|2\n|\n|-heal|p1a: Bronzong|91\/100|[from] item: Leftovers\n|upkeep\n|turn|24\n|\n|t:|1636275668\n|move|p2a: Aerodactyl|Earthquake|p1a: Bronzong\n|-immune|p1a: Bronzong|[from] ability: Levitate\n|move|p1a: Bronzong|Body Press|p2a: Aerodactyl\n|-damage|p2a: Aerodactyl|0 fnt\n|faint|p2a: Aerodactyl\n|\n|-heal|p1a: Bronzong|97\/100|[from] item: Leftovers\n|upkeep\n|j| Shortyboi92\n|\n|t:|1636275683\n|switch|p2a: Salazzle|Salazzle, F|100\/100\n|-damage|p2a: Salazzle|76\/100|[from] Stealth Rock\n|turn|25\n|l| Shortyboi92\n|\n|t:|1636275711\n|switch|p1a: Garbodor|Garbodor, M|100\/100\n|-damage|p1a: Garbodor|88\/100|[from] Stealth Rock\n|move|p2a: Salazzle|Flamethrower|p1a: Garbodor\n|-damage|p1a: Garbodor|56\/100\n|\n|-heal|p1a: Garbodor|62\/100|[from] item: Black Sludge\n|upkeep\n|turn|26\n|\n|t:|1636275721\n|switch|p2a: Xatu|Xatu, M|95\/100 tox\n|-damage|p2a: Xatu|70\/100 tox|[from] Stealth Rock\n|move|p1a: Garbodor|Stomping Tantrum|p2a: Xatu\n|-immune|p2a: Xatu\n|\n|-heal|p1a: Garbodor|68\/100|[from] item: Black Sludge\n|-damage|p2a: Xatu|64\/100 tox|[from] psn\n|upkeep\n|turn|27\n|\n|t:|1636275726\n|switch|p1a: Scrafty|Scrafty, M|56\/100\n|-damage|p1a: Scrafty|50\/100|[from] Stealth Rock\n|move|p2a: Xatu|Reflect|p2a: Xatu\n|-sidestart|p2: xasahbae|Reflect\n|\n|-heal|p1a: Scrafty|56\/100|[from] item: Leftovers\n|-damage|p2a: Xatu|52\/100 tox|[from] psn\n|upkeep\n|turn|28\n|\n|t:|1636275742\n|move|p1a: Scrafty|Bulk Up|p1a: Scrafty\n|-boost|p1a: Scrafty|atk|1\n|-boost|p1a: Scrafty|def|1\n|move|p2a: Xatu|Teleport|p2a: Xatu\n|\n|t:|1636275748\n|switch|p2a: Glastrier|Glastrier|100\/100|[from]move: Teleport\n|-damage|p2a: Glastrier|75\/100|[from] Stealth Rock\n|\n|-heal|p1a: Scrafty|62\/100|[from] item: Leftovers\n|-heal|p2a: Glastrier|82\/100|[from] item: Leftovers\n|upkeep\n|turn|29\n|\n|t:|1636275758\n|move|p1a: Scrafty|Drain Punch|p2a: Glastrier\n|-supereffective|p2a: Glastrier\n|-damage|p2a: Glastrier|57\/100\n|-heal|p1a: Scrafty|77\/100|[from] drain|[of] p2a: Glastrier\n|move|p2a: Glastrier|Close Combat|p1a: Scrafty\n|-supereffective|p1a: Scrafty\n|-damage|p1a: Scrafty|27\/100\n|-unboost|p2a: Glastrier|def|1\n|-unboost|p2a: Glastrier|spd|1\n|\n|-heal|p1a: Scrafty|33\/100|[from] item: Leftovers\n|-heal|p2a: Glastrier|63\/100|[from] item: Leftovers\n|upkeep\n|turn|30\n|c|\u2606xasahbae|gg\n|\n|t:|1636275776\n|move|p1a: Scrafty|Drain Punch|p2a: Glastrier\n|-supereffective|p2a: Glastrier\n|-damage|p2a: Glastrier|30\/100\n|-heal|p1a: Scrafty|54\/100|[from] drain|[of] p2a: Glastrier\n|move|p2a: Glastrier|Close Combat|p1a: Scrafty\n|-supereffective|p1a: Scrafty\n|-damage|p1a: Scrafty|10\/100\n|-unboost|p2a: Glastrier|def|1\n|-unboost|p2a: Glastrier|spd|1\n|\n|-heal|p1a: Scrafty|16\/100|[from] item: Leftovers\n|-heal|p2a: Glastrier|37\/100|[from] item: Leftovers\n|upkeep\n|turn|31\n|\n|t:|1636275786\n|move|p1a: Scrafty|Drain Punch|p2a: Glastrier\n|-supereffective|p2a: Glastrier\n|-damage|p2a: Glastrier|0 fnt\n|-heal|p1a: Scrafty|38\/100|[from] drain|[of] p2a: Glastrier\n|faint|p2a: Glastrier\n|\n|-heal|p1a: Scrafty|44\/100|[from] item: Leftovers\n|-sideend|p2: xasahbae|Reflect\n|upkeep\n|\n|t:|1636275790\n|switch|p2a: Xatu|Xatu, M|52\/100 tox\n|-damage|p2a: Xatu|27\/100 tox|[from] Stealth Rock\n|turn|32\n|\n|t:|1636275796\n|move|p2a: Xatu|Reflect|p2a: Xatu\n|-sidestart|p2: xasahbae|Reflect\n|move|p1a: Scrafty|Knock Off|p2a: Xatu\n|-supereffective|p2a: Xatu\n|-enditem|p2a: Xatu|Colbur Berry|[eat]\n|-enditem|p2a: Xatu|Colbur Berry|[weaken]\n|-damage|p2a: Xatu|3\/100 tox\n|\n|-heal|p1a: Scrafty|50\/100|[from] item: Leftovers\n|-damage|p2a: Xatu|0 fnt|[from] psn\n|faint|p2a: Xatu\n|upkeep\n|c|\u2606xasahbae|gl in the rest\n|-message|xasahbae forfeited.\n|\n|win|UltimateUtopia\n|n|\u2606UltimateUtopia|ultimateutopia\n|n|\u2606xasahbae|xasahbae\n|n|*Lady Monita \u263d|ladymonita\n|n| micoytancinco12@!|micoytancinco12\n|n| ii88|ii88\n|n| barracudacaiman|barracudacaiman\n|l|*Lady Monita \u263d\n|l|\u2606xasahbae\n|l| micoytancinco12\n","uploadtime":1636275811,"views":22,"p1id":"ultimateutopia","p2id":"xasahbae","formatid":"gen8nu","rating":0,"private":0,"password":null}