{"id":"gen8ou-1533135267","p1":"Infernoss","p2":"Upward Trend","format":"gen8ou","log":"|j|\u2606Infernoss\n|j|\u2606Upward Trend\n|t:|1647572778\n|gametype|singles\n|player|p1|Infernoss|blue|1746\n|player|p2|Upward Trend|169|1746\n|teamsize|p1|6\n|teamsize|p2|6\n|gen|8\n|tier|[Gen 8] OU\n|rated|\n|rule|Sleep Clause Mod: Limit one foe put to sleep\n|rule|Species Clause: Limit one of each Pok\u00e9mon\n|rule|OHKO Clause: OHKO moves are banned\n|rule|Evasion Moves Clause: Evasion moves are banned\n|rule|Endless Battle Clause: Forcing endless battles is banned\n|rule|HP Percentage Mod: HP is shown in percentages\n|rule|Dynamax Clause: You cannot dynamax\n|clearpoke\n|poke|p1|Marowak-Alola, M|\n|poke|p1|Slowbro, M|\n|poke|p1|Hatterene, F|\n|poke|p1|Garchomp, M|\n|poke|p1|Ferrothorn, M|\n|poke|p1|Drampa, M|\n|poke|p2|Zapdos|\n|poke|p2|Weavile, M|\n|poke|p2|Kartana|\n|poke|p2|Landorus-Therian, M|\n|poke|p2|Volcanion|\n|poke|p2|Melmetal|\n|teampreview\n|inactive|Battle timer is ON: inactive players will automatically lose when time's up. (requested by Upward Trend)\n|\n|t:|1647572795\n|start\n|switch|p1a: Falkor|Drampa, M|100\/100\n|switch|p2a: Weavile|Weavile, M|100\/100\n|turn|1\n|\n|t:|1647572809\n|switch|p1a: Sonso|Slowbro, M|100\/100\n|move|p2a: Weavile|Beat Up|p1a: Sonso\n|-supereffective|p1a: Sonso\n|-enditem|p1a: Sonso|Colbur Berry|[eat]\n|-enditem|p1a: Sonso|Colbur Berry|[weaken]\n|-damage|p1a: Sonso|93\/100\n|-supereffective|p1a: Sonso\n|-damage|p1a: Sonso|80\/100\n|-supereffective|p1a: Sonso\n|-damage|p1a: Sonso|59\/100\n|-supereffective|p1a: Sonso\n|-damage|p1a: Sonso|42\/100\n|-supereffective|p1a: Sonso\n|-damage|p1a: Sonso|27\/100\n|-supereffective|p1a: Sonso\n|-damage|p1a: Sonso|11\/100\n|-hitcount|p1a: Sonso|6\n|\n|upkeep\n|turn|2\n|\n|t:|1647572827\n|switch|p1a: Thorns|Ferrothorn, M|100\/100\n|move|p2a: Weavile|Beat Up|p1a: Thorns\n|-damage|p1a: Thorns|90\/100\n|-damage|p1a: Thorns|82\/100\n|-damage|p1a: Thorns|70\/100\n|-damage|p1a: Thorns|59\/100\n|-damage|p1a: Thorns|50\/100\n|-damage|p1a: Thorns|38\/100\n|-hitcount|p1a: Thorns|6\n|\n|upkeep\n|turn|3\n|c|\u2606Upward Trend|Which way western man\n|\n|t:|1647572838\n|move|p2a: Weavile|Beat Up|p1a: Thorns\n|-damage|p1a: Thorns|27\/100\n|-damage|p1a: Thorns|19\/100\n|-damage|p1a: Thorns|4\/100\n|-damage|p1a: Thorns|0 fnt\n|faint|p1a: Thorns\n|-hitcount|p1: Thorns|4\n|\n|upkeep\n|\n|t:|1647572845\n|switch|p1a: Sharko|Garchomp, M|100\/100\n|turn|4\n|\n|t:|1647572850\n|move|p2a: Weavile|Beat Up|p1a: Sharko\n|-damage|p1a: Sharko|88\/100\n|-damage|p1a: Sharko|78\/100\n|-damage|p1a: Sharko|61\/100\n|-damage|p1a: Sharko|46\/100\n|-damage|p1a: Sharko|32\/100\n|-crit|p1a: Sharko\n|-damage|p1a: Sharko|12\/100\n|-hitcount|p1a: Sharko|6\n|move|p1a: Sharko|Stone Edge|p2a: Weavile\n|-supereffective|p2a: Weavile\n|-damage|p2a: Weavile|0 fnt\n|faint|p2a: Weavile\n|\n|-heal|p1a: Sharko|18\/100|[from] item: Leftovers\n|upkeep\n|\n|t:|1647572861\n|switch|p2a: Kartana|Kartana|100\/100\n|turn|5\n|\n|t:|1647572871\n|switch|p1a: Falkor|Drampa, M|100\/100\n|move|p2a: Kartana|Knock Off|p1a: Falkor\n|-damage|p1a: Falkor|56\/100\n|-enditem|p1a: Falkor|Expert Belt|[from] move: Knock Off|[of] p2a: Kartana\n|\n|upkeep\n|turn|6\n|\n|t:|1647572879\n|switch|p2a: Volcanion|Volcanion|100\/100\n|move|p1a: Falkor|Roost|p1a: Falkor\n|-heal|p1a: Falkor|100\/100\n|-singleturn|p1a: Falkor|move: Roost\n|\n|upkeep\n|turn|7\n|\n|t:|1647572886\n|move|p2a: Volcanion|Sludge Bomb|p1a: Falkor\n|-damage|p1a: Falkor|65\/100\n|move|p1a: Falkor|Thunderbolt|p2a: Volcanion\n|-supereffective|p2a: Volcanion\n|-damage|p2a: Volcanion|41\/100\n|\n|upkeep\n|turn|8\n|\n|t:|1647572892\n|move|p2a: Volcanion|Sludge Bomb|p1a: Falkor\n|-damage|p1a: Falkor|29\/100\n|-status|p1a: Falkor|psn\n|-ability|p1a: Falkor|Berserk|boost\n|-boost|p1a: Falkor|spa|1\n|move|p1a: Falkor|Roost|p1a: Falkor\n|-heal|p1a: Falkor|79\/100 psn\n|-singleturn|p1a: Falkor|move: Roost\n|\n|-damage|p1a: Falkor|67\/100 psn|[from] psn\n|upkeep\n|turn|9\n|\n|t:|1647572901\n|move|p2a: Volcanion|Sludge Bomb|p1a: Falkor\n|-damage|p1a: Falkor|30\/100 psn\n|-ability|p1a: Falkor|Berserk|boost\n|-boost|p1a: Falkor|spa|1\n|move|p1a: Falkor|Roost|p1a: Falkor\n|-heal|p1a: Falkor|80\/100 psn\n|-singleturn|p1a: Falkor|move: Roost\n|\n|-damage|p1a: Falkor|68\/100 psn|[from] psn\n|upkeep\n|turn|10\n|\n|t:|1647572909\n|move|p2a: Volcanion|Sludge Bomb|p1a: Falkor\n|-damage|p1a: Falkor|34\/100 psn\n|-ability|p1a: Falkor|Berserk|boost\n|-boost|p1a: Falkor|spa|1\n|move|p1a: Falkor|Roost|p1a: Falkor\n|-heal|p1a: Falkor|84\/100 psn\n|-singleturn|p1a: Falkor|move: Roost\n|\n|-damage|p1a: Falkor|72\/100 psn|[from] psn\n|upkeep\n|turn|11\n|\n|t:|1647572918\n|move|p2a: Volcanion|Sludge Bomb|p1a: Falkor\n|-damage|p1a: Falkor|35\/100 psn\n|-ability|p1a: Falkor|Berserk|boost\n|-boost|p1a: Falkor|spa|1\n|move|p1a: Falkor|Roost|p1a: Falkor\n|-heal|p1a: Falkor|85\/100 psn\n|-singleturn|p1a: Falkor|move: Roost\n|\n|-damage|p1a: Falkor|73\/100 psn|[from] psn\n|upkeep\n|turn|12\n|\n|t:|1647572926\n|move|p2a: Volcanion|Sludge Bomb|p1a: Falkor\n|-damage|p1a: Falkor|35\/100 psn\n|-ability|p1a: Falkor|Berserk|boost\n|-boost|p1a: Falkor|spa|1\n|move|p1a: Falkor|Thunderbolt|p2a: Volcanion\n|-supereffective|p2a: Volcanion\n|-damage|p2a: Volcanion|0 fnt\n|faint|p2a: Volcanion\n|\n|-damage|p1a: Falkor|23\/100 psn|[from] psn\n|upkeep\n|\n|t:|1647572931\n|switch|p2a: Landorus|Landorus-Therian, M|100\/100\n|-ability|p2a: Landorus|Intimidate|boost\n|-unboost|p1a: Falkor|atk|1\n|turn|13\n|\n|t:|1647572940\n|switch|p1a: Sharko|Garchomp, M|18\/100\n|move|p2a: Landorus|Earthquake|p1a: Sharko\n|-damage|p1a: Sharko|0 fnt\n|faint|p1a: Sharko\n|\n|upkeep\n|\n|t:|1647572945\n|switch|p1a: Sonso|Slowbro, M|44\/100\n|turn|14\n|\n|t:|1647572949\n|move|p2a: Landorus|Stealth Rock|p1a: Sonso\n|-sidestart|p1: Infernoss|move: Stealth Rock\n|move|p1a: Sonso|Slack Off|p1a: Sonso\n|-heal|p1a: Sonso|94\/100\n|\n|upkeep\n|turn|15\n|\n|t:|1647572957\n|move|p2a: Landorus|U-turn|p1a: Sonso\n|-supereffective|p1a: Sonso\n|-damage|p1a: Sonso|69\/100\n|\n|t:|1647572959\n|switch|p2a: Zapdos|Zapdos|100\/100|[from]move: U-turn\n|move|p1a: Sonso|Scald|p2a: Zapdos\n|-damage|p2a: Zapdos|71\/100\n|\n|upkeep\n|turn|16\n|\n|t:|1647572965\n|switch|p1a: Gorra|Hatterene, F, shiny|100\/100\n|-damage|p1a: Gorra|88\/100|[from] Stealth Rock\n|move|p2a: Zapdos|Thunderbolt|p1a: Gorra\n|-damage|p1a: Gorra|47\/100\n|\n|upkeep\n|turn|17\n|\n|t:|1647572971\n|move|p2a: Zapdos|Thunderbolt|p1a: Gorra\n|-damage|p1a: Gorra|7\/100\n|move|p1a: Gorra|Trick Room|p1a: Gorra\n|-fieldstart|move: Trick Room|[of] p1a: Gorra\n|\n|upkeep\n|turn|18\n|\n|t:|1647572975\n|move|p1a: Gorra|Healing Wish|p1a: Gorra\n|faint|p1a: Gorra\n|move|p2a: Zapdos|Roost|p2a: Zapdos\n|-heal|p2a: Zapdos|100\/100\n|-singleturn|p2a: Zapdos|move: Roost\n|\n|upkeep\n|\n|t:|1647572981\n|switch|p1a: Billy B.|Marowak-Alola, M, shiny|100\/100\n|-damage|p1a: Billy B.|76\/100|[from] Stealth Rock\n|turn|19\n|\n|t:|1647572984\n|switch|p2a: Landorus|Landorus-Therian, M|100\/100\n|-ability|p2a: Landorus|Intimidate|boost\n|-unboost|p1a: Billy B.|atk|1\n|move|p1a: Billy B.|Swords Dance|p1a: Billy B.\n|-boost|p1a: Billy B.|atk|2\n|\n|upkeep\n|turn|20\n|\n|t:|1647572998\n|switch|p2a: Melmetal|Melmetal, shiny|100\/100\n|move|p1a: Billy B.|Flare Blitz|p2a: Melmetal\n|-supereffective|p2a: Melmetal\n|-damage|p2a: Melmetal|0 fnt\n|faint|p2a: Melmetal\n|\n|upkeep\n|\n|t:|1647572999\n|switch|p2a: Landorus|Landorus-Therian, M|100\/100\n|-ability|p2a: Landorus|Intimidate|boost\n|-unboost|p1a: Billy B.|atk|1\n|turn|21\n|\n|t:|1647573008\n|switch|p1a: Sonso|Slowbro, M|100\/100\n|-damage|p1a: Sonso|88\/100|[from] Stealth Rock\n|move|p2a: Landorus|Earthquake|p1a: Sonso\n|-damage|p1a: Sonso|62\/100\n|\n|-fieldend|move: Trick Room\n|upkeep\n|turn|22\n|\n|t:|1647573015\n|move|p2a: Landorus|U-turn|p1a: Sonso\n|-supereffective|p1a: Sonso\n|-damage|p1a: Sonso|37\/100\n|\n|t:|1647573016\n|switch|p2a: Zapdos|Zapdos|100\/100|[from]move: U-turn\n|move|p1a: Sonso|Trick Room|p1a: Sonso\n|-fieldstart|move: Trick Room|[of] p1a: Sonso\n|\n|upkeep\n|turn|23\n|\n|t:|1647573024\n|switch|p1a: Falkor|Drampa, M|23\/100 psn\n|-heal|p1a: Falkor|100\/100|[from] move: Healing Wish\n|-damage|p1a: Falkor|88\/100|[from] Stealth Rock\n|move|p2a: Zapdos|Volt Switch|p1a: Falkor\n|-resisted|p1a: Falkor\n|-damage|p1a: Falkor|70\/100\n|\n|t:|1647573030\n|switch|p2a: Landorus|Landorus-Therian, M|100\/100|[from]move: Volt Switch\n|-ability|p2a: Landorus|Intimidate|boost\n|-unboost|p1a: Falkor|atk|1\n|\n|upkeep\n|turn|24\n|\n|t:|1647573036\n|move|p1a: Falkor|Ice Beam|p2a: Landorus\n|-supereffective|p2a: Landorus\n|-damage|p2a: Landorus|0 fnt\n|faint|p2a: Landorus\n|\n|upkeep\n|\n|t:|1647573038\n|switch|p2a: Zapdos|Zapdos|100\/100\n|turn|25\n|\n|t:|1647573042\n|move|p1a: Falkor|Ice Beam|p2a: Zapdos\n|-supereffective|p2a: Zapdos\n|-damage|p2a: Zapdos|12\/100\n|move|p2a: Zapdos|Roost|p2a: Zapdos\n|-heal|p2a: Zapdos|62\/100\n|-singleturn|p2a: Zapdos|move: Roost\n|\n|upkeep\n|turn|26\n|j| DosKolossos\n|\n|t:|1647573049\n|move|p1a: Falkor|Ice Beam|p2a: Zapdos\n|-supereffective|p2a: Zapdos\n|-damage|p2a: Zapdos|0 fnt\n|faint|p2a: Zapdos\n|\n|-fieldend|move: Trick Room\n|upkeep\n|j| Nuestart\n|\n|t:|1647573051\n|switch|p2a: Kartana|Kartana|100\/100\n|turn|27\n|\n|t:|1647573058\n|move|p2a: Kartana|Knock Off|p1a: Falkor\n|-damage|p1a: Falkor|37\/100\n|-ability|p1a: Falkor|Berserk|boost\n|-boost|p1a: Falkor|spa|1\n|move|p1a: Falkor|Ice Beam|p2a: Kartana\n|-damage|p2a: Kartana|0 fnt\n|faint|p2a: Kartana\n|\n|win|Infernoss\n|raw|Infernoss's rating: 1746 &rarr; <strong>1766<\/strong><br \/>(+20 for winning)\n|raw|Upward Trend's rating: 1746 &rarr; <strong>1726<\/strong><br \/>(-20 for losing)\n|l|\u2606Upward Trend\n||Ladder isn't responding, score probably updated but might not have (Request timeout).\n","uploadtime":1647573068,"views":92,"p1id":"infernoss","p2id":"upwardtrend","formatid":"gen8ou","rating":1726,"private":0,"password":null}