{"id":"gen8nationaldex-1604946322","p1":"FleetFoxxx","p2":"johngalt149","format":"gen8nationaldex","log":"|j|\u2606FleetFoxxx\n|j|\u2606johngalt149\n|t:|1656292063\n|gametype|singles\n|player|p1|FleetFoxxx|flannery|\n|player|p2|johngalt149|fisherman-gen4|\n|teamsize|p1|6\n|teamsize|p2|6\n|gen|8\n|tier|[Gen 8] National Dex\n|rule|HP Percentage Mod: HP is shown in percentages\n|rule|Endless Battle Clause: Forcing endless battles is banned\n|rule|OHKO Clause: OHKO moves are banned\n|rule|Evasion Moves Clause: Evasion moves are banned\n|rule|Species Clause: Limit one of each Pok\u00e9mon\n|rule|Dynamax Clause: You cannot dynamax\n|rule|Sleep Clause Mod: Limit one foe put to sleep\n|clearpoke\n|poke|p1|Bisharp, M|\n|poke|p1|Togetic, M|\n|poke|p1|Galvantula, F|\n|poke|p1|Runerigus, M|\n|poke|p1|Banette, M|\n|poke|p1|Whimsicott, M|\n|poke|p2|Steelix, M|\n|poke|p2|Scrafty, F|\n|poke|p2|Audino, F|\n|poke|p2|Corsola-Galar, F|\n|poke|p2|Sigilyph, F|\n|poke|p2|Cryogonal|\n|teampreview\n|c|\u2606johngalt149|glhf\n|j| Deathbypudding\n|c|\u2606FleetFoxxx|gl hf!\n|\n|t:|1656292094\n|start\n|switch|p1a: Runerigus|Runerigus, M|100\/100\n|switch|p2a: Relana|Audino, F|100\/100\n|turn|1\n|\n|t:|1656292105\n|move|p2a: Relana|Toxic|p1a: Runerigus\n|-status|p1a: Runerigus|tox\n|move|p1a: Runerigus|Toxic Spikes|p2a: Relana\n|-sidestart|p2: johngalt149|move: Toxic Spikes\n|\n|-damage|p1a: Runerigus|95\/100 tox|[from] psn\n|upkeep\n|turn|2\n|\n|t:|1656292141\n|switch|p2a: Novus|Steelix, M|100\/100\n|move|p1a: Runerigus|Toxic Spikes|p2a: Novus\n|-sidestart|p2: johngalt149|move: Toxic Spikes\n|\n|-heal|p1a: Runerigus|100\/100 tox|[from] item: Leftovers\n|-damage|p1a: Runerigus|89\/100 tox|[from] psn\n|upkeep\n|turn|3\n|\n|t:|1656292148\n|move|p2a: Novus|Dragon Dance|p2a: Novus\n|-boost|p2a: Novus|atk|1\n|-boost|p2a: Novus|spe|1\n|move|p1a: Runerigus|Body Press|p2a: Novus\n|-supereffective|p2a: Novus\n|-damage|p2a: Novus|70\/100\n|\n|-heal|p1a: Runerigus|95\/100 tox|[from] item: Leftovers\n|-damage|p1a: Runerigus|77\/100 tox|[from] psn\n|upkeep\n|turn|4\n|\n|t:|1656292152\n|move|p2a: Novus|Dragon Dance|p2a: Novus\n|-boost|p2a: Novus|atk|1\n|-boost|p2a: Novus|spe|1\n|move|p1a: Runerigus|Iron Defense|p1a: Runerigus\n|-boost|p1a: Runerigus|def|2\n|\n|-heal|p1a: Runerigus|83\/100 tox|[from] item: Leftovers\n|-damage|p1a: Runerigus|59\/100 tox|[from] psn\n|upkeep\n|turn|5\n|\n|t:|1656292159\n|move|p2a: Novus|Dragon Dance|p2a: Novus\n|-boost|p2a: Novus|atk|1\n|-boost|p2a: Novus|spe|1\n|move|p1a: Runerigus|Body Press|p2a: Novus\n|-supereffective|p2a: Novus\n|-damage|p2a: Novus|6\/100\n|\n|-heal|p1a: Runerigus|65\/100 tox|[from] item: Leftovers\n|-damage|p1a: Runerigus|35\/100 tox|[from] psn\n|upkeep\n|turn|6\n|\n|t:|1656292166\n|move|p2a: Novus|Earthquake|p1a: Runerigus\n|-damage|p1a: Runerigus|0 fnt\n|faint|p1a: Runerigus\n|\n|upkeep\n|\n|t:|1656292173\n|switch|p1a: Banette|Banette, M|100\/100\n|-item|p2a: Novus|Lum Berry|[from] ability: Frisk|[of] p1a: Banette|[identify]\n|turn|7\n|\n|t:|1656292199\n|switch|p2a: Relana|Audino, F|100\/100\n|-status|p2a: Relana|tox\n|detailschange|p1a: Banette|Banette-Mega, M\n|-mega|p1a: Banette|Banette|Banettite\n|move|p1a: Banette|Shadow Sneak|p2a: Relana\n|-immune|p2a: Relana\n|\n|-damage|p2a: Relana|94\/100 tox|[from] psn\n|upkeep\n|turn|8\n|\n|t:|1656292213\n|move|p1a: Banette|Gunk Shot|p2a: Relana\n|-damage|p2a: Relana|42\/100 tox\n|move|p2a: Relana|Heal Bell|p2a: Relana\n|-activate|p2a: Relana|move: Heal Bell\n|-curestatus|p2a: Relana|tox|[msg]\n|\n|upkeep\n|turn|9\n|\n|t:|1656292220\n|move|p2a: Relana|Protect|p2a: Relana\n|-singleturn|p2a: Relana|Protect\n|move|p1a: Banette|Gunk Shot|p2a: Relana\n|-activate|p2a: Relana|move: Protect\n|\n|upkeep\n|turn|10\n|\n|t:|1656292238\n|switch|p1a: Whimsicott|Whimsicott, M|100\/100\n|switch|p2a: Gwydion|Corsola-Galar, F|100\/100\n|-status|p2a: Gwydion|tox\n|\n|-damage|p2a: Gwydion|94\/100 tox|[from] psn\n|upkeep\n|turn|11\n|j| bugsileus\n|\n|t:|1656292243\n|switch|p2a: Lord Maddock|Cryogonal|100\/100\n|move|p1a: Whimsicott|Substitute|p1a: Whimsicott\n|-start|p1a: Whimsicott|Substitute\n|-damage|p1a: Whimsicott|76\/100\n|\n|-heal|p1a: Whimsicott|82\/100|[from] item: Leftovers\n|upkeep\n|turn|12\n|\n|t:|1656292248\n|move|p1a: Whimsicott|Leech Seed|p2a: Lord Maddock\n|-start|p2a: Lord Maddock|move: Leech Seed\n|move|p2a: Lord Maddock|Rapid Spin|p1a: Whimsicott\n|-activate|p1a: Whimsicott|move: Substitute|[damage]\n|-end|p2a: Lord Maddock|Leech Seed|[from] move: Rapid Spin|[of] p2a: Lord Maddock\n|-sideend|p2: johngalt149|Toxic Spikes|[from] move: Rapid Spin|[of] p2a: Lord Maddock\n|-boost|p2a: Lord Maddock|spe|1\n|\n|-heal|p1a: Whimsicott|88\/100|[from] item: Leftovers\n|upkeep\n|turn|13\n|\n|t:|1656292251\n|move|p1a: Whimsicott|Toxic|p2a: Lord Maddock|[miss]\n|-miss|p1a: Whimsicott|p2a: Lord Maddock\n|move|p2a: Lord Maddock|Ice Beam|p1a: Whimsicott\n|-supereffective|p1a: Whimsicott\n|-end|p1a: Whimsicott|Substitute\n|\n|-heal|p1a: Whimsicott|94\/100|[from] item: Leftovers\n|upkeep\n|turn|14\n|\n|t:|1656292263\n|switch|p2a: Relana|Audino, F|75\/100\n|switch|p1a: Bisharp|Bisharp, M|100\/100\n|\n|upkeep\n|turn|15\n|j| DerpyDots\n|j|+andrew\n|j| yes munchlax\n|c| yes munchlax|fleetfox fan club\n|c| yes munchlax|wait i mean\n|c| yes munchlax|fellowship\n|c| Deathbypudding|anti-sigiliph fan club\n|\n|t:|1656292308\n|switch|p2a: Baldras|Scrafty, F|100\/100\n|move|p1a: Bisharp|Low Kick|p2a: Baldras\n|-supereffective|p2a: Baldras\n|-damage|p2a: Baldras|60\/100\n|-damage|p1a: Bisharp|84\/100|[from] item: Rocky Helmet|[of] p2a: Baldras\n|\n|upkeep\n|turn|16\n|c| yes munchlax|flletfox fellowship\n|\n|t:|1656292331\n|-zpower|p1a: Bisharp\n|move|p1a: Bisharp|All-Out Pummeling|p2a: Baldras|[zeffect]\n|-supereffective|p2a: Baldras\n|-damage|p2a: Baldras|0 fnt\n|faint|p2a: Baldras\n|\n|upkeep\n|\n|t:|1656292338\n|switch|p2a: Lord Maddock|Cryogonal|100\/100\n|turn|17\n|\n|t:|1656292353\n|switch|p1a: Galvantula|Galvantula, F|100\/100\n|move|p2a: Lord Maddock|Hidden Power|p1a: Galvantula\n|-resisted|p1a: Galvantula\n|-damage|p1a: Galvantula|87\/100\n|\n|upkeep\n|turn|18\n|\n|t:|1656292362\n|switch|p2a: Relana|Audino, F|100\/100\n|move|p1a: Galvantula|Thunder|p2a: Relana\n|-damage|p2a: Relana|70\/100\n|-status|p2a: Relana|par\n|\n|upkeep\n|turn|19\n|\n|t:|1656292375\n|move|p1a: Galvantula|Sticky Web|p2a: Relana\n|-sidestart|p2: johngalt149|move: Sticky Web\n|move|p2a: Relana|Wish|p2a: Relana\n|\n|upkeep\n|turn|20\n|\n|t:|1656292385\n|switch|p1a: Bisharp|Bisharp, M|84\/100\n|move|p2a: Relana|Heal Bell|p2a: Relana\n|-activate|p2a: Relana|move: Heal Bell\n|-curestatus|p2a: Relana|par|[msg]\n|-curestatus|p2: Gwydion|tox|[msg]\n|\n|-heal|p2a: Relana|100\/100|[from] move: Wish|[wisher] Relana\n|upkeep\n|turn|21\n|j| bsvhsvj\n|l| bsvhsvj\n|\n|t:|1656292415\n|switch|p2a: Gwydion|Corsola-Galar, F|94\/100\n|-activate|p2a: Gwydion|move: Sticky Web\n|-unboost|p2a: Gwydion|spe|1\n|move|p1a: Bisharp|Swords Dance|p1a: Bisharp\n|-boost|p1a: Bisharp|atk|2\n|\n|upkeep\n|turn|22\n|c| Deathbypudding|bigsharp\n|j| RedSF71\n|\n|t:|1656292450\n|move|p1a: Bisharp|Knock Off|p2a: Gwydion\n|-supereffective|p2a: Gwydion\n|-damage|p2a: Gwydion|0 fnt\n|-enditem|p2a: Gwydion|Eviolite|[from] move: Knock Off|[of] p1a: Bisharp\n|faint|p2a: Gwydion\n|\n|upkeep\n|\n|t:|1656292470\n|switch|p2a: Helicrom|Sigilyph, F|100\/100\n|turn|23\n|\n|t:|1656292477\n|switch|p1a: Galvantula|Galvantula, F|87\/100\n|move|p2a: Helicrom|Heat Wave|p1a: Galvantula|[miss]\n|-miss|p2a: Helicrom|p1a: Galvantula\n|\n|upkeep\n|turn|24\n|c| RedSF71|Derek's team has \"Unova trainer in victory road\" vibes\n|\n|t:|1656292497\n|switch|p2a: Relana|Audino, F|100\/100\n|-activate|p2a: Relana|move: Sticky Web\n|-unboost|p2a: Relana|spe|1\n|move|p1a: Galvantula|Thunder|p2a: Relana\n|-damage|p2a: Relana|71\/100\n|-status|p2a: Relana|par\n|\n|upkeep\n|turn|25\n|j| sh0shin2\n|\n|t:|1656292506\n|switch|p1a: Bisharp|Bisharp, M|84\/100\n|move|p2a: Relana|Wish|p2a: Relana\n|\n|upkeep\n|turn|26\n|\n|t:|1656292513\n|switch|p2a: Novus|Steelix, M|6\/100\n|-activate|p2a: Novus|move: Sticky Web\n|-unboost|p2a: Novus|spe|1\n|move|p1a: Bisharp|Knock Off|p2a: Novus\n|-damage|p2a: Novus|0 fnt\n|-enditem|p2a: Novus|Lum Berry|[from] move: Knock Off|[of] p1a: Bisharp\n|faint|p2a: Novus\n|\n|upkeep\n|\n|t:|1656292516\n|switch|p2a: Helicrom|Sigilyph, F|100\/100\n|turn|27\n|\n|t:|1656292525\n|switch|p1a: Galvantula|Galvantula, F|87\/100\n|move|p2a: Helicrom|Heat Wave|p1a: Galvantula\n|-supereffective|p1a: Galvantula\n|-damage|p1a: Galvantula|0 fnt\n|faint|p1a: Galvantula\n|\n|upkeep\n|\n|t:|1656292544\n|switch|p1a: Banette|Banette-Mega, M|100\/100\n|turn|28\n|\n|t:|1656292561\n|move|p1a: Banette|Shadow Sneak|p2a: Helicrom\n|-supereffective|p2a: Helicrom\n|-damage|p2a: Helicrom|35\/100\n|move|p2a: Helicrom|Reflect|p2a: Helicrom\n|-sidestart|p2: johngalt149|Reflect\n|\n|upkeep\n|turn|29\n|\n|t:|1656292567\n|move|p1a: Banette|Shadow Sneak|p2a: Helicrom\n|-supereffective|p2a: Helicrom\n|-damage|p2a: Helicrom|3\/100\n|move|p2a: Helicrom|Roost|p2a: Helicrom\n|-heal|p2a: Helicrom|53\/100\n|-singleturn|p2a: Helicrom|move: Roost\n|\n|upkeep\n|turn|30\n|\n|t:|1656292581\n|move|p1a: Banette|Shadow Sneak|p2a: Helicrom\n|-supereffective|p2a: Helicrom\n|-damage|p2a: Helicrom|22\/100\n|move|p2a: Helicrom|Roost|p2a: Helicrom\n|-heal|p2a: Helicrom|72\/100\n|-singleturn|p2a: Helicrom|move: Roost\n|\n|upkeep\n|turn|31\n|\n|t:|1656292585\n|move|p1a: Banette|Shadow Sneak|p2a: Helicrom\n|-supereffective|p2a: Helicrom\n|-damage|p2a: Helicrom|40\/100\n|move|p2a: Helicrom|Heat Wave|p1a: Banette\n|-damage|p1a: Banette|70\/100\n|\n|upkeep\n|turn|32\n|\n|t:|1656292587\n|move|p1a: Banette|Shadow Sneak|p2a: Helicrom\n|-supereffective|p2a: Helicrom\n|-damage|p2a: Helicrom|7\/100\n|move|p2a: Helicrom|Roost|p2a: Helicrom\n|-heal|p2a: Helicrom|57\/100\n|-singleturn|p2a: Helicrom|move: Roost\n|\n|upkeep\n|turn|33\n|\n|t:|1656292594\n|move|p1a: Banette|Shadow Sneak|p2a: Helicrom\n|-supereffective|p2a: Helicrom\n|-damage|p2a: Helicrom|23\/100\n|move|p2a: Helicrom|Roost|p2a: Helicrom\n|-heal|p2a: Helicrom|73\/100\n|-singleturn|p2a: Helicrom|move: Roost\n|\n|upkeep\n|turn|34\n|\n|t:|1656292612\n|move|p1a: Banette|Shadow Sneak|p2a: Helicrom\n|-supereffective|p2a: Helicrom\n|-damage|p2a: Helicrom|41\/100\n|move|p2a: Helicrom|Roost|p2a: Helicrom\n|-heal|p2a: Helicrom|91\/100\n|-singleturn|p2a: Helicrom|move: Roost\n|\n|upkeep\n|turn|35\n|\n|t:|1656292618\n|move|p1a: Banette|Shadow Sneak|p2a: Helicrom\n|-supereffective|p2a: Helicrom\n|-damage|p2a: Helicrom|56\/100\n|move|p2a: Helicrom|Roost|p2a: Helicrom\n|-heal|p2a: Helicrom|100\/100\n|-singleturn|p2a: Helicrom|move: Roost\n|\n|-sideend|p2: johngalt149|Reflect\n|upkeep\n|turn|36\n|\n|t:|1656292627\n|move|p1a: Banette|Shadow Sneak|p2a: Helicrom\n|-supereffective|p2a: Helicrom\n|-damage|p2a: Helicrom|34\/100\n|move|p2a: Helicrom|Reflect|p2a: Helicrom\n|-sidestart|p2: johngalt149|Reflect\n|\n|upkeep\n|turn|37\n|\n|t:|1656292629\n|move|p1a: Banette|Shadow Sneak|p2a: Helicrom\n|-supereffective|p2a: Helicrom\n|-damage|p2a: Helicrom|0 fnt\n|faint|p2a: Helicrom\n|\n|upkeep\n|\n|t:|1656292637\n|switch|p2a: Lord Maddock|Cryogonal|100\/100\n|turn|38\n|\n|t:|1656292646\n|move|p2a: Lord Maddock|Ice Beam|p1a: Banette\n|-damage|p1a: Banette|28\/100\n|move|p1a: Banette|Gunk Shot|p2a: Lord Maddock\n|-damage|p2a: Lord Maddock|60\/100\n|\n|upkeep\n|turn|39\n|\n|t:|1656292659\n|move|p1a: Banette|Destiny Bond|p1a: Banette\n|-singlemove|p1a: Banette|Destiny Bond\n|move|p2a: Lord Maddock|Ice Beam|p1a: Banette\n|-damage|p1a: Banette|0 fnt\n|faint|p1a: Banette\n|-activate|p1a: Banette|move: Destiny Bond\n|faint|p2a: Lord Maddock\n|\n|upkeep\n|\n|t:|1656292663\n|switch|p2a: Relana|Audino, F|100\/100 par\n|switch|p1a: Bisharp|Bisharp, M|84\/100\n|-activate|p2a: Relana|move: Sticky Web\n|-unboost|p2a: Relana|spe|1\n|turn|40\n|c| sh0shin2|lfg fleet\n|\n|t:|1656292670\n|move|p1a: Bisharp|Swords Dance|p1a: Bisharp\n|-boost|p1a: Bisharp|atk|2\n|cant|p2a: Relana|par\n|\n|upkeep\n|turn|41\n|\n|t:|1656292673\n|move|p1a: Bisharp|Low Kick|p2a: Relana\n|-supereffective|p2a: Relana\n|-damage|p2a: Relana|55\/100 par\n|move|p2a: Relana|Toxic|p1a: Bisharp\n|-immune|p1a: Bisharp\n|\n|upkeep\n|turn|42\n|\n|t:|1656292677\n|move|p1a: Bisharp|Swords Dance|p1a: Bisharp\n|-boost|p1a: Bisharp|atk|2\n|move|p2a: Relana|Heal Bell|p2a: Relana\n|-activate|p2a: Relana|move: Heal Bell\n|-curestatus|p2a: Relana|par|[msg]\n|\n|upkeep\n|turn|43\n|\n|t:|1656292682\n|move|p1a: Bisharp|Low Kick|p2a: Relana\n|-supereffective|p2a: Relana\n|-damage|p2a: Relana|0 fnt\n|faint|p2a: Relana\n|\n|win|FleetFoxxx\n|c| RedSF71|No Bisharp Brick Break?\n|l| sh0shin2\n|c|\u2606FleetFoxxx|gg! ping when ready\n|l|\u2606FleetFoxxx\n|l| RedSF71\n","uploadtime":1656292818,"views":18,"p1id":"fleetfoxxx","p2id":"johngalt149","formatid":"gen8nationaldex","rating":0,"private":0,"password":null}