{"id":"gen8doublesou-1657551196","p1":"Dindon Ductile","p2":"Aldeala","format":"gen8doublesou","log":"|j|\u2606Dindon Ductile\n|j|\u2606Aldeala\n|t:|1662476812\n|gametype|doubles\n|player|p1|Dindon Ductile|169|1406\n|player|p2|Aldeala|swimmerf|1596\n|teamsize|p1|6\n|teamsize|p2|6\n|gen|8\n|tier|[Gen 8] Doubles OU\n|rated|\n|rule|Species Clause: Limit one of each Pok\u00e9mon\n|rule|OHKO Clause: OHKO moves are banned\n|rule|Evasion Moves Clause: Evasion moves are banned\n|rule|Gravity Sleep Clause: The combination of sleep-inducing moves with imperfect accuracy and Gravity or Gigantamax Orbeetle are banned\n|rule|Endless Battle Clause: Forcing endless battles is banned\n|rule|HP Percentage Mod: HP is shown in percentages\n|rule|Dynamax Clause: You cannot dynamax\n|rule|Swagger Clause: Swagger is banned\n|clearpoke\n|poke|p1|Hawlucha, M|\n|poke|p1|Tapu Koko|\n|poke|p1|Regigigas|\n|poke|p1|Landorus-Therian, M|\n|poke|p1|Raichu-Alola, F|\n|poke|p1|Clefairy, M|\n|poke|p2|Heatran, F|\n|poke|p2|Leafeon, M|\n|poke|p2|Necrozma|\n|poke|p2|Tapu Lele|\n|poke|p2|Ninetales, M|\n|poke|p2|Exeggutor, F|\n|teampreview\n|\n|t:|1662476859\n|start\n|switch|p1a: Hawlucha|Hawlucha, M|100\/100\n|switch|p1b: Landorus|Landorus-Therian, M|100\/100\n|switch|p2a: Necrozma|Necrozma|100\/100\n|switch|p2b: Ninetales|Ninetales, M|100\/100\n|-ability|p1b: Landorus|Intimidate|boost\n|-unboost|p2a: Necrozma|atk|1\n|-unboost|p2b: Ninetales|atk|1\n|-weather|SunnyDay|[from] ability: Drought|[of] p2b: Ninetales\n|turn|1\n|\n|t:|1662476887\n|switch|p2b: Tapu Lele|Tapu Lele|100\/100\n|-fieldstart|move: Psychic Terrain|[from] ability: Psychic Surge|[of] p2b: Tapu Lele\n|move|p1b: Landorus|Earthquake|p2a: Necrozma|[spread] p2a,p2b\n|-immune|p1a: Hawlucha\n|-damage|p2a: Necrozma|61\/100\n|-damage|p2b: Tapu Lele|38\/100\n|move|p1a: Hawlucha|Close Combat|p2a: Necrozma\n|-resisted|p2a: Necrozma\n|-damage|p2a: Necrozma|41\/100\n|-unboost|p1a: Hawlucha|def|1\n|-unboost|p1a: Hawlucha|spd|1\n|move|p2a: Necrozma|Expanding Force|p1b: Landorus|[spread] p1a,p1b\n|-supereffective|p1a: Hawlucha\n|-enditem|p1a: Hawlucha|Focus Sash\n|-damage|p1a: Hawlucha|1\/100\n|-damage|p1b: Landorus|0 fnt\n|faint|p1b: Landorus\n|-damage|p2a: Necrozma|31\/100|[from] item: Life Orb\n|\n|-weather|SunnyDay|[upkeep]\n|upkeep\n|\n|t:|1662476912\n|switch|p1b: Tapu Koko|Tapu Koko|100\/100\n|-fieldstart|move: Electric Terrain|[from] ability: Electric Surge|[of] p1b: Tapu Koko\n|turn|2\n|\n|t:|1662476930\n|switch|p2b: Ninetales|Ninetales, M|100\/100\n|move|p1a: Hawlucha|Close Combat|p2a: Necrozma\n|-resisted|p2a: Necrozma\n|-damage|p2a: Necrozma|10\/100\n|-unboost|p1a: Hawlucha|def|1\n|-unboost|p1a: Hawlucha|spd|1\n|move|p1b: Tapu Koko|Dazzling Gleam|p2b: Ninetales|[spread] p2a,p2b\n|-resisted|p2b: Ninetales\n|-damage|p2a: Necrozma|0 fnt\n|-damage|p2b: Ninetales|77\/100\n|faint|p2a: Necrozma\n|\n|-weather|SunnyDay|[upkeep]\n|upkeep\n|\n|t:|1662476947\n|switch|p2a: Leafeon|Leafeon, M, shiny|100\/100\n|turn|3\n|\n|t:|1662476956\n|switch|p1b: Regigigas|Regigigas|100\/100\n|-start|p1b: Regigigas|ability: Slow Start\n|-enditem|p1b: Regigigas|Electric Seed\n|-boost|p1b: Regigigas|def|1|[from] item: Electric Seed\n|move|p1a: Hawlucha|Entrainment|p1b: Regigigas\n|-end|p1b: Regigigas|Slow Start|[silent]\n|-endability|p1b: Regigigas|Slow Start|[from] move: Entrainment\n|-ability|p1b: Regigigas|Unburden|[from] move: Entrainment\n|move|p2a: Leafeon|Solar Blade||[still]\n|-prepare|p2a: Leafeon|Solar Blade\n|-anim|p2a: Leafeon|Solar Blade|p1b: Regigigas\n|-damage|p1b: Regigigas|62\/100\n|-damage|p2a: Leafeon|91\/100|[from] item: Life Orb\n|move|p2b: Ninetales|Burning Jealousy|p1a: Hawlucha|[spread] p1a,p1b\n|-crit|p1b: Regigigas\n|-damage|p1a: Hawlucha|0 fnt\n|-damage|p1b: Regigigas|22\/100\n|-status|p1b: Regigigas|brn\n|faint|p1a: Hawlucha\n|\n|-weather|SunnyDay|[upkeep]\n|-damage|p1b: Regigigas|16\/100 brn|[from] brn\n|upkeep\n|\n|t:|1662477009\n|switch|p1a: Raichu|Raichu-Alola, F|100\/100\n|turn|4\n|\n|t:|1662477021\n|move|p2b: Ninetales|Protect|p2b: Ninetales\n|-singleturn|p2b: Ninetales|Protect\n|move|p1a: Raichu|Rising Voltage|p2b: Ninetales\n|-activate|p2b: Ninetales|move: Protect\n|move|p2a: Leafeon|Knock Off|p1a: Raichu\n|-supereffective|p1a: Raichu\n|-damage|p1a: Raichu|0 fnt\n|-enditem|p1a: Raichu|Life Orb|[from] move: Knock Off|[of] p2a: Leafeon\n|faint|p1a: Raichu\n|-damage|p2a: Leafeon|81\/100|[from] item: Life Orb\n|move|p1b: Regigigas|Ice Punch|p2a: Leafeon\n|-supereffective|p2a: Leafeon\n|-damage|p2a: Leafeon|45\/100\n|\n|-weather|SunnyDay|[upkeep]\n|-damage|p1b: Regigigas|10\/100 brn|[from] brn\n|upkeep\n|\n|t:|1662477037\n|switch|p1a: Clefairy|Clefairy, M|100\/100\n|turn|5\n|\n|t:|1662477043\n|move|p1a: Clefairy|Follow Me|p1a: Clefairy\n|-singleturn|p1a: Clefairy|move: Follow Me\n|move|p2a: Leafeon|Solar Blade||[still]\n|-prepare|p2a: Leafeon|Solar Blade\n|-anim|p2a: Leafeon|Solar Blade|p1a: Clefairy\n|-damage|p1a: Clefairy|26\/100\n|-damage|p2a: Leafeon|35\/100|[from] item: Life Orb\n|move|p2b: Ninetales|Burning Jealousy|p1a: Clefairy|[spread] p1a,p1b\n|-damage|p1a: Clefairy|0 fnt\n|-damage|p1b: Regigigas|0 fnt\n|faint|p1a: Clefairy\n|faint|p1b: Regigigas\n|\n|-weather|none\n|upkeep\n|-message|Dindon Ductile forfeited.\n|\n|win|Aldeala\n|raw|Dindon Ductile's rating: 1406 &rarr; <strong>1396<\/strong><br \/>(-10 for losing)\n|raw|Aldeala's rating: 1596 &rarr; <strong>1606<\/strong><br \/>(+10 for winning)\n|l|\u2606Dindon Ductile\n||Ladder isn't responding, score probably updated but might not have (Request timeout).\n","uploadtime":1662477077,"views":6,"p1id":"dindonductile","p2id":"aldeala","formatid":"gen8doublesou","rating":1396,"private":0,"password":null}