{"id":"gen8ou-1486603057","p1":"Le-Perpetrator","p2":"damorush","format":"gen8ou","log":"|j|\u2606Le-Perpetrator\n|j|\u2606damorush\n|t:|1641497774\n|gametype|singles\n|player|p1|Le-Perpetrator|169|1674\n|player|p2|damorush|1|1607\n|teamsize|p1|6\n|teamsize|p2|6\n|gen|8\n|tier|[Gen 8] OU\n|rated|\n|rule|Sleep Clause Mod: Limit one foe put to sleep\n|rule|Species Clause: Limit one of each Pok\u00e9mon\n|rule|OHKO Clause: OHKO moves are banned\n|rule|Evasion Moves Clause: Evasion moves are banned\n|rule|Endless Battle Clause: Forcing endless battles is banned\n|rule|HP Percentage Mod: HP is shown in percentages\n|rule|Dynamax Clause: You cannot dynamax\n|clearpoke\n|poke|p1|Toxapex, F|\n|poke|p1|Ferrothorn, M|\n|poke|p1|Hatterene, F|\n|poke|p1|Landorus-Therian, M|\n|poke|p1|Victini|\n|poke|p1|Dragapult, M|\n|poke|p2|Mew|\n|poke|p2|Landorus-Therian, M|\n|poke|p2|Dragapult, M|\n|poke|p2|Bisharp, M|\n|poke|p2|Zapdos-Galar|\n|poke|p2|Urshifu-*, M|\n|teampreview\n|inactive|Battle timer is ON: inactive players will automatically lose when time's up. (requested by damorush)\n|j| yb is better\n|\n|t:|1641497819\n|start\n|switch|p1a: NastyInsertion|Toxapex, F|100\/100\n|switch|p2a: Mew|Mew|100\/100\n|turn|1\n|j| MiniLarry\n|\n|t:|1641497828\n|switch|p2a: Bisharp|Bisharp, M|100\/100\n|switch|p1a: Condom|Hatterene, F|100\/100\n|\n|upkeep\n|turn|2\n|j| CoreyTrevorSmokes\n|\n|t:|1641497837\n|switch|p1a: SoftontheInside|Ferrothorn, M|100\/100\n|move|p2a: Bisharp|Knock Off|p1a: SoftontheInside\n|-damage|p1a: SoftontheInside|57\/100\n|-damage|p2a: Bisharp|88\/100|[from] ability: Iron Barbs|[of] p1a: SoftontheInside\n|-damage|p2a: Bisharp|72\/100|[from] item: Rocky Helmet|[of] p1a: SoftontheInside\n|-enditem|p1a: SoftontheInside|Rocky Helmet|[from] move: Knock Off|[of] p2a: Bisharp\n|\n|upkeep\n|turn|3\n|\n|t:|1641497848\n|switch|p2a: Urshifu|Urshifu-Rapid-Strike, M|100\/100\n|move|p1a: SoftontheInside|Leech Seed|p2a: Urshifu|[miss]\n|-miss|p1a: SoftontheInside|p2a: Urshifu\n|\n|upkeep\n|turn|4\n|\n|t:|1641497854\n|move|p2a: Urshifu|U-turn|p1a: SoftontheInside\n|-damage|p1a: SoftontheInside|39\/100\n|-activate|p1a: SoftontheInside|ability: Iron Barbs\n|-activate|p2a: Urshifu|item: Protective Pads\n|\n|t:|1641497861\n|switch|p2a: Zapdos|Zapdos-Galar|100\/100|[from]move: U-turn\n|move|p1a: SoftontheInside|Stealth Rock|p2a: Zapdos\n|-sidestart|p2: damorush|move: Stealth Rock\n|\n|upkeep\n|turn|5\n|\n|t:|1641497868\n|switch|p1a: NastyInsertion|Toxapex, F|100\/100\n|move|p2a: Zapdos|Brave Bird|p1a: NastyInsertion\n|-damage|p1a: NastyInsertion|48\/100\n|-damage|p2a: Zapdos|84\/100|[from] Recoil\n|\n|-heal|p1a: NastyInsertion|54\/100|[from] item: Black Sludge\n|upkeep\n|turn|6\n|\n|t:|1641497877\n|move|p1a: NastyInsertion|Baneful Bunker|p1a: NastyInsertion\n|-singleturn|p1a: NastyInsertion|move: Protect\n|move|p2a: Zapdos|Brave Bird|p1a: NastyInsertion\n|-activate|p1a: NastyInsertion|move: Protect\n|-status|p2a: Zapdos|psn\n|\n|-heal|p1a: NastyInsertion|60\/100|[from] item: Black Sludge\n|-damage|p2a: Zapdos|72\/100 psn|[from] psn\n|upkeep\n|turn|7\n|\n|t:|1641497888\n|move|p2a: Zapdos|Brave Bird|p1a: NastyInsertion\n|-damage|p1a: NastyInsertion|11\/100\n|-damage|p2a: Zapdos|56\/100 psn|[from] Recoil\n|move|p1a: NastyInsertion|Toxic Spikes|p2a: Zapdos\n|-sidestart|p2: damorush|move: Toxic Spikes\n|\n|-heal|p1a: NastyInsertion|17\/100|[from] item: Black Sludge\n|-damage|p2a: Zapdos|43\/100 psn|[from] psn\n|upkeep\n|turn|8\n|\n|t:|1641497898\n|move|p1a: NastyInsertion|Baneful Bunker|p1a: NastyInsertion\n|-singleturn|p1a: NastyInsertion|move: Protect\n|move|p2a: Zapdos|Brave Bird|p1a: NastyInsertion\n|-activate|p1a: NastyInsertion|move: Protect\n|\n|-heal|p1a: NastyInsertion|23\/100|[from] item: Black Sludge\n|-damage|p2a: Zapdos|31\/100 psn|[from] psn\n|upkeep\n|turn|9\n|\n|t:|1641497907\n|switch|p1a: SoftontheInside|Ferrothorn, M|39\/100\n|move|p2a: Zapdos|Brave Bird|p1a: SoftontheInside\n|-damage|p1a: SoftontheInside|0 fnt\n|-damage|p2a: Zapdos|19\/100 psn|[from] ability: Iron Barbs|[of] p1a: SoftontheInside\n|faint|p1a: SoftontheInside\n|-damage|p2a: Zapdos|5\/100 psn|[from] Recoil\n|\n|-damage|p2a: Zapdos|0 fnt|[from] psn\n|faint|p2a: Zapdos\n|upkeep\n|\n|t:|1641497921\n|switch|p2a: Bisharp|Bisharp, M|72\/100\n|switch|p1a: NastyInsertion|Toxapex, F|56\/100\n|-damage|p2a: Bisharp|66\/100|[from] Stealth Rock\n|turn|10\n|\n|t:|1641497927\n|move|p2a: Bisharp|Knock Off|p1a: NastyInsertion\n|-damage|p1a: NastyInsertion|6\/100\n|-enditem|p1a: NastyInsertion|Black Sludge|[from] move: Knock Off|[of] p2a: Bisharp\n|move|p1a: NastyInsertion|Recover|p1a: NastyInsertion\n|-heal|p1a: NastyInsertion|56\/100\n|\n|upkeep\n|turn|11\n|\n|t:|1641497934\n|move|p2a: Bisharp|Swords Dance|p2a: Bisharp\n|-boost|p2a: Bisharp|atk|2\n|move|p1a: NastyInsertion|Recover|p1a: NastyInsertion\n|-heal|p1a: NastyInsertion|100\/100\n|\n|upkeep\n|turn|12\n|\n|t:|1641497941\n|move|p2a: Bisharp|Knock Off|p1a: NastyInsertion\n|-damage|p1a: NastyInsertion|32\/100\n|move|p1a: NastyInsertion|Scald|p2a: Bisharp\n|-damage|p2a: Bisharp|31\/100\n|-status|p2a: Bisharp|brn\n|\n|-damage|p2a: Bisharp|26\/100 brn|[from] brn\n|upkeep\n|turn|13\n|\n|t:|1641497950\n|move|p2a: Bisharp|Knock Off|p1a: NastyInsertion\n|-damage|p1a: NastyInsertion|0 fnt\n|faint|p1a: NastyInsertion\n|\n|-damage|p2a: Bisharp|20\/100 brn|[from] brn\n|upkeep\n|\n|t:|1641497961\n|switch|p1a: BillieEllish|Landorus-Therian, M|100\/100\n|-ability|p1a: BillieEllish|Intimidate|boost\n|-unboost|p2a: Bisharp|atk|1\n|-ability|p2a: Bisharp|Defiant\n|-boost|p2a: Bisharp|atk|2\n|turn|14\n|\n|t:|1641497969\n|move|p2a: Bisharp|Sucker Punch|p1a: BillieEllish\n|-damage|p1a: BillieEllish|34\/100\n|move|p1a: BillieEllish|U-turn|p2a: Bisharp\n|-damage|p2a: Bisharp|0 fnt\n|faint|p2a: Bisharp\n|j| lmk24\n|\n|t:|1641497976\n|switch|p1a: Condom|Hatterene, F|100\/100|[from]move: U-turn\n|\n|upkeep\n|\n|t:|1641497982\n|switch|p2a: Landorus|Landorus-Therian, M|100\/100\n|-damage|p2a: Landorus|88\/100|[from] Stealth Rock\n|-ability|p2a: Landorus|Intimidate|boost\n|-unboost|p1a: Condom|atk|1\n|turn|15\n|l| lmk24\n|\n|t:|1641497988\n|move|p2a: Landorus|Earthquake|p1a: Condom\n|-crit|p1a: Condom\n|-damage|p1a: Condom|0 fnt\n|faint|p1a: Condom\n|\n|-heal|p2a: Landorus|94\/100|[from] item: Leftovers\n|upkeep\n|j| Wilderwein\n|\n|t:|1641497993\n|switch|p1a: SpankBang|Victini|100\/100\n|turn|16\n|\n|t:|1641497998\n|switch|p2a: Mew|Mew|100\/100\n|-status|p2a: Mew|psn\n|-damage|p2a: Mew|88\/100 psn|[from] Stealth Rock\n|move|p1a: SpankBang|V-create|p2a: Mew\n|-damage|p2a: Mew|0 fnt\n|-unboost|p1a: SpankBang|spe|1\n|-unboost|p1a: SpankBang|def|1\n|-unboost|p1a: SpankBang|spd|1\n|faint|p2a: Mew\n|\n|upkeep\n|\n|t:|1641498010\n|switch|p2a: Landorus|Landorus-Therian, M|94\/100\n|-damage|p2a: Landorus|82\/100|[from] Stealth Rock\n|-ability|p2a: Landorus|Intimidate|boost\n|-unboost|p1a: SpankBang|atk|1\n|turn|17\n|j| Mslaganjaestranja\n|\n|t:|1641498016\n|switch|p1a: BillieEllish|Landorus-Therian, M|34\/100\n|-ability|p1a: BillieEllish|Intimidate|boost\n|-unboost|p2a: Landorus|atk|1\n|move|p2a: Landorus|Substitute|p2a: Landorus\n|-start|p2a: Landorus|Substitute\n|-damage|p2a: Landorus|57\/100\n|\n|-heal|p2a: Landorus|63\/100|[from] item: Leftovers\n|upkeep\n|turn|18\n|\n|t:|1641498026\n|move|p1a: BillieEllish|Knock Off|p2a: Landorus\n|-end|p2a: Landorus|Substitute\n|move|p2a: Landorus|Swords Dance|p2a: Landorus\n|-boost|p2a: Landorus|atk|2\n|\n|-heal|p2a: Landorus|69\/100|[from] item: Leftovers\n|upkeep\n|turn|19\n|\n|t:|1641498034\n|move|p1a: BillieEllish|Knock Off|p2a: Landorus\n|-damage|p2a: Landorus|18\/100\n|-enditem|p2a: Landorus|Leftovers|[from] move: Knock Off|[of] p1a: BillieEllish\n|move|p2a: Landorus|Stone Edge|p1a: BillieEllish\n|-damage|p1a: BillieEllish|0 fnt\n|faint|p1a: BillieEllish\n|\n|upkeep\n|\n|t:|1641498041\n|switch|p1a: Dragapult|Dragapult, M|100\/100\n|turn|20\n|\n|t:|1641498045\n|move|p1a: Dragapult|Shadow Ball|p2a: Landorus\n|-damage|p2a: Landorus|0 fnt\n|faint|p2a: Landorus\n|\n|upkeep\n|j| qeteasydru\n|\n|t:|1641498052\n|switch|p2a: Dragapult|Dragapult, M|100\/100\n|-status|p2a: Dragapult|psn\n|-damage|p2a: Dragapult|88\/100 psn|[from] Stealth Rock\n|turn|21\n|l| qeteasydru\n|\n|t:|1641498058\n|move|p1a: Dragapult|Shadow Ball|p2a: Dragapult\n|-supereffective|p2a: Dragapult\n|-damage|p2a: Dragapult|0 fnt\n|faint|p2a: Dragapult\n|\n|upkeep\n|-message|damorush forfeited.\n|\n|win|Le-Perpetrator\n|raw|Le-Perpetrator's rating: 1674 &rarr; <strong>1690<\/strong><br \/>(+16 for winning)\n|raw|damorush's rating: 1607 &rarr; <strong>1591<\/strong><br \/>(-16 for losing)\n|l|\u2606damorush\n","uploadtime":1641498066,"views":19,"p1id":"leperpetrator","p2id":"damorush","formatid":"gen8ou","rating":1591,"private":0,"password":null}