{"id":"gen8ou-1179993709","p1":"early_human","p2":"Noobmaster99","format":"gen8ou","log":"|j|\u2606early_human\n|j|\u2606Noobmaster99\n|t:|1599067135\n|player|p1|early_human|170|1662\n|player|p2|Noobmaster99|rocketgrunt|1609\n|teamsize|p1|6\n|teamsize|p2|6\n|gametype|singles\n|gen|8\n|tier|[Gen 8] OU\n|rated|\n|clearpoke\n|poke|p1|Torkoal, F|\n|poke|p1|Charizard, M|\n|poke|p1|Venusaur, F|\n|poke|p1|Darmanitan, F|\n|poke|p1|Toxapex, M|\n|poke|p1|Rillaboom, F|\n|poke|p2|Urshifu-*, M|\n|poke|p2|Togekiss, F|\n|poke|p2|Scizor, F|\n|poke|p2|Rillaboom, M|\n|poke|p2|Zeraora|\n|poke|p2|Dragapult, F|\n|rule|Sleep Clause Mod: Limit one foe put to sleep\n|rule|Species Clause: Limit one of each Pok\u00e9mon\n|rule|OHKO Clause: OHKO moves are banned\n|rule|Evasion Moves Clause: Evasion moves are banned\n|rule|Endless Battle Clause: Forcing endless battles is banned\n|rule|HP Percentage Mod: HP is shown in percentages\n|rule|Dynamax Clause: You cannot dynamax\n|teampreview\n|inactive|Battle timer is ON: inactive players will automatically lose when time's up. (requested by Noobmaster99)\n|\n|t:|1599067155\n|start\n|switch|p1a: Darmanitan|Darmanitan, F|100\/100\n|switch|p2a: Dragapult|Dragapult, F|100\/100\n|turn|1\n|\n|t:|1599067178\n|move|p1a: Darmanitan|Flare Blitz|p2a: Dragapult\n|-resisted|p2a: Dragapult\n|-damage|p2a: Dragapult|38\/100\n|-damage|p1a: Darmanitan|82\/100|[from] Recoil\n|move|p2a: Dragapult|Dragon Darts|p1a: Darmanitan\n|-damage|p1a: Darmanitan|43\/100\n|-anim|p2a: Dragapult|Dragon Darts|p1a: Darmanitan\n|-damage|p1a: Darmanitan|0 fnt\n|faint|p1a: Darmanitan\n|\n|-heal|p2a: Dragapult|44\/100|[from] item: Leftovers\n|upkeep\n|\n|t:|1599067187\n|switch|p1a: Torkoal|Torkoal, F|100\/100\n|-weather|SunnyDay|[from] ability: Drought|[of] p1a: Torkoal\n|turn|2\n|\n|t:|1599067199\n|switch|p2a: Togekiss|Togekiss, F|100\/100\n|move|p1a: Torkoal|Stealth Rock|p2a: Togekiss\n|-sidestart|p2: Noobmaster99|move: Stealth Rock\n|\n|-weather|SunnyDay|[upkeep]\n|upkeep\n|turn|3\n|\n|t:|1599067203\n|switch|p1a: Toxapex|Toxapex, M|100\/100\n|move|p2a: Togekiss|Trick|p1a: Toxapex\n|-activate|p2a: Togekiss|move: Trick|[of] p1a: Toxapex\n|-item|p1a: Toxapex|Choice Scarf|[from] move: Trick\n|-item|p2a: Togekiss|Eject Button|[from] move: Trick\n|\n|-weather|SunnyDay|[upkeep]\n|upkeep\n|turn|4\n|\n|t:|1599067209\n|switch|p2a: Scizor|Scizor, F|100\/100\n|-damage|p2a: Scizor|88\/100|[from] Stealth Rock\n|move|p1a: Toxapex|Scald|p2a: Scizor\n|-damage|p2a: Scizor|80\/100\n|\n|-weather|SunnyDay|[upkeep]\n|upkeep\n|turn|5\n|\n|t:|1599067213\n|switch|p2a: Togekiss|Togekiss, F|100\/100\n|-damage|p2a: Togekiss|76\/100|[from] Stealth Rock\n|switch|p1a: Torkoal|Torkoal, F|100\/100\n|\n|-weather|SunnyDay|[upkeep]\n|upkeep\n|turn|6\n|\n|t:|1599067218\n|move|p2a: Togekiss|Air Slash|p1a: Torkoal\n|-damage|p1a: Torkoal|50\/100\n|cant|p1a: Torkoal|flinch\n|\n|-weather|SunnyDay|[upkeep]\n|upkeep\n|turn|7\n|\n|t:|1599067228\n|switch|p1a: Toxapex|Toxapex, M|100\/100\n|move|p2a: Togekiss|Air Slash|p1a: Toxapex\n|-damage|p1a: Toxapex|68\/100\n|\n|-weather|SunnyDay|[upkeep]\n|upkeep\n|turn|8\n|\n|t:|1599067233\n|move|p2a: Togekiss|Air Slash|p1a: Toxapex\n|-damage|p1a: Toxapex|37\/100\n|cant|p1a: Toxapex|flinch\n|\n|-weather|SunnyDay|[upkeep]\n|upkeep\n|turn|9\n|\n|t:|1599067236\n|move|p2a: Togekiss|Air Slash|p1a: Toxapex\n|-damage|p1a: Toxapex|6\/100\n|cant|p1a: Toxapex|flinch\n|\n|-weather|none\n|upkeep\n|turn|10\n|-message|early_human forfeited.\n|\n|win|Noobmaster99\n|l|\u2606early_human\n||Ladder (probably) updated, but score could not be retrieved (Request timeout).\n","uploadtime":1599067243,"views":67,"p1id":"earlyhuman","p2id":"noobmaster99","formatid":"gen8ou","rating":0,"private":0,"password":null}