{"id":"gen8randombattle-1314247868","p1":"deepSeas","p2":"TehranTyphlosions","format":"gen8randombattle","log":"|j|\u2606deepSeas\n|j|\u2606TehranTyphlosions\n|t:|1617424504\n|gametype|singles\n|player|p1|deepSeas|clair|1752\n|player|p2|TehranTyphlosions|clair|1794\n|teamsize|p1|6\n|teamsize|p2|6\n|gen|8\n|tier|[Gen 8] Random Battle\n|rated|\n|rule|Species Clause: Limit one of each Pok\u00e9mon\n|rule|HP Percentage Mod: HP is shown in percentages\n|rule|Sleep Clause Mod: Limit one foe put to sleep\n|\n|t:|1617424504\n|start\n|switch|p1a: Sigilyph|Sigilyph, L82, F|252\/252\n|switch|p2a: Gardevoir|Gardevoir, L82, F|233\/233\n|turn|1\n|\n|t:|1617424520\n|switch|p1a: Jellicent|Jellicent, L84, F|305\/305\n|move|p2a: Gardevoir|Nasty Plot|p2a: Gardevoir\n|-boost|p2a: Gardevoir|spa|2\n|\n|upkeep\n|turn|2\n|inactive|Battle timer is ON: inactive players will automatically lose when time's up. (requested by TehranTyphlosions)\n|\n|t:|1617424530\n|move|p2a: Gardevoir|Dark Pulse|p1a: Jellicent\n|-supereffective|p1a: Jellicent\n|-damage|p1a: Jellicent|0 fnt\n|faint|p1a: Jellicent\n|\n|upkeep\n|\n|t:|1617424555\n|switch|p1a: Hippowdon|Hippowdon, L80, F|304\/304\n|-weather|Sandstorm|[from] ability: Sand Stream|[of] p1a: Hippowdon\n|turn|3\n|\n|t:|1617424559\n|move|p2a: Gardevoir|Dark Pulse|p1a: Hippowdon\n|-damage|p1a: Hippowdon|78\/304\n|move|p1a: Hippowdon|Earthquake|p2a: Gardevoir\n|-damage|p2a: Gardevoir|85\/233\n|replace|p2a: Zoroark|Zoroark, L82, M\n|-end|p2a: Zoroark|Illusion\n|\n|-weather|Sandstorm|[upkeep]\n|-damage|p2a: Zoroark|71\/233|[from] Sandstorm\n|-heal|p1a: Hippowdon|97\/304|[from] item: Leftovers\n|upkeep\n|turn|4\n|\n|t:|1617424564\n|move|p2a: Zoroark|Dark Pulse|p1a: Hippowdon\n|-damage|p1a: Hippowdon|0 fnt\n|faint|p1a: Hippowdon\n|\n|-weather|Sandstorm|[upkeep]\n|-damage|p2a: Zoroark|57\/233|[from] Sandstorm\n|upkeep\n|\n|t:|1617424571\n|switch|p1a: Sceptile|Sceptile, L86, M|261\/261\n|turn|5\n|\n|t:|1617424577\n|switch|p2a: Scolipede|Scolipede, L80, F|227\/227\n|move|p1a: Sceptile|Giga Drain|p2a: Scolipede\n|-resisted|p2a: Scolipede\n|-damage|p2a: Scolipede|200\/227\n|\n|-weather|Sandstorm|[upkeep]\n|-damage|p1a: Sceptile|245\/261|[from] Sandstorm\n|-damage|p2a: Scolipede|186\/227|[from] Sandstorm\n|-heal|p1a: Sceptile|261\/261|[from] item: Leftovers\n|upkeep\n|turn|6\n|\n|t:|1617424589\n|move|p1a: Sceptile|Substitute|p1a: Sceptile\n|-start|p1a: Sceptile|Substitute\n|-damage|p1a: Sceptile|196\/261\n|move|p2a: Scolipede|Swords Dance|p2a: Scolipede\n|-boost|p2a: Scolipede|atk|2\n|\n|-weather|Sandstorm|[upkeep]\n|-damage|p1a: Sceptile|180\/261|[from] Sandstorm\n|-damage|p2a: Scolipede|172\/227|[from] Sandstorm\n|-heal|p1a: Sceptile|196\/261|[from] item: Leftovers\n|-ability|p2a: Scolipede|Speed Boost|boost\n|-boost|p2a: Scolipede|spe|1\n|upkeep\n|turn|7\n|\n|t:|1617424591\n|move|p2a: Scolipede|Poison Jab|p1a: Sceptile\n|-supereffective|p1a: Sceptile\n|-end|p1a: Sceptile|Substitute\n|-damage|p2a: Scolipede|150\/227|[from] item: Life Orb\n|move|p1a: Sceptile|Leech Seed|p2a: Scolipede\n|-start|p2a: Scolipede|move: Leech Seed\n|\n|-weather|none\n|-heal|p1a: Sceptile|212\/261|[from] item: Leftovers\n|-damage|p2a: Scolipede|122\/227|[from] Leech Seed|[of] p1a: Sceptile\n|-heal|p1a: Sceptile|240\/261|[silent]\n|-ability|p2a: Scolipede|Speed Boost|boost\n|-boost|p2a: Scolipede|spe|1\n|upkeep\n|turn|8\n|\n|t:|1617424609\n|switch|p1a: Gourgeist|Gourgeist, L84, F|246\/246\n|-item|p2a: Scolipede|Life Orb|[from] ability: Frisk|[of] p1a: Gourgeist|[identify]\n|move|p2a: Scolipede|Poison Jab|p1a: Gourgeist\n|-damage|p1a: Gourgeist|97\/246\n|-damage|p2a: Scolipede|100\/227|[from] item: Life Orb\n|\n|-heal|p1a: Gourgeist|112\/246|[from] item: Leftovers\n|-damage|p2a: Scolipede|72\/227|[from] Leech Seed|[of] p1a: Gourgeist\n|-heal|p1a: Gourgeist|140\/246|[silent]\n|-ability|p2a: Scolipede|Speed Boost|boost\n|-boost|p2a: Scolipede|spe|1\n|upkeep\n|turn|9\n|\n|t:|1617424615\n|move|p1a: Gourgeist|Shadow Sneak|p2a: Scolipede\n|-damage|p2a: Scolipede|32\/227\n|move|p2a: Scolipede|Poison Jab|p1a: Gourgeist\n|-damage|p1a: Gourgeist|0 fnt\n|-damage|p2a: Scolipede|10\/227|[from] item: Life Orb\n|faint|p1a: Gourgeist\n|\n|-ability|p2a: Scolipede|Speed Boost|boost\n|-boost|p2a: Scolipede|spe|1\n|upkeep\n|\n|t:|1617424629\n|switch|p1a: Gyarados|Gyarados, L76, M|269\/269\n|turn|10\n|\n|t:|1617424634\n|move|p2a: Scolipede|Poison Jab|p1a: Gyarados\n|-damage|p1a: Gyarados|19\/269\n|-damage|p2a: Scolipede|0 fnt|[from] item: Life Orb\n|faint|p2a: Scolipede\n|move|p1a: Gyarados|Dragon Dance|p1a: Gyarados\n|-boost|p1a: Gyarados|atk|1\n|-boost|p1a: Gyarados|spe|1\n|\n|upkeep\n|\n|t:|1617424641\n|switch|p2a: Hippowdon|Hippowdon, L80, M|304\/304\n|-weather|Sandstorm|[from] ability: Sand Stream|[of] p2a: Hippowdon\n|turn|11\n|\n|t:|1617424647\n|move|p1a: Gyarados|Waterfall|p2a: Hippowdon\n|-supereffective|p2a: Hippowdon\n|-damage|p2a: Hippowdon|21\/304\n|-damage|p1a: Gyarados|0 fnt|[from] item: Life Orb\n|faint|p1a: Gyarados\n|move|p2a: Hippowdon|Toxic|p1: Gyarados|[notarget]\n|-fail|p2a: Hippowdon\n|\n|-weather|Sandstorm|[upkeep]\n|-heal|p2a: Hippowdon|40\/304|[from] item: Leftovers\n|upkeep\n|\n|t:|1617424651\n|switch|p1a: Sceptile|Sceptile, L86, M|240\/261\n|turn|12\n|\n|t:|1617424652\n|move|p1a: Sceptile|Giga Drain|p2a: Hippowdon\n|-supereffective|p2a: Hippowdon\n|-damage|p2a: Hippowdon|0 fnt\n|-heal|p1a: Sceptile|260\/261|[from] drain|[of] p2a: Hippowdon\n|faint|p2a: Hippowdon\n|\n|-weather|Sandstorm|[upkeep]\n|-damage|p1a: Sceptile|244\/261|[from] Sandstorm\n|-heal|p1a: Sceptile|260\/261|[from] item: Leftovers\n|upkeep\n|\n|t:|1617424654\n|switch|p2a: Jirachi|Jirachi, L80|291\/291\n|turn|13\n|\n|t:|1617424659\n|-start|p1a: Sceptile|Dynamax\n|-heal|p1a: Sceptile|520\/522|[silent]\n|move|p1a: Sceptile|Max Quake|p2a: Jirachi\n|-supereffective|p2a: Jirachi\n|-damage|p2a: Jirachi|111\/291\n|-boost|p1a: Sceptile|spd|1\n|move|p2a: Jirachi|Fire Punch|p1a: Sceptile\n|-supereffective|p1a: Sceptile\n|-damage|p1a: Sceptile|404\/522\n|\n|-weather|Sandstorm|[upkeep]\n|-damage|p1a: Sceptile|388\/522|[from] Sandstorm\n|-heal|p1a: Sceptile|404\/522|[from] item: Leftovers\n|-heal|p2a: Jirachi|129\/291|[from] item: Leftovers\n|upkeep\n|turn|14\n|\n|t:|1617424663\n|move|p1a: Sceptile|Max Quake|p2a: Jirachi\n|-supereffective|p2a: Jirachi\n|-damage|p2a: Jirachi|0 fnt\n|-boost|p1a: Sceptile|spd|1\n|faint|p2a: Jirachi\n|\n|-weather|Sandstorm|[upkeep]\n|-damage|p1a: Sceptile|388\/522|[from] Sandstorm\n|-heal|p1a: Sceptile|404\/522|[from] item: Leftovers\n|upkeep\n|\n|t:|1617424664\n|switch|p2a: Ninetales|Ninetales, L82, F|254\/254\n|-weather|SunnyDay|[from] ability: Drought|[of] p2a: Ninetales\n|turn|15\n|\n|t:|1617424669\n|-start|p2a: Ninetales|Dynamax\n|-heal|p2a: Ninetales|508\/508|[silent]\n|move|p1a: Sceptile|Max Quake|p2a: Ninetales\n|-supereffective|p2a: Ninetales\n|-damage|p2a: Ninetales|298\/508\n|-boost|p1a: Sceptile|spd|1\n|move|p2a: Ninetales|Max Flare|p1a: Sceptile\n|-supereffective|p1a: Sceptile\n|-damage|p1a: Sceptile|260\/522\n|\n|-weather|SunnyDay|[upkeep]\n|-heal|p1a: Sceptile|276\/522|[from] item: Leftovers\n|-end|p1a: Sceptile|Dynamax\n|-heal|p1a: Sceptile|138\/261|[silent]\n|upkeep\n|turn|16\n|\n|t:|1617424674\n|move|p1a: Sceptile|Substitute|p1a: Sceptile\n|-start|p1a: Sceptile|Substitute\n|-damage|p1a: Sceptile|73\/261\n|move|p2a: Ninetales|Max Flare|p1a: Sceptile\n|-supereffective|p1a: Sceptile\n|-end|p1a: Sceptile|Substitute\n|\n|-weather|SunnyDay|[upkeep]\n|-heal|p1a: Sceptile|89\/261|[from] item: Leftovers\n|upkeep\n|turn|17\n|\n|t:|1617424678\n|move|p1a: Sceptile|Substitute|p1a: Sceptile\n|-start|p1a: Sceptile|Substitute\n|-damage|p1a: Sceptile|24\/261\n|move|p2a: Ninetales|Max Flare|p1a: Sceptile\n|-supereffective|p1a: Sceptile\n|-crit|p1a: Sceptile\n|-end|p1a: Sceptile|Substitute\n|\n|-weather|SunnyDay|[upkeep]\n|-heal|p1a: Sceptile|40\/261|[from] item: Leftovers\n|-end|p2a: Ninetales|Dynamax\n|-heal|p2a: Ninetales|149\/254|[silent]\n|upkeep\n|turn|18\n|\n|t:|1617424682\n|move|p1a: Sceptile|Earthquake|p2a: Ninetales\n|-supereffective|p2a: Ninetales\n|-damage|p2a: Ninetales|0 fnt\n|faint|p2a: Ninetales\n|\n|-weather|SunnyDay|[upkeep]\n|-heal|p1a: Sceptile|56\/261|[from] item: Leftovers\n|upkeep\n|\n|t:|1617424683\n|switch|p2a: Gardevoir|Gardevoir, L82, F|246\/246\n|-ability|p2a: Gardevoir|Overgrow|[from] ability: Trace|[of] p1a: Sceptile\n|turn|19\n|\n|t:|1617424691\n|switch|p1a: Sigilyph|Sigilyph, L82, F|252\/252\n|move|p2a: Gardevoir|Psyshock|p1a: Sigilyph\n|-resisted|p1a: Sigilyph\n|-damage|p1a: Sigilyph|194\/252\n|\n|-weather|none\n|upkeep\n|turn|20\n|\n|t:|1617424694\n|move|p1a: Sigilyph|Air Slash|p2a: Gardevoir\n|-damage|p2a: Gardevoir|156\/246\n|move|p2a: Gardevoir|Moonblast|p1a: Sigilyph\n|-damage|p1a: Sigilyph|76\/252\n|\n|-heal|p2a: Gardevoir|171\/246|[from] item: Leftovers\n|upkeep\n|turn|21\n|\n|t:|1617424696\n|move|p1a: Sigilyph|Air Slash|p2a: Gardevoir\n|-damage|p2a: Gardevoir|80\/246\n|move|p2a: Gardevoir|Moonblast|p1a: Sigilyph\n|-damage|p1a: Sigilyph|0 fnt\n|faint|p1a: Sigilyph\n|\n|-heal|p2a: Gardevoir|95\/246|[from] item: Leftovers\n|upkeep\n|\n|t:|1617424699\n|switch|p1a: Sceptile|Sceptile, L86, M|56\/261\n|turn|22\n|\n|t:|1617424701\n|move|p1a: Sceptile|Giga Drain|p2a: Gardevoir\n|-damage|p2a: Gardevoir|0 fnt\n|-heal|p1a: Sceptile|104\/261|[from] drain|[of] p2a: Gardevoir\n|faint|p2a: Gardevoir\n|\n|-heal|p1a: Sceptile|120\/261|[from] item: Leftovers\n|upkeep\n|\n|t:|1617424703\n|switch|p2a: Zoroark|Zoroark, L82, M|57\/233\n|turn|23\n|\n|t:|1617424704\n|move|p1a: Sceptile|Giga Drain|p2a: Zoroark\n|-crit|p2a: Zoroark\n|-damage|p2a: Zoroark|0 fnt\n|-heal|p1a: Sceptile|149\/261|[from] drain|[of] p2a: Zoroark\n|faint|p2a: Zoroark\n|\n|win|deepSeas\n|raw|deepSeas's rating: 1752 &rarr; <strong>1774<\/strong><br \/>(+22 for winning)\n|raw|TehranTyphlosions's rating: 1794 &rarr; <strong>1772<\/strong><br \/>(-22 for losing)\n|c|\u2606TehranTyphlosions|gg\n|c|\u2606deepSeas|gg\n|l|\u2606TehranTyphlosions\n","inputlog":">version e481b581eab479abaf730e9818a4773c59210c3d\n>start {\"formatid\":\"gen8randombattle\",\"seed\":[27962,43137,41339,62514],\"rated\":\"Rated battle\"}\n>player p1 {\"name\":\"deepSeas\",\"avatar\":\"clair\",\"rating\":1752,\"seed\":[45346,44638,36314,7779]}\n>player p2 {\"name\":\"TehranTyphlosions\",\"avatar\":\"clair\",\"rating\":1794,\"seed\":[36596,2122,36436,39094]}\n>p1 switch 3\n>p2 move nastyplot\n>p1 move shadowball\n>p2 move darkpulse\n>p1 switch 6\n>p1 move earthquake\n>p2 move darkpulse\n>p1 move earthquake\n>p2 move darkpulse\n>p1 switch 4\n>p1 move gigadrain\n>p2 switch 3\n>p1 move substitute\n>p2 move swordsdance\n>p1 move leechseed\n>p2 move poisonjab\n>p1 switch 2\n>p2 move poisonjab\n>p1 move shadowsneak\n>p2 move poisonjab\n>p1 switch 5\n>p1 move dragondance\n>p2 move poisonjab\n>p2 switch 5\n>p1 move waterfall\n>p2 move toxic\n>p1 switch 2\n>p1 move gigadrain\n>p2 move toxic\n>p2 switch 4\n>p1 move earthquake dynamax\n>p2 move firepunch\n>p1 move earthquake dynamax\n>p2 move firepunch\n>p2 switch 2\n>p1 move earthquake dynamax\n>p2 move fireblast dynamax\n>p1 move substitute\n>p2 move fireblast dynamax\n>p1 move substitute\n>p2 move fireblast dynamax\n>p1 move earthquake\n>p2 move fireblast\n>p2 switch 6\n>p1 switch 3\n>p2 move psyshock\n>p1 move airslash\n>p2 move moonblast\n>p1 move airslash\n>p2 move moonblast\n>p1 switch 3\n>p1 move gigadrain\n>p2 move psyshock\n>p2 switch 3\n>p1 move gigadrain\n>p2 move darkpulse","uploadtime":1617424715,"views":9,"p1id":"deepseas","p2id":"tehrantyphlosions","formatid":"gen8randombattle","rating":1772,"private":0,"password":null}