{"id":"gen8ou-1698566587","p1":"rooopos","p2":"Venomous Crunch","format":"gen8ou","log":"|j|\u2606rooopos\n|j|\u2606Venomous Crunch\n|t:|1667140328\n|gametype|singles\n|player|p1|rooopos|1|1635\n|player|p2|Venomous Crunch|giovanni|1672\n|teamsize|p1|6\n|teamsize|p2|6\n|gen|8\n|tier|[Gen 8] OU\n|rated|\n|rule|Sleep Clause Mod: Limit one foe put to sleep\n|rule|Species Clause: Limit one of each Pok\u00e9mon\n|rule|OHKO Clause: OHKO moves are banned\n|rule|Evasion Items Clause: Evasion items are banned\n|rule|Evasion Moves Clause: Evasion moves are banned\n|rule|Endless Battle Clause: Forcing endless battles is banned\n|rule|HP Percentage Mod: HP is shown in percentages\n|rule|Dynamax Clause: You cannot dynamax\n|clearpoke\n|poke|p1|Hydreigon, M|\n|poke|p1|Urshifu-*, M|\n|poke|p1|Slowking-Galar, F|\n|poke|p1|Tapu Koko|\n|poke|p1|Hippowdon, F|\n|poke|p1|Corviknight, M|\n|poke|p2|Ninetales-Alola, M|\n|poke|p2|Klefki, F|\n|poke|p2|Scolipede, M|\n|poke|p2|Gyarados, M|\n|poke|p2|Volcarona, M|\n|poke|p2|Zeraora|\n|teampreview\n|inactive|Battle timer is ON: inactive players will automatically lose when time's up. (requested by Venomous Crunch)\n|\n|t:|1667140345\n|start\n|switch|p1a: Slowking|Slowking-Galar, F|100\/100\n|switch|p2a: Klefki|Klefki, F|100\/100\n|turn|1\n|\n|t:|1667140350\n|move|p2a: Klefki|Light Screen|p2a: Klefki\n|-sidestart|p2: Venomous Crunch|move: Light Screen\n|move|p1a: Slowking|Flamethrower|p2a: Klefki\n|-supereffective|p2a: Klefki\n|-damage|p2a: Klefki|74\/100\n|-status|p2a: Klefki|brn\n|\n|-damage|p2a: Klefki|67\/100 brn|[from] brn\n|upkeep\n|turn|2\n|\n|t:|1667140356\n|move|p2a: Klefki|Reflect|p2a: Klefki\n|-sidestart|p2: Venomous Crunch|Reflect\n|move|p1a: Slowking|Future Sight|p2a: Klefki\n|-start|p1a: Slowking|move: Future Sight\n|\n|-damage|p2a: Klefki|61\/100 brn|[from] brn\n|upkeep\n|turn|3\n|\n|t:|1667140360\n|move|p2a: Klefki|Thunder Wave|p1a: Slowking\n|-status|p1a: Slowking|par\n|move|p1a: Slowking|Flamethrower|p2a: Klefki\n|-supereffective|p2a: Klefki\n|-damage|p2a: Klefki|35\/100 brn\n|\n|-damage|p2a: Klefki|29\/100 brn|[from] brn\n|upkeep\n|turn|4\n|\n|t:|1667140368\n|move|p2a: Klefki|Defog|p1a: Slowking\n|-unboost|p1a: Slowking|evasion|1\n|move|p1a: Slowking|Flamethrower|p2a: Klefki\n|-supereffective|p2a: Klefki\n|-crit|p2a: Klefki\n|-damage|p2a: Klefki|0 fnt\n|faint|p2a: Klefki\n|\n|-hint|Future Sight did not hit because the target is fainted.\n|upkeep\n|\n|t:|1667140375\n|switch|p2a: Volcarona|Volcarona, M|100\/100\n|turn|5\n|\n|t:|1667140378\n|switch|p1a: Hippowdon|Hippowdon, F|100\/100\n|-weather|Sandstorm|[from] ability: Sand Stream|[of] p1a: Hippowdon\n|move|p2a: Volcarona|Quiver Dance|p2a: Volcarona\n|-boost|p2a: Volcarona|spa|1\n|-boost|p2a: Volcarona|spd|1\n|-boost|p2a: Volcarona|spe|1\n|\n|-weather|Sandstorm|[upkeep]\n|-damage|p2a: Volcarona|94\/100|[from] Sandstorm\n|upkeep\n|turn|6\n|j| jynx nuggets\n|\n|t:|1667140387\n|move|p2a: Volcarona|Fiery Dance|p1a: Hippowdon\n|-damage|p1a: Hippowdon|45\/100\n|-boost|p2a: Volcarona|spa|1\n|move|p1a: Hippowdon|Toxic|p2a: Volcarona\n|-status|p2a: Volcarona|tox\n|\n|-weather|Sandstorm|[upkeep]\n|-damage|p2a: Volcarona|88\/100 tox|[from] Sandstorm\n|-heal|p1a: Hippowdon|51\/100|[from] item: Leftovers\n|-damage|p2a: Volcarona|82\/100 tox|[from] psn\n|upkeep\n|turn|7\n|\n|t:|1667140396\n|switch|p1a: Slowking|Slowking-Galar, F|100\/100 par\n|move|p2a: Volcarona|Fiery Dance|p1a: Slowking\n|-damage|p1a: Slowking|55\/100 par\n|-boost|p2a: Volcarona|spa|1\n|\n|-weather|Sandstorm|[upkeep]\n|-damage|p2a: Volcarona|76\/100 tox|[from] Sandstorm\n|-damage|p1a: Slowking|49\/100 par|[from] Sandstorm\n|-damage|p2a: Volcarona|64\/100 tox|[from] psn\n|upkeep\n|turn|8\n|\n|t:|1667140407\n|switch|p1a: Urshifu|Urshifu-Rapid-Strike, M|100\/100\n|move|p2a: Volcarona|Fiery Dance|p1a: Urshifu\n|-resisted|p1a: Urshifu\n|-damage|p1a: Urshifu|6\/100\n|\n|-weather|Sandstorm|[upkeep]\n|-damage|p2a: Volcarona|58\/100 tox|[from] Sandstorm\n|-damage|p1a: Urshifu|0 fnt|[from] Sandstorm\n|faint|p1a: Urshifu\n|-damage|p2a: Volcarona|39\/100 tox|[from] psn\n|-sideend|p2: Venomous Crunch|move: Light Screen\n|upkeep\n|j| Juseth sepulveda\n|\n|t:|1667140419\n|switch|p1a: Hydreigon|Hydreigon, M|100\/100\n|turn|9\n|\n|t:|1667140429\n|switch|p1a: Corviknight|Corviknight, M|100\/100\n|-ability|p1a: Corviknight|Pressure\n|move|p2a: Volcarona|Fiery Dance|p1a: Corviknight\n|-supereffective|p1a: Corviknight\n|-damage|p1a: Corviknight|0 fnt\n|-boost|p2a: Volcarona|spa|1\n|faint|p1a: Corviknight\n|\n|-weather|none\n|-damage|p2a: Volcarona|15\/100 tox|[from] psn\n|-sideend|p2: Venomous Crunch|Reflect\n|upkeep\n|\n|t:|1667140438\n|switch|p1a: Tapu Koko|Tapu Koko|100\/100\n|-fieldstart|move: Electric Terrain|[from] ability: Electric Surge|[of] p1a: Tapu Koko\n|turn|10\n|\n|t:|1667140442\n|switch|p1a: Slowking|Slowking-Galar, F|82\/100 par\n|move|p2a: Volcarona|Giga Drain|p1a: Slowking\n|-resisted|p1a: Slowking\n|-damage|p1a: Slowking|63\/100 par\n|-heal|p2a: Volcarona|28\/100 tox|[from] drain|[of] p1a: Slowking\n|\n|-damage|p2a: Volcarona|0 fnt|[from] psn\n|faint|p2a: Volcarona\n|upkeep\n|\n|t:|1667140450\n|switch|p2a: Zeraora|Zeraora|100\/100\n|turn|11\n|\n|t:|1667140453\n|switch|p1a: Hippowdon|Hippowdon, F|51\/100\n|-weather|Sandstorm|[from] ability: Sand Stream|[of] p1a: Hippowdon\n|move|p2a: Zeraora|Bulk Up|p2a: Zeraora\n|-boost|p2a: Zeraora|atk|1\n|-boost|p2a: Zeraora|def|1\n|\n|-weather|Sandstorm|[upkeep]\n|-damage|p2a: Zeraora|95\/100|[from] Sandstorm\n|-heal|p1a: Hippowdon|57\/100|[from] item: Leftovers\n|upkeep\n|turn|12\n|l| jynx nuggets\n|\n|t:|1667140463\n|move|p2a: Zeraora|Bulk Up|p2a: Zeraora\n|-boost|p2a: Zeraora|atk|1\n|-boost|p2a: Zeraora|def|1\n|move|p1a: Hippowdon|Toxic|p2a: Zeraora\n|-status|p2a: Zeraora|tox\n|-enditem|p2a: Zeraora|Lum Berry|[eat]\n|-curestatus|p2a: Zeraora|tox|[msg]\n|\n|-weather|Sandstorm|[upkeep]\n|-damage|p2a: Zeraora|89\/100|[from] Sandstorm\n|-heal|p1a: Hippowdon|64\/100|[from] item: Leftovers\n|upkeep\n|turn|13\n|\n|t:|1667140472\n|move|p2a: Zeraora|Play Rough|p1a: Hippowdon\n|-damage|p1a: Hippowdon|26\/100\n|move|p1a: Hippowdon|Toxic|p2a: Zeraora|[miss]\n|-miss|p1a: Hippowdon|p2a: Zeraora\n|\n|-weather|Sandstorm|[upkeep]\n|-damage|p2a: Zeraora|83\/100|[from] Sandstorm\n|-heal|p1a: Hippowdon|32\/100|[from] item: Leftovers\n|upkeep\n|turn|14\n|\n|t:|1667140481\n|move|p2a: Zeraora|Close Combat|p1a: Hippowdon\n|-damage|p1a: Hippowdon|0 fnt\n|-unboost|p2a: Zeraora|def|1\n|-unboost|p2a: Zeraora|spd|1\n|faint|p1a: Hippowdon\n|\n|-weather|Sandstorm|[upkeep]\n|-damage|p2a: Zeraora|77\/100|[from] Sandstorm\n|-fieldend|move: Electric Terrain\n|upkeep\n|\n|t:|1667140485\n|switch|p1a: Slowking|Slowking-Galar, F|96\/100 par\n|turn|15\n|\n|t:|1667140490\n|move|p2a: Zeraora|Plasma Fists|p1a: Slowking\n|-damage|p1a: Slowking|27\/100 par\n|-fieldactivate|move: Ion Deluge\n|-hint|Normal-type moves become Electric-type after using Plasma Fists.\n|move|p1a: Slowking|Sludge Bomb|p2a: Zeraora\n|-damage|p2a: Zeraora|9\/100\n|\n|-weather|none\n|upkeep\n|turn|16\n|\n|t:|1667140498\n|move|p2a: Zeraora|Plasma Fists|p1a: Slowking\n|-crit|p1a: Slowking\n|-damage|p1a: Slowking|0 fnt\n|-fieldactivate|move: Ion Deluge\n|-hint|Normal-type moves become Electric-type after using Plasma Fists.\n|faint|p1a: Slowking\n|\n|upkeep\n|\n|t:|1667140501\n|switch|p1a: Tapu Koko|Tapu Koko|100\/100\n|-fieldstart|move: Electric Terrain|[from] ability: Electric Surge|[of] p1a: Tapu Koko\n|turn|17\n|\n|t:|1667140507\n|move|p2a: Zeraora|Plasma Fists|p1a: Tapu Koko\n|-resisted|p1a: Tapu Koko\n|-crit|p1a: Tapu Koko\n|-damage|p1a: Tapu Koko|0 fnt\n|-fieldactivate|move: Ion Deluge\n|-hint|Normal-type moves become Electric-type after using Plasma Fists.\n|faint|p1a: Tapu Koko\n|\n|upkeep\n|\n|t:|1667140510\n|switch|p1a: Hydreigon|Hydreigon, M|100\/100\n|turn|18\n|\n|t:|1667140515\n|move|p2a: Zeraora|Close Combat|p1a: Hydreigon\n|-supereffective|p1a: Hydreigon\n|-damage|p1a: Hydreigon|0 fnt\n|-unboost|p2a: Zeraora|def|1\n|-unboost|p2a: Zeraora|spd|1\n|faint|p1a: Hydreigon\n|\n|win|Venomous Crunch\n|raw|rooopos's rating: 1635 &rarr; <strong>1617<\/strong><br \/>(-18 for losing)\n|raw|Venomous Crunch's rating: 1672 &rarr; <strong>1690<\/strong><br \/>(+18 for winning)\n|c|\u2606Venomous Crunch|gg\n|c|\u2606rooopos|stfu\n|c|\u2606rooopos|lucky ass\n|c|\u2606Venomous Crunch|joke\n|l|\u2606rooopos\n|c|\u2606Venomous Crunch|trash\n||Ladder isn't responding, score probably updated but might not have (Request timeout).\n|l|\u2606Venomous Crunch\n|j| jynx nuggets\n","uploadtime":1667140903,"views":13,"p1id":"rooopos","p2id":"venomouscrunch","formatid":"gen8ou","rating":1617,"private":0,"password":null}