{"id":"gen8ou-1645786868","p1":"shelovesdenis","p2":"andrewm0n","format":"gen8ou","log":"|j|\u2606shelovesdenis\n|j|\u2606andrewm0n\n|t:|1661204097\n|gametype|singles\n|player|p1|shelovesdenis|skierf|1560\n|player|p2|andrewm0n|266|1590\n|teamsize|p1|6\n|teamsize|p2|6\n|gen|8\n|tier|[Gen 8] OU\n|rated|\n|rule|Sleep Clause Mod: Limit one foe put to sleep\n|rule|Species Clause: Limit one of each Pok\u00e9mon\n|rule|OHKO Clause: OHKO moves are banned\n|rule|Evasion Items Clause: Evasion items are banned\n|rule|Evasion Moves Clause: Evasion moves are banned\n|rule|Endless Battle Clause: Forcing endless battles is banned\n|rule|HP Percentage Mod: HP is shown in percentages\n|rule|Dynamax Clause: You cannot dynamax\n|clearpoke\n|poke|p1|Regieleki|\n|poke|p1|Mamoswine, F|\n|poke|p1|Blissey, F|\n|poke|p1|Corviknight, M|\n|poke|p1|Landorus-Therian, M|\n|poke|p1|Buzzwole|\n|poke|p2|Blaziken, M|\n|poke|p2|Clefable, F|\n|poke|p2|Seismitoad, M|\n|poke|p2|Corviknight, M|\n|poke|p2|Slowbro-Galar, M|\n|poke|p2|Obstagoon, M|\n|teampreview\n|\n|t:|1661204106\n|start\n|switch|p1a: Regieleki|Regieleki|100\/100\n|switch|p2a: Obstagoon|Obstagoon, M|100\/100\n|turn|1\n|\n|t:|1661204109\n|switch|p2a: Seismitoad|Seismitoad, M|100\/100\n|move|p1a: Regieleki|Volt Switch|p2a: Seismitoad\n|-immune|p2a: Seismitoad\n|\n|upkeep\n|turn|2\n|\n|t:|1661204112\n|switch|p1a: Landorus|Landorus-Therian, M|100\/100\n|-ability|p1a: Landorus|Intimidate|boost\n|-unboost|p2a: Seismitoad|atk|1\n|move|p2a: Seismitoad|Stealth Rock|p1a: Landorus\n|-sidestart|p1: shelovesdenis|move: Stealth Rock\n|\n|upkeep\n|turn|3\n|\n|t:|1661204116\n|move|p1a: Landorus|Explosion|p2a: Seismitoad\n|-enditem|p1a: Landorus|Normal Gem|[from] gem\n|-damage|p2a: Seismitoad|0 fnt\n|faint|p1a: Landorus\n|faint|p2a: Seismitoad\n|\n|upkeep\n|inactive|Battle timer is ON: inactive players will automatically lose when time's up. (requested by shelovesdenis)\n|\n|t:|1661204126\n|switch|p1a: Regieleki|Regieleki|100\/100\n|switch|p2a: Slowbro|Slowbro-Galar, M|100\/100\n|-damage|p1a: Regieleki|88\/100|[from] Stealth Rock\n|turn|4\n|inactive|shelovesdenis has 120 seconds left.\n|\n|t:|1661204159\n|switch|p1a: Blissey|Blissey, F|100\/100\n|move|p2a: Slowbro|Earthquake|p1a: Blissey\n|-damage|p1a: Blissey|77\/100\n|\n|upkeep\n|turn|5\n|\n|t:|1661204164\n|move|p1a: Blissey|Thunder Wave|p2a: Slowbro\n|-status|p2a: Slowbro|par\n|cant|p2a: Slowbro|par\n|\n|upkeep\n|turn|6\n|\n|t:|1661204168\n|move|p1a: Blissey|Seismic Toss|p2a: Slowbro\n|-damage|p2a: Slowbro|75\/100 par\n|cant|p2a: Slowbro|par\n|\n|upkeep\n|turn|7\n|\n|t:|1661204171\n|move|p1a: Blissey|Seismic Toss|p2a: Slowbro\n|-damage|p2a: Slowbro|50\/100 par\n|move|p2a: Slowbro|Drain Punch|p1a: Blissey\n|-supereffective|p1a: Blissey\n|-damage|p1a: Blissey|44\/100\n|-heal|p2a: Slowbro|79\/100 par|[from] drain|[of] p1a: Blissey\n|\n|upkeep\n|turn|8\n|\n|t:|1661204177\n|move|p1a: Blissey|Soft-Boiled|p1a: Blissey\n|-heal|p1a: Blissey|94\/100\n|move|p2a: Slowbro|Drain Punch|p1a: Blissey\n|-supereffective|p1a: Blissey\n|-damage|p1a: Blissey|57\/100\n|-heal|p2a: Slowbro|100\/100 par|[from] drain|[of] p1a: Blissey\n|\n|upkeep\n|turn|9\n|\n|t:|1661204181\n|move|p1a: Blissey|Soft-Boiled|p1a: Blissey\n|-heal|p1a: Blissey|100\/100\n|move|p2a: Slowbro|Shell Side Arm|p1a: Blissey|[anim] Shell Side Arm Physical\n|-damage|p1a: Blissey|72\/100\n|-hint|Physical Shell Side Arm\n|\n|upkeep\n|turn|10\n|\n|t:|1661204183\n|move|p1a: Blissey|Soft-Boiled|p1a: Blissey\n|-heal|p1a: Blissey|100\/100\n|move|p2a: Slowbro|Ice Beam|p1a: Blissey\n|-damage|p1a: Blissey|93\/100\n|\n|upkeep\n|turn|11\n|\n|t:|1661204189\n|move|p2a: Slowbro|Drain Punch|p1a: Blissey\n|-supereffective|p1a: Blissey\n|-damage|p1a: Blissey|58\/100\n|move|p1a: Blissey|Teleport|p1a: Blissey\n|\n|t:|1661204195\n|switch|p1a: Regieleki|Regieleki|88\/100|[from]move: Teleport\n|-damage|p1a: Regieleki|76\/100|[from] Stealth Rock\n|\n|upkeep\n|turn|12\n|\n|t:|1661204198\n|move|p1a: Regieleki|Volt Switch|p2a: Slowbro\n|-damage|p2a: Slowbro|50\/100 par\n|\n|t:|1661204201\n|switch|p1a: Blissey|Blissey, F|58\/100|[from]move: Volt Switch\n|cant|p2a: Slowbro|par\n|\n|upkeep\n|turn|13\n|\n|t:|1661204205\n|cant|p2a: Slowbro|par\n|move|p1a: Blissey|Teleport|p1a: Blissey\n|\n|t:|1661204207\n|switch|p1a: Regieleki|Regieleki|76\/100|[from]move: Teleport\n|-damage|p1a: Regieleki|64\/100|[from] Stealth Rock\n|\n|upkeep\n|turn|14\n|\n|t:|1661204211\n|move|p1a: Regieleki|Thunderbolt|p2a: Slowbro\n|-damage|p2a: Slowbro|0 fnt\n|faint|p2a: Slowbro\n|\n|upkeep\n|\n|t:|1661204213\n|switch|p2a: Obstagoon|Obstagoon, M|100\/100\n|turn|15\n|\n|t:|1661204222\n|switch|p1a: Corviknight|Corviknight, M|100\/100\n|-damage|p1a: Corviknight|88\/100|[from] Stealth Rock\n|-ability|p1a: Corviknight|Pressure\n|move|p2a: Obstagoon|Knock Off|p1a: Corviknight\n|-damage|p1a: Corviknight|71\/100\n|-enditem|p1a: Corviknight|Leftovers|[from] move: Knock Off|[of] p2a: Obstagoon\n|\n|upkeep\n|turn|16\n|\n|t:|1661204226\n|switch|p2a: Corviknight|Corviknight, M|100\/100\n|-ability|p2a: Corviknight|Pressure\n|move|p1a: Corviknight|U-turn|p2a: Corviknight\n|-resisted|p2a: Corviknight\n|-damage|p2a: Corviknight|98\/100\n|-damage|p1a: Corviknight|54\/100|[from] item: Rocky Helmet|[of] p2a: Corviknight\n|\n|t:|1661204228\n|switch|p1a: Regieleki|Regieleki|64\/100|[from]move: U-turn\n|-damage|p1a: Regieleki|51\/100|[from] Stealth Rock\n|\n|upkeep\n|turn|17\n|\n|t:|1661204230\n|move|p1a: Regieleki|Thunderbolt|p2a: Corviknight\n|-supereffective|p2a: Corviknight\n|-damage|p2a: Corviknight|0 fnt\n|faint|p2a: Corviknight\n|\n|upkeep\n|\n|t:|1661204231\n|switch|p2a: Obstagoon|Obstagoon, M|100\/100\n|turn|18\n|\n|t:|1661204234\n|switch|p1a: Corviknight|Corviknight, M|54\/100\n|-damage|p1a: Corviknight|42\/100|[from] Stealth Rock\n|-ability|p1a: Corviknight|Pressure\n|move|p2a: Obstagoon|Switcheroo|p1a: Corviknight\n|-activate|p2a: Obstagoon|move: Trick|[of] p1a: Corviknight\n|-item|p1a: Corviknight|Choice Scarf|[from] move: Switcheroo\n|-enditem|p2a: Obstagoon|Choice Scarf|[silent]|[from] move: Switcheroo\n|\n|upkeep\n|turn|19\n|\n|t:|1661204242\n|move|p1a: Corviknight|U-turn|p2a: Obstagoon\n|-supereffective|p2a: Obstagoon\n|-damage|p2a: Obstagoon|83\/100\n|\n|t:|1661204244\n|switch|p1a: Buzzwole|Buzzwole|100\/100|[from]move: U-turn\n|-damage|p1a: Buzzwole|88\/100|[from] Stealth Rock\n|move|p2a: Obstagoon|Iron Defense|p2a: Obstagoon\n|-boost|p2a: Obstagoon|def|2\n|\n|upkeep\n|turn|20\n|\n|t:|1661204250\n|switch|p2a: Clefable|Clefable, F|100\/100\n|move|p1a: Buzzwole|Close Combat|p2a: Clefable\n|-resisted|p2a: Clefable\n|-damage|p2a: Clefable|76\/100\n|-unboost|p1a: Buzzwole|def|1\n|-unboost|p1a: Buzzwole|spd|1\n|\n|-heal|p2a: Clefable|82\/100|[from] item: Leftovers\n|upkeep\n|turn|21\n|\n|t:|1661204253\n|switch|p1a: Corviknight|Corviknight, M|42\/100\n|-damage|p1a: Corviknight|29\/100|[from] Stealth Rock\n|-ability|p1a: Corviknight|Pressure\n|switch|p2a: Blaziken|Blaziken, M|100\/100\n|\n|upkeep\n|turn|22\n|\n|t:|1661204258\n|move|p2a: Blaziken|Protect|p2a: Blaziken\n|-singleturn|p2a: Blaziken|Protect\n|move|p1a: Corviknight|Brave Bird|p2a: Blaziken\n|-activate|p2a: Blaziken|move: Protect\n|\n|-ability|p2a: Blaziken|Speed Boost|boost\n|-boost|p2a: Blaziken|spe|1\n|upkeep\n|turn|23\n|\n|t:|1661204262\n|move|p2a: Blaziken|Flare Blitz|p1a: Corviknight\n|-supereffective|p1a: Corviknight\n|-damage|p1a: Corviknight|0 fnt\n|faint|p1a: Corviknight\n|-damage|p2a: Blaziken|88\/100|[from] Recoil\n|\n|-heal|p2a: Blaziken|94\/100|[from] item: Leftovers\n|-ability|p2a: Blaziken|Speed Boost|boost\n|-boost|p2a: Blaziken|spe|1\n|upkeep\n|\n|t:|1661204269\n|switch|p1a: Mamoswine|Mamoswine, F|100\/100\n|-damage|p1a: Mamoswine|88\/100|[from] Stealth Rock\n|turn|24\n|\n|t:|1661204273\n|move|p2a: Blaziken|Close Combat|p1a: Mamoswine\n|-supereffective|p1a: Mamoswine\n|-damage|p1a: Mamoswine|0 fnt\n|-unboost|p2a: Blaziken|def|1\n|-unboost|p2a: Blaziken|spd|1\n|faint|p1a: Mamoswine\n|\n|-heal|p2a: Blaziken|99\/100|[from] item: Leftovers\n|-ability|p2a: Blaziken|Speed Boost|boost\n|-boost|p2a: Blaziken|spe|1\n|upkeep\n|\n|t:|1661204279\n|switch|p1a: Buzzwole|Buzzwole|88\/100\n|-damage|p1a: Buzzwole|76\/100|[from] Stealth Rock\n|turn|25\n|\n|t:|1661204284\n|move|p2a: Blaziken|Flare Blitz|p1a: Buzzwole\n|-supereffective|p1a: Buzzwole\n|-damage|p1a: Buzzwole|0 fnt\n|-damage|p2a: Blaziken|83\/100|[from] item: Rocky Helmet|[of] p1a: Buzzwole\n|faint|p1a: Buzzwole\n|-damage|p2a: Blaziken|51\/100|[from] Recoil\n|\n|-heal|p2a: Blaziken|57\/100|[from] item: Leftovers\n|-ability|p2a: Blaziken|Speed Boost|boost\n|-boost|p2a: Blaziken|spe|1\n|upkeep\n|\n|t:|1661204287\n|switch|p1a: Blissey|Blissey, F|58\/100\n|turn|26\n|\n|t:|1661204288\n|move|p2a: Blaziken|Close Combat|p1a: Blissey\n|-supereffective|p1a: Blissey\n|-damage|p1a: Blissey|0 fnt\n|-unboost|p2a: Blaziken|def|1\n|-unboost|p2a: Blaziken|spd|1\n|faint|p1a: Blissey\n|\n|-heal|p2a: Blaziken|63\/100|[from] item: Leftovers\n|-ability|p2a: Blaziken|Speed Boost|boost\n|-boost|p2a: Blaziken|spe|1\n|upkeep\n|\n|t:|1661204291\n|switch|p1a: Regieleki|Regieleki|51\/100\n|-damage|p1a: Regieleki|39\/100|[from] Stealth Rock\n|turn|27\n|\n|t:|1661204292\n|move|p2a: Blaziken|Close Combat|p1a: Regieleki\n|-damage|p1a: Regieleki|0 fnt\n|-unboost|p2a: Blaziken|def|1\n|-unboost|p2a: Blaziken|spd|1\n|faint|p1a: Regieleki\n|\n|win|andrewm0n\n|raw|shelovesdenis's rating: 1560 &rarr; <strong>1542<\/strong><br \/>(-18 for losing)\n|raw|andrewm0n's rating: 1590 &rarr; <strong>1608<\/strong><br \/>(+18 for winning)\n","uploadtime":1661204296,"views":21,"p1id":"shelovesdenis","p2id":"andrewm0n","formatid":"gen8ou","rating":1542,"private":0,"password":null}