{"id":"gen8ou-1636112642","p1":"kinetic chain","p2":"LT92PF cry","format":"gen8ou","log":"|raw|<div class=\"broadcast-blue\"><strong>This battle is required to be public due to a player having a name starting with 'lt92pf'.<\/div>\n|j|\u203dkinetic chain\n|j|\u2606LT92PF cry\n|t:|1660085081\n|gametype|singles\n|player|p1|kinetic chain|giovanni-gen1|1894\n|player|p2|LT92PF cry|265|1794\n|teamsize|p1|6\n|teamsize|p2|6\n|gen|8\n|tier|[Gen 8] OU\n|rated|\n|rule|Sleep Clause Mod: Limit one foe put to sleep\n|rule|Species Clause: Limit one of each Pok\u00e9mon\n|rule|OHKO Clause: OHKO moves are banned\n|rule|Evasion Items Clause: Evasion items are banned\n|rule|Evasion Moves Clause: Evasion moves are banned\n|rule|Endless Battle Clause: Forcing endless battles is banned\n|rule|HP Percentage Mod: HP is shown in percentages\n|rule|Dynamax Clause: You cannot dynamax\n|clearpoke\n|poke|p1|Dragapult, F|\n|poke|p1|Clefable, M|\n|poke|p1|Heatran, F|\n|poke|p1|Landorus-Therian, M|\n|poke|p1|Tornadus-Therian, M|\n|poke|p1|Rillaboom, F|\n|poke|p2|Torkoal, M|\n|poke|p2|Mandibuzz, F|\n|poke|p2|Heatran, M|\n|poke|p2|Swampert, F|\n|poke|p2|Victini|\n|poke|p2|Venusaur, M|\n|teampreview\n|inactive|Battle timer is ON: inactive players will automatically lose when time's up. (requested by LT92PF cry)\n|inactive|LT92PF cry has 120 seconds left.\n|\n|t:|1660085112\n|start\n|switch|p1a: Tornadus|Tornadus-Therian, M|100\/100\n|switch|p2a: Victini|Victini|100\/100\n|turn|1\n|\n|t:|1660085135\n|move|p2a: Victini|Final Gambit|p1a: Tornadus\n|-damage|p1a: Tornadus|0 fnt\n|faint|p2a: Victini\n|faint|p1a: Tornadus\n|\n|upkeep\n|j| Enzonana\n|\n|t:|1660085147\n|switch|p1a: Landorus|Landorus-Therian, M|100\/100\n|switch|p2a: Swampert|Swampert, F|100\/100\n|-ability|p1a: Landorus|Intimidate|boost\n|-unboost|p2a: Swampert|atk|1\n|turn|2\n|j| PUVS wait\n|\n|t:|1660085166\n|move|p1a: Landorus|Toxic|p2a: Swampert\n|-status|p2a: Swampert|tox\n|move|p2a: Swampert|Ice Punch|p1a: Landorus\n|-supereffective|p1a: Landorus\n|-damage|p1a: Landorus|7\/100\n|\n|-heal|p1a: Landorus|13\/100|[from] item: Leftovers\n|-damage|p2a: Swampert|94\/100 tox|[from] psn\n|upkeep\n|turn|3\n|\n|t:|1660085179\n|move|p1a: Landorus|Stealth Rock|p2a: Swampert\n|-sidestart|p2: LT92PF cry|move: Stealth Rock\n|move|p2a: Swampert|Ice Punch|p1a: Landorus\n|-supereffective|p1a: Landorus\n|-damage|p1a: Landorus|0 fnt\n|faint|p1a: Landorus\n|\n|-damage|p2a: Swampert|82\/100 tox|[from] psn\n|upkeep\n|j| LT92PF EMPIR3\n|j| Waylaid\n|\n|t:|1660085202\n|switch|p1a: Dragapult|Dragapult, F|100\/100\n|turn|4\n|inactive|LT92PF cry has 120 seconds left.\n|\n|t:|1660085223\n|switch|p2a: Heatran|Heatran, M|100\/100\n|-damage|p2a: Heatran|88\/100|[from] Stealth Rock\n|-item|p2a: Heatran|Air Balloon\n|move|p1a: Dragapult|Will-O-Wisp|p2a: Heatran\n|-start|p2a: Heatran|ability: Flash Fire\n|\n|upkeep\n|turn|5\n|\n|t:|1660085229\n|move|p1a: Dragapult|Thunder Wave|p2a: Heatran\n|-status|p2a: Heatran|par\n|move|p2a: Heatran|Eruption|p1a: Dragapult\n|-resisted|p1a: Dragapult\n|-damage|p1a: Dragapult|28\/100\n|\n|upkeep\n|turn|6\n|\n|t:|1660085237\n|move|p1a: Dragapult|Hex|p2a: Heatran\n|-damage|p2a: Heatran|35\/100 par\n|-enditem|p2a: Heatran|Air Balloon\n|move|p2a: Heatran|Flash Cannon|p1a: Dragapult\n|-damage|p1a: Dragapult|0 fnt\n|faint|p1a: Dragapult\n|\n|upkeep\n|inactive|kinetic chain has 120 seconds left.\n|inactive|kinetic chain has 90 seconds left.\n|j| jeanmilapipe\n|\n|t:|1660085302\n|switch|p1a: Clefable|Clefable, M|100\/100\n|turn|7\n|\n|t:|1660085316\n|-end|p2a: Heatran|ability: Flash Fire|[silent]\n|switch|p2a: Torkoal|Torkoal, M|100\/100\n|-damage|p2a: Torkoal|76\/100|[from] Stealth Rock\n|-weather|SunnyDay|[from] ability: Drought|[of] p2a: Torkoal\n|move|p1a: Clefable|Calm Mind|p1a: Clefable\n|-boost|p1a: Clefable|spa|1\n|-boost|p1a: Clefable|spd|1\n|\n|-weather|SunnyDay|[upkeep]\n|upkeep\n|turn|8\n|inactive|kinetic chain has 90 seconds left.\n|\n|t:|1660085327\n|move|p1a: Clefable|Moonblast|p2a: Torkoal\n|-resisted|p2a: Torkoal\n|-crit|p2a: Torkoal\n|-damage|p2a: Torkoal|26\/100\n|move|p2a: Torkoal|Rapid Spin|p1a: Clefable\n|-damage|p1a: Clefable|93\/100\n|-boost|p2a: Torkoal|spe|1\n|-sideend|p2: LT92PF cry|Stealth Rock|[from] move: Rapid Spin|[of] p2a: Torkoal\n|\n|-weather|SunnyDay|[upkeep]\n|-heal|p1a: Clefable|99\/100|[from] item: Leftovers\n|upkeep\n|turn|9\n|j| Dr J3kyll\n|\n|t:|1660085335\n|move|p1a: Clefable|Moonblast|p2a: Torkoal\n|-resisted|p2a: Torkoal\n|-damage|p2a: Torkoal|0 fnt\n|faint|p2a: Torkoal\n|\n|-weather|SunnyDay|[upkeep]\n|-heal|p1a: Clefable|100\/100|[from] item: Leftovers\n|upkeep\n|\n|t:|1660085347\n|switch|p2a: Swampert|Swampert, F|82\/100 tox\n|turn|10\n|\n|t:|1660085352\n|move|p2a: Swampert|Earthquake|p1a: Clefable\n|-damage|p1a: Clefable|45\/100\n|move|p1a: Clefable|Soft-Boiled|p1a: Clefable\n|-heal|p1a: Clefable|95\/100\n|\n|-weather|SunnyDay|[upkeep]\n|-heal|p1a: Clefable|100\/100|[from] item: Leftovers\n|-damage|p2a: Swampert|75\/100 tox|[from] psn\n|upkeep\n|turn|11\n|\n|t:|1660085355\n|move|p2a: Swampert|Earthquake|p1a: Clefable\n|-crit|p1a: Clefable\n|-damage|p1a: Clefable|15\/100\n|move|p1a: Clefable|Soft-Boiled|p1a: Clefable\n|-heal|p1a: Clefable|65\/100\n|\n|-weather|SunnyDay|[upkeep]\n|-heal|p1a: Clefable|71\/100|[from] item: Leftovers\n|-damage|p2a: Swampert|63\/100 tox|[from] psn\n|upkeep\n|turn|12\n|\n|t:|1660085361\n|switch|p2a: Venusaur|Venusaur, M|100\/100\n|move|p1a: Clefable|Soft-Boiled|p1a: Clefable\n|-heal|p1a: Clefable|100\/100\n|\n|-weather|SunnyDay|[upkeep]\n|upkeep\n|turn|13\n|\n|t:|1660085363\n|move|p2a: Venusaur|Growth|p2a: Venusaur\n|-boost|p2a: Venusaur|atk|2\n|-boost|p2a: Venusaur|spa|2\n|move|p1a: Clefable|Flamethrower|p2a: Venusaur\n|-supereffective|p2a: Venusaur\n|-damage|p2a: Venusaur|7\/100\n|\n|-weather|SunnyDay|[upkeep]\n|upkeep\n|turn|14\n|j| lt92pf mj\n|inactive|LT92PF cry has 120 seconds left.\n|\n|t:|1660085397\n|switch|p1a: Heatran|Heatran, F|100\/100\n|move|p2a: Venusaur|Giga Drain|p1a: Heatran\n|-resisted|p1a: Heatran\n|-damage|p1a: Heatran|87\/100\n|-heal|p2a: Venusaur|15\/100|[from] drain|[of] p1a: Heatran\n|-damage|p2a: Venusaur|5\/100|[from] item: Life Orb\n|\n|-weather|none\n|-heal|p1a: Heatran|93\/100|[from] item: Leftovers\n|upkeep\n|turn|15\n|inactive|LT92PF cry has 120 seconds left.\n|inactive|kinetic chain has 120 seconds left.\n|\n|t:|1660085413\n|switch|p1a: Rillaboom|Rillaboom, F|100\/100\n|-fieldstart|move: Grassy Terrain|[from] ability: Grassy Surge|[of] p1a: Rillaboom\n|move|p2a: Venusaur|Earthquake|p1a: Rillaboom\n|-resisted|p1a: Rillaboom\n|-damage|p1a: Rillaboom|88\/100\n|-damage|p2a: Venusaur|0 fnt|[from] item: Life Orb\n|faint|p2a: Venusaur\n|\n|-heal|p1a: Rillaboom|95\/100|[from] Grassy Terrain\n|upkeep\n|\n|t:|1660085417\n|switch|p2a: Mandibuzz|Mandibuzz, F|100\/100\n|turn|16\n|j| LT92PF Raizen\n|\n|t:|1660085429\n|switch|p2a: Heatran|Heatran, M|35\/100 par\n|switch|p1a: Clefable|Clefable, M|100\/100\n|\n|-heal|p2a: Heatran|41\/100 par|[from] Grassy Terrain\n|upkeep\n|turn|17\n|\n|t:|1660085437\n|switch|p1a: Heatran|Heatran, F|93\/100\n|move|p2a: Heatran|Flash Cannon|p1a: Heatran\n|-resisted|p1a: Heatran\n|-damage|p1a: Heatran|86\/100\n|\n|-heal|p1a: Heatran|93\/100|[from] Grassy Terrain\n|-heal|p1a: Heatran|99\/100|[from] item: Leftovers\n|-heal|p2a: Heatran|47\/100 par|[from] Grassy Terrain\n|upkeep\n|turn|18\n|l| Enzonana\n|\n|t:|1660085449\n|switch|p2a: Mandibuzz|Mandibuzz, F|100\/100\n|move|p1a: Heatran|Magma Storm|p2a: Mandibuzz\n|-damage|p2a: Mandibuzz|65\/100\n|-activate|p2a: Mandibuzz|move: Magma Storm|[of] p1a: Heatran\n|\n|-heal|p1a: Heatran|100\/100|[from] Grassy Terrain\n|-damage|p2a: Mandibuzz|53\/100|[from] move: Magma Storm|[partiallytrapped]\n|upkeep\n|turn|19\n|j|+Dragonillis\n|\n|t:|1660085457\n|move|p2a: Mandibuzz|Roost|p2a: Mandibuzz\n|-heal|p2a: Mandibuzz|100\/100\n|-singleturn|p2a: Mandibuzz|move: Roost\n|move|p1a: Heatran|Earth Power|p2a: Mandibuzz\n|-damage|p2a: Mandibuzz|82\/100\n|-unboost|p2a: Mandibuzz|spd|1\n|\n|-heal|p2a: Mandibuzz|88\/100|[from] Grassy Terrain\n|-damage|p2a: Mandibuzz|76\/100|[from] move: Magma Storm|[partiallytrapped]\n|-fieldend|move: Grassy Terrain\n|upkeep\n|turn|20\n|\n|t:|1660085462\n|move|p2a: Mandibuzz|Roost|p2a: Mandibuzz\n|-heal|p2a: Mandibuzz|100\/100\n|-singleturn|p2a: Mandibuzz|move: Roost\n|move|p1a: Heatran|Taunt|p2a: Mandibuzz\n|-start|p2a: Mandibuzz|move: Taunt\n|\n|-damage|p2a: Mandibuzz|88\/100|[from] move: Magma Storm|[partiallytrapped]\n|upkeep\n|turn|21\n|\n|t:|1660085467\n|move|p2a: Mandibuzz|Foul Play|p1a: Heatran\n|-damage|p1a: Heatran|78\/100\n|move|p1a: Heatran|Magma Storm|p2a: Mandibuzz\n|-damage|p2a: Mandibuzz|33\/100\n|\n|-heal|p1a: Heatran|84\/100|[from] item: Leftovers\n|-damage|p2a: Mandibuzz|21\/100|[from] move: Magma Storm|[partiallytrapped]\n|upkeep\n|turn|22\n|\n|t:|1660085476\n|move|p2a: Mandibuzz|Foul Play|p1a: Heatran\n|-damage|p1a: Heatran|57\/100\n|move|p1a: Heatran|Magma Storm|p2a: Mandibuzz|[miss]\n|-miss|p1a: Heatran|p2a: Mandibuzz\n|\n|-heal|p1a: Heatran|64\/100|[from] item: Leftovers\n|-damage|p2a: Mandibuzz|9\/100|[from] move: Magma Storm|[partiallytrapped]\n|upkeep\n|turn|23\n|\n|t:|1660085482\n|move|p2a: Mandibuzz|Foul Play|p1a: Heatran\n|-damage|p1a: Heatran|40\/100\n|move|p1a: Heatran|Heavy Slam|p2a: Mandibuzz\n|-damage|p2a: Mandibuzz|0 fnt\n|-damage|p1a: Heatran|24\/100|[from] item: Rocky Helmet|[of] p2a: Mandibuzz\n|faint|p2a: Mandibuzz\n|\n|-heal|p1a: Heatran|30\/100|[from] item: Leftovers\n|upkeep\n|\n|t:|1660085490\n|switch|p2a: Swampert|Swampert, F|63\/100 tox\n|turn|24\n|\n|t:|1660085496\n|move|p2a: Swampert|Flip Turn|p1a: Heatran\n|-supereffective|p1a: Heatran\n|-damage|p1a: Heatran|0 fnt\n|faint|p1a: Heatran\n|j| bored_glitch\n|\n|t:|1660085499\n|switch|p2a: Heatran|Heatran, M|47\/100 par|[from]move: Flip Turn\n|\n|upkeep\n|\n|t:|1660085501\n|switch|p1a: Rillaboom|Rillaboom, F|95\/100\n|-fieldstart|move: Grassy Terrain|[from] ability: Grassy Surge|[of] p1a: Rillaboom\n|turn|25\n|\n|t:|1660085503\n|switch|p2a: Swampert|Swampert, F|63\/100 tox\n|move|p1a: Rillaboom|Superpower|p2a: Swampert\n|-damage|p2a: Swampert|2\/100 tox\n|-unboost|p1a: Rillaboom|atk|1\n|-unboost|p1a: Rillaboom|def|1\n|\n|-heal|p1a: Rillaboom|100\/100|[from] Grassy Terrain\n|-heal|p2a: Swampert|8\/100 tox|[from] Grassy Terrain\n|-damage|p2a: Swampert|2\/100 tox|[from] psn\n|upkeep\n|turn|26\n|\n|t:|1660085518\n|move|p1a: Rillaboom|Superpower|p2a: Swampert\n|-damage|p2a: Swampert|0 fnt\n|-unboost|p1a: Rillaboom|atk|1\n|-unboost|p1a: Rillaboom|def|1\n|faint|p2a: Swampert\n|\n|upkeep\n|l| lt92pf mj\n|\n|t:|1660085519\n|switch|p2a: Heatran|Heatran, M|47\/100 par\n|turn|27\n|\n|t:|1660085524\n|switch|p1a: Clefable|Clefable, M|100\/100\n|cant|p2a: Heatran|par\n|\n|-heal|p2a: Heatran|53\/100 par|[from] Grassy Terrain\n|upkeep\n|turn|28\n|\n|t:|1660085527\n|move|p1a: Clefable|Calm Mind|p1a: Clefable\n|-boost|p1a: Clefable|spa|1\n|-boost|p1a: Clefable|spd|1\n|move|p2a: Heatran|Flash Cannon|p1a: Clefable\n|-supereffective|p1a: Clefable\n|-damage|p1a: Clefable|50\/100\n|\n|-heal|p1a: Clefable|56\/100|[from] Grassy Terrain\n|-heal|p1a: Clefable|62\/100|[from] item: Leftovers\n|-heal|p2a: Heatran|60\/100 par|[from] Grassy Terrain\n|upkeep\n|turn|29\n|\n|t:|1660085529\n|move|p1a: Clefable|Calm Mind|p1a: Clefable\n|-boost|p1a: Clefable|spa|1\n|-boost|p1a: Clefable|spd|1\n|move|p2a: Heatran|Flash Cannon|p1a: Clefable\n|-supereffective|p1a: Clefable\n|-damage|p1a: Clefable|23\/100\n|\n|-heal|p1a: Clefable|29\/100|[from] Grassy Terrain\n|-heal|p1a: Clefable|35\/100|[from] item: Leftovers\n|-heal|p2a: Heatran|66\/100 par|[from] Grassy Terrain\n|-fieldend|move: Grassy Terrain\n|upkeep\n|turn|30\n|\n|t:|1660085531\n|move|p1a: Clefable|Soft-Boiled|p1a: Clefable\n|-heal|p1a: Clefable|85\/100\n|cant|p2a: Heatran|par\n|\n|-heal|p1a: Clefable|91\/100|[from] item: Leftovers\n|upkeep\n|turn|31\n|\n|t:|1660085533\n|move|p1a: Clefable|Calm Mind|p1a: Clefable\n|-boost|p1a: Clefable|spa|1\n|-boost|p1a: Clefable|spd|1\n|move|p2a: Heatran|Flash Cannon|p1a: Clefable\n|-supereffective|p1a: Clefable\n|-crit|p1a: Clefable\n|-damage|p1a: Clefable|0 fnt\n|faint|p1a: Clefable\n|\n|upkeep\n|\n|t:|1660085542\n|switch|p1a: Rillaboom|Rillaboom, F|100\/100\n|-fieldstart|move: Grassy Terrain|[from] ability: Grassy Surge|[of] p1a: Rillaboom\n|turn|32\n|\n|t:|1660085548\n|move|p1a: Rillaboom|Superpower|p2a: Heatran\n|-supereffective|p2a: Heatran\n|-damage|p2a: Heatran|0 fnt\n|-unboost|p1a: Rillaboom|atk|1\n|-unboost|p1a: Rillaboom|def|1\n|faint|p2a: Heatran\n|\n|win|kinetic chain\n|raw|kinetic chain's rating: 1894 &rarr; <strong>1908<\/strong><br \/>(+14 for winning)\n|raw|LT92PF cry's rating: 1794 &rarr; <strong>1780<\/strong><br \/>(-14 for losing)\n|l|\u2606LT92PF cry\n|l| Dr J3kyll\n|l|\u203dkinetic chain\n|l| LT92PF Raizen\n||Ladder isn't responding, score probably updated but might not have (Request timeout).\n|l| bored_glitch\n|l| LT92PF EMPIR3\n|l|+Dragonillis\n|j|+Dragonillis\n","uploadtime":1660085762,"views":78,"p1id":"kineticchain","p2id":"lt92pfcry","formatid":"gen8ou","rating":1780,"private":0,"password":null}