{"id":"gen8ou-1271203328","p1":"LolzMachine","p2":"Le-Perpetrator","format":"gen8ou","log":"|html|<div class=\"broadcast-blue\"><strong>[Gen 8] OU is currently suspecting Spectrier! For information on how to participate check out the <a href=\"https:\/\/www.smogon.com\/forums\/threads\/np-ss-ou-suspect-process-round-9-old-town-road.3676744\/\">suspect thread<\/a>.<\/strong><\/div>\n|j|\u2606LolzMachine\n|j|\u2606Le-Perpetrator\n|t:|1611842687\n|player|p1|LolzMachine|294|1681\n|player|p2|Le-Perpetrator|265|1726\n|teamsize|p1|6\n|teamsize|p2|6\n|gametype|singles\n|gen|8\n|tier|[Gen 8] OU\n|rated|\n|clearpoke\n|poke|p1|Regidrago|\n|poke|p1|Zarude-Dada|\n|poke|p1|Kommo-o, M|\n|poke|p1|Klefki, F|\n|poke|p1|Melmetal|\n|poke|p1|Landorus-Therian, M|\n|poke|p2|Tapu Lele|\n|poke|p2|Ferrothorn, F|\n|poke|p2|Gastrodon, F|\n|poke|p2|Cinderace, F|\n|poke|p2|Zapdos|\n|poke|p2|Porygon-Z|\n|rule|Sleep Clause Mod: Limit one foe put to sleep\n|rule|Species Clause: Limit one of each Pok\u00e9mon\n|rule|OHKO Clause: OHKO moves are banned\n|rule|Evasion Moves Clause: Evasion moves are banned\n|rule|Endless Battle Clause: Forcing endless battles is banned\n|rule|HP Percentage Mod: HP is shown in percentages\n|rule|Dynamax Clause: You cannot dynamax\n|teampreview\n|\n|t:|1611842704\n|start\n|switch|p1a: Klefki|Klefki, F|100\/100\n|switch|p2a: Tapu Lele|Tapu Lele|100\/100\n|-fieldstart|move: Psychic Terrain|[from] ability: Psychic Surge|[of] p2a: Tapu Lele\n|turn|1\n|\n|t:|1611842719\n|switch|p2a: Zapdos|Zapdos|100\/100\n|move|p1a: Klefki|Spikes|p2a: Zapdos\n|-sidestart|p2: Le-Perpetrator|Spikes\n|\n|upkeep\n|turn|2\n|\n|t:|1611842724\n|move|p1a: Klefki|Switcheroo|p2a: Zapdos\n|-activate|p1a: Klefki|move: Trick|[of] p2a: Zapdos\n|-item|p2a: Zapdos|Ring Target|[from] move: Switcheroo\n|-item|p1a: Klefki|Heavy-Duty Boots|[from] move: Switcheroo\n|move|p2a: Zapdos|Heat Wave|p1a: Klefki\n|-supereffective|p1a: Klefki\n|-damage|p1a: Klefki|36\/100\n|\n|upkeep\n|turn|3\n|\n|t:|1611842731\n|move|p1a: Klefki|Spikes|p2a: Zapdos\n|-sidestart|p2: Le-Perpetrator|Spikes\n|move|p2a: Zapdos|Defog|p1a: Klefki\n|-unboost|p1a: Klefki|evasion|1\n|-sideend|p2: Le-Perpetrator|Spikes|[from] move: Defog|[of] p2a: Zapdos\n|-fieldend|move: Psychic Terrain\n|\n|upkeep\n|turn|4\n|\n|t:|1611842736\n|move|p1a: Klefki|Spikes|p2a: Zapdos\n|-sidestart|p2: Le-Perpetrator|Spikes\n|move|p2a: Zapdos|Heat Wave|p1a: Klefki\n|-supereffective|p1a: Klefki\n|-damage|p1a: Klefki|0 fnt\n|faint|p1a: Klefki\n|\n|upkeep\n|\n|t:|1611842740\n|switch|p1a: Landorus|Landorus-Therian, M|100\/100\n|-ability|p1a: Landorus|Intimidate|boost\n|-unboost|p2a: Zapdos|atk|1\n|turn|5\n|\n|t:|1611842745\n|move|p1a: Landorus|Earthquake|p2a: Zapdos\n|-supereffective|p2a: Zapdos\n|-damage|p2a: Zapdos|2\/100\n|move|p2a: Zapdos|Defog|p1a: Landorus\n|-unboost|p1a: Landorus|evasion|1\n|-sideend|p2: Le-Perpetrator|Spikes|[from] move: Defog|[of] p2a: Zapdos\n|\n|upkeep\n|turn|6\n|\n|t:|1611842752\n|move|p1a: Landorus|Stealth Rock|p2a: Zapdos\n|-sidestart|p2: Le-Perpetrator|move: Stealth Rock\n|move|p2a: Zapdos|Heat Wave|p1a: Landorus\n|-damage|p1a: Landorus|69\/100\n|-status|p1a: Landorus|brn\n|\n|-damage|p1a: Landorus|63\/100 brn|[from] brn\n|upkeep\n|turn|7\n|\n|t:|1611842760\n|move|p1a: Landorus|Earthquake|p2a: Zapdos\n|-supereffective|p2a: Zapdos\n|-damage|p2a: Zapdos|0 fnt\n|faint|p2a: Zapdos\n|\n|-damage|p1a: Landorus|57\/100 brn|[from] brn\n|upkeep\n|\n|t:|1611842774\n|switch|p2a: Tapu Lele|Tapu Lele|100\/100\n|-damage|p2a: Tapu Lele|88\/100|[from] Stealth Rock\n|-fieldstart|move: Psychic Terrain|[from] ability: Psychic Surge|[of] p2a: Tapu Lele\n|turn|8\n|\n|t:|1611842782\n|move|p2a: Tapu Lele|Psychic|p1a: Landorus\n|-damage|p1a: Landorus|0 fnt\n|faint|p1a: Landorus\n|\n|upkeep\n|\n|t:|1611842785\n|switch|p1a: Melmetal|Melmetal|100\/100\n|turn|9\n|\n|t:|1611842788\n|switch|p2a: Gastrodon|Gastrodon, F|100\/100\n|-damage|p2a: Gastrodon|94\/100|[from] Stealth Rock\n|move|p1a: Melmetal|Superpower|p2a: Gastrodon\n|-damage|p2a: Gastrodon|34\/100\n|-unboost|p1a: Melmetal|atk|1\n|-unboost|p1a: Melmetal|def|1\n|\n|-heal|p2a: Gastrodon|40\/100|[from] item: Leftovers\n|upkeep\n|turn|10\n|\n|t:|1611842798\n|move|p1a: Melmetal|Superpower|p2a: Gastrodon\n|-damage|p2a: Gastrodon|1\/100\n|-unboost|p1a: Melmetal|atk|1\n|-unboost|p1a: Melmetal|def|1\n|move|p2a: Gastrodon|Recover|p2a: Gastrodon\n|-heal|p2a: Gastrodon|51\/100\n|\n|-heal|p2a: Gastrodon|58\/100|[from] item: Leftovers\n|upkeep\n|turn|11\n|\n|t:|1611842806\n|switch|p1a: Zarude|Zarude-Dada|100\/100\n|move|p2a: Gastrodon|Recover|p2a: Gastrodon\n|-heal|p2a: Gastrodon|100\/100\n|\n|upkeep\n|turn|12\n|\n|t:|1611842812\n|switch|p2a: Ferrothorn|Ferrothorn, F|100\/100\n|-damage|p2a: Ferrothorn|94\/100|[from] Stealth Rock\n|move|p1a: Zarude|Darkest Lariat|p2a: Ferrothorn\n|-damage|p2a: Ferrothorn|69\/100\n|-damage|p1a: Zarude|88\/100|[from] ability: Iron Barbs|[of] p2a: Ferrothorn\n|-damage|p1a: Zarude|72\/100|[from] item: Rocky Helmet|[of] p2a: Ferrothorn\n|\n|-heal|p1a: Zarude|78\/100|[from] item: Leftovers\n|-fieldend|move: Psychic Terrain\n|upkeep\n|turn|13\n|\n|t:|1611842822\n|move|p1a: Zarude|Bulk Up|p1a: Zarude\n|-boost|p1a: Zarude|atk|1\n|-boost|p1a: Zarude|def|1\n|move|p2a: Ferrothorn|Stealth Rock|p1a: Zarude\n|-sidestart|p1: LolzMachine|move: Stealth Rock\n|\n|-heal|p1a: Zarude|84\/100|[from] item: Leftovers\n|upkeep\n|turn|14\n|\n|t:|1611842828\n|switch|p2a: Tapu Lele|Tapu Lele|88\/100\n|-damage|p2a: Tapu Lele|76\/100|[from] Stealth Rock\n|-fieldstart|move: Psychic Terrain|[from] ability: Psychic Surge|[of] p2a: Tapu Lele\n|move|p1a: Zarude|Darkest Lariat|p2a: Tapu Lele\n|-damage|p2a: Tapu Lele|3\/100\n|\n|-heal|p1a: Zarude|90\/100|[from] item: Leftovers\n|upkeep\n|turn|15\n|\n|t:|1611842837\n|switch|p1a: Melmetal|Melmetal|100\/100\n|-damage|p1a: Melmetal|94\/100|[from] Stealth Rock\n|move|p2a: Tapu Lele|Moonblast|p1a: Melmetal\n|-resisted|p1a: Melmetal\n|-damage|p1a: Melmetal|57\/100\n|-unboost|p1a: Melmetal|spa|1\n|\n|upkeep\n|turn|16\n|\n|t:|1611842845\n|move|p2a: Tapu Lele|Moonblast|p1a: Melmetal\n|-resisted|p1a: Melmetal\n|-damage|p1a: Melmetal|17\/100\n|move|p1a: Melmetal|Superpower|p2a: Tapu Lele\n|-resisted|p2a: Tapu Lele\n|-damage|p2a: Tapu Lele|0 fnt\n|-unboost|p1a: Melmetal|atk|1\n|-unboost|p1a: Melmetal|def|1\n|faint|p2a: Tapu Lele\n|\n|upkeep\n|\n|t:|1611842866\n|switch|p2a: Porygon-Z|Porygon-Z|100\/100\n|-damage|p2a: Porygon-Z|88\/100|[from] Stealth Rock\n|-ability|p2a: Porygon-Z|Download|boost\n|-boost|p2a: Porygon-Z|spa|1\n|turn|17\n|\n|t:|1611842873\n|move|p2a: Porygon-Z|Tri Attack|p1a: Melmetal\n|-resisted|p1a: Melmetal\n|-damage|p1a: Melmetal|0 fnt\n|faint|p1a: Melmetal\n|\n|upkeep\n|\n|t:|1611842878\n|switch|p1a: Zarude|Zarude-Dada|90\/100\n|-damage|p1a: Zarude|77\/100|[from] Stealth Rock\n|turn|18\n|\n|t:|1611842881\n|move|p2a: Porygon-Z|Tri Attack|p1a: Zarude\n|-damage|p1a: Zarude|16\/100\n|-status|p1a: Zarude|brn\n|move|p1a: Zarude|Power Whip|p2a: Porygon-Z|[miss]\n|-miss|p1a: Zarude|p2a: Porygon-Z\n|\n|-heal|p1a: Zarude|22\/100 brn|[from] item: Leftovers\n|-damage|p1a: Zarude|16\/100 brn|[from] brn\n|-fieldend|move: Psychic Terrain\n|upkeep\n|turn|19\n|\n|t:|1611842893\n|move|p2a: Porygon-Z|Tri Attack|p1a: Zarude\n|-damage|p1a: Zarude|0 fnt\n|faint|p1a: Zarude\n|\n|upkeep\n|\n|t:|1611842895\n|switch|p1a: Regidrago|Regidrago|100\/100\n|-damage|p1a: Regidrago|88\/100|[from] Stealth Rock\n|turn|20\n|\n|t:|1611842909\n|move|p2a: Porygon-Z|Tri Attack|p1a: Regidrago\n|-damage|p1a: Regidrago|15\/100\n|move|p1a: Regidrago|Dragon Pulse|p2a: Porygon-Z\n|-damage|p2a: Porygon-Z|0 fnt\n|faint|p2a: Porygon-Z\n|\n|upkeep\n|\n|t:|1611842916\n|switch|p2a: Cinderace|Cinderace, F|100\/100\n|-damage|p2a: Cinderace|76\/100|[from] Stealth Rock\n|turn|21\n|\n|t:|1611842920\n|move|p2a: Cinderace|U-turn|p1a: Regidrago\n|-start|p2a: Cinderace|typechange|Bug|[from] ability: Libero\n|-damage|p1a: Regidrago|0 fnt\n|faint|p1a: Regidrago\n|\n|t:|1611842925\n|switch|p2a: Gastrodon|Gastrodon, F|100\/100|[from]move: U-turn\n|-damage|p2a: Gastrodon|94\/100|[from] Stealth Rock\n|\n|-heal|p2a: Gastrodon|100\/100|[from] item: Leftovers\n|upkeep\n|\n|t:|1611842944\n|switch|p1a: Kommo-o|Kommo-o, M|100\/100\n|-damage|p1a: Kommo-o|94\/100|[from] Stealth Rock\n|turn|22\n|\n|t:|1611842948\n|move|p1a: Kommo-o|Clangorous Soul|p1a: Kommo-o\n|-boost|p1a: Kommo-o|atk|1\n|-boost|p1a: Kommo-o|def|1\n|-boost|p1a: Kommo-o|spa|1\n|-boost|p1a: Kommo-o|spd|1\n|-boost|p1a: Kommo-o|spe|1\n|-damage|p1a: Kommo-o|61\/100\n|-enditem|p1a: Kommo-o|Throat Spray\n|-boost|p1a: Kommo-o|spa|1|[from] item: Throat Spray\n|move|p2a: Gastrodon|Earth Power|p1a: Kommo-o\n|-damage|p1a: Kommo-o|37\/100\n|\n|upkeep\n|turn|23\n|\n|t:|1611842958\n|move|p1a: Kommo-o|Clanging Scales|p2a: Gastrodon\n|-damage|p2a: Gastrodon|22\/100\n|-unboost|p1a: Kommo-o|def|1\n|move|p2a: Gastrodon|Toxic|p1a: Kommo-o\n|-status|p1a: Kommo-o|tox\n|\n|-heal|p2a: Gastrodon|29\/100|[from] item: Leftovers\n|-damage|p1a: Kommo-o|31\/100 tox|[from] psn\n|upkeep\n|turn|24\n|\n|t:|1611842966\n|switch|p2a: Ferrothorn|Ferrothorn, F|69\/100\n|-damage|p2a: Ferrothorn|63\/100|[from] Stealth Rock\n|move|p1a: Kommo-o|Close Combat|p2a: Ferrothorn\n|-supereffective|p2a: Ferrothorn\n|-damage|p2a: Ferrothorn|0 fnt\n|-unboost|p1a: Kommo-o|def|1\n|-unboost|p1a: Kommo-o|spd|1\n|-damage|p1a: Kommo-o|19\/100 tox|[from] ability: Iron Barbs|[of] p2a: Ferrothorn\n|-damage|p1a: Kommo-o|2\/100 tox|[from] item: Rocky Helmet|[of] p2a: Ferrothorn\n|faint|p2a: Ferrothorn\n|\n|-damage|p1a: Kommo-o|0 fnt|[from] psn\n|faint|p1a: Kommo-o\n|\n|win|Le-Perpetrator\n|upkeep\n|l|\u2606LolzMachine\n","uploadtime":1611842981,"views":16,"p1id":"lolzmachine","p2id":"leperpetrator","formatid":"gen8ou","rating":0,"private":0,"password":null}