{"id":"gen8ou-1669140050","p1":"Lord Xen VII","p2":"LT94JE Allistair","format":"gen8ou","log":"|j|\u2606Lord Xen VII\n|j|\u2606LT94JE Allistair\n|t:|1664022572\n|gametype|singles\n|player|p1|Lord Xen VII|170|1575\n|player|p2|LT94JE Allistair|101|1768\n|teamsize|p1|6\n|teamsize|p2|6\n|gen|8\n|tier|[Gen 8] OU\n|rated|\n|rule|Sleep Clause Mod: Limit one foe put to sleep\n|rule|Species Clause: Limit one of each Pok\u00e9mon\n|rule|OHKO Clause: OHKO moves are banned\n|rule|Evasion Items Clause: Evasion items are banned\n|rule|Evasion Moves Clause: Evasion moves are banned\n|rule|Endless Battle Clause: Forcing endless battles is banned\n|rule|HP Percentage Mod: HP is shown in percentages\n|rule|Dynamax Clause: You cannot dynamax\n|clearpoke\n|poke|p1|Slowking-Galar, M|\n|poke|p1|Urshifu-*, M|\n|poke|p1|Corviknight, M|\n|poke|p1|Hippowdon, M|\n|poke|p1|Weavile, M|\n|poke|p1|Dragapult, M|\n|poke|p2|Mew|\n|poke|p2|Slurpuff, M|\n|poke|p2|Jirachi|\n|poke|p2|Zeraora|\n|poke|p2|Vanilluxe, M|\n|poke|p2|Reuniclus, M|\n|teampreview\n|inactive|Battle timer is ON: inactive players will automatically lose when time's up. (requested by LT94JE Allistair)\n|\n|t:|1664022627\n|start\n|switch|p1a: Leviathan|Dragapult, M, shiny|100\/100\n|switch|p2a: Slurpuff|Slurpuff, M|100\/100\n|turn|1\n|\n|t:|1664022636\n|move|p1a: Leviathan|U-turn|p2a: Slurpuff\n|-resisted|p2a: Slurpuff\n|-damage|p2a: Slurpuff|92\/100\n|\n|t:|1664022642\n|switch|p1a: Mantra|Slowking-Galar, M, shiny|100\/100|[from]move: U-turn\n|move|p2a: Slurpuff|Sticky Web|p1a: Mantra\n|-sidestart|p1: Lord Xen VII|move: Sticky Web\n|\n|upkeep\n|turn|2\n|\n|t:|1664022650\n|move|p2a: Slurpuff|Yawn|p1a: Mantra\n|-start|p1a: Mantra|move: Yawn|[of] p2a: Slurpuff\n|move|p1a: Mantra|Sludge Bomb|p2a: Slurpuff\n|-supereffective|p2a: Slurpuff\n|-damage|p2a: Slurpuff|0 fnt\n|faint|p2a: Slurpuff\n|\n|upkeep\n|\n|t:|1664022660\n|switch|p2a: Zeraora|Zeraora|100\/100\n|turn|3\n|\n|t:|1664022666\n|switch|p1a: Hades|Hippowdon, M, shiny|100\/100\n|-activate|p1a: Hades|move: Sticky Web\n|-unboost|p1a: Hades|spe|1\n|-weather|Sandstorm|[from] ability: Sand Stream|[of] p1a: Hades\n|move|p2a: Zeraora|Knock Off|p1a: Hades\n|-damage|p1a: Hades|82\/100\n|-enditem|p1a: Hades|Leftovers|[from] move: Knock Off|[of] p2a: Zeraora\n|\n|-weather|Sandstorm|[upkeep]\n|-damage|p2a: Zeraora|95\/100|[from] Sandstorm\n|upkeep\n|turn|4\n|\n|t:|1664022679\n|move|p2a: Zeraora|Taunt|p1a: Hades\n|-start|p1a: Hades|move: Taunt\n|cant|p1a: Hades|move: Taunt|Stealth Rock\n|\n|-weather|Sandstorm|[upkeep]\n|-damage|p2a: Zeraora|89\/100|[from] Sandstorm\n|upkeep\n|turn|5\n|\n|t:|1664022685\n|move|p2a: Zeraora|Close Combat|p1a: Hades\n|-damage|p1a: Hades|59\/100\n|-unboost|p2a: Zeraora|def|1\n|-unboost|p2a: Zeraora|spd|1\n|move|p1a: Hades|Earthquake|p2a: Zeraora\n|-supereffective|p2a: Zeraora\n|-damage|p2a: Zeraora|0 fnt\n|faint|p2a: Zeraora\n|\n|-weather|Sandstorm|[upkeep]\n|upkeep\n|\n|t:|1664022688\n|switch|p2a: Jirachi|Jirachi|100\/100\n|turn|6\n|\n|t:|1664022707\n|switch|p1a: Yami|Corviknight, M, shiny|100\/100\n|-ability|p1a: Yami|Pressure\n|move|p2a: Jirachi|Cosmic Power|p2a: Jirachi\n|-boost|p2a: Jirachi|def|1\n|-boost|p2a: Jirachi|spd|1\n|\n|-weather|Sandstorm|[upkeep]\n|upkeep\n|turn|7\n|\n|t:|1664022711\n|move|p2a: Jirachi|Cosmic Power|p2a: Jirachi\n|-boost|p2a: Jirachi|def|1\n|-boost|p2a: Jirachi|spd|1\n|move|p1a: Yami|Defog|p2a: Jirachi\n|-unboost|p2a: Jirachi|evasion|1\n|-sideend|p1: Lord Xen VII|Sticky Web|[from] move: Defog|[of] p1a: Yami\n|\n|-weather|none\n|upkeep\n|turn|8\n|\n|t:|1664022723\n|move|p2a: Jirachi|Cosmic Power|p2a: Jirachi\n|-boost|p2a: Jirachi|def|1\n|-boost|p2a: Jirachi|spd|1\n|move|p1a: Yami|U-turn|p2a: Jirachi\n|-damage|p2a: Jirachi|95\/100\n|\n|t:|1664022731\n|switch|p1a: Leviathan|Dragapult, M, shiny|100\/100|[from]move: U-turn\n|\n|upkeep\n|turn|9\n|\n|t:|1664022737\n|move|p1a: Leviathan|Shadow Ball|p2a: Jirachi\n|-supereffective|p2a: Jirachi\n|-damage|p2a: Jirachi|46\/100\n|-enditem|p2a: Jirachi|Weakness Policy\n|-boost|p2a: Jirachi|atk|2|[from] item: Weakness Policy\n|-boost|p2a: Jirachi|spa|2|[from] item: Weakness Policy\n|move|p2a: Jirachi|Stored Power|p1a: Leviathan\n|-damage|p1a: Leviathan|0 fnt\n|faint|p1a: Leviathan\n|\n|upkeep\n|inactive|Lord Xen VII has 120 seconds left.\n|\n|t:|1664022776\n|switch|p1a: Mantra|Slowking-Galar, M, shiny|100\/100\n|turn|10\n|\n|t:|1664022782\n|move|p2a: Jirachi|Wish|p2a: Jirachi\n|move|p1a: Mantra|Flamethrower|p2a: Jirachi\n|-supereffective|p2a: Jirachi\n|-damage|p2a: Jirachi|21\/100\n|\n|upkeep\n|turn|11\n|\n|t:|1664022790\n|move|p2a: Jirachi|Cosmic Power|p2a: Jirachi\n|-boost|p2a: Jirachi|def|1\n|-boost|p2a: Jirachi|spd|1\n|move|p1a: Mantra|Flamethrower|p2a: Jirachi\n|-supereffective|p2a: Jirachi\n|-damage|p2a: Jirachi|0 fnt\n|faint|p2a: Jirachi\n|\n|upkeep\n|\n|t:|1664022803\n|switch|p2a: Vanilluxe|Vanilluxe, M|100\/100\n|-weather|Hail|[from] ability: Snow Warning|[of] p2a: Vanilluxe\n|turn|12\n|\n|t:|1664022809\n|move|p2a: Vanilluxe|Aurora Veil|p2a: Vanilluxe\n|-sidestart|p2: LT94JE Allistair|move: Aurora Veil\n|move|p1a: Mantra|Flamethrower|p2a: Vanilluxe\n|-supereffective|p2a: Vanilluxe\n|-damage|p2a: Vanilluxe|58\/100\n|\n|-weather|Hail|[upkeep]\n|-damage|p1a: Mantra|94\/100|[from] Hail\n|upkeep\n|turn|13\n|\n|t:|1664022824\n|switch|p1a: Yami|Corviknight, M, shiny|100\/100\n|-ability|p1a: Yami|Pressure\n|move|p2a: Vanilluxe|Explosion|p1a: Yami\n|-resisted|p1a: Yami\n|-damage|p1a: Yami|80\/100\n|faint|p2a: Vanilluxe\n|\n|-weather|Hail|[upkeep]\n|-damage|p1a: Yami|74\/100|[from] Hail\n|upkeep\n|\n|t:|1664022829\n|switch|p2a: Mew|Mew|100\/100\n|turn|14\n|\n|t:|1664022838\n|move|p2a: Mew|Cosmic Power|p2a: Mew\n|-boost|p2a: Mew|def|1\n|-boost|p2a: Mew|spd|1\n|move|p1a: Yami|Defog|p2a: Mew\n|-unboost|p2a: Mew|evasion|1\n|-sideend|p2: LT94JE Allistair|move: Aurora Veil\n|\n|-weather|Hail|[upkeep]\n|-damage|p2a: Mew|94\/100|[from] Hail\n|-damage|p1a: Yami|68\/100|[from] Hail\n|upkeep\n|turn|15\n|\n|t:|1664022845\n|move|p2a: Mew|Cosmic Power|p2a: Mew\n|-boost|p2a: Mew|def|1\n|-boost|p2a: Mew|spd|1\n|move|p1a: Yami|U-turn|p2a: Mew\n|-supereffective|p2a: Mew\n|-damage|p2a: Mew|81\/100\n|-enditem|p2a: Mew|Weakness Policy\n|-boost|p2a: Mew|atk|2|[from] item: Weakness Policy\n|-boost|p2a: Mew|spa|2|[from] item: Weakness Policy\n|\n|t:|1664022863\n|switch|p1a: Hades|Hippowdon, M, shiny|59\/100|[from]move: U-turn\n|-weather|Sandstorm|[from] ability: Sand Stream|[of] p1a: Hades\n|\n|-weather|Sandstorm|[upkeep]\n|-damage|p2a: Mew|75\/100|[from] Sandstorm\n|upkeep\n|turn|16\n|\n|t:|1664022867\n|move|p2a: Mew|Stored Power|p1a: Hades\n|-damage|p1a: Hades|0 fnt\n|faint|p1a: Hades\n|\n|-weather|Sandstorm|[upkeep]\n|-damage|p2a: Mew|69\/100|[from] Sandstorm\n|upkeep\n|inactive|Lord Xen VII has 120 seconds left.\n|\n|t:|1664022902\n|switch|p1a: Mantra|Slowking-Galar, M, shiny|100\/100\n|turn|17\n|\n|t:|1664022905\n|move|p2a: Mew|Cosmic Power|p2a: Mew\n|-boost|p2a: Mew|def|1\n|-boost|p2a: Mew|spd|1\n|move|p1a: Mantra|Sludge Bomb|p2a: Mew\n|-crit|p2a: Mew\n|-damage|p2a: Mew|3\/100\n|-status|p2a: Mew|psn\n|-activate|p2a: Mew|ability: Synchronize\n|-immune|p1a: Mantra\n|\n|-weather|Sandstorm|[upkeep]\n|-damage|p2a: Mew|0 fnt|[from] Sandstorm\n|-damage|p1a: Mantra|94\/100|[from] Sandstorm\n|faint|p2a: Mew\n|upkeep\n|\n|t:|1664022919\n|switch|p2a: Reuniclus|Reuniclus, M|100\/100\n|turn|18\n|\n|t:|1664022932\n|switch|p1a: Poseidon-Blade|Urshifu-Rapid-Strike, M|100\/100\n|move|p2a: Reuniclus|Iron Defense|p2a: Reuniclus\n|-boost|p2a: Reuniclus|def|2\n|\n|-weather|Sandstorm|[upkeep]\n|-damage|p1a: Poseidon-Blade|94\/100|[from] Sandstorm\n|upkeep\n|turn|19\n|\n|t:|1664022938\n|move|p1a: Poseidon-Blade|Surging Strikes|p2a: Reuniclus\n|-crit|p2a: Reuniclus\n|-damage|p2a: Reuniclus|82\/100\n|-crit|p2a: Reuniclus\n|-damage|p2a: Reuniclus|65\/100\n|-crit|p2a: Reuniclus\n|-damage|p2a: Reuniclus|48\/100\n|-hitcount|p2a: Reuniclus|3\n|move|p2a: Reuniclus|Recover|p2a: Reuniclus\n|-heal|p2a: Reuniclus|98\/100\n|\n|-weather|none\n|upkeep\n|turn|20\n|\n|t:|1664022948\n|move|p1a: Poseidon-Blade|Surging Strikes|p2a: Reuniclus\n|-crit|p2a: Reuniclus\n|-damage|p2a: Reuniclus|81\/100\n|-crit|p2a: Reuniclus\n|-damage|p2a: Reuniclus|63\/100\n|-crit|p2a: Reuniclus\n|-damage|p2a: Reuniclus|46\/100\n|-hitcount|p2a: Reuniclus|3\n|move|p2a: Reuniclus|Recover|p2a: Reuniclus\n|-heal|p2a: Reuniclus|96\/100\n|\n|upkeep\n|turn|21\n|\n|t:|1664022966\n|switch|p1a: Yami|Corviknight, M, shiny|68\/100\n|-ability|p1a: Yami|Pressure\n|move|p2a: Reuniclus|Recover|p2a: Reuniclus\n|-heal|p2a: Reuniclus|100\/100\n|\n|upkeep\n|turn|22\n|\n|t:|1664022984\n|move|p2a: Reuniclus|Iron Defense|p2a: Reuniclus\n|-boost|p2a: Reuniclus|def|2\n|move|p1a: Yami|Roost|p1a: Yami\n|-heal|p1a: Yami|100\/100\n|-singleturn|p1a: Yami|move: Roost\n|\n|upkeep\n|turn|23\n|\n|t:|1664022992\n|move|p2a: Reuniclus|Iron Defense|p2a: Reuniclus\n|-boost|p2a: Reuniclus|def|2\n|move|p1a: Yami|Brave Bird|p2a: Reuniclus\n|-damage|p2a: Reuniclus|91\/100\n|-damage|p1a: Yami|98\/100|[from] Recoil\n|\n|upkeep\n|turn|24\n|\n|t:|1664022999\n|move|p2a: Reuniclus|Calm Mind|p2a: Reuniclus\n|-boost|p2a: Reuniclus|spa|1\n|-boost|p2a: Reuniclus|spd|1\n|move|p1a: Yami|Brave Bird|p2a: Reuniclus\n|-damage|p2a: Reuniclus|83\/100\n|-damage|p1a: Yami|95\/100|[from] Recoil\n|\n|upkeep\n|turn|25\n|\n|t:|1664023013\n|move|p2a: Reuniclus|Calm Mind|p2a: Reuniclus\n|-boost|p2a: Reuniclus|spa|1\n|-boost|p2a: Reuniclus|spd|1\n|move|p1a: Yami|Brave Bird|p2a: Reuniclus\n|-damage|p2a: Reuniclus|74\/100\n|-damage|p1a: Yami|92\/100|[from] Recoil\n|\n|upkeep\n|turn|26\n|\n|t:|1664023020\n|move|p2a: Reuniclus|Calm Mind|p2a: Reuniclus\n|-boost|p2a: Reuniclus|spa|1\n|-boost|p2a: Reuniclus|spd|1\n|move|p1a: Yami|Brave Bird|p2a: Reuniclus\n|-damage|p2a: Reuniclus|65\/100\n|-damage|p1a: Yami|90\/100|[from] Recoil\n|\n|upkeep\n|turn|27\n|\n|t:|1664023027\n|move|p2a: Reuniclus|Calm Mind|p2a: Reuniclus\n|-boost|p2a: Reuniclus|spa|1\n|-boost|p2a: Reuniclus|spd|1\n|move|p1a: Yami|Brave Bird|p2a: Reuniclus\n|-damage|p2a: Reuniclus|57\/100\n|-damage|p1a: Yami|87\/100|[from] Recoil\n|\n|upkeep\n|turn|28\n|\n|t:|1664023033\n|move|p2a: Reuniclus|Calm Mind|p2a: Reuniclus\n|-boost|p2a: Reuniclus|spa|1\n|-boost|p2a: Reuniclus|spd|1\n|move|p1a: Yami|Brave Bird|p2a: Reuniclus\n|-damage|p2a: Reuniclus|49\/100\n|-damage|p1a: Yami|85\/100|[from] Recoil\n|\n|upkeep\n|turn|29\n|\n|t:|1664023037\n|move|p2a: Reuniclus|Recover|p2a: Reuniclus\n|-heal|p2a: Reuniclus|99\/100\n|move|p1a: Yami|Brave Bird|p2a: Reuniclus\n|-damage|p2a: Reuniclus|89\/100\n|-damage|p1a: Yami|82\/100|[from] Recoil\n|\n|upkeep\n|turn|30\n|\n|t:|1664023046\n|move|p2a: Reuniclus|Calm Mind|p2a: Reuniclus\n|-boost|p2a: Reuniclus|spa|1\n|-boost|p2a: Reuniclus|spd|1\n|move|p1a: Yami|Brave Bird|p2a: Reuniclus\n|-damage|p2a: Reuniclus|80\/100\n|-damage|p1a: Yami|79\/100|[from] Recoil\n|\n|upkeep\n|turn|31\n|inactive|LT94JE Allistair has 120 seconds left.\n|\n|t:|1664023083\n|move|p2a: Reuniclus|Stored Power|p1a: Yami\n|-resisted|p1a: Yami\n|-damage|p1a: Yami|0 fnt\n|faint|p1a: Yami\n|\n|upkeep\n|\n|t:|1664023088\n|switch|p1a: Bandit|Weavile, M, shiny|100\/100\n|-ability|p1a: Bandit|Pressure\n|turn|32\n|\n|t:|1664023092\n|move|p1a: Bandit|Knock Off|p2a: Reuniclus\n|-supereffective|p2a: Reuniclus\n|-damage|p2a: Reuniclus|57\/100\n|-enditem|p2a: Reuniclus|Weakness Policy\n|-boost|p2a: Reuniclus|atk|2|[from] item: Weakness Policy\n|-boost|p2a: Reuniclus|spa|0\n|move|p2a: Reuniclus|Recover|p2a: Reuniclus\n|-heal|p2a: Reuniclus|100\/100\n|\n|upkeep\n|turn|33\n|\n|t:|1664023100\n|move|p1a: Bandit|Knock Off|p2a: Reuniclus\n|-supereffective|p2a: Reuniclus\n|-damage|p2a: Reuniclus|86\/100\n|move|p2a: Reuniclus|Calm Mind|p2a: Reuniclus\n|-boost|p2a: Reuniclus|spa|0\n|-boost|p2a: Reuniclus|spd|0\n|\n|upkeep\n|turn|34\n|\n|t:|1664023107\n|move|p1a: Bandit|Ice Shard|p2a: Reuniclus\n|-damage|p2a: Reuniclus|81\/100\n|move|p2a: Reuniclus|Calm Mind|p2a: Reuniclus\n|-boost|p2a: Reuniclus|spa|0\n|-boost|p2a: Reuniclus|spd|0\n|\n|upkeep\n|turn|35\n|\n|t:|1664023113\n|move|p1a: Bandit|Ice Shard|p2a: Reuniclus\n|-damage|p2a: Reuniclus|76\/100\n|move|p2a: Reuniclus|Calm Mind|p2a: Reuniclus\n|-boost|p2a: Reuniclus|spa|0\n|-boost|p2a: Reuniclus|spd|0\n|\n|upkeep\n|turn|36\n|\n|t:|1664023119\n|move|p1a: Bandit|Ice Shard|p2a: Reuniclus\n|-damage|p2a: Reuniclus|71\/100\n|move|p2a: Reuniclus|Calm Mind|p2a: Reuniclus\n|-boost|p2a: Reuniclus|spa|0\n|-boost|p2a: Reuniclus|spd|0\n|\n|upkeep\n|turn|37\n|\n|t:|1664023126\n|move|p1a: Bandit|Knock Off|p2a: Reuniclus\n|-supereffective|p2a: Reuniclus\n|-damage|p2a: Reuniclus|56\/100\n|move|p2a: Reuniclus|Calm Mind|p2a: Reuniclus\n|-boost|p2a: Reuniclus|spa|0\n|-boost|p2a: Reuniclus|spd|0\n|\n|upkeep\n|turn|38\n|\n|t:|1664023134\n|move|p1a: Bandit|Ice Shard|p2a: Reuniclus\n|-damage|p2a: Reuniclus|51\/100\n|move|p2a: Reuniclus|Recover|p2a: Reuniclus\n|-heal|p2a: Reuniclus|100\/100\n|\n|upkeep\n|turn|39\n|\n|t:|1664023139\n|move|p1a: Bandit|Ice Shard|p2a: Reuniclus\n|-damage|p2a: Reuniclus|96\/100\n|move|p2a: Reuniclus|Recover|p2a: Reuniclus\n|-heal|p2a: Reuniclus|100\/100\n|\n|upkeep\n|turn|40\n|-message|LT94JE Allistair forfeited.\n|\n|win|Lord Xen VII\n|raw|Lord Xen VII's rating: 1575 &rarr; <strong>1605<\/strong><br \/>(+30 for winning)\n|raw|LT94JE Allistair's rating: 1768 &rarr; <strong>1738<\/strong><br \/>(-30 for losing)\n|l|\u2606LT94JE Allistair\n||Ladder isn't responding, score probably updated but might not have (Request timeout).\n","uploadtime":1664023155,"views":24,"p1id":"lordxenvii","p2id":"lt94jeallistair","formatid":"gen8ou","rating":1605,"private":0,"password":null}