{"id":"gen8customgame-1307457071","p1":"ferromolybdenum","p2":"hunghunghung","format":"gen8customgame","log":"|j|\u2606ferromolybdenum\n|j|\u2606hunghunghung\n|t:|1616529926\n|player|p1|ferromolybdenum|2|\n|player|p2|hunghunghung|2|\n|teamsize|p1|24\n|teamsize|p2|24\n|gametype|singles\n|gen|8\n|tier|[Gen 8] Custom Game\n|clearpoke\n|poke|p1|Xatu, F|\n|poke|p1|Shedinja|\n|poke|p1|Quagsire, M|\n|poke|p1|Tyranitar, F|\n|poke|p1|Ditto|\n|poke|p1|Reuniclus, F|\n|poke|p1|Toxapex, M|\n|poke|p1|Amoonguss, F|\n|poke|p1|Tangrowth, M|\n|poke|p1|Chansey, F|\n|poke|p1|Avalugg, M|\n|poke|p1|Landorus-Therian, M|\n|poke|p1|Clefable, F|\n|poke|p1|Slowbro, F|\n|poke|p1|Slowking-Galar, M|\n|poke|p1|Blissey, F|\n|poke|p1|Heatran, M|\n|poke|p1|Hippowdon, M|\n|poke|p1|Zapdos|\n|poke|p1|Moltres|\n|poke|p1|Ferrothorn, M|\n|poke|p1|Buzzwole|\n|poke|p1|Corviknight, M|\n|poke|p1|Mandibuzz, F|\n|poke|p2|Latios, M|\n|poke|p2|Hydreigon, M|\n|poke|p2|Melmetal|\n|poke|p2|Slowking-Galar, F|\n|poke|p2|Rillaboom, M|\n|poke|p2|Toxapex, F|\n|poke|p2|Zapdos|\n|poke|p2|Blissey, F|\n|poke|p2|Slowbro, M|\n|poke|p2|Ferrothorn, F|\n|poke|p2|Clefable, M|\n|poke|p2|Corviknight, M|\n|poke|p2|Heatran, F|\n|poke|p2|Tapu Koko|\n|poke|p2|Hawlucha, F|\n|poke|p2|Dragonite, F|\n|poke|p2|Landorus-Therian, M|\n|poke|p2|Zapdos-Galar|\n|poke|p2|Dragapult, F|\n|poke|p2|Nidoking, M|\n|poke|p2|Garchomp, M|\n|poke|p2|Urshifu-*, F|\n|poke|p2|Kartana|\n|poke|p2|Tapu Lele|\n|bigerror|Warning: One player isn't adhering to a 510 EV limit, and the other player is.\n|teampreview|24\n|\n|t:|1616529969\n|start\n|switch|p1a: Mandibuzz|Mandibuzz, F|423\/423\n|switch|p2a: Clefable|Clefable, M|394\/394\n|turn|1\n|\n|t:|1616529996\n|switch|p1a: Xatu|Xatu, F|334\/334\n|move|p2a: Clefable|Stealth Rock|p1a: Xatu\n|move|p1a: Xatu|Stealth Rock|p2a: Clefable|[from]ability: Magic Bounce\n|-sidestart|p2: hunghunghung|move: Stealth Rock\n|\n|upkeep\n|turn|2\n|c|\u2606hunghunghung|bruh\n|\n|t:|1616530009\n|move|p1a: Xatu|Psychic|p2a: Clefable\n|-damage|p2a: Clefable|286\/394\n|move|p2a: Clefable|Knock Off|p1a: Xatu\n|-supereffective|p1a: Xatu\n|-damage|p1a: Xatu|232\/334\n|-enditem|p1a: Xatu|Heavy-Duty Boots|[from] move: Knock Off|[of] p2a: Clefable\n|\n|-heal|p2a: Clefable|310\/394|[from] item: Leftovers\n|upkeep\n|turn|3\n|\n|t:|1616530041\n|move|p1a: Xatu|Psychic|p2a: Clefable\n|-damage|p2a: Clefable|195\/394\n|move|p2a: Clefable|Moonblast|p1a: Xatu\n|-damage|p1a: Xatu|88\/334\n|\n|-heal|p2a: Clefable|219\/394|[from] item: Leftovers\n|upkeep\n|turn|4\n|\n|t:|1616530051\n|move|p1a: Xatu|Roost|p1a: Xatu\n|-heal|p1a: Xatu|255\/334\n|-singleturn|p1a: Xatu|move: Roost\n|move|p2a: Clefable|Soft-Boiled|p2a: Clefable\n|-heal|p2a: Clefable|394\/394\n|\n|upkeep\n|turn|5\n|\n|t:|1616530054\n|move|p2a: Clefable|Moonblast|p1a: Xatu\n|-damage|p1a: Xatu|116\/334\n|move|p1a: Xatu|Teleport|p1a: Xatu\n|\n|t:|1616530078\n|switch|p1a: Slowking|Slowking-Galar, M|394\/394\n|\n|upkeep\n|turn|6\n|\n|t:|1616530109\n|move|p2a: Clefable|Stealth Rock|p1a: Slowking\n|-sidestart|p1: ferromolybdenum|move: Stealth Rock\n|move|p1a: Slowking|Future Sight|p2a: Clefable\n|-start|p1a: Slowking|move: Future Sight\n|\n|upkeep\n|turn|7\n|\n|t:|1616530121\n|move|p2a: Clefable|Knock Off|p1a: Slowking\n|-supereffective|p1a: Slowking\n|-damage|p1a: Slowking|282\/394\n|-enditem|p1a: Slowking|Assault Vest|[from] move: Knock Off|[of] p2a: Clefable\n|move|p1a: Slowking|Sludge Bomb|p2a: Clefable\n|-supereffective|p2a: Clefable\n|-damage|p2a: Clefable|124\/394\n|-status|p2a: Clefable|psn\n|\n|-heal|p2a: Clefable|148\/394 psn|[from] item: Leftovers\n|debug|damage event failed\n|upkeep\n|turn|8\n|\n|t:|1616530158\n|switch|p2a: Ferrothorn|Ferrothorn, F|352\/352\n|-damage|p2a: Ferrothorn|330\/352|[from] Stealth Rock\n|move|p1a: Slowking|Sludge Bomb|p2a: Ferrothorn\n|-immune|p2a: Ferrothorn\n|\n|-end|p2a: Ferrothorn|move: Future Sight\n|-resisted|p2a: Ferrothorn\n|-damage|p2a: Ferrothorn|256\/352\n|-heal|p2a: Ferrothorn|278\/352|[from] item: Leftovers\n|upkeep\n|turn|9\n|\n|t:|1616530167\n|move|p1a: Slowking|Fire Blast|p2a: Ferrothorn\n|-supereffective|p2a: Ferrothorn\n|-damage|p2a: Ferrothorn|0 fnt\n|faint|p2a: Ferrothorn\n|\n|upkeep\n|c|\u2606ferromolybdenum|ur mum\n|\n|t:|1616530190\n|switch|p2a: Nidoking|Nidoking, M|303\/303\n|-damage|p2a: Nidoking|285\/303|[from] Stealth Rock\n|turn|10\n|\n|t:|1616530199\n|switch|p1a: Reuniclus|Reuniclus, F|423\/423\n|-damage|p1a: Reuniclus|371\/423|[from] Stealth Rock\n|move|p2a: Nidoking|Earth Power|p1a: Reuniclus\n|-damage|p1a: Reuniclus|249\/423\n|\n|upkeep\n|turn|11\n|\n|t:|1616530213\n|debug|before turn callback: focuspunch\n|-singleturn|p2a: Nidoking|move: Focus Punch\n|move|p1a: Reuniclus|Future Sight|p2a: Nidoking\n|-start|p1a: Reuniclus|move: Future Sight\n|move|p2a: Nidoking|Focus Punch|p1a: Reuniclus\n|-resisted|p1a: Reuniclus\n|-damage|p1a: Reuniclus|146\/423\n|-damage|p2a: Nidoking|255\/303|[from] item: Life Orb\n|\n|upkeep\n|turn|12\n|c|\u2606hunghunghung|oop\n|\n|t:|1616530230\n|move|p2a: Nidoking|Sludge Wave|p1a: Reuniclus\n|-damage|p1a: Reuniclus|6\/423\n|move|p1a: Reuniclus|Psyshock|p2a: Nidoking\n|-supereffective|p2a: Nidoking\n|-damage|p2a: Nidoking|0 fnt\n|faint|p2a: Nidoking\n|\n|upkeep\n|\n|t:|1616530245\n|switch|p2a: Rillaboom|Rillaboom, M|341\/341\n|-damage|p2a: Rillaboom|299\/341|[from] Stealth Rock\n|-fieldstart|move: Grassy Terrain|[from] ability: Grassy Surge|[of] p2a: Rillaboom\n|turn|13\n|\n|t:|1616530252\n|switch|p1a: Avalugg|Avalugg, M|394\/394\n|move|p2a: Rillaboom|Grassy Glide|p1a: Avalugg\n|debug|grassy terrain boost\n|-damage|p1a: Avalugg|276\/394\n|\n|-end|p2a: Rillaboom|move: Future Sight\n|-damage|p2a: Rillaboom|35\/341\n|debug|Pokemon is grounded, healing through Grassy Terrain.\n|-heal|p2a: Rillaboom|56\/341|[from] Grassy Terrain\n|debug|Pokemon is grounded, healing through Grassy Terrain.\n|-heal|p1a: Avalugg|300\/394|[from] Grassy Terrain\n|upkeep\n|turn|14\n|j| dragonmirror\n|\n|t:|1616530275\n|move|p2a: Rillaboom|Grassy Glide|p1a: Avalugg\n|debug|grassy terrain boost\n|-damage|p1a: Avalugg|171\/394\n|move|p1a: Avalugg|Rapid Spin|p2a: Rillaboom\n|-damage|p2a: Rillaboom|4\/341\n|-boost|p1a: Avalugg|spe|1\n|-sideend|p1: ferromolybdenum|Stealth Rock|[from] move: Rapid Spin|[of] p1a: Avalugg\n|\n|debug|Pokemon is grounded, healing through Grassy Terrain.\n|-heal|p2a: Rillaboom|25\/341|[from] Grassy Terrain\n|debug|Pokemon is grounded, healing through Grassy Terrain.\n|-heal|p1a: Avalugg|195\/394|[from] Grassy Terrain\n|upkeep\n|turn|15\n|\n|t:|1616530278\n|move|p2a: Rillaboom|Grassy Glide|p1a: Avalugg\n|debug|grassy terrain boost\n|-damage|p1a: Avalugg|86\/394\n|move|p1a: Avalugg|Recover|p1a: Avalugg\n|-heal|p1a: Avalugg|283\/394\n|\n|debug|Pokemon is grounded, healing through Grassy Terrain.\n|-heal|p2a: Rillaboom|46\/341|[from] Grassy Terrain\n|debug|Pokemon is grounded, healing through Grassy Terrain.\n|-heal|p1a: Avalugg|307\/394|[from] Grassy Terrain\n|upkeep\n|turn|16\n|\n|t:|1616530297\n|switch|p2a: Heatran|Heatran, F|386\/386\n|-damage|p2a: Heatran|338\/386|[from] Stealth Rock\n|move|p1a: Avalugg|Avalanche|p2a: Heatran\n|-resisted|p2a: Heatran\n|-damage|p2a: Heatran|320\/386\n|\n|debug|Pokemon is grounded, healing through Grassy Terrain.\n|-heal|p2a: Heatran|344\/386|[from] Grassy Terrain\n|-heal|p2a: Heatran|368\/386|[from] item: Leftovers\n|debug|Pokemon is grounded, healing through Grassy Terrain.\n|-heal|p1a: Avalugg|331\/394|[from] Grassy Terrain\n|upkeep\n|turn|17\n|\n|t:|1616530304\n|switch|p1a: Tyranitar|Tyranitar, F|404\/404\n|-weather|Sandstorm|[from] ability: Sand Stream|[of] p1a: Tyranitar\n|move|p2a: Heatran|Magma Storm|p1a: Tyranitar|[miss]\n|-miss|p2a: Heatran|p1a: Tyranitar\n|\n|-weather|Sandstorm|[upkeep]\n|debug|natural status immunity\n|debug|weather immunity\n|debug|natural status immunity\n|debug|weather immunity\n|debug|Pokemon is grounded, healing through Grassy Terrain.\n|-heal|p2a: Heatran|386\/386|[from] Grassy Terrain\n|debug|Pokemon is grounded, healing through Grassy Terrain.\n|-fieldend|move: Grassy Terrain\n|upkeep\n|turn|18\n|c|\u2606ferromolybdenum|F\n|\n|t:|1616530318\n|switch|p2a: Garchomp|Garchomp, M|420\/420\n|-damage|p2a: Garchomp|394\/420|[from] Stealth Rock\n|move|p1a: Tyranitar|Earthquake|p2a: Garchomp\n|-damage|p2a: Garchomp|308\/420\n|\n|-weather|Sandstorm|[upkeep]\n|debug|natural status immunity\n|debug|weather immunity\n|debug|natural status immunity\n|debug|weather immunity\n|upkeep\n|turn|19\n|\n|t:|1616530326\n|switch|p1a: Avalugg|Avalugg, M|331\/394\n|move|p2a: Garchomp|Toxic|p1a: Avalugg\n|-status|p1a: Avalugg|tox\n|\n|-weather|Sandstorm|[upkeep]\n|debug|natural status immunity\n|debug|weather immunity\n|-damage|p1a: Avalugg|307\/394 tox|[from] Sandstorm\n|-damage|p1a: Avalugg|283\/394 tox|[from] psn\n|upkeep\n|turn|20\n|\n|t:|1616530334\n|move|p2a: Garchomp|Earthquake|p1a: Avalugg\n|-damage|p1a: Avalugg|214\/394 tox\n|move|p1a: Avalugg|Avalanche|p2a: Garchomp\n|debug|Boosted for getting hit by p2a: Garchomp\n|-supereffective|p2a: Garchomp\n|-damage|p2a: Garchomp|0 fnt\n|-damage|p1a: Avalugg|165\/394 tox|[from] ability: Rough Skin|[of] p2a: Garchomp\n|-damage|p1a: Avalugg|100\/394 tox|[from] item: Rocky Helmet|[of] p2a: Garchomp\n|faint|p2a: Garchomp\n|\n|-weather|Sandstorm|[upkeep]\n|-damage|p1a: Avalugg|76\/394 tox|[from] Sandstorm\n|-damage|p1a: Avalugg|28\/394 tox|[from] psn\n|upkeep\n|\n|t:|1616530366\n|switch|p2a: Melmetal|Melmetal|474\/474\n|-damage|p2a: Melmetal|445\/474|[from] Stealth Rock\n|turn|21\n|\n|t:|1616530383\n|switch|p1a: Shedinja|Shedinja|1\/1\n|move|p2a: Melmetal|Double Iron Bash|p1a: Shedinja\n|debug|Wonder Guard immunity: doubleironbash\n|-immune|p1a: Shedinja|[from] ability: Wonder Guard\n|\n|-weather|none\n|upkeep\n|turn|22\n|\n|t:|1616530418\n|switch|p2a: Hawlucha|Hawlucha, F|297\/297\n|-damage|p2a: Hawlucha|260\/297|[from] Stealth Rock\n|move|p1a: Shedinja|Will-O-Wisp|p2a: Hawlucha\n|-status|p2a: Hawlucha|brn\n|\n|-damage|p2a: Hawlucha|242\/297 brn|[from] brn\n|upkeep\n|turn|23\n|\n|t:|1616530443\n|switch|p2a: Clefable|Clefable, M|148\/394 psn\n|debug|damage event failed\n|switch|p1a: Hippowdon|Hippowdon, M|420\/420\n|-weather|Sandstorm|[from] ability: Sand Stream|[of] p1a: Hippowdon\n|\n|-weather|Sandstorm|[upkeep]\n|debug|damage event failed\n|debug|natural status immunity\n|debug|weather immunity\n|-heal|p2a: Clefable|172\/394 psn|[from] item: Leftovers\n|debug|damage event failed\n|upkeep\n|turn|24\n|\n|t:|1616530449\n|switch|p1a: Xatu|Xatu, F|116\/334\n|move|p2a: Clefable|Knock Off|p1a: Xatu\n|-supereffective|p1a: Xatu\n|-damage|p1a: Xatu|60\/334\n|\n|-weather|Sandstorm|[upkeep]\n|-damage|p1a: Xatu|40\/334|[from] Sandstorm\n|debug|damage event failed\n|-heal|p2a: Clefable|196\/394 psn|[from] item: Leftovers\n|debug|damage event failed\n|upkeep\n|turn|25\n|\n|t:|1616530458\n|move|p1a: Xatu|Roost|p1a: Xatu\n|-heal|p1a: Xatu|207\/334\n|-singleturn|p1a: Xatu|move: Roost\n|move|p2a: Clefable|Knock Off|p1a: Xatu\n|-supereffective|p1a: Xatu\n|-damage|p1a: Xatu|143\/334\n|\n|-weather|Sandstorm|[upkeep]\n|-damage|p1a: Xatu|123\/334|[from] Sandstorm\n|debug|damage event failed\n|-heal|p2a: Clefable|220\/394 psn|[from] item: Leftovers\n|debug|damage event failed\n|upkeep\n|turn|26\n|\n|t:|1616530472\n|switch|p2a: Blissey|Blissey, F|714\/714\n|move|p1a: Xatu|Roost|p1a: Xatu\n|-heal|p1a: Xatu|290\/334\n|-singleturn|p1a: Xatu|move: Roost\n|\n|-weather|Sandstorm|[upkeep]\n|-damage|p1a: Xatu|270\/334|[from] Sandstorm\n|-damage|p2a: Blissey|670\/714|[from] Sandstorm\n|upkeep\n|turn|27\n|\n|t:|1616530493\n|move|p2a: Blissey|Seismic Toss|p1a: Xatu\n|-damage|p1a: Xatu|170\/334\n|move|p1a: Xatu|Teleport|p1a: Xatu\n|\n|t:|1616530501\n|switch|p1a: Avalugg|Avalugg, M|28\/394 tox\n|\n|-weather|none\n|-damage|p1a: Avalugg|4\/394 tox|[from] psn\n|upkeep\n|turn|28\n|\n|t:|1616530534\n|move|p2a: Blissey|Seismic Toss|p1a: Avalugg\n|-damage|p1a: Avalugg|0 fnt\n|faint|p1a: Avalugg\n|\n|upkeep\n|c|\u2606ferromolybdenum|fuck\n|\n|t:|1616530550\n|switch|p1a: Reuniclus|Reuniclus, F|147\/423\n|turn|29\n|\n|t:|1616530620\n|switch|p2a: Dragapult|Dragapult, F|317\/317\n|-damage|p2a: Dragapult|278\/317|[from] Stealth Rock\n|switch|p1a: Xatu|Xatu, F|170\/334\n|\n|-heal|p2a: Dragapult|297\/317|[from] item: Leftovers\n|upkeep\n|turn|30\n|\n|t:|1616530693\n|switch|p1a: Mandibuzz|Mandibuzz, F|423\/423\n|move|p2a: Dragapult|U-turn|p1a: Mandibuzz\n|-damage|p1a: Mandibuzz|374\/423\n|\n|t:|1616530706\n|switch|p2a: Tapu Koko|Tapu Koko|281\/281\n|-fieldstart|move: Electric Terrain|[from] ability: Electric Surge|[of] p2a: Tapu Koko\n|\n|upkeep\n|turn|31\n|\n|t:|1616530717\n|switch|p1a: Slowking|Slowking-Galar, M|394\/394\n|move|p2a: Tapu Koko|U-turn|p1a: Slowking\n|-damage|p1a: Slowking|323\/394\n|\n|t:|1616530747\n|switch|p2a: Landorus|Landorus-Therian, M|382\/382\n|-damage|p2a: Landorus|335\/382|[from] Stealth Rock\n|-ability|p2a: Landorus|Intimidate|boost\n|-unboost|p1a: Slowking|atk|1\n|\n|upkeep\n|turn|32\n|\n|t:|1616530765\n|switch|p1a: Shedinja|Shedinja|1\/1\n|move|p2a: Landorus|Knock Off|p1a: Shedinja\n|debug|Wonder Guard immunity: knockoff\n|-supereffective|p1a: Shedinja\n|-damage|p1a: Shedinja|0 fnt\n|-enditem|p1a: Shedinja|Safety Goggles|[from] move: Knock Off|[of] p2a: Landorus\n|faint|p1a: Shedinja\n|\n|upkeep\n|c| dragonmirror|LMAO\n|c| dragonmirror|get shit on\n|\n|t:|1616530780\n|switch|p1a: Slowking|Slowking-Galar, M|394\/394\n|turn|33\n|\n|t:|1616530890\n|switch|p2a: Hydreigon|Hydreigon, M|325\/325\n|-damage|p2a: Hydreigon|285\/325|[from] Stealth Rock\n|move|p1a: Slowking|Future Sight|p2a: Hydreigon\n|-start|p1a: Slowking|move: Future Sight\n|\n|-heal|p2a: Hydreigon|305\/325|[from] item: Leftovers\n|upkeep\n|turn|34\n|\n|t:|1616530909\n|switch|p1a: Chansey|Chansey, F|703\/703\n|move|p2a: Hydreigon|Nasty Plot|p2a: Hydreigon\n|-boost|p2a: Hydreigon|spa|2\n|\n|-heal|p2a: Hydreigon|325\/325|[from] item: Leftovers\n|-fieldend|move: Electric Terrain\n|upkeep\n|turn|35\n|\n|t:|1616530929\n|move|p2a: Hydreigon|Dark Pulse|p1a: Chansey\n|-damage|p1a: Chansey|516\/703\n|move|p1a: Chansey|Toxic|p2a: Hydreigon|[miss]\n|-miss|p1a: Chansey|p2a: Hydreigon\n|\n|-end|p2a: Hydreigon|move: Future Sight\n|-immune|p2a: Hydreigon\n|upkeep\n|turn|36\n|\n|t:|1616530948\n|switch|p2a: Clefable|Clefable, M|220\/394 psn\n|debug|damage event failed\n|move|p1a: Chansey|Toxic||[still]\n|-fail|p1a: Chansey\n|debug|move failed because it did nothing\n|\n|-heal|p2a: Clefable|244\/394 psn|[from] item: Leftovers\n|debug|damage event failed\n|upkeep\n|turn|37\n|c|\u2606hunghunghung|lol\n|\n|t:|1616530963\n|switch|p1a: Slowking|Slowking-Galar, M|394\/394\n|move|p2a: Clefable|Stealth Rock|p1a: Slowking\n|-sidestart|p1: ferromolybdenum|move: Stealth Rock\n|\n|-heal|p2a: Clefable|268\/394 psn|[from] item: Leftovers\n|debug|damage event failed\n|upkeep\n|turn|38\n|\n|t:|1616530982\n|move|p2a: Clefable|Soft-Boiled|p2a: Clefable\n|-heal|p2a: Clefable|394\/394 psn\n|move|p1a: Slowking|Sludge Bomb|p2a: Clefable\n|-supereffective|p2a: Clefable\n|-damage|p2a: Clefable|116\/394 psn\n|\n|-heal|p2a: Clefable|140\/394 psn|[from] item: Leftovers\n|debug|damage event failed\n|upkeep\n|turn|39\n|\n|t:|1616531003\n|switch|p2a: Hydreigon|Hydreigon, M|325\/325\n|-damage|p2a: Hydreigon|285\/325|[from] Stealth Rock\n|move|p1a: Slowking|Future Sight|p2a: Hydreigon\n|-start|p1a: Slowking|move: Future Sight\n|\n|-heal|p2a: Hydreigon|305\/325|[from] item: Leftovers\n|upkeep\n|turn|40\n|\n|t:|1616531014\n|switch|p1a: Blissey|Blissey, F|714\/714\n|move|p2a: Hydreigon|Draco Meteor|p1a: Blissey\n|-damage|p1a: Blissey|530\/714\n|-unboost|p2a: Hydreigon|spa|2\n|\n|-heal|p2a: Hydreigon|325\/325|[from] item: Leftovers\n|upkeep\n|turn|41\n|j| ToadFan42\n|\n|t:|1616531035\n|switch|p2a: Kartana|Kartana|259\/259\n|-damage|p2a: Kartana|243\/259|[from] Stealth Rock\n|move|p1a: Blissey|Teleport|p1a: Blissey\n|\n|t:|1616531040\n|switch|p1a: Tangrowth|Tangrowth, M|404\/404\n|-damage|p1a: Tangrowth|354\/404|[from] Stealth Rock\n|\n|-end|p2a: Kartana|move: Future Sight\n|-resisted|p2a: Kartana\n|-damage|p2a: Kartana|23\/259\n|-heal|p1a: Tangrowth|379\/404|[from] item: Leftovers\n|upkeep\n|turn|42\n|c|\u2606ferromolybdenum|nice one\n|l| ToadFan42\n|\n|t:|1616531088\n|move|p2a: Kartana|Sacred Sword|p1a: Tangrowth\n|debug|Negating (sp)def boost\/penalty.\n|-damage|p1a: Tangrowth|275\/404\n|-damage|p2a: Kartana|0 fnt|[from] item: Life Orb\n|faint|p2a: Kartana\n|debug|AfterFaint handler suppressed by Gastro Acid\n|move|p1a: Tangrowth|Knock Off|p2: Kartana|[notarget]\n|-fail|p1a: Tangrowth\n|\n|-heal|p1a: Tangrowth|300\/404|[from] item: Leftovers\n|upkeep\n|\n|t:|1616531105\n|switch|p2a: Heatran|Heatran, F|386\/386\n|-damage|p2a: Heatran|338\/386|[from] Stealth Rock\n|turn|43\n|\n|t:|1616531113\n|switch|p1a: Tyranitar|Tyranitar, F|404\/404\n|-damage|p1a: Tyranitar|354\/404|[from] Stealth Rock\n|-weather|Sandstorm|[from] ability: Sand Stream|[of] p1a: Tyranitar\n|move|p2a: Heatran|Toxic|p1a: Tyranitar\n|-status|p1a: Tyranitar|tox\n|\n|-weather|Sandstorm|[upkeep]\n|debug|natural status immunity\n|debug|weather immunity\n|debug|natural status immunity\n|debug|weather immunity\n|-heal|p2a: Heatran|362\/386|[from] item: Leftovers\n|-heal|p1a: Tyranitar|379\/404 tox|[from] item: Leftovers\n|-damage|p1a: Tyranitar|354\/404 tox|[from] psn\n|upkeep\n|turn|44\n|\n|t:|1616531150\n|switch|p2a: Landorus|Landorus-Therian, M|335\/382\n|-damage|p2a: Landorus|288\/382|[from] Stealth Rock\n|-ability|p2a: Landorus|Intimidate|boost\n|-unboost|p1a: Tyranitar|atk|1\n|move|p1a: Tyranitar|Earthquake|p2a: Landorus\n|-immune|p2a: Landorus\n|\n|-weather|Sandstorm|[upkeep]\n|debug|natural status immunity\n|debug|weather immunity\n|debug|natural status immunity\n|debug|weather immunity\n|-heal|p1a: Tyranitar|379\/404 tox|[from] item: Leftovers\n|-damage|p1a: Tyranitar|329\/404 tox|[from] psn\n|upkeep\n|turn|45\n|\n|t:|1616531173\n|switch|p1a: Zapdos|Zapdos|383\/383\n|move|p2a: Landorus|U-turn|p1a: Zapdos\n|-resisted|p1a: Zapdos\n|-damage|p1a: Zapdos|342\/383\n|-status|p2a: Landorus|par|[from] ability: Static|[of] p1a: Zapdos\n|c| dragonmirror|omg\n|c| dragonmirror|u suck\n|\n|t:|1616531203\n|switch|p2a: Tapu Koko|Tapu Koko|281\/281\n|-fieldstart|move: Electric Terrain|[from] ability: Electric Surge|[of] p2a: Tapu Koko\n|\n|-weather|Sandstorm|[upkeep]\n|-damage|p2a: Tapu Koko|264\/281|[from] Sandstorm\n|-damage|p1a: Zapdos|319\/383|[from] Sandstorm\n|upkeep\n|turn|46\n|\n|t:|1616531212\n|move|p2a: Tapu Koko|Thunderbolt|p1a: Zapdos\n|debug|electric terrain boost\n|-damage|p1a: Zapdos|129\/383\n|move|p1a: Zapdos|Defog|p2a: Tapu Koko\n|-unboost|p2a: Tapu Koko|evasion|1\n|-sideend|p2: hunghunghung|Stealth Rock|[from] move: Defog|[of] p1a: Zapdos\n|-sideend|p1: ferromolybdenum|Stealth Rock|[from] move: Defog|[of] p1a: Zapdos\n|-fieldend|move: Electric Terrain\n|\n|-weather|Sandstorm|[upkeep]\n|-damage|p2a: Tapu Koko|247\/281|[from] Sandstorm\n|-damage|p1a: Zapdos|106\/383|[from] Sandstorm\n|upkeep\n|turn|47\n|\n|t:|1616531230\n|switch|p1a: Landorus|Landorus-Therian, M|382\/382\n|-ability|p1a: Landorus|Intimidate|boost\n|-unboost|p2a: Tapu Koko|atk|1\n|move|p2a: Tapu Koko|Dazzling Gleam|p1a: Landorus\n|-damage|p1a: Landorus|253\/382\n|\n|-weather|none\n|upkeep\n|turn|48\n|\n|t:|1616531301\n|switch|p2a: Zapdos|Zapdos|383\/383\n|move|p1a: Landorus|Stealth Rock|p2a: Zapdos\n|-sidestart|p2: hunghunghung|move: Stealth Rock\n|\n|upkeep\n|turn|49\n|\n|t:|1616531323\n|switch|p1a: Heatran|Heatran, M|386\/386\n|move|p2a: Zapdos|Defog|p1a: Heatran\n|-unboost|p1a: Heatran|evasion|1\n|-sideend|p2: hunghunghung|Stealth Rock|[from] move: Defog|[of] p2a: Zapdos\n|\n|upkeep\n|turn|50\n|\n|t:|1616531363\n|switch|p2a: Heatran|Heatran, F|362\/386\n|move|p1a: Heatran|Magma Storm|p2a: Heatran\n|-start|p2a: Heatran|ability: Flash Fire\n|\n|-heal|p2a: Heatran|386\/386|[from] item: Leftovers\n|upkeep\n|turn|51\n|\n|t:|1616531405\n|switch|p1a: Tyranitar|Tyranitar, F|329\/404 tox\n|-weather|Sandstorm|[from] ability: Sand Stream|[of] p1a: Tyranitar\n|-end|p2a: Heatran|ability: Flash Fire|[silent]\n|switch|p2a: Landorus|Landorus-Therian, M|288\/382 par\n|-ability|p2a: Landorus|Intimidate|boost\n|-unboost|p1a: Tyranitar|atk|1\n|\n|-weather|Sandstorm|[upkeep]\n|debug|natural status immunity\n|debug|weather immunity\n|debug|natural status immunity\n|debug|weather immunity\n|-heal|p1a: Tyranitar|354\/404 tox|[from] item: Leftovers\n|-damage|p1a: Tyranitar|329\/404 tox|[from] psn\n|upkeep\n|turn|52\n|\n|t:|1616531422\n|switch|p1a: Landorus|Landorus-Therian, M|253\/382\n|-ability|p1a: Landorus|Intimidate|boost\n|-unboost|p2a: Landorus|atk|1\n|move|p2a: Landorus|U-turn|p1a: Landorus\n|-resisted|p1a: Landorus\n|-damage|p1a: Landorus|218\/382\n|-damage|p2a: Landorus|225\/382 par|[from] item: Rocky Helmet|[of] p1a: Landorus\n|c|\u2606ferromolybdenum|wtf\n|c|\u2606ferromolybdenum|oh fuck\n|\n|t:|1616531460\n|switch|p2a: Tapu Lele|Tapu Lele|281\/281\n|-fieldstart|move: Psychic Terrain|[from] ability: Psychic Surge|[of] p2a: Tapu Lele\n|\n|-weather|Sandstorm|[upkeep]\n|-damage|p2a: Tapu Lele|264\/281|[from] Sandstorm\n|debug|natural status immunity\n|debug|weather immunity\n|upkeep\n|turn|53\n|\n|t:|1616531481\n|switch|p1a: Reuniclus|Reuniclus, F|288\/423\n|move|p2a: Tapu Lele|Moonblast|p1a: Reuniclus\n|-crit|p1a: Reuniclus\n|-damage|p1a: Reuniclus|59\/423\n|\n|-weather|Sandstorm|[upkeep]\n|-damage|p2a: Tapu Lele|247\/281|[from] Sandstorm\n|-damage|p1a: Reuniclus|33\/423|[from] Sandstorm\n|upkeep\n|turn|54\n|\n|t:|1616531492\n|switch|p1a: Slowking|Slowking-Galar, M|394\/394\n|move|p2a: Tapu Lele|Moonblast|p1a: Slowking\n|-resisted|p1a: Slowking\n|-damage|p1a: Slowking|303\/394\n|\n|-weather|Sandstorm|[upkeep]\n|-damage|p2a: Tapu Lele|230\/281|[from] Sandstorm\n|-damage|p1a: Slowking|279\/394|[from] Sandstorm\n|upkeep\n|turn|55\n|\n|t:|1616531523\n|switch|p2a: Heatran|Heatran, F|386\/386\n|move|p1a: Slowking|Future Sight|p2a: Heatran\n|-start|p1a: Slowking|move: Future Sight\n|\n|-weather|none\n|upkeep\n|turn|56\n|\n|t:|1616531565\n|move|p2a: Heatran|Toxic|p1a: Slowking\n|debug|natural status immunity\n|debug|immune to status\n|-immune|p1a: Slowking\n|debug|move failed because it did nothing\n|move|p1a: Slowking|Earthquake|p2a: Heatran\n|-supereffective|p2a: Heatran\n|-damage|p2a: Heatran|190\/386\n|\n|-heal|p2a: Heatran|214\/386|[from] item: Leftovers\n|-fieldend|move: Psychic Terrain\n|upkeep\n|turn|57\n|\n|t:|1616531581\n|switch|p2a: Hydreigon|Hydreigon, M|325\/325\n|move|p1a: Slowking|Earthquake|p2a: Hydreigon\n|-immune|p2a: Hydreigon|[from] ability: Levitate\n|\n|-end|p2a: Hydreigon|move: Future Sight\n|-immune|p2a: Hydreigon\n|upkeep\n|turn|58\n|\n|t:|1616531594\n|switch|p1a: Clefable|Clefable, F|394\/394\n|move|p2a: Hydreigon|Draco Meteor|p1a: Clefable\n|-immune|p1a: Clefable\n|\n|upkeep\n|turn|59\n|l| dragonmirror\n|\n|t:|1616531650\n|switch|p2a: Clefable|Clefable, M|140\/394 psn\n|move|p1a: Clefable|Wish|p1a: Clefable\n|\n|-heal|p2a: Clefable|164\/394 psn|[from] item: Leftovers\n|debug|damage event failed\n|upkeep\n|turn|60\n|\n|t:|1616531657\n|switch|p1a: Xatu|Xatu, F|170\/334\n|move|p2a: Clefable|Soft-Boiled|p2a: Clefable\n|-heal|p2a: Clefable|361\/394 psn\n|\n|-heal|p1a: Xatu|334\/334|[from] move: Wish|[wisher] Clefable\n|-heal|p2a: Clefable|385\/394 psn|[from] item: Leftovers\n|debug|damage event failed\n|upkeep\n|turn|61\n|\n|t:|1616531722\n|switch|p2a: Hydreigon|Hydreigon, M|325\/325\n|move|p1a: Xatu|Teleport|p1a: Xatu\n|\n|t:|1616531734\n|switch|p1a: Clefable|Clefable, F|394\/394\n|\n|upkeep\n|turn|62\n|\n|t:|1616531744\n|move|p2a: Hydreigon|Earth Power|p1a: Clefable\n|-damage|p1a: Clefable|280\/394\n|move|p1a: Clefable|Wish|p1a: Clefable\n|\n|-heal|p1a: Clefable|304\/394|[from] item: Leftovers\n|upkeep\n|turn|63\n|\n|t:|1616531759\n|move|p2a: Hydreigon|Nasty Plot|p2a: Hydreigon\n|-boost|p2a: Hydreigon|spa|2\n|move|p1a: Clefable|Knock Off|p2a: Hydreigon\n|-resisted|p2a: Hydreigon\n|-damage|p2a: Hydreigon|295\/325\n|-enditem|p2a: Hydreigon|Leftovers|[from] move: Knock Off|[of] p1a: Clefable\n|\n|-heal|p1a: Clefable|394\/394|[from] move: Wish|[wisher] Clefable\n|upkeep\n|turn|64\n|\n|t:|1616531766\n|move|p2a: Hydreigon|Earth Power|p1a: Clefable\n|-damage|p1a: Clefable|148\/394\n|move|p1a: Clefable|Moonblast|p2a: Hydreigon\n|-supereffective|p2a: Hydreigon\n|-damage|p2a: Hydreigon|0 fnt\n|faint|p2a: Hydreigon\n|\n|-heal|p1a: Clefable|172\/394|[from] item: Leftovers\n|upkeep\n|c|\u2606hunghunghung|d3k\n|c|\u2606hunghunghung|this game is too long\n|c|\u2606hunghunghung|I think ima forfeit\n|c|\u2606hunghunghung|gg\n|c|\u2606ferromolybdenum|smh\n|-message|hunghunghung forfeited.\n|\n|win|ferromolybdenum\n|l|\u2606hunghunghung\n","uploadtime":1616531840,"views":4,"p1id":"ferromolybdenum","p2id":"hunghunghung","formatid":"gen8customgame","rating":0,"private":0,"password":null}