{"id":"gen8ou-1626996856","p1":"RTSG tests","p2":"LT91BB uomo bomba","format":"gen8ou","log":"|raw|<div class=\"broadcast-blue\"><strong>This battle is required to be public due to a player having a name starting with 'lt91bb'.<\/div>\n|j|\u2606RTSG tests\n|j|\u2606LT91BB uomo bomba\n|t:|1659005261\n|gametype|singles\n|player|p1|RTSG tests|birdkeeper|1663\n|player|p2|LT91BB uomo bomba|hilbert|1714\n|teamsize|p1|6\n|teamsize|p2|6\n|gen|8\n|tier|[Gen 8] OU\n|rated|\n|rule|Sleep Clause Mod: Limit one foe put to sleep\n|rule|Species Clause: Limit one of each Pok\u00e9mon\n|rule|OHKO Clause: OHKO moves are banned\n|rule|Evasion Moves Clause: Evasion moves are banned\n|rule|Endless Battle Clause: Forcing endless battles is banned\n|rule|HP Percentage Mod: HP is shown in percentages\n|rule|Dynamax Clause: You cannot dynamax\n|clearpoke\n|poke|p1|Sceptile, M|\n|poke|p1|Salamence, F|\n|poke|p1|Excadrill, F|\n|poke|p1|Tapu Koko|\n|poke|p1|Magnezone|\n|poke|p1|Weavile, M|\n|poke|p2|Ninetales-Alola, M|\n|poke|p2|Heatran, M|\n|poke|p2|Landorus-Therian, M|\n|poke|p2|Tapu Fini|\n|poke|p2|Arctozolt|\n|poke|p2|Kartana|\n|teampreview\n|inactive|Battle timer is ON: inactive players will automatically lose when time's up. (requested by LT91BB uomo bomba)\n|\n|t:|1659005280\n|start\n|switch|p1a: Tapu Koko|Tapu Koko|100\/100\n|switch|p2a: Chaos|Heatran, M|100\/100\n|-fieldstart|move: Electric Terrain|[from] ability: Electric Surge|[of] p1a: Tapu Koko\n|-item|p2a: Chaos|Air Balloon\n|turn|1\n|\n|t:|1659005287\n|switch|p2a: Enten|Landorus-Therian, M, shiny|100\/100\n|-ability|p2a: Enten|Intimidate|boost\n|-unboost|p1a: Tapu Koko|atk|1\n|move|p1a: Tapu Koko|Volt Switch|p2a: Enten\n|-immune|p2a: Enten\n|\n|upkeep\n|turn|2\n|\n|t:|1659005290\n|move|p1a: Tapu Koko|Taunt|p2a: Enten\n|-start|p2a: Enten|move: Taunt\n|move|p2a: Enten|U-turn|p1a: Tapu Koko\n|-resisted|p1a: Tapu Koko\n|-damage|p1a: Tapu Koko|88\/100\n|\n|t:|1659005308\n|switch|p2a: Deathstroke|Kartana, shiny|100\/100|[from]move: U-turn\n|\n|upkeep\n|turn|3\n|\n|t:|1659005312\n|switch|p2a: Chaos|Heatran, M|100\/100\n|-item|p2a: Chaos|Air Balloon\n|move|p1a: Tapu Koko|Volt Switch|p2a: Chaos\n|-damage|p2a: Chaos|68\/100\n|-enditem|p2a: Chaos|Air Balloon\n|\n|t:|1659005315\n|switch|p1a: Excadrill|Excadrill, F|100\/100|[from]move: Volt Switch\n|-ability|p1a: Excadrill|Mold Breaker\n|\n|upkeep\n|turn|4\n|\n|t:|1659005318\n|move|p1a: Excadrill|Earthquake|p2a: Chaos\n|-supereffective|p2a: Chaos\n|-damage|p2a: Chaos|0 fnt\n|faint|p2a: Chaos\n|\n|upkeep\n|\n|t:|1659005325\n|switch|p2a: Enten|Landorus-Therian, M, shiny|100\/100\n|-ability|p2a: Enten|Intimidate|boost\n|-unboost|p1a: Excadrill|atk|1\n|turn|5\n|\n|t:|1659005327\n|move|p1a: Excadrill|Stealth Rock|p2a: Enten\n|-sidestart|p2: LT91BB uomo bomba|move: Stealth Rock\n|move|p2a: Enten|U-turn|p1a: Excadrill\n|-resisted|p1a: Excadrill\n|-damage|p1a: Excadrill|85\/100\n|\n|t:|1659005331\n|switch|p2a: Raven|Tapu Fini, shiny|100\/100|[from]move: U-turn\n|-damage|p2a: Raven|88\/100|[from] Stealth Rock\n|-fieldstart|move: Misty Terrain|[from] ability: Misty Surge|[of] p2a: Raven\n|\n|-heal|p2a: Raven|94\/100|[from] item: Leftovers\n|upkeep\n|turn|6\n|\n|t:|1659005336\n|switch|p1a: Magnezone|Magnezone|100\/100\n|move|p2a: Raven|Calm Mind|p2a: Raven\n|-boost|p2a: Raven|spa|1\n|-boost|p2a: Raven|spd|1\n|\n|-heal|p2a: Raven|100\/100|[from] item: Leftovers\n|upkeep\n|turn|7\n|\n|t:|1659005340\n|move|p2a: Raven|Surf|p1a: Magnezone\n|-damage|p1a: Magnezone|39\/100\n|move|p1a: Magnezone|Thunderbolt|p2a: Raven\n|-supereffective|p2a: Raven\n|-damage|p2a: Raven|3\/100\n|\n|-heal|p2a: Raven|10\/100|[from] item: Leftovers\n|upkeep\n|turn|8\n|\n|t:|1659005352\n|move|p2a: Raven|Draining Kiss|p1a: Magnezone\n|-resisted|p1a: Magnezone\n|-damage|p1a: Magnezone|23\/100\n|-heal|p2a: Raven|21\/100|[from] drain|[of] p1a: Magnezone\n|move|p1a: Magnezone|Thunderbolt|p2a: Raven\n|-supereffective|p2a: Raven\n|-damage|p2a: Raven|0 fnt\n|faint|p2a: Raven\n|\n|upkeep\n|\n|t:|1659005354\n|switch|p2a: Enten|Landorus-Therian, M, shiny|100\/100\n|-damage|p2a: Enten|88\/100|[from] Stealth Rock\n|-ability|p2a: Enten|Intimidate|boost\n|-unboost|p1a: Magnezone|atk|1\n|turn|9\n|\n|t:|1659005358\n|switch|p1a: Excadrill|Excadrill, F|85\/100\n|-ability|p1a: Excadrill|Mold Breaker\n|move|p2a: Enten|Defog|p1a: Excadrill\n|-unboost|p1a: Excadrill|evasion|1\n|-sideend|p2: LT91BB uomo bomba|Stealth Rock|[from] move: Defog|[of] p2a: Enten\n|-fieldend|Misty Terrain\n|\n|-heal|p2a: Enten|94\/100|[from] item: Leftovers\n|upkeep\n|turn|10\n|\n|t:|1659005364\n|move|p1a: Excadrill|Stealth Rock|p2a: Enten\n|-sidestart|p2: LT91BB uomo bomba|move: Stealth Rock\n|move|p2a: Enten|Earthquake|p1a: Excadrill\n|-supereffective|p1a: Excadrill\n|-damage|p1a: Excadrill|0 fnt\n|faint|p1a: Excadrill\n|\n|-heal|p2a: Enten|99\/100|[from] item: Leftovers\n|upkeep\n|\n|t:|1659005369\n|switch|p1a: Weavile|Weavile, M|100\/100\n|-ability|p1a: Weavile|Pressure\n|turn|11\n|\n|t:|1659005383\n|move|p1a: Weavile|Triple Axel|p2a: Enten\n|-supereffective|p2a: Enten\n|-damage|p2a: Enten|51\/100\n|-supereffective|p2a: Enten\n|-damage|p2a: Enten|0 fnt\n|faint|p2a: Enten\n|-hitcount|p2: Enten|2\n|-damage|p1a: Weavile|91\/100|[from] item: Life Orb\n|\n|upkeep\n|\n|t:|1659005385\n|switch|p2a: Deathstroke|Kartana, shiny|100\/100\n|-damage|p2a: Deathstroke|94\/100|[from] Stealth Rock\n|turn|12\n|\n|t:|1659005395\n|switch|p1a: Tapu Koko|Tapu Koko|88\/100\n|-fieldstart|move: Electric Terrain|[from] ability: Electric Surge|[of] p1a: Tapu Koko\n|move|p2a: Deathstroke|Leaf Blade|p1a: Tapu Koko\n|-damage|p1a: Tapu Koko|18\/100\n|\n|upkeep\n|turn|13\n|\n|t:|1659005401\n|switch|p1a: Salamence|Salamence, F|100\/100\n|move|p2a: Deathstroke|Leaf Blade|p1a: Salamence\n|-resisted|p1a: Salamence\n|-crit|p1a: Salamence\n|-damage|p1a: Salamence|71\/100\n|\n|upkeep\n|turn|14\n|\n|t:|1659005405\n|switch|p2a: Frozen Soul|Ninetales-Alola, M, shiny|100\/100\n|-damage|p2a: Frozen Soul|76\/100|[from] Stealth Rock\n|-weather|Hail|[from] ability: Snow Warning|[of] p2a: Frozen Soul\n|move|p1a: Salamence|Dragon Dance|p1a: Salamence\n|-boost|p1a: Salamence|atk|1\n|-boost|p1a: Salamence|spe|1\n|\n|-weather|Hail|[upkeep]\n|-damage|p1a: Salamence|65\/100|[from] Hail\n|upkeep\n|turn|15\n|\n|t:|1659005409\n|move|p1a: Salamence|Dual Wingbeat|p2a: Frozen Soul\n|-damage|p2a: Frozen Soul|39\/100\n|-damage|p2a: Frozen Soul|0 fnt\n|faint|p2a: Frozen Soul\n|-ability|p1a: Salamence|Moxie|boost\n|-boost|p1a: Salamence|atk|1\n|-hitcount|p2: Frozen Soul|2\n|\n|-weather|Hail|[upkeep]\n|-damage|p1a: Salamence|59\/100|[from] Hail\n|upkeep\n|\n|t:|1659005411\n|switch|p2a: Destroyer|Arctozolt, shiny|100\/100\n|turn|16\n|\n|t:|1659005414\n|move|p1a: Salamence|Earthquake|p2a: Destroyer\n|-supereffective|p2a: Destroyer\n|-damage|p2a: Destroyer|0 fnt\n|faint|p2a: Destroyer\n|-ability|p1a: Salamence|Moxie|boost\n|-boost|p1a: Salamence|atk|1\n|\n|-weather|Hail|[upkeep]\n|-damage|p1a: Salamence|53\/100|[from] Hail\n|-fieldend|move: Electric Terrain\n|upkeep\n|-message|LT91BB uomo bomba forfeited.\n|\n|win|RTSG tests\n|raw|RTSG tests's rating: 1663 &rarr; <strong>1686<\/strong><br \/>(+23 for winning)\n|raw|LT91BB uomo bomba's rating: 1714 &rarr; <strong>1691<\/strong><br \/>(-23 for losing)\n|l|\u2606LT91BB uomo bomba\n","uploadtime":1659005420,"views":16,"p1id":"rtsgtests","p2id":"lt91bbuomobomba","formatid":"gen8ou","rating":1686,"private":0,"password":null}