{"id":"gen8ou-1496607432","p1":"The Agency is Here","p2":"kokoukohiro","format":"gen8ou","log":"|j|\u2606The Agency is Here\n|j|\u2606kokoukohiro\n|t:|1642897857\n|gametype|singles\n|player|p1|The Agency is Here|rocketgrunt|1680\n|player|p2|kokoukohiro|dawn|1607\n|teamsize|p1|6\n|teamsize|p2|6\n|gen|8\n|tier|[Gen 8] OU\n|rated|\n|rule|Sleep Clause Mod: Limit one foe put to sleep\n|rule|Species Clause: Limit one of each Pok\u00e9mon\n|rule|OHKO Clause: OHKO moves are banned\n|rule|Evasion Moves Clause: Evasion moves are banned\n|rule|Endless Battle Clause: Forcing endless battles is banned\n|rule|HP Percentage Mod: HP is shown in percentages\n|rule|Dynamax Clause: You cannot dynamax\n|clearpoke\n|poke|p1|Grimmsnarl, M|\n|poke|p1|Dragonite, F|\n|poke|p1|Azelf|\n|poke|p1|Bisharp, M|\n|poke|p1|Volcarona, M|\n|poke|p1|Zeraora|\n|poke|p2|Chansey, F|\n|poke|p2|Quagsire, M|\n|poke|p2|Mandibuzz, F|\n|poke|p2|Clefable, M|\n|poke|p2|Toxapex, F|\n|poke|p2|Skarmory, M|\n|teampreview\n|l|\u2606The Agency is Here\n|player|p1|\n|j|\u2606The Agency is Here\n|player|p1|The Agency is Here|rocketgrunt\n|j| Mandepasito\n|j| t-yeu\n|j| ash_won_kalos\n|\n|t:|1642897889\n|start\n|switch|p1a: Azelf|Azelf, shiny|100\/100\n|switch|p2a: Clefable|Clefable, M|100\/100\n|turn|1\n|\n|t:|1642897910\n|switch|p2a: Mandibuzz|Mandibuzz, F|100\/100\n|move|p1a: Azelf|Taunt|p2a: Mandibuzz\n|-start|p2a: Mandibuzz|move: Taunt\n|\n|upkeep\n|turn|2\n|j| BabyPigsAreLaughin\n|inactive|Battle timer is ON: inactive players will automatically lose when time's up. (requested by kokoukohiro)\n|inactive|The Agency is Here has 120 seconds left.\n|\n|t:|1642897965\n|move|p1a: Azelf|Stealth Rock|p2a: Mandibuzz\n|-sidestart|p2: kokoukohiro|move: Stealth Rock\n|move|p2a: Mandibuzz|Knock Off|p1a: Azelf\n|-supereffective|p1a: Azelf\n|-damage|p1a: Azelf|22\/100\n|-enditem|p1a: Azelf|Focus Sash|[from] move: Knock Off|[of] p2a: Mandibuzz\n|\n|upkeep\n|turn|3\n|\n|t:|1642897972\n|move|p1a: Azelf|Explosion|p2a: Mandibuzz\n|-damage|p2a: Mandibuzz|55\/100\n|faint|p1a: Azelf\n|move|p2a: Mandibuzz|Knock Off|p1: Azelf|[notarget]\n|-fail|p2a: Mandibuzz\n|\n|-end|p2a: Mandibuzz|move: Taunt\n|upkeep\n|\n|t:|1642897978\n|switch|p1a: Bisharp|Bisharp, M|100\/100\n|turn|4\n|\n|t:|1642897985\n|move|p1a: Bisharp|Iron Head|p2a: Mandibuzz\n|-damage|p2a: Mandibuzz|24\/100\n|-damage|p1a: Bisharp|91\/100|[from] item: Life Orb\n|move|p2a: Mandibuzz|Roost|p2a: Mandibuzz\n|-heal|p2a: Mandibuzz|74\/100\n|-singleturn|p2a: Mandibuzz|move: Roost\n|\n|upkeep\n|turn|5\n|\n|t:|1642897994\n|move|p1a: Bisharp|Iron Head|p2a: Mandibuzz\n|-damage|p2a: Mandibuzz|44\/100\n|-damage|p1a: Bisharp|81\/100|[from] item: Life Orb\n|cant|p2a: Mandibuzz|flinch\n|\n|upkeep\n|turn|6\n|\n|t:|1642897999\n|switch|p2a: Toxapex|Toxapex, F|100\/100\n|-damage|p2a: Toxapex|88\/100|[from] Stealth Rock\n|move|p1a: Bisharp|Iron Head|p2a: Toxapex\n|-resisted|p2a: Toxapex\n|-damage|p2a: Toxapex|70\/100\n|-damage|p1a: Bisharp|71\/100|[from] item: Life Orb\n|\n|-heal|p2a: Toxapex|76\/100|[from] item: Black Sludge\n|upkeep\n|turn|7\n|\n|t:|1642898005\n|move|p1a: Bisharp|Swords Dance|p1a: Bisharp\n|-boost|p1a: Bisharp|atk|2\n|move|p2a: Toxapex|Recover|p2a: Toxapex\n|-heal|p2a: Toxapex|100\/100\n|\n|upkeep\n|turn|8\n|\n|t:|1642898007\n|move|p1a: Bisharp|Knock Off|p2a: Toxapex\n|-damage|p2a: Toxapex|13\/100\n|-enditem|p2a: Toxapex|Black Sludge|[from] move: Knock Off|[of] p1a: Bisharp\n|-damage|p1a: Bisharp|61\/100|[from] item: Life Orb\n|move|p2a: Toxapex|Haze|p2a: Toxapex\n|-clearallboost\n|\n|upkeep\n|turn|9\n|j| MiniLarry\n|\n|t:|1642898011\n|switch|p2a: Quagsire|Quagsire, M|100\/100\n|-damage|p2a: Quagsire|94\/100|[from] Stealth Rock\n|move|p1a: Bisharp|Swords Dance|p1a: Bisharp\n|-boost|p1a: Bisharp|atk|2\n|\n|-heal|p2a: Quagsire|100\/100|[from] item: Leftovers\n|upkeep\n|turn|10\n|\n|t:|1642898015\n|move|p1a: Bisharp|Knock Off|p2a: Quagsire\n|-damage|p2a: Quagsire|55\/100\n|-enditem|p2a: Quagsire|Leftovers|[from] move: Knock Off|[of] p1a: Bisharp\n|-damage|p1a: Bisharp|51\/100|[from] item: Life Orb\n|move|p2a: Quagsire|Scald|p1a: Bisharp\n|-damage|p1a: Bisharp|19\/100\n|\n|upkeep\n|turn|11\n|\n|t:|1642898018\n|move|p1a: Bisharp|Iron Head|p2a: Quagsire\n|-resisted|p2a: Quagsire\n|-damage|p2a: Quagsire|33\/100\n|-damage|p1a: Bisharp|9\/100|[from] item: Life Orb\n|move|p2a: Quagsire|Recover|p2a: Quagsire\n|-heal|p2a: Quagsire|83\/100\n|\n|upkeep\n|turn|12\n|\n|t:|1642898023\n|move|p1a: Bisharp|Iron Head|p2a: Quagsire\n|-resisted|p2a: Quagsire\n|-damage|p2a: Quagsire|64\/100\n|-damage|p1a: Bisharp|0 fnt|[from] item: Life Orb\n|faint|p1a: Bisharp\n|move|p2a: Quagsire|Recover|p2a: Quagsire\n|-heal|p2a: Quagsire|100\/100\n|\n|upkeep\n|\n|t:|1642898030\n|switch|p1a: Grimmsnarl|Grimmsnarl, M|100\/100\n|turn|13\n|\n|t:|1642898034\n|switch|p2a: Toxapex|Toxapex, F|46\/100\n|-damage|p2a: Toxapex|34\/100|[from] Stealth Rock\n|move|p1a: Grimmsnarl|Taunt|p2a: Toxapex\n|-start|p2a: Toxapex|move: Taunt\n|\n|upkeep\n|turn|14\n|\n|t:|1642898040\n|switch|p2a: Skarmory|Skarmory, M|100\/100\n|-damage|p2a: Skarmory|88\/100|[from] Stealth Rock\n|move|p1a: Grimmsnarl|Spirit Break|p2a: Skarmory\n|-resisted|p2a: Skarmory\n|-damage|p2a: Skarmory|78\/100\n|-unboost|p2a: Skarmory|spa|1\n|\n|upkeep\n|turn|15\n|l| Mandepasito\n|\n|t:|1642898049\n|switch|p2a: Toxapex|Toxapex, F|67\/100\n|-damage|p2a: Toxapex|54\/100|[from] Stealth Rock\n|move|p1a: Grimmsnarl|Reflect|p1a: Grimmsnarl\n|-sidestart|p1: The Agency is Here|Reflect\n|\n|upkeep\n|turn|16\n|\n|t:|1642898055\n|switch|p2a: Skarmory|Skarmory, M|78\/100\n|-damage|p2a: Skarmory|66\/100|[from] Stealth Rock\n|move|p1a: Grimmsnarl|Taunt|p2a: Skarmory\n|-start|p2a: Skarmory|move: Taunt\n|\n|upkeep\n|turn|17\n|\n|t:|1642898062\n|switch|p2a: Toxapex|Toxapex, F|88\/100\n|-damage|p2a: Toxapex|75\/100|[from] Stealth Rock\n|move|p1a: Grimmsnarl|Taunt|p2a: Toxapex\n|-start|p2a: Toxapex|move: Taunt\n|\n|upkeep\n|turn|18\n|\n|t:|1642898064\n|move|p1a: Grimmsnarl|Spirit Break|p2a: Toxapex\n|-resisted|p2a: Toxapex\n|-damage|p2a: Toxapex|64\/100\n|-unboost|p2a: Toxapex|spa|1\n|move|p2a: Toxapex|Scald|p1a: Grimmsnarl\n|-damage|p1a: Grimmsnarl|89\/100\n|\n|upkeep\n|turn|19\n|\n|t:|1642898071\n|switch|p2a: Quagsire|Quagsire, M|100\/100\n|-damage|p2a: Quagsire|94\/100|[from] Stealth Rock\n|move|p1a: Grimmsnarl|Light Screen|p1a: Grimmsnarl\n|-sidestart|p1: The Agency is Here|move: Light Screen\n|\n|upkeep\n|turn|20\n|\n|t:|1642898085\n|move|p1a: Grimmsnarl|Spirit Break|p2a: Quagsire\n|-damage|p2a: Quagsire|68\/100\n|-unboost|p2a: Quagsire|spa|1\n|move|p2a: Quagsire|Toxic|p1a: Grimmsnarl\n|-status|p1a: Grimmsnarl|tox\n|\n|-damage|p1a: Grimmsnarl|83\/100 tox|[from] psn\n|upkeep\n|turn|21\n|\n|t:|1642898098\n|move|p1a: Grimmsnarl|Taunt|p2a: Quagsire\n|-start|p2a: Quagsire|move: Taunt\n|cant|p2a: Quagsire|move: Taunt|Recover\n|\n|-damage|p1a: Grimmsnarl|71\/100 tox|[from] psn\n|upkeep\n|turn|22\n|\n|t:|1642898102\n|switch|p2a: Toxapex|Toxapex, F|97\/100\n|-damage|p2a: Toxapex|85\/100|[from] Stealth Rock\n|move|p1a: Grimmsnarl|Spirit Break|p2a: Toxapex\n|-resisted|p2a: Toxapex\n|-damage|p2a: Toxapex|73\/100\n|-unboost|p2a: Toxapex|spa|1\n|\n|-damage|p1a: Grimmsnarl|53\/100 tox|[from] psn\n|-sideend|p1: The Agency is Here|Reflect\n|upkeep\n|turn|23\n|\n|t:|1642898119\n|move|p1a: Grimmsnarl|Spirit Break|p2a: Toxapex\n|-resisted|p2a: Toxapex\n|-crit|p2a: Toxapex\n|-damage|p2a: Toxapex|57\/100\n|-unboost|p2a: Toxapex|spa|1\n|move|p2a: Toxapex|Scald|p1a: Grimmsnarl\n|-damage|p1a: Grimmsnarl|48\/100 tox\n|\n|-damage|p1a: Grimmsnarl|24\/100 tox|[from] psn\n|upkeep\n|turn|24\n|\n|t:|1642898122\n|move|p1a: Grimmsnarl|Taunt|p2a: Toxapex\n|-start|p2a: Toxapex|move: Taunt\n|cant|p2a: Toxapex|move: Taunt|Recover\n|\n|-damage|p1a: Grimmsnarl|0 fnt|[from] psn\n|faint|p1a: Grimmsnarl\n|upkeep\n|\n|t:|1642898127\n|switch|p1a: Dragonite|Dragonite, F|100\/100\n|turn|25\n|\n|t:|1642898130\n|switch|p2a: Quagsire|Quagsire, M|68\/100\n|-damage|p2a: Quagsire|62\/100|[from] Stealth Rock\n|move|p1a: Dragonite|Dual Wingbeat|p2a: Quagsire\n|-damage|p2a: Quagsire|46\/100\n|-crit|p2a: Quagsire\n|-damage|p2a: Quagsire|22\/100\n|-hitcount|p2a: Quagsire|2\n|\n|upkeep\n|turn|26\n|\n|t:|1642898144\n|switch|p2a: Toxapex|Toxapex, F|90\/100\n|-damage|p2a: Toxapex|77\/100|[from] Stealth Rock\n|move|p1a: Dragonite|Dual Wingbeat|p2a: Toxapex\n|-damage|p2a: Toxapex|64\/100\n|-damage|p2a: Toxapex|51\/100\n|-hitcount|p2a: Toxapex|2\n|\n|-sideend|p1: The Agency is Here|move: Light Screen\n|upkeep\n|turn|27\n|c| BabyPigsAreLaughin|Is this about to be a 6-0?\n|\n|t:|1642898150\n|move|p1a: Dragonite|Earthquake|p2a: Toxapex\n|-supereffective|p2a: Toxapex\n|-damage|p2a: Toxapex|8\/100\n|move|p2a: Toxapex|Recover|p2a: Toxapex\n|-heal|p2a: Toxapex|58\/100\n|\n|upkeep\n|turn|28\n|c|\u2606kokoukohiro|I cant\n|\n|t:|1642898174\n|move|p1a: Dragonite|Dragon Dance|p1a: Dragonite\n|-boost|p1a: Dragonite|atk|1\n|-boost|p1a: Dragonite|spe|1\n|move|p2a: Toxapex|Recover|p2a: Toxapex\n|-heal|p2a: Toxapex|100\/100\n|\n|upkeep\n|turn|29\n|\n|t:|1642898177\n|move|p1a: Dragonite|Earthquake|p2a: Toxapex\n|-supereffective|p2a: Toxapex\n|-damage|p2a: Toxapex|25\/100\n|move|p2a: Toxapex|Haze|p2a: Toxapex\n|-clearallboost\n|\n|upkeep\n|turn|30\n|\n|t:|1642898193\n|switch|p2a: Skarmory|Skarmory, M|66\/100\n|-damage|p2a: Skarmory|54\/100|[from] Stealth Rock\n|move|p1a: Dragonite|Dragon Dance|p1a: Dragonite\n|-boost|p1a: Dragonite|atk|1\n|-boost|p1a: Dragonite|spe|1\n|\n|upkeep\n|turn|31\n|\n|t:|1642898199\n|move|p1a: Dragonite|Dragon Dance|p1a: Dragonite\n|-boost|p1a: Dragonite|atk|1\n|-boost|p1a: Dragonite|spe|1\n|move|p2a: Skarmory|Roost|p2a: Skarmory\n|-heal|p2a: Skarmory|100\/100\n|-singleturn|p2a: Skarmory|move: Roost\n|\n|upkeep\n|turn|32\n|\n|t:|1642898203\n|move|p1a: Dragonite|Ice Punch|p2a: Skarmory\n|-damage|p2a: Skarmory|68\/100\n|move|p2a: Skarmory|Roar|p1a: Dragonite\n|drag|p1a: Zeraora|Zeraora|100\/100\n|\n|upkeep\n|turn|33\n|\n|t:|1642898220\n|move|p1a: Zeraora|Bulk Up|p1a: Zeraora\n|-boost|p1a: Zeraora|atk|1\n|-boost|p1a: Zeraora|def|1\n|move|p2a: Skarmory|Roost|p2a: Skarmory\n|-heal|p2a: Skarmory|100\/100\n|-singleturn|p2a: Skarmory|move: Roost\n|\n|upkeep\n|turn|34\n|c| ash_won_kalos|stall is disgusting\n|\n|t:|1642898242\n|move|p1a: Zeraora|Plasma Fists|p2a: Skarmory\n|-supereffective|p2a: Skarmory\n|-damage|p2a: Skarmory|24\/100\n|-fieldactivate|move: Ion Deluge\n|-hint|Normal-type moves become Electric-type after using Plasma Fists.\n|move|p2a: Skarmory|Roar|p1a: Zeraora\n|-immune|p1a: Zeraora|[from] ability: Volt Absorb\n|\n|upkeep\n|turn|35\n|c|\u2606kokoukohiro|I know\n|c| ash_won_kalos|lmao\n|c| ash_won_kalos|nice try\n|c|\u2606kokoukohiro|oh\n|inactive|kokoukohiro has 120 seconds left.\n|c|\u2606kokoukohiro|gg\n|\n|t:|1642898282\n|switch|p2a: Clefable|Clefable, M|100\/100\n|-damage|p2a: Clefable|88\/100|[from] Stealth Rock\n|move|p1a: Zeraora|Bulk Up|p1a: Zeraora\n|-boost|p1a: Zeraora|atk|1\n|-boost|p1a: Zeraora|def|1\n|\n|-heal|p2a: Clefable|94\/100|[from] item: Leftovers\n|upkeep\n|turn|36\n|\n|t:|1642898288\n|move|p1a: Zeraora|Plasma Fists|p2a: Clefable\n|-damage|p2a: Clefable|39\/100\n|-fieldactivate|move: Ion Deluge\n|-hint|Normal-type moves become Electric-type after using Plasma Fists.\n|move|p2a: Clefable|Soft-Boiled|p2a: Clefable\n|-heal|p2a: Clefable|89\/100\n|\n|-heal|p2a: Clefable|95\/100|[from] item: Leftovers\n|upkeep\n|turn|37\n|\n|t:|1642898296\n|move|p1a: Zeraora|Plasma Fists|p2a: Clefable\n|-damage|p2a: Clefable|47\/100\n|-fieldactivate|move: Ion Deluge\n|-hint|Normal-type moves become Electric-type after using Plasma Fists.\n|move|p2a: Clefable|Soft-Boiled|p2a: Clefable\n|-heal|p2a: Clefable|97\/100\n|\n|-heal|p2a: Clefable|100\/100|[from] item: Leftovers\n|upkeep\n|turn|38\n|j| KogaReborne\n|l| KogaReborne\n|\n|t:|1642898304\n|move|p1a: Zeraora|Plasma Fists|p2a: Clefable\n|-damage|p2a: Clefable|50\/100\n|-fieldactivate|move: Ion Deluge\n|-hint|Normal-type moves become Electric-type after using Plasma Fists.\n|move|p2a: Clefable|Moonblast|p1a: Zeraora\n|-damage|p1a: Zeraora|62\/100\n|\n|-heal|p2a: Clefable|56\/100|[from] item: Leftovers\n|upkeep\n|turn|39\n|\n|t:|1642898308\n|move|p1a: Zeraora|Plasma Fists|p2a: Clefable\n|-damage|p2a: Clefable|0 fnt\n|-fieldactivate|move: Ion Deluge\n|-hint|Normal-type moves become Electric-type after using Plasma Fists.\n|faint|p2a: Clefable\n|\n|upkeep\n|\n|t:|1642898314\n|switch|p2a: Quagsire|Quagsire, M|22\/100\n|-damage|p2a: Quagsire|16\/100|[from] Stealth Rock\n|turn|40\n|\n|t:|1642898317\n|move|p1a: Zeraora|Close Combat|p2a: Quagsire\n|-damage|p2a: Quagsire|0 fnt\n|-unboost|p1a: Zeraora|def|1\n|-unboost|p1a: Zeraora|spd|1\n|faint|p2a: Quagsire\n|\n|upkeep\n|j| lmauiono\n|-message|kokoukohiro forfeited.\n|\n|win|The Agency is Here\n|raw|The Agency is Here's rating: 1680 &rarr; <strong>1696<\/strong><br \/>(+16 for winning)\n|raw|kokoukohiro's rating: 1607 &rarr; <strong>1591<\/strong><br \/>(-16 for losing)\n|l|\u2606kokoukohiro\n|c| ash_won_kalos|dont use stall\n|l| lmauiono\n|c| ash_won_kalos|anymore\n","uploadtime":1642898336,"views":55,"p1id":"theagencyishere","p2id":"kokoukohiro","formatid":"gen8ou","rating":1591,"private":0,"password":null}