{"id":"gen8nationaldex-1528086810","p1":"Hikari-miyako","p2":"Calag","format":"gen8nationaldex","log":"|j|\u2606Hikari-miyako\n|j|\u2606Calag\n|t:|1646958265\n|gametype|singles\n|player|p1|Hikari-miyako|ariana|1634\n|player|p2|Calag|265|1689\n|teamsize|p1|6\n|teamsize|p2|6\n|gen|8\n|tier|[Gen 8] National Dex\n|rated|\n|rule|HP Percentage Mod: HP is shown in percentages\n|rule|Endless Battle Clause: Forcing endless battles is banned\n|rule|OHKO Clause: OHKO moves are banned\n|rule|Evasion Moves Clause: Evasion moves are banned\n|rule|Species Clause: Limit one of each Pok\u00e9mon\n|rule|Dynamax Clause: You cannot dynamax\n|rule|Sleep Clause Mod: Limit one foe put to sleep\n|clearpoke\n|poke|p1|Aegislash, F|\n|poke|p1|Diancie|\n|poke|p1|Thundurus, M|\n|poke|p1|Bisharp, F|\n|poke|p1|Serperior, F|\n|poke|p1|Greninja, M|\n|poke|p2|Pelipper, F|\n|poke|p2|Swampert, M|\n|poke|p2|Kommo-o, F|\n|poke|p2|Ferrothorn, F|\n|poke|p2|Barraskewda, M|\n|poke|p2|Melmetal|\n|teampreview\n|\n|t:|1646958277\n|start\n|switch|p1a: Bisharp|Bisharp, F|100\/100\n|switch|p2a: Pelipper|Pelipper, F|100\/100\n|-weather|RainDance|[from] ability: Drizzle|[of] p2a: Pelipper\n|turn|1\n|inactive|Battle timer is ON: inactive players will automatically lose when time's up. (requested by Hikari-miyako)\n|\n|t:|1646958284\n|move|p1a: Bisharp|Stealth Rock|p2a: Pelipper\n|-sidestart|p2: Calag|move: Stealth Rock\n|move|p2a: Pelipper|Weather Ball|p1a: Bisharp\n|-enditem|p1a: Bisharp|Focus Sash\n|-damage|p1a: Bisharp|1\/100\n|\n|-weather|RainDance|[upkeep]\n|upkeep\n|turn|2\n|\n|t:|1646958293\n|move|p1a: Bisharp|Knock Off|p2a: Pelipper\n|-damage|p2a: Pelipper|48\/100\n|-enditem|p2a: Pelipper|Damp Rock|[from] move: Knock Off|[of] p1a: Bisharp\n|move|p2a: Pelipper|Weather Ball|p1a: Bisharp\n|-damage|p1a: Bisharp|0 fnt\n|faint|p1a: Bisharp\n|\n|-weather|RainDance|[upkeep]\n|upkeep\n|\n|t:|1646958298\n|switch|p1a: Greninja|Greninja, M|100\/100\n|turn|3\n|\n|t:|1646958305\n|switch|p2a: Ferrothorn|Ferrothorn, F|100\/100\n|-damage|p2a: Ferrothorn|94\/100|[from] Stealth Rock\n|move|p1a: Greninja|Dark Pulse|p2a: Ferrothorn\n|-damage|p2a: Ferrothorn|64\/100\n|-damage|p1a: Greninja|91\/100|[from] item: Life Orb\n|\n|-weather|RainDance|[upkeep]\n|-heal|p2a: Ferrothorn|70\/100|[from] item: Leftovers\n|upkeep\n|turn|4\n|\n|t:|1646958316\n|move|p1a: Greninja|U-turn|p2a: Ferrothorn\n|-damage|p2a: Ferrothorn|54\/100\n|-damage|p1a: Greninja|78\/100|[from] ability: Iron Barbs|[of] p2a: Ferrothorn\n|-damage|p1a: Greninja|69\/100|[from] item: Life Orb\n|\n|t:|1646958317\n|switch|p1a: Aegislash|Aegislash, F|100\/100|[from]move: U-turn\n|move|p2a: Ferrothorn|Stealth Rock|p1a: Aegislash\n|-sidestart|p1: Hikari-miyako|move: Stealth Rock\n|\n|-weather|RainDance|[upkeep]\n|-heal|p2a: Ferrothorn|60\/100|[from] item: Leftovers\n|upkeep\n|turn|5\n|\n|t:|1646958329\n|-formechange|p1a: Aegislash|Aegislash-Blade||[from] ability: Stance Change\n|move|p1a: Aegislash|Shadow Ball|p2a: Ferrothorn\n|-damage|p2a: Ferrothorn|26\/100\n|move|p2a: Ferrothorn|Leech Seed|p1a: Aegislash\n|-start|p1a: Aegislash|move: Leech Seed\n|\n|-weather|RainDance|[upkeep]\n|-heal|p2a: Ferrothorn|32\/100|[from] item: Leftovers\n|-damage|p1a: Aegislash|88\/100|[from] Leech Seed|[of] p2a: Ferrothorn\n|-heal|p2a: Ferrothorn|44\/100|[silent]\n|upkeep\n|turn|6\n|\n|t:|1646958343\n|move|p1a: Aegislash|Close Combat|p2a: Ferrothorn\n|-supereffective|p2a: Ferrothorn\n|-damage|p2a: Ferrothorn|0 fnt\n|-unboost|p1a: Aegislash|def|1\n|-unboost|p1a: Aegislash|spd|1\n|-damage|p1a: Aegislash|76\/100|[from] ability: Iron Barbs|[of] p2a: Ferrothorn\n|faint|p2a: Ferrothorn\n|\n|-weather|RainDance|[upkeep]\n|upkeep\n|\n|t:|1646958352\n|switch|p2a: Swampert|Swampert, M|100\/100\n|-damage|p2a: Swampert|94\/100|[from] Stealth Rock\n|turn|7\n|\n|t:|1646958362\n|detailschange|p2a: Swampert|Swampert-Mega, M\n|-mega|p2a: Swampert|Swampert|Swampertite\n|move|p1a: Aegislash|Shadow Sneak|p2a: Swampert\n|-damage|p2a: Swampert|77\/100\n|move|p2a: Swampert|Earthquake|p1a: Aegislash\n|-supereffective|p1a: Aegislash\n|-damage|p1a: Aegislash|0 fnt\n|faint|p1a: Aegislash\n|\n|-weather|RainDance|[upkeep]\n|upkeep\n|\n|t:|1646958365\n|switch|p1a: Serperior|Serperior, F|100\/100\n|-damage|p1a: Serperior|88\/100|[from] Stealth Rock\n|turn|8\n|\n|t:|1646958376\n|move|p1a: Serperior|Leaf Storm|p2a: Swampert\n|-supereffective|p2a: Swampert\n|-damage|p2a: Swampert|0 fnt\n|-boost|p1a: Serperior|spa|2\n|faint|p2a: Swampert\n|\n|-weather|none\n|upkeep\n|\n|t:|1646958385\n|switch|p2a: Melmetal|Melmetal|100\/100\n|-damage|p2a: Melmetal|94\/100|[from] Stealth Rock\n|turn|9\n|\n|t:|1646958391\n|move|p1a: Serperior|Leaf Storm|p2a: Melmetal\n|-resisted|p2a: Melmetal\n|-damage|p2a: Melmetal|59\/100\n|-boost|p1a: Serperior|spa|2\n|move|p2a: Melmetal|Ice Punch|p1a: Serperior\n|-supereffective|p1a: Serperior\n|-damage|p1a: Serperior|13\/100\n|\n|upkeep\n|turn|10\n|\n|t:|1646958400\n|move|p1a: Serperior|Leaf Storm|p2a: Melmetal\n|-resisted|p2a: Melmetal\n|-damage|p2a: Melmetal|6\/100\n|-boost|p1a: Serperior|spa|2\n|move|p2a: Melmetal|Ice Punch|p1a: Serperior\n|-supereffective|p1a: Serperior\n|-damage|p1a: Serperior|0 fnt\n|faint|p1a: Serperior\n|\n|upkeep\n|\n|t:|1646958405\n|switch|p1a: Greninja|Greninja, M|69\/100\n|-damage|p1a: Greninja|56\/100|[from] Stealth Rock\n|turn|11\n|\n|t:|1646958415\n|move|p1a: Greninja|Dark Pulse|p2a: Melmetal\n|-damage|p2a: Melmetal|0 fnt\n|faint|p2a: Melmetal\n|-activate|p1a: Greninja|ability: Battle Bond\n|detailschange|p1a: Greninja|Greninja-Ash, M\n|-damage|p1a: Greninja|46\/100|[from] item: Life Orb\n|\n|upkeep\n|\n|t:|1646958423\n|switch|p2a: Pelipper|Pelipper, F|48\/100\n|-damage|p2a: Pelipper|23\/100|[from] Stealth Rock\n|-weather|RainDance|[from] ability: Drizzle|[of] p2a: Pelipper\n|turn|12\n|\n|t:|1646958429\n|move|p1a: Greninja|Dark Pulse|p2a: Pelipper\n|-damage|p2a: Pelipper|0 fnt\n|faint|p2a: Pelipper\n|-damage|p1a: Greninja|37\/100|[from] item: Life Orb\n|\n|-weather|RainDance|[upkeep]\n|upkeep\n|\n|t:|1646958437\n|switch|p2a: Kommo-o|Kommo-o, F|100\/100\n|-damage|p2a: Kommo-o|94\/100|[from] Stealth Rock\n|turn|13\n|\n|t:|1646958443\n|move|p1a: Greninja|Hydro Pump|p2a: Kommo-o|[miss]\n|-miss|p1a: Greninja|p2a: Kommo-o\n|move|p2a: Kommo-o|Aura Sphere|p1a: Greninja\n|-supereffective|p1a: Greninja\n|-damage|p1a: Greninja|0 fnt\n|faint|p1a: Greninja\n|\n|-weather|RainDance|[upkeep]\n|upkeep\n|\n|t:|1646958445\n|switch|p1a: Diancie|Diancie|100\/100\n|-damage|p1a: Diancie|88\/100|[from] Stealth Rock\n|turn|14\n|\n|t:|1646958457\n|detailschange|p1a: Diancie|Diancie-Mega\n|-mega|p1a: Diancie|Diancie|Diancite\n|move|p1a: Diancie|Moonblast|p2a: Kommo-o\n|-supereffective|p2a: Kommo-o\n|-damage|p2a: Kommo-o|0 fnt\n|faint|p2a: Kommo-o\n|\n|-weather|RainDance|[upkeep]\n|upkeep\n|\n|t:|1646958465\n|switch|p2a: Barraskewda|Barraskewda, M|100\/100\n|-damage|p2a: Barraskewda|88\/100|[from] Stealth Rock\n|turn|15\n|\n|t:|1646958470\n|move|p2a: Barraskewda|Liquidation|p1a: Diancie\n|-supereffective|p1a: Diancie\n|-damage|p1a: Diancie|0 fnt\n|faint|p1a: Diancie\n|-damage|p2a: Barraskewda|78\/100|[from] item: Life Orb\n|\n|-weather|RainDance|[upkeep]\n|upkeep\n|\n|t:|1646958471\n|switch|p1a: Thundurus|Thundurus, M|100\/100\n|-damage|p1a: Thundurus|76\/100|[from] Stealth Rock\n|turn|16\n|\n|t:|1646958481\n|move|p1a: Thundurus|Thunder Wave|p2a: Barraskewda\n|-status|p2a: Barraskewda|par\n|move|p2a: Barraskewda|Liquidation|p1a: Thundurus\n|-damage|p1a: Thundurus|0 fnt\n|faint|p1a: Thundurus\n|-damage|p2a: Barraskewda|68\/100 par|[from] item: Life Orb\n|\n|win|Calag\n|raw|Hikari-miyako's rating: 1654 &rarr; <strong>1636<\/strong><br \/>(-18 for losing)\n|raw|Calag's rating: 1689 &rarr; <strong>1707<\/strong><br \/>(+18 for winning)\n|l|\u2606Hikari-miyako\n||Ladder isn't responding, score probably updated but might not have (Request timeout).\n","uploadtime":1646958497,"views":37,"p1id":"hikarimiyako","p2id":"calag","formatid":"gen8nationaldex","rating":1636,"private":0,"password":null}