{"id":"gen8ou-1691709848","p1":"Kwaga","p2":"30orless","format":"gen8ou","log":"|html|<div class=\"broadcast-blue\"><strong>[Gen 8] OU is currently suspecting Melmetal! For information on how to participate check out the <a href=\"https:\/\/www.smogon.com\/forums\/threads\/np-ss-ou-suspect-process-round-12-monster-mash.3709234\/\">suspect thread<\/a>.<\/strong><\/div>\n|j|\u2606Kwaga\n|j|\u260630orless\n|t:|1666398433\n|gametype|singles\n|player|p1|Kwaga|ninjaboy|1758\n|player|p2|30orless|265|1680\n|teamsize|p1|6\n|teamsize|p2|6\n|gen|8\n|tier|[Gen 8] OU\n|rated|\n|rule|Sleep Clause Mod: Limit one foe put to sleep\n|rule|Species Clause: Limit one of each Pok\u00e9mon\n|rule|OHKO Clause: OHKO moves are banned\n|rule|Evasion Items Clause: Evasion items are banned\n|rule|Evasion Moves Clause: Evasion moves are banned\n|rule|Endless Battle Clause: Forcing endless battles is banned\n|rule|HP Percentage Mod: HP is shown in percentages\n|rule|Dynamax Clause: You cannot dynamax\n|clearpoke\n|poke|p1|Moltres-Galar|\n|poke|p1|Urshifu-*, M|\n|poke|p1|Kartana|\n|poke|p1|Tapu Lele|\n|poke|p1|Melmetal|\n|poke|p1|Landorus-Therian, M|\n|poke|p2|Moltres|\n|poke|p2|Hydreigon, F|\n|poke|p2|Blaziken, F|\n|poke|p2|Volcanion|\n|poke|p2|Zapdos|\n|poke|p2|Mamoswine, M|\n|teampreview\n|inactive|Battle timer is ON: inactive players will automatically lose when time's up. (requested by 30orless)\n|\n|t:|1666398463\n|start\n|switch|p1a: Urshifu|Urshifu-Rapid-Strike, M|100\/100\n|switch|p2a: Hydreigon|Hydreigon, F|100\/100\n|turn|1\n|\n|t:|1666398470\n|switch|p1a: Melmetal|Melmetal, shiny|100\/100\n|move|p2a: Hydreigon|Draco Meteor|p1a: Melmetal\n|-resisted|p1a: Melmetal\n|-damage|p1a: Melmetal|72\/100\n|-unboost|p2a: Hydreigon|spa|2\n|\n|-heal|p1a: Melmetal|79\/100|[from] item: Leftovers\n|upkeep\n|turn|2\n|\n|t:|1666398474\n|switch|p2a: Moltres|Moltres|100\/100\n|move|p1a: Melmetal|Toxic|p2a: Moltres\n|-status|p2a: Moltres|tox\n|\n|-heal|p1a: Melmetal|85\/100|[from] item: Leftovers\n|-damage|p2a: Moltres|94\/100 tox|[from] psn\n|upkeep\n|turn|3\n|\n|t:|1666398478\n|move|p1a: Melmetal|Protect|p1a: Melmetal\n|-singleturn|p1a: Melmetal|Protect\n|move|p2a: Moltres|Flare Blitz|p1a: Melmetal\n|-activate|p1a: Melmetal|move: Protect\n|\n|-heal|p1a: Melmetal|91\/100|[from] item: Leftovers\n|-damage|p2a: Moltres|82\/100 tox|[from] psn\n|upkeep\n|turn|4\n|\n|t:|1666398485\n|switch|p2a: Mamoswine|Mamoswine, M|100\/100\n|switch|p1a: Landorus|Landorus-Therian, M, shiny|100\/100\n|-ability|p1a: Landorus|Intimidate|boost\n|-fail|p2a: Mamoswine|unboost|Attack|[from] ability: Oblivious|[of] p2a: Mamoswine\n|\n|upkeep\n|turn|5\n|-activate|p2a: Mamoswine|item: Quick Claw\n|\n|t:|1666398487\n|switch|p1a: Urshifu|Urshifu-Rapid-Strike, M|100\/100\n|move|p2a: Mamoswine|Stealth Rock|p1a: Urshifu\n|-sidestart|p1: Kwaga|move: Stealth Rock\n|\n|upkeep\n|turn|6\n|\n|t:|1666398495\n|switch|p1a: Landorus|Landorus-Therian, M, shiny|100\/100\n|-damage|p1a: Landorus|88\/100|[from] Stealth Rock\n|-ability|p1a: Landorus|Intimidate|boost\n|-fail|p2a: Mamoswine|unboost|Attack|[from] ability: Oblivious|[of] p2a: Mamoswine\n|switch|p2a: Moltres|Moltres|82\/100 tox\n|\n|-heal|p1a: Landorus|94\/100|[from] item: Leftovers\n|-damage|p2a: Moltres|76\/100 tox|[from] psn\n|upkeep\n|turn|7\n|\n|t:|1666398501\n|move|p2a: Moltres|Flare Blitz|p1a: Landorus\n|-damage|p1a: Landorus|37\/100\n|-status|p1a: Landorus|brn\n|-damage|p2a: Moltres|58\/100 tox|[from] Recoil\n|move|p1a: Landorus|Defog|p2a: Moltres\n|-unboost|p2a: Moltres|evasion|1\n|-sideend|p1: Kwaga|Stealth Rock|[from] move: Defog|[of] p1a: Landorus\n|\n|-heal|p1a: Landorus|43\/100 brn|[from] item: Leftovers\n|-damage|p2a: Moltres|46\/100 tox|[from] psn\n|-damage|p1a: Landorus|37\/100 brn|[from] brn\n|upkeep\n|turn|8\n|\n|t:|1666398508\n|move|p2a: Moltres|Brave Bird|p1a: Landorus\n|-damage|p1a: Landorus|0 fnt\n|faint|p1a: Landorus\n|-damage|p2a: Moltres|34\/100 tox|[from] Recoil\n|\n|-damage|p2a: Moltres|16\/100 tox|[from] psn\n|upkeep\n|inactive|Kwaga has 120 seconds left.\n|\n|t:|1666398564\n|switch|p1a: Tapu Lele|Tapu Lele, shiny|100\/100\n|-fieldstart|move: Psychic Terrain|[from] ability: Psychic Surge|[of] p1a: Tapu Lele\n|turn|9\n|\n|t:|1666398569\n|move|p1a: Tapu Lele|Psyshock|p2a: Moltres\n|-damage|p2a: Moltres|0 fnt\n|faint|p2a: Moltres\n|\n|upkeep\n|\n|t:|1666398573\n|switch|p2a: Hydreigon|Hydreigon, F|100\/100\n|turn|10\n|\n|t:|1666398586\n|move|p2a: Hydreigon|Draco Meteor|p1a: Tapu Lele\n|-immune|p1a: Tapu Lele\n|move|p1a: Tapu Lele|Psyshock|p2a: Hydreigon\n|-immune|p2a: Hydreigon\n|\n|upkeep\n|turn|11\n|\n|t:|1666398589\n|move|p2a: Hydreigon|Draco Meteor|p1a: Tapu Lele\n|-immune|p1a: Tapu Lele\n|move|p1a: Tapu Lele|Psyshock|p2a: Hydreigon\n|-immune|p2a: Hydreigon\n|\n|upkeep\n|turn|12\n|\n|t:|1666398592\n|move|p2a: Hydreigon|Draco Meteor|p1a: Tapu Lele\n|-immune|p1a: Tapu Lele\n|move|p1a: Tapu Lele|Psyshock|p2a: Hydreigon\n|-immune|p2a: Hydreigon\n|\n|upkeep\n|turn|13\n|\n|t:|1666398595\n|switch|p1a: Melmetal|Melmetal, shiny|91\/100\n|move|p2a: Hydreigon|Draco Meteor|p1a: Melmetal\n|-resisted|p1a: Melmetal\n|-damage|p1a: Melmetal|67\/100\n|-unboost|p2a: Hydreigon|spa|2\n|\n|-heal|p1a: Melmetal|73\/100|[from] item: Leftovers\n|-fieldend|move: Psychic Terrain\n|upkeep\n|turn|14\n|\n|t:|1666398599\n|switch|p2a: Zapdos|Zapdos|100\/100\n|move|p1a: Melmetal|Toxic|p2a: Zapdos\n|-status|p2a: Zapdos|tox\n|\n|-heal|p1a: Melmetal|79\/100|[from] item: Leftovers\n|-damage|p2a: Zapdos|94\/100 tox|[from] psn\n|upkeep\n|turn|15\n|\n|t:|1666398604\n|switch|p2a: Blaziken|Blaziken, F|100\/100\n|move|p1a: Melmetal|Protect||[still]\n|-fail|p1a: Melmetal\n|\n|-heal|p1a: Melmetal|85\/100|[from] item: Leftovers\n|upkeep\n|turn|16\n|\n|t:|1666398607\n|move|p2a: Blaziken|Overheat|p1a: Melmetal\n|-supereffective|p1a: Melmetal\n|-damage|p1a: Melmetal|0 fnt\n|-unboost|p2a: Blaziken|spa|2\n|faint|p1a: Melmetal\n|-damage|p2a: Blaziken|91\/100|[from] item: Life Orb\n|\n|-ability|p2a: Blaziken|Speed Boost|boost\n|-boost|p2a: Blaziken|spe|1\n|upkeep\n|\n|t:|1666398622\n|switch|p1a: Tapu Lele|Tapu Lele, shiny|100\/100\n|-fieldstart|move: Psychic Terrain|[from] ability: Psychic Surge|[of] p1a: Tapu Lele\n|turn|17\n|\n|t:|1666398626\n|move|p1a: Tapu Lele|Psyshock|p2a: Blaziken\n|-supereffective|p2a: Blaziken\n|-damage|p2a: Blaziken|0 fnt\n|faint|p2a: Blaziken\n|\n|upkeep\n|\n|t:|1666398628\n|switch|p2a: Hydreigon|Hydreigon, F|100\/100\n|turn|18\n|\n|t:|1666398638\n|switch|p1a: Urshifu|Urshifu-Rapid-Strike, M|100\/100\n|move|p2a: Hydreigon|Earth Power|p1a: Urshifu\n|-damage|p1a: Urshifu|51\/100\n|\n|upkeep\n|turn|19\n|\n|t:|1666398647\n|move|p2a: Hydreigon|Earth Power|p1a: Urshifu\n|-damage|p1a: Urshifu|2\/100\n|move|p1a: Urshifu|Surging Strikes|p2a: Hydreigon\n|-resisted|p2a: Hydreigon\n|-crit|p2a: Hydreigon\n|-damage|p2a: Hydreigon|83\/100\n|-resisted|p2a: Hydreigon\n|-crit|p2a: Hydreigon\n|-damage|p2a: Hydreigon|66\/100\n|-resisted|p2a: Hydreigon\n|-crit|p2a: Hydreigon\n|-damage|p2a: Hydreigon|49\/100\n|-hitcount|p2a: Hydreigon|3\n|\n|upkeep\n|turn|20\n|\n|t:|1666398655\n|switch|p2a: Volcanion|Volcanion|100\/100\n|switch|p1a: Tapu Lele|Tapu Lele, shiny|100\/100\n|\n|upkeep\n|turn|21\n|\n|t:|1666398659\n|move|p1a: Tapu Lele|Psyshock|p2a: Volcanion\n|-crit|p2a: Volcanion\n|-damage|p2a: Volcanion|29\/100\n|move|p2a: Volcanion|Steam Eruption|p1a: Tapu Lele\n|-damage|p1a: Tapu Lele|34\/100\n|-status|p1a: Tapu Lele|brn\n|\n|-damage|p1a: Tapu Lele|28\/100 brn|[from] brn\n|-fieldend|move: Psychic Terrain\n|upkeep\n|turn|22\n|\n|t:|1666398668\n|move|p1a: Tapu Lele|Psyshock|p2a: Volcanion\n|-damage|p2a: Volcanion|0 fnt\n|faint|p2a: Volcanion\n|\n|-damage|p1a: Tapu Lele|22\/100 brn|[from] brn\n|upkeep\n|\n|t:|1666398671\n|switch|p2a: Hydreigon|Hydreigon, F|49\/100\n|turn|23\n|\n|t:|1666398686\n|move|p2a: Hydreigon|Dark Pulse|p1a: Tapu Lele\n|-damage|p1a: Tapu Lele|0 fnt\n|faint|p1a: Tapu Lele\n|\n|upkeep\n|\n|t:|1666398688\n|switch|p1a: Moltres|Moltres-Galar, shiny|100\/100\n|turn|24\n|\n|t:|1666398693\n|switch|p2a: Zapdos|Zapdos|94\/100 tox\n|move|p1a: Moltres|Agility|p1a: Moltres\n|-boost|p1a: Moltres|spe|2\n|\n|-damage|p2a: Zapdos|88\/100 tox|[from] psn\n|upkeep\n|turn|25\n|\n|t:|1666398695\n|move|p1a: Moltres|Nasty Plot|p1a: Moltres\n|-boost|p1a: Moltres|spa|2\n|move|p2a: Zapdos|Discharge|p1a: Moltres\n|-supereffective|p1a: Moltres\n|-damage|p1a: Moltres|33\/100\n|-ability|p1a: Moltres|Berserk|boost\n|-boost|p1a: Moltres|spa|1\n|\n|-damage|p2a: Zapdos|76\/100 tox|[from] psn\n|upkeep\n|turn|26\n|\n|t:|1666398703\n|switch|p2a: Hydreigon|Hydreigon, F|49\/100\n|move|p1a: Moltres|Fiery Wrath|p2a: Hydreigon\n|-resisted|p2a: Hydreigon\n|-damage|p2a: Hydreigon|0 fnt\n|faint|p2a: Hydreigon\n|\n|upkeep\n|\n|t:|1666398705\n|switch|p2a: Mamoswine|Mamoswine, M|100\/100\n|turn|27\n|\n|t:|1666398709\n|move|p2a: Mamoswine|Ice Shard|p1a: Moltres\n|-supereffective|p1a: Moltres\n|-damage|p1a: Moltres|0 fnt\n|faint|p1a: Moltres\n|\n|upkeep\n|\n|t:|1666398712\n|switch|p1a: Urshifu|Urshifu-Rapid-Strike, M|2\/100\n|turn|28\n|\n|t:|1666398715\n|move|p1a: Urshifu|Aqua Jet|p2a: Mamoswine\n|-supereffective|p2a: Mamoswine\n|-damage|p2a: Mamoswine|33\/100\n|move|p2a: Mamoswine|Ice Shard|p1a: Urshifu\n|-resisted|p1a: Urshifu\n|-crit|p1a: Urshifu\n|-damage|p1a: Urshifu|0 fnt\n|faint|p1a: Urshifu\n|\n|upkeep\n|\n|t:|1666398717\n|switch|p1a: Kartana|Kartana, shiny|100\/100\n|turn|29\n|-activate|p2a: Mamoswine|item: Quick Claw\n|\n|t:|1666398720\n|move|p2a: Mamoswine|Ice Shard|p1a: Kartana\n|-damage|p1a: Kartana|78\/100\n|move|p1a: Kartana|Knock Off|p2a: Mamoswine\n|-damage|p2a: Mamoswine|0 fnt\n|-enditem|p2a: Mamoswine|Quick Claw|[from] move: Knock Off|[of] p1a: Kartana\n|faint|p2a: Mamoswine\n|-ability|p1a: Kartana|Beast Boost|boost\n|-boost|p1a: Kartana|atk|1\n|\n|upkeep\n|\n|t:|1666398724\n|switch|p2a: Zapdos|Zapdos|76\/100 tox\n|turn|30\n|\n|t:|1666398727\n|move|p1a: Kartana|Knock Off|p2a: Zapdos\n|-damage|p2a: Zapdos|0 fnt\n|-enditem|p2a: Zapdos|Heavy-Duty Boots|[from] move: Knock Off|[of] p1a: Kartana\n|faint|p2a: Zapdos\n|\n|win|Kwaga\n|raw|Kwaga's rating: 1745 &rarr; <strong>1761<\/strong><br \/>(+16 for winning)\n|raw|30orless's rating: 1680 &rarr; <strong>1664<\/strong><br \/>(-16 for losing)\n","uploadtime":1666398730,"views":8,"p1id":"kwaga","p2id":"30orless","formatid":"gen8ou","rating":1664,"private":0,"password":null}