{"id":"gen8ou-1627385847","p1":"Not Sarcasm","p2":"Rodrigogtz","format":"gen8ou","log":"|j|\u2606Not Sarcasm\n|j|\u2606Rodrigogtz\n|t:|1659045558\n|gametype|singles\n|player|p1|Not Sarcasm|170|1508\n|player|p2|Rodrigogtz|170|1514\n|teamsize|p1|6\n|teamsize|p2|6\n|gen|8\n|tier|[Gen 8] OU\n|rated|\n|rule|Sleep Clause Mod: Limit one foe put to sleep\n|rule|Species Clause: Limit one of each Pok\u00e9mon\n|rule|OHKO Clause: OHKO moves are banned\n|rule|Evasion Moves Clause: Evasion moves are banned\n|rule|Endless Battle Clause: Forcing endless battles is banned\n|rule|HP Percentage Mod: HP is shown in percentages\n|rule|Dynamax Clause: You cannot dynamax\n|clearpoke\n|poke|p1|Dragapult, F|\n|poke|p1|Melmetal|\n|poke|p1|Garchomp, M|\n|poke|p1|Slowbro, F|\n|poke|p1|Landorus-Therian, M|\n|poke|p1|Tapu Lele|\n|poke|p2|Blacephalon|\n|poke|p2|Melmetal|\n|poke|p2|Landorus-Therian, M|\n|poke|p2|Urshifu-*, F|\n|poke|p2|Tapu Lele|\n|poke|p2|Clefable, F|\n|teampreview\n|\n|t:|1659045601\n|start\n|switch|p1a: Garchomp|Garchomp, M|100\/100\n|switch|p2a: Tapu Lele|Tapu Lele|100\/100\n|-fieldstart|move: Psychic Terrain|[from] ability: Psychic Surge|[of] p2a: Tapu Lele\n|turn|1\n|\n|t:|1659045610\n|switch|p1a: Slowbro|Slowbro, F|100\/100\n|move|p2a: Tapu Lele|Moonblast|p1a: Slowbro\n|-damage|p1a: Slowbro|21\/100\n|\n|upkeep\n|turn|2\n|\n|t:|1659045616\n|switch|p1a: Melmetal|Melmetal|100\/100\n|move|p2a: Tapu Lele|Moonblast|p1a: Melmetal\n|-resisted|p1a: Melmetal\n|-damage|p1a: Melmetal|68\/100\n|\n|-heal|p1a: Melmetal|74\/100|[from] item: Leftovers\n|upkeep\n|turn|3\n|\n|t:|1659045626\n|switch|p2a: Urshifu|Urshifu-Rapid-Strike, F|100\/100\n|move|p1a: Melmetal|Double Iron Bash|p2a: Urshifu\n|-resisted|p2a: Urshifu\n|-damage|p2a: Urshifu|80\/100\n|-resisted|p2a: Urshifu\n|-damage|p2a: Urshifu|59\/100\n|-hitcount|p2a: Urshifu|2\n|\n|-heal|p1a: Melmetal|81\/100|[from] item: Leftovers\n|upkeep\n|turn|4\n|\n|t:|1659045636\n|switch|p1a: Slowbro|Slowbro, F|54\/100\n|move|p2a: Urshifu|U-turn|p1a: Slowbro\n|-supereffective|p1a: Slowbro\n|-damage|p1a: Slowbro|7\/100\n|\n|t:|1659045645\n|switch|p2a: Tapu Lele|Tapu Lele|100\/100|[from]move: U-turn\n|\n|upkeep\n|turn|5\n|\n|t:|1659045655\n|switch|p1a: Melmetal|Melmetal|81\/100\n|move|p2a: Tapu Lele|Psychic|p1a: Melmetal\n|-resisted|p1a: Melmetal\n|-damage|p1a: Melmetal|44\/100\n|\n|-heal|p1a: Melmetal|50\/100|[from] item: Leftovers\n|-fieldend|move: Psychic Terrain\n|upkeep\n|turn|6\n|\n|t:|1659045664\n|switch|p2a: Landorus|Landorus-Therian, M|100\/100\n|-ability|p2a: Landorus|Intimidate|boost\n|-unboost|p1a: Melmetal|atk|1\n|move|p1a: Melmetal|Double Iron Bash|p2a: Landorus\n|-damage|p2a: Landorus|81\/100\n|-damage|p2a: Landorus|62\/100\n|-hitcount|p2a: Landorus|2\n|\n|-heal|p2a: Landorus|68\/100|[from] item: Leftovers\n|-heal|p1a: Melmetal|56\/100|[from] item: Leftovers\n|upkeep\n|turn|7\n|\n|t:|1659045678\n|move|p2a: Landorus|Stealth Rock|p1a: Melmetal\n|-sidestart|p1: Not Sarcasm|move: Stealth Rock\n|move|p1a: Melmetal|Toxic|p2a: Landorus|[miss]\n|-miss|p1a: Melmetal|p2a: Landorus\n|\n|-heal|p2a: Landorus|74\/100|[from] item: Leftovers\n|-heal|p1a: Melmetal|62\/100|[from] item: Leftovers\n|upkeep\n|turn|8\n|c|\u2606Not Sarcasm|come om\n|\n|t:|1659045687\n|move|p1a: Melmetal|Protect|p1a: Melmetal\n|-singleturn|p1a: Melmetal|Protect\n|move|p2a: Landorus|Knock Off|p1a: Melmetal\n|-activate|p1a: Melmetal|move: Protect\n|\n|-heal|p2a: Landorus|80\/100|[from] item: Leftovers\n|-heal|p1a: Melmetal|68\/100|[from] item: Leftovers\n|upkeep\n|turn|9\n|\n|t:|1659045696\n|switch|p1a: Landorus|Landorus-Therian, M|100\/100\n|-damage|p1a: Landorus|88\/100|[from] Stealth Rock\n|-ability|p1a: Landorus|Intimidate|boost\n|-unboost|p2a: Landorus|atk|1\n|move|p2a: Landorus|Earthquake|p1a: Landorus\n|-immune|p1a: Landorus\n|\n|-heal|p2a: Landorus|86\/100|[from] item: Leftovers\n|-heal|p1a: Landorus|94\/100|[from] item: Leftovers\n|upkeep\n|turn|10\n|\n|t:|1659045707\n|move|p2a: Landorus|Knock Off|p1a: Landorus\n|-damage|p1a: Landorus|76\/100\n|-enditem|p1a: Landorus|Leftovers|[from] move: Knock Off|[of] p2a: Landorus\n|move|p1a: Landorus|Defog|p2a: Landorus\n|-unboost|p2a: Landorus|evasion|1\n|-sideend|p1: Not Sarcasm|Stealth Rock|[from] move: Defog|[of] p1a: Landorus\n|\n|-heal|p2a: Landorus|92\/100|[from] item: Leftovers\n|upkeep\n|turn|11\n|inactive|Battle timer is ON: inactive players will automatically lose when time's up. (requested by Not Sarcasm)\n|\n|t:|1659045734\n|move|p2a: Landorus|Stealth Rock|p1a: Landorus\n|-sidestart|p1: Not Sarcasm|move: Stealth Rock\n|move|p1a: Landorus|Stealth Rock|p2a: Landorus\n|-sidestart|p2: Rodrigogtz|move: Stealth Rock\n|\n|-heal|p2a: Landorus|98\/100|[from] item: Leftovers\n|upkeep\n|turn|12\n|\n|t:|1659045741\n|move|p2a: Landorus|Knock Off|p1a: Landorus\n|-damage|p1a: Landorus|63\/100\n|move|p1a: Landorus|U-turn|p2a: Landorus\n|-resisted|p2a: Landorus\n|-crit|p2a: Landorus\n|-damage|p2a: Landorus|87\/100\n|\n|t:|1659045747\n|switch|p1a: Tapu Lele|Tapu Lele|100\/100|[from]move: U-turn\n|-damage|p1a: Tapu Lele|88\/100|[from] Stealth Rock\n|-fieldstart|move: Psychic Terrain|[from] ability: Psychic Surge|[of] p1a: Tapu Lele\n|\n|-heal|p2a: Landorus|93\/100|[from] item: Leftovers\n|upkeep\n|turn|13\n|\n|t:|1659045759\n|move|p1a: Tapu Lele|Psyshock|p2a: Landorus\n|-damage|p2a: Landorus|54\/100\n|move|p2a: Landorus|Knock Off|p1a: Tapu Lele\n|-damage|p1a: Tapu Lele|54\/100\n|-enditem|p1a: Tapu Lele|Choice Scarf|[from] move: Knock Off|[of] p2a: Landorus\n|\n|-heal|p2a: Landorus|60\/100|[from] item: Leftovers\n|upkeep\n|turn|14\n|\n|t:|1659045770\n|move|p1a: Tapu Lele|Moonblast|p2a: Landorus\n|-damage|p2a: Landorus|7\/100\n|move|p2a: Landorus|Earthquake|p1a: Tapu Lele\n|-damage|p1a: Tapu Lele|8\/100\n|\n|-heal|p2a: Landorus|13\/100|[from] item: Leftovers\n|upkeep\n|turn|15\n|\n|t:|1659045779\n|move|p1a: Tapu Lele|Moonblast|p2a: Landorus\n|-damage|p2a: Landorus|0 fnt\n|faint|p2a: Landorus\n|\n|upkeep\n|\n|t:|1659045793\n|switch|p2a: Urshifu|Urshifu-Rapid-Strike, F|59\/100\n|-damage|p2a: Urshifu|52\/100|[from] Stealth Rock\n|turn|16\n|\n|t:|1659045799\n|move|p2a: Urshifu|U-turn|p1a: Tapu Lele\n|-crit|p1a: Tapu Lele\n|-damage|p1a: Tapu Lele|0 fnt\n|faint|p1a: Tapu Lele\n|\n|t:|1659045805\n|switch|p2a: Tapu Lele|Tapu Lele|100\/100|[from]move: U-turn\n|-damage|p2a: Tapu Lele|88\/100|[from] Stealth Rock\n|\n|-fieldend|move: Psychic Terrain\n|upkeep\n|\n|t:|1659045825\n|switch|p1a: Melmetal|Melmetal|68\/100\n|-damage|p1a: Melmetal|62\/100|[from] Stealth Rock\n|turn|17\n|\n|t:|1659045843\n|move|p2a: Tapu Lele|Focus Blast|p1a: Melmetal\n|-supereffective|p1a: Melmetal\n|-damage|p1a: Melmetal|0 fnt\n|faint|p1a: Melmetal\n|\n|upkeep\n|\n|t:|1659045850\n|switch|p1a: Garchomp|Garchomp, M|100\/100\n|-damage|p1a: Garchomp|94\/100|[from] Stealth Rock\n|turn|18\n|\n|t:|1659045854\n|move|p1a: Garchomp|Earthquake|p2a: Tapu Lele\n|-damage|p2a: Tapu Lele|13\/100\n|move|p2a: Tapu Lele|Focus Blast|p1a: Garchomp\n|-damage|p1a: Garchomp|24\/100\n|\n|-heal|p1a: Garchomp|30\/100|[from] item: Leftovers\n|upkeep\n|turn|19\n|\n|t:|1659045864\n|move|p1a: Garchomp|Earthquake|p2a: Tapu Lele\n|-damage|p2a: Tapu Lele|0 fnt\n|faint|p2a: Tapu Lele\n|\n|-heal|p1a: Garchomp|36\/100|[from] item: Leftovers\n|upkeep\n|\n|t:|1659045871\n|switch|p2a: Blacephalon|Blacephalon|100\/100\n|-damage|p2a: Blacephalon|76\/100|[from] Stealth Rock\n|turn|20\n|c|\u2606Not Sarcasm|of course you hit everything\n|\n|t:|1659045879\n|switch|p1a: Landorus|Landorus-Therian, M|63\/100\n|-damage|p1a: Landorus|51\/100|[from] Stealth Rock\n|-ability|p1a: Landorus|Intimidate|boost\n|-unboost|p2a: Blacephalon|atk|1\n|move|p2a: Blacephalon|Shadow Ball|p1a: Landorus\n|-damage|p1a: Landorus|19\/100\n|\n|upkeep\n|turn|21\n|-message|Not Sarcasm forfeited.\n|\n|win|Rodrigogtz\n|raw|Not Sarcasm's rating: 1508 &rarr; <strong>1488<\/strong><br \/>(-20 for losing)\n|raw|Rodrigogtz's rating: 1514 &rarr; <strong>1534<\/strong><br \/>(+20 for winning)\n|l|\u2606Not Sarcasm\n||Ladder isn't responding, score probably updated but might not have (Request timeout).\n","uploadtime":1659045916,"views":13,"p1id":"notsarcasm","p2id":"rodrigogtz","formatid":"gen8ou","rating":1488,"private":0,"password":null}