{"id":"gen8ou-1700969808","p1":"Shim-0N","p2":"Shinjou Akane","format":"gen8ou","log":"|j|\u2606Shim-0N\n|j|\u2606Shinjou Akane\n|t:|1667402911\n|gametype|singles\n|player|p1|Shim-0N|preschooler|1636\n|player|p2|Shinjou Akane|nurse|1686\n|teamsize|p1|6\n|teamsize|p2|6\n|gen|8\n|tier|[Gen 8] OU\n|rated|\n|rule|Sleep Clause Mod: Limit one foe put to sleep\n|rule|Species Clause: Limit one of each Pok\u00e9mon\n|rule|OHKO Clause: OHKO moves are banned\n|rule|Evasion Items Clause: Evasion items are banned\n|rule|Evasion Moves Clause: Evasion moves are banned\n|rule|Endless Battle Clause: Forcing endless battles is banned\n|rule|HP Percentage Mod: HP is shown in percentages\n|rule|Dynamax Clause: You cannot dynamax\n|clearpoke\n|poke|p1|Kartana|\n|poke|p1|Blacephalon|\n|poke|p1|Tyranitar, F|\n|poke|p1|Landorus-Therian, M|\n|poke|p1|Slowbro, M|\n|poke|p1|Zapdos|\n|poke|p2|Tapu Lele|\n|poke|p2|Blacephalon|\n|poke|p2|Tyranitar, F|\n|poke|p2|Landorus-Therian, M|\n|poke|p2|Corviknight, M|\n|poke|p2|Toxapex, M|\n|teampreview\n|inactive|Battle timer is ON: inactive players will automatically lose when time's up. (requested by Shim-0N)\n|\n|t:|1667402938\n|start\n|switch|p1a: Landorus|Landorus-Therian, M|100\/100\n|switch|p2a: Landorus|Landorus-Therian, M|100\/100\n|-ability|p2a: Landorus|Intimidate|boost\n|-unboost|p1a: Landorus|atk|1\n|-ability|p1a: Landorus|Intimidate|boost\n|-unboost|p2a: Landorus|atk|1\n|turn|1\n|\n|t:|1667402956\n|move|p2a: Landorus|Knock Off|p1a: Landorus\n|-damage|p1a: Landorus|79\/100\n|-enditem|p1a: Landorus|Leftovers|[from] move: Knock Off|[of] p2a: Landorus\n|move|p1a: Landorus|Toxic|p2a: Landorus\n|-status|p2a: Landorus|tox\n|\n|-damage|p2a: Landorus|94\/100 tox|[from] psn\n|upkeep\n|turn|2\n|\n|t:|1667402964\n|move|p2a: Landorus|U-turn|p1a: Landorus\n|-resisted|p1a: Landorus\n|-damage|p1a: Landorus|71\/100\n|\n|t:|1667402969\n|switch|p2a: Corviknight|Corviknight, M|100\/100|[from]move: U-turn\n|-ability|p2a: Corviknight|Pressure\n|move|p1a: Landorus|Stealth Rock|p2a: Corviknight\n|-sidestart|p2: Shinjou Akane|move: Stealth Rock\n|\n|upkeep\n|turn|3\n|\n|t:|1667402979\n|switch|p1a: Blacephalon|Blacephalon|100\/100\n|move|p2a: Corviknight|Defog|p1a: Blacephalon\n|-unboost|p1a: Blacephalon|evasion|1\n|-sideend|p2: Shinjou Akane|Stealth Rock|[from] move: Defog|[of] p2a: Corviknight\n|\n|upkeep\n|turn|4\n|\n|t:|1667402993\n|switch|p2a: Tyranitar|Tyranitar, F|100\/100\n|-weather|Sandstorm|[from] ability: Sand Stream|[of] p2a: Tyranitar\n|move|p1a: Blacephalon|Shadow Ball|p2a: Tyranitar\n|-resisted|p2a: Tyranitar\n|-damage|p2a: Tyranitar|76\/100\n|-unboost|p2a: Tyranitar|spd|1\n|\n|-weather|Sandstorm|[upkeep]\n|-damage|p1a: Blacephalon|94\/100|[from] Sandstorm\n|upkeep\n|turn|5\n|\n|t:|1667403011\n|move|p1a: Blacephalon|Shadow Ball|p2a: Tyranitar\n|-resisted|p2a: Tyranitar\n|-damage|p2a: Tyranitar|43\/100\n|move|p2a: Tyranitar|Crunch|p1a: Blacephalon\n|-supereffective|p1a: Blacephalon\n|-damage|p1a: Blacephalon|0 fnt\n|faint|p1a: Blacephalon\n|\n|-weather|Sandstorm|[upkeep]\n|upkeep\n|\n|t:|1667403021\n|switch|p1a: Kartana|Kartana|100\/100\n|turn|6\n|\n|t:|1667403027\n|switch|p2a: Landorus|Landorus-Therian, M|94\/100 tox\n|-ability|p2a: Landorus|Intimidate|boost\n|-unboost|p1a: Kartana|atk|1\n|move|p1a: Kartana|Knock Off|p2a: Landorus\n|-damage|p2a: Landorus|68\/100 tox\n|-enditem|p2a: Landorus|Leftovers|[from] move: Knock Off|[of] p1a: Kartana\n|\n|-weather|Sandstorm|[upkeep]\n|-damage|p2a: Landorus|62\/100 tox|[from] psn\n|upkeep\n|turn|7\n|\n|t:|1667403037\n|switch|p1a: Landorus|Landorus-Therian, M|71\/100\n|-ability|p1a: Landorus|Intimidate|boost\n|-unboost|p2a: Landorus|atk|1\n|move|p2a: Landorus|Stealth Rock|p1a: Landorus\n|-sidestart|p1: Shim-0N|move: Stealth Rock\n|\n|-weather|Sandstorm|[upkeep]\n|-damage|p2a: Landorus|50\/100 tox|[from] psn\n|upkeep\n|turn|8\n|\n|t:|1667403046\n|move|p2a: Landorus|U-turn|p1a: Landorus\n|-resisted|p1a: Landorus\n|-damage|p1a: Landorus|63\/100\n|\n|t:|1667403048\n|switch|p2a: Blacephalon|Blacephalon|100\/100|[from]move: U-turn\n|move|p1a: Landorus|Stealth Rock|p2a: Blacephalon\n|-sidestart|p2: Shinjou Akane|move: Stealth Rock\n|\n|-weather|none\n|upkeep\n|turn|9\n|\n|t:|1667403057\n|move|p2a: Blacephalon|Shadow Ball|p1a: Landorus\n|-damage|p1a: Landorus|7\/100\n|move|p1a: Landorus|Earthquake|p2a: Blacephalon\n|-supereffective|p2a: Blacephalon\n|-damage|p2a: Blacephalon|0 fnt\n|faint|p2a: Blacephalon\n|\n|upkeep\n|\n|t:|1667403065\n|switch|p2a: Corviknight|Corviknight, M|100\/100\n|-damage|p2a: Corviknight|88\/100|[from] Stealth Rock\n|-ability|p2a: Corviknight|Pressure\n|turn|10\n|\n|t:|1667403071\n|switch|p1a: Zapdos|Zapdos|100\/100\n|move|p2a: Corviknight|U-turn|p1a: Zapdos\n|-resisted|p1a: Zapdos\n|-damage|p1a: Zapdos|95\/100\n|\n|t:|1667403075\n|switch|p2a: Tyranitar|Tyranitar, F|43\/100|[from]move: U-turn\n|-damage|p2a: Tyranitar|30\/100|[from] Stealth Rock\n|-weather|Sandstorm|[from] ability: Sand Stream|[of] p2a: Tyranitar\n|\n|-weather|Sandstorm|[upkeep]\n|-damage|p1a: Zapdos|89\/100|[from] Sandstorm\n|upkeep\n|turn|11\n|\n|t:|1667403085\n|move|p1a: Zapdos|Volt Switch|p2a: Tyranitar\n|-damage|p2a: Tyranitar|10\/100\n|\n|t:|1667403091\n|switch|p1a: Tyranitar|Tyranitar, F|100\/100|[from]move: Volt Switch\n|-damage|p1a: Tyranitar|88\/100|[from] Stealth Rock\n|move|p2a: Tyranitar|Stone Edge|p1a: Tyranitar\n|-damage|p1a: Tyranitar|8\/100\n|\n|-weather|Sandstorm|[upkeep]\n|upkeep\n|turn|12\n|\n|t:|1667403102\n|move|p2a: Tyranitar|Stone Edge|p1a: Tyranitar\n|-damage|p1a: Tyranitar|0 fnt\n|faint|p1a: Tyranitar\n|\n|-weather|Sandstorm|[upkeep]\n|upkeep\n|\n|t:|1667403109\n|switch|p1a: Zapdos|Zapdos|89\/100\n|turn|13\n|\n|t:|1667403112\n|move|p1a: Zapdos|Volt Switch|p2a: Tyranitar\n|-damage|p2a: Tyranitar|0 fnt\n|faint|p2a: Tyranitar\n|\n|t:|1667403129\n|switch|p1a: Slowbro|Slowbro, M|100\/100|[from]move: Volt Switch\n|-damage|p1a: Slowbro|88\/100|[from] Stealth Rock\n|\n|-weather|Sandstorm|[upkeep]\n|-damage|p1a: Slowbro|82\/100|[from] Sandstorm\n|upkeep\n|\n|t:|1667403133\n|switch|p2a: Toxapex|Toxapex, M|100\/100\n|-damage|p2a: Toxapex|88\/100|[from] Stealth Rock\n|turn|14\n|\n|t:|1667403139\n|move|p2a: Toxapex|Knock Off|p1a: Slowbro\n|-supereffective|p1a: Slowbro\n|-enditem|p1a: Slowbro|Colbur Berry|[eat]\n|-enditem|p1a: Slowbro|Colbur Berry|[weaken]\n|-damage|p1a: Slowbro|73\/100\n|move|p1a: Slowbro|Teleport|p1a: Slowbro\n|\n|t:|1667403146\n|switch|p1a: Zapdos|Zapdos|89\/100|[from]move: Teleport\n|\n|-weather|none\n|upkeep\n|turn|15\n|\n|t:|1667403151\n|move|p1a: Zapdos|Volt Switch|p2a: Toxapex\n|-supereffective|p2a: Toxapex\n|-damage|p2a: Toxapex|41\/100\n|\n|t:|1667403158\n|switch|p1a: Slowbro|Slowbro, M|100\/100|[from]move: Volt Switch\n|-damage|p1a: Slowbro|88\/100|[from] Stealth Rock\n|move|p2a: Toxapex|Knock Off|p1a: Slowbro\n|-supereffective|p1a: Slowbro\n|-damage|p1a: Slowbro|75\/100\n|\n|upkeep\n|turn|16\n|\n|t:|1667403167\n|move|p2a: Toxapex|Recover|p2a: Toxapex\n|-heal|p2a: Toxapex|91\/100\n|move|p1a: Slowbro|Teleport|p1a: Slowbro\n|\n|t:|1667403176\n|switch|p1a: Zapdos|Zapdos|89\/100|[from]move: Teleport\n|\n|upkeep\n|turn|17\n|\n|t:|1667403181\n|switch|p2a: Landorus|Landorus-Therian, M|50\/100 tox\n|-damage|p2a: Landorus|38\/100 tox|[from] Stealth Rock\n|-ability|p2a: Landorus|Intimidate|boost\n|-unboost|p1a: Zapdos|atk|1\n|move|p1a: Zapdos|Defog|p2a: Landorus\n|-unboost|p2a: Landorus|evasion|1\n|-sideend|p2: Shinjou Akane|Stealth Rock|[from] move: Defog|[of] p1a: Zapdos\n|-sideend|p1: Shim-0N|Stealth Rock|[from] move: Defog|[of] p1a: Zapdos\n|\n|-damage|p2a: Landorus|32\/100 tox|[from] psn\n|upkeep\n|turn|18\n|\n|t:|1667403191\n|move|p1a: Zapdos|Heat Wave|p2a: Landorus\n|-damage|p2a: Landorus|7\/100 tox\n|move|p2a: Landorus|Stealth Rock|p1a: Zapdos\n|-sidestart|p1: Shim-0N|move: Stealth Rock\n|\n|-damage|p2a: Landorus|0 fnt|[from] psn\n|faint|p2a: Landorus\n|upkeep\n|\n|t:|1667403196\n|switch|p2a: Tapu Lele|Tapu Lele|100\/100\n|-fieldstart|move: Psychic Terrain|[from] ability: Psychic Surge|[of] p2a: Tapu Lele\n|turn|19\n|\n|t:|1667403202\n|move|p2a: Tapu Lele|Moonblast|p1a: Zapdos\n|-damage|p1a: Zapdos|35\/100\n|-unboost|p1a: Zapdos|spa|1\n|move|p1a: Zapdos|Defog|p2a: Tapu Lele\n|-unboost|p2a: Tapu Lele|evasion|1\n|-sideend|p1: Shim-0N|Stealth Rock|[from] move: Defog|[of] p1a: Zapdos\n|-fieldend|move: Psychic Terrain\n|\n|upkeep\n|turn|20\n|\n|t:|1667403214\n|switch|p1a: Slowbro|Slowbro, M|100\/100\n|move|p2a: Tapu Lele|Moonblast|p1a: Slowbro\n|-damage|p1a: Slowbro|41\/100\n|\n|upkeep\n|turn|21\n|\n|t:|1667403222\n|move|p2a: Tapu Lele|Moonblast|p1a: Slowbro\n|-damage|p1a: Slowbro|0 fnt\n|faint|p1a: Slowbro\n|\n|upkeep\n|\n|t:|1667403227\n|switch|p1a: Kartana|Kartana|100\/100\n|turn|22\n|\n|t:|1667403230\n|switch|p2a: Corviknight|Corviknight, M|88\/100\n|-ability|p2a: Corviknight|Pressure\n|move|p1a: Kartana|Leaf Blade|p2a: Corviknight\n|-resisted|p2a: Corviknight\n|-damage|p2a: Corviknight|80\/100\n|-damage|p1a: Kartana|84\/100|[from] item: Rocky Helmet|[of] p2a: Corviknight\n|\n|upkeep\n|turn|23\n|\n|t:|1667403238\n|move|p1a: Kartana|Leaf Blade|p2a: Corviknight\n|-resisted|p2a: Corviknight\n|-damage|p2a: Corviknight|71\/100\n|-damage|p1a: Kartana|67\/100|[from] item: Rocky Helmet|[of] p2a: Corviknight\n|move|p2a: Corviknight|U-turn|p1a: Kartana\n|-damage|p1a: Kartana|51\/100\n|\n|t:|1667403242\n|switch|p2a: Toxapex|Toxapex, M|100\/100|[from]move: U-turn\n|\n|upkeep\n|turn|24\n|\n|t:|1667403250\n|switch|p1a: Zapdos|Zapdos|35\/100\n|move|p2a: Toxapex|Scald|p1a: Zapdos\n|-damage|p1a: Zapdos|22\/100\n|\n|upkeep\n|turn|25\n|\n|t:|1667403259\n|move|p1a: Zapdos|Roost|p1a: Zapdos\n|-heal|p1a: Zapdos|72\/100\n|-singleturn|p1a: Zapdos|move: Roost\n|move|p2a: Toxapex|Scald|p1a: Zapdos\n|-damage|p1a: Zapdos|56\/100\n|-status|p1a: Zapdos|brn\n|\n|-damage|p1a: Zapdos|50\/100 brn|[from] brn\n|upkeep\n|turn|26\n|\n|t:|1667403269\n|switch|p2a: Tapu Lele|Tapu Lele|100\/100\n|-fieldstart|move: Psychic Terrain|[from] ability: Psychic Surge|[of] p2a: Tapu Lele\n|move|p1a: Zapdos|Roost|p1a: Zapdos\n|-heal|p1a: Zapdos|100\/100 brn\n|-singleturn|p1a: Zapdos|move: Roost\n|\n|-damage|p1a: Zapdos|94\/100 brn|[from] brn\n|upkeep\n|turn|27\n|\n|t:|1667403278\n|move|p2a: Tapu Lele|Future Sight|p1a: Zapdos\n|-start|p2a: Tapu Lele|move: Future Sight\n|move|p1a: Zapdos|Volt Switch|p2a: Tapu Lele\n|-damage|p2a: Tapu Lele|70\/100\n|\n|t:|1667403288\n|switch|p1a: Kartana|Kartana|51\/100|[from]move: Volt Switch\n|\n|upkeep\n|turn|28\n|\n|t:|1667403298\n|switch|p2a: Toxapex|Toxapex, M|100\/100\n|move|p1a: Kartana|Knock Off|p2a: Toxapex\n|-damage|p2a: Toxapex|75\/100\n|-damage|p1a: Kartana|34\/100|[from] item: Rocky Helmet|[of] p2a: Toxapex\n|-enditem|p2a: Toxapex|Rocky Helmet|[from] move: Knock Off|[of] p1a: Kartana\n|\n|upkeep\n|turn|29\n|\n|t:|1667403306\n|switch|p1a: Zapdos|Zapdos|94\/100 brn\n|move|p2a: Toxapex|Scald|p1a: Zapdos\n|-damage|p1a: Zapdos|80\/100 brn\n|\n|-end|p1a: Zapdos|move: Future Sight\n|-damage|p1a: Zapdos|0 fnt\n|faint|p1a: Zapdos\n|upkeep\n|\n|t:|1667403315\n|switch|p1a: Landorus|Landorus-Therian, M|7\/100\n|-ability|p1a: Landorus|Intimidate|boost\n|-unboost|p2a: Toxapex|atk|1\n|turn|30\n|\n|t:|1667403322\n|switch|p2a: Corviknight|Corviknight, M|71\/100\n|-ability|p2a: Corviknight|Pressure\n|move|p1a: Landorus|Stealth Rock|p2a: Corviknight\n|-sidestart|p2: Shinjou Akane|move: Stealth Rock\n|\n|-fieldend|move: Psychic Terrain\n|upkeep\n|turn|31\n|\n|t:|1667403328\n|switch|p1a: Kartana|Kartana|34\/100\n|move|p2a: Corviknight|Defog|p1a: Kartana\n|-unboost|p1a: Kartana|evasion|1\n|-sideend|p2: Shinjou Akane|Stealth Rock|[from] move: Defog|[of] p2a: Corviknight\n|\n|upkeep\n|turn|32\n|\n|t:|1667403335\n|move|p1a: Kartana|Sacred Sword|p2a: Corviknight\n|-damage|p2a: Corviknight|48\/100\n|-damage|p1a: Kartana|17\/100|[from] item: Rocky Helmet|[of] p2a: Corviknight\n|move|p2a: Corviknight|Body Press|p1a: Kartana\n|-supereffective|p1a: Kartana\n|-damage|p1a: Kartana|0 fnt\n|faint|p1a: Kartana\n|\n|upkeep\n|-message|Shim-0N forfeited.\n|\n|win|Shinjou Akane\n|raw|Shim-0N's rating: 1636 &rarr; <strong>1619<\/strong><br \/>(-17 for losing)\n|raw|Shinjou Akane's rating: 1686 &rarr; <strong>1703<\/strong><br \/>(+17 for winning)\n|l|\u2606Shim-0N\n","uploadtime":1667403352,"views":10,"p1id":"shim0n","p2id":"shinjouakane","formatid":"gen8ou","rating":1619,"private":0,"password":null}