{"id":"gen8ou-1639741136","p1":"andrewm0n","p2":"LT93OQ #savetf2","format":"gen8ou","log":"|j|\u2606andrewm0n\n|j|\u2606LT93OQ #savetf2\n|t:|1660511331\n|gametype|singles\n|player|p1|andrewm0n|102|1687\n|player|p2|LT93OQ #savetf2|maid-gen4|1722\n|teamsize|p1|6\n|teamsize|p2|6\n|gen|8\n|tier|[Gen 8] OU\n|rated|\n|rule|Sleep Clause Mod: Limit one foe put to sleep\n|rule|Species Clause: Limit one of each Pok\u00e9mon\n|rule|OHKO Clause: OHKO moves are banned\n|rule|Evasion Items Clause: Evasion items are banned\n|rule|Evasion Moves Clause: Evasion moves are banned\n|rule|Endless Battle Clause: Forcing endless battles is banned\n|rule|HP Percentage Mod: HP is shown in percentages\n|rule|Dynamax Clause: You cannot dynamax\n|clearpoke\n|poke|p1|Clefable, F|\n|poke|p1|Blaziken, M|\n|poke|p1|Seismitoad, M|\n|poke|p1|Corviknight, M|\n|poke|p1|Slowbro-Galar, M|\n|poke|p1|Polteageist|\n|poke|p2|Kartana|\n|poke|p2|Heatran, M|\n|poke|p2|Rotom-Wash|\n|poke|p2|Landorus-Therian, M|\n|poke|p2|Tapu Lele|\n|poke|p2|Urshifu-*, M|\n|teampreview\n|inactive|Battle timer is ON: inactive players will automatically lose when time's up. (requested by andrewm0n)\n|inactive|LT93OQ #savetf2 has 120 seconds left.\n|\n|t:|1660511399\n|start\n|switch|p1a: Slowbro|Slowbro-Galar, M|100\/100\n|switch|p2a: Kartana|Kartana|100\/100\n|turn|1\n|inactive|andrewm0n has 120 seconds left.\n|inactive|LT93OQ #savetf2 has 120 seconds left.\n|\n|t:|1660511454\n|switch|p2a: Landorus|Landorus-Therian, M|100\/100\n|-ability|p2a: Landorus|Intimidate|boost\n|-unboost|p1a: Slowbro|atk|1\n|switch|p1a: Corviknight|Corviknight, M|100\/100\n|-ability|p1a: Corviknight|Pressure\n|\n|upkeep\n|turn|2\n|\n|t:|1660511456\n|move|p2a: Landorus|Knock Off|p1a: Corviknight\n|-damage|p1a: Corviknight|83\/100\n|-damage|p2a: Landorus|84\/100|[from] item: Rocky Helmet|[of] p1a: Corviknight\n|-enditem|p1a: Corviknight|Rocky Helmet|[from] move: Knock Off|[of] p2a: Landorus\n|move|p1a: Corviknight|Brave Bird|p2a: Landorus\n|-damage|p2a: Landorus|52\/100\n|-damage|p1a: Corviknight|73\/100|[from] Recoil\n|\n|-heal|p2a: Landorus|58\/100|[from] item: Leftovers\n|upkeep\n|turn|3\n|\n|t:|1660511460\n|move|p2a: Landorus|U-turn|p1a: Corviknight\n|-resisted|p1a: Corviknight\n|-damage|p1a: Corviknight|70\/100\n|\n|t:|1660511466\n|switch|p2a: Rotom|Rotom-Wash|100\/100|[from]move: U-turn\n|move|p1a: Corviknight|Brave Bird|p2a: Rotom\n|-resisted|p2a: Rotom\n|-damage|p2a: Rotom|83\/100\n|-damage|p1a: Corviknight|66\/100|[from] Recoil\n|\n|-heal|p2a: Rotom|89\/100|[from] item: Leftovers\n|upkeep\n|turn|4\n|inactive|andrewm0n has 120 seconds left.\n|inactive|LT93OQ #savetf2 has 120 seconds left.\n|inactive|andrewm0n has 90 seconds left.\n|\n|t:|1660511514\n|switch|p2a: Tapu Lele|Tapu Lele|100\/100\n|-fieldstart|move: Psychic Terrain|[from] ability: Psychic Surge|[of] p2a: Tapu Lele\n|move|p1a: Corviknight|U-turn|p2a: Tapu Lele\n|-damage|p2a: Tapu Lele|78\/100\n|\n|t:|1660511516\n|switch|p1a: Slowbro|Slowbro-Galar, M|100\/100|[from]move: U-turn\n|\n|upkeep\n|turn|5\n|inactive|LT93OQ #savetf2 has 120 seconds left.\n|\n|t:|1660511523\n|move|p2a: Tapu Lele|Future Sight|p1a: Slowbro\n|-start|p2a: Tapu Lele|move: Future Sight\n|move|p1a: Slowbro|Shell Side Arm|p2a: Tapu Lele|[anim] Shell Side Arm Physical\n|-supereffective|p2a: Tapu Lele\n|-damage|p2a: Tapu Lele|0 fnt\n|-hint|Physical Shell Side Arm\n|faint|p2a: Tapu Lele\n|\n|upkeep\n|inactive|LT93OQ #savetf2 has 120 seconds left.\n|\n|t:|1660511537\n|switch|p2a: Heatran|Heatran, M|100\/100\n|-item|p2a: Heatran|Air Balloon\n|turn|6\n|\n|t:|1660511541\n|move|p2a: Heatran|Stealth Rock|p1a: Slowbro\n|-sidestart|p1: andrewm0n|move: Stealth Rock\n|move|p1a: Slowbro|Drain Punch|p2a: Heatran\n|-supereffective|p2a: Heatran\n|-damage|p2a: Heatran|57\/100\n|-enditem|p2a: Heatran|Air Balloon\n|\n|upkeep\n|turn|7\n|inactive|andrewm0n has 120 seconds left.\n|\n|t:|1660511555\n|move|p2a: Heatran|Magma Storm|p1a: Slowbro\n|-damage|p1a: Slowbro|61\/100\n|-activate|p1a: Slowbro|move: Magma Storm|[of] p2a: Heatran\n|move|p1a: Slowbro|Earthquake|p2a: Heatran\n|-supereffective|p2a: Heatran\n|-damage|p2a: Heatran|0 fnt\n|faint|p2a: Heatran\n|\n|-end|p1a: Slowbro|move: Future Sight\n|-damage|p1a: Slowbro|0 fnt\n|faint|p1a: Slowbro\n|upkeep\n|inactive|andrewm0n has 120 seconds left.\n|\n|t:|1660511577\n|switch|p2a: Urshifu|Urshifu-Rapid-Strike, M|100\/100\n|switch|p1a: Corviknight|Corviknight, M|66\/100\n|-damage|p1a: Corviknight|53\/100|[from] Stealth Rock\n|-ability|p1a: Corviknight|Pressure\n|turn|8\n|\n|t:|1660511581\n|switch|p1a: Seismitoad|Seismitoad, M|100\/100\n|-damage|p1a: Seismitoad|94\/100|[from] Stealth Rock\n|move|p2a: Urshifu|Surging Strikes|p1a: Seismitoad\n|-heal|p1a: Seismitoad|100\/100|[from] ability: Water Absorb|[of] p2a: Urshifu\n|\n|-fieldend|move: Psychic Terrain\n|upkeep\n|turn|9\n|\n|t:|1660511585\n|switch|p2a: Kartana|Kartana|100\/100\n|switch|p1a: Corviknight|Corviknight, M|53\/100\n|-damage|p1a: Corviknight|41\/100|[from] Stealth Rock\n|-ability|p1a: Corviknight|Pressure\n|\n|upkeep\n|turn|10\n|\n|t:|1660511588\n|move|p2a: Kartana|Swords Dance|p2a: Kartana\n|-boost|p2a: Kartana|atk|2\n|move|p1a: Corviknight|Roost|p1a: Corviknight\n|-heal|p1a: Corviknight|91\/100\n|-singleturn|p1a: Corviknight|move: Roost\n|\n|upkeep\n|turn|11\n|\n|t:|1660511590\n|move|p2a: Kartana|Sacred Sword|p1a: Corviknight\n|-damage|p1a: Corviknight|34\/100\n|move|p1a: Corviknight|Defog|p2a: Kartana\n|-unboost|p2a: Kartana|evasion|1\n|-sideend|p1: andrewm0n|Stealth Rock|[from] move: Defog|[of] p1a: Corviknight\n|\n|upkeep\n|turn|12\n|\n|t:|1660511598\n|switch|p1a: Clefable|Clefable, F|100\/100\n|move|p2a: Kartana|Knock Off|p1a: Clefable\n|-resisted|p1a: Clefable\n|-damage|p1a: Clefable|84\/100\n|-enditem|p1a: Clefable|Leftovers|[from] move: Knock Off|[of] p2a: Kartana\n|\n|upkeep\n|turn|13\n|\n|t:|1660511600\n|move|p2a: Kartana|Leaf Blade|p1a: Clefable\n|-crit|p1a: Clefable\n|-damage|p1a: Clefable|5\/100\n|move|p1a: Clefable|Wish|p1a: Clefable\n|\n|upkeep\n|turn|14\n|\n|t:|1660511607\n|move|p2a: Kartana|Knock Off|p1a: Clefable\n|-resisted|p1a: Clefable\n|-damage|p1a: Clefable|0 fnt\n|faint|p1a: Clefable\n|-ability|p2a: Kartana|Beast Boost|boost\n|-boost|p2a: Kartana|atk|1\n|\n|upkeep\n|\n|t:|1660511613\n|switch|p1a: Blaziken|Blaziken, M|100\/100\n|turn|15\n|\n|t:|1660511617\n|switch|p2a: Landorus|Landorus-Therian, M|58\/100\n|-ability|p2a: Landorus|Intimidate|boost\n|-unboost|p1a: Blaziken|atk|1\n|move|p1a: Blaziken|Protect||[still]\n|-fail|p1a: Blaziken\n|\n|-heal|p2a: Landorus|64\/100|[from] item: Leftovers\n|-ability|p1a: Blaziken|Speed Boost|boost\n|-boost|p1a: Blaziken|spe|1\n|upkeep\n|turn|16\n|\n|t:|1660511624\n|move|p1a: Blaziken|Flare Blitz|p2a: Landorus\n|-damage|p2a: Landorus|24\/100\n|-damage|p1a: Blaziken|84\/100|[from] Recoil\n|move|p2a: Landorus|Earthquake|p1a: Blaziken\n|-supereffective|p1a: Blaziken\n|-damage|p1a: Blaziken|0 fnt\n|faint|p1a: Blaziken\n|\n|-heal|p2a: Landorus|30\/100|[from] item: Leftovers\n|upkeep\n|\n|t:|1660511635\n|switch|p1a: Corviknight|Corviknight, M|34\/100\n|-ability|p1a: Corviknight|Pressure\n|turn|17\n|\n|t:|1660511639\n|move|p2a: Landorus|U-turn|p1a: Corviknight\n|-resisted|p1a: Corviknight\n|-damage|p1a: Corviknight|30\/100\n|\n|t:|1660511640\n|switch|p2a: Kartana|Kartana|100\/100|[from]move: U-turn\n|move|p1a: Corviknight|Roost|p1a: Corviknight\n|-heal|p1a: Corviknight|80\/100\n|-singleturn|p1a: Corviknight|move: Roost\n|\n|upkeep\n|turn|18\n|\n|t:|1660511642\n|move|p2a: Kartana|Swords Dance|p2a: Kartana\n|-boost|p2a: Kartana|atk|2\n|move|p1a: Corviknight|U-turn|p2a: Kartana\n|-damage|p2a: Kartana|86\/100\n|\n|t:|1660511645\n|switch|p1a: Polteageist|Polteageist|100\/100|[from]move: U-turn\n|\n|upkeep\n|turn|19\n|\n|t:|1660511649\n|move|p2a: Kartana|Knock Off|p1a: Polteageist\n|-supereffective|p1a: Polteageist\n|-enditem|p1a: Polteageist|Focus Sash\n|-damage|p1a: Polteageist|1\/100\n|-ability|p1a: Polteageist|Weak Armor|boost\n|-unboost|p1a: Polteageist|def|1\n|-boost|p1a: Polteageist|spe|2\n|move|p1a: Polteageist|Shell Smash|p1a: Polteageist\n|-unboost|p1a: Polteageist|def|1\n|-unboost|p1a: Polteageist|spd|1\n|-boost|p1a: Polteageist|atk|2\n|-boost|p1a: Polteageist|spa|2\n|-boost|p1a: Polteageist|spe|2\n|\n|upkeep\n|turn|20\n|\n|t:|1660511654\n|switch|p2a: Landorus|Landorus-Therian, M|30\/100\n|-ability|p2a: Landorus|Intimidate|boost\n|-unboost|p1a: Polteageist|atk|1\n|move|p1a: Polteageist|Shadow Ball|p2a: Landorus\n|-damage|p2a: Landorus|0 fnt\n|faint|p2a: Landorus\n|\n|upkeep\n|\n|t:|1660511656\n|switch|p2a: Urshifu|Urshifu-Rapid-Strike, M|100\/100\n|turn|21\n|\n|t:|1660511658\n|switch|p1a: Seismitoad|Seismitoad, M|100\/100\n|move|p2a: Urshifu|Aqua Jet|p1a: Seismitoad\n|-immune|p1a: Seismitoad|[from] ability: Water Absorb\n|\n|upkeep\n|turn|22\n|\n|t:|1660511663\n|switch|p2a: Rotom|Rotom-Wash|89\/100\n|move|p1a: Seismitoad|Earth Power|p2a: Rotom\n|-immune|p2a: Rotom|[from] ability: Levitate\n|\n|-heal|p2a: Rotom|96\/100|[from] item: Leftovers\n|upkeep\n|turn|23\n|\n|t:|1660511668\n|switch|p2a: Urshifu|Urshifu-Rapid-Strike, M|100\/100\n|move|p1a: Seismitoad|Knock Off|p2a: Urshifu\n|-resisted|p2a: Urshifu\n|-damage|p2a: Urshifu|90\/100\n|-enditem|p2a: Urshifu|Choice Band|[from] move: Knock Off|[of] p1a: Seismitoad\n|\n|upkeep\n|turn|24\n|\n|t:|1660511679\n|switch|p1a: Polteageist|Polteageist|1\/100\n|move|p2a: Urshifu|Close Combat|p1a: Polteageist\n|-immune|p1a: Polteageist\n|\n|upkeep\n|turn|25\n|\n|t:|1660511686\n|move|p2a: Urshifu|U-turn|p1a: Polteageist\n|-resisted|p1a: Polteageist\n|-damage|p1a: Polteageist|0 fnt\n|faint|p1a: Polteageist\n|\n|t:|1660511688\n|switch|p2a: Kartana|Kartana|86\/100|[from]move: U-turn\n|\n|upkeep\n|\n|t:|1660511691\n|switch|p1a: Corviknight|Corviknight, M|80\/100\n|-ability|p1a: Corviknight|Pressure\n|turn|26\n|\n|t:|1660511697\n|move|p2a: Kartana|Swords Dance|p2a: Kartana\n|-boost|p2a: Kartana|atk|2\n|move|p1a: Corviknight|Brave Bird|p2a: Kartana\n|-damage|p2a: Kartana|48\/100\n|-damage|p1a: Corviknight|72\/100|[from] Recoil\n|\n|upkeep\n|turn|27\n|\n|t:|1660511703\n|move|p2a: Kartana|Sacred Sword|p1a: Corviknight\n|-damage|p1a: Corviknight|20\/100\n|move|p1a: Corviknight|Brave Bird|p2a: Kartana\n|-damage|p2a: Kartana|11\/100\n|-damage|p1a: Corviknight|12\/100|[from] Recoil\n|\n|upkeep\n|turn|28\n|c|\u2606andrewm0n|gg\n|-message|andrewm0n forfeited.\n|\n|win|LT93OQ #savetf2\n|raw|andrewm0n's rating: 1687 &rarr; <strong>1669<\/strong><br \/>(-18 for losing)\n|raw|LT93OQ #savetf2's rating: 1722 &rarr; <strong>1740<\/strong><br \/>(+18 for winning)\n|l|\u2606andrewm0n\n|c|\u2606LT93OQ #savetf2|gg\n","uploadtime":1660511714,"views":23,"p1id":"andrewm0n","p2id":"lt93oqsavetf2","formatid":"gen8ou","rating":1669,"private":0,"password":null}