{"id":"gen8ubers-1299333060","p1":"DragonMasterAdrian","p2":"cump2","format":"gen8ubers","log":"|html|<div class=\"broadcast-blue\"><strong>[Gen 8] Ubers is currently suspecting Shadow Tag! For information on how to participate check out the <a href=\"https:\/\/www.smogon.com\/forums\/threads\/np-ss-ubers-stage-6-tag-youre-it.3679546\/\">suspect thread<\/a>.<\/strong><\/div>\n|j|\u2606DragonMasterAdrian\n|j|\u2606cump2\n|t:|1615486010\n|player|p1|DragonMasterAdrian|1|1157\n|player|p2|cump2|schoolkid-gen4dp|1192\n|teamsize|p1|6\n|teamsize|p2|6\n|gametype|singles\n|gen|8\n|tier|[Gen 8] Ubers\n|rated|\n|clearpoke\n|poke|p1|Palkia|\n|poke|p1|Ferrothorn, F|\n|poke|p1|Garchomp, M|\n|poke|p1|Heatran, M|\n|poke|p1|Urshifu-*, F|\n|poke|p1|Amoonguss, F|\n|poke|p2|Cinderace, F|\n|poke|p2|Magearna|\n|poke|p2|Spectrier|\n|poke|p2|Urshifu-*, F|\n|poke|p2|Zygarde|\n|poke|p2|Pheromosa|\n|rule|Sleep Clause Mod: Limit one foe put to sleep\n|rule|Species Clause: Limit one of each Pok\u00e9mon\n|rule|OHKO Clause: OHKO moves are banned\n|rule|Evasion Moves Clause: Evasion moves are banned\n|rule|Endless Battle Clause: Forcing endless battles is banned\n|rule|HP Percentage Mod: HP is shown in percentages\n|rule|Dynamax Clause: You cannot dynamax\n|teampreview\n|c|\u2606DragonMasterAdrian|glhf\n|\n|t:|1615486024\n|start\n|switch|p1a: Heatran|Heatran, M|100\/100\n|switch|p2a: Pheromosa|Pheromosa|100\/100\n|-item|p1a: Heatran|Air Balloon\n|turn|1\n|\n|t:|1615486041\n|switch|p1a: Ferrothorn|Ferrothorn, F|100\/100\n|move|p2a: Pheromosa|Close Combat|p1a: Ferrothorn\n|-supereffective|p1a: Ferrothorn\n|-damage|p1a: Ferrothorn|0 fnt\n|-unboost|p2a: Pheromosa|def|1\n|-unboost|p2a: Pheromosa|spd|1\n|-damage|p2a: Pheromosa|88\/100|[from] ability: Iron Barbs|[of] p1a: Ferrothorn\n|-damage|p2a: Pheromosa|72\/100|[from] item: Rocky Helmet|[of] p1a: Ferrothorn\n|-damage|p2a: Pheromosa|62\/100|[from] item: Life Orb\n|faint|p1a: Ferrothorn\n|-ability|p2a: Pheromosa|Beast Boost|boost\n|-boost|p2a: Pheromosa|atk|1\n|\n|upkeep\n|\n|t:|1615486059\n|switch|p1a: Urshifu|Urshifu, F|100\/100\n|turn|2\n|\n|t:|1615486065\n|switch|p2a: Magearna|Magearna|100\/100\n|move|p1a: Urshifu|Sucker Punch||[still]\n|-fail|p1a: Urshifu\n|\n|upkeep\n|turn|3\n|\n|t:|1615486073\n|switch|p1a: Palkia|Palkia|100\/100\n|-ability|p1a: Palkia|Pressure\n|move|p2a: Magearna|Calm Mind|p2a: Magearna\n|-boost|p2a: Magearna|spa|1\n|-boost|p2a: Magearna|spd|1\n|\n|upkeep\n|turn|4\n|\n|t:|1615486076\n|move|p1a: Palkia|Thunder Wave|p2a: Magearna\n|-status|p2a: Magearna|par\n|cant|p2a: Magearna|par\n|\n|upkeep\n|turn|5\n|\n|t:|1615486084\n|switch|p1a: Garchomp|Garchomp, M|100\/100\n|cant|p2a: Magearna|par\n|\n|upkeep\n|turn|6\n|\n|t:|1615486092\n|move|p1a: Garchomp|Earthquake|p2a: Magearna\n|-supereffective|p2a: Magearna\n|-damage|p2a: Magearna|20\/100 par\n|-enditem|p2a: Magearna|Weakness Policy\n|-boost|p2a: Magearna|atk|2|[from] item: Weakness Policy\n|-boost|p2a: Magearna|spa|2|[from] item: Weakness Policy\n|move|p2a: Magearna|Stored Power|p1a: Garchomp\n|-enditem|p1a: Garchomp|Focus Sash\n|-damage|p1a: Garchomp|1\/100\n|\n|upkeep\n|turn|7\n|\n|t:|1615486099\n|move|p1a: Garchomp|Earthquake|p2a: Magearna\n|-supereffective|p2a: Magearna\n|-damage|p2a: Magearna|0 fnt\n|faint|p2a: Magearna\n|\n|upkeep\n|\n|t:|1615486104\n|switch|p2a: Pheromosa|Pheromosa|62\/100\n|turn|8\n|\n|t:|1615486109\n|switch|p1a: Impostor|Amoonguss, F, shiny|100\/100\n|move|p2a: Pheromosa|U-turn|p1a: Impostor\n|-damage|p1a: Impostor|62\/100\n|-damage|p2a: Pheromosa|45\/100|[from] item: Rocky Helmet|[of] p1a: Impostor\n|-damage|p2a: Pheromosa|35\/100|[from] item: Life Orb\n|\n|t:|1615486114\n|switch|p2a: Cinderace|Cinderace, F|100\/100|[from]move: U-turn\n|\n|upkeep\n|turn|9\n|\n|t:|1615486119\n|switch|p1a: Palkia|Palkia|100\/100\n|-ability|p1a: Palkia|Pressure\n|move|p2a: Cinderace|Pyro Ball|p1a: Palkia\n|-resisted|p1a: Palkia\n|-damage|p1a: Palkia|87\/100\n|\n|upkeep\n|turn|10\n|\n|t:|1615486132\n|switch|p2a: Urshifu|Urshifu, F|100\/100\n|move|p1a: Palkia|Spacial Rend|p2a: Urshifu\n|-damage|p2a: Urshifu|0 fnt\n|faint|p2a: Urshifu\n|\n|upkeep\n|\n|t:|1615486147\n|switch|p2a: Pheromosa|Pheromosa|35\/100\n|turn|11\n|\n|t:|1615486151\n|switch|p1a: Impostor|Amoonguss, F, shiny|95\/100\n|move|p2a: Pheromosa|Close Combat|p1a: Impostor\n|-resisted|p1a: Impostor\n|-damage|p1a: Impostor|61\/100\n|-unboost|p2a: Pheromosa|def|1\n|-unboost|p2a: Pheromosa|spd|1\n|-damage|p2a: Pheromosa|19\/100|[from] item: Rocky Helmet|[of] p1a: Impostor\n|-damage|p2a: Pheromosa|9\/100|[from] item: Life Orb\n|\n|upkeep\n|turn|12\n|\n|t:|1615486161\n|switch|p2a: Cinderace|Cinderace, F|100\/100\n|move|p1a: Impostor|Synthesis|p1a: Impostor\n|-heal|p1a: Impostor|100\/100\n|\n|upkeep\n|turn|13\n|\n|t:|1615486172\n|move|p2a: Cinderace|High Jump Kick|p1a: Impostor\n|-start|p2a: Cinderace|typechange|Fighting|[from] ability: Libero\n|-resisted|p1a: Impostor\n|-damage|p1a: Impostor|77\/100\n|-damage|p2a: Cinderace|84\/100|[from] item: Rocky Helmet|[of] p1a: Impostor\n|move|p1a: Impostor|Spore|p2a: Cinderace\n|-status|p2a: Cinderace|slp|[from] move: Spore\n|\n|upkeep\n|turn|14\n|-message|cump2 forfeited.\n|\n|win|DragonMasterAdrian\n|raw|DragonMasterAdrian's rating: 1157 &rarr; <strong>1189<\/strong><br \/>(+32 for winning)\n|raw|cump2's rating: 1192 &rarr; <strong>1165<\/strong><br \/>(-27 for losing)\n|l|\u2606cump2\n||Ladder (probably) updated, but score could not be retrieved (Request timeout).\n","uploadtime":1615486190,"views":29,"p1id":"dragonmasteradrian","p2id":"cump2","formatid":"gen8ubers","rating":1165,"private":0,"password":null}