{"id":"gen8ou-1683700168","p1":"minimax_ai","p2":"RggV_YT","format":"gen8ou","log":"|j|\u2606minimax_ai\n|j|\u2606RggV_YT\n|t:|1665554684\n|gametype|singles\n|player|p1|minimax_ai|lusamine-nihilego|1746\n|player|p2|RggV_YT|scientist-gen4|1816\n|teamsize|p1|6\n|teamsize|p2|6\n|gen|8\n|tier|[Gen 8] OU\n|rated|\n|rule|Sleep Clause Mod: Limit one foe put to sleep\n|rule|Species Clause: Limit one of each Pok\u00e9mon\n|rule|OHKO Clause: OHKO moves are banned\n|rule|Evasion Items Clause: Evasion items are banned\n|rule|Evasion Moves Clause: Evasion moves are banned\n|rule|Endless Battle Clause: Forcing endless battles is banned\n|rule|HP Percentage Mod: HP is shown in percentages\n|rule|Dynamax Clause: You cannot dynamax\n|clearpoke\n|poke|p1|Rotom-Wash|\n|poke|p1|Weavile, F|\n|poke|p1|Landorus-Therian, M|\n|poke|p1|Heatran, M|\n|poke|p1|Tangrowth, F|\n|poke|p1|Melmetal|\n|poke|p2|Dragapult, M|\n|poke|p2|Rotom-Wash|\n|poke|p2|Landorus-Therian, M|\n|poke|p2|Melmetal|\n|poke|p2|Weavile, M|\n|poke|p2|Kartana|\n|teampreview\n|inactive|Battle timer is ON: inactive players will automatically lose when time's up. (requested by RggV_YT)\n|c|\u2606minimax_ai|hf\n|inactive|minimax_ai also wants the timer to be on.\n|\n|t:|1665554691\n|start\n|switch|p1a: landorustherian|Landorus-Therian, M|100\/100\n|switch|p2a: Bandit|Weavile, M, shiny|100\/100\n|-ability|p2a: Bandit|Pressure\n|-ability|p1a: landorustherian|Intimidate|boost\n|-unboost|p2a: Bandit|atk|1\n|turn|1\n|\n|t:|1665554696\n|switch|p1a: Melmetal|Melmetal|100\/100\n|move|p2a: Bandit|Knock Off|p1a: Melmetal\n|-damage|p1a: Melmetal|75\/100\n|-enditem|p1a: Melmetal|Assault Vest|[from] move: Knock Off|[of] p2a: Bandit\n|\n|upkeep\n|turn|2\n|\n|t:|1665554699\n|switch|p2a: Phantom|Rotom-Wash, shiny|100\/100\n|move|p1a: Melmetal|Ice Punch|p2a: Phantom\n|-resisted|p2a: Phantom\n|-damage|p2a: Phantom|79\/100\n|\n|-heal|p2a: Phantom|85\/100|[from] item: Leftovers\n|upkeep\n|turn|3\n|\n|t:|1665554700\n|switch|p1a: Tangrowth|Tangrowth, F|100\/100\n|move|p2a: Phantom|Volt Switch|p1a: Tangrowth\n|-resisted|p1a: Tangrowth\n|-damage|p1a: Tangrowth|79\/100\n|\n|t:|1665554702\n|switch|p2a: Leviathan|Dragapult, M, shiny|100\/100|[from]move: Volt Switch\n|\n|upkeep\n|turn|4\n|\n|t:|1665554712\n|switch|p1a: landorustherian|Landorus-Therian, M|100\/100\n|-ability|p1a: landorustherian|Intimidate|boost\n|-unboost|p2a: Leviathan|atk|1\n|move|p2a: Leviathan|Shadow Ball|p1a: landorustherian\n|-damage|p1a: landorustherian|56\/100\n|-unboost|p1a: landorustherian|spd|1\n|\n|-heal|p1a: landorustherian|62\/100|[from] item: Leftovers\n|upkeep\n|turn|5\n|\n|t:|1665554713\n|move|p2a: Leviathan|Shadow Ball|p1a: landorustherian\n|-damage|p1a: landorustherian|0 fnt\n|faint|p1a: landorustherian\n|\n|upkeep\n|\n|t:|1665554714\n|switch|p1a: Weavile|Weavile, F|100\/100\n|-ability|p1a: Weavile|Pressure\n|turn|6\n|\n|t:|1665554717\n|switch|p2a: Fate|Melmetal, shiny|100\/100\n|move|p1a: Weavile|Knock Off|p2a: Fate\n|-damage|p2a: Fate|65\/100\n|-enditem|p2a: Fate|Choice Band|[from] move: Knock Off|[of] p1a: Weavile\n|\n|upkeep\n|turn|7\n|\n|t:|1665554719\n|switch|p1a: rotomwash|Rotom-Wash|100\/100\n|switch|p2a: Leviathan|Dragapult, M, shiny|100\/100\n|\n|upkeep\n|turn|8\n|\n|t:|1665554723\n|move|p2a: Leviathan|Shadow Ball|p1a: rotomwash\n|-damage|p1a: rotomwash|43\/100\n|move|p1a: rotomwash|Pain Split|p2a: Leviathan\n|-sethp|p2a: Leviathan|71\/100|[from] move: Pain Split|[silent]\n|-sethp|p1a: rotomwash|74\/100|[from] move: Pain Split\n|\n|-heal|p1a: rotomwash|80\/100|[from] item: Leftovers\n|upkeep\n|turn|9\n|\n|t:|1665554726\n|move|p2a: Leviathan|Shadow Ball|p1a: rotomwash\n|-damage|p1a: rotomwash|16\/100\n|move|p1a: rotomwash|Pain Split|p2a: Leviathan\n|-sethp|p2a: Leviathan|43\/100|[from] move: Pain Split|[silent]\n|-sethp|p1a: rotomwash|45\/100|[from] move: Pain Split\n|\n|-heal|p1a: rotomwash|51\/100|[from] item: Leftovers\n|upkeep\n|turn|10\n|\n|t:|1665554728\n|switch|p1a: Weavile|Weavile, F|100\/100\n|-ability|p1a: Weavile|Pressure\n|move|p2a: Leviathan|Shadow Ball|p1a: Weavile\n|-resisted|p1a: Weavile\n|-damage|p1a: Weavile|60\/100\n|\n|upkeep\n|turn|11\n|\n|t:|1665554730\n|switch|p2a: Fate|Melmetal, shiny|65\/100\n|move|p1a: Weavile|Knock Off|p2a: Fate\n|-damage|p2a: Fate|40\/100\n|\n|upkeep\n|turn|12\n|\n|t:|1665554732\n|switch|p1a: Tangrowth|Tangrowth, F|100\/100\n|switch|p2a: Leviathan|Dragapult, M, shiny|43\/100\n|\n|upkeep\n|turn|13\n|\n|t:|1665554734\n|switch|p1a: Heatran|Heatran, M|100\/100\n|-item|p1a: Heatran|Air Balloon\n|move|p2a: Leviathan|Shadow Ball|p1a: Heatran\n|-damage|p1a: Heatran|48\/100\n|-enditem|p1a: Heatran|Air Balloon\n|\n|upkeep\n|turn|14\n|\n|t:|1665554736\n|switch|p1a: Weavile|Weavile, F|60\/100\n|-ability|p1a: Weavile|Pressure\n|move|p2a: Leviathan|Shadow Ball|p1a: Weavile\n|-resisted|p1a: Weavile\n|-damage|p1a: Weavile|22\/100\n|\n|upkeep\n|turn|15\n|\n|t:|1665554740\n|switch|p2a: Enten|Landorus-Therian, M, shiny|100\/100\n|-ability|p2a: Enten|Intimidate|boost\n|-unboost|p1a: Weavile|atk|1\n|move|p1a: Weavile|Ice Shard|p2a: Enten\n|-supereffective|p2a: Enten\n|-damage|p2a: Enten|24\/100\n|\n|-heal|p2a: Enten|30\/100|[from] item: Leftovers\n|upkeep\n|turn|16\n|\n|t:|1665554745\n|switch|p2a: Fate|Melmetal, shiny|40\/100\n|move|p1a: Weavile|Ice Shard|p2a: Fate\n|-resisted|p2a: Fate\n|-damage|p2a: Fate|35\/100\n|\n|upkeep\n|turn|17\n|\n|t:|1665554751\n|switch|p1a: Tangrowth|Tangrowth, F|100\/100\n|move|p2a: Fate|Ice Punch|p1a: Tangrowth\n|-supereffective|p1a: Tangrowth\n|-damage|p1a: Tangrowth|61\/100\n|-damage|p2a: Fate|19\/100|[from] item: Rocky Helmet|[of] p1a: Tangrowth\n|\n|upkeep\n|turn|18\n|\n|t:|1665554754\n|switch|p2a: Enten|Landorus-Therian, M, shiny|30\/100\n|-ability|p2a: Enten|Intimidate|boost\n|-unboost|p1a: Tangrowth|atk|1\n|move|p1a: Tangrowth|Sleep Powder|p2a: Enten\n|-status|p2a: Enten|slp|[from] move: Sleep Powder\n|\n|-heal|p2a: Enten|36\/100 slp|[from] item: Leftovers\n|upkeep\n|turn|19\n|\n|t:|1665554756\n|switch|p1a: Weavile|Weavile, F|22\/100\n|-ability|p1a: Weavile|Pressure\n|cant|p2a: Enten|slp\n|\n|-heal|p2a: Enten|42\/100 slp|[from] item: Leftovers\n|upkeep\n|turn|20\n|\n|t:|1665554757\n|move|p1a: Weavile|Knock Off|p2a: Enten\n|-damage|p2a: Enten|0 fnt\n|-enditem|p2a: Enten|Leftovers|[from] move: Knock Off|[of] p1a: Weavile\n|faint|p2a: Enten\n|\n|upkeep\n|\n|t:|1665554762\n|switch|p2a: Bandit|Weavile, M, shiny|100\/100\n|-ability|p2a: Bandit|Pressure\n|turn|21\n|\n|t:|1665554766\n|switch|p1a: Melmetal|Melmetal|75\/100\n|move|p2a: Bandit|Knock Off|p1a: Melmetal\n|-damage|p1a: Melmetal|45\/100\n|\n|upkeep\n|turn|22\n|\n|t:|1665554768\n|switch|p2a: Phantom|Rotom-Wash, shiny|85\/100\n|move|p1a: Melmetal|Double Iron Bash|p2a: Phantom\n|-resisted|p2a: Phantom\n|-damage|p2a: Phantom|73\/100\n|-resisted|p2a: Phantom\n|-damage|p2a: Phantom|60\/100\n|-hitcount|p2a: Phantom|2\n|\n|-heal|p2a: Phantom|66\/100|[from] item: Leftovers\n|upkeep\n|turn|23\n|\n|t:|1665554769\n|move|p2a: Phantom|Volt Switch|p1a: Melmetal\n|-damage|p1a: Melmetal|18\/100\n|\n|t:|1665554771\n|switch|p2a: Fate|Melmetal, shiny|19\/100|[from]move: Volt Switch\n|move|p1a: Melmetal|Ice Punch|p2a: Fate\n|-resisted|p2a: Fate\n|-damage|p2a: Fate|9\/100\n|\n|upkeep\n|turn|24\n|\n|t:|1665554773\n|switch|p2a: Phantom|Rotom-Wash, shiny|66\/100\n|move|p1a: Melmetal|Double Iron Bash|p2a: Phantom\n|-resisted|p2a: Phantom\n|-crit|p2a: Phantom\n|-damage|p2a: Phantom|48\/100\n|-resisted|p2a: Phantom\n|-damage|p2a: Phantom|35\/100\n|-hitcount|p2a: Phantom|2\n|\n|-heal|p2a: Phantom|41\/100|[from] item: Leftovers\n|upkeep\n|turn|25\n|\n|t:|1665554774\n|switch|p1a: rotomwash|Rotom-Wash|51\/100\n|move|p2a: Phantom|Volt Switch|p1a: rotomwash\n|-damage|p1a: rotomwash|19\/100\n|\n|t:|1665554780\n|switch|p2a: Leviathan|Dragapult, M, shiny|43\/100|[from]move: Volt Switch\n|\n|-heal|p1a: rotomwash|25\/100|[from] item: Leftovers\n|upkeep\n|turn|26\n|j| Kyurem\n|\n|t:|1665554782\n|switch|p1a: Melmetal|Melmetal|18\/100\n|move|p2a: Leviathan|Shadow Ball|p1a: Melmetal\n|-crit|p1a: Melmetal\n|-damage|p1a: Melmetal|0 fnt\n|faint|p1a: Melmetal\n|\n|upkeep\n|\n|t:|1665554782\n|switch|p1a: Weavile|Weavile, F|22\/100\n|-ability|p1a: Weavile|Pressure\n|turn|27\n|\n|t:|1665554784\n|switch|p2a: Fate|Melmetal, shiny|9\/100\n|move|p1a: Weavile|Ice Shard|p2a: Fate\n|-resisted|p2a: Fate\n|-damage|p2a: Fate|1\/100\n|\n|upkeep\n|turn|28\n|\n|t:|1665554786\n|move|p1a: Weavile|Ice Shard|p2a: Fate\n|-resisted|p2a: Fate\n|-damage|p2a: Fate|0 fnt\n|faint|p2a: Fate\n|\n|upkeep\n|\n|t:|1665554789\n|switch|p2a: Bandit|Weavile, M, shiny|100\/100\n|-ability|p2a: Bandit|Pressure\n|turn|29\n|\n|t:|1665554791\n|switch|p1a: Tangrowth|Tangrowth, F|95\/100\n|move|p2a: Bandit|Knock Off|p1a: Tangrowth\n|-damage|p1a: Tangrowth|57\/100\n|-damage|p2a: Bandit|84\/100|[from] item: Rocky Helmet|[of] p1a: Tangrowth\n|-enditem|p1a: Tangrowth|Rocky Helmet|[from] move: Knock Off|[of] p2a: Bandit\n|\n|upkeep\n|turn|30\n|\n|t:|1665554793\n|switch|p2a: Phantom|Rotom-Wash, shiny|41\/100\n|move|p1a: Tangrowth|Knock Off|p2a: Phantom\n|-damage|p2a: Phantom|13\/100\n|-enditem|p2a: Phantom|Leftovers|[from] move: Knock Off|[of] p1a: Tangrowth\n|\n|upkeep\n|turn|31\n|\n|t:|1665554795\n|move|p2a: Phantom|Pain Split|p1a: Tangrowth\n|-sethp|p1a: Tangrowth|32\/100|[from] move: Pain Split|[silent]\n|-sethp|p2a: Phantom|54\/100|[from] move: Pain Split\n|move|p1a: Tangrowth|Giga Drain|p2a: Phantom\n|-supereffective|p2a: Phantom\n|-damage|p2a: Phantom|0 fnt\n|-heal|p1a: Tangrowth|48\/100|[from] drain|[of] p2a: Phantom\n|faint|p2a: Phantom\n|\n|upkeep\n|\n|t:|1665554797\n|switch|p2a: Leviathan|Dragapult, M, shiny|43\/100\n|turn|32\n|\n|t:|1665554798\n|switch|p1a: rotomwash|Rotom-Wash|25\/100\n|move|p2a: Leviathan|Shadow Ball|p1a: rotomwash\n|-damage|p1a: rotomwash|0 fnt\n|faint|p1a: rotomwash\n|\n|upkeep\n|\n|t:|1665554798\n|switch|p1a: Weavile|Weavile, F|22\/100\n|-ability|p1a: Weavile|Pressure\n|turn|33\n|j| Large_Rodent\n|\n|t:|1665554802\n|switch|p2a: Bandit|Weavile, M, shiny|84\/100\n|-ability|p2a: Bandit|Pressure\n|move|p1a: Weavile|Ice Shard|p2a: Bandit\n|-resisted|p2a: Bandit\n|-damage|p2a: Bandit|61\/100\n|\n|upkeep\n|turn|34\n|\n|t:|1665554807\n|switch|p1a: Tangrowth|Tangrowth, F|81\/100\n|move|p2a: Bandit|Triple Axel|p1a: Tangrowth\n|-supereffective|p1a: Tangrowth\n|-damage|p1a: Tangrowth|64\/100\n|-supereffective|p1a: Tangrowth\n|-damage|p1a: Tangrowth|33\/100\n|-supereffective|p1a: Tangrowth\n|-damage|p1a: Tangrowth|0 fnt\n|faint|p1a: Tangrowth\n|-hitcount|p1: Tangrowth|3\n|\n|upkeep\n|\n|t:|1665554807\n|switch|p1a: Heatran|Heatran, M|48\/100\n|turn|35\n|\n|t:|1665554811\n|move|p2a: Bandit|Triple Axel|p1a: Heatran\n|-resisted|p1a: Heatran\n|-damage|p1a: Heatran|44\/100\n|-resisted|p1a: Heatran\n|-damage|p1a: Heatran|37\/100\n|-resisted|p1a: Heatran\n|-damage|p1a: Heatran|26\/100\n|-hitcount|p1a: Heatran|3\n|move|p1a: Heatran|Earth Power|p2a: Bandit\n|-damage|p2a: Bandit|19\/100\n|\n|upkeep\n|turn|36\n|\n|t:|1665554812\n|move|p2a: Bandit|Triple Axel|p1a: Heatran\n|-resisted|p1a: Heatran\n|-damage|p1a: Heatran|22\/100\n|-resisted|p1a: Heatran\n|-damage|p1a: Heatran|14\/100\n|-hitcount|p1a: Heatran|2\n|move|p1a: Heatran|Magma Storm|p2a: Bandit\n|-supereffective|p2a: Bandit\n|-damage|p2a: Bandit|0 fnt\n|faint|p2a: Bandit\n|\n|upkeep\n|\n|t:|1665554815\n|switch|p2a: Deathstroke|Kartana, shiny|100\/100\n|turn|37\n|\n|t:|1665554817\n|move|p2a: Deathstroke|Sacred Sword|p1a: Heatran\n|-supereffective|p1a: Heatran\n|-damage|p1a: Heatran|0 fnt\n|faint|p1a: Heatran\n|-ability|p2a: Deathstroke|Beast Boost|boost\n|-boost|p2a: Deathstroke|atk|1\n|\n|upkeep\n|\n|t:|1665554817\n|switch|p1a: Weavile|Weavile, F|22\/100\n|-ability|p1a: Weavile|Pressure\n|turn|38\n|\n|t:|1665554818\n|move|p1a: Weavile|Ice Shard|p2a: Deathstroke\n|-damage|p2a: Deathstroke|68\/100\n|move|p2a: Deathstroke|Sacred Sword|p1a: Weavile\n|-supereffective|p1a: Weavile\n|-damage|p1a: Weavile|0 fnt\n|faint|p1a: Weavile\n|\n|win|RggV_YT\n|raw|minimax_ai's rating: 1746 &rarr; <strong>1730<\/strong><br \/>(-16 for losing)\n|raw|RggV_YT's rating: 1816 &rarr; <strong>1832<\/strong><br \/>(+16 for winning)\n|c|\u2606minimax_ai|gg\n|l|\u2606minimax_ai\n|c| Kyurem|Damn the ai got way higher on the ladder\n|l| Kyurem\n","uploadtime":1665554820,"views":21,"p1id":"minimaxai","p2id":"rggvyt","formatid":"gen8ou","rating":1730,"private":0,"password":null}