{"id":"gen8nationaldex-1585304884","p1":"Sir Fresh","p2":"Monkemaniac323","format":"gen8nationaldex","log":"|j|\u2606Sir Fresh\n|j|\u2606Monkemaniac323\n|t:|1653838495\n|gametype|singles\n|player|p1|Sir Fresh|palmer|\n|player|p2|Monkemaniac323|rancher|\n|teamsize|p1|6\n|teamsize|p2|6\n|gen|8\n|tier|[Gen 8] National Dex\n|rule|HP Percentage Mod: HP is shown in percentages\n|rule|Endless Battle Clause: Forcing endless battles is banned\n|rule|OHKO Clause: OHKO moves are banned\n|rule|Evasion Moves Clause: Evasion moves are banned\n|rule|Species Clause: Limit one of each Pok\u00e9mon\n|rule|Dynamax Clause: You cannot dynamax\n|rule|Sleep Clause Mod: Limit one foe put to sleep\n|clearpoke\n|poke|p1|Sceptile, M|\n|poke|p1|Blaziken, M|\n|poke|p1|Swampert, M|\n|poke|p1|Gardevoir, F|\n|poke|p1|Metagross|\n|poke|p1|Milotic, F|\n|poke|p2|Medicham, M|\n|poke|p2|Latios, M|\n|poke|p2|Ninjask, F|\n|poke|p2|Metagross|\n|poke|p2|Masquerain, F|\n|poke|p2|Crawdaunt, F|\n|teampreview\n|c|\u2606Monkemaniac323|Glhf\n|c|\u2606Sir Fresh|Glhf\n|\n|t:|1653838504\n|start\n|switch|p1a: Swampert|Swampert, M|100\/100\n|switch|p2a: Ninjask|Ninjask, F|100\/100\n|turn|1\n|\n|t:|1653838510\n|move|p2a: Ninjask|Swords Dance|p2a: Ninjask\n|-boost|p2a: Ninjask|atk|2\n|move|p1a: Swampert|Stealth Rock|p2a: Ninjask\n|-sidestart|p2: Monkemaniac323|move: Stealth Rock\n|\n|-ability|p2a: Ninjask|Speed Boost|boost\n|-boost|p2a: Ninjask|spe|1\n|upkeep\n|turn|2\n|\n|t:|1653838517\n|move|p2a: Ninjask|Dual Wingbeat|p1a: Swampert|[miss]\n|-miss|p2a: Ninjask|p1a: Swampert\n|move|p1a: Swampert|Flip Turn|p2a: Ninjask\n|-damage|p2a: Ninjask|58\/100\n|c|\u2606Sir Fresh|Rip\n|\n|t:|1653838524\n|switch|p1a: Metagross|Metagross|100\/100|[from]move: Flip Turn\n|\n|-ability|p2a: Ninjask|Speed Boost|boost\n|-boost|p2a: Ninjask|spe|1\n|upkeep\n|turn|3\n|\n|t:|1653838531\n|move|p1a: Metagross|Bullet Punch|p2a: Ninjask\n|-damage|p2a: Ninjask|14\/100\n|move|p2a: Ninjask|Dual Wingbeat|p1a: Metagross\n|-resisted|p1a: Metagross\n|-damage|p1a: Metagross|87\/100\n|-damage|p2a: Ninjask|0 fnt|[from] item: Rocky Helmet|[of] p1a: Metagross\n|faint|p2a: Ninjask\n|-hitcount|p1a: Metagross|1\n|\n|upkeep\n|c|\u2606Monkemaniac323|I just die now\n|\n|t:|1653838542\n|switch|p2a: Masquerain|Masquerain, F|100\/100\n|-damage|p2a: Masquerain|50\/100|[from] Stealth Rock\n|-ability|p2a: Masquerain|Intimidate|boost\n|-fail|p1a: Metagross|unboost|[from] ability: Clear Body|[of] p1a: Metagross\n|turn|4\n|\n|t:|1653838546\n|move|p1a: Metagross|Bullet Punch|p2a: Masquerain\n|-damage|p2a: Masquerain|16\/100\n|move|p2a: Masquerain|Sticky Web|p1a: Metagross\n|-sidestart|p1: Sir Fresh|move: Sticky Web\n|\n|-heal|p2a: Masquerain|22\/100|[from] item: Leftovers\n|upkeep\n|turn|5\n|\n|t:|1653838551\n|move|p1a: Metagross|Bullet Punch|p2a: Masquerain\n|-damage|p2a: Masquerain|0 fnt\n|faint|p2a: Masquerain\n|\n|upkeep\n|\n|t:|1653838570\n|switch|p2a: Medicham|Medicham, M|100\/100\n|-damage|p2a: Medicham|94\/100|[from] Stealth Rock\n|turn|6\n|\n|t:|1653838581\n|detailschange|p2a: Medicham|Medicham-Mega, M\n|-mega|p2a: Medicham|Medicham|Medichamite\n|move|p2a: Medicham|High Jump Kick|p1a: Metagross\n|-damage|p1a: Metagross|6\/100\n|-damage|p2a: Medicham|78\/100|[from] item: Rocky Helmet|[of] p1a: Metagross\n|move|p1a: Metagross|Earthquake|p2a: Medicham\n|-damage|p2a: Medicham|22\/100\n|\n|upkeep\n|turn|7\n|\n|t:|1653838590\n|move|p1a: Metagross|Bullet Punch|p2a: Medicham\n|-damage|p2a: Medicham|0 fnt\n|faint|p2a: Medicham\n|\n|upkeep\n|\n|t:|1653838597\n|switch|p2a: Metagross|Metagross|100\/100\n|-damage|p2a: Metagross|95\/100|[from] Stealth Rock\n|turn|8\n|\n|t:|1653838602\n|move|p2a: Metagross|Power-Up Punch|p1a: Metagross\n|-damage|p1a: Metagross|0 fnt\n|-boost|p2a: Metagross|atk|1\n|-damage|p2a: Metagross|78\/100|[from] item: Rocky Helmet|[of] p1a: Metagross\n|faint|p1a: Metagross\n|\n|upkeep\n|\n|t:|1653838605\n|switch|p1a: Milotic|Milotic, F|100\/100\n|-activate|p1a: Milotic|move: Sticky Web\n|-unboost|p1a: Milotic|spe|1\n|turn|9\n|\n|t:|1653838610\n|move|p2a: Metagross|Power-Up Punch|p1a: Milotic\n|-damage|p1a: Milotic|83\/100\n|-boost|p2a: Metagross|atk|1\n|move|p1a: Milotic|Haze|p1a: Milotic\n|-clearallboost\n|\n|-status|p1a: Milotic|brn|[from] item: Flame Orb\n|upkeep\n|turn|10\n|\n|t:|1653838615\n|switch|p2a: Latios|Latios, M|100\/100\n|-damage|p2a: Latios|88\/100|[from] Stealth Rock\n|move|p1a: Milotic|Scald|p2a: Latios\n|-resisted|p2a: Latios\n|-damage|p2a: Latios|73\/100\n|-status|p2a: Latios|brn\n|\n|-damage|p2a: Latios|67\/100 brn|[from] brn\n|-damage|p1a: Milotic|77\/100 brn|[from] brn\n|upkeep\n|turn|11\n|\n|t:|1653838623\n|switch|p1a: Swampert|Swampert, M|100\/100\n|-activate|p1a: Swampert|move: Sticky Web\n|-unboost|p1a: Swampert|spe|1\n|move|p2a: Latios|Trick|p1a: Swampert\n|-activate|p2a: Latios|move: Trick|[of] p1a: Swampert\n|-item|p1a: Swampert|Choice Scarf|[from] move: Trick\n|-item|p2a: Latios|Leftovers|[from] move: Trick\n|\n|-heal|p2a: Latios|73\/100 brn|[from] item: Leftovers\n|-damage|p2a: Latios|67\/100 brn|[from] brn\n|upkeep\n|turn|12\n|\n|t:|1653838628\n|move|p2a: Latios|Psyshock|p1a: Swampert\n|-damage|p1a: Swampert|72\/100\n|move|p1a: Swampert|Flip Turn|p2a: Latios\n|-resisted|p2a: Latios\n|-damage|p2a: Latios|52\/100 brn\n|\n|t:|1653838634\n|switch|p1a: Gardevoir|Gardevoir, F|100\/100|[from]move: Flip Turn\n|-activate|p1a: Gardevoir|move: Sticky Web\n|-unboost|p1a: Gardevoir|spe|1\n|-ability|p1a: Gardevoir|Levitate|[from] ability: Trace|[of] p2a: Latios\n|\n|-heal|p2a: Latios|58\/100 brn|[from] item: Leftovers\n|-damage|p2a: Latios|52\/100 brn|[from] brn\n|upkeep\n|turn|13\n|\n|t:|1653838638\n|move|p2a: Latios|Shadow Ball|p1a: Gardevoir\n|-supereffective|p1a: Gardevoir\n|-crit|p1a: Gardevoir\n|-damage|p1a: Gardevoir|3\/100\n|move|p1a: Gardevoir|Moonblast|p2a: Latios\n|-supereffective|p2a: Latios\n|-damage|p2a: Latios|0 fnt\n|faint|p2a: Latios\n|\n|upkeep\n|\n|t:|1653838650\n|switch|p2a: Crawdaunt|Crawdaunt, F|100\/100\n|-damage|p2a: Crawdaunt|88\/100|[from] Stealth Rock\n|turn|14\n|\n|t:|1653838653\n|move|p2a: Crawdaunt|Aqua Jet|p1a: Gardevoir\n|-damage|p1a: Gardevoir|0 fnt\n|faint|p1a: Gardevoir\n|\n|upkeep\n|\n|t:|1653838656\n|switch|p1a: Sceptile|Sceptile, M|100\/100\n|-activate|p1a: Sceptile|move: Sticky Web\n|-unboost|p1a: Sceptile|spe|1\n|turn|15\n|\n|t:|1653838663\n|detailschange|p1a: Sceptile|Sceptile-Mega, M\n|-mega|p1a: Sceptile|Sceptile|Sceptilite\n|move|p1a: Sceptile|Energy Ball|p2a: Crawdaunt\n|-supereffective|p2a: Crawdaunt\n|-damage|p2a: Crawdaunt|0 fnt\n|faint|p2a: Crawdaunt\n|\n|upkeep\n|\n|t:|1653838667\n|switch|p2a: Metagross|Metagross|78\/100\n|-damage|p2a: Metagross|72\/100|[from] Stealth Rock\n|turn|16\n|\n|t:|1653838671\n|switch|p1a: Milotic|Milotic, F|77\/100 brn\n|-activate|p1a: Milotic|move: Sticky Web\n|-unboost|p1a: Milotic|spe|1\n|move|p2a: Metagross|Power-Up Punch|p1a: Milotic\n|-damage|p1a: Milotic|69\/100 brn\n|-boost|p2a: Metagross|atk|1\n|\n|-damage|p1a: Milotic|63\/100 brn|[from] brn\n|upkeep\n|turn|17\n|c|\u2606Monkemaniac323|Gg\n|\n|t:|1653838675\n|move|p2a: Metagross|Zen Headbutt|p1a: Milotic\n|-damage|p1a: Milotic|27\/100 brn\n|cant|p1a: Milotic|flinch\n|\n|-damage|p1a: Milotic|21\/100 brn|[from] brn\n|upkeep\n|turn|18\n|\n|t:|1653838692\n|move|p2a: Metagross|Zen Headbutt|p1a: Milotic\n|-crit|p1a: Milotic\n|-damage|p1a: Milotic|0 fnt\n|faint|p1a: Milotic\n|\n|upkeep\n|\n|t:|1653838699\n|switch|p1a: Swampert|Swampert, M|72\/100\n|-activate|p1a: Swampert|move: Sticky Web\n|-unboost|p1a: Swampert|spe|1\n|turn|19\n|\n|t:|1653838704\n|move|p2a: Metagross|Zen Headbutt|p1a: Swampert\n|-damage|p1a: Swampert|27\/100\n|move|p1a: Swampert|Earthquake|p2a: Metagross\n|-supereffective|p2a: Metagross\n|-damage|p2a: Metagross|10\/100\n|-enditem|p2a: Metagross|Weakness Policy\n|-boost|p2a: Metagross|atk|2|[from] item: Weakness Policy\n|-boost|p2a: Metagross|spa|2|[from] item: Weakness Policy\n|\n|upkeep\n|turn|20\n|\n|t:|1653838715\n|move|p2a: Metagross|Zen Headbutt|p1a: Swampert\n|-damage|p1a: Swampert|0 fnt\n|faint|p1a: Swampert\n|\n|upkeep\n|\n|t:|1653838719\n|switch|p1a: Sceptile|Sceptile-Mega, M|100\/100\n|-activate|p1a: Sceptile|move: Sticky Web\n|-unboost|p1a: Sceptile|spe|1\n|turn|21\n|\n|t:|1653838726\n|move|p1a: Sceptile|Energy Ball|p2a: Metagross\n|-resisted|p2a: Metagross\n|-damage|p2a: Metagross|0 fnt\n|faint|p2a: Metagross\n|\n|win|Sir Fresh\n|c|\u2606Sir Fresh|Gg\n|c|\u2606Monkemaniac323|Gg\n","uploadtime":1653838733,"views":18,"p1id":"sirfresh","p2id":"monkemaniac323","formatid":"gen8nationaldex","rating":0,"private":0,"password":null}