{"id":"gen8ou-1267288636","p1":"BaKaboure","p2":"Consaikou","format":"gen8ou","log":"|html|<div class=\"broadcast-blue\"><strong>[Gen 8] OU is currently suspecting Spectrier! For information on how to participate check out the <a href=\"https:\/\/www.smogon.com\/forums\/threads\/np-ss-ou-suspect-process-round-9-old-town-road.3676744\/\">suspect thread<\/a>.<\/strong><\/div>\n|j|\u2606BaKaboure\n|j|\u2606Consaikou\n|t:|1611319866\n|player|p1|BaKaboure|cynthia|\n|player|p2|Consaikou|292|\n|teamsize|p1|6\n|teamsize|p2|6\n|gametype|singles\n|gen|8\n|tier|[Gen 8] OU\n|clearpoke\n|poke|p1|Tyranitar, M|\n|poke|p1|Excadrill, F|\n|poke|p1|Dracozolt|\n|poke|p1|Tornadus-Therian, M|\n|poke|p1|Hippowdon, F|\n|poke|p1|Slowbro, F|\n|poke|p2|Tyranitar, F|\n|poke|p2|Excadrill, F|\n|poke|p2|Dracozolt|\n|poke|p2|Tornadus-Therian, M|\n|poke|p2|Hippowdon, F|\n|poke|p2|Slowbro, F|\n|rule|Sleep Clause Mod: Limit one foe put to sleep\n|rule|Species Clause: Limit one of each Pok\u00e9mon\n|rule|OHKO Clause: OHKO moves are banned\n|rule|Evasion Moves Clause: Evasion moves are banned\n|rule|Endless Battle Clause: Forcing endless battles is banned\n|rule|HP Percentage Mod: HP is shown in percentages\n|rule|Dynamax Clause: You cannot dynamax\n|teampreview\n|\n|t:|1611319886\n|start\n|switch|p1a: Slowbro|Slowbro, F|100\/100\n|switch|p2a: Slowbro|Slowbro, F|100\/100\n|turn|1\n|\n|t:|1611319900\n|move|p1a: Slowbro|Scald|p2a: Slowbro\n|-resisted|p2a: Slowbro\n|-damage|p2a: Slowbro|86\/100\n|move|p2a: Slowbro|Future Sight|p1a: Slowbro\n|-start|p2a: Slowbro|move: Future Sight\n|\n|upkeep\n|turn|2\n|\n|t:|1611319909\n|move|p1a: Slowbro|Slack Off||[still]\n|-fail|p1a: Slowbro|heal\n|move|p2a: Slowbro|Teleport|p2a: Slowbro\n|\n|t:|1611319921\n|switch|p2a: Dracozolt|Dracozolt|100\/100|[from]move: Teleport\n|\n|upkeep\n|turn|3\n|\n|t:|1611319927\n|switch|p1a: Dracozolt|Dracozolt|100\/100\n|move|p2a: Dracozolt|Bolt Beak|p1a: Dracozolt\n|-resisted|p1a: Dracozolt\n|-damage|p1a: Dracozolt|74\/100\n|-damage|p2a: Dracozolt|91\/100|[from] item: Life Orb\n|\n|-end|p1a: Dracozolt|move: Future Sight\n|-damage|p1a: Dracozolt|7\/100\n|upkeep\n|turn|4\n|\n|t:|1611319937\n|switch|p2a: Hippowdon|Hippowdon, F|100\/100\n|-weather|Sandstorm|[from] ability: Sand Stream|[of] p2a: Hippowdon\n|move|p1a: Dracozolt|Draco Meteor|p2a: Hippowdon|[miss]\n|-miss|p1a: Dracozolt|p2a: Hippowdon\n|\n|-weather|Sandstorm|[upkeep]\n|upkeep\n|turn|5\n|\n|t:|1611319945\n|move|p1a: Dracozolt|Draco Meteor|p2a: Hippowdon\n|-damage|p2a: Hippowdon|36\/100\n|-unboost|p1a: Dracozolt|spa|2\n|-damage|p1a: Dracozolt|0 fnt|[from] item: Life Orb\n|faint|p1a: Dracozolt\n|move|p2a: Hippowdon|Earthquake|p1: Dracozolt|[notarget]\n|-fail|p2a: Hippowdon\n|\n|-weather|Sandstorm|[upkeep]\n|upkeep\n|\n|t:|1611319956\n|switch|p1a: Tyranitar|Tyranitar, M|100\/100\n|turn|6\n|\n|t:|1611319960\n|move|p1a: Tyranitar|Crunch|p2a: Hippowdon\n|-damage|p2a: Hippowdon|18\/100\n|move|p2a: Hippowdon|Slack Off|p2a: Hippowdon\n|-heal|p2a: Hippowdon|68\/100\n|\n|-weather|Sandstorm|[upkeep]\n|upkeep\n|turn|7\n|\n|t:|1611319968\n|move|p1a: Tyranitar|Stone Edge|p2a: Hippowdon\n|-resisted|p2a: Hippowdon\n|-damage|p2a: Hippowdon|57\/100\n|move|p2a: Hippowdon|Earthquake|p1a: Tyranitar\n|-supereffective|p1a: Tyranitar\n|-crit|p1a: Tyranitar\n|-damage|p1a: Tyranitar|35\/100\n|\n|-weather|Sandstorm|[upkeep]\n|upkeep\n|turn|8\n|\n|t:|1611319979\n|move|p1a: Tyranitar|Crunch|p2a: Hippowdon\n|-damage|p2a: Hippowdon|38\/100\n|move|p2a: Hippowdon|Earthquake|p1a: Tyranitar\n|-supereffective|p1a: Tyranitar\n|-damage|p1a: Tyranitar|0 fnt\n|faint|p1a: Tyranitar\n|\n|-weather|Sandstorm|[upkeep]\n|upkeep\n|\n|t:|1611320018\n|switch|p1a: Slowbro|Slowbro, F|100\/100\n|turn|9\n|\n|t:|1611320026\n|move|p2a: Hippowdon|Yawn|p1a: Slowbro\n|-start|p1a: Slowbro|move: Yawn|[of] p2a: Hippowdon\n|move|p1a: Slowbro|Scald|p2a: Hippowdon\n|-supereffective|p2a: Hippowdon\n|-damage|p2a: Hippowdon|0 fnt\n|faint|p2a: Hippowdon\n|\n|-weather|Sandstorm|[upkeep]\n|-damage|p1a: Slowbro|94\/100|[from] Sandstorm\n|upkeep\n|\n|t:|1611320035\n|switch|p2a: Dracozolt|Dracozolt|91\/100\n|turn|10\n|\n|t:|1611320050\n|switch|p1a: Excadrill|Excadrill, F|100\/100\n|move|p2a: Dracozolt|Bolt Beak|p1a: Excadrill\n|-immune|p1a: Excadrill\n|\n|-weather|Sandstorm|[upkeep]\n|upkeep\n|turn|11\n|\n|t:|1611320059\n|switch|p2a: Tornadus|Tornadus-Therian, M|100\/100\n|move|p1a: Excadrill|Earthquake|p2a: Tornadus\n|-immune|p2a: Tornadus\n|\n|-weather|none\n|upkeep\n|turn|12\n|\n|t:|1611320079\n|switch|p1a: Tornadus|Tornadus-Therian, M|100\/100\n|move|p2a: Tornadus|U-turn|p1a: Tornadus\n|-resisted|p1a: Tornadus\n|-damage|p1a: Tornadus|92\/100\n|\n|t:|1611320084\n|switch|p2a: Dracozolt|Dracozolt|91\/100|[from]move: U-turn\n|\n|upkeep\n|turn|13\n|\n|t:|1611320101\n|move|p1a: Tornadus|U-turn|p2a: Dracozolt\n|-damage|p2a: Dracozolt|75\/100\n|\n|t:|1611320105\n|switch|p1a: Excadrill|Excadrill, F|100\/100|[from]move: U-turn\n|move|p2a: Dracozolt|Bolt Beak|p1a: Excadrill\n|-immune|p1a: Excadrill\n|\n|upkeep\n|turn|14\n|\n|t:|1611320114\n|switch|p2a: Slowbro|Slowbro, F|100\/100\n|move|p1a: Excadrill|Earthquake|p2a: Slowbro\n|-crit|p2a: Slowbro\n|-damage|p2a: Slowbro|38\/100\n|-damage|p1a: Excadrill|91\/100|[from] item: Life Orb\n|\n|upkeep\n|turn|15\n|\n|t:|1611320121\n|switch|p2a: Tornadus|Tornadus-Therian, M|100\/100\n|move|p1a: Excadrill|Earthquake|p2a: Tornadus\n|-immune|p2a: Tornadus\n|\n|upkeep\n|turn|16\n|\n|t:|1611320132\n|move|p2a: Tornadus|Knock Off|p1a: Excadrill\n|-damage|p1a: Excadrill|62\/100\n|-enditem|p1a: Excadrill|Life Orb|[from] move: Knock Off|[of] p2a: Tornadus\n|move|p1a: Excadrill|Swords Dance|p1a: Excadrill\n|-boost|p1a: Excadrill|atk|2\n|\n|upkeep\n|turn|17\n|\n|t:|1611320147\n|move|p2a: Tornadus|U-turn|p1a: Excadrill\n|-resisted|p1a: Excadrill\n|-damage|p1a: Excadrill|51\/100\n|\n|t:|1611320154\n|switch|p2a: Slowbro|Slowbro, F|71\/100|[from]move: U-turn\n|move|p1a: Excadrill|Rock Slide|p2a: Slowbro\n|-damage|p2a: Slowbro|37\/100\n|\n|upkeep\n|turn|18\n|\n|t:|1611320173\n|move|p1a: Excadrill|Earthquake|p2a: Slowbro\n|-damage|p2a: Slowbro|0 fnt\n|faint|p2a: Slowbro\n|\n|upkeep\n|\n|t:|1611320185\n|switch|p2a: Tornadus|Tornadus-Therian, M|100\/100\n|turn|19\n|\n|t:|1611320216\n|move|p2a: Tornadus|Knock Off|p1a: Excadrill\n|-damage|p1a: Excadrill|31\/100\n|move|p1a: Excadrill|Rock Slide|p2a: Tornadus\n|-supereffective|p2a: Tornadus\n|-damage|p2a: Tornadus|0 fnt\n|faint|p2a: Tornadus\n|\n|upkeep\n|\n|t:|1611320225\n|switch|p2a: Excadrill|Excadrill, F|100\/100\n|turn|20\n|\n|t:|1611320242\n|switch|p1a: Slowbro|Slowbro, F|100\/100\n|move|p2a: Excadrill|Earthquake|p1a: Slowbro\n|-damage|p1a: Slowbro|56\/100\n|-damage|p2a: Excadrill|91\/100|[from] item: Life Orb\n|\n|upkeep\n|turn|21\n|\n|t:|1611320249\n|switch|p2a: Tyranitar|Tyranitar, F|100\/100\n|-weather|Sandstorm|[from] ability: Sand Stream|[of] p2a: Tyranitar\n|move|p1a: Slowbro|Scald|p2a: Tyranitar\n|-supereffective|p2a: Tyranitar\n|-damage|p2a: Tyranitar|69\/100\n|\n|-weather|Sandstorm|[upkeep]\n|-damage|p1a: Slowbro|49\/100|[from] Sandstorm\n|upkeep\n|turn|22\n|\n|t:|1611320274\n|move|p2a: Tyranitar|Crunch|p1a: Slowbro\n|-supereffective|p1a: Slowbro\n|-damage|p1a: Slowbro|11\/100\n|-unboost|p1a: Slowbro|def|1\n|move|p1a: Slowbro|Scald|p2a: Tyranitar\n|-supereffective|p2a: Tyranitar\n|-damage|p2a: Tyranitar|40\/100\n|-status|p2a: Tyranitar|brn\n|\n|-weather|Sandstorm|[upkeep]\n|-damage|p1a: Slowbro|5\/100|[from] Sandstorm\n|-damage|p2a: Tyranitar|33\/100 brn|[from] brn\n|upkeep\n|turn|23\n|\n|t:|1611320287\n|switch|p1a: Tornadus|Tornadus-Therian, M|100\/100\n|move|p2a: Tyranitar|Crunch|p1a: Tornadus\n|-damage|p1a: Tornadus|79\/100\n|\n|-weather|Sandstorm|[upkeep]\n|-damage|p1a: Tornadus|73\/100|[from] Sandstorm\n|-damage|p2a: Tyranitar|27\/100 brn|[from] brn\n|upkeep\n|turn|24\n|\n|t:|1611320297\n|move|p1a: Tornadus|Defog|p2a: Tyranitar\n|-unboost|p2a: Tyranitar|evasion|1\n|move|p2a: Tyranitar|Stone Edge|p1a: Tornadus|[miss]\n|-miss|p2a: Tyranitar|p1a: Tornadus\n|\n|-weather|Sandstorm|[upkeep]\n|-damage|p1a: Tornadus|67\/100|[from] Sandstorm\n|-damage|p2a: Tyranitar|21\/100 brn|[from] brn\n|upkeep\n|turn|25\n|\n|t:|1611320307\n|move|p1a: Tornadus|Hurricane|p2a: Tyranitar\n|-resisted|p2a: Tyranitar\n|-damage|p2a: Tyranitar|8\/100 brn\n|-start|p2a: Tyranitar|confusion\n|-activate|p2a: Tyranitar|confusion\n|-damage|p2a: Tyranitar|5\/100 brn|[from] confusion\n|\n|-weather|Sandstorm|[upkeep]\n|-damage|p1a: Tornadus|61\/100|[from] Sandstorm\n|-damage|p2a: Tyranitar|0 fnt|[from] brn\n|faint|p2a: Tyranitar\n|upkeep\n|\n|t:|1611320317\n|switch|p2a: Dracozolt|Dracozolt|75\/100\n|turn|26\n|\n|t:|1611320330\n|switch|p1a: Hippowdon|Hippowdon, F|100\/100\n|move|p2a: Dracozolt|Bolt Beak|p1a: Hippowdon\n|-immune|p1a: Hippowdon\n|\n|-weather|Sandstorm|[upkeep]\n|upkeep\n|turn|27\n|\n|t:|1611320337\n|move|p2a: Dracozolt|Draco Meteor|p1a: Hippowdon\n|-damage|p1a: Hippowdon|30\/100\n|-unboost|p2a: Dracozolt|spa|2\n|-damage|p2a: Dracozolt|65\/100|[from] item: Life Orb\n|move|p1a: Hippowdon|Earthquake|p2a: Dracozolt\n|-supereffective|p2a: Dracozolt\n|-damage|p2a: Dracozolt|0 fnt\n|faint|p2a: Dracozolt\n|\n|-weather|Sandstorm|[upkeep]\n|upkeep\n|\n|t:|1611320346\n|switch|p2a: Excadrill|Excadrill, F|91\/100\n|turn|28\n|\n|t:|1611320363\n|move|p2a: Excadrill|Earthquake|p1a: Hippowdon\n|-damage|p1a: Hippowdon|0 fnt\n|-damage|p2a: Excadrill|81\/100|[from] item: Life Orb\n|faint|p1a: Hippowdon\n|\n|-weather|none\n|upkeep\n|\n|t:|1611320372\n|switch|p1a: Slowbro|Slowbro, F|38\/100\n|turn|29\n|\n|t:|1611320375\n|move|p2a: Excadrill|Earthquake|p1a: Slowbro\n|-damage|p1a: Slowbro|0 fnt\n|-damage|p2a: Excadrill|71\/100|[from] item: Life Orb\n|faint|p1a: Slowbro\n|\n|upkeep\n|\n|t:|1611320382\n|switch|p1a: Tornadus|Tornadus-Therian, M|94\/100\n|turn|30\n|\n|t:|1611320387\n|move|p1a: Tornadus|Hurricane|p2a: Excadrill\n|-resisted|p2a: Excadrill\n|-damage|p2a: Excadrill|45\/100\n|-start|p2a: Excadrill|confusion\n|-activate|p2a: Excadrill|confusion\n|move|p2a: Excadrill|Rock Slide|p1a: Tornadus\n|-supereffective|p1a: Tornadus\n|-damage|p1a: Tornadus|12\/100\n|-damage|p2a: Excadrill|35\/100|[from] item: Life Orb\n|\n|upkeep\n|turn|31\n|\n|t:|1611320397\n|move|p1a: Tornadus|Hurricane|p2a: Excadrill\n|-resisted|p2a: Excadrill\n|-damage|p2a: Excadrill|10\/100\n|-activate|p2a: Excadrill|confusion\n|move|p2a: Excadrill|Iron Head|p1a: Tornadus\n|-damage|p1a: Tornadus|0 fnt\n|-damage|p2a: Excadrill|0 fnt|[from] item: Life Orb\n|faint|p1a: Tornadus\n|faint|p2a: Excadrill\n|\n|win|BaKaboure\n|c|\u2606Consaikou|mdr\n","uploadtime":1611320414,"views":20,"p1id":"bakaboure","p2id":"consaikou","formatid":"gen8ou","rating":0,"private":0,"password":null}