{"id":"gen8ou-1118330200","p1":"Youngster Maxance","p2":"Burnt Bright","format":"gen8ou","log":"|j|\u2606Youngster Maxance\n|j|\u2606Burnt Bright\n|player|p1|Youngster Maxance|preschooler|1768\n|player|p2|Burnt Bright|1|1766\n|teamsize|p1|6\n|teamsize|p2|6\n|gametype|singles\n|gen|8\n|tier|[Gen 8] OU\n|rated|\n|html|<div class=\"broadcast-blue\"><strong>OU is currently suspecting Dracovish! For information on how to participate check out the <a href=\"https:\/\/www.smogon.com\/forums\/threads\/3664521\/\">suspect thread<\/a>.<\/strong><\/div>\n|clearpoke\n|poke|p1|Hawlucha, M|\n|poke|p1|Cloyster, F|\n|poke|p1|Mimikyu, M|\n|poke|p1|Terrakion|\n|poke|p1|Accelgor, M|\n|poke|p1|Zeraora|\n|poke|p2|Zeraora|\n|poke|p2|Aegislash, F|\n|poke|p2|Seismitoad, M|\n|poke|p2|Mandibuzz, F|\n|poke|p2|Kommo-o, M|\n|poke|p2|Chandelure, M|\n|rule|Sleep Clause Mod: Limit one foe put to sleep\n|rule|Species Clause: Limit one of each Pok\u00e9mon\n|rule|OHKO Clause: OHKO moves are banned\n|rule|Evasion Moves Clause: Evasion moves are banned\n|rule|Endless Battle Clause: Forcing endless battles is banned\n|rule|HP Percentage Mod: HP is shown in percentages\n|rule|Dynamax Clause: You cannot dynamax\n|teampreview\n|\n|start\n|switch|p1a: Accelgor|Accelgor, M|100\/100\n|switch|p2a: Aegislash|Aegislash, F|100\/100\n|turn|1\n|\n|move|p1a: Accelgor|Knock Off|p2a: Aegislash\n|-supereffective|p2a: Aegislash\n|-damage|p2a: Aegislash|74\/100\n|-enditem|p2a: Aegislash|Spell Tag|[from] move: Knock Off|[of] p1a: Accelgor\n|-formechange|p2a: Aegislash|Aegislash-Blade||[from] ability: Stance Change\n|move|p2a: Aegislash|Shadow Ball|p1a: Accelgor\n|-damage|p1a: Accelgor|29\/100\n|\n|upkeep\n|turn|2\n|\n|move|p2a: Aegislash|Shadow Sneak|p1a: Accelgor\n|-damage|p1a: Accelgor|0 fnt\n|faint|p1a: Accelgor\n|\n|upkeep\n|\n|switch|p1a: Hawlucha|Hawlucha, M|100\/100\n|turn|3\n|\n|move|p1a: Hawlucha|Substitute|p1a: Hawlucha\n|-start|p1a: Hawlucha|Substitute\n|-damage|p1a: Hawlucha|75\/100\n|move|p2a: Aegislash|Shadow Ball|p1a: Hawlucha\n|-end|p1a: Hawlucha|Substitute\n|\n|upkeep\n|turn|4\n|\n|move|p1a: Hawlucha|Acrobatics|p2a: Aegislash\n|-resisted|p2a: Aegislash\n|-damage|p2a: Aegislash|47\/100\n|move|p2a: Aegislash|Shadow Ball|p1a: Hawlucha\n|-damage|p1a: Hawlucha|0 fnt\n|faint|p1a: Hawlucha\n|\n|upkeep\n|\n|switch|p1a: Mimikyu|Mimikyu, M|100\/100\n|turn|5\n|\n|switch|p2a: Seismitoad|Seismitoad, M|100\/100\n|move|p1a: Mimikyu|Swords Dance|p1a: Mimikyu\n|-boost|p1a: Mimikyu|atk|2\n|\n|upkeep\n|turn|6\n|\n|move|p1a: Mimikyu|Play Rough|p2a: Seismitoad\n|-damage|p2a: Seismitoad|29\/100\n|-unboost|p2a: Seismitoad|atk|1\n|-damage|p1a: Mimikyu|91\/100|[from] item: Life Orb\n|move|p2a: Seismitoad|Scald|p1a: Mimikyu\n|-activate|p1a: Mimikyu|ability: Disguise\n|-damage|p1a: Mimikyu|91\/100\n|-status|p1a: Mimikyu|brn\n|detailschange|p1a: Mimikyu|Mimikyu-Busted, M\n|-damage|p1a: Mimikyu|78\/100 brn|[from] pokemon: Mimikyu-Busted\n|\n|-heal|p2a: Seismitoad|35\/100|[from] item: Leftovers\n|-damage|p1a: Mimikyu|72\/100 brn|[from] brn\n|upkeep\n|turn|7\n|\n|move|p1a: Mimikyu|Play Rough|p2a: Seismitoad\n|-damage|p2a: Seismitoad|4\/100\n|-damage|p1a: Mimikyu|62\/100 brn|[from] item: Life Orb\n|move|p2a: Seismitoad|Earth Power|p1a: Mimikyu\n|-damage|p1a: Mimikyu|28\/100 brn\n|\n|-heal|p2a: Seismitoad|10\/100|[from] item: Leftovers\n|-damage|p1a: Mimikyu|22\/100 brn|[from] brn\n|upkeep\n|turn|8\n|\n|move|p1a: Mimikyu|Play Rough|p2a: Seismitoad\n|-damage|p2a: Seismitoad|0 fnt\n|-damage|p1a: Mimikyu|12\/100 brn|[from] item: Life Orb\n|faint|p2a: Seismitoad\n|\n|-damage|p1a: Mimikyu|6\/100 brn|[from] brn\n|upkeep\n|\n|switch|p2a: Zeraora|Zeraora|100\/100\n|turn|9\n|\n|move|p2a: Zeraora|Bulk Up|p2a: Zeraora\n|-boost|p2a: Zeraora|atk|1\n|-boost|p2a: Zeraora|def|1\n|move|p1a: Mimikyu|Play Rough|p2a: Zeraora|[miss]\n|-miss|p1a: Mimikyu|p2a: Zeraora\n|\n|-damage|p1a: Mimikyu|0 fnt|[from] brn\n|faint|p1a: Mimikyu\n|upkeep\n|\n|switch|p1a: Terrakion|Terrakion|100\/100\n|turn|10\n|\n|switch|p2a: Mandibuzz|Mandibuzz, F|100\/100\n|move|p1a: Terrakion|Rock Tomb|p2a: Mandibuzz\n|-supereffective|p2a: Mandibuzz\n|-damage|p2a: Mandibuzz|55\/100\n|-unboost|p2a: Mandibuzz|spe|1\n|\n|upkeep\n|turn|11\n|\n|move|p1a: Terrakion|Stealth Rock|p2a: Mandibuzz\n|-sidestart|p2: Burnt Bright|move: Stealth Rock\n|move|p2a: Mandibuzz|U-turn|p1a: Terrakion\n|-resisted|p1a: Terrakion\n|-damage|p1a: Terrakion|94\/100\n|\n|switch|p2a: Kommo-o|Kommo-o, M|100\/100|[from]move: U-turn\n|-damage|p2a: Kommo-o|94\/100|[from] Stealth Rock\n|\n|-heal|p2a: Kommo-o|100\/100|[from] item: Leftovers\n|upkeep\n|turn|12\n|\n|move|p1a: Terrakion|Taunt|p2a: Kommo-o\n|-start|p2a: Kommo-o|move: Taunt\n|cant|p2a: Kommo-o|move: Taunt|Iron Defense\n|\n|upkeep\n|turn|13\n|\n|move|p1a: Terrakion|Close Combat|p2a: Kommo-o\n|-damage|p2a: Kommo-o|59\/100\n|-unboost|p1a: Terrakion|def|1\n|-unboost|p1a: Terrakion|spd|1\n|move|p2a: Kommo-o|Body Press|p1a: Terrakion\n|-supereffective|p1a: Terrakion\n|-damage|p1a: Terrakion|0 fnt\n|faint|p1a: Terrakion\n|\n|-heal|p2a: Kommo-o|65\/100|[from] item: Leftovers\n|upkeep\n|\n|switch|p1a: Cloyster|Cloyster, F|100\/100\n|turn|14\n|\n|move|p1a: Cloyster|Icicle Spear|p2a: Kommo-o\n|-supereffective|p2a: Kommo-o\n|-crit|p2a: Kommo-o\n|-damage|p2a: Kommo-o|43\/100\n|-supereffective|p2a: Kommo-o\n|-damage|p2a: Kommo-o|27\/100\n|-supereffective|p2a: Kommo-o\n|-damage|p2a: Kommo-o|12\/100\n|-supereffective|p2a: Kommo-o\n|-damage|p2a: Kommo-o|0 fnt\n|-hitcount|p2a: Kommo-o|4\n|faint|p2a: Kommo-o\n|\n|upkeep\n|\n|switch|p2a: Chandelure|Chandelure, M|100\/100\n|-damage|p2a: Chandelure|76\/100|[from] Stealth Rock\n|turn|15\n|\n|move|p2a: Chandelure|Flamethrower|p1a: Cloyster\n|-damage|p1a: Cloyster|0 fnt\n|faint|p1a: Cloyster\n|\n|upkeep\n|\n|switch|p1a: Zeraora|Zeraora|100\/100\n|turn|16\n|\n|move|p1a: Zeraora|Plasma Fists|p2a: Chandelure\n|-damage|p2a: Chandelure|0 fnt\n|-fieldactivate|move: Ion Deluge\n|-damage|p1a: Zeraora|91\/100|[from] item: Life Orb\n|faint|p2a: Chandelure\n|\n|upkeep\n|\n|switch|p2a: Zeraora|Zeraora|100\/100\n|-damage|p2a: Zeraora|88\/100|[from] Stealth Rock\n|turn|17\n|\n|move|p1a: Zeraora|Bulk Up|p1a: Zeraora\n|-boost|p1a: Zeraora|atk|1\n|-boost|p1a: Zeraora|def|1\n|move|p2a: Zeraora|Knock Off|p1a: Zeraora\n|-damage|p1a: Zeraora|60\/100\n|-enditem|p1a: Zeraora|Life Orb|[from] move: Knock Off|[of] p2a: Zeraora\n|\n|-heal|p2a: Zeraora|94\/100|[from] item: Leftovers\n|upkeep\n|turn|18\n|\n|move|p2a: Zeraora|Close Combat|p1a: Zeraora\n|-damage|p1a: Zeraora|24\/100\n|-unboost|p2a: Zeraora|def|1\n|-unboost|p2a: Zeraora|spd|1\n|move|p1a: Zeraora|Close Combat|p2a: Zeraora\n|-damage|p2a: Zeraora|0 fnt\n|-unboost|p1a: Zeraora|def|1\n|-unboost|p1a: Zeraora|spd|1\n|faint|p2a: Zeraora\n|\n|upkeep\n|\n|switch|p2a: Aegislash|Aegislash, F|47\/100\n|-damage|p2a: Aegislash|40\/100|[from] Stealth Rock\n|turn|19\n|\n|-formechange|p2a: Aegislash|Aegislash-Blade||[from] ability: Stance Change\n|move|p2a: Aegislash|Shadow Sneak|p1a: Zeraora\n|-damage|p1a: Zeraora|0 fnt\n|faint|p1a: Zeraora\n|\n|win|Burnt Bright\n|l|\u2606Youngster Maxance\n|l|\u2606Burnt Bright\n|j| HeavenStar\n","uploadtime":1590012607,"views":17,"p1id":"youngstermaxance","p2id":"burntbright","formatid":"gen8ou","rating":0,"private":0,"password":null}