{"id":"gen8ou-1504442227","p1":"VirginJimmy99","p2":"Reiner_fcb","format":"gen8ou","log":"|j|\u2606VirginJimmy99\n|j|\u2606Reiner_fcb\n|t:|1643999827\n|gametype|singles\n|player|p1|VirginJimmy99|rocketgrunt|1398\n|player|p2|Reiner_fcb|lance|1460\n|teamsize|p1|6\n|teamsize|p2|6\n|gen|8\n|tier|[Gen 8] OU\n|rated|\n|rule|Sleep Clause Mod: Limit one foe put to sleep\n|rule|Species Clause: Limit one of each Pok\u00e9mon\n|rule|OHKO Clause: OHKO moves are banned\n|rule|Evasion Moves Clause: Evasion moves are banned\n|rule|Endless Battle Clause: Forcing endless battles is banned\n|rule|HP Percentage Mod: HP is shown in percentages\n|rule|Dynamax Clause: You cannot dynamax\n|clearpoke\n|poke|p1|Blissey, F|\n|poke|p1|Fletchinder, M|\n|poke|p1|Toxapex, M|\n|poke|p1|Pikachu, F|\n|poke|p1|Starmie|\n|poke|p1|Comfey, M|\n|poke|p2|Mamoswine, F|\n|poke|p2|Melmetal|\n|poke|p2|Garchomp, M|\n|poke|p2|Zapdos|\n|poke|p2|Rillaboom, M|\n|poke|p2|Buzzwole|\n|teampreview\n|\n|t:|1643999835\n|start\n|switch|p1a: Starmie|Starmie|100\/100\n|switch|p2a: Mamoswine|Mamoswine, F|100\/100\n|turn|1\n|\n|t:|1643999841\n|move|p1a: Starmie|Scald|p2a: Mamoswine\n|-supereffective|p2a: Mamoswine\n|-damage|p2a: Mamoswine|12\/100\n|move|p2a: Mamoswine|Earthquake|p1a: Starmie\n|-damage|p1a: Starmie|34\/100\n|\n|-heal|p1a: Starmie|40\/100|[from] item: Leftovers\n|upkeep\n|turn|2\n|\n|t:|1643999848\n|move|p2a: Mamoswine|Ice Shard|p1a: Starmie\n|-resisted|p1a: Starmie\n|-damage|p1a: Starmie|25\/100\n|move|p1a: Starmie|Scald|p2a: Mamoswine\n|-supereffective|p2a: Mamoswine\n|-damage|p2a: Mamoswine|0 fnt\n|faint|p2a: Mamoswine\n|\n|-heal|p1a: Starmie|31\/100|[from] item: Leftovers\n|upkeep\n|\n|t:|1643999853\n|switch|p2a: Rillaboom|Rillaboom, M|100\/100\n|-fieldstart|move: Grassy Terrain|[from] ability: Grassy Surge|[of] p2a: Rillaboom\n|turn|3\n|\n|t:|1643999858\n|switch|p1a: Fletchinder|Fletchinder, M|100\/100\n|move|p2a: Rillaboom|Swords Dance|p2a: Rillaboom\n|-boost|p2a: Rillaboom|atk|2\n|\n|upkeep\n|turn|4\n|\n|t:|1643999864\n|move|p1a: Fletchinder|Dual Wingbeat|p2a: Rillaboom\n|-supereffective|p2a: Rillaboom\n|-damage|p2a: Rillaboom|77\/100\n|-supereffective|p2a: Rillaboom\n|-damage|p2a: Rillaboom|54\/100\n|-hitcount|p2a: Rillaboom|2\n|move|p2a: Rillaboom|Knock Off|p1a: Fletchinder\n|-damage|p1a: Fletchinder|0 fnt\n|-enditem|p1a: Fletchinder|Heavy-Duty Boots|[from] move: Knock Off|[of] p2a: Rillaboom\n|faint|p1a: Fletchinder\n|-damage|p2a: Rillaboom|44\/100|[from] item: Life Orb\n|\n|-heal|p2a: Rillaboom|50\/100|[from] Grassy Terrain\n|upkeep\n|\n|t:|1643999871\n|switch|p1a: Pikachu|Pikachu, F|100\/100\n|turn|5\n|\n|t:|1643999874\n|move|p1a: Pikachu|Fake Out|p2a: Rillaboom\n|-damage|p2a: Rillaboom|30\/100\n|cant|p2a: Rillaboom|flinch\n|\n|-heal|p2a: Rillaboom|36\/100|[from] Grassy Terrain\n|upkeep\n|turn|6\n|\n|t:|1643999877\n|move|p1a: Pikachu|Extreme Speed|p2a: Rillaboom\n|-damage|p2a: Rillaboom|0 fnt\n|faint|p2a: Rillaboom\n|\n|upkeep\n|\n|t:|1643999880\n|switch|p2a: Buzzwole|Buzzwole|100\/100\n|turn|7\n|inactive|Battle timer is ON: inactive players will automatically lose when time's up. (requested by Reiner_fcb)\n|\n|t:|1643999889\n|switch|p1a: Toxapex|Toxapex, M|100\/100\n|switch|p2a: Zapdos|Zapdos|100\/100\n|\n|-fieldend|move: Grassy Terrain\n|upkeep\n|turn|8\n|\n|t:|1643999894\n|switch|p1a: Blissey|Blissey, F|100\/100\n|move|p2a: Zapdos|Discharge|p1a: Blissey\n|-damage|p1a: Blissey|88\/100\n|\n|upkeep\n|turn|9\n|\n|t:|1643999902\n|switch|p2a: Garchomp|Garchomp, M|100\/100\n|move|p1a: Blissey|Stealth Rock|p2a: Garchomp\n|-sidestart|p2: Reiner_fcb|move: Stealth Rock\n|\n|upkeep\n|turn|10\n|\n|t:|1643999907\n|move|p2a: Garchomp|Swords Dance|p2a: Garchomp\n|-boost|p2a: Garchomp|atk|2\n|move|p1a: Blissey|Seismic Toss|p2a: Garchomp\n|-damage|p2a: Garchomp|72\/100\n|-damage|p1a: Blissey|76\/100|[from] ability: Rough Skin|[of] p2a: Garchomp\n|\n|-heal|p2a: Garchomp|79\/100|[from] item: Leftovers\n|upkeep\n|turn|11\n|\n|t:|1643999916\n|move|p2a: Garchomp|Scale Shot|p1a: Blissey\n|-damage|p1a: Blissey|52\/100\n|-damage|p1a: Blissey|29\/100\n|-damage|p1a: Blissey|6\/100\n|-damage|p1a: Blissey|0 fnt\n|faint|p1a: Blissey\n|-hitcount|p1: Blissey|4\n|-unboost|p2a: Garchomp|def|1\n|-boost|p2a: Garchomp|spe|1\n|\n|-heal|p2a: Garchomp|85\/100|[from] item: Leftovers\n|upkeep\n|\n|t:|1643999926\n|switch|p1a: Pikachu|Pikachu, F|100\/100\n|turn|12\n|\n|t:|1643999929\n|switch|p2a: Buzzwole|Buzzwole|100\/100\n|-damage|p2a: Buzzwole|88\/100|[from] Stealth Rock\n|move|p1a: Pikachu|Fake Out|p2a: Buzzwole\n|-damage|p2a: Buzzwole|77\/100\n|-damage|p1a: Pikachu|84\/100|[from] item: Rocky Helmet|[of] p2a: Buzzwole\n|\n|upkeep\n|turn|13\n|\n|t:|1643999936\n|switch|p1a: Starmie|Starmie|31\/100\n|move|p2a: Buzzwole|Earthquake|p1a: Starmie\n|-damage|p1a: Starmie|0 fnt\n|faint|p1a: Starmie\n|-ability|p2a: Buzzwole|Beast Boost|boost\n|-boost|p2a: Buzzwole|atk|1\n|\n|upkeep\n|\n|t:|1643999938\n|switch|p1a: Comfey|Comfey, M|100\/100\n|turn|14\n|\n|t:|1643999944\n|switch|p2a: Melmetal|Melmetal|100\/100\n|-damage|p2a: Melmetal|94\/100|[from] Stealth Rock\n|move|p1a: Comfey|Draining Kiss|p2a: Melmetal\n|-resisted|p2a: Melmetal\n|-damage|p2a: Melmetal|89\/100\n|\n|upkeep\n|turn|15\n|\n|t:|1643999949\n|switch|p1a: Toxapex|Toxapex, M|100\/100\n|move|p2a: Melmetal|Double Iron Bash|p1a: Toxapex\n|-resisted|p1a: Toxapex\n|-damage|p1a: Toxapex|89\/100\n|-damage|p2a: Melmetal|73\/100|[from] item: Rocky Helmet|[of] p1a: Toxapex\n|-resisted|p1a: Toxapex\n|-damage|p1a: Toxapex|77\/100\n|-damage|p2a: Melmetal|56\/100|[from] item: Rocky Helmet|[of] p1a: Toxapex\n|-hitcount|p1a: Toxapex|2\n|\n|upkeep\n|turn|16\n|\n|t:|1643999956\n|move|p2a: Melmetal|Thunder Punch|p1a: Toxapex\n|-supereffective|p1a: Toxapex\n|-damage|p1a: Toxapex|42\/100\n|-damage|p2a: Melmetal|40\/100|[from] item: Rocky Helmet|[of] p1a: Toxapex\n|move|p1a: Toxapex|Toxic Spikes|p2a: Melmetal\n|-sidestart|p2: Reiner_fcb|move: Toxic Spikes\n|\n|upkeep\n|turn|17\n|\n|t:|1643999960\n|switch|p1a: Pikachu|Pikachu, F|84\/100\n|move|p2a: Melmetal|Thunder Punch|p1a: Pikachu\n|-ability|p1a: Pikachu|Lightning Rod|boost\n|-boost|p1a: Pikachu|spa|1\n|\n|upkeep\n|turn|18\n|\n|t:|1643999967\n|move|p1a: Pikachu|Volt Tackle|p2a: Melmetal\n|-damage|p2a: Melmetal|0 fnt\n|faint|p2a: Melmetal\n|-damage|p1a: Pikachu|57\/100|[from] Recoil\n|\n|upkeep\n|\n|t:|1643999970\n|switch|p2a: Buzzwole|Buzzwole|77\/100\n|-damage|p2a: Buzzwole|64\/100|[from] Stealth Rock\n|-status|p2a: Buzzwole|psn\n|turn|19\n|\n|t:|1643999981\n|move|p1a: Pikachu|Volt Tackle|p2a: Buzzwole\n|-damage|p2a: Buzzwole|9\/100 psn\n|-damage|p1a: Pikachu|40\/100|[from] item: Rocky Helmet|[of] p2a: Buzzwole\n|-damage|p1a: Pikachu|7\/100|[from] Recoil\n|move|p2a: Buzzwole|Earthquake|p1a: Pikachu\n|-supereffective|p1a: Pikachu\n|-damage|p1a: Pikachu|0 fnt\n|faint|p1a: Pikachu\n|-ability|p2a: Buzzwole|Beast Boost|boost\n|-boost|p2a: Buzzwole|atk|1\n|\n|-damage|p2a: Buzzwole|0 fnt|[from] psn\n|faint|p2a: Buzzwole\n|upkeep\n|\n|t:|1643999991\n|switch|p1a: Comfey|Comfey, M|100\/100\n|switch|p2a: Zapdos|Zapdos|100\/100\n|turn|20\n|\n|t:|1643999993\n|move|p2a: Zapdos|Defog|p1a: Comfey\n|-unboost|p1a: Comfey|evasion|1\n|-sideend|p2: Reiner_fcb|Toxic Spikes|[from] move: Defog|[of] p2a: Zapdos\n|-sideend|p2: Reiner_fcb|Stealth Rock|[from] move: Defog|[of] p2a: Zapdos\n|move|p1a: Comfey|Calm Mind|p1a: Comfey\n|-boost|p1a: Comfey|spa|1\n|-boost|p1a: Comfey|spd|1\n|\n|upkeep\n|turn|21\n|\n|t:|1643999997\n|move|p2a: Zapdos|Discharge|p1a: Comfey\n|-damage|p1a: Comfey|78\/100\n|-status|p1a: Comfey|par\n|move|p1a: Comfey|Calm Mind|p1a: Comfey\n|-boost|p1a: Comfey|spa|1\n|-boost|p1a: Comfey|spd|1\n|\n|-heal|p1a: Comfey|84\/100 par|[from] item: Leftovers\n|upkeep\n|turn|22\n|\n|t:|1644000002\n|move|p2a: Zapdos|Discharge|p1a: Comfey\n|-damage|p1a: Comfey|66\/100 par\n|move|p1a: Comfey|Calm Mind|p1a: Comfey\n|-boost|p1a: Comfey|spa|1\n|-boost|p1a: Comfey|spd|1\n|\n|-heal|p1a: Comfey|72\/100 par|[from] item: Leftovers\n|upkeep\n|turn|23\n|\n|t:|1644000008\n|move|p1a: Comfey|Draining Kiss|p2a: Zapdos\n|-damage|p2a: Zapdos|52\/100\n|-heal|p1a: Comfey|100\/100 par|[from] drain|[of] p2a: Zapdos\n|move|p2a: Zapdos|Discharge|p1a: Comfey\n|-damage|p1a: Comfey|88\/100 par\n|\n|-heal|p1a: Comfey|94\/100 par|[from] item: Leftovers\n|upkeep\n|turn|24\n|\n|t:|1644000012\n|move|p2a: Zapdos|Discharge|p1a: Comfey\n|-damage|p1a: Comfey|80\/100 par\n|cant|p1a: Comfey|par\n|\n|-heal|p1a: Comfey|86\/100 par|[from] item: Leftovers\n|upkeep\n|turn|25\n|\n|t:|1644000017\n|move|p2a: Zapdos|Discharge|p1a: Comfey\n|-damage|p1a: Comfey|73\/100 par\n|move|p1a: Comfey|Calm Mind|p1a: Comfey\n|-boost|p1a: Comfey|spa|1\n|-boost|p1a: Comfey|spd|1\n|\n|-heal|p1a: Comfey|80\/100 par|[from] item: Leftovers\n|upkeep\n|turn|26\n|\n|t:|1644000020\n|move|p1a: Comfey|Draining Kiss|p2a: Zapdos\n|-damage|p2a: Zapdos|0 fnt\n|-heal|p1a: Comfey|100\/100 par|[from] drain|[of] p2a: Zapdos\n|faint|p2a: Zapdos\n|\n|upkeep\n|\n|t:|1644000022\n|switch|p2a: Garchomp|Garchomp, M|85\/100\n|turn|27\n|\n|t:|1644000026\n|move|p1a: Comfey|Draining Kiss|p2a: Garchomp\n|-supereffective|p2a: Garchomp\n|-damage|p2a: Garchomp|0 fnt\n|-damage|p1a: Comfey|88\/100 par|[from] ability: Rough Skin|[of] p2a: Garchomp\n|faint|p2a: Garchomp\n|\n|win|VirginJimmy99\n|raw|VirginJimmy99's rating: 1398 &rarr; <strong>1422<\/strong><br \/>(+24 for winning)\n|raw|Reiner_fcb's rating: 1460 &rarr; <strong>1436<\/strong><br \/>(-24 for losing)\n|c|\u2606VirginJimmy99|gg\n|l|\u2606Reiner_fcb\n||Ladder isn't responding, score probably updated but might not have (Request timeout).\n","uploadtime":1644000037,"views":13,"p1id":"virginjimmy99","p2id":"reinerfcb","formatid":"gen8ou","rating":1422,"private":0,"password":null}