{"id":"gen8battlefactory-1667165117","p1":"broked on bricks","p2":"ConcreteSchoolyard","format":"gen8battlefactory","log":"|j|\u2606broked on bricks\n|j|\u2606ConcreteSchoolyard\n|t:|1663490720\n|gametype|singles\n|player|p1|broked on bricks|will-gen2|1062\n|player|p2|ConcreteSchoolyard|102|1072\n|teamsize|p1|6\n|teamsize|p2|6\n|gen|8\n|tier|[Gen 8] Battle Factory\n|rated|\n|rule|Sleep Clause Mod: Limit one foe put to sleep\n|rule|Species Clause: Limit one of each Pok\u00e9mon\n|rule|OHKO Clause: OHKO moves are banned\n|rule|Evasion Items Clause: Evasion items are banned\n|rule|Evasion Moves Clause: Evasion moves are banned\n|rule|Endless Battle Clause: Forcing endless battles is banned\n|rule|HP Percentage Mod: HP is shown in percentages\n|rule|Dynamax Clause: You cannot dynamax\n|clearpoke\n|poke|p1|Doublade, M|\n|poke|p1|Clefairy, M|\n|poke|p1|Magneton|\n|poke|p1|Coalossal, F|\n|poke|p1|Uxie|\n|poke|p1|Centiskorch, M|\n|poke|p2|Togedemaru, M|\n|poke|p2|Tangela, F|\n|poke|p2|Garbodor, F|\n|poke|p2|Articuno-Galar|\n|poke|p2|Qwilfish, M|\n|poke|p2|Rotom|\n|teampreview\n|\n|t:|1663490736\n|start\n|switch|p1a: Centiskorch|Centiskorch, M|341\/341\n|switch|p2a: Togedemaru|Togedemaru, M|271\/271\n|turn|1\n|\n|t:|1663490745\n|move|p2a: Togedemaru|U-turn|p1a: Centiskorch\n|-resisted|p1a: Centiskorch\n|-damage|p1a: Centiskorch|295\/341\n|\n|t:|1663490748\n|switch|p2a: Garbodor|Garbodor, F|364\/364\n|move|p1a: Centiskorch|Knock Off|p2a: Garbodor\n|-damage|p2a: Garbodor|270\/364\n|-enditem|p2a: Garbodor|Black Sludge|[from] move: Knock Off|[of] p1a: Centiskorch\n|\n|upkeep\n|turn|2\n|inactive|Battle timer is ON: inactive players will automatically lose when time's up. (requested by broked on bricks)\n|\n|t:|1663490763\n|move|p1a: Centiskorch|Fire Lash|p2a: Garbodor\n|-damage|p2a: Garbodor|149\/364\n|-unboost|p2a: Garbodor|def|1\n|move|p2a: Garbodor|Stomping Tantrum|p1a: Centiskorch\n|-damage|p1a: Centiskorch|216\/341\n|\n|upkeep\n|turn|3\n|\n|t:|1663490773\n|switch|p2a: Qwilfish|Qwilfish, M|334\/334\n|-ability|p2a: Qwilfish|Intimidate|boost\n|-unboost|p1a: Centiskorch|atk|1\n|move|p1a: Centiskorch|Fire Lash|p2a: Qwilfish\n|-resisted|p2a: Qwilfish\n|-damage|p2a: Qwilfish|287\/334\n|-unboost|p2a: Qwilfish|def|1\n|\n|-heal|p2a: Qwilfish|307\/334|[from] item: Black Sludge\n|upkeep\n|turn|4\n|\n|t:|1663490780\n|switch|p1a: Doublade|Doublade, M|322\/322\n|move|p2a: Qwilfish|Waterfall|p1a: Doublade\n|-damage|p1a: Doublade|276\/322\n|\n|-heal|p2a: Qwilfish|327\/334|[from] item: Black Sludge\n|upkeep\n|turn|5\n|\n|t:|1663490794\n|move|p2a: Qwilfish|Taunt|p1a: Doublade\n|-start|p1a: Doublade|move: Taunt\n|move|p1a: Doublade|Shadow Claw|p2a: Qwilfish\n|-damage|p2a: Qwilfish|120\/334\n|\n|-heal|p2a: Qwilfish|140\/334|[from] item: Black Sludge\n|upkeep\n|turn|6\n|\n|t:|1663490802\n|switch|p2a: Garbodor|Garbodor, F|149\/364\n|move|p1a: Doublade|Shadow Claw|p2a: Garbodor\n|-damage|p2a: Garbodor|49\/364\n|\n|upkeep\n|turn|7\n|\n|t:|1663490807\n|switch|p2a: Tangela|Tangela, F|334\/334\n|move|p1a: Doublade|Shadow Sneak|p2a: Tangela\n|-damage|p2a: Tangela|306\/334\n|\n|-end|p1a: Doublade|move: Taunt\n|upkeep\n|turn|8\n|\n|t:|1663490820\n|switch|p1a: Centiskorch|Centiskorch, M|216\/341\n|move|p2a: Tangela|Sleep Powder|p1a: Centiskorch\n|-status|p1a: Centiskorch|slp|[from] move: Sleep Powder\n|\n|upkeep\n|turn|9\n|\n|t:|1663490834\n|switch|p1a: Magneton|Magneton|241\/241\n|move|p2a: Tangela|Knock Off|p1a: Magneton\n|-damage|p1a: Magneton|196\/241\n|-enditem|p1a: Magneton|Choice Specs|[from] move: Knock Off|[of] p2a: Tangela\n|\n|upkeep\n|turn|10\n|\n|t:|1663490840\n|switch|p2a: Togedemaru|Togedemaru, M|271\/271\n|move|p1a: Magneton|Tri Attack|p2a: Togedemaru\n|-resisted|p2a: Togedemaru\n|-damage|p2a: Togedemaru|213\/271\n|\n|upkeep\n|turn|11\n|\n|t:|1663490846\n|move|p2a: Togedemaru|Iron Head|p1a: Magneton\n|-resisted|p1a: Magneton\n|-damage|p1a: Magneton|165\/241\n|move|p1a: Magneton|Volt Switch|p2a: Togedemaru\n|-ability|p2a: Togedemaru|Lightning Rod|boost\n|-boost|p2a: Togedemaru|spa|1\n|\n|upkeep\n|turn|12\n|\n|t:|1663490855\n|move|p2a: Togedemaru|Iron Head|p1a: Magneton\n|-resisted|p1a: Magneton\n|-damage|p1a: Magneton|137\/241\n|cant|p1a: Magneton|flinch\n|\n|upkeep\n|turn|13\n|\n|t:|1663490858\n|move|p2a: Togedemaru|Iron Head|p1a: Magneton\n|-resisted|p1a: Magneton\n|-damage|p1a: Magneton|109\/241\n|cant|p1a: Magneton|flinch\n|\n|upkeep\n|turn|14\n|\n|t:|1663490861\n|move|p2a: Togedemaru|Iron Head|p1a: Magneton\n|-resisted|p1a: Magneton\n|-damage|p1a: Magneton|81\/241\n|move|p1a: Magneton|Tri Attack|p2a: Togedemaru\n|-resisted|p2a: Togedemaru\n|-damage|p2a: Togedemaru|154\/271\n|\n|upkeep\n|turn|15\n|\n|t:|1663490866\n|move|p2a: Togedemaru|Iron Head|p1a: Magneton\n|-resisted|p1a: Magneton\n|-damage|p1a: Magneton|51\/241\n|cant|p1a: Magneton|flinch\n|\n|upkeep\n|turn|16\n|\n|t:|1663490869\n|move|p2a: Togedemaru|Iron Head|p1a: Magneton\n|-resisted|p1a: Magneton\n|-damage|p1a: Magneton|21\/241\n|cant|p1a: Magneton|flinch\n|\n|upkeep\n|turn|17\n|c|\u2606broked on bricks|is this serene grace\n|\n|t:|1663490878\n|move|p2a: Togedemaru|Iron Head|p1a: Magneton\n|-resisted|p1a: Magneton\n|-damage|p1a: Magneton|0 fnt\n|faint|p1a: Magneton\n|\n|upkeep\n|\n|t:|1663490881\n|switch|p1a: Centiskorch|Centiskorch, M|216\/341 slp\n|turn|18\n|\n|t:|1663490884\n|switch|p2a: Qwilfish|Qwilfish, M|140\/334\n|-ability|p2a: Qwilfish|Intimidate|boost\n|-unboost|p1a: Centiskorch|atk|1\n|cant|p1a: Centiskorch|slp\n|\n|-heal|p2a: Qwilfish|160\/334|[from] item: Black Sludge\n|upkeep\n|turn|19\n|\n|t:|1663490892\n|switch|p1a: Doublade|Doublade, M|276\/322\n|move|p2a: Qwilfish|Waterfall|p1a: Doublade\n|-damage|p1a: Doublade|233\/322\n|\n|-heal|p2a: Qwilfish|180\/334|[from] item: Black Sludge\n|upkeep\n|turn|20\n|\n|t:|1663490906\n|switch|p2a: Tangela|Tangela, F|334\/334\n|move|p1a: Doublade|Shadow Claw|p2a: Tangela\n|-damage|p2a: Tangela|280\/334\n|\n|upkeep\n|turn|21\n|\n|t:|1663490910\n|switch|p1a: Centiskorch|Centiskorch, M|216\/341 slp\n|move|p2a: Tangela|Knock Off|p1a: Centiskorch\n|-damage|p1a: Centiskorch|161\/341 slp\n|-enditem|p1a: Centiskorch|Heavy-Duty Boots|[from] move: Knock Off|[of] p2a: Tangela\n|\n|upkeep\n|turn|22\n|\n|t:|1663490917\n|switch|p2a: Qwilfish|Qwilfish, M|180\/334\n|-ability|p2a: Qwilfish|Intimidate|boost\n|-unboost|p1a: Centiskorch|atk|1\n|-curestatus|p1a: Centiskorch|slp|[msg]\n|move|p1a: Centiskorch|Fire Lash|p2a: Qwilfish\n|-resisted|p2a: Qwilfish\n|-damage|p2a: Qwilfish|131\/334\n|-unboost|p2a: Qwilfish|def|1\n|\n|-heal|p2a: Qwilfish|151\/334|[from] item: Black Sludge\n|upkeep\n|turn|23\n|\n|t:|1663490928\n|switch|p2a: Togedemaru|Togedemaru, M|154\/271\n|switch|p1a: Doublade|Doublade, M|233\/322\n|\n|upkeep\n|turn|24\n|\n|t:|1663490936\n|move|p2a: Togedemaru|U-turn|p1a: Doublade\n|-resisted|p1a: Doublade\n|-damage|p1a: Doublade|225\/322\n|\n|t:|1663490940\n|switch|p2a: Tangela|Tangela, F|334\/334\n|move|p1a: Doublade|Swords Dance|p1a: Doublade\n|-boost|p1a: Doublade|atk|2\n|\n|upkeep\n|turn|25\n|\n|t:|1663490944\n|switch|p1a: Centiskorch|Centiskorch, M|161\/341\n|move|p2a: Tangela|Sleep Powder|p1a: Centiskorch\n|-status|p1a: Centiskorch|slp|[from] move: Sleep Powder\n|\n|upkeep\n|turn|26\n|\n|t:|1663490949\n|switch|p1a: Coalossal|Coalossal, F|424\/424\n|move|p2a: Tangela|Knock Off|p1a: Coalossal\n|-damage|p1a: Coalossal|386\/424\n|-status|p2a: Tangela|brn|[from] ability: Flame Body|[of] p1a: Coalossal\n|-enditem|p1a: Coalossal|Heavy-Duty Boots|[from] move: Knock Off|[of] p2a: Tangela\n|\n|-damage|p2a: Tangela|314\/334 brn|[from] brn\n|upkeep\n|turn|27\n|\n|t:|1663490959\n|switch|p2a: Qwilfish|Qwilfish, M|151\/334\n|-ability|p2a: Qwilfish|Intimidate|boost\n|-unboost|p1a: Coalossal|atk|1\n|move|p1a: Coalossal|Spikes|p2a: Qwilfish\n|-sidestart|p2: ConcreteSchoolyard|Spikes\n|\n|-heal|p2a: Qwilfish|171\/334|[from] item: Black Sludge\n|upkeep\n|turn|28\n|\n|t:|1663490965\n|switch|p1a: Centiskorch|Centiskorch, M|161\/341 slp\n|move|p2a: Qwilfish|Spikes|p1a: Centiskorch\n|-sidestart|p1: broked on bricks|Spikes\n|\n|-heal|p2a: Qwilfish|191\/334|[from] item: Black Sludge\n|upkeep\n|turn|29\n|\n|t:|1663490968\n|move|p2a: Qwilfish|Spikes|p1a: Centiskorch\n|-sidestart|p1: broked on bricks|Spikes\n|cant|p1a: Centiskorch|slp\n|\n|-heal|p2a: Qwilfish|211\/334|[from] item: Black Sludge\n|upkeep\n|turn|30\n|\n|t:|1663490972\n|move|p2a: Qwilfish|Waterfall|p1a: Centiskorch\n|-supereffective|p1a: Centiskorch\n|-damage|p1a: Centiskorch|0 fnt\n|faint|p1a: Centiskorch\n|\n|-heal|p2a: Qwilfish|231\/334|[from] item: Black Sludge\n|upkeep\n|\n|t:|1663490985\n|switch|p1a: Clefairy|Clefairy, M|344\/344\n|turn|31\n|\n|t:|1663490989\n|move|p2a: Qwilfish|Taunt|p1a: Clefairy\n|-start|p1a: Clefairy|move: Taunt\n|move|p1a: Clefairy|Knock Off|p2a: Qwilfish\n|-damage|p2a: Qwilfish|190\/334\n|-enditem|p2a: Qwilfish|Black Sludge|[from] move: Knock Off|[of] p1a: Clefairy\n|\n|upkeep\n|turn|32\n|\n|t:|1663490994\n|switch|p2a: Togedemaru|Togedemaru, M|154\/271\n|-damage|p2a: Togedemaru|121\/271|[from] Spikes\n|move|p1a: Clefairy|Moonblast|p2a: Togedemaru\n|-resisted|p2a: Togedemaru\n|-crit|p2a: Togedemaru\n|-damage|p2a: Togedemaru|44\/271\n|-unboost|p2a: Togedemaru|spa|1\n|\n|upkeep\n|turn|33\n|\n|t:|1663490999\n|switch|p1a: Coalossal|Coalossal, F|386\/424\n|-damage|p1a: Coalossal|316\/424|[from] Spikes\n|move|p2a: Togedemaru|Iron Head|p1a: Coalossal\n|-damage|p1a: Coalossal|223\/424\n|\n|upkeep\n|turn|34\n|\n|t:|1663491008\n|move|p2a: Togedemaru|Iron Head|p1a: Coalossal\n|-damage|p1a: Coalossal|118\/424\n|move|p1a: Coalossal|Rock Blast|p2a: Togedemaru\n|-resisted|p2a: Togedemaru\n|-damage|p2a: Togedemaru|24\/271\n|-resisted|p2a: Togedemaru\n|-damage|p2a: Togedemaru|6\/271\n|-resisted|p2a: Togedemaru\n|-damage|p2a: Togedemaru|0 fnt\n|faint|p2a: Togedemaru\n|-hitcount|p2: Togedemaru|3\n|\n|upkeep\n|\n|t:|1663491014\n|switch|p2a: Garbodor|Garbodor, F|49\/364\n|-damage|p2a: Garbodor|4\/364|[from] Spikes\n|turn|35\n|\n|t:|1663491019\n|switch|p1a: Uxie|Uxie|354\/354\n|move|p2a: Garbodor|Stomping Tantrum|p1a: Uxie\n|-immune|p1a: Uxie|[from] ability: Levitate\n|\n|upkeep\n|turn|36\n|\n|t:|1663491024\n|move|p1a: Uxie|Calm Mind|p1a: Uxie\n|-boost|p1a: Uxie|spa|1\n|-boost|p1a: Uxie|spd|1\n|move|p2a: Garbodor|Spikes|p1a: Uxie\n|-sidestart|p1: broked on bricks|Spikes\n|\n|upkeep\n|turn|37\n|\n|t:|1663491027\n|move|p1a: Uxie|Calm Mind|p1a: Uxie\n|-boost|p1a: Uxie|spa|1\n|-boost|p1a: Uxie|spd|1\n|move|p2a: Garbodor|Toxic Spikes|p1a: Uxie\n|-sidestart|p1: broked on bricks|move: Toxic Spikes\n|\n|upkeep\n|turn|38\n|\n|t:|1663491030\n|move|p1a: Uxie|Calm Mind|p1a: Uxie\n|-boost|p1a: Uxie|spa|1\n|-boost|p1a: Uxie|spd|1\n|move|p2a: Garbodor|Toxic Spikes|p1a: Uxie\n|-sidestart|p1: broked on bricks|move: Toxic Spikes\n|\n|upkeep\n|turn|39\n|\n|t:|1663491044\n|move|p1a: Uxie|Stored Power|p2a: Garbodor\n|-supereffective|p2a: Garbodor\n|-damage|p2a: Garbodor|0 fnt\n|faint|p2a: Garbodor\n|\n|upkeep\n|\n|t:|1663491047\n|switch|p2a: Articuno|Articuno-Galar|321\/321\n|turn|40\n|\n|t:|1663491052\n|move|p2a: Articuno|Shadow Ball|p1a: Uxie\n|-supereffective|p1a: Uxie\n|-damage|p1a: Uxie|262\/354\n|move|p1a: Uxie|Draining Kiss|p2a: Articuno\n|-damage|p2a: Articuno|239\/321\n|-heal|p1a: Uxie|324\/354|[from] drain|[of] p2a: Articuno\n|\n|upkeep\n|turn|41\n|\n|t:|1663491058\n|move|p2a: Articuno|Shadow Ball|p1a: Uxie\n|-supereffective|p1a: Uxie\n|-damage|p1a: Uxie|234\/354\n|move|p1a: Uxie|Draining Kiss|p2a: Articuno\n|-damage|p2a: Articuno|159\/321\n|-heal|p1a: Uxie|294\/354|[from] drain|[of] p2a: Articuno\n|\n|upkeep\n|turn|42\n|\n|t:|1663491060\n|move|p2a: Articuno|Shadow Ball|p1a: Uxie\n|-supereffective|p1a: Uxie\n|-damage|p1a: Uxie|206\/354\n|move|p1a: Uxie|Draining Kiss|p2a: Articuno\n|-damage|p2a: Articuno|82\/321\n|-heal|p1a: Uxie|264\/354|[from] drain|[of] p2a: Articuno\n|\n|upkeep\n|turn|43\n|\n|t:|1663491063\n|move|p2a: Articuno|Shadow Ball|p1a: Uxie\n|-supereffective|p1a: Uxie\n|-damage|p1a: Uxie|176\/354\n|move|p1a: Uxie|Draining Kiss|p2a: Articuno\n|-damage|p2a: Articuno|9\/321\n|-heal|p1a: Uxie|231\/354|[from] drain|[of] p2a: Articuno\n|\n|upkeep\n|turn|44\n|\n|t:|1663491066\n|move|p2a: Articuno|Shadow Ball|p1a: Uxie\n|-supereffective|p1a: Uxie\n|-damage|p1a: Uxie|135\/354\n|-unboost|p1a: Uxie|spd|1\n|move|p1a: Uxie|Draining Kiss|p2a: Articuno\n|-damage|p2a: Articuno|0 fnt\n|-heal|p1a: Uxie|142\/354|[from] drain|[of] p2a: Articuno\n|faint|p2a: Articuno\n|\n|upkeep\n|\n|t:|1663491070\n|switch|p2a: Rotom|Rotom|241\/241\n|turn|45\n|\n|t:|1663491073\n|move|p2a: Rotom|Shadow Ball|p1a: Uxie\n|-supereffective|p1a: Uxie\n|-damage|p1a: Uxie|56\/354\n|move|p1a: Uxie|Draining Kiss|p2a: Rotom\n|-damage|p2a: Rotom|137\/241\n|-heal|p1a: Uxie|134\/354|[from] drain|[of] p2a: Rotom\n|\n|upkeep\n|turn|46\n|\n|t:|1663491087\n|move|p2a: Rotom|Shadow Ball|p1a: Uxie\n|-supereffective|p1a: Uxie\n|-damage|p1a: Uxie|44\/354\n|move|p1a: Uxie|Draining Kiss|p2a: Rotom\n|-damage|p2a: Rotom|35\/241\n|-heal|p1a: Uxie|121\/354|[from] drain|[of] p2a: Rotom\n|\n|upkeep\n|turn|47\n|\n|t:|1663491091\n|move|p2a: Rotom|Shadow Ball|p1a: Uxie\n|-supereffective|p1a: Uxie\n|-damage|p1a: Uxie|31\/354\n|move|p1a: Uxie|Draining Kiss|p2a: Rotom\n|-damage|p2a: Rotom|0 fnt\n|-heal|p1a: Uxie|57\/354|[from] drain|[of] p2a: Rotom\n|faint|p2a: Rotom\n|\n|upkeep\n|\n|t:|1663491095\n|switch|p2a: Tangela|Tangela, F|334\/334 brn\n|-damage|p2a: Tangela|293\/334 brn|[from] Spikes\n|turn|48\n|\n|t:|1663491097\n|move|p1a: Uxie|Draining Kiss|p2a: Tangela\n|-damage|p2a: Tangela|192\/334 brn\n|-heal|p1a: Uxie|133\/354|[from] drain|[of] p2a: Tangela\n|move|p2a: Tangela|Sleep Powder|p1a: Uxie\n|-status|p1a: Uxie|slp|[from] move: Sleep Powder\n|\n|-damage|p2a: Tangela|172\/334 brn|[from] brn\n|upkeep\n|turn|49\n|\n|t:|1663491100\n|cant|p1a: Uxie|slp\n|move|p2a: Tangela|Knock Off|p1a: Uxie\n|-supereffective|p1a: Uxie\n|-damage|p1a: Uxie|109\/354 slp\n|-enditem|p1a: Uxie|Kee Berry|[from] move: Knock Off|[of] p2a: Tangela\n|\n|-damage|p2a: Tangela|152\/334 brn|[from] brn\n|upkeep\n|turn|50\n|\n|t:|1663491103\n|cant|p1a: Uxie|slp\n|move|p2a: Tangela|Knock Off|p1a: Uxie\n|-supereffective|p1a: Uxie\n|-damage|p1a: Uxie|92\/354 slp\n|\n|-damage|p2a: Tangela|132\/334 brn|[from] brn\n|upkeep\n|turn|51\n|\n|t:|1663491106\n|-curestatus|p1a: Uxie|slp|[msg]\n|move|p1a: Uxie|Draining Kiss|p2a: Tangela\n|-damage|p2a: Tangela|32\/334 brn\n|-heal|p1a: Uxie|167\/354|[from] drain|[of] p2a: Tangela\n|move|p2a: Tangela|Knock Off|p1a: Uxie\n|-supereffective|p1a: Uxie\n|-damage|p1a: Uxie|148\/354\n|\n|-damage|p2a: Tangela|12\/334 brn|[from] brn\n|upkeep\n|turn|52\n|\n|t:|1663491108\n|move|p1a: Uxie|Draining Kiss|p2a: Tangela\n|-damage|p2a: Tangela|0 fnt\n|-heal|p1a: Uxie|157\/354|[from] drain|[of] p2a: Tangela\n|faint|p2a: Tangela\n|\n|upkeep\n|\n|t:|1663491110\n|switch|p2a: Qwilfish|Qwilfish, M|190\/334\n|-damage|p2a: Qwilfish|149\/334|[from] Spikes\n|-ability|p2a: Qwilfish|Intimidate|boost\n|-unboost|p1a: Uxie|atk|1\n|turn|53\n|\n|t:|1663491112\n|move|p2a: Qwilfish|Waterfall|p1a: Uxie\n|-damage|p1a: Uxie|103\/354\n|cant|p1a: Uxie|flinch\n|\n|upkeep\n|turn|54\n|\n|t:|1663491115\n|move|p2a: Qwilfish|Waterfall|p1a: Uxie\n|-damage|p1a: Uxie|46\/354\n|move|p1a: Uxie|Stored Power|p2a: Qwilfish\n|-supereffective|p2a: Qwilfish\n|-damage|p2a: Qwilfish|0 fnt\n|faint|p2a: Qwilfish\n|\n|win|broked on bricks\n|raw|broked on bricks's rating: 1062 &rarr; <strong>1094<\/strong><br \/>(+32 for winning)\n|raw|ConcreteSchoolyard's rating: 1072 &rarr; <strong>1051<\/strong><br \/>(-21 for losing)\n|c|\u2606broked on bricks|gg\n|l|\u2606ConcreteSchoolyard\n","uploadtime":1663491122,"views":17,"p1id":"brokedonbricks","p2id":"concreteschoolyard","formatid":"gen8battlefactory","rating":1051,"private":0,"password":null}