{"id":"gen8ou-1496091903","p1":"Del chef","p2":"herso","format":"gen8ou","log":"|j|\u2606Del chef\n|j|\u2606herso\n|t:|1642819650\n|gametype|singles\n|player|p1|Del chef|bugcatcher-gen4dp|1525\n|player|p2|herso|lance|1480\n|teamsize|p1|6\n|teamsize|p2|6\n|gen|8\n|tier|[Gen 8] OU\n|rated|\n|rule|Sleep Clause Mod: Limit one foe put to sleep\n|rule|Species Clause: Limit one of each Pok\u00e9mon\n|rule|OHKO Clause: OHKO moves are banned\n|rule|Evasion Moves Clause: Evasion moves are banned\n|rule|Endless Battle Clause: Forcing endless battles is banned\n|rule|HP Percentage Mod: HP is shown in percentages\n|rule|Dynamax Clause: You cannot dynamax\n|clearpoke\n|poke|p1|Garchomp, M|\n|poke|p1|Hippowdon, F|\n|poke|p1|Aegislash, F|\n|poke|p1|Corviknight, M|\n|poke|p1|Suicune|\n|poke|p1|Tapu Koko|\n|poke|p2|Dragapult, F|\n|poke|p2|Metagross|\n|poke|p2|Quagsire, M|\n|poke|p2|Blissey, F|\n|poke|p2|Volcarona, F|\n|poke|p2|Mew|\n|teampreview\n|\n|t:|1642819662\n|start\n|switch|p1a: Aegislash|Aegislash, F|100\/100\n|switch|p2a: Samba|Volcarona, F, shiny|100\/100\n|turn|1\n|\n|t:|1642819667\n|switch|p1a: Hippowdon|Hippowdon, F|100\/100\n|-weather|Sandstorm|[from] ability: Sand Stream|[of] p1a: Hippowdon\n|move|p2a: Samba|Quiver Dance|p2a: Samba\n|-boost|p2a: Samba|spa|1\n|-boost|p2a: Samba|spd|1\n|-boost|p2a: Samba|spe|1\n|\n|-weather|Sandstorm|[upkeep]\n|-damage|p2a: Samba|94\/100|[from] Sandstorm\n|upkeep\n|turn|2\n|\n|t:|1642819671\n|move|p2a: Samba|Giga Drain|p1a: Hippowdon\n|-supereffective|p1a: Hippowdon\n|-damage|p1a: Hippowdon|40\/100\n|-heal|p2a: Samba|100\/100|[from] drain|[of] p1a: Hippowdon\n|move|p1a: Hippowdon|Toxic|p2a: Samba\n|-status|p2a: Samba|tox\n|\n|-weather|Sandstorm|[upkeep]\n|-damage|p2a: Samba|94\/100 tox|[from] Sandstorm\n|-heal|p1a: Hippowdon|46\/100|[from] item: Leftovers\n|-damage|p2a: Samba|88\/100 tox|[from] psn\n|upkeep\n|turn|3\n|\n|t:|1642819681\n|switch|p1a: Corviknight|Corviknight, M|100\/100\n|-ability|p1a: Corviknight|Pressure\n|move|p2a: Samba|Fiery Dance|p1a: Corviknight\n|-supereffective|p1a: Corviknight\n|-damage|p1a: Corviknight|0 fnt\n|-boost|p2a: Samba|spa|1\n|faint|p1a: Corviknight\n|\n|-weather|Sandstorm|[upkeep]\n|-damage|p2a: Samba|82\/100 tox|[from] Sandstorm\n|-damage|p2a: Samba|70\/100 tox|[from] psn\n|upkeep\n|\n|t:|1642819687\n|switch|p1a: Suicune|Suicune|100\/100\n|-ability|p1a: Suicune|Pressure\n|turn|4\n|\n|t:|1642819689\n|move|p1a: Suicune|Protect|p1a: Suicune\n|-singleturn|p1a: Suicune|Protect\n|move|p2a: Samba|Giga Drain|p1a: Suicune\n|-activate|p1a: Suicune|move: Protect\n|\n|-weather|Sandstorm|[upkeep]\n|-damage|p2a: Samba|64\/100 tox|[from] Sandstorm\n|-damage|p1a: Suicune|94\/100|[from] Sandstorm\n|-heal|p1a: Suicune|100\/100|[from] item: Leftovers\n|-damage|p2a: Samba|46\/100 tox|[from] psn\n|upkeep\n|turn|5\n|\n|t:|1642819692\n|switch|p1a: Aegislash|Aegislash, F|100\/100\n|move|p2a: Samba|Giga Drain|p1a: Aegislash\n|-resisted|p1a: Aegislash\n|-damage|p1a: Aegislash|76\/100\n|-heal|p2a: Samba|56\/100 tox|[from] drain|[of] p1a: Aegislash\n|\n|-weather|none\n|-damage|p2a: Samba|31\/100 tox|[from] psn\n|upkeep\n|turn|6\n|\n|t:|1642819696\n|switch|p1a: Suicune|Suicune|100\/100\n|-ability|p1a: Suicune|Pressure\n|move|p2a: Samba|Fiery Dance|p1a: Suicune\n|-resisted|p1a: Suicune\n|-damage|p1a: Suicune|71\/100\n|\n|-heal|p1a: Suicune|77\/100|[from] item: Leftovers\n|-damage|p2a: Samba|1\/100 tox|[from] psn\n|upkeep\n|turn|7\n|\n|t:|1642819706\n|switch|p2a: Pop|Blissey, F, shiny|100\/100\n|move|p1a: Suicune|Protect||[still]\n|-fail|p1a: Suicune\n|\n|-heal|p1a: Suicune|84\/100|[from] item: Leftovers\n|upkeep\n|turn|8\n|\n|t:|1642819713\n|move|p1a: Suicune|Substitute|p1a: Suicune\n|-start|p1a: Suicune|Substitute\n|-damage|p1a: Suicune|59\/100\n|move|p2a: Pop|Aromatherapy|p2a: Pop\n|-activate|p2a: Pop|move: Aromatherapy\n|-curestatus|p2: Samba|tox|[msg]\n|\n|-heal|p1a: Suicune|65\/100|[from] item: Leftovers\n|upkeep\n|turn|9\n|\n|t:|1642819723\n|switch|p2a: Reggae|Dragapult, F|100\/100\n|move|p1a: Suicune|Calm Mind|p1a: Suicune\n|-boost|p1a: Suicune|spa|1\n|-boost|p1a: Suicune|spd|1\n|\n|-heal|p1a: Suicune|71\/100|[from] item: Leftovers\n|upkeep\n|turn|10\n|\n|t:|1642819728\n|move|p1a: Suicune|Protect|p1a: Suicune\n|-singleturn|p1a: Suicune|Protect\n|move|p2a: Reggae|Dragon Dance|p2a: Reggae\n|-boost|p2a: Reggae|atk|1\n|-boost|p2a: Reggae|spe|1\n|\n|-heal|p1a: Suicune|77\/100|[from] item: Leftovers\n|upkeep\n|turn|11\n|\n|t:|1642819735\n|move|p2a: Reggae|Substitute|p2a: Reggae\n|-start|p2a: Reggae|Substitute\n|-damage|p2a: Reggae|76\/100\n|move|p1a: Suicune|Scald|p2a: Reggae\n|-resisted|p2a: Reggae\n|-end|p2a: Reggae|Substitute\n|\n|-heal|p2a: Reggae|82\/100|[from] item: Leftovers\n|-heal|p1a: Suicune|83\/100|[from] item: Leftovers\n|upkeep\n|turn|12\n|\n|t:|1642819743\n|move|p2a: Reggae|Phantom Force||[still]\n|-prepare|p2a: Reggae|Phantom Force\n|move|p1a: Suicune|Scald|p2a: Reggae|[miss]\n|-miss|p1a: Suicune|p2a: Reggae\n|\n|-heal|p2a: Reggae|88\/100|[from] item: Leftovers\n|-heal|p1a: Suicune|90\/100|[from] item: Leftovers\n|upkeep\n|turn|13\n|\n|t:|1642819746\n|move|p2a: Reggae|Phantom Force|p1a: Suicune|[from]lockedmove\n|-damage|p1a: Suicune|33\/100\n|move|p1a: Suicune|Scald|p2a: Reggae\n|-resisted|p2a: Reggae\n|-damage|p2a: Reggae|62\/100\n|\n|-heal|p2a: Reggae|68\/100|[from] item: Leftovers\n|-heal|p1a: Suicune|39\/100|[from] item: Leftovers\n|upkeep\n|turn|14\n|\n|t:|1642819759\n|move|p1a: Suicune|Protect|p1a: Suicune\n|-singleturn|p1a: Suicune|Protect\n|move|p2a: Reggae|Dragon Darts|p1a: Suicune\n|-activate|p1a: Suicune|move: Protect\n|\n|-heal|p2a: Reggae|74\/100|[from] item: Leftovers\n|-heal|p1a: Suicune|46\/100|[from] item: Leftovers\n|upkeep\n|turn|15\n|\n|t:|1642819765\n|switch|p1a: Tapu Koko|Tapu Koko|100\/100\n|-fieldstart|move: Electric Terrain|[from] ability: Electric Surge|[of] p1a: Tapu Koko\n|move|p2a: Reggae|Dragon Darts|p1a: Tapu Koko\n|-immune|p1a: Tapu Koko\n|\n|-heal|p2a: Reggae|80\/100|[from] item: Leftovers\n|upkeep\n|turn|16\n|\n|t:|1642819770\n|switch|p1a: Garchomp|Garchomp, M|100\/100\n|move|p2a: Reggae|Substitute|p2a: Reggae\n|-start|p2a: Reggae|Substitute\n|-damage|p2a: Reggae|55\/100\n|\n|-heal|p2a: Reggae|61\/100|[from] item: Leftovers\n|upkeep\n|turn|17\n|\n|t:|1642819778\n|switch|p1a: Hippowdon|Hippowdon, F|46\/100\n|-weather|Sandstorm|[from] ability: Sand Stream|[of] p1a: Hippowdon\n|move|p2a: Reggae|Dragon Darts|p1a: Hippowdon\n|-damage|p1a: Hippowdon|15\/100\n|-anim|p2a: Reggae|Dragon Darts|p1a: Hippowdon\n|-damage|p1a: Hippowdon|0 fnt\n|faint|p1a: Hippowdon\n|\n|-weather|Sandstorm|[upkeep]\n|-damage|p2a: Reggae|55\/100|[from] Sandstorm\n|-heal|p2a: Reggae|61\/100|[from] item: Leftovers\n|upkeep\n|-message|Del chef forfeited.\n|\n|win|herso\n|raw|Del chef's rating: 1548 &rarr; <strong>1524<\/strong><br \/>(-24 for losing)\n|raw|herso's rating: 1480 &rarr; <strong>1504<\/strong><br \/>(+24 for winning)\n|l|\u2606Del chef\n","uploadtime":1642819800,"views":12,"p1id":"delchef","p2id":"herso","formatid":"gen8ou","rating":1504,"private":0,"password":null}