{"id":"gen8ou-1677894973","p1":"Darkman64","p2":"Setup-bait","format":"gen8ou","log":"|j|\u2606Darkman64\n|j|\u2606Setup-bait\n|t:|1664935246\n|gametype|singles\n|player|p1|Darkman64|juan|1729\n|player|p2|Setup-bait|170|1599\n|teamsize|p1|6\n|teamsize|p2|6\n|gen|8\n|tier|[Gen 8] OU\n|rated|\n|rule|Sleep Clause Mod: Limit one foe put to sleep\n|rule|Species Clause: Limit one of each Pok\u00e9mon\n|rule|OHKO Clause: OHKO moves are banned\n|rule|Evasion Items Clause: Evasion items are banned\n|rule|Evasion Moves Clause: Evasion moves are banned\n|rule|Endless Battle Clause: Forcing endless battles is banned\n|rule|HP Percentage Mod: HP is shown in percentages\n|rule|Dynamax Clause: You cannot dynamax\n|clearpoke\n|poke|p1|Weavile, M|\n|poke|p1|Slowbro, M|\n|poke|p1|Landorus-Therian, M|\n|poke|p1|Urshifu-*, M|\n|poke|p1|Ferrothorn, F|\n|poke|p1|Clefable, M|\n|poke|p2|Tapu Koko|\n|poke|p2|Rillaboom, M|\n|poke|p2|Heatran, M|\n|poke|p2|Mew|\n|poke|p2|Landorus-Therian, M|\n|poke|p2|Urshifu-*, F|\n|teampreview\n|inactive|Battle timer is ON: inactive players will automatically lose when time's up. (requested by Darkman64)\n|inactive|Setup-bait has 120 seconds left.\n|\n|t:|1664935284\n|start\n|switch|p1a: Weavile|Weavile, M|100\/100\n|switch|p2a: Landorus|Landorus-Therian, M|100\/100\n|-ability|p1a: Weavile|Pressure\n|-ability|p2a: Landorus|Intimidate|boost\n|-unboost|p1a: Weavile|atk|1\n|turn|1\n|\n|t:|1664935288\n|move|p1a: Weavile|Knock Off|p2a: Landorus\n|-damage|p2a: Landorus|55\/100\n|-enditem|p2a: Landorus|Leftovers|[from] move: Knock Off|[of] p1a: Weavile\n|move|p2a: Landorus|Stealth Rock|p1a: Weavile\n|-sidestart|p1: Darkman64|move: Stealth Rock\n|\n|upkeep\n|turn|2\n|\n|t:|1664935293\n|switch|p1a: Landorus|Landorus-Therian, M|100\/100\n|-damage|p1a: Landorus|88\/100|[from] Stealth Rock\n|-ability|p1a: Landorus|Intimidate|boost\n|-unboost|p2a: Landorus|atk|1\n|switch|p2a: Urshifu|Urshifu-Rapid-Strike, F|100\/100\n|\n|-heal|p1a: Landorus|94\/100|[from] item: Leftovers\n|upkeep\n|turn|3\n|\n|t:|1664935298\n|switch|p1a: Slowbro|Slowbro, M|100\/100\n|move|p2a: Urshifu|Ice Punch|p1a: Slowbro\n|-resisted|p1a: Slowbro\n|-damage|p1a: Slowbro|92\/100\n|\n|upkeep\n|turn|4\n|\n|t:|1664935305\n|switch|p2a: Tapu Koko|Tapu Koko|100\/100\n|-fieldstart|move: Electric Terrain|[from] ability: Electric Surge|[of] p2a: Tapu Koko\n|move|p1a: Slowbro|Future Sight|p2a: Tapu Koko\n|-start|p1a: Slowbro|move: Future Sight\n|\n|upkeep\n|turn|5\n|\n|t:|1664935309\n|switch|p2a: Mew|Mew|100\/100\n|switch|p1a: Ferrothorn|Ferrothorn, F|100\/100\n|-damage|p1a: Ferrothorn|94\/100|[from] Stealth Rock\n|\n|-heal|p1a: Ferrothorn|100\/100|[from] item: Leftovers\n|upkeep\n|turn|6\n|\n|t:|1664935313\n|move|p2a: Mew|Infestation|p1a: Ferrothorn\n|-damage|p1a: Ferrothorn|97\/100\n|-activate|p1a: Ferrothorn|move: Infestation|[of] p2a: Mew\n|-damage|p2a: Mew|88\/100|[from] ability: Iron Barbs|[of] p1a: Ferrothorn\n|move|p1a: Ferrothorn|Knock Off|p2a: Mew\n|-supereffective|p2a: Mew\n|-damage|p2a: Mew|50\/100\n|-enditem|p2a: Mew|Leftovers|[from] move: Knock Off|[of] p1a: Ferrothorn\n|\n|-end|p2a: Mew|move: Future Sight\n|-resisted|p2a: Mew\n|-damage|p2a: Mew|32\/100\n|-heal|p1a: Ferrothorn|100\/100|[from] item: Leftovers\n|-damage|p1a: Ferrothorn|88\/100|[from] move: Infestation|[partiallytrapped]\n|upkeep\n|turn|7\n|\n|t:|1664935325\n|move|p2a: Mew|Imprison|p2a: Mew\n|-start|p2a: Mew|move: Imprison\n|move|p1a: Ferrothorn|Knock Off|p2a: Mew\n|-supereffective|p2a: Mew\n|-damage|p2a: Mew|8\/100\n|\n|-heal|p1a: Ferrothorn|94\/100|[from] item: Leftovers\n|-damage|p1a: Ferrothorn|82\/100|[from] move: Infestation|[partiallytrapped]\n|upkeep\n|turn|8\n|\n|t:|1664935328\n|move|p2a: Mew|Transform|p1a: Ferrothorn\n|-transform|p2a: Mew|p1a: Ferrothorn\n|cant|p1a: Ferrothorn|move: Imprison|Knock Off\n|\n|-heal|p1a: Ferrothorn|88\/100|[from] item: Leftovers\n|-damage|p1a: Ferrothorn|75\/100|[from] move: Infestation|[partiallytrapped]\n|-fieldend|move: Electric Terrain\n|upkeep\n|turn|9\n|\n|t:|1664935333\n|move|p2a: Mew|Spikes|p1a: Ferrothorn\n|-sidestart|p1: Darkman64|Spikes\n|-activate|p1a: Ferrothorn|move: Struggle\n|move|p1a: Ferrothorn|Struggle|p2a: Mew\n|-damage|p2a: Mew|2\/100\n|-damage|p1a: Ferrothorn|63\/100|[from] ability: Iron Barbs|[of] p2a: Mew\n|-damage|p1a: Ferrothorn|38\/100|[from] recoil\n|\n|-heal|p1a: Ferrothorn|44\/100|[from] item: Leftovers\n|-damage|p1a: Ferrothorn|32\/100|[from] move: Infestation|[partiallytrapped]\n|upkeep\n|turn|10\n|\n|t:|1664935337\n|move|p2a: Mew|Spikes|p1a: Ferrothorn\n|-sidestart|p1: Darkman64|Spikes\n|-activate|p1a: Ferrothorn|move: Struggle\n|move|p1a: Ferrothorn|Struggle|p2a: Mew\n|-damage|p2a: Mew|0 fnt\n|-damage|p1a: Ferrothorn|19\/100|[from] ability: Iron Barbs|[of] p2a: Mew\n|faint|p2a: Mew\n|-damage|p1a: Ferrothorn|0 fnt|[from] recoil\n|faint|p1a: Ferrothorn\n|\n|upkeep\n|\n|t:|1664935351\n|switch|p2a: Rillaboom|Rillaboom, M|100\/100\n|switch|p1a: Slowbro|Slowbro, M|100\/100\n|-fieldstart|move: Grassy Terrain|[from] ability: Grassy Surge|[of] p2a: Rillaboom\n|turn|11\n|\n|t:|1664935362\n|switch|p1a: Weavile|Weavile, M|100\/100\n|-damage|p1a: Weavile|76\/100|[from] Stealth Rock\n|-damage|p1a: Weavile|59\/100|[from] Spikes\n|-ability|p1a: Weavile|Pressure\n|move|p2a: Rillaboom|Wood Hammer|p1a: Weavile\n|-damage|p1a: Weavile|0 fnt\n|faint|p1a: Weavile\n|-damage|p2a: Rillaboom|85\/100|[from] Recoil\n|-damage|p2a: Rillaboom|75\/100|[from] item: Life Orb\n|\n|-heal|p2a: Rillaboom|81\/100|[from] Grassy Terrain\n|upkeep\n|\n|t:|1664935364\n|switch|p1a: Landorus|Landorus-Therian, M|94\/100\n|-damage|p1a: Landorus|82\/100|[from] Stealth Rock\n|-ability|p1a: Landorus|Intimidate|boost\n|-unboost|p2a: Rillaboom|atk|1\n|turn|12\n|\n|t:|1664935366\n|move|p2a: Rillaboom|Wood Hammer|p1a: Landorus\n|-damage|p1a: Landorus|9\/100\n|-damage|p2a: Rillaboom|54\/100|[from] Recoil\n|-damage|p2a: Rillaboom|44\/100|[from] item: Life Orb\n|move|p1a: Landorus|Defog|p2a: Rillaboom\n|-unboost|p2a: Rillaboom|evasion|1\n|-sideend|p1: Darkman64|Spikes|[from] move: Defog|[of] p1a: Landorus\n|-sideend|p1: Darkman64|Stealth Rock|[from] move: Defog|[of] p1a: Landorus\n|-fieldend|move: Grassy Terrain\n|\n|-heal|p1a: Landorus|15\/100|[from] item: Leftovers\n|upkeep\n|turn|13\n|\n|t:|1664935371\n|switch|p1a: Clefable|Clefable, M|100\/100\n|move|p2a: Rillaboom|Wood Hammer|p1a: Clefable\n|-damage|p1a: Clefable|35\/100\n|-damage|p2a: Rillaboom|19\/100|[from] Recoil\n|-damage|p2a: Rillaboom|9\/100|[from] item: Life Orb\n|\n|-heal|p1a: Clefable|41\/100|[from] item: Leftovers\n|upkeep\n|turn|14\n|\n|t:|1664935377\n|switch|p2a: Landorus|Landorus-Therian, M|55\/100\n|-ability|p2a: Landorus|Intimidate|boost\n|-unboost|p1a: Clefable|atk|1\n|move|p1a: Clefable|Protect||[still]\n|-fail|p1a: Clefable\n|\n|-heal|p1a: Clefable|47\/100|[from] item: Leftovers\n|upkeep\n|turn|15\n|\n|t:|1664935383\n|move|p2a: Landorus|Stealth Rock|p1a: Clefable\n|-sidestart|p1: Darkman64|move: Stealth Rock\n|move|p1a: Clefable|Wish|p1a: Clefable\n|\n|-heal|p1a: Clefable|53\/100|[from] item: Leftovers\n|upkeep\n|turn|16\n|\n|t:|1664935386\n|move|p2a: Landorus|Knock Off|p1a: Clefable\n|-resisted|p1a: Clefable\n|-damage|p1a: Clefable|41\/100\n|-enditem|p1a: Clefable|Leftovers|[from] move: Knock Off|[of] p2a: Landorus\n|move|p1a: Clefable|Moonblast|p2a: Landorus\n|-damage|p2a: Landorus|24\/100\n|-unboost|p2a: Landorus|spa|1\n|\n|-heal|p1a: Clefable|91\/100|[from] move: Wish|[wisher] Clefable\n|upkeep\n|turn|17\n|\n|t:|1664935389\n|move|p2a: Landorus|Toxic|p1a: Clefable\n|-status|p1a: Clefable|tox\n|move|p1a: Clefable|Moonblast|p2a: Landorus\n|-damage|p2a: Landorus|0 fnt\n|faint|p2a: Landorus\n|\n|-damage|p1a: Clefable|85\/100 tox|[from] psn\n|upkeep\n|\n|t:|1664935392\n|switch|p2a: Tapu Koko|Tapu Koko|100\/100\n|-fieldstart|move: Electric Terrain|[from] ability: Electric Surge|[of] p2a: Tapu Koko\n|turn|18\n|\n|t:|1664935398\n|switch|p2a: Rillaboom|Rillaboom, M|9\/100\n|-fieldstart|move: Grassy Terrain|[from] ability: Grassy Surge|[of] p2a: Rillaboom\n|switch|p1a: Landorus|Landorus-Therian, M|15\/100\n|-damage|p1a: Landorus|3\/100|[from] Stealth Rock\n|-ability|p1a: Landorus|Intimidate|boost\n|-unboost|p2a: Rillaboom|atk|1\n|\n|-heal|p2a: Rillaboom|15\/100|[from] Grassy Terrain\n|-heal|p1a: Landorus|9\/100|[from] item: Leftovers\n|upkeep\n|turn|19\n|\n|t:|1664935403\n|move|p2a: Rillaboom|Grassy Glide|p1a: Landorus\n|-damage|p1a: Landorus|0 fnt\n|faint|p1a: Landorus\n|-damage|p2a: Rillaboom|5\/100|[from] item: Life Orb\n|\n|-heal|p2a: Rillaboom|12\/100|[from] Grassy Terrain\n|upkeep\n|\n|t:|1664935408\n|switch|p1a: Slowbro|Slowbro, M|100\/100\n|turn|20\n|\n|t:|1664935411\n|switch|p2a: Tapu Koko|Tapu Koko|100\/100\n|-fieldstart|move: Electric Terrain|[from] ability: Electric Surge|[of] p2a: Tapu Koko\n|move|p1a: Slowbro|Scald|p2a: Tapu Koko\n|-damage|p2a: Tapu Koko|55\/100\n|\n|upkeep\n|turn|21\n|\n|t:|1664935415\n|move|p2a: Tapu Koko|Volt Switch|p1a: Slowbro\n|-supereffective|p1a: Slowbro\n|-damage|p1a: Slowbro|0 fnt\n|faint|p1a: Slowbro\n|\n|t:|1664935418\n|switch|p2a: Rillaboom|Rillaboom, M|12\/100|[from]move: Volt Switch\n|-fieldstart|move: Grassy Terrain|[from] ability: Grassy Surge|[of] p2a: Rillaboom\n|\n|-heal|p2a: Rillaboom|18\/100|[from] Grassy Terrain\n|upkeep\n|\n|t:|1664935421\n|switch|p1a: Clefable|Clefable, M|85\/100 tox\n|-damage|p1a: Clefable|73\/100 tox|[from] Stealth Rock\n|turn|22\n|\n|t:|1664935425\n|switch|p2a: Heatran|Heatran, M|100\/100\n|move|p1a: Clefable|Wish|p1a: Clefable\n|\n|-heal|p1a: Clefable|79\/100 tox|[from] Grassy Terrain\n|-damage|p1a: Clefable|73\/100 tox|[from] psn\n|upkeep\n|turn|23\n|\n|t:|1664935428\n|switch|p1a: Urshifu|Urshifu-Rapid-Strike, M|100\/100\n|-damage|p1a: Urshifu|94\/100|[from] Stealth Rock\n|move|p2a: Heatran|Magma Storm|p1a: Urshifu|[miss]\n|-miss|p2a: Heatran|p1a: Urshifu\n|\n|-heal|p1a: Urshifu|100\/100|[from] move: Wish|[wisher] Clefable\n|upkeep\n|turn|24\n|\n|t:|1664935433\n|switch|p2a: Urshifu|Urshifu-Rapid-Strike, F|100\/100\n|move|p1a: Urshifu|Close Combat|p2a: Urshifu\n|-damage|p2a: Urshifu|10\/100\n|-unboost|p1a: Urshifu|def|1\n|-unboost|p1a: Urshifu|spd|1\n|\n|-heal|p2a: Urshifu|17\/100|[from] Grassy Terrain\n|upkeep\n|turn|25\n|\n|t:|1664935437\n|move|p2a: Urshifu|Close Combat|p1a: Urshifu\n|-damage|p1a: Urshifu|3\/100\n|-unboost|p2a: Urshifu|def|1\n|-unboost|p2a: Urshifu|spd|1\n|move|p1a: Urshifu|Close Combat|p2a: Urshifu\n|-damage|p2a: Urshifu|0 fnt\n|-unboost|p1a: Urshifu|def|1\n|-unboost|p1a: Urshifu|spd|1\n|faint|p2a: Urshifu\n|\n|-heal|p1a: Urshifu|9\/100|[from] Grassy Terrain\n|-fieldend|move: Grassy Terrain\n|upkeep\n|\n|t:|1664935440\n|switch|p2a: Tapu Koko|Tapu Koko|55\/100\n|-fieldstart|move: Electric Terrain|[from] ability: Electric Surge|[of] p2a: Tapu Koko\n|turn|26\n|\n|t:|1664935442\n|move|p2a: Tapu Koko|Volt Switch|p1a: Urshifu\n|-supereffective|p1a: Urshifu\n|-damage|p1a: Urshifu|0 fnt\n|faint|p1a: Urshifu\n|\n|t:|1664935444\n|switch|p2a: Rillaboom|Rillaboom, M|18\/100|[from]move: Volt Switch\n|-fieldstart|move: Grassy Terrain|[from] ability: Grassy Surge|[of] p2a: Rillaboom\n|\n|-heal|p2a: Rillaboom|24\/100|[from] Grassy Terrain\n|upkeep\n|\n|t:|1664935451\n|switch|p1a: Clefable|Clefable, M|73\/100 tox\n|-damage|p1a: Clefable|60\/100 tox|[from] Stealth Rock\n|turn|27\n|\n|t:|1664935463\n|move|p2a: Rillaboom|Wood Hammer|p1a: Clefable\n|-damage|p1a: Clefable|0 fnt\n|faint|p1a: Clefable\n|-damage|p2a: Rillaboom|1\/100|[from] Recoil\n|-damage|p2a: Rillaboom|0 fnt|[from] item: Life Orb\n|faint|p2a: Rillaboom\n|\n|win|Setup-bait\n|raw|Darkman64's rating: 1729 &rarr; <strong>1703<\/strong><br \/>(-26 for losing)\n|raw|Setup-bait's rating: 1614 &rarr; <strong>1640<\/strong><br \/>(+26 for winning)\n|l|\u2606Darkman64\n||Ladder isn't responding, score probably updated but might not have (Request timeout).\n","uploadtime":1664935476,"views":8,"p1id":"darkman64","p2id":"setupbait","formatid":"gen8ou","rating":1640,"private":0,"password":null}