{"id":"gen8ou-1631719669","p1":"LT91BB animefan","p2":"reionatro","format":"gen8ou","log":"|raw|<div class=\"broadcast-blue\"><strong>This battle is required to be public due to a player having a name starting with 'lt91bb'.<\/div>\n|j|\u2606LT91BB animefan\n|j|\u2606reionatro\n|t:|1659571403\n|gametype|singles\n|player|p1|LT91BB animefan|265|2003\n|player|p2|reionatro|2|1809\n|teamsize|p1|6\n|teamsize|p2|6\n|gen|8\n|tier|[Gen 8] OU\n|rated|\n|rule|Sleep Clause Mod: Limit one foe put to sleep\n|rule|Species Clause: Limit one of each Pok\u00e9mon\n|rule|OHKO Clause: OHKO moves are banned\n|rule|Evasion Moves Clause: Evasion moves are banned\n|rule|Endless Battle Clause: Forcing endless battles is banned\n|rule|HP Percentage Mod: HP is shown in percentages\n|rule|Dynamax Clause: You cannot dynamax\n|clearpoke\n|poke|p1|Bronzong|\n|poke|p1|Clefable, M|\n|poke|p1|Tangrowth, F|\n|poke|p1|Toxapex, M|\n|poke|p1|Zapdos|\n|poke|p1|Tyranitar, F|\n|poke|p2|Nihilego|\n|poke|p2|Zapdos-Galar|\n|poke|p2|Kartana|\n|poke|p2|Celesteela|\n|poke|p2|Garchomp, M|\n|poke|p2|Tapu Fini|\n|teampreview\n|inactive|Battle timer is ON: inactive players will automatically lose when time's up. (requested by LT91BB animefan)\n|c|\u2606reionatro|hf\n|c|\u2606LT91BB animefan|u2\n|j| BabyPigsAreLaughin\n|inactive|reionatro has 120 seconds left.\n|\n|t:|1659571454\n|start\n|switch|p1a: Clefable|Clefable, M|100\/100\n|switch|p2a: Kartana|Kartana|100\/100\n|turn|1\n|inactive|LT91BB animefan has 120 seconds left.\n|j| LT91BB Livio\n|inactive|LT91BB animefan has 90 seconds left.\n|inactive|reionatro has 120 seconds left.\n|\n|t:|1659571534\n|switch|p1a: Toxapex|Toxapex, M|100\/100\n|move|p2a: Kartana|Knock Off|p1a: Toxapex\n|-damage|p1a: Toxapex|76\/100\n|-enditem|p1a: Toxapex|Mental Herb|[from] move: Knock Off|[of] p2a: Kartana\n|\n|upkeep\n|turn|2\n|inactive|reionatro has 120 seconds left.\n|\n|t:|1659571554\n|switch|p2a: Tapu Fini|Tapu Fini|100\/100\n|-fieldstart|move: Misty Terrain|[from] ability: Misty Surge|[of] p2a: Tapu Fini\n|move|p1a: Toxapex|Toxic Spikes|p2a: Tapu Fini\n|-sidestart|p2: reionatro|move: Toxic Spikes\n|\n|upkeep\n|turn|3\n|inactive|LT91BB animefan has 90 seconds left.\n|\n|t:|1659571569\n|move|p2a: Tapu Fini|Taunt|p1a: Toxapex\n|-start|p1a: Toxapex|move: Taunt\n|move|p1a: Toxapex|Knock Off|p2a: Tapu Fini\n|-resisted|p2a: Tapu Fini\n|-damage|p2a: Tapu Fini|95\/100\n|-enditem|p2a: Tapu Fini|Leftovers|[from] move: Knock Off|[of] p1a: Toxapex\n|\n|upkeep\n|turn|4\n|\n|t:|1659571578\n|switch|p2a: Nihilego|Nihilego|100\/100\n|-sideend|p2: reionatro|move: Toxic Spikes|[of] p2a: Nihilego\n|switch|p1a: Zapdos|Zapdos|100\/100\n|-ability|p1a: Zapdos|Pressure\n|\n|upkeep\n|turn|5\n|inactive|reionatro has 120 seconds left.\n|\n|t:|1659571595\n|switch|p1a: Bronzong|Bronzong|100\/100\n|move|p2a: Nihilego|Power Gem|p1a: Bronzong\n|-resisted|p1a: Bronzong\n|-damage|p1a: Bronzong|87\/100\n|\n|-heal|p1a: Bronzong|93\/100|[from] item: Leftovers\n|upkeep\n|turn|6\n|j| Mowatia\n|\n|t:|1659571619\n|switch|p2a: Zapdos|Zapdos-Galar|100\/100\n|move|p1a: Bronzong|Stealth Rock|p2a: Zapdos\n|-sidestart|p2: reionatro|move: Stealth Rock\n|\n|-heal|p1a: Bronzong|99\/100|[from] item: Leftovers\n|-fieldend|Misty Terrain\n|upkeep\n|turn|7\n|\n|t:|1659571632\n|switch|p1a: Toxapex|Toxapex, M|100\/100\n|move|p2a: Zapdos|Close Combat|p1a: Toxapex\n|-resisted|p1a: Toxapex\n|-damage|p1a: Toxapex|71\/100\n|-unboost|p2a: Zapdos|def|1\n|-unboost|p2a: Zapdos|spd|1\n|\n|upkeep\n|turn|8\n|\n|t:|1659571642\n|switch|p2a: Tapu Fini|Tapu Fini|95\/100\n|-damage|p2a: Tapu Fini|83\/100|[from] Stealth Rock\n|-fieldstart|move: Misty Terrain|[from] ability: Misty Surge|[of] p2a: Tapu Fini\n|move|p1a: Toxapex|Toxic Spikes|p2a: Tapu Fini\n|-sidestart|p2: reionatro|move: Toxic Spikes\n|\n|upkeep\n|turn|9\n|\n|t:|1659571644\n|switch|p1a: Zapdos|Zapdos|100\/100\n|-ability|p1a: Zapdos|Pressure\n|move|p2a: Tapu Fini|Taunt|p1a: Zapdos\n|-start|p1a: Zapdos|move: Taunt\n|\n|upkeep\n|turn|10\n|\n|t:|1659571648\n|switch|p2a: Nihilego|Nihilego|100\/100\n|-damage|p2a: Nihilego|88\/100|[from] Stealth Rock\n|-sideend|p2: reionatro|move: Toxic Spikes|[of] p2a: Nihilego\n|move|p1a: Zapdos|Volt Switch|p2a: Nihilego\n|-damage|p2a: Nihilego|65\/100\n|\n|t:|1659571672\n|switch|p1a: Bronzong|Bronzong|99\/100|[from]move: Volt Switch\n|\n|-heal|p1a: Bronzong|100\/100|[from] item: Leftovers\n|upkeep\n|turn|11\n|\n|t:|1659571676\n|switch|p2a: Garchomp|Garchomp, M|100\/100\n|-damage|p2a: Garchomp|94\/100|[from] Stealth Rock\n|move|p1a: Bronzong|Earthquake|p2a: Garchomp\n|-damage|p2a: Garchomp|76\/100\n|\n|upkeep\n|turn|12\n|\n|t:|1659571696\n|move|p2a: Garchomp|Stealth Rock|p1a: Bronzong\n|-sidestart|p1: LT91BB animefan|move: Stealth Rock\n|move|p1a: Bronzong|Earthquake|p2a: Garchomp\n|-damage|p2a: Garchomp|59\/100\n|\n|-fieldend|Misty Terrain\n|upkeep\n|turn|13\n|\n|t:|1659571708\n|switch|p2a: Zapdos|Zapdos-Galar|100\/100\n|-damage|p2a: Zapdos|88\/100|[from] Stealth Rock\n|move|p1a: Bronzong|Toxic|p2a: Zapdos\n|-status|p2a: Zapdos|tox\n|\n|-damage|p2a: Zapdos|82\/100 tox|[from] psn\n|upkeep\n|turn|14\n|\n|t:|1659571722\n|move|p1a: Bronzong|Protect|p1a: Bronzong\n|-singleturn|p1a: Bronzong|Protect\n|move|p2a: Zapdos|U-turn|p1a: Bronzong\n|-activate|p1a: Bronzong|move: Protect\n|\n|-damage|p2a: Zapdos|69\/100 tox|[from] psn\n|upkeep\n|turn|15\n|\n|t:|1659571731\n|switch|p2a: Celesteela|Celesteela|100\/100\n|-damage|p2a: Celesteela|88\/100|[from] Stealth Rock\n|move|p1a: Bronzong|Toxic|p2a: Celesteela\n|-immune|p2a: Celesteela\n|\n|upkeep\n|turn|16\n|\n|t:|1659571745\n|switch|p1a: Tyranitar|Tyranitar, F|100\/100\n|-weather|Sandstorm|[from] ability: Sand Stream|[of] p1a: Tyranitar\n|move|p2a: Celesteela|Autotomize|p2a: Celesteela\n|-boost|p2a: Celesteela|spe|2\n|-start|p2a: Celesteela|Autotomize\n|\n|-weather|Sandstorm|[upkeep]\n|upkeep\n|turn|17\n|inactive|reionatro has 120 seconds left.\n|\n|t:|1659571781\n|switch|p2a: Garchomp|Garchomp, M|59\/100\n|-damage|p2a: Garchomp|53\/100|[from] Stealth Rock\n|move|p1a: Tyranitar|Rock Blast|p2a: Garchomp\n|-resisted|p2a: Garchomp\n|-damage|p2a: Garchomp|48\/100\n|-resisted|p2a: Garchomp\n|-damage|p2a: Garchomp|43\/100\n|-hitcount|p2a: Garchomp|2\n|\n|-weather|Sandstorm|[upkeep]\n|upkeep\n|turn|18\n|inactive|reionatro has 120 seconds left.\n|inactive|LT91BB animefan has 120 seconds left.\n|\n|t:|1659571810\n|switch|p1a: Bronzong|Bronzong|100\/100\n|-damage|p1a: Bronzong|94\/100|[from] Stealth Rock\n|move|p2a: Garchomp|Toxic|p1a: Bronzong\n|-immune|p1a: Bronzong\n|\n|-weather|Sandstorm|[upkeep]\n|-heal|p1a: Bronzong|100\/100|[from] item: Leftovers\n|upkeep\n|turn|19\n|inactive|reionatro has 120 seconds left.\n|\n|t:|1659571827\n|switch|p2a: Celesteela|Celesteela|88\/100\n|-damage|p2a: Celesteela|76\/100|[from] Stealth Rock\n|switch|p1a: Clefable|Clefable, M|100\/100\n|\n|-weather|Sandstorm|[upkeep]\n|upkeep\n|turn|20\n|inactive|reionatro has 120 seconds left.\n|\n|t:|1659571840\n|switch|p2a: Kartana|Kartana|100\/100\n|-damage|p2a: Kartana|94\/100|[from] Stealth Rock\n|move|p1a: Clefable|Thunderbolt|p2a: Kartana\n|-resisted|p2a: Kartana\n|-damage|p2a: Kartana|52\/100\n|-status|p2a: Kartana|par\n|\n|-weather|none\n|upkeep\n|turn|21\n|\n|t:|1659571849\n|switch|p1a: Tangrowth|Tangrowth, F|100\/100\n|-damage|p1a: Tangrowth|88\/100|[from] Stealth Rock\n|move|p2a: Kartana|Knock Off|p1a: Tangrowth\n|-damage|p1a: Tangrowth|65\/100\n|-damage|p2a: Kartana|35\/100 par|[from] item: Rocky Helmet|[of] p1a: Tangrowth\n|-enditem|p1a: Tangrowth|Rocky Helmet|[from] move: Knock Off|[of] p2a: Kartana\n|\n|upkeep\n|turn|22\n|\n|t:|1659571854\n|move|p2a: Kartana|Knock Off|p1a: Tangrowth\n|-damage|p1a: Tangrowth|49\/100\n|move|p1a: Tangrowth|Giga Drain|p2a: Kartana\n|-resisted|p2a: Kartana\n|-damage|p2a: Kartana|15\/100 par\n|-heal|p1a: Tangrowth|55\/100|[from] drain|[of] p2a: Kartana\n|\n|upkeep\n|turn|23\n|\n|t:|1659571880\n|move|p2a: Kartana|Knock Off|p1a: Tangrowth\n|-damage|p1a: Tangrowth|39\/100\n|move|p1a: Tangrowth|Giga Drain|p2a: Kartana\n|-resisted|p2a: Kartana\n|-damage|p2a: Kartana|0 fnt\n|-heal|p1a: Tangrowth|44\/100|[from] drain|[of] p2a: Kartana\n|faint|p2a: Kartana\n|\n|upkeep\n|inactive|reionatro has 120 seconds left.\n|inactive|reionatro has 90 seconds left.\n|\n|t:|1659571945\n|switch|p2a: Zapdos|Zapdos-Galar|69\/100 tox\n|-damage|p2a: Zapdos|57\/100 tox|[from] Stealth Rock\n|turn|24\n|inactive|LT91BB animefan has 120 seconds left.\n|\n|t:|1659571982\n|switch|p1a: Toxapex|Toxapex, M|100\/100\n|-damage|p1a: Toxapex|88\/100|[from] Stealth Rock\n|move|p2a: Zapdos|Close Combat|p1a: Toxapex\n|-resisted|p1a: Toxapex\n|-damage|p1a: Toxapex|61\/100\n|-unboost|p2a: Zapdos|def|1\n|-unboost|p2a: Zapdos|spd|1\n|\n|-damage|p2a: Zapdos|51\/100 tox|[from] psn\n|upkeep\n|turn|25\n|\n|t:|1659571990\n|switch|p2a: Tapu Fini|Tapu Fini|83\/100\n|-damage|p2a: Tapu Fini|71\/100|[from] Stealth Rock\n|-fieldstart|move: Misty Terrain|[from] ability: Misty Surge|[of] p2a: Tapu Fini\n|move|p1a: Toxapex|Recover|p1a: Toxapex\n|-heal|p1a: Toxapex|100\/100\n|\n|upkeep\n|turn|26\n|inactive|LT91BB animefan has 120 seconds left.\n|\n|t:|1659572018\n|switch|p1a: Zapdos|Zapdos|100\/100\n|-ability|p1a: Zapdos|Pressure\n|move|p2a: Tapu Fini|Calm Mind|p2a: Tapu Fini\n|-boost|p2a: Tapu Fini|spa|1\n|-boost|p2a: Tapu Fini|spd|1\n|\n|upkeep\n|turn|27\n|inactive|reionatro has 90 seconds left.\n|\n|t:|1659572046\n|move|p1a: Zapdos|Hurricane|p2a: Tapu Fini\n|-damage|p2a: Tapu Fini|47\/100\n|move|p2a: Tapu Fini|Calm Mind|p2a: Tapu Fini\n|-boost|p2a: Tapu Fini|spa|1\n|-boost|p2a: Tapu Fini|spd|1\n|\n|upkeep\n|turn|28\n|inactive|reionatro has 90 seconds left.\n|\n|t:|1659572072\n|move|p1a: Zapdos|Volt Switch|p2a: Tapu Fini\n|-supereffective|p2a: Tapu Fini\n|-damage|p2a: Tapu Fini|23\/100\n|\n|t:|1659572073\n|switch|p1a: Bronzong|Bronzong|100\/100|[from]move: Volt Switch\n|-damage|p1a: Bronzong|94\/100|[from] Stealth Rock\n|move|p2a: Tapu Fini|Draining Kiss|p1a: Bronzong\n|-resisted|p1a: Bronzong\n|-damage|p1a: Bronzong|84\/100\n|-heal|p2a: Tapu Fini|31\/100|[from] drain|[of] p1a: Bronzong\n|\n|-heal|p1a: Bronzong|90\/100|[from] item: Leftovers\n|upkeep\n|turn|29\n|inactive|reionatro has 90 seconds left.\n|inactive|reionatro has 60 seconds left.\n|\n|t:|1659572126\n|move|p2a: Tapu Fini|Scald|p1a: Bronzong\n|-crit|p1a: Bronzong\n|-damage|p1a: Bronzong|32\/100\n|move|p1a: Bronzong|Earthquake|p2a: Tapu Fini\n|-damage|p2a: Tapu Fini|16\/100\n|\n|-heal|p1a: Bronzong|38\/100|[from] item: Leftovers\n|-fieldend|Misty Terrain\n|upkeep\n|turn|30\n|inactive|reionatro has 60 seconds left.\n|\n|t:|1659572134\n|move|p1a: Bronzong|Protect|p1a: Bronzong\n|-singleturn|p1a: Bronzong|Protect\n|move|p2a: Tapu Fini|Scald|p1a: Bronzong\n|-activate|p1a: Bronzong|move: Protect\n|\n|-heal|p1a: Bronzong|45\/100|[from] item: Leftovers\n|upkeep\n|turn|31\n|\n|t:|1659572137\n|move|p2a: Tapu Fini|Scald|p1a: Bronzong\n|-damage|p1a: Bronzong|6\/100\n|move|p1a: Bronzong|Toxic|p2a: Tapu Fini\n|-status|p2a: Tapu Fini|tox\n|\n|-heal|p1a: Bronzong|12\/100|[from] item: Leftovers\n|-damage|p2a: Tapu Fini|10\/100 tox|[from] psn\n|upkeep\n|turn|32\n|\n|t:|1659572140\n|move|p1a: Bronzong|Protect|p1a: Bronzong\n|-singleturn|p1a: Bronzong|Protect\n|move|p2a: Tapu Fini|Scald|p1a: Bronzong\n|-activate|p1a: Bronzong|move: Protect\n|\n|-heal|p1a: Bronzong|18\/100|[from] item: Leftovers\n|-damage|p2a: Tapu Fini|0 fnt|[from] psn\n|faint|p2a: Tapu Fini\n|upkeep\n|inactive|reionatro has 60 seconds left.\n|j| Fluffeluff\n|inactive|reionatro has 30 seconds left.\n|\n|t:|1659572196\n|switch|p2a: Celesteela|Celesteela|76\/100\n|-damage|p2a: Celesteela|64\/100|[from] Stealth Rock\n|turn|33\n|inactive|reionatro has 30 seconds left.\n|\n|t:|1659572216\n|move|p1a: Bronzong|Protect|p1a: Bronzong\n|-singleturn|p1a: Bronzong|Protect\n|move|p2a: Celesteela|Autotomize|p2a: Celesteela\n|-boost|p2a: Celesteela|spe|2\n|-start|p2a: Celesteela|Autotomize\n|\n|-heal|p1a: Bronzong|24\/100|[from] item: Leftovers\n|upkeep\n|turn|34\n|inactive|reionatro has 30 seconds left.\n|\n|t:|1659572223\n|switch|p1a: Tyranitar|Tyranitar, F|100\/100\n|-weather|Sandstorm|[from] ability: Sand Stream|[of] p1a: Tyranitar\n|move|p2a: Celesteela|Meteor Beam||[still]\n|-prepare|p2a: Celesteela|Meteor Beam\n|-boost|p2a: Celesteela|spa|1\n|-enditem|p2a: Celesteela|Power Herb\n|-anim|p2a: Celesteela|Meteor Beam|p1a: Tyranitar\n|-crit|p1a: Tyranitar\n|-damage|p1a: Tyranitar|63\/100\n|\n|-weather|Sandstorm|[upkeep]\n|upkeep\n|turn|35\n|j| BDSPLT1JL xyeu\n|inactive|reionatro has 30 seconds left.\n|inactive|reionatro has 20 seconds left.\n|\n|t:|1659572243\n|switch|p1a: Zapdos|Zapdos|100\/100\n|-ability|p1a: Zapdos|Pressure\n|move|p2a: Celesteela|Meteor Beam||[still]\n|-prepare|p2a: Celesteela|Meteor Beam\n|-boost|p2a: Celesteela|spa|1\n|\n|-weather|Sandstorm|[upkeep]\n|-damage|p1a: Zapdos|94\/100|[from] Sandstorm\n|upkeep\n|turn|36\n|inactive|reionatro has 30 seconds left this turn.\n|\n|t:|1659572248\n|switch|p1a: Bronzong|Bronzong|24\/100\n|-damage|p1a: Bronzong|18\/100|[from] Stealth Rock\n|move|p2a: Celesteela|Meteor Beam|p1a: Bronzong|[from]lockedmove\n|-resisted|p1a: Bronzong\n|-damage|p1a: Bronzong|0 fnt\n|faint|p1a: Bronzong\n|-ability|p2a: Celesteela|Beast Boost|boost\n|-boost|p2a: Celesteela|spa|1\n|\n|-weather|Sandstorm|[upkeep]\n|upkeep\n|\n|t:|1659572253\n|switch|p1a: Zapdos|Zapdos|94\/100\n|-ability|p1a: Zapdos|Pressure\n|turn|37\n|\n|t:|1659572267\n|move|p2a: Celesteela|Flamethrower|p1a: Zapdos\n|-damage|p1a: Zapdos|35\/100\n|move|p1a: Zapdos|Volt Switch|p2a: Celesteela\n|-supereffective|p2a: Celesteela\n|-damage|p2a: Celesteela|6\/100\n|\n|t:|1659572275\n|switch|p1a: Tyranitar|Tyranitar, F|63\/100|[from]move: Volt Switch\n|\n|-weather|Sandstorm|[upkeep]\n|upkeep\n|turn|38\n|j| LT91BB Tace\n|\n|t:|1659572282\n|move|p2a: Celesteela|Air Slash|p1a: Tyranitar\n|-resisted|p1a: Tyranitar\n|-damage|p1a: Tyranitar|43\/100\n|move|p1a: Tyranitar|Rock Blast|p2a: Celesteela\n|-damage|p2a: Celesteela|0 fnt\n|faint|p2a: Celesteela\n|-hitcount|p2: Celesteela|1\n|\n|-weather|none\n|upkeep\n|l| LT91BB Tace\n|\n|t:|1659572298\n|switch|p2a: Garchomp|Garchomp, M|43\/100\n|-damage|p2a: Garchomp|37\/100|[from] Stealth Rock\n|turn|39\n|\n|t:|1659572304\n|switch|p1a: Clefable|Clefable, M|100\/100\n|move|p2a: Garchomp|Earthquake|p1a: Clefable\n|-damage|p1a: Clefable|69\/100\n|\n|upkeep\n|turn|40\n|\n|t:|1659572312\n|move|p2a: Garchomp|Earthquake|p1a: Clefable\n|-damage|p1a: Clefable|35\/100\n|move|p1a: Clefable|Soft-Boiled|p1a: Clefable\n|-heal|p1a: Clefable|85\/100\n|\n|upkeep\n|turn|41\n|\n|t:|1659572314\n|move|p2a: Garchomp|Earthquake|p1a: Clefable\n|-damage|p1a: Clefable|48\/100\n|move|p1a: Clefable|Calm Mind|p1a: Clefable\n|-boost|p1a: Clefable|spa|1\n|-boost|p1a: Clefable|spd|1\n|\n|upkeep\n|turn|42\n|inactive|reionatro has 60 seconds left.\n|\n|t:|1659572336\n|switch|p2a: Zapdos|Zapdos-Galar|51\/100 tox\n|-damage|p2a: Zapdos|38\/100 tox|[from] Stealth Rock\n|move|p1a: Clefable|Soft-Boiled|p1a: Clefable\n|-heal|p1a: Clefable|98\/100\n|\n|-damage|p2a: Zapdos|32\/100 tox|[from] psn\n|upkeep\n|turn|43\n|\n|t:|1659572342\n|move|p2a: Zapdos|Brave Bird|p1a: Clefable\n|-damage|p1a: Clefable|31\/100\n|-damage|p2a: Zapdos|5\/100 tox|[from] Recoil\n|move|p1a: Clefable|Soft-Boiled|p1a: Clefable\n|-heal|p1a: Clefable|81\/100\n|\n|-damage|p2a: Zapdos|0 fnt|[from] psn\n|faint|p2a: Zapdos\n|upkeep\n|inactive|reionatro has 60 seconds left.\n|\n|t:|1659572359\n|switch|p2a: Nihilego|Nihilego|65\/100\n|-damage|p2a: Nihilego|52\/100|[from] Stealth Rock\n|turn|44\n|inactive|reionatro has 60 seconds left.\n|\n|t:|1659572384\n|move|p2a: Nihilego|Meteor Beam||[still]\n|-prepare|p2a: Nihilego|Meteor Beam\n|-boost|p2a: Nihilego|spa|1\n|-enditem|p2a: Nihilego|Power Herb\n|-anim|p2a: Nihilego|Meteor Beam|p1a: Clefable\n|-damage|p1a: Clefable|29\/100\n|move|p1a: Clefable|Moonblast|p2a: Nihilego\n|-resisted|p2a: Nihilego\n|-damage|p2a: Nihilego|28\/100\n|\n|upkeep\n|turn|45\n|inactive|reionatro has 30 seconds left.\n|inactive|reionatro has 20 seconds left.\n|\n|t:|1659572418\n|move|p2a: Nihilego|Sludge Wave|p1a: Clefable\n|-supereffective|p1a: Clefable\n|-damage|p1a: Clefable|0 fnt\n|faint|p1a: Clefable\n|-ability|p2a: Nihilego|Beast Boost|boost\n|-boost|p2a: Nihilego|spe|1\n|\n|upkeep\n|inactive|reionatro has 25 seconds left this turn.\n|\n|t:|1659572421\n|switch|p1a: Tyranitar|Tyranitar, F|43\/100\n|-weather|Sandstorm|[from] ability: Sand Stream|[of] p1a: Tyranitar\n|turn|46\n|inactive|reionatro has 30 seconds left.\n|\n|t:|1659572427\n|move|p2a: Nihilego|Grass Knot|p1a: Tyranitar\n|-supereffective|p1a: Tyranitar\n|-damage|p1a: Tyranitar|0 fnt\n|faint|p1a: Tyranitar\n|-ability|p2a: Nihilego|Beast Boost|boost\n|-boost|p2a: Nihilego|spe|1\n|\n|-weather|Sandstorm|[upkeep]\n|upkeep\n|\n|t:|1659572429\n|switch|p1a: Toxapex|Toxapex, M|100\/100\n|-damage|p1a: Toxapex|88\/100|[from] Stealth Rock\n|turn|47\n|c| BabyPigsAreLaughin|Uh oh!\n|inactive|reionatro has 30 seconds left.\n|inactive|reionatro has 20 seconds left.\n|\n|t:|1659572459\n|move|p2a: Nihilego|Power Gem|p1a: Toxapex\n|-damage|p1a: Toxapex|39\/100\n|move|p1a: Toxapex|Haze|p1a: Toxapex\n|-clearallboost\n|\n|-weather|Sandstorm|[upkeep]\n|-damage|p1a: Toxapex|32\/100|[from] Sandstorm\n|upkeep\n|turn|48\n|inactive|reionatro has 30 seconds left this turn.\n|inactive|reionatro has 20 seconds left.\n|\n|t:|1659572473\n|switch|p1a: Zapdos|Zapdos|35\/100\n|-ability|p1a: Zapdos|Pressure\n|move|p2a: Nihilego|Meteor Beam||[still]\n|-prepare|p2a: Nihilego|Meteor Beam\n|-boost|p2a: Nihilego|spa|1\n|\n|-weather|Sandstorm|[upkeep]\n|-damage|p1a: Zapdos|29\/100|[from] Sandstorm\n|upkeep\n|turn|49\n|inactive|reionatro has 30 seconds left this turn.\n|\n|t:|1659572478\n|move|p2a: Nihilego|Meteor Beam|p1a: Zapdos|[from]lockedmove\n|-supereffective|p1a: Zapdos\n|-damage|p1a: Zapdos|0 fnt\n|faint|p1a: Zapdos\n|-ability|p2a: Nihilego|Beast Boost|boost\n|-boost|p2a: Nihilego|spe|1\n|\n|-weather|Sandstorm|[upkeep]\n|upkeep\n|\n|t:|1659572479\n|switch|p1a: Toxapex|Toxapex, M|66\/100\n|-damage|p1a: Toxapex|53\/100|[from] Stealth Rock\n|turn|50\n|\n|t:|1659572484\n|move|p2a: Nihilego|Power Gem|p1a: Toxapex\n|-damage|p1a: Toxapex|9\/100\n|move|p1a: Toxapex|Recover|p1a: Toxapex\n|-heal|p1a: Toxapex|59\/100\n|\n|-weather|none\n|upkeep\n|turn|51\n|\n|t:|1659572497\n|move|p2a: Nihilego|Power Gem|p1a: Toxapex\n|-damage|p1a: Toxapex|13\/100\n|move|p1a: Toxapex|Recover|p1a: Toxapex\n|-heal|p1a: Toxapex|63\/100\n|\n|upkeep\n|turn|52\n|\n|t:|1659572507\n|move|p2a: Nihilego|Power Gem|p1a: Toxapex\n|-damage|p1a: Toxapex|14\/100\n|move|p1a: Toxapex|Recover|p1a: Toxapex\n|-heal|p1a: Toxapex|64\/100\n|\n|upkeep\n|turn|53\n|\n|t:|1659572513\n|move|p2a: Nihilego|Power Gem|p1a: Toxapex\n|-damage|p1a: Toxapex|13\/100\n|move|p1a: Toxapex|Recover|p1a: Toxapex\n|-heal|p1a: Toxapex|63\/100\n|\n|upkeep\n|turn|54\n|inactive|reionatro has 60 seconds left.\n|\n|t:|1659572522\n|move|p2a: Nihilego|Power Gem|p1a: Toxapex\n|-damage|p1a: Toxapex|12\/100\n|move|p1a: Toxapex|Recover|p1a: Toxapex\n|-heal|p1a: Toxapex|62\/100\n|\n|upkeep\n|turn|55\n|\n|t:|1659572531\n|move|p2a: Nihilego|Power Gem|p1a: Toxapex\n|-damage|p1a: Toxapex|17\/100\n|move|p1a: Toxapex|Recover|p1a: Toxapex\n|-heal|p1a: Toxapex|67\/100\n|\n|upkeep\n|turn|56\n|\n|t:|1659572539\n|move|p2a: Nihilego|Power Gem|p1a: Toxapex\n|-damage|p1a: Toxapex|17\/100\n|move|p1a: Toxapex|Recover|p1a: Toxapex\n|-heal|p1a: Toxapex|67\/100\n|\n|upkeep\n|turn|57\n|\n|t:|1659572546\n|move|p2a: Nihilego|Power Gem|p1a: Toxapex\n|-damage|p1a: Toxapex|20\/100\n|move|p1a: Toxapex|Recover|p1a: Toxapex\n|-heal|p1a: Toxapex|70\/100\n|\n|upkeep\n|turn|58\n|\n|t:|1659572555\n|move|p2a: Nihilego|Power Gem|p1a: Toxapex\n|-damage|p1a: Toxapex|19\/100\n|move|p1a: Toxapex|Recover|p1a: Toxapex\n|-heal|p1a: Toxapex|69\/100\n|\n|upkeep\n|turn|59\n|inactive|reionatro has 90 seconds left.\n|\n|t:|1659572564\n|move|p2a: Nihilego|Meteor Beam||[still]\n|-prepare|p2a: Nihilego|Meteor Beam\n|-boost|p2a: Nihilego|spa|1\n|move|p1a: Toxapex|Recover|p1a: Toxapex\n|-heal|p1a: Toxapex|100\/100\n|\n|upkeep\n|turn|60\n|\n|t:|1659572571\n|move|p2a: Nihilego|Meteor Beam|p1a: Toxapex|[from]lockedmove\n|-damage|p1a: Toxapex|8\/100\n|move|p1a: Toxapex|Haze|p1a: Toxapex\n|-clearallboost\n|\n|upkeep\n|turn|61\n|-message|LT91BB animefan forfeited.\n|\n|win|reionatro\n|raw|LT91BB animefan's rating: 2003 &rarr; <strong>1973<\/strong><br \/>(-30 for losing)\n|raw|reionatro's rating: 1809 &rarr; <strong>1839<\/strong><br \/>(+30 for winning)\n|l|\u2606LT91BB animefan\n|c|\u2606reionatro|gg\n|l|\u2606reionatro\n|l| BDSPLT1JL xyeu\n|j|\u2606reionatro\n|player|p2|reionatro|2\n","uploadtime":1659572603,"views":80,"p1id":"lt91bbanimefan","p2id":"reionatro","formatid":"gen8ou","rating":1839,"private":0,"password":null}