{"id":"gen8nationaldex-1548958865","p1":"Hikari-miyako","p2":"Kyerndo","format":"gen8nationaldex","log":"|html|<div class=\"broadcast-blue\"><strong>[Gen 8] National Dex is currently suspecting Mega Blaziken! For information on how to participate check out the <a href=\"https:\/\/www.smogon.com\/forums\/threads\/national-dex-suspect-test-15-harder-better-faster-stronger.3699700\/\">suspect thread<\/a>.<\/strong><\/div>\n|j|\u2606Hikari-miyako\n|j|\u2606Kyerndo\n|t:|1649432463\n|gametype|singles\n|player|p1|Hikari-miyako|ariana|1773\n|player|p2|Kyerndo|psychic-gen4|1695\n|teamsize|p1|6\n|teamsize|p2|6\n|gen|8\n|tier|[Gen 8] National Dex\n|rated|\n|rule|HP Percentage Mod: HP is shown in percentages\n|rule|Endless Battle Clause: Forcing endless battles is banned\n|rule|OHKO Clause: OHKO moves are banned\n|rule|Evasion Moves Clause: Evasion moves are banned\n|rule|Species Clause: Limit one of each Pok\u00e9mon\n|rule|Dynamax Clause: You cannot dynamax\n|rule|Sleep Clause Mod: Limit one foe put to sleep\n|clearpoke\n|poke|p1|Aegislash, F|\n|poke|p1|Diancie|\n|poke|p1|Thundurus, M|\n|poke|p1|Bisharp, F|\n|poke|p1|Serperior, M|\n|poke|p1|Greninja, M|\n|poke|p2|Blaziken, M|\n|poke|p2|Torkoal, M|\n|poke|p2|Venusaur, M|\n|poke|p2|Dragonite, F|\n|poke|p2|Weavile, F|\n|poke|p2|Landorus-Therian, M|\n|teampreview\n|inactive|Battle timer is ON: inactive players will automatically lose when time's up. (requested by Kyerndo)\n|\n|t:|1649432481\n|start\n|switch|p1a: Bisharp|Bisharp, F|100\/100\n|switch|p2a: Landorus|Landorus-Therian, M|100\/100\n|-ability|p2a: Landorus|Intimidate|boost\n|-unboost|p1a: Bisharp|atk|1\n|-ability|p1a: Bisharp|Defiant\n|-boost|p1a: Bisharp|atk|2\n|turn|1\n|\n|t:|1649432485\n|move|p1a: Bisharp|Knock Off|p2a: Landorus\n|-damage|p2a: Landorus|38\/100\n|-damage|p1a: Bisharp|84\/100|[from] item: Rocky Helmet|[of] p2a: Landorus\n|-enditem|p2a: Landorus|Rocky Helmet|[from] move: Knock Off|[of] p1a: Bisharp\n|move|p2a: Landorus|Earthquake|p1a: Bisharp\n|-supereffective|p1a: Bisharp\n|-damage|p1a: Bisharp|0 fnt\n|faint|p1a: Bisharp\n|\n|upkeep\n|\n|t:|1649432490\n|switch|p1a: Greninja|Greninja, M|100\/100\n|turn|2\n|\n|t:|1649432494\n|switch|p2a: Torkoal|Torkoal, M|100\/100\n|-weather|SunnyDay|[from] ability: Drought|[of] p2a: Torkoal\n|move|p1a: Greninja|Dark Pulse|p2a: Torkoal\n|-damage|p2a: Torkoal|35\/100\n|-damage|p1a: Greninja|91\/100|[from] item: Life Orb\n|\n|-weather|SunnyDay|[upkeep]\n|upkeep\n|turn|3\n|\n|t:|1649432502\n|switch|p2a: Weavile|Weavile, F|100\/100\n|-ability|p2a: Weavile|Pressure\n|move|p1a: Greninja|Dark Pulse|p2a: Weavile\n|-resisted|p2a: Weavile\n|-damage|p2a: Weavile|71\/100\n|-damage|p1a: Greninja|81\/100|[from] item: Life Orb\n|\n|-weather|SunnyDay|[upkeep]\n|upkeep\n|turn|4\n|\n|t:|1649432506\n|switch|p1a: Aegislash|Aegislash, F|100\/100\n|move|p2a: Weavile|Triple Axel|p1a: Aegislash\n|-resisted|p1a: Aegislash\n|-damage|p1a: Aegislash|94\/100\n|-resisted|p1a: Aegislash\n|-damage|p1a: Aegislash|82\/100\n|-resisted|p1a: Aegislash\n|-damage|p1a: Aegislash|65\/100\n|-hitcount|p1a: Aegislash|3\n|\n|-weather|SunnyDay|[upkeep]\n|upkeep\n|turn|5\n|\n|t:|1649432520\n|switch|p2a: Venusaur|Venusaur, M|100\/100\n|-formechange|p1a: Aegislash|Aegislash-Blade||[from] ability: Stance Change\n|move|p1a: Aegislash|Shadow Ball|p2a: Venusaur\n|-damage|p2a: Venusaur|44\/100\n|\n|-weather|SunnyDay|[upkeep]\n|upkeep\n|turn|6\n|\n|t:|1649432523\n|-formechange|p1a: Aegislash|Aegislash||[from] ability: Stance Change\n|move|p1a: Aegislash|King's Shield|p1a: Aegislash\n|-singleturn|p1a: Aegislash|Protect\n|move|p2a: Venusaur|Weather Ball|p1a: Aegislash\n|-activate|p1a: Aegislash|move: Protect\n|\n|-weather|SunnyDay|[upkeep]\n|upkeep\n|turn|7\n|\n|t:|1649432535\n|move|p2a: Venusaur|Weather Ball|p1a: Aegislash\n|-supereffective|p1a: Aegislash\n|-damage|p1a: Aegislash|0 fnt\n|faint|p1a: Aegislash\n|\n|-weather|SunnyDay|[upkeep]\n|upkeep\n|\n|t:|1649432537\n|switch|p1a: Thundurus|Thundurus, M|100\/100\n|turn|8\n|\n|t:|1649432540\n|switch|p2a: Weavile|Weavile, F|71\/100\n|-ability|p2a: Weavile|Pressure\n|move|p1a: Thundurus|Thunder Wave|p2a: Weavile\n|-hint|Since gen 7, Dark is immune to Prankster moves.\n|-immune|p2a: Weavile\n|\n|-weather|SunnyDay|[upkeep]\n|upkeep\n|turn|9\n|\n|t:|1649432547\n|move|p2a: Weavile|Triple Axel|p1a: Thundurus\n|-supereffective|p1a: Thundurus\n|-damage|p1a: Thundurus|50\/100\n|-supereffective|p1a: Thundurus\n|-damage|p1a: Thundurus|0 fnt\n|faint|p1a: Thundurus\n|-hitcount|p1: Thundurus|2\n|\n|-weather|none\n|upkeep\n|\n|t:|1649432549\n|switch|p1a: Serperior|Serperior, M|100\/100\n|turn|10\n|\n|t:|1649432554\n|switch|p2a: Torkoal|Torkoal, M|35\/100\n|-weather|SunnyDay|[from] ability: Drought|[of] p2a: Torkoal\n|move|p1a: Serperior|Leaf Storm|p2a: Torkoal\n|-resisted|p2a: Torkoal\n|-damage|p2a: Torkoal|0 fnt\n|-boost|p1a: Serperior|spa|2\n|faint|p2a: Torkoal\n|\n|-weather|SunnyDay|[upkeep]\n|upkeep\n|\n|t:|1649432559\n|switch|p2a: Venusaur|Venusaur, M|44\/100\n|turn|11\n|\n|t:|1649432563\n|move|p2a: Venusaur|Sludge Bomb|p1a: Serperior\n|-supereffective|p1a: Serperior\n|-damage|p1a: Serperior|0 fnt\n|faint|p1a: Serperior\n|\n|-weather|SunnyDay|[upkeep]\n|upkeep\n|\n|t:|1649432566\n|switch|p1a: Diancie|Diancie|100\/100\n|turn|12\n|\n|t:|1649432570\n|-zpower|p2a: Venusaur\n|move|p2a: Venusaur|Acid Downpour|p1a: Diancie|[zeffect]\n|-damage|p1a: Diancie|22\/100\n|move|p1a: Diancie|Mystical Fire|p2a: Venusaur\n|-supereffective|p2a: Venusaur\n|-damage|p2a: Venusaur|0 fnt\n|faint|p2a: Venusaur\n|\n|-weather|SunnyDay|[upkeep]\n|upkeep\n|\n|t:|1649432579\n|switch|p2a: Weavile|Weavile, F|71\/100\n|-ability|p2a: Weavile|Pressure\n|turn|13\n|\n|t:|1649432585\n|switch|p1a: Greninja|Greninja, M|81\/100\n|move|p2a: Weavile|Triple Axel|p1a: Greninja\n|-resisted|p1a: Greninja\n|-damage|p1a: Greninja|68\/100\n|-resisted|p1a: Greninja\n|-damage|p1a: Greninja|39\/100\n|-resisted|p1a: Greninja\n|-damage|p1a: Greninja|0 fnt\n|faint|p1a: Greninja\n|-hitcount|p1: Greninja|3\n|\n|-weather|SunnyDay|[upkeep]\n|upkeep\n|\n|t:|1649432587\n|switch|p1a: Diancie|Diancie|22\/100\n|turn|14\n|\n|t:|1649432589\n|move|p2a: Weavile|Triple Axel|p1a: Diancie\n|-damage|p1a: Diancie|5\/100\n|-hitcount|p1a: Diancie|1\n|move|p1a: Diancie|Moonblast|p2a: Weavile\n|-supereffective|p2a: Weavile\n|-damage|p2a: Weavile|0 fnt\n|faint|p2a: Weavile\n|\n|-weather|SunnyDay|[upkeep]\n|upkeep\n|\n|t:|1649432594\n|switch|p2a: Dragonite|Dragonite, F|100\/100\n|turn|15\n|\n|t:|1649432598\n|detailschange|p1a: Diancie|Diancie-Mega\n|-mega|p1a: Diancie|Diancie|Diancite\n|move|p1a: Diancie|Diamond Storm|p2a: Dragonite\n|-supereffective|p2a: Dragonite\n|-damage|p2a: Dragonite|38\/100\n|-boost|p1a: Diancie|def|2\n|move|p2a: Dragonite|Earthquake|p1a: Diancie\n|-supereffective|p1a: Diancie\n|-damage|p1a: Diancie|0 fnt\n|faint|p1a: Diancie\n|\n|win|Kyerndo\n|raw|Hikari-miyako's rating: 1773 &rarr; <strong>1749<\/strong><br \/>(-24 for losing)\n|raw|Kyerndo's rating: 1695 &rarr; <strong>1719<\/strong><br \/>(+24 for winning)\n|l|\u2606Hikari-miyako\n||Ladder isn't responding, score probably updated but might not have (Request timeout).\n","uploadtime":1649432605,"views":62,"p1id":"hikarimiyako","p2id":"kyerndo","formatid":"gen8nationaldex","rating":1719,"private":0,"password":null}