{"id":"gen8ou-1592890149","p1":"dracaufeu shiny","p2":"Chokst du","format":"gen8ou","log":"|j|\u2606dracaufeu shiny\n|j|\u2606Chokst du\n|t:|1654810234\n|gametype|singles\n|player|p1|dracaufeu shiny|red|1658\n|player|p2|Chokst du|lucas|1728\n|teamsize|p1|6\n|teamsize|p2|6\n|gen|8\n|tier|[Gen 8] OU\n|rated|\n|rule|Sleep Clause Mod: Limit one foe put to sleep\n|rule|Species Clause: Limit one of each Pok\u00e9mon\n|rule|OHKO Clause: OHKO moves are banned\n|rule|Evasion Moves Clause: Evasion moves are banned\n|rule|Endless Battle Clause: Forcing endless battles is banned\n|rule|HP Percentage Mod: HP is shown in percentages\n|rule|Dynamax Clause: You cannot dynamax\n|clearpoke\n|poke|p1|Aegislash, M|\n|poke|p1|Zapdos-Galar|\n|poke|p1|Toxapex, M|\n|poke|p1|Landorus-Therian, M|\n|poke|p1|Dragapult, M|\n|poke|p1|Dragonite, M|\n|poke|p2|Tapu Koko|\n|poke|p2|Weavile, F|\n|poke|p2|Tapu Fini|\n|poke|p2|Kartana|\n|poke|p2|Heatran, M|\n|poke|p2|Landorus-Therian, M|\n|teampreview\n|\n|t:|1654810255\n|start\n|switch|p1a: Landorus|Landorus-Therian, M|100\/100\n|switch|p2a: Landorus|Landorus-Therian, M|100\/100\n|-ability|p1a: Landorus|Intimidate|boost\n|-unboost|p2a: Landorus|atk|1\n|-ability|p2a: Landorus|Intimidate|boost\n|-unboost|p1a: Landorus|atk|1\n|turn|1\n|\n|t:|1654810264\n|move|p1a: Landorus|Toxic|p2a: Landorus\n|-status|p2a: Landorus|tox\n|move|p2a: Landorus|Toxic|p1a: Landorus\n|-status|p1a: Landorus|tox\n|\n|-damage|p1a: Landorus|94\/100 tox|[from] psn\n|-damage|p2a: Landorus|94\/100 tox|[from] psn\n|upkeep\n|turn|2\n|\n|t:|1654810275\n|move|p1a: Landorus|Stealth Rock|p2a: Landorus\n|-sidestart|p2: Chokst du|move: Stealth Rock\n|move|p2a: Landorus|Stealth Rock|p1a: Landorus\n|-sidestart|p1: dracaufeu shiny|move: Stealth Rock\n|\n|-heal|p1a: Landorus|100\/100 tox|[from] item: Leftovers\n|-heal|p2a: Landorus|100\/100 tox|[from] item: Leftovers\n|-damage|p1a: Landorus|88\/100 tox|[from] psn\n|-damage|p2a: Landorus|88\/100 tox|[from] psn\n|upkeep\n|turn|3\n|\n|t:|1654810284\n|move|p1a: Landorus|U-turn|p2a: Landorus\n|-resisted|p2a: Landorus\n|-damage|p2a: Landorus|84\/100 tox\n|\n|t:|1654810288\n|switch|p1a: Aegislash|Aegislash, M|100\/100|[from]move: U-turn\n|-damage|p1a: Aegislash|94\/100|[from] Stealth Rock\n|move|p2a: Landorus|U-turn|p1a: Aegislash\n|-resisted|p1a: Aegislash\n|-damage|p1a: Aegislash|92\/100\n|\n|t:|1654810293\n|switch|p2a: Heatran|Heatran, M|100\/100|[from]move: U-turn\n|-damage|p2a: Heatran|88\/100|[from] Stealth Rock\n|\n|-heal|p2a: Heatran|94\/100|[from] item: Leftovers\n|-heal|p1a: Aegislash|98\/100|[from] item: Leftovers\n|upkeep\n|turn|4\n|\n|t:|1654810304\n|switch|p1a: Dragonite|Dragonite, M|100\/100\n|move|p2a: Heatran|Magma Storm|p1a: Dragonite\n|-resisted|p1a: Dragonite\n|-damage|p1a: Dragonite|92\/100\n|-activate|p1a: Dragonite|move: Magma Storm|[of] p2a: Heatran\n|\n|-heal|p2a: Heatran|100\/100|[from] item: Leftovers\n|-damage|p1a: Dragonite|80\/100|[from] move: Magma Storm|[partiallytrapped]\n|upkeep\n|turn|5\n|\n|t:|1654810315\n|switch|p2a: Tapu Fini|Tapu Fini|100\/100\n|-damage|p2a: Tapu Fini|88\/100|[from] Stealth Rock\n|-fieldstart|move: Misty Terrain|[from] ability: Misty Surge|[of] p2a: Tapu Fini\n|move|p1a: Dragonite|Earthquake|p2a: Tapu Fini\n|-damage|p2a: Tapu Fini|67\/100\n|\n|-heal|p2a: Tapu Fini|73\/100|[from] item: Leftovers\n|-end|p1a: Dragonite|Magma Storm|[partiallytrapped]|[silent]\n|upkeep\n|turn|6\n|\n|t:|1654810337\n|switch|p1a: Zapdos|Zapdos-Galar|100\/100\n|-damage|p1a: Zapdos|88\/100|[from] Stealth Rock\n|move|p2a: Tapu Fini|Knock Off|p1a: Zapdos\n|-resisted|p1a: Zapdos\n|-damage|p1a: Zapdos|78\/100\n|-enditem|p1a: Zapdos|Choice Band|[from] move: Knock Off|[of] p2a: Tapu Fini\n|\n|-heal|p2a: Tapu Fini|79\/100|[from] item: Leftovers\n|upkeep\n|turn|7\n|\n|t:|1654810348\n|switch|p2a: Tapu Koko|Tapu Koko|100\/100\n|-fieldstart|move: Electric Terrain|[from] ability: Electric Surge|[of] p2a: Tapu Koko\n|move|p1a: Zapdos|Brave Bird|p2a: Tapu Koko\n|-resisted|p2a: Tapu Koko\n|-damage|p2a: Tapu Koko|55\/100\n|-damage|p1a: Zapdos|65\/100|[from] Recoil\n|\n|upkeep\n|turn|8\n|\n|t:|1654810359\n|switch|p1a: Landorus|Landorus-Therian, M|88\/100 tox\n|-damage|p1a: Landorus|76\/100 tox|[from] Stealth Rock\n|-ability|p1a: Landorus|Intimidate|boost\n|-unboost|p2a: Tapu Koko|atk|1\n|move|p2a: Tapu Koko|Roost|p2a: Tapu Koko\n|-heal|p2a: Tapu Koko|100\/100\n|-singleturn|p2a: Tapu Koko|move: Roost\n|\n|-heal|p1a: Landorus|82\/100 tox|[from] item: Leftovers\n|-damage|p1a: Landorus|76\/100 tox|[from] psn\n|upkeep\n|turn|9\n|\n|t:|1654810371\n|move|p2a: Tapu Koko|U-turn|p1a: Landorus\n|-resisted|p1a: Landorus\n|-damage|p1a: Landorus|71\/100 tox\n|\n|t:|1654810373\n|switch|p2a: Landorus|Landorus-Therian, M|84\/100 tox|[from]move: U-turn\n|-damage|p2a: Landorus|71\/100 tox|[from] Stealth Rock\n|-ability|p2a: Landorus|Intimidate|boost\n|-unboost|p1a: Landorus|atk|1\n|move|p1a: Landorus|U-turn|p2a: Landorus\n|-resisted|p2a: Landorus\n|-damage|p2a: Landorus|66\/100 tox\n|\n|t:|1654810382\n|switch|p1a: Zapdos|Zapdos-Galar|65\/100|[from]move: U-turn\n|-damage|p1a: Zapdos|52\/100|[from] Stealth Rock\n|\n|-heal|p2a: Landorus|72\/100 tox|[from] item: Leftovers\n|-damage|p2a: Landorus|66\/100 tox|[from] psn\n|upkeep\n|turn|10\n|\n|t:|1654810391\n|switch|p2a: Tapu Koko|Tapu Koko|100\/100\n|move|p1a: Zapdos|U-turn|p2a: Tapu Koko\n|-resisted|p2a: Tapu Koko\n|-damage|p2a: Tapu Koko|86\/100\n|\n|t:|1654810400\n|switch|p1a: Aegislash|Aegislash, M|98\/100|[from]move: U-turn\n|-damage|p1a: Aegislash|92\/100|[from] Stealth Rock\n|\n|-heal|p1a: Aegislash|98\/100|[from] item: Leftovers\n|upkeep\n|turn|11\n|\n|t:|1654810408\n|move|p2a: Tapu Koko|U-turn|p1a: Aegislash\n|-resisted|p1a: Aegislash\n|-damage|p1a: Aegislash|95\/100\n|\n|t:|1654810409\n|switch|p2a: Heatran|Heatran, M|100\/100|[from]move: U-turn\n|-damage|p2a: Heatran|88\/100|[from] Stealth Rock\n|-formechange|p1a: Aegislash|Aegislash-Blade||[from] ability: Stance Change\n|move|p1a: Aegislash|Shadow Ball|p2a: Heatran\n|-damage|p2a: Heatran|66\/100\n|\n|-heal|p2a: Heatran|72\/100|[from] item: Leftovers\n|-heal|p1a: Aegislash|100\/100|[from] item: Leftovers\n|-fieldend|move: Electric Terrain\n|upkeep\n|turn|12\n|\n|t:|1654810426\n|switch|p1a: Dragonite|Dragonite, M|80\/100\n|move|p2a: Heatran|Magma Storm|p1a: Dragonite\n|-resisted|p1a: Dragonite\n|-damage|p1a: Dragonite|62\/100\n|-activate|p1a: Dragonite|move: Magma Storm|[of] p2a: Heatran\n|\n|-heal|p2a: Heatran|78\/100|[from] item: Leftovers\n|-damage|p1a: Dragonite|50\/100|[from] move: Magma Storm|[partiallytrapped]\n|upkeep\n|turn|13\n|\n|t:|1654810437\n|move|p1a: Dragonite|Roost|p1a: Dragonite\n|-heal|p1a: Dragonite|99\/100\n|-singleturn|p1a: Dragonite|move: Roost\n|move|p2a: Heatran|Toxic|p1a: Dragonite\n|-status|p1a: Dragonite|tox\n|\n|-heal|p2a: Heatran|84\/100|[from] item: Leftovers\n|-damage|p1a: Dragonite|94\/100 tox|[from] psn\n|-damage|p1a: Dragonite|81\/100 tox|[from] move: Magma Storm|[partiallytrapped]\n|upkeep\n|turn|14\n|\n|t:|1654810449\n|switch|p2a: Landorus|Landorus-Therian, M|66\/100 tox\n|-damage|p2a: Landorus|54\/100 tox|[from] Stealth Rock\n|-ability|p2a: Landorus|Intimidate|boost\n|-unboost|p1a: Dragonite|atk|1\n|move|p1a: Dragonite|Heal Bell|p1a: Dragonite\n|-activate|p1a: Dragonite|move: Heal Bell\n|-curestatus|p1a: Dragonite|tox|[msg]\n|-curestatus|p1: Landorus|tox|[msg]\n|\n|-heal|p2a: Landorus|60\/100 tox|[from] item: Leftovers\n|-damage|p2a: Landorus|54\/100 tox|[from] psn\n|-end|p1a: Dragonite|Magma Storm|[partiallytrapped]|[silent]\n|upkeep\n|turn|15\n|\n|t:|1654810463\n|switch|p2a: Weavile|Weavile, F|100\/100\n|-ability|p2a: Weavile|Pressure\n|move|p1a: Dragonite|Ice Beam|p2a: Weavile\n|-resisted|p2a: Weavile\n|-damage|p2a: Weavile|86\/100\n|\n|upkeep\n|turn|16\n|\n|t:|1654810472\n|switch|p1a: Toxapex|Toxapex, M|100\/100\n|-damage|p1a: Toxapex|88\/100|[from] Stealth Rock\n|move|p2a: Weavile|Knock Off|p1a: Toxapex\n|-damage|p1a: Toxapex|61\/100\n|-enditem|p1a: Toxapex|Black Sludge|[from] move: Knock Off|[of] p2a: Weavile\n|\n|upkeep\n|turn|17\n|\n|t:|1654810487\n|switch|p2a: Tapu Koko|Tapu Koko|86\/100\n|-fieldstart|move: Electric Terrain|[from] ability: Electric Surge|[of] p2a: Tapu Koko\n|move|p1a: Toxapex|Recover|p1a: Toxapex\n|-heal|p1a: Toxapex|100\/100\n|\n|upkeep\n|turn|18\n|j| Aigr\n|\n|t:|1654810500\n|move|p2a: Tapu Koko|U-turn|p1a: Toxapex\n|-resisted|p1a: Toxapex\n|-damage|p1a: Toxapex|95\/100\n|\n|t:|1654810503\n|switch|p2a: Heatran|Heatran, M|84\/100|[from]move: U-turn\n|-damage|p2a: Heatran|72\/100|[from] Stealth Rock\n|move|p1a: Toxapex|Knock Off|p2a: Heatran\n|-crit|p2a: Heatran\n|-damage|p2a: Heatran|53\/100\n|-enditem|p2a: Heatran|Leftovers|[from] move: Knock Off|[of] p1a: Toxapex\n|\n|upkeep\n|turn|19\n|\n|t:|1654810513\n|switch|p1a: Dragonite|Dragonite, M|81\/100\n|move|p2a: Heatran|Magma Storm|p1a: Dragonite\n|-resisted|p1a: Dragonite\n|-damage|p1a: Dragonite|65\/100\n|-activate|p1a: Dragonite|move: Magma Storm|[of] p2a: Heatran\n|\n|-damage|p1a: Dragonite|53\/100|[from] move: Magma Storm|[partiallytrapped]\n|upkeep\n|turn|20\n|\n|t:|1654810525\n|move|p1a: Dragonite|Earthquake|p2a: Heatran\n|-supereffective|p2a: Heatran\n|-damage|p2a: Heatran|0 fnt\n|faint|p2a: Heatran\n|\n|-end|p1a: Dragonite|Magma Storm|[partiallytrapped]|[silent]\n|upkeep\n|\n|t:|1654810529\n|switch|p2a: Weavile|Weavile, F|86\/100\n|-ability|p2a: Weavile|Pressure\n|turn|21\n|\n|t:|1654810535\n|switch|p2a: Tapu Koko|Tapu Koko|86\/100\n|switch|p1a: Toxapex|Toxapex, M|100\/100\n|-damage|p1a: Toxapex|88\/100|[from] Stealth Rock\n|\n|-fieldend|move: Electric Terrain\n|upkeep\n|turn|22\n|\n|t:|1654810546\n|switch|p1a: Aegislash|Aegislash, M|100\/100\n|-damage|p1a: Aegislash|94\/100|[from] Stealth Rock\n|move|p2a: Tapu Koko|Thunderbolt|p1a: Aegislash\n|-crit|p1a: Aegislash\n|-damage|p1a: Aegislash|57\/100\n|\n|-heal|p1a: Aegislash|63\/100|[from] item: Leftovers\n|upkeep\n|turn|23\n|\n|t:|1654810558\n|switch|p2a: Weavile|Weavile, F|86\/100\n|-ability|p2a: Weavile|Pressure\n|-formechange|p1a: Aegislash|Aegislash-Blade||[from] ability: Stance Change\n|move|p1a: Aegislash|Shadow Ball|p2a: Weavile\n|-resisted|p2a: Weavile\n|-damage|p2a: Weavile|60\/100\n|\n|-heal|p1a: Aegislash|70\/100|[from] item: Leftovers\n|upkeep\n|turn|24\n|\n|t:|1654810569\n|switch|p2a: Tapu Koko|Tapu Koko|86\/100\n|-fieldstart|move: Electric Terrain|[from] ability: Electric Surge|[of] p2a: Tapu Koko\n|move|p1a: Aegislash|Toxic|p2a: Tapu Koko\n|-status|p2a: Tapu Koko|tox\n|\n|-heal|p1a: Aegislash|76\/100|[from] item: Leftovers\n|-damage|p2a: Tapu Koko|80\/100 tox|[from] psn\n|upkeep\n|turn|25\n|j| prof dankness\n|j| CB Bhris Breezy\n|\n|t:|1654810588\n|switch|p2a: Tapu Fini|Tapu Fini|79\/100\n|-damage|p2a: Tapu Fini|67\/100|[from] Stealth Rock\n|-fieldstart|move: Misty Terrain|[from] ability: Misty Surge|[of] p2a: Tapu Fini\n|-formechange|p1a: Aegislash|Aegislash||[from] ability: Stance Change\n|move|p1a: Aegislash|King's Shield||[still]\n|-fail|p1a: Aegislash\n|\n|-heal|p2a: Tapu Fini|73\/100|[from] item: Leftovers\n|-heal|p1a: Aegislash|82\/100|[from] item: Leftovers\n|upkeep\n|turn|26\n|\n|t:|1654810605\n|switch|p1a: Toxapex|Toxapex, M|100\/100\n|-damage|p1a: Toxapex|88\/100|[from] Stealth Rock\n|move|p2a: Tapu Fini|Knock Off|p1a: Toxapex\n|-damage|p1a: Toxapex|81\/100\n|\n|-heal|p2a: Tapu Fini|79\/100|[from] item: Leftovers\n|upkeep\n|turn|27\n|\n|t:|1654810614\n|switch|p2a: Kartana|Kartana|100\/100\n|-damage|p2a: Kartana|94\/100|[from] Stealth Rock\n|move|p1a: Toxapex|Knock Off|p2a: Kartana\n|-damage|p2a: Kartana|78\/100\n|-enditem|p2a: Kartana|Life Orb|[from] move: Knock Off|[of] p1a: Toxapex\n|\n|upkeep\n|turn|28\n|\n|t:|1654810626\n|switch|p1a: Dragapult|Dragapult, M|100\/100\n|-damage|p1a: Dragapult|88\/100|[from] Stealth Rock\n|move|p2a: Kartana|Swords Dance|p2a: Kartana\n|-boost|p2a: Kartana|atk|2\n|\n|upkeep\n|turn|29\n|\n|t:|1654810634\n|switch|p2a: Landorus|Landorus-Therian, M|54\/100 tox\n|-damage|p2a: Landorus|42\/100 tox|[from] Stealth Rock\n|-ability|p2a: Landorus|Intimidate|boost\n|-unboost|p1a: Dragapult|atk|1\n|move|p1a: Dragapult|Shadow Ball|p2a: Landorus\n|-damage|p2a: Landorus|0 fnt\n|faint|p2a: Landorus\n|\n|-fieldend|Misty Terrain\n|upkeep\n|\n|t:|1654810640\n|switch|p2a: Weavile|Weavile, F|60\/100\n|-ability|p2a: Weavile|Pressure\n|turn|30\n|\n|t:|1654810654\n|switch|p1a: Toxapex|Toxapex, M|100\/100\n|-damage|p1a: Toxapex|88\/100|[from] Stealth Rock\n|move|p2a: Weavile|Knock Off|p1a: Toxapex\n|-damage|p1a: Toxapex|70\/100\n|\n|upkeep\n|turn|31\n|\n|t:|1654810663\n|switch|p2a: Kartana|Kartana|78\/100\n|-damage|p2a: Kartana|72\/100|[from] Stealth Rock\n|move|p1a: Toxapex|Recover|p1a: Toxapex\n|-heal|p1a: Toxapex|100\/100\n|\n|upkeep\n|turn|32\n|\n|t:|1654810674\n|move|p2a: Kartana|Swords Dance|p2a: Kartana\n|-boost|p2a: Kartana|atk|2\n|move|p1a: Toxapex|Toxic Spikes|p2a: Kartana\n|-sidestart|p2: Chokst du|move: Toxic Spikes\n|\n|upkeep\n|turn|33\n|\n|t:|1654810680\n|move|p2a: Kartana|Knock Off|p1a: Toxapex\n|-damage|p1a: Toxapex|63\/100\n|move|p1a: Toxapex|Haze|p1a: Toxapex\n|-clearallboost\n|\n|upkeep\n|turn|34\n|\n|t:|1654810687\n|move|p2a: Kartana|Swords Dance|p2a: Kartana\n|-boost|p2a: Kartana|atk|2\n|move|p1a: Toxapex|Recover|p1a: Toxapex\n|-heal|p1a: Toxapex|100\/100\n|\n|upkeep\n|turn|35\n|\n|t:|1654810697\n|move|p2a: Kartana|Leaf Blade|p1a: Toxapex\n|-damage|p1a: Toxapex|23\/100\n|move|p1a: Toxapex|Haze|p1a: Toxapex\n|-clearallboost\n|\n|upkeep\n|turn|36\n|\n|t:|1654810705\n|switch|p1a: Landorus|Landorus-Therian, M|71\/100\n|-damage|p1a: Landorus|59\/100|[from] Stealth Rock\n|-ability|p1a: Landorus|Intimidate|boost\n|-unboost|p2a: Kartana|atk|1\n|move|p2a: Kartana|Leaf Blade|p1a: Landorus\n|-damage|p1a: Landorus|21\/100\n|\n|-heal|p1a: Landorus|27\/100|[from] item: Leftovers\n|upkeep\n|turn|37\n|\n|t:|1654810718\n|switch|p1a: Dragapult|Dragapult, M|88\/100\n|-damage|p1a: Dragapult|76\/100|[from] Stealth Rock\n|move|p2a: Kartana|Leaf Blade|p1a: Dragapult\n|-resisted|p1a: Dragapult\n|-damage|p1a: Dragapult|47\/100\n|\n|upkeep\n|turn|38\n|\n|t:|1654810727\n|switch|p2a: Tapu Koko|Tapu Koko|80\/100 tox\n|-fieldstart|move: Electric Terrain|[from] ability: Electric Surge|[of] p2a: Tapu Koko\n|move|p1a: Dragapult|Shadow Ball|p2a: Tapu Koko\n|-damage|p2a: Tapu Koko|18\/100 tox\n|\n|-damage|p2a: Tapu Koko|12\/100 tox|[from] psn\n|upkeep\n|turn|39\n|\n|t:|1654810737\n|move|p1a: Dragapult|Shadow Ball|p2a: Tapu Koko\n|-damage|p2a: Tapu Koko|0 fnt\n|faint|p2a: Tapu Koko\n|\n|upkeep\n|\n|t:|1654810739\n|switch|p2a: Weavile|Weavile, F|60\/100\n|-ability|p2a: Weavile|Pressure\n|turn|40\n|\n|t:|1654810757\n|move|p1a: Dragapult|Shadow Ball|p2a: Weavile\n|-resisted|p2a: Weavile\n|-damage|p2a: Weavile|34\/100\n|-unboost|p2a: Weavile|spd|1\n|move|p2a: Weavile|Swords Dance|p2a: Weavile\n|-boost|p2a: Weavile|atk|2\n|\n|upkeep\n|turn|41\n|\n|t:|1654810766\n|switch|p1a: Landorus|Landorus-Therian, M|27\/100\n|-damage|p1a: Landorus|15\/100|[from] Stealth Rock\n|-ability|p1a: Landorus|Intimidate|boost\n|-unboost|p2a: Weavile|atk|1\n|move|p2a: Weavile|Ice Shard|p1a: Landorus\n|-supereffective|p1a: Landorus\n|-damage|p1a: Landorus|0 fnt\n|faint|p1a: Landorus\n|\n|upkeep\n|\n|t:|1654810780\n|switch|p1a: Toxapex|Toxapex, M|57\/100\n|-damage|p1a: Toxapex|44\/100|[from] Stealth Rock\n|turn|42\n|\n|t:|1654810795\n|move|p2a: Weavile|Knock Off|p1a: Toxapex\n|-damage|p1a: Toxapex|14\/100\n|move|p1a: Toxapex|Recover|p1a: Toxapex\n|-heal|p1a: Toxapex|65\/100\n|\n|-fieldend|move: Electric Terrain\n|upkeep\n|turn|43\n|\n|t:|1654810802\n|move|p2a: Weavile|Knock Off|p1a: Toxapex\n|-damage|p1a: Toxapex|37\/100\n|move|p1a: Toxapex|Recover|p1a: Toxapex\n|-heal|p1a: Toxapex|88\/100\n|\n|upkeep\n|turn|44\n|\n|t:|1654810813\n|switch|p2a: Kartana|Kartana|72\/100\n|-damage|p2a: Kartana|66\/100|[from] Stealth Rock\n|move|p1a: Toxapex|Recover|p1a: Toxapex\n|-heal|p1a: Toxapex|100\/100\n|\n|upkeep\n|turn|45\n|\n|t:|1654810821\n|switch|p1a: Dragonite|Dragonite, M|53\/100\n|move|p2a: Kartana|Swords Dance|p2a: Kartana\n|-boost|p2a: Kartana|atk|2\n|\n|upkeep\n|turn|46\n|\n|t:|1654810828\n|move|p2a: Kartana|Knock Off|p1a: Dragonite\n|-damage|p1a: Dragonite|0 fnt\n|-enditem|p1a: Dragonite|Heavy-Duty Boots|[from] move: Knock Off|[of] p2a: Kartana\n|faint|p1a: Dragonite\n|-ability|p2a: Kartana|Beast Boost|boost\n|-boost|p2a: Kartana|atk|1\n|\n|upkeep\n|\n|t:|1654810835\n|switch|p1a: Dragapult|Dragapult, M|47\/100\n|-damage|p1a: Dragapult|35\/100|[from] Stealth Rock\n|turn|47\n|\n|t:|1654810842\n|switch|p2a: Tapu Fini|Tapu Fini|79\/100\n|-damage|p2a: Tapu Fini|66\/100|[from] Stealth Rock\n|-status|p2a: Tapu Fini|psn\n|-fieldstart|move: Misty Terrain|[from] ability: Misty Surge|[of] p2a: Tapu Fini\n|move|p1a: Dragapult|Shadow Ball|p2a: Tapu Fini\n|-damage|p2a: Tapu Fini|41\/100 psn\n|\n|-heal|p2a: Tapu Fini|47\/100 psn|[from] item: Leftovers\n|-damage|p2a: Tapu Fini|35\/100 psn|[from] psn\n|upkeep\n|turn|48\n|\n|t:|1654810856\n|switch|p1a: Aegislash|Aegislash, M|82\/100\n|-damage|p1a: Aegislash|76\/100|[from] Stealth Rock\n|switch|p2a: Kartana|Kartana|66\/100\n|-damage|p2a: Kartana|60\/100|[from] Stealth Rock\n|\n|-heal|p1a: Aegislash|82\/100|[from] item: Leftovers\n|upkeep\n|turn|49\n|\n|t:|1654810867\n|move|p2a: Kartana|Knock Off|p1a: Aegislash\n|-supereffective|p1a: Aegislash\n|-damage|p1a: Aegislash|15\/100\n|-enditem|p1a: Aegislash|Leftovers|[from] move: Knock Off|[of] p2a: Kartana\n|-formechange|p1a: Aegislash|Aegislash-Blade||[from] ability: Stance Change\n|move|p1a: Aegislash|Shadow Ball|p2a: Kartana\n|-damage|p2a: Kartana|0 fnt\n|faint|p2a: Kartana\n|\n|upkeep\n|\n|t:|1654810869\n|switch|p2a: Weavile|Weavile, F|34\/100\n|-ability|p2a: Weavile|Pressure\n|turn|50\n|l| Aigr\n|\n|t:|1654810880\n|move|p2a: Weavile|Knock Off|p1a: Aegislash\n|-supereffective|p1a: Aegislash\n|-damage|p1a: Aegislash|0 fnt\n|faint|p1a: Aegislash\n|\n|upkeep\n|\n|t:|1654810887\n|switch|p1a: Toxapex|Toxapex, M|100\/100\n|-damage|p1a: Toxapex|88\/100|[from] Stealth Rock\n|turn|51\n|\n|t:|1654810891\n|switch|p2a: Tapu Fini|Tapu Fini|35\/100 psn\n|-damage|p2a: Tapu Fini|22\/100 psn|[from] Stealth Rock\n|move|p1a: Toxapex|Knock Off|p2a: Tapu Fini\n|-resisted|p2a: Tapu Fini\n|-damage|p2a: Tapu Fini|16\/100 psn\n|-enditem|p2a: Tapu Fini|Leftovers|[from] move: Knock Off|[of] p1a: Toxapex\n|\n|-damage|p2a: Tapu Fini|4\/100 psn|[from] psn\n|-fieldend|Misty Terrain\n|upkeep\n|turn|52\n|\n|t:|1654810902\n|move|p2a: Tapu Fini|Scald|p1a: Toxapex\n|-resisted|p1a: Toxapex\n|-damage|p1a: Toxapex|77\/100\n|-status|p1a: Toxapex|brn\n|move|p1a: Toxapex|Recover|p1a: Toxapex\n|-heal|p1a: Toxapex|100\/100 brn\n|\n|-damage|p2a: Tapu Fini|0 fnt|[from] psn\n|faint|p2a: Tapu Fini\n|-damage|p1a: Toxapex|95\/100 brn|[from] brn\n|upkeep\n|\n|t:|1654810904\n|switch|p2a: Weavile|Weavile, F|34\/100\n|-ability|p2a: Weavile|Pressure\n|turn|53\n|\n|t:|1654810918\n|move|p2a: Weavile|Swords Dance|p2a: Weavile\n|-boost|p2a: Weavile|atk|2\n|move|p1a: Toxapex|Knock Off|p2a: Weavile\n|-resisted|p2a: Weavile\n|-damage|p2a: Weavile|28\/100\n|-enditem|p2a: Weavile|Heavy-Duty Boots|[from] move: Knock Off|[of] p1a: Toxapex\n|\n|-damage|p1a: Toxapex|89\/100 brn|[from] brn\n|upkeep\n|turn|54\n|\n|t:|1654810929\n|move|p2a: Weavile|Knock Off|p1a: Toxapex\n|-damage|p1a: Toxapex|47\/100 brn\n|move|p1a: Toxapex|Haze|p1a: Toxapex\n|-clearallboost\n|\n|-damage|p1a: Toxapex|41\/100 brn|[from] brn\n|upkeep\n|turn|55\n|\n|t:|1654810939\n|move|p2a: Weavile|Swords Dance|p2a: Weavile\n|-boost|p2a: Weavile|atk|2\n|move|p1a: Toxapex|Recover|p1a: Toxapex\n|-heal|p1a: Toxapex|91\/100 brn\n|\n|-damage|p1a: Toxapex|85\/100 brn|[from] brn\n|upkeep\n|turn|56\n|\n|t:|1654810948\n|move|p2a: Weavile|Knock Off|p1a: Toxapex\n|-damage|p1a: Toxapex|46\/100 brn\n|move|p1a: Toxapex|Recover|p1a: Toxapex\n|-heal|p1a: Toxapex|96\/100 brn\n|\n|-damage|p1a: Toxapex|90\/100 brn|[from] brn\n|upkeep\n|turn|57\n|\n|t:|1654810956\n|move|p2a: Weavile|Knock Off|p1a: Toxapex\n|-damage|p1a: Toxapex|51\/100 brn\n|move|p1a: Toxapex|Recover|p1a: Toxapex\n|-heal|p1a: Toxapex|100\/100 brn\n|\n|-damage|p1a: Toxapex|95\/100 brn|[from] brn\n|upkeep\n|turn|58\n|\n|t:|1654810964\n|move|p2a: Weavile|Knock Off|p1a: Toxapex\n|-damage|p1a: Toxapex|57\/100 brn\n|move|p1a: Toxapex|Haze|p1a: Toxapex\n|-clearallboost\n|\n|-damage|p1a: Toxapex|51\/100 brn|[from] brn\n|upkeep\n|turn|59\n|\n|t:|1654810972\n|move|p2a: Weavile|Swords Dance|p2a: Weavile\n|-boost|p2a: Weavile|atk|2\n|move|p1a: Toxapex|Recover|p1a: Toxapex\n|-heal|p1a: Toxapex|100\/100 brn\n|\n|-damage|p1a: Toxapex|95\/100 brn|[from] brn\n|upkeep\n|turn|60\n|\n|t:|1654810983\n|move|p2a: Weavile|Knock Off|p1a: Toxapex\n|-damage|p1a: Toxapex|55\/100 brn\n|move|p1a: Toxapex|Haze|p1a: Toxapex\n|-clearallboost\n|\n|-damage|p1a: Toxapex|49\/100 brn|[from] brn\n|upkeep\n|turn|61\n|\n|t:|1654810992\n|move|p2a: Weavile|Swords Dance|p2a: Weavile\n|-boost|p2a: Weavile|atk|2\n|move|p1a: Toxapex|Knock Off|p2a: Weavile\n|-resisted|p2a: Weavile\n|-damage|p2a: Weavile|23\/100\n|\n|-damage|p1a: Toxapex|43\/100 brn|[from] brn\n|upkeep\n|turn|62\n|l| CB Bhris Breezy\n|\n|t:|1654811000\n|move|p2a: Weavile|Knock Off|p1a: Toxapex\n|-crit|p1a: Toxapex\n|-damage|p1a: Toxapex|0 fnt\n|faint|p1a: Toxapex\n|\n|upkeep\n|\n|t:|1654811006\n|switch|p1a: Zapdos|Zapdos-Galar|52\/100\n|-damage|p1a: Zapdos|40\/100|[from] Stealth Rock\n|turn|63\n|\n|t:|1654811010\n|move|p2a: Weavile|Ice Shard|p1a: Zapdos\n|-supereffective|p1a: Zapdos\n|-damage|p1a: Zapdos|0 fnt\n|faint|p1a: Zapdos\n|\n|upkeep\n|-message|dracaufeu shiny forfeited.\n|\n|win|Chokst du\n|raw|dracaufeu shiny's rating: 1658 &rarr; <strong>1642<\/strong><br \/>(-16 for losing)\n|raw|Chokst du's rating: 1728 &rarr; <strong>1744<\/strong><br \/>(+16 for winning)\n|player|p2|Chokst du|lucas\n|j| CB Bhris Breezy\n|l| CB Bhris Breezy\n||Ladder isn't responding, score probably updated but might not have (Request timeout).\n","uploadtime":1654811026,"views":35,"p1id":"dracaufeushiny","p2id":"chokstdu","formatid":"gen8ou","rating":1642,"private":0,"password":null}