{"id":"gen8bdspou-1636076067","p1":"Yeeties Cereal","p2":"Ill Leave","format":"gen8bdspou","log":"|j|\u2606Yeeties Cereal\n|j|\u2606Ill Leave\n|t:|1660081492\n|gametype|singles\n|player|p1|Yeeties Cereal|169|1674\n|player|p2|Ill Leave|101|1569\n|teamsize|p1|6\n|teamsize|p2|6\n|gen|8\n|tier|[Gen 8 BDSP] OU\n|rated|\n|rule|Sleep Clause Mod: Limit one foe put to sleep\n|rule|Species Clause: Limit one of each Pok\u00e9mon\n|rule|OHKO Clause: OHKO moves are banned\n|rule|Evasion Items Clause: Evasion items are banned\n|rule|Evasion Moves Clause: Evasion moves are banned\n|rule|Endless Battle Clause: Forcing endless battles is banned\n|rule|HP Percentage Mod: HP is shown in percentages\n|clearpoke\n|poke|p1|Drifblim, F|\n|poke|p1|Donphan, F|\n|poke|p1|Roserade, F|\n|poke|p1|Heatran, M|\n|poke|p1|Rotom-Wash|\n|poke|p1|Weavile, M|\n|poke|p2|Crawdaunt, F|\n|poke|p2|Lucario, M|\n|poke|p2|Garchomp, F|\n|poke|p2|Clefable, M|\n|poke|p2|Heatran, M|\n|poke|p2|Weezing, F|\n|teampreview\n|\n|t:|1660081502\n|start\n|switch|p1a: Rotom|Rotom-Wash|100\/100\n|switch|p2a: Weezing|Weezing, F|100\/100\n|turn|1\n|\n|t:|1660081521\n|move|p1a: Rotom|Volt Switch|p2a: Weezing\n|-damage|p2a: Weezing|55\/100\n|\n|t:|1660081524\n|switch|p1a: Heatran|Heatran, M|100\/100|[from]move: Volt Switch\n|move|p2a: Weezing|Toxic Spikes|p1a: Heatran\n|-sidestart|p1: Yeeties Cereal|move: Toxic Spikes\n|\n|-heal|p2a: Weezing|61\/100|[from] item: Black Sludge\n|upkeep\n|turn|2\n|\n|t:|1660081536\n|switch|p2a: Garchomp|Garchomp, F|100\/100\n|move|p1a: Heatran|Magma Storm|p2a: Garchomp\n|-resisted|p2a: Garchomp\n|-damage|p2a: Garchomp|77\/100\n|-activate|p2a: Garchomp|move: Magma Storm|[of] p1a: Heatran\n|\n|-damage|p2a: Garchomp|65\/100|[from] move: Magma Storm|[partiallytrapped]\n|upkeep\n|turn|3\n|j| Criticos\n|\n|t:|1660081619\n|switch|p1a: Rotom|Rotom-Wash|100\/100\n|move|p2a: Garchomp|Earthquake|p1a: Rotom\n|-immune|p1a: Rotom|[from] ability: Levitate\n|\n|-end|p2a: Garchomp|Magma Storm|[partiallytrapped]|[silent]\n|upkeep\n|turn|4\n|\n|t:|1660081627\n|move|p1a: Rotom|Hydro Pump|p2a: Garchomp\n|-damage|p2a: Garchomp|15\/100\n|move|p2a: Garchomp|Stealth Rock|p1a: Rotom\n|-sidestart|p1: Yeeties Cereal|move: Stealth Rock\n|\n|upkeep\n|turn|5\n|\n|t:|1660081642\n|move|p1a: Rotom|Hydro Pump|p2a: Garchomp\n|-damage|p2a: Garchomp|0 fnt\n|faint|p2a: Garchomp\n|\n|upkeep\n|\n|t:|1660081649\n|switch|p2a: Crawdaunt|Crawdaunt, F|100\/100\n|turn|6\n|\n|t:|1660081658\n|switch|p1a: Roserade|Roserade, F|100\/100\n|-sideend|p1: Yeeties Cereal|move: Toxic Spikes|[of] p1a: Roserade\n|-damage|p1a: Roserade|88\/100|[from] Stealth Rock\n|move|p2a: Crawdaunt|Knock Off|p1a: Roserade\n|-damage|p1a: Roserade|0 fnt\n|-enditem|p1a: Roserade|Black Sludge|[from] move: Knock Off|[of] p2a: Crawdaunt\n|faint|p1a: Roserade\n|\n|upkeep\n|\n|t:|1660081666\n|switch|p1a: Rotom|Rotom-Wash|100\/100\n|-damage|p1a: Rotom|88\/100|[from] Stealth Rock\n|turn|7\n|\n|t:|1660081673\n|switch|p2a: Heatran|Heatran, M|100\/100\n|move|p1a: Rotom|Volt Switch|p2a: Heatran\n|-damage|p2a: Heatran|81\/100\n|\n|t:|1660081677\n|switch|p1a: Donphan|Donphan, F|100\/100|[from]move: Volt Switch\n|-damage|p1a: Donphan|94\/100|[from] Stealth Rock\n|\n|-heal|p2a: Heatran|87\/100|[from] item: Leftovers\n|-heal|p1a: Donphan|100\/100|[from] item: Leftovers\n|upkeep\n|turn|8\n|\n|t:|1660081680\n|switch|p2a: Weezing|Weezing, F|61\/100\n|move|p1a: Donphan|Rapid Spin|p2a: Weezing\n|-damage|p2a: Weezing|51\/100\n|-boost|p1a: Donphan|spe|1\n|-sideend|p1: Yeeties Cereal|Stealth Rock|[from] move: Rapid Spin|[of] p1a: Donphan\n|\n|-heal|p2a: Weezing|57\/100|[from] item: Black Sludge\n|upkeep\n|turn|9\n|\n|t:|1660081685\n|move|p1a: Donphan|Knock Off|p2a: Weezing\n|-damage|p2a: Weezing|38\/100\n|-enditem|p2a: Weezing|Black Sludge|[from] move: Knock Off|[of] p1a: Donphan\n|move|p2a: Weezing|Toxic Spikes|p1a: Donphan\n|-sidestart|p1: Yeeties Cereal|move: Toxic Spikes\n|\n|upkeep\n|turn|10\n|\n|t:|1660081690\n|move|p1a: Donphan|Rapid Spin|p2a: Weezing\n|-damage|p2a: Weezing|30\/100\n|-boost|p1a: Donphan|spe|1\n|-sideend|p1: Yeeties Cereal|Toxic Spikes|[from] move: Rapid Spin|[of] p1a: Donphan\n|move|p2a: Weezing|Toxic|p1a: Donphan\n|-status|p1a: Donphan|tox\n|\n|-damage|p1a: Donphan|94\/100 tox|[from] psn\n|upkeep\n|turn|11\n|\n|t:|1660081695\n|move|p1a: Donphan|Knock Off|p2a: Weezing\n|-crit|p2a: Weezing\n|-damage|p2a: Weezing|14\/100\n|move|p2a: Weezing|Pain Split|p1a: Donphan\n|-sethp|p1a: Donphan|53\/100 tox|[from] move: Pain Split|[silent]\n|-sethp|p2a: Weezing|61\/100|[from] move: Pain Split\n|\n|-heal|p1a: Donphan|59\/100 tox|[from] item: Leftovers\n|-damage|p1a: Donphan|47\/100 tox|[from] psn\n|upkeep\n|turn|12\n|\n|t:|1660081701\n|switch|p1a: Heatran|Heatran, M|100\/100\n|move|p2a: Weezing|Toxic Spikes|p1a: Heatran\n|-sidestart|p1: Yeeties Cereal|move: Toxic Spikes\n|\n|upkeep\n|turn|13\n|\n|t:|1660081707\n|switch|p2a: Heatran|Heatran, M|87\/100\n|move|p1a: Heatran|Stealth Rock|p2a: Heatran\n|-sidestart|p2: Ill Leave|move: Stealth Rock\n|\n|-heal|p2a: Heatran|93\/100|[from] item: Leftovers\n|upkeep\n|turn|14\n|\n|t:|1660081713\n|move|p1a: Heatran|Earth Power|p2a: Heatran\n|-supereffective|p2a: Heatran\n|-damage|p2a: Heatran|21\/100\n|move|p2a: Heatran|Earth Power|p1a: Heatran\n|-supereffective|p1a: Heatran\n|-damage|p1a: Heatran|24\/100\n|-unboost|p1a: Heatran|spd|1\n|\n|-heal|p1a: Heatran|30\/100|[from] item: Leftovers\n|-heal|p2a: Heatran|27\/100|[from] item: Leftovers\n|upkeep\n|turn|15\n|\n|t:|1660081726\n|move|p1a: Heatran|Earth Power|p2a: Heatran\n|-supereffective|p2a: Heatran\n|-damage|p2a: Heatran|0 fnt\n|faint|p2a: Heatran\n|\n|-heal|p1a: Heatran|36\/100|[from] item: Leftovers\n|upkeep\n|\n|t:|1660081729\n|switch|p2a: Crawdaunt|Crawdaunt, F|100\/100\n|-damage|p2a: Crawdaunt|88\/100|[from] Stealth Rock\n|turn|16\n|\n|t:|1660081733\n|switch|p1a: Donphan|Donphan, F|47\/100 tox\n|move|p2a: Crawdaunt|Knock Off|p1a: Donphan\n|-damage|p1a: Donphan|0 fnt\n|-enditem|p1a: Donphan|Leftovers|[from] move: Knock Off|[of] p2a: Crawdaunt\n|faint|p1a: Donphan\n|\n|upkeep\n|\n|t:|1660081736\n|switch|p1a: Rotom|Rotom-Wash|88\/100\n|turn|17\n|\n|t:|1660081740\n|switch|p2a: Clefable|Clefable, M|100\/100\n|move|p1a: Rotom|Volt Switch|p2a: Clefable\n|-damage|p2a: Clefable|72\/100\n|\n|t:|1660081744\n|switch|p1a: Heatran|Heatran, M|36\/100|[from]move: Volt Switch\n|\n|-heal|p1a: Heatran|42\/100|[from] item: Leftovers\n|-heal|p2a: Clefable|78\/100|[from] item: Leftovers\n|upkeep\n|turn|18\n|\n|t:|1660081750\n|move|p1a: Heatran|Magma Storm|p2a: Clefable\n|-damage|p2a: Clefable|38\/100\n|-activate|p2a: Clefable|move: Magma Storm|[of] p1a: Heatran\n|move|p2a: Clefable|Wish|p2a: Clefable\n|\n|-heal|p1a: Heatran|49\/100|[from] item: Leftovers\n|-heal|p2a: Clefable|44\/100|[from] item: Leftovers\n|upkeep\n|turn|19\n|\n|t:|1660081757\n|move|p1a: Heatran|Earth Power|p2a: Clefable\n|-damage|p2a: Clefable|19\/100\n|move|p2a: Clefable|Thunder Wave|p1a: Heatran\n|-status|p1a: Heatran|par\n|\n|-heal|p2a: Clefable|69\/100|[from] move: Wish|[wisher] Clefable\n|-heal|p2a: Clefable|75\/100|[from] item: Leftovers\n|-heal|p1a: Heatran|55\/100 par|[from] item: Leftovers\n|upkeep\n|turn|20\n|\n|t:|1660081763\n|move|p2a: Clefable|Wish|p2a: Clefable\n|move|p1a: Heatran|Taunt|p2a: Clefable\n|-start|p2a: Clefable|move: Taunt\n|\n|-heal|p2a: Clefable|81\/100|[from] item: Leftovers\n|-heal|p1a: Heatran|61\/100 par|[from] item: Leftovers\n|upkeep\n|turn|21\n|\n|t:|1660081767\n|move|p2a: Clefable|Moonblast|p1a: Heatran\n|-resisted|p1a: Heatran\n|-damage|p1a: Heatran|56\/100 par\n|move|p1a: Heatran|Magma Storm|p2a: Clefable\n|-damage|p2a: Clefable|37\/100\n|\n|-heal|p2a: Clefable|87\/100|[from] move: Wish|[wisher] Clefable\n|-heal|p2a: Clefable|93\/100|[from] item: Leftovers\n|-heal|p1a: Heatran|62\/100 par|[from] item: Leftovers\n|upkeep\n|turn|22\n|\n|t:|1660081772\n|move|p2a: Clefable|Moonblast|p1a: Heatran\n|-resisted|p1a: Heatran\n|-damage|p1a: Heatran|56\/100 par\n|move|p1a: Heatran|Magma Storm|p2a: Clefable\n|-damage|p2a: Clefable|53\/100\n|\n|-heal|p2a: Clefable|59\/100|[from] item: Leftovers\n|-heal|p1a: Heatran|62\/100 par|[from] item: Leftovers\n|-end|p2a: Clefable|Magma Storm|[partiallytrapped]\n|upkeep\n|turn|23\n|\n|t:|1660081779\n|move|p2a: Clefable|Moonblast|p1a: Heatran\n|-resisted|p1a: Heatran\n|-damage|p1a: Heatran|56\/100 par\n|move|p1a: Heatran|Magma Storm|p2a: Clefable\n|-damage|p2a: Clefable|17\/100\n|-activate|p2a: Clefable|move: Magma Storm|[of] p1a: Heatran\n|\n|-heal|p2a: Clefable|23\/100|[from] item: Leftovers\n|-heal|p1a: Heatran|63\/100 par|[from] item: Leftovers\n|-end|p2a: Clefable|move: Taunt\n|upkeep\n|turn|24\n|\n|t:|1660081786\n|move|p2a: Clefable|Wish|p2a: Clefable\n|move|p1a: Heatran|Magma Storm|p2a: Clefable\n|-damage|p2a: Clefable|0 fnt\n|faint|p2a: Clefable\n|\n|-heal|p1a: Heatran|69\/100 par|[from] item: Leftovers\n|upkeep\n|\n|t:|1660081790\n|switch|p2a: Crawdaunt|Crawdaunt, F|88\/100\n|-damage|p2a: Crawdaunt|76\/100|[from] Stealth Rock\n|turn|25\n|\n|t:|1660081794\n|move|p2a: Crawdaunt|Knock Off|p1a: Heatran\n|-damage|p1a: Heatran|0 fnt\n|-enditem|p1a: Heatran|Leftovers|[from] move: Knock Off|[of] p2a: Crawdaunt\n|faint|p1a: Heatran\n|\n|-heal|p2a: Crawdaunt|100\/100|[from] move: Wish|[wisher] Clefable\n|upkeep\n|\n|t:|1660081798\n|switch|p1a: Rotom|Rotom-Wash|88\/100\n|turn|26\n|\n|t:|1660081804\n|switch|p2a: Lucario|Lucario, M|100\/100\n|-damage|p2a: Lucario|98\/100|[from] Stealth Rock\n|move|p1a: Rotom|Volt Switch|p2a: Lucario\n|-damage|p2a: Lucario|45\/100\n|\n|t:|1660081816\n|switch|p1a: Drifblim|Drifblim, F|100\/100|[from]move: Volt Switch\n|\n|upkeep\n|turn|27\n|\n|t:|1660081821\n|move|p2a: Lucario|Crunch|p1a: Drifblim\n|-supereffective|p1a: Drifblim\n|-damage|p1a: Drifblim|36\/100\n|-enditem|p1a: Drifblim|Sitrus Berry|[eat]\n|-heal|p1a: Drifblim|61\/100|[from] item: Sitrus Berry\n|move|p1a: Drifblim|Shadow Ball|p2a: Lucario\n|-damage|p2a: Lucario|4\/100\n|\n|upkeep\n|turn|28\n|\n|t:|1660081836\n|switch|p2a: Crawdaunt|Crawdaunt, F|100\/100\n|-damage|p2a: Crawdaunt|88\/100|[from] Stealth Rock\n|move|p1a: Drifblim|Strength Sap|p2a: Crawdaunt\n|-unboost|p2a: Crawdaunt|atk|1\n|-heal|p1a: Drifblim|100\/100\n|\n|upkeep\n|turn|29\n|\n|t:|1660081843\n|move|p1a: Drifblim|Calm Mind|p1a: Drifblim\n|-boost|p1a: Drifblim|spa|1\n|-boost|p1a: Drifblim|spd|1\n|move|p2a: Crawdaunt|Knock Off|p1a: Drifblim\n|-supereffective|p1a: Drifblim\n|-damage|p1a: Drifblim|21\/100\n|\n|upkeep\n|turn|30\n|\n|t:|1660081850\n|switch|p2a: Weezing|Weezing, F|61\/100\n|-damage|p2a: Weezing|49\/100|[from] Stealth Rock\n|move|p1a: Drifblim|Strength Sap|p2a: Weezing\n|-unboost|p2a: Weezing|atk|1\n|-heal|p1a: Drifblim|58\/100\n|\n|upkeep\n|turn|31\n|\n|t:|1660081857\n|move|p1a: Drifblim|Shadow Ball|p2a: Weezing\n|-damage|p2a: Weezing|0 fnt\n|faint|p2a: Weezing\n|\n|upkeep\n|\n|t:|1660081861\n|switch|p2a: Crawdaunt|Crawdaunt, F|88\/100\n|-damage|p2a: Crawdaunt|76\/100|[from] Stealth Rock\n|turn|32\n|\n|t:|1660081864\n|move|p2a: Crawdaunt|Aqua Jet|p1a: Drifblim\n|-damage|p1a: Drifblim|24\/100\n|move|p1a: Drifblim|Thunderbolt|p2a: Crawdaunt\n|-supereffective|p2a: Crawdaunt\n|-crit|p2a: Crawdaunt\n|-damage|p2a: Crawdaunt|0 fnt\n|faint|p2a: Crawdaunt\n|\n|upkeep\n|\n|t:|1660081869\n|switch|p2a: Lucario|Lucario, M|4\/100\n|-damage|p2a: Lucario|2\/100|[from] Stealth Rock\n|turn|33\n|\n|t:|1660081872\n|move|p1a: Drifblim|Shadow Ball|p2a: Lucario\n|-damage|p2a: Lucario|0 fnt\n|faint|p2a: Lucario\n|\n|win|Yeeties Cereal\n|raw|Yeeties Cereal's rating: 1674 &rarr; <strong>1688<\/strong><br \/>(+14 for winning)\n|raw|Ill Leave's rating: 1569 &rarr; <strong>1555<\/strong><br \/>(-14 for losing)\n|l|\u2606Ill Leave\n||Ladder isn't responding, score probably updated but might not have (Request timeout).\n","uploadtime":1660081879,"views":18,"p1id":"yeetiescereal","p2id":"illleave","formatid":"gen8bdspou","rating":1555,"private":0,"password":null}