{"id":"gen8ou-1706971746","p1":"Varon25","p2":"abridged-13","format":"gen8ou","log":"|j|\u2606Varon25\n|j|\u2606abridged-13\n|t:|1668037669\n|gametype|singles\n|player|p1|Varon25|riley|1241\n|player|p2|abridged-13|burglar|1233\n|teamsize|p1|6\n|teamsize|p2|6\n|gen|8\n|tier|[Gen 8] OU\n|rated|\n|rule|Sleep Clause Mod: Limit one foe put to sleep\n|rule|Species Clause: Limit one of each Pok\u00e9mon\n|rule|OHKO Clause: OHKO moves are banned\n|rule|Evasion Items Clause: Evasion items are banned\n|rule|Evasion Moves Clause: Evasion moves are banned\n|rule|Endless Battle Clause: Forcing endless battles is banned\n|rule|HP Percentage Mod: HP is shown in percentages\n|rule|Dynamax Clause: You cannot dynamax\n|clearpoke\n|poke|p1|Braviary, M|\n|poke|p1|Venusaur, M|\n|poke|p1|Swampert, M|\n|poke|p1|Tapu Koko|\n|poke|p1|Ditto|\n|poke|p1|Lucario, M|\n|poke|p2|Heatran, F|\n|poke|p2|Zeraora|\n|poke|p2|Dragapult, F|\n|poke|p2|Weavile, F|\n|poke|p2|Landorus-Therian, M|\n|poke|p2|Urshifu-*, F|\n|teampreview\n|\n|t:|1668037679\n|start\n|switch|p1a: Ditto|Ditto|100\/100\n|switch|p2a: Landorus|Landorus-Therian, M|100\/100\n|-transform|p1a: Ditto|p2a: Landorus|[from] ability: Imposter\n|-ability|p1a: Ditto|Intimidate|boost\n|-unboost|p2a: Landorus|atk|1\n|-ability|p2a: Landorus|Intimidate|boost\n|-unboost|p1a: Ditto|atk|1\n|turn|1\n|\n|t:|1668037695\n|move|p1a: Ditto|U-turn|p2a: Landorus\n|-resisted|p2a: Landorus\n|-damage|p2a: Landorus|89\/100\n|\n|t:|1668037701\n|switch|p1a: Swampert|Swampert, M|100\/100|[from]move: U-turn\n|move|p2a: Landorus|Rock Tomb|p1a: Swampert\n|-resisted|p1a: Swampert\n|-damage|p1a: Swampert|94\/100\n|-unboost|p1a: Swampert|spe|1\n|\n|-heal|p2a: Landorus|95\/100|[from] item: Leftovers\n|-heal|p1a: Swampert|99\/100|[from] item: Leftovers\n|upkeep\n|turn|2\n|\n|t:|1668037743\n|move|p2a: Landorus|U-turn|p1a: Swampert\n|-damage|p1a: Swampert|83\/100\n|\n|t:|1668037746\n|switch|p2a: Dragapult|Dragapult, F|100\/100|[from]move: U-turn\n|move|p1a: Swampert|Stealth Rock|p2a: Dragapult\n|-sidestart|p2: abridged-13|move: Stealth Rock\n|\n|-heal|p1a: Swampert|90\/100|[from] item: Leftovers\n|upkeep\n|turn|3\n|\n|t:|1668037762\n|move|p2a: Dragapult|Dragon Dance|p2a: Dragapult\n|-boost|p2a: Dragapult|atk|1\n|-boost|p2a: Dragapult|spe|1\n|move|p1a: Swampert|Yawn|p2a: Dragapult\n|-start|p2a: Dragapult|move: Yawn|[of] p1a: Swampert\n|\n|-heal|p1a: Swampert|96\/100|[from] item: Leftovers\n|upkeep\n|turn|4\n|\n|t:|1668037772\n|move|p2a: Dragapult|Dragon Darts|p1a: Swampert\n|-crit|p1a: Swampert\n|-damage|p1a: Swampert|36\/100\n|-anim|p2a: Dragapult|Dragon Darts|p1a: Swampert\n|-damage|p1a: Swampert|0 fnt\n|faint|p1a: Swampert\n|\n|-end|p2a: Dragapult|move: Yawn|[silent]\n|-status|p2a: Dragapult|slp\n|upkeep\n|\n|t:|1668037781\n|switch|p1a: Ditto|Ditto|100\/100\n|-transform|p1a: Ditto|p2a: Dragapult|[from] ability: Imposter\n|turn|5\n|\n|t:|1668037788\n|move|p1a: Ditto|Dragon Darts|p2a: Dragapult\n|-supereffective|p2a: Dragapult\n|-damage|p2a: Dragapult|0 fnt\n|faint|p2a: Dragapult\n|\n|upkeep\n|\n|t:|1668037792\n|switch|p2a: Landorus|Landorus-Therian, M|95\/100\n|-damage|p2a: Landorus|83\/100|[from] Stealth Rock\n|-ability|p2a: Landorus|Intimidate|boost\n|-fail|p1a: Ditto|unboost|[from] ability: Clear Body|[of] p1a: Ditto\n|turn|6\n|\n|t:|1668037798\n|move|p1a: Ditto|Dragon Darts|p2a: Landorus\n|-damage|p2a: Landorus|39\/100\n|-anim|p1a: Ditto|Dragon Darts|p2a: Landorus\n|-damage|p2a: Landorus|0 fnt\n|faint|p2a: Landorus\n|\n|upkeep\n|\n|t:|1668037802\n|switch|p2a: Weavile|Weavile, F|100\/100\n|-damage|p2a: Weavile|76\/100|[from] Stealth Rock\n|-ability|p2a: Weavile|Pressure\n|turn|7\n|\n|t:|1668037809\n|move|p2a: Weavile|Ice Shard|p1a: Ditto\n|-supereffective|p1a: Ditto\n|-damage|p1a: Ditto|15\/100\n|-damage|p2a: Weavile|66\/100|[from] item: Life Orb\n|move|p1a: Ditto|Dragon Darts|p2a: Weavile\n|-damage|p2a: Weavile|0 fnt\n|faint|p2a: Weavile\n|\n|upkeep\n|\n|t:|1668037814\n|switch|p2a: Urshifu|Urshifu-Rapid-Strike, F|100\/100\n|-damage|p2a: Urshifu|94\/100|[from] Stealth Rock\n|turn|8\n|\n|t:|1668037822\n|switch|p1a: Venusaur|Venusaur, M|100\/100\n|move|p2a: Urshifu|Ice Punch|p1a: Venusaur\n|-supereffective|p1a: Venusaur\n|-damage|p1a: Venusaur|51\/100\n|\n|-heal|p1a: Venusaur|57\/100|[from] item: Black Sludge\n|upkeep\n|turn|9\n|\n|t:|1668037831\n|move|p2a: Urshifu|Ice Punch|p1a: Venusaur\n|-supereffective|p1a: Venusaur\n|-damage|p1a: Venusaur|8\/100\n|move|p1a: Venusaur|Leech Seed|p2a: Urshifu|[miss]\n|-miss|p1a: Venusaur|p2a: Urshifu\n|\n|-heal|p1a: Venusaur|14\/100|[from] item: Black Sludge\n|upkeep\n|turn|10\n|\n|t:|1668037882\n|move|p2a: Urshifu|Ice Punch|p1a: Venusaur\n|-supereffective|p1a: Venusaur\n|-damage|p1a: Venusaur|0 fnt\n|faint|p1a: Venusaur\n|\n|upkeep\n|\n|t:|1668037889\n|switch|p1a: Lucario|Lucario, M|100\/100\n|turn|11\n|\n|t:|1668037894\n|move|p1a: Lucario|Close Combat|p2a: Urshifu\n|-damage|p2a: Urshifu|34\/100\n|-unboost|p1a: Lucario|def|1\n|-unboost|p1a: Lucario|spd|1\n|move|p2a: Urshifu|Drain Punch|p1a: Lucario\n|-supereffective|p1a: Lucario\n|-damage|p1a: Lucario|0 fnt\n|-heal|p2a: Urshifu|75\/100|[from] drain|[of] p1a: Lucario\n|faint|p1a: Lucario\n|\n|upkeep\n|\n|t:|1668037906\n|switch|p1a: Tapu Koko|Tapu Koko|100\/100\n|-fieldstart|move: Electric Terrain|[from] ability: Electric Surge|[of] p1a: Tapu Koko\n|turn|12\n|\n|t:|1668037912\n|switch|p2a: Zeraora|Zeraora|100\/100\n|-damage|p2a: Zeraora|88\/100|[from] Stealth Rock\n|move|p1a: Tapu Koko|Dazzling Gleam|p2a: Zeraora\n|-damage|p2a: Zeraora|13\/100\n|\n|upkeep\n|turn|13\n|\n|t:|1668037925\n|move|p2a: Zeraora|Plasma Fists|p1a: Tapu Koko\n|-resisted|p1a: Tapu Koko\n|-damage|p1a: Tapu Koko|60\/100\n|-fieldactivate|move: Ion Deluge\n|-hint|Normal-type moves become Electric-type after using Plasma Fists.\n|move|p1a: Tapu Koko|Dazzling Gleam|p2a: Zeraora\n|-damage|p2a: Zeraora|0 fnt\n|faint|p2a: Zeraora\n|\n|upkeep\n|\n|t:|1668037931\n|switch|p2a: Heatran|Heatran, F|100\/100\n|-damage|p2a: Heatran|88\/100|[from] Stealth Rock\n|-item|p2a: Heatran|Air Balloon\n|turn|14\n|\n|t:|1668037945\n|switch|p1a: Ditto|Ditto|15\/100\n|-transform|p1a: Ditto|p2a: Heatran|[from] ability: Imposter\n|move|p2a: Heatran|Flash Cannon|p1a: Ditto\n|-resisted|p1a: Ditto\n|-damage|p1a: Ditto|2\/100\n|\n|upkeep\n|turn|15\n|\n|t:|1668037957\n|move|p1a: Ditto|Flash Cannon|p2a: Heatran\n|-resisted|p2a: Heatran\n|-damage|p2a: Heatran|78\/100\n|-enditem|p2a: Heatran|Air Balloon\n|move|p2a: Heatran|Flash Cannon|p1a: Ditto\n|-resisted|p1a: Ditto\n|-damage|p1a: Ditto|0 fnt\n|faint|p1a: Ditto\n|\n|upkeep\n|\n|t:|1668037966\n|switch|p1a: Braviary|Braviary, M|100\/100\n|turn|16\n|\n|t:|1668037970\n|move|p1a: Braviary|Close Combat|p2a: Heatran\n|-supereffective|p2a: Heatran\n|-damage|p2a: Heatran|0 fnt\n|-unboost|p1a: Braviary|def|1\n|-unboost|p1a: Braviary|spd|1\n|faint|p2a: Heatran\n|-damage|p1a: Braviary|91\/100|[from] item: Life Orb\n|\n|-fieldend|move: Electric Terrain\n|upkeep\n|\n|t:|1668037975\n|switch|p2a: Urshifu|Urshifu-Rapid-Strike, F|75\/100\n|-damage|p2a: Urshifu|69\/100|[from] Stealth Rock\n|turn|17\n|\n|t:|1668037982\n|move|p2a: Urshifu|Thunder Punch|p1a: Braviary\n|-supereffective|p1a: Braviary\n|-damage|p1a: Braviary|0 fnt\n|faint|p1a: Braviary\n|\n|upkeep\n|\n|t:|1668037988\n|switch|p1a: Tapu Koko|Tapu Koko|60\/100\n|-fieldstart|move: Electric Terrain|[from] ability: Electric Surge|[of] p1a: Tapu Koko\n|turn|18\n|\n|t:|1668037992\n|move|p1a: Tapu Koko|Thunderbolt|p2a: Urshifu\n|-supereffective|p2a: Urshifu\n|-damage|p2a: Urshifu|0 fnt\n|faint|p2a: Urshifu\n|\n|win|Varon25\n|raw|Varon25's rating: 1241 &rarr; <strong>1265<\/strong><br \/>(+24 for winning)\n|raw|abridged-13's rating: 1233 &rarr; <strong>1209<\/strong><br \/>(-24 for losing)\n|l|\u2606abridged-13\n||Ladder isn't responding, score probably updated but might not have (Request timeout).\n","uploadtime":1668038000,"views":4,"p1id":"varon25","p2id":"abridged13","formatid":"gen8ou","rating":1209,"private":0,"password":null}