{"id":"gen8ou-1176288342","p1":"LT73IU Hime","p2":"ranitidine","format":"gen8ou","log":"|raw|<div class=\"broadcast-blue\"><strong>This battle is required to be public due to a player having a name starting with 'LT73IU'.<\/div>\n|j|\u2606LT73IU Hime\n|j|\u2606ranitidine\n|t:|1598534124\n|player|p1|LT73IU Hime|lass|1788\n|player|p2|ranitidine|101|1763\n|teamsize|p1|6\n|teamsize|p2|6\n|gametype|singles\n|gen|8\n|tier|[Gen 8] OU\n|rated|\n|clearpoke\n|poke|p1|Kyurem|\n|poke|p1|Kommo-o, F|\n|poke|p1|Zeraora|\n|poke|p1|Aegislash, M|\n|poke|p1|Clefable, M|\n|poke|p1|Mantine, M|\n|poke|p2|Kyurem|\n|poke|p2|Rhyperior, M|\n|poke|p2|Clefable, F|\n|poke|p2|Ferrothorn, F|\n|poke|p2|Rotom-Heat|\n|poke|p2|Dragapult, F|\n|rule|Sleep Clause Mod: Limit one foe put to sleep\n|rule|Species Clause: Limit one of each Pok\u00e9mon\n|rule|OHKO Clause: OHKO moves are banned\n|rule|Evasion Moves Clause: Evasion moves are banned\n|rule|Endless Battle Clause: Forcing endless battles is banned\n|rule|HP Percentage Mod: HP is shown in percentages\n|rule|Dynamax Clause: You cannot dynamax\n|teampreview\n|inactive|Battle timer is ON: inactive players will automatically lose when time's up. (requested by ranitidine)\n|inactive|LT73IU Hime has 120 seconds left.\n|j| chenchujia\n|\n|t:|1598534205\n|start\n|switch|p1a: Zeraora|Zeraora|100\/100\n|switch|p2a: Dragapult|Dragapult, F|100\/100\n|turn|1\n|\n|t:|1598534215\n|switch|p2a: Ferrothorn|Ferrothorn, F|100\/100\n|move|p1a: Zeraora|Knock Off|p2a: Ferrothorn\n|-damage|p2a: Ferrothorn|87\/100\n|-damage|p1a: Zeraora|88\/100|[from] ability: Iron Barbs|[of] p2a: Ferrothorn\n|-enditem|p2a: Ferrothorn|Leftovers|[from] move: Knock Off|[of] p1a: Zeraora\n|\n|upkeep\n|turn|2\n|\n|t:|1598534222\n|move|p1a: Zeraora|Volt Switch|p2a: Ferrothorn\n|-resisted|p2a: Ferrothorn\n|-damage|p2a: Ferrothorn|72\/100\n|\n|t:|1598534248\n|switch|p1a: Kommo-o|Kommo-o, F|100\/100|[from]move: Volt Switch\n|move|p2a: Ferrothorn|Knock Off|p1a: Kommo-o\n|-resisted|p1a: Kommo-o\n|-damage|p1a: Kommo-o|95\/100\n|-enditem|p1a: Kommo-o|Leftovers|[from] move: Knock Off|[of] p2a: Ferrothorn\n|\n|upkeep\n|turn|3\n|\n|t:|1598534256\n|switch|p2a: Clefable|Clefable, F|100\/100\n|move|p1a: Kommo-o|Stealth Rock|p2a: Clefable\n|-sidestart|p2: ranitidine|move: Stealth Rock\n|\n|upkeep\n|turn|4\n|\n|t:|1598534270\n|switch|p1a: Aegislash|Aegislash, M|100\/100\n|move|p2a: Clefable|Trick|p1a: Aegislash\n|-activate|p2a: Clefable|move: Trick|[of] p1a: Aegislash\n|-item|p1a: Aegislash|Choice Scarf|[from] move: Trick\n|-item|p2a: Clefable|Spell Tag|[from] move: Trick\n|\n|upkeep\n|turn|5\n|inactive|LT73IU Hime has 120 seconds left.\n|\n|t:|1598534294\n|switch|p2a: Rotom|Rotom-Heat|100\/100\n|-formechange|p1a: Aegislash|Aegislash-Blade||[from] ability: Stance Change\n|move|p1a: Aegislash|Flash Cannon|p2a: Rotom\n|-resisted|p2a: Rotom\n|-damage|p2a: Rotom|90\/100\n|\n|upkeep\n|turn|6\n|inactive|LT73IU Hime has 120 seconds left.\n|\n|t:|1598534334\n|switch|p1a: Kyurem|Kyurem|100\/100\n|-ability|p1a: Kyurem|Pressure\n|move|p2a: Rotom|Defog|p1a: Kyurem\n|-unboost|p1a: Kyurem|evasion|1\n|-sideend|p2: ranitidine|Stealth Rock|[from] move: Defog|[of] p2a: Rotom\n|\n|upkeep\n|turn|7\n|inactive|LT73IU Hime has 90 seconds left.\n|\n|t:|1598534359\n|move|p1a: Kyurem|Ice Beam|p2a: Rotom\n|-resisted|p2a: Rotom\n|-damage|p2a: Rotom|61\/100\n|move|p2a: Rotom|Volt Switch|p1a: Kyurem\n|-resisted|p1a: Kyurem\n|-damage|p1a: Kyurem|90\/100\n|\n|t:|1598534376\n|switch|p2a: Dragapult|Dragapult, F|100\/100|[from]move: Volt Switch\n|\n|upkeep\n|turn|8\n|inactive|LT73IU Hime has 90 seconds left.\n|\n|t:|1598534381\n|move|p2a: Dragapult|Thunder Wave|p1a: Kyurem\n|-status|p1a: Kyurem|par\n|move|p1a: Kyurem|Ice Beam|p2a: Dragapult\n|-supereffective|p2a: Dragapult\n|-damage|p2a: Dragapult|0 fnt\n|faint|p2a: Dragapult\n|\n|upkeep\n|\n|t:|1598534385\n|switch|p2a: Kyurem|Kyurem|100\/100\n|-ability|p2a: Kyurem|Pressure\n|turn|9\n|inactive|LT73IU Hime has 90 seconds left.\n|\n|t:|1598534420\n|switch|p1a: Mantine|Mantine, M|100\/100\n|move|p2a: Kyurem|Ice Beam|p1a: Mantine\n|-damage|p1a: Mantine|64\/100\n|\n|upkeep\n|turn|10\n|\n|t:|1598534439\n|switch|p2a: Rotom|Rotom-Heat|61\/100\n|move|p1a: Mantine|Roost|p1a: Mantine\n|-heal|p1a: Mantine|100\/100\n|-singleturn|p1a: Mantine|move: Roost\n|\n|upkeep\n|turn|11\n|inactive|LT73IU Hime has 60 seconds left.\n|\n|t:|1598534466\n|switch|p1a: Clefable|Clefable, M|100\/100\n|move|p2a: Rotom|Volt Switch|p1a: Clefable\n|-damage|p1a: Clefable|77\/100\n|inactive|ranitidine has 120 seconds left.\n|\n|t:|1598534503\n|switch|p2a: Rhyperior|Rhyperior, M|100\/100|[from]move: Volt Switch\n|\n|-heal|p1a: Clefable|83\/100|[from] item: Leftovers\n|upkeep\n|turn|12\n|inactive|LT73IU Hime has 60 seconds left.\n|\n|t:|1598534525\n|switch|p1a: Kommo-o|Kommo-o, F|95\/100\n|move|p2a: Rhyperior|Swords Dance|p2a: Rhyperior\n|-boost|p2a: Rhyperior|atk|2\n|\n|upkeep\n|turn|13\n|inactive|ranitidine has 120 seconds left.\n|inactive|LT73IU Hime has 30 seconds left.\n|inactive|LT73IU Hime has 20 seconds left.\n|inactive|LT73IU Hime has 15 seconds left.\n|inactive|LT73IU Hime has 10 seconds left.\n|\n|t:|1598534571\n|switch|p1a: Mantine|Mantine, M|100\/100\n|move|p2a: Rhyperior|Earthquake|p1a: Mantine\n|-immune|p1a: Mantine\n|\n|upkeep\n|turn|14\n|inactive|LT73IU Hime has 20 seconds left this turn.\n|inactive|LT73IU Hime has 15 seconds left.\n|inactive|LT73IU Hime has 10 seconds left.\n|\n|t:|1598534581\n|switch|p1a: Aegislash|Aegislash, M|100\/100\n|switch|p2a: Ferrothorn|Ferrothorn, F|72\/100\n|\n|upkeep\n|turn|15\n|inactive|LT73IU Hime has 20 seconds left this turn.\n|inactive|LT73IU Hime has 15 seconds left.\n|inactive|LT73IU Hime has 10 seconds left.\n|\n|t:|1598534593\n|switch|p1a: Kommo-o|Kommo-o, F|95\/100\n|move|p2a: Ferrothorn|Leech Seed|p1a: Kommo-o\n|-start|p1a: Kommo-o|move: Leech Seed\n|\n|-damage|p1a: Kommo-o|82\/100|[from] Leech Seed|[of] p2a: Ferrothorn\n|-heal|p2a: Ferrothorn|84\/100|[silent]\n|upkeep\n|turn|16\n|inactive|LT73IU Hime has 20 seconds left this turn.\n|\n|t:|1598534603\n|move|p1a: Kommo-o|Stealth Rock|p2a: Ferrothorn\n|-sidestart|p2: ranitidine|move: Stealth Rock\n|move|p2a: Ferrothorn|Spikes|p1a: Kommo-o\n|-sidestart|p1: LT73IU Hime|Spikes\n|\n|-damage|p1a: Kommo-o|70\/100|[from] Leech Seed|[of] p2a: Ferrothorn\n|-heal|p2a: Ferrothorn|97\/100|[silent]\n|upkeep\n|turn|17\n|inactive|LT73IU Hime has 30 seconds left this turn.\n|inactive|LT73IU Hime has 20 seconds left.\n|\n|t:|1598534613\n|switch|p2a: Rotom|Rotom-Heat|61\/100\n|move|p1a: Kommo-o|Flamethrower|p2a: Rotom\n|-resisted|p2a: Rotom\n|-damage|p2a: Rotom|54\/100\n|\n|-damage|p1a: Kommo-o|57\/100|[from] Leech Seed|[of] p2a: Rotom\n|-heal|p2a: Rotom|68\/100|[silent]\n|upkeep\n|turn|18\n|inactive|LT73IU Hime has 30 seconds left this turn.\n|inactive|LT73IU Hime has 20 seconds left.\n|inactive|LT73IU Hime has 15 seconds left.\n|\n|t:|1598534633\n|switch|p1a: Zeraora|Zeraora|88\/100\n|move|p2a: Rotom|Volt Switch|p1a: Zeraora\n|-heal|p1a: Zeraora|100\/100|[from] ability: Volt Absorb|[of] p2a: Rotom\n|\n|upkeep\n|turn|19\n|inactive|LT73IU Hime has 25 seconds left this turn.\n|inactive|LT73IU Hime has 20 seconds left.\n|\n|t:|1598534638\n|move|p1a: Zeraora|Knock Off|p2a: Rotom\n|-damage|p2a: Rotom|45\/100\n|-enditem|p2a: Rotom|Heavy-Duty Boots|[from] move: Knock Off|[of] p1a: Zeraora\n|move|p2a: Rotom|Overheat|p1a: Zeraora\n|-damage|p1a: Zeraora|42\/100\n|-unboost|p2a: Rotom|spa|2\n|\n|upkeep\n|turn|20\n|inactive|LT73IU Hime has 30 seconds left this turn.\n|\n|t:|1598534648\n|switch|p2a: Clefable|Clefable, F|100\/100\n|move|p1a: Zeraora|Thunderbolt|p2a: Clefable\n|-damage|p2a: Clefable|58\/100\n|-status|p2a: Clefable|par\n|\n|upkeep\n|turn|21\n|\n|t:|1598534655\n|move|p1a: Zeraora|Thunderbolt|p2a: Clefable\n|-damage|p2a: Clefable|17\/100 par\n|move|p2a: Clefable|Soft-Boiled|p2a: Clefable\n|-heal|p2a: Clefable|67\/100 par\n|\n|upkeep\n|turn|22\n|\n|t:|1598534663\n|switch|p2a: Ferrothorn|Ferrothorn, F|97\/100\n|-damage|p2a: Ferrothorn|91\/100|[from] Stealth Rock\n|move|p1a: Zeraora|Volt Switch|p2a: Ferrothorn\n|-resisted|p2a: Ferrothorn\n|-damage|p2a: Ferrothorn|76\/100\n|inactive|LT73IU Hime has 30 seconds left.\n|inactive|LT73IU Hime has 20 seconds left.\n|inactive|LT73IU Hime has 15 seconds left.\n|inactive|LT73IU Hime has 10 seconds left.\n|\n|t:|1598534702\n|switch|p1a: Kommo-o|Kommo-o, F|57\/100|[from]move: Volt Switch\n|-damage|p1a: Kommo-o|45\/100|[from] Spikes\n|\n|upkeep\n|turn|23\n|inactive|LT73IU Hime has 20 seconds left this turn.\n|inactive|LT73IU Hime has 15 seconds left.\n|inactive|LT73IU Hime has 10 seconds left.\n|inactive|LT73IU Hime has 5 seconds left.\n|\n|t:|1598534718\n|switch|p1a: Aegislash|Aegislash, M|100\/100\n|-damage|p1a: Aegislash|88\/100|[from] Spikes\n|switch|p2a: Clefable|Clefable, F|67\/100 par\n|\n|upkeep\n|turn|24\n|inactive|LT73IU Hime has 15 seconds left this turn.\n|inactive|LT73IU Hime has 10 seconds left.\n|\n|t:|1598534726\n|switch|p2a: Ferrothorn|Ferrothorn, F|76\/100\n|-damage|p2a: Ferrothorn|70\/100|[from] Stealth Rock\n|-formechange|p1a: Aegislash|Aegislash-Blade||[from] ability: Stance Change\n|move|p1a: Aegislash|Shadow Ball|p2a: Ferrothorn\n|-damage|p2a: Ferrothorn|26\/100\n|-unboost|p2a: Ferrothorn|spd|1\n|\n|upkeep\n|turn|25\n|inactive|LT73IU Hime has 20 seconds left this turn.\n|\n|t:|1598534730\n|switch|p2a: Rhyperior|Rhyperior, M|100\/100\n|-damage|p2a: Rhyperior|94\/100|[from] Stealth Rock\n|move|p1a: Aegislash|Shadow Ball|p2a: Rhyperior\n|-damage|p2a: Rhyperior|44\/100\n|\n|-heal|p2a: Rhyperior|50\/100|[from] item: Leftovers\n|upkeep\n|turn|26\n|inactive|LT73IU Hime has 30 seconds left this turn.\n|\n|t:|1598534735\n|move|p2a: Rhyperior|Protect|p2a: Rhyperior\n|-singleturn|p2a: Rhyperior|Protect\n|move|p1a: Aegislash|Shadow Ball|p2a: Rhyperior\n|-activate|p2a: Rhyperior|move: Protect\n|\n|-heal|p2a: Rhyperior|56\/100|[from] item: Leftovers\n|upkeep\n|turn|27\n|inactive|LT73IU Hime has 30 seconds left.\n|inactive|LT73IU Hime has 20 seconds left.\n|inactive|LT73IU Hime has 15 seconds left.\n|inactive|LT73IU Hime has 10 seconds left.\n|\n|t:|1598534768\n|switch|p1a: Clefable|Clefable, M|83\/100\n|switch|p2a: Rotom|Rotom-Heat|45\/100\n|-damage|p2a: Rotom|20\/100|[from] Stealth Rock\n|\n|-heal|p1a: Clefable|89\/100|[from] item: Leftovers\n|upkeep\n|turn|28\n|inactive|LT73IU Hime has 20 seconds left this turn.\n|inactive|LT73IU Hime has 15 seconds left.\n|inactive|LT73IU Hime has 10 seconds left.\n|\n|t:|1598534780\n|move|p2a: Rotom|Pain Split|p1a: Clefable\n|-sethp|p1a: Clefable|52\/100|[from] move: Pain Split|[silent]\n|-sethp|p2a: Rotom|68\/100|[from] move: Pain Split\n|move|p1a: Clefable|Wish|p1a: Clefable\n|\n|-heal|p1a: Clefable|58\/100|[from] item: Leftovers\n|upkeep\n|turn|29\n|inactive|LT73IU Hime has 20 seconds left this turn.\n|inactive|LT73IU Hime has 15 seconds left.\n|inactive|LT73IU Hime has 10 seconds left.\n|\n|t:|1598534793\n|move|p2a: Rotom|Defog|p1a: Clefable\n|-unboost|p1a: Clefable|evasion|1\n|-sideend|p1: LT73IU Hime|Spikes|[from] move: Defog|[of] p2a: Rotom\n|-sideend|p2: ranitidine|Stealth Rock|[from] move: Defog|[of] p2a: Rotom\n|move|p1a: Clefable|Teleport|p1a: Clefable\n|inactive|LT73IU Hime has 15 seconds left this turn.\n|\n|t:|1598534797\n|switch|p1a: Kommo-o|Kommo-o, F|45\/100|[from]move: Teleport\n|\n|-heal|p1a: Kommo-o|100\/100|[from] move: Wish|[wisher] Clefable\n|upkeep\n|turn|30\n|inactive|LT73IU Hime has 25 seconds left this turn.\n|\n|t:|1598534802\n|move|p2a: Rotom|Volt Switch|p1a: Kommo-o\n|-resisted|p1a: Kommo-o\n|-damage|p1a: Kommo-o|89\/100\n|inactive|LT73IU Hime has 30 seconds left this turn.\n|\n|t:|1598534804\n|switch|p2a: Kyurem|Kyurem|100\/100|[from]move: Volt Switch\n|-ability|p2a: Kyurem|Pressure\n|move|p1a: Kommo-o|Stealth Rock|p2a: Kyurem\n|-sidestart|p2: ranitidine|move: Stealth Rock\n|\n|upkeep\n|turn|31\n|j| Windows 98 SE\n|\n|t:|1598534810\n|switch|p1a: Aegislash|Aegislash, M|88\/100\n|move|p2a: Kyurem|Freeze-Dry|p1a: Aegislash\n|-resisted|p1a: Aegislash\n|-damage|p1a: Aegislash|60\/100\n|\n|upkeep\n|turn|32\n|\n|t:|1598534825\n|move|p2a: Kyurem|Freeze-Dry|p1a: Aegislash\n|-resisted|p1a: Aegislash\n|-damage|p1a: Aegislash|28\/100\n|-formechange|p1a: Aegislash|Aegislash-Blade||[from] ability: Stance Change\n|move|p1a: Aegislash|Flash Cannon|p2a: Kyurem\n|-supereffective|p2a: Kyurem\n|-damage|p2a: Kyurem|4\/100\n|\n|upkeep\n|turn|33\n|inactive|LT73IU Hime has 30 seconds left.\n|\n|t:|1598534845\n|switch|p1a: Kyurem|Kyurem|90\/100 par\n|-ability|p1a: Kyurem|Pressure\n|move|p2a: Kyurem|Freeze-Dry|p1a: Kyurem\n|-damage|p1a: Kyurem|35\/100 par\n|\n|upkeep\n|turn|34\n|\n|t:|1598534848\n|move|p2a: Kyurem|Freeze-Dry|p1a: Kyurem\n|-damage|p1a: Kyurem|0 fnt\n|faint|p1a: Kyurem\n|\n|upkeep\n|\n|t:|1598534855\n|switch|p1a: Zeraora|Zeraora|42\/100\n|turn|35\n|\n|t:|1598534860\n|switch|p2a: Ferrothorn|Ferrothorn, F|26\/100\n|-damage|p2a: Ferrothorn|20\/100|[from] Stealth Rock\n|move|p1a: Zeraora|Thunderbolt|p2a: Ferrothorn\n|-resisted|p2a: Ferrothorn\n|-damage|p2a: Ferrothorn|3\/100\n|-status|p2a: Ferrothorn|par\n|\n|upkeep\n|turn|36\n|\n|t:|1598534866\n|move|p1a: Zeraora|Thunderbolt|p2a: Ferrothorn\n|-resisted|p2a: Ferrothorn\n|-damage|p2a: Ferrothorn|0 fnt\n|faint|p2a: Ferrothorn\n|\n|upkeep\n|\n|t:|1598534870\n|switch|p2a: Rotom|Rotom-Heat|68\/100\n|-damage|p2a: Rotom|43\/100|[from] Stealth Rock\n|turn|37\n|\n|t:|1598534877\n|move|p1a: Zeraora|Volt Switch|p2a: Rotom\n|-resisted|p2a: Rotom\n|-damage|p2a: Rotom|29\/100\n|\n|t:|1598534879\n|switch|p1a: Kommo-o|Kommo-o, F|89\/100|[from]move: Volt Switch\n|move|p2a: Rotom|Defog|p1a: Kommo-o\n|-unboost|p1a: Kommo-o|evasion|1\n|-sideend|p2: ranitidine|Stealth Rock|[from] move: Defog|[of] p2a: Rotom\n|\n|upkeep\n|turn|38\n|\n|t:|1598534889\n|move|p2a: Rotom|Pain Split|p1a: Kommo-o\n|-sethp|p1a: Kommo-o|57\/100|[from] move: Pain Split|[silent]\n|-sethp|p2a: Rotom|66\/100|[from] move: Pain Split\n|move|p1a: Kommo-o|Toxic|p2a: Rotom\n|-status|p2a: Rotom|tox\n|\n|-damage|p2a: Rotom|60\/100 tox|[from] psn\n|upkeep\n|turn|39\n|\n|t:|1598534900\n|move|p2a: Rotom|Volt Switch|p1a: Kommo-o\n|-resisted|p1a: Kommo-o\n|-damage|p1a: Kommo-o|45\/100\n|\n|t:|1598534901\n|switch|p2a: Kyurem|Kyurem|4\/100|[from]move: Volt Switch\n|-ability|p2a: Kyurem|Pressure\n|move|p1a: Kommo-o|Stealth Rock|p2a: Kyurem\n|-sidestart|p2: ranitidine|move: Stealth Rock\n|\n|upkeep\n|turn|40\n|inactive|LT73IU Hime has 60 seconds left.\n|\n|t:|1598534935\n|switch|p1a: Mantine|Mantine, M|100\/100\n|move|p2a: Kyurem|Freeze-Dry|p1a: Mantine\n|-supereffective|p1a: Mantine\n|-damage|p1a: Mantine|0 fnt\n|faint|p1a: Mantine\n|\n|upkeep\n|\n|t:|1598534938\n|switch|p1a: Zeraora|Zeraora|42\/100\n|turn|41\n|l| chenchujia\n|inactive|LT73IU Hime has 60 seconds left.\n|\n|t:|1598534964\n|switch|p2a: Rhyperior|Rhyperior, M|56\/100\n|-damage|p2a: Rhyperior|50\/100|[from] Stealth Rock\n|move|p1a: Zeraora|Grass Knot|p2a: Rhyperior\n|-supereffective|p2a: Rhyperior\n|-damage|p2a: Rhyperior|0 fnt\n|faint|p2a: Rhyperior\n|\n|upkeep\n|\n|t:|1598534969\n|switch|p2a: Rotom|Rotom-Heat|60\/100 tox\n|-damage|p2a: Rotom|35\/100 tox|[from] Stealth Rock\n|turn|42\n|\n|t:|1598534974\n|move|p1a: Zeraora|Volt Switch|p2a: Rotom\n|-resisted|p2a: Rotom\n|-damage|p2a: Rotom|22\/100 tox\n|\n|t:|1598534977\n|switch|p1a: Aegislash|Aegislash, M|28\/100|[from]move: Volt Switch\n|move|p2a: Rotom|Defog|p1a: Aegislash\n|-unboost|p1a: Aegislash|evasion|1\n|-sideend|p2: ranitidine|Stealth Rock|[from] move: Defog|[of] p2a: Rotom\n|\n|-damage|p2a: Rotom|16\/100 tox|[from] psn\n|upkeep\n|turn|43\n|inactive|LT73IU Hime has 60 seconds left.\n|\n|t:|1598535014\n|-formechange|p1a: Aegislash|Aegislash-Blade||[from] ability: Stance Change\n|move|p1a: Aegislash|Shadow Ball|p2a: Rotom\n|-damage|p2a: Rotom|0 fnt\n|faint|p2a: Rotom\n|\n|upkeep\n|\n|t:|1598535018\n|switch|p2a: Kyurem|Kyurem|4\/100\n|-ability|p2a: Kyurem|Pressure\n|turn|44\n|\n|t:|1598535023\n|switch|p1a: Clefable|Clefable, M|58\/100\n|move|p2a: Kyurem|Ice Beam|p1a: Clefable\n|-damage|p1a: Clefable|0 fnt\n|faint|p1a: Clefable\n|\n|upkeep\n|\n|t:|1598535027\n|switch|p1a: Zeraora|Zeraora|42\/100\n|turn|45\n|\n|t:|1598535031\n|move|p1a: Zeraora|Thunderbolt|p2a: Kyurem\n|-resisted|p2a: Kyurem\n|-damage|p2a: Kyurem|0 fnt\n|faint|p2a: Kyurem\n|\n|upkeep\n|\n|t:|1598535035\n|switch|p2a: Clefable|Clefable, F|67\/100 par\n|turn|46\n|\n|t:|1598535039\n|move|p1a: Zeraora|Thunderbolt|p2a: Clefable\n|-damage|p2a: Clefable|22\/100 par\n|move|p2a: Clefable|Soft-Boiled|p2a: Clefable\n|-heal|p2a: Clefable|72\/100 par\n|\n|upkeep\n|turn|47\n|\n|t:|1598535042\n|move|p1a: Zeraora|Thunderbolt|p2a: Clefable\n|-damage|p2a: Clefable|29\/100 par\n|move|p2a: Clefable|Soft-Boiled|p2a: Clefable\n|-heal|p2a: Clefable|79\/100 par\n|\n|upkeep\n|turn|48\n|\n|t:|1598535045\n|move|p1a: Zeraora|Thunderbolt|p2a: Clefable\n|-damage|p2a: Clefable|34\/100 par\n|cant|p2a: Clefable|par\n|\n|upkeep\n|turn|49\n|-message|ranitidine forfeited.\n|\n|win|LT73IU Hime\n|l|\u2606ranitidine\n|raw|LT73IU Hime's rating: 1788 &rarr; <strong>1806<\/strong><br \/>(+18 for winning)\n|raw|ranitidine's rating: 1764 &rarr; <strong>1745<\/strong><br \/>(-19 for losing)\n","uploadtime":1598535061,"views":51,"p1id":"lt73iuhime","p2id":"ranitidine","formatid":"gen8ou","rating":1745,"private":0,"password":null}