{"id":"gen8ou-1347827070","p1":"Golden_Devourer","p2":"RTSG tests","format":"gen8ou","log":"|j|\u2606Golden_Devourer\n|j|\u2606RTSG tests\n|t:|1622047089\n|gametype|singles\n|player|p1|Golden_Devourer|richboy-gen4|1351\n|player|p2|RTSG tests|hilbert|1348\n|teamsize|p1|6\n|teamsize|p2|6\n|gen|8\n|tier|[Gen 8] OU\n|rated|\n|rule|Sleep Clause Mod: Limit one foe put to sleep\n|rule|Species Clause: Limit one of each Pok\u00e9mon\n|rule|OHKO Clause: OHKO moves are banned\n|rule|Evasion Moves Clause: Evasion moves are banned\n|rule|Endless Battle Clause: Forcing endless battles is banned\n|rule|HP Percentage Mod: HP is shown in percentages\n|rule|Dynamax Clause: You cannot dynamax\n|clearpoke\n|poke|p1|Blastoise, F|\n|poke|p1|Metagross|\n|poke|p1|Zapdos-Galar|\n|poke|p1|Mamoswine, M|\n|poke|p1|Garchomp, F|\n|poke|p1|Slowbro-Galar, M|\n|poke|p2|Sceptile, M|\n|poke|p2|Salamence, F|\n|poke|p2|Excadrill, M|\n|poke|p2|Tapu Koko|\n|poke|p2|Magnezone|\n|poke|p2|Weavile, M|\n|teampreview\n|inactive|Battle timer is ON: inactive players will automatically lose when time's up. (requested by RTSG tests)\n|\n|t:|1622047098\n|start\n|switch|p1a: Fine Swine|Mamoswine, M|100\/100\n|switch|p2a: Weavile|Weavile, M|100\/100\n|-ability|p2a: Weavile|Pressure\n|turn|1\n|\n|t:|1622047102\n|move|p2a: Weavile|Low Kick|p1a: Fine Swine\n|-supereffective|p1a: Fine Swine\n|-damage|p1a: Fine Swine|0 fnt\n|faint|p1a: Fine Swine\n|\n|upkeep\n|\n|t:|1622047105\n|switch|p1a: Stronky Legs|Zapdos-Galar|100\/100\n|turn|2\n|\n|t:|1622047108\n|switch|p2a: Tapu Koko|Tapu Koko|100\/100\n|-fieldstart|move: Electric Terrain|[from] ability: Electric Surge|[of] p2a: Tapu Koko\n|move|p1a: Stronky Legs|Blaze Kick|p2a: Tapu Koko|[miss]\n|-miss|p1a: Stronky Legs|p2a: Tapu Koko\n|\n|upkeep\n|turn|3\n|\n|t:|1622047114\n|switch|p1a: Cynthia|Garchomp, F|100\/100\n|move|p2a: Tapu Koko|Reflect|p2a: Tapu Koko\n|-sidestart|p2: RTSG tests|Reflect\n|\n|upkeep\n|turn|4\n|\n|t:|1622047119\n|move|p2a: Tapu Koko|Taunt|p1a: Cynthia\n|-start|p1a: Cynthia|move: Taunt\n|move|p1a: Cynthia|Earthquake|p2a: Tapu Koko\n|-supereffective|p2a: Tapu Koko\n|-damage|p2a: Tapu Koko|24\/100\n|-damage|p1a: Cynthia|91\/100|[from] item: Life Orb\n|\n|upkeep\n|turn|5\n|\n|t:|1622047135\n|switch|p2a: Weavile|Weavile, M|100\/100\n|-ability|p2a: Weavile|Pressure\n|move|p1a: Cynthia|Stone Edge|p2a: Weavile\n|-supereffective|p2a: Weavile\n|-damage|p2a: Weavile|25\/100\n|-damage|p1a: Cynthia|81\/100|[from] item: Life Orb\n|\n|upkeep\n|turn|6\n|\n|t:|1622047143\n|switch|p1a: The Meta|Metagross|100\/100\n|move|p2a: Weavile|Ice Shard|p1a: The Meta\n|-resisted|p1a: The Meta\n|-damage|p1a: The Meta|89\/100\n|\n|-fieldend|move: Electric Terrain\n|upkeep\n|turn|7\n|\n|t:|1622047148\n|switch|p2a: Excadrill|Excadrill, M|100\/100\n|-ability|p2a: Excadrill|Mold Breaker\n|move|p1a: The Meta|Meteor Mash|p2a: Excadrill\n|-resisted|p2a: Excadrill\n|-damage|p2a: Excadrill|84\/100\n|\n|upkeep\n|turn|8\n|\n|t:|1622047154\n|move|p2a: Excadrill|Rapid Spin|p1a: The Meta\n|-resisted|p1a: The Meta\n|-damage|p1a: The Meta|81\/100\n|-boost|p2a: Excadrill|spe|1\n|move|p1a: The Meta|Agility|p1a: The Meta\n|-boost|p1a: The Meta|spe|2\n|\n|upkeep\n|turn|9\n|\n|t:|1622047163\n|move|p1a: The Meta|Meteor Mash|p2a: Excadrill\n|-resisted|p2a: Excadrill\n|-damage|p2a: Excadrill|68\/100\n|move|p2a: Excadrill|Earthquake|p1a: The Meta\n|-supereffective|p1a: The Meta\n|-damage|p1a: The Meta|0 fnt\n|faint|p1a: The Meta\n|\n|upkeep\n|\n|t:|1622047169\n|switch|p1a: Sleazy|Slowbro-Galar, M, shiny|100\/100\n|turn|10\n|\n|t:|1622047172\n|move|p2a: Excadrill|Stealth Rock|p1a: Sleazy\n|-sidestart|p1: Golden_Devourer|move: Stealth Rock\n|move|p1a: Sleazy|Fire Blast|p2a: Excadrill\n|-supereffective|p2a: Excadrill\n|-damage|p2a: Excadrill|0 fnt\n|faint|p2a: Excadrill\n|\n|-sideend|p2: RTSG tests|Reflect\n|upkeep\n|\n|t:|1622047177\n|switch|p2a: Weavile|Weavile, M|25\/100\n|-ability|p2a: Weavile|Pressure\n|turn|11\n|\n|t:|1622047180\n|move|p2a: Weavile|Knock Off|p1a: Sleazy\n|-supereffective|p1a: Sleazy\n|-damage|p1a: Sleazy|0 fnt\n|-enditem|p1a: Sleazy|Quick Claw|[from] move: Knock Off|[of] p2a: Weavile\n|faint|p1a: Sleazy\n|\n|upkeep\n|\n|t:|1622047184\n|switch|p1a: Stronky Legs|Zapdos-Galar|100\/100\n|-damage|p1a: Stronky Legs|88\/100|[from] Stealth Rock\n|turn|12\n|\n|t:|1622047189\n|switch|p2a: Magnezone|Magnezone|100\/100\n|move|p1a: Stronky Legs|Blaze Kick|p2a: Magnezone\n|-supereffective|p2a: Magnezone\n|-crit|p2a: Magnezone\n|-damage|p2a: Magnezone|26\/100\n|\n|upkeep\n|turn|13\n|\n|t:|1622047195\n|move|p1a: Stronky Legs|Blaze Kick|p2a: Magnezone\n|-supereffective|p2a: Magnezone\n|-damage|p2a: Magnezone|0 fnt\n|faint|p2a: Magnezone\n|\n|upkeep\n|\n|t:|1622047198\n|switch|p2a: Tapu Koko|Tapu Koko|24\/100\n|-fieldstart|move: Electric Terrain|[from] ability: Electric Surge|[of] p2a: Tapu Koko\n|turn|14\n|\n|t:|1622047201\n|move|p2a: Tapu Koko|Reflect|p2a: Tapu Koko\n|-sidestart|p2: RTSG tests|Reflect\n|move|p1a: Stronky Legs|Blaze Kick|p2a: Tapu Koko\n|-damage|p2a: Tapu Koko|10\/100\n|\n|upkeep\n|turn|15\n|\n|t:|1622047204\n|move|p2a: Tapu Koko|Light Screen|p2a: Tapu Koko\n|-sidestart|p2: RTSG tests|move: Light Screen\n|move|p1a: Stronky Legs|Blaze Kick|p2a: Tapu Koko\n|-damage|p2a: Tapu Koko|0 fnt\n|faint|p2a: Tapu Koko\n|\n|upkeep\n|\n|t:|1622047208\n|switch|p2a: Sceptile|Sceptile, M|100\/100\n|-enditem|p2a: Sceptile|Electric Seed\n|-boost|p2a: Sceptile|def|1|[from] item: Electric Seed\n|turn|16\n|\n|t:|1622047210\n|move|p2a: Sceptile|Swords Dance|p2a: Sceptile\n|-boost|p2a: Sceptile|atk|2\n|move|p1a: Stronky Legs|Brave Bird|p2a: Sceptile\n|-supereffective|p2a: Sceptile\n|-damage|p2a: Sceptile|44\/100\n|-damage|p1a: Stronky Legs|72\/100|[from] Recoil\n|\n|upkeep\n|turn|17\n|\n|t:|1622047214\n|move|p2a: Sceptile|Acrobatics|p1a: Stronky Legs\n|-supereffective|p1a: Stronky Legs\n|-damage|p1a: Stronky Legs|0 fnt\n|faint|p1a: Stronky Legs\n|\n|upkeep\n|\n|t:|1622047218\n|switch|p1a: Cynthia|Garchomp, F|81\/100\n|-damage|p1a: Cynthia|75\/100|[from] Stealth Rock\n|turn|18\n|\n|t:|1622047220\n|move|p2a: Sceptile|Leaf Blade|p1a: Cynthia\n|-damage|p1a: Cynthia|0 fnt\n|-damage|p2a: Sceptile|31\/100|[from] ability: Rough Skin|[of] p1a: Cynthia\n|faint|p1a: Cynthia\n|\n|-fieldend|move: Electric Terrain\n|upkeep\n|\n|t:|1622047223\n|switch|p1a: Turtok|Blastoise, F|100\/100\n|-damage|p1a: Turtok|88\/100|[from] Stealth Rock\n|turn|19\n|\n|t:|1622047226\n|move|p2a: Sceptile|Leaf Blade|p1a: Turtok\n|-supereffective|p1a: Turtok\n|-damage|p1a: Turtok|0 fnt\n|faint|p1a: Turtok\n|\n|win|RTSG tests\n|l|\u2606Golden_Devourer\n|raw|Golden_Devourer's rating: 1350 &rarr; <strong>1330<\/strong><br \/>(-20 for losing)\n|raw|RTSG tests's rating: 1349 &rarr; <strong>1369<\/strong><br \/>(+20 for winning)\n","uploadtime":1622047235,"views":39,"p1id":"goldendevourer","p2id":"rtsgtests","formatid":"gen8ou","rating":1330,"private":0,"password":null}