{"id":"gen8ou-1697712787","p1":"Shinjou Akane","p2":"jjhyvn","format":"gen8ou","log":"|j|\u2606Shinjou Akane\n|j|\u2606jjhyvn\n|t:|1667030671\n|gametype|singles\n|player|p1|Shinjou Akane|nurse|1425\n|player|p2|jjhyvn|169|1413\n|teamsize|p1|6\n|teamsize|p2|6\n|gen|8\n|tier|[Gen 8] OU\n|rated|\n|rule|Sleep Clause Mod: Limit one foe put to sleep\n|rule|Species Clause: Limit one of each Pok\u00e9mon\n|rule|OHKO Clause: OHKO moves are banned\n|rule|Evasion Items Clause: Evasion items are banned\n|rule|Evasion Moves Clause: Evasion moves are banned\n|rule|Endless Battle Clause: Forcing endless battles is banned\n|rule|HP Percentage Mod: HP is shown in percentages\n|rule|Dynamax Clause: You cannot dynamax\n|clearpoke\n|poke|p1|Klefki, F|\n|poke|p1|Nidoking, M|\n|poke|p1|Urshifu-*, M|\n|poke|p1|Kartana|\n|poke|p1|Tapu Fini|\n|poke|p1|Landorus-Therian, M|\n|poke|p2|Slowking, M|\n|poke|p2|Melmetal|\n|poke|p2|Dragonite, M|\n|poke|p2|Zeraora|\n|poke|p2|Blissey, F|\n|poke|p2|Nidoking, M|\n|teampreview\n|inactive|Battle timer is ON: inactive players will automatically lose when time's up. (requested by jjhyvn)\n|\n|t:|1667030681\n|start\n|switch|p1a: Klefki|Klefki, F|100\/100\n|switch|p2a: Nidoking|Nidoking, M|100\/100\n|turn|1\n|\n|t:|1667030688\n|move|p1a: Klefki|Fairy Lock|p1a: Klefki\n|-fieldactivate|move: Fairy Lock\n|move|p2a: Nidoking|Earth Power|p1a: Klefki\n|-supereffective|p1a: Klefki\n|-damage|p1a: Klefki|0 fnt\n|faint|p1a: Klefki\n|\n|upkeep\n|\n|t:|1667030693\n|switch|p1a: Urshifu|Urshifu-Rapid-Strike, M|100\/100\n|turn|2\n|\n|t:|1667030703\n|move|p1a: Urshifu|Surging Strikes|p2a: Nidoking\n|-supereffective|p2a: Nidoking\n|-crit|p2a: Nidoking\n|-damage|p2a: Nidoking|21\/100\n|-supereffective|p2a: Nidoking\n|-crit|p2a: Nidoking\n|-damage|p2a: Nidoking|0 fnt\n|faint|p2a: Nidoking\n|-hitcount|p2: Nidoking|2\n|\n|upkeep\n|\n|t:|1667030716\n|switch|p2a: Blissey|Blissey, F|100\/100\n|turn|3\n|\n|t:|1667030720\n|switch|p1a: Tapu Fini|Tapu Fini, shiny|100\/100\n|-fieldstart|move: Misty Terrain|[from] ability: Misty Surge|[of] p1a: Tapu Fini\n|move|p2a: Blissey|Counter||[still]\n|-fail|p2a: Blissey\n|\n|upkeep\n|turn|4\n|\n|t:|1667030728\n|move|p1a: Tapu Fini|Trick|p2a: Blissey\n|-activate|p1a: Tapu Fini|move: Trick|[of] p2a: Blissey\n|-item|p2a: Blissey|Choice Scarf|[from] move: Trick\n|-item|p1a: Tapu Fini|Leftovers|[from] move: Trick\n|move|p2a: Blissey|Seismic Toss|p1a: Tapu Fini\n|-damage|p1a: Tapu Fini|65\/100\n|\n|-heal|p1a: Tapu Fini|71\/100|[from] item: Leftovers\n|upkeep\n|turn|5\n|\n|t:|1667030738\n|switch|p1a: Urshifu|Urshifu-Rapid-Strike, M|100\/100\n|move|p2a: Blissey|Seismic Toss|p1a: Urshifu\n|-damage|p1a: Urshifu|71\/100\n|\n|upkeep\n|turn|6\n|\n|t:|1667030744\n|move|p1a: Urshifu|U-turn|p2a: Blissey\n|-damage|p2a: Blissey|71\/100\n|\n|t:|1667030747\n|switch|p1a: Landorus|Landorus-Therian, M|100\/100|[from]move: U-turn\n|-ability|p1a: Landorus|Intimidate|boost\n|-unboost|p2a: Blissey|atk|1\n|move|p2a: Blissey|Seismic Toss|p1a: Landorus\n|-damage|p1a: Landorus|74\/100\n|-damage|p2a: Blissey|54\/100|[from] item: Rocky Helmet|[of] p1a: Landorus\n|\n|upkeep\n|turn|7\n|\n|t:|1667030755\n|move|p2a: Blissey|Seismic Toss|p1a: Landorus\n|-damage|p1a: Landorus|48\/100\n|-damage|p2a: Blissey|38\/100|[from] item: Rocky Helmet|[of] p1a: Landorus\n|move|p1a: Landorus|Stealth Rock|p2a: Blissey\n|-sidestart|p2: jjhyvn|move: Stealth Rock\n|\n|-fieldend|Misty Terrain\n|upkeep\n|turn|8\n|\n|t:|1667030761\n|move|p2a: Blissey|Seismic Toss|p1a: Landorus\n|-damage|p1a: Landorus|22\/100\n|-damage|p2a: Blissey|21\/100|[from] item: Rocky Helmet|[of] p1a: Landorus\n|move|p1a: Landorus|Earthquake|p2a: Blissey\n|-damage|p2a: Blissey|0 fnt\n|faint|p2a: Blissey\n|\n|upkeep\n|\n|t:|1667030772\n|switch|p2a: Dragonite|Dragonite, M|100\/100\n|turn|9\n|\n|t:|1667030776\n|move|p2a: Dragonite|Dragon Dance|p2a: Dragonite\n|-boost|p2a: Dragonite|atk|1\n|-boost|p2a: Dragonite|spe|1\n|move|p1a: Landorus|U-turn|p2a: Dragonite\n|-resisted|p2a: Dragonite\n|-damage|p2a: Dragonite|95\/100\n|\n|t:|1667030778\n|switch|p1a: Tapu Fini|Tapu Fini, shiny|71\/100|[from]move: U-turn\n|-fieldstart|move: Misty Terrain|[from] ability: Misty Surge|[of] p1a: Tapu Fini\n|\n|-heal|p1a: Tapu Fini|77\/100|[from] item: Leftovers\n|upkeep\n|turn|10\n|\n|t:|1667030787\n|move|p2a: Dragonite|Earthquake|p1a: Tapu Fini\n|-damage|p1a: Tapu Fini|17\/100\n|move|p1a: Tapu Fini|Moonblast|p2a: Dragonite\n|-supereffective|p2a: Dragonite\n|-damage|p2a: Dragonite|11\/100\n|\n|-heal|p1a: Tapu Fini|23\/100|[from] item: Leftovers\n|upkeep\n|turn|11\n|\n|t:|1667030795\n|move|p2a: Dragonite|Earthquake|p1a: Tapu Fini\n|-damage|p1a: Tapu Fini|0 fnt\n|faint|p1a: Tapu Fini\n|\n|upkeep\n|\n|t:|1667030797\n|switch|p1a: Kartana|Kartana|100\/100\n|turn|12\n|\n|t:|1667030800\n|move|p1a: Kartana|Knock Off|p2a: Dragonite\n|-damage|p2a: Dragonite|0 fnt\n|-enditem|p2a: Dragonite|Heavy-Duty Boots|[from] move: Knock Off|[of] p1a: Kartana\n|faint|p2a: Dragonite\n|-ability|p1a: Kartana|Beast Boost|boost\n|-boost|p1a: Kartana|atk|1\n|\n|upkeep\n|\n|t:|1667030808\n|switch|p2a: Zeraora|Zeraora|100\/100\n|-damage|p2a: Zeraora|88\/100|[from] Stealth Rock\n|turn|13\n|\n|t:|1667030812\n|move|p1a: Kartana|Knock Off|p2a: Zeraora\n|-damage|p2a: Zeraora|0 fnt\n|-enditem|p2a: Zeraora|Life Orb|[from] move: Knock Off|[of] p1a: Kartana\n|faint|p2a: Zeraora\n|-ability|p1a: Kartana|Beast Boost|boost\n|-boost|p1a: Kartana|atk|1\n|\n|-fieldend|Misty Terrain\n|upkeep\n|-message|jjhyvn forfeited.\n|\n|win|Shinjou Akane\n|raw|Shinjou Akane's rating: 1425 &rarr; <strong>1444<\/strong><br \/>(+19 for winning)\n|raw|jjhyvn's rating: 1413 &rarr; <strong>1394<\/strong><br \/>(-19 for losing)\n|l|\u2606jjhyvn\n","uploadtime":1667030820,"views":12,"p1id":"shinjouakane","p2id":"jjhyvn","formatid":"gen8ou","rating":1394,"private":0,"password":null}