{"id":"gen8ou-1280517433","p1":"Stellar Flares","p2":"Don Colombus","format":"gen8ou","log":"|j|\u2606Stellar Flares\n|j|\u2606Don Colombus\n|t:|1613063141\n|player|p1|Stellar Flares|unknown|\n|player|p2|Don Colombus|morty-gen2|\n|teamsize|p1|6\n|teamsize|p2|6\n|gametype|singles\n|gen|8\n|tier|[Gen 8] OU\n|rated|Tournament battle\n|clearpoke\n|poke|p1|Melmetal|\n|poke|p1|Marowak-Alola, F|\n|poke|p1|Cresselia, F|\n|poke|p1|Magearna|\n|poke|p1|Porygon2|\n|poke|p1|Stakataka|\n|poke|p2|Corviknight, M|\n|poke|p2|Gengar, F|\n|poke|p2|Rillaboom, M|\n|poke|p2|Blissey, F|\n|poke|p2|Garchomp, F|\n|poke|p2|Cinderace, F|\n|rule|Sleep Clause Mod: Limit one foe put to sleep\n|rule|Species Clause: Limit one of each Pok\u00e9mon\n|rule|OHKO Clause: OHKO moves are banned\n|rule|Evasion Moves Clause: Evasion moves are banned\n|rule|Endless Battle Clause: Forcing endless battles is banned\n|rule|HP Percentage Mod: HP is shown in percentages\n|rule|Dynamax Clause: You cannot dynamax\n|teampreview\n|c|\u2606Don Colombus|LOOOOOL\n|\n|t:|1613063175\n|start\n|switch|p1a: Magearna|Magearna|100\/100\n|switch|p2a: Gengar|Gengar, F|100\/100\n|-item|p1a: Magearna|Air Balloon\n|turn|1\n|j| lemonstre1\n|inactive|Battle timer is ON: inactive players will automatically lose when time's up. (requested by Don Colombus)\n|\n|t:|1613063199\n|move|p2a: Gengar|Substitute|p2a: Gengar\n|-start|p2a: Gengar|Substitute\n|-damage|p2a: Gengar|76\/100\n|move|p1a: Magearna|Ice Beam|p2a: Gengar\n|-end|p2a: Gengar|Substitute\n|\n|-heal|p2a: Gengar|82\/100|[from] item: Black Sludge\n|upkeep\n|turn|2\n|c| lemonstre1|stellar il \u00e9tait quoi ton rilla ?\n|c|\u2606Don Colombus|il est pas fr\n|inactive|Stellar Flares has 120 seconds left.\n|c| lemonstre1|ho\n|c|\u2606Don Colombus|il a essay\u00e9 de me CT mais il a rat\u00e9\n|\n|t:|1613063249\n|move|p2a: Gengar|Substitute|p2a: Gengar\n|-start|p2a: Gengar|Substitute\n|-damage|p2a: Gengar|57\/100\n|move|p1a: Magearna|Ice Beam|p2a: Gengar\n|-end|p2a: Gengar|Substitute\n|\n|-heal|p2a: Gengar|63\/100|[from] item: Black Sludge\n|upkeep\n|turn|3\n|\n|t:|1613063258\n|move|p2a: Gengar|Substitute|p2a: Gengar\n|-start|p2a: Gengar|Substitute\n|-damage|p2a: Gengar|38\/100\n|move|p1a: Magearna|Ice Beam|p2a: Gengar\n|-end|p2a: Gengar|Substitute\n|\n|-heal|p2a: Gengar|44\/100|[from] item: Black Sludge\n|upkeep\n|turn|4\n|\n|t:|1613063265\n|move|p2a: Gengar|Substitute|p2a: Gengar\n|-start|p2a: Gengar|Substitute\n|-damage|p2a: Gengar|19\/100\n|move|p1a: Magearna|Ice Beam|p2a: Gengar\n|-end|p2a: Gengar|Substitute\n|\n|-heal|p2a: Gengar|25\/100|[from] item: Black Sludge\n|upkeep\n|turn|5\n|\n|t:|1613063269\n|move|p2a: Gengar|Hex|p1a: Magearna\n|-damage|p1a: Magearna|70\/100\n|-enditem|p1a: Magearna|Air Balloon\n|move|p1a: Magearna|Trick Room|p1a: Magearna\n|-fieldstart|move: Trick Room|[of] p1a: Magearna\n|\n|-heal|p2a: Gengar|32\/100|[from] item: Black Sludge\n|upkeep\n|turn|6\n|\n|t:|1613063276\n|move|p1a: Magearna|Ice Beam|p2a: Gengar\n|-damage|p2a: Gengar|0 fnt\n|faint|p2a: Gengar\n|-ability|p1a: Magearna|Soul-Heart|boost\n|-boost|p1a: Magearna|spa|1\n|\n|upkeep\n|\n|t:|1613063278\n|switch|p2a: Cinderace|Cinderace, F|100\/100\n|turn|7\n|\n|t:|1613063283\n|move|p1a: Magearna|Thunderbolt|p2a: Cinderace\n|-damage|p2a: Cinderace|29\/100\n|move|p2a: Cinderace|Pyro Ball|p1a: Magearna\n|-supereffective|p1a: Magearna\n|-damage|p1a: Magearna|0 fnt\n|faint|p1a: Magearna\n|\n|upkeep\n|\n|t:|1613063287\n|switch|p1a: Stakataka|Stakataka|100\/100\n|turn|8\n|\n|t:|1613063293\n|switch|p2a: Garchomp|Garchomp, F|100\/100\n|move|p1a: Stakataka|Stone Edge|p2a: Garchomp\n|-resisted|p2a: Garchomp\n|-crit|p2a: Garchomp\n|-damage|p2a: Garchomp|56\/100\n|-damage|p1a: Stakataka|91\/100|[from] item: Life Orb\n|\n|-heal|p2a: Garchomp|62\/100|[from] item: Leftovers\n|upkeep\n|turn|9\n|\n|t:|1613063298\n|move|p2a: Garchomp|Protect|p2a: Garchomp\n|-singleturn|p2a: Garchomp|Protect\n|move|p1a: Stakataka|Gyro Ball|p2a: Garchomp\n|-activate|p2a: Garchomp|move: Protect\n|\n|-heal|p2a: Garchomp|69\/100|[from] item: Leftovers\n|-fieldend|move: Trick Room\n|upkeep\n|turn|10\n|\n|t:|1613063304\n|switch|p1a: Porygon2|Porygon2|100\/100\n|-ability|p1a: Porygon2|Rough Skin|[from] ability: Trace|[of] p2a: Garchomp\n|move|p2a: Garchomp|Stealth Rock|p1a: Porygon2\n|-sidestart|p1: Stellar Flares|move: Stealth Rock\n|\n|-heal|p2a: Garchomp|75\/100|[from] item: Leftovers\n|upkeep\n|turn|11\n|\n|t:|1613063317\n|switch|p2a: Cinderace|Cinderace, F|29\/100\n|move|p1a: Porygon2|Toxic|p2a: Cinderace\n|-status|p2a: Cinderace|tox\n|\n|-damage|p2a: Cinderace|23\/100 tox|[from] psn\n|upkeep\n|turn|12\n|\n|t:|1613063327\n|switch|p1a: Cresselia|Cresselia, F|100\/100\n|-damage|p1a: Cresselia|88\/100|[from] Stealth Rock\n|move|p2a: Cinderace|U-turn|p1a: Cresselia\n|-start|p2a: Cinderace|typechange|Bug|[from] ability: Libero\n|-supereffective|p1a: Cresselia\n|-crit|p1a: Cresselia\n|-damage|p1a: Cresselia|30\/100\n|\n|t:|1613063335\n|switch|p2a: Rillaboom|Rillaboom, M|100\/100|[from]move: U-turn\n|-fieldstart|move: Grassy Terrain|[from] ability: Grassy Surge|[of] p2a: Rillaboom\n|\n|upkeep\n|turn|13\n|\n|t:|1613063345\n|move|p2a: Rillaboom|Knock Off|p1a: Cresselia\n|-supereffective|p1a: Cresselia\n|-damage|p1a: Cresselia|0 fnt\n|-enditem|p1a: Cresselia|Mental Herb|[from] move: Knock Off|[of] p2a: Rillaboom\n|faint|p1a: Cresselia\n|\n|upkeep\n|\n|t:|1613063361\n|switch|p1a: Melmetal|Melmetal|100\/100\n|-damage|p1a: Melmetal|94\/100|[from] Stealth Rock\n|turn|14\n|inactive|Don Colombus has 120 seconds left.\n|\n|t:|1613063392\n|switch|p2a: Blissey|Blissey, F|100\/100\n|move|p1a: Melmetal|Ice Punch|p2a: Blissey\n|-damage|p2a: Blissey|49\/100\n|\n|-heal|p2a: Blissey|55\/100|[from] Grassy Terrain\n|-heal|p1a: Melmetal|100\/100|[from] Grassy Terrain\n|upkeep\n|turn|15\n|inactive|Don Colombus has 120 seconds left.\n|\n|t:|1613063423\n|move|p2a: Blissey|Soft-Boiled|p2a: Blissey\n|-heal|p2a: Blissey|100\/100\n|move|p1a: Melmetal|Ice Punch|p2a: Blissey\n|-damage|p2a: Blissey|49\/100\n|\n|-heal|p2a: Blissey|55\/100|[from] Grassy Terrain\n|upkeep\n|turn|16\n|\n|t:|1613063430\n|switch|p1a: Marowak|Marowak-Alola, F|100\/100\n|-damage|p1a: Marowak|76\/100|[from] Stealth Rock\n|move|p2a: Blissey|Soft-Boiled|p2a: Blissey\n|-heal|p2a: Blissey|100\/100\n|\n|-heal|p1a: Marowak|82\/100|[from] Grassy Terrain\n|-fieldend|move: Grassy Terrain\n|upkeep\n|turn|17\n|\n|t:|1613063437\n|move|p1a: Marowak|Substitute|p1a: Marowak\n|-start|p1a: Marowak|Substitute\n|-damage|p1a: Marowak|57\/100\n|move|p2a: Blissey|Teleport|p2a: Blissey\n|\n|t:|1613063445\n|switch|p2a: Corviknight|Corviknight, M|100\/100|[from]move: Teleport\n|-ability|p2a: Corviknight|Pressure\n|\n|upkeep\n|turn|18\n|\n|t:|1613063449\n|move|p2a: Corviknight|Brave Bird|p1a: Marowak\n|-end|p1a: Marowak|Substitute\n|-damage|p2a: Corviknight|94\/100|[from] Recoil|[of] p1a: Marowak\n|move|p1a: Marowak|Flare Blitz|p2a: Corviknight\n|-supereffective|p2a: Corviknight\n|-damage|p2a: Corviknight|0 fnt\n|faint|p2a: Corviknight\n|\n|upkeep\n|\n|t:|1613063452\n|switch|p2a: Garchomp|Garchomp, F|75\/100\n|turn|19\n|\n|t:|1613063459\n|move|p2a: Garchomp|Toxic|p1a: Marowak\n|-status|p1a: Marowak|tox\n|move|p1a: Marowak|Poltergeist|p2a: Garchomp\n|-activate|p2a: Garchomp|move: Poltergeist|Leftovers\n|-damage|p2a: Garchomp|7\/100\n|\n|-heal|p2a: Garchomp|13\/100|[from] item: Leftovers\n|-damage|p1a: Marowak|51\/100 tox|[from] psn\n|upkeep\n|turn|20\n|\n|t:|1613063463\n|move|p2a: Garchomp|Stomping Tantrum|p1a: Marowak\n|-supereffective|p1a: Marowak\n|-damage|p1a: Marowak|0 fnt\n|faint|p1a: Marowak\n|\n|-heal|p2a: Garchomp|19\/100|[from] item: Leftovers\n|upkeep\n|\n|t:|1613063482\n|switch|p1a: Melmetal|Melmetal|100\/100\n|-damage|p1a: Melmetal|94\/100|[from] Stealth Rock\n|turn|21\n|\n|t:|1613063485\n|move|p2a: Garchomp|Protect|p2a: Garchomp\n|-singleturn|p2a: Garchomp|Protect\n|move|p1a: Melmetal|Double Iron Bash|p2a: Garchomp\n|-activate|p2a: Garchomp|move: Protect\n|\n|-heal|p2a: Garchomp|25\/100|[from] item: Leftovers\n|upkeep\n|turn|22\n|\n|t:|1613063491\n|move|p2a: Garchomp|Stomping Tantrum|p1a: Melmetal\n|-supereffective|p1a: Melmetal\n|-damage|p1a: Melmetal|61\/100\n|move|p1a: Melmetal|Double Iron Bash|p2a: Garchomp\n|-damage|p2a: Garchomp|0 fnt\n|-damage|p1a: Melmetal|49\/100|[from] ability: Rough Skin|[of] p2a: Garchomp\n|-hitcount|p2a: Garchomp|1\n|faint|p2a: Garchomp\n|\n|upkeep\n|\n|t:|1613063497\n|switch|p2a: Cinderace|Cinderace, F|23\/100 tox\n|turn|23\n|\n|t:|1613063502\n|switch|p1a: Stakataka|Stakataka|91\/100\n|-damage|p1a: Stakataka|85\/100|[from] Stealth Rock\n|move|p2a: Cinderace|High Jump Kick|p1a: Stakataka\n|-start|p2a: Cinderace|typechange|Fighting|[from] ability: Libero\n|-supereffective|p1a: Stakataka\n|-damage|p1a: Stakataka|0 fnt\n|faint|p1a: Stakataka\n|\n|-damage|p2a: Cinderace|17\/100 tox|[from] psn\n|upkeep\n|inactive|Stellar Flares has 120 seconds left.\n|c|\u2606Stellar Flares|252 Atk Libero Cinderace High Jump Kick vs. 252 HP \/ 196 Def Eviolite Porygon2: 236-278 (63.1 - 74.3%) -- guaranteed 2HKO\n|\n|t:|1613063538\n|switch|p1a: Porygon2|Porygon2|100\/100\n|-damage|p1a: Porygon2|88\/100|[from] Stealth Rock\n|-ability|p1a: Porygon2|Libero|[from] ability: Trace|[of] p2a: Cinderace\n|turn|24\n|\n|t:|1613063554\n|move|p2a: Cinderace|U-turn|p1a: Porygon2\n|-start|p2a: Cinderace|typechange|Bug|[from] ability: Libero\n|-damage|p1a: Porygon2|69\/100\n|\n|t:|1613063557\n|switch|p2a: Blissey|Blissey, F|100\/100|[from]move: U-turn\n|move|p1a: Porygon2|Trick Room|p1a: Porygon2\n|-start|p1a: Porygon2|typechange|Psychic|[from] ability: Libero\n|-fieldstart|move: Trick Room|[of] p1a: Porygon2\n|\n|upkeep\n|turn|25\n|\n|t:|1613063566\n|move|p2a: Blissey|Thunder Wave|p1a: Porygon2\n|-status|p1a: Porygon2|par\n|move|p1a: Porygon2|Teleport|p1a: Porygon2\n|\n|t:|1613063568\n|switch|p1a: Melmetal|Melmetal|49\/100|[from]move: Teleport\n|-damage|p1a: Melmetal|42\/100|[from] Stealth Rock\n|\n|upkeep\n|turn|26\n|\n|t:|1613063575\n|move|p1a: Melmetal|Double Iron Bash|p2a: Blissey\n|-crit|p2a: Blissey\n|-damage|p2a: Blissey|7\/100\n|-damage|p2a: Blissey|0 fnt\n|-hitcount|p2a: Blissey|2\n|faint|p2a: Blissey\n|\n|upkeep\n|\n|t:|1613063579\n|switch|p2a: Rillaboom|Rillaboom, M|100\/100\n|-fieldstart|move: Grassy Terrain|[from] ability: Grassy Surge|[of] p2a: Rillaboom\n|turn|27\n|\n|t:|1613063585\n|move|p1a: Melmetal|Double Iron Bash|p2a: Rillaboom\n|-damage|p2a: Rillaboom|25\/100\n|-damage|p2a: Rillaboom|0 fnt\n|-hitcount|p2a: Rillaboom|2\n|faint|p2a: Rillaboom\n|\n|-heal|p1a: Melmetal|49\/100|[from] Grassy Terrain\n|upkeep\n|\n|t:|1613063586\n|switch|p2a: Cinderace|Cinderace, F|17\/100 tox\n|turn|28\n|\n|t:|1613063588\n|move|p1a: Melmetal|Double Iron Bash|p2a: Cinderace\n|-resisted|p2a: Cinderace\n|-damage|p2a: Cinderace|0 fnt\n|-hitcount|p2a: Cinderace|1\n|faint|p2a: Cinderace\n|\n|win|Stellar Flares\n|n|\u2606Stellar Flares|stellarflares\n|n|\u2606Don Colombus|doncolombus\n|n| lemonstre1|lemonstre1\n","uploadtime":1613063589,"views":32,"p1id":"stellarflares","p2id":"doncolombus","formatid":"gen8ou","rating":0,"private":0,"password":null}