{"id":"gen8pu-1245426617","p1":"Chickpiee","p2":"zioziotrip \u2657","format":"gen8pu","log":"|j|\u2606Chickpiee\n|j|\u2606zioziotrip \u2657\n|t:|1608218749\n|player|p1|Chickpiee|caitlin|\n|player|p2|zioziotrip \u2657|red|\n|teamsize|p1|6\n|teamsize|p2|6\n|gametype|singles\n|gen|8\n|tier|[Gen 8] PU\n|rated|Tournament battle\n|clearpoke\n|poke|p1|Rotom-Fan|\n|poke|p1|Sandaconda, F|\n|poke|p1|Garbodor, M|\n|poke|p1|Cryogonal|\n|poke|p1|Rapidash, M|\n|poke|p1|Gourgeist-*, F|\n|poke|p2|Kangaskhan, F|\n|poke|p2|Corsola-Galar, M|\n|poke|p2|Hitmonchan, M|\n|poke|p2|Ferroseed, F|\n|poke|p2|Silvally-*|\n|poke|p2|Jolteon, F|\n|rule|Sleep Clause Mod: Limit one foe put to sleep\n|rule|Species Clause: Limit one of each Pok\u00e9mon\n|rule|OHKO Clause: OHKO moves are banned\n|rule|Evasion Moves Clause: Evasion moves are banned\n|rule|Endless Battle Clause: Forcing endless battles is banned\n|rule|HP Percentage Mod: HP is shown in percentages\n|rule|Dynamax Clause: You cannot dynamax\n|teampreview\n|j|*Lady Monita \u2744\n|j| gyro loves pizza\n|j| GeoJumper0001\n|c|\u2606zioziotrip \u2657|hf\n|inactive|Battle timer is ON: inactive players will automatically lose when time's up. (requested by Chickpiee)\n|c|\u2606Chickpiee|hf\n|j| hxhispeakfiction\n|l| hxhispeakfiction\n|inactive|zioziotrip \u2657 has 120 seconds left.\n|\n|t:|1608218791\n|start\n|switch|p1a: Rapidash|Rapidash, M|100\/100\n|switch|p2a: Corsola|Corsola-Galar, M|100\/100\n|turn|1\n|\n|t:|1608218811\n|move|p1a: Rapidash|Swords Dance|p1a: Rapidash\n|-boost|p1a: Rapidash|atk|2\n|move|p2a: Corsola|Stealth Rock|p1a: Rapidash\n|-sidestart|p1: Chickpiee|move: Stealth Rock\n|\n|upkeep\n|turn|2\n|\n|t:|1608218818\n|move|p1a: Rapidash|Swords Dance|p1a: Rapidash\n|-boost|p1a: Rapidash|atk|2\n|move|p2a: Corsola|Strength Sap|p1a: Rapidash\n|-unboost|p1a: Rapidash|atk|1\n|\n|upkeep\n|turn|3\n|\n|t:|1608218823\n|move|p1a: Rapidash|High Horsepower|p2a: Corsola\n|-damage|p2a: Corsola|66\/100\n|move|p2a: Corsola|Night Shade|p1a: Rapidash\n|-damage|p1a: Rapidash|64\/100\n|\n|upkeep\n|turn|4\n|j| IkarusxD\n|l| IkarusxD\n|inactive|zioziotrip \u2657 has 120 seconds left.\n|\n|t:|1608218854\n|switch|p2a: Ferroseed|Ferroseed, F|100\/100\n|move|p1a: Rapidash|Flare Blitz|p2a: Ferroseed\n|-supereffective|p2a: Ferroseed\n|-damage|p2a: Ferroseed|0 fnt\n|-damage|p1a: Rapidash|51\/100|[from] ability: Iron Barbs|[of] p2a: Ferroseed\n|-damage|p1a: Rapidash|16\/100|[from] Recoil\n|faint|p2a: Ferroseed\n|\n|upkeep\n|inactive|zioziotrip \u2657 has 120 seconds left.\n|\n|t:|1608218861\n|switch|p2a: Jolteon|Jolteon, F|100\/100\n|turn|5\n|\n|t:|1608218865\n|switch|p1a: Cryogonal|Cryogonal|100\/100\n|move|p2a: Jolteon|Shadow Ball|p1a: Cryogonal\n|-damage|p1a: Cryogonal|87\/100\n|-unboost|p1a: Cryogonal|spd|1\n|\n|upkeep\n|turn|6\n|\n|t:|1608218870\n|move|p2a: Jolteon|Toxic|p1a: Cryogonal\n|-status|p1a: Cryogonal|tox\n|move|p1a: Cryogonal|Toxic|p2a: Jolteon\n|-status|p2a: Jolteon|tox\n|\n|-damage|p2a: Jolteon|95\/100 tox|[from] psn\n|-damage|p1a: Cryogonal|81\/100 tox|[from] psn\n|upkeep\n|turn|7\n|\n|t:|1608218875\n|move|p2a: Jolteon|Volt Switch|p1a: Cryogonal\n|-damage|p1a: Cryogonal|56\/100 tox\n|\n|t:|1608218877\n|switch|p2a: Hitmonchan|Hitmonchan, M|100\/100|[from]move: Volt Switch\n|move|p1a: Cryogonal|Rapid Spin|p2a: Hitmonchan\n|-damage|p2a: Hitmonchan|94\/100\n|-boost|p1a: Cryogonal|spe|1\n|-sideend|p1: Chickpiee|Stealth Rock|[from] move: Rapid Spin|[of] p1a: Cryogonal\n|\n|-damage|p1a: Cryogonal|44\/100 tox|[from] psn\n|upkeep\n|turn|8\n|\n|t:|1608218881\n|switch|p1a: Garbodor|Garbodor, M, shiny|100\/100\n|move|p2a: Hitmonchan|Mach Punch|p1a: Garbodor\n|-resisted|p1a: Garbodor\n|-damage|p1a: Garbodor|92\/100\n|-damage|p2a: Hitmonchan|77\/100|[from] item: Rocky Helmet|[of] p1a: Garbodor\n|\n|upkeep\n|turn|9\n|\n|t:|1608218887\n|switch|p2a: Corsola|Corsola-Galar, M|66\/100\n|move|p1a: Garbodor|Spikes|p2a: Corsola\n|-sidestart|p2: zioziotrip \u2657|Spikes\n|\n|upkeep\n|turn|10\n|\n|t:|1608218894\n|move|p1a: Garbodor|Spikes|p2a: Corsola\n|-sidestart|p2: zioziotrip \u2657|Spikes\n|move|p2a: Corsola|Strength Sap|p1a: Garbodor\n|-unboost|p1a: Garbodor|atk|1\n|-heal|p2a: Corsola|100\/100\n|\n|upkeep\n|turn|11\n|\n|t:|1608218898\n|move|p1a: Garbodor|Spikes|p2a: Corsola\n|-sidestart|p2: zioziotrip \u2657|Spikes\n|move|p2a: Corsola|Stealth Rock|p1a: Garbodor\n|-sidestart|p1: Chickpiee|move: Stealth Rock\n|\n|upkeep\n|turn|12\n|\n|t:|1608218902\n|switch|p1a: Sandaconda|Sandaconda, F|100\/100\n|-damage|p1a: Sandaconda|94\/100|[from] Stealth Rock\n|move|p2a: Corsola|Night Shade|p1a: Sandaconda\n|-damage|p1a: Sandaconda|66\/100\n|\n|-heal|p1a: Sandaconda|72\/100|[from] item: Leftovers\n|upkeep\n|turn|13\n|\n|t:|1608218910\n|move|p1a: Sandaconda|Stealth Rock|p2a: Corsola\n|-sidestart|p2: zioziotrip \u2657|move: Stealth Rock\n|move|p2a: Corsola|Will-O-Wisp|p1a: Sandaconda\n|-status|p1a: Sandaconda|brn\n|\n|-heal|p1a: Sandaconda|78\/100 brn|[from] item: Leftovers\n|-damage|p1a: Sandaconda|72\/100 brn|[from] brn\n|upkeep\n|turn|14\n|\n|t:|1608218916\n|switch|p2a: Hitmonchan|Hitmonchan, M|77\/100\n|-damage|p2a: Hitmonchan|52\/100|[from] Spikes\n|-damage|p2a: Hitmonchan|46\/100|[from] Stealth Rock\n|move|p1a: Sandaconda|Glare|p2a: Hitmonchan\n|-status|p2a: Hitmonchan|par\n|\n|-heal|p1a: Sandaconda|78\/100 brn|[from] item: Leftovers\n|-damage|p1a: Sandaconda|72\/100 brn|[from] brn\n|upkeep\n|turn|15\n|\n|t:|1608218926\n|switch|p1a: Gourgeist|Gourgeist-Super, F|100\/100\n|-damage|p1a: Gourgeist|88\/100|[from] Stealth Rock\n|-item|p2a: Hitmonchan|Assault Vest|[from] ability: Frisk|[of] p1a: Gourgeist|[identify]\n|move|p2a: Hitmonchan|Rapid Spin|p1a: Gourgeist\n|-immune|p1a: Gourgeist\n|\n|upkeep\n|turn|16\n|\n|t:|1608218931\n|move|p1a: Gourgeist|Trick|p2a: Hitmonchan\n|-activate|p1a: Gourgeist|move: Trick|[of] p2a: Hitmonchan\n|-item|p2a: Hitmonchan|Choice Scarf|[from] move: Trick\n|-item|p1a: Gourgeist|Assault Vest|[from] move: Trick\n|move|p2a: Hitmonchan|Ice Punch|p1a: Gourgeist\n|-supereffective|p1a: Gourgeist\n|-damage|p1a: Gourgeist|31\/100\n|\n|upkeep\n|turn|17\n|\n|t:|1608218941\n|move|p1a: Gourgeist|Shadow Sneak|p2a: Hitmonchan\n|-damage|p2a: Hitmonchan|17\/100 par\n|move|p2a: Hitmonchan|Ice Punch|p1a: Gourgeist\n|-supereffective|p1a: Gourgeist\n|-damage|p1a: Gourgeist|0 fnt\n|faint|p1a: Gourgeist\n|\n|upkeep\n|\n|t:|1608218949\n|switch|p1a: Rapidash|Rapidash, M|16\/100\n|turn|18\n|\n|t:|1608218952\n|move|p1a: Rapidash|Flare Blitz|p2a: Hitmonchan\n|-damage|p2a: Hitmonchan|0 fnt\n|-damage|p1a: Rapidash|10\/100|[from] Recoil\n|faint|p2a: Hitmonchan\n|\n|upkeep\n|\n|t:|1608218955\n|switch|p2a: Jolteon|Jolteon, F|95\/100 tox\n|turn|19\n|\n|t:|1608218965\n|move|p2a: Jolteon|Volt Switch|p1a: Rapidash\n|-damage|p1a: Rapidash|0 fnt\n|faint|p1a: Rapidash\n|\n|t:|1608218976\n|switch|p2a: Kangaskhan|Kangaskhan, F|100\/100|[from]move: Volt Switch\n|-damage|p2a: Kangaskhan|76\/100|[from] Spikes\n|-damage|p2a: Kangaskhan|63\/100|[from] Stealth Rock\n|\n|upkeep\n|\n|t:|1608218985\n|switch|p1a: Sandaconda|Sandaconda, F|72\/100 brn\n|-damage|p1a: Sandaconda|66\/100 brn|[from] Stealth Rock\n|turn|20\n|\n|t:|1608218991\n|move|p2a: Kangaskhan|Double-Edge|p1a: Sandaconda\n|-damage|p1a: Sandaconda|21\/100 brn\n|-damage|p2a: Kangaskhan|49\/100|[from] Recoil\n|move|p1a: Sandaconda|Glare|p2a: Kangaskhan\n|-status|p2a: Kangaskhan|par\n|\n|-activate|p1a: Sandaconda|ability: Shed Skin\n|-curestatus|p1a: Sandaconda|brn|[msg]\n|-heal|p1a: Sandaconda|27\/100|[from] item: Leftovers\n|upkeep\n|turn|21\n|\n|t:|1608218998\n|move|p1a: Sandaconda|Rest|p1a: Sandaconda\n|-status|p1a: Sandaconda|slp|[from] move: Rest\n|-heal|p1a: Sandaconda|100\/100 slp|[silent]\n|move|p2a: Kangaskhan|Double-Edge|p1a: Sandaconda\n|-crit|p1a: Sandaconda\n|-damage|p1a: Sandaconda|34\/100 slp\n|-damage|p2a: Kangaskhan|27\/100 par|[from] Recoil\n|\n|-heal|p1a: Sandaconda|40\/100 slp|[from] item: Leftovers\n|upkeep\n|turn|22\n|j| king pugo\n|\n|t:|1608219007\n|cant|p1a: Sandaconda|slp\n|move|p2a: Kangaskhan|Double-Edge|p1a: Sandaconda\n|-damage|p1a: Sandaconda|0 fnt\n|-damage|p2a: Kangaskhan|14\/100 par|[from] Recoil\n|faint|p1a: Sandaconda\n|\n|upkeep\n|\n|t:|1608219015\n|switch|p1a: Garbodor|Garbodor, M, shiny|92\/100\n|-damage|p1a: Garbodor|80\/100|[from] Stealth Rock\n|turn|23\n|\n|t:|1608219019\n|move|p1a: Garbodor|Body Press|p2a: Kangaskhan\n|-supereffective|p2a: Kangaskhan\n|-damage|p2a: Kangaskhan|0 fnt\n|faint|p2a: Kangaskhan\n|\n|upkeep\n|\n|t:|1608219030\n|switch|p2a: Jolteon|Jolteon, F|95\/100 tox\n|turn|24\n|\n|t:|1608219035\n|move|p2a: Jolteon|Volt Switch|p1a: Garbodor\n|-damage|p1a: Garbodor|43\/100\n|\n|t:|1608219037\n|switch|p2a: Corsola|Corsola-Galar, M|100\/100|[from]move: Volt Switch\n|-damage|p2a: Corsola|76\/100|[from] Spikes\n|-damage|p2a: Corsola|63\/100|[from] Stealth Rock\n|move|p1a: Garbodor|Gunk Shot|p2a: Corsola\n|-resisted|p2a: Corsola\n|-damage|p2a: Corsola|53\/100\n|-start|p1a: Garbodor|Disable|Gunk Shot|[from] ability: Cursed Body|[of] p2a: Corsola\n|\n|upkeep\n|turn|25\n|l| king pugo\n|\n|t:|1608219048\n|switch|p1a: Cryogonal|Cryogonal|44\/100 tox\n|move|p2a: Corsola|Will-O-Wisp||[still]\n|-fail|p2a: Corsola\n|\n|-damage|p1a: Cryogonal|38\/100 tox|[from] psn\n|upkeep\n|turn|26\n|\n|t:|1608219054\n|switch|p2a: Silvally|Silvally-Poison|100\/100\n|-damage|p2a: Silvally|76\/100|[from] Spikes\n|-damage|p2a: Silvally|63\/100|[from] Stealth Rock\n|move|p1a: Cryogonal|Recover|p1a: Cryogonal\n|-heal|p1a: Cryogonal|88\/100 tox\n|\n|-damage|p1a: Cryogonal|76\/100 tox|[from] psn\n|upkeep\n|turn|27\n|\n|t:|1608219063\n|move|p2a: Silvally|Multi-Attack|p1a: Cryogonal\n|-damage|p1a: Cryogonal|14\/100 tox\n|move|p1a: Cryogonal|Rapid Spin|p2a: Silvally\n|-crit|p2a: Silvally\n|-damage|p2a: Silvally|55\/100\n|-boost|p1a: Cryogonal|spe|1\n|-sideend|p1: Chickpiee|Stealth Rock|[from] move: Rapid Spin|[of] p1a: Cryogonal\n|\n|-damage|p1a: Cryogonal|0 fnt|[from] psn\n|faint|p1a: Cryogonal\n|upkeep\n|\n|t:|1608219074\n|switch|p1a: Garbodor|Garbodor, M, shiny|43\/100\n|turn|28\n|\n|t:|1608219081\n|move|p2a: Silvally|Work Up|p2a: Silvally\n|-boost|p2a: Silvally|atk|1\n|-boost|p2a: Silvally|spa|1\n|move|p1a: Garbodor|Gunk Shot|p2a: Silvally\n|-resisted|p2a: Silvally\n|-damage|p2a: Silvally|30\/100\n|\n|upkeep\n|turn|29\n|\n|t:|1608219089\n|move|p2a: Silvally|Flamethrower|p1a: Garbodor\n|-damage|p1a: Garbodor|0 fnt\n|faint|p1a: Garbodor\n|\n|upkeep\n|\n|t:|1608219092\n|switch|p1a: Rotom|Rotom-Fan|100\/100\n|turn|30\n|\n|t:|1608219095\n|move|p2a: Silvally|Multi-Attack|p1a: Rotom\n|-damage|p1a: Rotom|41\/100\n|move|p1a: Rotom|Discharge|p2a: Silvally\n|-damage|p2a: Silvally|0 fnt\n|faint|p2a: Silvally\n|\n|-heal|p1a: Rotom|48\/100|[from] item: Leftovers\n|upkeep\n|\n|t:|1608219099\n|switch|p2a: Jolteon|Jolteon, F|95\/100 tox\n|turn|31\n|\n|t:|1608219108\n|move|p2a: Jolteon|Volt Switch|p1a: Rotom\n|-damage|p1a: Rotom|14\/100\n|\n|t:|1608219110\n|switch|p2a: Corsola|Corsola-Galar, M|53\/100|[from]move: Volt Switch\n|-damage|p2a: Corsola|41\/100|[from] Stealth Rock\n|-damage|p2a: Corsola|16\/100|[from] Spikes\n|move|p1a: Rotom|Nasty Plot|p1a: Rotom\n|-boost|p1a: Rotom|spa|2\n|\n|-heal|p1a: Rotom|20\/100|[from] item: Leftovers\n|upkeep\n|turn|32\n|\n|t:|1608219115\n|move|p1a: Rotom|Nasty Plot|p1a: Rotom\n|-boost|p1a: Rotom|spa|2\n|move|p2a: Corsola|Night Shade|p1a: Rotom\n|-damage|p1a: Rotom|0 fnt\n|faint|p1a: Rotom\n|\n|win|zioziotrip \u2657\n|n|\u2606Chickpiee|chickpiee\n|n|\u2606zioziotrip \u2657|zioziotrip\n|n|*Lady Monita \u2744|ladymonita\n|n| gyro loves pizza|gyrolovespizza\n|n| GeoJumper0001|geojumper0001\n","uploadtime":1608219116,"views":33,"p1id":"chickpiee","p2id":"zioziotrip","formatid":"gen8pu","rating":0,"private":0,"password":null}