{"id":"gen8ou-1210421954","p1":"TryHonesty","p2":"yungmacedgod","format":"gen8ou","log":"|j|\u2606TryHonesty\n|j|\u2606yungmacedgod\n|t:|1603771718\n|player|p1|TryHonesty|2|1543\n|player|p2|yungmacedgod|acetrainerf|1495\n|teamsize|p1|6\n|teamsize|p2|6\n|gametype|singles\n|gen|8\n|tier|[Gen 8] OU\n|rated|\n|clearpoke\n|poke|p1|Spectrier|\n|poke|p1|Crawdaunt, F|\n|poke|p1|Dragapult, F|\n|poke|p1|Mamoswine, M|\n|poke|p1|Aegislash, M|\n|poke|p1|Urshifu-*, M|\n|poke|p2|Tornadus-Therian, M|\n|poke|p2|Garchomp, M|\n|poke|p2|Pheromosa|\n|poke|p2|Magearna|\n|poke|p2|Dragapult, F|\n|poke|p2|Zapdos|\n|rule|Sleep Clause Mod: Limit one foe put to sleep\n|rule|Species Clause: Limit one of each Pok\u00e9mon\n|rule|OHKO Clause: OHKO moves are banned\n|rule|Evasion Moves Clause: Evasion moves are banned\n|rule|Endless Battle Clause: Forcing endless battles is banned\n|rule|HP Percentage Mod: HP is shown in percentages\n|rule|Dynamax Clause: You cannot dynamax\n|teampreview\n|inactive|Battle timer is ON: inactive players will automatically lose when time's up. (requested by yungmacedgod)\n|c|\u2606yungmacedgod|glhf\n|\n|t:|1603771741\n|start\n|switch|p1a: Crawdaunt|Crawdaunt, F|100\/100\n|switch|p2a: JOEY BURRROW|Dragapult, F|100\/100\n|turn|1\n|c|\u2606TryHonesty|Don't tell me what to do fascist\n|c|\u2606TryHonesty|Another day in Trump's America\n|\n|t:|1603771759\n|move|p2a: JOEY BURRROW|U-turn|p1a: Crawdaunt\n|-supereffective|p1a: Crawdaunt\n|-damage|p1a: Crawdaunt|54\/100\n|\n|t:|1603771762\n|switch|p2a: THUNDERBIRD|Zapdos|100\/100|[from]move: U-turn\n|move|p1a: Crawdaunt|Crunch|p2a: THUNDERBIRD\n|-damage|p2a: THUNDERBIRD|42\/100\n|-status|p1a: Crawdaunt|par|[from] ability: Static|[of] p2a: THUNDERBIRD\n|-damage|p1a: Crawdaunt|44\/100 par|[from] item: Life Orb\n|\n|upkeep\n|turn|2\n|\n|t:|1603771773\n|switch|p1a: Mamoswine|Mamoswine, M|100\/100\n|move|p2a: THUNDERBIRD|Discharge|p1a: Mamoswine\n|-immune|p1a: Mamoswine\n|\n|upkeep\n|turn|3\n|\n|t:|1603771783\n|move|p1a: Mamoswine|Icicle Crash|p2a: THUNDERBIRD\n|-supereffective|p2a: THUNDERBIRD\n|-damage|p2a: THUNDERBIRD|0 fnt\n|-damage|p1a: Mamoswine|91\/100|[from] item: Life Orb\n|faint|p2a: THUNDERBIRD\n|\n|upkeep\n|\n|t:|1603771790\n|switch|p2a: VOGUE|Pheromosa, shiny|100\/100\n|turn|4\n|\n|t:|1603771797\n|move|p1a: Mamoswine|Ice Shard|p2a: VOGUE\n|-damage|p2a: VOGUE|22\/100\n|-damage|p1a: Mamoswine|81\/100|[from] item: Life Orb\n|move|p2a: VOGUE|Close Combat|p1a: Mamoswine\n|-supereffective|p1a: Mamoswine\n|-damage|p1a: Mamoswine|0 fnt\n|-unboost|p2a: VOGUE|def|1\n|-unboost|p2a: VOGUE|spd|1\n|-damage|p2a: VOGUE|12\/100|[from] item: Life Orb\n|faint|p1a: Mamoswine\n|-ability|p2a: VOGUE|Beast Boost|boost\n|-boost|p2a: VOGUE|spe|1\n|\n|upkeep\n|\n|t:|1603771809\n|switch|p1a: Crawdaunt|Crawdaunt, F|44\/100 par\n|turn|5\n|\n|t:|1603771812\n|switch|p2a: LAND SHARK|Garchomp, M|100\/100\n|move|p1a: Crawdaunt|Aqua Jet|p2a: LAND SHARK\n|-damage|p2a: LAND SHARK|77\/100\n|-damage|p1a: Crawdaunt|32\/100 par|[from] ability: Rough Skin|[of] p2a: LAND SHARK\n|-damage|p1a: Crawdaunt|15\/100 par|[from] item: Rocky Helmet|[of] p2a: LAND SHARK\n|-damage|p1a: Crawdaunt|6\/100 par|[from] item: Life Orb\n|\n|upkeep\n|turn|6\n|\n|t:|1603771822\n|move|p1a: Crawdaunt|Aqua Jet|p2a: LAND SHARK\n|-damage|p2a: LAND SHARK|53\/100\n|-damage|p1a: Crawdaunt|0 fnt|[from] ability: Rough Skin|[of] p2a: LAND SHARK\n|faint|p1a: Crawdaunt\n|move|p2a: LAND SHARK|Stealth Rock|p1: Crawdaunt\n|-sidestart|p1: TryHonesty|move: Stealth Rock\n|\n|upkeep\n|\n|t:|1603771827\n|switch|p1a: Dragapult|Dragapult, F|100\/100\n|-damage|p1a: Dragapult|88\/100|[from] Stealth Rock\n|turn|7\n|\n|t:|1603771831\n|move|p1a: Dragapult|Dragon Dance|p1a: Dragapult\n|-boost|p1a: Dragapult|atk|1\n|-boost|p1a: Dragapult|spe|1\n|move|p2a: LAND SHARK|Dragon Tail|p1a: Dragapult\n|-supereffective|p1a: Dragapult\n|-damage|p1a: Dragapult|16\/100\n|drag|p1a: Aegislash|Aegislash, M|100\/100\n|-damage|p1a: Aegislash|94\/100|[from] Stealth Rock\n|\n|upkeep\n|turn|8\n|\n|t:|1603771840\n|move|p2a: LAND SHARK|Earthquake|p1a: Aegislash\n|-supereffective|p1a: Aegislash\n|-damage|p1a: Aegislash|30\/100\n|-formechange|p1a: Aegislash|Aegislash-Blade||[from] ability: Stance Change\n|move|p1a: Aegislash|Shadow Ball|p2a: LAND SHARK\n|-damage|p2a: LAND SHARK|0 fnt\n|faint|p2a: LAND SHARK\n|\n|upkeep\n|-message|TryHonesty forfeited.\n|\n|win|yungmacedgod\n|l|\u2606TryHonesty\n|raw|TryHonesty's rating: 1543 &rarr; <strong>1521<\/strong><br \/>(-22 for losing)\n|raw|yungmacedgod's rating: 1495 &rarr; <strong>1518<\/strong><br \/>(+23 for winning)\n","uploadtime":1603771875,"views":8,"p1id":"tryhonesty","p2id":"yungmacedgod","formatid":"gen8ou","rating":1518,"private":0,"password":null}