{"id":"gen8ou-1655757219","p1":"Immensetheub","p2":"broked on bricks","format":"gen8ou","log":"|j|\u2606Immensetheub\n|j|\u2606broked on bricks\n|t:|1662282324\n|gametype|singles\n|player|p1|Immensetheub|170|1374\n|player|p2|broked on bricks|will-gen2|1438\n|teamsize|p1|6\n|teamsize|p2|6\n|gen|8\n|tier|[Gen 8] OU\n|rated|\n|rule|Sleep Clause Mod: Limit one foe put to sleep\n|rule|Species Clause: Limit one of each Pok\u00e9mon\n|rule|OHKO Clause: OHKO moves are banned\n|rule|Evasion Items Clause: Evasion items are banned\n|rule|Evasion Moves Clause: Evasion moves are banned\n|rule|Endless Battle Clause: Forcing endless battles is banned\n|rule|HP Percentage Mod: HP is shown in percentages\n|rule|Dynamax Clause: You cannot dynamax\n|clearpoke\n|poke|p1|Volcarona, M|\n|poke|p1|Tyranitar, F|\n|poke|p1|Clefable, F|\n|poke|p1|Landorus-Therian, M|\n|poke|p1|Zapdos|\n|poke|p1|Dragapult, F|\n|poke|p2|Pelipper, F|\n|poke|p2|Keldeo-Resolute|\n|poke|p2|Dragapult, M|\n|poke|p2|Tapu Lele|\n|poke|p2|Melmetal|\n|poke|p2|Landorus-Therian, M|\n|teampreview\n|c|\u2606broked on bricks|glhf\n|inactive|Battle timer is ON: inactive players will automatically lose when time's up. (requested by Immensetheub)\n|\n|t:|1662282346\n|start\n|switch|p1a: Zapdos|Zapdos|100\/100\n|switch|p2a: Pelipper|Pelipper, F|100\/100\n|-weather|RainDance|[from] ability: Drizzle|[of] p2a: Pelipper\n|turn|1\n|\n|t:|1662282359\n|switch|p2a: Melmetal|Melmetal|100\/100\n|move|p1a: Zapdos|Volt Switch|p2a: Melmetal\n|-damage|p2a: Melmetal|75\/100\n|\n|t:|1662282364\n|switch|p1a: Landorus|Landorus-Therian, M|100\/100|[from]move: Volt Switch\n|-ability|p1a: Landorus|Intimidate|boost\n|-unboost|p2a: Melmetal|atk|1\n|\n|-weather|RainDance|[upkeep]\n|-heal|p2a: Melmetal|81\/100|[from] item: Leftovers\n|upkeep\n|turn|2\n|\n|t:|1662282373\n|switch|p2a: Landorus|Landorus-Therian, M|100\/100\n|-ability|p2a: Landorus|Intimidate|boost\n|-unboost|p1a: Landorus|atk|1\n|move|p1a: Landorus|Stealth Rock|p2a: Landorus\n|-sidestart|p2: broked on bricks|move: Stealth Rock\n|\n|-weather|RainDance|[upkeep]\n|upkeep\n|turn|3\n|\n|t:|1662282375\n|move|p1a: Landorus|Knock Off|p2a: Landorus\n|-damage|p2a: Landorus|79\/100\n|-enditem|p2a: Landorus|Eject Button|[from] move: Knock Off|[of] p1a: Landorus\n|move|p2a: Landorus|Defog|p1a: Landorus\n|-unboost|p1a: Landorus|evasion|1\n|-sideend|p2: broked on bricks|Stealth Rock|[from] move: Defog|[of] p2a: Landorus\n|\n|-weather|RainDance|[upkeep]\n|upkeep\n|turn|4\n|\n|t:|1662282388\n|move|p1a: Landorus|Stealth Rock|p2a: Landorus\n|-sidestart|p2: broked on bricks|move: Stealth Rock\n|move|p2a: Landorus|U-turn|p1a: Landorus\n|-resisted|p1a: Landorus\n|-damage|p1a: Landorus|91\/100\n|\n|t:|1662282393\n|switch|p2a: Keldeo|Keldeo-Resolute|100\/100|[from]move: U-turn\n|-damage|p2a: Keldeo|94\/100|[from] Stealth Rock\n|\n|-weather|RainDance|[upkeep]\n|-heal|p1a: Landorus|97\/100|[from] item: Leftovers\n|upkeep\n|turn|5\n|\n|t:|1662282398\n|switch|p1a: Clefable|Clefable, F|100\/100\n|move|p2a: Keldeo|Surf|p1a: Clefable\n|-damage|p1a: Clefable|3\/100\n|\n|-weather|none\n|upkeep\n|turn|6\n|\n|t:|1662282404\n|move|p2a: Keldeo|Surf|p1a: Clefable\n|-damage|p1a: Clefable|0 fnt\n|faint|p1a: Clefable\n|\n|upkeep\n|\n|t:|1662282406\n|switch|p1a: Zapdos|Zapdos|100\/100\n|turn|7\n|\n|t:|1662282414\n|switch|p2a: Melmetal|Melmetal|81\/100\n|-damage|p2a: Melmetal|75\/100|[from] Stealth Rock\n|move|p1a: Zapdos|Volt Switch|p2a: Melmetal\n|-damage|p2a: Melmetal|49\/100\n|\n|t:|1662282433\n|switch|p1a: Volcarona|Volcarona, M|100\/100|[from]move: Volt Switch\n|\n|-heal|p2a: Melmetal|55\/100|[from] item: Leftovers\n|upkeep\n|turn|8\n|\n|t:|1662282454\n|move|p1a: Volcarona|Fiery Dance|p2a: Melmetal\n|-supereffective|p2a: Melmetal\n|-damage|p2a: Melmetal|0 fnt\n|faint|p2a: Melmetal\n|\n|upkeep\n|\n|t:|1662282468\n|switch|p2a: Keldeo|Keldeo-Resolute|94\/100\n|-damage|p2a: Keldeo|88\/100|[from] Stealth Rock\n|turn|9\n|\n|t:|1662282486\n|switch|p1a: Landorus|Landorus-Therian, M|97\/100\n|-ability|p1a: Landorus|Intimidate|boost\n|-unboost|p2a: Keldeo|atk|1\n|move|p2a: Keldeo|Surf|p1a: Landorus\n|-supereffective|p1a: Landorus\n|-damage|p1a: Landorus|0 fnt\n|faint|p1a: Landorus\n|\n|upkeep\n|\n|t:|1662282490\n|switch|p1a: Zapdos|Zapdos|100\/100\n|turn|10\n|\n|t:|1662282494\n|switch|p2a: Landorus|Landorus-Therian, M|79\/100\n|-damage|p2a: Landorus|66\/100|[from] Stealth Rock\n|-ability|p2a: Landorus|Intimidate|boost\n|-unboost|p1a: Zapdos|atk|1\n|move|p1a: Zapdos|Volt Switch|p2a: Landorus\n|-immune|p2a: Landorus\n|\n|upkeep\n|turn|11\n|\n|t:|1662282498\n|move|p1a: Zapdos|Toxic|p2a: Landorus\n|-status|p2a: Landorus|tox\n|move|p2a: Landorus|Defog|p1a: Zapdos\n|-unboost|p1a: Zapdos|evasion|1\n|-sideend|p2: broked on bricks|Stealth Rock|[from] move: Defog|[of] p2a: Landorus\n|\n|-damage|p2a: Landorus|60\/100 tox|[from] psn\n|upkeep\n|turn|12\n|\n|t:|1662282514\n|move|p1a: Zapdos|Volt Switch|p2a: Landorus\n|-immune|p2a: Landorus\n|move|p2a: Landorus|U-turn|p1a: Zapdos\n|-resisted|p1a: Zapdos\n|-damage|p1a: Zapdos|93\/100\n|\n|t:|1662282521\n|switch|p2a: Dragapult|Dragapult, M|100\/100|[from]move: U-turn\n|\n|upkeep\n|turn|13\n|\n|t:|1662282524\n|move|p2a: Dragapult|Shadow Ball|p1a: Zapdos\n|-damage|p1a: Zapdos|41\/100\n|move|p1a: Zapdos|Roost|p1a: Zapdos\n|-heal|p1a: Zapdos|91\/100\n|-singleturn|p1a: Zapdos|move: Roost\n|\n|upkeep\n|turn|14\n|\n|t:|1662282536\n|switch|p1a: Tyranitar|Tyranitar, F|100\/100\n|-weather|Sandstorm|[from] ability: Sand Stream|[of] p1a: Tyranitar\n|move|p2a: Dragapult|Shadow Ball|p1a: Tyranitar\n|-resisted|p1a: Tyranitar\n|-damage|p1a: Tyranitar|86\/100\n|\n|-weather|Sandstorm|[upkeep]\n|-damage|p2a: Dragapult|95\/100|[from] Sandstorm\n|upkeep\n|turn|15\n|\n|t:|1662282546\n|switch|p2a: Keldeo|Keldeo-Resolute|88\/100\n|move|p1a: Tyranitar|Earthquake|p2a: Keldeo\n|-damage|p2a: Keldeo|26\/100\n|\n|-weather|Sandstorm|[upkeep]\n|-damage|p2a: Keldeo|19\/100|[from] Sandstorm\n|upkeep\n|turn|16\n|\n|t:|1662282559\n|switch|p2a: Pelipper|Pelipper, F|100\/100\n|-weather|RainDance|[from] ability: Drizzle|[of] p2a: Pelipper\n|switch|p1a: Zapdos|Zapdos|91\/100\n|\n|-weather|RainDance|[upkeep]\n|upkeep\n|turn|17\n|\n|t:|1662282569\n|switch|p2a: Landorus|Landorus-Therian, M|60\/100 tox\n|-ability|p2a: Landorus|Intimidate|boost\n|-unboost|p1a: Zapdos|atk|1\n|move|p1a: Zapdos|Volt Switch|p2a: Landorus\n|-immune|p2a: Landorus\n|\n|-weather|RainDance|[upkeep]\n|-damage|p2a: Landorus|54\/100 tox|[from] psn\n|upkeep\n|turn|18\n|\n|t:|1662282591\n|move|p1a: Zapdos|Roost|p1a: Zapdos\n|-heal|p1a: Zapdos|100\/100\n|-singleturn|p1a: Zapdos|move: Roost\n|move|p2a: Landorus|U-turn|p1a: Zapdos\n|-damage|p1a: Zapdos|83\/100\n|\n|t:|1662282597\n|switch|p2a: Keldeo|Keldeo-Resolute|19\/100|[from]move: U-turn\n|\n|-weather|RainDance|[upkeep]\n|upkeep\n|turn|19\n|\n|t:|1662282603\n|move|p2a: Keldeo|Surf|p1a: Zapdos\n|-damage|p1a: Zapdos|0 fnt\n|faint|p1a: Zapdos\n|\n|-weather|RainDance|[upkeep]\n|upkeep\n|\n|t:|1662282605\n|switch|p1a: Tyranitar|Tyranitar, F|86\/100\n|-weather|Sandstorm|[from] ability: Sand Stream|[of] p1a: Tyranitar\n|turn|20\n|\n|t:|1662282639\n|switch|p1a: Dragapult|Dragapult, F|100\/100\n|move|p2a: Keldeo|Surf|p1a: Dragapult\n|-resisted|p1a: Dragapult\n|-damage|p1a: Dragapult|55\/100\n|\n|-weather|Sandstorm|[upkeep]\n|-damage|p1a: Dragapult|49\/100|[from] Sandstorm\n|-damage|p2a: Keldeo|13\/100|[from] Sandstorm\n|upkeep\n|turn|21\n|\n|t:|1662282647\n|switch|p2a: Landorus|Landorus-Therian, M|54\/100 tox\n|-ability|p2a: Landorus|Intimidate|boost\n|-unboost|p1a: Dragapult|atk|1\n|move|p1a: Dragapult|Shadow Ball|p2a: Landorus\n|-damage|p2a: Landorus|16\/100 tox\n|\n|-weather|Sandstorm|[upkeep]\n|-damage|p1a: Dragapult|43\/100|[from] Sandstorm\n|-damage|p2a: Landorus|10\/100 tox|[from] psn\n|upkeep\n|turn|22\n|\n|t:|1662282651\n|move|p1a: Dragapult|Shadow Ball|p2a: Landorus\n|-damage|p2a: Landorus|0 fnt\n|faint|p2a: Landorus\n|\n|-weather|Sandstorm|[upkeep]\n|-damage|p1a: Dragapult|37\/100|[from] Sandstorm\n|upkeep\n|\n|t:|1662282661\n|switch|p2a: Tapu Lele|Tapu Lele|100\/100\n|-fieldstart|move: Psychic Terrain|[from] ability: Psychic Surge|[of] p2a: Tapu Lele\n|turn|23\n|\n|t:|1662282674\n|move|p2a: Tapu Lele|Psyshock|p1a: Dragapult\n|-crit|p1a: Dragapult\n|-damage|p1a: Dragapult|0 fnt\n|faint|p1a: Dragapult\n|\n|-weather|Sandstorm|[upkeep]\n|-damage|p2a: Tapu Lele|94\/100|[from] Sandstorm\n|upkeep\n|\n|t:|1662282677\n|switch|p1a: Tyranitar|Tyranitar, F|86\/100\n|turn|24\n|\n|t:|1662282686\n|switch|p2a: Keldeo|Keldeo-Resolute|13\/100\n|move|p1a: Tyranitar|Crunch|p2a: Keldeo\n|-resisted|p2a: Keldeo\n|-damage|p2a: Keldeo|0 fnt\n|faint|p2a: Keldeo\n|\n|-weather|none\n|upkeep\n|\n|t:|1662282697\n|switch|p2a: Pelipper|Pelipper, F|100\/100\n|-weather|RainDance|[from] ability: Drizzle|[of] p2a: Pelipper\n|turn|25\n|\n|t:|1662282701\n|move|p2a: Pelipper|Weather Ball|p1a: Tyranitar\n|-supereffective|p1a: Tyranitar\n|-damage|p1a: Tyranitar|0 fnt\n|faint|p1a: Tyranitar\n|\n|-weather|RainDance|[upkeep]\n|upkeep\n|\n|t:|1662282704\n|switch|p1a: Volcarona|Volcarona, M|100\/100\n|turn|26\n|c|\u2606broked on bricks|ggs\n|\n|t:|1662282708\n|move|p1a: Volcarona|Quiver Dance|p1a: Volcarona\n|-boost|p1a: Volcarona|spa|1\n|-boost|p1a: Volcarona|spd|1\n|-boost|p1a: Volcarona|spe|1\n|move|p2a: Pelipper|Weather Ball|p1a: Volcarona\n|-supereffective|p1a: Volcarona\n|-damage|p1a: Volcarona|0 fnt\n|faint|p1a: Volcarona\n|\n|win|broked on bricks\n|raw|Immensetheub's rating: 1374 &rarr; <strong>1358<\/strong><br \/>(-16 for losing)\n|raw|broked on bricks's rating: 1438 &rarr; <strong>1454<\/strong><br \/>(+16 for winning)\n|l|\u2606Immensetheub\n||Ladder isn't responding, score probably updated but might not have (Request timeout).\n","uploadtime":1662282712,"views":14,"p1id":"immensetheub","p2id":"brokedonbricks","formatid":"gen8ou","rating":1358,"private":0,"password":null}