{"id":"gen8randombattle-1547506329","p1":"Fastpitchkiller","p2":"WowMister","format":"gen8randombattle","log":"|j|\u2606Fastpitchkiller\n|j|\u2606WowMister\n|t:|1649268231\n|gametype|singles\n|player|p1|Fastpitchkiller|265|1573\n|player|p2|WowMister|n|1584\n|teamsize|p1|6\n|teamsize|p2|6\n|gen|8\n|tier|[Gen 8] Random Battle\n|rated|\n|rule|Species Clause: Limit one of each Pok\u00e9mon\n|rule|HP Percentage Mod: HP is shown in percentages\n|rule|Sleep Clause Mod: Limit one foe put to sleep\n|\n|t:|1649268231\n|start\n|switch|p1a: Pyukumuku|Pyukumuku, L84, F|230\/230\n|switch|p2a: Sawk|Sawk, L86, M|269\/269\n|-ability|p2a: Sawk|Mold Breaker\n|turn|1\n|\n|t:|1649268249\n|move|p2a: Sawk|Bulk Up|p2a: Sawk\n|-boost|p2a: Sawk|atk|1\n|-boost|p2a: Sawk|def|1\n|move|p1a: Pyukumuku|Toxic|p2a: Sawk\n|-status|p2a: Sawk|tox\n|\n|-damage|p2a: Sawk|253\/269 tox|[from] psn\n|upkeep\n|turn|2\n|\n|t:|1649268262\n|move|p2a: Sawk|Bulk Up|p2a: Sawk\n|-boost|p2a: Sawk|atk|1\n|-boost|p2a: Sawk|def|1\n|move|p1a: Pyukumuku|Counter||[still]\n|-fail|p1a: Pyukumuku\n|\n|-damage|p2a: Sawk|221\/269 tox|[from] psn\n|upkeep\n|turn|3\n|\n|t:|1649268271\n|switch|p1a: Weezing|Weezing, L86, M|252\/252\n|-ability|p1a: Weezing|Neutralizing Gas\n|move|p2a: Sawk|Bulk Up|p2a: Sawk\n|-boost|p2a: Sawk|atk|1\n|-boost|p2a: Sawk|def|1\n|\n|-damage|p2a: Sawk|173\/269 tox|[from] psn\n|upkeep\n|turn|4\n|\n|t:|1649268287\n|move|p2a: Sawk|Knock Off|p1a: Weezing\n|-damage|p1a: Weezing|23\/252\n|-enditem|p1a: Weezing|Black Sludge|[from] move: Knock Off|[of] p2a: Sawk\n|-damage|p2a: Sawk|147\/269 tox|[from] item: Life Orb\n|move|p1a: Weezing|Sludge Bomb|p2a: Sawk\n|-damage|p2a: Sawk|50\/269 tox\n|\n|-damage|p2a: Sawk|0 fnt|[from] psn\n|faint|p2a: Sawk\n|upkeep\n|inactive|Battle timer is ON: inactive players will automatically lose when time's up. (requested by Fastpitchkiller)\n|\n|t:|1649268323\n|switch|p2a: Togekiss|Togekiss, L80, F|267\/267\n|turn|5\n|\n|t:|1649268338\n|move|p2a: Togekiss|Air Slash|p1a: Weezing\n|-damage|p1a: Weezing|0 fnt\n|faint|p1a: Weezing\n|-end|p1a: Weezing|ability: Neutralizing Gas\n|\n|upkeep\n|\n|t:|1649268344\n|switch|p1a: Pyukumuku|Pyukumuku, L84, F|230\/230\n|turn|6\n|\n|t:|1649268348\n|move|p2a: Togekiss|Thunder Wave|p1a: Pyukumuku|[miss]\n|-miss|p2a: Togekiss|p1a: Pyukumuku\n|move|p1a: Pyukumuku|Toxic|p2a: Togekiss\n|-status|p2a: Togekiss|tox\n|\n|-damage|p2a: Togekiss|251\/267 tox|[from] psn\n|upkeep\n|turn|7\n|\n|t:|1649268361\n|switch|p1a: Pikachu|Pikachu-Kalos, L92, M|214\/214\n|move|p2a: Togekiss|Thunder Wave|p1a: Pikachu\n|-ability|p1a: Pikachu|Lightning Rod|boost\n|-boost|p1a: Pikachu|spa|1\n|\n|-damage|p2a: Togekiss|219\/267 tox|[from] psn\n|upkeep\n|turn|8\n|\n|t:|1649268380\n|switch|p2a: Kommo-o|Kommo-o, L80, M|251\/251\n|move|p1a: Pikachu|Volt Switch|p2a: Kommo-o\n|-resisted|p2a: Kommo-o\n|-damage|p2a: Kommo-o|182\/251\n|\n|t:|1649268397\n|switch|p1a: Necrozma|Necrozma-Dusk-Mane, L68|245\/245\n|\n|upkeep\n|turn|9\n|inactive|WowMister has 120 seconds left.\n|\n|t:|1649268433\n|switch|p2a: Slowbro|Slowbro, L84, F|297\/297\n|move|p1a: Necrozma|Dragon Dance|p1a: Necrozma\n|-boost|p1a: Necrozma|atk|1\n|-boost|p1a: Necrozma|spe|1\n|\n|upkeep\n|turn|10\n|inactive|WowMister has 120 seconds left.\n|\n|t:|1649268447\n|switch|p1a: Pyukumuku|Pyukumuku, L84, F|230\/230\n|move|p2a: Slowbro|Scald|p1a: Pyukumuku\n|-resisted|p1a: Pyukumuku\n|-damage|p1a: Pyukumuku|197\/230\n|\n|-heal|p1a: Pyukumuku|211\/230|[from] item: Leftovers\n|upkeep\n|turn|11\n|inactive|WowMister has 120 seconds left.\n|\n|t:|1649268459\n|switch|p2a: Togekiss|Togekiss, L80, F|219\/267 tox\n|move|p1a: Pyukumuku|Toxic|p2a: Togekiss\n|-fail|p2a: Togekiss|tox\n|\n|-heal|p1a: Pyukumuku|225\/230|[from] item: Leftovers\n|-damage|p2a: Togekiss|203\/267 tox|[from] psn\n|upkeep\n|turn|12\n|inactive|WowMister has 120 seconds left.\n|\n|t:|1649268480\n|switch|p2a: Kommo-o|Kommo-o, L80, M|182\/251\n|switch|p1a: Pikachu|Pikachu-Kalos, L92, M|214\/214\n|\n|upkeep\n|turn|13\n|\n|t:|1649268495\n|move|p1a: Pikachu|Volt Switch|p2a: Kommo-o\n|-resisted|p2a: Kommo-o\n|-damage|p2a: Kommo-o|134\/251\n|\n|t:|1649268499\n|switch|p1a: Pyukumuku|Pyukumuku, L84, F|225\/230\n|move|p2a: Kommo-o|Clangorous Soul|p2a: Kommo-o\n|-boost|p2a: Kommo-o|atk|1\n|-boost|p2a: Kommo-o|def|1\n|-boost|p2a: Kommo-o|spa|1\n|-boost|p2a: Kommo-o|spd|1\n|-boost|p2a: Kommo-o|spe|1\n|-damage|p2a: Kommo-o|52\/251\n|-enditem|p2a: Kommo-o|Throat Spray\n|-boost|p2a: Kommo-o|spa|1|[from] item: Throat Spray\n|\n|-heal|p1a: Pyukumuku|230\/230|[from] item: Leftovers\n|upkeep\n|turn|14\n|\n|t:|1649268523\n|move|p2a: Kommo-o|Clanging Scales|p1a: Pyukumuku\n|-damage|p1a: Pyukumuku|154\/230\n|-unboost|p2a: Kommo-o|def|1\n|move|p1a: Pyukumuku|Toxic|p2a: Kommo-o\n|-status|p2a: Kommo-o|tox\n|\n|-heal|p1a: Pyukumuku|168\/230|[from] item: Leftovers\n|-damage|p2a: Kommo-o|37\/251 tox|[from] psn\n|upkeep\n|turn|15\n|\n|t:|1649268533\n|move|p2a: Kommo-o|Close Combat|p1a: Pyukumuku\n|-damage|p1a: Pyukumuku|72\/230\n|-unboost|p2a: Kommo-o|def|1\n|-unboost|p2a: Kommo-o|spd|1\n|move|p1a: Pyukumuku|Recover|p1a: Pyukumuku\n|-heal|p1a: Pyukumuku|187\/230\n|\n|-heal|p1a: Pyukumuku|201\/230|[from] item: Leftovers\n|-damage|p2a: Kommo-o|7\/251 tox|[from] psn\n|upkeep\n|turn|16\n|\n|t:|1649268544\n|move|p2a: Kommo-o|Close Combat|p1a: Pyukumuku\n|-damage|p1a: Pyukumuku|105\/230\n|-unboost|p2a: Kommo-o|def|1\n|-unboost|p2a: Kommo-o|spd|1\n|move|p1a: Pyukumuku|Recover|p1a: Pyukumuku\n|-heal|p1a: Pyukumuku|220\/230\n|\n|-heal|p1a: Pyukumuku|230\/230|[from] item: Leftovers\n|-damage|p2a: Kommo-o|0 fnt|[from] psn\n|faint|p2a: Kommo-o\n|upkeep\n|inactive|WowMister has 90 seconds left.\n|\n|t:|1649268582\n|switch|p2a: Primarina|Primarina, L82, F|265\/265\n|turn|17\n|\n|t:|1649268587\n|move|p2a: Primarina|Energy Ball|p1a: Pyukumuku\n|-supereffective|p1a: Pyukumuku\n|-damage|p1a: Pyukumuku|128\/230\n|move|p1a: Pyukumuku|Toxic|p2a: Primarina\n|-status|p2a: Primarina|tox\n|\n|-heal|p1a: Pyukumuku|142\/230|[from] item: Leftovers\n|-damage|p2a: Primarina|249\/265 tox|[from] psn\n|upkeep\n|turn|18\n|\n|t:|1649268599\n|move|p2a: Primarina|Energy Ball|p1a: Pyukumuku\n|-supereffective|p1a: Pyukumuku\n|-damage|p1a: Pyukumuku|28\/230\n|move|p1a: Pyukumuku|Recover|p1a: Pyukumuku\n|-heal|p1a: Pyukumuku|143\/230\n|\n|-heal|p1a: Pyukumuku|157\/230|[from] item: Leftovers\n|-damage|p2a: Primarina|217\/265 tox|[from] psn\n|upkeep\n|turn|19\n|\n|t:|1649268611\n|-start|p2a: Primarina|Dynamax|\n|-heal|p2a: Primarina|434\/530 tox|[silent]\n|move|p2a: Primarina|Max Overgrowth|p1a: Pyukumuku\n|-supereffective|p1a: Pyukumuku\n|-damage|p1a: Pyukumuku|5\/230\n|-fieldstart|move: Grassy Terrain\n|move|p1a: Pyukumuku|Recover|p1a: Pyukumuku\n|-heal|p1a: Pyukumuku|120\/230\n|\n|-heal|p2a: Primarina|450\/530 tox|[from] Grassy Terrain\n|-heal|p1a: Pyukumuku|134\/230|[from] Grassy Terrain\n|-heal|p1a: Pyukumuku|148\/230|[from] item: Leftovers\n|-damage|p2a: Primarina|402\/530 tox|[from] psn\n|upkeep\n|turn|20\n|\n|t:|1649268627\n|move|p2a: Primarina|Max Overgrowth|p1a: Pyukumuku\n|-supereffective|p1a: Pyukumuku\n|-damage|p1a: Pyukumuku|0 fnt\n|faint|p1a: Pyukumuku\n|\n|-heal|p2a: Primarina|418\/530 tox|[from] Grassy Terrain\n|-damage|p2a: Primarina|354\/530 tox|[from] psn\n|upkeep\n|\n|t:|1649268636\n|switch|p1a: Pikachu|Pikachu-Kalos, L92, M|214\/214\n|turn|21\n|inactive|WowMister has 120 seconds left.\n|\n|t:|1649268652\n|-start|p1a: Pikachu|Dynamax|\n|-heal|p1a: Pikachu|428\/428|[silent]\n|move|p1a: Pikachu|Max Lightning|p2a: Primarina\n|-supereffective|p2a: Primarina\n|-damage|p2a: Primarina|0 fnt\n|-fieldstart|move: Electric Terrain\n|faint|p2a: Primarina\n|\n|upkeep\n|\n|t:|1649268672\n|switch|p2a: Mewtwo|Mewtwo, L72|272\/272\n|-ability|p2a: Mewtwo|Unnerve\n|turn|22\n|\n|t:|1649268678\n|move|p2a: Mewtwo|Psystrike|p1a: Pikachu\n|-damage|p1a: Pikachu|216\/428\n|-damage|p2a: Mewtwo|245\/272|[from] item: Life Orb\n|move|p1a: Pikachu|Max Darkness|p2a: Mewtwo\n|-supereffective|p2a: Mewtwo\n|-damage|p2a: Mewtwo|0 fnt\n|faint|p2a: Mewtwo\n|\n|upkeep\n|\n|t:|1649268697\n|switch|p2a: Togekiss|Togekiss, L80, F|203\/267 tox\n|turn|23\n|\n|t:|1649268703\n|move|p1a: Pikachu|Max Lightning|p2a: Togekiss\n|-supereffective|p2a: Togekiss\n|-damage|p2a: Togekiss|0 fnt\n|faint|p2a: Togekiss\n|\n|-end|p1a: Pikachu|Dynamax\n|-heal|p1a: Pikachu|108\/214|[silent]\n|upkeep\n|\n|t:|1649268712\n|switch|p2a: Slowbro|Slowbro, L84, F|297\/297\n|turn|24\n|\n|t:|1649268716\n|move|p1a: Pikachu|Volt Tackle|p2a: Slowbro\n|-supereffective|p2a: Slowbro\n|-damage|p2a: Slowbro|0 fnt\n|faint|p2a: Slowbro\n|-damage|p1a: Pikachu|10\/214|[from] Recoil\n|\n|win|Fastpitchkiller\n|raw|Fastpitchkiller's rating: 1573 &rarr; <strong>1594<\/strong><br \/>(+21 for winning)\n|raw|WowMister's rating: 1584 &rarr; <strong>1563<\/strong><br \/>(-21 for losing)\n|l|\u2606WowMister\n","inputlog":">version 0162639e2be10fee1f1935f037788d778e37d0f7\n>start {\"formatid\":\"gen8randombattle\",\"seed\":[30532,51690,41293,3527],\"rated\":\"Rated battle\"}\n>player p1 {\"name\":\"Fastpitchkiller\",\"avatar\":\"265\",\"rating\":1573,\"seed\":[8742,46791,35015,49916]}\n>player p2 {\"name\":\"WowMister\",\"avatar\":\"n\",\"rating\":1584,\"seed\":[21877,10126,12622,56358]}\n>p1 move toxic\n>p2 move bulkup\n>p1 move counter\n>p2 move bulkup\n>p1 switch 3\n>p2 move bulkup\n>p1 move sludgebomb\n>p2 move knockoff\n>p2 switch 3\n>p1 move sludgebomb\n>p2 move airslash\n>p1 switch 3\n>p1 move toxic\n>p2 move thunderwave\n>p1 switch 5\n>p2 move thunderwave\n>p1 move voltswitch\n>p2 switch 5\n>p1 switch 2\n>p1 move dragondance\n>p2 switch 6\n>p1 switch 5\n>p2 move scald\n>p1 move toxic\n>p2 switch 5\n>p1 switch 2\n>p2 switch 6\n>p1 move voltswitch\n>p2 move clangoroussoul\n>p1 switch 2\n>p1 move toxic\n>p2 move clangingscales\n>p1 move recover\n>p2 move closecombat\n>p1 move recover\n>p2 move closecombat\n>p2 switch 4\n>p1 move toxic\n>p2 move energyball\n>p1 move recover\n>p2 move energyball\n>p1 move recover\n>p2 move energyball dynamax\n>p1 move recover\n>p2 move energyball dynamax\n>p1 switch 2\n>p1 move volttackle dynamax\n>p2 move moonblast dynamax\n>p2 switch 2\n>p1 move knockoff dynamax\n>p2 move psystrike\n>p2 switch 6\n>p1 move volttackle dynamax\n>p2 move airslash\n>p2 switch 5\n>p1 move volttackle\n>p2 move futuresight","uploadtime":1649268726,"views":3,"p1id":"fastpitchkiller","p2id":"wowmister","formatid":"gen8randombattle","rating":1563,"private":0,"password":null}