{"id":"gen8nationaldex-1636281345","p1":"andrew","p2":"FleetFoxxx","format":"gen8nationaldex","log":"|j|\u2606andrew\n|j|\u2606FleetFoxxx\n|t:|1660102971\n|gametype|singles\n|player|p1|andrew|#andrew|\n|player|p2|FleetFoxxx|flannery|\n|teamsize|p1|6\n|teamsize|p2|6\n|gen|8\n|tier|[Gen 8] National Dex\n|rule|HP Percentage Mod: HP is shown in percentages\n|rule|Endless Battle Clause: Forcing endless battles is banned\n|rule|OHKO Clause: OHKO moves are banned\n|rule|Evasion Moves Clause: Evasion moves are banned\n|rule|Species Clause: Limit one of each Pok\u00e9mon\n|rule|Dynamax Clause: You cannot dynamax\n|rule|Sleep Clause Mod: Limit one foe put to sleep\n|clearpoke\n|poke|p1|Swellow, F|\n|poke|p1|Zangoose, M|\n|poke|p1|Indeedee, M|\n|poke|p1|Diggersby, M|\n|poke|p1|Pyroar, M|\n|poke|p1|Staraptor, M|\n|poke|p2|Bisharp, F|\n|poke|p2|Togetic, F|\n|poke|p2|Runerigus, M|\n|poke|p2|Galvantula, M|\n|poke|p2|Coalossal, F|\n|poke|p2|Whimsicott, F|\n|teampreview\n|j|+111ace111\n|j| DerpyDots\n|j| yes munchlax\n|j| Deathbypudding\n|c| DerpyDots|woop\n|j| VeVii\n|j| Bugsileus\n|c|\u2606andrew|gl hf\n|j| Flare1498\n|c|\u2606FleetFoxxx|gl hf c:\n|j| Charkhil\n|j| Frosti Plays\n|\n|t:|1660103073\n|start\n|switch|p1a: n|Diggersby, M|100\/100\n|switch|p2a: Galvantula|Galvantula, M|100\/100\n|turn|1\n|\n|t:|1660103100\n|switch|p2a: Runerigus|Runerigus, M|100\/100\n|move|p1a: n|Earthquake|p2a: Runerigus\n|-damage|p2a: Runerigus|63\/100\n|\n|upkeep\n|turn|2\n|l| Charkhil\n|j| sh0shin\n|\n|t:|1660103191\n|switch|p1a: j|Swellow, F|100\/100\n|switch|p2a: Togetic|Togetic, F|100\/100\n|\n|upkeep\n|turn|3\n|\n|t:|1660103212\n|switch|p1a: n|Diggersby, M|100\/100\n|move|p2a: Togetic|Body Slam|p1a: n\n|-damage|p1a: n|89\/100\n|-status|p1a: n|par\n|\n|upkeep\n|turn|4\n|j| Matieu\n|\n|t:|1660103238\n|switch|p2a: Whimsicott|Whimsicott, F|100\/100\n|move|p1a: n|Swords Dance|p1a: n\n|-boost|p1a: n|atk|2\n|\n|upkeep\n|turn|5\n|\n|t:|1660103245\n|move|p2a: Whimsicott|Substitute|p2a: Whimsicott\n|-start|p2a: Whimsicott|Substitute\n|-damage|p2a: Whimsicott|76\/100\n|move|p1a: n|Body Slam|p2a: Whimsicott\n|-end|p2a: Whimsicott|Substitute\n|\n|upkeep\n|turn|6\n|\n|t:|1660103302\n|move|p2a: Whimsicott|Substitute|p2a: Whimsicott\n|-start|p2a: Whimsicott|Substitute\n|-damage|p2a: Whimsicott|51\/100\n|cant|p1a: n|par\n|\n|upkeep\n|turn|7\n|\n|t:|1660103312\n|switch|p1a: j|Swellow, F|100\/100\n|move|p2a: Whimsicott|Leech Seed|p1a: j\n|-start|p1a: j|move: Leech Seed\n|\n|-damage|p1a: j|88\/100|[from] Leech Seed|[of] p2a: Whimsicott\n|-heal|p2a: Whimsicott|61\/100|[silent]\n|upkeep\n|turn|8\n|\n|t:|1660103325\n|switch|p2a: Coalossal|Coalossal, F|100\/100\n|move|p1a: j|Boomburst|p2a: Coalossal\n|-resisted|p2a: Coalossal\n|-damage|p2a: Coalossal|73\/100\n|\n|-damage|p1a: j|76\/100|[from] Leech Seed|[of] p2a: Coalossal\n|-heal|p2a: Coalossal|81\/100|[silent]\n|upkeep\n|turn|9\n|l| Deathbypudding\n|j| Deathbypudding\n|\n|t:|1660103373\n|switch|p1a: Indeedee|Indeedee, M|100\/100\n|-fieldstart|move: Psychic Terrain|[from] ability: Psychic Surge|[of] p1a: Indeedee\n|move|p2a: Coalossal|Stealth Rock|p1a: Indeedee\n|-sidestart|p1: andrew|move: Stealth Rock\n|\n|upkeep\n|turn|10\n|\n|t:|1660103386\n|move|p1a: Indeedee|Expanding Force|p2a: Coalossal\n|-damage|p2a: Coalossal|35\/100\n|move|p2a: Coalossal|Body Press|p1a: Indeedee\n|-damage|p1a: Indeedee|55\/100\n|\n|upkeep\n|turn|11\n|\n|t:|1660103431\n|move|p1a: Indeedee|Expanding Force|p2a: Coalossal\n|-damage|p2a: Coalossal|0 fnt\n|faint|p2a: Coalossal\n|\n|upkeep\n|\n|t:|1660103434\n|switch|p2a: Galvantula|Galvantula, M|100\/100\n|turn|12\n|l| yes munchlax\n|\n|t:|1660103443\n|switch|p1a: y|Pyroar, M|100\/100\n|-ability|p1a: y|Unnerve\n|move|p2a: Galvantula|Bug Buzz|p1a: y\n|-resisted|p1a: y\n|-damage|p1a: y|70\/100\n|\n|upkeep\n|turn|13\n|j| yes munchlax\n|\n|t:|1660103515\n|move|p2a: Galvantula|Thunder|p1a: y\n|-damage|p1a: y|0 fnt\n|faint|p1a: y\n|\n|-fieldend|move: Psychic Terrain\n|upkeep\n|\n|t:|1660103520\n|switch|p1a: n|Diggersby, M|89\/100 par\n|-damage|p1a: n|82\/100 par|[from] Stealth Rock\n|turn|14\n|\n|t:|1660103610\n|switch|p2a: Runerigus|Runerigus, M|63\/100\n|move|p1a: n|Earthquake|p2a: Runerigus\n|-damage|p2a: Runerigus|26\/100\n|\n|upkeep\n|turn|15\n|\n|t:|1660103643\n|cant|p1a: n|par\n|move|p2a: Runerigus|Rest|p2a: Runerigus\n|-status|p2a: Runerigus|slp|[from] move: Rest\n|-heal|p2a: Runerigus|100\/100 slp|[silent]\n|-enditem|p2a: Runerigus|Chesto Berry|[eat]\n|-curestatus|p2a: Runerigus|slp|[msg]\n|\n|upkeep\n|turn|16\n|\n|t:|1660103653\n|switch|p1a: Indeedee|Indeedee, M|55\/100\n|-damage|p1a: Indeedee|43\/100|[from] Stealth Rock\n|-fieldstart|move: Psychic Terrain|[from] ability: Psychic Surge|[of] p1a: Indeedee\n|move|p2a: Runerigus|Body Press|p1a: Indeedee\n|-crit|p1a: Indeedee\n|-damage|p1a: Indeedee|0 fnt\n|faint|p1a: Indeedee\n|\n|upkeep\n|\n|t:|1660103656\n|switch|p1a: j|Swellow, F|76\/100\n|-damage|p1a: j|51\/100|[from] Stealth Rock\n|turn|17\n|\n|t:|1660103697\n|switch|p2a: Togetic|Togetic, F|100\/100\n|move|p1a: j|Boomburst|p2a: Togetic\n|-damage|p2a: Togetic|41\/100\n|\n|upkeep\n|turn|18\n|\n|t:|1660103707\n|move|p1a: j|Boomburst|p2a: Togetic\n|-damage|p2a: Togetic|0 fnt\n|faint|p2a: Togetic\n|\n|upkeep\n|\n|t:|1660103737\n|switch|p2a: Bisharp|Bisharp, F|100\/100\n|turn|19\n|\n|t:|1660103745\n|switch|p1a: ruffneck|Staraptor, M|100\/100\n|move|p2a: Bisharp|Sucker Punch||[still]\n|-fail|p2a: Bisharp\n|\n|upkeep\n|turn|20\n|\n|t:|1660103755\n|switch|p2a: Runerigus|Runerigus, M|100\/100\n|move|p1a: ruffneck|Brave Bird|p2a: Runerigus\n|-damage|p2a: Runerigus|57\/100\n|-activate|p2a: Runerigus|ability: Wandering Spirit|Reckless|Wandering Spirit|[of] p1a: ruffneck\n|-damage|p1a: ruffneck|87\/100|[from] Recoil\n|\n|-fieldend|move: Psychic Terrain\n|upkeep\n|turn|21\n|\n|t:|1660103776\n|move|p1a: ruffneck|Toxic|p2a: Runerigus\n|-status|p2a: Runerigus|tox\n|move|p2a: Runerigus|Body Press|p1a: ruffneck\n|-damage|p1a: ruffneck|40\/100\n|-activate|p1a: ruffneck|ability: Wandering Spirit|Reckless|Wandering Spirit|[of] p2a: Runerigus\n|\n|-damage|p2a: Runerigus|51\/100 tox|[from] psn\n|upkeep\n|turn|22\n|\n|t:|1660103796\n|move|p1a: ruffneck|Brave Bird|p2a: Runerigus\n|-damage|p2a: Runerigus|9\/100 tox\n|-activate|p2a: Runerigus|ability: Wandering Spirit|Reckless|Wandering Spirit|[of] p1a: ruffneck\n|-damage|p1a: ruffneck|27\/100|[from] Recoil\n|move|p2a: Runerigus|Rest|p2a: Runerigus\n|-status|p2a: Runerigus|slp|[from] move: Rest\n|-heal|p2a: Runerigus|100\/100 slp|[silent]\n|\n|upkeep\n|turn|23\n|\n|t:|1660103805\n|move|p1a: ruffneck|Roost|p1a: ruffneck\n|-heal|p1a: ruffneck|77\/100\n|-singleturn|p1a: ruffneck|move: Roost\n|cant|p2a: Runerigus|slp\n|move|p2a: Runerigus|Sleep Talk|p2a: Runerigus\n|move|p2a: Runerigus|Body Press|p1a: ruffneck|[from]move: Sleep Talk\n|-supereffective|p1a: ruffneck\n|-crit|p1a: ruffneck\n|-damage|p1a: ruffneck|0 fnt\n|-activate|p1a: ruffneck|ability: Wandering Spirit|Reckless|Wandering Spirit|[of] p2a: Runerigus\n|faint|p1a: ruffneck\n|\n|upkeep\n|c|\u2606andrew|saldas\n|\n|t:|1660103843\n|switch|p1a: j|Swellow, F|51\/100\n|-damage|p1a: j|26\/100|[from] Stealth Rock\n|turn|24\n|\n|t:|1660103870\n|move|p1a: j|Boomburst|p2a: Runerigus\n|-damage|p2a: Runerigus|20\/100 slp\n|cant|p2a: Runerigus|slp\n|move|p2a: Runerigus|Sleep Talk|p2a: Runerigus\n|move|p2a: Runerigus|Iron Defense|p2a: Runerigus|[from]move: Sleep Talk\n|-boost|p2a: Runerigus|def|2\n|\n|upkeep\n|turn|25\n|\n|t:|1660103884\n|move|p1a: j|Boomburst|p2a: Runerigus\n|-damage|p2a: Runerigus|0 fnt\n|faint|p2a: Runerigus\n|\n|upkeep\n|\n|t:|1660103902\n|switch|p2a: Whimsicott|Whimsicott, F|61\/100\n|turn|26\n|\n|t:|1660103922\n|switch|p1a: n|Diggersby, M|82\/100 par\n|-damage|p1a: n|76\/100 par|[from] Stealth Rock\n|move|p2a: Whimsicott|Tailwind|p2a: Whimsicott\n|-sidestart|p2: FleetFoxxx|move: Tailwind\n|\n|upkeep\n|turn|27\n|\n|t:|1660103964\n|-zpower|p2a: Whimsicott\n|move|p2a: Whimsicott|Twinkle Tackle|p1a: n|[zeffect]\n|-damage|p1a: n|7\/100 par\n|cant|p1a: n|par\n|\n|upkeep\n|turn|28\n|\n|t:|1660103977\n|move|p1a: n|Quick Attack|p2a: Whimsicott\n|-damage|p2a: Whimsicott|30\/100\n|move|p2a: Whimsicott|Moonblast|p1a: n\n|-damage|p1a: n|0 fnt\n|faint|p1a: n\n|\n|upkeep\n|\n|t:|1660103998\n|switch|p1a: o|Zangoose, M|100\/100\n|-damage|p1a: o|88\/100|[from] Stealth Rock\n|turn|29\n|j| thamaestro\n|\n|t:|1660104046\n|move|p2a: Whimsicott|Substitute|p2a: Whimsicott\n|-start|p2a: Whimsicott|Substitute\n|-damage|p2a: Whimsicott|5\/100\n|move|p1a: o|Quick Attack|p2a: Whimsicott\n|-end|p2a: Whimsicott|Substitute\n|-damage|p1a: o|78\/100|[from] item: Life Orb\n|\n|-sideend|p2: FleetFoxxx|move: Tailwind\n|upkeep\n|turn|30\n|\n|t:|1660104063\n|move|p2a: Whimsicott|Tailwind|p2a: Whimsicott\n|-sidestart|p2: FleetFoxxx|move: Tailwind\n|move|p1a: o|Swords Dance|p1a: o\n|-boost|p1a: o|atk|2\n|\n|upkeep\n|turn|31\n|\n|t:|1660104070\n|move|p1a: o|Quick Attack|p2a: Whimsicott\n|-damage|p2a: Whimsicott|0 fnt\n|faint|p2a: Whimsicott\n|-damage|p1a: o|68\/100|[from] item: Life Orb\n|\n|upkeep\n|\n|t:|1660104080\n|switch|p2a: Bisharp|Bisharp, F|100\/100\n|turn|32\n|\n|t:|1660104083\n|move|p2a: Bisharp|Brick Break|p1a: o\n|-supereffective|p1a: o\n|-damage|p1a: o|0 fnt\n|faint|p1a: o\n|-damage|p2a: Bisharp|91\/100|[from] item: Life Orb\n|\n|upkeep\n|c|\u2606andrew|gg\n|\n|t:|1660104086\n|switch|p1a: j|Swellow, F|26\/100\n|-damage|p1a: j|2\/100|[from] Stealth Rock\n|turn|33\n|c|\u2606andrew|gl in future rounds\n|\n|t:|1660104095\n|move|p2a: Bisharp|Brick Break|p1a: j\n|-damage|p1a: j|0 fnt\n|faint|p1a: j\n|-damage|p2a: Bisharp|81\/100|[from] item: Life Orb\n|\n|win|FleetFoxxx\n|c|\u2606FleetFoxxx|gg was fun c:\n|l| Flare1498\n|l| yes munchlax\n|c|\u2606andrew|:)\n|l|\u2606FleetFoxxx\n|l| thamaestro\n|l| Frosti Plays\n","uploadtime":1660104277,"views":17,"p1id":"andrew","p2id":"fleetfoxxx","formatid":"gen8nationaldex","rating":0,"private":0,"password":null}