{"id":"gen8ou-1235369700","p1":"ThedebatableReaper","p2":"Mitymouse11","format":"gen8ou","log":"|j|\u2606ThedebatableReaper\n|j|\u2606Mitymouse11\n|t:|1606875296\n|player|p1|ThedebatableReaper|169|1875\n|player|p2|Mitymouse11|266|1863\n|teamsize|p1|6\n|teamsize|p2|6\n|gametype|singles\n|gen|8\n|tier|[Gen 8] OU\n|rated|\n|clearpoke\n|poke|p1|Spectrier|\n|poke|p1|Dragonite, F|\n|poke|p1|Heatran, M|\n|poke|p1|Tapu Fini|\n|poke|p1|Zapdos-Galar|\n|poke|p1|Nidoking, M|\n|poke|p2|Pelipper, M|\n|poke|p2|Zapdos|\n|poke|p2|Magearna|\n|poke|p2|Seismitoad, M|\n|poke|p2|Crawdaunt, F|\n|poke|p2|Kingdra, F|\n|rule|Sleep Clause Mod: Limit one foe put to sleep\n|rule|Species Clause: Limit one of each Pok\u00e9mon\n|rule|OHKO Clause: OHKO moves are banned\n|rule|Evasion Moves Clause: Evasion moves are banned\n|rule|Endless Battle Clause: Forcing endless battles is banned\n|rule|HP Percentage Mod: HP is shown in percentages\n|rule|Dynamax Clause: You cannot dynamax\n|teampreview\n|\n|t:|1606875310\n|start\n|switch|p1a: Spectrier|Spectrier|100\/100\n|switch|p2a: Pelipper|Pelipper, M|100\/100\n|-weather|RainDance|[from] ability: Drizzle|[of] p2a: Pelipper\n|turn|1\n|\n|t:|1606875318\n|switch|p2a: Crawdaunt|Crawdaunt, F|100\/100\n|move|p1a: Spectrier|Shadow Ball|p2a: Crawdaunt\n|-resisted|p2a: Crawdaunt\n|-damage|p2a: Crawdaunt|26\/100\n|\n|-weather|RainDance|[upkeep]\n|upkeep\n|turn|2\n|\n|t:|1606875327\n|switch|p1a: Tapu Fini|Tapu Fini|100\/100\n|-fieldstart|move: Misty Terrain|[from] ability: Misty Surge|[of] p1a: Tapu Fini\n|move|p2a: Crawdaunt|Aqua Jet|p1a: Tapu Fini\n|-resisted|p1a: Tapu Fini\n|-damage|p1a: Tapu Fini|79\/100\n|\n|-weather|RainDance|[upkeep]\n|-heal|p1a: Tapu Fini|85\/100|[from] item: Leftovers\n|upkeep\n|turn|3\n|\n|t:|1606875337\n|switch|p2a: Zapdos|Zapdos|100\/100\n|move|p1a: Tapu Fini|Moonblast|p2a: Zapdos\n|-damage|p2a: Zapdos|71\/100\n|-unboost|p2a: Zapdos|spa|1\n|\n|-weather|RainDance|[upkeep]\n|-heal|p1a: Tapu Fini|91\/100|[from] item: Leftovers\n|upkeep\n|turn|4\n|j| Borckanator Rex\n|\n|t:|1606875347\n|switch|p1a: Heatran|Heatran, M|100\/100\n|move|p2a: Zapdos|Thunder|p1a: Heatran\n|-damage|p1a: Heatran|76\/100\n|\n|-weather|RainDance|[upkeep]\n|-heal|p1a: Heatran|82\/100|[from] item: Leftovers\n|upkeep\n|turn|5\n|j| taw\n|\n|t:|1606875355\n|switch|p2a: Seismitoad|Seismitoad, M|100\/100\n|move|p1a: Heatran|Stealth Rock|p2a: Seismitoad\n|-sidestart|p2: Mitymouse11|move: Stealth Rock\n|\n|-weather|RainDance|[upkeep]\n|-heal|p1a: Heatran|88\/100|[from] item: Leftovers\n|upkeep\n|turn|6\n|j| a1012\n|\n|t:|1606875373\n|switch|p1a: Dragonite|Dragonite, F|100\/100\n|move|p2a: Seismitoad|Liquidation|p1a: Dragonite\n|-resisted|p1a: Dragonite\n|-damage|p1a: Dragonite|76\/100\n|-unboost|p1a: Dragonite|def|1\n|\n|-weather|RainDance|[upkeep]\n|-fieldend|Misty Terrain\n|upkeep\n|turn|7\n|\n|t:|1606875382\n|move|p2a: Seismitoad|Liquidation|p1a: Dragonite\n|-resisted|p1a: Dragonite\n|-damage|p1a: Dragonite|4\/100\n|move|p1a: Dragonite|Dual Wingbeat|p2a: Seismitoad|[miss]\n|-miss|p1a: Dragonite|p2a: Seismitoad\n|\n|-weather|RainDance|[upkeep]\n|upkeep\n|turn|8\n|\n|t:|1606875390\n|move|p1a: Dragonite|Extreme Speed|p2a: Seismitoad\n|-damage|p2a: Seismitoad|59\/100\n|move|p2a: Seismitoad|Liquidation|p1a: Dragonite\n|-resisted|p1a: Dragonite\n|-damage|p1a: Dragonite|0 fnt\n|faint|p1a: Dragonite\n|\n|-weather|none\n|upkeep\n|l| a1012\n|\n|t:|1606875399\n|switch|p1a: Spectrier|Spectrier|100\/100\n|turn|9\n|\n|t:|1606875407\n|switch|p2a: Pelipper|Pelipper, M|100\/100\n|-damage|p2a: Pelipper|76\/100|[from] Stealth Rock\n|-weather|RainDance|[from] ability: Drizzle|[of] p2a: Pelipper\n|move|p1a: Spectrier|Shadow Ball|p2a: Pelipper\n|-damage|p2a: Pelipper|0 fnt\n|faint|p2a: Pelipper\n|-ability|p1a: Spectrier|Grim Neigh|boost\n|-boost|p1a: Spectrier|spa|1\n|\n|-weather|RainDance|[upkeep]\n|upkeep\n|\n|t:|1606875420\n|switch|p2a: Seismitoad|Seismitoad, M|59\/100\n|-damage|p2a: Seismitoad|53\/100|[from] Stealth Rock\n|turn|10\n|\n|t:|1606875432\n|switch|p1a: Tapu Fini|Tapu Fini|91\/100\n|-fieldstart|move: Misty Terrain|[from] ability: Misty Surge|[of] p1a: Tapu Fini\n|move|p2a: Seismitoad|Liquidation|p1a: Tapu Fini\n|-resisted|p1a: Tapu Fini\n|-damage|p1a: Tapu Fini|62\/100\n|\n|-weather|RainDance|[upkeep]\n|-heal|p1a: Tapu Fini|69\/100|[from] item: Leftovers\n|upkeep\n|turn|11\n|\n|t:|1606875442\n|move|p2a: Seismitoad|Liquidation|p1a: Tapu Fini\n|-resisted|p1a: Tapu Fini\n|-damage|p1a: Tapu Fini|38\/100\n|move|p1a: Tapu Fini|Scald|p2a: Seismitoad\n|-damage|p2a: Seismitoad|3\/100\n|\n|-weather|RainDance|[upkeep]\n|-heal|p1a: Tapu Fini|44\/100|[from] item: Leftovers\n|upkeep\n|turn|12\n|\n|t:|1606875451\n|move|p2a: Seismitoad|Liquidation|p1a: Tapu Fini\n|-resisted|p1a: Tapu Fini\n|-damage|p1a: Tapu Fini|14\/100\n|move|p1a: Tapu Fini|Scald|p2a: Seismitoad\n|-damage|p2a: Seismitoad|0 fnt\n|faint|p2a: Seismitoad\n|\n|-weather|RainDance|[upkeep]\n|-heal|p1a: Tapu Fini|20\/100|[from] item: Leftovers\n|upkeep\n|j| jmelnick15\n|l| jmelnick15\n|\n|t:|1606875461\n|switch|p2a: Magearna|Magearna|100\/100\n|-damage|p2a: Magearna|95\/100|[from] Stealth Rock\n|turn|13\n|\n|t:|1606875466\n|move|p2a: Magearna|Shift Gear|p2a: Magearna\n|-boost|p2a: Magearna|spe|2\n|-boost|p2a: Magearna|atk|1\n|move|p1a: Tapu Fini|Taunt|p2a: Magearna\n|-start|p2a: Magearna|move: Taunt\n|\n|-weather|RainDance|[upkeep]\n|-heal|p2a: Magearna|100\/100|[from] item: Leftovers\n|-heal|p1a: Tapu Fini|27\/100|[from] item: Leftovers\n|upkeep\n|turn|14\n|\n|t:|1606875476\n|move|p2a: Magearna|Stored Power|p1a: Tapu Fini\n|-damage|p1a: Tapu Fini|5\/100\n|move|p1a: Tapu Fini|Scald|p2a: Magearna\n|-damage|p2a: Magearna|57\/100\n|\n|-weather|RainDance|[upkeep]\n|-heal|p2a: Magearna|63\/100|[from] item: Leftovers\n|-heal|p1a: Tapu Fini|11\/100|[from] item: Leftovers\n|-fieldend|Misty Terrain\n|upkeep\n|turn|15\n|\n|t:|1606875486\n|move|p2a: Magearna|Stored Power|p1a: Tapu Fini\n|-damage|p1a: Tapu Fini|0 fnt\n|faint|p1a: Tapu Fini\n|-ability|p2a: Magearna|Soul-Heart|boost\n|-boost|p2a: Magearna|spa|1\n|\n|-weather|RainDance|[upkeep]\n|-heal|p2a: Magearna|69\/100|[from] item: Leftovers\n|upkeep\n|\n|t:|1606875493\n|switch|p1a: Spectrier|Spectrier|100\/100\n|turn|16\n|\n|t:|1606875497\n|move|p2a: Magearna|Stored Power|p1a: Spectrier\n|-damage|p1a: Spectrier|34\/100\n|move|p1a: Spectrier|Shadow Ball|p2a: Magearna\n|-damage|p2a: Magearna|0 fnt\n|faint|p2a: Magearna\n|-ability|p1a: Spectrier|Grim Neigh|boost\n|-boost|p1a: Spectrier|spa|1\n|\n|-weather|none\n|upkeep\n|\n|t:|1606875507\n|switch|p2a: Crawdaunt|Crawdaunt, F|26\/100\n|-damage|p2a: Crawdaunt|14\/100|[from] Stealth Rock\n|turn|17\n|\n|t:|1606875514\n|switch|p1a: Nidoking|Nidoking, M|100\/100\n|move|p2a: Crawdaunt|Aqua Jet|p1a: Nidoking\n|-supereffective|p1a: Nidoking\n|-damage|p1a: Nidoking|0 fnt\n|faint|p1a: Nidoking\n|\n|upkeep\n|\n|t:|1606875521\n|switch|p1a: Zapdos|Zapdos-Galar|100\/100\n|turn|18\n|\n|t:|1606875524\n|switch|p2a: Zapdos|Zapdos|71\/100\n|move|p1a: Zapdos|U-turn|p2a: Zapdos\n|-resisted|p2a: Zapdos\n|-damage|p2a: Zapdos|60\/100\n|-status|p1a: Zapdos|par|[from] ability: Static|[of] p2a: Zapdos\n|\n|t:|1606875531\n|switch|p1a: Spectrier|Spectrier|34\/100|[from]move: U-turn\n|\n|upkeep\n|turn|19\n|l| Borckanator Rex\n|\n|t:|1606875539\n|switch|p2a: Kingdra|Kingdra, F|100\/100\n|-damage|p2a: Kingdra|88\/100|[from] Stealth Rock\n|move|p1a: Spectrier|Shadow Ball|p2a: Kingdra\n|-damage|p2a: Kingdra|12\/100\n|-unboost|p2a: Kingdra|spd|1\n|\n|upkeep\n|turn|20\n|j| vepp\n|\n|t:|1606875548\n|move|p1a: Spectrier|Shadow Ball|p2a: Kingdra\n|-damage|p2a: Kingdra|0 fnt\n|faint|p2a: Kingdra\n|-ability|p1a: Spectrier|Grim Neigh|boost\n|-boost|p1a: Spectrier|spa|1\n|\n|upkeep\n|\n|t:|1606875554\n|switch|p2a: Crawdaunt|Crawdaunt, F|14\/100\n|-damage|p2a: Crawdaunt|2\/100|[from] Stealth Rock\n|turn|21\n|\n|t:|1606875559\n|switch|p1a: Heatran|Heatran, M|88\/100\n|move|p2a: Crawdaunt|Aqua Jet|p1a: Heatran\n|-supereffective|p1a: Heatran\n|-damage|p1a: Heatran|9\/100\n|\n|-heal|p1a: Heatran|15\/100|[from] item: Leftovers\n|upkeep\n|turn|22\n|\n|t:|1606875567\n|move|p2a: Crawdaunt|Aqua Jet|p1a: Heatran\n|-supereffective|p1a: Heatran\n|-damage|p1a: Heatran|0 fnt\n|faint|p1a: Heatran\n|\n|upkeep\n|\n|t:|1606875571\n|switch|p1a: Zapdos|Zapdos-Galar|100\/100 par\n|turn|23\n|\n|t:|1606875574\n|move|p2a: Crawdaunt|Aqua Jet|p1a: Zapdos\n|-damage|p1a: Zapdos|51\/100 par\n|move|p1a: Zapdos|U-turn|p2a: Crawdaunt\n|-supereffective|p2a: Crawdaunt\n|-damage|p2a: Crawdaunt|0 fnt\n|faint|p2a: Crawdaunt\n|j| Vessev\n|l| Vessev\n|j| Vessev\n|\n|t:|1606875580\n|switch|p1a: Spectrier|Spectrier|34\/100|[from]move: U-turn\n|\n|upkeep\n|\n|t:|1606875584\n|switch|p2a: Zapdos|Zapdos|60\/100\n|turn|24\n|\n|t:|1606875588\n|move|p1a: Spectrier|Shadow Ball|p2a: Zapdos\n|-damage|p2a: Zapdos|0 fnt\n|faint|p2a: Zapdos\n|\n|win|ThedebatableReaper\n|l|\u2606Mitymouse11\n","uploadtime":1606875592,"views":43,"p1id":"thedebatablereaper","p2id":"mitymouse11","formatid":"gen8ou","rating":0,"private":0,"password":null}