{"id":"gen8bdspubers-1586814962","p1":"Vaxxed","p2":"Ill Leave","format":"gen8bdspubers","log":"|j|\u2606Vaxxed\n|j|\u2606Ill Leave\n|t:|1654049688\n|gametype|singles\n|player|p1|Vaxxed|1|1221\n|player|p2|Ill Leave|2|1314\n|teamsize|p1|6\n|teamsize|p2|6\n|gen|8\n|tier|[Gen 8 BDSP] Ubers\n|rated|\n|rule|Sleep Clause Mod: Limit one foe put to sleep\n|rule|Species Clause: Limit one of each Pok\u00e9mon\n|rule|OHKO Clause: OHKO moves are banned\n|rule|Evasion Moves Clause: Evasion moves are banned\n|rule|Endless Battle Clause: Forcing endless battles is banned\n|rule|HP Percentage Mod: HP is shown in percentages\n|clearpoke\n|poke|p1|Mewtwo|\n|poke|p1|Palkia|\n|poke|p1|Blissey, F|\n|poke|p1|Aerodactyl, M|\n|poke|p1|Dialga|\n|poke|p1|Giratina|\n|poke|p2|Arceus-*|\n|poke|p2|Weezing, M|\n|poke|p2|Shaymin-Sky|\n|poke|p2|Groudon|\n|poke|p2|Dialga|\n|poke|p2|Giratina|\n|teampreview\n|inactive|Battle timer is ON: inactive players will automatically lose when time's up. (requested by Vaxxed)\n|\n|t:|1654049699\n|start\n|switch|p1a: Aerodactyl|Aerodactyl, M, shiny|100\/100\n|switch|p2a: Weezing|Weezing, M|100\/100\n|turn|1\n|\n|t:|1654049706\n|move|p1a: Aerodactyl|Taunt|p2a: Weezing\n|-start|p2a: Weezing|move: Taunt\n|move|p2a: Weezing|Sludge Bomb|p1a: Aerodactyl\n|-resisted|p1a: Aerodactyl\n|-damage|p1a: Aerodactyl|81\/100\n|\n|upkeep\n|turn|2\n|\n|t:|1654049714\n|move|p1a: Aerodactyl|Stealth Rock|p2a: Weezing\n|-sidestart|p2: Ill Leave|move: Stealth Rock\n|move|p2a: Weezing|Sludge Bomb|p1a: Aerodactyl\n|-resisted|p1a: Aerodactyl\n|-damage|p1a: Aerodactyl|62\/100\n|\n|upkeep\n|turn|3\n|\n|t:|1654049719\n|move|p1a: Aerodactyl|Stone Edge|p2a: Weezing\n|-damage|p2a: Weezing|69\/100\n|move|p2a: Weezing|Sludge Bomb|p1a: Aerodactyl\n|-resisted|p1a: Aerodactyl\n|-damage|p1a: Aerodactyl|42\/100\n|\n|-heal|p2a: Weezing|75\/100|[from] item: Black Sludge\n|-end|p2a: Weezing|move: Taunt\n|upkeep\n|turn|4\n|\n|t:|1654049733\n|move|p1a: Aerodactyl|Taunt|p2a: Weezing\n|-start|p2a: Weezing|move: Taunt\n|move|p2a: Weezing|Sludge Bomb|p1a: Aerodactyl\n|-resisted|p1a: Aerodactyl\n|-damage|p1a: Aerodactyl|21\/100\n|-status|p1a: Aerodactyl|psn\n|\n|-heal|p2a: Weezing|81\/100|[from] item: Black Sludge\n|-damage|p1a: Aerodactyl|9\/100 psn|[from] psn\n|upkeep\n|turn|5\n|\n|t:|1654049745\n|switch|p2a: Groudon|Groudon|100\/100\n|-damage|p2a: Groudon|94\/100|[from] Stealth Rock\n|-weather|SunnyDay|[from] ability: Drought|[of] p2a: Groudon\n|move|p1a: Aerodactyl|Stone Edge|p2a: Groudon\n|-resisted|p2a: Groudon\n|-crit|p2a: Groudon\n|-damage|p2a: Groudon|78\/100\n|\n|-weather|SunnyDay|[upkeep]\n|-heal|p2a: Groudon|84\/100|[from] item: Leftovers\n|-damage|p1a: Aerodactyl|0 fnt|[from] psn\n|faint|p1a: Aerodactyl\n|upkeep\n|\n|t:|1654049758\n|switch|p1a: Mewtwo|Mewtwo, shiny|100\/100\n|-ability|p1a: Mewtwo|Unnerve\n|turn|6\n|\n|t:|1654049761\n|move|p1a: Mewtwo|Nasty Plot|p1a: Mewtwo\n|-boost|p1a: Mewtwo|spa|2\n|move|p2a: Groudon|Thunder Wave|p1a: Mewtwo\n|-status|p1a: Mewtwo|par\n|\n|-weather|SunnyDay|[upkeep]\n|-heal|p2a: Groudon|90\/100|[from] item: Leftovers\n|upkeep\n|turn|7\n|\n|t:|1654049770\n|move|p1a: Mewtwo|Ice Beam|p2a: Groudon\n|-supereffective|p2a: Groudon\n|-damage|p2a: Groudon|0 fnt\n|faint|p2a: Groudon\n|-damage|p1a: Mewtwo|91\/100 par|[from] item: Life Orb\n|\n|-weather|SunnyDay|[upkeep]\n|upkeep\n|\n|t:|1654049774\n|switch|p2a: Arceus|Arceus-Dark|100\/100\n|-damage|p2a: Arceus|88\/100|[from] Stealth Rock\n|turn|8\n|\n|t:|1654049777\n|switch|p1a: Blissey|Blissey, F|100\/100\n|move|p2a: Arceus|Judgment|p1a: Blissey\n|-damage|p1a: Blissey|81\/100\n|\n|-weather|SunnyDay|[upkeep]\n|-heal|p1a: Blissey|88\/100|[from] item: Leftovers\n|upkeep\n|turn|9\n|\n|t:|1654049780\n|move|p2a: Arceus|Defog|p1a: Blissey\n|-unboost|p1a: Blissey|evasion|1\n|-sideend|p2: Ill Leave|Stealth Rock|[from] move: Defog|[of] p2a: Arceus\n|move|p1a: Blissey|Aromatherapy|p1a: Blissey\n|-activate|p1a: Blissey|move: Aromatherapy\n|-curestatus|p1: Mewtwo|par|[msg]\n|\n|-weather|none\n|-heal|p1a: Blissey|94\/100|[from] item: Leftovers\n|upkeep\n|turn|10\n|\n|t:|1654049785\n|switch|p2a: Weezing|Weezing, M|81\/100\n|switch|p1a: Dialga|Dialga|100\/100\n|-ability|p1a: Dialga|Pressure\n|\n|-heal|p2a: Weezing|87\/100|[from] item: Black Sludge\n|upkeep\n|turn|11\n|\n|t:|1654049789\n|move|p1a: Dialga|Thunder Wave|p2a: Weezing|[miss]\n|-miss|p1a: Dialga|p2a: Weezing\n|move|p2a: Weezing|Toxic Spikes|p1a: Dialga\n|-sidestart|p1: Vaxxed|move: Toxic Spikes\n|\n|-heal|p2a: Weezing|93\/100|[from] item: Black Sludge\n|upkeep\n|turn|12\n|\n|t:|1654049804\n|switch|p1a: Giratina|Giratina, shiny|100\/100\n|-status|p1a: Giratina|psn\n|-ability|p1a: Giratina|Pressure\n|switch|p2a: Shaymin|Shaymin-Sky|100\/100\n|\n|-damage|p1a: Giratina|88\/100 psn|[from] psn\n|upkeep\n|turn|13\n|\n|t:|1654049809\n|move|p2a: Shaymin|Air Slash|p1a: Giratina\n|-damage|p1a: Giratina|73\/100 psn\n|move|p1a: Giratina|Thunder Wave|p2a: Shaymin\n|-status|p2a: Shaymin|par\n|\n|-damage|p1a: Giratina|60\/100 psn|[from] psn\n|upkeep\n|turn|14\n|\n|t:|1654049813\n|move|p1a: Giratina|Defog|p2a: Shaymin\n|-unboost|p2a: Shaymin|evasion|1\n|-sideend|p1: Vaxxed|Toxic Spikes|[from] move: Defog|[of] p1a: Giratina\n|cant|p2a: Shaymin|par\n|\n|-damage|p1a: Giratina|48\/100 psn|[from] psn\n|upkeep\n|turn|15\n|\n|t:|1654049817\n|switch|p1a: Blissey|Blissey, F|94\/100\n|move|p2a: Shaymin|Substitute|p2a: Shaymin\n|-start|p2a: Shaymin|Substitute\n|-damage|p2a: Shaymin|75\/100 par\n|\n|-heal|p2a: Shaymin|82\/100 par|[from] item: Leftovers\n|-heal|p1a: Blissey|99\/100|[from] item: Leftovers\n|upkeep\n|turn|16\n|\n|t:|1654049822\n|move|p2a: Shaymin|Leech Seed|p1a: Blissey\n|-start|p1a: Blissey|move: Leech Seed\n|move|p1a: Blissey|Aromatherapy|p1a: Blissey\n|-activate|p1a: Blissey|move: Aromatherapy\n|-curestatus|p1: Giratina|psn|[msg]\n|\n|-heal|p2a: Shaymin|88\/100 par|[from] item: Leftovers\n|-heal|p1a: Blissey|100\/100|[from] item: Leftovers\n|-damage|p1a: Blissey|88\/100|[from] Leech Seed|[of] p2a: Shaymin\n|-heal|p2a: Shaymin|100\/100 par|[silent]\n|upkeep\n|turn|17\n|\n|t:|1654049827\n|switch|p1a: Dialga|Dialga|100\/100\n|-ability|p1a: Dialga|Pressure\n|move|p2a: Shaymin|Air Slash|p1a: Dialga\n|-resisted|p1a: Dialga\n|-damage|p1a: Dialga|89\/100\n|\n|upkeep\n|turn|18\n|\n|t:|1654049829\n|move|p1a: Dialga|Dragon Pulse|p2a: Shaymin\n|-end|p2a: Shaymin|Substitute\n|cant|p2a: Shaymin|par\n|\n|upkeep\n|turn|19\n|\n|t:|1654049833\n|move|p1a: Dialga|Dragon Pulse|p2a: Shaymin\n|-damage|p2a: Shaymin|55\/100 par\n|cant|p2a: Shaymin|par\n|\n|-heal|p2a: Shaymin|61\/100 par|[from] item: Leftovers\n|upkeep\n|turn|20\n|c|\u2606Vaxxed|haha\n|\n|t:|1654049841\n|switch|p2a: Arceus|Arceus-Dark|88\/100\n|move|p1a: Dialga|Dragon Pulse|p2a: Arceus\n|-damage|p2a: Arceus|58\/100\n|\n|upkeep\n|turn|21\n|\n|t:|1654049850\n|switch|p2a: Weezing|Weezing, M|93\/100\n|move|p1a: Dialga|Thunder Wave|p2a: Weezing\n|-status|p2a: Weezing|par\n|\n|-heal|p2a: Weezing|99\/100 par|[from] item: Black Sludge\n|upkeep\n|turn|22\n|\n|t:|1654049859\n|switch|p1a: Giratina|Giratina, shiny|48\/100\n|-ability|p1a: Giratina|Pressure\n|switch|p2a: Arceus|Arceus-Dark|58\/100\n|\n|upkeep\n|turn|23\n|\n|t:|1654049862\n|switch|p1a: Blissey|Blissey, F|88\/100\n|move|p2a: Arceus|Judgment|p1a: Blissey\n|-damage|p1a: Blissey|67\/100\n|\n|-heal|p1a: Blissey|73\/100|[from] item: Leftovers\n|upkeep\n|turn|24\n|\n|t:|1654049870\n|switch|p2a: Weezing|Weezing, M|99\/100 par\n|move|p1a: Blissey|Seismic Toss|p2a: Weezing\n|-damage|p2a: Weezing|69\/100 par\n|\n|-heal|p1a: Blissey|79\/100|[from] item: Leftovers\n|-heal|p2a: Weezing|75\/100 par|[from] item: Black Sludge\n|upkeep\n|turn|25\n|\n|t:|1654049874\n|switch|p1a: Giratina|Giratina, shiny|48\/100\n|-ability|p1a: Giratina|Pressure\n|move|p2a: Weezing|Toxic Spikes|p1a: Giratina\n|-sidestart|p1: Vaxxed|move: Toxic Spikes\n|\n|-heal|p2a: Weezing|81\/100 par|[from] item: Black Sludge\n|upkeep\n|turn|26\n|\n|t:|1654049877\n|move|p1a: Giratina|Defog|p2a: Weezing\n|-unboost|p2a: Weezing|evasion|1\n|-sideend|p1: Vaxxed|Toxic Spikes|[from] move: Defog|[of] p1a: Giratina\n|cant|p2a: Weezing|par\n|\n|-heal|p2a: Weezing|87\/100 par|[from] item: Black Sludge\n|upkeep\n|turn|27\n|c|\u2606Vaxxed|haha\n|\n|t:|1654049890\n|switch|p2a: Arceus|Arceus-Dark|58\/100\n|move|p1a: Giratina|Shadow Ball|p2a: Arceus\n|-resisted|p2a: Arceus\n|-damage|p2a: Arceus|48\/100\n|\n|upkeep\n|turn|28\n|\n|t:|1654049893\n|switch|p1a: Blissey|Blissey, F|79\/100\n|move|p2a: Arceus|Judgment|p1a: Blissey\n|-damage|p1a: Blissey|58\/100\n|\n|-heal|p1a: Blissey|64\/100|[from] item: Leftovers\n|upkeep\n|turn|29\n|\n|t:|1654049901\n|switch|p2a: Weezing|Weezing, M|87\/100 par\n|switch|p1a: Dialga|Dialga|89\/100\n|-ability|p1a: Dialga|Pressure\n|\n|-heal|p2a: Weezing|93\/100 par|[from] item: Black Sludge\n|upkeep\n|turn|30\n|\n|t:|1654049905\n|switch|p1a: Giratina|Giratina, shiny|48\/100\n|-ability|p1a: Giratina|Pressure\n|switch|p2a: Arceus|Arceus-Dark|48\/100\n|\n|upkeep\n|turn|31\n|\n|t:|1654049909\n|switch|p1a: Blissey|Blissey, F|64\/100\n|move|p2a: Arceus|Recover|p2a: Arceus\n|-heal|p2a: Arceus|98\/100\n|\n|-heal|p1a: Blissey|71\/100|[from] item: Leftovers\n|upkeep\n|turn|32\n|\n|t:|1654049918\n|switch|p2a: Weezing|Weezing, M|93\/100 par\n|switch|p1a: Palkia|Palkia|100\/100\n|-ability|p1a: Palkia|Pressure\n|\n|-heal|p2a: Weezing|99\/100 par|[from] item: Black Sludge\n|upkeep\n|turn|33\n|\n|t:|1654049925\n|move|p1a: Palkia|Spacial Rend|p2a: Weezing\n|-damage|p2a: Weezing|28\/100 par\n|move|p2a: Weezing|Toxic Spikes|p1a: Palkia\n|-sidestart|p1: Vaxxed|move: Toxic Spikes\n|\n|-heal|p2a: Weezing|34\/100 par|[from] item: Black Sludge\n|upkeep\n|turn|34\n|\n|t:|1654049932\n|switch|p2a: Arceus|Arceus-Dark|98\/100\n|move|p1a: Palkia|Spacial Rend|p2a: Arceus\n|-damage|p2a: Arceus|59\/100\n|\n|upkeep\n|turn|35\n|\n|t:|1654049937\n|move|p2a: Arceus|Calm Mind|p2a: Arceus\n|-boost|p2a: Arceus|spa|1\n|-boost|p2a: Arceus|spd|1\n|move|p1a: Palkia|Thunder Wave|p2a: Arceus\n|-status|p2a: Arceus|par\n|\n|upkeep\n|turn|36\n|\n|t:|1654049949\n|move|p1a: Palkia|Spacial Rend|p2a: Arceus\n|-damage|p2a: Arceus|37\/100 par\n|move|p2a: Arceus|Recover|p2a: Arceus\n|-heal|p2a: Arceus|87\/100 par\n|\n|upkeep\n|turn|37\n|\n|t:|1654049956\n|move|p1a: Palkia|Spacial Rend|p2a: Arceus\n|-damage|p2a: Arceus|62\/100 par\n|move|p2a: Arceus|Judgment|p1a: Palkia\n|-crit|p1a: Palkia\n|-damage|p1a: Palkia|17\/100\n|\n|-heal|p1a: Palkia|23\/100|[from] item: Leftovers\n|upkeep\n|turn|38\n|\n|t:|1654049962\n|switch|p1a: Giratina|Giratina, shiny|48\/100\n|-status|p1a: Giratina|psn\n|-ability|p1a: Giratina|Pressure\n|move|p2a: Arceus|Recover|p2a: Arceus\n|-heal|p2a: Arceus|100\/100 par\n|\n|-damage|p1a: Giratina|35\/100 psn|[from] psn\n|upkeep\n|turn|39\n|\n|t:|1654049964\n|move|p1a: Giratina|Defog|p2a: Arceus\n|-unboost|p2a: Arceus|evasion|1\n|-sideend|p1: Vaxxed|Toxic Spikes|[from] move: Defog|[of] p1a: Giratina\n|move|p2a: Arceus|Judgment|p1a: Giratina\n|-supereffective|p1a: Giratina\n|-damage|p1a: Giratina|0 fnt\n|faint|p1a: Giratina\n|\n|upkeep\n|\n|t:|1654049970\n|switch|p1a: Blissey|Blissey, F|71\/100\n|turn|40\n|\n|t:|1654049974\n|move|p2a: Arceus|Judgment|p1a: Blissey\n|-damage|p1a: Blissey|37\/100\n|move|p1a: Blissey|Seismic Toss|p2a: Arceus\n|-damage|p2a: Arceus|76\/100 par\n|\n|-heal|p1a: Blissey|43\/100|[from] item: Leftovers\n|upkeep\n|turn|41\n|\n|t:|1654049979\n|switch|p2a: Shaymin|Shaymin-Sky|61\/100 par\n|move|p1a: Blissey|Soft-Boiled|p1a: Blissey\n|-heal|p1a: Blissey|93\/100\n|\n|-heal|p2a: Shaymin|68\/100 par|[from] item: Leftovers\n|-heal|p1a: Blissey|99\/100|[from] item: Leftovers\n|upkeep\n|turn|42\n|\n|t:|1654049982\n|move|p2a: Shaymin|Leech Seed|p1a: Blissey\n|-start|p1a: Blissey|move: Leech Seed\n|move|p1a: Blissey|Seismic Toss|p2a: Shaymin\n|-damage|p2a: Shaymin|43\/100 par\n|\n|-heal|p2a: Shaymin|49\/100 par|[from] item: Leftovers\n|-heal|p1a: Blissey|100\/100|[from] item: Leftovers\n|-damage|p1a: Blissey|88\/100|[from] Leech Seed|[of] p2a: Shaymin\n|-heal|p2a: Shaymin|71\/100 par|[silent]\n|upkeep\n|turn|43\n|\n|t:|1654049988\n|move|p2a: Shaymin|Substitute|p2a: Shaymin\n|-start|p2a: Shaymin|Substitute\n|-damage|p2a: Shaymin|46\/100 par\n|move|p1a: Blissey|Seismic Toss|p2a: Shaymin\n|-activate|p2a: Shaymin|move: Substitute|[damage]\n|\n|-heal|p2a: Shaymin|52\/100 par|[from] item: Leftovers\n|-heal|p1a: Blissey|94\/100|[from] item: Leftovers\n|-damage|p1a: Blissey|82\/100|[from] Leech Seed|[of] p2a: Shaymin\n|-heal|p2a: Shaymin|74\/100 par|[silent]\n|upkeep\n|turn|44\n|\n|t:|1654049994\n|switch|p1a: Dialga|Dialga|89\/100\n|-ability|p1a: Dialga|Pressure\n|cant|p2a: Shaymin|par\n|\n|-heal|p2a: Shaymin|80\/100 par|[from] item: Leftovers\n|upkeep\n|turn|45\n|\n|t:|1654049996\n|move|p1a: Dialga|Dragon Pulse|p2a: Shaymin\n|-end|p2a: Shaymin|Substitute\n|move|p2a: Shaymin|Leech Seed|p1a: Dialga\n|-start|p1a: Dialga|move: Leech Seed\n|\n|-heal|p2a: Shaymin|87\/100 par|[from] item: Leftovers\n|-damage|p1a: Dialga|77\/100|[from] Leech Seed|[of] p2a: Shaymin\n|-heal|p2a: Shaymin|98\/100 par|[silent]\n|upkeep\n|turn|46\n|\n|t:|1654050008\n|switch|p1a: Palkia|Palkia|23\/100\n|-ability|p1a: Palkia|Pressure\n|move|p2a: Shaymin|Air Slash|p1a: Palkia\n|-damage|p1a: Palkia|5\/100\n|\n|-heal|p1a: Palkia|11\/100|[from] item: Leftovers\n|-heal|p2a: Shaymin|100\/100 par|[from] item: Leftovers\n|upkeep\n|turn|47\n|\n|t:|1654050013\n|move|p1a: Palkia|Fire Blast|p2a: Shaymin\n|-supereffective|p2a: Shaymin\n|-damage|p2a: Shaymin|21\/100 par\n|move|p2a: Shaymin|Air Slash|p1a: Palkia\n|-damage|p1a: Palkia|0 fnt\n|faint|p1a: Palkia\n|\n|-heal|p2a: Shaymin|27\/100 par|[from] item: Leftovers\n|upkeep\n|\n|t:|1654050019\n|switch|p1a: Mewtwo|Mewtwo, shiny|91\/100\n|-ability|p1a: Mewtwo|Unnerve\n|turn|48\n|\n|t:|1654050021\n|move|p1a: Mewtwo|Nasty Plot|p1a: Mewtwo\n|-boost|p1a: Mewtwo|spa|2\n|move|p2a: Shaymin|Seed Flare|p1a: Mewtwo\n|-damage|p1a: Mewtwo|35\/100\n|-unboost|p1a: Mewtwo|spd|2\n|\n|-heal|p2a: Shaymin|33\/100 par|[from] item: Leftovers\n|upkeep\n|turn|49\n|\n|t:|1654050031\n|move|p1a: Mewtwo|Ice Beam|p2a: Shaymin\n|-supereffective|p2a: Shaymin\n|-damage|p2a: Shaymin|0 fnt\n|faint|p2a: Shaymin\n|-damage|p1a: Mewtwo|25\/100|[from] item: Life Orb\n|\n|upkeep\n|\n|t:|1654050049\n|switch|p2a: Weezing|Weezing, M|34\/100 par\n|turn|50\n|\n|t:|1654050053\n|move|p1a: Mewtwo|Psystrike|p2a: Weezing\n|-supereffective|p2a: Weezing\n|-damage|p2a: Weezing|0 fnt\n|faint|p2a: Weezing\n|-damage|p1a: Mewtwo|15\/100|[from] item: Life Orb\n|\n|upkeep\n|\n|t:|1654050059\n|switch|p2a: Giratina|Giratina|100\/100\n|-ability|p2a: Giratina|Pressure\n|turn|51\n|inactive|Vaxxed has 120 seconds left.\n|\n|t:|1654050114\n|switch|p1a: Dialga|Dialga|77\/100\n|-ability|p1a: Dialga|Pressure\n|switch|p2a: Dialga|Dialga|100\/100\n|-ability|p2a: Dialga|Pressure\n|\n|upkeep\n|turn|52\n|\n|t:|1654050121\n|move|p1a: Dialga|Dragon Pulse|p2a: Dialga\n|-damage|p2a: Dialga|69\/100\n|move|p2a: Dialga|Substitute|p2a: Dialga\n|-start|p2a: Dialga|Substitute\n|-damage|p2a: Dialga|44\/100\n|\n|-heal|p2a: Dialga|50\/100|[from] item: Leftovers\n|upkeep\n|turn|53\n|\n|t:|1654050128\n|move|p2a: Dialga|Protect|p2a: Dialga\n|-singleturn|p2a: Dialga|Protect\n|move|p1a: Dialga|Dragon Pulse|p2a: Dialga\n|-activate|p2a: Dialga|move: Protect\n|\n|-heal|p2a: Dialga|56\/100|[from] item: Leftovers\n|upkeep\n|turn|54\n|\n|t:|1654050131\n|move|p1a: Dialga|Dragon Pulse|p2a: Dialga\n|-end|p2a: Dialga|Substitute\n|move|p2a: Dialga|Substitute|p2a: Dialga\n|-start|p2a: Dialga|Substitute\n|-damage|p2a: Dialga|31\/100\n|\n|-heal|p2a: Dialga|38\/100|[from] item: Leftovers\n|upkeep\n|turn|55\n|\n|t:|1654050138\n|move|p2a: Dialga|Protect|p2a: Dialga\n|-singleturn|p2a: Dialga|Protect\n|move|p1a: Dialga|Flash Cannon|p2a: Dialga\n|-activate|p2a: Dialga|move: Protect\n|\n|-heal|p2a: Dialga|44\/100|[from] item: Leftovers\n|upkeep\n|turn|56\n|\n|t:|1654050142\n|move|p1a: Dialga|Dragon Pulse|p2a: Dialga\n|-end|p2a: Dialga|Substitute\n|move|p2a: Dialga|Substitute|p2a: Dialga\n|-start|p2a: Dialga|Substitute\n|-damage|p2a: Dialga|19\/100\n|\n|-heal|p2a: Dialga|25\/100|[from] item: Leftovers\n|upkeep\n|turn|57\n|\n|t:|1654050151\n|move|p2a: Dialga|Protect|p2a: Dialga\n|-singleturn|p2a: Dialga|Protect\n|move|p1a: Dialga|Dragon Pulse|p2a: Dialga\n|-activate|p2a: Dialga|move: Protect\n|\n|-heal|p2a: Dialga|31\/100|[from] item: Leftovers\n|upkeep\n|turn|58\n|\n|t:|1654050156\n|move|p1a: Dialga|Dragon Pulse|p2a: Dialga\n|-end|p2a: Dialga|Substitute\n|move|p2a: Dialga|Substitute|p2a: Dialga\n|-start|p2a: Dialga|Substitute\n|-damage|p2a: Dialga|6\/100\n|\n|-heal|p2a: Dialga|12\/100|[from] item: Leftovers\n|upkeep\n|turn|59\n|\n|t:|1654050161\n|move|p1a: Dialga|Flash Cannon|p2a: Dialga\n|-resisted|p2a: Dialga\n|-activate|p2a: Dialga|move: Substitute|[damage]\n|move|p2a: Dialga|Dragon Claw|p1a: Dialga\n|-damage|p1a: Dialga|51\/100\n|\n|-heal|p2a: Dialga|19\/100|[from] item: Leftovers\n|upkeep\n|turn|60\n|\n|t:|1654050168\n|move|p2a: Dialga|Protect|p2a: Dialga\n|-singleturn|p2a: Dialga|Protect\n|move|p1a: Dialga|Flash Cannon|p2a: Dialga\n|-activate|p2a: Dialga|move: Protect\n|\n|-heal|p2a: Dialga|25\/100|[from] item: Leftovers\n|upkeep\n|turn|61\n|\n|t:|1654050171\n|move|p1a: Dialga|Flash Cannon|p2a: Dialga\n|-resisted|p2a: Dialga\n|-end|p2a: Dialga|Substitute\n|move|p2a: Dialga|Dragon Claw|p1a: Dialga\n|-damage|p1a: Dialga|26\/100\n|\n|-heal|p2a: Dialga|31\/100|[from] item: Leftovers\n|upkeep\n|turn|62\n|\n|t:|1654050180\n|move|p1a: Dialga|Thunder Wave|p2a: Dialga\n|-status|p2a: Dialga|par\n|move|p2a: Dialga|Substitute|p2a: Dialga\n|-start|p2a: Dialga|Substitute\n|-damage|p2a: Dialga|6\/100 par\n|\n|-heal|p2a: Dialga|12\/100 par|[from] item: Leftovers\n|upkeep\n|turn|63\n|\n|t:|1654050186\n|cant|p2a: Dialga|par\n|move|p1a: Dialga|Rest|p1a: Dialga\n|-status|p1a: Dialga|slp|[from] move: Rest\n|-enditem|p1a: Dialga|Lum Berry|[eat]\n|-curestatus|p1a: Dialga|slp|[msg]\n|-heal|p1a: Dialga|100\/100|[silent]\n|\n|-heal|p2a: Dialga|18\/100 par|[from] item: Leftovers\n|upkeep\n|turn|64\n|\n|t:|1654050192\n|move|p1a: Dialga|Flash Cannon|p2a: Dialga\n|-resisted|p2a: Dialga\n|-activate|p2a: Dialga|move: Substitute|[damage]\n|move|p2a: Dialga|Bulk Up|p2a: Dialga\n|-boost|p2a: Dialga|atk|1\n|-boost|p2a: Dialga|def|1\n|\n|-heal|p2a: Dialga|25\/100 par|[from] item: Leftovers\n|upkeep\n|turn|65\n|\n|t:|1654050197\n|cant|p2a: Dialga|par\n|move|p1a: Dialga|Flash Cannon|p2a: Dialga\n|-resisted|p2a: Dialga\n|-end|p2a: Dialga|Substitute\n|\n|-heal|p2a: Dialga|31\/100 par|[from] item: Leftovers\n|upkeep\n|turn|66\n|\n|t:|1654050206\n|move|p2a: Dialga|Protect|p2a: Dialga\n|-singleturn|p2a: Dialga|Protect\n|move|p1a: Dialga|Flash Cannon|p2a: Dialga\n|-activate|p2a: Dialga|move: Protect\n|\n|-heal|p2a: Dialga|37\/100 par|[from] item: Leftovers\n|upkeep\n|turn|67\n|\n|t:|1654050215\n|switch|p1a: Blissey|Blissey, F|82\/100\n|move|p2a: Dialga|Substitute|p2a: Dialga\n|-start|p2a: Dialga|Substitute\n|-damage|p2a: Dialga|12\/100 par\n|\n|-heal|p1a: Blissey|88\/100|[from] item: Leftovers\n|-heal|p2a: Dialga|18\/100 par|[from] item: Leftovers\n|upkeep\n|turn|68\n|\n|t:|1654050220\n|move|p2a: Dialga|Protect|p2a: Dialga\n|-singleturn|p2a: Dialga|Protect\n|move|p1a: Blissey|Seismic Toss|p2a: Dialga\n|-activate|p2a: Dialga|move: Protect\n|\n|-heal|p1a: Blissey|94\/100|[from] item: Leftovers\n|-heal|p2a: Dialga|24\/100 par|[from] item: Leftovers\n|upkeep\n|turn|69\n|\n|t:|1654050224\n|move|p1a: Blissey|Seismic Toss|p2a: Dialga\n|-activate|p2a: Dialga|move: Substitute|[damage]\n|move|p2a: Dialga|Bulk Up|p2a: Dialga\n|-boost|p2a: Dialga|atk|1\n|-boost|p2a: Dialga|def|1\n|\n|-heal|p1a: Blissey|99\/100|[from] item: Leftovers\n|-heal|p2a: Dialga|30\/100 par|[from] item: Leftovers\n|upkeep\n|turn|70\n|\n|t:|1654050227\n|move|p1a: Blissey|Seismic Toss|p2a: Dialga\n|-end|p2a: Dialga|Substitute\n|move|p2a: Dialga|Substitute|p2a: Dialga\n|-start|p2a: Dialga|Substitute\n|-damage|p2a: Dialga|5\/100 par\n|\n|-heal|p1a: Blissey|100\/100|[from] item: Leftovers\n|-heal|p2a: Dialga|12\/100 par|[from] item: Leftovers\n|upkeep\n|turn|71\n|\n|t:|1654050233\n|cant|p2a: Dialga|par\n|move|p1a: Blissey|Seismic Toss|p2a: Dialga\n|-activate|p2a: Dialga|move: Substitute|[damage]\n|\n|-heal|p2a: Dialga|18\/100 par|[from] item: Leftovers\n|upkeep\n|turn|72\n|\n|t:|1654050235\n|move|p2a: Dialga|Protect|p2a: Dialga\n|-singleturn|p2a: Dialga|Protect\n|move|p1a: Blissey|Seismic Toss|p2a: Dialga\n|-activate|p2a: Dialga|move: Protect\n|\n|-heal|p2a: Dialga|24\/100 par|[from] item: Leftovers\n|upkeep\n|turn|73\n|\n|t:|1654050238\n|move|p1a: Blissey|Seismic Toss|p2a: Dialga\n|-end|p2a: Dialga|Substitute\n|move|p2a: Dialga|Dragon Claw|p1a: Blissey\n|-damage|p1a: Blissey|50\/100\n|\n|-heal|p1a: Blissey|56\/100|[from] item: Leftovers\n|-heal|p2a: Dialga|30\/100 par|[from] item: Leftovers\n|upkeep\n|turn|74\n|c|\u2606Vaxxed|hahaha\n|\n|t:|1654050248\n|move|p2a: Dialga|Protect|p2a: Dialga\n|-singleturn|p2a: Dialga|Protect\n|move|p1a: Blissey|Seismic Toss|p2a: Dialga\n|-activate|p2a: Dialga|move: Protect\n|\n|-heal|p1a: Blissey|62\/100|[from] item: Leftovers\n|-heal|p2a: Dialga|36\/100 par|[from] item: Leftovers\n|upkeep\n|turn|75\n|c|\u2606Ill Leave|ur wierd af\n|\n|t:|1654050257\n|switch|p2a: Giratina|Giratina|100\/100\n|-ability|p2a: Giratina|Pressure\n|move|p1a: Blissey|Seismic Toss|p2a: Giratina\n|-immune|p2a: Giratina\n|\n|-heal|p1a: Blissey|68\/100|[from] item: Leftovers\n|upkeep\n|turn|76\n|c|\u2606Vaxxed|awesome\n|\n|t:|1654050267\n|switch|p1a: Dialga|Dialga|100\/100\n|-ability|p1a: Dialga|Pressure\n|move|p2a: Giratina|Calm Mind|p2a: Giratina\n|-boost|p2a: Giratina|spa|1\n|-boost|p2a: Giratina|spd|1\n|\n|upkeep\n|turn|77\n|\n|t:|1654050273\n|move|p1a: Dialga|Thunder Wave|p2a: Giratina|[miss]\n|-miss|p1a: Dialga|p2a: Giratina\n|move|p2a: Giratina|Calm Mind|p2a: Giratina\n|-boost|p2a: Giratina|spa|1\n|-boost|p2a: Giratina|spd|1\n|\n|upkeep\n|turn|78\n|\n|t:|1654050277\n|move|p1a: Dialga|Thunder Wave|p2a: Giratina\n|-status|p2a: Giratina|par\n|move|p2a: Giratina|Calm Mind|p2a: Giratina\n|-boost|p2a: Giratina|spa|1\n|-boost|p2a: Giratina|spd|1\n|\n|upkeep\n|turn|79\n|\n|t:|1654050279\n|move|p1a: Dialga|Flash Cannon|p2a: Giratina\n|-damage|p2a: Giratina|92\/100 par\n|move|p2a: Giratina|Hex|p1a: Dialga\n|-damage|p1a: Dialga|61\/100\n|\n|-heal|p2a: Giratina|98\/100 par|[from] item: Leftovers\n|upkeep\n|turn|80\n|\n|t:|1654050286\n|switch|p1a: Blissey|Blissey, F|68\/100\n|move|p2a: Giratina|Hex|p1a: Blissey\n|-immune|p1a: Blissey\n|\n|-heal|p1a: Blissey|74\/100|[from] item: Leftovers\n|-heal|p2a: Giratina|100\/100 par|[from] item: Leftovers\n|upkeep\n|turn|81\n|\n|t:|1654050293\n|switch|p2a: Arceus|Arceus-Dark|76\/100 par\n|move|p1a: Blissey|Soft-Boiled|p1a: Blissey\n|-heal|p1a: Blissey|100\/100\n|\n|upkeep\n|turn|82\n|\n|t:|1654050300\n|move|p2a: Arceus|Calm Mind|p2a: Arceus\n|-boost|p2a: Arceus|spa|1\n|-boost|p2a: Arceus|spd|1\n|move|p1a: Blissey|Seismic Toss|p2a: Arceus\n|-damage|p2a: Arceus|51\/100 par\n|\n|upkeep\n|turn|83\n|\n|t:|1654050305\n|cant|p2a: Arceus|par\n|move|p1a: Blissey|Seismic Toss|p2a: Arceus\n|-damage|p2a: Arceus|26\/100 par\n|\n|upkeep\n|turn|84\n|\n|t:|1654050314\n|cant|p2a: Arceus|par\n|move|p1a: Blissey|Seismic Toss|p2a: Arceus\n|-damage|p2a: Arceus|1\/100 par\n|\n|upkeep\n|turn|85\n|\n|t:|1654050319\n|move|p2a: Arceus|Recover|p2a: Arceus\n|-heal|p2a: Arceus|51\/100 par\n|move|p1a: Blissey|Seismic Toss|p2a: Arceus\n|-damage|p2a: Arceus|27\/100 par\n|\n|upkeep\n|turn|86\n|\n|t:|1654050321\n|move|p2a: Arceus|Recover|p2a: Arceus\n|-heal|p2a: Arceus|77\/100 par\n|move|p1a: Blissey|Seismic Toss|p2a: Arceus\n|-damage|p2a: Arceus|52\/100 par\n|\n|upkeep\n|turn|87\n|\n|t:|1654050324\n|move|p2a: Arceus|Recover|p2a: Arceus\n|-heal|p2a: Arceus|100\/100 par\n|move|p1a: Blissey|Seismic Toss|p2a: Arceus\n|-damage|p2a: Arceus|76\/100 par\n|\n|upkeep\n|turn|88\n|\n|t:|1654050327\n|cant|p2a: Arceus|par\n|move|p1a: Blissey|Seismic Toss|p2a: Arceus\n|-damage|p2a: Arceus|51\/100 par\n|\n|upkeep\n|turn|89\n|\n|t:|1654050331\n|cant|p2a: Arceus|par\n|move|p1a: Blissey|Seismic Toss|p2a: Arceus\n|-damage|p2a: Arceus|26\/100 par\n|\n|upkeep\n|turn|90\n|\n|t:|1654050335\n|cant|p2a: Arceus|par\n|move|p1a: Blissey|Healing Wish|p1a: Blissey\n|faint|p1a: Blissey\n|\n|upkeep\n|\n|t:|1654050336\n|switch|p1a: Mewtwo|Mewtwo, shiny|15\/100\n|-ability|p1a: Mewtwo|Unnerve\n|-heal|p1a: Mewtwo|100\/100|[from] move: Healing Wish\n|turn|91\n|c|\u2606Vaxxed|let's goooo\n|\n|t:|1654050343\n|move|p1a: Mewtwo|Aura Sphere|p2a: Arceus\n|-supereffective|p2a: Arceus\n|-damage|p2a: Arceus|0 fnt\n|faint|p2a: Arceus\n|-damage|p1a: Mewtwo|91\/100|[from] item: Life Orb\n|\n|upkeep\n|\n|t:|1654050347\n|switch|p2a: Giratina|Giratina|100\/100 par\n|-ability|p2a: Giratina|Pressure\n|turn|92\n|\n|t:|1654050357\n|move|p1a: Mewtwo|Nasty Plot|p1a: Mewtwo\n|-boost|p1a: Mewtwo|spa|2\n|move|p2a: Giratina|Roar|p1a: Mewtwo\n|drag|p1a: Dialga|Dialga|61\/100\n|-ability|p1a: Dialga|Pressure\n|\n|upkeep\n|turn|93\n|\n|t:|1654050368\n|switch|p1a: Mewtwo|Mewtwo, shiny|91\/100\n|-ability|p1a: Mewtwo|Unnerve\n|move|p2a: Giratina|Calm Mind|p2a: Giratina\n|-boost|p2a: Giratina|spa|1\n|-boost|p2a: Giratina|spd|1\n|\n|upkeep\n|turn|94\n|\n|t:|1654050373\n|move|p1a: Mewtwo|Psystrike|p2a: Giratina\n|-damage|p2a: Giratina|65\/100 par\n|-damage|p1a: Mewtwo|81\/100|[from] item: Life Orb\n|cant|p2a: Giratina|par\n|\n|-heal|p2a: Giratina|72\/100 par|[from] item: Leftovers\n|upkeep\n|turn|95\n|\n|t:|1654050379\n|move|p1a: Mewtwo|Nasty Plot|p1a: Mewtwo\n|-boost|p1a: Mewtwo|spa|2\n|cant|p2a: Giratina|par\n|\n|-heal|p2a: Giratina|78\/100 par|[from] item: Leftovers\n|upkeep\n|turn|96\n|\n|t:|1654050383\n|move|p1a: Mewtwo|Psystrike|p2a: Giratina\n|-damage|p2a: Giratina|11\/100 par\n|-damage|p1a: Mewtwo|71\/100|[from] item: Life Orb\n|cant|p2a: Giratina|par\n|\n|-heal|p2a: Giratina|17\/100 par|[from] item: Leftovers\n|upkeep\n|turn|97\n|c|\u2606Vaxxed|YOOOO\n|c|\u2606Vaxxed|\/log Vaxxed made this room public.\n|c|\u2606Vaxxed|everyone's gon' see this\n|c|\u2606Vaxxed|ha\n|c|\u2606Ill Leave|?\n|inactive|Vaxxed has 120 seconds left.\n|inactive|Ill Leave has 120 seconds left.\n|c|\u2606Ill Leave|gg haxer lmao\n|inactive|Vaxxed has 90 seconds left.\n|c|\u2606Vaxxed|let's enjoy the match\n|c|\u2606Vaxxed|i certainly know i will\n|\n|t:|1654050472\n|move|p1a: Mewtwo|Psystrike|p2a: Giratina\n|-damage|p2a: Giratina|0 fnt\n|faint|p2a: Giratina\n|-damage|p1a: Mewtwo|61\/100|[from] item: Life Orb\n|\n|upkeep\n|c|\u2606Ill Leave|u got out played evefy fucking turn and brag\n|c|\u2606Vaxxed|lmao\n|c|\u2606Vaxxed|I predicted this outcome from the start of the match\n|c|\u2606Ill Leave|ur pathetic\n|c|\u2606Vaxxed|you fell right into my plan\n|inactive|Ill Leave has 90 seconds left.\n|c|\u2606Ill Leave|waste of space honestly\n|-message|Ill Leave forfeited.\n|\n|win|Vaxxed\n|raw|Vaxxed's rating: 1221 &rarr; <strong>1253<\/strong><br \/>(+32 for winning)\n|raw|Ill Leave's rating: 1314 &rarr; <strong>1289<\/strong><br \/>(-25 for losing)\n|l|\u2606Ill Leave\n","uploadtime":1654050522,"views":68,"p1id":"vaxxed","p2id":"illleave","formatid":"gen8bdspubers","rating":1253,"private":0,"password":null}