{"id":"gen8nationaldex-1666756290","p1":"notadamyt","p2":"Forwards","format":"gen8nationaldex","log":"|j|\u2606notadamyt\n|j|\u2606Forwards\n|inactive|Battle timer is ON: inactive players will automatically lose when time's up.\n|t:|1663443072\n|gametype|singles\n|player|p1|notadamyt|caitlin|\n|player|p2|Forwards|rollerskater|\n|teamsize|p1|6\n|teamsize|p2|6\n|gen|8\n|tier|[Gen 8] National Dex\n|rated|Tournament battle\n|rule|HP Percentage Mod: HP is shown in percentages\n|rule|Endless Battle Clause: Forcing endless battles is banned\n|rule|OHKO Clause: OHKO moves are banned\n|rule|Evasion Moves Clause: Evasion moves are banned\n|rule|Species Clause: Limit one of each Pok\u00e9mon\n|rule|Dynamax Clause: You cannot dynamax\n|rule|Sleep Clause Mod: Limit one foe put to sleep\n|clearpoke\n|poke|p1|Rillaboom, M|\n|poke|p1|Garchomp, F|\n|poke|p1|Tapu Koko|\n|poke|p1|Chansey, F|\n|poke|p1|Scizor, M|\n|poke|p1|Rotom-Wash|\n|poke|p2|Tapu Koko|\n|poke|p2|Moltres-Galar|\n|poke|p2|Registeel|\n|poke|p2|Hawlucha, F|\n|poke|p2|Mew|\n|poke|p2|Landorus-Therian, M|\n|teampreview\n|j| IamEating rightnow\n|\n|t:|1663443081\n|start\n|switch|p1a: Tapu Koko|Tapu Koko|100\/100\n|switch|p2a: Landorus|Landorus-Therian, M|100\/100\n|-fieldstart|move: Electric Terrain|[from] ability: Electric Surge|[of] p1a: Tapu Koko\n|-ability|p2a: Landorus|Intimidate|boost\n|-unboost|p1a: Tapu Koko|atk|1\n|turn|1\n|\n|t:|1663443085\n|move|p1a: Tapu Koko|Hidden Power|p2a: Landorus\n|-supereffective|p2a: Landorus\n|-damage|p2a: Landorus|10\/100\n|move|p2a: Landorus|Earthquake|p1a: Tapu Koko\n|-supereffective|p1a: Tapu Koko\n|-damage|p1a: Tapu Koko|0 fnt\n|faint|p1a: Tapu Koko\n|\n|upkeep\n|\n|t:|1663443092\n|switch|p1a: Scizor|Scizor, M|100\/100\n|turn|2\n|\n|t:|1663443095\n|detailschange|p1a: Scizor|Scizor-Mega, M\n|-mega|p1a: Scizor|Scizor|Scizorite\n|move|p1a: Scizor|Bullet Punch|p2a: Landorus\n|-crit|p2a: Landorus\n|-damage|p2a: Landorus|0 fnt\n|faint|p2a: Landorus\n|\n|upkeep\n|\n|t:|1663443104\n|switch|p2a: Registeel|Registeel|100\/100\n|turn|3\n|\n|t:|1663443106\n|move|p1a: Scizor|U-turn|p2a: Registeel\n|-resisted|p2a: Registeel\n|-damage|p2a: Registeel|91\/100\n|\n|t:|1663443107\n|switch|p1a: Garchomp|Garchomp, F|100\/100|[from]move: U-turn\n|move|p2a: Registeel|Iron Defense|p2a: Registeel\n|-boost|p2a: Registeel|def|2\n|\n|upkeep\n|turn|4\n|\n|t:|1663443109\n|move|p1a: Garchomp|Fire Blast|p2a: Registeel\n|-supereffective|p2a: Registeel\n|-damage|p2a: Registeel|65\/100\n|move|p2a: Registeel|Iron Defense|p2a: Registeel\n|-boost|p2a: Registeel|def|2\n|\n|upkeep\n|turn|5\n|\n|t:|1663443117\n|move|p1a: Garchomp|Earthquake|p2a: Registeel\n|-supereffective|p2a: Registeel\n|-damage|p2a: Registeel|46\/100\n|move|p2a: Registeel|Amnesia|p2a: Registeel\n|-boost|p2a: Registeel|spd|2\n|\n|-fieldend|move: Electric Terrain\n|upkeep\n|turn|6\n|\n|t:|1663443120\n|switch|p1a: Rotom|Rotom-Wash|100\/100\n|move|p2a: Registeel|Rest|p2a: Registeel\n|-status|p2a: Registeel|slp|[from] move: Rest\n|-heal|p2a: Registeel|100\/100 slp|[silent]\n|-enditem|p2a: Registeel|Chesto Berry|[eat]\n|-curestatus|p2a: Registeel|slp|[msg]\n|\n|upkeep\n|turn|7\n|\n|t:|1663443123\n|move|p1a: Rotom|Will-O-Wisp|p2a: Registeel|[miss]\n|-miss|p1a: Rotom|p2a: Registeel\n|move|p2a: Registeel|Amnesia|p2a: Registeel\n|-boost|p2a: Registeel|spd|2\n|\n|upkeep\n|turn|8\n|\n|t:|1663443125\n|move|p1a: Rotom|Will-O-Wisp|p2a: Registeel\n|-status|p2a: Registeel|brn\n|move|p2a: Registeel|Amnesia|p2a: Registeel\n|-boost|p2a: Registeel|spd|2\n|\n|-damage|p2a: Registeel|94\/100 brn|[from] brn\n|upkeep\n|turn|9\n|\n|t:|1663443130\n|move|p1a: Rotom|Volt Switch|p2a: Registeel\n|-damage|p2a: Registeel|90\/100 brn\n|\n|t:|1663443132\n|switch|p1a: Scizor|Scizor-Mega, M|100\/100|[from]move: Volt Switch\n|move|p2a: Registeel|Iron Defense|p2a: Registeel\n|-boost|p2a: Registeel|def|2\n|\n|-damage|p2a: Registeel|84\/100 brn|[from] brn\n|upkeep\n|turn|10\n|\n|t:|1663443134\n|move|p1a: Scizor|Swords Dance|p1a: Scizor\n|-boost|p1a: Scizor|atk|2\n|move|p2a: Registeel|Body Press|p1a: Scizor\n|-damage|p1a: Scizor|56\/100\n|\n|-damage|p2a: Registeel|78\/100 brn|[from] brn\n|upkeep\n|turn|11\n|\n|t:|1663443137\n|move|p1a: Scizor|U-turn|p2a: Registeel\n|-resisted|p2a: Registeel\n|-damage|p2a: Registeel|74\/100 brn\n|\n|t:|1663443139\n|switch|p1a: Rotom|Rotom-Wash|100\/100|[from]move: U-turn\n|move|p2a: Registeel|Rest|p2a: Registeel\n|-status|p2a: Registeel|slp|[from] move: Rest\n|-heal|p2a: Registeel|100\/100 slp|[silent]\n|\n|upkeep\n|turn|12\n|\n|t:|1663443146\n|move|p1a: Rotom|Hydro Pump|p2a: Registeel\n|-damage|p2a: Registeel|94\/100 slp\n|cant|p2a: Registeel|slp\n|\n|upkeep\n|turn|13\n|\n|t:|1663443155\n|move|p1a: Rotom|Volt Switch|p2a: Registeel\n|-damage|p2a: Registeel|90\/100 slp\n|\n|t:|1663443156\n|switch|p1a: Scizor|Scizor-Mega, M|56\/100|[from]move: Volt Switch\n|cant|p2a: Registeel|slp\n|\n|upkeep\n|turn|14\n|\n|t:|1663443165\n|switch|p1a: Garchomp|Garchomp, F|100\/100\n|-curestatus|p2a: Registeel|slp|[msg]\n|move|p2a: Registeel|Body Press|p1a: Garchomp\n|-damage|p1a: Garchomp|0 fnt\n|-damage|p2a: Registeel|77\/100|[from] ability: Rough Skin|[of] p1a: Garchomp\n|faint|p1a: Garchomp\n|\n|upkeep\n|\n|t:|1663443166\n|switch|p1a: Rotom|Rotom-Wash|100\/100\n|turn|15\n|\n|t:|1663443168\n|move|p1a: Rotom|Will-O-Wisp|p2a: Registeel\n|-status|p2a: Registeel|brn\n|move|p2a: Registeel|Body Press|p1a: Rotom\n|-damage|p1a: Rotom|50\/100\n|\n|-heal|p1a: Rotom|56\/100|[from] item: Leftovers\n|-damage|p2a: Registeel|71\/100 brn|[from] brn\n|upkeep\n|turn|16\n|\n|t:|1663443171\n|move|p1a: Rotom|Volt Switch|p2a: Registeel\n|-damage|p2a: Registeel|67\/100 brn\n|\n|t:|1663443172\n|switch|p1a: Rillaboom|Rillaboom, M|100\/100|[from]move: Volt Switch\n|-fieldstart|move: Grassy Terrain|[from] ability: Grassy Surge|[of] p1a: Rillaboom\n|move|p2a: Registeel|Rest|p2a: Registeel\n|-status|p2a: Registeel|slp|[from] move: Rest\n|-heal|p2a: Registeel|100\/100 slp|[silent]\n|\n|upkeep\n|turn|17\n|\n|t:|1663443174\n|move|p1a: Rillaboom|Swords Dance|p1a: Rillaboom\n|-boost|p1a: Rillaboom|atk|2\n|cant|p2a: Registeel|slp\n|\n|upkeep\n|turn|18\n|j| french_baguette33\n|\n|t:|1663443176\n|move|p1a: Rillaboom|Swords Dance|p1a: Rillaboom\n|-boost|p1a: Rillaboom|atk|2\n|cant|p2a: Registeel|slp\n|\n|upkeep\n|turn|19\n|\n|t:|1663443182\n|move|p1a: Rillaboom|Swords Dance|p1a: Rillaboom\n|-boost|p1a: Rillaboom|atk|2\n|-curestatus|p2a: Registeel|slp|[msg]\n|move|p2a: Registeel|Body Press|p1a: Rillaboom\n|-damage|p1a: Rillaboom|0 fnt\n|faint|p1a: Rillaboom\n|\n|upkeep\n|\n|t:|1663443186\n|switch|p1a: Rotom|Rotom-Wash|56\/100\n|turn|20\n|\n|t:|1663443188\n|move|p1a: Rotom|Hydro Pump|p2a: Registeel|[miss]\n|-miss|p1a: Rotom|p2a: Registeel\n|move|p2a: Registeel|Body Press|p1a: Rotom\n|-damage|p1a: Rotom|0 fnt\n|faint|p1a: Rotom\n|\n|-fieldend|move: Grassy Terrain\n|upkeep\n|\n|t:|1663443191\n|switch|p1a: Scizor|Scizor-Mega, M|56\/100\n|turn|21\n|c|\u2606Forwards|GG\n|\n|t:|1663443194\n|move|p1a: Scizor|Bullet Punch|p2a: Registeel\n|-resisted|p2a: Registeel\n|-damage|p2a: Registeel|99\/100\n|move|p2a: Registeel|Body Press|p1a: Scizor\n|-damage|p1a: Scizor|0 fnt\n|faint|p1a: Scizor\n|\n|upkeep\n|\n|t:|1663443195\n|switch|p1a: Chansey|Chansey, F|100\/100\n|turn|22\n|\n|t:|1663443197\n|move|p2a: Registeel|Body Press|p1a: Chansey\n|-supereffective|p1a: Chansey\n|-damage|p1a: Chansey|0 fnt\n|faint|p1a: Chansey\n|\n|win|Forwards\n|n|\u2606notadamyt|notadamyt\n|n|\u2606Forwards|forwards\n|n| IamEating rightnow|iameatingrightnow\n|n| french_baguette33|frenchbaguette33\n","uploadtime":1663443198,"views":5,"p1id":"notadamyt","p2id":"forwards","formatid":"gen8nationaldex","rating":0,"private":0,"password":null}