{"id":"gen8nationaldex-1694243086","p1":"genghis mons","p2":"ChandosH","format":"gen8nationaldex","log":"|j|\u2606genghis mons\n|j|\u2606ChandosH\n|t:|1666683489\n|gametype|singles\n|player|p1|genghis mons|jasmine|1395\n|player|p2|ChandosH|n-masters|1512\n|teamsize|p1|6\n|teamsize|p2|6\n|gen|8\n|tier|[Gen 8] National Dex\n|rated|\n|rule|HP Percentage Mod: HP is shown in percentages\n|rule|Endless Battle Clause: Forcing endless battles is banned\n|rule|OHKO Clause: OHKO moves are banned\n|rule|Evasion Moves Clause: Evasion moves are banned\n|rule|Species Clause: Limit one of each Pok\u00e9mon\n|rule|Dynamax Clause: You cannot dynamax\n|rule|Sleep Clause Mod: Limit one foe put to sleep\n|clearpoke\n|poke|p1|Azumarill, M|\n|poke|p1|Aggron, F|\n|poke|p1|Hydreigon, M|\n|poke|p1|Gliscor, M|\n|poke|p1|Magnezone|\n|poke|p1|Tapu Bulu|\n|poke|p2|Greninja, F|\n|poke|p2|Weavile, M|\n|poke|p2|Charizard, M|\n|poke|p2|Nihilego|\n|poke|p2|Kartana|\n|poke|p2|Tapu Lele|\n|teampreview\n|inactive|Battle timer is ON: inactive players will automatically lose when time's up. (requested by genghis mons)\n|c|\u2606ChandosH|o cool team\n|\n|t:|1666683511\n|start\n|switch|p1a: Hydreigon|Hydreigon, M|100\/100\n|switch|p2a: Greninja|Greninja, F|100\/100\n|turn|1\n|c|\u2606genghis mons|ty\n|c|\u2606genghis mons|u2\n|c|\u2606ChandosH|thanks\n|c|\u2606genghis mons|like the nihilego\n|inactive|genghis mons has 120 seconds left.\n|\n|t:|1666683548\n|move|p1a: Hydreigon|U-turn|p2a: Greninja\n|-supereffective|p2a: Greninja\n|-damage|p2a: Greninja|47\/100\n|\n|t:|1666683551\n|switch|p1a: Tapu Bulu|Tapu Bulu|100\/100|[from]move: U-turn\n|-fieldstart|move: Grassy Terrain|[from] ability: Grassy Surge|[of] p1a: Tapu Bulu\n|move|p2a: Greninja|Spikes|p1a: Tapu Bulu\n|-start|p2a: Greninja|typechange|Ground|[from] ability: Protean\n|-sidestart|p1: genghis mons|Spikes\n|\n|-heal|p2a: Greninja|53\/100|[from] Grassy Terrain\n|upkeep\n|turn|2\n|c|\u2606ChandosH|yeah its alright\n|inactive|genghis mons has 120 seconds left.\n|\n|t:|1666683570\n|move|p2a: Greninja|Spikes|p1a: Tapu Bulu\n|-sidestart|p1: genghis mons|Spikes\n|move|p1a: Tapu Bulu|Horn Leech|p2a: Greninja\n|-supereffective|p2a: Greninja\n|-damage|p2a: Greninja|0 fnt\n|faint|p2a: Greninja\n|\n|upkeep\n|inactive|ChandosH has 120 seconds left.\n|\n|t:|1666683591\n|switch|p2a: Charizard|Charizard, M|100\/100\n|turn|3\n|\n|t:|1666683599\n|switch|p1a: Hydreigon|Hydreigon, M|100\/100\n|detailschange|p2a: Charizard|Charizard-Mega-X, M\n|-mega|p2a: Charizard|Charizard|Charizardite X\n|move|p2a: Charizard|Flare Blitz|p1a: Hydreigon\n|-resisted|p1a: Hydreigon\n|-damage|p1a: Hydreigon|53\/100\n|-damage|p2a: Charizard|84\/100|[from] Recoil\n|\n|-heal|p2a: Charizard|90\/100|[from] Grassy Terrain\n|upkeep\n|turn|4\n|\n|t:|1666683607\n|switch|p2a: Tapu Lele|Tapu Lele|100\/100\n|-fieldstart|move: Psychic Terrain|[from] ability: Psychic Surge|[of] p2a: Tapu Lele\n|move|p1a: Hydreigon|Draco Meteor|p2a: Tapu Lele\n|-immune|p2a: Tapu Lele\n|\n|upkeep\n|turn|5\n|\n|t:|1666683621\n|switch|p1a: Tapu Bulu|Tapu Bulu|100\/100\n|-damage|p1a: Tapu Bulu|84\/100|[from] Spikes\n|-fieldstart|move: Grassy Terrain|[from] ability: Grassy Surge|[of] p1a: Tapu Bulu\n|move|p2a: Tapu Lele|Focus Blast|p1a: Tapu Bulu\n|-resisted|p1a: Tapu Bulu\n|-damage|p1a: Tapu Bulu|58\/100\n|\n|-heal|p1a: Tapu Bulu|65\/100|[from] Grassy Terrain\n|-heal|p1a: Tapu Bulu|71\/100|[from] item: Leftovers\n|upkeep\n|turn|6\n|inactive|genghis mons has 120 seconds left.\n|\n|t:|1666683645\n|switch|p2a: Kartana|Kartana|100\/100\n|move|p1a: Tapu Bulu|Stone Edge|p2a: Kartana\n|-resisted|p2a: Kartana\n|-damage|p2a: Kartana|82\/100\n|\n|-heal|p2a: Kartana|88\/100|[from] Grassy Terrain\n|-heal|p1a: Tapu Bulu|77\/100|[from] Grassy Terrain\n|-heal|p1a: Tapu Bulu|83\/100|[from] item: Leftovers\n|upkeep\n|turn|7\n|\n|t:|1666683654\n|switch|p2a: Charizard|Charizard-Mega-X, M|90\/100\n|switch|p1a: Magnezone|Magnezone|100\/100\n|-damage|p1a: Magnezone|84\/100|[from] Spikes\n|\n|-heal|p2a: Charizard|96\/100|[from] Grassy Terrain\n|-heal|p1a: Magnezone|90\/100|[from] Grassy Terrain\n|upkeep\n|turn|8\n|\n|t:|1666683666\n|switch|p1a: Gliscor|Gliscor, M|100\/100\n|move|p2a: Charizard|Dragon Claw|p1a: Gliscor\n|-crit|p1a: Gliscor\n|-damage|p1a: Gliscor|46\/100\n|\n|-heal|p2a: Charizard|100\/100|[from] Grassy Terrain\n|-status|p1a: Gliscor|tox|[from] item: Toxic Orb\n|upkeep\n|turn|9\n|\n|t:|1666683675\n|move|p2a: Charizard|Flare Blitz|p1a: Gliscor\n|-damage|p1a: Gliscor|0 fnt\n|faint|p1a: Gliscor\n|-damage|p2a: Charizard|83\/100|[from] Recoil\n|\n|-heal|p2a: Charizard|89\/100|[from] Grassy Terrain\n|-fieldend|move: Grassy Terrain\n|upkeep\n|\n|t:|1666683687\n|switch|p1a: Azumarill|Azumarill, M|100\/100\n|-damage|p1a: Azumarill|84\/100|[from] Spikes\n|turn|10\n|inactive|ChandosH has 120 seconds left.\n|\n|t:|1666683722\n|switch|p2a: Tapu Lele|Tapu Lele|100\/100\n|-fieldstart|move: Psychic Terrain|[from] ability: Psychic Surge|[of] p2a: Tapu Lele\n|move|p1a: Azumarill|Liquidation|p2a: Tapu Lele\n|-damage|p2a: Tapu Lele|0 fnt\n|faint|p2a: Tapu Lele\n|\n|upkeep\n|inactive|ChandosH has 120 seconds left.\n|c|\u2606ChandosH|o that has to be cb\n|inactive|ChandosH has 90 seconds left.\n|\n|t:|1666683776\n|switch|p2a: Nihilego|Nihilego|100\/100\n|turn|11\n|\n|t:|1666683789\n|switch|p1a: Aggron|Aggron, F|100\/100\n|-damage|p1a: Aggron|84\/100|[from] Spikes\n|move|p2a: Nihilego|Meteor Beam||[still]\n|-prepare|p2a: Nihilego|Meteor Beam\n|-boost|p2a: Nihilego|spa|1\n|-enditem|p2a: Nihilego|Power Herb\n|-anim|p2a: Nihilego|Meteor Beam|p1a: Aggron\n|-resisted|p1a: Aggron\n|-damage|p1a: Aggron|36\/100\n|\n|upkeep\n|turn|12\n|\n|t:|1666683802\n|detailschange|p1a: Aggron|Aggron-Mega, F\n|-mega|p1a: Aggron|Aggron|Aggronite\n|move|p2a: Nihilego|Thunderbolt|p1a: Aggron\n|-damage|p1a: Aggron|0 fnt\n|faint|p1a: Aggron\n|-ability|p2a: Nihilego|Beast Boost|boost\n|-boost|p2a: Nihilego|spe|1\n|\n|upkeep\n|\n|t:|1666683817\n|switch|p1a: Magnezone|Magnezone|90\/100\n|-damage|p1a: Magnezone|74\/100|[from] Spikes\n|turn|13\n|c|\u2606ChandosH|time to show the rare HP ground lmao\n|inactive|ChandosH has 60 seconds left.\n|\n|t:|1666683850\n|move|p2a: Nihilego|Thunderbolt|p1a: Magnezone\n|-resisted|p1a: Magnezone\n|-damage|p1a: Magnezone|44\/100\n|-zpower|p1a: Magnezone\n|move|p1a: Magnezone|Gigavolt Havoc|p2a: Nihilego|[zeffect]\n|-damage|p2a: Nihilego|27\/100\n|\n|upkeep\n|turn|14\n|inactive|ChandosH has 60 seconds left.\n|\n|t:|1666683861\n|move|p2a: Nihilego|Thunderbolt|p1a: Magnezone\n|-resisted|p1a: Magnezone\n|-damage|p1a: Magnezone|17\/100\n|move|p1a: Magnezone|Flash Cannon|p2a: Nihilego\n|-supereffective|p2a: Nihilego\n|-damage|p2a: Nihilego|0 fnt\n|faint|p2a: Nihilego\n|\n|-fieldend|move: Psychic Terrain\n|upkeep\n|inactive|ChandosH has 60 seconds left.\n|\n|t:|1666683890\n|switch|p2a: Kartana|Kartana|88\/100\n|turn|15\n|\n|t:|1666683908\n|switch|p1a: Tapu Bulu|Tapu Bulu|83\/100\n|-damage|p1a: Tapu Bulu|67\/100|[from] Spikes\n|-fieldstart|move: Grassy Terrain|[from] ability: Grassy Surge|[of] p1a: Tapu Bulu\n|move|p2a: Kartana|Leaf Blade|p1a: Tapu Bulu\n|-resisted|p1a: Tapu Bulu\n|-damage|p1a: Tapu Bulu|23\/100\n|\n|-heal|p2a: Kartana|94\/100|[from] Grassy Terrain\n|-heal|p1a: Tapu Bulu|29\/100|[from] Grassy Terrain\n|-heal|p1a: Tapu Bulu|35\/100|[from] item: Leftovers\n|upkeep\n|turn|16\n|\n|t:|1666683920\n|move|p2a: Kartana|Leaf Blade|p1a: Tapu Bulu\n|-resisted|p1a: Tapu Bulu\n|-damage|p1a: Tapu Bulu|0 fnt\n|faint|p1a: Tapu Bulu\n|-ability|p2a: Kartana|Beast Boost|boost\n|-boost|p2a: Kartana|atk|1\n|\n|-heal|p2a: Kartana|100\/100|[from] Grassy Terrain\n|upkeep\n|\n|t:|1666683926\n|switch|p1a: Hydreigon|Hydreigon, M|53\/100\n|turn|17\n|c|\u2606ChandosH|Gg?\n|inactive|ChandosH has 60 seconds left.\n|\n|t:|1666683939\n|move|p2a: Kartana|Leaf Blade|p1a: Hydreigon\n|-resisted|p1a: Hydreigon\n|-damage|p1a: Hydreigon|0 fnt\n|faint|p1a: Hydreigon\n|-ability|p2a: Kartana|Beast Boost|boost\n|-boost|p2a: Kartana|atk|1\n|\n|upkeep\n|c|\u2606genghis mons|gg\n|-message|genghis mons forfeited.\n|\n|win|ChandosH\n|raw|genghis mons's rating: 1395 &rarr; <strong>1381<\/strong><br \/>(-14 for losing)\n|raw|ChandosH's rating: 1512 &rarr; <strong>1526<\/strong><br \/>(+14 for winning)\n|l|\u2606genghis mons\n|c|\u2606ChandosH|this was a pretty cool game\n","uploadtime":1666683954,"views":3,"p1id":"genghismons","p2id":"chandosh","formatid":"gen8nationaldex","rating":1381,"private":0,"password":null}