{"id":"gen8nationaldex-1436478935","p1":"Lameflame","p2":"Benjamin Gilbert","format":"gen8nationaldex","log":"|j|\u2606Lameflame\n|j|\u2606Benjamin Gilbert\n|t:|1634392553\n|gametype|singles\n|player|p1|Lameflame|sabrina-gen2|1735\n|player|p2|Benjamin Gilbert|101|1732\n|teamsize|p1|6\n|teamsize|p2|6\n|gen|8\n|tier|[Gen 8] National Dex\n|rated|\n|rule|HP Percentage Mod: HP is shown in percentages\n|rule|Endless Battle Clause: Forcing endless battles is banned\n|rule|OHKO Clause: OHKO moves are banned\n|rule|Evasion Moves Clause: Evasion moves are banned\n|rule|Species Clause: Limit one of each Pok\u00e9mon\n|rule|Dynamax Clause: You cannot dynamax\n|rule|Sleep Clause Mod: Limit one foe put to sleep\n|clearpoke\n|poke|p1|Landorus-Therian, M|\n|poke|p1|Grimmsnarl, M|\n|poke|p1|Garchomp, M|\n|poke|p1|Mew|\n|poke|p1|Volcarona, M|\n|poke|p1|Dragonite, F|\n|poke|p2|Garchomp, F|\n|poke|p2|Toxapex, F|\n|poke|p2|Skarmory, F|\n|poke|p2|Zapdos|\n|poke|p2|Clefable, M|\n|poke|p2|Aegislash, F|\n|teampreview\n|j| Wockhardt Ltd\n|c|\u2606Lameflame|hf\n|c|\u2606Benjamin Gilbert|u2\n|\n|t:|1634392593\n|start\n|switch|p1a: Landorus|Landorus-Therian, M, shiny|100\/100\n|switch|p2a: Clefable|Clefable, M|100\/100\n|-ability|p1a: Landorus|Intimidate|boost\n|-unboost|p2a: Clefable|atk|1\n|turn|1\n|\n|t:|1634392596\n|move|p1a: Landorus|Earthquake|p2a: Clefable\n|-damage|p2a: Clefable|60\/100\n|move|p2a: Clefable|Knock Off|p1a: Landorus\n|-damage|p1a: Landorus|89\/100\n|-enditem|p1a: Landorus|Focus Sash|[from] move: Knock Off|[of] p2a: Clefable\n|\n|-heal|p2a: Clefable|66\/100|[from] item: Leftovers\n|upkeep\n|turn|2\n|\n|t:|1634392599\n|move|p1a: Landorus|Stealth Rock|p2a: Clefable\n|-sidestart|p2: Benjamin Gilbert|move: Stealth Rock\n|move|p2a: Clefable|Soft-Boiled|p2a: Clefable\n|-heal|p2a: Clefable|100\/100\n|\n|upkeep\n|turn|3\n|\n|t:|1634392601\n|switch|p2a: Skarmory|Skarmory, F|100\/100\n|-damage|p2a: Skarmory|88\/100|[from] Stealth Rock\n|move|p1a: Landorus|Swords Dance|p1a: Landorus\n|-boost|p1a: Landorus|atk|2\n|\n|upkeep\n|turn|4\n|\n|t:|1634392604\n|move|p1a: Landorus|Explosion|p2a: Skarmory\n|-resisted|p2a: Skarmory\n|-damage|p2a: Skarmory|32\/100\n|faint|p1a: Landorus\n|move|p2a: Skarmory|Iron Defense|p2a: Skarmory\n|-boost|p2a: Skarmory|def|2\n|\n|upkeep\n|\n|t:|1634392606\n|switch|p1a: Volcarona|Volcarona, M|100\/100\n|turn|5\n|\n|t:|1634392610\n|move|p1a: Volcarona|Quiver Dance|p1a: Volcarona\n|-boost|p1a: Volcarona|spa|1\n|-boost|p1a: Volcarona|spd|1\n|-boost|p1a: Volcarona|spe|1\n|move|p2a: Skarmory|Body Press|p1a: Volcarona\n|-resisted|p1a: Volcarona\n|-damage|p1a: Volcarona|52\/100\n|\n|upkeep\n|turn|6\n|\n|t:|1634392616\n|move|p1a: Volcarona|Fiery Dance|p2a: Skarmory\n|-supereffective|p2a: Skarmory\n|-damage|p2a: Skarmory|0 fnt\n|faint|p2a: Skarmory\n|\n|upkeep\n|\n|t:|1634392623\n|switch|p2a: Garchomp|Garchomp, F|100\/100\n|-damage|p2a: Garchomp|94\/100|[from] Stealth Rock\n|turn|7\n|\n|t:|1634392626\n|detailschange|p2a: Garchomp|Garchomp-Mega, F\n|-mega|p2a: Garchomp|Garchomp|Garchompite\n|-zpower|p1a: Volcarona\n|move|p1a: Volcarona|Shattered Psyche|p2a: Garchomp|[zeffect]\n|-damage|p2a: Garchomp|0 fnt\n|faint|p2a: Garchomp\n|\n|upkeep\n|\n|t:|1634392633\n|switch|p2a: Toxapex|Toxapex, F|100\/100\n|-damage|p2a: Toxapex|88\/100|[from] Stealth Rock\n|turn|8\n|\n|t:|1634392635\n|move|p1a: Volcarona|Psychic|p2a: Toxapex\n|-supereffective|p2a: Toxapex\n|-damage|p2a: Toxapex|30\/100\n|move|p2a: Toxapex|Haze|p2a: Toxapex\n|-clearallboost\n|\n|-heal|p2a: Toxapex|36\/100|[from] item: Black Sludge\n|upkeep\n|turn|9\n|\n|t:|1634392637\n|move|p1a: Volcarona|Psychic|p2a: Toxapex\n|-supereffective|p2a: Toxapex\n|-damage|p2a: Toxapex|0 fnt\n|faint|p2a: Toxapex\n|\n|upkeep\n|\n|t:|1634392643\n|switch|p2a: Aegislash|Aegislash, F|100\/100\n|-damage|p2a: Aegislash|94\/100|[from] Stealth Rock\n|turn|10\n|\n|t:|1634392644\n|move|p1a: Volcarona|Fiery Dance|p2a: Aegislash\n|-supereffective|p2a: Aegislash\n|-damage|p2a: Aegislash|39\/100\n|-boost|p1a: Volcarona|spa|1\n|move|p2a: Aegislash|Toxic|p1a: Volcarona\n|-status|p1a: Volcarona|tox\n|\n|-heal|p2a: Aegislash|45\/100|[from] item: Leftovers\n|-damage|p1a: Volcarona|46\/100 tox|[from] psn\n|upkeep\n|turn|11\n|\n|t:|1634392649\n|move|p2a: Aegislash|King's Shield|p2a: Aegislash\n|-singleturn|p2a: Aegislash|Protect\n|move|p1a: Volcarona|Fiery Dance|p2a: Aegislash\n|-activate|p2a: Aegislash|move: Protect\n|\n|-heal|p2a: Aegislash|51\/100|[from] item: Leftovers\n|-damage|p1a: Volcarona|33\/100 tox|[from] psn\n|upkeep\n|turn|12\n|\n|t:|1634392652\n|move|p2a: Aegislash|King's Shield||[still]\n|-fail|p2a: Aegislash\n|move|p1a: Volcarona|Fiery Dance|p2a: Aegislash\n|-supereffective|p2a: Aegislash\n|-damage|p2a: Aegislash|0 fnt\n|faint|p2a: Aegislash\n|\n|-damage|p1a: Volcarona|15\/100 tox|[from] psn\n|upkeep\n|j| Carlinss\n|-message|Benjamin Gilbert forfeited.\n|\n|win|Lameflame\n|raw|Lameflame's rating: 1735 &rarr; <strong>1755<\/strong><br \/>(+20 for winning)\n|raw|Benjamin Gilbert's rating: 1732 &rarr; <strong>1712<\/strong><br \/>(-20 for losing)\n|l|\u2606Benjamin Gilbert\n|l| Wockhardt Ltd\n|l| Carlinss\n","uploadtime":1634392663,"views":36,"p1id":"lameflame","p2id":"benjamingilbert","formatid":"gen8nationaldex","rating":1712,"private":0,"password":null}