{"id":"gen8randombattle-1400396342","p1":"uuuuiiii","p2":"Johhny Bravo 2.0","format":"gen8randombattle","log":"|j|\u2606uuuuiiii\n|j|\u2606Johhny Bravo 2.0\n|t:|1629479462\n|gametype|singles\n|player|p1|uuuuiiii|2|1943\n|player|p2|Johhny Bravo 2.0|swimmer-gen4dp|1925\n|teamsize|p1|6\n|teamsize|p2|6\n|gen|8\n|tier|[Gen 8] Random Battle\n|rated|\n|rule|Species Clause: Limit one of each Pok\u00e9mon\n|rule|HP Percentage Mod: HP is shown in percentages\n|rule|Sleep Clause Mod: Limit one foe put to sleep\n|\n|t:|1629479462\n|start\n|switch|p1a: Lunala|Lunala, L72|316\/316\n|switch|p2a: Moltres|Moltres, L80|275\/275\n|turn|1\n|\n|t:|1629479475\n|move|p2a: Moltres|U-turn|p1a: Lunala\n|-damage|p1a: Lunala|291\/316\n|\n|t:|1629479479\n|switch|p2a: Shiftry|Shiftry, L86, F|295\/295\n|move|p1a: Lunala|Moongeist Beam|p2a: Shiftry\n|-resisted|p2a: Shiftry\n|-damage|p2a: Shiftry|233\/295\n|\n|-heal|p1a: Lunala|310\/316|[from] item: Leftovers\n|upkeep\n|turn|2\n|\n|t:|1629479491\n|switch|p1a: Klinklang|Klinklang, L84|238\/238\n|move|p2a: Shiftry|Dark Pulse|p1a: Klinklang\n|-damage|p1a: Klinklang|117\/238\n|-damage|p2a: Shiftry|204\/295|[from] item: Life Orb\n|\n|-heal|p1a: Klinklang|131\/238|[from] item: Leftovers\n|upkeep\n|turn|3\n|\n|t:|1629479525\n|switch|p2a: Turtonator|Turtonator, L84, M|238\/238\n|move|p1a: Klinklang|Shift Gear|p1a: Klinklang\n|-boost|p1a: Klinklang|spe|2\n|-boost|p1a: Klinklang|atk|1\n|\n|-heal|p1a: Klinklang|145\/238|[from] item: Leftovers\n|upkeep\n|turn|4\n|\n|t:|1629479535\n|move|p1a: Klinklang|Gear Grind|p2a: Turtonator\n|-resisted|p2a: Turtonator\n|-damage|p2a: Turtonator|209\/238\n|-resisted|p2a: Turtonator\n|-damage|p2a: Turtonator|181\/238\n|-hitcount|p2a: Turtonator|2\n|move|p2a: Turtonator|Earthquake|p1a: Klinklang\n|-supereffective|p1a: Klinklang\n|-damage|p1a: Klinklang|55\/238\n|\n|-heal|p1a: Klinklang|69\/238|[from] item: Leftovers\n|upkeep\n|turn|5\n|\n|t:|1629479548\n|move|p1a: Klinklang|Gear Grind|p2a: Turtonator\n|-resisted|p2a: Turtonator\n|-damage|p2a: Turtonator|154\/238\n|-resisted|p2a: Turtonator\n|-damage|p2a: Turtonator|124\/238\n|-hitcount|p2a: Turtonator|2\n|move|p2a: Turtonator|Earthquake|p1a: Klinklang\n|-supereffective|p1a: Klinklang\n|-damage|p1a: Klinklang|0 fnt\n|faint|p1a: Klinklang\n|\n|upkeep\n|\n|t:|1629479553\n|switch|p1a: Exploud|Exploud, L84, F|312\/312\n|turn|6\n|\n|t:|1629479563\n|move|p1a: Exploud|Boomburst|p2a: Turtonator\n|-damage|p2a: Turtonator|0 fnt\n|faint|p2a: Turtonator\n|\n|upkeep\n|\n|t:|1629479568\n|switch|p2a: Rhydon|Rhydon, L87, F|324\/324\n|turn|7\n|\n|t:|1629479573\n|switch|p1a: Celebi|Celebi, L82|298\/298\n|move|p2a: Rhydon|Stealth Rock|p1a: Celebi\n|-sidestart|p1: uuuuiiii|move: Stealth Rock\n|\n|upkeep\n|turn|8\n|\n|t:|1629479584\n|move|p1a: Celebi|Nasty Plot|p1a: Celebi\n|-boost|p1a: Celebi|spa|2\n|move|p2a: Rhydon|Megahorn|p1a: Celebi\n|-supereffective|p1a: Celebi\n|-damage|p1a: Celebi|0 fnt\n|faint|p1a: Celebi\n|\n|upkeep\n|\n|t:|1629479590\n|switch|p1a: Exploud|Exploud, L84, F|312\/312\n|-damage|p1a: Exploud|273\/312|[from] Stealth Rock\n|turn|9\n|\n|t:|1629479595\n|switch|p2a: Latias|Latias, L80, F|259\/259\n|move|p1a: Exploud|Surf|p2a: Latias\n|-resisted|p2a: Latias\n|-damage|p2a: Latias|223\/259\n|\n|-heal|p2a: Latias|239\/259|[from] item: Leftovers\n|upkeep\n|turn|10\n|-message|uuuuiiii forfeited.\n|\n|win|Johhny Bravo 2.0\n|raw|uuuuiiii's rating: 1943 &rarr; <strong>1922<\/strong><br \/>(-21 for losing)\n|raw|Johhny Bravo 2.0's rating: 1925 &rarr; <strong>1946<\/strong><br \/>(+21 for winning)\n|l|\u2606uuuuiiii\n||Ladder isn't responding, score probably updated but might not have (Request timeout).\n","inputlog":">version 5281f3bac3790997a528e6508054baa7940ef247\n>start {\"formatid\":\"gen8randombattle\",\"seed\":[55247,65312,45466,10914],\"rated\":\"Rated battle\"}\n>player p1 {\"name\":\"uuuuiiii\",\"avatar\":\"2\",\"rating\":1943,\"seed\":[32959,49795,4928,46358]}\n>player p2 {\"name\":\"Johhny Bravo 2.0\",\"avatar\":\"swimmer-gen4dp\",\"rating\":1925,\"seed\":[734,12257,21416,2695]}\n>p1 move moongeistbeam\n>p2 move uturn\n>p2 switch 3\n>p1 switch 3\n>p2 move darkpulse\n>p1 move shiftgear\n>p2 switch 5\n>p1 move geargrind\n>p2 move earthquake\n>p1 move geargrind\n>p2 move earthquake\n>p1 switch 2\n>p1 move boomburst\n>p2 move fireblast\n>p2 switch 2\n>p1 switch 5\n>p2 move stealthrock\n>p1 move nastyplot\n>p2 move megahorn\n>p1 switch 5\n>p1 move surf\n>p2 switch 4\n>forcelose p1","uploadtime":1629479604,"views":6,"p1id":"uuuuiiii","p2id":"johhnybravo20","formatid":"gen8randombattle","rating":1922,"private":0,"password":null}