{"id":"gen8ou-1557044809","p1":"Upward Trend","p2":"Infernoss","format":"gen8ou","log":"|j|\u2606Upward Trend\n|j|\u2606Infernoss\n|t:|1650405709\n|gametype|singles\n|player|p1|Upward Trend|lance-gen2|1713\n|player|p2|Infernoss|blue|1798\n|teamsize|p1|6\n|teamsize|p2|6\n|gen|8\n|tier|[Gen 8] OU\n|rated|\n|rule|Sleep Clause Mod: Limit one foe put to sleep\n|rule|Species Clause: Limit one of each Pok\u00e9mon\n|rule|OHKO Clause: OHKO moves are banned\n|rule|Evasion Moves Clause: Evasion moves are banned\n|rule|Endless Battle Clause: Forcing endless battles is banned\n|rule|HP Percentage Mod: HP is shown in percentages\n|rule|Dynamax Clause: You cannot dynamax\n|clearpoke\n|poke|p1|Zapdos|\n|poke|p1|Weavile, F|\n|poke|p1|Kartana|\n|poke|p1|Landorus-Therian, M|\n|poke|p1|Volcanion|\n|poke|p1|Melmetal|\n|poke|p2|Marowak-Alola, M|\n|poke|p2|Slowbro, M|\n|poke|p2|Hatterene, F|\n|poke|p2|Garchomp, M|\n|poke|p2|Ferrothorn, M|\n|poke|p2|Drampa, M|\n|teampreview\n|j| forfeitermen\n|inactive|Battle timer is ON: inactive players will automatically lose when time's up. (requested by Upward Trend)\n|\n|t:|1650405723\n|start\n|switch|p1a: Weavile|Weavile, F|100\/100\n|switch|p2a: Sonso|Slowbro, M|100\/100\n|turn|1\n|\n|t:|1650405728\n|move|p1a: Weavile|Beat Up|p2a: Sonso\n|-supereffective|p2a: Sonso\n|-enditem|p2a: Sonso|Colbur Berry|[eat]\n|-enditem|p2a: Sonso|Colbur Berry|[weaken]\n|-damage|p2a: Sonso|93\/100\n|-supereffective|p2a: Sonso\n|-damage|p2a: Sonso|80\/100\n|-supereffective|p2a: Sonso\n|-damage|p2a: Sonso|60\/100\n|-supereffective|p2a: Sonso\n|-damage|p2a: Sonso|43\/100\n|-supereffective|p2a: Sonso\n|-damage|p2a: Sonso|28\/100\n|-supereffective|p2a: Sonso\n|-damage|p2a: Sonso|9\/100\n|-hitcount|p2a: Sonso|6\n|move|p2a: Sonso|Body Press|p1a: Weavile\n|-supereffective|p1a: Weavile\n|-damage|p1a: Weavile|0 fnt\n|faint|p1a: Weavile\n|\n|upkeep\n|\n|t:|1650405742\n|switch|p1a: Landorus|Landorus-Therian, M|100\/100\n|-ability|p1a: Landorus|Intimidate|boost\n|-unboost|p2a: Sonso|atk|1\n|turn|2\n|\n|t:|1650405747\n|switch|p2a: Thorns|Ferrothorn, M|100\/100\n|move|p1a: Landorus|Earthquake|p2a: Thorns\n|-damage|p2a: Thorns|63\/100\n|\n|-heal|p2a: Thorns|69\/100|[from] item: Leftovers\n|upkeep\n|turn|3\n|\n|t:|1650405758\n|move|p1a: Landorus|Earthquake|p2a: Thorns\n|-damage|p2a: Thorns|33\/100\n|move|p2a: Thorns|Leech Seed|p1a: Landorus\n|-start|p1a: Landorus|move: Leech Seed\n|\n|-heal|p2a: Thorns|39\/100|[from] item: Leftovers\n|-damage|p1a: Landorus|88\/100|[from] Leech Seed|[of] p2a: Thorns\n|-heal|p2a: Thorns|51\/100|[silent]\n|upkeep\n|turn|4\n|\n|t:|1650405765\n|move|p1a: Landorus|Earthquake|p2a: Thorns\n|-damage|p2a: Thorns|14\/100\n|move|p2a: Thorns|Stealth Rock|p1a: Landorus\n|-sidestart|p1: Upward Trend|move: Stealth Rock\n|\n|-heal|p1a: Landorus|94\/100|[from] item: Leftovers\n|-heal|p2a: Thorns|21\/100|[from] item: Leftovers\n|-damage|p1a: Landorus|82\/100|[from] Leech Seed|[of] p2a: Thorns\n|-heal|p2a: Thorns|33\/100|[silent]\n|upkeep\n|turn|5\n|\n|t:|1650405777\n|switch|p2a: Sonso|Slowbro, M|43\/100\n|move|p1a: Landorus|Earthquake|p2a: Sonso\n|-damage|p2a: Sonso|16\/100\n|\n|-heal|p1a: Landorus|88\/100|[from] item: Leftovers\n|-damage|p1a: Landorus|76\/100|[from] Leech Seed|[of] p2a: Sonso\n|-heal|p2a: Sonso|27\/100|[silent]\n|upkeep\n|turn|6\n|\n|t:|1650405785\n|switch|p2a: Thorns|Ferrothorn, M|33\/100\n|move|p1a: Landorus|Earthquake|p2a: Thorns\n|-damage|p2a: Thorns|0 fnt\n|faint|p2a: Thorns\n|\n|-heal|p1a: Landorus|82\/100|[from] item: Leftovers\n|upkeep\n|\n|t:|1650405792\n|switch|p2a: Sonso|Slowbro, M|60\/100\n|turn|7\n|\n|t:|1650405797\n|move|p1a: Landorus|Defog|p2a: Sonso\n|-unboost|p2a: Sonso|evasion|1\n|-sideend|p1: Upward Trend|Stealth Rock|[from] move: Defog|[of] p1a: Landorus\n|move|p2a: Sonso|Trick Room|p2a: Sonso\n|-fieldstart|move: Trick Room|[of] p2a: Sonso\n|\n|-heal|p1a: Landorus|88\/100|[from] item: Leftovers\n|-damage|p1a: Landorus|76\/100|[from] Leech Seed|[of] p2a: Sonso\n|-heal|p2a: Sonso|71\/100|[silent]\n|upkeep\n|turn|8\n|\n|t:|1650405805\n|switch|p2a: Falkor|Drampa, M|100\/100\n|move|p1a: Landorus|U-turn|p2a: Falkor\n|-damage|p2a: Falkor|78\/100\n|\n|t:|1650405809\n|switch|p1a: Melmetal|Melmetal, shiny|100\/100|[from]move: U-turn\n|\n|upkeep\n|turn|9\n|\n|t:|1650405828\n|switch|p2a: Billy B.|Marowak-Alola, M, shiny|100\/100\n|move|p1a: Melmetal|Double Iron Bash|p2a: Billy B.\n|-resisted|p2a: Billy B.\n|-damage|p2a: Billy B.|84\/100\n|-resisted|p2a: Billy B.\n|-damage|p2a: Billy B.|67\/100\n|-hitcount|p2a: Billy B.|2\n|\n|upkeep\n|turn|10\n|j| MoonWeasel\n|\n|t:|1650405836\n|switch|p1a: Landorus|Landorus-Therian, M|76\/100\n|-ability|p1a: Landorus|Intimidate|boost\n|-unboost|p2a: Billy B.|atk|1\n|move|p2a: Billy B.|Flare Blitz|p1a: Landorus\n|-damage|p1a: Landorus|10\/100\n|\n|-heal|p1a: Landorus|16\/100|[from] item: Leftovers\n|upkeep\n|turn|11\n|\n|t:|1650405846\n|switch|p2a: Sonso|Slowbro, M|100\/100\n|move|p1a: Landorus|Stealth Rock|p2a: Sonso\n|-sidestart|p2: Infernoss|move: Stealth Rock\n|\n|-heal|p1a: Landorus|22\/100|[from] item: Leftovers\n|-fieldend|move: Trick Room\n|upkeep\n|turn|12\n|\n|t:|1650405852\n|move|p1a: Landorus|U-turn|p2a: Sonso\n|-supereffective|p2a: Sonso\n|-damage|p2a: Sonso|76\/100\n|l| MoonWeasel\n|\n|t:|1650405860\n|switch|p1a: Volcanion|Volcanion|100\/100|[from]move: U-turn\n|move|p2a: Sonso|Trick Room|p2a: Sonso\n|-fieldstart|move: Trick Room|[of] p2a: Sonso\n|\n|upkeep\n|turn|13\n|\n|t:|1650405865\n|switch|p2a: Falkor|Drampa, M|78\/100\n|-damage|p2a: Falkor|66\/100|[from] Stealth Rock\n|move|p1a: Volcanion|Sludge Bomb|p2a: Falkor\n|-damage|p2a: Falkor|29\/100\n|-status|p2a: Falkor|psn\n|-ability|p2a: Falkor|Berserk|boost\n|-boost|p2a: Falkor|spa|1\n|\n|-damage|p2a: Falkor|17\/100 psn|[from] psn\n|upkeep\n|turn|14\n|\n|t:|1650405875\n|move|p2a: Falkor|Thunderbolt|p1a: Volcanion\n|-supereffective|p1a: Volcanion\n|-damage|p1a: Volcanion|0 fnt\n|faint|p1a: Volcanion\n|\n|-damage|p2a: Falkor|5\/100 psn|[from] psn\n|upkeep\n|\n|t:|1650405882\n|switch|p1a: Melmetal|Melmetal, shiny|100\/100\n|turn|15\n|\n|t:|1650405886\n|move|p2a: Falkor|Focus Blast|p1a: Melmetal\n|-supereffective|p1a: Melmetal\n|-damage|p1a: Melmetal|0 fnt\n|faint|p1a: Melmetal\n|\n|-damage|p2a: Falkor|0 fnt|[from] psn\n|faint|p2a: Falkor\n|upkeep\n|\n|t:|1650405893\n|switch|p2a: Gorra|Hatterene, F, shiny|100\/100\n|switch|p1a: Landorus|Landorus-Therian, M|22\/100\n|-damage|p2a: Gorra|88\/100|[from] Stealth Rock\n|-ability|p1a: Landorus|Intimidate|boost\n|-unboost|p2a: Gorra|atk|1\n|turn|16\n|\n|t:|1650405900\n|switch|p1a: Kartana|Kartana|100\/100\n|move|p2a: Gorra|Draining Kiss|p1a: Kartana\n|-resisted|p1a: Kartana\n|-damage|p1a: Kartana|68\/100\n|-heal|p2a: Gorra|100\/100|[from] drain|[of] p1a: Kartana\n|\n|-fieldend|move: Trick Room\n|upkeep\n|turn|17\n|j| 50 at max\n|\n|t:|1650405907\n|move|p1a: Kartana|Leaf Blade|p2a: Gorra\n|-damage|p2a: Gorra|34\/100\n|move|p2a: Gorra|Trick Room|p2a: Gorra\n|-fieldstart|move: Trick Room|[of] p2a: Gorra\n|\n|upkeep\n|turn|18\n|\n|t:|1650405914\n|switch|p1a: Zapdos|Zapdos|100\/100\n|move|p2a: Gorra|Mystical Fire|p1a: Zapdos\n|-damage|p1a: Zapdos|75\/100\n|-unboost|p1a: Zapdos|spa|1\n|\n|upkeep\n|turn|19\n|\n|t:|1650405922\n|move|p2a: Gorra|Mystical Fire|p1a: Zapdos\n|-damage|p1a: Zapdos|50\/100\n|-unboost|p1a: Zapdos|spa|1\n|move|p1a: Zapdos|Roost|p1a: Zapdos\n|-heal|p1a: Zapdos|100\/100\n|-singleturn|p1a: Zapdos|move: Roost\n|\n|upkeep\n|turn|20\n|\n|t:|1650405949\n|move|p2a: Gorra|Mystical Fire|p1a: Zapdos\n|-damage|p1a: Zapdos|75\/100\n|-unboost|p1a: Zapdos|spa|1\n|move|p1a: Zapdos|Volt Switch|p2a: Gorra\n|-damage|p2a: Gorra|22\/100\n|\n|t:|1650405952\n|switch|p1a: Landorus|Landorus-Therian, M|22\/100|[from]move: Volt Switch\n|-ability|p1a: Landorus|Intimidate|boost\n|-unboost|p2a: Gorra|atk|1\n|\n|-heal|p1a: Landorus|28\/100|[from] item: Leftovers\n|upkeep\n|turn|21\n|j| Nesnot\n|\n|t:|1650405967\n|move|p2a: Gorra|Healing Wish|p2a: Gorra\n|faint|p2a: Gorra\n|move|p1a: Landorus|U-turn|p2: Gorra|[notarget]\n|-fail|p1a: Landorus\n|\n|-heal|p1a: Landorus|34\/100|[from] item: Leftovers\n|-fieldend|move: Trick Room\n|upkeep\n|\n|t:|1650405973\n|switch|p2a: Sonso|Slowbro, M|100\/100\n|-damage|p2a: Sonso|88\/100|[from] Stealth Rock\n|turn|22\n|\n|t:|1650405980\n|move|p1a: Landorus|U-turn|p2a: Sonso\n|-supereffective|p2a: Sonso\n|-damage|p2a: Sonso|64\/100\n|\n|t:|1650405983\n|switch|p1a: Zapdos|Zapdos|75\/100|[from]move: U-turn\n|move|p2a: Sonso|Trick Room|p2a: Sonso\n|-fieldstart|move: Trick Room|[of] p2a: Sonso\n|\n|upkeep\n|turn|23\n|\n|t:|1650405988\n|move|p2a: Sonso|Scald|p1a: Zapdos\n|-damage|p1a: Zapdos|44\/100\n|-status|p1a: Zapdos|brn\n|move|p1a: Zapdos|Thunderbolt|p2a: Sonso\n|-supereffective|p2a: Sonso\n|-damage|p2a: Sonso|0 fnt\n|faint|p2a: Sonso\n|\n|-damage|p1a: Zapdos|38\/100 brn|[from] brn\n|upkeep\n|\n|t:|1650405997\n|switch|p2a: Billy B.|Marowak-Alola, M, shiny|67\/100\n|-heal|p2a: Billy B.|100\/100|[from] move: Healing Wish\n|-damage|p2a: Billy B.|76\/100|[from] Stealth Rock\n|turn|24\n|\n|t:|1650406002\n|switch|p1a: Landorus|Landorus-Therian, M|34\/100\n|-ability|p1a: Landorus|Intimidate|boost\n|-unboost|p2a: Billy B.|atk|1\n|move|p2a: Billy B.|Flare Blitz|p1a: Landorus\n|-damage|p1a: Landorus|0 fnt\n|faint|p1a: Landorus\n|\n|upkeep\n|\n|t:|1650406005\n|switch|p1a: Kartana|Kartana|68\/100\n|turn|25\n|\n|t:|1650406010\n|switch|p1a: Zapdos|Zapdos|38\/100 brn\n|move|p2a: Billy B.|Flare Blitz|p1a: Zapdos\n|-damage|p1a: Zapdos|0 fnt\n|faint|p1a: Zapdos\n|\n|upkeep\n|\n|t:|1650406014\n|switch|p1a: Kartana|Kartana|68\/100\n|turn|26\n|-message|Upward Trend forfeited.\n|\n|win|Infernoss\n|raw|Upward Trend's rating: 1713 &rarr; <strong>1698<\/strong><br \/>(-15 for losing)\n|raw|Infernoss's rating: 1798 &rarr; <strong>1813<\/strong><br \/>(+15 for winning)\n|l|\u2606Upward Trend\n","uploadtime":1650406026,"views":70,"p1id":"upwardtrend","p2id":"infernoss","formatid":"gen8ou","rating":1698,"private":0,"password":null}