{"id":"gen8nationaldex-1188504062","p1":"kura99","p2":"yhdrslb","format":"gen8nationaldex","log":"|j|\u2606kura99\n|j|\u2606yhdrslb\n|t:|1600353244\n|player|p1|kura99|lucas|1266\n|player|p2|yhdrslb|30|1261\n|teamsize|p1|6\n|teamsize|p2|6\n|gametype|singles\n|gen|8\n|tier|[Gen 8] National Dex\n|rated|\n|clearpoke\n|poke|p1|Ribombee, F|\n|poke|p1|Bisharp, M|\n|poke|p1|Gengar, F|\n|poke|p1|Dracovish|\n|poke|p1|Obstagoon, M|\n|poke|p1|Mamoswine, F|\n|poke|p2|Dragonite, F|\n|poke|p2|Medicham, F|\n|poke|p2|Landorus-Therian, M|\n|poke|p2|Greninja, M|\n|poke|p2|Toxapex, M|\n|poke|p2|Corviknight, F|\n|rule|HP Percentage Mod: HP is shown in percentages\n|rule|Endless Battle Clause: Forcing endless battles is banned\n|rule|OHKO Clause: OHKO moves are banned\n|rule|Evasion Moves Clause: Evasion moves are banned\n|rule|Species Clause: Limit one of each Pok\u00e9mon\n|rule|Dynamax Clause: You cannot dynamax\n|rule|Sleep Clause Mod: Limit one foe put to sleep\n|teampreview\n|inactive|Battle timer is ON: inactive players will automatically lose when time's up. (requested by kura99)\n|\n|t:|1600353259\n|start\n|switch|p1a: Ribombee|Ribombee, F|100\/100\n|switch|p2a: Corviknight|Corviknight, F|100\/100\n|-ability|p2a: Corviknight|Pressure\n|turn|1\n|\n|t:|1600353262\n|move|p1a: Ribombee|Sticky Web|p2a: Corviknight\n|-sidestart|p2: yhdrslb|move: Sticky Web\n|move|p2a: Corviknight|Iron Head|p1a: Ribombee\n|-supereffective|p1a: Ribombee\n|-damage|p1a: Ribombee|2\/100\n|\n|upkeep\n|turn|2\n|\n|t:|1600353272\n|move|p1a: Ribombee|Hidden Power|p2a: Corviknight\n|-supereffective|p2a: Corviknight\n|-damage|p2a: Corviknight|76\/100\n|move|p2a: Corviknight|Iron Head|p1a: Ribombee\n|-supereffective|p1a: Ribombee\n|-damage|p1a: Ribombee|0 fnt\n|faint|p1a: Ribombee\n|\n|-heal|p2a: Corviknight|82\/100|[from] item: Leftovers\n|upkeep\n|\n|t:|1600353284\n|switch|p1a: Dracovish|Dracovish|100\/100\n|turn|3\n|\n|t:|1600353287\n|move|p1a: Dracovish|Fishious Rend|p2a: Corviknight\n|-damage|p2a: Corviknight|0 fnt\n|faint|p2a: Corviknight\n|\n|upkeep\n|\n|t:|1600353297\n|switch|p2a: Dragonite|Dragonite, F|100\/100\n|turn|4\n|\n|t:|1600353313\n|move|p1a: Dracovish|Fishious Rend|p2a: Dragonite\n|-resisted|p2a: Dragonite\n|-damage|p2a: Dragonite|72\/100\n|move|p2a: Dragonite|Dragon Dance|p2a: Dragonite\n|-boost|p2a: Dragonite|atk|1\n|-boost|p2a: Dragonite|spe|1\n|\n|upkeep\n|turn|5\n|\n|t:|1600353323\n|move|p2a: Dragonite|Dragon Claw|p1a: Dracovish\n|-supereffective|p1a: Dracovish\n|-damage|p1a: Dracovish|0 fnt\n|faint|p1a: Dracovish\n|\n|upkeep\n|\n|t:|1600353329\n|switch|p1a: Mamoswine|Mamoswine, F|100\/100\n|turn|6\n|\n|t:|1600353335\n|move|p1a: Mamoswine|Ice Shard|p2a: Dragonite\n|-supereffective|p2a: Dragonite\n|-damage|p2a: Dragonite|0 fnt\n|faint|p2a: Dragonite\n|\n|upkeep\n|\n|t:|1600353338\n|switch|p2a: Landorus|Landorus-Therian, M|100\/100\n|-ability|p2a: Landorus|Intimidate|boost\n|-immune|p1a: Mamoswine|[from] ability: Oblivious\n|turn|7\n|\n|t:|1600353345\n|move|p1a: Mamoswine|Ice Shard|p2a: Landorus\n|-supereffective|p2a: Landorus\n|-damage|p2a: Landorus|0 fnt\n|faint|p2a: Landorus\n|\n|upkeep\n|\n|t:|1600353348\n|switch|p2a: Toxapex|Toxapex, M|100\/100\n|-activate|p2a: Toxapex|move: Sticky Web\n|-unboost|p2a: Toxapex|spe|1\n|turn|8\n|\n|t:|1600353351\n|move|p1a: Mamoswine|Earthquake|p2a: Toxapex\n|-supereffective|p2a: Toxapex\n|-damage|p2a: Toxapex|35\/100\n|move|p2a: Toxapex|Knock Off|p1a: Mamoswine\n|-damage|p1a: Mamoswine|84\/100\n|-enditem|p1a: Mamoswine|Focus Sash|[from] move: Knock Off|[of] p2a: Toxapex\n|\n|upkeep\n|turn|9\n|\n|t:|1600353359\n|move|p1a: Mamoswine|Earthquake|p2a: Toxapex\n|-supereffective|p2a: Toxapex\n|-damage|p2a: Toxapex|0 fnt\n|faint|p2a: Toxapex\n|\n|upkeep\n|\n|t:|1600353362\n|switch|p2a: Greninja|Greninja, M|100\/100\n|-activate|p2a: Greninja|move: Sticky Web\n|-unboost|p2a: Greninja|spe|1\n|turn|10\n|\n|t:|1600353365\n|move|p2a: Greninja|U-turn|p1a: Mamoswine\n|-start|p2a: Greninja|typechange|Bug|[from] ability: Protean\n|-damage|p1a: Mamoswine|55\/100\n|\n|t:|1600353368\n|switch|p2a: Medicham|Medicham, F|100\/100|[from]move: U-turn\n|-activate|p2a: Medicham|move: Sticky Web\n|-unboost|p2a: Medicham|spe|1\n|move|p1a: Mamoswine|Earthquake|p2a: Medicham\n|-damage|p2a: Medicham|11\/100\n|\n|upkeep\n|turn|11\n|-message|yhdrslb forfeited.\n|\n|win|kura99\n|l|\u2606yhdrslb\n||Ladder (probably) updated, but score could not be retrieved (Request timeout).\n","uploadtime":1600353388,"views":11,"p1id":"kura99","p2id":"yhdrslb","formatid":"gen8nationaldex","rating":0,"private":0,"password":null}