{"id":"gen8ou-1663176157","p1":"Scoots Mgee","p2":"minimax_ai","format":"gen8ou","log":"|j|\u2606Scoots Mgee\n|j|\u2606minimax_ai\n|t:|1663072976\n|gametype|singles\n|player|p1|Scoots Mgee|acetrainerf|1384\n|player|p2|minimax_ai|lusamine-nihilego|1434\n|teamsize|p1|6\n|teamsize|p2|6\n|gen|8\n|tier|[Gen 8] OU\n|rated|\n|rule|Sleep Clause Mod: Limit one foe put to sleep\n|rule|Species Clause: Limit one of each Pok\u00e9mon\n|rule|OHKO Clause: OHKO moves are banned\n|rule|Evasion Items Clause: Evasion items are banned\n|rule|Evasion Moves Clause: Evasion moves are banned\n|rule|Endless Battle Clause: Forcing endless battles is banned\n|rule|HP Percentage Mod: HP is shown in percentages\n|rule|Dynamax Clause: You cannot dynamax\n|clearpoke\n|poke|p1|Gastrodon, F|\n|poke|p1|Ferrothorn, F|\n|poke|p1|Urshifu-*, M|\n|poke|p1|Hippowdon, M|\n|poke|p1|Heatran, M|\n|poke|p1|Zapdos|\n|poke|p2|Rotom-Wash|\n|poke|p2|Weavile, M|\n|poke|p2|Landorus-Therian, M|\n|poke|p2|Heatran, M|\n|poke|p2|Tangrowth, F|\n|poke|p2|Melmetal|\n|teampreview\n|inactive|Battle timer is ON: inactive players will automatically lose when time's up. (requested by Scoots Mgee)\n|c|\u2606minimax_ai|hf\n|inactive|minimax_ai also wants the timer to be on.\n|\n|t:|1663072980\n|start\n|switch|p1a: Urshifu|Urshifu-Rapid-Strike, M|100\/100\n|switch|p2a: landorustherian|Landorus-Therian, M|100\/100\n|-ability|p2a: landorustherian|Intimidate|boost\n|-unboost|p1a: Urshifu|atk|1\n|turn|1\n|\n|t:|1663072982\n|switch|p2a: Tangrowth|Tangrowth, F|100\/100\n|move|p1a: Urshifu|Ice Punch|p2a: Tangrowth\n|-supereffective|p2a: Tangrowth\n|-damage|p2a: Tangrowth|83\/100\n|-status|p2a: Tangrowth|frz\n|-damage|p1a: Urshifu|84\/100|[from] item: Rocky Helmet|[of] p2a: Tangrowth\n|\n|upkeep\n|turn|2\n|\n|t:|1663072988\n|switch|p1a: Heatran|Heatran, M|100\/100\n|switch|p2a: Heatran|Heatran, M|100\/100\n|-item|p2a: Heatran|Air Balloon\n|\n|upkeep\n|turn|3\n|\n|t:|1663072991\n|switch|p1a: Gastrodon|Gastrodon, F|100\/100\n|move|p2a: Heatran|Stealth Rock|p1a: Gastrodon\n|-sidestart|p1: Scoots Mgee|move: Stealth Rock\n|\n|upkeep\n|turn|4\n|\n|t:|1663072993\n|switch|p2a: rotomwash|Rotom-Wash|100\/100\n|move|p1a: Gastrodon|Scald|p2a: rotomwash\n|-resisted|p2a: rotomwash\n|-damage|p2a: rotomwash|88\/100\n|-status|p2a: rotomwash|brn\n|\n|-heal|p2a: rotomwash|94\/100 brn|[from] item: Leftovers\n|-damage|p2a: rotomwash|88\/100 brn|[from] brn\n|upkeep\n|turn|5\n|\n|t:|1663072999\n|switch|p1a: Ferrothorn|Ferrothorn, F|100\/100\n|-damage|p1a: Ferrothorn|95\/100|[from] Stealth Rock\n|move|p2a: rotomwash|Nasty Plot|p2a: rotomwash\n|-boost|p2a: rotomwash|spa|2\n|\n|-heal|p2a: rotomwash|94\/100 brn|[from] item: Leftovers\n|-damage|p2a: rotomwash|88\/100 brn|[from] brn\n|upkeep\n|turn|6\n|\n|t:|1663073002\n|switch|p2a: Heatran|Heatran, M|100\/100\n|-item|p2a: Heatran|Air Balloon\n|move|p1a: Ferrothorn|Leech Seed|p2a: Heatran\n|-start|p2a: Heatran|move: Leech Seed\n|\n|-damage|p2a: Heatran|88\/100|[from] Leech Seed|[of] p1a: Ferrothorn\n|-heal|p1a: Ferrothorn|100\/100|[silent]\n|upkeep\n|turn|7\n|\n|t:|1663073008\n|move|p1a: Ferrothorn|Protect|p1a: Ferrothorn\n|-singleturn|p1a: Ferrothorn|Protect\n|move|p2a: Heatran|Magma Storm|p1a: Ferrothorn\n|-activate|p1a: Ferrothorn|move: Protect\n|\n|-damage|p2a: Heatran|76\/100|[from] Leech Seed|[of] p1a: Ferrothorn\n|upkeep\n|turn|8\n|\n|t:|1663073014\n|switch|p1a: Zapdos|Zapdos|100\/100\n|move|p2a: Heatran|Magma Storm|p1a: Zapdos|[miss]\n|-miss|p2a: Heatran|p1a: Zapdos\n|\n|-damage|p2a: Heatran|63\/100|[from] Leech Seed|[of] p1a: Zapdos\n|upkeep\n|turn|9\n|\n|t:|1663073018\n|switch|p2a: landorustherian|Landorus-Therian, M|100\/100\n|-ability|p2a: landorustherian|Intimidate|boost\n|-unboost|p1a: Zapdos|atk|1\n|move|p1a: Zapdos|U-turn|p2a: landorustherian\n|-resisted|p2a: landorustherian\n|-damage|p2a: landorustherian|96\/100\n|\n|t:|1663073025\n|switch|p1a: Ferrothorn|Ferrothorn, F|100\/100|[from]move: U-turn\n|-damage|p1a: Ferrothorn|95\/100|[from] Stealth Rock\n|\n|-heal|p2a: landorustherian|100\/100|[from] item: Leftovers\n|upkeep\n|turn|10\n|\n|t:|1663073026\n|move|p2a: landorustherian|Earthquake|p1a: Ferrothorn\n|-damage|p1a: Ferrothorn|69\/100\n|move|p1a: Ferrothorn|Spikes|p2a: landorustherian\n|-sidestart|p2: minimax_ai|Spikes\n|\n|upkeep\n|turn|11\n|\n|t:|1663073028\n|move|p2a: landorustherian|U-turn|p1a: Ferrothorn\n|-damage|p1a: Ferrothorn|55\/100\n|-damage|p2a: landorustherian|88\/100|[from] ability: Iron Barbs|[of] p1a: Ferrothorn\n|-damage|p2a: landorustherian|72\/100|[from] item: Rocky Helmet|[of] p1a: Ferrothorn\n|\n|t:|1663073028\n|switch|p2a: Tangrowth|Tangrowth, F|100\/100 frz|[from]move: U-turn\n|-damage|p2a: Tangrowth|88\/100 frz|[from] Spikes\n|move|p1a: Ferrothorn|Leech Seed|p2a: Tangrowth\n|-immune|p2a: Tangrowth\n|\n|upkeep\n|turn|12\n|\n|t:|1663073036\n|switch|p2a: landorustherian|Landorus-Therian, M|72\/100\n|-ability|p2a: landorustherian|Intimidate|boost\n|-unboost|p1a: Ferrothorn|atk|1\n|switch|p1a: Heatran|Heatran, M|100\/100\n|-damage|p1a: Heatran|88\/100|[from] Stealth Rock\n|\n|-heal|p2a: landorustherian|78\/100|[from] item: Leftovers\n|upkeep\n|turn|13\n|\n|t:|1663073039\n|switch|p1a: Zapdos|Zapdos|100\/100\n|move|p2a: landorustherian|Earthquake|p1a: Zapdos\n|-immune|p1a: Zapdos\n|\n|-heal|p2a: landorustherian|84\/100|[from] item: Leftovers\n|upkeep\n|turn|14\n|\n|t:|1663073046\n|move|p1a: Zapdos|U-turn|p2a: landorustherian\n|-resisted|p2a: landorustherian\n|-damage|p2a: landorustherian|77\/100\n|\n|t:|1663073048\n|switch|p1a: Ferrothorn|Ferrothorn, F|55\/100|[from]move: U-turn\n|-damage|p1a: Ferrothorn|50\/100|[from] Stealth Rock\n|move|p2a: landorustherian|Toxic|p1a: Ferrothorn\n|-immune|p1a: Ferrothorn\n|\n|-heal|p2a: landorustherian|83\/100|[from] item: Leftovers\n|upkeep\n|turn|15\n|\n|t:|1663073054\n|move|p2a: landorustherian|Earthquake|p1a: Ferrothorn\n|-damage|p1a: Ferrothorn|20\/100\n|move|p1a: Ferrothorn|Spikes|p2a: landorustherian\n|-sidestart|p2: minimax_ai|Spikes\n|\n|-heal|p2a: landorustherian|89\/100|[from] item: Leftovers\n|upkeep\n|turn|16\n|\n|t:|1663073058\n|switch|p1a: Zapdos|Zapdos|100\/100\n|move|p2a: landorustherian|Earthquake|p1a: Zapdos\n|-immune|p1a: Zapdos\n|\n|-heal|p2a: landorustherian|96\/100|[from] item: Leftovers\n|upkeep\n|turn|17\n|\n|t:|1663073066\n|move|p1a: Zapdos|U-turn|p2a: landorustherian\n|-resisted|p2a: landorustherian\n|-damage|p2a: landorustherian|89\/100\n|\n|t:|1663073070\n|switch|p1a: Urshifu|Urshifu-Rapid-Strike, M|84\/100|[from]move: U-turn\n|-damage|p1a: Urshifu|78\/100|[from] Stealth Rock\n|move|p2a: landorustherian|Toxic|p1a: Urshifu\n|-status|p1a: Urshifu|tox\n|\n|-heal|p2a: landorustherian|95\/100|[from] item: Leftovers\n|-damage|p1a: Urshifu|72\/100 tox|[from] psn\n|upkeep\n|turn|18\n|\n|t:|1663073072\n|switch|p2a: Tangrowth|Tangrowth, F|100\/100 frz\n|-damage|p2a: Tangrowth|84\/100 frz|[from] Spikes\n|move|p1a: Urshifu|U-turn|p2a: Tangrowth\n|-supereffective|p2a: Tangrowth\n|-damage|p2a: Tangrowth|60\/100 frz\n|-damage|p1a: Urshifu|55\/100 tox|[from] item: Rocky Helmet|[of] p2a: Tangrowth\n|\n|t:|1663073074\n|switch|p1a: Heatran|Heatran, M|88\/100|[from]move: U-turn\n|-damage|p1a: Heatran|76\/100|[from] Stealth Rock\n|\n|upkeep\n|turn|19\n|\n|t:|1663073077\n|switch|p2a: landorustherian|Landorus-Therian, M|95\/100\n|-ability|p2a: landorustherian|Intimidate|boost\n|-unboost|p1a: Heatran|atk|1\n|move|p1a: Heatran|Flash Cannon|p2a: landorustherian\n|-damage|p2a: landorustherian|46\/100\n|\n|-heal|p2a: landorustherian|52\/100|[from] item: Leftovers\n|upkeep\n|turn|20\n|\n|t:|1663073084\n|switch|p1a: Ferrothorn|Ferrothorn, F|20\/100\n|-damage|p1a: Ferrothorn|14\/100|[from] Stealth Rock\n|move|p2a: landorustherian|Earthquake|p1a: Ferrothorn\n|-damage|p1a: Ferrothorn|0 fnt\n|faint|p1a: Ferrothorn\n|\n|-heal|p2a: landorustherian|58\/100|[from] item: Leftovers\n|upkeep\n|\n|t:|1663073090\n|switch|p1a: Urshifu|Urshifu-Rapid-Strike, M|55\/100 tox\n|-damage|p1a: Urshifu|49\/100 tox|[from] Stealth Rock\n|turn|21\n|\n|t:|1663073092\n|switch|p2a: Tangrowth|Tangrowth, F|93\/100 frz\n|-damage|p2a: Tangrowth|77\/100 frz|[from] Spikes\n|move|p1a: Urshifu|Ice Punch|p2a: Tangrowth\n|-supereffective|p2a: Tangrowth\n|-damage|p2a: Tangrowth|49\/100 frz\n|-damage|p1a: Urshifu|33\/100 tox|[from] item: Rocky Helmet|[of] p2a: Tangrowth\n|\n|-damage|p1a: Urshifu|27\/100 tox|[from] psn\n|upkeep\n|turn|22\n|\n|t:|1663073094\n|switch|p1a: Heatran|Heatran, M|76\/100\n|-damage|p1a: Heatran|63\/100|[from] Stealth Rock\n|switch|p2a: Weavile|Weavile, M|100\/100\n|-damage|p2a: Weavile|84\/100|[from] Spikes\n|-ability|p2a: Weavile|Pressure\n|\n|upkeep\n|turn|23\n|\n|t:|1663073096\n|move|p2a: Weavile|Knock Off|p1a: Heatran\n|-damage|p1a: Heatran|6\/100\n|-enditem|p1a: Heatran|Choice Specs|[from] move: Knock Off|[of] p2a: Weavile\n|move|p1a: Heatran|Flamethrower|p2a: Weavile\n|-supereffective|p2a: Weavile\n|-damage|p2a: Weavile|0 fnt\n|faint|p2a: Weavile\n|\n|upkeep\n|\n|t:|1663073096\n|switch|p2a: rotomwash|Rotom-Wash|88\/100 brn\n|turn|24\n|-message|Scoots Mgee forfeited.\n|\n|win|minimax_ai\n|raw|Scoots Mgee's rating: 1384 &rarr; <strong>1367<\/strong><br \/>(-17 for losing)\n|raw|minimax_ai's rating: 1434 &rarr; <strong>1451<\/strong><br \/>(+17 for winning)\n|c|\u2606minimax_ai|gg\n|l|\u2606Scoots Mgee\n","uploadtime":1663073103,"views":4,"p1id":"scootsmgee","p2id":"minimaxai","formatid":"gen8ou","rating":1367,"private":0,"password":null}