{"id":"gen8ou-1167067021","p1":"LT71LX Msaint","p2":"Ban lando t guy jk","format":"gen8ou","log":"|raw|<div class=\"broadcast-blue\"><strong>This battle is required to be public due to a player having a name prefixed by 'LT71LX'.<\/div>\n|j|\u2606LT71LX Msaint\n|j|\u2606Ban lando t guy jk\n|t:|1597158387\n|player|p1|LT71LX Msaint|will|1706\n|player|p2|Ban lando t guy jk|kimonogirl|1561\n|teamsize|p1|6\n|teamsize|p2|6\n|gametype|singles\n|gen|8\n|tier|[Gen 8] OU\n|rated|\n|clearpoke\n|poke|p1|Scizor, F|\n|poke|p1|Rillaboom, M|\n|poke|p1|Crawdaunt, F|\n|poke|p1|Togekiss, F|\n|poke|p1|Zeraora|\n|poke|p1|Necrozma|\n|poke|p2|Pelipper, M|\n|poke|p2|Kingdra, F|\n|poke|p2|Seismitoad, M|\n|poke|p2|Crawdaunt, F|\n|poke|p2|Clefable, M|\n|poke|p2|Corviknight, M|\n|rule|Sleep Clause Mod: Limit one foe put to sleep\n|rule|Species Clause: Limit one of each Pok\u00e9mon\n|rule|OHKO Clause: OHKO moves are banned\n|rule|Evasion Moves Clause: Evasion moves are banned\n|rule|Endless Battle Clause: Forcing endless battles is banned\n|rule|HP Percentage Mod: HP is shown in percentages\n|rule|Dynamax Clause: You cannot dynamax\n|teampreview\n|inactive|Battle timer is ON: inactive players will automatically lose when time's up. (requested by Ban lando t guy jk)\n|inactive|LT71LX Msaint has 120 seconds left.\n|\n|t:|1597158438\n|start\n|switch|p1a: Necrozma|Necrozma|100\/100\n|switch|p2a: Pelipper|Pelipper, M|100\/100\n|-weather|RainDance|[from] ability: Drizzle|[of] p2a: Pelipper\n|turn|1\n|\n|t:|1597158446\n|switch|p2a: Clefable|Clefable, M|100\/100\n|move|p1a: Necrozma|Meteor Beam||[still]\n|-prepare|p1a: Necrozma|Meteor Beam\n|-boost|p1a: Necrozma|spa|1\n|-enditem|p1a: Necrozma|Power Herb\n|-anim|p1a: Necrozma|Meteor Beam|p2a: Clefable\n|-damage|p2a: Clefable|42\/100\n|\n|-weather|RainDance|[upkeep]\n|-heal|p2a: Clefable|48\/100|[from] item: Leftovers\n|upkeep\n|turn|2\n|\n|t:|1597158457\n|move|p1a: Necrozma|Photon Geyser|p2a: Clefable\n|-damage|p2a: Clefable|0 fnt\n|faint|p2a: Clefable\n|\n|-weather|RainDance|[upkeep]\n|upkeep\n|\n|t:|1597158466\n|switch|p2a: Kingdra|Kingdra, F|100\/100\n|turn|3\n|\n|t:|1597158471\n|move|p2a: Kingdra|Hydro Pump|p1a: Necrozma\n|-damage|p1a: Necrozma|0 fnt\n|faint|p1a: Necrozma\n|\n|-weather|RainDance|[upkeep]\n|upkeep\n|\n|t:|1597158479\n|switch|p1a: Rillaboom|Rillaboom, M|100\/100\n|-fieldstart|move: Grassy Terrain|[from] ability: Grassy Surge|[of] p1a: Rillaboom\n|turn|4\n|\n|t:|1597158484\n|switch|p2a: Corviknight|Corviknight, M|100\/100\n|-ability|p2a: Corviknight|Pressure\n|move|p1a: Rillaboom|U-turn|p2a: Corviknight\n|-resisted|p2a: Corviknight\n|-damage|p2a: Corviknight|95\/100\n|-damage|p1a: Rillaboom|84\/100|[from] item: Rocky Helmet|[of] p2a: Corviknight\n|\n|t:|1597158490\n|switch|p1a: Zeraora|Zeraora|100\/100|[from]move: U-turn\n|\n|-weather|RainDance|[upkeep]\n|upkeep\n|turn|5\n|\n|t:|1597158497\n|move|p1a: Zeraora|Grass Knot|p2a: Corviknight\n|-resisted|p2a: Corviknight\n|-damage|p2a: Corviknight|87\/100\n|-damage|p1a: Zeraora|84\/100|[from] item: Rocky Helmet|[of] p2a: Corviknight\n|-damage|p1a: Zeraora|74\/100|[from] item: Life Orb\n|move|p2a: Corviknight|Roost|p2a: Corviknight\n|-heal|p2a: Corviknight|100\/100\n|-singleturn|p2a: Corviknight|move: Roost\n|\n|-weather|RainDance|[upkeep]\n|-heal|p1a: Zeraora|80\/100|[from] Grassy Terrain\n|upkeep\n|turn|6\n|\n|t:|1597158510\n|switch|p2a: Seismitoad|Seismitoad, M|100\/100\n|move|p1a: Zeraora|Grass Knot|p2a: Seismitoad\n|-supereffective|p2a: Seismitoad\n|-damage|p2a: Seismitoad|0 fnt\n|-damage|p1a: Zeraora|71\/100|[from] item: Life Orb\n|faint|p2a: Seismitoad\n|\n|-weather|RainDance|[upkeep]\n|-heal|p1a: Zeraora|77\/100|[from] Grassy Terrain\n|upkeep\n|\n|t:|1597158516\n|switch|p2a: Kingdra|Kingdra, F|100\/100\n|turn|7\n|\n|t:|1597158525\n|switch|p1a: Scizor|Scizor, F|100\/100\n|move|p2a: Kingdra|Surf|p1a: Scizor\n|-damage|p1a: Scizor|0 fnt\n|faint|p1a: Scizor\n|\n|-weather|RainDance|[upkeep]\n|upkeep\n|\n|t:|1597158527\n|switch|p1a: Rillaboom|Rillaboom, M|84\/100\n|turn|8\n|\n|t:|1597158531\n|switch|p2a: Corviknight|Corviknight, M|100\/100\n|-ability|p2a: Corviknight|Pressure\n|move|p1a: Rillaboom|U-turn|p2a: Corviknight\n|-resisted|p2a: Corviknight\n|-damage|p2a: Corviknight|94\/100\n|-damage|p1a: Rillaboom|68\/100|[from] item: Rocky Helmet|[of] p2a: Corviknight\n|\n|t:|1597158533\n|switch|p1a: Zeraora|Zeraora|77\/100|[from]move: U-turn\n|\n|-weather|none\n|-heal|p1a: Zeraora|83\/100|[from] Grassy Terrain\n|-fieldend|move: Grassy Terrain\n|upkeep\n|turn|9\n|\n|t:|1597158551\n|switch|p2a: Pelipper|Pelipper, M|100\/100\n|-weather|RainDance|[from] ability: Drizzle|[of] p2a: Pelipper\n|move|p1a: Zeraora|Plasma Fists|p2a: Pelipper\n|-supereffective|p2a: Pelipper\n|-damage|p2a: Pelipper|0 fnt\n|-fieldactivate|move: Ion Deluge\n|-damage|p1a: Zeraora|73\/100|[from] item: Life Orb\n|faint|p2a: Pelipper\n|\n|-weather|RainDance|[upkeep]\n|upkeep\n|\n|t:|1597158553\n|switch|p2a: Kingdra|Kingdra, F|100\/100\n|turn|10\n|\n|t:|1597158565\n|switch|p1a: Togekiss|Togekiss, F|100\/100\n|move|p2a: Kingdra|Surf|p1a: Togekiss\n|-damage|p1a: Togekiss|5\/100\n|\n|-weather|RainDance|[upkeep]\n|upkeep\n|turn|11\n|\n|t:|1597158573\n|move|p2a: Kingdra|Surf|p1a: Togekiss\n|-damage|p1a: Togekiss|0 fnt\n|faint|p1a: Togekiss\n|\n|-weather|RainDance|[upkeep]\n|upkeep\n|\n|t:|1597158579\n|switch|p1a: Rillaboom|Rillaboom, M|68\/100\n|-fieldstart|move: Grassy Terrain|[from] ability: Grassy Surge|[of] p1a: Rillaboom\n|turn|12\n|\n|t:|1597158583\n|move|p2a: Kingdra|Surf|p1a: Rillaboom\n|-resisted|p1a: Rillaboom\n|-damage|p1a: Rillaboom|3\/100\n|move|p1a: Rillaboom|U-turn|p2a: Kingdra\n|-damage|p2a: Kingdra|49\/100\n|\n|t:|1597158590\n|switch|p1a: Crawdaunt|Crawdaunt, F|100\/100|[from]move: U-turn\n|\n|-weather|RainDance|[upkeep]\n|-heal|p2a: Kingdra|55\/100|[from] Grassy Terrain\n|upkeep\n|turn|13\n|\n|t:|1597158601\n|move|p2a: Kingdra|Surf|p1a: Crawdaunt\n|-resisted|p1a: Crawdaunt\n|-damage|p1a: Crawdaunt|0 fnt\n|faint|p1a: Crawdaunt\n|\n|-weather|RainDance|[upkeep]\n|-heal|p2a: Kingdra|62\/100|[from] Grassy Terrain\n|upkeep\n|\n|t:|1597158602\n|switch|p1a: Rillaboom|Rillaboom, M|3\/100\n|turn|14\n|\n|t:|1597158611\n|switch|p2a: Corviknight|Corviknight, M|94\/100\n|-ability|p2a: Corviknight|Pressure\n|switch|p1a: Zeraora|Zeraora|73\/100\n|\n|-weather|RainDance|[upkeep]\n|-heal|p1a: Zeraora|79\/100|[from] Grassy Terrain\n|upkeep\n|turn|15\n|\n|t:|1597158624\n|move|p1a: Zeraora|Plasma Fists|p2a: Corviknight\n|-supereffective|p2a: Corviknight\n|-damage|p2a: Corviknight|1\/100\n|-fieldactivate|move: Ion Deluge\n|-damage|p1a: Zeraora|62\/100|[from] item: Rocky Helmet|[of] p2a: Corviknight\n|-damage|p1a: Zeraora|53\/100|[from] item: Life Orb\n|move|p2a: Corviknight|U-turn|p1a: Zeraora\n|-damage|p1a: Zeraora|34\/100\n|\n|t:|1597158633\n|switch|p2a: Kingdra|Kingdra, F|62\/100|[from]move: U-turn\n|\n|-weather|RainDance|[upkeep]\n|-heal|p2a: Kingdra|68\/100|[from] Grassy Terrain\n|-heal|p1a: Zeraora|40\/100|[from] Grassy Terrain\n|upkeep\n|turn|16\n|\n|t:|1597158637\n|switch|p1a: Rillaboom|Rillaboom, M|3\/100\n|move|p2a: Kingdra|Surf|p1a: Rillaboom\n|-resisted|p1a: Rillaboom\n|-damage|p1a: Rillaboom|0 fnt\n|faint|p1a: Rillaboom\n|\n|-weather|none\n|-heal|p2a: Kingdra|74\/100|[from] Grassy Terrain\n|-fieldend|move: Grassy Terrain\n|upkeep\n|\n|t:|1597158638\n|switch|p1a: Zeraora|Zeraora|40\/100\n|turn|17\n|\n|t:|1597158642\n|switch|p2a: Corviknight|Corviknight, M|1\/100\n|-ability|p2a: Corviknight|Pressure\n|move|p1a: Zeraora|Plasma Fists|p2a: Corviknight\n|-supereffective|p2a: Corviknight\n|-damage|p2a: Corviknight|0 fnt\n|-fieldactivate|move: Ion Deluge\n|-damage|p1a: Zeraora|24\/100|[from] item: Rocky Helmet|[of] p2a: Corviknight\n|-damage|p1a: Zeraora|14\/100|[from] item: Life Orb\n|faint|p2a: Corviknight\n|\n|upkeep\n|\n|t:|1597158655\n|switch|p2a: Crawdaunt|Crawdaunt, F|100\/100\n|turn|18\n|\n|t:|1597158659\n|move|p2a: Crawdaunt|Aqua Jet|p1a: Zeraora\n|-damage|p1a: Zeraora|0 fnt\n|faint|p1a: Zeraora\n|\n|win|Ban lando t guy jk\n|c|\u2606Ban lando t guy jk|Gg\n|l|\u2606LT71LX Msaint\n||Ladder (probably) updated, but score could not be retrieved (Request timeout).\n","uploadtime":1597158683,"views":10,"p1id":"lt71lxmsaint","p2id":"banlandotguyjk","formatid":"gen8ou","rating":0,"private":0,"password":null}