{"id":"gen8anythinggoes-1706973124","p1":"Alex loooou2","p2":"torimaru","format":"gen8anythinggoes","log":"|j|\u2606Alex loooou2\n|j|\u2606torimaru\n|t:|1668037801\n|gametype|singles\n|player|p1|Alex loooou2|ethan|1379\n|player|p2|torimaru|firebreather|1411\n|teamsize|p1|6\n|teamsize|p2|6\n|gen|8\n|tier|[Gen 8] Anything Goes\n|rated|\n|rule|HP Percentage Mod: HP is shown in percentages\n|rule|Endless Battle Clause: Forcing endless battles is banned\n|clearpoke\n|poke|p1|Kyogre|\n|poke|p1|Toxapex, M|\n|poke|p1|Yveltal|\n|poke|p1|Zeraora|\n|poke|p1|Dragapult, M|\n|poke|p1|Moltres|\n|poke|p2|Tapu Koko|\n|poke|p2|Dragonite, F|\n|poke|p2|Lugia|\n|poke|p2|Mimikyu, M|\n|poke|p2|Zygarde|\n|poke|p2|Genesect-Chill|\n|teampreview\n|inactive|Battle timer is ON: inactive players will automatically lose when time's up. (requested by torimaru)\n|\n|t:|1668037826\n|start\n|switch|p1a: Dragapult|Dragapult, M|100\/100\n|switch|p2a: Genesect|Genesect-Chill|100\/100\n|-ability|p2a: Genesect|Download|boost\n|-boost|p2a: Genesect|atk|1\n|turn|1\n|\n|t:|1668037843\n|switch|p1a: Toxapex|Toxapex, M|100\/100\n|move|p2a: Genesect|Techno Blast|p1a: Toxapex\n|-resisted|p1a: Toxapex\n|-damage|p1a: Toxapex|86\/100\n|\n|upkeep\n|turn|2\n|\n|t:|1668037861\n|move|p2a: Genesect|Thunder Wave|p1a: Toxapex\n|-status|p1a: Toxapex|par\n|move|p1a: Toxapex|Haze|p1a: Toxapex\n|-clearallboost\n|\n|upkeep\n|turn|3\n|\n|t:|1668037883\n|switch|p1a: Moltres|Moltres|100\/100\n|-ability|p1a: Moltres|Pressure\n|move|p2a: Genesect|Thunderbolt|p1a: Moltres\n|-supereffective|p1a: Moltres\n|-damage|p1a: Moltres|38\/100\n|\n|upkeep\n|turn|4\n|inactive|torimaru has 120 seconds left.\n|\n|t:|1668037910\n|switch|p1a: Zeraora|Zeraora|100\/100\n|move|p2a: Genesect|Thunderbolt|p1a: Zeraora\n|-immune|p1a: Zeraora|[from] ability: Volt Absorb\n|\n|upkeep\n|turn|5\n|\n|t:|1668037917\n|switch|p2a: Zygarde|Zygarde|100\/100\n|move|p1a: Zeraora|Knock Off|p2a: Zygarde\n|-damage|p2a: Zygarde|86\/100\n|-enditem|p2a: Zygarde|Chesto Berry|[from] move: Knock Off|[of] p1a: Zeraora\n|\n|upkeep\n|turn|6\n|inactive|torimaru has 120 seconds left.\n|\n|t:|1668037928\n|switch|p1a: Yveltal|Yveltal|100\/100\n|-ability|p1a: Yveltal|Dark Aura\n|move|p2a: Zygarde|Coil|p2a: Zygarde\n|-boost|p2a: Zygarde|atk|1\n|-boost|p2a: Zygarde|def|1\n|-boost|p2a: Zygarde|accuracy|1\n|\n|upkeep\n|turn|7\n|\n|t:|1668037937\n|move|p1a: Yveltal|Taunt|p2a: Zygarde\n|-start|p2a: Zygarde|move: Taunt\n|move|p2a: Zygarde|Thousand Arrows|p1a: Yveltal\n|-damage|p1a: Yveltal|63\/100\n|-start|p1a: Yveltal|Smack Down\n|\n|-heal|p1a: Yveltal|69\/100|[from] item: Leftovers\n|upkeep\n|turn|8\n|\n|t:|1668037949\n|move|p1a: Yveltal|Oblivion Wing|p2a: Zygarde\n|-damage|p2a: Zygarde|48\/100\n|-heal|p1a: Yveltal|99\/100|[from] drain|[of] p2a: Zygarde\n|move|p2a: Zygarde|Thousand Arrows|p1a: Yveltal\n|-damage|p1a: Yveltal|54\/100\n|\n|-heal|p1a: Yveltal|61\/100|[from] item: Leftovers\n|-activate|p2a: Zygarde|ability: Power Construct\n|detailschange|p2a: Zygarde|Zygarde-Complete\n|-heal|p2a: Zygarde|66\/100|[silent]\n|upkeep\n|turn|9\n|\n|t:|1668037966\n|-start|p1a: Yveltal|Dynamax|\n|-heal|p1a: Yveltal|61\/100|[silent]\n|move|p1a: Yveltal|Max Airstream|p2a: Zygarde\n|-damage|p2a: Zygarde|20\/100\n|-boost|p1a: Yveltal|spe|1\n|move|p2a: Zygarde|Thousand Arrows|p1a: Yveltal\n|-damage|p1a: Yveltal|40\/100\n|\n|-heal|p1a: Yveltal|43\/100|[from] item: Leftovers\n|-end|p2a: Zygarde|move: Taunt\n|upkeep\n|turn|10\n|inactive|torimaru has 120 seconds left.\n|\n|t:|1668037994\n|move|p1a: Yveltal|Max Darkness|p2a: Zygarde\n|-damage|p2a: Zygarde|0 fnt\n|faint|p2a: Zygarde\n|\n|-heal|p1a: Yveltal|46\/100|[from] item: Leftovers\n|upkeep\n|\n|t:|1668038007\n|switch|p2a: Mimikyu|Mimikyu, M, shiny|100\/100\n|turn|11\n|\n|t:|1668038016\n|-end|p1a: Yveltal|Dynamax\n|-heal|p1a: Yveltal|46\/100|[silent]\n|switch|p1a: Zeraora|Zeraora|100\/100\n|move|p2a: Mimikyu|Swords Dance|p2a: Mimikyu\n|-boost|p2a: Mimikyu|atk|2\n|\n|upkeep\n|turn|12\n|inactive|torimaru has 120 seconds left.\n|\n|t:|1668038031\n|move|p2a: Mimikyu|Shadow Sneak|p1a: Zeraora\n|-damage|p1a: Zeraora|59\/100\n|move|p1a: Zeraora|Taunt|p2a: Mimikyu\n|-start|p2a: Mimikyu|move: Taunt\n|\n|-heal|p1a: Zeraora|65\/100|[from] item: Leftovers\n|upkeep\n|turn|13\n|\n|t:|1668038040\n|switch|p1a: Toxapex|Toxapex, M|100\/100 par\n|move|p2a: Mimikyu|Drain Punch|p1a: Toxapex\n|-resisted|p1a: Toxapex\n|-damage|p1a: Toxapex|86\/100 par\n|-damage|p2a: Mimikyu|84\/100|[from] item: Rocky Helmet|[of] p1a: Toxapex\n|\n|upkeep\n|turn|14\n|\n|t:|1668038051\n|move|p2a: Mimikyu|Drain Punch|p1a: Toxapex\n|-resisted|p1a: Toxapex\n|-damage|p1a: Toxapex|72\/100 par\n|-heal|p2a: Mimikyu|90\/100|[from] drain|[of] p1a: Toxapex\n|-damage|p2a: Mimikyu|73\/100|[from] item: Rocky Helmet|[of] p1a: Toxapex\n|cant|p1a: Toxapex|par\n|\n|upkeep\n|turn|15\n|inactive|torimaru has 120 seconds left.\n|\n|t:|1668038073\n|switch|p2a: Lugia|Lugia, shiny|100\/100\n|cant|p1a: Toxapex|par\n|\n|upkeep\n|turn|16\n|inactive|torimaru has 120 seconds left.\n|\n|t:|1668038088\n|switch|p1a: Kyogre|Kyogre|100\/100\n|-weather|RainDance|[from] ability: Drizzle|[of] p1a: Kyogre\n|move|p2a: Lugia|Earth Power|p1a: Kyogre\n|-damage|p1a: Kyogre|82\/100\n|\n|-weather|RainDance|[upkeep]\n|-heal|p1a: Kyogre|88\/100|[from] item: Leftovers\n|upkeep\n|turn|17\n|inactive|torimaru has 120 seconds left.\n|\n|t:|1668038100\n|move|p2a: Lugia|Hurricane|p1a: Kyogre\n|-damage|p1a: Kyogre|58\/100\n|-start|p1a: Kyogre|confusion\n|-activate|p1a: Kyogre|confusion\n|-damage|p1a: Kyogre|53\/100|[from] confusion\n|\n|-weather|RainDance|[upkeep]\n|-heal|p1a: Kyogre|59\/100|[from] item: Leftovers\n|upkeep\n|turn|18\n|\n|t:|1668038110\n|move|p2a: Lugia|Hurricane|p1a: Kyogre\n|-damage|p1a: Kyogre|29\/100\n|-activate|p1a: Kyogre|confusion\n|move|p1a: Kyogre|Water Spout|p2a: Lugia\n|-damage|p2a: Lugia|93\/100\n|\n|-weather|RainDance|[upkeep]\n|-heal|p1a: Kyogre|35\/100|[from] item: Leftovers\n|upkeep\n|turn|19\n|\n|t:|1668038121\n|switch|p1a: Zeraora|Zeraora|65\/100\n|move|p2a: Lugia|Hurricane|p1a: Zeraora\n|-resisted|p1a: Zeraora\n|-damage|p1a: Zeraora|34\/100\n|\n|-weather|RainDance|[upkeep]\n|-heal|p1a: Zeraora|40\/100|[from] item: Leftovers\n|upkeep\n|turn|20\n|\n|t:|1668038131\n|move|p1a: Zeraora|Plasma Fists|p2a: Lugia\n|-supereffective|p2a: Lugia\n|-damage|p2a: Lugia|34\/100\n|-fieldactivate|move: Ion Deluge\n|-hint|Normal-type moves become Electric-type after using Plasma Fists.\n|-enditem|p2a: Lugia|Weakness Policy\n|-boost|p2a: Lugia|atk|2|[from] item: Weakness Policy\n|-boost|p2a: Lugia|spa|2|[from] item: Weakness Policy\n|move|p2a: Lugia|Recover|p2a: Lugia\n|-heal|p2a: Lugia|84\/100\n|\n|-weather|none\n|-heal|p1a: Zeraora|46\/100|[from] item: Leftovers\n|upkeep\n|turn|21\n|\n|t:|1668038145\n|switch|p1a: Toxapex|Toxapex, M|100\/100 par\n|move|p2a: Lugia|Earth Power|p1a: Toxapex\n|-supereffective|p1a: Toxapex\n|-damage|p1a: Toxapex|16\/100 par\n|\n|upkeep\n|turn|22\n|\n|t:|1668038155\n|move|p2a: Lugia|Hurricane|p1a: Toxapex\n|-damage|p1a: Toxapex|0 fnt\n|faint|p1a: Toxapex\n|\n|upkeep\n|\n|t:|1668038161\n|switch|p1a: Yveltal|Yveltal|46\/100\n|-ability|p1a: Yveltal|Dark Aura\n|turn|23\n|\n|t:|1668038167\n|move|p2a: Lugia|Hydro Pump|p1a: Yveltal\n|-damage|p1a: Yveltal|3\/100\n|move|p1a: Yveltal|Oblivion Wing|p2a: Lugia\n|-damage|p2a: Lugia|57\/100\n|-heal|p1a: Yveltal|24\/100|[from] drain|[of] p2a: Lugia\n|\n|-heal|p1a: Yveltal|30\/100|[from] item: Leftovers\n|upkeep\n|turn|24\n|\n|t:|1668038184\n|switch|p1a: Dragapult|Dragapult, M|100\/100\n|move|p2a: Lugia|Hydro Pump|p1a: Dragapult\n|-resisted|p1a: Dragapult\n|-damage|p1a: Dragapult|57\/100\n|\n|-heal|p1a: Dragapult|63\/100|[from] item: Leftovers\n|upkeep\n|turn|25\n|\n|t:|1668038194\n|move|p1a: Dragapult|Phantom Force||[still]\n|-prepare|p1a: Dragapult|Phantom Force\n|move|p2a: Lugia|Recover|p2a: Lugia\n|-heal|p2a: Lugia|100\/100\n|\n|-heal|p1a: Dragapult|69\/100|[from] item: Leftovers\n|upkeep\n|turn|26\n|\n|t:|1668038202\n|move|p1a: Dragapult|Phantom Force|p2a: Lugia|[from]lockedmove\n|-supereffective|p2a: Lugia\n|-damage|p2a: Lugia|72\/100\n|move|p2a: Lugia|Hurricane|p1a: Dragapult\n|-damage|p1a: Dragapult|0 fnt\n|faint|p1a: Dragapult\n|\n|upkeep\n|-message|Alex loooou2 forfeited.\n|\n|win|torimaru\n|raw|Alex loooou2's rating: 1379 &rarr; <strong>1361<\/strong><br \/>(-18 for losing)\n|raw|torimaru's rating: 1411 &rarr; <strong>1429<\/strong><br \/>(+18 for winning)\n|l|\u2606Alex loooou2\n","uploadtime":1668038221,"views":4,"p1id":"alexloooou2","p2id":"torimaru","formatid":"gen8anythinggoes","rating":1361,"private":0,"password":null}