{"id":"gen8ou-1231410027","p1":"Wraks","p2":"glaed13","format":"gen8ou","log":"|j|\u2606Wraks\n|j|\u2606glaed13\n|t:|1606338633\n|player|p1|Wraks|170|1792\n|player|p2|glaed13|cheren-gen5bw2|1752\n|teamsize|p1|6\n|teamsize|p2|6\n|gametype|singles\n|gen|8\n|tier|[Gen 8] OU\n|rated|\n|clearpoke\n|poke|p1|Swampert, M|\n|poke|p1|Corviknight, M|\n|poke|p1|Clefable, F|\n|poke|p1|Dragapult, M|\n|poke|p1|Urshifu-*, F|\n|poke|p1|Nidoking, M|\n|poke|p2|Blaziken, M|\n|poke|p2|Klefki, F|\n|poke|p2|Ninetales, M|\n|poke|p2|Zapdos-Galar|\n|poke|p2|Cinderace, F|\n|poke|p2|Garchomp, F|\n|rule|Sleep Clause Mod: Limit one foe put to sleep\n|rule|Species Clause: Limit one of each Pok\u00e9mon\n|rule|OHKO Clause: OHKO moves are banned\n|rule|Evasion Moves Clause: Evasion moves are banned\n|rule|Endless Battle Clause: Forcing endless battles is banned\n|rule|HP Percentage Mod: HP is shown in percentages\n|rule|Dynamax Clause: You cannot dynamax\n|teampreview\n|inactive|Battle timer is ON: inactive players will automatically lose when time's up. (requested by glaed13)\n|\n|t:|1606338650\n|start\n|switch|p1a: Nidoking|Nidoking, M|100\/100\n|switch|p2a: Klefki|Klefki, F, shiny|100\/100\n|turn|1\n|j| SebusWebus\n|\n|t:|1606338657\n|move|p2a: Klefki|Light Screen|p2a: Klefki\n|-sidestart|p2: glaed13|move: Light Screen\n|move|p1a: Nidoking|Earth Power|p2a: Klefki\n|-supereffective|p2a: Klefki\n|-damage|p2a: Klefki|36\/100\n|\n|upkeep\n|turn|2\n|\n|t:|1606338664\n|switch|p2a: Zapdos|Zapdos-Galar|100\/100\n|move|p1a: Nidoking|Earth Power|p2a: Zapdos\n|-immune|p2a: Zapdos\n|\n|upkeep\n|turn|3\n|\n|t:|1606338673\n|switch|p1a: Clefable|Clefable, F|100\/100\n|move|p2a: Zapdos|Acrobatics|p1a: Clefable\n|-damage|p1a: Clefable|60\/100\n|\n|-heal|p1a: Clefable|66\/100|[from] item: Leftovers\n|upkeep\n|turn|4\n|\n|t:|1606338684\n|move|p2a: Zapdos|Taunt|p1a: Clefable\n|-start|p1a: Clefable|move: Taunt\n|cant|p1a: Clefable|move: Taunt|Wish\n|\n|-heal|p1a: Clefable|72\/100|[from] item: Leftovers\n|upkeep\n|turn|5\n|j| IronsideF\n|\n|t:|1606338696\n|switch|p1a: Swampert|Swampert, M|100\/100\n|move|p2a: Zapdos|Thunderous Kick|p1a: Swampert\n|-damage|p1a: Swampert|68\/100\n|-unboost|p1a: Swampert|def|1\n|\n|-heal|p1a: Swampert|74\/100|[from] item: Leftovers\n|upkeep\n|turn|6\n|\n|t:|1606338708\n|move|p2a: Zapdos|Taunt|p1a: Swampert\n|-start|p1a: Swampert|move: Taunt\n|move|p1a: Swampert|Flip Turn|p2a: Zapdos\n|-damage|p2a: Zapdos|75\/100\n|\n|t:|1606338724\n|switch|p1a: Clefable|Clefable, F|72\/100|[from]move: Flip Turn\n|\n|-heal|p1a: Clefable|78\/100|[from] item: Leftovers\n|upkeep\n|turn|7\n|\n|t:|1606338731\n|move|p1a: Clefable|Protect|p1a: Clefable\n|-singleturn|p1a: Clefable|Protect\n|move|p2a: Zapdos|Thunderous Kick|p1a: Clefable\n|-activate|p1a: Clefable|move: Protect\n|\n|-heal|p1a: Clefable|85\/100|[from] item: Leftovers\n|upkeep\n|turn|8\n|\n|t:|1606338739\n|switch|p1a: Dragapult|Dragapult, M|100\/100\n|move|p2a: Zapdos|Taunt|p1a: Dragapult\n|-start|p1a: Dragapult|move: Taunt\n|\n|-sideend|p2: glaed13|move: Light Screen\n|upkeep\n|turn|9\n|\n|t:|1606338747\n|switch|p2a: Klefki|Klefki, F, shiny|36\/100\n|move|p1a: Dragapult|Shadow Ball|p2a: Klefki\n|-damage|p2a: Klefki|0 fnt\n|faint|p2a: Klefki\n|\n|upkeep\n|\n|t:|1606338766\n|switch|p2a: Garchomp|Garchomp, F|100\/100\n|turn|10\n|\n|t:|1606338769\n|switch|p1a: Corviknight|Corviknight, M|100\/100\n|-ability|p1a: Corviknight|Pressure\n|move|p2a: Garchomp|Swords Dance|p2a: Garchomp\n|-boost|p2a: Garchomp|atk|2\n|\n|upkeep\n|turn|11\n|\n|t:|1606338778\n|move|p2a: Garchomp|Fire Fang|p1a: Corviknight\n|-supereffective|p1a: Corviknight\n|-damage|p1a: Corviknight|25\/100\n|move|p1a: Corviknight|U-turn|p2a: Garchomp\n|-damage|p2a: Garchomp|86\/100\n|-damage|p1a: Corviknight|12\/100|[from] ability: Rough Skin|[of] p2a: Garchomp\n|j| Vessev\n|\n|t:|1606338787\n|switch|p1a: Dragapult|Dragapult, M|100\/100|[from]move: U-turn\n|\n|upkeep\n|turn|12\n|j| bobamilkk\n|j| Zombini62\n|\n|t:|1606338812\n|move|p1a: Dragapult|Draco Meteor|p2a: Garchomp\n|-supereffective|p2a: Garchomp\n|-damage|p2a: Garchomp|0 fnt\n|-unboost|p1a: Dragapult|spa|2\n|faint|p2a: Garchomp\n|\n|upkeep\n|l| Zombini62\n|\n|t:|1606338815\n|switch|p2a: Blaziken|Blaziken, M|100\/100\n|turn|13\n|\n|t:|1606338823\n|switch|p1a: Clefable|Clefable, F|85\/100\n|move|p2a: Blaziken|Swords Dance|p2a: Blaziken\n|-boost|p2a: Blaziken|atk|2\n|\n|-heal|p1a: Clefable|91\/100|[from] item: Leftovers\n|-ability|p2a: Blaziken|Speed Boost|boost\n|-boost|p2a: Blaziken|spe|1\n|upkeep\n|turn|14\n|\n|t:|1606338833\n|move|p2a: Blaziken|Blaze Kick|p1a: Clefable\n|-damage|p1a: Clefable|55\/100\n|move|p1a: Clefable|Wish|p1a: Clefable\n|\n|-heal|p1a: Clefable|61\/100|[from] item: Leftovers\n|-ability|p2a: Blaziken|Speed Boost|boost\n|-boost|p2a: Blaziken|spe|1\n|upkeep\n|turn|15\n|\n|t:|1606338842\n|move|p2a: Blaziken|Blaze Kick|p1a: Clefable\n|-damage|p1a: Clefable|25\/100\n|move|p1a: Clefable|Moonblast|p2a: Blaziken\n|-damage|p2a: Blaziken|50\/100\n|\n|-heal|p1a: Clefable|75\/100|[from] move: Wish|[wisher] Clefable\n|-heal|p1a: Clefable|81\/100|[from] item: Leftovers\n|-ability|p2a: Blaziken|Speed Boost|boost\n|-boost|p2a: Blaziken|spe|1\n|upkeep\n|turn|16\n|\n|t:|1606338860\n|move|p1a: Clefable|Protect|p1a: Clefable\n|-singleturn|p1a: Clefable|Protect\n|move|p2a: Blaziken|Blaze Kick|p1a: Clefable\n|-activate|p1a: Clefable|move: Protect\n|\n|-heal|p1a: Clefable|87\/100|[from] item: Leftovers\n|-ability|p2a: Blaziken|Speed Boost|boost\n|-boost|p2a: Blaziken|spe|1\n|upkeep\n|turn|17\n|\n|t:|1606338864\n|move|p2a: Blaziken|Blaze Kick|p1a: Clefable\n|-damage|p1a: Clefable|49\/100\n|move|p1a: Clefable|Wish|p1a: Clefable\n|\n|-heal|p1a: Clefable|55\/100|[from] item: Leftovers\n|-ability|p2a: Blaziken|Speed Boost|boost\n|-boost|p2a: Blaziken|spe|1\n|upkeep\n|turn|18\n|\n|t:|1606338869\n|switch|p2a: Zapdos|Zapdos-Galar|75\/100\n|move|p1a: Clefable|Moonblast|p2a: Zapdos\n|-supereffective|p2a: Zapdos\n|-damage|p2a: Zapdos|0 fnt\n|faint|p2a: Zapdos\n|\n|-heal|p1a: Clefable|100\/100|[from] move: Wish|[wisher] Clefable\n|upkeep\n|\n|t:|1606338873\n|switch|p2a: Cinderace|Cinderace, F|100\/100\n|turn|19\n|l| bobamilkk\n|\n|t:|1606338879\n|switch|p1a: Corviknight|Corviknight, M|12\/100\n|-ability|p1a: Corviknight|Pressure\n|move|p2a: Cinderace|Bulk Up|p2a: Cinderace\n|-start|p2a: Cinderace|typechange|Fighting|[from] ability: Libero\n|-boost|p2a: Cinderace|atk|1\n|-boost|p2a: Cinderace|def|1\n|\n|-heal|p1a: Corviknight|19\/100|[from] item: Leftovers\n|upkeep\n|turn|20\n|\n|t:|1606338891\n|move|p2a: Cinderace|Pyro Ball|p1a: Corviknight\n|-start|p2a: Cinderace|typechange|Fire|[from] ability: Libero\n|-supereffective|p1a: Corviknight\n|-damage|p1a: Corviknight|0 fnt\n|faint|p1a: Corviknight\n|\n|upkeep\n|\n|t:|1606338896\n|switch|p1a: Swampert|Swampert, M|74\/100\n|turn|21\n|\n|t:|1606338905\n|switch|p2a: Blaziken|Blaziken, M|50\/100\n|move|p1a: Swampert|Toxic|p2a: Blaziken\n|-status|p2a: Blaziken|tox\n|\n|-heal|p1a: Swampert|80\/100|[from] item: Leftovers\n|-damage|p2a: Blaziken|45\/100 tox|[from] psn\n|upkeep\n|turn|22\n|\n|t:|1606338913\n|switch|p1a: Dragapult|Dragapult, M|100\/100\n|move|p2a: Blaziken|High Jump Kick|p1a: Dragapult\n|-immune|p1a: Dragapult\n|-damage|p2a: Blaziken|0 fnt|[from] highjumpkick\n|faint|p2a: Blaziken\n|\n|upkeep\n|\n|t:|1606338922\n|switch|p2a: Ninetales|Ninetales, M, shiny|100\/100\n|-weather|SunnyDay|[from] ability: Drought|[of] p2a: Ninetales\n|turn|23\n|\n|t:|1606338934\n|switch|p1a: Nidoking|Nidoking, M|100\/100\n|move|p2a: Ninetales|Memento|p1a: Nidoking\n|-unboost|p1a: Nidoking|atk|2\n|-unboost|p1a: Nidoking|spa|2\n|faint|p2a: Ninetales\n|\n|-weather|SunnyDay|[upkeep]\n|upkeep\n|\n|t:|1606338944\n|switch|p2a: Cinderace|Cinderace, F|100\/100\n|turn|24\n|\n|t:|1606338949\n|switch|p1a: Urshifu|Urshifu, F|100\/100\n|move|p2a: Cinderace|Bulk Up|p2a: Cinderace\n|-start|p2a: Cinderace|typechange|Fighting|[from] ability: Libero\n|-boost|p2a: Cinderace|atk|1\n|-boost|p2a: Cinderace|def|1\n|\n|-weather|SunnyDay|[upkeep]\n|upkeep\n|turn|25\n|j| Zombini62\n|\n|t:|1606338959\n|move|p2a: Cinderace|Pyro Ball|p1a: Urshifu\n|-start|p2a: Cinderace|typechange|Fire|[from] ability: Libero\n|-damage|p1a: Urshifu|0 fnt\n|faint|p1a: Urshifu\n|\n|-weather|SunnyDay|[upkeep]\n|upkeep\n|\n|t:|1606338967\n|switch|p1a: Dragapult|Dragapult, M|100\/100\n|turn|26\n|j| BAN PEX RIGHT NOW\n|\n|t:|1606338972\n|switch|p1a: Nidoking|Nidoking, M|100\/100\n|move|p2a: Cinderace|Pyro Ball|p1a: Nidoking\n|-damage|p1a: Nidoking|0 fnt\n|faint|p1a: Nidoking\n|\n|-weather|SunnyDay|[upkeep]\n|upkeep\n|\n|t:|1606338983\n|switch|p1a: Swampert|Swampert, M|80\/100\n|turn|27\n|\n|t:|1606338996\n|move|p2a: Cinderace|Pyro Ball|p1a: Swampert\n|-resisted|p1a: Swampert\n|-damage|p1a: Swampert|41\/100\n|move|p1a: Swampert|Earthquake|p2a: Cinderace\n|-supereffective|p2a: Cinderace\n|-damage|p2a: Cinderace|22\/100\n|\n|-weather|none\n|-heal|p1a: Swampert|47\/100|[from] item: Leftovers\n|upkeep\n|turn|28\n|\n|t:|1606339015\n|move|p2a: Cinderace|Gunk Shot|p1a: Swampert\n|-start|p2a: Cinderace|typechange|Poison|[from] ability: Libero\n|-resisted|p1a: Swampert\n|-damage|p1a: Swampert|17\/100\n|-status|p1a: Swampert|psn\n|move|p1a: Swampert|Earthquake|p2a: Cinderace\n|-supereffective|p2a: Cinderace\n|-damage|p2a: Cinderace|0 fnt\n|faint|p2a: Cinderace\n|\n|win|Wraks\n|l|\u2606glaed13\n|l| SebusWebus\n|l| Zombini62\n|l|\u2606Wraks\n||Ladder (probably) updated, but score could not be retrieved (Request timeout).\n","uploadtime":1606339181,"views":65,"p1id":"wraks","p2id":"glaed13","formatid":"gen8ou","rating":0,"private":0,"password":null}