{"id":"gen8nationaldexag-1119054558","p1":"pokenob123","p2":"Flashybee","format":"gen8nationaldexag","log":"|j|\u2606pokenob123\n|j|\u2606Flashybee\n|player|p1|pokenob123|clown|1111\n|player|p2|Flashybee|265|1097\n|teamsize|p1|6\n|teamsize|p2|2\n|gametype|singles\n|gen|8\n|tier|[Gen 8] National Dex AG\n|rated|\n|clearpoke\n|poke|p1|Emboar, M|\n|poke|p1|Emboar, M|\n|poke|p1|Emboar, M|\n|poke|p1|Emboar, M|\n|poke|p1|Emboar, F|\n|poke|p1|Emboar, F|\n|poke|p2|Rayquaza|\n|poke|p2|Zacian-Crowned|\n|rule|HP Percentage Mod: HP is shown in percentages\n|rule|Endless Battle Clause: Forcing endless battles is banned\n|teampreview\n|j| lvl1noob69696969\n|\n|start\n|switch|p1a: Emboar|Emboar, F|100\/100\n|switch|p2a: Rayquaza|Rayquaza|100\/100\n|-ability|p2a: Rayquaza|Air Lock\n|turn|1\n|j| JKidding\n|\n|detailschange|p2a: Rayquaza|Rayquaza-Mega\n|-mega|p2a: Rayquaza|Rayquaza|\n|-weather|DeltaStream|[from] ability: Delta Stream|[of] p2a: Rayquaza\n|move|p2a: Rayquaza|Dragon Ascent|p1a: Emboar\n|-supereffective|p1a: Emboar\n|-damage|p1a: Emboar|0 fnt\n|-unboost|p2a: Rayquaza|def|1\n|-unboost|p2a: Rayquaza|spd|1\n|faint|p1a: Emboar\n|\n|-weather|DeltaStream|[upkeep]\n|upkeep\n|c| JKidding|L\n|c|\u2606Flashybee|um\n|\n|switch|p1a: Emboar|Emboar, F|100\/100\n|turn|2\n|c| lvl1noob69696969|OOF\n|c| lvl1noob69696969|L\n|\n|move|p1a: Emboar|Sucker Punch|p2a: Rayquaza\n|-damage|p2a: Rayquaza|71\/100\n|move|p2a: Rayquaza|Dragon Ascent|p1a: Emboar\n|-supereffective|p1a: Emboar\n|-crit|p1a: Emboar\n|-damage|p1a: Emboar|0 fnt\n|-unboost|p2a: Rayquaza|def|1\n|-unboost|p2a: Rayquaza|spd|1\n|-damage|p2a: Rayquaza|54\/100|[from] item: Rocky Helmet|[of] p1a: Emboar\n|faint|p1a: Emboar\n|\n|-weather|DeltaStream|[upkeep]\n|upkeep\n|c| JKidding|L\n|\n|switch|p1a: Emboar|Emboar, M|100\/100\n|turn|3\n|c| lvl1noob69696969|Pokenob123\n|\n|move|p1a: Emboar|Flare Blitz|p2a: Rayquaza\n|-resisted|p2a: Rayquaza\n|-damage|p2a: Rayquaza|0 fnt\n|-damage|p1a: Emboar|83\/100|[from] Recoil\n|faint|p2a: Rayquaza\n|-weather|none\n|\n|upkeep\n|c|\u2606pokenob123|nah i got this\n|\n|switch|p2a: Zacian|Zacian-Crowned|100\/100\n|-ability|p2a: Zacian|Intrepid Sword|boost\n|-boost|p2a: Zacian|atk|1\n|turn|4\n|\n|move|p2a: Zacian|Play Rough|p1a: Emboar\n|-damage|p1a: Emboar|0 fnt\n|faint|p1a: Emboar\n|\n|upkeep\n|c| JKidding|Nah, he got this\n|c| lvl1noob69696969|more like pokenoob\n|c|\u2606pokenob123|or maybe not\n|c|\u2606pokenob123|also congratulations on getting the name right\n|inactive|Battle timer is ON: inactive players will automatically lose when time's up. (requested by Flashybee)\n|\n|switch|p1a: Emboar|Emboar, M|100\/100\n|turn|5\n|c| lvl1noob69696969|my b, typoed\n|\n|-start|p1a: Emboar|Dynamax\n|-heal|p1a: Emboar|100\/100|[silent]\n|move|p2a: Zacian|Play Rough|p1a: Emboar\n|-damage|p1a: Emboar|49\/100\n|move|p1a: Emboar|Max Flare|p2a: Zacian\n|-supereffective|p2a: Zacian\n|-crit|p2a: Zacian\n|-damage|p2a: Zacian|0 fnt\n|-weather|SunnyDay\n|faint|p2a: Zacian\n|\n|win|pokenob123\n|c|\u2606pokenob123|gg\n|raw|pokenob123's rating: 1111 &rarr; <strong>1135<\/strong><br \/>(+24 for winning)\n|raw|Flashybee's rating: 1097 &rarr; <strong>1073<\/strong><br \/>(-24 for losing)\n|c|\u2606Flashybee|awkard\n|l|\u2606Flashybee\n","uploadtime":1590113393,"views":7,"p1id":"pokenob123","p2id":"flashybee","formatid":"gen8nationaldexag","rating":1073,"private":0,"password":null}