{"id":"gen8ou-1550212226","p1":"newladderalt1","p2":"bakaboure","format":"gen8ou","log":"|j|\u2606newladderalt1\n|j|\u2606bakaboure\n|t:|1649591095\n|gametype|singles\n|player|p1|newladderalt1|266|1333\n|player|p2|bakaboure|bellelba|1364\n|teamsize|p1|6\n|teamsize|p2|6\n|gen|8\n|tier|[Gen 8] OU\n|rated|\n|rule|Sleep Clause Mod: Limit one foe put to sleep\n|rule|Species Clause: Limit one of each Pok\u00e9mon\n|rule|OHKO Clause: OHKO moves are banned\n|rule|Evasion Moves Clause: Evasion moves are banned\n|rule|Endless Battle Clause: Forcing endless battles is banned\n|rule|HP Percentage Mod: HP is shown in percentages\n|rule|Dynamax Clause: You cannot dynamax\n|clearpoke\n|poke|p1|Blissey, F|\n|poke|p1|Quagsire, F|\n|poke|p1|Toxapex, M|\n|poke|p1|Dragonite, F|\n|poke|p1|Corviknight, F|\n|poke|p1|Zapdos|\n|poke|p2|Slowking-Galar, M|\n|poke|p2|Bisharp, F|\n|poke|p2|Landorus-Therian, M|\n|poke|p2|Azumarill, M|\n|poke|p2|Dragonite, M|\n|poke|p2|Urshifu-*, M|\n|teampreview\n|inactive|Battle timer is ON: inactive players will automatically lose when time's up. (requested by bakaboure)\n|\n|t:|1649591118\n|start\n|switch|p1a: Toxapex|Toxapex, M|100\/100\n|switch|p2a: Landorus|Landorus-Therian, M|100\/100\n|-ability|p2a: Landorus|Intimidate|boost\n|-unboost|p1a: Toxapex|atk|1\n|turn|1\n|\n|t:|1649591125\n|move|p2a: Landorus|Knock Off|p1a: Toxapex\n|-damage|p1a: Toxapex|82\/100\n|-enditem|p1a: Toxapex|Shed Shell|[from] move: Knock Off|[of] p2a: Landorus\n|move|p1a: Toxapex|Toxic|p2a: Landorus\n|-status|p2a: Landorus|tox\n|\n|-damage|p2a: Landorus|94\/100 tox|[from] psn\n|upkeep\n|turn|2\n|\n|t:|1649591132\n|switch|p1a: Corviknight|Corviknight, F|100\/100\n|-ability|p1a: Corviknight|Pressure\n|move|p2a: Landorus|Earthquake|p1a: Corviknight\n|-immune|p1a: Corviknight\n|\n|-heal|p2a: Landorus|100\/100 tox|[from] item: Leftovers\n|-damage|p2a: Landorus|88\/100 tox|[from] psn\n|upkeep\n|turn|3\n|\n|t:|1649591141\n|move|p2a: Landorus|Stealth Rock|p1a: Corviknight\n|-sidestart|p1: newladderalt1|move: Stealth Rock\n|move|p1a: Corviknight|Defog|p2a: Landorus\n|-unboost|p2a: Landorus|evasion|1\n|-sideend|p1: newladderalt1|Stealth Rock|[from] move: Defog|[of] p1a: Corviknight\n|\n|-heal|p2a: Landorus|94\/100 tox|[from] item: Leftovers\n|-damage|p2a: Landorus|76\/100 tox|[from] psn\n|upkeep\n|turn|4\n|\n|t:|1649591148\n|move|p2a: Landorus|Knock Off|p1a: Corviknight\n|-damage|p1a: Corviknight|74\/100\n|-enditem|p1a: Corviknight|Leftovers|[from] move: Knock Off|[of] p2a: Landorus\n|move|p1a: Corviknight|U-turn|p2a: Landorus\n|-resisted|p2a: Landorus\n|-damage|p2a: Landorus|71\/100 tox\n|\n|t:|1649591155\n|switch|p1a: Quagsire|Quagsire, F|100\/100|[from]move: U-turn\n|\n|-heal|p2a: Landorus|77\/100 tox|[from] item: Leftovers\n|-damage|p2a: Landorus|53\/100 tox|[from] psn\n|upkeep\n|turn|5\n|\n|t:|1649591161\n|switch|p1a: Corviknight|Corviknight, F|74\/100\n|-ability|p1a: Corviknight|Pressure\n|move|p2a: Landorus|Knock Off|p1a: Corviknight\n|-damage|p1a: Corviknight|57\/100\n|\n|-heal|p2a: Landorus|59\/100 tox|[from] item: Leftovers\n|-damage|p2a: Landorus|29\/100 tox|[from] psn\n|upkeep\n|turn|6\n|\n|t:|1649591169\n|move|p2a: Landorus|U-turn|p1a: Corviknight\n|-resisted|p1a: Corviknight\n|-damage|p1a: Corviknight|53\/100\n|\n|t:|1649591191\n|switch|p2a: Bisharp|Bisharp, F|100\/100|[from]move: U-turn\n|move|p1a: Corviknight|Roost|p1a: Corviknight\n|-heal|p1a: Corviknight|100\/100\n|-singleturn|p1a: Corviknight|move: Roost\n|\n|upkeep\n|turn|7\n|\n|t:|1649591198\n|move|p2a: Bisharp|Swords Dance|p2a: Bisharp\n|-boost|p2a: Bisharp|atk|2\n|move|p1a: Corviknight|U-turn|p2a: Bisharp\n|-damage|p2a: Bisharp|81\/100\n|\n|t:|1649591200\n|switch|p1a: Quagsire|Quagsire, F|100\/100|[from]move: U-turn\n|\n|upkeep\n|turn|8\n|\n|t:|1649591208\n|switch|p2a: Dragonite|Dragonite, M|100\/100\n|move|p1a: Quagsire|Scald|p2a: Dragonite\n|-resisted|p2a: Dragonite\n|-damage|p2a: Dragonite|97\/100\n|\n|upkeep\n|turn|9\n|\n|t:|1649591218\n|switch|p2a: Azumarill|Azumarill, M|100\/100\n|move|p1a: Quagsire|Toxic|p2a: Azumarill\n|-status|p2a: Azumarill|tox\n|\n|-damage|p2a: Azumarill|94\/100 tox|[from] psn\n|upkeep\n|turn|10\n|\n|t:|1649591225\n|move|p2a: Azumarill|Knock Off|p1a: Quagsire\n|-damage|p1a: Quagsire|91\/100\n|-enditem|p1a: Quagsire|Leftovers|[from] move: Knock Off|[of] p2a: Azumarill\n|move|p1a: Quagsire|Recover|p1a: Quagsire\n|-heal|p1a: Quagsire|100\/100\n|\n|-damage|p2a: Azumarill|82\/100 tox|[from] psn\n|upkeep\n|turn|11\n|\n|t:|1649591237\n|move|p2a: Azumarill|Whirlpool|p1a: Quagsire\n|-crit|p1a: Quagsire\n|-damage|p1a: Quagsire|89\/100\n|-activate|p1a: Quagsire|move: Whirlpool|[of] p2a: Azumarill\n|move|p1a: Quagsire|Haze|p1a: Quagsire\n|-clearallboost\n|\n|-damage|p2a: Azumarill|63\/100 tox|[from] psn\n|-damage|p1a: Quagsire|76\/100|[from] move: Whirlpool|[partiallytrapped]\n|upkeep\n|turn|12\n|\n|t:|1649591246\n|move|p2a: Azumarill|Perish Song|p2a: Azumarill\n|-start|p1a: Quagsire|perish3|[silent]\n|-start|p2a: Azumarill|perish3|[silent]\n|-fieldactivate|move: Perish Song\n|move|p1a: Quagsire|Recover|p1a: Quagsire\n|-heal|p1a: Quagsire|100\/100\n|\n|-damage|p2a: Azumarill|39\/100 tox|[from] psn\n|-damage|p1a: Quagsire|88\/100|[from] move: Whirlpool|[partiallytrapped]\n|-start|p2a: Azumarill|perish3\n|-start|p1a: Quagsire|perish3\n|upkeep\n|turn|13\n|\n|t:|1649591257\n|move|p2a: Azumarill|Rest|p2a: Azumarill\n|-status|p2a: Azumarill|slp|[from] move: Rest\n|-heal|p2a: Azumarill|100\/100 slp|[silent]\n|-enditem|p2a: Azumarill|Chesto Berry|[eat]\n|-curestatus|p2a: Azumarill|slp|[msg]\n|move|p1a: Quagsire|Scald|p2a: Azumarill\n|-resisted|p2a: Azumarill\n|-damage|p2a: Azumarill|91\/100\n|\n|-damage|p1a: Quagsire|76\/100|[from] move: Whirlpool|[partiallytrapped]\n|-start|p2a: Azumarill|perish2\n|-start|p1a: Quagsire|perish2\n|upkeep\n|turn|14\n|\n|t:|1649591271\n|move|p2a: Azumarill|Knock Off|p1a: Quagsire\n|-damage|p1a: Quagsire|70\/100\n|move|p1a: Quagsire|Toxic|p2a: Azumarill\n|-status|p2a: Azumarill|tox\n|\n|-damage|p2a: Azumarill|84\/100 tox|[from] psn\n|-damage|p1a: Quagsire|57\/100|[from] move: Whirlpool|[partiallytrapped]\n|-start|p2a: Azumarill|perish1\n|-start|p1a: Quagsire|perish1\n|upkeep\n|turn|15\n|\n|t:|1649591282\n|switch|p2a: Landorus|Landorus-Therian, M|29\/100 tox\n|-ability|p2a: Landorus|Intimidate|boost\n|-unboost|p1a: Quagsire|atk|1\n|move|p1a: Quagsire|Toxic|p2a: Landorus\n|-fail|p2a: Landorus|tox\n|\n|-heal|p2a: Landorus|35\/100 tox|[from] item: Leftovers\n|-damage|p2a: Landorus|29\/100 tox|[from] psn\n|-end|p1a: Quagsire|Whirlpool|[partiallytrapped]|[silent]\n|-start|p1a: Quagsire|perish0\n|upkeep\n|faint|p1a: Quagsire\n|\n|t:|1649591290\n|switch|p1a: Corviknight|Corviknight, F|100\/100\n|-ability|p1a: Corviknight|Pressure\n|turn|16\n|\n|t:|1649591297\n|move|p2a: Landorus|Stealth Rock|p1a: Corviknight\n|-sidestart|p1: newladderalt1|move: Stealth Rock\n|move|p1a: Corviknight|U-turn|p2a: Landorus\n|-resisted|p2a: Landorus\n|-damage|p2a: Landorus|24\/100 tox\n|\n|t:|1649591299\n|switch|p1a: Dragonite|Dragonite, F|100\/100|[from]move: U-turn\n|\n|-heal|p2a: Landorus|30\/100 tox|[from] item: Leftovers\n|-damage|p2a: Landorus|18\/100 tox|[from] psn\n|upkeep\n|turn|17\n|\n|t:|1649591307\n|switch|p1a: Corviknight|Corviknight, F|100\/100\n|-damage|p1a: Corviknight|88\/100|[from] Stealth Rock\n|-ability|p1a: Corviknight|Pressure\n|move|p2a: Landorus|Knock Off|p1a: Corviknight\n|-damage|p1a: Corviknight|72\/100\n|\n|-heal|p2a: Landorus|24\/100 tox|[from] item: Leftovers\n|-damage|p2a: Landorus|6\/100 tox|[from] psn\n|upkeep\n|turn|18\n|\n|t:|1649591316\n|move|p2a: Landorus|U-turn|p1a: Corviknight\n|-resisted|p1a: Corviknight\n|-damage|p1a: Corviknight|68\/100\n|\n|t:|1649591323\n|switch|p2a: Slowking|Slowking-Galar, M|100\/100|[from]move: U-turn\n|move|p1a: Corviknight|Defog|p2a: Slowking\n|-unboost|p2a: Slowking|evasion|1\n|-sideend|p1: newladderalt1|Stealth Rock|[from] move: Defog|[of] p1a: Corviknight\n|\n|upkeep\n|turn|19\n|\n|t:|1649591329\n|move|p1a: Corviknight|U-turn|p2a: Slowking\n|-damage|p2a: Slowking|84\/100\n|\n|t:|1649591333\n|switch|p1a: Dragonite|Dragonite, F|100\/100|[from]move: U-turn\n|move|p2a: Slowking|Future Sight|p1a: Dragonite\n|-start|p2a: Slowking|move: Future Sight\n|\n|upkeep\n|turn|20\n|\n|t:|1649591338\n|move|p1a: Dragonite|Earthquake|p2a: Slowking\n|-supereffective|p2a: Slowking\n|-damage|p2a: Slowking|19\/100\n|move|p2a: Slowking|Scald|p1a: Dragonite\n|-resisted|p1a: Dragonite\n|-damage|p1a: Dragonite|97\/100\n|\n|upkeep\n|turn|21\n|\n|t:|1649591349\n|switch|p1a: Blissey|Blissey, F|100\/100\n|switch|p2a: Landorus|Landorus-Therian, M|6\/100 tox\n|-ability|p2a: Landorus|Intimidate|boost\n|-unboost|p1a: Blissey|atk|1\n|\n|-end|p1a: Blissey|move: Future Sight\n|-damage|p1a: Blissey|82\/100\n|-heal|p2a: Landorus|12\/100 tox|[from] item: Leftovers\n|-heal|p1a: Blissey|88\/100|[from] item: Leftovers\n|-damage|p2a: Landorus|6\/100 tox|[from] psn\n|upkeep\n|turn|22\n|\n|t:|1649591361\n|switch|p1a: Corviknight|Corviknight, F|68\/100\n|-ability|p1a: Corviknight|Pressure\n|move|p2a: Landorus|U-turn|p1a: Corviknight\n|-resisted|p1a: Corviknight\n|-damage|p1a: Corviknight|63\/100\n|\n|t:|1649591369\n|switch|p2a: Urshifu|Urshifu-Rapid-Strike, M|100\/100|[from]move: U-turn\n|\n|upkeep\n|turn|23\n|\n|t:|1649591372\n|switch|p1a: Toxapex|Toxapex, M|100\/100\n|move|p2a: Urshifu|U-turn|p1a: Toxapex\n|-resisted|p1a: Toxapex\n|-damage|p1a: Toxapex|90\/100\n|\n|t:|1649591377\n|switch|p2a: Azumarill|Azumarill, M|84\/100 tox|[from]move: U-turn\n|\n|-damage|p2a: Azumarill|78\/100 tox|[from] psn\n|upkeep\n|turn|24\n|\n|t:|1649591395\n|switch|p2a: Dragonite|Dragonite, M|97\/100\n|move|p1a: Toxapex|Poison Jab|p2a: Dragonite\n|-damage|p2a: Dragonite|80\/100\n|-status|p2a: Dragonite|psn\n|\n|-damage|p2a: Dragonite|67\/100 psn|[from] psn\n|upkeep\n|turn|25\n|\n|t:|1649591404\n|switch|p1a: Corviknight|Corviknight, F|63\/100\n|-ability|p1a: Corviknight|Pressure\n|move|p2a: Dragonite|Earthquake|p1a: Corviknight\n|-immune|p1a: Corviknight\n|\n|-damage|p2a: Dragonite|55\/100 psn|[from] psn\n|upkeep\n|turn|26\n|\n|t:|1649591417\n|switch|p2a: Slowking|Slowking-Galar, M|52\/100\n|move|p1a: Corviknight|Roost|p1a: Corviknight\n|-heal|p1a: Corviknight|100\/100\n|-singleturn|p1a: Corviknight|move: Roost\n|\n|upkeep\n|turn|27\n|\n|t:|1649591427\n|move|p1a: Corviknight|Iron Head|p2a: Slowking\n|-damage|p2a: Slowking|28\/100\n|move|p2a: Slowking|Future Sight|p1a: Corviknight\n|-start|p2a: Slowking|move: Future Sight\n|\n|upkeep\n|turn|28\n|\n|t:|1649591433\n|move|p1a: Corviknight|Iron Head|p2a: Slowking\n|-damage|p2a: Slowking|4\/100\n|move|p2a: Slowking|Scald|p1a: Corviknight\n|-damage|p1a: Corviknight|84\/100\n|\n|upkeep\n|turn|29\n|\n|t:|1649591442\n|switch|p2a: Urshifu|Urshifu-Rapid-Strike, M|100\/100\n|move|p1a: Corviknight|U-turn|p2a: Urshifu\n|-resisted|p2a: Urshifu\n|-damage|p2a: Urshifu|93\/100\n|\n|t:|1649591455\n|switch|p1a: Toxapex|Toxapex, M|100\/100|[from]move: U-turn\n|\n|-end|p1a: Toxapex|move: Future Sight\n|-supereffective|p1a: Toxapex\n|-crit|p1a: Toxapex\n|-damage|p1a: Toxapex|0 fnt\n|faint|p1a: Toxapex\n|upkeep\n|\n|t:|1649591465\n|switch|p1a: Zapdos|Zapdos|100\/100\n|-ability|p1a: Zapdos|Pressure\n|turn|30\n|\n|t:|1649591472\n|move|p2a: Urshifu|Surging Strikes|p1a: Zapdos\n|-crit|p1a: Zapdos\n|-damage|p1a: Zapdos|78\/100\n|-crit|p1a: Zapdos\n|-damage|p1a: Zapdos|55\/100\n|-crit|p1a: Zapdos\n|-damage|p1a: Zapdos|35\/100\n|-hitcount|p1a: Zapdos|3\n|move|p1a: Zapdos|Thunderbolt|p2a: Urshifu\n|-supereffective|p2a: Urshifu\n|-damage|p2a: Urshifu|0 fnt\n|faint|p2a: Urshifu\n|\n|upkeep\n|\n|t:|1649591485\n|switch|p2a: Dragonite|Dragonite, M|55\/100 psn\n|turn|31\n|\n|t:|1649591489\n|move|p1a: Zapdos|Roost|p1a: Zapdos\n|-heal|p1a: Zapdos|85\/100\n|-singleturn|p1a: Zapdos|move: Roost\n|move|p2a: Dragonite|Dragon Dance|p2a: Dragonite\n|-boost|p2a: Dragonite|atk|1\n|-boost|p2a: Dragonite|spe|1\n|\n|-damage|p2a: Dragonite|42\/100 psn|[from] psn\n|upkeep\n|turn|32\n|\n|t:|1649591500\n|switch|p1a: Corviknight|Corviknight, F|84\/100\n|-ability|p1a: Corviknight|Pressure\n|move|p2a: Dragonite|Dragon Claw|p1a: Corviknight\n|-resisted|p1a: Corviknight\n|-damage|p1a: Corviknight|62\/100\n|\n|-damage|p2a: Dragonite|30\/100 psn|[from] psn\n|upkeep\n|turn|33\n|\n|t:|1649591508\n|move|p2a: Dragonite|Dragon Claw|p1a: Corviknight\n|-resisted|p1a: Corviknight\n|-crit|p1a: Corviknight\n|-damage|p1a: Corviknight|28\/100\n|move|p1a: Corviknight|Roost|p1a: Corviknight\n|-heal|p1a: Corviknight|78\/100\n|-singleturn|p1a: Corviknight|move: Roost\n|\n|-damage|p2a: Dragonite|17\/100 psn|[from] psn\n|upkeep\n|turn|34\n|\n|t:|1649591524\n|move|p2a: Dragonite|Dragon Claw|p1a: Corviknight\n|-resisted|p1a: Corviknight\n|-damage|p1a: Corviknight|55\/100\n|move|p1a: Corviknight|Roost|p1a: Corviknight\n|-heal|p1a: Corviknight|100\/100\n|-singleturn|p1a: Corviknight|move: Roost\n|\n|-damage|p2a: Dragonite|5\/100 psn|[from] psn\n|upkeep\n|turn|35\n|\n|t:|1649591533\n|move|p2a: Dragonite|Dragon Claw|p1a: Corviknight\n|-resisted|p1a: Corviknight\n|-damage|p1a: Corviknight|76\/100\n|move|p1a: Corviknight|Roost|p1a: Corviknight\n|-heal|p1a: Corviknight|100\/100\n|-singleturn|p1a: Corviknight|move: Roost\n|\n|-damage|p2a: Dragonite|0 fnt|[from] psn\n|faint|p2a: Dragonite\n|upkeep\n|\n|t:|1649591542\n|switch|p2a: Bisharp|Bisharp, F|81\/100\n|turn|36\n|\n|t:|1649591562\n|move|p2a: Bisharp|Swords Dance|p2a: Bisharp\n|-boost|p2a: Bisharp|atk|2\n|move|p1a: Corviknight|U-turn|p2a: Bisharp\n|-damage|p2a: Bisharp|62\/100\n|\n|t:|1649591564\n|switch|p1a: Dragonite|Dragonite, F|97\/100|[from]move: U-turn\n|\n|upkeep\n|turn|37\n|inactive|newladderalt1 has 120 seconds left.\n|inactive|bakaboure has 120 seconds left.\n|\n|t:|1649591598\n|move|p2a: Bisharp|Knock Off|p1a: Dragonite\n|-damage|p1a: Dragonite|0 fnt\n|-enditem|p1a: Dragonite|Heavy-Duty Boots|[from] move: Knock Off|[of] p2a: Bisharp\n|faint|p1a: Dragonite\n|\n|upkeep\n|\n|t:|1649591603\n|switch|p1a: Corviknight|Corviknight, F|100\/100\n|-ability|p1a: Corviknight|Pressure\n|turn|38\n|inactive|newladderalt1 has 120 seconds left.\n|\n|t:|1649591610\n|move|p2a: Bisharp|Knock Off|p1a: Corviknight\n|-damage|p1a: Corviknight|36\/100\n|move|p1a: Corviknight|Iron Head|p2a: Bisharp\n|-resisted|p2a: Bisharp\n|-damage|p2a: Bisharp|46\/100\n|\n|upkeep\n|turn|39\n|\n|t:|1649591616\n|move|p2a: Bisharp|Knock Off|p1a: Corviknight\n|-damage|p1a: Corviknight|0 fnt\n|faint|p1a: Corviknight\n|\n|upkeep\n|\n|t:|1649591625\n|switch|p1a: Zapdos|Zapdos|85\/100\n|-ability|p1a: Zapdos|Pressure\n|turn|40\n|\n|t:|1649591634\n|switch|p2a: Slowking|Slowking-Galar, M|37\/100\n|move|p1a: Zapdos|Roost|p1a: Zapdos\n|-heal|p1a: Zapdos|100\/100\n|-singleturn|p1a: Zapdos|move: Roost\n|\n|upkeep\n|turn|41\n|\n|t:|1649591640\n|switch|p2a: Landorus|Landorus-Therian, M|6\/100 tox\n|-ability|p2a: Landorus|Intimidate|boost\n|-unboost|p1a: Zapdos|atk|1\n|move|p1a: Zapdos|Thunderbolt|p2a: Landorus\n|-immune|p2a: Landorus\n|\n|-heal|p2a: Landorus|12\/100 tox|[from] item: Leftovers\n|-damage|p2a: Landorus|6\/100 tox|[from] psn\n|upkeep\n|turn|42\n|\n|t:|1649591649\n|move|p1a: Zapdos|Heat Wave|p2a: Landorus\n|-damage|p2a: Landorus|0 fnt\n|faint|p2a: Landorus\n|\n|upkeep\n|\n|t:|1649591654\n|switch|p2a: Slowking|Slowking-Galar, M|70\/100\n|turn|43\n|\n|t:|1649591680\n|switch|p1a: Blissey|Blissey, F|88\/100\n|move|p2a: Slowking|Future Sight|p1a: Blissey\n|-start|p2a: Slowking|move: Future Sight\n|\n|-heal|p1a: Blissey|95\/100|[from] item: Leftovers\n|upkeep\n|turn|44\n|\n|t:|1649591706\n|move|p1a: Blissey|Seismic Toss|p2a: Slowking\n|-damage|p2a: Slowking|45\/100\n|move|p2a: Slowking|Sludge Bomb|p1a: Blissey\n|-damage|p1a: Blissey|80\/100\n|-status|p1a: Blissey|psn\n|\n|-heal|p1a: Blissey|86\/100 psn|[from] item: Leftovers\n|-damage|p1a: Blissey|73\/100 psn|[from] psn\n|upkeep\n|turn|45\n|\n|t:|1649591717\n|switch|p2a: Azumarill|Azumarill, M|78\/100 tox\n|move|p1a: Blissey|Seismic Toss|p2a: Azumarill\n|-damage|p2a: Azumarill|53\/100 tox\n|\n|-end|p1a: Blissey|move: Future Sight\n|-damage|p1a: Blissey|53\/100 psn\n|-heal|p1a: Blissey|59\/100 psn|[from] item: Leftovers\n|-damage|p1a: Blissey|46\/100 psn|[from] psn\n|-damage|p2a: Azumarill|47\/100 tox|[from] psn\n|upkeep\n|turn|46\n|\n|t:|1649591728\n|-curestatus|p1a: Blissey|psn|[from] ability: Natural Cure\n|switch|p1a: Zapdos|Zapdos|100\/100\n|-ability|p1a: Zapdos|Pressure\n|move|p2a: Azumarill|Whirlpool|p1a: Zapdos|[miss]\n|-miss|p2a: Azumarill|p1a: Zapdos\n|\n|-damage|p2a: Azumarill|35\/100 tox|[from] psn\n|upkeep\n|turn|47\n|\n|t:|1649591739\n|switch|p2a: Slowking|Slowking-Galar, M|78\/100\n|move|p1a: Zapdos|Thunderbolt|p2a: Slowking\n|-damage|p2a: Slowking|60\/100\n|\n|upkeep\n|turn|48\n|\n|t:|1649591744\n|switch|p1a: Blissey|Blissey, F|46\/100\n|move|p2a: Slowking|Future Sight|p1a: Blissey\n|-start|p2a: Slowking|move: Future Sight\n|\n|-heal|p1a: Blissey|53\/100|[from] item: Leftovers\n|upkeep\n|turn|49\n|\n|t:|1649591752\n|switch|p2a: Bisharp|Bisharp, F|46\/100\n|move|p1a: Blissey|Soft-Boiled|p1a: Blissey\n|-heal|p1a: Blissey|100\/100\n|\n|upkeep\n|turn|50\n|\n|t:|1649591760\n|move|p2a: Bisharp|Iron Head|p1a: Blissey\n|-damage|p1a: Blissey|62\/100\n|move|p1a: Blissey|Soft-Boiled|p1a: Blissey\n|-heal|p1a: Blissey|100\/100\n|\n|-end|p1a: Blissey|move: Future Sight\n|-damage|p1a: Blissey|82\/100\n|-heal|p1a: Blissey|88\/100|[from] item: Leftovers\n|upkeep\n|turn|51\n|\n|t:|1649591772\n|move|p2a: Bisharp|Swords Dance|p2a: Bisharp\n|-boost|p2a: Bisharp|atk|2\n|move|p1a: Blissey|Seismic Toss|p2a: Bisharp\n|-damage|p2a: Bisharp|9\/100\n|\n|-heal|p1a: Blissey|94\/100|[from] item: Leftovers\n|upkeep\n|turn|52\n|\n|t:|1649591787\n|move|p2a: Bisharp|Knock Off|p1a: Blissey\n|-damage|p1a: Blissey|0 fnt\n|-enditem|p1a: Blissey|Leftovers|[from] move: Knock Off|[of] p2a: Bisharp\n|faint|p1a: Blissey\n|\n|upkeep\n|\n|t:|1649591789\n|switch|p1a: Zapdos|Zapdos|100\/100\n|-ability|p1a: Zapdos|Pressure\n|turn|53\n|\n|t:|1649591799\n|move|p2a: Bisharp|Knock Off|p1a: Zapdos\n|-damage|p1a: Zapdos|15\/100\n|-enditem|p1a: Zapdos|Heavy-Duty Boots|[from] move: Knock Off|[of] p2a: Bisharp\n|move|p1a: Zapdos|Thunderbolt|p2a: Bisharp\n|-damage|p2a: Bisharp|0 fnt\n|faint|p2a: Bisharp\n|\n|upkeep\n|\n|t:|1649591806\n|switch|p2a: Azumarill|Azumarill, M|35\/100 tox\n|turn|54\n|\n|t:|1649591809\n|move|p1a: Zapdos|Thunderbolt|p2a: Azumarill\n|-supereffective|p2a: Azumarill\n|-damage|p2a: Azumarill|0 fnt\n|faint|p2a: Azumarill\n|\n|upkeep\n|\n|t:|1649591813\n|switch|p2a: Slowking|Slowking-Galar, M|93\/100\n|turn|55\n|\n|t:|1649591818\n|move|p1a: Zapdos|Roost|p1a: Zapdos\n|-heal|p1a: Zapdos|65\/100\n|-singleturn|p1a: Zapdos|move: Roost\n|move|p2a: Slowking|Sludge Bomb|p1a: Zapdos\n|-damage|p1a: Zapdos|29\/100\n|\n|upkeep\n|turn|56\n|\n|t:|1649591824\n|move|p1a: Zapdos|Roost|p1a: Zapdos\n|-heal|p1a: Zapdos|79\/100\n|-singleturn|p1a: Zapdos|move: Roost\n|move|p2a: Slowking|Future Sight|p1a: Zapdos\n|-start|p2a: Slowking|move: Future Sight\n|\n|upkeep\n|turn|57\n|\n|t:|1649591830\n|move|p1a: Zapdos|Thunderbolt|p2a: Slowking\n|-damage|p2a: Slowking|78\/100\n|-status|p2a: Slowking|par\n|move|p2a: Slowking|Sludge Bomb|p1a: Zapdos\n|-damage|p1a: Zapdos|39\/100\n|\n|upkeep\n|turn|58\n|\n|t:|1649591836\n|move|p1a: Zapdos|Roost|p1a: Zapdos\n|-heal|p1a: Zapdos|89\/100\n|-singleturn|p1a: Zapdos|move: Roost\n|cant|p2a: Slowking|par\n|\n|-end|p1a: Zapdos|move: Future Sight\n|-damage|p1a: Zapdos|35\/100\n|upkeep\n|turn|59\n|\n|t:|1649591844\n|move|p1a: Zapdos|Roost|p1a: Zapdos\n|-heal|p1a: Zapdos|85\/100\n|-singleturn|p1a: Zapdos|move: Roost\n|move|p2a: Slowking|Future Sight|p1a: Zapdos\n|-start|p2a: Slowking|move: Future Sight\n|\n|upkeep\n|turn|60\n|\n|t:|1649591850\n|move|p1a: Zapdos|Thunderbolt|p2a: Slowking\n|-damage|p2a: Slowking|60\/100 par\n|move|p2a: Slowking|Sludge Bomb|p1a: Zapdos\n|-damage|p1a: Zapdos|44\/100\n|\n|upkeep\n|turn|61\n|\n|t:|1649591855\n|move|p1a: Zapdos|Roost|p1a: Zapdos\n|-heal|p1a: Zapdos|94\/100\n|-singleturn|p1a: Zapdos|move: Roost\n|move|p2a: Slowking|Sludge Bomb|p1a: Zapdos\n|-damage|p1a: Zapdos|59\/100\n|\n|-end|p1a: Zapdos|move: Future Sight\n|-damage|p1a: Zapdos|12\/100\n|upkeep\n|turn|62\n|\n|t:|1649591863\n|move|p1a: Zapdos|Roost|p1a: Zapdos\n|-heal|p1a: Zapdos|62\/100\n|-singleturn|p1a: Zapdos|move: Roost\n|move|p2a: Slowking|Sludge Bomb|p1a: Zapdos\n|-damage|p1a: Zapdos|26\/100\n|\n|upkeep\n|turn|63\n|\n|t:|1649591869\n|move|p1a: Zapdos|Roost|p1a: Zapdos\n|-heal|p1a: Zapdos|76\/100\n|-singleturn|p1a: Zapdos|move: Roost\n|move|p2a: Slowking|Sludge Bomb|p1a: Zapdos\n|-damage|p1a: Zapdos|39\/100\n|\n|upkeep\n|turn|64\n|\n|t:|1649591876\n|move|p1a: Zapdos|Roost|p1a: Zapdos\n|-heal|p1a: Zapdos|89\/100\n|-singleturn|p1a: Zapdos|move: Roost\n|move|p2a: Slowking|Sludge Bomb|p1a: Zapdos\n|-damage|p1a: Zapdos|52\/100\n|\n|upkeep\n|turn|65\n|\n|t:|1649591883\n|move|p1a: Zapdos|Roost|p1a: Zapdos\n|-heal|p1a: Zapdos|100\/100\n|-singleturn|p1a: Zapdos|move: Roost\n|move|p2a: Slowking|Sludge Bomb|p1a: Zapdos\n|-damage|p1a: Zapdos|61\/100\n|\n|upkeep\n|turn|66\n|\n|t:|1649591889\n|move|p1a: Zapdos|Thunderbolt|p2a: Slowking\n|-damage|p2a: Slowking|45\/100 par\n|move|p2a: Slowking|Future Sight|p1a: Zapdos\n|-start|p2a: Slowking|move: Future Sight\n|\n|upkeep\n|turn|67\n|\n|t:|1649591894\n|move|p1a: Zapdos|Thunderbolt|p2a: Slowking\n|-damage|p2a: Slowking|29\/100 par\n|move|p2a: Slowking|Scald|p1a: Zapdos\n|-damage|p1a: Zapdos|39\/100\n|\n|upkeep\n|turn|68\n|\n|t:|1649591899\n|move|p1a: Zapdos|Roost|p1a: Zapdos\n|-heal|p1a: Zapdos|89\/100\n|-singleturn|p1a: Zapdos|move: Roost\n|move|p2a: Slowking|Scald|p1a: Zapdos\n|-damage|p1a: Zapdos|65\/100\n|\n|-end|p1a: Zapdos|move: Future Sight\n|-damage|p1a: Zapdos|14\/100\n|upkeep\n|turn|69\n|\n|t:|1649591908\n|move|p1a: Zapdos|Roost|p1a: Zapdos\n|-heal|p1a: Zapdos|64\/100\n|-singleturn|p1a: Zapdos|move: Roost\n|cant|p2a: Slowking|par\n|\n|upkeep\n|turn|70\n|\n|t:|1649591913\n|move|p1a: Zapdos|Thunderbolt|p2a: Slowking\n|-damage|p2a: Slowking|13\/100 par\n|move|p2a: Slowking|Future Sight|p1a: Zapdos\n|-start|p2a: Slowking|move: Future Sight\n|\n|upkeep\n|turn|71\n|\n|t:|1649591918\n|move|p1a: Zapdos|Thunderbolt|p2a: Slowking\n|-damage|p2a: Slowking|0 fnt\n|faint|p2a: Slowking\n|\n|win|newladderalt1\n|raw|newladderalt1's rating: 1333 &rarr; <strong>1355<\/strong><br \/>(+22 for winning)\n|raw|bakaboure's rating: 1364 &rarr; <strong>1342<\/strong><br \/>(-22 for losing)\n","uploadtime":1649591921,"views":83,"p1id":"newladderalt1","p2id":"bakaboure","formatid":"gen8ou","rating":1342,"private":0,"password":null}