{"id":"gen8ou-1424636551","p1":"Vodyne","p2":"degardome","format":"gen8ou","log":"|j|\u203dVodyne\n|j|\u2606degardome\n|t:|1632729196\n|gametype|singles\n|player|p1|Vodyne|265|1686\n|player|p2|degardome|birdkeeper-gen4dp|1788\n|teamsize|p1|6\n|teamsize|p2|6\n|gen|8\n|tier|[Gen 8] OU\n|rated|\n|rule|Sleep Clause Mod: Limit one foe put to sleep\n|rule|Species Clause: Limit one of each Pok\u00e9mon\n|rule|OHKO Clause: OHKO moves are banned\n|rule|Evasion Moves Clause: Evasion moves are banned\n|rule|Endless Battle Clause: Forcing endless battles is banned\n|rule|HP Percentage Mod: HP is shown in percentages\n|rule|Dynamax Clause: You cannot dynamax\n|clearpoke\n|poke|p1|Snorlax, M|\n|poke|p1|Suicune|\n|poke|p1|Melmetal|\n|poke|p1|Victini|\n|poke|p1|Landorus-Therian, M|\n|poke|p1|Zapdos|\n|poke|p2|Tapu Lele|\n|poke|p2|Alakazam, F|\n|poke|p2|Urshifu-*, F|\n|poke|p2|Mamoswine, M|\n|poke|p2|Zapdos|\n|poke|p2|Blacephalon|\n|teampreview\n|inactive|Battle timer is ON: inactive players will automatically lose when time's up. (requested by degardome)\n|\n|t:|1632729215\n|start\n|switch|p1a: Victini|Victini|100\/100\n|switch|p2a: Mamoswine|Mamoswine, M|100\/100\n|turn|1\n|\n|t:|1632729219\n|move|p1a: Victini|V-create|p2a: Mamoswine\n|-supereffective|p2a: Mamoswine\n|-enditem|p2a: Mamoswine|Focus Sash\n|-damage|p2a: Mamoswine|1\/100\n|-unboost|p1a: Victini|spe|1\n|-unboost|p1a: Victini|def|1\n|-unboost|p1a: Victini|spd|1\n|move|p2a: Mamoswine|Endeavor|p1a: Victini\n|-damage|p1a: Victini|1\/100\n|\n|upkeep\n|turn|2\n|\n|t:|1632729234\n|switch|p1a: Suicune|Suicune|100\/100\n|-ability|p1a: Suicune|Pressure\n|move|p2a: Mamoswine|Stealth Rock|p1a: Suicune\n|-sidestart|p1: Vodyne|move: Stealth Rock\n|\n|upkeep\n|turn|3\n|\n|t:|1632729240\n|move|p2a: Mamoswine|Endeavor|p1a: Suicune\n|-damage|p1a: Suicune|1\/100\n|move|p1a: Suicune|Scald|p2a: Mamoswine\n|-supereffective|p2a: Mamoswine\n|-damage|p2a: Mamoswine|0 fnt\n|faint|p2a: Mamoswine\n|\n|-heal|p1a: Suicune|7\/100|[from] item: Leftovers\n|upkeep\n|\n|t:|1632729255\n|switch|p2a: Blacephalon|Blacephalon|100\/100\n|turn|4\n|j| DingusDoge\n|\n|t:|1632729263\n|switch|p1a: Snorlax|Snorlax, M|100\/100\n|-damage|p1a: Snorlax|88\/100|[from] Stealth Rock\n|move|p2a: Blacephalon|Flamethrower|p1a: Snorlax\n|-damage|p1a: Snorlax|75\/100\n|\n|-heal|p1a: Snorlax|81\/100|[from] item: Leftovers\n|upkeep\n|turn|5\n|\n|t:|1632729271\n|switch|p2a: Tapu Lele|Tapu Lele|100\/100\n|-fieldstart|move: Psychic Terrain|[from] ability: Psychic Surge|[of] p2a: Tapu Lele\n|move|p1a: Snorlax|Body Slam|p2a: Tapu Lele\n|-damage|p2a: Tapu Lele|54\/100\n|-status|p2a: Tapu Lele|par\n|\n|-heal|p1a: Snorlax|88\/100|[from] item: Leftovers\n|upkeep\n|turn|6\n|\n|t:|1632729278\n|switch|p2a: Urshifu|Urshifu-Rapid-Strike, F|100\/100\n|switch|p1a: Melmetal|Melmetal|100\/100\n|-damage|p1a: Melmetal|94\/100|[from] Stealth Rock\n|\n|upkeep\n|turn|7\n|\n|t:|1632729286\n|move|p2a: Urshifu|U-turn|p1a: Melmetal\n|-resisted|p1a: Melmetal\n|-damage|p1a: Melmetal|84\/100\n|c|\u2606degardome|XD\n|j| westcottike\n|\n|t:|1632729292\n|switch|p2a: Zapdos|Zapdos|100\/100|[from]move: U-turn\n|move|p1a: Melmetal|Thunder Punch|p2a: Zapdos\n|-damage|p2a: Zapdos|52\/100\n|\n|upkeep\n|turn|8\n|\n|t:|1632729301\n|move|p2a: Zapdos|Thunderbolt|p1a: Melmetal\n|-damage|p1a: Melmetal|52\/100\n|move|p1a: Melmetal|Ice Punch|p2a: Zapdos\n|-supereffective|p2a: Zapdos\n|-damage|p2a: Zapdos|0 fnt\n|faint|p2a: Zapdos\n|\n|upkeep\n|\n|t:|1632729303\n|switch|p2a: Alakazam|Alakazam, F|100\/100\n|turn|9\n|\n|t:|1632729306\n|move|p2a: Alakazam|Psyshock|p1a: Melmetal\n|-resisted|p1a: Melmetal\n|-damage|p1a: Melmetal|27\/100\n|move|p1a: Melmetal|Double Iron Bash|p2a: Alakazam\n|-damage|p2a: Alakazam|0 fnt\n|faint|p2a: Alakazam\n|-hitcount|p2: Alakazam|1\n|\n|upkeep\n|c|\u2606degardome|youre\n|c|\u2606degardome|so bad\n|c|\u2606degardome|its disgusting\n|c|\u2606degardome|lmfao\n|\n|t:|1632729319\n|switch|p2a: Urshifu|Urshifu-Rapid-Strike, F|100\/100\n|turn|10\n|\n|t:|1632729322\n|move|p2a: Urshifu|Surging Strikes|p1a: Melmetal\n|-crit|p1a: Melmetal\n|-damage|p1a: Melmetal|7\/100\n|-crit|p1a: Melmetal\n|-damage|p1a: Melmetal|0 fnt\n|faint|p1a: Melmetal\n|-hitcount|p1: Melmetal|2\n|\n|upkeep\n|\n|t:|1632729326\n|switch|p1a: Zapdos|Zapdos|100\/100\n|turn|11\n|\n|t:|1632729332\n|switch|p2a: Blacephalon|Blacephalon|100\/100\n|move|p1a: Zapdos|Discharge|p2a: Blacephalon\n|-damage|p2a: Blacephalon|23\/100\n|-status|p2a: Blacephalon|par\n|\n|upkeep\n|turn|12\n|\n|t:|1632729336\n|move|p1a: Zapdos|Discharge|p2a: Blacephalon\n|-damage|p2a: Blacephalon|0 fnt\n|faint|p2a: Blacephalon\n|\n|-fieldend|move: Psychic Terrain\n|upkeep\n|\n|t:|1632729338\n|switch|p2a: Urshifu|Urshifu-Rapid-Strike, F|100\/100\n|turn|13\n|\n|t:|1632729340\n|move|p2a: Urshifu|Surging Strikes|p1a: Zapdos\n|-crit|p1a: Zapdos\n|-damage|p1a: Zapdos|65\/100\n|-crit|p1a: Zapdos\n|-damage|p1a: Zapdos|33\/100\n|-status|p2a: Urshifu|par|[from] ability: Static|[of] p1a: Zapdos\n|-crit|p1a: Zapdos\n|-damage|p1a: Zapdos|0 fnt\n|faint|p1a: Zapdos\n|-hitcount|p1: Zapdos|3\n|\n|upkeep\n|c|\u2606degardome|yeah\n|c|\u2606degardome|youre\n|c|\u2606degardome|terrible\n|j| 1quickbatelb4igo57\n|c|\u2606degardome|its insane\n|c|\u2606degardome|please\n|c|\u2606degardome|quit this game\n|c|\u2606degardome|and never play it again\n|\n|t:|1632729356\n|switch|p1a: Landorus|Landorus-Therian, M|100\/100\n|-damage|p1a: Landorus|88\/100|[from] Stealth Rock\n|-ability|p1a: Landorus|Intimidate|boost\n|-unboost|p2a: Urshifu|atk|1\n|turn|14\n|c|\u2606degardome|disgusting to watchyou pla\n|c|\u2606degardome|y\n|\n|t:|1632729362\n|switch|p2a: Tapu Lele|Tapu Lele|54\/100 par\n|-fieldstart|move: Psychic Terrain|[from] ability: Psychic Surge|[of] p2a: Tapu Lele\n|move|p1a: Landorus|Earthquake|p2a: Tapu Lele\n|-damage|p2a: Tapu Lele|0 fnt\n|faint|p2a: Tapu Lele\n|\n|upkeep\n|\n|t:|1632729364\n|switch|p2a: Urshifu|Urshifu-Rapid-Strike, F|100\/100 par\n|turn|15\n|\n|t:|1632729366\n|move|p1a: Landorus|Earthquake|p2a: Urshifu\n|-damage|p2a: Urshifu|43\/100 par\n|cant|p2a: Urshifu|par\n|\n|upkeep\n|turn|16\n|-message|degardome forfeited.\n|\n|win|Vodyne\n|raw|Vodyne's rating: 1686 &rarr; <strong>1712<\/strong><br \/>(+26 for winning)\n|raw|degardome's rating: 1788 &rarr; <strong>1762<\/strong><br \/>(-26 for losing)\n|l|\u2606degardome\n|l| 1quickbatelb4igo57\n","uploadtime":1632729395,"views":27,"p1id":"vodyne","p2id":"degardome","formatid":"gen8ou","rating":1712,"private":0,"password":null}