{"id":"gen8bdspou-1458796451","p1":"MonkeKING69","p2":"i know im horrible","format":"gen8bdspou","log":"|j|\u2606MonkeKING69\n|j|\u2606i know im horrible\n|t:|1637579205\n|gametype|singles\n|player|p1|MonkeKING69|waiter|1365\n|player|p2|i know im horrible|2|1327\n|teamsize|p1|6\n|teamsize|p2|6\n|gen|8\n|tier|[Gen 8 BDSP] OU\n|rated|\n|rule|Sleep Clause Mod: Limit one foe put to sleep\n|rule|Species Clause: Limit one of each Pok\u00e9mon\n|rule|OHKO Clause: OHKO moves are banned\n|rule|Evasion Moves Clause: Evasion moves are banned\n|rule|Endless Battle Clause: Forcing endless battles is banned\n|rule|HP Percentage Mod: HP is shown in percentages\n|clearpoke\n|poke|p1|Staraptor, F|\n|poke|p1|Garchomp, M|\n|poke|p1|Magnezone|\n|poke|p1|Latios, M|\n|poke|p1|Skarmory, M|\n|poke|p1|Clefable, F|\n|poke|p2|Gliscor, M|\n|poke|p2|Blissey, F|\n|poke|p2|Skarmory, M|\n|poke|p2|Clefable, M|\n|poke|p2|Mantine, M|\n|poke|p2|Ditto|\n|teampreview\n|j| Nobeta\n|c|\u2606MonkeKING69|gl hf\n|c|\u2606i know im horrible|u2\n|\n|t:|1637579221\n|start\n|switch|p1a: Staraptor|Staraptor, F|100\/100\n|switch|p2a: Blissey|Blissey, F|100\/100\n|turn|1\n|\n|t:|1637579225\n|move|p1a: Staraptor|U-turn|p2a: Blissey\n|-damage|p2a: Blissey|71\/100\n|\n|t:|1637579230\n|switch|p1a: Clefable|Clefable, F|100\/100|[from]move: U-turn\n|move|p2a: Blissey|Thunder Wave|p1a: Clefable\n|-status|p1a: Clefable|par\n|\n|-heal|p2a: Blissey|77\/100|[from] item: Leftovers\n|upkeep\n|turn|2\n|\n|t:|1637579235\n|switch|p2a: Gliscor|Gliscor, M|100\/100\n|move|p1a: Clefable|Stealth Rock|p2a: Gliscor\n|-sidestart|p2: i know im horrible|move: Stealth Rock\n|\n|-status|p2a: Gliscor|tox|[from] item: Toxic Orb\n|upkeep\n|turn|3\n|\n|t:|1637579240\n|switch|p1a: Latios|Latios, M|100\/100\n|move|p2a: Gliscor|Knock Off|p1a: Latios\n|-supereffective|p1a: Latios\n|-damage|p1a: Latios|39\/100\n|-enditem|p1a: Latios|Choice Specs|[from] move: Knock Off|[of] p2a: Gliscor\n|\n|upkeep\n|turn|4\n|\n|t:|1637579246\n|switch|p1a: Staraptor|Staraptor, F|100\/100\n|switch|p2a: Blissey|Blissey, F|77\/100\n|-damage|p2a: Blissey|65\/100|[from] Stealth Rock\n|\n|-heal|p2a: Blissey|71\/100|[from] item: Leftovers\n|upkeep\n|turn|5\n|\n|t:|1637579263\n|switch|p2a: Gliscor|Gliscor, M|100\/100 tox\n|-damage|p2a: Gliscor|88\/100 tox|[from] Stealth Rock\n|move|p1a: Staraptor|Close Combat|p2a: Gliscor\n|-resisted|p2a: Gliscor\n|-damage|p2a: Gliscor|67\/100 tox\n|-unboost|p1a: Staraptor|def|1\n|-unboost|p1a: Staraptor|spd|1\n|\n|-heal|p2a: Gliscor|79\/100 tox|[from] ability: Poison Heal\n|upkeep\n|turn|6\n|\n|t:|1637579269\n|switch|p1a: Garchomp|Garchomp, M|100\/100\n|move|p2a: Gliscor|Stealth Rock|p1a: Garchomp\n|-sidestart|p1: MonkeKING69|move: Stealth Rock\n|\n|-heal|p2a: Gliscor|91\/100 tox|[from] ability: Poison Heal\n|upkeep\n|turn|7\n|\n|t:|1637579277\n|switch|p2a: Clefable|Clefable, M|100\/100\n|-damage|p2a: Clefable|88\/100|[from] Stealth Rock\n|move|p1a: Garchomp|Swords Dance|p1a: Garchomp\n|-boost|p1a: Garchomp|atk|2\n|\n|-heal|p2a: Clefable|94\/100|[from] item: Leftovers\n|upkeep\n|turn|8\n|\n|t:|1637579282\n|move|p1a: Garchomp|Iron Head|p2a: Clefable\n|-supereffective|p2a: Clefable\n|-damage|p2a: Clefable|36\/100\n|-damage|p1a: Garchomp|91\/100|[from] item: Life Orb\n|move|p2a: Clefable|Moonblast|p1a: Garchomp\n|-supereffective|p1a: Garchomp\n|-damage|p1a: Garchomp|25\/100\n|\n|-heal|p2a: Clefable|42\/100|[from] item: Leftovers\n|upkeep\n|turn|9\n|\n|t:|1637579291\n|move|p2a: Clefable|Protect|p2a: Clefable\n|-singleturn|p2a: Clefable|Protect\n|move|p1a: Garchomp|Swords Dance|p1a: Garchomp\n|-boost|p1a: Garchomp|atk|2\n|\n|-heal|p2a: Clefable|48\/100|[from] item: Leftovers\n|upkeep\n|turn|10\n|\n|t:|1637579296\n|switch|p2a: Skarmory|Skarmory, M|100\/100\n|-damage|p2a: Skarmory|88\/100|[from] Stealth Rock\n|move|p1a: Garchomp|Iron Head|p2a: Skarmory\n|-resisted|p2a: Skarmory\n|-damage|p2a: Skarmory|56\/100\n|-damage|p1a: Garchomp|15\/100|[from] item: Life Orb\n|\n|-heal|p2a: Skarmory|62\/100|[from] item: Leftovers\n|upkeep\n|turn|11\n|\n|t:|1637579303\n|move|p1a: Garchomp|Dragon Claw|p2a: Skarmory\n|-resisted|p2a: Skarmory\n|-crit|p2a: Skarmory\n|-damage|p2a: Skarmory|0 fnt\n|faint|p2a: Skarmory\n|-damage|p1a: Garchomp|6\/100|[from] item: Life Orb\n|\n|upkeep\n|\n|t:|1637579311\n|switch|p2a: Ditto|Ditto|100\/100\n|-damage|p2a: Ditto|88\/100|[from] Stealth Rock\n|-transform|p2a: Ditto|p1a: Garchomp|[from] ability: Imposter\n|turn|12\n|\n|t:|1637579319\n|move|p1a: Garchomp|Iron Head|p2a: Ditto\n|-damage|p2a: Ditto|0 fnt\n|-damage|p1a: Garchomp|0 fnt|[from] ability: Rough Skin|[of] p2a: Ditto\n|faint|p2a: Ditto\n|faint|p1a: Garchomp\n|\n|upkeep\n|\n|t:|1637579344\n|switch|p1a: Latios|Latios, M|39\/100\n|switch|p2a: Gliscor|Gliscor, M|91\/100 tox\n|-damage|p1a: Latios|27\/100|[from] Stealth Rock\n|-damage|p2a: Gliscor|79\/100 tox|[from] Stealth Rock\n|turn|13\n|\n|t:|1637579350\n|switch|p2a: Blissey|Blissey, F|71\/100\n|-damage|p2a: Blissey|58\/100|[from] Stealth Rock\n|move|p1a: Latios|Ice Beam|p2a: Blissey\n|-damage|p2a: Blissey|48\/100\n|\n|-heal|p2a: Blissey|54\/100|[from] item: Leftovers\n|upkeep\n|turn|14\n|\n|t:|1637579356\n|switch|p1a: Staraptor|Staraptor, F|100\/100\n|-damage|p1a: Staraptor|76\/100|[from] Stealth Rock\n|move|p2a: Blissey|Thunder Wave|p1a: Staraptor\n|-status|p1a: Staraptor|par\n|\n|-heal|p2a: Blissey|60\/100|[from] item: Leftovers\n|upkeep\n|turn|15\n|\n|t:|1637579361\n|move|p1a: Staraptor|Brave Bird|p2a: Blissey\n|-damage|p2a: Blissey|0 fnt\n|faint|p2a: Blissey\n|-damage|p1a: Staraptor|30\/100 par|[from] Recoil\n|\n|upkeep\n|-message|i know im horrible forfeited.\n|\n|win|MonkeKING69\n|raw|MonkeKING69's rating: 1365 &rarr; <strong>1383<\/strong><br \/>(+18 for winning)\n|raw|i know im horrible's rating: 1327 &rarr; <strong>1309<\/strong><br \/>(-18 for losing)\n|l|\u2606i know im horrible\n","uploadtime":1637579370,"views":16,"p1id":"monkeking69","p2id":"iknowimhorrible","formatid":"gen8bdspou","rating":1309,"private":0,"password":null}