{"id":"gen8ou-1676370496","p1":"3xpired","p2":"Capital Cruiser","format":"gen8ou","log":"|j|\u26063xpired\n|j|\u203dCapital Cruiser\n|t:|1664786289\n|gametype|singles\n|player|p1|3xpired|265|1612\n|player|p2|Capital Cruiser|cheren-gen5bw2|1649\n|teamsize|p1|6\n|teamsize|p2|6\n|gen|8\n|tier|[Gen 8] OU\n|rated|\n|rule|Sleep Clause Mod: Limit one foe put to sleep\n|rule|Species Clause: Limit one of each Pok\u00e9mon\n|rule|OHKO Clause: OHKO moves are banned\n|rule|Evasion Items Clause: Evasion items are banned\n|rule|Evasion Moves Clause: Evasion moves are banned\n|rule|Endless Battle Clause: Forcing endless battles is banned\n|rule|HP Percentage Mod: HP is shown in percentages\n|rule|Dynamax Clause: You cannot dynamax\n|clearpoke\n|poke|p1|Carracosta, M|\n|poke|p1|Heatran, F|\n|poke|p1|Rillaboom, F|\n|poke|p1|Dragapult, F|\n|poke|p1|Zeraora|\n|poke|p1|Clefable, M|\n|poke|p2|Mew|\n|poke|p2|Terrakion|\n|poke|p2|Scizor, M|\n|poke|p2|Seismitoad, M|\n|poke|p2|Corviknight, F|\n|poke|p2|Dragapult, M|\n|teampreview\n|inactive|Battle timer is ON: inactive players will automatically lose when time's up. (requested by Capital Cruiser)\n|inactive|3xpired has 120 seconds left.\n|\n|t:|1664786330\n|start\n|switch|p1a: Rillaboom|Rillaboom, F|100\/100\n|switch|p2a: Dragapult|Dragapult, M, shiny|100\/100\n|-fieldstart|move: Grassy Terrain|[from] ability: Grassy Surge|[of] p1a: Rillaboom\n|turn|1\n|\n|t:|1664786336\n|switch|p2a: Corviknight|Corviknight, F, shiny|100\/100\n|-ability|p2a: Corviknight|Pressure\n|move|p1a: Rillaboom|Knock Off|p2a: Corviknight\n|-damage|p2a: Corviknight|69\/100\n|-damage|p1a: Rillaboom|84\/100|[from] item: Rocky Helmet|[of] p2a: Corviknight\n|-enditem|p2a: Corviknight|Rocky Helmet|[from] move: Knock Off|[of] p1a: Rillaboom\n|\n|-heal|p1a: Rillaboom|90\/100|[from] Grassy Terrain\n|upkeep\n|turn|2\n|\n|t:|1664786346\n|switch|p1a: Heatran|Heatran, F|100\/100\n|move|p2a: Corviknight|Roost|p2a: Corviknight\n|-heal|p2a: Corviknight|100\/100\n|-singleturn|p2a: Corviknight|move: Roost\n|\n|upkeep\n|turn|3\n|\n|t:|1664786352\n|switch|p2a: Seismitoad|Seismitoad, M, shiny|100\/100\n|move|p1a: Heatran|Stealth Rock|p2a: Seismitoad\n|-sidestart|p2: Capital Cruiser|move: Stealth Rock\n|\n|upkeep\n|turn|4\n|\n|t:|1664786370\n|switch|p1a: Clefable|Clefable, M|100\/100\n|move|p2a: Seismitoad|Stealth Rock|p1a: Clefable\n|-sidestart|p1: 3xpired|move: Stealth Rock\n|\n|upkeep\n|turn|5\n|\n|t:|1664786376\n|switch|p2a: Scizor|Scizor, M, shiny|100\/100\n|move|p1a: Clefable|Moonblast|p2a: Scizor\n|-resisted|p2a: Scizor\n|-damage|p2a: Scizor|86\/100\n|\n|-heal|p2a: Scizor|92\/100|[from] Grassy Terrain\n|-fieldend|move: Grassy Terrain\n|upkeep\n|turn|6\n|j| ian_yo\n|\n|t:|1664786393\n|move|p2a: Scizor|Knock Off|p1a: Clefable\n|-resisted|p1a: Clefable\n|-damage|p1a: Clefable|86\/100\n|-enditem|p1a: Clefable|Heavy-Duty Boots|[from] move: Knock Off|[of] p2a: Scizor\n|move|p1a: Clefable|Thunder Wave|p2a: Scizor\n|-status|p2a: Scizor|par\n|\n|upkeep\n|turn|7\n|\n|t:|1664786399\n|cant|p2a: Scizor|par\n|move|p1a: Clefable|Thunder Wave|p2a: Scizor\n|-fail|p2a: Scizor|par\n|\n|upkeep\n|turn|8\n|\n|t:|1664786402\n|switch|p1a: Heatran|Heatran, F|100\/100\n|-damage|p1a: Heatran|88\/100|[from] Stealth Rock\n|move|p2a: Scizor|Bullet Punch|p1a: Heatran\n|-resisted|p1a: Heatran\n|-damage|p1a: Heatran|82\/100\n|\n|-heal|p1a: Heatran|89\/100|[from] item: Leftovers\n|upkeep\n|turn|9\n|\n|t:|1664786407\n|switch|p2a: Seismitoad|Seismitoad, M, shiny|100\/100\n|-damage|p2a: Seismitoad|94\/100|[from] Stealth Rock\n|move|p1a: Heatran|Magma Storm|p2a: Seismitoad\n|-resisted|p2a: Seismitoad\n|-damage|p2a: Seismitoad|80\/100\n|-activate|p2a: Seismitoad|move: Magma Storm|[of] p1a: Heatran\n|\n|-heal|p1a: Heatran|95\/100|[from] item: Leftovers\n|-heal|p2a: Seismitoad|86\/100|[from] item: Leftovers\n|-damage|p2a: Seismitoad|74\/100|[from] move: Magma Storm|[partiallytrapped]\n|upkeep\n|turn|10\n|\n|t:|1664786421\n|switch|p1a: Clefable|Clefable, M|86\/100\n|-damage|p1a: Clefable|74\/100|[from] Stealth Rock\n|move|p2a: Seismitoad|Scald|p1a: Clefable\n|-damage|p1a: Clefable|56\/100\n|\n|-heal|p2a: Seismitoad|80\/100|[from] item: Leftovers\n|-end|p2a: Seismitoad|Magma Storm|[partiallytrapped]|[silent]\n|upkeep\n|turn|11\n|\n|t:|1664786426\n|move|p2a: Seismitoad|Toxic|p1a: Clefable|[miss]\n|-miss|p2a: Seismitoad|p1a: Clefable\n|move|p1a: Clefable|Soft-Boiled|p1a: Clefable\n|-heal|p1a: Clefable|100\/100\n|\n|-heal|p2a: Seismitoad|86\/100|[from] item: Leftovers\n|upkeep\n|turn|12\n|\n|t:|1664786437\n|move|p2a: Seismitoad|Toxic|p1a: Clefable\n|-status|p1a: Clefable|tox\n|move|p1a: Clefable|Moonblast|p2a: Seismitoad\n|-damage|p2a: Seismitoad|63\/100\n|-unboost|p2a: Seismitoad|spa|1\n|\n|-heal|p2a: Seismitoad|69\/100|[from] item: Leftovers\n|-damage|p1a: Clefable|94\/100 tox|[from] psn\n|upkeep\n|turn|13\n|\n|t:|1664786463\n|switch|p2a: Scizor|Scizor, M, shiny|92\/100 par\n|move|p1a: Clefable|Moonblast|p2a: Scizor\n|-resisted|p2a: Scizor\n|-damage|p2a: Scizor|75\/100 par\n|-unboost|p2a: Scizor|spa|1\n|\n|-damage|p1a: Clefable|82\/100 tox|[from] psn\n|upkeep\n|turn|14\n|\n|t:|1664786472\n|switch|p1a: Heatran|Heatran, F|95\/100\n|-damage|p1a: Heatran|82\/100|[from] Stealth Rock\n|move|p2a: Scizor|Knock Off|p1a: Heatran\n|-damage|p1a: Heatran|54\/100\n|-enditem|p1a: Heatran|Leftovers|[from] move: Knock Off|[of] p2a: Scizor\n|\n|upkeep\n|turn|15\n|\n|t:|1664786476\n|switch|p2a: Seismitoad|Seismitoad, M, shiny|69\/100\n|-damage|p2a: Seismitoad|63\/100|[from] Stealth Rock\n|move|p1a: Heatran|Magma Storm|p2a: Seismitoad\n|-resisted|p2a: Seismitoad\n|-damage|p2a: Seismitoad|48\/100\n|-activate|p2a: Seismitoad|move: Magma Storm|[of] p1a: Heatran\n|\n|-heal|p2a: Seismitoad|54\/100|[from] item: Leftovers\n|-damage|p2a: Seismitoad|42\/100|[from] move: Magma Storm|[partiallytrapped]\n|upkeep\n|turn|16\n|\n|t:|1664786483\n|move|p1a: Heatran|Earth Power|p2a: Seismitoad\n|-damage|p2a: Seismitoad|24\/100\n|move|p2a: Seismitoad|Scald|p1a: Heatran\n|-supereffective|p1a: Heatran\n|-damage|p1a: Heatran|25\/100\n|\n|-heal|p2a: Seismitoad|30\/100|[from] item: Leftovers\n|-damage|p2a: Seismitoad|18\/100|[from] move: Magma Storm|[partiallytrapped]\n|upkeep\n|turn|17\n|\n|t:|1664786492\n|move|p1a: Heatran|Earth Power|p2a: Seismitoad\n|-damage|p2a: Seismitoad|0 fnt\n|faint|p2a: Seismitoad\n|\n|upkeep\n|j| tricks av\n|\n|t:|1664786497\n|switch|p2a: Terrakion|Terrakion, shiny|100\/100\n|-damage|p2a: Terrakion|94\/100|[from] Stealth Rock\n|turn|18\n|\n|t:|1664786504\n|move|p2a: Terrakion|Stone Edge|p1a: Heatran|[miss]\n|-miss|p2a: Terrakion|p1a: Heatran\n|move|p1a: Heatran|Earth Power|p2a: Terrakion\n|-supereffective|p2a: Terrakion\n|-damage|p2a: Terrakion|36\/100\n|\n|upkeep\n|turn|19\n|\n|t:|1664786512\n|move|p2a: Terrakion|Stone Edge|p1a: Heatran\n|-damage|p1a: Heatran|0 fnt\n|faint|p1a: Heatran\n|\n|upkeep\n|\n|t:|1664786519\n|switch|p1a: Rillaboom|Rillaboom, F|90\/100\n|-damage|p1a: Rillaboom|78\/100|[from] Stealth Rock\n|-fieldstart|move: Grassy Terrain|[from] ability: Grassy Surge|[of] p1a: Rillaboom\n|turn|20\n|\n|t:|1664786523\n|switch|p2a: Corviknight|Corviknight, F, shiny|100\/100\n|-damage|p2a: Corviknight|88\/100|[from] Stealth Rock\n|-ability|p2a: Corviknight|Pressure\n|move|p1a: Rillaboom|U-turn|p2a: Corviknight\n|-resisted|p2a: Corviknight\n|-damage|p2a: Corviknight|82\/100\n|\n|t:|1664786525\n|switch|p1a: Zeraora|Zeraora|100\/100|[from]move: U-turn\n|-damage|p1a: Zeraora|88\/100|[from] Stealth Rock\n|-enditem|p1a: Zeraora|Grassy Seed\n|-boost|p1a: Zeraora|def|1|[from] item: Grassy Seed\n|\n|-heal|p1a: Zeraora|94\/100|[from] Grassy Terrain\n|upkeep\n|turn|21\n|\n|t:|1664786530\n|switch|p2a: Mew|Mew, shiny|100\/100\n|-damage|p2a: Mew|88\/100|[from] Stealth Rock\n|move|p1a: Zeraora|Bulk Up|p1a: Zeraora\n|-boost|p1a: Zeraora|atk|1\n|-boost|p1a: Zeraora|def|1\n|\n|-heal|p1a: Zeraora|99\/100|[from] Grassy Terrain\n|-heal|p2a: Mew|94\/100|[from] Grassy Terrain\n|upkeep\n|turn|22\n|\n|t:|1664786538\n|move|p1a: Zeraora|Plasma Fists|p2a: Mew\n|-damage|p2a: Mew|50\/100\n|-fieldactivate|move: Ion Deluge\n|-hint|Normal-type moves become Electric-type after using Plasma Fists.\n|move|p2a: Mew|Psychic|p1a: Zeraora\n|-damage|p1a: Zeraora|62\/100\n|\n|-heal|p1a: Zeraora|68\/100|[from] Grassy Terrain\n|-heal|p2a: Mew|56\/100|[from] Grassy Terrain\n|upkeep\n|turn|23\n|\n|t:|1664786551\n|move|p1a: Zeraora|Knock Off|p2a: Mew\n|-supereffective|p2a: Mew\n|-enditem|p2a: Mew|Colbur Berry|[eat]\n|-enditem|p2a: Mew|Colbur Berry|[weaken]\n|-damage|p2a: Mew|26\/100\n|move|p2a: Mew|Psychic|p1a: Zeraora\n|-damage|p1a: Zeraora|27\/100\n|\n|-heal|p1a: Zeraora|33\/100|[from] Grassy Terrain\n|-heal|p2a: Mew|32\/100|[from] Grassy Terrain\n|upkeep\n|turn|24\n|\n|t:|1664786558\n|move|p1a: Zeraora|Plasma Fists|p2a: Mew\n|-damage|p2a: Mew|0 fnt\n|-fieldactivate|move: Ion Deluge\n|-hint|Normal-type moves become Electric-type after using Plasma Fists.\n|faint|p2a: Mew\n|\n|-heal|p1a: Zeraora|39\/100|[from] Grassy Terrain\n|-fieldend|move: Grassy Terrain\n|upkeep\n|\n|t:|1664786563\n|switch|p2a: Dragapult|Dragapult, M, shiny|100\/100\n|-damage|p2a: Dragapult|88\/100|[from] Stealth Rock\n|turn|25\n|\n|t:|1664786570\n|move|p2a: Dragapult|Shadow Ball|p1a: Zeraora\n|-damage|p1a: Zeraora|0 fnt\n|faint|p1a: Zeraora\n|\n|upkeep\n|\n|t:|1664786582\n|switch|p1a: Rillaboom|Rillaboom, F|78\/100\n|-damage|p1a: Rillaboom|65\/100|[from] Stealth Rock\n|-fieldstart|move: Grassy Terrain|[from] ability: Grassy Surge|[of] p1a: Rillaboom\n|turn|26\n|\n|t:|1664786591\n|switch|p2a: Corviknight|Corviknight, F, shiny|82\/100\n|-damage|p2a: Corviknight|70\/100|[from] Stealth Rock\n|-ability|p2a: Corviknight|Pressure\n|move|p1a: Rillaboom|U-turn|p2a: Corviknight\n|-resisted|p2a: Corviknight\n|-damage|p2a: Corviknight|65\/100\n|\n|t:|1664786595\n|switch|p1a: Carracosta|Carracosta, M|100\/100|[from]move: U-turn\n|-damage|p1a: Carracosta|88\/100|[from] Stealth Rock\n|\n|-heal|p1a: Carracosta|94\/100|[from] Grassy Terrain\n|-heal|p1a: Carracosta|100\/100|[from] item: Leftovers\n|upkeep\n|turn|27\n|\n|t:|1664786608\n|move|p2a: Corviknight|Reflect|p2a: Corviknight\n|-sidestart|p2: Capital Cruiser|Reflect\n|move|p1a: Carracosta|Curse|p1a: Carracosta\n|-unboost|p1a: Carracosta|spe|1\n|-boost|p1a: Carracosta|atk|1\n|-boost|p1a: Carracosta|def|1\n|\n|upkeep\n|turn|28\n|\n|t:|1664786610\n|switch|p2a: Scizor|Scizor, M, shiny|75\/100 par\n|move|p1a: Carracosta|Substitute|p1a: Carracosta\n|-start|p1a: Carracosta|Substitute\n|-damage|p1a: Carracosta|75\/100\n|\n|-heal|p2a: Scizor|81\/100 par|[from] Grassy Terrain\n|-heal|p1a: Carracosta|82\/100|[from] Grassy Terrain\n|-heal|p1a: Carracosta|88\/100|[from] item: Leftovers\n|upkeep\n|turn|29\n|\n|t:|1664786620\n|move|p2a: Scizor|Bullet Punch|p1a: Carracosta\n|-activate|p1a: Carracosta|move: Substitute|[damage]\n|move|p1a: Carracosta|Rock Blast|p2a: Scizor\n|-damage|p2a: Scizor|74\/100 par\n|-damage|p2a: Scizor|68\/100 par\n|-damage|p2a: Scizor|61\/100 par\n|-damage|p2a: Scizor|54\/100 par\n|-damage|p2a: Scizor|47\/100 par\n|-hitcount|p2a: Scizor|5\n|\n|-heal|p2a: Scizor|53\/100 par|[from] Grassy Terrain\n|-heal|p1a: Carracosta|94\/100|[from] Grassy Terrain\n|-heal|p1a: Carracosta|100\/100|[from] item: Leftovers\n|upkeep\n|turn|30\n|\n|t:|1664786642\n|cant|p2a: Scizor|par\n|move|p1a: Carracosta|Rock Blast|p2a: Scizor\n|-damage|p2a: Scizor|46\/100 par\n|-damage|p2a: Scizor|40\/100 par\n|-hitcount|p2a: Scizor|2\n|\n|-heal|p2a: Scizor|46\/100 par|[from] Grassy Terrain\n|-fieldend|move: Grassy Terrain\n|upkeep\n|turn|31\n|\n|t:|1664786646\n|move|p2a: Scizor|Roost|p2a: Scizor\n|-heal|p2a: Scizor|96\/100 par\n|-singleturn|p2a: Scizor|move: Roost\n|move|p1a: Carracosta|Curse|p1a: Carracosta\n|-unboost|p1a: Carracosta|spe|1\n|-boost|p1a: Carracosta|atk|1\n|-boost|p1a: Carracosta|def|1\n|\n|-sideend|p2: Capital Cruiser|Reflect\n|upkeep\n|turn|32\n|\n|t:|1664786655\n|cant|p2a: Scizor|par\n|move|p1a: Carracosta|Rock Blast|p2a: Scizor\n|-damage|p2a: Scizor|78\/100 par\n|-damage|p2a: Scizor|61\/100 par\n|-hitcount|p2a: Scizor|2\n|\n|upkeep\n|turn|33\n|\n|t:|1664786667\n|move|p2a: Scizor|Bullet Punch|p1a: Carracosta\n|-activate|p1a: Carracosta|move: Substitute|[damage]\n|move|p1a: Carracosta|Rock Blast|p2a: Scizor\n|-damage|p2a: Scizor|41\/100 par\n|-damage|p2a: Scizor|22\/100 par\n|-damage|p2a: Scizor|4\/100 par\n|-hitcount|p2a: Scizor|3\n|\n|upkeep\n|turn|34\n|\n|t:|1664786684\n|move|p2a: Scizor|Bullet Punch|p1a: Carracosta\n|-end|p1a: Carracosta|Substitute\n|move|p1a: Carracosta|Curse|p1a: Carracosta\n|-unboost|p1a: Carracosta|spe|1\n|-boost|p1a: Carracosta|atk|1\n|-boost|p1a: Carracosta|def|1\n|\n|upkeep\n|turn|35\n|\n|t:|1664786700\n|switch|p2a: Terrakion|Terrakion, shiny|36\/100\n|-damage|p2a: Terrakion|30\/100|[from] Stealth Rock\n|move|p1a: Carracosta|Substitute|p1a: Carracosta\n|-start|p1a: Carracosta|Substitute\n|-damage|p1a: Carracosta|75\/100\n|\n|-heal|p1a: Carracosta|82\/100|[from] item: Leftovers\n|upkeep\n|turn|36\n|\n|t:|1664786712\n|move|p2a: Terrakion|Close Combat|p1a: Carracosta\n|-supereffective|p1a: Carracosta\n|-end|p1a: Carracosta|Substitute\n|-unboost|p2a: Terrakion|def|1\n|-unboost|p2a: Terrakion|spd|1\n|move|p1a: Carracosta|Rock Blast|p2a: Terrakion\n|-resisted|p2a: Terrakion\n|-damage|p2a: Terrakion|9\/100\n|-resisted|p2a: Terrakion\n|-damage|p2a: Terrakion|0 fnt\n|faint|p2a: Terrakion\n|-hitcount|p2: Terrakion|2\n|\n|-heal|p1a: Carracosta|88\/100|[from] item: Leftovers\n|upkeep\n|\n|t:|1664786715\n|switch|p2a: Dragapult|Dragapult, M, shiny|88\/100\n|-damage|p2a: Dragapult|76\/100|[from] Stealth Rock\n|turn|37\n|j| BrickBrickBrick\n|\n|t:|1664786741\n|move|p2a: Dragapult|Draco Meteor|p1a: Carracosta\n|-damage|p1a: Carracosta|10\/100\n|-unboost|p2a: Dragapult|spa|2\n|move|p1a: Carracosta|Rock Blast|p2a: Dragapult\n|-damage|p2a: Dragapult|46\/100\n|-damage|p2a: Dragapult|14\/100\n|-damage|p2a: Dragapult|0 fnt\n|faint|p2a: Dragapult\n|-hitcount|p2: Dragapult|3\n|\n|-heal|p1a: Carracosta|16\/100|[from] item: Leftovers\n|upkeep\n|\n|t:|1664786755\n|switch|p2a: Corviknight|Corviknight, F, shiny|65\/100\n|-damage|p2a: Corviknight|53\/100|[from] Stealth Rock\n|-ability|p2a: Corviknight|Pressure\n|turn|38\n|-message|Capital Cruiser forfeited.\n|\n|win|3xpired\n|raw|3xpired's rating: 1612 &rarr; <strong>1634<\/strong><br \/>(+22 for winning)\n|raw|Capital Cruiser's rating: 1649 &rarr; <strong>1627<\/strong><br \/>(-22 for losing)\n|l|\u203dCapital Cruiser\n","uploadtime":1664786766,"views":35,"p1id":"3xpired","p2id":"capitalcruiser","formatid":"gen8ou","rating":1627,"private":0,"password":null}