{"id":"gen8randomdoublesbattle-1579371763","p1":"AlphaHT","p2":"Batataplays","format":"gen8randomdoublesbattle","log":"|j|\u2606AlphaHT\n|j|\u2606Batataplays\n|inactive|Battle timer is ON: inactive players will automatically lose when time's up.\n|t:|1653089259\n|gametype|doubles\n|player|p1|AlphaHT|n|\n|player|p2|Batataplays|sonia|\n|teamsize|p1|6\n|teamsize|p2|6\n|gen|8\n|tier|[Gen 8] Random Doubles Battle\n|rated|Tournament battle\n|rule|Species Clause: Limit one of each Pok\u00e9mon\n|rule|HP Percentage Mod: HP is shown in percentages\n|\n|t:|1653089259\n|start\n|switch|p1a: Krookodile|Krookodile, L81, M|287\/287\n|switch|p1b: Unfezant|Unfezant, L86, M|278\/278\n|switch|p2a: Krookodile|Krookodile, L81, F|287\/287\n|switch|p2b: Terrakion|Terrakion, L80|277\/277\n|-ability|p2a: Krookodile|Intimidate|boost\n|-unboost|p1a: Krookodile|atk|1\n|-unboost|p1b: Unfezant|atk|1\n|-ability|p1a: Krookodile|Intimidate|boost\n|-unboost|p2a: Krookodile|atk|1\n|-unboost|p2b: Terrakion|atk|1\n|turn|1\n|j|+Eu188q717188191\n|j| NoTollsNoRolls\n|c|+Eu188q717188191|Okay\n|c|\u2606Batataplays|copiou meu look\n|j| Arthur Radicchi\n|c|+Eu188q717188191|Se perder eprdeu\n|c|\u2606AlphaHT|D:\n|\n|t:|1653089286\n|switch|p1b: Luxray|Luxray, L84, F|272\/272\n|-ability|p1b: Luxray|Intimidate|boost\n|-unboost|p2a: Krookodile|atk|1\n|-unboost|p2b: Terrakion|atk|1\n|switch|p1a: Sandslash|Sandslash, L89, F|278\/278\n|move|p2a: Krookodile|Protect|p2a: Krookodile\n|-singleturn|p2a: Krookodile|Protect\n|move|p2b: Terrakion|Rock Slide|p1b: Luxray|[spread] p1a,p1b\n|-resisted|p1a: Sandslash\n|-damage|p1a: Sandslash|265\/278\n|-damage|p1b: Luxray|236\/272\n|\n|upkeep\n|turn|2\n|j| pyukue\n|\n|t:|1653089302\n|switch|p2b: Appletun|Appletun, L90, F|344\/344\n|move|p2a: Krookodile|High Horsepower|p1b: Luxray\n|-supereffective|p1b: Luxray\n|-damage|p1b: Luxray|80\/272\n|-damage|p2a: Krookodile|259\/287|[from] item: Life Orb\n|move|p1b: Luxray|Play Rough|p2a: Krookodile\n|-supereffective|p2a: Krookodile\n|-damage|p2a: Krookodile|35\/287\n|-damage|p1b: Luxray|53\/272|[from] item: Life Orb\n|move|p1a: Sandslash|Drill Run|p2b: Appletun\n|-resisted|p2b: Appletun\n|-damage|p2b: Appletun|296\/344\n|\n|upkeep\n|turn|3\n|c| Arthur Radicchi|mt troca\n|c| Arthur Radicchi|parece desafio de troca\n|\n|t:|1653089322\n|switch|p1b: Unfezant|Unfezant, L86, M|278\/278\n|move|p1a: Sandslash|Protect|p1a: Sandslash\n|-singleturn|p1a: Sandslash|Protect\n|move|p2a: Krookodile|Knock Off|p1b: Unfezant\n|-damage|p1b: Unfezant|207\/278\n|-enditem|p1b: Unfezant|Scope Lens|[from] move: Knock Off|[of] p2a: Krookodile\n|-damage|p2a: Krookodile|7\/287|[from] item: Life Orb\n|move|p2b: Appletun|Apple Acid|p1a: Sandslash\n|-activate|p1a: Sandslash|move: Protect\n|\n|upkeep\n|turn|4\n|c|\u2606Batataplays|assim que \u00e9 bom\n|\n|t:|1653089336\n|move|p2b: Appletun|Protect|p2b: Appletun\n|-singleturn|p2b: Appletun|Protect\n|move|p1b: Unfezant|Brave Bird|p2b: Appletun\n|-activate|p2b: Appletun|move: Protect\n|move|p2a: Krookodile|Knock Off|p1b: Unfezant\n|-damage|p1b: Unfezant|159\/278\n|-damage|p2a: Krookodile|0 fnt|[from] item: Life Orb\n|faint|p2a: Krookodile\n|move|p1a: Sandslash|Knock Off|p2b: Appletun\n|-activate|p2b: Appletun|move: Protect\n|\n|upkeep\n|l|+Eu188q717188191\n|\n|t:|1653089350\n|switch|p2a: Durant|Durant, L82, F|229\/229\n|turn|5\n|\n|t:|1653089363\n|switch|p1a: Luxray|Luxray, L84, F|53\/272\n|-ability|p1a: Luxray|Intimidate|boost\n|-unboost|p2a: Durant|atk|1\n|-unboost|p2b: Appletun|atk|1\n|move|p2a: Durant|Iron Head|p1b: Unfezant|[miss]\n|-miss|p2a: Durant|p1b: Unfezant\n|move|p1b: Unfezant|Brave Bird|p2b: Appletun\n|-supereffective|p2b: Appletun\n|-damage|p2b: Appletun|0 fnt\n|faint|p2b: Appletun\n|-damage|p1b: Unfezant|61\/278|[from] Recoil\n|\n|upkeep\n|\n|t:|1653089368\n|switch|p2b: Terrakion|Terrakion, L80|277\/277\n|turn|6\n|\n|t:|1653089377\n|move|p2a: Durant|Iron Head|p1a: Luxray\n|-resisted|p1a: Luxray\n|-damage|p1a: Luxray|0 fnt\n|faint|p1a: Luxray\n|-damage|p2a: Durant|207\/229|[from] item: Life Orb\n|move|p2b: Terrakion|Rock Slide|p1b: Unfezant\n|-supereffective|p1b: Unfezant\n|-damage|p1b: Unfezant|0 fnt\n|faint|p1b: Unfezant\n|\n|upkeep\n|j| mikael12almei\n|\n|t:|1653089384\n|switch|p1b: Talonflame|Talonflame, L86, M|273\/273\n|switch|p1a: Krookodile|Krookodile, L81, M|287\/287\n|-ability|p1a: Krookodile|Intimidate|boost\n|-unboost|p2a: Durant|atk|1\n|-unboost|p2b: Terrakion|atk|1\n|turn|7\n|l| mikael12almei\n|\n|t:|1653089396\n|move|p2a: Durant|Protect|p2a: Durant\n|-singleturn|p2a: Durant|Protect\n|move|p1b: Talonflame|Overheat|p2a: Durant\n|-activate|p2a: Durant|move: Protect\n|move|p2b: Terrakion|Rock Slide|p1b: Talonflame|[spread] p1a,p1b\n|-resisted|p1a: Krookodile\n|-supereffective|p1b: Talonflame\n|-damage|p1a: Krookodile|263\/287\n|-damage|p1b: Talonflame|65\/273\n|move|p1a: Krookodile|High Horsepower|p2b: Terrakion\n|-supereffective|p2b: Terrakion\n|-damage|p2b: Terrakion|9\/277\n|-enditem|p2b: Terrakion|Sitrus Berry|[eat]\n|-heal|p2b: Terrakion|78\/277|[from] item: Sitrus Berry\n|-damage|p1a: Krookodile|235\/287|[from] item: Life Orb\n|\n|upkeep\n|turn|8\n|\n|t:|1653089410\n|switch|p2a: Gardevoir|Gardevoir, L84, M|251\/251\n|-ability|p2a: Gardevoir|Intimidate|[from] ability: Trace|[of] p1a: Krookodile\n|-ability|p2a: Gardevoir|Intimidate|boost\n|-unboost|p1a: Krookodile|atk|1\n|-unboost|p1b: Talonflame|atk|1\n|switch|p2b: Charizard|Charizard, L80, M|255\/255\n|move|p1b: Talonflame|Overheat|p2a: Gardevoir\n|-damage|p2a: Gardevoir|118\/251\n|-unboost|p1b: Talonflame|spa|2\n|-enditem|p2a: Gardevoir|Sitrus Berry|[eat]\n|-heal|p2a: Gardevoir|180\/251|[from] item: Sitrus Berry\n|-damage|p1b: Talonflame|38\/273|[from] item: Life Orb\n|move|p1a: Krookodile|High Horsepower|p2b: Charizard\n|-immune|p2b: Charizard\n|\n|upkeep\n|turn|9\n|j| LucasXGames\n|l| pyukue\n|l| LucasXGames\n|\n|t:|1653089438\n|switch|p1b: Sandslash|Sandslash, L89, F|265\/278\n|move|p2b: Charizard|Tailwind|p2b: Charizard\n|-sidestart|p2: Batataplays|move: Tailwind\n|move|p2a: Gardevoir|Moonblast|p1a: Krookodile\n|-supereffective|p1a: Krookodile\n|-damage|p1a: Krookodile|0 fnt\n|faint|p1a: Krookodile\n|\n|upkeep\n|\n|t:|1653089444\n|switch|p1a: Gardevoir|Gardevoir, L84, M|251\/251\n|-ability|p1a: Gardevoir|Intimidate|[from] ability: Trace|[of] p2a: Gardevoir\n|-ability|p1a: Gardevoir|Intimidate|boost\n|-unboost|p2a: Gardevoir|atk|1\n|-unboost|p2b: Charizard|atk|1\n|turn|10\n|\n|t:|1653089453\n|-start|p2b: Charizard|Dynamax|\n|-heal|p2b: Charizard|510\/510|[silent]\n|move|p2b: Charizard|Max Flare|p1b: Sandslash\n|-damage|p1b: Sandslash|0 fnt\n|-weather|SunnyDay\n|faint|p1b: Sandslash\n|-damage|p2b: Charizard|485\/510|[from] item: Life Orb\n|move|p2a: Gardevoir|Moonblast|p1a: Gardevoir\n|-damage|p1a: Gardevoir|155\/251\n|move|p1a: Gardevoir|Calm Mind|p1a: Gardevoir\n|-boost|p1a: Gardevoir|spa|1\n|-boost|p1a: Gardevoir|spd|1\n|\n|-weather|SunnyDay|[upkeep]\n|-damage|p2b: Charizard|454\/510|[from] ability: Solar Power|[of] p2b: Charizard\n|upkeep\n|\n|t:|1653089456\n|switch|p1b: Talonflame|Talonflame, L86, M|38\/273\n|turn|11\n|\n|t:|1653089470\n|-start|p1a: Gardevoir|Dynamax|\n|-heal|p1a: Gardevoir|310\/502|[silent]\n|move|p2b: Charizard|Max Flare|p1a: Gardevoir\n|-damage|p1a: Gardevoir|83\/502\n|-enditem|p1a: Gardevoir|Sitrus Berry|[eat]\n|-heal|p1a: Gardevoir|145\/502|[from] item: Sitrus Berry\n|-damage|p2b: Charizard|429\/510|[from] item: Life Orb\n|move|p2a: Gardevoir|Moonblast|p1a: Gardevoir\n|-damage|p1a: Gardevoir|84\/502\n|-unboost|p1a: Gardevoir|spa|1\n|move|p1b: Talonflame|Overheat|p2a: Gardevoir\n|-damage|p2a: Gardevoir|0 fnt\n|-unboost|p1b: Talonflame|spa|2\n|faint|p2a: Gardevoir\n|-damage|p1b: Talonflame|11\/273|[from] item: Life Orb\n|move|p1a: Gardevoir|Max Mindstorm|p2b: Charizard\n|-damage|p2b: Charizard|239\/510\n|-fieldstart|move: Psychic Terrain\n|\n|-weather|SunnyDay|[upkeep]\n|-damage|p2b: Charizard|208\/510|[from] ability: Solar Power|[of] p2b: Charizard\n|upkeep\n|\n|t:|1653089474\n|switch|p2a: Terrakion|Terrakion, L80|78\/277\n|turn|12\n|c|\u2606AlphaHT|gg\n|\n|t:|1653089486\n|move|p2a: Terrakion|Rock Slide|p1a: Gardevoir|[spread] p1a,p1b\n|-supereffective|p1b: Talonflame\n|-damage|p1a: Gardevoir|3\/502\n|-damage|p1b: Talonflame|0 fnt\n|faint|p1b: Talonflame\n|move|p2b: Charizard|Max Airstream|p1a: Gardevoir\n|-damage|p1a: Gardevoir|0 fnt\n|-boost|p2a: Terrakion|spe|1\n|-boost|p2b: Charizard|spe|1\n|faint|p1a: Gardevoir\n|-damage|p2b: Charizard|183\/510|[from] item: Life Orb\n|\n|win|Batataplays\n|n|\u2606AlphaHT|alphaht\n|n|\u2606Batataplays|batataplays\n|n| NoTollsNoRolls|notollsnorolls\n|n| Arthur Radicchi|arthurradicchi\n","inputlog":">version b341b8323d4a7713b3b6f41909868c7f087e7b7e\n>start {\"formatid\":\"gen8randomdoublesbattle\",\"seed\":[11191,57029,3223,11078],\"rated\":\"Tournament battle\"}\n>player p1 {\"name\":\"AlphaHT\",\"avatar\":\"n\",\"rating\":0,\"seed\":[23693,48345,59054,44387]}\n>player p2 {\"name\":\"Batataplays\",\"avatar\":\"sonia\",\"rating\":0,\"seed\":[44185,39034,11605,58905]}\n>chat +Eu188q717188191|Okay\n>chat \u2606Batataplays|copiou meu look\n>chat +Eu188q717188191|Se perder eprdeu\n>chat \u2606AlphaHT|D:\n>p1 switch 3, switch 5\n>p2 move protect, move rockslide\n>p1 move drillrun +2, move playrough +1\n>p2 move highhorsepower +2, switch 4\n>chat  Arthur Radicchi|mt troca\n>chat  Arthur Radicchi|parece desafio de troca\n>p1 move protect, switch 5\n>p2 move knockoff +2, move appleacid +1\n>chat \u2606Batataplays|assim que \u00e9 bom\n>p1 move knockoff +1, move bravebird +2\n>p2 move knockoff +2, move protect\n>p2 switch 3, pass\n>p1 switch 5, move bravebird +2\n>p2 move ironhead +2, move appleacid +1\n>p2 pass, switch 4\n>p1 move playrough +2, move tailwind\n>p2 move ironhead +1, move rockslide\n>p1 switch 3, switch 6\n>p1 move highhorsepower +2, move overheat +1\n>p2 move protect, move rockslide\n>p1 move highhorsepower +2, move overheat +1\n>p2 switch 5, switch 6\n>p1 move rockslide, switch 5\n>p2 move moonblast +1, move tailwind\n>p1 switch 4, pass\n>p1 move calmmind, move knockoff +2\n>p2 move moonblast +2, move overheat +2 dynamax\n>p1 pass, switch 5\n>p1 move psyshock +2 dynamax, move overheat +1\n>p2 move moonblast +1, move overheat +1 dynamax\n>p2 switch 6, pass\n>chat \u2606AlphaHT|gg\n>p1 move psyshock +2 dynamax, move bravebird +1\n>p2 move rockslide, move airslash +1 dynamax","uploadtime":1653089487,"views":2,"p1id":"alphaht","p2id":"batataplays","formatid":"gen8randomdoublesbattle","rating":0,"private":0,"password":null}