{"id":"gen8ou-1359665689","p1":"jeg tale dansk","p2":"roboPOKE","format":"gen8ou","log":"|j|\u2606jeg tale dansk\n|j|\u2606roboPOKE\n|t:|1623835583\n|gametype|singles\n|player|p1|jeg tale dansk|beauty-gen4dp|1554\n|player|p2|roboPOKE|266|1574\n|teamsize|p1|6\n|teamsize|p2|6\n|gen|8\n|tier|[Gen 8] OU\n|rated|\n|rule|Sleep Clause Mod: Limit one foe put to sleep\n|rule|Species Clause: Limit one of each Pok\u00e9mon\n|rule|OHKO Clause: OHKO moves are banned\n|rule|Evasion Moves Clause: Evasion moves are banned\n|rule|Endless Battle Clause: Forcing endless battles is banned\n|rule|HP Percentage Mod: HP is shown in percentages\n|rule|Dynamax Clause: You cannot dynamax\n|clearpoke\n|poke|p1|Dragonite, M|\n|poke|p1|Conkeldurr, M|\n|poke|p1|Mamoswine, M|\n|poke|p1|Slowbro, F|\n|poke|p1|Zeraora|\n|poke|p1|Melmetal|\n|poke|p2|Heatran, M|\n|poke|p2|Kartana|\n|poke|p2|Tapu Koko|\n|poke|p2|Buzzwole|\n|poke|p2|Hippowdon, F|\n|poke|p2|Slowking, M|\n|teampreview\n|\n|t:|1623835596\n|start\n|switch|p1a: Melmetal|Melmetal|100\/100\n|switch|p2a: Slowking|Slowking, M|100\/100\n|turn|1\n|\n|t:|1623835608\n|move|p1a: Melmetal|Toxic|p2a: Slowking\n|-status|p2a: Slowking|tox\n|move|p2a: Slowking|Scald|p1a: Melmetal\n|-damage|p1a: Melmetal|81\/100\n|\n|-heal|p1a: Melmetal|87\/100|[from] item: Leftovers\n|-damage|p2a: Slowking|94\/100 tox|[from] psn\n|upkeep\n|turn|2\n|\n|t:|1623835619\n|move|p1a: Melmetal|Protect|p1a: Melmetal\n|-singleturn|p1a: Melmetal|Protect\n|move|p2a: Slowking|Future Sight|p1a: Melmetal\n|-start|p2a: Slowking|move: Future Sight\n|\n|-heal|p1a: Melmetal|93\/100|[from] item: Leftovers\n|-damage|p2a: Slowking|82\/100 tox|[from] psn\n|upkeep\n|turn|3\n|\n|t:|1623835632\n|switch|p1a: Slowbro|Slowbro, F|100\/100\n|move|p2a: Slowking|Scald|p1a: Slowbro\n|-resisted|p1a: Slowbro\n|-damage|p1a: Slowbro|84\/100\n|-status|p1a: Slowbro|brn\n|\n|-damage|p2a: Slowking|64\/100 tox|[from] psn\n|-damage|p1a: Slowbro|78\/100 brn|[from] brn\n|upkeep\n|turn|4\n|\n|t:|1623835643\n|move|p2a: Slowking|Teleport|p2a: Slowking\n|\n|t:|1623835669\n|switch|p2a: Heatran|Heatran, M|100\/100|[from]move: Teleport\n|move|p1a: Slowbro|Teleport|p1a: Slowbro\n|\n|t:|1623835689\n|switch|p1a: Dragonite|Dragonite, M|100\/100|[from]move: Teleport\n|\n|-end|p1a: Dragonite|move: Future Sight\n|-damage|p1a: Dragonite|82\/100\n|upkeep\n|turn|5\n|inactive|Battle timer is ON: inactive players will automatically lose when time's up. (requested by roboPOKE)\n|\n|t:|1623835699\n|switch|p2a: Hippowdon|Hippowdon, F|100\/100\n|-weather|Sandstorm|[from] ability: Sand Stream|[of] p2a: Hippowdon\n|move|p1a: Dragonite|Earthquake|p2a: Hippowdon\n|-damage|p2a: Hippowdon|80\/100\n|\n|-weather|Sandstorm|[upkeep]\n|-damage|p1a: Dragonite|76\/100|[from] Sandstorm\n|-heal|p2a: Hippowdon|86\/100|[from] item: Leftovers\n|upkeep\n|turn|6\n|\n|t:|1623835711\n|switch|p1a: Melmetal|Melmetal|93\/100\n|move|p2a: Hippowdon|Stealth Rock|p1a: Melmetal\n|-sidestart|p1: jeg tale dansk|move: Stealth Rock\n|\n|-weather|Sandstorm|[upkeep]\n|-heal|p2a: Hippowdon|93\/100|[from] item: Leftovers\n|-heal|p1a: Melmetal|99\/100|[from] item: Leftovers\n|upkeep\n|turn|7\n|\n|t:|1623835719\n|switch|p2a: Slowking|Slowking, M|97\/100 tox\n|move|p1a: Melmetal|Toxic|p2a: Slowking\n|-fail|p2a: Slowking|tox\n|\n|-weather|Sandstorm|[upkeep]\n|-damage|p2a: Slowking|91\/100 tox|[from] Sandstorm\n|-heal|p1a: Melmetal|100\/100|[from] item: Leftovers\n|-damage|p2a: Slowking|85\/100 tox|[from] psn\n|upkeep\n|turn|8\n|\n|t:|1623835729\n|switch|p1a: Dragonite|Dragonite, M|76\/100\n|move|p2a: Slowking|Teleport|p2a: Slowking\n|\n|t:|1623835737\n|switch|p2a: Tapu Koko|Tapu Koko|100\/100|[from]move: Teleport\n|-fieldstart|move: Electric Terrain|[from] ability: Electric Surge|[of] p2a: Tapu Koko\n|\n|-weather|Sandstorm|[upkeep]\n|-damage|p2a: Tapu Koko|94\/100|[from] Sandstorm\n|-damage|p1a: Dragonite|69\/100|[from] Sandstorm\n|upkeep\n|turn|9\n|\n|t:|1623835746\n|move|p2a: Tapu Koko|U-turn|p1a: Dragonite\n|-resisted|p1a: Dragonite\n|-crit|p1a: Dragonite\n|-damage|p1a: Dragonite|57\/100\n|\n|t:|1623835757\n|switch|p2a: Buzzwole|Buzzwole|100\/100|[from]move: U-turn\n|move|p1a: Dragonite|Earthquake|p2a: Buzzwole\n|-resisted|p2a: Buzzwole\n|-damage|p2a: Buzzwole|86\/100\n|\n|-weather|none\n|upkeep\n|turn|10\n|j| PlayFan13\n|\n|t:|1623835782\n|move|p2a: Buzzwole|Leech Life|p1a: Dragonite\n|-resisted|p1a: Dragonite\n|-damage|p1a: Dragonite|36\/100\n|-heal|p2a: Buzzwole|98\/100|[from] drain|[of] p1a: Dragonite\n|move|p1a: Dragonite|Dual Wingbeat|p2a: Buzzwole|[miss]\n|-miss|p1a: Dragonite|p2a: Buzzwole\n|\n|upkeep\n|turn|11\n|c|\u2606jeg tale dansk|....\n|\n|t:|1623835801\n|switch|p2a: Hippowdon|Hippowdon, F|93\/100\n|-weather|Sandstorm|[from] ability: Sand Stream|[of] p2a: Hippowdon\n|move|p1a: Dragonite|Roost|p1a: Dragonite\n|-heal|p1a: Dragonite|86\/100\n|-singleturn|p1a: Dragonite|move: Roost\n|\n|-weather|Sandstorm|[upkeep]\n|-damage|p1a: Dragonite|80\/100|[from] Sandstorm\n|-heal|p2a: Hippowdon|99\/100|[from] item: Leftovers\n|upkeep\n|turn|12\n|\n|t:|1623835819\n|switch|p1a: Slowbro|Slowbro, F|100\/100 brn\n|-damage|p1a: Slowbro|88\/100 brn|[from] Stealth Rock\n|move|p2a: Hippowdon|Earthquake|p1a: Slowbro\n|-damage|p1a: Slowbro|63\/100 brn\n|\n|-weather|Sandstorm|[upkeep]\n|-damage|p1a: Slowbro|57\/100 brn|[from] Sandstorm\n|-heal|p2a: Hippowdon|100\/100|[from] item: Leftovers\n|-damage|p1a: Slowbro|51\/100 brn|[from] brn\n|-fieldend|move: Electric Terrain\n|upkeep\n|turn|13\n|\n|t:|1623835830\n|switch|p2a: Heatran|Heatran, M|100\/100\n|move|p1a: Slowbro|Teleport|p1a: Slowbro\n|\n|t:|1623835834\n|switch|p1a: Conkeldurr|Conkeldurr, M|100\/100|[from]move: Teleport\n|-damage|p1a: Conkeldurr|94\/100|[from] Stealth Rock\n|\n|-weather|Sandstorm|[upkeep]\n|-damage|p1a: Conkeldurr|88\/100|[from] Sandstorm\n|-status|p1a: Conkeldurr|brn|[from] item: Flame Orb\n|upkeep\n|turn|14\n|\n|t:|1623835842\n|switch|p2a: Hippowdon|Hippowdon, F|100\/100\n|move|p1a: Conkeldurr|Facade|p2a: Hippowdon\n|-damage|p2a: Hippowdon|57\/100\n|\n|-weather|Sandstorm|[upkeep]\n|-damage|p1a: Conkeldurr|82\/100 brn|[from] Sandstorm\n|-heal|p2a: Hippowdon|63\/100|[from] item: Leftovers\n|-damage|p1a: Conkeldurr|76\/100 brn|[from] brn\n|upkeep\n|turn|15\n|\n|t:|1623835852\n|move|p1a: Conkeldurr|Drain Punch|p2a: Hippowdon\n|-damage|p2a: Hippowdon|25\/100\n|-heal|p1a: Conkeldurr|97\/100 brn|[from] drain|[of] p2a: Hippowdon\n|move|p2a: Hippowdon|Slack Off|p2a: Hippowdon\n|-heal|p2a: Hippowdon|75\/100\n|\n|-weather|none\n|-heal|p2a: Hippowdon|81\/100|[from] item: Leftovers\n|-damage|p1a: Conkeldurr|91\/100 brn|[from] brn\n|upkeep\n|turn|16\n|j| Iziyo \u235f\n|\n|t:|1623835862\n|move|p1a: Conkeldurr|Drain Punch|p2a: Hippowdon\n|-damage|p2a: Hippowdon|47\/100\n|-heal|p1a: Conkeldurr|100\/100 brn|[from] drain|[of] p2a: Hippowdon\n|move|p2a: Hippowdon|Slack Off|p2a: Hippowdon\n|-heal|p2a: Hippowdon|97\/100\n|\n|-heal|p2a: Hippowdon|100\/100|[from] item: Leftovers\n|-damage|p1a: Conkeldurr|94\/100 brn|[from] brn\n|upkeep\n|turn|17\n|\n|t:|1623835873\n|move|p1a: Conkeldurr|Facade|p2a: Hippowdon\n|-crit|p2a: Hippowdon\n|-damage|p2a: Hippowdon|35\/100\n|move|p2a: Hippowdon|Slack Off|p2a: Hippowdon\n|-heal|p2a: Hippowdon|85\/100\n|\n|-heal|p2a: Hippowdon|92\/100|[from] item: Leftovers\n|-damage|p1a: Conkeldurr|88\/100 brn|[from] brn\n|upkeep\n|turn|18\n|\n|t:|1623835883\n|move|p1a: Conkeldurr|Facade|p2a: Hippowdon\n|-crit|p2a: Hippowdon\n|-damage|p2a: Hippowdon|27\/100\n|move|p2a: Hippowdon|Slack Off|p2a: Hippowdon\n|-heal|p2a: Hippowdon|77\/100\n|\n|-heal|p2a: Hippowdon|83\/100|[from] item: Leftovers\n|-damage|p1a: Conkeldurr|82\/100 brn|[from] brn\n|upkeep\n|turn|19\n|j| Coronavirus EUW\n|\n|t:|1623835892\n|move|p1a: Conkeldurr|Facade|p2a: Hippowdon\n|-damage|p2a: Hippowdon|42\/100\n|move|p2a: Hippowdon|Slack Off|p2a: Hippowdon\n|-heal|p2a: Hippowdon|92\/100\n|\n|-heal|p2a: Hippowdon|98\/100|[from] item: Leftovers\n|-damage|p1a: Conkeldurr|76\/100 brn|[from] brn\n|upkeep\n|turn|20\n|\n|t:|1623835901\n|move|p1a: Conkeldurr|Drain Punch|p2a: Hippowdon\n|-damage|p2a: Hippowdon|64\/100\n|-heal|p1a: Conkeldurr|96\/100 brn|[from] drain|[of] p2a: Hippowdon\n|move|p2a: Hippowdon|Whirlwind|p1a: Conkeldurr\n|drag|p1a: Dragonite|Dragonite, M|80\/100\n|\n|-heal|p2a: Hippowdon|70\/100|[from] item: Leftovers\n|upkeep\n|turn|21\n|l| PlayFan13\n|l| Coronavirus EUW\n|\n|t:|1623835919\n|move|p1a: Dragonite|Defog|p2a: Hippowdon\n|-unboost|p2a: Hippowdon|evasion|1\n|-sideend|p1: jeg tale dansk|Stealth Rock|[from] move: Defog|[of] p1a: Dragonite\n|move|p2a: Hippowdon|Slack Off|p2a: Hippowdon\n|-heal|p2a: Hippowdon|100\/100\n|\n|upkeep\n|turn|22\n|\n|t:|1623835926\n|move|p1a: Dragonite|Roost|p1a: Dragonite\n|-heal|p1a: Dragonite|100\/100\n|-singleturn|p1a: Dragonite|move: Roost\n|move|p2a: Hippowdon|Stealth Rock|p1a: Dragonite\n|-sidestart|p1: jeg tale dansk|move: Stealth Rock\n|\n|upkeep\n|turn|23\n|inactive|roboPOKE has 120 seconds left.\n|\n|t:|1623835959\n|move|p1a: Dragonite|Defog|p2a: Hippowdon\n|-unboost|p2a: Hippowdon|evasion|1\n|-sideend|p1: jeg tale dansk|Stealth Rock|[from] move: Defog|[of] p1a: Dragonite\n|move|p2a: Hippowdon|Earthquake|p1a: Dragonite\n|-immune|p1a: Dragonite\n|\n|upkeep\n|turn|24\n|\n|t:|1623835966\n|switch|p1a: Conkeldurr|Conkeldurr, M|96\/100 brn\n|move|p2a: Hippowdon|Stealth Rock|p1a: Conkeldurr\n|-sidestart|p1: jeg tale dansk|move: Stealth Rock\n|\n|-damage|p1a: Conkeldurr|90\/100 brn|[from] brn\n|upkeep\n|turn|25\n|\n|t:|1623835978\n|move|p1a: Conkeldurr|Facade|p2a: Hippowdon\n|-damage|p2a: Hippowdon|59\/100\n|move|p2a: Hippowdon|Whirlwind|p1a: Conkeldurr\n|drag|p1a: Mamoswine|Mamoswine, M|100\/100\n|-damage|p1a: Mamoswine|88\/100|[from] Stealth Rock\n|\n|-heal|p2a: Hippowdon|65\/100|[from] item: Leftovers\n|upkeep\n|turn|26\n|inactive|roboPOKE has 120 seconds left.\n|\n|t:|1623835999\n|switch|p2a: Slowking|Slowking, M|100\/100 tox\n|move|p1a: Mamoswine|Knock Off|p2a: Slowking\n|-supereffective|p2a: Slowking\n|-damage|p2a: Slowking|25\/100 tox\n|-enditem|p2a: Slowking|Heavy-Duty Boots|[from] move: Knock Off|[of] p1a: Mamoswine\n|\n|-damage|p2a: Slowking|19\/100 tox|[from] psn\n|upkeep\n|turn|27\n|\n|t:|1623836008\n|switch|p2a: Buzzwole|Buzzwole|98\/100\n|move|p1a: Mamoswine|Knock Off|p2a: Buzzwole\n|-resisted|p2a: Buzzwole\n|-damage|p2a: Buzzwole|85\/100\n|-enditem|p2a: Buzzwole|Choice Scarf|[from] move: Knock Off|[of] p1a: Mamoswine\n|\n|upkeep\n|turn|28\n|inactive|roboPOKE has 120 seconds left.\n|\n|t:|1623836030\n|switch|p1a: Dragonite|Dragonite, M|100\/100\n|move|p2a: Buzzwole|Close Combat|p1a: Dragonite\n|-resisted|p1a: Dragonite\n|-damage|p1a: Dragonite|86\/100\n|-unboost|p2a: Buzzwole|def|1\n|-unboost|p2a: Buzzwole|spd|1\n|\n|upkeep\n|turn|29\n|\n|t:|1623836046\n|move|p2a: Buzzwole|Ice Punch|p1a: Dragonite\n|-supereffective|p1a: Dragonite\n|-damage|p1a: Dragonite|0 fnt\n|faint|p1a: Dragonite\n|-ability|p2a: Buzzwole|Beast Boost|boost\n|-boost|p2a: Buzzwole|atk|1\n|\n|upkeep\n|-message|jeg tale dansk forfeited.\n|\n|win|roboPOKE\n|raw|jeg tale dansk's rating: 1554 &rarr; <strong>1535<\/strong><br \/>(-19 for losing)\n|raw|roboPOKE's rating: 1574 &rarr; <strong>1593<\/strong><br \/>(+19 for winning)\n|l|\u2606jeg tale dansk\n","uploadtime":1623836054,"views":10,"p1id":"jegtaledansk","p2id":"robopoke","formatid":"gen8ou","rating":1535,"private":0,"password":null}