{"id":"gen8bdspou-1546168629","p1":"BadPlayer59","p2":"Hgfhhfghfff","format":"gen8bdspou","log":"|j|\u2606BadPlayer59\n|j|\u2606Hgfhhfghfff\n|t:|1649117505\n|gametype|singles\n|player|p1|BadPlayer59|veteran|1493\n|player|p2|Hgfhhfghfff|265|1645\n|teamsize|p1|6\n|teamsize|p2|6\n|gen|8\n|tier|[Gen 8 BDSP] OU\n|rated|\n|rule|Sleep Clause Mod: Limit one foe put to sleep\n|rule|Species Clause: Limit one of each Pok\u00e9mon\n|rule|OHKO Clause: OHKO moves are banned\n|rule|Evasion Moves Clause: Evasion moves are banned\n|rule|Endless Battle Clause: Forcing endless battles is banned\n|rule|HP Percentage Mod: HP is shown in percentages\n|clearpoke\n|poke|p1|Latios, M|\n|poke|p1|Gastrodon, F|\n|poke|p1|Arcanine, M|\n|poke|p1|Tyranitar, M|\n|poke|p1|Scizor, M|\n|poke|p1|Salamence, F|\n|poke|p2|Jirachi|\n|poke|p2|Donphan, M|\n|poke|p2|Starmie|\n|poke|p2|Ursaring, M|\n|poke|p2|Rotom-Mow|\n|poke|p2|Azumarill, F|\n|teampreview\n|\n|t:|1649117519\n|start\n|switch|p1a: Arcanine|Arcanine, M|100\/100\n|switch|p2a: Rotom|Rotom-Mow|100\/100\n|turn|1\n|\n|t:|1649117522\n|move|p2a: Rotom|Volt Switch|p1a: Arcanine\n|-damage|p1a: Arcanine|61\/100\n|\n|t:|1649117527\n|switch|p2a: Starmie|Starmie|100\/100|[from]move: Volt Switch\n|move|p1a: Arcanine|Flare Blitz|p2a: Starmie\n|-resisted|p2a: Starmie\n|-damage|p2a: Starmie|33\/100\n|-damage|p1a: Arcanine|43\/100|[from] Recoil\n|\n|upkeep\n|turn|2\n|\n|t:|1649117535\n|switch|p1a: Gastrodon|Gastrodon, F|100\/100\n|move|p2a: Starmie|Recover|p2a: Starmie\n|-heal|p2a: Starmie|83\/100\n|\n|upkeep\n|turn|3\n|\n|t:|1649117542\n|switch|p2a: Ursaring|Ursaring, M|100\/100\n|move|p1a: Gastrodon|Ice Beam|p2a: Ursaring\n|-damage|p2a: Ursaring|67\/100\n|\n|-status|p2a: Ursaring|brn|[from] item: Flame Orb\n|upkeep\n|turn|4\n|\n|t:|1649117553\n|move|p2a: Ursaring|Facade|p1a: Gastrodon\n|-damage|p1a: Gastrodon|0 fnt\n|faint|p1a: Gastrodon\n|\n|-damage|p2a: Ursaring|61\/100 brn|[from] brn\n|upkeep\n|\n|t:|1649117560\n|switch|p1a: Arcanine|Arcanine, M|43\/100\n|turn|5\n|\n|t:|1649117565\n|switch|p2a: Azumarill|Azumarill, F|100\/100\n|move|p1a: Arcanine|Flare Blitz|p2a: Azumarill\n|-resisted|p2a: Azumarill\n|-damage|p2a: Azumarill|49\/100\n|-damage|p1a: Arcanine|23\/100|[from] Recoil\n|\n|-heal|p2a: Azumarill|55\/100|[from] item: Leftovers\n|upkeep\n|turn|6\n|\n|t:|1649117572\n|switch|p1a: Latios|Latios, M|100\/100\n|move|p2a: Azumarill|Aqua Jet|p1a: Latios\n|-resisted|p1a: Latios\n|-damage|p1a: Latios|82\/100\n|\n|-heal|p2a: Azumarill|61\/100|[from] item: Leftovers\n|upkeep\n|turn|7\n|\n|t:|1649117576\n|switch|p1a: Arcanine|Arcanine, M|23\/100\n|switch|p2a: Jirachi|Jirachi|100\/100\n|\n|upkeep\n|turn|8\n|\n|t:|1649117581\n|switch|p2a: Azumarill|Azumarill, F|61\/100\n|move|p1a: Arcanine|Flare Blitz|p2a: Azumarill\n|-resisted|p2a: Azumarill\n|-damage|p2a: Azumarill|8\/100\n|-damage|p1a: Arcanine|2\/100|[from] Recoil\n|\n|-heal|p2a: Azumarill|14\/100|[from] item: Leftovers\n|upkeep\n|turn|9\n|\n|t:|1649117587\n|move|p2a: Azumarill|Aqua Jet|p1a: Arcanine\n|-supereffective|p1a: Arcanine\n|-damage|p1a: Arcanine|0 fnt\n|faint|p1a: Arcanine\n|\n|-heal|p2a: Azumarill|20\/100|[from] item: Leftovers\n|upkeep\n|\n|t:|1649117589\n|switch|p1a: Salamence|Salamence, F|100\/100\n|turn|10\n|\n|t:|1649117591\n|move|p1a: Salamence|Earthquake|p2a: Azumarill\n|-damage|p2a: Azumarill|0 fnt\n|faint|p2a: Azumarill\n|-ability|p1a: Salamence|Moxie|boost\n|-boost|p1a: Salamence|atk|1\n|\n|upkeep\n|\n|t:|1649117600\n|switch|p2a: Donphan|Donphan, M|100\/100\n|turn|11\n|\n|t:|1649117605\n|switch|p1a: Tyranitar|Tyranitar, M|100\/100\n|-weather|Sandstorm|[from] ability: Sand Stream|[of] p1a: Tyranitar\n|move|p2a: Donphan|Stealth Rock|p1a: Tyranitar\n|-sidestart|p1: BadPlayer59|move: Stealth Rock\n|\n|-weather|Sandstorm|[upkeep]\n|upkeep\n|turn|12\n|\n|t:|1649117609\n|move|p1a: Tyranitar|Ice Beam|p2a: Donphan\n|-supereffective|p2a: Donphan\n|-damage|p2a: Donphan|42\/100\n|move|p2a: Donphan|Earthquake|p1a: Tyranitar\n|-supereffective|p1a: Tyranitar\n|-damage|p1a: Tyranitar|9\/100\n|\n|-weather|Sandstorm|[upkeep]\n|-heal|p2a: Donphan|48\/100|[from] item: Leftovers\n|upkeep\n|turn|13\n|\n|t:|1649117617\n|move|p2a: Donphan|Ice Shard|p1a: Tyranitar\n|-damage|p1a: Tyranitar|0 fnt\n|faint|p1a: Tyranitar\n|\n|-weather|Sandstorm|[upkeep]\n|-heal|p2a: Donphan|54\/100|[from] item: Leftovers\n|upkeep\n|\n|t:|1649117619\n|switch|p1a: Latios|Latios, M|82\/100\n|-damage|p1a: Latios|70\/100|[from] Stealth Rock\n|turn|14\n|\n|t:|1649117622\n|switch|p2a: Jirachi|Jirachi|100\/100\n|move|p1a: Latios|Defog|p2a: Jirachi\n|-unboost|p2a: Jirachi|evasion|1\n|-sideend|p1: BadPlayer59|Stealth Rock|[from] move: Defog|[of] p1a: Latios\n|\n|-weather|Sandstorm|[upkeep]\n|-damage|p1a: Latios|64\/100|[from] Sandstorm\n|upkeep\n|turn|15\n|inactive|Battle timer is ON: inactive players will automatically lose when time's up. (requested by BadPlayer59)\n|\n|t:|1649117629\n|switch|p1a: Scizor|Scizor, M|100\/100\n|move|p2a: Jirachi|U-turn|p1a: Scizor\n|-resisted|p1a: Scizor\n|-damage|p1a: Scizor|93\/100\n|\n|t:|1649117633\n|switch|p2a: Ursaring|Ursaring, M|61\/100 brn|[from]move: U-turn\n|\n|-weather|none\n|-damage|p2a: Ursaring|55\/100 brn|[from] brn\n|upkeep\n|turn|16\n|\n|t:|1649117635\n|move|p1a: Scizor|Brick Break|p2a: Ursaring\n|-supereffective|p2a: Ursaring\n|-damage|p2a: Ursaring|0 fnt\n|faint|p2a: Ursaring\n|-damage|p1a: Scizor|83\/100|[from] item: Life Orb\n|\n|upkeep\n|\n|t:|1649117644\n|switch|p2a: Donphan|Donphan, M|54\/100\n|turn|17\n|\n|t:|1649117652\n|move|p1a: Scizor|Bullet Punch|p2a: Donphan\n|-damage|p2a: Donphan|21\/100\n|-damage|p1a: Scizor|73\/100|[from] item: Life Orb\n|move|p2a: Donphan|Earthquake|p1a: Scizor\n|-damage|p1a: Scizor|6\/100\n|\n|-heal|p2a: Donphan|27\/100|[from] item: Leftovers\n|upkeep\n|turn|18\n|\n|t:|1649117664\n|switch|p2a: Jirachi|Jirachi|100\/100\n|move|p1a: Scizor|Roost|p1a: Scizor\n|-heal|p1a: Scizor|56\/100\n|-singleturn|p1a: Scizor|move: Roost\n|\n|upkeep\n|turn|19\n|\n|t:|1649117670\n|move|p2a: Jirachi|Doom Desire|p1a: Scizor\n|-start|p2a: Jirachi|Doom Desire\n|move|p1a: Scizor|Roost|p1a: Scizor\n|-heal|p1a: Scizor|100\/100\n|-singleturn|p1a: Scizor|move: Roost\n|\n|upkeep\n|turn|20\n|\n|t:|1649117676\n|move|p2a: Jirachi|Psychic|p1a: Scizor\n|-resisted|p1a: Scizor\n|-damage|p1a: Scizor|76\/100\n|move|p1a: Scizor|U-turn|p2a: Jirachi\n|-damage|p2a: Jirachi|56\/100\n|-damage|p1a: Scizor|66\/100|[from] item: Life Orb\n|\n|t:|1649117678\n|switch|p1a: Latios|Latios, M|64\/100|[from]move: U-turn\n|\n|-heal|p2a: Jirachi|62\/100|[from] item: Leftovers\n|upkeep\n|turn|21\n|\n|t:|1649117685\n|switch|p1a: Scizor|Scizor, M|66\/100\n|move|p2a: Jirachi|Psychic|p1a: Scizor\n|-resisted|p1a: Scizor\n|-damage|p1a: Scizor|43\/100\n|-unboost|p1a: Scizor|spd|1\n|\n|-end|p1a: Scizor|move: Doom Desire\n|-resisted|p1a: Scizor\n|-damage|p1a: Scizor|0 fnt\n|faint|p1a: Scizor\n|-heal|p2a: Jirachi|69\/100|[from] item: Leftovers\n|upkeep\n|\n|t:|1649117688\n|switch|p1a: Salamence|Salamence, F|100\/100\n|turn|22\n|\n|t:|1649117701\n|switch|p2a: Rotom|Rotom-Mow|100\/100\n|move|p1a: Salamence|Dragon Dance|p1a: Salamence\n|-boost|p1a: Salamence|atk|1\n|-boost|p1a: Salamence|spe|1\n|\n|upkeep\n|turn|23\n|\n|t:|1649117707\n|move|p1a: Salamence|Dragon Claw|p2a: Rotom\n|-damage|p2a: Rotom|0 fnt\n|faint|p2a: Rotom\n|-ability|p1a: Salamence|Moxie|boost\n|-boost|p1a: Salamence|atk|1\n|\n|upkeep\n|\n|t:|1649117716\n|switch|p2a: Donphan|Donphan, M|27\/100\n|turn|24\n|\n|t:|1649117718\n|move|p2a: Donphan|Ice Shard|p1a: Salamence\n|-supereffective|p1a: Salamence\n|-damage|p1a: Salamence|34\/100\n|move|p1a: Salamence|Dragon Claw|p2a: Donphan\n|-damage|p2a: Donphan|0 fnt\n|faint|p2a: Donphan\n|-ability|p1a: Salamence|Moxie|boost\n|-boost|p1a: Salamence|atk|1\n|\n|upkeep\n|l|\u2606Hgfhhfghfff\n|inactive|Hgfhhfghfff disconnected and has a minute to reconnect!\n|player|p2|\n|c|\u2606BadPlayer59|Gg\n|inactive|Hgfhhfghfff has 30 seconds to reconnect!\n|inactive|Hgfhhfghfff has 20 seconds to reconnect!\n|inactive|Hgfhhfghfff has 15 seconds to reconnect!\n|inactive|Hgfhhfghfff has 10 seconds to reconnect!\n|inactive|Hgfhhfghfff has 5 seconds to reconnect!\n|-message|Hgfhhfghfff lost due to inactivity.\n|\n|win|BadPlayer59\n|raw|BadPlayer59's rating: 1493 &rarr; <strong>1521<\/strong><br \/>(+28 for winning)\n|raw|Hgfhhfghfff's rating: 1645 &rarr; <strong>1617<\/strong><br \/>(-28 for losing)\n||Ladder isn't responding, score probably updated but might not have (Request timeout).\n","uploadtime":1649117804,"views":9,"p1id":"badplayer59","p2id":"hgfhhfghfff","formatid":"gen8bdspou","rating":1521,"private":0,"password":null}