{"id":"gen8uu-1143943566","p1":"Rorschach I","p2":"iamnevadalost","format":"gen8uu","log":"|j|\u2606Rorschach I\n|j|\u2606iamnevadalost\n|player|p1|Rorschach I|cynthia|1533\n|player|p2|iamnevadalost|schoolkid-gen4|1611\n|teamsize|p1|6\n|teamsize|p2|6\n|gametype|singles\n|gen|8\n|tier|[Gen 8] UU\n|rated|\n|clearpoke\n|poke|p1|Terrakion|\n|poke|p1|Kyurem|\n|poke|p1|Crawdaunt, F|\n|poke|p1|Aegislash, F|\n|poke|p1|Jirachi|\n|poke|p1|Rotom-Wash|\n|poke|p2|Quagsire, M|\n|poke|p2|Mantine, F|\n|poke|p2|Weezing-Galar, F|\n|poke|p2|Incineroar, F|\n|poke|p2|Skarmory, M|\n|poke|p2|Blissey, F|\n|rule|Sleep Clause Mod: Limit one foe put to sleep\n|rule|Species Clause: Limit one of each Pok\u00e9mon\n|rule|OHKO Clause: OHKO moves are banned\n|rule|Evasion Moves Clause: Evasion moves are banned\n|rule|Endless Battle Clause: Forcing endless battles is banned\n|rule|HP Percentage Mod: HP is shown in percentages\n|rule|Dynamax Clause: You cannot dynamax\n|teampreview\n|\n|start\n|switch|p1a: Terrakion|Terrakion|100\/100\n|switch|p2a: Quagsire|Quagsire, M|100\/100\n|turn|1\n|\n|move|p1a: Terrakion|Stealth Rock|p2a: Quagsire\n|-sidestart|p2: iamnevadalost|move: Stealth Rock\n|move|p2a: Quagsire|Scald|p1a: Terrakion\n|-supereffective|p1a: Terrakion\n|-damage|p1a: Terrakion|53\/100\n|\n|upkeep\n|turn|2\n|\n|switch|p1a: Kyurem|Kyurem|100\/100\n|-ability|p1a: Kyurem|Pressure\n|move|p2a: Quagsire|Scald|p1a: Kyurem\n|-resisted|p1a: Kyurem\n|-damage|p1a: Kyurem|91\/100\n|-status|p1a: Kyurem|brn\n|\n|-damage|p1a: Kyurem|84\/100 brn|[from] brn\n|upkeep\n|turn|3\n|\n|switch|p1a: Crawdaunt|Crawdaunt, F|100\/100\n|switch|p2a: Blissey|Blissey, F|100\/100\n|-damage|p2a: Blissey|88\/100|[from] Stealth Rock\n|\n|-heal|p2a: Blissey|94\/100|[from] item: Leftovers\n|upkeep\n|turn|4\n|\n|move|p1a: Crawdaunt|Crabhammer|p2a: Blissey\n|-damage|p2a: Blissey|19\/100\n|-damage|p1a: Crawdaunt|91\/100|[from] item: Life Orb\n|move|p2a: Blissey|Toxic|p1a: Crawdaunt|[miss]\n|-miss|p2a: Blissey|p1a: Crawdaunt\n|\n|-heal|p2a: Blissey|25\/100|[from] item: Leftovers\n|upkeep\n|turn|5\n|\n|switch|p2a: Skarmory|Skarmory, M|100\/100\n|-damage|p2a: Skarmory|88\/100|[from] Stealth Rock\n|move|p1a: Crawdaunt|Knock Off|p2a: Skarmory\n|-damage|p2a: Skarmory|40\/100\n|-enditem|p2a: Skarmory|Leftovers|[from] move: Knock Off|[of] p1a: Crawdaunt\n|-damage|p1a: Crawdaunt|81\/100|[from] item: Life Orb\n|\n|upkeep\n|turn|6\n|j| AnimaticLunatic\n|\n|move|p1a: Crawdaunt|Crabhammer|p2a: Skarmory\n|-damage|p2a: Skarmory|0 fnt\n|-damage|p1a: Crawdaunt|71\/100|[from] item: Life Orb\n|faint|p2a: Skarmory\n|\n|upkeep\n|l| AnimaticLunatic\n|\n|switch|p2a: Weezing|Weezing-Galar, F|100\/100\n|-ability|p2a: Weezing|Neutralizing Gas\n|-damage|p2a: Weezing|88\/100|[from] Stealth Rock\n|turn|7\n|\n|switch|p1a: Rotom|Rotom-Wash|100\/100\n|move|p2a: Weezing|Will-O-Wisp|p1a: Rotom\n|-status|p1a: Rotom|brn\n|\n|-heal|p2a: Weezing|94\/100|[from] item: Black Sludge\n|-damage|p1a: Rotom|94\/100 brn|[from] brn\n|upkeep\n|turn|8\n|\n|move|p1a: Rotom|Hydro Pump|p2a: Weezing\n|-damage|p2a: Weezing|32\/100\n|move|p2a: Weezing|Toxic Spikes|p1a: Rotom\n|-sidestart|p1: Rorschach I|move: Toxic Spikes\n|\n|-heal|p1a: Rotom|100\/100 brn|[from] item: Leftovers\n|-heal|p2a: Weezing|38\/100|[from] item: Black Sludge\n|-damage|p1a: Rotom|94\/100 brn|[from] brn\n|upkeep\n|turn|9\n|\n|move|p1a: Rotom|Discharge|p2a: Weezing\n|-damage|p2a: Weezing|0 fnt\n|faint|p2a: Weezing\n|\n|-heal|p1a: Rotom|100\/100 brn|[from] item: Leftovers\n|-damage|p1a: Rotom|94\/100 brn|[from] brn\n|upkeep\n|\n|switch|p2a: Quagsire|Quagsire, M|100\/100\n|-damage|p2a: Quagsire|94\/100|[from] Stealth Rock\n|turn|10\n|\n|move|p1a: Rotom|Hydro Pump|p2a: Quagsire\n|-damage|p2a: Quagsire|30\/100\n|move|p2a: Quagsire|Scald|p1a: Rotom\n|-resisted|p1a: Rotom\n|-damage|p1a: Rotom|82\/100 brn\n|\n|-heal|p1a: Rotom|88\/100 brn|[from] item: Leftovers\n|-heal|p2a: Quagsire|36\/100|[from] item: Leftovers\n|-damage|p1a: Rotom|82\/100 brn|[from] brn\n|upkeep\n|turn|11\n|\n|move|p1a: Rotom|Hydro Pump|p2a: Quagsire|[miss]\n|-miss|p1a: Rotom|p2a: Quagsire\n|move|p2a: Quagsire|Recover|p2a: Quagsire\n|-heal|p2a: Quagsire|86\/100\n|\n|-heal|p1a: Rotom|88\/100 brn|[from] item: Leftovers\n|-heal|p2a: Quagsire|92\/100|[from] item: Leftovers\n|-damage|p1a: Rotom|82\/100 brn|[from] brn\n|upkeep\n|turn|12\n|\n|switch|p1a: Kyurem|Kyurem|84\/100 brn\n|-ability|p1a: Kyurem|Pressure\n|move|p2a: Quagsire|Recover|p2a: Quagsire\n|-heal|p2a: Quagsire|100\/100\n|\n|-damage|p1a: Kyurem|78\/100 brn|[from] brn\n|upkeep\n|turn|13\n|\n|switch|p2a: Incineroar|Incineroar, F|100\/100\n|-ability|p2a: Incineroar|Intimidate|boost\n|-unboost|p1a: Kyurem|atk|1\n|move|p1a: Kyurem|Draco Meteor|p2a: Incineroar\n|-damage|p2a: Incineroar|37\/100\n|-unboost|p1a: Kyurem|spa|2\n|\n|-damage|p1a: Kyurem|72\/100 brn|[from] brn\n|upkeep\n|turn|14\n|\n|switch|p1a: Terrakion|Terrakion|53\/100\n|-status|p1a: Terrakion|psn\n|move|p2a: Incineroar|Rest|p2a: Incineroar\n|-status|p2a: Incineroar|slp|[from] move: Rest\n|-heal|p2a: Incineroar|100\/100 slp|[silent]\n|\n|-damage|p1a: Terrakion|41\/100 psn|[from] psn\n|upkeep\n|turn|15\n|\n|switch|p2a: Quagsire|Quagsire, M|100\/100\n|-damage|p2a: Quagsire|94\/100|[from] Stealth Rock\n|move|p1a: Terrakion|Taunt|p2a: Quagsire\n|-start|p2a: Quagsire|move: Taunt\n|\n|-heal|p2a: Quagsire|100\/100|[from] item: Leftovers\n|-damage|p1a: Terrakion|29\/100 psn|[from] psn\n|upkeep\n|turn|16\n|\n|move|p1a: Terrakion|Close Combat|p2a: Quagsire\n|-damage|p2a: Quagsire|59\/100\n|-unboost|p1a: Terrakion|def|1\n|-unboost|p1a: Terrakion|spd|1\n|move|p2a: Quagsire|Scald|p1a: Terrakion\n|-supereffective|p1a: Terrakion\n|-damage|p1a: Terrakion|0 fnt\n|faint|p1a: Terrakion\n|\n|-heal|p2a: Quagsire|65\/100|[from] item: Leftovers\n|upkeep\n|\n|switch|p1a: Kyurem|Kyurem|72\/100 brn\n|-ability|p1a: Kyurem|Pressure\n|turn|17\n|\n|switch|p2a: Blissey|Blissey, F|25\/100\n|-damage|p2a: Blissey|12\/100|[from] Stealth Rock\n|move|p1a: Kyurem|Draco Meteor|p2a: Blissey\n|-damage|p2a: Blissey|0 fnt\n|-unboost|p1a: Kyurem|spa|2\n|faint|p2a: Blissey\n|\n|-damage|p1a: Kyurem|66\/100 brn|[from] brn\n|upkeep\n|\n|switch|p2a: Mantine|Mantine, F|100\/100\n|turn|18\n|\n|switch|p1a: Rotom|Rotom-Wash|82\/100 brn\n|move|p2a: Mantine|Defog|p1a: Rotom\n|-unboost|p1a: Rotom|evasion|1\n|-sideend|p1: Rorschach I|Toxic Spikes|[from] move: Defog|[of] p2a: Mantine\n|-sideend|p2: iamnevadalost|Stealth Rock|[from] move: Defog|[of] p2a: Mantine\n|\n|-heal|p1a: Rotom|88\/100 brn|[from] item: Leftovers\n|-damage|p1a: Rotom|82\/100 brn|[from] brn\n|upkeep\n|turn|19\n|\n|switch|p2a: Quagsire|Quagsire, M|65\/100\n|move|p1a: Rotom|Hydro Pump|p2a: Quagsire\n|-damage|p2a: Quagsire|2\/100\n|\n|-heal|p1a: Rotom|88\/100 brn|[from] item: Leftovers\n|-heal|p2a: Quagsire|8\/100|[from] item: Leftovers\n|-damage|p1a: Rotom|82\/100 brn|[from] brn\n|upkeep\n|turn|20\n|\n|switch|p2a: Mantine|Mantine, F|100\/100\n|move|p1a: Rotom|Hydro Pump|p2a: Mantine\n|-immune|p2a: Mantine|[from] ability: Water Absorb\n|\n|-heal|p1a: Rotom|88\/100 brn|[from] item: Leftovers\n|-damage|p1a: Rotom|82\/100 brn|[from] brn\n|upkeep\n|turn|21\n|\n|switch|p2a: Quagsire|Quagsire, M|8\/100\n|move|p1a: Rotom|Hydro Pump|p2a: Quagsire\n|-damage|p2a: Quagsire|0 fnt\n|faint|p2a: Quagsire\n|\n|-heal|p1a: Rotom|88\/100 brn|[from] item: Leftovers\n|-damage|p1a: Rotom|82\/100 brn|[from] brn\n|upkeep\n|\n|switch|p2a: Incineroar|Incineroar, F|100\/100 slp\n|-ability|p2a: Incineroar|Intimidate|boost\n|-unboost|p1a: Rotom|atk|1\n|turn|22\n|\n|move|p1a: Rotom|Nasty Plot|p1a: Rotom\n|-boost|p1a: Rotom|spa|2\n|cant|p2a: Incineroar|slp\n|\n|-heal|p1a: Rotom|88\/100 brn|[from] item: Leftovers\n|-damage|p1a: Rotom|82\/100 brn|[from] brn\n|upkeep\n|turn|23\n|\n|move|p1a: Rotom|Discharge|p2a: Incineroar\n|-damage|p2a: Incineroar|55\/100 slp\n|cant|p2a: Incineroar|slp\n|\n|-heal|p1a: Rotom|88\/100 brn|[from] item: Leftovers\n|-damage|p1a: Rotom|82\/100 brn|[from] brn\n|upkeep\n|turn|24\n|-message|iamnevadalost forfeited.\n|\n|win|Rorschach I\n|l|\u2606iamnevadalost\n||Ladder (probably) updated, but score could not be retrieved (Request timeout).\n","uploadtime":1593719538,"views":13,"p1id":"rorschachi","p2id":"iamnevadalost","formatid":"gen8uu","rating":0,"private":0,"password":null}