{"id":"gen8monotype-1338150287","p1":"GuyguyLaMenace","p2":"vvzzq","format":"gen8monotype","log":"|html|<div class=\"broadcast-blue\"><strong>[Gen 8] Monotype is currently suspecting Urshifu! For information on how to participate check out the <a href=\"https:\/\/www.smogon.com\/forums\/threads\/ss-monotype-suspect-3-urshifu-s.3683191\/\">suspect thread<\/a>.<\/strong><\/div>\n|j|\u2606GuyguyLaMenace\n|j|\u2606vvzzq\n|t:|1620678966\n|gametype|singles\n|player|p1|GuyguyLaMenace|drayden|1314\n|player|p2|vvzzq|266|1333\n|teamsize|p1|6\n|teamsize|p2|6\n|gen|8\n|tier|[Gen 8] Monotype\n|rated|\n|rule|Same Type Clause: Pok\u00e9mon in a team must share a type\n|rule|Sleep Clause Mod: Limit one foe put to sleep\n|rule|Species Clause: Limit one of each Pok\u00e9mon\n|rule|OHKO Clause: OHKO moves are banned\n|rule|Evasion Moves Clause: Evasion moves are banned\n|rule|Endless Battle Clause: Forcing endless battles is banned\n|rule|HP Percentage Mod: HP is shown in percentages\n|rule|Dynamax Clause: You cannot dynamax\n|clearpoke\n|poke|p1|Regieleki|\n|poke|p1|Tapu Koko|\n|poke|p1|Zeraora|\n|poke|p1|Zapdos|\n|poke|p1|Lanturn, F|\n|poke|p1|Rotom-Heat|\n|poke|p2|Reuniclus, M|\n|poke|p2|Hatterene, F|\n|poke|p2|Indeedee, M|\n|poke|p2|Slowbro, M|\n|poke|p2|Victini|\n|poke|p2|Claydol|\n|teampreview\n|\n|t:|1620678986\n|start\n|switch|p1a: Zeraora|Zeraora, shiny|100\/100\n|switch|p2a: Claydol|Claydol|100\/100\n|turn|1\n|\n|t:|1620678994\n|move|p1a: Zeraora|Knock Off|p2a: Claydol\n|-supereffective|p2a: Claydol\n|-damage|p2a: Claydol|35\/100\n|-enditem|p2a: Claydol|Leftovers|[from] move: Knock Off|[of] p1a: Zeraora\n|move|p2a: Claydol|Reflect|p2a: Claydol\n|-sidestart|p2: vvzzq|Reflect\n|\n|upkeep\n|turn|2\n|\n|t:|1620679002\n|switch|p2a: Hatterene|Hatterene, F|100\/100\n|move|p1a: Zeraora|Knock Off|p2a: Hatterene\n|-damage|p2a: Hatterene|83\/100\n|-enditem|p2a: Hatterene|Sitrus Berry|[from] move: Knock Off|[of] p1a: Zeraora\n|\n|upkeep\n|turn|3\n|\n|t:|1620679007\n|move|p1a: Zeraora|Volt Switch|p2a: Hatterene\n|-crit|p2a: Hatterene\n|-damage|p2a: Hatterene|42\/100\n|\n|t:|1620679014\n|switch|p1a: Lanturn|Lanturn, F, shiny|100\/100|[from]move: Volt Switch\n|move|p2a: Hatterene|Trick Room|p2a: Hatterene\n|-fieldstart|move: Trick Room|[of] p2a: Hatterene\n|\n|upkeep\n|turn|4\n|\n|t:|1620679020\n|move|p2a: Hatterene|Psychic|p1a: Lanturn\n|-damage|p1a: Lanturn|65\/100\n|move|p1a: Lanturn|Volt Switch|p2a: Hatterene\n|-damage|p2a: Hatterene|14\/100\n|\n|t:|1620679026\n|switch|p1a: Zapdos|Zapdos, shiny|100\/100|[from]move: Volt Switch\n|\n|upkeep\n|turn|5\n|\n|t:|1620679030\n|move|p2a: Hatterene|Psychic|p1a: Zapdos\n|-damage|p1a: Zapdos|44\/100\n|move|p1a: Zapdos|Discharge|p2a: Hatterene\n|-damage|p2a: Hatterene|0 fnt\n|faint|p2a: Hatterene\n|\n|-sideend|p2: vvzzq|Reflect\n|upkeep\n|\n|t:|1620679033\n|switch|p2a: Reuniclus|Reuniclus, M|100\/100\n|turn|6\n|\n|t:|1620679041\n|switch|p1a: Lanturn|Lanturn, F, shiny|65\/100\n|move|p2a: Reuniclus|Psychic|p1a: Lanturn\n|-damage|p1a: Lanturn|20\/100\n|\n|upkeep\n|turn|7\n|\n|t:|1620679049\n|move|p2a: Reuniclus|Focus Blast|p1a: Lanturn|[miss]\n|-miss|p2a: Reuniclus|p1a: Lanturn\n|move|p1a: Lanturn|Volt Switch|p2a: Reuniclus\n|-damage|p2a: Reuniclus|74\/100\n|\n|t:|1620679057\n|switch|p1a: Zeraora|Zeraora, shiny|100\/100|[from]move: Volt Switch\n|\n|-fieldend|move: Trick Room\n|upkeep\n|turn|8\n|\n|t:|1620679062\n|move|p1a: Zeraora|Knock Off|p2a: Reuniclus\n|-supereffective|p2a: Reuniclus\n|-damage|p2a: Reuniclus|11\/100\n|-enditem|p2a: Reuniclus|Life Orb|[from] move: Knock Off|[of] p1a: Zeraora\n|move|p2a: Reuniclus|Trick Room|p2a: Reuniclus\n|-fieldstart|move: Trick Room|[of] p2a: Reuniclus\n|\n|upkeep\n|turn|9\n|\n|t:|1620679068\n|move|p2a: Reuniclus|Psychic|p1a: Zeraora\n|-damage|p1a: Zeraora|29\/100\n|move|p1a: Zeraora|Knock Off|p2a: Reuniclus\n|-supereffective|p2a: Reuniclus\n|-damage|p2a: Reuniclus|0 fnt\n|faint|p2a: Reuniclus\n|\n|upkeep\n|\n|t:|1620679075\n|switch|p2a: Slowbro|Slowbro, M|100\/100\n|turn|10\n|\n|t:|1620679079\n|switch|p1a: Lanturn|Lanturn, F, shiny|20\/100\n|move|p2a: Slowbro|Surf|p1a: Lanturn\n|-heal|p1a: Lanturn|45\/100|[from] ability: Water Absorb|[of] p2a: Slowbro\n|\n|upkeep\n|turn|11\n|\n|t:|1620679086\n|move|p2a: Slowbro|Future Sight|p1a: Lanturn\n|-start|p2a: Slowbro|move: Future Sight\n|move|p1a: Lanturn|Volt Switch|p2a: Slowbro\n|-supereffective|p2a: Slowbro\n|-damage|p2a: Slowbro|43\/100\n|\n|t:|1620679094\n|switch|p1a: Rotom|Rotom-Heat|100\/100|[from]move: Volt Switch\n|\n|-heal|p2a: Slowbro|49\/100|[from] item: Leftovers\n|upkeep\n|turn|12\n|\n|t:|1620679100\n|switch|p2a: Claydol|Claydol|35\/100\n|switch|p1a: Lanturn|Lanturn, F, shiny|45\/100\n|\n|-fieldend|move: Trick Room\n|upkeep\n|turn|13\n|\n|t:|1620679105\n|move|p2a: Claydol|Stealth Rock|p1a: Lanturn\n|-sidestart|p1: GuyguyLaMenace|move: Stealth Rock\n|move|p1a: Lanturn|Scald|p2a: Claydol\n|-supereffective|p2a: Claydol\n|-damage|p2a: Claydol|0 fnt\n|faint|p2a: Claydol\n|\n|-end|p1a: Lanturn|move: Future Sight\n|-damage|p1a: Lanturn|7\/100\n|upkeep\n|\n|t:|1620679114\n|switch|p2a: Slowbro|Slowbro, M|82\/100\n|turn|14\n|\n|t:|1620679118\n|move|p1a: Lanturn|Discharge|p2a: Slowbro\n|-supereffective|p2a: Slowbro\n|-damage|p2a: Slowbro|18\/100\n|move|p2a: Slowbro|Trick Room|p2a: Slowbro\n|-fieldstart|move: Trick Room|[of] p2a: Slowbro\n|\n|-heal|p2a: Slowbro|24\/100|[from] item: Leftovers\n|upkeep\n|turn|15\n|\n|t:|1620679125\n|move|p2a: Slowbro|Ice Beam|p1a: Lanturn\n|-resisted|p1a: Lanturn\n|-damage|p1a: Lanturn|0 fnt\n|faint|p1a: Lanturn\n|\n|-heal|p2a: Slowbro|30\/100|[from] item: Leftovers\n|upkeep\n|\n|t:|1620679130\n|switch|p1a: Zapdos|Zapdos, shiny|44\/100\n|turn|16\n|\n|t:|1620679133\n|move|p2a: Slowbro|Ice Beam|p1a: Zapdos\n|-supereffective|p1a: Zapdos\n|-damage|p1a: Zapdos|0 fnt\n|faint|p1a: Zapdos\n|\n|-heal|p2a: Slowbro|36\/100|[from] item: Leftovers\n|upkeep\n|\n|t:|1620679139\n|switch|p1a: Tapu Koko|Tapu Koko, shiny|100\/100\n|-damage|p1a: Tapu Koko|88\/100|[from] Stealth Rock\n|-fieldstart|move: Electric Terrain|[from] ability: Electric Surge|[of] p1a: Tapu Koko\n|turn|17\n|\n|t:|1620679144\n|move|p2a: Slowbro|Surf|p1a: Tapu Koko\n|-damage|p1a: Tapu Koko|22\/100\n|move|p1a: Tapu Koko|Thunderbolt|p2a: Slowbro\n|-supereffective|p2a: Slowbro\n|-damage|p2a: Slowbro|0 fnt\n|faint|p2a: Slowbro\n|\n|upkeep\n|\n|t:|1620679149\n|switch|p2a: Indeedee|Indeedee, M|100\/100\n|-fieldstart|move: Psychic Terrain|[from] ability: Psychic Surge|[of] p2a: Indeedee\n|turn|18\n|\n|t:|1620679154\n|switch|p1a: Zeraora|Zeraora, shiny|29\/100\n|move|p2a: Indeedee|Expanding Force|p1a: Zeraora\n|-crit|p1a: Zeraora\n|-damage|p1a: Zeraora|0 fnt\n|faint|p1a: Zeraora\n|\n|-fieldend|move: Trick Room\n|upkeep\n|\n|t:|1620679156\n|switch|p1a: Tapu Koko|Tapu Koko, shiny|22\/100\n|-damage|p1a: Tapu Koko|9\/100|[from] Stealth Rock\n|-fieldstart|move: Electric Terrain|[from] ability: Electric Surge|[of] p1a: Tapu Koko\n|turn|19\n|\n|t:|1620679160\n|switch|p2a: Victini|Victini|100\/100\n|move|p1a: Tapu Koko|U-turn|p2a: Victini\n|-damage|p2a: Victini|86\/100\n|\n|t:|1620679163\n|switch|p1a: Regieleki|Regieleki, shiny|100\/100|[from]move: U-turn\n|-damage|p1a: Regieleki|88\/100|[from] Stealth Rock\n|\n|upkeep\n|turn|20\n|\n|t:|1620679172\n|move|p1a: Regieleki|Rising Voltage|p2a: Victini\n|-damage|p2a: Victini|0 fnt\n|faint|p2a: Victini\n|\n|upkeep\n|\n|t:|1620679174\n|switch|p2a: Indeedee|Indeedee, M|100\/100\n|-fieldstart|move: Psychic Terrain|[from] ability: Psychic Surge|[of] p2a: Indeedee\n|turn|21\n|\n|t:|1620679178\n|move|p1a: Regieleki|Rising Voltage|p2a: Indeedee\n|-damage|p2a: Indeedee|6\/100\n|move|p2a: Indeedee|Expanding Force|p1a: Regieleki\n|-damage|p1a: Regieleki|0 fnt\n|faint|p1a: Regieleki\n|\n|upkeep\n|\n|t:|1620679183\n|switch|p1a: Tapu Koko|Tapu Koko, shiny|9\/100\n|-damage|p1a: Tapu Koko|0 fnt|[from] Stealth Rock\n|faint|p1a: Tapu Koko\n|\n|t:|1620679185\n|switch|p1a: Rotom|Rotom-Heat|100\/100\n|turn|22\n|\n|t:|1620679188\n|move|p2a: Indeedee|Expanding Force|p1a: Rotom\n|-damage|p1a: Rotom|0 fnt\n|faint|p1a: Rotom\n|\n|win|vvzzq\n|raw|GuyguyLaMenace's rating: 1314 &rarr; <strong>1295<\/strong><br \/>(-19 for losing)\n|raw|vvzzq's rating: 1333 &rarr; <strong>1352<\/strong><br \/>(+19 for winning)\n|l|\u2606GuyguyLaMenace\n||Ladder isn't responding, score probably updated but might not have (Request timeout).\n|l|\u2606vvzzq\n|j|\u2606vvzzq\n|player|p2|vvzzq|266\n","uploadtime":1620680088,"views":38,"p1id":"guyguylamenace","p2id":"vvzzq","formatid":"gen8monotype","rating":1295,"private":0,"password":null}