{"id":"gen8nu-1301687809","p1":"PedroGreg","p2":"AgathaAlllAlong","format":"gen8nu","log":"|j|\u2606PedroGreg\n|j|\u2606AgathaAlllAlong\n|t:|1615791251\n|player|p1|PedroGreg|elesa|1231\n|player|p2|AgathaAlllAlong|266|1046\n|teamsize|p1|6\n|teamsize|p2|6\n|gametype|singles\n|gen|8\n|tier|[Gen 8] NU\n|rated|\n|clearpoke\n|poke|p1|Golurk|\n|poke|p1|Copperajah, M|\n|poke|p1|Sylveon, F|\n|poke|p1|Exploud, F|\n|poke|p1|Blastoise, F|\n|poke|p1|Ninjask, M|\n|poke|p2|Raichu-Alola, M|\n|poke|p2|Flapple, M|\n|poke|p2|Togedemaru, F|\n|poke|p2|Coalossal, M|\n|poke|p2|Vikavolt, M|\n|poke|p2|Cresselia, F|\n|rule|Sleep Clause Mod: Limit one foe put to sleep\n|rule|Species Clause: Limit one of each Pok\u00e9mon\n|rule|OHKO Clause: OHKO moves are banned\n|rule|Evasion Moves Clause: Evasion moves are banned\n|rule|Endless Battle Clause: Forcing endless battles is banned\n|rule|HP Percentage Mod: HP is shown in percentages\n|rule|Dynamax Clause: You cannot dynamax\n|teampreview\n|\n|t:|1615791268\n|start\n|switch|p1a: Golurk|Golurk|100\/100\n|switch|p2a: Togedemaru|Togedemaru, F|100\/100\n|turn|1\n|\n|t:|1615791275\n|move|p2a: Togedemaru|Gravity|p2a: Togedemaru\n|-fieldstart|move: Gravity\n|move|p1a: Golurk|Poltergeist|p2a: Togedemaru\n|-activate|p2a: Togedemaru|move: Poltergeist|Metal Coat\n|-ability|p2a: Togedemaru|Sturdy\n|-damage|p2a: Togedemaru|1\/100\n|\n|upkeep\n|turn|2\n|\n|t:|1615791286\n|switch|p1a: Copperajah|Copperajah, M|100\/100\n|move|p2a: Togedemaru|Iron Tail|p1a: Copperajah\n|-resisted|p1a: Copperajah\n|-crit|p1a: Copperajah\n|-damage|p1a: Copperajah|57\/100\n|\n|-heal|p1a: Copperajah|63\/100|[from] item: Leftovers\n|upkeep\n|turn|3\n|\n|t:|1615791291\n|move|p2a: Togedemaru|Iron Tail|p1a: Copperajah\n|-resisted|p1a: Copperajah\n|-damage|p1a: Copperajah|33\/100\n|move|p1a: Copperajah|Stealth Rock|p2a: Togedemaru\n|-sidestart|p2: AgathaAlllAlong|move: Stealth Rock\n|\n|-heal|p1a: Copperajah|39\/100|[from] item: Leftovers\n|upkeep\n|turn|4\n|\n|t:|1615791298\n|move|p2a: Togedemaru|Encore|p1a: Copperajah\n|-start|p1a: Copperajah|Encore\n|move|p1a: Copperajah|Stealth Rock||[still]\n|-fail|p1a: Copperajah\n|\n|-heal|p1a: Copperajah|46\/100|[from] item: Leftovers\n|upkeep\n|turn|5\n|\n|t:|1615791304\n|switch|p1a: Blastoise|Blastoise, F|100\/100\n|move|p2a: Togedemaru|Iron Tail|p1a: Blastoise\n|-resisted|p1a: Blastoise\n|-damage|p1a: Blastoise|84\/100\n|\n|-fieldend|move: Gravity\n|upkeep\n|turn|6\n|\n|t:|1615791309\n|switch|p1a: Copperajah|Copperajah, M|46\/100\n|move|p2a: Togedemaru|Gravity|p2a: Togedemaru\n|-fieldstart|move: Gravity\n|\n|-heal|p1a: Copperajah|52\/100|[from] item: Leftovers\n|upkeep\n|turn|7\n|\n|t:|1615791318\n|move|p2a: Togedemaru|Iron Tail|p1a: Copperajah\n|-resisted|p1a: Copperajah\n|-damage|p1a: Copperajah|22\/100\n|move|p1a: Copperajah|Heat Crash|p2a: Togedemaru\n|-supereffective|p2a: Togedemaru\n|-damage|p2a: Togedemaru|0 fnt\n|faint|p2a: Togedemaru\n|\n|-heal|p1a: Copperajah|29\/100|[from] item: Leftovers\n|upkeep\n|\n|t:|1615791321\n|switch|p2a: Raichu|Raichu-Alola, M|100\/100\n|-damage|p2a: Raichu|88\/100|[from] Stealth Rock\n|turn|8\n|\n|t:|1615791328\n|switch|p1a: Golurk|Golurk|100\/100\n|move|p2a: Raichu|Sing|p1a: Golurk\n|-status|p1a: Golurk|slp|[from] move: Sing\n|-enditem|p2a: Raichu|Throat Spray\n|-boost|p2a: Raichu|spa|1|[from] item: Throat Spray\n|\n|upkeep\n|turn|9\n|\n|t:|1615791339\n|switch|p1a: Sylveon|Sylveon, F|100\/100\n|move|p2a: Raichu|Psychic|p1a: Sylveon\n|-damage|p1a: Sylveon|56\/100\n|\n|-heal|p1a: Sylveon|62\/100|[from] item: Leftovers\n|upkeep\n|turn|10\n|\n|t:|1615791346\n|move|p2a: Raichu|Electric Terrain|p2a: Raichu\n|-fieldstart|move: Electric Terrain\n|move|p1a: Sylveon|Heal Bell|p1a: Sylveon\n|-activate|p1a: Sylveon|move: Heal Bell\n|-curestatus|p1: Golurk|slp|[msg]\n|\n|-heal|p1a: Sylveon|68\/100|[from] item: Leftovers\n|-fieldend|move: Gravity\n|upkeep\n|turn|11\n|\n|t:|1615791350\n|move|p1a: Sylveon|Protect|p1a: Sylveon\n|-singleturn|p1a: Sylveon|Protect\n|move|p2a: Raichu|Rising Voltage|p1a: Sylveon\n|-activate|p1a: Sylveon|move: Protect\n|\n|-heal|p1a: Sylveon|74\/100|[from] item: Leftovers\n|upkeep\n|turn|12\n|\n|t:|1615791353\n|switch|p1a: Golurk|Golurk|100\/100\n|move|p2a: Raichu|Rising Voltage|p1a: Golurk\n|-immune|p1a: Golurk\n|\n|upkeep\n|turn|13\n|\n|t:|1615791359\n|switch|p1a: Sylveon|Sylveon, F|74\/100\n|move|p2a: Raichu|Psychic|p1a: Sylveon\n|-damage|p1a: Sylveon|33\/100\n|\n|-heal|p1a: Sylveon|40\/100|[from] item: Leftovers\n|upkeep\n|turn|14\n|\n|t:|1615791367\n|switch|p1a: Copperajah|Copperajah, M|29\/100\n|move|p2a: Raichu|Rising Voltage|p1a: Copperajah\n|-damage|p1a: Copperajah|0 fnt\n|faint|p1a: Copperajah\n|\n|-fieldend|move: Electric Terrain\n|upkeep\n|\n|t:|1615791371\n|switch|p1a: Ninjask|Ninjask, M|100\/100\n|turn|15\n|\n|t:|1615791377\n|switch|p2a: Coalossal|Coalossal, M|100\/100\n|move|p1a: Ninjask|U-turn|p2a: Coalossal\n|-resisted|p2a: Coalossal\n|-damage|p2a: Coalossal|92\/100\n|-status|p1a: Ninjask|brn|[from] ability: Flame Body|[of] p2a: Coalossal\n|\n|t:|1615791389\n|switch|p1a: Exploud|Exploud, F|100\/100|[from]move: U-turn\n|\n|upkeep\n|turn|16\n|\n|t:|1615791395\n|move|p1a: Exploud|Surf|p2a: Coalossal\n|-supereffective|p2a: Coalossal\n|-damage|p2a: Coalossal|0 fnt\n|faint|p2a: Coalossal\n|\n|upkeep\n|\n|t:|1615791400\n|switch|p2a: Flapple|Flapple, M|100\/100\n|-damage|p2a: Flapple|88\/100|[from] Stealth Rock\n|turn|17\n|\n|t:|1615791410\n|switch|p1a: Ninjask|Ninjask, M|100\/100 brn\n|move|p2a: Flapple|U-turn|p1a: Ninjask\n|-resisted|p1a: Ninjask\n|-damage|p1a: Ninjask|57\/100 brn\n|-damage|p2a: Flapple|78\/100|[from] item: Life Orb\n|\n|t:|1615791418\n|switch|p2a: Vikavolt|Vikavolt, M|100\/100|[from]move: U-turn\n|\n|-damage|p1a: Ninjask|51\/100 brn|[from] brn\n|upkeep\n|turn|18\n|\n|t:|1615791433\n|move|p1a: Ninjask|U-turn|p2a: Vikavolt\n|-damage|p2a: Vikavolt|85\/100\n|\n|t:|1615791436\n|switch|p1a: Sylveon|Sylveon, F|40\/100|[from]move: U-turn\n|move|p2a: Vikavolt|Sticky Web|p1a: Sylveon\n|-sidestart|p1: PedroGreg|move: Sticky Web\n|\n|-heal|p1a: Sylveon|46\/100|[from] item: Leftovers\n|upkeep\n|turn|19\n|\n|t:|1615791442\n|move|p1a: Sylveon|Heal Bell|p1a: Sylveon\n|-activate|p1a: Sylveon|move: Heal Bell\n|-curestatus|p1: Ninjask|brn|[msg]\n|move|p2a: Vikavolt|Zap Cannon|p1a: Sylveon|[miss]\n|-miss|p2a: Vikavolt|p1a: Sylveon\n|\n|-heal|p1a: Sylveon|52\/100|[from] item: Leftovers\n|upkeep\n|turn|20\n|\n|t:|1615791448\n|switch|p2a: Cresselia|Cresselia, F|100\/100\n|-damage|p2a: Cresselia|88\/100|[from] Stealth Rock\n|move|p1a: Sylveon|Protect||[still]\n|-fail|p1a: Sylveon\n|\n|-heal|p1a: Sylveon|58\/100|[from] item: Leftovers\n|upkeep\n|turn|21\n|\n|t:|1615791451\n|switch|p1a: Golurk|Golurk|100\/100\n|-activate|p1a: Golurk|move: Sticky Web\n|-unboost|p1a: Golurk|spe|1\n|move|p2a: Cresselia|Gravity|p2a: Cresselia\n|-fieldstart|move: Gravity\n|\n|upkeep\n|turn|22\n|\n|t:|1615791462\n|move|p2a: Cresselia|Lunar Dance|p2a: Cresselia\n|faint|p2a: Cresselia\n|move|p1a: Golurk|Poltergeist|p2: Cresselia|[notarget]\n|-fail|p1a: Golurk\n|\n|upkeep\n|\n|t:|1615791463\n|switch|p2a: Flapple|Flapple, M|78\/100\n|-heal|p2a: Flapple|100\/100|[from] move: Lunar Dance\n|-damage|p2a: Flapple|88\/100|[from] Stealth Rock\n|turn|23\n|\n|t:|1615791469\n|switch|p1a: Sylveon|Sylveon, F|58\/100\n|-activate|p1a: Sylveon|move: Sticky Web\n|-unboost|p1a: Sylveon|spe|1\n|move|p2a: Flapple|Grav Apple|p1a: Sylveon\n|-damage|p1a: Sylveon|0 fnt\n|-damage|p2a: Flapple|78\/100|[from] item: Life Orb\n|faint|p1a: Sylveon\n|\n|upkeep\n|\n|t:|1615791473\n|switch|p1a: Ninjask|Ninjask, M|51\/100\n|turn|24\n|\n|t:|1615791481\n|move|p2a: Flapple|Sucker Punch|p1a: Ninjask\n|-damage|p1a: Ninjask|0 fnt\n|-damage|p2a: Flapple|68\/100|[from] item: Life Orb\n|faint|p1a: Ninjask\n|\n|upkeep\n|\n|t:|1615791486\n|switch|p1a: Exploud|Exploud, F|100\/100\n|-activate|p1a: Exploud|move: Sticky Web\n|-unboost|p1a: Exploud|spe|1\n|turn|25\n|\n|t:|1615791499\n|move|p2a: Flapple|Grav Apple|p1a: Exploud\n|-damage|p1a: Exploud|0 fnt\n|-damage|p2a: Flapple|58\/100|[from] item: Life Orb\n|faint|p1a: Exploud\n|\n|-fieldend|move: Gravity\n|upkeep\n|-message|PedroGreg forfeited.\n|\n|win|AgathaAlllAlong\n|raw|PedroGreg's rating: 1231 &rarr; <strong>1207<\/strong><br \/>(-24 for losing)\n|raw|AgathaAlllAlong's rating: 1046 &rarr; <strong>1106<\/strong><br \/>(+60 for winning)\n|l|\u2606PedroGreg\n|raw|PedroGreg's rating: 1231 &rarr; <strong>1194<\/strong><br \/>(-37 for losing)\n|raw|AgathaAlllAlong's rating: 1046 &rarr; <strong>1095<\/strong><br \/>(+49 for winning)\n","uploadtime":1615791522,"views":25,"p1id":"pedrogreg","p2id":"agathaalllalong","formatid":"gen8nu","rating":1095,"private":0,"password":null}