{"id":"gen8ou-1650547479","p1":"Scoots Mgee","p2":"elemonader","format":"gen8ou","log":"|j|\u2606Scoots Mgee\n|j|\u2606elemonader\n|t:|1661722367\n|gametype|singles\n|player|p1|Scoots Mgee|acetrainerf|1443\n|player|p2|elemonader|bruno-gen3|1410\n|teamsize|p1|6\n|teamsize|p2|6\n|gen|8\n|tier|[Gen 8] OU\n|rated|\n|rule|Sleep Clause Mod: Limit one foe put to sleep\n|rule|Species Clause: Limit one of each Pok\u00e9mon\n|rule|OHKO Clause: OHKO moves are banned\n|rule|Evasion Items Clause: Evasion items are banned\n|rule|Evasion Moves Clause: Evasion moves are banned\n|rule|Endless Battle Clause: Forcing endless battles is banned\n|rule|HP Percentage Mod: HP is shown in percentages\n|rule|Dynamax Clause: You cannot dynamax\n|clearpoke\n|poke|p1|Gastrodon, F|\n|poke|p1|Ferrothorn, F|\n|poke|p1|Urshifu-*, M|\n|poke|p1|Hippowdon, M|\n|poke|p1|Heatran, M|\n|poke|p1|Zapdos|\n|poke|p2|Umbreon, M|\n|poke|p2|Heatran, M|\n|poke|p2|Slowbro, M|\n|poke|p2|Kartana|\n|poke|p2|Tapu Koko|\n|poke|p2|Landorus-Therian, M|\n|teampreview\n|inactive|Battle timer is ON: inactive players will automatically lose when time's up. (requested by Scoots Mgee)\n|\n|t:|1661722378\n|start\n|switch|p1a: Urshifu|Urshifu-Rapid-Strike, M|100\/100\n|switch|p2a: Tapu Koko|Tapu Koko|100\/100\n|-fieldstart|move: Electric Terrain|[from] ability: Electric Surge|[of] p2a: Tapu Koko\n|turn|1\n|\n|t:|1661722387\n|move|p1a: Urshifu|U-turn|p2a: Tapu Koko\n|-resisted|p2a: Tapu Koko\n|-damage|p2a: Tapu Koko|82\/100\n|\n|t:|1661722389\n|switch|p1a: Hippowdon|Hippowdon, M|100\/100|[from]move: U-turn\n|-weather|Sandstorm|[from] ability: Sand Stream|[of] p1a: Hippowdon\n|move|p2a: Tapu Koko|Dazzling Gleam|p1a: Hippowdon\n|-damage|p1a: Hippowdon|74\/100\n|\n|-weather|Sandstorm|[upkeep]\n|-damage|p2a: Tapu Koko|76\/100|[from] Sandstorm\n|-heal|p1a: Hippowdon|80\/100|[from] item: Leftovers\n|upkeep\n|turn|2\n|\n|t:|1661722398\n|switch|p2a: Slowbro|Slowbro, M|100\/100\n|move|p1a: Hippowdon|Toxic|p2a: Slowbro\n|-status|p2a: Slowbro|tox\n|\n|-weather|Sandstorm|[upkeep]\n|-damage|p2a: Slowbro|94\/100 tox|[from] Sandstorm\n|-heal|p1a: Hippowdon|86\/100|[from] item: Leftovers\n|-damage|p2a: Slowbro|88\/100 tox|[from] psn\n|upkeep\n|turn|3\n|\n|t:|1661722403\n|move|p1a: Hippowdon|Stealth Rock|p2a: Slowbro\n|-sidestart|p2: elemonader|move: Stealth Rock\n|move|p2a: Slowbro|Future Sight|p1a: Hippowdon\n|-start|p2a: Slowbro|move: Future Sight\n|\n|-weather|Sandstorm|[upkeep]\n|-damage|p2a: Slowbro|82\/100 tox|[from] Sandstorm\n|-heal|p1a: Hippowdon|93\/100|[from] item: Leftovers\n|-damage|p2a: Slowbro|70\/100 tox|[from] psn\n|upkeep\n|turn|4\n|\n|t:|1661722410\n|move|p1a: Hippowdon|Earthquake|p2a: Slowbro\n|-damage|p2a: Slowbro|41\/100 tox\n|move|p2a: Slowbro|Teleport|p2a: Slowbro\n|\n|t:|1661722418\n|switch|p2a: Kartana|Kartana|100\/100|[from]move: Teleport\n|-damage|p2a: Kartana|94\/100|[from] Stealth Rock\n|\n|-weather|Sandstorm|[upkeep]\n|-heal|p1a: Hippowdon|99\/100|[from] item: Leftovers\n|upkeep\n|turn|5\n|\n|t:|1661722425\n|switch|p1a: Zapdos|Zapdos|100\/100\n|move|p2a: Kartana|Sacred Sword|p1a: Zapdos\n|-resisted|p1a: Zapdos\n|-damage|p1a: Zapdos|74\/100\n|\n|-weather|none\n|-end|p1a: Zapdos|move: Future Sight\n|-damage|p1a: Zapdos|34\/100\n|-fieldend|move: Electric Terrain\n|upkeep\n|turn|6\n|\n|t:|1661722450\n|switch|p2a: Landorus|Landorus-Therian, M|100\/100\n|-damage|p2a: Landorus|88\/100|[from] Stealth Rock\n|-ability|p2a: Landorus|Intimidate|boost\n|-unboost|p1a: Zapdos|atk|1\n|move|p1a: Zapdos|Roost|p1a: Zapdos\n|-heal|p1a: Zapdos|84\/100\n|-singleturn|p1a: Zapdos|move: Roost\n|\n|-heal|p2a: Landorus|94\/100|[from] item: Leftovers\n|upkeep\n|turn|7\n|inactive|elemonader has 120 seconds left.\n|\n|t:|1661722471\n|move|p1a: Zapdos|U-turn|p2a: Landorus\n|-resisted|p2a: Landorus\n|-damage|p2a: Landorus|90\/100\n|\n|t:|1661722474\n|switch|p1a: Ferrothorn|Ferrothorn, F|100\/100|[from]move: U-turn\n|move|p2a: Landorus|Defog|p1a: Ferrothorn\n|-unboost|p1a: Ferrothorn|evasion|1\n|-sideend|p2: elemonader|Stealth Rock|[from] move: Defog|[of] p2a: Landorus\n|\n|-heal|p2a: Landorus|96\/100|[from] item: Leftovers\n|upkeep\n|turn|8\n|\n|t:|1661722481\n|switch|p2a: Heatran|Heatran, M|100\/100\n|move|p1a: Ferrothorn|Leech Seed|p2a: Heatran\n|-start|p2a: Heatran|move: Leech Seed\n|\n|-damage|p2a: Heatran|88\/100|[from] Leech Seed|[of] p1a: Ferrothorn\n|upkeep\n|turn|9\n|\n|t:|1661722488\n|switch|p1a: Gastrodon|Gastrodon, F|100\/100\n|move|p2a: Heatran|Stealth Rock|p1a: Gastrodon\n|-sidestart|p1: Scoots Mgee|move: Stealth Rock\n|\n|-heal|p2a: Heatran|94\/100|[from] item: Leftovers\n|-damage|p2a: Heatran|82\/100|[from] Leech Seed|[of] p1a: Gastrodon\n|upkeep\n|turn|10\n|\n|t:|1661722498\n|switch|p2a: Slowbro|Slowbro, M|75\/100 tox\n|move|p1a: Gastrodon|Scald|p2a: Slowbro\n|-resisted|p2a: Slowbro\n|-damage|p2a: Slowbro|65\/100 tox\n|\n|-damage|p2a: Slowbro|59\/100 tox|[from] psn\n|upkeep\n|turn|11\n|\n|t:|1661722508\n|switch|p1a: Heatran|Heatran, M|100\/100\n|-damage|p1a: Heatran|88\/100|[from] Stealth Rock\n|move|p2a: Slowbro|Future Sight|p1a: Heatran\n|-start|p2a: Slowbro|move: Future Sight\n|\n|-damage|p2a: Slowbro|47\/100 tox|[from] psn\n|upkeep\n|turn|12\n|\n|t:|1661722518\n|switch|p2a: Landorus|Landorus-Therian, M|96\/100\n|-ability|p2a: Landorus|Intimidate|boost\n|-unboost|p1a: Heatran|atk|1\n|move|p1a: Heatran|Eruption|p2a: Landorus\n|-damage|p2a: Landorus|13\/100\n|\n|-heal|p2a: Landorus|19\/100|[from] item: Leftovers\n|upkeep\n|turn|13\n|\n|t:|1661722529\n|switch|p1a: Ferrothorn|Ferrothorn, F|100\/100\n|-damage|p1a: Ferrothorn|95\/100|[from] Stealth Rock\n|move|p2a: Landorus|Earthquake|p1a: Ferrothorn\n|-damage|p1a: Ferrothorn|68\/100\n|\n|-end|p1a: Ferrothorn|move: Future Sight\n|-resisted|p1a: Ferrothorn\n|-damage|p1a: Ferrothorn|51\/100\n|-heal|p2a: Landorus|25\/100|[from] item: Leftovers\n|upkeep\n|turn|14\n|inactive|elemonader has 120 seconds left.\n|\n|t:|1661722559\n|switch|p2a: Kartana|Kartana|94\/100\n|move|p1a: Ferrothorn|Spikes|p2a: Kartana\n|-sidestart|p2: elemonader|Spikes\n|\n|upkeep\n|turn|15\n|\n|t:|1661722567\n|move|p1a: Ferrothorn|Protect|p1a: Ferrothorn\n|-singleturn|p1a: Ferrothorn|Protect\n|move|p2a: Kartana|Knock Off|p1a: Ferrothorn\n|-activate|p1a: Ferrothorn|move: Protect\n|\n|upkeep\n|turn|16\n|\n|t:|1661722580\n|move|p2a: Kartana|Knock Off|p1a: Ferrothorn\n|-damage|p1a: Ferrothorn|10\/100\n|-damage|p2a: Kartana|82\/100|[from] ability: Iron Barbs|[of] p1a: Ferrothorn\n|-damage|p2a: Kartana|65\/100|[from] item: Rocky Helmet|[of] p1a: Ferrothorn\n|-enditem|p1a: Ferrothorn|Rocky Helmet|[from] move: Knock Off|[of] p2a: Kartana\n|move|p1a: Ferrothorn|Spikes|p2a: Kartana\n|-sidestart|p2: elemonader|Spikes\n|\n|upkeep\n|turn|17\n|\n|t:|1661722586\n|switch|p1a: Urshifu|Urshifu-Rapid-Strike, M|100\/100\n|-damage|p1a: Urshifu|94\/100|[from] Stealth Rock\n|move|p2a: Kartana|Knock Off|p1a: Urshifu\n|-resisted|p1a: Urshifu\n|-crit|p1a: Urshifu\n|-damage|p1a: Urshifu|44\/100\n|-enditem|p1a: Urshifu|Choice Scarf|[from] move: Knock Off|[of] p2a: Kartana\n|\n|upkeep\n|turn|18\n|\n|t:|1661722603\n|switch|p2a: Heatran|Heatran, M|82\/100\n|-damage|p2a: Heatran|65\/100|[from] Spikes\n|move|p1a: Urshifu|U-turn|p2a: Heatran\n|-resisted|p2a: Heatran\n|-damage|p2a: Heatran|61\/100\n|\n|t:|1661722609\n|switch|p1a: Hippowdon|Hippowdon, M|99\/100|[from]move: U-turn\n|-damage|p1a: Hippowdon|93\/100|[from] Stealth Rock\n|-weather|Sandstorm|[from] ability: Sand Stream|[of] p1a: Hippowdon\n|\n|-weather|Sandstorm|[upkeep]\n|-heal|p2a: Heatran|68\/100|[from] item: Leftovers\n|-heal|p1a: Hippowdon|99\/100|[from] item: Leftovers\n|upkeep\n|turn|19\n|\n|t:|1661722618\n|switch|p2a: Landorus|Landorus-Therian, M|25\/100\n|-ability|p2a: Landorus|Intimidate|boost\n|-unboost|p1a: Hippowdon|atk|1\n|move|p1a: Hippowdon|Toxic|p2a: Landorus|[miss]\n|-miss|p1a: Hippowdon|p2a: Landorus\n|\n|-weather|Sandstorm|[upkeep]\n|-heal|p2a: Landorus|31\/100|[from] item: Leftovers\n|-heal|p1a: Hippowdon|100\/100|[from] item: Leftovers\n|upkeep\n|turn|20\n|\n|t:|1661722631\n|move|p2a: Landorus|Toxic|p1a: Hippowdon\n|-status|p1a: Hippowdon|tox\n|move|p1a: Hippowdon|Toxic|p2a: Landorus\n|-status|p2a: Landorus|tox\n|\n|-weather|Sandstorm|[upkeep]\n|-heal|p2a: Landorus|38\/100 tox|[from] item: Leftovers\n|-damage|p2a: Landorus|31\/100 tox|[from] psn\n|-damage|p1a: Hippowdon|94\/100 tox|[from] psn\n|upkeep\n|turn|21\n|\n|t:|1661722645\n|move|p2a: Landorus|Defog|p1a: Hippowdon\n|-unboost|p1a: Hippowdon|evasion|1\n|-sideend|p1: Scoots Mgee|Stealth Rock|[from] move: Defog|[of] p2a: Landorus\n|-sideend|p2: elemonader|Spikes|[from] move: Defog|[of] p2a: Landorus\n|move|p1a: Hippowdon|Stealth Rock|p2a: Landorus\n|-sidestart|p2: elemonader|move: Stealth Rock\n|\n|-weather|Sandstorm|[upkeep]\n|-heal|p2a: Landorus|38\/100 tox|[from] item: Leftovers\n|-heal|p1a: Hippowdon|100\/100 tox|[from] item: Leftovers\n|-damage|p2a: Landorus|25\/100 tox|[from] psn\n|-damage|p1a: Hippowdon|88\/100 tox|[from] psn\n|upkeep\n|turn|22\n|\n|t:|1661722651\n|switch|p1a: Ferrothorn|Ferrothorn, F|10\/100\n|move|p2a: Landorus|U-turn|p1a: Ferrothorn\n|-damage|p1a: Ferrothorn|0 fnt\n|-damage|p2a: Landorus|13\/100 tox|[from] ability: Iron Barbs|[of] p1a: Ferrothorn\n|faint|p1a: Ferrothorn\n|\n|t:|1661722667\n|switch|p2a: Kartana|Kartana|65\/100|[from]move: U-turn\n|-damage|p2a: Kartana|59\/100|[from] Stealth Rock\n|\n|-weather|none\n|upkeep\n|\n|t:|1661722673\n|switch|p1a: Zapdos|Zapdos|84\/100\n|turn|23\n|\n|t:|1661722687\n|move|p2a: Kartana|Knock Off|p1a: Zapdos\n|-damage|p1a: Zapdos|35\/100\n|-enditem|p1a: Zapdos|Heavy-Duty Boots|[from] move: Knock Off|[of] p2a: Kartana\n|move|p1a: Zapdos|Discharge|p2a: Kartana\n|-resisted|p2a: Kartana\n|-damage|p2a: Kartana|9\/100\n|\n|upkeep\n|turn|24\n|\n|t:|1661722698\n|switch|p2a: Umbreon|Umbreon, M|100\/100\n|-damage|p2a: Umbreon|88\/100|[from] Stealth Rock\n|move|p1a: Zapdos|Roost|p1a: Zapdos\n|-heal|p1a: Zapdos|86\/100\n|-singleturn|p1a: Zapdos|move: Roost\n|\n|-heal|p2a: Umbreon|94\/100|[from] item: Leftovers\n|upkeep\n|turn|25\n|\n|t:|1661722702\n|move|p1a: Zapdos|U-turn|p2a: Umbreon\n|-supereffective|p2a: Umbreon\n|-crit|p2a: Umbreon\n|-damage|p2a: Umbreon|69\/100\n|\n|t:|1661722706\n|switch|p1a: Hippowdon|Hippowdon, M|88\/100 tox|[from]move: U-turn\n|-weather|Sandstorm|[from] ability: Sand Stream|[of] p1a: Hippowdon\n|move|p2a: Umbreon|Heal Bell|p2a: Umbreon\n|-activate|p2a: Umbreon|move: Heal Bell\n|-curestatus|p2: Slowbro|tox|[msg]\n|-curestatus|p2: Landorus|tox|[msg]\n|\n|-weather|Sandstorm|[upkeep]\n|-damage|p2a: Umbreon|63\/100|[from] Sandstorm\n|-heal|p2a: Umbreon|69\/100|[from] item: Leftovers\n|-heal|p1a: Hippowdon|94\/100 tox|[from] item: Leftovers\n|-damage|p1a: Hippowdon|88\/100 tox|[from] psn\n|upkeep\n|turn|26\n|\n|t:|1661722715\n|move|p2a: Umbreon|Wish|p2a: Umbreon\n|move|p1a: Hippowdon|Toxic|p2a: Umbreon\n|-status|p2a: Umbreon|tox\n|-activate|p2a: Umbreon|ability: Synchronize\n|-fail|p1a: Hippowdon|tox\n|\n|-weather|Sandstorm|[upkeep]\n|-damage|p2a: Umbreon|63\/100 tox|[from] Sandstorm\n|-heal|p2a: Umbreon|69\/100 tox|[from] item: Leftovers\n|-heal|p1a: Hippowdon|94\/100 tox|[from] item: Leftovers\n|-damage|p2a: Umbreon|63\/100 tox|[from] psn\n|-damage|p1a: Hippowdon|82\/100 tox|[from] psn\n|upkeep\n|turn|27\n|\n|t:|1661722722\n|switch|p2a: Landorus|Landorus-Therian, M|13\/100\n|-damage|p2a: Landorus|1\/100|[from] Stealth Rock\n|-ability|p2a: Landorus|Intimidate|boost\n|-unboost|p1a: Hippowdon|atk|1\n|move|p1a: Hippowdon|Earthquake|p2a: Landorus\n|-immune|p2a: Landorus\n|\n|-weather|Sandstorm|[upkeep]\n|-heal|p2a: Landorus|52\/100|[from] move: Wish|[wisher] Umbreon\n|-heal|p2a: Landorus|58\/100|[from] item: Leftovers\n|-heal|p1a: Hippowdon|88\/100 tox|[from] item: Leftovers\n|-damage|p1a: Hippowdon|70\/100 tox|[from] psn\n|upkeep\n|turn|28\n|\n|t:|1661722744\n|move|p2a: Landorus|Defog|p1a: Hippowdon\n|-unboost|p1a: Hippowdon|evasion|1\n|-sideend|p2: elemonader|Stealth Rock|[from] move: Defog|[of] p2a: Landorus\n|move|p1a: Hippowdon|Toxic|p2a: Landorus\n|-status|p2a: Landorus|tox\n|\n|-weather|Sandstorm|[upkeep]\n|-heal|p2a: Landorus|64\/100 tox|[from] item: Leftovers\n|-heal|p1a: Hippowdon|76\/100 tox|[from] item: Leftovers\n|-damage|p2a: Landorus|58\/100 tox|[from] psn\n|-damage|p1a: Hippowdon|51\/100 tox|[from] psn\n|upkeep\n|turn|29\n|\n|t:|1661722762\n|move|p2a: Landorus|Earthquake|p1a: Hippowdon\n|-damage|p1a: Hippowdon|20\/100 tox\n|move|p1a: Hippowdon|Slack Off|p1a: Hippowdon\n|-heal|p1a: Hippowdon|70\/100 tox\n|\n|-weather|none\n|-heal|p2a: Landorus|64\/100 tox|[from] item: Leftovers\n|-heal|p1a: Hippowdon|76\/100 tox|[from] item: Leftovers\n|-damage|p2a: Landorus|52\/100 tox|[from] psn\n|-damage|p1a: Hippowdon|45\/100 tox|[from] psn\n|upkeep\n|turn|30\n|\n|t:|1661722775\n|switch|p1a: Zapdos|Zapdos|86\/100\n|move|p2a: Landorus|U-turn|p1a: Zapdos\n|-resisted|p1a: Zapdos\n|-damage|p1a: Zapdos|77\/100\n|inactive|elemonader has 120 seconds left.\n|\n|t:|1661722798\n|switch|p2a: Heatran|Heatran, M|68\/100|[from]move: U-turn\n|\n|-heal|p2a: Heatran|74\/100|[from] item: Leftovers\n|upkeep\n|turn|31\n|\n|t:|1661722808\n|move|p1a: Zapdos|Discharge|p2a: Heatran\n|-damage|p2a: Heatran|45\/100\n|-status|p2a: Heatran|par\n|cant|p2a: Heatran|par\n|\n|-heal|p2a: Heatran|51\/100 par|[from] item: Leftovers\n|upkeep\n|turn|32\n|inactive|elemonader has 120 seconds left.\n|\n|t:|1661722815\n|move|p1a: Zapdos|U-turn|p2a: Heatran\n|-resisted|p2a: Heatran\n|-crit|p2a: Heatran\n|-damage|p2a: Heatran|48\/100 par\n|\n|t:|1661722817\n|switch|p1a: Heatran|Heatran, M|88\/100|[from]move: U-turn\n|move|p2a: Heatran|Stealth Rock|p1a: Heatran\n|-sidestart|p1: Scoots Mgee|move: Stealth Rock\n|\n|-heal|p2a: Heatran|55\/100 par|[from] item: Leftovers\n|upkeep\n|turn|33\n|inactive|elemonader has 120 seconds left.\n|inactive|elemonader has 90 seconds left.\n|\n|t:|1661722864\n|move|p2a: Heatran|Protect|p2a: Heatran\n|-singleturn|p2a: Heatran|Protect\n|move|p1a: Heatran|Eruption|p2a: Heatran\n|-activate|p2a: Heatran|move: Protect\n|\n|-heal|p2a: Heatran|61\/100 par|[from] item: Leftovers\n|upkeep\n|turn|34\n|inactive|elemonader has 90 seconds left.\n|\n|t:|1661722876\n|switch|p1a: Zapdos|Zapdos|77\/100\n|-damage|p1a: Zapdos|52\/100|[from] Stealth Rock\n|move|p2a: Heatran|Toxic|p1a: Zapdos\n|-status|p1a: Zapdos|tox\n|\n|-heal|p2a: Heatran|67\/100 par|[from] item: Leftovers\n|-damage|p1a: Zapdos|46\/100 tox|[from] psn\n|upkeep\n|turn|35\n|-message|Scoots Mgee forfeited.\n|\n|win|elemonader\n|raw|Scoots Mgee's rating: 1443 &rarr; <strong>1421<\/strong><br \/>(-22 for losing)\n|raw|elemonader's rating: 1410 &rarr; <strong>1432<\/strong><br \/>(+22 for winning)\n|l|\u2606Scoots Mgee\n||Ladder isn't responding, score probably updated but might not have (Request timeout).\n","uploadtime":1661722891,"views":5,"p1id":"scootsmgee","p2id":"elemonader","formatid":"gen8ou","rating":1421,"private":0,"password":null}