{"id":"gen8almostanyability-1657617935","p1":"Delibird Heart","p2":"CCGeek","format":"gen8almostanyability","log":"|j|\u2606Delibird Heart\n|j|\u2606CCGeek\n|inactive|Battle timer is ON: inactive players will automatically lose when time's up.\n|t:|1662482084\n|gametype|singles\n|player|p1|Delibird Heart|guitarist-gen4|\n|player|p2|CCGeek|steven-masters|\n|teamsize|p1|6\n|teamsize|p2|6\n|gen|8\n|tier|[Gen 8] Almost Any Ability\n|rated|Tournament battle\n|rule|Species Clause: Limit one of each Pok\u00e9mon\n|rule|OHKO Clause: OHKO moves are banned\n|rule|Evasion Moves Clause: Evasion moves are banned\n|rule|Endless Battle Clause: Forcing endless battles is banned\n|rule|Dynamax Clause: You cannot dynamax\n|rule|HP Percentage Mod: HP is shown in percentages\n|rule|2 Ability Clause: Limit two of each ability\n|rule|Sleep Clause: Sleep-inducing moves are banned\n|clearpoke\n|poke|p1|Blissey, F|\n|poke|p1|Volcarona, M|\n|poke|p1|Tapu Bulu|\n|poke|p1|Heracross, M|\n|poke|p1|Nidoking, M|\n|poke|p1|Mandibuzz, F|\n|poke|p2|Zarude|\n|poke|p2|Excadrill, F|\n|poke|p2|Landorus-Therian, M|\n|poke|p2|Heatran, M|\n|poke|p2|Mew|\n|poke|p2|Tapu Lele|\n|teampreview\n|inactive|Delibird Heart also wants the timer to be on.\n|inactive|CCGeek also wants the timer to be on.\n|\n|t:|1662482096\n|start\n|switch|p1a: Mandibuzz|Mandibuzz, F|100\/100\n|switch|p2a: Heatran|Heatran, M|100\/100\n|-weather|DesolateLand|[from] ability: Desolate Land|[of] p2a: Heatran\n|-ability|p1a: Mandibuzz|Intimidate|boost\n|-unboost|p2a: Heatran|atk|1\n|turn|1\n|j|#UT\n|inactive|Delibird Heart has 120 seconds left.\n|c|\u2606CCGeek|glhf\n|c|\u2606Delibird Heart|gl hf\n|\n|t:|1662482138\n|switch|p1a: Blissey|Blissey, F|100\/100\n|move|p2a: Heatran|Taunt|p1a: Blissey\n|-start|p1a: Blissey|move: Taunt\n|\n|-weather|DesolateLand|[upkeep]\n|upkeep\n|turn|2\n|\n|t:|1662482158\n|move|p2a: Heatran|Stealth Rock|p1a: Blissey\n|-sidestart|p1: Delibird Heart|move: Stealth Rock\n|move|p1a: Blissey|Seismic Toss|p2a: Heatran\n|-damage|p2a: Heatran|70\/100\n|\n|-weather|DesolateLand|[upkeep]\n|-heal|p2a: Heatran|76\/100|[from] item: Leftovers\n|upkeep\n|turn|3\n|\n|t:|1662482166\n|move|p2a: Heatran|Magma Storm|p1a: Blissey\n|-damage|p1a: Blissey|69\/100\n|-activate|p1a: Blissey|move: Magma Storm|[of] p2a: Heatran\n|move|p1a: Blissey|Seismic Toss|p2a: Heatran\n|-damage|p2a: Heatran|45\/100\n|\n|-weather|DesolateLand|[upkeep]\n|-heal|p2a: Heatran|51\/100|[from] item: Leftovers\n|-damage|p1a: Blissey|57\/100|[from] move: Magma Storm|[partiallytrapped]\n|-end|p1a: Blissey|move: Taunt\n|upkeep\n|turn|4\n|\n|t:|1662482174\n|move|p2a: Heatran|Taunt|p1a: Blissey\n|-start|p1a: Blissey|move: Taunt\n|move|p1a: Blissey|Seismic Toss|p2a: Heatran\n|-damage|p2a: Heatran|20\/100\n|\n|-weather|DesolateLand|[upkeep]\n|-heal|p2a: Heatran|26\/100|[from] item: Leftovers\n|-damage|p1a: Blissey|44\/100|[from] move: Magma Storm|[partiallytrapped]\n|upkeep\n|turn|5\n|\n|t:|1662482185\n|move|p2a: Heatran|Magma Storm|p1a: Blissey\n|-damage|p1a: Blissey|17\/100\n|move|p1a: Blissey|Seismic Toss|p2a: Heatran\n|-damage|p2a: Heatran|0 fnt\n|faint|p2a: Heatran\n|-weather|none\n|\n|-end|p1a: Blissey|Magma Storm|[partiallytrapped]|[silent]\n|upkeep\n|\n|t:|1662482194\n|switch|p2a: Zarude|Zarude|100\/100\n|turn|6\n|\n|t:|1662482199\n|switch|p1a: Mandibuzz|Mandibuzz, F|100\/100\n|-ability|p1a: Mandibuzz|Intimidate|boost\n|-unboost|p2a: Zarude|atk|1\n|move|p2a: Zarude|U-turn|p1a: Mandibuzz\n|-damage|p1a: Mandibuzz|89\/100\n|\n|t:|1662482212\n|switch|p2a: Tapu Lele|Tapu Lele|100\/100|[from]move: U-turn\n|\n|upkeep\n|turn|7\n|inactive|Delibird Heart has 120 seconds left.\n|\n|t:|1662482242\n|switch|p1a: Blissey|Blissey, F|50\/100\n|move|p2a: Tapu Lele|Draining Kiss|p1a: Blissey\n|-damage|p1a: Blissey|37\/100\n|-damage|p2a: Tapu Lele|91\/100|[from] item: Life Orb\n|\n|upkeep\n|turn|8\n|\n|t:|1662482250\n|move|p2a: Tapu Lele|Psyshock|p1a: Blissey\n|-damage|p1a: Blissey|0 fnt\n|faint|p1a: Blissey\n|-damage|p2a: Tapu Lele|81\/100|[from] item: Life Orb\n|\n|upkeep\n|\n|t:|1662482262\n|switch|p1a: Volcarona|Volcarona, M|100\/100\n|turn|9\n|\n|t:|1662482287\n|move|p1a: Volcarona|Quiver Dance|p1a: Volcarona\n|-boost|p1a: Volcarona|spa|1\n|-boost|p1a: Volcarona|spd|1\n|-boost|p1a: Volcarona|spe|1\n|move|p2a: Tapu Lele|Psyshock|p1a: Volcarona\n|-damage|p1a: Volcarona|11\/100\n|-damage|p2a: Tapu Lele|71\/100|[from] item: Life Orb\n|\n|upkeep\n|turn|10\n|\n|t:|1662482293\n|move|p2a: Tapu Lele|Draining Kiss|p1a: Volcarona\n|-resisted|p1a: Volcarona\n|-damage|p1a: Volcarona|0 fnt\n|-heal|p2a: Tapu Lele|80\/100|[from] drain|[of] p1a: Volcarona\n|faint|p1a: Volcarona\n|-damage|p2a: Tapu Lele|70\/100|[from] item: Life Orb\n|\n|upkeep\n|\n|t:|1662482301\n|switch|p1a: Nidoking|Nidoking, M|100\/100\n|-damage|p1a: Nidoking|95\/100|[from] Stealth Rock\n|turn|11\n|c|\u2606CCGeek|is this modest or timid kek\n|j| Orangex733\n|j| Iynhe\n|inactive|CCGeek has 120 seconds left.\n|j| lebla28\n|inactive|CCGeek has 90 seconds left.\n|\n|t:|1662482368\n|switch|p2a: Excadrill|Excadrill, F|100\/100\n|-ability|p2a: Excadrill|Neutralizing Gas\n|move|p1a: Nidoking|Fire Blast|p2a: Excadrill\n|-supereffective|p2a: Excadrill\n|-damage|p2a: Excadrill|5\/100\n|-damage|p1a: Nidoking|85\/100|[from] item: Life Orb\n|\n|upkeep\n|turn|12\n|inactive|CCGeek has 90 seconds left.\n|j| doubledgedsword\n|\n|t:|1662482379\n|switch|p1a: Mandibuzz|Mandibuzz, F|89\/100\n|move|p2a: Excadrill|Rapid Spin|p1a: Mandibuzz\n|-damage|p1a: Mandibuzz|80\/100\n|-boost|p2a: Excadrill|spe|1\n|\n|upkeep\n|turn|13\n|inactive|CCGeek has 90 seconds left.\n|l| doubledgedsword\n|\n|t:|1662482386\n|move|p2a: Excadrill|Iron Head|p1a: Mandibuzz\n|-damage|p1a: Mandibuzz|61\/100\n|move|p1a: Mandibuzz|U-turn|p2a: Excadrill\n|-resisted|p2a: Excadrill\n|-damage|p2a: Excadrill|0 fnt\n|-damage|p1a: Mandibuzz|44\/100|[from] item: Rocky Helmet|[of] p2a: Excadrill\n|faint|p2a: Excadrill\n|-end|p2a: Excadrill|ability: Neutralizing Gas\n|\n|t:|1662482402\n|switch|p1a: Tapu Bulu|Tapu Bulu|100\/100|[from]move: U-turn\n|-damage|p1a: Tapu Bulu|88\/100|[from] Stealth Rock\n|\n|-heal|p1a: Tapu Bulu|94\/100|[from] item: Leftovers\n|upkeep\n|inactive|CCGeek has 90 seconds left.\n|l| lebla28\n|j| icysleeps\n|j| Discordual\n|l| icysleeps\n|c|\u2606CCGeek|sad how does one hit grass types with this team now\n|inactive|CCGeek has 60 seconds left.\n|\n|t:|1662482448\n|switch|p2a: Landorus|Landorus-Therian, M|100\/100\n|turn|14\n|inactive|CCGeek has 60 seconds left.\n|\n|t:|1662482453\n|move|p2a: Landorus|Knock Off|p1a: Tapu Bulu\n|-resisted|p1a: Tapu Bulu\n|-damage|p1a: Tapu Bulu|85\/100\n|-enditem|p1a: Tapu Bulu|Leftovers|[from] move: Knock Off|[of] p2a: Landorus\n|move|p1a: Tapu Bulu|Bulk Up|p1a: Tapu Bulu\n|-boost|p1a: Tapu Bulu|atk|1\n|-boost|p1a: Tapu Bulu|def|1\n|\n|upkeep\n|turn|15\n|\n|t:|1662482457\n|move|p2a: Landorus|U-turn|p1a: Tapu Bulu\n|-damage|p1a: Tapu Bulu|74\/100\n|\n|t:|1662482459\n|switch|p2a: Mew|Mew|100\/100|[from]move: U-turn\n|-ability|p2a: Mew|Dauntless Shield|boost\n|-boost|p2a: Mew|def|1\n|move|p1a: Tapu Bulu|Horn Leech|p2a: Mew\n|-damage|p2a: Mew|81\/100\n|-heal|p1a: Tapu Bulu|86\/100|[from] drain|[of] p2a: Mew\n|\n|-heal|p2a: Mew|87\/100|[from] item: Leftovers\n|upkeep\n|turn|16\n|\n|t:|1662482466\n|move|p2a: Mew|Body Press|p1a: Tapu Bulu\n|-resisted|p1a: Tapu Bulu\n|-damage|p1a: Tapu Bulu|77\/100\n|move|p1a: Tapu Bulu|Bulk Up|p1a: Tapu Bulu\n|-boost|p1a: Tapu Bulu|atk|1\n|-boost|p1a: Tapu Bulu|def|1\n|\n|-heal|p2a: Mew|93\/100|[from] item: Leftovers\n|upkeep\n|turn|17\n|inactive|CCGeek has 90 seconds left.\n|\n|t:|1662482481\n|move|p2a: Mew|Spikes|p1a: Tapu Bulu\n|-sidestart|p1: Delibird Heart|Spikes\n|move|p1a: Tapu Bulu|Horn Leech|p2a: Mew\n|-damage|p2a: Mew|65\/100\n|-heal|p1a: Tapu Bulu|93\/100|[from] drain|[of] p2a: Mew\n|\n|-heal|p2a: Mew|71\/100|[from] item: Leftovers\n|upkeep\n|turn|18\n|inactive|CCGeek has 90 seconds left.\n|j| Goofin Aroun\n|\n|t:|1662482500\n|move|p2a: Mew|Spikes|p1a: Tapu Bulu\n|-sidestart|p1: Delibird Heart|Spikes\n|move|p1a: Tapu Bulu|Bulk Up|p1a: Tapu Bulu\n|-boost|p1a: Tapu Bulu|atk|1\n|-boost|p1a: Tapu Bulu|def|1\n|\n|-heal|p2a: Mew|77\/100|[from] item: Leftovers\n|upkeep\n|turn|19\n|\n|t:|1662482503\n|move|p2a: Mew|Volt Switch|p1a: Tapu Bulu\n|-resisted|p1a: Tapu Bulu\n|-crit|p1a: Tapu Bulu\n|-damage|p1a: Tapu Bulu|81\/100\n|inactive|CCGeek has 90 seconds left.\n|\n|t:|1662482509\n|switch|p2a: Landorus|Landorus-Therian, M|100\/100|[from]move: Volt Switch\n|move|p1a: Tapu Bulu|Bulk Up|p1a: Tapu Bulu\n|-boost|p1a: Tapu Bulu|atk|1\n|-boost|p1a: Tapu Bulu|def|1\n|\n|upkeep\n|turn|20\n|inactive|CCGeek has 90 seconds left.\n|\n|t:|1662482523\n|move|p2a: Landorus|U-turn|p1a: Tapu Bulu\n|-damage|p1a: Tapu Bulu|75\/100\n|\n|t:|1662482527\n|switch|p2a: Mew|Mew|77\/100|[from]move: U-turn\n|-ability|p2a: Mew|Dauntless Shield|boost\n|-boost|p2a: Mew|def|1\n|move|p1a: Tapu Bulu|Bulk Up|p1a: Tapu Bulu\n|-boost|p1a: Tapu Bulu|atk|1\n|-boost|p1a: Tapu Bulu|def|1\n|\n|-heal|p2a: Mew|84\/100|[from] item: Leftovers\n|upkeep\n|turn|21\n|\n|t:|1662482536\n|move|p2a: Mew|Body Press|p1a: Tapu Bulu\n|-resisted|p1a: Tapu Bulu\n|-damage|p1a: Tapu Bulu|72\/100\n|move|p1a: Tapu Bulu|Horn Leech|p2a: Mew\n|-damage|p2a: Mew|34\/100\n|-heal|p1a: Tapu Bulu|100\/100|[from] drain|[of] p2a: Mew\n|\n|-heal|p2a: Mew|40\/100|[from] item: Leftovers\n|upkeep\n|turn|22\n|\n|t:|1662482539\n|move|p2a: Mew|Volt Switch|p1a: Tapu Bulu\n|-resisted|p1a: Tapu Bulu\n|-crit|p1a: Tapu Bulu\n|-damage|p1a: Tapu Bulu|89\/100\n|\n|t:|1662482541\n|switch|p2a: Landorus|Landorus-Therian, M|100\/100|[from]move: Volt Switch\n|move|p1a: Tapu Bulu|Horn Leech|p2a: Landorus\n|-damage|p2a: Landorus|0 fnt\n|-heal|p1a: Tapu Bulu|100\/100|[from] drain|[of] p2a: Landorus\n|faint|p2a: Landorus\n|\n|upkeep\n|\n|t:|1662482549\n|switch|p2a: Zarude|Zarude|100\/100\n|turn|23\n|\n|t:|1662482552\n|move|p2a: Zarude|U-turn|p1a: Tapu Bulu\n|-damage|p1a: Tapu Bulu|95\/100\n|\n|t:|1662482554\n|switch|p2a: Mew|Mew|40\/100|[from]move: U-turn\n|-ability|p2a: Mew|Dauntless Shield|boost\n|-boost|p2a: Mew|def|1\n|move|p1a: Tapu Bulu|Close Combat|p2a: Mew\n|-resisted|p2a: Mew\n|-damage|p2a: Mew|16\/100\n|-unboost|p1a: Tapu Bulu|def|1\n|-unboost|p1a: Tapu Bulu|spd|1\n|\n|-heal|p2a: Mew|22\/100|[from] item: Leftovers\n|upkeep\n|turn|24\n|\n|t:|1662482568\n|move|p2a: Mew|Roost|p2a: Mew\n|-heal|p2a: Mew|72\/100\n|-singleturn|p2a: Mew|move: Roost\n|move|p1a: Tapu Bulu|Horn Leech|p2a: Mew\n|-damage|p2a: Mew|28\/100\n|-heal|p1a: Tapu Bulu|100\/100|[from] drain|[of] p2a: Mew\n|\n|-heal|p2a: Mew|34\/100|[from] item: Leftovers\n|upkeep\n|turn|25\n|\n|t:|1662482571\n|move|p2a: Mew|Roost|p2a: Mew\n|-heal|p2a: Mew|84\/100\n|-singleturn|p2a: Mew|move: Roost\n|move|p1a: Tapu Bulu|Bulk Up|p1a: Tapu Bulu\n|-boost|p1a: Tapu Bulu|atk|1\n|-boost|p1a: Tapu Bulu|def|1\n|\n|-heal|p2a: Mew|90\/100|[from] item: Leftovers\n|upkeep\n|turn|26\n|\n|t:|1662482583\n|move|p2a: Mew|Spikes|p1a: Tapu Bulu\n|-sidestart|p1: Delibird Heart|Spikes\n|move|p1a: Tapu Bulu|Horn Leech|p2a: Mew\n|-damage|p2a: Mew|42\/100\n|\n|-heal|p2a: Mew|48\/100|[from] item: Leftovers\n|upkeep\n|turn|27\n|\n|t:|1662482594\n|move|p2a: Mew|Roost|p2a: Mew\n|-heal|p2a: Mew|98\/100\n|-singleturn|p2a: Mew|move: Roost\n|move|p1a: Tapu Bulu|Stone Edge|p2a: Mew\n|-damage|p2a: Mew|48\/100\n|\n|-heal|p2a: Mew|54\/100|[from] item: Leftovers\n|upkeep\n|turn|28\n|\n|t:|1662482621\n|move|p2a: Mew|Roost|p2a: Mew\n|-heal|p2a: Mew|100\/100\n|-singleturn|p2a: Mew|move: Roost\n|move|p1a: Tapu Bulu|Stone Edge|p2a: Mew|[miss]\n|-miss|p1a: Tapu Bulu|p2a: Mew\n|\n|upkeep\n|turn|29\n|\n|t:|1662482625\n|move|p2a: Mew|Body Press|p1a: Tapu Bulu\n|-resisted|p1a: Tapu Bulu\n|-damage|p1a: Tapu Bulu|97\/100\n|move|p1a: Tapu Bulu|Stone Edge|p2a: Mew\n|-damage|p2a: Mew|52\/100\n|\n|-heal|p2a: Mew|58\/100|[from] item: Leftovers\n|upkeep\n|turn|30\n|\n|t:|1662482628\n|move|p2a: Mew|Roost|p2a: Mew\n|-heal|p2a: Mew|100\/100\n|-singleturn|p2a: Mew|move: Roost\n|move|p1a: Tapu Bulu|Stone Edge|p2a: Mew\n|-damage|p2a: Mew|55\/100\n|\n|-heal|p2a: Mew|61\/100|[from] item: Leftovers\n|upkeep\n|turn|31\n|j|\u2606mudkipbowl\n|\n|t:|1662482641\n|move|p2a: Mew|Body Press|p1a: Tapu Bulu\n|-resisted|p1a: Tapu Bulu\n|-damage|p1a: Tapu Bulu|93\/100\n|move|p1a: Tapu Bulu|Bulk Up|p1a: Tapu Bulu\n|-boost|p1a: Tapu Bulu|atk|0\n|-boost|p1a: Tapu Bulu|def|1\n|\n|-heal|p2a: Mew|68\/100|[from] item: Leftovers\n|upkeep\n|turn|32\n|\n|t:|1662482645\n|move|p2a: Mew|Body Press|p1a: Tapu Bulu\n|-resisted|p1a: Tapu Bulu\n|-damage|p1a: Tapu Bulu|90\/100\n|move|p1a: Tapu Bulu|Stone Edge|p2a: Mew\n|-damage|p2a: Mew|23\/100\n|\n|-heal|p2a: Mew|29\/100|[from] item: Leftovers\n|upkeep\n|turn|33\n|\n|t:|1662482649\n|move|p2a: Mew|Roost|p2a: Mew\n|-heal|p2a: Mew|79\/100\n|-singleturn|p2a: Mew|move: Roost\n|move|p1a: Tapu Bulu|Horn Leech|p2a: Mew\n|-damage|p2a: Mew|27\/100\n|-heal|p1a: Tapu Bulu|100\/100|[from] drain|[of] p2a: Mew\n|\n|-heal|p2a: Mew|33\/100|[from] item: Leftovers\n|upkeep\n|turn|34\n|c| Discordual|What ability is Bulu?\n|\n|t:|1662482653\n|move|p2a: Mew|Roost|p2a: Mew\n|-heal|p2a: Mew|83\/100\n|-singleturn|p2a: Mew|move: Roost\n|move|p1a: Tapu Bulu|Horn Leech|p2a: Mew\n|-damage|p2a: Mew|26\/100\n|\n|-heal|p2a: Mew|32\/100|[from] item: Leftovers\n|upkeep\n|turn|35\n|\n|t:|1662482658\n|move|p2a: Mew|Roost|p2a: Mew\n|-heal|p2a: Mew|82\/100\n|-singleturn|p2a: Mew|move: Roost\n|move|p1a: Tapu Bulu|Horn Leech|p2a: Mew\n|-damage|p2a: Mew|33\/100\n|\n|-heal|p2a: Mew|39\/100|[from] item: Leftovers\n|upkeep\n|turn|36\n|c|\u2606Delibird Heart|its grass pelt because this team was for another om where u had 2 abilities at once lol\n|c|\u2606Delibird Heart|i forgot that\n|c| Discordual|Oh that's funny\n|c|\u2606CCGeek|oh welp\n|c|\u2606CCGeek|rip\n|\n|t:|1662482682\n|move|p2a: Mew|Roost|p2a: Mew\n|-heal|p2a: Mew|89\/100\n|-singleturn|p2a: Mew|move: Roost\n|move|p1a: Tapu Bulu|Horn Leech|p2a: Mew\n|-damage|p2a: Mew|33\/100\n|\n|-heal|p2a: Mew|39\/100|[from] item: Leftovers\n|upkeep\n|turn|37\n|c|\u2606mudkipbowl|oh its a pokeaaa team\n|c|\u2606mudkipbowl|haha\n|c| Discordual|Pok\u00e9bilities AAA, I assumne\n|c| Discordual|*assume\n|c| Discordual|Yea\n|c|\u2606Delibird Heart|yeah exactly\n|inactive|CCGeek has 120 seconds left.\n|\n|t:|1662482714\n|move|p2a: Mew|Roost|p2a: Mew\n|-heal|p2a: Mew|89\/100\n|-singleturn|p2a: Mew|move: Roost\n|move|p1a: Tapu Bulu|Stone Edge|p2a: Mew|[miss]\n|-miss|p1a: Tapu Bulu|p2a: Mew\n|\n|-heal|p2a: Mew|95\/100|[from] item: Leftovers\n|upkeep\n|turn|38\n|j|#isaiaH\n|c| Discordual|Grass pelt + Grassy Surge is a cool tech\n|\n|t:|1662482723\n|move|p2a: Mew|Body Press|p1a: Tapu Bulu\n|-resisted|p1a: Tapu Bulu\n|-damage|p1a: Tapu Bulu|97\/100\n|move|p1a: Tapu Bulu|Stone Edge|p2a: Mew\n|-damage|p2a: Mew|52\/100\n|\n|-heal|p2a: Mew|58\/100|[from] item: Leftovers\n|upkeep\n|turn|39\n|l|#isaiaH\n|inactive|CCGeek has 120 seconds left.\n|c|\u2606CCGeek|risking a crit here\n|\n|t:|1662482750\n|move|p2a: Mew|Body Press|p1a: Tapu Bulu\n|-resisted|p1a: Tapu Bulu\n|-damage|p1a: Tapu Bulu|94\/100\n|move|p1a: Tapu Bulu|Stone Edge|p2a: Mew\n|-damage|p2a: Mew|11\/100\n|\n|-heal|p2a: Mew|17\/100|[from] item: Leftovers\n|upkeep\n|turn|40\n|c|\u2606CCGeek|nice\n|\n|t:|1662482760\n|switch|p1a: Mandibuzz|Mandibuzz, F|44\/100\n|-ability|p1a: Mandibuzz|Intimidate|boost\n|-unboost|p2a: Mew|atk|1\n|move|p2a: Mew|Roost|p2a: Mew\n|-heal|p2a: Mew|67\/100\n|-singleturn|p2a: Mew|move: Roost\n|\n|-heal|p2a: Mew|74\/100|[from] item: Leftovers\n|upkeep\n|turn|41\n|j|%Clastia\n|\n|t:|1662482767\n|move|p2a: Mew|Volt Switch|p1a: Mandibuzz\n|-supereffective|p1a: Mandibuzz\n|-damage|p1a: Mandibuzz|20\/100\n|\n|t:|1662482770\n|switch|p2a: Zarude|Zarude|100\/100|[from]move: Volt Switch\n|move|p1a: Mandibuzz|Defog|p2a: Zarude\n|-unboost|p2a: Zarude|evasion|1\n|-sideend|p1: Delibird Heart|Spikes|[from] move: Defog|[of] p1a: Mandibuzz\n|-sideend|p1: Delibird Heart|Stealth Rock|[from] move: Defog|[of] p1a: Mandibuzz\n|\n|upkeep\n|turn|42\n|inactive|CCGeek has 120 seconds left.\n|\n|t:|1662482779\n|move|p2a: Zarude|U-turn|p1a: Mandibuzz\n|-damage|p1a: Mandibuzz|2\/100\n|\n|t:|1662482781\n|switch|p2a: Mew|Mew|74\/100|[from]move: U-turn\n|-ability|p2a: Mew|Dauntless Shield|boost\n|-boost|p2a: Mew|def|1\n|move|p1a: Mandibuzz|Roost|p1a: Mandibuzz\n|-heal|p1a: Mandibuzz|53\/100\n|-singleturn|p1a: Mandibuzz|move: Roost\n|\n|-heal|p2a: Mew|80\/100|[from] item: Leftovers\n|upkeep\n|turn|43\n|c| Discordual|I mean I think you lose to Bulu either way\n|c|\u2606CCGeek|yeah\n|inactive|CCGeek has 120 seconds left.\n|\n|t:|1662482800\n|move|p2a: Mew|Volt Switch|p1a: Mandibuzz\n|-supereffective|p1a: Mandibuzz\n|-damage|p1a: Mandibuzz|27\/100\n|\n|t:|1662482802\n|switch|p2a: Tapu Lele|Tapu Lele|70\/100|[from]move: Volt Switch\n|move|p1a: Mandibuzz|Roost|p1a: Mandibuzz\n|-heal|p1a: Mandibuzz|78\/100\n|-singleturn|p1a: Mandibuzz|move: Roost\n|\n|upkeep\n|turn|44\n|\n|t:|1662482822\n|move|p2a: Tapu Lele|Draining Kiss|p1a: Mandibuzz\n|-supereffective|p1a: Mandibuzz\n|-damage|p1a: Mandibuzz|13\/100\n|-heal|p2a: Tapu Lele|100\/100|[from] drain|[of] p1a: Mandibuzz\n|-damage|p2a: Tapu Lele|91\/100|[from] item: Life Orb\n|move|p1a: Mandibuzz|U-turn|p2a: Tapu Lele\n|-damage|p2a: Tapu Lele|72\/100\n|\n|t:|1662482840\n|switch|p1a: Nidoking|Nidoking, M|85\/100|[from]move: U-turn\n|\n|upkeep\n|turn|45\n|inactive|CCGeek has 120 seconds left.\n|\n|t:|1662482862\n|switch|p2a: Mew|Mew|80\/100\n|-ability|p2a: Mew|Dauntless Shield|boost\n|-boost|p2a: Mew|def|1\n|move|p1a: Nidoking|Blizzard|p2a: Mew\n|-damage|p2a: Mew|48\/100\n|-damage|p1a: Nidoking|75\/100|[from] item: Life Orb\n|\n|-heal|p2a: Mew|54\/100|[from] item: Leftovers\n|upkeep\n|turn|46\n|inactive|CCGeek has 120 seconds left.\n|c|\u2606Delibird Heart|yeah actually most of these sets are really bad without their other abilities lmao\n|c| Discordual|Good old sheer force life orb with no sheer force\n|c| Discordual|I mean I can guess what it is\n|c|\u2606CCGeek|LOL\n|\n|t:|1662482899\n|switch|p1a: Heracross|Heracross, M|100\/100\n|move|p2a: Mew|Body Press|p1a: Heracross\n|-resisted|p1a: Heracross\n|-damage|p1a: Heracross|72\/100\n|\n|-heal|p2a: Mew|60\/100|[from] item: Leftovers\n|-status|p1a: Heracross|tox|[from] item: Toxic Orb\n|upkeep\n|turn|47\n|c|\u2606CCGeek|ofuk\n|c| Discordual|Wait, toxic orb?\n|c|%Clastia|toxic boost im guessing\n|c|\u2606Delibird Heart|good old toxic boost guts with no guts\n|c| Discordual|I mean it's way better specifically here\n|\n|t:|1662482920\n|move|p1a: Heracross|Knock Off|p2a: Mew\n|-supereffective|p2a: Mew\n|-damage|p2a: Mew|21\/100\n|-enditem|p2a: Mew|Leftovers|[from] move: Knock Off|[of] p1a: Heracross\n|move|p2a: Mew|Volt Switch|p1a: Heracross\n|-damage|p1a: Heracross|52\/100 tox\n|c| Discordual|Because you're not guts\n|\n|t:|1662482924\n|switch|p2a: Tapu Lele|Tapu Lele|72\/100|[from]move: Volt Switch\n|\n|-damage|p1a: Heracross|46\/100 tox|[from] psn\n|upkeep\n|turn|48\n|c| Discordual|But why toxic orb on Pokebilities AAA?\n|c|%Clastia|its not pokeaaa\n|c|%Clastia|its reg aaa\n|\n|t:|1662482937\n|switch|p1a: Tapu Bulu|Tapu Bulu|94\/100\n|move|p2a: Tapu Lele|Psyshock|p1a: Tapu Bulu\n|-damage|p1a: Tapu Bulu|58\/100\n|-damage|p2a: Tapu Lele|62\/100|[from] item: Life Orb\n|\n|upkeep\n|turn|49\n|c| Discordual|I know\n|c|%Clastia|and toxic orb is a wallbreaker set\n|c| Discordual|But this is a pok\u00e9bilities AAA set\n|c| Discordual|Yea I thought about it\n|c| Discordual|And realised what ability it probably was\n|inactive|CCGeek has 90 seconds left.\n|c| Discordual|I just always saw quick feet\n|l|#UT\n|c|%Clastia|i dont remember if we ever unbanned bulu in pokeaaa actually\n|c|%Clastia|but its probably fine tbh now\n|c| Discordual|Pretty sure we did\n|inactive|CCGeek has 60 seconds left.\n|c|\u2606Delibird Heart|yeah quick feet + guts is the real set but i like toxic boost + guts\n|\n|t:|1662482995\n|move|p2a: Tapu Lele|Psyshock|p1a: Tapu Bulu\n|-damage|p1a: Tapu Bulu|19\/100\n|-damage|p2a: Tapu Lele|52\/100|[from] item: Life Orb\n|move|p1a: Tapu Bulu|Horn Leech|p2a: Tapu Lele\n|-damage|p2a: Tapu Lele|2\/100\n|-heal|p1a: Tapu Bulu|40\/100|[from] drain|[of] p2a: Tapu Lele\n|\n|upkeep\n|turn|50\n|c|\u2606Delibird Heart|its really funny\n|c|%Clastia|no theyre both recognised sets\n|inactive|CCGeek has 60 seconds left.\n|\n|t:|1662483006\n|move|p2a: Tapu Lele|Draining Kiss|p1a: Tapu Bulu\n|-damage|p1a: Tapu Bulu|0 fnt\n|-heal|p2a: Tapu Lele|38\/100|[from] drain|[of] p1a: Tapu Bulu\n|faint|p1a: Tapu Bulu\n|-damage|p2a: Tapu Lele|28\/100|[from] item: Life Orb\n|\n|upkeep\n|c|\u2606mudkipbowl|clast we did\n|c|%Clastia|ah ok\n|\n|t:|1662483010\n|switch|p1a: Nidoking|Nidoking, M|75\/100\n|turn|51\n|c|\u2606mudkipbowl|we banned triage and freed bulu and pangoro\n|\n|t:|1662483019\n|switch|p2a: Mew|Mew|21\/100\n|-ability|p2a: Mew|Dauntless Shield|boost\n|-boost|p2a: Mew|def|1\n|move|p1a: Nidoking|Fire Blast|p2a: Mew\n|-damage|p2a: Mew|0 fnt\n|faint|p2a: Mew\n|-damage|p1a: Nidoking|65\/100|[from] item: Life Orb\n|\n|upkeep\n|\n|t:|1662483021\n|switch|p2a: Zarude|Zarude|100\/100\n|turn|52\n|\n|t:|1662483024\n|move|p2a: Zarude|Close Combat|p1a: Nidoking\n|-resisted|p1a: Nidoking\n|-damage|p1a: Nidoking|30\/100\n|-unboost|p2a: Zarude|def|1\n|-unboost|p2a: Zarude|spd|1\n|move|p1a: Nidoking|Blizzard|p2a: Zarude\n|-supereffective|p2a: Zarude\n|-damage|p2a: Zarude|0 fnt\n|faint|p2a: Zarude\n|-damage|p1a: Nidoking|20\/100|[from] item: Life Orb\n|\n|upkeep\n|c| Discordual|I 100% see toxic boost now you mention it\n|\n|t:|1662483026\n|switch|p2a: Tapu Lele|Tapu Lele|28\/100\n|turn|53\n|c|%Clastia|o wait we freed pangoro? :fear:\n|\n|t:|1662483028\n|move|p2a: Tapu Lele|Draining Kiss|p1a: Nidoking\n|-resisted|p1a: Nidoking\n|-damage|p1a: Nidoking|0 fnt\n|-heal|p2a: Tapu Lele|43\/100|[from] drain|[of] p1a: Nidoking\n|faint|p1a: Nidoking\n|-damage|p2a: Tapu Lele|33\/100|[from] item: Life Orb\n|\n|upkeep\n|c| Discordual|Or before it, as well\n|c|\u2606mudkipbowl|or i think we did\n|c|\u2606Delibird Heart|gg\n|-message|Delibird Heart forfeited.\n|\n|win|CCGeek\n|n|\u2606Delibird Heart|delibirdheart\n|n|\u2606CCGeek|ccgeek\n|n| Orangex733|orangex733\n|n| Iynhe|iynhe\n|n| Discordual|discordual\n|n| Goofin Aroun|goofinaroun\n|n| mudkipbowl|mudkipbowl\n|n| Clastia|clastia\n|l|\u2606Delibird Heart\n|c| mudkipbowl|we def freed bulu\n|c|\u2606CCGeek|whoa\n|c| Clastia|yeah\n|c|\u2606CCGeek|ggs\n|l| Discordual\n","uploadtime":1662483196,"views":3,"p1id":"delibirdheart","p2id":"ccgeek","formatid":"gen8almostanyability","rating":0,"private":0,"password":null}