{"id":"gen8randombattle-1706961605","p1":"GrimyJack","p2":"FivesAllRound","format":"gen8randombattle","log":"|j|\u2606GrimyJack\n|j|\u2606FivesAllRound\n|t:|1668036657\n|gametype|singles\n|player|p1|GrimyJack|101|1407\n|player|p2|FivesAllRound|266|1425\n|teamsize|p1|6\n|teamsize|p2|6\n|gen|8\n|tier|[Gen 8] Random Battle\n|rated|\n|rule|Species Clause: Limit one of each Pok\u00e9mon\n|rule|HP Percentage Mod: HP is shown in percentages\n|rule|Sleep Clause Mod: Limit one foe put to sleep\n|\n|t:|1668036657\n|start\n|switch|p1a: Xerneas|Xerneas, L67|280\/280\n|switch|p2a: Slurpuff|Slurpuff, L80, F|262\/262\n|-ability|p1a: Xerneas|Fairy Aura\n|turn|1\n|inactive|Battle timer is ON: inactive players will automatically lose when time's up. (requested by GrimyJack)\n|\n|t:|1668036718\n|switch|p2a: Tangrowth|Tangrowth, L84, F|305\/305\n|move|p1a: Xerneas|Moonblast|p2a: Tangrowth\n|-damage|p2a: Tangrowth|140\/305\n|-unboost|p2a: Tangrowth|spa|1\n|\n|upkeep\n|turn|2\n|\n|t:|1668036737\n|move|p1a: Xerneas|Moonblast|p2a: Tangrowth\n|-damage|p2a: Tangrowth|0 fnt\n|faint|p2a: Tangrowth\n|\n|upkeep\n|\n|t:|1668036740\n|switch|p2a: Heatran|Heatran, L78, M|270\/270\n|-item|p2a: Heatran|Air Balloon\n|turn|3\n|\n|t:|1668036766\n|switch|p1a: Turtonator|Turtonator, L84, F|238\/238\n|move|p2a: Heatran|Stealth Rock|p1a: Turtonator\n|-sidestart|p1: GrimyJack|move: Stealth Rock\n|\n|upkeep\n|turn|4\n|inactive|GrimyJack has 120 seconds left.\n|\n|t:|1668036788\n|move|p2a: Heatran|Earth Power|p1a: Turtonator\n|-supereffective|p1a: Turtonator\n|-damage|p1a: Turtonator|86\/238\n|move|p1a: Turtonator|Draco Meteor|p2a: Heatran|[miss]\n|-miss|p1a: Turtonator|p2a: Heatran\n|\n|upkeep\n|turn|5\n|c|\u2606GrimyJack|big oof\n|inactive|GrimyJack has 120 seconds left.\n|\n|t:|1668036799\n|move|p2a: Heatran|Earth Power|p1a: Turtonator\n|-supereffective|p1a: Turtonator\n|-damage|p1a: Turtonator|0 fnt\n|faint|p1a: Turtonator\n|\n|upkeep\n|inactive|GrimyJack has 120 seconds left.\n|c|\u2606FivesAllRound|yeah\n|\n|t:|1668036812\n|switch|p1a: Quagsire|Quagsire, L84, F|297\/297\n|-damage|p1a: Quagsire|279\/297|[from] Stealth Rock\n|turn|6\n|c|\u2606FivesAllRound|ah good counter\n|\n|t:|1668036831\n|switch|p2a: Audino|Audino, L91, F|335\/335\n|move|p1a: Quagsire|Scald|p2a: Audino\n|-damage|p2a: Audino|278\/335\n|-status|p2a: Audino|brn\n|\n|-heal|p2a: Audino|298\/335 brn|[from] item: Leftovers\n|-heal|p1a: Quagsire|297\/297|[from] item: Leftovers\n|-damage|p2a: Audino|278\/335 brn|[from] brn\n|upkeep\n|turn|7\n|inactive|GrimyJack has 120 seconds left.\n|\n|t:|1668036852\n|switch|p1a: Hatterene|Hatterene, L86, F|238\/238\n|-damage|p1a: Hatterene|209\/238|[from] Stealth Rock\n|move|p2a: Audino|Knock Off|p1a: Hatterene\n|-damage|p1a: Hatterene|184\/238\n|-enditem|p1a: Hatterene|Life Orb|[from] move: Knock Off|[of] p2a: Audino\n|\n|-heal|p2a: Audino|298\/335 brn|[from] item: Leftovers\n|-damage|p2a: Audino|278\/335 brn|[from] brn\n|upkeep\n|turn|8\n|c|\u2606GrimyJack|the computer picked it for me\n|inactive|GrimyJack has 120 seconds left.\n|\n|t:|1668036862\n|move|p2a: Audino|Wish|p2a: Audino\n|move|p1a: Hatterene|Trick Room|p1a: Hatterene\n|-fieldstart|move: Trick Room|[of] p1a: Hatterene\n|\n|-heal|p2a: Audino|298\/335 brn|[from] item: Leftovers\n|-damage|p2a: Audino|278\/335 brn|[from] brn\n|upkeep\n|turn|9\n|inactive|GrimyJack has 120 seconds left.\n|\n|t:|1668036876\n|move|p1a: Hatterene|Mystical Fire|p2a: Audino\n|-crit|p2a: Audino\n|-damage|p2a: Audino|178\/335 brn\n|-unboost|p2a: Audino|spa|1\n|move|p2a: Audino|Heal Bell|p2a: Audino\n|-activate|p2a: Audino|move: Heal Bell\n|-curestatus|p2a: Audino|brn|[msg]\n|\n|-heal|p2a: Audino|335\/335|[from] move: Wish|[wisher] Audino\n|upkeep\n|turn|10\n|inactive|GrimyJack has 120 seconds left.\n|\n|t:|1668036889\n|move|p2a: Audino|Protect|p2a: Audino\n|-singleturn|p2a: Audino|Protect\n|move|p1a: Hatterene|Mystical Fire|p2a: Audino\n|-activate|p2a: Audino|move: Protect\n|\n|upkeep\n|turn|11\n|\n|t:|1668036895\n|move|p1a: Hatterene|Mystical Fire|p2a: Audino\n|-damage|p2a: Audino|261\/335\n|-unboost|p2a: Audino|spa|1\n|move|p2a: Audino|Knock Off|p1a: Hatterene\n|-damage|p1a: Hatterene|147\/238\n|\n|-heal|p2a: Audino|281\/335|[from] item: Leftovers\n|upkeep\n|turn|12\n|\n|t:|1668036908\n|move|p1a: Hatterene|Psyshock|p2a: Audino\n|-damage|p2a: Audino|179\/335\n|move|p2a: Audino|Knock Off|p1a: Hatterene\n|-damage|p1a: Hatterene|110\/238\n|\n|-heal|p2a: Audino|199\/335|[from] item: Leftovers\n|-fieldend|move: Trick Room\n|upkeep\n|turn|13\n|\n|t:|1668036915\n|move|p2a: Audino|Wish|p2a: Audino\n|move|p1a: Hatterene|Dazzling Gleam|p2a: Audino\n|-damage|p2a: Audino|96\/335\n|\n|-heal|p2a: Audino|116\/335|[from] item: Leftovers\n|upkeep\n|turn|14\n|inactive|FivesAllRound has 120 seconds left.\n|inactive|GrimyJack has 120 seconds left.\n|inactive|FivesAllRound has 90 seconds left.\n|inactive|FivesAllRound has 60 seconds left.\n|\n|t:|1668037022\n|switch|p1a: Sableye|Sableye, L88, M|231\/231\n|-damage|p1a: Sableye|203\/231|[from] Stealth Rock\n|move|p2a: Audino|Knock Off|p1a: Sableye\n|-damage|p1a: Sableye|141\/231\n|-enditem|p1a: Sableye|Leftovers|[from] move: Knock Off|[of] p2a: Audino\n|\n|-heal|p2a: Audino|283\/335|[from] move: Wish|[wisher] Audino\n|-heal|p2a: Audino|303\/335|[from] item: Leftovers\n|upkeep\n|turn|15\n|\n|t:|1668037040\n|move|p1a: Sableye|Toxic|p2a: Audino\n|-status|p2a: Audino|tox\n|move|p2a: Audino|Knock Off|p1a: Sableye\n|-damage|p1a: Sableye|100\/231\n|\n|-heal|p2a: Audino|323\/335 tox|[from] item: Leftovers\n|-damage|p2a: Audino|303\/335 tox|[from] psn\n|upkeep\n|turn|16\n|\n|t:|1668037048\n|move|p1a: Sableye|Recover|p1a: Sableye\n|-heal|p1a: Sableye|216\/231\n|move|p2a: Audino|Heal Bell|p2a: Audino\n|-activate|p2a: Audino|move: Heal Bell\n|-curestatus|p2a: Audino|tox|[msg]\n|\n|-heal|p2a: Audino|323\/335|[from] item: Leftovers\n|upkeep\n|turn|17\n|inactive|FivesAllRound has 30 seconds left.\n|\n|t:|1668037085\n|switch|p2a: Heatran|Heatran, L78, M|270\/270\n|-item|p2a: Heatran|Air Balloon\n|move|p1a: Sableye|Toxic|p2a: Heatran\n|-immune|p2a: Heatran\n|\n|upkeep\n|turn|18\n|inactive|GrimyJack has 120 seconds left.\n|inactive|FivesAllRound has 30 seconds left.\n|inactive|FivesAllRound has 20 seconds left.\n|\n|t:|1668037102\n|switch|p1a: Quagsire|Quagsire, L84, F|297\/297\n|-damage|p1a: Quagsire|279\/297|[from] Stealth Rock\n|move|p2a: Heatran|Lava Plume|p1a: Quagsire\n|-resisted|p1a: Quagsire\n|-damage|p1a: Quagsire|223\/297\n|\n|-heal|p1a: Quagsire|241\/297|[from] item: Leftovers\n|upkeep\n|turn|19\n|inactive|FivesAllRound has 30 seconds left this turn.\n|inactive|FivesAllRound has 20 seconds left.\n|\n|t:|1668037113\n|switch|p2a: Audino|Audino, L91, F|335\/335\n|move|p1a: Quagsire|Scald|p2a: Audino\n|-damage|p2a: Audino|274\/335\n|-status|p2a: Audino|brn\n|\n|-heal|p2a: Audino|294\/335 brn|[from] item: Leftovers\n|-heal|p1a: Quagsire|259\/297|[from] item: Leftovers\n|-damage|p2a: Audino|274\/335 brn|[from] brn\n|upkeep\n|turn|20\n|inactive|FivesAllRound has 30 seconds left this turn.\n|inactive|GrimyJack has 120 seconds left.\n|inactive|FivesAllRound has 20 seconds left.\n|\n|t:|1668037124\n|switch|p1a: Sableye|Sableye, L88, M|216\/231\n|-damage|p1a: Sableye|188\/231|[from] Stealth Rock\n|move|p2a: Audino|Heal Bell|p2a: Audino\n|-activate|p2a: Audino|move: Heal Bell\n|-curestatus|p2a: Audino|brn|[msg]\n|\n|-heal|p2a: Audino|294\/335|[from] item: Leftovers\n|upkeep\n|turn|21\n|inactive|FivesAllRound has 30 seconds left this turn.\n|inactive|GrimyJack has 120 seconds left.\n|inactive|FivesAllRound has 20 seconds left.\n|\n|t:|1668037135\n|move|p2a: Audino|Knock Off|p1a: Sableye\n|-crit|p1a: Sableye\n|-damage|p1a: Sableye|124\/231\n|move|p1a: Sableye|Knock Off|p2a: Audino\n|-damage|p2a: Audino|198\/335\n|-enditem|p2a: Audino|Leftovers|[from] move: Knock Off|[of] p1a: Sableye\n|\n|upkeep\n|turn|22\n|inactive|FivesAllRound has 30 seconds left this turn.\n|\n|t:|1668037142\n|move|p1a: Sableye|Recover|p1a: Sableye\n|-heal|p1a: Sableye|231\/231\n|move|p2a: Audino|Wish|p2a: Audino\n|\n|upkeep\n|turn|23\n|inactive|FivesAllRound has 30 seconds left.\n|\n|t:|1668037151\n|move|p2a: Audino|Protect|p2a: Audino\n|-singleturn|p2a: Audino|Protect\n|move|p1a: Sableye|Toxic|p2a: Audino\n|-activate|p2a: Audino|move: Protect\n|\n|-heal|p2a: Audino|335\/335|[from] move: Wish|[wisher] Audino\n|upkeep\n|turn|24\n|inactive|FivesAllRound has 30 seconds left.\n|inactive|FivesAllRound has 20 seconds left.\n|\n|t:|1668037173\n|move|p1a: Sableye|Toxic|p2a: Audino\n|-status|p2a: Audino|tox\n|move|p2a: Audino|Knock Off|p1a: Sableye\n|-damage|p1a: Sableye|191\/231\n|\n|-damage|p2a: Audino|315\/335 tox|[from] psn\n|upkeep\n|turn|25\n|inactive|FivesAllRound has 30 seconds left this turn.\n|\n|t:|1668037180\n|move|p1a: Sableye|Taunt|p2a: Audino\n|-start|p2a: Audino|move: Taunt\n|cant|p2a: Audino|move: Taunt|Heal Bell\n|\n|-damage|p2a: Audino|275\/335 tox|[from] psn\n|upkeep\n|turn|26\n|\n|t:|1668037186\n|switch|p2a: Heatran|Heatran, L78, M|270\/270\n|-item|p2a: Heatran|Air Balloon\n|move|p1a: Sableye|Knock Off|p2a: Heatran\n|-damage|p2a: Heatran|180\/270\n|-enditem|p2a: Heatran|Air Balloon\n|\n|upkeep\n|turn|27\n|\n|t:|1668037199\n|switch|p2a: Meowstic|Meowstic-F, L86, F|268\/268\n|switch|p1a: Quagsire|Quagsire, L84, F|259\/297\n|-damage|p1a: Quagsire|241\/297|[from] Stealth Rock\n|\n|-heal|p1a: Quagsire|259\/297|[from] item: Leftovers\n|upkeep\n|turn|28\n|\n|t:|1668037211\n|move|p2a: Meowstic|Energy Ball|p1a: Quagsire\n|-supereffective|p1a: Quagsire\n|-damage|p1a: Quagsire|0 fnt\n|faint|p1a: Quagsire\n|\n|upkeep\n|c|\u2606GrimyJack|damn\n|c|\u2606GrimyJack|good play\n|c|\u2606FivesAllRound|thanks\n|\n|t:|1668037225\n|switch|p1a: Sableye|Sableye, L88, M|191\/231\n|-damage|p1a: Sableye|163\/231|[from] Stealth Rock\n|turn|29\n|\n|t:|1668037231\n|move|p2a: Meowstic|Energy Ball|p1a: Sableye\n|-damage|p1a: Sableye|62\/231\n|move|p1a: Sableye|Knock Off|p2a: Meowstic\n|-supereffective|p2a: Meowstic\n|-damage|p2a: Meowstic|56\/268\n|-enditem|p2a: Meowstic|Choice Specs|[from] move: Knock Off|[of] p1a: Sableye\n|\n|upkeep\n|turn|30\n|\n|t:|1668037240\n|move|p1a: Sableye|Recover|p1a: Sableye\n|-heal|p1a: Sableye|178\/231\n|move|p2a: Meowstic|Energy Ball|p1a: Sableye\n|-damage|p1a: Sableye|102\/231\n|\n|upkeep\n|turn|31\n|\n|t:|1668037246\n|move|p1a: Sableye|Recover|p1a: Sableye\n|-heal|p1a: Sableye|218\/231\n|move|p2a: Meowstic|Energy Ball|p1a: Sableye\n|-damage|p1a: Sableye|141\/231\n|\n|upkeep\n|turn|32\n|\n|t:|1668037255\n|move|p2a: Meowstic|Energy Ball|p1a: Sableye\n|-damage|p1a: Sableye|66\/231\n|move|p1a: Sableye|Knock Off|p2a: Meowstic\n|-supereffective|p2a: Meowstic\n|-damage|p2a: Meowstic|0 fnt\n|faint|p2a: Meowstic\n|\n|upkeep\n|\n|t:|1668037261\n|switch|p2a: Regieleki|Regieleki, L78|253\/253\n|turn|33\n|\n|t:|1668037271\n|move|p1a: Sableye|Toxic|p2a: Regieleki\n|-status|p2a: Regieleki|tox\n|move|p2a: Regieleki|Volt Switch|p1a: Sableye\n|-damage|p1a: Sableye|0 fnt\n|faint|p1a: Sableye\n|\n|t:|1668037283\n|switch|p2a: Audino|Audino, L91, F|335\/335 tox\n|\n|-damage|p2a: Audino|315\/335 tox|[from] psn\n|upkeep\n|\n|t:|1668037301\n|switch|p1a: Xerneas|Xerneas, L67|280\/280\n|-damage|p1a: Xerneas|245\/280|[from] Stealth Rock\n|-ability|p1a: Xerneas|Fairy Aura\n|turn|34\n|\n|t:|1668037310\n|move|p1a: Xerneas|Moonblast|p2a: Audino\n|-damage|p2a: Audino|216\/335 tox\n|move|p2a: Audino|Knock Off|p1a: Xerneas\n|-resisted|p1a: Xerneas\n|-damage|p1a: Xerneas|214\/280\n|-enditem|p1a: Xerneas|Choice Scarf|[from] move: Knock Off|[of] p2a: Audino\n|\n|-damage|p2a: Audino|176\/335 tox|[from] psn\n|upkeep\n|turn|35\n|\n|t:|1668037321\n|move|p1a: Xerneas|Moonblast|p2a: Audino\n|-damage|p2a: Audino|70\/335 tox\n|move|p2a: Audino|Heal Bell|p2a: Audino\n|-activate|p2a: Audino|move: Heal Bell\n|-curestatus|p2a: Audino|tox|[msg]\n|-curestatus|p2: Regieleki|tox|[msg]\n|\n|upkeep\n|turn|36\n|\n|t:|1668037329\n|switch|p2a: Heatran|Heatran, L78, M|180\/270\n|move|p1a: Xerneas|Moonblast|p2a: Heatran\n|-resisted|p2a: Heatran\n|-damage|p2a: Heatran|154\/270\n|\n|upkeep\n|turn|37\n|\n|t:|1668037336\n|switch|p1a: Victini|Victini, L78|283\/283\n|-damage|p1a: Victini|213\/283|[from] Stealth Rock\n|move|p2a: Heatran|Flash Cannon|p1a: Victini\n|-resisted|p1a: Victini\n|-damage|p1a: Victini|184\/283\n|\n|upkeep\n|turn|38\n|\n|t:|1668037347\n|-start|p2a: Heatran|Dynamax|\n|-heal|p2a: Heatran|308\/540|[silent]\n|move|p1a: Victini|Bolt Strike|p2a: Heatran\n|-damage|p2a: Heatran|229\/540\n|-status|p2a: Heatran|par\n|move|p2a: Heatran|Max Quake|p1a: Victini\n|-supereffective|p1a: Victini\n|-damage|p1a: Victini|54\/283\n|-boost|p2a: Heatran|spd|1\n|\n|upkeep\n|turn|39\n|\n|t:|1668037365\n|move|p1a: Victini|Bolt Strike|p2a: Heatran\n|-damage|p2a: Heatran|145\/540 par\n|move|p2a: Heatran|Max Steelspike|p1a: Victini\n|-resisted|p1a: Victini\n|-damage|p1a: Victini|8\/283\n|-boost|p2a: Heatran|def|1\n|\n|upkeep\n|turn|40\n|\n|t:|1668037373\n|move|p1a: Victini|Bolt Strike|p2a: Heatran\n|-damage|p2a: Heatran|97\/540 par\n|move|p2a: Heatran|Max Steelspike|p1a: Victini\n|-resisted|p1a: Victini\n|-damage|p1a: Victini|0 fnt\n|-boost|p2a: Heatran|def|1\n|faint|p1a: Victini\n|\n|upkeep\n|\n|t:|1668037390\n|switch|p1a: Xerneas|Xerneas, L67|214\/280\n|-damage|p1a: Xerneas|179\/280|[from] Stealth Rock\n|-ability|p1a: Xerneas|Fairy Aura\n|-end|p2a: Heatran|Dynamax\n|-heal|p2a: Heatran|49\/270 par|[silent]\n|turn|41\n|\n|t:|1668037405\n|switch|p2a: Slurpuff|Slurpuff, L80, F|262\/262\n|-start|p1a: Xerneas|Dynamax|\n|-heal|p1a: Xerneas|358\/560|[silent]\n|move|p1a: Xerneas|Max Knuckle|p2a: Slurpuff\n|-resisted|p2a: Slurpuff\n|-damage|p2a: Slurpuff|232\/262\n|-boost|p1a: Xerneas|atk|1\n|\n|upkeep\n|turn|42\n|\n|t:|1668037423\n|move|p1a: Xerneas|Max Knuckle|p2a: Slurpuff\n|-resisted|p2a: Slurpuff\n|-damage|p2a: Slurpuff|199\/262\n|-boost|p1a: Xerneas|atk|1\n|move|p2a: Slurpuff|Belly Drum|p2a: Slurpuff\n|-damage|p2a: Slurpuff|68\/262\n|-setboost|p2a: Slurpuff|atk|6|[from] move: Belly Drum\n|-enditem|p2a: Slurpuff|Sitrus Berry|[eat]\n|-heal|p2a: Slurpuff|133\/262|[from] item: Sitrus Berry\n|\n|upkeep\n|turn|43\n|\n|t:|1668037437\n|move|p2a: Slurpuff|Play Rough|p1a: Xerneas\n|-damage|p1a: Xerneas|0 fnt\n|faint|p1a: Xerneas\n|\n|upkeep\n|-message|GrimyJack forfeited.\n|\n|win|FivesAllRound\n|raw|GrimyJack's rating: 1407 &rarr; <strong>1388<\/strong><br \/>(-19 for losing)\n|raw|FivesAllRound's rating: 1425 &rarr; <strong>1444<\/strong><br \/>(+19 for winning)\n|c|\u2606FivesAllRound|g\n|c|\u2606FivesAllRound|gg\n","inputlog":">version 453a3ad56483cc6a5c08448f6577d394b68621b7\n>start {\"formatid\":\"gen8randombattle\",\"seed\":[45644,36114,21498,17042],\"rated\":\"Rated battle\"}\n>player p1 {\"name\":\"GrimyJack\",\"avatar\":\"101\",\"rating\":1407,\"seed\":[51736,31121,31849,42364]}\n>player p2 {\"name\":\"FivesAllRound\",\"avatar\":\"266\",\"rating\":1425,\"seed\":[8209,64474,41967,16661]}\n>p1 move moonblast\n>p2 switch 3\n>p1 move moonblast\n>p2 move leechseed\n>p2 switch 6\n>p1 switch 2\n>p2 move stealthrock\n>p1 move dracometeor\n>p2 move earthpower\n>chat \u2606GrimyJack|big oof\n>p1 move dracometeor\n>p2 move earthpower\n>chat \u2606FivesAllRound|yeah\n>p1 switch 6\n>chat \u2606FivesAllRound|ah good counter\n>p1 move scald\n>p2 switch 2\n>p1 switch 3\n>p2 move knockoff\n>chat \u2606GrimyJack|the computer picked it for me\n>p1 move trickroom\n>p2 move wish\n>p1 move mysticalfire\n>p2 move healbell\n>p1 move mysticalfire\n>p2 move protect\n>p1 move mysticalfire\n>p2 move knockoff\n>p1 move psyshock\n>p2 move knockoff\n>p1 move dazzlinggleam\n>p2 move wish\n>p1 switch 4\n>p2 move knockoff\n>p1 move toxic\n>p2 move knockoff\n>p1 move recover\n>p2 move healbell\n>p1 move toxic\n>p2 switch 2\n>p1 switch 3\n>p2 move lavaplume\n>p1 move scald\n>p2 switch 2\n>p1 switch 3\n>p2 move healbell\n>p1 move knockoff\n>p2 move knockoff\n>p1 move recover\n>p2 move wish\n>p1 move toxic\n>p2 move protect\n>p1 move toxic\n>p2 move knockoff\n>p1 move taunt\n>p2 move healbell\n>p1 move knockoff\n>p2 switch 2\n>p1 switch 3\n>p2 switch 4\n>p1 move toxic\n>p2 move energyball\n>chat \u2606GrimyJack|damn\n>chat \u2606GrimyJack|good play\n>chat \u2606FivesAllRound|thanks\n>p1 switch 3\n>p1 move knockoff\n>p2 move energyball\n>p1 move recover\n>p2 move energyball\n>p1 move recover\n>p2 move energyball\n>p1 move knockoff\n>p2 move energyball\n>p2 switch 5\n>p1 move toxic\n>p2 move voltswitch\n>p2 switch 2\n>p1 switch 2\n>p1 move moonblast\n>p2 move knockoff\n>p1 move moonblast\n>p2 move healbell\n>p1 move moonblast\n>p2 switch 4\n>p1 switch 5\n>p2 move flashcannon\n>p1 move boltstrike\n>p2 move earthpower dynamax\n>p1 move boltstrike\n>p2 move flashcannon dynamax\n>p1 move boltstrike\n>p2 move flashcannon dynamax\n>p1 switch 5\n>p1 move focusblast dynamax\n>p2 switch 3\n>p1 move focusblast dynamax\n>p2 move bellydrum\n>p1 move moonblast dynamax\n>p2 move playrough\n>forcelose p1","uploadtime":1668037459,"views":3,"p1id":"grimyjack","p2id":"fivesallround","formatid":"gen8randombattle","rating":1388,"private":0,"password":null}