{"id":"gen8monotype-1533846087","p1":"Eclipse77","p2":"DreamPrince","format":"gen8monotype","log":"|j|\u2606Eclipse77\n|j|\u2606DreamPrince\n|t:|1647659680\n|gametype|singles\n|player|p1|Eclipse77|hilda-wonderlauncher|1678\n|player|p2|DreamPrince|falkner|1714\n|teamsize|p1|6\n|teamsize|p2|6\n|gen|8\n|tier|[Gen 8] Monotype\n|rated|\n|rule|Same Type Clause: Pok\u00e9mon in a team must share a type\n|rule|Sleep Clause Mod: Limit one foe put to sleep\n|rule|Species Clause: Limit one of each Pok\u00e9mon\n|rule|OHKO Clause: OHKO moves are banned\n|rule|Evasion Moves Clause: Evasion moves are banned\n|rule|Endless Battle Clause: Forcing endless battles is banned\n|rule|HP Percentage Mod: HP is shown in percentages\n|rule|Dynamax Clause: You cannot dynamax\n|clearpoke\n|poke|p1|Slowking, F|\n|poke|p1|Urshifu-*, M|\n|poke|p1|Tapu Fini|\n|poke|p1|Toxapex, F|\n|poke|p1|Gastrodon, F|\n|poke|p1|Rotom-Wash|\n|poke|p2|Froslass, F|\n|poke|p2|Runerigus, F|\n|poke|p2|Mimikyu, F|\n|poke|p2|Spectrier|\n|poke|p2|Dragapult, F|\n|poke|p2|Gengar, F|\n|teampreview\n|inactive|Battle timer is ON: inactive players will automatically lose when time's up. (requested by Eclipse77)\n|\n|t:|1647659685\n|start\n|switch|p1a: Rotom|Rotom-Wash|100\/100\n|switch|p2a: Froslass|Froslass, F|100\/100\n|turn|1\n|\n|t:|1647659688\n|move|p1a: Rotom|Thunderbolt|p2a: Froslass\n|-damage|p2a: Froslass|41\/100\n|move|p2a: Froslass|Spikes|p1a: Rotom\n|-sidestart|p1: Eclipse77|Spikes\n|\n|upkeep\n|turn|2\n|\n|t:|1647659692\n|switch|p2a: Runerigus|Runerigus, F|100\/100\n|move|p1a: Rotom|Thunderbolt|p2a: Runerigus\n|-immune|p2a: Runerigus\n|\n|upkeep\n|turn|3\n|\n|t:|1647659696\n|switch|p1a: Urshifu|Urshifu-Rapid-Strike, M|100\/100\n|-damage|p1a: Urshifu|88\/100|[from] Spikes\n|move|p2a: Runerigus|Toxic Spikes|p1a: Urshifu\n|-sidestart|p1: Eclipse77|move: Toxic Spikes\n|\n|upkeep\n|turn|4\n|\n|t:|1647659700\n|switch|p2a: Froslass|Froslass, F|41\/100\n|move|p1a: Urshifu|Surging Strikes|p2a: Froslass\n|-crit|p2a: Froslass\n|-damage|p2a: Froslass|0 fnt\n|faint|p2a: Froslass\n|-hitcount|p2: Froslass|1\n|\n|upkeep\n|\n|t:|1647659703\n|switch|p2a: Gengar|Gengar, F|100\/100\n|turn|5\n|\n|t:|1647659708\n|switch|p1a: Toxapex|Toxapex, F|100\/100\n|-damage|p1a: Toxapex|88\/100|[from] Spikes\n|-sideend|p1: Eclipse77|move: Toxic Spikes|[of] p1a: Toxapex\n|move|p2a: Gengar|Sludge Wave|p1a: Toxapex\n|-resisted|p1a: Toxapex\n|-damage|p1a: Toxapex|62\/100\n|-damage|p2a: Gengar|91\/100|[from] item: Life Orb\n|\n|-heal|p1a: Toxapex|69\/100|[from] item: Black Sludge\n|upkeep\n|turn|6\n|\n|t:|1647659713\n|move|p2a: Gengar|Shadow Ball|p1a: Toxapex\n|-damage|p1a: Toxapex|20\/100\n|-damage|p2a: Gengar|81\/100|[from] item: Life Orb\n|move|p1a: Toxapex|Scald|p2a: Gengar\n|-damage|p2a: Gengar|50\/100\n|-status|p2a: Gengar|brn\n|\n|-heal|p1a: Toxapex|26\/100|[from] item: Black Sludge\n|-damage|p2a: Gengar|44\/100 brn|[from] brn\n|upkeep\n|turn|7\n|\n|t:|1647659717\n|switch|p1a: Gastrodon|Gastrodon, F|100\/100\n|-damage|p1a: Gastrodon|88\/100|[from] Spikes\n|move|p2a: Gengar|Shadow Ball|p1a: Gastrodon\n|-damage|p1a: Gastrodon|37\/100\n|-damage|p2a: Gengar|34\/100 brn|[from] item: Life Orb\n|\n|-heal|p1a: Gastrodon|43\/100|[from] item: Leftovers\n|-damage|p2a: Gengar|28\/100 brn|[from] brn\n|upkeep\n|turn|8\n|\n|t:|1647659726\n|switch|p1a: Tapu Fini|Tapu Fini, shiny|100\/100\n|-damage|p1a: Tapu Fini|88\/100|[from] Spikes\n|-fieldstart|move: Misty Terrain|[from] ability: Misty Surge|[of] p1a: Tapu Fini\n|move|p2a: Gengar|Shadow Ball|p1a: Tapu Fini\n|-damage|p1a: Tapu Fini|43\/100\n|-damage|p2a: Gengar|18\/100 brn|[from] item: Life Orb\n|\n|-heal|p1a: Tapu Fini|49\/100|[from] item: Leftovers\n|-damage|p2a: Gengar|12\/100 brn|[from] brn\n|upkeep\n|turn|9\n|\n|t:|1647659734\n|switch|p1a: Rotom|Rotom-Wash|100\/100\n|move|p2a: Gengar|Shadow Ball|p1a: Rotom\n|-damage|p1a: Rotom|30\/100\n|-damage|p2a: Gengar|2\/100 brn|[from] item: Life Orb\n|\n|-damage|p2a: Gengar|0 fnt|[from] brn\n|faint|p2a: Gengar\n|upkeep\n|\n|t:|1647659738\n|switch|p2a: Mimikyu|Mimikyu, F|100\/100\n|turn|10\n|\n|t:|1647659741\n|switch|p1a: Toxapex|Toxapex, F|59\/100\n|-damage|p1a: Toxapex|47\/100|[from] Spikes\n|move|p2a: Mimikyu|Shadow Sneak|p1a: Toxapex\n|-damage|p1a: Toxapex|33\/100\n|-damage|p2a: Mimikyu|91\/100|[from] item: Life Orb\n|\n|-heal|p1a: Toxapex|40\/100|[from] item: Black Sludge\n|upkeep\n|turn|11\n|\n|t:|1647659745\n|switch|p2a: Spectrier|Spectrier|100\/100\n|move|p1a: Toxapex|Recover|p1a: Toxapex\n|-heal|p1a: Toxapex|90\/100\n|\n|-heal|p1a: Toxapex|96\/100|[from] item: Black Sludge\n|upkeep\n|turn|12\n|\n|t:|1647659751\n|switch|p1a: Urshifu|Urshifu-Rapid-Strike, M|88\/100\n|-damage|p1a: Urshifu|76\/100|[from] Spikes\n|move|p2a: Spectrier|Calm Mind|p2a: Spectrier\n|-boost|p2a: Spectrier|spa|1\n|-boost|p2a: Spectrier|spd|1\n|\n|-fieldend|Misty Terrain\n|upkeep\n|turn|13\n|\n|t:|1647659755\n|move|p2a: Spectrier|Shadow Ball|p1a: Urshifu\n|-damage|p1a: Urshifu|0 fnt\n|faint|p1a: Urshifu\n|-ability|p2a: Spectrier|Grim Neigh|boost\n|-boost|p2a: Spectrier|spa|1\n|\n|upkeep\n|c|\u2606Eclipse77|gg\n|-message|Eclipse77 forfeited.\n|\n|win|DreamPrince\n|raw|Eclipse77's rating: 1678 &rarr; <strong>1660<\/strong><br \/>(-18 for losing)\n|raw|DreamPrince's rating: 1714 &rarr; <strong>1732<\/strong><br \/>(+18 for winning)\n|l|\u2606Eclipse77\n|c|\u2606DreamPrince|you need a ghost resist\n","uploadtime":1647659768,"views":14,"p1id":"eclipse77","p2id":"dreamprince","formatid":"gen8monotype","rating":1660,"private":0,"password":null}