{"id":"gen8freeforallrandombattle-1590178767","p1":"Draco09876","p2":"Useless Mid","format":"gen8freeforallrandombattle","log":"|j|\u2606Draco09876\n|j|\u2606Useless Mid\n|j|\u2606Hugo258\n|j|\u2606fgaadfasdf\n|t:|1654489072\n|gametype|freeforall\n|player|p1|Draco09876|1|\n|player|p2|Useless Mid|flint|\n|player|p3|Hugo258|peony|\n|player|p4|fgaadfasdf|266|\n|teamsize|p1|6\n|teamsize|p2|6\n|teamsize|p3|6\n|teamsize|p4|6\n|gen|8\n|tier|[Gen 8] Free-For-All Random Battle\n|rule|Species Clause: Limit one of each Pok\u00e9mon\n|rule|HP Percentage Mod: HP is shown in percentages\n|rule|Sleep Clause Mod: Limit one foe put to sleep\n|\n|t:|1654489072\n|start\n|switch|p1a: Beheeyem|Beheeyem, L88, M|275\/275\n|switch|p2a: Diggersby|Diggersby, L86, M|286\/286\n|switch|p3b: Kingler|Kingler, L86, M|235\/235\n|switch|p4b: Decidueye|Decidueye, L88, F|281\/281\n|turn|1\n|c|\u2606Useless Mid|gl\n|inactive|Battle timer is ON: inactive players will automatically lose when time's up. (requested by fgaadfasdf)\n|n|\u2606fgaadfasdf|fgaadfasdf\n|c|\u2606fgaadfasdf|glhf\n|c|\u2606Draco09876|glhf\n|c|\u2606Hugo258|glhf\n|\n|t:|1654489103\n|move|p1a: Beheeyem|Protect|p1a: Beheeyem\n|-singleturn|p1a: Beheeyem|Protect\n|move|p2a: Diggersby|Knock Off|p4b: Decidueye\n|-supereffective|p4b: Decidueye\n|-damage|p4b: Decidueye|89\/281\n|-enditem|p4b: Decidueye|Life Orb|[from] move: Knock Off|[of] p2a: Diggersby\n|move|p3b: Kingler|Agility|p3b: Kingler\n|-boost|p3b: Kingler|spe|2\n|move|p4b: Decidueye|Spirit Shackle|p1a: Beheeyem\n|-activate|p1a: Beheeyem|move: Protect\n|\n|upkeep\n|turn|2\n|inactive|Draco09876 has 120 seconds left.\n|inactive|Hugo258 has 120 seconds left.\n|\n|t:|1654489134\n|move|p4b: Decidueye|Shadow Sneak|p1a: Beheeyem\n|-supereffective|p1a: Beheeyem\n|-damage|p1a: Beheeyem|167\/275\n|move|p3b: Kingler|X-Scissor|p4b: Decidueye\n|-damage|p4b: Decidueye|0 fnt\n|faint|p4b: Decidueye\n|-damage|p3b: Kingler|212\/235|[from] item: Life Orb\n|move|p2a: Diggersby|Knock Off|p3b: Kingler\n|-damage|p3b: Kingler|134\/235\n|-enditem|p3b: Kingler|Life Orb|[from] move: Knock Off|[of] p2a: Diggersby\n|move|p1a: Beheeyem|Shadow Ball|p4: Decidueye|[notarget]\n|-fail|p1a: Beheeyem\n|\n|upkeep\n|\n|t:|1654489153\n|switch|p4b: Comfey|Comfey, L89, F|236\/236\n|turn|3\n|inactive|Draco09876 has 120 seconds left.\n|\n|t:|1654489190\n|move|p4b: Comfey|Protect|p4b: Comfey\n|-singleturn|p4b: Comfey|Protect\n|move|p2a: Diggersby|Protect|p2a: Diggersby\n|-singleturn|p2a: Diggersby|Protect\n|move|p3b: Kingler|Knock Off|p1a: Beheeyem\n|-supereffective|p1a: Beheeyem\n|-damage|p1a: Beheeyem|0 fnt\n|-enditem|p1a: Beheeyem|Sitrus Berry|[from] move: Knock Off|[of] p3b: Kingler\n|faint|p1a: Beheeyem\n|\n|upkeep\n|\n|t:|1654489217\n|switch|p1a: Lanturn|Lanturn, L90, M|371\/371\n|turn|4\n|\n|t:|1654489243\n|move|p2a: Diggersby|Protect|p2a: Diggersby\n|-singleturn|p2a: Diggersby|Protect\n|move|p1a: Lanturn|Protect|p1a: Lanturn\n|-singleturn|p1a: Lanturn|Protect\n|move|p4b: Comfey|Draining Kiss|p2a: Diggersby\n|-activate|p2a: Diggersby|move: Protect\n|move|p3b: Kingler|Liquidation|p2a: Diggersby\n|-activate|p2a: Diggersby|move: Protect\n|\n|upkeep\n|turn|5\n|c|\u2606Useless Mid|y comfey\n|inactive|Draco09876 has 120 seconds left.\n|inactive|Useless Mid has 120 seconds left.\n|\n|t:|1654489289\n|move|p4b: Comfey|Protect|p4b: Comfey\n|-singleturn|p4b: Comfey|Protect\n|move|p3b: Kingler|Liquidation|p4b: Comfey\n|-activate|p4b: Comfey|move: Protect\n|move|p2a: Diggersby|High Horsepower|p3b: Kingler\n|-damage|p3b: Kingler|13\/235\n|move|p1a: Lanturn|Scald|p2a: Diggersby\n|-supereffective|p2a: Diggersby\n|-damage|p2a: Diggersby|112\/286\n|-status|p2a: Diggersby|brn\n|-enditem|p2a: Diggersby|Sitrus Berry|[eat]\n|-heal|p2a: Diggersby|183\/286 brn|[from] item: Sitrus Berry\n|\n|-damage|p2a: Diggersby|166\/286 brn|[from] brn\n|upkeep\n|turn|6\n|c|\u2606fgaadfasdf|lolol\n|inactive|Draco09876 has 90 seconds left.\n|\n|t:|1654489321\n|move|p4b: Comfey|Draining Kiss|p3b: Kingler\n|-damage|p3b: Kingler|0 fnt\n|faint|p3b: Kingler\n|move|p2a: Diggersby|High Horsepower|p1a: Lanturn\n|-supereffective|p1a: Lanturn\n|-damage|p1a: Lanturn|196\/371\n|move|p1a: Lanturn|Thunder Wave|p4b: Comfey\n|-status|p4b: Comfey|par\n|\n|-damage|p2a: Diggersby|149\/286 brn|[from] brn\n|upkeep\n|\n|t:|1654489351\n|switch|p3b: Dugtrio|Dugtrio-Alola, L88, F|205\/205\n|turn|7\n|\n|t:|1654489357\n|move|p3b: Dugtrio|Protect|p3b: Dugtrio\n|-singleturn|p3b: Dugtrio|Protect\n|move|p2a: Diggersby|Protect|p2a: Diggersby\n|-singleturn|p2a: Diggersby|Protect\n|move|p1a: Lanturn|Protect|p1a: Lanturn\n|-singleturn|p1a: Lanturn|Protect\n|move|p4b: Comfey|Protect||[still]\n|-fail|p4b: Comfey\n|\n|-damage|p2a: Diggersby|132\/286 brn|[from] brn\n|upkeep\n|turn|8\n|c|\u2606Draco09876|lol\n|c|\u2606Hugo258|bruh\n|inactive|Hugo258 has 120 seconds left.\n|\n|t:|1654489407\n|move|p4b: Comfey|Protect|p4b: Comfey\n|-singleturn|p4b: Comfey|Protect\n|move|p3b: Dugtrio|Rock Slide|p1a: Lanturn|[spread] p2a\n|-activate|p4b: Comfey|move: Protect\n|-miss|p3b: Dugtrio|p1a: Lanturn\n|-resisted|p2a: Diggersby\n|-damage|p2a: Diggersby|113\/286 brn\n|-damage|p3b: Dugtrio|185\/205|[from] item: Life Orb\n|move|p2a: Diggersby|High Horsepower|p4b: Comfey\n|-activate|p4b: Comfey|move: Protect\n|move|p1a: Lanturn|Scald|p2a: Diggersby\n|-supereffective|p2a: Diggersby\n|-damage|p2a: Diggersby|0 fnt\n|faint|p2a: Diggersby\n|\n|upkeep\n|c|\u2606Useless Mid|threat eliminated\n|inactive|Useless Mid has 120 seconds left.\n|\n|t:|1654489446\n|switch|p2a: Dhelmise|Dhelmise, L88|266\/266\n|turn|9\n|c|\u2606Draco09876|diggersby too stronk\n|\n|t:|1654489465\n|move|p3b: Dugtrio|Protect|p3b: Dugtrio\n|-singleturn|p3b: Dugtrio|Protect\n|move|p1a: Lanturn|Protect|p1a: Lanturn\n|-singleturn|p1a: Lanturn|Protect\n|move|p2a: Dhelmise|Protect|p2a: Dhelmise\n|-singleturn|p2a: Dhelmise|Protect\n|cant|p4b: Comfey|par\n|\n|upkeep\n|turn|10\n|c|\u2606Useless Mid|haha\n|c|\u2606Draco09876|bruh\n|inactive|Draco09876 has 120 seconds left.\n|\n|t:|1654489502\n|switch|p1a: Eternatus|Eternatus, L72|321\/321\n|-ability|p1a: Eternatus|Pressure\n|move|p4b: Comfey|Protect|p4b: Comfey\n|-singleturn|p4b: Comfey|Protect\n|move|p3b: Dugtrio|Iron Head|p4b: Comfey\n|-activate|p4b: Comfey|move: Protect\n|move|p2a: Dhelmise|Poltergeist|p3b: Dugtrio\n|-activate|p3b: Dugtrio|move: Poltergeist|Life Orb\n|-damage|p3b: Dugtrio|0 fnt\n|faint|p3b: Dugtrio\n|\n|upkeep\n|\n|t:|1654489511\n|switch|p3b: Skarmory|Skarmory, L84, M|246\/246\n|turn|11\n|inactive|fgaadfasdf has 120 seconds left.\n|inactive|Draco09876 has 120 seconds left.\n|inactive|fgaadfasdf has 90 seconds left.\n|inactive|fgaadfasdf has 60 seconds left.\n|\n|t:|1654489611\n|move|p4b: Comfey|Draining Kiss|p2a: Dhelmise\n|-damage|p2a: Dhelmise|214\/266\n|move|p1a: Eternatus|Flamethrower|p3b: Skarmory\n|-supereffective|p3b: Skarmory\n|-damage|p3b: Skarmory|90\/246\n|-enditem|p3b: Skarmory|Sitrus Berry|[eat]\n|-heal|p3b: Skarmory|151\/246|[from] item: Sitrus Berry\n|move|p3b: Skarmory|Iron Defense|p3b: Skarmory\n|-boost|p3b: Skarmory|def|2\n|move|p2a: Dhelmise|Anchor Shot|p1a: Eternatus\n|-damage|p1a: Eternatus|193\/321\n|-activate|p1a: Eternatus|trapped\n|\n|upkeep\n|turn|12\n|inactive|Draco09876 has 120 seconds left.\n|\n|t:|1654489646\n|move|p4b: Comfey|Protect|p4b: Comfey\n|-singleturn|p4b: Comfey|Protect\n|move|p1a: Eternatus|Recover|p1a: Eternatus\n|-heal|p1a: Eternatus|321\/321\n|move|p3b: Skarmory|Brave Bird|p1a: Eternatus\n|-crit|p1a: Eternatus\n|-damage|p1a: Eternatus|129\/321\n|-enditem|p1a: Eternatus|Sitrus Berry|[eat]\n|-heal|p1a: Eternatus|209\/321|[from] item: Sitrus Berry\n|-damage|p3b: Skarmory|88\/246|[from] Recoil\n|move|p2a: Dhelmise|Poltergeist||[still]\n|-fail|p2a: Dhelmise\n|\n|upkeep\n|turn|13\n|inactive|fgaadfasdf has 90 seconds left.\n|inactive|Useless Mid has 120 seconds left.\n|\n|t:|1654489681\n|move|p2a: Dhelmise|Protect|p2a: Dhelmise\n|-singleturn|p2a: Dhelmise|Protect\n|move|p4b: Comfey|Draining Kiss|p2a: Dhelmise\n|-activate|p2a: Dhelmise|move: Protect\n|move|p1a: Eternatus|Flamethrower|p3b: Skarmory\n|-supereffective|p3b: Skarmory\n|-damage|p3b: Skarmory|0 fnt\n|faint|p3b: Skarmory\n|\n|upkeep\n|\n|t:|1654489695\n|switch|p3b: Jellicent|Jellicent, L84, F|305\/305\n|turn|14\n|inactive|Hugo258 has 120 seconds left.\n|inactive|Hugo258 has 90 seconds left.\n|c|\u2606Draco09876|its getting late. would appreciate a faster game if possible\n|\n|t:|1654489772\n|move|p4b: Comfey|Protect|p4b: Comfey\n|-singleturn|p4b: Comfey|Protect\n|move|p1a: Eternatus|Cosmic Power|p1a: Eternatus\n|-boost|p1a: Eternatus|def|1\n|-boost|p1a: Eternatus|spd|1\n|move|p3b: Jellicent|Shadow Ball|p1a: Eternatus\n|-damage|p1a: Eternatus|152\/321\n|-unboost|p1a: Eternatus|spd|1\n|move|p2a: Dhelmise|Anchor Shot|p1a: Eternatus\n|-damage|p1a: Eternatus|60\/321\n|\n|upkeep\n|turn|15\n|c|\u2606Hugo258|sorry\n|inactive|Hugo258 has 90 seconds left.\n|inactive|fgaadfasdf has 120 seconds left.\n|\n|t:|1654489792\n|move|p4b: Comfey|Draining Kiss|p1a: Eternatus\n|-damage|p1a: Eternatus|5\/321\n|move|p1a: Eternatus|Recover|p1a: Eternatus\n|-heal|p1a: Eternatus|166\/321\n|move|p3b: Jellicent|Will-O-Wisp|p2a: Dhelmise|[miss]\n|-miss|p3b: Jellicent|p2a: Dhelmise\n|move|p2a: Dhelmise|Power Whip|p3b: Jellicent\n|-supereffective|p3b: Jellicent\n|-damage|p3b: Jellicent|0 fnt\n|faint|p3b: Jellicent\n|\n|upkeep\n|inactive|Hugo258 has 90 seconds left.\n|\n|t:|1654489800\n|switch|p3b: Guzzlord|Guzzlord, L88|536\/536\n|turn|16\n|inactive|fgaadfasdf has 120 seconds left.\n|\n|t:|1654489843\n|move|p4b: Comfey|Draining Kiss|p3b: Guzzlord\n|-supereffective|p3b: Guzzlord\n|-damage|p3b: Guzzlord|352\/536\n|move|p1a: Eternatus|Recover|p1a: Eternatus\n|-heal|p1a: Eternatus|321\/321\n|move|p3b: Guzzlord|Sludge Bomb|p4b: Comfey\n|-supereffective|p4b: Comfey\n|-damage|p4b: Comfey|118\/236 par\n|-enditem|p4b: Comfey|Sitrus Berry|[eat]\n|-heal|p4b: Comfey|177\/236 par|[from] item: Sitrus Berry\n|move|p2a: Dhelmise|Anchor Shot|p1a: Eternatus\n|-crit|p1a: Eternatus\n|-damage|p1a: Eternatus|113\/321\n|\n|upkeep\n|turn|17\n|inactive|fgaadfasdf has 120 seconds left.\n|\n|t:|1654489865\n|move|p2a: Dhelmise|Protect|p2a: Dhelmise\n|-singleturn|p2a: Dhelmise|Protect\n|move|p4b: Comfey|Draining Kiss|p1a: Eternatus\n|-damage|p1a: Eternatus|56\/321\n|-heal|p4b: Comfey|220\/236 par|[from] drain|[of] p1a: Eternatus\n|move|p1a: Eternatus|Recover|p1a: Eternatus\n|-heal|p1a: Eternatus|217\/321\n|move|p3b: Guzzlord|Knock Off|p2a: Dhelmise\n|-activate|p2a: Dhelmise|move: Protect\n|\n|upkeep\n|turn|18\n|\n|t:|1654489883\n|move|p4b: Comfey|Draining Kiss|p1a: Eternatus\n|-damage|p1a: Eternatus|162\/321\n|-heal|p4b: Comfey|236\/236 par|[from] drain|[of] p1a: Eternatus\n|move|p1a: Eternatus|Cosmic Power|p1a: Eternatus\n|-boost|p1a: Eternatus|def|1\n|-boost|p1a: Eternatus|spd|1\n|move|p3b: Guzzlord|Knock Off|p2a: Dhelmise\n|-supereffective|p2a: Dhelmise\n|-damage|p2a: Dhelmise|10\/266\n|-enditem|p2a: Dhelmise|Sitrus Berry|[from] move: Knock Off|[of] p3b: Guzzlord\n|move|p2a: Dhelmise|Anchor Shot|p1a: Eternatus\n|-damage|p1a: Eternatus|99\/321\n|\n|upkeep\n|turn|19\n|c|\u2606Useless Mid|dude im not one to tell ppl how to play but y is guzzlord attacking me instead of eternatus\n|inactive|Useless Mid has 120 seconds left.\n|c|\u2606Useless Mid|like do u think im gonna attack ur guzz lmao\n|inactive|Draco09876 has 120 seconds left.\n|\n|t:|1654489935\n|move|p4b: Comfey|Draining Kiss|p1a: Eternatus\n|-damage|p1a: Eternatus|63\/321\n|move|p1a: Eternatus|Dynamax Cannon|p3b: Guzzlord\n|-supereffective|p3b: Guzzlord\n|-damage|p3b: Guzzlord|142\/536\n|move|p3b: Guzzlord|Knock Off|p2a: Dhelmise\n|-supereffective|p2a: Dhelmise\n|-damage|p2a: Dhelmise|0 fnt\n|faint|p2a: Dhelmise\n|-ability|p3b: Guzzlord|Beast Boost|boost\n|-boost|p3b: Guzzlord|atk|1\n|\n|upkeep\n|c|\u2606Useless Mid|xd\n|c|\u2606Draco09876|oof\n|\n|t:|1654489953\n|switch|p2a: Sylveon|Sylveon, L80, F|283\/283\n|turn|20\n|\n|t:|1654489961\n|move|p4b: Comfey|Draining Kiss|p1a: Eternatus\n|-damage|p1a: Eternatus|21\/321\n|move|p1a: Eternatus|Recover|p1a: Eternatus\n|-heal|p1a: Eternatus|182\/321\n|move|p2a: Sylveon|Hyper Voice|p3b: Guzzlord|[spread] p1a,p3b,p4b\n|-supereffective|p3b: Guzzlord\n|-damage|p1a: Eternatus|142\/321\n|-damage|p3b: Guzzlord|0 fnt\n|-damage|p4b: Comfey|187\/236 par\n|faint|p3b: Guzzlord\n|\n|upkeep\n|\n|t:|1654489969\n|switch|p3b: Raikou|Raikou, L82|282\/282\n|-ability|p3b: Raikou|Pressure\n|turn|21\n|\n|t:|1654489982\n|move|p2a: Sylveon|Protect|p2a: Sylveon\n|-singleturn|p2a: Sylveon|Protect\n|cant|p4b: Comfey|par\n|move|p3b: Raikou|Thunderbolt|p4b: Comfey\n|-damage|p4b: Comfey|75\/236 par\n|move|p1a: Eternatus|Recover|p1a: Eternatus\n|-heal|p1a: Eternatus|303\/321\n|\n|upkeep\n|turn|22\n|c|\u2606fgaadfasdf|lol\n|c|\u2606fgaadfasdf|u get what you fucking deserve\n|\n|t:|1654490002\n|cant|p4b: Comfey|par\n|move|p3b: Raikou|Thunderbolt|p4b: Comfey\n|-damage|p4b: Comfey|0 fnt\n|faint|p4b: Comfey\n|move|p1a: Eternatus|Flamethrower|p4: Comfey|[notarget]\n|-fail|p1a: Eternatus\n|move|p2a: Sylveon|Calm Mind|p2a: Sylveon\n|-boost|p2a: Sylveon|spa|1\n|-boost|p2a: Sylveon|spd|1\n|\n|upkeep\n|c|\u2606Useless Mid|xd\n|inactive|fgaadfasdf has 120 seconds left.\n|\n|t:|1654490025\n|switch|p4b: Jynx|Jynx, L86, F|251\/251\n|turn|23\n|\n|t:|1654490039\n|move|p3b: Raikou|Thunderbolt|p4b: Jynx\n|-damage|p4b: Jynx|101\/251\n|-enditem|p4b: Jynx|Sitrus Berry|[eat]\n|-heal|p4b: Jynx|163\/251|[from] item: Sitrus Berry\n|move|p1a: Eternatus|Flamethrower|p2a: Sylveon\n|-damage|p2a: Sylveon|249\/283\n|move|p4b: Jynx|Ice Beam|p1a: Eternatus\n|-supereffective|p1a: Eternatus\n|-damage|p1a: Eternatus|129\/321\n|move|p2a: Sylveon|Calm Mind|p2a: Sylveon\n|-boost|p2a: Sylveon|spa|1\n|-boost|p2a: Sylveon|spd|1\n|\n|upkeep\n|turn|24\n|inactive|fgaadfasdf has 120 seconds left.\n|\n|t:|1654490073\n|move|p3b: Raikou|Thunderbolt|p4b: Jynx\n|-damage|p4b: Jynx|28\/251\n|move|p1a: Eternatus|Dynamax Cannon|p3b: Raikou\n|-damage|p3b: Raikou|177\/282\n|move|p4b: Jynx|Ice Beam|p1a: Eternatus\n|-supereffective|p1a: Eternatus\n|-damage|p1a: Eternatus|0 fnt\n|faint|p1a: Eternatus\n|move|p2a: Sylveon|Hyper Voice|p3b: Raikou|[spread] p3b,p4b\n|-damage|p3b: Raikou|69\/282\n|-damage|p4b: Jynx|0 fnt\n|faint|p4b: Jynx\n|\n|upkeep\n|inactive|fgaadfasdf has 120 seconds left.\n|c|\u2606fgaadfasdf|??????\n|inactive|Draco09876 has 120 seconds left.\n|c|\u2606Useless Mid|hugo is just based\n|inactive|fgaadfasdf has 90 seconds left.\n|c|\u2606Draco09876|we take it i guess\n|\n|t:|1654490132\n|switch|p1a: Lanturn|Lanturn, L90, M|196\/371\n|switch|p4b: Steelix|Steelix, L88, M|275\/275\n|turn|25\n|inactive|fgaadfasdf has 90 seconds left.\n|\n|t:|1654490143\n|-start|p3b: Raikou|Dynamax|\n|-heal|p3b: Raikou|138\/564|[silent]\n|move|p4b: Steelix|Protect|p4b: Steelix\n|-singleturn|p4b: Steelix|Protect\n|move|p3b: Raikou|Max Geyser|p4b: Steelix\n|-supereffective|p4b: Steelix\n|-zbroken|p4b: Steelix\n|-damage|p4b: Steelix|213\/275\n|-weather|RainDance\n|move|p1a: Lanturn|Thunder Wave|p2a: Sylveon\n|-status|p2a: Sylveon|par\n|move|p2a: Sylveon|Mystical Fire|p4b: Steelix\n|-activate|p4b: Steelix|move: Protect\n|\n|-weather|RainDance|[upkeep]\n|upkeep\n|turn|26\n|c|\u2606fgaadfasdf|hugo scrimblo male fr\n|\n|t:|1654490169\n|cant|p2a: Sylveon|par\n|move|p3b: Raikou|Max Lightning|p2a: Sylveon\n|-damage|p2a: Sylveon|189\/283 par\n|-fieldstart|move: Electric Terrain\n|move|p1a: Lanturn|Scald|p2a: Sylveon\n|-damage|p2a: Sylveon|140\/283 par\n|-enditem|p2a: Sylveon|Sitrus Berry|[eat]\n|-heal|p2a: Sylveon|210\/283 par|[from] item: Sitrus Berry\n|move|p4b: Steelix|High Horsepower|p3b: Raikou\n|-supereffective|p3b: Raikou\n|-damage|p3b: Raikou|0 fnt\n|faint|p3b: Raikou\n|\n|-weather|RainDance|[upkeep]\n|upkeep\n|turn|27\n|c|\u2606Useless Mid|tf\n|inactive|Draco09876 has 120 seconds left.\n|inactive|fgaadfasdf has 90 seconds left.\n|inactive|Useless Mid has 120 seconds left.\n|\n|t:|1654490197\n|switch|p2a: Inteleon|Inteleon, L84, M|255\/255\n|move|p4b: Steelix|Protect|p4b: Steelix\n|-singleturn|p4b: Steelix|Protect\n|move|p1a: Lanturn|Thunderbolt|p2a: Inteleon\n|-supereffective|p2a: Inteleon\n|-damage|p2a: Inteleon|0 fnt\n|faint|p2a: Inteleon\n|\n|-weather|RainDance|[upkeep]\n|upkeep\n|c|\u2606Useless Mid|yyyyy would u not use scald\n|c|\u2606Useless Mid|it does more\n|c|\u2606Useless Mid|ohh\n|c|\u2606Useless Mid|elec terr\n|c|\u2606Useless Mid|fucking fuck\n|c|\u2606Draco09876|yeah\n|c|\u2606Useless Mid|fuck fuck fuck fuck\n|inactive|Useless Mid has 90 seconds left.\n|\n|t:|1654490231\n|switch|p2a: Sylveon|Sylveon, L80, F|210\/283 par\n|turn|28\n|inactive|Useless Mid has 90 seconds left.\n|\n|t:|1654490238\n|move|p1a: Lanturn|Scald|p4b: Steelix\n|-supereffective|p4b: Steelix\n|-damage|p4b: Steelix|0 fnt\n|faint|p4b: Steelix\n|cant|p2a: Sylveon|par\n|\n|-weather|RainDance|[upkeep]\n|upkeep\n|\n|t:|1654490245\n|switch|p4b: Lapras|Lapras, L84, F|355\/355\n|turn|29\n|inactive|Draco09876 has 120 seconds left.\n|\n|t:|1654490259\n|move|p4b: Lapras|Protect|p4b: Lapras\n|-singleturn|p4b: Lapras|Protect\n|move|p1a: Lanturn|Thunder Wave|p4b: Lapras\n|-activate|p4b: Lapras|move: Protect\n|cant|p2a: Sylveon|par\n|\n|-weather|none\n|upkeep\n|turn|30\n|inactive|fgaadfasdf has 90 seconds left.\n|\n|t:|1654490270\n|move|p1a: Lanturn|Thunder Wave|p4b: Lapras\n|-status|p4b: Lapras|par\n|cant|p4b: Lapras|par\n|cant|p2a: Sylveon|par\n|\n|-fieldend|move: Electric Terrain\n|upkeep\n|turn|31\n|c|\u2606Draco09876|sorry guys'\n|c|\u2606Draco09876|this kinda toxic\n|\n|t:|1654490288\n|move|p4b: Lapras|Protect|p4b: Lapras\n|-singleturn|p4b: Lapras|Protect\n|move|p1a: Lanturn|Thunderbolt|p4b: Lapras\n|-activate|p4b: Lapras|move: Protect\n|move|p2a: Sylveon|Hyper Voice|p4b: Lapras|[spread] p1a\n|-activate|p4b: Lapras|move: Protect\n|-damage|p1a: Lanturn|141\/371\n|-enditem|p1a: Lanturn|Sitrus Berry|[eat]\n|-heal|p1a: Lanturn|233\/371|[from] item: Sitrus Berry\n|\n|upkeep\n|turn|32\n|c|\u2606fgaadfasdf|not as toxic as hugo\n|inactive|Useless Mid has 90 seconds left.\n|c|\u2606Hugo258|xd\n|\n|t:|1654490314\n|move|p1a: Lanturn|Thunderbolt|p4b: Lapras\n|-supereffective|p4b: Lapras\n|-damage|p4b: Lapras|187\/355 par\n|cant|p4b: Lapras|par\n|move|p2a: Sylveon|Hyper Voice|p1a: Lanturn|[spread] p1a,p4b\n|-damage|p1a: Lanturn|178\/371\n|-damage|p4b: Lapras|133\/355 par\n|-enditem|p4b: Lapras|Sitrus Berry|[eat]\n|-heal|p4b: Lapras|221\/355 par|[from] item: Sitrus Berry\n|\n|upkeep\n|turn|33\n|\n|t:|1654490328\n|cant|p4b: Lapras|par\n|move|p1a: Lanturn|Thunderbolt|p4b: Lapras\n|-supereffective|p4b: Lapras\n|-damage|p4b: Lapras|59\/355 par\n|move|p2a: Sylveon|Calm Mind|p2a: Sylveon\n|-boost|p2a: Sylveon|spa|1\n|-boost|p2a: Sylveon|spd|1\n|\n|upkeep\n|turn|34\n|\n|t:|1654490340\n|move|p4b: Lapras|Protect|p4b: Lapras\n|-singleturn|p4b: Lapras|Protect\n|move|p1a: Lanturn|Thunderbolt|p2a: Sylveon\n|-damage|p2a: Sylveon|162\/283 par\n|move|p2a: Sylveon|Calm Mind|p2a: Sylveon\n|-boost|p2a: Sylveon|spa|1\n|-boost|p2a: Sylveon|spd|1\n|\n|upkeep\n|turn|35\n|\n|t:|1654490349\n|move|p1a: Lanturn|Thunderbolt|p2a: Sylveon\n|-damage|p2a: Sylveon|126\/283 par\n|move|p4b: Lapras|Freeze-Dry|p1a: Lanturn\n|-supereffective|p1a: Lanturn\n|-damage|p1a: Lanturn|34\/371\n|move|p2a: Sylveon|Calm Mind|p2a: Sylveon\n|-boost|p2a: Sylveon|spa|1\n|-boost|p2a: Sylveon|spd|1\n|\n|upkeep\n|turn|36\n|inactive|Draco09876 has 90 seconds left.\n|c|\u2606Draco09876|sylveon will kill you regardless\n|c|\u2606fgaadfasdf|you have 4 pokes\n|c|\u2606Draco09876|suggest not to let it calm mind\n|inactive|Draco09876 has 60 seconds left.\n|c|\u2606fgaadfasdf|i can't win unless you lose some\n|c|\u2606fgaadfasdf|it's what you get for targeting me down\n|c|\u2606Draco09876|still sylveon will kill me so y waste\n|c|\u2606fgaadfasdf|i know you have somethning in the back\n|c|\u2606fgaadfasdf|it's paralyzed\n|inactive|Draco09876 has 30 seconds left.\n|c|\u2606Draco09876|ok but killing this is nothing\n|\n|t:|1654490428\n|move|p4b: Lapras|Protect|p4b: Lapras\n|-singleturn|p4b: Lapras|Protect\n|cant|p2a: Sylveon|par\n|move|p1a: Lanturn|Thunderbolt|p2a: Sylveon\n|-damage|p2a: Sylveon|95\/283 par\n|\n|upkeep\n|turn|37\n|inactive|Draco09876 has 30 seconds left this turn.\n|c|\u2606fgaadfasdf|lol it gets you down to 3???\n|inactive|Draco09876 has 20 seconds left.\n|inactive|Draco09876 has 15 seconds left.\n|inactive|Useless Mid has 60 seconds left.\n|inactive|Draco09876 has 10 seconds left.\n|j| possibilities\n|inactive|Draco09876 has 5 seconds left.\n|c|\u2606Draco09876|sylveon kills me so target it to get more damage\n|\n|t:|1654490455\n|move|p1a: Lanturn|Thunderbolt|p2a: Sylveon\n|-damage|p2a: Sylveon|65\/283 par\n|move|p4b: Lapras|Freeze-Dry|p1a: Lanturn\n|-supereffective|p1a: Lanturn\n|-damage|p1a: Lanturn|0 fnt\n|faint|p1a: Lanturn\n|move|p2a: Sylveon|Hyper Voice|p4b: Lapras\n|-damage|p4b: Lapras|0 fnt\n|faint|p4b: Lapras\n|\n|upkeep\n|inactive|Draco09876 has 10 seconds left this turn.\n|c|\u2606fgaadfasdf|then you will kill sylveon with something else\n|inactive|Draco09876 has 5 seconds left.\n|l| possibilities\n|-message|Draco09876 lost due to inactivity.\n|\n|t:|1654490465\n|switch|p4b: Azumarill|Azumarill, L87, F|316\/316\n|turn|38\n|j| possibilities\n|\n|t:|1654490470\n|move|p4b: Azumarill|Protect|p4b: Azumarill\n|-singleturn|p4b: Azumarill|Protect\n|cant|p2a: Sylveon|par\n|\n|upkeep\n|turn|39\n|c|\u2606Draco09876|oh wait\n|l| possibilities\n|c|\u2606Draco09876|lol\n|c|\u2606Draco09876|shit\n|\n|t:|1654490478\n|move|p2a: Sylveon|Protect|p2a: Sylveon\n|-singleturn|p2a: Sylveon|Protect\n|move|p4b: Azumarill|Aqua Jet|p2a: Sylveon\n|-activate|p2a: Sylveon|move: Protect\n|\n|upkeep\n|turn|40\n|l|\u2606Draco09876\n|\n|t:|1654490485\n|move|p4b: Azumarill|Liquidation|p2a: Sylveon\n|-damage|p2a: Sylveon|0 fnt\n|faint|p2a: Sylveon\n|\n|upkeep\n|\n|t:|1654490495\n|switch|p2a: Flareon|Flareon, L88, M|258\/258\n|turn|41\n|inactive|Useless Mid has 60 seconds left.\n|\n|t:|1654490511\n|-start|p2a: Flareon|Dynamax|\n|-heal|p2a: Flareon|516\/516|[silent]\n|-start|p4b: Azumarill|Dynamax|\n|-heal|p4b: Azumarill|632\/632|[silent]\n|move|p2a: Flareon|Max Knuckle|p4b: Azumarill\n|-resisted|p4b: Azumarill\n|-damage|p4b: Azumarill|588\/632\n|-boost|p2a: Flareon|atk|1\n|move|p4b: Azumarill|Max Geyser|p2a: Flareon\n|-supereffective|p2a: Flareon\n|-damage|p2a: Flareon|76\/516\n|-weather|RainDance\n|\n|-weather|RainDance|[upkeep]\n|-status|p2a: Flareon|tox|[from] item: Toxic Orb\n|upkeep\n|turn|42\n|\n|t:|1654490523\n|move|p2a: Flareon|Max Strike|p4b: Azumarill\n|-damage|p4b: Azumarill|307\/632\n|-unboost|p4b: Azumarill|spe|1\n|-enditem|p4b: Azumarill|Sitrus Berry|[eat]\n|-heal|p4b: Azumarill|386\/632|[from] item: Sitrus Berry\n|move|p4b: Azumarill|Max Geyser|p2a: Flareon\n|-supereffective|p2a: Flareon\n|-damage|p2a: Flareon|0 fnt\n|faint|p2a: Flareon\n|\n|-weather|RainDance|[upkeep]\n|upkeep\n|\n|t:|1654490525\n|switch|p2a: Lycanroc|Lycanroc, L84, F|263\/263\n|turn|43\n|-message|Hugo258 forfeited.\n|l|\u2606Hugo258\n|j|\u2606Hugo258\n|\n|t:|1654490540\n|move|p2a: Lycanroc|Rock Slide|p4b: Azumarill\n|-damage|p4b: Azumarill|244\/632\n|move|p4b: Azumarill|Max Geyser|p2a: Lycanroc\n|-supereffective|p2a: Lycanroc\n|-damage|p2a: Lycanroc|0 fnt\n|faint|p2a: Lycanroc\n|\n|win|fgaadfasdf\n","inputlog":">version 37aae3f54f319300a67b84b4c9ac0ceec3e65817\n>start {\"formatid\":\"gen8freeforallrandombattle\",\"seed\":[25162,30220,20041,30433]}\n>player p1 {\"name\":\"Draco09876\",\"avatar\":\"1\",\"rating\":0,\"seed\":[12877,45238,20413,59006]}\n>player p2 {\"name\":\"Useless Mid\",\"avatar\":\"flint\",\"rating\":0,\"seed\":[19089,43267,27904,3575]}\n>player p3 {\"name\":\"Hugo258\",\"avatar\":\"peony\",\"rating\":0,\"seed\":[53449,14353,29966,45756]}\n>player p4 {\"name\":\"fgaadfasdf\",\"avatar\":\"266\",\"rating\":0,\"seed\":[54416,22468,53483,15677]}\n>chat \u2606Useless Mid|gl\n>chat \u2606fgaadfasdf|glhf\n>chat \u2606Draco09876|glhf\n>chat \u2606Hugo258|glhf\n>p1 move protect\n>p2 move knockoff\n>p3 move agility\n>p4 move spiritshackle\n>p1 move shadowball\n>p2 move knockoff\n>p3 move xscissor\n>p4 move shadowsneak\n>p4 switch 5\n>p1 move psychic\n>p2 move protect\n>p3 move knockoff\n>p4 move protect\n>p1 switch 5\n>p1 move protect\n>p2 move protect\n>p3 move liquidation\n>p4 move drainingkiss\n>chat \u2606Useless Mid|y comfey\n>p1 move scald\n>p2 move highhorsepower\n>p3 move liquidation\n>p4 move protect\n>chat \u2606fgaadfasdf|lolol\n>p1 move thunderwave\n>p2 move highhorsepower\n>p3 move liquidation\n>p4 move drainingkiss\n>p3 switch 6\n>p1 move protect\n>p2 move protect\n>p3 move protect\n>p4 move protect\n>chat \u2606Draco09876|lol\n>chat \u2606Hugo258|bruh\n>p1 move scald\n>p2 move highhorsepower\n>p3 move rockslide\n>p4 move protect\n>chat \u2606Useless Mid|threat eliminated\n>p2 switch 2\n>chat \u2606Draco09876|diggersby too stronk\n>p1 move protect\n>p2 move protect\n>p3 move protect\n>p4 move drainingkiss\n>chat \u2606Useless Mid|haha\n>chat \u2606Draco09876|bruh\n>p1 switch 2\n>p2 move poltergeist\n>p3 move ironhead\n>p4 move protect\n>p3 switch 4\n>p1 move flamethrower\n>p2 move anchorshot\n>p3 move irondefense\n>p4 move drainingkiss\n>p1 move recover\n>p2 move poltergeist\n>p3 move bravebird\n>p4 move protect\n>p1 move flamethrower\n>p2 move protect\n>p3 move roost\n>p4 move drainingkiss\n>p3 switch 2\n>chat \u2606Draco09876|its getting late. would appreciate a faster game if possible\n>p1 move cosmicpower\n>p2 move anchorshot\n>p3 move shadowball\n>p4 move protect\n>chat \u2606Hugo258|sorry\n>p1 move recover\n>p2 move powerwhip\n>p3 move willowisp\n>p4 move drainingkiss\n>p3 switch 3\n>p1 move recover\n>p2 move anchorshot\n>p3 move sludgebomb\n>p4 move drainingkiss\n>p1 move recover\n>p2 move protect\n>p3 move knockoff\n>p4 move drainingkiss\n>p1 move cosmicpower\n>p2 move anchorshot\n>p3 move knockoff\n>p4 move drainingkiss\n>chat \u2606Useless Mid|dude im not one to tell ppl how to play but y is guzzlord attacking me instead of eternatus\n>chat \u2606Useless Mid|like do u think im gonna attack ur guzz lmao\n>p1 move dynamaxcannon\n>p2 move anchorshot\n>p3 move knockoff\n>p4 move drainingkiss\n>chat \u2606Useless Mid|xd\n>chat \u2606Draco09876|oof\n>p2 switch 3\n>p1 move recover\n>p2 move hypervoice\n>p3 move dracometeor\n>p4 move drainingkiss\n>p3 switch 5\n>p1 move recover\n>p2 move protect\n>p3 move thunderbolt\n>p4 move drainingkiss\n>chat \u2606fgaadfasdf|lol\n>chat \u2606fgaadfasdf|u get what you fucking deserve\n>p1 move flamethrower\n>p2 move calmmind\n>p3 move thunderbolt\n>p4 move protect\n>chat \u2606Useless Mid|xd\n>p4 switch 4\n>p1 move flamethrower\n>p2 move calmmind\n>p3 move thunderbolt\n>p4 move icebeam\n>p1 move dynamaxcannon\n>p2 move hypervoice\n>p3 move thunderbolt\n>p4 move icebeam\n>chat \u2606fgaadfasdf|??????\n>chat \u2606Useless Mid|hugo is just based\n>chat \u2606Draco09876|we take it i guess\n>p1 switch 2\n>p4 switch 6\n>p1 move thunderwave\n>p2 move mysticalfire\n>p3 move scald dynamax\n>p4 move protect\n>chat \u2606fgaadfasdf|hugo scrimblo male fr\n>p1 move scald\n>p2 move protect\n>p3 move thunderbolt dynamax\n>p4 move highhorsepower\n>chat \u2606Useless Mid|tf\n>p1 move thunderbolt\n>p2 switch 5\n>p4 move protect\n>chat \u2606Useless Mid|yyyyy would u not use scald\n>chat \u2606Useless Mid|it does more\n>chat \u2606Useless Mid|ohh\n>chat \u2606Useless Mid|elec terr\n>chat \u2606Useless Mid|fucking fuck \n>chat \u2606Draco09876|yeah\n>chat \u2606Useless Mid|fuck fuck fuck fuck\n>chat \u2606Useless Mid|fuck fuck\n>p2 switch 5\n>p1 move scald\n>p2 move hypervoice\n>p4 move highhorsepower\n>p4 switch 3\n>p1 move thunderwave\n>p2 move hypervoice\n>p4 move protect\n>p1 move thunderwave\n>p2 move hypervoice\n>p4 move freezedry\n>chat \u2606Draco09876|sorry guys'\n>chat \u2606Draco09876|this kinda toxic\n>chat \u2606Useless Mid|its rng\n>p1 move thunderbolt\n>p2 move hypervoice\n>p4 move protect\n>chat \u2606fgaadfasdf|not as toxic as hugo\n>chat \u2606Useless Mid|its rng its all good\n>chat \u2606Hugo258|xd\n>p1 move thunderbolt\n>p2 move hypervoice\n>p4 move freezedry\n>p1 move thunderbolt\n>p2 move calmmind\n>p4 move protect\n>chat \u2606Useless Mid|i cant type\n>p1 move thunderbolt\n>p2 move calmmind\n>p4 move protect\n>p1 move thunderbolt\n>p2 move calmmind\n>p4 move freezedry\n>chat \u2606Draco09876|sylveon will kill you regardless\n>chat \u2606Useless Mid|im protecting\n>chat \u2606fgaadfasdf|you have 4 pokes\n>chat \u2606Draco09876|suggest not to let it calm mind\n>chat \u2606Useless Mid|i cnat type\n>chat \u2606fgaadfasdf|i can't win unless you lose some\n>chat \u2606fgaadfasdf|it's what you get for targeting me down\n>chat \u2606Useless Mid|r u guys getting any messages\n>chat \u2606Draco09876|still sylveon will kill me so y waste\n>chat \u2606fgaadfasdf|i know you have somethning in the back\n>chat \u2606fgaadfasdf|it's paralyzed\n>chat \u2606Draco09876|ok but killing this is nothing\n>p1 move thunderbolt\n>p2 move protect\n>p4 move protect\n>chat \u2606fgaadfasdf|lol it gets you down to 3???\n>chat \u2606Draco09876|sylveon kills me so target it to get more damage\n>p1 move thunderbolt\n>p2 move hypervoice\n>p4 move freezedry\n>chat \u2606fgaadfasdf|then you will kill sylveon with something else\n>forcelose p1\n>p4 switch 2\n>p2 move protect\n>p4 move protect\n>chat \u2606Draco09876|oh wait\n>chat \u2606Draco09876|lol\n>chat \u2606Draco09876|shit\n>p2 move protect\n>p4 move aquajet\n>p2 move calmmind\n>p4 move liquidation\n>p2 switch 4\n>p2 move superpower dynamax\n>p4 move liquidation dynamax\n>p2 move facade dynamax\n>p4 move liquidation dynamax\n>p2 switch 6\n>forcelose p3\n>p2 move rockslide\n>p4 move liquidation dynamax","uploadtime":1654490227,"views":5,"p1id":"draco09876","p2id":"uselessmid","formatid":"gen8freeforallrandombattle","rating":0,"private":0,"password":null}