{"id":"gen8randombattle-1483625424","p1":"Padmecito","p2":"hy is garbage","format":"gen8randombattle","log":"|j|\u2606Padmecito\n|j|\u2606hy is garbage\n|t:|1641072222\n|gametype|singles\n|player|p1|Padmecito|266|1544\n|player|p2|hy is garbage|101|1548\n|teamsize|p1|6\n|teamsize|p2|6\n|gen|8\n|tier|[Gen 8] Random Battle\n|rated|\n|rule|Species Clause: Limit one of each Pok\u00e9mon\n|rule|HP Percentage Mod: HP is shown in percentages\n|rule|Sleep Clause Mod: Limit one foe put to sleep\n|\n|t:|1641072222\n|start\n|switch|p1a: Venusaur|Venusaur, L82, M|265\/265\n|switch|p2a: Hitmonlee|Hitmonlee, L84, M|221\/221\n|turn|1\n|\n|t:|1641072244\n|move|p2a: Hitmonlee|Knock Off|p1a: Venusaur\n|-damage|p1a: Venusaur|172\/265\n|-enditem|p1a: Venusaur|Black Sludge|[from] move: Knock Off|[of] p2a: Hitmonlee\n|move|p1a: Venusaur|Leech Seed|p2a: Hitmonlee\n|-start|p2a: Hitmonlee|move: Leech Seed\n|\n|-damage|p2a: Hitmonlee|194\/221|[from] Leech Seed|[of] p1a: Venusaur\n|-heal|p1a: Venusaur|199\/265|[silent]\n|upkeep\n|turn|2\n|\n|t:|1641072251\n|switch|p2a: Victini|Victini, L78|283\/283\n|move|p1a: Venusaur|Substitute|p1a: Venusaur\n|-start|p1a: Venusaur|Substitute\n|-damage|p1a: Venusaur|133\/265\n|\n|upkeep\n|turn|3\n|\n|t:|1641072260\n|move|p2a: Victini|Glaciate|p1a: Venusaur\n|-supereffective|p1a: Venusaur\n|-end|p1a: Venusaur|Substitute\n|move|p1a: Venusaur|Sleep Powder|p2a: Victini\n|-status|p2a: Victini|slp|[from] move: Sleep Powder\n|\n|upkeep\n|turn|4\n|\n|t:|1641072272\n|cant|p2a: Victini|slp\n|move|p1a: Venusaur|Substitute|p1a: Venusaur\n|-start|p1a: Venusaur|Substitute\n|-damage|p1a: Venusaur|67\/265\n|\n|upkeep\n|turn|5\n|\n|t:|1641072274\n|-curestatus|p2a: Victini|slp|[msg]\n|move|p2a: Victini|Glaciate|p1a: Venusaur\n|-supereffective|p1a: Venusaur\n|-end|p1a: Venusaur|Substitute\n|move|p1a: Venusaur|Leech Seed|p2a: Victini\n|-start|p2a: Victini|move: Leech Seed\n|\n|-damage|p2a: Victini|248\/283|[from] Leech Seed|[of] p1a: Venusaur\n|-heal|p1a: Venusaur|102\/265|[silent]\n|upkeep\n|turn|6\n|\n|t:|1641072292\n|move|p2a: Victini|U-turn|p1a: Venusaur\n|-damage|p1a: Venusaur|58\/265\n|\n|t:|1641072294\n|switch|p2a: Hitmonlee|Hitmonlee, L84, M|194\/221\n|move|p1a: Venusaur|Sludge Bomb|p2a: Hitmonlee\n|-damage|p2a: Hitmonlee|119\/221\n|\n|upkeep\n|turn|7\n|\n|t:|1641072305\n|move|p2a: Hitmonlee|Poison Jab|p1a: Venusaur\n|-damage|p1a: Venusaur|0 fnt\n|faint|p1a: Venusaur\n|\n|upkeep\n|\n|t:|1641072322\n|switch|p1a: Tornadus|Tornadus, L80, M|258\/258\n|turn|8\n|\n|t:|1641072328\n|move|p2a: Hitmonlee|Poison Jab|p1a: Tornadus\n|-damage|p1a: Tornadus|176\/258\n|move|p1a: Tornadus|Hurricane|p2a: Hitmonlee\n|-supereffective|p2a: Hitmonlee\n|-damage|p2a: Hitmonlee|0 fnt\n|faint|p2a: Hitmonlee\n|\n|upkeep\n|\n|t:|1641072338\n|switch|p2a: Arcanine|Arcanine, L82, F|282\/282\n|turn|9\n|inactive|Battle timer is ON: inactive players will automatically lose when time's up. (requested by hy is garbage)\n|inactive|Padmecito has 120 seconds left.\n|\n|t:|1641072399\n|move|p1a: Tornadus|Nasty Plot|p1a: Tornadus\n|-boost|p1a: Tornadus|spa|2\n|move|p2a: Arcanine|Wild Charge|p1a: Tornadus\n|-supereffective|p1a: Tornadus\n|-damage|p1a: Tornadus|22\/258\n|-damage|p2a: Arcanine|243\/282|[from] Recoil\n|\n|upkeep\n|turn|10\n|inactive|hy is garbage has 120 seconds left.\n|\n|t:|1641072444\n|move|p1a: Tornadus|Hurricane|p2a: Arcanine|[miss]\n|-miss|p1a: Tornadus|p2a: Arcanine\n|move|p2a: Arcanine|Wild Charge|p1a: Tornadus\n|-supereffective|p1a: Tornadus\n|-damage|p1a: Tornadus|0 fnt\n|faint|p1a: Tornadus\n|-damage|p2a: Arcanine|237\/282|[from] Recoil\n|\n|upkeep\n|c|\u2606hy is garbage|sry\n|\n|t:|1641072461\n|switch|p1a: Lycanroc|Lycanroc, L80, M|251\/251\n|turn|11\n|inactive|hy is garbage has 90 seconds left.\n|\n|t:|1641072498\n|move|p1a: Lycanroc|Stone Edge|p2a: Arcanine\n|-supereffective|p2a: Arcanine\n|-damage|p2a: Arcanine|0 fnt\n|faint|p2a: Arcanine\n|-damage|p1a: Lycanroc|226\/251|[from] item: Life Orb\n|\n|upkeep\n|\n|t:|1641072508\n|switch|p2a: Eiscue|Eiscue, L82, F|256\/256\n|turn|12\n|\n|t:|1641072534\n|switch|p1a: Heliolisk|Heliolisk, L82, F|236\/236\n|move|p2a: Eiscue|Liquidation|p1a: Heliolisk\n|-immune|p1a: Heliolisk|[from] ability: Dry Skin\n|\n|upkeep\n|turn|13\n|\n|t:|1641072541\n|move|p1a: Heliolisk|Glare|p2a: Eiscue\n|-status|p2a: Eiscue|par\n|move|p2a: Eiscue|Icicle Crash|p1a: Heliolisk\n|-damage|p1a: Heliolisk|121\/236\n|\n|upkeep\n|turn|14\n|\n|t:|1641072548\n|move|p1a: Heliolisk|Thunderbolt|p2a: Eiscue\n|-damage|p2a: Eiscue|122\/256 par\n|-enditem|p2a: Eiscue|Sitrus Berry|[eat]\n|-heal|p2a: Eiscue|186\/256 par|[from] item: Sitrus Berry\n|-damage|p1a: Heliolisk|98\/236|[from] item: Life Orb\n|move|p2a: Eiscue|Icicle Crash|p1a: Heliolisk\n|-damage|p1a: Heliolisk|0 fnt\n|faint|p1a: Heliolisk\n|\n|upkeep\n|\n|t:|1641072560\n|switch|p1a: Skarmory|Skarmory, L80, F|235\/235\n|turn|15\n|\n|t:|1641072567\n|switch|p2a: Keldeo|Keldeo-Resolute, L79|273\/273\n|move|p1a: Skarmory|Spikes|p2a: Keldeo\n|-sidestart|p2: hy is garbage|Spikes\n|\n|upkeep\n|turn|16\n|\n|t:|1641072576\n|move|p2a: Keldeo|Scald|p1a: Skarmory\n|-damage|p1a: Skarmory|117\/235\n|-status|p1a: Skarmory|brn\n|move|p1a: Skarmory|Brave Bird|p2a: Keldeo\n|-supereffective|p2a: Keldeo\n|-damage|p2a: Keldeo|171\/273\n|-damage|p1a: Skarmory|83\/235 brn|[from] Recoil\n|\n|-heal|p2a: Keldeo|188\/273|[from] item: Leftovers\n|-heal|p1a: Skarmory|97\/235 brn|[from] item: Leftovers\n|-damage|p1a: Skarmory|83\/235 brn|[from] brn\n|upkeep\n|turn|17\n|\n|t:|1641072586\n|move|p2a: Keldeo|Scald|p1a: Skarmory\n|-damage|p1a: Skarmory|0 fnt\n|faint|p1a: Skarmory\n|\n|-heal|p2a: Keldeo|205\/273|[from] item: Leftovers\n|upkeep\n|\n|t:|1641072600\n|switch|p1a: Lopunny|Lopunny, L90, M|263\/263\n|turn|18\n|inactive|hy is garbage has 120 seconds left.\n|\n|t:|1641072613\n|switch|p2a: Eiscue|Eiscue, L82, F|186\/256 par\n|-damage|p2a: Eiscue|154\/256 par|[from] Spikes\n|move|p1a: Lopunny|Switcheroo|p2a: Eiscue\n|-activate|p1a: Lopunny|move: Trick|[of] p2a: Eiscue\n|-item|p2a: Eiscue|Toxic Orb|[from] move: Switcheroo\n|-enditem|p1a: Lopunny|Toxic Orb|[silent]|[from] move: Switcheroo\n|\n|upkeep\n|turn|19\n|\n|t:|1641072630\n|move|p1a: Lopunny|Close Combat|p2a: Eiscue\n|-activate|p2a: Eiscue|ability: Ice Face\n|-damage|p2a: Eiscue|154\/256 par\n|-unboost|p1a: Lopunny|def|1\n|-unboost|p1a: Lopunny|spd|1\n|detailschange|p2a: Eiscue|Eiscue-Noice, L82, F\n|cant|p2a: Eiscue|par\n|\n|upkeep\n|turn|20\n|\n|t:|1641072639\n|move|p1a: Lopunny|Close Combat|p2a: Eiscue\n|-supereffective|p2a: Eiscue\n|-crit|p2a: Eiscue\n|-damage|p2a: Eiscue|0 fnt\n|-unboost|p1a: Lopunny|def|1\n|-unboost|p1a: Lopunny|spd|1\n|faint|p2a: Eiscue\n|\n|upkeep\n|\n|t:|1641072641\n|switch|p2a: Eternatus|Eternatus, L69|308\/308\n|-damage|p2a: Eternatus|270\/308|[from] Spikes\n|-ability|p2a: Eternatus|Pressure\n|turn|21\n|\n|t:|1641072653\n|move|p1a: Lopunny|Switcheroo|p2a: Eternatus\n|-activate|p1a: Lopunny|move: Trick|[of] p2a: Eternatus\n|-enditem|p2a: Eternatus|Metronome|[silent]|[from] move: Switcheroo\n|-item|p1a: Lopunny|Metronome|[from] move: Switcheroo\n|move|p2a: Eternatus|Dynamax Cannon|p1a: Lopunny\n|-damage|p1a: Lopunny|79\/263\n|\n|upkeep\n|turn|22\n|\n|t:|1641072669\n|move|p1a: Lopunny|Facade|p2a: Eternatus\n|-damage|p2a: Eternatus|188\/308\n|move|p2a: Eternatus|Dynamax Cannon|p1a: Lopunny\n|-damage|p1a: Lopunny|0 fnt\n|faint|p1a: Lopunny\n|\n|upkeep\n|\n|t:|1641072674\n|switch|p1a: Lycanroc|Lycanroc, L80, M|226\/251\n|turn|23\n|\n|t:|1641072679\n|move|p1a: Lycanroc|Swords Dance|p1a: Lycanroc\n|-boost|p1a: Lycanroc|atk|2\n|move|p2a: Eternatus|Dynamax Cannon|p1a: Lycanroc\n|-damage|p1a: Lycanroc|85\/251\n|\n|upkeep\n|turn|24\n|\n|t:|1641072689\n|-start|p1a: Lycanroc|Dynamax\n|-heal|p1a: Lycanroc|170\/502|[silent]\n|move|p1a: Lycanroc|Max Mindstorm|p2a: Eternatus\n|-supereffective|p2a: Eternatus\n|-damage|p2a: Eternatus|0 fnt\n|-fieldstart|move: Psychic Terrain\n|faint|p2a: Eternatus\n|-damage|p1a: Lycanroc|145\/502|[from] item: Life Orb\n|\n|upkeep\n|\n|t:|1641072713\n|switch|p2a: Keldeo|Keldeo-Resolute, L79|205\/273\n|-damage|p2a: Keldeo|171\/273|[from] Spikes\n|turn|25\n|\n|t:|1641072720\n|-start|p2a: Keldeo|Dynamax\n|-heal|p2a: Keldeo|342\/546|[silent]\n|move|p2a: Keldeo|Max Guard|p2a: Keldeo\n|-singleturn|p2a: Keldeo|Max Guard\n|move|p1a: Lycanroc|Max Mindstorm|p2a: Keldeo\n|-activate|p2a: Keldeo|move: Max Guard\n|\n|-heal|p2a: Keldeo|359\/546|[from] item: Leftovers\n|upkeep\n|turn|26\n|\n|t:|1641072727\n|move|p1a: Lycanroc|Max Mindstorm|p2a: Keldeo\n|-supereffective|p2a: Keldeo\n|-damage|p2a: Keldeo|0 fnt\n|faint|p2a: Keldeo\n|-damage|p1a: Lycanroc|120\/502|[from] item: Life Orb\n|\n|-end|p1a: Lycanroc|Dynamax\n|-heal|p1a: Lycanroc|60\/251|[silent]\n|upkeep\n|\n|t:|1641072729\n|switch|p2a: Victini|Victini, L78|248\/283\n|-damage|p2a: Victini|213\/283|[from] Spikes\n|turn|27\n|c|\u2606hy is garbage|gg\n|\n|t:|1641072748\n|move|p1a: Lycanroc|Stone Edge|p2a: Victini|[miss]\n|-miss|p1a: Lycanroc|p2a: Victini\n|move|p2a: Victini|Energy Ball|p1a: Lycanroc\n|-supereffective|p1a: Lycanroc\n|-damage|p1a: Lycanroc|0 fnt\n|faint|p1a: Lycanroc\n|\n|win|hy is garbage\n|raw|Padmecito's rating: 1544 &rarr; <strong>1524<\/strong><br \/>(-20 for losing)\n|raw|hy is garbage's rating: 1548 &rarr; <strong>1568<\/strong><br \/>(+20 for winning)\n|c|\u2606hy is garbage|o\n|l|\u2606Padmecito\n","inputlog":">version ada290bd13a4c41013b3ccb469b13283f8f18915\n>start {\"formatid\":\"gen8randombattle\",\"seed\":[48880,64779,62544,41741],\"rated\":\"Rated battle\"}\n>player p1 {\"name\":\"Padmecito\",\"avatar\":\"266\",\"rating\":1544,\"seed\":[17781,1271,44651,56824]}\n>player p2 {\"name\":\"hy is garbage\",\"avatar\":\"101\",\"rating\":1548,\"seed\":[50710,40937,2298,14390]}\n>p1 move leechseed\n>p2 move knockoff\n>p1 move substitute\n>p2 switch 3\n>p1 move sleeppowder\n>p2 move glaciate\n>p1 move substitute\n>p2 move glaciate\n>p1 move leechseed\n>p2 move glaciate\n>p1 move sludgebomb\n>p2 move uturn\n>p2 switch 3\n>p1 move sludgebomb\n>p2 move poisonjab\n>p1 switch 6\n>p1 move hurricane\n>p2 move poisonjab\n>p2 switch 6\n>p1 move nastyplot\n>p2 move wildcharge\n>p1 move hurricane\n>p2 move wildcharge\n>chat \u2606hy is garbage|sry\n>p1 switch 2\n>p1 move stoneedge\n>p2 move closecombat\n>p2 switch 2\n>p1 switch 4\n>p2 move liquidation\n>p1 move glare\n>p2 move iciclecrash\n>p1 move thunderbolt\n>p2 move iciclecrash\n>p1 switch 5\n>p1 move spikes\n>p2 switch 4\n>p1 move bravebird\n>p2 move scald\n>p1 move bravebird\n>p2 move scald\n>p1 switch 3\n>p1 move switcheroo\n>p2 switch 4\n>p1 move closecombat\n>p2 move liquidation\n>p1 move closecombat\n>p2 move liquidation\n>p2 switch 5\n>p1 move switcheroo\n>p2 move dynamaxcannon\n>p1 move facade\n>p2 move dynamaxcannon\n>p1 switch 4\n>p1 move swordsdance\n>p2 move dynamaxcannon\n>p1 move psychicfangs dynamax\n>p2 move dynamaxcannon\n>p2 switch 4\n>p1 move psychicfangs dynamax\n>p2 move calmmind dynamax\n>p1 move psychicfangs dynamax\n>p2 move scald dynamax\n>p2 switch 3\n>chat \u2606hy is garbage|gg\n>p1 move stoneedge\n>p2 move energyball","uploadtime":1641072783,"views":3,"p1id":"padmecito","p2id":"hyisgarbage","formatid":"gen8randombattle","rating":1524,"private":0,"password":null}