{"id":"gen8randombattle-1623147403","p1":"himynametay","p2":"pokemon battler 69","format":"gen8randombattle","log":"|j|\u203dhimynametay\n|j|\u2606pokemon battler 69\n|t:|1658530775\n|gametype|singles\n|player|p1|himynametay|elesa|1738\n|player|p2|pokemon battler 69|101|1756\n|teamsize|p1|6\n|teamsize|p2|6\n|gen|8\n|tier|[Gen 8] Random Battle\n|rated|\n|rule|Species Clause: Limit one of each Pok\u00e9mon\n|rule|HP Percentage Mod: HP is shown in percentages\n|rule|Sleep Clause Mod: Limit one foe put to sleep\n|\n|t:|1658530775\n|start\n|switch|p1a: Terrakion|Terrakion, L78|270\/270\n|switch|p2a: Swoobat|Swoobat, L86, M|255\/255\n|turn|1\n|\n|t:|1658530783\n|switch|p2a: Escavalier|Escavalier, L84, F|255\/255\n|move|p1a: Terrakion|Stone Edge|p2a: Escavalier\n|-damage|p2a: Escavalier|126\/255\n|-damage|p1a: Terrakion|243\/270|[from] item: Life Orb\n|\n|-heal|p2a: Escavalier|141\/255|[from] item: Leftovers\n|upkeep\n|turn|2\n|\n|t:|1658530791\n|switch|p1a: Turtonator|Turtonator, L84, M|238\/238\n|move|p2a: Escavalier|Iron Head|p1a: Turtonator\n|-resisted|p1a: Turtonator\n|-damage|p1a: Turtonator|195\/238\n|\n|-heal|p2a: Escavalier|156\/255|[from] item: Leftovers\n|upkeep\n|turn|3\n|inactive|Battle timer is ON: inactive players will automatically lose when time's up. (requested by himynametay)\n|\n|t:|1658530807\n|switch|p2a: Lanturn|Lanturn, L86, M|355\/355\n|move|p1a: Turtonator|Will-O-Wisp|p2a: Lanturn\n|-status|p2a: Lanturn|brn\n|\n|-damage|p2a: Lanturn|333\/355 brn|[from] brn\n|upkeep\n|turn|4\n|\n|t:|1658530816\n|move|p2a: Lanturn|Toxic|p1a: Turtonator|[miss]\n|-miss|p2a: Lanturn|p1a: Turtonator\n|move|p1a: Turtonator|Draco Meteor|p2a: Lanturn|[miss]\n|-miss|p1a: Turtonator|p2a: Lanturn\n|\n|-heal|p2a: Lanturn|355\/355 brn|[from] item: Leftovers\n|-damage|p2a: Lanturn|333\/355 brn|[from] brn\n|upkeep\n|turn|5\n|\n|t:|1658530824\n|switch|p2a: Tapu Koko|Tapu Koko, L78|237\/237\n|-fieldstart|move: Electric Terrain|[from] ability: Electric Surge|[of] p2a: Tapu Koko\n|switch|p1a: Skuntank|Skuntank, L85, F|314\/314\n|\n|upkeep\n|turn|6\n|\n|t:|1658530840\n|switch|p2a: Escavalier|Escavalier, L84, F|156\/255\n|move|p1a: Skuntank|Poison Jab|p2a: Escavalier\n|-immune|p2a: Escavalier\n|\n|-heal|p2a: Escavalier|171\/255|[from] item: Leftovers\n|upkeep\n|turn|7\n|\n|t:|1658530849\n|switch|p1a: Rotom|Rotom-Mow, L86|226\/226\n|move|p2a: Escavalier|Drill Run|p1a: Rotom\n|-immune|p1a: Rotom|[from] ability: Levitate\n|\n|-heal|p2a: Escavalier|186\/255|[from] item: Leftovers\n|upkeep\n|turn|8\n|\n|t:|1658530855\n|move|p1a: Rotom|Will-O-Wisp|p2a: Escavalier\n|-status|p2a: Escavalier|brn\n|move|p2a: Escavalier|Megahorn|p1a: Rotom\n|-supereffective|p1a: Rotom\n|-damage|p1a: Rotom|85\/226\n|\n|-heal|p1a: Rotom|99\/226|[from] item: Leftovers\n|-heal|p2a: Escavalier|201\/255 brn|[from] item: Leftovers\n|-damage|p2a: Escavalier|186\/255 brn|[from] brn\n|upkeep\n|turn|9\n|\n|t:|1658530861\n|switch|p1a: Turtonator|Turtonator, L84, M|195\/238\n|move|p2a: Escavalier|Drill Run|p1a: Turtonator\n|-supereffective|p1a: Turtonator\n|-damage|p1a: Turtonator|142\/238\n|\n|-heal|p2a: Escavalier|201\/255 brn|[from] item: Leftovers\n|-damage|p2a: Escavalier|186\/255 brn|[from] brn\n|-fieldend|move: Electric Terrain\n|upkeep\n|turn|10\n|\n|t:|1658530867\n|move|p1a: Turtonator|Fire Blast|p2a: Escavalier\n|-supereffective|p2a: Escavalier\n|-damage|p2a: Escavalier|0 fnt\n|faint|p2a: Escavalier\n|\n|upkeep\n|\n|t:|1658530879\n|switch|p2a: Tyranitar|Tyranitar, L78, M|284\/284\n|-weather|Sandstorm|[from] ability: Sand Stream|[of] p2a: Tyranitar\n|turn|11\n|\n|t:|1658530883\n|switch|p1a: Terrakion|Terrakion, L78|243\/270\n|move|p2a: Tyranitar|Stealth Rock|p1a: Terrakion\n|-sidestart|p1: himynametay|move: Stealth Rock\n|\n|-weather|Sandstorm|[upkeep]\n|upkeep\n|turn|12\n|\n|t:|1658530906\n|move|p1a: Terrakion|Stone Edge|p2a: Tyranitar|[miss]\n|-miss|p1a: Terrakion|p2a: Tyranitar\n|move|p2a: Tyranitar|Earthquake|p1a: Terrakion\n|-supereffective|p1a: Terrakion\n|-damage|p1a: Terrakion|61\/270\n|\n|-weather|Sandstorm|[upkeep]\n|upkeep\n|turn|13\n|\n|t:|1658530914\n|switch|p2a: Spectrier|Spectrier, L74|270\/270\n|move|p1a: Terrakion|Stone Edge|p2a: Spectrier\n|-damage|p2a: Spectrier|31\/270\n|-damage|p1a: Terrakion|34\/270|[from] item: Life Orb\n|\n|-weather|Sandstorm|[upkeep]\n|-damage|p2a: Spectrier|15\/270|[from] Sandstorm\n|-heal|p2a: Spectrier|31\/270|[from] item: Leftovers\n|upkeep\n|turn|14\n|\n|t:|1658530919\n|switch|p1a: Skuntank|Skuntank, L85, F|314\/314\n|-damage|p1a: Skuntank|275\/314|[from] Stealth Rock\n|move|p2a: Spectrier|Shadow Ball|p1a: Skuntank\n|-resisted|p1a: Skuntank\n|-damage|p1a: Skuntank|221\/314\n|\n|-weather|Sandstorm|[upkeep]\n|-damage|p2a: Spectrier|15\/270|[from] Sandstorm\n|-damage|p1a: Skuntank|202\/314|[from] Sandstorm\n|-heal|p2a: Spectrier|31\/270|[from] item: Leftovers\n|-heal|p1a: Skuntank|221\/314|[from] item: Black Sludge\n|upkeep\n|turn|15\n|\n|t:|1658530925\n|switch|p2a: Tyranitar|Tyranitar, L78, M|284\/284\n|move|p1a: Skuntank|Poison Jab|p2a: Tyranitar\n|-resisted|p2a: Tyranitar\n|-damage|p2a: Tyranitar|248\/284\n|\n|-weather|none\n|-heal|p1a: Skuntank|240\/314|[from] item: Black Sludge\n|-heal|p2a: Tyranitar|265\/284|[from] item: Leftovers\n|upkeep\n|turn|16\n|\n|t:|1658530929\n|move|p1a: Skuntank|Toxic|p2a: Tyranitar\n|-status|p2a: Tyranitar|tox\n|move|p2a: Tyranitar|Earthquake|p1a: Skuntank\n|-supereffective|p1a: Skuntank\n|-damage|p1a: Skuntank|32\/314\n|\n|-heal|p1a: Skuntank|51\/314|[from] item: Black Sludge\n|-heal|p2a: Tyranitar|282\/284 tox|[from] item: Leftovers\n|-damage|p2a: Tyranitar|265\/284 tox|[from] psn\n|upkeep\n|turn|17\n|\n|t:|1658530934\n|switch|p1a: Rotom|Rotom-Mow, L86|99\/226\n|-damage|p1a: Rotom|71\/226|[from] Stealth Rock\n|move|p2a: Tyranitar|Earthquake|p1a: Rotom\n|-immune|p1a: Rotom|[from] ability: Levitate\n|\n|-heal|p1a: Rotom|85\/226|[from] item: Leftovers\n|-heal|p2a: Tyranitar|282\/284 tox|[from] item: Leftovers\n|-damage|p2a: Tyranitar|248\/284 tox|[from] psn\n|upkeep\n|turn|18\n|\n|t:|1658530942\n|move|p1a: Rotom|Leaf Storm|p2a: Tyranitar\n|-supereffective|p2a: Tyranitar\n|-damage|p2a: Tyranitar|0 fnt\n|-unboost|p1a: Rotom|spa|2\n|faint|p2a: Tyranitar\n|\n|-heal|p1a: Rotom|99\/226|[from] item: Leftovers\n|upkeep\n|\n|t:|1658530952\n|switch|p2a: Swoobat|Swoobat, L86, M|255\/255\n|turn|19\n|\n|t:|1658530969\n|switch|p1a: Giratina|Giratina, L74|344\/344\n|-damage|p1a: Giratina|301\/344|[from] Stealth Rock\n|-ability|p1a: Giratina|Pressure\n|move|p2a: Swoobat|Calm Mind|p2a: Swoobat\n|-boost|p2a: Swoobat|spa|2\n|-boost|p2a: Swoobat|spd|2\n|\n|-heal|p1a: Giratina|322\/344|[from] item: Leftovers\n|upkeep\n|turn|20\n|\n|t:|1658530988\n|-start|p2a: Swoobat|Dynamax|\n|-heal|p2a: Swoobat|510\/510|[silent]\n|move|p2a: Swoobat|Max Mindstorm|p1a: Giratina\n|-damage|p1a: Giratina|99\/344\n|-fieldstart|move: Psychic Terrain\n|move|p1a: Giratina|Toxic|p2a: Swoobat\n|-status|p2a: Swoobat|tox\n|\n|-heal|p1a: Giratina|120\/344|[from] item: Leftovers\n|-damage|p2a: Swoobat|495\/510 tox|[from] psn\n|upkeep\n|turn|21\n|inactive|himynametay has 120 seconds left.\n|\n|t:|1658531038\n|switch|p1a: Turtonator|Turtonator, L84, M|142\/238\n|move|p2a: Swoobat|Max Flare|p1a: Turtonator\n|-resisted|p1a: Turtonator\n|-damage|p1a: Turtonator|99\/238\n|-weather|SunnyDay\n|\n|-weather|SunnyDay|[upkeep]\n|-damage|p2a: Swoobat|465\/510 tox|[from] psn\n|upkeep\n|turn|22\n|\n|t:|1658531046\n|switch|p1a: Skuntank|Skuntank, L85, F|51\/314\n|-damage|p1a: Skuntank|12\/314|[from] Stealth Rock\n|move|p2a: Swoobat|Max Mindstorm|p1a: Skuntank\n|-immune|p1a: Skuntank\n|\n|-weather|SunnyDay|[upkeep]\n|-heal|p1a: Skuntank|31\/314|[from] item: Black Sludge\n|-damage|p2a: Swoobat|420\/510 tox|[from] psn\n|upkeep\n|-end|p2a: Swoobat|Dynamax\n|-heal|p2a: Swoobat|210\/255 tox|[silent]\n|turn|23\n|\n|t:|1658531052\n|move|p1a: Skuntank|Sucker Punch|p2a: Swoobat\n|-hint|Psychic Terrain doesn't affect Pok\u00e9mon immune to Ground.\n|-supereffective|p2a: Swoobat\n|-damage|p2a: Swoobat|12\/255 tox\n|move|p2a: Swoobat|Heat Wave|p1a: Skuntank\n|-damage|p1a: Skuntank|0 fnt\n|faint|p1a: Skuntank\n|\n|-weather|SunnyDay|[upkeep]\n|-damage|p2a: Swoobat|0 fnt|[from] psn\n|faint|p2a: Swoobat\n|upkeep\n|inactive|himynametay has 120 seconds left.\n|\n|t:|1658531073\n|switch|p2a: Tapu Koko|Tapu Koko, L78|237\/237\n|switch|p1a: Galvantula|Galvantula, L82, F|249\/249\n|-fieldstart|move: Electric Terrain|[from] ability: Electric Surge|[of] p2a: Tapu Koko\n|turn|24\n|\n|t:|1658531080\n|move|p2a: Tapu Koko|Calm Mind|p2a: Tapu Koko\n|-boost|p2a: Tapu Koko|spa|1\n|-boost|p2a: Tapu Koko|spd|1\n|move|p1a: Galvantula|Sticky Web|p2a: Tapu Koko\n|-sidestart|p2: pokemon battler 69|move: Sticky Web\n|\n|-weather|SunnyDay|[upkeep]\n|upkeep\n|turn|25\n|inactive|himynametay has 120 seconds left.\n|\n|t:|1658531089\n|-start|p1a: Galvantula|Dynamax|\n|-heal|p1a: Galvantula|498\/498|[silent]\n|move|p2a: Tapu Koko|Calm Mind|p2a: Tapu Koko\n|-boost|p2a: Tapu Koko|spa|1\n|-boost|p2a: Tapu Koko|spd|1\n|move|p1a: Galvantula|Max Lightning|p2a: Tapu Koko\n|-resisted|p2a: Tapu Koko\n|-crit|p2a: Tapu Koko\n|-damage|p2a: Tapu Koko|63\/237\n|\n|-weather|none\n|upkeep\n|turn|26\n|\n|t:|1658531105\n|move|p2a: Tapu Koko|Calm Mind|p2a: Tapu Koko\n|-boost|p2a: Tapu Koko|spa|1\n|-boost|p2a: Tapu Koko|spd|1\n|move|p1a: Galvantula|Max Lightning|p2a: Tapu Koko\n|-resisted|p2a: Tapu Koko\n|-damage|p2a: Tapu Koko|20\/237\n|\n|upkeep\n|turn|27\n|\n|t:|1658531108\n|move|p2a: Tapu Koko|Dazzling Gleam|p1a: Galvantula\n|-crit|p1a: Galvantula\n|-damage|p1a: Galvantula|37\/498\n|-damage|p2a: Tapu Koko|0 fnt|[from] item: Life Orb\n|faint|p2a: Tapu Koko\n|move|p1a: Galvantula|Max Lightning|p2: Tapu Koko|[notarget]\n|-fail|p1a: Galvantula\n|\n|upkeep\n|-message|pokemon battler 69 forfeited.\n|\n|win|himynametay\n|raw|himynametay's rating: 1758 &rarr; <strong>1778<\/strong><br \/>(+20 for winning)\n|raw|pokemon battler 69's rating: 1756 &rarr; <strong>1736<\/strong><br \/>(-20 for losing)\n|l|\u2606pokemon battler 69\n||Ladder isn't responding, score probably updated but might not have (Request timeout).\n","inputlog":">version 33a722e82dfdefe5f98cdcaab412ac0b95804dea\n>start {\"formatid\":\"gen8randombattle\",\"seed\":[7816,28785,16208,25120],\"rated\":\"Rated battle\"}\n>player p1 {\"name\":\"himynametay\",\"avatar\":\"elesa\",\"rating\":1738,\"seed\":[61381,63723,22762,42826]}\n>player p2 {\"name\":\"pokemon battler 69\",\"avatar\":\"101\",\"rating\":1756,\"seed\":[23951,15684,62502,44995]}\n>p1 move stoneedge\n>p2 switch 6\n>p1 switch 3\n>p2 move ironhead\n>p1 move willowisp\n>p2 switch 3\n>p1 move dracometeor\n>p2 move toxic\n>p1 switch 4\n>p2 switch 4\n>p1 move poisonjab\n>p2 switch 3\n>p1 switch 5\n>p2 move drillrun\n>p1 move willowisp\n>p2 move megahorn\n>p1 switch 4\n>p2 move drillrun\n>p1 move fireblast\n>p2 move drillrun\n>p2 switch 5\n>p1 switch 3\n>p2 move stealthrock\n>p1 move stoneedge\n>p2 move earthquake\n>p1 move stoneedge\n>p2 switch 2\n>p1 switch 5\n>p2 move shadowball\n>p1 move poisonjab\n>p2 switch 2\n>p1 move toxic\n>p2 move earthquake\n>p1 switch 4\n>p2 move earthquake\n>p1 move leafstorm\n>p2 move crunch\n>p2 switch 6\n>p1 switch 6\n>p2 move calmmind\n>p1 move toxic\n>p2 move storedpower dynamax\n>p1 switch 3\n>p2 move heatwave dynamax\n>p1 switch 4\n>p2 move storedpower dynamax\n>p1 move suckerpunch\n>p2 move heatwave\n>p1 switch 2\n>p2 switch 3\n>p1 move stickyweb\n>p2 move calmmind\n>p1 move thunder dynamax\n>p2 move calmmind\n>p1 move thunder dynamax\n>p2 move calmmind\n>p1 move thunder dynamax\n>p2 move dazzlinggleam\n>forcelose p2","uploadtime":1658531132,"views":3,"p1id":"himynametay","p2id":"pokemonbattler69","formatid":"gen8randombattle","rating":1736,"private":0,"password":null}