{"id":"gen8ou-1218397402","p1":"glaed13","p2":"OrangeRackets","format":"gen8ou","log":"|j|\u2606glaed13\n|j|\u2606OrangeRackets\n|t:|1604731737\n|player|p1|glaed13|cheren-gen5bw2|1396\n|player|p2|OrangeRackets|1|1350\n|teamsize|p1|6\n|teamsize|p2|6\n|gametype|singles\n|gen|8\n|tier|[Gen 8] OU\n|rated|\n|clearpoke\n|poke|p1|Blaziken, M|\n|poke|p1|Klefki, F|\n|poke|p1|Blastoise, M|\n|poke|p1|Zapdos-Galar|\n|poke|p1|Zeraora|\n|poke|p1|Garchomp, M|\n|poke|p2|Tapu Koko|\n|poke|p2|Grimmsnarl, M|\n|poke|p2|Magearna|\n|poke|p2|Kyurem-Black|\n|poke|p2|Zygarde|\n|poke|p2|Melmetal|\n|rule|Sleep Clause Mod: Limit one foe put to sleep\n|rule|Species Clause: Limit one of each Pok\u00e9mon\n|rule|OHKO Clause: OHKO moves are banned\n|rule|Evasion Moves Clause: Evasion moves are banned\n|rule|Endless Battle Clause: Forcing endless battles is banned\n|rule|HP Percentage Mod: HP is shown in percentages\n|rule|Dynamax Clause: You cannot dynamax\n|teampreview\n|inactive|Battle timer is ON: inactive players will automatically lose when time's up. (requested by glaed13)\n|\n|t:|1604731766\n|start\n|switch|p1a: Klefki|Klefki, F, shiny|100\/100\n|switch|p2a: Grimmsnarl|Grimmsnarl, M|100\/100\n|turn|1\n|\n|t:|1604731774\n|move|p1a: Klefki|Reflect|p1a: Klefki\n|-sidestart|p1: glaed13|Reflect\n|move|p2a: Grimmsnarl|Taunt|p1a: Klefki\n|-start|p1a: Klefki|move: Taunt\n|\n|upkeep\n|turn|2\n|\n|t:|1604731790\n|switch|p1a: Blaziken|Blaziken, M|100\/100\n|move|p2a: Grimmsnarl|Spirit Break|p1a: Blaziken\n|-damage|p1a: Blaziken|79\/100\n|-unboost|p1a: Blaziken|spa|1\n|\n|upkeep\n|turn|3\n|\n|t:|1604731800\n|move|p2a: Grimmsnarl|Taunt|p1a: Blaziken\n|-start|p1a: Blaziken|move: Taunt\n|move|p1a: Blaziken|High Jump Kick|p2a: Grimmsnarl\n|-damage|p2a: Grimmsnarl|19\/100\n|\n|-ability|p1a: Blaziken|Speed Boost|boost\n|-boost|p1a: Blaziken|spe|1\n|upkeep\n|turn|4\n|\n|t:|1604731813\n|switch|p1a: Klefki|Klefki, F, shiny|100\/100\n|move|p2a: Grimmsnarl|Reflect|p2a: Grimmsnarl\n|-sidestart|p2: OrangeRackets|Reflect\n|\n|upkeep\n|turn|5\n|\n|t:|1604731823\n|move|p1a: Klefki|Light Screen|p1a: Klefki\n|-sidestart|p1: glaed13|move: Light Screen\n|move|p2a: Grimmsnarl|Spirit Break|p1a: Klefki\n|-resisted|p1a: Klefki\n|-damage|p1a: Klefki|93\/100\n|-unboost|p1a: Klefki|spa|1\n|\n|upkeep\n|turn|6\n|\n|t:|1604731834\n|move|p1a: Klefki|Defog|p2a: Grimmsnarl\n|-hint|Since gen 7, Dark is immune to Prankster moves.\n|-immune|p2a: Grimmsnarl\n|move|p2a: Grimmsnarl|Light Screen|p2a: Grimmsnarl\n|-sidestart|p2: OrangeRackets|move: Light Screen\n|\n|upkeep\n|turn|7\n|\n|t:|1604731853\n|switch|p1a: Blaziken|Blaziken, M|79\/100\n|move|p2a: Grimmsnarl|Taunt|p1a: Blaziken\n|-start|p1a: Blaziken|move: Taunt\n|\n|upkeep\n|turn|8\n|\n|t:|1604731862\n|switch|p2a: Zygarde|Zygarde|100\/100\n|-ability|p2a: Zygarde|Aura Break\n|move|p1a: Blaziken|High Jump Kick|p2a: Zygarde\n|-damage|p2a: Zygarde|71\/100\n|\n|-sideend|p1: glaed13|Reflect\n|-ability|p1a: Blaziken|Speed Boost|boost\n|-boost|p1a: Blaziken|spe|1\n|upkeep\n|turn|9\n|\n|t:|1604731875\n|move|p1a: Blaziken|High Jump Kick|p2a: Zygarde\n|-damage|p2a: Zygarde|44\/100\n|move|p2a: Zygarde|Dragon Dance|p2a: Zygarde\n|-boost|p2a: Zygarde|atk|1\n|-boost|p2a: Zygarde|spe|1\n|\n|-end|p1a: Blaziken|move: Taunt\n|-ability|p1a: Blaziken|Speed Boost|boost\n|-boost|p1a: Blaziken|spe|1\n|upkeep\n|turn|10\n|\n|t:|1604731887\n|move|p2a: Zygarde|Extreme Speed|p1a: Blaziken\n|-damage|p1a: Blaziken|17\/100\n|move|p1a: Blaziken|High Jump Kick|p2a: Zygarde\n|-damage|p2a: Zygarde|16\/100\n|\n|-ability|p1a: Blaziken|Speed Boost|boost\n|-boost|p1a: Blaziken|spe|1\n|upkeep\n|turn|11\n|\n|t:|1604731900\n|switch|p1a: Klefki|Klefki, F, shiny|93\/100\n|move|p2a: Zygarde|Extreme Speed|p1a: Klefki\n|-resisted|p1a: Klefki\n|-damage|p1a: Klefki|71\/100\n|\n|-sideend|p2: OrangeRackets|Reflect\n|upkeep\n|turn|12\n|\n|t:|1604731909\n|move|p1a: Klefki|Reflect|p1a: Klefki\n|-sidestart|p1: glaed13|Reflect\n|move|p2a: Zygarde|Thousand Arrows|p1a: Klefki\n|-supereffective|p1a: Klefki\n|-damage|p1a: Klefki|5\/100\n|\n|-sideend|p1: glaed13|move: Light Screen\n|upkeep\n|turn|13\n|\n|t:|1604731921\n|move|p2a: Zygarde|Extreme Speed|p1a: Klefki\n|-resisted|p1a: Klefki\n|-damage|p1a: Klefki|0 fnt\n|faint|p1a: Klefki\n|\n|-sideend|p2: OrangeRackets|move: Light Screen\n|upkeep\n|\n|t:|1604731929\n|switch|p1a: Zeraora|Zeraora|100\/100\n|turn|14\n|\n|t:|1604731933\n|move|p1a: Zeraora|Fake Out|p2a: Zygarde\n|-damage|p2a: Zygarde|6\/100\n|cant|p2a: Zygarde|flinch\n|\n|upkeep\n|turn|15\n|\n|t:|1604731939\n|switch|p1a: Blaziken|Blaziken, M|17\/100\n|move|p2a: Zygarde|Thousand Arrows|p1a: Blaziken\n|-supereffective|p1a: Blaziken\n|-damage|p1a: Blaziken|0 fnt\n|faint|p1a: Blaziken\n|\n|upkeep\n|\n|t:|1604731948\n|switch|p1a: Zeraora|Zeraora|100\/100\n|turn|16\n|\n|t:|1604731951\n|move|p1a: Zeraora|Fake Out|p2a: Zygarde\n|-damage|p2a: Zygarde|0 fnt\n|faint|p2a: Zygarde\n|\n|upkeep\n|\n|t:|1604731969\n|switch|p2a: Grimmsnarl|Grimmsnarl, M|19\/100\n|turn|17\n|\n|t:|1604731978\n|move|p2a: Grimmsnarl|Reflect|p2a: Grimmsnarl\n|-sidestart|p2: OrangeRackets|Reflect\n|move|p1a: Zeraora|Plasma Fists|p2a: Grimmsnarl\n|-damage|p2a: Grimmsnarl|0 fnt\n|-fieldactivate|move: Ion Deluge\n|faint|p2a: Grimmsnarl\n|\n|upkeep\n|\n|t:|1604732001\n|switch|p2a: Magearna|Magearna|100\/100\n|turn|18\n|\n|t:|1604732011\n|switch|p1a: Garchomp|Garchomp, M|100\/100\n|move|p2a: Magearna|Shift Gear|p2a: Magearna\n|-boost|p2a: Magearna|spe|2\n|-boost|p2a: Magearna|atk|1\n|\n|upkeep\n|turn|19\n|\n|t:|1604732018\n|move|p2a: Magearna|Calm Mind|p2a: Magearna\n|-boost|p2a: Magearna|spa|1\n|-boost|p2a: Magearna|spd|1\n|move|p1a: Garchomp|Earthquake|p2a: Magearna\n|-supereffective|p2a: Magearna\n|-damage|p2a: Magearna|40\/100\n|-enditem|p2a: Magearna|Weakness Policy\n|-boost|p2a: Magearna|atk|2|[from] item: Weakness Policy\n|-boost|p2a: Magearna|spa|2|[from] item: Weakness Policy\n|\n|-sideend|p1: glaed13|Reflect\n|upkeep\n|turn|20\n|\n|t:|1604732029\n|move|p2a: Magearna|Draining Kiss|p1a: Garchomp\n|-supereffective|p1a: Garchomp\n|-damage|p1a: Garchomp|0 fnt\n|-heal|p2a: Magearna|100\/100|[from] drain|[of] p1a: Garchomp\n|-damage|p2a: Magearna|88\/100|[from] ability: Rough Skin|[of] p1a: Garchomp\n|faint|p1a: Garchomp\n|-ability|p2a: Magearna|Soul-Heart|boost\n|-boost|p2a: Magearna|spa|1\n|\n|upkeep\n|\n|t:|1604732046\n|switch|p1a: Blastoise|Blastoise, M|100\/100\n|turn|21\n|\n|t:|1604732051\n|move|p2a: Magearna|Stored Power|p1a: Blastoise\n|-damage|p1a: Blastoise|0 fnt\n|faint|p1a: Blastoise\n|-ability|p2a: Magearna|Soul-Heart|boost\n|-boost|p2a: Magearna|spa|1\n|\n|upkeep\n|\n|t:|1604732060\n|switch|p1a: Zapdos|Zapdos-Galar|100\/100\n|turn|22\n|\n|t:|1604732064\n|move|p2a: Magearna|Draining Kiss|p1a: Zapdos\n|-supereffective|p1a: Zapdos\n|-damage|p1a: Zapdos|0 fnt\n|-heal|p2a: Magearna|100\/100|[from] drain|[of] p1a: Zapdos\n|faint|p1a: Zapdos\n|-ability|p2a: Magearna|Soul-Heart|boost\n|-boost|p2a: Magearna|spa|1\n|\n|upkeep\n|\n|t:|1604732072\n|switch|p1a: Zeraora|Zeraora|100\/100\n|turn|23\n|\n|t:|1604732075\n|move|p1a: Zeraora|Fake Out|p2a: Magearna\n|-resisted|p2a: Magearna\n|-damage|p2a: Magearna|97\/100\n|cant|p2a: Magearna|flinch\n|\n|upkeep\n|turn|24\n|\n|t:|1604732083\n|move|p2a: Magearna|Stored Power|p1a: Zeraora\n|-damage|p1a: Zeraora|0 fnt\n|faint|p1a: Zeraora\n|\n|win|OrangeRackets\n|raw|glaed13's rating: 1396 &rarr; <strong>1374<\/strong><br \/>(-22 for losing)\n|raw|OrangeRackets's rating: 1350 &rarr; <strong>1373<\/strong><br \/>(+23 for winning)\n|c|\u2606OrangeRackets|gg\n|l|\u2606glaed13\n","uploadtime":1604732143,"views":12,"p1id":"glaed13","p2id":"orangerackets","formatid":"gen8ou","rating":1373,"private":0,"password":null}