{"id":"gen8ou-1449835049","p1":"kokoukohiro","p2":"Super Memeio","format":"gen8ou","log":"|j|\u2606kokoukohiro\n|j|\u2606Super Memeio\n|t:|1636197717\n|gametype|singles\n|player|p1|kokoukohiro|dawn|1506\n|player|p2|Super Memeio|lucas|1486\n|teamsize|p1|6\n|teamsize|p2|6\n|gen|8\n|tier|[Gen 8] OU\n|rated|\n|rule|Sleep Clause Mod: Limit one foe put to sleep\n|rule|Species Clause: Limit one of each Pok\u00e9mon\n|rule|OHKO Clause: OHKO moves are banned\n|rule|Evasion Moves Clause: Evasion moves are banned\n|rule|Endless Battle Clause: Forcing endless battles is banned\n|rule|HP Percentage Mod: HP is shown in percentages\n|rule|Dynamax Clause: You cannot dynamax\n|clearpoke\n|poke|p1|Jirachi|\n|poke|p1|Chansey, F|\n|poke|p1|Quagsire, F|\n|poke|p1|Clefable, M|\n|poke|p1|Toxapex, F|\n|poke|p1|Mandibuzz, F|\n|poke|p2|Darmanitan, F|\n|poke|p2|Dragonite, M|\n|poke|p2|Zoroark, M|\n|poke|p2|Clefable, M|\n|poke|p2|Regieleki|\n|poke|p2|Buzzwole|\n|teampreview\n|\n|t:|1636197730\n|start\n|switch|p1a: Chansey|Chansey, F|100\/100\n|switch|p2a: Darmanitan|Darmanitan, F|100\/100\n|turn|1\n|inactive|Battle timer is ON: inactive players will automatically lose when time's up. (requested by kokoukohiro)\n|\n|t:|1636197736\n|switch|p1a: Toxapex|Toxapex, F|100\/100\n|move|p2a: Darmanitan|U-turn|p1a: Toxapex\n|-resisted|p1a: Toxapex\n|-damage|p1a: Toxapex|92\/100\n|\n|t:|1636197744\n|switch|p2a: Regieleki|Regieleki|100\/100|[from]move: U-turn\n|\n|-heal|p1a: Toxapex|99\/100|[from] item: Black Sludge\n|upkeep\n|turn|2\n|\n|t:|1636197751\n|switch|p1a: Chansey|Chansey, F|100\/100\n|move|p2a: Regieleki|Nasty Plot|p2a: Regieleki\n|-boost|p2a: Regieleki|spa|2\n|\n|upkeep\n|turn|3\n|\n|t:|1636197759\n|move|p2a: Regieleki|Dark Pulse|p1a: Chansey\n|-damage|p1a: Chansey|75\/100\n|cant|p1a: Chansey|flinch\n|\n|upkeep\n|turn|4\n|\n|t:|1636197766\n|move|p2a: Regieleki|Dark Pulse|p1a: Chansey\n|-damage|p1a: Chansey|51\/100\n|cant|p1a: Chansey|flinch\n|\n|upkeep\n|turn|5\n|\n|t:|1636197772\n|move|p2a: Regieleki|Dark Pulse|p1a: Chansey\n|-damage|p1a: Chansey|27\/100\n|move|p1a: Chansey|Soft-Boiled|p1a: Chansey\n|-heal|p1a: Chansey|77\/100\n|\n|upkeep\n|turn|6\n|\n|t:|1636197779\n|move|p2a: Regieleki|Dark Pulse|p1a: Chansey\n|-damage|p1a: Chansey|52\/100\n|cant|p1a: Chansey|flinch\n|\n|upkeep\n|turn|7\n|\n|t:|1636197785\n|move|p2a: Regieleki|Nasty Plot|p2a: Regieleki\n|-boost|p2a: Regieleki|spa|2\n|move|p1a: Chansey|Soft-Boiled|p1a: Chansey\n|-heal|p1a: Chansey|100\/100\n|\n|upkeep\n|turn|8\n|\n|t:|1636197791\n|switch|p1a: Clefable|Clefable, M|100\/100\n|move|p2a: Regieleki|Dark Pulse|p1a: Clefable\n|-resisted|p1a: Clefable\n|-damage|p1a: Clefable|86\/100\n|\n|-heal|p1a: Clefable|92\/100|[from] item: Leftovers\n|upkeep\n|turn|9\n|\n|t:|1636197800\n|move|p2a: Regieleki|Sludge Bomb|p1a: Clefable\n|-supereffective|p1a: Clefable\n|-damage|p1a: Clefable|53\/100\n|move|p1a: Clefable|Stealth Rock|p2a: Regieleki\n|-sidestart|p2: Super Memeio|move: Stealth Rock\n|\n|-heal|p1a: Clefable|59\/100|[from] item: Leftovers\n|upkeep\n|turn|10\n|\n|t:|1636197808\n|move|p2a: Regieleki|Sludge Bomb|p1a: Clefable\n|-supereffective|p1a: Clefable\n|-damage|p1a: Clefable|15\/100\n|move|p1a: Clefable|Soft-Boiled|p1a: Clefable\n|-heal|p1a: Clefable|65\/100\n|\n|-heal|p1a: Clefable|72\/100|[from] item: Leftovers\n|upkeep\n|turn|11\n|\n|t:|1636197817\n|move|p2a: Regieleki|Sludge Bomb|p1a: Clefable\n|-supereffective|p1a: Clefable\n|-damage|p1a: Clefable|32\/100\n|move|p1a: Clefable|Soft-Boiled|p1a: Clefable\n|-heal|p1a: Clefable|82\/100\n|\n|-heal|p1a: Clefable|88\/100|[from] item: Leftovers\n|upkeep\n|turn|12\n|\n|t:|1636197825\n|move|p2a: Regieleki|Sludge Bomb|p1a: Clefable\n|-supereffective|p1a: Clefable\n|-damage|p1a: Clefable|45\/100\n|-status|p1a: Clefable|psn\n|move|p1a: Clefable|Calm Mind|p1a: Clefable\n|-boost|p1a: Clefable|spa|1\n|-boost|p1a: Clefable|spd|1\n|\n|-heal|p1a: Clefable|51\/100 psn|[from] item: Leftovers\n|-damage|p1a: Clefable|39\/100 psn|[from] psn\n|upkeep\n|turn|13\n|\n|t:|1636197836\n|switch|p2a: Clefable|Clefable, M|100\/100\n|-damage|p2a: Clefable|88\/100|[from] Stealth Rock\n|move|p1a: Clefable|Soft-Boiled|p1a: Clefable\n|-heal|p1a: Clefable|89\/100 psn\n|\n|-heal|p2a: Clefable|94\/100|[from] item: Leftovers\n|-heal|p1a: Clefable|95\/100 psn|[from] item: Leftovers\n|-damage|p1a: Clefable|82\/100 psn|[from] psn\n|upkeep\n|turn|14\n|\n|t:|1636197849\n|move|p1a: Clefable|Moonblast|p2a: Clefable\n|-damage|p2a: Clefable|63\/100\n|-unboost|p2a: Clefable|spa|1\n|move|p2a: Clefable|Calm Mind|p2a: Clefable\n|-boost|p2a: Clefable|spa|1\n|-boost|p2a: Clefable|spd|1\n|\n|-heal|p2a: Clefable|70\/100|[from] item: Leftovers\n|-heal|p1a: Clefable|88\/100 psn|[from] item: Leftovers\n|-damage|p1a: Clefable|76\/100 psn|[from] psn\n|upkeep\n|turn|15\n|\n|t:|1636197861\n|move|p2a: Clefable|Calm Mind|p2a: Clefable\n|-boost|p2a: Clefable|spa|1\n|-boost|p2a: Clefable|spd|1\n|move|p1a: Clefable|Moonblast|p2a: Clefable\n|-damage|p2a: Clefable|40\/100\n|\n|-heal|p1a: Clefable|82\/100 psn|[from] item: Leftovers\n|-heal|p2a: Clefable|46\/100|[from] item: Leftovers\n|-damage|p1a: Clefable|70\/100 psn|[from] psn\n|upkeep\n|turn|16\n|\n|t:|1636197873\n|move|p1a: Clefable|Calm Mind|p1a: Clefable\n|-boost|p1a: Clefable|spa|1\n|-boost|p1a: Clefable|spd|1\n|move|p2a: Clefable|Soft-Boiled|p2a: Clefable\n|-heal|p2a: Clefable|96\/100\n|\n|-heal|p2a: Clefable|100\/100|[from] item: Leftovers\n|-heal|p1a: Clefable|76\/100 psn|[from] item: Leftovers\n|-damage|p1a: Clefable|63\/100 psn|[from] psn\n|upkeep\n|turn|17\n|\n|t:|1636197884\n|move|p2a: Clefable|Moonblast|p1a: Clefable\n|-crit|p1a: Clefable\n|-damage|p1a: Clefable|33\/100 psn\n|move|p1a: Clefable|Soft-Boiled|p1a: Clefable\n|-heal|p1a: Clefable|83\/100 psn\n|\n|-heal|p1a: Clefable|90\/100 psn|[from] item: Leftovers\n|-damage|p1a: Clefable|77\/100 psn|[from] psn\n|upkeep\n|turn|18\n|\n|t:|1636197897\n|move|p1a: Clefable|Soft-Boiled|p1a: Clefable\n|-heal|p1a: Clefable|100\/100 psn\n|move|p2a: Clefable|Calm Mind|p2a: Clefable\n|-boost|p2a: Clefable|spa|1\n|-boost|p2a: Clefable|spd|1\n|\n|-damage|p1a: Clefable|88\/100 psn|[from] psn\n|upkeep\n|turn|19\n|\n|t:|1636197905\n|move|p1a: Clefable|Moonblast|p2a: Clefable\n|-crit|p2a: Clefable\n|-damage|p2a: Clefable|60\/100\n|move|p2a: Clefable|Moonblast|p1a: Clefable\n|-damage|p1a: Clefable|68\/100 psn\n|-unboost|p1a: Clefable|spa|1\n|\n|-heal|p2a: Clefable|66\/100|[from] item: Leftovers\n|-heal|p1a: Clefable|74\/100 psn|[from] item: Leftovers\n|-damage|p1a: Clefable|62\/100 psn|[from] psn\n|upkeep\n|turn|20\n|\n|t:|1636197917\n|move|p2a: Clefable|Moonblast|p1a: Clefable\n|-damage|p1a: Clefable|40\/100 psn\n|move|p1a: Clefable|Moonblast|p2a: Clefable\n|-damage|p2a: Clefable|35\/100\n|-unboost|p2a: Clefable|spa|1\n|\n|-heal|p2a: Clefable|41\/100|[from] item: Leftovers\n|-heal|p1a: Clefable|46\/100 psn|[from] item: Leftovers\n|-damage|p1a: Clefable|34\/100 psn|[from] psn\n|upkeep\n|turn|21\n|\n|t:|1636197930\n|move|p2a: Clefable|Soft-Boiled|p2a: Clefable\n|-heal|p2a: Clefable|91\/100\n|move|p1a: Clefable|Soft-Boiled|p1a: Clefable\n|-heal|p1a: Clefable|84\/100 psn\n|\n|-heal|p2a: Clefable|97\/100|[from] item: Leftovers\n|-heal|p1a: Clefable|90\/100 psn|[from] item: Leftovers\n|-damage|p1a: Clefable|77\/100 psn|[from] psn\n|upkeep\n|turn|22\n|\n|t:|1636197943\n|move|p2a: Clefable|Moonblast|p1a: Clefable\n|-damage|p1a: Clefable|56\/100 psn\n|-unboost|p1a: Clefable|spa|1\n|move|p1a: Clefable|Calm Mind|p1a: Clefable\n|-boost|p1a: Clefable|spa|1\n|-boost|p1a: Clefable|spd|1\n|\n|-heal|p1a: Clefable|62\/100 psn|[from] item: Leftovers\n|-heal|p2a: Clefable|100\/100|[from] item: Leftovers\n|-damage|p1a: Clefable|50\/100 psn|[from] psn\n|upkeep\n|turn|23\n|\n|t:|1636197955\n|move|p1a: Clefable|Soft-Boiled|p1a: Clefable\n|-heal|p1a: Clefable|99\/100 psn\n|move|p2a: Clefable|Calm Mind|p2a: Clefable\n|-boost|p2a: Clefable|spa|1\n|-boost|p2a: Clefable|spd|1\n|\n|-heal|p1a: Clefable|100\/100 psn|[from] item: Leftovers\n|-damage|p1a: Clefable|88\/100 psn|[from] psn\n|upkeep\n|turn|24\n|\n|t:|1636197964\n|move|p1a: Clefable|Calm Mind|p1a: Clefable\n|-boost|p1a: Clefable|spa|1\n|-boost|p1a: Clefable|spd|1\n|move|p2a: Clefable|Moonblast|p1a: Clefable\n|-damage|p1a: Clefable|68\/100 psn\n|\n|-heal|p1a: Clefable|74\/100 psn|[from] item: Leftovers\n|-damage|p1a: Clefable|62\/100 psn|[from] psn\n|upkeep\n|turn|25\n|\n|t:|1636197974\n|move|p1a: Clefable|Soft-Boiled|p1a: Clefable\n|-heal|p1a: Clefable|100\/100 psn\n|move|p2a: Clefable|Moonblast|p1a: Clefable\n|-damage|p1a: Clefable|81\/100 psn\n|\n|-heal|p1a: Clefable|87\/100 psn|[from] item: Leftovers\n|-damage|p1a: Clefable|74\/100 psn|[from] psn\n|upkeep\n|turn|26\n|\n|t:|1636197988\n|move|p2a: Clefable|Moonblast|p1a: Clefable\n|-damage|p1a: Clefable|52\/100 psn\n|-unboost|p1a: Clefable|spa|1\n|move|p1a: Clefable|Calm Mind|p1a: Clefable\n|-boost|p1a: Clefable|spa|1\n|-boost|p1a: Clefable|spd|1\n|\n|-heal|p1a: Clefable|58\/100 psn|[from] item: Leftovers\n|-damage|p1a: Clefable|46\/100 psn|[from] psn\n|upkeep\n|turn|27\n|\n|t:|1636198000\n|move|p1a: Clefable|Soft-Boiled|p1a: Clefable\n|-heal|p1a: Clefable|96\/100 psn\n|move|p2a: Clefable|Calm Mind|p2a: Clefable\n|-boost|p2a: Clefable|spa|1\n|-boost|p2a: Clefable|spd|1\n|\n|-heal|p1a: Clefable|100\/100 psn|[from] item: Leftovers\n|-damage|p1a: Clefable|88\/100 psn|[from] psn\n|upkeep\n|turn|28\n|\n|t:|1636198009\n|move|p2a: Clefable|Moonblast|p1a: Clefable\n|-damage|p1a: Clefable|68\/100 psn\n|move|p1a: Clefable|Moonblast|p2a: Clefable\n|-damage|p2a: Clefable|73\/100\n|\n|-heal|p1a: Clefable|74\/100 psn|[from] item: Leftovers\n|-heal|p2a: Clefable|79\/100|[from] item: Leftovers\n|-damage|p1a: Clefable|62\/100 psn|[from] psn\n|upkeep\n|turn|29\n|\n|t:|1636198025\n|move|p2a: Clefable|Moonblast|p1a: Clefable\n|-crit|p1a: Clefable\n|-damage|p1a: Clefable|30\/100 psn\n|move|p1a: Clefable|Soft-Boiled|p1a: Clefable\n|-heal|p1a: Clefable|80\/100 psn\n|\n|-heal|p1a: Clefable|87\/100 psn|[from] item: Leftovers\n|-heal|p2a: Clefable|85\/100|[from] item: Leftovers\n|-damage|p1a: Clefable|74\/100 psn|[from] psn\n|upkeep\n|turn|30\n|\n|t:|1636198036\n|switch|p1a: Jirachi|Jirachi|100\/100\n|move|p2a: Clefable|Moonblast|p1a: Jirachi\n|-resisted|p1a: Jirachi\n|-damage|p1a: Jirachi|78\/100\n|\n|-heal|p1a: Jirachi|84\/100|[from] item: Leftovers\n|-heal|p2a: Clefable|91\/100|[from] item: Leftovers\n|upkeep\n|turn|31\n|\n|t:|1636198046\n|move|p1a: Jirachi|Iron Head|p2a: Clefable\n|-supereffective|p2a: Clefable\n|-damage|p2a: Clefable|49\/100\n|move|p2a: Clefable|Flamethrower|p1a: Jirachi\n|-supereffective|p1a: Jirachi\n|-damage|p1a: Jirachi|21\/100\n|\n|-heal|p1a: Jirachi|27\/100|[from] item: Leftovers\n|-heal|p2a: Clefable|56\/100|[from] item: Leftovers\n|upkeep\n|turn|32\n|\n|t:|1636198057\n|switch|p2a: Buzzwole|Buzzwole|100\/100\n|-damage|p2a: Buzzwole|88\/100|[from] Stealth Rock\n|move|p1a: Jirachi|Iron Head|p2a: Buzzwole\n|-damage|p2a: Buzzwole|72\/100\n|-damage|p1a: Jirachi|10\/100|[from] item: Rocky Helmet|[of] p2a: Buzzwole\n|\n|-heal|p1a: Jirachi|16\/100|[from] item: Leftovers\n|upkeep\n|turn|33\n|\n|t:|1636198072\n|switch|p1a: Toxapex|Toxapex, F|100\/100\n|move|p2a: Buzzwole|Rock Slide|p1a: Toxapex\n|-damage|p1a: Toxapex|82\/100\n|\n|-heal|p1a: Toxapex|88\/100|[from] item: Black Sludge\n|upkeep\n|turn|34\n|\n|t:|1636198087\n|switch|p2a: Regieleki|Regieleki|100\/100\n|move|p1a: Toxapex|Knock Off|p2a: Regieleki\n|-damage|p2a: Regieleki|64\/100\n|-enditem|p2a: Regieleki|Heavy-Duty Boots|[from] move: Knock Off|[of] p1a: Toxapex\n|\n|-heal|p1a: Toxapex|95\/100|[from] item: Black Sludge\n|upkeep\n|turn|35\n|\n|t:|1636198097\n|switch|p1a: Chansey|Chansey, F|100\/100\n|move|p2a: Regieleki|Rapid Spin|p1a: Chansey\n|-damage|p1a: Chansey|93\/100\n|-boost|p2a: Regieleki|spe|1\n|-sideend|p2: Super Memeio|Stealth Rock|[from] move: Rapid Spin|[of] p2a: Regieleki\n|\n|upkeep\n|turn|36\n|\n|t:|1636198105\n|move|p2a: Regieleki|Volt Switch|p1a: Chansey\n|-damage|p1a: Chansey|77\/100\n|\n|t:|1636198108\n|switch|p2a: Darmanitan|Darmanitan, F|100\/100|[from]move: Volt Switch\n|move|p1a: Chansey|Aromatherapy|p1a: Chansey\n|-activate|p1a: Chansey|move: Aromatherapy\n|-curestatus|p1: Clefable|psn|[msg]\n|\n|upkeep\n|turn|37\n|\n|t:|1636198120\n|switch|p1a: Toxapex|Toxapex, F|100\/100\n|move|p2a: Darmanitan|Earthquake|p1a: Toxapex\n|-supereffective|p1a: Toxapex\n|-damage|p1a: Toxapex|59\/100\n|\n|-heal|p1a: Toxapex|65\/100|[from] item: Black Sludge\n|upkeep\n|turn|38\n|\n|t:|1636198129\n|switch|p2a: Dragonite|Dragonite, M|100\/100\n|move|p1a: Toxapex|Scald|p2a: Dragonite\n|-resisted|p2a: Dragonite\n|-damage|p2a: Dragonite|96\/100\n|\n|-heal|p1a: Toxapex|72\/100|[from] item: Black Sludge\n|upkeep\n|turn|39\n|\n|t:|1636198142\n|move|p2a: Dragonite|Dragon Dance|p2a: Dragonite\n|-boost|p2a: Dragonite|atk|1\n|-boost|p2a: Dragonite|spe|1\n|move|p1a: Toxapex|Recover|p1a: Toxapex\n|-heal|p1a: Toxapex|100\/100\n|\n|upkeep\n|turn|40\n|\n|t:|1636198149\n|switch|p1a: Quagsire|Quagsire, F|100\/100\n|move|p2a: Dragonite|Earthquake|p1a: Quagsire\n|-damage|p1a: Quagsire|74\/100\n|\n|-heal|p1a: Quagsire|80\/100|[from] item: Leftovers\n|upkeep\n|turn|41\n|\n|t:|1636198157\n|move|p2a: Dragonite|Dragon Claw|p1a: Quagsire\n|-damage|p1a: Quagsire|46\/100\n|move|p1a: Quagsire|Toxic|p2a: Dragonite|[miss]\n|-miss|p1a: Quagsire|p2a: Dragonite\n|\n|-heal|p1a: Quagsire|52\/100|[from] item: Leftovers\n|upkeep\n|turn|42\n|\n|t:|1636198166\n|move|p2a: Dragonite|Dragon Claw|p1a: Quagsire\n|-damage|p1a: Quagsire|18\/100\n|move|p1a: Quagsire|Recover|p1a: Quagsire\n|-heal|p1a: Quagsire|68\/100\n|\n|-heal|p1a: Quagsire|74\/100|[from] item: Leftovers\n|upkeep\n|turn|43\n|\n|t:|1636198176\n|move|p2a: Dragonite|Dragon Claw|p1a: Quagsire\n|-damage|p1a: Quagsire|44\/100\n|move|p1a: Quagsire|Toxic|p2a: Dragonite\n|-status|p2a: Dragonite|tox\n|\n|-heal|p1a: Quagsire|50\/100|[from] item: Leftovers\n|-damage|p2a: Dragonite|90\/100 tox|[from] psn\n|upkeep\n|turn|44\n|\n|t:|1636198190\n|switch|p2a: Buzzwole|Buzzwole|100\/100\n|move|p1a: Quagsire|Recover|p1a: Quagsire\n|-heal|p1a: Quagsire|99\/100\n|\n|-heal|p1a: Quagsire|100\/100|[from] item: Leftovers\n|upkeep\n|turn|45\n|\n|t:|1636198199\n|switch|p1a: Toxapex|Toxapex, F|100\/100\n|move|p2a: Buzzwole|Nasty Plot|p2a: Buzzwole\n|-boost|p2a: Buzzwole|spa|2\n|\n|upkeep\n|turn|46\n|\n|t:|1636198208\n|move|p2a: Buzzwole|Dark Pulse|p1a: Toxapex\n|-damage|p1a: Toxapex|40\/100\n|move|p1a: Toxapex|Haze|p1a: Toxapex\n|-clearallboost\n|\n|-heal|p1a: Toxapex|47\/100|[from] item: Black Sludge\n|upkeep\n|turn|47\n|\n|t:|1636198217\n|move|p2a: Buzzwole|Dark Pulse|p1a: Toxapex\n|-damage|p1a: Toxapex|14\/100\n|move|p1a: Toxapex|Recover|p1a: Toxapex\n|-heal|p1a: Toxapex|64\/100\n|\n|-heal|p1a: Toxapex|70\/100|[from] item: Black Sludge\n|upkeep\n|turn|48\n|\n|t:|1636198227\n|move|p2a: Buzzwole|Nasty Plot|p2a: Buzzwole\n|-boost|p2a: Buzzwole|spa|2\n|move|p1a: Toxapex|Knock Off|p2a: Buzzwole\n|-resisted|p2a: Buzzwole\n|-damage|p2a: Buzzwole|86\/100\n|replace|p2a: Zoroark|Zoroark, M\n|-end|p2a: Zoroark|Illusion\n|-enditem|p2a: Zoroark|Focus Sash|[from] move: Knock Off|[of] p1a: Toxapex\n|\n|-heal|p1a: Toxapex|76\/100|[from] item: Black Sludge\n|upkeep\n|turn|49\n|\n|t:|1636198238\n|switch|p1a: Clefable|Clefable, M|74\/100\n|move|p2a: Zoroark|Dark Pulse|p1a: Clefable\n|-resisted|p1a: Clefable\n|-damage|p1a: Clefable|62\/100\n|\n|-heal|p1a: Clefable|68\/100|[from] item: Leftovers\n|upkeep\n|turn|50\n|\n|t:|1636198246\n|move|p2a: Zoroark|Sludge Bomb|p1a: Clefable\n|-supereffective|p1a: Clefable\n|-damage|p1a: Clefable|30\/100\n|move|p1a: Clefable|Stealth Rock|p2a: Zoroark\n|-sidestart|p2: Super Memeio|move: Stealth Rock\n|\n|-heal|p1a: Clefable|36\/100|[from] item: Leftovers\n|upkeep\n|turn|51\n|\n|t:|1636198264\n|switch|p1a: Chansey|Chansey, F|77\/100\n|move|p2a: Zoroark|Sludge Bomb|p1a: Chansey\n|-damage|p1a: Chansey|58\/100\n|-status|p1a: Chansey|psn\n|\n|-damage|p1a: Chansey|46\/100 psn|[from] psn\n|upkeep\n|turn|52\n|\n|t:|1636198273\n|move|p2a: Zoroark|Nasty Plot|p2a: Zoroark\n|-boost|p2a: Zoroark|spa|2\n|move|p1a: Chansey|Soft-Boiled|p1a: Chansey\n|-heal|p1a: Chansey|96\/100 psn\n|\n|-damage|p1a: Chansey|83\/100 psn|[from] psn\n|upkeep\n|turn|53\n|\n|t:|1636198282\n|-curestatus|p1a: Chansey|psn|[from] ability: Natural Cure\n|switch|p1a: Toxapex|Toxapex, F|100\/100\n|move|p2a: Zoroark|Dark Pulse|p1a: Toxapex\n|-damage|p1a: Toxapex|5\/100\n|\n|-heal|p1a: Toxapex|11\/100|[from] item: Black Sludge\n|upkeep\n|turn|54\n|-message|kokoukohiro forfeited.\n|\n|win|Super Memeio\n|raw|kokoukohiro's rating: 1506 &rarr; <strong>1485<\/strong><br \/>(-21 for losing)\n|raw|Super Memeio's rating: 1486 &rarr; <strong>1507<\/strong><br \/>(+21 for winning)\n|l|\u2606kokoukohiro\n|c|\u2606Super Memeio|Gg\n","uploadtime":1636198305,"views":18,"p1id":"kokoukohiro","p2id":"supermemeio","formatid":"gen8ou","rating":1485,"private":0,"password":null}