{"id":"gen8ou-1626335541","p1":"LT91BB Raizen","p2":"Juyen RPPLF","format":"gen8ou","log":"|raw|<div class=\"broadcast-blue\"><strong>This battle is required to be public due to a player having a name starting with 'lt91bb'.<\/div>\n|j|\u2606LT91BB Raizen\n|j|\u2606Juyen RPPLF\n|t:|1658927344\n|gametype|singles\n|player|p1|LT91BB Raizen|#raizen1704|1867\n|player|p2|Juyen RPPLF|hilbert|1901\n|teamsize|p1|6\n|teamsize|p2|6\n|gen|8\n|tier|[Gen 8] OU\n|rated|\n|rule|Sleep Clause Mod: Limit one foe put to sleep\n|rule|Species Clause: Limit one of each Pok\u00e9mon\n|rule|OHKO Clause: OHKO moves are banned\n|rule|Evasion Moves Clause: Evasion moves are banned\n|rule|Endless Battle Clause: Forcing endless battles is banned\n|rule|HP Percentage Mod: HP is shown in percentages\n|rule|Dynamax Clause: You cannot dynamax\n|clearpoke\n|poke|p1|Dragapult, M|\n|poke|p1|Zapdos|\n|poke|p1|Urshifu-*, M|\n|poke|p1|Tapu Lele|\n|poke|p1|Landorus-Therian, M|\n|poke|p1|Melmetal|\n|poke|p2|Landorus-Therian, M|\n|poke|p2|Volcarona, F|\n|poke|p2|Conkeldurr, F|\n|poke|p2|Melmetal|\n|poke|p2|Tapu Koko|\n|poke|p2|Starmie|\n|teampreview\n|inactive|Battle timer is ON: inactive players will automatically lose when time's up. (requested by LT91BB Raizen)\n|\n|t:|1658927360\n|start\n|switch|p1a: Zapdos|Zapdos, shiny|100\/100\n|switch|p2a: Starmie|Starmie|100\/100\n|turn|1\n|\n|t:|1658927366\n|switch|p2a: Landorus|Landorus-Therian, M|100\/100\n|-ability|p2a: Landorus|Intimidate|boost\n|-unboost|p1a: Zapdos|atk|1\n|move|p1a: Zapdos|Volt Switch|p2a: Landorus\n|-immune|p2a: Landorus\n|\n|upkeep\n|turn|2\n|\n|t:|1658927371\n|move|p1a: Zapdos|Hurricane|p2a: Landorus|[miss]\n|-miss|p1a: Zapdos|p2a: Landorus\n|move|p2a: Landorus|Stealth Rock|p1a: Zapdos\n|-sidestart|p1: LT91BB Raizen|move: Stealth Rock\n|\n|upkeep\n|turn|3\n|\n|t:|1658927373\n|move|p1a: Zapdos|Defog|p2a: Landorus\n|-unboost|p2a: Landorus|evasion|1\n|-sideend|p1: LT91BB Raizen|Stealth Rock|[from] move: Defog|[of] p1a: Zapdos\n|move|p2a: Landorus|Toxic|p1a: Zapdos\n|-status|p1a: Zapdos|tox\n|\n|-damage|p1a: Zapdos|94\/100 tox|[from] psn\n|upkeep\n|turn|4\n|\n|t:|1658927375\n|move|p1a: Zapdos|Hurricane|p2a: Landorus\n|-damage|p2a: Landorus|60\/100\n|-start|p2a: Landorus|confusion\n|-activate|p2a: Landorus|confusion\n|move|p2a: Landorus|Stealth Rock|p1a: Zapdos\n|-sidestart|p1: LT91BB Raizen|move: Stealth Rock\n|\n|-damage|p1a: Zapdos|82\/100 tox|[from] psn\n|upkeep\n|turn|5\n|\n|t:|1658927378\n|switch|p2a: Tapu Koko|Tapu Koko|100\/100\n|-fieldstart|move: Electric Terrain|[from] ability: Electric Surge|[of] p2a: Tapu Koko\n|move|p1a: Zapdos|Hurricane|p2a: Tapu Koko\n|-resisted|p2a: Tapu Koko\n|-damage|p2a: Tapu Koko|59\/100\n|\n|-damage|p1a: Zapdos|63\/100 tox|[from] psn\n|upkeep\n|turn|6\n|\n|t:|1658927382\n|switch|p1a: Landorus|Landorus-Therian, M, shiny|100\/100\n|-damage|p1a: Landorus|88\/100|[from] Stealth Rock\n|-ability|p1a: Landorus|Intimidate|boost\n|-unboost|p2a: Tapu Koko|atk|1\n|move|p2a: Tapu Koko|U-turn|p1a: Landorus\n|-resisted|p1a: Landorus\n|-damage|p1a: Landorus|83\/100\n|\n|t:|1658927384\n|switch|p2a: Starmie|Starmie|100\/100|[from]move: U-turn\n|\n|-heal|p1a: Landorus|89\/100|[from] item: Leftovers\n|upkeep\n|turn|7\n|\n|t:|1658927389\n|switch|p1a: Melmetal|Melmetal, shiny|100\/100\n|-damage|p1a: Melmetal|94\/100|[from] Stealth Rock\n|move|p2a: Starmie|Hydro Pump|p1a: Melmetal\n|-damage|p1a: Melmetal|36\/100\n|\n|-heal|p1a: Melmetal|42\/100|[from] item: Leftovers\n|upkeep\n|turn|8\n|\n|t:|1658927397\n|move|p1a: Melmetal|Protect|p1a: Melmetal\n|-singleturn|p1a: Melmetal|Protect\n|move|p2a: Starmie|Hydro Pump|p1a: Melmetal\n|-activate|p1a: Melmetal|move: Protect\n|\n|-heal|p1a: Melmetal|48\/100|[from] item: Leftovers\n|upkeep\n|turn|9\n|\n|t:|1658927399\n|switch|p2a: Landorus|Landorus-Therian, M|60\/100\n|-ability|p2a: Landorus|Intimidate|boost\n|-unboost|p1a: Melmetal|atk|1\n|switch|p1a: Dragapult|Dragapult, M, shiny|100\/100\n|-damage|p1a: Dragapult|88\/100|[from] Stealth Rock\n|\n|-fieldend|move: Electric Terrain\n|upkeep\n|turn|10\n|j| Chiharu haru\n|j| LT91BB AlI\n|j| LT91BB Tace\n|j| Pais\n|\n|t:|1658927403\n|move|p1a: Dragapult|Draco Meteor|p2a: Landorus\n|-damage|p2a: Landorus|0 fnt\n|-unboost|p1a: Dragapult|spa|2\n|faint|p2a: Landorus\n|\n|upkeep\n|j| mars and back\n|j| LT91BB Int\n|\n|t:|1658927408\n|switch|p2a: Tapu Koko|Tapu Koko|59\/100\n|-fieldstart|move: Electric Terrain|[from] ability: Electric Surge|[of] p2a: Tapu Koko\n|turn|11\n|\n|t:|1658927412\n|switch|p1a: Landorus|Landorus-Therian, M, shiny|89\/100\n|-damage|p1a: Landorus|77\/100|[from] Stealth Rock\n|-ability|p1a: Landorus|Intimidate|boost\n|-unboost|p2a: Tapu Koko|atk|1\n|move|p2a: Tapu Koko|U-turn|p1a: Landorus\n|-resisted|p1a: Landorus\n|-damage|p1a: Landorus|71\/100\n|j| CAPS OLT ENJOYER\n|\n|t:|1658927414\n|switch|p2a: Starmie|Starmie|100\/100|[from]move: U-turn\n|\n|-heal|p1a: Landorus|77\/100|[from] item: Leftovers\n|upkeep\n|turn|12\n|j| Rubiaa\n|\n|t:|1658927424\n|switch|p1a: Melmetal|Melmetal, shiny|48\/100\n|-damage|p1a: Melmetal|42\/100|[from] Stealth Rock\n|move|p2a: Starmie|Hydro Pump|p1a: Melmetal\n|-damage|p1a: Melmetal|0 fnt\n|faint|p1a: Melmetal\n|\n|upkeep\n|\n|t:|1658927425\n|switch|p1a: Dragapult|Dragapult, M, shiny|88\/100\n|-damage|p1a: Dragapult|76\/100|[from] Stealth Rock\n|turn|13\n|j| Little Gliscor\n|j| Kaikai Kitan\n|\n|t:|1658927436\n|switch|p2a: Melmetal|Melmetal|100\/100\n|move|p1a: Dragapult|Shadow Ball|p2a: Melmetal\n|-damage|p2a: Melmetal|60\/100\n|\n|-heal|p2a: Melmetal|66\/100|[from] item: Leftovers\n|upkeep\n|turn|14\n|j| Ernstbusch\n|j| LT91BBe\n|\n|t:|1658927446\n|switch|p1a: Urshifu|Urshifu-Rapid-Strike, M|100\/100\n|-damage|p1a: Urshifu|94\/100|[from] Stealth Rock\n|move|p2a: Melmetal|Ice Punch|p1a: Urshifu\n|-resisted|p1a: Urshifu\n|-crit|p1a: Urshifu\n|-damage|p1a: Urshifu|70\/100\n|\n|-heal|p2a: Melmetal|72\/100|[from] item: Leftovers\n|upkeep\n|turn|15\n|\n|t:|1658927452\n|switch|p2a: Volcarona|Volcarona, F|100\/100\n|move|p1a: Urshifu|Close Combat|p2a: Volcarona\n|-resisted|p2a: Volcarona\n|-damage|p2a: Volcarona|46\/100\n|-unboost|p1a: Urshifu|def|1\n|-unboost|p1a: Urshifu|spd|1\n|\n|-fieldend|move: Electric Terrain\n|upkeep\n|turn|16\n|j| LT91BB Oschi\n|c| Little Gliscor|lets goo\n|j| LT91BB Suf\n|\n|t:|1658927463\n|switch|p1a: Zapdos|Zapdos, shiny|63\/100 tox\n|switch|p2a: Starmie|Starmie|100\/100\n|\n|-damage|p1a: Zapdos|57\/100 tox|[from] psn\n|upkeep\n|turn|17\n|\n|t:|1658927472\n|switch|p2a: Tapu Koko|Tapu Koko|59\/100\n|-fieldstart|move: Electric Terrain|[from] ability: Electric Surge|[of] p2a: Tapu Koko\n|move|p1a: Zapdos|Defog|p2a: Tapu Koko\n|-unboost|p2a: Tapu Koko|evasion|1\n|-sideend|p1: LT91BB Raizen|Stealth Rock|[from] move: Defog|[of] p1a: Zapdos\n|-fieldend|move: Electric Terrain\n|\n|-damage|p1a: Zapdos|45\/100 tox|[from] psn\n|upkeep\n|turn|18\n|j| JJ09LIE\n|\n|t:|1658927477\n|move|p2a: Tapu Koko|Dazzling Gleam|p1a: Zapdos\n|-damage|p1a: Zapdos|8\/100 tox\n|move|p1a: Zapdos|Volt Switch|p2a: Tapu Koko\n|-resisted|p2a: Tapu Koko\n|-damage|p2a: Tapu Koko|30\/100\n|j| LT91BB Amir\n|\n|t:|1658927481\n|switch|p1a: Tapu Lele|Tapu Lele, shiny|100\/100|[from]move: Volt Switch\n|-fieldstart|move: Psychic Terrain|[from] ability: Psychic Surge|[of] p1a: Tapu Lele\n|\n|upkeep\n|turn|19\n|j| crosschampion\n|\n|t:|1658927487\n|switch|p2a: Conkeldurr|Conkeldurr, F|100\/100\n|move|p1a: Tapu Lele|Moonblast|p2a: Conkeldurr\n|-supereffective|p2a: Conkeldurr\n|-damage|p2a: Conkeldurr|0 fnt\n|faint|p2a: Conkeldurr\n|\n|upkeep\n|j| LT91BB Sensory\n|\n|t:|1658927500\n|switch|p2a: Melmetal|Melmetal|72\/100\n|turn|20\n|j| MPEKAS\n|\n|t:|1658927504\n|switch|p1a: Zapdos|Zapdos, shiny|8\/100 tox\n|move|p2a: Melmetal|Double Iron Bash|p1a: Zapdos\n|-resisted|p1a: Zapdos\n|-damage|p1a: Zapdos|0 fnt\n|faint|p1a: Zapdos\n|-hitcount|p1: Zapdos|1\n|\n|-heal|p2a: Melmetal|79\/100|[from] item: Leftovers\n|upkeep\n|\n|t:|1658927505\n|switch|p1a: Urshifu|Urshifu-Rapid-Strike, M|70\/100\n|turn|21\n|j| LT91BB ironwater\n|\n|t:|1658927510\n|switch|p2a: Volcarona|Volcarona, F|46\/100\n|move|p1a: Urshifu|Close Combat|p2a: Volcarona\n|-resisted|p2a: Volcarona\n|-damage|p2a: Volcarona|0 fnt\n|-unboost|p1a: Urshifu|def|1\n|-unboost|p1a: Urshifu|spd|1\n|faint|p2a: Volcarona\n|\n|upkeep\n|\n|t:|1658927513\n|switch|p2a: Starmie|Starmie|100\/100\n|turn|22\n|j| LT91BB Mimi\n|\n|t:|1658927523\n|switch|p1a: Landorus|Landorus-Therian, M, shiny|77\/100\n|-ability|p1a: Landorus|Intimidate|boost\n|-unboost|p2a: Starmie|atk|1\n|move|p2a: Starmie|Psychic|p1a: Landorus\n|-damage|p1a: Landorus|9\/100\n|\n|-heal|p1a: Landorus|15\/100|[from] item: Leftovers\n|-fieldend|move: Psychic Terrain\n|upkeep\n|turn|23\n|j| LT91BB cuzzie\n|\n|t:|1658927526\n|switch|p1a: Tapu Lele|Tapu Lele, shiny|100\/100\n|-fieldstart|move: Psychic Terrain|[from] ability: Psychic Surge|[of] p1a: Tapu Lele\n|move|p2a: Starmie|Psychic|p1a: Tapu Lele\n|-resisted|p1a: Tapu Lele\n|-damage|p1a: Tapu Lele|60\/100\n|\n|upkeep\n|turn|24\n|\n|t:|1658927541\n|switch|p2a: Melmetal|Melmetal|79\/100\n|move|p1a: Tapu Lele|Thunderbolt|p2a: Melmetal\n|-damage|p2a: Melmetal|52\/100\n|\n|-heal|p2a: Melmetal|59\/100|[from] item: Leftovers\n|upkeep\n|turn|25\n|\n|t:|1658927546\n|switch|p1a: Landorus|Landorus-Therian, M, shiny|15\/100\n|-ability|p1a: Landorus|Intimidate|boost\n|-unboost|p2a: Melmetal|atk|1\n|move|p2a: Melmetal|Double Iron Bash|p1a: Landorus\n|-damage|p1a: Landorus|0 fnt\n|faint|p1a: Landorus\n|-hitcount|p1: Landorus|1\n|\n|-heal|p2a: Melmetal|65\/100|[from] item: Leftovers\n|upkeep\n|\n|t:|1658927548\n|switch|p1a: Urshifu|Urshifu-Rapid-Strike, M|70\/100\n|turn|26\n|\n|t:|1658927560\n|switch|p2a: Starmie|Starmie|100\/100\n|move|p1a: Urshifu|U-turn|p2a: Starmie\n|-supereffective|p2a: Starmie\n|-damage|p2a: Starmie|0 fnt\n|faint|p2a: Starmie\n|\n|t:|1658927568\n|switch|p1a: Tapu Lele|Tapu Lele, shiny|60\/100|[from]move: U-turn\n|\n|upkeep\n|\n|t:|1658927578\n|switch|p2a: Melmetal|Melmetal|65\/100\n|turn|27\n|\n|t:|1658927584\n|switch|p1a: Dragapult|Dragapult, M, shiny|76\/100\n|move|p2a: Melmetal|Double Iron Bash|p1a: Dragapult\n|-damage|p1a: Dragapult|30\/100\n|-damage|p1a: Dragapult|0 fnt\n|faint|p1a: Dragapult\n|-hitcount|p1: Dragapult|2\n|\n|-heal|p2a: Melmetal|71\/100|[from] item: Leftovers\n|-fieldend|move: Psychic Terrain\n|upkeep\n|\n|t:|1658927586\n|switch|p1a: Urshifu|Urshifu-Rapid-Strike, M|70\/100\n|turn|28\n|\n|t:|1658927590\n|move|p1a: Urshifu|Close Combat|p2a: Melmetal\n|-supereffective|p2a: Melmetal\n|-damage|p2a: Melmetal|0 fnt\n|-unboost|p1a: Urshifu|def|1\n|-unboost|p1a: Urshifu|spd|1\n|faint|p2a: Melmetal\n|\n|upkeep\n|\n|t:|1658927592\n|switch|p2a: Tapu Koko|Tapu Koko|30\/100\n|-fieldstart|move: Electric Terrain|[from] ability: Electric Surge|[of] p2a: Tapu Koko\n|turn|29\n|\n|t:|1658927597\n|move|p2a: Tapu Koko|Thunderbolt|p1a: Urshifu\n|-supereffective|p1a: Urshifu\n|-damage|p1a: Urshifu|0 fnt\n|faint|p1a: Urshifu\n|\n|upkeep\n|\n|t:|1658927598\n|switch|p1a: Tapu Lele|Tapu Lele, shiny|60\/100\n|-fieldstart|move: Psychic Terrain|[from] ability: Psychic Surge|[of] p1a: Tapu Lele\n|turn|30\n|\n|t:|1658927603\n|move|p1a: Tapu Lele|Moonblast|p2a: Tapu Koko\n|-damage|p2a: Tapu Koko|0 fnt\n|faint|p2a: Tapu Koko\n|\n|win|LT91BB Raizen\n|raw|LT91BB Raizen's rating: 1867 &rarr; <strong>1889<\/strong><br \/>(+22 for winning)\n|raw|Juyen RPPLF's rating: 1901 &rarr; <strong>1879<\/strong><br \/>(-22 for losing)\n|l|\u2606Juyen RPPLF\n|l| LT91BB Mimi\n|l| LT91BB ironwater\n|l| LT91BB Amir\n|l| crosschampion\n|j| Le Dieun \u2764 notor\n|l| Ernstbusch\n|n| uu12s xiao|chiharuharu\n|l| CAPS OLT ENJOYER\n|l| LT91BB Oschi\n|l| LT91BB Suf\n||Ladder isn't responding, score probably updated but might not have (Request timeout).\n","uploadtime":1658927613,"views":79,"p1id":"lt91bbraizen","p2id":"juyenrpplf","formatid":"gen8ou","rating":1879,"private":0,"password":null}