{"id":"gen8nationaldex-1697595531","p1":"Blacksponge","p2":"Smiley icecream","format":"gen8nationaldex","log":"|j|\u2606Blacksponge\n|j|\u2606Smiley icecream\n|t:|1667011625\n|gametype|singles\n|player|p1|Blacksponge|lucas|1640\n|player|p2|Smiley icecream|266|1623\n|teamsize|p1|6\n|teamsize|p2|6\n|gen|8\n|tier|[Gen 8] National Dex\n|rated|\n|rule|HP Percentage Mod: HP is shown in percentages\n|rule|Endless Battle Clause: Forcing endless battles is banned\n|rule|OHKO Clause: OHKO moves are banned\n|rule|Evasion Moves Clause: Evasion moves are banned\n|rule|Species Clause: Limit one of each Pok\u00e9mon\n|rule|Dynamax Clause: You cannot dynamax\n|rule|Sleep Clause Mod: Limit one foe put to sleep\n|clearpoke\n|poke|p1|Charizard, M|\n|poke|p1|Regieleki|\n|poke|p1|Victini|\n|poke|p1|Xatu, F|\n|poke|p1|Weavile, F|\n|poke|p1|Gliscor, M|\n|poke|p2|Banette, F|\n|poke|p2|Landorus-Therian, M|\n|poke|p2|Tapu Fini|\n|poke|p2|Corviknight, M|\n|poke|p2|Mew|\n|poke|p2|Tapu Koko|\n|teampreview\n|\n|t:|1667011638\n|start\n|switch|p1a: Victini|Victini|100\/100\n|switch|p2a: Mew|Mew|100\/100\n|turn|1\n|inactive|Battle timer is ON: inactive players will automatically lose when time's up. (requested by Smiley icecream)\n|\n|t:|1667011648\n|switch|p1a: Xatu|Xatu, F|100\/100\n|move|p2a: Mew|Psychic|p1a: Xatu\n|-resisted|p1a: Xatu\n|-damage|p1a: Xatu|76\/100\n|-enditem|p1a: Xatu|Eject Button\n|\n|t:|1667011654\n|switch|p1a: Regieleki|Regieleki|100\/100\n|\n|upkeep\n|turn|2\n|\n|t:|1667011659\n|move|p1a: Regieleki|Volt Switch|p2a: Mew\n|-damage|p2a: Mew|54\/100\n|\n|t:|1667011662\n|switch|p1a: Xatu|Xatu, F|76\/100|[from]move: Volt Switch\n|move|p2a: Mew|Stealth Rock|p1a: Xatu\n|move|p1a: Xatu|Stealth Rock|p2a: Mew|[from]ability: Magic Bounce\n|-sidestart|p2: Smiley icecream|move: Stealth Rock\n|\n|upkeep\n|turn|3\n|\n|t:|1667011664\n|move|p2a: Mew|Thunderbolt|p1a: Xatu\n|-supereffective|p1a: Xatu\n|-damage|p1a: Xatu|9\/100\n|move|p1a: Xatu|Teleport|p1a: Xatu\n|\n|t:|1667011670\n|switch|p1a: Regieleki|Regieleki|100\/100|[from]move: Teleport\n|\n|upkeep\n|turn|4\n|\n|t:|1667011676\n|move|p1a: Regieleki|Thunderbolt|p2a: Mew\n|-damage|p2a: Mew|0 fnt\n|faint|p2a: Mew\n|\n|upkeep\n|\n|t:|1667011682\n|switch|p2a: Landorus|Landorus-Therian, M|100\/100\n|-damage|p2a: Landorus|88\/100|[from] Stealth Rock\n|-ability|p2a: Landorus|Intimidate|boost\n|-unboost|p1a: Regieleki|atk|1\n|turn|5\n|\n|t:|1667011685\n|switch|p2a: Banette|Banette, F|100\/100\n|-damage|p2a: Banette|88\/100|[from] Stealth Rock\n|-item|p1a: Regieleki|Normalium Z|[from] ability: Frisk|[of] p2a: Banette|[identify]\n|-zpower|p1a: Regieleki\n|move|p1a: Regieleki|Breakneck Blitz|p2a: Banette|[zeffect]\n|-immune|p2a: Banette\n|\n|upkeep\n|turn|6\n|\n|t:|1667011689\n|switch|p2a: Landorus|Landorus-Therian, M|88\/100\n|-damage|p2a: Landorus|76\/100|[from] Stealth Rock\n|-ability|p2a: Landorus|Intimidate|boost\n|-unboost|p1a: Regieleki|atk|1\n|move|p1a: Regieleki|Volt Switch|p2a: Landorus\n|-immune|p2a: Landorus\n|\n|upkeep\n|turn|7\n|\n|t:|1667011691\n|switch|p1a: Xatu|Xatu, F|9\/100\n|move|p2a: Landorus|Earthquake|p1a: Xatu\n|-immune|p1a: Xatu\n|\n|upkeep\n|turn|8\n|\n|t:|1667011694\n|switch|p2a: Corviknight|Corviknight, M|100\/100\n|-damage|p2a: Corviknight|88\/100|[from] Stealth Rock\n|-ability|p2a: Corviknight|Pressure\n|switch|p1a: Weavile|Weavile, F|100\/100\n|-ability|p1a: Weavile|Pressure\n|\n|upkeep\n|turn|9\n|\n|t:|1667011698\n|switch|p1a: Victini|Victini|100\/100\n|move|p2a: Corviknight|Defog|p1a: Victini\n|-unboost|p1a: Victini|evasion|1\n|-sideend|p2: Smiley icecream|Stealth Rock|[from] move: Defog|[of] p2a: Corviknight\n|\n|upkeep\n|turn|10\n|\n|t:|1667011700\n|switch|p2a: Tapu Fini|Tapu Fini|100\/100\n|-fieldstart|move: Misty Terrain|[from] ability: Misty Surge|[of] p2a: Tapu Fini\n|move|p1a: Victini|V-create|p2a: Tapu Fini\n|-resisted|p2a: Tapu Fini\n|-damage|p2a: Tapu Fini|48\/100\n|-unboost|p1a: Victini|spe|1\n|-unboost|p1a: Victini|def|1\n|-unboost|p1a: Victini|spd|1\n|\n|-heal|p2a: Tapu Fini|54\/100|[from] item: Leftovers\n|upkeep\n|turn|11\n|\n|t:|1667011708\n|move|p2a: Tapu Fini|Nature's Madness|p1a: Victini\n|-damage|p1a: Victini|51\/100\n|move|p1a: Victini|V-create|p2a: Tapu Fini\n|-resisted|p2a: Tapu Fini\n|-damage|p2a: Tapu Fini|1\/100\n|-unboost|p1a: Victini|spe|1\n|-unboost|p1a: Victini|def|1\n|-unboost|p1a: Victini|spd|1\n|\n|-heal|p2a: Tapu Fini|7\/100|[from] item: Leftovers\n|upkeep\n|turn|12\n|\n|t:|1667011714\n|move|p2a: Tapu Fini|Scald|p1a: Victini\n|-supereffective|p1a: Victini\n|-damage|p1a: Victini|0 fnt\n|faint|p1a: Victini\n|\n|-heal|p2a: Tapu Fini|13\/100|[from] item: Leftovers\n|upkeep\n|\n|t:|1667011717\n|switch|p1a: Weavile|Weavile, F|100\/100\n|-ability|p1a: Weavile|Pressure\n|turn|13\n|\n|t:|1667011721\n|move|p1a: Weavile|Triple Axel|p2a: Tapu Fini\n|-resisted|p2a: Tapu Fini\n|-damage|p2a: Tapu Fini|7\/100\n|-resisted|p2a: Tapu Fini\n|-damage|p2a: Tapu Fini|0 fnt\n|faint|p2a: Tapu Fini\n|-hitcount|p2: Tapu Fini|2\n|\n|upkeep\n|\n|t:|1667011722\n|switch|p2a: Tapu Koko|Tapu Koko|100\/100\n|-fieldstart|move: Electric Terrain|[from] ability: Electric Surge|[of] p2a: Tapu Koko\n|turn|14\n|\n|t:|1667011727\n|switch|p1a: Gliscor|Gliscor, M|100\/100\n|move|p2a: Tapu Koko|Dazzling Gleam|p1a: Gliscor\n|-damage|p1a: Gliscor|52\/100\n|\n|-status|p1a: Gliscor|tox|[from] item: Toxic Orb\n|upkeep\n|turn|15\n|\n|t:|1667011732\n|move|p2a: Tapu Koko|Dazzling Gleam|p1a: Gliscor\n|-damage|p1a: Gliscor|2\/100 tox\n|move|p1a: Gliscor|Roost|p1a: Gliscor\n|-heal|p1a: Gliscor|52\/100 tox\n|-singleturn|p1a: Gliscor|move: Roost\n|\n|-heal|p1a: Gliscor|65\/100 tox|[from] ability: Poison Heal\n|upkeep\n|turn|16\n|\n|t:|1667011735\n|switch|p2a: Corviknight|Corviknight, M|88\/100\n|-ability|p2a: Corviknight|Pressure\n|move|p1a: Gliscor|Roost|p1a: Gliscor\n|-heal|p1a: Gliscor|100\/100 tox\n|-singleturn|p1a: Gliscor|move: Roost\n|\n|upkeep\n|turn|17\n|\n|t:|1667011741\n|move|p1a: Gliscor|Toxic|p2a: Corviknight\n|-immune|p2a: Corviknight\n|move|p2a: Corviknight|U-turn|p1a: Gliscor\n|-resisted|p1a: Gliscor\n|-damage|p1a: Gliscor|95\/100 tox\n|\n|t:|1667011744\n|switch|p2a: Tapu Koko|Tapu Koko|100\/100|[from]move: U-turn\n|\n|-heal|p1a: Gliscor|100\/100 tox|[from] ability: Poison Heal\n|upkeep\n|turn|18\n|\n|t:|1667011748\n|move|p2a: Tapu Koko|Hidden Power|p1a: Gliscor\n|-supereffective|p1a: Gliscor\n|-damage|p1a: Gliscor|11\/100 tox\n|move|p1a: Gliscor|U-turn|p2a: Tapu Koko\n|-resisted|p2a: Tapu Koko\n|-damage|p2a: Tapu Koko|90\/100\n|\n|t:|1667011753\n|switch|p1a: Charizard|Charizard, M|100\/100|[from]move: U-turn\n|\n|-fieldend|move: Electric Terrain\n|upkeep\n|turn|19\n|\n|t:|1667011758\n|switch|p2a: Banette|Banette, F|88\/100\n|-item|p1a: Charizard|Charizardite Y|[from] ability: Frisk|[of] p2a: Banette|[identify]\n|detailschange|p1a: Charizard|Charizard-Mega-Y, M\n|-mega|p1a: Charizard|Charizard|Charizardite Y\n|-weather|SunnyDay|[from] ability: Drought|[of] p1a: Charizard\n|move|p1a: Charizard|Weather Ball|p2a: Banette\n|-damage|p2a: Banette|0 fnt\n|faint|p2a: Banette\n|\n|-weather|SunnyDay|[upkeep]\n|upkeep\n|\n|t:|1667011760\n|switch|p2a: Tapu Koko|Tapu Koko|90\/100\n|-fieldstart|move: Electric Terrain|[from] ability: Electric Surge|[of] p2a: Tapu Koko\n|turn|20\n|\n|t:|1667011765\n|switch|p1a: Xatu|Xatu, F|9\/100\n|move|p2a: Tapu Koko|Thunderbolt|p1a: Xatu\n|-supereffective|p1a: Xatu\n|-damage|p1a: Xatu|0 fnt\n|faint|p1a: Xatu\n|\n|-weather|SunnyDay|[upkeep]\n|upkeep\n|\n|t:|1667011767\n|switch|p1a: Gliscor|Gliscor, M|11\/100 tox\n|turn|21\n|\n|t:|1667011769\n|switch|p2a: Corviknight|Corviknight, M|88\/100\n|-ability|p2a: Corviknight|Pressure\n|move|p1a: Gliscor|Roost|p1a: Gliscor\n|-heal|p1a: Gliscor|61\/100 tox\n|-singleturn|p1a: Gliscor|move: Roost\n|\n|-weather|SunnyDay|[upkeep]\n|-heal|p1a: Gliscor|74\/100 tox|[from] ability: Poison Heal\n|upkeep\n|turn|22\n|\n|t:|1667011771\n|move|p1a: Gliscor|Roost|p1a: Gliscor\n|-heal|p1a: Gliscor|100\/100 tox\n|-singleturn|p1a: Gliscor|move: Roost\n|move|p2a: Corviknight|U-turn|p1a: Gliscor\n|-damage|p1a: Gliscor|89\/100 tox\n|\n|t:|1667011773\n|switch|p2a: Tapu Koko|Tapu Koko|90\/100|[from]move: U-turn\n|\n|-weather|SunnyDay|[upkeep]\n|-heal|p1a: Gliscor|100\/100 tox|[from] ability: Poison Heal\n|upkeep\n|turn|23\n|\n|t:|1667011780\n|switch|p2a: Landorus|Landorus-Therian, M|76\/100\n|-ability|p2a: Landorus|Intimidate|boost\n|-unboost|p1a: Gliscor|atk|1\n|move|p1a: Gliscor|U-turn|p2a: Landorus\n|-resisted|p2a: Landorus\n|-damage|p2a: Landorus|70\/100\n|\n|t:|1667011786\n|switch|p1a: Weavile|Weavile, F|100\/100|[from]move: U-turn\n|-ability|p1a: Weavile|Pressure\n|\n|-weather|none\n|upkeep\n|turn|24\n|\n|t:|1667011791\n|switch|p2a: Corviknight|Corviknight, M|88\/100\n|-ability|p2a: Corviknight|Pressure\n|move|p1a: Weavile|Triple Axel|p2a: Corviknight\n|-damage|p2a: Corviknight|79\/100\n|-damage|p1a: Weavile|84\/100|[from] item: Rocky Helmet|[of] p2a: Corviknight\n|-damage|p2a: Corviknight|61\/100\n|-damage|p1a: Weavile|68\/100|[from] item: Rocky Helmet|[of] p2a: Corviknight\n|-damage|p2a: Corviknight|36\/100\n|-damage|p1a: Weavile|51\/100|[from] item: Rocky Helmet|[of] p2a: Corviknight\n|-hitcount|p2a: Corviknight|3\n|\n|-fieldend|move: Electric Terrain\n|upkeep\n|turn|25\n|\n|t:|1667011795\n|move|p1a: Weavile|Triple Axel|p2a: Corviknight\n|-damage|p2a: Corviknight|27\/100\n|-damage|p1a: Weavile|35\/100|[from] item: Rocky Helmet|[of] p2a: Corviknight\n|-damage|p2a: Corviknight|10\/100\n|-damage|p1a: Weavile|19\/100|[from] item: Rocky Helmet|[of] p2a: Corviknight\n|-damage|p2a: Corviknight|0 fnt\n|-damage|p1a: Weavile|2\/100|[from] item: Rocky Helmet|[of] p2a: Corviknight\n|faint|p2a: Corviknight\n|-hitcount|p2: Corviknight|3\n|\n|upkeep\n|\n|t:|1667011797\n|switch|p2a: Landorus|Landorus-Therian, M|70\/100\n|-ability|p2a: Landorus|Intimidate|boost\n|-unboost|p1a: Weavile|atk|1\n|turn|26\n|\n|t:|1667011805\n|switch|p1a: Gliscor|Gliscor, M|100\/100 tox\n|move|p2a: Landorus|U-turn|p1a: Gliscor\n|-resisted|p1a: Gliscor\n|-damage|p1a: Gliscor|90\/100 tox\n|\n|t:|1667011807\n|switch|p2a: Tapu Koko|Tapu Koko|90\/100|[from]move: U-turn\n|-fieldstart|move: Electric Terrain|[from] ability: Electric Surge|[of] p2a: Tapu Koko\n|\n|-heal|p1a: Gliscor|100\/100 tox|[from] ability: Poison Heal\n|upkeep\n|turn|27\n|\n|t:|1667011809\n|move|p2a: Tapu Koko|Hidden Power|p1a: Gliscor\n|-supereffective|p1a: Gliscor\n|-damage|p1a: Gliscor|13\/100 tox\n|move|p1a: Gliscor|Earthquake|p2a: Tapu Koko\n|-supereffective|p2a: Tapu Koko\n|-damage|p2a: Tapu Koko|0 fnt\n|faint|p2a: Tapu Koko\n|\n|-heal|p1a: Gliscor|26\/100 tox|[from] ability: Poison Heal\n|upkeep\n|\n|t:|1667011812\n|switch|p2a: Landorus|Landorus-Therian, M|70\/100\n|-ability|p2a: Landorus|Intimidate|boost\n|-unboost|p1a: Gliscor|atk|1\n|turn|28\n|\n|t:|1667011816\n|move|p2a: Landorus|Stone Edge|p1a: Gliscor\n|-damage|p1a: Gliscor|0 fnt\n|faint|p1a: Gliscor\n|\n|upkeep\n|\n|t:|1667011818\n|switch|p1a: Weavile|Weavile, F|2\/100\n|-ability|p1a: Weavile|Pressure\n|turn|29\n|\n|t:|1667011820\n|move|p1a: Weavile|Ice Shard|p2a: Landorus\n|-supereffective|p2a: Landorus\n|-damage|p2a: Landorus|0 fnt\n|faint|p2a: Landorus\n|\n|win|Blacksponge\n|raw|Blacksponge's rating: 1640 &rarr; <strong>1659<\/strong><br \/>(+19 for winning)\n|raw|Smiley icecream's rating: 1623 &rarr; <strong>1604<\/strong><br \/>(-19 for losing)\n|l|\u2606Smiley icecream\n||Ladder isn't responding, score probably updated but might not have (Request timeout).\n","uploadtime":1667011826,"views":10,"p1id":"blacksponge","p2id":"smileyicecream","formatid":"gen8nationaldex","rating":1604,"private":0,"password":null}