{"id":"gen8doublesou-1652871022","p1":"Pok et glace","p2":"carlolucarelli","format":"gen8doublesou","log":"|j|\u2606Pok et glace\n|j|\u2606carlolucarelli\n|inactive|Battle timer is ON: inactive players will automatically lose when time's up.\n|t:|1661968392\n|gametype|doubles\n|player|p1|Pok et glace|cynthia-masters|\n|player|p2|carlolucarelli|steven|\n|teamsize|p1|6\n|teamsize|p2|6\n|gen|8\n|tier|[Gen 8] Doubles OU\n|rated|Tournament battle\n|rule|Species Clause: Limit one of each Pok\u00e9mon\n|rule|OHKO Clause: OHKO moves are banned\n|rule|Evasion Moves Clause: Evasion moves are banned\n|rule|Gravity Sleep Clause: The combination of sleep-inducing moves with imperfect accuracy and Gravity or Gigantamax Orbeetle are banned\n|rule|Endless Battle Clause: Forcing endless battles is banned\n|rule|HP Percentage Mod: HP is shown in percentages\n|rule|Dynamax Clause: You cannot dynamax\n|rule|Swagger Clause: Swagger is banned\n|clearpoke\n|poke|p1|Swinub, M|\n|poke|p1|Bronzor|\n|poke|p1|Cottonee, F|\n|poke|p1|Mareanie, M|\n|poke|p1|Mudbray, F|\n|poke|p1|Solosis, M|\n|poke|p2|Drilbur, F|\n|poke|p2|Barboach, M|\n|poke|p2|Sandile, M|\n|poke|p2|Litwick, M|\n|poke|p2|Nidoran-M, M|\n|poke|p2|Elekid, F|\n|teampreview\n|j|*Lady Monita\n|c|\u2606Pok et glace|hf\n|j| Flapple1\n|j|%ChaosLucaro\n|j| zefazfafazf\n|inactive|Pok et glace has 120 seconds left.\n|\n|t:|1661968425\n|start\n|switch|p1a: Swinub|Swinub, M|100\/100\n|switch|p1b: Bronzor|Bronzor|100\/100\n|switch|p2a: Drilbur|Drilbur, F|100\/100\n|switch|p2b: Elekid|Elekid, F|100\/100\n|turn|1\n|j| Kapoen\n|\n|t:|1661968451\n|move|p2b: Elekid|Psychic|p1a: Swinub\n|-damage|p1a: Swinub|58\/100\n|move|p2a: Drilbur|Drill Run|p1a: Swinub\n|-damage|p1a: Swinub|4\/100\n|move|p1a: Swinub|Earthquake|p2b: Elekid|[spread] p2a,p2b\n|-immune|p1b: Bronzor|[from] ability: Levitate\n|-supereffective|p2b: Elekid\n|-crit|p2b: Elekid\n|-damage|p2a: Drilbur|65\/100\n|-damage|p2b: Elekid|0 fnt\n|faint|p2b: Elekid\n|move|p1b: Bronzor|Stealth Rock|p2a: Drilbur\n|-sidestart|p2: carlolucarelli|move: Stealth Rock\n|\n|upkeep\n|inactive|carlolucarelli has 120 seconds left.\n|\n|t:|1661968462\n|switch|p2b: Litwick|Litwick, M|100\/100\n|-damage|p2b: Litwick|76\/100|[from] Stealth Rock\n|turn|2\n|j|%Jadino bambino\n|j| TheSerotoninVibes\u2661\n|\n|t:|1661968476\n|move|p1a: Swinub|Ice Shard|p2a: Drilbur\n|-supereffective|p2a: Drilbur\n|-damage|p2a: Drilbur|27\/100\n|move|p2a: Drilbur|Rock Slide|p1b: Bronzor|[spread] p1a,p1b\n|-resisted|p1b: Bronzor\n|-damage|p1a: Swinub|0 fnt\n|-damage|p1b: Bronzor|94\/100\n|faint|p1a: Swinub\n|move|p2b: Litwick|Heat Wave|p1b: Bronzor\n|-supereffective|p1b: Bronzor\n|-damage|p1b: Bronzor|50\/100\n|move|p1b: Bronzor|Trick Room|p1b: Bronzor\n|-fieldstart|move: Trick Room|[of] p1b: Bronzor\n|\n|upkeep\n|\n|t:|1661968496\n|switch|p1a: Mareanie|Mareanie, M|100\/100\n|turn|3\n|\n|t:|1661968513\n|move|p1b: Bronzor|Ally Switch|p1b: Bronzor\n|swap|p1b: Bronzor|0|[from] move: Ally Switch\n|move|p2b: Litwick|Shadow Ball|p1b: Mareanie\n|-damage|p1b: Mareanie|61\/100\n|move|p1b: Mareanie|Scald|p2b: Litwick\n|-supereffective|p2b: Litwick\n|-damage|p2b: Litwick|42\/100\n|move|p2a: Drilbur|Drill Run|p1a: Bronzor\n|-immune|p1a: Bronzor|[from] ability: Levitate\n|\n|upkeep\n|turn|4\n|inactive|Pok et glace has 120 seconds left.\n|\n|t:|1661968547\n|move|p1a: Bronzor|Light Screen|p1a: Bronzor\n|-sidestart|p1: Pok et glace|move: Light Screen\n|move|p2b: Litwick|Shadow Ball|p1a: Bronzor\n|-supereffective|p1a: Bronzor\n|-damage|p1a: Bronzor|29\/100\n|move|p1b: Mareanie|Scald|p2a: Drilbur\n|-supereffective|p2a: Drilbur\n|-damage|p2a: Drilbur|0 fnt\n|faint|p2a: Drilbur\n|\n|upkeep\n|j| Arcanine1929\n|\n|t:|1661968561\n|switch|p2a: Barboach|Barboach, M|100\/100\n|-damage|p2a: Barboach|95\/100|[from] Stealth Rock\n|turn|5\n|j| Nitrobinet\n|\n|t:|1661968585\n|switch|p1a: Mudbray|Mudbray, F|100\/100\n|move|p2b: Litwick|Shadow Ball|p1a: Mudbray\n|-damage|p1a: Mudbray|79\/100\n|-ability|p1a: Mudbray|Stamina|boost\n|-boost|p1a: Mudbray|def|1\n|move|p1b: Mareanie|Toxic|p2a: Barboach\n|-status|p2a: Barboach|tox\n|move|p2a: Barboach|Earth Power|p1b: Mareanie\n|-supereffective|p1b: Mareanie\n|-damage|p1b: Mareanie|13\/100\n|\n|-damage|p2a: Barboach|89\/100 tox|[from] psn\n|upkeep\n|turn|6\n|j| vico25\n|inactive|Pok et glace has 120 seconds left.\n|\n|t:|1661968618\n|switch|p1b: Bronzor|Bronzor|29\/100\n|move|p2b: Litwick|Energy Ball|p1a: Mudbray\n|-supereffective|p1a: Mudbray\n|-damage|p1a: Mudbray|47\/100\n|-ability|p1a: Mudbray|Stamina|boost\n|-boost|p1a: Mudbray|def|1\n|move|p1a: Mudbray|Rock Slide|p2b: Litwick|[spread] p2a,p2b\n|-resisted|p2a: Barboach\n|-supereffective|p2b: Litwick\n|-damage|p2a: Barboach|76\/100 tox\n|-damage|p2b: Litwick|0 fnt\n|faint|p2b: Litwick\n|move|p2a: Barboach|Scald|p1a: Mudbray\n|-supereffective|p1a: Mudbray\n|-damage|p1a: Mudbray|14\/100\n|-ability|p1a: Mudbray|Stamina|boost\n|-boost|p1a: Mudbray|def|1\n|\n|-damage|p2a: Barboach|64\/100 tox|[from] psn\n|-fieldend|move: Trick Room\n|upkeep\n|l| TheSerotoninVibes\u2661\n|\n|t:|1661968628\n|switch|p2b: Sandile|Sandile, M|100\/100\n|-damage|p2b: Sandile|95\/100|[from] Stealth Rock\n|-ability|p2b: Sandile|Intimidate|boost\n|-unboost|p1a: Mudbray|atk|1\n|-unboost|p1b: Bronzor|atk|1\n|turn|7\n|\n|t:|1661968647\n|switch|p1a: Mareanie|Mareanie, M|46\/100\n|switch|p1b: Cottonee|Cottonee, F|100\/100\n|move|p2b: Sandile|Crunch|p1a: Mareanie\n|-damage|p1a: Mareanie|21\/100\n|-unboost|p1a: Mareanie|def|1\n|move|p2a: Barboach|Scald|p1a: Mareanie\n|-resisted|p1a: Mareanie\n|-damage|p1a: Mareanie|11\/100\n|\n|-damage|p2a: Barboach|46\/100 tox|[from] psn\n|upkeep\n|turn|8\n|\n|t:|1661968662\n|switch|p2b: Nidoran-M|Nidoran-M, M|100\/100\n|-damage|p2b: Nidoran-M|88\/100|[from] Stealth Rock\n|move|p1b: Cottonee|Leech Seed|p2b: Nidoran-M\n|-start|p2b: Nidoran-M|move: Leech Seed\n|move|p2a: Barboach|Earth Power|p1a: Mareanie\n|-supereffective|p1a: Mareanie\n|-damage|p1a: Mareanie|0 fnt\n|faint|p1a: Mareanie\n|\n|-damage|p2b: Nidoran-M|76\/100|[from] Leech Seed|[of] p1b: Cottonee\n|-damage|p2a: Barboach|22\/100 tox|[from] psn\n|-sideend|p1: Pok et glace|move: Light Screen\n|upkeep\n|\n|t:|1661968675\n|switch|p1a: Solosis|Solosis, M|100\/100\n|turn|9\n|\n|t:|1661968686\n|switch|p1b: Bronzor|Bronzor|29\/100\n|move|p2a: Barboach|Ice Beam|p1b: Bronzor\n|-resisted|p1b: Bronzor\n|-damage|p1b: Bronzor|24\/100\n|move|p2b: Nidoran-M|Poison Jab|p1b: Bronzor\n|-immune|p1b: Bronzor\n|move|p1a: Solosis|Trick Room|p1a: Solosis\n|-fieldstart|move: Trick Room|[of] p1a: Solosis\n|\n|-damage|p2b: Nidoran-M|64\/100|[from] Leech Seed|[of] p1b: Bronzor\n|-heal|p1b: Bronzor|35\/100|[silent]\n|-damage|p2a: Barboach|0 fnt|[from] psn\n|faint|p2a: Barboach\n|upkeep\n|\n|t:|1661968689\n|switch|p2a: Sandile|Sandile, M|95\/100\n|-damage|p2a: Sandile|89\/100|[from] Stealth Rock\n|-ability|p2a: Sandile|Intimidate|boost\n|-unboost|p1a: Solosis|atk|1\n|-unboost|p1b: Bronzor|atk|1\n|turn|10\n|l| Flapple1\n|-message|carlolucarelli forfeited.\n|\n|win|Pok et glace\n|n|\u2606Pok et glace|poketglace\n|n|\u2606carlolucarelli|carlolucarelli\n|n|*Lady Monita|ladymonita\n|n| ChaosLucaro|chaoslucaro\n|n| zefazfafazf|zefazfafazf\n|n| Kapoen|kapoen\n|n| Jadino bambino|jadinobambino\n|n| Arcanine1929|arcanine1929\n|n| Nitrobinet|nitrobinet\n|n| vico25|vico25\n","uploadtime":1661968692,"views":4,"p1id":"poketglace","p2id":"carlolucarelli","formatid":"gen8doublesou","rating":0,"private":0,"password":null}