{"id":"gen8ou-1516347147","p1":"NAFLD","p2":"jeune flaneur","format":"gen8ou","log":"|j|\u2606NAFLD\n|j|\u2606jeune flaneur\n|t:|1645533619\n|gametype|singles\n|player|p1|NAFLD|170|1713\n|player|p2|jeune flaneur|dawn|1718\n|teamsize|p1|6\n|teamsize|p2|6\n|gen|8\n|tier|[Gen 8] OU\n|rated|\n|rule|Sleep Clause Mod: Limit one foe put to sleep\n|rule|Species Clause: Limit one of each Pok\u00e9mon\n|rule|OHKO Clause: OHKO moves are banned\n|rule|Evasion Moves Clause: Evasion moves are banned\n|rule|Endless Battle Clause: Forcing endless battles is banned\n|rule|HP Percentage Mod: HP is shown in percentages\n|rule|Dynamax Clause: You cannot dynamax\n|clearpoke\n|poke|p1|Melmetal|\n|poke|p1|Regieleki|\n|poke|p1|Garchomp, M|\n|poke|p1|Zapdos-Galar|\n|poke|p1|Rillaboom, M|\n|poke|p1|Mamoswine, F|\n|poke|p2|Melmetal|\n|poke|p2|Heatran, M|\n|poke|p2|Dragapult, M|\n|poke|p2|Landorus-Therian, M|\n|poke|p2|Zapdos-Galar|\n|poke|p2|Rillaboom, F|\n|teampreview\n|\n|t:|1645533635\n|start\n|switch|p1a: Regieleki|Regieleki|100\/100\n|switch|p2a: Dragapult|Dragapult, M|100\/100\n|turn|1\n|\n|t:|1645533641\n|move|p1a: Regieleki|Volt Switch|p2a: Dragapult\n|-resisted|p2a: Dragapult\n|-damage|p2a: Dragapult|67\/100\n|\n|t:|1645533644\n|switch|p1a: Melmetal|Melmetal|100\/100|[from]move: Volt Switch\n|move|p2a: Dragapult|Draco Meteor|p1a: Melmetal\n|-resisted|p1a: Melmetal\n|-damage|p1a: Melmetal|80\/100\n|-unboost|p2a: Dragapult|spa|2\n|\n|upkeep\n|turn|2\n|\n|t:|1645533653\n|switch|p2a: Melmetal|Melmetal|100\/100\n|move|p1a: Melmetal|Earthquake|p2a: Melmetal\n|-supereffective|p2a: Melmetal\n|-damage|p2a: Melmetal|59\/100\n|\n|upkeep\n|turn|3\n|\n|t:|1645533657\n|move|p2a: Melmetal|Earthquake|p1a: Melmetal\n|-supereffective|p1a: Melmetal\n|-damage|p1a: Melmetal|13\/100\n|move|p1a: Melmetal|Earthquake|p2a: Melmetal\n|-supereffective|p2a: Melmetal\n|-damage|p2a: Melmetal|17\/100\n|\n|upkeep\n|turn|4\n|\n|t:|1645533675\n|move|p2a: Melmetal|Earthquake|p1a: Melmetal\n|-supereffective|p1a: Melmetal\n|-damage|p1a: Melmetal|0 fnt\n|faint|p1a: Melmetal\n|\n|upkeep\n|\n|t:|1645533678\n|switch|p1a: Zapdos|Zapdos-Galar|100\/100\n|turn|5\n|\n|t:|1645533682\n|move|p1a: Zapdos|Drill Peck|p2a: Melmetal\n|-resisted|p2a: Melmetal\n|-damage|p2a: Melmetal|0 fnt\n|faint|p2a: Melmetal\n|\n|upkeep\n|j| f65701\n|\n|t:|1645533691\n|switch|p2a: Heatran|Heatran, M|100\/100\n|turn|6\n|\n|t:|1645533698\n|switch|p1a: Garchomp|Garchomp, M|100\/100\n|move|p2a: Heatran|Stealth Rock|p1a: Garchomp\n|-sidestart|p1: NAFLD|move: Stealth Rock\n|\n|upkeep\n|turn|7\n|\n|t:|1645533702\n|switch|p2a: Rillaboom|Rillaboom, F|100\/100\n|-fieldstart|move: Grassy Terrain|[from] ability: Grassy Surge|[of] p2a: Rillaboom\n|move|p1a: Garchomp|Swords Dance|p1a: Garchomp\n|-boost|p1a: Garchomp|atk|2\n|\n|upkeep\n|turn|8\n|j| cute asian gurl\n|\n|t:|1645533712\n|move|p1a: Garchomp|Scale Shot|p2a: Rillaboom|[miss]\n|-miss|p1a: Garchomp|p2a: Rillaboom\n|move|p2a: Rillaboom|Wood Hammer|p1a: Garchomp\n|-damage|p1a: Garchomp|0 fnt\n|-damage|p2a: Rillaboom|88\/100|[from] ability: Rough Skin|[of] p1a: Garchomp\n|faint|p1a: Garchomp\n|-damage|p2a: Rillaboom|55\/100|[from] Recoil\n|\n|-heal|p2a: Rillaboom|62\/100|[from] Grassy Terrain\n|upkeep\n|j| isudfuhdbfgkdfg\n|\n|t:|1645533716\n|switch|p1a: Zapdos|Zapdos-Galar|100\/100\n|-damage|p1a: Zapdos|88\/100|[from] Stealth Rock\n|turn|9\n|j| Fitzcarraldo\n|\n|t:|1645533731\n|switch|p2a: Heatran|Heatran, M|100\/100\n|move|p1a: Zapdos|U-turn|p2a: Heatran\n|-resisted|p2a: Heatran\n|-damage|p2a: Heatran|93\/100\n|\n|t:|1645533736\n|switch|p1a: Mamoswine|Mamoswine, F|100\/100|[from]move: U-turn\n|-damage|p1a: Mamoswine|88\/100|[from] Stealth Rock\n|\n|-heal|p1a: Mamoswine|94\/100|[from] Grassy Terrain\n|-heal|p1a: Mamoswine|99\/100|[from] item: Leftovers\n|-heal|p2a: Heatran|99\/100|[from] Grassy Terrain\n|-heal|p2a: Heatran|100\/100|[from] item: Leftovers\n|upkeep\n|turn|10\n|\n|t:|1645533739\n|move|p1a: Mamoswine|Stealth Rock|p2a: Heatran\n|-sidestart|p2: jeune flaneur|move: Stealth Rock\n|move|p2a: Heatran|Heavy Slam|p1a: Mamoswine\n|-supereffective|p1a: Mamoswine\n|-damage|p1a: Mamoswine|69\/100\n|\n|-heal|p1a: Mamoswine|75\/100|[from] Grassy Terrain\n|-heal|p1a: Mamoswine|81\/100|[from] item: Leftovers\n|upkeep\n|turn|11\n|\n|t:|1645533745\n|move|p1a: Mamoswine|Earthquake|p2a: Heatran\n|-supereffective|p2a: Heatran\n|-damage|p2a: Heatran|16\/100\n|move|p2a: Heatran|Lava Plume|p1a: Mamoswine\n|-supereffective|p1a: Mamoswine\n|-damage|p1a: Mamoswine|0 fnt\n|faint|p1a: Mamoswine\n|\n|-heal|p2a: Heatran|23\/100|[from] Grassy Terrain\n|-heal|p2a: Heatran|29\/100|[from] item: Leftovers\n|-fieldend|move: Grassy Terrain\n|upkeep\n|\n|t:|1645533748\n|switch|p1a: Rillaboom|Rillaboom, M|100\/100\n|-damage|p1a: Rillaboom|88\/100|[from] Stealth Rock\n|-fieldstart|move: Grassy Terrain|[from] ability: Grassy Surge|[of] p1a: Rillaboom\n|turn|12\n|j| Batataplays\n|\n|t:|1645533751\n|move|p1a: Rillaboom|Drain Punch|p2a: Heatran\n|-supereffective|p2a: Heatran\n|-damage|p2a: Heatran|0 fnt\n|-heal|p1a: Rillaboom|100\/100|[from] drain|[of] p2a: Heatran\n|faint|p2a: Heatran\n|-damage|p1a: Rillaboom|91\/100|[from] item: Life Orb\n|\n|-heal|p1a: Rillaboom|97\/100|[from] Grassy Terrain\n|upkeep\n|\n|t:|1645533755\n|switch|p2a: Zapdos|Zapdos-Galar|100\/100\n|-damage|p2a: Zapdos|88\/100|[from] Stealth Rock\n|turn|13\n|j| Ehtesham123\n|\n|t:|1645533759\n|move|p1a: Rillaboom|Grassy Glide|p2a: Zapdos\n|-resisted|p2a: Zapdos\n|-damage|p2a: Zapdos|48\/100\n|-damage|p1a: Rillaboom|87\/100|[from] item: Life Orb\n|move|p2a: Zapdos|Brave Bird|p1a: Rillaboom\n|-supereffective|p1a: Rillaboom\n|-damage|p1a: Rillaboom|0 fnt\n|faint|p1a: Rillaboom\n|-damage|p2a: Zapdos|17\/100|[from] Recoil\n|\n|upkeep\n|\n|t:|1645533762\n|switch|p1a: Zapdos|Zapdos-Galar|88\/100\n|-damage|p1a: Zapdos|76\/100|[from] Stealth Rock\n|turn|14\n|\n|t:|1645533766\n|move|p2a: Zapdos|Brave Bird|p1a: Zapdos\n|-supereffective|p1a: Zapdos\n|-damage|p1a: Zapdos|0 fnt\n|faint|p1a: Zapdos\n|-damage|p2a: Zapdos|0 fnt|[from] Recoil\n|faint|p2a: Zapdos\n|\n|upkeep\n|-message|NAFLD forfeited.\n|\n|win|jeune flaneur\n|raw|NAFLD's rating: 1686 &rarr; <strong>1668<\/strong><br \/>(-18 for losing)\n|raw|jeune flaneur's rating: 1718 &rarr; <strong>1736<\/strong><br \/>(+18 for winning)\n|l|\u2606NAFLD\n|l|\u2606jeune flaneur\n|l| Ehtesham123\n|l| f65701\n|l| cute asian gurl\n","uploadtime":1645533902,"views":31,"p1id":"nafld","p2id":"jeuneflaneur","formatid":"gen8ou","rating":1668,"private":0,"password":null}