{"id":"gen8randombattle-1570364405","p1":"Batataplays","p2":"Pokerz87","format":"gen8randombattle","log":"|j|\u2606Batataplays\n|j|\u2606Pokerz87\n|inactive|Battle timer is ON: inactive players will automatically lose when time's up.\n|t:|1652025729\n|gametype|singles\n|player|p1|Batataplays|sonia|\n|player|p2|Pokerz87|riley|\n|teamsize|p1|6\n|teamsize|p2|6\n|gen|8\n|tier|[Gen 8] Random Battle\n|rated|Tournament battle\n|rule|Species Clause: Limit one of each Pok\u00e9mon\n|rule|HP Percentage Mod: HP is shown in percentages\n|rule|Sleep Clause Mod: Limit one foe put to sleep\n|\n|t:|1652025729\n|start\n|switch|p1a: Accelgor|Accelgor, L86, F|278\/278\n|switch|p2a: Moltres|Moltres-Galar, L75|259\/259\n|turn|1\n|j| moretto\n|j| Riquelme14\n|l| moretto\n|\n|t:|1652025737\n|move|p1a: Accelgor|Yawn|p2a: Moltres\n|-start|p2a: Moltres|move: Yawn|[of] p1a: Accelgor\n|move|p2a: Moltres|Nasty Plot|p2a: Moltres\n|-boost|p2a: Moltres|spa|2\n|\n|upkeep\n|turn|2\n|j| Empoleon o\n|\n|t:|1652025742\n|move|p1a: Accelgor|Bug Buzz|p2a: Moltres\n|-damage|p2a: Moltres|175\/259\n|move|p2a: Moltres|Hurricane|p1a: Accelgor\n|-supereffective|p1a: Accelgor\n|-enditem|p1a: Accelgor|Focus Sash\n|-damage|p1a: Accelgor|1\/278\n|\n|-end|p2a: Moltres|move: Yawn|[silent]\n|-status|p2a: Moltres|slp\n|upkeep\n|-enditem|p2a: Moltres|Chesto Berry|[eat]\n|-curestatus|p2a: Moltres|slp|[msg]\n|turn|3\n|\n|t:|1652025753\n|move|p1a: Accelgor|Yawn|p2a: Moltres\n|-start|p2a: Moltres|move: Yawn|[of] p1a: Accelgor\n|move|p2a: Moltres|Fiery Wrath|p1a: Accelgor\n|-damage|p1a: Accelgor|0 fnt\n|faint|p1a: Accelgor\n|\n|upkeep\n|\n|t:|1652025755\n|switch|p1a: Ninjask|Ninjask, L86, F|245\/245\n|turn|4\n|\n|t:|1652025760\n|move|p1a: Ninjask|U-turn|p2a: Moltres\n|-damage|p2a: Moltres|87\/259\n|-ability|p2a: Moltres|Berserk|boost\n|-boost|p2a: Moltres|spa|1\n|\n|t:|1652025764\n|switch|p1a: Metagross|Metagross, L79|256\/256\n|move|p2a: Moltres|Rest|p2a: Moltres\n|-status|p2a: Moltres|slp|[from] move: Rest\n|-heal|p2a: Moltres|259\/259 slp|[silent]\n|\n|-end|p2a: Moltres|move: Yawn|[silent]\n|upkeep\n|turn|5\n|\n|t:|1652025769\n|cant|p2a: Moltres|slp\n|move|p1a: Metagross|Agility|p1a: Metagross\n|-boost|p1a: Metagross|spe|2\n|\n|upkeep\n|turn|6\n|\n|t:|1652025771\n|move|p1a: Metagross|Thunder Punch|p2a: Moltres\n|-supereffective|p2a: Moltres\n|-damage|p2a: Moltres|115\/259 slp\n|-ability|p2a: Moltres|Berserk|boost\n|-boost|p2a: Moltres|spa|1\n|cant|p2a: Moltres|slp\n|\n|upkeep\n|turn|7\n|\n|t:|1652025775\n|move|p1a: Metagross|Thunder Punch|p2a: Moltres\n|-supereffective|p2a: Moltres\n|-damage|p2a: Moltres|0 fnt\n|faint|p2a: Moltres\n|\n|upkeep\n|\n|t:|1652025778\n|switch|p2a: Cinderace|Cinderace, L74, F|239\/239\n|turn|8\n|\n|t:|1652025785\n|-start|p1a: Metagross|Dynamax|\n|-heal|p1a: Metagross|512\/512|[silent]\n|move|p1a: Metagross|Max Steelspike|p2a: Cinderace\n|-resisted|p2a: Cinderace\n|-damage|p2a: Cinderace|139\/239\n|-boost|p1a: Metagross|def|1\n|move|p2a: Cinderace|Pyro Ball|p1a: Metagross\n|-supereffective|p1a: Metagross\n|-damage|p1a: Metagross|330\/512\n|-enditem|p1a: Metagross|Weakness Policy\n|-boost|p1a: Metagross|atk|2|[from] item: Weakness Policy\n|-boost|p1a: Metagross|spa|2|[from] item: Weakness Policy\n|\n|upkeep\n|turn|9\n|\n|t:|1652025789\n|-start|p2a: Cinderace|Dynamax|\n|-heal|p2a: Cinderace|278\/478|[silent]\n|move|p1a: Metagross|Max Quake|p2a: Cinderace\n|-supereffective|p2a: Cinderace\n|-damage|p2a: Cinderace|0 fnt\n|-boost|p1a: Metagross|spd|1\n|faint|p2a: Cinderace\n|\n|upkeep\n|\n|t:|1652025795\n|switch|p2a: Thievul|Thievul, L86, F|261\/261\n|turn|10\n|\n|t:|1652025802\n|move|p1a: Metagross|Max Steelspike|p2a: Thievul\n|-damage|p2a: Thievul|0 fnt\n|-boost|p1a: Metagross|def|1\n|faint|p2a: Thievul\n|\n|upkeep\n|\n|t:|1652025807\n|switch|p2a: Cresselia|Cresselia, L80, F|323\/323\n|-end|p1a: Metagross|Dynamax\n|-heal|p1a: Metagross|165\/256|[silent]\n|turn|11\n|\n|t:|1652025812\n|move|p1a: Metagross|Meteor Mash|p2a: Cresselia\n|-damage|p2a: Cresselia|142\/323\n|move|p2a: Cresselia|Thunder Wave|p1a: Metagross\n|-status|p1a: Metagross|par\n|\n|-heal|p2a: Cresselia|162\/323|[from] item: Leftovers\n|upkeep\n|turn|12\n|\n|t:|1652025817\n|move|p2a: Cresselia|Moonlight|p2a: Cresselia\n|-heal|p2a: Cresselia|323\/323\n|cant|p1a: Metagross|par\n|\n|upkeep\n|turn|13\n|\n|t:|1652025820\n|move|p2a: Cresselia|Psyshock|p1a: Metagross\n|-resisted|p1a: Metagross\n|-damage|p1a: Metagross|159\/256 par\n|move|p1a: Metagross|Agility|p1a: Metagross\n|-boost|p1a: Metagross|spe|2\n|\n|upkeep\n|turn|14\n|\n|t:|1652025824\n|move|p1a: Metagross|Meteor Mash|p2a: Cresselia\n|-damage|p2a: Cresselia|139\/323\n|-boost|p1a: Metagross|atk|1\n|move|p2a: Cresselia|Moonblast|p1a: Metagross\n|-resisted|p1a: Metagross\n|-damage|p1a: Metagross|140\/256 par\n|\n|-heal|p2a: Cresselia|159\/323|[from] item: Leftovers\n|upkeep\n|turn|15\n|\n|t:|1652025828\n|cant|p1a: Metagross|par\n|move|p2a: Cresselia|Moonlight|p2a: Cresselia\n|-heal|p2a: Cresselia|320\/323\n|\n|-heal|p2a: Cresselia|323\/323|[from] item: Leftovers\n|upkeep\n|turn|16\n|c| Empoleon o|esse metagross a\u00ed\n|\n|t:|1652025835\n|switch|p2a: Glastrier|Glastrier, L82|298\/298\n|cant|p1a: Metagross|par\n|\n|upkeep\n|turn|17\n|c| Empoleon o|banivel ?\n|\n|t:|1652025840\n|cant|p1a: Metagross|par\n|move|p2a: Glastrier|High Horsepower|p1a: Metagross\n|-supereffective|p1a: Metagross\n|-damage|p1a: Metagross|64\/256 par\n|\n|upkeep\n|turn|18\n|c|\u2606Batataplays|mt banivel\n|\n|t:|1652025845\n|move|p1a: Metagross|Meteor Mash|p2a: Glastrier\n|-supereffective|p2a: Glastrier\n|-damage|p2a: Glastrier|0 fnt\n|-boost|p1a: Metagross|atk|1\n|faint|p2a: Glastrier\n|\n|upkeep\n|\n|t:|1652025849\n|switch|p2a: Cresselia|Cresselia, L80, F|323\/323\n|turn|19\n|\n|t:|1652025852\n|move|p1a: Metagross|Meteor Mash|p2a: Cresselia\n|-damage|p2a: Cresselia|49\/323\n|move|p2a: Cresselia|Moonblast|p1a: Metagross\n|-resisted|p1a: Metagross\n|-crit|p1a: Metagross\n|-damage|p1a: Metagross|27\/256 par\n|\n|-heal|p2a: Cresselia|69\/323|[from] item: Leftovers\n|upkeep\n|turn|20\n|\n|t:|1652025855\n|cant|p1a: Metagross|par\n|move|p2a: Cresselia|Moonlight|p2a: Cresselia\n|-heal|p2a: Cresselia|230\/323\n|\n|-heal|p2a: Cresselia|250\/323|[from] item: Leftovers\n|upkeep\n|turn|21\n|c|\u2606Batataplays|nn \u00e9 mais\n|c| Riquelme14|Ele \u00e9 pseudo, logo \u00e9 broken\n|c|\u2606Batataplays|\u00e9 ruim\n|\n|t:|1652025863\n|cant|p1a: Metagross|par\n|move|p2a: Cresselia|Moonblast|p1a: Metagross\n|-resisted|p1a: Metagross\n|-crit|p1a: Metagross\n|-damage|p1a: Metagross|0 fnt\n|faint|p1a: Metagross\n|\n|-heal|p2a: Cresselia|270\/323|[from] item: Leftovers\n|upkeep\n|c|\u2606Batataplays|ele so seria banivel\n|c|\u2606Batataplays|com levitate\n|\n|t:|1652025873\n|switch|p1a: Dialga|Dialga, L74|270\/270\n|-ability|p1a: Dialga|Pressure\n|turn|22\n|\n|t:|1652025881\n|move|p2a: Cresselia|Moonlight|p2a: Cresselia\n|-heal|p2a: Cresselia|323\/323\n|move|p1a: Dialga|Toxic|p2a: Cresselia\n|-status|p2a: Cresselia|tox\n|\n|-damage|p2a: Cresselia|303\/323 tox|[from] psn\n|upkeep\n|turn|23\n|c| Riquelme14|Porem paralize \u00e9 mais\n|c|\u2606Batataplays|vdd\n|c|\u2606Batataplays|e nem \u00e9 meme\n|\n|t:|1652025893\n|move|p2a: Cresselia|Moonblast|p1a: Dialga\n|-damage|p1a: Dialga|215\/270\n|move|p1a: Dialga|Flash Cannon|p2a: Cresselia\n|-damage|p2a: Cresselia|227\/323 tox\n|\n|-heal|p2a: Cresselia|247\/323 tox|[from] item: Leftovers\n|-heal|p1a: Dialga|231\/270|[from] item: Leftovers\n|-damage|p2a: Cresselia|207\/323 tox|[from] psn\n|upkeep\n|turn|24\n|\n|t:|1652025897\n|move|p2a: Cresselia|Thunder Wave|p1a: Dialga\n|-status|p1a: Dialga|par\n|move|p1a: Dialga|Flash Cannon|p2a: Cresselia\n|-damage|p2a: Cresselia|129\/323 tox\n|\n|-heal|p2a: Cresselia|149\/323 tox|[from] item: Leftovers\n|-heal|p1a: Dialga|247\/270 par|[from] item: Leftovers\n|-damage|p2a: Cresselia|89\/323 tox|[from] psn\n|upkeep\n|turn|25\n|\n|t:|1652025899\n|move|p2a: Cresselia|Moonlight|p2a: Cresselia\n|-heal|p2a: Cresselia|250\/323 tox\n|move|p1a: Dialga|Flash Cannon|p2a: Cresselia\n|-damage|p2a: Cresselia|183\/323 tox\n|\n|-heal|p2a: Cresselia|203\/323 tox|[from] item: Leftovers\n|-heal|p1a: Dialga|263\/270 par|[from] item: Leftovers\n|-damage|p2a: Cresselia|123\/323 tox|[from] psn\n|upkeep\n|turn|26\n|\n|t:|1652025910\n|switch|p1a: Ninjask|Ninjask, L86, F|245\/245\n|move|p2a: Cresselia|Moonblast|p1a: Ninjask\n|-damage|p1a: Ninjask|177\/245\n|\n|-heal|p2a: Cresselia|143\/323 tox|[from] item: Leftovers\n|-damage|p2a: Cresselia|43\/323 tox|[from] psn\n|upkeep\n|turn|27\n|\n|t:|1652025913\n|move|p1a: Ninjask|U-turn|p2a: Cresselia\n|-supereffective|p2a: Cresselia\n|-damage|p2a: Cresselia|0 fnt\n|faint|p2a: Cresselia\n|\n|t:|1652025915\n|switch|p1a: Unfezant|Unfezant, L84, M|271\/271\n|\n|upkeep\n|\n|t:|1652025917\n|switch|p2a: Unfezant|Unfezant, L84, F|271\/271\n|turn|28\n|\n|t:|1652025920\n|move|p1a: Unfezant|Brave Bird|p2a: Unfezant\n|-crit|p2a: Unfezant\n|-damage|p2a: Unfezant|28\/271\n|-damage|p1a: Unfezant|191\/271|[from] Recoil\n|move|p2a: Unfezant|Night Slash|p1a: Unfezant\n|-crit|p1a: Unfezant\n|-damage|p1a: Unfezant|102\/271\n|\n|upkeep\n|turn|29\n|c|\u2606Batataplays|o meu \u00e9 mais bom\n|\n|t:|1652025927\n|move|p2a: Unfezant|Roost|p2a: Unfezant\n|-heal|p2a: Unfezant|164\/271\n|-singleturn|p2a: Unfezant|move: Roost\n|move|p1a: Unfezant|Brave Bird|p2a: Unfezant\n|-crit|p2a: Unfezant\n|-damage|p2a: Unfezant|0 fnt\n|faint|p2a: Unfezant\n|-damage|p1a: Unfezant|48\/271|[from] Recoil\n|\n|win|Batataplays\n|n|\u2606Batataplays|batataplays\n|n|\u2606Pokerz87|pokerz87\n|n| Riquelme14|riquelme14\n|n| Empoleon o|empoleono\n","inputlog":">version 450da1638bbf535e65207112caaec58da976e0b3\n>start {\"formatid\":\"gen8randombattle\",\"seed\":[14017,16573,49668,63160],\"rated\":\"Tournament battle\"}\n>player p1 {\"name\":\"Batataplays\",\"avatar\":\"sonia\",\"rating\":0,\"seed\":[60477,54836,21089,6669]}\n>player p2 {\"name\":\"Pokerz87\",\"avatar\":\"riley\",\"rating\":0,\"seed\":[3006,9183,59784,45424]}\n>p1 move yawn\n>p2 move nastyplot\n>p1 move bugbuzz\n>p2 move hurricane\n>p1 move yawn\n>p2 move fierywrath\n>p1 switch 2\n>p1 move uturn\n>p2 move rest\n>p1 switch 5\n>p1 move agility\n>p2 move fierywrath\n>p1 move thunderpunch\n>p2 move fierywrath\n>p1 move thunderpunch\n>p2 move fierywrath\n>p2 switch 3\n>p1 move meteormash dynamax\n>p2 move pyroball\n>p1 move earthquake dynamax\n>p2 move pyroball dynamax\n>p2 switch 5\n>p1 move meteormash dynamax\n>p2 move darkpulse\n>p2 switch 4\n>p1 move meteormash\n>p2 move thunderwave\n>p1 move meteormash\n>p2 move moonlight\n>p1 move agility\n>p2 move psyshock\n>p1 move meteormash\n>p2 move moonblast\n>p1 move meteormash\n>p2 move moonlight\n>chat  Empoleon o|esse metagross a\u00ed \n>p1 move meteormash\n>p2 switch 6\n>chat  Empoleon o|banivel ?\n>p1 move meteormash\n>p2 move highhorsepower\n>chat \u2606Batataplays|mt banivel\n>p1 move meteormash\n>p2 move highhorsepower\n>p2 switch 6\n>p1 move meteormash\n>p2 move moonblast\n>p1 move thunderpunch\n>p2 move moonlight\n>chat \u2606Batataplays|nn \u00e9 mais\n>chat  Riquelme14|Ele \u00e9 pseudo, logo \u00e9 broken\n>chat \u2606Batataplays|\u00e9 ruim\n>p1 move meteormash\n>p2 move moonblast\n>chat \u2606Batataplays|ele so seria banivel\n>chat \u2606Batataplays|com levitate\n>p1 switch 3\n>p1 move toxic\n>p2 move moonlight\n>chat  Riquelme14|Porem paralize \u00e9 mais\n>chat \u2606Batataplays|vdd\n>chat \u2606Batataplays|e nem \u00e9 meme\n>p1 move flashcannon\n>p2 move moonblast\n>p1 move flashcannon\n>p2 move thunderwave\n>p1 move flashcannon\n>p2 move moonlight\n>p1 switch 5\n>p2 move moonblast\n>p1 move uturn\n>p2 move moonlight\n>p1 switch 6\n>p2 switch 2\n>p1 move bravebird\n>p2 move nightslash\n>chat \u2606Batataplays|o meu \u00e9 mais bom\n>p1 move bravebird\n>p2 move roost","uploadtime":1652025928,"views":7,"p1id":"batataplays","p2id":"pokerz87","formatid":"gen8randombattle","rating":0,"private":0,"password":null}