{"id":"gen8ou-1699068325","p1":"Kk_shnap","p2":"cows123p","format":"gen8ou","log":"|j|\u2606Kk_shnap\n|j|\u2606cows123p\n|t:|1667193220\n|gametype|singles\n|player|p1|Kk_shnap|101|\n|player|p2|cows123p|acetrainercouple|\n|teamsize|p1|6\n|teamsize|p2|6\n|gen|8\n|tier|[Gen 8] OU\n|rule|Sleep Clause Mod: Limit one foe put to sleep\n|rule|Species Clause: Limit one of each Pok\u00e9mon\n|rule|OHKO Clause: OHKO moves are banned\n|rule|Evasion Items Clause: Evasion items are banned\n|rule|Evasion Moves Clause: Evasion moves are banned\n|rule|Endless Battle Clause: Forcing endless battles is banned\n|rule|HP Percentage Mod: HP is shown in percentages\n|rule|Dynamax Clause: You cannot dynamax\n|clearpoke\n|poke|p1|Tapu Koko|\n|poke|p1|Landorus-Therian, M|\n|poke|p1|Reuniclus, F|\n|poke|p1|Dragonite, F|\n|poke|p1|Tapu Fini|\n|poke|p1|Ferrothorn, F|\n|poke|p2|Gyarados, M|\n|poke|p2|Heatran, F|\n|poke|p2|Dragapult, F|\n|poke|p2|Corviknight, M|\n|poke|p2|Tapu Lele|\n|poke|p2|Swampert, F|\n|teampreview\n|\n|t:|1667193239\n|start\n|switch|p1a: Landorus|Landorus-Therian, M|100\/100\n|switch|p2a: F you melmetal 2|Swampert, F|100\/100\n|-ability|p1a: Landorus|Intimidate|boost\n|-unboost|p2a: F you melmetal 2|atk|1\n|turn|1\n|\n|t:|1667193246\n|move|p1a: Landorus|U-turn|p2a: F you melmetal 2\n|-damage|p2a: F you melmetal 2|78\/100\n|\n|t:|1667193250\n|switch|p1a: Ferrothorn|Ferrothorn, F|100\/100|[from]move: U-turn\n|move|p2a: F you melmetal 2|Stealth Rock|p1a: Ferrothorn\n|-sidestart|p1: Kk_shnap|move: Stealth Rock\n|\n|-heal|p2a: F you melmetal 2|84\/100|[from] item: Leftovers\n|upkeep\n|turn|2\n|\n|t:|1667193257\n|switch|p2a: Fat Frog|Heatran, F|100\/100\n|move|p1a: Ferrothorn|Stealth Rock|p2a: Fat Frog\n|-sidestart|p2: cows123p|move: Stealth Rock\n|\n|upkeep\n|turn|3\n|\n|t:|1667193275\n|switch|p1a: Tapu Fini|Tapu Fini|100\/100\n|-damage|p1a: Tapu Fini|88\/100|[from] Stealth Rock\n|-fieldstart|move: Misty Terrain|[from] ability: Misty Surge|[of] p1a: Tapu Fini\n|move|p2a: Fat Frog|Magma Storm|p1a: Tapu Fini\n|-resisted|p1a: Tapu Fini\n|-damage|p1a: Tapu Fini|70\/100\n|-activate|p1a: Tapu Fini|move: Magma Storm|[of] p2a: Fat Frog\n|\n|-heal|p1a: Tapu Fini|77\/100|[from] item: Leftovers\n|-damage|p1a: Tapu Fini|64\/100|[from] move: Magma Storm|[partiallytrapped]\n|upkeep\n|turn|4\n|\n|t:|1667193286\n|move|p1a: Tapu Fini|Calm Mind|p1a: Tapu Fini\n|-boost|p1a: Tapu Fini|spa|1\n|-boost|p1a: Tapu Fini|spd|1\n|move|p2a: Fat Frog|Earth Power|p1a: Tapu Fini\n|-damage|p1a: Tapu Fini|50\/100\n|\n|-heal|p1a: Tapu Fini|56\/100|[from] item: Leftovers\n|-damage|p1a: Tapu Fini|44\/100|[from] move: Magma Storm|[partiallytrapped]\n|upkeep\n|turn|5\n|\n|t:|1667193294\n|switch|p2a: Avg. Melmetal User|Tapu Lele|100\/100\n|-damage|p2a: Avg. Melmetal User|88\/100|[from] Stealth Rock\n|-fieldstart|move: Psychic Terrain|[from] ability: Psychic Surge|[of] p2a: Avg. Melmetal User\n|move|p1a: Tapu Fini|Surf|p2a: Avg. Melmetal User\n|-damage|p2a: Avg. Melmetal User|48\/100\n|\n|-heal|p1a: Tapu Fini|50\/100|[from] item: Leftovers\n|-end|p1a: Tapu Fini|Magma Storm|[partiallytrapped]|[silent]\n|upkeep\n|turn|6\n|\n|t:|1667193304\n|switch|p1a: Ferrothorn|Ferrothorn, F|100\/100\n|-damage|p1a: Ferrothorn|95\/100|[from] Stealth Rock\n|move|p2a: Avg. Melmetal User|Psyshock|p1a: Ferrothorn\n|-resisted|p1a: Ferrothorn\n|-damage|p1a: Ferrothorn|71\/100\n|\n|upkeep\n|turn|7\n|\n|t:|1667193311\n|switch|p2a: Fat Frog|Heatran, F|100\/100\n|-damage|p2a: Fat Frog|88\/100|[from] Stealth Rock\n|move|p1a: Ferrothorn|Knock Off|p2a: Fat Frog\n|-damage|p2a: Fat Frog|71\/100\n|-enditem|p2a: Fat Frog|Leftovers|[from] move: Knock Off|[of] p1a: Ferrothorn\n|\n|upkeep\n|turn|8\n|\n|t:|1667193319\n|switch|p1a: Dragonite|Dragonite, F|100\/100\n|move|p2a: Fat Frog|Magma Storm|p1a: Dragonite\n|-resisted|p1a: Dragonite\n|-damage|p1a: Dragonite|78\/100\n|-activate|p1a: Dragonite|move: Magma Storm|[of] p2a: Fat Frog\n|\n|-damage|p1a: Dragonite|66\/100|[from] move: Magma Storm|[partiallytrapped]\n|upkeep\n|turn|9\n|\n|t:|1667193330\n|move|p1a: Dragonite|Earthquake|p2a: Fat Frog\n|-supereffective|p2a: Fat Frog\n|-damage|p2a: Fat Frog|0 fnt\n|faint|p2a: Fat Frog\n|\n|-end|p1a: Dragonite|Magma Storm|[partiallytrapped]|[silent]\n|-fieldend|move: Psychic Terrain\n|upkeep\n|\n|t:|1667193337\n|switch|p2a: I'm original|Dragapult, F|100\/100\n|-damage|p2a: I'm original|88\/100|[from] Stealth Rock\n|turn|10\n|\n|t:|1667193343\n|move|p2a: I'm original|Shadow Ball|p1a: Dragonite\n|-damage|p1a: Dragonite|11\/100\n|move|p1a: Dragonite|Ice Punch|p2a: I'm original\n|-supereffective|p2a: I'm original\n|-damage|p2a: I'm original|19\/100\n|\n|upkeep\n|turn|11\n|\n|t:|1667193349\n|move|p2a: I'm original|Shadow Ball|p1a: Dragonite\n|-damage|p1a: Dragonite|0 fnt\n|faint|p1a: Dragonite\n|\n|upkeep\n|\n|t:|1667193351\n|switch|p1a: Landorus|Landorus-Therian, M|100\/100\n|-damage|p1a: Landorus|88\/100|[from] Stealth Rock\n|-ability|p1a: Landorus|Intimidate|boost\n|-unboost|p2a: I'm original|atk|1\n|turn|12\n|\n|t:|1667193362\n|switch|p2a: I hate melmetal|Corviknight, M|100\/100\n|-damage|p2a: I hate melmetal|88\/100|[from] Stealth Rock\n|-ability|p2a: I hate melmetal|Pressure\n|move|p1a: Landorus|Knock Off|p2a: I hate melmetal\n|-damage|p2a: I hate melmetal|66\/100\n|-damage|p1a: Landorus|72\/100|[from] item: Rocky Helmet|[of] p2a: I hate melmetal\n|-enditem|p2a: I hate melmetal|Rocky Helmet|[from] move: Knock Off|[of] p1a: Landorus\n|\n|upkeep\n|turn|13\n|\n|t:|1667193372\n|switch|p1a: Tapu Koko|Tapu Koko|100\/100\n|-damage|p1a: Tapu Koko|88\/100|[from] Stealth Rock\n|-fieldstart|move: Electric Terrain|[from] ability: Electric Surge|[of] p1a: Tapu Koko\n|move|p2a: I hate melmetal|U-turn|p1a: Tapu Koko\n|-resisted|p1a: Tapu Koko\n|-damage|p1a: Tapu Koko|78\/100\n|\n|t:|1667193383\n|switch|p2a: F you melmetal 2|Swampert, F|84\/100|[from]move: U-turn\n|-damage|p2a: F you melmetal 2|78\/100|[from] Stealth Rock\n|\n|-heal|p2a: F you melmetal 2|84\/100|[from] item: Leftovers\n|upkeep\n|turn|14\n|\n|t:|1667193394\n|move|p1a: Tapu Koko|U-turn|p2a: F you melmetal 2\n|-damage|p2a: F you melmetal 2|70\/100\n|\n|t:|1667193397\n|switch|p1a: Reuniclus|Reuniclus, F|100\/100|[from]move: U-turn\n|move|p2a: F you melmetal 2|Earthquake|p1a: Reuniclus\n|-damage|p1a: Reuniclus|66\/100\n|\n|-heal|p2a: F you melmetal 2|76\/100|[from] item: Leftovers\n|-heal|p1a: Reuniclus|72\/100|[from] item: Leftovers\n|upkeep\n|turn|15\n|\n|t:|1667193406\n|move|p2a: F you melmetal 2|Flip Turn|p1a: Reuniclus\n|-damage|p1a: Reuniclus|48\/100\n|\n|t:|1667193409\n|switch|p2a: I'm original|Dragapult, F|19\/100|[from]move: Flip Turn\n|-damage|p2a: I'm original|7\/100|[from] Stealth Rock\n|move|p1a: Reuniclus|Calm Mind|p1a: Reuniclus\n|-boost|p1a: Reuniclus|spa|1\n|-boost|p1a: Reuniclus|spd|1\n|\n|-heal|p1a: Reuniclus|54\/100|[from] item: Leftovers\n|upkeep\n|turn|16\n|\n|t:|1667193418\n|move|p2a: I'm original|Shadow Ball|p1a: Reuniclus\n|-supereffective|p1a: Reuniclus\n|-damage|p1a: Reuniclus|5\/100\n|-unboost|p1a: Reuniclus|spd|1\n|move|p1a: Reuniclus|Recover|p1a: Reuniclus\n|-heal|p1a: Reuniclus|55\/100\n|\n|-heal|p1a: Reuniclus|61\/100|[from] item: Leftovers\n|upkeep\n|turn|17\n|\n|t:|1667193426\n|move|p2a: I'm original|Shadow Ball|p1a: Reuniclus\n|-supereffective|p1a: Reuniclus\n|-damage|p1a: Reuniclus|0 fnt\n|faint|p1a: Reuniclus\n|\n|-fieldend|move: Electric Terrain\n|upkeep\n|\n|t:|1667193430\n|switch|p1a: Landorus|Landorus-Therian, M|72\/100\n|-damage|p1a: Landorus|59\/100|[from] Stealth Rock\n|-ability|p1a: Landorus|Intimidate|boost\n|-unboost|p2a: I'm original|atk|1\n|turn|18\n|\n|t:|1667193435\n|move|p1a: Landorus|U-turn|p2a: I'm original\n|-resisted|p2a: I'm original\n|-damage|p2a: I'm original|0 fnt\n|faint|p2a: I'm original\n|\n|t:|1667193442\n|switch|p1a: Ferrothorn|Ferrothorn, F|71\/100|[from]move: U-turn\n|-damage|p1a: Ferrothorn|65\/100|[from] Stealth Rock\n|\n|upkeep\n|\n|t:|1667193449\n|switch|p2a: Bomk|Gyarados, M|100\/100\n|turn|19\n|\n|t:|1667193453\n|move|p2a: Bomk|Substitute|p2a: Bomk\n|-start|p2a: Bomk|Substitute\n|-damage|p2a: Bomk|76\/100\n|move|p1a: Ferrothorn|Leech Seed||[still]\n|-fail|p1a: Ferrothorn\n|\n|upkeep\n|turn|20\n|\n|t:|1667193458\n|move|p2a: Bomk|Dragon Dance|p2a: Bomk\n|-boost|p2a: Bomk|atk|1\n|-boost|p2a: Bomk|spe|1\n|move|p1a: Ferrothorn|Knock Off|p2a: Bomk\n|-end|p2a: Bomk|Substitute\n|\n|upkeep\n|turn|21\n|\n|t:|1667193464\n|move|p2a: Bomk|Dragon Dance|p2a: Bomk\n|-boost|p2a: Bomk|atk|1\n|-boost|p2a: Bomk|spe|1\n|move|p1a: Ferrothorn|Knock Off|p2a: Bomk\n|-damage|p2a: Bomk|50\/100\n|-enditem|p2a: Bomk|Heavy-Duty Boots|[from] move: Knock Off|[of] p1a: Ferrothorn\n|\n|upkeep\n|turn|22\n|\n|t:|1667193471\n|move|p2a: Bomk|Bounce||[still]\n|-prepare|p2a: Bomk|Bounce\n|move|p1a: Ferrothorn|Knock Off|p2a: Bomk|[miss]\n|-miss|p1a: Ferrothorn|p2a: Bomk\n|\n|upkeep\n|turn|23\n|\n|t:|1667193476\n|move|p2a: Bomk|Bounce|p1a: Ferrothorn|[from]lockedmove\n|-damage|p1a: Ferrothorn|9\/100\n|-damage|p2a: Bomk|38\/100|[from] ability: Iron Barbs|[of] p1a: Ferrothorn\n|move|p1a: Ferrothorn|Knock Off|p2a: Bomk\n|-damage|p2a: Bomk|20\/100\n|\n|upkeep\n|turn|24\n|\n|t:|1667193489\n|switch|p1a: Tapu Koko|Tapu Koko|78\/100\n|-damage|p1a: Tapu Koko|66\/100|[from] Stealth Rock\n|-fieldstart|move: Electric Terrain|[from] ability: Electric Surge|[of] p1a: Tapu Koko\n|move|p2a: Bomk|Waterfall|p1a: Tapu Koko\n|-damage|p1a: Tapu Koko|0 fnt\n|faint|p1a: Tapu Koko\n|-ability|p2a: Bomk|Moxie|boost\n|-boost|p2a: Bomk|atk|1\n|\n|upkeep\n|\n|t:|1667193494\n|switch|p1a: Landorus|Landorus-Therian, M|59\/100\n|-damage|p1a: Landorus|47\/100|[from] Stealth Rock\n|-ability|p1a: Landorus|Intimidate|boost\n|-unboost|p2a: Bomk|atk|1\n|turn|25\n|\n|t:|1667193503\n|switch|p1a: Ferrothorn|Ferrothorn, F|9\/100\n|-damage|p1a: Ferrothorn|3\/100|[from] Stealth Rock\n|move|p2a: Bomk|Waterfall|p1a: Ferrothorn\n|-resisted|p1a: Ferrothorn\n|-damage|p1a: Ferrothorn|0 fnt\n|-damage|p2a: Bomk|7\/100|[from] ability: Iron Barbs|[of] p1a: Ferrothorn\n|faint|p1a: Ferrothorn\n|-ability|p2a: Bomk|Moxie|boost\n|-boost|p2a: Bomk|atk|1\n|\n|upkeep\n|\n|t:|1667193506\n|switch|p1a: Tapu Fini|Tapu Fini|50\/100\n|-damage|p1a: Tapu Fini|38\/100|[from] Stealth Rock\n|-fieldstart|move: Misty Terrain|[from] ability: Misty Surge|[of] p1a: Tapu Fini\n|turn|26\n|c|\u2606Kk_shnap|Gg\n|\n|t:|1667193518\n|move|p2a: Bomk|Bounce||[still]\n|-prepare|p2a: Bomk|Bounce\n|move|p1a: Tapu Fini|Draining Kiss|p2a: Bomk|[miss]\n|-miss|p1a: Tapu Fini|p2a: Bomk\n|\n|-heal|p1a: Tapu Fini|44\/100|[from] item: Leftovers\n|upkeep\n|turn|27\n|\n|t:|1667193524\n|move|p2a: Bomk|Bounce|p1a: Tapu Fini|[from]lockedmove\n|-damage|p1a: Tapu Fini|0 fnt\n|faint|p1a: Tapu Fini\n|-ability|p2a: Bomk|Moxie|boost\n|-boost|p2a: Bomk|atk|1\n|\n|upkeep\n|c|\u2606cows123p|gg\n|c|\u2606Kk_shnap|U g to help me test some teams later?\n|c|\u2606Kk_shnap|Also sorry if i rushed lmao\n|\n|t:|1667193546\n|switch|p1a: Landorus|Landorus-Therian, M|47\/100\n|-damage|p1a: Landorus|35\/100|[from] Stealth Rock\n|-ability|p1a: Landorus|Intimidate|boost\n|-unboost|p2a: Bomk|atk|1\n|turn|28\n|c|\u2606cows123p|Sure, but not today, I have a report tmrw \ud83d\ude2d\ud83d\ude2d\n|\n|t:|1667193556\n|move|p2a: Bomk|Waterfall|p1a: Landorus\n|-supereffective|p1a: Landorus\n|-damage|p1a: Landorus|0 fnt\n|faint|p1a: Landorus\n|\n|win|cows123p\n","uploadtime":1667193563,"views":9,"p1id":"kkshnap","p2id":"cows123p","formatid":"gen8ou","rating":0,"private":0,"password":null}