{"id":"gen8uu-1027839428","p1":"Hockrou","p2":"Therockcena","format":"gen8uu","log":"|j|\u2606Hockrou\n|j|\u2606Therockcena\n|player|p1|Hockrou|162|1149\n|player|p2|Therockcena|1|1075\n|teamsize|p1|6\n|teamsize|p2|6\n|gametype|singles\n|gen|8\n|tier|[Gen 8] UU\n|rated|\n|rule|Sleep Clause Mod: Limit one foe put to sleep\n|rule|Species Clause: Limit one of each Pok\u00e9mon\n|rule|OHKO Clause: OHKO moves are banned\n|rule|Evasion Moves Clause: Evasion moves are banned\n|rule|Endless Battle Clause: Forcing endless battles is banned\n|rule|HP Percentage Mod: HP is shown in percentages\n|clearpoke\n|poke|p1|Charizard, M|\n|poke|p1|Lapras, F|\n|poke|p1|Snorlax, M|\n|poke|p1|Flygon, M|\n|poke|p1|Gardevoir, F|\n|poke|p1|Lucario, M|\n|poke|p2|Noivern, M|\n|poke|p2|Appletun, F|\n|poke|p2|Milotic, F|\n|poke|p2|Chandelure, F|\n|poke|p2|Araquanid, M|\n|poke|p2|Accelgor, M|\n|teampreview\n|\n|start\n|switch|p1a: Flygon|Flygon, M|100\/100\n|switch|p2a: Araquanid|Araquanid, M|100\/100\n|turn|1\n|\n|move|p1a: Flygon|U-turn|p2a: Araquanid\n|-damage|p2a: Araquanid|78\/100\n|inactive|Battle timer is ON: inactive players will automatically lose when time's up. (requested by Therockcena)\n|\n|switch|p1a: Lapras|Lapras, F|100\/100|[from]move: U-turn\n|move|p2a: Araquanid|Sticky Web|p1a: Lapras\n|-sidestart|p1: Hockrou|move: Sticky Web\n|\n|-heal|p2a: Araquanid|85\/100|[from] item: Leftovers\n|upkeep\n|turn|2\n|\n|move|p1a: Lapras|Freeze-Dry|p2a: Araquanid\n|-supereffective|p2a: Araquanid\n|-damage|p2a: Araquanid|48\/100\n|-status|p2a: Araquanid|frz\n|cant|p2a: Araquanid|frz\n|\n|-heal|p2a: Araquanid|54\/100 frz|[from] item: Leftovers\n|upkeep\n|turn|3\n|\n|move|p1a: Lapras|Freeze-Dry|p2a: Araquanid\n|-supereffective|p2a: Araquanid\n|-damage|p2a: Araquanid|17\/100 frz\n|-curestatus|p2a: Araquanid|frz|[msg]\n|move|p2a: Araquanid|Liquidation|p1a: Lapras\n|-immune|p1a: Lapras|[from] ability: Water Absorb\n|\n|-heal|p2a: Araquanid|23\/100|[from] item: Leftovers\n|upkeep\n|turn|4\n|\n|switch|p2a: Milotic|Milotic, F|100\/100\n|move|p1a: Lapras|Freeze-Dry|p2a: Milotic\n|-supereffective|p2a: Milotic\n|-damage|p2a: Milotic|68\/100\n|\n|-status|p2a: Milotic|brn|[from] item: Flame Orb\n|upkeep\n|turn|5\n|\n|move|p1a: Lapras|Freeze-Dry|p2a: Milotic\n|-supereffective|p2a: Milotic\n|-damage|p2a: Milotic|33\/100 brn\n|move|p2a: Milotic|Scald|p1a: Lapras\n|-immune|p1a: Lapras|[from] ability: Water Absorb\n|\n|-damage|p2a: Milotic|27\/100 brn|[from] brn\n|upkeep\n|turn|6\n|\n|move|p1a: Lapras|Freeze-Dry|p2a: Milotic\n|-supereffective|p2a: Milotic\n|-damage|p2a: Milotic|0 fnt\n|faint|p2a: Milotic\n|\n|upkeep\n|\n|switch|p2a: Chandelure|Chandelure, F|100\/100\n|turn|7\n|\n|-start|p2a: Chandelure|Dynamax\n|-heal|p2a: Chandelure|100\/100|[silent]\n|move|p2a: Chandelure|Max Flare|p1a: Lapras\n|-damage|p1a: Lapras|33\/100\n|-weather|SunnyDay\n|move|p1a: Lapras|Surf|p2a: Chandelure\n|-supereffective|p2a: Chandelure\n|-damage|p2a: Chandelure|71\/100\n|\n|-weather|SunnyDay|[upkeep]\n|-heal|p1a: Lapras|39\/100|[from] item: Leftovers\n|upkeep\n|turn|8\n|\n|switch|p1a: Snorlax|Snorlax, M|100\/100\n|-activate|p1a: Snorlax|move: Sticky Web\n|-unboost|p1a: Snorlax|spe|1\n|move|p2a: Chandelure|Max Overgrowth|p1a: Snorlax\n|-damage|p1a: Snorlax|67\/100\n|-fieldstart|move: Grassy Terrain\n|\n|-weather|SunnyDay|[upkeep]\n|-heal|p2a: Chandelure|74\/100|[from] Grassy Terrain\n|-heal|p1a: Snorlax|74\/100|[from] item: Leftovers\n|-heal|p1a: Snorlax|80\/100|[from] Grassy Terrain\n|upkeep\n|turn|9\n|\n|move|p2a: Chandelure|Max Flare|p1a: Snorlax\n|-damage|p1a: Snorlax|41\/100\n|move|p1a: Snorlax|Crunch|p2a: Chandelure\n|-supereffective|p2a: Chandelure\n|-damage|p2a: Chandelure|37\/100\n|\n|-weather|SunnyDay|[upkeep]\n|-heal|p2a: Chandelure|40\/100|[from] Grassy Terrain\n|-heal|p1a: Snorlax|47\/100|[from] item: Leftovers\n|-heal|p1a: Snorlax|53\/100|[from] Grassy Terrain\n|-end|p2a: Chandelure|Dynamax\n|-heal|p2a: Chandelure|40\/100|[silent]\n|upkeep\n|turn|10\n|\n|move|p2a: Chandelure|Flamethrower|p1a: Snorlax\n|-damage|p1a: Snorlax|28\/100\n|move|p1a: Snorlax|Crunch|p2a: Chandelure\n|-supereffective|p2a: Chandelure\n|-damage|p2a: Chandelure|0 fnt\n|faint|p2a: Chandelure\n|\n|-weather|SunnyDay|[upkeep]\n|-heal|p1a: Snorlax|34\/100|[from] item: Leftovers\n|-heal|p1a: Snorlax|40\/100|[from] Grassy Terrain\n|upkeep\n|\n|switch|p2a: Noivern|Noivern, M|100\/100\n|turn|11\n|\n|move|p2a: Noivern|Draco Meteor|p1a: Snorlax\n|-damage|p1a: Snorlax|0 fnt\n|-unboost|p2a: Noivern|spa|2\n|-damage|p2a: Noivern|91\/100|[from] item: Life Orb\n|faint|p1a: Snorlax\n|\n|-weather|none\n|upkeep\n|\n|switch|p1a: Charizard|Charizard, M|100\/100\n|turn|12\n|\n|switch|p2a: Araquanid|Araquanid, M|23\/100\n|-start|p1a: Charizard|Dynamax\n|-heal|p1a: Charizard|100\/100|[silent]\n|move|p1a: Charizard|Max Wyrmwind|p2a: Araquanid\n|-damage|p2a: Araquanid|0 fnt\n|faint|p2a: Araquanid\n|\n|-fieldend|move: Grassy Terrain\n|upkeep\n|\n|switch|p2a: Noivern|Noivern, M|91\/100\n|turn|13\n|\n|move|p2a: Noivern|Hurricane|p1a: Charizard|[miss]\n|-miss|p2a: Noivern|p1a: Charizard\n|move|p1a: Charizard|Max Wyrmwind|p2a: Noivern\n|-supereffective|p2a: Noivern\n|-damage|p2a: Noivern|0 fnt\n|faint|p2a: Noivern\n|\n|upkeep\n|\n|switch|p2a: Accelgor|Accelgor, M|100\/100\n|turn|14\n|-message|Therockcena forfeited.\n|\n|win|Hockrou\n|l|\u2606Therockcena\n||Ladder (probably) updated, but score could not be retrieved (Response not received).\n|error|Unexpected response null from ladder server.\n","uploadtime":1576083707,"views":5,"p1id":"hockrou","p2id":"therockcena","formatid":"gen8uu","rating":0,"private":0,"password":null}