{"id":"gen8ou-1493115432","p1":"Jamario Mariomario","p2":"i lost noob again","format":"gen8ou","log":"|j|\u2606Jamario Mariomario\n|j|\u2606i lost noob again\n|t:|1642424772\n|gametype|singles\n|player|p1|Jamario Mariomario|bugcatcher|1603\n|player|p2|i lost noob again|misty-gen1|1725\n|teamsize|p1|6\n|teamsize|p2|6\n|gen|8\n|tier|[Gen 8] OU\n|rated|\n|rule|Sleep Clause Mod: Limit one foe put to sleep\n|rule|Species Clause: Limit one of each Pok\u00e9mon\n|rule|OHKO Clause: OHKO moves are banned\n|rule|Evasion Moves Clause: Evasion moves are banned\n|rule|Endless Battle Clause: Forcing endless battles is banned\n|rule|HP Percentage Mod: HP is shown in percentages\n|rule|Dynamax Clause: You cannot dynamax\n|clearpoke\n|poke|p1|Volcanion|\n|poke|p1|Scizor, M|\n|poke|p1|Landorus-Therian, M|\n|poke|p1|Blissey, F|\n|poke|p1|Weavile, F|\n|poke|p1|Alakazam, M|\n|poke|p2|Pelipper, F|\n|poke|p2|Seismitoad, M|\n|poke|p2|Crawdaunt, M|\n|poke|p2|Blissey, F|\n|poke|p2|Amoonguss, F|\n|poke|p2|Zapdos-Galar|\n|teampreview\n|inactive|Battle timer is ON: inactive players will automatically lose when time's up. (requested by Jamario Mariomario)\n|\n|t:|1642424776\n|start\n|switch|p1a: Volcanion|Volcanion|100\/100\n|switch|p2a: Zapdos|Zapdos-Galar|100\/100\n|turn|1\n|\n|t:|1642424784\n|switch|p1a: Scizor|Scizor, M|100\/100\n|move|p2a: Zapdos|Brave Bird|p1a: Scizor\n|-damage|p1a: Scizor|33\/100\n|-damage|p2a: Zapdos|77\/100|[from] Recoil\n|\n|upkeep\n|turn|2\n|\n|t:|1642424791\n|move|p2a: Zapdos|Brave Bird|p1a: Scizor\n|-damage|p1a: Scizor|0 fnt\n|faint|p1a: Scizor\n|-damage|p2a: Zapdos|65\/100|[from] Recoil\n|\n|upkeep\n|\n|t:|1642424793\n|switch|p1a: Alakazam|Alakazam, M|100\/100\n|turn|3\n|\n|t:|1642424801\n|switch|p2a: Blissey|Blissey, F|100\/100\n|move|p1a: Alakazam|Nasty Plot|p1a: Alakazam\n|-boost|p1a: Alakazam|spa|2\n|\n|upkeep\n|turn|4\n|\n|t:|1642424804\n|move|p1a: Alakazam|Psyshock|p2a: Blissey\n|-damage|p2a: Blissey|8\/100\n|move|p2a: Blissey|Seismic Toss|p1a: Alakazam\n|-damage|p1a: Alakazam|61\/100\n|\n|upkeep\n|turn|5\n|\n|t:|1642424808\n|switch|p2a: Crawdaunt|Crawdaunt, M|100\/100\n|move|p1a: Alakazam|Psyshock|p2a: Crawdaunt\n|-immune|p2a: Crawdaunt\n|\n|upkeep\n|turn|6\n|\n|t:|1642424814\n|switch|p1a: Volcanion|Volcanion|100\/100\n|move|p2a: Crawdaunt|Knock Off|p1a: Volcanion\n|-damage|p1a: Volcanion|18\/100\n|-enditem|p1a: Volcanion|Choice Specs|[from] move: Knock Off|[of] p2a: Crawdaunt\n|\n|upkeep\n|turn|7\n|\n|t:|1642424821\n|switch|p1a: Landorus|Landorus-Therian, M|100\/100\n|-ability|p1a: Landorus|Intimidate|boost\n|-unboost|p2a: Crawdaunt|atk|1\n|move|p2a: Crawdaunt|Knock Off|p1a: Landorus\n|-damage|p1a: Landorus|49\/100\n|-damage|p2a: Crawdaunt|84\/100|[from] item: Rocky Helmet|[of] p1a: Landorus\n|-enditem|p1a: Landorus|Rocky Helmet|[from] move: Knock Off|[of] p2a: Crawdaunt\n|\n|upkeep\n|turn|8\n|j| wda323\n|\n|t:|1642424825\n|switch|p2a: Zapdos|Zapdos-Galar|65\/100\n|move|p1a: Landorus|U-turn|p2a: Zapdos\n|-resisted|p2a: Zapdos\n|-damage|p2a: Zapdos|58\/100\n|\n|t:|1642424828\n|switch|p1a: Alakazam|Alakazam, M|61\/100|[from]move: U-turn\n|\n|upkeep\n|turn|9\n|\n|t:|1642424832\n|switch|p2a: Amoonguss|Amoonguss, F|100\/100\n|move|p1a: Alakazam|Psyshock|p2a: Amoonguss\n|-supereffective|p2a: Amoonguss\n|-damage|p2a: Amoonguss|41\/100\n|\n|upkeep\n|turn|10\n|\n|t:|1642424835\n|move|p1a: Alakazam|Focus Blast|p2a: Amoonguss|[miss]\n|-miss|p1a: Alakazam|p2a: Amoonguss\n|move|p2a: Amoonguss|Foul Play|p1a: Alakazam\n|-supereffective|p1a: Alakazam\n|-damage|p1a: Alakazam|18\/100\n|\n|upkeep\n|turn|11\n|\n|t:|1642424844\n|move|p1a: Alakazam|Psyshock|p2a: Amoonguss\n|-supereffective|p2a: Amoonguss\n|-damage|p2a: Amoonguss|0 fnt\n|faint|p2a: Amoonguss\n|\n|upkeep\n|\n|t:|1642424848\n|switch|p2a: Pelipper|Pelipper, F|100\/100\n|-weather|RainDance|[from] ability: Drizzle|[of] p2a: Pelipper\n|turn|12\n|\n|t:|1642424855\n|move|p1a: Alakazam|Psyshock|p2a: Pelipper\n|-damage|p2a: Pelipper|63\/100\n|move|p2a: Pelipper|U-turn|p1a: Alakazam\n|-supereffective|p1a: Alakazam\n|-damage|p1a: Alakazam|0 fnt\n|faint|p1a: Alakazam\n|\n|t:|1642424863\n|switch|p2a: Seismitoad|Seismitoad, M|100\/100|[from]move: U-turn\n|\n|-weather|RainDance|[upkeep]\n|upkeep\n|\n|t:|1642424869\n|switch|p1a: Blissey|Blissey, F|100\/100\n|turn|13\n|\n|t:|1642424873\n|switch|p2a: Blissey|Blissey, F|8\/100\n|move|p1a: Blissey|Teleport|p1a: Blissey\n|\n|t:|1642424875\n|switch|p1a: Weavile|Weavile, F|100\/100|[from]move: Teleport\n|-ability|p1a: Weavile|Pressure\n|\n|-weather|RainDance|[upkeep]\n|upkeep\n|turn|14\n|\n|t:|1642424878\n|move|p1a: Weavile|Knock Off|p2a: Blissey\n|-damage|p2a: Blissey|0 fnt\n|-enditem|p2a: Blissey|Heavy-Duty Boots|[from] move: Knock Off|[of] p1a: Weavile\n|faint|p2a: Blissey\n|\n|-weather|RainDance|[upkeep]\n|upkeep\n|\n|t:|1642424884\n|switch|p2a: Crawdaunt|Crawdaunt, M|84\/100\n|turn|15\n|\n|t:|1642424887\n|switch|p1a: Volcanion|Volcanion|18\/100\n|move|p2a: Crawdaunt|Knock Off|p1a: Volcanion\n|-damage|p1a: Volcanion|0 fnt\n|faint|p1a: Volcanion\n|\n|-weather|RainDance|[upkeep]\n|upkeep\n|\n|t:|1642424890\n|switch|p1a: Weavile|Weavile, F|100\/100\n|-ability|p1a: Weavile|Pressure\n|turn|16\n|\n|t:|1642424899\n|switch|p2a: Zapdos|Zapdos-Galar|58\/100\n|move|p1a: Weavile|Low Kick|p2a: Zapdos\n|-resisted|p2a: Zapdos\n|-damage|p2a: Zapdos|34\/100\n|\n|-weather|RainDance|[upkeep]\n|upkeep\n|turn|17\n|\n|t:|1642424909\n|switch|p1a: Landorus|Landorus-Therian, M|49\/100\n|-ability|p1a: Landorus|Intimidate|boost\n|-unboost|p2a: Zapdos|atk|1\n|-ability|p2a: Zapdos|Defiant\n|-boost|p2a: Zapdos|atk|2\n|move|p2a: Zapdos|Drill Peck|p1a: Landorus\n|-damage|p1a: Landorus|0 fnt\n|faint|p1a: Landorus\n|\n|-weather|RainDance|[upkeep]\n|upkeep\n|\n|t:|1642424914\n|switch|p1a: Weavile|Weavile, F|100\/100\n|-ability|p1a: Weavile|Pressure\n|turn|18\n|\n|t:|1642424917\n|move|p1a: Weavile|Triple Axel|p2a: Zapdos\n|-supereffective|p2a: Zapdos\n|-damage|p2a: Zapdos|0 fnt\n|faint|p2a: Zapdos\n|-hitcount|p2: Zapdos|1\n|\n|-weather|RainDance|[upkeep]\n|upkeep\n|\n|t:|1642424918\n|switch|p2a: Crawdaunt|Crawdaunt, M|84\/100\n|turn|19\n|\n|t:|1642424923\n|move|p1a: Weavile|Triple Axel|p2a: Crawdaunt\n|-resisted|p2a: Crawdaunt\n|-damage|p2a: Crawdaunt|73\/100\n|-resisted|p2a: Crawdaunt\n|-damage|p2a: Crawdaunt|49\/100\n|-resisted|p2a: Crawdaunt\n|-damage|p2a: Crawdaunt|19\/100\n|-hitcount|p2a: Crawdaunt|3\n|move|p2a: Crawdaunt|Crabhammer|p1a: Weavile\n|-crit|p1a: Weavile\n|-damage|p1a: Weavile|0 fnt\n|faint|p1a: Weavile\n|\n|-weather|none\n|upkeep\n|-message|Jamario Mariomario forfeited.\n|\n|win|i lost noob again\n|raw|Jamario Mariomario's rating: 1603 &rarr; <strong>1590<\/strong><br \/>(-13 for losing)\n|raw|i lost noob again's rating: 1725 &rarr; <strong>1738<\/strong><br \/>(+13 for winning)\n|l|\u2606Jamario Mariomario\n|l| wda323\n","uploadtime":1642424939,"views":43,"p1id":"jamariomariomario","p2id":"ilostnoobagain","formatid":"gen8ou","rating":1590,"private":0,"password":null}