{"id":"gen8nationaldex-1469181700","p1":"crash&coco159","p2":"Kikoobuster","format":"gen8nationaldex","log":"|j|\u2606crash&coco159\n|j|\u2606Kikoobuster\n|t:|1638982478\n|gametype|singles\n|player|p1|crash&coco159|101|1445\n|player|p2|Kikoobuster|n|1590\n|teamsize|p1|6\n|teamsize|p2|6\n|gen|8\n|tier|[Gen 8] National Dex\n|rated|\n|rule|HP Percentage Mod: HP is shown in percentages\n|rule|Endless Battle Clause: Forcing endless battles is banned\n|rule|OHKO Clause: OHKO moves are banned\n|rule|Evasion Moves Clause: Evasion moves are banned\n|rule|Species Clause: Limit one of each Pok\u00e9mon\n|rule|Dynamax Clause: You cannot dynamax\n|rule|Sleep Clause Mod: Limit one foe put to sleep\n|clearpoke\n|poke|p1|Salamence, M|\n|poke|p1|Blissey, F|\n|poke|p1|Slowbro, M|\n|poke|p1|Runerigus, M|\n|poke|p1|Incineroar, F|\n|poke|p1|Skarmory, F|\n|poke|p2|Meloetta|\n|poke|p2|Empoleon, F|\n|poke|p2|Bisharp, M|\n|poke|p2|Infernape, M|\n|poke|p2|Altaria, M|\n|poke|p2|Landorus-Therian, M|\n|teampreview\n|\n|t:|1638982485\n|start\n|switch|p1a: Slowbro|Slowbro, M|100\/100\n|switch|p2a: Empoleon|Empoleon, F|100\/100\n|turn|1\n|\n|t:|1638982491\n|move|p2a: Empoleon|Toxic|p1a: Slowbro\n|-status|p1a: Slowbro|tox\n|move|p1a: Slowbro|Scald|p2a: Empoleon\n|-resisted|p2a: Empoleon\n|-damage|p2a: Empoleon|88\/100\n|\n|-heal|p2a: Empoleon|94\/100|[from] item: Leftovers\n|-damage|p1a: Slowbro|94\/100 tox|[from] psn\n|upkeep\n|turn|2\n|\n|t:|1638982500\n|move|p2a: Empoleon|Stealth Rock|p1a: Slowbro\n|-sidestart|p1: crash&coco159|move: Stealth Rock\n|move|p1a: Slowbro|Scald|p2a: Empoleon\n|-resisted|p2a: Empoleon\n|-damage|p2a: Empoleon|82\/100\n|-status|p2a: Empoleon|brn\n|\n|-heal|p2a: Empoleon|88\/100 brn|[from] item: Leftovers\n|-damage|p1a: Slowbro|82\/100 tox|[from] psn\n|-damage|p2a: Empoleon|82\/100 brn|[from] brn\n|upkeep\n|turn|3\n|\n|t:|1638982510\n|switch|p1a: Skarmory|Skarmory, F|100\/100\n|move|p2a: Empoleon|Toxic|p1a: Skarmory\n|-immune|p1a: Skarmory\n|\n|-heal|p2a: Empoleon|88\/100 brn|[from] item: Leftovers\n|-damage|p2a: Empoleon|82\/100 brn|[from] brn\n|upkeep\n|turn|4\n|inactive|Battle timer is ON: inactive players will automatically lose when time's up. (requested by Kikoobuster)\n|\n|t:|1638982518\n|move|p1a: Skarmory|Defog|p2a: Empoleon\n|-unboost|p2a: Empoleon|evasion|1\n|-sideend|p1: crash&coco159|Stealth Rock|[from] move: Defog|[of] p1a: Skarmory\n|move|p2a: Empoleon|Scald|p1a: Skarmory\n|-damage|p1a: Skarmory|60\/100\n|-status|p1a: Skarmory|brn\n|\n|-heal|p2a: Empoleon|88\/100 brn|[from] item: Leftovers\n|-damage|p1a: Skarmory|54\/100 brn|[from] brn\n|-damage|p2a: Empoleon|82\/100 brn|[from] brn\n|upkeep\n|turn|5\n|\n|t:|1638982529\n|move|p1a: Skarmory|Roost|p1a: Skarmory\n|-heal|p1a: Skarmory|100\/100 brn\n|-singleturn|p1a: Skarmory|move: Roost\n|move|p2a: Empoleon|Stealth Rock|p1a: Skarmory\n|-sidestart|p1: crash&coco159|move: Stealth Rock\n|\n|-heal|p2a: Empoleon|88\/100 brn|[from] item: Leftovers\n|-damage|p1a: Skarmory|95\/100 brn|[from] brn\n|-damage|p2a: Empoleon|82\/100 brn|[from] brn\n|upkeep\n|turn|6\n|\n|t:|1638982538\n|switch|p2a: Altaria|Altaria, M|100\/100\n|-ability|p2a: Altaria|Cloud Nine\n|move|p1a: Skarmory|Defog|p2a: Altaria\n|-unboost|p2a: Altaria|evasion|1\n|-sideend|p1: crash&coco159|Stealth Rock|[from] move: Defog|[of] p1a: Skarmory\n|\n|-damage|p1a: Skarmory|89\/100 brn|[from] brn\n|upkeep\n|turn|7\n|\n|t:|1638982548\n|switch|p1a: Incineroar|Incineroar, F|100\/100\n|-ability|p1a: Incineroar|Intimidate|boost\n|-unboost|p2a: Altaria|atk|1\n|detailschange|p2a: Altaria|Altaria-Mega, M\n|-mega|p2a: Altaria|Altaria|Altarianite\n|move|p2a: Altaria|Dragon Dance|p2a: Altaria\n|-boost|p2a: Altaria|atk|1\n|-boost|p2a: Altaria|spe|1\n|\n|upkeep\n|turn|8\n|\n|t:|1638982557\n|switch|p1a: Runerigus|Runerigus, M|100\/100\n|move|p2a: Altaria|Dragon Dance|p2a: Altaria\n|-boost|p2a: Altaria|atk|1\n|-boost|p2a: Altaria|spe|1\n|\n|upkeep\n|turn|9\n|\n|t:|1638982563\n|move|p2a: Altaria|Dragon Dance|p2a: Altaria\n|-boost|p2a: Altaria|atk|1\n|-boost|p2a: Altaria|spe|1\n|move|p1a: Runerigus|Will-O-Wisp|p2a: Altaria\n|-status|p2a: Altaria|brn\n|\n|-damage|p2a: Altaria|94\/100 brn|[from] brn\n|upkeep\n|turn|10\n|\n|t:|1638982571\n|move|p2a: Altaria|Return|p1a: Runerigus\n|-damage|p1a: Runerigus|66\/100\n|-activate|p1a: Runerigus|ability: Wandering Spirit|Pixilate|Wandering Spirit|[of] p2a: Altaria\n|move|p1a: Runerigus|Stealth Rock|p2a: Altaria\n|-sidestart|p2: Kikoobuster|move: Stealth Rock\n|\n|-heal|p1a: Runerigus|73\/100|[from] item: Leftovers\n|-damage|p2a: Altaria|88\/100 brn|[from] brn\n|upkeep\n|turn|11\n|\n|t:|1638982580\n|move|p2a: Altaria|Return|p1a: Runerigus\n|-immune|p1a: Runerigus\n|move|p1a: Runerigus|Night Shade|p2a: Altaria\n|-damage|p2a: Altaria|54\/100 brn\n|\n|-heal|p1a: Runerigus|79\/100|[from] item: Leftovers\n|-damage|p2a: Altaria|48\/100 brn|[from] brn\n|upkeep\n|turn|12\n|\n|t:|1638982589\n|move|p2a: Altaria|Earthquake|p1a: Runerigus\n|-damage|p1a: Runerigus|58\/100\n|move|p1a: Runerigus|Night Shade|p2a: Altaria\n|-damage|p2a: Altaria|13\/100 brn\n|\n|-heal|p1a: Runerigus|64\/100|[from] item: Leftovers\n|-damage|p2a: Altaria|7\/100 brn|[from] brn\n|upkeep\n|turn|13\n|\n|t:|1638982597\n|move|p2a: Altaria|Fire Blast|p1a: Runerigus\n|-damage|p1a: Runerigus|35\/100\n|move|p1a: Runerigus|Night Shade|p2a: Altaria\n|-damage|p2a: Altaria|0 fnt\n|faint|p2a: Altaria\n|\n|-heal|p1a: Runerigus|42\/100|[from] item: Leftovers\n|upkeep\n|\n|t:|1638982606\n|switch|p2a: Bisharp|Bisharp, M|100\/100\n|-damage|p2a: Bisharp|95\/100|[from] Stealth Rock\n|turn|14\n|\n|t:|1638982609\n|move|p2a: Bisharp|Knock Off|p1a: Runerigus\n|-supereffective|p1a: Runerigus\n|-damage|p1a: Runerigus|0 fnt\n|-enditem|p1a: Runerigus|Leftovers|[from] move: Knock Off|[of] p2a: Bisharp\n|faint|p1a: Runerigus\n|-damage|p2a: Bisharp|85\/100|[from] item: Life Orb\n|\n|upkeep\n|\n|t:|1638982624\n|switch|p1a: Salamence|Salamence, M|100\/100\n|turn|15\n|\n|t:|1638982629\n|switch|p2a: Landorus|Landorus-Therian, M|100\/100\n|-damage|p2a: Landorus|88\/100|[from] Stealth Rock\n|-ability|p2a: Landorus|Intimidate|boost\n|-unboost|p1a: Salamence|atk|1\n|move|p1a: Salamence|Dragon Dance|p1a: Salamence\n|-boost|p1a: Salamence|atk|1\n|-boost|p1a: Salamence|spe|1\n|\n|upkeep\n|turn|16\n|\n|t:|1638982638\n|-zpower|p1a: Salamence\n|move|p1a: Salamence|Supersonic Skystrike|p2a: Landorus|[zeffect]\n|-damage|p2a: Landorus|0 fnt\n|faint|p2a: Landorus\n|-ability|p1a: Salamence|Moxie|boost\n|-boost|p1a: Salamence|atk|1\n|\n|upkeep\n|\n|t:|1638982649\n|switch|p2a: Meloetta|Meloetta|100\/100\n|-damage|p2a: Meloetta|88\/100|[from] Stealth Rock\n|turn|17\n|\n|t:|1638982655\n|move|p1a: Salamence|Dragon Claw|p2a: Meloetta\n|-damage|p2a: Meloetta|12\/100\n|-zpower|p2a: Meloetta\n|move|p2a: Meloetta|Z-Celebrate|p2a: Meloetta|[anim]Celebrate\n|-boost|p2a: Meloetta|atk|1|[zeffect]\n|-boost|p2a: Meloetta|def|1|[zeffect]\n|-boost|p2a: Meloetta|spa|1|[zeffect]\n|-boost|p2a: Meloetta|spd|1|[zeffect]\n|-boost|p2a: Meloetta|spe|1|[zeffect]\n|-activate|p2a: Meloetta|move: Celebrate\n|\n|upkeep\n|turn|18\n|\n|t:|1638982664\n|move|p1a: Salamence|Dragon Claw|p2a: Meloetta\n|-damage|p2a: Meloetta|0 fnt\n|faint|p2a: Meloetta\n|-ability|p1a: Salamence|Moxie|boost\n|-boost|p1a: Salamence|atk|1\n|\n|upkeep\n|\n|t:|1638982667\n|switch|p2a: Empoleon|Empoleon, F|82\/100 brn\n|-damage|p2a: Empoleon|75\/100 brn|[from] Stealth Rock\n|turn|19\n|\n|t:|1638982673\n|move|p1a: Salamence|Earthquake|p2a: Empoleon\n|-supereffective|p2a: Empoleon\n|-damage|p2a: Empoleon|0 fnt\n|faint|p2a: Empoleon\n|-ability|p1a: Salamence|Moxie|boost\n|-boost|p1a: Salamence|atk|1\n|\n|upkeep\n|\n|t:|1638982675\n|switch|p2a: Bisharp|Bisharp, M|85\/100\n|-damage|p2a: Bisharp|79\/100|[from] Stealth Rock\n|turn|20\n|\n|t:|1638982681\n|move|p2a: Bisharp|Sucker Punch|p1a: Salamence\n|-crit|p1a: Salamence\n|-damage|p1a: Salamence|19\/100\n|-damage|p2a: Bisharp|69\/100|[from] item: Life Orb\n|move|p1a: Salamence|Earthquake|p2a: Bisharp\n|-supereffective|p2a: Bisharp\n|-damage|p2a: Bisharp|0 fnt\n|faint|p2a: Bisharp\n|-ability|p1a: Salamence|Moxie|boost\n|-boost|p1a: Salamence|atk|1\n|\n|upkeep\n|\n|t:|1638982684\n|switch|p2a: Infernape|Infernape, M|100\/100\n|-damage|p2a: Infernape|88\/100|[from] Stealth Rock\n|turn|21\n|c|\u2606Kikoobuster|gg\n|c|\u2606crash&coco159|gg\n|\n|t:|1638982693\n|move|p2a: Infernape|Flare Blitz|p1a: Salamence\n|-resisted|p1a: Salamence\n|-damage|p1a: Salamence|0 fnt\n|faint|p1a: Salamence\n|-damage|p2a: Infernape|81\/100|[from] Recoil\n|\n|upkeep\n|\n|t:|1638982699\n|switch|p1a: Slowbro|Slowbro, M|100\/100 tox\n|turn|22\n|\n|t:|1638982702\n|detailschange|p1a: Slowbro|Slowbro-Mega, M\n|-mega|p1a: Slowbro|Slowbro|Slowbronite\n|move|p2a: Infernape|Flare Blitz|p1a: Slowbro\n|-resisted|p1a: Slowbro\n|-damage|p1a: Slowbro|86\/100 tox\n|-damage|p2a: Infernape|75\/100|[from] Recoil\n|move|p1a: Slowbro|Psychic|p2a: Infernape\n|-supereffective|p2a: Infernape\n|-damage|p2a: Infernape|0 fnt\n|faint|p2a: Infernape\n|\n|win|crash&coco159\n|raw|crash&amp;coco159's rating: 1445 &rarr; <strong>1473<\/strong><br \/>(+28 for winning)\n|raw|Kikoobuster's rating: 1590 &rarr; <strong>1562<\/strong><br \/>(-28 for losing)\n|l|\u2606Kikoobuster\n||Ladder isn't responding, score probably updated but might not have (Request timeout).\n","uploadtime":1638982714,"views":12,"p1id":"crashcoco159","p2id":"kikoobuster","formatid":"gen8nationaldex","rating":1473,"private":0,"password":null}