{"id":"gen8vgc2022-1620250726","p1":"That_Leek","p2":"Forwards","format":"gen8vgc2022","log":"|j|\u2606That_Leek\n|j|\u2606Forwards\n|t:|1658188624\n|gametype|doubles\n|player|p1|That_Leek|blue|\n|player|p2|Forwards|adaman|\n|teamsize|p1|6\n|teamsize|p2|6\n|gen|8\n|tier|[Gen 8] VGC 2022\n|rated|Tournament battle\n|rule|Species Clause: Limit one of each Pok\u00e9mon\n|rule|Item Clause: Limit one of each item\n|clearpoke\n|poke|p1|Dialga, L50|\n|poke|p1|Landorus-Therian, L50, M|\n|poke|p1|Wartortle, L50, M|\n|poke|p1|Kyogre, L50|\n|poke|p1|Whimsicott, L50, F|\n|poke|p1|Thundurus, L50, M|\n|poke|p2|Kyogre, L50|\n|poke|p2|Palkia, L50|\n|poke|p2|Whimsicott, L50, F|\n|poke|p2|Incineroar, L50, F|\n|poke|p2|Raichu, L50, M|\n|poke|p2|Gothitelle, L50, F|\n|teampreview|4\n|j|%Borghi\n|c|\u2606That_Leek|glhf\n|l|%Borghi\n|c|\u2606Forwards|gl\n|\n|t:|1658188680\n|start\n|switch|p1a: Wartortle|Wartortle, L50, M|100\/100\n|switch|p1b: Dialga|Dialga, L50|100\/100\n|switch|p2a: Palkia|Palkia, L50|100\/100\n|switch|p2b: Raichu|Raichu, L50, M|100\/100\n|turn|1\n|\n|t:|1658188730\n|-start|p2a: Palkia|Dynamax|\n|-heal|p2a: Palkia|100\/100|[silent]\n|-start|p1b: Dialga|Dynamax|\n|-heal|p1b: Dialga|100\/100|[silent]\n|move|p2b: Raichu|Fake Out|p1a: Wartortle\n|-damage|p1a: Wartortle|94\/100\n|cant|p1a: Wartortle|flinch\n|move|p2a: Palkia|Max Quake|p1b: Dialga\n|-supereffective|p1b: Dialga\n|-damage|p1b: Dialga|64\/100\n|-boost|p2a: Palkia|spd|1\n|-boost|p2b: Raichu|spd|1\n|move|p1b: Dialga|Max Quake|p2b: Raichu\n|-supereffective|p2b: Raichu\n|-enditem|p2b: Raichu|Focus Sash\n|-damage|p2b: Raichu|1\/100\n|-boost|p1a: Wartortle|spd|1\n|-boost|p1b: Dialga|spd|1\n|\n|upkeep\n|turn|2\n|\n|t:|1658188763\n|move|p1a: Wartortle|Aqua Jet|p2b: Raichu\n|-damage|p2b: Raichu|0 fnt\n|faint|p2b: Raichu\n|move|p2a: Palkia|Max Quake|p1b: Dialga\n|-supereffective|p1b: Dialga\n|-damage|p1b: Dialga|37\/100\n|-boost|p2a: Palkia|spd|1\n|move|p1b: Dialga|Max Wyrmwind|p2a: Palkia\n|-supereffective|p2a: Palkia\n|-damage|p2a: Palkia|62\/100\n|-unboost|p2a: Palkia|atk|1\n|\n|upkeep\n|\n|t:|1658188770\n|switch|p2b: Kyogre|Kyogre, L50|100\/100\n|-weather|RainDance|[from] ability: Drizzle|[of] p2b: Kyogre\n|turn|3\n|\n|t:|1658188787\n|move|p1a: Wartortle|Helping Hand|p1b: Dialga\n|-singleturn|p1b: Dialga|Helping Hand|[of] p1a: Wartortle\n|move|p2b: Kyogre|Thunder|p1a: Wartortle\n|-supereffective|p1a: Wartortle\n|-damage|p1a: Wartortle|35\/100\n|move|p2a: Palkia|Max Quake|p1b: Dialga\n|-supereffective|p1b: Dialga\n|-damage|p1b: Dialga|14\/100\n|-boost|p2a: Palkia|spd|1\n|-boost|p2b: Kyogre|spd|1\n|move|p1b: Dialga|Max Wyrmwind|p2a: Palkia\n|-supereffective|p2a: Palkia\n|-damage|p2a: Palkia|17\/100\n|-unboost|p2a: Palkia|atk|1\n|-unboost|p2b: Kyogre|atk|1\n|\n|-weather|RainDance|[upkeep]\n|-heal|p1a: Wartortle|41\/100|[from] ability: Rain Dish\n|upkeep\n|-end|p2a: Palkia|Dynamax\n|-heal|p2a: Palkia|17\/100|[silent]\n|-end|p1b: Dialga|Dynamax\n|-heal|p1b: Dialga|14\/100|[silent]\n|turn|4\n|\n|t:|1658188818\n|switch|p2b: Whimsicott|Whimsicott, L50, F|100\/100\n|move|p2a: Palkia|Protect|p2a: Palkia\n|-singleturn|p2a: Palkia|Protect\n|move|p1b: Dialga|Roar of Time|p2a: Palkia\n|-activate|p2a: Palkia|move: Protect\n|move|p1a: Wartortle|Yawn|p2b: Whimsicott\n|-start|p2b: Whimsicott|move: Yawn|[of] p1a: Wartortle\n|\n|-weather|RainDance|[upkeep]\n|-heal|p1a: Wartortle|47\/100|[from] ability: Rain Dish\n|upkeep\n|turn|5\n|\n|t:|1658188844\n|switch|p1b: Landorus|Landorus-Therian, L50, M|100\/100\n|-ability|p1b: Landorus|Intimidate|boost\n|-unboost|p2a: Palkia|atk|1\n|-unboost|p2b: Whimsicott|atk|1\n|move|p2b: Whimsicott|Tailwind|p2b: Whimsicott\n|-sidestart|p2: Forwards|move: Tailwind\n|move|p2a: Palkia|Earth Power|p1b: Landorus\n|-immune|p1b: Landorus\n|move|p1a: Wartortle|Yawn|p2a: Palkia\n|-start|p2a: Palkia|move: Yawn|[of] p1a: Wartortle\n|\n|-weather|RainDance|[upkeep]\n|-heal|p1a: Wartortle|54\/100|[from] ability: Rain Dish\n|-end|p2b: Whimsicott|move: Yawn|[silent]\n|-status|p2b: Whimsicott|slp\n|upkeep\n|turn|6\n|\n|t:|1658188868\n|move|p1b: Landorus|Protect|p1b: Landorus\n|-singleturn|p1b: Landorus|Protect\n|move|p1a: Wartortle|Aqua Jet|p2b: Whimsicott\n|-resisted|p2b: Whimsicott\n|-damage|p2b: Whimsicott|89\/100 slp\n|cant|p2b: Whimsicott|slp\n|move|p2a: Palkia|Hydro Pump|p1b: Landorus\n|-activate|p1b: Landorus|move: Protect\n|\n|-weather|RainDance|[upkeep]\n|-heal|p1a: Wartortle|60\/100|[from] ability: Rain Dish\n|-end|p2a: Palkia|move: Yawn|[silent]\n|-status|p2a: Palkia|slp\n|upkeep\n|turn|7\n|\n|t:|1658188884\n|move|p1a: Wartortle|Helping Hand|p1b: Landorus\n|-singleturn|p1b: Landorus|Helping Hand|[of] p1a: Wartortle\n|-curestatus|p2b: Whimsicott|slp|[msg]\n|move|p2b: Whimsicott|Moonblast|p1b: Landorus\n|-damage|p1b: Landorus|57\/100\n|cant|p2a: Palkia|slp\n|move|p1b: Landorus|Rock Slide|p2a: Palkia|[spread] p2a,p2b\n|-damage|p2a: Palkia|0 fnt\n|-damage|p2b: Whimsicott|40\/100\n|faint|p2a: Palkia\n|\n|-weather|none\n|upkeep\n|\n|t:|1658188894\n|switch|p2a: Kyogre|Kyogre, L50|100\/100\n|-weather|RainDance|[from] ability: Drizzle|[of] p2a: Kyogre\n|turn|8\n|\n|t:|1658188906\n|move|p2b: Whimsicott|Helping Hand|p2a: Kyogre\n|-singleturn|p2a: Kyogre|Helping Hand|[of] p2b: Whimsicott\n|move|p1b: Landorus|Protect|p1b: Landorus\n|-singleturn|p1b: Landorus|Protect\n|move|p2a: Kyogre|Water Spout|p1a: Wartortle|[spread] p1a\n|-activate|p1b: Landorus|move: Protect\n|-resisted|p1a: Wartortle\n|-damage|p1a: Wartortle|4\/100\n|move|p1a: Wartortle|Yawn|p2a: Kyogre\n|-start|p2a: Kyogre|move: Yawn|[of] p1a: Wartortle\n|\n|-weather|RainDance|[upkeep]\n|-heal|p1a: Wartortle|10\/100|[from] ability: Rain Dish\n|-sideend|p2: Forwards|move: Tailwind\n|upkeep\n|turn|9\n|\n|t:|1658188918\n|switch|p1b: Dialga|Dialga, L50|14\/100\n|move|p2b: Whimsicott|Tailwind|p2b: Whimsicott\n|-sidestart|p2: Forwards|move: Tailwind\n|move|p2a: Kyogre|Water Spout|p1b: Dialga|[spread] p1a,p1b\n|-resisted|p1a: Wartortle\n|-resisted|p1b: Dialga\n|-damage|p1a: Wartortle|0 fnt\n|-damage|p1b: Dialga|0 fnt\n|faint|p1a: Wartortle\n|faint|p1b: Dialga\n|\n|-weather|RainDance|[upkeep]\n|-end|p2a: Kyogre|move: Yawn|[silent]\n|-status|p2a: Kyogre|slp\n|upkeep\n|\n|t:|1658188923\n|switch|p1b: Landorus|Landorus-Therian, L50, M|57\/100\n|switch|p1a: Kyogre|Kyogre, L50|100\/100\n|-ability|p1b: Landorus|Intimidate|boost\n|-unboost|p2a: Kyogre|atk|1\n|-unboost|p2b: Whimsicott|atk|1\n|turn|10\n|\n|t:|1658188934\n|move|p2b: Whimsicott|Protect|p2b: Whimsicott\n|-singleturn|p2b: Whimsicott|Protect\n|cant|p2a: Kyogre|slp\n|move|p1b: Landorus|Fly||[still]\n|-prepare|p1b: Landorus|Fly\n|-hint|Fly's animation targeted Kyogre\n|move|p1a: Kyogre|Water Spout|p2a: Kyogre|[spread] p2a\n|-activate|p2b: Whimsicott|move: Protect\n|-resisted|p2a: Kyogre\n|-damage|p2a: Kyogre|59\/100 slp\n|\n|-weather|RainDance|[upkeep]\n|upkeep\n|turn|11\n|j| Just Sherp\n|\n|t:|1658188942\n|move|p2b: Whimsicott|Helping Hand|p2a: Kyogre\n|-singleturn|p2a: Kyogre|Helping Hand|[of] p2b: Whimsicott\n|cant|p2a: Kyogre|slp\n|move|p1b: Landorus|Fly|p2a: Kyogre|[from]lockedmove\n|-damage|p2a: Kyogre|0 fnt\n|faint|p2a: Kyogre\n|move|p1a: Kyogre|Water Spout|p2b: Whimsicott\n|-resisted|p2b: Whimsicott\n|-damage|p2b: Whimsicott|0 fnt\n|faint|p2b: Whimsicott\n|\n|win|That_Leek\n|n|\u2606That_Leek|thatleek\n|n|\u2606Forwards|forwards\n|n| Just Sherp|justsherp\n|l|\u2606Forwards\n|c|\u2606That_Leek|gg\n","uploadtime":1658188955,"views":14,"p1id":"thatleek","p2id":"forwards","formatid":"gen8vgc2022","rating":0,"private":0,"password":null}