{"id":"gen8nationaldex-1468049778","p1":"Nezkeys79","p2":"Kikoobuster","format":"gen8nationaldex","log":"|j|\u2606Nezkeys79\n|j|\u2606Kikoobuster\n|t:|1638836220\n|gametype|singles\n|player|p1|Nezkeys79|1|1433\n|player|p2|Kikoobuster|n|1520\n|teamsize|p1|6\n|teamsize|p2|6\n|gen|8\n|tier|[Gen 8] National Dex\n|rated|\n|rule|HP Percentage Mod: HP is shown in percentages\n|rule|Endless Battle Clause: Forcing endless battles is banned\n|rule|OHKO Clause: OHKO moves are banned\n|rule|Evasion Moves Clause: Evasion moves are banned\n|rule|Species Clause: Limit one of each Pok\u00e9mon\n|rule|Dynamax Clause: You cannot dynamax\n|rule|Sleep Clause Mod: Limit one foe put to sleep\n|clearpoke\n|poke|p1|Alomomola, M|\n|poke|p1|Chansey, F|\n|poke|p1|Skarmory, M|\n|poke|p1|Quagsire, M|\n|poke|p1|Amoonguss, F|\n|poke|p1|Pyukumuku, F|\n|poke|p2|Sandaconda, M|\n|poke|p2|Excadrill, M|\n|poke|p2|Lycanroc, F|\n|poke|p2|Breloom, M|\n|poke|p2|Pinsir, M|\n|poke|p2|Tyranitar, M|\n|teampreview\n|\n|t:|1638836238\n|start\n|switch|p1a: Skarmory|Skarmory, M|100\/100\n|switch|p2a: Sandaconda|Sandaconda, M|100\/100\n|turn|1\n|inactive|Battle timer is ON: inactive players will automatically lose when time's up. (requested by Kikoobuster)\n|\n|t:|1638836247\n|move|p2a: Sandaconda|Glare|p1a: Skarmory\n|-status|p1a: Skarmory|par\n|move|p1a: Skarmory|Iron Defense|p1a: Skarmory\n|-boost|p1a: Skarmory|def|2\n|\n|upkeep\n|turn|2\n|\n|t:|1638836256\n|move|p2a: Sandaconda|Stealth Rock|p1a: Skarmory\n|-sidestart|p1: Nezkeys79|move: Stealth Rock\n|move|p1a: Skarmory|Body Press|p2a: Sandaconda\n|-damage|p2a: Sandaconda|60\/100\n|-weather|Sandstorm|[from] ability: Sand Spit|[of] p2a: Sandaconda\n|\n|-weather|Sandstorm|[upkeep]\n|upkeep\n|turn|3\n|\n|t:|1638836274\n|switch|p2a: Pinsir|Pinsir, M|100\/100\n|cant|p1a: Skarmory|par\n|\n|-weather|Sandstorm|[upkeep]\n|-damage|p2a: Pinsir|95\/100|[from] Sandstorm\n|upkeep\n|turn|4\n|\n|t:|1638836283\n|detailschange|p2a: Pinsir|Pinsir-Mega, M\n|-mega|p2a: Pinsir|Pinsir|Pinsirite\n|move|p2a: Pinsir|Swords Dance|p2a: Pinsir\n|-boost|p2a: Pinsir|atk|2\n|move|p1a: Skarmory|Body Press|p2a: Pinsir\n|-resisted|p2a: Pinsir\n|-damage|p2a: Pinsir|78\/100\n|\n|-weather|Sandstorm|[upkeep]\n|-damage|p2a: Pinsir|72\/100|[from] Sandstorm\n|upkeep\n|turn|5\n|\n|t:|1638836295\n|move|p2a: Pinsir|Return|p1a: Skarmory\n|-resisted|p1a: Skarmory\n|-damage|p1a: Skarmory|78\/100 par\n|move|p1a: Skarmory|Iron Defense|p1a: Skarmory\n|-boost|p1a: Skarmory|def|2\n|\n|-weather|Sandstorm|[upkeep]\n|-damage|p2a: Pinsir|67\/100|[from] Sandstorm\n|upkeep\n|turn|6\n|\n|t:|1638836305\n|move|p2a: Pinsir|Swords Dance|p2a: Pinsir\n|-boost|p2a: Pinsir|atk|2\n|move|p1a: Skarmory|Iron Defense|p1a: Skarmory\n|-boost|p1a: Skarmory|def|2\n|\n|-weather|none\n|upkeep\n|turn|7\n|\n|t:|1638836313\n|move|p2a: Pinsir|Swords Dance|p2a: Pinsir\n|-boost|p2a: Pinsir|atk|2\n|cant|p1a: Skarmory|par\n|\n|upkeep\n|turn|8\n|\n|t:|1638836319\n|move|p2a: Pinsir|Return|p1a: Skarmory\n|-resisted|p1a: Skarmory\n|-damage|p1a: Skarmory|59\/100 par\n|move|p1a: Skarmory|Roost|p1a: Skarmory\n|-heal|p1a: Skarmory|100\/100 par\n|-singleturn|p1a: Skarmory|move: Roost\n|\n|upkeep\n|turn|9\n|\n|t:|1638836329\n|move|p2a: Pinsir|Close Combat|p1a: Skarmory\n|-damage|p1a: Skarmory|73\/100 par\n|-unboost|p2a: Pinsir|def|1\n|-unboost|p2a: Pinsir|spd|1\n|move|p1a: Skarmory|Defog|p2a: Pinsir\n|-unboost|p2a: Pinsir|evasion|1\n|-sideend|p1: Nezkeys79|Stealth Rock|[from] move: Defog|[of] p1a: Skarmory\n|\n|upkeep\n|turn|10\n|\n|t:|1638836338\n|move|p2a: Pinsir|Return|p1a: Skarmory\n|-resisted|p1a: Skarmory\n|-damage|p1a: Skarmory|53\/100 par\n|move|p1a: Skarmory|Roost|p1a: Skarmory\n|-heal|p1a: Skarmory|100\/100 par\n|-singleturn|p1a: Skarmory|move: Roost\n|\n|upkeep\n|turn|11\n|\n|t:|1638836348\n|move|p2a: Pinsir|Close Combat|p1a: Skarmory\n|-damage|p1a: Skarmory|70\/100 par\n|-unboost|p2a: Pinsir|def|1\n|-unboost|p2a: Pinsir|spd|1\n|move|p1a: Skarmory|Body Press|p2a: Pinsir\n|-resisted|p2a: Pinsir\n|-damage|p2a: Pinsir|0 fnt\n|faint|p2a: Pinsir\n|\n|upkeep\n|\n|t:|1638836352\n|switch|p2a: Breloom|Breloom, M|100\/100\n|turn|12\n|\n|t:|1638836362\n|switch|p1a: Amoonguss|Amoonguss, F|100\/100\n|move|p2a: Breloom|Substitute|p2a: Breloom\n|-start|p2a: Breloom|Substitute\n|-damage|p2a: Breloom|75\/100\n|\n|-status|p2a: Breloom|tox|[from] item: Toxic Orb\n|upkeep\n|turn|13\n|\n|t:|1638836370\n|-singleturn|p2a: Breloom|move: Focus Punch\n|move|p1a: Amoonguss|Sludge Bomb|p2a: Breloom\n|-supereffective|p2a: Breloom\n|-end|p2a: Breloom|Substitute\n|move|p2a: Breloom|Focus Punch|p1a: Amoonguss\n|-resisted|p1a: Amoonguss\n|-damage|p1a: Amoonguss|71\/100\n|\n|-heal|p2a: Breloom|88\/100 tox|[from] ability: Poison Heal\n|upkeep\n|turn|14\n|\n|t:|1638836383\n|switch|p2a: Tyranitar|Tyranitar, M|100\/100\n|-weather|Sandstorm|[from] ability: Sand Stream|[of] p2a: Tyranitar\n|move|p1a: Amoonguss|Sludge Bomb|p2a: Tyranitar\n|-resisted|p2a: Tyranitar\n|-damage|p2a: Tyranitar|97\/100\n|\n|-weather|Sandstorm|[upkeep]\n|-damage|p1a: Amoonguss|65\/100|[from] Sandstorm\n|upkeep\n|turn|15\n|\n|t:|1638836394\n|switch|p1a: Alomomola|Alomomola, M|100\/100\n|move|p2a: Tyranitar|Fire Blast|p1a: Alomomola\n|-resisted|p1a: Alomomola\n|-damage|p1a: Alomomola|86\/100\n|\n|-weather|Sandstorm|[upkeep]\n|-damage|p1a: Alomomola|80\/100|[from] Sandstorm\n|upkeep\n|turn|16\n|\n|t:|1638836404\n|switch|p2a: Breloom|Breloom, M|88\/100 tox\n|move|p1a: Alomomola|Wish|p1a: Alomomola\n|\n|-weather|Sandstorm|[upkeep]\n|-damage|p2a: Breloom|82\/100 tox|[from] Sandstorm\n|-damage|p1a: Alomomola|74\/100|[from] Sandstorm\n|-heal|p2a: Breloom|94\/100 tox|[from] ability: Poison Heal\n|upkeep\n|turn|17\n|\n|t:|1638836424\n|switch|p1a: Amoonguss|Amoonguss, F|98\/100\n|move|p2a: Breloom|Spore|p1a: Amoonguss\n|-immune|p1a: Amoonguss\n|\n|-weather|Sandstorm|[upkeep]\n|-damage|p2a: Breloom|88\/100 tox|[from] Sandstorm\n|-damage|p1a: Amoonguss|92\/100|[from] Sandstorm\n|-heal|p1a: Amoonguss|100\/100|[from] move: Wish|[wisher] Alomomola\n|-heal|p2a: Breloom|100\/100 tox|[from] ability: Poison Heal\n|upkeep\n|turn|18\n|inactive|Kikoobuster has 120 seconds left.\n|\n|t:|1638836457\n|switch|p2a: Tyranitar|Tyranitar, M|97\/100\n|move|p1a: Amoonguss|Energy Ball|p2a: Tyranitar\n|-supereffective|p2a: Tyranitar\n|-damage|p2a: Tyranitar|80\/100\n|\n|-weather|none\n|upkeep\n|turn|19\n|\n|t:|1638836469\n|switch|p2a: Sandaconda|Sandaconda, M|60\/100\n|switch|p1a: Alomomola|Alomomola, M|100\/100\n|\n|upkeep\n|turn|20\n|inactive|Nezkeys79 has 120 seconds left.\n|\n|t:|1638836503\n|move|p2a: Sandaconda|Stealth Rock|p1a: Alomomola\n|-sidestart|p1: Nezkeys79|move: Stealth Rock\n|move|p1a: Alomomola|Toxic|p2a: Sandaconda\n|-status|p2a: Sandaconda|tox\n|\n|-damage|p2a: Sandaconda|54\/100 tox|[from] psn\n|upkeep\n|turn|21\n|\n|t:|1638836512\n|switch|p2a: Breloom|Breloom, M|100\/100 tox\n|move|p1a: Alomomola|Wish|p1a: Alomomola\n|\n|upkeep\n|turn|22\n|\n|t:|1638836517\n|-singleturn|p2a: Breloom|move: Focus Punch\n|switch|p1a: Amoonguss|Amoonguss, F|100\/100\n|-damage|p1a: Amoonguss|88\/100|[from] Stealth Rock\n|move|p2a: Breloom|Focus Punch|p1a: Amoonguss\n|-resisted|p1a: Amoonguss\n|-damage|p1a: Amoonguss|62\/100\n|\n|-heal|p1a: Amoonguss|100\/100|[from] move: Wish|[wisher] Alomomola\n|upkeep\n|turn|23\n|\n|t:|1638836533\n|switch|p2a: Sandaconda|Sandaconda, M|54\/100 tox\n|move|p1a: Amoonguss|Sludge Bomb|p2a: Sandaconda\n|-resisted|p2a: Sandaconda\n|-damage|p2a: Sandaconda|35\/100 tox\n|-weather|Sandstorm|[from] ability: Sand Spit|[of] p2a: Sandaconda\n|\n|-weather|Sandstorm|[upkeep]\n|-damage|p1a: Amoonguss|94\/100|[from] Sandstorm\n|-damage|p2a: Sandaconda|29\/100 tox|[from] psn\n|upkeep\n|turn|24\n|\n|t:|1638836546\n|switch|p1a: Alomomola|Alomomola, M|100\/100\n|move|p2a: Sandaconda|Glare|p1a: Alomomola\n|-status|p1a: Alomomola|par\n|\n|-weather|Sandstorm|[upkeep]\n|-damage|p1a: Alomomola|94\/100 par|[from] Sandstorm\n|-damage|p2a: Sandaconda|17\/100 tox|[from] psn\n|upkeep\n|turn|25\n|inactive|Nezkeys79 has 120 seconds left.\n|c|\u2606Nezkeys79|Smh\n|\n|t:|1638836567\n|move|p2a: Sandaconda|Rest|p2a: Sandaconda\n|-status|p2a: Sandaconda|slp|[from] move: Rest\n|-heal|p2a: Sandaconda|100\/100 slp|[silent]\n|move|p1a: Alomomola|Wish|p1a: Alomomola\n|\n|-weather|Sandstorm|[upkeep]\n|-damage|p1a: Alomomola|88\/100 par|[from] Sandstorm\n|upkeep\n|turn|26\n|inactive|Nezkeys79 has 120 seconds left.\n|\n|t:|1638836579\n|switch|p2a: Lycanroc|Lycanroc, F|100\/100\n|switch|p1a: Skarmory|Skarmory, M|70\/100 par\n|-damage|p1a: Skarmory|58\/100 par|[from] Stealth Rock\n|\n|-weather|Sandstorm|[upkeep]\n|-heal|p1a: Skarmory|100\/100 par|[from] move: Wish|[wisher] Alomomola\n|upkeep\n|turn|27\n|inactive|Nezkeys79 has 120 seconds left.\n|\n|t:|1638836589\n|move|p2a: Lycanroc|Close Combat|p1a: Skarmory\n|-damage|p1a: Skarmory|65\/100 par\n|-unboost|p2a: Lycanroc|def|1\n|-unboost|p2a: Lycanroc|spd|1\n|cant|p1a: Skarmory|par\n|\n|-weather|none\n|upkeep\n|turn|28\n|inactive|Nezkeys79 has 120 seconds left.\n|c|\u2606Nezkeys79|Fk off\n|\n|t:|1638836604\n|move|p2a: Lycanroc|Close Combat|p1a: Skarmory\n|-damage|p1a: Skarmory|32\/100 par\n|-unboost|p2a: Lycanroc|def|1\n|-unboost|p2a: Lycanroc|spd|1\n|cant|p1a: Skarmory|par\n|\n|upkeep\n|turn|29\n|inactive|Nezkeys79 has 120 seconds left.\n|c|\u2606Nezkeys79|Fully paralysed noobs eveywjete\n|c|\u2606Kikoobuster|i stall a stall ;)\n|c|\u2606Nezkeys79|Indgaf about the speed drop\n|inactive|Nezkeys79 has 90 seconds left.\n|c|\u2606Nezkeys79|But u noobs always get the fkin paralyse\n|c|\u2606Nezkeys79|Fl off\n|\n|t:|1638836652\n|switch|p1a: Alomomola|Alomomola, M|100\/100 par\n|move|p2a: Lycanroc|Close Combat|p1a: Alomomola\n|-damage|p1a: Alomomola|69\/100 par\n|-unboost|p2a: Lycanroc|def|1\n|-unboost|p2a: Lycanroc|spd|1\n|\n|upkeep\n|turn|30\n|inactive|Nezkeys79 has 90 seconds left.\n|\n|t:|1638836663\n|switch|p2a: Breloom|Breloom, M|100\/100 tox\n|move|p1a: Alomomola|Wish|p1a: Alomomola\n|\n|upkeep\n|turn|31\n|\n|t:|1638836668\n|-singleturn|p2a: Breloom|move: Focus Punch\n|switch|p1a: Amoonguss|Amoonguss, F|100\/100\n|-damage|p1a: Amoonguss|88\/100|[from] Stealth Rock\n|move|p2a: Breloom|Focus Punch|p1a: Amoonguss\n|-resisted|p1a: Amoonguss\n|-damage|p1a: Amoonguss|57\/100\n|\n|-heal|p1a: Amoonguss|100\/100|[from] move: Wish|[wisher] Alomomola\n|upkeep\n|turn|32\n|\n|t:|1638836680\n|switch|p2a: Tyranitar|Tyranitar, M|80\/100\n|-weather|Sandstorm|[from] ability: Sand Stream|[of] p2a: Tyranitar\n|move|p1a: Amoonguss|Sludge Bomb|p2a: Tyranitar\n|-resisted|p2a: Tyranitar\n|-damage|p2a: Tyranitar|76\/100\n|\n|-weather|Sandstorm|[upkeep]\n|-damage|p1a: Amoonguss|94\/100|[from] Sandstorm\n|upkeep\n|turn|33\n|\n|t:|1638836691\n|switch|p1a: Alomomola|Alomomola, M|100\/100 par\n|move|p2a: Tyranitar|Stone Edge|p1a: Alomomola\n|-damage|p1a: Alomomola|74\/100 par\n|\n|-weather|Sandstorm|[upkeep]\n|-damage|p1a: Alomomola|68\/100 par|[from] Sandstorm\n|upkeep\n|turn|34\n|\n|t:|1638836700\n|switch|p2a: Excadrill|Excadrill, M|100\/100\n|switch|p1a: Quagsire|Quagsire, M|100\/100\n|\n|-weather|Sandstorm|[upkeep]\n|upkeep\n|turn|35\n|\n|t:|1638836708\n|-zpower|p2a: Excadrill\n|move|p2a: Excadrill|Breakneck Blitz|p1a: Quagsire|[zeffect]\n|-damage|p1a: Quagsire|50\/100\n|move|p1a: Quagsire|Scald|p2a: Excadrill\n|-supereffective|p2a: Excadrill\n|-damage|p2a: Excadrill|45\/100\n|\n|-weather|Sandstorm|[upkeep]\n|upkeep\n|turn|36\n|\n|t:|1638836719\n|move|p2a: Excadrill|Earthquake|p1a: Quagsire\n|-damage|p1a: Quagsire|10\/100\n|move|p1a: Quagsire|Recover|p1a: Quagsire\n|-heal|p1a: Quagsire|60\/100\n|\n|-weather|none\n|upkeep\n|turn|37\n|\n|t:|1638836727\n|move|p2a: Excadrill|Iron Head|p1a: Quagsire\n|-resisted|p1a: Quagsire\n|-damage|p1a: Quagsire|45\/100\n|move|p1a: Quagsire|Recover|p1a: Quagsire\n|-heal|p1a: Quagsire|95\/100\n|\n|upkeep\n|turn|38\n|\n|t:|1638836734\n|switch|p2a: Breloom|Breloom, M|100\/100 tox\n|move|p1a: Quagsire|Scald|p2a: Breloom\n|-resisted|p2a: Breloom\n|-damage|p2a: Breloom|90\/100 tox\n|\n|-heal|p2a: Breloom|100\/100 tox|[from] ability: Poison Heal\n|upkeep\n|turn|39\n|inactive|Nezkeys79 has 120 seconds left.\n|\n|t:|1638836748\n|-singleturn|p2a: Breloom|move: Focus Punch\n|switch|p1a: Amoonguss|Amoonguss, F|100\/100\n|-damage|p1a: Amoonguss|88\/100|[from] Stealth Rock\n|move|p2a: Breloom|Focus Punch|p1a: Amoonguss\n|-resisted|p1a: Amoonguss\n|-damage|p1a: Amoonguss|57\/100\n|\n|upkeep\n|turn|40\n|inactive|Nezkeys79 has 120 seconds left.\n|\n|t:|1638836758\n|switch|p2a: Excadrill|Excadrill, M|45\/100\n|move|p1a: Amoonguss|Sludge Bomb|p2a: Excadrill\n|-immune|p2a: Excadrill\n|\n|upkeep\n|turn|41\n|inactive|Nezkeys79 has 120 seconds left.\n|\n|t:|1638836769\n|switch|p2a: Breloom|Breloom, M|100\/100 tox\n|switch|p1a: Alomomola|Alomomola, M|100\/100 par\n|\n|upkeep\n|turn|42\n|\n|t:|1638836775\n|-singleturn|p2a: Breloom|move: Focus Punch\n|move|p1a: Alomomola|Wish|p1a: Alomomola\n|move|p2a: Breloom|Focus Punch|p1a: Alomomola\n|-damage|p1a: Alomomola|64\/100 par\n|\n|upkeep\n|turn|43\n|inactive|Nezkeys79 has 120 seconds left.\n|\n|t:|1638836791\n|switch|p2a: Excadrill|Excadrill, M|45\/100\n|switch|p1a: Skarmory|Skarmory, M|32\/100 par\n|-damage|p1a: Skarmory|20\/100 par|[from] Stealth Rock\n|\n|-heal|p1a: Skarmory|99\/100 par|[from] move: Wish|[wisher] Alomomola\n|upkeep\n|turn|44\n|\n|t:|1638836803\n|switch|p2a: Breloom|Breloom, M|100\/100 tox\n|move|p1a: Skarmory|Defog|p2a: Breloom\n|-unboost|p2a: Breloom|evasion|1\n|-sideend|p1: Nezkeys79|Stealth Rock|[from] move: Defog|[of] p1a: Skarmory\n|\n|upkeep\n|turn|45\n|\n|t:|1638836816\n|-singleturn|p2a: Breloom|move: Focus Punch\n|switch|p1a: Alomomola|Alomomola, M|97\/100 par\n|move|p2a: Breloom|Focus Punch|p1a: Alomomola\n|-damage|p1a: Alomomola|61\/100 par\n|\n|upkeep\n|turn|46\n|\n|t:|1638836825\n|switch|p1a: Amoonguss|Amoonguss, F|90\/100\n|move|p2a: Breloom|Leech Seed|p1a: Amoonguss\n|-immune|p1a: Amoonguss\n|\n|upkeep\n|turn|47\n|\n|t:|1638836833\n|-singleturn|p2a: Breloom|move: Focus Punch\n|move|p1a: Amoonguss|Foul Play|p2a: Breloom\n|-resisted|p2a: Breloom\n|-damage|p2a: Breloom|83\/100 tox\n|cant|p2a: Breloom|Focus Punch|Focus Punch\n|\n|-heal|p2a: Breloom|95\/100 tox|[from] ability: Poison Heal\n|upkeep\n|turn|48\n|\n|t:|1638836845\n|move|p2a: Breloom|Substitute|p2a: Breloom\n|-start|p2a: Breloom|Substitute\n|-damage|p2a: Breloom|70\/100 tox\n|move|p1a: Amoonguss|Foul Play|p2a: Breloom\n|-resisted|p2a: Breloom\n|-activate|p2a: Breloom|move: Substitute|[damage]\n|\n|-heal|p2a: Breloom|83\/100 tox|[from] ability: Poison Heal\n|upkeep\n|turn|49\n|\n|t:|1638836854\n|-singleturn|p2a: Breloom|move: Focus Punch\n|move|p1a: Amoonguss|Clear Smog|p2a: Breloom\n|-supereffective|p2a: Breloom\n|-end|p2a: Breloom|Substitute\n|move|p2a: Breloom|Focus Punch|p1a: Amoonguss\n|-resisted|p1a: Amoonguss\n|-damage|p1a: Amoonguss|62\/100\n|\n|-heal|p2a: Breloom|95\/100 tox|[from] ability: Poison Heal\n|upkeep\n|turn|50\n|\n|t:|1638836865\n|move|p2a: Breloom|Substitute|p2a: Breloom\n|-start|p2a: Breloom|Substitute\n|-damage|p2a: Breloom|70\/100 tox\n|move|p1a: Amoonguss|Clear Smog|p2a: Breloom\n|-supereffective|p2a: Breloom\n|-end|p2a: Breloom|Substitute\n|\n|-heal|p2a: Breloom|83\/100 tox|[from] ability: Poison Heal\n|upkeep\n|turn|51\n|\n|t:|1638836875\n|move|p2a: Breloom|Substitute|p2a: Breloom\n|-start|p2a: Breloom|Substitute\n|-damage|p2a: Breloom|58\/100 tox\n|move|p1a: Amoonguss|Clear Smog|p2a: Breloom\n|-supereffective|p2a: Breloom\n|-end|p2a: Breloom|Substitute\n|\n|-heal|p2a: Breloom|70\/100 tox|[from] ability: Poison Heal\n|upkeep\n|turn|52\n|\n|t:|1638836885\n|switch|p2a: Excadrill|Excadrill, M|45\/100\n|move|p1a: Amoonguss|Clear Smog|p2a: Excadrill\n|-immune|p2a: Excadrill\n|\n|upkeep\n|turn|53\n|\n|t:|1638836894\n|switch|p1a: Alomomola|Alomomola, M|94\/100 par\n|move|p2a: Excadrill|Iron Head|p1a: Alomomola\n|-resisted|p1a: Alomomola\n|-damage|p1a: Alomomola|83\/100 par\n|\n|upkeep\n|turn|54\n|\n|t:|1638836901\n|move|p2a: Excadrill|Swords Dance|p2a: Excadrill\n|-boost|p2a: Excadrill|atk|2\n|move|p1a: Alomomola|Wish|p1a: Alomomola\n|\n|upkeep\n|turn|55\n|\n|t:|1638836907\n|switch|p1a: Quagsire|Quagsire, M|95\/100\n|move|p2a: Excadrill|Earthquake|p1a: Quagsire\n|-damage|p1a: Quagsire|56\/100\n|\n|-heal|p1a: Quagsire|100\/100|[from] move: Wish|[wisher] Alomomola\n|upkeep\n|turn|56\n|\n|t:|1638836916\n|switch|p2a: Breloom|Breloom, M|70\/100 tox\n|move|p1a: Quagsire|Scald|p2a: Breloom\n|-resisted|p2a: Breloom\n|-damage|p2a: Breloom|59\/100 tox\n|\n|-heal|p2a: Breloom|72\/100 tox|[from] ability: Poison Heal\n|upkeep\n|turn|57\n|\n|t:|1638836928\n|switch|p2a: Excadrill|Excadrill, M|45\/100\n|switch|p1a: Amoonguss|Amoonguss, F|96\/100\n|\n|upkeep\n|turn|58\n|\n|t:|1638836936\n|switch|p1a: Skarmory|Skarmory, M|99\/100 par\n|move|p2a: Excadrill|Earthquake|p1a: Skarmory\n|-immune|p1a: Skarmory\n|\n|upkeep\n|turn|59\n|\n|t:|1638836951\n|switch|p2a: Breloom|Breloom, M|72\/100 tox\n|move|p1a: Skarmory|Iron Defense|p1a: Skarmory\n|-boost|p1a: Skarmory|def|2\n|\n|-heal|p2a: Breloom|84\/100 tox|[from] ability: Poison Heal\n|upkeep\n|turn|60\n|\n|t:|1638836962\n|move|p2a: Breloom|Leech Seed|p1a: Skarmory\n|-start|p1a: Skarmory|move: Leech Seed\n|move|p1a: Skarmory|Body Press|p2a: Breloom\n|-damage|p2a: Breloom|0 fnt\n|faint|p2a: Breloom\n|\n|upkeep\n|\n|t:|1638836971\n|switch|p2a: Sandaconda|Sandaconda, M|100\/100 slp\n|turn|61\n|\n|t:|1638836980\n|cant|p2a: Sandaconda|slp\n|move|p1a: Skarmory|Body Press|p2a: Sandaconda\n|-damage|p2a: Sandaconda|63\/100 slp\n|-weather|Sandstorm|[from] ability: Sand Spit|[of] p2a: Sandaconda\n|\n|-weather|Sandstorm|[upkeep]\n|-damage|p1a: Skarmory|88\/100 par|[from] Leech Seed|[of] p2a: Sandaconda\n|-heal|p2a: Sandaconda|75\/100 slp|[silent]\n|upkeep\n|turn|62\n|\n|t:|1638836990\n|switch|p1a: Alomomola|Alomomola, M|100\/100 par\n|cant|p2a: Sandaconda|slp\n|\n|-weather|Sandstorm|[upkeep]\n|-damage|p1a: Alomomola|94\/100 par|[from] Sandstorm\n|upkeep\n|turn|63\n|\n|t:|1638836998\n|switch|p1a: Skarmory|Skarmory, M|88\/100 par\n|-curestatus|p2a: Sandaconda|slp|[msg]\n|move|p2a: Sandaconda|Earthquake|p1a: Skarmory\n|-immune|p1a: Skarmory\n|\n|-weather|Sandstorm|[upkeep]\n|upkeep\n|turn|64\n|\n|t:|1638837007\n|move|p2a: Sandaconda|Stealth Rock|p1a: Skarmory\n|-sidestart|p1: Nezkeys79|move: Stealth Rock\n|move|p1a: Skarmory|Iron Defense|p1a: Skarmory\n|-boost|p1a: Skarmory|def|2\n|\n|-weather|Sandstorm|[upkeep]\n|upkeep\n|turn|65\n|\n|t:|1638837017\n|move|p2a: Sandaconda|Glare|p1a: Skarmory\n|-fail|p1a: Skarmory|par\n|cant|p1a: Skarmory|par\n|\n|-weather|none\n|upkeep\n|turn|66\n|\n|t:|1638837024\n|move|p2a: Sandaconda|Glare|p1a: Skarmory\n|-fail|p1a: Skarmory|par\n|move|p1a: Skarmory|Defog|p2a: Sandaconda\n|-unboost|p2a: Sandaconda|evasion|1\n|-sideend|p1: Nezkeys79|Stealth Rock|[from] move: Defog|[of] p1a: Skarmory\n|\n|upkeep\n|turn|67\n|inactiveoff|Battle timer is now OFF.\n|\n|t:|1638837031\n|move|p2a: Sandaconda|Glare|p1a: Skarmory\n|-fail|p1a: Skarmory|par\n|move|p1a: Skarmory|Body Press|p2a: Sandaconda\n|-damage|p2a: Sandaconda|37\/100\n|-weather|Sandstorm|[from] ability: Sand Spit|[of] p2a: Sandaconda\n|\n|-weather|Sandstorm|[upkeep]\n|upkeep\n|turn|68\n|inactive|Battle timer is ON: inactive players will automatically lose when time's up. (requested by Nezkeys79)\n|inactive|Kikoobuster has 120 seconds left.\n|inactive|Kikoobuster has 90 seconds left.\n|inactive|Kikoobuster has 60 seconds left.\n|\n|t:|1638837199\n|move|p2a: Sandaconda|Stealth Rock|p1a: Skarmory\n|-sidestart|p1: Nezkeys79|move: Stealth Rock\n|move|p1a: Skarmory|Body Press|p2a: Sandaconda\n|-damage|p2a: Sandaconda|0 fnt\n|faint|p2a: Sandaconda\n|\n|-weather|Sandstorm|[upkeep]\n|upkeep\n|\n|t:|1638837203\n|switch|p2a: Tyranitar|Tyranitar, M|76\/100\n|turn|69\n|\n|t:|1638837220\n|move|p2a: Tyranitar|Fire Blast|p1a: Skarmory\n|-supereffective|p1a: Skarmory\n|-damage|p1a: Skarmory|18\/100 par\n|move|p1a: Skarmory|Body Press|p2a: Tyranitar\n|-supereffective|p2a: Tyranitar\n|-damage|p2a: Tyranitar|0 fnt\n|faint|p2a: Tyranitar\n|\n|-weather|Sandstorm|[upkeep]\n|upkeep\n|\n|t:|1638837225\n|switch|p2a: Lycanroc|Lycanroc, F|100\/100\n|turn|70\n|\n|t:|1638837233\n|move|p2a: Lycanroc|Close Combat|p1a: Skarmory\n|-damage|p1a: Skarmory|2\/100 par\n|-unboost|p2a: Lycanroc|def|1\n|-unboost|p2a: Lycanroc|spd|1\n|cant|p1a: Skarmory|par\n|\n|-weather|Sandstorm|[upkeep]\n|upkeep\n|turn|71\n|c|\u2606Nezkeys79|Ofc\n|c|\u2606Nezkeys79|Vile\n|\n|t:|1638837257\n|move|p2a: Lycanroc|Close Combat|p1a: Skarmory\n|-damage|p1a: Skarmory|0 fnt\n|-unboost|p2a: Lycanroc|def|1\n|-unboost|p2a: Lycanroc|spd|1\n|faint|p1a: Skarmory\n|\n|-weather|none\n|upkeep\n|\n|t:|1638837269\n|switch|p1a: Alomomola|Alomomola, M|100\/100 par\n|turn|72\n|\n|t:|1638837274\n|switch|p2a: Excadrill|Excadrill, M|45\/100\n|move|p1a: Alomomola|Toxic|p2a: Excadrill\n|-immune|p2a: Excadrill\n|\n|upkeep\n|turn|73\n|\n|t:|1638837280\n|move|p2a: Excadrill|Swords Dance|p2a: Excadrill\n|-boost|p2a: Excadrill|atk|2\n|move|p1a: Alomomola|Wish|p1a: Alomomola\n|\n|upkeep\n|turn|74\n|\n|t:|1638837290\n|switch|p1a: Quagsire|Quagsire, M|100\/100\n|move|p2a: Excadrill|Earthquake|p1a: Quagsire\n|-damage|p1a: Quagsire|61\/100\n|\n|-heal|p1a: Quagsire|100\/100|[from] move: Wish|[wisher] Alomomola\n|upkeep\n|turn|75\n|l|\u2606Nezkeys79\n|inactive|Nezkeys79 disconnected and has a minute to reconnect!\n|player|p1|\n|j|\u2606Nezkeys79\n|inactive|Nezkeys79 reconnected and has 135 seconds left.\n|player|p1|Nezkeys79|1\n|\n|t:|1638837314\n|move|p2a: Excadrill|Iron Head|p1a: Quagsire\n|-resisted|p1a: Quagsire\n|-damage|p1a: Quagsire|86\/100\n|move|p1a: Quagsire|Recover|p1a: Quagsire\n|-heal|p1a: Quagsire|100\/100\n|\n|upkeep\n|turn|76\n|\n|t:|1638837324\n|move|p2a: Excadrill|Iron Head|p1a: Quagsire\n|-resisted|p1a: Quagsire\n|-damage|p1a: Quagsire|86\/100\n|cant|p1a: Quagsire|flinch\n|\n|upkeep\n|turn|77\n|l|\u2606Nezkeys79\n|inactive|Nezkeys79 disconnected and has a minute to reconnect!\n|player|p1|\n|inactive|Nezkeys79 has 30 seconds to reconnect!\n|inactive|Nezkeys79 has 20 seconds to reconnect!\n|inactive|Nezkeys79 has 15 seconds to reconnect!\n|j|\u2606Nezkeys79\n|inactive|Nezkeys79 reconnected and has 90 seconds left.\n|player|p1|Nezkeys79|1\n|inactiveoff|Battle timer is now OFF.\n|inactive|Battle timer is ON: inactive players will automatically lose when time's up. (requested by Kikoobuster)\n|\n|t:|1638837386\n|move|p2a: Excadrill|Iron Head|p1a: Quagsire\n|-resisted|p1a: Quagsire\n|-damage|p1a: Quagsire|72\/100\n|move|p1a: Quagsire|Scald|p2a: Excadrill\n|-supereffective|p2a: Excadrill\n|-damage|p2a: Excadrill|0 fnt\n|faint|p2a: Excadrill\n|\n|upkeep\n|\n|t:|1638837393\n|switch|p2a: Lycanroc|Lycanroc, F|100\/100\n|turn|78\n|\n|t:|1638837404\n|move|p2a: Lycanroc|Crunch|p1a: Quagsire\n|-damage|p1a: Quagsire|46\/100\n|move|p1a: Quagsire|Recover|p1a: Quagsire\n|-heal|p1a: Quagsire|96\/100\n|\n|upkeep\n|turn|79\n|\n|t:|1638837410\n|move|p2a: Lycanroc|Crunch|p1a: Quagsire\n|-damage|p1a: Quagsire|68\/100\n|-unboost|p1a: Quagsire|def|1\n|move|p1a: Quagsire|Scald|p2a: Lycanroc\n|-supereffective|p2a: Lycanroc\n|-damage|p2a: Lycanroc|40\/100\n|-status|p2a: Lycanroc|brn\n|\n|-damage|p2a: Lycanroc|34\/100 brn|[from] brn\n|upkeep\n|turn|80\n|\n|t:|1638837422\n|move|p2a: Lycanroc|Crunch|p1a: Quagsire\n|-damage|p1a: Quagsire|48\/100\n|-unboost|p1a: Quagsire|def|1\n|move|p1a: Quagsire|Recover|p1a: Quagsire\n|-heal|p1a: Quagsire|98\/100\n|\n|-damage|p2a: Lycanroc|28\/100 brn|[from] brn\n|upkeep\n|turn|81\n|\n|t:|1638837431\n|move|p2a: Lycanroc|Crunch|p1a: Quagsire\n|-damage|p1a: Quagsire|71\/100\n|move|p1a: Quagsire|Scald|p2a: Lycanroc\n|-supereffective|p2a: Lycanroc\n|-damage|p2a: Lycanroc|0 fnt\n|faint|p2a: Lycanroc\n|\n|win|Nezkeys79\n|raw|Nezkeys79's rating: 1433 &rarr; <strong>1458<\/strong><br \/>(+25 for winning)\n|raw|Kikoobuster's rating: 1520 &rarr; <strong>1495<\/strong><br \/>(-25 for losing)\n","uploadtime":1638837443,"views":10,"p1id":"nezkeys79","p2id":"kikoobuster","formatid":"gen8nationaldex","rating":1458,"private":0,"password":null}