{"id":"gen8ou-1452628818","p1":"Pkmnmasteramo","p2":"bakaboure","format":"gen8ou","log":"|j|\u2606Pkmnmasteramo\n|j|\u2606bakaboure\n|t:|1636574750\n|gametype|singles\n|player|p1|Pkmnmasteramo|2|1548\n|player|p2|bakaboure|102|1510\n|teamsize|p1|6\n|teamsize|p2|6\n|gen|8\n|tier|[Gen 8] OU\n|rated|\n|rule|Sleep Clause Mod: Limit one foe put to sleep\n|rule|Species Clause: Limit one of each Pok\u00e9mon\n|rule|OHKO Clause: OHKO moves are banned\n|rule|Evasion Moves Clause: Evasion moves are banned\n|rule|Endless Battle Clause: Forcing endless battles is banned\n|rule|HP Percentage Mod: HP is shown in percentages\n|rule|Dynamax Clause: You cannot dynamax\n|clearpoke\n|poke|p1|Tapu Lele|\n|poke|p1|Landorus-Therian, M|\n|poke|p1|Heatran, M|\n|poke|p1|Melmetal|\n|poke|p1|Blacephalon|\n|poke|p1|Kartana|\n|poke|p2|Excadrill, M|\n|poke|p2|Dracozolt|\n|poke|p2|Hippowdon, M|\n|poke|p2|Rotom-Wash|\n|poke|p2|Tapu Lele|\n|poke|p2|Celesteela|\n|teampreview\n|inactive|Battle timer is ON: inactive players will automatically lose when time's up. (requested by bakaboure)\n|\n|t:|1636574755\n|start\n|switch|p1a: Tapu Lele|Tapu Lele|100\/100\n|switch|p2a: Vanish|Rotom-Wash|100\/100\n|-fieldstart|move: Psychic Terrain|[from] ability: Psychic Surge|[of] p1a: Tapu Lele\n|turn|1\n|\n|t:|1636574762\n|move|p1a: Tapu Lele|Psychic|p2a: Vanish\n|-damage|p2a: Vanish|25\/100\n|move|p2a: Vanish|Volt Switch|p1a: Tapu Lele\n|-damage|p1a: Tapu Lele|73\/100\n|\n|t:|1636574770\n|switch|p2a: Your Mum|Hippowdon, M|100\/100|[from]move: Volt Switch\n|-weather|Sandstorm|[from] ability: Sand Stream|[of] p2a: Your Mum\n|\n|-weather|Sandstorm|[upkeep]\n|-damage|p1a: Tapu Lele|67\/100|[from] Sandstorm\n|upkeep\n|turn|2\n|\n|t:|1636574784\n|switch|p1a: Landorus|Landorus-Therian, M|100\/100\n|-ability|p1a: Landorus|Intimidate|boost\n|-unboost|p2a: Your Mum|atk|1\n|switch|p2a: Vanish|Rotom-Wash|25\/100\n|\n|-weather|Sandstorm|[upkeep]\n|-damage|p2a: Vanish|18\/100|[from] Sandstorm\n|-heal|p2a: Vanish|25\/100|[from] item: Leftovers\n|upkeep\n|turn|3\n|\n|t:|1636574793\n|move|p1a: Landorus|U-turn|p2a: Vanish\n|-damage|p2a: Vanish|2\/100\n|\n|t:|1636574808\n|switch|p1a: Heatran|Heatran, M|100\/100|[from]move: U-turn\n|move|p2a: Vanish|Hydro Pump|p1a: Heatran|[miss]\n|-miss|p2a: Vanish|p1a: Heatran\n|\n|-weather|Sandstorm|[upkeep]\n|-damage|p2a: Vanish|0 fnt|[from] Sandstorm\n|faint|p2a: Vanish\n|upkeep\n|\n|t:|1636574823\n|switch|p2a: Dracozolt|Dracozolt|100\/100\n|turn|4\n|\n|t:|1636574828\n|move|p2a: Dracozolt|Fire Blast|p1a: Heatran\n|-start|p1a: Heatran|ability: Flash Fire\n|move|p1a: Heatran|Earth Power|p2a: Dracozolt\n|-supereffective|p2a: Dracozolt\n|-damage|p2a: Dracozolt|18\/100\n|\n|-weather|Sandstorm|[upkeep]\n|upkeep\n|turn|5\n|\n|t:|1636574841\n|-end|p1a: Heatran|ability: Flash Fire|[silent]\n|switch|p1a: Landorus|Landorus-Therian, M|100\/100\n|-ability|p1a: Landorus|Intimidate|boost\n|-unboost|p2a: Dracozolt|atk|1\n|move|p2a: Dracozolt|Earthquake|p1a: Landorus\n|-immune|p1a: Landorus\n|\n|-weather|Sandstorm|[upkeep]\n|-fieldend|move: Psychic Terrain\n|upkeep\n|turn|6\n|-message|bakaboure forfeited.\n|\n|win|Pkmnmasteramo\n|raw|Pkmnmasteramo's rating: 1548 &rarr; <strong>1566<\/strong><br \/>(+18 for winning)\n|raw|bakaboure's rating: 1510 &rarr; <strong>1492<\/strong><br \/>(-18 for losing)\n|l|\u2606bakaboure\n||Ladder isn't responding, score probably updated but might not have (Request timeout).\n","uploadtime":1636574856,"views":85,"p1id":"pkmnmasteramo","p2id":"bakaboure","formatid":"gen8ou","rating":1492,"private":0,"password":null}