{"id":"gen8nationaldexag-1706971853","p1":"BTT2022","p2":"Bearclaww","format":"gen8nationaldexag","log":"|j|\u2606BTT2022\n|j|\u2606Bearclaww\n|t:|1668037677\n|gametype|singles\n|player|p1|BTT2022|red|1184\n|player|p2|Bearclaww|cynthia|1153\n|teamsize|p1|6\n|teamsize|p2|6\n|gen|8\n|tier|[Gen 8] National Dex AG\n|rated|\n|rule|HP Percentage Mod: HP is shown in percentages\n|rule|Endless Battle Clause: Forcing endless battles is banned\n|clearpoke\n|poke|p1|Pikachu-Partner, M|\n|poke|p1|Lucario, M|\n|poke|p1|Gengar, M|\n|poke|p1|Dragonite, M|\n|poke|p1|Dracovish|\n|poke|p1|Sirfetch\u2019d, M|\n|poke|p2|Abomasnow, F|\n|poke|p2|Aurorus, M|\n|poke|p2|Ninetales-Alola, M|\n|poke|p2|Vanilluxe, F|\n|poke|p2|Froslass, F|\n|poke|p2|Darmanitan-Galar, M|\n|teampreview\n|\n|t:|1668037693\n|start\n|switch|p1a: Dracovish|Dracovish|100\/100\n|switch|p2a: Aurorus|Aurorus, M, shiny|100\/100\n|-weather|Hail|[from] ability: Snow Warning|[of] p2a: Aurorus\n|turn|1\n|\n|t:|1668037700\n|move|p1a: Dracovish|Fishious Rend|p2a: Aurorus\n|-supereffective|p2a: Aurorus\n|-damage|p2a: Aurorus|0 fnt\n|faint|p2a: Aurorus\n|\n|-weather|Hail|[upkeep]\n|-damage|p1a: Dracovish|94\/100|[from] Hail\n|upkeep\n|\n|t:|1668037707\n|switch|p2a: Darmanitan|Darmanitan-Galar, M|100\/100\n|turn|2\n|\n|t:|1668037718\n|move|p2a: Darmanitan|Earthquake|p1a: Dracovish\n|-damage|p1a: Dracovish|31\/100\n|move|p1a: Dracovish|Fishious Rend|p2a: Darmanitan\n|-damage|p2a: Darmanitan|13\/100\n|\n|-weather|Hail|[upkeep]\n|-damage|p1a: Dracovish|24\/100|[from] Hail\n|upkeep\n|turn|3\n|\n|t:|1668037725\n|move|p2a: Darmanitan|Earthquake|p1a: Dracovish\n|-damage|p1a: Dracovish|0 fnt\n|faint|p1a: Dracovish\n|\n|-weather|Hail|[upkeep]\n|upkeep\n|\n|t:|1668037732\n|switch|p1a: Dragonite|Dragonite, M|100\/100\n|turn|4\n|\n|t:|1668037739\n|switch|p2a: Ninetales|Ninetales-Alola, M, shiny|100\/100\n|move|p1a: Dragonite|Iron Head|p2a: Ninetales\n|-supereffective|p2a: Ninetales\n|-enditem|p2a: Ninetales|Focus Sash\n|-damage|p2a: Ninetales|1\/100\n|\n|-weather|Hail|[upkeep]\n|-damage|p1a: Dragonite|94\/100|[from] Hail\n|upkeep\n|turn|5\n|\n|t:|1668037749\n|move|p2a: Ninetales|Blizzard|p1a: Dragonite\n|-supereffective|p1a: Dragonite\n|-damage|p1a: Dragonite|0 fnt\n|faint|p1a: Dragonite\n|\n|-weather|Hail|[upkeep]\n|upkeep\n|\n|t:|1668037752\n|switch|p1a: Lucario|Lucario, M|100\/100\n|turn|6\n|\n|t:|1668037757\n|detailschange|p1a: Lucario|Lucario-Mega, M\n|-mega|p1a: Lucario|Lucario|Lucarionite\n|move|p1a: Lucario|Meteor Mash|p2a: Ninetales\n|-supereffective|p2a: Ninetales\n|-damage|p2a: Ninetales|0 fnt\n|faint|p2a: Ninetales\n|\n|-weather|Hail|[upkeep]\n|-damage|p1a: Lucario|94\/100|[from] Hail\n|upkeep\n|\n|t:|1668037765\n|switch|p2a: Darmanitan|Darmanitan-Galar, M|13\/100\n|turn|7\n|\n|t:|1668037768\n|move|p2a: Darmanitan|Flare Blitz|p1a: Lucario\n|-supereffective|p1a: Lucario\n|-damage|p1a: Lucario|0 fnt\n|faint|p1a: Lucario\n|-damage|p2a: Darmanitan|0 fnt|[from] Recoil\n|faint|p2a: Darmanitan\n|\n|-weather|Hail|[upkeep]\n|upkeep\n|inactive|Battle timer is ON: inactive players will automatically lose when time's up. (requested by BTT2022)\n|inactive|Bearclaww has 120 seconds left.\n|\n|t:|1668037870\n|switch|p1a: Gengar|Gengar, M|100\/100\n|switch|p2a: Abomasnow|Abomasnow, F, shiny|100\/100\n|turn|8\n|\n|t:|1668037879\n|detailschange|p2a: Abomasnow|Abomasnow-Mega, F, shiny\n|-mega|p2a: Abomasnow|Abomasnow|Abomasite\n|move|p1a: Gengar|Sludge Bomb|p2a: Abomasnow\n|-supereffective|p2a: Abomasnow\n|-damage|p2a: Abomasnow|17\/100\n|-status|p2a: Abomasnow|psn\n|move|p2a: Abomasnow|Wood Hammer|p1a: Gengar\n|-resisted|p1a: Gengar\n|-damage|p1a: Gengar|19\/100\n|-damage|p2a: Abomasnow|0 fnt|[from] Recoil\n|faint|p2a: Abomasnow\n|\n|-weather|none\n|upkeep\n|\n|t:|1668037892\n|switch|p2a: Froslass|Froslass, F, shiny|100\/100\n|turn|9\n|\n|t:|1668037895\n|move|p1a: Gengar|Shadow Ball|p2a: Froslass\n|-supereffective|p2a: Froslass\n|-damage|p2a: Froslass|0 fnt\n|faint|p2a: Froslass\n|\n|upkeep\n|\n|t:|1668037900\n|switch|p2a: Vanilluxe|Vanilluxe, F, shiny|100\/100\n|-weather|Hail|[from] ability: Snow Warning|[of] p2a: Vanilluxe\n|turn|10\n|\n|t:|1668037909\n|-start|p2a: Vanilluxe|Dynamax|\n|-heal|p2a: Vanilluxe|100\/100|[silent]\n|move|p1a: Gengar|Shadow Ball|p2a: Vanilluxe\n|-damage|p2a: Vanilluxe|78\/100\n|move|p2a: Vanilluxe|Max Steelspike|p1a: Gengar\n|-damage|p1a: Gengar|0 fnt\n|-boost|p2a: Vanilluxe|def|1\n|faint|p1a: Gengar\n|\n|-weather|Hail|[upkeep]\n|upkeep\n|\n|t:|1668037921\n|switch|p1a: Pikachu|Pikachu-Partner, M|100\/100\n|turn|11\n|\n|t:|1668037926\n|-zpower|p1a: Pikachu\n|move|p1a: Pikachu|10,000,000 Volt Thunderbolt|p2a: Vanilluxe|[zeffect]\n|-damage|p2a: Vanilluxe|50\/100\n|move|p2a: Vanilluxe|Max Steelspike|p1a: Pikachu\n|-resisted|p1a: Pikachu\n|-damage|p1a: Pikachu|42\/100\n|-boost|p2a: Vanilluxe|def|1\n|\n|-weather|Hail|[upkeep]\n|-damage|p1a: Pikachu|36\/100|[from] Hail\n|upkeep\n|turn|12\n|inactive|Bearclaww has 120 seconds left.\n|\n|t:|1668037984\n|move|p1a: Pikachu|Electroweb|p2a: Vanilluxe\n|-damage|p2a: Vanilluxe|42\/100\n|-unboost|p2a: Vanilluxe|spe|1\n|move|p2a: Vanilluxe|Max Steelspike|p1a: Pikachu\n|-resisted|p1a: Pikachu\n|-damage|p1a: Pikachu|0 fnt\n|-boost|p2a: Vanilluxe|def|1\n|faint|p1a: Pikachu\n|\n|-weather|Hail|[upkeep]\n|upkeep\n|\n|t:|1668037990\n|switch|p1a: Sirfetch\u2019d|Sirfetch\u2019d, M|100\/100\n|-end|p2a: Vanilluxe|Dynamax\n|-heal|p2a: Vanilluxe|42\/100|[silent]\n|turn|13\n|\n|t:|1668037999\n|-start|p1a: Sirfetch\u2019d|Dynamax|\n|-heal|p1a: Sirfetch\u2019d|100\/100|[silent]\n|move|p1a: Sirfetch\u2019d|Max Knuckle|p2a: Vanilluxe\n|-supereffective|p2a: Vanilluxe\n|-crit|p2a: Vanilluxe\n|-damage|p2a: Vanilluxe|0 fnt\n|-boost|p1a: Sirfetch\u2019d|atk|1\n|faint|p2a: Vanilluxe\n|\n|win|BTT2022\n|raw|BTT2022's rating: 1184 &rarr; <strong>1207<\/strong><br \/>(+23 for winning)\n|raw|Bearclaww's rating: 1153 &rarr; <strong>1130<\/strong><br \/>(-23 for losing)\n|c|\u2606BTT2022|GG :)\n|c|\u2606Bearclaww|gg\n|c|\u2606Bearclaww|crit\n|c|\u2606Bearclaww|nice\n|c|\u2606BTT2022|Yeah, Thank You!, that was close!\n||Ladder isn't responding, score probably updated but might not have (Request timeout).\n","uploadtime":1668038005,"views":5,"p1id":"btt2022","p2id":"bearclaww","formatid":"gen8nationaldexag","rating":1130,"private":0,"password":null}