{"id":"gen8ou-1659280723","p1":"Wehrak_02","p2":"EVERYOPPSHOT","format":"gen8ou","log":"|j|\u2606Wehrak_02\n|j|\u2606EVERYOPPSHOT\n|t:|1662654321\n|gametype|singles\n|player|p1|Wehrak_02|blue|1644\n|player|p2|EVERYOPPSHOT|169|1688\n|teamsize|p1|6\n|teamsize|p2|6\n|gen|8\n|tier|[Gen 8] OU\n|rated|\n|rule|Sleep Clause Mod: Limit one foe put to sleep\n|rule|Species Clause: Limit one of each Pok\u00e9mon\n|rule|OHKO Clause: OHKO moves are banned\n|rule|Evasion Items Clause: Evasion items are banned\n|rule|Evasion Moves Clause: Evasion moves are banned\n|rule|Endless Battle Clause: Forcing endless battles is banned\n|rule|HP Percentage Mod: HP is shown in percentages\n|rule|Dynamax Clause: You cannot dynamax\n|clearpoke\n|poke|p1|Tapu Koko|\n|poke|p1|Tapu Lele|\n|poke|p1|Buzzwole|\n|poke|p1|Heatran, M|\n|poke|p1|Toxapex, M|\n|poke|p1|Landorus-Therian, M|\n|poke|p2|Melmetal|\n|poke|p2|Garchomp, F|\n|poke|p2|Zapdos|\n|poke|p2|Gastrodon-East, M|\n|poke|p2|Tapu Lele|\n|poke|p2|Tangrowth, F|\n|teampreview\n|j| soryciel\n|inactive|Battle timer is ON: inactive players will automatically lose when time's up. (requested by EVERYOPPSHOT)\n|\n|t:|1662654349\n|start\n|switch|p1a: Tapu Lele|Tapu Lele|100\/100\n|switch|p2a: Garchomp|Garchomp, F|100\/100\n|-fieldstart|move: Psychic Terrain|[from] ability: Psychic Surge|[of] p1a: Tapu Lele\n|turn|1\n|j| yourteamOUshit3\n|\n|t:|1662654379\n|switch|p2a: Melmetal|Melmetal|100\/100\n|move|p1a: Tapu Lele|Moonblast|p2a: Melmetal\n|-resisted|p2a: Melmetal\n|-damage|p2a: Melmetal|68\/100\n|-unboost|p2a: Melmetal|spa|1\n|\n|-heal|p2a: Melmetal|74\/100|[from] item: Leftovers\n|upkeep\n|turn|2\n|\n|t:|1662654384\n|switch|p1a: Landorus|Landorus-Therian, M|100\/100\n|-ability|p1a: Landorus|Intimidate|boost\n|-unboost|p2a: Melmetal|atk|1\n|switch|p2a: Garchomp|Garchomp, F|100\/100\n|\n|upkeep\n|turn|3\n|j| 5555faiz\n|\n|t:|1662654387\n|move|p2a: Garchomp|Stealth Rock|p1a: Landorus\n|-sidestart|p1: Wehrak_02|move: Stealth Rock\n|move|p1a: Landorus|Toxic|p2a: Garchomp|[miss]\n|-miss|p1a: Landorus|p2a: Garchomp\n|\n|upkeep\n|turn|4\n|\n|t:|1662654395\n|move|p2a: Garchomp|Swords Dance|p2a: Garchomp\n|-boost|p2a: Garchomp|atk|2\n|move|p1a: Landorus|Defog|p2a: Garchomp\n|-unboost|p2a: Garchomp|evasion|1\n|-sideend|p1: Wehrak_02|Stealth Rock|[from] move: Defog|[of] p1a: Landorus\n|-fieldend|move: Psychic Terrain\n|\n|upkeep\n|turn|5\n|\n|t:|1662654398\n|move|p2a: Garchomp|Stone Edge|p1a: Landorus\n|-damage|p1a: Landorus|42\/100\n|-damage|p2a: Garchomp|91\/100|[from] item: Life Orb\n|move|p1a: Landorus|Toxic|p2a: Garchomp\n|-status|p2a: Garchomp|tox\n|\n|-heal|p1a: Landorus|48\/100|[from] item: Leftovers\n|-damage|p2a: Garchomp|85\/100 tox|[from] psn\n|upkeep\n|turn|6\n|\n|t:|1662654405\n|switch|p1a: Toxapex|Toxapex, M|100\/100\n|move|p2a: Garchomp|Stealth Rock|p1a: Toxapex\n|-sidestart|p1: Wehrak_02|move: Stealth Rock\n|\n|-damage|p2a: Garchomp|72\/100 tox|[from] psn\n|upkeep\n|turn|7\n|\n|t:|1662654408\n|switch|p1a: Landorus|Landorus-Therian, M|48\/100\n|-damage|p1a: Landorus|36\/100|[from] Stealth Rock\n|-ability|p1a: Landorus|Intimidate|boost\n|-unboost|p2a: Garchomp|atk|1\n|move|p2a: Garchomp|Stone Edge|p1a: Landorus\n|-damage|p1a: Landorus|0 fnt\n|faint|p1a: Landorus\n|-damage|p2a: Garchomp|62\/100 tox|[from] item: Life Orb\n|\n|-damage|p2a: Garchomp|44\/100 tox|[from] psn\n|upkeep\n|\n|t:|1662654417\n|switch|p1a: Tapu Lele|Tapu Lele|100\/100\n|-damage|p1a: Tapu Lele|88\/100|[from] Stealth Rock\n|-fieldstart|move: Psychic Terrain|[from] ability: Psychic Surge|[of] p1a: Tapu Lele\n|turn|8\n|\n|t:|1662654426\n|switch|p2a: Gastrodon|Gastrodon-East, M|100\/100\n|move|p1a: Tapu Lele|Psychic|p2a: Gastrodon\n|-damage|p2a: Gastrodon|40\/100\n|-unboost|p2a: Gastrodon|spd|1\n|\n|-heal|p2a: Gastrodon|46\/100|[from] item: Leftovers\n|upkeep\n|turn|9\n|\n|t:|1662654431\n|switch|p2a: Melmetal|Melmetal|74\/100\n|move|p1a: Tapu Lele|Psychic|p2a: Melmetal\n|-resisted|p2a: Melmetal\n|-damage|p2a: Melmetal|37\/100\n|\n|-heal|p2a: Melmetal|44\/100|[from] item: Leftovers\n|upkeep\n|turn|10\n|\n|t:|1662654438\n|switch|p1a: Toxapex|Toxapex, M|100\/100\n|-damage|p1a: Toxapex|88\/100|[from] Stealth Rock\n|switch|p2a: Garchomp|Garchomp, F|44\/100 tox\n|\n|-damage|p2a: Garchomp|38\/100 tox|[from] psn\n|upkeep\n|turn|11\n|\n|t:|1662654453\n|switch|p2a: Zapdos|Zapdos, shiny|100\/100\n|move|p1a: Toxapex|Scald|p2a: Zapdos\n|-damage|p2a: Zapdos|85\/100\n|\n|upkeep\n|turn|12\n|\n|t:|1662654462\n|switch|p1a: Heatran|Heatran, M|100\/100\n|-damage|p1a: Heatran|88\/100|[from] Stealth Rock\n|move|p2a: Zapdos|Discharge|p1a: Heatran\n|-damage|p1a: Heatran|66\/100\n|\n|-heal|p1a: Heatran|72\/100|[from] item: Leftovers\n|-fieldend|move: Psychic Terrain\n|upkeep\n|turn|13\n|\n|t:|1662654469\n|switch|p2a: Gastrodon|Gastrodon-East, M|46\/100\n|move|p1a: Heatran|Stealth Rock|p2a: Gastrodon\n|-sidestart|p2: EVERYOPPSHOT|move: Stealth Rock\n|\n|-heal|p1a: Heatran|78\/100|[from] item: Leftovers\n|-heal|p2a: Gastrodon|52\/100|[from] item: Leftovers\n|upkeep\n|turn|14\n|\n|t:|1662654482\n|move|p1a: Heatran|Protect|p1a: Heatran\n|-singleturn|p1a: Heatran|Protect\n|move|p2a: Gastrodon|Recover|p2a: Gastrodon\n|-heal|p2a: Gastrodon|100\/100\n|\n|-heal|p1a: Heatran|85\/100|[from] item: Leftovers\n|upkeep\n|turn|15\n|j| Blixus\n|\n|t:|1662654486\n|switch|p1a: Toxapex|Toxapex, M|100\/100\n|-damage|p1a: Toxapex|88\/100|[from] Stealth Rock\n|move|p2a: Gastrodon|Curse|p2a: Gastrodon\n|-unboost|p2a: Gastrodon|spe|1\n|-boost|p2a: Gastrodon|atk|1\n|-boost|p2a: Gastrodon|def|1\n|\n|upkeep\n|turn|16\n|j| Richarlison9\n|\n|t:|1662654490\n|move|p1a: Toxapex|Toxic Spikes|p2a: Gastrodon\n|-sidestart|p2: EVERYOPPSHOT|move: Toxic Spikes\n|move|p2a: Gastrodon|Earthquake|p1a: Toxapex\n|-supereffective|p1a: Toxapex\n|-damage|p1a: Toxapex|30\/100\n|-enditem|p1a: Toxapex|Eject Button\n|j| killer whale squa\n|\n|t:|1662654496\n|switch|p1a: Tapu Lele|Tapu Lele|88\/100\n|-damage|p1a: Tapu Lele|76\/100|[from] Stealth Rock\n|-fieldstart|move: Psychic Terrain|[from] ability: Psychic Surge|[of] p1a: Tapu Lele\n|\n|upkeep\n|turn|17\n|\n|t:|1662654503\n|move|p1a: Tapu Lele|Psychic|p2a: Gastrodon\n|-damage|p2a: Gastrodon|33\/100\n|-unboost|p2a: Gastrodon|spd|1\n|move|p2a: Gastrodon|Earthquake|p1a: Tapu Lele\n|-damage|p1a: Tapu Lele|11\/100\n|\n|-heal|p2a: Gastrodon|39\/100|[from] item: Leftovers\n|upkeep\n|turn|18\n|\n|t:|1662654526\n|switch|p2a: Melmetal|Melmetal|44\/100\n|-damage|p2a: Melmetal|37\/100|[from] Stealth Rock\n|move|p1a: Tapu Lele|Psychic|p2a: Melmetal\n|-resisted|p2a: Melmetal\n|-damage|p2a: Melmetal|0 fnt\n|faint|p2a: Melmetal\n|\n|upkeep\n|\n|t:|1662654531\n|switch|p2a: Garchomp|Garchomp, F|38\/100 tox\n|-damage|p2a: Garchomp|32\/100 tox|[from] Stealth Rock\n|turn|19\n|\n|t:|1662654535\n|move|p2a: Garchomp|Earthquake|p1a: Tapu Lele\n|-damage|p1a: Tapu Lele|0 fnt\n|faint|p1a: Tapu Lele\n|-damage|p2a: Garchomp|22\/100 tox|[from] item: Life Orb\n|\n|-damage|p2a: Garchomp|16\/100 tox|[from] psn\n|upkeep\n|\n|t:|1662654549\n|switch|p1a: Tapu Koko|Tapu Koko|100\/100\n|-fieldstart|move: Electric Terrain|[from] ability: Electric Surge|[of] p1a: Tapu Koko\n|turn|20\n|\n|t:|1662654556\n|switch|p2a: Zapdos|Zapdos, shiny|85\/100\n|move|p1a: Tapu Koko|Dazzling Gleam|p2a: Zapdos\n|-damage|p2a: Zapdos|51\/100\n|\n|upkeep\n|turn|21\n|\n|t:|1662654560\n|move|p1a: Tapu Koko|Thunderbolt|p2a: Zapdos\n|-damage|p2a: Zapdos|1\/100\n|move|p2a: Zapdos|Roost|p2a: Zapdos\n|-heal|p2a: Zapdos|51\/100\n|-singleturn|p2a: Zapdos|move: Roost\n|\n|upkeep\n|turn|22\n|j| phoenixlaw\n|\n|t:|1662654567\n|move|p1a: Tapu Koko|Thunderbolt|p2a: Zapdos\n|-damage|p2a: Zapdos|4\/100\n|move|p2a: Zapdos|Roost|p2a: Zapdos\n|-heal|p2a: Zapdos|54\/100\n|-singleturn|p2a: Zapdos|move: Roost\n|\n|upkeep\n|turn|23\n|\n|t:|1662654570\n|move|p1a: Tapu Koko|Toxic|p2a: Zapdos\n|-status|p2a: Zapdos|tox\n|move|p2a: Zapdos|Roost|p2a: Zapdos\n|-heal|p2a: Zapdos|100\/100 tox\n|-singleturn|p2a: Zapdos|move: Roost\n|\n|-damage|p2a: Zapdos|94\/100 tox|[from] psn\n|upkeep\n|turn|24\n|\n|t:|1662654572\n|move|p1a: Tapu Koko|Thunderbolt|p2a: Zapdos\n|-crit|p2a: Zapdos\n|-damage|p2a: Zapdos|22\/100 tox\n|move|p2a: Zapdos|Defog|p1a: Tapu Koko\n|-unboost|p1a: Tapu Koko|evasion|1\n|-sideend|p1: Wehrak_02|Stealth Rock|[from] move: Defog|[of] p2a: Zapdos\n|-sideend|p2: EVERYOPPSHOT|Toxic Spikes|[from] move: Defog|[of] p2a: Zapdos\n|-sideend|p2: EVERYOPPSHOT|Stealth Rock|[from] move: Defog|[of] p2a: Zapdos\n|-fieldend|move: Electric Terrain\n|\n|-damage|p2a: Zapdos|10\/100 tox|[from] psn\n|upkeep\n|turn|25\n|\n|t:|1662654577\n|move|p1a: Tapu Koko|Dazzling Gleam|p2a: Zapdos\n|-damage|p2a: Zapdos|0 fnt\n|faint|p2a: Zapdos\n|\n|upkeep\n|\n|t:|1662654581\n|switch|p2a: Gastrodon|Gastrodon-East, M|39\/100\n|turn|26\n|\n|t:|1662654594\n|move|p1a: Tapu Koko|Toxic|p2a: Gastrodon\n|-status|p2a: Gastrodon|tox\n|move|p2a: Gastrodon|Recover|p2a: Gastrodon\n|-heal|p2a: Gastrodon|89\/100 tox\n|\n|-heal|p2a: Gastrodon|95\/100 tox|[from] item: Leftovers\n|-damage|p2a: Gastrodon|89\/100 tox|[from] psn\n|upkeep\n|turn|27\n|\n|t:|1662654599\n|switch|p1a: Buzzwole|Buzzwole|100\/100\n|move|p2a: Gastrodon|Earthquake|p1a: Buzzwole\n|-resisted|p1a: Buzzwole\n|-damage|p1a: Buzzwole|90\/100\n|\n|-heal|p2a: Gastrodon|95\/100 tox|[from] item: Leftovers\n|-damage|p2a: Gastrodon|83\/100 tox|[from] psn\n|upkeep\n|turn|28\n|\n|t:|1662654607\n|switch|p2a: Tangrowth|Tangrowth, F|100\/100\n|move|p1a: Buzzwole|Close Combat|p2a: Tangrowth\n|-damage|p2a: Tangrowth|68\/100\n|-unboost|p1a: Buzzwole|def|1\n|-unboost|p1a: Buzzwole|spd|1\n|-damage|p1a: Buzzwole|73\/100|[from] item: Rocky Helmet|[of] p2a: Tangrowth\n|\n|upkeep\n|turn|29\n|\n|t:|1662654611\n|switch|p1a: Toxapex|Toxapex, M|64\/100\n|move|p2a: Tangrowth|Sleep Powder|p1a: Toxapex\n|-status|p1a: Toxapex|slp|[from] move: Sleep Powder\n|\n|upkeep\n|turn|30\n|\n|t:|1662654617\n|switch|p2a: Tapu Lele|Tapu Lele|100\/100\n|-fieldstart|move: Psychic Terrain|[from] ability: Psychic Surge|[of] p2a: Tapu Lele\n|switch|p1a: Heatran|Heatran, M|85\/100\n|\n|-heal|p1a: Heatran|91\/100|[from] item: Leftovers\n|upkeep\n|turn|31\n|\n|t:|1662654622\n|move|p2a: Tapu Lele|Focus Blast|p1a: Heatran\n|-supereffective|p1a: Heatran\n|-damage|p1a: Heatran|37\/100\n|-unboost|p1a: Heatran|spd|1\n|move|p1a: Heatran|Magma Storm|p2a: Tapu Lele\n|-damage|p2a: Tapu Lele|54\/100\n|-activate|p2a: Tapu Lele|move: Magma Storm|[of] p1a: Heatran\n|\n|-heal|p1a: Heatran|43\/100|[from] item: Leftovers\n|-damage|p2a: Tapu Lele|42\/100|[from] move: Magma Storm|[partiallytrapped]\n|upkeep\n|turn|32\n|\n|t:|1662654626\n|move|p1a: Heatran|Protect|p1a: Heatran\n|-singleturn|p1a: Heatran|Protect\n|move|p2a: Tapu Lele|Focus Blast|p1a: Heatran\n|-activate|p1a: Heatran|move: Protect\n|\n|-heal|p1a: Heatran|49\/100|[from] item: Leftovers\n|-damage|p2a: Tapu Lele|29\/100|[from] move: Magma Storm|[partiallytrapped]\n|upkeep\n|turn|33\n|\n|t:|1662654630\n|switch|p1a: Toxapex|Toxapex, M|97\/100 slp\n|move|p2a: Tapu Lele|Focus Blast|p1a: Toxapex\n|-resisted|p1a: Toxapex\n|-damage|p1a: Toxapex|80\/100 slp\n|\n|-end|p2a: Tapu Lele|Magma Storm|[partiallytrapped]|[silent]\n|upkeep\n|turn|34\n|\n|t:|1662654634\n|switch|p2a: Garchomp|Garchomp, F|16\/100 tox\n|cant|p1a: Toxapex|slp\n|\n|-damage|p2a: Garchomp|9\/100 tox|[from] psn\n|-fieldend|move: Psychic Terrain\n|upkeep\n|turn|35\n|\n|t:|1662654645\n|switch|p2a: Tapu Lele|Tapu Lele|29\/100\n|-fieldstart|move: Psychic Terrain|[from] ability: Psychic Surge|[of] p2a: Tapu Lele\n|switch|p1a: Buzzwole|Buzzwole|73\/100\n|\n|upkeep\n|turn|36\n|\n|t:|1662654660\n|switch|p1a: Heatran|Heatran, M|49\/100\n|move|p2a: Tapu Lele|Focus Blast|p1a: Heatran\n|-supereffective|p1a: Heatran\n|-damage|p1a: Heatran|0 fnt\n|faint|p1a: Heatran\n|\n|upkeep\n|\n|t:|1662654665\n|switch|p1a: Tapu Koko|Tapu Koko|100\/100\n|-fieldstart|move: Electric Terrain|[from] ability: Electric Surge|[of] p1a: Tapu Koko\n|turn|37\n|\n|t:|1662654672\n|switch|p2a: Garchomp|Garchomp, F|9\/100 tox\n|move|p1a: Tapu Koko|Thunderbolt|p2a: Garchomp\n|-immune|p2a: Garchomp\n|\n|-damage|p2a: Garchomp|3\/100 tox|[from] psn\n|upkeep\n|turn|38\n|\n|t:|1662654675\n|move|p1a: Tapu Koko|Dazzling Gleam|p2a: Garchomp\n|-supereffective|p2a: Garchomp\n|-damage|p2a: Garchomp|0 fnt\n|faint|p2a: Garchomp\n|\n|upkeep\n|\n|t:|1662654676\n|switch|p2a: Tangrowth|Tangrowth, F|100\/100\n|turn|39\n|\n|t:|1662654680\n|move|p1a: Tapu Koko|Toxic|p2a: Tangrowth|[miss]\n|-miss|p1a: Tapu Koko|p2a: Tangrowth\n|move|p2a: Tangrowth|Leech Seed|p1a: Tapu Koko\n|-start|p1a: Tapu Koko|move: Leech Seed\n|\n|-damage|p1a: Tapu Koko|88\/100|[from] Leech Seed|[of] p2a: Tangrowth\n|upkeep\n|turn|40\n|\n|t:|1662654684\n|switch|p2a: Gastrodon|Gastrodon-East, M|83\/100 tox\n|move|p1a: Tapu Koko|Toxic|p2a: Gastrodon\n|-fail|p2a: Gastrodon|tox\n|\n|-heal|p2a: Gastrodon|89\/100 tox|[from] item: Leftovers\n|-damage|p1a: Tapu Koko|76\/100|[from] Leech Seed|[of] p2a: Gastrodon\n|-heal|p2a: Gastrodon|97\/100 tox|[silent]\n|-damage|p2a: Gastrodon|91\/100 tox|[from] psn\n|upkeep\n|turn|41\n|\n|t:|1662654689\n|switch|p1a: Buzzwole|Buzzwole|73\/100\n|move|p2a: Gastrodon|Earthquake|p1a: Buzzwole\n|-resisted|p1a: Buzzwole\n|-damage|p1a: Buzzwole|61\/100\n|\n|-heal|p2a: Gastrodon|97\/100 tox|[from] item: Leftovers\n|-damage|p2a: Gastrodon|85\/100 tox|[from] psn\n|-fieldend|move: Electric Terrain\n|upkeep\n|turn|42\n|\n|t:|1662654695\n|switch|p2a: Tangrowth|Tangrowth, F|100\/100\n|move|p1a: Buzzwole|Leech Life|p2a: Tangrowth\n|-supereffective|p2a: Tangrowth\n|-damage|p2a: Tangrowth|54\/100\n|-heal|p1a: Buzzwole|88\/100|[from] drain|[of] p2a: Tangrowth\n|-damage|p1a: Buzzwole|71\/100|[from] item: Rocky Helmet|[of] p2a: Tangrowth\n|\n|upkeep\n|turn|43\n|\n|t:|1662654699\n|move|p1a: Buzzwole|Leech Life|p2a: Tangrowth\n|-supereffective|p2a: Tangrowth\n|-damage|p2a: Tangrowth|4\/100\n|-heal|p1a: Buzzwole|99\/100|[from] drain|[of] p2a: Tangrowth\n|-damage|p1a: Buzzwole|83\/100|[from] item: Rocky Helmet|[of] p2a: Tangrowth\n|move|p2a: Tangrowth|Leech Seed|p1a: Buzzwole\n|-start|p1a: Buzzwole|move: Leech Seed\n|\n|-damage|p1a: Buzzwole|71\/100|[from] Leech Seed|[of] p2a: Tangrowth\n|-heal|p2a: Tangrowth|15\/100|[silent]\n|upkeep\n|turn|44\n|\n|t:|1662654711\n|switch|p2a: Gastrodon|Gastrodon-East, M|85\/100 tox\n|move|p1a: Buzzwole|Leech Life|p2a: Gastrodon\n|-damage|p2a: Gastrodon|39\/100 tox\n|-heal|p1a: Buzzwole|98\/100|[from] drain|[of] p2a: Gastrodon\n|\n|-heal|p2a: Gastrodon|45\/100 tox|[from] item: Leftovers\n|-damage|p1a: Buzzwole|86\/100|[from] Leech Seed|[of] p2a: Gastrodon\n|-heal|p2a: Gastrodon|55\/100 tox|[silent]\n|-damage|p2a: Gastrodon|49\/100 tox|[from] psn\n|upkeep\n|turn|45\n|\n|t:|1662654716\n|switch|p2a: Tangrowth|Tangrowth, F|48\/100\n|move|p1a: Buzzwole|Leech Life|p2a: Tangrowth\n|-supereffective|p2a: Tangrowth\n|-damage|p2a: Tangrowth|5\/100\n|-heal|p1a: Buzzwole|100\/100|[from] drain|[of] p2a: Tangrowth\n|-damage|p1a: Buzzwole|84\/100|[from] item: Rocky Helmet|[of] p2a: Tangrowth\n|\n|-damage|p1a: Buzzwole|71\/100|[from] Leech Seed|[of] p2a: Tangrowth\n|-heal|p2a: Tangrowth|16\/100|[silent]\n|upkeep\n|turn|46\n|\n|t:|1662654720\n|move|p1a: Buzzwole|Leech Life|p2a: Tangrowth\n|-supereffective|p2a: Tangrowth\n|-damage|p2a: Tangrowth|0 fnt\n|-heal|p1a: Buzzwole|80\/100|[from] drain|[of] p2a: Tangrowth\n|-damage|p1a: Buzzwole|64\/100|[from] item: Rocky Helmet|[of] p2a: Tangrowth\n|faint|p2a: Tangrowth\n|-ability|p1a: Buzzwole|Beast Boost|boost\n|-boost|p1a: Buzzwole|atk|1\n|\n|upkeep\n|\n|t:|1662654722\n|switch|p2a: Tapu Lele|Tapu Lele|29\/100\n|-fieldstart|move: Psychic Terrain|[from] ability: Psychic Surge|[of] p2a: Tapu Lele\n|turn|47\n|\n|t:|1662654736\n|move|p2a: Tapu Lele|Psychic|p1a: Buzzwole\n|-supereffective|p1a: Buzzwole\n|-damage|p1a: Buzzwole|0 fnt\n|faint|p1a: Buzzwole\n|\n|upkeep\n|\n|t:|1662654740\n|switch|p1a: Tapu Koko|Tapu Koko|76\/100\n|-fieldstart|move: Electric Terrain|[from] ability: Electric Surge|[of] p1a: Tapu Koko\n|turn|48\n|\n|t:|1662654746\n|switch|p2a: Gastrodon|Gastrodon-East, M|49\/100 tox\n|move|p1a: Tapu Koko|Dazzling Gleam|p2a: Gastrodon\n|-damage|p2a: Gastrodon|27\/100 tox\n|\n|-heal|p2a: Gastrodon|34\/100 tox|[from] item: Leftovers\n|-damage|p2a: Gastrodon|27\/100 tox|[from] psn\n|upkeep\n|turn|49\n|\n|t:|1662654758\n|switch|p1a: Toxapex|Toxapex, M|100\/100 slp\n|move|p2a: Gastrodon|Recover|p2a: Gastrodon\n|-heal|p2a: Gastrodon|77\/100 tox\n|\n|-heal|p2a: Gastrodon|84\/100 tox|[from] item: Leftovers\n|-damage|p2a: Gastrodon|71\/100 tox|[from] psn\n|upkeep\n|turn|50\n|\n|t:|1662654763\n|switch|p2a: Tapu Lele|Tapu Lele|29\/100\n|-fieldstart|move: Psychic Terrain|[from] ability: Psychic Surge|[of] p2a: Tapu Lele\n|cant|p1a: Toxapex|slp\n|\n|upkeep\n|turn|51\n|\n|t:|1662654771\n|move|p2a: Tapu Lele|Psychic|p1a: Toxapex\n|-supereffective|p1a: Toxapex\n|-damage|p1a: Toxapex|0 fnt\n|faint|p1a: Toxapex\n|\n|upkeep\n|\n|t:|1662654774\n|switch|p1a: Tapu Koko|Tapu Koko|76\/100\n|-fieldstart|move: Electric Terrain|[from] ability: Electric Surge|[of] p1a: Tapu Koko\n|turn|52\n|\n|t:|1662654787\n|move|p2a: Tapu Lele|Psychic|p1a: Tapu Koko\n|-damage|p1a: Tapu Koko|0 fnt\n|faint|p1a: Tapu Koko\n|\n|win|EVERYOPPSHOT\n|raw|Wehrak_02's rating: 1644 &rarr; <strong>1627<\/strong><br \/>(-17 for losing)\n|raw|EVERYOPPSHOT's rating: 1688 &rarr; <strong>1705<\/strong><br \/>(+17 for winning)\n|l|\u2606EVERYOPPSHOT\n|l|\u2606Wehrak_02\n|l| soryciel\n|l| Blixus\n||Ladder isn't responding, score probably updated but might not have (Request timeout).\n","uploadtime":1662654841,"views":5,"p1id":"wehrak02","p2id":"everyoppshot","formatid":"gen8ou","rating":1627,"private":0,"password":null}