{"id":"gen8ou-1706965941","p1":"Rocketboss09","p2":"lliellogp","format":"gen8ou","log":"|j|\u2606Rocketboss09\n|j|\u2606lliellogp\n|t:|1668037090\n|gametype|singles\n|player|p1|Rocketboss09|giovanni|1077\n|player|p2|lliellogp|1|1131\n|teamsize|p1|6\n|teamsize|p2|6\n|gen|8\n|tier|[Gen 8] OU\n|rated|\n|rule|Sleep Clause Mod: Limit one foe put to sleep\n|rule|Species Clause: Limit one of each Pok\u00e9mon\n|rule|OHKO Clause: OHKO moves are banned\n|rule|Evasion Items Clause: Evasion items are banned\n|rule|Evasion Moves Clause: Evasion moves are banned\n|rule|Endless Battle Clause: Forcing endless battles is banned\n|rule|HP Percentage Mod: HP is shown in percentages\n|rule|Dynamax Clause: You cannot dynamax\n|clearpoke\n|poke|p1|Mew|\n|poke|p1|Jolteon, M|\n|poke|p1|Arcanine, M|\n|poke|p1|Scizor, M|\n|poke|p1|Gyarados, M|\n|poke|p1|Talonflame, M|\n|poke|p2|Aegislash, M|\n|poke|p2|Goodra, M|\n|poke|p2|Toxapex, F|\n|poke|p2|Rotom-Heat|\n|poke|p2|Indeedee-F, F|\n|poke|p2|Frosmoth, F|\n|teampreview\n|inactive|Battle timer is ON: inactive players will automatically lose when time's up. (requested by Rocketboss09)\n|\n|t:|1668037127\n|start\n|switch|p1a: Talonflame|Talonflame, M|100\/100\n|switch|p2a: Toxapex|Toxapex, F|100\/100\n|turn|1\n|\n|t:|1668037146\n|move|p1a: Talonflame|Swords Dance|p1a: Talonflame\n|-boost|p1a: Talonflame|atk|2\n|move|p2a: Toxapex|Scald|p1a: Talonflame\n|-supereffective|p1a: Talonflame\n|-damage|p1a: Talonflame|49\/100\n|\n|upkeep\n|turn|2\n|\n|t:|1668037156\n|move|p1a: Talonflame|Brave Bird|p2a: Toxapex\n|-damage|p2a: Toxapex|26\/100\n|-damage|p1a: Talonflame|24\/100|[from] Recoil\n|move|p2a: Toxapex|Scald|p1a: Talonflame\n|-supereffective|p1a: Talonflame\n|-damage|p1a: Talonflame|0 fnt\n|faint|p1a: Talonflame\n|\n|-heal|p2a: Toxapex|32\/100|[from] item: Black Sludge\n|upkeep\n|\n|t:|1668037168\n|switch|p1a: Jolteon|Jolteon, M|100\/100\n|turn|3\n|\n|t:|1668037178\n|switch|p2a: Goodra|Goodra, M|100\/100\n|move|p1a: Jolteon|Volt Switch|p2a: Goodra\n|-resisted|p2a: Goodra\n|-damage|p2a: Goodra|92\/100\n|-damage|p1a: Jolteon|91\/100|[from] item: Life Orb\n|\n|t:|1668037193\n|switch|p1a: Scizor|Scizor, M|100\/100|[from]move: Volt Switch\n|\n|upkeep\n|turn|4\n|\n|t:|1668037210\n|move|p2a: Goodra|Focus Blast|p1a: Scizor\n|-damage|p1a: Scizor|49\/100\n|move|p1a: Scizor|U-turn|p2a: Goodra\n|-damage|p2a: Goodra|15\/100\n|\n|t:|1668037230\n|switch|p1a: Arcanine|Arcanine, M|100\/100|[from]move: U-turn\n|-ability|p1a: Arcanine|Intimidate|boost\n|-unboost|p2a: Goodra|atk|1\n|\n|upkeep\n|turn|5\n|\n|t:|1668037250\n|switch|p2a: Rotom|Rotom-Heat|100\/100\n|move|p1a: Arcanine|Flare Blitz|p2a: Rotom\n|-resisted|p2a: Rotom\n|-damage|p2a: Rotom|60\/100\n|-damage|p1a: Arcanine|91\/100|[from] Recoil\n|\n|upkeep\n|turn|6\n|inactive|Rocketboss09 has 120 seconds left.\n|\n|t:|1668037275\n|move|p2a: Rotom|Pain Split|p1a: Arcanine\n|-sethp|p1a: Arcanine|68\/100|[from] move: Pain Split|[silent]\n|-sethp|p2a: Rotom|90\/100|[from] move: Pain Split\n|move|p1a: Arcanine|Flare Blitz|p2a: Rotom\n|-resisted|p2a: Rotom\n|-damage|p2a: Rotom|50\/100\n|-damage|p1a: Arcanine|58\/100|[from] Recoil\n|\n|upkeep\n|turn|7\n|\n|t:|1668037285\n|move|p2a: Rotom|Volt Switch|p1a: Arcanine\n|-damage|p1a: Arcanine|17\/100\n|\n|t:|1668037290\n|switch|p2a: Toxapex|Toxapex, F|66\/100|[from]move: Volt Switch\n|move|p1a: Arcanine|Flare Blitz|p2a: Toxapex\n|-resisted|p2a: Toxapex\n|-damage|p2a: Toxapex|41\/100\n|-damage|p1a: Arcanine|10\/100|[from] Recoil\n|\n|-heal|p2a: Toxapex|48\/100|[from] item: Black Sludge\n|upkeep\n|turn|8\n|\n|t:|1668037300\n|move|p1a: Arcanine|Wild Charge|p2a: Toxapex\n|-supereffective|p2a: Toxapex\n|-crit|p2a: Toxapex\n|-damage|p2a: Toxapex|0 fnt\n|faint|p2a: Toxapex\n|-damage|p1a: Arcanine|0 fnt|[from] Recoil\n|faint|p1a: Arcanine\n|\n|upkeep\n|\n|t:|1668037323\n|switch|p1a: Jolteon|Jolteon, M|91\/100\n|switch|p2a: Indeedee|Indeedee-F, F|100\/100\n|-fieldstart|move: Psychic Terrain|[from] ability: Psychic Surge|[of] p2a: Indeedee\n|turn|9\n|\n|t:|1668037333\n|move|p1a: Jolteon|Thunderbolt|p2a: Indeedee\n|-damage|p2a: Indeedee|47\/100\n|-damage|p1a: Jolteon|81\/100|[from] item: Life Orb\n|move|p2a: Indeedee|Psychic|p1a: Jolteon\n|-damage|p1a: Jolteon|30\/100\n|\n|upkeep\n|turn|10\n|\n|t:|1668037344\n|switch|p2a: Rotom|Rotom-Heat|50\/100\n|move|p1a: Jolteon|Thunderbolt|p2a: Rotom\n|-resisted|p2a: Rotom\n|-damage|p2a: Rotom|12\/100\n|-enditem|p2a: Rotom|Iapapa Berry|[eat]\n|-heal|p2a: Rotom|45\/100|[from] item: Iapapa Berry\n|-damage|p1a: Jolteon|20\/100|[from] item: Life Orb\n|\n|upkeep\n|turn|11\n|\n|t:|1668037369\n|move|p1a: Jolteon|Thunderbolt|p2a: Rotom\n|-resisted|p2a: Rotom\n|-damage|p2a: Rotom|11\/100\n|-damage|p1a: Jolteon|10\/100|[from] item: Life Orb\n|move|p2a: Rotom|Overheat|p1a: Jolteon\n|-damage|p1a: Jolteon|0 fnt\n|-unboost|p2a: Rotom|spa|2\n|faint|p1a: Jolteon\n|\n|upkeep\n|inactive|Rocketboss09 has 120 seconds left.\n|\n|t:|1668037390\n|switch|p1a: Gyarados|Gyarados, M|100\/100\n|turn|12\n|inactive|Rocketboss09 has 120 seconds left.\n|\n|t:|1668037404\n|move|p2a: Rotom|Pain Split|p1a: Gyarados\n|-sethp|p1a: Gyarados|54\/100|[from] move: Pain Split|[silent]\n|-sethp|p2a: Rotom|74\/100|[from] move: Pain Split\n|move|p1a: Gyarados|Waterfall|p2a: Rotom\n|-supereffective|p2a: Rotom\n|-damage|p2a: Rotom|0 fnt\n|faint|p2a: Rotom\n|-ability|p1a: Gyarados|Moxie|boost\n|-boost|p1a: Gyarados|atk|1\n|\n|-heal|p1a: Gyarados|60\/100|[from] item: Leftovers\n|upkeep\n|inactive|lliellogp has 120 seconds left.\n|\n|t:|1668037432\n|switch|p2a: Aegislash|Aegislash, M|100\/100\n|turn|13\n|\n|t:|1668037439\n|move|p1a: Gyarados|Earthquake|p2a: Aegislash\n|-supereffective|p2a: Aegislash\n|-damage|p2a: Aegislash|20\/100\n|move|p2a: Aegislash|Swords Dance|p2a: Aegislash\n|-boost|p2a: Aegislash|atk|2\n|\n|-heal|p1a: Gyarados|66\/100|[from] item: Leftovers\n|-heal|p2a: Aegislash|26\/100|[from] item: Leftovers\n|upkeep\n|turn|14\n|\n|t:|1668037449\n|move|p2a: Aegislash|King's Shield|p2a: Aegislash\n|-singleturn|p2a: Aegislash|Protect\n|move|p1a: Gyarados|Earthquake|p2a: Aegislash\n|-activate|p2a: Aegislash|move: Protect\n|\n|-heal|p1a: Gyarados|72\/100|[from] item: Leftovers\n|-heal|p2a: Aegislash|32\/100|[from] item: Leftovers\n|upkeep\n|turn|15\n|\n|t:|1668037464\n|switch|p2a: Goodra|Goodra, M|15\/100\n|move|p1a: Gyarados|Earthquake|p2a: Goodra\n|-damage|p2a: Goodra|0 fnt\n|faint|p2a: Goodra\n|-ability|p1a: Gyarados|Moxie|boost\n|-boost|p1a: Gyarados|atk|1\n|\n|-heal|p1a: Gyarados|78\/100|[from] item: Leftovers\n|upkeep\n|\n|t:|1668037472\n|switch|p2a: Frosmoth|Frosmoth, F|100\/100\n|turn|16\n|\n|t:|1668037485\n|move|p1a: Gyarados|Waterfall|p2a: Frosmoth\n|-damage|p2a: Frosmoth|0 fnt\n|faint|p2a: Frosmoth\n|-ability|p1a: Gyarados|Moxie|boost\n|-boost|p1a: Gyarados|atk|1\n|\n|-heal|p1a: Gyarados|84\/100|[from] item: Leftovers\n|-fieldend|move: Psychic Terrain\n|upkeep\n|\n|t:|1668037493\n|switch|p2a: Indeedee|Indeedee-F, F|47\/100\n|-fieldstart|move: Psychic Terrain|[from] ability: Psychic Surge|[of] p2a: Indeedee\n|turn|17\n|\n|t:|1668037499\n|move|p2a: Indeedee|Psychic|p1a: Gyarados\n|-damage|p1a: Gyarados|41\/100\n|move|p1a: Gyarados|Crunch|p2a: Indeedee\n|-supereffective|p2a: Indeedee\n|-damage|p2a: Indeedee|0 fnt\n|faint|p2a: Indeedee\n|-ability|p1a: Gyarados|Moxie|boost\n|-boost|p1a: Gyarados|atk|1\n|\n|-heal|p1a: Gyarados|47\/100|[from] item: Leftovers\n|upkeep\n|\n|t:|1668037507\n|switch|p2a: Aegislash|Aegislash, M|32\/100\n|turn|18\n|\n|t:|1668037513\n|move|p2a: Aegislash|King's Shield|p2a: Aegislash\n|-singleturn|p2a: Aegislash|Protect\n|move|p1a: Gyarados|Earthquake|p2a: Aegislash\n|-activate|p2a: Aegislash|move: Protect\n|\n|-heal|p1a: Gyarados|53\/100|[from] item: Leftovers\n|-heal|p2a: Aegislash|39\/100|[from] item: Leftovers\n|upkeep\n|turn|19\n|\n|t:|1668037522\n|move|p1a: Gyarados|Earthquake|p2a: Aegislash\n|-supereffective|p2a: Aegislash\n|-damage|p2a: Aegislash|0 fnt\n|faint|p2a: Aegislash\n|\n|win|Rocketboss09\n|raw|Rocketboss09's rating: 1077 &rarr; <strong>1110<\/strong><br \/>(+33 for winning)\n|raw|lliellogp's rating: 1131 &rarr; <strong>1102<\/strong><br \/>(-29 for losing)\n|l|\u2606lliellogp\n","uploadtime":1668037529,"views":6,"p1id":"rocketboss09","p2id":"lliellogp","formatid":"gen8ou","rating":1102,"private":0,"password":null}