{"id":"gen8ou-1176300294","p1":"LT73IU ARAVEX","p2":"ranitidine","format":"gen8ou","log":"|raw|<div class=\"broadcast-blue\"><strong>This battle is required to be public due to a player having a name starting with 'LT73IU'.<\/div>\n|j|\u2606LT73IU ARAVEX\n|j|\u2606ranitidine\n|t:|1598535715\n|player|p1|LT73IU ARAVEX|marley|1800\n|player|p2|ranitidine|101|1743\n|teamsize|p1|6\n|teamsize|p2|6\n|gametype|singles\n|gen|8\n|tier|[Gen 8] OU\n|rated|\n|clearpoke\n|poke|p1|Mew|\n|poke|p1|Rillaboom, M|\n|poke|p1|Diggersby, M|\n|poke|p1|Dragapult, M|\n|poke|p1|Azumarill, F|\n|poke|p1|Zeraora|\n|poke|p2|Kyurem|\n|poke|p2|Rhyperior, F|\n|poke|p2|Clefable, F|\n|poke|p2|Ferrothorn, F|\n|poke|p2|Rotom-Heat|\n|poke|p2|Dragapult, M|\n|rule|Sleep Clause Mod: Limit one foe put to sleep\n|rule|Species Clause: Limit one of each Pok\u00e9mon\n|rule|OHKO Clause: OHKO moves are banned\n|rule|Evasion Moves Clause: Evasion moves are banned\n|rule|Endless Battle Clause: Forcing endless battles is banned\n|rule|HP Percentage Mod: HP is shown in percentages\n|rule|Dynamax Clause: You cannot dynamax\n|teampreview\n|\n|t:|1598535741\n|start\n|switch|p1a: Mew|Mew|100\/100\n|switch|p2a: Clefable|Clefable, F|100\/100\n|turn|1\n|\n|t:|1598535745\n|move|p1a: Mew|Taunt|p2a: Clefable\n|-start|p2a: Clefable|move: Taunt\n|cant|p2a: Clefable|move: Taunt|Trick\n|\n|upkeep\n|turn|2\n|\n|t:|1598535753\n|move|p1a: Mew|Thunder Wave|p2a: Clefable\n|-status|p2a: Clefable|par\n|cant|p2a: Clefable|par\n|\n|upkeep\n|turn|3\n|\n|t:|1598535756\n|move|p1a: Mew|Stealth Rock|p2a: Clefable\n|-sidestart|p2: ranitidine|move: Stealth Rock\n|cant|p2a: Clefable|par\n|\n|-end|p2a: Clefable|move: Taunt\n|upkeep\n|turn|4\n|\n|t:|1598535760\n|move|p1a: Mew|Taunt|p2a: Clefable\n|-start|p2a: Clefable|move: Taunt\n|cant|p2a: Clefable|par\n|\n|upkeep\n|turn|5\n|\n|t:|1598535763\n|move|p1a: Mew|Spikes|p2a: Clefable\n|-sidestart|p2: ranitidine|Spikes\n|cant|p2a: Clefable|par\n|\n|upkeep\n|turn|6\n|j| Windows 98 SE\n|\n|t:|1598535767\n|move|p1a: Mew|Spikes|p2a: Clefable\n|-sidestart|p2: ranitidine|Spikes\n|move|p2a: Clefable|Moonblast|p1a: Mew\n|-damage|p1a: Mew|72\/100\n|\n|-end|p2a: Clefable|move: Taunt\n|upkeep\n|turn|7\n|\n|t:|1598535774\n|move|p1a: Mew|Taunt|p2a: Clefable\n|-start|p2a: Clefable|move: Taunt\n|cant|p2a: Clefable|par\n|\n|upkeep\n|turn|8\n|\n|t:|1598535778\n|move|p1a: Mew|Spikes|p2a: Clefable\n|-sidestart|p2: ranitidine|Spikes\n|move|p2a: Clefable|Moonblast|p1a: Mew\n|-damage|p1a: Mew|46\/100\n|\n|upkeep\n|turn|9\n|c|\u2606ranitidine|good start\n|\n|t:|1598535783\n|move|p1a: Mew|Thunder Wave|p2a: Clefable\n|-fail|p2a: Clefable|par\n|move|p2a: Clefable|Moonblast|p1a: Mew\n|-damage|p1a: Mew|21\/100\n|\n|-end|p2a: Clefable|move: Taunt\n|upkeep\n|turn|10\n|\n|t:|1598535790\n|move|p1a: Mew|Taunt|p2a: Clefable\n|-start|p2a: Clefable|move: Taunt\n|move|p2a: Clefable|Moonblast|p1a: Mew\n|-damage|p1a: Mew|0 fnt\n|faint|p1a: Mew\n|\n|upkeep\n|\n|t:|1598535795\n|switch|p1a: Diggersby|Diggersby, M|100\/100\n|turn|11\n|\n|t:|1598535803\n|move|p1a: Diggersby|Mega Kick|p2a: Clefable\n|-damage|p2a: Clefable|20\/100 par\n|-damage|p1a: Diggersby|91\/100|[from] item: Life Orb\n|cant|p2a: Clefable|par\n|\n|upkeep\n|turn|12\n|\n|t:|1598535810\n|move|p1a: Diggersby|Fire Punch|p2a: Clefable\n|-damage|p2a: Clefable|0 fnt\n|-damage|p1a: Diggersby|81\/100|[from] item: Life Orb\n|faint|p2a: Clefable\n|\n|upkeep\n|\n|t:|1598535816\n|switch|p2a: Dragapult|Dragapult, M|100\/100\n|turn|13\n|\n|t:|1598535844\n|move|p2a: Dragapult|U-turn|p1a: Diggersby\n|-damage|p1a: Diggersby|52\/100\n|\n|t:|1598535847\n|switch|p2a: Rotom|Rotom-Heat|100\/100|[from]move: U-turn\n|move|p1a: Diggersby|Fire Punch|p2a: Rotom\n|-resisted|p2a: Rotom\n|-damage|p2a: Rotom|76\/100\n|-damage|p1a: Diggersby|42\/100|[from] item: Life Orb\n|\n|upkeep\n|turn|14\n|\n|t:|1598535853\n|move|p1a: Diggersby|Quick Attack|p2a: Rotom\n|-damage|p2a: Rotom|37\/100\n|-damage|p1a: Diggersby|32\/100|[from] item: Life Orb\n|move|p2a: Rotom|Defog|p1a: Diggersby\n|-unboost|p1a: Diggersby|evasion|1\n|-sideend|p2: ranitidine|Spikes|[from] move: Defog|[of] p2a: Rotom\n|-sideend|p2: ranitidine|Stealth Rock|[from] move: Defog|[of] p2a: Rotom\n|\n|upkeep\n|turn|15\n|\n|t:|1598535860\n|move|p1a: Diggersby|Quick Attack|p2a: Rotom\n|-damage|p2a: Rotom|1\/100\n|-damage|p1a: Diggersby|22\/100|[from] item: Life Orb\n|move|p2a: Rotom|Overheat|p1a: Diggersby\n|-damage|p1a: Diggersby|0 fnt\n|-unboost|p2a: Rotom|spa|2\n|faint|p1a: Diggersby\n|\n|upkeep\n|inactive|Battle timer is ON: inactive players will automatically lose when time's up. (requested by ranitidine)\n|\n|t:|1598535907\n|switch|p1a: Zeraora|Zeraora|100\/100\n|turn|16\n|\n|t:|1598535912\n|switch|p2a: Rhyperior|Rhyperior, F|100\/100\n|move|p1a: Zeraora|Bulk Up|p1a: Zeraora\n|-boost|p1a: Zeraora|atk|1\n|-boost|p1a: Zeraora|def|1\n|\n|upkeep\n|turn|17\n|\n|t:|1598535920\n|switch|p1a: Rillaboom|Rillaboom, M|100\/100\n|-fieldstart|move: Grassy Terrain|[from] ability: Grassy Surge|[of] p1a: Rillaboom\n|-enditem|p1a: Rillaboom|Grassy Seed\n|-boost|p1a: Rillaboom|def|1|[from] item: Grassy Seed\n|move|p2a: Rhyperior|Earthquake|p1a: Rillaboom\n|-resisted|p1a: Rillaboom\n|-damage|p1a: Rillaboom|89\/100\n|\n|-heal|p1a: Rillaboom|95\/100|[from] Grassy Terrain\n|upkeep\n|turn|18\n|\n|t:|1598535927\n|switch|p2a: Kyurem|Kyurem|100\/100\n|-ability|p2a: Kyurem|Pressure\n|move|p1a: Rillaboom|Grassy Glide|p2a: Kyurem\n|-resisted|p2a: Kyurem\n|-damage|p2a: Kyurem|76\/100\n|\n|-heal|p2a: Kyurem|82\/100|[from] Grassy Terrain\n|-heal|p1a: Rillaboom|100\/100|[from] Grassy Terrain\n|upkeep\n|turn|19\n|\n|t:|1598535948\n|move|p1a: Rillaboom|Grassy Glide|p2a: Kyurem\n|-resisted|p2a: Kyurem\n|-damage|p2a: Kyurem|56\/100\n|move|p2a: Kyurem|Freeze-Dry|p1a: Rillaboom\n|-supereffective|p1a: Rillaboom\n|-damage|p1a: Rillaboom|0 fnt\n|faint|p1a: Rillaboom\n|\n|-heal|p2a: Kyurem|62\/100|[from] Grassy Terrain\n|upkeep\n|\n|t:|1598535956\n|switch|p1a: Zeraora|Zeraora|100\/100\n|turn|20\n|\n|t:|1598535967\n|switch|p2a: Rotom|Rotom-Heat|1\/100\n|move|p1a: Zeraora|Bulk Up|p1a: Zeraora\n|-boost|p1a: Zeraora|atk|1\n|-boost|p1a: Zeraora|def|1\n|\n|upkeep\n|turn|21\n|\n|t:|1598535973\n|move|p1a: Zeraora|Knock Off|p2a: Rotom\n|-damage|p2a: Rotom|0 fnt\n|-enditem|p2a: Rotom|Heavy-Duty Boots|[from] move: Knock Off|[of] p1a: Zeraora\n|faint|p2a: Rotom\n|\n|-fieldend|move: Grassy Terrain\n|upkeep\n|\n|t:|1598535975\n|switch|p2a: Rhyperior|Rhyperior, F|100\/100\n|turn|22\n|\n|t:|1598535996\n|switch|p1a: Azumarill|Azumarill, F|100\/100\n|move|p2a: Rhyperior|Earthquake|p1a: Azumarill\n|-damage|p1a: Azumarill|22\/100\n|-enditem|p1a: Azumarill|Sitrus Berry|[eat]\n|-heal|p1a: Azumarill|46\/100|[from] item: Sitrus Berry\n|\n|upkeep\n|turn|23\n|\n|t:|1598536006\n|switch|p2a: Ferrothorn|Ferrothorn, F|100\/100\n|move|p1a: Azumarill|Knock Off|p2a: Ferrothorn\n|-damage|p2a: Ferrothorn|78\/100\n|-damage|p1a: Azumarill|34\/100|[from] ability: Iron Barbs|[of] p2a: Ferrothorn\n|-enditem|p2a: Ferrothorn|Leftovers|[from] move: Knock Off|[of] p1a: Azumarill\n|\n|upkeep\n|turn|24\n|\n|t:|1598536015\n|move|p1a: Azumarill|Knock Off|p2a: Ferrothorn\n|-damage|p2a: Ferrothorn|62\/100\n|-damage|p1a: Azumarill|22\/100|[from] ability: Iron Barbs|[of] p2a: Ferrothorn\n|move|p2a: Ferrothorn|Leech Seed|p1a: Azumarill|[miss]\n|-miss|p2a: Ferrothorn|p1a: Azumarill\n|\n|upkeep\n|turn|25\n|\n|t:|1598536021\n|move|p1a: Azumarill|Knock Off|p2a: Ferrothorn\n|-damage|p2a: Ferrothorn|45\/100\n|-damage|p1a: Azumarill|10\/100|[from] ability: Iron Barbs|[of] p2a: Ferrothorn\n|move|p2a: Ferrothorn|Leech Seed|p1a: Azumarill\n|-start|p1a: Azumarill|move: Leech Seed\n|\n|-damage|p1a: Azumarill|0 fnt|[from] Leech Seed|[of] p2a: Ferrothorn\n|-heal|p2a: Ferrothorn|54\/100|[silent]\n|faint|p1a: Azumarill\n|upkeep\n|\n|t:|1598536026\n|switch|p1a: Zeraora|Zeraora|100\/100\n|turn|26\n|\n|t:|1598536031\n|switch|p2a: Rhyperior|Rhyperior, F|100\/100\n|move|p1a: Zeraora|Bulk Up|p1a: Zeraora\n|-boost|p1a: Zeraora|atk|1\n|-boost|p1a: Zeraora|def|1\n|\n|upkeep\n|turn|27\n|\n|t:|1598536035\n|move|p1a: Zeraora|Knock Off|p2a: Rhyperior\n|-damage|p2a: Rhyperior|68\/100\n|-enditem|p2a: Rhyperior|Leftovers|[from] move: Knock Off|[of] p1a: Zeraora\n|move|p2a: Rhyperior|Earthquake|p1a: Zeraora\n|-supereffective|p1a: Zeraora\n|-damage|p1a: Zeraora|0 fnt\n|faint|p1a: Zeraora\n|\n|upkeep\n|\n|t:|1598536041\n|switch|p1a: Dragapult|Dragapult, M|100\/100\n|turn|28\n|\n|t:|1598536043\n|move|p1a: Dragapult|Dragon Dance|p1a: Dragapult\n|-boost|p1a: Dragapult|atk|1\n|-boost|p1a: Dragapult|spe|1\n|move|p2a: Rhyperior|Earthquake|p1a: Dragapult\n|-damage|p1a: Dragapult|15\/100\n|\n|upkeep\n|turn|29\n|\n|t:|1598536048\n|move|p1a: Dragapult|Dragon Darts|p2a: Rhyperior\n|-damage|p2a: Rhyperior|32\/100\n|-anim|p1a: Dragapult|Dragon Darts|p2a: Rhyperior\n|-damage|p2a: Rhyperior|0 fnt\n|-damage|p1a: Dragapult|6\/100|[from] item: Life Orb\n|faint|p2a: Rhyperior\n|\n|upkeep\n|\n|t:|1598536053\n|switch|p2a: Ferrothorn|Ferrothorn, F|54\/100\n|turn|30\n|\n|t:|1598536057\n|move|p1a: Dragapult|Phantom Force||[still]\n|-prepare|p1a: Dragapult|Phantom Force\n|move|p2a: Ferrothorn|Knock Off|p1a: Dragapult|[miss]\n|-miss|p2a: Ferrothorn|p1a: Dragapult\n|\n|upkeep\n|turn|31\n|c|\u2606ranitidine|gg\n|\n|t:|1598536062\n|move|p1a: Dragapult|Phantom Force|p2a: Ferrothorn|[from]lockedmove\n|-damage|p2a: Ferrothorn|0 fnt\n|-damage|p1a: Dragapult|0 fnt|[from] ability: Iron Barbs|[of] p2a: Ferrothorn\n|faint|p2a: Ferrothorn\n|faint|p1a: Dragapult\n|\n|win|ranitidine\n|l|\u2606LT73IU ARAVEX\n|raw|LT73IU ARAVEX's rating: 1814 &rarr; <strong>1789<\/strong><br \/>(-25 for losing)\n|raw|ranitidine's rating: 1728 &rarr; <strong>1753<\/strong><br \/>(+25 for winning)\n","uploadtime":1598536075,"views":52,"p1id":"lt73iuaravex","p2id":"ranitidine","formatid":"gen8ou","rating":1753,"private":0,"password":null}