{"id":"gen8ou-1475726383","p1":"Tekt","p2":"Candice","format":"gen8ou","log":"|j|\u203dTekt\n|j|\u2606Candice\n|t:|1639839447\n|gametype|singles\n|player|p1|Tekt|blue|1579\n|player|p2|Candice|madame-gen4dp|1618\n|teamsize|p1|6\n|teamsize|p2|6\n|gen|8\n|tier|[Gen 8] OU\n|rated|\n|rule|Sleep Clause Mod: Limit one foe put to sleep\n|rule|Species Clause: Limit one of each Pok\u00e9mon\n|rule|OHKO Clause: OHKO moves are banned\n|rule|Evasion Moves Clause: Evasion moves are banned\n|rule|Endless Battle Clause: Forcing endless battles is banned\n|rule|HP Percentage Mod: HP is shown in percentages\n|rule|Dynamax Clause: You cannot dynamax\n|clearpoke\n|poke|p1|Porygon2|\n|poke|p1|Gyarados, M|\n|poke|p1|Dragonite, M|\n|poke|p1|Melmetal|\n|poke|p1|Urshifu-*, M|\n|poke|p1|Landorus-Therian, M|\n|poke|p2|Landorus-Therian, M|\n|poke|p2|Tornadus-Therian, M|\n|poke|p2|Urshifu-*, M|\n|poke|p2|Tyranitar, M|\n|poke|p2|Excadrill, M|\n|poke|p2|Ferrothorn, F|\n|teampreview\n|inactive|Battle timer is ON: inactive players will automatically lose when time's up. (requested by Tekt)\n|\n|t:|1639839459\n|start\n|switch|p1a: Urshifu|Urshifu-Rapid-Strike, M|100\/100\n|switch|p2a: Urshifu|Urshifu-Rapid-Strike, M|100\/100\n|turn|1\n|\n|t:|1639839466\n|switch|p1a: Gyarados|Gyarados, M, shiny|100\/100\n|-ability|p1a: Gyarados|Intimidate|boost\n|-unboost|p2a: Urshifu|atk|1\n|move|p2a: Urshifu|Surging Strikes|p1a: Gyarados\n|-resisted|p1a: Gyarados\n|-crit|p1a: Gyarados\n|-damage|p1a: Gyarados|89\/100\n|-resisted|p1a: Gyarados\n|-crit|p1a: Gyarados\n|-damage|p1a: Gyarados|77\/100\n|-resisted|p1a: Gyarados\n|-crit|p1a: Gyarados\n|-damage|p1a: Gyarados|66\/100\n|-hitcount|p1a: Gyarados|3\n|\n|-heal|p1a: Gyarados|72\/100|[from] item: Leftovers\n|upkeep\n|turn|2\n|\n|t:|1639839475\n|switch|p2a: Ferrothorn|Ferrothorn, F|100\/100\n|move|p1a: Gyarados|Thunder Wave|p2a: Ferrothorn\n|-status|p2a: Ferrothorn|par\n|\n|-heal|p1a: Gyarados|78\/100|[from] item: Leftovers\n|upkeep\n|turn|3\n|\n|t:|1639839480\n|move|p1a: Gyarados|Substitute|p1a: Gyarados\n|-start|p1a: Gyarados|Substitute\n|-damage|p1a: Gyarados|53\/100\n|move|p2a: Ferrothorn|Knock Off|p1a: Gyarados\n|-activate|p1a: Gyarados|move: Substitute|[damage]\n|\n|-heal|p1a: Gyarados|59\/100|[from] item: Leftovers\n|upkeep\n|turn|4\n|\n|t:|1639839483\n|move|p1a: Gyarados|Dragon Dance|p1a: Gyarados\n|-boost|p1a: Gyarados|atk|1\n|-boost|p1a: Gyarados|spe|1\n|move|p2a: Ferrothorn|Power Whip|p1a: Gyarados\n|-end|p1a: Gyarados|Substitute\n|\n|-heal|p1a: Gyarados|65\/100|[from] item: Leftovers\n|upkeep\n|turn|5\n|\n|t:|1639839487\n|switch|p1a: Urshifu|Urshifu-Rapid-Strike, M|100\/100\n|cant|p2a: Ferrothorn|par\n|\n|upkeep\n|turn|6\n|\n|t:|1639839501\n|switch|p2a: Landorus|Landorus-Therian, M|100\/100\n|-ability|p2a: Landorus|Intimidate|boost\n|-unboost|p1a: Urshifu|atk|1\n|move|p1a: Urshifu|Close Combat|p2a: Landorus\n|-resisted|p2a: Landorus\n|-damage|p2a: Landorus|78\/100\n|-unboost|p1a: Urshifu|def|1\n|-unboost|p1a: Urshifu|spd|1\n|\n|-heal|p2a: Landorus|84\/100|[from] item: Leftovers\n|upkeep\n|turn|7\n|\n|t:|1639839507\n|move|p1a: Urshifu|Surging Strikes|p2a: Landorus\n|-supereffective|p2a: Landorus\n|-crit|p2a: Landorus\n|-damage|p2a: Landorus|30\/100\n|-supereffective|p2a: Landorus\n|-crit|p2a: Landorus\n|-damage|p2a: Landorus|0 fnt\n|faint|p2a: Landorus\n|-hitcount|p2: Landorus|2\n|\n|upkeep\n|\n|t:|1639839516\n|switch|p2a: Tornadus|Tornadus-Therian, M|100\/100\n|turn|8\n|\n|t:|1639839521\n|switch|p1a: Porygon2|Porygon2, shiny|100\/100\n|-ability|p1a: Porygon2|Regenerator|[from] ability: Trace|[of] p2a: Tornadus\n|move|p2a: Tornadus|Focus Blast|p1a: Porygon2|[miss]\n|-miss|p2a: Tornadus|p1a: Porygon2\n|\n|upkeep\n|turn|9\n|\n|t:|1639839527\n|switch|p2a: Ferrothorn|Ferrothorn, F|100\/100 par\n|move|p1a: Porygon2|Toxic||[still]\n|-fail|p1a: Porygon2\n|\n|upkeep\n|turn|10\n|\n|t:|1639839536\n|switch|p1a: Landorus|Landorus-Therian, M|100\/100\n|-ability|p1a: Landorus|Intimidate|boost\n|-unboost|p2a: Ferrothorn|atk|1\n|move|p2a: Ferrothorn|Spikes|p1a: Landorus\n|-sidestart|p1: Tekt|Spikes\n|\n|upkeep\n|turn|11\n|\n|t:|1639839539\n|move|p1a: Landorus|Stealth Rock|p2a: Ferrothorn\n|-sidestart|p2: Candice|move: Stealth Rock\n|move|p2a: Ferrothorn|Spikes|p1a: Landorus\n|-sidestart|p1: Tekt|Spikes\n|\n|upkeep\n|turn|12\n|\n|t:|1639839543\n|switch|p1a: Urshifu|Urshifu-Rapid-Strike, M|100\/100\n|-damage|p1a: Urshifu|84\/100|[from] Spikes\n|move|p2a: Ferrothorn|Spikes|p1a: Urshifu\n|-sidestart|p1: Tekt|Spikes\n|\n|upkeep\n|turn|13\n|\n|t:|1639839549\n|switch|p2a: Tornadus|Tornadus-Therian, M|100\/100\n|move|p1a: Urshifu|Close Combat|p2a: Tornadus\n|-resisted|p2a: Tornadus\n|-damage|p2a: Tornadus|59\/100\n|-unboost|p1a: Urshifu|def|1\n|-unboost|p1a: Urshifu|spd|1\n|\n|upkeep\n|turn|14\n|\n|t:|1639839557\n|move|p2a: Tornadus|Focus Blast|p1a: Urshifu|[miss]\n|-miss|p2a: Tornadus|p1a: Urshifu\n|move|p1a: Urshifu|Ice Punch|p2a: Tornadus\n|-supereffective|p2a: Tornadus\n|-damage|p2a: Tornadus|0 fnt\n|faint|p2a: Tornadus\n|\n|upkeep\n|\n|t:|1639839562\n|switch|p2a: Urshifu|Urshifu-Rapid-Strike, M|100\/100\n|-damage|p2a: Urshifu|94\/100|[from] Stealth Rock\n|turn|15\n|\n|t:|1639839572\n|switch|p1a: Gyarados|Gyarados, M, shiny|65\/100\n|-ability|p1a: Gyarados|Intimidate|boost\n|-unboost|p2a: Urshifu|atk|1\n|move|p2a: Urshifu|U-turn|p1a: Gyarados\n|-resisted|p1a: Gyarados\n|-damage|p1a: Gyarados|55\/100\n|\n|t:|1639839587\n|switch|p2a: Ferrothorn|Ferrothorn, F|100\/100 par|[from]move: U-turn\n|-damage|p2a: Ferrothorn|94\/100 par|[from] Stealth Rock\n|\n|-heal|p1a: Gyarados|61\/100|[from] item: Leftovers\n|-heal|p2a: Ferrothorn|100\/100 par|[from] item: Leftovers\n|upkeep\n|turn|16\n|\n|t:|1639839594\n|move|p1a: Gyarados|Substitute|p1a: Gyarados\n|-start|p1a: Gyarados|Substitute\n|-damage|p1a: Gyarados|36\/100\n|move|p2a: Ferrothorn|Power Whip|p1a: Gyarados|[miss]\n|-miss|p2a: Ferrothorn|p1a: Gyarados\n|\n|-heal|p1a: Gyarados|42\/100|[from] item: Leftovers\n|upkeep\n|turn|17\n|\n|t:|1639839597\n|move|p1a: Gyarados|Dragon Dance|p1a: Gyarados\n|-boost|p1a: Gyarados|atk|1\n|-boost|p1a: Gyarados|spe|1\n|cant|p2a: Ferrothorn|par\n|\n|-heal|p1a: Gyarados|49\/100|[from] item: Leftovers\n|upkeep\n|turn|18\n|\n|t:|1639839600\n|move|p1a: Gyarados|Dragon Dance|p1a: Gyarados\n|-boost|p1a: Gyarados|atk|1\n|-boost|p1a: Gyarados|spe|1\n|move|p2a: Ferrothorn|Power Whip|p1a: Gyarados\n|-end|p1a: Gyarados|Substitute\n|\n|-heal|p1a: Gyarados|55\/100|[from] item: Leftovers\n|upkeep\n|turn|19\n|\n|t:|1639839605\n|move|p1a: Gyarados|Waterfall|p2a: Ferrothorn\n|-resisted|p2a: Ferrothorn\n|-damage|p2a: Ferrothorn|79\/100 par\n|-damage|p1a: Gyarados|42\/100|[from] ability: Iron Barbs|[of] p2a: Ferrothorn\n|move|p2a: Ferrothorn|Power Whip|p1a: Gyarados\n|-damage|p1a: Gyarados|9\/100\n|\n|-heal|p1a: Gyarados|15\/100|[from] item: Leftovers\n|-heal|p2a: Ferrothorn|85\/100 par|[from] item: Leftovers\n|upkeep\n|turn|20\n|\n|t:|1639839609\n|move|p1a: Gyarados|Waterfall|p2a: Ferrothorn\n|-resisted|p2a: Ferrothorn\n|-damage|p2a: Ferrothorn|66\/100 par\n|-damage|p1a: Gyarados|3\/100|[from] ability: Iron Barbs|[of] p2a: Ferrothorn\n|cant|p2a: Ferrothorn|par\n|\n|-heal|p1a: Gyarados|9\/100|[from] item: Leftovers\n|-heal|p2a: Ferrothorn|72\/100 par|[from] item: Leftovers\n|upkeep\n|turn|21\n|\n|t:|1639839613\n|move|p1a: Gyarados|Waterfall|p2a: Ferrothorn\n|-resisted|p2a: Ferrothorn\n|-damage|p2a: Ferrothorn|52\/100 par\n|-damage|p1a: Gyarados|0 fnt|[from] ability: Iron Barbs|[of] p2a: Ferrothorn\n|faint|p1a: Gyarados\n|cant|p2a: Ferrothorn|flinch\n|\n|-heal|p2a: Ferrothorn|58\/100 par|[from] item: Leftovers\n|upkeep\n|\n|t:|1639839616\n|switch|p1a: Urshifu|Urshifu-Rapid-Strike, M|84\/100\n|-damage|p1a: Urshifu|59\/100|[from] Spikes\n|turn|22\n|\n|t:|1639839623\n|switch|p2a: Tyranitar|Tyranitar, M|100\/100\n|-damage|p2a: Tyranitar|88\/100|[from] Stealth Rock\n|-weather|Sandstorm|[from] ability: Sand Stream|[of] p2a: Tyranitar\n|move|p1a: Urshifu|Close Combat|p2a: Tyranitar\n|-supereffective|p2a: Tyranitar\n|-damage|p2a: Tyranitar|0 fnt\n|-unboost|p1a: Urshifu|def|1\n|-unboost|p1a: Urshifu|spd|1\n|faint|p2a: Tyranitar\n|\n|-weather|Sandstorm|[upkeep]\n|-damage|p1a: Urshifu|53\/100|[from] Sandstorm\n|upkeep\n|\n|t:|1639839632\n|switch|p2a: Excadrill|Excadrill, M|100\/100\n|-damage|p2a: Excadrill|97\/100|[from] Stealth Rock\n|turn|23\n|\n|t:|1639839641\n|switch|p1a: Landorus|Landorus-Therian, M|100\/100\n|-ability|p1a: Landorus|Intimidate|boost\n|-unboost|p2a: Excadrill|atk|1\n|move|p2a: Excadrill|Iron Head|p1a: Landorus\n|-damage|p1a: Landorus|64\/100\n|\n|-weather|Sandstorm|[upkeep]\n|-heal|p2a: Excadrill|100\/100|[from] item: Leftovers\n|upkeep\n|turn|24\n|\n|t:|1639839645\n|switch|p2a: Ferrothorn|Ferrothorn, F|58\/100 par\n|-damage|p2a: Ferrothorn|52\/100 par|[from] Stealth Rock\n|move|p1a: Landorus|Earthquake|p2a: Ferrothorn\n|-damage|p2a: Ferrothorn|17\/100 par\n|\n|-weather|Sandstorm|[upkeep]\n|-heal|p2a: Ferrothorn|23\/100 par|[from] item: Leftovers\n|upkeep\n|turn|25\n|j| Lightchanseyy\n|\n|t:|1639839649\n|move|p1a: Landorus|Earthquake|p2a: Ferrothorn\n|-damage|p2a: Ferrothorn|0 fnt\n|faint|p2a: Ferrothorn\n|\n|-weather|Sandstorm|[upkeep]\n|upkeep\n|\n|t:|1639839650\n|switch|p2a: Urshifu|Urshifu-Rapid-Strike, M|94\/100\n|-damage|p2a: Urshifu|88\/100|[from] Stealth Rock\n|turn|26\n|\n|t:|1639839658\n|switch|p1a: Melmetal|Melmetal|100\/100\n|-damage|p1a: Melmetal|76\/100|[from] Spikes\n|move|p2a: Urshifu|Surging Strikes|p1a: Melmetal\n|-crit|p1a: Melmetal\n|-damage|p1a: Melmetal|60\/100\n|-crit|p1a: Melmetal\n|-damage|p1a: Melmetal|45\/100\n|-crit|p1a: Melmetal\n|-damage|p1a: Melmetal|30\/100\n|-hitcount|p1a: Melmetal|3\n|\n|-weather|Sandstorm|[upkeep]\n|-damage|p2a: Urshifu|82\/100|[from] Sandstorm\n|upkeep\n|turn|27\n|\n|t:|1639839661\n|move|p2a: Urshifu|Surging Strikes|p1a: Melmetal\n|-crit|p1a: Melmetal\n|-damage|p1a: Melmetal|15\/100\n|-crit|p1a: Melmetal\n|-damage|p1a: Melmetal|0 fnt\n|faint|p1a: Melmetal\n|-hitcount|p1: Melmetal|2\n|\n|-weather|Sandstorm|[upkeep]\n|-damage|p2a: Urshifu|76\/100|[from] Sandstorm\n|upkeep\n|\n|t:|1639839668\n|switch|p1a: Dragonite|Dragonite, M|100\/100\n|turn|28\n|\n|t:|1639839676\n|switch|p1a: Porygon2|Porygon2, shiny|100\/100\n|-damage|p1a: Porygon2|76\/100|[from] Spikes\n|-ability|p1a: Porygon2|Unseen Fist|[from] ability: Trace|[of] p2a: Urshifu\n|move|p2a: Urshifu|Surging Strikes|p1a: Porygon2\n|-crit|p1a: Porygon2\n|-damage|p1a: Porygon2|55\/100\n|-crit|p1a: Porygon2\n|-damage|p1a: Porygon2|34\/100\n|-crit|p1a: Porygon2\n|-damage|p1a: Porygon2|14\/100\n|-hitcount|p1a: Porygon2|3\n|\n|-weather|Sandstorm|[upkeep]\n|-damage|p2a: Urshifu|70\/100|[from] Sandstorm\n|-damage|p1a: Porygon2|7\/100|[from] Sandstorm\n|upkeep\n|turn|29\n|\n|t:|1639839679\n|move|p2a: Urshifu|Surging Strikes|p1a: Porygon2\n|-crit|p1a: Porygon2\n|-damage|p1a: Porygon2|0 fnt\n|faint|p1a: Porygon2\n|-hitcount|p1: Porygon2|1\n|\n|-weather|none\n|upkeep\n|\n|t:|1639839681\n|switch|p1a: Dragonite|Dragonite, M|100\/100\n|turn|30\n|\n|t:|1639839689\n|move|p2a: Urshifu|Surging Strikes|p1a: Dragonite\n|-resisted|p1a: Dragonite\n|-crit|p1a: Dragonite\n|-damage|p1a: Dragonite|96\/100\n|-resisted|p1a: Dragonite\n|-crit|p1a: Dragonite\n|-damage|p1a: Dragonite|86\/100\n|-resisted|p1a: Dragonite\n|-crit|p1a: Dragonite\n|-damage|p1a: Dragonite|75\/100\n|-hitcount|p1a: Dragonite|3\n|move|p1a: Dragonite|Dual Wingbeat|p2a: Urshifu\n|-supereffective|p2a: Urshifu\n|-damage|p2a: Urshifu|31\/100\n|-supereffective|p2a: Urshifu\n|-damage|p2a: Urshifu|0 fnt\n|faint|p2a: Urshifu\n|-hitcount|p2: Urshifu|2\n|\n|upkeep\n|\n|t:|1639839691\n|switch|p2a: Excadrill|Excadrill, M|100\/100\n|-damage|p2a: Excadrill|97\/100|[from] Stealth Rock\n|turn|31\n|\n|t:|1639839697\n|move|p2a: Excadrill|Iron Head|p1a: Dragonite\n|-damage|p1a: Dragonite|48\/100\n|move|p1a: Dragonite|Dual Wingbeat|p2a: Excadrill\n|-resisted|p2a: Excadrill\n|-damage|p2a: Excadrill|84\/100\n|-resisted|p2a: Excadrill\n|-damage|p2a: Excadrill|70\/100\n|-hitcount|p2a: Excadrill|2\n|\n|-heal|p2a: Excadrill|76\/100|[from] item: Leftovers\n|upkeep\n|turn|32\n|\n|t:|1639839703\n|move|p2a: Excadrill|Swords Dance|p2a: Excadrill\n|-boost|p2a: Excadrill|atk|2\n|move|p1a: Dragonite|Roost|p1a: Dragonite\n|-heal|p1a: Dragonite|98\/100\n|-singleturn|p1a: Dragonite|move: Roost\n|\n|-heal|p2a: Excadrill|82\/100|[from] item: Leftovers\n|upkeep\n|turn|33\n|\n|t:|1639839706\n|move|p2a: Excadrill|Iron Head|p1a: Dragonite\n|-damage|p1a: Dragonite|43\/100\n|move|p1a: Dragonite|Dual Wingbeat|p2a: Excadrill\n|-resisted|p2a: Excadrill\n|-crit|p2a: Excadrill\n|-damage|p2a: Excadrill|63\/100\n|-resisted|p2a: Excadrill\n|-damage|p2a: Excadrill|50\/100\n|-hitcount|p2a: Excadrill|2\n|\n|-heal|p2a: Excadrill|56\/100|[from] item: Leftovers\n|upkeep\n|turn|34\n|\n|t:|1639839711\n|move|p2a: Excadrill|Iron Head|p1a: Dragonite\n|-damage|p1a: Dragonite|0 fnt\n|faint|p1a: Dragonite\n|\n|-heal|p2a: Excadrill|63\/100|[from] item: Leftovers\n|upkeep\n|\n|t:|1639839713\n|switch|p1a: Landorus|Landorus-Therian, M|64\/100\n|-ability|p1a: Landorus|Intimidate|boost\n|-unboost|p2a: Excadrill|atk|1\n|turn|35\n|\n|t:|1639839716\n|move|p1a: Landorus|Earthquake|p2a: Excadrill\n|-supereffective|p2a: Excadrill\n|-damage|p2a: Excadrill|0 fnt\n|faint|p2a: Excadrill\n|\n|win|Tekt\n|raw|Tekt's rating: 1579 &rarr; <strong>1601<\/strong><br \/>(+22 for winning)\n|raw|Candice's rating: 1618 &rarr; <strong>1596<\/strong><br \/>(-22 for losing)\n","uploadtime":1639839719,"views":17,"p1id":"tekt","p2id":"candice","formatid":"gen8ou","rating":1596,"private":0,"password":null}