{"id":"gen8bdspou-1458229253","p1":"Buhrito","p2":"T33telon","format":"gen8bdspou","log":"|j|\u2606Buhrito\n|j|\u2606T33telon\n|t:|1637492046\n|gametype|singles\n|player|p1|Buhrito|blackbelt-gen4dp|1263\n|player|p2|T33telon|riley|1203\n|teamsize|p1|6\n|teamsize|p2|6\n|gen|8\n|tier|[Gen 8 BDSP] OU\n|rated|\n|rule|Sleep Clause Mod: Limit one foe put to sleep\n|rule|Species Clause: Limit one of each Pok\u00e9mon\n|rule|OHKO Clause: OHKO moves are banned\n|rule|Evasion Moves Clause: Evasion moves are banned\n|rule|Endless Battle Clause: Forcing endless battles is banned\n|rule|HP Percentage Mod: HP is shown in percentages\n|clearpoke\n|poke|p1|Honchkrow, F|\n|poke|p1|Skarmory, F|\n|poke|p1|Azumarill, F|\n|poke|p1|Mamoswine, F|\n|poke|p1|Infernape, M|\n|poke|p1|Gengar, F|\n|poke|p2|Latios, M|\n|poke|p2|Salamence, F|\n|poke|p2|Magnezone|\n|poke|p2|Claydol|\n|poke|p2|Blissey, F|\n|poke|p2|Tyranitar, M|\n|teampreview\n|\n|t:|1637492054\n|start\n|switch|p1a: Skarmory|Skarmory, F|100\/100\n|switch|p2a: Claydol|Claydol|100\/100\n|turn|1\n|inactive|Battle timer is ON: inactive players will automatically lose when time's up. (requested by T33telon)\n|\n|t:|1637492060\n|switch|p2a: Magnezone|Magnezone|100\/100\n|move|p1a: Skarmory|Taunt|p2a: Magnezone\n|-start|p2a: Magnezone|move: Taunt\n|\n|upkeep\n|turn|2\n|\n|t:|1637492067\n|move|p1a: Skarmory|Stealth Rock|p2a: Magnezone\n|-sidestart|p2: T33telon|move: Stealth Rock\n|move|p2a: Magnezone|Thunderbolt|p1a: Skarmory\n|-supereffective|p1a: Skarmory\n|-ability|p1a: Skarmory|Sturdy\n|-damage|p1a: Skarmory|1\/100\n|\n|upkeep\n|turn|3\n|-enditem|p1a: Skarmory|Custap Berry|[eat]\n|-activate|p1a: Skarmory|item: Custap Berry|[consumed]\n|\n|t:|1637492073\n|move|p1a: Skarmory|Spikes|p2a: Magnezone\n|-sidestart|p2: T33telon|Spikes\n|move|p2a: Magnezone|Thunderbolt|p1a: Skarmory\n|-supereffective|p1a: Skarmory\n|-damage|p1a: Skarmory|0 fnt\n|faint|p1a: Skarmory\n|\n|-end|p2a: Magnezone|move: Taunt\n|upkeep\n|\n|t:|1637492080\n|switch|p1a: Mamoswine|Mamoswine, F|100\/100\n|turn|4\n|\n|t:|1637492092\n|switch|p2a: Claydol|Claydol|100\/100\n|-damage|p2a: Claydol|94\/100|[from] Stealth Rock\n|move|p1a: Mamoswine|Earthquake|p2a: Claydol\n|-immune|p2a: Claydol|[from] ability: Levitate\n|\n|-heal|p2a: Claydol|100\/100|[from] item: Leftovers\n|upkeep\n|turn|5\n|\n|t:|1637492101\n|move|p1a: Mamoswine|Icicle Crash|p2a: Claydol\n|-supereffective|p2a: Claydol\n|-damage|p2a: Claydol|9\/100\n|-damage|p1a: Mamoswine|91\/100|[from] item: Life Orb\n|move|p2a: Claydol|Rapid Spin|p1a: Mamoswine\n|-damage|p1a: Mamoswine|82\/100\n|-boost|p2a: Claydol|spe|1\n|-sideend|p2: T33telon|Spikes|[from] move: Rapid Spin|[of] p2a: Claydol\n|-sideend|p2: T33telon|Stealth Rock|[from] move: Rapid Spin|[of] p2a: Claydol\n|\n|-heal|p2a: Claydol|15\/100|[from] item: Leftovers\n|upkeep\n|turn|6\n|\n|t:|1637492120\n|move|p2a: Claydol|Ice Beam|p1a: Mamoswine\n|-damage|p1a: Mamoswine|69\/100\n|move|p1a: Mamoswine|Icicle Crash|p2a: Claydol\n|-supereffective|p2a: Claydol\n|-damage|p2a: Claydol|0 fnt\n|faint|p2a: Claydol\n|-damage|p1a: Mamoswine|59\/100|[from] item: Life Orb\n|\n|upkeep\n|\n|t:|1637492131\n|switch|p2a: Latios|Latios, M|100\/100\n|turn|7\n|\n|t:|1637492148\n|switch|p1a: Azumarill|Azumarill, F|100\/100\n|move|p2a: Latios|Psychic|p1a: Azumarill\n|-damage|p1a: Azumarill|17\/100\n|-enditem|p1a: Azumarill|Sitrus Berry|[eat]\n|-heal|p1a: Azumarill|42\/100|[from] item: Sitrus Berry\n|\n|upkeep\n|turn|8\n|\n|t:|1637492155\n|switch|p1a: Honchkrow|Honchkrow, F|100\/100\n|move|p2a: Latios|Psychic|p1a: Honchkrow\n|-immune|p1a: Honchkrow\n|\n|upkeep\n|turn|9\n|\n|t:|1637492167\n|switch|p2a: Tyranitar|Tyranitar, M|100\/100\n|-ability|p2a: Tyranitar|Unnerve\n|switch|p1a: Infernape|Infernape, M|100\/100\n|\n|upkeep\n|turn|10\n|c|\u2606T33telon|well\n|\n|t:|1637492185\n|move|p2a: Tyranitar|Earthquake|p1a: Infernape\n|-supereffective|p1a: Infernape\n|-damage|p1a: Infernape|0 fnt\n|faint|p1a: Infernape\n|\n|upkeep\n|\n|t:|1637492201\n|switch|p1a: Mamoswine|Mamoswine, F|59\/100\n|turn|11\n|\n|t:|1637492211\n|move|p2a: Tyranitar|Earthquake|p1a: Mamoswine\n|-damage|p1a: Mamoswine|16\/100\n|move|p1a: Mamoswine|Earthquake|p2a: Tyranitar\n|-supereffective|p2a: Tyranitar\n|-damage|p2a: Tyranitar|0 fnt\n|faint|p2a: Tyranitar\n|-damage|p1a: Mamoswine|6\/100|[from] item: Life Orb\n|\n|upkeep\n|\n|t:|1637492219\n|switch|p2a: Magnezone|Magnezone|100\/100\n|turn|12\n|\n|t:|1637492227\n|switch|p2a: Latios|Latios, M|100\/100\n|move|p1a: Mamoswine|Earthquake|p2a: Latios\n|-immune|p2a: Latios|[from] ability: Levitate\n|\n|upkeep\n|turn|13\n|\n|t:|1637492234\n|switch|p2a: Magnezone|Magnezone|100\/100\n|switch|p1a: Azumarill|Azumarill, F|42\/100\n|\n|upkeep\n|turn|14\n|\n|t:|1637492242\n|move|p1a: Azumarill|Aqua Jet|p2a: Magnezone\n|-damage|p2a: Magnezone|71\/100\n|move|p2a: Magnezone|Flash Cannon|p1a: Azumarill\n|-damage|p1a: Azumarill|0 fnt\n|faint|p1a: Azumarill\n|\n|upkeep\n|\n|t:|1637492248\n|switch|p1a: Mamoswine|Mamoswine, F|6\/100\n|turn|15\n|\n|t:|1637492252\n|move|p1a: Mamoswine|Earthquake|p2a: Magnezone\n|-supereffective|p2a: Magnezone\n|-damage|p2a: Magnezone|0 fnt\n|faint|p2a: Magnezone\n|-damage|p1a: Mamoswine|0 fnt|[from] item: Life Orb\n|faint|p1a: Mamoswine\n|\n|upkeep\n|\n|t:|1637492266\n|switch|p1a: Gengar|Gengar, F, shiny|100\/100\n|switch|p2a: Salamence|Salamence, F|100\/100\n|turn|16\n|\n|t:|1637492273\n|move|p1a: Gengar|Sludge Bomb|p2a: Salamence\n|-damage|p2a: Salamence|44\/100\n|-status|p2a: Salamence|psn\n|move|p2a: Salamence|Earthquake|p1a: Gengar\n|-supereffective|p1a: Gengar\n|-damage|p1a: Gengar|0 fnt\n|-start|p2a: Salamence|Disable|Earthquake|[from] ability: Cursed Body|[of] p1a: Gengar\n|faint|p1a: Gengar\n|-ability|p2a: Salamence|Moxie|boost\n|-boost|p2a: Salamence|atk|1\n|\n|-damage|p2a: Salamence|32\/100 psn|[from] psn\n|upkeep\n|\n|t:|1637492281\n|switch|p1a: Honchkrow|Honchkrow, F|100\/100\n|turn|17\n|\n|t:|1637492298\n|move|p2a: Salamence|Outrage|p1a: Honchkrow\n|-damage|p1a: Honchkrow|0 fnt\n|faint|p1a: Honchkrow\n|\n|win|T33telon\n|raw|Buhrito's rating: 1263 &rarr; <strong>1234<\/strong><br \/>(-29 for losing)\n|raw|T33telon's rating: 1203 &rarr; <strong>1232<\/strong><br \/>(+29 for winning)\n|c|\u2606T33telon|gg\n","uploadtime":1637492305,"views":14,"p1id":"buhrito","p2id":"t33telon","formatid":"gen8bdspou","rating":1232,"private":0,"password":null}