{"id":"gen8ou-1214088753","p1":"usumidori","p2":"glaed13","format":"gen8ou","log":"|j|\u2606usumidori\n|j|\u2606glaed13\n|t:|1604212102\n|player|p1|usumidori|evelyn|1508\n|player|p2|glaed13|cheren-gen5bw2|1424\n|teamsize|p1|6\n|teamsize|p2|6\n|gametype|singles\n|gen|8\n|tier|[Gen 8] OU\n|rated|\n|clearpoke\n|poke|p1|Tapu Koko|\n|poke|p1|Regieleki|\n|poke|p1|Klefki, M|\n|poke|p1|Buzzwole|\n|poke|p1|Ditto|\n|poke|p1|Landorus-Therian, M|\n|poke|p2|Klefki, F|\n|poke|p2|Blaziken, M|\n|poke|p2|Zeraora|\n|poke|p2|Haxorus, F|\n|poke|p2|Obstagoon, M|\n|poke|p2|Alakazam, M|\n|rule|Sleep Clause Mod: Limit one foe put to sleep\n|rule|Species Clause: Limit one of each Pok\u00e9mon\n|rule|OHKO Clause: OHKO moves are banned\n|rule|Evasion Moves Clause: Evasion moves are banned\n|rule|Endless Battle Clause: Forcing endless battles is banned\n|rule|HP Percentage Mod: HP is shown in percentages\n|rule|Dynamax Clause: You cannot dynamax\n|teampreview\n|inactive|Battle timer is ON: inactive players will automatically lose when time's up. (requested by glaed13)\n|\n|t:|1604212132\n|start\n|switch|p1a: Tapu Koko|Tapu Koko|100\/100\n|switch|p2a: Obstagoon|Obstagoon, M|100\/100\n|-fieldstart|move: Electric Terrain|[from] ability: Electric Surge|[of] p1a: Tapu Koko\n|turn|1\n|\n|t:|1604212141\n|move|p2a: Obstagoon|Double-Edge|p1a: Tapu Koko\n|-damage|p1a: Tapu Koko|23\/100\n|-damage|p2a: Obstagoon|74\/100|[from] Recoil\n|move|p1a: Tapu Koko|U-turn|p2a: Obstagoon\n|-supereffective|p2a: Obstagoon\n|-damage|p2a: Obstagoon|40\/100\n|\n|t:|1604212161\n|switch|p1a: Buzzwole|Buzzwole|100\/100|[from]move: U-turn\n|\n|upkeep\n|turn|2\n|\n|t:|1604212175\n|switch|p2a: Alakazam|Alakazam, M|100\/100\n|move|p1a: Buzzwole|Drain Punch|p2a: Alakazam\n|-resisted|p2a: Alakazam\n|-damage|p2a: Alakazam|54\/100\n|\n|upkeep\n|turn|3\n|\n|t:|1604212194\n|switch|p1a: Klefki|Klefki, M|100\/100\n|move|p2a: Alakazam|Dazzling Gleam|p1a: Klefki\n|-resisted|p1a: Klefki\n|-damage|p1a: Klefki|82\/100\n|\n|upkeep\n|turn|4\n|\n|t:|1604212207\n|switch|p2a: Klefki|Klefki, F|100\/100\n|move|p1a: Klefki|Spikes|p2a: Klefki\n|-sidestart|p2: glaed13|Spikes\n|\n|upkeep\n|turn|5\n|\n|t:|1604212223\n|switch|p1a: Bondrewd the Novel|Regieleki|100\/100\n|move|p2a: Klefki|Reflect|p2a: Klefki\n|-sidestart|p2: glaed13|Reflect\n|\n|upkeep\n|turn|6\n|\n|t:|1604212231\n|switch|p1a: Landorus|Landorus-Therian, M|100\/100\n|-ability|p1a: Landorus|Intimidate|boost\n|-unboost|p2a: Klefki|atk|1\n|move|p2a: Klefki|Light Screen|p2a: Klefki\n|-sidestart|p2: glaed13|move: Light Screen\n|\n|upkeep\n|turn|7\n|\n|t:|1604212244\n|switch|p2a: Alakazam|Alakazam, M|54\/100\n|move|p1a: Landorus|Earthquake|p2a: Alakazam\n|-damage|p2a: Alakazam|0 fnt\n|faint|p2a: Alakazam\n|\n|upkeep\n|\n|t:|1604212253\n|switch|p2a: Klefki|Klefki, F|100\/100\n|-damage|p2a: Klefki|88\/100|[from] Spikes\n|turn|8\n|\n|t:|1604212259\n|move|p2a: Klefki|Defog|p1a: Landorus\n|-unboost|p1a: Landorus|evasion|1\n|-sideend|p2: glaed13|Spikes|[from] move: Defog|[of] p2a: Klefki\n|-fieldend|move: Electric Terrain\n|move|p1a: Landorus|Earthquake|p2a: Klefki\n|-supereffective|p2a: Klefki\n|-damage|p2a: Klefki|31\/100\n|\n|upkeep\n|turn|9\n|\n|t:|1604212267\n|switch|p2a: Obstagoon|Obstagoon, M|40\/100\n|move|p1a: Landorus|Earthquake|p2a: Obstagoon\n|-damage|p2a: Obstagoon|12\/100\n|\n|upkeep\n|turn|10\n|\n|t:|1604212275\n|switch|p1a: Buzzwole|Buzzwole|100\/100\n|move|p2a: Obstagoon|Knock Off|p1a: Buzzwole\n|-resisted|p1a: Buzzwole\n|-damage|p1a: Buzzwole|90\/100\n|-enditem|p1a: Buzzwole|Leftovers|[from] move: Knock Off|[of] p2a: Obstagoon\n|\n|upkeep\n|turn|11\n|\n|t:|1604212284\n|switch|p2a: Blaziken|Blaziken, M|100\/100\n|move|p1a: Buzzwole|Drain Punch|p2a: Blaziken\n|-damage|p2a: Blaziken|78\/100\n|-heal|p1a: Buzzwole|98\/100|[from] drain|[of] p2a: Blaziken\n|\n|upkeep\n|turn|12\n|\n|t:|1604212293\n|switch|p2a: Obstagoon|Obstagoon, M|12\/100\n|switch|p1a: Landorus|Landorus-Therian, M|100\/100\n|-ability|p1a: Landorus|Intimidate|boost\n|-unboost|p2a: Obstagoon|atk|1\n|\n|-sideend|p2: glaed13|Reflect\n|upkeep\n|turn|13\n|\n|t:|1604212300\n|move|p2a: Obstagoon|Parting Shot|p1a: Landorus\n|-unboost|p1a: Landorus|atk|1\n|-unboost|p1a: Landorus|spa|1\n|\n|t:|1604212304\n|switch|p2a: Klefki|Klefki, F|31\/100|[from]move: Parting Shot\n|move|p1a: Landorus|U-turn|p2a: Klefki\n|-resisted|p2a: Klefki\n|-damage|p2a: Klefki|26\/100\n|\n|t:|1604212327\n|switch|p1a: Bondrewd the Novel|Regieleki|100\/100|[from]move: U-turn\n|\n|-sideend|p2: glaed13|move: Light Screen\n|upkeep\n|turn|14\n|\n|t:|1604212341\n|switch|p2a: Zeraora|Zeraora|100\/100\n|move|p1a: Bondrewd the Novel|Volt Switch|p2a: Zeraora\n|-immune|p2a: Zeraora|[from] ability: Volt Absorb\n|\n|upkeep\n|turn|15\n|\n|t:|1604212349\n|switch|p1a: Buzzwole|Buzzwole|98\/100\n|move|p2a: Zeraora|Knock Off|p1a: Buzzwole\n|-resisted|p1a: Buzzwole\n|-damage|p1a: Buzzwole|93\/100\n|\n|upkeep\n|turn|16\n|\n|t:|1604212355\n|switch|p2a: Obstagoon|Obstagoon, M|12\/100\n|move|p1a: Buzzwole|Earthquake|p2a: Obstagoon\n|-damage|p2a: Obstagoon|0 fnt\n|faint|p2a: Obstagoon\n|-ability|p1a: Buzzwole|Beast Boost|boost\n|-boost|p1a: Buzzwole|def|1\n|\n|upkeep\n|\n|t:|1604212358\n|switch|p2a: Klefki|Klefki, F|26\/100\n|turn|17\n|\n|t:|1604212364\n|move|p2a: Klefki|Thunder Wave|p1a: Buzzwole|[miss]\n|-miss|p2a: Klefki|p1a: Buzzwole\n|move|p1a: Buzzwole|Earthquake|p2a: Klefki\n|-supereffective|p2a: Klefki\n|-damage|p2a: Klefki|0 fnt\n|faint|p2a: Klefki\n|-ability|p1a: Buzzwole|Beast Boost|boost\n|-boost|p1a: Buzzwole|def|1\n|\n|upkeep\n|\n|t:|1604212374\n|switch|p2a: Blaziken|Blaziken, M|78\/100\n|turn|18\n|\n|t:|1604212376\n|move|p2a: Blaziken|Blaze Kick|p1a: Buzzwole\n|-supereffective|p1a: Buzzwole\n|-damage|p1a: Buzzwole|73\/100\n|move|p1a: Buzzwole|Earthquake|p2a: Blaziken\n|-supereffective|p2a: Blaziken\n|-damage|p2a: Blaziken|0 fnt\n|faint|p2a: Blaziken\n|-ability|p1a: Buzzwole|Beast Boost|boost\n|-boost|p1a: Buzzwole|def|1\n|\n|upkeep\n|-message|glaed13 forfeited.\n|\n|win|usumidori\n|l|\u2606glaed13\n|raw|usumidori's rating: 1508 &rarr; <strong>1524<\/strong><br \/>(+16 for winning)\n|raw|glaed13's rating: 1424 &rarr; <strong>1409<\/strong><br \/>(-15 for losing)\n","uploadtime":1604212387,"views":6,"p1id":"usumidori","p2id":"glaed13","formatid":"gen8ou","rating":1409,"private":0,"password":null}