{"id":"gen8lc-1305161996","p1":"pirouette","p2":"Chickpiee","format":"gen8lc","log":"|j|\u2606pirouette\n|j|\u2606Chickpiee\n|t:|1616222120\n|player|p1|pirouette|#pirouette|\n|player|p2|Chickpiee|caitlin|\n|teamsize|p1|6\n|teamsize|p2|6\n|gametype|singles\n|gen|8\n|tier|[Gen 8] LC\n|rated|Tournament battle\n|clearpoke\n|poke|p1|Vullaby, L5, F|\n|poke|p1|Foongus, L5, M|\n|poke|p1|Mienfoo, L5, M|\n|poke|p1|Pawniard, L5, M|\n|poke|p1|Abra, L5, M|\n|poke|p1|Diglett, L5, F|\n|poke|p2|Trapinch, L5, F|\n|poke|p2|Timburr, L5, M|\n|poke|p2|Pawniard, L5, M|\n|poke|p2|Mareanie, L5, M|\n|poke|p2|Abra, L5, M|\n|poke|p2|Vullaby, L5, F|\n|rule|Sleep Clause Mod: Limit one foe put to sleep\n|rule|Species Clause: Limit one of each Pok\u00e9mon\n|rule|OHKO Clause: OHKO moves are banned\n|rule|Evasion Moves Clause: Evasion moves are banned\n|rule|Endless Battle Clause: Forcing endless battles is banned\n|rule|HP Percentage Mod: HP is shown in percentages\n|rule|Dynamax Clause: You cannot dynamax\n|teampreview\n|j|*Lady Monita\n|inactive|Battle timer is ON: inactive players will automatically lose when time's up. (requested by Chickpiee)\n|inactive|pirouette has 120 seconds left.\n|inactive|Chickpiee has 120 seconds left.\n|inactive|pirouette has 90 seconds left.\n|inactive|pirouette has 60 seconds left.\n|\n|t:|1616222237\n|start\n|switch|p1a: Mienfoo|Mienfoo, L5, M|100\/100\n|switch|p2a: Timburr|Timburr, L5, M|100\/100\n|turn|1\n|\n|t:|1616222246\n|move|p1a: Mienfoo|High Jump Kick|p2a: Timburr|[miss]\n|-miss|p1a: Mienfoo|p2a: Timburr\n|-damage|p1a: Mienfoo|53\/100|[from] highjumpkick\n|move|p2a: Timburr|Knock Off|p1a: Mienfoo\n|-resisted|p1a: Mienfoo\n|-damage|p1a: Mienfoo|24\/100\n|-enditem|p1a: Mienfoo|Choice Band|[from] move: Knock Off|[of] p2a: Timburr\n|\n|upkeep\n|turn|2\n|c|\u2606Chickpiee|sorry\n|inactive|pirouette has 120 seconds left.\n|\n|t:|1616222262\n|switch|p1a: Foongus|Foongus, L5, M|100\/100\n|move|p2a: Timburr|Mach Punch|p1a: Foongus\n|-resisted|p1a: Foongus\n|-damage|p1a: Foongus|88\/100\n|\n|upkeep\n|turn|3\n|\n|t:|1616222271\n|move|p2a: Timburr|Knock Off|p1a: Foongus\n|-damage|p1a: Foongus|59\/100\n|-enditem|p1a: Foongus|Eviolite|[from] move: Knock Off|[of] p2a: Timburr\n|move|p1a: Foongus|Spore|p2a: Timburr\n|-status|p2a: Timburr|slp|[from] move: Spore\n|\n|upkeep\n|turn|4\n|\n|t:|1616222277\n|cant|p2a: Timburr|slp\n|move|p1a: Foongus|Sludge Bomb|p2a: Timburr\n|-damage|p2a: Timburr|72\/100 slp\n|\n|upkeep\n|turn|5\n|\n|t:|1616222286\n|cant|p2a: Timburr|slp\n|move|p1a: Foongus|Synthesis|p1a: Foongus\n|-heal|p1a: Foongus|100\/100\n|\n|upkeep\n|turn|6\n|\n|t:|1616222296\n|switch|p2a: Pawniard|Pawniard, L5, M|100\/100\n|move|p1a: Foongus|Spore|p2a: Pawniard\n|-message|Sleep Clause Mod activated.\n|\n|upkeep\n|turn|7\n|\n|t:|1616222301\n|switch|p1a: Mienfoo|Mienfoo, L5, M|24\/100\n|move|p2a: Pawniard|Stealth Rock|p1a: Mienfoo\n|-sidestart|p1: pirouette|move: Stealth Rock\n|\n|upkeep\n|turn|8\n|\n|t:|1616222311\n|move|p2a: Pawniard|Sucker Punch|p1a: Mienfoo\n|-resisted|p1a: Mienfoo\n|-damage|p1a: Mienfoo|0 fnt\n|faint|p1a: Mienfoo\n|\n|upkeep\n|\n|t:|1616222321\n|switch|p1a: Diglett|Diglett, L5, F|100\/100\n|-damage|p1a: Diglett|95\/100|[from] Stealth Rock\n|turn|9\n|\n|t:|1616222325\n|move|p1a: Diglett|Earthquake|p2a: Pawniard\n|-supereffective|p2a: Pawniard\n|-damage|p2a: Pawniard|15\/100\n|move|p2a: Pawniard|Knock Off|p1a: Diglett\n|-damage|p1a: Diglett|0 fnt\n|-enditem|p1a: Diglett|Choice Scarf|[from] move: Knock Off|[of] p2a: Pawniard\n|faint|p1a: Diglett\n|\n|upkeep\n|\n|t:|1616222335\n|switch|p1a: Pawniard|Pawniard, L5, M|100\/100\n|-damage|p1a: Pawniard|96\/100|[from] Stealth Rock\n|turn|10\n|\n|t:|1616222347\n|move|p2a: Pawniard|Brick Break|p1a: Pawniard\n|-supereffective|p1a: Pawniard\n|-damage|p1a: Pawniard|0 fnt\n|faint|p1a: Pawniard\n|\n|upkeep\n|\n|t:|1616222353\n|switch|p1a: Vullaby|Vullaby, L5, F|100\/100\n|-damage|p1a: Vullaby|79\/100|[from] Stealth Rock\n|turn|11\n|\n|t:|1616222357\n|move|p1a: Vullaby|Brave Bird|p2a: Pawniard\n|-resisted|p2a: Pawniard\n|-damage|p2a: Pawniard|0 fnt\n|-damage|p1a: Vullaby|74\/100|[from] Recoil\n|faint|p2a: Pawniard\n|\n|upkeep\n|\n|t:|1616222362\n|switch|p2a: Vullaby|Vullaby, L5, F|100\/100\n|turn|12\n|\n|t:|1616222368\n|move|p1a: Vullaby|Knock Off|p2a: Vullaby\n|-resisted|p2a: Vullaby\n|-damage|p2a: Vullaby|70\/100\n|-ability|p2a: Vullaby|Weak Armor|boost\n|-unboost|p2a: Vullaby|def|1\n|-boost|p2a: Vullaby|spe|2\n|-enditem|p2a: Vullaby|Berry Juice|[from] move: Knock Off|[of] p1a: Vullaby\n|move|p2a: Vullaby|Knock Off|p1a: Vullaby\n|-resisted|p1a: Vullaby\n|-damage|p1a: Vullaby|44\/100\n|-ability|p1a: Vullaby|Weak Armor|boost\n|-unboost|p1a: Vullaby|def|1\n|-boost|p1a: Vullaby|spe|2\n|-enditem|p1a: Vullaby|Berry Juice|[from] move: Knock Off|[of] p2a: Vullaby\n|\n|upkeep\n|turn|13\n|\n|t:|1616222380\n|switch|p2a: Tsunderepex|Mareanie, L5, M, shiny|100\/100\n|move|p1a: Vullaby|Brave Bird|p2a: Tsunderepex\n|-damage|p2a: Tsunderepex|63\/100\n|-damage|p1a: Vullaby|31\/100|[from] Recoil\n|\n|upkeep\n|turn|14\n|\n|t:|1616222396\n|move|p1a: Vullaby|Brave Bird|p2a: Tsunderepex\n|-damage|p2a: Tsunderepex|13\/100\n|-damage|p1a: Vullaby|14\/100|[from] Recoil\n|move|p2a: Tsunderepex|Sludge Bomb|p1a: Vullaby\n|-damage|p1a: Vullaby|0 fnt\n|faint|p1a: Vullaby\n|\n|upkeep\n|\n|t:|1616222406\n|switch|p1a: Abra|Abra, L5, M|100\/100\n|turn|15\n|\n|t:|1616222410\n|move|p1a: Abra|Psychic|p2a: Tsunderepex\n|-supereffective|p2a: Tsunderepex\n|-damage|p2a: Tsunderepex|0 fnt\n|faint|p2a: Tsunderepex\n|\n|upkeep\n|\n|t:|1616222412\n|switch|p2a: Trapinch|Trapinch, L5, F|100\/100\n|turn|16\n|\n|t:|1616222414\n|move|p1a: Abra|Protect|p1a: Abra\n|-singleturn|p1a: Abra|Protect\n|move|p2a: Trapinch|First Impression|p1a: Abra\n|-activate|p1a: Abra|move: Protect\n|\n|upkeep\n|turn|17\n|\n|t:|1616222418\n|move|p1a: Abra|Psychic|p2a: Trapinch\n|-damage|p2a: Trapinch|43\/100\n|move|p2a: Trapinch|Earthquake|p1a: Abra\n|-crit|p1a: Abra\n|-enditem|p1a: Abra|Focus Sash\n|-damage|p1a: Abra|6\/100\n|\n|upkeep\n|turn|18\n|\n|t:|1616222426\n|move|p2a: Trapinch|Quick Attack|p1a: Abra\n|-damage|p1a: Abra|0 fnt\n|faint|p1a: Abra\n|\n|upkeep\n|\n|t:|1616222428\n|switch|p1a: Foongus|Foongus, L5, M|100\/100\n|-damage|p1a: Foongus|88\/100|[from] Stealth Rock\n|turn|19\n|c|\u2606Chickpiee|gg\n|-message|pirouette forfeited.\n|\n|win|Chickpiee\n|n|\u2606pirouette|pirouette\n|n|\u2606Chickpiee|chickpiee\n|n|*Lady Monita|ladymonita\n|l|*Lady Monita\n|l|\u2606pirouette\n","uploadtime":1616222437,"views":72,"p1id":"pirouette","p2id":"chickpiee","formatid":"gen8lc","rating":0,"private":0,"password":null}