{"id":"gen8randombattle-1160779591","p1":"Hgfhhfghfff","p2":"Qiuescent","format":"gen8randombattle","log":"|j|\u2606Hgfhhfghfff\n|j|\u203dQiuescent\n|t:|1596179869\n|player|p1|Hgfhhfghfff|265|1975\n|player|p2|Qiuescent|lusamine-nihilego|2018\n|teamsize|p1|6\n|teamsize|p2|6\n|gametype|singles\n|gen|8\n|tier|[Gen 8] Random Battle\n|rated|\n|rule|Species Clause: Limit one of each Pok\u00e9mon\n|rule|HP Percentage Mod: HP is shown in percentages\n|rule|Sleep Clause Mod: Limit one foe put to sleep\n|\n|t:|1596179869\n|start\n|switch|p1a: Noivern|Noivern, L82, M|274\/274\n|switch|p2a: Virizion|Virizion, L84|290\/290\n|turn|1\n|inactive|Battle timer is ON: inactive players will automatically lose when time's up. (requested by Hgfhhfghfff)\n|\n|t:|1596179897\n|switch|p2a: Meowstic|Meowstic-F, L88, F|274\/274\n|move|p1a: Noivern|U-turn|p2a: Meowstic\n|-supereffective|p2a: Meowstic\n|-damage|p2a: Meowstic|200\/274\n|\n|t:|1596179915\n|switch|p1a: Hippowdon|Hippowdon, L80, F|304\/304\n|-weather|Sandstorm|[from] ability: Sand Stream|[of] p1a: Hippowdon\n|\n|-weather|Sandstorm|[upkeep]\n|-damage|p2a: Meowstic|183\/274|[from] Sandstorm\n|upkeep\n|turn|2\n|\n|t:|1596179927\n|move|p2a: Meowstic|Psychic|p1a: Hippowdon\n|-damage|p1a: Hippowdon|127\/304\n|move|p1a: Hippowdon|Stealth Rock|p2a: Meowstic\n|-sidestart|p2: Qiuescent|move: Stealth Rock\n|\n|-weather|Sandstorm|[upkeep]\n|-damage|p2a: Meowstic|166\/274|[from] Sandstorm\n|-heal|p1a: Hippowdon|146\/304|[from] item: Leftovers\n|upkeep\n|turn|3\n|\n|t:|1596179933\n|switch|p1a: Aurorus|Aurorus, L88, F|360\/360\n|-weather|Hail|[from] ability: Snow Warning|[of] p1a: Aurorus\n|move|p2a: Meowstic|Psychic|p1a: Aurorus\n|-damage|p1a: Aurorus|233\/360\n|\n|-weather|Hail|[upkeep]\n|-damage|p2a: Meowstic|149\/274|[from] Hail\n|upkeep\n|turn|4\n|\n|t:|1596179950\n|move|p2a: Meowstic|Psychic|p1a: Aurorus\n|-damage|p1a: Aurorus|110\/360\n|move|p1a: Aurorus|Thunder Wave|p2a: Meowstic\n|-status|p2a: Meowstic|par\n|\n|-weather|Hail|[upkeep]\n|-damage|p2a: Meowstic|132\/274 par|[from] Hail\n|upkeep\n|turn|5\n|\n|t:|1596179962\n|move|p1a: Aurorus|Ancient Power|p2a: Meowstic\n|-damage|p2a: Meowstic|63\/274 par\n|move|p2a: Meowstic|Psychic|p1a: Aurorus\n|-damage|p1a: Aurorus|0 fnt\n|faint|p1a: Aurorus\n|\n|-weather|Hail|[upkeep]\n|-damage|p2a: Meowstic|46\/274 par|[from] Hail\n|upkeep\n|\n|t:|1596179977\n|switch|p1a: Noivern|Noivern, L82, M|274\/274\n|turn|6\n|\n|t:|1596179983\n|move|p1a: Noivern|U-turn|p2a: Meowstic\n|-supereffective|p2a: Meowstic\n|-damage|p2a: Meowstic|0 fnt\n|faint|p2a: Meowstic\n|\n|t:|1596179990\n|switch|p1a: Hippowdon|Hippowdon, L80, F|146\/304\n|-weather|Sandstorm|[from] ability: Sand Stream|[of] p1a: Hippowdon\n|\n|-weather|Sandstorm|[upkeep]\n|-heal|p1a: Hippowdon|165\/304|[from] item: Leftovers\n|upkeep\n|\n|t:|1596180010\n|switch|p2a: Armaldo|Armaldo, L88, F|275\/275\n|turn|7\n|\n|t:|1596180020\n|move|p2a: Armaldo|Rapid Spin|p1a: Hippowdon\n|-damage|p1a: Hippowdon|121\/304\n|-boost|p2a: Armaldo|spe|1\n|-sideend|p2: Qiuescent|Stealth Rock|[from] move: Rapid Spin|[of] p2a: Armaldo\n|move|p1a: Hippowdon|Slack Off|p1a: Hippowdon\n|-heal|p1a: Hippowdon|273\/304\n|\n|-weather|Sandstorm|[upkeep]\n|-heal|p1a: Hippowdon|292\/304|[from] item: Leftovers\n|upkeep\n|turn|8\n|inactive|Qiuescent has 120 seconds left.\n|\n|t:|1596180050\n|move|p2a: Armaldo|Swords Dance|p2a: Armaldo\n|-boost|p2a: Armaldo|atk|2\n|move|p1a: Hippowdon|Stealth Rock|p2a: Armaldo\n|-sidestart|p2: Qiuescent|move: Stealth Rock\n|\n|-weather|Sandstorm|[upkeep]\n|-heal|p1a: Hippowdon|304\/304|[from] item: Leftovers\n|upkeep\n|turn|9\n|\n|t:|1596180056\n|move|p2a: Armaldo|Rapid Spin|p1a: Hippowdon\n|-damage|p1a: Hippowdon|223\/304\n|-boost|p2a: Armaldo|spe|1\n|-sideend|p2: Qiuescent|Stealth Rock|[from] move: Rapid Spin|[of] p2a: Armaldo\n|move|p1a: Hippowdon|Whirlwind|p2a: Armaldo\n|drag|p2a: Noivern|Noivern, L82, F|274\/274\n|\n|-weather|Sandstorm|[upkeep]\n|-damage|p2a: Noivern|257\/274|[from] Sandstorm\n|-heal|p1a: Hippowdon|242\/304|[from] item: Leftovers\n|upkeep\n|turn|10\n|\n|t:|1596180073\n|move|p2a: Noivern|Boomburst|p1a: Hippowdon\n|-damage|p1a: Hippowdon|62\/304\n|move|p1a: Hippowdon|Stealth Rock|p2a: Noivern\n|-sidestart|p2: Qiuescent|move: Stealth Rock\n|\n|-weather|none\n|-heal|p1a: Hippowdon|81\/304|[from] item: Leftovers\n|upkeep\n|turn|11\n|\n|t:|1596180084\n|switch|p1a: Drednaw|Drednaw, L86, F|295\/295\n|move|p2a: Noivern|Boomburst|p1a: Drednaw\n|-resisted|p1a: Drednaw\n|-damage|p1a: Drednaw|219\/295\n|\n|upkeep\n|turn|12\n|inactive|Qiuescent has 120 seconds left.\n|\n|t:|1596180125\n|switch|p2a: Virizion|Virizion, L84|290\/290\n|-damage|p2a: Virizion|272\/290|[from] Stealth Rock\n|switch|p1a: Noivern|Noivern, L82, M|274\/274\n|\n|-heal|p2a: Virizion|290\/290|[from] item: Leftovers\n|upkeep\n|turn|13\n|\n|t:|1596180138\n|switch|p2a: Noivern|Noivern, L82, F|257\/274\n|-damage|p2a: Noivern|189\/274|[from] Stealth Rock\n|move|p1a: Noivern|Draco Meteor|p2a: Noivern\n|-supereffective|p2a: Noivern\n|-damage|p2a: Noivern|0 fnt\n|-unboost|p1a: Noivern|spa|2\n|faint|p2a: Noivern\n|\n|upkeep\n|\n|t:|1596180143\n|switch|p2a: Dubwool|Dubwool, L88, F|270\/270\n|-damage|p2a: Dubwool|237\/270|[from] Stealth Rock\n|turn|14\n|\n|t:|1596180151\n|switch|p1a: Hippowdon|Hippowdon, L80, F|81\/304\n|-weather|Sandstorm|[from] ability: Sand Stream|[of] p1a: Hippowdon\n|move|p2a: Dubwool|Cotton Guard|p2a: Dubwool\n|-boost|p2a: Dubwool|def|3\n|\n|-weather|Sandstorm|[upkeep]\n|-damage|p2a: Dubwool|221\/270|[from] Sandstorm\n|-heal|p2a: Dubwool|237\/270|[from] item: Leftovers\n|-heal|p1a: Hippowdon|100\/304|[from] item: Leftovers\n|upkeep\n|turn|15\n|\n|t:|1596180159\n|move|p2a: Dubwool|Body Press|p1a: Hippowdon\n|-damage|p1a: Hippowdon|0 fnt\n|faint|p1a: Hippowdon\n|\n|-weather|Sandstorm|[upkeep]\n|-damage|p2a: Dubwool|221\/270|[from] Sandstorm\n|-heal|p2a: Dubwool|237\/270|[from] item: Leftovers\n|upkeep\n|\n|t:|1596180164\n|switch|p1a: Togedemaru|Togedemaru, L86, M|252\/252\n|turn|16\n|\n|t:|1596180171\n|move|p1a: Togedemaru|Nuzzle|p2a: Dubwool\n|-damage|p2a: Dubwool|228\/270\n|-status|p2a: Dubwool|par\n|move|p2a: Dubwool|Body Press|p1a: Togedemaru\n|-supereffective|p1a: Togedemaru\n|-ability|p1a: Togedemaru|Sturdy\n|-damage|p1a: Togedemaru|1\/252\n|\n|-weather|Sandstorm|[upkeep]\n|-damage|p2a: Dubwool|212\/270 par|[from] Sandstorm\n|-heal|p1a: Togedemaru|16\/252|[from] item: Leftovers\n|-heal|p2a: Dubwool|228\/270 par|[from] item: Leftovers\n|upkeep\n|turn|17\n|\n|t:|1596180182\n|move|p1a: Togedemaru|Iron Head|p2a: Dubwool\n|-damage|p2a: Dubwool|198\/270 par\n|cant|p2a: Dubwool|par\n|\n|-weather|Sandstorm|[upkeep]\n|-damage|p2a: Dubwool|182\/270 par|[from] Sandstorm\n|-heal|p1a: Togedemaru|31\/252|[from] item: Leftovers\n|-heal|p2a: Dubwool|198\/270 par|[from] item: Leftovers\n|upkeep\n|turn|18\n|\n|t:|1596180190\n|move|p1a: Togedemaru|Iron Head|p2a: Dubwool\n|-damage|p2a: Dubwool|168\/270 par\n|move|p2a: Dubwool|Rest|p2a: Dubwool\n|-status|p2a: Dubwool|slp|[from] move: Rest\n|-heal|p2a: Dubwool|270\/270 slp|[silent]\n|\n|-weather|none\n|-heal|p1a: Togedemaru|46\/252|[from] item: Leftovers\n|upkeep\n|turn|19\n|\n|t:|1596180201\n|switch|p1a: Noivern|Noivern, L82, M|274\/274\n|cant|p2a: Dubwool|slp\n|move|p2a: Dubwool|Sleep Talk|p2a: Dubwool\n|move|p2a: Dubwool|Rest|p2a: Dubwool|[from]Sleep Talk\n|-fail|p2a: Dubwool|heal\n|\n|upkeep\n|turn|20\n|\n|t:|1596180223\n|move|p1a: Noivern|Boomburst|p2a: Dubwool\n|-damage|p2a: Dubwool|133\/270 slp\n|cant|p2a: Dubwool|slp\n|move|p2a: Dubwool|Sleep Talk|p2a: Dubwool\n|move|p2a: Dubwool|Cotton Guard|p2a: Dubwool|[from]Sleep Talk\n|-boost|p2a: Dubwool|def|3\n|\n|-heal|p2a: Dubwool|149\/270 slp|[from] item: Leftovers\n|upkeep\n|turn|21\n|\n|t:|1596180240\n|move|p1a: Noivern|Boomburst|p2a: Dubwool\n|-damage|p2a: Dubwool|26\/270 slp\n|-curestatus|p2a: Dubwool|slp|[msg]\n|move|p2a: Dubwool|Body Press|p1a: Noivern\n|-resisted|p1a: Noivern\n|-damage|p1a: Noivern|128\/274\n|\n|-heal|p2a: Dubwool|42\/270|[from] item: Leftovers\n|upkeep\n|turn|22\n|\n|t:|1596180248\n|move|p1a: Noivern|Boomburst|p2a: Dubwool\n|-damage|p2a: Dubwool|0 fnt\n|faint|p2a: Dubwool\n|\n|upkeep\n|\n|t:|1596180250\n|switch|p2a: Armaldo|Armaldo, L88, F|275\/275\n|turn|23\n|\n|t:|1596180261\n|switch|p1a: Togedemaru|Togedemaru, L86, M|46\/252\n|move|p2a: Armaldo|Rapid Spin|p1a: Togedemaru\n|-resisted|p1a: Togedemaru\n|-damage|p1a: Togedemaru|18\/252\n|-boost|p2a: Armaldo|spe|1\n|-sideend|p2: Qiuescent|Stealth Rock|[from] move: Rapid Spin|[of] p2a: Armaldo\n|\n|-heal|p1a: Togedemaru|33\/252|[from] item: Leftovers\n|upkeep\n|turn|24\n|\n|t:|1596180269\n|move|p1a: Togedemaru|Spiky Shield|p1a: Togedemaru\n|-singleturn|p1a: Togedemaru|move: Protect\n|move|p2a: Armaldo|Rapid Spin|p1a: Togedemaru\n|-activate|p1a: Togedemaru|move: Protect\n|-damage|p2a: Armaldo|241\/275|[from] Spiky Shield|[of] p1a: Togedemaru\n|\n|-heal|p1a: Togedemaru|48\/252|[from] item: Leftovers\n|upkeep\n|turn|25\n|\n|t:|1596180277\n|move|p1a: Togedemaru|Nuzzle|p2a: Armaldo\n|-damage|p2a: Armaldo|220\/275\n|-status|p2a: Armaldo|par\n|cant|p2a: Armaldo|par\n|\n|-heal|p1a: Togedemaru|63\/252|[from] item: Leftovers\n|upkeep\n|turn|26\n|\n|t:|1596180284\n|move|p1a: Togedemaru|Iron Head|p2a: Armaldo\n|-supereffective|p2a: Armaldo\n|-damage|p2a: Armaldo|56\/275 par\n|cant|p2a: Armaldo|flinch\n|\n|-heal|p1a: Togedemaru|78\/252|[from] item: Leftovers\n|upkeep\n|turn|27\n|\n|t:|1596180290\n|move|p1a: Togedemaru|Spiky Shield|p1a: Togedemaru\n|-singleturn|p1a: Togedemaru|move: Protect\n|move|p2a: Armaldo|Earthquake|p1a: Togedemaru\n|-activate|p1a: Togedemaru|move: Protect\n|\n|-heal|p1a: Togedemaru|93\/252|[from] item: Leftovers\n|upkeep\n|turn|28\n|\n|t:|1596180296\n|switch|p2a: Virizion|Virizion, L84|290\/290\n|move|p1a: Togedemaru|Iron Head|p2a: Virizion\n|-damage|p2a: Virizion|182\/290\n|\n|-heal|p2a: Virizion|200\/290|[from] item: Leftovers\n|-heal|p1a: Togedemaru|108\/252|[from] item: Leftovers\n|upkeep\n|turn|29\n|\n|t:|1596180312\n|move|p2a: Virizion|Close Combat|p1a: Togedemaru\n|-supereffective|p1a: Togedemaru\n|-damage|p1a: Togedemaru|0 fnt\n|-unboost|p2a: Virizion|def|1\n|-unboost|p2a: Virizion|spd|1\n|faint|p1a: Togedemaru\n|\n|-heal|p2a: Virizion|218\/290|[from] item: Leftovers\n|upkeep\n|\n|t:|1596180317\n|switch|p1a: Noivern|Noivern, L82, M|128\/274\n|turn|30\n|\n|t:|1596180323\n|move|p1a: Noivern|U-turn|p2a: Virizion\n|-damage|p2a: Virizion|151\/290\n|\n|t:|1596180328\n|switch|p1a: Drednaw|Drednaw, L86, F|219\/295\n|move|p2a: Virizion|Stone Edge|p1a: Drednaw\n|-damage|p1a: Drednaw|154\/295\n|\n|-heal|p2a: Virizion|169\/290|[from] item: Leftovers\n|upkeep\n|turn|31\n|\n|t:|1596180335\n|switch|p1a: Noivern|Noivern, L82, M|128\/274\n|move|p2a: Virizion|Leaf Blade|p1a: Noivern\n|-resisted|p1a: Noivern\n|-damage|p1a: Noivern|101\/274\n|\n|-heal|p2a: Virizion|187\/290|[from] item: Leftovers\n|upkeep\n|turn|32\n|\n|t:|1596180342\n|move|p1a: Noivern|Flamethrower|p2a: Virizion\n|-supereffective|p2a: Virizion\n|-damage|p2a: Virizion|0 fnt\n|faint|p2a: Virizion\n|\n|upkeep\n|\n|t:|1596180345\n|switch|p2a: Farfetch\u2019d|Farfetch\u2019d, L88, M|235\/235\n|turn|33\n|\n|t:|1596180364\n|-start|p1a: Noivern|Dynamax\n|-heal|p1a: Noivern|202\/548|[silent]\n|-start|p2a: Farfetch\u2019d|Dynamax\n|-heal|p2a: Farfetch\u2019d|470\/470|[silent]\n|move|p1a: Noivern|Max Wyrmwind|p2a: Farfetch\u2019d\n|-damage|p2a: Farfetch\u2019d|301\/470\n|-unboost|p2a: Farfetch\u2019d|atk|1\n|-ability|p2a: Farfetch\u2019d|Defiant\n|-boost|p2a: Farfetch\u2019d|atk|2\n|move|p2a: Farfetch\u2019d|Max Airstream|p1a: Noivern\n|-crit|p1a: Noivern\n|-damage|p1a: Noivern|0 fnt\n|-boost|p2a: Farfetch\u2019d|spe|1\n|faint|p1a: Noivern\n|\n|upkeep\n|inactive|Hgfhhfghfff has 120 seconds left.\n|inactive|Hgfhhfghfff has 90 seconds left.\n|inactive|Hgfhhfghfff has 60 seconds left.\n|inactive|Hgfhhfghfff has 30 seconds left.\n|inactive|Hgfhhfghfff has 20 seconds left.\n|inactive|Hgfhhfghfff has 15 seconds left.\n|inactive|Hgfhhfghfff has 10 seconds left.\n|inactive|Hgfhhfghfff has 5 seconds left.\n|-message|Hgfhhfghfff lost due to inactivity.\n|\n|win|Qiuescent\n|raw|Hgfhhfghfff's rating: 1949 &rarr; <strong>1932<\/strong><br \/>(-17 for losing)\n|raw|Qiuescent's rating: 1997 &rarr; <strong>2014<\/strong><br \/>(+17 for winning)\n","inputlog":">version fe2eb278603fb9401640f465a2b94179e7565b81\n>start {\"formatid\":\"gen8randombattle\",\"seed\":[23505,58750,13139,39714],\"rated\":\"Rated battle\"}\n>player p1 {\"name\":\"Hgfhhfghfff\",\"avatar\":\"265\",\"team\":\"\",\"rating\":1975,\"seed\":[65166,45794,9637,64468]}\n>player p2 {\"name\":\"Qiuescent\",\"avatar\":\"lusamine-nihilego\",\"team\":\"\",\"rating\":2018,\"seed\":[2952,6314,2654,36270]}\n>p1 move uturn\n>p2 switch 5\n>p1 switch 2\n>p1 move stealthrock\n>p2 move psychic\n>p1 switch 3\n>p2 move psychic\n>p1 move thunderwave\n>p2 move psychic\n>p1 move ancientpower\n>p2 move psychic\n>p1 switch 2\n>p1 move uturn\n>p2 move psychic\n>p1 switch 3\n>p2 switch 3\n>p1 move slackoff\n>p2 move rapidspin\n>p1 move stealthrock\n>p2 move swordsdance\n>p1 move whirlwind\n>p2 move rapidspin\n>p1 move stealthrock\n>p2 move boomburst\n>p1 switch 4\n>p2 move boomburst\n>p1 switch 3\n>p2 switch 5\n>p1 move dracometeor\n>p2 switch 5\n>p2 switch 2\n>p1 switch 4\n>p2 move cottonguard\n>p1 move whirlwind\n>p2 move bodypress\n>p1 switch 6\n>p1 move nuzzle\n>p2 move bodypress\n>p1 move ironhead\n>p2 move rest\n>p1 move ironhead\n>p2 move rest\n>p1 switch 4\n>p2 move sleeptalk\n>p1 move boomburst\n>p2 move sleeptalk\n>p1 move boomburst\n>p2 move bodypress\n>p1 move boomburst\n>p2 move bodypress\n>p2 switch 4\n>p1 switch 4\n>p2 move rapidspin\n>p1 move spikyshield\n>p2 move rapidspin\n>p1 move nuzzle\n>p2 move rapidspin\n>p1 move ironhead\n>p2 move earthquake\n>p1 move spikyshield\n>p2 move earthquake\n>p1 move ironhead\n>p2 switch 5\n>p1 move nuzzle\n>p2 move closecombat\n>p1 switch 4\n>p1 move uturn\n>p2 move stoneedge\n>p1 switch 3\n>p1 switch 3\n>p2 move leafblade\n>p1 move flamethrower\n>p2 move stoneedge\n>p2 switch 6\n>p1 move dracometeor dynamax\n>p2 move bravebird dynamax","uploadtime":1596180513,"views":7,"p1id":"hgfhhfghfff","p2id":"qiuescent","formatid":"gen8randombattle","rating":1932,"private":0,"password":null}