{"id":"gen8vgc2022-1706959549","p1":"Kaperu","p2":"sqrtof15","format":"gen8vgc2022","log":"|j|\u2606Kaperu\n|j|\u2606sqrtof15\n|t:|1668036456\n|gametype|doubles\n|player|p1|Kaperu|102|1000\n|player|p2|sqrtof15|red|1064\n|teamsize|p1|6\n|teamsize|p2|6\n|gen|8\n|tier|[Gen 8] VGC 2022\n|rated|\n|rule|Species Clause: Limit one of each Pok\u00e9mon\n|rule|Item Clause: Limit one of each item\n|clearpoke\n|poke|p1|Landorus-Therian, L50, M|\n|poke|p1|Rillaboom, L50, F|\n|poke|p1|Yveltal, L50|\n|poke|p1|Zacian-*, L50|\n|poke|p1|Dragapult, L50, M|\n|poke|p1|Regieleki, L50|\n|poke|p2|Calyrex-Ice, L50|\n|poke|p2|Espeon, L50, M|\n|poke|p2|Chandelure, L50, F|\n|poke|p2|Gastrodon-East, L50, M|\n|poke|p2|Ninetales-Alola, L50, F|\n|poke|p2|Palkia, L50|\n|teampreview|4\n|\n|t:|1668036494\n|start\n|switch|p1a: Yveltal|Yveltal, L50|100\/100\n|switch|p1b: Zacian|Zacian-Crowned, L50|100\/100\n|switch|p2a: Espeon|Espeon, L50, M|100\/100\n|switch|p2b: Ninetales|Ninetales-Alola, L50, F|100\/100\n|-ability|p1b: Zacian|Intrepid Sword|boost\n|-boost|p1b: Zacian|atk|1\n|-weather|Hail|[from] ability: Snow Warning|[of] p2b: Ninetales\n|-ability|p1a: Yveltal|Dark Aura\n|turn|1\n|\n|t:|1668036515\n|move|p1b: Zacian|Behemoth Blade|p2b: Ninetales\n|-supereffective|p2b: Ninetales\n|-damage|p2b: Ninetales|0 fnt\n|-damage|p1b: Zacian|84\/100|[from] item: Rocky Helmet|[of] p2b: Ninetales\n|faint|p2b: Ninetales\n|move|p1a: Yveltal|U-turn|p2a: Espeon\n|-supereffective|p2a: Espeon\n|-damage|p2a: Espeon|59\/100\n|\n|t:|1668036523\n|switch|p1a: Rillaboom|Rillaboom, L50, F|100\/100|[from]move: U-turn\n|-fieldstart|move: Grassy Terrain|[from] ability: Grassy Surge|[of] p1a: Rillaboom\n|move|p2a: Espeon|Trick Room|p2a: Espeon\n|-fieldstart|move: Trick Room|[of] p2a: Espeon\n|\n|-weather|Hail|[upkeep]\n|-damage|p1a: Rillaboom|95\/100|[from] Hail\n|-damage|p2a: Espeon|53\/100|[from] Hail\n|-damage|p1b: Zacian|78\/100|[from] Hail\n|-heal|p1a: Rillaboom|100\/100|[from] Grassy Terrain\n|-heal|p2a: Espeon|59\/100|[from] Grassy Terrain\n|-heal|p1b: Zacian|84\/100|[from] Grassy Terrain\n|upkeep\n|\n|t:|1668036534\n|switch|p2b: Calyrex|Calyrex-Ice, L50|100\/100\n|-ability|p2b: Calyrex|As One\n|-ability|p2b: Calyrex|Unnerve\n|turn|2\n|\n|t:|1668036555\n|move|p1a: Rillaboom|Fake Out|p2b: Calyrex\n|-damage|p2b: Calyrex|90\/100\n|move|p2a: Espeon|Ally Switch|p2a: Espeon\n|swap|p2a: Espeon|1|[from] move: Ally Switch\n|cant|p2a: Calyrex|flinch\n|move|p1b: Zacian|Behemoth Blade|p2b: Espeon\n|-damage|p2b: Espeon|0 fnt\n|faint|p2b: Espeon\n|\n|-weather|Hail|[upkeep]\n|-damage|p1a: Rillaboom|95\/100|[from] Hail\n|-damage|p1b: Zacian|78\/100|[from] Hail\n|-heal|p2a: Calyrex|96\/100|[from] Grassy Terrain\n|-heal|p1a: Rillaboom|100\/100|[from] Grassy Terrain\n|-heal|p1b: Zacian|84\/100|[from] Grassy Terrain\n|upkeep\n|\n|t:|1668036565\n|switch|p2b: Palkia|Palkia, L50|100\/100\n|-ability|p2b: Palkia|Pressure\n|turn|3\n|\n|t:|1668036585\n|move|p1a: Rillaboom|Protect|p1a: Rillaboom\n|-singleturn|p1a: Rillaboom|Protect\n|move|p2a: Calyrex|Glacial Lance|p1a: Rillaboom|[spread] p1b\n|-activate|p1a: Rillaboom|move: Protect\n|-resisted|p1b: Zacian\n|-damage|p1b: Zacian|41\/100\n|move|p2b: Palkia|Hydro Pump|p1b: Zacian\n|-damage|p1b: Zacian|0 fnt\n|faint|p1b: Zacian\n|\n|-weather|Hail|[upkeep]\n|-damage|p1a: Rillaboom|95\/100|[from] Hail\n|-damage|p2b: Palkia|94\/100|[from] Hail\n|-heal|p2a: Calyrex|100\/100|[from] Grassy Terrain\n|-heal|p1a: Rillaboom|100\/100|[from] Grassy Terrain\n|-heal|p2b: Palkia|100\/100|[from] Grassy Terrain\n|upkeep\n|inactive|Battle timer is ON: inactive players will automatically lose when time's up. (requested by sqrtof15)\n|\n|t:|1668036632\n|switch|p1b: Yveltal|Yveltal, L50|100\/100\n|-ability|p1b: Yveltal|Dark Aura\n|turn|4\n|inactive|Kaperu has 30 seconds left.\n|inactive|Kaperu has 20 seconds left.\n|inactive|Kaperu has 15 seconds left.\n|\n|t:|1668036675\n|-start|p1a: Rillaboom|Dynamax|Gmax\n|-heal|p1a: Rillaboom|100\/100|[silent]\n|move|p2a: Calyrex|Glacial Lance|p1b: Yveltal|[spread] p1a,p1b\n|-supereffective|p1a: Rillaboom\n|-supereffective|p1b: Yveltal\n|-damage|p1a: Rillaboom|9\/100\n|-damage|p1b: Yveltal|0 fnt\n|faint|p1b: Yveltal\n|-ability|p2a: Calyrex|Chilling Neigh|boost\n|-boost|p2a: Calyrex|atk|1\n|move|p1a: Rillaboom|G-Max Drum Solo|p2b: Palkia\n|-damage|p2b: Palkia|0 fnt\n|faint|p2b: Palkia\n|\n|-weather|Hail|[upkeep]\n|-damage|p1a: Rillaboom|6\/100|[from] Hail\n|-heal|p1a: Rillaboom|9\/100|[from] Grassy Terrain\n|-heal|p1a: Rillaboom|12\/100|[from] item: Leftovers\n|upkeep\n|\n|t:|1668036688\n|switch|p1b: Regieleki|Regieleki, L50|100\/100\n|turn|5\n|\n|t:|1668036704\n|move|p1a: Rillaboom|Max Guard|p1a: Rillaboom\n|-singleturn|p1a: Rillaboom|Max Guard\n|move|p2a: Calyrex|Glacial Lance|p1b: Regieleki|[spread] p1b\n|-activate|p1a: Rillaboom|move: Max Guard\n|-enditem|p1b: Regieleki|Focus Sash\n|-damage|p1b: Regieleki|1\/100\n|move|p1b: Regieleki|Thunderbolt|p2a: Calyrex\n|-damage|p2a: Calyrex|58\/100\n|-status|p2a: Calyrex|par\n|\n|-weather|none\n|-heal|p2a: Calyrex|64\/100 par|[from] Grassy Terrain\n|-heal|p1a: Rillaboom|15\/100|[from] Grassy Terrain\n|-heal|p1a: Rillaboom|17\/100|[from] item: Leftovers\n|-heal|p1b: Regieleki|7\/100|[from] Grassy Terrain\n|-fieldend|move: Trick Room\n|-fieldend|move: Grassy Terrain\n|upkeep\n|turn|6\n|inactive|Kaperu has 30 seconds left.\n|inactive|sqrtof15 has 30 seconds left.\n|c|\u2606Kaperu|gg\n|inactive|sqrtof15 has 20 seconds left.\n|inactive|sqrtof15 has 15 seconds left.\n|inactive|Kaperu has 20 seconds left.\n|\n|t:|1668036751\n|-start|p2a: Calyrex|Dynamax|\n|-heal|p2a: Calyrex|64\/100 par|[silent]\n|move|p1b: Regieleki|Ancient Power|p2a: Calyrex\n|-supereffective|p2a: Calyrex\n|-damage|p2a: Calyrex|52\/100 par\n|-boost|p1b: Regieleki|atk|1\n|-boost|p1b: Regieleki|def|1\n|-boost|p1b: Regieleki|spa|1\n|-boost|p1b: Regieleki|spd|1\n|-boost|p1b: Regieleki|spe|1\n|move|p1a: Rillaboom|Max Darkness|p2a: Calyrex\n|-supereffective|p2a: Calyrex\n|-damage|p2a: Calyrex|22\/100 par\n|-unboost|p2a: Calyrex|spd|1\n|move|p2a: Calyrex|Max Quake|p1b: Regieleki\n|-supereffective|p1b: Regieleki\n|-damage|p1b: Regieleki|0 fnt\n|-boost|p2a: Calyrex|spd|1\n|faint|p1b: Regieleki\n|-ability|p2a: Calyrex|Chilling Neigh|boost\n|-boost|p2a: Calyrex|atk|1\n|\n|-heal|p1a: Rillaboom|20\/100|[from] item: Leftovers\n|upkeep\n|-end|p1a: Rillaboom|Dynamax\n|-heal|p1a: Rillaboom|20\/100|[silent]\n|turn|7\n|inactive|Kaperu has 30 seconds left.\n|inactive|sqrtof15 has 30 seconds left.\n|\n|t:|1668036783\n|move|p1a: Rillaboom|Protect|p1a: Rillaboom\n|-singleturn|p1a: Rillaboom|Protect\n|move|p2a: Calyrex|Max Hailstorm|p1a: Rillaboom\n|-supereffective|p1a: Rillaboom\n|-zbroken|p1a: Rillaboom\n|-damage|p1a: Rillaboom|0 fnt\n|-weather|Hail\n|faint|p1a: Rillaboom\n|\n|win|sqrtof15\n|raw|Kaperu's rating: 1000 &rarr; <strong>1000<\/strong><br \/>(+0 for losing)\n|raw|sqrtof15's rating: 1064 &rarr; <strong>1089<\/strong><br \/>(+25 for winning)\n|l|\u2606Kaperu\n|c|\u2606sqrtof15|gg\n","uploadtime":1668036795,"views":6,"p1id":"kaperu","p2id":"sqrtof15","formatid":"gen8vgc2022","rating":1000,"private":0,"password":null}