{"id":"gen8ou-1692459773","p1":"Free Wifi Hotspot","p2":"Kwaga","format":"gen8ou","log":"|html|<div class=\"broadcast-blue\"><strong>[Gen 8] OU is currently suspecting Melmetal! For information on how to participate check out the <a href=\"https:\/\/www.smogon.com\/forums\/threads\/np-ss-ou-suspect-process-round-12-monster-mash.3709234\/\">suspect thread<\/a>.<\/strong><\/div>\n|j|\u2606Free Wifi Hotspot\n|j|\u2606Kwaga\n|t:|1666487408\n|gametype|singles\n|player|p1|Free Wifi Hotspot|preschooler|1676\n|player|p2|Kwaga|brock-gen1rb|1699\n|teamsize|p1|6\n|teamsize|p2|6\n|gen|8\n|tier|[Gen 8] OU\n|rated|\n|rule|Sleep Clause Mod: Limit one foe put to sleep\n|rule|Species Clause: Limit one of each Pok\u00e9mon\n|rule|OHKO Clause: OHKO moves are banned\n|rule|Evasion Items Clause: Evasion items are banned\n|rule|Evasion Moves Clause: Evasion moves are banned\n|rule|Endless Battle Clause: Forcing endless battles is banned\n|rule|HP Percentage Mod: HP is shown in percentages\n|rule|Dynamax Clause: You cannot dynamax\n|clearpoke\n|poke|p1|Slowking-Galar, F|\n|poke|p1|Keldeo-Resolute|\n|poke|p1|Dragapult, F|\n|poke|p1|Landorus-Therian, M|\n|poke|p1|Rillaboom, F|\n|poke|p1|Tapu Lele|\n|poke|p2|Mew|\n|poke|p2|Weavile, M|\n|poke|p2|Crawdaunt, M|\n|poke|p2|Garchomp, M|\n|poke|p2|Celesteela|\n|poke|p2|Blacephalon|\n|teampreview\n|inactive|Battle timer is ON: inactive players will automatically lose when time's up. (requested by Free Wifi Hotspot)\n|\n|t:|1666487427\n|start\n|switch|p1a: Keldeo|Keldeo-Resolute|100\/100\n|switch|p2a: Mew|Mew|100\/100\n|turn|1\n|\n|t:|1666487432\n|move|p1a: Keldeo|Surf|p2a: Mew\n|-damage|p2a: Mew|41\/100\n|move|p2a: Mew|Taunt|p1a: Keldeo\n|-start|p1a: Keldeo|move: Taunt\n|\n|upkeep\n|turn|2\n|\n|t:|1666487436\n|move|p1a: Keldeo|Surf|p2a: Mew\n|-damage|p2a: Mew|0 fnt\n|faint|p2a: Mew\n|\n|upkeep\n|\n|t:|1666487440\n|switch|p2a: Crawdaunt|Crawdaunt, M|100\/100\n|turn|3\n|\n|t:|1666487445\n|move|p1a: Keldeo|Surf|p2a: Crawdaunt\n|-resisted|p2a: Crawdaunt\n|-damage|p2a: Crawdaunt|29\/100\n|move|p2a: Crawdaunt|Knock Off|p1a: Keldeo\n|-resisted|p1a: Keldeo\n|-damage|p1a: Keldeo|46\/100\n|-ability|p1a: Keldeo|Justified|boost\n|-boost|p1a: Keldeo|atk|1\n|-enditem|p1a: Keldeo|Choice Specs|[from] move: Knock Off|[of] p2a: Crawdaunt\n|-damage|p2a: Crawdaunt|19\/100|[from] item: Life Orb\n|\n|upkeep\n|turn|4\n|\n|t:|1666487452\n|move|p2a: Crawdaunt|Aqua Jet|p1a: Keldeo\n|-resisted|p1a: Keldeo\n|-damage|p1a: Keldeo|26\/100\n|-damage|p2a: Crawdaunt|9\/100|[from] item: Life Orb\n|move|p1a: Keldeo|Surf|p2a: Crawdaunt\n|-resisted|p2a: Crawdaunt\n|-damage|p2a: Crawdaunt|0 fnt\n|faint|p2a: Crawdaunt\n|\n|-end|p1a: Keldeo|move: Taunt\n|upkeep\n|\n|t:|1666487461\n|switch|p2a: Blacephalon|Blacephalon, shiny|100\/100\n|turn|5\n|j| LT_Alt1\n|inactive|Free Wifi Hotspot has 120 seconds left.\n|\n|t:|1666487508\n|move|p2a: Blacephalon|Shadow Ball|p1a: Keldeo\n|-damage|p1a: Keldeo|0 fnt\n|faint|p1a: Keldeo\n|-ability|p2a: Blacephalon|Beast Boost|boost\n|-boost|p2a: Blacephalon|spa|1\n|\n|upkeep\n|\n|t:|1666487515\n|switch|p1a: Slowking|Slowking-Galar, F|100\/100\n|turn|6\n|\n|t:|1666487519\n|move|p2a: Blacephalon|Shadow Ball|p1a: Slowking\n|-supereffective|p1a: Slowking\n|-damage|p1a: Slowking|24\/100\n|move|p1a: Slowking|Scald|p2a: Blacephalon\n|-supereffective|p2a: Blacephalon\n|-crit|p2a: Blacephalon\n|-damage|p2a: Blacephalon|0 fnt\n|faint|p2a: Blacephalon\n|\n|upkeep\n|\n|t:|1666487531\n|switch|p2a: Weavile|Weavile, M|100\/100\n|-ability|p2a: Weavile|Pressure\n|turn|7\n|\n|t:|1666487539\n|move|p2a: Weavile|Swords Dance|p2a: Weavile\n|-boost|p2a: Weavile|atk|2\n|move|p1a: Slowking|Flamethrower|p2a: Weavile\n|-supereffective|p2a: Weavile\n|-damage|p2a: Weavile|23\/100\n|\n|upkeep\n|turn|8\n|\n|t:|1666487545\n|move|p2a: Weavile|Knock Off|p1a: Slowking\n|-supereffective|p1a: Slowking\n|-damage|p1a: Slowking|0 fnt\n|-enditem|p1a: Slowking|Assault Vest|[from] move: Knock Off|[of] p2a: Weavile\n|faint|p1a: Slowking\n|-damage|p2a: Weavile|13\/100|[from] item: Life Orb\n|\n|upkeep\n|\n|t:|1666487548\n|switch|p1a: Tapu Lele|Tapu Lele|100\/100\n|-fieldstart|move: Psychic Terrain|[from] ability: Psychic Surge|[of] p1a: Tapu Lele\n|turn|9\n|\n|t:|1666487558\n|switch|p2a: Garchomp|Garchomp, M|100\/100\n|move|p1a: Tapu Lele|Moonblast|p2a: Garchomp\n|-supereffective|p2a: Garchomp\n|-damage|p2a: Garchomp|1\/100\n|\n|upkeep\n|turn|10\n|\n|t:|1666487564\n|move|p1a: Tapu Lele|Moonblast|p2a: Garchomp\n|-supereffective|p2a: Garchomp\n|-damage|p2a: Garchomp|0 fnt\n|faint|p2a: Garchomp\n|\n|upkeep\n|\n|t:|1666487565\n|switch|p2a: Celesteela|Celesteela|100\/100\n|turn|11\n|\n|t:|1666487572\n|move|p1a: Tapu Lele|Moonblast|p2a: Celesteela\n|-resisted|p2a: Celesteela\n|-damage|p2a: Celesteela|77\/100\n|move|p2a: Celesteela|Autotomize|p2a: Celesteela\n|-boost|p2a: Celesteela|spe|2\n|-start|p2a: Celesteela|Autotomize\n|\n|upkeep\n|turn|12\n|\n|t:|1666487597\n|switch|p1a: Landorus|Landorus-Therian, M|100\/100\n|-ability|p1a: Landorus|Intimidate|boost\n|-unboost|p2a: Celesteela|atk|1\n|move|p2a: Celesteela|Autotomize|p2a: Celesteela\n|-boost|p2a: Celesteela|spe|2\n|-start|p2a: Celesteela|Autotomize\n|\n|upkeep\n|turn|13\n|\n|t:|1666487600\n|move|p2a: Celesteela|Meteor Beam||[still]\n|-prepare|p2a: Celesteela|Meteor Beam\n|-boost|p2a: Celesteela|spa|1\n|-enditem|p2a: Celesteela|Power Herb\n|-anim|p2a: Celesteela|Meteor Beam|p1a: Landorus\n|-damage|p1a: Landorus|41\/100\n|move|p1a: Landorus|U-turn|p2a: Celesteela\n|-resisted|p2a: Celesteela\n|-damage|p2a: Celesteela|72\/100\n|\n|t:|1666487611\n|switch|p1a: Rillaboom|Rillaboom, F|100\/100|[from]move: U-turn\n|-fieldstart|move: Grassy Terrain|[from] ability: Grassy Surge|[of] p1a: Rillaboom\n|\n|upkeep\n|turn|14\n|\n|t:|1666487619\n|move|p2a: Celesteela|Air Slash|p1a: Rillaboom\n|-supereffective|p1a: Rillaboom\n|-damage|p1a: Rillaboom|0 fnt\n|faint|p1a: Rillaboom\n|-ability|p2a: Celesteela|Beast Boost|boost\n|-boost|p2a: Celesteela|spa|1\n|\n|upkeep\n|\n|t:|1666487627\n|switch|p1a: Dragapult|Dragapult, F|100\/100\n|turn|15\n|\n|t:|1666487630\n|move|p2a: Celesteela|Air Slash|p1a: Dragapult\n|-damage|p1a: Dragapult|0 fnt\n|faint|p1a: Dragapult\n|-ability|p2a: Celesteela|Beast Boost|boost\n|-boost|p2a: Celesteela|spa|1\n|\n|upkeep\n|\n|t:|1666487633\n|switch|p1a: Tapu Lele|Tapu Lele|100\/100\n|-fieldstart|move: Psychic Terrain|[from] ability: Psychic Surge|[of] p1a: Tapu Lele\n|turn|16\n|\n|t:|1666487636\n|move|p2a: Celesteela|Air Slash|p1a: Tapu Lele\n|-damage|p1a: Tapu Lele|0 fnt\n|faint|p1a: Tapu Lele\n|-ability|p2a: Celesteela|Beast Boost|boost\n|-boost|p2a: Celesteela|spa|1\n|\n|upkeep\n|\n|t:|1666487638\n|switch|p1a: Landorus|Landorus-Therian, M|41\/100\n|-ability|p1a: Landorus|Intimidate|boost\n|-unboost|p2a: Celesteela|atk|1\n|turn|17\n|\n|t:|1666487641\n|move|p2a: Celesteela|Flamethrower|p1a: Landorus\n|-damage|p1a: Landorus|0 fnt\n|faint|p1a: Landorus\n|\n|win|Kwaga\n|raw|Free Wifi Hotspot's rating: 1676 &rarr; <strong>1657<\/strong><br \/>(-19 for losing)\n|raw|Kwaga's rating: 1699 &rarr; <strong>1718<\/strong><br \/>(+19 for winning)\n","uploadtime":1666487643,"views":29,"p1id":"freewifihotspot","p2id":"kwaga","formatid":"gen8ou","rating":1657,"private":0,"password":null}