{"id":"gen8anythinggoes-1537837080","p1":"Rediyu","p2":"Elifrip","format":"gen8anythinggoes","log":"|j|\u2606Rediyu\n|j|\u2606Elifrip\n|t:|1648141286\n|gametype|singles\n|player|p1|Rediyu|guitarist|\n|player|p2|Elifrip|doubleteam|\n|teamsize|p1|6\n|teamsize|p2|6\n|gen|8\n|tier|[Gen 8] Anything Goes\n|rule|HP Percentage Mod: HP is shown in percentages\n|rule|Endless Battle Clause: Forcing endless battles is banned\n|clearpoke\n|poke|p1|Mantine, F|\n|poke|p1|Raikou|\n|poke|p1|Aegislash, M|\n|poke|p1|Coalossal, M|\n|poke|p1|Dragalge, F|\n|poke|p1|Buzzwole|\n|poke|p2|Celesteela|\n|poke|p2|Sylveon, F|\n|poke|p2|Volcarona, F|\n|poke|p2|Vikavolt, F|\n|poke|p2|Passimian, M|\n|poke|p2|Guzzlord|\n|teampreview\n|c|\u2606Elifrip|Glhf\n|c|\u2606Rediyu|u2\n|\n|t:|1648141390\n|start\n|switch|p1a: Tequila|Raikou|100\/100\n|switch|p2a: Vikavolt|Vikavolt, F|100\/100\n|-ability|p1a: Tequila|Pressure\n|turn|1\n|\n|t:|1648141411\n|move|p1a: Tequila|Volt Switch|p2a: Vikavolt\n|-resisted|p2a: Vikavolt\n|-damage|p2a: Vikavolt|71\/100\n|\n|t:|1648141413\n|switch|p1a: F Tier|Dragalge, F|100\/100|[from]move: Volt Switch\n|move|p2a: Vikavolt|Sticky Web|p1a: F Tier\n|-sidestart|p1: Rediyu|move: Sticky Web\n|\n|upkeep\n|turn|2\n|\n|t:|1648141432\n|move|p2a: Vikavolt|Volt Switch|p1a: F Tier\n|-resisted|p1a: F Tier\n|-damage|p1a: F Tier|91\/100\n|\n|t:|1648141445\n|switch|p2a: Guzzlord|Guzzlord|100\/100|[from]move: Volt Switch\n|move|p1a: F Tier|Flip Turn|p2a: Guzzlord\n|-resisted|p2a: Guzzlord\n|-damage|p2a: Guzzlord|96\/100\n|\n|t:|1648141488\n|switch|p1a: no birbs pls :c|Buzzwole|100\/100|[from]move: Flip Turn\n|-activate|p1a: no birbs pls :c|move: Sticky Web\n|-unboost|p1a: no birbs pls :c|spe|1\n|\n|upkeep\n|turn|3\n|\n|t:|1648141508\n|switch|p1a: uwu|Mantine, F|100\/100\n|switch|p2a: Vikavolt|Vikavolt, F|71\/100\n|\n|upkeep\n|turn|4\n|\n|t:|1648141522\n|switch|p1a: Tequila|Raikou|100\/100\n|-activate|p1a: Tequila|move: Sticky Web\n|-unboost|p1a: Tequila|spe|1\n|-ability|p1a: Tequila|Pressure\n|move|p2a: Vikavolt|Roost|p2a: Vikavolt\n|-heal|p2a: Vikavolt|100\/100\n|-singleturn|p2a: Vikavolt|move: Roost\n|\n|upkeep\n|turn|5\n|\n|t:|1648141531\n|move|p1a: Tequila|Shadow Ball|p2a: Vikavolt\n|-damage|p2a: Vikavolt|52\/100\n|move|p2a: Vikavolt|Volt Switch|p1a: Tequila\n|-resisted|p1a: Tequila\n|-damage|p1a: Tequila|83\/100\n|\n|t:|1648141592\n|switch|p2a: Sylveon|Sylveon, F|100\/100|[from]move: Volt Switch\n|\n|upkeep\n|turn|6\n|\n|t:|1648141629\n|switch|p1a: uwu|Mantine, F|100\/100\n|move|p2a: Sylveon|Shadow Ball|p1a: uwu\n|-damage|p1a: uwu|77\/100\n|\n|-heal|p1a: uwu|83\/100|[from] item: Leftovers\n|upkeep\n|turn|7\n|\n|t:|1648141657\n|switch|p2a: Vikavolt|Vikavolt, F|52\/100\n|move|p1a: uwu|Toxic|p2a: Vikavolt\n|-status|p2a: Vikavolt|tox\n|\n|-heal|p1a: uwu|90\/100|[from] item: Leftovers\n|-damage|p2a: Vikavolt|46\/100 tox|[from] psn\n|upkeep\n|turn|8\n|\n|t:|1648141668\n|switch|p1a: F Tier|Dragalge, F|91\/100\n|-activate|p1a: F Tier|move: Sticky Web\n|-unboost|p1a: F Tier|spe|1\n|move|p2a: Vikavolt|Roost|p2a: Vikavolt\n|-heal|p2a: Vikavolt|96\/100 tox\n|-singleturn|p2a: Vikavolt|move: Roost\n|\n|-damage|p2a: Vikavolt|83\/100 tox|[from] psn\n|upkeep\n|turn|9\n|\n|t:|1648141683\n|move|p2a: Vikavolt|Roost|p2a: Vikavolt\n|-heal|p2a: Vikavolt|100\/100 tox\n|-singleturn|p2a: Vikavolt|move: Roost\n|move|p1a: F Tier|Flip Turn|p2a: Vikavolt\n|-damage|p2a: Vikavolt|92\/100 tox\n|-damage|p1a: F Tier|75\/100|[from] item: Rocky Helmet|[of] p2a: Vikavolt\n|\n|t:|1648141692\n|switch|p1a: Tequila|Raikou|83\/100|[from]move: Flip Turn\n|-activate|p1a: Tequila|move: Sticky Web\n|-unboost|p1a: Tequila|spe|1\n|-ability|p1a: Tequila|Pressure\n|\n|-damage|p2a: Vikavolt|73\/100 tox|[from] psn\n|upkeep\n|turn|10\n|\n|t:|1648141702\n|move|p1a: Tequila|Shadow Ball|p2a: Vikavolt\n|-damage|p2a: Vikavolt|26\/100 tox\n|move|p2a: Vikavolt|Volt Switch|p1a: Tequila\n|-resisted|p1a: Tequila\n|-damage|p1a: Tequila|65\/100\n|\n|t:|1648141721\n|switch|p2a: Celesteela|Celesteela|100\/100|[from]move: Volt Switch\n|\n|upkeep\n|turn|11\n|\n|t:|1648141732\n|switch|p1a: uwu|Mantine, F|90\/100\n|move|p2a: Celesteela|Autotomize|p2a: Celesteela\n|-boost|p2a: Celesteela|spe|2\n|-start|p2a: Celesteela|Autotomize\n|\n|-heal|p1a: uwu|96\/100|[from] item: Leftovers\n|upkeep\n|turn|12\n|\n|t:|1648141747\n|switch|p2a: Sylveon|Sylveon, F|100\/100\n|move|p1a: uwu|Haze|p1a: uwu\n|-clearallboost\n|\n|-heal|p1a: uwu|100\/100|[from] item: Leftovers\n|upkeep\n|turn|13\n|\n|t:|1648141791\n|switch|p1a: Ostdeutschland|Coalossal, M|100\/100\n|-activate|p1a: Ostdeutschland|move: Sticky Web\n|-unboost|p1a: Ostdeutschland|spe|1\n|move|p2a: Sylveon|Hyper Voice|p1a: Ostdeutschland\n|-resisted|p1a: Ostdeutschland\n|-damage|p1a: Ostdeutschland|74\/100\n|\n|upkeep\n|turn|14\n|\n|t:|1648141805\n|switch|p2a: Vikavolt|Vikavolt, F|26\/100 tox\n|move|p1a: Ostdeutschland|Stealth Rock|p2a: Vikavolt\n|-sidestart|p2: Elifrip|move: Stealth Rock\n|\n|-damage|p2a: Vikavolt|19\/100 tox|[from] psn\n|upkeep\n|turn|15\n|\n|t:|1648141812\n|move|p2a: Vikavolt|Roost|p2a: Vikavolt\n|-heal|p2a: Vikavolt|69\/100 tox\n|-singleturn|p2a: Vikavolt|move: Roost\n|move|p1a: Ostdeutschland|Rock Tomb|p2a: Vikavolt\n|-supereffective|p2a: Vikavolt\n|-damage|p2a: Vikavolt|41\/100 tox\n|-unboost|p2a: Vikavolt|spe|1\n|\n|-damage|p2a: Vikavolt|29\/100 tox|[from] psn\n|upkeep\n|turn|16\n|\n|t:|1648141828\n|switch|p1a: Tequila|Raikou|65\/100\n|-activate|p1a: Tequila|move: Sticky Web\n|-unboost|p1a: Tequila|spe|1\n|-ability|p1a: Tequila|Pressure\n|move|p2a: Vikavolt|Energy Ball|p1a: Tequila\n|-damage|p1a: Tequila|33\/100\n|\n|-damage|p2a: Vikavolt|10\/100 tox|[from] psn\n|upkeep\n|turn|17\n|\n|t:|1648141837\n|move|p1a: Tequila|Volt Switch|p2a: Vikavolt\n|-resisted|p2a: Vikavolt\n|-damage|p2a: Vikavolt|0 fnt\n|faint|p2a: Vikavolt\n|\n|t:|1648141857\n|switch|p1a: uwu|Mantine, F|100\/100|[from]move: Volt Switch\n|\n|upkeep\n|\n|t:|1648141882\n|switch|p2a: Guzzlord|Guzzlord|96\/100\n|-damage|p2a: Guzzlord|83\/100|[from] Stealth Rock\n|turn|18\n|\n|t:|1648141890\n|switch|p1a: no birbs pls :c|Buzzwole|100\/100\n|-activate|p1a: no birbs pls :c|move: Sticky Web\n|-unboost|p1a: no birbs pls :c|spe|1\n|switch|p2a: Sylveon|Sylveon, F|100\/100\n|-damage|p2a: Sylveon|88\/100|[from] Stealth Rock\n|\n|upkeep\n|turn|19\n|\n|t:|1648141913\n|switch|p2a: Passimian|Passimian, M|100\/100\n|-damage|p2a: Passimian|94\/100|[from] Stealth Rock\n|switch|p1a: Ostdeutschland|Coalossal, M|74\/100\n|-activate|p1a: Ostdeutschland|move: Sticky Web\n|-unboost|p1a: Ostdeutschland|spe|1\n|\n|upkeep\n|turn|20\n|\n|t:|1648141923\n|switch|p1a: no birbs pls :c|Buzzwole|100\/100\n|-activate|p1a: no birbs pls :c|move: Sticky Web\n|-unboost|p1a: no birbs pls :c|spe|1\n|move|p2a: Passimian|Aerial Ace|p1a: no birbs pls :c\n|-supereffective|p1a: no birbs pls :c\n|-crit|p1a: no birbs pls :c\n|-damage|p1a: no birbs pls :c|30\/100\n|-damage|p2a: Passimian|78\/100|[from] item: Rocky Helmet|[of] p1a: no birbs pls :c\n|\n|upkeep\n|turn|21\n|\n|t:|1648141988\n|switch|p2a: Guzzlord|Guzzlord|83\/100\n|-damage|p2a: Guzzlord|71\/100|[from] Stealth Rock\n|switch|p1a: Ostdeutschland|Coalossal, M|74\/100\n|-activate|p1a: Ostdeutschland|move: Sticky Web\n|-unboost|p1a: Ostdeutschland|spe|1\n|\n|upkeep\n|turn|22\n|\n|t:|1648142018\n|switch|p1a: no birbs pls :c|Buzzwole|30\/100\n|-activate|p1a: no birbs pls :c|move: Sticky Web\n|-unboost|p1a: no birbs pls :c|spe|1\n|move|p2a: Guzzlord|Dragon Claw|p1a: no birbs pls :c\n|-damage|p1a: no birbs pls :c|0 fnt\n|-damage|p2a: Guzzlord|54\/100|[from] item: Rocky Helmet|[of] p1a: no birbs pls :c\n|faint|p1a: no birbs pls :c\n|-ability|p2a: Guzzlord|Beast Boost|boost\n|-boost|p2a: Guzzlord|atk|1\n|\n|upkeep\n|\n|t:|1648142049\n|switch|p1a: Gen8|Aegislash, M|100\/100\n|-activate|p1a: Gen8|move: Sticky Web\n|-unboost|p1a: Gen8|spe|1\n|turn|23\n|\n|t:|1648142069\n|move|p2a: Guzzlord|Dragon Claw|p1a: Gen8\n|-resisted|p1a: Gen8\n|-damage|p1a: Gen8|67\/100\n|-formechange|p1a: Gen8|Aegislash-Blade||[from] ability: Stance Change\n|move|p1a: Gen8|Close Combat|p2a: Guzzlord\n|-supereffective|p2a: Guzzlord\n|-damage|p2a: Guzzlord|0 fnt\n|-unboost|p1a: Gen8|def|1\n|-unboost|p1a: Gen8|spd|1\n|faint|p2a: Guzzlord\n|-damage|p1a: Gen8|57\/100|[from] item: Life Orb\n|\n|upkeep\n|\n|t:|1648142088\n|switch|p2a: Passimian|Passimian, M|78\/100\n|-damage|p2a: Passimian|72\/100|[from] Stealth Rock\n|turn|24\n|\n|t:|1648142117\n|switch|p1a: F Tier|Dragalge, F|75\/100\n|-activate|p1a: F Tier|move: Sticky Web\n|-unboost|p1a: F Tier|spe|1\n|move|p2a: Passimian|Knock Off|p1a: F Tier\n|-damage|p1a: F Tier|37\/100\n|-enditem|p1a: F Tier|Assault Vest|[from] move: Knock Off|[of] p2a: Passimian\n|\n|upkeep\n|turn|25\n|\n|t:|1648142142\n|switch|p2a: Celesteela|Celesteela|100\/100\n|-damage|p2a: Celesteela|88\/100|[from] Stealth Rock\n|move|p1a: F Tier|Sludge Bomb|p2a: Celesteela\n|-immune|p2a: Celesteela\n|\n|upkeep\n|turn|26\n|\n|t:|1648142150\n|move|p2a: Celesteela|Earthquake|p1a: F Tier\n|-supereffective|p1a: F Tier\n|-damage|p1a: F Tier|0 fnt\n|faint|p1a: F Tier\n|-ability|p2a: Celesteela|Beast Boost|boost\n|-boost|p2a: Celesteela|atk|1\n|\n|upkeep\n|\n|t:|1648142153\n|switch|p1a: Tequila|Raikou|33\/100\n|-activate|p1a: Tequila|move: Sticky Web\n|-unboost|p1a: Tequila|spe|1\n|-ability|p1a: Tequila|Pressure\n|turn|27\n|\n|t:|1648142189\n|move|p1a: Tequila|Thunderbolt|p2a: Celesteela\n|-supereffective|p2a: Celesteela\n|-damage|p2a: Celesteela|0 fnt\n|faint|p2a: Celesteela\n|\n|upkeep\n|\n|t:|1648142199\n|switch|p2a: Sylveon|Sylveon, F|88\/100\n|-damage|p2a: Sylveon|76\/100|[from] Stealth Rock\n|turn|28\n|\n|t:|1648142221\n|move|p1a: Tequila|Thunderbolt|p2a: Sylveon\n|-damage|p2a: Sylveon|24\/100\n|move|p2a: Sylveon|Shadow Ball|p1a: Tequila\n|-damage|p1a: Tequila|0 fnt\n|faint|p1a: Tequila\n|\n|upkeep\n|\n|t:|1648142256\n|switch|p1a: Gen8|Aegislash, M|57\/100\n|-activate|p1a: Gen8|move: Sticky Web\n|-unboost|p1a: Gen8|spe|1\n|turn|29\n|\n|t:|1648142324\n|-formechange|p1a: Gen8|Aegislash-Blade||[from] ability: Stance Change\n|move|p1a: Gen8|Shadow Sneak|p2a: Sylveon\n|-damage|p2a: Sylveon|0 fnt\n|faint|p2a: Sylveon\n|-damage|p1a: Gen8|47\/100|[from] item: Life Orb\n|\n|upkeep\n|\n|t:|1648142336\n|switch|p2a: Passimian|Passimian, M|72\/100\n|-damage|p2a: Passimian|66\/100|[from] Stealth Rock\n|turn|30\n|\n|t:|1648142401\n|switch|p2a: Volcarona|Volcarona, F|100\/100\n|switch|p1a: Ostdeutschland|Coalossal, M|74\/100\n|-activate|p1a: Ostdeutschland|move: Sticky Web\n|-unboost|p1a: Ostdeutschland|spe|1\n|\n|upkeep\n|turn|31\n|\n|t:|1648142409\n|switch|p2a: Passimian|Passimian, M|66\/100\n|-damage|p2a: Passimian|59\/100|[from] Stealth Rock\n|move|p1a: Ostdeutschland|Rock Tomb|p2a: Passimian|[miss]\n|-miss|p1a: Ostdeutschland|p2a: Passimian\n|\n|upkeep\n|turn|32\n|\n|t:|1648142420\n|move|p2a: Passimian|U-turn|p1a: Ostdeutschland\n|-resisted|p1a: Ostdeutschland\n|-damage|p1a: Ostdeutschland|67\/100\n|\n|t:|1648142423\n|switch|p2a: Volcarona|Volcarona, F|100\/100|[from]move: U-turn\n|move|p1a: Ostdeutschland|Heavy Slam|p2a: Volcarona\n|-resisted|p2a: Volcarona\n|-damage|p2a: Volcarona|78\/100\n|\n|upkeep\n|turn|33\n|\n|t:|1648142430\n|switch|p2a: Passimian|Passimian, M|59\/100\n|-damage|p2a: Passimian|53\/100|[from] Stealth Rock\n|move|p1a: Ostdeutschland|Heavy Slam|p2a: Passimian\n|-damage|p2a: Passimian|33\/100\n|\n|upkeep\n|turn|34\n|\n|t:|1648142462\n|switch|p1a: uwu|Mantine, F|100\/100\n|move|p2a: Passimian|Close Combat|p1a: uwu\n|-resisted|p1a: uwu\n|-damage|p1a: uwu|73\/100\n|-unboost|p2a: Passimian|def|1\n|-unboost|p2a: Passimian|spd|1\n|\n|-heal|p1a: uwu|80\/100|[from] item: Leftovers\n|upkeep\n|turn|35\n|\n|t:|1648142480\n|move|p2a: Passimian|Close Combat|p1a: uwu\n|-resisted|p1a: uwu\n|-damage|p1a: uwu|51\/100\n|-unboost|p2a: Passimian|def|1\n|-unboost|p2a: Passimian|spd|1\n|move|p1a: uwu|Toxic|p2a: Passimian\n|-status|p2a: Passimian|tox\n|\n|-heal|p1a: uwu|57\/100|[from] item: Leftovers\n|-damage|p2a: Passimian|27\/100 tox|[from] psn\n|upkeep\n|turn|36\n|\n|t:|1648142489\n|move|p2a: Passimian|Close Combat|p1a: uwu\n|-resisted|p1a: uwu\n|-damage|p1a: uwu|31\/100\n|-unboost|p2a: Passimian|def|1\n|-unboost|p2a: Passimian|spd|1\n|move|p1a: uwu|Roost|p1a: uwu\n|-heal|p1a: uwu|81\/100\n|-singleturn|p1a: uwu|move: Roost\n|\n|-heal|p1a: uwu|87\/100|[from] item: Leftovers\n|-damage|p2a: Passimian|15\/100 tox|[from] psn\n|upkeep\n|turn|37\n|\n|t:|1648142500\n|move|p2a: Passimian|Close Combat|p1a: uwu\n|-resisted|p1a: uwu\n|-damage|p1a: uwu|58\/100\n|-unboost|p2a: Passimian|def|1\n|-unboost|p2a: Passimian|spd|1\n|move|p1a: uwu|Roost|p1a: uwu\n|-heal|p1a: uwu|100\/100\n|-singleturn|p1a: uwu|move: Roost\n|\n|-damage|p2a: Passimian|0 fnt|[from] psn\n|faint|p2a: Passimian\n|upkeep\n|\n|t:|1648142527\n|switch|p2a: Volcarona|Volcarona, F|78\/100\n|turn|38\n|\n|t:|1648142531\n|move|p2a: Volcarona|Quiver Dance|p2a: Volcarona\n|-boost|p2a: Volcarona|spa|1\n|-boost|p2a: Volcarona|spd|1\n|-boost|p2a: Volcarona|spe|1\n|move|p1a: uwu|Toxic|p2a: Volcarona\n|-status|p2a: Volcarona|tox\n|\n|-damage|p2a: Volcarona|72\/100 tox|[from] psn\n|upkeep\n|turn|39\n|\n|t:|1648142539\n|move|p2a: Volcarona|Wild Charge|p1a: uwu\n|-supereffective|p1a: uwu\n|-crit|p1a: uwu\n|-damage|p1a: uwu|25\/100\n|-damage|p2a: Volcarona|49\/100 tox|[from] Recoil\n|move|p1a: uwu|Haze|p1a: uwu\n|-clearallboost\n|\n|-heal|p1a: uwu|32\/100|[from] item: Leftovers\n|-damage|p2a: Volcarona|37\/100 tox|[from] psn\n|upkeep\n|turn|40\n|\n|t:|1648142550\n|switch|p1a: Ostdeutschland|Coalossal, M|67\/100\n|-activate|p1a: Ostdeutschland|move: Sticky Web\n|-unboost|p1a: Ostdeutschland|spe|1\n|move|p2a: Volcarona|Wild Charge|p1a: Ostdeutschland\n|-damage|p1a: Ostdeutschland|57\/100\n|-damage|p2a: Volcarona|34\/100 tox|[from] Recoil\n|\n|-damage|p2a: Volcarona|15\/100 tox|[from] psn\n|upkeep\n|turn|41\n|\n|t:|1648142559\n|move|p2a: Volcarona|Bug Buzz|p1a: Ostdeutschland\n|-resisted|p1a: Ostdeutschland\n|-damage|p1a: Ostdeutschland|38\/100\n|move|p1a: Ostdeutschland|Rock Tomb|p2a: Volcarona\n|-supereffective|p2a: Volcarona\n|-damage|p2a: Volcarona|0 fnt\n|faint|p2a: Volcarona\n|\n|win|Rediyu\n|c|\u2606Rediyu|gg\n|c|\u2606Elifrip|Gg\n","uploadtime":1648142566,"views":14,"p1id":"rediyu","p2id":"elifrip","formatid":"gen8anythinggoes","rating":0,"private":0,"password":null}