{"id":"gen8ou-1631753727","p1":"reionatro","p2":"LT91BB Samqian","format":"gen8ou","log":"|j|\u2606reionatro\n|j|\u203dLT91BB Samqian\n|t:|1659575214\n|gametype|singles\n|player|p1|reionatro|2|1861\n|player|p2|LT91BB Samqian|102|1953\n|teamsize|p1|6\n|teamsize|p2|6\n|gen|8\n|tier|[Gen 8] OU\n|rated|\n|rule|Sleep Clause Mod: Limit one foe put to sleep\n|rule|Species Clause: Limit one of each Pok\u00e9mon\n|rule|OHKO Clause: OHKO moves are banned\n|rule|Evasion Moves Clause: Evasion moves are banned\n|rule|Endless Battle Clause: Forcing endless battles is banned\n|rule|HP Percentage Mod: HP is shown in percentages\n|rule|Dynamax Clause: You cannot dynamax\n|clearpoke\n|poke|p1|Nihilego|\n|poke|p1|Zapdos-Galar|\n|poke|p1|Kartana|\n|poke|p1|Celesteela|\n|poke|p1|Garchomp, F|\n|poke|p1|Tapu Fini|\n|poke|p2|Landorus-Therian, M|\n|poke|p2|Heatran, F|\n|poke|p2|Rotom-Wash|\n|poke|p2|Buzzwole|\n|poke|p2|Slowking-Galar, M|\n|poke|p2|Weavile, F|\n|teampreview\n|c|\u2606reionatro|hf\n|j| Arrito\n|inactive|Battle timer is ON: inactive players will automatically lose when time's up. (requested by LT91BB Samqian)\n|inactive|reionatro has 120 seconds left.\n|\n|t:|1659575274\n|start\n|switch|p1a: Kartana|Kartana|100\/100\n|switch|p2a: Buzzwole|Buzzwole|100\/100\n|turn|1\n|\n|t:|1659575280\n|switch|p1a: Tapu Fini|Tapu Fini|100\/100\n|-fieldstart|move: Misty Terrain|[from] ability: Misty Surge|[of] p1a: Tapu Fini\n|move|p2a: Buzzwole|Close Combat|p1a: Tapu Fini\n|-resisted|p1a: Tapu Fini\n|-damage|p1a: Tapu Fini|79\/100\n|-unboost|p2a: Buzzwole|def|1\n|-unboost|p2a: Buzzwole|spd|1\n|\n|-heal|p1a: Tapu Fini|85\/100|[from] item: Leftovers\n|upkeep\n|turn|2\n|\n|t:|1659575295\n|switch|p1a: Kartana|Kartana|100\/100\n|switch|p2a: Rotom|Rotom-Wash|100\/100\n|\n|upkeep\n|turn|3\n|\n|t:|1659575299\n|switch|p2a: Buzzwole|Buzzwole|100\/100\n|move|p1a: Kartana|Leaf Blade|p2a: Buzzwole\n|-resisted|p2a: Buzzwole\n|-damage|p2a: Buzzwole|85\/100\n|-damage|p1a: Kartana|84\/100|[from] item: Rocky Helmet|[of] p2a: Buzzwole\n|\n|upkeep\n|turn|4\n|\n|t:|1659575303\n|switch|p1a: Tapu Fini|Tapu Fini|85\/100\n|move|p2a: Buzzwole|Roost|p2a: Buzzwole\n|-heal|p2a: Buzzwole|100\/100\n|-singleturn|p2a: Buzzwole|move: Roost\n|\n|-heal|p1a: Tapu Fini|91\/100|[from] item: Leftovers\n|upkeep\n|turn|5\n|\n|t:|1659575316\n|switch|p2a: Heatran|Heatran, F|100\/100\n|move|p1a: Tapu Fini|Calm Mind|p1a: Tapu Fini\n|-boost|p1a: Tapu Fini|spa|1\n|-boost|p1a: Tapu Fini|spd|1\n|\n|-heal|p1a: Tapu Fini|97\/100|[from] item: Leftovers\n|-fieldend|Misty Terrain\n|upkeep\n|turn|6\n|\n|t:|1659575319\n|switch|p2a: Slowking|Slowking-Galar, M|100\/100\n|move|p1a: Tapu Fini|Scald|p2a: Slowking\n|-damage|p2a: Slowking|78\/100\n|-status|p2a: Slowking|brn\n|\n|-heal|p1a: Tapu Fini|100\/100|[from] item: Leftovers\n|-damage|p2a: Slowking|72\/100 brn|[from] brn\n|upkeep\n|turn|7\n|\n|t:|1659575344\n|move|p1a: Tapu Fini|Scald|p2a: Slowking\n|-damage|p2a: Slowking|49\/100 brn\n|move|p2a: Slowking|Sludge Bomb|p1a: Tapu Fini\n|-supereffective|p1a: Tapu Fini\n|-damage|p1a: Tapu Fini|54\/100\n|\n|-heal|p1a: Tapu Fini|61\/100|[from] item: Leftovers\n|-damage|p2a: Slowking|43\/100 brn|[from] brn\n|upkeep\n|turn|8\n|\n|t:|1659575359\n|move|p1a: Tapu Fini|Scald|p2a: Slowking\n|-damage|p2a: Slowking|23\/100 brn\n|move|p2a: Slowking|Sludge Bomb|p1a: Tapu Fini\n|-supereffective|p1a: Tapu Fini\n|-damage|p1a: Tapu Fini|11\/100\n|\n|-heal|p1a: Tapu Fini|17\/100|[from] item: Leftovers\n|-damage|p2a: Slowking|17\/100 brn|[from] brn\n|upkeep\n|turn|9\n|\n|t:|1659575366\n|switch|p2a: Rotom|Rotom-Wash|100\/100\n|move|p1a: Tapu Fini|Scald|p2a: Rotom\n|-resisted|p2a: Rotom\n|-damage|p2a: Rotom|84\/100\n|\n|-heal|p1a: Tapu Fini|23\/100|[from] item: Leftovers\n|-heal|p2a: Rotom|91\/100|[from] item: Leftovers\n|upkeep\n|turn|10\n|\n|t:|1659575374\n|switch|p1a: Garchomp|Garchomp, F|100\/100\n|move|p2a: Rotom|Volt Switch|p1a: Garchomp\n|-immune|p1a: Garchomp\n|\n|-heal|p2a: Rotom|97\/100|[from] item: Leftovers\n|upkeep\n|turn|11\n|\n|t:|1659575382\n|switch|p2a: Landorus|Landorus-Therian, M|100\/100\n|-ability|p2a: Landorus|Intimidate|boost\n|-unboost|p1a: Garchomp|atk|1\n|move|p1a: Garchomp|Stealth Rock|p2a: Landorus\n|-sidestart|p2: LT91BB Samqian|move: Stealth Rock\n|\n|upkeep\n|turn|12\n|\n|t:|1659575388\n|move|p1a: Garchomp|Toxic|p2a: Landorus\n|-status|p2a: Landorus|tox\n|move|p2a: Landorus|Knock Off|p1a: Garchomp\n|-damage|p1a: Garchomp|73\/100\n|-damage|p2a: Landorus|88\/100 tox|[from] ability: Rough Skin|[of] p1a: Garchomp\n|-damage|p2a: Landorus|72\/100 tox|[from] item: Rocky Helmet|[of] p1a: Garchomp\n|-enditem|p1a: Garchomp|Rocky Helmet|[from] move: Knock Off|[of] p2a: Landorus\n|\n|-heal|p2a: Landorus|78\/100 tox|[from] item: Leftovers\n|-damage|p2a: Landorus|72\/100 tox|[from] psn\n|upkeep\n|turn|13\n|\n|t:|1659575394\n|switch|p1a: Zapdos|Zapdos-Galar|100\/100\n|move|p2a: Landorus|U-turn|p1a: Zapdos\n|-resisted|p1a: Zapdos\n|-damage|p1a: Zapdos|94\/100\n|\n|t:|1659575396\n|switch|p2a: Weavile|Weavile, F|100\/100|[from]move: U-turn\n|-ability|p2a: Weavile|Pressure\n|\n|upkeep\n|turn|14\n|\n|t:|1659575408\n|switch|p1a: Tapu Fini|Tapu Fini|23\/100\n|-fieldstart|move: Misty Terrain|[from] ability: Misty Surge|[of] p1a: Tapu Fini\n|move|p2a: Weavile|Triple Axel|p1a: Tapu Fini\n|-resisted|p1a: Tapu Fini\n|-damage|p1a: Tapu Fini|20\/100\n|-resisted|p1a: Tapu Fini\n|-damage|p1a: Tapu Fini|12\/100\n|-resisted|p1a: Tapu Fini\n|-damage|p1a: Tapu Fini|1\/100\n|-hitcount|p1a: Tapu Fini|3\n|\n|-heal|p1a: Tapu Fini|7\/100|[from] item: Leftovers\n|upkeep\n|turn|15\n|\n|t:|1659575411\n|move|p2a: Weavile|Knock Off|p1a: Tapu Fini\n|-resisted|p1a: Tapu Fini\n|-damage|p1a: Tapu Fini|0 fnt\n|-enditem|p1a: Tapu Fini|Leftovers|[from] move: Knock Off|[of] p2a: Weavile\n|faint|p1a: Tapu Fini\n|\n|upkeep\n|\n|t:|1659575424\n|switch|p1a: Kartana|Kartana|84\/100\n|turn|16\n|\n|t:|1659575433\n|switch|p2a: Buzzwole|Buzzwole|100\/100\n|-damage|p2a: Buzzwole|88\/100|[from] Stealth Rock\n|move|p1a: Kartana|Knock Off|p2a: Buzzwole\n|-resisted|p2a: Buzzwole\n|-damage|p2a: Buzzwole|77\/100\n|-damage|p1a: Kartana|67\/100|[from] item: Rocky Helmet|[of] p2a: Buzzwole\n|-enditem|p2a: Buzzwole|Rocky Helmet|[from] move: Knock Off|[of] p1a: Kartana\n|\n|upkeep\n|turn|17\n|\n|t:|1659575442\n|switch|p1a: Garchomp|Garchomp, F|73\/100\n|move|p2a: Buzzwole|Ice Punch|p1a: Garchomp\n|-supereffective|p1a: Garchomp\n|-damage|p1a: Garchomp|2\/100\n|-damage|p2a: Buzzwole|64\/100|[from] ability: Rough Skin|[of] p1a: Garchomp\n|\n|upkeep\n|turn|18\n|\n|t:|1659575449\n|move|p1a: Garchomp|Fire Blast|p2a: Buzzwole\n|-supereffective|p2a: Buzzwole\n|-damage|p2a: Buzzwole|9\/100\n|move|p2a: Buzzwole|Roost|p2a: Buzzwole\n|-heal|p2a: Buzzwole|59\/100\n|-singleturn|p2a: Buzzwole|move: Roost\n|\n|-fieldend|Misty Terrain\n|upkeep\n|turn|19\n|\n|t:|1659575455\n|switch|p2a: Landorus|Landorus-Therian, M|72\/100 tox\n|-damage|p2a: Landorus|59\/100 tox|[from] Stealth Rock\n|-ability|p2a: Landorus|Intimidate|boost\n|-unboost|p1a: Garchomp|atk|1\n|move|p1a: Garchomp|Fire Blast|p2a: Landorus\n|-damage|p2a: Landorus|44\/100 tox\n|\n|-heal|p2a: Landorus|50\/100 tox|[from] item: Leftovers\n|-damage|p2a: Landorus|44\/100 tox|[from] psn\n|upkeep\n|turn|20\n|\n|t:|1659575466\n|switch|p1a: Zapdos|Zapdos-Galar|94\/100\n|move|p2a: Landorus|Defog|p1a: Zapdos\n|-unboost|p1a: Zapdos|evasion|1\n|-ability|p1a: Zapdos|Defiant\n|-boost|p1a: Zapdos|atk|2\n|-sideend|p2: LT91BB Samqian|Stealth Rock|[from] move: Defog|[of] p2a: Landorus\n|\n|-heal|p2a: Landorus|50\/100 tox|[from] item: Leftovers\n|-damage|p2a: Landorus|38\/100 tox|[from] psn\n|upkeep\n|turn|21\n|\n|t:|1659575495\n|move|p1a: Zapdos|Close Combat|p2a: Landorus\n|-resisted|p2a: Landorus\n|-damage|p2a: Landorus|0 fnt\n|-unboost|p1a: Zapdos|def|1\n|-unboost|p1a: Zapdos|spd|1\n|faint|p2a: Landorus\n|\n|upkeep\n|\n|t:|1659575501\n|switch|p2a: Weavile|Weavile, F|100\/100\n|-ability|p2a: Weavile|Pressure\n|turn|22\n|\n|t:|1659575509\n|move|p2a: Weavile|Triple Axel|p1a: Zapdos\n|-supereffective|p1a: Zapdos\n|-damage|p1a: Zapdos|60\/100\n|-supereffective|p1a: Zapdos\n|-damage|p1a: Zapdos|0 fnt\n|faint|p1a: Zapdos\n|-hitcount|p1: Zapdos|2\n|\n|upkeep\n|\n|t:|1659575529\n|switch|p1a: Kartana|Kartana|67\/100\n|turn|23\n|inactive|reionatro has 120 seconds left.\n|inactive|reionatro has 90 seconds left.\n|\n|t:|1659575576\n|switch|p2a: Buzzwole|Buzzwole|59\/100\n|move|p1a: Kartana|Smart Strike|p2a: Buzzwole\n|-damage|p2a: Buzzwole|35\/100\n|\n|upkeep\n|turn|24\n|\n|t:|1659575583\n|switch|p1a: Garchomp|Garchomp, F|2\/100\n|move|p2a: Buzzwole|Roost|p2a: Buzzwole\n|-heal|p2a: Buzzwole|85\/100\n|-singleturn|p2a: Buzzwole|move: Roost\n|\n|upkeep\n|turn|25\n|inactive|reionatro has 90 seconds left.\n|\n|t:|1659575612\n|move|p1a: Garchomp|Earthquake|p2a: Buzzwole\n|-resisted|p2a: Buzzwole\n|-damage|p2a: Buzzwole|74\/100\n|move|p2a: Buzzwole|Toxic|p1a: Garchomp\n|-status|p1a: Garchomp|tox\n|\n|-damage|p1a: Garchomp|0 fnt|[from] psn\n|faint|p1a: Garchomp\n|upkeep\n|\n|t:|1659575623\n|switch|p1a: Nihilego|Nihilego|100\/100\n|turn|26\n|\n|t:|1659575630\n|switch|p2a: Heatran|Heatran, F|100\/100\n|move|p1a: Nihilego|Meteor Beam||[still]\n|-prepare|p1a: Nihilego|Meteor Beam\n|-boost|p1a: Nihilego|spa|1\n|-enditem|p1a: Nihilego|Power Herb\n|-anim|p1a: Nihilego|Meteor Beam|p2a: Heatran\n|-damage|p2a: Heatran|36\/100\n|\n|-heal|p2a: Heatran|43\/100|[from] item: Leftovers\n|upkeep\n|turn|27\n|inactive|reionatro has 90 seconds left.\n|\n|t:|1659575639\n|move|p1a: Nihilego|Power Gem|p2a: Heatran\n|-damage|p2a: Heatran|0 fnt\n|faint|p2a: Heatran\n|-ability|p1a: Nihilego|Beast Boost|boost\n|-boost|p1a: Nihilego|spe|1\n|\n|upkeep\n|j| atvin\n|\n|t:|1659575648\n|switch|p2a: Slowking|Slowking-Galar, M|50\/100 brn\n|turn|28\n|inactive|reionatro has 90 seconds left.\n|\n|t:|1659575676\n|move|p1a: Nihilego|Meteor Beam||[still]\n|-prepare|p1a: Nihilego|Meteor Beam\n|-boost|p1a: Nihilego|spa|1\n|move|p2a: Slowking|Scald|p1a: Nihilego\n|-supereffective|p1a: Nihilego\n|-damage|p1a: Nihilego|58\/100\n|\n|-damage|p2a: Slowking|44\/100 brn|[from] brn\n|upkeep\n|turn|29\n|\n|t:|1659575684\n|move|p1a: Nihilego|Meteor Beam|p2a: Slowking|[from]lockedmove\n|-damage|p2a: Slowking|0 fnt\n|faint|p2a: Slowking\n|-ability|p1a: Nihilego|Beast Boost|boost\n|-boost|p1a: Nihilego|spe|1\n|\n|upkeep\n|\n|t:|1659575686\n|switch|p2a: Rotom|Rotom-Wash|97\/100\n|turn|30\n|inactive|reionatro has 90 seconds left.\n|\n|t:|1659575705\n|move|p1a: Nihilego|Sludge Wave|p2a: Rotom\n|-damage|p2a: Rotom|18\/100\n|move|p2a: Rotom|Hydro Pump|p1a: Nihilego|[miss]\n|-miss|p2a: Rotom|p1a: Nihilego\n|\n|-heal|p2a: Rotom|24\/100|[from] item: Leftovers\n|upkeep\n|turn|31\n|\n|t:|1659575710\n|move|p1a: Nihilego|Sludge Wave|p2a: Rotom\n|-damage|p2a: Rotom|0 fnt\n|faint|p2a: Rotom\n|-ability|p1a: Nihilego|Beast Boost|boost\n|-boost|p1a: Nihilego|spe|1\n|\n|upkeep\n|\n|t:|1659575713\n|switch|p2a: Buzzwole|Buzzwole|74\/100\n|turn|32\n|\n|t:|1659575717\n|move|p1a: Nihilego|Power Gem|p2a: Buzzwole\n|-damage|p2a: Buzzwole|0 fnt\n|faint|p2a: Buzzwole\n|-ability|p1a: Nihilego|Beast Boost|boost\n|-boost|p1a: Nihilego|spe|1\n|\n|upkeep\n|-message|LT91BB Samqian forfeited.\n|\n|win|reionatro\n|raw|reionatro's rating: 1861 &rarr; <strong>1886<\/strong><br \/>(+25 for winning)\n|raw|LT91BB Samqian's rating: 1953 &rarr; <strong>1928<\/strong><br \/>(-25 for losing)\n|c|\u2606reionatro|gg\n|l|\u2606reionatro\n|l|\u203dLT91BB Samqian\n||Ladder isn't responding, score probably updated but might not have (Request timeout).\n|j|\u2606reionatro\n|player|p1|reionatro|2\n","uploadtime":1659575778,"views":58,"p1id":"reionatro","p2id":"lt91bbsamqian","formatid":"gen8ou","rating":1886,"private":0,"password":null}