{"id":"gen8ou-1134758598","p1":"ranitidine","p2":"testotesto321","format":"gen8ou","log":"|j|\u2606ranitidine\n|j|\u2606testotesto321\n|player|p1|ranitidine|acetrainer-gen4dp|1740\n|player|p2|testotesto321|bellelba|1749\n|teamsize|p1|6\n|teamsize|p2|6\n|gametype|singles\n|gen|8\n|tier|[Gen 8] OU\n|rated|\n|clearpoke\n|poke|p1|Azumarill, F|\n|poke|p1|Klefki, F|\n|poke|p1|Bisharp, F|\n|poke|p1|Hawlucha, F|\n|poke|p1|Kyurem|\n|poke|p1|Excadrill, F|\n|poke|p2|Alakazam, F|\n|poke|p2|Cinderace, F|\n|poke|p2|Clefable, F|\n|poke|p2|Chansey, F|\n|poke|p2|Mandibuzz, F|\n|poke|p2|Toxapex, F|\n|rule|Sleep Clause Mod: Limit one foe put to sleep\n|rule|Species Clause: Limit one of each Pok\u00e9mon\n|rule|OHKO Clause: OHKO moves are banned\n|rule|Evasion Moves Clause: Evasion moves are banned\n|rule|Endless Battle Clause: Forcing endless battles is banned\n|rule|HP Percentage Mod: HP is shown in percentages\n|rule|Dynamax Clause: You cannot dynamax\n|teampreview\n|j| im pregnant lmao\n|j| Moonscales \u98db\u4fe1\n|j| EnzoLapras\n|j| DevilishGreg\n|\n|start\n|switch|p1a: Excadrill|Excadrill, F|100\/100\n|switch|p2a: Cinderace|Cinderace, F|100\/100\n|-ability|p1a: Excadrill|Mold Breaker\n|turn|1\n|inactive|Battle timer is ON: inactive players will automatically lose when time's up. (requested by ranitidine)\n|\n|switch|p2a: Mandibuzz|Mandibuzz, F|100\/100\n|move|p1a: Excadrill|Earthquake|p2a: Mandibuzz\n|-immune|p2a: Mandibuzz\n|\n|upkeep\n|turn|2\n|j| fsjhk\n|\n|move|p1a: Excadrill|Stealth Rock|p2a: Mandibuzz\n|-sidestart|p2: testotesto321|move: Stealth Rock\n|move|p2a: Mandibuzz|Foul Play|p1a: Excadrill\n|-damage|p1a: Excadrill|31\/100\n|\n|upkeep\n|turn|3\n|j| angelscruelthesis\n|\n|switch|p1a: Kyurem|Kyurem|100\/100\n|-ability|p1a: Kyurem|Pressure\n|move|p2a: Mandibuzz|U-turn|p1a: Kyurem\n|-damage|p1a: Kyurem|90\/100\n|\n|switch|p2a: Clefable|Clefable, F, shiny|100\/100|[from]move: U-turn\n|\n|upkeep\n|turn|4\n|\n|switch|p1a: Excadrill|Excadrill, F|31\/100\n|-ability|p1a: Excadrill|Mold Breaker\n|move|p2a: Clefable|Moonblast|p1a: Excadrill\n|-resisted|p1a: Excadrill\n|-damage|p1a: Excadrill|0 fnt\n|faint|p1a: Excadrill\n|\n|upkeep\n|\n|switch|p1a: Klefki|Klefki, F|100\/100\n|turn|5\n|\n|move|p1a: Klefki|Light Screen|p1a: Klefki\n|-sidestart|p1: ranitidine|move: Light Screen\n|move|p2a: Clefable|Flamethrower|p1a: Klefki\n|-supereffective|p1a: Klefki\n|-damage|p1a: Klefki|54\/100\n|\n|upkeep\n|turn|6\n|\n|move|p1a: Klefki|Thunder Wave|p2a: Clefable\n|-status|p2a: Clefable|par\n|move|p2a: Clefable|Flamethrower|p1a: Klefki\n|-supereffective|p1a: Klefki\n|-damage|p1a: Klefki|11\/100\n|\n|upkeep\n|turn|7\n|\n|move|p1a: Klefki|Reflect|p1a: Klefki\n|-sidestart|p1: ranitidine|Reflect\n|move|p2a: Clefable|Moonblast|p1a: Klefki\n|-resisted|p1a: Klefki\n|-damage|p1a: Klefki|0 fnt\n|faint|p1a: Klefki\n|\n|upkeep\n|\n|switch|p1a: Bisharp|Bisharp, F|100\/100\n|turn|8\n|\n|move|p1a: Bisharp|Iron Head|p2a: Clefable\n|-supereffective|p2a: Clefable\n|-damage|p2a: Clefable|0 fnt\n|faint|p2a: Clefable\n|\n|upkeep\n|\n|switch|p2a: Mandibuzz|Mandibuzz, F|100\/100\n|turn|9\n|\n|move|p1a: Bisharp|Iron Head|p2a: Mandibuzz\n|-damage|p2a: Mandibuzz|74\/100\n|move|p2a: Mandibuzz|Foul Play|p1a: Bisharp\n|-resisted|p1a: Bisharp\n|-damage|p1a: Bisharp|85\/100\n|\n|upkeep\n|turn|10\n|\n|move|p1a: Bisharp|Swords Dance|p1a: Bisharp\n|-boost|p1a: Bisharp|atk|2\n|move|p2a: Mandibuzz|U-turn|p1a: Bisharp\n|-damage|p1a: Bisharp|78\/100\n|\n|switch|p2a: Cinderace|Cinderace, F|100\/100|[from]move: U-turn\n|\n|upkeep\n|turn|11\n|\n|move|p2a: Cinderace|Sucker Punch|p1a: Bisharp\n|-start|p2a: Cinderace|typechange|Dark|[from] ability: Libero\n|-resisted|p1a: Bisharp\n|-damage|p1a: Bisharp|68\/100\n|move|p1a: Bisharp|Sucker Punch||[still]\n|-fail|p1a: Bisharp\n|\n|upkeep\n|turn|12\n|\n|move|p2a: Cinderace|Pyro Ball|p1a: Bisharp\n|-start|p2a: Cinderace|typechange|Fire|[from] ability: Libero\n|-supereffective|p1a: Bisharp\n|-damage|p1a: Bisharp|0 fnt\n|faint|p1a: Bisharp\n|\n|-sideend|p1: ranitidine|move: Light Screen\n|upkeep\n|\n|switch|p1a: Hawlucha|Hawlucha, F|100\/100\n|turn|13\n|\n|move|p2a: Cinderace|Zen Headbutt|p1a: Hawlucha\n|-start|p2a: Cinderace|typechange|Psychic|[from] ability: Libero\n|-supereffective|p1a: Hawlucha\n|-damage|p1a: Hawlucha|47\/100\n|move|p1a: Hawlucha|Swords Dance|p1a: Hawlucha\n|-boost|p1a: Hawlucha|atk|2\n|\n|upkeep\n|turn|14\n|\n|move|p2a: Cinderace|Zen Headbutt|p1a: Hawlucha\n|-supereffective|p1a: Hawlucha\n|-damage|p1a: Hawlucha|0 fnt\n|faint|p1a: Hawlucha\n|\n|-sideend|p1: ranitidine|Reflect\n|upkeep\n|\n|switch|p1a: Azumarill|Azumarill, F|100\/100\n|turn|15\n|\n|move|p2a: Cinderace|Zen Headbutt|p1a: Azumarill\n|-damage|p1a: Azumarill|55\/100\n|move|p1a: Azumarill|Knock Off|p2a: Cinderace\n|-supereffective|p2a: Cinderace\n|-damage|p2a: Cinderace|0 fnt\n|-enditem|p2a: Cinderace|Heavy-Duty Boots|[from] move: Knock Off|[of] p1a: Azumarill\n|faint|p2a: Cinderace\n|\n|upkeep\n|\n|switch|p2a: Alakazam|Alakazam, F|100\/100\n|turn|16\n|\n|switch|p1a: Kyurem|Kyurem|90\/100\n|-ability|p1a: Kyurem|Pressure\n|move|p2a: Alakazam|Psychic|p1a: Kyurem\n|-damage|p1a: Kyurem|26\/100\n|\n|upkeep\n|turn|17\n|\n|move|p2a: Alakazam|Psychic|p1a: Kyurem\n|-damage|p1a: Kyurem|0 fnt\n|faint|p1a: Kyurem\n|\n|upkeep\n|\n|switch|p1a: Azumarill|Azumarill, F|55\/100\n|turn|18\n|\n|move|p1a: Azumarill|Aqua Jet|p2a: Alakazam\n|-damage|p2a: Alakazam|38\/100\n|move|p2a: Alakazam|Psychic|p1a: Azumarill\n|-damage|p1a: Azumarill|0 fnt\n|faint|p1a: Azumarill\n|\n|win|testotesto321\n|l|\u2606ranitidine\n|l| im pregnant lmao\n|c|\u2606testotesto321|gg\n|l| EnzoLapras\n|l|\u2606testotesto321\n|l| Moonscales \u98db\u4fe1\n|l| DevilishGreg\n|raw|ranitidine's rating: 1740 &rarr; <strong>1720<\/strong><br \/>(-20 for losing)\n|raw|testotesto321's rating: 1729 &rarr; <strong>1750<\/strong><br \/>(+21 for winning)\n|l| fsjhk\n","uploadtime":1592485554,"views":18,"p1id":"ranitidine","p2id":"testotesto321","formatid":"gen8ou","rating":1720,"private":0,"password":null}