{"id":"gen8ubers-1702641115","p1":"gyukumuku","p2":"henevermarried","format":"gen8ubers","log":"|j|\u2606gyukumuku\n|j|\u2606henevermarried\n|t:|1667574324\n|gametype|singles\n|player|p1|gyukumuku|ethan|1237\n|player|p2|henevermarried|iris-gen5bw2|1249\n|teamsize|p1|6\n|teamsize|p2|6\n|gen|8\n|tier|[Gen 8] Ubers\n|rated|\n|rule|Sleep Clause Mod: Limit one foe put to sleep\n|rule|Species Clause: Limit one of each Pok\u00e9mon\n|rule|OHKO Clause: OHKO moves are banned\n|rule|Evasion Items Clause: Evasion items are banned\n|rule|Evasion Moves Clause: Evasion moves are banned\n|rule|Endless Battle Clause: Forcing endless battles is banned\n|rule|HP Percentage Mod: HP is shown in percentages\n|rule|Dynamax Clause: You cannot dynamax\n|clearpoke\n|poke|p1|Kyogre|\n|poke|p1|Calyrex-Shadow|\n|poke|p1|Eternatus|\n|poke|p1|Necrozma-Dusk-Mane|\n|poke|p1|Zygarde|\n|poke|p1|Yveltal|\n|poke|p2|Eternatus|\n|poke|p2|Xerneas-*|\n|poke|p2|Necrozma-Dusk-Mane|\n|poke|p2|Kyogre|\n|poke|p2|Yveltal|\n|poke|p2|Landorus-Therian, M|\n|teampreview\n|\n|t:|1667574337\n|start\n|switch|p1a: Eternatus|Eternatus|100\/100\n|switch|p2a: Westside Gunn|Landorus-Therian, M|100\/100\n|-ability|p1a: Eternatus|Pressure\n|-ability|p2a: Westside Gunn|Intimidate|boost\n|-unboost|p1a: Eternatus|atk|1\n|turn|1\n|inactive|Battle timer is ON: inactive players will automatically lose when time's up. (requested by gyukumuku)\n|\n|t:|1667574367\n|switch|p1a: Zygarde|Zygarde|100\/100\n|move|p2a: Westside Gunn|Stealth Rock|p1a: Zygarde\n|-sidestart|p1: gyukumuku|move: Stealth Rock\n|\n|upkeep\n|turn|2\n|\n|t:|1667574374\n|move|p2a: Westside Gunn|Swords Dance|p2a: Westside Gunn\n|-boost|p2a: Westside Gunn|atk|2\n|move|p1a: Zygarde|Glare|p2a: Westside Gunn\n|-status|p2a: Westside Gunn|par\n|\n|upkeep\n|turn|3\n|\n|t:|1667574383\n|move|p1a: Zygarde|Coil|p1a: Zygarde\n|-boost|p1a: Zygarde|atk|1\n|-boost|p1a: Zygarde|def|1\n|-boost|p1a: Zygarde|accuracy|1\n|move|p2a: Westside Gunn|Explosion|p1a: Zygarde\n|-damage|p1a: Zygarde|39\/100\n|faint|p2a: Westside Gunn\n|\n|-heal|p1a: Zygarde|46\/100|[from] item: Leftovers\n|-activate|p1a: Zygarde|ability: Power Construct\n|detailschange|p1a: Zygarde|Zygarde-Complete\n|-heal|p1a: Zygarde|65\/100|[silent]\n|upkeep\n|\n|t:|1667574400\n|switch|p2a: Kyogre|Kyogre|100\/100\n|-weather|RainDance|[from] ability: Drizzle|[of] p2a: Kyogre\n|turn|4\n|\n|t:|1667574415\n|switch|p1a: Eternatus|Eternatus|100\/100\n|-damage|p1a: Eternatus|88\/100|[from] Stealth Rock\n|-ability|p1a: Eternatus|Pressure\n|move|p2a: Kyogre|Water Spout|p1a: Eternatus\n|-resisted|p1a: Eternatus\n|-damage|p1a: Eternatus|29\/100\n|\n|-weather|RainDance|[upkeep]\n|upkeep\n|turn|5\n|\n|t:|1667574425\n|move|p1a: Eternatus|Recover|p1a: Eternatus\n|-heal|p1a: Eternatus|79\/100\n|move|p2a: Kyogre|Water Spout|p1a: Eternatus\n|-resisted|p1a: Eternatus\n|-damage|p1a: Eternatus|12\/100\n|\n|-weather|RainDance|[upkeep]\n|upkeep\n|turn|6\n|\n|t:|1667574434\n|switch|p2a: Xerneas|Xerneas|100\/100\n|-ability|p2a: Xerneas|Fairy Aura\n|move|p1a: Eternatus|Dynamax Cannon|p2a: Xerneas\n|-immune|p2a: Xerneas\n|\n|-weather|RainDance|[upkeep]\n|upkeep\n|turn|7\n|\n|t:|1667574446\n|switch|p1a: Necrozma|Necrozma-Dusk-Mane|100\/100\n|-damage|p1a: Necrozma|94\/100|[from] Stealth Rock\n|move|p2a: Xerneas|Moonblast|p1a: Necrozma\n|-resisted|p1a: Necrozma\n|-damage|p1a: Necrozma|71\/100\n|\n|-weather|RainDance|[upkeep]\n|-heal|p1a: Necrozma|77\/100|[from] item: Leftovers\n|upkeep\n|turn|8\n|\n|t:|1667574456\n|move|p2a: Xerneas|Geomancy||[still]\n|-prepare|p2a: Xerneas|Geomancy\n|-enditem|p2a: Xerneas|Power Herb\n|-anim|p2a: Xerneas|Geomancy|p2a: Xerneas\n|-boost|p2a: Xerneas|spa|2\n|-boost|p2a: Xerneas|spd|2\n|-boost|p2a: Xerneas|spe|2\n|move|p1a: Necrozma|Thunder Wave|p2a: Xerneas\n|-status|p2a: Xerneas|par\n|\n|-weather|none\n|-heal|p1a: Necrozma|83\/100|[from] item: Leftovers\n|upkeep\n|turn|9\n|\n|t:|1667574468\n|move|p2a: Xerneas|Aromatherapy|p2a: Xerneas\n|-activate|p2a: Xerneas|move: Aromatherapy\n|-curestatus|p2a: Xerneas|par|[msg]\n|move|p1a: Necrozma|Iron Head|p2a: Xerneas\n|-supereffective|p2a: Xerneas\n|-damage|p2a: Xerneas|41\/100\n|\n|-heal|p1a: Necrozma|89\/100|[from] item: Leftovers\n|upkeep\n|turn|10\n|\n|t:|1667574483\n|move|p2a: Xerneas|Thunder|p1a: Necrozma\n|-damage|p1a: Necrozma|36\/100\n|-status|p1a: Necrozma|par\n|move|p1a: Necrozma|Iron Head|p2a: Xerneas\n|-supereffective|p2a: Xerneas\n|-damage|p2a: Xerneas|0 fnt\n|faint|p2a: Xerneas\n|\n|-heal|p1a: Necrozma|42\/100 par|[from] item: Leftovers\n|upkeep\n|\n|t:|1667574494\n|switch|p2a: Yveltal|Yveltal|100\/100\n|-ability|p2a: Yveltal|Dark Aura\n|turn|11\n|\n|t:|1667574520\n|switch|p1a: Eternatus|Eternatus|12\/100\n|-damage|p1a: Eternatus|0 fnt|[from] Stealth Rock\n|faint|p1a: Eternatus\n|move|p2a: Yveltal|Hone Claws|p2a: Yveltal\n|-boost|p2a: Yveltal|atk|1\n|-boost|p2a: Yveltal|accuracy|1\n|\n|upkeep\n|inactive|gyukumuku has 120 seconds left.\n|\n|t:|1667574535\n|switch|p1a: Zygarde|Zygarde-Complete|65\/100\n|-damage|p1a: Zygarde|58\/100|[from] Stealth Rock\n|turn|12\n|\n|t:|1667574543\n|move|p2a: Yveltal|Knock Off|p1a: Zygarde\n|-damage|p1a: Zygarde|16\/100\n|-enditem|p1a: Zygarde|Leftovers|[from] move: Knock Off|[of] p2a: Yveltal\n|move|p1a: Zygarde|Glare|p2a: Yveltal\n|-status|p2a: Yveltal|par\n|\n|upkeep\n|turn|13\n|\n|t:|1667574562\n|move|p1a: Zygarde|Thousand Arrows|p2a: Yveltal\n|-damage|p2a: Yveltal|75\/100 par\n|-start|p2a: Yveltal|Smack Down\n|move|p2a: Yveltal|Knock Off|p1a: Zygarde\n|-damage|p1a: Zygarde|0 fnt\n|faint|p1a: Zygarde\n|\n|upkeep\n|inactive|gyukumuku has 120 seconds left.\n|\n|t:|1667574574\n|switch|p1a: Kyogre|Kyogre|100\/100\n|-damage|p1a: Kyogre|88\/100|[from] Stealth Rock\n|-weather|RainDance|[from] ability: Drizzle|[of] p1a: Kyogre\n|turn|14\n|\n|t:|1667574583\n|move|p2a: Yveltal|Sucker Punch||[still]\n|-fail|p2a: Yveltal\n|move|p1a: Kyogre|Substitute|p1a: Kyogre\n|-start|p1a: Kyogre|Substitute\n|-damage|p1a: Kyogre|63\/100\n|\n|-weather|RainDance|[upkeep]\n|-heal|p1a: Kyogre|69\/100|[from] item: Leftovers\n|upkeep\n|turn|15\n|\n|t:|1667574591\n|move|p1a: Kyogre|Surf|p2a: Yveltal\n|-damage|p2a: Yveltal|14\/100 par\n|cant|p2a: Yveltal|par\n|\n|-weather|RainDance|[upkeep]\n|-heal|p1a: Kyogre|75\/100|[from] item: Leftovers\n|upkeep\n|turn|16\n|\n|t:|1667574600\n|move|p2a: Yveltal|Sucker Punch||[still]\n|-fail|p2a: Yveltal\n|move|p1a: Kyogre|Calm Mind|p1a: Kyogre\n|-boost|p1a: Kyogre|spa|1\n|-boost|p1a: Kyogre|spd|1\n|\n|-weather|RainDance|[upkeep]\n|-heal|p1a: Kyogre|82\/100|[from] item: Leftovers\n|upkeep\n|turn|17\n|\n|t:|1667574612\n|move|p1a: Kyogre|Surf|p2a: Yveltal\n|-damage|p2a: Yveltal|0 fnt\n|faint|p2a: Yveltal\n|\n|-weather|RainDance|[upkeep]\n|-heal|p1a: Kyogre|88\/100|[from] item: Leftovers\n|upkeep\n|\n|t:|1667574630\n|switch|p2a: Eternatus|Eternatus|100\/100\n|-ability|p2a: Eternatus|Pressure\n|turn|18\n|\n|t:|1667574636\n|move|p2a: Eternatus|Meteor Beam||[still]\n|-prepare|p2a: Eternatus|Meteor Beam\n|-boost|p2a: Eternatus|spa|1\n|-enditem|p2a: Eternatus|Power Herb\n|-anim|p2a: Eternatus|Meteor Beam|p1a: Kyogre\n|-crit|p1a: Kyogre\n|-end|p1a: Kyogre|Substitute\n|move|p1a: Kyogre|Thunder Wave|p2a: Eternatus\n|-status|p2a: Eternatus|par\n|\n|-weather|none\n|-heal|p1a: Kyogre|94\/100|[from] item: Leftovers\n|upkeep\n|turn|19\n|\n|t:|1667574652\n|move|p1a: Kyogre|Substitute|p1a: Kyogre\n|-start|p1a: Kyogre|Substitute\n|-damage|p1a: Kyogre|69\/100\n|move|p2a: Eternatus|Dynamax Cannon|p1a: Kyogre\n|-end|p1a: Kyogre|Substitute\n|\n|-heal|p1a: Kyogre|75\/100|[from] item: Leftovers\n|upkeep\n|turn|20\n|\n|t:|1667574659\n|switch|p1a: Necrozma|Necrozma-Dusk-Mane|42\/100 par\n|-damage|p1a: Necrozma|36\/100 par|[from] Stealth Rock\n|move|p2a: Eternatus|Dynamax Cannon|p1a: Necrozma\n|-resisted|p1a: Necrozma\n|-damage|p1a: Necrozma|7\/100 par\n|\n|-heal|p1a: Necrozma|13\/100 par|[from] item: Leftovers\n|upkeep\n|turn|21\n|\n|t:|1667574669\n|move|p2a: Eternatus|Meteor Beam||[still]\n|-prepare|p2a: Eternatus|Meteor Beam\n|-boost|p2a: Eternatus|spa|1\n|move|p1a: Necrozma|Iron Head|p2a: Eternatus\n|-damage|p2a: Eternatus|67\/100 par\n|\n|-heal|p1a: Necrozma|19\/100 par|[from] item: Leftovers\n|upkeep\n|turn|22\n|\n|t:|1667574678\n|cant|p2a: Eternatus|par\n|cant|p1a: Necrozma|par\n|\n|-heal|p1a: Necrozma|25\/100 par|[from] item: Leftovers\n|upkeep\n|turn|23\n|j| evocyber\n|\n|t:|1667574688\n|cant|p2a: Eternatus|par\n|cant|p1a: Necrozma|par\n|\n|-heal|p1a: Necrozma|31\/100 par|[from] item: Leftovers\n|upkeep\n|turn|24\n|\n|t:|1667574694\n|move|p2a: Eternatus|Flamethrower|p1a: Necrozma\n|-supereffective|p1a: Necrozma\n|-damage|p1a: Necrozma|0 fnt\n|faint|p1a: Necrozma\n|\n|upkeep\n|c|\u2606henevermarried|whooo\n|l| evocyber\n|\n|t:|1667574720\n|switch|p1a: Yveltal|Yveltal|100\/100\n|-ability|p1a: Yveltal|Dark Aura\n|turn|25\n|\n|t:|1667574726\n|move|p1a: Yveltal|Knock Off|p2a: Eternatus\n|-damage|p2a: Eternatus|33\/100 par\n|move|p2a: Eternatus|Meteor Beam||[still]\n|-prepare|p2a: Eternatus|Meteor Beam\n|-boost|p2a: Eternatus|spa|1\n|\n|upkeep\n|turn|26\n|\n|t:|1667574732\n|move|p1a: Yveltal|Knock Off|p2a: Eternatus\n|-damage|p2a: Eternatus|3\/100 par\n|move|p2a: Eternatus|Meteor Beam|p1a: Yveltal|[from]lockedmove\n|-supereffective|p1a: Yveltal\n|-damage|p1a: Yveltal|0 fnt\n|faint|p1a: Yveltal\n|\n|upkeep\n|\n|t:|1667574737\n|switch|p1a: Calyrex|Calyrex-Shadow|100\/100\n|-ability|p1a: Calyrex|As One\n|-ability|p1a: Calyrex|Unnerve\n|-damage|p1a: Calyrex|88\/100|[from] Stealth Rock\n|turn|27\n|c|\u2606henevermarried|god i love gambling\n|\n|t:|1667574746\n|move|p1a: Calyrex|Astral Barrage|p2a: Eternatus\n|-damage|p2a: Eternatus|0 fnt\n|faint|p2a: Eternatus\n|-ability|p1a: Calyrex|Grim Neigh|boost\n|-boost|p1a: Calyrex|spa|1\n|\n|upkeep\n|\n|t:|1667574753\n|switch|p2a: Kyogre|Kyogre|100\/100\n|-weather|RainDance|[from] ability: Drizzle|[of] p2a: Kyogre\n|turn|28\n|\n|t:|1667574759\n|move|p1a: Calyrex|Astral Barrage|p2a: Kyogre\n|-damage|p2a: Kyogre|13\/100\n|move|p2a: Kyogre|Thunder|p1a: Calyrex\n|-damage|p1a: Calyrex|22\/100\n|-status|p1a: Calyrex|par\n|\n|-weather|RainDance|[upkeep]\n|upkeep\n|turn|29\n|c|\u2606gyukumuku|i love gambling\n|\n|t:|1667574773\n|cant|p1a: Calyrex|par\n|move|p2a: Kyogre|Thunder|p1a: Calyrex\n|-damage|p1a: Calyrex|0 fnt\n|faint|p1a: Calyrex\n|\n|-weather|RainDance|[upkeep]\n|upkeep\n|c|\u2606henevermarried|WHOOO\n|\n|t:|1667574780\n|switch|p1a: Kyogre|Kyogre|75\/100\n|-damage|p1a: Kyogre|63\/100|[from] Stealth Rock\n|turn|30\n|c|\u2606henevermarried|im so sorry\n|\n|t:|1667574785\n|move|p2a: Kyogre|Thunder|p1a: Kyogre\n|-supereffective|p1a: Kyogre\n|-damage|p1a: Kyogre|0 fnt\n|faint|p1a: Kyogre\n|\n|win|henevermarried\n|raw|gyukumuku's rating: 1237 &rarr; <strong>1213<\/strong><br \/>(-24 for losing)\n|raw|henevermarried's rating: 1249 &rarr; <strong>1273<\/strong><br \/>(+24 for winning)\n|l|\u2606gyukumuku\n|c|\u2606henevermarried|gg (?)\n||Ladder isn't responding, score probably updated but might not have (Request timeout).\n","uploadtime":1667574801,"views":6,"p1id":"gyukumuku","p2id":"henevermarried","formatid":"gen8ubers","rating":1213,"private":0,"password":null}