{"id":"gen8ou-1664525670","p1":"Capital Cruiser","p2":"laidbackk","format":"gen8ou","log":"|j|\u203dCapital Cruiser\n|j|\u2606laidbackk\n|t:|1663202445\n|gametype|singles\n|player|p1|Capital Cruiser|cheren-gen5bw2|1503\n|player|p2|laidbackk|kukui-stand|1543\n|teamsize|p1|6\n|teamsize|p2|6\n|gen|8\n|tier|[Gen 8] OU\n|rated|\n|rule|Sleep Clause Mod: Limit one foe put to sleep\n|rule|Species Clause: Limit one of each Pok\u00e9mon\n|rule|OHKO Clause: OHKO moves are banned\n|rule|Evasion Items Clause: Evasion items are banned\n|rule|Evasion Moves Clause: Evasion moves are banned\n|rule|Endless Battle Clause: Forcing endless battles is banned\n|rule|HP Percentage Mod: HP is shown in percentages\n|rule|Dynamax Clause: You cannot dynamax\n|clearpoke\n|poke|p1|Calyrex|\n|poke|p1|Zapdos|\n|poke|p1|Swampert, F|\n|poke|p1|Heatran, M|\n|poke|p1|Tapu Fini|\n|poke|p1|Kartana|\n|poke|p2|Grimmsnarl, M|\n|poke|p2|Dragapult, M|\n|poke|p2|Buzzwole|\n|poke|p2|Volcanion|\n|poke|p2|Hippowdon, F|\n|poke|p2|Corviknight, F|\n|teampreview\n|inactive|Battle timer is ON: inactive players will automatically lose when time's up. (requested by Capital Cruiser)\n|j| Wenis Boy\n|c| Wenis Boy|GOTTHEM\n|c|\u2606laidbackk|ngl;\n|c|\u2606laidbackk|I was worried\n|inactive|laidbackk has 120 seconds left.\n|c| Wenis Boy|i just finessed him turn 1 and he quit\n|c| Wenis Boy|u got this\n|c|\u2606laidbackk|forgot it was even a mon lmao\n|\n|t:|1663202503\n|start\n|switch|p1a: Zapdos|Zapdos, shiny|100\/100\n|switch|p2a: Volcanion|Volcanion|100\/100\n|turn|1\n|l| Wenis Boy\n|\n|t:|1663202512\n|switch|p2a: Hippowdon|Hippowdon, F|100\/100\n|move|p1a: Zapdos|Hurricane|p2a: Hippowdon\n|-damage|p2a: Hippowdon|41\/100\n|-start|p2a: Hippowdon|confusion\n|\n|-heal|p2a: Hippowdon|47\/100|[from] item: Leftovers\n|upkeep\n|turn|2\n|\n|t:|1663202518\n|switch|p2a: Corviknight|Corviknight, F|100\/100\n|move|p1a: Zapdos|Hurricane|p2a: Corviknight\n|-resisted|p2a: Corviknight\n|-damage|p2a: Corviknight|62\/100\n|\n|-heal|p2a: Corviknight|68\/100|[from] item: Leftovers\n|upkeep\n|turn|3\n|\n|t:|1663202546\n|move|p1a: Zapdos|Hurricane|p2a: Corviknight\n|-resisted|p2a: Corviknight\n|-damage|p2a: Corviknight|35\/100\n|move|p2a: Corviknight|Roost|p2a: Corviknight\n|-heal|p2a: Corviknight|85\/100\n|-singleturn|p2a: Corviknight|move: Roost\n|\n|-heal|p2a: Corviknight|91\/100|[from] item: Leftovers\n|upkeep\n|turn|4\n|\n|t:|1663202552\n|switch|p1a: Heatran|Heatran, M, shiny|100\/100\n|move|p2a: Corviknight|Roost|p2a: Corviknight\n|-heal|p2a: Corviknight|100\/100\n|-singleturn|p2a: Corviknight|move: Roost\n|\n|upkeep\n|turn|5\n|\n|t:|1663202559\n|switch|p2a: Volcanion|Volcanion|100\/100\n|move|p1a: Heatran|Stealth Rock|p2a: Volcanion\n|-sidestart|p2: laidbackk|move: Stealth Rock\n|\n|upkeep\n|turn|6\n|\n|t:|1663202562\n|switch|p1a: Tapu Fini|Tapu Fini, shiny|100\/100\n|-fieldstart|move: Misty Terrain|[from] ability: Misty Surge|[of] p1a: Tapu Fini\n|move|p2a: Volcanion|Steam Eruption|p1a: Tapu Fini\n|-resisted|p1a: Tapu Fini\n|-damage|p1a: Tapu Fini|60\/100\n|\n|-heal|p1a: Tapu Fini|66\/100|[from] item: Leftovers\n|upkeep\n|turn|7\n|\n|t:|1663202566\n|switch|p1a: Swampert|Swampert, F, shiny|100\/100\n|move|p2a: Volcanion|Steam Eruption|p1a: Swampert\n|-damage|p1a: Swampert|14\/100\n|\n|upkeep\n|turn|8\n|\n|t:|1663202570\n|switch|p1a: Calyrex|Calyrex|100\/100\n|-ability|p1a: Calyrex|Unnerve\n|move|p2a: Volcanion|Steam Eruption|p1a: Calyrex\n|-resisted|p1a: Calyrex\n|-damage|p1a: Calyrex|67\/100\n|\n|upkeep\n|turn|9\n|\n|t:|1663202574\n|switch|p2a: Corviknight|Corviknight, F|100\/100\n|-damage|p2a: Corviknight|88\/100|[from] Stealth Rock\n|move|p1a: Calyrex|Leech Seed|p2a: Corviknight|[miss]\n|-miss|p1a: Calyrex|p2a: Corviknight\n|\n|-heal|p2a: Corviknight|94\/100|[from] item: Leftovers\n|upkeep\n|turn|10\n|\n|t:|1663202581\n|switch|p1a: Zapdos|Zapdos, shiny|100\/100\n|move|p2a: Corviknight|Defog|p1a: Zapdos\n|-unboost|p1a: Zapdos|evasion|1\n|-sideend|p2: laidbackk|Stealth Rock|[from] move: Defog|[of] p2a: Corviknight\n|-fieldend|Misty Terrain\n|\n|-heal|p2a: Corviknight|100\/100|[from] item: Leftovers\n|upkeep\n|turn|11\n|\n|t:|1663202588\n|move|p1a: Zapdos|Hurricane|p2a: Corviknight|[miss]\n|-miss|p1a: Zapdos|p2a: Corviknight\n|move|p2a: Corviknight|Roost||[still]\n|-fail|p2a: Corviknight|heal\n|\n|upkeep\n|turn|12\n|\n|t:|1663202597\n|switch|p1a: Tapu Fini|Tapu Fini, shiny|66\/100\n|-fieldstart|move: Misty Terrain|[from] ability: Misty Surge|[of] p1a: Tapu Fini\n|move|p2a: Corviknight|Roost||[still]\n|-fail|p2a: Corviknight|heal\n|\n|-heal|p1a: Tapu Fini|73\/100|[from] item: Leftovers\n|upkeep\n|turn|13\n|\n|t:|1663202600\n|move|p1a: Tapu Fini|Nature's Madness|p2a: Corviknight\n|-damage|p2a: Corviknight|50\/100\n|move|p2a: Corviknight|U-turn|p1a: Tapu Fini\n|-resisted|p1a: Tapu Fini\n|-damage|p1a: Tapu Fini|68\/100\n|\n|t:|1663202609\n|switch|p2a: Volcanion|Volcanion|100\/100|[from]move: U-turn\n|\n|-heal|p1a: Tapu Fini|74\/100|[from] item: Leftovers\n|upkeep\n|turn|14\n|\n|t:|1663202615\n|switch|p1a: Swampert|Swampert, F, shiny|14\/100\n|move|p2a: Volcanion|Steam Eruption|p1a: Swampert\n|-damage|p1a: Swampert|0 fnt\n|faint|p1a: Swampert\n|\n|upkeep\n|\n|t:|1663202623\n|switch|p1a: Zapdos|Zapdos, shiny|100\/100\n|turn|15\n|\n|t:|1663202628\n|move|p1a: Zapdos|Hurricane|p2a: Volcanion|[miss]\n|-miss|p1a: Zapdos|p2a: Volcanion\n|move|p2a: Volcanion|Steam Eruption|p1a: Zapdos\n|-damage|p1a: Zapdos|0 fnt\n|faint|p1a: Zapdos\n|\n|upkeep\n|-message|Capital Cruiser forfeited.\n|\n|win|laidbackk\n|raw|Capital Cruiser's rating: 1503 &rarr; <strong>1485<\/strong><br \/>(-18 for losing)\n|raw|laidbackk's rating: 1543 &rarr; <strong>1561<\/strong><br \/>(+18 for winning)\n|l|\u203dCapital Cruiser\n","uploadtime":1663202637,"views":17,"p1id":"capitalcruiser","p2id":"laidbackk","formatid":"gen8ou","rating":1485,"private":0,"password":null}