{"id":"gen8sharedpower-1706503821","p1":"RoFnA","p2":"IIIodyne","format":"gen8sharedpower","log":"|j|\u2606RoFnA\n|j|\u2606IIIodyne\n|inactive|Battle timer is ON: inactive players will automatically lose when time's up.\n|t:|1667998927\n|gametype|singles\n|player|p1|RoFnA|giovanni-gen1|\n|player|p2|IIIodyne|265|\n|teamsize|p1|6\n|teamsize|p2|6\n|gen|8\n|tier|[Gen 8] Shared Power\n|rated|Tournament battle\n|rule|Species Clause: Limit one of each Pok\u00e9mon\n|rule|OHKO Clause: OHKO moves are banned\n|rule|Evasion Moves Clause: Evasion moves are banned\n|rule|Endless Battle Clause: Forcing endless battles is banned\n|rule|Dynamax Clause: You cannot dynamax\n|rule|HP Percentage Mod: HP is shown in percentages\n|rule|Sleep Clause Mod: Limit one foe put to sleep\n|clearpoke\n|poke|p1|Scizor, M|\n|poke|p1|Dragapult, F|\n|poke|p1|Doublade, M|\n|poke|p1|Durant, M|\n|poke|p1|Regidrago|\n|poke|p1|Gigalith, F|\n|poke|p2|Ferrothorn, M|\n|poke|p2|Mudsdale, F|\n|poke|p2|Heatran, F|\n|poke|p2|Bewear, F|\n|poke|p2|Weezing-Galar, F|\n|poke|p2|Frosmoth, M|\n|teampreview\n|inactive|IIIodyne also wants the timer to be on.\n|c|\u2606IIIodyne|hf\n|j|%KaenSoul\n|j| FezoaGlober\n|j| grumpee\n|\n|t:|1667998954\n|start\n|switch|p1a: Gigalith|Gigalith, F|100\/100\n|switch|p2a: Mudsdale|Mudsdale, F|100\/100\n|turn|1\n|\n|t:|1667998957\n|switch|p2a: Bewear|Bewear, F|100\/100\n|move|p1a: Gigalith|Stealth Rock|p2a: Bewear\n|-sidestart|p2: IIIodyne|move: Stealth Rock\n|\n|upkeep\n|turn|2\n|c| FezoaGlober|dragon dart sweeper\n|l| FezoaGlober\n|j| DivineNarrow\n|inactive|RoFnA has 120 seconds left.\n|\n|t:|1667998987\n|switch|p2a: Ferrothorn|Ferrothorn, M|100\/100\n|-damage|p2a: Ferrothorn|94\/100|[from] Stealth Rock\n|move|p1a: Gigalith|Explosion|p2a: Ferrothorn\n|-resisted|p2a: Ferrothorn\n|-damage|p2a: Ferrothorn|65\/100\n|-ability|p2a: Ferrothorn|Stamina|boost\n|-boost|p2a: Ferrothorn|def|1\n|faint|p1a: Gigalith\n|\n|-heal|p2a: Ferrothorn|72\/100|[from] item: Leftovers\n|upkeep\n|c|\u2606IIIodyne|no guard hustle dragons maw technician\n|inactive|RoFnA has 120 seconds left.\n|c|\u2606IIIodyne|why gigalith?\n|c|\u2606RoFnA|sturdy\n|j| FezoaGlober\n|c|\u2606IIIodyne|doesn't seem that useful\n|c|\u2606IIIodyne|at first glance\n|inactive|RoFnA has 90 seconds left.\n|c|%KaenSoul|it is very strong, just not against stamina teams\n|c|\u2606IIIodyne|why not adaptability?\n|inactive|RoFnA has 60 seconds left.\n|c|\u2606RoFnA|sturdy is more usefull against psychic terrain\n|c|\u2606RoFnA|teams\n|c|\u2606IIIodyne|ah\n|\n|t:|1667999070\n|switch|p1a: Durant|Durant, M|100\/100\n|turn|3\n|c|\u2606IIIodyne|i feel like stamina teams are most goated tho\n|c|\u2606IIIodyne|though ig im partial\n|inactive|RoFnA has 30 seconds left.\n|\n|t:|1667999104\n|move|p2a: Ferrothorn|Protect|p2a: Ferrothorn\n|-singleturn|p2a: Ferrothorn|Protect\n|move|p1a: Durant|Superpower|p2a: Ferrothorn\n|-activate|p2a: Ferrothorn|move: Protect\n|\n|-heal|p2a: Ferrothorn|78\/100|[from] item: Leftovers\n|upkeep\n|turn|4\n|inactive|RoFnA has 30 seconds left.\n|c|\u2606RoFnA|they are good yes\n|inactive|RoFnA has 20 seconds left.\n|\n|t:|1667999122\n|switch|p1a: Doublade|Doublade, M|100\/100\n|switch|p2a: Weezing|Weezing-Galar, F|100\/100\n|-damage|p2a: Weezing|88\/100|[from] Stealth Rock\n|\n|upkeep\n|turn|5\n|inactive|RoFnA has 30 seconds left this turn.\n|inactive|RoFnA has 20 seconds left.\n|inactive|IIIodyne no longer wants the timer on, but the timer is staying on because staff still does.\n|inactive|RoFnA has 15 seconds left.\n|\n|t:|1667999137\n|switch|p2a: Heatran|Heatran, F|100\/100\n|-damage|p2a: Heatran|88\/100|[from] Stealth Rock\n|move|p1a: Doublade|Swords Dance|p1a: Doublade\n|-boost|p1a: Doublade|atk|2\n|\n|-heal|p2a: Heatran|94\/100|[from] item: Leftovers\n|upkeep\n|turn|6\n|inactive|RoFnA has 25 seconds left this turn.\n|inactive|RoFnA has 20 seconds left.\n|\n|t:|1667999144\n|switch|p1a: Regidrago|Regidrago|100\/100\n|move|p2a: Heatran|Magma Storm|p1a: Regidrago\n|-resisted|p1a: Regidrago\n|-damage|p1a: Regidrago|76\/100\n|-activate|p1a: Regidrago|move: Magma Storm|[of] p2a: Heatran\n|\n|-heal|p2a: Heatran|100\/100|[from] item: Leftovers\n|-damage|p1a: Regidrago|63\/100|[from] move: Magma Storm|[partiallytrapped]\n|upkeep\n|turn|7\n|inactive|RoFnA has 30 seconds left this turn.\n|\n|t:|1667999150\n|move|p1a: Regidrago|Dragon Dance|p1a: Regidrago\n|-boost|p1a: Regidrago|atk|1\n|-boost|p1a: Regidrago|spe|1\n|move|p2a: Heatran|Toxic|p1a: Regidrago\n|-status|p1a: Regidrago|tox\n|\n|-damage|p1a: Regidrago|57\/100 tox|[from] psn\n|-damage|p1a: Regidrago|45\/100 tox|[from] move: Magma Storm|[partiallytrapped]\n|upkeep\n|turn|8\n|inactive|RoFnA has 30 seconds left.\n|j| placuszek\n|j|+Sulo\n|inactive|RoFnA has 20 seconds left.\n|\n|t:|1667999171\n|switch|p2a: Weezing|Weezing-Galar, F|88\/100\n|-damage|p2a: Weezing|76\/100|[from] Stealth Rock\n|move|p1a: Regidrago|Hammer Arm|p2a: Weezing\n|-resisted|p2a: Weezing\n|-damage|p2a: Weezing|70\/100\n|-unboost|p1a: Regidrago|spe|1\n|-damage|p1a: Regidrago|32\/100 tox|[from] ability: Iron Barbs|[of] p2a: Weezing\n|-damage|p1a: Regidrago|16\/100 tox|[from] item: Rocky Helmet|[of] p2a: Weezing\n|-ability|p2a: Weezing|Stamina|boost\n|-boost|p2a: Weezing|def|1\n|\n|-damage|p1a: Regidrago|4\/100 tox|[from] psn\n|-end|p1a: Regidrago|Magma Storm|[partiallytrapped]|[silent]\n|upkeep\n|turn|9\n|inactive|RoFnA has 30 seconds left this turn.\n|c|\u2606IIIodyne|oof\n|inactive|IIIodyne has 120 seconds left.\n|\n|t:|1667999205\n|move|p1a: Regidrago|Hammer Arm|p2a: Weezing\n|-resisted|p2a: Weezing\n|-damage|p2a: Weezing|67\/100\n|-unboost|p1a: Regidrago|spe|1\n|-damage|p1a: Regidrago|0 fnt|[from] ability: Iron Barbs|[of] p2a: Weezing\n|-ability|p2a: Weezing|Stamina|boost\n|-boost|p2a: Weezing|def|1\n|faint|p1a: Regidrago\n|move|p2a: Weezing|Flamethrower|p1: Regidrago|[notarget]\n|-fail|p2a: Weezing\n|\n|upkeep\n|inactive|RoFnA has 30 seconds left.\n|j| MoonGirlll\u2661\n|\n|t:|1667999217\n|switch|p1a: Scizor|Scizor, M|100\/100\n|turn|10\n|inactive|RoFnA has 30 seconds left.\n|\n|t:|1667999223\n|move|p1a: Scizor|Swords Dance|p1a: Scizor\n|-boost|p1a: Scizor|atk|2\n|move|p2a: Weezing|Flamethrower|p1a: Scizor\n|-supereffective|p1a: Scizor\n|-ability|p1a: Scizor|Sturdy\n|-damage|p1a: Scizor|1\/100\n|\n|upkeep\n|turn|11\n|j| AudreyCubed\n|\n|t:|1667999231\n|move|p1a: Scizor|U-turn|p2a: Weezing\n|-resisted|p2a: Weezing\n|-damage|p2a: Weezing|62\/100\n|-damage|p1a: Scizor|0 fnt|[from] ability: Iron Barbs|[of] p2a: Weezing\n|-ability|p2a: Weezing|Stamina|boost\n|-boost|p2a: Weezing|def|1\n|faint|p1a: Scizor\n|move|p2a: Weezing|Flamethrower|p1: Scizor|[notarget]\n|-fail|p2a: Weezing\n|\n|upkeep\n|l| FezoaGlober\n|inactive|RoFnA has 30 seconds left.\n|c| placuszek|5\n|inactive|RoFnA has 20 seconds left.\n|c|\u2606IIIodyne|its a massacre\n|inactive|RoFnA has 15 seconds left.\n|\n|t:|1667999257\n|switch|p1a: Durant|Durant, M|100\/100\n|turn|12\n|inactive|RoFnA has 25 seconds left this turn.\n|\n|t:|1667999259\n|move|p1a: Durant|Iron Head|p2a: Weezing\n|-supereffective|p2a: Weezing\n|-damage|p2a: Weezing|48\/100\n|-damage|p1a: Durant|88\/100|[from] ability: Iron Barbs|[of] p2a: Weezing\n|-damage|p1a: Durant|72\/100|[from] item: Rocky Helmet|[of] p2a: Weezing\n|-ability|p2a: Weezing|Stamina|boost\n|-boost|p2a: Weezing|def|1\n|move|p2a: Weezing|Flamethrower|p1a: Durant\n|-supereffective|p1a: Durant\n|-damage|p1a: Durant|0 fnt\n|faint|p1a: Durant\n|\n|upkeep\n|inactive|RoFnA has 30 seconds left this turn.\n|inactive|RoFnA has 20 seconds left.\n|\n|t:|1667999270\n|switch|p1a: Dragapult|Dragapult, F|100\/100\n|turn|13\n|inactive|RoFnA has 30 seconds left this turn.\n|\n|t:|1667999275\n|move|p1a: Dragapult|Dragon Dance|p1a: Dragapult\n|-boost|p1a: Dragapult|atk|1\n|-boost|p1a: Dragapult|spe|1\n|move|p2a: Weezing|Strange Steam|p1a: Dragapult\n|-supereffective|p1a: Dragapult\n|-crit|p1a: Dragapult\n|-ability|p1a: Dragapult|Sturdy\n|-damage|p1a: Dragapult|1\/100\n|-start|p1a: Dragapult|confusion\n|\n|upkeep\n|turn|14\n|c|\u2606RoFnA|yeah weezing is a problem\n|inactive|RoFnA has 30 seconds left.\n|\n|t:|1667999287\n|-activate|p1a: Dragapult|confusion\n|move|p1a: Dragapult|Steel Wing|p2a: Weezing\n|-supereffective|p2a: Weezing\n|-damage|p2a: Weezing|36\/100\n|-damage|p1a: Dragapult|0 fnt|[from] ability: Iron Barbs|[of] p2a: Weezing\n|-ability|p2a: Weezing|Stamina|boost\n|-boost|p2a: Weezing|def|1\n|faint|p1a: Dragapult\n|move|p2a: Weezing|Haze|p2a: Weezing\n|-clearallboost\n|\n|upkeep\n|\n|t:|1667999289\n|switch|p1a: Doublade|Doublade, M|100\/100\n|turn|15\n|l| grumpee\n|\n|t:|1667999299\n|switch|p2a: Heatran|Heatran, F|100\/100\n|-damage|p2a: Heatran|88\/100|[from] Stealth Rock\n|move|p1a: Doublade|Shadow Sneak|p2a: Heatran\n|-damage|p2a: Heatran|65\/100\n|-damage|p1a: Doublade|88\/100|[from] ability: Iron Barbs|[of] p2a: Heatran\n|-ability|p2a: Heatran|Stamina|boost\n|-boost|p2a: Heatran|def|1\n|\n|-heal|p2a: Heatran|71\/100|[from] item: Leftovers\n|upkeep\n|turn|16\n|\n|t:|1667999308\n|move|p1a: Doublade|Shadow Sneak|p2a: Heatran\n|-damage|p2a: Heatran|56\/100\n|-damage|p1a: Doublade|75\/100|[from] ability: Iron Barbs|[of] p2a: Heatran\n|-ability|p2a: Heatran|Stamina|boost\n|-boost|p2a: Heatran|def|1\n|move|p2a: Heatran|Magma Storm|p1a: Doublade\n|-supereffective|p1a: Doublade\n|-damage|p1a: Doublade|0 fnt\n|faint|p1a: Doublade\n|\n|win|IIIodyne\n|n|\u2606RoFnA|rofna\n|n|\u2606IIIodyne|iiiodyne\n|n| KaenSoul|kaensoul\n|n| DivineNarrow|divinenarrow\n|n| placuszek|placuszek\n|n|+Sulo|sulo\n|n| MoonGirlll\u2661|moongirlll\n|n| AudreyCubed|audreycubed\n","uploadtime":1667999309,"views":3,"p1id":"rofna","p2id":"iiiodyne","formatid":"gen8sharedpower","rating":0,"private":0,"password":null}