{"id":"gen8ubers-1130948282","p1":"willcoxw","p2":"IMPAQT","format":"gen8ubers","log":"|j|\u2606willcoxw\n|j|\u2606IMPAQT\n|player|p1|willcoxw|karen|1733\n|player|p2|IMPAQT|iris-gen5bw2|1453\n|teamsize|p1|6\n|teamsize|p2|6\n|gametype|singles\n|gen|8\n|tier|[Gen 8] Ubers\n|rated|\n|clearpoke\n|poke|p1|Pelipper, M|\n|poke|p1|Eternatus|\n|poke|p1|Drednaw, M|\n|poke|p1|Hydreigon, M|\n|poke|p1|Necrozma-Dusk-Mane|\n|poke|p1|Zacian-Crowned|\n|poke|p2|Rillaboom, F|\n|poke|p2|Reshiram|\n|poke|p2|Quagsire, F|\n|poke|p2|Zacian-Crowned|\n|poke|p2|Clefable, M|\n|poke|p2|Mandibuzz, F|\n|rule|Sleep Clause Mod: Limit one foe put to sleep\n|rule|Species Clause: Limit one of each Pok\u00e9mon\n|rule|OHKO Clause: OHKO moves are banned\n|rule|Evasion Moves Clause: Evasion moves are banned\n|rule|Endless Battle Clause: Forcing endless battles is banned\n|rule|HP Percentage Mod: HP is shown in percentages\n|html|Ubers Dynamax Clause: Pok\u00e9mon on the <a href=\"https:\/\/www.smogon.com\/dex\/ss\/formats\/uber\/\">Ubers Dynamax Banlist<\/a> cannot Dynamax.\n|teampreview\n|\n|start\n|switch|p1a: Eternatus|Eternatus|100\/100\n|switch|p2a: Zacian|Zacian-Crowned|100\/100\n|-ability|p2a: Zacian|Intrepid Sword|boost\n|-boost|p2a: Zacian|atk|1\n|-ability|p1a: Eternatus|Pressure\n|turn|1\n|inactive|Battle timer is ON: inactive players will automatically lose when time's up. (requested by IMPAQT)\n|\n|switch|p2a: Clefable|Clefable, M|100\/100\n|switch|p1a: Pelipper|Pelipper, M|100\/100\n|-weather|RainDance|[from] ability: Drizzle|[of] p1a: Pelipper\n|\n|-weather|RainDance|[upkeep]\n|upkeep\n|turn|2\n|\n|move|p2a: Clefable|Thunder Wave|p1a: Pelipper|[miss]\n|-miss|p2a: Clefable|p1a: Pelipper\n|move|p1a: Pelipper|U-turn|p2a: Clefable\n|-resisted|p2a: Clefable\n|-damage|p2a: Clefable|96\/100\n|\n|switch|p1a: Drednaw|Drednaw, M|100\/100|[from]move: U-turn\n|\n|-weather|RainDance|[upkeep]\n|upkeep\n|turn|3\n|\n|switch|p2a: Rillaboom|Rillaboom, F|100\/100\n|-fieldstart|move: Grassy Terrain|[from] ability: Grassy Surge|[of] p2a: Rillaboom\n|-start|p1a: Drednaw|Dynamax\n|-formechange|p1a: Drednaw|Drednaw-Gmax\n|-heal|p1a: Drednaw|100\/100|[silent]\n|move|p1a: Drednaw|G-Max Stonesurge|p2a: Rillaboom\n|-resisted|p2a: Rillaboom\n|-damage|p2a: Rillaboom|64\/100\n|-sidestart|p2: IMPAQT|move: Stealth Rock\n|-damage|p1a: Drednaw|96\/100|[from] item: Life Orb\n|\n|-weather|RainDance|[upkeep]\n|-heal|p1a: Drednaw|99\/100|[from] Grassy Terrain\n|-heal|p2a: Rillaboom|70\/100|[from] item: Leftovers\n|-heal|p2a: Rillaboom|76\/100|[from] Grassy Terrain\n|upkeep\n|turn|4\n|\n|move|p1a: Drednaw|Max Wyrmwind|p2a: Rillaboom\n|-damage|p2a: Rillaboom|48\/100\n|-unboost|p2a: Rillaboom|atk|1\n|-damage|p1a: Drednaw|94\/100|[from] item: Life Orb\n|move|p2a: Rillaboom|Wood Hammer|p1a: Drednaw\n|-supereffective|p1a: Drednaw\n|-damage|p1a: Drednaw|0 fnt\n|-damage|p2a: Rillaboom|0 fnt|[from] Recoil\n|faint|p1a: Drednaw\n|faint|p2a: Rillaboom\n|\n|-weather|RainDance|[upkeep]\n|upkeep\n|\n|switch|p1a: Necrozma|Necrozma-Dusk-Mane|100\/100\n|switch|p2a: Zacian|Zacian-Crowned|100\/100\n|-damage|p2a: Zacian|94\/100|[from] Stealth Rock\n|-ability|p2a: Zacian|Intrepid Sword|boost\n|-boost|p2a: Zacian|atk|1\n|turn|5\n|\n|switch|p2a: Mandibuzz|Mandibuzz, F|100\/100\n|move|p1a: Necrozma|Thunder Wave|p2a: Mandibuzz\n|-status|p2a: Mandibuzz|par\n|\n|-weather|RainDance|[upkeep]\n|upkeep\n|turn|6\n|\n|move|p1a: Necrozma|Knock Off|p2a: Mandibuzz\n|-resisted|p2a: Mandibuzz\n|-damage|p2a: Mandibuzz|89\/100 par\n|-enditem|p2a: Mandibuzz|Heavy-Duty Boots|[from] move: Knock Off|[of] p1a: Necrozma\n|cant|p2a: Mandibuzz|par\n|\n|-weather|RainDance|[upkeep]\n|upkeep\n|turn|7\n|inactive|IMPAQT has 120 seconds left.\n|\n|move|p1a: Necrozma|Iron Head|p2a: Mandibuzz\n|-damage|p2a: Mandibuzz|58\/100 par\n|move|p2a: Mandibuzz|Defog|p1a: Necrozma\n|-unboost|p1a: Necrozma|evasion|1\n|-sideend|p2: IMPAQT|Stealth Rock|[from] move: Defog|[of] p2a: Mandibuzz\n|-fieldend|move: Grassy Terrain\n|\n|-weather|RainDance|[upkeep]\n|upkeep\n|turn|8\n|\n|move|p1a: Necrozma|Iron Head|p2a: Mandibuzz\n|-damage|p2a: Mandibuzz|26\/100 par\n|cant|p2a: Mandibuzz|flinch\n|\n|-weather|none\n|upkeep\n|turn|9\n|\n|move|p1a: Necrozma|Iron Head|p2a: Mandibuzz\n|-damage|p2a: Mandibuzz|0 fnt\n|faint|p2a: Mandibuzz\n|\n|upkeep\n|\n|switch|p2a: Reshiram|Reshiram|100\/100\n|-ability|p2a: Reshiram|Turboblaze\n|turn|10\n|\n|switch|p1a: Pelipper|Pelipper, M|100\/100\n|-weather|RainDance|[from] ability: Drizzle|[of] p1a: Pelipper\n|move|p2a: Reshiram|Blue Flare|p1a: Pelipper\n|-resisted|p1a: Pelipper\n|-damage|p1a: Pelipper|71\/100\n|-status|p1a: Pelipper|brn\n|\n|-weather|RainDance|[upkeep]\n|-damage|p1a: Pelipper|65\/100 brn|[from] brn\n|upkeep\n|turn|11\n|inactive|IMPAQT has 120 seconds left.\n|\n|move|p2a: Reshiram|Draco Meteor|p1a: Pelipper\n|-damage|p1a: Pelipper|0 fnt\n|-unboost|p2a: Reshiram|spa|2\n|faint|p1a: Pelipper\n|\n|-weather|RainDance|[upkeep]\n|upkeep\n|\n|switch|p1a: Eternatus|Eternatus|100\/100\n|-ability|p1a: Eternatus|Pressure\n|turn|12\n|\n|switch|p2a: Clefable|Clefable, M|96\/100\n|move|p1a: Eternatus|Substitute|p1a: Eternatus\n|-start|p1a: Eternatus|Substitute\n|-damage|p1a: Eternatus|76\/100\n|\n|-weather|RainDance|[upkeep]\n|-heal|p1a: Eternatus|82\/100|[from] item: Black Sludge\n|upkeep\n|turn|13\n|\n|move|p1a: Eternatus|Toxic Spikes|p2a: Clefable\n|-sidestart|p2: IMPAQT|move: Toxic Spikes\n|move|p2a: Clefable|Moonblast|p1a: Eternatus\n|-end|p1a: Eternatus|Substitute\n|\n|-weather|RainDance|[upkeep]\n|-heal|p1a: Eternatus|88\/100|[from] item: Black Sludge\n|upkeep\n|turn|14\n|\n|move|p1a: Eternatus|Substitute|p1a: Eternatus\n|-start|p1a: Eternatus|Substitute\n|-damage|p1a: Eternatus|63\/100\n|move|p2a: Clefable|Moonblast|p1a: Eternatus\n|-end|p1a: Eternatus|Substitute\n|\n|-weather|RainDance|[upkeep]\n|-heal|p1a: Eternatus|69\/100|[from] item: Black Sludge\n|upkeep\n|turn|15\n|\n|move|p1a: Eternatus|Toxic Spikes|p2a: Clefable\n|-sidestart|p2: IMPAQT|move: Toxic Spikes\n|move|p2a: Clefable|Moonblast|p1a: Eternatus\n|-damage|p1a: Eternatus|25\/100\n|\n|-weather|RainDance|[upkeep]\n|-heal|p1a: Eternatus|31\/100|[from] item: Black Sludge\n|upkeep\n|turn|16\n|\n|switch|p1a: Necrozma|Necrozma-Dusk-Mane|100\/100\n|move|p2a: Clefable|Moonblast|p1a: Necrozma\n|-resisted|p1a: Necrozma\n|-damage|p1a: Necrozma|78\/100\n|\n|-weather|RainDance|[upkeep]\n|-heal|p1a: Necrozma|84\/100|[from] item: Leftovers\n|upkeep\n|turn|17\n|\n|switch|p2a: Quagsire|Quagsire, F|100\/100\n|-status|p2a: Quagsire|tox\n|move|p1a: Necrozma|Iron Head|p2a: Quagsire\n|-resisted|p2a: Quagsire\n|-crit|p2a: Quagsire\n|-damage|p2a: Quagsire|79\/100 tox\n|\n|-weather|none\n|-heal|p1a: Necrozma|90\/100|[from] item: Leftovers\n|-heal|p2a: Quagsire|85\/100 tox|[from] item: Leftovers\n|-damage|p2a: Quagsire|79\/100 tox|[from] psn\n|upkeep\n|turn|18\n|\n|move|p1a: Necrozma|Knock Off|p2a: Quagsire\n|-damage|p2a: Quagsire|56\/100 tox\n|-enditem|p2a: Quagsire|Leftovers|[from] move: Knock Off|[of] p1a: Necrozma\n|move|p2a: Quagsire|Recover|p2a: Quagsire\n|-heal|p2a: Quagsire|100\/100 tox\n|\n|-heal|p1a: Necrozma|96\/100|[from] item: Leftovers\n|-damage|p2a: Quagsire|88\/100 tox|[from] psn\n|upkeep\n|turn|19\n|\n|switch|p1a: Hydreigon|Hydreigon, M|100\/100\n|switch|p2a: Reshiram|Reshiram|100\/100\n|-ability|p2a: Reshiram|Turboblaze\n|\n|upkeep\n|turn|20\n|\n|move|p1a: Hydreigon|Substitute|p1a: Hydreigon\n|-start|p1a: Hydreigon|Substitute\n|-damage|p1a: Hydreigon|76\/100\n|move|p2a: Reshiram|Draco Meteor|p1a: Hydreigon\n|-supereffective|p1a: Hydreigon\n|-end|p1a: Hydreigon|Substitute\n|-unboost|p2a: Reshiram|spa|2\n|\n|-heal|p1a: Hydreigon|82\/100|[from] item: Leftovers\n|upkeep\n|turn|21\n|\n|switch|p2a: Clefable|Clefable, M|96\/100\n|-status|p2a: Clefable|tox\n|move|p1a: Hydreigon|Substitute|p1a: Hydreigon\n|-start|p1a: Hydreigon|Substitute\n|-damage|p1a: Hydreigon|57\/100\n|\n|-heal|p1a: Hydreigon|63\/100|[from] item: Leftovers\n|upkeep\n|turn|22\n|\n|move|p1a: Hydreigon|Earth Power|p2a: Clefable\n|-damage|p2a: Clefable|69\/100 tox\n|move|p2a: Clefable|Moonblast|p1a: Hydreigon\n|-supereffective|p1a: Hydreigon\n|-crit|p1a: Hydreigon\n|-end|p1a: Hydreigon|Substitute\n|\n|-heal|p1a: Hydreigon|69\/100|[from] item: Leftovers\n|upkeep\n|turn|23\n|\n|switch|p1a: Necrozma|Necrozma-Dusk-Mane|96\/100\n|move|p2a: Clefable|Thunder Wave|p1a: Necrozma\n|-status|p1a: Necrozma|par\n|\n|-heal|p1a: Necrozma|100\/100 par|[from] item: Leftovers\n|upkeep\n|turn|24\n|\n|switch|p2a: Reshiram|Reshiram|100\/100\n|-ability|p2a: Reshiram|Turboblaze\n|move|p1a: Necrozma|Knock Off|p2a: Reshiram\n|-damage|p2a: Reshiram|68\/100\n|-enditem|p2a: Reshiram|Heavy-Duty Boots|[from] move: Knock Off|[of] p1a: Necrozma\n|\n|upkeep\n|turn|25\n|\n|switch|p1a: Eternatus|Eternatus|31\/100\n|-ability|p1a: Eternatus|Pressure\n|move|p2a: Reshiram|Draco Meteor|p1a: Eternatus\n|-supereffective|p1a: Eternatus\n|-damage|p1a: Eternatus|0 fnt\n|-unboost|p2a: Reshiram|spa|2\n|faint|p1a: Eternatus\n|\n|upkeep\n|\n|switch|p1a: Hydreigon|Hydreigon, M|69\/100\n|turn|26\n|\n|switch|p2a: Clefable|Clefable, M|69\/100 tox\n|move|p1a: Hydreigon|Earth Power|p2a: Clefable\n|-damage|p2a: Clefable|37\/100 tox\n|\n|-heal|p1a: Hydreigon|75\/100|[from] item: Leftovers\n|upkeep\n|turn|27\n|\n|switch|p1a: Necrozma|Necrozma-Dusk-Mane|100\/100 par\n|move|p2a: Clefable|Soft-Boiled|p2a: Clefable\n|-heal|p2a: Clefable|87\/100 tox\n|\n|upkeep\n|turn|28\n|\n|switch|p2a: Reshiram|Reshiram|68\/100\n|-status|p2a: Reshiram|tox\n|-ability|p2a: Reshiram|Turboblaze\n|move|p1a: Necrozma|Iron Head|p2a: Reshiram\n|-resisted|p2a: Reshiram\n|-damage|p2a: Reshiram|46\/100 tox\n|\n|-damage|p2a: Reshiram|40\/100 tox|[from] psn\n|upkeep\n|turn|29\n|\n|switch|p1a: Hydreigon|Hydreigon, M|75\/100\n|move|p2a: Reshiram|Roost|p2a: Reshiram\n|-heal|p2a: Reshiram|90\/100 tox\n|-singleturn|p2a: Reshiram|move: Roost\n|\n|-heal|p1a: Hydreigon|81\/100|[from] item: Leftovers\n|-damage|p2a: Reshiram|77\/100 tox|[from] psn\n|upkeep\n|turn|30\n|\n|switch|p2a: Clefable|Clefable, M|87\/100 tox\n|move|p1a: Hydreigon|Substitute|p1a: Hydreigon\n|-start|p1a: Hydreigon|Substitute\n|-damage|p1a: Hydreigon|57\/100\n|\n|-heal|p1a: Hydreigon|63\/100|[from] item: Leftovers\n|upkeep\n|turn|31\n|\n|move|p1a: Hydreigon|Nasty Plot|p1a: Hydreigon\n|-boost|p1a: Hydreigon|spa|2\n|move|p2a: Clefable|Moonblast|p1a: Hydreigon\n|-supereffective|p1a: Hydreigon\n|-end|p1a: Hydreigon|Substitute\n|\n|-heal|p1a: Hydreigon|69\/100|[from] item: Leftovers\n|upkeep\n|turn|32\n|\n|move|p1a: Hydreigon|Earth Power|p2a: Clefable\n|-damage|p2a: Clefable|34\/100 tox\n|move|p2a: Clefable|Moonblast|p1a: Hydreigon\n|-supereffective|p1a: Hydreigon\n|-damage|p1a: Hydreigon|0 fnt\n|faint|p1a: Hydreigon\n|\n|upkeep\n|\n|switch|p1a: Zacian|Zacian-Crowned|100\/100\n|-ability|p1a: Zacian|Intrepid Sword|boost\n|-boost|p1a: Zacian|atk|1\n|turn|33\n|\n|switch|p2a: Quagsire|Quagsire, F|88\/100 tox\n|move|p1a: Zacian|Behemoth Blade|p2a: Quagsire\n|-resisted|p2a: Quagsire\n|-damage|p2a: Quagsire|66\/100 tox\n|\n|-damage|p2a: Quagsire|60\/100 tox|[from] psn\n|upkeep\n|turn|34\n|\n|move|p1a: Zacian|Play Rough|p2a: Quagsire\n|-crit|p2a: Quagsire\n|-damage|p2a: Quagsire|0 fnt\n|faint|p2a: Quagsire\n|\n|upkeep\n|\n|switch|p2a: Reshiram|Reshiram|77\/100 tox\n|-ability|p2a: Reshiram|Turboblaze\n|turn|35\n|\n|switch|p1a: Necrozma|Necrozma-Dusk-Mane|100\/100 par\n|move|p2a: Reshiram|Blue Flare|p1a: Necrozma\n|-supereffective|p1a: Necrozma\n|-damage|p1a: Necrozma|0 fnt\n|faint|p1a: Necrozma\n|\n|-damage|p2a: Reshiram|71\/100 tox|[from] psn\n|upkeep\n|\n|switch|p1a: Zacian|Zacian-Crowned|100\/100\n|-ability|p1a: Zacian|Intrepid Sword|boost\n|-boost|p1a: Zacian|atk|1\n|turn|36\n|\n|move|p1a: Zacian|Play Rough|p2a: Reshiram\n|-damage|p2a: Reshiram|0 fnt\n|faint|p2a: Reshiram\n|\n|upkeep\n|\n|switch|p2a: Zacian|Zacian-Crowned|94\/100\n|-ability|p2a: Zacian|Intrepid Sword|boost\n|-boost|p2a: Zacian|atk|1\n|turn|37\n|\n|move|p2a: Zacian|Behemoth Blade|p1a: Zacian\n|-damage|p1a: Zacian|22\/100\n|move|p1a: Zacian|Behemoth Blade|p2a: Zacian\n|-damage|p2a: Zacian|16\/100\n|\n|upkeep\n|turn|38\n|\n|move|p2a: Zacian|Behemoth Blade|p1a: Zacian\n|-damage|p1a: Zacian|0 fnt\n|faint|p1a: Zacian\n|\n|win|IMPAQT\n|l|\u2606willcoxw\n||Ladder (probably) updated, but score could not be retrieved (Request timeout).\n","uploadtime":1591900229,"views":32,"p1id":"willcoxw","p2id":"impaqt","formatid":"gen8ubers","rating":0,"private":0,"password":null}