{"id":"gen8nationaldex-1706966268","p1":"wiccan0563","p2":"Cometavermelho","format":"gen8nationaldex","log":"|j|\u2606wiccan0563\n|j|\u2606Cometavermelho\n|t:|1668037121\n|gametype|singles\n|player|p1|wiccan0563|acetrainer-gen4dp|1138\n|player|p2|Cometavermelho|richboy-gen4|1043\n|teamsize|p1|6\n|teamsize|p2|6\n|gen|8\n|tier|[Gen 8] National Dex\n|rated|\n|rule|HP Percentage Mod: HP is shown in percentages\n|rule|Endless Battle Clause: Forcing endless battles is banned\n|rule|OHKO Clause: OHKO moves are banned\n|rule|Evasion Moves Clause: Evasion moves are banned\n|rule|Species Clause: Limit one of each Pok\u00e9mon\n|rule|Dynamax Clause: You cannot dynamax\n|rule|Sleep Clause Mod: Limit one foe put to sleep\n|clearpoke\n|poke|p1|Braixen, F|\n|poke|p1|Hatterene, F|\n|poke|p1|Corviknight, M|\n|poke|p1|Gallade, M|\n|poke|p1|Mamoswine, M|\n|poke|p1|Orbeetle, M|\n|poke|p2|Corsola-Galar, F|\n|poke|p2|Mew|\n|poke|p2|Toxtricity, M|\n|poke|p2|Slowking-Galar, F|\n|poke|p2|Melmetal|\n|poke|p2|Beedrill, F|\n|teampreview\n|inactive|Battle timer is ON: inactive players will automatically lose when time's up. (requested by Cometavermelho)\n|\n|t:|1668037128\n|start\n|switch|p1a: Hatterene|Hatterene, F|100\/100\n|switch|p2a: Beedrill|Beedrill, F|100\/100\n|turn|1\n|\n|t:|1668037146\n|detailschange|p2a: Beedrill|Beedrill-Mega, F\n|-mega|p2a: Beedrill|Beedrill|Beedrillite\n|move|p2a: Beedrill|Knock Off|p1a: Hatterene\n|-damage|p1a: Hatterene|60\/100\n|-enditem|p1a: Hatterene|Leftovers|[from] move: Knock Off|[of] p2a: Beedrill\n|move|p1a: Hatterene|Mystical Fire|p2a: Beedrill\n|-supereffective|p2a: Beedrill\n|-damage|p2a: Beedrill|17\/100\n|-unboost|p2a: Beedrill|spa|1\n|\n|upkeep\n|turn|2\n|\n|t:|1668037157\n|move|p2a: Beedrill|U-turn|p1a: Hatterene\n|-damage|p1a: Hatterene|0 fnt\n|faint|p1a: Hatterene\n|\n|t:|1668037163\n|switch|p2a: Corsola|Corsola-Galar, F|100\/100|[from]move: U-turn\n|\n|upkeep\n|\n|t:|1668037168\n|switch|p1a: Orbeetle|Orbeetle, M|100\/100\n|turn|3\n|\n|t:|1668037172\n|move|p1a: Orbeetle|Calm Mind|p1a: Orbeetle\n|-boost|p1a: Orbeetle|spa|1\n|-boost|p1a: Orbeetle|spd|1\n|move|p2a: Corsola|Will-O-Wisp|p1a: Orbeetle\n|-status|p1a: Orbeetle|brn\n|\n|-damage|p1a: Orbeetle|94\/100 brn|[from] brn\n|upkeep\n|turn|4\n|\n|t:|1668037183\n|move|p1a: Orbeetle|Iron Defense|p1a: Orbeetle\n|-boost|p1a: Orbeetle|def|2\n|move|p2a: Corsola|Whirlpool|p1a: Orbeetle\n|-damage|p1a: Orbeetle|91\/100 brn\n|-activate|p1a: Orbeetle|move: Whirlpool|[of] p2a: Corsola\n|\n|-heal|p1a: Orbeetle|97\/100 brn|[from] item: Leftovers\n|-damage|p1a: Orbeetle|91\/100 brn|[from] brn\n|-damage|p1a: Orbeetle|79\/100 brn|[from] move: Whirlpool|[partiallytrapped]\n|upkeep\n|turn|5\n|\n|t:|1668037196\n|move|p1a: Orbeetle|Iron Defense|p1a: Orbeetle\n|-boost|p1a: Orbeetle|def|2\n|move|p2a: Corsola|Night Shade|p1a: Orbeetle\n|-damage|p1a: Orbeetle|47\/100 brn\n|\n|-heal|p1a: Orbeetle|53\/100 brn|[from] item: Leftovers\n|-damage|p1a: Orbeetle|47\/100 brn|[from] brn\n|-damage|p1a: Orbeetle|35\/100 brn|[from] move: Whirlpool|[partiallytrapped]\n|upkeep\n|turn|6\n|\n|t:|1668037208\n|move|p1a: Orbeetle|Recover|p1a: Orbeetle\n|-heal|p1a: Orbeetle|85\/100 brn\n|move|p2a: Corsola|Night Shade|p1a: Orbeetle\n|-damage|p1a: Orbeetle|53\/100 brn\n|\n|-heal|p1a: Orbeetle|59\/100 brn|[from] item: Leftovers\n|-damage|p1a: Orbeetle|53\/100 brn|[from] brn\n|-damage|p1a: Orbeetle|41\/100 brn|[from] move: Whirlpool|[partiallytrapped]\n|upkeep\n|turn|7\n|\n|t:|1668037219\n|move|p1a: Orbeetle|Calm Mind|p1a: Orbeetle\n|-boost|p1a: Orbeetle|spa|1\n|-boost|p1a: Orbeetle|spd|1\n|move|p2a: Corsola|Night Shade|p1a: Orbeetle\n|-damage|p1a: Orbeetle|9\/100 brn\n|\n|-heal|p1a: Orbeetle|15\/100 brn|[from] item: Leftovers\n|-damage|p1a: Orbeetle|9\/100 brn|[from] brn\n|-damage|p1a: Orbeetle|0 fnt|[from] move: Whirlpool|[partiallytrapped]\n|faint|p1a: Orbeetle\n|upkeep\n|\n|t:|1668037233\n|switch|p1a: Gallade|Gallade, M|100\/100\n|turn|8\n|\n|t:|1668037239\n|detailschange|p1a: Gallade|Gallade-Mega, M\n|-mega|p1a: Gallade|Gallade|Galladite\n|move|p1a: Gallade|Knock Off|p2a: Corsola\n|-supereffective|p2a: Corsola\n|-damage|p2a: Corsola|57\/100\n|-enditem|p2a: Corsola|Eviolite|[from] move: Knock Off|[of] p1a: Gallade\n|move|p2a: Corsola|Will-O-Wisp|p1a: Gallade\n|-status|p1a: Gallade|brn\n|\n|-damage|p1a: Gallade|94\/100 brn|[from] brn\n|upkeep\n|turn|9\n|\n|t:|1668037251\n|move|p1a: Gallade|Knock Off|p2a: Corsola\n|-supereffective|p2a: Corsola\n|-damage|p2a: Corsola|34\/100\n|-start|p1a: Gallade|Disable|Knock Off|[from] ability: Cursed Body|[of] p2a: Corsola\n|move|p2a: Corsola|Strength Sap|p1a: Gallade\n|-unboost|p1a: Gallade|atk|1\n|-heal|p2a: Corsola|100\/100\n|\n|-damage|p1a: Gallade|88\/100 brn|[from] brn\n|upkeep\n|turn|10\n|\n|t:|1668037265\n|move|p1a: Gallade|Ice Punch|p2a: Corsola\n|-damage|p2a: Corsola|92\/100\n|-status|p2a: Corsola|frz\n|cant|p2a: Corsola|frz\n|\n|-damage|p1a: Gallade|82\/100 brn|[from] brn\n|upkeep\n|turn|11\n|\n|t:|1668037274\n|switch|p1a: Braixen|Braixen, F|100\/100\n|-curestatus|p2a: Corsola|frz|[msg]\n|move|p2a: Corsola|Whirlpool|p1a: Braixen\n|-supereffective|p1a: Braixen\n|-damage|p1a: Braixen|90\/100\n|-activate|p1a: Braixen|move: Whirlpool|[of] p2a: Corsola\n|\n|-damage|p1a: Braixen|78\/100|[from] move: Whirlpool|[partiallytrapped]\n|upkeep\n|turn|12\n|\n|t:|1668037288\n|move|p1a: Braixen|Flamethrower|p2a: Corsola\n|-damage|p2a: Corsola|47\/100\n|move|p2a: Corsola|Night Shade|p1a: Braixen\n|-damage|p1a: Braixen|43\/100\n|\n|-damage|p1a: Braixen|30\/100|[from] move: Whirlpool|[partiallytrapped]\n|upkeep\n|turn|13\n|\n|t:|1668037299\n|move|p1a: Braixen|Flamethrower|p2a: Corsola\n|-damage|p2a: Corsola|0 fnt\n|faint|p2a: Corsola\n|\n|-end|p1a: Braixen|Whirlpool|[partiallytrapped]|[silent]\n|upkeep\n|\n|t:|1668037304\n|switch|p2a: Beedrill|Beedrill-Mega, F|17\/100\n|turn|14\n|\n|t:|1668037308\n|move|p2a: Beedrill|U-turn|p1a: Braixen\n|-resisted|p1a: Braixen\n|-damage|p1a: Braixen|0 fnt\n|faint|p1a: Braixen\n|\n|t:|1668037313\n|switch|p2a: Mew|Mew|100\/100|[from]move: U-turn\n|\n|upkeep\n|\n|t:|1668037318\n|switch|p1a: Gallade|Gallade-Mega, M|82\/100 brn\n|turn|15\n|\n|t:|1668037326\n|move|p2a: Mew|Body Press|p1a: Gallade\n|-resisted|p1a: Gallade\n|-crit|p1a: Gallade\n|-damage|p1a: Gallade|65\/100 brn\n|move|p1a: Gallade|Knock Off|p2a: Mew\n|-supereffective|p2a: Mew\n|-damage|p2a: Mew|65\/100\n|-enditem|p2a: Mew|Leftovers|[from] move: Knock Off|[of] p1a: Gallade\n|\n|-damage|p1a: Gallade|59\/100 brn|[from] brn\n|upkeep\n|turn|16\n|\n|t:|1668037338\n|move|p2a: Mew|Cosmic Power|p2a: Mew\n|-boost|p2a: Mew|def|1\n|-boost|p2a: Mew|spd|1\n|move|p1a: Gallade|Knock Off|p2a: Mew\n|-supereffective|p2a: Mew\n|-damage|p2a: Mew|48\/100\n|\n|-damage|p1a: Gallade|52\/100 brn|[from] brn\n|upkeep\n|turn|17\n|\n|t:|1668037349\n|move|p2a: Mew|Roost|p2a: Mew\n|-heal|p2a: Mew|98\/100\n|-singleturn|p2a: Mew|move: Roost\n|move|p1a: Gallade|Knock Off|p2a: Mew\n|-supereffective|p2a: Mew\n|-damage|p2a: Mew|80\/100\n|\n|-damage|p1a: Gallade|46\/100 brn|[from] brn\n|upkeep\n|turn|18\n|\n|t:|1668037359\n|move|p2a: Mew|Cosmic Power|p2a: Mew\n|-boost|p2a: Mew|def|1\n|-boost|p2a: Mew|spd|1\n|move|p1a: Gallade|Ice Punch|p2a: Mew\n|-damage|p2a: Mew|72\/100\n|-status|p2a: Mew|frz\n|\n|-damage|p1a: Gallade|40\/100 brn|[from] brn\n|upkeep\n|turn|19\n|\n|t:|1668037372\n|switch|p1a: Mamoswine|Mamoswine, M|100\/100\n|-curestatus|p2a: Mew|frz|[msg]\n|move|p2a: Mew|Cosmic Power|p2a: Mew\n|-boost|p2a: Mew|def|1\n|-boost|p2a: Mew|spd|1\n|\n|upkeep\n|turn|20\n|\n|t:|1668037380\n|move|p2a: Mew|Stored Power|p1a: Mamoswine\n|-damage|p1a: Mamoswine|38\/100\n|move|p1a: Mamoswine|Earthquake|p2a: Mew\n|-damage|p2a: Mew|51\/100\n|\n|-heal|p1a: Mamoswine|44\/100|[from] item: Leftovers\n|upkeep\n|turn|21\n|\n|t:|1668037389\n|move|p2a: Mew|Stored Power|p1a: Mamoswine\n|-damage|p1a: Mamoswine|0 fnt\n|faint|p1a: Mamoswine\n|\n|upkeep\n|\n|t:|1668037395\n|switch|p1a: Gallade|Gallade-Mega, M|40\/100 brn\n|turn|22\n|\n|t:|1668037401\n|move|p2a: Mew|Stored Power|p1a: Gallade\n|-damage|p1a: Gallade|0 fnt\n|faint|p1a: Gallade\n|\n|upkeep\n|\n|t:|1668037405\n|switch|p1a: Corviknight|Corviknight, M|100\/100\n|turn|23\n|\n|t:|1668037409\n|move|p2a: Mew|Stored Power|p1a: Corviknight\n|-resisted|p1a: Corviknight\n|-damage|p1a: Corviknight|80\/100\n|move|p1a: Corviknight|Brave Bird|p2a: Mew\n|-damage|p2a: Mew|33\/100\n|-damage|p1a: Corviknight|73\/100|[from] Recoil\n|\n|-heal|p1a: Corviknight|79\/100|[from] item: Leftovers\n|upkeep\n|turn|24\n|\n|t:|1668037420\n|move|p2a: Mew|Roost|p2a: Mew\n|-heal|p2a: Mew|83\/100\n|-singleturn|p2a: Mew|move: Roost\n|move|p1a: Corviknight|Iron Head|p2a: Mew\n|-damage|p2a: Mew|71\/100\n|\n|-heal|p1a: Corviknight|85\/100|[from] item: Leftovers\n|upkeep\n|turn|25\n|\n|t:|1668037430\n|move|p2a: Mew|Cosmic Power|p2a: Mew\n|-boost|p2a: Mew|def|1\n|-boost|p2a: Mew|spd|1\n|move|p1a: Corviknight|Brave Bird|p2a: Mew\n|-damage|p2a: Mew|56\/100\n|-damage|p1a: Corviknight|80\/100|[from] Recoil\n|\n|-heal|p1a: Corviknight|86\/100|[from] item: Leftovers\n|upkeep\n|turn|26\n|-message|wiccan0563 forfeited.\n|\n|win|Cometavermelho\n|raw|wiccan0563's rating: 1138 &rarr; <strong>1106<\/strong><br \/>(-32 for losing)\n|raw|Cometavermelho's rating: 1043 &rarr; <strong>1086<\/strong><br \/>(+43 for winning)\n|l|\u2606wiccan0563\n","uploadtime":1668037443,"views":3,"p1id":"wiccan0563","p2id":"cometavermelho","formatid":"gen8nationaldex","rating":1086,"private":0,"password":null}