{"id":"gen8ou-1706453171","p1":"Jamario Mariomario","p2":"phyviocow","format":"gen8ou","log":"|j|\u2606Jamario Mariomario\n|j|\u2606phyviocow\n|t:|1667993060\n|gametype|singles\n|player|p1|Jamario Mariomario|bugcatcher|1652\n|player|p2|phyviocow|266|1666\n|teamsize|p1|6\n|teamsize|p2|6\n|gen|8\n|tier|[Gen 8] OU\n|rated|\n|rule|Sleep Clause Mod: Limit one foe put to sleep\n|rule|Species Clause: Limit one of each Pok\u00e9mon\n|rule|OHKO Clause: OHKO moves are banned\n|rule|Evasion Items Clause: Evasion items are banned\n|rule|Evasion Moves Clause: Evasion moves are banned\n|rule|Endless Battle Clause: Forcing endless battles is banned\n|rule|HP Percentage Mod: HP is shown in percentages\n|rule|Dynamax Clause: You cannot dynamax\n|clearpoke\n|poke|p1|Volcanion|\n|poke|p1|Corviknight, M|\n|poke|p1|Mamoswine, F|\n|poke|p1|Blissey, F|\n|poke|p1|Rillaboom, F|\n|poke|p1|Hydreigon, M|\n|poke|p2|Corsola, F|\n|poke|p2|Eldegoss, F|\n|poke|p2|Togedemaru, L1, F|\n|poke|p2|Audino, F|\n|poke|p2|Coalossal, M|\n|poke|p2|Slowbro, F|\n|teampreview\n|inactive|Battle timer is ON: inactive players will automatically lose when time's up. (requested by phyviocow)\n|\n|t:|1667993081\n|start\n|switch|p1a: Mamoswine|Mamoswine, F|100\/100\n|switch|p2a: Audino|Audino, F|100\/100\n|turn|1\n|\n|t:|1667993091\n|move|p2a: Audino|Magic Coat|p2a: Audino\n|-singleturn|p2a: Audino|move: Magic Coat\n|move|p1a: Mamoswine|Stealth Rock|p2a: Audino\n|move|p2a: Audino|Stealth Rock|p1a: Mamoswine|[from]Magic Coat\n|-sidestart|p1: Jamario Mariomario|move: Stealth Rock\n|\n|upkeep\n|turn|2\n|\n|t:|1667993094\n|move|p1a: Mamoswine|Stealth Rock|p2a: Audino\n|-sidestart|p2: phyviocow|move: Stealth Rock\n|move|p2a: Audino|Toxic|p1a: Mamoswine\n|-status|p1a: Mamoswine|tox\n|\n|-damage|p1a: Mamoswine|94\/100 tox|[from] psn\n|upkeep\n|turn|3\n|\n|t:|1667993104\n|switch|p1a: Hydreigon|Hydreigon, M|100\/100\n|-damage|p1a: Hydreigon|88\/100|[from] Stealth Rock\n|move|p2a: Audino|Knock Off|p1a: Hydreigon\n|-resisted|p1a: Hydreigon\n|-damage|p1a: Hydreigon|80\/100\n|-enditem|p1a: Hydreigon|Life Orb|[from] move: Knock Off|[of] p2a: Audino\n|\n|upkeep\n|turn|4\n|\n|t:|1667993110\n|move|p1a: Hydreigon|Nasty Plot|p1a: Hydreigon\n|-boost|p1a: Hydreigon|spa|2\n|move|p2a: Audino|Toxic|p1a: Hydreigon|[miss]\n|-miss|p2a: Audino|p1a: Hydreigon\n|\n|upkeep\n|turn|5\n|\n|t:|1667993113\n|move|p1a: Hydreigon|Draco Meteor|p2a: Audino\n|-damage|p2a: Audino|0 fnt\n|-unboost|p1a: Hydreigon|spa|2\n|faint|p2a: Audino\n|\n|upkeep\n|j| Gvivcicicidsdi\n|\n|t:|1667993118\n|switch|p2a: Eldegoss|Eldegoss, F|100\/100\n|turn|6\n|\n|t:|1667993123\n|switch|p1a: Corviknight|Corviknight, M|100\/100\n|-damage|p1a: Corviknight|88\/100|[from] Stealth Rock\n|-ability|p1a: Corviknight|Pressure\n|move|p2a: Eldegoss|Leech Seed|p1a: Corviknight\n|-start|p1a: Corviknight|move: Leech Seed\n|\n|-damage|p1a: Corviknight|76\/100|[from] Leech Seed|[of] p2a: Eldegoss\n|upkeep\n|turn|7\n|\n|t:|1667993126\n|move|p1a: Corviknight|U-turn|p2a: Eldegoss\n|-supereffective|p2a: Eldegoss\n|-damage|p2a: Eldegoss|69\/100\n|\n|t:|1667993129\n|switch|p1a: Blissey|Blissey, F|100\/100|[from]move: U-turn\n|move|p2a: Eldegoss|Rapid Spin|p1a: Blissey\n|-damage|p1a: Blissey|95\/100\n|-boost|p2a: Eldegoss|spe|1\n|-sideend|p2: phyviocow|Stealth Rock|[from] move: Rapid Spin|[of] p2a: Eldegoss\n|\n|upkeep\n|turn|8\n|\n|t:|1667993139\n|switch|p2a: Slowbro|Slowbro, F|100\/100\n|move|p1a: Blissey|Toxic|p2a: Slowbro\n|-status|p2a: Slowbro|tox\n|\n|-damage|p2a: Slowbro|94\/100 tox|[from] psn\n|upkeep\n|turn|9\n|\n|t:|1667993143\n|move|p2a: Slowbro|Future Sight|p1a: Blissey\n|-start|p2a: Slowbro|move: Future Sight\n|move|p1a: Blissey|Teleport|p1a: Blissey\n|\n|t:|1667993147\n|switch|p1a: Corviknight|Corviknight, M|76\/100|[from]move: Teleport\n|-damage|p1a: Corviknight|64\/100|[from] Stealth Rock\n|-ability|p1a: Corviknight|Pressure\n|\n|-damage|p2a: Slowbro|82\/100 tox|[from] psn\n|upkeep\n|turn|10\n|\n|t:|1667993149\n|move|p1a: Corviknight|Defog|p2a: Slowbro\n|-unboost|p2a: Slowbro|evasion|1\n|-sideend|p1: Jamario Mariomario|Stealth Rock|[from] move: Defog|[of] p1a: Corviknight\n|move|p2a: Slowbro|Teleport|p2a: Slowbro\n|\n|t:|1667993152\n|switch|p2a: Togedemaru-Mega|Togedemaru, L1, F|100\/100|[from]move: Teleport\n|\n|upkeep\n|turn|11\n|\n|t:|1667993167\n|switch|p1a: Hydreigon|Hydreigon, M|80\/100\n|move|p2a: Togedemaru-Mega|Endeavor|p1a: Hydreigon\n|-damage|p1a: Hydreigon|4\/100\n|\n|-end|p1a: Hydreigon|move: Future Sight\n|-immune|p1a: Hydreigon\n|upkeep\n|turn|12\n|\n|t:|1667993174\n|switch|p2a: Corsola|Corsola, F|100\/100\n|move|p1a: Hydreigon|Roost|p1a: Hydreigon\n|-heal|p1a: Hydreigon|54\/100\n|-singleturn|p1a: Hydreigon|move: Roost\n|\n|upkeep\n|turn|13\n|\n|t:|1667993177\n|move|p1a: Hydreigon|Nasty Plot|p1a: Hydreigon\n|-boost|p1a: Hydreigon|spa|2\n|move|p2a: Corsola|Scald|p1a: Hydreigon\n|-resisted|p1a: Hydreigon\n|-damage|p1a: Hydreigon|43\/100\n|\n|upkeep\n|turn|14\n|\n|t:|1667993180\n|move|p1a: Hydreigon|Draco Meteor|p2a: Corsola\n|-damage|p2a: Corsola|30\/100\n|-unboost|p1a: Hydreigon|spa|2\n|move|p2a: Corsola|Scald|p1a: Hydreigon\n|-resisted|p1a: Hydreigon\n|-damage|p1a: Hydreigon|32\/100\n|\n|upkeep\n|turn|15\n|\n|t:|1667993184\n|switch|p2a: Eldegoss|Eldegoss, F|100\/100\n|move|p1a: Hydreigon|Draco Meteor|p2a: Eldegoss\n|-damage|p2a: Eldegoss|53\/100\n|-unboost|p1a: Hydreigon|spa|2\n|\n|upkeep\n|turn|16\n|\n|t:|1667993189\n|switch|p1a: Rillaboom|Rillaboom, F|100\/100\n|-fieldstart|move: Grassy Terrain|[from] ability: Grassy Surge|[of] p1a: Rillaboom\n|switch|p2a: Corsola|Corsola, F|63\/100\n|\n|-heal|p2a: Corsola|69\/100|[from] Grassy Terrain\n|upkeep\n|turn|17\n|\n|t:|1667993193\n|switch|p2a: Coalossal|Coalossal, M|100\/100\n|move|p1a: Rillaboom|U-turn|p2a: Coalossal\n|-resisted|p2a: Coalossal\n|-damage|p2a: Coalossal|91\/100\n|-status|p1a: Rillaboom|brn|[from] ability: Flame Body|[of] p2a: Coalossal\n|\n|t:|1667993197\n|switch|p1a: Volcanion|Volcanion|100\/100|[from]move: U-turn\n|\n|-heal|p2a: Coalossal|97\/100|[from] Grassy Terrain\n|upkeep\n|turn|18\n|\n|t:|1667993201\n|switch|p2a: Eldegoss|Eldegoss, F|87\/100\n|move|p1a: Volcanion|Steam Eruption|p2a: Eldegoss\n|-resisted|p2a: Eldegoss\n|-damage|p2a: Eldegoss|53\/100\n|\n|-heal|p2a: Eldegoss|59\/100|[from] Grassy Terrain\n|upkeep\n|turn|19\n|\n|t:|1667993206\n|switch|p1a: Mamoswine|Mamoswine, F|94\/100 tox\n|switch|p2a: Corsola|Corsola, F|100\/100\n|\n|-heal|p1a: Mamoswine|100\/100 tox|[from] Grassy Terrain\n|-damage|p1a: Mamoswine|94\/100 tox|[from] psn\n|upkeep\n|turn|20\n|\n|t:|1667993214\n|switch|p1a: Volcanion|Volcanion|100\/100\n|switch|p2a: Slowbro|Slowbro, F|100\/100 tox\n|\n|-damage|p2a: Slowbro|94\/100 tox|[from] psn\n|-fieldend|move: Grassy Terrain\n|upkeep\n|turn|21\n|\n|t:|1667993219\n|switch|p2a: Corsola|Corsola, F|100\/100\n|move|p1a: Volcanion|Fire Blast|p2a: Corsola\n|-resisted|p2a: Corsola\n|-damage|p2a: Corsola|89\/100\n|\n|upkeep\n|turn|22\n|\n|t:|1667993224\n|switch|p1a: Blissey|Blissey, F|95\/100\n|move|p2a: Corsola|Scald|p1a: Blissey\n|-damage|p1a: Blissey|87\/100\n|\n|upkeep\n|turn|23\n|\n|t:|1667993234\n|switch|p2a: Eldegoss|Eldegoss, F|93\/100\n|move|p1a: Blissey|Teleport|p1a: Blissey\n|\n|t:|1667993237\n|switch|p1a: Mamoswine|Mamoswine, F|94\/100 tox|[from]move: Teleport\n|\n|-damage|p1a: Mamoswine|88\/100 tox|[from] psn\n|upkeep\n|turn|24\n|\n|t:|1667993241\n|switch|p2a: Slowbro|Slowbro, F|100\/100 tox\n|move|p1a: Mamoswine|Icicle Crash|p2a: Slowbro\n|-resisted|p2a: Slowbro\n|-damage|p2a: Slowbro|87\/100 tox\n|\n|-damage|p1a: Mamoswine|76\/100 tox|[from] psn\n|-damage|p2a: Slowbro|81\/100 tox|[from] psn\n|upkeep\n|turn|25\n|\n|t:|1667993246\n|move|p1a: Mamoswine|Stealth Rock|p2a: Slowbro\n|-sidestart|p2: phyviocow|move: Stealth Rock\n|move|p2a: Slowbro|Teleport|p2a: Slowbro\n|\n|t:|1667993253\n|switch|p2a: Eldegoss|Eldegoss, F|100\/100|[from]move: Teleport\n|\n|-damage|p1a: Mamoswine|58\/100 tox|[from] psn\n|upkeep\n|turn|26\n|\n|t:|1667993255\n|switch|p2a: Slowbro|Slowbro, F|100\/100 tox\n|-damage|p2a: Slowbro|88\/100 tox|[from] Stealth Rock\n|move|p1a: Mamoswine|Icicle Crash|p2a: Slowbro\n|-resisted|p2a: Slowbro\n|-damage|p2a: Slowbro|75\/100 tox\n|\n|-damage|p1a: Mamoswine|33\/100 tox|[from] psn\n|-damage|p2a: Slowbro|69\/100 tox|[from] psn\n|upkeep\n|turn|27\n|\n|t:|1667993261\n|switch|p1a: Rillaboom|Rillaboom, F|100\/100 brn\n|-fieldstart|move: Grassy Terrain|[from] ability: Grassy Surge|[of] p1a: Rillaboom\n|move|p2a: Slowbro|Teleport|p2a: Slowbro\n|\n|t:|1667993266\n|switch|p2a: Coalossal|Coalossal, M|97\/100|[from]move: Teleport\n|\n|-heal|p2a: Coalossal|100\/100|[from] Grassy Terrain\n|-damage|p1a: Rillaboom|94\/100 brn|[from] brn\n|upkeep\n|turn|28\n|\n|t:|1667993274\n|move|p1a: Rillaboom|U-turn|p2a: Coalossal\n|-resisted|p2a: Coalossal\n|-damage|p2a: Coalossal|96\/100\n|\n|t:|1667993277\n|switch|p1a: Volcanion|Volcanion|100\/100|[from]move: U-turn\n|move|p2a: Coalossal|Will-O-Wisp|p1a: Volcanion\n|-immune|p1a: Volcanion\n|\n|-heal|p2a: Coalossal|100\/100|[from] Grassy Terrain\n|upkeep\n|turn|29\n|\n|t:|1667993283\n|switch|p2a: Corsola|Corsola, F|100\/100\n|-damage|p2a: Corsola|88\/100|[from] Stealth Rock\n|move|p1a: Volcanion|Fire Blast|p2a: Corsola\n|-resisted|p2a: Corsola\n|-damage|p2a: Corsola|77\/100\n|\n|-heal|p2a: Corsola|83\/100|[from] Grassy Terrain\n|upkeep\n|turn|30\n|\n|t:|1667993291\n|switch|p1a: Corviknight|Corviknight, M|64\/100\n|-ability|p1a: Corviknight|Pressure\n|move|p2a: Corsola|Scald|p1a: Corviknight\n|-damage|p1a: Corviknight|44\/100\n|\n|-heal|p2a: Corsola|89\/100|[from] Grassy Terrain\n|upkeep\n|turn|31\n|\n|t:|1667993296\n|switch|p2a: Coalossal|Coalossal, M|100\/100\n|move|p1a: Corviknight|U-turn|p2a: Coalossal\n|-resisted|p2a: Coalossal\n|-damage|p2a: Coalossal|96\/100\n|-status|p1a: Corviknight|brn|[from] ability: Flame Body|[of] p2a: Coalossal\n|\n|t:|1667993301\n|switch|p1a: Volcanion|Volcanion|100\/100|[from]move: U-turn\n|\n|-heal|p2a: Coalossal|100\/100|[from] Grassy Terrain\n|-fieldend|move: Grassy Terrain\n|upkeep\n|turn|32\n|\n|t:|1667993304\n|switch|p2a: Corsola|Corsola, F|100\/100\n|-damage|p2a: Corsola|88\/100|[from] Stealth Rock\n|move|p1a: Volcanion|Earth Power|p2a: Corsola\n|-supereffective|p2a: Corsola\n|-damage|p2a: Corsola|37\/100\n|\n|upkeep\n|turn|33\n|\n|t:|1667993310\n|switch|p1a: Mamoswine|Mamoswine, F|33\/100 tox\n|switch|p2a: Eldegoss|Eldegoss, F|100\/100\n|\n|-damage|p1a: Mamoswine|27\/100 tox|[from] psn\n|upkeep\n|turn|34\n|\n|t:|1667993314\n|switch|p1a: Volcanion|Volcanion|100\/100\n|switch|p2a: Slowbro|Slowbro, F|100\/100 tox\n|-damage|p2a: Slowbro|88\/100 tox|[from] Stealth Rock\n|\n|-damage|p2a: Slowbro|82\/100 tox|[from] psn\n|upkeep\n|turn|35\n|\n|t:|1667993322\n|move|p1a: Volcanion|Sludge Wave|p2a: Slowbro\n|-damage|p2a: Slowbro|21\/100 tox\n|move|p2a: Slowbro|Teleport|p2a: Slowbro\n|\n|t:|1667993335\n|switch|p2a: Corsola|Corsola, F|70\/100|[from]move: Teleport\n|-damage|p2a: Corsola|58\/100|[from] Stealth Rock\n|\n|upkeep\n|turn|36\n|\n|t:|1667993351\n|switch|p1a: Rillaboom|Rillaboom, F|94\/100 brn\n|-fieldstart|move: Grassy Terrain|[from] ability: Grassy Surge|[of] p1a: Rillaboom\n|move|p2a: Corsola|Earth Power|p1a: Rillaboom\n|-resisted|p1a: Rillaboom\n|-damage|p1a: Rillaboom|84\/100 brn\n|\n|-heal|p1a: Rillaboom|91\/100 brn|[from] Grassy Terrain\n|-heal|p2a: Corsola|64\/100|[from] Grassy Terrain\n|-damage|p1a: Rillaboom|84\/100 brn|[from] brn\n|upkeep\n|turn|37\n|\n|t:|1667993358\n|switch|p2a: Coalossal|Coalossal, M|100\/100\n|move|p1a: Rillaboom|U-turn|p2a: Coalossal\n|-resisted|p2a: Coalossal\n|-damage|p2a: Coalossal|96\/100\n|\n|t:|1667993361\n|switch|p1a: Volcanion|Volcanion|100\/100|[from]move: U-turn\n|\n|-heal|p2a: Coalossal|100\/100|[from] Grassy Terrain\n|upkeep\n|turn|38\n|\n|t:|1667993366\n|switch|p2a: Corsola|Corsola, F|97\/100\n|-damage|p2a: Corsola|85\/100|[from] Stealth Rock\n|move|p1a: Volcanion|Fire Blast|p2a: Corsola\n|-resisted|p2a: Corsola\n|-damage|p2a: Corsola|73\/100\n|\n|-heal|p2a: Corsola|79\/100|[from] Grassy Terrain\n|upkeep\n|turn|39\n|\n|t:|1667993371\n|switch|p1a: Hydreigon|Hydreigon, M|32\/100\n|switch|p2a: Eldegoss|Eldegoss, F|100\/100\n|\n|upkeep\n|turn|40\n|\n|t:|1667993375\n|move|p1a: Hydreigon|Roost|p1a: Hydreigon\n|-heal|p1a: Hydreigon|82\/100\n|-singleturn|p1a: Hydreigon|move: Roost\n|move|p2a: Eldegoss|Leech Seed|p1a: Hydreigon\n|-start|p1a: Hydreigon|move: Leech Seed\n|\n|-damage|p1a: Hydreigon|69\/100|[from] Leech Seed|[of] p2a: Eldegoss\n|-fieldend|move: Grassy Terrain\n|upkeep\n|turn|41\n|\n|t:|1667993380\n|move|p1a: Hydreigon|Nasty Plot|p1a: Hydreigon\n|-boost|p1a: Hydreigon|spa|2\n|move|p2a: Eldegoss|Rapid Spin|p1a: Hydreigon\n|-damage|p1a: Hydreigon|62\/100\n|-boost|p2a: Eldegoss|spe|1\n|-sideend|p2: phyviocow|Stealth Rock|[from] move: Rapid Spin|[of] p2a: Eldegoss\n|\n|-damage|p1a: Hydreigon|49\/100|[from] Leech Seed|[of] p2a: Eldegoss\n|upkeep\n|turn|42\n|\n|t:|1667993383\n|switch|p2a: Togedemaru-Mega|Togedemaru, L1, F|100\/100\n|move|p1a: Hydreigon|Dark Pulse|p2a: Togedemaru-Mega\n|-ability|p2a: Togedemaru-Mega|Sturdy\n|-damage|p2a: Togedemaru-Mega|9\/100\n|\n|-damage|p1a: Hydreigon|37\/100|[from] Leech Seed|[of] p2a: Togedemaru-Mega\n|-heal|p2a: Togedemaru-Mega|100\/100|[silent]\n|upkeep\n|turn|43\n|\n|t:|1667993401\n|switch|p1a: Corviknight|Corviknight, M|44\/100 brn\n|-ability|p1a: Corviknight|Pressure\n|move|p2a: Togedemaru-Mega|Toxic||[still]\n|-fail|p2a: Togedemaru-Mega\n|\n|-damage|p1a: Corviknight|38\/100 brn|[from] brn\n|upkeep\n|turn|44\n|\n|t:|1667993410\n|switch|p2a: Slowbro|Slowbro, F|54\/100 tox\n|move|p1a: Corviknight|Roost|p1a: Corviknight\n|-heal|p1a: Corviknight|88\/100 brn\n|-singleturn|p1a: Corviknight|move: Roost\n|\n|-damage|p2a: Slowbro|48\/100 tox|[from] psn\n|-damage|p1a: Corviknight|82\/100 brn|[from] brn\n|upkeep\n|turn|45\n|\n|t:|1667993413\n|move|p1a: Corviknight|U-turn|p2a: Slowbro\n|-supereffective|p2a: Slowbro\n|-damage|p2a: Slowbro|40\/100 tox\n|-damage|p1a: Corviknight|66\/100 brn|[from] item: Rocky Helmet|[of] p2a: Slowbro\n|\n|t:|1667993417\n|switch|p1a: Hydreigon|Hydreigon, M|37\/100|[from]move: U-turn\n|move|p2a: Slowbro|Teleport|p2a: Slowbro\n|\n|t:|1667993422\n|switch|p2a: Coalossal|Coalossal, M|100\/100|[from]move: Teleport\n|\n|upkeep\n|turn|46\n|\n|t:|1667993426\n|switch|p1a: Volcanion|Volcanion|100\/100\n|move|p2a: Coalossal|Will-O-Wisp|p1a: Volcanion\n|-immune|p1a: Volcanion\n|\n|upkeep\n|turn|47\n|\n|t:|1667993434\n|switch|p2a: Corsola|Corsola, F|100\/100\n|move|p1a: Volcanion|Steam Eruption|p2a: Corsola\n|-crit|p2a: Corsola\n|-damage|p2a: Corsola|22\/100\n|\n|upkeep\n|turn|48\n|\n|t:|1667993443\n|switch|p2a: Eldegoss|Eldegoss, F|100\/100\n|move|p1a: Volcanion|Steam Eruption|p2a: Eldegoss\n|-resisted|p2a: Eldegoss\n|-damage|p2a: Eldegoss|71\/100\n|-status|p2a: Eldegoss|brn\n|\n|-damage|p2a: Eldegoss|65\/100 brn|[from] brn\n|upkeep\n|turn|49\n|\n|t:|1667993453\n|switch|p1a: Rillaboom|Rillaboom, F|84\/100 brn\n|-fieldstart|move: Grassy Terrain|[from] ability: Grassy Surge|[of] p1a: Rillaboom\n|move|p2a: Eldegoss|Aromatherapy|p2a: Eldegoss\n|-activate|p2a: Eldegoss|move: Aromatherapy\n|-curestatus|p2a: Eldegoss|brn|[msg]\n|-curestatus|p2: Slowbro|tox|[msg]\n|\n|-heal|p1a: Rillaboom|91\/100 brn|[from] Grassy Terrain\n|-heal|p2a: Eldegoss|71\/100|[from] Grassy Terrain\n|-damage|p1a: Rillaboom|84\/100 brn|[from] brn\n|upkeep\n|turn|50\n|\n|t:|1667993459\n|switch|p2a: Corsola|Corsola, F|56\/100\n|move|p1a: Rillaboom|Knock Off|p2a: Corsola\n|-damage|p2a: Corsola|26\/100\n|-enditem|p2a: Corsola|Assault Vest|[from] move: Knock Off|[of] p1a: Rillaboom\n|\n|-heal|p1a: Rillaboom|91\/100 brn|[from] Grassy Terrain\n|-heal|p2a: Corsola|32\/100|[from] Grassy Terrain\n|-damage|p1a: Rillaboom|84\/100 brn|[from] brn\n|upkeep\n|turn|51\n|\n|t:|1667993465\n|switch|p1a: Blissey|Blissey, F|87\/100\n|switch|p2a: Coalossal|Coalossal, M|100\/100\n|\n|-heal|p1a: Blissey|93\/100|[from] Grassy Terrain\n|upkeep\n|turn|52\n|\n|t:|1667993469\n|switch|p2a: Slowbro|Slowbro, F|73\/100\n|move|p1a: Blissey|Toxic|p2a: Slowbro|[miss]\n|-miss|p1a: Blissey|p2a: Slowbro\n|\n|-heal|p1a: Blissey|99\/100|[from] Grassy Terrain\n|-heal|p2a: Slowbro|79\/100|[from] Grassy Terrain\n|upkeep\n|turn|53\n|\n|t:|1667993472\n|move|p2a: Slowbro|Future Sight|p1a: Blissey\n|-start|p2a: Slowbro|move: Future Sight\n|move|p1a: Blissey|Teleport|p1a: Blissey\n|\n|t:|1667993475\n|switch|p1a: Hydreigon|Hydreigon, M|37\/100|[from]move: Teleport\n|\n|-heal|p2a: Slowbro|85\/100|[from] Grassy Terrain\n|-fieldend|move: Grassy Terrain\n|upkeep\n|turn|54\n|\n|t:|1667993481\n|switch|p2a: Eldegoss|Eldegoss, F|100\/100\n|move|p1a: Hydreigon|Nasty Plot|p1a: Hydreigon\n|-boost|p1a: Hydreigon|spa|2\n|\n|upkeep\n|turn|55\n|\n|t:|1667993485\n|move|p1a: Hydreigon|Dark Pulse|p2a: Eldegoss\n|-damage|p2a: Eldegoss|45\/100\n|move|p2a: Eldegoss|Leech Seed|p1a: Hydreigon\n|-start|p1a: Hydreigon|move: Leech Seed\n|\n|-end|p1a: Hydreigon|move: Future Sight\n|-immune|p1a: Hydreigon\n|-damage|p1a: Hydreigon|25\/100|[from] Leech Seed|[of] p2a: Eldegoss\n|-heal|p2a: Eldegoss|57\/100|[silent]\n|upkeep\n|turn|56\n|\n|t:|1667993492\n|switch|p1a: Corviknight|Corviknight, M|66\/100 brn\n|-ability|p1a: Corviknight|Pressure\n|switch|p2a: Togedemaru-Mega|Togedemaru, L1, F|100\/100\n|\n|-damage|p1a: Corviknight|60\/100 brn|[from] brn\n|upkeep\n|turn|57\n|\n|t:|1667993497\n|move|p1a: Corviknight|U-turn|p2a: Togedemaru-Mega\n|-resisted|p2a: Togedemaru-Mega\n|-ability|p2a: Togedemaru-Mega|Sturdy\n|-damage|p2a: Togedemaru-Mega|9\/100\n|\n|t:|1667993504\n|switch|p1a: Mamoswine|Mamoswine, F|27\/100 tox|[from]move: U-turn\n|move|p2a: Togedemaru-Mega|Endeavor|p1a: Mamoswine\n|-damage|p1a: Mamoswine|1\/100 tox\n|-heal|p2a: Togedemaru-Mega|100\/100|[from] item: Shell Bell|[of] p1a: Mamoswine\n|\n|-damage|p1a: Mamoswine|0 fnt|[from] psn\n|faint|p1a: Mamoswine\n|upkeep\n|\n|t:|1667993514\n|switch|p1a: Corviknight|Corviknight, M|60\/100 brn\n|-ability|p1a: Corviknight|Pressure\n|turn|58\n|\n|t:|1667993521\n|switch|p2a: Corsola|Corsola, F|65\/100\n|move|p1a: Corviknight|Roost|p1a: Corviknight\n|-heal|p1a: Corviknight|100\/100 brn\n|-singleturn|p1a: Corviknight|move: Roost\n|\n|-damage|p1a: Corviknight|94\/100 brn|[from] brn\n|upkeep\n|turn|59\n|\n|t:|1667993529\n|switch|p2a: Slowbro|Slowbro, F|100\/100\n|move|p1a: Corviknight|Body Press|p2a: Slowbro\n|-resisted|p2a: Slowbro\n|-damage|p2a: Slowbro|97\/100\n|-damage|p1a: Corviknight|78\/100 brn|[from] item: Rocky Helmet|[of] p2a: Slowbro\n|\n|-damage|p1a: Corviknight|72\/100 brn|[from] brn\n|upkeep\n|turn|60\n|\n|t:|1667993534\n|move|p1a: Corviknight|U-turn|p2a: Slowbro\n|-supereffective|p2a: Slowbro\n|-damage|p2a: Slowbro|89\/100\n|-damage|p1a: Corviknight|55\/100 brn|[from] item: Rocky Helmet|[of] p2a: Slowbro\n|\n|t:|1667993537\n|switch|p1a: Blissey|Blissey, F|99\/100|[from]move: U-turn\n|move|p2a: Slowbro|Teleport|p2a: Slowbro\n|\n|t:|1667993544\n|switch|p2a: Eldegoss|Eldegoss, F|90\/100|[from]move: Teleport\n|\n|upkeep\n|turn|61\n|\n|t:|1667993549\n|move|p2a: Eldegoss|Leech Seed|p1a: Blissey\n|-start|p1a: Blissey|move: Leech Seed\n|move|p1a: Blissey|Toxic|p2a: Eldegoss\n|-status|p2a: Eldegoss|tox\n|\n|-damage|p1a: Blissey|87\/100|[from] Leech Seed|[of] p2a: Eldegoss\n|-heal|p2a: Eldegoss|100\/100 tox|[silent]\n|-damage|p2a: Eldegoss|94\/100 tox|[from] psn\n|upkeep\n|turn|62\n|\n|t:|1667993564\n|switch|p2a: Slowbro|Slowbro, F|100\/100\n|move|p1a: Blissey|Teleport|p1a: Blissey\n|\n|t:|1667993567\n|switch|p1a: Hydreigon|Hydreigon, M|25\/100|[from]move: Teleport\n|\n|upkeep\n|turn|63\n|\n|t:|1667993574\n|switch|p2a: Corsola|Corsola, F|98\/100\n|move|p1a: Hydreigon|Dark Pulse|p2a: Corsola\n|-damage|p2a: Corsola|68\/100\n|\n|upkeep\n|turn|64\n|\n|t:|1667993578\n|move|p1a: Hydreigon|Roost|p1a: Hydreigon\n|-heal|p1a: Hydreigon|75\/100\n|-singleturn|p1a: Hydreigon|move: Roost\n|move|p2a: Corsola|Scald|p1a: Hydreigon\n|-resisted|p1a: Hydreigon\n|-damage|p1a: Hydreigon|64\/100\n|\n|upkeep\n|turn|65\n|\n|t:|1667993583\n|move|p1a: Hydreigon|Nasty Plot|p1a: Hydreigon\n|-boost|p1a: Hydreigon|spa|2\n|move|p2a: Corsola|Scald|p1a: Hydreigon\n|-resisted|p1a: Hydreigon\n|-damage|p1a: Hydreigon|53\/100\n|\n|upkeep\n|turn|66\n|j| Luna The Cresselia\n|\n|t:|1667993586\n|move|p1a: Hydreigon|Draco Meteor|p2a: Corsola|[miss]\n|-miss|p1a: Hydreigon|p2a: Corsola\n|move|p2a: Corsola|Scald|p1a: Hydreigon\n|-resisted|p1a: Hydreigon\n|-damage|p1a: Hydreigon|42\/100\n|-status|p1a: Hydreigon|brn\n|\n|-damage|p1a: Hydreigon|36\/100 brn|[from] brn\n|upkeep\n|turn|67\n|\n|t:|1667993604\n|switch|p2a: Coalossal|Coalossal, M|100\/100\n|move|p1a: Hydreigon|Draco Meteor|p2a: Coalossal\n|-damage|p2a: Coalossal|0 fnt\n|-unboost|p1a: Hydreigon|spa|2\n|faint|p2a: Coalossal\n|\n|-damage|p1a: Hydreigon|29\/100 brn|[from] brn\n|upkeep\n|\n|t:|1667993607\n|switch|p2a: Togedemaru-Mega|Togedemaru, L1, F|100\/100\n|turn|68\n|\n|t:|1667993627\n|switch|p1a: Blissey|Blissey, F|87\/100\n|move|p2a: Togedemaru-Mega|Endeavor|p1a: Blissey\n|-damage|p1a: Blissey|2\/100\n|\n|upkeep\n|turn|69\n|\n|t:|1667993639\n|move|p1a: Blissey|Soft-Boiled|p1a: Blissey\n|-heal|p1a: Blissey|52\/100\n|move|p2a: Togedemaru-Mega|Toxic|p1a: Blissey\n|-status|p1a: Blissey|tox\n|\n|-damage|p1a: Blissey|46\/100 tox|[from] psn\n|upkeep\n|turn|70\n|\n|t:|1667993646\n|move|p1a: Blissey|Seismic Toss|p2a: Togedemaru-Mega\n|-ability|p2a: Togedemaru-Mega|Sturdy\n|-damage|p2a: Togedemaru-Mega|9\/100\n|move|p2a: Togedemaru-Mega|Endeavor|p1a: Blissey\n|-damage|p1a: Blissey|1\/100 tox\n|-heal|p2a: Togedemaru-Mega|100\/100|[from] item: Shell Bell|[of] p1a: Blissey\n|\n|-damage|p1a: Blissey|0 fnt|[from] psn\n|faint|p1a: Blissey\n|upkeep\n|\n|t:|1667993651\n|switch|p1a: Corviknight|Corviknight, M|55\/100 brn\n|-ability|p1a: Corviknight|Pressure\n|turn|71\n|\n|t:|1667993657\n|switch|p2a: Slowbro|Slowbro, F|100\/100\n|move|p1a: Corviknight|Roost|p1a: Corviknight\n|-heal|p1a: Corviknight|100\/100 brn\n|-singleturn|p1a: Corviknight|move: Roost\n|\n|-damage|p1a: Corviknight|94\/100 brn|[from] brn\n|upkeep\n|turn|72\n|\n|t:|1667993664\n|move|p1a: Corviknight|U-turn|p2a: Slowbro\n|-supereffective|p2a: Slowbro\n|-damage|p2a: Slowbro|92\/100\n|-damage|p1a: Corviknight|78\/100 brn|[from] item: Rocky Helmet|[of] p2a: Slowbro\n|\n|t:|1667993667\n|switch|p1a: Volcanion|Volcanion|100\/100|[from]move: U-turn\n|move|p2a: Slowbro|Teleport|p2a: Slowbro\n|\n|t:|1667993670\n|switch|p2a: Corsola|Corsola, F|100\/100|[from]move: Teleport\n|\n|upkeep\n|turn|73\n|\n|t:|1667993674\n|move|p1a: Volcanion|Steam Eruption|p2a: Corsola\n|-damage|p2a: Corsola|22\/100\n|-status|p2a: Corsola|brn\n|move|p2a: Corsola|Mirror Coat|p1a: Volcanion\n|-damage|p1a: Volcanion|0 fnt\n|faint|p1a: Volcanion\n|\n|-damage|p2a: Corsola|16\/100 brn|[from] brn\n|upkeep\n|\n|t:|1667993679\n|switch|p1a: Hydreigon|Hydreigon, M|29\/100 brn\n|turn|74\n|\n|t:|1667993685\n|switch|p2a: Eldegoss|Eldegoss, F|100\/100 tox\n|move|p1a: Hydreigon|Roost|p1a: Hydreigon\n|-heal|p1a: Hydreigon|80\/100 brn\n|-singleturn|p1a: Hydreigon|move: Roost\n|\n|-damage|p2a: Eldegoss|94\/100 tox|[from] psn\n|-damage|p1a: Hydreigon|73\/100 brn|[from] brn\n|upkeep\n|turn|75\n|\n|t:|1667993690\n|switch|p1a: Rillaboom|Rillaboom, F|84\/100 brn\n|-fieldstart|move: Grassy Terrain|[from] ability: Grassy Surge|[of] p1a: Rillaboom\n|move|p2a: Eldegoss|Leech Seed|p1a: Rillaboom\n|-immune|p1a: Rillaboom\n|\n|-heal|p1a: Rillaboom|91\/100 brn|[from] Grassy Terrain\n|-heal|p2a: Eldegoss|100\/100 tox|[from] Grassy Terrain\n|-damage|p2a: Eldegoss|88\/100 tox|[from] psn\n|-damage|p1a: Rillaboom|84\/100 brn|[from] brn\n|upkeep\n|turn|76\n|\n|t:|1667993695\n|switch|p2a: Slowbro|Slowbro, F|100\/100\n|move|p1a: Rillaboom|Knock Off|p2a: Slowbro\n|-supereffective|p2a: Slowbro\n|-damage|p2a: Slowbro|68\/100\n|-damage|p1a: Rillaboom|68\/100 brn|[from] item: Rocky Helmet|[of] p2a: Slowbro\n|-enditem|p2a: Slowbro|Rocky Helmet|[from] move: Knock Off|[of] p1a: Rillaboom\n|\n|-heal|p1a: Rillaboom|74\/100 brn|[from] Grassy Terrain\n|-heal|p2a: Slowbro|74\/100|[from] Grassy Terrain\n|-damage|p1a: Rillaboom|68\/100 brn|[from] brn\n|upkeep\n|turn|77\n|\n|t:|1667993701\n|switch|p1a: Hydreigon|Hydreigon, M|73\/100 brn\n|move|p2a: Slowbro|Teleport|p2a: Slowbro\n|\n|t:|1667993704\n|switch|p2a: Togedemaru-Mega|Togedemaru, L1, F|100\/100|[from]move: Teleport\n|\n|-damage|p1a: Hydreigon|67\/100 brn|[from] brn\n|upkeep\n|turn|78\n|\n|t:|1667993707\n|switch|p1a: Corviknight|Corviknight, M|78\/100 brn\n|-ability|p1a: Corviknight|Pressure\n|move|p2a: Togedemaru-Mega|Endeavor|p1a: Corviknight\n|-damage|p1a: Corviknight|4\/100 brn\n|-damage|p2a: Togedemaru-Mega|84\/100|[from] item: Rocky Helmet|[of] p1a: Corviknight\n|-heal|p2a: Togedemaru-Mega|100\/100|[from] item: Shell Bell|[of] p1a: Corviknight\n|\n|-damage|p1a: Corviknight|0 fnt|[from] brn\n|faint|p1a: Corviknight\n|upkeep\n|\n|t:|1667993713\n|switch|p1a: Rillaboom|Rillaboom, F|68\/100 brn\n|turn|79\n|\n|t:|1667993717\n|move|p2a: Togedemaru-Mega|Spiky Shield|p2a: Togedemaru-Mega\n|-singleturn|p2a: Togedemaru-Mega|move: Protect\n|move|p1a: Rillaboom|Knock Off|p2a: Togedemaru-Mega\n|-activate|p2a: Togedemaru-Mega|move: Protect\n|-damage|p1a: Rillaboom|56\/100 brn|[from] Spiky Shield|[of] p2a: Togedemaru-Mega\n|\n|-heal|p1a: Rillaboom|62\/100 brn|[from] Grassy Terrain\n|-damage|p1a: Rillaboom|56\/100 brn|[from] brn\n|-fieldend|move: Grassy Terrain\n|upkeep\n|turn|80\n|\n|t:|1667993723\n|switch|p2a: Slowbro|Slowbro, F|100\/100\n|move|p1a: Rillaboom|Knock Off|p2a: Slowbro\n|-supereffective|p2a: Slowbro\n|-damage|p2a: Slowbro|79\/100\n|\n|-damage|p1a: Rillaboom|49\/100 brn|[from] brn\n|upkeep\n|turn|81\n|\n|t:|1667993726\n|switch|p1a: Hydreigon|Hydreigon, M|67\/100 brn\n|move|p2a: Slowbro|Teleport|p2a: Slowbro\n|\n|t:|1667993728\n|switch|p2a: Togedemaru-Mega|Togedemaru, L1, F|100\/100|[from]move: Teleport\n|\n|-damage|p1a: Hydreigon|61\/100 brn|[from] brn\n|upkeep\n|turn|82\n|\n|t:|1667993742\n|move|p1a: Hydreigon|Dark Pulse|p2a: Togedemaru-Mega\n|-ability|p2a: Togedemaru-Mega|Sturdy\n|-damage|p2a: Togedemaru-Mega|9\/100\n|move|p2a: Togedemaru-Mega|Endeavor|p1a: Hydreigon\n|-damage|p1a: Hydreigon|1\/100 brn\n|-heal|p2a: Togedemaru-Mega|100\/100|[from] item: Shell Bell|[of] p1a: Hydreigon\n|\n|-damage|p1a: Hydreigon|0 fnt|[from] brn\n|faint|p1a: Hydreigon\n|upkeep\n|-message|Jamario Mariomario forfeited.\n|\n|win|phyviocow\n|raw|Jamario Mariomario's rating: 1652 &rarr; <strong>1633<\/strong><br \/>(-19 for losing)\n|raw|phyviocow's rating: 1666 &rarr; <strong>1685<\/strong><br \/>(+19 for winning)\n|l|\u2606Jamario Mariomario\n|l| Luna The Cresselia\n||Ladder isn't responding, score probably updated but might not have (Request timeout).\n","uploadtime":1667994280,"views":5,"p1id":"jamariomariomario","p2id":"phyviocow","formatid":"gen8ou","rating":1633,"private":0,"password":null}