{"id":"gen8ou-1654803184","p1":"Throw Games","p2":"Not Sarcasm","format":"gen8ou","log":"|j|\u2606Throw Games\n|j|\u2606Not Sarcasm\n|t:|1662171788\n|gametype|singles\n|player|p1|Throw Games|marshal|1573\n|player|p2|Not Sarcasm|102|1644\n|teamsize|p1|6\n|teamsize|p2|6\n|gen|8\n|tier|[Gen 8] OU\n|rated|\n|rule|Sleep Clause Mod: Limit one foe put to sleep\n|rule|Species Clause: Limit one of each Pok\u00e9mon\n|rule|OHKO Clause: OHKO moves are banned\n|rule|Evasion Items Clause: Evasion items are banned\n|rule|Evasion Moves Clause: Evasion moves are banned\n|rule|Endless Battle Clause: Forcing endless battles is banned\n|rule|HP Percentage Mod: HP is shown in percentages\n|rule|Dynamax Clause: You cannot dynamax\n|clearpoke\n|poke|p1|Tapu Lele|\n|poke|p1|Heatran, F|\n|poke|p1|Slowbro, M|\n|poke|p1|Buzzwole|\n|poke|p1|Hydreigon, F|\n|poke|p1|Zeraora|\n|poke|p2|Pelipper, M|\n|poke|p2|Seismitoad, M|\n|poke|p2|Zapdos|\n|poke|p2|Ferrothorn, F|\n|poke|p2|Barraskewda, F|\n|poke|p2|Crawdaunt, M|\n|teampreview\n|inactive|Battle timer is ON: inactive players will automatically lose when time's up. (requested by Throw Games)\n|\n|t:|1662171802\n|start\n|switch|p1a: Tapu Lele|Tapu Lele|100\/100\n|switch|p2a: Let's in the rain|Pelipper, M|100\/100\n|-fieldstart|move: Psychic Terrain|[from] ability: Psychic Surge|[of] p1a: Tapu Lele\n|-weather|RainDance|[from] ability: Drizzle|[of] p2a: Let's in the rain\n|turn|1\n|\n|t:|1662171810\n|switch|p2a: Ferrothorn|Ferrothorn, F|100\/100\n|move|p1a: Tapu Lele|Psychic|p2a: Ferrothorn\n|-resisted|p2a: Ferrothorn\n|-damage|p2a: Ferrothorn|60\/100\n|\n|-weather|RainDance|[upkeep]\n|-heal|p2a: Ferrothorn|66\/100|[from] item: Leftovers\n|upkeep\n|turn|2\n|\n|t:|1662171818\n|switch|p1a: Heatran|Heatran, F|100\/100\n|move|p2a: Ferrothorn|Leech Seed|p1a: Heatran\n|-start|p1a: Heatran|move: Leech Seed\n|\n|-weather|RainDance|[upkeep]\n|-heal|p2a: Ferrothorn|72\/100|[from] item: Leftovers\n|-damage|p1a: Heatran|88\/100|[from] Leech Seed|[of] p2a: Ferrothorn\n|-heal|p2a: Ferrothorn|86\/100|[silent]\n|upkeep\n|turn|3\n|\n|t:|1662171832\n|move|p1a: Heatran|Stealth Rock|p2a: Ferrothorn\n|-sidestart|p2: Not Sarcasm|move: Stealth Rock\n|move|p2a: Ferrothorn|Stealth Rock|p1a: Heatran\n|-sidestart|p1: Throw Games|move: Stealth Rock\n|\n|-weather|RainDance|[upkeep]\n|-heal|p1a: Heatran|94\/100|[from] item: Leftovers\n|-heal|p2a: Ferrothorn|92\/100|[from] item: Leftovers\n|-damage|p1a: Heatran|82\/100|[from] Leech Seed|[of] p2a: Ferrothorn\n|-heal|p2a: Ferrothorn|100\/100|[silent]\n|upkeep\n|turn|4\n|\n|t:|1662171840\n|switch|p1a: Hydreigon|Hydreigon, F|100\/100\n|-damage|p1a: Hydreigon|88\/100|[from] Stealth Rock\n|switch|p2a: Seismitoad|Seismitoad, M|100\/100\n|-damage|p2a: Seismitoad|95\/100|[from] Stealth Rock\n|\n|-weather|RainDance|[upkeep]\n|upkeep\n|turn|5\n|\n|t:|1662171848\n|move|p2a: Seismitoad|Focus Blast|p1a: Hydreigon|[miss]\n|-miss|p2a: Seismitoad|p1a: Hydreigon\n|move|p1a: Hydreigon|Dark Pulse|p2a: Seismitoad\n|-damage|p2a: Seismitoad|46\/100\n|\n|-weather|RainDance|[upkeep]\n|-fieldend|move: Psychic Terrain\n|upkeep\n|turn|6\n|\n|t:|1662171855\n|switch|p1a: Slowbro|Slowbro, M|100\/100\n|move|p2a: Seismitoad|Focus Blast|p1a: Slowbro\n|-resisted|p1a: Slowbro\n|-damage|p1a: Slowbro|78\/100\n|-damage|p2a: Seismitoad|36\/100|[from] item: Life Orb\n|\n|-weather|RainDance|[upkeep]\n|upkeep\n|turn|7\n|\n|t:|1662171863\n|move|p2a: Seismitoad|Earth Power|p1a: Slowbro\n|-damage|p1a: Slowbro|26\/100\n|-damage|p2a: Seismitoad|26\/100|[from] item: Life Orb\n|move|p1a: Slowbro|Slack Off|p1a: Slowbro\n|-heal|p1a: Slowbro|76\/100\n|\n|-weather|RainDance|[upkeep]\n|upkeep\n|turn|8\n|\n|t:|1662171873\n|switch|p2a: Crawdaunt|Crawdaunt, M|100\/100\n|-damage|p2a: Crawdaunt|88\/100|[from] Stealth Rock\n|move|p1a: Slowbro|Scald|p2a: Crawdaunt\n|-resisted|p2a: Crawdaunt\n|-damage|p2a: Crawdaunt|42\/100\n|\n|-weather|none\n|upkeep\n|turn|9\n|\n|t:|1662171880\n|switch|p1a: Buzzwole|Buzzwole|100\/100\n|-damage|p1a: Buzzwole|88\/100|[from] Stealth Rock\n|move|p2a: Crawdaunt|Knock Off|p1a: Buzzwole\n|-resisted|p1a: Buzzwole\n|-damage|p1a: Buzzwole|61\/100\n|-damage|p2a: Crawdaunt|26\/100|[from] item: Rocky Helmet|[of] p1a: Buzzwole\n|-enditem|p1a: Buzzwole|Rocky Helmet|[from] move: Knock Off|[of] p2a: Crawdaunt\n|-damage|p2a: Crawdaunt|16\/100|[from] item: Life Orb\n|\n|upkeep\n|turn|10\n|\n|t:|1662171894\n|switch|p2a: Let's in the rain|Pelipper, M|100\/100\n|-damage|p2a: Let's in the rain|76\/100|[from] Stealth Rock\n|-weather|RainDance|[from] ability: Drizzle|[of] p2a: Let's in the rain\n|move|p1a: Buzzwole|Ice Punch|p2a: Let's in the rain\n|-damage|p2a: Let's in the rain|45\/100\n|\n|-weather|RainDance|[upkeep]\n|upkeep\n|turn|11\n|\n|t:|1662171905\n|switch|p1a: Slowbro|Slowbro, M|100\/100\n|switch|p2a: Zapdos|Zapdos|100\/100\n|\n|-weather|RainDance|[upkeep]\n|upkeep\n|turn|12\n|\n|t:|1662171916\n|switch|p1a: Hydreigon|Hydreigon, F|88\/100\n|-damage|p1a: Hydreigon|76\/100|[from] Stealth Rock\n|move|p2a: Zapdos|Weather Ball|p1a: Hydreigon\n|-resisted|p1a: Hydreigon\n|-crit|p1a: Hydreigon\n|-damage|p1a: Hydreigon|32\/100\n|\n|-weather|RainDance|[upkeep]\n|upkeep\n|turn|13\n|\n|t:|1662171924\n|move|p1a: Hydreigon|Dark Pulse|p2a: Zapdos\n|-damage|p2a: Zapdos|52\/100\n|move|p2a: Zapdos|Hurricane|p1a: Hydreigon\n|-damage|p1a: Hydreigon|0 fnt\n|faint|p1a: Hydreigon\n|\n|-weather|RainDance|[upkeep]\n|upkeep\n|\n|t:|1662171939\n|switch|p1a: Zeraora|Zeraora|100\/100\n|turn|14\n|\n|t:|1662171946\n|switch|p2a: Ferrothorn|Ferrothorn, F|100\/100\n|-damage|p2a: Ferrothorn|95\/100|[from] Stealth Rock\n|move|p1a: Zeraora|Knock Off|p2a: Ferrothorn\n|-damage|p2a: Ferrothorn|75\/100\n|-damage|p1a: Zeraora|88\/100|[from] ability: Iron Barbs|[of] p2a: Ferrothorn\n|-enditem|p2a: Ferrothorn|Leftovers|[from] move: Knock Off|[of] p1a: Zeraora\n|\n|-weather|RainDance|[upkeep]\n|upkeep\n|turn|15\n|\n|t:|1662171955\n|move|p1a: Zeraora|Close Combat|p2a: Ferrothorn\n|-supereffective|p2a: Ferrothorn\n|-damage|p2a: Ferrothorn|29\/100\n|-unboost|p1a: Zeraora|def|1\n|-unboost|p1a: Zeraora|spd|1\n|-damage|p1a: Zeraora|76\/100|[from] ability: Iron Barbs|[of] p2a: Ferrothorn\n|move|p2a: Ferrothorn|Knock Off|p1a: Zeraora\n|-damage|p1a: Zeraora|36\/100\n|-enditem|p1a: Zeraora|Heavy-Duty Boots|[from] move: Knock Off|[of] p2a: Ferrothorn\n|\n|-weather|RainDance|[upkeep]\n|upkeep\n|turn|16\n|\n|t:|1662171974\n|move|p1a: Zeraora|Close Combat|p2a: Ferrothorn\n|-supereffective|p2a: Ferrothorn\n|-damage|p2a: Ferrothorn|0 fnt\n|-unboost|p1a: Zeraora|def|1\n|-unboost|p1a: Zeraora|spd|1\n|-damage|p1a: Zeraora|24\/100|[from] ability: Iron Barbs|[of] p2a: Ferrothorn\n|faint|p2a: Ferrothorn\n|\n|-weather|RainDance|[upkeep]\n|upkeep\n|\n|t:|1662171984\n|switch|p2a: Barraskewda|Barraskewda, F|100\/100\n|-damage|p2a: Barraskewda|88\/100|[from] Stealth Rock\n|turn|17\n|\n|t:|1662172002\n|switch|p1a: Slowbro|Slowbro, M|100\/100\n|move|p2a: Barraskewda|Flip Turn|p1a: Slowbro\n|-resisted|p1a: Slowbro\n|-damage|p1a: Slowbro|77\/100\n|\n|t:|1662172009\n|switch|p2a: Zapdos|Zapdos|52\/100|[from]move: Flip Turn\n|\n|-weather|none\n|upkeep\n|turn|18\n|inactive|Not Sarcasm has 120 seconds left.\n|\n|t:|1662172039\n|switch|p1a: Zeraora|Zeraora|24\/100\n|-damage|p1a: Zeraora|12\/100|[from] Stealth Rock\n|move|p2a: Zapdos|Roost|p2a: Zapdos\n|-heal|p2a: Zapdos|100\/100\n|-singleturn|p2a: Zapdos|move: Roost\n|\n|upkeep\n|turn|19\n|inactive|Not Sarcasm has 120 seconds left.\n|inactive|Not Sarcasm has 90 seconds left.\n|\n|t:|1662172075\n|move|p1a: Zeraora|Knock Off|p2a: Zapdos\n|-damage|p2a: Zapdos|65\/100\n|-enditem|p2a: Zapdos|Heavy-Duty Boots|[from] move: Knock Off|[of] p1a: Zeraora\n|move|p2a: Zapdos|Roost|p2a: Zapdos\n|-heal|p2a: Zapdos|100\/100\n|-singleturn|p2a: Zapdos|move: Roost\n|\n|upkeep\n|turn|20\n|inactive|Not Sarcasm has 90 seconds left.\n|\n|t:|1662172100\n|move|p1a: Zeraora|Plasma Fists|p2a: Zapdos\n|-damage|p2a: Zapdos|40\/100\n|-fieldactivate|move: Ion Deluge\n|-hint|Normal-type moves become Electric-type after using Plasma Fists.\n|move|p2a: Zapdos|Weather Ball|p1a: Zeraora\n|-heal|p1a: Zeraora|36\/100|[from] ability: Volt Absorb|[of] p2a: Zapdos\n|\n|upkeep\n|turn|21\n|l|\u2606Not Sarcasm\n|inactive|Not Sarcasm disconnected and has a minute to reconnect!\n|player|p2|\n|inactive|Not Sarcasm has 30 seconds to reconnect!\n|inactive|Not Sarcasm has 20 seconds to reconnect!\n|inactive|Not Sarcasm has 15 seconds to reconnect!\n|inactive|Not Sarcasm has 10 seconds to reconnect!\n|inactive|Not Sarcasm has 5 seconds to reconnect!\n|-message|Not Sarcasm lost due to inactivity.\n|\n|win|Throw Games\n|inactive|Not Sarcasm has 30 seconds left this turn.\n|raw|Throw Games's rating: 1573 &rarr; <strong>1597<\/strong><br \/>(+24 for winning)\n|raw|Not Sarcasm's rating: 1644 &rarr; <strong>1620<\/strong><br \/>(-24 for losing)\n","uploadtime":1662172168,"views":6,"p1id":"throwgames","p2id":"notsarcasm","formatid":"gen8ou","rating":1597,"private":0,"password":null}