{"id":"gen8ou-1392677638","p1":"Bakaboure","p2":"NoHo Ho-Ohs","format":"gen8ou","log":"|j|\u2606Bakaboure\n|j|\u2606NoHo Ho-Ohs\n|t:|1628442292\n|gametype|singles\n|player|p1|Bakaboure|265|1449\n|player|p2|NoHo Ho-Ohs|cyclist|1521\n|teamsize|p1|6\n|teamsize|p2|6\n|gen|8\n|tier|[Gen 8] OU\n|rated|\n|rule|Sleep Clause Mod: Limit one foe put to sleep\n|rule|Species Clause: Limit one of each Pok\u00e9mon\n|rule|OHKO Clause: OHKO moves are banned\n|rule|Evasion Moves Clause: Evasion moves are banned\n|rule|Endless Battle Clause: Forcing endless battles is banned\n|rule|HP Percentage Mod: HP is shown in percentages\n|rule|Dynamax Clause: You cannot dynamax\n|clearpoke\n|poke|p1|Garchomp, F|\n|poke|p1|Alakazam, F|\n|poke|p1|Regieleki|\n|poke|p1|Rillaboom, F|\n|poke|p1|Zeraora|\n|poke|p1|Victini|\n|poke|p2|Marowak-Alola, M|\n|poke|p2|Porygon2|\n|poke|p2|Cresselia, F|\n|poke|p2|Melmetal|\n|poke|p2|Crawdaunt, F|\n|poke|p2|Hatterene, F|\n|teampreview\n|inactive|Battle timer is ON: inactive players will automatically lose when time's up. (requested by Bakaboure)\n|j| Boy32194\n|inactive|NoHo Ho-Ohs has 120 seconds left.\n|\n|t:|1628442333\n|start\n|switch|p1a: Victini|Victini|100\/100\n|switch|p2a: Marowak|Marowak-Alola, M|100\/100\n|turn|1\n|\n|t:|1628442346\n|move|p1a: Victini|U-turn|p2a: Marowak\n|-resisted|p2a: Marowak\n|-damage|p2a: Marowak|97\/100\n|\n|t:|1628442356\n|switch|p1a: Zeraora|Zeraora|100\/100|[from]move: U-turn\n|move|p2a: Marowak|Poltergeist|p1a: Zeraora\n|-activate|p1a: Zeraora|move: Poltergeist|Life Orb\n|-damage|p1a: Zeraora|0 fnt\n|faint|p1a: Zeraora\n|\n|upkeep\n|\n|t:|1628442366\n|switch|p1a: Garchomp|Garchomp, F|100\/100\n|turn|2\n|j| JONES061\n|\n|t:|1628442374\n|switch|p2a: Cresselia|Cresselia, F|100\/100\n|move|p1a: Garchomp|Swords Dance|p1a: Garchomp\n|-boost|p1a: Garchomp|atk|2\n|\n|upkeep\n|turn|3\n|\n|t:|1628442382\n|move|p1a: Garchomp|Scale Shot|p2a: Cresselia\n|-damage|p2a: Cresselia|83\/100\n|-damage|p2a: Cresselia|65\/100\n|-hitcount|p2a: Cresselia|2\n|-unboost|p1a: Garchomp|def|1\n|-boost|p1a: Garchomp|spe|1\n|move|p2a: Cresselia|Trick Room|p2a: Cresselia\n|-fieldstart|move: Trick Room|[of] p2a: Cresselia\n|\n|-heal|p2a: Cresselia|71\/100|[from] item: Leftovers\n|upkeep\n|turn|4\n|\n|t:|1628442391\n|move|p2a: Cresselia|Lunar Dance|p2a: Cresselia\n|faint|p2a: Cresselia\n|move|p1a: Garchomp|Swords Dance|p1a: Garchomp\n|-boost|p1a: Garchomp|atk|2\n|\n|upkeep\n|\n|t:|1628442416\n|switch|p2a: Melmetal|Melmetal|100\/100\n|turn|5\n|\n|t:|1628442422\n|move|p2a: Melmetal|Double Iron Bash|p1a: Garchomp\n|-damage|p1a: Garchomp|0 fnt\n|-damage|p2a: Melmetal|88\/100|[from] ability: Rough Skin|[of] p1a: Garchomp\n|faint|p1a: Garchomp\n|-hitcount|p1: Garchomp|1\n|\n|upkeep\n|\n|t:|1628442435\n|switch|p1a: Regieleki|Regieleki|100\/100\n|turn|6\n|\n|t:|1628442439\n|move|p2a: Melmetal|Double Iron Bash|p1a: Regieleki\n|-resisted|p1a: Regieleki\n|-damage|p1a: Regieleki|44\/100\n|-resisted|p1a: Regieleki\n|-damage|p1a: Regieleki|0 fnt\n|faint|p1a: Regieleki\n|-hitcount|p1: Regieleki|2\n|\n|upkeep\n|\n|t:|1628442445\n|switch|p1a: Alakazam|Alakazam, F|100\/100\n|turn|7\n|\n|t:|1628442447\n|move|p2a: Melmetal|Double Iron Bash|p1a: Alakazam\n|-enditem|p1a: Alakazam|Focus Sash\n|-damage|p1a: Alakazam|1\/100\n|-damage|p1a: Alakazam|0 fnt\n|faint|p1a: Alakazam\n|-hitcount|p1: Alakazam|2\n|\n|-fieldend|move: Trick Room\n|upkeep\n|\n|t:|1628442454\n|switch|p1a: Victini|Victini|100\/100\n|turn|8\n|\n|t:|1628442469\n|switch|p2a: Crawdaunt|Crawdaunt, F, shiny|100\/100\n|move|p1a: Victini|Final Gambit|p2a: Crawdaunt\n|-damage|p2a: Crawdaunt|0 fnt\n|faint|p1a: Victini\n|faint|p2a: Crawdaunt\n|\n|upkeep\n|\n|t:|1628442479\n|switch|p1a: Rillaboom|Rillaboom, F|100\/100\n|switch|p2a: Melmetal|Melmetal|88\/100\n|-fieldstart|move: Grassy Terrain|[from] ability: Grassy Surge|[of] p1a: Rillaboom\n|-enditem|p1a: Rillaboom|Grassy Seed\n|-boost|p1a: Rillaboom|def|1|[from] item: Grassy Seed\n|-heal|p2a: Melmetal|100\/100|[from] move: Lunar Dance\n|turn|9\n|\n|t:|1628442486\n|move|p1a: Rillaboom|Swords Dance|p1a: Rillaboom\n|-boost|p1a: Rillaboom|atk|2\n|move|p2a: Melmetal|Ice Punch|p1a: Rillaboom\n|-supereffective|p1a: Rillaboom\n|-damage|p1a: Rillaboom|25\/100\n|\n|-heal|p1a: Rillaboom|32\/100|[from] Grassy Terrain\n|upkeep\n|turn|10\n|\n|t:|1628442493\n|move|p1a: Rillaboom|Drain Punch|p2a: Melmetal\n|-supereffective|p2a: Melmetal\n|-damage|p2a: Melmetal|46\/100\n|-heal|p1a: Rillaboom|69\/100|[from] drain|[of] p2a: Melmetal\n|move|p2a: Melmetal|Ice Punch|p1a: Rillaboom\n|-supereffective|p1a: Rillaboom\n|-damage|p1a: Rillaboom|0 fnt\n|faint|p1a: Rillaboom\n|\n|win|NoHo Ho-Ohs\n|raw|Bakaboure's rating: 1448 &rarr; <strong>1432<\/strong><br \/>(-16 for losing)\n|raw|NoHo Ho-Ohs's rating: 1521 &rarr; <strong>1537<\/strong><br \/>(+16 for winning)\n|l|\u2606Bakaboure\n|l|\u2606NoHo Ho-Ohs\n||Ladder isn't responding, score probably updated but might not have (Request timeout).\n|j|\u2606NoHo Ho-Ohs\n|player|p2|NoHo Ho-Ohs|cyclist\n","uploadtime":1628442554,"views":18,"p1id":"bakaboure","p2id":"nohohoohs","formatid":"gen8ou","rating":1432,"private":0,"password":null}