{"id":"gen8ou-1644048314","p1":"Kikoobuster","p2":"Blackfunk","format":"gen8ou","log":"|j|\u2606Kikoobuster\n|j|\u2606Blackfunk\n|t:|1661011221\n|gametype|singles\n|player|p1|Kikoobuster|101|1334\n|player|p2|Blackfunk|101|1377\n|teamsize|p1|6\n|teamsize|p2|6\n|gen|8\n|tier|[Gen 8] OU\n|rated|\n|rule|Sleep Clause Mod: Limit one foe put to sleep\n|rule|Species Clause: Limit one of each Pok\u00e9mon\n|rule|OHKO Clause: OHKO moves are banned\n|rule|Evasion Items Clause: Evasion items are banned\n|rule|Evasion Moves Clause: Evasion moves are banned\n|rule|Endless Battle Clause: Forcing endless battles is banned\n|rule|HP Percentage Mod: HP is shown in percentages\n|rule|Dynamax Clause: You cannot dynamax\n|clearpoke\n|poke|p1|Magnezone|\n|poke|p1|Scizor, F|\n|poke|p1|Blacephalon|\n|poke|p1|Gyarados, M|\n|poke|p1|Melmetal|\n|poke|p1|Weezing-Galar, F|\n|poke|p2|Landorus-Therian, M|\n|poke|p2|Tapu Koko|\n|poke|p2|Heatran, M|\n|poke|p2|Kartana|\n|poke|p2|Weavile, M|\n|poke|p2|Dragonite, M|\n|teampreview\n|inactive|Battle timer is ON: inactive players will automatically lose when time's up. (requested by Kikoobuster)\n|\n|t:|1661011237\n|start\n|switch|p1a: Gyarados|Gyarados, M|100\/100\n|switch|p2a: Heatran|Heatran, M|100\/100\n|turn|1\n|\n|t:|1661011245\n|move|p1a: Gyarados|Earthquake|p2a: Heatran\n|-supereffective|p2a: Heatran\n|-damage|p2a: Heatran|0 fnt\n|faint|p2a: Heatran\n|-ability|p1a: Gyarados|Moxie|boost\n|-boost|p1a: Gyarados|atk|1\n|\n|upkeep\n|\n|t:|1661011252\n|switch|p2a: Tapu Koko|Tapu Koko|100\/100\n|-fieldstart|move: Electric Terrain|[from] ability: Electric Surge|[of] p2a: Tapu Koko\n|turn|2\n|\n|t:|1661011263\n|switch|p1a: Melmetal|Melmetal|100\/100\n|move|p2a: Tapu Koko|Reflect|p2a: Tapu Koko\n|-sidestart|p2: Blackfunk|Reflect\n|\n|upkeep\n|turn|3\n|\n|t:|1661011277\n|switch|p2a: Landorus|Landorus-Therian, M|100\/100\n|-ability|p2a: Landorus|Intimidate|boost\n|-unboost|p1a: Melmetal|atk|1\n|move|p1a: Melmetal|Double Iron Bash|p2a: Landorus\n|-damage|p2a: Landorus|85\/100\n|-damage|p2a: Landorus|72\/100\n|-hitcount|p2a: Landorus|2\n|\n|-heal|p2a: Landorus|78\/100|[from] item: Leftovers\n|upkeep\n|turn|4\n|\n|t:|1661011288\n|switch|p1a: Weezing|Weezing-Galar, F|100\/100\n|move|p2a: Landorus|Substitute|p2a: Landorus\n|-start|p2a: Landorus|Substitute\n|-damage|p2a: Landorus|53\/100\n|\n|-heal|p2a: Landorus|59\/100|[from] item: Leftovers\n|upkeep\n|turn|5\n|\n|t:|1661011297\n|move|p2a: Landorus|Swords Dance|p2a: Landorus\n|-boost|p2a: Landorus|atk|2\n|move|p1a: Weezing|Strange Steam|p2a: Landorus\n|-end|p2a: Landorus|Substitute\n|\n|-heal|p2a: Landorus|65\/100|[from] item: Leftovers\n|upkeep\n|turn|6\n|\n|t:|1661011307\n|move|p2a: Landorus|Stone Edge|p1a: Weezing\n|-damage|p1a: Weezing|52\/100\n|move|p1a: Weezing|Strange Steam|p2a: Landorus\n|-damage|p2a: Landorus|30\/100\n|\n|-heal|p2a: Landorus|36\/100|[from] item: Leftovers\n|-fieldend|move: Electric Terrain\n|upkeep\n|turn|7\n|\n|t:|1661011316\n|move|p2a: Landorus|Stone Edge|p1a: Weezing\n|-crit|p1a: Weezing\n|-damage|p1a: Weezing|0 fnt\n|faint|p1a: Weezing\n|\n|-heal|p2a: Landorus|42\/100|[from] item: Leftovers\n|upkeep\n|\n|t:|1661011326\n|switch|p1a: Scizor|Scizor, F|100\/100\n|turn|8\n|\n|t:|1661011349\n|move|p2a: Landorus|Substitute|p2a: Landorus\n|-start|p2a: Landorus|Substitute\n|-damage|p2a: Landorus|17\/100\n|move|p1a: Scizor|Knock Off|p2a: Landorus\n|-activate|p2a: Landorus|move: Substitute|[damage]\n|\n|-heal|p2a: Landorus|23\/100|[from] item: Leftovers\n|upkeep\n|turn|9\n|\n|t:|1661011368\n|move|p1a: Scizor|Bullet Punch|p2a: Landorus\n|-end|p2a: Landorus|Substitute\n|move|p2a: Landorus|Stone Edge|p1a: Scizor\n|-damage|p1a: Scizor|25\/100\n|\n|-heal|p2a: Landorus|29\/100|[from] item: Leftovers\n|-heal|p1a: Scizor|32\/100|[from] item: Leftovers\n|-sideend|p2: Blackfunk|Reflect\n|upkeep\n|turn|10\n|inactive|Blackfunk has 120 seconds left.\n|\n|t:|1661011385\n|move|p1a: Scizor|Bullet Punch|p2a: Landorus\n|-damage|p2a: Landorus|0 fnt\n|faint|p2a: Landorus\n|\n|-heal|p1a: Scizor|38\/100|[from] item: Leftovers\n|upkeep\n|inactive|Blackfunk has 120 seconds left.\n|\n|t:|1661011397\n|switch|p2a: Weavile|Weavile, M|100\/100\n|-ability|p2a: Weavile|Pressure\n|turn|11\n|inactive|Blackfunk has 120 seconds left.\n|\n|t:|1661011408\n|move|p1a: Scizor|Bullet Punch|p2a: Weavile\n|-supereffective|p2a: Weavile\n|-damage|p2a: Weavile|25\/100\n|move|p2a: Weavile|Knock Off|p1a: Scizor\n|-damage|p1a: Scizor|0 fnt\n|-enditem|p1a: Scizor|Leftovers|[from] move: Knock Off|[of] p2a: Weavile\n|faint|p1a: Scizor\n|\n|upkeep\n|\n|t:|1661011421\n|switch|p1a: Gyarados|Gyarados, M|100\/100\n|turn|12\n|\n|t:|1661011424\n|move|p2a: Weavile|Knock Off|p1a: Gyarados\n|-damage|p1a: Gyarados|45\/100\n|-enditem|p1a: Gyarados|Heavy-Duty Boots|[from] move: Knock Off|[of] p2a: Weavile\n|move|p1a: Gyarados|Dragon Dance|p1a: Gyarados\n|-boost|p1a: Gyarados|atk|1\n|-boost|p1a: Gyarados|spe|1\n|\n|upkeep\n|turn|13\n|\n|t:|1661011432\n|move|p1a: Gyarados|Waterfall|p2a: Weavile\n|-damage|p2a: Weavile|0 fnt\n|faint|p2a: Weavile\n|-ability|p1a: Gyarados|Moxie|boost\n|-boost|p1a: Gyarados|atk|1\n|\n|upkeep\n|\n|t:|1661011442\n|switch|p2a: Tapu Koko|Tapu Koko|100\/100\n|-fieldstart|move: Electric Terrain|[from] ability: Electric Surge|[of] p2a: Tapu Koko\n|turn|14\n|\n|t:|1661011449\n|move|p1a: Gyarados|Earthquake|p2a: Tapu Koko\n|-supereffective|p2a: Tapu Koko\n|-crit|p2a: Tapu Koko\n|-damage|p2a: Tapu Koko|0 fnt\n|faint|p2a: Tapu Koko\n|-ability|p1a: Gyarados|Moxie|boost\n|-boost|p1a: Gyarados|atk|1\n|\n|upkeep\n|\n|t:|1661011457\n|switch|p2a: Kartana|Kartana|100\/100\n|turn|15\n|\n|t:|1661011460\n|move|p1a: Gyarados|Earthquake|p2a: Kartana\n|-damage|p2a: Kartana|7\/100\n|move|p2a: Kartana|Leaf Blade|p1a: Gyarados\n|-damage|p1a: Gyarados|0 fnt\n|faint|p1a: Gyarados\n|-ability|p2a: Kartana|Beast Boost|boost\n|-boost|p2a: Kartana|atk|1\n|-damage|p2a: Kartana|0 fnt|[from] item: Life Orb\n|faint|p2a: Kartana\n|\n|upkeep\n|inactive|Blackfunk has 120 seconds left.\n|\n|t:|1661011499\n|switch|p2a: Dragonite|Dragonite, M|100\/100\n|switch|p1a: Blacephalon|Blacephalon|100\/100\n|turn|16\n|inactive|Blackfunk has 120 seconds left.\n|\n|t:|1661011517\n|move|p1a: Blacephalon|Trick|p2a: Dragonite\n|-activate|p1a: Blacephalon|move: Trick|[of] p2a: Dragonite\n|-item|p2a: Dragonite|Choice Scarf|[from] move: Trick\n|-item|p1a: Blacephalon|Heavy-Duty Boots|[from] move: Trick\n|move|p2a: Dragonite|Dragon Dance|p2a: Dragonite\n|-boost|p2a: Dragonite|atk|1\n|-boost|p2a: Dragonite|spe|1\n|\n|upkeep\n|turn|17\n|c|\u2606Kikoobuster|gg\n|\n|t:|1661011540\n|move|p2a: Dragonite|Dragon Dance|p2a: Dragonite\n|-boost|p2a: Dragonite|atk|1\n|-boost|p2a: Dragonite|spe|1\n|move|p1a: Blacephalon|Shadow Ball|p2a: Dragonite\n|-damage|p2a: Dragonite|74\/100\n|\n|upkeep\n|turn|18\n|inactive|Blackfunk has 90 seconds left.\n|\n|t:|1661011563\n|move|p2a: Dragonite|Dragon Dance|p2a: Dragonite\n|-boost|p2a: Dragonite|atk|1\n|-boost|p2a: Dragonite|spe|1\n|move|p1a: Blacephalon|Shadow Ball|p2a: Dragonite\n|-damage|p2a: Dragonite|27\/100\n|\n|-fieldend|move: Electric Terrain\n|upkeep\n|turn|19\n|inactive|Blackfunk has 90 seconds left.\n|\n|t:|1661011587\n|move|p2a: Dragonite|Dragon Dance|p2a: Dragonite\n|-boost|p2a: Dragonite|atk|1\n|-boost|p2a: Dragonite|spe|1\n|move|p1a: Blacephalon|Shadow Ball|p2a: Dragonite\n|-damage|p2a: Dragonite|0 fnt\n|faint|p2a: Dragonite\n|\n|win|Kikoobuster\n|raw|Kikoobuster's rating: 1334 &rarr; <strong>1356<\/strong><br \/>(+22 for winning)\n|raw|Blackfunk's rating: 1377 &rarr; <strong>1355<\/strong><br \/>(-22 for losing)\n||Ladder isn't responding, score probably updated but might not have (Request timeout).\n","uploadtime":1661011604,"views":3,"p1id":"kikoobuster","p2id":"blackfunk","formatid":"gen8ou","rating":1355,"private":0,"password":null}