{"id":"gen8ou-1650055244","p1":"LT94JE Pois chiche","p2":"fishy8995","format":"gen8ou","log":"|raw|<div class=\"broadcast-blue\"><strong>This battle is required to be public due to a player having a name starting with 'lt94je'.<\/div>\n|j|\u2606LT94JE Pois chiche\n|j|\u2606fishy8995\n|t:|1661664965\n|gametype|singles\n|player|p1|LT94JE Pois chiche|266|1725\n|player|p2|fishy8995|1|1669\n|teamsize|p1|6\n|teamsize|p2|6\n|gen|8\n|tier|[Gen 8] OU\n|rated|\n|rule|Sleep Clause Mod: Limit one foe put to sleep\n|rule|Species Clause: Limit one of each Pok\u00e9mon\n|rule|OHKO Clause: OHKO moves are banned\n|rule|Evasion Items Clause: Evasion items are banned\n|rule|Evasion Moves Clause: Evasion moves are banned\n|rule|Endless Battle Clause: Forcing endless battles is banned\n|rule|HP Percentage Mod: HP is shown in percentages\n|rule|Dynamax Clause: You cannot dynamax\n|clearpoke\n|poke|p1|Pelipper, F|\n|poke|p1|Barraskewda, M|\n|poke|p1|Tapu Lele|\n|poke|p1|Ferrothorn, F|\n|poke|p1|Regieleki|\n|poke|p1|Landorus-Therian, M|\n|poke|p2|Hippowdon, F|\n|poke|p2|Tyranitar, F|\n|poke|p2|Excadrill, F|\n|poke|p2|Latias, F|\n|poke|p2|Toxapex, F|\n|poke|p2|Dracozolt|\n|teampreview\n|\n|t:|1661664994\n|start\n|switch|p1a: Landorus|Landorus-Therian, M|100\/100\n|switch|p2a: Tyranitar|Tyranitar, F|100\/100\n|-ability|p1a: Landorus|Intimidate|boost\n|-unboost|p2a: Tyranitar|atk|1\n|-weather|Sandstorm|[from] ability: Sand Stream|[of] p2a: Tyranitar\n|turn|1\n|\n|t:|1661665000\n|move|p1a: Landorus|Earthquake|p2a: Tyranitar\n|-supereffective|p2a: Tyranitar\n|-damage|p2a: Tyranitar|36\/100\n|move|p2a: Tyranitar|Ice Beam|p1a: Landorus\n|-supereffective|p1a: Landorus\n|-damage|p1a: Landorus|0 fnt\n|faint|p1a: Landorus\n|\n|-weather|Sandstorm|[upkeep]\n|upkeep\n|\n|t:|1661665005\n|switch|p1a: Barraskewda|Barraskewda, M|100\/100\n|turn|2\n|\n|t:|1661665015\n|switch|p2a: Dracozolt|Dracozolt|100\/100\n|move|p1a: Barraskewda|Flip Turn|p2a: Dracozolt\n|-resisted|p2a: Dracozolt\n|-damage|p2a: Dracozolt|72\/100\n|\n|t:|1661665024\n|switch|p1a: Pelipper|Pelipper, F|100\/100|[from]move: Flip Turn\n|-weather|RainDance|[from] ability: Drizzle|[of] p1a: Pelipper\n|\n|-weather|RainDance|[upkeep]\n|upkeep\n|turn|3\n|\n|t:|1661665033\n|switch|p2a: Tyranitar|Tyranitar, F|36\/100\n|-weather|Sandstorm|[from] ability: Sand Stream|[of] p2a: Tyranitar\n|switch|p1a: Ferrothorn|Ferrothorn, F|100\/100\n|\n|-weather|Sandstorm|[upkeep]\n|upkeep\n|turn|4\n|\n|t:|1661665037\n|switch|p1a: Pelipper|Pelipper, F|100\/100\n|-weather|RainDance|[from] ability: Drizzle|[of] p1a: Pelipper\n|move|p2a: Tyranitar|Flamethrower|p1a: Pelipper\n|-resisted|p1a: Pelipper\n|-damage|p1a: Pelipper|89\/100\n|\n|-weather|RainDance|[upkeep]\n|upkeep\n|turn|5\n|\n|t:|1661665051\n|switch|p2a: Latias|Latias, F|100\/100\n|move|p1a: Pelipper|Hurricane|p2a: Latias\n|-damage|p2a: Latias|43\/100\n|\n|-weather|RainDance|[upkeep]\n|upkeep\n|turn|6\n|\n|t:|1661665058\n|switch|p1a: Ferrothorn|Ferrothorn, F|100\/100\n|move|p2a: Latias|Trick|p1a: Ferrothorn\n|-activate|p2a: Latias|move: Trick|[of] p1a: Ferrothorn\n|-item|p1a: Ferrothorn|Ring Target|[from] move: Trick\n|-item|p2a: Latias|Leftovers|[from] move: Trick\n|\n|-weather|RainDance|[upkeep]\n|-heal|p2a: Latias|49\/100|[from] item: Leftovers\n|upkeep\n|turn|7\n|\n|t:|1661665066\n|move|p2a: Latias|Aura Sphere|p1a: Ferrothorn\n|-supereffective|p1a: Ferrothorn\n|-damage|p1a: Ferrothorn|77\/100\n|move|p1a: Ferrothorn|Knock Off|p2a: Latias\n|-supereffective|p2a: Latias\n|-damage|p2a: Latias|9\/100\n|-enditem|p2a: Latias|Leftovers|[from] move: Knock Off|[of] p1a: Ferrothorn\n|\n|-weather|RainDance|[upkeep]\n|upkeep\n|turn|8\n|\n|t:|1661665073\n|move|p2a: Latias|Healing Wish|p2a: Latias\n|faint|p2a: Latias\n|move|p1a: Ferrothorn|Spikes|p2: Latias\n|-sidestart|p2: fishy8995|Spikes\n|\n|-weather|none\n|upkeep\n|\n|t:|1661665087\n|switch|p2a: Dracozolt|Dracozolt|72\/100\n|-heal|p2a: Dracozolt|100\/100|[from] move: Healing Wish\n|-damage|p2a: Dracozolt|88\/100|[from] Spikes\n|turn|9\n|\n|t:|1661665113\n|switch|p1a: Regieleki|Regieleki|100\/100\n|move|p2a: Dracozolt|Bolt Beak|p1a: Regieleki\n|-resisted|p1a: Regieleki\n|-damage|p1a: Regieleki|5\/100\n|-damage|p2a: Dracozolt|78\/100|[from] item: Life Orb\n|\n|upkeep\n|turn|10\n|\n|t:|1661665120\n|switch|p2a: Hippowdon|Hippowdon, F|100\/100\n|-damage|p2a: Hippowdon|88\/100|[from] Spikes\n|-weather|Sandstorm|[from] ability: Sand Stream|[of] p2a: Hippowdon\n|move|p1a: Regieleki|Explosion|p2a: Hippowdon\n|-damage|p2a: Hippowdon|60\/100\n|faint|p1a: Regieleki\n|\n|-weather|Sandstorm|[upkeep]\n|upkeep\n|\n|t:|1661665122\n|switch|p1a: Pelipper|Pelipper, F|89\/100\n|-weather|RainDance|[from] ability: Drizzle|[of] p1a: Pelipper\n|turn|11\n|\n|t:|1661665126\n|switch|p2a: Toxapex|Toxapex, F|100\/100\n|-damage|p2a: Toxapex|88\/100|[from] Spikes\n|move|p1a: Pelipper|Weather Ball|p2a: Toxapex\n|-resisted|p2a: Toxapex\n|-damage|p2a: Toxapex|51\/100\n|\n|-weather|RainDance|[upkeep]\n|-heal|p2a: Toxapex|57\/100|[from] item: Black Sludge\n|upkeep\n|turn|12\n|\n|t:|1661665138\n|switch|p2a: Tyranitar|Tyranitar, F|36\/100\n|-damage|p2a: Tyranitar|24\/100|[from] Spikes\n|-weather|Sandstorm|[from] ability: Sand Stream|[of] p2a: Tyranitar\n|move|p1a: Pelipper|Weather Ball|p2a: Tyranitar\n|-damage|p2a: Tyranitar|0 fnt\n|faint|p2a: Tyranitar\n|\n|-weather|Sandstorm|[upkeep]\n|-damage|p1a: Pelipper|83\/100|[from] Sandstorm\n|upkeep\n|\n|t:|1661665143\n|switch|p2a: Dracozolt|Dracozolt|78\/100\n|-damage|p2a: Dracozolt|66\/100|[from] Spikes\n|turn|13\n|\n|t:|1661665148\n|switch|p1a: Ferrothorn|Ferrothorn, F|77\/100\n|move|p2a: Dracozolt|Bolt Beak|p1a: Ferrothorn\n|-resisted|p1a: Ferrothorn\n|-damage|p1a: Ferrothorn|35\/100\n|-damage|p2a: Dracozolt|53\/100|[from] ability: Iron Barbs|[of] p1a: Ferrothorn\n|-damage|p2a: Dracozolt|43\/100|[from] item: Life Orb\n|\n|-weather|Sandstorm|[upkeep]\n|upkeep\n|turn|14\n|\n|t:|1661665154\n|move|p2a: Dracozolt|Bolt Beak|p1a: Ferrothorn\n|-resisted|p1a: Ferrothorn\n|-damage|p1a: Ferrothorn|0 fnt\n|-damage|p2a: Dracozolt|31\/100|[from] ability: Iron Barbs|[of] p1a: Ferrothorn\n|faint|p1a: Ferrothorn\n|-damage|p2a: Dracozolt|21\/100|[from] item: Life Orb\n|\n|-weather|Sandstorm|[upkeep]\n|upkeep\n|\n|t:|1661665172\n|switch|p1a: Barraskewda|Barraskewda, M|100\/100\n|turn|15\n|\n|t:|1661665174\n|move|p1a: Barraskewda|Aqua Jet|p2a: Dracozolt\n|-resisted|p2a: Dracozolt\n|-damage|p2a: Dracozolt|1\/100\n|move|p2a: Dracozolt|Bolt Beak|p1a: Barraskewda\n|-supereffective|p1a: Barraskewda\n|-damage|p1a: Barraskewda|0 fnt\n|faint|p1a: Barraskewda\n|-damage|p2a: Dracozolt|0 fnt|[from] item: Life Orb\n|faint|p2a: Dracozolt\n|\n|-weather|Sandstorm|[upkeep]\n|upkeep\n|\n|t:|1661665188\n|switch|p1a: Pelipper|Pelipper, F|83\/100\n|switch|p2a: Toxapex|Toxapex, F|90\/100\n|-weather|RainDance|[from] ability: Drizzle|[of] p1a: Pelipper\n|-damage|p2a: Toxapex|78\/100|[from] Spikes\n|turn|16\n|\n|t:|1661665208\n|move|p1a: Pelipper|Hurricane|p2a: Toxapex\n|-damage|p2a: Toxapex|27\/100\n|move|p2a: Toxapex|Stockpile|p2a: Toxapex\n|-start|p2a: Toxapex|stockpile1\n|-boost|p2a: Toxapex|def|1\n|-boost|p2a: Toxapex|spd|1\n|\n|-weather|RainDance|[upkeep]\n|-heal|p2a: Toxapex|33\/100|[from] item: Black Sludge\n|upkeep\n|turn|17\n|\n|t:|1661665220\n|move|p1a: Pelipper|Hurricane|p2a: Toxapex\n|-damage|p2a: Toxapex|0 fnt\n|faint|p2a: Toxapex\n|\n|-weather|RainDance|[upkeep]\n|upkeep\n|\n|t:|1661665230\n|switch|p2a: Excadrill|Excadrill, F, shiny|100\/100\n|-damage|p2a: Excadrill|88\/100|[from] Spikes\n|turn|18\n|\n|t:|1661665233\n|move|p2a: Excadrill|Rock Slide|p1a: Pelipper\n|-supereffective|p1a: Pelipper\n|-damage|p1a: Pelipper|4\/100\n|move|p1a: Pelipper|Hurricane|p2a: Excadrill\n|-resisted|p2a: Excadrill\n|-damage|p2a: Excadrill|41\/100\n|\n|-weather|RainDance|[upkeep]\n|upkeep\n|turn|19\n|\n|t:|1661665241\n|switch|p1a: Tapu Lele|Tapu Lele|100\/100\n|-fieldstart|move: Psychic Terrain|[from] ability: Psychic Surge|[of] p1a: Tapu Lele\n|move|p2a: Excadrill|Iron Head|p1a: Tapu Lele\n|-supereffective|p1a: Tapu Lele\n|-damage|p1a: Tapu Lele|0 fnt\n|faint|p1a: Tapu Lele\n|\n|-weather|RainDance|[upkeep]\n|upkeep\n|-message|LT94JE Pois chiche forfeited.\n|\n|win|fishy8995\n|raw|LT94JE Pois chiche's rating: 1725 &rarr; <strong>1702<\/strong><br \/>(-23 for losing)\n|raw|fishy8995's rating: 1669 &rarr; <strong>1692<\/strong><br \/>(+23 for winning)\n|l|\u2606LT94JE Pois chiche\n","uploadtime":1661665258,"views":28,"p1id":"lt94jepoischiche","p2id":"fishy8995","formatid":"gen8ou","rating":1692,"private":0,"password":null}