{"id":"gen8ou-1503219684","p1":"VirginJimmy99","p2":"alucemet","format":"gen8ou","log":"|j|\u2606VirginJimmy99\n|j|\u2606alucemet\n|t:|1643834181\n|gametype|singles\n|player|p1|VirginJimmy99|rocketgrunt|1551\n|player|p2|alucemet|101|1535\n|teamsize|p1|6\n|teamsize|p2|6\n|gen|8\n|tier|[Gen 8] OU\n|rated|\n|rule|Sleep Clause Mod: Limit one foe put to sleep\n|rule|Species Clause: Limit one of each Pok\u00e9mon\n|rule|OHKO Clause: OHKO moves are banned\n|rule|Evasion Moves Clause: Evasion moves are banned\n|rule|Endless Battle Clause: Forcing endless battles is banned\n|rule|HP Percentage Mod: HP is shown in percentages\n|rule|Dynamax Clause: You cannot dynamax\n|clearpoke\n|poke|p1|Slowking, F|\n|poke|p1|Tyranitar, M|\n|poke|p1|Duraludon, M|\n|poke|p1|Landorus-Therian, M|\n|poke|p1|Volcarona, F|\n|poke|p1|Amoonguss, F|\n|poke|p2|Rotom-Heat|\n|poke|p2|Zapdos|\n|poke|p2|Heatran, F|\n|poke|p2|Tyranitar, M|\n|poke|p2|Tapu Fini|\n|poke|p2|Latios, M|\n|teampreview\n|inactive|Battle timer is ON: inactive players will automatically lose when time's up. (requested by alucemet)\n|\n|t:|1643834208\n|start\n|switch|p1a: Don Calo|Slowking, F, shiny|100\/100\n|switch|p2a: Zapdos|Zapdos|100\/100\n|turn|1\n|\n|t:|1643834217\n|move|p2a: Zapdos|Discharge|p1a: Don Calo\n|-supereffective|p1a: Don Calo\n|-damage|p1a: Don Calo|56\/100\n|move|p1a: Don Calo|Future Sight|p2a: Zapdos\n|-start|p1a: Don Calo|move: Future Sight\n|\n|upkeep\n|turn|2\n|\n|t:|1643834223\n|move|p2a: Zapdos|Hurricane|p1a: Don Calo\n|-damage|p1a: Don Calo|27\/100\n|-start|p1a: Don Calo|confusion\n|-activate|p1a: Don Calo|confusion\n|-damage|p1a: Don Calo|21\/100|[from] confusion\n|\n|upkeep\n|turn|3\n|j| 47474747474O\n|\n|t:|1643834228\n|switch|p1a: Dawood|Tyranitar, M|100\/100\n|-weather|Sandstorm|[from] ability: Sand Stream|[of] p1a: Dawood\n|move|p2a: Zapdos|Hurricane|p1a: Dawood\n|-resisted|p1a: Dawood\n|-damage|p1a: Dawood|92\/100\n|\n|-weather|Sandstorm|[upkeep]\n|-damage|p2a: Zapdos|94\/100|[from] Sandstorm\n|-end|p2a: Zapdos|move: Future Sight\n|-damage|p2a: Zapdos|52\/100\n|-heal|p1a: Dawood|98\/100|[from] item: Leftovers\n|upkeep\n|turn|4\n|\n|t:|1643834233\n|move|p2a: Zapdos|Roost|p2a: Zapdos\n|-heal|p2a: Zapdos|100\/100\n|-singleturn|p2a: Zapdos|move: Roost\n|move|p1a: Dawood|Stealth Rock|p2a: Zapdos\n|-sidestart|p2: alucemet|move: Stealth Rock\n|\n|-weather|Sandstorm|[upkeep]\n|-damage|p2a: Zapdos|94\/100|[from] Sandstorm\n|-heal|p1a: Dawood|100\/100|[from] item: Leftovers\n|upkeep\n|turn|5\n|\n|t:|1643834241\n|switch|p2a: Tapu Fini|Tapu Fini|100\/100\n|-damage|p2a: Tapu Fini|88\/100|[from] Stealth Rock\n|-fieldstart|move: Misty Terrain|[from] ability: Misty Surge|[of] p2a: Tapu Fini\n|move|p1a: Dawood|Rock Blast|p2a: Tapu Fini|[miss]\n|-miss|p1a: Dawood|p2a: Tapu Fini\n|\n|-weather|Sandstorm|[upkeep]\n|-damage|p2a: Tapu Fini|82\/100|[from] Sandstorm\n|-heal|p2a: Tapu Fini|88\/100|[from] item: Leftovers\n|upkeep\n|turn|6\n|\n|t:|1643834247\n|move|p2a: Tapu Fini|Nature's Madness|p1a: Dawood\n|-damage|p1a: Dawood|50\/100\n|move|p1a: Dawood|Rock Blast|p2a: Tapu Fini\n|-damage|p2a: Tapu Fini|75\/100\n|-crit|p2a: Tapu Fini\n|-damage|p2a: Tapu Fini|56\/100\n|-damage|p2a: Tapu Fini|45\/100\n|-hitcount|p2a: Tapu Fini|3\n|\n|-weather|Sandstorm|[upkeep]\n|-damage|p2a: Tapu Fini|39\/100|[from] Sandstorm\n|-heal|p2a: Tapu Fini|45\/100|[from] item: Leftovers\n|-heal|p1a: Dawood|57\/100|[from] item: Leftovers\n|upkeep\n|turn|7\n|\n|t:|1643834256\n|switch|p1a: Don Luca|Amoonguss, F|100\/100\n|move|p2a: Tapu Fini|Moonblast|p1a: Don Luca\n|-resisted|p1a: Don Luca\n|-damage|p1a: Don Luca|82\/100\n|-unboost|p1a: Don Luca|spa|1\n|\n|-weather|none\n|-heal|p2a: Tapu Fini|51\/100|[from] item: Leftovers\n|upkeep\n|turn|8\n|\n|t:|1643834261\n|switch|p2a: Zapdos|Zapdos|94\/100\n|switch|p1a: Escobar|Duraludon, M|100\/100\n|\n|upkeep\n|turn|9\n|\n|t:|1643834270\n|switch|p2a: Tyranitar|Tyranitar, M|100\/100\n|-damage|p2a: Tyranitar|88\/100|[from] Stealth Rock\n|-weather|Sandstorm|[from] ability: Sand Stream|[of] p2a: Tyranitar\n|move|p1a: Escobar|Swords Dance|p1a: Escobar\n|-boost|p1a: Escobar|atk|2\n|\n|-weather|Sandstorm|[upkeep]\n|-heal|p2a: Tyranitar|94\/100|[from] item: Leftovers\n|-fieldend|Misty Terrain\n|upkeep\n|turn|10\n|\n|t:|1643834279\n|move|p1a: Escobar|Iron Head|p2a: Tyranitar\n|-supereffective|p2a: Tyranitar\n|-damage|p2a: Tyranitar|0 fnt\n|faint|p2a: Tyranitar\n|-damage|p1a: Escobar|91\/100|[from] item: Life Orb\n|\n|-weather|Sandstorm|[upkeep]\n|upkeep\n|\n|t:|1643834301\n|switch|p2a: Heatran|Heatran, F|100\/100\n|-damage|p2a: Heatran|88\/100|[from] Stealth Rock\n|turn|11\n|\n|t:|1643834303\n|move|p1a: Escobar|Stomping Tantrum|p2a: Heatran\n|-supereffective|p2a: Heatran\n|-crit|p2a: Heatran\n|-damage|p2a: Heatran|0 fnt\n|faint|p2a: Heatran\n|-damage|p1a: Escobar|81\/100|[from] item: Life Orb\n|\n|-weather|Sandstorm|[upkeep]\n|upkeep\n|\n|t:|1643834308\n|switch|p2a: Zapdos|Zapdos|94\/100\n|turn|12\n|\n|t:|1643834317\n|move|p1a: Escobar|Outrage|p2a: Zapdos\n|-damage|p2a: Zapdos|0 fnt\n|faint|p2a: Zapdos\n|-damage|p1a: Escobar|71\/100|[from] item: Life Orb\n|\n|-weather|Sandstorm|[upkeep]\n|upkeep\n|\n|t:|1643834324\n|switch|p2a: Rotom|Rotom-Heat|100\/100\n|turn|13\n|\n|t:|1643834327\n|move|p2a: Rotom|Overheat|p1a: Escobar\n|-damage|p1a: Escobar|0 fnt\n|-unboost|p2a: Rotom|spa|2\n|faint|p1a: Escobar\n|\n|-weather|none\n|upkeep\n|\n|t:|1643834334\n|switch|p1a: Frank|Volcarona, F|100\/100\n|turn|14\n|\n|t:|1643834337\n|move|p2a: Rotom|Discharge|p1a: Frank\n|-damage|p1a: Frank|87\/100\n|move|p1a: Frank|U-turn|p2a: Rotom\n|-resisted|p2a: Rotom\n|-damage|p2a: Rotom|93\/100\n|-message|alucemet forfeited.\n|\n|win|VirginJimmy99\n|raw|VirginJimmy99's rating: 1551 &rarr; <strong>1570<\/strong><br \/>(+19 for winning)\n|raw|alucemet's rating: 1535 &rarr; <strong>1516<\/strong><br \/>(-19 for losing)\n|l|\u2606alucemet\n||Ladder isn't responding, score probably updated but might not have (Request timeout).\n","uploadtime":1643834427,"views":17,"p1id":"virginjimmy99","p2id":"alucemet","formatid":"gen8ou","rating":1516,"private":0,"password":null}