{"id":"gen8nationaldexag-1657635029","p1":"Meracx","p2":"myrtille deter","format":"gen8nationaldexag","log":"|j|\u2606Meracx\n|j|\u2606myrtille deter\n|t:|1662483391\n|gametype|singles\n|player|p1|Meracx|thorton|\n|player|p2|myrtille deter|battlegirl|\n|teamsize|p1|6\n|teamsize|p2|6\n|gen|8\n|tier|[Gen 8] National Dex AG\n|rule|HP Percentage Mod: HP is shown in percentages\n|rule|Endless Battle Clause: Forcing endless battles is banned\n|clearpoke\n|poke|p1|Inteleon, F|\n|poke|p1|Sableye, M|\n|poke|p1|Mew|\n|poke|p1|Ursaring, F|\n|poke|p1|Polteageist|\n|poke|p1|Clefable, M|\n|poke|p2|Clefable, F|\n|poke|p2|Celebi|\n|poke|p2|Jirachi|\n|poke|p2|Mew|\n|poke|p2|Azelf|\n|poke|p2|Diancie|\n|teampreview\n|inactive|Battle timer is ON: inactive players will automatically lose when time's up. (requested by myrtille deter)\n|inactive|Meracx has 270 seconds left.\n|\n|t:|1662483425\n|start\n|switch|p1a: Sableye|Sableye, M|100\/100\n|switch|p2a: Barbapapa|Mew|100\/100\n|turn|1\n|\n|t:|1662483454\n|detailschange|p1a: Sableye|Sableye-Mega, M\n|-mega|p1a: Sableye|Sableye|Sablenite\n|move|p2a: Barbapapa|Metronome|p2a: Barbapapa\n|move|p2a: Barbapapa|Shadow Ball|p1a: Sableye|[from]move: Metronome\n|-damage|p1a: Sableye|77\/100\n|-unboost|p1a: Sableye|spd|1\n|move|p1a: Sableye|Metronome|p1a: Sableye\n|move|p1a: Sableye|Rapid Spin|p2a: Barbapapa|[from]move: Metronome\n|-damage|p2a: Barbapapa|86\/100\n|-boost|p1a: Sableye|spe|1\n|\n|-heal|p2a: Barbapapa|92\/100|[from] item: Leftovers\n|upkeep\n|turn|2\n|j| Kyussey\n|\n|t:|1662483471\n|switch|p1a: Clefable|Clefable, M|100\/100\n|move|p2a: Barbapapa|Metronome|p2a: Barbapapa\n|move|p2a: Barbapapa|Water Spout|p1a: Clefable|[from]move: Metronome\n|-damage|p1a: Clefable|59\/100\n|\n|-heal|p2a: Barbapapa|98\/100|[from] item: Leftovers\n|upkeep\n|turn|3\n|\n|t:|1662483479\n|move|p1a: Clefable|Metronome|p1a: Clefable\n|move|p1a: Clefable|Sludge Wave|p2a: Barbapapa|[from]move: Metronome\n|-damage|p2a: Barbapapa|72\/100\n|move|p2a: Barbapapa|Metronome|p2a: Barbapapa\n|move|p2a: Barbapapa|Horn Drill|p1a: Clefable|[from]move: Metronome|[miss]\n|-miss|p2a: Barbapapa|p1a: Clefable\n|\n|-heal|p2a: Barbapapa|78\/100|[from] item: Leftovers\n|upkeep\n|turn|4\n|c|\u2606myrtille deter|!data horn drill\n|raw|<ul class=\"utilichart\"><li class=\"result\"><span class=\"col movenamecol\"><a href=\"https:\/\/dex.pokemonshowdown.com\/moves\/horndrill\">Horn Drill<\/a><\/span> <span class=\"col typecol\"><img src=\"\/\/play.pokemonshowdown.com\/sprites\/types\/Normal.png\" alt=\"Normal\" width=\"32\" height=\"14\"><img src=\"\/\/play.pokemonshowdown.com\/sprites\/categories\/Physical.png\" alt=\"Physical\" width=\"32\" height=\"14\"><\/span> <span class=\"col widelabelcol\"><em>Accuracy<\/em><br>30%<\/span> <span class=\"col pplabelcol\"><em>PP<\/em><br>8<\/span> <span class=\"col movedesccol\">OHKOs the target. Fails if user is a lower level.<\/span> <\/li><li style=\"clear:both\"><\/li><\/ul>\n\n|\n|t:|1662483491\n|move|p1a: Clefable|Metronome|p1a: Clefable\n|move|p1a: Clefable|Metal Burst||[from]move: Metronome|[still]\n|-fail|p1a: Clefable\n|move|p2a: Barbapapa|Metronome|p2a: Barbapapa\n|move|p2a: Barbapapa|Steel Roller||[from]move: Metronome|[still]\n|-fail|p2a: Barbapapa\n|\n|-heal|p2a: Barbapapa|84\/100|[from] item: Leftovers\n|upkeep\n|turn|5\n|c| Kyussey|0 milltank\n|c| Kyussey|d\u00e9\u00e7u\n|c|\u2606myrtille deter|oui c'est bien ce que je pensais\n|\n|t:|1662483500\n|move|p1a: Clefable|Metronome|p1a: Clefable\n|move|p1a: Clefable|Low Sweep|p2a: Barbapapa|[from]move: Metronome\n|-resisted|p2a: Barbapapa\n|-crit|p2a: Barbapapa\n|-damage|p2a: Barbapapa|76\/100\n|-unboost|p2a: Barbapapa|spe|1\n|move|p2a: Barbapapa|Metronome|p2a: Barbapapa\n|move|p2a: Barbapapa|Guard Swap|p1a: Clefable|[from]move: Metronome\n|-swapboost|p2a: Barbapapa|p1a: Clefable|def, spd|[from] move: Guard Swap\n|\n|-heal|p2a: Barbapapa|82\/100|[from] item: Leftovers\n|upkeep\n|turn|6\n|c|\u2606myrtille deter|si tu veux je miltank pour toi b\u00e9bou\n|\n|t:|1662483510\n|move|p1a: Clefable|Metronome|p1a: Clefable\n|move|p1a: Clefable|Dragon Pulse|p2a: Barbapapa|[from]move: Metronome\n|-damage|p2a: Barbapapa|60\/100\n|move|p2a: Barbapapa|Metronome|p2a: Barbapapa\n|move|p2a: Barbapapa|Thunder Punch|p1a: Clefable|[from]move: Metronome\n|-damage|p1a: Clefable|26\/100\n|\n|-heal|p2a: Barbapapa|67\/100|[from] item: Leftovers\n|upkeep\n|turn|7\n|j| Ahiji\n|c|\u2606myrtille deter|les grosses mamelles pleines de lait\n|\n|t:|1662483519\n|move|p1a: Clefable|Metronome|p1a: Clefable\n|move|p1a: Clefable|Sky Attack||[from]move: Metronome|[still]\n|-prepare|p1a: Clefable|Sky Attack\n|move|p2a: Barbapapa|Metronome|p2a: Barbapapa\n|move|p2a: Barbapapa|Spite|p1a: Clefable|[from]move: Metronome\n|-activate|p1a: Clefable|move: Spite|Metronome|4\n|\n|-heal|p2a: Barbapapa|73\/100|[from] item: Leftovers\n|upkeep\n|turn|8\n|c|\u2606Meracx|Raciste \u00e7a\n|\n|t:|1662483533\n|switch|p2a: Princesse Barbie|Diancie|100\/100\n|move|p1a: Clefable|Sky Attack||[still]\n|-fail|p1a: Clefable\n|\n|upkeep\n|turn|9\n|c|\u2606myrtille deter|???\n|\n|t:|1662483543\n|detailschange|p2a: Princesse Barbie|Diancie-Mega\n|-mega|p2a: Princesse Barbie|Diancie|Diancite\n|move|p1a: Clefable|Metronome|p1a: Clefable\n|move|p1a: Clefable|Peck|p2a: Princesse Barbie|[from]move: Metronome\n|-resisted|p2a: Princesse Barbie\n|-damage|p2a: Princesse Barbie|97\/100\n|move|p2a: Princesse Barbie|Metronome|p2a: Princesse Barbie\n|move|p2a: Princesse Barbie|Magic Powder|p1a: Clefable|[from]move: Metronome\n|-start|p1a: Clefable|typechange|Psychic\n|\n|upkeep\n|turn|10\n|c|\u2606Meracx|D\u00e9pit en Metronome Battle\n|c|\u2606Meracx|On est o\u00f9 ?\n|c|\u2606myrtille deter|c'est litt\u00e9ralement\n|c|\u2606myrtille deter|une vache\n|c|\u2606Meracx|Je parlais du Spite\n|\n|t:|1662483559\n|move|p1a: Clefable|Metronome|p1a: Clefable\n|move|p1a: Clefable|Spit Up||[from]move: Metronome|[still]\n|-fail|p1a: Clefable\n|move|p2a: Princesse Barbie|Metronome|p2a: Princesse Barbie\n|move|p2a: Princesse Barbie|Uproar|p1a: Clefable|[from]move: Metronome\n|-damage|p1a: Clefable|0 fnt\n|-start|p2a: Princesse Barbie|Uproar\n|faint|p1a: Clefable\n|\n|-start|p2a: Princesse Barbie|Uproar|[upkeep]\n|upkeep\n|\n|t:|1662483566\n|switch|p1a: Sableye|Sableye-Mega, M|77\/100\n|turn|11\n|c|\u2606myrtille deter|j'ai rien compris\n|\n|t:|1662483569\n|move|p2a: Princesse Barbie|Uproar|p1a: Sableye|[from]lockedmove\n|-immune|p1a: Sableye\n|move|p1a: Sableye|Metronome|p1a: Sableye\n|move|p1a: Sableye|Purify|p2a: Princesse Barbie|[from]move: Metronome\n|move|p2a: Princesse Barbie|Purify|p1a: Sableye|[from]ability: Magic Bounce\n|\n|-start|p2a: Princesse Barbie|Uproar|[upkeep]\n|upkeep\n|turn|12\n|c|\u2606myrtille deter|ah bah bravo on en est l\u00e0\n|\n|t:|1662483577\n|move|p2a: Princesse Barbie|Uproar|p1a: Sableye|[from]lockedmove\n|-immune|p1a: Sableye\n|move|p1a: Sableye|Metronome|p1a: Sableye\n|move|p1a: Sableye|Mind Reader|p2a: Princesse Barbie|[from]move: Metronome\n|-activate|p1a: Sableye|move: Mind Reader|[of] p2a: Princesse Barbie\n|\n|-end|p2a: Princesse Barbie|Uproar\n|upkeep\n|turn|13\n|c|\u2606Meracx|Horn Drill maintenant\n|\n|t:|1662483589\n|move|p2a: Princesse Barbie|Metronome|p2a: Princesse Barbie\n|move|p2a: Princesse Barbie|Taunt|p1a: Sableye|[from]move: Metronome\n|move|p1a: Sableye|Taunt|p2a: Princesse Barbie|[from]ability: Magic Bounce\n|-start|p2a: Princesse Barbie|move: Taunt\n|move|p1a: Sableye|Metronome|p1a: Sableye\n|move|p1a: Sableye|Spark|p2a: Princesse Barbie|[from]move: Metronome\n|-damage|p2a: Princesse Barbie|73\/100\n|\n|upkeep\n|turn|14\n|c|\u2606myrtille deter|la bataille de magic bounce\n|\n|t:|1662483605\n|switch|p2a: Unaware ma gueule|Clefable, F|100\/100\n|move|p1a: Sableye|Metronome|p1a: Sableye\n|move|p1a: Sableye|Arm Thrust|p2a: Unaware ma gueule|[from]move: Metronome\n|-resisted|p2a: Unaware ma gueule\n|-damage|p2a: Unaware ma gueule|98\/100\n|-resisted|p2a: Unaware ma gueule\n|-damage|p2a: Unaware ma gueule|95\/100\n|-resisted|p2a: Unaware ma gueule\n|-damage|p2a: Unaware ma gueule|93\/100\n|-resisted|p2a: Unaware ma gueule\n|-damage|p2a: Unaware ma gueule|90\/100\n|-hitcount|p2a: Unaware ma gueule|4\n|\n|upkeep\n|turn|15\n|\n|t:|1662483612\n|move|p2a: Unaware ma gueule|Metronome|p2a: Unaware ma gueule\n|move|p2a: Unaware ma gueule|Ally Switch||[from]move: Metronome|[still]\n|-fail|p2a: Unaware ma gueule\n|move|p1a: Sableye|Metronome|p1a: Sableye\n|move|p1a: Sableye|Psystrike|p2a: Unaware ma gueule|[from]move: Metronome\n|-damage|p2a: Unaware ma gueule|68\/100\n|\n|upkeep\n|turn|16\n|\n|t:|1662483619\n|move|p2a: Unaware ma gueule|Metronome|p2a: Unaware ma gueule\n|move|p2a: Unaware ma gueule|Shell Side Arm|p1a: Sableye|[from]move: Metronome|[anim] Shell Side Arm Special\n|-resisted|p1a: Sableye\n|-damage|p1a: Sableye|58\/100\n|-hint|Special Shell Side Arm\n|-status|p1a: Sableye|psn\n|move|p1a: Sableye|Metronome|p1a: Sableye\n|move|p1a: Sableye|Aeroblast|p2a: Unaware ma gueule|[from]move: Metronome\n|-damage|p2a: Unaware ma gueule|49\/100\n|\n|-damage|p1a: Sableye|46\/100 psn|[from] psn\n|upkeep\n|turn|17\n|c|\u2606myrtille deter|adakor\n|\n|t:|1662483629\n|move|p2a: Unaware ma gueule|Metronome|p2a: Unaware ma gueule\n|move|p2a: Unaware ma gueule|Worry Seed|p1a: Sableye|[from]move: Metronome\n|move|p1a: Sableye|Worry Seed|p2a: Unaware ma gueule|[from]ability: Magic Bounce\n|-endability|p2a: Unaware ma gueule|Magic Guard|[from] move: Worry Seed\n|-ability|p2a: Unaware ma gueule|Insomnia|[from] move: Worry Seed\n|move|p1a: Sableye|Metronome|p1a: Sableye\n|move|p1a: Sableye|Parabolic Charge|p2a: Unaware ma gueule|[from]move: Metronome\n|-damage|p2a: Unaware ma gueule|36\/100\n|-heal|p1a: Sableye|54\/100 psn|[from] drain|[of] p2a: Unaware ma gueule\n|\n|-damage|p1a: Sableye|41\/100 psn|[from] psn\n|upkeep\n|turn|18\n|c|\u2606myrtille deter|naaaaaaaan\n|\n|t:|1662483642\n|move|p2a: Unaware ma gueule|Metronome|p2a: Unaware ma gueule\n|move|p2a: Unaware ma gueule|Sweet Scent|p1a: Sableye|[from]move: Metronome\n|move|p1a: Sableye|Sweet Scent|p2a: Unaware ma gueule|[from]ability: Magic Bounce\n|-unboost|p2a: Unaware ma gueule|evasion|2\n|move|p1a: Sableye|Metronome|p1a: Sableye\n|move|p1a: Sableye|Water Shuriken|p2a: Unaware ma gueule|[from]move: Metronome\n|-damage|p2a: Unaware ma gueule|33\/100\n|-damage|p2a: Unaware ma gueule|30\/100\n|-hitcount|p2a: Unaware ma gueule|2\n|\n|-damage|p1a: Sableye|29\/100 psn|[from] psn\n|upkeep\n|turn|19\n|c|\u2606myrtille deter|mais naaaaaaan\n|\n|t:|1662483654\n|move|p2a: Unaware ma gueule|Metronome|p2a: Unaware ma gueule\n|move|p2a: Unaware ma gueule|Burn Up||[from]move: Metronome|[still]\n|-fail|p2a: Unaware ma gueule|move: Burn Up\n|move|p1a: Sableye|Metronome|p1a: Sableye\n|move|p1a: Sableye|Seed Bomb|p2a: Unaware ma gueule|[from]move: Metronome\n|-damage|p2a: Unaware ma gueule|3\/100\n|\n|-damage|p1a: Sableye|16\/100 psn|[from] psn\n|upkeep\n|turn|20\n|\n|t:|1662483661\n|move|p2a: Unaware ma gueule|Metronome|p2a: Unaware ma gueule\n|move|p2a: Unaware ma gueule|Double Kick|p1a: Sableye|[from]move: Metronome\n|-immune|p1a: Sableye\n|move|p1a: Sableye|Metronome|p1a: Sableye\n|move|p1a: Sableye|Gear Grind|p2a: Unaware ma gueule|[from]move: Metronome\n|-supereffective|p2a: Unaware ma gueule\n|-damage|p2a: Unaware ma gueule|0 fnt\n|faint|p2a: Unaware ma gueule\n|-hitcount|p2: Unaware ma gueule|1\n|\n|-damage|p1a: Sableye|4\/100 psn|[from] psn\n|upkeep\n|\n|t:|1662483673\n|switch|p2a: Barbapapa|Mew|73\/100\n|turn|21\n|\n|t:|1662483675\n|move|p2a: Barbapapa|Metronome|p2a: Barbapapa\n|move|p2a: Barbapapa|Kinesis|p1a: Sableye|[from]move: Metronome\n|move|p1a: Sableye|Kinesis|p2a: Barbapapa|[from]ability: Magic Bounce\n|-unboost|p2a: Barbapapa|accuracy|1\n|move|p1a: Sableye|Metronome|p1a: Sableye\n|move|p1a: Sableye|Moonblast|p2a: Barbapapa|[from]move: Metronome\n|-damage|p2a: Barbapapa|53\/100\n|\n|-heal|p2a: Barbapapa|59\/100|[from] item: Leftovers\n|-damage|p1a: Sableye|0 fnt|[from] psn\n|faint|p1a: Sableye\n|upkeep\n|c|\u2606myrtille deter|mais tu es si cancer\n|\n|t:|1662483684\n|switch|p1a: Inteleon|Inteleon, F|100\/100\n|turn|22\n|c|\u2606myrtille deter|m\u00e9ga t\u00e9n\u00e9fix pourquoi existe-tu\n|\n|t:|1662483695\n|switch|p2a: Oui m\u00e9 c\u00e9 rar|Celebi, shiny|100\/100\n|move|p1a: Inteleon|Metronome|p1a: Inteleon\n|move|p1a: Inteleon|Focus Energy|p1a: Inteleon|[from]move: Metronome\n|-start|p1a: Inteleon|move: Focus Energy\n|\n|upkeep\n|turn|23\n|c|\u2606Meracx|OH\n|c|\u2606Meracx|OUI OUI OUI\n|c| Kyussey|AH\n|c|\u2606myrtille deter|OH NON\n|c|\u2606myrtille deter|LE CON\n|c|\u2606Meracx|LET'S GO\n|\n|t:|1662483714\n|move|p1a: Inteleon|Metronome|p1a: Inteleon\n|move|p1a: Inteleon|Swift|p2a: Oui m\u00e9 c\u00e9 rar|[from]move: Metronome\n|-crit|p2a: Oui m\u00e9 c\u00e9 rar\n|-damage|p2a: Oui m\u00e9 c\u00e9 rar|57\/100\n|move|p2a: Oui m\u00e9 c\u00e9 rar|Metronome|p2a: Oui m\u00e9 c\u00e9 rar\n|move|p2a: Oui m\u00e9 c\u00e9 rar|Splash|p2a: Oui m\u00e9 c\u00e9 rar|[from]move: Metronome\n|-nothing\n|\n|upkeep\n|turn|24\n|c|\u2606Meracx|mdr\n|\n|t:|1662483723\n|move|p1a: Inteleon|Metronome|p1a: Inteleon\n|move|p1a: Inteleon|Hurricane|p2a: Oui m\u00e9 c\u00e9 rar|[from]move: Metronome\n|-supereffective|p2a: Oui m\u00e9 c\u00e9 rar\n|-crit|p2a: Oui m\u00e9 c\u00e9 rar\n|-damage|p2a: Oui m\u00e9 c\u00e9 rar|0 fnt\n|faint|p2a: Oui m\u00e9 c\u00e9 rar\n|\n|upkeep\n|c|\u2606Meracx|ROOOOOOOH OUI\n|c|\u2606myrtille deter|MAIS NIK TA MERE\n|c| Kyussey|tu va voir quand inteleon va memento\n|\n|t:|1662483733\n|switch|p2a: Barbapapa|Mew|59\/100\n|turn|25\n|\n|t:|1662483735\n|move|p1a: Inteleon|Metronome|p1a: Inteleon\n|move|p1a: Inteleon|Overheat|p2a: Barbapapa|[from]move: Metronome|[miss]\n|-miss|p1a: Inteleon|p2a: Barbapapa\n|move|p2a: Barbapapa|Metronome|p2a: Barbapapa\n|move|p2a: Barbapapa|Dragon Breath|p1a: Inteleon|[from]move: Metronome\n|-damage|p1a: Inteleon|72\/100\n|\n|-heal|p2a: Barbapapa|65\/100|[from] item: Leftovers\n|upkeep\n|turn|26\n|c|\u2606Meracx|Dommage\n|c|\u2606Meracx|C'\u00e9tait pixel avec les crits\n|c|\u2606myrtille deter|m\u00eame pas para\n|\n|t:|1662483747\n|move|p1a: Inteleon|Metronome|p1a: Inteleon\n|move|p1a: Inteleon|Teeter Dance|p2a: Barbapapa|[from]move: Metronome\n|-start|p2a: Barbapapa|confusion\n|-activate|p2a: Barbapapa|confusion\n|move|p2a: Barbapapa|Metronome|p2a: Barbapapa\n|move|p2a: Barbapapa|Screech|p1a: Inteleon|[from]move: Metronome|[miss]\n|-miss|p2a: Barbapapa|p1a: Inteleon\n|\n|-heal|p2a: Barbapapa|71\/100|[from] item: Leftovers\n|upkeep\n|turn|27\n|c|\u2606myrtille deter|lais stop vous \u00eates cancer monsieur\n|\n|t:|1662483755\n|move|p1a: Inteleon|Metronome|p1a: Inteleon\n|move|p1a: Inteleon|Agility|p1a: Inteleon|[from]move: Metronome\n|-boost|p1a: Inteleon|spe|2\n|-end|p2a: Barbapapa|confusion\n|move|p2a: Barbapapa|Metronome|p2a: Barbapapa\n|move|p2a: Barbapapa|Drill Run|p1a: Inteleon|[from]move: Metronome\n|-damage|p1a: Inteleon|22\/100\n|\n|-heal|p2a: Barbapapa|77\/100|[from] item: Leftovers\n|upkeep\n|turn|28\n|\n|t:|1662483765\n|move|p1a: Inteleon|Metronome|p1a: Inteleon\n|move|p1a: Inteleon|Razor Leaf|p2a: Barbapapa|[from]move: Metronome\n|-crit|p2a: Barbapapa\n|-damage|p2a: Barbapapa|53\/100\n|move|p2a: Barbapapa|Metronome|p2a: Barbapapa\n|move|p2a: Barbapapa|Wrap|p1a: Inteleon|[from]move: Metronome\n|-damage|p1a: Inteleon|13\/100\n|-activate|p1a: Inteleon|move: Wrap|[of] p2a: Barbapapa\n|\n|-heal|p2a: Barbapapa|59\/100|[from] item: Leftovers\n|-damage|p1a: Inteleon|0 fnt|[from] move: Wrap|[partiallytrapped]\n|faint|p1a: Inteleon\n|upkeep\n|c|\u2606Meracx|Il aura rien fait au final\n|c|\u2606myrtille deter|cheh\n|\n|t:|1662483779\n|switch|p1a: Ursaring|Ursaring, F|100\/100\n|turn|29\n|\n|t:|1662483782\n|move|p2a: Barbapapa|Metronome|p2a: Barbapapa\n|move|p2a: Barbapapa|Gyro Ball|p1a: Ursaring|[from]move: Metronome\n|-damage|p1a: Ursaring|93\/100\n|move|p1a: Ursaring|Metronome|p1a: Ursaring\n|move|p1a: Ursaring|Fake Tears|p2a: Barbapapa|[from]move: Metronome\n|-unboost|p2a: Barbapapa|spd|2\n|\n|-heal|p2a: Barbapapa|65\/100|[from] item: Leftovers\n|upkeep\n|turn|30\n|c| Kyussey|il a juste but\u00e9 celebi\n|\n|t:|1662483791\n|switch|p2a: Princesse Barbie|Diancie-Mega|73\/100\n|move|p1a: Ursaring|Metronome|p1a: Ursaring\n|move|p1a: Ursaring|Iron Defense|p1a: Ursaring|[from]move: Metronome\n|-boost|p1a: Ursaring|def|2\n|\n|upkeep\n|turn|31\n|\n|t:|1662483798\n|move|p2a: Princesse Barbie|Metronome|p2a: Princesse Barbie\n|move|p2a: Princesse Barbie|Uproar|p1a: Ursaring|[from]move: Metronome\n|-damage|p1a: Ursaring|50\/100\n|-start|p2a: Princesse Barbie|Uproar\n|move|p1a: Ursaring|Metronome|p1a: Ursaring\n|move|p1a: Ursaring|Headbutt|p2a: Princesse Barbie|[from]move: Metronome\n|-resisted|p2a: Princesse Barbie\n|-damage|p2a: Princesse Barbie|31\/100\n|\n|-start|p2a: Princesse Barbie|Uproar|[upkeep]\n|upkeep\n|turn|32\n|c|\u2606myrtille deter|stop en fait\n|c|\u2606myrtille deter|arr\u00eate les uproar Diancie\n|\n|t:|1662483810\n|switch|p1a: Polteageist|Polteageist|100\/100\n|move|p2a: Princesse Barbie|Uproar|p1a: Polteageist|[from]lockedmove\n|-immune|p1a: Polteageist\n|\n|-start|p2a: Princesse Barbie|Uproar|[upkeep]\n|upkeep\n|turn|33\n|\n|t:|1662483814\n|move|p2a: Princesse Barbie|Uproar|p1a: Polteageist|[from]lockedmove\n|-immune|p1a: Polteageist\n|move|p1a: Polteageist|Metronome|p1a: Polteageist\n|move|p1a: Polteageist|Fury Swipes|p2a: Princesse Barbie|[from]move: Metronome\n|-resisted|p2a: Princesse Barbie\n|-damage|p2a: Princesse Barbie|29\/100\n|-resisted|p2a: Princesse Barbie\n|-damage|p2a: Princesse Barbie|27\/100\n|-resisted|p2a: Princesse Barbie\n|-damage|p2a: Princesse Barbie|26\/100\n|-resisted|p2a: Princesse Barbie\n|-damage|p2a: Princesse Barbie|24\/100\n|-hitcount|p2a: Princesse Barbie|4\n|\n|-end|p2a: Princesse Barbie|Uproar\n|upkeep\n|turn|34\n|\n|t:|1662483819\n|move|p2a: Princesse Barbie|Metronome|p2a: Princesse Barbie\n|move|p2a: Princesse Barbie|Expanding Force|p1a: Polteageist|[from]move: Metronome\n|-damage|p1a: Polteageist|58\/100\n|move|p1a: Polteageist|Metronome|p1a: Polteageist\n|move|p1a: Polteageist|Ally Switch||[from]move: Metronome|[still]\n|-fail|p1a: Polteageist\n|\n|upkeep\n|turn|35\n|\n|t:|1662483825\n|move|p2a: Princesse Barbie|Metronome|p2a: Princesse Barbie\n|move|p2a: Princesse Barbie|Lava Plume|p1a: Polteageist|[from]move: Metronome\n|-damage|p1a: Polteageist|17\/100\n|move|p1a: Polteageist|Metronome|p1a: Polteageist\n|move|p1a: Polteageist|Volt Switch|p2a: Princesse Barbie|[from]move: Metronome\n|-damage|p2a: Princesse Barbie|0 fnt\n|faint|p2a: Princesse Barbie\n|\n|t:|1662483833\n|switch|p1a: Mew|Mew|100\/100|[from]move: Volt Switch\n|\n|upkeep\n|\n|t:|1662483837\n|switch|p2a: Barbapapa|Mew|65\/100\n|turn|36\n|\n|t:|1662483840\n|-zpower|p1a: Mew\n|move|p1a: Mew|Z-Metronome|p1a: Mew|[anim]Metronome\n|move|p1a: Mew|Breakneck Blitz|p2a: Barbapapa|[from]move: Metronome\n|-damage|p2a: Barbapapa|45\/100\n|move|p2a: Barbapapa|Metronome|p2a: Barbapapa\n|move|p2a: Barbapapa|Rain Dance|p2a: Barbapapa|[from]move: Metronome\n|-weather|RainDance\n|\n|-weather|RainDance|[upkeep]\n|-heal|p2a: Barbapapa|51\/100|[from] item: Leftovers\n|upkeep\n|turn|37\n|c|\u2606myrtille deter|regardez mes beaux surnoms svp\n|\n|t:|1662483849\n|move|p1a: Mew|Metronome|p1a: Mew\n|move|p1a: Mew|Defog|p2a: Barbapapa|[from]move: Metronome\n|-unboost|p2a: Barbapapa|evasion|1\n|move|p2a: Barbapapa|Metronome|p2a: Barbapapa\n|move|p2a: Barbapapa|Octazooka|p1a: Mew|[from]move: Metronome\n|-damage|p1a: Mew|71\/100\n|-unboost|p1a: Mew|accuracy|1\n|\n|-weather|RainDance|[upkeep]\n|-heal|p2a: Barbapapa|57\/100|[from] item: Leftovers\n|upkeep\n|turn|38\n|\n|t:|1662483861\n|switch|p1a: Ursaring|Ursaring, F|50\/100\n|move|p2a: Barbapapa|Metronome|p2a: Barbapapa\n|move|p2a: Barbapapa|Ingrain|p2a: Barbapapa|[from]move: Metronome\n|-start|p2a: Barbapapa|move: Ingrain\n|\n|-weather|RainDance|[upkeep]\n|-heal|p2a: Barbapapa|63\/100|[from] item: Leftovers\n|-heal|p2a: Barbapapa|69\/100|[from] Ingrain\n|upkeep\n|turn|39\n|c|\u2606Meracx|MDR\n|c| Kyussey|oulah\n|\n|t:|1662483870\n|-activate|p2a: Barbapapa|move: Struggle\n|move|p2a: Barbapapa|Struggle|p1a: Ursaring\n|-damage|p1a: Ursaring|33\/100\n|-damage|p2a: Barbapapa|44\/100|[from] recoil\n|move|p1a: Ursaring|Metronome|p1a: Ursaring\n|move|p1a: Ursaring|Forest's Curse|p2a: Barbapapa|[from]move: Metronome\n|-start|p2a: Barbapapa|typeadd|Grass|[from] move: Forest's Curse\n|\n|-weather|RainDance|[upkeep]\n|-heal|p2a: Barbapapa|50\/100|[from] item: Leftovers\n|-heal|p2a: Barbapapa|56\/100|[from] Ingrain\n|upkeep\n|turn|40\n|c|\u2606myrtille deter|OH LE CON\n|\n|t:|1662483880\n|-activate|p2a: Barbapapa|move: Struggle\n|move|p2a: Barbapapa|Struggle|p1a: Ursaring\n|-damage|p1a: Ursaring|15\/100\n|-damage|p2a: Barbapapa|31\/100|[from] recoil\n|move|p1a: Ursaring|Metronome|p1a: Ursaring\n|move|p1a: Ursaring|Belly Drum||[from]move: Metronome|[still]\n|-fail|p1a: Ursaring\n|\n|-weather|none\n|-heal|p2a: Barbapapa|37\/100|[from] item: Leftovers\n|-heal|p2a: Barbapapa|43\/100|[from] Ingrain\n|upkeep\n|turn|41\n|c|\u2606myrtille deter|IL S'EST INGRAIN SUR SON DERNIER METRONOME\n|\n|t:|1662483891\n|-activate|p2a: Barbapapa|move: Struggle\n|move|p2a: Barbapapa|Struggle|p1a: Ursaring\n|-damage|p1a: Ursaring|0 fnt\n|faint|p1a: Ursaring\n|-damage|p2a: Barbapapa|18\/100|[from] recoil\n|\n|-heal|p2a: Barbapapa|24\/100|[from] item: Leftovers\n|-heal|p2a: Barbapapa|31\/100|[from] Ingrain\n|upkeep\n|c|\u2606Meracx|Et c'est moi le cancer\n|c| Kyussey|au moins t'as acc\u00e8s a plus de struggle\n|\n|t:|1662483907\n|switch|p1a: Mew|Mew|71\/100\n|turn|42\n|c| Kyussey|c'est legit bien\n|c|\u2606myrtille deter|ET C'EST DEVENU UN CELEBI\n|\n|t:|1662483910\n|move|p1a: Mew|Metronome|p1a: Mew\n|move|p1a: Mew|Scale Shot|p2a: Barbapapa|[from]move: Metronome\n|-damage|p2a: Barbapapa|25\/100\n|-damage|p2a: Barbapapa|20\/100\n|-hitcount|p2a: Barbapapa|2\n|-unboost|p1a: Mew|def|1\n|-boost|p1a: Mew|spe|1\n|-activate|p2a: Barbapapa|move: Struggle\n|move|p2a: Barbapapa|Struggle|p1a: Mew\n|-damage|p1a: Mew|49\/100\n|-damage|p2a: Barbapapa|0 fnt|[from] recoil\n|faint|p2a: Barbapapa\n|\n|upkeep\n|\n|t:|1662483915\n|switch|p2a: j'te haxx|Jirachi, shiny|100\/100\n|turn|43\n|\n|t:|1662483918\n|move|p1a: Mew|Metronome|p1a: Mew\n|move|p1a: Mew|Slash|p2a: j'te haxx|[from]move: Metronome\n|-resisted|p2a: j'te haxx\n|-damage|p2a: j'te haxx|92\/100\n|-zpower|p2a: j'te haxx\n|move|p2a: j'te haxx|Z-Metronome|p2a: j'te haxx|[anim]Metronome\n|move|p2a: j'te haxx|Hone Claws|p2a: j'te haxx|[from]move: Metronome\n|-boost|p2a: j'te haxx|atk|1\n|-boost|p2a: j'te haxx|accuracy|1\n|\n|upkeep\n|turn|44\n|\n|t:|1662483928\n|move|p1a: Mew|Metronome|p1a: Mew\n|move|p1a: Mew|Icy Wind|p2a: j'te haxx|[from]move: Metronome\n|-resisted|p2a: j'te haxx\n|-damage|p2a: j'te haxx|83\/100\n|-unboost|p2a: j'te haxx|spe|1\n|move|p2a: j'te haxx|Metronome|p2a: j'te haxx\n|move|p2a: j'te haxx|Aura Sphere|p1a: Mew|[from]move: Metronome\n|-resisted|p1a: Mew\n|-damage|p1a: Mew|37\/100\n|\n|upkeep\n|turn|45\n|c|\u2606myrtille deter|\u00e7a fait quoi Z-metronome en fait ?\n|\n|t:|1662483938\n|move|p1a: Mew|Metronome|p1a: Mew\n|move|p1a: Mew|Mega Kick|p2a: j'te haxx|[from]move: Metronome\n|-resisted|p2a: j'te haxx\n|-damage|p2a: j'te haxx|68\/100\n|move|p2a: j'te haxx|Metronome|p2a: j'te haxx\n|move|p2a: j'te haxx|Rock Polish|p2a: j'te haxx|[from]move: Metronome\n|-boost|p2a: j'te haxx|spe|2\n|\n|upkeep\n|turn|46\n|\n|t:|1662483947\n|move|p1a: Mew|Metronome|p1a: Mew\n|move|p1a: Mew|Super Fang|p2a: j'te haxx|[from]move: Metronome\n|-damage|p2a: j'te haxx|35\/100\n|move|p2a: j'te haxx|Metronome|p2a: j'te haxx\n|move|p2a: j'te haxx|Parabolic Charge|p1a: Mew|[from]move: Metronome\n|-damage|p1a: Mew|18\/100\n|-heal|p2a: j'te haxx|44\/100|[from] drain|[of] p1a: Mew\n|\n|upkeep\n|turn|47\n|\n|t:|1662483954\n|move|p1a: Mew|Metronome|p1a: Mew\n|move|p1a: Mew|Power Swap|p2a: j'te haxx|[from]move: Metronome\n|-swapboost|p1a: Mew|p2a: j'te haxx|atk, spa|[from] move: Power Swap\n|move|p2a: j'te haxx|Metronome|p2a: j'te haxx\n|move|p2a: j'te haxx|Cut|p1a: Mew|[from]move: Metronome\n|-damage|p1a: Mew|0 fnt\n|faint|p1a: Mew\n|\n|upkeep\n|\n|t:|1662483961\n|switch|p1a: Polteageist|Polteageist|17\/100\n|turn|48\n|c|\u2606myrtille deter|Rend moi mon attaque m\u00e9heu\n|\n|t:|1662483966\n|move|p2a: j'te haxx|Metronome|p2a: j'te haxx\n|move|p2a: j'te haxx|Anchor Shot|p1a: Polteageist|[from]move: Metronome\n|-damage|p1a: Polteageist|0 fnt\n|faint|p1a: Polteageist\n|\n|win|myrtille deter\n|c|\u2606myrtille deter|mouahahahahaha\n|c| Kyussey|et bin\n|c|\u2606Meracx|Anchor shot Jirachi\n|c|\u2606Meracx|Scandale\n|c| Kyussey|bouhbouhbouh\n|c|\u2606myrtille deter|la revanche en cliquant sur nos pseudos\n|l| Ahiji\n|l|\u2606myrtille deter\n","uploadtime":1662485028,"views":4,"p1id":"meracx","p2id":"myrtilledeter","formatid":"gen8nationaldexag","rating":0,"private":0,"password":null}