{"id":"gen8monotype-1150306810","p1":"Goootzinho","p2":"Alkagen101","format":"gen8monotype","log":"|j|\u2606Goootzinho\n|j|\u2606Alkagen101\n|player|p1|Goootzinho|galacticgrunt|1411\n|player|p2|Alkagen101|lucas-gen4pt|1518\n|teamsize|p1|6\n|teamsize|p2|6\n|gametype|singles\n|gen|8\n|tier|[Gen 8] Monotype\n|rated|\n|rule|Same Type Clause: Pok\u00e9mon in a team must share a type\n|clearpoke\n|poke|p1|Torkoal, M|\n|poke|p1|Cinderace, F|\n|poke|p1|Volcarona, F|\n|poke|p1|Marowak-Alola, M|\n|poke|p1|Charizard, F|\n|poke|p1|Incineroar, M|\n|poke|p2|Pelipper, F|\n|poke|p2|Kingdra, F|\n|poke|p2|Toxapex, M|\n|poke|p2|Crawdaunt, F|\n|poke|p2|Azumarill, M|\n|poke|p2|Seismitoad, F|\n|rule|Sleep Clause Mod: Limit one foe put to sleep\n|rule|Species Clause: Limit one of each Pok\u00e9mon\n|rule|OHKO Clause: OHKO moves are banned\n|rule|Evasion Moves Clause: Evasion moves are banned\n|rule|Endless Battle Clause: Forcing endless battles is banned\n|rule|HP Percentage Mod: HP is shown in percentages\n|rule|Dynamax Clause: You cannot dynamax\n|teampreview\n|\n|start\n|switch|p1a: Torkoal|Torkoal, M|100\/100\n|switch|p2a: Kingdra|Kingdra, F, shiny|100\/100\n|-weather|SunnyDay|[from] ability: Drought|[of] p1a: Torkoal\n|turn|1\n|\n|move|p2a: Kingdra|Draco Meteor|p1a: Torkoal|[miss]\n|-miss|p2a: Kingdra|p1a: Torkoal\n|move|p1a: Torkoal|Stealth Rock|p2a: Kingdra\n|-sidestart|p2: Alkagen101|move: Stealth Rock\n|\n|-weather|SunnyDay|[upkeep]\n|upkeep\n|turn|2\n|\n|switch|p1a: Incineroar|Incineroar, M|100\/100\n|-ability|p1a: Incineroar|Intimidate|boost\n|-unboost|p2a: Kingdra|atk|1\n|move|p2a: Kingdra|Draco Meteor|p1a: Incineroar\n|-damage|p1a: Incineroar|41\/100\n|-unboost|p2a: Kingdra|spa|2\n|\n|-weather|SunnyDay|[upkeep]\n|upkeep\n|turn|3\n|\n|switch|p2a: Pelipper|Pelipper, F|100\/100\n|-weather|RainDance|[from] ability: Drizzle|[of] p2a: Pelipper\n|move|p1a: Incineroar|Parting Shot|p2a: Pelipper\n|-unboost|p2a: Pelipper|atk|1\n|-unboost|p2a: Pelipper|spa|1\n|\n|switch|p1a: Marowak|Marowak-Alola, M|100\/100|[from]move: Parting Shot\n|\n|-weather|RainDance|[upkeep]\n|upkeep\n|turn|4\n|\n|move|p1a: Marowak|Poltergeist|p2a: Pelipper\n|-activate|p2a: Pelipper|move: Poltergeist|Heavy-Duty Boots\n|-damage|p2a: Pelipper|36\/100\n|move|p2a: Pelipper|Defog|p1a: Marowak\n|-unboost|p1a: Marowak|evasion|1\n|-sideend|p2: Alkagen101|Stealth Rock|[from] move: Defog|[of] p2a: Pelipper\n|\n|-weather|RainDance|[upkeep]\n|upkeep\n|turn|5\n|\n|switch|p2a: Crawdaunt|Crawdaunt, F|100\/100\n|move|p1a: Marowak|Poltergeist|p2a: Crawdaunt\n|-activate|p2a: Crawdaunt|move: Poltergeist|Life Orb\n|-resisted|p2a: Crawdaunt\n|-damage|p2a: Crawdaunt|40\/100\n|\n|-weather|RainDance|[upkeep]\n|upkeep\n|turn|6\n|\n|switch|p1a: Torkoal|Torkoal, M|100\/100\n|-weather|SunnyDay|[from] ability: Drought|[of] p1a: Torkoal\n|move|p2a: Crawdaunt|Knock Off|p1a: Torkoal\n|-damage|p1a: Torkoal|47\/100\n|-enditem|p1a: Torkoal|Heat Rock|[from] move: Knock Off|[of] p2a: Crawdaunt\n|-damage|p2a: Crawdaunt|30\/100|[from] item: Life Orb\n|\n|-weather|SunnyDay|[upkeep]\n|upkeep\n|turn|7\n|\n|switch|p1a: Incineroar|Incineroar, M|41\/100\n|-ability|p1a: Incineroar|Intimidate|boost\n|-unboost|p2a: Crawdaunt|atk|1\n|move|p2a: Crawdaunt|Crabhammer|p1a: Incineroar\n|-supereffective|p1a: Incineroar\n|-damage|p1a: Incineroar|0 fnt\n|-damage|p2a: Crawdaunt|21\/100|[from] item: Life Orb\n|faint|p1a: Incineroar\n|\n|-weather|SunnyDay|[upkeep]\n|upkeep\n|\n|switch|p1a: Cinderace|Cinderace, F|100\/100\n|turn|8\n|\n|switch|p2a: Toxapex|Toxapex, M|100\/100\n|move|p1a: Cinderace|Bulk Up|p1a: Cinderace\n|-start|p1a: Cinderace|typechange|Fighting|[from] ability: Libero\n|-boost|p1a: Cinderace|atk|1\n|-boost|p1a: Cinderace|def|1\n|\n|-weather|SunnyDay|[upkeep]\n|upkeep\n|turn|9\n|\n|move|p1a: Cinderace|Pyro Ball|p2a: Toxapex\n|-start|p1a: Cinderace|typechange|Fire|[from] ability: Libero\n|-resisted|p2a: Toxapex\n|-damage|p2a: Toxapex|60\/100\n|move|p2a: Toxapex|Haze|p2a: Toxapex\n|-clearallboost\n|\n|-weather|SunnyDay|[upkeep]\n|-heal|p2a: Toxapex|66\/100|[from] item: Black Sludge\n|upkeep\n|turn|10\n|\n|switch|p1a: Marowak|Marowak-Alola, M|100\/100\n|move|p2a: Toxapex|Recover|p2a: Toxapex\n|-heal|p2a: Toxapex|100\/100\n|\n|-weather|SunnyDay|[upkeep]\n|upkeep\n|turn|11\n|\n|switch|p2a: Seismitoad|Seismitoad, F|100\/100\n|move|p1a: Marowak|Earthquake|p2a: Seismitoad\n|-damage|p2a: Seismitoad|36\/100\n|\n|-weather|SunnyDay|[upkeep]\n|upkeep\n|turn|12\n|\n|switch|p1a: Torkoal|Torkoal, M|47\/100\n|move|p2a: Seismitoad|Stealth Rock|p1a: Torkoal\n|-sidestart|p1: Goootzinho|move: Stealth Rock\n|\n|-weather|SunnyDay|[upkeep]\n|upkeep\n|turn|13\n|\n|move|p2a: Seismitoad|Hydro Pump|p1a: Torkoal\n|-supereffective|p1a: Torkoal\n|-damage|p1a: Torkoal|0 fnt\n|-damage|p2a: Seismitoad|26\/100|[from] item: Life Orb\n|faint|p1a: Torkoal\n|\n|-weather|none\n|upkeep\n|\n|switch|p1a: Volcarona|Volcarona, F|100\/100\n|turn|14\n|\n|switch|p2a: Azumarill|Azumarill, M|100\/100\n|move|p1a: Volcarona|Bug Buzz|p2a: Azumarill\n|-resisted|p2a: Azumarill\n|-damage|p2a: Azumarill|83\/100\n|\n|-heal|p2a: Azumarill|90\/100|[from] item: Leftovers\n|upkeep\n|turn|15\n|\n|switch|p1a: Cinderace|Cinderace, F|100\/100\n|move|p2a: Azumarill|Whirlpool|p1a: Cinderace\n|-supereffective|p1a: Cinderace\n|-damage|p1a: Cinderace|79\/100\n|-activate|p1a: Cinderace|move: Whirlpool|[of] p2a: Azumarill\n|\n|-heal|p2a: Azumarill|96\/100|[from] item: Leftovers\n|-damage|p1a: Cinderace|66\/100|[from] move: Whirlpool|[partiallytrapped]\n|upkeep\n|turn|16\n|\n|move|p1a: Cinderace|High Jump Kick|p2a: Azumarill\n|-start|p1a: Cinderace|typechange|Fighting|[from] ability: Libero\n|-resisted|p2a: Azumarill\n|-damage|p2a: Azumarill|65\/100\n|move|p2a: Azumarill|Perish Song|p2a: Azumarill\n|-start|p1a: Cinderace|perish3|[silent]\n|-start|p2a: Azumarill|perish3|[silent]\n|-fieldactivate|move: Perish Song\n|\n|-heal|p2a: Azumarill|72\/100|[from] item: Leftovers\n|-damage|p1a: Cinderace|54\/100|[from] move: Whirlpool|[partiallytrapped]\n|-start|p1a: Cinderace|perish3\n|-start|p2a: Azumarill|perish3\n|upkeep\n|turn|17\n|\n|move|p2a: Azumarill|Protect|p2a: Azumarill\n|-singleturn|p2a: Azumarill|Protect\n|move|p1a: Cinderace|Bulk Up|p1a: Cinderace\n|-boost|p1a: Cinderace|atk|1\n|-boost|p1a: Cinderace|def|1\n|\n|-heal|p2a: Azumarill|78\/100|[from] item: Leftovers\n|-damage|p1a: Cinderace|42\/100|[from] move: Whirlpool|[partiallytrapped]\n|-start|p1a: Cinderace|perish2\n|-start|p2a: Azumarill|perish2\n|upkeep\n|turn|18\n|\n|move|p2a: Azumarill|Protect||[still]\n|-fail|p2a: Azumarill\n|move|p1a: Cinderace|High Jump Kick|p2a: Azumarill\n|-resisted|p2a: Azumarill\n|-damage|p2a: Azumarill|28\/100\n|\n|-heal|p2a: Azumarill|35\/100|[from] item: Leftovers\n|-damage|p1a: Cinderace|29\/100|[from] move: Whirlpool|[partiallytrapped]\n|-start|p1a: Cinderace|perish1\n|-start|p2a: Azumarill|perish1\n|upkeep\n|turn|19\n|\n|switch|p2a: Pelipper|Pelipper, F|36\/100\n|-weather|RainDance|[from] ability: Drizzle|[of] p2a: Pelipper\n|move|p1a: Cinderace|High Jump Kick|p2a: Pelipper\n|-resisted|p2a: Pelipper\n|-damage|p2a: Pelipper|0 fnt\n|faint|p2a: Pelipper\n|\n|-weather|RainDance|[upkeep]\n|-end|p1a: Cinderace|Whirlpool|[partiallytrapped]\n|-start|p1a: Cinderace|perish0\n|upkeep\n|faint|p1a: Cinderace\n|\n|switch|p1a: Charizard|Charizard, F|100\/100\n|switch|p2a: Kingdra|Kingdra, F, shiny|100\/100\n|-damage|p1a: Charizard|51\/100|[from] Stealth Rock\n|turn|20\n|\n|move|p2a: Kingdra|Surf|p1a: Charizard\n|-supereffective|p1a: Charizard\n|-damage|p1a: Charizard|0 fnt\n|faint|p1a: Charizard\n|\n|-weather|RainDance|[upkeep]\n|upkeep\n|\n|switch|p1a: Volcarona|Volcarona, F|100\/100\n|turn|21\n|\n|move|p2a: Kingdra|Surf|p1a: Volcarona\n|-supereffective|p1a: Volcarona\n|-damage|p1a: Volcarona|0 fnt\n|faint|p1a: Volcarona\n|\n|-weather|RainDance|[upkeep]\n|upkeep\n|\n|switch|p1a: Marowak|Marowak-Alola, M|100\/100\n|-damage|p1a: Marowak|76\/100|[from] Stealth Rock\n|turn|22\n|\n|move|p2a: Kingdra|Surf|p1a: Marowak\n|-supereffective|p1a: Marowak\n|-damage|p1a: Marowak|0 fnt\n|faint|p1a: Marowak\n|\n|win|Alkagen101\n|l|\u2606Goootzinho\n|raw|Goootzinho's rating: 1411 &rarr; <strong>1397<\/strong><br \/>(-14 for losing)\n|raw|Alkagen101's rating: 1518 &rarr; <strong>1532<\/strong><br \/>(+14 for winning)\n","uploadtime":1594637763,"views":18,"p1id":"goootzinho","p2id":"alkagen101","formatid":"gen8monotype","rating":1397,"private":0,"password":null}