{"id":"gen8ou-1700082389","p1":"Wolfspace","p2":"cows123p","format":"gen8ou","log":"|j|\u2606Wolfspace\n|j|\u2606cows123p\n|t:|1667312077\n|gametype|singles\n|player|p1|Wolfspace|palmer|1584\n|player|p2|cows123p|acetrainercouple|1592\n|teamsize|p1|6\n|teamsize|p2|6\n|gen|8\n|tier|[Gen 8] OU\n|rated|\n|rule|Sleep Clause Mod: Limit one foe put to sleep\n|rule|Species Clause: Limit one of each Pok\u00e9mon\n|rule|OHKO Clause: OHKO moves are banned\n|rule|Evasion Items Clause: Evasion items are banned\n|rule|Evasion Moves Clause: Evasion moves are banned\n|rule|Endless Battle Clause: Forcing endless battles is banned\n|rule|HP Percentage Mod: HP is shown in percentages\n|rule|Dynamax Clause: You cannot dynamax\n|clearpoke\n|poke|p1|Weavile, F|\n|poke|p1|Zeraora|\n|poke|p1|Dragapult, M|\n|poke|p1|Victini|\n|poke|p1|Dragonite, F|\n|poke|p1|Kartana|\n|poke|p2|Diggersby, M|\n|poke|p2|Tapu Lele|\n|poke|p2|Ribombee, F|\n|poke|p2|Urshifu-*, F|\n|poke|p2|Heatran, M|\n|poke|p2|Kartana|\n|teampreview\n|\n|t:|1667312094\n|start\n|switch|p1a: Victini|Victini|100\/100\n|switch|p2a: Ribombee|Ribombee, F|100\/100\n|turn|1\n|\n|t:|1667312099\n|move|p1a: Victini|V-create|p2a: Ribombee\n|-supereffective|p2a: Ribombee\n|-enditem|p2a: Ribombee|Focus Sash\n|-damage|p2a: Ribombee|1\/100\n|-unboost|p1a: Victini|spe|1\n|-unboost|p1a: Victini|def|1\n|-unboost|p1a: Victini|spd|1\n|move|p2a: Ribombee|Sticky Web|p1a: Victini\n|-sidestart|p1: Wolfspace|move: Sticky Web\n|\n|upkeep\n|turn|2\n|\n|t:|1667312107\n|switch|p2a: Heatran|Heatran, M|100\/100\n|-item|p2a: Heatran|Air Balloon\n|move|p1a: Victini|V-create|p2a: Heatran\n|-start|p2a: Heatran|ability: Flash Fire\n|\n|upkeep\n|turn|3\n|\n|t:|1667312114\n|switch|p1a: Dragonite|Dragonite, F|100\/100\n|move|p2a: Heatran|Magma Storm|p1a: Dragonite\n|-resisted|p1a: Dragonite\n|-damage|p1a: Dragonite|83\/100\n|-activate|p1a: Dragonite|move: Magma Storm|[of] p2a: Heatran\n|\n|-damage|p1a: Dragonite|71\/100|[from] move: Magma Storm|[partiallytrapped]\n|upkeep\n|turn|4\n|\n|t:|1667312122\n|move|p2a: Heatran|Eruption|p1a: Dragonite\n|-resisted|p1a: Dragonite\n|-damage|p1a: Dragonite|21\/100\n|move|p1a: Dragonite|Dragon Dance|p1a: Dragonite\n|-boost|p1a: Dragonite|atk|1\n|-boost|p1a: Dragonite|spe|1\n|\n|-damage|p1a: Dragonite|9\/100|[from] move: Magma Storm|[partiallytrapped]\n|upkeep\n|turn|5\n|j| Zd169\n|\n|t:|1667312129\n|move|p1a: Dragonite|Dual Wingbeat|p2a: Heatran\n|-resisted|p2a: Heatran\n|-damage|p2a: Heatran|84\/100\n|-enditem|p2a: Heatran|Air Balloon\n|-resisted|p2a: Heatran\n|-damage|p2a: Heatran|70\/100\n|-hitcount|p2a: Heatran|2\n|move|p2a: Heatran|Eruption|p1a: Dragonite\n|-resisted|p1a: Dragonite\n|-damage|p1a: Dragonite|0 fnt\n|faint|p1a: Dragonite\n|\n|upkeep\n|\n|t:|1667312139\n|switch|p1a: Dragapult|Dragapult, M|100\/100\n|-activate|p1a: Dragapult|move: Sticky Web\n|-fail|p1a: Dragapult|unboost|[from] ability: Clear Body|[of] p1a: Dragapult\n|turn|6\n|\n|t:|1667312147\n|move|p1a: Dragapult|Dragon Dance|p1a: Dragapult\n|-boost|p1a: Dragapult|atk|1\n|-boost|p1a: Dragapult|spe|1\n|move|p2a: Heatran|Magma Storm|p1a: Dragapult\n|-resisted|p1a: Dragapult\n|-damage|p1a: Dragapult|44\/100\n|-activate|p1a: Dragapult|move: Magma Storm|[of] p2a: Heatran\n|\n|-damage|p1a: Dragapult|32\/100|[from] move: Magma Storm|[partiallytrapped]\n|upkeep\n|turn|7\n|\n|t:|1667312156\n|-end|p2a: Heatran|ability: Flash Fire|[silent]\n|switch|p2a: Diggersby|Diggersby, M|100\/100\n|move|p1a: Dragapult|Phantom Force||[still]\n|-prepare|p1a: Dragapult|Phantom Force\n|\n|-end|p1a: Dragapult|Magma Storm|[partiallytrapped]|[silent]\n|upkeep\n|turn|8\n|-message|Wolfspace forfeited.\n|\n|win|cows123p\n|raw|Wolfspace's rating: 1584 &rarr; <strong>1565<\/strong><br \/>(-19 for losing)\n|raw|cows123p's rating: 1610 &rarr; <strong>1629<\/strong><br \/>(+19 for winning)\n|l|\u2606Wolfspace\n|c|\u2606cows123p|goddamn\n|c|\u2606cows123p|gg\n||Ladder isn't responding, score probably updated but might not have (Request timeout).\n","uploadtime":1667312180,"views":19,"p1id":"wolfspace","p2id":"cows123p","formatid":"gen8ou","rating":1565,"private":0,"password":null}