{"id":"gen8nationaldex-1590814333","p1":"Not Sarcasm","p2":"dranowe","format":"gen8nationaldex","log":"|j|\u2606Not Sarcasm\n|j|\u2606dranowe\n|t:|1654566957\n|gametype|singles\n|player|p1|Not Sarcasm|170|1711\n|player|p2|dranowe|red|1594\n|teamsize|p1|6\n|teamsize|p2|6\n|gen|8\n|tier|[Gen 8] National Dex\n|rated|\n|rule|HP Percentage Mod: HP is shown in percentages\n|rule|Endless Battle Clause: Forcing endless battles is banned\n|rule|OHKO Clause: OHKO moves are banned\n|rule|Evasion Moves Clause: Evasion moves are banned\n|rule|Species Clause: Limit one of each Pok\u00e9mon\n|rule|Dynamax Clause: You cannot dynamax\n|rule|Sleep Clause Mod: Limit one foe put to sleep\n|clearpoke\n|poke|p1|Weavile, F|\n|poke|p1|Toxapex, M|\n|poke|p1|Heatran, M|\n|poke|p1|Gliscor, M|\n|poke|p1|Zapdos|\n|poke|p1|Lopunny, M|\n|poke|p2|Charizard, F|\n|poke|p2|Greninja, M|\n|poke|p2|Kartana|\n|poke|p2|Dragonite, M|\n|poke|p2|Corviknight, F|\n|poke|p2|Mamoswine, F|\n|teampreview\n|inactive|Battle timer is ON: inactive players will automatically lose when time's up. (requested by Not Sarcasm)\n|\n|t:|1654566976\n|start\n|switch|p1a: Toxapex|Toxapex, M|100\/100\n|switch|p2a: beijing corn|Corviknight, F, shiny|100\/100\n|-ability|p2a: beijing corn|Pressure\n|turn|1\n|\n|t:|1654566982\n|move|p2a: beijing corn|U-turn|p1a: Toxapex\n|-resisted|p1a: Toxapex\n|-damage|p1a: Toxapex|96\/100\n|\n|t:|1654566984\n|switch|p2a: Drago|Dragonite, M|100\/100|[from]move: U-turn\n|move|p1a: Toxapex|Knock Off|p2a: Drago\n|-damage|p2a: Drago|94\/100\n|-enditem|p2a: Drago|Heavy-Duty Boots|[from] move: Knock Off|[of] p1a: Toxapex\n|\n|-heal|p1a: Toxapex|100\/100|[from] item: Black Sludge\n|upkeep\n|turn|2\n|\n|t:|1654566991\n|move|p2a: Drago|Roost|p2a: Drago\n|-heal|p2a: Drago|100\/100\n|-singleturn|p2a: Drago|move: Roost\n|move|p1a: Toxapex|Toxic|p2a: Drago\n|-status|p2a: Drago|tox\n|\n|-damage|p2a: Drago|94\/100 tox|[from] psn\n|upkeep\n|turn|3\n|\n|t:|1654566999\n|switch|p1a: Lopunny|Lopunny, M|100\/100\n|move|p2a: Drago|Heal Bell|p2a: Drago\n|-activate|p2a: Drago|move: Heal Bell\n|-curestatus|p2a: Drago|tox|[msg]\n|\n|upkeep\n|turn|4\n|\n|t:|1654567005\n|switch|p1a: Zapdos|Zapdos|100\/100\n|switch|p2a: beijing corn|Corviknight, F, shiny|100\/100\n|-ability|p2a: beijing corn|Pressure\n|\n|upkeep\n|turn|5\n|\n|t:|1654567011\n|switch|p2a: Drago|Dragonite, M|94\/100\n|move|p1a: Zapdos|Thunderbolt|p2a: Drago\n|-damage|p2a: Drago|62\/100\n|\n|upkeep\n|turn|6\n|\n|t:|1654567017\n|move|p1a: Zapdos|Volt Switch|p2a: Drago\n|-damage|p2a: Drago|38\/100\n|\n|t:|1654567020\n|switch|p1a: Weavile|Weavile, F|100\/100|[from]move: Volt Switch\n|-ability|p1a: Weavile|Pressure\n|move|p2a: Drago|Roost|p2a: Drago\n|-heal|p2a: Drago|88\/100\n|-singleturn|p2a: Drago|move: Roost\n|\n|upkeep\n|turn|7\n|\n|t:|1654567028\n|switch|p2a: beijing corn|Corviknight, F, shiny|100\/100\n|-ability|p2a: beijing corn|Pressure\n|move|p1a: Weavile|Knock Off|p2a: beijing corn\n|-damage|p2a: beijing corn|53\/100\n|-damage|p1a: Weavile|84\/100|[from] item: Rocky Helmet|[of] p2a: beijing corn\n|-enditem|p2a: beijing corn|Rocky Helmet|[from] move: Knock Off|[of] p1a: Weavile\n|\n|upkeep\n|turn|8\n|\n|t:|1654567039\n|switch|p1a: Zapdos|Zapdos|100\/100\n|move|p2a: beijing corn|Roost|p2a: beijing corn\n|-heal|p2a: beijing corn|100\/100\n|-singleturn|p2a: beijing corn|move: Roost\n|\n|upkeep\n|turn|9\n|\n|t:|1654567046\n|switch|p2a: Mamo|Mamoswine, F, shiny|100\/100\n|-zpower|p1a: Zapdos\n|move|p1a: Zapdos|Supersonic Skystrike|p2a: Mamo|[zeffect]\n|-damage|p2a: Mamo|0 fnt\n|faint|p2a: Mamo\n|\n|upkeep\n|c|\u2606Not Sarcasm|gg\n|\n|t:|1654567058\n|switch|p2a: Kars|Kartana, shiny|100\/100\n|turn|10\n|\n|t:|1654567062\n|-zpower|p2a: Kars\n|move|p2a: Kars|Breakneck Blitz|p1a: Zapdos|[zeffect]\n|-damage|p1a: Zapdos|5\/100\n|move|p1a: Zapdos|Thunderbolt|p2a: Kars\n|-resisted|p2a: Kars\n|-damage|p2a: Kars|25\/100\n|\n|upkeep\n|turn|11\n|\n|t:|1654567071\n|switch|p1a: Toxapex|Toxapex, M|100\/100\n|move|p2a: Kars|Sacred Sword|p1a: Toxapex\n|-resisted|p1a: Toxapex\n|-damage|p1a: Toxapex|87\/100\n|\n|-heal|p1a: Toxapex|94\/100|[from] item: Black Sludge\n|upkeep\n|turn|12\n|\n|t:|1654567079\n|move|p2a: Kars|Leaf Blade|p1a: Toxapex\n|-damage|p1a: Toxapex|54\/100\n|move|p1a: Toxapex|Knock Off|p2a: Kars\n|-damage|p2a: Kars|13\/100\n|\n|-heal|p1a: Toxapex|60\/100|[from] item: Black Sludge\n|upkeep\n|turn|13\n|\n|t:|1654567087\n|move|p2a: Kars|Swords Dance|p2a: Kars\n|-boost|p2a: Kars|atk|2\n|move|p1a: Toxapex|Knock Off|p2a: Kars\n|-damage|p2a: Kars|1\/100\n|\n|-heal|p1a: Toxapex|66\/100|[from] item: Black Sludge\n|upkeep\n|turn|14\n|\n|t:|1654567096\n|switch|p1a: Gliscor|Gliscor, M|100\/100\n|move|p2a: Kars|Leaf Blade|p1a: Gliscor\n|-damage|p1a: Gliscor|7\/100\n|\n|-status|p1a: Gliscor|tox|[from] item: Toxic Orb\n|upkeep\n|turn|15\n|\n|t:|1654567103\n|move|p2a: Kars|Sacred Sword|p1a: Gliscor\n|-resisted|p1a: Gliscor\n|-damage|p1a: Gliscor|0 fnt\n|faint|p1a: Gliscor\n|-ability|p2a: Kars|Beast Boost|boost\n|-boost|p2a: Kars|atk|1\n|\n|upkeep\n|\n|t:|1654567113\n|switch|p1a: Lopunny|Lopunny, M|100\/100\n|turn|16\n|\n|t:|1654567116\n|switch|p2a: beijing corn|Corviknight, F, shiny|100\/100\n|-ability|p2a: beijing corn|Pressure\n|detailschange|p1a: Lopunny|Lopunny-Mega, M\n|-mega|p1a: Lopunny|Lopunny|Lopunnite\n|move|p1a: Lopunny|U-turn|p2a: beijing corn\n|-resisted|p2a: beijing corn\n|-damage|p2a: beijing corn|97\/100\n|\n|t:|1654567123\n|switch|p1a: Zapdos|Zapdos|5\/100|[from]move: U-turn\n|\n|upkeep\n|turn|17\n|\n|t:|1654567127\n|switch|p2a: Drago|Dragonite, M|88\/100\n|move|p1a: Zapdos|Thunderbolt|p2a: Drago\n|-damage|p2a: Drago|59\/100\n|\n|upkeep\n|turn|18\n|\n|t:|1654567133\n|move|p1a: Zapdos|Volt Switch|p2a: Drago\n|-damage|p2a: Drago|35\/100\n|\n|t:|1654567136\n|switch|p1a: Heatran|Heatran, M|100\/100|[from]move: Volt Switch\n|move|p2a: Drago|Earthquake|p1a: Heatran\n|-supereffective|p1a: Heatran\n|-damage|p1a: Heatran|0 fnt\n|faint|p1a: Heatran\n|\n|upkeep\n|\n|t:|1654567143\n|switch|p1a: Weavile|Weavile, F|84\/100\n|-ability|p1a: Weavile|Pressure\n|turn|19\n|\n|t:|1654567148\n|move|p1a: Weavile|Triple Axel|p2a: Drago\n|-supereffective|p2a: Drago\n|-damage|p2a: Drago|0 fnt\n|faint|p2a: Drago\n|-hitcount|p2: Drago|1\n|\n|upkeep\n|\n|t:|1654567150\n|switch|p2a: beijing corn|Corviknight, F, shiny|97\/100\n|-ability|p2a: beijing corn|Pressure\n|turn|20\n|\n|t:|1654567156\n|switch|p1a: Toxapex|Toxapex, M|99\/100\n|move|p2a: beijing corn|Brave Bird|p1a: Toxapex\n|-damage|p1a: Toxapex|77\/100\n|-damage|p2a: beijing corn|91\/100|[from] Recoil\n|\n|-heal|p1a: Toxapex|83\/100|[from] item: Black Sludge\n|upkeep\n|turn|21\n|\n|t:|1654567166\n|move|p2a: beijing corn|Brave Bird|p1a: Toxapex\n|-damage|p1a: Toxapex|61\/100\n|-damage|p2a: beijing corn|86\/100|[from] Recoil\n|move|p1a: Toxapex|Toxic|p2a: beijing corn\n|-immune|p2a: beijing corn\n|\n|-heal|p1a: Toxapex|67\/100|[from] item: Black Sludge\n|upkeep\n|turn|22\n|\n|t:|1654567173\n|move|p2a: beijing corn|Roost|p2a: beijing corn\n|-heal|p2a: beijing corn|100\/100\n|-singleturn|p2a: beijing corn|move: Roost\n|move|p1a: Toxapex|Toxic|p2a: beijing corn\n|-immune|p2a: beijing corn\n|\n|-heal|p1a: Toxapex|74\/100|[from] item: Black Sludge\n|upkeep\n|turn|23\n|\n|t:|1654567181\n|move|p2a: beijing corn|Defog|p1a: Toxapex\n|-unboost|p1a: Toxapex|evasion|1\n|move|p1a: Toxapex|Haze|p1a: Toxapex\n|-clearallboost\n|\n|-heal|p1a: Toxapex|80\/100|[from] item: Black Sludge\n|upkeep\n|turn|24\n|\n|t:|1654567187\n|move|p2a: beijing corn|Defog|p1a: Toxapex\n|-unboost|p1a: Toxapex|evasion|1\n|move|p1a: Toxapex|Haze|p1a: Toxapex\n|-clearallboost\n|\n|-heal|p1a: Toxapex|86\/100|[from] item: Black Sludge\n|upkeep\n|turn|25\n|\n|t:|1654567194\n|move|p2a: beijing corn|Defog|p1a: Toxapex\n|-unboost|p1a: Toxapex|evasion|1\n|move|p1a: Toxapex|Haze|p1a: Toxapex\n|-clearallboost\n|\n|-heal|p1a: Toxapex|92\/100|[from] item: Black Sludge\n|upkeep\n|turn|26\n|\n|t:|1654567200\n|move|p2a: beijing corn|U-turn|p1a: Toxapex\n|-resisted|p1a: Toxapex\n|-damage|p1a: Toxapex|87\/100\n|\n|t:|1654567202\n|switch|p2a: Kars|Kartana, shiny|1\/100|[from]move: U-turn\n|move|p1a: Toxapex|Haze|p1a: Toxapex\n|-clearallboost\n|\n|-heal|p1a: Toxapex|94\/100|[from] item: Black Sludge\n|upkeep\n|turn|27\n|\n|t:|1654567209\n|move|p2a: Kars|Leaf Blade|p1a: Toxapex\n|-damage|p1a: Toxapex|56\/100\n|move|p1a: Toxapex|Knock Off|p2a: Kars\n|-damage|p2a: Kars|0 fnt\n|faint|p2a: Kars\n|\n|-heal|p1a: Toxapex|62\/100|[from] item: Black Sludge\n|upkeep\n|\n|t:|1654567213\n|switch|p2a: x or y?|Charizard, F, shiny|100\/100\n|turn|28\n|\n|t:|1654567218\n|detailschange|p2a: x or y?|Charizard-Mega-X, F, shiny\n|-mega|p2a: x or y?|Charizard|Charizardite X\n|move|p2a: x or y?|Dragon Dance|p2a: x or y?\n|-boost|p2a: x or y?|atk|1\n|-boost|p2a: x or y?|spe|1\n|move|p1a: Toxapex|Toxic|p2a: x or y?\n|-status|p2a: x or y?|tox\n|\n|-heal|p1a: Toxapex|68\/100|[from] item: Black Sludge\n|-damage|p2a: x or y?|94\/100 tox|[from] psn\n|upkeep\n|turn|29\n|\n|t:|1654567228\n|switch|p1a: Zapdos|Zapdos|5\/100\n|move|p2a: x or y?|Dragon Claw|p1a: Zapdos\n|-damage|p1a: Zapdos|0 fnt\n|faint|p1a: Zapdos\n|\n|-damage|p2a: x or y?|82\/100 tox|[from] psn\n|upkeep\n|\n|t:|1654567239\n|switch|p1a: Weavile|Weavile, F|84\/100\n|-ability|p1a: Weavile|Pressure\n|turn|30\n|\n|t:|1654567243\n|move|p1a: Weavile|Ice Shard|p2a: x or y?\n|-damage|p2a: x or y?|53\/100 tox\n|move|p2a: x or y?|Dragon Claw|p1a: Weavile\n|-crit|p1a: Weavile\n|-damage|p1a: Weavile|0 fnt\n|faint|p1a: Weavile\n|\n|-damage|p2a: x or y?|35\/100 tox|[from] psn\n|upkeep\n|\n|t:|1654567250\n|switch|p1a: Lopunny|Lopunny-Mega, M|100\/100\n|turn|31\n|\n|t:|1654567253\n|switch|p2a: beijing corn|Corviknight, F, shiny|100\/100\n|-ability|p2a: beijing corn|Pressure\n|move|p1a: Lopunny|Fake Out|p2a: beijing corn\n|-resisted|p2a: beijing corn\n|-damage|p2a: beijing corn|94\/100\n|\n|upkeep\n|turn|32\n|\n|t:|1654567260\n|move|p1a: Lopunny|Close Combat|p2a: beijing corn\n|-damage|p2a: beijing corn|51\/100\n|-unboost|p1a: Lopunny|def|1\n|-unboost|p1a: Lopunny|spd|1\n|move|p2a: beijing corn|Roost|p2a: beijing corn\n|-heal|p2a: beijing corn|100\/100\n|-singleturn|p2a: beijing corn|move: Roost\n|\n|upkeep\n|turn|33\n|-message|Not Sarcasm forfeited.\n|\n|win|dranowe\n|raw|Not Sarcasm's rating: 1711 &rarr; <strong>1685<\/strong><br \/>(-26 for losing)\n|raw|dranowe's rating: 1594 &rarr; <strong>1620<\/strong><br \/>(+26 for winning)\n|l|\u2606Not Sarcasm\n|c|\u2606dranowe|gg\n|c|\u2606dranowe|ez\n","uploadtime":1654567272,"views":5,"p1id":"notsarcasm","p2id":"dranowe","formatid":"gen8nationaldex","rating":1620,"private":0,"password":null}