{"id":"gen8nationaldexag-1701907658","p1":"Meracx","p2":"II Armando II","format":"gen8nationaldexag","log":"|j|\u2606Meracx\n|j|\u2606II Armando II\n|t:|1667496152\n|gametype|singles\n|player|p1|Meracx|thorton|\n|player|p2|II Armando II|hilbert|\n|teamsize|p1|6\n|teamsize|p2|6\n|gen|8\n|tier|[Gen 8] National Dex AG\n|rule|HP Percentage Mod: HP is shown in percentages\n|rule|Endless Battle Clause: Forcing endless battles is banned\n|clearpoke\n|poke|p1|Genesect|\n|poke|p1|Volcanion|\n|poke|p1|Tapu Koko|\n|poke|p1|Duraludon, M|\n|poke|p1|Virizion|\n|poke|p1|Noctowl, F|\n|poke|p2|Zapdos|\n|poke|p2|Pelipper, M|\n|poke|p2|Lucario, M|\n|poke|p2|Donphan, M|\n|poke|p2|Omastar, M|\n|poke|p2|Qwilfish, M|\n|teampreview\n|c|\u2606II Armando II|hf !\n|c|\u2606Meracx|hf\n|\n|t:|1667496219\n|start\n|switch|p1a: Tour de l'Horloge|Duraludon, M|100\/100\n|switch|p2a: Brayz|Zapdos, shiny|100\/100\n|turn|1\n|\n|t:|1667496230\n|move|p2a: Brayz|Volt Switch|p1a: Tour de l'Horloge\n|-resisted|p1a: Tour de l'Horloge\n|-damage|p1a: Tour de l'Horloge|79\/100\n|\n|t:|1667496248\n|switch|p2a: Yohrak|Donphan, M, shiny|100\/100|[from]move: Volt Switch\n|move|p1a: Tour de l'Horloge|Stealth Rock|p2a: Yohrak\n|-sidestart|p2: II Armando II|move: Stealth Rock\n|\n|upkeep\n|turn|2\n|\n|t:|1667496260\n|move|p1a: Tour de l'Horloge|Reflect|p1a: Tour de l'Horloge\n|-sidestart|p1: Meracx|Reflect\n|move|p2a: Yohrak|Rapid Spin|p1a: Tour de l'Horloge\n|-resisted|p1a: Tour de l'Horloge\n|-damage|p1a: Tour de l'Horloge|75\/100\n|-boost|p2a: Yohrak|spe|1\n|-sideend|p2: II Armando II|Stealth Rock|[from] move: Rapid Spin|[of] p2a: Yohrak\n|\n|upkeep\n|turn|3\n|\n|t:|1667496267\n|move|p1a: Tour de l'Horloge|Steel Beam|p2a: Yohrak\n|-damage|p2a: Yohrak|38\/100\n|-damage|p1a: Tour de l'Horloge|25\/100|[from] mindblown\n|move|p2a: Yohrak|Stealth Rock|p1a: Tour de l'Horloge\n|-sidestart|p1: Meracx|move: Stealth Rock\n|\n|-heal|p2a: Yohrak|44\/100|[from] item: Leftovers\n|upkeep\n|turn|4\n|\n|t:|1667496281\n|move|p1a: Tour de l'Horloge|Steel Beam|p2a: Yohrak\n|-damage|p2a: Yohrak|0 fnt\n|-damage|p1a: Tour de l'Horloge|0 fnt|[from] mindblown\n|faint|p1a: Tour de l'Horloge\n|faint|p2a: Yohrak\n|\n|upkeep\n|\n|t:|1667496304\n|switch|p1a: Alraune|Tapu Koko|100\/100\n|switch|p2a: Brayz|Zapdos, shiny|100\/100\n|-damage|p1a: Alraune|88\/100|[from] Stealth Rock\n|-fieldstart|move: Electric Terrain|[from] ability: Electric Surge|[of] p1a: Alraune\n|turn|5\n|\n|t:|1667496311\n|move|p1a: Alraune|Thunderbolt|p2a: Brayz\n|-damage|p2a: Brayz|47\/100\n|move|p2a: Brayz|Volt Switch|p1a: Alraune\n|-resisted|p1a: Alraune\n|-damage|p1a: Alraune|69\/100\n|\n|t:|1667496315\n|switch|p2a: Jeda|Lucario, M, shiny|100\/100|[from]move: Volt Switch\n|\n|upkeep\n|turn|6\n|\n|t:|1667496326\n|move|p1a: Alraune|Thunderbolt|p2a: Jeda\n|-damage|p2a: Jeda|54\/100\n|move|p2a: Jeda|Earthquake|p1a: Alraune\n|-supereffective|p1a: Alraune\n|-damage|p1a: Alraune|32\/100\n|-enditem|p1a: Alraune|Weakness Policy\n|-boost|p1a: Alraune|atk|2|[from] item: Weakness Policy\n|-boost|p1a: Alraune|spa|2|[from] item: Weakness Policy\n|\n|upkeep\n|turn|7\n|\n|t:|1667496338\n|move|p2a: Jeda|Extreme Speed|p1a: Alraune\n|-damage|p1a: Alraune|19\/100\n|move|p1a: Alraune|Thunderbolt|p2a: Jeda\n|-damage|p2a: Jeda|0 fnt\n|faint|p2a: Jeda\n|\n|upkeep\n|\n|t:|1667496344\n|switch|p2a: Hukyo|Pelipper, M|100\/100\n|-weather|RainDance|[from] ability: Drizzle|[of] p2a: Hukyo\n|turn|8\n|\n|t:|1667496357\n|switch|p2a: Brayz|Zapdos, shiny|47\/100\n|move|p1a: Alraune|Thunderbolt|p2a: Brayz\n|-crit|p2a: Brayz\n|-damage|p2a: Brayz|0 fnt\n|faint|p2a: Brayz\n|\n|-weather|RainDance|[upkeep]\n|upkeep\n|\n|t:|1667496363\n|switch|p2a: Tiko|Omastar, M|100\/100\n|turn|9\n|\n|t:|1667496371\n|move|p1a: Alraune|Thunderbolt|p2a: Tiko\n|-supereffective|p2a: Tiko\n|-enditem|p2a: Tiko|Focus Sash\n|-damage|p2a: Tiko|1\/100\n|move|p2a: Tiko|Shell Smash|p2a: Tiko\n|-unboost|p2a: Tiko|def|1\n|-unboost|p2a: Tiko|spd|1\n|-boost|p2a: Tiko|atk|2\n|-boost|p2a: Tiko|spa|2\n|-boost|p2a: Tiko|spe|2\n|\n|-weather|RainDance|[upkeep]\n|-sideend|p1: Meracx|Reflect\n|-fieldend|move: Electric Terrain\n|upkeep\n|turn|10\n|\n|t:|1667496390\n|move|p2a: Tiko|Ice Beam|p1a: Alraune\n|-damage|p1a: Alraune|0 fnt\n|faint|p1a: Alraune\n|\n|-weather|RainDance|[upkeep]\n|upkeep\n|\n|t:|1667496414\n|switch|p1a: Madama Butterfly|Virizion|100\/100\n|-damage|p1a: Madama Butterfly|94\/100|[from] Stealth Rock\n|turn|11\n|\n|t:|1667496420\n|move|p2a: Tiko|Ice Beam|p1a: Madama Butterfly\n|-supereffective|p1a: Madama Butterfly\n|-damage|p1a: Madama Butterfly|0 fnt\n|faint|p1a: Madama Butterfly\n|\n|-weather|RainDance|[upkeep]\n|upkeep\n|\n|t:|1667496431\n|switch|p1a: Phantasmanarae|Volcanion|100\/100\n|turn|12\n|\n|t:|1667496434\n|move|p2a: Tiko|Earth Power|p1a: Phantasmanarae\n|-supereffective|p1a: Phantasmanarae\n|-damage|p1a: Phantasmanarae|0 fnt\n|faint|p1a: Phantasmanarae\n|\n|-weather|RainDance|[upkeep]\n|upkeep\n|\n|t:|1667496442\n|switch|p1a: Malphas|Noctowl, F|100\/100\n|-damage|p1a: Malphas|76\/100|[from] Stealth Rock\n|turn|13\n|\n|t:|1667496445\n|move|p2a: Tiko|Surf|p1a: Malphas\n|-damage|p1a: Malphas|0 fnt\n|faint|p1a: Malphas\n|\n|-weather|RainDance|[upkeep]\n|upkeep\n|\n|t:|1667496448\n|switch|p1a: Mictlantecuhtli|Genesect, shiny|100\/100\n|-damage|p1a: Mictlantecuhtli|88\/100|[from] Stealth Rock\n|-ability|p1a: Mictlantecuhtli|Download|boost\n|-boost|p1a: Mictlantecuhtli|spa|1\n|turn|14\n|\n|t:|1667496452\n|move|p2a: Tiko|Surf|p1a: Mictlantecuhtli\n|-damage|p1a: Mictlantecuhtli|0 fnt\n|faint|p1a: Mictlantecuhtli\n|\n|win|II Armando II\n|c|\u2606II Armando II|gg\n","uploadtime":1667496458,"views":19,"p1id":"meracx","p2id":"iiarmandoii","formatid":"gen8nationaldexag","rating":0,"private":0,"password":null}