{"id":"gen8nationaldex-1668792186","p1":"hikari-miyako","p2":"akarihikari","format":"gen8nationaldex","log":"|j|\u2606hikari-miyako\n|j|\u2606akarihikari\n|t:|1663669401\n|gametype|singles\n|player|p1|hikari-miyako|cynthia|1689\n|player|p2|akarihikari|erika|1622\n|teamsize|p1|6\n|teamsize|p2|6\n|gen|8\n|tier|[Gen 8] National Dex\n|rated|\n|rule|HP Percentage Mod: HP is shown in percentages\n|rule|Endless Battle Clause: Forcing endless battles is banned\n|rule|OHKO Clause: OHKO moves are banned\n|rule|Evasion Moves Clause: Evasion moves are banned\n|rule|Species Clause: Limit one of each Pok\u00e9mon\n|rule|Dynamax Clause: You cannot dynamax\n|rule|Sleep Clause Mod: Limit one foe put to sleep\n|clearpoke\n|poke|p1|Aegislash, M|\n|poke|p1|Diancie|\n|poke|p1|Thundurus, M|\n|poke|p1|Bisharp, F|\n|poke|p1|Serperior, M|\n|poke|p1|Greninja, M|\n|poke|p2|Diancie|\n|poke|p2|Serperior, F|\n|poke|p2|Corviknight, M|\n|poke|p2|Garchomp, M|\n|poke|p2|Victini|\n|poke|p2|Rillaboom, M|\n|teampreview\n|inactive|Battle timer is ON: inactive players will automatically lose when time's up. (requested by akarihikari)\n|\n|t:|1663669422\n|start\n|switch|p1a: Thundurus|Thundurus, M|100\/100\n|switch|p2a: Rillaboom|Rillaboom, M, shiny|100\/100\n|-fieldstart|move: Grassy Terrain|[from] ability: Grassy Surge|[of] p2a: Rillaboom\n|turn|1\n|\n|t:|1663669428\n|move|p1a: Thundurus|Thunder Wave|p2a: Rillaboom\n|-status|p2a: Rillaboom|par\n|move|p2a: Rillaboom|U-turn|p1a: Thundurus\n|-resisted|p1a: Thundurus\n|-damage|p1a: Thundurus|70\/100\n|\n|t:|1663669442\n|switch|p2a: Diancie|Diancie|100\/100|[from]move: U-turn\n|\n|upkeep\n|turn|2\n|\n|t:|1663669452\n|switch|p1a: Aegislash|Aegislash, M|100\/100\n|detailschange|p2a: Diancie|Diancie-Mega\n|-mega|p2a: Diancie|Diancie|Diancite\n|move|p2a: Diancie|Diamond Storm|p1a: Aegislash\n|-resisted|p1a: Aegislash\n|-damage|p1a: Aegislash|79\/100\n|\n|-heal|p1a: Aegislash|85\/100|[from] Grassy Terrain\n|upkeep\n|turn|3\n|\n|t:|1663669459\n|switch|p2a: Corviknight|Corviknight, M, shiny|100\/100\n|-ability|p2a: Corviknight|Pressure\n|-formechange|p1a: Aegislash|Aegislash-Blade||[from] ability: Stance Change\n|move|p1a: Aegislash|Shadow Ball|p2a: Corviknight\n|-damage|p2a: Corviknight|51\/100\n|-unboost|p2a: Corviknight|spd|1\n|\n|-heal|p1a: Aegislash|91\/100|[from] Grassy Terrain\n|upkeep\n|turn|4\n|\n|t:|1663669471\n|move|p2a: Corviknight|Roost|p2a: Corviknight\n|-heal|p2a: Corviknight|100\/100\n|-singleturn|p2a: Corviknight|move: Roost\n|move|p1a: Aegislash|Shadow Ball|p2a: Corviknight\n|-damage|p2a: Corviknight|30\/100\n|\n|-heal|p2a: Corviknight|36\/100|[from] Grassy Terrain\n|-heal|p1a: Aegislash|97\/100|[from] Grassy Terrain\n|upkeep\n|turn|5\n|\n|t:|1663669475\n|move|p2a: Corviknight|Brave Bird|p1a: Aegislash\n|-resisted|p1a: Aegislash\n|-damage|p1a: Aegislash|65\/100\n|-damage|p2a: Corviknight|27\/100|[from] Recoil\n|move|p1a: Aegislash|Shadow Ball|p2a: Corviknight\n|-damage|p2a: Corviknight|0 fnt\n|faint|p2a: Corviknight\n|\n|-heal|p1a: Aegislash|71\/100|[from] Grassy Terrain\n|-fieldend|move: Grassy Terrain\n|upkeep\n|\n|t:|1663669480\n|switch|p2a: Victini|Victini|100\/100\n|turn|6\n|\n|t:|1663669484\n|-formechange|p1a: Aegislash|Aegislash||[from] ability: Stance Change\n|move|p1a: Aegislash|King's Shield|p1a: Aegislash\n|-singleturn|p1a: Aegislash|Protect\n|move|p2a: Victini|Searing Shot|p1a: Aegislash\n|-activate|p1a: Aegislash|move: Protect\n|\n|upkeep\n|turn|7\n|\n|t:|1663669493\n|switch|p1a: Diancie|Diancie|100\/100\n|move|p2a: Victini|Searing Shot|p1a: Diancie\n|-resisted|p1a: Diancie\n|-damage|p1a: Diancie|75\/100\n|-status|p1a: Diancie|brn\n|\n|-damage|p1a: Diancie|69\/100 brn|[from] brn\n|upkeep\n|turn|8\n|\n|t:|1663669497\n|detailschange|p1a: Diancie|Diancie-Mega\n|-mega|p1a: Diancie|Diancie|Diancite\n|move|p1a: Diancie|Diamond Storm|p2a: Victini|[miss]\n|-miss|p1a: Diancie|p2a: Victini\n|-zpower|p2a: Victini\n|move|p2a: Victini|Z-Celebrate|p2a: Victini|[anim]Celebrate\n|-boost|p2a: Victini|atk|1|[zeffect]\n|-boost|p2a: Victini|def|1|[zeffect]\n|-boost|p2a: Victini|spa|1|[zeffect]\n|-boost|p2a: Victini|spd|1|[zeffect]\n|-boost|p2a: Victini|spe|1|[zeffect]\n|-activate|p2a: Victini|move: Celebrate\n|\n|-damage|p1a: Diancie|62\/100 brn|[from] brn\n|upkeep\n|turn|9\n|\n|t:|1663669503\n|move|p2a: Victini|Stored Power|p1a: Diancie\n|-damage|p1a: Diancie|0 fnt\n|faint|p1a: Diancie\n|\n|upkeep\n|\n|t:|1663669505\n|switch|p1a: Thundurus|Thundurus, M|70\/100\n|turn|10\n|\n|t:|1663669509\n|move|p1a: Thundurus|Thunder Wave|p2a: Victini|[miss]\n|-miss|p1a: Thundurus|p2a: Victini\n|move|p2a: Victini|Searing Shot|p1a: Thundurus\n|-damage|p1a: Thundurus|0 fnt\n|faint|p1a: Thundurus\n|\n|upkeep\n|\n|t:|1663669514\n|switch|p1a: Bisharp|Bisharp, F|100\/100\n|turn|11\n|\n|t:|1663669518\n|move|p1a: Bisharp|Sucker Punch||[still]\n|-fail|p1a: Bisharp\n|move|p2a: Victini|Celebrate|p2a: Victini\n|-activate|p2a: Victini|move: Celebrate\n|\n|upkeep\n|turn|12\n|\n|t:|1663669525\n|move|p1a: Bisharp|Sucker Punch|p2a: Victini\n|-supereffective|p2a: Victini\n|-damage|p2a: Victini|49\/100\n|move|p2a: Victini|Searing Shot|p1a: Bisharp\n|-supereffective|p1a: Bisharp\n|-enditem|p1a: Bisharp|Focus Sash\n|-damage|p1a: Bisharp|1\/100\n|\n|upkeep\n|turn|13\n|\n|t:|1663669530\n|move|p1a: Bisharp|Sucker Punch|p2a: Victini\n|-supereffective|p2a: Victini\n|-damage|p2a: Victini|0 fnt\n|faint|p2a: Victini\n|\n|upkeep\n|\n|t:|1663669533\n|switch|p2a: Rillaboom|Rillaboom, M, shiny|100\/100 par\n|-fieldstart|move: Grassy Terrain|[from] ability: Grassy Surge|[of] p2a: Rillaboom\n|turn|14\n|\n|t:|1663669538\n|move|p1a: Bisharp|Sucker Punch|p2a: Rillaboom\n|-damage|p2a: Rillaboom|55\/100 par\n|move|p2a: Rillaboom|U-turn|p1a: Bisharp\n|-damage|p1a: Bisharp|0 fnt\n|faint|p1a: Bisharp\n|\n|t:|1663669544\n|switch|p2a: Serperior|Serperior, F, shiny|100\/100|[from]move: U-turn\n|\n|upkeep\n|\n|t:|1663669552\n|switch|p1a: Greninja|Greninja, M|100\/100\n|turn|15\n|\n|t:|1663669555\n|move|p1a: Greninja|U-turn|p2a: Serperior\n|-supereffective|p2a: Serperior\n|-damage|p2a: Serperior|59\/100\n|-damage|p1a: Greninja|91\/100|[from] item: Life Orb\n|\n|t:|1663669558\n|switch|p1a: Aegislash|Aegislash, M|71\/100|[from]move: U-turn\n|move|p2a: Serperior|Leaf Storm|p1a: Aegislash\n|-resisted|p1a: Aegislash\n|-crit|p1a: Aegislash\n|-damage|p1a: Aegislash|45\/100\n|-boost|p2a: Serperior|spa|2\n|\n|-heal|p2a: Serperior|65\/100|[from] Grassy Terrain\n|-heal|p2a: Serperior|71\/100|[from] item: Leftovers\n|-heal|p1a: Aegislash|51\/100|[from] Grassy Terrain\n|upkeep\n|turn|16\n|\n|t:|1663669565\n|move|p2a: Serperior|Substitute|p2a: Serperior\n|-start|p2a: Serperior|Substitute\n|-damage|p2a: Serperior|46\/100\n|-formechange|p1a: Aegislash|Aegislash-Blade||[from] ability: Stance Change\n|move|p1a: Aegislash|Shadow Ball|p2a: Serperior\n|-end|p2a: Serperior|Substitute\n|\n|-heal|p2a: Serperior|52\/100|[from] Grassy Terrain\n|-heal|p2a: Serperior|59\/100|[from] item: Leftovers\n|-heal|p1a: Aegislash|57\/100|[from] Grassy Terrain\n|upkeep\n|turn|17\n|\n|t:|1663669574\n|-formechange|p1a: Aegislash|Aegislash||[from] ability: Stance Change\n|move|p1a: Aegislash|King's Shield|p1a: Aegislash\n|-singleturn|p1a: Aegislash|Protect\n|move|p2a: Serperior|Hidden Power|p1a: Aegislash\n|-activate|p1a: Aegislash|move: Protect\n|\n|-heal|p2a: Serperior|65\/100|[from] Grassy Terrain\n|-heal|p2a: Serperior|71\/100|[from] item: Leftovers\n|-heal|p1a: Aegislash|63\/100|[from] Grassy Terrain\n|upkeep\n|turn|18\n|\n|t:|1663669579\n|move|p2a: Serperior|Hidden Power|p1a: Aegislash\n|-supereffective|p1a: Aegislash\n|-damage|p1a: Aegislash|29\/100\n|-enditem|p1a: Aegislash|Weakness Policy\n|-boost|p1a: Aegislash|atk|2|[from] item: Weakness Policy\n|-boost|p1a: Aegislash|spa|2|[from] item: Weakness Policy\n|-formechange|p1a: Aegislash|Aegislash-Blade||[from] ability: Stance Change\n|move|p1a: Aegislash|Shadow Ball|p2a: Serperior\n|-damage|p2a: Serperior|0 fnt\n|faint|p2a: Serperior\n|\n|-heal|p1a: Aegislash|35\/100|[from] Grassy Terrain\n|-fieldend|move: Grassy Terrain\n|upkeep\n|\n|t:|1663669588\n|switch|p2a: Diancie|Diancie-Mega|100\/100\n|turn|19\n|\n|t:|1663669594\n|move|p1a: Aegislash|Shadow Sneak|p2a: Diancie\n|-damage|p2a: Diancie|43\/100\n|move|p2a: Diancie|Earth Power|p1a: Aegislash\n|-supereffective|p1a: Aegislash\n|-damage|p1a: Aegislash|0 fnt\n|faint|p1a: Aegislash\n|\n|upkeep\n|\n|t:|1663669595\n|switch|p1a: Greninja|Greninja, M|91\/100\n|turn|20\n|\n|t:|1663669598\n|move|p1a: Greninja|Water Shuriken|p2a: Diancie\n|-supereffective|p2a: Diancie\n|-damage|p2a: Diancie|20\/100\n|-supereffective|p2a: Diancie\n|-damage|p2a: Diancie|0 fnt\n|faint|p2a: Diancie\n|-activate|p1a: Greninja|ability: Battle Bond\n|detailschange|p1a: Greninja|Greninja-Ash, M\n|-hitcount|p2: Diancie|2\n|-damage|p1a: Greninja|81\/100|[from] item: Life Orb\n|\n|upkeep\n|\n|t:|1663669603\n|switch|p2a: Garchomp|Garchomp, M|100\/100\n|turn|21\n|\n|t:|1663669607\n|move|p2a: Garchomp|Outrage|p1a: Greninja\n|-damage|p1a: Greninja|0 fnt\n|faint|p1a: Greninja\n|\n|upkeep\n|\n|t:|1663669609\n|switch|p1a: Serperior|Serperior, M|100\/100\n|turn|22\n|\n|t:|1663669611\n|move|p2a: Garchomp|Outrage|p1a: Serperior|[from]lockedmove\n|-damage|p1a: Serperior|12\/100\n|move|p1a: Serperior|Leaf Storm|p2a: Garchomp\n|-damage|p2a: Garchomp|47\/100\n|-boost|p1a: Serperior|spa|2\n|\n|upkeep\n|turn|23\n|\n|t:|1663669614\n|move|p2a: Garchomp|Outrage|p1a: Serperior|[from]lockedmove\n|-damage|p1a: Serperior|0 fnt\n|faint|p1a: Serperior\n|-start|p2a: Garchomp|confusion|[fatigue]\n|\n|win|akarihikari\n|raw|hikari-miyako's rating: 1678 &rarr; <strong>1655<\/strong><br \/>(-23 for losing)\n|raw|akarihikari's rating: 1622 &rarr; <strong>1645<\/strong><br \/>(+23 for winning)\n|l|\u2606hikari-miyako\n","uploadtime":1663669625,"views":9,"p1id":"hikarimiyako","p2id":"akarihikari","formatid":"gen8nationaldex","rating":1645,"private":0,"password":null}