{"id":"gen8oublitz-1183670880","p1":"yhdrslb","p2":"think monkeyy","format":"gen8oublitz","log":"|inactive|Battle timer is ON: inactive players will automatically lose when time's up.\n|j|\u2606yhdrslb\n|j|\u2606think monkeyy\n|t:|1599616966\n|player|p1|yhdrslb|30|1406\n|player|p2|think monkeyy|cyclist|1163\n|teamsize|p1|6\n|teamsize|p2|6\n|gametype|singles\n|gen|8\n|tier|[Gen 8] OU (Blitz)\n|rated|\n|clearpoke\n|poke|p1|Zeraora|\n|poke|p1|Urshifu-*, F|\n|poke|p1|Jirachi|\n|poke|p1|Mandibuzz, F|\n|poke|p1|Slowbro, M|\n|poke|p1|Amoonguss, M|\n|poke|p2|Kommo-o, M|\n|poke|p2|Weavile, M|\n|poke|p2|Shuckle, M|\n|poke|p2|Rillaboom, F|\n|poke|p2|Dragapult, M|\n|poke|p2|Mew|\n|rule|Sleep Clause Mod: Limit one foe put to sleep\n|rule|Species Clause: Limit one of each Pok\u00e9mon\n|rule|OHKO Clause: OHKO moves are banned\n|rule|Evasion Moves Clause: Evasion moves are banned\n|rule|Endless Battle Clause: Forcing endless battles is banned\n|rule|HP Percentage Mod: HP is shown in percentages\n|rule|Dynamax Clause: You cannot dynamax\n|rule|Blitz: Super-fast timer\n|teampreview\n|\n|t:|1599616973\n|start\n|switch|p1a: Zeraora|Zeraora|100\/100\n|switch|p2a: Shuckle|Shuckle, M|100\/100\n|turn|1\n|\n|t:|1599616977\n|move|p1a: Zeraora|Knock Off|p2a: Shuckle\n|-damage|p2a: Shuckle|82\/100\n|-enditem|p2a: Shuckle|Mental Herb|[from] move: Knock Off|[of] p1a: Zeraora\n|move|p2a: Shuckle|Stealth Rock|p1a: Zeraora\n|-sidestart|p1: yhdrslb|move: Stealth Rock\n|\n|upkeep\n|turn|2\n|\n|t:|1599616981\n|move|p1a: Zeraora|Plasma Fists|p2a: Shuckle\n|-damage|p2a: Shuckle|52\/100\n|-fieldactivate|move: Ion Deluge\n|move|p2a: Shuckle|Sticky Web|p1a: Zeraora\n|-sidestart|p1: yhdrslb|move: Sticky Web\n|\n|upkeep\n|turn|3\n|\n|t:|1599616984\n|move|p1a: Zeraora|Plasma Fists|p2a: Shuckle\n|-damage|p2a: Shuckle|17\/100\n|-fieldactivate|move: Ion Deluge\n|move|p2a: Shuckle|Encore|p1a: Zeraora\n|-immune|p1a: Zeraora|[from] ability: Volt Absorb\n|\n|upkeep\n|turn|4\n|\n|t:|1599616987\n|move|p1a: Zeraora|Plasma Fists|p2a: Shuckle\n|-damage|p2a: Shuckle|0 fnt\n|-fieldactivate|move: Ion Deluge\n|faint|p2a: Shuckle\n|\n|upkeep\n|\n|t:|1599616991\n|switch|p2a: Rillaboom|Rillaboom, F|100\/100\n|-fieldstart|move: Grassy Terrain|[from] ability: Grassy Surge|[of] p2a: Rillaboom\n|turn|5\n|\n|t:|1599616995\n|switch|p1a: Amoonguss|Amoonguss, M|100\/100\n|-damage|p1a: Amoonguss|88\/100|[from] Stealth Rock\n|-activate|p1a: Amoonguss|move: Sticky Web\n|-unboost|p1a: Amoonguss|spe|1\n|move|p2a: Rillaboom|U-turn|p1a: Amoonguss\n|-damage|p1a: Amoonguss|62\/100\n|-damage|p2a: Rillaboom|84\/100|[from] item: Rocky Helmet|[of] p1a: Amoonguss\n|-damage|p2a: Rillaboom|74\/100|[from] item: Life Orb\n|inactive|think monkeyy has 10 seconds left.\n|\n|t:|1599617002\n|switch|p2a: Weavile|Weavile, M|100\/100|[from]move: U-turn\n|-ability|p2a: Weavile|Pressure\n|\n|-heal|p1a: Amoonguss|68\/100|[from] Grassy Terrain\n|upkeep\n|turn|6\n|\n|t:|1599617007\n|switch|p1a: Mandibuzz|Mandibuzz, F|100\/100\n|move|p2a: Weavile|Triple Axel|p1a: Mandibuzz\n|-supereffective|p1a: Mandibuzz\n|-damage|p1a: Mandibuzz|82\/100\n|-supereffective|p1a: Mandibuzz\n|-damage|p1a: Mandibuzz|45\/100\n|-supereffective|p1a: Mandibuzz\n|-damage|p1a: Mandibuzz|0 fnt\n|-hitcount|p1a: Mandibuzz|3\n|-damage|p2a: Weavile|91\/100|[from] item: Life Orb\n|faint|p1a: Mandibuzz\n|\n|-heal|p2a: Weavile|97\/100|[from] Grassy Terrain\n|upkeep\n|inactive|yhdrslb has 10 seconds left.\n|\n|t:|1599617012\n|switch|p1a: Urshifu|Urshifu, F|100\/100\n|-activate|p1a: Urshifu|move: Sticky Web\n|-unboost|p1a: Urshifu|spe|1\n|-damage|p1a: Urshifu|94\/100|[from] Stealth Rock\n|turn|7\n|inactive|think monkeyy has 10 seconds left.\n|\n|t:|1599617018\n|switch|p2a: Kommo-o|Kommo-o, M|100\/100\n|move|p1a: Urshifu|Bulk Up|p1a: Urshifu\n|-boost|p1a: Urshifu|atk|1\n|-boost|p1a: Urshifu|def|1\n|\n|-heal|p1a: Urshifu|100\/100|[from] Grassy Terrain\n|upkeep\n|turn|8\n|\n|t:|1599617021\n|move|p2a: Kommo-o|Drain Punch|p1a: Urshifu\n|-supereffective|p1a: Urshifu\n|-damage|p1a: Urshifu|51\/100\n|move|p1a: Urshifu|Wicked Blow|p2a: Kommo-o\n|-resisted|p2a: Kommo-o\n|-crit|p2a: Kommo-o\n|-damage|p2a: Kommo-o|48\/100\n|\n|-heal|p2a: Kommo-o|54\/100|[from] Grassy Terrain\n|-heal|p1a: Urshifu|57\/100|[from] Grassy Terrain\n|upkeep\n|turn|9\n|\n|t:|1599617026\n|move|p2a: Kommo-o|Drain Punch|p1a: Urshifu\n|-supereffective|p1a: Urshifu\n|-damage|p1a: Urshifu|8\/100\n|-heal|p2a: Kommo-o|83\/100|[from] drain|[of] p1a: Urshifu\n|move|p1a: Urshifu|Wicked Blow|p2a: Kommo-o\n|-resisted|p2a: Kommo-o\n|-crit|p2a: Kommo-o\n|-damage|p2a: Kommo-o|25\/100\n|-enditem|p2a: Kommo-o|Salac Berry|[eat]\n|-boost|p2a: Kommo-o|spe|1|[from] item: Salac Berry\n|\n|-heal|p2a: Kommo-o|31\/100|[from] Grassy Terrain\n|-heal|p1a: Urshifu|14\/100|[from] Grassy Terrain\n|-fieldend|move: Grassy Terrain\n|upkeep\n|turn|10\n|inactive|think monkeyy has 10 seconds left.\n|\n|t:|1599617032\n|move|p1a: Urshifu|Sucker Punch|p2a: Kommo-o\n|-resisted|p2a: Kommo-o\n|-crit|p2a: Kommo-o\n|-damage|p2a: Kommo-o|0 fnt\n|faint|p2a: Kommo-o\n|\n|upkeep\n|inactive|think monkeyy has 10 seconds left.\n|\n|t:|1599617038\n|switch|p2a: Rillaboom|Rillaboom, F|74\/100\n|-fieldstart|move: Grassy Terrain|[from] ability: Grassy Surge|[of] p2a: Rillaboom\n|turn|11\n|\n|t:|1599617040\n|move|p2a: Rillaboom|Grassy Glide|p1a: Urshifu\n|-damage|p1a: Urshifu|0 fnt\n|-damage|p2a: Rillaboom|64\/100|[from] item: Life Orb\n|faint|p1a: Urshifu\n|\n|-heal|p2a: Rillaboom|70\/100|[from] Grassy Terrain\n|upkeep\n|inactive|yhdrslb has 10 seconds left.\n|\n|t:|1599617046\n|switch|p1a: Amoonguss|Amoonguss, M|100\/100\n|-activate|p1a: Amoonguss|move: Sticky Web\n|-unboost|p1a: Amoonguss|spe|1\n|-damage|p1a: Amoonguss|88\/100|[from] Stealth Rock\n|turn|12\n|inactive|think monkeyy has 10 seconds left.\n|\n|t:|1599617053\n|move|p2a: Rillaboom|Swords Dance|p2a: Rillaboom\n|-boost|p2a: Rillaboom|atk|2\n|move|p1a: Amoonguss|Toxic|p2a: Rillaboom\n|-status|p2a: Rillaboom|tox\n|\n|-heal|p2a: Rillaboom|76\/100 tox|[from] Grassy Terrain\n|-heal|p1a: Amoonguss|94\/100|[from] Grassy Terrain\n|-damage|p2a: Rillaboom|70\/100 tox|[from] psn\n|upkeep\n|turn|13\n|\n|t:|1599617056\n|move|p2a: Rillaboom|U-turn|p1a: Amoonguss\n|-damage|p1a: Amoonguss|47\/100\n|-damage|p2a: Rillaboom|54\/100 tox|[from] item: Rocky Helmet|[of] p1a: Amoonguss\n|-damage|p2a: Rillaboom|44\/100 tox|[from] item: Life Orb\n|\n|t:|1599617058\n|switch|p2a: Mew|Mew|100\/100|[from]move: U-turn\n|move|p1a: Amoonguss|Sludge Bomb|p2a: Mew\n|-damage|p2a: Mew|75\/100\n|-status|p2a: Mew|psn\n|-activate|p2a: Mew|ability: Synchronize\n|-immune|p1a: Amoonguss\n|\n|-heal|p2a: Mew|81\/100 psn|[from] Grassy Terrain\n|-heal|p1a: Amoonguss|53\/100|[from] Grassy Terrain\n|-damage|p2a: Mew|69\/100 psn|[from] psn\n|upkeep\n|turn|14\n|inactive|think monkeyy has 10 seconds left.\n|\n|t:|1599617063\n|move|p2a: Mew|Psyshock|p1a: Amoonguss\n|-supereffective|p1a: Amoonguss\n|-damage|p1a: Amoonguss|0 fnt\n|-damage|p2a: Mew|59\/100 psn|[from] item: Life Orb\n|faint|p1a: Amoonguss\n|\n|-heal|p2a: Mew|65\/100 psn|[from] Grassy Terrain\n|-damage|p2a: Mew|53\/100 psn|[from] psn\n|upkeep\n|\n|t:|1599617068\n|switch|p1a: Jirachi|Jirachi|100\/100\n|-activate|p1a: Jirachi|move: Sticky Web\n|-unboost|p1a: Jirachi|spe|1\n|-damage|p1a: Jirachi|94\/100|[from] Stealth Rock\n|turn|15\n|\n|t:|1599617072\n|move|p2a: Mew|Aura Sphere|p1a: Jirachi\n|-damage|p1a: Jirachi|63\/100\n|-damage|p2a: Mew|43\/100 psn|[from] item: Life Orb\n|move|p1a: Jirachi|Doom Desire|p2a: Mew\n|-start|p1a: Jirachi|Doom Desire\n|\n|-heal|p2a: Mew|49\/100 psn|[from] Grassy Terrain\n|-heal|p1a: Jirachi|69\/100|[from] item: Leftovers\n|-heal|p1a: Jirachi|75\/100|[from] Grassy Terrain\n|-fieldend|move: Grassy Terrain\n|-damage|p2a: Mew|37\/100 psn|[from] psn\n|upkeep\n|turn|16\n|inactive|think monkeyy has 10 seconds left.\n|\n|t:|1599617080\n|move|p2a: Mew|Ice Beam|p1a: Jirachi\n|-resisted|p1a: Jirachi\n|-damage|p1a: Jirachi|57\/100\n|-damage|p2a: Mew|27\/100 psn|[from] item: Life Orb\n|move|p1a: Jirachi|U-turn|p2a: Mew\n|-supereffective|p2a: Mew\n|-damage|p2a: Mew|0 fnt\n|faint|p2a: Mew\n|\n|t:|1599617084\n|switch|p1a: Zeraora|Zeraora|100\/100|[from]move: U-turn\n|-activate|p1a: Zeraora|move: Sticky Web\n|-unboost|p1a: Zeraora|spe|1\n|-damage|p1a: Zeraora|88\/100|[from] Stealth Rock\n|\n|-heal|p1a: Zeraora|94\/100|[from] item: Leftovers\n|upkeep\n|inactive|think monkeyy has 10 seconds left.\n|\n|t:|1599617092\n|switch|p2a: Rillaboom|Rillaboom, F|44\/100 tox\n|-fieldstart|move: Grassy Terrain|[from] ability: Grassy Surge|[of] p2a: Rillaboom\n|turn|17\n|\n|t:|1599617096\n|switch|p1a: Jirachi|Jirachi|57\/100\n|-activate|p1a: Jirachi|move: Sticky Web\n|-unboost|p1a: Jirachi|spe|1\n|-damage|p1a: Jirachi|51\/100|[from] Stealth Rock\n|move|p2a: Rillaboom|Grassy Glide|p1a: Jirachi\n|-resisted|p1a: Jirachi\n|-damage|p1a: Jirachi|15\/100\n|-damage|p2a: Rillaboom|34\/100 tox|[from] item: Life Orb\n|\n|-end|p2a: Rillaboom|move: Doom Desire\n|-damage|p2a: Rillaboom|0 fnt\n|faint|p2a: Rillaboom\n|-heal|p1a: Jirachi|21\/100|[from] item: Leftovers\n|-heal|p1a: Jirachi|27\/100|[from] Grassy Terrain\n|upkeep\n|\n|t:|1599617100\n|switch|p2a: Weavile|Weavile, M|97\/100\n|-ability|p2a: Weavile|Pressure\n|turn|18\n|\n|t:|1599617103\n|move|p2a: Weavile|Knock Off|p1a: Jirachi\n|-supereffective|p1a: Jirachi\n|-damage|p1a: Jirachi|0 fnt\n|-enditem|p1a: Jirachi|Leftovers|[from] move: Knock Off|[of] p2a: Weavile\n|-damage|p2a: Weavile|87\/100|[from] item: Life Orb\n|faint|p1a: Jirachi\n|\n|-heal|p2a: Weavile|93\/100|[from] Grassy Terrain\n|upkeep\n|\n|t:|1599617106\n|switch|p1a: Zeraora|Zeraora|94\/100\n|-activate|p1a: Zeraora|move: Sticky Web\n|-unboost|p1a: Zeraora|spe|1\n|-damage|p1a: Zeraora|82\/100|[from] Stealth Rock\n|turn|19\n|\n|t:|1599617109\n|move|p2a: Weavile|Triple Axel|p1a: Zeraora|[miss]\n|-miss|p2a: Weavile|p1a: Zeraora\n|move|p1a: Zeraora|Close Combat|p2a: Weavile\n|-supereffective|p2a: Weavile\n|-damage|p2a: Weavile|0 fnt\n|-unboost|p1a: Zeraora|def|1\n|-unboost|p1a: Zeraora|spd|1\n|faint|p2a: Weavile\n|\n|-heal|p1a: Zeraora|88\/100|[from] item: Leftovers\n|-heal|p1a: Zeraora|94\/100|[from] Grassy Terrain\n|upkeep\n|c|\u2606think monkeyy|fk off\n|inactive|think monkeyy has 10 seconds left.\n|c|\u2606think monkeyy|trash\n|\n|t:|1599617116\n|switch|p2a: Dragapult|Dragapult, M|100\/100\n|turn|20\n|\n|t:|1599617118\n|switch|p1a: Slowbro|Slowbro, M|100\/100\n|move|p2a: Dragapult|Substitute|p2a: Dragapult\n|-start|p2a: Dragapult|Substitute\n|-damage|p2a: Dragapult|76\/100\n|\n|-heal|p2a: Dragapult|82\/100|[from] item: Leftovers\n|-heal|p2a: Dragapult|88\/100|[from] Grassy Terrain\n|upkeep\n|turn|21\n|\n|t:|1599617122\n|move|p2a: Dragapult|Thunder Wave|p1a: Slowbro\n|-status|p1a: Slowbro|par\n|cant|p1a: Slowbro|par\n|\n|-heal|p2a: Dragapult|94\/100|[from] item: Leftovers\n|-heal|p2a: Dragapult|99\/100|[from] Grassy Terrain\n|-fieldend|move: Grassy Terrain\n|upkeep\n|turn|22\n|\n|t:|1599617125\n|move|p2a: Dragapult|Hex|p1a: Slowbro\n|-supereffective|p1a: Slowbro\n|-damage|p1a: Slowbro|13\/100 par\n|cant|p1a: Slowbro|par\n|\n|-heal|p2a: Dragapult|100\/100|[from] item: Leftovers\n|upkeep\n|turn|23\n|\n|t:|1599617127\n|move|p2a: Dragapult|Hex|p1a: Slowbro\n|-supereffective|p1a: Slowbro\n|-damage|p1a: Slowbro|0 fnt\n|faint|p1a: Slowbro\n|\n|upkeep\n|\n|t:|1599617129\n|switch|p1a: Zeraora|Zeraora|94\/100\n|-activate|p1a: Zeraora|move: Sticky Web\n|-unboost|p1a: Zeraora|spe|1\n|-damage|p1a: Zeraora|82\/100|[from] Stealth Rock\n|turn|24\n|c|\u2606think monkeyy|rekt\n|\n|t:|1599617132\n|move|p2a: Dragapult|Will-O-Wisp|p1a: Zeraora\n|-status|p1a: Zeraora|brn\n|move|p1a: Zeraora|Knock Off|p2a: Dragapult\n|-supereffective|p2a: Dragapult\n|-end|p2a: Dragapult|Substitute\n|\n|-heal|p1a: Zeraora|88\/100 brn|[from] item: Leftovers\n|-damage|p1a: Zeraora|82\/100 brn|[from] brn\n|upkeep\n|turn|25\n|c|\u2606think monkeyy|get rekt\n|inactive|think monkeyy has 10 seconds left.\n|\n|t:|1599617138\n|move|p2a: Dragapult|Substitute|p2a: Dragapult\n|-start|p2a: Dragapult|Substitute\n|-damage|p2a: Dragapult|76\/100\n|move|p1a: Zeraora|Knock Off|p2a: Dragapult\n|-supereffective|p2a: Dragapult\n|-end|p2a: Dragapult|Substitute\n|\n|-heal|p2a: Dragapult|82\/100|[from] item: Leftovers\n|-heal|p1a: Zeraora|88\/100 brn|[from] item: Leftovers\n|-damage|p1a: Zeraora|82\/100 brn|[from] brn\n|upkeep\n|turn|26\n|\n|t:|1599617141\n|move|p2a: Dragapult|Substitute|p2a: Dragapult\n|-start|p2a: Dragapult|Substitute\n|-damage|p2a: Dragapult|57\/100\n|move|p1a: Zeraora|Knock Off|p2a: Dragapult\n|-supereffective|p2a: Dragapult\n|-end|p2a: Dragapult|Substitute\n|\n|-heal|p2a: Dragapult|63\/100|[from] item: Leftovers\n|-heal|p1a: Zeraora|88\/100 brn|[from] item: Leftovers\n|-damage|p1a: Zeraora|82\/100 brn|[from] brn\n|upkeep\n|turn|27\n|\n|t:|1599617143\n|move|p2a: Dragapult|Substitute|p2a: Dragapult\n|-start|p2a: Dragapult|Substitute\n|-damage|p2a: Dragapult|38\/100\n|move|p1a: Zeraora|Knock Off|p2a: Dragapult\n|-supereffective|p2a: Dragapult\n|-end|p2a: Dragapult|Substitute\n|\n|-heal|p2a: Dragapult|44\/100|[from] item: Leftovers\n|-heal|p1a: Zeraora|88\/100 brn|[from] item: Leftovers\n|-damage|p1a: Zeraora|82\/100 brn|[from] brn\n|upkeep\n|turn|28\n|\n|t:|1599617146\n|move|p2a: Dragapult|Substitute|p2a: Dragapult\n|-start|p2a: Dragapult|Substitute\n|-damage|p2a: Dragapult|19\/100\n|move|p1a: Zeraora|Knock Off|p2a: Dragapult\n|-supereffective|p2a: Dragapult\n|-end|p2a: Dragapult|Substitute\n|\n|-heal|p2a: Dragapult|26\/100|[from] item: Leftovers\n|-heal|p1a: Zeraora|88\/100 brn|[from] item: Leftovers\n|-damage|p1a: Zeraora|82\/100 brn|[from] brn\n|upkeep\n|turn|29\n|\n|t:|1599617149\n|move|p2a: Dragapult|Substitute|p2a: Dragapult\n|-start|p2a: Dragapult|Substitute\n|-damage|p2a: Dragapult|1\/100\n|move|p1a: Zeraora|Knock Off|p2a: Dragapult\n|-supereffective|p2a: Dragapult\n|-end|p2a: Dragapult|Substitute\n|\n|-heal|p2a: Dragapult|7\/100|[from] item: Leftovers\n|-heal|p1a: Zeraora|88\/100 brn|[from] item: Leftovers\n|-damage|p1a: Zeraora|82\/100 brn|[from] brn\n|upkeep\n|turn|30\n|\n|t:|1599617151\n|move|p2a: Dragapult|Hex|p1a: Zeraora\n|-damage|p1a: Zeraora|15\/100 brn\n|move|p1a: Zeraora|Knock Off|p2a: Dragapult\n|-supereffective|p2a: Dragapult\n|-damage|p2a: Dragapult|0 fnt\n|-enditem|p2a: Dragapult|Leftovers|[from] move: Knock Off|[of] p1a: Zeraora\n|faint|p2a: Dragapult\n|\n|win|yhdrslb\n|c|\u2606yhdrslb|LMFAO\n|c|\u2606think monkeyy|lcuky\n|c|\u2606yhdrslb|fucking noo\n|n|!think monkeyy|thinkmonkeyy\n|c|\u2606yhdrslb|b\n|raw|yhdrslb's rating: 1406 &rarr; <strong>1414<\/strong><br \/>(+8 for winning)\n|raw|think monkeyy's rating: 1163 &rarr; <strong>1153<\/strong><br \/>(-10 for losing)\n|c|\u2606yhdrslb|why do you suck so much ass\n|c|\u2606yhdrslb|tell me\n|l|!think monkeyy\n|c|\u2606yhdrslb|u retarded or sum?\n","uploadtime":1599617209,"views":6,"p1id":"yhdrslb","p2id":"thinkmonkeyy","formatid":"gen8oublitz","rating":1153,"private":0,"password":null}