{"id":"gen8randombattle-1694162064","p1":"doug.ord","p2":"mongwong","format":"gen8randombattle","log":"|j|\u2606doug.ord\n|j|\u2606mongwong\n|t:|1666670562\n|gametype|singles\n|player|p1|doug.ord|teamrocket|\n|player|p2|mongwong|eusine-gen2|\n|teamsize|p1|6\n|teamsize|p2|6\n|gen|8\n|tier|[Gen 8] Random Battle\n|rule|Species Clause: Limit one of each Pok\u00e9mon\n|rule|HP Percentage Mod: HP is shown in percentages\n|rule|Sleep Clause Mod: Limit one foe put to sleep\n|\n|t:|1666670562\n|start\n|switch|p1a: Marowak|Marowak, L86, F|243\/243\n|switch|p2a: Druddigon|Druddigon, L84, M|267\/267\n|-ability|p2a: Druddigon|Mold Breaker\n|turn|1\n|inactive|Battle timer is ON: inactive players will automatically lose when time's up. (requested by doug.ord)\n|\n|t:|1666670592\n|switch|p1a: Umbreon|Umbreon, L82, F|290\/290\n|move|p2a: Druddigon|Stealth Rock|p1a: Umbreon\n|-sidestart|p1: doug.ord|move: Stealth Rock\n|\n|upkeep\n|turn|2\n|\n|t:|1666670603\n|switch|p2a: Slowbro|Slowbro-Galar, L86, M|304\/304\n|move|p1a: Umbreon|Toxic|p2a: Slowbro\n|-immune|p2a: Slowbro\n|\n|upkeep\n|turn|3\n|\n|t:|1666670610\n|switch|p1a: Spectrier|Spectrier, L74|270\/270\n|-damage|p1a: Spectrier|237\/270|[from] Stealth Rock\n|move|p2a: Slowbro|Trick Room|p2a: Slowbro\n|-fieldstart|move: Trick Room|[of] p2a: Slowbro\n|\n|-heal|p1a: Spectrier|253\/270|[from] item: Leftovers\n|upkeep\n|turn|4\n|\n|t:|1666670625\n|switch|p2a: Tyranitar|Tyranitar, L78, M|284\/284\n|-weather|Sandstorm|[from] ability: Sand Stream|[of] p2a: Tyranitar\n|switch|p1a: Heliolisk|Heliolisk, L82, F|236\/236\n|-damage|p1a: Heliolisk|207\/236|[from] Stealth Rock\n|\n|-weather|Sandstorm|[upkeep]\n|-damage|p1a: Heliolisk|193\/236|[from] Sandstorm\n|upkeep\n|turn|5\n|inactive|doug.ord has 270 seconds left.\n|\n|t:|1666670663\n|switch|p1a: Marowak|Marowak, L86, F|243\/243\n|-damage|p1a: Marowak|228\/243|[from] Stealth Rock\n|move|p2a: Tyranitar|Crunch|p1a: Marowak\n|-damage|p1a: Marowak|149\/243\n|-unboost|p1a: Marowak|def|1\n|\n|-weather|Sandstorm|[upkeep]\n|upkeep\n|turn|6\n|\n|t:|1666670677\n|switch|p1a: Audino|Audino, L91, M|335\/335\n|-damage|p1a: Audino|294\/335|[from] Stealth Rock\n|switch|p2a: Druddigon|Druddigon, L84, M|267\/267\n|-ability|p2a: Druddigon|Mold Breaker\n|\n|-weather|Sandstorm|[upkeep]\n|-damage|p2a: Druddigon|251\/267|[from] Sandstorm\n|-damage|p1a: Audino|274\/335|[from] Sandstorm\n|-heal|p2a: Druddigon|267\/267|[from] item: Leftovers\n|-heal|p1a: Audino|294\/335|[from] item: Leftovers\n|upkeep\n|turn|7\n|\n|t:|1666670690\n|move|p1a: Audino|Protect|p1a: Audino\n|-singleturn|p1a: Audino|Protect\n|move|p2a: Druddigon|Outrage|p1a: Audino\n|-activate|p1a: Audino|move: Protect\n|\n|-weather|Sandstorm|[upkeep]\n|-damage|p2a: Druddigon|251\/267|[from] Sandstorm\n|-damage|p1a: Audino|274\/335|[from] Sandstorm\n|-heal|p2a: Druddigon|267\/267|[from] item: Leftovers\n|-heal|p1a: Audino|294\/335|[from] item: Leftovers\n|-fieldend|move: Trick Room\n|upkeep\n|turn|8\n|\n|t:|1666670696\n|move|p1a: Audino|Knock Off|p2a: Druddigon\n|-damage|p2a: Druddigon|216\/267\n|-enditem|p2a: Druddigon|Leftovers|[from] move: Knock Off|[of] p1a: Audino\n|move|p2a: Druddigon|Outrage|p1a: Audino\n|-damage|p1a: Audino|155\/335\n|\n|-weather|none\n|-heal|p1a: Audino|175\/335|[from] item: Leftovers\n|upkeep\n|turn|9\n|inactive|doug.ord has 270 seconds left.\n|\n|t:|1666670706\n|switch|p1a: Sandslash|Sandslash-Alola, L86, F|269\/269\n|-damage|p1a: Sandslash|236\/269|[from] Stealth Rock\n|move|p2a: Druddigon|Outrage|p1a: Sandslash|[from]lockedmove\n|-resisted|p1a: Sandslash\n|-damage|p1a: Sandslash|178\/269\n|-start|p2a: Druddigon|confusion|[fatigue]\n|\n|upkeep\n|turn|10\n|inactive|doug.ord has 270 seconds left.\n|\n|t:|1666670719\n|move|p1a: Sandslash|Swords Dance|p1a: Sandslash\n|-boost|p1a: Sandslash|atk|2\n|-activate|p2a: Druddigon|confusion\n|move|p2a: Druddigon|Glare|p1a: Sandslash\n|-status|p1a: Sandslash|par\n|-enditem|p1a: Sandslash|Lum Berry|[eat]\n|-curestatus|p1a: Sandslash|par|[msg]\n|\n|upkeep\n|turn|11\n|\n|t:|1666670729\n|-start|p1a: Sandslash|Dynamax|\n|-heal|p1a: Sandslash|356\/538|[silent]\n|move|p1a: Sandslash|Max Hailstorm|p2a: Druddigon\n|-supereffective|p2a: Druddigon\n|-crit|p2a: Druddigon\n|-damage|p2a: Druddigon|0 fnt\n|-weather|Hail\n|faint|p2a: Druddigon\n|\n|-weather|Hail|[upkeep]\n|upkeep\n|\n|t:|1666670733\n|switch|p2a: Tyranitar|Tyranitar, L78, M|284\/284\n|-weather|Sandstorm|[from] ability: Sand Stream|[of] p2a: Tyranitar\n|turn|12\n|\n|t:|1666670743\n|-start|p2a: Tyranitar|Dynamax|\n|-heal|p2a: Tyranitar|568\/568|[silent]\n|move|p1a: Sandslash|Max Steelspike|p2a: Tyranitar\n|-supereffective|p2a: Tyranitar\n|-damage|p2a: Tyranitar|0 fnt\n|-boost|p1a: Sandslash|def|1\n|faint|p2a: Tyranitar\n|\n|-weather|Sandstorm|[upkeep]\n|upkeep\n|c|\u2606mongwong|Oops\n|\n|t:|1666670763\n|switch|p2a: Weezing|Weezing-Galar, L86, M|252\/252\n|-ability|p2a: Weezing|Neutralizing Gas\n|turn|13\n|\n|t:|1666670771\n|move|p1a: Sandslash|Max Steelspike|p2a: Weezing\n|-supereffective|p2a: Weezing\n|-damage|p2a: Weezing|0 fnt\n|-boost|p1a: Sandslash|def|1\n|faint|p2a: Weezing\n|-end|p2a: Weezing|ability: Neutralizing Gas\n|\n|-weather|Sandstorm|[upkeep]\n|upkeep\n|\n|t:|1666670779\n|switch|p2a: Slowbro|Slowbro-Galar, L86, M|304\/304\n|-end|p1a: Sandslash|Dynamax\n|-heal|p1a: Sandslash|178\/269|[silent]\n|turn|14\n|\n|t:|1666670787\n|move|p1a: Sandslash|Rapid Spin|p2a: Slowbro\n|-damage|p2a: Slowbro|237\/304\n|-boost|p1a: Sandslash|spe|1\n|-sideend|p1: doug.ord|Stealth Rock|[from] move: Rapid Spin|[of] p1a: Sandslash\n|move|p2a: Slowbro|Trick Room|p2a: Slowbro\n|-fieldstart|move: Trick Room|[of] p2a: Slowbro\n|\n|-weather|Sandstorm|[upkeep]\n|-damage|p2a: Slowbro|218\/304|[from] Sandstorm\n|upkeep\n|turn|15\n|\n|t:|1666670794\n|move|p2a: Slowbro|Flamethrower|p1a: Sandslash\n|-supereffective|p1a: Sandslash\n|-damage|p1a: Sandslash|0 fnt\n|faint|p1a: Sandslash\n|-damage|p2a: Slowbro|188\/304|[from] item: Life Orb\n|\n|-weather|Sandstorm|[upkeep]\n|-damage|p2a: Slowbro|169\/304|[from] Sandstorm\n|upkeep\n|\n|t:|1666670808\n|switch|p1a: Heliolisk|Heliolisk, L82, F|193\/236\n|turn|16\n|\n|t:|1666670817\n|move|p2a: Slowbro|Shell Side Arm|p1a: Heliolisk|[anim] Shell Side Arm Physical\n|-damage|p1a: Heliolisk|0 fnt\n|-hint|Physical Shell Side Arm\n|faint|p1a: Heliolisk\n|-damage|p2a: Slowbro|139\/304|[from] item: Life Orb\n|\n|-weather|none\n|upkeep\n|\n|t:|1666670825\n|switch|p1a: Marowak|Marowak, L86, F|149\/243\n|turn|17\n|\n|t:|1666670830\n|move|p2a: Slowbro|Psychic|p1a: Marowak\n|-damage|p1a: Marowak|1\/243\n|-damage|p2a: Slowbro|109\/304|[from] item: Life Orb\n|move|p1a: Marowak|Earthquake|p2a: Slowbro\n|-supereffective|p2a: Slowbro\n|-damage|p2a: Slowbro|0 fnt\n|faint|p2a: Slowbro\n|\n|upkeep\n|\n|t:|1666670835\n|switch|p2a: Zygarde|Zygarde, L70|267\/267\n|turn|18\n|c|\u2606doug.ord|as if i lived that\n|\n|t:|1666670852\n|move|p1a: Marowak|Knock Off|p2a: Zygarde\n|-damage|p2a: Zygarde|157\/267\n|-enditem|p2a: Zygarde|Leftovers|[from] move: Knock Off|[of] p1a: Marowak\n|move|p2a: Zygarde|Substitute|p2a: Zygarde\n|-start|p2a: Zygarde|Substitute\n|-damage|p2a: Zygarde|91\/267\n|\n|-fieldend|move: Trick Room\n|-activate|p2a: Zygarde|ability: Power Construct\n|detailschange|p2a: Zygarde|Zygarde-Complete, L70\n|-heal|p2a: Zygarde|242\/418|[silent]\n|upkeep\n|turn|19\n|\n|t:|1666670868\n|move|p2a: Zygarde|Dragon Dance|p2a: Zygarde\n|-boost|p2a: Zygarde|atk|1\n|-boost|p2a: Zygarde|spe|1\n|move|p1a: Marowak|Earthquake|p2a: Zygarde\n|-end|p2a: Zygarde|Substitute\n|\n|upkeep\n|turn|20\n|c|\u2606mongwong|Ye i audibly yelled bullshit\n|inactive|doug.ord has 270 seconds left.\n|\n|t:|1666670889\n|move|p2a: Zygarde|Thousand Arrows|p1a: Marowak\n|-damage|p1a: Marowak|0 fnt\n|faint|p1a: Marowak\n|\n|upkeep\n|\n|t:|1666670892\n|switch|p1a: Umbreon|Umbreon, L82, F|290\/290\n|turn|21\n|\n|t:|1666670899\n|move|p2a: Zygarde|Substitute|p2a: Zygarde\n|-start|p2a: Zygarde|Substitute\n|-damage|p2a: Zygarde|138\/418\n|move|p1a: Umbreon|Foul Play|p2a: Zygarde\n|-end|p2a: Zygarde|Substitute\n|\n|upkeep\n|turn|22\n|\n|t:|1666670906\n|move|p2a: Zygarde|Outrage|p1a: Umbreon\n|-crit|p1a: Umbreon\n|-damage|p1a: Umbreon|107\/290\n|move|p1a: Umbreon|Foul Play|p2a: Zygarde\n|-crit|p2a: Zygarde\n|-damage|p2a: Zygarde|0 fnt\n|faint|p2a: Zygarde\n|\n|-heal|p1a: Umbreon|125\/290|[from] item: Leftovers\n|upkeep\n|\n|t:|1666670910\n|switch|p2a: Swoobat|Swoobat, L86, F|255\/255\n|turn|23\n|\n|t:|1666670918\n|move|p2a: Swoobat|Air Slash|p1a: Umbreon\n|-damage|p1a: Umbreon|71\/290\n|cant|p1a: Umbreon|flinch\n|\n|-heal|p1a: Umbreon|89\/290|[from] item: Leftovers\n|upkeep\n|turn|24\n|c|\u2606doug.ord|-_-\n|c|\u2606mongwong|Hoping for hax city\n|\n|t:|1666670931\n|move|p2a: Swoobat|Air Slash|p1a: Umbreon\n|-damage|p1a: Umbreon|34\/290\n|move|p1a: Umbreon|Foul Play|p2a: Swoobat\n|-supereffective|p2a: Swoobat\n|-damage|p2a: Swoobat|123\/255\n|\n|-heal|p1a: Umbreon|52\/290|[from] item: Leftovers\n|upkeep\n|turn|25\n|c|\u2606doug.ord|misclicked toxic lol\n|\n|t:|1666670944\n|move|p2a: Swoobat|Air Slash|p1a: Umbreon\n|-damage|p1a: Umbreon|3\/290\n|move|p1a: Umbreon|Toxic|p2a: Swoobat\n|-status|p2a: Swoobat|tox\n|\n|-heal|p1a: Umbreon|21\/290|[from] item: Leftovers\n|-damage|p2a: Swoobat|108\/255 tox|[from] psn\n|upkeep\n|turn|26\n|c|\u2606doug.ord|gg\n|\n|t:|1666670952\n|move|p1a: Umbreon|Protect|p1a: Umbreon\n|-singleturn|p1a: Umbreon|Protect\n|move|p2a: Swoobat|Air Slash|p1a: Umbreon\n|-activate|p1a: Umbreon|move: Protect\n|\n|-heal|p1a: Umbreon|39\/290|[from] item: Leftovers\n|-damage|p2a: Swoobat|78\/255 tox|[from] psn\n|upkeep\n|turn|27\n|\n|t:|1666670956\n|move|p2a: Swoobat|Roost|p2a: Swoobat\n|-heal|p2a: Swoobat|206\/255 tox\n|-singleturn|p2a: Swoobat|move: Roost\n|move|p1a: Umbreon|Wish|p1a: Umbreon\n|\n|-heal|p1a: Umbreon|57\/290|[from] item: Leftovers\n|-damage|p2a: Swoobat|161\/255 tox|[from] psn\n|upkeep\n|turn|28\n|\n|t:|1666670959\n|move|p1a: Umbreon|Protect|p1a: Umbreon\n|-singleturn|p1a: Umbreon|Protect\n|move|p2a: Swoobat|Calm Mind|p2a: Swoobat\n|-boost|p2a: Swoobat|spa|2\n|-boost|p2a: Swoobat|spd|2\n|\n|-heal|p1a: Umbreon|202\/290|[from] move: Wish|[wisher] Umbreon\n|-heal|p1a: Umbreon|220\/290|[from] item: Leftovers\n|-damage|p2a: Swoobat|101\/255 tox|[from] psn\n|upkeep\n|turn|29\n|\n|t:|1666670961\n|move|p2a: Swoobat|Air Slash|p1a: Umbreon\n|-damage|p1a: Umbreon|117\/290\n|move|p1a: Umbreon|Wish|p1a: Umbreon\n|\n|-heal|p1a: Umbreon|135\/290|[from] item: Leftovers\n|-damage|p2a: Swoobat|26\/255 tox|[from] psn\n|upkeep\n|turn|30\n|c|\u2606mongwong|Ggs\n|\n|t:|1666670968\n|move|p1a: Umbreon|Protect|p1a: Umbreon\n|-singleturn|p1a: Umbreon|Protect\n|move|p2a: Swoobat|Air Slash|p1a: Umbreon\n|-activate|p1a: Umbreon|move: Protect\n|\n|-heal|p1a: Umbreon|280\/290|[from] move: Wish|[wisher] Umbreon\n|-heal|p1a: Umbreon|290\/290|[from] item: Leftovers\n|-damage|p2a: Swoobat|0 fnt|[from] psn\n|faint|p2a: Swoobat\n|\n|win|doug.ord\n|upkeep\n|c|\u2606doug.ord|rematch later on?\n|c|\u2606mongwong|Can do one now probs not later tho\n|c|\u2606mongwong|Unless you're busy now\n|c|\u2606doug.ord|can't do rn will see if you free later\n|c|\u2606doug.ord|otherwise another day\n|c|\u2606mongwong|Coolio cheers for game just let Jack know ahahah\n|c|\u2606doug.ord|will do my man ggwp\n|c|\u2606doug.ord|had me freaked out for a sec\n|c|\u2606mongwong|Fucked it wasted my dynamax\n|c|\u2606mongwong|But yeah cheers let me know\n|l|\u2606mongwong\n","inputlog":">version cdc5fe0aa6fcc38eea459fd4e334db1536a68c32\n>start {\"formatid\":\"gen8randombattle\",\"seed\":[17490,65066,41209,11290]}\n>player p1 {\"name\":\"doug.ord\",\"avatar\":\"teamrocket\",\"rating\":0,\"seed\":[22961,53329,1963,30228]}\n>player p2 {\"name\":\"mongwong\",\"avatar\":\"eusine-gen2\",\"rating\":0,\"seed\":[21808,54637,58733,62895]}\n>p1 switch 3\n>p2 move stealthrock\n>p1 move toxic\n>p2 switch 6\n>p1 switch 5\n>p2 move trickroom\n>p1 switch 2\n>p2 switch 5\n>p1 switch 3\n>p2 move crunch\n>p1 switch 4\n>p2 switch 6\n>p1 move protect\n>p2 move outrage\n>p1 move knockoff\n>p2 move outrage\n>p1 switch 6\n>p2 move outrage\n>p1 move swordsdance\n>p2 move glare\n>p1 move tripleaxel dynamax\n>p2 move glare\n>p2 switch 6\n>p1 move ironhead dynamax\n>p2 move earthquake dynamax\n>chat \u2606mongwong|Oops\n>p2 switch 4\n>p1 move ironhead dynamax\n>p2 move willowisp\n>p2 switch 5\n>p1 move rapidspin\n>p2 move trickroom\n>p1 move ironhead\n>p2 move flamethrower\n>p1 switch 3\n>p1 move glare\n>p2 move shellsidearm\n>p1 switch 4\n>p1 move earthquake\n>p2 move psychic\n>p2 switch 3\n>chat \u2606doug.ord|as if i lived that\n>p1 move knockoff\n>p2 move substitute\n>p1 move earthquake\n>p2 move dragondance\n>chat \u2606mongwong|Ye i audibly yelled bullshit\n>p1 move earthquake\n>p2 move thousandarrows\n>p1 switch 5\n>p1 move foulplay\n>p2 move substitute\n>p1 move foulplay\n>p2 move outrage\n>p2 switch 2\n>p1 move toxic\n>p2 move airslash\n>chat \u2606doug.ord|-_-\n>chat \u2606mongwong|Hoping for hax city\n>p1 move foulplay\n>p2 move airslash\n>chat \u2606doug.ord|misclicked toxic lol\n>p1 move toxic\n>p2 move airslash\n>chat \u2606doug.ord|gg\n>p1 move protect\n>p2 move airslash\n>p1 move wish\n>p2 move roost\n>p1 move protect\n>p2 move calmmind\n>p1 move wish\n>p2 move airslash\n>chat \u2606mongwong|Ggs\n>p1 move protect\n>p2 move airslash","uploadtime":1666671198,"views":6,"p1id":"dougord","p2id":"mongwong","formatid":"gen8randombattle","rating":0,"private":0,"password":null}