{"id":"gen8nationaldex-1573620599","p1":"cump13","p2":"Fastpitchkiller","format":"gen8nationaldex","log":"|j|\u2606cump13\n|j|\u2606Fastpitchkiller\n|t:|1652399415\n|gametype|singles\n|player|p1|cump13|gentleman-gen4|1537\n|player|p2|Fastpitchkiller|102|1613\n|teamsize|p1|6\n|teamsize|p2|6\n|gen|8\n|tier|[Gen 8] National Dex\n|rated|\n|rule|HP Percentage Mod: HP is shown in percentages\n|rule|Endless Battle Clause: Forcing endless battles is banned\n|rule|OHKO Clause: OHKO moves are banned\n|rule|Evasion Moves Clause: Evasion moves are banned\n|rule|Species Clause: Limit one of each Pok\u00e9mon\n|rule|Dynamax Clause: You cannot dynamax\n|rule|Sleep Clause Mod: Limit one foe put to sleep\n|clearpoke\n|poke|p1|Sableye, M|\n|poke|p1|Chansey, F|\n|poke|p1|Toxapex, M|\n|poke|p1|Quagsire, M|\n|poke|p1|Corviknight, F|\n|poke|p1|Clefable, F|\n|poke|p2|Greninja, M|\n|poke|p2|Zapdos|\n|poke|p2|Melmetal|\n|poke|p2|Slowbro, M|\n|poke|p2|Tyranitar, M|\n|poke|p2|Kommo-o, F|\n|teampreview\n|\n|t:|1652399420\n|start\n|switch|p1a: Sableye|Sableye, M|100\/100\n|switch|p2a: Slowbro|Slowbro, M|100\/100\n|turn|1\n|\n|t:|1652399429\n|detailschange|p1a: Sableye|Sableye-Mega, M\n|-mega|p1a: Sableye|Sableye|Sablenite\n|move|p1a: Sableye|Knock Off|p2a: Slowbro\n|-supereffective|p2a: Slowbro\n|-damage|p2a: Slowbro|65\/100\n|-damage|p1a: Sableye|84\/100|[from] item: Rocky Helmet|[of] p2a: Slowbro\n|-enditem|p2a: Slowbro|Rocky Helmet|[from] move: Knock Off|[of] p1a: Sableye\n|move|p2a: Slowbro|Toxic|p1a: Sableye\n|move|p1a: Sableye|Toxic|p2a: Slowbro|[from]ability: Magic Bounce\n|-status|p2a: Slowbro|tox\n|\n|-damage|p2a: Slowbro|59\/100 tox|[from] psn\n|upkeep\n|turn|2\n|\n|t:|1652399447\n|move|p1a: Sableye|Knock Off|p2a: Slowbro\n|-supereffective|p2a: Slowbro\n|-damage|p2a: Slowbro|36\/100 tox\n|move|p2a: Slowbro|Teleport|p2a: Slowbro\n|\n|t:|1652399459\n|switch|p2a: Greninja|Greninja, M|100\/100|[from]move: Teleport\n|\n|upkeep\n|turn|3\n|\n|t:|1652399484\n|switch|p2a: Johnny Bravo|Melmetal|100\/100\n|move|p1a: Sableye|Protect||[still]\n|-fail|p1a: Sableye\n|\n|upkeep\n|turn|4\n|\n|t:|1652399492\n|switch|p1a: Toxapex|Toxapex, M, shiny|100\/100\n|move|p2a: Johnny Bravo|Double Iron Bash|p1a: Toxapex\n|-resisted|p1a: Toxapex\n|-damage|p1a: Toxapex|88\/100\n|-resisted|p1a: Toxapex\n|-damage|p1a: Toxapex|75\/100\n|-hitcount|p1a: Toxapex|2\n|\n|upkeep\n|turn|5\n|\n|t:|1652399502\n|move|p2a: Johnny Bravo|Earthquake|p1a: Toxapex\n|-supereffective|p1a: Toxapex\n|-damage|p1a: Toxapex|29\/100\n|move|p1a: Toxapex|Scald|p2a: Johnny Bravo\n|-damage|p2a: Johnny Bravo|85\/100\n|\n|upkeep\n|turn|6\n|\n|t:|1652399510\n|switch|p1a: Corviknight|Corviknight, F, shiny|100\/100\n|-ability|p1a: Corviknight|Pressure\n|move|p2a: Johnny Bravo|Thunder Wave|p1a: Corviknight\n|-status|p1a: Corviknight|par\n|\n|upkeep\n|turn|7\n|\n|t:|1652399518\n|move|p2a: Johnny Bravo|Thunder Punch|p1a: Corviknight\n|-supereffective|p1a: Corviknight\n|-damage|p1a: Corviknight|57\/100 par\n|move|p1a: Corviknight|Iron Defense|p1a: Corviknight\n|-boost|p1a: Corviknight|def|2\n|\n|upkeep\n|turn|8\n|\n|t:|1652399527\n|move|p2a: Johnny Bravo|Thunder Punch|p1a: Corviknight\n|-supereffective|p1a: Corviknight\n|-damage|p1a: Corviknight|34\/100 par\n|move|p1a: Corviknight|Roost|p1a: Corviknight\n|-heal|p1a: Corviknight|84\/100 par\n|-singleturn|p1a: Corviknight|move: Roost\n|\n|upkeep\n|turn|9\n|\n|t:|1652399536\n|switch|p2a: Zapdos|Zapdos|100\/100\n|cant|p1a: Corviknight|par\n|\n|upkeep\n|turn|10\n|\n|t:|1652399542\n|switch|p1a: Chansey|Chansey, F|100\/100\n|move|p2a: Zapdos|Volt Switch|p1a: Chansey\n|-damage|p1a: Chansey|91\/100\n|\n|t:|1652399548\n|switch|p2a: Johnny Bravo|Melmetal|85\/100|[from]move: Volt Switch\n|\n|upkeep\n|turn|11\n|\n|t:|1652399556\n|switch|p1a: Quagsire|Quagsire, M, shiny|100\/100\n|move|p2a: Johnny Bravo|Double Iron Bash|p1a: Quagsire\n|-resisted|p1a: Quagsire\n|-damage|p1a: Quagsire|86\/100\n|-resisted|p1a: Quagsire\n|-damage|p1a: Quagsire|70\/100\n|-hitcount|p1a: Quagsire|2\n|\n|-heal|p1a: Quagsire|76\/100|[from] item: Leftovers\n|upkeep\n|turn|12\n|\n|t:|1652399567\n|move|p2a: Johnny Bravo|Double Iron Bash|p1a: Quagsire\n|-resisted|p1a: Quagsire\n|-damage|p1a: Quagsire|61\/100\n|-resisted|p1a: Quagsire\n|-crit|p1a: Quagsire\n|-damage|p1a: Quagsire|37\/100\n|-hitcount|p1a: Quagsire|2\n|move|p1a: Quagsire|Scald|p2a: Johnny Bravo\n|-damage|p2a: Johnny Bravo|65\/100\n|\n|-heal|p1a: Quagsire|43\/100|[from] item: Leftovers\n|upkeep\n|turn|13\n|\n|t:|1652399577\n|move|p2a: Johnny Bravo|Double Iron Bash|p1a: Quagsire\n|-resisted|p1a: Quagsire\n|-damage|p1a: Quagsire|26\/100\n|-resisted|p1a: Quagsire\n|-damage|p1a: Quagsire|12\/100\n|-hitcount|p1a: Quagsire|2\n|cant|p1a: Quagsire|flinch\n|\n|-heal|p1a: Quagsire|18\/100|[from] item: Leftovers\n|upkeep\n|turn|14\n|\n|t:|1652399587\n|switch|p1a: Corviknight|Corviknight, F, shiny|84\/100 par\n|-ability|p1a: Corviknight|Pressure\n|move|p2a: Johnny Bravo|Double Iron Bash|p1a: Corviknight\n|-resisted|p1a: Corviknight\n|-damage|p1a: Corviknight|70\/100 par\n|-resisted|p1a: Corviknight\n|-damage|p1a: Corviknight|56\/100 par\n|-hitcount|p1a: Corviknight|2\n|\n|upkeep\n|turn|15\n|\n|t:|1652399596\n|switch|p1a: Quagsire|Quagsire, M, shiny|18\/100\n|move|p2a: Johnny Bravo|Thunder Punch|p1a: Quagsire\n|-immune|p1a: Quagsire\n|\n|-heal|p1a: Quagsire|24\/100|[from] item: Leftovers\n|upkeep\n|turn|16\n|\n|t:|1652399605\n|switch|p1a: Corviknight|Corviknight, F, shiny|56\/100 par\n|-ability|p1a: Corviknight|Pressure\n|move|p2a: Johnny Bravo|Earthquake|p1a: Corviknight\n|-immune|p1a: Corviknight\n|\n|upkeep\n|turn|17\n|\n|t:|1652399612\n|move|p2a: Johnny Bravo|Thunder Punch|p1a: Corviknight\n|-supereffective|p1a: Corviknight\n|-damage|p1a: Corviknight|13\/100 par\n|move|p1a: Corviknight|Roost|p1a: Corviknight\n|-heal|p1a: Corviknight|63\/100 par\n|-singleturn|p1a: Corviknight|move: Roost\n|\n|upkeep\n|turn|18\n|\n|t:|1652399620\n|move|p2a: Johnny Bravo|Thunder Punch|p1a: Corviknight\n|-supereffective|p1a: Corviknight\n|-damage|p1a: Corviknight|21\/100 par\n|move|p1a: Corviknight|Iron Defense|p1a: Corviknight\n|-boost|p1a: Corviknight|def|2\n|\n|upkeep\n|turn|19\n|\n|t:|1652399627\n|switch|p1a: Quagsire|Quagsire, M, shiny|24\/100\n|move|p2a: Johnny Bravo|Thunder Punch|p1a: Quagsire\n|-immune|p1a: Quagsire\n|\n|-heal|p1a: Quagsire|30\/100|[from] item: Leftovers\n|upkeep\n|turn|20\n|\n|t:|1652399635\n|move|p2a: Johnny Bravo|Earthquake|p1a: Quagsire\n|-damage|p1a: Quagsire|0 fnt\n|faint|p1a: Quagsire\n|\n|upkeep\n|\n|t:|1652399640\n|switch|p1a: Sableye|Sableye-Mega, M|84\/100\n|turn|21\n|\n|t:|1652399645\n|switch|p2a: Zapdos|Zapdos|100\/100\n|move|p1a: Sableye|Will-O-Wisp|p2a: Zapdos\n|-status|p2a: Zapdos|brn\n|\n|-damage|p2a: Zapdos|94\/100 brn|[from] brn\n|upkeep\n|turn|22\n|\n|t:|1652399654\n|switch|p1a: Chansey|Chansey, F|91\/100\n|move|p2a: Zapdos|Volt Switch|p1a: Chansey\n|-damage|p1a: Chansey|81\/100\n|\n|t:|1652399660\n|switch|p2a: Johnny Bravo|Melmetal|65\/100|[from]move: Volt Switch\n|\n|upkeep\n|turn|23\n|\n|t:|1652399666\n|move|p1a: Chansey|Seismic Toss|p2a: Johnny Bravo\n|-damage|p2a: Johnny Bravo|41\/100\n|move|p2a: Johnny Bravo|Thunder Punch|p1a: Chansey\n|-damage|p1a: Chansey|56\/100\n|\n|upkeep\n|turn|24\n|\n|t:|1652399673\n|move|p1a: Chansey|Soft-Boiled|p1a: Chansey\n|-heal|p1a: Chansey|100\/100\n|move|p2a: Johnny Bravo|Thunder Wave|p1a: Chansey\n|-status|p1a: Chansey|par\n|\n|upkeep\n|turn|25\n|\n|t:|1652399684\n|-curestatus|p1a: Chansey|par|[from] ability: Natural Cure\n|switch|p1a: Clefable|Clefable, F|100\/100\n|move|p2a: Johnny Bravo|Thunder Punch|p1a: Clefable\n|-damage|p1a: Clefable|61\/100\n|\n|upkeep\n|turn|26\n|\n|t:|1652399691\n|move|p1a: Clefable|Aromatherapy|p1a: Clefable\n|-activate|p1a: Clefable|move: Aromatherapy\n|-curestatus|p1: Corviknight|par|[msg]\n|move|p2a: Johnny Bravo|Thunder Punch|p1a: Clefable\n|-damage|p1a: Clefable|22\/100\n|\n|upkeep\n|turn|27\n|\n|t:|1652399700\n|move|p1a: Clefable|Soft-Boiled|p1a: Clefable\n|-heal|p1a: Clefable|72\/100\n|move|p2a: Johnny Bravo|Thunder Punch|p1a: Clefable\n|-damage|p1a: Clefable|34\/100\n|\n|upkeep\n|turn|28\n|\n|t:|1652399709\n|move|p1a: Clefable|Soft-Boiled|p1a: Clefable\n|-heal|p1a: Clefable|84\/100\n|move|p2a: Johnny Bravo|Thunder Punch|p1a: Clefable\n|-damage|p1a: Clefable|41\/100\n|-status|p1a: Clefable|par\n|\n|upkeep\n|turn|29\n|\n|t:|1652399722\n|move|p2a: Johnny Bravo|Thunder Punch|p1a: Clefable\n|-damage|p1a: Clefable|0 fnt\n|faint|p1a: Clefable\n|\n|upkeep\n|\n|t:|1652399725\n|switch|p1a: Corviknight|Corviknight, F, shiny|21\/100\n|-ability|p1a: Corviknight|Pressure\n|turn|30\n|\n|t:|1652399731\n|move|p1a: Corviknight|Body Press|p2a: Johnny Bravo\n|-supereffective|p2a: Johnny Bravo\n|-damage|p2a: Johnny Bravo|7\/100\n|move|p2a: Johnny Bravo|Thunder Wave|p1a: Corviknight|[miss]\n|-miss|p2a: Johnny Bravo|p1a: Corviknight\n|\n|upkeep\n|turn|31\n|\n|t:|1652399738\n|switch|p2a: Zapdos|Zapdos|94\/100 brn\n|move|p1a: Corviknight|Roost|p1a: Corviknight\n|-heal|p1a: Corviknight|71\/100\n|-singleturn|p1a: Corviknight|move: Roost\n|\n|-damage|p2a: Zapdos|88\/100 brn|[from] brn\n|upkeep\n|turn|32\n|\n|t:|1652399747\n|switch|p1a: Chansey|Chansey, F|100\/100\n|move|p2a: Zapdos|Volt Switch|p1a: Chansey\n|-damage|p1a: Chansey|91\/100\n|\n|t:|1652399762\n|switch|p2a: Kommo-o|Kommo-o, F|100\/100|[from]move: Volt Switch\n|\n|upkeep\n|turn|33\n|\n|t:|1652399770\n|move|p2a: Kommo-o|Clangorous Soul|p2a: Kommo-o\n|-boost|p2a: Kommo-o|atk|1\n|-boost|p2a: Kommo-o|def|1\n|-boost|p2a: Kommo-o|spa|1\n|-boost|p2a: Kommo-o|spd|1\n|-boost|p2a: Kommo-o|spe|1\n|-damage|p2a: Kommo-o|68\/100\n|move|p1a: Chansey|Toxic|p2a: Kommo-o\n|-status|p2a: Kommo-o|tox\n|\n|-damage|p2a: Kommo-o|61\/100 tox|[from] psn\n|upkeep\n|turn|34\n|\n|t:|1652399782\n|switch|p1a: Sableye|Sableye-Mega, M|84\/100\n|move|p2a: Kommo-o|Drain Punch|p1a: Sableye\n|-immune|p1a: Sableye\n|\n|-damage|p2a: Kommo-o|49\/100 tox|[from] psn\n|upkeep\n|turn|35\n|\n|t:|1652399791\n|move|p1a: Sableye|Protect|p1a: Sableye\n|-singleturn|p1a: Sableye|Protect\n|-zpower|p2a: Kommo-o\n|move|p2a: Kommo-o|Clangorous Soulblaze|p1a: Sableye|[zeffect]\n|-zbroken|p1a: Sableye\n|-damage|p1a: Sableye|61\/100\n|-boost|p2a: Kommo-o|atk|1\n|-boost|p2a: Kommo-o|def|1\n|-boost|p2a: Kommo-o|spa|1\n|-boost|p2a: Kommo-o|spd|1\n|-boost|p2a: Kommo-o|spe|1\n|\n|-damage|p2a: Kommo-o|30\/100 tox|[from] psn\n|upkeep\n|turn|36\n|\n|t:|1652399812\n|switch|p1a: Corviknight|Corviknight, F, shiny|71\/100\n|-ability|p1a: Corviknight|Pressure\n|move|p2a: Kommo-o|Drain Punch|p1a: Corviknight\n|-damage|p1a: Corviknight|38\/100\n|-heal|p2a: Kommo-o|53\/100 tox|[from] drain|[of] p1a: Corviknight\n|\n|-damage|p2a: Kommo-o|28\/100 tox|[from] psn\n|upkeep\n|turn|37\n|\n|t:|1652399823\n|switch|p1a: Chansey|Chansey, F|91\/100\n|move|p2a: Kommo-o|Clanging Scales|p1a: Chansey\n|-damage|p1a: Chansey|59\/100\n|-unboost|p2a: Kommo-o|def|1\n|\n|-damage|p2a: Kommo-o|0 fnt|[from] psn\n|faint|p2a: Kommo-o\n|upkeep\n|\n|t:|1652399832\n|switch|p2a: Tyranitar|Tyranitar, M|100\/100\n|-weather|Sandstorm|[from] ability: Sand Stream|[of] p2a: Tyranitar\n|turn|38\n|\n|t:|1652399838\n|move|p2a: Tyranitar|Rock Blast|p1a: Chansey\n|-damage|p1a: Chansey|51\/100\n|-damage|p1a: Chansey|45\/100\n|-damage|p1a: Chansey|38\/100\n|-hitcount|p1a: Chansey|3\n|move|p1a: Chansey|Soft-Boiled|p1a: Chansey\n|-heal|p1a: Chansey|88\/100\n|\n|-weather|Sandstorm|[upkeep]\n|-damage|p1a: Chansey|81\/100|[from] Sandstorm\n|upkeep\n|turn|39\n|\n|t:|1652399849\n|move|p2a: Tyranitar|Stealth Rock|p1a: Chansey\n|-sidestart|p1: cump13|move: Stealth Rock\n|move|p1a: Chansey|Toxic|p2a: Tyranitar\n|-status|p2a: Tyranitar|tox\n|\n|-weather|Sandstorm|[upkeep]\n|-damage|p1a: Chansey|75\/100|[from] Sandstorm\n|-damage|p2a: Tyranitar|94\/100 tox|[from] psn\n|upkeep\n|turn|40\n|\n|t:|1652399858\n|switch|p2a: Slowbro|Slowbro, M|69\/100 tox\n|move|p1a: Chansey|Soft-Boiled|p1a: Chansey\n|-heal|p1a: Chansey|100\/100\n|\n|-weather|Sandstorm|[upkeep]\n|-damage|p1a: Chansey|94\/100|[from] Sandstorm\n|-damage|p2a: Slowbro|63\/100 tox|[from] Sandstorm\n|-damage|p2a: Slowbro|57\/100 tox|[from] psn\n|upkeep\n|turn|41\n|\n|t:|1652399868\n|move|p1a: Chansey|Seismic Toss|p2a: Slowbro\n|-damage|p2a: Slowbro|31\/100 tox\n|move|p2a: Slowbro|Future Sight|p1a: Chansey\n|-start|p2a: Slowbro|move: Future Sight\n|\n|-weather|Sandstorm|[upkeep]\n|-damage|p1a: Chansey|88\/100|[from] Sandstorm\n|-damage|p2a: Slowbro|25\/100 tox|[from] Sandstorm\n|-damage|p2a: Slowbro|13\/100 tox|[from] psn\n|upkeep\n|turn|42\n|\n|t:|1652399877\n|switch|p2a: Zapdos|Zapdos|88\/100 brn\n|move|p1a: Chansey|Seismic Toss|p2a: Zapdos\n|-damage|p2a: Zapdos|62\/100 brn\n|\n|-weather|none\n|-damage|p2a: Zapdos|56\/100 brn|[from] brn\n|upkeep\n|turn|43\n|\n|t:|1652399887\n|move|p2a: Zapdos|Roost|p2a: Zapdos\n|-heal|p2a: Zapdos|100\/100 brn\n|-singleturn|p2a: Zapdos|move: Roost\n|move|p1a: Chansey|Soft-Boiled|p1a: Chansey\n|-heal|p1a: Chansey|100\/100\n|\n|-end|p1a: Chansey|move: Future Sight\n|-damage|p1a: Chansey|87\/100\n|-damage|p2a: Zapdos|94\/100 brn|[from] brn\n|upkeep\n|turn|44\n|\n|t:|1652399899\n|move|p2a: Zapdos|Volt Switch|p1a: Chansey\n|-damage|p1a: Chansey|78\/100\n|\n|t:|1652399903\n|switch|p2a: Slowbro|Slowbro, M|46\/100 tox|[from]move: Volt Switch\n|move|p1a: Chansey|Stealth Rock|p2a: Slowbro\n|-sidestart|p2: Fastpitchkiller|move: Stealth Rock\n|\n|-damage|p2a: Slowbro|40\/100 tox|[from] psn\n|upkeep\n|turn|45\n|\n|t:|1652399912\n|switch|p2a: Zapdos|Zapdos|94\/100 brn\n|move|p1a: Chansey|Seismic Toss|p2a: Zapdos\n|-damage|p2a: Zapdos|68\/100 brn\n|\n|-damage|p2a: Zapdos|62\/100 brn|[from] brn\n|upkeep\n|turn|46\n|\n|t:|1652399921\n|move|p2a: Zapdos|Roost|p2a: Zapdos\n|-heal|p2a: Zapdos|100\/100 brn\n|-singleturn|p2a: Zapdos|move: Roost\n|move|p1a: Chansey|Seismic Toss|p2a: Zapdos\n|-damage|p2a: Zapdos|74\/100 brn\n|-status|p1a: Chansey|par|[from] ability: Static|[of] p2a: Zapdos\n|\n|-damage|p2a: Zapdos|68\/100 brn|[from] brn\n|upkeep\n|turn|47\n|\n|t:|1652399932\n|-curestatus|p1a: Chansey|par|[from] ability: Natural Cure\n|switch|p1a: Sableye|Sableye-Mega, M|61\/100\n|-damage|p1a: Sableye|49\/100|[from] Stealth Rock\n|move|p2a: Zapdos|Volt Switch|p1a: Sableye\n|-damage|p1a: Sableye|27\/100\n|\n|t:|1652399945\n|switch|p2a: Tyranitar|Tyranitar, M|94\/100 tox|[from]move: Volt Switch\n|-damage|p2a: Tyranitar|82\/100 tox|[from] Stealth Rock\n|-weather|Sandstorm|[from] ability: Sand Stream|[of] p2a: Tyranitar\n|\n|-weather|Sandstorm|[upkeep]\n|-damage|p1a: Sableye|21\/100|[from] Sandstorm\n|-heal|p2a: Tyranitar|88\/100 tox|[from] item: Leftovers\n|-damage|p2a: Tyranitar|82\/100 tox|[from] psn\n|upkeep\n|turn|48\n|\n|t:|1652399957\n|switch|p1a: Corviknight|Corviknight, F, shiny|38\/100\n|-damage|p1a: Corviknight|25\/100|[from] Stealth Rock\n|-ability|p1a: Corviknight|Pressure\n|move|p2a: Tyranitar|Rock Blast|p1a: Corviknight\n|-damage|p1a: Corviknight|18\/100\n|-damage|p1a: Corviknight|11\/100\n|-damage|p1a: Corviknight|4\/100\n|-damage|p1a: Corviknight|0 fnt\n|faint|p1a: Corviknight\n|-hitcount|p1: Corviknight|4\n|\n|-weather|Sandstorm|[upkeep]\n|-heal|p2a: Tyranitar|88\/100 tox|[from] item: Leftovers\n|-damage|p2a: Tyranitar|76\/100 tox|[from] psn\n|upkeep\n|\n|t:|1652399964\n|switch|p1a: Toxapex|Toxapex, M, shiny|63\/100\n|-damage|p1a: Toxapex|50\/100|[from] Stealth Rock\n|turn|49\n|\n|t:|1652399977\n|switch|p2a: Zapdos|Zapdos|68\/100 brn\n|move|p1a: Toxapex|Recover|p1a: Toxapex\n|-heal|p1a: Toxapex|99\/100\n|\n|-weather|Sandstorm|[upkeep]\n|-damage|p2a: Zapdos|62\/100 brn|[from] Sandstorm\n|-damage|p1a: Toxapex|94\/100|[from] Sandstorm\n|-damage|p2a: Zapdos|56\/100 brn|[from] brn\n|upkeep\n|turn|50\n|\n|t:|1652399988\n|move|p2a: Zapdos|Roost|p2a: Zapdos\n|-heal|p2a: Zapdos|100\/100 brn\n|-singleturn|p2a: Zapdos|move: Roost\n|move|p1a: Toxapex|Poison Jab|p2a: Zapdos\n|-damage|p2a: Zapdos|86\/100 brn\n|\n|-weather|Sandstorm|[upkeep]\n|-damage|p2a: Zapdos|80\/100 brn|[from] Sandstorm\n|-damage|p1a: Toxapex|88\/100|[from] Sandstorm\n|-damage|p2a: Zapdos|74\/100 brn|[from] brn\n|upkeep\n|turn|51\n|\n|t:|1652400000\n|move|p2a: Zapdos|Volt Switch|p1a: Toxapex\n|-supereffective|p1a: Toxapex\n|-damage|p1a: Toxapex|38\/100\n|\n|t:|1652400003\n|switch|p2a: Slowbro|Slowbro, M|73\/100 tox|[from]move: Volt Switch\n|-damage|p2a: Slowbro|61\/100 tox|[from] Stealth Rock\n|move|p1a: Toxapex|Scald|p2a: Slowbro\n|-resisted|p2a: Slowbro\n|-damage|p2a: Slowbro|52\/100 tox\n|\n|-weather|none\n|-damage|p2a: Slowbro|45\/100 tox|[from] psn\n|upkeep\n|turn|52\n|\n|t:|1652400015\n|move|p1a: Toxapex|Recover|p1a: Toxapex\n|-heal|p1a: Toxapex|88\/100\n|move|p2a: Slowbro|Teleport|p2a: Slowbro\n|\n|t:|1652400019\n|switch|p2a: Zapdos|Zapdos|74\/100 brn|[from]move: Teleport\n|\n|-damage|p2a: Zapdos|68\/100 brn|[from] brn\n|upkeep\n|turn|53\n|\n|t:|1652400026\n|move|p2a: Zapdos|Volt Switch|p1a: Toxapex\n|-supereffective|p1a: Toxapex\n|-damage|p1a: Toxapex|39\/100\n|\n|t:|1652400030\n|switch|p2a: Slowbro|Slowbro, M|79\/100 tox|[from]move: Volt Switch\n|-damage|p2a: Slowbro|66\/100 tox|[from] Stealth Rock\n|move|p1a: Toxapex|Scald|p2a: Slowbro\n|-resisted|p2a: Slowbro\n|-damage|p2a: Slowbro|58\/100 tox\n|\n|-damage|p2a: Slowbro|52\/100 tox|[from] psn\n|upkeep\n|turn|54\n|\n|t:|1652400041\n|switch|p1a: Chansey|Chansey, F|78\/100\n|-damage|p1a: Chansey|65\/100|[from] Stealth Rock\n|move|p2a: Slowbro|Teleport|p2a: Slowbro\n|\n|t:|1652400050\n|switch|p2a: Zapdos|Zapdos|68\/100 brn|[from]move: Teleport\n|\n|-damage|p2a: Zapdos|62\/100 brn|[from] brn\n|upkeep\n|turn|55\n|\n|t:|1652400059\n|move|p2a: Zapdos|Heat Wave|p1a: Chansey\n|-damage|p1a: Chansey|58\/100\n|move|p1a: Chansey|Seismic Toss|p2a: Zapdos\n|-damage|p2a: Zapdos|35\/100 brn\n|\n|-damage|p2a: Zapdos|29\/100 brn|[from] brn\n|upkeep\n|turn|56\n|\n|t:|1652400068\n|move|p2a: Zapdos|Roost|p2a: Zapdos\n|-heal|p2a: Zapdos|80\/100 brn\n|-singleturn|p2a: Zapdos|move: Roost\n|move|p1a: Chansey|Seismic Toss|p2a: Zapdos\n|-damage|p2a: Zapdos|54\/100 brn\n|\n|-damage|p2a: Zapdos|47\/100 brn|[from] brn\n|upkeep\n|turn|57\n|\n|t:|1652400080\n|move|p2a: Zapdos|Volt Switch|p1a: Chansey\n|-damage|p1a: Chansey|49\/100\n|\n|t:|1652400084\n|switch|p2a: Slowbro|Slowbro, M|85\/100 tox|[from]move: Volt Switch\n|-damage|p2a: Slowbro|73\/100 tox|[from] Stealth Rock\n|move|p1a: Chansey|Seismic Toss|p2a: Slowbro\n|-damage|p2a: Slowbro|47\/100 tox\n|\n|-damage|p2a: Slowbro|41\/100 tox|[from] psn\n|upkeep\n|turn|58\n|\n|t:|1652400094\n|move|p1a: Chansey|Soft-Boiled|p1a: Chansey\n|-heal|p1a: Chansey|99\/100\n|move|p2a: Slowbro|Toxic|p1a: Chansey\n|-status|p1a: Chansey|tox\n|\n|-damage|p1a: Chansey|92\/100 tox|[from] psn\n|-damage|p2a: Slowbro|29\/100 tox|[from] psn\n|upkeep\n|turn|59\n|\n|t:|1652400103\n|switch|p2a: Tyranitar|Tyranitar, M|76\/100 tox\n|-damage|p2a: Tyranitar|63\/100 tox|[from] Stealth Rock\n|-weather|Sandstorm|[from] ability: Sand Stream|[of] p2a: Tyranitar\n|move|p1a: Chansey|Seismic Toss|p2a: Tyranitar\n|-damage|p2a: Tyranitar|39\/100 tox\n|\n|-weather|Sandstorm|[upkeep]\n|-damage|p1a: Chansey|86\/100 tox|[from] Sandstorm\n|-heal|p2a: Tyranitar|45\/100 tox|[from] item: Leftovers\n|-damage|p2a: Tyranitar|39\/100 tox|[from] psn\n|-damage|p1a: Chansey|74\/100 tox|[from] psn\n|upkeep\n|turn|60\n|\n|t:|1652400116\n|-curestatus|p1a: Chansey|tox|[from] ability: Natural Cure\n|switch|p1a: Toxapex|Toxapex, M, shiny|72\/100\n|-damage|p1a: Toxapex|60\/100|[from] Stealth Rock\n|move|p2a: Tyranitar|Earthquake|p1a: Toxapex\n|-supereffective|p1a: Toxapex\n|-damage|p1a: Toxapex|20\/100\n|\n|-weather|Sandstorm|[upkeep]\n|-damage|p1a: Toxapex|14\/100|[from] Sandstorm\n|-heal|p2a: Tyranitar|45\/100 tox|[from] item: Leftovers\n|-damage|p2a: Tyranitar|32\/100 tox|[from] psn\n|upkeep\n|turn|61\n|\n|t:|1652400129\n|switch|p1a: Chansey|Chansey, F|74\/100\n|-damage|p1a: Chansey|61\/100|[from] Stealth Rock\n|move|p2a: Tyranitar|Earthquake|p1a: Chansey\n|-damage|p1a: Chansey|42\/100\n|\n|-weather|Sandstorm|[upkeep]\n|-damage|p1a: Chansey|35\/100|[from] Sandstorm\n|-heal|p2a: Tyranitar|39\/100 tox|[from] item: Leftovers\n|-damage|p2a: Tyranitar|20\/100 tox|[from] psn\n|upkeep\n|turn|62\n|\n|t:|1652400143\n|move|p2a: Tyranitar|Superpower|p1a: Chansey\n|-supereffective|p1a: Chansey\n|-damage|p1a: Chansey|0 fnt\n|-unboost|p2a: Tyranitar|atk|1\n|-unboost|p2a: Tyranitar|def|1\n|faint|p1a: Chansey\n|\n|-weather|Sandstorm|[upkeep]\n|-heal|p2a: Tyranitar|26\/100 tox|[from] item: Leftovers\n|-damage|p2a: Tyranitar|1\/100 tox|[from] psn\n|upkeep\n|\n|t:|1652400153\n|switch|p1a: Toxapex|Toxapex, M, shiny|47\/100\n|-damage|p1a: Toxapex|35\/100|[from] Stealth Rock\n|turn|63\n|\n|t:|1652400157\n|move|p2a: Tyranitar|Earthquake|p1a: Toxapex\n|-supereffective|p1a: Toxapex\n|-damage|p1a: Toxapex|8\/100\n|move|p1a: Toxapex|Recover|p1a: Toxapex\n|-heal|p1a: Toxapex|58\/100\n|\n|-weather|none\n|-heal|p2a: Tyranitar|8\/100 tox|[from] item: Leftovers\n|-damage|p2a: Tyranitar|0 fnt|[from] psn\n|faint|p2a: Tyranitar\n|upkeep\n|\n|t:|1652400172\n|switch|p2a: Greninja|Greninja, M|100\/100\n|-damage|p2a: Greninja|88\/100|[from] Stealth Rock\n|turn|64\n|\n|t:|1652400177\n|move|p2a: Greninja|Dark Pulse|p1a: Toxapex\n|-damage|p1a: Toxapex|11\/100\n|move|p1a: Toxapex|Recover|p1a: Toxapex\n|-heal|p1a: Toxapex|61\/100\n|\n|upkeep\n|turn|65\n|\n|t:|1652400184\n|move|p2a: Greninja|Dark Pulse|p1a: Toxapex\n|-damage|p1a: Toxapex|21\/100\n|move|p1a: Toxapex|Poison Jab|p2a: Greninja\n|-damage|p2a: Greninja|55\/100\n|\n|upkeep\n|turn|66\n|c|\u2606cump13|gg\n|-message|cump13 forfeited.\n|\n|win|Fastpitchkiller\n|raw|cump13's rating: 1537 &rarr; <strong>1521<\/strong><br \/>(-16 for losing)\n|raw|Fastpitchkiller's rating: 1613 &rarr; <strong>1629<\/strong><br \/>(+16 for winning)\n|l|\u2606cump13\n|c|\u2606Fastpitchkiller|No\n","uploadtime":1652400201,"views":9,"p1id":"cump13","p2id":"fastpitchkiller","formatid":"gen8nationaldex","rating":1521,"private":0,"password":null}