{"id":"gen8ou-1688310576","p1":"OUTD Rose","p2":"Aim on mai wei","format":"gen8ou","log":"|html|<div class=\"broadcast-blue\"><strong>[Gen 8] OU is currently suspecting Melmetal! For information on how to participate check out the <a href=\"https:\/\/www.smogon.com\/forums\/threads\/np-ss-ou-suspect-process-round-12-monster-mash.3709234\/\">suspect thread<\/a>.<\/strong><\/div>\n|j|\u2606OUTD Rose\n|j|\u2606Aim on mai wei\n|t:|1666051875\n|gametype|singles\n|player|p1|OUTD Rose|pokemonranger-gen6xy|1738\n|player|p2|Aim on mai wei|102|1761\n|teamsize|p1|6\n|teamsize|p2|6\n|gen|8\n|tier|[Gen 8] OU\n|rated|\n|rule|Sleep Clause Mod: Limit one foe put to sleep\n|rule|Species Clause: Limit one of each Pok\u00e9mon\n|rule|OHKO Clause: OHKO moves are banned\n|rule|Evasion Items Clause: Evasion items are banned\n|rule|Evasion Moves Clause: Evasion moves are banned\n|rule|Endless Battle Clause: Forcing endless battles is banned\n|rule|HP Percentage Mod: HP is shown in percentages\n|rule|Dynamax Clause: You cannot dynamax\n|clearpoke\n|poke|p1|Mamoswine, F|\n|poke|p1|Primarina, F|\n|poke|p1|Zapdos|\n|poke|p1|Victini|\n|poke|p1|Ferrothorn, F|\n|poke|p1|Latios, M|\n|poke|p2|Ditto|\n|poke|p2|Quagsire, F|\n|poke|p2|Blissey, F|\n|poke|p2|Corviknight, M|\n|poke|p2|Dragonite, F|\n|poke|p2|Buzzwole|\n|teampreview\n|j| Slaneesh\n|\n|t:|1666051895\n|start\n|switch|p1a: HORRIBLY RIGHT|Mamoswine, F|100\/100\n|switch|p2a: Corviknight|Corviknight, M|100\/100\n|-ability|p2a: Corviknight|Pressure\n|turn|1\n|\n|t:|1666051914\n|switch|p1a: CAPALA|Zapdos|100\/100\n|move|p2a: Corviknight|Body Press|p1a: CAPALA\n|-resisted|p1a: CAPALA\n|-damage|p1a: CAPALA|91\/100\n|-status|p2a: Corviknight|par|[from] ability: Static|[of] p1a: CAPALA\n|\n|upkeep\n|turn|2\n|\n|t:|1666051919\n|switch|p1a: SPINE CURVES|Ferrothorn, F|100\/100\n|switch|p2a: Quagsire|Quagsire, F|100\/100\n|\n|upkeep\n|turn|3\n|\n|t:|1666051923\n|switch|p2a: Buzzwole|Buzzwole|100\/100\n|move|p1a: SPINE CURVES|Stealth Rock|p2a: Buzzwole\n|-sidestart|p2: Aim on mai wei|move: Stealth Rock\n|\n|upkeep\n|turn|4\n|\n|t:|1666051929\n|switch|p1a: CAPALA|Zapdos|91\/100\n|move|p2a: Buzzwole|Ice Punch|p1a: CAPALA\n|-supereffective|p1a: CAPALA\n|-damage|p1a: CAPALA|42\/100\n|\n|upkeep\n|turn|5\n|\n|t:|1666051935\n|switch|p1a: SPINE CURVES|Ferrothorn, F|100\/100\n|switch|p2a: Blissey|Blissey, F|100\/100\n|\n|upkeep\n|turn|6\n|\n|t:|1666051943\n|move|p2a: Blissey|Stealth Rock|p1a: SPINE CURVES\n|-sidestart|p1: OUTD Rose|move: Stealth Rock\n|move|p1a: SPINE CURVES|Leech Seed|p2a: Blissey\n|-start|p2a: Blissey|move: Leech Seed\n|\n|-damage|p2a: Blissey|88\/100|[from] Leech Seed|[of] p1a: SPINE CURVES\n|upkeep\n|turn|7\n|j| Jongruenwald\n|\n|t:|1666051957\n|switch|p2a: Buzzwole|Buzzwole|100\/100\n|-damage|p2a: Buzzwole|88\/100|[from] Stealth Rock\n|move|p1a: SPINE CURVES|Body Press|p2a: Buzzwole\n|-resisted|p2a: Buzzwole\n|-damage|p2a: Buzzwole|78\/100\n|\n|-heal|p2a: Buzzwole|84\/100|[from] item: Leftovers\n|upkeep\n|turn|8\n|\n|t:|1666051965\n|move|p2a: Buzzwole|Bulk Up|p2a: Buzzwole\n|-boost|p2a: Buzzwole|atk|1\n|-boost|p2a: Buzzwole|def|1\n|move|p1a: SPINE CURVES|Leech Seed|p2a: Buzzwole\n|-start|p2a: Buzzwole|move: Leech Seed\n|\n|-heal|p2a: Buzzwole|90\/100|[from] item: Leftovers\n|-damage|p2a: Buzzwole|77\/100|[from] Leech Seed|[of] p1a: SPINE CURVES\n|upkeep\n|turn|9\n|\n|t:|1666051974\n|switch|p1a: HOT THOUGHTS|Victini|100\/100\n|move|p2a: Buzzwole|Ice Punch|p1a: HOT THOUGHTS\n|-resisted|p1a: HOT THOUGHTS\n|-damage|p1a: HOT THOUGHTS|78\/100\n|-status|p1a: HOT THOUGHTS|frz\n|\n|-heal|p2a: Buzzwole|83\/100|[from] item: Leftovers\n|-damage|p2a: Buzzwole|71\/100|[from] Leech Seed|[of] p1a: HOT THOUGHTS\n|-heal|p1a: HOT THOUGHTS|92\/100 frz|[silent]\n|upkeep\n|turn|10\n|\n|t:|1666051984\n|switch|p2a: Dragonite|Dragonite, F|100\/100\n|-curestatus|p1a: HOT THOUGHTS|frz|[msg]\n|move|p1a: HOT THOUGHTS|V-create|p2a: Dragonite\n|-resisted|p2a: Dragonite\n|-damage|p2a: Dragonite|88\/100\n|-unboost|p1a: HOT THOUGHTS|spe|1\n|-unboost|p1a: HOT THOUGHTS|def|1\n|-unboost|p1a: HOT THOUGHTS|spd|1\n|\n|upkeep\n|turn|11\n|\n|t:|1666051999\n|switch|p1a: SPINE CURVES|Ferrothorn, F|100\/100\n|-damage|p1a: SPINE CURVES|95\/100|[from] Stealth Rock\n|move|p2a: Dragonite|Roost|p2a: Dragonite\n|-heal|p2a: Dragonite|100\/100\n|-singleturn|p2a: Dragonite|move: Roost\n|\n|-heal|p1a: SPINE CURVES|100\/100|[from] item: Leftovers\n|upkeep\n|turn|12\n|\n|t:|1666052004\n|switch|p2a: Buzzwole|Buzzwole|71\/100\n|-damage|p2a: Buzzwole|59\/100|[from] Stealth Rock\n|move|p1a: SPINE CURVES|Leech Seed|p2a: Buzzwole\n|-start|p2a: Buzzwole|move: Leech Seed\n|\n|-heal|p2a: Buzzwole|65\/100|[from] item: Leftovers\n|-damage|p2a: Buzzwole|52\/100|[from] Leech Seed|[of] p1a: SPINE CURVES\n|upkeep\n|turn|13\n|\n|t:|1666052012\n|switch|p1a: HOT THOUGHTS|Victini|92\/100\n|move|p2a: Buzzwole|Roost|p2a: Buzzwole\n|-heal|p2a: Buzzwole|100\/100\n|-singleturn|p2a: Buzzwole|move: Roost\n|\n|-damage|p2a: Buzzwole|88\/100|[from] Leech Seed|[of] p1a: HOT THOUGHTS\n|-heal|p1a: HOT THOUGHTS|100\/100|[silent]\n|upkeep\n|turn|14\n|\n|t:|1666052022\n|switch|p2a: Quagsire|Quagsire, F|100\/100\n|-damage|p2a: Quagsire|94\/100|[from] Stealth Rock\n|move|p1a: HOT THOUGHTS|U-turn|p2a: Quagsire\n|-damage|p2a: Quagsire|81\/100\n|\n|t:|1666052029\n|switch|p1a: SEA CHANGE|Primarina, F|100\/100|[from]move: U-turn\n|-damage|p1a: SEA CHANGE|88\/100|[from] Stealth Rock\n|\n|-heal|p1a: SEA CHANGE|94\/100|[from] item: Leftovers\n|-heal|p2a: Quagsire|87\/100|[from] item: Leftovers\n|upkeep\n|turn|15\n|\n|t:|1666052038\n|move|p1a: SEA CHANGE|Substitute|p1a: SEA CHANGE\n|-start|p1a: SEA CHANGE|Substitute\n|-damage|p1a: SEA CHANGE|69\/100\n|move|p2a: Quagsire|Toxic||[still]\n|-fail|p2a: Quagsire\n|\n|-heal|p1a: SEA CHANGE|75\/100|[from] item: Leftovers\n|-heal|p2a: Quagsire|93\/100|[from] item: Leftovers\n|upkeep\n|turn|16\n|\n|t:|1666052042\n|move|p1a: SEA CHANGE|Scald|p2a: Quagsire\n|-damage|p2a: Quagsire|52\/100\n|move|p2a: Quagsire|Earthquake|p1a: SEA CHANGE\n|-end|p1a: SEA CHANGE|Substitute\n|\n|-heal|p1a: SEA CHANGE|81\/100|[from] item: Leftovers\n|-heal|p2a: Quagsire|58\/100|[from] item: Leftovers\n|upkeep\n|turn|17\n|\n|t:|1666052048\n|move|p1a: SEA CHANGE|Scald|p2a: Quagsire\n|-crit|p2a: Quagsire\n|-damage|p2a: Quagsire|0 fnt\n|faint|p2a: Quagsire\n|\n|-heal|p1a: SEA CHANGE|88\/100|[from] item: Leftovers\n|upkeep\n|\n|t:|1666052057\n|switch|p2a: Blissey|Blissey, F|88\/100\n|turn|18\n|\n|t:|1666052061\n|switch|p1a: SPINE CURVES|Ferrothorn, F|100\/100\n|-damage|p1a: SPINE CURVES|95\/100|[from] Stealth Rock\n|move|p2a: Blissey|Seismic Toss|p1a: SPINE CURVES\n|-damage|p1a: SPINE CURVES|66\/100\n|-damage|p2a: Blissey|76\/100|[from] ability: Iron Barbs|[of] p1a: SPINE CURVES\n|\n|-heal|p1a: SPINE CURVES|72\/100|[from] item: Leftovers\n|upkeep\n|turn|19\n|\n|t:|1666052068\n|move|p2a: Blissey|Thunder Wave|p1a: SPINE CURVES\n|-status|p1a: SPINE CURVES|par\n|move|p1a: SPINE CURVES|Leech Seed|p2a: Blissey\n|-start|p2a: Blissey|move: Leech Seed\n|\n|-heal|p1a: SPINE CURVES|78\/100 par|[from] item: Leftovers\n|-damage|p2a: Blissey|63\/100|[from] Leech Seed|[of] p1a: SPINE CURVES\n|-heal|p1a: SPINE CURVES|100\/100 par|[silent]\n|upkeep\n|turn|20\n|\n|t:|1666052075\n|switch|p2a: Buzzwole|Buzzwole|88\/100\n|-damage|p2a: Buzzwole|76\/100|[from] Stealth Rock\n|move|p1a: SPINE CURVES|Body Press|p2a: Buzzwole\n|-resisted|p2a: Buzzwole\n|-damage|p2a: Buzzwole|66\/100\n|\n|-heal|p2a: Buzzwole|72\/100|[from] item: Leftovers\n|upkeep\n|turn|21\n|\n|t:|1666052092\n|move|p2a: Buzzwole|Drain Punch|p1a: SPINE CURVES\n|-supereffective|p1a: SPINE CURVES\n|-damage|p1a: SPINE CURVES|48\/100 par\n|-heal|p2a: Buzzwole|95\/100|[from] drain|[of] p1a: SPINE CURVES\n|-damage|p2a: Buzzwole|83\/100|[from] ability: Iron Barbs|[of] p1a: SPINE CURVES\n|move|p1a: SPINE CURVES|Leech Seed|p2a: Buzzwole\n|-start|p2a: Buzzwole|move: Leech Seed\n|\n|-heal|p2a: Buzzwole|89\/100|[from] item: Leftovers\n|-heal|p1a: SPINE CURVES|53\/100 par|[from] item: Leftovers\n|-damage|p2a: Buzzwole|77\/100|[from] Leech Seed|[of] p1a: SPINE CURVES\n|-heal|p1a: SPINE CURVES|67\/100 par|[silent]\n|upkeep\n|turn|22\n|j| monkaSaur\n|\n|t:|1666052104\n|switch|p2a: Dragonite|Dragonite, F|100\/100\n|switch|p1a: HOT THOUGHTS|Victini|100\/100\n|\n|upkeep\n|turn|23\n|j| nian9\n|\n|t:|1666052113\n|move|p1a: HOT THOUGHTS|Glaciate|p2a: Dragonite\n|-supereffective|p2a: Dragonite\n|-damage|p2a: Dragonite|72\/100\n|-unboost|p2a: Dragonite|spe|1\n|move|p2a: Dragonite|Earthquake|p1a: HOT THOUGHTS\n|-supereffective|p1a: HOT THOUGHTS\n|-damage|p1a: HOT THOUGHTS|37\/100\n|\n|upkeep\n|turn|24\n|j| Malanaki\n|l| Malanaki\n|\n|t:|1666052159\n|move|p1a: HOT THOUGHTS|U-turn|p2a: Dragonite\n|-resisted|p2a: Dragonite\n|-damage|p2a: Dragonite|66\/100\n|\n|t:|1666052164\n|switch|p1a: CAPALA|Zapdos|42\/100|[from]move: U-turn\n|move|p2a: Dragonite|Roost|p2a: Dragonite\n|-heal|p2a: Dragonite|100\/100\n|-singleturn|p2a: Dragonite|move: Roost\n|\n|upkeep\n|turn|25\n|j| Malanaki\n|\n|t:|1666052176\n|move|p1a: CAPALA|Roost|p1a: CAPALA\n|-heal|p1a: CAPALA|92\/100\n|-singleturn|p1a: CAPALA|move: Roost\n|move|p2a: Dragonite|Ice Beam|p1a: CAPALA\n|-damage|p1a: CAPALA|71\/100\n|\n|upkeep\n|turn|26\n|\n|t:|1666052183\n|move|p1a: CAPALA|Volt Switch|p2a: Dragonite\n|-damage|p2a: Dragonite|89\/100\n|l| Malanaki\n|\n|t:|1666052192\n|switch|p1a: HORRIBLY RIGHT|Mamoswine, F|100\/100|[from]move: Volt Switch\n|-damage|p1a: HORRIBLY RIGHT|88\/100|[from] Stealth Rock\n|move|p2a: Dragonite|Ice Beam|p1a: HORRIBLY RIGHT\n|-damage|p1a: HORRIBLY RIGHT|74\/100\n|\n|upkeep\n|turn|27\n|\n|t:|1666052200\n|switch|p2a: Corviknight|Corviknight, M|100\/100 par\n|-damage|p2a: Corviknight|88\/100 par|[from] Stealth Rock\n|-ability|p2a: Corviknight|Pressure\n|move|p1a: HORRIBLY RIGHT|Knock Off|p2a: Corviknight\n|-damage|p2a: Corviknight|66\/100 par\n|-enditem|p2a: Corviknight|Shed Shell|[from] move: Knock Off|[of] p1a: HORRIBLY RIGHT\n|\n|upkeep\n|turn|28\n|\n|t:|1666052209\n|move|p1a: HORRIBLY RIGHT|Icicle Crash|p2a: Corviknight\n|-damage|p2a: Corviknight|37\/100 par\n|move|p2a: Corviknight|Roost|p2a: Corviknight\n|-heal|p2a: Corviknight|87\/100 par\n|-singleturn|p2a: Corviknight|move: Roost\n|\n|upkeep\n|turn|29\n|\n|t:|1666052214\n|move|p1a: HORRIBLY RIGHT|Icicle Crash|p2a: Corviknight|[miss]\n|-miss|p1a: HORRIBLY RIGHT|p2a: Corviknight\n|move|p2a: Corviknight|U-turn|p1a: HORRIBLY RIGHT\n|-damage|p1a: HORRIBLY RIGHT|56\/100\n|\n|t:|1666052221\n|switch|p2a: Ditto|Ditto|100\/100|[from]move: U-turn\n|-damage|p2a: Ditto|88\/100|[from] Stealth Rock\n|-transform|p2a: Ditto|p1a: HORRIBLY RIGHT|[from] ability: Imposter\n|\n|upkeep\n|turn|30\n|\n|t:|1666052232\n|switch|p1a: SPINE CURVES|Ferrothorn, F|67\/100 par\n|-damage|p1a: SPINE CURVES|61\/100 par|[from] Stealth Rock\n|move|p2a: Ditto|Icicle Crash|p1a: SPINE CURVES\n|-damage|p1a: SPINE CURVES|38\/100 par\n|\n|-heal|p1a: SPINE CURVES|44\/100 par|[from] item: Leftovers\n|upkeep\n|turn|31\n|\n|t:|1666052240\n|switch|p2a: Buzzwole|Buzzwole|77\/100\n|-damage|p2a: Buzzwole|64\/100|[from] Stealth Rock\n|switch|p1a: SEA CHANGE|Primarina, F|88\/100\n|-damage|p1a: SEA CHANGE|75\/100|[from] Stealth Rock\n|\n|-heal|p2a: Buzzwole|70\/100|[from] item: Leftovers\n|-heal|p1a: SEA CHANGE|81\/100|[from] item: Leftovers\n|upkeep\n|turn|32\n|l| nian9\n|\n|t:|1666052257\n|switch|p2a: Blissey|Blissey, F|63\/100\n|move|p1a: SEA CHANGE|Calm Mind|p1a: SEA CHANGE\n|-boost|p1a: SEA CHANGE|spa|1\n|-boost|p1a: SEA CHANGE|spd|1\n|\n|-heal|p1a: SEA CHANGE|87\/100|[from] item: Leftovers\n|upkeep\n|turn|33\n|\n|t:|1666052264\n|move|p1a: SEA CHANGE|Substitute|p1a: SEA CHANGE\n|-start|p1a: SEA CHANGE|Substitute\n|-damage|p1a: SEA CHANGE|62\/100\n|move|p2a: Blissey|Soft-Boiled|p2a: Blissey\n|-heal|p2a: Blissey|100\/100\n|\n|-heal|p1a: SEA CHANGE|69\/100|[from] item: Leftovers\n|upkeep\n|turn|34\n|\n|t:|1666052267\n|move|p1a: SEA CHANGE|Scald|p2a: Blissey\n|-damage|p2a: Blissey|82\/100\n|move|p2a: Blissey|Seismic Toss|p1a: SEA CHANGE\n|-end|p1a: SEA CHANGE|Substitute\n|\n|-heal|p1a: SEA CHANGE|75\/100|[from] item: Leftovers\n|upkeep\n|turn|35\n|\n|t:|1666052273\n|switch|p1a: CAPALA|Zapdos|71\/100\n|move|p2a: Blissey|Seismic Toss|p1a: CAPALA\n|-damage|p1a: CAPALA|45\/100\n|\n|upkeep\n|turn|36\n|\n|t:|1666052280\n|move|p1a: CAPALA|Roost|p1a: CAPALA\n|-heal|p1a: CAPALA|95\/100\n|-singleturn|p1a: CAPALA|move: Roost\n|move|p2a: Blissey|Seismic Toss|p1a: CAPALA\n|-damage|p1a: CAPALA|69\/100\n|\n|upkeep\n|turn|37\n|\n|t:|1666052288\n|move|p1a: CAPALA|Hurricane|p2a: Blissey\n|-damage|p2a: Blissey|65\/100\n|move|p2a: Blissey|Soft-Boiled|p2a: Blissey\n|-heal|p2a: Blissey|100\/100\n|\n|upkeep\n|turn|38\n|\n|t:|1666052295\n|move|p1a: CAPALA|Roost|p1a: CAPALA\n|-heal|p1a: CAPALA|100\/100\n|-singleturn|p1a: CAPALA|move: Roost\n|move|p2a: Blissey|Seismic Toss|p1a: CAPALA\n|-damage|p1a: CAPALA|74\/100\n|\n|upkeep\n|turn|39\n|\n|t:|1666052301\n|move|p1a: CAPALA|Hurricane|p2a: Blissey\n|-damage|p2a: Blissey|84\/100\n|-start|p2a: Blissey|confusion\n|-activate|p2a: Blissey|confusion\n|-damage|p2a: Blissey|83\/100|[from] confusion\n|\n|upkeep\n|turn|40\n|c|\u2606OUTD Rose|-1% lol\n|\n|t:|1666052334\n|move|p1a: CAPALA|Roost|p1a: CAPALA\n|-heal|p1a: CAPALA|100\/100\n|-singleturn|p1a: CAPALA|move: Roost\n|-end|p2a: Blissey|confusion\n|move|p2a: Blissey|Seismic Toss|p1a: CAPALA\n|-damage|p1a: CAPALA|74\/100\n|\n|upkeep\n|turn|41\n|\n|t:|1666052342\n|move|p1a: CAPALA|Volt Switch|p2a: Blissey\n|-damage|p2a: Blissey|72\/100\n|\n|t:|1666052345\n|switch|p1a: TESSELATE|Latios, M|100\/100|[from]move: Volt Switch\n|-damage|p1a: TESSELATE|88\/100|[from] Stealth Rock\n|move|p2a: Blissey|Seismic Toss|p1a: TESSELATE\n|-damage|p1a: TESSELATE|55\/100\n|\n|upkeep\n|turn|42\n|\n|t:|1666052355\n|switch|p2a: Corviknight|Corviknight, M|87\/100 par\n|-damage|p2a: Corviknight|74\/100 par|[from] Stealth Rock\n|-ability|p2a: Corviknight|Pressure\n|move|p1a: TESSELATE|Trick|p2a: Corviknight\n|-activate|p1a: TESSELATE|move: Trick|[of] p2a: Corviknight\n|-item|p2a: Corviknight|Choice Scarf|[from] move: Trick\n|-enditem|p1a: TESSELATE|Choice Scarf|[silent]|[from] move: Trick\n|\n|upkeep\n|turn|43\n|\n|t:|1666052367\n|switch|p1a: CAPALA|Zapdos|74\/100\n|move|p2a: Corviknight|U-turn|p1a: CAPALA\n|-resisted|p1a: CAPALA\n|-damage|p1a: CAPALA|68\/100\n|\n|t:|1666052378\n|switch|p2a: Dragonite|Dragonite, F|89\/100|[from]move: U-turn\n|\n|upkeep\n|turn|44\n|\n|t:|1666052387\n|move|p1a: CAPALA|Volt Switch|p2a: Dragonite\n|-damage|p2a: Dragonite|61\/100\n|\n|t:|1666052395\n|switch|p1a: SPINE CURVES|Ferrothorn, F|44\/100 par|[from]move: Volt Switch\n|-damage|p1a: SPINE CURVES|38\/100 par|[from] Stealth Rock\n|move|p2a: Dragonite|Earthquake|p1a: SPINE CURVES\n|-damage|p1a: SPINE CURVES|19\/100 par\n|\n|-heal|p1a: SPINE CURVES|25\/100 par|[from] item: Leftovers\n|upkeep\n|turn|45\n|\n|t:|1666052404\n|move|p2a: Dragonite|Roost|p2a: Dragonite\n|-heal|p2a: Dragonite|100\/100\n|-singleturn|p2a: Dragonite|move: Roost\n|move|p1a: SPINE CURVES|Leech Seed|p2a: Dragonite\n|-start|p2a: Dragonite|move: Leech Seed\n|\n|-heal|p1a: SPINE CURVES|31\/100 par|[from] item: Leftovers\n|-damage|p2a: Dragonite|88\/100|[from] Leech Seed|[of] p1a: SPINE CURVES\n|-heal|p1a: SPINE CURVES|45\/100 par|[silent]\n|upkeep\n|turn|46\n|\n|t:|1666052414\n|switch|p2a: Buzzwole|Buzzwole|70\/100\n|-damage|p2a: Buzzwole|58\/100|[from] Stealth Rock\n|move|p1a: SPINE CURVES|Leech Seed|p2a: Buzzwole\n|-start|p2a: Buzzwole|move: Leech Seed\n|\n|-heal|p2a: Buzzwole|64\/100|[from] item: Leftovers\n|-heal|p1a: SPINE CURVES|51\/100 par|[from] item: Leftovers\n|-damage|p2a: Buzzwole|51\/100|[from] Leech Seed|[of] p1a: SPINE CURVES\n|-heal|p1a: SPINE CURVES|65\/100 par|[silent]\n|upkeep\n|turn|47\n|\n|t:|1666052434\n|switch|p2a: Dragonite|Dragonite, F|88\/100\n|switch|p1a: HOT THOUGHTS|Victini|37\/100\n|\n|upkeep\n|turn|48\n|\n|t:|1666052442\n|move|p1a: HOT THOUGHTS|U-turn|p2a: Dragonite\n|-resisted|p2a: Dragonite\n|-damage|p2a: Dragonite|81\/100\n|\n|t:|1666052445\n|switch|p1a: SPINE CURVES|Ferrothorn, F|65\/100 par|[from]move: U-turn\n|-damage|p1a: SPINE CURVES|59\/100 par|[from] Stealth Rock\n|move|p2a: Dragonite|Roost|p2a: Dragonite\n|-heal|p2a: Dragonite|100\/100\n|-singleturn|p2a: Dragonite|move: Roost\n|\n|-heal|p1a: SPINE CURVES|65\/100 par|[from] item: Leftovers\n|upkeep\n|turn|49\n|j| Ferchula123\n|\n|t:|1666052453\n|switch|p2a: Buzzwole|Buzzwole|51\/100\n|-damage|p2a: Buzzwole|39\/100|[from] Stealth Rock\n|move|p1a: SPINE CURVES|Leech Seed|p2a: Buzzwole\n|-start|p2a: Buzzwole|move: Leech Seed\n|\n|-heal|p2a: Buzzwole|45\/100|[from] item: Leftovers\n|-heal|p1a: SPINE CURVES|71\/100 par|[from] item: Leftovers\n|-damage|p2a: Buzzwole|33\/100|[from] Leech Seed|[of] p1a: SPINE CURVES\n|-heal|p1a: SPINE CURVES|85\/100 par|[silent]\n|upkeep\n|turn|50\n|\n|t:|1666052466\n|switch|p2a: Ditto|Ditto|88\/100\n|-damage|p2a: Ditto|76\/100|[from] Stealth Rock\n|-transform|p2a: Ditto|p1a: SPINE CURVES|[from] ability: Imposter\n|switch|p1a: HOT THOUGHTS|Victini|37\/100\n|\n|upkeep\n|turn|51\n|\n|t:|1666052477\n|switch|p2a: Dragonite|Dragonite, F|100\/100\n|move|p1a: HOT THOUGHTS|V-create|p2a: Dragonite\n|-resisted|p2a: Dragonite\n|-damage|p2a: Dragonite|88\/100\n|-unboost|p1a: HOT THOUGHTS|spe|1\n|-unboost|p1a: HOT THOUGHTS|def|1\n|-unboost|p1a: HOT THOUGHTS|spd|1\n|\n|upkeep\n|turn|52\n|\n|t:|1666052492\n|switch|p1a: CAPALA|Zapdos|68\/100\n|move|p2a: Dragonite|Heal Bell|p2a: Dragonite\n|-activate|p2a: Dragonite|move: Heal Bell\n|-curestatus|p2: Corviknight|par|[msg]\n|\n|upkeep\n|turn|53\n|\n|t:|1666052505\n|move|p1a: CAPALA|Defog|p2a: Dragonite\n|-unboost|p2a: Dragonite|evasion|1\n|-sideend|p2: Aim on mai wei|Stealth Rock|[from] move: Defog|[of] p1a: CAPALA\n|-sideend|p1: OUTD Rose|Stealth Rock|[from] move: Defog|[of] p1a: CAPALA\n|move|p2a: Dragonite|Roost|p2a: Dragonite\n|-heal|p2a: Dragonite|100\/100\n|-singleturn|p2a: Dragonite|move: Roost\n|\n|upkeep\n|turn|54\n|\n|t:|1666052515\n|move|p1a: CAPALA|Volt Switch|p2a: Dragonite\n|-damage|p2a: Dragonite|87\/100\n|\n|t:|1666052519\n|switch|p1a: HORRIBLY RIGHT|Mamoswine, F|56\/100|[from]move: Volt Switch\n|move|p2a: Dragonite|Ice Beam|p1a: HORRIBLY RIGHT\n|-damage|p1a: HORRIBLY RIGHT|42\/100\n|\n|upkeep\n|turn|55\n|\n|t:|1666052527\n|switch|p2a: Corviknight|Corviknight, M|74\/100\n|-ability|p2a: Corviknight|Pressure\n|move|p1a: HORRIBLY RIGHT|Icicle Crash|p2a: Corviknight\n|-damage|p2a: Corviknight|44\/100\n|\n|upkeep\n|turn|56\n|j| god of joe\n|\n|t:|1666052535\n|move|p1a: HORRIBLY RIGHT|Icicle Crash|p2a: Corviknight\n|-damage|p2a: Corviknight|17\/100\n|cant|p2a: Corviknight|flinch\n|\n|upkeep\n|turn|57\n|\n|t:|1666052549\n|move|p1a: HORRIBLY RIGHT|Icicle Crash|p2a: Corviknight\n|-crit|p2a: Corviknight\n|-damage|p2a: Corviknight|0 fnt\n|faint|p2a: Corviknight\n|\n|upkeep\n|\n|t:|1666052555\n|switch|p2a: Ditto|Ditto|76\/100\n|-transform|p2a: Ditto|p1a: HORRIBLY RIGHT|[from] ability: Imposter\n|turn|58\n|\n|t:|1666052572\n|switch|p1a: SPINE CURVES|Ferrothorn, F|85\/100 par\n|move|p2a: Ditto|Earthquake|p1a: SPINE CURVES\n|-damage|p1a: SPINE CURVES|54\/100 par\n|\n|-heal|p1a: SPINE CURVES|60\/100 par|[from] item: Leftovers\n|upkeep\n|turn|59\n|\n|t:|1666052580\n|switch|p2a: Buzzwole|Buzzwole|33\/100\n|cant|p1a: SPINE CURVES|par\n|\n|-heal|p2a: Buzzwole|39\/100|[from] item: Leftovers\n|-heal|p1a: SPINE CURVES|66\/100 par|[from] item: Leftovers\n|upkeep\n|turn|60\n|\n|t:|1666052593\n|move|p2a: Buzzwole|Ice Punch|p1a: SPINE CURVES\n|-damage|p1a: SPINE CURVES|50\/100 par\n|-damage|p2a: Buzzwole|26\/100|[from] ability: Iron Barbs|[of] p1a: SPINE CURVES\n|cant|p1a: SPINE CURVES|par\n|\n|-heal|p2a: Buzzwole|32\/100|[from] item: Leftovers\n|-heal|p1a: SPINE CURVES|55\/100 par|[from] item: Leftovers\n|upkeep\n|turn|61\n|\n|t:|1666052600\n|switch|p1a: CAPALA|Zapdos|68\/100\n|move|p2a: Buzzwole|Drain Punch|p1a: CAPALA\n|-resisted|p1a: CAPALA\n|-damage|p1a: CAPALA|50\/100\n|-heal|p2a: Buzzwole|41\/100|[from] drain|[of] p1a: CAPALA\n|\n|-heal|p2a: Buzzwole|47\/100|[from] item: Leftovers\n|upkeep\n|turn|62\n|\n|t:|1666052607\n|switch|p2a: Blissey|Blissey, F|72\/100\n|move|p1a: CAPALA|Volt Switch|p2a: Blissey\n|-damage|p2a: Blissey|60\/100\n|\n|t:|1666052610\n|switch|p1a: HOT THOUGHTS|Victini|37\/100|[from]move: Volt Switch\n|\n|upkeep\n|turn|63\n|\n|t:|1666052618\n|switch|p2a: Ditto|Ditto|76\/100\n|-transform|p2a: Ditto|p1a: HOT THOUGHTS|[from] ability: Imposter\n|move|p1a: HOT THOUGHTS|V-create|p2a: Ditto\n|-resisted|p2a: Ditto\n|-damage|p2a: Ditto|30\/100\n|-unboost|p1a: HOT THOUGHTS|spe|1\n|-unboost|p1a: HOT THOUGHTS|def|1\n|-unboost|p1a: HOT THOUGHTS|spd|1\n|\n|upkeep\n|turn|64\n|\n|t:|1666052635\n|switch|p1a: TESSELATE|Latios, M|55\/100\n|move|p2a: Ditto|V-create|p1a: TESSELATE\n|-resisted|p1a: TESSELATE\n|-damage|p1a: TESSELATE|6\/100\n|-unboost|p2a: Ditto|spe|1\n|-unboost|p2a: Ditto|def|1\n|-unboost|p2a: Ditto|spd|1\n|\n|upkeep\n|turn|65\n|\n|t:|1666052645\n|switch|p2a: Blissey|Blissey, F|60\/100\n|move|p1a: TESSELATE|Trick|p2a: Blissey\n|-activate|p1a: TESSELATE|move: Trick|[of] p2a: Blissey\n|-enditem|p2a: Blissey|Heavy-Duty Boots|[silent]|[from] move: Trick\n|-item|p1a: TESSELATE|Heavy-Duty Boots|[from] move: Trick\n|\n|upkeep\n|turn|66\n|\n|t:|1666052659\n|switch|p1a: SPINE CURVES|Ferrothorn, F|55\/100 par\n|move|p2a: Blissey|Soft-Boiled|p2a: Blissey\n|-heal|p2a: Blissey|100\/100\n|\n|-heal|p1a: SPINE CURVES|61\/100 par|[from] item: Leftovers\n|upkeep\n|turn|67\n|\n|t:|1666052667\n|move|p2a: Blissey|Stealth Rock|p1a: SPINE CURVES\n|-sidestart|p1: OUTD Rose|move: Stealth Rock\n|move|p1a: SPINE CURVES|Stealth Rock|p2a: Blissey\n|-sidestart|p2: Aim on mai wei|move: Stealth Rock\n|\n|-heal|p1a: SPINE CURVES|67\/100 par|[from] item: Leftovers\n|upkeep\n|turn|68\n|\n|t:|1666052671\n|switch|p2a: Buzzwole|Buzzwole|47\/100\n|-damage|p2a: Buzzwole|35\/100|[from] Stealth Rock\n|move|p1a: SPINE CURVES|Leech Seed|p2a: Buzzwole\n|-start|p2a: Buzzwole|move: Leech Seed\n|\n|-heal|p2a: Buzzwole|41\/100|[from] item: Leftovers\n|-heal|p1a: SPINE CURVES|73\/100 par|[from] item: Leftovers\n|-damage|p2a: Buzzwole|28\/100|[from] Leech Seed|[of] p1a: SPINE CURVES\n|-heal|p1a: SPINE CURVES|87\/100 par|[silent]\n|upkeep\n|turn|69\n|j| akuyaVietNam\n|\n|t:|1666052681\n|switch|p1a: HOT THOUGHTS|Victini|37\/100\n|move|p2a: Buzzwole|Drain Punch|p1a: HOT THOUGHTS\n|-resisted|p1a: HOT THOUGHTS\n|-damage|p1a: HOT THOUGHTS|13\/100\n|-heal|p2a: Buzzwole|39\/100|[from] drain|[of] p1a: HOT THOUGHTS\n|\n|-heal|p2a: Buzzwole|45\/100|[from] item: Leftovers\n|-damage|p2a: Buzzwole|33\/100|[from] Leech Seed|[of] p1a: HOT THOUGHTS\n|-heal|p1a: HOT THOUGHTS|27\/100|[silent]\n|upkeep\n|turn|70\n|\n|t:|1666052711\n|switch|p2a: Dragonite|Dragonite, F|87\/100\n|move|p1a: HOT THOUGHTS|V-create|p2a: Dragonite\n|-resisted|p2a: Dragonite\n|-damage|p2a: Dragonite|61\/100\n|-unboost|p1a: HOT THOUGHTS|spe|1\n|-unboost|p1a: HOT THOUGHTS|def|1\n|-unboost|p1a: HOT THOUGHTS|spd|1\n|\n|upkeep\n|turn|71\n|\n|t:|1666052718\n|switch|p1a: SPINE CURVES|Ferrothorn, F|87\/100 par\n|-damage|p1a: SPINE CURVES|81\/100 par|[from] Stealth Rock\n|move|p2a: Dragonite|Roost|p2a: Dragonite\n|-heal|p2a: Dragonite|100\/100\n|-singleturn|p2a: Dragonite|move: Roost\n|\n|-heal|p1a: SPINE CURVES|87\/100 par|[from] item: Leftovers\n|upkeep\n|turn|72\n|\n|t:|1666052729\n|switch|p2a: Buzzwole|Buzzwole|33\/100\n|-damage|p2a: Buzzwole|20\/100|[from] Stealth Rock\n|cant|p1a: SPINE CURVES|par\n|\n|-heal|p2a: Buzzwole|26\/100|[from] item: Leftovers\n|-heal|p1a: SPINE CURVES|93\/100 par|[from] item: Leftovers\n|upkeep\n|turn|73\n|\n|t:|1666052736\n|switch|p1a: SEA CHANGE|Primarina, F|75\/100\n|-damage|p1a: SEA CHANGE|62\/100|[from] Stealth Rock\n|move|p2a: Buzzwole|Drain Punch|p1a: SEA CHANGE\n|-resisted|p1a: SEA CHANGE\n|-damage|p1a: SEA CHANGE|35\/100\n|-heal|p2a: Buzzwole|39\/100|[from] drain|[of] p1a: SEA CHANGE\n|\n|-heal|p2a: Buzzwole|45\/100|[from] item: Leftovers\n|-heal|p1a: SEA CHANGE|41\/100|[from] item: Leftovers\n|upkeep\n|turn|74\n|\n|t:|1666052744\n|switch|p2a: Blissey|Blissey, F|100\/100\n|-damage|p2a: Blissey|88\/100|[from] Stealth Rock\n|move|p1a: SEA CHANGE|Scald|p2a: Blissey\n|-damage|p2a: Blissey|77\/100\n|\n|-heal|p1a: SEA CHANGE|47\/100|[from] item: Leftovers\n|upkeep\n|turn|75\n|l| Ferchula123\n|\n|t:|1666052758\n|switch|p1a: CAPALA|Zapdos|50\/100\n|switch|p2a: Buzzwole|Buzzwole|45\/100\n|-damage|p2a: Buzzwole|33\/100|[from] Stealth Rock\n|\n|-heal|p2a: Buzzwole|39\/100|[from] item: Leftovers\n|upkeep\n|turn|76\n|\n|t:|1666052766\n|move|p1a: CAPALA|Roost|p1a: CAPALA\n|-heal|p1a: CAPALA|99\/100\n|-singleturn|p1a: CAPALA|move: Roost\n|move|p2a: Buzzwole|Drain Punch|p1a: CAPALA\n|-damage|p1a: CAPALA|66\/100\n|-heal|p2a: Buzzwole|55\/100|[from] drain|[of] p1a: CAPALA\n|-status|p2a: Buzzwole|par|[from] ability: Static|[of] p1a: CAPALA\n|\n|-heal|p2a: Buzzwole|61\/100 par|[from] item: Leftovers\n|upkeep\n|turn|77\n|\n|t:|1666052777\n|switch|p2a: Blissey|Blissey, F|77\/100\n|-damage|p2a: Blissey|64\/100|[from] Stealth Rock\n|move|p1a: CAPALA|Volt Switch|p2a: Blissey\n|-damage|p2a: Blissey|53\/100\n|\n|t:|1666052788\n|switch|p1a: HOT THOUGHTS|Victini|27\/100|[from]move: Volt Switch\n|\n|upkeep\n|turn|78\n|\n|t:|1666052792\n|switch|p2a: Dragonite|Dragonite, F|100\/100\n|move|p1a: HOT THOUGHTS|U-turn|p2a: Dragonite\n|-resisted|p2a: Dragonite\n|-damage|p2a: Dragonite|97\/100\n|\n|t:|1666052796\n|switch|p1a: HORRIBLY RIGHT|Mamoswine, F|42\/100|[from]move: U-turn\n|-damage|p1a: HORRIBLY RIGHT|29\/100|[from] Stealth Rock\n|\n|upkeep\n|turn|79\n|\n|t:|1666052805\n|move|p1a: HORRIBLY RIGHT|Icicle Crash|p2a: Dragonite\n|-supereffective|p2a: Dragonite\n|-damage|p2a: Dragonite|0 fnt\n|faint|p2a: Dragonite\n|\n|upkeep\n|\n|t:|1666052812\n|switch|p2a: Buzzwole|Buzzwole|61\/100 par\n|-damage|p2a: Buzzwole|49\/100 par|[from] Stealth Rock\n|turn|80\n|\n|t:|1666052821\n|switch|p1a: SEA CHANGE|Primarina, F|47\/100\n|-damage|p1a: SEA CHANGE|35\/100|[from] Stealth Rock\n|move|p2a: Buzzwole|Drain Punch|p1a: SEA CHANGE\n|-resisted|p1a: SEA CHANGE\n|-damage|p1a: SEA CHANGE|8\/100\n|-heal|p2a: Buzzwole|61\/100 par|[from] drain|[of] p1a: SEA CHANGE\n|\n|-heal|p1a: SEA CHANGE|14\/100|[from] item: Leftovers\n|-heal|p2a: Buzzwole|67\/100 par|[from] item: Leftovers\n|upkeep\n|turn|81\n|\n|t:|1666052828\n|switch|p2a: Blissey|Blissey, F|53\/100\n|-damage|p2a: Blissey|41\/100|[from] Stealth Rock\n|move|p1a: SEA CHANGE|Moonblast|p2a: Blissey\n|-damage|p2a: Blissey|26\/100\n|-unboost|p2a: Blissey|spa|1\n|\n|-heal|p1a: SEA CHANGE|20\/100|[from] item: Leftovers\n|upkeep\n|turn|82\n|\n|t:|1666052832\n|move|p1a: SEA CHANGE|Scald|p2a: Blissey\n|-damage|p2a: Blissey|8\/100\n|move|p2a: Blissey|Soft-Boiled|p2a: Blissey\n|-heal|p2a: Blissey|58\/100\n|\n|-heal|p1a: SEA CHANGE|26\/100|[from] item: Leftovers\n|upkeep\n|turn|83\n|\n|t:|1666052839\n|switch|p1a: SPINE CURVES|Ferrothorn, F|93\/100 par\n|-damage|p1a: SPINE CURVES|87\/100 par|[from] Stealth Rock\n|move|p2a: Blissey|Soft-Boiled|p2a: Blissey\n|-heal|p2a: Blissey|100\/100\n|\n|-heal|p1a: SPINE CURVES|93\/100 par|[from] item: Leftovers\n|upkeep\n|turn|84\n|\n|t:|1666052845\n|switch|p2a: Buzzwole|Buzzwole|67\/100 par\n|-damage|p2a: Buzzwole|55\/100 par|[from] Stealth Rock\n|move|p1a: SPINE CURVES|Leech Seed|p2a: Buzzwole\n|-start|p2a: Buzzwole|move: Leech Seed\n|\n|-heal|p2a: Buzzwole|61\/100 par|[from] item: Leftovers\n|-heal|p1a: SPINE CURVES|99\/100 par|[from] item: Leftovers\n|-damage|p2a: Buzzwole|48\/100 par|[from] Leech Seed|[of] p1a: SPINE CURVES\n|-heal|p1a: SPINE CURVES|100\/100 par|[silent]\n|upkeep\n|turn|85\n|\n|t:|1666052848\n|switch|p1a: CAPALA|Zapdos|66\/100\n|move|p2a: Buzzwole|Drain Punch|p1a: CAPALA\n|-resisted|p1a: CAPALA\n|-damage|p1a: CAPALA|50\/100\n|-heal|p2a: Buzzwole|56\/100 par|[from] drain|[of] p1a: CAPALA\n|\n|-heal|p2a: Buzzwole|62\/100 par|[from] item: Leftovers\n|-damage|p2a: Buzzwole|50\/100 par|[from] Leech Seed|[of] p1a: CAPALA\n|-heal|p1a: CAPALA|63\/100|[silent]\n|upkeep\n|turn|86\n|j| ty-tyui\u21bb\n|\n|t:|1666052855\n|move|p1a: CAPALA|Roost|p1a: CAPALA\n|-heal|p1a: CAPALA|100\/100\n|-singleturn|p1a: CAPALA|move: Roost\n|move|p2a: Buzzwole|Drain Punch|p1a: CAPALA\n|-damage|p1a: CAPALA|64\/100\n|-heal|p2a: Buzzwole|67\/100 par|[from] drain|[of] p1a: CAPALA\n|\n|-heal|p2a: Buzzwole|74\/100 par|[from] item: Leftovers\n|-damage|p2a: Buzzwole|61\/100 par|[from] Leech Seed|[of] p1a: CAPALA\n|-heal|p1a: CAPALA|77\/100|[silent]\n|upkeep\n|turn|87\n|\n|t:|1666052865\n|switch|p2a: Blissey|Blissey, F|100\/100\n|-damage|p2a: Blissey|88\/100|[from] Stealth Rock\n|move|p1a: CAPALA|Hurricane|p2a: Blissey\n|-damage|p2a: Blissey|71\/100\n|\n|upkeep\n|turn|88\n|\n|t:|1666052871\n|move|p1a: CAPALA|Volt Switch|p2a: Blissey\n|-damage|p2a: Blissey|60\/100\n|\n|t:|1666052874\n|switch|p1a: SPINE CURVES|Ferrothorn, F|100\/100 par|[from]move: Volt Switch\n|-damage|p1a: SPINE CURVES|95\/100 par|[from] Stealth Rock\n|move|p2a: Blissey|Soft-Boiled|p2a: Blissey\n|-heal|p2a: Blissey|100\/100\n|\n|-heal|p1a: SPINE CURVES|100\/100 par|[from] item: Leftovers\n|upkeep\n|turn|89\n|j| goaway12309\n|\n|t:|1666052880\n|switch|p2a: Buzzwole|Buzzwole|61\/100 par\n|-damage|p2a: Buzzwole|49\/100 par|[from] Stealth Rock\n|cant|p1a: SPINE CURVES|par\n|\n|-heal|p2a: Buzzwole|55\/100 par|[from] item: Leftovers\n|upkeep\n|turn|90\n|\n|t:|1666052893\n|move|p2a: Buzzwole|Ice Punch|p1a: SPINE CURVES\n|-damage|p1a: SPINE CURVES|84\/100 par\n|-damage|p2a: Buzzwole|42\/100 par|[from] ability: Iron Barbs|[of] p1a: SPINE CURVES\n|move|p1a: SPINE CURVES|Leech Seed|p2a: Buzzwole\n|-start|p2a: Buzzwole|move: Leech Seed\n|\n|-heal|p2a: Buzzwole|48\/100 par|[from] item: Leftovers\n|-heal|p1a: SPINE CURVES|90\/100 par|[from] item: Leftovers\n|-damage|p2a: Buzzwole|36\/100 par|[from] Leech Seed|[of] p1a: SPINE CURVES\n|-heal|p1a: SPINE CURVES|100\/100 par|[silent]\n|upkeep\n|turn|91\n|\n|t:|1666052900\n|switch|p1a: CAPALA|Zapdos|77\/100\n|move|p2a: Buzzwole|Drain Punch|p1a: CAPALA\n|-resisted|p1a: CAPALA\n|-damage|p1a: CAPALA|61\/100\n|-heal|p2a: Buzzwole|44\/100 par|[from] drain|[of] p1a: CAPALA\n|\n|-heal|p2a: Buzzwole|50\/100 par|[from] item: Leftovers\n|-damage|p2a: Buzzwole|38\/100 par|[from] Leech Seed|[of] p1a: CAPALA\n|-heal|p1a: CAPALA|73\/100|[silent]\n|upkeep\n|turn|92\n|l| akuyaVietNam\n|\n|t:|1666052909\n|switch|p2a: Blissey|Blissey, F|100\/100\n|-damage|p2a: Blissey|88\/100|[from] Stealth Rock\n|move|p1a: CAPALA|Volt Switch|p2a: Blissey\n|-damage|p2a: Blissey|78\/100\n|j| lingjolunojobana\n|\n|t:|1666052920\n|switch|p1a: HORRIBLY RIGHT|Mamoswine, F|29\/100|[from]move: Volt Switch\n|-damage|p1a: HORRIBLY RIGHT|17\/100|[from] Stealth Rock\n|\n|upkeep\n|turn|93\n|\n|t:|1666052926\n|move|p1a: HORRIBLY RIGHT|Earthquake|p2a: Blissey\n|-damage|p2a: Blissey|29\/100\n|move|p2a: Blissey|Seismic Toss|p1a: HORRIBLY RIGHT\n|-damage|p1a: HORRIBLY RIGHT|0 fnt\n|faint|p1a: HORRIBLY RIGHT\n|\n|upkeep\n|\n|t:|1666052930\n|switch|p1a: HOT THOUGHTS|Victini|27\/100\n|turn|94\n|\n|t:|1666052934\n|move|p1a: HOT THOUGHTS|V-create|p2a: Blissey\n|-damage|p2a: Blissey|0 fnt\n|-unboost|p1a: HOT THOUGHTS|spe|1\n|-unboost|p1a: HOT THOUGHTS|def|1\n|-unboost|p1a: HOT THOUGHTS|spd|1\n|faint|p2a: Blissey\n|\n|upkeep\n|\n|t:|1666052937\n|switch|p2a: Ditto|Ditto|30\/100\n|-damage|p2a: Ditto|18\/100|[from] Stealth Rock\n|-transform|p2a: Ditto|p1a: HOT THOUGHTS|[from] ability: Imposter\n|turn|95\n|l| lingjolunojobana\n|\n|t:|1666052948\n|switch|p1a: SEA CHANGE|Primarina, F|26\/100\n|-damage|p1a: SEA CHANGE|14\/100|[from] Stealth Rock\n|move|p2a: Ditto|V-create|p1a: SEA CHANGE\n|-resisted|p1a: SEA CHANGE\n|-damage|p1a: SEA CHANGE|0 fnt\n|-unboost|p2a: Ditto|spe|1\n|-unboost|p2a: Ditto|def|1\n|-unboost|p2a: Ditto|spd|1\n|faint|p1a: SEA CHANGE\n|\n|upkeep\n|\n|t:|1666052956\n|switch|p1a: TESSELATE|Latios, M|6\/100\n|turn|96\n|j| Wiimicks\n|\n|t:|1666052960\n|switch|p2a: Buzzwole|Buzzwole|38\/100 par\n|-damage|p2a: Buzzwole|25\/100 par|[from] Stealth Rock\n|move|p1a: TESSELATE|Psychic|p2a: Buzzwole\n|-supereffective|p2a: Buzzwole\n|-damage|p2a: Buzzwole|0 fnt\n|faint|p2a: Buzzwole\n|\n|upkeep\n|\n|t:|1666052963\n|switch|p2a: Ditto|Ditto|18\/100\n|-damage|p2a: Ditto|6\/100|[from] Stealth Rock\n|-transform|p2a: Ditto|p1a: TESSELATE|[from] ability: Imposter\n|turn|97\n|\n|t:|1666052977\n|move|p2a: Ditto|Psychic|p1a: TESSELATE\n|-resisted|p1a: TESSELATE\n|-damage|p1a: TESSELATE|0 fnt\n|faint|p1a: TESSELATE\n|\n|upkeep\n|\n|t:|1666052980\n|switch|p1a: SPINE CURVES|Ferrothorn, F|100\/100 par\n|-damage|p1a: SPINE CURVES|95\/100 par|[from] Stealth Rock\n|turn|98\n|\n|t:|1666052983\n|move|p2a: Ditto|Psychic|p1a: SPINE CURVES\n|-resisted|p1a: SPINE CURVES\n|-damage|p1a: SPINE CURVES|74\/100 par\n|move|p1a: SPINE CURVES|Body Press|p2a: Ditto\n|-resisted|p2a: Ditto\n|-damage|p2a: Ditto|0 fnt\n|faint|p2a: Ditto\n|\n|win|OUTD Rose\n|raw|OUTD Rose's rating: 1738 &rarr; <strong>1759<\/strong><br \/>(+21 for winning)\n|raw|Aim on mai wei's rating: 1761 &rarr; <strong>1740<\/strong><br \/>(-21 for losing)\n|c|\u2606OUTD Rose|gg\n|l| goaway12309\n|l|\u2606Aim on mai wei\n|l| monkaSaur\n|l| ty-tyui\u21bb\n||Ladder isn't responding, score probably updated but might not have (Request timeout).\n","uploadtime":1666053001,"views":35,"p1id":"outdrose","p2id":"aimonmaiwei","formatid":"gen8ou","rating":1740,"private":0,"password":null}