{"id":"gen8ou-1602759243","p1":"dracaufeu shiny","p2":"30orless","format":"gen8ou","log":"|j|\u2606dracaufeu shiny\n|j|\u260630orless\n|t:|1656013786\n|gametype|singles\n|player|p1|dracaufeu shiny|red|1539\n|player|p2|30orless|170|1558\n|teamsize|p1|6\n|teamsize|p2|6\n|gen|8\n|tier|[Gen 8] OU\n|rated|\n|rule|Sleep Clause Mod: Limit one foe put to sleep\n|rule|Species Clause: Limit one of each Pok\u00e9mon\n|rule|OHKO Clause: OHKO moves are banned\n|rule|Evasion Moves Clause: Evasion moves are banned\n|rule|Endless Battle Clause: Forcing endless battles is banned\n|rule|HP Percentage Mod: HP is shown in percentages\n|rule|Dynamax Clause: You cannot dynamax\n|clearpoke\n|poke|p1|Hippowdon, F|\n|poke|p1|Excadrill, F|\n|poke|p1|Dracozolt|\n|poke|p1|Clefable, M|\n|poke|p1|Corviknight, F|\n|poke|p1|Tyranitar, F|\n|poke|p2|Arctozolt|\n|poke|p2|Hydreigon, M|\n|poke|p2|Blaziken, M|\n|poke|p2|Volcanion|\n|poke|p2|Ninetales-Alola, M|\n|poke|p2|Mamoswine, M|\n|teampreview\n|inactive|Battle timer is ON: inactive players will automatically lose when time's up. (requested by 30orless)\n|\n|t:|1656013800\n|start\n|switch|p1a: Hippowdon|Hippowdon, F|100\/100\n|switch|p2a: Arctozolt|Arctozolt|100\/100\n|-weather|Sandstorm|[from] ability: Sand Stream|[of] p1a: Hippowdon\n|turn|1\n|\n|t:|1656013811\n|switch|p1a: Corviknight|Corviknight, F|100\/100\n|-ability|p1a: Corviknight|Pressure\n|move|p2a: Arctozolt|Blizzard|p1a: Corviknight\n|-damage|p1a: Corviknight|66\/100\n|\n|-weather|Sandstorm|[upkeep]\n|-damage|p2a: Arctozolt|94\/100|[from] Sandstorm\n|upkeep\n|turn|2\n|\n|t:|1656013824\n|switch|p1a: Dracozolt|Dracozolt|100\/100\n|move|p2a: Arctozolt|Low Kick|p1a: Dracozolt\n|-damage|p1a: Dracozolt|62\/100\n|\n|-weather|Sandstorm|[upkeep]\n|-damage|p2a: Arctozolt|88\/100|[from] Sandstorm\n|upkeep\n|turn|3\n|\n|t:|1656013834\n|switch|p2a: Mamoswine|Mamoswine, M|100\/100\n|move|p1a: Dracozolt|Fire Blast|p2a: Mamoswine|[miss]\n|-miss|p1a: Dracozolt|p2a: Mamoswine\n|\n|-weather|Sandstorm|[upkeep]\n|upkeep\n|turn|4\n|\n|t:|1656013843\n|switch|p1a: Corviknight|Corviknight, F|66\/100\n|-ability|p1a: Corviknight|Pressure\n|switch|p2a: Ninetales|Ninetales-Alola, M|100\/100\n|-weather|Hail|[from] ability: Snow Warning|[of] p2a: Ninetales\n|\n|-weather|Hail|[upkeep]\n|-damage|p1a: Corviknight|59\/100|[from] Hail\n|upkeep\n|turn|5\n|\n|t:|1656013854\n|move|p2a: Ninetales|Freeze-Dry|p1a: Corviknight\n|-damage|p1a: Corviknight|37\/100\n|move|p1a: Corviknight|Roost|p1a: Corviknight\n|-heal|p1a: Corviknight|87\/100\n|-singleturn|p1a: Corviknight|move: Roost\n|\n|-weather|Hail|[upkeep]\n|-damage|p1a: Corviknight|81\/100|[from] Hail\n|upkeep\n|turn|6\n|\n|t:|1656013866\n|switch|p1a: Tyranitar|Tyranitar, F|100\/100\n|-weather|Sandstorm|[from] ability: Sand Stream|[of] p1a: Tyranitar\n|move|p2a: Ninetales|Encore||[still]\n|-fail|p2a: Ninetales\n|\n|-weather|Sandstorm|[upkeep]\n|-damage|p2a: Ninetales|95\/100|[from] Sandstorm\n|upkeep\n|turn|7\n|\n|t:|1656013878\n|switch|p2a: Mamoswine|Mamoswine, M|100\/100\n|move|p1a: Tyranitar|Stone Edge|p2a: Mamoswine\n|-damage|p2a: Mamoswine|7\/100\n|\n|-weather|Sandstorm|[upkeep]\n|upkeep\n|turn|8\n|\n|t:|1656013887\n|switch|p1a: Corviknight|Corviknight, F|81\/100\n|-ability|p1a: Corviknight|Pressure\n|move|p2a: Mamoswine|Stealth Rock|p1a: Corviknight\n|-sidestart|p1: dracaufeu shiny|move: Stealth Rock\n|\n|-weather|Sandstorm|[upkeep]\n|upkeep\n|turn|9\n|\n|t:|1656013895\n|move|p2a: Mamoswine|Icicle Crash|p1a: Corviknight\n|-damage|p1a: Corviknight|48\/100\n|move|p1a: Corviknight|Defog|p2a: Mamoswine\n|-unboost|p2a: Mamoswine|evasion|1\n|-sideend|p1: dracaufeu shiny|Stealth Rock|[from] move: Defog|[of] p1a: Corviknight\n|\n|-weather|Sandstorm|[upkeep]\n|upkeep\n|turn|10\n|\n|t:|1656013904\n|move|p2a: Mamoswine|Icicle Crash|p1a: Corviknight\n|-damage|p1a: Corviknight|16\/100\n|cant|p1a: Corviknight|flinch\n|\n|-weather|none\n|upkeep\n|turn|11\n|\n|t:|1656013912\n|move|p2a: Mamoswine|Icicle Crash|p1a: Corviknight\n|-damage|p1a: Corviknight|0 fnt\n|faint|p1a: Corviknight\n|\n|upkeep\n|\n|t:|1656013922\n|switch|p1a: Excadrill|Excadrill, F|100\/100\n|turn|12\n|\n|t:|1656013929\n|switch|p2a: Hydreigon|Hydreigon, M|100\/100\n|move|p1a: Excadrill|Iron Head|p2a: Hydreigon\n|-damage|p2a: Hydreigon|38\/100\n|-damage|p1a: Excadrill|91\/100|[from] item: Life Orb\n|\n|upkeep\n|turn|13\n|\n|t:|1656013938\n|switch|p1a: Tyranitar|Tyranitar, F|100\/100\n|-weather|Sandstorm|[from] ability: Sand Stream|[of] p1a: Tyranitar\n|move|p2a: Hydreigon|Earth Power|p1a: Tyranitar\n|-supereffective|p1a: Tyranitar\n|-damage|p1a: Tyranitar|57\/100\n|\n|-weather|Sandstorm|[upkeep]\n|-damage|p2a: Hydreigon|32\/100|[from] Sandstorm\n|upkeep\n|turn|14\n|\n|t:|1656013952\n|switch|p2a: Volcanion|Volcanion|100\/100\n|move|p1a: Tyranitar|Stone Edge|p2a: Volcanion\n|-supereffective|p2a: Volcanion\n|-crit|p2a: Volcanion\n|-damage|p2a: Volcanion|0 fnt\n|faint|p2a: Volcanion\n|\n|-weather|Sandstorm|[upkeep]\n|upkeep\n|\n|t:|1656013953\n|switch|p2a: Ninetales|Ninetales-Alola, M|95\/100\n|-weather|Hail|[from] ability: Snow Warning|[of] p2a: Ninetales\n|turn|15\n|\n|t:|1656013965\n|move|p2a: Ninetales|Freeze-Dry|p1a: Tyranitar\n|-damage|p1a: Tyranitar|34\/100\n|move|p1a: Tyranitar|Stone Edge|p2a: Ninetales\n|-supereffective|p2a: Ninetales\n|-damage|p2a: Ninetales|0 fnt\n|faint|p2a: Ninetales\n|\n|-weather|Hail|[upkeep]\n|-damage|p1a: Tyranitar|28\/100|[from] Hail\n|upkeep\n|\n|t:|1656013969\n|switch|p2a: Blaziken|Blaziken, M|100\/100\n|turn|16\n|\n|t:|1656013978\n|move|p2a: Blaziken|Vacuum Wave|p1a: Tyranitar\n|-supereffective|p1a: Tyranitar\n|-damage|p1a: Tyranitar|0 fnt\n|faint|p1a: Tyranitar\n|-damage|p2a: Blaziken|91\/100|[from] item: Life Orb\n|\n|-weather|Hail|[upkeep]\n|-damage|p2a: Blaziken|85\/100|[from] Hail\n|-ability|p2a: Blaziken|Speed Boost|boost\n|-boost|p2a: Blaziken|spe|1\n|upkeep\n|\n|t:|1656013988\n|switch|p1a: Hippowdon|Hippowdon, F|100\/100\n|-weather|Sandstorm|[from] ability: Sand Stream|[of] p1a: Hippowdon\n|turn|17\n|\n|t:|1656013993\n|switch|p2a: Mamoswine|Mamoswine, M|7\/100\n|move|p1a: Hippowdon|Stealth Rock|p2a: Mamoswine\n|-sidestart|p2: 30orless|move: Stealth Rock\n|\n|-weather|Sandstorm|[upkeep]\n|upkeep\n|turn|18\n|\n|t:|1656014000\n|move|p2a: Mamoswine|Icicle Crash|p1a: Hippowdon\n|-supereffective|p1a: Hippowdon\n|-crit|p1a: Hippowdon\n|-damage|p1a: Hippowdon|0 fnt\n|faint|p1a: Hippowdon\n|\n|-weather|Sandstorm|[upkeep]\n|upkeep\n|\n|t:|1656014010\n|switch|p1a: Excadrill|Excadrill, F|91\/100\n|turn|19\n|\n|t:|1656014014\n|move|p2a: Mamoswine|Ice Shard|p1a: Excadrill\n|-damage|p1a: Excadrill|53\/100\n|move|p1a: Excadrill|Iron Head|p2a: Mamoswine\n|-supereffective|p2a: Mamoswine\n|-crit|p2a: Mamoswine\n|-damage|p2a: Mamoswine|0 fnt\n|faint|p2a: Mamoswine\n|-damage|p1a: Excadrill|43\/100|[from] item: Life Orb\n|\n|-weather|Sandstorm|[upkeep]\n|upkeep\n|\n|t:|1656014017\n|switch|p2a: Blaziken|Blaziken, M|85\/100\n|-damage|p2a: Blaziken|72\/100|[from] Stealth Rock\n|turn|20\n|\n|t:|1656014028\n|move|p2a: Blaziken|Vacuum Wave|p1a: Excadrill\n|-supereffective|p1a: Excadrill\n|-damage|p1a: Excadrill|0 fnt\n|faint|p1a: Excadrill\n|-damage|p2a: Blaziken|62\/100|[from] item: Life Orb\n|\n|-weather|Sandstorm|[upkeep]\n|-damage|p2a: Blaziken|56\/100|[from] Sandstorm\n|-ability|p2a: Blaziken|Speed Boost|boost\n|-boost|p2a: Blaziken|spe|1\n|upkeep\n|\n|t:|1656014038\n|switch|p1a: Dracozolt|Dracozolt|62\/100\n|turn|21\n|\n|t:|1656014047\n|move|p2a: Blaziken|Vacuum Wave|p1a: Dracozolt\n|-damage|p1a: Dracozolt|29\/100\n|-damage|p2a: Blaziken|46\/100|[from] item: Life Orb\n|move|p1a: Dracozolt|Bolt Beak|p2a: Blaziken\n|-damage|p2a: Blaziken|0 fnt\n|faint|p2a: Blaziken\n|-damage|p1a: Dracozolt|20\/100|[from] item: Life Orb\n|\n|-weather|Sandstorm|[upkeep]\n|upkeep\n|\n|t:|1656014054\n|switch|p2a: Arctozolt|Arctozolt|88\/100\n|turn|22\n|\n|t:|1656014069\n|move|p1a: Dracozolt|Fire Blast|p2a: Arctozolt\n|-supereffective|p2a: Arctozolt\n|-damage|p2a: Arctozolt|14\/100\n|-damage|p1a: Dracozolt|10\/100|[from] item: Life Orb\n|move|p2a: Arctozolt|Freeze-Dry|p1a: Dracozolt\n|-supereffective|p1a: Dracozolt\n|-damage|p1a: Dracozolt|0 fnt\n|faint|p1a: Dracozolt\n|\n|-weather|Sandstorm|[upkeep]\n|-damage|p2a: Arctozolt|8\/100|[from] Sandstorm\n|upkeep\n|\n|t:|1656014081\n|switch|p1a: Clefable|Clefable, M|100\/100\n|turn|23\n|\n|t:|1656014085\n|move|p2a: Arctozolt|Bolt Beak|p1a: Clefable\n|-damage|p1a: Clefable|48\/100\n|move|p1a: Clefable|Soft-Boiled|p1a: Clefable\n|-heal|p1a: Clefable|98\/100\n|\n|-weather|Sandstorm|[upkeep]\n|-damage|p2a: Arctozolt|2\/100|[from] Sandstorm\n|-heal|p1a: Clefable|100\/100|[from] item: Leftovers\n|upkeep\n|turn|24\n|\n|t:|1656014095\n|move|p2a: Arctozolt|Bolt Beak|p1a: Clefable\n|-damage|p1a: Clefable|41\/100\n|move|p1a: Clefable|Moonblast|p2a: Arctozolt\n|-damage|p2a: Arctozolt|0 fnt\n|faint|p2a: Arctozolt\n|\n|-weather|none\n|-heal|p1a: Clefable|47\/100|[from] item: Leftovers\n|upkeep\n|\n|t:|1656014098\n|switch|p2a: Hydreigon|Hydreigon, M|32\/100\n|-damage|p2a: Hydreigon|19\/100|[from] Stealth Rock\n|turn|25\n|\n|t:|1656014108\n|move|p2a: Hydreigon|Dark Pulse|p1a: Clefable\n|-resisted|p1a: Clefable\n|-damage|p1a: Clefable|26\/100\n|cant|p1a: Clefable|flinch\n|\n|-heal|p1a: Clefable|32\/100|[from] item: Leftovers\n|upkeep\n|turn|26\n|\n|t:|1656014116\n|move|p2a: Hydreigon|Dark Pulse|p1a: Clefable\n|-resisted|p1a: Clefable\n|-damage|p1a: Clefable|12\/100\n|cant|p1a: Clefable|flinch\n|\n|-heal|p1a: Clefable|18\/100|[from] item: Leftovers\n|upkeep\n|turn|27\n|\n|t:|1656014134\n|move|p2a: Hydreigon|Dark Pulse|p1a: Clefable\n|-resisted|p1a: Clefable\n|-damage|p1a: Clefable|0 fnt\n|faint|p1a: Clefable\n|\n|win|30orless\n|raw|dracaufeu shiny's rating: 1539 &rarr; <strong>1520<\/strong><br \/>(-19 for losing)\n|raw|30orless's rating: 1558 &rarr; <strong>1577<\/strong><br \/>(+19 for winning)\n|l|\u2606dracaufeu shiny\n","uploadtime":1656014165,"views":15,"p1id":"dracaufeushiny","p2id":"30orless","formatid":"gen8ou","rating":1520,"private":0,"password":null}