{"id":"gen8ou-1669127087","p1":"stevenstonesenior","p2":"LT94JE Allistair","format":"gen8ou","log":"|j|\u2606stevenstonesenior\n|j|\u2606LT94JE Allistair\n|t:|1664020960\n|gametype|singles\n|player|p1|stevenstonesenior|steven|1727\n|player|p2|LT94JE Allistair|101|1719\n|teamsize|p1|6\n|teamsize|p2|6\n|gen|8\n|tier|[Gen 8] OU\n|rated|\n|rule|Sleep Clause Mod: Limit one foe put to sleep\n|rule|Species Clause: Limit one of each Pok\u00e9mon\n|rule|OHKO Clause: OHKO moves are banned\n|rule|Evasion Items Clause: Evasion items are banned\n|rule|Evasion Moves Clause: Evasion moves are banned\n|rule|Endless Battle Clause: Forcing endless battles is banned\n|rule|HP Percentage Mod: HP is shown in percentages\n|rule|Dynamax Clause: You cannot dynamax\n|clearpoke\n|poke|p1|Pelipper, M|\n|poke|p1|Barraskewda, F|\n|poke|p1|Landorus-Therian, M|\n|poke|p1|Ferrothorn, M|\n|poke|p1|Corviknight, M|\n|poke|p1|Tapu Koko|\n|poke|p2|Mew|\n|poke|p2|Slurpuff, M|\n|poke|p2|Jirachi|\n|poke|p2|Zeraora|\n|poke|p2|Vanilluxe, M|\n|poke|p2|Reuniclus, M|\n|teampreview\n|\n|t:|1664020975\n|start\n|switch|p1a: Pelipper|Pelipper, M|100\/100\n|switch|p2a: Slurpuff|Slurpuff, M|100\/100\n|-weather|RainDance|[from] ability: Drizzle|[of] p1a: Pelipper\n|turn|1\n|\n|t:|1664020977\n|move|p1a: Pelipper|Weather Ball|p2a: Slurpuff\n|-enditem|p2a: Slurpuff|Focus Sash\n|-damage|p2a: Slurpuff|1\/100\n|move|p2a: Slurpuff|Sticky Web|p1a: Pelipper\n|-sidestart|p1: stevenstonesenior|move: Sticky Web\n|\n|-weather|RainDance|[upkeep]\n|upkeep\n|turn|2\n|\n|t:|1664020981\n|move|p2a: Slurpuff|Yawn|p1a: Pelipper\n|-start|p1a: Pelipper|move: Yawn|[of] p2a: Slurpuff\n|move|p1a: Pelipper|Weather Ball|p2a: Slurpuff\n|-damage|p2a: Slurpuff|0 fnt\n|faint|p2a: Slurpuff\n|\n|-weather|RainDance|[upkeep]\n|upkeep\n|j| Nylez\n|\n|t:|1664020995\n|switch|p2a: Reuniclus|Reuniclus, M|100\/100\n|turn|3\n|\n|t:|1664021000\n|switch|p1a: Landorus|Landorus-Therian, M|100\/100\n|-ability|p1a: Landorus|Intimidate|boost\n|-unboost|p2a: Reuniclus|atk|1\n|move|p2a: Reuniclus|Iron Defense|p2a: Reuniclus\n|-boost|p2a: Reuniclus|def|2\n|\n|-weather|RainDance|[upkeep]\n|upkeep\n|turn|4\n|\n|t:|1664021007\n|move|p1a: Landorus|U-turn|p2a: Reuniclus\n|-supereffective|p2a: Reuniclus\n|-damage|p2a: Reuniclus|67\/100\n|-enditem|p2a: Reuniclus|Weakness Policy\n|-boost|p2a: Reuniclus|atk|2|[from] item: Weakness Policy\n|-boost|p2a: Reuniclus|spa|2|[from] item: Weakness Policy\n|\n|t:|1664021013\n|switch|p1a: Ferrothorn|Ferrothorn, M|100\/100|[from]move: U-turn\n|-activate|p1a: Ferrothorn|move: Sticky Web\n|-unboost|p1a: Ferrothorn|spe|1\n|move|p2a: Reuniclus|Calm Mind|p2a: Reuniclus\n|-boost|p2a: Reuniclus|spa|1\n|-boost|p2a: Reuniclus|spd|1\n|\n|-weather|RainDance|[upkeep]\n|upkeep\n|turn|5\n|\n|t:|1664021021\n|move|p2a: Reuniclus|Iron Defense|p2a: Reuniclus\n|-boost|p2a: Reuniclus|def|2\n|move|p1a: Ferrothorn|Worry Seed|p2a: Reuniclus\n|-endability|p2a: Reuniclus|Magic Guard|[from] move: Worry Seed\n|-ability|p2a: Reuniclus|Insomnia|[from] move: Worry Seed\n|\n|-weather|none\n|upkeep\n|turn|6\n|\n|t:|1664021028\n|move|p2a: Reuniclus|Calm Mind|p2a: Reuniclus\n|-boost|p2a: Reuniclus|spa|1\n|-boost|p2a: Reuniclus|spd|1\n|move|p1a: Ferrothorn|Leech Seed|p2a: Reuniclus\n|-start|p2a: Reuniclus|move: Leech Seed\n|\n|-damage|p2a: Reuniclus|54\/100|[from] Leech Seed|[of] p1a: Ferrothorn\n|upkeep\n|turn|7\n|c|\u2606LT94JE Allistair|haha cool\n|\n|t:|1664021042\n|switch|p1a: Corviknight|Corviknight, M|100\/100\n|-ability|p1a: Corviknight|Pressure\n|move|p2a: Reuniclus|Recover|p2a: Reuniclus\n|-heal|p2a: Reuniclus|100\/100\n|\n|-damage|p2a: Reuniclus|88\/100|[from] Leech Seed|[of] p1a: Corviknight\n|upkeep\n|turn|8\n|c|\u2606stevenstonesenior|thanks\n|\n|t:|1664021049\n|move|p2a: Reuniclus|Stored Power|p1a: Corviknight\n|-resisted|p1a: Corviknight\n|-damage|p1a: Corviknight|0 fnt\n|faint|p1a: Corviknight\n|\n|upkeep\n|\n|t:|1664021054\n|switch|p1a: Landorus|Landorus-Therian, M|100\/100\n|-ability|p1a: Landorus|Intimidate|boost\n|-unboost|p2a: Reuniclus|atk|1\n|turn|9\n|\n|t:|1664021060\n|move|p1a: Landorus|U-turn|p2a: Reuniclus\n|-supereffective|p2a: Reuniclus\n|-damage|p2a: Reuniclus|65\/100\n|\n|t:|1664021063\n|switch|p1a: Ferrothorn|Ferrothorn, M|100\/100|[from]move: U-turn\n|-activate|p1a: Ferrothorn|move: Sticky Web\n|-unboost|p1a: Ferrothorn|spe|1\n|move|p2a: Reuniclus|Calm Mind|p2a: Reuniclus\n|-boost|p2a: Reuniclus|spa|1\n|-boost|p2a: Reuniclus|spd|1\n|\n|-damage|p2a: Reuniclus|52\/100|[from] Leech Seed|[of] p1a: Ferrothorn\n|upkeep\n|turn|10\n|c|\u2606LT94JE Allistair|i did not know worry seed works like that\n|\n|t:|1664021077\n|move|p2a: Reuniclus|Recover|p2a: Reuniclus\n|-heal|p2a: Reuniclus|100\/100\n|move|p1a: Ferrothorn|Stealth Rock|p2a: Reuniclus\n|-sidestart|p2: LT94JE Allistair|move: Stealth Rock\n|\n|-damage|p2a: Reuniclus|88\/100|[from] Leech Seed|[of] p1a: Ferrothorn\n|upkeep\n|turn|11\n|c|\u2606stevenstonesenior|its mostly for zone\n|c|\u2606LT94JE Allistair|ah lol\n|c|\u2606LT94JE Allistair|why not use shed shell\n|c|\u2606LT94JE Allistair|that is a cool idea\n|c|\u2606stevenstonesenior|need eject button\n|c|\u2606stevenstonesenior|to get barra safely\n|c|\u2606LT94JE Allistair|oh\n|c|\u2606LT94JE Allistair|so many intricacies for rain\n|c|\u2606stevenstonesenior|ya\n|\n|t:|1664021142\n|move|p2a: Reuniclus|Calm Mind|p2a: Reuniclus\n|-boost|p2a: Reuniclus|spa|1\n|-boost|p2a: Reuniclus|spd|1\n|move|p1a: Ferrothorn|Power Whip|p2a: Reuniclus\n|-damage|p2a: Reuniclus|76\/100\n|\n|-damage|p2a: Reuniclus|64\/100|[from] Leech Seed|[of] p1a: Ferrothorn\n|upkeep\n|turn|12\n|c|\u2606stevenstonesenior|there are bunch of counters\n|\n|t:|1664021148\n|move|p2a: Reuniclus|Recover|p2a: Reuniclus\n|-heal|p2a: Reuniclus|100\/100\n|move|p1a: Ferrothorn|Power Whip|p2a: Reuniclus\n|-damage|p2a: Reuniclus|89\/100\n|\n|-damage|p2a: Reuniclus|76\/100|[from] Leech Seed|[of] p1a: Ferrothorn\n|upkeep\n|turn|13\n|\n|t:|1664021154\n|move|p2a: Reuniclus|Iron Defense|p2a: Reuniclus\n|-boost|p2a: Reuniclus|def|2\n|move|p1a: Ferrothorn|Power Whip|p2a: Reuniclus\n|-damage|p2a: Reuniclus|67\/100\n|\n|-damage|p2a: Reuniclus|55\/100|[from] Leech Seed|[of] p1a: Ferrothorn\n|upkeep\n|turn|14\n|c|\u2606stevenstonesenior|how many times do you lose to random crit ? just asking\n|\n|t:|1664021169\n|move|p2a: Reuniclus|Recover|p2a: Reuniclus\n|-heal|p2a: Reuniclus|100\/100\n|move|p1a: Ferrothorn|Power Whip|p2a: Reuniclus\n|-damage|p2a: Reuniclus|92\/100\n|\n|-damage|p2a: Reuniclus|80\/100|[from] Leech Seed|[of] p1a: Ferrothorn\n|upkeep\n|turn|15\n|c|\u2606LT94JE Allistair|eh\n|c|\u2606LT94JE Allistair|it is okay\n|c|\u2606stevenstonesenior|even though crits are reduced to 8 %\n|c|\u2606LT94JE Allistair|but a lot more than i should\n|c| Nylez|worry seed to prevent your ferrothorn from being trapped to magnezone is actually massive brain, because it has other uses too. Well done with that\n|\n|t:|1664021202\n|move|p2a: Reuniclus|Stored Power|p1a: Ferrothorn\n|-resisted|p1a: Ferrothorn\n|-damage|p1a: Ferrothorn|0 fnt\n|faint|p1a: Ferrothorn\n|\n|upkeep\n|\n|t:|1664021206\n|switch|p1a: Pelipper|Pelipper, M|100\/100\n|-weather|RainDance|[from] ability: Drizzle|[of] p1a: Pelipper\n|turn|16\n|c|\u2606stevenstonesenior|gg\n|c|\u2606LT94JE Allistair|i have days where i just get a lot of random crits\n|j| darkcloud1986\n|c|\u2606stevenstonesenior|worry seed can also be used to regen toxapex\n|j| Dono3\n|\n|t:|1664021227\n|move|p1a: Pelipper|Weather Ball|p2a: Reuniclus\n|-damage|p2a: Reuniclus|42\/100\n|move|p2a: Reuniclus|Stored Power|p1a: Pelipper\n|-damage|p1a: Pelipper|0 fnt\n|faint|p1a: Pelipper\n|\n|-weather|RainDance|[upkeep]\n|upkeep\n|\n|t:|1664021232\n|switch|p1a: Barraskewda|Barraskewda, F|100\/100\n|-activate|p1a: Barraskewda|move: Sticky Web\n|-unboost|p1a: Barraskewda|spe|1\n|turn|17\n|\n|t:|1664021237\n|move|p1a: Barraskewda|Flip Turn|p2a: Reuniclus\n|-damage|p2a: Reuniclus|25\/100\n|\n|t:|1664021240\n|switch|p1a: Landorus|Landorus-Therian, M|100\/100|[from]move: Flip Turn\n|-ability|p1a: Landorus|Intimidate|boost\n|-unboost|p2a: Reuniclus|atk|1\n|move|p2a: Reuniclus|Recover|p2a: Reuniclus\n|-heal|p2a: Reuniclus|75\/100\n|\n|-weather|RainDance|[upkeep]\n|-damage|p2a: Reuniclus|63\/100|[from] Leech Seed|[of] p1a: Landorus\n|upkeep\n|turn|18\n|\n|t:|1664021248\n|move|p1a: Landorus|U-turn|p2a: Reuniclus\n|-supereffective|p2a: Reuniclus\n|-damage|p2a: Reuniclus|44\/100\n|\n|t:|1664021251\n|switch|p1a: Tapu Koko|Tapu Koko|100\/100|[from]move: U-turn\n|-fieldstart|move: Electric Terrain|[from] ability: Electric Surge|[of] p1a: Tapu Koko\n|move|p2a: Reuniclus|Stored Power|p1a: Tapu Koko\n|-damage|p1a: Tapu Koko|0 fnt\n|faint|p1a: Tapu Koko\n|\n|-weather|RainDance|[upkeep]\n|upkeep\n|\n|t:|1664021254\n|switch|p1a: Barraskewda|Barraskewda, F|100\/100\n|-activate|p1a: Barraskewda|move: Sticky Web\n|-unboost|p1a: Barraskewda|spe|1\n|turn|19\n|j| born with smaids\n|\n|t:|1664021258\n|move|p1a: Barraskewda|Liquidation|p2a: Reuniclus\n|-damage|p2a: Reuniclus|19\/100\n|move|p2a: Reuniclus|Recover|p2a: Reuniclus\n|-heal|p2a: Reuniclus|69\/100\n|\n|-weather|RainDance|[upkeep]\n|-damage|p2a: Reuniclus|57\/100|[from] Leech Seed|[of] p1a: Barraskewda\n|upkeep\n|turn|20\n|c|\u2606stevenstonesenior|gg\n|c|\u2606LT94JE Allistair|gg\n|\n|t:|1664021266\n|move|p1a: Barraskewda|Liquidation|p2a: Reuniclus\n|-damage|p2a: Reuniclus|33\/100\n|move|p2a: Reuniclus|Recover|p2a: Reuniclus\n|-heal|p2a: Reuniclus|83\/100\n|\n|-weather|none\n|-damage|p2a: Reuniclus|71\/100|[from] Leech Seed|[of] p1a: Barraskewda\n|upkeep\n|turn|21\n|\n|t:|1664021271\n|move|p1a: Barraskewda|Liquidation|p2a: Reuniclus\n|-damage|p2a: Reuniclus|56\/100\n|move|p2a: Reuniclus|Stored Power|p1a: Barraskewda\n|-damage|p1a: Barraskewda|0 fnt\n|faint|p1a: Barraskewda\n|\n|upkeep\n|\n|t:|1664021277\n|switch|p1a: Landorus|Landorus-Therian, M|100\/100\n|-ability|p1a: Landorus|Intimidate|boost\n|-unboost|p2a: Reuniclus|atk|1\n|turn|22\n|\n|t:|1664021287\n|move|p1a: Landorus|U-turn|p2a: Reuniclus\n|-supereffective|p2a: Reuniclus\n|-damage|p2a: Reuniclus|39\/100\n|move|p2a: Reuniclus|Recover|p2a: Reuniclus\n|-heal|p2a: Reuniclus|89\/100\n|\n|-damage|p2a: Reuniclus|76\/100|[from] Leech Seed|[of] p1a: Landorus\n|-fieldend|move: Electric Terrain\n|upkeep\n|turn|23\n|c|\u2606stevenstonesenior|justfninsh off lol\n|\n|t:|1664021306\n|move|p1a: Landorus|U-turn|p2a: Reuniclus\n|-supereffective|p2a: Reuniclus\n|-damage|p2a: Reuniclus|58\/100\n|move|p2a: Reuniclus|Stored Power|p1a: Landorus\n|-damage|p1a: Landorus|0 fnt\n|faint|p1a: Landorus\n|\n|win|LT94JE Allistair\n|raw|stevenstonesenior's rating: 1710 &rarr; <strong>1691<\/strong><br \/>(-19 for losing)\n|raw|LT94JE Allistair's rating: 1719 &rarr; <strong>1738<\/strong><br \/>(+19 for winning)\n|c|\u2606LT94JE Allistair|ah more of a mindset thing\n|c|\u2606LT94JE Allistair|when i see it is low i just recover\n|c| born with smaids|lol\n|c| born with smaids|it's a sort of nobrainer team\n|c| born with smaids|so i get it\n||Ladder isn't responding, score probably updated but might not have (Request timeout).\n|c|\u2606LT94JE Allistair|well try lol\n|c| born with smaids|i did\n|c|\u2606LT94JE Allistair|and you will see it is not\n|c| born with smaids|i've got my own version\n|l| darkcloud1986\n|c| born with smaids|it's hard in the beginning\n|c| born with smaids|but then it's setup and win\n|c| born with smaids|if you can't you lose anyway\n|l|\u2606LT94JE Allistair\n|c| born with smaids|balance is alot harder to play imo\n|l| born with smaids\n|l| Nylez\n|l|\u2606stevenstonesenior\n|l| Dono3\n","uploadtime":1664022026,"views":16,"p1id":"stevenstonesenior","p2id":"lt94jeallistair","formatid":"gen8ou","rating":1691,"private":0,"password":null}