{"id":"gen8nationaldex-1604095293","p1":"RTSG tests","p2":"NDLT3EXR soccermom","format":"gen8nationaldex","log":"|raw|<div class=\"broadcast-blue\"><strong>This battle is required to be public due to a player having a name starting with 'ndlt3exr'.<\/div>\n|j|\u2606RTSG tests\n|j|\u2606NDLT3EXR soccermom\n|t:|1656183838\n|gametype|singles\n|player|p1|RTSG tests|birdkeeper|1622\n|player|p2|NDLT3EXR soccermom|adaman|1705\n|teamsize|p1|6\n|teamsize|p2|6\n|gen|8\n|tier|[Gen 8] National Dex\n|rated|\n|rule|HP Percentage Mod: HP is shown in percentages\n|rule|Endless Battle Clause: Forcing endless battles is banned\n|rule|OHKO Clause: OHKO moves are banned\n|rule|Evasion Moves Clause: Evasion moves are banned\n|rule|Species Clause: Limit one of each Pok\u00e9mon\n|rule|Dynamax Clause: You cannot dynamax\n|rule|Sleep Clause Mod: Limit one foe put to sleep\n|clearpoke\n|poke|p1|Sceptile, M|\n|poke|p1|Rillaboom, M|\n|poke|p1|Tyranitar, M|\n|poke|p1|Magnezone|\n|poke|p1|Azumarill, F|\n|poke|p1|Landorus-Therian, M|\n|poke|p2|Greninja, M|\n|poke|p2|Kartana|\n|poke|p2|Hatterene, F|\n|poke|p2|Landorus-Therian, M|\n|poke|p2|Tapu Lele|\n|poke|p2|Mawile, M|\n|teampreview\n|inactive|Battle timer is ON: inactive players will automatically lose when time's up. (requested by NDLT3EXR soccermom)\n|\n|t:|1656183858\n|start\n|switch|p1a: Magnezone|Magnezone|100\/100\n|switch|p2a: Mawile|Mawile, M|100\/100\n|-ability|p2a: Mawile|Intimidate|boost\n|-unboost|p1a: Magnezone|atk|1\n|turn|1\n|\n|t:|1656183864\n|detailschange|p2a: Mawile|Mawile-Mega, M\n|-mega|p2a: Mawile|Mawile|Mawilite\n|move|p2a: Mawile|Sucker Punch|p1a: Magnezone\n|-damage|p1a: Magnezone|55\/100\n|-zpower|p1a: Magnezone\n|move|p1a: Magnezone|Gigavolt Havoc|p2a: Mawile|[zeffect]\n|-damage|p2a: Mawile|0 fnt\n|faint|p2a: Mawile\n|\n|upkeep\n|inactive|NDLT3EXR soccermom has 120 seconds left.\n|c|\u2606NDLT3EXR soccermom|ok this was a pretty fire lead choice\n|c|\u2606NDLT3EXR soccermom|i must admit\n|\n|t:|1656183906\n|switch|p2a: Greninja|Greninja, M|100\/100\n|turn|2\n|\n|t:|1656183912\n|switch|p1a: Azumarill|Azumarill, F|100\/100\n|move|p2a: Greninja|Ice Beam|p1a: Azumarill\n|-start|p2a: Greninja|typechange|Ice|[from] ability: Protean\n|-resisted|p1a: Azumarill\n|-damage|p1a: Azumarill|87\/100\n|\n|upkeep\n|turn|3\n|j| NDLT3EXR ZOOTERS\n|\n|t:|1656183919\n|switch|p1a: Landorus|Landorus-Therian, M|100\/100\n|-ability|p1a: Landorus|Intimidate|boost\n|-unboost|p2a: Greninja|atk|1\n|move|p2a: Greninja|Gunk Shot|p1a: Landorus|[miss]\n|-start|p2a: Greninja|typechange|Poison|[from] ability: Protean\n|-miss|p2a: Greninja|p1a: Landorus\n|\n|upkeep\n|turn|4\n|\n|t:|1656183925\n|move|p1a: Landorus|U-turn|p2a: Greninja\n|-resisted|p2a: Greninja\n|-damage|p2a: Greninja|75\/100\n|\n|t:|1656183929\n|switch|p1a: Tyranitar|Tyranitar, M|100\/100|[from]move: U-turn\n|-weather|Sandstorm|[from] ability: Sand Stream|[of] p1a: Tyranitar\n|move|p2a: Greninja|Ice Beam|p1a: Tyranitar\n|-start|p2a: Greninja|typechange|Ice|[from] ability: Protean\n|-damage|p1a: Tyranitar|79\/100\n|\n|-weather|Sandstorm|[upkeep]\n|-damage|p2a: Greninja|69\/100|[from] Sandstorm\n|upkeep\n|turn|5\n|\n|t:|1656183940\n|switch|p1a: Sceptile|Sceptile, M|100\/100\n|move|p2a: Greninja|Low Kick|p1a: Sceptile\n|-start|p2a: Greninja|typechange|Fighting|[from] ability: Protean\n|-damage|p1a: Sceptile|65\/100\n|\n|-weather|Sandstorm|[upkeep]\n|-damage|p2a: Greninja|63\/100|[from] Sandstorm\n|-damage|p1a: Sceptile|59\/100|[from] Sandstorm\n|upkeep\n|turn|6\n|\n|t:|1656183947\n|switch|p2a: Korago FF Plz|Tapu Lele, shiny|100\/100\n|-fieldstart|move: Psychic Terrain|[from] ability: Psychic Surge|[of] p2a: Korago FF Plz\n|detailschange|p1a: Sceptile|Sceptile-Mega, M\n|-mega|p1a: Sceptile|Sceptile|Sceptilite\n|move|p1a: Sceptile|Giga Drain|p2a: Korago FF Plz\n|-damage|p2a: Korago FF Plz|73\/100\n|-heal|p1a: Sceptile|73\/100|[from] drain|[of] p2a: Korago FF Plz\n|\n|-weather|Sandstorm|[upkeep]\n|-damage|p1a: Sceptile|67\/100|[from] Sandstorm\n|-damage|p2a: Korago FF Plz|67\/100|[from] Sandstorm\n|upkeep\n|turn|7\n|\n|t:|1656183959\n|switch|p1a: Tyranitar|Tyranitar, M|79\/100\n|move|p2a: Korago FF Plz|Moonblast|p1a: Tyranitar\n|-supereffective|p1a: Tyranitar\n|-damage|p1a: Tyranitar|5\/100\n|\n|-weather|Sandstorm|[upkeep]\n|-damage|p2a: Korago FF Plz|61\/100|[from] Sandstorm\n|upkeep\n|turn|8\n|\n|t:|1656183970\n|switch|p1a: Landorus|Landorus-Therian, M|100\/100\n|-ability|p1a: Landorus|Intimidate|boost\n|-unboost|p2a: Korago FF Plz|atk|1\n|move|p2a: Korago FF Plz|Moonblast|p1a: Landorus\n|-damage|p1a: Landorus|27\/100\n|\n|-weather|none\n|upkeep\n|turn|9\n|\n|t:|1656183974\n|switch|p2a: Landorus|Landorus-Therian, M|100\/100\n|-ability|p2a: Landorus|Intimidate|boost\n|-unboost|p1a: Landorus|atk|1\n|move|p1a: Landorus|U-turn|p2a: Landorus\n|-resisted|p2a: Landorus\n|-damage|p2a: Landorus|95\/100\n|-damage|p1a: Landorus|10\/100|[from] item: Rocky Helmet|[of] p2a: Landorus\n|\n|t:|1656183978\n|switch|p1a: Rillaboom|Rillaboom, M|100\/100|[from]move: U-turn\n|-fieldstart|move: Grassy Terrain|[from] ability: Grassy Surge|[of] p1a: Rillaboom\n|\n|upkeep\n|turn|10\n|\n|t:|1656183981\n|move|p1a: Rillaboom|Wood Hammer|p2a: Landorus\n|-damage|p2a: Landorus|0 fnt\n|-damage|p1a: Rillaboom|84\/100|[from] item: Rocky Helmet|[of] p2a: Landorus\n|faint|p2a: Landorus\n|-damage|p1a: Rillaboom|49\/100|[from] Recoil\n|\n|-heal|p1a: Rillaboom|55\/100|[from] Grassy Terrain\n|upkeep\n|\n|t:|1656183985\n|switch|p2a: Korago FF Plz|Tapu Lele, shiny|61\/100\n|-fieldstart|move: Psychic Terrain|[from] ability: Psychic Surge|[of] p2a: Korago FF Plz\n|turn|11\n|\n|t:|1656183990\n|switch|p1a: Tyranitar|Tyranitar, M|5\/100\n|-weather|Sandstorm|[from] ability: Sand Stream|[of] p1a: Tyranitar\n|move|p2a: Korago FF Plz|Moonblast|p1a: Tyranitar\n|-supereffective|p1a: Tyranitar\n|-crit|p1a: Tyranitar\n|-damage|p1a: Tyranitar|0 fnt\n|faint|p1a: Tyranitar\n|\n|-weather|Sandstorm|[upkeep]\n|-damage|p2a: Korago FF Plz|55\/100|[from] Sandstorm\n|upkeep\n|\n|t:|1656183994\n|switch|p1a: Landorus|Landorus-Therian, M|10\/100\n|-ability|p1a: Landorus|Intimidate|boost\n|-unboost|p2a: Korago FF Plz|atk|1\n|turn|12\n|\n|t:|1656183998\n|move|p1a: Landorus|Earthquake|p2a: Korago FF Plz\n|-damage|p2a: Korago FF Plz|0 fnt\n|faint|p2a: Korago FF Plz\n|\n|-weather|Sandstorm|[upkeep]\n|upkeep\n|\n|t:|1656184000\n|switch|p2a: Kartana|Kartana, shiny|100\/100\n|turn|13\n|\n|t:|1656184005\n|move|p2a: Kartana|Sacred Sword|p1a: Landorus\n|-resisted|p1a: Landorus\n|-crit|p1a: Landorus\n|-damage|p1a: Landorus|0 fnt\n|faint|p1a: Landorus\n|-ability|p2a: Kartana|Beast Boost|boost\n|-boost|p2a: Kartana|atk|1\n|\n|-weather|Sandstorm|[upkeep]\n|upkeep\n|\n|t:|1656184009\n|switch|p1a: Azumarill|Azumarill, F|87\/100\n|turn|14\n|\n|t:|1656184012\n|switch|p2a: Hatterene|Hatterene, F|100\/100\n|move|p1a: Azumarill|Knock Off|p2a: Hatterene\n|-damage|p2a: Hatterene|72\/100\n|\n|-weather|Sandstorm|[upkeep]\n|-damage|p1a: Azumarill|81\/100|[from] Sandstorm\n|-damage|p2a: Hatterene|66\/100|[from] Sandstorm\n|upkeep\n|turn|15\n|\n|t:|1656184020\n|move|p1a: Azumarill|Play Rough|p2a: Hatterene\n|-damage|p2a: Hatterene|0 fnt\n|faint|p2a: Hatterene\n|\n|-weather|none\n|-fieldend|move: Psychic Terrain\n|upkeep\n|inactive|NDLT3EXR soccermom has 120 seconds left.\n|\n|t:|1656184053\n|switch|p2a: Greninja|Greninja, M|63\/100\n|turn|16\n|\n|t:|1656184059\n|move|p1a: Azumarill|Aqua Jet|p2a: Greninja\n|-resisted|p2a: Greninja\n|-damage|p2a: Greninja|40\/100\n|move|p2a: Greninja|Gunk Shot|p1a: Azumarill\n|-start|p2a: Greninja|typechange|Poison|[from] ability: Protean\n|-supereffective|p1a: Azumarill\n|-damage|p1a: Azumarill|0 fnt\n|faint|p1a: Azumarill\n|\n|upkeep\n|\n|t:|1656184064\n|switch|p1a: Sceptile|Sceptile-Mega, M|67\/100\n|turn|17\n|\n|t:|1656184066\n|move|p1a: Sceptile|Dragon Pulse|p2a: Greninja\n|-damage|p2a: Greninja|0 fnt\n|faint|p2a: Greninja\n|\n|upkeep\n|\n|t:|1656184067\n|switch|p2a: Kartana|Kartana, shiny|100\/100\n|turn|18\n|\n|t:|1656184069\n|move|p2a: Kartana|Sacred Sword|p1a: Sceptile\n|-damage|p1a: Sceptile|6\/100\n|move|p1a: Sceptile|Focus Blast|p2a: Kartana\n|-supereffective|p2a: Kartana\n|-damage|p2a: Kartana|0 fnt\n|faint|p2a: Kartana\n|\n|win|RTSG tests\n|raw|RTSG tests's rating: 1622 &rarr; <strong>1647<\/strong><br \/>(+25 for winning)\n|raw|NDLT3EXR soccermom's rating: 1705 &rarr; <strong>1680<\/strong><br \/>(-25 for losing)\n|l|\u2606NDLT3EXR soccermom\n","uploadtime":1656184081,"views":20,"p1id":"rtsgtests","p2id":"ndlt3exrsoccermom","formatid":"gen8nationaldex","rating":1647,"private":0,"password":null}