{"id":"gen8ou-1635407476","p1":"Ban lando t guy jk","p2":"LT92PF Theoko","format":"gen8ou","log":"|raw|<div class=\"broadcast-blue\"><strong>This battle is required to be public due to a player having a name starting with 'lt92pf'.<\/div>\n|j|\u2606Ban lando t guy jk\n|j|\u2606LT92PF Theoko\n|t:|1660006663\n|gametype|singles\n|player|p1|Ban lando t guy jk|silver|1683\n|player|p2|LT92PF Theoko|juggler|1738\n|teamsize|p1|6\n|teamsize|p2|6\n|gen|8\n|tier|[Gen 8] OU\n|rated|\n|rule|Sleep Clause Mod: Limit one foe put to sleep\n|rule|Species Clause: Limit one of each Pok\u00e9mon\n|rule|OHKO Clause: OHKO moves are banned\n|rule|Evasion Items Clause: Evasion items are banned\n|rule|Evasion Moves Clause: Evasion moves are banned\n|rule|Endless Battle Clause: Forcing endless battles is banned\n|rule|HP Percentage Mod: HP is shown in percentages\n|rule|Dynamax Clause: You cannot dynamax\n|clearpoke\n|poke|p1|Pelipper, M|\n|poke|p1|Barraskewda, F|\n|poke|p1|Ferrothorn, M|\n|poke|p1|Seismitoad, M|\n|poke|p1|Tapu Koko|\n|poke|p1|Tornadus-Therian, M|\n|poke|p2|Mew|\n|poke|p2|Hawlucha, M|\n|poke|p2|Bisharp, F|\n|poke|p2|Kartana|\n|poke|p2|Dragapult, M|\n|poke|p2|Garchomp, F|\n|teampreview\n|inactive|Battle timer is ON: inactive players will automatically lose when time's up. (requested by LT92PF Theoko)\n|inactive|Ban lando t guy jk also wants the timer to be on.\n|\n|t:|1660006671\n|start\n|switch|p1a: Speed Overdose|Tapu Koko|100\/100\n|switch|p2a: Bisharp|Bisharp, F|100\/100\n|-fieldstart|move: Electric Terrain|[from] ability: Electric Surge|[of] p1a: Speed Overdose\n|turn|1\n|\n|t:|1660006679\n|move|p1a: Speed Overdose|Dazzling Gleam|p2a: Bisharp\n|-damage|p2a: Bisharp|14\/100\n|move|p2a: Bisharp|Knock Off|p1a: Speed Overdose\n|-resisted|p1a: Speed Overdose\n|-damage|p1a: Speed Overdose|51\/100\n|-enditem|p1a: Speed Overdose|Choice Specs|[from] move: Knock Off|[of] p2a: Bisharp\n|\n|upkeep\n|turn|2\n|\n|t:|1660006684\n|move|p1a: Speed Overdose|Dazzling Gleam|p2a: Bisharp\n|-damage|p2a: Bisharp|0 fnt\n|faint|p2a: Bisharp\n|\n|upkeep\n|\n|t:|1660006696\n|switch|p2a: Kartana|Kartana|100\/100\n|turn|3\n|\n|t:|1660006701\n|switch|p1a: Lando Black sheep|Tornadus-Therian, M|100\/100\n|move|p2a: Kartana|Swords Dance|p2a: Kartana\n|-boost|p2a: Kartana|atk|2\n|\n|upkeep\n|turn|4\n|\n|t:|1660006706\n|switch|p2a: Mew|Mew|100\/100\n|move|p1a: Lando Black sheep|Defog|p2a: Mew\n|-unboost|p2a: Mew|evasion|1\n|-fieldend|move: Electric Terrain\n|\n|upkeep\n|turn|5\n|\n|t:|1660006713\n|move|p1a: Lando Black sheep|Hurricane|p2a: Mew\n|-damage|p2a: Mew|62\/100\n|-start|p2a: Mew|confusion\n|-activate|p2a: Mew|confusion\n|-damage|p2a: Mew|54\/100|[from] confusion\n|\n|upkeep\n|turn|6\n|\n|t:|1660006718\n|move|p1a: Lando Black sheep|Hurricane|p2a: Mew\n|-damage|p2a: Mew|10\/100\n|-activate|p2a: Mew|confusion\n|-damage|p2a: Mew|3\/100|[from] confusion\n|\n|upkeep\n|turn|7\n|\n|t:|1660006726\n|move|p1a: Lando Black sheep|U-turn|p2a: Mew\n|-supereffective|p2a: Mew\n|-damage|p2a: Mew|0 fnt\n|faint|p2a: Mew\n|c|\u2606LT92PF Theoko|dude...\n|\n|t:|1660006731\n|switch|p1a: Big Gulp sponsor|Pelipper, M|100\/100|[from]move: U-turn\n|-weather|RainDance|[from] ability: Drizzle|[of] p1a: Big Gulp sponsor\n|\n|-weather|RainDance|[upkeep]\n|upkeep\n|\n|t:|1660006745\n|switch|p2a: Dragapult|Dragapult, M|100\/100\n|turn|8\n|\n|t:|1660006748\n|move|p2a: Dragapult|Substitute|p2a: Dragapult\n|-start|p2a: Dragapult|Substitute\n|-damage|p2a: Dragapult|76\/100\n|move|p1a: Big Gulp sponsor|U-turn|p2a: Dragapult\n|-resisted|p2a: Dragapult\n|-activate|p2a: Dragapult|move: Substitute|[damage]\n|\n|t:|1660006754\n|switch|p1a: Agent \u00a5|Seismitoad, M, shiny|100\/100|[from]move: U-turn\n|\n|-weather|RainDance|[upkeep]\n|-heal|p2a: Dragapult|82\/100|[from] item: Leftovers\n|upkeep\n|turn|9\n|\n|t:|1660006761\n|move|p1a: Agent \u00a5|Weather Ball|p2a: Dragapult\n|-resisted|p2a: Dragapult\n|-end|p2a: Dragapult|Substitute\n|-damage|p1a: Agent \u00a5|91\/100|[from] item: Life Orb\n|move|p2a: Dragapult|Dragon Darts|p1a: Agent \u00a5\n|-damage|p1a: Agent \u00a5|55\/100\n|-anim|p2a: Dragapult|Dragon Darts|p1a: Agent \u00a5\n|-damage|p1a: Agent \u00a5|18\/100\n|\n|-weather|RainDance|[upkeep]\n|-heal|p2a: Dragapult|88\/100|[from] item: Leftovers\n|upkeep\n|turn|10\n|\n|t:|1660006769\n|move|p1a: Agent \u00a5|Earth Power|p2a: Dragapult\n|-damage|p2a: Dragapult|19\/100\n|-damage|p1a: Agent \u00a5|8\/100|[from] item: Life Orb\n|move|p2a: Dragapult|Dragon Darts|p1a: Agent \u00a5\n|-damage|p1a: Agent \u00a5|0 fnt\n|faint|p1a: Agent \u00a5\n|\n|-weather|RainDance|[upkeep]\n|-heal|p2a: Dragapult|25\/100|[from] item: Leftovers\n|upkeep\n|\n|t:|1660006773\n|switch|p1a: One fish two fish|Barraskewda, F|100\/100\n|turn|11\n|\n|t:|1660006779\n|move|p1a: One fish two fish|Flip Turn|p2a: Dragapult\n|-resisted|p2a: Dragapult\n|-damage|p2a: Dragapult|0 fnt\n|faint|p2a: Dragapult\n|\n|t:|1660006782\n|switch|p1a: Speed Overdose|Tapu Koko|51\/100|[from]move: Flip Turn\n|-fieldstart|move: Electric Terrain|[from] ability: Electric Surge|[of] p1a: Speed Overdose\n|\n|-weather|RainDance|[upkeep]\n|upkeep\n|\n|t:|1660006788\n|switch|p2a: Garchomp|Garchomp, F|100\/100\n|turn|12\n|\n|t:|1660006792\n|move|p1a: Speed Overdose|Dazzling Gleam|p2a: Garchomp\n|-supereffective|p2a: Garchomp\n|-damage|p2a: Garchomp|21\/100\n|move|p2a: Garchomp|Earthquake|p1a: Speed Overdose\n|-supereffective|p1a: Speed Overdose\n|-damage|p1a: Speed Overdose|0 fnt\n|faint|p1a: Speed Overdose\n|-damage|p2a: Garchomp|11\/100|[from] item: Life Orb\n|\n|-weather|RainDance|[upkeep]\n|upkeep\n|\n|t:|1660006797\n|switch|p1a: Lando Black sheep|Tornadus-Therian, M|100\/100\n|turn|13\n|\n|t:|1660006803\n|move|p1a: Lando Black sheep|Hurricane|p2a: Garchomp\n|-damage|p2a: Garchomp|0 fnt\n|faint|p2a: Garchomp\n|\n|-weather|RainDance|[upkeep]\n|upkeep\n|\n|t:|1660006815\n|switch|p2a: Hawlucha|Hawlucha, M|100\/100\n|turn|14\n|\n|t:|1660006821\n|move|p1a: Lando Black sheep|Hurricane|p2a: Hawlucha\n|-supereffective|p2a: Hawlucha\n|-damage|p2a: Hawlucha|0 fnt\n|faint|p2a: Hawlucha\n|\n|-weather|none\n|upkeep\n|\n|t:|1660006823\n|switch|p2a: Kartana|Kartana|100\/100\n|turn|15\n|\n|t:|1660006826\n|move|p1a: Lando Black sheep|U-turn|p2a: Kartana\n|-damage|p2a: Kartana|89\/100\n|\n|t:|1660006829\n|switch|p1a: Big Gulp sponsor|Pelipper, M|100\/100|[from]move: U-turn\n|-weather|RainDance|[from] ability: Drizzle|[of] p1a: Big Gulp sponsor\n|move|p2a: Kartana|Swords Dance|p2a: Kartana\n|-boost|p2a: Kartana|atk|2\n|\n|-weather|RainDance|[upkeep]\n|-fieldend|move: Electric Terrain\n|upkeep\n|turn|16\n|\n|t:|1660006834\n|switch|p1a: Hates rain|Ferrothorn, M|100\/100\n|move|p2a: Kartana|Leaf Blade|p1a: Hates rain\n|-resisted|p1a: Hates rain\n|-damage|p1a: Hates rain|87\/100\n|-damage|p2a: Kartana|77\/100|[from] ability: Iron Barbs|[of] p1a: Hates rain\n|\n|-weather|RainDance|[upkeep]\n|-heal|p1a: Hates rain|94\/100|[from] item: Leftovers\n|upkeep\n|turn|17\n|\n|t:|1660006838\n|move|p2a: Kartana|Swords Dance|p2a: Kartana\n|-boost|p2a: Kartana|atk|2\n|move|p1a: Hates rain|Knock Off|p2a: Kartana\n|-damage|p2a: Kartana|57\/100\n|-enditem|p2a: Kartana|Sitrus Berry|[from] move: Knock Off|[of] p1a: Hates rain\n|\n|-weather|RainDance|[upkeep]\n|-heal|p1a: Hates rain|99\/100|[from] item: Leftovers\n|upkeep\n|turn|18\n|\n|t:|1660006842\n|switch|p1a: Lando Black sheep|Tornadus-Therian, M|100\/100\n|move|p2a: Kartana|Sacred Sword|p1a: Lando Black sheep\n|-resisted|p1a: Lando Black sheep\n|-damage|p1a: Lando Black sheep|50\/100\n|\n|-weather|RainDance|[upkeep]\n|upkeep\n|turn|19\n|\n|t:|1660006846\n|move|p1a: Lando Black sheep|Hurricane|p2a: Kartana\n|-damage|p2a: Kartana|0 fnt\n|faint|p2a: Kartana\n|\n|win|Ban lando t guy jk\n|raw|Ban lando t guy jk's rating: 1683 &rarr; <strong>1706<\/strong><br \/>(+23 for winning)\n|raw|LT92PF Theoko's rating: 1738 &rarr; <strong>1715<\/strong><br \/>(-23 for losing)\n|l|\u2606LT92PF Theoko\n||Ladder isn't responding, score probably updated but might not have (Request timeout).\n","uploadtime":1660006855,"views":8,"p1id":"banlandotguyjk","p2id":"lt92pftheoko","formatid":"gen8ou","rating":1706,"private":0,"password":null}