{"id":"gen8ubers-1145516669","p1":"willcoxw","p2":"SSaki Haise","format":"gen8ubers","log":"|j|\u2606willcoxw\n|j|\u2606SSaki Haise\n|player|p1|willcoxw|karen|1732\n|player|p2|SSaki Haise|165|1612\n|teamsize|p1|6\n|teamsize|p2|6\n|gametype|singles\n|gen|8\n|tier|[Gen 8] Ubers\n|rated|\n|clearpoke\n|poke|p1|Pelipper, M|\n|poke|p1|Drednaw, M|\n|poke|p1|Eternatus|\n|poke|p1|Urshifu-*, M|\n|poke|p1|Necrozma-Dusk-Mane|\n|poke|p1|Zacian-Crowned|\n|poke|p2|Pelipper, F|\n|poke|p2|Drednaw, M|\n|poke|p2|Eternatus|\n|poke|p2|Zacian-Crowned|\n|poke|p2|Corviknight, F|\n|poke|p2|Barraskewda, M|\n|rule|Sleep Clause Mod: Limit one foe put to sleep\n|rule|Species Clause: Limit one of each Pok\u00e9mon\n|rule|OHKO Clause: OHKO moves are banned\n|rule|Evasion Moves Clause: Evasion moves are banned\n|rule|Endless Battle Clause: Forcing endless battles is banned\n|rule|HP Percentage Mod: HP is shown in percentages\n|html|Ubers Dynamax Clause: Pok\u00e9mon on the <a href=\"https:\/\/www.smogon.com\/dex\/ss\/formats\/uber\/\">Ubers Dynamax Banlist<\/a> cannot Dynamax.\n|teampreview\n|\n|start\n|switch|p1a: Eternof Toxic|Eternatus|100\/100\n|switch|p2a: Zacian|Zacian-Crowned|100\/100\n|-ability|p2a: Zacian|Intrepid Sword|boost\n|-boost|p2a: Zacian|atk|1\n|-ability|p1a: Eternof Toxic|Pressure\n|turn|1\n|\n|switch|p1a: Pelipper|Pelipper, M|100\/100\n|-weather|RainDance|[from] ability: Drizzle|[of] p1a: Pelipper\n|move|p2a: Zacian|Behemoth Blade|p1a: Pelipper\n|-resisted|p1a: Pelipper\n|-damage|p1a: Pelipper|65\/100\n|\n|-weather|RainDance|[upkeep]\n|upkeep\n|turn|2\n|\n|move|p2a: Zacian|Wild Charge|p1a: Pelipper\n|-supereffective|p1a: Pelipper\n|-damage|p1a: Pelipper|0 fnt\n|-damage|p2a: Zacian|84\/100|[from] Recoil\n|faint|p1a: Pelipper\n|\n|-weather|RainDance|[upkeep]\n|upkeep\n|\n|switch|p1a: Drednaw|Drednaw, M|100\/100\n|turn|3\n|\n|switch|p2a: Pelipper|Pelipper, F|100\/100\n|-start|p1a: Drednaw|Dynamax\n|-formechange|p1a: Drednaw|Drednaw-Gmax\n|-heal|p1a: Drednaw|100\/100|[silent]\n|move|p1a: Drednaw|G-Max Stonesurge|p2a: Pelipper\n|-resisted|p2a: Pelipper\n|-damage|p2a: Pelipper|52\/100\n|-sidestart|p2: SSaki Haise|move: Stealth Rock\n|-damage|p1a: Drednaw|96\/100|[from] item: Life Orb\n|\n|-weather|RainDance|[upkeep]\n|upkeep\n|turn|4\n|\n|move|p1a: Drednaw|Max Knuckle|p2a: Pelipper\n|-resisted|p2a: Pelipper\n|-crit|p2a: Pelipper\n|-damage|p2a: Pelipper|31\/100\n|-boost|p1a: Drednaw|atk|1\n|-damage|p1a: Drednaw|91\/100|[from] item: Life Orb\n|move|p2a: Pelipper|Defog|p1a: Drednaw\n|-unboost|p1a: Drednaw|evasion|1\n|-sideend|p2: SSaki Haise|Stealth Rock|[from] move: Defog|[of] p2a: Pelipper\n|\n|-weather|RainDance|[upkeep]\n|upkeep\n|turn|5\n|\n|switch|p2a: Corviknight|Corviknight, F|100\/100\n|-ability|p2a: Corviknight|Pressure\n|move|p1a: Drednaw|G-Max Stonesurge|p2a: Corviknight\n|-damage|p2a: Corviknight|0 fnt\n|-sidestart|p2: SSaki Haise|move: Stealth Rock\n|-damage|p1a: Drednaw|86\/100|[from] item: Life Orb\n|faint|p2a: Corviknight\n|\n|-weather|RainDance|[upkeep]\n|-end|p1a: Drednaw|Dynamax\n|-formechange|p1a: Drednaw|Drednaw\n|-heal|p1a: Drednaw|86\/100|[silent]\n|upkeep\n|\n|switch|p2a: Barraskewda|Barraskewda, M|100\/100\n|-damage|p2a: Barraskewda|88\/100|[from] Stealth Rock\n|turn|6\n|\n|switch|p1a: Eternof Toxic|Eternatus|100\/100\n|-ability|p1a: Eternof Toxic|Pressure\n|move|p2a: Barraskewda|Close Combat|p1a: Eternof Toxic\n|-resisted|p1a: Eternof Toxic\n|-damage|p1a: Eternof Toxic|77\/100\n|-unboost|p2a: Barraskewda|def|1\n|-unboost|p2a: Barraskewda|spd|1\n|-damage|p2a: Barraskewda|78\/100|[from] item: Life Orb\n|\n|-weather|RainDance|[upkeep]\n|-heal|p1a: Eternof Toxic|83\/100|[from] item: Black Sludge\n|upkeep\n|turn|7\n|\n|switch|p2a: Zacian|Zacian-Crowned|84\/100\n|-damage|p2a: Zacian|78\/100|[from] Stealth Rock\n|-ability|p2a: Zacian|Intrepid Sword|boost\n|-boost|p2a: Zacian|atk|1\n|switch|p1a: Mane of Steel|Necrozma-Dusk-Mane|100\/100\n|\n|-weather|RainDance|[upkeep]\n|upkeep\n|turn|8\n|\n|move|p2a: Zacian|Close Combat|p1a: Mane of Steel\n|-damage|p1a: Mane of Steel|59\/100\n|-unboost|p2a: Zacian|def|1\n|-unboost|p2a: Zacian|spd|1\n|move|p1a: Mane of Steel|Thunder Wave|p2a: Zacian|[miss]\n|-miss|p1a: Mane of Steel|p2a: Zacian\n|\n|-weather|none\n|-heal|p1a: Mane of Steel|65\/100|[from] item: Leftovers\n|upkeep\n|turn|9\n|\n|switch|p2a: Pelipper|Pelipper, F|31\/100\n|-damage|p2a: Pelipper|6\/100|[from] Stealth Rock\n|-weather|RainDance|[from] ability: Drizzle|[of] p2a: Pelipper\n|move|p1a: Mane of Steel|Moonlight|p1a: Mane of Steel\n|-heal|p1a: Mane of Steel|90\/100\n|\n|-weather|RainDance|[upkeep]\n|-heal|p1a: Mane of Steel|96\/100|[from] item: Leftovers\n|upkeep\n|turn|10\n|\n|move|p1a: Mane of Steel|Knock Off|p2a: Pelipper\n|-damage|p2a: Pelipper|0 fnt\n|-enditem|p2a: Pelipper|Damp Rock|[from] move: Knock Off|[of] p1a: Mane of Steel\n|faint|p2a: Pelipper\n|\n|-weather|RainDance|[upkeep]\n|-heal|p1a: Mane of Steel|100\/100|[from] item: Leftovers\n|upkeep\n|\n|switch|p2a: Drednaw|Drednaw, M|100\/100\n|-damage|p2a: Drednaw|88\/100|[from] Stealth Rock\n|turn|11\n|\n|-start|p2a: Drednaw|Dynamax\n|-formechange|p2a: Drednaw|Drednaw-Gmax\n|-heal|p2a: Drednaw|88\/100|[silent]\n|move|p2a: Drednaw|G-Max Stonesurge|p1a: Mane of Steel\n|-damage|p1a: Mane of Steel|28\/100\n|-sidestart|p1: willcoxw|move: Stealth Rock\n|-damage|p2a: Drednaw|83\/100|[from] item: Life Orb\n|move|p1a: Mane of Steel|Thunder Wave|p2a: Drednaw\n|-status|p2a: Drednaw|par\n|\n|-weather|RainDance|[upkeep]\n|-heal|p1a: Mane of Steel|34\/100|[from] item: Leftovers\n|upkeep\n|turn|12\n|\n|move|p2a: Drednaw|Max Quake|p1a: Mane of Steel\n|-supereffective|p1a: Mane of Steel\n|-damage|p1a: Mane of Steel|0 fnt\n|-boost|p2a: Drednaw|spd|1\n|-damage|p2a: Drednaw|78\/100 par|[from] item: Life Orb\n|faint|p1a: Mane of Steel\n|\n|-weather|RainDance|[upkeep]\n|upkeep\n|\n|switch|p1a: Zacian of Steel|Zacian-Crowned|100\/100\n|-damage|p1a: Zacian of Steel|94\/100|[from] Stealth Rock\n|-ability|p1a: Zacian of Steel|Intrepid Sword|boost\n|-boost|p1a: Zacian of Steel|atk|1\n|turn|13\n|\n|move|p1a: Zacian of Steel|Behemoth Blade|p2a: Drednaw\n|-damage|p2a: Drednaw|0 fnt\n|faint|p2a: Drednaw\n|\n|-weather|RainDance|[upkeep]\n|upkeep\n|\n|switch|p2a: Barraskewda|Barraskewda, M|78\/100\n|-damage|p2a: Barraskewda|66\/100|[from] Stealth Rock\n|turn|14\n|\n|switch|p1a: Eternof Toxic|Eternatus|83\/100\n|-damage|p1a: Eternof Toxic|71\/100|[from] Stealth Rock\n|-ability|p1a: Eternof Toxic|Pressure\n|move|p2a: Barraskewda|Liquidation|p1a: Eternof Toxic\n|-resisted|p1a: Eternof Toxic\n|-damage|p1a: Eternof Toxic|29\/100\n|-damage|p2a: Barraskewda|56\/100|[from] item: Life Orb\n|\n|-weather|RainDance|[upkeep]\n|-heal|p1a: Eternof Toxic|36\/100|[from] item: Black Sludge\n|upkeep\n|turn|15\n|\n|move|p2a: Barraskewda|Liquidation|p1a: Eternof Toxic\n|-resisted|p1a: Eternof Toxic\n|-damage|p1a: Eternof Toxic|0 fnt\n|-damage|p2a: Barraskewda|47\/100|[from] item: Life Orb\n|faint|p1a: Eternof Toxic\n|\n|-weather|RainDance|[upkeep]\n|upkeep\n|\n|switch|p1a: Drednaw|Drednaw, M|86\/100\n|-damage|p1a: Drednaw|73\/100|[from] Stealth Rock\n|turn|16\n|\n|move|p2a: Barraskewda|Liquidation|p1a: Drednaw\n|-damage|p1a: Drednaw|0 fnt\n|-damage|p2a: Barraskewda|37\/100|[from] item: Life Orb\n|faint|p1a: Drednaw\n|\n|-weather|none\n|upkeep\n|\n|switch|p1a: Zacian of Steel|Zacian-Crowned|94\/100\n|-damage|p1a: Zacian of Steel|88\/100|[from] Stealth Rock\n|-ability|p1a: Zacian of Steel|Intrepid Sword|boost\n|-boost|p1a: Zacian of Steel|atk|1\n|turn|17\n|\n|move|p1a: Zacian of Steel|Sacred Sword|p2a: Barraskewda\n|-damage|p2a: Barraskewda|0 fnt\n|faint|p2a: Barraskewda\n|\n|upkeep\n|\n|switch|p2a: Zacian|Zacian-Crowned|78\/100\n|-damage|p2a: Zacian|72\/100|[from] Stealth Rock\n|-ability|p2a: Zacian|Intrepid Sword|boost\n|-boost|p2a: Zacian|atk|1\n|turn|18\n|\n|move|p2a: Zacian|Behemoth Blade|p1a: Zacian of Steel\n|-damage|p1a: Zacian of Steel|6\/100\n|move|p1a: Zacian of Steel|Behemoth Blade|p2a: Zacian\n|-damage|p2a: Zacian|0 fnt\n|faint|p2a: Zacian\n|\n|upkeep\n|\n|switch|p2a: Eternatus|Eternatus|100\/100\n|-damage|p2a: Eternatus|88\/100|[from] Stealth Rock\n|-ability|p2a: Eternatus|Pressure\n|turn|19\n|\n|move|p1a: Zacian of Steel|Behemoth Blade|p2a: Eternatus\n|-damage|p2a: Eternatus|28\/100\n|move|p2a: Eternatus|Flamethrower|p1a: Zacian of Steel\n|-supereffective|p1a: Zacian of Steel\n|-damage|p1a: Zacian of Steel|0 fnt\n|faint|p1a: Zacian of Steel\n|\n|upkeep\n|\n|switch|p1a: Urshifu|Urshifu, M|100\/100\n|-damage|p1a: Urshifu|94\/100|[from] Stealth Rock\n|turn|20\n|\n|move|p2a: Eternatus|Recover|p2a: Eternatus\n|-heal|p2a: Eternatus|78\/100\n|move|p1a: Urshifu|Wicked Blow|p2a: Eternatus\n|-crit|p2a: Eternatus\n|-damage|p2a: Eternatus|39\/100\n|\n|-heal|p1a: Urshifu|100\/100|[from] item: Leftovers\n|upkeep\n|turn|21\n|\n|move|p2a: Eternatus|Dynamax Cannon|p1a: Urshifu\n|-damage|p1a: Urshifu|24\/100\n|move|p1a: Urshifu|Bulk Up|p1a: Urshifu\n|-boost|p1a: Urshifu|atk|1\n|-boost|p1a: Urshifu|def|1\n|\n|-heal|p1a: Urshifu|30\/100|[from] item: Leftovers\n|upkeep\n|turn|22\n|\n|move|p2a: Eternatus|Recover|p2a: Eternatus\n|-heal|p2a: Eternatus|89\/100\n|move|p1a: Urshifu|Wicked Blow|p2a: Eternatus\n|-crit|p2a: Eternatus\n|-damage|p2a: Eternatus|34\/100\n|\n|-heal|p1a: Urshifu|36\/100|[from] item: Leftovers\n|upkeep\n|turn|23\n|\n|move|p2a: Eternatus|Dynamax Cannon|p1a: Urshifu\n|-crit|p1a: Urshifu\n|-damage|p1a: Urshifu|0 fnt\n|faint|p1a: Urshifu\n|\n|win|SSaki Haise\n|l|\u2606willcoxw\n|raw|willcoxw's rating: 1732 &rarr; <strong>1705<\/strong><br \/>(-27 for losing)\n|raw|SSaki Haise's rating: 1612 &rarr; <strong>1639<\/strong><br \/>(+27 for winning)\n","uploadtime":1593954905,"views":29,"p1id":"willcoxw","p2id":"ssakihaise","formatid":"gen8ubers","rating":1639,"private":0,"password":null}