{"id":"gen8ubers-1699429990","p1":"rooopos","p2":"Destinum","format":"gen8ubers","log":"|j|\u2606rooopos\n|j|\u2606Destinum\n|t:|1667236000\n|gametype|singles\n|player|p1|rooopos|2|\n|player|p2|Destinum|colress|\n|teamsize|p1|6\n|teamsize|p2|6\n|gen|8\n|tier|[Gen 8] Ubers\n|rule|Sleep Clause Mod: Limit one foe put to sleep\n|rule|Species Clause: Limit one of each Pok\u00e9mon\n|rule|OHKO Clause: OHKO moves are banned\n|rule|Evasion Items Clause: Evasion items are banned\n|rule|Evasion Moves Clause: Evasion moves are banned\n|rule|Endless Battle Clause: Forcing endless battles is banned\n|rule|HP Percentage Mod: HP is shown in percentages\n|rule|Dynamax Clause: You cannot dynamax\n|clearpoke\n|poke|p1|Dragapult, F|\n|poke|p1|Zapdos|\n|poke|p1|Nihilego|\n|poke|p1|Ferrothorn, F|\n|poke|p1|Landorus-Therian, M|\n|poke|p1|Crawdaunt, F|\n|poke|p2|Ninetales-Alola, F|\n|poke|p2|Darmanitan-Galar, M|\n|poke|p2|Cloyster, F|\n|poke|p2|Avalugg, M|\n|poke|p2|Piloswine, M|\n|poke|p2|Kyurem|\n|teampreview\n|c|\u2606rooopos|why is gdarm legal in mono smh\n|c|\u2606Destinum|'Cause git gud.\n|c|\u2606Destinum|Gottem.\n|\n|t:|1667236077\n|start\n|switch|p1a: Ferrothorn|Ferrothorn, F|100\/100\n|switch|p2a: I Choose Violence|Darmanitan-Galar, M|100\/100\n|turn|1\n|\n|t:|1667236089\n|switch|p1a: Zapdos|Zapdos|100\/100\n|move|p2a: I Choose Violence|Flare Blitz|p1a: Zapdos\n|-damage|p1a: Zapdos|48\/100\n|-status|p2a: I Choose Violence|par|[from] ability: Static|[of] p1a: Zapdos\n|-damage|p2a: I Choose Violence|82\/100 par|[from] Recoil\n|\n|upkeep\n|turn|2\n|c|\u2606Destinum|Tits.\n|\n|t:|1667236100\n|switch|p2a: Chris P. Bacon|Piloswine, M|100\/100\n|move|p1a: Zapdos|Roost|p1a: Zapdos\n|-heal|p1a: Zapdos|98\/100\n|-singleturn|p1a: Zapdos|move: Roost\n|\n|upkeep\n|turn|3\n|\n|t:|1667236107\n|switch|p1a: Ferrothorn|Ferrothorn, F|100\/100\n|move|p2a: Chris P. Bacon|Stealth Rock|p1a: Ferrothorn\n|-sidestart|p1: rooopos|move: Stealth Rock\n|\n|upkeep\n|turn|4\n|\n|t:|1667236112\n|switch|p2a: Titanic Terminator|Avalugg, M|100\/100\n|move|p1a: Ferrothorn|Knock Off|p2a: Titanic Terminator\n|-damage|p2a: Titanic Terminator|92\/100\n|-enditem|p2a: Titanic Terminator|Heavy-Duty Boots|[from] move: Knock Off|[of] p1a: Ferrothorn\n|\n|upkeep\n|turn|5\n|j| Standardbandard23\n|\n|t:|1667236121\n|switch|p1a: Landorus|Landorus-Therian, M|100\/100\n|-damage|p1a: Landorus|88\/100|[from] Stealth Rock\n|-ability|p1a: Landorus|Intimidate|boost\n|-unboost|p2a: Titanic Terminator|atk|1\n|move|p2a: Titanic Terminator|Body Press|p1a: Landorus\n|-resisted|p1a: Landorus\n|-damage|p1a: Landorus|68\/100\n|\n|-heal|p1a: Landorus|74\/100|[from] item: Leftovers\n|upkeep\n|turn|6\n|\n|t:|1667236124\n|move|p1a: Landorus|Stealth Rock|p2a: Titanic Terminator\n|-sidestart|p2: Destinum|move: Stealth Rock\n|move|p2a: Titanic Terminator|Avalanche|p1a: Landorus\n|-supereffective|p1a: Landorus\n|-damage|p1a: Landorus|8\/100\n|\n|-heal|p1a: Landorus|14\/100|[from] item: Leftovers\n|upkeep\n|turn|7\n|\n|t:|1667236131\n|move|p1a: Landorus|Earthquake|p2a: Titanic Terminator\n|-damage|p2a: Titanic Terminator|73\/100\n|move|p2a: Titanic Terminator|Rapid Spin|p1a: Landorus\n|-damage|p1a: Landorus|5\/100\n|-boost|p2a: Titanic Terminator|spe|1\n|-sideend|p2: Destinum|Stealth Rock|[from] move: Rapid Spin|[of] p2a: Titanic Terminator\n|\n|-heal|p1a: Landorus|11\/100|[from] item: Leftovers\n|upkeep\n|turn|8\n|\n|t:|1667236144\n|move|p1a: Landorus|Stealth Rock|p2a: Titanic Terminator\n|-sidestart|p2: Destinum|move: Stealth Rock\n|move|p2a: Titanic Terminator|Rapid Spin|p1a: Landorus\n|-damage|p1a: Landorus|3\/100\n|-boost|p2a: Titanic Terminator|spe|1\n|-sideend|p2: Destinum|Stealth Rock|[from] move: Rapid Spin|[of] p2a: Titanic Terminator\n|\n|-heal|p1a: Landorus|9\/100|[from] item: Leftovers\n|upkeep\n|turn|9\n|\n|t:|1667236151\n|move|p1a: Landorus|U-turn|p2a: Titanic Terminator\n|-damage|p2a: Titanic Terminator|64\/100\n|\n|t:|1667236155\n|switch|p1a: Dragapult|Dragapult, F|100\/100|[from]move: U-turn\n|-damage|p1a: Dragapult|88\/100|[from] Stealth Rock\n|move|p2a: Titanic Terminator|Rapid Spin|p1a: Dragapult\n|-immune|p1a: Dragapult\n|\n|upkeep\n|turn|10\n|\n|t:|1667236170\n|switch|p2a: Let It Go|Ninetales-Alola, F|100\/100\n|-weather|Hail|[from] ability: Snow Warning|[of] p2a: Let It Go\n|move|p1a: Dragapult|Shadow Ball|p2a: Let It Go\n|-damage|p2a: Let It Go|38\/100\n|\n|-weather|Hail|[upkeep]\n|-damage|p1a: Dragapult|82\/100|[from] Hail\n|upkeep\n|turn|11\n|\n|t:|1667236181\n|switch|p1a: Ferrothorn|Ferrothorn, F|100\/100\n|-damage|p1a: Ferrothorn|94\/100|[from] Stealth Rock\n|switch|p2a: Chris P. Bacon|Piloswine, M|100\/100\n|\n|-weather|Hail|[upkeep]\n|-damage|p1a: Ferrothorn|88\/100|[from] Hail\n|-heal|p1a: Ferrothorn|94\/100|[from] item: Leftovers\n|upkeep\n|turn|12\n|\n|t:|1667236189\n|switch|p2a: I Choose Violence|Darmanitan-Galar, M|82\/100 par\n|move|p1a: Ferrothorn|Leech Seed|p2a: I Choose Violence\n|-start|p2a: I Choose Violence|move: Leech Seed\n|\n|-weather|Hail|[upkeep]\n|-damage|p1a: Ferrothorn|88\/100|[from] Hail\n|-heal|p1a: Ferrothorn|94\/100|[from] item: Leftovers\n|-damage|p2a: I Choose Violence|69\/100 par|[from] Leech Seed|[of] p1a: Ferrothorn\n|-heal|p1a: Ferrothorn|100\/100|[silent]\n|upkeep\n|turn|13\n|\n|t:|1667236194\n|switch|p1a: Landorus|Landorus-Therian, M|9\/100\n|-damage|p1a: Landorus|0 fnt|[from] Stealth Rock\n|faint|p1a: Landorus\n|move|p2a: I Choose Violence|Flare Blitz|p1: Landorus|[notarget]\n|-fail|p2a: I Choose Violence\n|\n|-weather|Hail|[upkeep]\n|upkeep\n|\n|t:|1667236209\n|switch|p1a: Dragapult|Dragapult, F|82\/100\n|-damage|p1a: Dragapult|70\/100|[from] Stealth Rock\n|turn|14\n|\n|t:|1667236218\n|switch|p2a: Chris P. Bacon|Piloswine, M|100\/100\n|move|p1a: Dragapult|Shadow Ball|p2a: Chris P. Bacon\n|-crit|p2a: Chris P. Bacon\n|-damage|p2a: Chris P. Bacon|55\/100\n|\n|-weather|none\n|upkeep\n|turn|15\n|\n|t:|1667236225\n|move|p2a: Chris P. Bacon|Ice Shard|p1a: Dragapult\n|-supereffective|p1a: Dragapult\n|-damage|p1a: Dragapult|30\/100\n|move|p1a: Dragapult|Shadow Ball|p2a: Chris P. Bacon\n|-damage|p2a: Chris P. Bacon|26\/100\n|\n|upkeep\n|turn|16\n|\n|t:|1667236229\n|switch|p1a: Ferrothorn|Ferrothorn, F|100\/100\n|-damage|p1a: Ferrothorn|94\/100|[from] Stealth Rock\n|move|p2a: Chris P. Bacon|Ice Shard|p1a: Ferrothorn\n|-damage|p1a: Ferrothorn|86\/100\n|\n|-heal|p1a: Ferrothorn|92\/100|[from] item: Leftovers\n|upkeep\n|turn|17\n|\n|t:|1667236239\n|switch|p2a: Titanic Terminator|Avalugg, M|64\/100\n|move|p1a: Ferrothorn|Knock Off|p2a: Titanic Terminator\n|-damage|p2a: Titanic Terminator|58\/100\n|\n|-heal|p1a: Ferrothorn|98\/100|[from] item: Leftovers\n|upkeep\n|turn|18\n|\n|t:|1667236244\n|switch|p1a: Nihilego|Nihilego|100\/100\n|-damage|p1a: Nihilego|88\/100|[from] Stealth Rock\n|move|p2a: Titanic Terminator|Recover|p2a: Titanic Terminator\n|-heal|p2a: Titanic Terminator|100\/100\n|\n|upkeep\n|turn|19\n|\n|t:|1667236250\n|move|p1a: Nihilego|Meteor Beam||[still]\n|-prepare|p1a: Nihilego|Meteor Beam\n|-boost|p1a: Nihilego|spa|1\n|-enditem|p1a: Nihilego|Power Herb\n|-anim|p1a: Nihilego|Meteor Beam|p2a: Titanic Terminator\n|-supereffective|p2a: Titanic Terminator\n|-ability|p2a: Titanic Terminator|Sturdy\n|-damage|p2a: Titanic Terminator|1\/100\n|move|p2a: Titanic Terminator|Body Press|p1a: Nihilego\n|-damage|p1a: Nihilego|33\/100\n|\n|upkeep\n|turn|20\n|j| Salfy\n|c| Standardbandard23|ngl surprised nihil lived thaat\n|c|\u2606Destinum|Same tbh.\n|c|\u2606rooopos|me too\n|\n|t:|1667236327\n|switch|p2a: Let It Go|Ninetales-Alola, F|38\/100\n|-weather|Hail|[from] ability: Snow Warning|[of] p2a: Let It Go\n|move|p1a: Nihilego|Power Gem|p2a: Let It Go\n|-supereffective|p2a: Let It Go\n|-damage|p2a: Let It Go|0 fnt\n|faint|p2a: Let It Go\n|-ability|p1a: Nihilego|Beast Boost|boost\n|-boost|p1a: Nihilego|spe|1\n|\n|-weather|Hail|[upkeep]\n|-damage|p1a: Nihilego|27\/100|[from] Hail\n|upkeep\n|\n|t:|1667236330\n|switch|p2a: Skill Difference|Cloyster, F|100\/100\n|turn|21\n|\n|t:|1667236349\n|move|p1a: Nihilego|Power Gem|p2a: Skill Difference\n|-supereffective|p2a: Skill Difference\n|-enditem|p2a: Skill Difference|Focus Sash\n|-damage|p2a: Skill Difference|1\/100\n|move|p2a: Skill Difference|Shell Smash|p2a: Skill Difference\n|-unboost|p2a: Skill Difference|def|1\n|-unboost|p2a: Skill Difference|spd|1\n|-boost|p2a: Skill Difference|atk|2\n|-boost|p2a: Skill Difference|spa|2\n|-boost|p2a: Skill Difference|spe|2\n|\n|-weather|Hail|[upkeep]\n|-damage|p1a: Nihilego|21\/100|[from] Hail\n|upkeep\n|turn|22\n|\n|t:|1667236353\n|move|p2a: Skill Difference|Icicle Spear|p1a: Nihilego\n|-damage|p1a: Nihilego|0 fnt\n|faint|p1a: Nihilego\n|-hitcount|p1: Nihilego|1\n|\n|-weather|Hail|[upkeep]\n|upkeep\n|\n|t:|1667236356\n|switch|p1a: Ferrothorn|Ferrothorn, F|98\/100\n|-damage|p1a: Ferrothorn|92\/100|[from] Stealth Rock\n|turn|23\n|\n|t:|1667236360\n|move|p2a: Skill Difference|Icicle Spear|p1a: Ferrothorn\n|-damage|p1a: Ferrothorn|81\/100\n|-damage|p1a: Ferrothorn|68\/100\n|-damage|p1a: Ferrothorn|56\/100\n|-damage|p1a: Ferrothorn|44\/100\n|-damage|p1a: Ferrothorn|33\/100\n|-hitcount|p1a: Ferrothorn|5\n|move|p1a: Ferrothorn|Body Press|p2a: Skill Difference\n|-supereffective|p2a: Skill Difference\n|-damage|p2a: Skill Difference|0 fnt\n|faint|p2a: Skill Difference\n|\n|-weather|Hail|[upkeep]\n|-damage|p1a: Ferrothorn|27\/100|[from] Hail\n|-heal|p1a: Ferrothorn|33\/100|[from] item: Leftovers\n|upkeep\n|\n|t:|1667236370\n|switch|p2a: Titanic Terminator|Avalugg, M|1\/100\n|turn|24\n|c|\u2606rooopos|shit why did i do tht\n|\n|t:|1667236379\n|move|p2a: Titanic Terminator|Recover|p2a: Titanic Terminator\n|-heal|p2a: Titanic Terminator|51\/100\n|move|p1a: Ferrothorn|Leech Seed|p2a: Titanic Terminator\n|-start|p2a: Titanic Terminator|move: Leech Seed\n|\n|-weather|none\n|-heal|p1a: Ferrothorn|39\/100|[from] item: Leftovers\n|-damage|p2a: Titanic Terminator|38\/100|[from] Leech Seed|[of] p1a: Ferrothorn\n|-heal|p1a: Ferrothorn|53\/100|[silent]\n|upkeep\n|turn|25\n|\n|t:|1667236386\n|switch|p1a: Zapdos|Zapdos|98\/100\n|move|p2a: Titanic Terminator|Body Press|p1a: Zapdos\n|-resisted|p1a: Zapdos\n|-damage|p1a: Zapdos|81\/100\n|-status|p2a: Titanic Terminator|par|[from] ability: Static|[of] p1a: Zapdos\n|\n|-damage|p2a: Titanic Terminator|26\/100 par|[from] Leech Seed|[of] p1a: Zapdos\n|-heal|p1a: Zapdos|94\/100|[silent]\n|upkeep\n|turn|26\n|\n|t:|1667236401\n|switch|p2a: A Madafaking T-Rex|Kyurem|100\/100\n|-ability|p2a: A Madafaking T-Rex|Pressure\n|move|p1a: Zapdos|Heat Wave|p2a: A Madafaking T-Rex\n|-damage|p2a: A Madafaking T-Rex|74\/100\n|\n|upkeep\n|turn|27\n|c| Standardbandard23|static IS 100% chance\n|c|\u2606Destinum|Yup.\n|c|\u2606rooopos|i made this game uneccessarily hard\n|\n|t:|1667236431\n|move|p2a: A Madafaking T-Rex|Freeze-Dry|p1a: Zapdos\n|-supereffective|p1a: Zapdos\n|-damage|p1a: Zapdos|0 fnt\n|faint|p1a: Zapdos\n|\n|upkeep\n|\n|t:|1667236476\n|switch|p1a: Crawdaunt|Crawdaunt, F|100\/100\n|-damage|p1a: Crawdaunt|88\/100|[from] Stealth Rock\n|turn|28\n|\n|t:|1667236481\n|move|p2a: A Madafaking T-Rex|Freeze-Dry|p1a: Crawdaunt\n|-supereffective|p1a: Crawdaunt\n|-damage|p1a: Crawdaunt|0 fnt\n|faint|p1a: Crawdaunt\n|\n|upkeep\n|\n|t:|1667236485\n|switch|p1a: Ferrothorn|Ferrothorn, F|53\/100\n|-damage|p1a: Ferrothorn|47\/100|[from] Stealth Rock\n|turn|29\n|\n|t:|1667236488\n|move|p2a: A Madafaking T-Rex|Freeze-Dry|p1a: Ferrothorn\n|-crit|p1a: Ferrothorn\n|-damage|p1a: Ferrothorn|0 fnt\n|faint|p1a: Ferrothorn\n|\n|upkeep\n|\n|t:|1667236491\n|switch|p1a: Dragapult|Dragapult, F|30\/100\n|-damage|p1a: Dragapult|18\/100|[from] Stealth Rock\n|turn|30\n|c|\u2606Destinum|gg\n|\n|t:|1667236495\n|move|p1a: Dragapult|Shadow Ball|p2a: A Madafaking T-Rex\n|-damage|p2a: A Madafaking T-Rex|22\/100\n|move|p2a: A Madafaking T-Rex|Freeze-Dry|p1a: Dragapult\n|-supereffective|p1a: Dragapult\n|-damage|p1a: Dragapult|0 fnt\n|faint|p1a: Dragapult\n|\n|win|Destinum\n|c|\u2606rooopos|gg\n|l| Standardbandard23\n","uploadtime":1667236501,"views":18,"p1id":"rooopos","p2id":"destinum","formatid":"gen8ubers","rating":0,"private":0,"password":null}