{"id":"gen8ou-1692275869","p1":"Cowsrule247","p2":"metrobotalt","format":"gen8ou","log":"|html|<div class=\"broadcast-blue\"><strong>[Gen 8] OU is currently suspecting Melmetal! For information on how to participate check out the <a href=\"https:\/\/www.smogon.com\/forums\/threads\/np-ss-ou-suspect-process-round-12-monster-mash.3709234\/\">suspect thread<\/a>.<\/strong><\/div>\n|j|\u2606Cowsrule247\n|j|\u2606metrobotalt\n|t:|1666468362\n|gametype|singles\n|player|p1|Cowsrule247|skyla|1447\n|player|p2|metrobotalt|hilbert-wonderlauncher|1493\n|teamsize|p1|6\n|teamsize|p2|6\n|gen|8\n|tier|[Gen 8] OU\n|rated|\n|rule|Sleep Clause Mod: Limit one foe put to sleep\n|rule|Species Clause: Limit one of each Pok\u00e9mon\n|rule|OHKO Clause: OHKO moves are banned\n|rule|Evasion Items Clause: Evasion items are banned\n|rule|Evasion Moves Clause: Evasion moves are banned\n|rule|Endless Battle Clause: Forcing endless battles is banned\n|rule|HP Percentage Mod: HP is shown in percentages\n|rule|Dynamax Clause: You cannot dynamax\n|clearpoke\n|poke|p1|Corviknight, F|\n|poke|p1|Gastrodon-East, F|\n|poke|p1|Toxapex, F|\n|poke|p1|Buzzwole|\n|poke|p1|Clefable, F|\n|poke|p1|Blissey, F|\n|poke|p2|Toxtricity-Low-Key, M|\n|poke|p2|Urshifu-*, M|\n|poke|p2|Kartana|\n|poke|p2|Slowking, M|\n|poke|p2|Heatran, M|\n|poke|p2|Landorus-Therian, M|\n|teampreview\n|inactive|Battle timer is ON: inactive players will automatically lose when time's up. (requested by metrobotalt)\n|inactive|Cowsrule247 also wants the timer to be on.\n|inactive|metrobotalt has 120 seconds left.\n|\n|t:|1666468420\n|start\n|switch|p1a: HitEmFromTheEast|Gastrodon-East, F|100\/100\n|switch|p2a: Slowking|Slowking, M, shiny|100\/100\n|turn|1\n|\n|t:|1666468432\n|switch|p2a: Kartana|Kartana, shiny|100\/100\n|move|p1a: HitEmFromTheEast|Toxic|p2a: Kartana\n|-immune|p2a: Kartana\n|\n|upkeep\n|turn|2\n|\n|t:|1666468441\n|switch|p1a: SWOLE|Buzzwole, shiny|100\/100\n|move|p2a: Kartana|Leaf Blade|p1a: SWOLE\n|-resisted|p1a: SWOLE\n|-damage|p1a: SWOLE|83\/100\n|\n|upkeep\n|turn|3\n|\n|t:|1666468454\n|switch|p2a: Slowking|Slowking, M, shiny|100\/100\n|move|p1a: SWOLE|Leech Life|p2a: Slowking\n|-supereffective|p2a: Slowking\n|-damage|p2a: Slowking|24\/100\n|-heal|p1a: SWOLE|100\/100|[from] drain|[of] p2a: Slowking\n|-enditem|p2a: Slowking|Eject Button\n|\n|t:|1666468460\n|switch|p2a: Toxtricity|Toxtricity-Low-Key, M, shiny|100\/100\n|\n|upkeep\n|turn|4\n|\n|t:|1666468466\n|switch|p1a: HitEmFromTheEast|Gastrodon-East, F|100\/100\n|move|p2a: Toxtricity|Boomburst|p1a: HitEmFromTheEast\n|-damage|p1a: HitEmFromTheEast|41\/100\n|\n|-heal|p1a: HitEmFromTheEast|47\/100|[from] item: Leftovers\n|upkeep\n|turn|5\n|\n|t:|1666468476\n|switch|p2a: Heatran|Heatran, M, shiny|100\/100\n|switch|p1a: thicc|Blissey, F|100\/100\n|\n|upkeep\n|turn|6\n|\n|t:|1666468487\n|switch|p1a: ;)|Toxapex, F|100\/100\n|move|p2a: Heatran|Stealth Rock|p1a: ;)\n|-sidestart|p1: Cowsrule247|move: Stealth Rock\n|\n|upkeep\n|turn|7\n|\n|t:|1666468493\n|move|p2a: Heatran|Magma Storm|p1a: ;)|[miss]\n|-miss|p2a: Heatran|p1a: ;)\n|move|p1a: ;)|Scald|p2a: Heatran\n|-supereffective|p2a: Heatran\n|-damage|p2a: Heatran|82\/100\n|\n|-heal|p2a: Heatran|88\/100|[from] item: Leftovers\n|upkeep\n|turn|8\n|\n|t:|1666468503\n|move|p2a: Heatran|Magma Storm|p1a: ;)|[miss]\n|-miss|p2a: Heatran|p1a: ;)\n|move|p1a: ;)|Knock Off|p2a: Heatran\n|-damage|p2a: Heatran|75\/100\n|-enditem|p2a: Heatran|Leftovers|[from] move: Knock Off|[of] p1a: ;)\n|\n|upkeep\n|turn|9\n|\n|t:|1666468512\n|switch|p2a: Toxtricity|Toxtricity-Low-Key, M, shiny|100\/100\n|move|p1a: ;)|Scald|p2a: Toxtricity\n|-crit|p2a: Toxtricity\n|-damage|p2a: Toxtricity|60\/100\n|\n|upkeep\n|turn|10\n|\n|t:|1666468520\n|switch|p1a: thicc|Blissey, F|100\/100\n|move|p2a: Toxtricity|Boomburst|p1a: thicc\n|-damage|p1a: thicc|67\/100\n|\n|upkeep\n|turn|11\n|\n|t:|1666468526\n|move|p2a: Toxtricity|Boomburst|p1a: thicc\n|-damage|p1a: thicc|30\/100\n|move|p1a: thicc|Stealth Rock|p2a: Toxtricity\n|-sidestart|p2: metrobotalt|move: Stealth Rock\n|\n|upkeep\n|turn|12\n|\n|t:|1666468533\n|switch|p1a: Caw Bitch|Corviknight, F|100\/100\n|-damage|p1a: Caw Bitch|88\/100|[from] Stealth Rock\n|-ability|p1a: Caw Bitch|Pressure\n|move|p2a: Toxtricity|Boomburst|p1a: Caw Bitch\n|-resisted|p1a: Caw Bitch\n|-damage|p1a: Caw Bitch|50\/100\n|\n|-heal|p1a: Caw Bitch|56\/100|[from] item: Leftovers\n|upkeep\n|turn|13\n|\n|t:|1666468542\n|move|p2a: Toxtricity|Boomburst|p1a: Caw Bitch\n|-resisted|p1a: Caw Bitch\n|-damage|p1a: Caw Bitch|17\/100\n|move|p1a: Caw Bitch|Roost|p1a: Caw Bitch\n|-heal|p1a: Caw Bitch|67\/100\n|-singleturn|p1a: Caw Bitch|move: Roost\n|\n|-heal|p1a: Caw Bitch|73\/100|[from] item: Leftovers\n|upkeep\n|turn|14\n|\n|t:|1666468557\n|switch|p2a: Landorus|Landorus-Therian, M, shiny|100\/100\n|-damage|p2a: Landorus|88\/100|[from] Stealth Rock\n|-ability|p2a: Landorus|Intimidate|boost\n|-unboost|p1a: Caw Bitch|atk|1\n|move|p1a: Caw Bitch|Defog|p2a: Landorus\n|-unboost|p2a: Landorus|evasion|1\n|-sideend|p2: metrobotalt|Stealth Rock|[from] move: Defog|[of] p1a: Caw Bitch\n|-sideend|p1: Cowsrule247|Stealth Rock|[from] move: Defog|[of] p1a: Caw Bitch\n|\n|-heal|p1a: Caw Bitch|80\/100|[from] item: Leftovers\n|-heal|p2a: Landorus|94\/100|[from] item: Leftovers\n|upkeep\n|turn|15\n|\n|t:|1666468567\n|move|p1a: Caw Bitch|Iron Defense|p1a: Caw Bitch\n|-boost|p1a: Caw Bitch|def|2\n|move|p2a: Landorus|U-turn|p1a: Caw Bitch\n|-resisted|p1a: Caw Bitch\n|-crit|p1a: Caw Bitch\n|-damage|p1a: Caw Bitch|74\/100\n|\n|t:|1666468572\n|switch|p2a: Heatran|Heatran, M, shiny|75\/100|[from]move: U-turn\n|\n|-heal|p1a: Caw Bitch|81\/100|[from] item: Leftovers\n|upkeep\n|turn|16\n|\n|t:|1666468577\n|switch|p1a: ;)|Toxapex, F|100\/100\n|move|p2a: Heatran|Magma Storm|p1a: ;)\n|-resisted|p1a: ;)\n|-damage|p1a: ;)|81\/100\n|-activate|p1a: ;)|move: Magma Storm|[of] p2a: Heatran\n|\n|-damage|p1a: ;)|69\/100|[from] move: Magma Storm|[partiallytrapped]\n|upkeep\n|turn|17\n|\n|t:|1666468584\n|move|p2a: Heatran|Earth Power|p1a: ;)\n|-supereffective|p1a: ;)\n|-damage|p1a: ;)|24\/100\n|move|p1a: ;)|Scald|p2a: Heatran\n|-supereffective|p2a: Heatran\n|-damage|p2a: Heatran|57\/100\n|\n|-damage|p1a: ;)|11\/100|[from] move: Magma Storm|[partiallytrapped]\n|upkeep\n|turn|18\n|\n|t:|1666468601\n|switch|p2a: Toxtricity|Toxtricity-Low-Key, M, shiny|60\/100\n|switch|p1a: HitEmFromTheEast|Gastrodon-East, F|47\/100\n|\n|-heal|p1a: HitEmFromTheEast|53\/100|[from] item: Leftovers\n|upkeep\n|turn|19\n|\n|t:|1666468620\n|switch|p1a: Caw Bitch|Corviknight, F|81\/100\n|-ability|p1a: Caw Bitch|Pressure\n|move|p2a: Toxtricity|Boomburst|p1a: Caw Bitch\n|-resisted|p1a: Caw Bitch\n|-damage|p1a: Caw Bitch|36\/100\n|\n|-heal|p1a: Caw Bitch|42\/100|[from] item: Leftovers\n|upkeep\n|turn|20\n|\n|t:|1666468628\n|move|p2a: Toxtricity|Boomburst|p1a: Caw Bitch\n|-resisted|p1a: Caw Bitch\n|-damage|p1a: Caw Bitch|0 fnt\n|faint|p1a: Caw Bitch\n|\n|upkeep\n|c|\u2606metrobotalt|grrr BAOW\n|\n|t:|1666468644\n|switch|p1a: Treble|Clefable, F|100\/100\n|turn|21\n|\n|t:|1666468646\n|move|p2a: Toxtricity|Boomburst|p1a: Treble\n|-damage|p1a: Treble|28\/100\n|move|p1a: Treble|Wish|p1a: Treble\n|\n|-heal|p1a: Treble|34\/100|[from] item: Leftovers\n|upkeep\n|turn|22\n|\n|t:|1666468655\n|switch|p1a: ;)|Toxapex, F|45\/100\n|move|p2a: Toxtricity|Boomburst|p1a: ;)\n|-damage|p1a: ;)|0 fnt\n|faint|p1a: ;)\n|\n|upkeep\n|-message|Cowsrule247 forfeited.\n|\n|win|metrobotalt\n|raw|Cowsrule247's rating: 1447 &rarr; <strong>1430<\/strong><br \/>(-17 for losing)\n|raw|metrobotalt's rating: 1493 &rarr; <strong>1510<\/strong><br \/>(+17 for winning)\n|l|\u2606Cowsrule247\n||Ladder isn't responding, score probably updated but might not have (Request timeout).\n","uploadtime":1666468666,"views":5,"p1id":"cowsrule247","p2id":"metrobotalt","formatid":"gen8ou","rating":1430,"private":0,"password":null}