{"id":"gen8ou-1694963663","p1":"jeandonis02","p2":"Kwaga","format":"gen8ou","log":"|html|<div class=\"broadcast-blue\"><strong>[Gen 8] OU is currently suspecting Melmetal! For information on how to participate check out the <a href=\"https:\/\/www.smogon.com\/forums\/threads\/np-ss-ou-suspect-process-round-12-monster-mash.3709234\/\">suspect thread<\/a>.<\/strong><\/div>\n|j|\u2606jeandonis02\n|j|\u2606Kwaga\n|t:|1666747384\n|gametype|singles\n|player|p1|jeandonis02|lucas|1551\n|player|p2|Kwaga|brock-gen1rb|1667\n|teamsize|p1|6\n|teamsize|p2|6\n|gen|8\n|tier|[Gen 8] OU\n|rated|\n|rule|Sleep Clause Mod: Limit one foe put to sleep\n|rule|Species Clause: Limit one of each Pok\u00e9mon\n|rule|OHKO Clause: OHKO moves are banned\n|rule|Evasion Items Clause: Evasion items are banned\n|rule|Evasion Moves Clause: Evasion moves are banned\n|rule|Endless Battle Clause: Forcing endless battles is banned\n|rule|HP Percentage Mod: HP is shown in percentages\n|rule|Dynamax Clause: You cannot dynamax\n|clearpoke\n|poke|p1|Zeraora|\n|poke|p1|Toxapex, F|\n|poke|p1|Garchomp, M|\n|poke|p1|Rotom-Wash|\n|poke|p1|Ferrothorn, M|\n|poke|p1|Charizard, M|\n|poke|p2|Tapu Lele|\n|poke|p2|Urshifu-*, M|\n|poke|p2|Zeraora|\n|poke|p2|Slowking, M|\n|poke|p2|Heatran, M|\n|poke|p2|Mandibuzz, F|\n|teampreview\n|\n|t:|1666747407\n|start\n|switch|p1a: Garchomp|Garchomp, M|100\/100\n|switch|p2a: Tapu Lele|Tapu Lele, shiny|100\/100\n|-fieldstart|move: Psychic Terrain|[from] ability: Psychic Surge|[of] p2a: Tapu Lele\n|turn|1\n|\n|t:|1666747412\n|move|p2a: Tapu Lele|Moonblast|p1a: Garchomp\n|-supereffective|p1a: Garchomp\n|-damage|p1a: Garchomp|0 fnt\n|faint|p1a: Garchomp\n|\n|upkeep\n|inactive|Battle timer is ON: inactive players will automatically lose when time's up. (requested by jeandonis02)\n|\n|t:|1666747415\n|switch|p1a: Ferrothorn|Ferrothorn, M|100\/100\n|turn|2\n|\n|t:|1666747418\n|switch|p2a: Slowking|Slowking, M|100\/100\n|move|p1a: Ferrothorn|Body Press|p2a: Slowking\n|-resisted|p2a: Slowking\n|-damage|p2a: Slowking|88\/100\n|-enditem|p2a: Slowking|Eject Button\n|j| megazul\n|\n|t:|1666747420\n|switch|p2a: Heatran|Heatran, M|100\/100\n|-item|p2a: Heatran|Air Balloon\n|\n|upkeep\n|turn|3\n|\n|t:|1666747423\n|move|p2a: Heatran|Magma Storm|p1a: Ferrothorn\n|-supereffective|p1a: Ferrothorn\n|-damage|p1a: Ferrothorn|0 fnt\n|faint|p1a: Ferrothorn\n|\n|upkeep\n|\n|t:|1666747425\n|switch|p1a: Rotom|Rotom-Wash|100\/100\n|turn|4\n|\n|t:|1666747429\n|switch|p2a: Slowking|Slowking, M|100\/100\n|move|p1a: Rotom|Volt Switch|p2a: Slowking\n|-supereffective|p2a: Slowking\n|-damage|p2a: Slowking|70\/100\n|\n|t:|1666747431\n|switch|p1a: Zeraora|Zeraora|100\/100|[from]move: Volt Switch\n|\n|upkeep\n|turn|5\n|\n|t:|1666747445\n|switch|p2a: Mandibuzz|Mandibuzz, F|100\/100\n|move|p1a: Zeraora|Knock Off|p2a: Mandibuzz\n|-resisted|p2a: Mandibuzz\n|-damage|p2a: Mandibuzz|91\/100\n|-enditem|p2a: Mandibuzz|Heavy-Duty Boots|[from] move: Knock Off|[of] p1a: Zeraora\n|\n|-fieldend|move: Psychic Terrain\n|upkeep\n|turn|6\n|\n|t:|1666747452\n|switch|p1a: Rotom|Rotom-Wash|100\/100\n|move|p2a: Mandibuzz|Foul Play|p1a: Rotom\n|-damage|p1a: Rotom|86\/100\n|\n|-heal|p1a: Rotom|92\/100|[from] item: Leftovers\n|upkeep\n|turn|7\n|\n|t:|1666747455\n|switch|p2a: Zeraora|Zeraora|100\/100\n|move|p1a: Rotom|Volt Switch|p2a: Zeraora\n|-immune|p2a: Zeraora|[from] ability: Volt Absorb\n|\n|-heal|p1a: Rotom|98\/100|[from] item: Leftovers\n|upkeep\n|turn|8\n|l| megazul\n|\n|t:|1666747461\n|move|p2a: Zeraora|Knock Off|p1a: Rotom\n|-damage|p1a: Rotom|71\/100\n|-enditem|p1a: Rotom|Leftovers|[from] move: Knock Off|[of] p2a: Zeraora\n|move|p1a: Rotom|Will-O-Wisp|p2a: Zeraora|[miss]\n|-miss|p1a: Rotom|p2a: Zeraora\n|\n|upkeep\n|turn|9\n|\n|t:|1666747466\n|switch|p2a: Slowking|Slowking, M|100\/100\n|move|p1a: Rotom|Volt Switch|p2a: Slowking\n|-supereffective|p2a: Slowking\n|-damage|p2a: Slowking|68\/100\n|\n|t:|1666747468\n|switch|p1a: Zeraora|Zeraora|100\/100|[from]move: Volt Switch\n|\n|upkeep\n|turn|10\n|\n|t:|1666747471\n|switch|p2a: Mandibuzz|Mandibuzz, F|91\/100\n|move|p1a: Zeraora|Plasma Fists|p2a: Mandibuzz\n|-supereffective|p2a: Mandibuzz\n|-damage|p2a: Mandibuzz|32\/100\n|-fieldactivate|move: Ion Deluge\n|-hint|Normal-type moves become Electric-type after using Plasma Fists.\n|\n|upkeep\n|turn|11\n|\n|t:|1666747474\n|move|p1a: Zeraora|Play Rough|p2a: Mandibuzz\n|-supereffective|p2a: Mandibuzz\n|-damage|p2a: Mandibuzz|0 fnt\n|faint|p2a: Mandibuzz\n|\n|upkeep\n|\n|t:|1666747478\n|switch|p2a: Tapu Lele|Tapu Lele, shiny|100\/100\n|-fieldstart|move: Psychic Terrain|[from] ability: Psychic Surge|[of] p2a: Tapu Lele\n|turn|12\n|\n|t:|1666747480\n|move|p2a: Tapu Lele|Psychic|p1a: Zeraora\n|-damage|p1a: Zeraora|7\/100\n|move|p1a: Zeraora|Knock Off|p2a: Tapu Lele\n|-damage|p2a: Tapu Lele|50\/100\n|-enditem|p2a: Tapu Lele|Choice Scarf|[from] move: Knock Off|[of] p1a: Zeraora\n|\n|upkeep\n|turn|13\n|\n|t:|1666747484\n|move|p1a: Zeraora|Close Combat|p2a: Tapu Lele\n|-resisted|p2a: Tapu Lele\n|-damage|p2a: Tapu Lele|37\/100\n|-unboost|p1a: Zeraora|def|1\n|-unboost|p1a: Zeraora|spd|1\n|move|p2a: Tapu Lele|Psychic|p1a: Zeraora\n|-crit|p1a: Zeraora\n|-damage|p1a: Zeraora|0 fnt\n|faint|p1a: Zeraora\n|\n|upkeep\n|\n|t:|1666747486\n|switch|p1a: Rotom|Rotom-Wash|71\/100\n|turn|14\n|\n|t:|1666747488\n|move|p2a: Tapu Lele|Psychic|p1a: Rotom\n|-damage|p1a: Rotom|6\/100\n|move|p1a: Rotom|Hydro Pump|p2a: Tapu Lele\n|-damage|p2a: Tapu Lele|0 fnt\n|faint|p2a: Tapu Lele\n|\n|upkeep\n|\n|t:|1666747493\n|switch|p2a: Zeraora|Zeraora|100\/100\n|turn|15\n|\n|t:|1666747495\n|move|p2a: Zeraora|Plasma Fists|p1a: Rotom\n|-damage|p1a: Rotom|0 fnt\n|-fieldactivate|move: Ion Deluge\n|-hint|Normal-type moves become Electric-type after using Plasma Fists.\n|faint|p1a: Rotom\n|\n|upkeep\n|\n|t:|1666747496\n|switch|p1a: Toxapex|Toxapex, F|100\/100\n|turn|16\n|\n|t:|1666747499\n|switch|p2a: Slowking|Slowking, M|100\/100\n|move|p1a: Toxapex|Baneful Bunker||[still]\n|-fail|p1a: Toxapex\n|\n|-fieldend|move: Psychic Terrain\n|upkeep\n|turn|17\n|\n|t:|1666747503\n|move|p1a: Toxapex|Toxic|p2a: Slowking\n|-status|p2a: Slowking|tox\n|move|p2a: Slowking|Future Sight|p1a: Toxapex\n|-start|p2a: Slowking|move: Future Sight\n|\n|-damage|p2a: Slowking|94\/100 tox|[from] psn\n|upkeep\n|turn|18\n|\n|t:|1666747505\n|move|p1a: Toxapex|Scald|p2a: Slowking\n|-resisted|p2a: Slowking\n|-damage|p2a: Slowking|89\/100 tox\n|move|p2a: Slowking|Teleport|p2a: Slowking\n|\n|t:|1666747512\n|switch|p2a: Zeraora|Zeraora|100\/100|[from]move: Teleport\n|\n|upkeep\n|turn|19\n|\n|t:|1666747524\n|move|p2a: Zeraora|Bulk Up|p2a: Zeraora\n|-boost|p2a: Zeraora|atk|1\n|-boost|p2a: Zeraora|def|1\n|move|p1a: Toxapex|Toxic|p2a: Zeraora\n|-status|p2a: Zeraora|tox\n|\n|-end|p1a: Toxapex|move: Future Sight\n|-supereffective|p1a: Toxapex\n|-damage|p1a: Toxapex|52\/100\n|-heal|p1a: Toxapex|59\/100|[from] item: Black Sludge\n|-damage|p2a: Zeraora|95\/100 tox|[from] psn\n|upkeep\n|turn|20\n|\n|t:|1666747527\n|move|p1a: Toxapex|Baneful Bunker|p1a: Toxapex\n|-singleturn|p1a: Toxapex|move: Protect\n|move|p2a: Zeraora|Bulk Up|p2a: Zeraora\n|-boost|p2a: Zeraora|atk|1\n|-boost|p2a: Zeraora|def|1\n|\n|-heal|p1a: Toxapex|65\/100|[from] item: Black Sludge\n|-damage|p2a: Zeraora|83\/100 tox|[from] psn\n|upkeep\n|turn|21\n|\n|t:|1666747529\n|move|p2a: Zeraora|Plasma Fists|p1a: Toxapex\n|-supereffective|p1a: Toxapex\n|-damage|p1a: Toxapex|0 fnt\n|-fieldactivate|move: Ion Deluge\n|-hint|Normal-type moves become Electric-type after using Plasma Fists.\n|faint|p1a: Toxapex\n|\n|-damage|p2a: Zeraora|65\/100 tox|[from] psn\n|upkeep\n|\n|t:|1666747531\n|switch|p1a: Charizard|Charizard, M|100\/100\n|turn|22\n|-message|jeandonis02 forfeited.\n|\n|win|Kwaga\n|raw|jeandonis02's rating: 1551 &rarr; <strong>1537<\/strong><br \/>(-14 for losing)\n|raw|Kwaga's rating: 1667 &rarr; <strong>1681<\/strong><br \/>(+14 for winning)\n|l|\u2606jeandonis02\n","uploadtime":1666747540,"views":5,"p1id":"jeandonis02","p2id":"kwaga","formatid":"gen8ou","rating":1537,"private":0,"password":null}