{"id":"gen8ou-1584294795","p1":"dasnoodledrop","p2":"Scoots Mgee","format":"gen8ou","log":"|j|\u2606dasnoodledrop\n|j|\u2606Scoots Mgee\n|t:|1653694251\n|gametype|singles\n|player|p1|dasnoodledrop|rood|1479\n|player|p2|Scoots Mgee|acetrainerf|1384\n|teamsize|p1|6\n|teamsize|p2|6\n|gen|8\n|tier|[Gen 8] OU\n|rated|\n|rule|Sleep Clause Mod: Limit one foe put to sleep\n|rule|Species Clause: Limit one of each Pok\u00e9mon\n|rule|OHKO Clause: OHKO moves are banned\n|rule|Evasion Moves Clause: Evasion moves are banned\n|rule|Endless Battle Clause: Forcing endless battles is banned\n|rule|HP Percentage Mod: HP is shown in percentages\n|rule|Dynamax Clause: You cannot dynamax\n|clearpoke\n|poke|p1|Kommo-o, M|\n|poke|p1|Rillaboom, M|\n|poke|p1|Urshifu-*, M|\n|poke|p1|Tapu Lele|\n|poke|p1|Heatran, F|\n|poke|p1|Tornadus-Therian, M|\n|poke|p2|Tapu Lele|\n|poke|p2|Dragapult, M|\n|poke|p2|Zeraora|\n|poke|p2|Ferrothorn, F|\n|poke|p2|Landorus-Therian, M|\n|poke|p2|Heatran, M|\n|teampreview\n|inactive|Battle timer is ON: inactive players will automatically lose when time's up. (requested by Scoots Mgee)\n|\n|t:|1653694269\n|start\n|switch|p1a: Heatran|Heatran, F|100\/100\n|switch|p2a: Ferrothorn|Ferrothorn, F|100\/100\n|turn|1\n|\n|t:|1653694275\n|switch|p2a: Landorus|Landorus-Therian, M|100\/100\n|-ability|p2a: Landorus|Intimidate|boost\n|-unboost|p1a: Heatran|atk|1\n|move|p1a: Heatran|Stealth Rock|p2a: Landorus\n|-sidestart|p2: Scoots Mgee|move: Stealth Rock\n|\n|upkeep\n|turn|2\n|\n|t:|1653694284\n|switch|p1a: Urshifu|Urshifu-Rapid-Strike, M|100\/100\n|move|p2a: Landorus|Stone Edge|p1a: Urshifu\n|-resisted|p1a: Urshifu\n|-damage|p1a: Urshifu|71\/100\n|\n|upkeep\n|turn|3\n|inactive|Scoots Mgee has 120 seconds left.\n|\n|t:|1653694319\n|switch|p2a: Ferrothorn|Ferrothorn, F|100\/100\n|-damage|p2a: Ferrothorn|95\/100|[from] Stealth Rock\n|move|p1a: Urshifu|Close Combat|p2a: Ferrothorn\n|-supereffective|p2a: Ferrothorn\n|-crit|p2a: Ferrothorn\n|-damage|p2a: Ferrothorn|0 fnt\n|-unboost|p1a: Urshifu|def|1\n|-unboost|p1a: Urshifu|spd|1\n|-damage|p1a: Urshifu|59\/100|[from] ability: Iron Barbs|[of] p2a: Ferrothorn\n|faint|p2a: Ferrothorn\n|\n|upkeep\n|inactive|Scoots Mgee has 120 seconds left.\n|\n|t:|1653694326\n|switch|p2a: Dragapult|Dragapult, M|100\/100\n|-damage|p2a: Dragapult|88\/100|[from] Stealth Rock\n|turn|4\n|\n|t:|1653694333\n|switch|p1a: Kommo-o|Kommo-o, M|100\/100\n|move|p2a: Dragapult|U-turn|p1a: Kommo-o\n|-resisted|p1a: Kommo-o\n|-crit|p1a: Kommo-o\n|-damage|p1a: Kommo-o|80\/100\n|\n|t:|1653694341\n|switch|p2a: Tapu Lele|Tapu Lele|100\/100|[from]move: U-turn\n|-damage|p2a: Tapu Lele|88\/100|[from] Stealth Rock\n|-fieldstart|move: Psychic Terrain|[from] ability: Psychic Surge|[of] p2a: Tapu Lele\n|\n|upkeep\n|turn|5\n|\n|t:|1653694344\n|switch|p1a: Heatran|Heatran, F|100\/100\n|move|p2a: Tapu Lele|Psychic|p1a: Heatran\n|-resisted|p1a: Heatran\n|-damage|p1a: Heatran|75\/100\n|\n|-heal|p1a: Heatran|81\/100|[from] item: Leftovers\n|upkeep\n|turn|6\n|\n|t:|1653694349\n|switch|p2a: Heatran|Heatran, M|100\/100\n|-damage|p2a: Heatran|88\/100|[from] Stealth Rock\n|move|p1a: Heatran|Earth Power|p2a: Heatran\n|-supereffective|p2a: Heatran\n|-damage|p2a: Heatran|0 fnt\n|faint|p2a: Heatran\n|\n|-heal|p1a: Heatran|87\/100|[from] item: Leftovers\n|upkeep\n|-message|Scoots Mgee forfeited.\n|\n|win|dasnoodledrop\n|raw|dasnoodledrop's rating: 1479 &rarr; <strong>1494<\/strong><br \/>(+15 for winning)\n|raw|Scoots Mgee's rating: 1384 &rarr; <strong>1369<\/strong><br \/>(-15 for losing)\n|l|\u2606Scoots Mgee\n","uploadtime":1653694359,"views":7,"p1id":"dasnoodledrop","p2id":"scootsmgee","formatid":"gen8ou","rating":1369,"private":0,"password":null}