{"id":"gen8ou-1663652385","p1":"dracaufeu shiny","p2":"LaBaleada","format":"gen8ou","log":"|j|\u2606dracaufeu shiny\n|j|\u2606LaBaleada\n|t:|1663112826\n|gametype|singles\n|player|p1|dracaufeu shiny|red|1513\n|player|p2|LaBaleada|scientist-gen4|1574\n|teamsize|p1|6\n|teamsize|p2|6\n|gen|8\n|tier|[Gen 8] OU\n|rated|\n|rule|Sleep Clause Mod: Limit one foe put to sleep\n|rule|Species Clause: Limit one of each Pok\u00e9mon\n|rule|OHKO Clause: OHKO moves are banned\n|rule|Evasion Items Clause: Evasion items are banned\n|rule|Evasion Moves Clause: Evasion moves are banned\n|rule|Endless Battle Clause: Forcing endless battles is banned\n|rule|HP Percentage Mod: HP is shown in percentages\n|rule|Dynamax Clause: You cannot dynamax\n|clearpoke\n|poke|p1|Tapu Lele|\n|poke|p1|Alakazam, M|\n|poke|p1|Moltres-Galar|\n|poke|p1|Landorus-Therian, M|\n|poke|p1|Ferrothorn, M|\n|poke|p1|Toxapex, M|\n|poke|p2|Weavile, F|\n|poke|p2|Rotom-Wash|\n|poke|p2|Landorus-Therian, M|\n|poke|p2|Zoroark, M|\n|poke|p2|Magnezone|\n|poke|p2|Rillaboom, F|\n|teampreview\n|inactive|Battle timer is ON: inactive players will automatically lose when time's up. (requested by LaBaleada)\n|j| UrSheerForce\n|l| UrSheerForce\n|\n|t:|1663112854\n|start\n|switch|p1a: Landorus|Landorus-Therian, M|100\/100\n|switch|p2a: Rotom|Rotom-Wash|100\/100\n|-ability|p1a: Landorus|Intimidate|boost\n|-unboost|p2a: Rotom|atk|1\n|turn|1\n|\n|t:|1663112866\n|switch|p1a: Ferrothorn|Ferrothorn, M|100\/100\n|move|p2a: Rotom|Hydro Pump|p1a: Ferrothorn\n|-resisted|p1a: Ferrothorn\n|-damage|p1a: Ferrothorn|89\/100\n|\n|-heal|p1a: Ferrothorn|95\/100|[from] item: Leftovers\n|upkeep\n|turn|2\n|\n|t:|1663112886\n|move|p2a: Rotom|Volt Switch|p1a: Ferrothorn\n|-resisted|p1a: Ferrothorn\n|-damage|p1a: Ferrothorn|86\/100\n|\n|t:|1663112890\n|switch|p2a: Magnezone|Magnezone, shiny|100\/100|[from]move: Volt Switch\n|move|p1a: Ferrothorn|Stealth Rock|p2a: Magnezone\n|-sidestart|p2: LaBaleada|move: Stealth Rock\n|\n|-heal|p1a: Ferrothorn|92\/100|[from] item: Leftovers\n|upkeep\n|turn|3\n|\n|t:|1663112902\n|move|p2a: Magnezone|Iron Defense|p2a: Magnezone\n|-boost|p2a: Magnezone|def|2\n|move|p1a: Ferrothorn|Leech Seed|p2a: Magnezone\n|-start|p2a: Magnezone|move: Leech Seed\n|\n|-heal|p1a: Ferrothorn|98\/100|[from] item: Leftovers\n|-damage|p2a: Magnezone|88\/100|[from] Leech Seed|[of] p1a: Ferrothorn\n|-heal|p1a: Ferrothorn|100\/100|[silent]\n|upkeep\n|turn|4\n|\n|t:|1663112915\n|move|p2a: Magnezone|Iron Defense|p2a: Magnezone\n|-boost|p2a: Magnezone|def|2\n|move|p1a: Ferrothorn|Knock Off|p2a: Magnezone\n|-damage|p2a: Magnezone|82\/100\n|-enditem|p2a: Magnezone|Chople Berry|[from] move: Knock Off|[of] p1a: Ferrothorn\n|\n|-damage|p2a: Magnezone|69\/100|[from] Leech Seed|[of] p1a: Ferrothorn\n|upkeep\n|turn|5\n|j| UrSheerForce\n|l| UrSheerForce\n|\n|t:|1663112929\n|move|p2a: Magnezone|Iron Defense|p2a: Magnezone\n|-boost|p2a: Magnezone|def|2\n|move|p1a: Ferrothorn|Knock Off|p2a: Magnezone\n|-crit|p2a: Magnezone\n|-damage|p2a: Magnezone|51\/100\n|\n|-damage|p2a: Magnezone|39\/100|[from] Leech Seed|[of] p1a: Ferrothorn\n|upkeep\n|turn|6\n|\n|t:|1663112932\n|move|p2a: Magnezone|Body Press|p1a: Ferrothorn\n|-supereffective|p1a: Ferrothorn\n|-damage|p1a: Ferrothorn|0 fnt\n|-damage|p2a: Magnezone|27\/100|[from] ability: Iron Barbs|[of] p1a: Ferrothorn\n|faint|p1a: Ferrothorn\n|\n|upkeep\n|\n|t:|1663112940\n|switch|p1a: Landorus|Landorus-Therian, M|100\/100\n|-ability|p1a: Landorus|Intimidate|boost\n|-unboost|p2a: Magnezone|atk|1\n|turn|7\n|\n|t:|1663112943\n|switch|p2a: Rotom|Rotom-Wash|100\/100\n|-damage|p2a: Rotom|88\/100|[from] Stealth Rock\n|move|p1a: Landorus|Earthquake|p2a: Rotom\n|-immune|p2a: Rotom|[from] ability: Levitate\n|\n|-heal|p2a: Rotom|94\/100|[from] item: Leftovers\n|upkeep\n|turn|8\n|\n|t:|1663112948\n|move|p2a: Rotom|Hydro Pump|p1a: Landorus\n|-supereffective|p1a: Landorus\n|-damage|p1a: Landorus|40\/100\n|move|p1a: Landorus|Toxic|p2a: Rotom\n|-status|p2a: Rotom|tox\n|\n|-heal|p2a: Rotom|100\/100 tox|[from] item: Leftovers\n|-heal|p1a: Landorus|46\/100|[from] item: Leftovers\n|-damage|p2a: Rotom|94\/100 tox|[from] psn\n|upkeep\n|turn|9\n|inactive|dracaufeu shiny has 120 seconds left.\n|\n|t:|1663112985\n|move|p2a: Rotom|Defog|p1a: Landorus\n|-unboost|p1a: Landorus|evasion|1\n|-sideend|p2: LaBaleada|Stealth Rock|[from] move: Defog|[of] p2a: Rotom\n|move|p1a: Landorus|U-turn|p2a: Rotom\n|-damage|p2a: Rotom|71\/100 tox\n|\n|t:|1663112990\n|switch|p1a: Alakazam|Alakazam, M|100\/100|[from]move: U-turn\n|\n|-heal|p2a: Rotom|77\/100 tox|[from] item: Leftovers\n|-damage|p2a: Rotom|65\/100 tox|[from] psn\n|upkeep\n|turn|10\n|\n|t:|1663112997\n|switch|p1a: Landorus|Landorus-Therian, M|46\/100\n|-ability|p1a: Landorus|Intimidate|boost\n|-unboost|p2a: Rotom|atk|1\n|switch|p2a: Magnezone|Magnezone, shiny|27\/100\n|\n|-heal|p1a: Landorus|52\/100|[from] item: Leftovers\n|upkeep\n|turn|11\n|\n|t:|1663113005\n|move|p2a: Magnezone|Flash Cannon|p1a: Landorus\n|-damage|p1a: Landorus|21\/100\n|move|p1a: Landorus|U-turn|p2a: Magnezone\n|-resisted|p2a: Magnezone\n|-damage|p2a: Magnezone|18\/100\n|\n|t:|1663113009\n|switch|p1a: Alakazam|Alakazam, M|100\/100|[from]move: U-turn\n|\n|upkeep\n|turn|12\n|\n|t:|1663113017\n|move|p1a: Alakazam|Expanding Force|p2a: Magnezone\n|-resisted|p2a: Magnezone\n|-damage|p2a: Magnezone|0 fnt\n|faint|p2a: Magnezone\n|\n|upkeep\n|\n|t:|1663113034\n|switch|p2a: Weavile|Weavile, F|100\/100\n|-ability|p2a: Weavile|Pressure\n|turn|13\n|\n|t:|1663113039\n|switch|p1a: Toxapex|Toxapex, M|100\/100\n|move|p2a: Weavile|Nasty Plot|p2a: Weavile\n|-boost|p2a: Weavile|spa|2\n|\n|upkeep\n|turn|14\n|\n|t:|1663113044\n|move|p2a: Weavile|Dark Pulse|p1a: Toxapex\n|-damage|p1a: Toxapex|53\/100\n|-enditem|p1a: Toxapex|Eject Button\n|-damage|p2a: Weavile|91\/100|[from] item: Life Orb\n|\n|t:|1663113054\n|switch|p1a: Moltres|Moltres-Galar|100\/100\n|\n|upkeep\n|turn|15\n|\n|t:|1663113058\n|move|p2a: Weavile|Blizzard|p1a: Moltres\n|-supereffective|p1a: Moltres\n|-damage|p1a: Moltres|0 fnt\n|faint|p1a: Moltres\n|-damage|p2a: Weavile|81\/100|[from] item: Life Orb\n|\n|upkeep\n|\n|t:|1663113061\n|switch|p1a: Toxapex|Toxapex, M|86\/100\n|turn|16\n|\n|t:|1663113064\n|move|p2a: Weavile|Dark Pulse|p1a: Toxapex\n|-damage|p1a: Toxapex|37\/100\n|-damage|p2a: Weavile|71\/100|[from] item: Life Orb\n|cant|p1a: Toxapex|flinch\n|\n|upkeep\n|turn|17\n|l|\u2606dracaufeu shiny\n|inactive|dracaufeu shiny disconnected and has a minute to reconnect!\n|player|p1|\n|inactive|dracaufeu shiny has 30 seconds to reconnect!\n|inactive|dracaufeu shiny has 20 seconds to reconnect!\n|inactive|dracaufeu shiny has 15 seconds to reconnect!\n|inactive|dracaufeu shiny has 10 seconds to reconnect!\n|inactive|dracaufeu shiny has 5 seconds to reconnect!\n|-message|dracaufeu shiny lost due to inactivity.\n|\n|win|LaBaleada\n|raw|dracaufeu shiny's rating: 1513 &rarr; <strong>1496<\/strong><br \/>(-17 for losing)\n|raw|LaBaleada's rating: 1574 &rarr; <strong>1591<\/strong><br \/>(+17 for winning)\n||Ladder isn't responding, score probably updated but might not have (Request timeout).\n","uploadtime":1663113184,"views":9,"p1id":"dracaufeushiny","p2id":"labaleada","formatid":"gen8ou","rating":1496,"private":0,"password":null}