{"id":"gen8balancedhackmons-1631106297","p1":"omaznits","p2":"Redflix","format":"gen8balancedhackmons","log":"|j|\u2606omaznits\n|j|\u2606Redflix\n|t:|1659497838\n|gametype|singles\n|player|p1|omaznits|acetrainer-gen1|1576\n|player|p2|Redflix|erika|1651\n|teamsize|p1|6\n|teamsize|p2|6\n|gen|8\n|tier|[Gen 8] Balanced Hackmons\n|rated|\n|rule|OHKO Clause: OHKO moves are banned\n|rule|Evasion Moves Clause: Evasion moves are banned\n|rule|Forme Clause: Limit one of each forme of a Pok\u00e9mon\n|rule|HP Percentage Mod: HP is shown in percentages\n|rule|Dynamax Clause: You cannot dynamax\n|rule|Sleep Clause: Sleep-inducing moves are banned\n|rule|Endless Battle Clause: Forcing endless battles is banned\n|clearpoke\n|poke|p1|Calyrex-Ice|\n|poke|p1|Giratina|\n|poke|p1|Zamazenta-Crowned|\n|poke|p1|Kyogre|\n|poke|p1|Xerneas-*|\n|poke|p1|Marowak-Alola, M|\n|poke|p2|Eternatus|\n|poke|p2|Lunala|\n|poke|p2|Regigigas|\n|poke|p2|Ho-Oh|\n|poke|p2|Xerneas-*|\n|poke|p2|Groudon|\n|teampreview\n|c|\u2606omaznits|Good luck\n|inactive|Battle timer is ON: inactive players will automatically lose when time's up. (requested by Redflix)\n|\n|t:|1659497881\n|start\n|switch|p1a: Calyrex|Calyrex-Ice|100\/100\n|switch|p2a: Xerneas|Xerneas|100\/100\n|turn|1\n|\n|t:|1659497886\n|move|p1a: Calyrex|Fake Out|p2a: Xerneas\n|-damage|p2a: Xerneas|78\/100\n|cant|p2a: Xerneas|flinch\n|\n|upkeep\n|turn|2\n|\n|t:|1659497889\n|move|p1a: Calyrex|Extreme Speed|p2a: Xerneas\n|-damage|p2a: Xerneas|26\/100\n|move|p2a: Xerneas|Strength Sap|p1a: Calyrex\n|-unboost|p1a: Calyrex|atk|1\n|-heal|p2a: Xerneas|100\/100\n|\n|upkeep\n|turn|3\n|\n|t:|1659497892\n|switch|p1a: Marowak|Marowak-Alola, M|100\/100\n|move|p2a: Xerneas|Boomburst|p1a: Marowak\n|-resisted|p1a: Marowak\n|-damage|p1a: Marowak|60\/100\n|\n|upkeep\n|turn|4\n|\n|t:|1659497897\n|move|p2a: Xerneas|Volt Switch|p1a: Marowak\n|-damage|p1a: Marowak|35\/100\n|\n|t:|1659497900\n|switch|p2a: Lunala|Lunala|100\/100|[from]move: Volt Switch\n|move|p1a: Marowak|V-create|p2a: Lunala\n|-damage|p2a: Lunala|57\/100\n|-unboost|p1a: Marowak|spe|1\n|-unboost|p1a: Marowak|def|1\n|-unboost|p1a: Marowak|spd|1\n|\n|-heal|p2a: Lunala|63\/100|[from] item: Leftovers\n|upkeep\n|turn|5\n|\n|t:|1659497906\n|move|p2a: Lunala|Roost|p2a: Lunala\n|-heal|p2a: Lunala|100\/100\n|-singleturn|p2a: Lunala|move: Roost\n|move|p1a: Marowak|V-create|p2a: Lunala\n|-damage|p2a: Lunala|57\/100\n|-unboost|p1a: Marowak|spe|1\n|-unboost|p1a: Marowak|def|1\n|-unboost|p1a: Marowak|spd|1\n|\n|-heal|p2a: Lunala|63\/100|[from] item: Leftovers\n|upkeep\n|turn|6\n|\n|t:|1659497914\n|move|p1a: Marowak|Destiny Bond|p1a: Marowak\n|-singlemove|p1a: Marowak|Destiny Bond\n|move|p2a: Lunala|Roost|p2a: Lunala\n|-heal|p2a: Lunala|100\/100\n|-singleturn|p2a: Lunala|move: Roost\n|\n|upkeep\n|turn|7\n|\n|t:|1659497916\n|move|p2a: Lunala|Spikes|p1a: Marowak\n|-sidestart|p1: omaznits|Spikes\n|move|p1a: Marowak|V-create|p2a: Lunala\n|-damage|p2a: Lunala|61\/100\n|-unboost|p1a: Marowak|spe|1\n|-unboost|p1a: Marowak|def|1\n|-unboost|p1a: Marowak|spd|1\n|\n|-heal|p2a: Lunala|67\/100|[from] item: Leftovers\n|upkeep\n|turn|8\n|\n|t:|1659497929\n|move|p2a: Lunala|Roost|p2a: Lunala\n|-heal|p2a: Lunala|100\/100\n|-singleturn|p2a: Lunala|move: Roost\n|move|p1a: Marowak|V-create|p2a: Lunala\n|-damage|p2a: Lunala|59\/100\n|-unboost|p1a: Marowak|spe|1\n|-unboost|p1a: Marowak|def|1\n|-unboost|p1a: Marowak|spd|1\n|\n|-heal|p2a: Lunala|66\/100|[from] item: Leftovers\n|upkeep\n|turn|9\n|\n|t:|1659497936\n|switch|p2a: Ho-Oh|Ho-Oh|100\/100\n|move|p1a: Marowak|V-create|p2a: Ho-Oh\n|-resisted|p2a: Ho-Oh\n|-damage|p2a: Ho-Oh|50\/100\n|-unboost|p1a: Marowak|spe|1\n|-unboost|p1a: Marowak|def|1\n|-unboost|p1a: Marowak|spd|1\n|\n|upkeep\n|turn|10\n|\n|t:|1659497955\n|switch|p2a: Groudon|Groudon|100\/100\n|move|p1a: Marowak|Copycat|p1a: Marowak\n|move|p1a: Marowak|V-create|p2a: Groudon|[from]move: Copycat\n|-crit|p2a: Groudon\n|-damage|p2a: Groudon|0 fnt\n|-unboost|p1a: Marowak|spe|1\n|-unboost|p1a: Marowak|def|1\n|-unboost|p1a: Marowak|spd|1\n|faint|p2a: Groudon\n|\n|upkeep\n|c|\u2606omaznits|The luck is insane\n|\n|t:|1659497970\n|switch|p2a: Eternatus|Eternatus|100\/100\n|turn|11\n|\n|t:|1659497975\n|switch|p2a: Lunala|Lunala|66\/100\n|move|p1a: Marowak|Destiny Bond|p1a: Marowak\n|-singlemove|p1a: Marowak|Destiny Bond\n|\n|-heal|p2a: Lunala|72\/100|[from] item: Leftovers\n|upkeep\n|turn|12\n|c|\u2606omaznits|Fell from 1700 to this\n|c|\u2606omaznits|rip\n|\n|t:|1659497980\n|switch|p1a: Kyogre|Kyogre|100\/100\n|-damage|p1a: Kyogre|88\/100|[from] Spikes\n|move|p2a: Lunala|Roost|p2a: Lunala\n|-heal|p2a: Lunala|100\/100\n|-singleturn|p2a: Lunala|move: Roost\n|\n|-heal|p1a: Kyogre|94\/100|[from] item: Leftovers\n|upkeep\n|turn|13\n|\n|t:|1659497987\n|switch|p2a: Regigigas|Regigigas|100\/100\n|move|p1a: Kyogre|Nuzzle|p2a: Regigigas\n|-damage|p2a: Regigigas|97\/100\n|-status|p2a: Regigigas|par\n|\n|-heal|p1a: Kyogre|100\/100|[from] item: Leftovers\n|upkeep\n|turn|14\n|\n|t:|1659497992\n|move|p1a: Kyogre|Stealth Rock|p2a: Regigigas\n|-sidestart|p2: Redflix|move: Stealth Rock\n|move|p2a: Regigigas|Dragon Dance|p2a: Regigigas\n|-boost|p2a: Regigigas|atk|1\n|-boost|p2a: Regigigas|spe|1\n|\n|upkeep\n|turn|15\n|\n|t:|1659497996\n|move|p1a: Kyogre|U-turn|p2a: Regigigas\n|-damage|p2a: Regigigas|87\/100 par\n|\n|t:|1659497999\n|switch|p1a: Zamazenta|Zamazenta-Crowned|100\/100|[from]move: U-turn\n|-damage|p1a: Zamazenta|88\/100|[from] Spikes\n|move|p2a: Regigigas|Knock Off|p1a: Zamazenta\n|-resisted|p1a: Zamazenta\n|-damage|p1a: Zamazenta|80\/100\n|-enditem|p1a: Zamazenta|Leftovers|[from] move: Knock Off|[of] p2a: Regigigas\n|\n|upkeep\n|turn|16\n|\n|t:|1659498005\n|move|p1a: Zamazenta|Imprison|p1a: Zamazenta\n|-start|p1a: Zamazenta|move: Imprison\n|move|p2a: Regigigas|V-create|p1a: Zamazenta\n|-supereffective|p1a: Zamazenta\n|-damage|p1a: Zamazenta|12\/100\n|-unboost|p2a: Regigigas|spe|1\n|-unboost|p2a: Regigigas|def|1\n|-unboost|p2a: Regigigas|spd|1\n|\n|upkeep\n|turn|17\n|\n|t:|1659498010\n|switch|p2a: Lunala|Lunala|100\/100\n|-damage|p2a: Lunala|88\/100|[from] Stealth Rock\n|move|p1a: Zamazenta|Transform|p2a: Lunala\n|-transform|p1a: Zamazenta|p2a: Lunala\n|\n|-heal|p2a: Lunala|94\/100|[from] item: Leftovers\n|upkeep\n|turn|18\n|\n|t:|1659498013\n|switch|p2a: Xerneas|Xerneas|100\/100\n|move|p1a: Zamazenta|Roost|p1a: Zamazenta\n|-heal|p1a: Zamazenta|62\/100\n|-singleturn|p1a: Zamazenta|move: Roost\n|\n|upkeep\n|turn|19\n|\n|t:|1659498023\n|move|p2a: Xerneas|Rapid Spin|p1a: Zamazenta\n|-damage|p1a: Zamazenta|55\/100\n|-boost|p2a: Xerneas|spe|1\n|-sideend|p2: Redflix|Stealth Rock|[from] move: Rapid Spin|[of] p2a: Xerneas\n|move|p1a: Zamazenta|Roost|p1a: Zamazenta\n|-heal|p1a: Zamazenta|100\/100\n|-singleturn|p1a: Zamazenta|move: Roost\n|\n|upkeep\n|turn|20\n|\n|t:|1659498033\n|move|p2a: Xerneas|Boomburst|p1a: Zamazenta\n|-damage|p1a: Zamazenta|41\/100\n|move|p1a: Zamazenta|Roost|p1a: Zamazenta\n|-heal|p1a: Zamazenta|91\/100\n|-singleturn|p1a: Zamazenta|move: Roost\n|\n|upkeep\n|turn|21\n|\n|t:|1659498039\n|switch|p1a: Calyrex|Calyrex-Ice|100\/100\n|-damage|p1a: Calyrex|88\/100|[from] Spikes\n|move|p2a: Xerneas|Boomburst|p1a: Calyrex\n|-damage|p1a: Calyrex|36\/100\n|\n|upkeep\n|turn|22\n|\n|t:|1659498043\n|move|p1a: Calyrex|Fake Out|p2a: Xerneas\n|-damage|p2a: Xerneas|75\/100\n|cant|p2a: Xerneas|flinch\n|\n|upkeep\n|turn|23\n|\n|t:|1659498046\n|switch|p1a: Kyogre|Kyogre|100\/100\n|-damage|p1a: Kyogre|88\/100|[from] Spikes\n|move|p2a: Xerneas|Strength Sap|p1a: Kyogre\n|move|p1a: Kyogre|Strength Sap|p2a: Xerneas|[from]ability: Magic Bounce\n|-unboost|p2a: Xerneas|atk|1\n|-heal|p1a: Kyogre|100\/100\n|\n|upkeep\n|turn|24\n|\n|t:|1659498051\n|move|p2a: Xerneas|Volt Switch|p1a: Kyogre\n|-supereffective|p1a: Kyogre\n|-damage|p1a: Kyogre|74\/100\n|\n|t:|1659498054\n|switch|p2a: Regigigas|Regigigas|87\/100 par|[from]move: Volt Switch\n|move|p1a: Kyogre|Stealth Rock|p2a: Regigigas\n|-sidestart|p2: Redflix|move: Stealth Rock\n|\n|-heal|p1a: Kyogre|80\/100|[from] item: Leftovers\n|upkeep\n|turn|25\n|\n|t:|1659498064\n|move|p1a: Kyogre|U-turn|p2a: Regigigas\n|-damage|p2a: Regigigas|77\/100 par\n|\n|t:|1659498066\n|switch|p1a: Xerneas|Xerneas|100\/100|[from]move: U-turn\n|-damage|p1a: Xerneas|88\/100|[from] Spikes\n|move|p2a: Regigigas|Knock Off|p1a: Xerneas\n|-resisted|p1a: Xerneas\n|-damage|p1a: Xerneas|75\/100\n|-enditem|p1a: Xerneas|Pixie Plate|[from] move: Knock Off|[of] p2a: Regigigas\n|\n|upkeep\n|turn|26\n|\n|t:|1659498075\n|switch|p2a: Ho-Oh|Ho-Oh|50\/100\n|move|p1a: Xerneas|Rapid Spin|p2a: Ho-Oh\n|-resisted|p2a: Ho-Oh\n|-crit|p2a: Ho-Oh\n|-damage|p2a: Ho-Oh|33\/100\n|-boost|p1a: Xerneas|spe|1\n|-sideend|p1: omaznits|Spikes|[from] move: Rapid Spin|[of] p1a: Xerneas\n|\n|upkeep\n|turn|27\n|\n|t:|1659498079\n|move|p1a: Xerneas|Diamond Storm|p2a: Ho-Oh\n|-supereffective|p2a: Ho-Oh\n|-damage|p2a: Ho-Oh|0 fnt\n|-boost|p1a: Xerneas|def|2\n|faint|p2a: Ho-Oh\n|\n|upkeep\n|\n|t:|1659498086\n|switch|p2a: Eternatus|Eternatus|100\/100\n|-damage|p2a: Eternatus|88\/100|[from] Stealth Rock\n|turn|28\n|\n|t:|1659498096\n|move|p1a: Xerneas|Boomburst|p2a: Eternatus\n|-damage|p2a: Eternatus|37\/100\n|move|p2a: Eternatus|Sludge Wave|p1a: Xerneas\n|-supereffective|p1a: Xerneas\n|-damage|p1a: Xerneas|0 fnt\n|faint|p1a: Xerneas\n|\n|upkeep\n|\n|t:|1659498101\n|switch|p1a: Calyrex|Calyrex-Ice|36\/100\n|turn|29\n|\n|t:|1659498103\n|switch|p2a: Lunala|Lunala|94\/100\n|-damage|p2a: Lunala|82\/100|[from] Stealth Rock\n|move|p1a: Calyrex|Extreme Speed|p2a: Lunala\n|-damage|p2a: Lunala|61\/100\n|\n|-heal|p2a: Lunala|67\/100|[from] item: Leftovers\n|upkeep\n|turn|30\n|\n|t:|1659498110\n|switch|p1a: Kyogre|Kyogre|80\/100\n|move|p2a: Lunala|Roost|p2a: Lunala\n|-heal|p2a: Lunala|100\/100\n|-singleturn|p2a: Lunala|move: Roost\n|\n|-heal|p1a: Kyogre|87\/100|[from] item: Leftovers\n|upkeep\n|turn|31\n|\n|t:|1659498113\n|switch|p2a: Regigigas|Regigigas|77\/100 par\n|-damage|p2a: Regigigas|64\/100 par|[from] Stealth Rock\n|move|p1a: Kyogre|U-turn|p2a: Regigigas\n|-damage|p2a: Regigigas|53\/100 par\n|\n|t:|1659498116\n|switch|p1a: Zamazenta|Zamazenta-Crowned|91\/100|[from]move: U-turn\n|\n|upkeep\n|turn|32\n|\n|t:|1659498124\n|switch|p2a: Lunala|Lunala|100\/100\n|-damage|p2a: Lunala|88\/100|[from] Stealth Rock\n|move|p1a: Zamazenta|Anchor Shot|p2a: Lunala\n|-damage|p2a: Lunala|76\/100\n|\n|-heal|p2a: Lunala|82\/100|[from] item: Leftovers\n|upkeep\n|turn|33\n|\n|t:|1659498129\n|switch|p1a: Kyogre|Kyogre|87\/100\n|move|p2a: Lunala|Core Enforcer|p1a: Kyogre\n|-damage|p1a: Kyogre|69\/100\n|\n|-heal|p1a: Kyogre|75\/100|[from] item: Leftovers\n|-heal|p2a: Lunala|88\/100|[from] item: Leftovers\n|upkeep\n|turn|34\n|\n|t:|1659498133\n|switch|p2a: Regigigas|Regigigas|53\/100 par\n|-damage|p2a: Regigigas|40\/100 par|[from] Stealth Rock\n|move|p1a: Kyogre|U-turn|p2a: Regigigas\n|-damage|p2a: Regigigas|29\/100 par\n|\n|t:|1659498136\n|switch|p1a: Zamazenta|Zamazenta-Crowned|91\/100|[from]move: U-turn\n|\n|upkeep\n|turn|35\n|\n|t:|1659498139\n|switch|p2a: Lunala|Lunala|88\/100\n|-damage|p2a: Lunala|75\/100|[from] Stealth Rock\n|move|p1a: Zamazenta|Anchor Shot|p2a: Lunala\n|-damage|p2a: Lunala|64\/100\n|\n|-heal|p2a: Lunala|70\/100|[from] item: Leftovers\n|upkeep\n|turn|36\n|\n|t:|1659498143\n|move|p1a: Zamazenta|Imprison|p1a: Zamazenta\n|-start|p1a: Zamazenta|move: Imprison\n|move|p2a: Lunala|Core Enforcer|p1a: Zamazenta\n|-resisted|p1a: Zamazenta\n|-damage|p1a: Zamazenta|80\/100\n|-endability|p1a: Zamazenta\n|\n|-heal|p2a: Lunala|76\/100|[from] item: Leftovers\n|upkeep\n|turn|37\n|\n|t:|1659498145\n|move|p1a: Zamazenta|Transform|p2a: Lunala\n|-transform|p1a: Zamazenta|p2a: Lunala\n|cant|p2a: Lunala|move: Imprison|Hex\n|\n|-heal|p2a: Lunala|82\/100|[from] item: Leftovers\n|upkeep\n|turn|38\n|\n|t:|1659498149\n|switch|p2a: Xerneas|Xerneas|75\/100\n|move|p1a: Zamazenta|Core Enforcer|p2a: Xerneas\n|-immune|p2a: Xerneas\n|\n|upkeep\n|turn|39\n|\n|t:|1659498152\n|switch|p1a: Marowak|Marowak-Alola, M|35\/100\n|move|p2a: Xerneas|Rapid Spin|p1a: Marowak\n|-resisted|p1a: Marowak\n|-damage|p1a: Marowak|25\/100\n|-boost|p2a: Xerneas|spe|1\n|-sideend|p2: Redflix|Stealth Rock|[from] move: Rapid Spin|[of] p2a: Xerneas\n|\n|upkeep\n|turn|40\n|\n|t:|1659498156\n|switch|p2a: Lunala|Lunala|82\/100\n|switch|p1a: Kyogre|Kyogre|75\/100\n|\n|-heal|p1a: Kyogre|81\/100|[from] item: Leftovers\n|-heal|p2a: Lunala|88\/100|[from] item: Leftovers\n|upkeep\n|turn|41\n|\n|t:|1659498167\n|switch|p2a: Xerneas|Xerneas|75\/100\n|move|p1a: Kyogre|Nuzzle|p2a: Xerneas\n|-damage|p2a: Xerneas|72\/100\n|-status|p2a: Xerneas|par\n|\n|-heal|p1a: Kyogre|87\/100|[from] item: Leftovers\n|upkeep\n|turn|42\n|\n|t:|1659498188\n|move|p1a: Kyogre|Stealth Rock|p2a: Xerneas\n|-sidestart|p2: Redflix|move: Stealth Rock\n|move|p2a: Xerneas|Rapid Spin|p1a: Kyogre\n|-damage|p1a: Kyogre|72\/100\n|-boost|p2a: Xerneas|spe|1\n|-sideend|p2: Redflix|Stealth Rock|[from] move: Rapid Spin|[of] p2a: Xerneas\n|\n|-heal|p1a: Kyogre|78\/100|[from] item: Leftovers\n|upkeep\n|turn|43\n|\n|t:|1659498196\n|move|p1a: Kyogre|Stealth Rock|p2a: Xerneas\n|-sidestart|p2: Redflix|move: Stealth Rock\n|cant|p2a: Xerneas|par\n|\n|-heal|p1a: Kyogre|84\/100|[from] item: Leftovers\n|upkeep\n|turn|44\n|\n|t:|1659498199\n|move|p1a: Kyogre|U-turn|p2a: Xerneas\n|-resisted|p2a: Xerneas\n|-damage|p2a: Xerneas|66\/100 par\n|\n|t:|1659498202\n|switch|p1a: Marowak|Marowak-Alola, M|25\/100|[from]move: U-turn\n|cant|p2a: Xerneas|par\n|\n|upkeep\n|turn|45\n|c|\u2606Redflix|why even bother\n|c|\u2606omaznits|lol\n|-message|Redflix forfeited.\n|\n|win|omaznits\n|raw|omaznits's rating: 1576 &rarr; <strong>1600<\/strong><br \/>(+24 for winning)\n|raw|Redflix's rating: 1651 &rarr; <strong>1627<\/strong><br \/>(-24 for losing)\n|l|\u2606Redflix\n|c|\u2606omaznits|Sorry\n","uploadtime":1659498218,"views":75,"p1id":"omaznits","p2id":"redflix","formatid":"gen8balancedhackmons","rating":1600,"private":0,"password":null}