{"id":"gen8ou-1701400619","p1":"Not Sarcasm","p2":"CynthiaBlueheart","format":"gen8ou","log":"|j|\u2606Not Sarcasm\n|j|\u2606CynthiaBlueheart\n|t:|1667438762\n|gametype|singles\n|player|p1|Not Sarcasm|266|1657\n|player|p2|CynthiaBlueheart|clair|1692\n|teamsize|p1|6\n|teamsize|p2|6\n|gen|8\n|tier|[Gen 8] OU\n|rated|\n|rule|Sleep Clause Mod: Limit one foe put to sleep\n|rule|Species Clause: Limit one of each Pok\u00e9mon\n|rule|OHKO Clause: OHKO moves are banned\n|rule|Evasion Items Clause: Evasion items are banned\n|rule|Evasion Moves Clause: Evasion moves are banned\n|rule|Endless Battle Clause: Forcing endless battles is banned\n|rule|HP Percentage Mod: HP is shown in percentages\n|rule|Dynamax Clause: You cannot dynamax\n|clearpoke\n|poke|p1|Dragapult, F|\n|poke|p1|Blaziken, M|\n|poke|p1|Melmetal|\n|poke|p1|Garchomp, F|\n|poke|p1|Toxapex, M|\n|poke|p1|Landorus-Therian, M|\n|poke|p2|Lanturn, F|\n|poke|p2|Clefable, M|\n|poke|p2|Slowbro, M|\n|poke|p2|Dragapult, M|\n|poke|p2|Melmetal|\n|poke|p2|Corviknight, M|\n|teampreview\n|inactive|Battle timer is ON: inactive players will automatically lose when time's up. (requested by CynthiaBlueheart)\n|\n|t:|1667438769\n|start\n|switch|p1a: Toxapex|Toxapex, M|100\/100\n|switch|p2a: Dragapult|Dragapult, M|100\/100\n|turn|1\n|\n|t:|1667438785\n|move|p2a: Dragapult|U-turn|p1a: Toxapex\n|-resisted|p1a: Toxapex\n|-damage|p1a: Toxapex|96\/100\n|-damage|p2a: Dragapult|84\/100|[from] item: Rocky Helmet|[of] p1a: Toxapex\n|\n|t:|1667438787\n|switch|p2a: Slowbro|Slowbro, M|100\/100|[from]move: U-turn\n|move|p1a: Toxapex|Knock Off|p2a: Slowbro\n|-supereffective|p2a: Slowbro\n|-damage|p2a: Slowbro|84\/100\n|-damage|p1a: Toxapex|79\/100|[from] item: Rocky Helmet|[of] p2a: Slowbro\n|-enditem|p2a: Slowbro|Rocky Helmet|[from] move: Knock Off|[of] p1a: Toxapex\n|\n|upkeep\n|turn|2\n|\n|t:|1667438802\n|move|p1a: Toxapex|Toxic Spikes|p2a: Slowbro\n|-sidestart|p2: CynthiaBlueheart|move: Toxic Spikes\n|move|p2a: Slowbro|Scald|p1a: Toxapex\n|-resisted|p1a: Toxapex\n|-damage|p1a: Toxapex|69\/100\n|-status|p1a: Toxapex|brn\n|\n|-damage|p1a: Toxapex|63\/100 brn|[from] brn\n|upkeep\n|turn|3\n|\n|t:|1667438811\n|switch|p1a: Dragapult|Dragapult, F|100\/100\n|switch|p2a: Corviknight|Corviknight, M|100\/100\n|-ability|p2a: Corviknight|Pressure\n|\n|upkeep\n|turn|4\n|\n|t:|1667438817\n|move|p1a: Dragapult|Fire Blast|p2a: Corviknight\n|-supereffective|p2a: Corviknight\n|-damage|p2a: Corviknight|6\/100\n|-status|p2a: Corviknight|brn\n|move|p2a: Corviknight|Roost|p2a: Corviknight\n|-heal|p2a: Corviknight|57\/100 brn\n|-singleturn|p2a: Corviknight|move: Roost\n|\n|-heal|p2a: Corviknight|63\/100 brn|[from] item: Leftovers\n|-damage|p2a: Corviknight|57\/100 brn|[from] brn\n|upkeep\n|turn|5\n|\n|t:|1667438832\n|switch|p2a: Cutieformes|Lanturn, F|100\/100\n|-status|p2a: Cutieformes|psn\n|move|p1a: Dragapult|Fire Blast|p2a: Cutieformes\n|-resisted|p2a: Cutieformes\n|-damage|p2a: Cutieformes|83\/100 psn\n|\n|-heal|p2a: Cutieformes|89\/100 psn|[from] item: Leftovers\n|-damage|p2a: Cutieformes|77\/100 psn|[from] psn\n|upkeep\n|turn|6\n|\n|t:|1667438843\n|switch|p1a: Toxapex|Toxapex, M|96\/100 brn\n|move|p2a: Cutieformes|Heal Bell|p2a: Cutieformes\n|-activate|p2a: Cutieformes|move: Heal Bell\n|-curestatus|p2a: Cutieformes|psn|[msg]\n|-curestatus|p2: Corviknight|brn|[msg]\n|\n|-heal|p2a: Cutieformes|83\/100|[from] item: Leftovers\n|-damage|p1a: Toxapex|90\/100 brn|[from] brn\n|upkeep\n|turn|7\n|\n|t:|1667438854\n|move|p2a: Cutieformes|Volt Switch|p1a: Toxapex\n|-supereffective|p1a: Toxapex\n|-damage|p1a: Toxapex|59\/100 brn\n|\n|t:|1667438857\n|switch|p2a: Corviknight|Corviknight, M|57\/100|[from]move: Volt Switch\n|-ability|p2a: Corviknight|Pressure\n|move|p1a: Toxapex|Knock Off|p2a: Corviknight\n|-damage|p2a: Corviknight|52\/100\n|-enditem|p2a: Corviknight|Leftovers|[from] move: Knock Off|[of] p1a: Toxapex\n|\n|-damage|p1a: Toxapex|53\/100 brn|[from] brn\n|upkeep\n|turn|8\n|\n|t:|1667438867\n|switch|p1a: Dragapult|Dragapult, F|100\/100\n|move|p2a: Corviknight|Defog|p1a: Dragapult\n|-unboost|p1a: Dragapult|evasion|1\n|-sideend|p2: CynthiaBlueheart|Toxic Spikes|[from] move: Defog|[of] p2a: Corviknight\n|\n|upkeep\n|turn|9\n|\n|t:|1667438872\n|switch|p2a: Clefable|Clefable, M|100\/100\n|move|p1a: Dragapult|Shadow Ball|p2a: Clefable\n|-damage|p2a: Clefable|60\/100\n|\n|-heal|p2a: Clefable|66\/100|[from] item: Leftovers\n|upkeep\n|turn|10\n|\n|t:|1667438881\n|switch|p1a: Toxapex|Toxapex, M|86\/100 brn\n|move|p2a: Clefable|Wish|p2a: Clefable\n|\n|-heal|p2a: Clefable|72\/100|[from] item: Leftovers\n|-damage|p1a: Toxapex|80\/100 brn|[from] brn\n|upkeep\n|turn|11\n|\n|t:|1667438888\n|switch|p2a: Corviknight|Corviknight, M|52\/100\n|-ability|p2a: Corviknight|Pressure\n|move|p1a: Toxapex|Toxic Spikes|p2a: Corviknight\n|-sidestart|p2: CynthiaBlueheart|move: Toxic Spikes\n|\n|-heal|p2a: Corviknight|100\/100|[from] move: Wish|[wisher] Clefable\n|-damage|p1a: Toxapex|74\/100 brn|[from] brn\n|upkeep\n|turn|12\n|\n|t:|1667438898\n|switch|p1a: Blaziken|Blaziken, M|100\/100\n|move|p2a: Corviknight|Defog|p1a: Blaziken\n|-unboost|p1a: Blaziken|evasion|1\n|-sideend|p2: CynthiaBlueheart|Toxic Spikes|[from] move: Defog|[of] p2a: Corviknight\n|\n|upkeep\n|turn|13\n|\n|t:|1667438903\n|switch|p2a: Slowbro|Slowbro, M|100\/100\n|move|p1a: Blaziken|Swords Dance|p1a: Blaziken\n|-boost|p1a: Blaziken|atk|2\n|\n|-ability|p1a: Blaziken|Speed Boost|boost\n|-boost|p1a: Blaziken|spe|1\n|upkeep\n|turn|14\n|\n|t:|1667438910\n|move|p1a: Blaziken|Knock Off|p2a: Slowbro\n|-supereffective|p2a: Slowbro\n|-damage|p2a: Slowbro|30\/100\n|-damage|p1a: Blaziken|91\/100|[from] item: Life Orb\n|move|p2a: Slowbro|Future Sight|p1a: Blaziken\n|-start|p2a: Slowbro|move: Future Sight\n|\n|-ability|p1a: Blaziken|Speed Boost|boost\n|-boost|p1a: Blaziken|spe|1\n|upkeep\n|turn|15\n|\n|t:|1667438917\n|switch|p2a: Corviknight|Corviknight, M|100\/100\n|-ability|p2a: Corviknight|Pressure\n|move|p1a: Blaziken|Flare Blitz|p2a: Corviknight\n|-supereffective|p2a: Corviknight\n|-damage|p2a: Corviknight|0 fnt\n|faint|p2a: Corviknight\n|-damage|p1a: Blaziken|51\/100|[from] Recoil\n|-damage|p1a: Blaziken|41\/100|[from] item: Life Orb\n|\n|-ability|p1a: Blaziken|Speed Boost|boost\n|-boost|p1a: Blaziken|spe|1\n|upkeep\n|\n|t:|1667438920\n|switch|p2a: Slowbro|Slowbro, M|63\/100\n|turn|16\n|\n|t:|1667438935\n|switch|p1a: Toxapex|Toxapex, M|100\/100 brn\n|move|p2a: Slowbro|Scald|p1a: Toxapex\n|-resisted|p1a: Toxapex\n|-damage|p1a: Toxapex|89\/100 brn\n|\n|-end|p1a: Toxapex|move: Future Sight\n|-supereffective|p1a: Toxapex\n|-crit|p1a: Toxapex\n|-damage|p1a: Toxapex|0 fnt\n|faint|p1a: Toxapex\n|upkeep\n|c|\u2606Not Sarcasm|omg\n|\n|t:|1667438945\n|switch|p1a: Dragapult|Dragapult, F|100\/100\n|turn|17\n|\n|t:|1667438950\n|switch|p2a: Clefable|Clefable, M|72\/100\n|move|p1a: Dragapult|Shadow Ball|p2a: Clefable\n|-damage|p2a: Clefable|31\/100\n|\n|-heal|p2a: Clefable|37\/100|[from] item: Leftovers\n|upkeep\n|turn|18\n|\n|t:|1667438959\n|move|p2a: Clefable|Protect|p2a: Clefable\n|-singleturn|p2a: Clefable|Protect\n|move|p1a: Dragapult|Shadow Ball|p2a: Clefable\n|-activate|p2a: Clefable|move: Protect\n|\n|-heal|p2a: Clefable|43\/100|[from] item: Leftovers\n|upkeep\n|turn|19\n|\n|t:|1667438966\n|move|p1a: Dragapult|Shadow Ball|p2a: Clefable\n|-damage|p2a: Clefable|2\/100\n|move|p2a: Clefable|Wish|p2a: Clefable\n|\n|-heal|p2a: Clefable|8\/100|[from] item: Leftovers\n|upkeep\n|turn|20\n|c|\u2606Not Sarcasm|spd drop for justice\n|\n|t:|1667438973\n|switch|p1a: Melmetal|Melmetal|100\/100\n|move|p2a: Clefable|Protect||[still]\n|-fail|p2a: Clefable\n|\n|-heal|p2a: Clefable|58\/100|[from] move: Wish|[wisher] Clefable\n|-heal|p2a: Clefable|64\/100|[from] item: Leftovers\n|upkeep\n|turn|21\n|\n|t:|1667438981\n|move|p2a: Clefable|Protect|p2a: Clefable\n|-singleturn|p2a: Clefable|Protect\n|move|p1a: Melmetal|Toxic|p2a: Clefable\n|-activate|p2a: Clefable|move: Protect\n|\n|-heal|p2a: Clefable|71\/100|[from] item: Leftovers\n|upkeep\n|turn|22\n|\n|t:|1667438988\n|switch|p2a: Slowbro|Slowbro, M|96\/100\n|move|p1a: Melmetal|Toxic|p2a: Slowbro\n|-status|p2a: Slowbro|tox\n|\n|-damage|p2a: Slowbro|90\/100 tox|[from] psn\n|upkeep\n|turn|23\n|\n|t:|1667438995\n|switch|p1a: Dragapult|Dragapult, F|100\/100\n|move|p2a: Slowbro|Teleport|p2a: Slowbro\n|\n|t:|1667438998\n|switch|p2a: Clefable|Clefable, M|71\/100|[from]move: Teleport\n|\n|-heal|p2a: Clefable|77\/100|[from] item: Leftovers\n|upkeep\n|turn|24\n|\n|t:|1667439002\n|move|p1a: Dragapult|U-turn|p2a: Clefable\n|-resisted|p2a: Clefable\n|-damage|p2a: Clefable|69\/100\n|\n|t:|1667439006\n|switch|p1a: Landorus|Landorus-Therian, M|100\/100|[from]move: U-turn\n|-ability|p1a: Landorus|Intimidate|boost\n|-unboost|p2a: Clefable|atk|1\n|move|p2a: Clefable|Moonblast|p1a: Landorus\n|-damage|p1a: Landorus|75\/100\n|\n|-heal|p1a: Landorus|81\/100|[from] item: Leftovers\n|-heal|p2a: Clefable|75\/100|[from] item: Leftovers\n|upkeep\n|turn|25\n|\n|t:|1667439018\n|switch|p2a: Slowbro|Slowbro, M|100\/100 tox\n|move|p1a: Landorus|Earthquake|p2a: Slowbro\n|-damage|p2a: Slowbro|71\/100 tox\n|\n|-heal|p1a: Landorus|87\/100|[from] item: Leftovers\n|-damage|p2a: Slowbro|65\/100 tox|[from] psn\n|upkeep\n|turn|26\n|\n|t:|1667439026\n|move|p1a: Landorus|Earthquake|p2a: Slowbro\n|-damage|p2a: Slowbro|37\/100 tox\n|move|p2a: Slowbro|Teleport|p2a: Slowbro\n|\n|t:|1667439031\n|switch|p2a: Melmetal|Melmetal|100\/100|[from]move: Teleport\n|\n|-heal|p1a: Landorus|93\/100|[from] item: Leftovers\n|upkeep\n|turn|27\n|\n|t:|1667439036\n|move|p1a: Landorus|Earthquake|p2a: Melmetal\n|-supereffective|p2a: Melmetal\n|-damage|p2a: Melmetal|39\/100\n|move|p2a: Melmetal|Ice Punch|p1a: Landorus\n|-supereffective|p1a: Landorus\n|-damage|p1a: Landorus|0 fnt\n|faint|p1a: Landorus\n|\n|upkeep\n|\n|t:|1667439044\n|switch|p1a: Garchomp|Garchomp, F|100\/100\n|turn|28\n|\n|t:|1667439048\n|move|p1a: Garchomp|Earthquake|p2a: Melmetal\n|-supereffective|p2a: Melmetal\n|-damage|p2a: Melmetal|0 fnt\n|faint|p2a: Melmetal\n|\n|upkeep\n|\n|t:|1667439051\n|switch|p2a: Dragapult|Dragapult, M|84\/100\n|turn|29\n|\n|t:|1667439054\n|move|p2a: Dragapult|Draco Meteor|p1a: Garchomp\n|-supereffective|p1a: Garchomp\n|-damage|p1a: Garchomp|0 fnt\n|-unboost|p2a: Dragapult|spa|2\n|faint|p1a: Garchomp\n|\n|upkeep\n|c|\u2606Not Sarcasm|low ladder\n|\n|t:|1667439065\n|switch|p1a: Blaziken|Blaziken, M|41\/100\n|turn|30\n|\n|t:|1667439068\n|move|p2a: Dragapult|Draco Meteor|p1a: Blaziken\n|-damage|p1a: Blaziken|0 fnt\n|-unboost|p2a: Dragapult|spa|2\n|faint|p1a: Blaziken\n|\n|upkeep\n|c|\u2606Not Sarcasm|low ladder\n|\n|t:|1667439074\n|switch|p1a: Dragapult|Dragapult, F|100\/100\n|turn|31\n|\n|t:|1667439077\n|switch|p2a: Cutieformes|Lanturn, F|83\/100\n|move|p1a: Dragapult|Shadow Ball|p2a: Cutieformes\n|-damage|p2a: Cutieformes|40\/100\n|\n|-heal|p2a: Cutieformes|47\/100|[from] item: Leftovers\n|upkeep\n|turn|32\n|\n|t:|1667439083\n|move|p1a: Dragapult|Shadow Ball|p2a: Cutieformes\n|-damage|p2a: Cutieformes|4\/100\n|move|p2a: Cutieformes|Toxic|p1a: Dragapult\n|-status|p1a: Dragapult|tox\n|\n|-heal|p2a: Cutieformes|10\/100|[from] item: Leftovers\n|-damage|p1a: Dragapult|95\/100 tox|[from] psn\n|upkeep\n|turn|33\n|\n|t:|1667439091\n|switch|p2a: Clefable|Clefable, M|75\/100\n|move|p1a: Dragapult|Shadow Ball|p2a: Clefable\n|-damage|p2a: Clefable|35\/100\n|\n|-heal|p2a: Clefable|41\/100|[from] item: Leftovers\n|-damage|p1a: Dragapult|83\/100 tox|[from] psn\n|upkeep\n|turn|34\n|c|\u2606Not Sarcasm|#lowladder\n|\n|t:|1667439099\n|switch|p1a: Melmetal|Melmetal|100\/100\n|move|p2a: Clefable|Protect||[still]\n|-fail|p2a: Clefable\n|\n|-heal|p2a: Clefable|47\/100|[from] item: Leftovers\n|upkeep\n|turn|35\n|c|\u2606CynthiaBlueheart|Yep\n|\n|t:|1667439106\n|move|p2a: Clefable|Protect|p2a: Clefable\n|-singleturn|p2a: Clefable|Protect\n|move|p1a: Melmetal|Toxic|p2a: Clefable\n|-activate|p2a: Clefable|move: Protect\n|\n|-heal|p2a: Clefable|53\/100|[from] item: Leftovers\n|upkeep\n|turn|36\n|\n|t:|1667439112\n|switch|p2a: Slowbro|Slowbro, M|70\/100 tox\n|switch|p1a: Dragapult|Dragapult, F|83\/100 tox\n|\n|-damage|p1a: Dragapult|77\/100 tox|[from] psn\n|-damage|p2a: Slowbro|64\/100 tox|[from] psn\n|upkeep\n|turn|37\n|\n|t:|1667439119\n|switch|p2a: Cutieformes|Lanturn, F|10\/100\n|move|p1a: Dragapult|Shadow Ball|p2a: Cutieformes\n|-damage|p2a: Cutieformes|0 fnt\n|faint|p2a: Cutieformes\n|\n|-damage|p1a: Dragapult|65\/100 tox|[from] psn\n|upkeep\n|\n|t:|1667439124\n|switch|p2a: Clefable|Clefable, M|53\/100\n|turn|38\n|\n|t:|1667439128\n|switch|p1a: Melmetal|Melmetal|100\/100\n|move|p2a: Clefable|Wish|p2a: Clefable\n|\n|-heal|p2a: Clefable|59\/100|[from] item: Leftovers\n|upkeep\n|turn|39\n|\n|t:|1667439135\n|move|p2a: Clefable|Protect|p2a: Clefable\n|-singleturn|p2a: Clefable|Protect\n|move|p1a: Melmetal|Toxic|p2a: Clefable\n|-activate|p2a: Clefable|move: Protect\n|\n|-heal|p2a: Clefable|100\/100|[from] move: Wish|[wisher] Clefable\n|upkeep\n|turn|40\n|\n|t:|1667439141\n|switch|p2a: Slowbro|Slowbro, M|97\/100 tox\n|move|p1a: Melmetal|Double Iron Bash|p2a: Slowbro\n|-resisted|p2a: Slowbro\n|-damage|p2a: Slowbro|85\/100 tox\n|-resisted|p2a: Slowbro\n|-damage|p2a: Slowbro|73\/100 tox\n|-hitcount|p2a: Slowbro|2\n|\n|-damage|p2a: Slowbro|66\/100 tox|[from] psn\n|upkeep\n|turn|41\n|\n|t:|1667439150\n|move|p1a: Melmetal|Double Iron Bash|p2a: Slowbro\n|-resisted|p2a: Slowbro\n|-damage|p2a: Slowbro|55\/100 tox\n|-resisted|p2a: Slowbro\n|-damage|p2a: Slowbro|42\/100 tox\n|-hitcount|p2a: Slowbro|2\n|cant|p2a: Slowbro|flinch\n|\n|-damage|p2a: Slowbro|29\/100 tox|[from] psn\n|upkeep\n|turn|42\n|\n|t:|1667439157\n|move|p1a: Melmetal|Double Iron Bash|p2a: Slowbro\n|-resisted|p2a: Slowbro\n|-damage|p2a: Slowbro|16\/100 tox\n|-resisted|p2a: Slowbro\n|-damage|p2a: Slowbro|2\/100 tox\n|-hitcount|p2a: Slowbro|2\n|cant|p2a: Slowbro|flinch\n|\n|-damage|p2a: Slowbro|0 fnt|[from] psn\n|faint|p2a: Slowbro\n|upkeep\n|\n|t:|1667439159\n|switch|p2a: Dragapult|Dragapult, M|84\/100\n|turn|43\n|c|\u2606Not Sarcasm|justice baby\n|\n|t:|1667439166\n|move|p2a: Dragapult|Flamethrower|p1a: Melmetal\n|-supereffective|p1a: Melmetal\n|-damage|p1a: Melmetal|15\/100\n|move|p1a: Melmetal|Double Iron Bash|p2a: Dragapult\n|-damage|p2a: Dragapult|24\/100\n|-damage|p2a: Dragapult|0 fnt\n|faint|p2a: Dragapult\n|-hitcount|p2: Dragapult|2\n|\n|upkeep\n|\n|t:|1667439169\n|switch|p2a: Clefable|Clefable, M|100\/100\n|turn|44\n|\n|t:|1667439175\n|move|p2a: Clefable|Protect|p2a: Clefable\n|-singleturn|p2a: Clefable|Protect\n|move|p1a: Melmetal|Double Iron Bash|p2a: Clefable\n|-activate|p2a: Clefable|move: Protect\n|\n|upkeep\n|turn|45\n|c|\u2606Not Sarcasm|protect hahahah\n|\n|t:|1667439181\n|move|p2a: Clefable|Moonblast|p1a: Melmetal\n|-resisted|p1a: Melmetal\n|-damage|p1a: Melmetal|0 fnt\n|faint|p1a: Melmetal\n|\n|upkeep\n|-message|Not Sarcasm forfeited.\n|\n|win|CynthiaBlueheart\n|raw|Not Sarcasm's rating: 1657 &rarr; <strong>1639<\/strong><br \/>(-18 for losing)\n|raw|CynthiaBlueheart's rating: 1692 &rarr; <strong>1710<\/strong><br \/>(+18 for winning)\n|l|\u2606Not Sarcasm\n|c|\u2606CynthiaBlueheart|Gg\n|l|\u2606CynthiaBlueheart\n||Ladder isn't responding, score probably updated but might not have (Request timeout).\n|j|\u2606CynthiaBlueheart\n|player|p2|CynthiaBlueheart|clair\n","uploadtime":1667439196,"views":9,"p1id":"notsarcasm","p2id":"cynthiablueheart","formatid":"gen8ou","rating":1639,"private":0,"password":null}