{"id":"gen8ou-1673718809","p1":"Spectre Ace","p2":"toon arctozolt","format":"gen8ou","log":"|j|\u2606Spectre Ace\n|j|\u2606toon arctozolt\n|t:|1664490513\n|gametype|singles\n|player|p1|Spectre Ace|juggler|1817\n|player|p2|toon arctozolt|harlequin|1740\n|teamsize|p1|6\n|teamsize|p2|6\n|gen|8\n|tier|[Gen 8] OU\n|rated|\n|rule|Sleep Clause Mod: Limit one foe put to sleep\n|rule|Species Clause: Limit one of each Pok\u00e9mon\n|rule|OHKO Clause: OHKO moves are banned\n|rule|Evasion Items Clause: Evasion items are banned\n|rule|Evasion Moves Clause: Evasion moves are banned\n|rule|Endless Battle Clause: Forcing endless battles is banned\n|rule|HP Percentage Mod: HP is shown in percentages\n|rule|Dynamax Clause: You cannot dynamax\n|clearpoke\n|poke|p1|Landorus-Therian, M|\n|poke|p1|Ferrothorn, M|\n|poke|p1|Volcanion|\n|poke|p1|Raichu-Alola, F|\n|poke|p1|Tapu Koko|\n|poke|p1|Clefable, M|\n|poke|p2|Zapdos|\n|poke|p2|Pelipper, M|\n|poke|p2|Ferrothorn, F|\n|poke|p2|Barraskewda, M|\n|poke|p2|Urshifu-*, F|\n|poke|p2|Seismitoad, M|\n|teampreview\n|inactive|Battle timer is ON: inactive players will automatically lose when time's up. (requested by toon arctozolt)\n|j| tapu moxo\n|j| pelotonian\n|\n|t:|1664490523\n|start\n|switch|p1a: Booker|Tapu Koko|100\/100\n|switch|p2a: Ferrothorn|Ferrothorn, F|100\/100\n|-fieldstart|move: Electric Terrain|[from] ability: Electric Surge|[of] p1a: Booker\n|turn|1\n|j| RazorForce21\n|\n|t:|1664490527\n|switch|p1a: Sundowner|Ferrothorn, M, shiny|100\/100\n|move|p2a: Ferrothorn|Stealth Rock|p1a: Sundowner\n|-sidestart|p1: Spectre Ace|move: Stealth Rock\n|\n|upkeep\n|turn|2\n|\n|t:|1664490530\n|move|p1a: Sundowner|Spikes|p2a: Ferrothorn\n|-sidestart|p2: toon arctozolt|Spikes\n|move|p2a: Ferrothorn|Knock Off|p1a: Sundowner\n|-damage|p1a: Sundowner|83\/100\n|-damage|p2a: Ferrothorn|88\/100|[from] ability: Iron Barbs|[of] p1a: Sundowner\n|-enditem|p1a: Sundowner|Leftovers|[from] move: Knock Off|[of] p2a: Ferrothorn\n|\n|-heal|p2a: Ferrothorn|94\/100|[from] item: Leftovers\n|upkeep\n|turn|3\n|j| gawd blunderr\n|\n|t:|1664490543\n|switch|p2a: Pelipper|Pelipper, M|100\/100\n|-weather|RainDance|[from] ability: Drizzle|[of] p2a: Pelipper\n|move|p1a: Sundowner|Knock Off|p2a: Pelipper\n|-damage|p2a: Pelipper|83\/100\n|-enditem|p2a: Pelipper|Damp Rock|[from] move: Knock Off|[of] p1a: Sundowner\n|\n|-weather|RainDance|[upkeep]\n|upkeep\n|turn|4\n|\n|t:|1664490550\n|move|p2a: Pelipper|Scald|p1a: Sundowner\n|-resisted|p1a: Sundowner\n|-damage|p1a: Sundowner|71\/100\n|move|p1a: Sundowner|Knock Off|p2a: Pelipper\n|-damage|p2a: Pelipper|72\/100\n|\n|-weather|RainDance|[upkeep]\n|upkeep\n|turn|5\n|\n|t:|1664490557\n|move|p2a: Pelipper|Scald|p1a: Sundowner\n|-resisted|p1a: Sundowner\n|-damage|p1a: Sundowner|60\/100\n|move|p1a: Sundowner|Leech Seed|p2a: Pelipper\n|-start|p2a: Pelipper|move: Leech Seed\n|\n|-weather|RainDance|[upkeep]\n|-damage|p2a: Pelipper|60\/100|[from] Leech Seed|[of] p1a: Sundowner\n|-heal|p1a: Sundowner|72\/100|[silent]\n|upkeep\n|turn|6\n|\n|t:|1664490564\n|switch|p2a: Zapdos|Zapdos|100\/100\n|move|p1a: Sundowner|Spikes|p2a: Zapdos\n|-sidestart|p2: toon arctozolt|Spikes\n|\n|-weather|RainDance|[upkeep]\n|upkeep\n|turn|7\n|\n|t:|1664490570\n|move|p2a: Zapdos|Hurricane|p1a: Sundowner\n|-damage|p1a: Sundowner|31\/100\n|move|p1a: Sundowner|Leech Seed|p2a: Zapdos\n|-start|p2a: Zapdos|move: Leech Seed\n|\n|-weather|RainDance|[upkeep]\n|-damage|p2a: Zapdos|88\/100|[from] Leech Seed|[of] p1a: Sundowner\n|-heal|p1a: Sundowner|43\/100|[silent]\n|upkeep\n|turn|8\n|\n|t:|1664490581\n|move|p2a: Zapdos|Hurricane|p1a: Sundowner\n|-damage|p1a: Sundowner|3\/100\n|-start|p1a: Sundowner|confusion\n|-activate|p1a: Sundowner|confusion\n|-damage|p1a: Sundowner|0 fnt|[from] confusion\n|faint|p1a: Sundowner\n|\n|-weather|RainDance|[upkeep]\n|-fieldend|move: Electric Terrain\n|upkeep\n|\n|t:|1664490587\n|switch|p1a: Booker|Tapu Koko|100\/100\n|-damage|p1a: Booker|88\/100|[from] Stealth Rock\n|-fieldstart|move: Electric Terrain|[from] ability: Electric Surge|[of] p1a: Booker\n|turn|9\n|\n|t:|1664490589\n|move|p1a: Booker|Thunderbolt|p2a: Zapdos\n|-damage|p2a: Zapdos|33\/100\n|move|p2a: Zapdos|Weather Ball|p1a: Booker\n|-damage|p1a: Booker|5\/100\n|\n|-weather|RainDance|[upkeep]\n|-damage|p2a: Zapdos|20\/100|[from] Leech Seed|[of] p1a: Booker\n|-heal|p1a: Booker|20\/100|[silent]\n|upkeep\n|turn|10\n|\n|t:|1664490597\n|switch|p2a: Ferrothorn|Ferrothorn, F|94\/100\n|-damage|p2a: Ferrothorn|78\/100|[from] Spikes\n|move|p1a: Booker|Dazzling Gleam|p2a: Ferrothorn\n|-resisted|p2a: Ferrothorn\n|-damage|p2a: Ferrothorn|66\/100\n|\n|-weather|none\n|-heal|p2a: Ferrothorn|72\/100|[from] item: Leftovers\n|upkeep\n|turn|11\n|\n|t:|1664490604\n|switch|p1a: Clefable|Clefable, M|100\/100\n|move|p2a: Ferrothorn|Leech Seed|p1a: Clefable\n|-start|p1a: Clefable|move: Leech Seed\n|\n|-heal|p2a: Ferrothorn|78\/100|[from] item: Leftovers\n|-damage|p1a: Clefable|88\/100|[from] Leech Seed|[of] p2a: Ferrothorn\n|-heal|p2a: Ferrothorn|92\/100|[silent]\n|upkeep\n|turn|12\n|\n|t:|1664490609\n|move|p1a: Clefable|Flamethrower|p2a: Ferrothorn\n|-supereffective|p2a: Ferrothorn\n|-damage|p2a: Ferrothorn|37\/100\n|move|p2a: Ferrothorn|Gyro Ball|p1a: Clefable\n|-supereffective|p1a: Clefable\n|-damage|p1a: Clefable|32\/100\n|\n|-heal|p2a: Ferrothorn|43\/100|[from] item: Leftovers\n|-damage|p1a: Clefable|19\/100|[from] Leech Seed|[of] p2a: Ferrothorn\n|-heal|p2a: Ferrothorn|57\/100|[silent]\n|upkeep\n|turn|13\n|\n|t:|1664490619\n|switch|p2a: Pelipper|Pelipper, M|60\/100\n|-weather|RainDance|[from] ability: Drizzle|[of] p2a: Pelipper\n|move|p1a: Clefable|Stealth Rock|p2a: Pelipper\n|-sidestart|p2: toon arctozolt|move: Stealth Rock\n|\n|-weather|RainDance|[upkeep]\n|-damage|p1a: Clefable|7\/100|[from] Leech Seed|[of] p2a: Pelipper\n|-heal|p2a: Pelipper|75\/100|[silent]\n|upkeep\n|turn|14\n|\n|t:|1664490626\n|move|p2a: Pelipper|Defog|p1a: Clefable\n|-unboost|p1a: Clefable|evasion|1\n|-sideend|p1: Spectre Ace|Stealth Rock|[from] move: Defog|[of] p2a: Pelipper\n|-sideend|p2: toon arctozolt|Spikes|[from] move: Defog|[of] p2a: Pelipper\n|-sideend|p2: toon arctozolt|Stealth Rock|[from] move: Defog|[of] p2a: Pelipper\n|-fieldend|move: Electric Terrain\n|move|p1a: Clefable|Moonblast|p2a: Pelipper\n|-damage|p2a: Pelipper|33\/100\n|-unboost|p2a: Pelipper|spa|1\n|\n|-weather|RainDance|[upkeep]\n|-damage|p1a: Clefable|0 fnt|[from] Leech Seed|[of] p2a: Pelipper\n|-heal|p2a: Pelipper|41\/100|[silent]\n|faint|p1a: Clefable\n|upkeep\n|\n|t:|1664490627\n|switch|p1a: Booker|Tapu Koko|20\/100\n|-fieldstart|move: Electric Terrain|[from] ability: Electric Surge|[of] p1a: Booker\n|turn|15\n|\n|t:|1664490634\n|switch|p2a: Ferrothorn|Ferrothorn, F|57\/100\n|move|p1a: Booker|Roost|p1a: Booker\n|-heal|p1a: Booker|70\/100\n|-singleturn|p1a: Booker|move: Roost\n|\n|-weather|RainDance|[upkeep]\n|-heal|p2a: Ferrothorn|63\/100|[from] item: Leftovers\n|upkeep\n|turn|16\n|j| Jongruenwald\n|\n|t:|1664490637\n|switch|p1a: Engine|Volcanion|100\/100\n|move|p2a: Ferrothorn|Stealth Rock|p1a: Engine\n|-sidestart|p1: Spectre Ace|move: Stealth Rock\n|\n|-weather|RainDance|[upkeep]\n|-heal|p2a: Ferrothorn|69\/100|[from] item: Leftovers\n|upkeep\n|turn|17\n|l| Jongruenwald\n|\n|t:|1664490642\n|move|p1a: Engine|Steam Eruption|p2a: Ferrothorn\n|-resisted|p2a: Ferrothorn\n|-damage|p2a: Ferrothorn|39\/100\n|-status|p2a: Ferrothorn|brn\n|move|p2a: Ferrothorn|Leech Seed|p1a: Engine\n|-start|p1a: Engine|move: Leech Seed\n|\n|-weather|none\n|-heal|p2a: Ferrothorn|45\/100 brn|[from] item: Leftovers\n|-damage|p1a: Engine|88\/100|[from] Leech Seed|[of] p2a: Ferrothorn\n|-heal|p2a: Ferrothorn|55\/100 brn|[silent]\n|-damage|p2a: Ferrothorn|49\/100 brn|[from] brn\n|upkeep\n|turn|18\n|\n|t:|1664490660\n|switch|p2a: Urshifu|Urshifu-Rapid-Strike, F|100\/100\n|move|p1a: Engine|Flamethrower|p2a: Urshifu\n|-resisted|p2a: Urshifu\n|-damage|p2a: Urshifu|66\/100\n|\n|-damage|p1a: Engine|76\/100|[from] Leech Seed|[of] p2a: Urshifu\n|-heal|p2a: Urshifu|77\/100|[silent]\n|upkeep\n|turn|19\n|\n|t:|1664490669\n|switch|p1a: Amadeus|Landorus-Therian, M|100\/100\n|-damage|p1a: Amadeus|88\/100|[from] Stealth Rock\n|-ability|p1a: Amadeus|Intimidate|boost\n|-unboost|p2a: Urshifu|atk|1\n|move|p2a: Urshifu|Close Combat|p1a: Amadeus\n|-resisted|p1a: Amadeus\n|-damage|p1a: Amadeus|54\/100\n|-unboost|p2a: Urshifu|def|1\n|-unboost|p2a: Urshifu|spd|1\n|\n|-heal|p1a: Amadeus|60\/100|[from] item: Leftovers\n|upkeep\n|turn|20\n|\n|t:|1664490674\n|switch|p2a: Pelipper|Pelipper, M|41\/100\n|-weather|RainDance|[from] ability: Drizzle|[of] p2a: Pelipper\n|move|p1a: Amadeus|Defog|p2a: Pelipper\n|-unboost|p2a: Pelipper|evasion|1\n|-sideend|p1: Spectre Ace|Stealth Rock|[from] move: Defog|[of] p1a: Amadeus\n|-fieldend|move: Electric Terrain\n|\n|-weather|RainDance|[upkeep]\n|-heal|p1a: Amadeus|66\/100|[from] item: Leftovers\n|upkeep\n|turn|21\n|\n|t:|1664490677\n|move|p1a: Amadeus|U-turn|p2a: Pelipper\n|-resisted|p2a: Pelipper\n|-damage|p2a: Pelipper|32\/100\n|\n|t:|1664490679\n|switch|p1a: Engine|Volcanion|76\/100|[from]move: U-turn\n|move|p2a: Pelipper|U-turn|p1a: Engine\n|-resisted|p1a: Engine\n|-damage|p1a: Engine|72\/100\n|\n|t:|1664490687\n|switch|p2a: Weatherman|Seismitoad, M, shiny|100\/100|[from]move: U-turn\n|\n|-weather|RainDance|[upkeep]\n|upkeep\n|turn|22\n|\n|t:|1664490690\n|switch|p1a: Amadeus|Landorus-Therian, M|66\/100\n|-ability|p1a: Amadeus|Intimidate|boost\n|-unboost|p2a: Weatherman|atk|1\n|move|p2a: Weatherman|Earth Power|p1a: Amadeus\n|-immune|p1a: Amadeus\n|\n|-weather|RainDance|[upkeep]\n|-heal|p1a: Amadeus|72\/100|[from] item: Leftovers\n|upkeep\n|turn|23\n|\n|t:|1664490693\n|switch|p1a: Engine|Volcanion|72\/100\n|move|p2a: Weatherman|Weather Ball|p1a: Engine\n|-heal|p1a: Engine|97\/100|[from] ability: Water Absorb|[of] p2a: Weatherman\n|\n|-weather|RainDance|[upkeep]\n|upkeep\n|turn|24\n|\n|t:|1664490697\n|switch|p1a: Amadeus|Landorus-Therian, M|72\/100\n|-ability|p1a: Amadeus|Intimidate|boost\n|-unboost|p2a: Weatherman|atk|1\n|move|p2a: Weatherman|Earth Power|p1a: Amadeus\n|-immune|p1a: Amadeus\n|\n|-weather|none\n|-heal|p1a: Amadeus|78\/100|[from] item: Leftovers\n|upkeep\n|turn|25\n|\n|t:|1664490700\n|switch|p2a: Pelipper|Pelipper, M|32\/100\n|-weather|RainDance|[from] ability: Drizzle|[of] p2a: Pelipper\n|move|p1a: Amadeus|U-turn|p2a: Pelipper\n|-resisted|p2a: Pelipper\n|-damage|p2a: Pelipper|23\/100\n|\n|t:|1664490701\n|switch|p1a: Booker|Tapu Koko|70\/100|[from]move: U-turn\n|-fieldstart|move: Electric Terrain|[from] ability: Electric Surge|[of] p1a: Booker\n|\n|-weather|RainDance|[upkeep]\n|upkeep\n|turn|26\n|\n|t:|1664490709\n|switch|p2a: Weatherman|Seismitoad, M, shiny|100\/100\n|move|p1a: Booker|U-turn|p2a: Weatherman\n|-damage|p2a: Weatherman|80\/100\n|\n|t:|1664490713\n|switch|p1a: Engine|Volcanion|97\/100|[from]move: U-turn\n|\n|-weather|RainDance|[upkeep]\n|upkeep\n|turn|27\n|\n|t:|1664490716\n|switch|p1a: Amadeus|Landorus-Therian, M|78\/100\n|-ability|p1a: Amadeus|Intimidate|boost\n|-unboost|p2a: Weatherman|atk|1\n|move|p2a: Weatherman|Earth Power|p1a: Amadeus\n|-immune|p1a: Amadeus\n|\n|-weather|RainDance|[upkeep]\n|-heal|p1a: Amadeus|84\/100|[from] item: Leftovers\n|upkeep\n|turn|28\n|\n|t:|1664490720\n|move|p2a: Weatherman|Earth Power|p1a: Amadeus\n|-immune|p1a: Amadeus\n|move|p1a: Amadeus|Earthquake|p2a: Weatherman\n|-damage|p2a: Weatherman|20\/100\n|\n|-weather|RainDance|[upkeep]\n|-heal|p1a: Amadeus|91\/100|[from] item: Leftovers\n|upkeep\n|turn|29\n|\n|t:|1664490728\n|move|p2a: Weatherman|Weather Ball|p1a: Amadeus\n|-supereffective|p1a: Amadeus\n|-damage|p1a: Amadeus|0 fnt\n|faint|p1a: Amadeus\n|-damage|p2a: Weatherman|10\/100|[from] item: Life Orb\n|\n|-weather|none\n|upkeep\n|\n|t:|1664490730\n|switch|p1a: Valentine|Raichu-Alola, F, shiny|100\/100\n|turn|30\n|\n|t:|1664490734\n|switch|p2a: Ferrothorn|Ferrothorn, F|49\/100 brn\n|move|p1a: Valentine|Psyshock|p2a: Ferrothorn\n|-resisted|p2a: Ferrothorn\n|-damage|p2a: Ferrothorn|31\/100 brn\n|-damage|p1a: Valentine|91\/100|[from] item: Life Orb\n|\n|-heal|p2a: Ferrothorn|37\/100 brn|[from] item: Leftovers\n|-damage|p2a: Ferrothorn|31\/100 brn|[from] brn\n|upkeep\n|turn|31\n|\n|t:|1664490744\n|move|p1a: Valentine|Rising Voltage|p2a: Ferrothorn\n|-hint|Rising Voltage's BP doubled on grounded target.\n|-resisted|p2a: Ferrothorn\n|-damage|p2a: Ferrothorn|0 fnt\n|faint|p2a: Ferrothorn\n|-damage|p1a: Valentine|81\/100|[from] item: Life Orb\n|\n|upkeep\n|\n|t:|1664490750\n|switch|p2a: Pelipper|Pelipper, M|23\/100\n|-weather|RainDance|[from] ability: Drizzle|[of] p2a: Pelipper\n|turn|32\n|\n|t:|1664490755\n|switch|p2a: Zapdos|Zapdos|20\/100\n|move|p1a: Valentine|Psyshock|p2a: Zapdos\n|-damage|p2a: Zapdos|0 fnt\n|faint|p2a: Zapdos\n|-damage|p1a: Valentine|71\/100|[from] item: Life Orb\n|\n|-weather|RainDance|[upkeep]\n|-fieldend|move: Electric Terrain\n|upkeep\n|\n|t:|1664490765\n|switch|p2a: Barraskewda|Barraskewda, M|100\/100\n|turn|33\n|\n|t:|1664490769\n|switch|p1a: Booker|Tapu Koko|70\/100\n|-fieldstart|move: Electric Terrain|[from] ability: Electric Surge|[of] p1a: Booker\n|move|p2a: Barraskewda|Close Combat|p1a: Booker\n|-resisted|p1a: Booker\n|-damage|p1a: Booker|25\/100\n|-unboost|p2a: Barraskewda|def|1\n|-unboost|p2a: Barraskewda|spd|1\n|\n|-weather|RainDance|[upkeep]\n|upkeep\n|turn|34\n|\n|t:|1664490782\n|move|p2a: Barraskewda|Close Combat|p1a: Booker\n|-resisted|p1a: Booker\n|-crit|p1a: Booker\n|-damage|p1a: Booker|0 fnt\n|-unboost|p2a: Barraskewda|def|1\n|-unboost|p2a: Barraskewda|spd|1\n|faint|p1a: Booker\n|\n|-weather|RainDance|[upkeep]\n|upkeep\n|\n|t:|1664490784\n|switch|p1a: Valentine|Raichu-Alola, F, shiny|71\/100\n|turn|35\n|j| I'M AT MY LIMIT\n|\n|t:|1664490810\n|switch|p2a: Weatherman|Seismitoad, M, shiny|10\/100\n|move|p1a: Valentine|Psyshock|p2a: Weatherman\n|-damage|p2a: Weatherman|0 fnt\n|faint|p2a: Weatherman\n|-damage|p1a: Valentine|61\/100|[from] item: Life Orb\n|\n|-weather|RainDance|[upkeep]\n|upkeep\n|\n|t:|1664490816\n|switch|p2a: Barraskewda|Barraskewda, M|100\/100\n|turn|36\n|\n|t:|1664490822\n|switch|p1a: Engine|Volcanion|97\/100\n|move|p2a: Barraskewda|Liquidation|p1a: Engine\n|-heal|p1a: Engine|100\/100|[from] ability: Water Absorb|[of] p2a: Barraskewda\n|\n|-weather|none\n|upkeep\n|turn|37\n|\n|t:|1664490826\n|switch|p2a: Pelipper|Pelipper, M|23\/100\n|-weather|RainDance|[from] ability: Drizzle|[of] p2a: Pelipper\n|move|p1a: Engine|Steam Eruption|p2a: Pelipper\n|-resisted|p2a: Pelipper\n|-damage|p2a: Pelipper|0 fnt\n|faint|p2a: Pelipper\n|\n|-weather|RainDance|[upkeep]\n|upkeep\n|n| Call the crew|imatmylimit\n|\n|t:|1664490828\n|switch|p2a: Urshifu|Urshifu-Rapid-Strike, F|77\/100\n|turn|38\n|\n|t:|1664490837\n|move|p2a: Urshifu|Thunder Punch|p1a: Engine\n|-supereffective|p1a: Engine\n|-damage|p1a: Engine|0 fnt\n|faint|p1a: Engine\n|\n|-weather|RainDance|[upkeep]\n|upkeep\n|\n|t:|1664490840\n|switch|p1a: Valentine|Raichu-Alola, F, shiny|61\/100\n|turn|39\n|\n|t:|1664490841\n|move|p1a: Valentine|Rising Voltage|p2a: Urshifu\n|-hint|Rising Voltage's BP doubled on grounded target.\n|-supereffective|p2a: Urshifu\n|-damage|p2a: Urshifu|0 fnt\n|faint|p2a: Urshifu\n|-damage|p1a: Valentine|51\/100|[from] item: Life Orb\n|\n|-weather|RainDance|[upkeep]\n|upkeep\n|\n|t:|1664490842\n|switch|p2a: Barraskewda|Barraskewda, M|100\/100\n|turn|40\n|\n|t:|1664490844\n|move|p2a: Barraskewda|Liquidation|p1a: Valentine\n|-damage|p1a: Valentine|0 fnt\n|faint|p1a: Valentine\n|\n|win|toon arctozolt\n|raw|Spectre Ace's rating: 1817 &rarr; <strong>1793<\/strong><br \/>(-24 for losing)\n|raw|toon arctozolt's rating: 1740 &rarr; <strong>1764<\/strong><br \/>(+24 for winning)\n|l|\u2606Spectre Ace\n|l| pelotonian\n|l| Call the crew\n|l| gawd blunderr\n||Ladder isn't responding, score probably updated but might not have (Request timeout).\n|l| RazorForce21\n","uploadtime":1664490926,"views":27,"p1id":"spectreace","p2id":"toonarctozolt","formatid":"gen8ou","rating":1764,"private":0,"password":null}