{"id":"gen8ou-1585586937","p1":"cump4","p2":"StillV$VP","format":"gen8ou","log":"|j|\u2606cump4\n|j|\u2606StillV$VP\n|t:|1653869900\n|gametype|singles\n|player|p1|cump4|gentleman-gen4|1560\n|player|p2|StillV$VP|emmet|1559\n|teamsize|p1|6\n|teamsize|p2|6\n|gen|8\n|tier|[Gen 8] OU\n|rated|\n|rule|Sleep Clause Mod: Limit one foe put to sleep\n|rule|Species Clause: Limit one of each Pok\u00e9mon\n|rule|OHKO Clause: OHKO moves are banned\n|rule|Evasion Moves Clause: Evasion moves are banned\n|rule|Endless Battle Clause: Forcing endless battles is banned\n|rule|HP Percentage Mod: HP is shown in percentages\n|rule|Dynamax Clause: You cannot dynamax\n|clearpoke\n|poke|p1|Tyranitar, F|\n|poke|p1|Rotom-Wash|\n|poke|p1|Scizor, M|\n|poke|p1|Clefable, F|\n|poke|p1|Garchomp, M|\n|poke|p1|Dracozolt|\n|poke|p2|Volcanion|\n|poke|p2|Chansey, F|\n|poke|p2|Weavile, M|\n|poke|p2|Corviknight, F|\n|poke|p2|Garchomp, M|\n|poke|p2|Zapdos|\n|teampreview\n|j| 8th Hokage Killua\n|inactive|Battle timer is ON: inactive players will automatically lose when time's up. (requested by StillV$VP)\n|\n|t:|1653869908\n|start\n|switch|p1a: Dracozolt|Dracozolt, shiny|100\/100\n|switch|p2a: KGB|Volcanion|100\/100\n|turn|1\n|l| 8th Hokage Killua\n|\n|t:|1653869913\n|move|p1a: Dracozolt|Substitute|p1a: Dracozolt\n|-start|p1a: Dracozolt|Substitute\n|-damage|p1a: Dracozolt|76\/100\n|move|p2a: KGB|Steam Eruption|p1a: Dracozolt\n|-resisted|p1a: Dracozolt\n|-end|p1a: Dracozolt|Substitute\n|\n|-heal|p1a: Dracozolt|82\/100|[from] item: Leftovers\n|upkeep\n|turn|2\n|\n|t:|1653869917\n|move|p1a: Dracozolt|Substitute|p1a: Dracozolt\n|-start|p1a: Dracozolt|Substitute\n|-damage|p1a: Dracozolt|57\/100\n|move|p2a: KGB|Steam Eruption|p1a: Dracozolt\n|-resisted|p1a: Dracozolt\n|-end|p1a: Dracozolt|Substitute\n|\n|-heal|p1a: Dracozolt|63\/100|[from] item: Leftovers\n|upkeep\n|turn|3\n|\n|t:|1653869918\n|move|p1a: Dracozolt|Bolt Beak|p2a: KGB\n|-supereffective|p2a: KGB\n|-damage|p2a: KGB|0 fnt\n|faint|p2a: KGB\n|\n|-heal|p1a: Dracozolt|69\/100|[from] item: Leftovers\n|upkeep\n|\n|t:|1653869923\n|switch|p2a: Shiesty|Weavile, M|100\/100\n|turn|4\n|\n|t:|1653869927\n|switch|p1a: Rotom|Rotom-Wash|100\/100\n|move|p2a: Shiesty|Knock Off|p1a: Rotom\n|-damage|p1a: Rotom|43\/100\n|-enditem|p1a: Rotom|Eject Button|[from] move: Knock Off|[of] p2a: Shiesty\n|\n|upkeep\n|turn|5\n|\n|t:|1653869940\n|switch|p2a: Tickle me|Chansey, F|100\/100\n|move|p1a: Rotom|Pain Split|p2a: Tickle me\n|-sethp|p2a: Tickle me|60\/100|[from] move: Pain Split|[silent]\n|-sethp|p1a: Rotom|100\/100|[from] move: Pain Split\n|\n|upkeep\n|turn|6\n|\n|t:|1653869943\n|move|p1a: Rotom|Volt Switch|p2a: Tickle me\n|-damage|p2a: Tickle me|52\/100\n|\n|t:|1653869946\n|switch|p1a: Tyranitar|Tyranitar, F, shiny|100\/100|[from]move: Volt Switch\n|-weather|Sandstorm|[from] ability: Sand Stream|[of] p1a: Tyranitar\n|move|p2a: Tickle me|Toxic|p1a: Tyranitar\n|-status|p1a: Tyranitar|tox\n|\n|-weather|Sandstorm|[upkeep]\n|-damage|p2a: Tickle me|46\/100|[from] Sandstorm\n|-damage|p1a: Tyranitar|94\/100 tox|[from] psn\n|upkeep\n|turn|7\n|\n|t:|1653869952\n|move|p1a: Tyranitar|Stealth Rock|p2a: Tickle me\n|-sidestart|p2: StillV$VP|move: Stealth Rock\n|move|p2a: Tickle me|Teleport|p2a: Tickle me\n|\n|t:|1653869966\n|switch|p2a: Rasheda|Corviknight, F|100\/100|[from]move: Teleport\n|-damage|p2a: Rasheda|88\/100|[from] Stealth Rock\n|-ability|p2a: Rasheda|Pressure\n|\n|-weather|Sandstorm|[upkeep]\n|-damage|p1a: Tyranitar|82\/100 tox|[from] psn\n|upkeep\n|turn|8\n|\n|t:|1653869970\n|switch|p1a: Dracozolt|Dracozolt, shiny|69\/100\n|move|p2a: Rasheda|U-turn|p1a: Dracozolt\n|-damage|p1a: Dracozolt|49\/100\n|\n|t:|1653869976\n|switch|p2a: Shiesty|Weavile, M|100\/100|[from]move: U-turn\n|-damage|p2a: Shiesty|76\/100|[from] Stealth Rock\n|\n|-weather|Sandstorm|[upkeep]\n|-damage|p2a: Shiesty|70\/100|[from] Sandstorm\n|-heal|p1a: Dracozolt|56\/100|[from] item: Leftovers\n|upkeep\n|turn|9\n|\n|t:|1653869985\n|switch|p1a: Rotom|Rotom-Wash|100\/100\n|move|p2a: Shiesty|Knock Off|p1a: Rotom\n|-damage|p1a: Rotom|60\/100\n|\n|-weather|Sandstorm|[upkeep]\n|-damage|p2a: Shiesty|64\/100|[from] Sandstorm\n|-damage|p1a: Rotom|54\/100|[from] Sandstorm\n|upkeep\n|turn|10\n|l|\u2606StillV$VP\n|inactive|StillV$VP disconnected and has a minute to reconnect!\n|player|p2|\n|j|\u2606StillV$VP\n|inactive|StillV$VP reconnected and has 120 seconds left.\n|player|p2|StillV$VP|emmet\n|\n|t:|1653870020\n|move|p2a: Shiesty|Knock Off|p1a: Rotom\n|-damage|p1a: Rotom|15\/100\n|move|p1a: Rotom|Pain Split|p2a: Shiesty\n|-sethp|p2a: Shiesty|40\/100|[from] move: Pain Split|[silent]\n|-sethp|p1a: Rotom|37\/100|[from] move: Pain Split\n|\n|-weather|Sandstorm|[upkeep]\n|-damage|p2a: Shiesty|33\/100|[from] Sandstorm\n|-damage|p1a: Rotom|31\/100|[from] Sandstorm\n|upkeep\n|turn|11\n|\n|t:|1653870029\n|switch|p1a: Scizor|Scizor, M|100\/100\n|move|p2a: Shiesty|Knock Off|p1a: Scizor\n|-crit|p1a: Scizor\n|-damage|p1a: Scizor|0 fnt\n|-enditem|p1a: Scizor|Eject Button|[from] move: Knock Off|[of] p2a: Shiesty\n|faint|p1a: Scizor\n|\n|-weather|Sandstorm|[upkeep]\n|-damage|p2a: Shiesty|27\/100|[from] Sandstorm\n|upkeep\n|\n|t:|1653870035\n|switch|p1a: Dracozolt|Dracozolt, shiny|56\/100\n|turn|12\n|\n|t:|1653870044\n|switch|p2a: Rasheda|Corviknight, F|88\/100\n|-damage|p2a: Rasheda|75\/100|[from] Stealth Rock\n|-ability|p2a: Rasheda|Pressure\n|move|p1a: Dracozolt|Draco Meteor|p2a: Rasheda\n|-resisted|p2a: Rasheda\n|-damage|p2a: Rasheda|56\/100\n|-unboost|p1a: Dracozolt|spa|2\n|\n|-weather|Sandstorm|[upkeep]\n|-heal|p1a: Dracozolt|62\/100|[from] item: Leftovers\n|upkeep\n|turn|13\n|\n|t:|1653870052\n|switch|p2a: Hammer|Garchomp, M|100\/100\n|-damage|p2a: Hammer|94\/100|[from] Stealth Rock\n|move|p1a: Dracozolt|Substitute|p1a: Dracozolt\n|-start|p1a: Dracozolt|Substitute\n|-damage|p1a: Dracozolt|37\/100\n|\n|-weather|none\n|-heal|p1a: Dracozolt|43\/100|[from] item: Leftovers\n|upkeep\n|turn|14\n|\n|t:|1653870059\n|move|p2a: Hammer|Earthquake|p1a: Dracozolt\n|-supereffective|p1a: Dracozolt\n|-end|p1a: Dracozolt|Substitute\n|move|p1a: Dracozolt|Draco Meteor|p2a: Hammer\n|-supereffective|p2a: Hammer\n|-damage|p2a: Hammer|50\/100\n|-unboost|p1a: Dracozolt|spa|2\n|\n|-heal|p1a: Dracozolt|49\/100|[from] item: Leftovers\n|upkeep\n|turn|15\n|\n|t:|1653870068\n|switch|p1a: Clefable|Clefable, F|100\/100\n|move|p2a: Hammer|Earthquake|p1a: Clefable\n|-damage|p1a: Clefable|63\/100\n|\n|upkeep\n|turn|16\n|\n|t:|1653870073\n|switch|p2a: Rasheda|Corviknight, F|56\/100\n|-damage|p2a: Rasheda|44\/100|[from] Stealth Rock\n|-ability|p2a: Rasheda|Pressure\n|move|p1a: Clefable|Trick|p2a: Rasheda\n|-activate|p1a: Clefable|move: Trick|[of] p2a: Rasheda\n|-item|p2a: Rasheda|Sticky Barb|[from] move: Trick\n|-item|p1a: Clefable|Rocky Helmet|[from] move: Trick\n|\n|-damage|p2a: Rasheda|31\/100|[from] item: Sticky Barb\n|upkeep\n|turn|17\n|\n|t:|1653870079\n|switch|p1a: Dracozolt|Dracozolt, shiny|49\/100\n|move|p2a: Rasheda|Defog|p1a: Dracozolt\n|-unboost|p1a: Dracozolt|evasion|1\n|-sideend|p2: StillV$VP|Stealth Rock|[from] move: Defog|[of] p2a: Rasheda\n|\n|-heal|p1a: Dracozolt|56\/100|[from] item: Leftovers\n|-damage|p2a: Rasheda|19\/100|[from] item: Sticky Barb\n|upkeep\n|turn|18\n|\n|t:|1653870087\n|move|p1a: Dracozolt|Substitute|p1a: Dracozolt\n|-start|p1a: Dracozolt|Substitute\n|-damage|p1a: Dracozolt|31\/100\n|move|p2a: Rasheda|Body Press|p1a: Dracozolt\n|-end|p1a: Dracozolt|Substitute\n|\n|-heal|p1a: Dracozolt|37\/100|[from] item: Leftovers\n|-damage|p2a: Rasheda|6\/100|[from] item: Sticky Barb\n|upkeep\n|turn|19\n|\n|t:|1653870091\n|move|p1a: Dracozolt|Bolt Beak|p2a: Rasheda\n|-supereffective|p2a: Rasheda\n|-damage|p2a: Rasheda|0 fnt\n|faint|p2a: Rasheda\n|\n|-heal|p1a: Dracozolt|43\/100|[from] item: Leftovers\n|upkeep\n|\n|t:|1653870094\n|switch|p2a: Shiesty|Weavile, M|27\/100\n|turn|20\n|\n|t:|1653870099\n|switch|p1a: Rotom|Rotom-Wash|31\/100\n|move|p2a: Shiesty|Triple Axel|p1a: Rotom\n|-resisted|p1a: Rotom\n|-damage|p1a: Rotom|25\/100\n|-resisted|p1a: Rotom\n|-damage|p1a: Rotom|11\/100\n|-hitcount|p1a: Rotom|2\n|\n|upkeep\n|turn|21\n|\n|t:|1653870105\n|move|p2a: Shiesty|Triple Axel|p1a: Rotom\n|-resisted|p1a: Rotom\n|-damage|p1a: Rotom|5\/100\n|-resisted|p1a: Rotom\n|-damage|p1a: Rotom|0 fnt\n|faint|p1a: Rotom\n|-hitcount|p1: Rotom|2\n|\n|upkeep\n|\n|t:|1653870108\n|switch|p1a: Tyranitar|Tyranitar, F, shiny|82\/100 tox\n|-weather|Sandstorm|[from] ability: Sand Stream|[of] p1a: Tyranitar\n|turn|22\n|\n|t:|1653870118\n|move|p2a: Shiesty|Triple Axel|p1a: Tyranitar\n|-damage|p1a: Tyranitar|68\/100 tox\n|-damage|p1a: Tyranitar|42\/100 tox\n|-hitcount|p1a: Tyranitar|2\n|move|p1a: Tyranitar|Rock Blast|p2a: Shiesty\n|-supereffective|p2a: Shiesty\n|-damage|p2a: Shiesty|0 fnt\n|faint|p2a: Shiesty\n|-hitcount|p2: Shiesty|1\n|\n|-weather|Sandstorm|[upkeep]\n|-damage|p1a: Tyranitar|36\/100 tox|[from] psn\n|upkeep\n|\n|t:|1653870127\n|switch|p2a: Hammer|Garchomp, M|50\/100\n|turn|23\n|\n|t:|1653870130\n|move|p2a: Hammer|Dragon Rush|p1a: Tyranitar\n|-damage|p1a: Tyranitar|0 fnt\n|faint|p1a: Tyranitar\n|\n|-weather|Sandstorm|[upkeep]\n|upkeep\n|\n|t:|1653870133\n|switch|p1a: Dracozolt|Dracozolt, shiny|43\/100\n|turn|24\n|\n|t:|1653870142\n|move|p1a: Dracozolt|Substitute|p1a: Dracozolt\n|-start|p1a: Dracozolt|Substitute\n|-damage|p1a: Dracozolt|18\/100\n|move|p2a: Hammer|Earthquake|p1a: Dracozolt\n|-supereffective|p1a: Dracozolt\n|-end|p1a: Dracozolt|Substitute\n|\n|-weather|Sandstorm|[upkeep]\n|-heal|p1a: Dracozolt|24\/100|[from] item: Leftovers\n|upkeep\n|turn|25\n|\n|t:|1653870154\n|switch|p2a: Tickle me|Chansey, F|46\/100\n|move|p1a: Dracozolt|Draco Meteor|p2a: Tickle me\n|-damage|p2a: Tickle me|32\/100\n|-unboost|p1a: Dracozolt|spa|2\n|\n|-weather|Sandstorm|[upkeep]\n|-damage|p2a: Tickle me|26\/100|[from] Sandstorm\n|-heal|p1a: Dracozolt|31\/100|[from] item: Leftovers\n|upkeep\n|turn|26\n|\n|t:|1653870157\n|move|p1a: Dracozolt|Bolt Beak|p2a: Tickle me\n|-damage|p2a: Tickle me|0 fnt\n|faint|p2a: Tickle me\n|\n|-weather|Sandstorm|[upkeep]\n|-heal|p1a: Dracozolt|37\/100|[from] item: Leftovers\n|upkeep\n|\n|t:|1653870170\n|switch|p2a: Hammer|Garchomp, M|50\/100\n|turn|27\n|\n|t:|1653870175\n|move|p1a: Dracozolt|Draco Meteor|p2a: Hammer|[miss]\n|-miss|p1a: Dracozolt|p2a: Hammer\n|move|p2a: Hammer|Earthquake|p1a: Dracozolt\n|-supereffective|p1a: Dracozolt\n|-damage|p1a: Dracozolt|0 fnt\n|faint|p1a: Dracozolt\n|\n|-weather|Sandstorm|[upkeep]\n|upkeep\n|\n|t:|1653870183\n|switch|p1a: Clefable|Clefable, F|63\/100\n|turn|28\n|\n|t:|1653870189\n|switch|p2a: Wypipo Dreadz|Zapdos|100\/100\n|move|p1a: Clefable|Moonblast|p2a: Wypipo Dreadz\n|-damage|p2a: Wypipo Dreadz|70\/100\n|\n|-weather|Sandstorm|[upkeep]\n|-damage|p2a: Wypipo Dreadz|64\/100|[from] Sandstorm\n|upkeep\n|turn|29\n|\n|t:|1653870197\n|switch|p1a: Garchomp|Garchomp, M|100\/100\n|move|p2a: Wypipo Dreadz|Hurricane|p1a: Garchomp\n|-damage|p1a: Garchomp|48\/100\n|-start|p1a: Garchomp|confusion\n|\n|-weather|none\n|upkeep\n|turn|30\n|\n|t:|1653870202\n|-activate|p1a: Garchomp|confusion\n|-damage|p1a: Garchomp|33\/100|[from] confusion\n|move|p2a: Wypipo Dreadz|Hurricane|p1a: Garchomp|[miss]\n|-miss|p2a: Wypipo Dreadz|p1a: Garchomp\n|\n|upkeep\n|turn|31\n|\n|t:|1653870205\n|-end|p1a: Garchomp|confusion\n|move|p1a: Garchomp|Scale Shot|p2a: Wypipo Dreadz\n|-damage|p2a: Wypipo Dreadz|51\/100\n|-damage|p2a: Wypipo Dreadz|39\/100\n|-damage|p2a: Wypipo Dreadz|26\/100\n|-hitcount|p2a: Wypipo Dreadz|3\n|-unboost|p1a: Garchomp|def|1\n|-boost|p1a: Garchomp|spe|1\n|-damage|p1a: Garchomp|23\/100|[from] item: Life Orb\n|move|p2a: Wypipo Dreadz|Hurricane|p1a: Garchomp\n|-damage|p1a: Garchomp|0 fnt\n|faint|p1a: Garchomp\n|\n|upkeep\n|\n|t:|1653870206\n|switch|p1a: Clefable|Clefable, F|63\/100\n|turn|32\n|\n|t:|1653870213\n|move|p2a: Wypipo Dreadz|Discharge|p1a: Clefable\n|-damage|p1a: Clefable|32\/100\n|move|p1a: Clefable|Soft-Boiled|p1a: Clefable\n|-heal|p1a: Clefable|82\/100\n|\n|upkeep\n|turn|33\n|\n|t:|1653870220\n|move|p2a: Wypipo Dreadz|Roost|p2a: Wypipo Dreadz\n|-heal|p2a: Wypipo Dreadz|76\/100\n|-singleturn|p2a: Wypipo Dreadz|move: Roost\n|move|p1a: Clefable|Moonblast|p2a: Wypipo Dreadz\n|-damage|p2a: Wypipo Dreadz|47\/100\n|\n|upkeep\n|turn|34\n|\n|t:|1653870225\n|move|p2a: Wypipo Dreadz|Roost|p2a: Wypipo Dreadz\n|-heal|p2a: Wypipo Dreadz|97\/100\n|-singleturn|p2a: Wypipo Dreadz|move: Roost\n|move|p1a: Clefable|Moonblast|p2a: Wypipo Dreadz\n|-crit|p2a: Wypipo Dreadz\n|-damage|p2a: Wypipo Dreadz|51\/100\n|\n|upkeep\n|turn|35\n|\n|t:|1653870230\n|move|p2a: Wypipo Dreadz|Roost|p2a: Wypipo Dreadz\n|-heal|p2a: Wypipo Dreadz|100\/100\n|-singleturn|p2a: Wypipo Dreadz|move: Roost\n|move|p1a: Clefable|Moonblast|p2a: Wypipo Dreadz\n|-damage|p2a: Wypipo Dreadz|70\/100\n|\n|upkeep\n|turn|36\n|\n|t:|1653870235\n|move|p2a: Wypipo Dreadz|Roost|p2a: Wypipo Dreadz\n|-heal|p2a: Wypipo Dreadz|100\/100\n|-singleturn|p2a: Wypipo Dreadz|move: Roost\n|move|p1a: Clefable|Moonblast|p2a: Wypipo Dreadz\n|-damage|p2a: Wypipo Dreadz|73\/100\n|-unboost|p2a: Wypipo Dreadz|spa|1\n|\n|upkeep\n|turn|37\n|\n|t:|1653870238\n|move|p2a: Wypipo Dreadz|Discharge|p1a: Clefable\n|-damage|p1a: Clefable|60\/100\n|move|p1a: Clefable|Soft-Boiled|p1a: Clefable\n|-heal|p1a: Clefable|100\/100\n|\n|upkeep\n|turn|38\n|\n|t:|1653870240\n|move|p2a: Wypipo Dreadz|Discharge|p1a: Clefable\n|-damage|p1a: Clefable|78\/100\n|-status|p1a: Clefable|par\n|move|p1a: Clefable|Moonblast|p2a: Wypipo Dreadz\n|-damage|p2a: Wypipo Dreadz|45\/100\n|-unboost|p2a: Wypipo Dreadz|spa|1\n|\n|upkeep\n|turn|39\n|\n|t:|1653870242\n|move|p2a: Wypipo Dreadz|Roost|p2a: Wypipo Dreadz\n|-heal|p2a: Wypipo Dreadz|95\/100\n|-singleturn|p2a: Wypipo Dreadz|move: Roost\n|move|p1a: Clefable|Aromatherapy|p1a: Clefable\n|-activate|p1a: Clefable|move: Aromatherapy\n|-curestatus|p1a: Clefable|par|[msg]\n|\n|upkeep\n|turn|40\n|\n|t:|1653870247\n|move|p2a: Wypipo Dreadz|Discharge|p1a: Clefable\n|-damage|p1a: Clefable|62\/100\n|move|p1a: Clefable|Soft-Boiled|p1a: Clefable\n|-heal|p1a: Clefable|100\/100\n|\n|upkeep\n|turn|41\n|\n|t:|1653870250\n|move|p2a: Wypipo Dreadz|Discharge|p1a: Clefable\n|-damage|p1a: Clefable|83\/100\n|move|p1a: Clefable|Moonblast|p2a: Wypipo Dreadz\n|-damage|p2a: Wypipo Dreadz|63\/100\n|-unboost|p2a: Wypipo Dreadz|spa|1\n|\n|upkeep\n|turn|42\n|\n|t:|1653870252\n|move|p2a: Wypipo Dreadz|Discharge|p1a: Clefable\n|-damage|p1a: Clefable|69\/100\n|move|p1a: Clefable|Moonblast|p2a: Wypipo Dreadz\n|-damage|p2a: Wypipo Dreadz|35\/100\n|-unboost|p2a: Wypipo Dreadz|spa|1\n|\n|upkeep\n|turn|43\n|\n|t:|1653870258\n|move|p2a: Wypipo Dreadz|Roost|p2a: Wypipo Dreadz\n|-heal|p2a: Wypipo Dreadz|85\/100\n|-singleturn|p2a: Wypipo Dreadz|move: Roost\n|move|p1a: Clefable|Trick|p2a: Wypipo Dreadz\n|-activate|p1a: Clefable|move: Trick|[of] p2a: Wypipo Dreadz\n|-item|p2a: Wypipo Dreadz|Rocky Helmet|[from] move: Trick\n|-item|p1a: Clefable|Heavy-Duty Boots|[from] move: Trick\n|\n|upkeep\n|turn|44\n|l|\u2606cump4\n|inactive|cump4 disconnected and has a minute to reconnect!\n|player|p1|\n|\n|t:|1653870284\n|move|p2a: Wypipo Dreadz|Discharge|p1a: Clefable\n|-damage|p1a: Clefable|58\/100\n|move|p1a: Clefable|Trick|p2a: Wypipo Dreadz\n|-activate|p1a: Clefable|move: Trick|[of] p2a: Wypipo Dreadz\n|-item|p2a: Wypipo Dreadz|Heavy-Duty Boots|[from] move: Trick\n|-item|p1a: Clefable|Rocky Helmet|[from] move: Trick\n|\n|upkeep\n|turn|45\n|inactive|cump4 has 30 seconds to reconnect!\n|inactive|cump4 has 20 seconds to reconnect!\n|inactive|cump4 has 15 seconds to reconnect!\n|inactive|cump4 has 10 seconds to reconnect!\n|inactive|cump4 has 5 seconds to reconnect!\n|-message|cump4 lost due to inactivity.\n|\n|win|StillV$VP\n|raw|cump4's rating: 1560 &rarr; <strong>1540<\/strong><br \/>(-20 for losing)\n|raw|StillV$VP's rating: 1559 &rarr; <strong>1579<\/strong><br \/>(+20 for winning)\n","uploadtime":1653870355,"views":32,"p1id":"cump4","p2id":"stillvvp","formatid":"gen8ou","rating":1540,"private":0,"password":null}