{"id":"gen8ou-1624755386","p1":"Elite4Donovan","p2":"verysuboptimal","format":"gen8ou","log":"|j|\u2606Elite4Donovan\n|j|\u2606verysuboptimal\n|t:|1658742626\n|gametype|singles\n|player|p1|Elite4Donovan|lucas|1669\n|player|p2|verysuboptimal|265|1649\n|teamsize|p1|6\n|teamsize|p2|6\n|gen|8\n|tier|[Gen 8] OU\n|rated|\n|rule|Sleep Clause Mod: Limit one foe put to sleep\n|rule|Species Clause: Limit one of each Pok\u00e9mon\n|rule|OHKO Clause: OHKO moves are banned\n|rule|Evasion Moves Clause: Evasion moves are banned\n|rule|Endless Battle Clause: Forcing endless battles is banned\n|rule|HP Percentage Mod: HP is shown in percentages\n|rule|Dynamax Clause: You cannot dynamax\n|clearpoke\n|poke|p1|Ribombee, F|\n|poke|p1|Mimikyu, F|\n|poke|p1|Kartana|\n|poke|p1|Pikachu, M|\n|poke|p1|Azelf|\n|poke|p1|Cinccino, M|\n|poke|p2|Tyranitar, M|\n|poke|p2|Rotom-Wash|\n|poke|p2|Buzzwole|\n|poke|p2|Excadrill, M|\n|poke|p2|Blacephalon|\n|poke|p2|Nidoking, M|\n|teampreview\n|\n|t:|1658742639\n|start\n|switch|p1a: Ribombee|Ribombee, F|100\/100\n|switch|p2a: Gojira|Tyranitar, M|100\/100\n|-weather|Sandstorm|[from] ability: Sand Stream|[of] p2a: Gojira\n|turn|1\n|\n|t:|1658742643\n|move|p1a: Ribombee|Sticky Web|p2a: Gojira\n|-sidestart|p2: verysuboptimal|move: Sticky Web\n|move|p2a: Gojira|Stone Edge|p1a: Ribombee\n|-supereffective|p1a: Ribombee\n|-enditem|p1a: Ribombee|Focus Sash\n|-damage|p1a: Ribombee|1\/100\n|\n|-weather|Sandstorm|[upkeep]\n|-damage|p1a: Ribombee|0 fnt|[from] Sandstorm\n|faint|p1a: Ribombee\n|upkeep\n|\n|t:|1658742652\n|switch|p1a: Kartana|Kartana|100\/100\n|turn|2\n|\n|t:|1658742656\n|switch|p1a: Pikachu|Pikachu, M|100\/100\n|switch|p2a: Randy Savage|Buzzwole|100\/100\n|-activate|p2a: Randy Savage|move: Sticky Web\n|-unboost|p2a: Randy Savage|spe|1\n|\n|-weather|Sandstorm|[upkeep]\n|-damage|p1a: Pikachu|94\/100|[from] Sandstorm\n|-damage|p2a: Randy Savage|94\/100|[from] Sandstorm\n|upkeep\n|turn|3\n|\n|t:|1658742662\n|switch|p2a: Harlem Spartan|Excadrill, M|100\/100\n|-activate|p2a: Harlem Spartan|move: Sticky Web\n|-unboost|p2a: Harlem Spartan|spe|1\n|move|p1a: Pikachu|Thunder|p2a: Harlem Spartan\n|-immune|p2a: Harlem Spartan\n|\n|-weather|Sandstorm|[upkeep]\n|-damage|p1a: Pikachu|88\/100|[from] Sandstorm\n|upkeep\n|turn|4\n|\n|t:|1658742670\n|switch|p2a: Spin Cycle|Rotom-Wash|100\/100\n|switch|p1a: Mimikyu|Mimikyu, F|100\/100\n|\n|-weather|Sandstorm|[upkeep]\n|-damage|p1a: Mimikyu|95\/100|[from] Sandstorm\n|-damage|p2a: Spin Cycle|94\/100|[from] Sandstorm\n|-heal|p2a: Spin Cycle|100\/100|[from] item: Leftovers\n|upkeep\n|turn|5\n|\n|t:|1658742678\n|move|p1a: Mimikyu|Play Rough|p2a: Spin Cycle\n|-damage|p2a: Spin Cycle|58\/100\n|-unboost|p2a: Spin Cycle|atk|1\n|move|p2a: Spin Cycle|Defog|p1a: Mimikyu\n|-unboost|p1a: Mimikyu|evasion|1\n|-sideend|p2: verysuboptimal|Sticky Web|[from] move: Defog|[of] p2a: Spin Cycle\n|\n|-weather|none\n|-heal|p2a: Spin Cycle|64\/100|[from] item: Leftovers\n|upkeep\n|turn|6\n|\n|t:|1658742682\n|switch|p1a: Pikachu|Pikachu, M|88\/100\n|move|p2a: Spin Cycle|Volt Switch|p1a: Pikachu\n|-ability|p1a: Pikachu|Lightning Rod|boost\n|-boost|p1a: Pikachu|spa|1\n|\n|-heal|p2a: Spin Cycle|70\/100|[from] item: Leftovers\n|upkeep\n|turn|7\n|\n|t:|1658742687\n|move|p1a: Pikachu|Thunder|p2a: Spin Cycle|[miss]\n|-miss|p1a: Pikachu|p2a: Spin Cycle\n|move|p2a: Spin Cycle|Hydro Pump|p1a: Pikachu|[miss]\n|-miss|p2a: Spin Cycle|p1a: Pikachu\n|\n|-heal|p2a: Spin Cycle|76\/100|[from] item: Leftovers\n|upkeep\n|turn|8\n|\n|t:|1658742693\n|move|p1a: Pikachu|Thunder|p2a: Spin Cycle\n|-damage|p2a: Spin Cycle|0 fnt\n|faint|p2a: Spin Cycle\n|\n|upkeep\n|\n|t:|1658742699\n|switch|p2a: What u look like|Blacephalon|100\/100\n|turn|9\n|\n|t:|1658742707\n|switch|p1a: Cinccino|Cinccino, M|100\/100\n|move|p2a: What u look like|Flamethrower|p1a: Cinccino\n|-damage|p1a: Cinccino|2\/100\n|\n|upkeep\n|turn|10\n|\n|t:|1658742715\n|switch|p2a: Gojira|Tyranitar, M|100\/100\n|-weather|Sandstorm|[from] ability: Sand Stream|[of] p2a: Gojira\n|move|p1a: Cinccino|U-turn|p2a: Gojira\n|-supereffective|p2a: Gojira\n|-damage|p2a: Gojira|62\/100\n|j| Ioaded\n|\n|t:|1658742723\n|switch|p1a: Mimikyu|Mimikyu, F|95\/100|[from]move: U-turn\n|\n|-weather|Sandstorm|[upkeep]\n|-damage|p1a: Mimikyu|89\/100|[from] Sandstorm\n|upkeep\n|turn|11\n|\n|t:|1658742728\n|move|p1a: Mimikyu|Play Rough|p2a: Gojira\n|-supereffective|p2a: Gojira\n|-damage|p2a: Gojira|0 fnt\n|faint|p2a: Gojira\n|\n|-weather|Sandstorm|[upkeep]\n|-damage|p1a: Mimikyu|83\/100|[from] Sandstorm\n|upkeep\n|\n|t:|1658742733\n|switch|p2a: Lebron|Nidoking, M, shiny|100\/100\n|turn|12\n|j| Ragnnis\n|\n|t:|1658742739\n|switch|p1a: Azelf|Azelf|100\/100\n|move|p2a: Lebron|Ice Beam|p1a: Azelf\n|-damage|p1a: Azelf|41\/100\n|\n|-weather|Sandstorm|[upkeep]\n|-damage|p1a: Azelf|35\/100|[from] Sandstorm\n|upkeep\n|turn|13\n|\n|t:|1658742746\n|switch|p2a: What u look like|Blacephalon|100\/100\n|move|p1a: Azelf|Psyshock|p2a: What u look like\n|-damage|p2a: What u look like|0 fnt\n|faint|p2a: What u look like\n|-damage|p1a: Azelf|25\/100|[from] item: Life Orb\n|\n|-weather|Sandstorm|[upkeep]\n|-damage|p1a: Azelf|18\/100|[from] Sandstorm\n|upkeep\n|\n|t:|1658742754\n|switch|p2a: Harlem Spartan|Excadrill, M|100\/100\n|turn|14\n|\n|t:|1658742758\n|switch|p1a: Kartana|Kartana|100\/100\n|move|p2a: Harlem Spartan|Iron Head|p1a: Kartana\n|-resisted|p1a: Kartana\n|-damage|p1a: Kartana|76\/100\n|\n|-weather|none\n|upkeep\n|turn|15\n|\n|t:|1658742762\n|move|p1a: Kartana|Knock Off|p2a: Harlem Spartan\n|-damage|p2a: Harlem Spartan|21\/100\n|-enditem|p2a: Harlem Spartan|Leftovers|[from] move: Knock Off|[of] p1a: Kartana\n|-damage|p1a: Kartana|67\/100|[from] item: Life Orb\n|move|p2a: Harlem Spartan|Earthquake|p1a: Kartana\n|-crit|p1a: Kartana\n|-damage|p1a: Kartana|0 fnt\n|faint|p1a: Kartana\n|\n|upkeep\n|\n|t:|1658742766\n|switch|p1a: Cinccino|Cinccino, M|2\/100\n|turn|16\n|\n|t:|1658742771\n|switch|p2a: Randy Savage|Buzzwole|94\/100\n|move|p1a: Cinccino|Tail Slap|p2a: Randy Savage\n|-damage|p2a: Randy Savage|86\/100\n|-damage|p2a: Randy Savage|78\/100\n|-damage|p2a: Randy Savage|69\/100\n|-hitcount|p2a: Randy Savage|3\n|\n|upkeep\n|turn|17\n|\n|t:|1658742781\n|move|p1a: Cinccino|Tail Slap|p2a: Randy Savage\n|-damage|p2a: Randy Savage|61\/100\n|-damage|p2a: Randy Savage|53\/100\n|-damage|p2a: Randy Savage|45\/100\n|-damage|p2a: Randy Savage|37\/100\n|-damage|p2a: Randy Savage|29\/100\n|-hitcount|p2a: Randy Savage|5\n|move|p2a: Randy Savage|Ice Punch|p1a: Cinccino\n|-damage|p1a: Cinccino|0 fnt\n|faint|p1a: Cinccino\n|-ability|p2a: Randy Savage|Beast Boost|boost\n|-boost|p2a: Randy Savage|def|1\n|\n|upkeep\n|\n|t:|1658742791\n|switch|p1a: Pikachu|Pikachu, M|88\/100\n|turn|18\n|\n|t:|1658742797\n|switch|p2a: Harlem Spartan|Excadrill, M|21\/100\n|move|p1a: Pikachu|Surf|p2a: Harlem Spartan\n|-supereffective|p2a: Harlem Spartan\n|-damage|p2a: Harlem Spartan|0 fnt\n|faint|p2a: Harlem Spartan\n|\n|upkeep\n|\n|t:|1658742801\n|switch|p2a: Lebron|Nidoking, M, shiny|100\/100\n|turn|19\n|\n|t:|1658742806\n|move|p2a: Lebron|Sludge Wave|p1a: Pikachu\n|-damage|p1a: Pikachu|0 fnt\n|faint|p1a: Pikachu\n|\n|upkeep\n|\n|t:|1658742808\n|switch|p1a: Azelf|Azelf|18\/100\n|turn|20\n|\n|t:|1658742811\n|move|p1a: Azelf|Psyshock|p2a: Lebron\n|-supereffective|p2a: Lebron\n|-damage|p2a: Lebron|0 fnt\n|faint|p2a: Lebron\n|-damage|p1a: Azelf|8\/100|[from] item: Life Orb\n|\n|upkeep\n|-message|verysuboptimal forfeited.\n|\n|win|Elite4Donovan\n|raw|Elite4Donovan's rating: 1669 &rarr; <strong>1688<\/strong><br \/>(+19 for winning)\n|raw|verysuboptimal's rating: 1649 &rarr; <strong>1630<\/strong><br \/>(-19 for losing)\n|l|\u2606verysuboptimal\n|l| Ioaded\n","uploadtime":1658742833,"views":16,"p1id":"elite4donovan","p2id":"verysuboptimal","formatid":"gen8ou","rating":1630,"private":0,"password":null}