{"id":"gen8ou-1357993724","p1":"Megadeep","p2":"Del chef","format":"gen8ou","log":"|j|\u2606Megadeep\n|j|\u2606Del chef\n|t:|1623584175\n|gametype|singles\n|player|p1|Megadeep|1|1520\n|player|p2|Del chef|bugcatcher-gen1|1628\n|teamsize|p1|6\n|teamsize|p2|6\n|gen|8\n|tier|[Gen 8] OU\n|rated|\n|rule|Sleep Clause Mod: Limit one foe put to sleep\n|rule|Species Clause: Limit one of each Pok\u00e9mon\n|rule|OHKO Clause: OHKO moves are banned\n|rule|Evasion Moves Clause: Evasion moves are banned\n|rule|Endless Battle Clause: Forcing endless battles is banned\n|rule|HP Percentage Mod: HP is shown in percentages\n|rule|Dynamax Clause: You cannot dynamax\n|clearpoke\n|poke|p1|Gardevoir, M|\n|poke|p1|Volcarona, M|\n|poke|p1|Hawlucha, M|\n|poke|p1|Conkeldurr, M|\n|poke|p1|Keldeo-Resolute|\n|poke|p1|Vileplume, M|\n|poke|p2|Buzzwole|\n|poke|p2|Clefable, F|\n|poke|p2|Toxapex, M|\n|poke|p2|Kartana|\n|poke|p2|Slowking, M|\n|poke|p2|Thundurus-Therian, M|\n|teampreview\n|\n|t:|1623584195\n|start\n|switch|p1a: Vileplume|Vileplume, M|100\/100\n|switch|p2a: Thundurus|Thundurus-Therian, M|100\/100\n|turn|1\n|\n|t:|1623584202\n|move|p2a: Thundurus|Nasty Plot|p2a: Thundurus\n|-boost|p2a: Thundurus|spa|2\n|move|p1a: Vileplume|Sludge Wave|p2a: Thundurus\n|-damage|p2a: Thundurus|74\/100\n|\n|upkeep\n|turn|2\n|\n|t:|1623584210\n|move|p2a: Thundurus|Nasty Plot|p2a: Thundurus\n|-boost|p2a: Thundurus|spa|2\n|move|p1a: Vileplume|Leech Seed|p2a: Thundurus\n|-start|p2a: Thundurus|move: Leech Seed\n|\n|-damage|p2a: Thundurus|61\/100|[from] Leech Seed|[of] p1a: Vileplume\n|upkeep\n|turn|3\n|\n|t:|1623584222\n|switch|p1a: Gardevoir|Gardevoir, M|100\/100\n|-ability|p1a: Gardevoir|Volt Absorb|[from] ability: Trace|[of] p2a: Thundurus\n|move|p2a: Thundurus|Thunderbolt|p1a: Gardevoir\n|-immune|p1a: Gardevoir|[from] ability: Volt Absorb\n|\n|-damage|p2a: Thundurus|49\/100|[from] Leech Seed|[of] p1a: Gardevoir\n|upkeep\n|turn|4\n|\n|t:|1623584233\n|move|p1a: Gardevoir|Psyshock|p2a: Thundurus\n|-damage|p2a: Thundurus|0 fnt\n|faint|p2a: Thundurus\n|\n|upkeep\n|\n|t:|1623584239\n|switch|p2a: Clefable|Clefable, F|100\/100\n|turn|5\n|\n|t:|1623584242\n|switch|p1a: Vileplume|Vileplume, M|100\/100\n|move|p2a: Clefable|Calm Mind|p2a: Clefable\n|-boost|p2a: Clefable|spa|1\n|-boost|p2a: Clefable|spd|1\n|\n|upkeep\n|turn|6\n|j| Adri Darko\n|l| Adri Darko\n|\n|t:|1623584249\n|move|p2a: Clefable|Calm Mind|p2a: Clefable\n|-boost|p2a: Clefable|spa|1\n|-boost|p2a: Clefable|spd|1\n|move|p1a: Vileplume|Leech Seed|p2a: Clefable\n|-start|p2a: Clefable|move: Leech Seed\n|\n|-damage|p2a: Clefable|88\/100|[from] Leech Seed|[of] p1a: Vileplume\n|upkeep\n|turn|7\n|\n|t:|1623584257\n|switch|p2a: Toxapex|Toxapex, M|100\/100\n|move|p1a: Vileplume|Sludge Wave|p2a: Toxapex\n|-resisted|p2a: Toxapex\n|-damage|p2a: Toxapex|93\/100\n|\n|upkeep\n|turn|8\n|\n|t:|1623584266\n|move|p1a: Vileplume|Leech Seed|p2a: Toxapex\n|-start|p2a: Toxapex|move: Leech Seed\n|move|p2a: Toxapex|Infestation|p1a: Vileplume\n|-damage|p1a: Vileplume|98\/100\n|-activate|p1a: Vileplume|move: Infestation|[of] p2a: Toxapex\n|\n|-heal|p1a: Vileplume|100\/100|[from] item: Black Sludge\n|-damage|p2a: Toxapex|80\/100|[from] Leech Seed|[of] p1a: Vileplume\n|-damage|p1a: Vileplume|88\/100|[from] move: Infestation|[partiallytrapped]\n|upkeep\n|turn|9\n|\n|t:|1623584276\n|move|p1a: Vileplume|Giga Drain|p2a: Toxapex\n|-damage|p2a: Toxapex|68\/100\n|-heal|p1a: Vileplume|94\/100|[from] drain|[of] p2a: Toxapex\n|move|p2a: Toxapex|Knock Off|p1a: Vileplume\n|-damage|p1a: Vileplume|79\/100\n|-status|p2a: Toxapex|par|[from] ability: Effect Spore|[of] p1a: Vileplume\n|-enditem|p1a: Vileplume|Black Sludge|[from] move: Knock Off|[of] p2a: Toxapex\n|\n|-damage|p2a: Toxapex|56\/100 par|[from] Leech Seed|[of] p1a: Vileplume\n|-heal|p1a: Vileplume|90\/100|[silent]\n|-damage|p1a: Vileplume|78\/100|[from] move: Infestation|[partiallytrapped]\n|upkeep\n|turn|10\n|\n|t:|1623584289\n|move|p1a: Vileplume|Giga Drain|p2a: Toxapex\n|-damage|p2a: Toxapex|44\/100 par\n|-heal|p1a: Vileplume|84\/100|[from] drain|[of] p2a: Toxapex\n|move|p2a: Toxapex|Scald|p1a: Vileplume\n|-resisted|p1a: Vileplume\n|-damage|p1a: Vileplume|76\/100\n|\n|-damage|p2a: Toxapex|31\/100 par|[from] Leech Seed|[of] p1a: Vileplume\n|-heal|p1a: Vileplume|88\/100|[silent]\n|-damage|p1a: Vileplume|76\/100|[from] move: Infestation|[partiallytrapped]\n|upkeep\n|turn|11\n|\n|t:|1623584300\n|switch|p2a: Kartana|Kartana|100\/100\n|move|p1a: Vileplume|Giga Drain|p2a: Kartana\n|-resisted|p2a: Kartana\n|-damage|p2a: Kartana|83\/100\n|-heal|p1a: Vileplume|84\/100|[from] drain|[of] p2a: Kartana\n|\n|-heal|p2a: Kartana|90\/100|[from] item: Leftovers\n|-end|p1a: Vileplume|Infestation|[partiallytrapped]|[silent]\n|upkeep\n|turn|12\n|\n|t:|1623584310\n|move|p2a: Kartana|Swords Dance|p2a: Kartana\n|-boost|p2a: Kartana|atk|2\n|move|p1a: Vileplume|Strength Sap|p2a: Kartana\n|-unboost|p2a: Kartana|atk|1\n|-heal|p1a: Vileplume|100\/100\n|\n|-heal|p2a: Kartana|96\/100|[from] item: Leftovers\n|upkeep\n|turn|13\n|\n|t:|1623584325\n|switch|p1a: Gardevoir|Gardevoir, M|100\/100\n|-ability|p1a: Gardevoir|Beast Boost|[from] ability: Trace|[of] p2a: Kartana\n|move|p2a: Kartana|Swords Dance|p2a: Kartana\n|-boost|p2a: Kartana|atk|2\n|\n|-heal|p2a: Kartana|100\/100|[from] item: Leftovers\n|upkeep\n|turn|14\n|\n|t:|1623584335\n|move|p2a: Kartana|Leaf Blade|p1a: Gardevoir\n|-enditem|p1a: Gardevoir|Focus Sash\n|-damage|p1a: Gardevoir|1\/100\n|move|p1a: Gardevoir|Mystical Fire|p2a: Kartana\n|-supereffective|p2a: Kartana\n|-damage|p2a: Kartana|0 fnt\n|faint|p2a: Kartana\n|-ability|p1a: Gardevoir|Beast Boost|boost\n|-boost|p1a: Gardevoir|spa|1\n|\n|upkeep\n|\n|t:|1623584344\n|switch|p2a: Clefable|Clefable, F|88\/100\n|turn|15\n|-message|Del chef forfeited.\n|\n|win|Megadeep\n|raw|Megadeep's rating: 1520 &rarr; <strong>1546<\/strong><br \/>(+26 for winning)\n|raw|Del chef's rating: 1628 &rarr; <strong>1602<\/strong><br \/>(-26 for losing)\n|l|\u2606Del chef\n","uploadtime":1623584376,"views":20,"p1id":"megadeep","p2id":"delchef","formatid":"gen8ou","rating":1546,"private":0,"password":null}