{"id":"gen8ou-1148894332","p1":"ferromolybdenum","p2":"SPINOSAURUS01","format":"gen8ou","log":"|j|\u2606ferromolybdenum\n|j|\u2606SPINOSAURUS01\n|player|p1|ferromolybdenum|167|1418\n|player|p2|SPINOSAURUS01|hiker-gen4|1420\n|teamsize|p1|6\n|teamsize|p2|6\n|gametype|singles\n|gen|8\n|tier|[Gen 8] OU\n|rated|\n|clearpoke\n|poke|p1|Mandibuzz, F|\n|poke|p1|Alakazam, F|\n|poke|p1|Marowak-Alola, M|\n|poke|p1|Magearna|\n|poke|p1|Hippowdon, F|\n|poke|p1|Rillaboom, F|\n|poke|p2|Rillaboom, F|\n|poke|p2|Hawlucha, M|\n|poke|p2|Grimmsnarl, M|\n|poke|p2|Excadrill, F|\n|poke|p2|Magearna|\n|poke|p2|Volcarona, F|\n|rule|Sleep Clause Mod: Limit one foe put to sleep\n|rule|Species Clause: Limit one of each Pok\u00e9mon\n|rule|OHKO Clause: OHKO moves are banned\n|rule|Evasion Moves Clause: Evasion moves are banned\n|rule|Endless Battle Clause: Forcing endless battles is banned\n|rule|HP Percentage Mod: HP is shown in percentages\n|rule|Dynamax Clause: You cannot dynamax\n|teampreview\n|inactive|Battle timer is ON: inactive players will automatically lose when time's up. (requested by SPINOSAURUS01)\n|inactive|ferromolybdenum has 120 seconds left.\n|inactive|ferromolybdenum has 90 seconds left.\n|inactive|ferromolybdenum has 60 seconds left.\n|\n|start\n|switch|p1a: Rillaboom|Rillaboom, F|100\/100\n|switch|p2a: Edgy Shrek|Grimmsnarl, M|100\/100\n|-fieldstart|move: Grassy Terrain|[from] ability: Grassy Surge|[of] p1a: Rillaboom\n|turn|1\n|inactive|ferromolybdenum has 90 seconds left.\n|\n|move|p2a: Edgy Shrek|Reflect|p2a: Edgy Shrek\n|-sidestart|p2: SPINOSAURUS01|Reflect\n|move|p1a: Rillaboom|Drain Punch|p2a: Edgy Shrek\n|-damage|p2a: Edgy Shrek|79\/100\n|-damage|p1a: Rillaboom|91\/100|[from] item: Life Orb\n|\n|-heal|p1a: Rillaboom|97\/100|[from] Grassy Terrain\n|-heal|p2a: Edgy Shrek|86\/100|[from] Grassy Terrain\n|upkeep\n|turn|2\n|\n|move|p2a: Edgy Shrek|Thunder Wave|p1a: Rillaboom\n|-status|p1a: Rillaboom|par\n|cant|p1a: Rillaboom|par\n|\n|-heal|p2a: Edgy Shrek|92\/100|[from] Grassy Terrain\n|-heal|p1a: Rillaboom|100\/100 par|[from] Grassy Terrain\n|upkeep\n|turn|3\n|inactive|ferromolybdenum has 60 seconds left.\n|\n|move|p2a: Edgy Shrek|Light Screen|p2a: Edgy Shrek\n|-sidestart|p2: SPINOSAURUS01|move: Light Screen\n|cant|p1a: Rillaboom|par\n|\n|-heal|p2a: Edgy Shrek|98\/100|[from] Grassy Terrain\n|upkeep\n|turn|4\n|\n|switch|p2a: Sexy Birb|Hawlucha, M|100\/100\n|-enditem|p2a: Sexy Birb|Grassy Seed\n|-boost|p2a: Sexy Birb|def|1|[from] item: Grassy Seed\n|move|p1a: Rillaboom|Swords Dance|p1a: Rillaboom\n|-boost|p1a: Rillaboom|atk|2\n|\n|upkeep\n|turn|5\n|inactive|ferromolybdenum has 60 seconds left.\n|inactive|ferromolybdenum has 30 seconds left.\n|\n|move|p2a: Sexy Birb|Swords Dance|p2a: Sexy Birb\n|-boost|p2a: Sexy Birb|atk|2\n|cant|p1a: Rillaboom|par\n|\n|-fieldend|move: Grassy Terrain\n|upkeep\n|turn|6\n|\n|move|p2a: Sexy Birb|Acrobatics|p1a: Rillaboom\n|-supereffective|p1a: Rillaboom\n|-damage|p1a: Rillaboom|0 fnt\n|faint|p1a: Rillaboom\n|\n|upkeep\n|\n|switch|p1a: Hippowdon|Hippowdon, F|100\/100\n|-weather|Sandstorm|[from] ability: Sand Stream|[of] p1a: Hippowdon\n|turn|7\n|\n|move|p2a: Sexy Birb|Taunt|p1a: Hippowdon\n|-start|p1a: Hippowdon|move: Taunt\n|cant|p1a: Hippowdon|move: Taunt|Stealth Rock\n|\n|-weather|Sandstorm|[upkeep]\n|-damage|p2a: Sexy Birb|94\/100|[from] Sandstorm\n|upkeep\n|turn|8\n|inactive|ferromolybdenum has 60 seconds left.\n|inactive|ferromolybdenum has 30 seconds left.\n|inactive|ferromolybdenum has 20 seconds left.\n|inactive|ferromolybdenum has 15 seconds left.\n|\n|switch|p1a: Mandibuzz|Mandibuzz, F|100\/100\n|move|p2a: Sexy Birb|Swords Dance|p2a: Sexy Birb\n|-boost|p2a: Sexy Birb|atk|2\n|\n|-weather|Sandstorm|[upkeep]\n|-damage|p2a: Sexy Birb|88\/100|[from] Sandstorm\n|-sideend|p2: SPINOSAURUS01|Reflect\n|upkeep\n|turn|9\n|inactive|ferromolybdenum has 25 seconds left this turn.\n|\n|move|p2a: Sexy Birb|Close Combat|p1a: Mandibuzz\n|-damage|p1a: Mandibuzz|0 fnt\n|-unboost|p2a: Sexy Birb|def|1\n|-unboost|p2a: Sexy Birb|spd|1\n|faint|p1a: Mandibuzz\n|\n|-weather|Sandstorm|[upkeep]\n|-damage|p2a: Sexy Birb|82\/100|[from] Sandstorm\n|upkeep\n|inactive|ferromolybdenum has 30 seconds left this turn.\n|\n|switch|p1a: Alakazam|Alakazam, F|100\/100\n|turn|10\n|\n|move|p2a: Sexy Birb|Acrobatics|p1a: Alakazam\n|-damage|p1a: Alakazam|0 fnt\n|faint|p1a: Alakazam\n|\n|-weather|Sandstorm|[upkeep]\n|-damage|p2a: Sexy Birb|76\/100|[from] Sandstorm\n|-sideend|p2: SPINOSAURUS01|move: Light Screen\n|upkeep\n|\n|switch|p1a: Marowak|Marowak-Alola, M|100\/100\n|turn|11\n|inactive|ferromolybdenum has 30 seconds left.\n|inactive|ferromolybdenum has 20 seconds left.\n|inactive|ferromolybdenum has 15 seconds left.\n|inactive|ferromolybdenum has 10 seconds left.\n|inactive|ferromolybdenum has 5 seconds left.\n|-message|ferromolybdenum lost due to inactivity.\n|\n|win|SPINOSAURUS01\n|l|\u2606ferromolybdenum\n||Ladder (probably) updated, but score could not be retrieved (Request timeout).\n","uploadtime":1594418745,"views":17,"p1id":"ferromolybdenum","p2id":"spinosaurus01","formatid":"gen8ou","rating":0,"private":0,"password":null}