{"id":"gen8ubers-1218727043","p1":"ArcanineSquad","p2":"Jasuanti","format":"gen8ubers","log":"|j|\u2606ArcanineSquad\n|j|\u2606Jasuanti\n|t:|1604778732\n|player|p1|ArcanineSquad|101|\n|player|p2|Jasuanti|lady|\n|teamsize|p1|6\n|teamsize|p2|6\n|gametype|singles\n|gen|8\n|tier|[Gen 8] Ubers\n|clearpoke\n|poke|p1|Lycanroc-Dusk, M|\n|poke|p1|Type: Null|\n|poke|p1|Skarmory, F|\n|poke|p1|Talonflame, M|\n|poke|p1|Necrozma|\n|poke|p1|Clefable, F|\n|poke|p2|Volcarona, F|\n|poke|p2|Sharpedo, M|\n|poke|p2|Magneton|\n|poke|p2|Mimikyu, F|\n|poke|p2|Amoonguss, M|\n|poke|p2|Porygon-Z|\n|rule|Sleep Clause Mod: Limit one foe put to sleep\n|rule|Species Clause: Limit one of each Pok\u00e9mon\n|rule|OHKO Clause: OHKO moves are banned\n|rule|Evasion Moves Clause: Evasion moves are banned\n|rule|Endless Battle Clause: Forcing endless battles is banned\n|rule|HP Percentage Mod: HP is shown in percentages\n|teampreview\n|j| TheLegendM\n|c|\u2606ArcanineSquad|Hi\n|j| Lillyfee9000\n|c| Lillyfee9000|Hi\n|j| Suchti\n|c| Suchti|Hallu ^^\n|c| TheLegendM|hi\n|c| Lillyfee9000|Luca noch\n|c|\u2606ArcanineSquad|gl hf!\n|c| TheLegendM|gl\n|j| Luca12379\n|c| Lillyfee9000|soweit alle bereit? (ist noch kein startbefehl)\n|c| Luca12379|jo\n|\n|t:|1604778870\n|start\n|switch|p1a: Amigo|Type: Null, shiny|100\/100\n|switch|p2a: Magneton|Magneton|100\/100\n|turn|1\n|\n|t:|1604778882\n|move|p2a: Magneton|Reflect|p2a: Magneton\n|-sidestart|p2: Jasuanti|Reflect\n|move|p1a: Amigo|U-turn|p2a: Magneton\n|-resisted|p2a: Magneton\n|-damage|p2a: Magneton|98\/100\n|c| Lillyfee9000|Leute das war ja jetzt nicht offiziel aber okay xD\n|c| TheLegendM|xD\n|\n|t:|1604779053\n|switch|p1a: Palpatine|Necrozma, shiny|100\/100|[from]move: U-turn\n|\n|upkeep\n|turn|2\n|\n|t:|1604779174\n|switch|p2a: Amoonguss|Amoonguss, M|100\/100\n|move|p1a: Palpatine|Earth Power|p2a: Amoonguss\n|-damage|p2a: Amoonguss|71\/100\n|\n|-heal|p2a: Amoonguss|77\/100|[from] item: Black Sludge\n|upkeep\n|turn|3\n|\n|t:|1604779238\n|switch|p2a: Sharpedo|Sharpedo, M|100\/100\n|move|p1a: Palpatine|Photon Geyser|p2a: Sharpedo\n|-immune|p2a: Sharpedo\n|\n|upkeep\n|turn|4\n|\n|t:|1604779298\n|switch|p1a: Amigo|Type: Null, shiny|100\/100\n|move|p2a: Sharpedo|Protect||[still]\n|-fail|p2a: Sharpedo\n|\n|-ability|p2a: Sharpedo|Speed Boost|boost\n|-boost|p2a: Sharpedo|spe|1\n|upkeep\n|turn|5\n|\n|t:|1604779326\n|move|p2a: Sharpedo|Waterfall|p1a: Amigo\n|-damage|p1a: Amigo|78\/100\n|cant|p1a: Amigo|flinch\n|\n|-sideend|p2: Jasuanti|Reflect\n|-ability|p2a: Sharpedo|Speed Boost|boost\n|-boost|p2a: Sharpedo|spe|1\n|upkeep\n|turn|6\n|\n|t:|1604779409\n|switch|p1a: Alexander|Skarmory, F, shiny|100\/100\n|move|p2a: Sharpedo|Waterfall|p1a: Alexander\n|-damage|p1a: Alexander|77\/100\n|\n|-ability|p2a: Sharpedo|Speed Boost|boost\n|-boost|p2a: Sharpedo|spe|1\n|upkeep\n|turn|7\n|\n|t:|1604779430\n|switch|p2a: Magneton|Magneton|98\/100\n|move|p1a: Alexander|Body Press|p2a: Magneton\n|-supereffective|p2a: Magneton\n|-damage|p2a: Magneton|46\/100\n|\n|upkeep\n|turn|8\n|\n|t:|1604779460\n|switch|p1a: Amigo|Type: Null, shiny|78\/100\n|move|p2a: Magneton|Thunderbolt|p1a: Amigo\n|-damage|p1a: Amigo|54\/100\n|\n|upkeep\n|turn|9\n|\n|t:|1604779470\n|move|p2a: Magneton|Reflect|p2a: Magneton\n|-sidestart|p2: Jasuanti|Reflect\n|move|p1a: Amigo|U-turn|p2a: Magneton\n|-resisted|p2a: Magneton\n|-damage|p2a: Magneton|43\/100\n|\n|t:|1604779481\n|switch|p1a: Palpatine|Necrozma, shiny|100\/100|[from]move: U-turn\n|\n|upkeep\n|turn|10\n|\n|t:|1604779530\n|move|p1a: Palpatine|Autotomize|p1a: Palpatine\n|-boost|p1a: Palpatine|spe|2\n|-start|p1a: Palpatine|Autotomize\n|move|p2a: Magneton|Flash Cannon|p1a: Palpatine\n|-damage|p1a: Palpatine|50\/100\n|\n|upkeep\n|turn|11\n|\n|t:|1604779596\n|move|p1a: Palpatine|Earth Power|p2a: Magneton\n|-supereffective|p2a: Magneton\n|-damage|p2a: Magneton|0 fnt\n|faint|p2a: Magneton\n|\n|upkeep\n|c| Luca12379|necrozma 1\n|\n|t:|1604779689\n|switch|p2a: Mimikyu|Mimikyu, F|100\/100\n|turn|12\n|\n|t:|1604779728\n|move|p1a: Palpatine|Photon Geyser|p2a: Mimikyu\n|-damage|p2a: Mimikyu|20\/100\n|move|p2a: Mimikyu|Swords Dance|p2a: Mimikyu\n|-boost|p2a: Mimikyu|atk|2\n|\n|upkeep\n|turn|13\n|\n|t:|1604779756\n|move|p2a: Mimikyu|Shadow Sneak|p1a: Palpatine\n|-supereffective|p1a: Palpatine\n|-damage|p1a: Palpatine|0 fnt\n|-damage|p2a: Mimikyu|10\/100|[from] item: Life Orb\n|faint|p1a: Palpatine\n|\n|-sideend|p2: Jasuanti|Reflect\n|upkeep\n|\n|t:|1604779762\n|switch|p1a: Alexander|Skarmory, F, shiny|77\/100\n|turn|14\n|c| Luca12379|mimigma 1\n|\n|t:|1604779772\n|move|p2a: Mimikyu|Shadow Claw|p1a: Alexander\n|-damage|p1a: Alexander|37\/100\n|-damage|p2a: Mimikyu|0 fnt|[from] item: Life Orb\n|faint|p2a: Mimikyu\n|move|p1a: Alexander|Roost|p1a: Alexander\n|-heal|p1a: Alexander|87\/100\n|-singleturn|p1a: Alexander|move: Roost\n|\n|upkeep\n|c| Luca12379|panzaeron 1\n|c| Suchti|Mimigma hat sich doch selbst gekillt O.o\n|c| Luca12379|right\n|c| Luca12379|necrozma 2\n|c| Suchti|O.o\n|c| Suchti|Das macht doch auch keinen Sinn, das war life orb\n|c| Suchti|von Mimigma\n|\n|t:|1604779859\n|switch|p2a: Porygon-Z|Porygon-Z|100\/100\n|turn|15\n|c| Luca12379|necrozma hat es aber zuletzt angegiffen, so werden kills in der Regel vergeben. Da wir hier keine Regeln f\u00fcr die Kills haben, bin ich mal davon ausgegangen\n|c| Suchti|Ok hm\n|\n|t:|1604779936\n|move|p2a: Porygon-Z|Thunderbolt|p1a: Alexander\n|-supereffective|p1a: Alexander\n|-damage|p1a: Alexander|0 fnt\n|faint|p1a: Alexander\n|\n|upkeep\n|c| Suchti|Porygon Z +1\n|\n|t:|1604780040\n|switch|p1a: Ehrenwolf|Lycanroc-Dusk, M, shiny|100\/100\n|turn|16\n|\n|t:|1604780065\n|switch|p2a: Amoonguss|Amoonguss, M|100\/100\n|move|p1a: Ehrenwolf|Psychic Fangs|p2a: Amoonguss\n|-supereffective|p2a: Amoonguss\n|-damage|p2a: Amoonguss|38\/100\n|\n|-heal|p2a: Amoonguss|44\/100|[from] item: Black Sludge\n|upkeep\n|turn|17\n|\n|t:|1604780099\n|switch|p2a: Sharpedo|Sharpedo, M|100\/100\n|move|p1a: Ehrenwolf|Psychic Fangs|p2a: Sharpedo\n|-immune|p2a: Sharpedo\n|\n|upkeep\n|turn|18\n|\n|t:|1604780209\n|switch|p1a: Schokolade|Clefable, F, shiny|100\/100\n|move|p2a: Sharpedo|Waterfall|p1a: Schokolade\n|-damage|p1a: Schokolade|68\/100\n|\n|-heal|p1a: Schokolade|74\/100|[from] item: Leftovers\n|-ability|p2a: Sharpedo|Speed Boost|boost\n|-boost|p2a: Sharpedo|spe|1\n|upkeep\n|turn|19\n|\n|t:|1604780241\n|switch|p2a: Amoonguss|Amoonguss, M|77\/100\n|move|p1a: Schokolade|Moonblast|p2a: Amoonguss\n|-resisted|p2a: Amoonguss\n|-damage|p2a: Amoonguss|63\/100\n|-unboost|p2a: Amoonguss|spa|1\n|\n|-heal|p1a: Schokolade|80\/100|[from] item: Leftovers\n|-heal|p2a: Amoonguss|69\/100|[from] item: Black Sludge\n|upkeep\n|turn|20\n|\n|t:|1604780274\n|switch|p1a: Amigo|Type: Null, shiny|54\/100\n|move|p2a: Amoonguss|Spore|p1a: Amigo\n|-status|p1a: Amigo|slp|[from] move: Spore\n|\n|-heal|p2a: Amoonguss|76\/100|[from] item: Black Sludge\n|upkeep\n|turn|21\n|\n|t:|1604780292\n|cant|p1a: Amigo|slp\n|move|p2a: Amoonguss|Toxic||[still]\n|-fail|p2a: Amoonguss\n|\n|-heal|p2a: Amoonguss|82\/100|[from] item: Black Sludge\n|upkeep\n|turn|22\n|\n|t:|1604780312\n|switch|p2a: Porygon-Z|Porygon-Z|100\/100\n|-curestatus|p1a: Amigo|slp|[msg]\n|move|p1a: Amigo|U-turn|p2a: Porygon-Z\n|-damage|p2a: Porygon-Z|78\/100\n|\n|t:|1604780344\n|switch|p1a: Ehrenwolf|Lycanroc-Dusk, M, shiny|100\/100|[from]move: U-turn\n|\n|upkeep\n|turn|23\n|\n|t:|1604780386\n|switch|p2a: Amoonguss|Amoonguss, M|100\/100\n|move|p1a: Ehrenwolf|Psychic Fangs|p2a: Amoonguss\n|-supereffective|p2a: Amoonguss\n|-damage|p2a: Amoonguss|28\/100\n|\n|-heal|p2a: Amoonguss|34\/100|[from] item: Black Sludge\n|upkeep\n|turn|24\n|\n|t:|1604780424\n|switch|p2a: Sharpedo|Sharpedo, M|100\/100\n|move|p1a: Ehrenwolf|Stone Edge|p2a: Sharpedo\n|-enditem|p2a: Sharpedo|Focus Sash\n|-damage|p2a: Sharpedo|1\/100\n|\n|upkeep\n|turn|25\n|\n|t:|1604780437\n|move|p2a: Sharpedo|Protect|p2a: Sharpedo\n|-singleturn|p2a: Sharpedo|Protect\n|move|p1a: Ehrenwolf|Accelerock|p2a: Sharpedo\n|-activate|p2a: Sharpedo|move: Protect\n|\n|-ability|p2a: Sharpedo|Speed Boost|boost\n|-boost|p2a: Sharpedo|spe|1\n|upkeep\n|turn|26\n|\n|t:|1604780487\n|switch|p2a: Porygon-Z|Porygon-Z|78\/100\n|move|p1a: Ehrenwolf|Accelerock|p2a: Porygon-Z\n|-damage|p2a: Porygon-Z|40\/100\n|\n|upkeep\n|turn|27\n|\n|t:|1604780510\n|move|p2a: Porygon-Z|Trick|p1a: Ehrenwolf\n|-activate|p2a: Porygon-Z|move: Trick|[of] p1a: Ehrenwolf\n|-item|p1a: Ehrenwolf|Choice Scarf|[from] move: Trick\n|-item|p2a: Porygon-Z|Expert Belt|[from] move: Trick\n|move|p1a: Ehrenwolf|Psychic Fangs|p2a: Porygon-Z\n|-damage|p2a: Porygon-Z|0 fnt\n|faint|p2a: Porygon-Z\n|\n|upkeep\n|\n|t:|1604780517\n|switch|p2a: Sharpedo|Sharpedo, M|1\/100\n|turn|28\n|\n|t:|1604780521\n|switch|p1a: Schokolade|Clefable, F, shiny|80\/100\n|move|p2a: Sharpedo|Waterfall|p1a: Schokolade\n|-damage|p1a: Schokolade|44\/100\n|\n|-heal|p1a: Schokolade|50\/100|[from] item: Leftovers\n|-ability|p2a: Sharpedo|Speed Boost|boost\n|-boost|p2a: Sharpedo|spe|1\n|upkeep\n|turn|29\n|c| Suchti|Wolwerock +1\n|\n|t:|1604780605\n|switch|p2a: Volcarona|Volcarona, F|100\/100\n|move|p1a: Schokolade|Protect||[still]\n|-fail|p1a: Schokolade\n|\n|-heal|p1a: Schokolade|56\/100|[from] item: Leftovers\n|upkeep\n|turn|30\n|\n|t:|1604780663\n|move|p1a: Schokolade|Protect|p1a: Schokolade\n|-singleturn|p1a: Schokolade|Protect\n|move|p2a: Volcarona|Quiver Dance|p2a: Volcarona\n|-boost|p2a: Volcarona|spa|1\n|-boost|p2a: Volcarona|spd|1\n|-boost|p2a: Volcarona|spe|1\n|\n|-heal|p1a: Schokolade|62\/100|[from] item: Leftovers\n|upkeep\n|turn|31\n|\n|t:|1604780679\n|switch|p1a: Amigo|Type: Null, shiny|54\/100\n|move|p2a: Volcarona|Quiver Dance|p2a: Volcarona\n|-boost|p2a: Volcarona|spa|1\n|-boost|p2a: Volcarona|spd|1\n|-boost|p2a: Volcarona|spe|1\n|\n|upkeep\n|turn|32\n|\n|t:|1604780703\n|move|p2a: Volcarona|Flamethrower|p1a: Amigo\n|-damage|p1a: Amigo|7\/100\n|move|p1a: Amigo|Roar|p2a: Volcarona\n|drag|p2a: Sharpedo|Sharpedo, M|1\/100\n|\n|upkeep\n|turn|33\n|\n|t:|1604780757\n|move|p2a: Sharpedo|Waterfall|p1a: Amigo\n|-damage|p1a: Amigo|0 fnt\n|faint|p1a: Amigo\n|\n|-ability|p2a: Sharpedo|Speed Boost|boost\n|-boost|p2a: Sharpedo|spe|1\n|upkeep\n|\n|t:|1604780763\n|switch|p1a: Schokolade|Clefable, F, shiny|62\/100\n|turn|34\n|c| Luca12379|tohaido 1\n|\n|t:|1604780798\n|switch|p2a: Volcarona|Volcarona, F|100\/100\n|move|p1a: Schokolade|Wish|p1a: Schokolade\n|\n|-heal|p1a: Schokolade|68\/100|[from] item: Leftovers\n|upkeep\n|turn|35\n|\n|t:|1604780806\n|switch|p1a: Maxi|Talonflame, M, shiny|100\/100\n|move|p2a: Volcarona|Quiver Dance|p2a: Volcarona\n|-boost|p2a: Volcarona|spa|1\n|-boost|p2a: Volcarona|spd|1\n|-boost|p2a: Volcarona|spe|1\n|\n|upkeep\n|turn|36\n|\n|t:|1604780860\n|move|p1a: Maxi|Brave Bird|p2a: Volcarona\n|-supereffective|p2a: Volcarona\n|-damage|p2a: Volcarona|0 fnt\n|-damage|p1a: Maxi|66\/100|[from] Recoil\n|faint|p2a: Volcarona\n|\n|upkeep\n|c| Suchti|Fiaro +1\n|\n|t:|1604780924\n|switch|p2a: Sharpedo|Sharpedo, M|1\/100\n|turn|37\n|\n|t:|1604781011\n|switch|p1a: Schokolade|Clefable, F, shiny|68\/100\n|move|p2a: Sharpedo|Protect||[still]\n|-fail|p2a: Sharpedo\n|\n|-heal|p1a: Schokolade|74\/100|[from] item: Leftovers\n|-ability|p2a: Sharpedo|Speed Boost|boost\n|-boost|p2a: Sharpedo|spe|1\n|upkeep\n|turn|38\n|\n|t:|1604781048\n|move|p2a: Sharpedo|Waterfall|p1a: Schokolade\n|-damage|p1a: Schokolade|42\/100\n|move|p1a: Schokolade|Wish|p1a: Schokolade\n|\n|-heal|p1a: Schokolade|48\/100|[from] item: Leftovers\n|-ability|p2a: Sharpedo|Speed Boost|boost\n|-boost|p2a: Sharpedo|spe|1\n|upkeep\n|turn|39\n|\n|t:|1604781055\n|move|p1a: Schokolade|Protect|p1a: Schokolade\n|-singleturn|p1a: Schokolade|Protect\n|move|p2a: Sharpedo|Waterfall|p1a: Schokolade\n|-activate|p1a: Schokolade|move: Protect\n|\n|-heal|p1a: Schokolade|98\/100|[from] move: Wish|[wisher] Schokolade\n|-heal|p1a: Schokolade|100\/100|[from] item: Leftovers\n|-ability|p2a: Sharpedo|Speed Boost|boost\n|-boost|p2a: Sharpedo|spe|1\n|upkeep\n|turn|40\n|\n|t:|1604781065\n|move|p2a: Sharpedo|Waterfall|p1a: Schokolade\n|-damage|p1a: Schokolade|69\/100\n|move|p1a: Schokolade|Moonblast|p2a: Sharpedo\n|-supereffective|p2a: Sharpedo\n|-damage|p2a: Sharpedo|0 fnt\n|faint|p2a: Sharpedo\n|\n|-heal|p1a: Schokolade|75\/100|[from] item: Leftovers\n|upkeep\n|\n|t:|1604781070\n|switch|p2a: Amoonguss|Amoonguss, M|67\/100\n|turn|41\n|\n|t:|1604781079\n|move|p2a: Amoonguss|Toxic|p1a: Schokolade\n|-status|p1a: Schokolade|tox\n|move|p1a: Schokolade|Teleport|p1a: Schokolade\n|c| Suchti|Pixi +1\n|\n|t:|1604781083\n|switch|p1a: Maxi|Talonflame, M, shiny|66\/100|[from]move: Teleport\n|\n|-heal|p2a: Amoonguss|74\/100|[from] item: Black Sludge\n|upkeep\n|turn|42\n|c|\u2606ArcanineSquad|gg\n|\n|t:|1604781089\n|move|p1a: Maxi|Flare Blitz|p2a: Amoonguss\n|-supereffective|p2a: Amoonguss\n|-damage|p2a: Amoonguss|0 fnt\n|-damage|p1a: Maxi|31\/100|[from] Recoil\n|faint|p2a: Amoonguss\n|\n|win|ArcanineSquad\n|c| TheLegendM|gg\n|c|\u2606Jasuanti|gg\n|c| Luca12379|gg\n","uploadtime":1604781098,"views":16,"p1id":"arcaninesquad","p2id":"jasuanti","formatid":"gen8ubers","rating":0,"private":0,"password":null}