{"id":"gen8ou-1702383891","p1":"Trepador","p2":"machugen","format":"gen8ou","log":"|j|\u2606Trepador\n|j|\u2606machugen\n|t:|1667544544\n|gametype|singles\n|player|p1|Trepador|zinnia|1602\n|player|p2|machugen|brock-gen1rb|1730\n|teamsize|p1|6\n|teamsize|p2|6\n|gen|8\n|tier|[Gen 8] OU\n|rated|\n|rule|Sleep Clause Mod: Limit one foe put to sleep\n|rule|Species Clause: Limit one of each Pok\u00e9mon\n|rule|OHKO Clause: OHKO moves are banned\n|rule|Evasion Items Clause: Evasion items are banned\n|rule|Evasion Moves Clause: Evasion moves are banned\n|rule|Endless Battle Clause: Forcing endless battles is banned\n|rule|HP Percentage Mod: HP is shown in percentages\n|rule|Dynamax Clause: You cannot dynamax\n|clearpoke\n|poke|p1|Kartana|\n|poke|p1|Tyranitar, F|\n|poke|p1|Landorus-Therian, M|\n|poke|p1|Buzzwole|\n|poke|p1|Slowking-Galar, F|\n|poke|p1|Rotom-Wash|\n|poke|p2|Tapu Koko|\n|poke|p2|Urshifu-*, M|\n|poke|p2|Slowking-Galar, M|\n|poke|p2|Ferrothorn, M|\n|poke|p2|Mandibuzz, F|\n|poke|p2|Landorus-Therian, M|\n|teampreview\n|j| tubulartanis\n|l| tubulartanis\n|\n|t:|1667544603\n|start\n|switch|p1a: Rotom|Rotom-Wash|100\/100\n|switch|p2a: Tapu Koko|Tapu Koko, shiny|100\/100\n|-fieldstart|move: Electric Terrain|[from] ability: Electric Surge|[of] p2a: Tapu Koko\n|turn|1\n|j| HQSNonsense\n|\n|t:|1667544619\n|move|p2a: Tapu Koko|Thunderbolt|p1a: Rotom\n|-damage|p1a: Rotom|49\/100\n|move|p1a: Rotom|Hydro Pump|p2a: Tapu Koko\n|-damage|p2a: Tapu Koko|41\/100\n|\n|-heal|p1a: Rotom|55\/100|[from] item: Leftovers\n|upkeep\n|turn|2\n|\n|t:|1667544630\n|switch|p1a: Landorus|Landorus-Therian, M|100\/100\n|-ability|p1a: Landorus|Intimidate|boost\n|-unboost|p2a: Tapu Koko|atk|1\n|move|p2a: Tapu Koko|Roost|p2a: Tapu Koko\n|-heal|p2a: Tapu Koko|92\/100\n|-singleturn|p2a: Tapu Koko|move: Roost\n|\n|upkeep\n|turn|3\n|\n|t:|1667544641\n|move|p2a: Tapu Koko|U-turn|p1a: Landorus\n|-resisted|p1a: Landorus\n|-damage|p1a: Landorus|95\/100\n|\n|t:|1667544646\n|switch|p2a: Landorus|Landorus-Therian, M|100\/100|[from]move: U-turn\n|-ability|p2a: Landorus|Intimidate|boost\n|-unboost|p1a: Landorus|atk|1\n|move|p1a: Landorus|Toxic|p2a: Landorus\n|-status|p2a: Landorus|tox\n|\n|-heal|p1a: Landorus|100\/100|[from] item: Leftovers\n|-damage|p2a: Landorus|94\/100 tox|[from] psn\n|upkeep\n|turn|4\n|\n|t:|1667544649\n|move|p1a: Landorus|U-turn|p2a: Landorus\n|-resisted|p2a: Landorus\n|-damage|p2a: Landorus|87\/100 tox\n|\n|t:|1667544655\n|switch|p1a: Buzzwole|Buzzwole|100\/100|[from]move: U-turn\n|move|p2a: Landorus|Toxic|p1a: Buzzwole\n|-status|p1a: Buzzwole|tox\n|\n|-heal|p2a: Landorus|93\/100 tox|[from] item: Leftovers\n|-damage|p1a: Buzzwole|94\/100 tox|[from] psn\n|-damage|p2a: Landorus|81\/100 tox|[from] psn\n|upkeep\n|turn|5\n|\n|t:|1667544664\n|switch|p2a: Slowking|Slowking-Galar, M|100\/100\n|move|p1a: Buzzwole|Ice Punch|p2a: Slowking\n|-damage|p2a: Slowking|60\/100\n|\n|-damage|p1a: Buzzwole|82\/100 tox|[from] psn\n|-fieldend|move: Electric Terrain\n|upkeep\n|turn|6\n|\n|t:|1667544671\n|switch|p1a: Tyranitar|Tyranitar, F, shiny|100\/100\n|-weather|Sandstorm|[from] ability: Sand Stream|[of] p1a: Tyranitar\n|move|p2a: Slowking|Future Sight|p1a: Tyranitar\n|-start|p2a: Slowking|move: Future Sight\n|\n|-weather|Sandstorm|[upkeep]\n|-damage|p2a: Slowking|54\/100|[from] Sandstorm\n|upkeep\n|turn|7\n|\n|t:|1667544687\n|switch|p2a: Urshifu|Urshifu-Rapid-Strike, M|100\/100\n|move|p1a: Tyranitar|Crunch|p2a: Urshifu\n|-resisted|p2a: Urshifu\n|-damage|p2a: Urshifu|63\/100\n|-unboost|p2a: Urshifu|def|1\n|\n|-weather|Sandstorm|[upkeep]\n|-damage|p2a: Urshifu|57\/100|[from] Sandstorm\n|upkeep\n|turn|8\n|\n|t:|1667544699\n|switch|p1a: Rotom|Rotom-Wash|55\/100\n|move|p2a: Urshifu|Surging Strikes|p1a: Rotom\n|-resisted|p1a: Rotom\n|-crit|p1a: Rotom\n|-damage|p1a: Rotom|45\/100\n|-resisted|p1a: Rotom\n|-crit|p1a: Rotom\n|-damage|p1a: Rotom|32\/100\n|-resisted|p1a: Rotom\n|-crit|p1a: Rotom\n|-damage|p1a: Rotom|22\/100\n|-hitcount|p1a: Rotom|3\n|\n|-weather|Sandstorm|[upkeep]\n|-damage|p2a: Urshifu|51\/100|[from] Sandstorm\n|-damage|p1a: Rotom|15\/100|[from] Sandstorm\n|-end|p1a: Rotom|move: Future Sight\n|-damage|p1a: Rotom|0 fnt\n|faint|p1a: Rotom\n|upkeep\n|\n|t:|1667544720\n|switch|p1a: Buzzwole|Buzzwole|82\/100 tox\n|turn|9\n|\n|t:|1667544739\n|switch|p2a: Landorus|Landorus-Therian, M|81\/100 tox\n|-ability|p2a: Landorus|Intimidate|boost\n|-unboost|p1a: Buzzwole|atk|1\n|move|p1a: Buzzwole|Leech Life|p2a: Landorus\n|-resisted|p2a: Landorus\n|-damage|p2a: Landorus|61\/100 tox\n|-heal|p1a: Buzzwole|93\/100 tox|[from] drain|[of] p2a: Landorus\n|\n|-weather|Sandstorm|[upkeep]\n|-damage|p1a: Buzzwole|86\/100 tox|[from] Sandstorm\n|-heal|p2a: Landorus|67\/100 tox|[from] item: Leftovers\n|-damage|p1a: Buzzwole|80\/100 tox|[from] psn\n|-damage|p2a: Landorus|61\/100 tox|[from] psn\n|upkeep\n|turn|10\n|\n|t:|1667544747\n|switch|p1a: Landorus|Landorus-Therian, M|100\/100\n|-ability|p1a: Landorus|Intimidate|boost\n|-unboost|p2a: Landorus|atk|1\n|move|p2a: Landorus|U-turn|p1a: Landorus\n|-resisted|p1a: Landorus\n|-damage|p1a: Landorus|94\/100\n|\n|t:|1667544750\n|switch|p2a: Urshifu|Urshifu-Rapid-Strike, M|51\/100|[from]move: U-turn\n|\n|-weather|none\n|-heal|p1a: Landorus|99\/100|[from] item: Leftovers\n|upkeep\n|turn|11\n|\n|t:|1667544766\n|switch|p1a: Kartana|Kartana|100\/100\n|move|p2a: Urshifu|Surging Strikes|p1a: Kartana\n|-resisted|p1a: Kartana\n|-crit|p1a: Kartana\n|-damage|p1a: Kartana|85\/100\n|-resisted|p1a: Kartana\n|-crit|p1a: Kartana\n|-damage|p1a: Kartana|68\/100\n|-resisted|p1a: Kartana\n|-crit|p1a: Kartana\n|-damage|p1a: Kartana|52\/100\n|-hitcount|p1a: Kartana|3\n|\n|upkeep\n|turn|12\n|\n|t:|1667544775\n|switch|p2a: Ferrothorn|Ferrothorn, M|100\/100\n|move|p1a: Kartana|Sacred Sword|p2a: Ferrothorn\n|-supereffective|p2a: Ferrothorn\n|-damage|p2a: Ferrothorn|36\/100\n|-damage|p1a: Kartana|40\/100|[from] ability: Iron Barbs|[of] p2a: Ferrothorn\n|\n|-heal|p2a: Ferrothorn|42\/100|[from] item: Leftovers\n|upkeep\n|turn|13\n|\n|t:|1667544786\n|switch|p1a: Slowking|Slowking-Galar, F|100\/100\n|move|p2a: Ferrothorn|Stealth Rock|p1a: Slowking\n|-sidestart|p1: Trepador|move: Stealth Rock\n|\n|-heal|p2a: Ferrothorn|48\/100|[from] item: Leftovers\n|upkeep\n|turn|14\n|\n|t:|1667544796\n|switch|p2a: Slowking|Slowking-Galar, M|87\/100\n|move|p1a: Slowking|Flamethrower|p2a: Slowking\n|-damage|p2a: Slowking|73\/100\n|\n|upkeep\n|turn|15\n|\n|t:|1667544801\n|switch|p1a: Tyranitar|Tyranitar, F, shiny|100\/100\n|-damage|p1a: Tyranitar|88\/100|[from] Stealth Rock\n|-weather|Sandstorm|[from] ability: Sand Stream|[of] p1a: Tyranitar\n|move|p2a: Slowking|Future Sight|p1a: Tyranitar\n|-start|p2a: Slowking|move: Future Sight\n|\n|-weather|Sandstorm|[upkeep]\n|-damage|p2a: Slowking|67\/100|[from] Sandstorm\n|upkeep\n|turn|16\n|\n|t:|1667544809\n|switch|p2a: Ferrothorn|Ferrothorn, M|48\/100\n|move|p1a: Tyranitar|Crunch|p2a: Ferrothorn\n|-damage|p2a: Ferrothorn|10\/100\n|-damage|p1a: Tyranitar|76\/100|[from] ability: Iron Barbs|[of] p2a: Ferrothorn\n|\n|-weather|Sandstorm|[upkeep]\n|-heal|p2a: Ferrothorn|16\/100|[from] item: Leftovers\n|upkeep\n|turn|17\n|\n|t:|1667544815\n|switch|p2a: Mandibuzz|Mandibuzz, F|100\/100\n|move|p1a: Tyranitar|Crunch|p2a: Mandibuzz\n|-resisted|p2a: Mandibuzz\n|-damage|p2a: Mandibuzz|74\/100\n|\n|-weather|Sandstorm|[upkeep]\n|-end|p1a: Tyranitar|move: Future Sight\n|-immune|p1a: Tyranitar\n|upkeep\n|turn|18\n|\n|t:|1667544825\n|switch|p1a: Landorus|Landorus-Therian, M|99\/100\n|-damage|p1a: Landorus|87\/100|[from] Stealth Rock\n|-ability|p1a: Landorus|Intimidate|boost\n|-unboost|p2a: Mandibuzz|atk|1\n|move|p2a: Mandibuzz|U-turn|p1a: Landorus\n|-resisted|p1a: Landorus\n|-damage|p1a: Landorus|83\/100\n|\n|t:|1667544828\n|switch|p2a: Urshifu|Urshifu-Rapid-Strike, M|51\/100|[from]move: U-turn\n|\n|-weather|Sandstorm|[upkeep]\n|-damage|p2a: Urshifu|44\/100|[from] Sandstorm\n|-heal|p1a: Landorus|90\/100|[from] item: Leftovers\n|upkeep\n|turn|19\n|\n|t:|1667544831\n|move|p2a: Urshifu|Surging Strikes|p1a: Landorus\n|-supereffective|p1a: Landorus\n|-crit|p1a: Landorus\n|-damage|p1a: Landorus|26\/100\n|-supereffective|p1a: Landorus\n|-crit|p1a: Landorus\n|-damage|p1a: Landorus|0 fnt\n|faint|p1a: Landorus\n|-hitcount|p1: Landorus|2\n|\n|-weather|none\n|upkeep\n|\n|t:|1667544836\n|switch|p1a: Kartana|Kartana|40\/100\n|-damage|p1a: Kartana|34\/100|[from] Stealth Rock\n|turn|20\n|\n|t:|1667544841\n|switch|p2a: Ferrothorn|Ferrothorn, M|16\/100\n|move|p1a: Kartana|Knock Off|p2a: Ferrothorn\n|-damage|p2a: Ferrothorn|0 fnt\n|-damage|p1a: Kartana|21\/100|[from] ability: Iron Barbs|[of] p2a: Ferrothorn\n|-enditem|p2a: Ferrothorn|Leftovers|[from] move: Knock Off|[of] p1a: Kartana\n|faint|p2a: Ferrothorn\n|-ability|p1a: Kartana|Beast Boost|boost\n|-boost|p1a: Kartana|atk|1\n|\n|upkeep\n|\n|t:|1667544848\n|switch|p2a: Mandibuzz|Mandibuzz, F|74\/100\n|turn|21\n|\n|t:|1667544854\n|switch|p1a: Tyranitar|Tyranitar, F, shiny|76\/100\n|-damage|p1a: Tyranitar|64\/100|[from] Stealth Rock\n|-weather|Sandstorm|[from] ability: Sand Stream|[of] p1a: Tyranitar\n|move|p2a: Mandibuzz|U-turn|p1a: Tyranitar\n|-supereffective|p1a: Tyranitar\n|-damage|p1a: Tyranitar|44\/100\n|\n|t:|1667544857\n|switch|p2a: Urshifu|Urshifu-Rapid-Strike, M|44\/100|[from]move: U-turn\n|\n|-weather|Sandstorm|[upkeep]\n|-damage|p2a: Urshifu|38\/100|[from] Sandstorm\n|upkeep\n|turn|22\n|\n|t:|1667544862\n|switch|p1a: Slowking|Slowking-Galar, F|100\/100\n|-damage|p1a: Slowking|88\/100|[from] Stealth Rock\n|move|p2a: Urshifu|Surging Strikes|p1a: Slowking\n|-crit|p1a: Slowking\n|-damage|p1a: Slowking|60\/100\n|-crit|p1a: Slowking\n|-damage|p1a: Slowking|29\/100\n|-crit|p1a: Slowking\n|-damage|p1a: Slowking|0 fnt\n|faint|p1a: Slowking\n|-hitcount|p1: Slowking|3\n|\n|-weather|Sandstorm|[upkeep]\n|-damage|p2a: Urshifu|32\/100|[from] Sandstorm\n|upkeep\n|\n|t:|1667544867\n|switch|p1a: Kartana|Kartana|21\/100\n|-damage|p1a: Kartana|15\/100|[from] Stealth Rock\n|turn|23\n|\n|t:|1667544876\n|switch|p2a: Landorus|Landorus-Therian, M|61\/100 tox\n|-ability|p2a: Landorus|Intimidate|boost\n|-unboost|p1a: Kartana|atk|1\n|move|p1a: Kartana|Smart Strike|p2a: Landorus\n|-damage|p2a: Landorus|12\/100 tox\n|\n|-weather|Sandstorm|[upkeep]\n|-heal|p2a: Landorus|18\/100 tox|[from] item: Leftovers\n|-damage|p2a: Landorus|12\/100 tox|[from] psn\n|upkeep\n|turn|24\n|\n|t:|1667544882\n|move|p1a: Kartana|Smart Strike|p2a: Landorus\n|-damage|p2a: Landorus|0 fnt\n|faint|p2a: Landorus\n|-ability|p1a: Kartana|Beast Boost|boost\n|-boost|p1a: Kartana|atk|1\n|\n|-weather|Sandstorm|[upkeep]\n|upkeep\n|\n|t:|1667544884\n|switch|p2a: Tapu Koko|Tapu Koko, shiny|92\/100\n|-fieldstart|move: Electric Terrain|[from] ability: Electric Surge|[of] p2a: Tapu Koko\n|turn|25\n|\n|t:|1667544887\n|move|p2a: Tapu Koko|Dazzling Gleam|p1a: Kartana\n|-resisted|p1a: Kartana\n|-crit|p1a: Kartana\n|-damage|p1a: Kartana|0 fnt\n|faint|p1a: Kartana\n|\n|-weather|none\n|upkeep\n|\n|t:|1667544890\n|switch|p1a: Tyranitar|Tyranitar, F, shiny|44\/100\n|-damage|p1a: Tyranitar|31\/100|[from] Stealth Rock\n|-weather|Sandstorm|[from] ability: Sand Stream|[of] p1a: Tyranitar\n|turn|26\n|\n|t:|1667544895\n|move|p2a: Tapu Koko|U-turn|p1a: Tyranitar\n|-supereffective|p1a: Tyranitar\n|-damage|p1a: Tyranitar|3\/100\n|\n|t:|1667544897\n|switch|p2a: Slowking|Slowking-Galar, M|99\/100|[from]move: U-turn\n|move|p1a: Tyranitar|Earthquake|p2a: Slowking\n|-supereffective|p2a: Slowking\n|-damage|p2a: Slowking|0 fnt\n|faint|p2a: Slowking\n|\n|-weather|Sandstorm|[upkeep]\n|upkeep\n|\n|t:|1667544902\n|switch|p2a: Urshifu|Urshifu-Rapid-Strike, M|32\/100\n|turn|27\n|\n|t:|1667544905\n|move|p2a: Urshifu|Surging Strikes|p1a: Tyranitar\n|-supereffective|p1a: Tyranitar\n|-crit|p1a: Tyranitar\n|-damage|p1a: Tyranitar|0 fnt\n|faint|p1a: Tyranitar\n|-hitcount|p1: Tyranitar|1\n|\n|-weather|Sandstorm|[upkeep]\n|-damage|p2a: Urshifu|26\/100|[from] Sandstorm\n|upkeep\n|\n|t:|1667544910\n|switch|p1a: Buzzwole|Buzzwole|80\/100 tox\n|-damage|p1a: Buzzwole|68\/100 tox|[from] Stealth Rock\n|turn|28\n|\n|t:|1667544914\n|move|p2a: Urshifu|Surging Strikes|p1a: Buzzwole\n|-crit|p1a: Buzzwole\n|-damage|p1a: Buzzwole|48\/100 tox\n|-crit|p1a: Buzzwole\n|-damage|p1a: Buzzwole|28\/100 tox\n|-crit|p1a: Buzzwole\n|-damage|p1a: Buzzwole|6\/100 tox\n|-hitcount|p1a: Buzzwole|3\n|move|p1a: Buzzwole|Leech Life|p2a: Urshifu\n|-resisted|p2a: Urshifu\n|-damage|p2a: Urshifu|0 fnt\n|-heal|p1a: Buzzwole|18\/100 tox|[from] drain|[of] p2a: Urshifu\n|faint|p2a: Urshifu\n|-ability|p1a: Buzzwole|Beast Boost|boost\n|-boost|p1a: Buzzwole|atk|1\n|\n|-weather|Sandstorm|[upkeep]\n|-damage|p1a: Buzzwole|12\/100 tox|[from] Sandstorm\n|-damage|p1a: Buzzwole|6\/100 tox|[from] psn\n|upkeep\n|\n|t:|1667544917\n|switch|p2a: Tapu Koko|Tapu Koko, shiny|92\/100\n|turn|29\n|\n|t:|1667544919\n|move|p2a: Tapu Koko|Thunderbolt|p1a: Buzzwole\n|-damage|p1a: Buzzwole|0 fnt\n|faint|p1a: Buzzwole\n|\n|win|machugen\n|raw|Trepador's rating: 1602 &rarr; <strong>1589<\/strong><br \/>(-13 for losing)\n|raw|machugen's rating: 1730 &rarr; <strong>1743<\/strong><br \/>(+13 for winning)\n","uploadtime":1667544922,"views":10,"p1id":"trepador","p2id":"machugen","formatid":"gen8ou","rating":1589,"private":0,"password":null}