{"id":"gen8ou-1653666282","p1":"Ausserirdischer","p2":"Daevank5","format":"gen8ou","log":"|j|\u2606Ausserirdischer\n|j|\u2606Daevank5\n|t:|1662052931\n|gametype|singles\n|player|p1|Ausserirdischer|2|1631\n|player|p2|Daevank5|workerice|1805\n|teamsize|p1|6\n|teamsize|p2|6\n|gen|8\n|tier|[Gen 8] OU\n|rated|\n|rule|Sleep Clause Mod: Limit one foe put to sleep\n|rule|Species Clause: Limit one of each Pok\u00e9mon\n|rule|OHKO Clause: OHKO moves are banned\n|rule|Evasion Items Clause: Evasion items are banned\n|rule|Evasion Moves Clause: Evasion moves are banned\n|rule|Endless Battle Clause: Forcing endless battles is banned\n|rule|HP Percentage Mod: HP is shown in percentages\n|rule|Dynamax Clause: You cannot dynamax\n|clearpoke\n|poke|p1|Ferrothorn, F|\n|poke|p1|Clefable, F|\n|poke|p1|Zapdos|\n|poke|p1|Melmetal|\n|poke|p1|Landorus-Therian, M|\n|poke|p1|Urshifu-*, M|\n|poke|p2|Obstagoon, M|\n|poke|p2|Magnezone|\n|poke|p2|Tapu Koko|\n|poke|p2|Slowking, M|\n|poke|p2|Landorus-Therian, M|\n|poke|p2|Buzzwole|\n|teampreview\n|\n|t:|1662052944\n|start\n|switch|p1a: Ferrothorn|Ferrothorn, F|100\/100\n|switch|p2a: Tapu Koko|Tapu Koko|100\/100\n|-fieldstart|move: Electric Terrain|[from] ability: Electric Surge|[of] p2a: Tapu Koko\n|turn|1\n|\n|t:|1662052950\n|move|p2a: Tapu Koko|U-turn|p1a: Ferrothorn\n|-damage|p1a: Ferrothorn|88\/100\n|-damage|p2a: Tapu Koko|88\/100|[from] ability: Iron Barbs|[of] p1a: Ferrothorn\n|inactive|Battle timer is ON: inactive players will automatically lose when time's up. (requested by Daevank5)\n|\n|t:|1662052954\n|switch|p2a: Magnezone|Magnezone|100\/100|[from]move: U-turn\n|move|p1a: Ferrothorn|Toxic|p2a: Magnezone\n|-immune|p2a: Magnezone\n|\n|-heal|p1a: Ferrothorn|94\/100|[from] item: Leftovers\n|upkeep\n|turn|2\n|\n|t:|1662052960\n|move|p2a: Magnezone|Rising Voltage|p1a: Ferrothorn\n|-hint|Rising Voltage's BP doubled on grounded target.\n|-resisted|p1a: Ferrothorn\n|-damage|p1a: Ferrothorn|43\/100\n|move|p1a: Ferrothorn|Leech Seed|p2a: Magnezone\n|-start|p2a: Magnezone|move: Leech Seed\n|\n|-heal|p1a: Ferrothorn|49\/100|[from] item: Leftovers\n|-damage|p2a: Magnezone|88\/100|[from] Leech Seed|[of] p1a: Ferrothorn\n|-heal|p1a: Ferrothorn|59\/100|[silent]\n|upkeep\n|turn|3\n|\n|t:|1662052970\n|move|p2a: Magnezone|Rising Voltage|p1a: Ferrothorn\n|-hint|Rising Voltage's BP doubled on grounded target.\n|-resisted|p1a: Ferrothorn\n|-crit|p1a: Ferrothorn\n|-damage|p1a: Ferrothorn|0 fnt\n|faint|p1a: Ferrothorn\n|\n|upkeep\n|\n|t:|1662052979\n|switch|p1a: Landorus|Landorus-Therian, M|100\/100\n|-ability|p1a: Landorus|Intimidate|boost\n|-unboost|p2a: Magnezone|atk|1\n|turn|4\n|\n|t:|1662052990\n|switch|p2a: Landorus|Landorus-Therian, M|100\/100\n|-ability|p2a: Landorus|Intimidate|boost\n|-unboost|p1a: Landorus|atk|1\n|move|p1a: Landorus|Knock Off|p2a: Landorus\n|-damage|p2a: Landorus|78\/100\n|-enditem|p2a: Landorus|Leftovers|[from] move: Knock Off|[of] p1a: Landorus\n|\n|upkeep\n|turn|5\n|\n|t:|1662052998\n|switch|p1a: Clefable|Clefable, F|100\/100\n|move|p2a: Landorus|Stealth Rock|p1a: Clefable\n|-sidestart|p1: Ausserirdischer|move: Stealth Rock\n|\n|-fieldend|move: Electric Terrain\n|upkeep\n|turn|6\n|\n|t:|1662053005\n|move|p2a: Landorus|Earthquake|p1a: Clefable\n|-damage|p1a: Clefable|64\/100\n|move|p1a: Clefable|Flamethrower|p2a: Landorus\n|-damage|p2a: Landorus|57\/100\n|\n|upkeep\n|turn|7\n|\n|t:|1662053011\n|move|p2a: Landorus|U-turn|p1a: Clefable\n|-resisted|p1a: Clefable\n|-damage|p1a: Clefable|55\/100\n|\n|t:|1662053014\n|switch|p2a: Magnezone|Magnezone|88\/100|[from]move: U-turn\n|move|p1a: Clefable|Soft-Boiled|p1a: Clefable\n|-heal|p1a: Clefable|100\/100\n|\n|upkeep\n|turn|8\n|\n|t:|1662053027\n|switch|p1a: Zapdos|Zapdos|100\/100\n|move|p2a: Magnezone|Flash Cannon|p1a: Zapdos\n|-resisted|p1a: Zapdos\n|-damage|p1a: Zapdos|69\/100\n|\n|upkeep\n|turn|9\n|\n|t:|1662053033\n|switch|p2a: Obstagoon|Obstagoon, M|100\/100\n|move|p1a: Zapdos|Heat Wave|p2a: Obstagoon\n|-damage|p2a: Obstagoon|70\/100\n|\n|-status|p2a: Obstagoon|brn|[from] item: Flame Orb\n|upkeep\n|turn|10\n|\n|t:|1662053044\n|move|p2a: Obstagoon|Knock Off|p1a: Zapdos\n|-damage|p1a: Zapdos|13\/100\n|-enditem|p1a: Zapdos|Heavy-Duty Boots|[from] move: Knock Off|[of] p2a: Obstagoon\n|move|p1a: Zapdos|Discharge|p2a: Obstagoon\n|-damage|p2a: Obstagoon|27\/100 brn\n|\n|-damage|p2a: Obstagoon|21\/100 brn|[from] brn\n|upkeep\n|turn|11\n|j| ATKerrr\n|\n|t:|1662053056\n|switch|p1a: Clefable|Clefable, F|100\/100\n|move|p2a: Obstagoon|Facade|p1a: Clefable\n|-damage|p1a: Clefable|24\/100\n|\n|-damage|p2a: Obstagoon|15\/100 brn|[from] brn\n|upkeep\n|turn|12\n|\n|t:|1662053066\n|switch|p1a: Melmetal|Melmetal|100\/100\n|-damage|p1a: Melmetal|94\/100|[from] Stealth Rock\n|move|p2a: Obstagoon|Knock Off|p1a: Melmetal\n|-damage|p1a: Melmetal|56\/100\n|-enditem|p1a: Melmetal|Assault Vest|[from] move: Knock Off|[of] p2a: Obstagoon\n|\n|-damage|p2a: Obstagoon|9\/100 brn|[from] brn\n|upkeep\n|turn|13\n|\n|t:|1662053075\n|switch|p2a: Buzzwole|Buzzwole|100\/100\n|move|p1a: Melmetal|Ice Punch|p2a: Buzzwole\n|-damage|p2a: Buzzwole|85\/100\n|\n|upkeep\n|turn|14\n|\n|t:|1662053087\n|move|p2a: Buzzwole|Close Combat|p1a: Melmetal\n|-supereffective|p1a: Melmetal\n|-damage|p1a: Melmetal|0 fnt\n|-unboost|p2a: Buzzwole|def|1\n|-unboost|p2a: Buzzwole|spd|1\n|faint|p1a: Melmetal\n|-ability|p2a: Buzzwole|Beast Boost|boost\n|-boost|p2a: Buzzwole|def|1\n|\n|upkeep\n|\n|t:|1662053097\n|switch|p1a: Landorus|Landorus-Therian, M|100\/100\n|-damage|p1a: Landorus|88\/100|[from] Stealth Rock\n|-ability|p1a: Landorus|Intimidate|boost\n|-unboost|p2a: Buzzwole|atk|1\n|turn|15\n|\n|t:|1662053105\n|move|p1a: Landorus|Stone Edge|p2a: Buzzwole|[miss]\n|-miss|p1a: Landorus|p2a: Buzzwole\n|move|p2a: Buzzwole|Ice Punch|p1a: Landorus\n|-supereffective|p1a: Landorus\n|-damage|p1a: Landorus|12\/100\n|\n|upkeep\n|turn|16\n|\n|t:|1662053112\n|move|p1a: Landorus|Stone Edge|p2a: Buzzwole\n|-damage|p2a: Buzzwole|67\/100\n|move|p2a: Buzzwole|Close Combat|p1a: Landorus\n|-resisted|p1a: Landorus\n|-damage|p1a: Landorus|0 fnt\n|-unboost|p2a: Buzzwole|def|1\n|-unboost|p2a: Buzzwole|spd|1\n|faint|p1a: Landorus\n|-ability|p2a: Buzzwole|Beast Boost|boost\n|-boost|p2a: Buzzwole|def|1\n|\n|upkeep\n|l| ATKerrr\n|\n|t:|1662053123\n|switch|p1a: Zapdos|Zapdos|13\/100\n|-damage|p1a: Zapdos|0 fnt|[from] Stealth Rock\n|faint|p1a: Zapdos\n|\n|t:|1662053129\n|switch|p1a: Urshifu|Urshifu-Rapid-Strike, M|100\/100\n|-damage|p1a: Urshifu|94\/100|[from] Stealth Rock\n|turn|17\n|\n|t:|1662053136\n|move|p1a: Urshifu|Surging Strikes|p2a: Buzzwole\n|-crit|p2a: Buzzwole\n|-damage|p2a: Buzzwole|57\/100\n|-crit|p2a: Buzzwole\n|-damage|p2a: Buzzwole|48\/100\n|-crit|p2a: Buzzwole\n|-damage|p2a: Buzzwole|38\/100\n|-hitcount|p2a: Buzzwole|3\n|move|p2a: Buzzwole|Roost|p2a: Buzzwole\n|-heal|p2a: Buzzwole|88\/100\n|-singleturn|p2a: Buzzwole|move: Roost\n|\n|upkeep\n|turn|18\n|\n|t:|1662053145\n|switch|p1a: Clefable|Clefable, F|24\/100\n|move|p2a: Buzzwole|Ice Punch|p1a: Clefable\n|-damage|p1a: Clefable|11\/100\n|\n|upkeep\n|turn|19\n|\n|t:|1662053153\n|move|p2a: Buzzwole|Ice Punch|p1a: Clefable\n|-damage|p1a: Clefable|0 fnt\n|faint|p1a: Clefable\n|-ability|p2a: Buzzwole|Beast Boost|boost\n|-boost|p2a: Buzzwole|def|1\n|\n|upkeep\n|-message|Ausserirdischer forfeited.\n|\n|win|Daevank5\n|raw|Ausserirdischer's rating: 1631 &rarr; <strong>1620<\/strong><br \/>(-11 for losing)\n|raw|Daevank5's rating: 1805 &rarr; <strong>1816<\/strong><br \/>(+11 for winning)\n|l|\u2606Ausserirdischer\n||Ladder isn't responding, score probably updated but might not have (Request timeout).\n","uploadtime":1662053243,"views":29,"p1id":"ausserirdischer","p2id":"daevank5","formatid":"gen8ou","rating":1620,"private":0,"password":null}