{"id":"gen8ou-1062043251","p1":"Hindsight Is 20\/20","p2":"Igotthegat","format":"gen8ou","log":"|j|\u2606Hindsight Is 20\/20\n|j|\u2606Igotthegat\n|player|p1|Hindsight Is 20\/20|blue|1399\n|player|p2|Igotthegat|hilda|1386\n|teamsize|p1|6\n|teamsize|p2|6\n|gametype|singles\n|gen|8\n|tier|[Gen 8] OU\n|rated|\n|clearpoke\n|poke|p1|Clefable, F|\n|poke|p1|Conkeldurr, F|\n|poke|p1|Togekiss, M|\n|poke|p1|Dugtrio, F|\n|poke|p1|Dragapult, M|\n|poke|p1|Gyarados, M|\n|poke|p2|Corviknight, F|\n|poke|p2|Xatu, F|\n|poke|p2|Dugtrio, M|\n|poke|p2|Chandelure, F|\n|poke|p2|Clefable, F|\n|poke|p2|Seismitoad, M|\n|rule|Sleep Clause Mod: Limit one foe put to sleep\n|rule|Species Clause: Limit one of each Pok\u00e9mon\n|rule|OHKO Clause: OHKO moves are banned\n|rule|Evasion Moves Clause: Evasion moves are banned\n|rule|Endless Battle Clause: Forcing endless battles is banned\n|rule|HP Percentage Mod: HP is shown in percentages\n|rule|Dynamax Clause: You cannot dynamax\n|teampreview\n|inactive|Battle timer is ON: inactive players will automatically lose when time's up. (requested by Igotthegat)\n|inactive|Hindsight Is 20\/20 has 120 seconds left.\n|inactive|Hindsight Is 20\/20 has 90 seconds left.\n|inactive|Hindsight Is 20\/20 has 60 seconds left.\n|\n|start\n|switch|p1a: Conkeldurr|Conkeldurr, F|100\/100\n|switch|p2a: Clefable|Clefable, F|100\/100\n|turn|1\n|inactive|Hindsight Is 20\/20 has 120 seconds left.\n|\n|switch|p1a: Clefable|Clefable, F|100\/100\n|move|p2a: Clefable|Moonblast|p1a: Clefable\n|-damage|p1a: Clefable|49\/100\n|\n|upkeep\n|turn|2\n|\n|move|p2a: Clefable|Moonblast|p1a: Clefable\n|-damage|p1a: Clefable|0 fnt\n|faint|p1a: Clefable\n|\n|upkeep\n|inactive|Hindsight Is 20\/20 has 120 seconds left.\n|\n|switch|p1a: Dugtrio|Dugtrio, F|100\/100\n|turn|3\n|\n|move|p1a: Dugtrio|Earthquake|p2a: Clefable\n|-damage|p2a: Clefable|51\/100\n|move|p2a: Clefable|Moonblast|p1a: Dugtrio\n|-enditem|p1a: Dugtrio|Focus Sash\n|-damage|p1a: Dugtrio|1\/100\n|-unboost|p1a: Dugtrio|spa|1\n|\n|upkeep\n|turn|4\n|inactive|Hindsight Is 20\/20 has 120 seconds left.\n|\n|move|p1a: Dugtrio|Earthquake|p2a: Clefable\n|-damage|p2a: Clefable|0 fnt\n|faint|p2a: Clefable\n|\n|upkeep\n|\n|switch|p2a: Dugtrio|Dugtrio, M|100\/100\n|turn|5\n|\n|move|p2a: Dugtrio|Sucker Punch||[still]\n|-fail|p2a: Dugtrio\n|move|p1a: Dugtrio|Stealth Rock|p2a: Dugtrio\n|-sidestart|p2: Igotthegat|move: Stealth Rock\n|\n|upkeep\n|turn|6\n|\n|move|p2a: Dugtrio|Sucker Punch||[still]\n|-fail|p2a: Dugtrio\n|move|p1a: Dugtrio|Memento|p2a: Dugtrio\n|-unboost|p2a: Dugtrio|atk|2\n|-unboost|p2a: Dugtrio|spa|2\n|faint|p1a: Dugtrio\n|\n|upkeep\n|\n|switch|p1a: Gyarados|Gyarados, M|100\/100\n|-ability|p1a: Gyarados|Intimidate|boost\n|-unboost|p2a: Dugtrio|atk|1\n|turn|7\n|\n|switch|p2a: Seismitoad|Seismitoad, M|100\/100\n|-damage|p2a: Seismitoad|94\/100|[from] Stealth Rock\n|move|p1a: Gyarados|Dragon Dance|p1a: Gyarados\n|-boost|p1a: Gyarados|atk|1\n|-boost|p1a: Gyarados|spe|1\n|\n|-heal|p2a: Seismitoad|100\/100|[from] item: Leftovers\n|upkeep\n|turn|8\n|\n|move|p1a: Gyarados|Power Whip|p2a: Seismitoad\n|-supereffective|p2a: Seismitoad\n|-damage|p2a: Seismitoad|0 fnt\n|-damage|p1a: Gyarados|91\/100|[from] item: Life Orb\n|faint|p2a: Seismitoad\n|\n|upkeep\n|\n|switch|p2a: Xatu|Xatu, F|100\/100\n|-damage|p2a: Xatu|76\/100|[from] Stealth Rock\n|turn|9\n|\n|move|p2a: Xatu|Psychic|p1a: Gyarados\n|-damage|p1a: Gyarados|50\/100\n|move|p1a: Gyarados|Waterfall|p2a: Xatu\n|-damage|p2a: Xatu|0 fnt\n|-damage|p1a: Gyarados|40\/100|[from] item: Life Orb\n|faint|p2a: Xatu\n|\n|upkeep\n|-message|Igotthegat forfeited.\n|\n|win|Hindsight Is 20\/20\n|l|\u2606Igotthegat\n|c|\u2606Hindsight Is 20\/20|gg!\n|c|\u2606Hindsight Is 20\/20|YEAST\n|raw|Hindsight Is 20&#x2f;20's rating: 1399 &rarr; <strong>1419<\/strong><br \/>(+20 for winning)\n|raw|Igotthegat's rating: 1404 &rarr; <strong>1384<\/strong><br \/>(-20 for losing)\n","uploadtime":1581520419,"views":14,"p1id":"hindsightis2020","p2id":"igotthegat","formatid":"gen8ou","rating":1384,"private":0,"password":null}