{"id":"gen8ou-1213243093","p1":"Fetty Lop","p2":"Mutako Z","format":"gen8ou","log":"|j|\u2606Fetty Lop\n|j|\u2606Mutako Z\n|t:|1604095096\n|player|p1|Fetty Lop|cyclistf-gen4|1192\n|player|p2|Mutako Z|28|1195\n|teamsize|p1|6\n|teamsize|p2|6\n|gametype|singles\n|gen|8\n|tier|[Gen 8] OU\n|rated|\n|clearpoke\n|poke|p1|Garchomp, F|\n|poke|p1|Landorus, M|\n|poke|p1|Urshifu-*, F|\n|poke|p1|Magearna|\n|poke|p1|Crawdaunt, F|\n|poke|p1|Moltres|\n|poke|p2|Ferrothorn, M|\n|poke|p2|Kyurem-Black|\n|poke|p2|Suicune|\n|poke|p2|Cinderace, M|\n|poke|p2|Landorus-Therian, M|\n|poke|p2|Volcanion|\n|rule|Sleep Clause Mod: Limit one foe put to sleep\n|rule|Species Clause: Limit one of each Pok\u00e9mon\n|rule|OHKO Clause: OHKO moves are banned\n|rule|Evasion Moves Clause: Evasion moves are banned\n|rule|Endless Battle Clause: Forcing endless battles is banned\n|rule|HP Percentage Mod: HP is shown in percentages\n|rule|Dynamax Clause: You cannot dynamax\n|teampreview\n|\n|t:|1604095122\n|start\n|switch|p1a: Garchomp|Garchomp, F|100\/100\n|switch|p2a: Ferrothorn|Ferrothorn, M|100\/100\n|turn|1\n|\n|t:|1604095129\n|move|p1a: Garchomp|Fire Blast|p2a: Ferrothorn|[miss]\n|-miss|p1a: Garchomp|p2a: Ferrothorn\n|move|p2a: Ferrothorn|Knock Off|p1a: Garchomp\n|-damage|p1a: Garchomp|79\/100\n|-enditem|p1a: Garchomp|Choice Band|[from] move: Knock Off|[of] p2a: Ferrothorn\n|\n|upkeep\n|turn|2\n|\n|t:|1604095139\n|switch|p2a: Landorus|Landorus-Therian, M|100\/100\n|-ability|p2a: Landorus|Intimidate|boost\n|-unboost|p1a: Garchomp|atk|1\n|move|p1a: Garchomp|Earthquake|p2a: Landorus\n|-immune|p2a: Landorus\n|\n|upkeep\n|turn|3\n|\n|t:|1604095150\n|switch|p1a: Crawdaunt|Crawdaunt, F|100\/100\n|move|p2a: Landorus|Stealth Rock|p1a: Crawdaunt\n|-sidestart|p1: Fetty Lop|move: Stealth Rock\n|\n|upkeep\n|turn|4\n|\n|t:|1604095165\n|switch|p2a: Cinderace|Cinderace, M|100\/100\n|move|p1a: Crawdaunt|Swords Dance|p1a: Crawdaunt\n|-boost|p1a: Crawdaunt|atk|2\n|\n|upkeep\n|turn|5\n|\n|t:|1604095177\n|move|p1a: Crawdaunt|Aqua Jet|p2a: Cinderace\n|-supereffective|p2a: Cinderace\n|-damage|p2a: Cinderace|0 fnt\n|-damage|p1a: Crawdaunt|90\/100|[from] item: Life Orb\n|faint|p2a: Cinderace\n|\n|upkeep\n|\n|t:|1604095192\n|switch|p2a: Landorus|Landorus-Therian, M|100\/100\n|-ability|p2a: Landorus|Intimidate|boost\n|-unboost|p1a: Crawdaunt|atk|1\n|turn|6\n|\n|t:|1604095200\n|move|p2a: Landorus|Earthquake|p1a: Crawdaunt\n|-damage|p1a: Crawdaunt|18\/100\n|move|p1a: Crawdaunt|Knock Off|p2a: Landorus\n|-damage|p2a: Landorus|0 fnt\n|-enditem|p2a: Landorus|Choice Scarf|[from] move: Knock Off|[of] p1a: Crawdaunt\n|-damage|p1a: Crawdaunt|8\/100|[from] item: Life Orb\n|faint|p2a: Landorus\n|\n|upkeep\n|\n|t:|1604095212\n|switch|p2a: Suicune|Suicune|100\/100\n|-ability|p2a: Suicune|Pressure\n|turn|7\n|\n|t:|1604095216\n|move|p2a: Suicune|Substitute|p2a: Suicune\n|-start|p2a: Suicune|Substitute\n|-damage|p2a: Suicune|75\/100\n|move|p1a: Crawdaunt|Knock Off|p2a: Suicune\n|-end|p2a: Suicune|Substitute\n|-damage|p1a: Crawdaunt|0 fnt|[from] item: Life Orb\n|faint|p1a: Crawdaunt\n|\n|-heal|p2a: Suicune|82\/100|[from] item: Leftovers\n|upkeep\n|\n|t:|1604095227\n|switch|p1a: Magearna|Magearna|100\/100\n|-damage|p1a: Magearna|95\/100|[from] Stealth Rock\n|turn|8\n|\n|t:|1604095234\n|switch|p2a: Volcanion|Volcanion|100\/100\n|move|p1a: Magearna|Thunderbolt|p2a: Volcanion\n|-supereffective|p2a: Volcanion\n|-damage|p2a: Volcanion|32\/100\n|\n|-heal|p1a: Magearna|100\/100|[from] item: Leftovers\n|upkeep\n|turn|9\n|\n|t:|1604095248\n|switch|p1a: Moltres|Moltres|100\/100\n|-damage|p1a: Moltres|51\/100|[from] Stealth Rock\n|-ability|p1a: Moltres|Pressure\n|switch|p2a: Ferrothorn|Ferrothorn, M|100\/100\n|\n|-heal|p1a: Moltres|57\/100|[from] item: Leftovers\n|upkeep\n|turn|10\n|\n|t:|1604095257\n|switch|p2a: Volcanion|Volcanion|32\/100\n|move|p1a: Moltres|Defog|p2a: Volcanion\n|-unboost|p2a: Volcanion|evasion|1\n|-sideend|p1: Fetty Lop|Stealth Rock|[from] move: Defog|[of] p1a: Moltres\n|\n|-heal|p1a: Moltres|63\/100|[from] item: Leftovers\n|upkeep\n|turn|11\n|\n|t:|1604095264\n|move|p1a: Moltres|Hurricane|p2a: Volcanion\n|-damage|p2a: Volcanion|0 fnt\n|faint|p2a: Volcanion\n|\n|-heal|p1a: Moltres|69\/100|[from] item: Leftovers\n|upkeep\n|\n|t:|1604095270\n|switch|p2a: Suicune|Suicune|82\/100\n|-ability|p2a: Suicune|Pressure\n|turn|12\n|\n|t:|1604095276\n|switch|p1a: Magearna|Magearna|100\/100\n|move|p2a: Suicune|Calm Mind|p2a: Suicune\n|-boost|p2a: Suicune|spa|1\n|-boost|p2a: Suicune|spd|1\n|\n|-heal|p2a: Suicune|88\/100|[from] item: Leftovers\n|upkeep\n|turn|13\n|\n|t:|1604095283\n|move|p1a: Magearna|Calm Mind|p1a: Magearna\n|-boost|p1a: Magearna|spa|1\n|-boost|p1a: Magearna|spd|1\n|move|p2a: Suicune|Calm Mind|p2a: Suicune\n|-boost|p2a: Suicune|spa|1\n|-boost|p2a: Suicune|spd|1\n|\n|-heal|p2a: Suicune|94\/100|[from] item: Leftovers\n|upkeep\n|turn|14\n|\n|t:|1604095290\n|move|p1a: Magearna|Calm Mind|p1a: Magearna\n|-boost|p1a: Magearna|spa|1\n|-boost|p1a: Magearna|spd|1\n|move|p2a: Suicune|Scald|p1a: Magearna\n|-damage|p1a: Magearna|66\/100\n|\n|-heal|p1a: Magearna|72\/100|[from] item: Leftovers\n|-heal|p2a: Suicune|99\/100|[from] item: Leftovers\n|upkeep\n|turn|15\n|\n|t:|1604095303\n|move|p1a: Magearna|Thunderbolt|p2a: Suicune\n|-supereffective|p2a: Suicune\n|-damage|p2a: Suicune|49\/100\n|move|p2a: Suicune|Scald|p1a: Magearna\n|-damage|p1a: Magearna|39\/100\n|\n|-heal|p1a: Magearna|45\/100|[from] item: Leftovers\n|-heal|p2a: Suicune|55\/100|[from] item: Leftovers\n|upkeep\n|turn|16\n|\n|t:|1604095314\n|switch|p2a: Kyurem|Kyurem-Black|100\/100\n|-ability|p2a: Kyurem|Teravolt\n|move|p1a: Magearna|Thunderbolt|p2a: Kyurem\n|-resisted|p2a: Kyurem\n|-damage|p2a: Kyurem|68\/100\n|\n|-heal|p1a: Magearna|50\/100|[from] item: Leftovers\n|upkeep\n|turn|17\n|\n|t:|1604095324\n|move|p2a: Kyurem|Fusion Bolt|p1a: Magearna\n|-damage|p1a: Magearna|4\/100\n|move|p1a: Magearna|Ice Beam|p2a: Kyurem\n|-damage|p2a: Kyurem|14\/100\n|\n|-heal|p1a: Magearna|10\/100|[from] item: Leftovers\n|upkeep\n|turn|18\n|\n|t:|1604095332\n|move|p2a: Kyurem|Stone Edge|p1a: Magearna|[miss]\n|-miss|p2a: Kyurem|p1a: Magearna\n|move|p1a: Magearna|Ice Beam|p2a: Kyurem\n|-damage|p2a: Kyurem|0 fnt\n|faint|p2a: Kyurem\n|-ability|p1a: Magearna|Soul-Heart|boost\n|-boost|p1a: Magearna|spa|1\n|\n|-heal|p1a: Magearna|16\/100|[from] item: Leftovers\n|upkeep\n|\n|t:|1604095342\n|switch|p2a: Ferrothorn|Ferrothorn, M|100\/100\n|turn|19\n|\n|t:|1604095346\n|move|p1a: Magearna|Ice Beam|p2a: Ferrothorn\n|-damage|p2a: Ferrothorn|39\/100\n|move|p2a: Ferrothorn|Knock Off|p1a: Magearna\n|-resisted|p1a: Magearna\n|-damage|p1a: Magearna|4\/100\n|-enditem|p1a: Magearna|Leftovers|[from] move: Knock Off|[of] p2a: Ferrothorn\n|\n|-heal|p2a: Ferrothorn|45\/100|[from] item: Leftovers\n|upkeep\n|turn|20\n|-message|Mutako Z forfeited.\n|\n|win|Fetty Lop\n|l|\u2606Mutako Z\n||Ladder (probably) updated, but score could not be retrieved (Request timeout).\n","uploadtime":1604095358,"views":8,"p1id":"fettylop","p2id":"mutakoz","formatid":"gen8ou","rating":0,"private":0,"password":null}