{"id":"gen8ou-1607911772","p1":"OUTW Geomancy","p2":"Skip The Drip","format":"gen8ou","log":"|j|\u2606OUTW Geomancy\n|j|\u2606Skip The Drip\n|t:|1656652921\n|gametype|singles\n|player|p1|OUTW Geomancy|hiker-gen2|\n|player|p2|Skip The Drip|pokemonbreeder-gen3|\n|teamsize|p1|6\n|teamsize|p2|6\n|gen|8\n|tier|[Gen 8] OU\n|rule|Sleep Clause Mod: Limit one foe put to sleep\n|rule|Species Clause: Limit one of each Pok\u00e9mon\n|rule|OHKO Clause: OHKO moves are banned\n|rule|Evasion Moves Clause: Evasion moves are banned\n|rule|Endless Battle Clause: Forcing endless battles is banned\n|rule|HP Percentage Mod: HP is shown in percentages\n|rule|Dynamax Clause: You cannot dynamax\n|clearpoke\n|poke|p1|Landorus-Therian, M|\n|poke|p1|Tangrowth, F|\n|poke|p1|Zapdos|\n|poke|p1|Tyranitar, M|\n|poke|p1|Excadrill, F|\n|poke|p1|Toxapex, M|\n|poke|p2|Skarmory, F|\n|poke|p2|Xatu, F|\n|poke|p2|Blissey, F|\n|poke|p2|Quagsire, M|\n|poke|p2|Tangrowth, M|\n|poke|p2|Toxapex, M|\n|teampreview\n|c|\u2606Skip The Drip|https:\/\/pokepast.es\/0e93690ecfb0de4e\n|c|\u2606Skip The Drip|OUTW Geomancy\n|c|\u2606Skip The Drip|theres the team\n|j| Pinecoishot\n|j| innovamania\n|j| Ka1xo\n|j| cyberacc\n|j| mala\u2606huju\n|c|\u2606Skip The Drip|so we on equal footing\n|c|\u2606OUTW Geomancy|I aint need your pokepaste\n|\n|t:|1656652970\n|start\n|switch|p1a: Raiden|Zapdos|100\/100\n|switch|p2a: Blissey|Blissey, F|100\/100\n|turn|1\n|c| Pinecoishot|Cool stall tbh\n|c|\u2606OUTW Geomancy|I 6-0 stall eyes closed\n|\n|t:|1656652983\n|switch|p2a: Tangrowth|Tangrowth, M|100\/100\n|move|p1a: Raiden|Volt Switch|p2a: Tangrowth\n|-resisted|p2a: Tangrowth\n|-damage|p2a: Tangrowth|83\/100\n|j| shxwk\n|\n|t:|1656652991\n|switch|p1a: STANDING HERE|Tangrowth, F|100\/100|[from]move: Volt Switch\n|\n|upkeep\n|turn|2\n|\n|t:|1656652995\n|switch|p2a: Blissey|Blissey, F|100\/100\n|move|p1a: STANDING HERE|Knock Off|p2a: Blissey\n|-damage|p2a: Blissey|84\/100\n|-damage|p1a: STANDING HERE|84\/100|[from] item: Rocky Helmet|[of] p2a: Blissey\n|-enditem|p2a: Blissey|Rocky Helmet|[from] move: Knock Off|[of] p1a: STANDING HERE\n|\n|upkeep\n|turn|3\n|c| cyberacc|OK\n|\n|t:|1656653004\n|move|p1a: STANDING HERE|Sleep Powder|p2a: Blissey\n|-status|p2a: Blissey|slp|[from] move: Sleep Powder\n|cant|p2a: Blissey|slp\n|\n|upkeep\n|turn|4\n|\n|t:|1656653006\n|switch|p1a: SUNDOWNER|Tyranitar, M|100\/100\n|-weather|Sandstorm|[from] ability: Sand Stream|[of] p1a: SUNDOWNER\n|cant|p2a: Blissey|slp\n|\n|-weather|Sandstorm|[upkeep]\n|-damage|p2a: Blissey|78\/100 slp|[from] Sandstorm\n|upkeep\n|turn|5\n|c| cyberacc|SICK BLISSEY ITEM\n|\n|t:|1656653014\n|switch|p1a: STANDING HERE|Tangrowth, F|100\/100\n|-curestatus|p2a: Blissey|slp|[from] ability: Natural Cure\n|switch|p2a: Toxapex|Toxapex, M|100\/100\n|\n|-weather|Sandstorm|[upkeep]\n|-damage|p1a: STANDING HERE|94\/100|[from] Sandstorm\n|-damage|p2a: Toxapex|94\/100|[from] Sandstorm\n|upkeep\n|turn|6\n|\n|t:|1656653018\n|move|p1a: STANDING HERE|Knock Off|p2a: Toxapex\n|-damage|p2a: Toxapex|83\/100\n|-enditem|p2a: Toxapex|Payapa Berry|[from] move: Knock Off|[of] p1a: STANDING HERE\n|move|p2a: Toxapex|Toxic|p1a: STANDING HERE\n|-status|p1a: STANDING HERE|tox\n|\n|-weather|Sandstorm|[upkeep]\n|-damage|p1a: STANDING HERE|88\/100 tox|[from] Sandstorm\n|-damage|p2a: Toxapex|77\/100|[from] Sandstorm\n|-damage|p1a: STANDING HERE|82\/100 tox|[from] psn\n|upkeep\n|turn|7\n|j| venetian snares\n|\n|t:|1656653022\n|switch|p2a: Blissey|Blissey, F|78\/100\n|move|p1a: STANDING HERE|Giga Drain|p2a: Blissey\n|-damage|p2a: Blissey|68\/100\n|-heal|p1a: STANDING HERE|91\/100 tox|[from] drain|[of] p2a: Blissey\n|\n|-weather|Sandstorm|[upkeep]\n|-damage|p1a: STANDING HERE|85\/100 tox|[from] Sandstorm\n|-damage|p2a: Blissey|62\/100|[from] Sandstorm\n|-damage|p1a: STANDING HERE|72\/100 tox|[from] psn\n|upkeep\n|turn|8\n|\n|t:|1656653024\n|move|p1a: STANDING HERE|Sleep Powder|p2a: Blissey|[miss]\n|-miss|p1a: STANDING HERE|p2a: Blissey\n|move|p2a: Blissey|Soft-Boiled|p2a: Blissey\n|-heal|p2a: Blissey|100\/100\n|\n|-weather|none\n|-damage|p1a: STANDING HERE|54\/100 tox|[from] psn\n|upkeep\n|turn|9\n|c|\u2606OUTW Geomancy|bruh\n|\n|t:|1656653030\n|switch|p1a: I REALIZE|Toxapex, M|100\/100\n|move|p2a: Blissey|Stealth Rock|p1a: I REALIZE\n|-sidestart|p1: OUTW Geomancy|move: Stealth Rock\n|\n|upkeep\n|turn|10\n|\n|t:|1656653034\n|switch|p2a: Toxapex|Toxapex, M|100\/100\n|move|p1a: I REALIZE|Scald|p2a: Toxapex\n|-resisted|p2a: Toxapex\n|-damage|p2a: Toxapex|94\/100\n|\n|upkeep\n|turn|11\n|\n|t:|1656653037\n|move|p1a: I REALIZE|Scald|p2a: Toxapex\n|-resisted|p2a: Toxapex\n|-damage|p2a: Toxapex|87\/100\n|move|p2a: Toxapex|Knock Off|p1a: I REALIZE\n|-damage|p1a: I REALIZE|90\/100\n|-enditem|p1a: I REALIZE|Shed Shell|[from] move: Knock Off|[of] p2a: Toxapex\n|\n|upkeep\n|turn|12\n|j| milkiez\n|\n|t:|1656653039\n|switch|p2a: Blissey|Blissey, F|100\/100\n|move|p1a: I REALIZE|Scald|p2a: Blissey\n|-damage|p2a: Blissey|94\/100\n|\n|upkeep\n|turn|13\n|\n|t:|1656653042\n|switch|p2a: Toxapex|Toxapex, M|100\/100\n|switch|p1a: SANDSTREAM SAM|Excadrill, F|100\/100\n|-damage|p1a: SANDSTREAM SAM|97\/100|[from] Stealth Rock\n|\n|-heal|p1a: SANDSTREAM SAM|100\/100|[from] item: Leftovers\n|upkeep\n|turn|14\n|\n|t:|1656653046\n|switch|p1a: STANDING HERE|Tangrowth, F|87\/100 tox\n|-damage|p1a: STANDING HERE|75\/100 tox|[from] Stealth Rock\n|move|p2a: Toxapex|Knock Off|p1a: STANDING HERE\n|-damage|p1a: STANDING HERE|68\/100 tox\n|-damage|p2a: Toxapex|84\/100|[from] item: Rocky Helmet|[of] p1a: STANDING HERE\n|-enditem|p1a: STANDING HERE|Rocky Helmet|[from] move: Knock Off|[of] p2a: Toxapex\n|\n|-damage|p1a: STANDING HERE|61\/100 tox|[from] psn\n|upkeep\n|turn|15\n|\n|t:|1656653051\n|switch|p2a: Xatu|Xatu, F|100\/100\n|move|p1a: STANDING HERE|Focus Blast|p2a: Xatu|[miss]\n|-miss|p1a: STANDING HERE|p2a: Xatu\n|\n|-damage|p1a: STANDING HERE|49\/100 tox|[from] psn\n|upkeep\n|turn|16\n|\n|t:|1656653054\n|switch|p1a: I REALIZE|Toxapex, M|100\/100\n|-damage|p1a: I REALIZE|88\/100|[from] Stealth Rock\n|move|p2a: Xatu|Night Shade|p1a: I REALIZE\n|-damage|p1a: I REALIZE|55\/100\n|\n|upkeep\n|turn|17\n|\n|t:|1656653057\n|move|p2a: Xatu|Night Shade|p1a: I REALIZE\n|-damage|p1a: I REALIZE|22\/100\n|move|p1a: I REALIZE|Recover|p1a: I REALIZE\n|-heal|p1a: I REALIZE|72\/100\n|\n|upkeep\n|turn|18\n|\n|t:|1656653059\n|switch|p2a: Toxapex|Toxapex, M|100\/100\n|move|p1a: I REALIZE|Recover|p1a: I REALIZE\n|-heal|p1a: I REALIZE|100\/100\n|\n|upkeep\n|turn|19\n|\n|t:|1656653063\n|switch|p2a: Blissey|Blissey, F|94\/100\n|move|p1a: I REALIZE|Scald|p2a: Blissey\n|-damage|p2a: Blissey|89\/100\n|-status|p2a: Blissey|brn\n|\n|-damage|p2a: Blissey|82\/100 brn|[from] brn\n|upkeep\n|turn|20\n|\n|t:|1656653066\n|-curestatus|p2a: Blissey|brn|[from] ability: Natural Cure\n|switch|p2a: Toxapex|Toxapex, M|100\/100\n|switch|p1a: STANDING HERE|Tangrowth, F|82\/100 tox\n|-damage|p1a: STANDING HERE|70\/100 tox|[from] Stealth Rock\n|\n|-damage|p1a: STANDING HERE|64\/100 tox|[from] psn\n|upkeep\n|turn|21\n|\n|t:|1656653075\n|switch|p2a: Xatu|Xatu, F|100\/100\n|move|p1a: STANDING HERE|Knock Off|p2a: Xatu\n|-supereffective|p2a: Xatu\n|-damage|p2a: Xatu|43\/100\n|-enditem|p2a: Xatu|Leftovers|[from] move: Knock Off|[of] p1a: STANDING HERE\n|\n|-damage|p1a: STANDING HERE|51\/100 tox|[from] psn\n|upkeep\n|turn|22\n|\n|t:|1656653079\n|switch|p1a: SANDSTREAM SAM|Excadrill, F|100\/100\n|-damage|p1a: SANDSTREAM SAM|97\/100|[from] Stealth Rock\n|move|p2a: Xatu|Night Shade|p1a: SANDSTREAM SAM\n|-damage|p1a: SANDSTREAM SAM|70\/100\n|\n|-heal|p1a: SANDSTREAM SAM|76\/100|[from] item: Leftovers\n|upkeep\n|turn|23\n|l| milkiez\n|\n|t:|1656653084\n|switch|p2a: Skarmory|Skarmory, F|100\/100\n|move|p1a: SANDSTREAM SAM|Rapid Spin|p2a: Skarmory\n|-resisted|p2a: Skarmory\n|-damage|p2a: Skarmory|95\/100\n|-boost|p1a: SANDSTREAM SAM|spe|1\n|-damage|p1a: SANDSTREAM SAM|59\/100|[from] item: Rocky Helmet|[of] p2a: Skarmory\n|-sideend|p1: OUTW Geomancy|Stealth Rock|[from] move: Rapid Spin|[of] p1a: SANDSTREAM SAM\n|\n|-heal|p1a: SANDSTREAM SAM|65\/100|[from] item: Leftovers\n|upkeep\n|turn|24\n|j| zozb\n|c| cyberacc|how tf does this team deal with tran though drip\n|\n|t:|1656653087\n|switch|p1a: Raiden|Zapdos|100\/100\n|move|p2a: Skarmory|Spikes|p1a: Raiden\n|-sidestart|p1: OUTW Geomancy|Spikes\n|\n|upkeep\n|turn|25\n|c|\u2606Skip The Drip|xatu\n|c|\u2606Skip The Drip|pray wit quag\n|c|\u2606Skip The Drip|if they ballon\n|c|\u2606Skip The Drip|also av tang\n|c| cyberacc|yah was about to say lol\n|l| zozb\n|c| cyberacc|very rough mu\n|\n|t:|1656653110\n|switch|p2a: Blissey|Blissey, F|82\/100\n|move|p1a: Raiden|Volt Switch|p2a: Blissey\n|-damage|p2a: Blissey|61\/100\n|\n|t:|1656653114\n|switch|p1a: OCELOOOTTT!!|Landorus-Therian, M|100\/100|[from]move: Volt Switch\n|-ability|p1a: OCELOOOTTT!!|Intimidate|boost\n|-unboost|p2a: Blissey|atk|1\n|\n|upkeep\n|turn|26\n|\n|t:|1656653119\n|switch|p2a: Tangrowth|Tangrowth, M|100\/100\n|move|p1a: OCELOOOTTT!!|Earthquake|p2a: Tangrowth\n|-resisted|p2a: Tangrowth\n|-damage|p2a: Tangrowth|76\/100\n|\n|upkeep\n|turn|27\n|l| shxwk\n|\n|t:|1656653123\n|move|p1a: OCELOOOTTT!!|U-turn|p2a: Tangrowth\n|-supereffective|p2a: Tangrowth\n|-damage|p2a: Tangrowth|40\/100\n|\n|t:|1656653127\n|switch|p1a: I REALIZE|Toxapex, M|100\/100|[from]move: U-turn\n|-damage|p1a: I REALIZE|88\/100|[from] Spikes\n|move|p2a: Tangrowth|Knock Off|p1a: I REALIZE\n|-damage|p1a: I REALIZE|77\/100\n|\n|upkeep\n|turn|28\n|j| VivaHonduras\n|\n|t:|1656653132\n|switch|p2a: Blissey|Blissey, F|61\/100\n|switch|p1a: OCELOOOTTT!!|Landorus-Therian, M|100\/100\n|-ability|p1a: OCELOOOTTT!!|Intimidate|boost\n|-unboost|p2a: Blissey|atk|1\n|\n|upkeep\n|turn|29\n|\n|t:|1656653138\n|switch|p2a: Skarmory|Skarmory, F|95\/100\n|move|p1a: OCELOOOTTT!!|Gravity|p1a: OCELOOOTTT!!\n|-fieldstart|move: Gravity\n|\n|upkeep\n|turn|30\n|\n|t:|1656653144\n|switch|p2a: Tangrowth|Tangrowth, M|73\/100\n|move|p1a: OCELOOOTTT!!|U-turn|p2a: Tangrowth\n|-supereffective|p2a: Tangrowth\n|-damage|p2a: Tangrowth|40\/100\n|\n|t:|1656653147\n|switch|p1a: Raiden|Zapdos|100\/100|[from]move: U-turn\n|-damage|p1a: Raiden|88\/100|[from] Spikes\n|\n|upkeep\n|turn|31\n|\n|t:|1656653155\n|switch|p2a: Blissey|Blissey, F|61\/100\n|move|p1a: Raiden|Hurricane|p2a: Blissey\n|-damage|p2a: Blissey|32\/100\n|\n|upkeep\n|turn|32\n|\n|t:|1656653158\n|move|p1a: Raiden|Hurricane|p2a: Blissey\n|-damage|p2a: Blissey|1\/100\n|move|p2a: Blissey|Soft-Boiled|p2a: Blissey\n|-heal|p2a: Blissey|51\/100\n|\n|upkeep\n|turn|33\n|\n|t:|1656653162\n|switch|p1a: SANDSTREAM SAM|Excadrill, F|65\/100\n|-damage|p1a: SANDSTREAM SAM|53\/100|[from] Spikes\n|move|p2a: Blissey|Soft-Boiled|p2a: Blissey\n|-heal|p2a: Blissey|100\/100\n|\n|-heal|p1a: SANDSTREAM SAM|59\/100|[from] item: Leftovers\n|-fieldend|move: Gravity\n|upkeep\n|turn|34\n|\n|t:|1656653167\n|switch|p1a: OCELOOOTTT!!|Landorus-Therian, M|100\/100\n|-ability|p1a: OCELOOOTTT!!|Intimidate|boost\n|-unboost|p2a: Blissey|atk|1\n|switch|p2a: Skarmory|Skarmory, F|95\/100\n|\n|upkeep\n|turn|35\n|\n|t:|1656653170\n|move|p1a: OCELOOOTTT!!|Stealth Rock|p2a: Skarmory\n|-sidestart|p2: Skip The Drip|move: Stealth Rock\n|move|p2a: Skarmory|Spikes|p1a: OCELOOOTTT!!\n|-sidestart|p1: OUTW Geomancy|Spikes\n|\n|upkeep\n|turn|36\n|c| Pinecoishot|Doesn\u2019t spedef Xatu win from full vs tran\n|c| Pinecoishot|Unless it\u2019s erup\n|c|\u2606Skip The Drip|ballon tran\n|c|\u2606Skip The Drip|beats me kind\n|c|\u2606Skip The Drip|kinda\n|\n|t:|1656653192\n|switch|p2a: Tangrowth|Tangrowth, M|73\/100\n|-damage|p2a: Tangrowth|60\/100|[from] Stealth Rock\n|move|p1a: OCELOOOTTT!!|Gravity|p1a: OCELOOOTTT!!\n|-fieldstart|move: Gravity\n|\n|upkeep\n|turn|37\n|c| Pinecoishot|Baloon erup does yh\n|\n|t:|1656653201\n|move|p1a: OCELOOOTTT!!|U-turn|p2a: Tangrowth\n|-supereffective|p2a: Tangrowth\n|-damage|p2a: Tangrowth|26\/100\n|\n|t:|1656653204\n|switch|p1a: STANDING HERE|Tangrowth, F|84\/100 tox|[from]move: U-turn\n|-damage|p1a: STANDING HERE|68\/100 tox|[from] Spikes\n|move|p2a: Tangrowth|Knock Off|p1a: STANDING HERE\n|-damage|p1a: STANDING HERE|59\/100 tox\n|\n|-damage|p1a: STANDING HERE|53\/100 tox|[from] psn\n|upkeep\n|turn|38\n|\n|t:|1656653212\n|switch|p2a: Blissey|Blissey, F|100\/100\n|-damage|p2a: Blissey|88\/100|[from] Stealth Rock\n|move|p1a: STANDING HERE|Knock Off|p2a: Blissey\n|-damage|p2a: Blissey|76\/100\n|\n|-damage|p1a: STANDING HERE|41\/100 tox|[from] psn\n|upkeep\n|turn|39\n|\n|t:|1656653219\n|move|p1a: STANDING HERE|Sleep Powder|p2a: Blissey\n|-status|p2a: Blissey|slp|[from] move: Sleep Powder\n|cant|p2a: Blissey|slp\n|\n|-damage|p1a: STANDING HERE|22\/100 tox|[from] psn\n|upkeep\n|turn|40\n|\n|t:|1656653221\n|switch|p1a: SANDSTREAM SAM|Excadrill, F|59\/100\n|-damage|p1a: SANDSTREAM SAM|42\/100|[from] Spikes\n|-curestatus|p2a: Blissey|slp|[msg]\n|move|p2a: Blissey|Stealth Rock|p1a: SANDSTREAM SAM\n|-sidestart|p1: OUTW Geomancy|move: Stealth Rock\n|\n|-heal|p1a: SANDSTREAM SAM|48\/100|[from] item: Leftovers\n|-fieldend|move: Gravity\n|upkeep\n|turn|41\n|\n|t:|1656653224\n|switch|p2a: Skarmory|Skarmory, F|95\/100\n|-damage|p2a: Skarmory|83\/100|[from] Stealth Rock\n|move|p1a: SANDSTREAM SAM|Rapid Spin|p2a: Skarmory\n|-resisted|p2a: Skarmory\n|-damage|p2a: Skarmory|77\/100\n|-boost|p1a: SANDSTREAM SAM|spe|1\n|-damage|p1a: SANDSTREAM SAM|32\/100|[from] item: Rocky Helmet|[of] p2a: Skarmory\n|-sideend|p1: OUTW Geomancy|Spikes|[from] move: Rapid Spin|[of] p1a: SANDSTREAM SAM\n|-sideend|p1: OUTW Geomancy|Stealth Rock|[from] move: Rapid Spin|[of] p1a: SANDSTREAM SAM\n|\n|-heal|p1a: SANDSTREAM SAM|38\/100|[from] item: Leftovers\n|upkeep\n|turn|42\n|\n|t:|1656653227\n|switch|p1a: Raiden|Zapdos|88\/100\n|move|p2a: Skarmory|Defog|p1a: Raiden\n|-unboost|p1a: Raiden|evasion|1\n|-sideend|p2: Skip The Drip|Stealth Rock|[from] move: Defog|[of] p2a: Skarmory\n|\n|upkeep\n|turn|43\n|l| venetian snares\n|l| mala\u2606huju\n|\n|t:|1656653233\n|switch|p2a: Quagsire|Quagsire, M, shiny|100\/100\n|move|p1a: Raiden|Hurricane|p2a: Quagsire\n|-damage|p2a: Quagsire|38\/100\n|\n|-heal|p2a: Quagsire|44\/100|[from] item: Leftovers\n|upkeep\n|turn|44\n|\n|t:|1656653238\n|switch|p2a: Blissey|Blissey, F|76\/100\n|move|p1a: Raiden|Hurricane|p2a: Blissey|[miss]\n|-miss|p1a: Raiden|p2a: Blissey\n|\n|upkeep\n|turn|45\n|c| Pinecoishot|That\u2019s spedef Quaq too\n|\n|t:|1656653243\n|switch|p1a: SANDSTREAM SAM|Excadrill, F|38\/100\n|move|p2a: Blissey|Stealth Rock|p1a: SANDSTREAM SAM\n|-sidestart|p1: OUTW Geomancy|move: Stealth Rock\n|\n|-heal|p1a: SANDSTREAM SAM|44\/100|[from] item: Leftovers\n|upkeep\n|turn|46\n|c| Pinecoishot|brazy\n|c|\u2606Skip The Drip|ye\n|c|\u2606Skip The Drip|thats the tech\n|c|\u2606Skip The Drip|lol\n|\n|t:|1656653252\n|switch|p2a: Skarmory|Skarmory, F|77\/100\n|move|p1a: SANDSTREAM SAM|Rapid Spin|p2a: Skarmory\n|-resisted|p2a: Skarmory\n|-damage|p2a: Skarmory|71\/100\n|-boost|p1a: SANDSTREAM SAM|spe|1\n|-damage|p1a: SANDSTREAM SAM|27\/100|[from] item: Rocky Helmet|[of] p2a: Skarmory\n|-sideend|p1: OUTW Geomancy|Stealth Rock|[from] move: Rapid Spin|[of] p1a: SANDSTREAM SAM\n|\n|-heal|p1a: SANDSTREAM SAM|33\/100|[from] item: Leftovers\n|upkeep\n|turn|47\n|\n|t:|1656653257\n|switch|p1a: Raiden|Zapdos|88\/100\n|switch|p2a: Blissey|Blissey, F|76\/100\n|\n|upkeep\n|turn|48\n|c| cyberacc|ok that is brazy lol\n|\n|t:|1656653262\n|move|p1a: Raiden|Hurricane|p2a: Blissey\n|-damage|p2a: Blissey|46\/100\n|move|p2a: Blissey|Stealth Rock|p1a: Raiden\n|-sidestart|p1: OUTW Geomancy|move: Stealth Rock\n|\n|upkeep\n|turn|49\n|l| Ka1xo\n|\n|t:|1656653265\n|switch|p1a: SANDSTREAM SAM|Excadrill, F|33\/100\n|-damage|p1a: SANDSTREAM SAM|30\/100|[from] Stealth Rock\n|move|p2a: Blissey|Soft-Boiled|p2a: Blissey\n|-heal|p2a: Blissey|96\/100\n|\n|-heal|p1a: SANDSTREAM SAM|37\/100|[from] item: Leftovers\n|upkeep\n|turn|50\n|\n|t:|1656653268\n|switch|p2a: Skarmory|Skarmory, F|71\/100\n|move|p1a: SANDSTREAM SAM|Earthquake|p2a: Skarmory\n|-immune|p2a: Skarmory\n|\n|-heal|p1a: SANDSTREAM SAM|43\/100|[from] item: Leftovers\n|upkeep\n|turn|51\n|\n|t:|1656653271\n|switch|p1a: OCELOOOTTT!!|Landorus-Therian, M|100\/100\n|-damage|p1a: OCELOOOTTT!!|88\/100|[from] Stealth Rock\n|-ability|p1a: OCELOOOTTT!!|Intimidate|boost\n|-unboost|p2a: Skarmory|atk|1\n|move|p2a: Skarmory|Roost|p2a: Skarmory\n|-heal|p2a: Skarmory|100\/100\n|-singleturn|p2a: Skarmory|move: Roost\n|\n|upkeep\n|turn|52\n|\n|t:|1656653274\n|switch|p2a: Tangrowth|Tangrowth, M|59\/100\n|move|p1a: OCELOOOTTT!!|Gravity|p1a: OCELOOOTTT!!\n|-fieldstart|move: Gravity\n|\n|upkeep\n|turn|53\n|\n|t:|1656653282\n|switch|p2a: Toxapex|Toxapex, M|100\/100\n|move|p1a: OCELOOOTTT!!|U-turn|p2a: Toxapex\n|-resisted|p2a: Toxapex\n|-damage|p2a: Toxapex|93\/100\n|c| cyberacc|although personally would see if gastrodon nails better?\n|\n|t:|1656653284\n|switch|p1a: SANDSTREAM SAM|Excadrill, F|43\/100|[from]move: U-turn\n|-damage|p1a: SANDSTREAM SAM|40\/100|[from] Stealth Rock\n|\n|-heal|p1a: SANDSTREAM SAM|46\/100|[from] item: Leftovers\n|upkeep\n|turn|54\n|\n|t:|1656653297\n|switch|p1a: STANDING HERE|Tangrowth, F|55\/100 tox\n|-damage|p1a: STANDING HERE|43\/100 tox|[from] Stealth Rock\n|switch|p2a: Skarmory|Skarmory, F|100\/100\n|\n|-damage|p1a: STANDING HERE|37\/100 tox|[from] psn\n|upkeep\n|turn|55\n|\n|t:|1656653305\n|switch|p2a: Toxapex|Toxapex, M|100\/100\n|move|p1a: STANDING HERE|Focus Blast|p2a: Toxapex\n|-resisted|p2a: Toxapex\n|-damage|p2a: Toxapex|89\/100\n|-unboost|p2a: Toxapex|spd|1\n|\n|-damage|p1a: STANDING HERE|24\/100 tox|[from] psn\n|upkeep\n|turn|56\n|\n|t:|1656653310\n|switch|p1a: I REALIZE|Toxapex, M|100\/100\n|-damage|p1a: I REALIZE|88\/100|[from] Stealth Rock\n|move|p2a: Toxapex|Knock Off|p1a: I REALIZE\n|-damage|p1a: I REALIZE|82\/100\n|\n|-fieldend|move: Gravity\n|upkeep\n|turn|57\n|\n|t:|1656653315\n|switch|p1a: SANDSTREAM SAM|Excadrill, F|46\/100\n|-damage|p1a: SANDSTREAM SAM|43\/100|[from] Stealth Rock\n|switch|p2a: Blissey|Blissey, F|96\/100\n|\n|-heal|p1a: SANDSTREAM SAM|49\/100|[from] item: Leftovers\n|upkeep\n|turn|58\n|\n|t:|1656653321\n|switch|p2a: Skarmory|Skarmory, F|100\/100\n|move|p1a: SANDSTREAM SAM|Swords Dance|p1a: SANDSTREAM SAM\n|-boost|p1a: SANDSTREAM SAM|atk|2\n|\n|-heal|p1a: SANDSTREAM SAM|55\/100|[from] item: Leftovers\n|upkeep\n|turn|59\n|\n|t:|1656653324\n|switch|p1a: STANDING HERE|Tangrowth, F|57\/100 tox\n|-damage|p1a: STANDING HERE|45\/100 tox|[from] Stealth Rock\n|move|p2a: Skarmory|Spikes|p1a: STANDING HERE\n|-sidestart|p1: OUTW Geomancy|Spikes\n|\n|-damage|p1a: STANDING HERE|39\/100 tox|[from] psn\n|upkeep\n|turn|60\n|\n|t:|1656653328\n|switch|p1a: SANDSTREAM SAM|Excadrill, F|55\/100\n|-damage|p1a: SANDSTREAM SAM|52\/100|[from] Stealth Rock\n|-damage|p1a: SANDSTREAM SAM|39\/100|[from] Spikes\n|move|p2a: Skarmory|Body Press|p1a: SANDSTREAM SAM\n|-supereffective|p1a: SANDSTREAM SAM\n|-damage|p1a: SANDSTREAM SAM|0 fnt\n|faint|p1a: SANDSTREAM SAM\n|\n|upkeep\n|c|\u2606OUTW Geomancy|shit\n|\n|t:|1656653336\n|switch|p1a: Raiden|Zapdos|88\/100\n|-damage|p1a: Raiden|63\/100|[from] Stealth Rock\n|turn|61\n|\n|t:|1656653341\n|switch|p2a: Blissey|Blissey, F|96\/100\n|move|p1a: Raiden|Volt Switch|p2a: Blissey\n|-damage|p2a: Blissey|76\/100\n|\n|t:|1656653343\n|switch|p1a: SUNDOWNER|Tyranitar, M|100\/100|[from]move: Volt Switch\n|-damage|p1a: SUNDOWNER|88\/100|[from] Stealth Rock\n|-damage|p1a: SUNDOWNER|76\/100|[from] Spikes\n|-weather|Sandstorm|[from] ability: Sand Stream|[of] p1a: SUNDOWNER\n|\n|-weather|Sandstorm|[upkeep]\n|-damage|p2a: Blissey|70\/100|[from] Sandstorm\n|upkeep\n|turn|62\n|\n|t:|1656653347\n|switch|p2a: Toxapex|Toxapex, M|100\/100\n|move|p1a: SUNDOWNER|Stone Edge|p2a: Toxapex\n|-damage|p2a: Toxapex|51\/100\n|\n|-weather|Sandstorm|[upkeep]\n|-damage|p2a: Toxapex|45\/100|[from] Sandstorm\n|upkeep\n|turn|63\n|\n|t:|1656653351\n|move|p2a: Toxapex|Baneful Bunker|p2a: Toxapex\n|-singleturn|p2a: Toxapex|move: Protect\n|move|p1a: SUNDOWNER|Stone Edge|p2a: Toxapex\n|-activate|p2a: Toxapex|move: Protect\n|\n|-weather|Sandstorm|[upkeep]\n|-damage|p2a: Toxapex|38\/100|[from] Sandstorm\n|upkeep\n|turn|64\n|\n|t:|1656653355\n|switch|p2a: Xatu|Xatu, F|43\/100\n|move|p1a: SUNDOWNER|Stone Edge|p2a: Xatu\n|-supereffective|p2a: Xatu\n|-damage|p2a: Xatu|0 fnt\n|faint|p2a: Xatu\n|\n|-weather|Sandstorm|[upkeep]\n|upkeep\n|\n|t:|1656653362\n|switch|p2a: Toxapex|Toxapex, M|72\/100\n|turn|65\n|j| BeastBraedon\n|\n|t:|1656653379\n|switch|p1a: STANDING HERE|Tangrowth, F|72\/100 tox\n|-damage|p1a: STANDING HERE|60\/100 tox|[from] Stealth Rock\n|-damage|p1a: STANDING HERE|47\/100 tox|[from] Spikes\n|move|p2a: Toxapex|Recover|p2a: Toxapex\n|-heal|p2a: Toxapex|100\/100\n|\n|-weather|none\n|-damage|p1a: STANDING HERE|41\/100 tox|[from] psn\n|upkeep\n|turn|66\n|\n|t:|1656653390\n|switch|p2a: Blissey|Blissey, F|70\/100\n|move|p1a: STANDING HERE|Focus Blast|p2a: Blissey\n|-supereffective|p2a: Blissey\n|-damage|p2a: Blissey|46\/100\n|\n|-damage|p1a: STANDING HERE|29\/100 tox|[from] psn\n|upkeep\n|turn|67\n|\n|t:|1656653395\n|move|p1a: STANDING HERE|Sleep Powder|p2a: Blissey\n|-status|p2a: Blissey|slp|[from] move: Sleep Powder\n|cant|p2a: Blissey|slp\n|\n|-damage|p1a: STANDING HERE|10\/100 tox|[from] psn\n|upkeep\n|turn|68\n|c| cyberacc|it bashes the shit out of 2 defog but the random skarm is rough..\n|\n|t:|1656653399\n|switch|p1a: Raiden|Zapdos|63\/100\n|-damage|p1a: Raiden|38\/100|[from] Stealth Rock\n|-curestatus|p2a: Blissey|slp|[msg]\n|move|p2a: Blissey|Soft-Boiled|p2a: Blissey\n|-heal|p2a: Blissey|96\/100\n|\n|upkeep\n|turn|69\n|\n|t:|1656653406\n|move|p1a: Raiden|Volt Switch|p2a: Blissey\n|-damage|p2a: Blissey|77\/100\n|\n|t:|1656653408\n|switch|p1a: SUNDOWNER|Tyranitar, M|76\/100|[from]move: Volt Switch\n|-damage|p1a: SUNDOWNER|64\/100|[from] Stealth Rock\n|-damage|p1a: SUNDOWNER|51\/100|[from] Spikes\n|-weather|Sandstorm|[from] ability: Sand Stream|[of] p1a: SUNDOWNER\n|move|p2a: Blissey|Toxic|p1a: SUNDOWNER|[miss]\n|-miss|p2a: Blissey|p1a: SUNDOWNER\n|\n|-weather|Sandstorm|[upkeep]\n|-damage|p2a: Blissey|70\/100|[from] Sandstorm\n|upkeep\n|turn|70\n|c| cyberacc|although its skarm its like the anti stall curse\n|\n|t:|1656653416\n|switch|p2a: Toxapex|Toxapex, M|100\/100\n|move|p1a: SUNDOWNER|Stone Edge|p2a: Toxapex|[miss]\n|-miss|p1a: SUNDOWNER|p2a: Toxapex\n|\n|-weather|Sandstorm|[upkeep]\n|-damage|p2a: Toxapex|94\/100|[from] Sandstorm\n|upkeep\n|turn|71\n|\n|t:|1656653421\n|switch|p1a: I REALIZE|Toxapex, M|100\/100\n|-damage|p1a: I REALIZE|88\/100|[from] Stealth Rock\n|-damage|p1a: I REALIZE|76\/100|[from] Spikes\n|move|p2a: Toxapex|Knock Off|p1a: I REALIZE\n|-damage|p1a: I REALIZE|69\/100\n|\n|-weather|Sandstorm|[upkeep]\n|-damage|p1a: I REALIZE|64\/100|[from] Sandstorm\n|-damage|p2a: Toxapex|88\/100|[from] Sandstorm\n|upkeep\n|turn|72\n|\n|t:|1656653426\n|switch|p1a: OCELOOOTTT!!|Landorus-Therian, M|88\/100\n|-damage|p1a: OCELOOOTTT!!|76\/100|[from] Stealth Rock\n|-ability|p1a: OCELOOOTTT!!|Intimidate|boost\n|-unboost|p2a: Toxapex|atk|1\n|switch|p2a: Blissey|Blissey, F|70\/100\n|\n|-weather|Sandstorm|[upkeep]\n|-damage|p2a: Blissey|64\/100|[from] Sandstorm\n|upkeep\n|turn|73\n|\n|t:|1656653434\n|move|p1a: OCELOOOTTT!!|Stealth Rock|p2a: Blissey\n|-sidestart|p2: Skip The Drip|move: Stealth Rock\n|move|p2a: Blissey|Toxic|p1a: OCELOOOTTT!!\n|-status|p1a: OCELOOOTTT!!|tox\n|\n|-weather|none\n|-damage|p1a: OCELOOOTTT!!|70\/100 tox|[from] psn\n|upkeep\n|turn|74\n|\n|t:|1656653437\n|switch|p2a: Tangrowth|Tangrowth, M|92\/100\n|-damage|p2a: Tangrowth|80\/100|[from] Stealth Rock\n|move|p1a: OCELOOOTTT!!|Gravity|p1a: OCELOOOTTT!!\n|-fieldstart|move: Gravity\n|\n|-damage|p1a: OCELOOOTTT!!|58\/100 tox|[from] psn\n|upkeep\n|turn|75\n|\n|t:|1656653442\n|move|p1a: OCELOOOTTT!!|U-turn|p2a: Tangrowth\n|-supereffective|p2a: Tangrowth\n|-damage|p2a: Tangrowth|44\/100\n|\n|t:|1656653445\n|switch|p1a: I REALIZE|Toxapex, M|97\/100|[from]move: U-turn\n|-damage|p1a: I REALIZE|85\/100|[from] Stealth Rock\n|-damage|p1a: I REALIZE|72\/100|[from] Spikes\n|move|p2a: Tangrowth|Knock Off|p1a: I REALIZE\n|-damage|p1a: I REALIZE|62\/100\n|\n|upkeep\n|turn|76\n|\n|t:|1656653449\n|switch|p2a: Toxapex|Toxapex, M|100\/100\n|-damage|p2a: Toxapex|88\/100|[from] Stealth Rock\n|switch|p1a: OCELOOOTTT!!|Landorus-Therian, M|58\/100 tox\n|-damage|p1a: OCELOOOTTT!!|46\/100 tox|[from] Stealth Rock\n|-damage|p1a: OCELOOOTTT!!|34\/100 tox|[from] Spikes\n|-ability|p1a: OCELOOOTTT!!|Intimidate|boost\n|-unboost|p2a: Toxapex|atk|1\n|\n|-damage|p1a: OCELOOOTTT!!|28\/100 tox|[from] psn\n|upkeep\n|turn|77\n|\n|t:|1656653452\n|switch|p2a: Tangrowth|Tangrowth, M|77\/100\n|-damage|p2a: Tangrowth|65\/100|[from] Stealth Rock\n|move|p1a: OCELOOOTTT!!|Earthquake|p2a: Tangrowth\n|-resisted|p2a: Tangrowth\n|-damage|p2a: Tangrowth|42\/100\n|\n|-damage|p1a: OCELOOOTTT!!|16\/100 tox|[from] psn\n|upkeep\n|turn|78\n|\n|t:|1656653458\n|move|p1a: OCELOOOTTT!!|Earthquake|p2a: Tangrowth\n|-resisted|p2a: Tangrowth\n|-damage|p2a: Tangrowth|19\/100\n|move|p2a: Tangrowth|Knock Off|p1a: OCELOOOTTT!!\n|-damage|p1a: OCELOOOTTT!!|0 fnt\n|-enditem|p1a: OCELOOOTTT!!|Soft Sand|[from] move: Knock Off|[of] p2a: Tangrowth\n|faint|p1a: OCELOOOTTT!!\n|\n|-fieldend|move: Gravity\n|upkeep\n|\n|t:|1656653461\n|switch|p1a: SUNDOWNER|Tyranitar, M|51\/100\n|-damage|p1a: SUNDOWNER|39\/100|[from] Stealth Rock\n|-damage|p1a: SUNDOWNER|27\/100|[from] Spikes\n|-weather|Sandstorm|[from] ability: Sand Stream|[of] p1a: SUNDOWNER\n|turn|79\n|\n|t:|1656653487\n|move|p1a: SUNDOWNER|Stone Edge|p2a: Tangrowth\n|-damage|p2a: Tangrowth|0 fnt\n|faint|p2a: Tangrowth\n|\n|-weather|Sandstorm|[upkeep]\n|upkeep\n|j| WilliamSwift\n|l| WilliamSwift\n|\n|t:|1656653495\n|switch|p2a: Skarmory|Skarmory, F|100\/100\n|-damage|p2a: Skarmory|88\/100|[from] Stealth Rock\n|turn|80\n|\n|t:|1656653501\n|move|p1a: SUNDOWNER|Stone Edge|p2a: Skarmory\n|-damage|p2a: Skarmory|39\/100\n|move|p2a: Skarmory|Body Press|p1a: SUNDOWNER\n|-supereffective|p1a: SUNDOWNER\n|-damage|p1a: SUNDOWNER|0 fnt\n|faint|p1a: SUNDOWNER\n|\n|-weather|Sandstorm|[upkeep]\n|upkeep\n|\n|t:|1656653504\n|switch|p1a: Raiden|Zapdos|38\/100\n|-damage|p1a: Raiden|13\/100|[from] Stealth Rock\n|turn|81\n|\n|t:|1656653514\n|switch|p2a: Quagsire|Quagsire, M, shiny|44\/100\n|-damage|p2a: Quagsire|38\/100|[from] Stealth Rock\n|move|p1a: Raiden|Hurricane|p2a: Quagsire|[miss]\n|-miss|p1a: Raiden|p2a: Quagsire\n|\n|-weather|Sandstorm|[upkeep]\n|-damage|p1a: Raiden|7\/100|[from] Sandstorm\n|-heal|p2a: Quagsire|44\/100|[from] item: Leftovers\n|upkeep\n|turn|82\n|\n|t:|1656653517\n|move|p1a: Raiden|Hurricane|p2a: Quagsire\n|-damage|p2a: Quagsire|0 fnt\n|faint|p2a: Quagsire\n|\n|-weather|Sandstorm|[upkeep]\n|-damage|p1a: Raiden|1\/100|[from] Sandstorm\n|upkeep\n|\n|t:|1656653519\n|switch|p2a: Blissey|Blissey, F|64\/100\n|-damage|p2a: Blissey|52\/100|[from] Stealth Rock\n|turn|83\n|\n|t:|1656653521\n|move|p1a: Raiden|Hurricane|p2a: Blissey\n|-damage|p2a: Blissey|19\/100\n|move|p2a: Blissey|Soft-Boiled|p2a: Blissey\n|-heal|p2a: Blissey|69\/100\n|\n|-weather|none\n|upkeep\n|turn|84\n|\n|t:|1656653525\n|move|p1a: Raiden|Hurricane|p2a: Blissey|[miss]\n|-miss|p1a: Raiden|p2a: Blissey\n|move|p2a: Blissey|Soft-Boiled|p2a: Blissey\n|-heal|p2a: Blissey|100\/100\n|\n|upkeep\n|turn|85\n|\n|t:|1656653526\n|move|p1a: Raiden|Hurricane|p2a: Blissey|[miss]\n|-miss|p1a: Raiden|p2a: Blissey\n|move|p2a: Blissey|Toxic|p1a: Raiden\n|-status|p1a: Raiden|tox\n|\n|-damage|p1a: Raiden|0 fnt|[from] psn\n|faint|p1a: Raiden\n|upkeep\n|\n|t:|1656653528\n|switch|p1a: STANDING HERE|Tangrowth, F|43\/100 tox\n|-damage|p1a: STANDING HERE|31\/100 tox|[from] Stealth Rock\n|-damage|p1a: STANDING HERE|19\/100 tox|[from] Spikes\n|turn|86\n|\n|t:|1656653534\n|switch|p2a: Toxapex|Toxapex, M|100\/100\n|-damage|p2a: Toxapex|88\/100|[from] Stealth Rock\n|move|p1a: STANDING HERE|Sleep Powder|p2a: Toxapex|[miss]\n|-miss|p1a: STANDING HERE|p2a: Toxapex\n|\n|-damage|p1a: STANDING HERE|12\/100 tox|[from] psn\n|upkeep\n|turn|87\n|c|\u2606OUTW Geomancy|gg I'll take that L\n|-message|OUTW Geomancy forfeited.\n|\n|win|Skip The Drip\n|l|\u2606OUTW Geomancy\n|c| cyberacc|wp both\n|l| innovamania\n|l|\u2606Skip The Drip\n|l| VivaHonduras\n","uploadtime":1656653562,"views":19,"p1id":"outwgeomancy","p2id":"skipthedrip","formatid":"gen8ou","rating":0,"private":0,"password":null}