{"id":"gen8cap-1685934986","p1":"Shandeur","p2":"MinecraftUprising","format":"gen8cap","log":"|j|\u2606Shandeur\n|j|\u2606MinecraftUprising\n|t:|1665782976\n|gametype|singles\n|player|p1|Shandeur|psychic-gen2|1193\n|player|p2|MinecraftUprising|smasher|1224\n|teamsize|p1|6\n|teamsize|p2|6\n|gen|8\n|tier|[Gen 8] CAP\n|rated|\n|rule|Sleep Clause Mod: Limit one foe put to sleep\n|rule|Species Clause: Limit one of each Pok\u00e9mon\n|rule|OHKO Clause: OHKO moves are banned\n|rule|Evasion Items Clause: Evasion items are banned\n|rule|Evasion Moves Clause: Evasion moves are banned\n|rule|Endless Battle Clause: Forcing endless battles is banned\n|rule|HP Percentage Mod: HP is shown in percentages\n|rule|Dynamax Clause: You cannot dynamax\n|clearpoke\n|poke|p1|Smokomodo, M|\n|poke|p1|Equilibra|\n|poke|p1|Arghonaut, M|\n|poke|p1|Tapu Koko|\n|poke|p1|Tornadus-Therian, M|\n|poke|p1|Tyranitar, M|\n|poke|p2|Necturna, F|\n|poke|p2|Hawlucha, F|\n|poke|p2|Landorus-Therian, M|\n|poke|p2|Moltres-Galar|\n|poke|p2|Tapu Koko|\n|poke|p2|Cawmodore, M|\n|teampreview\n|inactive|Battle timer is ON: inactive players will automatically lose when time's up. (requested by MinecraftUprising)\n|\n|t:|1665782987\n|start\n|switch|p1a: Tornadus|Tornadus-Therian, M|100\/100\n|switch|p2a: Tapu Koko|Tapu Koko|100\/100\n|-fieldstart|move: Electric Terrain|[from] ability: Electric Surge|[of] p2a: Tapu Koko\n|turn|1\n|\n|t:|1665782992\n|move|p2a: Tapu Koko|Light Screen|p2a: Tapu Koko\n|-sidestart|p2: MinecraftUprising|move: Light Screen\n|move|p1a: Tornadus|Knock Off|p2a: Tapu Koko\n|-resisted|p2a: Tapu Koko\n|-damage|p2a: Tapu Koko|90\/100\n|-enditem|p2a: Tapu Koko|Light Clay|[from] move: Knock Off|[of] p1a: Tornadus\n|\n|upkeep\n|turn|2\n|\n|t:|1665782995\n|move|p2a: Tapu Koko|U-turn|p1a: Tornadus\n|-resisted|p1a: Tornadus\n|-damage|p1a: Tornadus|90\/100\n|\n|t:|1665783002\n|switch|p2a: Cawmodore|Cawmodore, M|100\/100|[from]move: U-turn\n|move|p1a: Tornadus|Defog|p2a: Cawmodore\n|-unboost|p2a: Cawmodore|evasion|1\n|-sideend|p2: MinecraftUprising|move: Light Screen\n|-fieldend|move: Electric Terrain\n|\n|upkeep\n|turn|3\n|\n|t:|1665783006\n|move|p1a: Tornadus|U-turn|p2a: Cawmodore\n|-resisted|p2a: Cawmodore\n|-damage|p2a: Cawmodore|97\/100\n|\n|t:|1665783008\n|switch|p1a: Smokomodo|Smokomodo, M|100\/100|[from]move: U-turn\n|move|p2a: Cawmodore|Belly Drum|p2a: Cawmodore\n|-damage|p2a: Cawmodore|47\/100\n|-setboost|p2a: Cawmodore|atk|6|[from] move: Belly Drum\n|-enditem|p2a: Cawmodore|Sitrus Berry|[eat]\n|-heal|p2a: Cawmodore|72\/100|[from] item: Sitrus Berry\n|\n|upkeep\n|turn|4\n|\n|t:|1665783012\n|move|p1a: Smokomodo|Flare Blitz|p2a: Cawmodore\n|-supereffective|p2a: Cawmodore\n|-damage|p2a: Cawmodore|0 fnt\n|faint|p2a: Cawmodore\n|-damage|p1a: Smokomodo|83\/100|[from] Recoil\n|\n|upkeep\n|\n|t:|1665783016\n|switch|p2a: Landorus|Landorus-Therian, M|100\/100\n|-ability|p2a: Landorus|Intimidate|boost\n|-unboost|p1a: Smokomodo|atk|1\n|turn|5\n|\n|t:|1665783022\n|switch|p1a: Tornadus|Tornadus-Therian, M|100\/100\n|move|p2a: Landorus|Swords Dance|p2a: Landorus\n|-boost|p2a: Landorus|atk|2\n|\n|upkeep\n|turn|6\n|\n|t:|1665783026\n|move|p1a: Tornadus|U-turn|p2a: Landorus\n|-resisted|p2a: Landorus\n|-damage|p2a: Landorus|93\/100\n|\n|t:|1665783027\n|switch|p1a: Tyranitar|Tyranitar, M|100\/100|[from]move: U-turn\n|-weather|Sandstorm|[from] ability: Sand Stream|[of] p1a: Tyranitar\n|move|p2a: Landorus|Stealth Rock|p1a: Tyranitar\n|-sidestart|p1: Shandeur|move: Stealth Rock\n|\n|-weather|Sandstorm|[upkeep]\n|upkeep\n|turn|7\n|\n|t:|1665783034\n|switch|p1a: Arghonaut|Arghonaut, M|100\/100\n|-damage|p1a: Arghonaut|94\/100|[from] Stealth Rock\n|move|p2a: Landorus|Earthquake|p1a: Arghonaut\n|-damage|p1a: Arghonaut|59\/100\n|\n|-weather|Sandstorm|[upkeep]\n|-damage|p1a: Arghonaut|53\/100|[from] Sandstorm\n|-heal|p1a: Arghonaut|59\/100|[from] item: Leftovers\n|upkeep\n|turn|8\n|\n|t:|1665783043\n|switch|p1a: Equilibra|Equilibra|100\/100\n|-damage|p1a: Equilibra|98\/100|[from] Stealth Rock\n|move|p2a: Landorus|Earthquake|p1a: Equilibra\n|-supereffective|p1a: Equilibra\n|-damage|p1a: Equilibra|0 fnt\n|faint|p1a: Equilibra\n|\n|-weather|Sandstorm|[upkeep]\n|upkeep\n|\n|t:|1665783051\n|switch|p1a: Tornadus|Tornadus-Therian, M|100\/100\n|turn|9\n|\n|t:|1665783055\n|move|p1a: Tornadus|Defog|p2a: Landorus\n|-unboost|p2a: Landorus|evasion|1\n|-sideend|p1: Shandeur|Stealth Rock|[from] move: Defog|[of] p1a: Tornadus\n|move|p2a: Landorus|Stealth Rock|p1a: Tornadus\n|-sidestart|p1: Shandeur|move: Stealth Rock\n|\n|-weather|Sandstorm|[upkeep]\n|-damage|p1a: Tornadus|94\/100|[from] Sandstorm\n|upkeep\n|turn|10\n|\n|t:|1665783059\n|move|p1a: Tornadus|Defog|p2a: Landorus\n|-unboost|p2a: Landorus|evasion|1\n|-sideend|p1: Shandeur|Stealth Rock|[from] move: Defog|[of] p1a: Tornadus\n|move|p2a: Landorus|Earthquake|p1a: Tornadus\n|-immune|p1a: Tornadus\n|\n|-weather|none\n|upkeep\n|turn|11\n|\n|t:|1665783063\n|move|p1a: Tornadus|Hurricane|p2a: Landorus\n|-damage|p2a: Landorus|43\/100\n|move|p2a: Landorus|Earthquake|p1a: Tornadus\n|-immune|p1a: Tornadus\n|\n|upkeep\n|turn|12\n|\n|t:|1665783068\n|switch|p2a: Tapu Koko|Tapu Koko|90\/100\n|-fieldstart|move: Electric Terrain|[from] ability: Electric Surge|[of] p2a: Tapu Koko\n|move|p1a: Tornadus|Hurricane|p2a: Tapu Koko\n|-resisted|p2a: Tapu Koko\n|-damage|p2a: Tapu Koko|64\/100\n|-start|p2a: Tapu Koko|confusion\n|\n|upkeep\n|turn|13\n|\n|t:|1665783073\n|-activate|p2a: Tapu Koko|confusion\n|move|p2a: Tapu Koko|Reflect|p2a: Tapu Koko\n|-sidestart|p2: MinecraftUprising|Reflect\n|move|p1a: Tornadus|U-turn|p2a: Tapu Koko\n|-resisted|p2a: Tapu Koko\n|-damage|p2a: Tapu Koko|60\/100\n|\n|t:|1665783082\n|switch|p1a: Tapu Koko|Tapu Koko|100\/100|[from]move: U-turn\n|\n|upkeep\n|turn|14\n|\n|t:|1665783088\n|move|p1a: Tapu Koko|Dazzling Gleam|p2a: Tapu Koko\n|-damage|p2a: Tapu Koko|15\/100\n|-activate|p2a: Tapu Koko|confusion\n|-damage|p2a: Tapu Koko|4\/100|[from] confusion\n|\n|upkeep\n|turn|15\n|\n|t:|1665783092\n|move|p1a: Tapu Koko|U-turn|p2a: Tapu Koko\n|-resisted|p2a: Tapu Koko\n|-damage|p2a: Tapu Koko|0 fnt\n|faint|p2a: Tapu Koko\n|\n|t:|1665783095\n|switch|p1a: Tornadus|Tornadus-Therian, M|100\/100|[from]move: U-turn\n|\n|upkeep\n|\n|t:|1665783109\n|switch|p2a: Moltres|Moltres-Galar|100\/100\n|turn|16\n|\n|t:|1665783111\n|move|p1a: Tornadus|U-turn|p2a: Moltres\n|-damage|p2a: Moltres|92\/100\n|\n|t:|1665783113\n|switch|p1a: Tapu Koko|Tapu Koko|100\/100|[from]move: U-turn\n|move|p2a: Moltres|Agility|p2a: Moltres\n|-boost|p2a: Moltres|spe|2\n|\n|-fieldend|move: Electric Terrain\n|upkeep\n|turn|17\n|\n|t:|1665783116\n|move|p2a: Moltres|Nasty Plot|p2a: Moltres\n|-boost|p2a: Moltres|spa|2\n|move|p1a: Tapu Koko|Thunderbolt|p2a: Moltres\n|-supereffective|p2a: Moltres\n|-damage|p2a: Moltres|27\/100\n|-enditem|p2a: Moltres|Weakness Policy\n|-boost|p2a: Moltres|atk|2|[from] item: Weakness Policy\n|-boost|p2a: Moltres|spa|2|[from] item: Weakness Policy\n|-ability|p2a: Moltres|Berserk|boost\n|-boost|p2a: Moltres|spa|1\n|\n|-sideend|p2: MinecraftUprising|Reflect\n|upkeep\n|turn|18\n|\n|t:|1665783123\n|move|p2a: Moltres|Hurricane|p1a: Tapu Koko\n|-resisted|p1a: Tapu Koko\n|-damage|p1a: Tapu Koko|0 fnt\n|faint|p1a: Tapu Koko\n|\n|upkeep\n|\n|t:|1665783125\n|switch|p1a: Tyranitar|Tyranitar, M|100\/100\n|-weather|Sandstorm|[from] ability: Sand Stream|[of] p1a: Tyranitar\n|turn|19\n|\n|t:|1665783128\n|move|p2a: Moltres|Fiery Wrath|p1a: Tyranitar\n|-resisted|p1a: Tyranitar\n|-damage|p1a: Tyranitar|54\/100\n|move|p1a: Tyranitar|Ice Punch|p2a: Moltres\n|-supereffective|p2a: Moltres\n|-damage|p2a: Moltres|0 fnt\n|faint|p2a: Moltres\n|\n|-weather|Sandstorm|[upkeep]\n|upkeep\n|\n|t:|1665783131\n|switch|p2a: Landorus|Landorus-Therian, M|43\/100\n|-ability|p2a: Landorus|Intimidate|boost\n|-unboost|p1a: Tyranitar|atk|1\n|turn|20\n|\n|t:|1665783132\n|move|p2a: Landorus|Explosion|p1a: Tyranitar\n|-resisted|p1a: Tyranitar\n|-crit|p1a: Tyranitar\n|-damage|p1a: Tyranitar|0 fnt\n|faint|p2a: Landorus\n|faint|p1a: Tyranitar\n|\n|-weather|Sandstorm|[upkeep]\n|upkeep\n|\n|t:|1665783138\n|switch|p2a: Necturna|Necturna, F|100\/100\n|switch|p1a: Tornadus|Tornadus-Therian, M|100\/100\n|-activate|p2a: Necturna|ability: Forewarn|Hurricane|[of] p1a: Tornadus\n|turn|21\n|\n|t:|1665783141\n|move|p1a: Tornadus|Knock Off|p2a: Necturna\n|-supereffective|p2a: Necturna\n|-damage|p2a: Necturna|52\/100\n|-enditem|p2a: Necturna|Power Herb|[from] move: Knock Off|[of] p1a: Tornadus\n|move|p2a: Necturna|Geomancy||[still]\n|-prepare|p2a: Necturna|Geomancy\n|\n|-weather|Sandstorm|[upkeep]\n|-damage|p1a: Tornadus|94\/100|[from] Sandstorm\n|-damage|p2a: Necturna|46\/100|[from] Sandstorm\n|upkeep\n|turn|22\n|\n|t:|1665783146\n|move|p1a: Tornadus|Hurricane|p2a: Necturna|[miss]\n|-miss|p1a: Tornadus|p2a: Necturna\n|move|p2a: Necturna|Geomancy|p2a: Necturna|[from]lockedmove\n|-boost|p2a: Necturna|spa|2\n|-boost|p2a: Necturna|spd|2\n|-boost|p2a: Necturna|spe|2\n|\n|-weather|Sandstorm|[upkeep]\n|-damage|p2a: Necturna|40\/100|[from] Sandstorm\n|-damage|p1a: Tornadus|88\/100|[from] Sandstorm\n|upkeep\n|turn|23\n|\n|t:|1665783150\n|move|p2a: Necturna|Substitute|p2a: Necturna\n|-start|p2a: Necturna|Substitute\n|-damage|p2a: Necturna|15\/100\n|move|p1a: Tornadus|Hurricane|p2a: Necturna\n|-supereffective|p2a: Necturna\n|-end|p2a: Necturna|Substitute\n|\n|-weather|none\n|upkeep\n|turn|24\n|\n|t:|1665783152\n|move|p2a: Necturna|Shadow Ball|p1a: Tornadus\n|-damage|p1a: Tornadus|15\/100\n|move|p1a: Tornadus|Knock Off|p2a: Necturna\n|-supereffective|p2a: Necturna\n|-damage|p2a: Necturna|0 fnt\n|faint|p2a: Necturna\n|\n|upkeep\n|\n|t:|1665783154\n|switch|p2a: Hawlucha|Hawlucha, F|100\/100\n|turn|25\n|\n|t:|1665783157\n|move|p1a: Tornadus|Hurricane|p2a: Hawlucha|[miss]\n|-miss|p1a: Tornadus|p2a: Hawlucha\n|move|p2a: Hawlucha|Substitute|p2a: Hawlucha\n|-start|p2a: Hawlucha|Substitute\n|-damage|p2a: Hawlucha|76\/100\n|\n|upkeep\n|turn|26\n|\n|t:|1665783161\n|move|p1a: Tornadus|Hurricane|p2a: Hawlucha\n|-supereffective|p2a: Hawlucha\n|-end|p2a: Hawlucha|Substitute\n|move|p2a: Hawlucha|Acrobatics|p1a: Tornadus\n|-damage|p1a: Tornadus|0 fnt\n|faint|p1a: Tornadus\n|\n|upkeep\n|\n|t:|1665783162\n|switch|p1a: Smokomodo|Smokomodo, M|83\/100\n|turn|27\n|\n|t:|1665783164\n|move|p1a: Smokomodo|Flare Blitz|p2a: Hawlucha\n|-damage|p2a: Hawlucha|0 fnt\n|faint|p2a: Hawlucha\n|-damage|p1a: Smokomodo|59\/100|[from] Recoil\n|\n|win|Shandeur\n|raw|Shandeur's rating: 1193 &rarr; <strong>1220<\/strong><br \/>(+27 for winning)\n|raw|MinecraftUprising's rating: 1224 &rarr; <strong>1197<\/strong><br \/>(-27 for losing)\n","uploadtime":1665783179,"views":6,"p1id":"shandeur","p2id":"minecraftuprising","formatid":"gen8cap","rating":1197,"private":0,"password":null}