{"id":"gen8nationaldexag-1085464153","p1":"yhdrslb","p2":"Thebestneverrest20","format":"gen8nationaldexag","log":"|j|\u2606yhdrslb\n|j|\u2606Thebestneverrest20\n|player|p1|yhdrslb|30|1452\n|player|p2|Thebestneverrest20|169|1188\n|teamsize|p1|6\n|teamsize|p2|6\n|gametype|singles\n|gen|8\n|tier|[Gen 8] National Dex AG\n|rated|\n|clearpoke\n|poke|p1|Espeon, M|\n|poke|p1|Whimsicott, M|\n|poke|p1|Lugia|\n|poke|p1|Smeargle, M|\n|poke|p1|Rayquaza|\n|poke|p1|Giratina|\n|poke|p2|Eevee, M|\n|poke|p2|Espeon, M|\n|poke|p2|Sylveon, M|\n|poke|p2|Flareon, F|\n|poke|p2|Leafeon, M|\n|poke|p2|Ditto|\n|rule|HP Percentage Mod: HP is shown in percentages\n|rule|Endless Battle Clause: Forcing endless battles is banned\n|teampreview\n|j| pear_tart\n|c|\u2606Thebestneverrest20|Hi\n|inactive|Battle timer is ON: inactive players will automatically lose when time's up. (requested by yhdrslb)\n|\n|start\n|switch|p1a: Lugia|Lugia|100\/100\n|switch|p2a: Espeon|Espeon, M|100\/100\n|turn|1\n|c|\u2606yhdrslb|hi\n|\n|switch|p1a: Espeon|Espeon, M|100\/100\n|move|p2a: Espeon|Yawn|p1a: Espeon\n|move|p1a: Espeon|Yawn|p2a: Espeon|[from]Magic Bounce\n|-start|p2a: Espeon|move: Yawn|[of] p1a: Espeon\n|\n|upkeep\n|turn|2\n|c| pear_tart|hi\n|c| pear_tart|oof\n|\n|switch|p1a: Smeargle|Smeargle, M|100\/100\n|switch|p2a: Eevee|Eevee, M|100\/100\n|\n|-ability|p1a: Smeargle|Moody|boost\n|-boost|p1a: Smeargle|spe|2\n|-unboost|p1a: Smeargle|spd|1\n|upkeep\n|turn|3\n|c| pear_tart|it would be funny is magic bounce could magic bounce magic bounce\n|\n|switch|p1a: Lugia|Lugia|100\/100\n|switch|p2a: Espeon|Espeon, M|100\/100\n|\n|upkeep\n|turn|4\n|\n|switch|p1a: Espeon|Espeon, M|100\/100\n|move|p2a: Espeon|Double Team|p2a: Espeon\n|-boost|p2a: Espeon|evasion|1\n|\n|upkeep\n|turn|5\n|\n|move|p1a: Espeon|Trick|p2a: Espeon\n|-activate|p1a: Espeon|move: Trick|[of] p2a: Espeon\n|-item|p2a: Espeon|Choice Scarf|[from] move: Trick\n|-item|p1a: Espeon|Focus Sash|[from] move: Trick\n|move|p2a: Espeon|Substitute|p2a: Espeon\n|-start|p2a: Espeon|Substitute\n|-damage|p2a: Espeon|76\/100\n|\n|upkeep\n|turn|6\n|\n|switch|p2a: Eevee|Eevee, M|100\/100\n|move|p1a: Espeon|Toxic|p2a: Eevee\n|-status|p2a: Eevee|tox\n|\n|-damage|p2a: Eevee|94\/100 tox|[from] psn\n|upkeep\n|turn|7\n|\n|switch|p1a: Lugia|Lugia|100\/100\n|-zpower|p2a: Eevee\n|move|p2a: Eevee|Extreme Evoboost|p2a: Eevee\n|-boost|p2a: Eevee|atk|2\n|-boost|p2a: Eevee|def|2\n|-boost|p2a: Eevee|spa|2\n|-boost|p2a: Eevee|spd|2\n|-boost|p2a: Eevee|spe|2\n|\n|-damage|p2a: Eevee|82\/100 tox|[from] psn\n|upkeep\n|turn|8\n|\n|move|p2a: Eevee|Baton Pass|p2a: Eevee\n|\n|switch|p2a: Espeon|Espeon, M|76\/100|[from]move: Baton Pass\n|move|p1a: Lugia|Whirlwind|p2a: Espeon\n|move|p2a: Espeon|Whirlwind|p1a: Lugia|[from]Magic Bounce\n|drag|p1a: Giratina|Giratina|100\/100\n|-ability|p1a: Giratina|Pressure\n|\n|upkeep\n|turn|9\n|c|\u2606yhdrslb|bye bye\n|\n|move|p2a: Espeon|Baton Pass|p2a: Espeon\n|\n|switch|p2a: Sylveon|Sylveon, M|100\/100|[from]move: Baton Pass\n|move|p1a: Giratina|Dragon Tail|p2a: Sylveon\n|-immune|p2a: Sylveon\n|\n|upkeep\n|turn|10\n|\n|switch|p1a: Lugia|Lugia|100\/100\n|-start|p2a: Sylveon|Dynamax\n|-heal|p2a: Sylveon|100\/100|[silent]\n|move|p2a: Sylveon|Max Starfall|p1a: Lugia\n|-damage|p1a: Lugia|71\/100\n|-fieldstart|move: Misty Terrain\n|\n|-heal|p1a: Lugia|77\/100|[from] item: Leftovers\n|upkeep\n|turn|11\n|\n|move|p2a: Sylveon|Max Starfall|p1a: Lugia\n|-damage|p1a: Lugia|14\/100\n|move|p1a: Lugia|Roost|p1a: Lugia\n|-heal|p1a: Lugia|64\/100\n|-singleturn|p1a: Lugia|move: Roost\n|\n|-heal|p1a: Lugia|71\/100|[from] item: Leftovers\n|upkeep\n|turn|12\n|\n|-start|p1a: Lugia|Dynamax\n|-heal|p1a: Lugia|71\/100|[silent]\n|move|p1a: Lugia|Max Guard|p1a: Lugia\n|-singleturn|p1a: Lugia|Max Guard\n|move|p2a: Sylveon|Max Starfall|p1a: Lugia\n|-activate|p1a: Lugia|move: Max Guard\n|\n|-heal|p1a: Lugia|74\/100|[from] item: Leftovers\n|-end|p2a: Sylveon|Dynamax\n|-heal|p2a: Sylveon|100\/100|[silent]\n|upkeep\n|turn|13\n|\n|move|p1a: Lugia|Max Guard||[still]\n|-fail|p1a: Lugia\n|move|p2a: Sylveon|Yawn|p1a: Lugia\n|-start|p1a: Lugia|move: Yawn|[of] p2a: Sylveon\n|\n|-heal|p1a: Lugia|77\/100|[from] item: Leftovers\n|upkeep\n|turn|14\n|\n|-end|p1a: Lugia|Dynamax\n|-heal|p1a: Lugia|77\/100|[silent]\n|switch|p1a: Espeon|Espeon, M|100\/100\n|move|p2a: Sylveon|Baton Pass|p2a: Sylveon\n|\n|switch|p2a: Leafeon|Leafeon, M|100\/100|[from]move: Baton Pass\n|\n|-fieldend|Misty Terrain\n|upkeep\n|turn|15\n|\n|move|p2a: Leafeon|Knock Off|p1a: Espeon\n|-supereffective|p1a: Espeon\n|-enditem|p1a: Espeon|Focus Sash\n|-damage|p1a: Espeon|1\/100\n|move|p1a: Espeon|Reflect|p1a: Espeon\n|-sidestart|p1: yhdrslb|Reflect\n|\n|upkeep\n|turn|16\n|\n|move|p2a: Leafeon|Knock Off|p1a: Espeon\n|-supereffective|p1a: Espeon\n|-damage|p1a: Espeon|0 fnt\n|faint|p1a: Espeon\n|\n|upkeep\n|\n|switch|p1a: Rayquaza|Rayquaza|100\/100\n|-ability|p1a: Rayquaza|Air Lock\n|turn|17\n|c|\u2606Thebestneverrest20|Lol\n|\n|detailschange|p1a: Rayquaza|Rayquaza-Mega\n|-mega|p1a: Rayquaza|Rayquaza|\n|-weather|DeltaStream|[from] ability: Delta Stream|[of] p1a: Rayquaza\n|move|p2a: Leafeon|Substitute|p2a: Leafeon\n|-start|p2a: Leafeon|Substitute\n|-damage|p2a: Leafeon|75\/100\n|move|p1a: Rayquaza|Dragon Ascent|p2a: Leafeon\n|-supereffective|p2a: Leafeon\n|-end|p2a: Leafeon|Substitute\n|-unboost|p1a: Rayquaza|def|1\n|-unboost|p1a: Rayquaza|spd|1\n|-damage|p1a: Rayquaza|91\/100|[from] item: Life Orb\n|\n|-weather|DeltaStream|[upkeep]\n|upkeep\n|turn|18\n|\n|move|p2a: Leafeon|Substitute|p2a: Leafeon\n|-start|p2a: Leafeon|Substitute\n|-damage|p2a: Leafeon|50\/100\n|move|p1a: Rayquaza|Dragon Dance|p1a: Rayquaza\n|-boost|p1a: Rayquaza|atk|1\n|-boost|p1a: Rayquaza|spe|1\n|\n|-weather|DeltaStream|[upkeep]\n|upkeep\n|turn|19\n|c| pear_tart|lol\n|\n|move|p1a: Rayquaza|Extreme Speed|p2a: Leafeon\n|-end|p2a: Leafeon|Substitute\n|-damage|p1a: Rayquaza|81\/100|[from] item: Life Orb\n|move|p2a: Leafeon|Leech Seed|p1a: Rayquaza\n|-start|p1a: Rayquaza|move: Leech Seed\n|\n|-weather|DeltaStream|[upkeep]\n|-damage|p1a: Rayquaza|68\/100|[from] Leech Seed|[of] p2a: Leafeon\n|-heal|p2a: Leafeon|63\/100|[silent]\n|-sideend|p1: yhdrslb|Reflect\n|upkeep\n|turn|20\n|\n|move|p2a: Leafeon|Substitute|p2a: Leafeon\n|-start|p2a: Leafeon|Substitute\n|-damage|p2a: Leafeon|38\/100\n|move|p1a: Rayquaza|Dragon Ascent|p2a: Leafeon\n|-supereffective|p2a: Leafeon\n|-crit|p2a: Leafeon\n|-end|p2a: Leafeon|Substitute\n|-unboost|p1a: Rayquaza|def|1\n|-unboost|p1a: Rayquaza|spd|1\n|-damage|p1a: Rayquaza|58\/100|[from] item: Life Orb\n|\n|-weather|DeltaStream|[upkeep]\n|-damage|p1a: Rayquaza|46\/100|[from] Leech Seed|[of] p2a: Leafeon\n|-heal|p2a: Leafeon|51\/100|[silent]\n|upkeep\n|turn|21\n|\n|move|p1a: Rayquaza|Extreme Speed|p2a: Leafeon\n|-damage|p2a: Leafeon|22\/100\n|-damage|p1a: Rayquaza|36\/100|[from] item: Life Orb\n|move|p2a: Leafeon|Substitute|p2a: Leafeon\n|-fail|p2a: Leafeon|move: Substitute|[weak]\n|\n|-weather|DeltaStream|[upkeep]\n|-damage|p1a: Rayquaza|24\/100|[from] Leech Seed|[of] p2a: Leafeon\n|-heal|p2a: Leafeon|35\/100|[silent]\n|upkeep\n|turn|22\n|\n|move|p1a: Rayquaza|Extreme Speed|p2a: Leafeon\n|-damage|p2a: Leafeon|7\/100\n|-damage|p1a: Rayquaza|14\/100|[from] item: Life Orb\n|move|p2a: Leafeon|Knock Off|p1a: Rayquaza\n|-damage|p1a: Rayquaza|0 fnt\n|-enditem|p1a: Rayquaza|Life Orb|[from] move: Knock Off|[of] p2a: Leafeon\n|faint|p1a: Rayquaza\n|-weather|none\n|\n|upkeep\n|c|\u2606Thebestneverrest20|Yes\n|\n|switch|p1a: Giratina|Giratina|100\/100\n|-ability|p1a: Giratina|Pressure\n|turn|23\n|c|\u2606Thebestneverrest20|Leafeon im glad you survived\n|\n|move|p2a: Leafeon|Baton Pass|p2a: Leafeon\n|\n|switch|p2a: Sylveon|Sylveon, M|100\/100|[from]move: Baton Pass\n|move|p1a: Giratina|Will-O-Wisp|p2a: Sylveon|[miss]\n|-miss|p1a: Giratina|p2a: Sylveon\n|\n|upkeep\n|turn|24\n|-message|yhdrslb forfeited.\n|\n|win|Thebestneverrest20\n|l|\u2606yhdrslb\n|raw|yhdrslb's rating: 1436 &rarr; <strong>1404<\/strong><br \/>(-32 for losing)\n|raw|Thebestneverrest20's rating: 1188 &rarr; <strong>1228<\/strong><br \/>(+40 for winning)\n|c|\u2606Thebestneverrest20|Lol\n|c|\u2606Thebestneverrest20|DAMN HE WAS HIG\n|c|\u2606Thebestneverrest20|HIGH UP\n|c| pear_tart|ouch\n|l|\u2606Thebestneverrest20\n|j| Thebestneverrest\n","uploadtime":1585192333,"views":3,"p1id":"yhdrslb","p2id":"thebestneverrest20","formatid":"gen8nationaldexag","rating":1228,"private":0,"password":null}