{"id":"gen8battlestadiumsingles-1078636654","p1":"FANSyjwb","p2":"PokeDa","format":"gen8battlestadiumsingles","log":"|j|\u2606FANSyjwb\n|j|\u2606PokeDa\n|player|p1|FANSyjwb|lucas|1388\n|player|p2|PokeDa|wallace|1208\n|teamsize|p1|6\n|teamsize|p2|6\n|gametype|singles\n|gen|8\n|tier|[Gen 8] Battle Stadium Singles\n|rated|\n|clearpoke\n|poke|p1|Dragapult, L50, M|\n|poke|p1|Lapras, L50, F|\n|poke|p1|Primarina, L50, F|\n|poke|p1|Mimikyu, L50, F|\n|poke|p1|Dracozolt, L50|\n|poke|p1|Corviknight, L50, F|\n|poke|p2|Clefable, L50, F|\n|poke|p2|Toxapex, L50, F|\n|poke|p2|Corsola-Galar, L50, M|\n|poke|p2|Corviknight, L50, F|\n|poke|p2|Hippowdon, L50, F|\n|poke|p2|Hatterene, L50, F|\n|rule|Species Clause: Limit one of each Pok\u00e9mon\n|rule|Item Clause: Limit one of each item\n|teampreview|3\n|\n|start\n|switch|p1a: Primarina|Primarina, L50, F|48\/48\n|switch|p2a: Clefable|Clefable, L50, F|48\/48\n|turn|1\n|\n|move|p1a: Primarina|Moonblast|p2a: Clefable\n|-damage|p2a: Clefable|24\/48g\n|move|p2a: Clefable|Cosmic Power|p2a: Clefable\n|-boost|p2a: Clefable|def|1\n|-boost|p2a: Clefable|spd|1\n|\n|-heal|p2a: Clefable|27\/48|[from] item: Leftovers\n|upkeep\n|turn|2\n|\n|move|p1a: Primarina|Moonblast|p2a: Clefable\n|-damage|p2a: Clefable|11\/48\n|move|p2a: Clefable|Wish|p2a: Clefable\n|\n|-heal|p2a: Clefable|14\/48|[from] item: Leftovers\n|upkeep\n|turn|3\n|\n|switch|p1a: Mimikyu|Mimikyu, L50, F|48\/48\n|move|p2a: Clefable|Protect||[still]\n|-fail|p2a: Clefable\n|\n|-heal|p2a: Clefable|38\/48|[from] move: Wish|[wisher] Clefable\n|-heal|p2a: Clefable|41\/48|[from] item: Leftovers\n|upkeep\n|turn|4\n|inactive|Battle timer is ON: inactive players will automatically lose when time's up. (requested by PokeDa)\n|\n|move|p2a: Clefable|Cosmic Power|p2a: Clefable\n|-boost|p2a: Clefable|def|1\n|-boost|p2a: Clefable|spd|1\n|move|p1a: Mimikyu|Trick Room|p1a: Mimikyu\n|-fieldstart|move: Trick Room|[of] p1a: Mimikyu\n|\n|-heal|p2a: Clefable|43\/48|[from] item: Leftovers\n|upkeep\n|turn|5\n|\n|move|p2a: Clefable|Cosmic Power|p2a: Clefable\n|-boost|p2a: Clefable|def|1\n|-boost|p2a: Clefable|spd|1\n|move|p1a: Mimikyu|Curse|p2a: Clefable\n|-start|p2a: Clefable|Curse|[of] p1a: Mimikyu\n|-damage|p1a: Mimikyu|24\/48g\n|\n|-heal|p2a: Clefable|46\/48|[from] item: Leftovers\n|-damage|p2a: Clefable|34\/48|[from] Curse\n|upkeep\n|turn|6\n|\n|switch|p1a: Primarina|Primarina, L50, F|48\/48\n|move|p2a: Clefable|Wish|p2a: Clefable\n|\n|-heal|p2a: Clefable|37\/48|[from] item: Leftovers\n|-damage|p2a: Clefable|25\/48|[from] Curse\n|upkeep\n|turn|7\n|\n|move|p2a: Clefable|Moonblast|p1a: Primarina\n|-damage|p1a: Primarina|32\/48\n|move|p1a: Primarina|Moonblast|p2a: Clefable\n|-damage|p2a: Clefable|16\/48\n|\n|-heal|p2a: Clefable|40\/48|[from] move: Wish|[wisher] Clefable\n|-heal|p2a: Clefable|43\/48|[from] item: Leftovers\n|-damage|p2a: Clefable|31\/48|[from] Curse\n|upkeep\n|turn|8\n|\n|move|p2a: Clefable|Wish|p2a: Clefable\n|move|p1a: Primarina|Moonblast|p2a: Clefable\n|-damage|p2a: Clefable|21\/48\n|\n|-heal|p2a: Clefable|24\/48g|[from] item: Leftovers\n|-damage|p2a: Clefable|12\/48|[from] Curse\n|-fieldend|move: Trick Room\n|upkeep\n|turn|9\n|\n|move|p2a: Clefable|Protect|p2a: Clefable\n|-singleturn|p2a: Clefable|Protect\n|move|p1a: Primarina|Moonblast|p2a: Clefable\n|-activate|p2a: Clefable|move: Protect\n|\n|-heal|p2a: Clefable|36\/48|[from] move: Wish|[wisher] Clefable\n|-heal|p2a: Clefable|39\/48|[from] item: Leftovers\n|-damage|p2a: Clefable|27\/48|[from] Curse\n|upkeep\n|turn|10\n|\n|move|p1a: Primarina|Moonblast|p2a: Clefable\n|-damage|p2a: Clefable|16\/48\n|move|p2a: Clefable|Wish|p2a: Clefable\n|\n|-heal|p2a: Clefable|19\/48|[from] item: Leftovers\n|-damage|p2a: Clefable|7\/48|[from] Curse\n|upkeep\n|turn|11\n|\n|move|p2a: Clefable|Protect|p2a: Clefable\n|-singleturn|p2a: Clefable|Protect\n|move|p1a: Primarina|Moonblast|p2a: Clefable\n|-activate|p2a: Clefable|move: Protect\n|\n|-heal|p2a: Clefable|31\/48|[from] move: Wish|[wisher] Clefable\n|-heal|p2a: Clefable|34\/48|[from] item: Leftovers\n|-damage|p2a: Clefable|22\/48|[from] Curse\n|upkeep\n|turn|12\n|\n|switch|p2a: Hatterene|Hatterene, L50, F|48\/48\n|move|p1a: Primarina|Energy Ball|p2a: Hatterene\n|-damage|p2a: Hatterene|35\/48\n|\n|upkeep\n|turn|13\n|\n|move|p1a: Primarina|Moonblast|p2a: Hatterene\n|-damage|p2a: Hatterene|18\/48\n|move|p2a: Hatterene|Psychic|p1a: Primarina\n|-damage|p1a: Primarina|1\/48\n|-unboost|p1a: Primarina|spd|1\n|\n|upkeep\n|turn|14\n|\n|move|p1a: Primarina|Moonblast|p2a: Hatterene\n|-damage|p2a: Hatterene|0 fnt\n|faint|p2a: Hatterene\n|\n|upkeep\n|\n|switch|p2a: Corviknight|Corviknight, L50, F|48\/48\n|turn|15\n|\n|move|p2a: Corviknight|Drill Peck|p1a: Primarina\n|-damage|p1a: Primarina|0 fnt\n|faint|p1a: Primarina\n|\n|upkeep\n|\n|switch|p1a: Mimikyu|Mimikyu, L50, F|24\/48g\n|turn|16\n|\n|move|p2a: Corviknight|Taunt|p1a: Mimikyu\n|-start|p1a: Mimikyu|move: Taunt\n|cant|p1a: Mimikyu|move: Taunt|Trick Room\n|\n|upkeep\n|turn|17\n|\n|switch|p1a: Lapras|Lapras, L50, F|48\/48\n|move|p2a: Corviknight|Bulk Up|p2a: Corviknight\n|-boost|p2a: Corviknight|atk|1\n|-boost|p2a: Corviknight|def|1\n|\n|upkeep\n|turn|18\n|\n|-start|p1a: Lapras|Dynamax\n|-formechange|p1a: Lapras|Lapras-Gmax\n|-heal|p1a: Lapras|48\/48|[silent]\n|move|p2a: Corviknight|Bulk Up|p2a: Corviknight\n|-boost|p2a: Corviknight|atk|1\n|-boost|p2a: Corviknight|def|1\n|move|p1a: Lapras|G-Max Resonance|p2a: Corviknight\n|-damage|p2a: Corviknight|20\/48\n|-sidestart|p1: FANSyjwb|move: Aurora Veil\n|\n|upkeep\n|turn|19\n|\n|move|p2a: Corviknight|Roost|p2a: Corviknight\n|-heal|p2a: Corviknight|44\/48\n|-singleturn|p2a: Corviknight|move: Roost\n|move|p1a: Lapras|Max Geyser|p2a: Corviknight\n|-damage|p2a: Corviknight|15\/48\n|-weather|RainDance\n|\n|-weather|RainDance|[upkeep]\n|upkeep\n|turn|20\n|\n|move|p2a: Corviknight|Roost|p2a: Corviknight\n|-heal|p2a: Corviknight|39\/48\n|-singleturn|p2a: Corviknight|move: Roost\n|move|p1a: Lapras|Max Geyser|p2a: Corviknight\n|-damage|p2a: Corviknight|1\/48\n|-enditem|p2a: Corviknight|Figy Berry|[eat]\n|-heal|p2a: Corviknight|15\/48|[from] item: Figy Berry\n|\n|-weather|RainDance|[upkeep]\n|-end|p1a: Lapras|Dynamax\n|-formechange|p1a: Lapras|Lapras\n|-heal|p1a: Lapras|48\/48|[silent]\n|upkeep\n|turn|21\n|\n|move|p2a: Corviknight|Roost|p2a: Corviknight\n|-heal|p2a: Corviknight|40\/48\n|-singleturn|p2a: Corviknight|move: Roost\n|move|p1a: Lapras|Sparkling Aria|p2a: Corviknight\n|-damage|p2a: Corviknight|14\/48\n|\n|-weather|RainDance|[upkeep]\n|upkeep\n|turn|22\n|\n|move|p2a: Corviknight|Roost|p2a: Corviknight\n|-heal|p2a: Corviknight|38\/48\n|-singleturn|p2a: Corviknight|move: Roost\n|move|p1a: Lapras|Sheer Cold|p2a: Corviknight|[miss]\n|-miss|p1a: Lapras|p2a: Corviknight\n|\n|-weather|RainDance|[upkeep]\n|-sideend|p1: FANSyjwb|move: Aurora Veil\n|upkeep\n|turn|23\n|\n|-start|p2a: Corviknight|Dynamax\n|-heal|p2a: Corviknight|38\/48|[silent]\n|move|p2a: Corviknight|Max Airstream|p1a: Lapras\n|-damage|p1a: Lapras|12\/48\n|-boost|p2a: Corviknight|spe|1\n|move|p1a: Lapras|Sheer Cold|p2a: Corviknight\n|-immune|p2a: Corviknight|[ohko]\n|\n|-weather|none\n|upkeep\n|turn|24\n|-message|FANSyjwb forfeited.\n|\n|win|PokeDa\n|l|\u2606FANSyjwb\n|raw|FANSyjwb's rating: 1388 &rarr; <strong>1359<\/strong><br \/>(-29 for losing)\n|raw|PokeDa's rating: 1208 &rarr; <strong>1245<\/strong><br \/>(+37 for winning)\n","uploadtime":1584146820,"views":10,"p1id":"fansyjwb","p2id":"pokeda","formatid":"gen8battlestadiumsingles","rating":1245,"private":0,"password":null}