{"id":"gen8ou-1232723775","p1":"Burnt Bright","p2":"KoNoMa","format":"gen8ou","log":"|j|\u2606Burnt Bright\n|j|\u2606KoNoMa\n|t:|1606516523\n|player|p1|Burnt Bright|parasollady-gen4|1836\n|player|p2|KoNoMa|170|1814\n|teamsize|p1|6\n|teamsize|p2|6\n|gametype|singles\n|gen|8\n|tier|[Gen 8] OU\n|rated|\n|clearpoke\n|poke|p1|Zeraora|\n|poke|p1|Tornadus-Therian, M|\n|poke|p1|Pelipper, M|\n|poke|p1|Seismitoad, M|\n|poke|p1|Ferrothorn, M|\n|poke|p1|Azumarill, M|\n|poke|p2|Tyranitar, M|\n|poke|p2|Clefable, M|\n|poke|p2|Toxapex, F|\n|poke|p2|Zapdos|\n|poke|p2|Spectrier|\n|poke|p2|Cinderace, M|\n|rule|Sleep Clause Mod: Limit one foe put to sleep\n|rule|Species Clause: Limit one of each Pok\u00e9mon\n|rule|OHKO Clause: OHKO moves are banned\n|rule|Evasion Moves Clause: Evasion moves are banned\n|rule|Endless Battle Clause: Forcing endless battles is banned\n|rule|HP Percentage Mod: HP is shown in percentages\n|rule|Dynamax Clause: You cannot dynamax\n|teampreview\n|\n|t:|1606516539\n|start\n|switch|p1a: Zeraora|Zeraora|100\/100\n|switch|p2a: Clefable|Clefable, M|100\/100\n|turn|1\n|\n|t:|1606516546\n|move|p1a: Zeraora|Volt Switch|p2a: Clefable\n|-damage|p2a: Clefable|78\/100\n|\n|t:|1606516551\n|switch|p1a: Ferrothorn|Ferrothorn, M|100\/100|[from]move: Volt Switch\n|move|p2a: Clefable|Stealth Rock|p1a: Ferrothorn\n|-sidestart|p1: Burnt Bright|move: Stealth Rock\n|\n|-heal|p2a: Clefable|84\/100|[from] item: Leftovers\n|upkeep\n|turn|2\n|j| phoenixfire555\n|\n|t:|1606516556\n|switch|p2a: Cinderace|Cinderace, M|100\/100\n|move|p1a: Ferrothorn|Stealth Rock|p2a: Cinderace\n|-sidestart|p2: KoNoMa|move: Stealth Rock\n|\n|upkeep\n|turn|3\n|\n|t:|1606516560\n|switch|p1a: Pelipper|Pelipper, M|100\/100\n|-damage|p1a: Pelipper|76\/100|[from] Stealth Rock\n|-weather|RainDance|[from] ability: Drizzle|[of] p1a: Pelipper\n|move|p2a: Cinderace|Gunk Shot|p1a: Pelipper\n|-start|p2a: Cinderace|typechange|Poison|[from] ability: Libero\n|-damage|p1a: Pelipper|35\/100\n|-status|p1a: Pelipper|psn\n|\n|-weather|RainDance|[upkeep]\n|-damage|p1a: Pelipper|23\/100 psn|[from] psn\n|upkeep\n|turn|4\n|\n|t:|1606516569\n|move|p2a: Cinderace|High Jump Kick|p1a: Pelipper\n|-start|p2a: Cinderace|typechange|Fighting|[from] ability: Libero\n|-resisted|p1a: Pelipper\n|-damage|p1a: Pelipper|0 fnt\n|faint|p1a: Pelipper\n|\n|-weather|RainDance|[upkeep]\n|upkeep\n|j| Vessev\n|\n|t:|1606516578\n|switch|p1a: Seismitoad|Seismitoad, M|100\/100\n|-damage|p1a: Seismitoad|95\/100|[from] Stealth Rock\n|turn|5\n|\n|t:|1606516583\n|move|p1a: Seismitoad|Earth Power|p2a: Cinderace\n|-crit|p2a: Cinderace\n|-damage|p2a: Cinderace|0 fnt\n|faint|p2a: Cinderace\n|\n|-weather|RainDance|[upkeep]\n|upkeep\n|\n|t:|1606516591\n|switch|p2a: Zapdos|Zapdos|100\/100\n|turn|6\n|\n|t:|1606516596\n|switch|p1a: Zeraora|Zeraora|100\/100\n|move|p2a: Zapdos|Heat Wave|p1a: Zeraora|[miss]\n|-miss|p2a: Zapdos|p1a: Zeraora\n|\n|-weather|RainDance|[upkeep]\n|upkeep\n|turn|7\n|\n|t:|1606516602\n|move|p1a: Zeraora|Knock Off|p2a: Zapdos\n|-damage|p2a: Zapdos|77\/100\n|-enditem|p2a: Zapdos|Heavy-Duty Boots|[from] move: Knock Off|[of] p1a: Zeraora\n|move|p2a: Zapdos|Heat Wave|p1a: Zeraora\n|-damage|p1a: Zeraora|84\/100\n|\n|-weather|RainDance|[upkeep]\n|upkeep\n|turn|8\n|\n|t:|1606516609\n|move|p1a: Zeraora|Plasma Fists|p2a: Zapdos\n|-damage|p2a: Zapdos|44\/100\n|-fieldactivate|move: Ion Deluge\n|move|p2a: Zapdos|Defog|p1a: Zeraora\n|-unboost|p1a: Zeraora|evasion|1\n|-sideend|p1: Burnt Bright|Stealth Rock|[from] move: Defog|[of] p2a: Zapdos\n|-sideend|p2: KoNoMa|Stealth Rock|[from] move: Defog|[of] p2a: Zapdos\n|\n|-weather|RainDance|[upkeep]\n|upkeep\n|turn|9\n|\n|t:|1606516613\n|move|p1a: Zeraora|Volt Switch|p2a: Zapdos\n|-damage|p2a: Zapdos|22\/100\n|\n|t:|1606516615\n|switch|p1a: Seismitoad|Seismitoad, M|95\/100|[from]move: Volt Switch\n|move|p2a: Zapdos|Roost|p2a: Zapdos\n|-heal|p2a: Zapdos|72\/100\n|-singleturn|p2a: Zapdos|move: Roost\n|\n|-weather|RainDance|[upkeep]\n|upkeep\n|turn|10\n|\n|t:|1606516620\n|move|p1a: Seismitoad|Earth Power|p2a: Zapdos\n|-immune|p2a: Zapdos\n|move|p2a: Zapdos|Roost|p2a: Zapdos\n|-heal|p2a: Zapdos|100\/100\n|-singleturn|p2a: Zapdos|move: Roost\n|\n|-weather|none\n|upkeep\n|turn|11\n|\n|t:|1606516628\n|switch|p1a: Zeraora|Zeraora|84\/100\n|move|p2a: Zapdos|Heat Wave|p1a: Zeraora\n|-crit|p1a: Zeraora\n|-damage|p1a: Zeraora|28\/100\n|\n|upkeep\n|turn|12\n|\n|t:|1606516633\n|move|p1a: Zeraora|Volt Switch|p2a: Zapdos\n|-damage|p2a: Zapdos|79\/100\n|\n|t:|1606516635\n|switch|p1a: Seismitoad|Seismitoad, M|95\/100|[from]move: Volt Switch\n|move|p2a: Zapdos|Heat Wave|p1a: Seismitoad\n|-resisted|p1a: Seismitoad\n|-damage|p1a: Seismitoad|77\/100\n|\n|upkeep\n|turn|13\n|j| ppev\n|\n|t:|1606516642\n|move|p1a: Seismitoad|Scald|p2a: Zapdos\n|-damage|p2a: Zapdos|35\/100\n|move|p2a: Zapdos|Heat Wave|p1a: Seismitoad\n|-resisted|p1a: Seismitoad\n|-damage|p1a: Seismitoad|61\/100\n|\n|upkeep\n|turn|14\n|\n|t:|1606516647\n|switch|p2a: Toxapex|Toxapex, F|100\/100\n|move|p1a: Seismitoad|Scald|p2a: Toxapex\n|-resisted|p2a: Toxapex\n|-damage|p2a: Toxapex|80\/100\n|-status|p2a: Toxapex|brn\n|\n|-heal|p2a: Toxapex|86\/100 brn|[from] item: Black Sludge\n|-damage|p2a: Toxapex|80\/100 brn|[from] brn\n|upkeep\n|turn|15\n|j| blessed days\n|\n|t:|1606516652\n|switch|p1a: Ferrothorn|Ferrothorn, M|100\/100\n|move|p2a: Toxapex|Toxic Spikes|p1a: Ferrothorn\n|-sidestart|p1: Burnt Bright|move: Toxic Spikes\n|\n|-heal|p2a: Toxapex|86\/100 brn|[from] item: Black Sludge\n|-damage|p2a: Toxapex|80\/100 brn|[from] brn\n|upkeep\n|turn|16\n|\n|t:|1606516657\n|switch|p2a: Zapdos|Zapdos|35\/100\n|move|p1a: Ferrothorn|Stealth Rock|p2a: Zapdos\n|-sidestart|p2: KoNoMa|move: Stealth Rock\n|\n|upkeep\n|turn|17\n|\n|t:|1606516663\n|switch|p1a: Zeraora|Zeraora|28\/100\n|move|p2a: Zapdos|Heat Wave|p1a: Zeraora\n|-damage|p1a: Zeraora|0 fnt\n|faint|p1a: Zeraora\n|\n|upkeep\n|\n|t:|1606516672\n|switch|p1a: Seismitoad|Seismitoad, M|61\/100\n|-status|p1a: Seismitoad|psn\n|turn|18\n|j| Milkteass\n|\n|t:|1606516675\n|move|p1a: Seismitoad|Scald|p2a: Zapdos\n|-damage|p2a: Zapdos|0 fnt\n|faint|p2a: Zapdos\n|\n|-damage|p1a: Seismitoad|49\/100 psn|[from] psn\n|upkeep\n|\n|t:|1606516679\n|switch|p2a: Spectrier|Spectrier|100\/100\n|-damage|p2a: Spectrier|88\/100|[from] Stealth Rock\n|turn|19\n|\n|t:|1606516683\n|switch|p1a: Ferrothorn|Ferrothorn, M|100\/100\n|move|p2a: Spectrier|Substitute|p2a: Spectrier\n|-start|p2a: Spectrier|Substitute\n|-damage|p2a: Spectrier|63\/100\n|\n|upkeep\n|turn|20\n|\n|t:|1606516686\n|move|p2a: Spectrier|Nasty Plot|p2a: Spectrier\n|-boost|p2a: Spectrier|spa|2\n|move|p1a: Ferrothorn|Power Whip|p2a: Spectrier\n|-end|p2a: Spectrier|Substitute\n|\n|upkeep\n|turn|21\n|\n|t:|1606516692\n|move|p2a: Spectrier|Shadow Ball|p1a: Ferrothorn\n|-damage|p1a: Ferrothorn|37\/100\n|move|p1a: Ferrothorn|Spikes|p2a: Spectrier\n|-sidestart|p2: KoNoMa|Spikes\n|\n|upkeep\n|turn|22\n|\n|t:|1606516704\n|move|p2a: Spectrier|Substitute|p2a: Spectrier\n|-start|p2a: Spectrier|Substitute\n|-damage|p2a: Spectrier|39\/100\n|move|p1a: Ferrothorn|Power Whip|p2a: Spectrier\n|-end|p2a: Spectrier|Substitute\n|\n|upkeep\n|turn|23\n|j| JustPickATopTier\n|\n|t:|1606516708\n|move|p2a: Spectrier|Shadow Ball|p1a: Ferrothorn\n|-damage|p1a: Ferrothorn|0 fnt\n|faint|p1a: Ferrothorn\n|-ability|p2a: Spectrier|Grim Neigh|boost\n|-boost|p2a: Spectrier|spa|1\n|\n|upkeep\n|\n|t:|1606516710\n|switch|p1a: Azumarill|Azumarill, M|100\/100\n|-status|p1a: Azumarill|psn\n|turn|24\n|l| JustPickATopTier\n|\n|t:|1606516718\n|move|p1a: Azumarill|Aqua Jet|p2a: Spectrier\n|-damage|p2a: Spectrier|0 fnt\n|faint|p2a: Spectrier\n|\n|-damage|p1a: Azumarill|88\/100 psn|[from] psn\n|upkeep\n|\n|t:|1606516723\n|switch|p2a: Toxapex|Toxapex, F|100\/100 brn\n|-damage|p2a: Toxapex|88\/100 brn|[from] Spikes\n|-damage|p2a: Toxapex|75\/100 brn|[from] Stealth Rock\n|turn|25\n|\n|t:|1606516732\n|move|p1a: Azumarill|Belly Drum|p1a: Azumarill\n|-damage|p1a: Azumarill|38\/100 psn\n|-setboost|p1a: Azumarill|atk|6|[from] move: Belly Drum\n|-enditem|p1a: Azumarill|Sitrus Berry|[eat]\n|-heal|p1a: Azumarill|63\/100 psn|[from] item: Sitrus Berry\n|move|p2a: Toxapex|Scald|p1a: Azumarill\n|-resisted|p1a: Azumarill\n|-damage|p1a: Azumarill|53\/100 psn\n|\n|-heal|p2a: Toxapex|82\/100 brn|[from] item: Black Sludge\n|-damage|p1a: Azumarill|40\/100 psn|[from] psn\n|-damage|p2a: Toxapex|75\/100 brn|[from] brn\n|upkeep\n|turn|26\n|j| JustPickATopTier\n|\n|t:|1606516743\n|move|p2a: Toxapex|Baneful Bunker|p2a: Toxapex\n|-singleturn|p2a: Toxapex|move: Protect\n|move|p1a: Azumarill|Play Rough|p2a: Toxapex\n|-activate|p2a: Toxapex|move: Protect\n|\n|-heal|p2a: Toxapex|82\/100 brn|[from] item: Black Sludge\n|-damage|p1a: Azumarill|28\/100 psn|[from] psn\n|-damage|p2a: Toxapex|75\/100 brn|[from] brn\n|upkeep\n|turn|27\n|j| drivance\n|l| JustPickATopTier\n|\n|t:|1606516749\n|move|p1a: Azumarill|Knock Off|p2a: Toxapex\n|-damage|p2a: Toxapex|0 fnt\n|-enditem|p2a: Toxapex|Black Sludge|[from] move: Knock Off|[of] p1a: Azumarill\n|faint|p2a: Toxapex\n|\n|-damage|p1a: Azumarill|16\/100 psn|[from] psn\n|upkeep\n|\n|t:|1606516753\n|switch|p2a: Clefable|Clefable, M|84\/100\n|-damage|p2a: Clefable|72\/100|[from] Stealth Rock\n|-damage|p2a: Clefable|59\/100|[from] Spikes\n|turn|28\n|\n|t:|1606516756\n|move|p1a: Azumarill|Aqua Jet|p2a: Clefable\n|-damage|p2a: Clefable|40\/100\n|move|p2a: Clefable|Soft-Boiled|p2a: Clefable\n|-heal|p2a: Clefable|90\/100\n|\n|-heal|p2a: Clefable|96\/100|[from] item: Leftovers\n|-damage|p1a: Azumarill|3\/100 psn|[from] psn\n|upkeep\n|turn|29\n|\n|t:|1606516761\n|move|p1a: Azumarill|Play Rough|p2a: Clefable\n|-damage|p2a: Clefable|46\/100\n|move|p2a: Clefable|Soft-Boiled|p2a: Clefable\n|-heal|p2a: Clefable|96\/100\n|\n|-heal|p2a: Clefable|100\/100|[from] item: Leftovers\n|-damage|p1a: Azumarill|0 fnt|[from] psn\n|faint|p1a: Azumarill\n|upkeep\n|\n|t:|1606516764\n|switch|p1a: Tornadus|Tornadus-Therian, M|100\/100\n|turn|30\n|\n|t:|1606516768\n|move|p1a: Tornadus|Hurricane|p2a: Clefable\n|-damage|p2a: Clefable|52\/100\n|move|p2a: Clefable|Toxic|p1a: Tornadus|[miss]\n|-miss|p2a: Clefable|p1a: Tornadus\n|\n|-heal|p2a: Clefable|58\/100|[from] item: Leftovers\n|upkeep\n|turn|31\n|\n|t:|1606516773\n|move|p1a: Tornadus|Hurricane|p2a: Clefable|[miss]\n|-miss|p1a: Tornadus|p2a: Clefable\n|move|p2a: Clefable|Soft-Boiled|p2a: Clefable\n|-heal|p2a: Clefable|100\/100\n|\n|upkeep\n|turn|32\n|\n|t:|1606516777\n|switch|p1a: Seismitoad|Seismitoad, M|49\/100 psn\n|move|p2a: Clefable|Toxic|p1a: Seismitoad|[miss]\n|-miss|p2a: Clefable|p1a: Seismitoad\n|\n|-damage|p1a: Seismitoad|37\/100 psn|[from] psn\n|upkeep\n|turn|33\n|\n|t:|1606516780\n|move|p1a: Seismitoad|Scald|p2a: Clefable\n|-damage|p2a: Clefable|56\/100\n|-status|p2a: Clefable|brn\n|move|p2a: Clefable|Soft-Boiled|p2a: Clefable\n|-heal|p2a: Clefable|100\/100 brn\n|\n|-damage|p1a: Seismitoad|25\/100 psn|[from] psn\n|-damage|p2a: Clefable|94\/100 brn|[from] brn\n|upkeep\n|turn|34\n|j| Defeat Antifa\n|\n|t:|1606516784\n|move|p1a: Seismitoad|Scald|p2a: Clefable\n|-damage|p2a: Clefable|48\/100 brn\n|move|p2a: Clefable|Soft-Boiled|p2a: Clefable\n|-heal|p2a: Clefable|98\/100 brn\n|\n|-heal|p2a: Clefable|100\/100 brn|[from] item: Leftovers\n|-damage|p1a: Seismitoad|12\/100 psn|[from] psn\n|-damage|p2a: Clefable|94\/100 brn|[from] brn\n|upkeep\n|turn|35\n|j| YoomBleepingTah\n|\n|t:|1606516788\n|move|p1a: Seismitoad|Scald|p2a: Clefable\n|-damage|p2a: Clefable|49\/100 brn\n|move|p2a: Clefable|Soft-Boiled|p2a: Clefable\n|-heal|p2a: Clefable|99\/100 brn\n|\n|-heal|p2a: Clefable|100\/100 brn|[from] item: Leftovers\n|-damage|p1a: Seismitoad|0 fnt|[from] psn\n|faint|p1a: Seismitoad\n|-damage|p2a: Clefable|94\/100 brn|[from] brn\n|upkeep\n|j| s342s32ssv\n|\n|t:|1606516789\n|switch|p1a: Tornadus|Tornadus-Therian, M|100\/100\n|turn|36\n|l| YoomBleepingTah\n|\n|t:|1606516791\n|move|p1a: Tornadus|Hurricane|p2a: Clefable|[miss]\n|-miss|p1a: Tornadus|p2a: Clefable\n|move|p2a: Clefable|Toxic|p1a: Tornadus\n|-status|p1a: Tornadus|tox\n|\n|-heal|p2a: Clefable|100\/100 brn|[from] item: Leftovers\n|-damage|p1a: Tornadus|94\/100 tox|[from] psn\n|-damage|p2a: Clefable|94\/100 brn|[from] brn\n|upkeep\n|turn|37\n|l| s342s32ssv\n|\n|t:|1606516794\n|move|p1a: Tornadus|Hurricane|p2a: Clefable|[miss]\n|-miss|p1a: Tornadus|p2a: Clefable\n|move|p2a: Clefable|Soft-Boiled|p2a: Clefable\n|-heal|p2a: Clefable|100\/100 brn\n|\n|-damage|p1a: Tornadus|82\/100 tox|[from] psn\n|-damage|p2a: Clefable|94\/100 brn|[from] brn\n|upkeep\n|turn|38\n|\n|t:|1606516798\n|move|p1a: Tornadus|Hurricane|p2a: Clefable\n|-damage|p2a: Clefable|53\/100 brn\n|-start|p2a: Clefable|confusion\n|-activate|p2a: Clefable|confusion\n|move|p2a: Clefable|Soft-Boiled|p2a: Clefable\n|-heal|p2a: Clefable|100\/100 brn\n|\n|-damage|p1a: Tornadus|64\/100 tox|[from] psn\n|-damage|p2a: Clefable|94\/100 brn|[from] brn\n|upkeep\n|turn|39\n|\n|t:|1606516801\n|move|p1a: Tornadus|Hurricane|p2a: Clefable\n|-crit|p2a: Clefable\n|-damage|p2a: Clefable|32\/100 brn\n|-activate|p2a: Clefable|confusion\n|move|p2a: Clefable|Soft-Boiled|p2a: Clefable\n|-heal|p2a: Clefable|82\/100 brn\n|\n|-heal|p2a: Clefable|89\/100 brn|[from] item: Leftovers\n|-damage|p1a: Tornadus|40\/100 tox|[from] psn\n|-damage|p2a: Clefable|82\/100 brn|[from] brn\n|upkeep\n|turn|40\n|-message|Burnt Bright forfeited.\n|\n|win|KoNoMa\n|l|\u2606Burnt Bright\n|l| Defeat Antifa\n|l|\u2606KoNoMa\n|l| Milkteass\n|l| phoenixfire555\n||Ladder (probably) updated, but score could not be retrieved (Request timeout).\n|l| ppev\n|l| blessed days\n","uploadtime":1606517253,"views":23,"p1id":"burntbright","p2id":"konoma","formatid":"gen8ou","rating":0,"private":0,"password":null}