{"id":"gen8ou-1699896517","p1":"sgmartellofficial","p2":"rooopos","format":"gen8ou","log":"|j|\u2606sgmartellofficial\n|j|\u2606rooopos\n|t:|1667285630\n|gametype|singles\n|player|p1|sgmartellofficial|cyclist-gen4|1651\n|player|p2|rooopos|169|1746\n|teamsize|p1|6\n|teamsize|p2|6\n|gen|8\n|tier|[Gen 8] OU\n|rated|\n|rule|Sleep Clause Mod: Limit one foe put to sleep\n|rule|Species Clause: Limit one of each Pok\u00e9mon\n|rule|OHKO Clause: OHKO moves are banned\n|rule|Evasion Items Clause: Evasion items are banned\n|rule|Evasion Moves Clause: Evasion moves are banned\n|rule|Endless Battle Clause: Forcing endless battles is banned\n|rule|HP Percentage Mod: HP is shown in percentages\n|rule|Dynamax Clause: You cannot dynamax\n|clearpoke\n|poke|p1|Melmetal|\n|poke|p1|Weavile, F|\n|poke|p1|Volcanion|\n|poke|p1|Zapdos|\n|poke|p1|Landorus-Therian, M|\n|poke|p1|Kartana|\n|poke|p2|Dragapult, F|\n|poke|p2|Urshifu-*, M|\n|poke|p2|Tapu Lele|\n|poke|p2|Landorus-Therian, M|\n|poke|p2|Zapdos|\n|poke|p2|Melmetal|\n|teampreview\n|\n|t:|1667285676\n|start\n|switch|p1a: Weavile|Weavile, F|100\/100\n|switch|p2a: Urshifu|Urshifu-Rapid-Strike, M|100\/100\n|turn|1\n|\n|t:|1667285703\n|switch|p1a: Zapdos|Zapdos|100\/100\n|move|p2a: Urshifu|U-turn|p1a: Zapdos\n|-resisted|p1a: Zapdos\n|-damage|p1a: Zapdos|88\/100\n|\n|t:|1667285706\n|switch|p2a: Landorus|Landorus-Therian, M|100\/100|[from]move: U-turn\n|-ability|p2a: Landorus|Intimidate|boost\n|-unboost|p1a: Zapdos|atk|1\n|\n|upkeep\n|turn|2\n|\n|t:|1667285742\n|switch|p1a: Weavile|Weavile, F|100\/100\n|move|p2a: Landorus|Knock Off|p1a: Weavile\n|-resisted|p1a: Weavile\n|-damage|p1a: Weavile|75\/100\n|-enditem|p1a: Weavile|Choice Band|[from] move: Knock Off|[of] p2a: Landorus\n|-enditem|p2a: Landorus|Leftovers|[silent]|[from] ability: Pickpocket|[of] p2a: Landorus\n|-item|p1a: Weavile|Leftovers|[from] ability: Pickpocket|[of] p2a: Landorus\n|\n|-heal|p1a: Weavile|81\/100|[from] item: Leftovers\n|upkeep\n|turn|3\n|\n|t:|1667285764\n|switch|p2a: Melmetal|Melmetal|100\/100\n|move|p1a: Weavile|Triple Axel|p2a: Melmetal\n|-resisted|p2a: Melmetal\n|-damage|p2a: Melmetal|97\/100\n|-resisted|p2a: Melmetal\n|-damage|p2a: Melmetal|90\/100\n|-resisted|p2a: Melmetal\n|-damage|p2a: Melmetal|81\/100\n|-hitcount|p2a: Melmetal|3\n|\n|-heal|p1a: Weavile|87\/100|[from] item: Leftovers\n|-heal|p2a: Melmetal|87\/100|[from] item: Leftovers\n|upkeep\n|turn|4\n|\n|t:|1667285770\n|switch|p1a: Zapdos|Zapdos|88\/100\n|move|p2a: Melmetal|Toxic|p1a: Zapdos\n|-status|p1a: Zapdos|tox\n|\n|-heal|p2a: Melmetal|93\/100|[from] item: Leftovers\n|-damage|p1a: Zapdos|82\/100 tox|[from] psn\n|upkeep\n|turn|5\n|\n|t:|1667285792\n|switch|p1a: Volcanion|Volcanion|100\/100\n|switch|p2a: Landorus|Landorus-Therian, M|100\/100\n|-ability|p2a: Landorus|Intimidate|boost\n|-unboost|p1a: Volcanion|atk|1\n|\n|upkeep\n|turn|6\n|\n|t:|1667285799\n|switch|p2a: Dragapult|Dragapult, F|100\/100\n|move|p1a: Volcanion|Steam Eruption|p2a: Dragapult\n|-resisted|p2a: Dragapult\n|-damage|p2a: Dragapult|41\/100\n|-status|p2a: Dragapult|brn\n|\n|-damage|p2a: Dragapult|35\/100 brn|[from] brn\n|upkeep\n|turn|7\n|\n|t:|1667285808\n|move|p2a: Dragapult|Draco Meteor|p1a: Volcanion\n|-damage|p1a: Volcanion|0 fnt\n|-unboost|p2a: Dragapult|spa|2\n|faint|p1a: Volcanion\n|\n|-damage|p2a: Dragapult|29\/100 brn|[from] brn\n|upkeep\n|\n|t:|1667285817\n|switch|p1a: Melmetal|Melmetal|100\/100\n|turn|8\n|\n|t:|1667285826\n|switch|p2a: Urshifu|Urshifu-Rapid-Strike, M|100\/100\n|move|p1a: Melmetal|Double Iron Bash|p2a: Urshifu\n|-resisted|p2a: Urshifu\n|-damage|p2a: Urshifu|68\/100\n|-resisted|p2a: Urshifu\n|-damage|p2a: Urshifu|36\/100\n|-hitcount|p2a: Urshifu|2\n|\n|upkeep\n|turn|9\n|\n|t:|1667285832\n|move|p2a: Urshifu|Close Combat|p1a: Melmetal\n|-supereffective|p1a: Melmetal\n|-damage|p1a: Melmetal|0 fnt\n|-unboost|p2a: Urshifu|def|1\n|-unboost|p2a: Urshifu|spd|1\n|faint|p1a: Melmetal\n|\n|upkeep\n|\n|t:|1667285835\n|switch|p1a: Kartana|Kartana, shiny|100\/100\n|turn|10\n|\n|t:|1667285849\n|switch|p1a: Weavile|Weavile, F|87\/100\n|switch|p2a: Zapdos|Zapdos|100\/100\n|\n|-heal|p1a: Weavile|93\/100|[from] item: Leftovers\n|upkeep\n|turn|11\n|\n|t:|1667285853\n|switch|p2a: Melmetal|Melmetal|93\/100\n|move|p1a: Weavile|Triple Axel|p2a: Melmetal\n|-resisted|p2a: Melmetal\n|-damage|p2a: Melmetal|89\/100\n|-resisted|p2a: Melmetal\n|-damage|p2a: Melmetal|82\/100\n|-resisted|p2a: Melmetal\n|-damage|p2a: Melmetal|73\/100\n|-hitcount|p2a: Melmetal|3\n|\n|-heal|p1a: Weavile|99\/100|[from] item: Leftovers\n|-heal|p2a: Melmetal|79\/100|[from] item: Leftovers\n|upkeep\n|turn|12\n|\n|t:|1667285858\n|move|p1a: Weavile|Low Kick|p2a: Melmetal\n|-supereffective|p2a: Melmetal\n|-damage|p2a: Melmetal|22\/100\n|move|p2a: Melmetal|Double Iron Bash|p1a: Weavile\n|-supereffective|p1a: Weavile\n|-damage|p1a: Weavile|0 fnt\n|faint|p1a: Weavile\n|-hitcount|p1: Weavile|1\n|\n|-heal|p2a: Melmetal|28\/100|[from] item: Leftovers\n|upkeep\n|\n|t:|1667285871\n|switch|p1a: Kartana|Kartana, shiny|100\/100\n|turn|13\n|\n|t:|1667285884\n|move|p2a: Melmetal|Protect|p2a: Melmetal\n|-singleturn|p2a: Melmetal|Protect\n|move|p1a: Kartana|Knock Off|p2a: Melmetal\n|-activate|p2a: Melmetal|move: Protect\n|\n|-heal|p2a: Melmetal|34\/100|[from] item: Leftovers\n|upkeep\n|turn|14\n|\n|t:|1667285894\n|switch|p2a: Zapdos|Zapdos|100\/100\n|move|p1a: Kartana|Knock Off|p2a: Zapdos\n|-damage|p2a: Zapdos|45\/100\n|-enditem|p2a: Zapdos|Heavy-Duty Boots|[from] move: Knock Off|[of] p1a: Kartana\n|\n|upkeep\n|turn|15\n|j| Urdnot wren\n|\n|t:|1667285905\n|switch|p1a: Landorus|Landorus-Therian, M|100\/100\n|-ability|p1a: Landorus|Intimidate|boost\n|-unboost|p2a: Zapdos|atk|1\n|move|p2a: Zapdos|Hurricane|p1a: Landorus\n|-damage|p1a: Landorus|60\/100\n|\n|-heal|p1a: Landorus|66\/100|[from] item: Leftovers\n|upkeep\n|turn|16\n|j| LT_Alt1\n|\n|t:|1667285912\n|switch|p2a: Landorus|Landorus-Therian, M|100\/100\n|-ability|p2a: Landorus|Intimidate|boost\n|-unboost|p1a: Landorus|atk|1\n|move|p1a: Landorus|Stealth Rock|p2a: Landorus\n|-sidestart|p2: rooopos|move: Stealth Rock\n|\n|-heal|p1a: Landorus|72\/100|[from] item: Leftovers\n|upkeep\n|turn|17\n|\n|t:|1667285915\n|move|p2a: Landorus|Stealth Rock|p1a: Landorus\n|-sidestart|p1: sgmartellofficial|move: Stealth Rock\n|move|p1a: Landorus|U-turn|p2a: Landorus\n|-resisted|p2a: Landorus\n|-damage|p2a: Landorus|93\/100\n|\n|t:|1667285922\n|switch|p1a: Zapdos|Zapdos|82\/100 tox|[from]move: U-turn\n|\n|-damage|p1a: Zapdos|75\/100 tox|[from] psn\n|upkeep\n|turn|18\n|\n|t:|1667285935\n|switch|p2a: Tapu Lele|Tapu Lele|100\/100\n|-damage|p2a: Tapu Lele|88\/100|[from] Stealth Rock\n|-fieldstart|move: Psychic Terrain|[from] ability: Psychic Surge|[of] p2a: Tapu Lele\n|move|p1a: Zapdos|Hurricane|p2a: Tapu Lele\n|-damage|p2a: Tapu Lele|35\/100\n|-start|p2a: Tapu Lele|confusion\n|\n|-damage|p1a: Zapdos|63\/100 tox|[from] psn\n|upkeep\n|turn|19\n|\n|t:|1667285949\n|-activate|p2a: Tapu Lele|confusion\n|-damage|p2a: Tapu Lele|26\/100|[from] confusion\n|move|p1a: Zapdos|Volt Switch|p2a: Tapu Lele\n|-damage|p2a: Tapu Lele|0 fnt\n|faint|p2a: Tapu Lele\n|\n|t:|1667285951\n|switch|p1a: Landorus|Landorus-Therian, M|72\/100|[from]move: Volt Switch\n|-damage|p1a: Landorus|60\/100|[from] Stealth Rock\n|\n|-heal|p1a: Landorus|66\/100|[from] item: Leftovers\n|upkeep\n|\n|t:|1667285954\n|switch|p2a: Urshifu|Urshifu-Rapid-Strike, M|36\/100\n|-damage|p2a: Urshifu|30\/100|[from] Stealth Rock\n|turn|20\n|\n|t:|1667285959\n|move|p2a: Urshifu|Surging Strikes|p1a: Landorus\n|-supereffective|p1a: Landorus\n|-crit|p1a: Landorus\n|-damage|p1a: Landorus|9\/100\n|-supereffective|p1a: Landorus\n|-crit|p1a: Landorus\n|-damage|p1a: Landorus|0 fnt\n|faint|p1a: Landorus\n|-hitcount|p1: Landorus|2\n|\n|upkeep\n|\n|t:|1667285960\n|switch|p1a: Kartana|Kartana, shiny|100\/100\n|-damage|p1a: Kartana|94\/100|[from] Stealth Rock\n|turn|21\n|\n|t:|1667285966\n|switch|p2a: Zapdos|Zapdos|45\/100\n|-damage|p2a: Zapdos|20\/100|[from] Stealth Rock\n|move|p1a: Kartana|Leaf Blade|p2a: Zapdos\n|-resisted|p2a: Zapdos\n|-damage|p2a: Zapdos|0 fnt\n|faint|p2a: Zapdos\n|-ability|p1a: Kartana|Beast Boost|boost\n|-boost|p1a: Kartana|atk|1\n|\n|upkeep\n|\n|t:|1667285973\n|switch|p2a: Landorus|Landorus-Therian, M|93\/100\n|-damage|p2a: Landorus|81\/100|[from] Stealth Rock\n|-ability|p2a: Landorus|Intimidate|boost\n|-unboost|p1a: Kartana|atk|1\n|turn|22\n|\n|t:|1667285976\n|move|p1a: Kartana|Leaf Blade|p2a: Landorus\n|-damage|p2a: Landorus|17\/100\n|move|p2a: Landorus|Earthquake|p1a: Kartana\n|-damage|p1a: Kartana|46\/100\n|\n|-fieldend|move: Psychic Terrain\n|upkeep\n|turn|23\n|\n|t:|1667285982\n|move|p1a: Kartana|Leaf Blade|p2a: Landorus\n|-damage|p2a: Landorus|0 fnt\n|faint|p2a: Landorus\n|-ability|p1a: Kartana|Beast Boost|boost\n|-boost|p1a: Kartana|atk|1\n|\n|upkeep\n|\n|t:|1667285984\n|switch|p2a: Melmetal|Melmetal|34\/100\n|-damage|p2a: Melmetal|28\/100|[from] Stealth Rock\n|turn|24\n|\n|t:|1667286012\n|switch|p1a: Zapdos|Zapdos|63\/100 tox\n|move|p2a: Melmetal|Protect||[still]\n|-fail|p2a: Melmetal\n|\n|-heal|p2a: Melmetal|34\/100|[from] item: Leftovers\n|-damage|p1a: Zapdos|57\/100 tox|[from] psn\n|upkeep\n|turn|25\n|\n|t:|1667286020\n|switch|p2a: Urshifu|Urshifu-Rapid-Strike, M|30\/100\n|-damage|p2a: Urshifu|24\/100|[from] Stealth Rock\n|move|p1a: Zapdos|Heat Wave|p2a: Urshifu\n|-resisted|p2a: Urshifu\n|-damage|p2a: Urshifu|5\/100\n|\n|-damage|p1a: Zapdos|44\/100 tox|[from] psn\n|upkeep\n|turn|26\n|\n|t:|1667286029\n|move|p2a: Urshifu|Surging Strikes|p1a: Zapdos\n|-crit|p1a: Zapdos\n|-damage|p1a: Zapdos|24\/100 tox\n|-crit|p1a: Zapdos\n|-damage|p1a: Zapdos|3\/100 tox\n|-status|p2a: Urshifu|par|[from] ability: Static|[of] p1a: Zapdos\n|-crit|p1a: Zapdos\n|-damage|p1a: Zapdos|0 fnt\n|faint|p1a: Zapdos\n|-hitcount|p1: Zapdos|3\n|\n|upkeep\n|\n|t:|1667286031\n|switch|p1a: Kartana|Kartana, shiny|46\/100\n|-damage|p1a: Kartana|39\/100|[from] Stealth Rock\n|turn|27\n|\n|t:|1667286034\n|move|p1a: Kartana|Knock Off|p2a: Urshifu\n|-resisted|p2a: Urshifu\n|-damage|p2a: Urshifu|0 fnt\n|-enditem|p2a: Urshifu|Choice Band|[from] move: Knock Off|[of] p1a: Kartana\n|faint|p2a: Urshifu\n|-ability|p1a: Kartana|Beast Boost|boost\n|-boost|p1a: Kartana|atk|1\n|\n|upkeep\n|\n|t:|1667286036\n|switch|p2a: Melmetal|Melmetal|34\/100\n|-damage|p2a: Melmetal|28\/100|[from] Stealth Rock\n|turn|28\n|\n|t:|1667286039\n|move|p2a: Melmetal|Protect|p2a: Melmetal\n|-singleturn|p2a: Melmetal|Protect\n|move|p1a: Kartana|Knock Off|p2a: Melmetal\n|-activate|p2a: Melmetal|move: Protect\n|\n|-heal|p2a: Melmetal|34\/100|[from] item: Leftovers\n|upkeep\n|turn|29\n|c|\u2606sgmartellofficial|gg\n|\n|t:|1667286044\n|move|p1a: Kartana|Knock Off|p2a: Melmetal\n|-damage|p2a: Melmetal|0 fnt\n|-enditem|p2a: Melmetal|Leftovers|[from] move: Knock Off|[of] p1a: Kartana\n|faint|p2a: Melmetal\n|-ability|p1a: Kartana|Beast Boost|boost\n|-boost|p1a: Kartana|atk|1\n|\n|upkeep\n|\n|t:|1667286052\n|switch|p2a: Dragapult|Dragapult, F|29\/100 brn\n|-damage|p2a: Dragapult|17\/100 brn|[from] Stealth Rock\n|turn|30\n|\n|t:|1667286058\n|move|p1a: Kartana|Knock Off|p2a: Dragapult\n|-supereffective|p2a: Dragapult\n|-crit|p2a: Dragapult\n|-damage|p2a: Dragapult|0 fnt\n|-enditem|p2a: Dragapult|Choice Specs|[from] move: Knock Off|[of] p1a: Kartana\n|faint|p2a: Dragapult\n|\n|win|sgmartellofficial\n|raw|sgmartellofficial's rating: 1651 &rarr; <strong>1676<\/strong><br \/>(+25 for winning)\n|raw|rooopos's rating: 1746 &rarr; <strong>1721<\/strong><br \/>(-25 for losing)\n|c|\u2606sgmartellofficial|boop\n|c|\u2606rooopos|luck\n|c|\u2606sgmartellofficial|luck what\n|c|\u2606sgmartellofficial|AHHAHAHA\n","uploadtime":1667286072,"views":18,"p1id":"sgmartellofficial","p2id":"rooopos","formatid":"gen8ou","rating":1676,"private":0,"password":null}