{"id":"gen8nationaldex-1456722176","p1":"Stars-To-The-Top","p2":"Hikari-miyako","format":"gen8nationaldex","log":"|j|\u2606Stars-To-The-Top\n|j|\u2606Hikari-miyako\n|t:|1637268803\n|gametype|singles\n|player|p1|Stars-To-The-Top|gambler|1571\n|player|p2|Hikari-miyako|ariana|1691\n|teamsize|p1|6\n|teamsize|p2|6\n|gen|8\n|tier|[Gen 8] National Dex\n|rated|\n|rule|HP Percentage Mod: HP is shown in percentages\n|rule|Endless Battle Clause: Forcing endless battles is banned\n|rule|OHKO Clause: OHKO moves are banned\n|rule|Evasion Moves Clause: Evasion moves are banned\n|rule|Species Clause: Limit one of each Pok\u00e9mon\n|rule|Dynamax Clause: You cannot dynamax\n|rule|Sleep Clause Mod: Limit one foe put to sleep\n|clearpoke\n|poke|p1|Medicham, F|\n|poke|p1|Serperior, F|\n|poke|p1|Landorus-Therian, M|\n|poke|p1|Hydreigon, M|\n|poke|p1|Heatran, F|\n|poke|p1|Zapdos|\n|poke|p2|Aegislash, F|\n|poke|p2|Diancie|\n|poke|p2|Thundurus, M|\n|poke|p2|Greninja, M|\n|poke|p2|Bisharp, M|\n|poke|p2|Serperior, F|\n|teampreview\n|inactive|Battle timer is ON: inactive players will automatically lose when time's up. (requested by Hikari-miyako)\n|j| rfvgy\n|\n|t:|1637268833\n|start\n|switch|p1a: Serperior|Serperior, F|100\/100\n|switch|p2a: Bisharp|Bisharp, M|100\/100\n|turn|1\n|c|\u2606Stars-To-The-Top|I don\u2019t see a reason to complain about this turn.\n|inactive|Stars-To-The-Top has 120 seconds left.\n|\n|t:|1637268866\n|switch|p1a: Heatran|Heatran, F|100\/100\n|move|p2a: Bisharp|Knock Off|p1a: Heatran\n|-damage|p1a: Heatran|58\/100\n|-enditem|p1a: Heatran|Leftovers|[from] move: Knock Off|[of] p2a: Bisharp\n|\n|upkeep\n|turn|2\n|\n|t:|1637268873\n|move|p1a: Heatran|Magma Storm|p2a: Bisharp|[miss]\n|-miss|p1a: Heatran|p2a: Bisharp\n|move|p2a: Bisharp|Stealth Rock|p1a: Heatran\n|-sidestart|p1: Stars-To-The-Top|move: Stealth Rock\n|\n|upkeep\n|turn|3\n|c|\u2606Stars-To-The-Top|Ok I\u2019m complaining\n|\n|t:|1637268881\n|switch|p2a: Diancie|Diancie|100\/100\n|move|p1a: Heatran|Magma Storm|p2a: Diancie\n|-resisted|p2a: Diancie\n|-damage|p2a: Diancie|79\/100\n|-activate|p2a: Diancie|move: Magma Storm|[of] p1a: Heatran\n|\n|-damage|p2a: Diancie|66\/100|[from] move: Magma Storm|[partiallytrapped]\n|upkeep\n|turn|4\n|\n|t:|1637268892\n|switch|p1a: Landorus|Landorus-Therian, M|100\/100\n|-damage|p1a: Landorus|88\/100|[from] Stealth Rock\n|-ability|p1a: Landorus|Intimidate|boost\n|-fail|p2a: Diancie|unboost|[from] ability: Clear Body|[of] p2a: Diancie\n|detailschange|p2a: Diancie|Diancie-Mega\n|-mega|p2a: Diancie|Diancie|Diancite\n|move|p2a: Diancie|Earth Power|p1a: Landorus\n|-immune|p1a: Landorus\n|\n|-end|p2a: Diancie|Magma Storm|[partiallytrapped]|[silent]\n|upkeep\n|turn|5\n|\n|t:|1637268900\n|switch|p2a: Thundurus|Thundurus, M|100\/100\n|move|p1a: Landorus|U-turn|p2a: Thundurus\n|-resisted|p2a: Thundurus\n|-damage|p2a: Thundurus|82\/100\n|\n|t:|1637268912\n|switch|p1a: Medicham|Medicham, F|100\/100|[from]move: U-turn\n|-damage|p1a: Medicham|94\/100|[from] Stealth Rock\n|\n|upkeep\n|turn|6\n|\n|t:|1637268917\n|switch|p2a: Aegislash|Aegislash, F|100\/100\n|detailschange|p1a: Medicham|Medicham-Mega, F\n|-mega|p1a: Medicham|Medicham|Medichamite\n|move|p1a: Medicham|Fake Out|p2a: Aegislash\n|-immune|p2a: Aegislash\n|\n|upkeep\n|turn|7\n|\n|t:|1637268922\n|switch|p1a: Hydreigon|Hydreigon, M|100\/100\n|-damage|p1a: Hydreigon|88\/100|[from] Stealth Rock\n|-formechange|p2a: Aegislash|Aegislash-Blade||[from] ability: Stance Change\n|move|p2a: Aegislash|Shadow Ball|p1a: Hydreigon\n|-resisted|p1a: Hydreigon\n|-damage|p1a: Hydreigon|61\/100\n|\n|upkeep\n|turn|8\n|\n|t:|1637268931\n|switch|p2a: Diancie|Diancie-Mega|66\/100\n|move|p1a: Hydreigon|Earth Power|p2a: Diancie\n|-supereffective|p2a: Diancie\n|-damage|p2a: Diancie|0 fnt\n|faint|p2a: Diancie\n|\n|upkeep\n|\n|t:|1637268943\n|switch|p2a: Thundurus|Thundurus, M|82\/100\n|turn|9\n|\n|t:|1637268951\n|switch|p1a: Zapdos|Zapdos|100\/100\n|move|p2a: Thundurus|Hidden Power|p1a: Zapdos\n|-supereffective|p1a: Zapdos\n|-damage|p1a: Zapdos|52\/100\n|-damage|p2a: Thundurus|72\/100|[from] item: Life Orb\n|\n|upkeep\n|turn|10\n|\n|t:|1637268958\n|move|p2a: Thundurus|Thunderbolt|p1a: Zapdos\n|-damage|p1a: Zapdos|0 fnt\n|faint|p1a: Zapdos\n|-damage|p2a: Thundurus|63\/100|[from] item: Life Orb\n|\n|upkeep\n|c|\u2606Stars-To-The-Top|I kinda wanna know who this rf guy is lmao\n|c|\u2606Stars-To-The-Top|im curious\n|\n|t:|1637268984\n|switch|p1a: Medicham|Medicham-Mega, F|94\/100\n|-damage|p1a: Medicham|88\/100|[from] Stealth Rock\n|turn|11\n|\n|t:|1637268991\n|switch|p2a: Aegislash|Aegislash, F|100\/100\n|move|p1a: Medicham|Fake Out|p2a: Aegislash\n|-immune|p2a: Aegislash\n|\n|upkeep\n|turn|12\n|\n|t:|1637268995\n|switch|p1a: Hydreigon|Hydreigon, M|61\/100\n|-damage|p1a: Hydreigon|49\/100|[from] Stealth Rock\n|-formechange|p2a: Aegislash|Aegislash-Blade||[from] ability: Stance Change\n|move|p2a: Aegislash|Shadow Ball|p1a: Hydreigon\n|-resisted|p1a: Hydreigon\n|-crit|p1a: Hydreigon\n|-damage|p1a: Hydreigon|8\/100\n|\n|upkeep\n|turn|13\n|c|\u2606Stars-To-The-Top|Oh.\n|\n|t:|1637268999\n|move|p2a: Aegislash|Shadow Sneak|p1a: Hydreigon\n|-resisted|p1a: Hydreigon\n|-damage|p1a: Hydreigon|0 fnt\n|faint|p1a: Hydreigon\n|\n|upkeep\n|c|\u2606Stars-To-The-Top|That\u2019s not good\n|\n|t:|1637269015\n|switch|p1a: Heatran|Heatran, F|58\/100\n|-damage|p1a: Heatran|46\/100|[from] Stealth Rock\n|turn|14\n|\n|t:|1637269020\n|switch|p2a: Greninja|Greninja, M|100\/100\n|move|p1a: Heatran|Magma Storm|p2a: Greninja\n|-resisted|p2a: Greninja\n|-damage|p2a: Greninja|65\/100\n|-activate|p2a: Greninja|move: Magma Storm|[of] p1a: Heatran\n|\n|-damage|p2a: Greninja|53\/100|[from] move: Magma Storm|[partiallytrapped]\n|upkeep\n|turn|15\n|\n|t:|1637269031\n|move|p2a: Greninja|Dark Pulse|p1a: Heatran\n|-damage|p1a: Heatran|10\/100\n|move|p1a: Heatran|Earth Power|p2a: Greninja\n|-damage|p2a: Greninja|12\/100\n|\n|-damage|p2a: Greninja|0 fnt|[from] move: Magma Storm|[partiallytrapped]\n|faint|p2a: Greninja\n|upkeep\n|\n|t:|1637269038\n|switch|p2a: Thundurus|Thundurus, M|63\/100\n|turn|16\n|\n|t:|1637269042\n|move|p2a: Thundurus|Thunderbolt|p1a: Heatran\n|-damage|p1a: Heatran|0 fnt\n|faint|p1a: Heatran\n|-damage|p2a: Thundurus|53\/100|[from] item: Life Orb\n|\n|upkeep\n|\n|t:|1637269047\n|switch|p1a: Landorus|Landorus-Therian, M|88\/100\n|-damage|p1a: Landorus|76\/100|[from] Stealth Rock\n|-ability|p1a: Landorus|Intimidate|boost\n|-unboost|p2a: Thundurus|atk|1\n|turn|17\n|\n|t:|1637269055\n|move|p1a: Landorus|Stone Edge|p2a: Thundurus\n|-supereffective|p2a: Thundurus\n|-damage|p2a: Thundurus|0 fnt\n|faint|p2a: Thundurus\n|\n|upkeep\n|\n|t:|1637269059\n|switch|p2a: Aegislash|Aegislash, F|100\/100\n|turn|18\n|\n|t:|1637269071\n|switch|p1a: Medicham|Medicham-Mega, F|88\/100\n|-damage|p1a: Medicham|82\/100|[from] Stealth Rock\n|-formechange|p2a: Aegislash|Aegislash-Blade||[from] ability: Stance Change\n|move|p2a: Aegislash|Shadow Ball|p1a: Medicham\n|-supereffective|p1a: Medicham\n|-damage|p1a: Medicham|0 fnt\n|faint|p1a: Medicham\n|\n|upkeep\n|\n|t:|1637269073\n|switch|p1a: Serperior|Serperior, F|100\/100\n|-damage|p1a: Serperior|88\/100|[from] Stealth Rock\n|turn|19\n|\n|t:|1637269079\n|switch|p2a: Bisharp|Bisharp, M|100\/100\n|move|p1a: Serperior|Leaf Storm|p2a: Bisharp\n|-resisted|p2a: Bisharp\n|-damage|p2a: Bisharp|73\/100\n|-boost|p1a: Serperior|spa|2\n|\n|-heal|p1a: Serperior|94\/100|[from] item: Leftovers\n|upkeep\n|turn|20\n|\n|t:|1637269082\n|move|p1a: Serperior|Hidden Power|p2a: Bisharp\n|-supereffective|p2a: Bisharp\n|-damage|p2a: Bisharp|0 fnt\n|faint|p2a: Bisharp\n|\n|-heal|p1a: Serperior|100\/100|[from] item: Leftovers\n|upkeep\n|\n|t:|1637269085\n|switch|p2a: Serperior|Serperior, F|100\/100\n|turn|21\n|\n|t:|1637269089\n|move|p2a: Serperior|Leaf Storm|p1a: Serperior\n|-resisted|p1a: Serperior\n|-damage|p1a: Serperior|70\/100\n|-boost|p2a: Serperior|spa|2\n|move|p1a: Serperior|Hidden Power|p2a: Serperior\n|-supereffective|p2a: Serperior\n|-damage|p2a: Serperior|37\/100\n|\n|-heal|p1a: Serperior|76\/100|[from] item: Leftovers\n|upkeep\n|turn|22\n|\n|t:|1637269093\n|move|p2a: Serperior|Leaf Storm|p1a: Serperior\n|-resisted|p1a: Serperior\n|-damage|p1a: Serperior|15\/100\n|-boost|p2a: Serperior|spa|2\n|move|p1a: Serperior|Hidden Power|p2a: Serperior\n|-supereffective|p2a: Serperior\n|-damage|p2a: Serperior|0 fnt\n|faint|p2a: Serperior\n|\n|-heal|p1a: Serperior|21\/100|[from] item: Leftovers\n|upkeep\n|\n|t:|1637269096\n|switch|p2a: Aegislash|Aegislash, F|100\/100\n|turn|23\n|\n|t:|1637269099\n|-formechange|p2a: Aegislash|Aegislash-Blade||[from] ability: Stance Change\n|move|p2a: Aegislash|Shadow Sneak|p1a: Serperior\n|-damage|p1a: Serperior|1\/100\n|move|p1a: Serperior|Hidden Power|p2a: Aegislash\n|-supereffective|p2a: Aegislash\n|-damage|p2a: Aegislash|0 fnt\n|faint|p2a: Aegislash\n|\n|win|Stars-To-The-Top\n|raw|Stars-To-The-Top's rating: 1571 &rarr; <strong>1598<\/strong><br \/>(+27 for winning)\n|raw|Hikari-miyako's rating: 1691 &rarr; <strong>1664<\/strong><br \/>(-27 for losing)\n|c|\u2606Stars-To-The-Top|Gg\n|l|\u2606Hikari-miyako\n||Ladder isn't responding, score probably updated but might not have (Request timeout).\n","uploadtime":1637269135,"views":29,"p1id":"starstothetop","p2id":"hikarimiyako","formatid":"gen8nationaldex","rating":1598,"private":0,"password":null}