{"id":"gen8ou-1697779681","p1":"Sunside","p2":"Shinjou Akane","format":"gen8ou","log":"|j|\u2606Sunside\n|j|\u2606Shinjou Akane\n|t:|1667042261\n|gametype|singles\n|player|p1|Sunside|cowgirl|1643\n|player|p2|Shinjou Akane|elesa-gen5bw2|1603\n|teamsize|p1|6\n|teamsize|p2|6\n|gen|8\n|tier|[Gen 8] OU\n|rated|\n|rule|Sleep Clause Mod: Limit one foe put to sleep\n|rule|Species Clause: Limit one of each Pok\u00e9mon\n|rule|OHKO Clause: OHKO moves are banned\n|rule|Evasion Items Clause: Evasion items are banned\n|rule|Evasion Moves Clause: Evasion moves are banned\n|rule|Endless Battle Clause: Forcing endless battles is banned\n|rule|HP Percentage Mod: HP is shown in percentages\n|rule|Dynamax Clause: You cannot dynamax\n|clearpoke\n|poke|p1|Urshifu-*, F|\n|poke|p1|Volcarona, F|\n|poke|p1|Rotom-Wash|\n|poke|p1|Landorus-Therian, M|\n|poke|p1|Magnezone|\n|poke|p1|Latias, F|\n|poke|p2|Klefki, F|\n|poke|p2|Nidoking, M|\n|poke|p2|Urshifu-*, F|\n|poke|p2|Kartana|\n|poke|p2|Tapu Fini|\n|poke|p2|Landorus-Therian, M|\n|teampreview\n|\n|t:|1667042268\n|start\n|switch|p1a: Time machine|Rotom-Wash|100\/100\n|switch|p2a: Klefki|Klefki, F|100\/100\n|turn|1\n|inactive|Battle timer is ON: inactive players will automatically lose when time's up. (requested by Sunside)\n|\n|t:|1667042276\n|move|p2a: Klefki|Spikes|p1a: Time machine\n|-sidestart|p1: Sunside|Spikes\n|move|p1a: Time machine|Trick|p2a: Klefki\n|-activate|p1a: Time machine|move: Trick|[of] p2a: Klefki\n|-item|p2a: Klefki|Choice Specs|[from] move: Trick\n|-item|p1a: Time machine|Eject Button|[from] move: Trick\n|\n|upkeep\n|turn|2\n|\n|t:|1667042284\n|move|p2a: Klefki|Spikes|p1a: Time machine\n|-sidestart|p1: Sunside|Spikes\n|move|p1a: Time machine|Defog|p2a: Klefki\n|-unboost|p2a: Klefki|evasion|1\n|-sideend|p1: Sunside|Spikes|[from] move: Defog|[of] p1a: Time machine\n|\n|upkeep\n|turn|3\n|\n|t:|1667042296\n|switch|p1a: Ded zone|Magnezone|100\/100\n|move|p2a: Klefki|Spikes|p1a: Ded zone\n|-sidestart|p1: Sunside|Spikes\n|\n|upkeep\n|turn|4\n|\n|t:|1667042300\n|move|p2a: Klefki|Spikes|p1a: Ded zone\n|-sidestart|p1: Sunside|Spikes\n|move|p1a: Ded zone|Iron Defense|p1a: Ded zone\n|-boost|p1a: Ded zone|def|2\n|\n|upkeep\n|turn|5\n|j| randoguestman\n|\n|t:|1667042303\n|move|p2a: Klefki|Spikes|p1a: Ded zone\n|-sidestart|p1: Sunside|Spikes\n|move|p1a: Ded zone|Iron Defense|p1a: Ded zone\n|-boost|p1a: Ded zone|def|2\n|\n|upkeep\n|turn|6\n|\n|t:|1667042306\n|move|p2a: Klefki|Spikes||[still]\n|-fail|p2a: Klefki\n|move|p1a: Ded zone|Iron Defense|p1a: Ded zone\n|-boost|p1a: Ded zone|def|2\n|\n|upkeep\n|turn|7\n|\n|t:|1667042308\n|move|p2a: Klefki|Spikes||[still]\n|-fail|p2a: Klefki\n|move|p1a: Ded zone|Substitute|p1a: Ded zone\n|-start|p1a: Ded zone|Substitute\n|-damage|p1a: Ded zone|75\/100\n|\n|upkeep\n|turn|8\n|\n|t:|1667042312\n|move|p2a: Klefki|Spikes||[still]\n|-fail|p2a: Klefki\n|move|p1a: Ded zone|Body Press|p2a: Klefki\n|-damage|p2a: Klefki|0 fnt\n|faint|p2a: Klefki\n|\n|upkeep\n|\n|t:|1667042321\n|switch|p2a: Landorus|Landorus-Therian, M|100\/100\n|-ability|p2a: Landorus|Intimidate|boost\n|-immune|p1a: Ded zone\n|turn|9\n|\n|t:|1667042333\n|move|p2a: Landorus|Earthquake|p1a: Ded zone\n|-supereffective|p1a: Ded zone\n|-end|p1a: Ded zone|Substitute\n|move|p1a: Ded zone|Body Press|p2a: Landorus\n|-resisted|p2a: Landorus\n|-damage|p2a: Landorus|45\/100\n|-damage|p1a: Ded zone|59\/100|[from] item: Rocky Helmet|[of] p2a: Landorus\n|\n|upkeep\n|turn|10\n|\n|t:|1667042337\n|move|p2a: Landorus|Earthquake|p1a: Ded zone\n|-supereffective|p1a: Ded zone\n|-damage|p1a: Ded zone|21\/100\n|move|p1a: Ded zone|Body Press|p2a: Landorus\n|-resisted|p2a: Landorus\n|-damage|p2a: Landorus|0 fnt\n|-damage|p1a: Ded zone|5\/100|[from] item: Rocky Helmet|[of] p2a: Landorus\n|faint|p2a: Landorus\n|\n|upkeep\n|\n|t:|1667042341\n|switch|p2a: Nidoking|Nidoking, M|100\/100\n|turn|11\n|\n|t:|1667042345\n|move|p2a: Nidoking|Ice Beam|p1a: Ded zone\n|-resisted|p1a: Ded zone\n|-damage|p1a: Ded zone|0 fnt\n|faint|p1a: Ded zone\n|\n|upkeep\n|\n|t:|1667042349\n|switch|p1a: Time machine|Rotom-Wash|100\/100\n|turn|12\n|\n|t:|1667042351\n|move|p1a: Time machine|Defog|p2a: Nidoking\n|-unboost|p2a: Nidoking|evasion|1\n|-sideend|p1: Sunside|Spikes|[from] move: Defog|[of] p1a: Time machine\n|move|p2a: Nidoking|Sludge Wave|p1a: Time machine\n|-damage|p1a: Time machine|6\/100\n|\n|upkeep\n|turn|13\n|\n|t:|1667042356\n|move|p1a: Time machine|Hydro Pump|p2a: Nidoking\n|-supereffective|p2a: Nidoking\n|-damage|p2a: Nidoking|0 fnt\n|faint|p2a: Nidoking\n|\n|upkeep\n|\n|t:|1667042362\n|switch|p2a: Kartana|Kartana|100\/100\n|turn|14\n|l| randoguestman\n|inactive|Sunside has 120 seconds left.\n|\n|t:|1667042421\n|switch|p1a: Heart|Volcarona, F|100\/100\n|move|p2a: Kartana|Knock Off|p1a: Heart\n|-damage|p1a: Heart|36\/100\n|-enditem|p1a: Heart|Heavy-Duty Boots|[from] move: Knock Off|[of] p2a: Kartana\n|\n|upkeep\n|turn|15\n|\n|t:|1667042426\n|move|p2a: Kartana|Knock Off|p1a: Heart\n|-damage|p1a: Heart|0 fnt\n|faint|p1a: Heart\n|-ability|p2a: Kartana|Beast Boost|boost\n|-boost|p2a: Kartana|atk|1\n|\n|upkeep\n|j| xiaolong891\n|\n|t:|1667042430\n|switch|p1a: Strike noir|Urshifu-Rapid-Strike, F|100\/100\n|turn|16\n|\n|t:|1667042433\n|switch|p2a: Urshifu|Urshifu-Rapid-Strike, F|100\/100\n|move|p1a: Strike noir|Close Combat|p2a: Urshifu\n|-damage|p2a: Urshifu|38\/100\n|-unboost|p1a: Strike noir|def|1\n|-unboost|p1a: Strike noir|spd|1\n|\n|upkeep\n|turn|17\n|\n|t:|1667042438\n|move|p2a: Urshifu|Close Combat|p1a: Strike noir\n|-damage|p1a: Strike noir|0 fnt\n|-unboost|p2a: Urshifu|def|1\n|-unboost|p2a: Urshifu|spd|1\n|faint|p1a: Strike noir\n|\n|upkeep\n|j| Kyurem\n|\n|t:|1667042443\n|switch|p1a: God killer|Landorus-Therian, M|100\/100\n|-ability|p1a: God killer|Intimidate|boost\n|-unboost|p2a: Urshifu|atk|1\n|turn|18\n|\n|t:|1667042446\n|switch|p2a: Kartana|Kartana|100\/100\n|move|p1a: God killer|Stealth Rock|p2a: Kartana\n|-sidestart|p2: Shinjou Akane|move: Stealth Rock\n|\n|upkeep\n|turn|19\n|\n|t:|1667042449\n|move|p2a: Kartana|Leaf Blade|p1a: God killer\n|-crit|p1a: God killer\n|-damage|p1a: God killer|16\/100\n|move|p1a: God killer|U-turn|p2a: Kartana\n|-damage|p2a: Kartana|76\/100\n|\n|t:|1667042453\n|switch|p1a: Guardian|Latias, F|100\/100|[from]move: U-turn\n|\n|upkeep\n|turn|20\n|\n|t:|1667042455\n|switch|p2a: Tapu Fini|Tapu Fini, shiny|100\/100\n|-damage|p2a: Tapu Fini|88\/100|[from] Stealth Rock\n|-fieldstart|move: Misty Terrain|[from] ability: Misty Surge|[of] p2a: Tapu Fini\n|move|p1a: Guardian|Psychic|p2a: Tapu Fini\n|-crit|p2a: Tapu Fini\n|-damage|p2a: Tapu Fini|26\/100\n|\n|upkeep\n|turn|21\n|\n|t:|1667042460\n|move|p1a: Guardian|Psychic|p2a: Tapu Fini\n|-damage|p2a: Tapu Fini|0 fnt\n|faint|p2a: Tapu Fini\n|\n|upkeep\n|\n|t:|1667042469\n|switch|p2a: Kartana|Kartana|76\/100\n|-damage|p2a: Kartana|70\/100|[from] Stealth Rock\n|turn|22\n|\n|t:|1667042471\n|move|p1a: Guardian|Psychic|p2a: Kartana\n|-resisted|p2a: Kartana\n|-damage|p2a: Kartana|10\/100\n|-unboost|p2a: Kartana|spd|1\n|move|p2a: Kartana|Knock Off|p1a: Guardian\n|-supereffective|p1a: Guardian\n|-damage|p1a: Guardian|0 fnt\n|-enditem|p1a: Guardian|Choice Scarf|[from] move: Knock Off|[of] p2a: Kartana\n|faint|p1a: Guardian\n|-ability|p2a: Kartana|Beast Boost|boost\n|-boost|p2a: Kartana|atk|1\n|\n|upkeep\n|\n|t:|1667042475\n|switch|p1a: God killer|Landorus-Therian, M|16\/100\n|-ability|p1a: God killer|Intimidate|boost\n|-unboost|p2a: Kartana|atk|1\n|turn|23\n|\n|t:|1667042478\n|move|p2a: Kartana|Knock Off|p1a: God killer\n|-crit|p1a: God killer\n|-damage|p1a: God killer|0 fnt\n|-enditem|p1a: God killer|Leftovers|[from] move: Knock Off|[of] p2a: Kartana\n|faint|p1a: God killer\n|-ability|p2a: Kartana|Beast Boost|boost\n|-boost|p2a: Kartana|atk|1\n|\n|upkeep\n|l| xiaolong891\n|\n|t:|1667042506\n|switch|p1a: Time machine|Rotom-Wash|6\/100\n|turn|24\n|\n|t:|1667042509\n|move|p2a: Kartana|Knock Off|p1a: Time machine\n|-damage|p1a: Time machine|0 fnt\n|-enditem|p1a: Time machine|Eject Button|[from] move: Knock Off|[of] p2a: Kartana\n|faint|p1a: Time machine\n|\n|win|Shinjou Akane\n|raw|Sunside's rating: 1643 &rarr; <strong>1621<\/strong><br \/>(-22 for losing)\n|raw|Shinjou Akane's rating: 1603 &rarr; <strong>1625<\/strong><br \/>(+22 for winning)\n|l|\u2606Sunside\n","uploadtime":1667042515,"views":11,"p1id":"sunside","p2id":"shinjouakane","formatid":"gen8ou","rating":1621,"private":0,"password":null}