{"id":"gen8ou-1526665678","p1":"NeoNaruto\u2708\ufe0f_\u2708\ufe0f","p2":"Forest Ruler","format":"gen8ou","log":"|j|\u2606NeoNaruto\u2708\ufe0f_\u2708\ufe0f\n|j|\u2606Forest Ruler\n|inactive|Battle timer is ON: inactive players will automatically lose when time's up.\n|t:|1646794290\n|gametype|singles\n|player|p1|NeoNaruto\u2708\ufe0f_\u2708\ufe0f|medium|\n|player|p2|Forest Ruler|valerie|\n|teamsize|p1|6\n|teamsize|p2|6\n|gen|8\n|tier|[Gen 8] OU\n|rated|Tournament battle\n|rule|Sleep Clause Mod: Limit one foe put to sleep\n|rule|Species Clause: Limit one of each Pok\u00e9mon\n|rule|OHKO Clause: OHKO moves are banned\n|rule|Evasion Moves Clause: Evasion moves are banned\n|rule|Endless Battle Clause: Forcing endless battles is banned\n|rule|HP Percentage Mod: HP is shown in percentages\n|clearpoke\n|poke|p1|Landorus-Therian, M|\n|poke|p1|Slowbro, M|\n|poke|p1|Tapu Koko|\n|poke|p1|Dragonite, M|\n|poke|p1|Darmanitan, F|\n|poke|p1|Tyranitar, F|\n|poke|p2|Arctozolt|\n|poke|p2|Zoroark, L97, M|\n|poke|p2|Kommo-o, F|\n|poke|p2|Ribombee, F|\n|poke|p2|Scizor, L96, F|\n|poke|p2|Lurantis, F|\n|teampreview\n|inactive|NeoNaruto\u2708\ufe0f_\u2708\ufe0f also wants the timer to be on.\n|\n|t:|1646794297\n|start\n|switch|p1a: DA LAST REX(3005)|Tyranitar, F|100\/100\n|switch|p2a: Help me|Arctozolt, L97, shiny|100\/100\n|-weather|Sandstorm|[from] ability: Sand Stream|[of] p1a: DA LAST REX(3005)\n|turn|1\n|j| TheNewBrends11\n|\n|t:|1646794310\n|switch|p2a: Metal|Scizor, L96, F, shiny|100\/100\n|switch|p1a: spvceghvstpvrrp|Slowbro, M, shiny|100\/100\n|\n|-weather|Sandstorm|[upkeep]\n|-damage|p1a: spvceghvstpvrrp|94\/100|[from] Sandstorm\n|upkeep\n|turn|2\n|\n|t:|1646794329\n|switch|p1a: Bernie Landers|Landorus-Therian, M|100\/100\n|-ability|p1a: Bernie Landers|Intimidate|boost\n|-unboost|p2a: Metal|atk|1\n|move|p2a: Metal|Bullet Punch|p1a: Bernie Landers\n|-damage|p1a: Bernie Landers|92\/100\n|-damage|p2a: Metal|84\/100|[from] item: Rocky Helmet|[of] p1a: Bernie Landers\n|\n|-weather|Sandstorm|[upkeep]\n|upkeep\n|turn|3\n|\n|t:|1646794344\n|switch|p2a: Help me|Arctozolt, shiny|100\/100\n|move|p1a: Bernie Landers|Stealth Rock|p2a: Help me\n|-sidestart|p2: Forest Ruler|move: Stealth Rock\n|\n|-weather|Sandstorm|[upkeep]\n|-damage|p2a: Help me|94\/100|[from] Sandstorm\n|upkeep\n|turn|4\n|\n|t:|1646794352\n|switch|p1a: DA LAST REX(3005)|Tyranitar, F|100\/100\n|move|p2a: Help me|Freeze-Dry|p1a: DA LAST REX(3005)\n|-damage|p1a: DA LAST REX(3005)|92\/100\n|\n|-weather|Sandstorm|[upkeep]\n|-damage|p2a: Help me|88\/100|[from] Sandstorm\n|upkeep\n|turn|5\n|j| spicyinstaramen\n|\n|t:|1646794370\n|move|p2a: Help me|Bolt Beak|p1a: DA LAST REX(3005)\n|-damage|p1a: DA LAST REX(3005)|42\/100\n|move|p1a: DA LAST REX(3005)|Fire Blast|p2a: Help me\n|-supereffective|p2a: Help me\n|-damage|p2a: Help me|26\/100\n|\n|-weather|none\n|upkeep\n|turn|6\n|\n|t:|1646794380\n|switch|p1a: spvceghvstpvrrp|Slowbro, M, shiny|100\/100\n|move|p2a: Help me|Bolt Beak|p1a: spvceghvstpvrrp\n|-supereffective|p1a: spvceghvstpvrrp\n|-damage|p1a: spvceghvstpvrrp|33\/100\n|-damage|p2a: Help me|10\/100|[from] item: Rocky Helmet|[of] p1a: spvceghvstpvrrp\n|\n|upkeep\n|turn|7\n|\n|t:|1646794395\n|move|p2a: Help me|Freeze-Dry|p1a: spvceghvstpvrrp\n|-supereffective|p1a: spvceghvstpvrrp\n|-damage|p1a: spvceghvstpvrrp|0 fnt\n|faint|p1a: spvceghvstpvrrp\n|\n|upkeep\n|\n|t:|1646794398\n|switch|p1a: Fat Charizard|Dragonite, M, shiny|100\/100\n|turn|8\n|\n|t:|1646794403\n|move|p1a: Fat Charizard|Extreme Speed|p2a: Help me\n|-damage|p2a: Help me|0 fnt\n|faint|p2a: Help me\n|\n|upkeep\n|\n|t:|1646794413\n|switch|p2a: Smol|Ribombee, F, shiny|100\/100\n|-damage|p2a: Smol|76\/100|[from] Stealth Rock\n|turn|9\n|\n|t:|1646794417\n|switch|p1a: DA LAST REX(3005)|Tyranitar, F|42\/100\n|-weather|Sandstorm|[from] ability: Sand Stream|[of] p1a: DA LAST REX(3005)\n|move|p2a: Smol|Switcheroo|p1a: DA LAST REX(3005)\n|-activate|p2a: Smol|move: Trick|[of] p1a: DA LAST REX(3005)\n|-item|p1a: DA LAST REX(3005)|Sticky Barb|[from] move: Switcheroo\n|-item|p2a: Smol|Assault Vest|[from] move: Switcheroo\n|\n|-weather|Sandstorm|[upkeep]\n|-damage|p2a: Smol|69\/100|[from] Sandstorm\n|-damage|p1a: DA LAST REX(3005)|30\/100|[from] item: Sticky Barb\n|upkeep\n|turn|10\n|\n|t:|1646794429\n|move|p2a: Smol|Dazzling Gleam|p1a: DA LAST REX(3005)\n|-supereffective|p1a: DA LAST REX(3005)\n|-damage|p1a: DA LAST REX(3005)|5\/100\n|move|p1a: DA LAST REX(3005)|Stone Edge|p2a: Smol\n|-supereffective|p2a: Smol\n|-damage|p2a: Smol|0 fnt\n|faint|p2a: Smol\n|\n|-weather|Sandstorm|[upkeep]\n|-damage|p1a: DA LAST REX(3005)|0 fnt|[from] item: Sticky Barb\n|faint|p1a: DA LAST REX(3005)\n|upkeep\n|\n|t:|1646794443\n|switch|p2a: Bea|Kommo-o, F, shiny|100\/100\n|switch|p1a: VODECi|Tapu Koko|100\/100\n|-fieldstart|move: Electric Terrain|[from] ability: Electric Surge|[of] p1a: VODECi\n|-damage|p2a: Bea|94\/100|[from] Stealth Rock\n|turn|11\n|j| Dark moltress\n|l| Dark moltress\n|\n|t:|1646794455\n|move|p1a: VODECi|Dazzling Gleam|p2a: Bea\n|-supereffective|p2a: Bea\n|-damage|p2a: Bea|0 fnt\n|faint|p2a: Bea\n|\n|-weather|Sandstorm|[upkeep]\n|-damage|p1a: VODECi|94\/100|[from] Sandstorm\n|upkeep\n|\n|t:|1646794468\n|switch|p2a: Olivia|Lurantis, F, shiny|100\/100\n|-damage|p2a: Olivia|88\/100|[from] Stealth Rock\n|turn|12\n|\n|t:|1646794473\n|move|p1a: VODECi|Dazzling Gleam|p2a: Olivia\n|-damage|p2a: Olivia|17\/100\n|move|p2a: Olivia|Sunny Day|p2a: Olivia\n|-weather|SunnyDay\n|\n|-weather|SunnyDay|[upkeep]\n|upkeep\n|turn|13\n|\n|t:|1646794483\n|switch|p1a: Bernie Landers|Landorus-Therian, M|92\/100\n|-ability|p1a: Bernie Landers|Intimidate|boost\n|-boost|p2a: Olivia|atk|1\n|-start|p2a: Olivia|Dynamax\n|-heal|p2a: Olivia|17\/100|[silent]\n|move|p2a: Olivia|Max Guard||[still]\n|-fail|p2a: Olivia\n|\n|-weather|SunnyDay|[upkeep]\n|upkeep\n|turn|14\n|\n|t:|1646794495\n|move|p1a: Bernie Landers|U-turn|p2a: Olivia\n|-supereffective|p2a: Olivia\n|-damage|p2a: Olivia|0 fnt\n|faint|p2a: Olivia\n|\n|t:|1646794497\n|switch|p1a: PURRP FOR SALE|Darmanitan, F|100\/100|[from]move: U-turn\n|\n|-weather|SunnyDay|[upkeep]\n|upkeep\n|\n|t:|1646794510\n|switch|p2a: Metal|Scizor, L97, F, shiny|100\/100\n|turn|15\n|\n|t:|1646794520\n|move|p1a: PURRP FOR SALE|Flare Blitz|p2a: Metal\n|-damage|p2a: Metal|0 fnt\n|replace|p2a: March|Zoroark, L97, M\n|-end|p2a: March|Illusion\n|faint|p2a: March\n|-damage|p1a: PURRP FOR SALE|75\/100|[from] Recoil\n|\n|-weather|SunnyDay|[upkeep]\n|-fieldend|move: Electric Terrain\n|upkeep\n|\n|t:|1646794528\n|switch|p2a: Metal|Scizor, L96, F, shiny|84\/100\n|-damage|p2a: Metal|72\/100|[from] Stealth Rock\n|turn|16\n|\n|t:|1646794533\n|move|p1a: PURRP FOR SALE|Flare Blitz|p2a: Metal\n|-supereffective|p2a: Metal\n|-damage|p2a: Metal|0 fnt\n|faint|p2a: Metal\n|-damage|p1a: PURRP FOR SALE|55\/100|[from] Recoil\n|\n|win|NeoNaruto\u2708\ufe0f_\u2708\ufe0f\n|n|\u2606NeoNaruto\u2708\ufe0f_\u2708\ufe0f|neonaruto\n|n|\u2606Forest Ruler|forestruler\n|n| TheNewBrends11|thenewbrends11\n|n| spicyinstaramen|spicyinstaramen\n|l|\u2606NeoNaruto\u2708\ufe0f_\u2708\ufe0f\n|c|\u2606Forest Ruler|Nice job\n","uploadtime":1646794543,"views":55,"p1id":"neonaruto","p2id":"forestruler","formatid":"gen8ou","rating":0,"private":0,"password":null}