{"id":"gen8nationaldexag-1584080111","p1":"Rediyu","p2":"Amauranthe","format":"gen8nationaldexag","log":"|j|\u2606Rediyu\n|j|\u2606Amauranthe\n|t:|1653671898\n|gametype|singles\n|player|p1|Rediyu|guitarist|\n|player|p2|Amauranthe|piers|\n|teamsize|p1|6\n|teamsize|p2|6\n|gen|8\n|tier|[Gen 8] National Dex AG\n|rule|HP Percentage Mod: HP is shown in percentages\n|rule|Endless Battle Clause: Forcing endless battles is banned\n|clearpoke\n|poke|p1|Chinchou, L5, F|\n|poke|p1|Sandshrew-Alola, L5, M|\n|poke|p1|Corphish, L5, M|\n|poke|p1|Sandile, L5, M|\n|poke|p1|Aron, L5, M|\n|poke|p1|Drifloon, L5, F|\n|poke|p2|Ponyta, L5, F|\n|poke|p2|Stunky, L5, F|\n|poke|p2|Poliwag, L5, F|\n|poke|p2|Shuppet, L5, M|\n|poke|p2|Joltik, L5, M|\n|poke|p2|Pancham, L5, M|\n|teampreview\n|c|\u2606Rediyu|gl hf\n|c|\u2606Amauranthe|u2\n|\n|t:|1653671974\n|start\n|switch|p1a: Creepypasta#|Drifloon, L5, F|100\/100\n|switch|p2a: PvP|Pancham, L5, M|100\/100\n|turn|1\n|\n|t:|1653671995\n|move|p1a: Creepypasta#|Substitute|p1a: Creepypasta#\n|-start|p1a: Creepypasta#|Substitute\n|-damage|p1a: Creepypasta#|76\/100\n|move|p2a: PvP|Knock Off|p1a: Creepypasta#\n|-supereffective|p1a: Creepypasta#\n|-end|p1a: Creepypasta#|Substitute\n|\n|-status|p1a: Creepypasta#|brn|[from] item: Flame Orb\n|upkeep\n|turn|2\n|\n|t:|1653672080\n|move|p1a: Creepypasta#|Shadow Ball|p2a: PvP\n|-damage|p2a: PvP|48\/100\n|move|p2a: PvP|Knock Off|p1a: Creepypasta#\n|-supereffective|p1a: Creepypasta#\n|-damage|p1a: Creepypasta#|0 fnt\n|-enditem|p1a: Creepypasta#|Flame Orb|[from] move: Knock Off|[of] p2a: PvP\n|faint|p1a: Creepypasta#\n|\n|upkeep\n|\n|t:|1653672094\n|switch|p1a: Uber Killer|Aron, L5, M|100\/100\n|turn|3\n|\n|t:|1653672107\n|move|p2a: PvP|Knock Off|p1a: Uber Killer\n|-damage|p1a: Uber Killer|58\/100\n|-enditem|p1a: Uber Killer|Custap Berry|[from] move: Knock Off|[of] p2a: PvP\n|move|p1a: Uber Killer|Stealth Rock|p2a: PvP\n|-sidestart|p2: Amauranthe|move: Stealth Rock\n|\n|upkeep\n|turn|4\n|\n|t:|1653672112\n|move|p2a: PvP|Drain Punch|p1a: Uber Killer\n|-supereffective|p1a: Uber Killer\n|-damage|p1a: Uber Killer|0 fnt\n|-heal|p2a: PvP|74\/100|[from] drain|[of] p1a: Uber Killer\n|faint|p1a: Uber Killer\n|\n|upkeep\n|\n|t:|1653672116\n|switch|p1a: Geld! Geld!|Corphish, L5, M|100\/100\n|turn|5\n|\n|t:|1653672152\n|move|p2a: PvP|Knock Off|p1a: Geld! Geld!\n|-damage|p1a: Geld! Geld!|70\/100\n|-enditem|p1a: Geld! Geld!|Eviolite|[from] move: Knock Off|[of] p2a: PvP\n|move|p1a: Geld! Geld!|Waterfall|p2a: PvP\n|-damage|p2a: PvP|22\/100\n|\n|upkeep\n|turn|6\n|\n|t:|1653672169\n|move|p1a: Geld! Geld!|Aqua Jet|p2a: PvP\n|-damage|p2a: PvP|0 fnt\n|faint|p2a: PvP\n|\n|upkeep\n|\n|t:|1653672213\n|switch|p2a: Boom!|Stunky, L5, F, shiny|100\/100\n|-damage|p2a: Boom!|91\/100|[from] Stealth Rock\n|turn|7\n|\n|t:|1653672223\n|move|p2a: Boom!|Defog|p1a: Geld! Geld!\n|-unboost|p1a: Geld! Geld!|evasion|1\n|-sideend|p2: Amauranthe|Stealth Rock|[from] move: Defog|[of] p2a: Boom!\n|move|p1a: Geld! Geld!|Waterfall|p2a: Boom!\n|-damage|p2a: Boom!|28\/100\n|\n|upkeep\n|turn|8\n|\n|t:|1653672243\n|switch|p2a: Invincible|Poliwag, L5, F, shiny|100\/100\n|move|p1a: Geld! Geld!|Aqua Jet|p2a: Invincible\n|-immune|p2a: Invincible|[from] ability: Water Absorb\n|\n|upkeep\n|turn|9\n|\n|t:|1653672261\n|switch|p1a: Creepypasta#2|Chinchou, L5, F|100\/100\n|move|p2a: Invincible|Earth Power|p1a: Creepypasta#2\n|-supereffective|p1a: Creepypasta#2\n|-damage|p1a: Creepypasta#2|13\/100\n|-damage|p2a: Invincible|95\/100|[from] item: Life Orb\n|\n|upkeep\n|turn|10\n|\n|t:|1653672284\n|switch|p2a: Boom!|Stunky, L5, F, shiny|28\/100\n|move|p1a: Creepypasta#2|Volt Switch|p2a: Boom!\n|-damage|p2a: Boom!|0 fnt\n|faint|p2a: Boom!\n|\n|t:|1653672298\n|switch|p1a: Zero Jr.|Sandile, L5, M|100\/100|[from]move: Volt Switch\n|\n|upkeep\n|\n|t:|1653672319\n|switch|p2a: Electroheart|Joltik, L5, M|100\/100\n|turn|11\n|\n|t:|1653672324\n|switch|p1a: Sanic|Sandshrew-Alola, L5, M|100\/100\n|move|p2a: Electroheart|Bug Buzz|p1a: Sanic\n|-resisted|p1a: Sanic\n|-damage|p1a: Sanic|72\/100\n|\n|upkeep\n|turn|12\n|\n|t:|1653672342\n|move|p2a: Electroheart|Volt Switch|p1a: Sanic\n|-damage|p1a: Sanic|29\/100\n|\n|t:|1653672350\n|switch|p2a: Inferno|Ponyta, L5, F, shiny|100\/100|[from]move: Volt Switch\n|move|p1a: Sanic|Earthquake|p2a: Inferno\n|-supereffective|p2a: Inferno\n|-damage|p2a: Inferno|0 fnt\n|faint|p2a: Inferno\n|\n|upkeep\n|\n|t:|1653672367\n|switch|p2a: Invincible|Poliwag, L5, F, shiny|95\/100\n|turn|13\n|\n|t:|1653672372\n|move|p2a: Invincible|Surf|p1a: Sanic\n|-damage|p1a: Sanic|0 fnt\n|faint|p1a: Sanic\n|-damage|p2a: Invincible|90\/100|[from] item: Life Orb\n|\n|upkeep\n|\n|t:|1653672374\n|switch|p1a: Creepypasta#2|Chinchou, L5, F|13\/100\n|turn|14\n|\n|t:|1653672380\n|move|p1a: Creepypasta#2|Volt Switch|p2a: Invincible\n|-supereffective|p2a: Invincible\n|-damage|p2a: Invincible|0 fnt\n|faint|p2a: Invincible\n|\n|t:|1653672402\n|switch|p1a: Geld! Geld!|Corphish, L5, M|70\/100|[from]move: Volt Switch\n|\n|upkeep\n|\n|t:|1653672427\n|switch|p2a: Electroheart|Joltik, L5, M|100\/100\n|turn|15\n|\n|t:|1653672429\n|move|p1a: Geld! Geld!|Aqua Jet|p2a: Electroheart\n|-crit|p2a: Electroheart\n|-damage|p2a: Electroheart|24\/100\n|move|p2a: Electroheart|Giga Drain|p1a: Geld! Geld!\n|-supereffective|p1a: Geld! Geld!\n|-damage|p1a: Geld! Geld!|0 fnt\n|-heal|p2a: Electroheart|58\/100|[from] drain|[of] p1a: Geld! Geld!\n|faint|p1a: Geld! Geld!\n|\n|upkeep\n|\n|t:|1653672487\n|switch|p1a: Zero Jr.|Sandile, L5, M|100\/100\n|turn|16\n|\n|t:|1653672501\n|move|p1a: Zero Jr.|Crunch|p2a: Electroheart\n|-damage|p2a: Electroheart|0 fnt\n|faint|p2a: Electroheart\n|-ability|p1a: Zero Jr.|Moxie|boost\n|-boost|p1a: Zero Jr.|atk|1\n|\n|upkeep\n|\n|t:|1653672503\n|switch|p2a: Archangel|Shuppet, L5, M|100\/100\n|-item|p1a: Zero Jr.|Choice Scarf|[from] ability: Frisk|[of] p2a: Archangel|[identify]\n|turn|17\n|\n|t:|1653672505\n|move|p1a: Zero Jr.|Crunch|p2a: Archangel\n|-supereffective|p2a: Archangel\n|-damage|p2a: Archangel|0 fnt\n|faint|p2a: Archangel\n|\n|win|Rediyu\n|c|\u2606Rediyu|gg\n","uploadtime":1653672510,"views":10,"p1id":"rediyu","p2id":"amauranthe","formatid":"gen8nationaldexag","rating":0,"private":0,"password":null}