{"id":"gen8randombattle-1143443372","p1":"heavyisdead","p2":"gamer203","format":"gen8randombattle","log":"|j|\u2606heavyisdead\n|j|\u2606gamer203\n|player|p1|heavyisdead|102|1467\n|player|p2|gamer203|169|1429\n|teamsize|p1|6\n|teamsize|p2|6\n|gametype|singles\n|gen|8\n|tier|[Gen 8] Random Battle\n|rated|\n|rule|Species Clause: Limit one of each Pok\u00e9mon\n|rule|HP Percentage Mod: HP is shown in percentages\n|rule|Sleep Clause Mod: Limit one foe put to sleep\n|\n|start\n|switch|p1a: Keldeo|Keldeo-Resolute, L82|283\/283\n|switch|p2a: Zekrom|Zekrom, L72|263\/263\n|-ability|p2a: Zekrom|Teravolt\n|turn|1\n|inactive|Battle timer is ON: inactive players will automatically lose when time's up. (requested by heavyisdead)\n|\n|switch|p1a: Vileplume|Vileplume, L84, F|263\/263\n|move|p2a: Zekrom|Dragon Dance|p2a: Zekrom\n|-boost|p2a: Zekrom|atk|1\n|-boost|p2a: Zekrom|spe|1\n|\n|upkeep\n|turn|2\n|\n|move|p2a: Zekrom|Substitute|p2a: Zekrom\n|-start|p2a: Zekrom|Substitute\n|-damage|p2a: Zekrom|198\/263\n|move|p1a: Vileplume|Strength Sap||[still]\n|-fail|p1a: Vileplume\n|\n|upkeep\n|turn|3\n|\n|move|p2a: Zekrom|Dragon Dance|p2a: Zekrom\n|-boost|p2a: Zekrom|atk|1\n|-boost|p2a: Zekrom|spe|1\n|move|p1a: Vileplume|Sludge Bomb|p2a: Zekrom\n|-end|p2a: Zekrom|Substitute\n|\n|upkeep\n|turn|4\n|\n|move|p2a: Zekrom|Outrage|p1a: Vileplume\n|-damage|p1a: Vileplume|0 fnt\n|-status|p2a: Zekrom|psn|[from] ability: Effect Spore|[of] p1a: Vileplume\n|-enditem|p2a: Zekrom|Lum Berry|[eat]\n|-curestatus|p2a: Zekrom|psn|[msg]\n|faint|p1a: Vileplume\n|\n|upkeep\n|\n|switch|p1a: Gurdurr|Gurdurr, L86, M|286\/286\n|turn|5\n|\n|move|p2a: Zekrom|Outrage|p1a: Gurdurr|[from]lockedmove\n|-damage|p1a: Gurdurr|97\/286\n|move|p1a: Gurdurr|Bulk Up|p1a: Gurdurr\n|-boost|p1a: Gurdurr|atk|1\n|-boost|p1a: Gurdurr|def|1\n|\n|upkeep\n|turn|6\n|\n|move|p1a: Gurdurr|Mach Punch|p2a: Zekrom\n|-damage|p2a: Zekrom|122\/263\n|move|p2a: Zekrom|Outrage|p1a: Gurdurr|[from]lockedmove\n|-damage|p1a: Gurdurr|0 fnt\n|-start|p2a: Zekrom|confusion|[fatigue]\n|faint|p1a: Gurdurr\n|\n|upkeep\n|\n|switch|p1a: Delibird|Delibird, F|252\/252\n|turn|7\n|\n|-activate|p2a: Zekrom|confusion\n|-damage|p2a: Zekrom|65\/263|[from] confusion\n|move|p1a: Delibird|Spikes|p2a: Zekrom\n|-sidestart|p2: gamer203|Spikes\n|\n|upkeep\n|turn|8\n|\n|-activate|p2a: Zekrom|confusion\n|move|p2a: Zekrom|Bolt Strike|p1a: Delibird\n|-supereffective|p1a: Delibird\n|-damage|p1a: Delibird|0 fnt\n|faint|p1a: Delibird\n|\n|upkeep\n|\n|switch|p1a: Cryogonal|Cryogonal, L88|284\/284\n|turn|9\n|\n|-end|p2a: Zekrom|confusion\n|move|p2a: Zekrom|Bolt Strike|p1a: Cryogonal\n|-damage|p1a: Cryogonal|0 fnt\n|faint|p1a: Cryogonal\n|\n|upkeep\n|\n|switch|p1a: Gourgeist|Gourgeist-Large, L88, F|275\/275\n|turn|10\n|\n|-start|p2a: Zekrom|Dynamax\n|-heal|p2a: Zekrom|130\/526|[silent]\n|move|p2a: Zekrom|Max Wyrmwind|p1a: Gourgeist\n|-damage|p1a: Gourgeist|28\/275\n|-unboost|p1a: Gourgeist|atk|1\n|move|p1a: Gourgeist|Will-O-Wisp|p2a: Zekrom\n|-status|p2a: Zekrom|brn\n|\n|-heal|p1a: Gourgeist|45\/275|[from] item: Leftovers\n|-damage|p2a: Zekrom|114\/526 brn|[from] brn\n|upkeep\n|turn|11\n|\n|move|p2a: Zekrom|Max Wyrmwind|p1a: Gourgeist\n|-damage|p1a: Gourgeist|0 fnt\n|faint|p1a: Gourgeist\n|\n|-damage|p2a: Zekrom|98\/526 brn|[from] brn\n|upkeep\n|\n|switch|p1a: Keldeo|Keldeo-Resolute, L82|283\/283\n|turn|12\n|\n|move|p2a: Zekrom|Max Lightning|p1a: Keldeo\n|-supereffective|p1a: Keldeo\n|-damage|p1a: Keldeo|0 fnt\n|-fieldstart|move: Electric Terrain\n|faint|p1a: Keldeo\n|\n|win|gamer203\n|l|\u2606heavyisdead\n|c|\u2606gamer203|gg\n|raw|heavyisdead's rating: 1485 &rarr; <strong>1460<\/strong><br \/>(-25 for losing)\n|raw|gamer203's rating: 1405 &rarr; <strong>1430<\/strong><br \/>(+25 for winning)\n","inputlog":">version 1132ca43c4119dfd145ed60dc1cd73812e5335f3\n>start {\"formatid\":\"gen8randombattle\",\"seed\":[16527,28102,49717,37101],\"rated\":\"Rated battle\"}\n>player p1 {\"name\":\"heavyisdead\",\"avatar\":\"102\",\"team\":\"\",\"rating\":1467,\"seed\":[26954,27131,53011,64091]}\n>player p2 {\"name\":\"gamer203\",\"avatar\":\"169\",\"team\":\"\",\"rating\":1429,\"seed\":[48953,63999,49681,470]}\n>p1 switch 5\n>p2 move dragondance\n>p1 move strengthsap\n>p2 move substitute\n>p1 move sludgebomb\n>p2 move dragondance\n>p1 move sludgebomb\n>p2 move outrage\n>p1 switch 6\n>p1 move bulkup\n>p2 move outrage\n>p1 move machpunch\n>p2 move outrage\n>p1 switch 2\n>p1 move spikes\n>p2 move boltstrike\n>p1 move freezedry\n>p2 move boltstrike\n>p1 switch 3\n>p1 move freezedry\n>p2 move boltstrike\n>p1 switch 4\n>p1 move willowisp\n>p2 move outrage dynamax\n>p1 move poltergeist\n>p2 move outrage dynamax\n>p1 switch 5\n>p1 move calmmind\n>p2 move boltstrike dynamax","uploadtime":1593645744,"views":9,"p1id":"heavyisdead","p2id":"gamer203","formatid":"gen8randombattle","rating":1430,"private":0,"password":null}