{"id":"gen8ou-1666760466","p1":"ty-tyui\u21bb","p2":"RggV_YT","format":"gen8ou","log":"|j|\u2606ty-tyui\u21bb\n|j|\u2606RggV_YT\n|t:|1663443449\n|gametype|singles\n|player|p1|ty-tyui\u21bb|blue-lgpe|1766\n|player|p2|RggV_YT|scientist-gen4|1756\n|teamsize|p1|6\n|teamsize|p2|6\n|gen|8\n|tier|[Gen 8] OU\n|rated|\n|rule|Sleep Clause Mod: Limit one foe put to sleep\n|rule|Species Clause: Limit one of each Pok\u00e9mon\n|rule|OHKO Clause: OHKO moves are banned\n|rule|Evasion Items Clause: Evasion items are banned\n|rule|Evasion Moves Clause: Evasion moves are banned\n|rule|Endless Battle Clause: Forcing endless battles is banned\n|rule|HP Percentage Mod: HP is shown in percentages\n|rule|Dynamax Clause: You cannot dynamax\n|clearpoke\n|poke|p1|Darmanitan, M|\n|poke|p1|Tapu Lele|\n|poke|p1|Dragapult, F|\n|poke|p1|Urshifu-*, F|\n|poke|p1|Corviknight, M|\n|poke|p1|Landorus-Therian, M|\n|poke|p2|Politoed, M|\n|poke|p2|Heliolisk, M|\n|poke|p2|Kingdra, F|\n|poke|p2|Mudsdale, M|\n|poke|p2|Scizor, F|\n|poke|p2|Victini|\n|teampreview\n|inactive|Battle timer is ON: inactive players will automatically lose when time's up. (requested by RggV_YT)\n|j| 0SiegeWarfare\n|c| 0SiegeWarfare|what is this\n|\n|t:|1663443462\n|start\n|switch|p1a: Dragapult|Dragapult, F|100\/100\n|switch|p2a: Victini|Victini|100\/100\n|turn|1\n|\n|t:|1663443466\n|switch|p2a: Politoed|Politoed, M|100\/100\n|-weather|RainDance|[from] ability: Drizzle|[of] p2a: Politoed\n|move|p1a: Dragapult|Shadow Ball|p2a: Politoed\n|-damage|p2a: Politoed|49\/100\n|\n|-weather|RainDance|[upkeep]\n|upkeep\n|turn|2\n|\n|t:|1663443468\n|switch|p2a: Heliolisk|Heliolisk, M|100\/100\n|move|p1a: Dragapult|Shadow Ball|p2a: Heliolisk\n|-immune|p2a: Heliolisk\n|\n|-weather|RainDance|[upkeep]\n|upkeep\n|turn|3\n|\n|t:|1663443475\n|switch|p1a: Corviknight|Corviknight, M|100\/100\n|-ability|p1a: Corviknight|Pressure\n|move|p2a: Heliolisk|Surf|p1a: Corviknight\n|-damage|p1a: Corviknight|49\/100\n|-damage|p2a: Heliolisk|91\/100|[from] item: Life Orb\n|\n|-weather|RainDance|[upkeep]\n|-heal|p2a: Heliolisk|100\/100|[from] ability: Dry Skin\n|upkeep\n|turn|4\n|\n|t:|1663443482\n|switch|p1a: Dragapult|Dragapult, F|100\/100\n|move|p2a: Heliolisk|Surf|p1a: Dragapult\n|-resisted|p1a: Dragapult\n|-damage|p1a: Dragapult|62\/100\n|-damage|p2a: Heliolisk|91\/100|[from] item: Life Orb\n|\n|-weather|RainDance|[upkeep]\n|-heal|p2a: Heliolisk|100\/100|[from] ability: Dry Skin\n|upkeep\n|turn|5\n|\n|t:|1663443487\n|switch|p2a: Scizor|Scizor, F|100\/100\n|move|p1a: Dragapult|Draco Meteor|p2a: Scizor\n|-resisted|p2a: Scizor\n|-damage|p2a: Scizor|38\/100\n|-unboost|p1a: Dragapult|spa|2\n|\n|-weather|RainDance|[upkeep]\n|-heal|p2a: Scizor|44\/100|[from] item: Leftovers\n|upkeep\n|turn|6\n|\n|t:|1663443495\n|switch|p1a: Corviknight|Corviknight, M|49\/100\n|-ability|p1a: Corviknight|Pressure\n|switch|p2a: Victini|Victini|100\/100\n|\n|-weather|RainDance|[upkeep]\n|upkeep\n|turn|7\n|j| HSGHWTF\n|\n|t:|1663443499\n|switch|p1a: Landorus|Landorus-Therian, M|100\/100\n|-ability|p1a: Landorus|Intimidate|boost\n|-unboost|p2a: Victini|atk|1\n|move|p2a: Victini|U-turn|p1a: Landorus\n|-resisted|p1a: Landorus\n|-damage|p1a: Landorus|91\/100\n|\n|t:|1663443500\n|switch|p2a: Kingdra|Kingdra, F|100\/100|[from]move: U-turn\n|\n|-weather|RainDance|[upkeep]\n|-heal|p1a: Landorus|97\/100|[from] item: Leftovers\n|upkeep\n|turn|8\n|\n|t:|1663443508\n|switch|p1a: Urshifu|Urshifu-Rapid-Strike, F|100\/100\n|move|p2a: Kingdra|Surf|p1a: Urshifu\n|-resisted|p1a: Urshifu\n|-damage|p1a: Urshifu|25\/100\n|\n|-weather|none\n|upkeep\n|turn|9\n|\n|t:|1663443513\n|switch|p2a: Mudsdale|Mudsdale, M, shiny|100\/100\n|move|p1a: Urshifu|Close Combat|p2a: Mudsdale\n|-damage|p2a: Mudsdale|61\/100\n|-unboost|p1a: Urshifu|def|1\n|-unboost|p1a: Urshifu|spd|1\n|-ability|p2a: Mudsdale|Stamina|boost\n|-boost|p2a: Mudsdale|def|1\n|\n|-heal|p2a: Mudsdale|67\/100|[from] item: Leftovers\n|upkeep\n|turn|10\n|\n|t:|1663443516\n|move|p1a: Urshifu|Surging Strikes|p2a: Mudsdale\n|-supereffective|p2a: Mudsdale\n|-crit|p2a: Mudsdale\n|-damage|p2a: Mudsdale|40\/100\n|-ability|p2a: Mudsdale|Stamina|boost\n|-boost|p2a: Mudsdale|def|1\n|-supereffective|p2a: Mudsdale\n|-crit|p2a: Mudsdale\n|-damage|p2a: Mudsdale|15\/100\n|-ability|p2a: Mudsdale|Stamina|boost\n|-boost|p2a: Mudsdale|def|1\n|-supereffective|p2a: Mudsdale\n|-crit|p2a: Mudsdale\n|-damage|p2a: Mudsdale|0 fnt\n|faint|p2a: Mudsdale\n|-hitcount|p2: Mudsdale|3\n|\n|upkeep\n|\n|t:|1663443522\n|switch|p2a: Politoed|Politoed, M|49\/100\n|-weather|RainDance|[from] ability: Drizzle|[of] p2a: Politoed\n|turn|11\n|\n|t:|1663443524\n|switch|p2a: Scizor|Scizor, F|44\/100\n|move|p1a: Urshifu|Close Combat|p2a: Scizor\n|-damage|p2a: Scizor|0 fnt\n|-unboost|p1a: Urshifu|def|1\n|-unboost|p1a: Urshifu|spd|1\n|faint|p2a: Scizor\n|\n|-weather|RainDance|[upkeep]\n|upkeep\n|\n|t:|1663443525\n|switch|p2a: Kingdra|Kingdra, F|100\/100\n|turn|12\n|\n|t:|1663443537\n|switch|p1a: Corviknight|Corviknight, M|49\/100\n|-ability|p1a: Corviknight|Pressure\n|move|p2a: Kingdra|Surf|p1a: Corviknight\n|-damage|p1a: Corviknight|0 fnt\n|faint|p1a: Corviknight\n|\n|-weather|RainDance|[upkeep]\n|upkeep\n|\n|t:|1663443555\n|switch|p1a: Dragapult|Dragapult, F|62\/100\n|turn|13\n|\n|t:|1663443557\n|move|p2a: Kingdra|Surf|p1a: Dragapult\n|-resisted|p1a: Dragapult\n|-damage|p1a: Dragapult|3\/100\n|move|p1a: Dragapult|Draco Meteor|p2a: Kingdra\n|-supereffective|p2a: Kingdra\n|-damage|p2a: Kingdra|0 fnt\n|-unboost|p1a: Dragapult|spa|2\n|faint|p2a: Kingdra\n|\n|-weather|RainDance|[upkeep]\n|upkeep\n|\n|t:|1663443566\n|switch|p2a: Heliolisk|Heliolisk, M|100\/100\n|turn|14\n|\n|t:|1663443573\n|switch|p1a: Landorus|Landorus-Therian, M|97\/100\n|-ability|p1a: Landorus|Intimidate|boost\n|-unboost|p2a: Heliolisk|atk|1\n|move|p2a: Heliolisk|Surf|p1a: Landorus\n|-supereffective|p1a: Landorus\n|-damage|p1a: Landorus|18\/100\n|-damage|p2a: Heliolisk|91\/100|[from] item: Life Orb\n|\n|-weather|RainDance|[upkeep]\n|-heal|p2a: Heliolisk|100\/100|[from] ability: Dry Skin\n|-heal|p1a: Landorus|24\/100|[from] item: Leftovers\n|upkeep\n|turn|15\n|\n|t:|1663443584\n|switch|p1a: Urshifu|Urshifu-Rapid-Strike, F|25\/100\n|move|p2a: Heliolisk|Surf|p1a: Urshifu\n|-resisted|p1a: Urshifu\n|-damage|p1a: Urshifu|0 fnt\n|faint|p1a: Urshifu\n|-damage|p2a: Heliolisk|91\/100|[from] item: Life Orb\n|\n|-weather|RainDance|[upkeep]\n|-heal|p2a: Heliolisk|100\/100|[from] ability: Dry Skin\n|upkeep\n|\n|t:|1663443589\n|switch|p1a: Tapu Lele|Tapu Lele|100\/100\n|-fieldstart|move: Psychic Terrain|[from] ability: Psychic Surge|[of] p1a: Tapu Lele\n|turn|16\n|\n|t:|1663443593\n|switch|p2a: Victini|Victini|100\/100\n|move|p1a: Tapu Lele|Psyshock|p2a: Victini\n|-resisted|p2a: Victini\n|-damage|p2a: Victini|75\/100\n|\n|-weather|RainDance|[upkeep]\n|upkeep\n|turn|17\n|\n|t:|1663443598\n|switch|p1a: Landorus|Landorus-Therian, M|24\/100\n|-ability|p1a: Landorus|Intimidate|boost\n|-unboost|p2a: Victini|atk|1\n|move|p2a: Victini|U-turn|p1a: Landorus\n|-resisted|p1a: Landorus\n|-damage|p1a: Landorus|14\/100\n|\n|t:|1663443600\n|switch|p2a: Heliolisk|Heliolisk, M|100\/100|[from]move: U-turn\n|\n|-weather|RainDance|[upkeep]\n|-heal|p1a: Landorus|20\/100|[from] item: Leftovers\n|upkeep\n|turn|18\n|c| 0SiegeWarfare|drop victini\n|\n|t:|1663443609\n|move|p2a: Heliolisk|Surf|p1a: Landorus\n|-supereffective|p1a: Landorus\n|-damage|p1a: Landorus|0 fnt\n|faint|p1a: Landorus\n|-damage|p2a: Heliolisk|91\/100|[from] item: Life Orb\n|\n|-weather|none\n|upkeep\n|\n|t:|1663443614\n|switch|p1a: Dragapult|Dragapult, F|3\/100\n|turn|19\n|c| 0SiegeWarfare|its a thorn in this team\n|\n|t:|1663443618\n|switch|p2a: Politoed|Politoed, M|49\/100\n|-weather|RainDance|[from] ability: Drizzle|[of] p2a: Politoed\n|move|p1a: Dragapult|U-turn|p2a: Politoed\n|-damage|p2a: Politoed|35\/100\n|\n|t:|1663443622\n|switch|p1a: Darmanitan|Darmanitan, M|100\/100|[from]move: U-turn\n|\n|-weather|RainDance|[upkeep]\n|upkeep\n|turn|20\n|\n|t:|1663443630\n|move|p1a: Darmanitan|U-turn|p2a: Politoed\n|-damage|p2a: Politoed|5\/100\n|\n|t:|1663443635\n|switch|p1a: Tapu Lele|Tapu Lele|100\/100|[from]move: U-turn\n|move|p2a: Politoed|Counter|p1a: Tapu Lele\n|-damage|p1a: Tapu Lele|17\/100\n|\n|-weather|RainDance|[upkeep]\n|-fieldend|move: Psychic Terrain\n|upkeep\n|turn|21\n|\n|t:|1663443642\n|move|p1a: Tapu Lele|Moonblast|p2a: Politoed\n|-damage|p2a: Politoed|0 fnt\n|faint|p2a: Politoed\n|\n|-weather|RainDance|[upkeep]\n|upkeep\n|\n|t:|1663443644\n|switch|p2a: Victini|Victini|75\/100\n|turn|22\n|\n|t:|1663443649\n|switch|p1a: Darmanitan|Darmanitan, M|100\/100\n|move|p2a: Victini|U-turn|p1a: Darmanitan\n|-resisted|p1a: Darmanitan\n|-damage|p1a: Darmanitan|75\/100\n|\n|t:|1663443651\n|switch|p2a: Heliolisk|Heliolisk, M|91\/100|[from]move: U-turn\n|\n|-weather|RainDance|[upkeep]\n|-heal|p2a: Heliolisk|100\/100|[from] ability: Dry Skin\n|upkeep\n|turn|23\n|\n|t:|1663443656\n|move|p2a: Heliolisk|Surf|p1a: Darmanitan\n|-supereffective|p1a: Darmanitan\n|-damage|p1a: Darmanitan|0 fnt\n|faint|p1a: Darmanitan\n|-damage|p2a: Heliolisk|91\/100|[from] item: Life Orb\n|\n|-weather|RainDance|[upkeep]\n|-heal|p2a: Heliolisk|100\/100|[from] ability: Dry Skin\n|upkeep\n|\n|t:|1663443658\n|switch|p1a: Dragapult|Dragapult, F|3\/100\n|turn|24\n|\n|t:|1663443665\n|move|p1a: Dragapult|Draco Meteor|p2a: Heliolisk\n|-damage|p2a: Heliolisk|0 fnt\n|-unboost|p1a: Dragapult|spa|2\n|faint|p2a: Heliolisk\n|\n|-weather|RainDance|[upkeep]\n|upkeep\n|\n|t:|1663443667\n|switch|p2a: Victini|Victini|75\/100\n|turn|25\n|j| t-yeu\n|\n|t:|1663443672\n|switch|p1a: Tapu Lele|Tapu Lele|17\/100\n|-fieldstart|move: Psychic Terrain|[from] ability: Psychic Surge|[of] p1a: Tapu Lele\n|move|p2a: Victini|Trick|p1a: Tapu Lele\n|-activate|p2a: Victini|move: Trick|[of] p1a: Tapu Lele\n|-item|p1a: Tapu Lele|Choice Band|[from] move: Trick\n|-item|p2a: Victini|Choice Scarf|[from] move: Trick\n|\n|-weather|RainDance|[upkeep]\n|upkeep\n|turn|26\n|c|\u2606RggV_YT|Gg\n|\n|t:|1663443683\n|move|p2a: Victini|V-create|p1a: Tapu Lele\n|-damage|p1a: Tapu Lele|0 fnt\n|-unboost|p2a: Victini|spe|1\n|-unboost|p2a: Victini|def|1\n|-unboost|p2a: Victini|spd|1\n|faint|p1a: Tapu Lele\n|\n|-weather|none\n|upkeep\n|\n|t:|1663443685\n|switch|p1a: Dragapult|Dragapult, F|3\/100\n|turn|27\n|c|\u2606ty-tyui\u21bb|gg\n|c|\u2606RggV_YT|Nooo\n|c|\u2606RggV_YT|Missclicked lol\n|\n|t:|1663443693\n|move|p1a: Dragapult|Shadow Ball|p2a: Victini\n|-supereffective|p2a: Victini\n|-damage|p2a: Victini|0 fnt\n|faint|p2a: Victini\n|\n|win|ty-tyui\u21bb\n|raw|ty-tyui\u21bb's rating: 1766 &rarr; <strong>1785<\/strong><br \/>(+19 for winning)\n|raw|RggV_YT's rating: 1756 &rarr; <strong>1737<\/strong><br \/>(-19 for losing)\n|c|\u2606ty-tyui\u21bb|lmao\n|l|\u2606ty-tyui\u21bb\n|c|\u2606RggV_YT|Gg\n|l|\u2606RggV_YT\n||Ladder isn't responding, score probably updated but might not have (Request timeout).\n|l| HSGHWTF\n|l| t-yeu\n","uploadtime":1663444269,"views":42,"p1id":"tytyui","p2id":"rggvyt","formatid":"gen8ou","rating":1737,"private":0,"password":null}