{"id":"gen8ou-1587457421","p1":"fishy8995","p2":"jptoroglass","format":"gen8ou","log":"|j|\u2606fishy8995\n|j|\u2606jptoroglass\n|t:|1654134740\n|gametype|singles\n|player|p1|fishy8995|266|1796\n|player|p2|jptoroglass|marley|1773\n|teamsize|p1|6\n|teamsize|p2|6\n|gen|8\n|tier|[Gen 8] OU\n|rated|\n|rule|Sleep Clause Mod: Limit one foe put to sleep\n|rule|Species Clause: Limit one of each Pok\u00e9mon\n|rule|OHKO Clause: OHKO moves are banned\n|rule|Evasion Moves Clause: Evasion moves are banned\n|rule|Endless Battle Clause: Forcing endless battles is banned\n|rule|HP Percentage Mod: HP is shown in percentages\n|rule|Dynamax Clause: You cannot dynamax\n|clearpoke\n|poke|p1|Hippowdon, M|\n|poke|p1|Tyranitar, M|\n|poke|p1|Excadrill, F|\n|poke|p1|Latios, M|\n|poke|p1|Toxapex, F|\n|poke|p1|Dracozolt|\n|poke|p2|Mew|\n|poke|p2|Cloyster, M|\n|poke|p2|Gengar, F|\n|poke|p2|Bisharp, M|\n|poke|p2|Rillaboom, F|\n|poke|p2|Hawlucha, M|\n|teampreview\n|inactive|Battle timer is ON: inactive players will automatically lose when time's up. (requested by jptoroglass)\n|\n|t:|1654134760\n|start\n|switch|p1a: Tyranitar|Tyranitar, M|100\/100\n|switch|p2a: DK did it first|Rillaboom, F|100\/100\n|-fieldstart|move: Grassy Terrain|[from] ability: Grassy Surge|[of] p2a: DK did it first\n|-weather|Sandstorm|[from] ability: Sand Stream|[of] p1a: Tyranitar\n|turn|1\n|\n|t:|1654134772\n|switch|p2a: Mew|Mew, shiny|100\/100\n|move|p1a: Tyranitar|Ice Beam|p2a: Mew\n|-damage|p2a: Mew|78\/100\n|-enditem|p2a: Mew|Red Card|[of] p1a: Tyranitar\n|drag|p1a: Hippowdon|Hippowdon, M|100\/100\n|\n|-weather|Sandstorm|[upkeep]\n|-damage|p2a: Mew|72\/100|[from] Sandstorm\n|-heal|p2a: Mew|78\/100|[from] Grassy Terrain\n|upkeep\n|turn|2\n|\n|t:|1654134780\n|switch|p1a: Excadrill|Excadrill, F|100\/100\n|move|p2a: Mew|Taunt|p1a: Excadrill\n|-start|p1a: Excadrill|move: Taunt\n|\n|-weather|Sandstorm|[upkeep]\n|-damage|p2a: Mew|72\/100|[from] Sandstorm\n|-heal|p2a: Mew|78\/100|[from] Grassy Terrain\n|upkeep\n|turn|3\n|\n|t:|1654134791\n|switch|p2a: DK did it first|Rillaboom, F|100\/100\n|move|p1a: Excadrill|Iron Head|p2a: DK did it first\n|-damage|p2a: DK did it first|53\/100\n|\n|-weather|Sandstorm|[upkeep]\n|-damage|p2a: DK did it first|47\/100|[from] Sandstorm\n|-heal|p2a: DK did it first|53\/100|[from] Grassy Terrain\n|upkeep\n|turn|4\n|j| Magnitude Report\n|\n|t:|1654134805\n|switch|p2a: Mew|Mew, shiny|78\/100\n|move|p1a: Excadrill|Iron Head|p2a: Mew\n|-damage|p2a: Mew|40\/100\n|\n|-weather|Sandstorm|[upkeep]\n|-damage|p2a: Mew|33\/100|[from] Sandstorm\n|-heal|p2a: Mew|40\/100|[from] Grassy Terrain\n|-end|p1a: Excadrill|move: Taunt\n|upkeep\n|turn|5\n|\n|t:|1654134815\n|move|p1a: Excadrill|Swords Dance|p1a: Excadrill\n|-boost|p1a: Excadrill|atk|2\n|move|p2a: Mew|Stealth Rock|p1a: Excadrill\n|-sidestart|p1: fishy8995|move: Stealth Rock\n|\n|-weather|none\n|-heal|p2a: Mew|46\/100|[from] Grassy Terrain\n|-fieldend|move: Grassy Terrain\n|upkeep\n|turn|6\n|\n|t:|1654134828\n|move|p2a: Mew|Explosion|p1a: Excadrill\n|-resisted|p1a: Excadrill\n|-damage|p1a: Excadrill|62\/100\n|faint|p2a: Mew\n|move|p1a: Excadrill|Iron Head|p2: Mew|[notarget]\n|-fail|p1a: Excadrill\n|\n|upkeep\n|\n|t:|1654134843\n|switch|p2a: DK did it first|Rillaboom, F|53\/100\n|-fieldstart|move: Grassy Terrain|[from] ability: Grassy Surge|[of] p2a: DK did it first\n|turn|7\n|\n|t:|1654134848\n|switch|p1a: Latios|Latios, M|100\/100\n|-damage|p1a: Latios|88\/100|[from] Stealth Rock\n|move|p2a: DK did it first|Grassy Glide|p1a: Latios\n|-resisted|p1a: Latios\n|-damage|p1a: Latios|40\/100\n|-damage|p2a: DK did it first|43\/100|[from] item: Life Orb\n|\n|-heal|p2a: DK did it first|49\/100|[from] Grassy Terrain\n|upkeep\n|turn|8\n|\n|t:|1654134858\n|move|p2a: DK did it first|Grassy Glide|p1a: Latios\n|-resisted|p1a: Latios\n|-damage|p1a: Latios|0 fnt\n|faint|p1a: Latios\n|-damage|p2a: DK did it first|39\/100|[from] item: Life Orb\n|\n|-heal|p2a: DK did it first|45\/100|[from] Grassy Terrain\n|upkeep\n|\n|t:|1654134861\n|switch|p1a: Hippowdon|Hippowdon, M|100\/100\n|-damage|p1a: Hippowdon|94\/100|[from] Stealth Rock\n|-weather|Sandstorm|[from] ability: Sand Stream|[of] p1a: Hippowdon\n|turn|9\n|\n|t:|1654134867\n|move|p2a: DK did it first|Grassy Glide|p1a: Hippowdon\n|-supereffective|p1a: Hippowdon\n|-damage|p1a: Hippowdon|24\/100\n|-damage|p2a: DK did it first|35\/100|[from] item: Life Orb\n|move|p1a: Hippowdon|Roar|p2a: DK did it first\n|drag|p2a: MagicConch|Cloyster, M|100\/100\n|\n|-weather|Sandstorm|[upkeep]\n|-damage|p2a: MagicConch|94\/100|[from] Sandstorm\n|-heal|p2a: MagicConch|100\/100|[from] Grassy Terrain\n|-heal|p1a: Hippowdon|30\/100|[from] Grassy Terrain\n|upkeep\n|turn|10\n|\n|t:|1654134872\n|move|p2a: MagicConch|Icicle Spear|p1a: Hippowdon\n|-supereffective|p1a: Hippowdon\n|-damage|p1a: Hippowdon|17\/100\n|-supereffective|p1a: Hippowdon\n|-damage|p1a: Hippowdon|3\/100\n|-supereffective|p1a: Hippowdon\n|-damage|p1a: Hippowdon|0 fnt\n|faint|p1a: Hippowdon\n|-hitcount|p1: Hippowdon|3\n|\n|-weather|Sandstorm|[upkeep]\n|-damage|p2a: MagicConch|94\/100|[from] Sandstorm\n|-heal|p2a: MagicConch|100\/100|[from] Grassy Terrain\n|upkeep\n|\n|t:|1654134874\n|switch|p1a: Dracozolt|Dracozolt|100\/100\n|-damage|p1a: Dracozolt|88\/100|[from] Stealth Rock\n|turn|11\n|j| Paper Returns\n|\n|t:|1654134881\n|move|p1a: Dracozolt|Bolt Beak|p2a: MagicConch\n|-supereffective|p2a: MagicConch\n|-enditem|p2a: MagicConch|Focus Sash\n|-damage|p2a: MagicConch|1\/100\n|-damage|p1a: Dracozolt|78\/100|[from] item: Life Orb\n|move|p2a: MagicConch|Icicle Spear|p1a: Dracozolt\n|-supereffective|p1a: Dracozolt\n|-damage|p1a: Dracozolt|49\/100\n|-supereffective|p1a: Dracozolt\n|-damage|p1a: Dracozolt|21\/100\n|-supereffective|p1a: Dracozolt\n|-damage|p1a: Dracozolt|0 fnt\n|faint|p1a: Dracozolt\n|-hitcount|p1: Dracozolt|3\n|\n|-weather|Sandstorm|[upkeep]\n|-damage|p2a: MagicConch|0 fnt|[from] Sandstorm\n|faint|p2a: MagicConch\n|-fieldend|move: Grassy Terrain\n|upkeep\n|l| Magnitude Report\n|\n|t:|1654134893\n|switch|p1a: Toxapex|Toxapex, F|100\/100\n|switch|p2a: DK did it first|Rillaboom, F|35\/100\n|-fieldstart|move: Grassy Terrain|[from] ability: Grassy Surge|[of] p2a: DK did it first\n|-damage|p1a: Toxapex|88\/100|[from] Stealth Rock\n|turn|12\n|j| 1colour\n|\n|t:|1654134903\n|switch|p2a: Zero|Bisharp, M|100\/100\n|move|p1a: Toxapex|Recover|p1a: Toxapex\n|-heal|p1a: Toxapex|100\/100\n|\n|-weather|Sandstorm|[upkeep]\n|-damage|p1a: Toxapex|94\/100|[from] Sandstorm\n|-heal|p1a: Toxapex|100\/100|[from] Grassy Terrain\n|upkeep\n|turn|13\n|\n|t:|1654134907\n|move|p2a: Zero|Swords Dance|p2a: Zero\n|-boost|p2a: Zero|atk|2\n|move|p1a: Toxapex|Scald|p2a: Zero\n|-damage|p2a: Zero|72\/100\n|-status|p2a: Zero|brn\n|\n|-weather|Sandstorm|[upkeep]\n|-damage|p1a: Toxapex|94\/100|[from] Sandstorm\n|-heal|p2a: Zero|78\/100 brn|[from] Grassy Terrain\n|-heal|p1a: Toxapex|100\/100|[from] Grassy Terrain\n|-damage|p2a: Zero|72\/100 brn|[from] brn\n|upkeep\n|turn|14\n|\n|t:|1654134911\n|move|p2a: Zero|Swords Dance|p2a: Zero\n|-boost|p2a: Zero|atk|2\n|move|p1a: Toxapex|Stockpile|p1a: Toxapex\n|-start|p1a: Toxapex|stockpile1\n|-boost|p1a: Toxapex|def|1\n|-boost|p1a: Toxapex|spd|1\n|\n|-weather|Sandstorm|[upkeep]\n|-damage|p1a: Toxapex|94\/100|[from] Sandstorm\n|-heal|p2a: Zero|78\/100 brn|[from] Grassy Terrain\n|-heal|p1a: Toxapex|100\/100|[from] Grassy Terrain\n|-damage|p2a: Zero|72\/100 brn|[from] brn\n|upkeep\n|turn|15\n|\n|t:|1654134913\n|move|p2a: Zero|Knock Off|p1a: Toxapex\n|-damage|p1a: Toxapex|52\/100\n|-enditem|p1a: Toxapex|Black Sludge|[from] move: Knock Off|[of] p2a: Zero\n|move|p1a: Toxapex|Stockpile|p1a: Toxapex\n|-start|p1a: Toxapex|stockpile2\n|-boost|p1a: Toxapex|def|1\n|-boost|p1a: Toxapex|spd|1\n|\n|-weather|Sandstorm|[upkeep]\n|-damage|p1a: Toxapex|46\/100|[from] Sandstorm\n|-heal|p2a: Zero|78\/100 brn|[from] Grassy Terrain\n|-heal|p1a: Toxapex|52\/100|[from] Grassy Terrain\n|-damage|p2a: Zero|72\/100 brn|[from] brn\n|upkeep\n|turn|16\n|\n|t:|1654134916\n|move|p2a: Zero|Knock Off|p1a: Toxapex\n|-damage|p1a: Toxapex|26\/100\n|move|p1a: Toxapex|Recover|p1a: Toxapex\n|-heal|p1a: Toxapex|76\/100\n|\n|-weather|none\n|-heal|p2a: Zero|78\/100 brn|[from] Grassy Terrain\n|-heal|p1a: Toxapex|82\/100|[from] Grassy Terrain\n|-damage|p2a: Zero|72\/100 brn|[from] brn\n|-fieldend|move: Grassy Terrain\n|upkeep\n|turn|17\n|\n|t:|1654134919\n|switch|p2a: Okage|Gengar, F|100\/100\n|move|p1a: Toxapex|Stockpile|p1a: Toxapex\n|-start|p1a: Toxapex|stockpile3\n|-boost|p1a: Toxapex|def|1\n|-boost|p1a: Toxapex|spd|1\n|\n|upkeep\n|turn|18\n|\n|t:|1654134922\n|move|p2a: Okage|Taunt|p1a: Toxapex\n|-start|p1a: Toxapex|move: Taunt\n|move|p1a: Toxapex|Scald|p2a: Okage\n|-damage|p2a: Okage|72\/100\n|\n|upkeep\n|turn|19\n|\n|t:|1654134925\n|move|p2a: Okage|Nasty Plot|p2a: Okage\n|-boost|p2a: Okage|spa|2\n|move|p1a: Toxapex|Scald|p2a: Okage\n|-damage|p2a: Okage|43\/100\n|\n|upkeep\n|turn|20\n|\n|t:|1654134934\n|move|p2a: Okage|Nasty Plot|p2a: Okage\n|-boost|p2a: Okage|spa|2\n|move|p1a: Toxapex|Scald|p2a: Okage\n|-damage|p2a: Okage|16\/100\n|\n|-end|p1a: Toxapex|move: Taunt\n|upkeep\n|turn|21\n|\n|t:|1654134943\n|move|p2a: Okage|Shadow Ball|p1a: Toxapex\n|-damage|p1a: Toxapex|49\/100\n|-unboost|p1a: Toxapex|spd|1\n|move|p1a: Toxapex|Recover|p1a: Toxapex\n|-heal|p1a: Toxapex|99\/100\n|\n|upkeep\n|turn|22\n|\n|t:|1654134948\n|move|p2a: Okage|Taunt|p1a: Toxapex\n|-start|p1a: Toxapex|move: Taunt\n|move|p1a: Toxapex|Scald|p2a: Okage\n|-damage|p2a: Okage|0 fnt\n|faint|p2a: Okage\n|\n|upkeep\n|\n|t:|1654134953\n|switch|p2a: DK did it first|Rillaboom, F|35\/100\n|-fieldstart|move: Grassy Terrain|[from] ability: Grassy Surge|[of] p2a: DK did it first\n|turn|23\n|\n|t:|1654134955\n|move|p2a: DK did it first|Swords Dance|p2a: DK did it first\n|-boost|p2a: DK did it first|atk|2\n|move|p1a: Toxapex|Scald|p2a: DK did it first\n|-resisted|p2a: DK did it first\n|-damage|p2a: DK did it first|24\/100\n|\n|-heal|p2a: DK did it first|30\/100|[from] Grassy Terrain\n|-heal|p1a: Toxapex|100\/100|[from] Grassy Terrain\n|upkeep\n|turn|24\n|\n|t:|1654134958\n|move|p2a: DK did it first|Swords Dance|p2a: DK did it first\n|-boost|p2a: DK did it first|atk|2\n|move|p1a: Toxapex|Scald|p2a: DK did it first\n|-resisted|p2a: DK did it first\n|-damage|p2a: DK did it first|19\/100\n|\n|-heal|p2a: DK did it first|25\/100|[from] Grassy Terrain\n|-end|p1a: Toxapex|move: Taunt\n|upkeep\n|turn|25\n|\n|t:|1654134966\n|move|p2a: DK did it first|Grassy Glide|p1a: Toxapex\n|-damage|p1a: Toxapex|40\/100\n|-damage|p2a: DK did it first|15\/100|[from] item: Life Orb\n|move|p1a: Toxapex|Toxic|p2a: DK did it first\n|-status|p2a: DK did it first|tox\n|\n|-heal|p2a: DK did it first|21\/100 tox|[from] Grassy Terrain\n|-heal|p1a: Toxapex|46\/100|[from] Grassy Terrain\n|-damage|p2a: DK did it first|15\/100 tox|[from] psn\n|upkeep\n|turn|26\n|\n|t:|1654134971\n|switch|p1a: Tyranitar|Tyranitar, M|100\/100\n|-damage|p1a: Tyranitar|88\/100|[from] Stealth Rock\n|-weather|Sandstorm|[from] ability: Sand Stream|[of] p1a: Tyranitar\n|move|p2a: DK did it first|Grassy Glide|p1a: Tyranitar\n|-supereffective|p1a: Tyranitar\n|-damage|p1a: Tyranitar|0 fnt\n|faint|p1a: Tyranitar\n|-damage|p2a: DK did it first|5\/100 tox|[from] item: Life Orb\n|\n|-weather|Sandstorm|[upkeep]\n|-damage|p2a: DK did it first|0 fnt|[from] Sandstorm\n|faint|p2a: DK did it first\n|upkeep\n|\n|t:|1654134976\n|switch|p2a: Adam West|Hawlucha, M|100\/100\n|switch|p1a: Toxapex|Toxapex, F|79\/100\n|-enditem|p2a: Adam West|Grassy Seed\n|-boost|p2a: Adam West|def|1|[from] item: Grassy Seed\n|-damage|p1a: Toxapex|67\/100|[from] Stealth Rock\n|turn|27\n|\n|t:|1654134981\n|move|p2a: Adam West|Acrobatics|p1a: Toxapex\n|-damage|p1a: Toxapex|25\/100\n|move|p1a: Toxapex|Stockpile|p1a: Toxapex\n|-start|p1a: Toxapex|stockpile1\n|-boost|p1a: Toxapex|def|1\n|-boost|p1a: Toxapex|spd|1\n|\n|-weather|Sandstorm|[upkeep]\n|-damage|p2a: Adam West|94\/100|[from] Sandstorm\n|-damage|p1a: Toxapex|19\/100|[from] Sandstorm\n|-heal|p1a: Toxapex|25\/100|[from] Grassy Terrain\n|-fieldend|move: Grassy Terrain\n|upkeep\n|turn|28\n|\n|t:|1654134984\n|switch|p1a: Excadrill|Excadrill, F|62\/100\n|-damage|p1a: Excadrill|59\/100|[from] Stealth Rock\n|move|p2a: Adam West|Acrobatics|p1a: Excadrill\n|-resisted|p1a: Excadrill\n|-damage|p1a: Excadrill|23\/100\n|\n|-weather|Sandstorm|[upkeep]\n|-damage|p2a: Adam West|88\/100|[from] Sandstorm\n|upkeep\n|turn|29\n|\n|t:|1654134989\n|move|p2a: Adam West|Acrobatics|p1a: Excadrill\n|-resisted|p1a: Excadrill\n|-damage|p1a: Excadrill|0 fnt\n|faint|p1a: Excadrill\n|\n|-weather|Sandstorm|[upkeep]\n|-damage|p2a: Adam West|82\/100|[from] Sandstorm\n|upkeep\n|\n|t:|1654134991\n|switch|p1a: Toxapex|Toxapex, F|58\/100\n|-damage|p1a: Toxapex|46\/100|[from] Stealth Rock\n|turn|30\n|\n|t:|1654135002\n|move|p2a: Adam West|Acrobatics|p1a: Toxapex\n|-damage|p1a: Toxapex|9\/100\n|move|p1a: Toxapex|Recover|p1a: Toxapex\n|-heal|p1a: Toxapex|59\/100\n|\n|-weather|none\n|upkeep\n|turn|31\n|j| Canuplzfearme?\n|c|\u2606jptoroglass|boof roll\n|\n|t:|1654135012\n|move|p2a: Adam West|Swords Dance|p2a: Adam West\n|-boost|p2a: Adam West|atk|2\n|move|p1a: Toxapex|Recover|p1a: Toxapex\n|-heal|p1a: Toxapex|100\/100\n|\n|upkeep\n|turn|32\n|\n|t:|1654135015\n|move|p2a: Adam West|Acrobatics|p1a: Toxapex\n|-damage|p1a: Toxapex|25\/100\n|move|p1a: Toxapex|Scald|p2a: Adam West\n|-damage|p2a: Adam West|59\/100\n|-status|p2a: Adam West|brn\n|\n|-damage|p2a: Adam West|53\/100 brn|[from] brn\n|upkeep\n|turn|33\n|\n|t:|1654135019\n|move|p2a: Adam West|Acrobatics|p1a: Toxapex\n|-damage|p1a: Toxapex|0 fnt\n|faint|p1a: Toxapex\n|\n|win|jptoroglass\n|raw|fishy8995's rating: 1796 &rarr; <strong>1775<\/strong><br \/>(-21 for losing)\n|raw|jptoroglass's rating: 1773 &rarr; <strong>1794<\/strong><br \/>(+21 for winning)\n|l| 1colour\n|l|\u2606fishy8995\n||Ladder isn't responding, score probably updated but might not have (Request timeout).\n|l| Paper Returns\n","uploadtime":1654135030,"views":25,"p1id":"fishy8995","p2id":"jptoroglass","formatid":"gen8ou","rating":1775,"private":0,"password":null}