{"id":"gen8nationaldexag-1660744128","p1":"Da1mon!","p2":"Ferrothornail\u8349\u94a2\u7532","format":"gen8nationaldexag","log":"|j|\u2606Da1mon!\n|j|\u2606Ferrothornail\u8349\u94a2\u7532\n|t:|1662809484\n|gametype|singles\n|player|p1|Da1mon!|silver|1562\n|player|p2|Ferrothornail\u8349\u94a2\u7532|n|1659\n|teamsize|p1|6\n|teamsize|p2|6\n|gen|8\n|tier|[Gen 8] National Dex AG\n|rated|\n|rule|HP Percentage Mod: HP is shown in percentages\n|rule|Endless Battle Clause: Forcing endless battles is banned\n|clearpoke\n|poke|p1|Uxie|\n|poke|p1|Eevee, F|\n|poke|p1|Heracross, M|\n|poke|p1|Eternatus|\n|poke|p1|Groudon|\n|poke|p1|Urshifu-*, M|\n|poke|p2|Arceus-*|\n|poke|p2|Arceus-*|\n|poke|p2|Arceus-*|\n|poke|p2|Arceus-*|\n|poke|p2|Rayquaza|\n|poke|p2|Ditto|\n|teampreview\n|\n|t:|1662809488\n|start\n|switch|p1a: Uxie|Uxie|100\/100\n|switch|p2a: Arceus|Arceus-Grass|100\/100\n|turn|1\n|\n|t:|1662809497\n|-start|p2a: Arceus|Dynamax|\n|-heal|p2a: Arceus|100\/100|[silent]\n|move|p2a: Arceus|Max Overgrowth|p1a: Uxie\n|-damage|p1a: Uxie|38\/100\n|-fieldstart|move: Grassy Terrain\n|move|p1a: Uxie|Stealth Rock|p2a: Arceus\n|-sidestart|p2: Ferrothornail\u8349\u94a2\u7532|move: Stealth Rock\n|\n|upkeep\n|turn|2\n|\n|t:|1662809504\n|switch|p1a: Eternatus|Eternatus|100\/100\n|-ability|p1a: Eternatus|Pressure\n|move|p2a: Arceus|Max Overgrowth|p1a: Eternatus\n|-resisted|p1a: Eternatus\n|-damage|p1a: Eternatus|79\/100\n|\n|-heal|p1a: Eternatus|85\/100|[from] Grassy Terrain\n|upkeep\n|turn|3\n|\n|t:|1662809510\n|move|p1a: Eternatus|Sludge Wave|p2a: Arceus\n|-supereffective|p2a: Arceus\n|-damage|p2a: Arceus|46\/100\n|-status|p2a: Arceus|psn\n|-damage|p1a: Eternatus|75\/100|[from] item: Life Orb\n|move|p2a: Arceus|Max Quake|p1a: Eternatus\n|-supereffective|p1a: Eternatus\n|-damage|p1a: Eternatus|0 fnt\n|-boost|p2a: Arceus|spd|1\n|faint|p1a: Eternatus\n|\n|-heal|p2a: Arceus|49\/100 psn|[from] Grassy Terrain\n|-damage|p2a: Arceus|43\/100 psn|[from] psn\n|upkeep\n|\n|t:|1662809520\n|switch|p1a: Uxie|Uxie|38\/100\n|-end|p2a: Arceus|Dynamax\n|-heal|p2a: Arceus|43\/100 psn|[silent]\n|turn|4\n|\n|t:|1662809525\n|move|p2a: Arceus|Bullet Seed|p1a: Uxie\n|-damage|p1a: Uxie|25\/100\n|-damage|p1a: Uxie|9\/100\n|-hitcount|p1a: Uxie|2\n|move|p1a: Uxie|Yawn||[still]\n|-fail|p1a: Uxie\n|\n|-heal|p2a: Arceus|49\/100 psn|[from] Grassy Terrain\n|-damage|p2a: Arceus|36\/100 psn|[from] psn\n|upkeep\n|turn|5\n|j| Lonely grandpa\n|\n|t:|1662809534\n|move|p2a: Arceus|Bullet Seed|p1a: Uxie\n|-damage|p1a: Uxie|0 fnt\n|faint|p1a: Uxie\n|-hitcount|p1: Uxie|1\n|\n|-heal|p2a: Arceus|42\/100 psn|[from] Grassy Terrain\n|-damage|p2a: Arceus|30\/100 psn|[from] psn\n|-fieldend|move: Grassy Terrain\n|upkeep\n|\n|t:|1662809537\n|switch|p1a: Eevee|Eevee, F|100\/100\n|turn|6\n|\n|t:|1662809542\n|move|p2a: Arceus|Bullet Seed|p1a: Eevee\n|-damage|p1a: Eevee|72\/100\n|-damage|p1a: Eevee|43\/100\n|-damage|p1a: Eevee|15\/100\n|-hitcount|p1a: Eevee|3\n|-zpower|p1a: Eevee\n|move|p1a: Eevee|Extreme Evoboost|p1a: Eevee\n|-boost|p1a: Eevee|atk|2\n|-boost|p1a: Eevee|def|2\n|-boost|p1a: Eevee|spa|2\n|-boost|p1a: Eevee|spd|2\n|-boost|p1a: Eevee|spe|2\n|\n|-damage|p2a: Arceus|18\/100 psn|[from] psn\n|upkeep\n|turn|7\n|\n|t:|1662809548\n|move|p1a: Eevee|Baton Pass|p1a: Eevee\n|\n|t:|1662809551\n|switch|p1a: Heracross|Heracross, M|100\/100|[from]move: Baton Pass\n|move|p2a: Arceus|Bullet Seed|p1a: Heracross\n|-resisted|p1a: Heracross\n|-damage|p1a: Heracross|95\/100\n|-resisted|p1a: Heracross\n|-damage|p1a: Heracross|90\/100\n|-resisted|p1a: Heracross\n|-damage|p1a: Heracross|84\/100\n|-resisted|p1a: Heracross\n|-damage|p1a: Heracross|78\/100\n|-resisted|p1a: Heracross\n|-damage|p1a: Heracross|73\/100\n|-hitcount|p1a: Heracross|5\n|\n|-damage|p2a: Arceus|5\/100 psn|[from] psn\n|upkeep\n|turn|8\n|\n|t:|1662809557\n|detailschange|p1a: Heracross|Heracross-Mega, M\n|-mega|p1a: Heracross|Heracross|Heracronite\n|move|p1a: Heracross|Substitute|p1a: Heracross\n|-start|p1a: Heracross|Substitute\n|-damage|p1a: Heracross|48\/100\n|move|p2a: Arceus|Stone Edge|p1a: Heracross\n|-activate|p1a: Heracross|move: Substitute|[damage]\n|\n|-damage|p2a: Arceus|0 fnt|[from] psn\n|faint|p2a: Arceus\n|upkeep\n|\n|t:|1662809563\n|switch|p2a: Arceus|Arceus-Fairy|100\/100\n|-damage|p2a: Arceus|88\/100|[from] Stealth Rock\n|turn|9\n|\n|t:|1662809567\n|move|p1a: Heracross|Bullet Seed|p2a: Arceus\n|-damage|p2a: Arceus|71\/100\n|-damage|p2a: Arceus|53\/100\n|-damage|p2a: Arceus|36\/100\n|-damage|p2a: Arceus|17\/100\n|-damage|p2a: Arceus|0 fnt\n|faint|p2a: Arceus\n|-hitcount|p2: Arceus|5\n|\n|upkeep\n|\n|t:|1662809572\n|switch|p2a: Arceus|Arceus-Ground|100\/100\n|-damage|p2a: Arceus|94\/100|[from] Stealth Rock\n|turn|10\n|\n|t:|1662809575\n|move|p1a: Heracross|Bullet Seed|p2a: Arceus\n|-supereffective|p2a: Arceus\n|-damage|p2a: Arceus|62\/100\n|-supereffective|p2a: Arceus\n|-damage|p2a: Arceus|28\/100\n|-supereffective|p2a: Arceus\n|-damage|p2a: Arceus|0 fnt\n|faint|p2a: Arceus\n|-hitcount|p2: Arceus|3\n|\n|upkeep\n|\n|t:|1662809578\n|switch|p2a: Rayquaza|Rayquaza|100\/100\n|-damage|p2a: Rayquaza|76\/100|[from] Stealth Rock\n|-ability|p2a: Rayquaza|Air Lock\n|turn|11\n|\n|t:|1662809586\n|detailschange|p2a: Rayquaza|Rayquaza-Mega\n|-mega|p2a: Rayquaza|Rayquaza|\n|-weather|DeltaStream|[from] ability: Delta Stream|[of] p2a: Rayquaza\n|move|p1a: Heracross|Pin Missile|p2a: Rayquaza\n|-resisted|p2a: Rayquaza\n|-damage|p2a: Rayquaza|59\/100\n|-resisted|p2a: Rayquaza\n|-damage|p2a: Rayquaza|42\/100\n|-resisted|p2a: Rayquaza\n|-damage|p2a: Rayquaza|26\/100\n|-resisted|p2a: Rayquaza\n|-damage|p2a: Rayquaza|8\/100\n|-resisted|p2a: Rayquaza\n|-damage|p2a: Rayquaza|0 fnt\n|faint|p2a: Rayquaza\n|-weather|none\n|-hitcount|p2: Rayquaza|5\n|\n|upkeep\n|\n|t:|1662809589\n|switch|p2a: Arceus|Arceus-Electric|100\/100\n|-damage|p2a: Arceus|88\/100|[from] Stealth Rock\n|turn|12\n|\n|t:|1662809592\n|move|p1a: Heracross|Pin Missile|p2a: Arceus\n|-damage|p2a: Arceus|64\/100\n|-damage|p2a: Arceus|39\/100\n|-damage|p2a: Arceus|14\/100\n|-damage|p2a: Arceus|0 fnt\n|faint|p2a: Arceus\n|-hitcount|p2: Arceus|4\n|\n|upkeep\n|\n|t:|1662809594\n|switch|p2a: Ditto|Ditto|100\/100\n|-damage|p2a: Ditto|88\/100|[from] Stealth Rock\n|turn|13\n|\n|t:|1662809600\n|move|p1a: Heracross|Close Combat|p2a: Ditto\n|-supereffective|p2a: Ditto\n|-crit|p2a: Ditto\n|-damage|p2a: Ditto|0 fnt\n|-unboost|p1a: Heracross|def|1\n|-unboost|p1a: Heracross|spd|1\n|faint|p2a: Ditto\n|\n|win|Da1mon!\n|raw|Da1mon!'s rating: 1562 &rarr; <strong>1587<\/strong><br \/>(+25 for winning)\n|raw|Ferrothornail\u8349\u94a2\u7532's rating: 1659 &rarr; <strong>1634<\/strong><br \/>(-25 for losing)\n|l|\u2606Ferrothornail\u8349\u94a2\u7532\n||Ladder isn't responding, score probably updated but might not have (Request timeout).\n","uploadtime":1662809677,"views":5,"p1id":"da1mon","p2id":"ferrothornail","formatid":"gen8nationaldexag","rating":1587,"private":0,"password":null}