{"id":"gen8ou-1381163866","p1":"RTSG tests","p2":"Lt83aq gray","format":"gen8ou","log":"|raw|<div class=\"broadcast-blue\"><strong>This battle is required to be public due to a player having a name starting with 'lt83aq'.<\/div>\n|j|\u2606RTSG tests\n|j|\u2606Lt83aq gray\n|t:|1626845777\n|gametype|singles\n|player|p1|RTSG tests|birdkeeper|1729\n|player|p2|Lt83aq gray|#wcop2021ussouth|1798\n|teamsize|p1|6\n|teamsize|p2|6\n|gen|8\n|tier|[Gen 8] OU\n|rated|\n|rule|Sleep Clause Mod: Limit one foe put to sleep\n|rule|Species Clause: Limit one of each Pok\u00e9mon\n|rule|OHKO Clause: OHKO moves are banned\n|rule|Evasion Moves Clause: Evasion moves are banned\n|rule|Endless Battle Clause: Forcing endless battles is banned\n|rule|HP Percentage Mod: HP is shown in percentages\n|rule|Dynamax Clause: You cannot dynamax\n|clearpoke\n|poke|p1|Alakazam, M|\n|poke|p1|Aerodactyl, M|\n|poke|p1|Zeraora|\n|poke|p1|Magnezone|\n|poke|p1|Grimmsnarl, M|\n|poke|p1|Salamence, M|\n|poke|p2|Mew|\n|poke|p2|Dragapult, F|\n|poke|p2|Bisharp, M|\n|poke|p2|Garchomp, M|\n|poke|p2|Volcarona, M|\n|poke|p2|Cloyster, F|\n|teampreview\n|inactive|Battle timer is ON: inactive players will automatically lose when time's up. (requested by RTSG tests)\n|\n|t:|1626845791\n|start\n|switch|p1a: Aerodactyl|Aerodactyl, M|100\/100\n|switch|p2a: Cloyster|Cloyster, F|100\/100\n|-ability|p1a: Aerodactyl|Pressure\n|turn|1\n|\n|t:|1626845796\n|move|p1a: Aerodactyl|Stealth Rock|p2a: Cloyster\n|-sidestart|p2: Lt83aq gray|move: Stealth Rock\n|move|p2a: Cloyster|Icicle Spear|p1a: Aerodactyl\n|-supereffective|p1a: Aerodactyl\n|-damage|p1a: Aerodactyl|65\/100\n|-supereffective|p1a: Aerodactyl\n|-damage|p1a: Aerodactyl|26\/100\n|-supereffective|p1a: Aerodactyl\n|-damage|p1a: Aerodactyl|0 fnt\n|faint|p1a: Aerodactyl\n|-hitcount|p1: Aerodactyl|3\n|\n|upkeep\n|\n|t:|1626845801\n|switch|p1a: Magnezone|Magnezone, shiny|100\/100\n|turn|2\n|\n|t:|1626845804\n|switch|p2a: Volcarona|Volcarona, M|100\/100\n|move|p1a: Magnezone|Flash Cannon|p2a: Volcarona\n|-resisted|p2a: Volcarona\n|-damage|p2a: Volcarona|68\/100\n|-damage|p1a: Magnezone|91\/100|[from] item: Life Orb\n|\n|upkeep\n|turn|3\n|\n|t:|1626845809\n|switch|p1a: Salamence|Salamence, M|100\/100\n|move|p2a: Volcarona|Flamethrower|p1a: Salamence\n|-resisted|p1a: Salamence\n|-damage|p1a: Salamence|71\/100\n|-status|p1a: Salamence|brn\n|\n|-damage|p1a: Salamence|65\/100 brn|[from] brn\n|upkeep\n|turn|4\n|\n|t:|1626845813\n|switch|p2a: Mew|Mew|100\/100\n|-damage|p2a: Mew|88\/100|[from] Stealth Rock\n|move|p1a: Salamence|Stone Edge|p2a: Mew\n|-damage|p2a: Mew|74\/100\n|-enditem|p2a: Mew|Red Card|[of] p1a: Salamence\n|drag|p1a: Grimmsnarl|Grimmsnarl, M|100\/100\n|\n|upkeep\n|turn|5\n|\n|t:|1626845817\n|switch|p2a: Bisharp|Bisharp, M|100\/100\n|-damage|p2a: Bisharp|95\/100|[from] Stealth Rock\n|move|p1a: Grimmsnarl|Taunt|p2a: Bisharp\n|-hint|Since gen 7, Dark is immune to Prankster moves.\n|-immune|p2a: Bisharp\n|\n|upkeep\n|turn|6\n|\n|t:|1626845821\n|move|p1a: Grimmsnarl|Reflect|p1a: Grimmsnarl\n|-sidestart|p1: RTSG tests|Reflect\n|move|p2a: Bisharp|Swords Dance|p2a: Bisharp\n|-boost|p2a: Bisharp|atk|2\n|\n|upkeep\n|turn|7\n|\n|t:|1626845824\n|switch|p1a: Magnezone|Magnezone, shiny|91\/100\n|move|p2a: Bisharp|Knock Off|p1a: Magnezone\n|-damage|p1a: Magnezone|12\/100\n|-enditem|p1a: Magnezone|Life Orb|[from] move: Knock Off|[of] p2a: Bisharp\n|-damage|p2a: Bisharp|85\/100|[from] item: Life Orb\n|\n|upkeep\n|turn|8\n|\n|t:|1626845827\n|move|p2a: Bisharp|Sucker Punch|p1a: Magnezone\n|-damage|p1a: Magnezone|0 fnt\n|faint|p1a: Magnezone\n|-damage|p2a: Bisharp|75\/100|[from] item: Life Orb\n|\n|upkeep\n|\n|t:|1626845833\n|switch|p1a: Zeraora|Zeraora|100\/100\n|turn|9\n|\n|t:|1626845839\n|move|p1a: Zeraora|Close Combat|p2a: Bisharp\n|-supereffective|p2a: Bisharp\n|-damage|p2a: Bisharp|0 fnt\n|-unboost|p1a: Zeraora|def|1\n|-unboost|p1a: Zeraora|spd|1\n|faint|p2a: Bisharp\n|\n|upkeep\n|\n|t:|1626845847\n|switch|p2a: Garchomp|Garchomp, M|100\/100\n|-damage|p2a: Garchomp|94\/100|[from] Stealth Rock\n|turn|10\n|\n|t:|1626845851\n|switch|p1a: Grimmsnarl|Grimmsnarl, M|100\/100\n|move|p2a: Garchomp|Earthquake|p1a: Grimmsnarl\n|-damage|p1a: Grimmsnarl|70\/100\n|\n|upkeep\n|turn|11\n|\n|t:|1626845855\n|switch|p2a: Volcarona|Volcarona, M|68\/100\n|move|p1a: Grimmsnarl|Taunt|p2a: Volcarona\n|-start|p2a: Volcarona|move: Taunt\n|\n|upkeep\n|turn|12\n|\n|t:|1626845861\n|move|p1a: Grimmsnarl|Light Screen|p1a: Grimmsnarl\n|-sidestart|p1: RTSG tests|move: Light Screen\n|move|p2a: Volcarona|Flamethrower|p1a: Grimmsnarl\n|-damage|p1a: Grimmsnarl|43\/100\n|\n|upkeep\n|turn|13\n|\n|t:|1626845864\n|move|p2a: Volcarona|Flamethrower|p1a: Grimmsnarl\n|-damage|p1a: Grimmsnarl|18\/100\n|move|p1a: Grimmsnarl|Spirit Break|p2a: Volcarona\n|-resisted|p2a: Volcarona\n|-crit|p2a: Volcarona\n|-damage|p2a: Volcarona|24\/100\n|-unboost|p2a: Volcarona|spa|1\n|-status|p1a: Grimmsnarl|brn|[from] ability: Flame Body|[of] p2a: Volcarona\n|\n|-damage|p1a: Grimmsnarl|11\/100 brn|[from] brn\n|-end|p2a: Volcarona|move: Taunt\n|-sideend|p1: RTSG tests|Reflect\n|upkeep\n|turn|14\n|\n|t:|1626845867\n|move|p1a: Grimmsnarl|Taunt|p2a: Volcarona\n|-start|p2a: Volcarona|move: Taunt\n|cant|p2a: Volcarona|move: Taunt|Roost\n|\n|-damage|p1a: Grimmsnarl|5\/100 brn|[from] brn\n|upkeep\n|turn|15\n|\n|t:|1626845873\n|switch|p2a: Mew|Mew|74\/100\n|-damage|p2a: Mew|62\/100|[from] Stealth Rock\n|move|p1a: Grimmsnarl|Reflect|p1a: Grimmsnarl\n|-sidestart|p1: RTSG tests|Reflect\n|\n|-damage|p1a: Grimmsnarl|0 fnt|[from] brn\n|faint|p1a: Grimmsnarl\n|upkeep\n|\n|t:|1626845883\n|switch|p1a: Zeraora|Zeraora|100\/100\n|turn|16\n|\n|t:|1626845887\n|move|p1a: Zeraora|Bulk Up|p1a: Zeraora\n|-boost|p1a: Zeraora|atk|1\n|-boost|p1a: Zeraora|def|1\n|move|p2a: Mew|Taunt|p1a: Zeraora\n|-start|p1a: Zeraora|move: Taunt\n|\n|upkeep\n|turn|17\n|\n|t:|1626845890\n|move|p1a: Zeraora|Knock Off|p2a: Mew\n|-supereffective|p2a: Mew\n|-crit|p2a: Mew\n|-damage|p2a: Mew|0 fnt\n|faint|p2a: Mew\n|\n|upkeep\n|\n|t:|1626845894\n|switch|p2a: Garchomp|Garchomp, M|94\/100\n|-damage|p2a: Garchomp|88\/100|[from] Stealth Rock\n|turn|18\n|\n|t:|1626845897\n|move|p1a: Zeraora|Knock Off|p2a: Garchomp\n|-damage|p2a: Garchomp|45\/100\n|-damage|p1a: Zeraora|88\/100|[from] ability: Rough Skin|[of] p2a: Garchomp\n|-enditem|p2a: Garchomp|Roseli Berry|[from] move: Knock Off|[of] p1a: Zeraora\n|move|p2a: Garchomp|Scale Shot|p1a: Zeraora\n|-damage|p1a: Zeraora|82\/100\n|-damage|p1a: Zeraora|75\/100\n|-hitcount|p1a: Zeraora|2\n|-unboost|p2a: Garchomp|def|1\n|-boost|p2a: Garchomp|spe|1\n|\n|upkeep\n|turn|19\n|\n|t:|1626845909\n|move|p2a: Garchomp|Earthquake|p1a: Zeraora\n|-supereffective|p1a: Zeraora\n|-damage|p1a: Zeraora|31\/100\n|move|p1a: Zeraora|Close Combat|p2a: Garchomp\n|-damage|p2a: Garchomp|0 fnt\n|-unboost|p1a: Zeraora|def|1\n|-unboost|p1a: Zeraora|spd|1\n|-damage|p1a: Zeraora|19\/100|[from] ability: Rough Skin|[of] p2a: Garchomp\n|faint|p2a: Garchomp\n|\n|-end|p1a: Zeraora|move: Taunt\n|-sideend|p1: RTSG tests|move: Light Screen\n|upkeep\n|\n|t:|1626845919\n|switch|p2a: Dragapult|Dragapult, F|100\/100\n|-damage|p2a: Dragapult|88\/100|[from] Stealth Rock\n|turn|20\n|\n|t:|1626845922\n|switch|p2a: Volcarona|Volcarona, M|24\/100\n|move|p1a: Zeraora|Knock Off|p2a: Volcarona\n|-damage|p2a: Volcarona|0 fnt\n|-status|p1a: Zeraora|brn|[from] ability: Flame Body|[of] p2a: Volcarona\n|-enditem|p1a: Zeraora|Lum Berry|[eat]\n|-curestatus|p1a: Zeraora|brn|[msg]\n|-enditem|p2a: Volcarona|Heavy-Duty Boots|[from] move: Knock Off|[of] p1a: Zeraora\n|faint|p2a: Volcarona\n|\n|upkeep\n|\n|t:|1626845930\n|switch|p2a: Dragapult|Dragapult, F|88\/100\n|-damage|p2a: Dragapult|76\/100|[from] Stealth Rock\n|turn|21\n|\n|t:|1626845933\n|switch|p2a: Cloyster|Cloyster, F|100\/100\n|-damage|p2a: Cloyster|76\/100|[from] Stealth Rock\n|move|p1a: Zeraora|Knock Off|p2a: Cloyster\n|-damage|p2a: Cloyster|38\/100\n|-enditem|p2a: Cloyster|King's Rock|[from] move: Knock Off|[of] p1a: Zeraora\n|\n|upkeep\n|turn|22\n|\n|t:|1626845936\n|move|p2a: Cloyster|Ice Shard|p1a: Zeraora\n|-damage|p1a: Zeraora|6\/100\n|move|p1a: Zeraora|Plasma Fists|p2a: Cloyster\n|-supereffective|p2a: Cloyster\n|-damage|p2a: Cloyster|0 fnt\n|faint|p2a: Cloyster\n|\n|-sideend|p1: RTSG tests|Reflect\n|upkeep\n|\n|t:|1626845938\n|switch|p2a: Dragapult|Dragapult, F|76\/100\n|-damage|p2a: Dragapult|64\/100|[from] Stealth Rock\n|turn|23\n|\n|t:|1626845941\n|move|p1a: Zeraora|Knock Off|p2a: Dragapult\n|-supereffective|p2a: Dragapult\n|-damage|p2a: Dragapult|0 fnt\n|-enditem|p2a: Dragapult|Choice Specs|[from] move: Knock Off|[of] p1a: Zeraora\n|faint|p2a: Dragapult\n|\n|win|RTSG tests\n|raw|RTSG tests's rating: 1729 &rarr; <strong>1753<\/strong><br \/>(+24 for winning)\n|raw|Lt83aq gray's rating: 1798 &rarr; <strong>1774<\/strong><br \/>(-24 for losing)\n","uploadtime":1626845946,"views":46,"p1id":"rtsgtests","p2id":"lt83aqgray","formatid":"gen8ou","rating":1753,"private":0,"password":null}