{"id":"gen8nationaldex-1037168496","p1":"Walletinspector62","p2":"dingalingading","format":"gen8nationaldex","log":"|j|\u2606Walletinspector62\n|j|\u2606dingalingading\n|player|p1|Walletinspector62|102|\n|player|p2|dingalingading|idol|\n|teamsize|p1|6\n|teamsize|p2|6\n|gametype|singles\n|gen|8\n|tier|[Gen 8] National Dex\n|rule|HP Percentage Mod: HP is shown in percentages\n|rule|Endless Battle Clause: Forcing endless battles is banned\n|rule|OHKO Clause: OHKO moves are banned\n|rule|Evasion Moves Clause: Evasion moves are banned\n|rule|Species Clause: Limit one of each Pok\u00e9mon\n|clearpoke\n|poke|p1|Tapu Koko|\n|poke|p1|Gyarados, F|\n|poke|p1|Landorus-Therian, M|\n|poke|p1|Metagross|\n|poke|p1|Sceptile, M|\n|poke|p1|Volcarona, M|\n|poke|p2|Latios, M|\n|poke|p2|Mew|\n|poke|p2|Manaphy|\n|poke|p2|Gliscor, M|\n|poke|p2|Tangrowth, M|\n|poke|p2|Ninetales-Alola, F|\n|rule|Sleep Clause Mod: Limit one foe put to sleep\n|teampreview\n|c|\u2606Walletinspector62|Glhf\n|c|\u2606dingalingading|Hf\n|\n|start\n|switch|p1a: Colossus|Metagross, shiny|100\/100\n|switch|p2a: Pokemon 3|Manaphy|100\/100\n|turn|1\n|\n|move|p2a: Pokemon 3|Tail Glow|p2a: Pokemon 3\n|-boost|p2a: Pokemon 3|spa|3\n|move|p1a: Colossus|Toxic|p2a: Pokemon 3\n|-status|p2a: Pokemon 3|tox\n|\n|-damage|p2a: Pokemon 3|94\/100 tox|[from] psn\n|upkeep\n|turn|2\n|\n|move|p2a: Pokemon 3|Surf|p1a: Colossus\n|-damage|p1a: Colossus|31\/100\n|move|p1a: Colossus|Stealth Rock|p2a: Pokemon 3\n|-sidestart|p2: dingalingading|move: Stealth Rock\n|\n|-heal|p1a: Colossus|37\/100|[from] item: Leftovers\n|-damage|p2a: Pokemon 3|82\/100 tox|[from] psn\n|upkeep\n|turn|3\n|\n|switch|p1a: Deadpool|Sceptile, M, shiny|100\/100\n|move|p2a: Pokemon 3|Surf|p1a: Deadpool\n|-resisted|p1a: Deadpool\n|-damage|p1a: Deadpool|38\/100\n|\n|-damage|p2a: Pokemon 3|64\/100 tox|[from] psn\n|upkeep\n|turn|4\n|\n|move|p1a: Deadpool|Leaf Blade|p2a: Pokemon 3\n|-supereffective|p2a: Pokemon 3\n|-damage|p2a: Pokemon 3|0 fnt\n|faint|p2a: Pokemon 3\n|\n|upkeep\n|\n|switch|p2a: Pokemon 2|Mew|100\/100\n|-damage|p2a: Pokemon 2|88\/100|[from] Stealth Rock\n|turn|5\n|\n|move|p1a: Deadpool|Swords Dance|p1a: Deadpool\n|-boost|p1a: Deadpool|atk|2\n|move|p2a: Pokemon 2|Dragon Dance|p2a: Pokemon 2\n|-boost|p2a: Pokemon 2|atk|1\n|-boost|p2a: Pokemon 2|spe|1\n|\n|upkeep\n|turn|6\n|\n|move|p2a: Pokemon 2|Psychic Fangs|p1a: Deadpool\n|-damage|p1a: Deadpool|0 fnt\n|-damage|p2a: Pokemon 2|78\/100|[from] item: Life Orb\n|faint|p1a: Deadpool\n|\n|upkeep\n|\n|switch|p1a: DollarShaveClub|Landorus-Therian, M, shiny|100\/100\n|-ability|p1a: DollarShaveClub|Intimidate|boost\n|-unboost|p2a: Pokemon 2|atk|1\n|turn|7\n|\n|move|p1a: DollarShaveClub|U-turn|p2a: Pokemon 2\n|-supereffective|p2a: Pokemon 2\n|-damage|p2a: Pokemon 2|21\/100\n|\n|switch|p1a: Colossus|Metagross, shiny|37\/100|[from]move: U-turn\n|move|p2a: Pokemon 2|Dragon Dance|p2a: Pokemon 2\n|-boost|p2a: Pokemon 2|atk|1\n|-boost|p2a: Pokemon 2|spe|1\n|\n|-heal|p1a: Colossus|43\/100|[from] item: Leftovers\n|upkeep\n|turn|8\n|\n|move|p1a: Colossus|Bullet Punch|p2a: Pokemon 2\n|-damage|p2a: Pokemon 2|2\/100\n|move|p2a: Pokemon 2|Darkest Lariat|p1a: Colossus\n|-supereffective|p1a: Colossus\n|-damage|p1a: Colossus|0 fnt\n|-damage|p2a: Pokemon 2|0 fnt|[from] item: Life Orb\n|faint|p1a: Colossus\n|faint|p2a: Pokemon 2\n|\n|upkeep\n|\n|switch|p2a: Pokemon 4|Gliscor, M|100\/100\n|switch|p1a: Tapioca|Tapu Koko|100\/100\n|-fieldstart|move: Electric Terrain|[from] ability: Electric Surge|[of] p1a: Tapioca\n|-damage|p2a: Pokemon 4|88\/100|[from] Stealth Rock\n|turn|9\n|\n|move|p1a: Tapioca|U-turn|p2a: Pokemon 4\n|-resisted|p2a: Pokemon 4\n|-damage|p2a: Pokemon 4|82\/100\n|\n|switch|p1a: :)|Gyarados, F|100\/100|[from]move: U-turn\n|move|p2a: Pokemon 4|Stealth Rock|p1a: :)\n|-sidestart|p1: Walletinspector62|move: Stealth Rock\n|\n|-status|p2a: Pokemon 4|tox|[from] item: Toxic Orb\n|upkeep\n|turn|10\n|\n|move|p1a: :)|Dragon Dance|p1a: :)\n|-boost|p1a: :)|atk|1\n|-boost|p1a: :)|spe|1\n|move|p2a: Pokemon 4|U-turn|p1a: :)\n|-resisted|p1a: :)\n|-damage|p1a: :)|90\/100\n|\n|switch|p2a: Pokemon 6|Ninetales-Alola, F|100\/100|[from]move: U-turn\n|-damage|p2a: Pokemon 6|75\/100|[from] Stealth Rock\n|-weather|Hail|[from] ability: Snow Warning|[of] p2a: Pokemon 6\n|\n|-weather|Hail|[upkeep]\n|-damage|p1a: :)|84\/100|[from] Hail\n|-heal|p1a: :)|90\/100|[from] item: Leftovers\n|upkeep\n|turn|11\n|\n|-start|p1a: :)|Dynamax\n|-heal|p1a: :)|90\/100|[silent]\n|move|p2a: Pokemon 6|Freeze-Dry|p1a: :)\n|-supereffective|p1a: :)\n|-damage|p1a: :)|24\/100\n|move|p1a: :)|Max Airstream|p2a: Pokemon 6\n|-damage|p2a: Pokemon 6|0 fnt\n|-boost|p1a: :)|spe|1\n|faint|p2a: Pokemon 6\n|-ability|p1a: :)|Moxie|boost\n|-boost|p1a: :)|atk|1\n|\n|-weather|Hail|[upkeep]\n|-damage|p1a: :)|21\/100|[from] Hail\n|-heal|p1a: :)|24\/100|[from] item: Leftovers\n|upkeep\n|l|\u2606Walletinspector62\n|player|p1|\n|\n|switch|p2a: Pokemon 5|Tangrowth, M|100\/100\n|-damage|p2a: Pokemon 5|88\/100|[from] Stealth Rock\n|turn|12\n|j|\u2606Walletinspector62\n|player|p1|Walletinspector62|102\n|\n|move|p1a: :)|Max Airstream|p2a: Pokemon 5\n|-supereffective|p2a: Pokemon 5\n|-damage|p2a: Pokemon 5|0 fnt\n|-boost|p1a: :)|spe|1\n|faint|p2a: Pokemon 5\n|-ability|p1a: :)|Moxie|boost\n|-boost|p1a: :)|atk|1\n|\n|-weather|Hail|[upkeep]\n|-damage|p1a: :)|21\/100|[from] Hail\n|-heal|p1a: :)|24\/100|[from] item: Leftovers\n|upkeep\n|\n|switch|p2a: Pokemon 4|Gliscor, M|82\/100 tox\n|-damage|p2a: Pokemon 4|70\/100 tox|[from] Stealth Rock\n|turn|13\n|\n|move|p1a: :)|Max Geyser|p2a: Pokemon 4\n|-supereffective|p2a: Pokemon 4\n|-damage|p2a: Pokemon 4|0 fnt\n|-weather|RainDance\n|faint|p2a: Pokemon 4\n|-ability|p1a: :)|Moxie|boost\n|-boost|p1a: :)|atk|1\n|\n|-weather|RainDance|[upkeep]\n|-heal|p1a: :)|27\/100|[from] item: Leftovers\n|-fieldend|move: Electric Terrain\n|-end|p1a: :)|Dynamax\n|-heal|p1a: :)|27\/100|[silent]\n|upkeep\n|\n|switch|p2a: Latios|Latios, M|100\/100\n|-damage|p2a: Latios|88\/100|[from] Stealth Rock\n|turn|14\n|\n|detailschange|p2a: Latios|Latios-Mega, M\n|-mega|p2a: Latios|Latios|Latiosite\n|move|p1a: :)|Bounce||[still]\n|-prepare|p1a: :)|Bounce|p2a: Latios\n|move|p2a: Latios|Psychic|p1a: :)|[miss]\n|-miss|p2a: Latios|p1a: :)\n|\n|-weather|RainDance|[upkeep]\n|-heal|p1a: :)|33\/100|[from] item: Leftovers\n|upkeep\n|turn|15\n|\n|move|p1a: :)|Bounce|p2a: Latios|[from]lockedmove\n|-damage|p2a: Latios|0 fnt\n|faint|p2a: Latios\n|\n|win|Walletinspector62\n|c|\u2606Walletinspector62|Gg\n|c|\u2606dingalingading|Gg\n","uploadtime":1577561864,"views":10,"p1id":"walletinspector62","p2id":"dingalingading","formatid":"gen8nationaldex","rating":0,"private":0,"password":null}