{"id":"gen8nationaldex-1432729918","p1":"Jirachi75","p2":"mongwong","format":"gen8nationaldex","log":"|j|\u2606Jirachi75\n|j|\u2606mongwong\n|t:|1633867982\n|gametype|singles\n|player|p1|Jirachi75|266|1480\n|player|p2|mongwong|silver|1586\n|teamsize|p1|6\n|teamsize|p2|6\n|gen|8\n|tier|[Gen 8] National Dex\n|rated|\n|rule|HP Percentage Mod: HP is shown in percentages\n|rule|Endless Battle Clause: Forcing endless battles is banned\n|rule|OHKO Clause: OHKO moves are banned\n|rule|Evasion Moves Clause: Evasion moves are banned\n|rule|Species Clause: Limit one of each Pok\u00e9mon\n|rule|Dynamax Clause: You cannot dynamax\n|rule|Sleep Clause Mod: Limit one foe put to sleep\n|clearpoke\n|poke|p1|Jirachi|\n|poke|p1|Slowbro, F|\n|poke|p1|Rillaboom, F|\n|poke|p1|Tapu Fini|\n|poke|p1|Kyurem|\n|poke|p1|Lopunny, M|\n|poke|p2|Feraligatr, M|\n|poke|p2|Scizor, F|\n|poke|p2|Gliscor, M|\n|poke|p2|Sylveon, M|\n|poke|p2|Rillaboom, M|\n|poke|p2|Togekiss, F|\n|teampreview\n|\n|t:|1633867994\n|start\n|switch|p1a: Lopunny|Lopunny, M|100\/100\n|switch|p2a: Togekiss|Togekiss, F|100\/100\n|turn|1\n|\n|t:|1633868000\n|detailschange|p1a: Lopunny|Lopunny-Mega, M\n|-mega|p1a: Lopunny|Lopunny|Lopunnite\n|move|p1a: Lopunny|Fake Out|p2a: Togekiss\n|-damage|p2a: Togekiss|75\/100\n|cant|p2a: Togekiss|flinch\n|\n|upkeep\n|turn|2\n|\n|t:|1633868012\n|move|p2a: Togekiss|Flamethrower|p1a: Lopunny\n|-damage|p1a: Lopunny|60\/100\n|move|p1a: Lopunny|U-turn|p2a: Togekiss\n|-resisted|p2a: Togekiss\n|-damage|p2a: Togekiss|68\/100\n|\n|t:|1633868019\n|switch|p1a: Kyurem|Kyurem|100\/100|[from]move: U-turn\n|-ability|p1a: Kyurem|Pressure\n|\n|upkeep\n|turn|3\n|\n|t:|1633868027\n|switch|p2a: Scizor|Scizor, F|100\/100\n|move|p1a: Kyurem|Focus Blast|p2a: Scizor\n|-damage|p2a: Scizor|50\/100\n|\n|-heal|p2a: Scizor|56\/100|[from] item: Leftovers\n|upkeep\n|turn|4\n|\n|t:|1633868035\n|switch|p1a: Slowbro|Slowbro, F|100\/100\n|move|p2a: Scizor|U-turn|p1a: Slowbro\n|-supereffective|p1a: Slowbro\n|-damage|p1a: Slowbro|55\/100\n|-damage|p2a: Scizor|39\/100|[from] item: Rocky Helmet|[of] p1a: Slowbro\n|\n|t:|1633868041\n|switch|p2a: Sylveon|Sylveon, M|100\/100|[from]move: U-turn\n|\n|upkeep\n|turn|5\n|\n|t:|1633868046\n|switch|p1a: Jirachi|Jirachi|100\/100\n|move|p2a: Sylveon|Hyper Voice|p1a: Jirachi\n|-resisted|p1a: Jirachi\n|-damage|p1a: Jirachi|65\/100\n|\n|-heal|p1a: Jirachi|71\/100|[from] item: Leftovers\n|upkeep\n|turn|6\n|\n|t:|1633868056\n|switch|p2a: Gliscor|Gliscor, M|100\/100\n|move|p1a: Jirachi|Calm Mind|p1a: Jirachi\n|-boost|p1a: Jirachi|spa|1\n|-boost|p1a: Jirachi|spd|1\n|\n|-heal|p1a: Jirachi|77\/100|[from] item: Leftovers\n|-status|p2a: Gliscor|tox|[from] item: Toxic Orb\n|upkeep\n|turn|7\n|\n|t:|1633868065\n|move|p1a: Jirachi|Calm Mind|p1a: Jirachi\n|-boost|p1a: Jirachi|spa|1\n|-boost|p1a: Jirachi|spd|1\n|move|p2a: Gliscor|Earthquake|p1a: Jirachi\n|-supereffective|p1a: Jirachi\n|-damage|p1a: Jirachi|37\/100\n|\n|-heal|p1a: Jirachi|43\/100|[from] item: Leftovers\n|upkeep\n|turn|8\n|\n|t:|1633868073\n|move|p1a: Jirachi|Wish|p1a: Jirachi\n|move|p2a: Gliscor|Earthquake|p1a: Jirachi\n|-supereffective|p1a: Jirachi\n|-damage|p1a: Jirachi|4\/100\n|\n|-heal|p1a: Jirachi|10\/100|[from] item: Leftovers\n|upkeep\n|turn|9\n|\n|t:|1633868081\n|move|p1a: Jirachi|Stored Power|p2a: Gliscor\n|-damage|p2a: Gliscor|23\/100 tox\n|move|p2a: Gliscor|Earthquake|p1a: Jirachi\n|-supereffective|p1a: Jirachi\n|-damage|p1a: Jirachi|0 fnt\n|faint|p1a: Jirachi\n|\n|-heal|p2a: Gliscor|36\/100 tox|[from] ability: Poison Heal\n|upkeep\n|\n|t:|1633868093\n|switch|p1a: Rillaboom|Rillaboom, F|100\/100\n|-fieldstart|move: Grassy Terrain|[from] ability: Grassy Surge|[of] p1a: Rillaboom\n|turn|10\n|\n|t:|1633868097\n|move|p1a: Rillaboom|Grassy Glide|p2a: Gliscor\n|-damage|p2a: Gliscor|6\/100 tox\n|move|p2a: Gliscor|Toxic|p1a: Rillaboom\n|-status|p1a: Rillaboom|tox\n|\n|-damage|p1a: Rillaboom|94\/100 tox|[from] psn\n|-heal|p2a: Gliscor|19\/100 tox|[from] ability: Poison Heal\n|upkeep\n|turn|11\n|\n|t:|1633868107\n|switch|p2a: Scizor|Scizor, F|39\/100\n|move|p1a: Rillaboom|Grassy Glide|p2a: Scizor\n|-resisted|p2a: Scizor\n|-damage|p2a: Scizor|28\/100\n|\n|-heal|p1a: Rillaboom|100\/100 tox|[from] Grassy Terrain\n|-heal|p2a: Scizor|34\/100|[from] Grassy Terrain\n|-heal|p2a: Scizor|40\/100|[from] item: Leftovers\n|-damage|p1a: Rillaboom|88\/100 tox|[from] psn\n|upkeep\n|turn|12\n|\n|t:|1633868137\n|move|p1a: Rillaboom|U-turn|p2a: Scizor\n|-resisted|p2a: Scizor\n|-damage|p2a: Scizor|26\/100\n|\n|t:|1633868141\n|switch|p1a: Slowbro|Slowbro, F|88\/100|[from]move: U-turn\n|move|p2a: Scizor|U-turn|p1a: Slowbro\n|-supereffective|p1a: Slowbro\n|-damage|p1a: Slowbro|42\/100\n|-damage|p2a: Scizor|10\/100|[from] item: Rocky Helmet|[of] p1a: Slowbro\n|\n|t:|1633868147\n|switch|p2a: Sylveon|Sylveon, M|100\/100|[from]move: U-turn\n|\n|-heal|p1a: Slowbro|48\/100|[from] Grassy Terrain\n|upkeep\n|turn|13\n|\n|t:|1633868152\n|switch|p1a: Tapu Fini|Tapu Fini|100\/100\n|-fieldstart|move: Misty Terrain|[from] ability: Misty Surge|[of] p1a: Tapu Fini\n|move|p2a: Sylveon|Hyper Voice|p1a: Tapu Fini\n|-damage|p1a: Tapu Fini|34\/100\n|\n|upkeep\n|turn|14\n|\n|t:|1633868159\n|move|p1a: Tapu Fini|Trick|p2a: Sylveon\n|-activate|p1a: Tapu Fini|move: Trick|[of] p2a: Sylveon\n|-item|p2a: Sylveon|Choice Scarf|[from] move: Trick\n|-item|p1a: Tapu Fini|Choice Specs|[from] move: Trick\n|move|p2a: Sylveon|Hyper Voice|p1a: Tapu Fini\n|-damage|p1a: Tapu Fini|0 fnt\n|faint|p1a: Tapu Fini\n|\n|upkeep\n|\n|t:|1633868173\n|switch|p1a: Lopunny|Lopunny-Mega, M|60\/100\n|turn|15\n|\n|t:|1633868181\n|switch|p2a: Gliscor|Gliscor, M|19\/100 tox\n|move|p1a: Lopunny|Fake Out|p2a: Gliscor\n|-damage|p2a: Gliscor|4\/100 tox\n|\n|-heal|p2a: Gliscor|17\/100 tox|[from] ability: Poison Heal\n|upkeep\n|turn|16\n|\n|t:|1633868190\n|move|p1a: Lopunny|Return|p2a: Gliscor\n|-damage|p2a: Gliscor|0 fnt\n|faint|p2a: Gliscor\n|\n|upkeep\n|\n|t:|1633868195\n|switch|p2a: Rillaboom|Rillaboom, M|100\/100\n|-fieldstart|move: Grassy Terrain|[from] ability: Grassy Surge|[of] p2a: Rillaboom\n|turn|17\n|\n|t:|1633868203\n|switch|p1a: Kyurem|Kyurem|100\/100\n|-ability|p1a: Kyurem|Pressure\n|move|p2a: Rillaboom|Grassy Glide|p1a: Kyurem\n|-resisted|p1a: Kyurem\n|-damage|p1a: Kyurem|66\/100\n|\n|-heal|p1a: Kyurem|72\/100|[from] Grassy Terrain\n|upkeep\n|turn|18\n|\n|t:|1633868214\n|move|p2a: Rillaboom|Grassy Glide|p1a: Kyurem\n|-resisted|p1a: Kyurem\n|-damage|p1a: Kyurem|37\/100\n|move|p1a: Kyurem|Ice Beam|p2a: Rillaboom\n|-supereffective|p2a: Rillaboom\n|-damage|p2a: Rillaboom|0 fnt\n|faint|p2a: Rillaboom\n|\n|-heal|p1a: Kyurem|43\/100|[from] Grassy Terrain\n|upkeep\n|\n|t:|1633868219\n|switch|p2a: Togekiss|Togekiss, F|68\/100\n|turn|19\n|\n|t:|1633868226\n|switch|p1a: Rillaboom|Rillaboom, F|88\/100 tox\n|move|p2a: Togekiss|Dazzling Gleam|p1a: Rillaboom\n|-damage|p1a: Rillaboom|51\/100 tox\n|\n|-heal|p1a: Rillaboom|57\/100 tox|[from] Grassy Terrain\n|-damage|p1a: Rillaboom|51\/100 tox|[from] psn\n|upkeep\n|turn|20\n|\n|t:|1633868238\n|switch|p2a: Feraligatr|Feraligatr, M|100\/100\n|move|p1a: Rillaboom|U-turn|p2a: Feraligatr\n|-damage|p2a: Feraligatr|71\/100\n|\n|t:|1633868244\n|switch|p1a: Kyurem|Kyurem|43\/100|[from]move: U-turn\n|-ability|p1a: Kyurem|Pressure\n|\n|-heal|p1a: Kyurem|49\/100|[from] Grassy Terrain\n|-heal|p2a: Feraligatr|77\/100|[from] Grassy Terrain\n|upkeep\n|turn|21\n|\n|t:|1633868251\n|move|p1a: Kyurem|Freeze-Dry|p2a: Feraligatr\n|-supereffective|p2a: Feraligatr\n|-damage|p2a: Feraligatr|0 fnt\n|faint|p2a: Feraligatr\n|\n|-heal|p1a: Kyurem|55\/100|[from] Grassy Terrain\n|-fieldend|move: Grassy Terrain\n|upkeep\n|\n|t:|1633868255\n|switch|p2a: Scizor|Scizor, F|10\/100\n|turn|22\n|\n|t:|1633868260\n|switch|p1a: Slowbro|Slowbro, F|81\/100\n|move|p2a: Scizor|Bullet Punch|p1a: Slowbro\n|-resisted|p1a: Slowbro\n|-damage|p1a: Slowbro|71\/100\n|-damage|p2a: Scizor|0 fnt|[from] item: Rocky Helmet|[of] p1a: Slowbro\n|faint|p2a: Scizor\n|\n|upkeep\n|\n|t:|1633868263\n|switch|p2a: Sylveon|Sylveon, M|100\/100\n|turn|23\n|\n|t:|1633868280\n|switch|p1a: Rillaboom|Rillaboom, F|51\/100 tox\n|-fieldstart|move: Grassy Terrain|[from] ability: Grassy Surge|[of] p1a: Rillaboom\n|move|p2a: Sylveon|Hyper Voice|p1a: Rillaboom\n|-damage|p1a: Rillaboom|2\/100 tox\n|\n|-heal|p1a: Rillaboom|8\/100 tox|[from] Grassy Terrain\n|-damage|p1a: Rillaboom|2\/100 tox|[from] psn\n|upkeep\n|turn|24\n|\n|t:|1633868290\n|move|p1a: Rillaboom|Grassy Glide|p2a: Sylveon\n|-damage|p2a: Sylveon|33\/100\n|move|p2a: Sylveon|Hyper Voice|p1a: Rillaboom\n|-damage|p1a: Rillaboom|0 fnt\n|faint|p1a: Rillaboom\n|\n|-heal|p2a: Sylveon|40\/100|[from] Grassy Terrain\n|upkeep\n|\n|t:|1633868299\n|switch|p1a: Lopunny|Lopunny-Mega, M|60\/100\n|turn|25\n|\n|t:|1633868302\n|move|p1a: Lopunny|Return|p2a: Sylveon\n|-damage|p2a: Sylveon|0 fnt\n|faint|p2a: Sylveon\n|\n|-heal|p1a: Lopunny|65\/100|[from] Grassy Terrain\n|upkeep\n|\n|t:|1633868304\n|switch|p2a: Togekiss|Togekiss, F|68\/100\n|turn|26\n|\n|t:|1633868313\n|switch|p1a: Slowbro|Slowbro, F|100\/100\n|move|p2a: Togekiss|Air Slash|p1a: Slowbro\n|-damage|p1a: Slowbro|59\/100\n|\n|-heal|p1a: Slowbro|65\/100|[from] Grassy Terrain\n|upkeep\n|turn|27\n|\n|t:|1633868324\n|move|p2a: Togekiss|Air Slash|p1a: Slowbro|[miss]\n|-miss|p2a: Togekiss|p1a: Slowbro\n|move|p1a: Slowbro|Ice Beam|p2a: Togekiss\n|-supereffective|p2a: Togekiss\n|-damage|p2a: Togekiss|29\/100\n|\n|-heal|p1a: Slowbro|71\/100|[from] Grassy Terrain\n|-fieldend|move: Grassy Terrain\n|upkeep\n|turn|28\n|\n|t:|1633868331\n|move|p2a: Togekiss|Air Slash|p1a: Slowbro\n|-damage|p1a: Slowbro|35\/100\n|cant|p1a: Slowbro|flinch\n|\n|upkeep\n|turn|29\n|\n|t:|1633868340\n|switch|p1a: Kyurem|Kyurem|55\/100\n|-ability|p1a: Kyurem|Pressure\n|move|p2a: Togekiss|Air Slash|p1a: Kyurem\n|-damage|p1a: Kyurem|32\/100\n|\n|upkeep\n|turn|30\n|\n|t:|1633868347\n|move|p2a: Togekiss|Air Slash|p1a: Kyurem\n|-damage|p1a: Kyurem|9\/100\n|cant|p1a: Kyurem|flinch\n|\n|upkeep\n|turn|31\n|\n|t:|1633868351\n|move|p2a: Togekiss|Air Slash|p1a: Kyurem\n|-damage|p1a: Kyurem|0 fnt\n|faint|p1a: Kyurem\n|\n|upkeep\n|\n|t:|1633868355\n|switch|p1a: Lopunny|Lopunny-Mega, M|65\/100\n|turn|32\n|\n|t:|1633868357\n|move|p1a: Lopunny|Fake Out|p2a: Togekiss\n|-damage|p2a: Togekiss|4\/100\n|cant|p2a: Togekiss|flinch\n|\n|upkeep\n|turn|33\n|\n|t:|1633868362\n|switch|p1a: Slowbro|Slowbro, F|68\/100\n|move|p2a: Togekiss|Air Slash|p1a: Slowbro\n|-crit|p1a: Slowbro\n|-damage|p1a: Slowbro|15\/100\n|\n|upkeep\n|turn|34\n|\n|t:|1633868368\n|move|p2a: Togekiss|Air Slash|p1a: Slowbro\n|-damage|p1a: Slowbro|0 fnt\n|faint|p1a: Slowbro\n|\n|upkeep\n|\n|t:|1633868371\n|switch|p1a: Lopunny|Lopunny-Mega, M|65\/100\n|turn|35\n|\n|t:|1633868374\n|move|p1a: Lopunny|Fake Out|p2a: Togekiss\n|-damage|p2a: Togekiss|0 fnt\n|faint|p2a: Togekiss\n|\n|win|Jirachi75\n|raw|Jirachi75's rating: 1480 &rarr; <strong>1507<\/strong><br \/>(+27 for winning)\n|raw|mongwong's rating: 1610 &rarr; <strong>1583<\/strong><br \/>(-27 for losing)\n|c|\u2606Jirachi75|gg\n|l|\u2606mongwong\n","uploadtime":1633868381,"views":8,"p1id":"jirachi75","p2id":"mongwong","formatid":"gen8nationaldex","rating":1507,"private":0,"password":null}