{"id":"gen8oublitz-1679252453","p1":"MR. MEZA","p2":"Soleil and Luna","format":"gen8oublitz","log":"|inactive|Battle timer is ON: inactive players will automatically lose when time's up.\n|j|\u2606MR. MEZA\n|j|\u2606Soleil and Luna\n|t:|1665074863\n|gametype|singles\n|player|p1|MR. MEZA|ethan-masters|1462\n|player|p2|Soleil and Luna|twins-gen3|1427\n|teamsize|p1|6\n|teamsize|p2|6\n|gen|8\n|tier|[Gen 8] OU (Blitz)\n|rated|\n|rule|Sleep Clause Mod: Limit one foe put to sleep\n|rule|Species Clause: Limit one of each Pok\u00e9mon\n|rule|OHKO Clause: OHKO moves are banned\n|rule|Evasion Items Clause: Evasion items are banned\n|rule|Evasion Moves Clause: Evasion moves are banned\n|rule|Endless Battle Clause: Forcing endless battles is banned\n|rule|HP Percentage Mod: HP is shown in percentages\n|rule|Dynamax Clause: You cannot dynamax\n|rule|Blitz: Super-fast timer\n|clearpoke\n|poke|p1|Rillaboom, M|\n|poke|p1|Tornadus-Therian, M|\n|poke|p1|Blaziken, F|\n|poke|p1|Melmetal|\n|poke|p1|Garchomp, M|\n|poke|p1|Slowbro, F|\n|poke|p2|Ferrothorn, F|\n|poke|p2|Rotom-Wash|\n|poke|p2|Landorus-Therian, M|\n|poke|p2|Victini|\n|poke|p2|Sylveon, M|\n|poke|p2|Nihilego|\n|teampreview\n|\n|t:|1665074867\n|start\n|switch|p1a: Tornadus|Tornadus-Therian, M|100\/100\n|switch|p2a: Rotom|Rotom-Wash|100\/100\n|turn|1\n|\n|t:|1665074871\n|move|p2a: Rotom|Volt Switch|p1a: Tornadus\n|-supereffective|p1a: Tornadus\n|-damage|p1a: Tornadus|39\/100\n|\n|t:|1665074873\n|switch|p2a: Sylveon|Sylveon, M|100\/100|[from]move: Volt Switch\n|move|p1a: Tornadus|Knock Off|p2a: Sylveon\n|-resisted|p2a: Sylveon\n|-damage|p2a: Sylveon|89\/100\n|-enditem|p2a: Sylveon|Leftovers|[from] move: Knock Off|[of] p1a: Tornadus\n|\n|upkeep\n|turn|2\n|\n|t:|1665074877\n|move|p1a: Tornadus|U-turn|p2a: Sylveon\n|-resisted|p2a: Sylveon\n|-damage|p2a: Sylveon|79\/100\n|\n|t:|1665074882\n|switch|p1a: Slowbro|Slowbro, F|100\/100|[from]move: U-turn\n|move|p2a: Sylveon|Mystical Fire|p1a: Slowbro\n|-resisted|p1a: Slowbro\n|-damage|p1a: Slowbro|91\/100\n|-unboost|p1a: Slowbro|spa|1\n|\n|upkeep\n|turn|3\n|\n|t:|1665074885\n|move|p2a: Sylveon|Mystical Fire|p1a: Slowbro\n|-resisted|p1a: Slowbro\n|-damage|p1a: Slowbro|81\/100\n|-unboost|p1a: Slowbro|spa|1\n|move|p1a: Slowbro|Toxic|p2a: Sylveon\n|-status|p2a: Sylveon|tox\n|\n|-damage|p2a: Sylveon|73\/100 tox|[from] psn\n|upkeep\n|turn|4\n|\n|t:|1665074889\n|move|p2a: Sylveon|Hyper Voice|p1a: Slowbro\n|-damage|p1a: Slowbro|39\/100\n|move|p1a: Slowbro|Teleport|p1a: Slowbro\n|inactive|MR. MEZA has 10 seconds left.\n|\n|t:|1665074894\n|switch|p1a: Blaziken|Blaziken, F|100\/100|[from]move: Teleport\n|\n|-damage|p2a: Sylveon|61\/100 tox|[from] psn\n|upkeep\n|turn|5\n|\n|t:|1665074898\n|move|p1a: Blaziken|Flare Blitz|p2a: Sylveon\n|-damage|p2a: Sylveon|0 fnt\n|faint|p2a: Sylveon\n|-damage|p1a: Blaziken|77\/100|[from] Recoil\n|\n|-heal|p1a: Blaziken|83\/100|[from] item: Leftovers\n|-ability|p1a: Blaziken|Speed Boost|boost\n|-boost|p1a: Blaziken|spe|1\n|upkeep\n|inactive|Soleil and Luna has 10 seconds left.\n|\n|t:|1665074903\n|switch|p2a: Nihilego|Nihilego|100\/100\n|turn|6\n|\n|t:|1665074908\n|switch|p1a: Melmetal|Melmetal|100\/100\n|move|p2a: Nihilego|Meteor Beam||[still]\n|-prepare|p2a: Nihilego|Meteor Beam\n|-boost|p2a: Nihilego|spa|1\n|-enditem|p2a: Nihilego|Power Herb\n|-anim|p2a: Nihilego|Meteor Beam|p1a: Melmetal\n|-resisted|p1a: Melmetal\n|-damage|p1a: Melmetal|60\/100\n|\n|-heal|p1a: Melmetal|66\/100|[from] item: Leftovers\n|upkeep\n|turn|7\n|\n|t:|1665074913\n|move|p2a: Nihilego|Thunderbolt|p1a: Melmetal\n|-damage|p1a: Melmetal|26\/100\n|move|p1a: Melmetal|Superpower|p2a: Nihilego\n|-damage|p2a: Nihilego|23\/100\n|-unboost|p1a: Melmetal|atk|1\n|-unboost|p1a: Melmetal|def|1\n|\n|-heal|p1a: Melmetal|33\/100|[from] item: Leftovers\n|upkeep\n|turn|8\n|inactive|MR. MEZA has 10 seconds left.\n|\n|t:|1665074920\n|switch|p1a: Garchomp|Garchomp, M|100\/100\n|move|p2a: Nihilego|Thunderbolt|p1a: Garchomp\n|-immune|p1a: Garchomp\n|\n|upkeep\n|turn|9\n|\n|t:|1665074923\n|switch|p2a: Landorus|Landorus-Therian, M|100\/100\n|-ability|p2a: Landorus|Intimidate|boost\n|-unboost|p1a: Garchomp|atk|1\n|move|p1a: Garchomp|Earthquake|p2a: Landorus\n|-immune|p2a: Landorus\n|\n|upkeep\n|turn|10\n|\n|t:|1665074927\n|move|p2a: Landorus|Earthquake|p1a: Garchomp\n|-damage|p1a: Garchomp|50\/100\n|move|p1a: Garchomp|Toxic|p2a: Landorus\n|-status|p2a: Landorus|tox\n|\n|-heal|p1a: Garchomp|56\/100|[from] item: Leftovers\n|-damage|p2a: Landorus|95\/100 tox|[from] psn\n|upkeep\n|turn|11\n|\n|t:|1665074931\n|move|p1a: Garchomp|Protect|p1a: Garchomp\n|-singleturn|p1a: Garchomp|Protect\n|move|p2a: Landorus|Stone Edge|p1a: Garchomp\n|-activate|p1a: Garchomp|move: Protect\n|\n|-heal|p2a: Landorus|100\/100 tox|[from] item: Leftovers\n|-heal|p1a: Garchomp|62\/100|[from] item: Leftovers\n|-damage|p2a: Landorus|89\/100 tox|[from] psn\n|upkeep\n|turn|12\n|inactive|MR. MEZA has 10 seconds left.\n|\n|t:|1665074937\n|switch|p1a: Slowbro|Slowbro, F|72\/100\n|move|p2a: Landorus|Stone Edge|p1a: Slowbro\n|-damage|p1a: Slowbro|50\/100\n|\n|-heal|p2a: Landorus|95\/100 tox|[from] item: Leftovers\n|-damage|p2a: Landorus|77\/100 tox|[from] psn\n|upkeep\n|turn|13\n|\n|t:|1665074941\n|move|p2a: Landorus|U-turn|p1a: Slowbro\n|-supereffective|p1a: Slowbro\n|-damage|p1a: Slowbro|16\/100\n|-damage|p2a: Landorus|60\/100 tox|[from] item: Rocky Helmet|[of] p1a: Slowbro\n|\n|t:|1665074943\n|switch|p2a: Nihilego|Nihilego|23\/100|[from]move: U-turn\n|move|p1a: Slowbro|Teleport|p1a: Slowbro\n|inactive|MR. MEZA has 10 seconds left.\n|\n|t:|1665074949\n|switch|p1a: Garchomp|Garchomp, M|62\/100|[from]move: Teleport\n|\n|-heal|p1a: Garchomp|69\/100|[from] item: Leftovers\n|upkeep\n|turn|14\n|\n|t:|1665074953\n|move|p2a: Nihilego|Sludge Wave|p1a: Garchomp\n|-resisted|p1a: Garchomp\n|-damage|p1a: Garchomp|55\/100\n|move|p1a: Garchomp|Stealth Rock|p2a: Nihilego\n|-sidestart|p2: Soleil and Luna|move: Stealth Rock\n|\n|-heal|p1a: Garchomp|61\/100|[from] item: Leftovers\n|upkeep\n|turn|15\n|\n|t:|1665074956\n|switch|p2a: Landorus|Landorus-Therian, M|60\/100 tox\n|-damage|p2a: Landorus|48\/100 tox|[from] Stealth Rock\n|-ability|p2a: Landorus|Intimidate|boost\n|-unboost|p1a: Garchomp|atk|1\n|move|p1a: Garchomp|Protect||[still]\n|-fail|p1a: Garchomp\n|\n|-heal|p2a: Landorus|54\/100 tox|[from] item: Leftovers\n|-heal|p1a: Garchomp|67\/100|[from] item: Leftovers\n|-damage|p2a: Landorus|48\/100 tox|[from] psn\n|upkeep\n|turn|16\n|inactive|MR. MEZA has 10 seconds left.\n|inactive|Soleil and Luna has 10 seconds left.\n|\n|t:|1665074962\n|move|p1a: Garchomp|Protect|p1a: Garchomp\n|-singleturn|p1a: Garchomp|Protect\n|move|p2a: Landorus|Defog|p1a: Garchomp\n|-activate|p1a: Garchomp|move: Protect\n|\n|-heal|p2a: Landorus|54\/100 tox|[from] item: Leftovers\n|-heal|p1a: Garchomp|73\/100|[from] item: Leftovers\n|-damage|p2a: Landorus|42\/100 tox|[from] psn\n|upkeep\n|turn|17\n|\n|t:|1665074966\n|switch|p1a: Slowbro|Slowbro, F|50\/100\n|move|p2a: Landorus|Defog|p1a: Slowbro\n|-unboost|p1a: Slowbro|evasion|1\n|-sideend|p2: Soleil and Luna|Stealth Rock|[from] move: Defog|[of] p2a: Landorus\n|\n|-heal|p2a: Landorus|48\/100 tox|[from] item: Leftovers\n|-damage|p2a: Landorus|30\/100 tox|[from] psn\n|upkeep\n|turn|18\n|\n|t:|1665074970\n|move|p2a: Landorus|U-turn|p1a: Slowbro\n|-supereffective|p1a: Slowbro\n|-damage|p1a: Slowbro|20\/100\n|-damage|p2a: Landorus|13\/100 tox|[from] item: Rocky Helmet|[of] p1a: Slowbro\n|\n|t:|1665074973\n|switch|p2a: Rotom|Rotom-Wash|100\/100|[from]move: U-turn\n|move|p1a: Slowbro|Teleport|p1a: Slowbro\n|\n|t:|1665074976\n|switch|p1a: Rillaboom|Rillaboom, M|100\/100|[from]move: Teleport\n|-fieldstart|move: Grassy Terrain|[from] ability: Grassy Surge|[of] p1a: Rillaboom\n|\n|upkeep\n|turn|19\n|\n|t:|1665074979\n|move|p1a: Rillaboom|Grassy Glide|p2a: Rotom\n|-supereffective|p2a: Rotom\n|-damage|p2a: Rotom|0 fnt\n|faint|p2a: Rotom\n|\n|upkeep\n|\n|t:|1665074982\n|switch|p2a: Ferrothorn|Ferrothorn, F|100\/100\n|turn|20\n|inactive|MR. MEZA has 10 seconds left.\n|\n|t:|1665074988\n|switch|p1a: Tornadus|Tornadus-Therian, M|72\/100\n|move|p2a: Ferrothorn|Stealth Rock|p1a: Tornadus\n|-sidestart|p1: MR. MEZA|move: Stealth Rock\n|\n|upkeep\n|turn|21\n|\n|t:|1665074990\n|move|p1a: Tornadus|Defog|p2a: Ferrothorn\n|-unboost|p2a: Ferrothorn|evasion|1\n|-sideend|p1: MR. MEZA|Stealth Rock|[from] move: Defog|[of] p1a: Tornadus\n|-fieldend|move: Grassy Terrain\n|move|p2a: Ferrothorn|Gyro Ball|p1a: Tornadus\n|-damage|p1a: Tornadus|0 fnt\n|faint|p1a: Tornadus\n|\n|upkeep\n|\n|t:|1665074993\n|switch|p1a: Blaziken|Blaziken, F|83\/100\n|turn|22\n|\n|t:|1665074996\n|switch|p2a: Victini|Victini|100\/100\n|move|p1a: Blaziken|Flare Blitz|p2a: Victini\n|-resisted|p2a: Victini\n|-damage|p2a: Victini|65\/100\n|-damage|p1a: Blaziken|71\/100|[from] Recoil\n|\n|-heal|p1a: Blaziken|78\/100|[from] item: Leftovers\n|-ability|p1a: Blaziken|Speed Boost|boost\n|-boost|p1a: Blaziken|spe|1\n|upkeep\n|turn|23\n|inactive|MR. MEZA has 10 seconds left.\n|\n|t:|1665075003\n|switch|p1a: Slowbro|Slowbro, F|53\/100\n|move|p2a: Victini|Zen Headbutt|p1a: Slowbro\n|-resisted|p1a: Slowbro\n|-damage|p1a: Slowbro|42\/100\n|-damage|p2a: Victini|49\/100|[from] item: Rocky Helmet|[of] p1a: Slowbro\n|\n|upkeep\n|turn|24\n|\n|t:|1665075006\n|move|p2a: Victini|Bolt Strike|p1a: Slowbro\n|-supereffective|p1a: Slowbro\n|-damage|p1a: Slowbro|0 fnt\n|-damage|p2a: Victini|32\/100|[from] item: Rocky Helmet|[of] p1a: Slowbro\n|faint|p1a: Slowbro\n|\n|upkeep\n|inactive|MR. MEZA has 10 seconds left.\n|\n|t:|1665075012\n|switch|p1a: Garchomp|Garchomp, M|73\/100\n|turn|25\n|\n|t:|1665075016\n|move|p2a: Victini|Glaciate|p1a: Garchomp\n|-supereffective|p1a: Garchomp\n|-damage|p1a: Garchomp|36\/100\n|-unboost|p1a: Garchomp|spe|1\n|move|p1a: Garchomp|Earthquake|p2a: Victini\n|-supereffective|p2a: Victini\n|-damage|p2a: Victini|0 fnt\n|faint|p2a: Victini\n|\n|-heal|p1a: Garchomp|42\/100|[from] item: Leftovers\n|upkeep\n|inactive|Soleil and Luna has 10 seconds left.\n|\n|t:|1665075021\n|switch|p2a: Landorus|Landorus-Therian, M|13\/100 tox\n|-ability|p2a: Landorus|Intimidate|boost\n|-unboost|p1a: Garchomp|atk|1\n|turn|26\n|\n|t:|1665075025\n|switch|p2a: Ferrothorn|Ferrothorn, F|100\/100\n|move|p1a: Garchomp|Protect||[still]\n|-fail|p1a: Garchomp\n|\n|-heal|p1a: Garchomp|48\/100|[from] item: Leftovers\n|upkeep\n|turn|27\n|\n|t:|1665075027\n|move|p1a: Garchomp|Stealth Rock|p2a: Ferrothorn\n|-sidestart|p2: Soleil and Luna|move: Stealth Rock\n|move|p2a: Ferrothorn|Stealth Rock|p1a: Garchomp\n|-sidestart|p1: MR. MEZA|move: Stealth Rock\n|\n|-heal|p1a: Garchomp|55\/100|[from] item: Leftovers\n|upkeep\n|turn|28\n|\n|t:|1665075032\n|switch|p1a: Melmetal|Melmetal|33\/100\n|-damage|p1a: Melmetal|26\/100|[from] Stealth Rock\n|move|p2a: Ferrothorn|Spikes|p1a: Melmetal\n|-sidestart|p1: MR. MEZA|Spikes\n|\n|-heal|p1a: Melmetal|33\/100|[from] item: Leftovers\n|upkeep\n|turn|29\n|inactive|Soleil and Luna has 10 seconds left.\n|\n|t:|1665075037\n|switch|p2a: Landorus|Landorus-Therian, M|13\/100 tox\n|-damage|p2a: Landorus|1\/100 tox|[from] Stealth Rock\n|-ability|p2a: Landorus|Intimidate|boost\n|-unboost|p1a: Melmetal|atk|1\n|move|p1a: Melmetal|Superpower|p2a: Landorus\n|-resisted|p2a: Landorus\n|-damage|p2a: Landorus|0 fnt\n|-unboost|p1a: Melmetal|atk|1\n|-unboost|p1a: Melmetal|def|1\n|faint|p2a: Landorus\n|\n|-heal|p1a: Melmetal|39\/100|[from] item: Leftovers\n|upkeep\n|\n|t:|1665075042\n|switch|p2a: Nihilego|Nihilego|23\/100\n|-damage|p2a: Nihilego|11\/100|[from] Stealth Rock\n|turn|30\n|inactive|Soleil and Luna has 10 seconds left.\n|\n|t:|1665075048\n|move|p2a: Nihilego|Meteor Beam||[still]\n|-prepare|p2a: Nihilego|Meteor Beam\n|-boost|p2a: Nihilego|spa|1\n|move|p1a: Melmetal|Superpower|p2a: Nihilego\n|-crit|p2a: Nihilego\n|-damage|p2a: Nihilego|0 fnt\n|-unboost|p1a: Melmetal|atk|1\n|-unboost|p1a: Melmetal|def|1\n|faint|p2a: Nihilego\n|\n|-heal|p1a: Melmetal|45\/100|[from] item: Leftovers\n|upkeep\n|inactive|Soleil and Luna has 10 seconds left.\n|-message|Soleil and Luna forfeited.\n|\n|win|MR. MEZA\n|raw|MR. MEZA's rating: 1462 &rarr; <strong>1480<\/strong><br \/>(+18 for winning)\n|raw|Soleil and Luna's rating: 1427 &rarr; <strong>1409<\/strong><br \/>(-18 for losing)\n|l|\u2606Soleil and Luna\n","uploadtime":1665075065,"views":1,"p1id":"mrmeza","p2id":"soleilandluna","formatid":"gen8oublitz","rating":1409,"private":0,"password":null}