{"id":"gen8customgame-1319541584","p1":"ArcanineSquad","p2":"LPmitLuckyYT","format":"gen8customgame","log":"|j|\u2606ArcanineSquad\n|j|\u2606LPmitLuckyYT\n|t:|1618164971\n|gametype|singles\n|player|p1|ArcanineSquad|265|\n|player|p2|LPmitLuckyYT|acetrainerf|\n|teamsize|p1|6\n|teamsize|p2|6\n|gen|8\n|tier|[Gen 8] Custom Game\n|clearpoke\n|poke|p1|Zamazenta|\n|poke|p1|Weavile, M|\n|poke|p1|Giratina|\n|poke|p1|Slowking, M|\n|poke|p1|Palkia|\n|poke|p1|Ho-Oh|\n|poke|p2|Kartana|\n|poke|p2|Solgaleo|\n|poke|p2|Swampert, M|\n|poke|p2|Snorlax, M|\n|poke|p2|Reshiram|\n|poke|p2|Groudon|\n|teampreview|24\n|c|\u2606ArcanineSquad|Gl hf!\n|c|\u2606LPmitLuckyYT|u2!\n|c|\u2606ArcanineSquad|Kann ich nen Freund von mir Inviten?\n|c|\u2606LPmitLuckyYT|jo\n|j| Die Uberflieger\n|c| Die Uberflieger|hi\n|c| Die Uberflieger|glhf\n|\n|t:|1618165066\n|start\n|switch|p1a: Ho-Oh|Ho-Oh, shiny|394\/394\n|switch|p2a: Swampert|Swampert, M|404\/404\n|turn|1\n|\n|t:|1618165098\n|move|p1a: Ho-Oh|Toxic|p2a: Swampert\n|-status|p2a: Swampert|tox\n|move|p2a: Swampert|Stealth Rock|p1a: Ho-Oh\n|-sidestart|p1: ArcanineSquad|move: Stealth Rock\n|\n|-damage|p2a: Swampert|379\/404 tox|[from] psn\n|upkeep\n|turn|2\n|\n|t:|1618165108\n|switch|p1a: Giratina|Giratina|493\/493\n|-damage|p1a: Giratina|432\/493|[from] Stealth Rock\n|-ability|p1a: Giratina|Pressure\n|move|p2a: Swampert|Flip Turn|p1a: Giratina\n|-resisted|p1a: Giratina\n|-damage|p1a: Giratina|409\/493\n|\n|t:|1618165153\n|switch|p2a: Reshiram|Reshiram, shiny|404\/404\n|-ability|p2a: Reshiram|Turboblaze\n|\n|upkeep\n|turn|3\n|\n|t:|1618165161\n|switch|p1a: Slowking|Slowking, M, shiny|393\/393\n|-damage|p1a: Slowking|344\/393|[from] Stealth Rock\n|move|p2a: Reshiram|Toxic|p1a: Slowking|[miss]\n|-miss|p2a: Reshiram|p1a: Slowking\n|\n|-heal|p1a: Slowking|368\/393|[from] item: Leftovers\n|upkeep\n|turn|4\n|\n|t:|1618165174\n|move|p2a: Reshiram|Toxic|p1a: Slowking\n|-status|p1a: Slowking|tox\n|move|p1a: Slowking|Power Gem|p2a: Reshiram\n|-supereffective|p2a: Reshiram\n|-damage|p2a: Reshiram|292\/404\n|\n|-heal|p1a: Slowking|392\/393 tox|[from] item: Leftovers\n|-damage|p1a: Slowking|368\/393 tox|[from] psn\n|upkeep\n|turn|5\n|\n|t:|1618165181\n|move|p2a: Reshiram|Roost|p2a: Reshiram\n|-heal|p2a: Reshiram|404\/404\n|-singleturn|p2a: Reshiram|move: Roost\n|move|p1a: Slowking|Teleport|p1a: Slowking\n|\n|t:|1618165188\n|switch|p1a: Palkia|Palkia|337\/337\n|-damage|p1a: Palkia|295\/337|[from] Stealth Rock\n|-ability|p1a: Palkia|Pressure\n|\n|-heal|p1a: Palkia|316\/337|[from] item: Leftovers\n|upkeep\n|turn|6\n|\n|t:|1618165204\n|switch|p2a: Solgaleo|Solgaleo|429\/429\n|move|p1a: Palkia|Substitute|p1a: Palkia\n|-start|p1a: Palkia|Substitute\n|-damage|p1a: Palkia|232\/337\n|\n|-heal|p1a: Palkia|253\/337|[from] item: Leftovers\n|upkeep\n|turn|7\n|\n|t:|1618165239\n|move|p1a: Palkia|Bulk Up|p1a: Palkia\n|-boost|p1a: Palkia|atk|1\n|-boost|p1a: Palkia|def|1\n|move|p2a: Solgaleo|Psychic Fangs|p1a: Palkia\n|-end|p1a: Palkia|Substitute\n|\n|-heal|p1a: Palkia|274\/337|[from] item: Leftovers\n|upkeep\n|turn|8\n|\n|t:|1618165332\n|switch|p2a: Kartana|Kartana|277\/277\n|move|p1a: Palkia|Bulk Up|p1a: Palkia\n|-boost|p1a: Palkia|atk|1\n|-boost|p1a: Palkia|def|1\n|\n|-heal|p1a: Palkia|295\/337|[from] item: Leftovers\n|upkeep\n|turn|9\n|\n|t:|1618165372\n|switch|p1a: Giratina|Giratina|409\/493\n|-damage|p1a: Giratina|348\/493|[from] Stealth Rock\n|-ability|p1a: Giratina|Pressure\n|move|p2a: Kartana|Sacred Sword|p1a: Giratina\n|-immune|p1a: Giratina\n|\n|upkeep\n|turn|10\n|\n|t:|1618165389\n|switch|p2a: Reshiram|Reshiram, shiny|404\/404\n|-ability|p2a: Reshiram|Turboblaze\n|move|p1a: Giratina|Defog|p2a: Reshiram\n|-unboost|p2a: Reshiram|evasion|1\n|-sideend|p1: ArcanineSquad|Stealth Rock|[from] move: Defog|[of] p1a: Giratina\n|\n|upkeep\n|turn|11\n|\n|t:|1618165403\n|switch|p1a: Slowking|Slowking, M, shiny|393\/393 tox\n|switch|p2a: Solgaleo|Solgaleo|429\/429\n|\n|-damage|p1a: Slowking|369\/393 tox|[from] psn\n|upkeep\n|turn|12\n|\n|t:|1618165465\n|switch|p1a: Ho-Oh|Ho-Oh, shiny|394\/394\n|move|p2a: Solgaleo|Knock Off|p1a: Ho-Oh\n|-damage|p1a: Ho-Oh|271\/394\n|-enditem|p1a: Ho-Oh|Charti Berry|[from] move: Knock Off|[of] p2a: Solgaleo\n|\n|upkeep\n|turn|13\n|\n|t:|1618165480\n|switch|p2a: Swampert|Swampert, M|379\/404 tox\n|move|p1a: Ho-Oh|Sacred Fire|p2a: Swampert\n|-resisted|p2a: Swampert\n|-damage|p2a: Swampert|322\/404 tox\n|debug|move failed because it did nothing\n|\n|-damage|p2a: Swampert|297\/404 tox|[from] psn\n|upkeep\n|turn|14\n|\n|t:|1618165488\n|switch|p1a: Giratina|Giratina|348\/493\n|-ability|p1a: Giratina|Pressure\n|move|p2a: Swampert|Stealth Rock|p1a: Giratina\n|-sidestart|p1: ArcanineSquad|move: Stealth Rock\n|\n|-damage|p2a: Swampert|247\/404 tox|[from] psn\n|upkeep\n|turn|15\n|\n|t:|1618165495\n|move|p1a: Giratina|Defog|p2a: Swampert\n|-unboost|p2a: Swampert|evasion|1\n|-sideend|p1: ArcanineSquad|Stealth Rock|[from] move: Defog|[of] p1a: Giratina\n|move|p2a: Swampert|Toxic|p1a: Giratina|[miss]\n|-miss|p2a: Swampert|p1a: Giratina\n|\n|-damage|p2a: Swampert|172\/404 tox|[from] psn\n|upkeep\n|turn|16\n|\n|t:|1618165506\n|move|p1a: Giratina|Shadow Ball|p2a: Swampert\n|-damage|p2a: Swampert|67\/404 tox\n|move|p2a: Swampert|Stealth Rock|p1a: Giratina\n|-sidestart|p1: ArcanineSquad|move: Stealth Rock\n|\n|-damage|p2a: Swampert|0 fnt|[from] psn\n|faint|p2a: Swampert\n|upkeep\n|\n|t:|1618165568\n|switch|p2a: Reshiram|Reshiram, shiny|404\/404\n|-ability|p2a: Reshiram|Turboblaze\n|turn|17\n|\n|t:|1618165592\n|switch|p1a: Slowking|Slowking, M, shiny|393\/393 tox\n|-damage|p1a: Slowking|344\/393 tox|[from] Stealth Rock\n|move|p2a: Reshiram|Toxic|p1a: Slowking\n|-fail|p1a: Slowking|tox\n|debug|move failed because it did nothing\n|\n|-heal|p1a: Slowking|368\/393 tox|[from] item: Leftovers\n|-damage|p1a: Slowking|344\/393 tox|[from] psn\n|upkeep\n|turn|18\n|\n|t:|1618165606\n|switch|p2a: Snorlax|Snorlax, M|524\/524\n|move|p1a: Slowking|Teleport|p1a: Slowking\n|\n|t:|1618165609\n|switch|p1a: Zamazenta|Zamazenta|351\/351\n|-damage|p1a: Zamazenta|330\/351|[from] Stealth Rock\n|-ability|p1a: Zamazenta|Dauntless Shield|boost\n|-boost|p1a: Zamazenta|def|1\n|\n|upkeep\n|turn|19\n|\n|t:|1618165616\n|debug|before turn callback: counter\n|move|p1a: Zamazenta|Close Combat|p2a: Snorlax\n|-supereffective|p2a: Snorlax\n|-enditem|p2a: Snorlax|Chople Berry|[eat]\n|debug|-50% reduction\n|-enditem|p2a: Snorlax|Chople Berry|[weaken]\n|-damage|p2a: Snorlax|181\/524\n|-unboost|p1a: Zamazenta|def|1\n|-unboost|p1a: Zamazenta|spd|1\n|move|p2a: Snorlax|Counter|p1a: Zamazenta\n|-damage|p1a: Zamazenta|0 fnt\n|faint|p1a: Zamazenta\n|\n|upkeep\n|\n|t:|1618165627\n|switch|p1a: Weavile|Weavile, M|281\/281\n|-damage|p1a: Weavile|211\/281|[from] Stealth Rock\n|-ability|p1a: Weavile|Pressure\n|turn|20\n|\n|t:|1618165700\n|switch|p2a: Reshiram|Reshiram, shiny|404\/404\n|-ability|p2a: Reshiram|Turboblaze\n|move|p1a: Weavile|Low Kick|p2a: Reshiram\n|-damage|p2a: Reshiram|277\/404\n|-damage|p1a: Weavile|183\/281|[from] item: Life Orb\n|\n|upkeep\n|turn|21\n|\n|t:|1618165738\n|switch|p1a: Slowking|Slowking, M, shiny|393\/393 tox\n|-damage|p1a: Slowking|344\/393 tox|[from] Stealth Rock\n|move|p2a: Reshiram|Roost|p2a: Reshiram\n|-heal|p2a: Reshiram|404\/404\n|-singleturn|p2a: Reshiram|move: Roost\n|\n|-heal|p1a: Slowking|368\/393 tox|[from] item: Leftovers\n|-damage|p1a: Slowking|344\/393 tox|[from] psn\n|upkeep\n|turn|22\n|\n|t:|1618165764\n|switch|p2a: Snorlax|Snorlax, M|181\/524\n|move|p1a: Slowking|Scald|p2a: Snorlax\n|-damage|p2a: Snorlax|100\/524\n|\n|-heal|p1a: Slowking|368\/393 tox|[from] item: Leftovers\n|-damage|p1a: Slowking|320\/393 tox|[from] psn\n|upkeep\n|turn|23\n|\n|t:|1618165772\n|move|p2a: Snorlax|Body Slam|p1a: Slowking\n|-damage|p1a: Slowking|194\/393 tox\n|debug|move failed because it did nothing\n|move|p1a: Slowking|Teleport|p1a: Slowking\n|\n|t:|1618165776\n|switch|p1a: Giratina|Giratina|348\/493\n|-damage|p1a: Giratina|287\/493|[from] Stealth Rock\n|-ability|p1a: Giratina|Pressure\n|\n|upkeep\n|turn|24\n|\n|t:|1618165780\n|move|p1a: Giratina|Defog|p2a: Snorlax\n|-unboost|p2a: Snorlax|evasion|1\n|-sideend|p1: ArcanineSquad|Stealth Rock|[from] move: Defog|[of] p1a: Giratina\n|move|p2a: Snorlax|Toxic|p1a: Giratina\n|-status|p1a: Giratina|tox\n|\n|-damage|p1a: Giratina|257\/493 tox|[from] psn\n|upkeep\n|turn|25\n|\n|t:|1618165790\n|switch|p2a: Reshiram|Reshiram, shiny|404\/404\n|-ability|p2a: Reshiram|Turboblaze\n|move|p1a: Giratina|Rest|p1a: Giratina\n|-status|p1a: Giratina|slp|[from] move: Rest\n|-heal|p1a: Giratina|493\/493 slp|[silent]\n|-enditem|p1a: Giratina|Chesto Berry|[eat]\n|-curestatus|p1a: Giratina|slp|[msg]\n|\n|upkeep\n|turn|26\n|\n|t:|1618165805\n|switch|p2a: Solgaleo|Solgaleo|429\/429\n|switch|p1a: Slowking|Slowking, M, shiny|325\/393 tox\n|\n|-heal|p1a: Slowking|349\/393 tox|[from] item: Leftovers\n|-damage|p1a: Slowking|325\/393 tox|[from] psn\n|upkeep\n|turn|27\n|\n|t:|1618165961\n|switch|p1a: Giratina|Giratina|493\/493\n|-ability|p1a: Giratina|Pressure\n|move|p2a: Solgaleo|Knock Off|p1a: Giratina\n|-supereffective|p1a: Giratina\n|-damage|p1a: Giratina|399\/493\n|\n|upkeep\n|turn|28\n|\n|t:|1618166030\n|switch|p1a: Ho-Oh|Ho-Oh, shiny|394\/394\n|move|p2a: Solgaleo|Knock Off|p1a: Ho-Oh\n|-damage|p1a: Ho-Oh|305\/394\n|\n|upkeep\n|turn|29\n|\n|t:|1618166100\n|move|p2a: Solgaleo|Stone Edge|p1a: Ho-Oh|[miss]\n|-miss|p2a: Solgaleo|p1a: Ho-Oh\n|move|p1a: Ho-Oh|Sacred Fire|p2a: Solgaleo\n|-supereffective|p2a: Solgaleo\n|-damage|p2a: Solgaleo|153\/429\n|-status|p2a: Solgaleo|brn\n|\n|-damage|p2a: Solgaleo|127\/429 brn|[from] brn\n|upkeep\n|turn|30\n|\n|t:|1618166148\n|switch|p2a: Reshiram|Reshiram, shiny|404\/404\n|-ability|p2a: Reshiram|Turboblaze\n|move|p1a: Ho-Oh|Roost|p1a: Ho-Oh\n|-heal|p1a: Ho-Oh|394\/394\n|-singleturn|p1a: Ho-Oh|move: Roost\n|\n|upkeep\n|turn|31\n|\n|t:|1618166180\n|switch|p2a: Kartana|Kartana|277\/277\n|move|p1a: Ho-Oh|Toxic|p2a: Kartana\n|debug|natural status immunity\n|debug|immune to status\n|-immune|p2a: Kartana\n|debug|move failed because it did nothing\n|\n|upkeep\n|turn|32\n|\n|t:|1618166215\n|switch|p2a: Snorlax|Snorlax, M|100\/524\n|move|p1a: Ho-Oh|Toxic|p2a: Snorlax\n|-status|p2a: Snorlax|tox\n|\n|-damage|p2a: Snorlax|68\/524 tox|[from] psn\n|upkeep\n|turn|33\n|\n|t:|1618166222\n|move|p1a: Ho-Oh|Earthquake|p2a: Snorlax\n|-damage|p2a: Snorlax|0 fnt\n|faint|p2a: Snorlax\n|\n|upkeep\n|\n|t:|1618166248\n|switch|p2a: Groudon|Groudon|359\/359\n|-weather|SunnyDay|[from] ability: Drought|[of] p2a: Groudon\n|turn|34\n|\n|t:|1618166275\n|switch|p1a: Giratina|Giratina|399\/493\n|-ability|p1a: Giratina|Pressure\n|move|p2a: Groudon|Rock Polish|p2a: Groudon\n|-boost|p2a: Groudon|spe|2\n|\n|-weather|SunnyDay|[upkeep]\n|upkeep\n|turn|35\n|\n|t:|1618166296\n|switch|p2a: Reshiram|Reshiram, shiny|404\/404\n|-ability|p2a: Reshiram|Turboblaze\n|move|p1a: Giratina|Will-O-Wisp|p2a: Reshiram\n|debug|natural status immunity\n|debug|immune to status\n|-immune|p2a: Reshiram\n|debug|move failed because it did nothing\n|\n|-weather|SunnyDay|[upkeep]\n|upkeep\n|turn|36\n|\n|t:|1618166333\n|switch|p1a: Slowking|Slowking, M, shiny|393\/393 tox\n|move|p2a: Reshiram|Toxic|p1a: Slowking\n|-fail|p1a: Slowking|tox\n|debug|move failed because it did nothing\n|\n|-weather|SunnyDay|[upkeep]\n|-damage|p1a: Slowking|369\/393 tox|[from] psn\n|upkeep\n|turn|37\n|\n|t:|1618166342\n|move|p2a: Reshiram|Toxic|p1a: Slowking\n|-fail|p1a: Slowking|tox\n|debug|move failed because it did nothing\n|move|p1a: Slowking|Teleport|p1a: Slowking\n|\n|t:|1618166346\n|switch|p1a: Palkia|Palkia|295\/337\n|-ability|p1a: Palkia|Pressure\n|\n|-weather|SunnyDay|[upkeep]\n|-heal|p1a: Palkia|316\/337|[from] item: Leftovers\n|upkeep\n|turn|38\n|\n|t:|1618166366\n|switch|p2a: Kartana|Kartana|277\/277\n|move|p1a: Palkia|Substitute|p1a: Palkia\n|-start|p1a: Palkia|Substitute\n|-damage|p1a: Palkia|232\/337\n|\n|-weather|none\n|-heal|p1a: Palkia|253\/337|[from] item: Leftovers\n|upkeep\n|turn|39\n|\n|t:|1618166387\n|debug|before turn callback: focuspunch\n|-singleturn|p1a: Palkia|move: Focus Punch\n|move|p2a: Kartana|Leaf Blade|p1a: Palkia\n|-end|p1a: Palkia|Substitute\n|move|p1a: Palkia|Focus Punch|p2a: Kartana\n|-supereffective|p2a: Kartana\n|-damage|p2a: Kartana|0 fnt\n|faint|p2a: Kartana\n|\n|-heal|p1a: Palkia|274\/337|[from] item: Leftovers\n|upkeep\n|\n|t:|1618166403\n|switch|p2a: Groudon|Groudon|359\/359\n|-weather|SunnyDay|[from] ability: Drought|[of] p2a: Groudon\n|turn|40\n|\n|t:|1618166464\n|switch|p1a: Giratina|Giratina|399\/493\n|-ability|p1a: Giratina|Pressure\n|move|p2a: Groudon|Precipice Blades|p1a: Giratina\n|-damage|p1a: Giratina|237\/493\n|\n|-weather|SunnyDay|[upkeep]\n|upkeep\n|turn|41\n|\n|t:|1618166644\n|switch|p1a: Ho-Oh|Ho-Oh, shiny|394\/394\n|move|p2a: Groudon|Precipice Blades|p1a: Ho-Oh\n|-immune|p1a: Ho-Oh\n|\n|-weather|SunnyDay|[upkeep]\n|upkeep\n|turn|42\n|\n|t:|1618166678\n|move|p1a: Ho-Oh|Sacred Fire|p2a: Groudon\n|debug|Sunny Day fire boost\n|-damage|p2a: Groudon|182\/359\n|-status|p2a: Groudon|brn\n|move|p2a: Groudon|Rock Polish|p2a: Groudon\n|-boost|p2a: Groudon|spe|2\n|\n|-weather|SunnyDay|[upkeep]\n|-damage|p2a: Groudon|160\/359 brn|[from] brn\n|upkeep\n|-enditem|p2a: Groudon|Sitrus Berry|[eat]\n|-heal|p2a: Groudon|249\/359 brn|[from] item: Sitrus Berry\n|turn|43\n|\n|t:|1618166698\n|move|p2a: Groudon|Stone Edge|p1a: Ho-Oh\n|-supereffective|p1a: Ho-Oh\n|-damage|p1a: Ho-Oh|96\/394\n|move|p1a: Ho-Oh|Sacred Fire|p2a: Groudon\n|debug|Sunny Day fire boost\n|-damage|p2a: Groudon|84\/359 brn\n|debug|move failed because it did nothing\n|\n|-weather|SunnyDay|[upkeep]\n|-damage|p2a: Groudon|62\/359 brn|[from] brn\n|upkeep\n|turn|44\n|\n|t:|1618166734\n|switch|p1a: Giratina|Giratina|237\/493\n|-ability|p1a: Giratina|Pressure\n|move|p2a: Groudon|Precipice Blades|p1a: Giratina\n|-damage|p1a: Giratina|156\/493\n|\n|-weather|none\n|-damage|p2a: Groudon|40\/359 brn|[from] brn\n|upkeep\n|turn|45\n|\n|t:|1618166772\n|move|p2a: Groudon|Stone Edge|p1a: Giratina\n|-damage|p1a: Giratina|107\/493\n|move|p1a: Giratina|Rest|p1a: Giratina\n|-status|p1a: Giratina|slp|[from] move: Rest\n|-heal|p1a: Giratina|493\/493 slp|[silent]\n|\n|-damage|p2a: Groudon|18\/359 brn|[from] brn\n|upkeep\n|turn|46\n|-message|LPmitLuckyYT forfeited.\n|\n|win|ArcanineSquad\n|l|\u2606LPmitLuckyYT\n|c|\u2606ArcanineSquad|GG, das war echt mies unlucky\n","uploadtime":1618166857,"views":44,"p1id":"arcaninesquad","p2id":"lpmitluckyyt","formatid":"gen8customgame","rating":0,"private":0,"password":null}