{"id":"gen8ou-1699053997","p1":"Rex Rei","p2":"machugen","format":"gen8ou","log":"|j|\u2606Rex Rei\n|j|\u2606machugen\n|t:|1667190930\n|gametype|singles\n|player|p1|Rex Rei|veteran|1678\n|player|p2|machugen|brock-gen1rb|1755\n|teamsize|p1|6\n|teamsize|p2|6\n|gen|8\n|tier|[Gen 8] OU\n|rated|\n|rule|Sleep Clause Mod: Limit one foe put to sleep\n|rule|Species Clause: Limit one of each Pok\u00e9mon\n|rule|OHKO Clause: OHKO moves are banned\n|rule|Evasion Items Clause: Evasion items are banned\n|rule|Evasion Moves Clause: Evasion moves are banned\n|rule|Endless Battle Clause: Forcing endless battles is banned\n|rule|HP Percentage Mod: HP is shown in percentages\n|rule|Dynamax Clause: You cannot dynamax\n|clearpoke\n|poke|p1|Torkoal, F|\n|poke|p1|Venusaur, F|\n|poke|p1|Charizard, F|\n|poke|p1|Corviknight, F|\n|poke|p1|Entei|\n|poke|p1|Garchomp, F|\n|poke|p2|Tapu Lele|\n|poke|p2|Urshifu-*, M|\n|poke|p2|Aegislash, M|\n|poke|p2|Umbreon, M|\n|poke|p2|Garchomp, M|\n|poke|p2|Tornadus-Therian, M|\n|teampreview\n|\n|t:|1667190936\n|start\n|switch|p1a: Torkoal|Torkoal, F|100\/100\n|switch|p2a: Tornadus|Tornadus-Therian, M|100\/100\n|-weather|SunnyDay|[from] ability: Drought|[of] p1a: Torkoal\n|turn|1\n|\n|t:|1667190941\n|switch|p1a: Entei|Entei|100\/100\n|move|p2a: Tornadus|Knock Off|p1a: Entei\n|-damage|p1a: Entei|79\/100\n|-enditem|p1a: Entei|Choice Band|[from] move: Knock Off|[of] p2a: Tornadus\n|\n|-weather|SunnyDay|[upkeep]\n|upkeep\n|turn|2\n|\n|t:|1667190945\n|move|p2a: Tornadus|U-turn|p1a: Entei\n|-resisted|p1a: Entei\n|-damage|p1a: Entei|71\/100\n|\n|t:|1667190946\n|switch|p2a: Garchomp|Garchomp, M|100\/100|[from]move: U-turn\n|move|p1a: Entei|Sacred Fire|p2a: Garchomp\n|-resisted|p2a: Garchomp\n|-damage|p2a: Garchomp|69\/100\n|\n|-weather|SunnyDay|[upkeep]\n|-heal|p2a: Garchomp|75\/100|[from] item: Leftovers\n|upkeep\n|turn|3\n|\n|t:|1667190950\n|move|p1a: Entei|Sacred Fire|p2a: Garchomp\n|-resisted|p2a: Garchomp\n|-damage|p2a: Garchomp|47\/100\n|move|p2a: Garchomp|Stealth Rock|p1a: Entei\n|-sidestart|p1: Rex Rei|move: Stealth Rock\n|\n|-weather|SunnyDay|[upkeep]\n|-heal|p2a: Garchomp|53\/100|[from] item: Leftovers\n|upkeep\n|turn|4\n|j| Ren Neo Akaba\n|\n|t:|1667190954\n|move|p2a: Garchomp|Protect|p2a: Garchomp\n|-singleturn|p2a: Garchomp|Protect\n|move|p1a: Entei|Sacred Fire|p2a: Garchomp\n|-activate|p2a: Garchomp|move: Protect\n|\n|-weather|SunnyDay|[upkeep]\n|-heal|p2a: Garchomp|59\/100|[from] item: Leftovers\n|upkeep\n|turn|5\n|\n|t:|1667190957\n|switch|p2a: Umbreon|Umbreon, M|100\/100\n|move|p1a: Entei|Sacred Fire|p2a: Umbreon\n|-damage|p2a: Umbreon|59\/100\n|\n|-weather|SunnyDay|[upkeep]\n|-heal|p2a: Umbreon|65\/100|[from] item: Leftovers\n|upkeep\n|turn|6\n|\n|t:|1667190961\n|switch|p1a: Corviknight|Corviknight, F|100\/100\n|-damage|p1a: Corviknight|88\/100|[from] Stealth Rock\n|-ability|p1a: Corviknight|Pressure\n|move|p2a: Umbreon|Wish|p2a: Umbreon\n|\n|-weather|SunnyDay|[upkeep]\n|-heal|p1a: Corviknight|94\/100|[from] item: Leftovers\n|-heal|p2a: Umbreon|71\/100|[from] item: Leftovers\n|upkeep\n|turn|7\n|inactive|Battle timer is ON: inactive players will automatically lose when time's up. (requested by Rex Rei)\n|\n|t:|1667190974\n|switch|p2a: Garchomp|Garchomp, M|59\/100\n|move|p1a: Corviknight|Defog|p2a: Garchomp\n|-unboost|p2a: Garchomp|evasion|1\n|-sideend|p1: Rex Rei|Stealth Rock|[from] move: Defog|[of] p1a: Corviknight\n|\n|-weather|SunnyDay|[upkeep]\n|-heal|p2a: Garchomp|100\/100|[from] move: Wish|[wisher] Umbreon\n|-heal|p1a: Corviknight|100\/100|[from] item: Leftovers\n|upkeep\n|turn|8\n|\n|t:|1667190977\n|switch|p1a: Garchomp|Garchomp, F|100\/100\n|move|p2a: Garchomp|Stealth Rock|p1a: Garchomp\n|-sidestart|p1: Rex Rei|move: Stealth Rock\n|\n|-weather|none\n|upkeep\n|turn|9\n|\n|t:|1667190983\n|move|p1a: Garchomp|Swords Dance|p1a: Garchomp\n|-boost|p1a: Garchomp|atk|2\n|move|p2a: Garchomp|Toxic|p1a: Garchomp\n|-status|p1a: Garchomp|tox\n|\n|-damage|p1a: Garchomp|94\/100 tox|[from] psn\n|upkeep\n|turn|10\n|\n|t:|1667190985\n|move|p2a: Garchomp|Protect|p2a: Garchomp\n|-singleturn|p2a: Garchomp|Protect\n|move|p1a: Garchomp|Scale Shot|p2a: Garchomp\n|-activate|p2a: Garchomp|move: Protect\n|\n|-damage|p1a: Garchomp|82\/100 tox|[from] psn\n|upkeep\n|turn|11\n|\n|t:|1667190989\n|switch|p2a: Aegislash|Aegislash, M|100\/100\n|move|p1a: Garchomp|Earthquake|p2a: Aegislash\n|-supereffective|p2a: Aegislash\n|-damage|p2a: Aegislash|0 fnt\n|faint|p2a: Aegislash\n|-damage|p1a: Garchomp|72\/100 tox|[from] item: Life Orb\n|\n|-damage|p1a: Garchomp|54\/100 tox|[from] psn\n|upkeep\n|\n|t:|1667190997\n|switch|p2a: Urshifu|Urshifu-Rapid-Strike, M|100\/100\n|turn|12\n|\n|t:|1667191001\n|move|p2a: Urshifu|Ice Punch|p1a: Garchomp\n|-supereffective|p1a: Garchomp\n|-damage|p1a: Garchomp|0 fnt\n|-damage|p2a: Urshifu|88\/100|[from] ability: Rough Skin|[of] p1a: Garchomp\n|faint|p1a: Garchomp\n|\n|upkeep\n|\n|t:|1667191004\n|switch|p1a: Torkoal|Torkoal, F|100\/100\n|-damage|p1a: Torkoal|76\/100|[from] Stealth Rock\n|-weather|SunnyDay|[from] ability: Drought|[of] p1a: Torkoal\n|turn|13\n|\n|t:|1667191006\n|switch|p2a: Garchomp|Garchomp, M|100\/100\n|move|p1a: Torkoal|Stealth Rock|p2a: Garchomp\n|-sidestart|p2: machugen|move: Stealth Rock\n|\n|-weather|SunnyDay|[upkeep]\n|upkeep\n|turn|14\n|\n|t:|1667191008\n|move|p2a: Garchomp|Earthquake|p1a: Torkoal\n|-supereffective|p1a: Torkoal\n|-crit|p1a: Torkoal\n|-damage|p1a: Torkoal|0 fnt\n|faint|p1a: Torkoal\n|\n|-weather|SunnyDay|[upkeep]\n|upkeep\n|\n|t:|1667191010\n|switch|p1a: Venusaur|Venusaur, F|100\/100\n|-damage|p1a: Venusaur|88\/100|[from] Stealth Rock\n|turn|15\n|\n|t:|1667191012\n|move|p1a: Venusaur|Growth|p1a: Venusaur\n|-boost|p1a: Venusaur|atk|2\n|-boost|p1a: Venusaur|spa|2\n|move|p2a: Garchomp|Earthquake|p1a: Venusaur\n|-damage|p1a: Venusaur|35\/100\n|\n|-weather|SunnyDay|[upkeep]\n|upkeep\n|turn|16\n|\n|t:|1667191015\n|move|p1a: Venusaur|Giga Drain|p2a: Garchomp\n|-damage|p2a: Garchomp|30\/100\n|-heal|p1a: Venusaur|84\/100|[from] drain|[of] p2a: Garchomp\n|-damage|p1a: Venusaur|74\/100|[from] item: Life Orb\n|move|p2a: Garchomp|Earthquake|p1a: Venusaur\n|-damage|p1a: Venusaur|21\/100\n|\n|-weather|SunnyDay|[upkeep]\n|-heal|p2a: Garchomp|36\/100|[from] item: Leftovers\n|upkeep\n|turn|17\n|\n|t:|1667191017\n|move|p2a: Garchomp|Protect|p2a: Garchomp\n|-singleturn|p2a: Garchomp|Protect\n|move|p1a: Venusaur|Giga Drain|p2a: Garchomp\n|-activate|p2a: Garchomp|move: Protect\n|\n|-weather|SunnyDay|[upkeep]\n|-heal|p2a: Garchomp|42\/100|[from] item: Leftovers\n|upkeep\n|turn|18\n|\n|t:|1667191024\n|switch|p2a: Tornadus|Tornadus-Therian, M|100\/100\n|move|p1a: Venusaur|Giga Drain|p2a: Tornadus\n|-resisted|p2a: Tornadus\n|-damage|p2a: Tornadus|57\/100\n|-heal|p1a: Venusaur|47\/100|[from] drain|[of] p2a: Tornadus\n|-damage|p1a: Venusaur|37\/100|[from] item: Life Orb\n|\n|-weather|SunnyDay|[upkeep]\n|upkeep\n|turn|19\n|\n|t:|1667191028\n|move|p1a: Venusaur|Weather Ball|p2a: Tornadus\n|-damage|p2a: Tornadus|0 fnt\n|faint|p2a: Tornadus\n|-damage|p1a: Venusaur|27\/100|[from] item: Life Orb\n|\n|-weather|SunnyDay|[upkeep]\n|upkeep\n|\n|t:|1667191031\n|switch|p2a: Garchomp|Garchomp, M|42\/100\n|-damage|p2a: Garchomp|36\/100|[from] Stealth Rock\n|turn|20\n|\n|t:|1667191036\n|move|p2a: Garchomp|Protect|p2a: Garchomp\n|-singleturn|p2a: Garchomp|Protect\n|move|p1a: Venusaur|Giga Drain|p2a: Garchomp\n|-activate|p2a: Garchomp|move: Protect\n|\n|-weather|none\n|-heal|p2a: Garchomp|42\/100|[from] item: Leftovers\n|upkeep\n|turn|21\n|\n|t:|1667191037\n|move|p2a: Garchomp|Earthquake|p1a: Venusaur\n|-damage|p1a: Venusaur|0 fnt\n|faint|p1a: Venusaur\n|\n|-heal|p2a: Garchomp|48\/100|[from] item: Leftovers\n|upkeep\n|\n|t:|1667191041\n|switch|p1a: Corviknight|Corviknight, F|100\/100\n|-damage|p1a: Corviknight|88\/100|[from] Stealth Rock\n|-ability|p1a: Corviknight|Pressure\n|turn|22\n|\n|t:|1667191047\n|switch|p2a: Tapu Lele|Tapu Lele, shiny|100\/100\n|-damage|p2a: Tapu Lele|88\/100|[from] Stealth Rock\n|-fieldstart|move: Psychic Terrain|[from] ability: Psychic Surge|[of] p2a: Tapu Lele\n|move|p1a: Corviknight|Brave Bird|p2a: Tapu Lele\n|-damage|p2a: Tapu Lele|26\/100\n|-damage|p1a: Corviknight|74\/100|[from] Recoil\n|\n|-heal|p1a: Corviknight|80\/100|[from] item: Leftovers\n|upkeep\n|turn|23\n|\n|t:|1667191050\n|move|p2a: Tapu Lele|Thunderbolt|p1a: Corviknight\n|-supereffective|p1a: Corviknight\n|-damage|p1a: Corviknight|0 fnt\n|faint|p1a: Corviknight\n|\n|upkeep\n|\n|t:|1667191052\n|switch|p1a: Entei|Entei|71\/100\n|-damage|p1a: Entei|46\/100|[from] Stealth Rock\n|turn|24\n|\n|t:|1667191056\n|switch|p2a: Umbreon|Umbreon, M|71\/100\n|-damage|p2a: Umbreon|59\/100|[from] Stealth Rock\n|move|p1a: Entei|Sacred Fire|p2a: Umbreon\n|-damage|p2a: Umbreon|29\/100\n|\n|-heal|p2a: Umbreon|35\/100|[from] item: Leftovers\n|upkeep\n|turn|25\n|\n|t:|1667191059\n|move|p1a: Entei|Sacred Fire|p2a: Umbreon\n|-damage|p2a: Umbreon|4\/100\n|-status|p2a: Umbreon|brn\n|-activate|p2a: Umbreon|ability: Synchronize\n|-immune|p1a: Entei\n|move|p2a: Umbreon|Wish|p2a: Umbreon\n|\n|-heal|p2a: Umbreon|10\/100 brn|[from] item: Leftovers\n|-damage|p2a: Umbreon|4\/100 brn|[from] brn\n|upkeep\n|turn|26\n|\n|t:|1667191064\n|move|p2a: Umbreon|Protect|p2a: Umbreon\n|-singleturn|p2a: Umbreon|Protect\n|move|p1a: Entei|Extreme Speed|p2a: Umbreon\n|-activate|p2a: Umbreon|move: Psychic Terrain\n|\n|-heal|p2a: Umbreon|54\/100 brn|[from] move: Wish|[wisher] Umbreon\n|-heal|p2a: Umbreon|60\/100 brn|[from] item: Leftovers\n|-damage|p2a: Umbreon|54\/100 brn|[from] brn\n|-fieldend|move: Psychic Terrain\n|upkeep\n|turn|27\n|\n|t:|1667191066\n|move|p1a: Entei|Sacred Fire|p2a: Umbreon\n|-damage|p2a: Umbreon|24\/100 brn\n|move|p2a: Umbreon|Wish|p2a: Umbreon\n|\n|-heal|p2a: Umbreon|30\/100 brn|[from] item: Leftovers\n|-damage|p2a: Umbreon|24\/100 brn|[from] brn\n|upkeep\n|turn|28\n|\n|t:|1667191069\n|move|p2a: Umbreon|Protect|p2a: Umbreon\n|-singleturn|p2a: Umbreon|Protect\n|move|p1a: Entei|Extreme Speed|p2a: Umbreon\n|-activate|p2a: Umbreon|move: Protect\n|\n|-heal|p2a: Umbreon|74\/100 brn|[from] move: Wish|[wisher] Umbreon\n|-heal|p2a: Umbreon|80\/100 brn|[from] item: Leftovers\n|-damage|p2a: Umbreon|74\/100 brn|[from] brn\n|upkeep\n|turn|29\n|\n|t:|1667191071\n|move|p1a: Entei|Stone Edge|p2a: Umbreon\n|-damage|p2a: Umbreon|55\/100 brn\n|move|p2a: Umbreon|Wish|p2a: Umbreon\n|\n|-heal|p2a: Umbreon|61\/100 brn|[from] item: Leftovers\n|-damage|p2a: Umbreon|55\/100 brn|[from] brn\n|upkeep\n|turn|30\n|\n|t:|1667191074\n|move|p2a: Umbreon|Protect|p2a: Umbreon\n|-singleturn|p2a: Umbreon|Protect\n|move|p1a: Entei|Sacred Fire|p2a: Umbreon\n|-activate|p2a: Umbreon|move: Protect\n|\n|-heal|p2a: Umbreon|100\/100 brn|[from] move: Wish|[wisher] Umbreon\n|-damage|p2a: Umbreon|94\/100 brn|[from] brn\n|upkeep\n|turn|31\n|-message|Rex Rei forfeited.\n|\n|win|machugen\n|raw|Rex Rei's rating: 1678 &rarr; <strong>1662<\/strong><br \/>(-16 for losing)\n|raw|machugen's rating: 1755 &rarr; <strong>1771<\/strong><br \/>(+16 for winning)\n|l|\u2606Rex Rei\n","uploadtime":1667191080,"views":7,"p1id":"rexrei","p2id":"machugen","formatid":"gen8ou","rating":1662,"private":0,"password":null}