{"id":"gen8ou-1681405277","p1":"Intimidate Squad","p2":"Scoots Mgee","format":"gen8ou","log":"|j|\u2606Intimidate Squad\n|j|\u2606Scoots Mgee\n|t:|1665312094\n|gametype|singles\n|player|p1|Intimidate Squad|170|1515\n|player|p2|Scoots Mgee|acetrainerf|1486\n|teamsize|p1|6\n|teamsize|p2|6\n|gen|8\n|tier|[Gen 8] OU\n|rated|\n|rule|Sleep Clause Mod: Limit one foe put to sleep\n|rule|Species Clause: Limit one of each Pok\u00e9mon\n|rule|OHKO Clause: OHKO moves are banned\n|rule|Evasion Items Clause: Evasion items are banned\n|rule|Evasion Moves Clause: Evasion moves are banned\n|rule|Endless Battle Clause: Forcing endless battles is banned\n|rule|HP Percentage Mod: HP is shown in percentages\n|rule|Dynamax Clause: You cannot dynamax\n|clearpoke\n|poke|p1|Pelipper, F|\n|poke|p1|Crawdaunt, F|\n|poke|p1|Zapdos|\n|poke|p1|Garchomp, M|\n|poke|p1|Melmetal|\n|poke|p1|Gardevoir, M|\n|poke|p2|Clefable, M|\n|poke|p2|Melmetal|\n|poke|p2|Zygarde-10%|\n|poke|p2|Tapu Fini|\n|poke|p2|Zapdos|\n|poke|p2|Gastrodon, F|\n|teampreview\n|inactive|Battle timer is ON: inactive players will automatically lose when time's up. (requested by Scoots Mgee)\n|\n|t:|1665312098\n|start\n|switch|p1a: Gardevoir|Gardevoir, M|100\/100\n|switch|p2a: Zapdos|Zapdos|100\/100\n|-ability|p1a: Gardevoir|Static|[from] ability: Trace|[of] p2a: Zapdos\n|turn|1\n|\n|t:|1665312102\n|move|p1a: Gardevoir|Trick|p2a: Zapdos\n|-activate|p1a: Gardevoir|move: Trick|[of] p2a: Zapdos\n|-item|p2a: Zapdos|Choice Scarf|[from] move: Trick\n|-item|p1a: Gardevoir|Heavy-Duty Boots|[from] move: Trick\n|move|p2a: Zapdos|Volt Switch|p1a: Gardevoir\n|-damage|p1a: Gardevoir|67\/100\n|inactive|Scoots Mgee has 120 seconds left.\n|\n|t:|1665312143\n|switch|p2a: Zygarde|Zygarde-10%|100\/100|[from]move: Volt Switch\n|-ability|p2a: Zygarde|Aura Break\n|\n|upkeep\n|turn|2\n|\n|t:|1665312154\n|switch|p1a: Pelipper|Pelipper, F|100\/100\n|-weather|RainDance|[from] ability: Drizzle|[of] p1a: Pelipper\n|move|p2a: Zygarde|Thousand Arrows|p1a: Pelipper\n|-damage|p1a: Pelipper|44\/100\n|-start|p1a: Pelipper|Smack Down\n|\n|-weather|RainDance|[upkeep]\n|upkeep\n|turn|3\n|\n|t:|1665312163\n|switch|p1a: Zapdos|Zapdos|100\/100\n|move|p2a: Zygarde|Thousand Arrows|p1a: Zapdos\n|-damage|p1a: Zapdos|59\/100\n|-start|p1a: Zapdos|Smack Down\n|\n|-weather|RainDance|[upkeep]\n|upkeep\n|turn|4\n|\n|t:|1665312170\n|switch|p1a: Garchomp|Garchomp, M|100\/100\n|move|p2a: Zygarde|Thousand Arrows|p1a: Garchomp\n|-damage|p1a: Garchomp|65\/100\n|\n|-weather|RainDance|[upkeep]\n|upkeep\n|turn|5\n|\n|t:|1665312175\n|switch|p2a: Melmetal|Melmetal|100\/100\n|move|p1a: Garchomp|Stealth Rock|p2a: Melmetal\n|-sidestart|p2: Scoots Mgee|move: Stealth Rock\n|\n|-weather|RainDance|[upkeep]\n|upkeep\n|turn|6\n|\n|t:|1665312182\n|switch|p2a: Zapdos|Zapdos|100\/100\n|-damage|p2a: Zapdos|76\/100|[from] Stealth Rock\n|move|p1a: Garchomp|Earthquake|p2a: Zapdos\n|-immune|p2a: Zapdos\n|\n|-weather|none\n|upkeep\n|turn|7\n|\n|t:|1665312186\n|move|p2a: Zapdos|Hurricane|p1a: Garchomp\n|-crit|p1a: Garchomp\n|-damage|p1a: Garchomp|2\/100\n|-start|p1a: Garchomp|confusion\n|-activate|p1a: Garchomp|confusion\n|move|p1a: Garchomp|Toxic|p2a: Zapdos\n|-status|p2a: Zapdos|tox\n|\n|-damage|p2a: Zapdos|70\/100 tox|[from] psn\n|upkeep\n|turn|8\n|\n|t:|1665312195\n|move|p2a: Zapdos|Hurricane|p1a: Garchomp\n|-damage|p1a: Garchomp|0 fnt\n|faint|p1a: Garchomp\n|\n|-damage|p2a: Zapdos|57\/100 tox|[from] psn\n|upkeep\n|\n|t:|1665312202\n|switch|p1a: Melmetal|Melmetal|100\/100\n|turn|9\n|\n|t:|1665312209\n|switch|p2a: Melmetal|Melmetal|100\/100\n|-damage|p2a: Melmetal|94\/100|[from] Stealth Rock\n|move|p1a: Melmetal|Double Iron Bash|p2a: Melmetal\n|-resisted|p2a: Melmetal\n|-damage|p2a: Melmetal|86\/100\n|-resisted|p2a: Melmetal\n|-damage|p2a: Melmetal|77\/100\n|-hitcount|p2a: Melmetal|2\n|\n|-heal|p2a: Melmetal|83\/100|[from] item: Leftovers\n|upkeep\n|turn|10\n|\n|t:|1665312215\n|move|p1a: Melmetal|High Horsepower|p2a: Melmetal\n|-supereffective|p2a: Melmetal\n|-damage|p2a: Melmetal|49\/100\n|move|p2a: Melmetal|Thunder Wave|p1a: Melmetal\n|-status|p1a: Melmetal|par\n|\n|-heal|p2a: Melmetal|55\/100|[from] item: Leftovers\n|upkeep\n|turn|11\n|\n|t:|1665312226\n|switch|p1a: Zapdos|Zapdos|59\/100\n|move|p2a: Melmetal|Protect||[still]\n|-fail|p2a: Melmetal\n|\n|-heal|p2a: Melmetal|61\/100|[from] item: Leftovers\n|upkeep\n|turn|12\n|\n|t:|1665312232\n|move|p2a: Melmetal|Protect|p2a: Melmetal\n|-singleturn|p2a: Melmetal|Protect\n|move|p1a: Zapdos|Roost|p1a: Zapdos\n|-heal|p1a: Zapdos|100\/100\n|-singleturn|p1a: Zapdos|move: Roost\n|\n|-heal|p2a: Melmetal|68\/100|[from] item: Leftovers\n|upkeep\n|turn|13\n|\n|t:|1665312237\n|switch|p2a: Gastrodon|Gastrodon, F|100\/100\n|move|p1a: Zapdos|Discharge|p2a: Gastrodon\n|-immune|p2a: Gastrodon\n|\n|upkeep\n|turn|14\n|\n|t:|1665312245\n|switch|p1a: Gardevoir|Gardevoir, M|67\/100\n|-ability|p1a: Gardevoir|Storm Drain|[from] ability: Trace|[of] p2a: Gastrodon\n|move|p2a: Gastrodon|Toxic|p1a: Gardevoir\n|-status|p1a: Gardevoir|tox\n|\n|-damage|p1a: Gardevoir|61\/100 tox|[from] psn\n|upkeep\n|turn|15\n|\n|t:|1665312252\n|move|p1a: Gardevoir|Moonblast|p2a: Gastrodon\n|-damage|p2a: Gastrodon|66\/100\n|move|p2a: Gastrodon|Earthquake|p1a: Gardevoir\n|-damage|p1a: Gardevoir|6\/100 tox\n|\n|-damage|p1a: Gardevoir|0 fnt|[from] psn\n|faint|p1a: Gardevoir\n|upkeep\n|\n|t:|1665312258\n|switch|p1a: Pelipper|Pelipper, F|44\/100\n|-weather|RainDance|[from] ability: Drizzle|[of] p1a: Pelipper\n|turn|16\n|\n|t:|1665312261\n|move|p1a: Pelipper|Hurricane|p2a: Gastrodon\n|-damage|p2a: Gastrodon|18\/100\n|-start|p2a: Gastrodon|confusion\n|-activate|p2a: Gastrodon|confusion\n|-damage|p2a: Gastrodon|9\/100|[from] confusion\n|\n|-weather|RainDance|[upkeep]\n|upkeep\n|turn|17\n|\n|t:|1665312267\n|move|p1a: Pelipper|Hurricane|p2a: Gastrodon\n|-damage|p2a: Gastrodon|0 fnt\n|faint|p2a: Gastrodon\n|\n|-weather|RainDance|[upkeep]\n|upkeep\n|\n|t:|1665312274\n|switch|p2a: Zygarde|Zygarde-10%|100\/100\n|-damage|p2a: Zygarde|94\/100|[from] Stealth Rock\n|-ability|p2a: Zygarde|Aura Break\n|turn|18\n|\n|t:|1665312277\n|move|p2a: Zygarde|Thousand Arrows|p1a: Pelipper\n|-damage|p1a: Pelipper|0 fnt\n|faint|p1a: Pelipper\n|\n|-weather|RainDance|[upkeep]\n|upkeep\n|\n|t:|1665312281\n|switch|p1a: Crawdaunt|Crawdaunt, F|100\/100\n|turn|19\n|\n|t:|1665312286\n|switch|p2a: Tapu Fini|Tapu Fini|100\/100\n|-damage|p2a: Tapu Fini|88\/100|[from] Stealth Rock\n|-fieldstart|move: Misty Terrain|[from] ability: Misty Surge|[of] p2a: Tapu Fini\n|move|p1a: Crawdaunt|Liquidation|p2a: Tapu Fini\n|-resisted|p2a: Tapu Fini\n|-damage|p2a: Tapu Fini|33\/100\n|\n|-weather|RainDance|[upkeep]\n|-heal|p2a: Tapu Fini|39\/100|[from] item: Leftovers\n|upkeep\n|turn|20\n|\n|t:|1665312295\n|switch|p1a: Melmetal|Melmetal|100\/100 par\n|move|p2a: Tapu Fini|Moonblast|p1a: Melmetal\n|-resisted|p1a: Melmetal\n|-damage|p1a: Melmetal|89\/100 par\n|-unboost|p1a: Melmetal|spa|1\n|\n|-weather|none\n|-heal|p2a: Tapu Fini|45\/100|[from] item: Leftovers\n|upkeep\n|turn|21\n|\n|t:|1665312303\n|switch|p2a: Melmetal|Melmetal|68\/100\n|-damage|p2a: Melmetal|61\/100|[from] Stealth Rock\n|cant|p1a: Melmetal|par\n|\n|-heal|p2a: Melmetal|68\/100|[from] item: Leftovers\n|upkeep\n|turn|22\n|\n|t:|1665312309\n|move|p2a: Melmetal|Double Iron Bash|p1a: Melmetal\n|-resisted|p1a: Melmetal\n|-damage|p1a: Melmetal|81\/100 par\n|-resisted|p1a: Melmetal\n|-damage|p1a: Melmetal|72\/100 par\n|-hitcount|p1a: Melmetal|2\n|cant|p1a: Melmetal|flinch\n|\n|-heal|p2a: Melmetal|74\/100|[from] item: Leftovers\n|upkeep\n|turn|23\n|\n|t:|1665312315\n|switch|p1a: Zapdos|Zapdos|100\/100\n|move|p2a: Melmetal|Earthquake|p1a: Zapdos\n|-immune|p1a: Zapdos\n|\n|-heal|p2a: Melmetal|80\/100|[from] item: Leftovers\n|-fieldend|Misty Terrain\n|upkeep\n|turn|24\n|\n|t:|1665312321\n|move|p1a: Zapdos|Hurricane|p2a: Melmetal\n|-resisted|p2a: Melmetal\n|-damage|p2a: Melmetal|57\/100\n|move|p2a: Melmetal|Double Iron Bash|p1a: Zapdos\n|-resisted|p1a: Zapdos\n|-damage|p1a: Zapdos|88\/100\n|-status|p2a: Melmetal|par|[from] ability: Static|[of] p1a: Zapdos\n|-resisted|p1a: Zapdos\n|-damage|p1a: Zapdos|76\/100\n|-hitcount|p1a: Zapdos|2\n|\n|-heal|p2a: Melmetal|63\/100 par|[from] item: Leftovers\n|upkeep\n|turn|25\n|\n|t:|1665312329\n|move|p1a: Zapdos|Hurricane|p2a: Melmetal\n|-resisted|p2a: Melmetal\n|-damage|p2a: Melmetal|39\/100 par\n|move|p2a: Melmetal|Double Iron Bash|p1a: Zapdos\n|-resisted|p1a: Zapdos\n|-damage|p1a: Zapdos|64\/100\n|-resisted|p1a: Zapdos\n|-damage|p1a: Zapdos|50\/100\n|-hitcount|p1a: Zapdos|2\n|\n|-heal|p2a: Melmetal|45\/100 par|[from] item: Leftovers\n|upkeep\n|turn|26\n|\n|t:|1665312334\n|move|p1a: Zapdos|Roost|p1a: Zapdos\n|-heal|p1a: Zapdos|100\/100\n|-singleturn|p1a: Zapdos|move: Roost\n|move|p2a: Melmetal|Earthquake|p1a: Zapdos\n|-supereffective|p1a: Zapdos\n|-damage|p1a: Zapdos|59\/100\n|\n|-heal|p2a: Melmetal|52\/100 par|[from] item: Leftovers\n|upkeep\n|turn|27\n|\n|t:|1665312344\n|switch|p2a: Clefable|Clefable, M|100\/100\n|move|p1a: Zapdos|Roost|p1a: Zapdos\n|-heal|p1a: Zapdos|100\/100\n|-singleturn|p1a: Zapdos|move: Roost\n|\n|upkeep\n|turn|28\n|\n|t:|1665312347\n|switch|p1a: Melmetal|Melmetal|72\/100 par\n|move|p2a: Clefable|Ice Beam|p1a: Melmetal\n|-resisted|p1a: Melmetal\n|-damage|p1a: Melmetal|60\/100 par\n|\n|upkeep\n|turn|29\n|\n|t:|1665312352\n|move|p2a: Clefable|Flamethrower|p1a: Melmetal\n|-supereffective|p1a: Melmetal\n|-damage|p1a: Melmetal|15\/100 par\n|cant|p1a: Melmetal|par\n|\n|upkeep\n|turn|30\n|\n|t:|1665312363\n|move|p2a: Clefable|Moonblast|p1a: Melmetal\n|-resisted|p1a: Melmetal\n|-crit|p1a: Melmetal\n|-damage|p1a: Melmetal|0 fnt\n|faint|p1a: Melmetal\n|\n|upkeep\n|\n|t:|1665312369\n|switch|p1a: Crawdaunt|Crawdaunt, F|100\/100\n|turn|31\n|\n|t:|1665312371\n|move|p2a: Clefable|Moonblast|p1a: Crawdaunt\n|-supereffective|p1a: Crawdaunt\n|-crit|p1a: Crawdaunt\n|-damage|p1a: Crawdaunt|0 fnt\n|faint|p1a: Crawdaunt\n|\n|upkeep\n|\n|t:|1665312374\n|switch|p1a: Zapdos|Zapdos|100\/100\n|turn|32\n|\n|t:|1665312377\n|move|p1a: Zapdos|Discharge|p2a: Clefable\n|-damage|p2a: Clefable|69\/100\n|-status|p2a: Clefable|par\n|move|p2a: Clefable|Ice Beam|p1a: Zapdos\n|-supereffective|p1a: Zapdos\n|-damage|p1a: Zapdos|27\/100\n|\n|upkeep\n|turn|33\n|\n|t:|1665312387\n|move|p1a: Zapdos|Discharge|p2a: Clefable\n|-damage|p2a: Clefable|40\/100 par\n|move|p2a: Clefable|Moonblast|p1a: Zapdos\n|-damage|p1a: Zapdos|0 fnt\n|faint|p1a: Zapdos\n|\n|win|Scoots Mgee\n|raw|Intimidate Squad's rating: 1515 &rarr; <strong>1493<\/strong><br \/>(-22 for losing)\n|raw|Scoots Mgee's rating: 1486 &rarr; <strong>1508<\/strong><br \/>(+22 for winning)\n","uploadtime":1665312392,"views":8,"p1id":"intimidatesquad","p2id":"scootsmgee","formatid":"gen8ou","rating":1493,"private":0,"password":null}