{"id":"gen8nationaldexag-1693709547","p1":"Rediyu","p2":"TrollpatschLP","format":"gen8nationaldexag","log":"|j|\u2606Rediyu\n|j|\u2606TrollpatschLP\n|t:|1666630626\n|gametype|singles\n|player|p1|Rediyu|169|\n|player|p2|TrollpatschLP|101|\n|teamsize|p1|6\n|teamsize|p2|6\n|gen|8\n|tier|[Gen 8] National Dex AG\n|rule|HP Percentage Mod: HP is shown in percentages\n|rule|Endless Battle Clause: Forcing endless battles is banned\n|clearpoke\n|poke|p1|Swampert, F|\n|poke|p1|Blaziken, F|\n|poke|p1|Hydreigon, M|\n|poke|p1|Tornadus-Therian, M|\n|poke|p1|Raikou|\n|poke|p1|Beedrill, M|\n|poke|p2|Noivern, M|\n|poke|p2|Gligar, F|\n|poke|p2|Rotom-Wash|\n|poke|p2|Melmetal|\n|poke|p2|Infernape, M|\n|poke|p2|Mamoswine, M|\n|teampreview\n|c|\u2606Rediyu|gl hf\n|c|\u2606TrollpatschLP|Hf\n|c|\u2606TrollpatschLP|Is timer OK?\n|c|\u2606Rediyu|jojo\n|c|\u2606TrollpatschLP|Geil\n|inactive|Battle timer is ON: inactive players will automatically lose when time's up. (requested by Rediyu)\n|\n|t:|1666630711\n|start\n|switch|p1a: Raikou|Raikou|100\/100\n|switch|p2a: Noivern|Noivern, M|100\/100\n|-item|p1a: Raikou|Shuca Berry|[from] ability: Frisk|[of] p2a: Noivern|[identify]\n|-ability|p1a: Raikou|Pressure\n|turn|1\n|inactive|Rediyu has 270 seconds left.\n|\n|t:|1666630749\n|move|p2a: Noivern|Flamethrower|p1a: Raikou\n|-damage|p1a: Raikou|80\/100\n|move|p1a: Raikou|Volt Switch|p2a: Noivern\n|-damage|p2a: Noivern|65\/100\n|\n|t:|1666630762\n|switch|p1a: Hydreigon|Hydreigon, M|100\/100|[from]move: Volt Switch\n|\n|upkeep\n|turn|2\n|\n|t:|1666630771\n|switch|p2a: Rotom|Rotom-Wash|100\/100\n|move|p1a: Hydreigon|U-turn|p2a: Rotom\n|-damage|p2a: Rotom|83\/100\n|inactive|Rediyu has 270 seconds left.\n|\n|t:|1666630794\n|switch|p1a: Raikou|Raikou|80\/100|[from]move: U-turn\n|-ability|p1a: Raikou|Pressure\n|\n|-heal|p2a: Rotom|90\/100|[from] item: Leftovers\n|upkeep\n|turn|3\n|\n|t:|1666630804\n|move|p1a: Raikou|Thunderbolt|p2a: Rotom\n|-damage|p2a: Rotom|56\/100\n|move|p2a: Rotom|Hydro Pump|p1a: Raikou\n|-damage|p1a: Raikou|40\/100\n|\n|-heal|p2a: Rotom|62\/100|[from] item: Leftovers\n|upkeep\n|turn|4\n|inactive|Rediyu has 270 seconds left.\n|\n|t:|1666630816\n|move|p1a: Raikou|Volt Switch|p2a: Rotom\n|-damage|p2a: Rotom|34\/100\n|\n|t:|1666630819\n|switch|p1a: Hydreigon|Hydreigon, M|100\/100|[from]move: Volt Switch\n|move|p2a: Rotom|Pain Split|p1a: Hydreigon\n|-sethp|p1a: Hydreigon|66\/100|[from] move: Pain Split|[silent]\n|-sethp|p2a: Rotom|72\/100|[from] move: Pain Split\n|\n|-heal|p2a: Rotom|78\/100|[from] item: Leftovers\n|upkeep\n|turn|5\n|\n|t:|1666630831\n|move|p1a: Hydreigon|Draco Meteor|p2a: Rotom\n|-damage|p2a: Rotom|0 fnt\n|-unboost|p1a: Hydreigon|spa|2\n|faint|p2a: Rotom\n|\n|upkeep\n|\n|t:|1666630838\n|switch|p2a: Melmetal|Melmetal|100\/100\n|turn|6\n|\n|t:|1666630846\n|switch|p1a: Swampert|Swampert, F|100\/100\n|move|p2a: Melmetal|Substitute|p2a: Melmetal\n|-start|p2a: Melmetal|Substitute\n|-damage|p2a: Melmetal|76\/100\n|\n|-heal|p2a: Melmetal|82\/100|[from] item: Leftovers\n|upkeep\n|turn|7\n|\n|t:|1666630850\n|move|p1a: Swampert|Stealth Rock|p2a: Melmetal\n|-sidestart|p2: TrollpatschLP|move: Stealth Rock\n|move|p2a: Melmetal|Toxic|p1a: Swampert\n|-status|p1a: Swampert|tox\n|\n|-heal|p2a: Melmetal|88\/100|[from] item: Leftovers\n|-damage|p1a: Swampert|94\/100 tox|[from] psn\n|upkeep\n|turn|8\n|\n|t:|1666630854\n|move|p1a: Swampert|Earthquake|p2a: Melmetal\n|-supereffective|p2a: Melmetal\n|-end|p2a: Melmetal|Substitute\n|move|p2a: Melmetal|Body Press|p1a: Swampert\n|-damage|p1a: Swampert|76\/100 tox\n|-damage|p2a: Melmetal|71\/100|[from] item: Rocky Helmet|[of] p1a: Swampert\n|\n|-heal|p2a: Melmetal|77\/100|[from] item: Leftovers\n|-damage|p1a: Swampert|64\/100 tox|[from] psn\n|upkeep\n|turn|9\n|\n|t:|1666630863\n|switch|p2a: Gligar|Gligar, F|100\/100\n|-damage|p2a: Gligar|88\/100|[from] Stealth Rock\n|move|p1a: Swampert|Flip Turn|p2a: Gligar\n|-supereffective|p2a: Gligar\n|-damage|p2a: Gligar|67\/100\n|\n|t:|1666630869\n|switch|p1a: Hydreigon|Hydreigon, M|66\/100|[from]move: Flip Turn\n|\n|upkeep\n|turn|10\n|\n|t:|1666630874\n|switch|p2a: Melmetal|Melmetal|77\/100\n|-damage|p2a: Melmetal|71\/100|[from] Stealth Rock\n|move|p1a: Hydreigon|Dark Pulse|p2a: Melmetal\n|-damage|p2a: Melmetal|25\/100\n|\n|-heal|p2a: Melmetal|31\/100|[from] item: Leftovers\n|upkeep\n|turn|11\n|\n|t:|1666630880\n|switch|p2a: Gligar|Gligar, F|67\/100\n|-damage|p2a: Gligar|54\/100|[from] Stealth Rock\n|move|p1a: Hydreigon|Dark Pulse|p2a: Gligar\n|-damage|p2a: Gligar|0 fnt\n|faint|p2a: Gligar\n|\n|upkeep\n|\n|t:|1666630889\n|switch|p2a: Infernape|Infernape, M|100\/100\n|-damage|p2a: Infernape|88\/100|[from] Stealth Rock\n|turn|12\n|\n|t:|1666630897\n|switch|p1a: Tornadus|Tornadus-Therian, M|100\/100\n|move|p2a: Infernape|U-turn|p1a: Tornadus\n|-resisted|p1a: Tornadus\n|-damage|p1a: Tornadus|85\/100\n|\n|t:|1666630899\n|switch|p2a: Mamoswine|Mamoswine, M|100\/100|[from]move: U-turn\n|-damage|p2a: Mamoswine|88\/100|[from] Stealth Rock\n|\n|upkeep\n|turn|13\n|\n|t:|1666630915\n|switch|p1a: Swampert|Swampert, F|64\/100 tox\n|move|p2a: Mamoswine|Icicle Crash|p1a: Swampert\n|-crit|p1a: Swampert\n|-damage|p1a: Swampert|9\/100 tox\n|-damage|p2a: Mamoswine|78\/100|[from] item: Life Orb\n|\n|-damage|p1a: Swampert|2\/100 tox|[from] psn\n|upkeep\n|turn|14\n|c|\u2606TrollpatschLP|H\u00e4tte nicht gedacht, dass du den gleichen move 2 mal hintereinander bringst x\n|\n|t:|1666630937\n|move|p2a: Mamoswine|Earthquake|p1a: Swampert\n|-damage|p1a: Swampert|0 fnt\n|faint|p1a: Swampert\n|-damage|p2a: Mamoswine|68\/100|[from] item: Life Orb\n|\n|upkeep\n|c|\u2606Rediyu|welchen?\n|\n|t:|1666630945\n|switch|p1a: Blaziken|Blaziken, F|100\/100\n|-item|p1a: Blaziken|Air Balloon\n|turn|15\n|\n|t:|1666630953\n|move|p1a: Blaziken|Swords Dance|p1a: Blaziken\n|-boost|p1a: Blaziken|atk|2\n|move|p2a: Mamoswine|Knock Off|p1a: Blaziken\n|-resisted|p1a: Blaziken\n|-damage|p1a: Blaziken|67\/100\n|-enditem|p1a: Blaziken|Air Balloon\n|-damage|p2a: Mamoswine|58\/100|[from] item: Life Orb\n|\n|upkeep\n|turn|16\n|c|\u2606Rediyu|geil\n|c|\u2606TrollpatschLP|Den Scarf bluffen xd\n|c|\u2606TrollpatschLP|Ja geil\n|\n|t:|1666630973\n|move|p2a: Mamoswine|Earthquake|p1a: Blaziken\n|-supereffective|p1a: Blaziken\n|-damage|p1a: Blaziken|0 fnt\n|faint|p1a: Blaziken\n|-damage|p2a: Mamoswine|48\/100|[from] item: Life Orb\n|\n|upkeep\n|c|\u2606Rediyu|xD\n|c|\u2606TrollpatschLP|Stark bro xD\n|inactive|Rediyu has 270 seconds left.\n|inactive|Rediyu has 240 seconds left.\n|\n|t:|1666631041\n|switch|p1a: Beedrill|Beedrill, M|100\/100\n|turn|17\n|inactive|TrollpatschLP has 270 seconds left.\n|\n|t:|1666631071\n|switch|p2a: Melmetal|Melmetal|31\/100\n|-damage|p2a: Melmetal|25\/100|[from] Stealth Rock\n|detailschange|p1a: Beedrill|Beedrill-Mega, M\n|-mega|p1a: Beedrill|Beedrill|Beedrillite\n|move|p1a: Beedrill|U-turn|p2a: Melmetal\n|-resisted|p2a: Melmetal\n|-damage|p2a: Melmetal|11\/100\n|inactive|Rediyu has 240 seconds left.\n|\n|t:|1666631091\n|switch|p1a: Raikou|Raikou|40\/100|[from]move: U-turn\n|-ability|p1a: Raikou|Pressure\n|\n|-heal|p2a: Melmetal|17\/100|[from] item: Leftovers\n|upkeep\n|turn|18\n|inactive|TrollpatschLP has 270 seconds left.\n|\n|t:|1666631105\n|move|p1a: Raikou|Volt Switch|p2a: Melmetal\n|-damage|p2a: Melmetal|0 fnt\n|faint|p2a: Melmetal\n|inactive|Rediyu has 240 seconds left.\n|\n|t:|1666631118\n|switch|p1a: Tornadus|Tornadus-Therian, M|100\/100|[from]move: Volt Switch\n|\n|upkeep\n|inactive|TrollpatschLP has 270 seconds left.\n|\n|t:|1666631135\n|switch|p2a: Noivern|Noivern, M|65\/100\n|-damage|p2a: Noivern|40\/100|[from] Stealth Rock\n|-item|p1a: Tornadus|Heavy-Duty Boots|[from] ability: Frisk|[of] p2a: Noivern|[identify]\n|turn|19\n|inactive|Rediyu has 240 seconds left.\n|\n|t:|1666631146\n|move|p2a: Noivern|Roost|p2a: Noivern\n|-heal|p2a: Noivern|90\/100\n|-singleturn|p2a: Noivern|move: Roost\n|move|p1a: Tornadus|Air Slash|p2a: Noivern\n|-damage|p2a: Noivern|48\/100\n|\n|upkeep\n|turn|20\n|\n|t:|1666631151\n|move|p2a: Noivern|Roost|p2a: Noivern\n|-heal|p2a: Noivern|98\/100\n|-singleturn|p2a: Noivern|move: Roost\n|move|p1a: Tornadus|Nasty Plot|p1a: Tornadus\n|-boost|p1a: Tornadus|spa|2\n|\n|upkeep\n|turn|21\n|\n|t:|1666631157\n|move|p2a: Noivern|Hurricane|p1a: Tornadus\n|-damage|p1a: Tornadus|60\/100\n|move|p1a: Tornadus|Air Slash|p2a: Noivern\n|-damage|p2a: Noivern|19\/100\n|\n|upkeep\n|turn|22\n|\n|t:|1666631163\n|move|p2a: Noivern|Hurricane|p1a: Tornadus|[miss]\n|-miss|p2a: Noivern|p1a: Tornadus\n|move|p1a: Tornadus|Sludge Bomb|p2a: Noivern\n|-damage|p2a: Noivern|0 fnt\n|faint|p2a: Noivern\n|\n|upkeep\n|inactive|TrollpatschLP has 270 seconds left.\n|\n|t:|1666631212\n|switch|p2a: Infernape|Infernape, M|88\/100\n|-damage|p2a: Infernape|76\/100|[from] Stealth Rock\n|turn|23\n|inactive|Rediyu has 270 seconds left.\n|\n|t:|1666631230\n|switch|p1a: Raikou|Raikou|40\/100\n|-ability|p1a: Raikou|Pressure\n|move|p2a: Infernape|Flare Blitz|p1a: Raikou\n|-damage|p1a: Raikou|0 fnt\n|faint|p1a: Raikou\n|-damage|p2a: Infernape|62\/100|[from] Recoil\n|\n|upkeep\n|inactive|Rediyu has 270 seconds left.\n|\n|t:|1666631237\n|switch|p1a: Hydreigon|Hydreigon, M|66\/100\n|turn|24\n|\n|t:|1666631245\n|move|p2a: Infernape|Flare Blitz|p1a: Hydreigon\n|-resisted|p1a: Hydreigon\n|-damage|p1a: Hydreigon|34\/100\n|-damage|p2a: Infernape|52\/100|[from] Recoil\n|move|p1a: Hydreigon|Dark Pulse|p2a: Infernape\n|-resisted|p2a: Infernape\n|-damage|p2a: Infernape|7\/100\n|\n|upkeep\n|turn|25\n|\n|t:|1666631254\n|move|p2a: Infernape|Flare Blitz|p1a: Hydreigon\n|-resisted|p1a: Hydreigon\n|-damage|p1a: Hydreigon|0 fnt\n|faint|p1a: Hydreigon\n|-damage|p2a: Infernape|0 fnt|[from] Recoil\n|faint|p2a: Infernape\n|\n|upkeep\n|\n|t:|1666631262\n|switch|p2a: Mamoswine|Mamoswine, M|48\/100\n|switch|p1a: Beedrill|Beedrill-Mega, M|100\/100\n|-damage|p2a: Mamoswine|36\/100|[from] Stealth Rock\n|turn|26\n|\n|t:|1666631269\n|move|p2a: Mamoswine|Ice Shard|p1a: Beedrill\n|-crit|p1a: Beedrill\n|-damage|p1a: Beedrill|0 fnt\n|faint|p1a: Beedrill\n|-damage|p2a: Mamoswine|26\/100|[from] item: Life Orb\n|\n|upkeep\n|\n|t:|1666631272\n|switch|p1a: Tornadus|Tornadus-Therian, M|93\/100\n|turn|27\n|\n|t:|1666631277\n|move|p2a: Mamoswine|Ice Shard|p1a: Tornadus\n|-supereffective|p1a: Tornadus\n|-damage|p1a: Tornadus|23\/100\n|-damage|p2a: Mamoswine|16\/100|[from] item: Life Orb\n|move|p1a: Tornadus|Heat Wave|p2a: Mamoswine\n|-supereffective|p2a: Mamoswine\n|-damage|p2a: Mamoswine|0 fnt\n|faint|p2a: Mamoswine\n|\n|win|Rediyu\n|c|\u2606Rediyu|gg\n|c|\u2606TrollpatschLP|Gg\n","uploadtime":1666631289,"views":12,"p1id":"rediyu","p2id":"trollpatschlp","formatid":"gen8nationaldexag","rating":0,"private":0,"password":null}