{"id":"gen8ou-1676392529","p1":"Dindon Ductile","p2":"Guest 5890168","format":"gen8ou","log":"|j|\u2606Dindon Ductile\n|j|\u203dGuest 5890168\n|t:|1664789538\n|gametype|singles\n|player|p1|Dindon Ductile|bruno|1569\n|player|p2|Guest 5890168|170|1523\n|teamsize|p1|6\n|teamsize|p2|6\n|gen|8\n|tier|[Gen 8] OU\n|rated|\n|rule|Sleep Clause Mod: Limit one foe put to sleep\n|rule|Species Clause: Limit one of each Pok\u00e9mon\n|rule|OHKO Clause: OHKO moves are banned\n|rule|Evasion Items Clause: Evasion items are banned\n|rule|Evasion Moves Clause: Evasion moves are banned\n|rule|Endless Battle Clause: Forcing endless battles is banned\n|rule|HP Percentage Mod: HP is shown in percentages\n|rule|Dynamax Clause: You cannot dynamax\n|clearpoke\n|poke|p1|Rotom-Heat|\n|poke|p1|Regieleki|\n|poke|p1|Slowbro, F|\n|poke|p1|Buzzwole|\n|poke|p1|Garchomp, M|\n|poke|p1|Tornadus-Therian, M|\n|poke|p2|Rotom-Wash|\n|poke|p2|Weavile, M|\n|poke|p2|Landorus-Therian, M|\n|poke|p2|Heatran, M|\n|poke|p2|Tangrowth, F|\n|poke|p2|Melmetal|\n|teampreview\n|inactive|Battle timer is ON: inactive players will automatically lose when time's up. (requested by Guest 5890168)\n|\n|t:|1664789554\n|start\n|switch|p1a: Tornadus|Tornadus-Therian, M|100\/100\n|switch|p2a: Landorus|Landorus-Therian, M|100\/100\n|-ability|p2a: Landorus|Intimidate|boost\n|-unboost|p1a: Tornadus|atk|1\n|turn|1\n|\n|t:|1664789565\n|move|p1a: Tornadus|Hurricane|p2a: Landorus|[miss]\n|-miss|p1a: Tornadus|p2a: Landorus\n|move|p2a: Landorus|Toxic|p1a: Tornadus\n|-status|p1a: Tornadus|tox\n|\n|-damage|p1a: Tornadus|94\/100 tox|[from] psn\n|upkeep\n|turn|2\n|\n|t:|1664789569\n|move|p1a: Tornadus|Hurricane|p2a: Landorus\n|-damage|p2a: Landorus|47\/100\n|move|p2a: Landorus|Toxic|p1a: Tornadus\n|-fail|p1a: Tornadus|tox\n|\n|-heal|p2a: Landorus|53\/100|[from] item: Leftovers\n|-damage|p1a: Tornadus|82\/100 tox|[from] psn\n|upkeep\n|turn|3\n|\n|t:|1664789580\n|move|p1a: Tornadus|Hurricane|p2a: Landorus\n|-crit|p2a: Landorus\n|-damage|p2a: Landorus|0 fnt\n|faint|p2a: Landorus\n|\n|-damage|p1a: Tornadus|63\/100 tox|[from] psn\n|upkeep\n|\n|t:|1664789580\n|switch|p2a: Heatran|Heatran, M|100\/100\n|-item|p2a: Heatran|Air Balloon\n|turn|4\n|\n|t:|1664789585\n|switch|p1a: Garchomp|Garchomp, M|100\/100\n|move|p2a: Heatran|Eruption|p1a: Garchomp\n|-resisted|p1a: Garchomp\n|-damage|p1a: Garchomp|56\/100\n|\n|-heal|p1a: Garchomp|62\/100|[from] item: Leftovers\n|upkeep\n|turn|5\n|\n|t:|1664789589\n|move|p1a: Garchomp|Scale Shot|p2a: Heatran\n|-resisted|p2a: Heatran\n|-crit|p2a: Heatran\n|-damage|p2a: Heatran|91\/100\n|-enditem|p2a: Heatran|Air Balloon\n|-resisted|p2a: Heatran\n|-damage|p2a: Heatran|84\/100\n|-hitcount|p2a: Heatran|2\n|-unboost|p1a: Garchomp|def|1\n|-boost|p1a: Garchomp|spe|1\n|move|p2a: Heatran|Magma Storm|p1a: Garchomp\n|-resisted|p1a: Garchomp\n|-damage|p1a: Garchomp|34\/100\n|-activate|p1a: Garchomp|move: Magma Storm|[of] p2a: Heatran\n|\n|-heal|p1a: Garchomp|40\/100|[from] item: Leftovers\n|-damage|p1a: Garchomp|27\/100|[from] move: Magma Storm|[partiallytrapped]\n|upkeep\n|turn|6\n|\n|t:|1664789597\n|switch|p2a: Rotom|Rotom-Wash|100\/100\n|move|p1a: Garchomp|Stealth Rock|p2a: Rotom\n|-sidestart|p2: Guest 5890168|move: Stealth Rock\n|\n|-heal|p1a: Garchomp|34\/100|[from] item: Leftovers\n|-end|p1a: Garchomp|Magma Storm|[partiallytrapped]|[silent]\n|upkeep\n|turn|7\n|\n|t:|1664789611\n|move|p1a: Garchomp|Swords Dance|p1a: Garchomp\n|-boost|p1a: Garchomp|atk|2\n|move|p2a: Rotom|Hydro Pump|p1a: Garchomp\n|-damage|p1a: Garchomp|0 fnt\n|faint|p1a: Garchomp\n|\n|upkeep\n|\n|t:|1664789618\n|switch|p1a: Regieleki|Regieleki|100\/100\n|turn|8\n|\n|t:|1664789624\n|switch|p2a: Heatran|Heatran, M|84\/100\n|-damage|p2a: Heatran|72\/100|[from] Stealth Rock\n|move|p1a: Regieleki|Volt Switch|p2a: Heatran\n|-damage|p2a: Heatran|1\/100\n|\n|t:|1664789633\n|switch|p1a: Tornadus|Tornadus-Therian, M|96\/100 tox|[from]move: Volt Switch\n|\n|-damage|p1a: Tornadus|90\/100 tox|[from] psn\n|upkeep\n|turn|9\n|\n|t:|1664789636\n|switch|p2a: Melmetal|Melmetal|100\/100\n|-damage|p2a: Melmetal|94\/100|[from] Stealth Rock\n|move|p1a: Tornadus|U-turn|p2a: Melmetal\n|-resisted|p2a: Melmetal\n|-damage|p2a: Melmetal|90\/100\n|\n|t:|1664789643\n|switch|p1a: Rotom|Rotom-Heat|100\/100|[from]move: U-turn\n|\n|upkeep\n|turn|10\n|\n|t:|1664789646\n|switch|p2a: Rotom|Rotom-Wash|100\/100\n|-damage|p2a: Rotom|88\/100|[from] Stealth Rock\n|move|p1a: Rotom|Overheat|p2a: Rotom\n|-resisted|p2a: Rotom\n|-damage|p2a: Rotom|62\/100\n|-unboost|p1a: Rotom|spa|2\n|\n|-heal|p2a: Rotom|69\/100|[from] item: Leftovers\n|upkeep\n|turn|11\n|\n|t:|1664789656\n|move|p1a: Rotom|Volt Switch|p2a: Rotom\n|-damage|p2a: Rotom|56\/100\n|\n|t:|1664789664\n|switch|p1a: Tornadus|Tornadus-Therian, M|100\/100 tox|[from]move: Volt Switch\n|move|p2a: Rotom|Hydro Pump|p1a: Tornadus\n|-damage|p1a: Tornadus|48\/100 tox\n|\n|-heal|p2a: Rotom|62\/100|[from] item: Leftovers\n|-damage|p1a: Tornadus|42\/100 tox|[from] psn\n|upkeep\n|turn|12\n|\n|t:|1664789674\n|move|p1a: Tornadus|U-turn|p2a: Rotom\n|-damage|p2a: Rotom|47\/100\n|\n|t:|1664789678\n|switch|p1a: Rotom|Rotom-Heat|100\/100|[from]move: U-turn\n|move|p2a: Rotom|Hydro Pump|p1a: Rotom\n|-supereffective|p1a: Rotom\n|-damage|p1a: Rotom|7\/100\n|\n|-heal|p2a: Rotom|53\/100|[from] item: Leftovers\n|upkeep\n|turn|13\n|\n|t:|1664789686\n|move|p1a: Rotom|Volt Switch|p2a: Rotom\n|-damage|p2a: Rotom|26\/100\n|\n|t:|1664789695\n|switch|p1a: Buzzwole|Buzzwole|100\/100|[from]move: Volt Switch\n|move|p2a: Rotom|Hydro Pump|p1a: Buzzwole\n|-damage|p1a: Buzzwole|33\/100\n|\n|-heal|p2a: Rotom|32\/100|[from] item: Leftovers\n|upkeep\n|turn|14\n|\n|t:|1664789702\n|switch|p2a: Heatran|Heatran, M|1\/100\n|-damage|p2a: Heatran|0 fnt|[from] Stealth Rock\n|faint|p2a: Heatran\n|move|p1a: Buzzwole|Close Combat|p2: Heatran|[notarget]\n|-fail|p1a: Buzzwole\n|\n|upkeep\n|\n|t:|1664789702\n|switch|p2a: Rotom|Rotom-Wash|32\/100\n|-damage|p2a: Rotom|20\/100|[from] Stealth Rock\n|turn|15\n|\n|t:|1664789710\n|move|p2a: Rotom|Hydro Pump|p1a: Buzzwole\n|-damage|p1a: Buzzwole|0 fnt\n|faint|p1a: Buzzwole\n|\n|-heal|p2a: Rotom|26\/100|[from] item: Leftovers\n|upkeep\n|\n|t:|1664789712\n|switch|p1a: Regieleki|Regieleki|100\/100\n|turn|16\n|\n|t:|1664789721\n|move|p1a: Regieleki|Electro Ball|p2a: Rotom\n|-damage|p2a: Rotom|0 fnt\n|faint|p2a: Rotom\n|\n|upkeep\n|\n|t:|1664789721\n|switch|p2a: Melmetal|Melmetal|90\/100\n|-damage|p2a: Melmetal|84\/100|[from] Stealth Rock\n|turn|17\n|\n|t:|1664789725\n|switch|p1a: Slowbro|Slowbro, F|100\/100\n|move|p2a: Melmetal|Ice Punch|p1a: Slowbro\n|-resisted|p1a: Slowbro\n|-damage|p1a: Slowbro|91\/100\n|\n|upkeep\n|turn|18\n|\n|t:|1664789733\n|move|p2a: Melmetal|Double Iron Bash|p1a: Slowbro\n|-resisted|p1a: Slowbro\n|-damage|p1a: Slowbro|80\/100\n|-resisted|p1a: Slowbro\n|-crit|p1a: Slowbro\n|-damage|p1a: Slowbro|61\/100\n|-hitcount|p1a: Slowbro|2\n|move|p1a: Slowbro|Teleport|p1a: Slowbro\n|\n|t:|1664789737\n|switch|p1a: Rotom|Rotom-Heat|7\/100|[from]move: Teleport\n|\n|upkeep\n|turn|19\n|\n|t:|1664789739\n|switch|p2a: Weavile|Weavile, M|100\/100\n|-damage|p2a: Weavile|76\/100|[from] Stealth Rock\n|-ability|p2a: Weavile|Pressure\n|move|p1a: Rotom|Overheat|p2a: Weavile\n|-supereffective|p2a: Weavile\n|-damage|p2a: Weavile|0 fnt\n|-unboost|p1a: Rotom|spa|2\n|faint|p2a: Weavile\n|\n|upkeep\n|\n|t:|1664789739\n|switch|p2a: Melmetal|Melmetal|84\/100\n|-damage|p2a: Melmetal|78\/100|[from] Stealth Rock\n|turn|20\n|\n|t:|1664789746\n|move|p1a: Rotom|Volt Switch|p2a: Melmetal\n|-crit|p2a: Melmetal\n|-damage|p2a: Melmetal|58\/100\n|\n|t:|1664789748\n|switch|p1a: Slowbro|Slowbro, F|95\/100|[from]move: Volt Switch\n|move|p2a: Melmetal|Ice Punch|p1a: Slowbro\n|-resisted|p1a: Slowbro\n|-damage|p1a: Slowbro|85\/100\n|\n|upkeep\n|turn|21\n|\n|t:|1664789753\n|move|p2a: Melmetal|Thunder Punch|p1a: Slowbro\n|-supereffective|p1a: Slowbro\n|-damage|p1a: Slowbro|44\/100\n|move|p1a: Slowbro|Teleport|p1a: Slowbro\n|\n|t:|1664789757\n|switch|p1a: Regieleki|Regieleki|100\/100|[from]move: Teleport\n|\n|upkeep\n|turn|22\n|\n|t:|1664789758\n|move|p1a: Regieleki|Electro Ball|p2a: Melmetal\n|-damage|p2a: Melmetal|0 fnt\n|faint|p2a: Melmetal\n|\n|upkeep\n|\n|t:|1664789758\n|switch|p2a: Tangrowth|Tangrowth, F|100\/100\n|-damage|p2a: Tangrowth|88\/100|[from] Stealth Rock\n|turn|23\n|\n|t:|1664789761\n|move|p1a: Regieleki|Electro Ball|p2a: Tangrowth\n|-resisted|p2a: Tangrowth\n|-damage|p2a: Tangrowth|0 fnt\n|faint|p2a: Tangrowth\n|\n|win|Dindon Ductile\n|raw|Dindon Ductile's rating: 1569 &rarr; <strong>1586<\/strong><br \/>(+17 for winning)\n|raw|Guest 5890168's rating: 1523 &rarr; <strong>1506<\/strong><br \/>(-17 for losing)\n","uploadtime":1664789762,"views":12,"p1id":"dindonductile","p2id":"guest5890168","formatid":"gen8ou","rating":1506,"private":0,"password":null}