{"id":"gen8nationaldexag-1099526822","p1":"Saybel","p2":"willcoxw","format":"gen8nationaldexag","log":"|j|\u2606Saybel\n|j|\u2606willcoxw\n|player|p1|Saybel|grimsley|1705\n|player|p2|willcoxw|clair|1627\n|teamsize|p1|6\n|teamsize|p2|6\n|gametype|singles\n|gen|8\n|tier|[Gen 8] National Dex AG\n|rated|\n|clearpoke\n|poke|p1|Zacian-Crowned|\n|poke|p1|Xerneas|\n|poke|p1|Groudon|\n|poke|p1|Ho-Oh|\n|poke|p1|Necrozma-Dusk-Mane|\n|poke|p1|Zygarde|\n|poke|p2|Zygarde|\n|poke|p2|Zygarde|\n|poke|p2|Necrozma-Dusk-Mane|\n|poke|p2|Necrozma-Dawn-Wings|\n|poke|p2|Eternatus|\n|poke|p2|Yveltal|\n|rule|HP Percentage Mod: HP is shown in percentages\n|rule|Endless Battle Clause: Forcing endless battles is banned\n|teampreview\n|\n|start\n|switch|p1a: Zacian|Zacian-Crowned|100\/100\n|switch|p2a: Zygarde|Zygarde|100\/100\n|-ability|p1a: Zacian|Intrepid Sword|boost\n|-boost|p1a: Zacian|atk|1\n|turn|1\n|\n|switch|p1a: Zygarde|Zygarde, shiny|100\/100\n|move|p2a: Zygarde|Glare|p1a: Zygarde\n|-status|p1a: Zygarde|par\n|\n|upkeep\n|turn|2\n|\n|move|p2a: Zygarde|Substitute|p2a: Zygarde\n|-start|p2a: Zygarde|Substitute\n|-damage|p2a: Zygarde|76\/100\n|move|p1a: Zygarde|Glare||[still]\n|-fail|p1a: Zygarde\n|\n|-heal|p2a: Zygarde|82\/100|[from] item: Leftovers\n|upkeep\n|turn|3\n|j| Ruppie\n|\n|switch|p1a: Ho-Oh|Ho-Oh|100\/100\n|move|p2a: Zygarde|Thousand Arrows|p1a: Ho-Oh\n|-damage|p1a: Ho-Oh|71\/100\n|-start|p1a: Ho-Oh|Smack Down\n|\n|-heal|p2a: Zygarde|88\/100|[from] item: Leftovers\n|upkeep\n|turn|4\n|\n|switch|p1a: Zygarde|Zygarde, shiny|100\/100 par\n|move|p2a: Zygarde|Thousand Arrows|p1a: Zygarde\n|-damage|p1a: Zygarde|85\/100 par\n|\n|-heal|p2a: Zygarde|94\/100|[from] item: Leftovers\n|-heal|p1a: Zygarde|91\/100 par|[from] item: Leftovers\n|upkeep\n|turn|5\n|\n|switch|p1a: Ho-Oh|Ho-Oh|100\/100\n|move|p2a: Zygarde|Thousand Arrows|p1a: Ho-Oh\n|-damage|p1a: Ho-Oh|70\/100\n|-start|p1a: Ho-Oh|Smack Down\n|\n|-heal|p2a: Zygarde|100\/100|[from] item: Leftovers\n|upkeep\n|turn|6\n|\n|switch|p2a: Eternatus|Eternatus|100\/100\n|-ability|p2a: Eternatus|Pressure\n|switch|p1a: Zygarde|Zygarde, shiny|91\/100 par\n|\n|-heal|p1a: Zygarde|97\/100 par|[from] item: Leftovers\n|upkeep\n|turn|7\n|\n|switch|p1a: Zacian|Zacian-Crowned|100\/100\n|-ability|p1a: Zacian|Intrepid Sword|boost\n|-boost|p1a: Zacian|atk|1\n|move|p2a: Eternatus|Toxic Spikes|p1a: Zacian\n|-sidestart|p1: Saybel|move: Toxic Spikes\n|\n|upkeep\n|turn|8\n|\n|switch|p2a: Necrozma|Necrozma-Dusk-Mane|100\/100\n|move|p1a: Zacian|Behemoth Blade|p2a: Necrozma\n|-resisted|p2a: Necrozma\n|-damage|p2a: Necrozma|72\/100\n|\n|-heal|p2a: Necrozma|78\/100|[from] item: Leftovers\n|upkeep\n|turn|9\n|\n|switch|p1a: Ho-Oh|Ho-Oh|100\/100\n|move|p2a: Necrozma|Knock Off|p1a: Ho-Oh\n|-damage|p1a: Ho-Oh|70\/100\n|-enditem|p1a: Ho-Oh|Heavy-Duty Boots|[from] move: Knock Off|[of] p2a: Necrozma\n|\n|-heal|p2a: Necrozma|84\/100|[from] item: Leftovers\n|upkeep\n|turn|10\n|\n|move|p1a: Ho-Oh|Sacred Fire|p2a: Necrozma|[miss]\n|-miss|p1a: Ho-Oh|p2a: Necrozma\n|move|p2a: Necrozma|Stealth Rock|p1a: Ho-Oh\n|-sidestart|p1: Saybel|move: Stealth Rock\n|\n|-heal|p2a: Necrozma|90\/100|[from] item: Leftovers\n|upkeep\n|turn|11\n|\n|switch|p2a: Eternatus|Eternatus|100\/100\n|-ability|p2a: Eternatus|Pressure\n|move|p1a: Ho-Oh|Defog|p2a: Eternatus\n|-unboost|p2a: Eternatus|evasion|1\n|-sideend|p1: Saybel|Toxic Spikes|[from] move: Defog|[of] p1a: Ho-Oh\n|-sideend|p1: Saybel|Stealth Rock|[from] move: Defog|[of] p1a: Ho-Oh\n|\n|upkeep\n|turn|12\n|\n|move|p2a: Eternatus|Toxic Spikes|p1a: Ho-Oh\n|-sidestart|p1: Saybel|move: Toxic Spikes\n|move|p1a: Ho-Oh|Sacred Fire|p2a: Eternatus\n|-resisted|p2a: Eternatus\n|-damage|p2a: Eternatus|82\/100\n|-status|p2a: Eternatus|brn\n|\n|-damage|p2a: Eternatus|76\/100 brn|[from] brn\n|upkeep\n|turn|13\n|\n|move|p2a: Eternatus|Sludge Bomb|p1a: Ho-Oh\n|-damage|p1a: Ho-Oh|41\/100\n|-damage|p2a: Eternatus|66\/100 brn|[from] item: Life Orb\n|move|p1a: Ho-Oh|Defog|p2a: Eternatus\n|-unboost|p2a: Eternatus|evasion|1\n|-sideend|p1: Saybel|Toxic Spikes|[from] move: Defog|[of] p1a: Ho-Oh\n|\n|-damage|p2a: Eternatus|60\/100 brn|[from] brn\n|upkeep\n|turn|14\n|\n|switch|p1a: Zacian|Zacian-Crowned|100\/100\n|-ability|p1a: Zacian|Intrepid Sword|boost\n|-boost|p1a: Zacian|atk|1\n|move|p2a: Eternatus|Toxic Spikes|p1a: Zacian\n|-sidestart|p1: Saybel|move: Toxic Spikes\n|\n|-damage|p2a: Eternatus|53\/100 brn|[from] brn\n|upkeep\n|turn|15\n|\n|switch|p2a: Necrozma|Necrozma-Dusk-Mane|90\/100\n|move|p1a: Zacian|Close Combat|p2a: Necrozma\n|-damage|p2a: Necrozma|46\/100\n|-unboost|p1a: Zacian|def|1\n|-unboost|p1a: Zacian|spd|1\n|\n|-heal|p2a: Necrozma|52\/100|[from] item: Leftovers\n|upkeep\n|turn|16\n|\n|switch|p1a: Ho-Oh|Ho-Oh|74\/100\n|move|p2a: Necrozma|Moonlight|p2a: Necrozma\n|-heal|p2a: Necrozma|100\/100\n|\n|upkeep\n|turn|17\n|\n|switch|p1a: Zacian|Zacian-Crowned|100\/100\n|-ability|p1a: Zacian|Intrepid Sword|boost\n|-boost|p1a: Zacian|atk|1\n|switch|p2a: Eternatus|Eternatus|53\/100 brn\n|-ability|p2a: Eternatus|Pressure\n|\n|-damage|p2a: Eternatus|47\/100 brn|[from] brn\n|upkeep\n|turn|18\n|\n|switch|p2a: Necrozma|Necrozma-Dusk-Mane|100\/100\n|move|p1a: Zacian|Swords Dance|p1a: Zacian\n|-boost|p1a: Zacian|atk|2\n|\n|upkeep\n|turn|19\n|\n|move|p1a: Zacian|Behemoth Blade|p2a: Necrozma\n|-resisted|p2a: Necrozma\n|-damage|p2a: Necrozma|57\/100\n|move|p2a: Necrozma|Sunsteel Strike|p1a: Zacian\n|-damage|p1a: Zacian|50\/100\n|\n|-heal|p2a: Necrozma|63\/100|[from] item: Leftovers\n|upkeep\n|turn|20\n|\n|switch|p1a: Ho-Oh|Ho-Oh|100\/100\n|switch|p2a: Eternatus|Eternatus|47\/100 brn\n|-ability|p2a: Eternatus|Pressure\n|\n|-damage|p2a: Eternatus|41\/100 brn|[from] brn\n|upkeep\n|turn|21\n|\n|move|p2a: Eternatus|Sludge Bomb|p1a: Ho-Oh\n|-damage|p1a: Ho-Oh|72\/100\n|-damage|p2a: Eternatus|31\/100 brn|[from] item: Life Orb\n|move|p1a: Ho-Oh|Defog|p2a: Eternatus\n|-unboost|p2a: Eternatus|evasion|1\n|-sideend|p1: Saybel|Toxic Spikes|[from] move: Defog|[of] p1a: Ho-Oh\n|\n|-damage|p2a: Eternatus|25\/100 brn|[from] brn\n|upkeep\n|turn|22\n|\n|move|p2a: Eternatus|Toxic Spikes|p1a: Ho-Oh\n|-sidestart|p1: Saybel|move: Toxic Spikes\n|move|p1a: Ho-Oh|Sacred Fire|p2a: Eternatus\n|-resisted|p2a: Eternatus\n|-damage|p2a: Eternatus|8\/100 brn\n|\n|-damage|p2a: Eternatus|1\/100 brn|[from] brn\n|upkeep\n|turn|23\n|\n|move|p2a: Eternatus|Sludge Bomb|p1a: Ho-Oh\n|-damage|p1a: Ho-Oh|46\/100\n|-damage|p2a: Eternatus|0 fnt|[from] item: Life Orb\n|faint|p2a: Eternatus\n|move|p1a: Ho-Oh|Defog|p2: Eternatus|[notarget]\n|-fail|p1a: Ho-Oh\n|\n|upkeep\n|\n|switch|p2a: Yveltal|Yveltal|100\/100\n|-ability|p2a: Yveltal|Dark Aura\n|turn|24\n|\n|switch|p1a: Zacian|Zacian-Crowned|50\/100\n|-ability|p1a: Zacian|Intrepid Sword|boost\n|-boost|p1a: Zacian|atk|1\n|-start|p2a: Yveltal|Dynamax\n|-heal|p2a: Yveltal|100\/100|[silent]\n|move|p2a: Yveltal|Max Airstream|p1a: Zacian\n|-resisted|p1a: Zacian\n|-damage|p1a: Zacian|11\/100\n|-boost|p2a: Yveltal|spe|1\n|-damage|p2a: Yveltal|96\/100|[from] item: Life Orb\n|\n|upkeep\n|turn|25\n|\n|switch|p1a: Ho-Oh|Ho-Oh|79\/100\n|move|p2a: Yveltal|Max Darkness|p1a: Ho-Oh\n|-damage|p1a: Ho-Oh|8\/100\n|-unboost|p1a: Ho-Oh|spd|1\n|-damage|p2a: Yveltal|91\/100|[from] item: Life Orb\n|\n|upkeep\n|turn|26\n|\n|switch|p1a: Zacian|Zacian-Crowned|11\/100\n|-ability|p1a: Zacian|Intrepid Sword|boost\n|-boost|p1a: Zacian|atk|1\n|move|p2a: Yveltal|Max Airstream|p1a: Zacian\n|-resisted|p1a: Zacian\n|-damage|p1a: Zacian|0 fnt\n|-boost|p2a: Yveltal|spe|1\n|-damage|p2a: Yveltal|86\/100|[from] item: Life Orb\n|faint|p1a: Zacian\n|\n|-end|p2a: Yveltal|Dynamax\n|-heal|p2a: Yveltal|86\/100|[silent]\n|upkeep\n|\n|switch|p1a: Ho-Oh|Ho-Oh|41\/100\n|turn|27\n|\n|move|p2a: Yveltal|Dark Pulse|p1a: Ho-Oh\n|-damage|p1a: Ho-Oh|11\/100\n|-damage|p2a: Yveltal|76\/100|[from] item: Life Orb\n|move|p1a: Ho-Oh|Defog|p2a: Yveltal\n|-unboost|p2a: Yveltal|evasion|1\n|-sideend|p1: Saybel|Toxic Spikes|[from] move: Defog|[of] p1a: Ho-Oh\n|\n|upkeep\n|turn|28\n|\n|move|p2a: Yveltal|Dark Pulse|p1a: Ho-Oh\n|-damage|p1a: Ho-Oh|0 fnt\n|-damage|p2a: Yveltal|66\/100|[from] item: Life Orb\n|faint|p1a: Ho-Oh\n|\n|upkeep\n|\n|switch|p1a: Xerneas|Xerneas, shiny|100\/100\n|-ability|p1a: Xerneas|Fairy Aura\n|turn|29\n|\n|move|p2a: Yveltal|Knock Off|p1a: Xerneas\n|-resisted|p1a: Xerneas\n|-damage|p1a: Xerneas|71\/100\n|-enditem|p1a: Xerneas|Power Herb|[from] move: Knock Off|[of] p2a: Yveltal\n|-damage|p2a: Yveltal|56\/100|[from] item: Life Orb\n|move|p1a: Xerneas|Geomancy||[still]\n|-prepare|p1a: Xerneas|Geomancy|p1a: Xerneas\n|\n|upkeep\n|turn|30\n|\n|move|p2a: Yveltal|Oblivion Wing|p1a: Xerneas\n|-damage|p1a: Xerneas|27\/100\n|-heal|p2a: Yveltal|91\/100|[from] drain|[of] p1a: Xerneas\n|-damage|p2a: Yveltal|81\/100|[from] item: Life Orb\n|move|p1a: Xerneas|Geomancy|p1a: Xerneas|[from]lockedmove\n|-boost|p1a: Xerneas|spa|2\n|-boost|p1a: Xerneas|spd|2\n|-boost|p1a: Xerneas|spe|2\n|\n|upkeep\n|turn|31\n|\n|move|p2a: Yveltal|Oblivion Wing|p1a: Xerneas\n|-damage|p1a: Xerneas|2\/100\n|-heal|p2a: Yveltal|100\/100|[from] drain|[of] p1a: Xerneas\n|-damage|p2a: Yveltal|91\/100|[from] item: Life Orb\n|move|p1a: Xerneas|Moonblast|p2a: Yveltal\n|-supereffective|p2a: Yveltal\n|-damage|p2a: Yveltal|0 fnt\n|faint|p2a: Yveltal\n|\n|upkeep\n|\n|switch|p2a: Necrozma|Necrozma-Dusk-Mane|63\/100\n|turn|32\n|\n|-start|p1a: Xerneas|Dynamax\n|-heal|p1a: Xerneas|2\/100|[silent]\n|move|p1a: Xerneas|Max Starfall|p2a: Necrozma\n|-resisted|p2a: Necrozma\n|-damage|p2a: Necrozma|0 fnt\n|-fieldstart|move: Misty Terrain\n|faint|p2a: Necrozma\n|\n|upkeep\n|-message|willcoxw forfeited.\n|\n|win|Saybel\n|raw|Saybel's rating: 1705 &rarr; <strong>1721<\/strong><br \/>(+16 for winning)\n|raw|willcoxw's rating: 1627 &rarr; <strong>1611<\/strong><br \/>(-16 for losing)\n|l|\u2606Saybel\n","uploadtime":1587314532,"views":17,"p1id":"saybel","p2id":"willcoxw","formatid":"gen8nationaldexag","rating":1611,"private":0,"password":null}