{"id":"gen8nu-1520702129","p1":"hypersonic-alt","p2":"Ivyon","format":"gen8nu","log":"|j|\u2606hypersonic-alt\n|j|\u2606Ivyon\n|t:|1646080875\n|gametype|singles\n|player|p1|hypersonic-alt|unknownf|1241\n|player|p2|Ivyon|blue|1340\n|teamsize|p1|6\n|teamsize|p2|6\n|gen|8\n|tier|[Gen 8] NU\n|rated|\n|rule|Sleep Clause Mod: Limit one foe put to sleep\n|rule|Species Clause: Limit one of each Pok\u00e9mon\n|rule|OHKO Clause: OHKO moves are banned\n|rule|Evasion Moves Clause: Evasion moves are banned\n|rule|Endless Battle Clause: Forcing endless battles is banned\n|rule|HP Percentage Mod: HP is shown in percentages\n|rule|Dynamax Clause: You cannot dynamax\n|clearpoke\n|poke|p1|Doublade, F|\n|poke|p1|Diancie|\n|poke|p1|Vaporeon, F|\n|poke|p1|Talonflame, M|\n|poke|p1|Rotom-Mow|\n|poke|p1|Sirfetch\u2019d, M|\n|poke|p2|Tyrantrum, M|\n|poke|p2|Arcanine, M|\n|poke|p2|Vaporeon, M|\n|poke|p2|Rotom-Mow|\n|poke|p2|Doublade, M|\n|poke|p2|Machamp, M|\n|teampreview\n|c|\u2606hypersonic-alt|glhf!\n|inactive|Battle timer is ON: inactive players will automatically lose when time's up. (requested by hypersonic-alt)\n|c|\u2606Ivyon|thanks u too\n|\n|t:|1646080895\n|start\n|switch|p1a: Diancie|Diancie|100\/100\n|switch|p2a: Rotom|Rotom-Mow, shiny|100\/100\n|turn|1\n|\n|t:|1646080898\n|switch|p1a: rotommow|Rotom-Mow|100\/100\n|move|p2a: Rotom|Trick|p1a: rotommow\n|-activate|p2a: Rotom|move: Trick|[of] p1a: rotommow\n|-item|p1a: rotommow|Choice Scarf|[from] move: Trick\n|-enditem|p2a: Rotom|Choice Scarf|[silent]|[from] move: Trick\n|\n|upkeep\n|turn|2\n|\n|t:|1646080905\n|move|p1a: rotommow|Leaf Storm|p2a: Rotom\n|-resisted|p2a: Rotom\n|-damage|p2a: Rotom|64\/100\n|-unboost|p1a: rotommow|spa|2\n|move|p2a: Rotom|Volt Switch|p1a: rotommow\n|-resisted|p1a: rotommow\n|-damage|p1a: rotommow|89\/100\n|\n|t:|1646080921\n|switch|p2a: Machamp|Machamp, M|100\/100|[from]move: Volt Switch\n|\n|upkeep\n|turn|3\n|\n|t:|1646080927\n|switch|p1a: Doublade|Doublade, F|100\/100\n|move|p2a: Machamp|Knock Off|p1a: Doublade\n|-supereffective|p1a: Doublade\n|-damage|p1a: Doublade|63\/100\n|-enditem|p1a: Doublade|Eviolite|[from] move: Knock Off|[of] p2a: Machamp\n|\n|upkeep\n|turn|4\n|\n|t:|1646080934\n|move|p2a: Machamp|Knock Off|p1a: Doublade\n|-supereffective|p1a: Doublade\n|-crit|p1a: Doublade\n|-damage|p1a: Doublade|2\/100\n|move|p1a: Doublade|Iron Head|p2a: Machamp\n|-damage|p2a: Machamp|63\/100\n|\n|upkeep\n|turn|5\n|\n|t:|1646080943\n|switch|p2a: Arcanine|Arcanine, M|100\/100\n|-ability|p2a: Arcanine|Intimidate|boost\n|-unboost|p1a: Doublade|atk|1\n|switch|p1a: Vaporeon|Vaporeon, F|100\/100\n|\n|upkeep\n|turn|6\n|\n|t:|1646080958\n|switch|p2a: Rotom|Rotom-Mow, shiny|64\/100\n|move|p1a: Vaporeon|Scald|p2a: Rotom\n|-resisted|p2a: Rotom\n|-damage|p2a: Rotom|44\/100\n|\n|upkeep\n|turn|7\n|\n|t:|1646080963\n|switch|p1a: rotommow|Rotom-Mow|89\/100\n|move|p2a: Rotom|Volt Switch|p1a: rotommow\n|-resisted|p1a: rotommow\n|-damage|p1a: rotommow|77\/100\n|\n|t:|1646080968\n|switch|p2a: Arcanine|Arcanine, M|100\/100|[from]move: Volt Switch\n|-ability|p2a: Arcanine|Intimidate|boost\n|-unboost|p1a: rotommow|atk|1\n|\n|upkeep\n|turn|8\n|\n|t:|1646080974\n|move|p1a: rotommow|Volt Switch|p2a: Arcanine\n|-damage|p2a: Arcanine|64\/100\n|\n|t:|1646080975\n|switch|p1a: Diancie|Diancie|100\/100|[from]move: Volt Switch\n|move|p2a: Arcanine|Flare Blitz|p1a: Diancie\n|-resisted|p1a: Diancie\n|-crit|p1a: Diancie\n|-damage|p1a: Diancie|70\/100\n|-damage|p2a: Arcanine|56\/100|[from] Recoil\n|\n|-heal|p1a: Diancie|76\/100|[from] item: Leftovers\n|upkeep\n|turn|9\n|\n|t:|1646080982\n|switch|p2a: Vaporeon|Vaporeon, M|100\/100\n|move|p1a: Diancie|Stealth Rock|p2a: Vaporeon\n|-sidestart|p2: Ivyon|move: Stealth Rock\n|\n|-heal|p1a: Diancie|82\/100|[from] item: Leftovers\n|upkeep\n|turn|10\n|\n|t:|1646080986\n|switch|p1a: Vaporeon|Vaporeon, F|100\/100\n|move|p2a: Vaporeon|Wish|p2a: Vaporeon\n|\n|upkeep\n|turn|11\n|\n|t:|1646080989\n|switch|p2a: Rotom|Rotom-Mow, shiny|44\/100\n|-damage|p2a: Rotom|32\/100|[from] Stealth Rock\n|move|p1a: Vaporeon|Toxic|p2a: Rotom\n|-status|p2a: Rotom|tox\n|\n|-heal|p2a: Rotom|100\/100 tox|[from] move: Wish|[wisher] Vaporeon\n|-damage|p2a: Rotom|94\/100 tox|[from] psn\n|upkeep\n|turn|12\n|\n|t:|1646080996\n|move|p2a: Rotom|Defog|p1a: Vaporeon\n|-unboost|p1a: Vaporeon|evasion|1\n|-sideend|p2: Ivyon|Stealth Rock|[from] move: Defog|[of] p2a: Rotom\n|move|p1a: Vaporeon|Wish|p1a: Vaporeon\n|\n|-damage|p2a: Rotom|82\/100 tox|[from] psn\n|upkeep\n|turn|13\n|\n|t:|1646081007\n|switch|p1a: rotommow|Rotom-Mow|77\/100\n|move|p2a: Rotom|Volt Switch|p1a: rotommow\n|-resisted|p1a: rotommow\n|-damage|p1a: rotommow|65\/100\n|\n|t:|1646081030\n|switch|p2a: Vaporeon|Vaporeon, M|100\/100|[from]move: Volt Switch\n|\n|-heal|p1a: rotommow|100\/100|[from] move: Wish|[wisher] Vaporeon\n|upkeep\n|turn|14\n|\n|t:|1646081034\n|switch|p2a: Rotom|Rotom-Mow, shiny|82\/100 tox\n|move|p1a: rotommow|Volt Switch|p2a: Rotom\n|-resisted|p2a: Rotom\n|-damage|p2a: Rotom|71\/100 tox\n|\n|t:|1646081034\n|switch|p1a: Talonflame|Talonflame, M|100\/100|[from]move: Volt Switch\n|\n|-damage|p2a: Rotom|65\/100 tox|[from] psn\n|upkeep\n|turn|15\n|\n|t:|1646081041\n|switch|p1a: rotommow|Rotom-Mow|100\/100\n|move|p2a: Rotom|Volt Switch|p1a: rotommow\n|-resisted|p1a: rotommow\n|-damage|p1a: rotommow|88\/100\n|\n|t:|1646081045\n|switch|p2a: Machamp|Machamp, M|63\/100|[from]move: Volt Switch\n|\n|upkeep\n|turn|16\n|\n|t:|1646081049\n|switch|p1a: Vaporeon|Vaporeon, F|100\/100\n|move|p2a: Machamp|Ice Punch|p1a: Vaporeon\n|-resisted|p1a: Vaporeon\n|-damage|p1a: Vaporeon|88\/100\n|\n|-heal|p1a: Vaporeon|94\/100|[from] item: Leftovers\n|upkeep\n|turn|17\n|\n|t:|1646081055\n|move|p1a: Vaporeon|Toxic|p2a: Machamp\n|-status|p2a: Machamp|tox\n|move|p2a: Machamp|Dynamic Punch|p1a: Vaporeon\n|-damage|p1a: Vaporeon|50\/100\n|-start|p1a: Vaporeon|confusion\n|\n|-heal|p1a: Vaporeon|57\/100|[from] item: Leftovers\n|-damage|p2a: Machamp|57\/100 tox|[from] psn\n|upkeep\n|turn|18\n|\n|t:|1646081059\n|-activate|p1a: Vaporeon|confusion\n|move|p1a: Vaporeon|Protect|p1a: Vaporeon\n|-singleturn|p1a: Vaporeon|Protect\n|move|p2a: Machamp|Knock Off|p1a: Vaporeon\n|-activate|p1a: Vaporeon|move: Protect\n|\n|-heal|p1a: Vaporeon|63\/100|[from] item: Leftovers\n|-damage|p2a: Machamp|44\/100 tox|[from] psn\n|upkeep\n|turn|19\n|\n|t:|1646081063\n|switch|p1a: Talonflame|Talonflame, M|100\/100\n|move|p2a: Machamp|Knock Off|p1a: Talonflame\n|-damage|p1a: Talonflame|55\/100\n|-enditem|p1a: Talonflame|Heavy-Duty Boots|[from] move: Knock Off|[of] p2a: Machamp\n|\n|-damage|p2a: Machamp|25\/100 tox|[from] psn\n|upkeep\n|turn|20\n|\n|t:|1646081067\n|switch|p2a: Arcanine|Arcanine, M|56\/100\n|-ability|p2a: Arcanine|Intimidate|boost\n|-unboost|p1a: Talonflame|atk|1\n|move|p1a: Talonflame|Roost|p1a: Talonflame\n|-heal|p1a: Talonflame|100\/100\n|-singleturn|p1a: Talonflame|move: Roost\n|\n|upkeep\n|turn|21\n|\n|t:|1646081078\n|switch|p1a: Diancie|Diancie|82\/100\n|switch|p2a: Doublade|Doublade, M, shiny|100\/100\n|\n|-heal|p1a: Diancie|88\/100|[from] item: Leftovers\n|upkeep\n|turn|22\n|\n|t:|1646081083\n|switch|p1a: Vaporeon|Vaporeon, F|63\/100\n|move|p2a: Doublade|Iron Head|p1a: Vaporeon\n|-resisted|p1a: Vaporeon\n|-damage|p1a: Vaporeon|46\/100\n|\n|-heal|p1a: Vaporeon|52\/100|[from] item: Leftovers\n|upkeep\n|turn|23\n|\n|t:|1646081086\n|move|p1a: Vaporeon|Scald|p2a: Doublade\n|-damage|p2a: Doublade|64\/100\n|-status|p2a: Doublade|brn\n|move|p2a: Doublade|Close Combat|p1a: Vaporeon\n|-damage|p1a: Vaporeon|34\/100\n|-unboost|p2a: Doublade|def|1\n|-unboost|p2a: Doublade|spd|1\n|\n|-heal|p1a: Vaporeon|41\/100|[from] item: Leftovers\n|-damage|p2a: Doublade|58\/100 brn|[from] brn\n|upkeep\n|turn|24\n|\n|t:|1646081095\n|switch|p2a: Vaporeon|Vaporeon, M|100\/100\n|move|p1a: Vaporeon|Wish|p1a: Vaporeon\n|\n|-heal|p1a: Vaporeon|47\/100|[from] item: Leftovers\n|upkeep\n|turn|25\n|\n|t:|1646081097\n|move|p2a: Vaporeon|Heal Bell|p2a: Vaporeon\n|-activate|p2a: Vaporeon|move: Heal Bell\n|-curestatus|p2: Rotom|tox|[msg]\n|-curestatus|p2: Machamp|tox|[msg]\n|-curestatus|p2: Doublade|brn|[msg]\n|move|p1a: Vaporeon|Toxic|p2a: Vaporeon\n|-status|p2a: Vaporeon|tox\n|\n|-heal|p1a: Vaporeon|97\/100|[from] move: Wish|[wisher] Vaporeon\n|-heal|p1a: Vaporeon|100\/100|[from] item: Leftovers\n|-damage|p2a: Vaporeon|94\/100 tox|[from] psn\n|upkeep\n|turn|26\n|\n|t:|1646081103\n|move|p1a: Vaporeon|Scald|p2a: Vaporeon\n|-heal|p2a: Vaporeon|100\/100 tox|[from] ability: Water Absorb|[of] p1a: Vaporeon\n|move|p2a: Vaporeon|Wish|p2a: Vaporeon\n|\n|-damage|p2a: Vaporeon|88\/100 tox|[from] psn\n|upkeep\n|turn|27\n|\n|t:|1646081107\n|switch|p2a: Machamp|Machamp, M|25\/100\n|move|p1a: Vaporeon|Scald|p2a: Machamp\n|-damage|p2a: Machamp|5\/100\n|-status|p2a: Machamp|brn\n|\n|-heal|p2a: Machamp|65\/100 brn|[from] move: Wish|[wisher] Vaporeon\n|-damage|p2a: Machamp|59\/100 brn|[from] brn\n|upkeep\n|turn|28\n|\n|t:|1646081113\n|switch|p2a: Vaporeon|Vaporeon, M|88\/100 tox\n|move|p1a: Vaporeon|Wish|p1a: Vaporeon\n|\n|-heal|p2a: Vaporeon|94\/100 tox|[from] item: Leftovers\n|-damage|p2a: Vaporeon|88\/100 tox|[from] psn\n|upkeep\n|turn|29\n|\n|t:|1646081120\n|switch|p1a: rotommow|Rotom-Mow|88\/100\n|move|p2a: Vaporeon|Toxic|p1a: rotommow\n|-status|p1a: rotommow|tox\n|\n|-heal|p1a: rotommow|100\/100 tox|[from] move: Wish|[wisher] Vaporeon\n|-heal|p2a: Vaporeon|94\/100 tox|[from] item: Leftovers\n|-damage|p1a: rotommow|94\/100 tox|[from] psn\n|-damage|p2a: Vaporeon|82\/100 tox|[from] psn\n|upkeep\n|turn|30\n|\n|t:|1646081126\n|move|p1a: rotommow|Volt Switch|p2a: Vaporeon\n|-supereffective|p2a: Vaporeon\n|-damage|p2a: Vaporeon|48\/100 tox\n|\n|t:|1646081127\n|switch|p1a: Vaporeon|Vaporeon, F|100\/100|[from]move: Volt Switch\n|move|p2a: Vaporeon|Heal Bell|p2a: Vaporeon\n|-activate|p2a: Vaporeon|move: Heal Bell\n|-curestatus|p2a: Vaporeon|tox|[msg]\n|-curestatus|p2: Machamp|brn|[msg]\n|\n|-heal|p2a: Vaporeon|54\/100|[from] item: Leftovers\n|upkeep\n|turn|31\n|\n|t:|1646081133\n|move|p2a: Vaporeon|Wish|p2a: Vaporeon\n|move|p1a: Vaporeon|Toxic|p2a: Vaporeon\n|-status|p2a: Vaporeon|tox\n|\n|-heal|p2a: Vaporeon|60\/100 tox|[from] item: Leftovers\n|-damage|p2a: Vaporeon|54\/100 tox|[from] psn\n|upkeep\n|turn|32\n|\n|t:|1646081142\n|move|p2a: Vaporeon|Heal Bell|p2a: Vaporeon\n|-activate|p2a: Vaporeon|move: Heal Bell\n|-curestatus|p2a: Vaporeon|tox|[msg]\n|move|p1a: Vaporeon|Toxic|p2a: Vaporeon\n|-status|p2a: Vaporeon|tox\n|\n|-heal|p2a: Vaporeon|100\/100 tox|[from] move: Wish|[wisher] Vaporeon\n|-damage|p2a: Vaporeon|94\/100 tox|[from] psn\n|upkeep\n|turn|33\n|\n|t:|1646081148\n|move|p1a: Vaporeon|Scald|p2a: Vaporeon\n|-heal|p2a: Vaporeon|100\/100 tox|[from] ability: Water Absorb|[of] p1a: Vaporeon\n|move|p2a: Vaporeon|Wish|p2a: Vaporeon\n|\n|-damage|p2a: Vaporeon|88\/100 tox|[from] psn\n|upkeep\n|turn|34\n|\n|t:|1646081152\n|switch|p2a: Machamp|Machamp, M|59\/100\n|move|p1a: Vaporeon|Toxic|p2a: Machamp\n|-status|p2a: Machamp|tox\n|\n|-heal|p2a: Machamp|100\/100 tox|[from] move: Wish|[wisher] Vaporeon\n|-damage|p2a: Machamp|94\/100 tox|[from] psn\n|upkeep\n|turn|35\n|\n|t:|1646081157\n|move|p1a: Vaporeon|Wish|p1a: Vaporeon\n|move|p2a: Machamp|Dynamic Punch|p1a: Vaporeon\n|-damage|p1a: Vaporeon|54\/100\n|-start|p1a: Vaporeon|confusion\n|\n|-heal|p1a: Vaporeon|60\/100|[from] item: Leftovers\n|-damage|p2a: Machamp|82\/100 tox|[from] psn\n|upkeep\n|turn|36\n|\n|t:|1646081166\n|-activate|p1a: Vaporeon|confusion\n|-damage|p1a: Vaporeon|55\/100|[from] confusion\n|move|p2a: Machamp|Stone Edge|p1a: Vaporeon\n|-damage|p1a: Vaporeon|25\/100\n|\n|-heal|p1a: Vaporeon|75\/100|[from] move: Wish|[wisher] Vaporeon\n|-heal|p1a: Vaporeon|82\/100|[from] item: Leftovers\n|-damage|p2a: Machamp|63\/100 tox|[from] psn\n|upkeep\n|turn|37\n|\n|t:|1646081177\n|switch|p1a: Diancie|Diancie|88\/100\n|move|p2a: Machamp|Dynamic Punch|p1a: Diancie\n|-damage|p1a: Diancie|49\/100\n|-start|p1a: Diancie|confusion\n|\n|-heal|p1a: Diancie|55\/100|[from] item: Leftovers\n|-damage|p2a: Machamp|38\/100 tox|[from] psn\n|upkeep\n|turn|38\n|\n|t:|1646081181\n|switch|p2a: Vaporeon|Vaporeon, M|88\/100 tox\n|-activate|p1a: Diancie|confusion\n|move|p1a: Diancie|Stealth Rock|p2a: Vaporeon\n|-sidestart|p2: Ivyon|move: Stealth Rock\n|\n|-heal|p2a: Vaporeon|94\/100 tox|[from] item: Leftovers\n|-heal|p1a: Diancie|61\/100|[from] item: Leftovers\n|-damage|p2a: Vaporeon|88\/100 tox|[from] psn\n|upkeep\n|turn|39\n|\n|t:|1646081187\n|switch|p1a: Vaporeon|Vaporeon, F|82\/100\n|move|p2a: Vaporeon|Heal Bell|p2a: Vaporeon\n|-activate|p2a: Vaporeon|move: Heal Bell\n|-curestatus|p2a: Vaporeon|tox|[msg]\n|-curestatus|p2: Machamp|tox|[msg]\n|\n|-heal|p1a: Vaporeon|88\/100|[from] item: Leftovers\n|-heal|p2a: Vaporeon|94\/100|[from] item: Leftovers\n|upkeep\n|turn|40\n|\n|t:|1646081189\n|move|p2a: Vaporeon|Wish|p2a: Vaporeon\n|move|p1a: Vaporeon|Toxic|p2a: Vaporeon\n|-status|p2a: Vaporeon|tox\n|\n|-heal|p1a: Vaporeon|94\/100|[from] item: Leftovers\n|-heal|p2a: Vaporeon|100\/100 tox|[from] item: Leftovers\n|-damage|p2a: Vaporeon|94\/100 tox|[from] psn\n|upkeep\n|turn|41\n|\n|t:|1646081192\n|switch|p2a: Machamp|Machamp, M|38\/100\n|-damage|p2a: Machamp|32\/100|[from] Stealth Rock\n|move|p1a: Vaporeon|Wish|p1a: Vaporeon\n|\n|-heal|p2a: Machamp|92\/100|[from] move: Wish|[wisher] Vaporeon\n|-heal|p1a: Vaporeon|99\/100|[from] item: Leftovers\n|upkeep\n|turn|42\n|\n|t:|1646081198\n|switch|p1a: Diancie|Diancie|61\/100\n|move|p2a: Machamp|Dynamic Punch|p1a: Diancie\n|-damage|p1a: Diancie|23\/100\n|-start|p1a: Diancie|confusion\n|\n|-heal|p1a: Diancie|100\/100|[from] move: Wish|[wisher] Vaporeon\n|upkeep\n|turn|43\n|\n|t:|1646081208\n|-activate|p1a: Diancie|confusion\n|move|p1a: Diancie|Moonblast|p2a: Machamp\n|-supereffective|p2a: Machamp\n|-damage|p2a: Machamp|54\/100\n|move|p2a: Machamp|Dynamic Punch|p1a: Diancie\n|-damage|p1a: Diancie|62\/100\n|\n|-heal|p1a: Diancie|68\/100|[from] item: Leftovers\n|upkeep\n|turn|44\n|\n|t:|1646081219\n|switch|p2a: Doublade|Doublade, M, shiny|58\/100\n|-damage|p2a: Doublade|51\/100|[from] Stealth Rock\n|-end|p1a: Diancie|confusion\n|move|p1a: Diancie|Moonblast|p2a: Doublade\n|-resisted|p2a: Doublade\n|-damage|p2a: Doublade|33\/100\n|\n|-heal|p1a: Diancie|74\/100|[from] item: Leftovers\n|upkeep\n|turn|45\n|\n|t:|1646081228\n|switch|p1a: Talonflame|Talonflame, M|100\/100\n|move|p2a: Doublade|Swords Dance|p2a: Doublade\n|-boost|p2a: Doublade|atk|2\n|\n|upkeep\n|turn|46\n|\n|t:|1646081230\n|move|p2a: Doublade|Shadow Sneak|p1a: Talonflame\n|-damage|p1a: Talonflame|52\/100\n|move|p1a: Talonflame|Brave Bird|p2a: Doublade\n|-resisted|p2a: Doublade\n|-crit|p2a: Doublade\n|-damage|p2a: Doublade|19\/100\n|-damage|p1a: Talonflame|48\/100|[from] Recoil\n|\n|upkeep\n|turn|47\n|\n|t:|1646081234\n|move|p2a: Doublade|Shadow Sneak|p1a: Talonflame\n|-damage|p1a: Talonflame|0 fnt\n|faint|p1a: Talonflame\n|\n|upkeep\n|\n|t:|1646081234\n|switch|p1a: sirfetchd|Sirfetch\u2019d, M|100\/100\n|turn|48\n|\n|t:|1646081246\n|switch|p2a: Arcanine|Arcanine, M|56\/100\n|-damage|p2a: Arcanine|31\/100|[from] Stealth Rock\n|-ability|p2a: Arcanine|Intimidate|boost\n|-fail|p1a: sirfetchd|unboost|Attack|[from] ability: Scrappy|[of] p1a: sirfetchd\n|move|p1a: sirfetchd|Brave Bird|p2a: Arcanine\n|-damage|p2a: Arcanine|0 fnt\n|-damage|p1a: sirfetchd|84\/100|[from] item: Rocky Helmet|[of] p2a: Arcanine\n|faint|p2a: Arcanine\n|-damage|p1a: sirfetchd|70\/100|[from] Recoil\n|\n|upkeep\n|\n|t:|1646081259\n|switch|p2a: Rotom|Rotom-Mow, shiny|65\/100\n|-damage|p2a: Rotom|52\/100|[from] Stealth Rock\n|turn|49\n|\n|t:|1646081261\n|switch|p1a: rotommow|Rotom-Mow|94\/100 tox\n|move|p2a: Rotom|Leaf Storm|p1a: rotommow\n|-resisted|p1a: rotommow\n|-crit|p1a: rotommow\n|-damage|p1a: rotommow|32\/100 tox\n|-unboost|p2a: Rotom|spa|2\n|\n|-damage|p1a: rotommow|26\/100 tox|[from] psn\n|upkeep\n|turn|50\n|\n|t:|1646081263\n|move|p1a: rotommow|Volt Switch|p2a: Rotom\n|-resisted|p2a: Rotom\n|-damage|p2a: Rotom|41\/100\n|\n|t:|1646081264\n|switch|p1a: Vaporeon|Vaporeon, F|99\/100|[from]move: Volt Switch\n|move|p2a: Rotom|Defog|p1a: Vaporeon\n|-unboost|p1a: Vaporeon|evasion|1\n|-sideend|p2: Ivyon|Stealth Rock|[from] move: Defog|[of] p2a: Rotom\n|\n|-heal|p1a: Vaporeon|100\/100|[from] item: Leftovers\n|upkeep\n|turn|51\n|\n|t:|1646081271\n|move|p2a: Rotom|Trick|p1a: Vaporeon\n|-activate|p2a: Rotom|move: Trick|[of] p1a: Vaporeon\n|-enditem|p1a: Vaporeon|Leftovers|[silent]|[from] move: Trick\n|-item|p2a: Rotom|Leftovers|[from] move: Trick\n|move|p1a: Vaporeon|Scald|p2a: Rotom\n|-resisted|p2a: Rotom\n|-damage|p2a: Rotom|22\/100\n|\n|-heal|p2a: Rotom|29\/100|[from] item: Leftovers\n|upkeep\n|turn|52\n|\n|t:|1646081278\n|move|p2a: Rotom|Volt Switch|p1a: Vaporeon\n|-supereffective|p1a: Vaporeon\n|-damage|p1a: Vaporeon|76\/100\n|\n|t:|1646081281\n|switch|p2a: Vaporeon|Vaporeon, M|94\/100 tox|[from]move: Volt Switch\n|move|p1a: Vaporeon|Scald|p2a: Vaporeon\n|-heal|p2a: Vaporeon|100\/100 tox|[from] ability: Water Absorb|[of] p1a: Vaporeon\n|\n|-damage|p2a: Vaporeon|94\/100 tox|[from] psn\n|upkeep\n|turn|53\n|\n|t:|1646081285\n|move|p1a: Vaporeon|Wish|p1a: Vaporeon\n|move|p2a: Vaporeon|Wish|p2a: Vaporeon\n|\n|-heal|p2a: Vaporeon|100\/100 tox|[from] item: Leftovers\n|-damage|p2a: Vaporeon|88\/100 tox|[from] psn\n|upkeep\n|turn|54\n|\n|t:|1646081289\n|switch|p2a: Rotom|Rotom-Mow, shiny|29\/100\n|switch|p1a: rotommow|Rotom-Mow|26\/100 tox\n|\n|-heal|p1a: rotommow|100\/100 tox|[from] move: Wish|[wisher] Vaporeon\n|-heal|p2a: Rotom|100\/100|[from] move: Wish|[wisher] Vaporeon\n|-damage|p1a: rotommow|94\/100 tox|[from] psn\n|upkeep\n|turn|55\n|\n|t:|1646081296\n|move|p1a: rotommow|Leaf Storm|p2a: Rotom|[miss]\n|-miss|p1a: rotommow|p2a: Rotom\n|move|p2a: Rotom|Volt Switch|p1a: rotommow\n|-resisted|p1a: rotommow\n|-damage|p1a: rotommow|82\/100 tox\n|\n|t:|1646081308\n|switch|p2a: Doublade|Doublade, M, shiny|19\/100|[from]move: Volt Switch\n|\n|-damage|p1a: rotommow|70\/100 tox|[from] psn\n|upkeep\n|turn|56\n|\n|t:|1646081311\n|switch|p1a: Vaporeon|Vaporeon, F|76\/100\n|switch|p2a: Rotom|Rotom-Mow, shiny|100\/100\n|\n|upkeep\n|turn|57\n|\n|t:|1646081319\n|move|p1a: Vaporeon|Protect|p1a: Vaporeon\n|-singleturn|p1a: Vaporeon|Protect\n|move|p2a: Rotom|Leaf Storm|p1a: Vaporeon\n|-activate|p1a: Vaporeon|move: Protect\n|\n|upkeep\n|turn|58\n|\n|t:|1646081328\n|switch|p1a: rotommow|Rotom-Mow|70\/100 tox\n|move|p2a: Rotom|Leaf Storm|p1a: rotommow\n|-resisted|p1a: rotommow\n|-crit|p1a: rotommow\n|-damage|p1a: rotommow|8\/100 tox\n|-unboost|p2a: Rotom|spa|2\n|\n|-damage|p1a: rotommow|1\/100 tox|[from] psn\n|upkeep\n|turn|59\n|\n|t:|1646081335\n|move|p1a: rotommow|Leaf Storm|p2a: Rotom\n|-resisted|p2a: Rotom\n|-damage|p2a: Rotom|65\/100\n|-unboost|p1a: rotommow|spa|2\n|move|p2a: Rotom|Volt Switch|p1a: rotommow\n|-resisted|p1a: rotommow\n|-damage|p1a: rotommow|0 fnt\n|faint|p1a: rotommow\n|\n|t:|1646081343\n|switch|p2a: Vaporeon|Vaporeon, M|88\/100 tox|[from]move: Volt Switch\n|\n|-heal|p2a: Vaporeon|94\/100 tox|[from] item: Leftovers\n|-damage|p2a: Vaporeon|88\/100 tox|[from] psn\n|upkeep\n|\n|t:|1646081343\n|switch|p1a: Diancie|Diancie|74\/100\n|turn|60\n|\n|t:|1646081346\n|move|p2a: Vaporeon|Scald|p1a: Diancie\n|-supereffective|p1a: Diancie\n|-damage|p1a: Diancie|16\/100\n|move|p1a: Diancie|Stealth Rock|p2a: Vaporeon\n|-sidestart|p2: Ivyon|move: Stealth Rock\n|\n|-heal|p2a: Vaporeon|94\/100 tox|[from] item: Leftovers\n|-heal|p1a: Diancie|22\/100|[from] item: Leftovers\n|-damage|p2a: Vaporeon|82\/100 tox|[from] psn\n|upkeep\n|turn|61\n|\n|t:|1646081353\n|switch|p1a: Vaporeon|Vaporeon, F|76\/100\n|move|p2a: Vaporeon|Toxic|p1a: Vaporeon|[miss]\n|-miss|p2a: Vaporeon|p1a: Vaporeon\n|\n|-heal|p2a: Vaporeon|88\/100 tox|[from] item: Leftovers\n|-damage|p2a: Vaporeon|69\/100 tox|[from] psn\n|upkeep\n|turn|62\n|\n|t:|1646081355\n|move|p2a: Vaporeon|Wish|p2a: Vaporeon\n|move|p1a: Vaporeon|Wish|p1a: Vaporeon\n|\n|-heal|p2a: Vaporeon|75\/100 tox|[from] item: Leftovers\n|-damage|p2a: Vaporeon|50\/100 tox|[from] psn\n|upkeep\n|turn|63\n|\n|t:|1646081359\n|switch|p2a: Rotom|Rotom-Mow, shiny|65\/100\n|-damage|p2a: Rotom|53\/100|[from] Stealth Rock\n|move|p1a: Vaporeon|Scald|p2a: Rotom\n|-resisted|p2a: Rotom\n|-damage|p2a: Rotom|34\/100\n|\n|-heal|p2a: Rotom|100\/100|[from] move: Wish|[wisher] Vaporeon\n|-heal|p1a: Vaporeon|100\/100|[from] move: Wish|[wisher] Vaporeon\n|upkeep\n|turn|64\n|\n|t:|1646081368\n|move|p2a: Rotom|Leaf Storm|p1a: Vaporeon\n|-supereffective|p1a: Vaporeon\n|-damage|p1a: Vaporeon|11\/100\n|-unboost|p2a: Rotom|spa|2\n|move|p1a: Vaporeon|Wish|p1a: Vaporeon\n|\n|upkeep\n|turn|65\n|\n|t:|1646081378\n|switch|p1a: sirfetchd|Sirfetch\u2019d, M|70\/100\n|move|p2a: Rotom|Volt Switch|p1a: sirfetchd\n|-damage|p1a: sirfetchd|43\/100\n|\n|t:|1646081385\n|switch|p2a: Doublade|Doublade, M, shiny|19\/100|[from]move: Volt Switch\n|-damage|p2a: Doublade|13\/100|[from] Stealth Rock\n|\n|-heal|p1a: sirfetchd|100\/100|[from] move: Wish|[wisher] Vaporeon\n|upkeep\n|turn|66\n|\n|t:|1646081388\n|move|p2a: Doublade|Shadow Sneak|p1a: sirfetchd\n|-damage|p1a: sirfetchd|73\/100\n|move|p1a: sirfetchd|Leaf Blade|p2a: Doublade\n|-resisted|p2a: Doublade\n|-crit|p2a: Doublade\n|-damage|p2a: Doublade|1\/100\n|\n|upkeep\n|turn|67\n|\n|t:|1646081394\n|move|p2a: Doublade|Shadow Sneak|p1a: sirfetchd\n|-damage|p1a: sirfetchd|44\/100\n|move|p1a: sirfetchd|Close Combat|p2a: Doublade\n|-supereffective|p2a: Doublade\n|-crit|p2a: Doublade\n|-damage|p2a: Doublade|0 fnt\n|-unboost|p1a: sirfetchd|def|1\n|-unboost|p1a: sirfetchd|spd|1\n|faint|p2a: Doublade\n|\n|upkeep\n|\n|t:|1646081399\n|switch|p2a: Rotom|Rotom-Mow, shiny|100\/100\n|-damage|p2a: Rotom|88\/100|[from] Stealth Rock\n|turn|68\n|\n|t:|1646081404\n|move|p2a: Rotom|Volt Switch|p1a: sirfetchd\n|-damage|p1a: sirfetchd|0 fnt\n|faint|p1a: sirfetchd\n|\n|t:|1646081409\n|switch|p2a: Machamp|Machamp, M|54\/100|[from]move: Volt Switch\n|-damage|p2a: Machamp|48\/100|[from] Stealth Rock\n|\n|upkeep\n|\n|t:|1646081409\n|switch|p1a: Vaporeon|Vaporeon, F|11\/100\n|turn|69\n|\n|t:|1646081415\n|move|p1a: Vaporeon|Protect|p1a: Vaporeon\n|-singleturn|p1a: Vaporeon|Protect\n|move|p2a: Machamp|Dynamic Punch|p1a: Vaporeon\n|-activate|p1a: Vaporeon|move: Protect\n|\n|upkeep\n|turn|70\n|\n|t:|1646081420\n|switch|p1a: Doublade|Doublade, F|2\/100\n|move|p2a: Machamp|Knock Off|p1a: Doublade\n|-supereffective|p1a: Doublade\n|-damage|p1a: Doublade|0 fnt\n|faint|p1a: Doublade\n|\n|upkeep\n|\n|t:|1646081420\n|switch|p1a: Vaporeon|Vaporeon, F|11\/100\n|turn|71\n|\n|t:|1646081422\n|move|p1a: Vaporeon|Protect|p1a: Vaporeon\n|-singleturn|p1a: Vaporeon|Protect\n|move|p2a: Machamp|Knock Off|p1a: Vaporeon\n|-activate|p1a: Vaporeon|move: Protect\n|\n|upkeep\n|turn|72\n|\n|t:|1646081424\n|move|p1a: Vaporeon|Scald|p2a: Machamp\n|-damage|p2a: Machamp|28\/100\n|move|p2a: Machamp|Knock Off|p1a: Vaporeon\n|-damage|p1a: Vaporeon|0 fnt\n|faint|p1a: Vaporeon\n|\n|upkeep\n|\n|t:|1646081424\n|switch|p1a: Diancie|Diancie|22\/100\n|turn|73\n|\n|t:|1646081427\n|move|p1a: Diancie|Body Press|p2a: Machamp\n|-damage|p2a: Machamp|0 fnt\n|faint|p2a: Machamp\n|\n|-heal|p1a: Diancie|28\/100|[from] item: Leftovers\n|upkeep\n|\n|t:|1646081432\n|switch|p2a: Tyrantrum|Tyrantrum, M, shiny|100\/100\n|-damage|p2a: Tyrantrum|88\/100|[from] Stealth Rock\n|turn|74\n|\n|t:|1646081434\n|move|p2a: Tyrantrum|Earthquake|p1a: Diancie\n|-supereffective|p1a: Diancie\n|-damage|p1a: Diancie|0 fnt\n|faint|p1a: Diancie\n|\n|win|Ivyon\n|raw|hypersonic-alt's rating: 1241 &rarr; <strong>1223<\/strong><br \/>(-18 for losing)\n|raw|Ivyon's rating: 1340 &rarr; <strong>1354<\/strong><br \/>(+14 for winning)\n|c|\u2606hypersonic-alt|gg\n|l|\u2606hypersonic-alt\n|c|\u2606Ivyon|gg\n","uploadtime":1646081448,"views":17,"p1id":"hypersonicalt","p2id":"ivyon","formatid":"gen8nu","rating":1223,"private":0,"password":null}