{"id":"gen8battlefactory-1667369270","p1":"tio_reuniclus","p2":"H4WT \u2605","format":"gen8battlefactory","log":"|j|\u2606tio_reuniclus\n|j|\u2606H4WT \u2605\n|inactive|Battle timer is ON: inactive players will automatically lose when time's up.\n|t:|1663516577\n|gametype|singles\n|player|p1|tio_reuniclus|roughneck|\n|player|p2|H4WT \u2605|nate|\n|teamsize|p1|6\n|teamsize|p2|6\n|gen|8\n|tier|[Gen 8] Battle Factory\n|rated|Tournament battle\n|rule|Sleep Clause Mod: Limit one foe put to sleep\n|rule|Species Clause: Limit one of each Pok\u00e9mon\n|rule|OHKO Clause: OHKO moves are banned\n|rule|Evasion Items Clause: Evasion items are banned\n|rule|Evasion Moves Clause: Evasion moves are banned\n|rule|Endless Battle Clause: Forcing endless battles is banned\n|rule|HP Percentage Mod: HP is shown in percentages\n|rule|Dynamax Clause: You cannot dynamax\n|clearpoke\n|poke|p1|Gigalith, M|\n|poke|p1|Trevenant, M|\n|poke|p1|Hattrem, F|\n|poke|p1|Jolteon, F|\n|poke|p1|Lanturn, M|\n|poke|p1|Eldegoss, F|\n|poke|p2|Palossand, F|\n|poke|p2|Silvally-*|\n|poke|p2|Magneton|\n|poke|p2|Weezing, F|\n|poke|p2|Hattrem, F|\n|poke|p2|Lanturn, M|\n|teampreview\n|c|\u2606H4WT \u2605|glhf\n|c|\u2606tio_reuniclus|glhf\n|inactive|H4WT \u2605 has 120 seconds left.\n|\n|t:|1663516614\n|start\n|switch|p1a: Lanturn|Lanturn, M|413\/413\n|switch|p2a: Weezing|Weezing, F|334\/334\n|turn|1\n|j| SuperGunDark2\n|l| SuperGunDark2\n|\n|t:|1663516636\n|switch|p2a: Palossand|Palossand, F|374\/374\n|move|p1a: Lanturn|Scald|p2a: Palossand\n|-supereffective|p2a: Palossand\n|-damage|p2a: Palossand|194\/374\n|-ability|p2a: Palossand|Water Compaction|boost\n|-boost|p2a: Palossand|def|2\n|\n|upkeep\n|turn|2\n|\n|t:|1663516650\n|switch|p1a: Eldegoss|Eldegoss, F|324\/324\n|switch|p2a: Hattrem|Hattrem, F|318\/318\n|\n|upkeep\n|turn|3\n|\n|t:|1663516657\n|switch|p2a: Weezing|Weezing, F|334\/334\n|move|p1a: Eldegoss|Sleep Powder|p2a: Weezing|[miss]\n|-miss|p1a: Eldegoss|p2a: Weezing\n|\n|upkeep\n|turn|4\n|\n|t:|1663516667\n|switch|p1a: Gigalith|Gigalith, M|374\/374\n|-weather|Sandstorm|[from] ability: Sand Stream|[of] p1a: Gigalith\n|move|p2a: Weezing|Sludge Bomb|p1a: Gigalith\n|-resisted|p1a: Gigalith\n|-damage|p1a: Gigalith|349\/374\n|\n|-weather|Sandstorm|[upkeep]\n|-damage|p2a: Weezing|314\/334|[from] Sandstorm\n|-heal|p2a: Weezing|334\/334|[from] item: Black Sludge\n|-heal|p1a: Gigalith|372\/374|[from] item: Leftovers\n|upkeep\n|turn|5\n|\n|t:|1663516694\n|move|p2a: Weezing|Will-O-Wisp|p1a: Gigalith\n|-status|p1a: Gigalith|brn\n|move|p1a: Gigalith|Stealth Rock|p2a: Weezing\n|-sidestart|p2: H4WT \u2605|move: Stealth Rock\n|\n|-weather|Sandstorm|[upkeep]\n|-damage|p2a: Weezing|314\/334|[from] Sandstorm\n|-heal|p2a: Weezing|334\/334|[from] item: Black Sludge\n|-heal|p1a: Gigalith|374\/374 brn|[from] item: Leftovers\n|-damage|p1a: Gigalith|351\/374 brn|[from] brn\n|upkeep\n|turn|6\n|\n|t:|1663516723\n|move|p2a: Weezing|Sludge Bomb|p1a: Gigalith\n|-resisted|p1a: Gigalith\n|-damage|p1a: Gigalith|327\/374 brn\n|move|p1a: Gigalith|Rock Blast|p2a: Weezing\n|-damage|p2a: Weezing|322\/334\n|-damage|p2a: Weezing|310\/334\n|-damage|p2a: Weezing|298\/334\n|-hitcount|p2a: Weezing|3\n|\n|-weather|Sandstorm|[upkeep]\n|-damage|p2a: Weezing|278\/334|[from] Sandstorm\n|-heal|p2a: Weezing|298\/334|[from] item: Black Sludge\n|-heal|p1a: Gigalith|350\/374 brn|[from] item: Leftovers\n|-damage|p1a: Gigalith|327\/374 brn|[from] brn\n|upkeep\n|turn|7\n|j| natirutsreggaepo\n|inactive|tio_reuniclus has 120 seconds left.\n|\n|t:|1663516740\n|move|p2a: Weezing|Toxic Spikes|p1a: Gigalith\n|-sidestart|p1: tio_reuniclus|move: Toxic Spikes\n|move|p1a: Gigalith|Rock Blast|p2a: Weezing\n|-damage|p2a: Weezing|286\/334\n|-damage|p2a: Weezing|273\/334\n|-damage|p2a: Weezing|261\/334\n|-hitcount|p2a: Weezing|3\n|\n|-weather|Sandstorm|[upkeep]\n|-damage|p2a: Weezing|241\/334|[from] Sandstorm\n|-heal|p2a: Weezing|261\/334|[from] item: Black Sludge\n|-heal|p1a: Gigalith|350\/374 brn|[from] item: Leftovers\n|-damage|p1a: Gigalith|327\/374 brn|[from] brn\n|upkeep\n|turn|8\n|inactive|tio_reuniclus has 120 seconds left.\n|\n|t:|1663516772\n|switch|p2a: Palossand|Palossand, F|194\/374\n|-damage|p2a: Palossand|171\/374|[from] Stealth Rock\n|switch|p1a: Hattrem|Hattrem, F|318\/318\n|-status|p1a: Hattrem|psn\n|\n|-weather|none\n|-damage|p1a: Hattrem|279\/318 psn|[from] psn\n|upkeep\n|turn|9\n|\n|t:|1663516784\n|move|p1a: Hattrem|Aromatherapy|p1a: Hattrem\n|-activate|p1a: Hattrem|move: Aromatherapy\n|-curestatus|p1a: Hattrem|psn|[msg]\n|-curestatus|p1: Gigalith|brn|[msg]\n|move|p2a: Palossand|Shore Up|p2a: Palossand\n|-heal|p2a: Palossand|358\/374\n|\n|upkeep\n|turn|10\n|\n|t:|1663516798\n|switch|p2a: Magneton|Magneton|241\/241\n|-damage|p2a: Magneton|226\/241|[from] Stealth Rock\n|move|p1a: Hattrem|Giga Drain|p2a: Magneton\n|-resisted|p2a: Magneton\n|-damage|p2a: Magneton|192\/241\n|-heal|p1a: Hattrem|296\/318|[from] drain|[of] p2a: Magneton\n|\n|upkeep\n|turn|11\n|\n|t:|1663516816\n|switch|p1a: Eldegoss|Eldegoss, F|324\/324\n|move|p2a: Magneton|Tri Attack|p1a: Eldegoss\n|-damage|p1a: Eldegoss|209\/324\n|-status|p1a: Eldegoss|frz\n|\n|upkeep\n|turn|12\n|\n|t:|1663516824\n|move|p2a: Magneton|Tri Attack|p1a: Eldegoss\n|-damage|p1a: Eldegoss|102\/324 frz\n|cant|p1a: Eldegoss|frz\n|\n|upkeep\n|turn|13\n|\n|t:|1663516829\n|move|p2a: Magneton|Tri Attack|p1a: Eldegoss\n|-damage|p1a: Eldegoss|0 fnt\n|faint|p1a: Eldegoss\n|\n|upkeep\n|\n|t:|1663516844\n|switch|p1a: Trevenant|Trevenant, M|311\/311\n|-status|p1a: Trevenant|psn\n|turn|14\n|\n|t:|1663516851\n|switch|p2a: Weezing|Weezing, F|261\/334\n|-damage|p2a: Weezing|220\/334|[from] Stealth Rock\n|move|p1a: Trevenant|Poltergeist|p2a: Weezing\n|-activate|p2a: Weezing|move: Poltergeist|Black Sludge\n|-damage|p2a: Weezing|49\/334\n|\n|-heal|p2a: Weezing|69\/334|[from] item: Black Sludge\n|-damage|p1a: Trevenant|273\/311 psn|[from] psn\n|upkeep\n|turn|15\n|\n|t:|1663516865\n|move|p1a: Trevenant|Poltergeist|p2a: Weezing\n|-activate|p2a: Weezing|move: Poltergeist|Black Sludge\n|-damage|p2a: Weezing|0 fnt\n|faint|p2a: Weezing\n|\n|-damage|p1a: Trevenant|235\/311 psn|[from] psn\n|upkeep\n|j| E63593\n|\n|t:|1663516887\n|switch|p2a: Magneton|Magneton|192\/241\n|-damage|p2a: Magneton|177\/241|[from] Stealth Rock\n|turn|16\n|inactive|tio_reuniclus has 120 seconds left.\n|\n|t:|1663516895\n|move|p2a: Magneton|Flash Cannon|p1a: Trevenant\n|-damage|p1a: Trevenant|0 fnt\n|faint|p1a: Trevenant\n|\n|upkeep\n|inactive|tio_reuniclus has 120 seconds left.\n|\n|t:|1663516901\n|switch|p1a: Gigalith|Gigalith, M|327\/374\n|-status|p1a: Gigalith|psn\n|-weather|Sandstorm|[from] ability: Sand Stream|[of] p1a: Gigalith\n|turn|17\n|\n|t:|1663516907\n|switch|p2a: Palossand|Palossand, F|358\/374\n|-damage|p2a: Palossand|335\/374|[from] Stealth Rock\n|move|p1a: Gigalith|Earthquake|p2a: Palossand\n|-damage|p2a: Palossand|268\/374\n|\n|-weather|Sandstorm|[upkeep]\n|-heal|p1a: Gigalith|350\/374 psn|[from] item: Leftovers\n|-damage|p1a: Gigalith|304\/374 psn|[from] psn\n|upkeep\n|turn|18\n|inactive|tio_reuniclus has 120 seconds left.\n|\n|t:|1663516924\n|switch|p1a: Lanturn|Lanturn, M|413\/413\n|-status|p1a: Lanturn|psn\n|move|p2a: Palossand|Earth Power|p1a: Lanturn\n|-supereffective|p1a: Lanturn\n|-damage|p1a: Lanturn|233\/413 psn\n|\n|-weather|Sandstorm|[upkeep]\n|-damage|p1a: Lanturn|208\/413 psn|[from] Sandstorm\n|-heal|p1a: Lanturn|233\/413 psn|[from] item: Leftovers\n|-damage|p1a: Lanturn|182\/413 psn|[from] psn\n|upkeep\n|turn|19\n|inactive|tio_reuniclus has 120 seconds left.\n|\n|t:|1663516947\n|switch|p2a: Hattrem|Hattrem, F|318\/318\n|-damage|p2a: Hattrem|279\/318|[from] Stealth Rock\n|move|p1a: Lanturn|Scald|p2a: Hattrem\n|-damage|p2a: Hattrem|213\/318\n|\n|-weather|Sandstorm|[upkeep]\n|-damage|p1a: Lanturn|157\/413 psn|[from] Sandstorm\n|-damage|p2a: Hattrem|194\/318|[from] Sandstorm\n|-heal|p1a: Lanturn|182\/413 psn|[from] item: Leftovers\n|-damage|p1a: Lanturn|131\/413 psn|[from] psn\n|upkeep\n|turn|20\n|inactive|tio_reuniclus has 120 seconds left.\n|\n|t:|1663516959\n|move|p1a: Lanturn|Volt Switch|p2a: Hattrem\n|-damage|p2a: Hattrem|136\/318\n|inactive|tio_reuniclus has 120 seconds left.\n|\n|t:|1663516966\n|switch|p1a: Hattrem|Hattrem, F|296\/318\n|-status|p1a: Hattrem|psn\n|move|p2a: Hattrem|Psychic|p1a: Hattrem\n|-resisted|p1a: Hattrem\n|-damage|p1a: Hattrem|254\/318 psn\n|\n|-weather|Sandstorm|[upkeep]\n|-damage|p2a: Hattrem|117\/318|[from] Sandstorm\n|-damage|p1a: Hattrem|235\/318 psn|[from] Sandstorm\n|-damage|p1a: Hattrem|196\/318 psn|[from] psn\n|upkeep\n|turn|21\n|inactive|tio_reuniclus has 120 seconds left.\n|\n|t:|1663516979\n|switch|p2a: Magneton|Magneton|177\/241\n|-damage|p2a: Magneton|162\/241|[from] Stealth Rock\n|move|p1a: Hattrem|Aromatherapy|p1a: Hattrem\n|-activate|p1a: Hattrem|move: Aromatherapy\n|-curestatus|p1a: Hattrem|psn|[msg]\n|-curestatus|p1: Lanturn|psn|[msg]\n|-curestatus|p1: Gigalith|psn|[msg]\n|\n|-weather|none\n|upkeep\n|turn|22\n|inactive|tio_reuniclus has 120 seconds left.\n|\n|t:|1663516992\n|move|p2a: Magneton|Flash Cannon|p1a: Hattrem\n|-damage|p1a: Hattrem|19\/318\n|move|p1a: Hattrem|Psychic|p2a: Magneton\n|-resisted|p2a: Magneton\n|-damage|p2a: Magneton|105\/241\n|-unboost|p2a: Magneton|spd|1\n|\n|upkeep\n|turn|23\n|\n|t:|1663516999\n|move|p2a: Magneton|Flash Cannon|p1a: Hattrem\n|-damage|p1a: Hattrem|0 fnt\n|faint|p1a: Hattrem\n|\n|upkeep\n|\n|t:|1663517005\n|switch|p1a: Jolteon|Jolteon, F|271\/271\n|turn|24\n|\n|t:|1663517009\n|switch|p2a: Lanturn|Lanturn, M|413\/413\n|-damage|p2a: Lanturn|362\/413|[from] Stealth Rock\n|move|p1a: Jolteon|Shadow Ball|p2a: Lanturn\n|-damage|p2a: Lanturn|292\/413\n|\n|-heal|p2a: Lanturn|317\/413|[from] item: Leftovers\n|upkeep\n|turn|25\n|\n|t:|1663517019\n|switch|p1a: Lanturn|Lanturn, M|131\/413\n|-status|p1a: Lanturn|psn\n|move|p2a: Lanturn|Toxic||[still]\n|-fail|p2a: Lanturn\n|\n|-heal|p2a: Lanturn|342\/413|[from] item: Leftovers\n|-heal|p1a: Lanturn|156\/413 psn|[from] item: Leftovers\n|-damage|p1a: Lanturn|105\/413 psn|[from] psn\n|upkeep\n|turn|26\n|\n|t:|1663517034\n|switch|p2a: Hattrem|Hattrem, F|117\/318\n|-damage|p2a: Hattrem|78\/318|[from] Stealth Rock\n|move|p1a: Lanturn|Scald|p2a: Hattrem\n|-damage|p2a: Hattrem|8\/318\n|\n|-heal|p1a: Lanturn|130\/413 psn|[from] item: Leftovers\n|-damage|p1a: Lanturn|79\/413 psn|[from] psn\n|upkeep\n|turn|27\n|\n|t:|1663517047\n|move|p1a: Lanturn|Volt Switch|p2a: Hattrem\n|-damage|p2a: Hattrem|0 fnt\n|faint|p2a: Hattrem\n|\n|t:|1663517056\n|switch|p1a: Jolteon|Jolteon, F|271\/271\n|\n|upkeep\n|\n|t:|1663517070\n|switch|p2a: Lanturn|Lanturn, M|342\/413\n|-damage|p2a: Lanturn|291\/413|[from] Stealth Rock\n|turn|28\n|\n|t:|1663517087\n|move|p1a: Jolteon|Shadow Ball|p2a: Lanturn\n|-damage|p2a: Lanturn|220\/413\n|-unboost|p2a: Lanturn|spd|1\n|move|p2a: Lanturn|Toxic|p1a: Jolteon\n|-status|p1a: Jolteon|tox\n|\n|-heal|p2a: Lanturn|245\/413|[from] item: Leftovers\n|-damage|p1a: Jolteon|255\/271 tox|[from] psn\n|upkeep\n|turn|29\n|\n|t:|1663517106\n|move|p1a: Jolteon|Heal Bell|p1a: Jolteon\n|-activate|p1a: Jolteon|move: Heal Bell\n|-curestatus|p1a: Jolteon|tox|[msg]\n|-curestatus|p1: Lanturn|psn|[msg]\n|move|p2a: Lanturn|Scald|p1a: Jolteon\n|-damage|p1a: Jolteon|182\/271\n|\n|-heal|p2a: Lanturn|270\/413|[from] item: Leftovers\n|upkeep\n|turn|30\n|\n|t:|1663517117\n|switch|p2a: Magneton|Magneton|105\/241\n|-damage|p2a: Magneton|90\/241|[from] Stealth Rock\n|move|p1a: Jolteon|Shadow Ball|p2a: Magneton\n|-damage|p2a: Magneton|0 fnt\n|faint|p2a: Magneton\n|\n|upkeep\n|\n|t:|1663517124\n|switch|p2a: Silvally|Silvally-Fairy|394\/394\n|-damage|p2a: Silvally|345\/394|[from] Stealth Rock\n|turn|31\n|\n|t:|1663517132\n|move|p1a: Jolteon|Volt Switch|p2a: Silvally\n|-damage|p2a: Silvally|230\/394\n|\n|t:|1663517136\n|switch|p1a: Gigalith|Gigalith, M|304\/374\n|-status|p1a: Gigalith|psn\n|-weather|Sandstorm|[from] ability: Sand Stream|[of] p1a: Gigalith\n|move|p2a: Silvally|Multi-Attack|p1a: Gigalith\n|-damage|p1a: Gigalith|202\/374 psn\n|\n|-weather|Sandstorm|[upkeep]\n|-damage|p2a: Silvally|206\/394|[from] Sandstorm\n|-heal|p1a: Gigalith|225\/374 psn|[from] item: Leftovers\n|-damage|p1a: Gigalith|179\/374 psn|[from] psn\n|upkeep\n|turn|32\n|\n|t:|1663517149\n|move|p2a: Silvally|Parting Shot|p1a: Gigalith\n|-unboost|p1a: Gigalith|atk|1\n|-unboost|p1a: Gigalith|spa|1\n|\n|t:|1663517152\n|switch|p2a: Palossand|Palossand, F|268\/374\n|-damage|p2a: Palossand|245\/374|[from] Stealth Rock\n|move|p1a: Gigalith|Earthquake|p2a: Palossand\n|-damage|p2a: Palossand|197\/374\n|\n|-weather|Sandstorm|[upkeep]\n|-heal|p1a: Gigalith|202\/374 psn|[from] item: Leftovers\n|-damage|p1a: Gigalith|156\/374 psn|[from] psn\n|upkeep\n|turn|33\n|\n|t:|1663517165\n|move|p2a: Palossand|Shore Up|p2a: Palossand\n|-heal|p2a: Palossand|374\/374\n|move|p1a: Gigalith|Earthquake|p2a: Palossand\n|-damage|p2a: Palossand|325\/374\n|\n|-weather|Sandstorm|[upkeep]\n|-heal|p1a: Gigalith|179\/374 psn|[from] item: Leftovers\n|-damage|p1a: Gigalith|133\/374 psn|[from] psn\n|upkeep\n|turn|34\n|l| natirutsreggaepo\n|\n|t:|1663517174\n|move|p2a: Palossand|Stealth Rock|p1a: Gigalith\n|-sidestart|p1: tio_reuniclus|move: Stealth Rock\n|move|p1a: Gigalith|Earthquake|p2a: Palossand\n|-damage|p2a: Palossand|280\/374\n|\n|-weather|Sandstorm|[upkeep]\n|-heal|p1a: Gigalith|156\/374 psn|[from] item: Leftovers\n|-damage|p1a: Gigalith|110\/374 psn|[from] psn\n|upkeep\n|turn|35\n|j| natirutsreggaepo\n|\n|t:|1663517182\n|move|p2a: Palossand|Shore Up|p2a: Palossand\n|-heal|p2a: Palossand|374\/374\n|move|p1a: Gigalith|Earthquake|p2a: Palossand\n|-damage|p2a: Palossand|331\/374\n|\n|-weather|none\n|-heal|p1a: Gigalith|133\/374 psn|[from] item: Leftovers\n|-damage|p1a: Gigalith|87\/374 psn|[from] psn\n|upkeep\n|turn|36\n|l| E63593\n|\n|t:|1663517190\n|move|p2a: Palossand|Earth Power|p1a: Gigalith\n|-supereffective|p1a: Gigalith\n|-damage|p1a: Gigalith|0 fnt\n|faint|p1a: Gigalith\n|\n|upkeep\n|\n|t:|1663517200\n|switch|p1a: Lanturn|Lanturn, M|79\/413\n|-status|p1a: Lanturn|psn\n|-damage|p1a: Lanturn|28\/413 psn|[from] Stealth Rock\n|turn|37\n|\n|t:|1663517209\n|switch|p2a: Lanturn|Lanturn, M|270\/413\n|-damage|p2a: Lanturn|219\/413|[from] Stealth Rock\n|move|p1a: Lanturn|Scald|p2a: Lanturn\n|-resisted|p2a: Lanturn\n|-damage|p2a: Lanturn|189\/413\n|\n|-heal|p2a: Lanturn|214\/413|[from] item: Leftovers\n|-heal|p1a: Lanturn|53\/413 psn|[from] item: Leftovers\n|-damage|p1a: Lanturn|2\/413 psn|[from] psn\n|upkeep\n|turn|38\n|\n|t:|1663517220\n|move|p2a: Lanturn|Scald|p1a: Lanturn\n|-resisted|p1a: Lanturn\n|-damage|p1a: Lanturn|0 fnt\n|faint|p1a: Lanturn\n|\n|-heal|p2a: Lanturn|239\/413|[from] item: Leftovers\n|upkeep\n|\n|t:|1663517226\n|switch|p1a: Jolteon|Jolteon, F|182\/271\n|turn|39\n|\n|t:|1663517233\n|move|p1a: Jolteon|Shadow Ball|p2a: Lanturn\n|-damage|p2a: Lanturn|167\/413\n|move|p2a: Lanturn|Toxic|p1a: Jolteon\n|-status|p1a: Jolteon|tox\n|\n|-heal|p2a: Lanturn|192\/413|[from] item: Leftovers\n|-damage|p1a: Jolteon|166\/271 tox|[from] psn\n|upkeep\n|turn|40\n|\n|t:|1663517242\n|move|p1a: Jolteon|Heal Bell|p1a: Jolteon\n|-activate|p1a: Jolteon|move: Heal Bell\n|-curestatus|p1a: Jolteon|tox|[msg]\n|move|p2a: Lanturn|Scald|p1a: Jolteon\n|-damage|p1a: Jolteon|81\/271\n|-status|p1a: Jolteon|brn\n|\n|-heal|p2a: Lanturn|217\/413|[from] item: Leftovers\n|-damage|p1a: Jolteon|65\/271 brn|[from] brn\n|upkeep\n|turn|41\n|\n|t:|1663517252\n|move|p1a: Jolteon|Shadow Ball|p2a: Lanturn\n|-damage|p2a: Lanturn|142\/413\n|move|p2a: Lanturn|Scald|p1a: Jolteon\n|-damage|p1a: Jolteon|0 fnt\n|faint|p1a: Jolteon\n|\n|win|H4WT \u2605\n|n|\u2606tio_reuniclus|tioreuniclus\n|n|\u2606H4WT \u2605|h4wt\n|n| natirutsreggaepo|natirutsreggaepo\n","uploadtime":1663517253,"views":0,"p1id":"tioreuniclus","p2id":"h4wt","formatid":"gen8battlefactory","rating":0,"private":0,"password":null}