{"id":"gen8ou-1685146572","p1":"himynametay","p2":"cucumber22","format":"gen8ou","log":"|html|<div class=\"broadcast-blue\"><strong>[Gen 8] OU is currently suspecting Melmetal! For information on how to participate check out the <a href=\"https:\/\/www.smogon.com\/forums\/threads\/np-ss-ou-suspect-process-round-12-monster-mash.3709234\/\">suspect thread<\/a>.<\/strong><\/div>\n|j|\u203dhimynametay\n|j|\u203dcucumber22\n|t:|1665701437\n|gametype|singles\n|player|p1|himynametay|elesa|1712\n|player|p2|cucumber22|dancer|1801\n|teamsize|p1|6\n|teamsize|p2|6\n|gen|8\n|tier|[Gen 8] OU\n|rated|\n|rule|Sleep Clause Mod: Limit one foe put to sleep\n|rule|Species Clause: Limit one of each Pok\u00e9mon\n|rule|OHKO Clause: OHKO moves are banned\n|rule|Evasion Items Clause: Evasion items are banned\n|rule|Evasion Moves Clause: Evasion moves are banned\n|rule|Endless Battle Clause: Forcing endless battles is banned\n|rule|HP Percentage Mod: HP is shown in percentages\n|rule|Dynamax Clause: You cannot dynamax\n|clearpoke\n|poke|p1|Slowking-Galar, F|\n|poke|p1|Urshifu-*, F|\n|poke|p1|Garchomp, M|\n|poke|p1|Weavile, F|\n|poke|p1|Corviknight, M|\n|poke|p1|Rillaboom, M|\n|poke|p2|Aegislash, M|\n|poke|p2|Buzzwole|\n|poke|p2|Landorus-Therian, M|\n|poke|p2|Heatran, F|\n|poke|p2|Hydreigon, F|\n|poke|p2|Tapu Fini|\n|teampreview\n|\n|t:|1665701448\n|start\n|switch|p1a: Urshifu|Urshifu-Rapid-Strike, F|100\/100\n|switch|p2a: Hydreigon|Hydreigon, F|100\/100\n|turn|1\n|\n|t:|1665701458\n|switch|p1a: Slowking|Slowking-Galar, F|100\/100\n|move|p2a: Hydreigon|Draco Meteor|p1a: Slowking\n|-damage|p1a: Slowking|67\/100\n|-unboost|p2a: Hydreigon|spa|2\n|\n|upkeep\n|turn|2\n|j| Jongruenwald\n|\n|t:|1665701471\n|switch|p2a: Heatran|Heatran, F|100\/100\n|move|p1a: Slowking|Future Sight|p2a: Heatran\n|-start|p1a: Slowking|move: Future Sight\n|\n|upkeep\n|turn|3\n|inactive|Battle timer is ON: inactive players will automatically lose when time's up. (requested by himynametay)\n|\n|t:|1665701480\n|switch|p1a: Garchomp|Garchomp, M|100\/100\n|move|p2a: Heatran|Solar Beam||[still]\n|-prepare|p2a: Heatran|Solar Beam\n|-enditem|p2a: Heatran|Power Herb\n|-anim|p2a: Heatran|Solar Beam|p1a: Garchomp\n|-damage|p1a: Garchomp|70\/100\n|\n|-heal|p1a: Garchomp|76\/100|[from] item: Leftovers\n|upkeep\n|turn|4\n|\n|t:|1665701491\n|switch|p2a: Landorus|Landorus-Therian, M|100\/100\n|-ability|p2a: Landorus|Intimidate|boost\n|-unboost|p1a: Garchomp|atk|1\n|move|p1a: Garchomp|Dragon Tail|p2a: Landorus\n|-damage|p2a: Landorus|83\/100\n|drag|p2a: Aegislash|Aegislash, M|100\/100\n|\n|-end|p2a: Aegislash|move: Future Sight\n|-resisted|p2a: Aegislash\n|-damage|p2a: Aegislash|80\/100\n|-heal|p1a: Garchomp|83\/100|[from] item: Leftovers\n|upkeep\n|turn|5\n|\n|t:|1665701501\n|switch|p2a: Hydreigon|Hydreigon, F|100\/100\n|move|p1a: Garchomp|Stealth Rock|p2a: Hydreigon\n|-sidestart|p2: cucumber22|move: Stealth Rock\n|\n|-heal|p1a: Garchomp|89\/100|[from] item: Leftovers\n|upkeep\n|turn|6\n|\n|t:|1665701505\n|switch|p1a: Slowking|Slowking-Galar, F|99\/100\n|move|p2a: Hydreigon|Nasty Plot|p2a: Hydreigon\n|-boost|p2a: Hydreigon|spa|2\n|\n|upkeep\n|turn|7\n|\n|t:|1665701532\n|switch|p1a: Rillaboom|Rillaboom, M|100\/100\n|-fieldstart|move: Grassy Terrain|[from] ability: Grassy Surge|[of] p1a: Rillaboom\n|move|p2a: Hydreigon|Dark Pulse|p1a: Rillaboom\n|-damage|p1a: Rillaboom|9\/100\n|\n|-heal|p1a: Rillaboom|15\/100|[from] Grassy Terrain\n|-heal|p1a: Rillaboom|21\/100|[from] item: Leftovers\n|upkeep\n|turn|8\n|\n|t:|1665701535\n|move|p1a: Rillaboom|Grassy Glide|p2a: Hydreigon\n|-resisted|p2a: Hydreigon\n|-damage|p2a: Hydreigon|74\/100\n|move|p2a: Hydreigon|Dark Pulse|p1a: Rillaboom\n|-damage|p1a: Rillaboom|0 fnt\n|faint|p1a: Rillaboom\n|\n|upkeep\n|\n|t:|1665701537\n|switch|p1a: Weavile|Weavile, F|100\/100\n|-ability|p1a: Weavile|Pressure\n|turn|9\n|\n|t:|1665701541\n|switch|p2a: Buzzwole|Buzzwole|100\/100\n|move|p1a: Weavile|Triple Axel|p2a: Buzzwole|[miss]\n|-miss|p1a: Weavile|p2a: Buzzwole\n|\n|upkeep\n|turn|10\n|\n|t:|1665701550\n|switch|p1a: Corviknight|Corviknight, M|100\/100\n|-ability|p1a: Corviknight|Pressure\n|switch|p2a: Aegislash|Aegislash, M|80\/100\n|-damage|p2a: Aegislash|74\/100|[from] Stealth Rock\n|\n|-heal|p2a: Aegislash|80\/100|[from] Grassy Terrain\n|upkeep\n|turn|11\n|\n|t:|1665701553\n|move|p2a: Aegislash|Swords Dance|p2a: Aegislash\n|-boost|p2a: Aegislash|atk|2\n|move|p1a: Corviknight|U-turn|p2a: Aegislash\n|-resisted|p2a: Aegislash\n|-damage|p2a: Aegislash|77\/100\n|\n|t:|1665701580\n|switch|p1a: Weavile|Weavile, F|100\/100|[from]move: U-turn\n|-ability|p1a: Weavile|Pressure\n|\n|-heal|p2a: Aegislash|83\/100|[from] Grassy Terrain\n|-fieldend|move: Grassy Terrain\n|upkeep\n|turn|12\n|\n|t:|1665701583\n|switch|p2a: Buzzwole|Buzzwole|100\/100\n|move|p1a: Weavile|Knock Off|p2a: Buzzwole\n|-resisted|p2a: Buzzwole\n|-damage|p2a: Buzzwole|89\/100\n|-enditem|p2a: Buzzwole|Heavy-Duty Boots|[from] move: Knock Off|[of] p1a: Weavile\n|\n|upkeep\n|turn|13\n|j| TeslaTheJolteon\n|\n|t:|1665701588\n|switch|p1a: Corviknight|Corviknight, M|100\/100\n|-ability|p1a: Corviknight|Pressure\n|move|p2a: Buzzwole|Ice Punch|p1a: Corviknight\n|-damage|p1a: Corviknight|86\/100\n|-damage|p2a: Buzzwole|73\/100|[from] item: Rocky Helmet|[of] p1a: Corviknight\n|\n|upkeep\n|turn|14\n|j| cypherstest\n|\n|t:|1665701597\n|move|p2a: Buzzwole|Roost|p2a: Buzzwole\n|-heal|p2a: Buzzwole|100\/100\n|-singleturn|p2a: Buzzwole|move: Roost\n|move|p1a: Corviknight|U-turn|p2a: Buzzwole\n|-resisted|p2a: Buzzwole\n|-damage|p2a: Buzzwole|97\/100\n|\n|t:|1665701601\n|switch|p1a: Slowking|Slowking-Galar, F|100\/100|[from]move: U-turn\n|\n|upkeep\n|turn|15\n|\n|t:|1665701607\n|switch|p2a: Landorus|Landorus-Therian, M|83\/100\n|-damage|p2a: Landorus|71\/100|[from] Stealth Rock\n|-ability|p2a: Landorus|Intimidate|boost\n|-unboost|p1a: Slowking|atk|1\n|move|p1a: Slowking|Future Sight|p2a: Landorus\n|-start|p1a: Slowking|move: Future Sight\n|\n|-heal|p2a: Landorus|77\/100|[from] item: Leftovers\n|upkeep\n|turn|16\n|\n|t:|1665701609\n|switch|p1a: Corviknight|Corviknight, M|86\/100\n|-ability|p1a: Corviknight|Pressure\n|move|p2a: Landorus|Stealth Rock|p1a: Corviknight\n|-sidestart|p1: himynametay|move: Stealth Rock\n|\n|-heal|p2a: Landorus|83\/100|[from] item: Leftovers\n|upkeep\n|turn|17\n|\n|t:|1665701615\n|move|p2a: Landorus|Knock Off|p1a: Corviknight\n|-crit|p1a: Corviknight\n|-damage|p1a: Corviknight|60\/100\n|-damage|p2a: Landorus|66\/100|[from] item: Rocky Helmet|[of] p1a: Corviknight\n|-enditem|p1a: Corviknight|Rocky Helmet|[from] move: Knock Off|[of] p2a: Landorus\n|move|p1a: Corviknight|U-turn|p2a: Landorus\n|-resisted|p2a: Landorus\n|-damage|p2a: Landorus|59\/100\n|\n|t:|1665701618\n|switch|p1a: Urshifu|Urshifu-Rapid-Strike, F|100\/100|[from]move: U-turn\n|-damage|p1a: Urshifu|94\/100|[from] Stealth Rock\n|\n|-end|p2a: Landorus|move: Future Sight\n|-damage|p2a: Landorus|24\/100\n|-heal|p2a: Landorus|30\/100|[from] item: Leftovers\n|upkeep\n|turn|18\n|\n|t:|1665701627\n|switch|p2a: Tapu Fini|Tapu Fini|100\/100\n|-damage|p2a: Tapu Fini|88\/100|[from] Stealth Rock\n|-fieldstart|move: Misty Terrain|[from] ability: Misty Surge|[of] p2a: Tapu Fini\n|move|p1a: Urshifu|Surging Strikes|p2a: Tapu Fini\n|-resisted|p2a: Tapu Fini\n|-crit|p2a: Tapu Fini\n|-damage|p2a: Tapu Fini|72\/100\n|-resisted|p2a: Tapu Fini\n|-crit|p2a: Tapu Fini\n|-damage|p2a: Tapu Fini|56\/100\n|-resisted|p2a: Tapu Fini\n|-crit|p2a: Tapu Fini\n|-damage|p2a: Tapu Fini|41\/100\n|-hitcount|p2a: Tapu Fini|3\n|\n|upkeep\n|turn|19\n|\n|t:|1665701634\n|switch|p1a: Slowking|Slowking-Galar, F|100\/100\n|-damage|p1a: Slowking|88\/100|[from] Stealth Rock\n|move|p2a: Tapu Fini|Trick|p1a: Slowking\n|-activate|p2a: Tapu Fini|move: Trick|[of] p1a: Slowking\n|-item|p1a: Slowking|Choice Scarf|[from] move: Trick\n|-item|p2a: Tapu Fini|Assault Vest|[from] move: Trick\n|\n|upkeep\n|turn|20\n|\n|t:|1665701650\n|switch|p2a: Hydreigon|Hydreigon, F|74\/100\n|-damage|p2a: Hydreigon|61\/100|[from] Stealth Rock\n|switch|p1a: Weavile|Weavile, F|100\/100\n|-ability|p1a: Weavile|Pressure\n|\n|upkeep\n|turn|21\n|\n|t:|1665701653\n|switch|p2a: Buzzwole|Buzzwole|97\/100\n|-damage|p2a: Buzzwole|85\/100|[from] Stealth Rock\n|move|p1a: Weavile|Triple Axel|p2a: Buzzwole\n|-crit|p2a: Buzzwole\n|-damage|p2a: Buzzwole|76\/100\n|-damage|p2a: Buzzwole|66\/100\n|-damage|p2a: Buzzwole|51\/100\n|-hitcount|p2a: Buzzwole|3\n|\n|upkeep\n|turn|22\n|\n|t:|1665701658\n|switch|p1a: Slowking|Slowking-Galar, F|100\/100\n|-damage|p1a: Slowking|88\/100|[from] Stealth Rock\n|move|p2a: Buzzwole|Roost|p2a: Buzzwole\n|-heal|p2a: Buzzwole|100\/100\n|-singleturn|p2a: Buzzwole|move: Roost\n|\n|-fieldend|Misty Terrain\n|upkeep\n|turn|23\n|\n|t:|1665701664\n|switch|p2a: Heatran|Heatran, F|100\/100\n|-damage|p2a: Heatran|88\/100|[from] Stealth Rock\n|switch|p1a: Urshifu|Urshifu-Rapid-Strike, F|94\/100\n|-damage|p1a: Urshifu|88\/100|[from] Stealth Rock\n|\n|upkeep\n|turn|24\n|\n|t:|1665701675\n|switch|p2a: Tapu Fini|Tapu Fini|41\/100\n|-damage|p2a: Tapu Fini|28\/100|[from] Stealth Rock\n|-fieldstart|move: Misty Terrain|[from] ability: Misty Surge|[of] p2a: Tapu Fini\n|move|p1a: Urshifu|Surging Strikes|p2a: Tapu Fini\n|-resisted|p2a: Tapu Fini\n|-crit|p2a: Tapu Fini\n|-damage|p2a: Tapu Fini|13\/100\n|-resisted|p2a: Tapu Fini\n|-crit|p2a: Tapu Fini\n|-damage|p2a: Tapu Fini|0 fnt\n|faint|p2a: Tapu Fini\n|-hitcount|p2: Tapu Fini|2\n|\n|upkeep\n|\n|t:|1665701680\n|switch|p2a: Buzzwole|Buzzwole|100\/100\n|-damage|p2a: Buzzwole|88\/100|[from] Stealth Rock\n|turn|25\n|\n|t:|1665701689\n|switch|p1a: Slowking|Slowking-Galar, F|100\/100\n|-damage|p1a: Slowking|88\/100|[from] Stealth Rock\n|move|p2a: Buzzwole|Close Combat|p1a: Slowking\n|-resisted|p1a: Slowking\n|-damage|p1a: Slowking|74\/100\n|-unboost|p2a: Buzzwole|def|1\n|-unboost|p2a: Buzzwole|spd|1\n|\n|upkeep\n|turn|26\n|j| ISimpForIono\n|\n|t:|1665701694\n|switch|p2a: Hydreigon|Hydreigon, F|61\/100\n|-damage|p2a: Hydreigon|49\/100|[from] Stealth Rock\n|switch|p1a: Urshifu|Urshifu-Rapid-Strike, F|88\/100\n|-damage|p1a: Urshifu|82\/100|[from] Stealth Rock\n|\n|upkeep\n|turn|27\n|\n|t:|1665701701\n|move|p2a: Hydreigon|Draco Meteor|p1a: Urshifu\n|-damage|p1a: Urshifu|19\/100\n|-unboost|p2a: Hydreigon|spa|2\n|move|p1a: Urshifu|Surging Strikes|p2a: Hydreigon\n|-resisted|p2a: Hydreigon\n|-crit|p2a: Hydreigon\n|-damage|p2a: Hydreigon|32\/100\n|-resisted|p2a: Hydreigon\n|-crit|p2a: Hydreigon\n|-damage|p2a: Hydreigon|14\/100\n|-resisted|p2a: Hydreigon\n|-crit|p2a: Hydreigon\n|-damage|p2a: Hydreigon|0 fnt\n|faint|p2a: Hydreigon\n|-hitcount|p2: Hydreigon|3\n|\n|upkeep\n|\n|t:|1665701714\n|switch|p2a: Aegislash|Aegislash, M|83\/100\n|-damage|p2a: Aegislash|77\/100|[from] Stealth Rock\n|turn|28\n|\n|t:|1665701720\n|switch|p1a: Garchomp|Garchomp, M|89\/100\n|-damage|p1a: Garchomp|83\/100|[from] Stealth Rock\n|-formechange|p2a: Aegislash|Aegislash-Blade||[from] ability: Stance Change\n|move|p2a: Aegislash|Shadow Claw|p1a: Garchomp\n|-damage|p1a: Garchomp|47\/100\n|-damage|p2a: Aegislash|65\/100|[from] ability: Rough Skin|[of] p1a: Garchomp\n|\n|-heal|p1a: Garchomp|53\/100|[from] item: Leftovers\n|-fieldend|Misty Terrain\n|upkeep\n|turn|29\n|\n|t:|1665701731\n|switch|p2a: Buzzwole|Buzzwole|88\/100\n|-damage|p2a: Buzzwole|76\/100|[from] Stealth Rock\n|move|p1a: Garchomp|Toxic|p2a: Buzzwole\n|-status|p2a: Buzzwole|tox\n|\n|-heal|p1a: Garchomp|59\/100|[from] item: Leftovers\n|-damage|p2a: Buzzwole|70\/100 tox|[from] psn\n|upkeep\n|turn|30\n|\n|t:|1665701736\n|switch|p1a: Slowking|Slowking-Galar, F|100\/100\n|-damage|p1a: Slowking|88\/100|[from] Stealth Rock\n|move|p2a: Buzzwole|Ice Punch|p1a: Slowking\n|-damage|p1a: Slowking|64\/100\n|\n|-damage|p2a: Buzzwole|58\/100 tox|[from] psn\n|upkeep\n|turn|31\n|\n|t:|1665701741\n|switch|p2a: Heatran|Heatran, F|88\/100\n|-damage|p2a: Heatran|76\/100|[from] Stealth Rock\n|move|p1a: Slowking|Scald|p2a: Heatran\n|-supereffective|p2a: Heatran\n|-damage|p2a: Heatran|29\/100\n|\n|upkeep\n|turn|32\n|\n|t:|1665701747\n|move|p2a: Heatran|Earth Power|p1a: Slowking\n|-supereffective|p1a: Slowking\n|-damage|p1a: Slowking|19\/100\n|move|p1a: Slowking|Scald|p2a: Heatran\n|-supereffective|p2a: Heatran\n|-damage|p2a: Heatran|0 fnt\n|faint|p2a: Heatran\n|\n|upkeep\n|-message|cucumber22 forfeited.\n|\n|win|himynametay\n|raw|himynametay's rating: 1689 &rarr; <strong>1715<\/strong><br \/>(+26 for winning)\n|raw|cucumber22's rating: 1801 &rarr; <strong>1775<\/strong><br \/>(-26 for losing)\n|l|\u203dcucumber22\n|l| cypherstest\n||Ladder isn't responding, score probably updated but might not have (Request timeout).\n","uploadtime":1665701763,"views":22,"p1id":"himynametay","p2id":"cucumber22","formatid":"gen8ou","rating":1715,"private":0,"password":null}