{"id":"gen8ou-1176295220","p1":"LT73IU Mich","p2":"ranitidine","format":"gen8ou","log":"|raw|<div class=\"broadcast-blue\"><strong>This battle is required to be public due to a player having a name starting with 'LT73IU'.<\/div>\n|j|\u2606LT73IU Mich\n|j|\u2606ranitidine\n|t:|1598535054\n|player|p1|LT73IU Mich|skier|1791\n|player|p2|ranitidine|101|1764\n|teamsize|p1|6\n|teamsize|p2|6\n|gametype|singles\n|gen|8\n|tier|[Gen 8] OU\n|rated|\n|clearpoke\n|poke|p1|Magnezone|\n|poke|p1|Azumarill, M|\n|poke|p1|Rillaboom, F|\n|poke|p1|Hatterene, F|\n|poke|p1|Urshifu-*, M|\n|poke|p1|Jirachi|\n|poke|p2|Kyurem|\n|poke|p2|Rhyperior, F|\n|poke|p2|Clefable, M|\n|poke|p2|Ferrothorn, M|\n|poke|p2|Rotom-Heat|\n|poke|p2|Dragapult, M|\n|rule|Sleep Clause Mod: Limit one foe put to sleep\n|rule|Species Clause: Limit one of each Pok\u00e9mon\n|rule|OHKO Clause: OHKO moves are banned\n|rule|Evasion Moves Clause: Evasion moves are banned\n|rule|Endless Battle Clause: Forcing endless battles is banned\n|rule|HP Percentage Mod: HP is shown in percentages\n|rule|Dynamax Clause: You cannot dynamax\n|teampreview\n|j| Gatorman409\n|\n|t:|1598535078\n|start\n|switch|p1a: spades|Urshifu, M|100\/100\n|switch|p2a: Ferrothorn|Ferrothorn, M|100\/100\n|turn|1\n|\n|t:|1598535084\n|move|p1a: spades|Drain Punch|p2a: Ferrothorn\n|-supereffective|p2a: Ferrothorn\n|-damage|p2a: Ferrothorn|27\/100\n|-damage|p1a: spades|88\/100|[from] ability: Iron Barbs|[of] p2a: Ferrothorn\n|move|p2a: Ferrothorn|Body Press|p1a: spades\n|-supereffective|p1a: spades\n|-damage|p1a: spades|27\/100\n|\n|-heal|p2a: Ferrothorn|33\/100|[from] item: Leftovers\n|upkeep\n|turn|2\n|\n|t:|1598535090\n|switch|p1a: blades|Jirachi|100\/100\n|switch|p2a: Clefable|Clefable, M|100\/100\n|\n|upkeep\n|turn|3\n|\n|t:|1598535092\n|move|p1a: blades|Stealth Rock|p2a: Clefable\n|-sidestart|p2: ranitidine|move: Stealth Rock\n|move|p2a: Clefable|Trick|p1a: blades\n|-activate|p2a: Clefable|move: Trick|[of] p1a: blades\n|-item|p1a: blades|Choice Scarf|[from] move: Trick\n|-item|p2a: Clefable|Colbur Berry|[from] move: Trick\n|\n|upkeep\n|turn|4\n|\n|t:|1598535108\n|switch|p2a: Rotom|Rotom-Heat|100\/100\n|move|p1a: blades|Iron Head|p2a: Rotom\n|-resisted|p2a: Rotom\n|-damage|p2a: Rotom|92\/100\n|\n|upkeep\n|turn|5\n|j| Windows 98 SE\n|\n|t:|1598535112\n|move|p1a: blades|Iron Head|p2a: Rotom\n|-resisted|p2a: Rotom\n|-damage|p2a: Rotom|83\/100\n|cant|p2a: Rotom|flinch\n|\n|upkeep\n|turn|6\n|\n|t:|1598535114\n|switch|p1a: serenades|Azumarill, M|100\/100\n|move|p2a: Rotom|Defog|p1a: serenades\n|-unboost|p1a: serenades|evasion|1\n|-sideend|p2: ranitidine|Stealth Rock|[from] move: Defog|[of] p2a: Rotom\n|\n|upkeep\n|turn|7\n|\n|t:|1598535119\n|move|p1a: serenades|Aqua Jet|p2a: Rotom\n|-supereffective|p2a: Rotom\n|-damage|p2a: Rotom|27\/100\n|move|p2a: Rotom|Volt Switch|p1a: serenades\n|-supereffective|p1a: serenades\n|-damage|p1a: serenades|35\/100\n|-enditem|p1a: serenades|Sitrus Berry|[eat]\n|-heal|p1a: serenades|60\/100|[from] item: Sitrus Berry\n|\n|t:|1598535126\n|switch|p2a: Kyurem|Kyurem|100\/100|[from]move: Volt Switch\n|-ability|p2a: Kyurem|Pressure\n|\n|upkeep\n|turn|8\n|\n|t:|1598535151\n|switch|p1a: renegades|Magnezone|100\/100\n|move|p2a: Kyurem|Focus Blast|p1a: renegades\n|-supereffective|p1a: renegades\n|-damage|p1a: renegades|0 fnt\n|faint|p1a: renegades\n|\n|upkeep\n|\n|t:|1598535156\n|switch|p1a: jades|Hatterene, F|100\/100\n|turn|9\n|\n|t:|1598535165\n|switch|p2a: Rhyperior|Rhyperior, F|100\/100\n|move|p1a: jades|Calm Mind|p1a: jades\n|-boost|p1a: jades|spa|1\n|-boost|p1a: jades|spd|1\n|\n|upkeep\n|turn|10\n|\n|t:|1598535176\n|move|p2a: Rhyperior|Earthquake|p1a: jades\n|-damage|p1a: jades|54\/100\n|move|p1a: jades|Draining Kiss|p2a: Rhyperior\n|-damage|p2a: Rhyperior|66\/100\n|-heal|p1a: jades|85\/100|[from] drain|[of] p2a: Rhyperior\n|\n|-heal|p2a: Rhyperior|72\/100|[from] item: Leftovers\n|-heal|p1a: jades|91\/100|[from] item: Leftovers\n|upkeep\n|turn|11\n|j| SilentTurb0\n|\n|t:|1598535181\n|move|p2a: Rhyperior|Swords Dance|p2a: Rhyperior\n|-boost|p2a: Rhyperior|atk|2\n|move|p1a: jades|Draining Kiss|p2a: Rhyperior\n|-damage|p2a: Rhyperior|39\/100\n|-heal|p1a: jades|100\/100|[from] drain|[of] p2a: Rhyperior\n|\n|-heal|p2a: Rhyperior|45\/100|[from] item: Leftovers\n|upkeep\n|turn|12\n|\n|t:|1598535185\n|switch|p1a: shades|Rillaboom, F|100\/100\n|-fieldstart|move: Grassy Terrain|[from] ability: Grassy Surge|[of] p1a: shades\n|move|p2a: Rhyperior|Heat Crash|p1a: shades\n|-supereffective|p1a: shades\n|-damage|p1a: shades|0 fnt\n|faint|p1a: shades\n|\n|-heal|p2a: Rhyperior|51\/100|[from] item: Leftovers\n|-heal|p2a: Rhyperior|57\/100|[from] Grassy Terrain\n|upkeep\n|\n|t:|1598535190\n|switch|p1a: spades|Urshifu, M|27\/100\n|turn|13\n|\n|t:|1598535193\n|move|p2a: Rhyperior|Protect|p2a: Rhyperior\n|-singleturn|p2a: Rhyperior|Protect\n|move|p1a: spades|Poison Jab|p2a: Rhyperior\n|-resisted|p2a: Rhyperior\n|-damage|p2a: Rhyperior|49\/100\n|\n|-heal|p1a: spades|33\/100|[from] Grassy Terrain\n|-heal|p2a: Rhyperior|56\/100|[from] item: Leftovers\n|-heal|p2a: Rhyperior|62\/100|[from] Grassy Terrain\n|upkeep\n|turn|14\n|\n|t:|1598535198\n|switch|p1a: serenades|Azumarill, M|60\/100\n|move|p2a: Rhyperior|Earthquake|p1a: serenades\n|-damage|p1a: serenades|0 fnt\n|faint|p1a: serenades\n|\n|-heal|p2a: Rhyperior|68\/100|[from] item: Leftovers\n|-heal|p2a: Rhyperior|74\/100|[from] Grassy Terrain\n|upkeep\n|\n|t:|1598535201\n|switch|p1a: blades|Jirachi|100\/100\n|turn|15\n|\n|t:|1598535203\n|move|p2a: Rhyperior|Protect|p2a: Rhyperior\n|-singleturn|p2a: Rhyperior|Protect\n|move|p1a: blades|Iron Head|p2a: Rhyperior\n|-activate|p2a: Rhyperior|move: Protect\n|\n|-heal|p2a: Rhyperior|80\/100|[from] item: Leftovers\n|-heal|p2a: Rhyperior|87\/100|[from] Grassy Terrain\n|upkeep\n|turn|16\n|\n|t:|1598535206\n|switch|p1a: spades|Urshifu, M|33\/100\n|switch|p2a: Ferrothorn|Ferrothorn, M|33\/100\n|\n|-heal|p1a: spades|39\/100|[from] Grassy Terrain\n|-heal|p2a: Ferrothorn|39\/100|[from] item: Leftovers\n|-heal|p2a: Ferrothorn|45\/100|[from] Grassy Terrain\n|-fieldend|move: Grassy Terrain\n|upkeep\n|turn|17\n|\n|t:|1598535211\n|move|p1a: spades|Wicked Blow|p2a: Ferrothorn\n|-crit|p2a: Ferrothorn\n|-damage|p2a: Ferrothorn|0 fnt\n|-damage|p1a: spades|27\/100|[from] ability: Iron Barbs|[of] p2a: Ferrothorn\n|faint|p2a: Ferrothorn\n|\n|upkeep\n|\n|t:|1598535261\n|switch|p2a: Clefable|Clefable, M|100\/100\n|turn|18\n|\n|t:|1598535273\n|switch|p1a: blades|Jirachi|100\/100\n|move|p2a: Clefable|Moonblast|p1a: blades\n|-resisted|p1a: blades\n|-damage|p1a: blades|84\/100\n|-unboost|p1a: blades|spa|1\n|\n|upkeep\n|turn|19\n|\n|t:|1598535293\n|switch|p2a: Rotom|Rotom-Heat|27\/100\n|move|p1a: blades|Stealth Rock|p2a: Rotom\n|-sidestart|p2: ranitidine|move: Stealth Rock\n|\n|upkeep\n|turn|20\n|\n|t:|1598535310\n|switch|p1a: spades|Urshifu, M|27\/100\n|move|p2a: Rotom|Defog|p1a: spades\n|-unboost|p1a: spades|evasion|1\n|-sideend|p2: ranitidine|Stealth Rock|[from] move: Defog|[of] p2a: Rotom\n|\n|upkeep\n|turn|21\n|\n|t:|1598535317\n|switch|p2a: Clefable|Clefable, M|100\/100\n|move|p1a: spades|Poison Jab|p2a: Clefable\n|-supereffective|p2a: Clefable\n|-damage|p2a: Clefable|41\/100\n|\n|upkeep\n|turn|22\n|\n|t:|1598535324\n|switch|p1a: blades|Jirachi|84\/100\n|switch|p2a: Rhyperior|Rhyperior, F|87\/100\n|\n|-heal|p2a: Rhyperior|93\/100|[from] item: Leftovers\n|upkeep\n|turn|23\n|\n|t:|1598535327\n|move|p2a: Rhyperior|Protect|p2a: Rhyperior\n|-singleturn|p2a: Rhyperior|Protect\n|move|p1a: blades|Iron Head|p2a: Rhyperior\n|-activate|p2a: Rhyperior|move: Protect\n|\n|-heal|p2a: Rhyperior|99\/100|[from] item: Leftovers\n|upkeep\n|turn|24\n|\n|t:|1598535330\n|move|p1a: blades|Iron Head|p2a: Rhyperior\n|-supereffective|p2a: Rhyperior\n|-damage|p2a: Rhyperior|65\/100\n|cant|p2a: Rhyperior|flinch\n|\n|-heal|p2a: Rhyperior|71\/100|[from] item: Leftovers\n|upkeep\n|turn|25\n|\n|t:|1598535333\n|move|p2a: Rhyperior|Protect|p2a: Rhyperior\n|-singleturn|p2a: Rhyperior|Protect\n|move|p1a: blades|Iron Head|p2a: Rhyperior\n|-activate|p2a: Rhyperior|move: Protect\n|\n|-heal|p2a: Rhyperior|77\/100|[from] item: Leftovers\n|upkeep\n|turn|26\n|\n|t:|1598535344\n|move|p1a: blades|Iron Head|p2a: Rhyperior\n|-supereffective|p2a: Rhyperior\n|-damage|p2a: Rhyperior|43\/100\n|move|p2a: Rhyperior|Earthquake|p1a: blades\n|-supereffective|p1a: blades\n|-damage|p1a: blades|0 fnt\n|faint|p1a: blades\n|\n|-heal|p2a: Rhyperior|49\/100|[from] item: Leftovers\n|upkeep\n|\n|t:|1598535355\n|switch|p1a: spades|Urshifu, M|27\/100\n|turn|27\n|\n|t:|1598535360\n|switch|p2a: Rotom|Rotom-Heat|27\/100\n|move|p1a: spades|Drain Punch|p2a: Rotom\n|-damage|p2a: Rotom|0 fnt\n|-heal|p1a: spades|39\/100|[from] drain|[of] p2a: Rotom\n|faint|p2a: Rotom\n|\n|upkeep\n|\n|t:|1598535365\n|switch|p2a: Dragapult|Dragapult, M|100\/100\n|turn|28\n|\n|t:|1598535367\n|switch|p1a: jades|Hatterene, F|100\/100\n|move|p2a: Dragapult|Hex|p1a: jades\n|-supereffective|p1a: jades\n|-damage|p1a: jades|44\/100\n|\n|-heal|p1a: jades|50\/100|[from] item: Leftovers\n|upkeep\n|turn|29\n|\n|t:|1598535369\n|switch|p1a: spades|Urshifu, M|39\/100\n|move|p2a: Dragapult|Hex|p1a: spades\n|-resisted|p1a: spades\n|-damage|p1a: spades|20\/100\n|\n|upkeep\n|turn|30\n|\n|t:|1598535375\n|switch|p2a: Clefable|Clefable, M|41\/100\n|move|p1a: spades|Wicked Blow|p2a: Clefable\n|-resisted|p2a: Clefable\n|-crit|p2a: Clefable\n|-damage|p2a: Clefable|3\/100\n|\n|upkeep\n|turn|31\n|\n|t:|1598535377\n|move|p1a: spades|Wicked Blow|p2a: Clefable\n|-resisted|p2a: Clefable\n|-crit|p2a: Clefable\n|-damage|p2a: Clefable|0 fnt\n|faint|p2a: Clefable\n|\n|upkeep\n|\n|t:|1598535379\n|switch|p2a: Kyurem|Kyurem|100\/100\n|-ability|p2a: Kyurem|Pressure\n|turn|32\n|\n|t:|1598535384\n|move|p1a: spades|Wicked Blow|p2a: Kyurem\n|-crit|p2a: Kyurem\n|-damage|p2a: Kyurem|7\/100\n|move|p2a: Kyurem|Ice Beam|p1a: spades\n|-damage|p1a: spades|0 fnt\n|faint|p1a: spades\n|\n|upkeep\n|\n|t:|1598535386\n|switch|p1a: jades|Hatterene, F|50\/100\n|turn|33\n|\n|t:|1598535387\n|move|p2a: Kyurem|Ice Beam|p1a: jades\n|-damage|p1a: jades|0 fnt\n|faint|p1a: jades\n|\n|win|ranitidine\n|l|\u2606LT73IU Mich\n|raw|LT73IU Mich's rating: 1806 &rarr; <strong>1783<\/strong><br \/>(-23 for losing)\n|raw|ranitidine's rating: 1745 &rarr; <strong>1769<\/strong><br \/>(+24 for winning)\n","uploadtime":1598535392,"views":84,"p1id":"lt73iumich","p2id":"ranitidine","formatid":"gen8ou","rating":1769,"private":0,"password":null}