{"id":"gen8ou-1688352302","p1":"outd ho3n9","p2":"Vodyne","format":"gen8ou","log":"|html|<div class=\"broadcast-blue\"><strong>[Gen 8] OU is currently suspecting Melmetal! For information on how to participate check out the <a href=\"https:\/\/www.smogon.com\/forums\/threads\/np-ss-ou-suspect-process-round-12-monster-mash.3709234\/\">suspect thread<\/a>.<\/strong><\/div>\n|j|\u2606outd ho3n9\n|j|\u2606Vodyne\n|t:|1666056096\n|gametype|singles\n|player|p1|outd ho3n9|#scl2foxes|1542\n|player|p2|Vodyne|169|1531\n|teamsize|p1|6\n|teamsize|p2|6\n|gen|8\n|tier|[Gen 8] OU\n|rated|\n|rule|Sleep Clause Mod: Limit one foe put to sleep\n|rule|Species Clause: Limit one of each Pok\u00e9mon\n|rule|OHKO Clause: OHKO moves are banned\n|rule|Evasion Items Clause: Evasion items are banned\n|rule|Evasion Moves Clause: Evasion moves are banned\n|rule|Endless Battle Clause: Forcing endless battles is banned\n|rule|HP Percentage Mod: HP is shown in percentages\n|rule|Dynamax Clause: You cannot dynamax\n|clearpoke\n|poke|p1|Volcanion|\n|poke|p1|Ninetales-Alola, M|\n|poke|p1|Corviknight, M|\n|poke|p1|Arctozolt|\n|poke|p1|Landorus-Therian, M|\n|poke|p1|Tornadus-Therian, M|\n|poke|p2|Snorlax, F|\n|poke|p2|Suicune|\n|poke|p2|Melmetal|\n|poke|p2|Victini|\n|poke|p2|Landorus-Therian, M|\n|poke|p2|Zapdos|\n|teampreview\n|c|\u2606Vodyne|hf\n|c|\u2606Vodyne|you get reqs yet?\n|\n|t:|1666056114\n|start\n|switch|p1a: Ninetales|Ninetales-Alola, M|100\/100\n|switch|p2a: Landorus|Landorus-Therian, M|100\/100\n|-ability|p2a: Landorus|Intimidate|boost\n|-unboost|p1a: Ninetales|atk|1\n|-weather|Hail|[from] ability: Snow Warning|[of] p1a: Ninetales\n|turn|1\n|\n|t:|1666056120\n|move|p2a: Landorus|Stone Edge|p1a: Ninetales\n|-supereffective|p1a: Ninetales\n|-damage|p1a: Ninetales|0 fnt\n|faint|p1a: Ninetales\n|\n|-weather|Hail|[upkeep]\n|-damage|p2a: Landorus|95\/100|[from] Hail\n|upkeep\n|\n|t:|1666056122\n|switch|p1a: Arctozolt|Arctozolt|100\/100\n|turn|2\n|inactive|Battle timer is ON: inactive players will automatically lose when time's up. (requested by Vodyne)\n|\n|t:|1666056131\n|switch|p2a: Snorlax|Snorlax, F|100\/100\n|move|p1a: Arctozolt|Substitute|p1a: Arctozolt\n|-start|p1a: Arctozolt|Substitute\n|-damage|p1a: Arctozolt|76\/100\n|\n|-weather|Hail|[upkeep]\n|-damage|p2a: Snorlax|94\/100|[from] Hail\n|-heal|p1a: Arctozolt|82\/100|[from] item: Leftovers\n|-heal|p2a: Snorlax|100\/100|[from] item: Leftovers\n|upkeep\n|turn|3\n|\n|t:|1666056155\n|move|p1a: Arctozolt|Bolt Beak|p2a: Snorlax\n|-damage|p2a: Snorlax|37\/100\n|move|p2a: Snorlax|Heat Crash|p1a: Arctozolt\n|-supereffective|p1a: Arctozolt\n|-end|p1a: Arctozolt|Substitute\n|\n|-weather|Hail|[upkeep]\n|-damage|p2a: Snorlax|31\/100|[from] Hail\n|-heal|p1a: Arctozolt|88\/100|[from] item: Leftovers\n|-heal|p2a: Snorlax|37\/100|[from] item: Leftovers\n|upkeep\n|turn|4\n|\n|t:|1666056159\n|move|p1a: Arctozolt|Substitute|p1a: Arctozolt\n|-start|p1a: Arctozolt|Substitute\n|-damage|p1a: Arctozolt|63\/100\n|move|p2a: Snorlax|Heat Crash|p1a: Arctozolt\n|-supereffective|p1a: Arctozolt\n|-end|p1a: Arctozolt|Substitute\n|\n|-weather|Hail|[upkeep]\n|-damage|p2a: Snorlax|31\/100|[from] Hail\n|-heal|p1a: Arctozolt|69\/100|[from] item: Leftovers\n|-heal|p2a: Snorlax|37\/100|[from] item: Leftovers\n|upkeep\n|turn|5\n|\n|t:|1666056161\n|move|p1a: Arctozolt|Bolt Beak|p2a: Snorlax\n|-damage|p2a: Snorlax|0 fnt\n|faint|p2a: Snorlax\n|\n|-weather|Hail|[upkeep]\n|-heal|p1a: Arctozolt|76\/100|[from] item: Leftovers\n|upkeep\n|\n|t:|1666056165\n|switch|p2a: Landorus|Landorus-Therian, M|95\/100\n|-ability|p2a: Landorus|Intimidate|boost\n|-unboost|p1a: Arctozolt|atk|1\n|turn|6\n|\n|t:|1666056166\n|move|p2a: Landorus|Earthquake|p1a: Arctozolt\n|-supereffective|p1a: Arctozolt\n|-damage|p1a: Arctozolt|0 fnt\n|faint|p1a: Arctozolt\n|\n|-weather|Hail|[upkeep]\n|-damage|p2a: Landorus|89\/100|[from] Hail\n|upkeep\n|\n|t:|1666056171\n|switch|p1a: Tornadus|Tornadus-Therian, M|100\/100\n|turn|7\n|\n|t:|1666056174\n|switch|p2a: Zapdos|Zapdos|100\/100\n|move|p1a: Tornadus|Knock Off|p2a: Zapdos\n|-damage|p2a: Zapdos|79\/100\n|-enditem|p2a: Zapdos|Heavy-Duty Boots|[from] move: Knock Off|[of] p1a: Tornadus\n|\n|-weather|Hail|[upkeep]\n|-damage|p1a: Tornadus|94\/100|[from] Hail\n|-damage|p2a: Zapdos|73\/100|[from] Hail\n|upkeep\n|turn|8\n|\n|t:|1666056178\n|move|p1a: Tornadus|Weather Ball|p2a: Zapdos\n|-supereffective|p2a: Zapdos\n|-damage|p2a: Zapdos|16\/100\n|move|p2a: Zapdos|Hurricane|p1a: Tornadus\n|-damage|p1a: Tornadus|60\/100\n|\n|-weather|none\n|upkeep\n|turn|9\n|\n|t:|1666056183\n|move|p1a: Tornadus|Heat Wave|p2a: Zapdos|[miss]\n|-miss|p1a: Tornadus|p2a: Zapdos\n|move|p2a: Zapdos|Volt Switch|p1a: Tornadus\n|-supereffective|p1a: Tornadus\n|-damage|p1a: Tornadus|13\/100\n|\n|t:|1666056185\n|switch|p2a: Landorus|Landorus-Therian, M|89\/100|[from]move: Volt Switch\n|-ability|p2a: Landorus|Intimidate|boost\n|-unboost|p1a: Tornadus|atk|1\n|\n|upkeep\n|turn|10\n|\n|t:|1666056214\n|switch|p1a: Corviknight|Corviknight, M|100\/100\n|-ability|p1a: Corviknight|Pressure\n|move|p2a: Landorus|Knock Off|p1a: Corviknight\n|-damage|p1a: Corviknight|79\/100\n|-damage|p2a: Landorus|72\/100|[from] item: Rocky Helmet|[of] p1a: Corviknight\n|-enditem|p1a: Corviknight|Rocky Helmet|[from] move: Knock Off|[of] p2a: Landorus\n|\n|upkeep\n|turn|11\n|\n|t:|1666056238\n|switch|p2a: Victini|Victini|100\/100\n|move|p1a: Corviknight|U-turn|p2a: Victini\n|-crit|p2a: Victini\n|-damage|p2a: Victini|79\/100\n|\n|t:|1666056242\n|switch|p1a: Landorus|Landorus-Therian, M|100\/100|[from]move: U-turn\n|-ability|p1a: Landorus|Intimidate|boost\n|-unboost|p2a: Victini|atk|1\n|\n|upkeep\n|turn|12\n|\n|t:|1666056246\n|switch|p2a: Suicune|Suicune|100\/100\n|-ability|p2a: Suicune|Pressure\n|move|p1a: Landorus|U-turn|p2a: Suicune\n|-damage|p2a: Suicune|88\/100\n|\n|t:|1666056250\n|switch|p1a: Tornadus|Tornadus-Therian, M|46\/100|[from]move: U-turn\n|\n|-heal|p2a: Suicune|94\/100|[from] item: Leftovers\n|upkeep\n|turn|13\n|\n|t:|1666056252\n|move|p1a: Tornadus|Knock Off|p2a: Suicune\n|-damage|p2a: Suicune|84\/100\n|-enditem|p2a: Suicune|Leftovers|[from] move: Knock Off|[of] p1a: Tornadus\n|move|p2a: Suicune|Ice Beam|p1a: Tornadus\n|-supereffective|p1a: Tornadus\n|-damage|p1a: Tornadus|21\/100\n|\n|upkeep\n|turn|14\n|\n|t:|1666056256\n|move|p1a: Tornadus|U-turn|p2a: Suicune\n|-damage|p2a: Suicune|75\/100\n|\n|t:|1666056258\n|switch|p1a: Volcanion|Volcanion|100\/100|[from]move: U-turn\n|move|p2a: Suicune|Calm Mind|p2a: Suicune\n|-boost|p2a: Suicune|spa|1\n|-boost|p2a: Suicune|spd|1\n|\n|upkeep\n|turn|15\n|\n|t:|1666056260\n|move|p1a: Volcanion|Sludge Wave|p2a: Suicune\n|-damage|p2a: Suicune|47\/100\n|move|p2a: Suicune|Calm Mind|p2a: Suicune\n|-boost|p2a: Suicune|spa|1\n|-boost|p2a: Suicune|spd|1\n|\n|upkeep\n|turn|16\n|\n|t:|1666056263\n|move|p1a: Volcanion|Sludge Wave|p2a: Suicune\n|-damage|p2a: Suicune|25\/100\n|move|p2a: Suicune|Rest|p2a: Suicune\n|-status|p2a: Suicune|slp|[from] move: Rest\n|-heal|p2a: Suicune|100\/100 slp|[silent]\n|\n|upkeep\n|turn|17\n|\n|t:|1666056270\n|switch|p1a: Landorus|Landorus-Therian, M|100\/100\n|-ability|p1a: Landorus|Intimidate|boost\n|-unboost|p2a: Suicune|atk|1\n|cant|p2a: Suicune|slp\n|\n|upkeep\n|turn|18\n|\n|t:|1666056272\n|move|p1a: Landorus|Earthquake|p2a: Suicune\n|-damage|p2a: Suicune|72\/100 slp\n|cant|p2a: Suicune|slp\n|\n|upkeep\n|turn|19\n|\n|t:|1666056275\n|move|p1a: Landorus|U-turn|p2a: Suicune\n|-damage|p2a: Suicune|60\/100 slp\n|\n|t:|1666056276\n|switch|p1a: Volcanion|Volcanion|100\/100|[from]move: U-turn\n|-curestatus|p2a: Suicune|slp|[msg]\n|move|p2a: Suicune|Ice Beam|p1a: Volcanion\n|-resisted|p1a: Volcanion\n|-damage|p1a: Volcanion|89\/100\n|-status|p1a: Volcanion|frz\n|\n|upkeep\n|turn|20\n|\n|t:|1666056279\n|-curestatus|p1a: Volcanion|frz|[from] move: Steam Eruption\n|move|p1a: Volcanion|Steam Eruption|p2a: Suicune\n|-resisted|p2a: Suicune\n|-damage|p2a: Suicune|43\/100\n|-status|p2a: Suicune|brn\n|move|p2a: Suicune|Calm Mind|p2a: Suicune\n|-boost|p2a: Suicune|spa|1\n|-boost|p2a: Suicune|spd|1\n|\n|-damage|p2a: Suicune|36\/100 brn|[from] brn\n|upkeep\n|turn|21\n|\n|t:|1666056284\n|switch|p1a: Landorus|Landorus-Therian, M|100\/100\n|-ability|p1a: Landorus|Intimidate|boost\n|-unboost|p2a: Suicune|atk|1\n|move|p2a: Suicune|Rest|p2a: Suicune\n|-status|p2a: Suicune|slp|[from] move: Rest\n|-heal|p2a: Suicune|100\/100 slp|[silent]\n|\n|upkeep\n|turn|22\n|\n|t:|1666056286\n|move|p1a: Landorus|Earthquake|p2a: Suicune\n|-damage|p2a: Suicune|73\/100 slp\n|cant|p2a: Suicune|slp\n|\n|upkeep\n|turn|23\n|\n|t:|1666056288\n|cant|p2a: Suicune|slp\n|move|p1a: Landorus|Earthquake|p2a: Suicune\n|-damage|p2a: Suicune|46\/100 slp\n|\n|upkeep\n|turn|24\n|\n|t:|1666056296\n|move|p1a: Landorus|U-turn|p2a: Suicune\n|-damage|p2a: Suicune|33\/100 slp\n|\n|t:|1666056297\n|switch|p1a: Volcanion|Volcanion|89\/100|[from]move: U-turn\n|-curestatus|p2a: Suicune|slp|[msg]\n|move|p2a: Suicune|Rest|p2a: Suicune\n|-status|p2a: Suicune|slp|[from] move: Rest\n|-heal|p2a: Suicune|100\/100 slp|[silent]\n|\n|upkeep\n|turn|25\n|\n|t:|1666056302\n|move|p1a: Volcanion|Earth Power|p2a: Suicune\n|-damage|p2a: Suicune|86\/100 slp\n|cant|p2a: Suicune|slp\n|\n|upkeep\n|turn|26\n|\n|t:|1666056305\n|move|p1a: Volcanion|Earth Power|p2a: Suicune\n|-damage|p2a: Suicune|71\/100 slp\n|-unboost|p2a: Suicune|spd|1\n|cant|p2a: Suicune|slp\n|\n|upkeep\n|turn|27\n|\n|t:|1666056307\n|move|p1a: Volcanion|Earth Power|p2a: Suicune\n|-damage|p2a: Suicune|53\/100 slp\n|-curestatus|p2a: Suicune|slp|[msg]\n|move|p2a: Suicune|Calm Mind|p2a: Suicune\n|-boost|p2a: Suicune|spa|1\n|-boost|p2a: Suicune|spd|1\n|\n|upkeep\n|turn|28\n|\n|t:|1666056309\n|move|p1a: Volcanion|Earth Power|p2a: Suicune\n|-damage|p2a: Suicune|37\/100\n|move|p2a: Suicune|Calm Mind|p2a: Suicune\n|-boost|p2a: Suicune|spa|1\n|-boost|p2a: Suicune|spd|1\n|\n|upkeep\n|turn|29\n|\n|t:|1666056311\n|move|p1a: Volcanion|Earth Power|p2a: Suicune\n|-damage|p2a: Suicune|24\/100\n|move|p2a: Suicune|Rest|p2a: Suicune\n|-status|p2a: Suicune|slp|[from] move: Rest\n|-heal|p2a: Suicune|100\/100 slp|[silent]\n|\n|upkeep\n|turn|30\n|\n|t:|1666056314\n|switch|p1a: Landorus|Landorus-Therian, M|100\/100\n|-ability|p1a: Landorus|Intimidate|boost\n|-unboost|p2a: Suicune|atk|1\n|cant|p2a: Suicune|slp\n|\n|upkeep\n|turn|31\n|\n|t:|1666056315\n|move|p1a: Landorus|Earthquake|p2a: Suicune\n|-crit|p2a: Suicune\n|-damage|p2a: Suicune|63\/100 slp\n|cant|p2a: Suicune|slp\n|\n|upkeep\n|turn|32\n|\n|t:|1666056318\n|move|p1a: Landorus|U-turn|p2a: Suicune\n|-damage|p2a: Suicune|50\/100 slp\n|\n|t:|1666056319\n|switch|p1a: Volcanion|Volcanion|89\/100|[from]move: U-turn\n|-curestatus|p2a: Suicune|slp|[msg]\n|move|p2a: Suicune|Calm Mind|p2a: Suicune\n|-boost|p2a: Suicune|spa|1\n|-boost|p2a: Suicune|spd|1\n|\n|upkeep\n|turn|33\n|\n|t:|1666056324\n|move|p1a: Volcanion|Sludge Wave|p2a: Suicune\n|-damage|p2a: Suicune|39\/100\n|move|p2a: Suicune|Calm Mind|p2a: Suicune\n|-boost|p2a: Suicune|spa|0\n|-boost|p2a: Suicune|spd|1\n|\n|upkeep\n|turn|34\n|\n|t:|1666056329\n|move|p1a: Volcanion|Sludge Wave|p2a: Suicune\n|-crit|p2a: Suicune\n|-damage|p2a: Suicune|0 fnt\n|faint|p2a: Suicune\n|\n|upkeep\n|\n|t:|1666056333\n|switch|p2a: Zapdos|Zapdos|16\/100\n|turn|35\n|\n|t:|1666056341\n|move|p2a: Zapdos|Hurricane|p1a: Volcanion|[miss]\n|-miss|p2a: Zapdos|p1a: Volcanion\n|move|p1a: Volcanion|Sludge Wave|p2a: Zapdos\n|-damage|p2a: Zapdos|0 fnt\n|faint|p2a: Zapdos\n|\n|upkeep\n|\n|t:|1666056350\n|switch|p2a: Victini|Victini|79\/100\n|turn|36\n|\n|t:|1666056360\n|switch|p1a: Landorus|Landorus-Therian, M|100\/100\n|-ability|p1a: Landorus|Intimidate|boost\n|-unboost|p2a: Victini|atk|1\n|move|p2a: Victini|V-create|p1a: Landorus\n|-damage|p1a: Landorus|22\/100\n|-unboost|p2a: Victini|spe|1\n|-unboost|p2a: Victini|def|1\n|-unboost|p2a: Victini|spd|1\n|\n|-heal|p1a: Landorus|28\/100|[from] item: Leftovers\n|upkeep\n|turn|37\n|\n|t:|1666056363\n|switch|p2a: Landorus|Landorus-Therian, M|72\/100\n|-ability|p2a: Landorus|Intimidate|boost\n|-unboost|p1a: Landorus|atk|1\n|switch|p1a: Volcanion|Volcanion|89\/100\n|\n|upkeep\n|turn|38\n|\n|t:|1666056368\n|switch|p1a: Corviknight|Corviknight, M|79\/100\n|-ability|p1a: Corviknight|Pressure\n|move|p2a: Landorus|Earthquake|p1a: Corviknight\n|-immune|p1a: Corviknight\n|\n|upkeep\n|turn|39\n|\n|t:|1666056374\n|switch|p2a: Victini|Victini|79\/100\n|move|p1a: Corviknight|U-turn|p2a: Victini\n|-damage|p2a: Victini|64\/100\n|\n|t:|1666056376\n|switch|p1a: Tornadus|Tornadus-Therian, M|55\/100|[from]move: U-turn\n|\n|upkeep\n|turn|40\n|\n|t:|1666056379\n|switch|p2a: Melmetal|Melmetal|100\/100\n|move|p1a: Tornadus|U-turn|p2a: Melmetal\n|-resisted|p2a: Melmetal\n|-damage|p2a: Melmetal|96\/100\n|\n|t:|1666056381\n|switch|p1a: Volcanion|Volcanion|89\/100|[from]move: U-turn\n|\n|upkeep\n|turn|41\n|\n|t:|1666056389\n|move|p1a: Volcanion|Flamethrower|p2a: Melmetal\n|-supereffective|p2a: Melmetal\n|-damage|p2a: Melmetal|0 fnt\n|faint|p2a: Melmetal\n|\n|upkeep\n|\n|t:|1666056393\n|switch|p2a: Victini|Victini|64\/100\n|turn|42\n|\n|t:|1666056406\n|switch|p1a: Landorus|Landorus-Therian, M|28\/100\n|-ability|p1a: Landorus|Intimidate|boost\n|-unboost|p2a: Victini|atk|1\n|move|p2a: Victini|Bolt Strike|p1a: Landorus\n|-immune|p1a: Landorus\n|\n|-heal|p1a: Landorus|34\/100|[from] item: Leftovers\n|upkeep\n|turn|43\n|\n|t:|1666056408\n|switch|p2a: Landorus|Landorus-Therian, M|72\/100\n|-ability|p2a: Landorus|Intimidate|boost\n|-unboost|p1a: Landorus|atk|1\n|move|p1a: Landorus|U-turn|p2a: Landorus\n|-resisted|p2a: Landorus\n|-damage|p2a: Landorus|64\/100\n|\n|t:|1666056411\n|switch|p1a: Tornadus|Tornadus-Therian, M|88\/100|[from]move: U-turn\n|\n|upkeep\n|turn|44\n|\n|t:|1666056415\n|switch|p1a: Corviknight|Corviknight, M|79\/100\n|-ability|p1a: Corviknight|Pressure\n|move|p2a: Landorus|Stone Edge|p1a: Corviknight\n|-crit|p1a: Corviknight\n|-damage|p1a: Corviknight|48\/100\n|\n|upkeep\n|turn|45\n|\n|t:|1666056419\n|switch|p2a: Victini|Victini|64\/100\n|move|p1a: Corviknight|Roost|p1a: Corviknight\n|-heal|p1a: Corviknight|98\/100\n|-singleturn|p1a: Corviknight|move: Roost\n|\n|upkeep\n|turn|46\n|\n|t:|1666056422\n|switch|p1a: Landorus|Landorus-Therian, M|34\/100\n|-ability|p1a: Landorus|Intimidate|boost\n|-unboost|p2a: Victini|atk|1\n|move|p2a: Victini|V-create|p1a: Landorus\n|-damage|p1a: Landorus|0 fnt\n|-unboost|p2a: Victini|spe|1\n|-unboost|p2a: Victini|def|1\n|-unboost|p2a: Victini|spd|1\n|faint|p1a: Landorus\n|\n|upkeep\n|\n|t:|1666056424\n|switch|p1a: Volcanion|Volcanion|89\/100\n|turn|47\n|\n|t:|1666056427\n|switch|p2a: Landorus|Landorus-Therian, M|64\/100\n|-ability|p2a: Landorus|Intimidate|boost\n|-unboost|p1a: Volcanion|atk|1\n|move|p1a: Volcanion|Flamethrower|p2a: Landorus\n|-damage|p2a: Landorus|0 fnt\n|faint|p2a: Landorus\n|\n|upkeep\n|\n|t:|1666056433\n|switch|p2a: Victini|Victini|64\/100\n|turn|48\n|\n|t:|1666056448\n|move|p2a: Victini|Bolt Strike|p1a: Volcanion\n|-supereffective|p1a: Volcanion\n|-damage|p1a: Volcanion|0 fnt\n|faint|p1a: Volcanion\n|\n|upkeep\n|\n|t:|1666056452\n|switch|p1a: Tornadus|Tornadus-Therian, M|100\/100\n|turn|49\n|\n|t:|1666056459\n|move|p1a: Tornadus|U-turn|p2a: Victini\n|-damage|p2a: Victini|50\/100\n|\n|t:|1666056461\n|switch|p1a: Corviknight|Corviknight, M|98\/100|[from]move: U-turn\n|-ability|p1a: Corviknight|Pressure\n|move|p2a: Victini|Bolt Strike|p1a: Corviknight\n|-supereffective|p1a: Corviknight\n|-damage|p1a: Corviknight|26\/100\n|\n|upkeep\n|turn|50\n|\n|t:|1666056468\n|move|p2a: Victini|Bolt Strike|p1a: Corviknight\n|-supereffective|p1a: Corviknight\n|-damage|p1a: Corviknight|0 fnt\n|faint|p1a: Corviknight\n|\n|upkeep\n|\n|t:|1666056471\n|switch|p1a: Tornadus|Tornadus-Therian, M|100\/100\n|turn|51\n|\n|t:|1666056472\n|move|p1a: Tornadus|Knock Off|p2a: Victini\n|-supereffective|p2a: Victini\n|-damage|p2a: Victini|11\/100\n|-enditem|p2a: Victini|Choice Band|[from] move: Knock Off|[of] p1a: Tornadus\n|move|p2a: Victini|Bolt Strike|p1a: Tornadus\n|-supereffective|p1a: Tornadus\n|-damage|p1a: Tornadus|15\/100\n|\n|upkeep\n|turn|52\n|\n|t:|1666056481\n|move|p1a: Tornadus|Knock Off|p2a: Victini\n|-supereffective|p2a: Victini\n|-damage|p2a: Victini|0 fnt\n|faint|p2a: Victini\n|\n|win|outd ho3n9\n|raw|outd ho3n9's rating: 1542 &rarr; <strong>1561<\/strong><br \/>(+19 for winning)\n|raw|Vodyne's rating: 1531 &rarr; <strong>1512<\/strong><br \/>(-19 for losing)\n|c|\u2606Vodyne|gg\n|l|\u2606outd ho3n9\n||Ladder isn't responding, score probably updated but might not have (Request timeout).\n","uploadtime":1666056561,"views":11,"p1id":"outdho3n9","p2id":"vodyne","formatid":"gen8ou","rating":1512,"private":0,"password":null}