{"id":"gen8ou-1266071135","p1":"the poop tester","p2":"Jamario Mariomario","format":"gen8ou","log":"|j|\u2606the poop tester\n|j|\u2606Jamario Mariomario\n|t:|1611162014\n|player|p1|the poop tester|oak-gen1|1703\n|player|p2|Jamario Mariomario|bugcatcher|1637\n|teamsize|p1|6\n|teamsize|p2|6\n|gametype|singles\n|gen|8\n|tier|[Gen 8] OU\n|rated|\n|clearpoke\n|poke|p1|Noctowl, F|\n|poke|p1|Pelipper, M|\n|poke|p1|Seismitoad, M|\n|poke|p1|Azumarill, M|\n|poke|p1|Kommo-o, M|\n|poke|p1|Magnezone|\n|poke|p2|Magearna|\n|poke|p2|Cinderace, M|\n|poke|p2|Slowbro, M|\n|poke|p2|Blissey, F|\n|poke|p2|Mandibuzz, F|\n|poke|p2|Garchomp, M|\n|rule|Sleep Clause Mod: Limit one foe put to sleep\n|rule|Species Clause: Limit one of each Pok\u00e9mon\n|rule|OHKO Clause: OHKO moves are banned\n|rule|Evasion Moves Clause: Evasion moves are banned\n|rule|Endless Battle Clause: Forcing endless battles is banned\n|rule|HP Percentage Mod: HP is shown in percentages\n|rule|Dynamax Clause: You cannot dynamax\n|teampreview\n|inactive|Battle timer is ON: inactive players will automatically lose when time's up. (requested by Jamario Mariomario)\n|\n|t:|1611162029\n|start\n|switch|p1a: Pelipper|Pelipper, M|100\/100\n|switch|p2a: Garchomp|Garchomp, M|100\/100\n|-weather|RainDance|[from] ability: Drizzle|[of] p1a: Pelipper\n|turn|1\n|\n|t:|1611162036\n|move|p2a: Garchomp|Stone Edge|p1a: Pelipper\n|-supereffective|p1a: Pelipper\n|-damage|p1a: Pelipper|30\/100\n|-damage|p2a: Garchomp|91\/100|[from] item: Life Orb\n|move|p1a: Pelipper|U-turn|p2a: Garchomp\n|-damage|p2a: Garchomp|82\/100\n|-damage|p1a: Pelipper|17\/100|[from] ability: Rough Skin|[of] p2a: Garchomp\n|\n|t:|1611162044\n|switch|p1a: Seismitoad|Seismitoad, M|100\/100|[from]move: U-turn\n|\n|-weather|RainDance|[upkeep]\n|upkeep\n|turn|2\n|\n|t:|1611162050\n|switch|p1a: Azumarill|Azumarill, M|100\/100\n|switch|p2a: Blissey|Blissey, F|100\/100\n|\n|-weather|RainDance|[upkeep]\n|upkeep\n|turn|3\n|\n|t:|1611162058\n|switch|p2a: Slowbro|Slowbro, M|100\/100\n|move|p1a: Azumarill|Belly Drum|p1a: Azumarill\n|-damage|p1a: Azumarill|50\/100\n|-setboost|p1a: Azumarill|atk|6|[from] move: Belly Drum\n|-enditem|p1a: Azumarill|Sitrus Berry|[eat]\n|-heal|p1a: Azumarill|75\/100|[from] item: Sitrus Berry\n|\n|-weather|RainDance|[upkeep]\n|upkeep\n|turn|4\n|\n|t:|1611162060\n|move|p1a: Azumarill|Play Rough|p2a: Slowbro\n|-damage|p2a: Slowbro|0 fnt\n|-damage|p1a: Azumarill|59\/100|[from] item: Rocky Helmet|[of] p2a: Slowbro\n|faint|p2a: Slowbro\n|\n|-weather|RainDance|[upkeep]\n|upkeep\n|\n|t:|1611162071\n|switch|p2a: Mandibuzz|Mandibuzz, F|100\/100\n|turn|5\n|\n|t:|1611162074\n|move|p1a: Azumarill|Aqua Jet|p2a: Mandibuzz\n|-damage|p2a: Mandibuzz|0 fnt\n|faint|p2a: Mandibuzz\n|\n|-weather|RainDance|[upkeep]\n|upkeep\n|\n|t:|1611162078\n|switch|p2a: Garchomp|Garchomp, M|82\/100\n|turn|6\n|\n|t:|1611162080\n|move|p1a: Azumarill|Aqua Jet|p2a: Garchomp\n|-damage|p2a: Garchomp|0 fnt\n|-damage|p1a: Azumarill|46\/100|[from] ability: Rough Skin|[of] p2a: Garchomp\n|faint|p2a: Garchomp\n|\n|-weather|RainDance|[upkeep]\n|upkeep\n|\n|t:|1611162084\n|switch|p2a: Cinderace|Cinderace, M|100\/100\n|turn|7\n|\n|t:|1611162086\n|move|p1a: Azumarill|Aqua Jet|p2a: Cinderace\n|-supereffective|p2a: Cinderace\n|-damage|p2a: Cinderace|0 fnt\n|faint|p2a: Cinderace\n|\n|-weather|RainDance|[upkeep]\n|upkeep\n|-message|Jamario Mariomario forfeited.\n|\n|win|the poop tester\n|l|\u2606Jamario Mariomario\n","uploadtime":1611162095,"views":28,"p1id":"thepooptester","p2id":"jamariomariomario","formatid":"gen8ou","rating":0,"private":0,"password":null}