{"id":"gen8ou-1704656125","p1":"minimax_ai","p2":"Not Sarcasm","format":"gen8ou","log":"|j|\u2606minimax_ai\n|j|\u2606Not Sarcasm\n|t:|1667800480\n|gametype|singles\n|player|p1|minimax_ai|169|1703\n|player|p2|Not Sarcasm|1|1641\n|teamsize|p1|6\n|teamsize|p2|6\n|gen|8\n|tier|[Gen 8] OU\n|rated|\n|rule|Sleep Clause Mod: Limit one foe put to sleep\n|rule|Species Clause: Limit one of each Pok\u00e9mon\n|rule|OHKO Clause: OHKO moves are banned\n|rule|Evasion Items Clause: Evasion items are banned\n|rule|Evasion Moves Clause: Evasion moves are banned\n|rule|Endless Battle Clause: Forcing endless battles is banned\n|rule|HP Percentage Mod: HP is shown in percentages\n|rule|Dynamax Clause: You cannot dynamax\n|clearpoke\n|poke|p1|Rotom-Wash|\n|poke|p1|Weavile, M|\n|poke|p1|Landorus-Therian, M|\n|poke|p1|Heatran, M|\n|poke|p1|Tangrowth, F|\n|poke|p1|Melmetal|\n|poke|p2|Dragapult, M|\n|poke|p2|Blaziken, F|\n|poke|p2|Melmetal|\n|poke|p2|Garchomp, F|\n|poke|p2|Toxapex, F|\n|poke|p2|Landorus-Therian, M|\n|teampreview\n|c|\u2606minimax_ai|hf\n|inactive|Battle timer is ON: inactive players will automatically lose when time's up. (requested by minimax_ai)\n|\n|t:|1667800495\n|start\n|switch|p1a: landorustherian|Landorus-Therian, M|100\/100\n|switch|p2a: Blaziken|Blaziken, F|100\/100\n|-ability|p1a: landorustherian|Intimidate|boost\n|-unboost|p2a: Blaziken|atk|1\n|turn|1\n|\n|t:|1667800500\n|switch|p2a: Landorus|Landorus-Therian, M|100\/100\n|-ability|p2a: Landorus|Intimidate|boost\n|-unboost|p1a: landorustherian|atk|1\n|move|p1a: landorustherian|Earthquake|p2a: Landorus\n|-immune|p2a: Landorus\n|\n|upkeep\n|turn|2\n|\n|t:|1667800507\n|move|p1a: landorustherian|Toxic|p2a: Landorus\n|-status|p2a: Landorus|tox\n|move|p2a: Landorus|Knock Off|p1a: landorustherian\n|-damage|p1a: landorustherian|72\/100\n|-enditem|p1a: landorustherian|Leftovers|[from] move: Knock Off|[of] p2a: Landorus\n|\n|-damage|p2a: Landorus|94\/100 tox|[from] psn\n|upkeep\n|turn|3\n|\n|t:|1667800514\n|move|p1a: landorustherian|Earthquake|p2a: Landorus\n|-immune|p2a: Landorus\n|move|p2a: Landorus|U-turn|p1a: landorustherian\n|-resisted|p1a: landorustherian\n|-damage|p1a: landorustherian|61\/100\n|\n|t:|1667800519\n|switch|p2a: Dragapult|Dragapult, M|100\/100|[from]move: U-turn\n|\n|upkeep\n|turn|4\n|\n|t:|1667800528\n|switch|p1a: Melmetal|Melmetal|100\/100\n|move|p2a: Dragapult|Shadow Ball|p1a: Melmetal\n|-damage|p1a: Melmetal|72\/100\n|\n|upkeep\n|turn|5\n|\n|t:|1667800533\n|switch|p2a: Toxapex|Toxapex, F|100\/100\n|move|p1a: Melmetal|Double Iron Bash|p2a: Toxapex\n|-resisted|p2a: Toxapex\n|-damage|p2a: Toxapex|89\/100\n|-damage|p1a: Melmetal|55\/100|[from] item: Rocky Helmet|[of] p2a: Toxapex\n|-resisted|p2a: Toxapex\n|-damage|p2a: Toxapex|77\/100\n|-damage|p1a: Melmetal|39\/100|[from] item: Rocky Helmet|[of] p2a: Toxapex\n|-hitcount|p2a: Toxapex|2\n|\n|upkeep\n|turn|6\n|\n|t:|1667800543\n|switch|p2a: Dragapult|Dragapult, M|100\/100\n|move|p1a: Melmetal|Earthquake|p2a: Dragapult\n|-damage|p2a: Dragapult|47\/100\n|\n|upkeep\n|turn|7\n|\n|t:|1667800549\n|switch|p1a: landorustherian|Landorus-Therian, M|61\/100\n|-ability|p1a: landorustherian|Intimidate|boost\n|-unboost|p2a: Dragapult|atk|1\n|move|p2a: Dragapult|U-turn|p1a: landorustherian\n|-resisted|p1a: landorustherian\n|-damage|p1a: landorustherian|56\/100\n|\n|t:|1667800555\n|switch|p2a: Blaziken|Blaziken, F|100\/100|[from]move: U-turn\n|\n|upkeep\n|turn|8\n|\n|t:|1667800559\n|move|p2a: Blaziken|Flare Blitz|p1a: landorustherian\n|-damage|p1a: landorustherian|0 fnt\n|faint|p1a: landorustherian\n|-damage|p2a: Blaziken|78\/100|[from] Recoil\n|-damage|p2a: Blaziken|68\/100|[from] item: Life Orb\n|\n|-ability|p2a: Blaziken|Speed Boost|boost\n|-boost|p2a: Blaziken|spe|1\n|upkeep\n|\n|t:|1667800559\n|switch|p1a: rotomwash|Rotom-Wash|100\/100\n|turn|9\n|j| foundation trilogy\n|\n|t:|1667800570\n|switch|p2a: Landorus|Landorus-Therian, M|94\/100 tox\n|-ability|p2a: Landorus|Intimidate|boost\n|-unboost|p1a: rotomwash|atk|1\n|move|p1a: rotomwash|Hydro Pump|p2a: Landorus\n|-supereffective|p2a: Landorus\n|-damage|p2a: Landorus|30\/100 tox\n|\n|-heal|p2a: Landorus|36\/100 tox|[from] item: Leftovers\n|-damage|p2a: Landorus|30\/100 tox|[from] psn\n|upkeep\n|turn|10\n|\n|t:|1667800579\n|switch|p2a: Toxapex|Toxapex, F|100\/100\n|move|p1a: rotomwash|Hydro Pump|p2a: Toxapex\n|-resisted|p2a: Toxapex\n|-damage|p2a: Toxapex|84\/100\n|\n|upkeep\n|turn|11\n|\n|t:|1667800585\n|move|p1a: rotomwash|Thunderbolt|p2a: Toxapex\n|-supereffective|p2a: Toxapex\n|-damage|p2a: Toxapex|23\/100\n|move|p2a: Toxapex|Knock Off|p1a: rotomwash\n|-damage|p1a: rotomwash|86\/100\n|-enditem|p1a: rotomwash|Leftovers|[from] move: Knock Off|[of] p2a: Toxapex\n|\n|upkeep\n|turn|12\n|\n|t:|1667800595\n|switch|p2a: Landorus|Landorus-Therian, M|30\/100 tox\n|-ability|p2a: Landorus|Intimidate|boost\n|-unboost|p1a: rotomwash|atk|1\n|move|p1a: rotomwash|Thunderbolt|p2a: Landorus\n|-immune|p2a: Landorus\n|\n|-heal|p2a: Landorus|36\/100 tox|[from] item: Leftovers\n|-damage|p2a: Landorus|30\/100 tox|[from] psn\n|upkeep\n|turn|13\n|\n|t:|1667800606\n|switch|p2a: Toxapex|Toxapex, F|56\/100\n|move|p1a: rotomwash|Hydro Pump|p2a: Toxapex\n|-resisted|p2a: Toxapex\n|-damage|p2a: Toxapex|38\/100\n|\n|upkeep\n|turn|14\n|\n|t:|1667800611\n|switch|p2a: Garchomp|Garchomp, F|100\/100\n|move|p1a: rotomwash|Thunderbolt|p2a: Garchomp\n|-immune|p2a: Garchomp\n|\n|upkeep\n|turn|15\n|\n|t:|1667800618\n|switch|p1a: Tangrowth|Tangrowth, F|100\/100\n|move|p2a: Garchomp|Swords Dance|p2a: Garchomp\n|-boost|p2a: Garchomp|atk|2\n|\n|upkeep\n|turn|16\n|\n|t:|1667800624\n|move|p2a: Garchomp|Stealth Rock|p1a: Tangrowth\n|-sidestart|p1: minimax_ai|move: Stealth Rock\n|move|p1a: Tangrowth|Giga Drain|p2a: Garchomp\n|-damage|p2a: Garchomp|68\/100\n|\n|-heal|p2a: Garchomp|74\/100|[from] item: Leftovers\n|upkeep\n|turn|17\n|\n|t:|1667800631\n|move|p2a: Garchomp|Scale Shot|p1a: Tangrowth\n|-damage|p1a: Tangrowth|87\/100\n|-damage|p1a: Tangrowth|74\/100\n|-damage|p1a: Tangrowth|60\/100\n|-hitcount|p1a: Tangrowth|3\n|-unboost|p2a: Garchomp|def|1\n|-boost|p2a: Garchomp|spe|1\n|move|p1a: Tangrowth|Sleep Powder|p2a: Garchomp\n|-status|p2a: Garchomp|slp|[from] move: Sleep Powder\n|\n|-heal|p2a: Garchomp|81\/100 slp|[from] item: Leftovers\n|upkeep\n|turn|18\n|\n|t:|1667800642\n|cant|p2a: Garchomp|slp\n|move|p1a: Tangrowth|Knock Off|p2a: Garchomp\n|-damage|p2a: Garchomp|48\/100 slp\n|-damage|p1a: Tangrowth|47\/100|[from] ability: Rough Skin|[of] p2a: Garchomp\n|-enditem|p2a: Garchomp|Leftovers|[from] move: Knock Off|[of] p1a: Tangrowth\n|\n|upkeep\n|turn|19\n|\n|t:|1667800648\n|cant|p2a: Garchomp|slp\n|move|p1a: Tangrowth|Focus Blast|p2a: Garchomp\n|-damage|p2a: Garchomp|13\/100 slp\n|\n|upkeep\n|turn|20\n|\n|t:|1667800653\n|cant|p2a: Garchomp|slp\n|move|p1a: Tangrowth|Focus Blast|p2a: Garchomp\n|-damage|p2a: Garchomp|0 fnt\n|faint|p2a: Garchomp\n|\n|upkeep\n|\n|t:|1667800658\n|switch|p2a: Dragapult|Dragapult, M|47\/100\n|turn|21\n|\n|t:|1667800660\n|move|p2a: Dragapult|Shadow Ball|p1a: Tangrowth\n|-damage|p1a: Tangrowth|0 fnt\n|faint|p1a: Tangrowth\n|\n|upkeep\n|\n|t:|1667800660\n|switch|p1a: Melmetal|Melmetal|39\/100\n|-damage|p1a: Melmetal|33\/100|[from] Stealth Rock\n|turn|22\n|\n|t:|1667800667\n|switch|p2a: Landorus|Landorus-Therian, M|30\/100 tox\n|-ability|p2a: Landorus|Intimidate|boost\n|-unboost|p1a: Melmetal|atk|1\n|move|p1a: Melmetal|Double Iron Bash|p2a: Landorus\n|-damage|p2a: Landorus|5\/100 tox\n|-damage|p2a: Landorus|0 fnt\n|faint|p2a: Landorus\n|-hitcount|p2: Landorus|2\n|\n|upkeep\n|\n|t:|1667800676\n|switch|p2a: Blaziken|Blaziken, F|68\/100\n|turn|23\n|\n|t:|1667800679\n|move|p2a: Blaziken|Close Combat|p1a: Melmetal\n|-supereffective|p1a: Melmetal\n|-damage|p1a: Melmetal|0 fnt\n|-unboost|p2a: Blaziken|def|1\n|-unboost|p2a: Blaziken|spd|1\n|faint|p1a: Melmetal\n|-damage|p2a: Blaziken|58\/100|[from] item: Life Orb\n|\n|-ability|p2a: Blaziken|Speed Boost|boost\n|-boost|p2a: Blaziken|spe|1\n|upkeep\n|\n|t:|1667800679\n|switch|p1a: Weavile|Weavile, M|100\/100\n|-damage|p1a: Weavile|76\/100|[from] Stealth Rock\n|-ability|p1a: Weavile|Pressure\n|turn|24\n|\n|t:|1667800701\n|move|p1a: Weavile|Ice Shard|p2a: Blaziken\n|-resisted|p2a: Blaziken\n|-damage|p2a: Blaziken|22\/100\n|move|p2a: Blaziken|Close Combat|p1a: Weavile\n|-supereffective|p1a: Weavile\n|-damage|p1a: Weavile|0 fnt\n|-unboost|p2a: Blaziken|def|1\n|-unboost|p2a: Blaziken|spd|1\n|faint|p1a: Weavile\n|-damage|p2a: Blaziken|12\/100|[from] item: Life Orb\n|\n|-ability|p2a: Blaziken|Speed Boost|boost\n|-boost|p2a: Blaziken|spe|1\n|upkeep\n|\n|t:|1667800701\n|switch|p1a: rotomwash|Rotom-Wash|86\/100\n|-damage|p1a: rotomwash|74\/100|[from] Stealth Rock\n|turn|25\n|\n|t:|1667800716\n|move|p2a: Blaziken|Close Combat|p1a: rotomwash\n|-damage|p1a: rotomwash|0 fnt\n|-unboost|p2a: Blaziken|def|1\n|-unboost|p2a: Blaziken|spd|1\n|faint|p1a: rotomwash\n|-damage|p2a: Blaziken|2\/100|[from] item: Life Orb\n|\n|-ability|p2a: Blaziken|Speed Boost|boost\n|-boost|p2a: Blaziken|spe|1\n|upkeep\n|\n|t:|1667800716\n|switch|p1a: Heatran|Heatran, M|100\/100\n|-damage|p1a: Heatran|88\/100|[from] Stealth Rock\n|-item|p1a: Heatran|Air Balloon\n|turn|26\n|l| foundation trilogy\n|\n|t:|1667800730\n|move|p2a: Blaziken|Close Combat|p1a: Heatran\n|-supereffective|p1a: Heatran\n|-damage|p1a: Heatran|0 fnt\n|-unboost|p2a: Blaziken|def|1\n|-unboost|p2a: Blaziken|spd|1\n|-enditem|p1a: Heatran|Air Balloon\n|faint|p1a: Heatran\n|-damage|p2a: Blaziken|0 fnt|[from] item: Life Orb\n|faint|p2a: Blaziken\n|\n|win|Not Sarcasm\n|raw|minimax_ai's rating: 1703 &rarr; <strong>1679<\/strong><br \/>(-24 for losing)\n|raw|Not Sarcasm's rating: 1641 &rarr; <strong>1665<\/strong><br \/>(+24 for winning)\n|c|\u2606minimax_ai|gg\n|l|\u2606minimax_ai\n","uploadtime":1667800732,"views":6,"p1id":"minimaxai","p2id":"notsarcasm","formatid":"gen8ou","rating":1665,"private":0,"password":null}