{"id":"gen8randombattle-1304801498","p1":"stopthreat","p2":"KimagureOrangeRoad","format":"gen8randombattle","log":"|j|\u2606stopthreat\n|j|\u2606KimagureOrangeRoad\n|t:|1616176569\n|player|p1|stopthreat|scientist-gen4dp|1806\n|player|p2|KimagureOrangeRoad|265|1755\n|teamsize|p1|6\n|teamsize|p2|6\n|gametype|singles\n|gen|8\n|tier|[Gen 8] Random Battle\n|rated|\n|rule|Species Clause: Limit one of each Pok\u00e9mon\n|rule|HP Percentage Mod: HP is shown in percentages\n|rule|Sleep Clause Mod: Limit one foe put to sleep\n|\n|t:|1616176569\n|start\n|switch|p1a: Farfetch\u2019d|Farfetch\u2019d, L90, M|239\/239\n|switch|p2a: Haxorus|Haxorus, L78, F|247\/247\n|-ability|p2a: Haxorus|Mold Breaker\n|turn|1\n|\n|t:|1616176587\n|move|p2a: Haxorus|Dragon Dance|p2a: Haxorus\n|-boost|p2a: Haxorus|atk|1\n|-boost|p2a: Haxorus|spe|1\n|move|p1a: Farfetch\u2019d|Brave Bird|p2a: Haxorus\n|-damage|p2a: Haxorus|100\/247\n|-damage|p1a: Farfetch\u2019d|190\/239|[from] Recoil\n|\n|upkeep\n|turn|2\n|inactive|Battle timer is ON: inactive players will automatically lose when time's up. (requested by stopthreat)\n|\n|t:|1616176599\n|-start|p2a: Haxorus|Dynamax\n|-heal|p2a: Haxorus|200\/494|[silent]\n|move|p2a: Haxorus|Max Knuckle|p1a: Farfetch\u2019d\n|-damage|p1a: Farfetch\u2019d|33\/239\n|-boost|p2a: Haxorus|atk|1\n|move|p1a: Farfetch\u2019d|Brave Bird|p2a: Haxorus\n|-damage|p2a: Haxorus|52\/494\n|-damage|p1a: Farfetch\u2019d|0 fnt|[from] Recoil\n|faint|p1a: Farfetch\u2019d\n|\n|upkeep\n|c|\u2606KimagureOrangeRoad|RAAAAHHHHH\n|\n|t:|1616176610\n|switch|p1a: Celesteela|Celesteela, L78|279\/279\n|turn|3\n|\n|t:|1616176616\n|move|p2a: Haxorus|Max Wyrmwind|p1a: Celesteela\n|-resisted|p1a: Celesteela\n|-damage|p1a: Celesteela|119\/279\n|-unboost|p1a: Celesteela|atk|1\n|move|p1a: Celesteela|Flash Cannon|p2a: Haxorus\n|-damage|p2a: Haxorus|0 fnt\n|faint|p2a: Haxorus\n|-ability|p1a: Celesteela|Beast Boost|boost\n|-boost|p1a: Celesteela|spa|1\n|\n|upkeep\n|c|\u2606stopthreat|calm down\n|\n|t:|1616176632\n|switch|p2a: Meowstic|Meowstic-F, L86, F|268\/268\n|turn|4\n|c|\u2606KimagureOrangeRoad|SQUUEAAAKKK\n|inactive|stopthreat has 120 seconds left.\n|\n|t:|1616176680\n|move|p2a: Meowstic|Nasty Plot|p2a: Meowstic\n|-boost|p2a: Meowstic|spa|2\n|move|p1a: Celesteela|Flash Cannon|p2a: Meowstic\n|-damage|p2a: Meowstic|136\/268\n|-unboost|p2a: Meowstic|spd|1\n|-ability|p2a: Meowstic|Competitive\n|-boost|p2a: Meowstic|spa|2\n|\n|upkeep\n|turn|5\n|\n|t:|1616176691\n|move|p2a: Meowstic|Thunderbolt|p1a: Celesteela\n|-supereffective|p1a: Celesteela\n|-damage|p1a: Celesteela|0 fnt\n|-damage|p2a: Meowstic|110\/268|[from] item: Life Orb\n|faint|p1a: Celesteela\n|\n|upkeep\n|\n|t:|1616176694\n|switch|p1a: Chandelure|Chandelure, L82, M|233\/233\n|turn|6\n|c|\u2606KimagureOrangeRoad|GONGAGONGA\n|\n|t:|1616176704\n|move|p1a: Chandelure|Shadow Ball|p2a: Meowstic\n|-supereffective|p2a: Meowstic\n|-damage|p2a: Meowstic|0 fnt\n|faint|p2a: Meowstic\n|\n|upkeep\n|\n|t:|1616176711\n|switch|p2a: Urshifu|Urshifu, L76, F|277\/277\n|turn|7\n|inactive|stopthreat has 120 seconds left.\n|c|\u2606KimagureOrangeRoad|SHOW ME YOUR SACK\n|\n|t:|1616176738\n|switch|p1a: Escavalier|Escavalier, L84, M|255\/255\n|move|p2a: Urshifu|Bulk Up|p2a: Urshifu\n|-boost|p2a: Urshifu|atk|1\n|-boost|p2a: Urshifu|def|1\n|\n|upkeep\n|turn|8\n|\n|t:|1616176745\n|move|p2a: Urshifu|Drain Punch|p1a: Escavalier\n|-damage|p1a: Escavalier|141\/255\n|move|p1a: Escavalier|Close Combat|p2a: Urshifu\n|-supereffective|p2a: Urshifu\n|-damage|p2a: Urshifu|117\/277\n|-unboost|p1a: Escavalier|def|1\n|-unboost|p1a: Escavalier|spd|1\n|\n|-heal|p2a: Urshifu|134\/277|[from] item: Leftovers\n|-heal|p1a: Escavalier|156\/255|[from] item: Leftovers\n|upkeep\n|turn|9\n|\n|t:|1616176757\n|switch|p1a: Chandelure|Chandelure, L82, M|233\/233\n|move|p2a: Urshifu|Substitute|p2a: Urshifu\n|-start|p2a: Urshifu|Substitute\n|-damage|p2a: Urshifu|65\/277\n|\n|-heal|p2a: Urshifu|82\/277|[from] item: Leftovers\n|upkeep\n|turn|10\n|inactive|stopthreat has 120 seconds left.\n|c|\u2606KimagureOrangeRoad|RAAAAAAHHHH RAAAAHHH\n|\n|t:|1616176783\n|switch|p1a: Lanturn|Lanturn, L86, M|355\/355\n|move|p2a: Urshifu|Wicked Blow|p1a: Lanturn\n|-crit|p1a: Lanturn\n|-damage|p1a: Lanturn|103\/355\n|\n|-heal|p2a: Urshifu|99\/277|[from] item: Leftovers\n|-heal|p1a: Lanturn|125\/355|[from] item: Leftovers\n|upkeep\n|turn|11\n|\n|t:|1616176796\n|move|p2a: Urshifu|Wicked Blow|p1a: Lanturn\n|-crit|p1a: Lanturn\n|-damage|p1a: Lanturn|0 fnt\n|faint|p1a: Lanturn\n|\n|-heal|p2a: Urshifu|116\/277|[from] item: Leftovers\n|upkeep\n|\n|t:|1616176807\n|switch|p1a: Escavalier|Escavalier, L84, M|156\/255\n|turn|12\n|\n|t:|1616176811\n|move|p2a: Urshifu|Drain Punch|p1a: Escavalier\n|-damage|p1a: Escavalier|45\/255\n|-heal|p2a: Urshifu|172\/277|[from] drain|[of] p1a: Escavalier\n|move|p1a: Escavalier|Close Combat|p2a: Urshifu\n|-supereffective|p2a: Urshifu\n|-end|p2a: Urshifu|Substitute\n|-unboost|p1a: Escavalier|def|1\n|-unboost|p1a: Escavalier|spd|1\n|\n|-heal|p2a: Urshifu|189\/277|[from] item: Leftovers\n|-heal|p1a: Escavalier|60\/255|[from] item: Leftovers\n|upkeep\n|turn|13\n|\n|t:|1616176826\n|move|p2a: Urshifu|Wicked Blow|p1a: Escavalier\n|-crit|p1a: Escavalier\n|-damage|p1a: Escavalier|0 fnt\n|faint|p1a: Escavalier\n|\n|-heal|p2a: Urshifu|206\/277|[from] item: Leftovers\n|upkeep\n|\n|t:|1616176828\n|switch|p1a: Porygon-Z|Porygon-Z, L80|267\/267\n|-ability|p1a: Porygon-Z|Download|boost\n|-boost|p1a: Porygon-Z|spa|1\n|turn|14\n|\n|t:|1616176842\n|-start|p1a: Porygon-Z|Dynamax\n|-heal|p1a: Porygon-Z|534\/534|[silent]\n|move|p2a: Urshifu|Drain Punch|p1a: Porygon-Z\n|-supereffective|p1a: Porygon-Z\n|-damage|p1a: Porygon-Z|214\/534\n|-heal|p2a: Urshifu|277\/277|[from] drain|[of] p1a: Porygon-Z\n|move|p1a: Porygon-Z|Max Strike|p2a: Urshifu\n|-damage|p2a: Urshifu|0 fnt\n|-damage|p1a: Porygon-Z|188\/534|[from] item: Life Orb\n|faint|p2a: Urshifu\n|\n|upkeep\n|\n|t:|1616176859\n|switch|p2a: Hawlucha|Hawlucha, L80, F|256\/256\n|turn|15\n|\n|t:|1616176872\n|move|p2a: Hawlucha|Close Combat|p1a: Porygon-Z\n|-supereffective|p1a: Porygon-Z\n|-damage|p1a: Porygon-Z|0 fnt\n|-unboost|p2a: Hawlucha|def|1\n|-unboost|p2a: Hawlucha|spd|1\n|-enditem|p2a: Hawlucha|White Herb\n|-clearnegativeboost|p2a: Hawlucha|[silent]\n|faint|p1a: Porygon-Z\n|\n|upkeep\n|\n|t:|1616176874\n|switch|p1a: Chandelure|Chandelure, L82, M|233\/233\n|turn|16\n|\n|t:|1616176882\n|move|p2a: Hawlucha|Stone Edge|p1a: Chandelure|[miss]\n|-miss|p2a: Hawlucha|p1a: Chandelure\n|move|p1a: Chandelure|Shadow Ball|p2a: Hawlucha\n|-damage|p2a: Hawlucha|99\/256\n|\n|upkeep\n|turn|17\n|\n|t:|1616176889\n|move|p2a: Hawlucha|Stone Edge|p1a: Chandelure|[miss]\n|-miss|p2a: Hawlucha|p1a: Chandelure\n|move|p1a: Chandelure|Shadow Ball|p2a: Hawlucha\n|-damage|p2a: Hawlucha|0 fnt\n|faint|p2a: Hawlucha\n|\n|upkeep\n|\n|t:|1616176898\n|switch|p2a: Aurorus|Aurorus, L84, M|344\/344\n|-weather|Hail|[from] ability: Snow Warning|[of] p2a: Aurorus\n|turn|18\n|c|\u2606KimagureOrangeRoad|LELELELELELELEEE\n|inactive|stopthreat has 120 seconds left.\n|inactive|stopthreat has 90 seconds left.\n|\n|t:|1616176964\n|move|p1a: Chandelure|Shadow Ball|p2a: Aurorus\n|-damage|p2a: Aurorus|244\/344\n|-unboost|p2a: Aurorus|spd|1\n|move|p2a: Aurorus|Thunder Wave|p1a: Chandelure|[miss]\n|-miss|p2a: Aurorus|p1a: Chandelure\n|\n|-weather|Hail|[upkeep]\n|-damage|p1a: Chandelure|219\/233|[from] Hail\n|upkeep\n|turn|19\n|inactive|stopthreat has 90 seconds left.\n|c|\u2606stopthreat|yo\n|\n|t:|1616176980\n|move|p1a: Chandelure|Shadow Ball|p2a: Aurorus\n|-damage|p2a: Aurorus|91\/344\n|-unboost|p2a: Aurorus|spd|1\n|move|p2a: Aurorus|Thunder Wave|p1a: Chandelure\n|-status|p1a: Chandelure|par\n|\n|-weather|Hail|[upkeep]\n|-damage|p1a: Chandelure|205\/233 par|[from] Hail\n|upkeep\n|turn|20\n|\n|t:|1616176990\n|move|p2a: Aurorus|Earth Power|p1a: Chandelure\n|-supereffective|p1a: Chandelure\n|-damage|p1a: Chandelure|77\/233 par\n|move|p1a: Chandelure|Shadow Ball|p2a: Aurorus\n|-damage|p2a: Aurorus|0 fnt\n|faint|p2a: Aurorus\n|\n|-weather|Hail|[upkeep]\n|-damage|p1a: Chandelure|63\/233 par|[from] Hail\n|upkeep\n|\n|t:|1616176999\n|switch|p2a: Kyurem|Kyurem, L80|331\/331\n|-ability|p2a: Kyurem|Pressure\n|turn|21\n|\n|t:|1616177004\n|move|p2a: Kyurem|Substitute|p2a: Kyurem\n|-start|p2a: Kyurem|Substitute\n|-damage|p2a: Kyurem|249\/331\n|move|p1a: Chandelure|Shadow Ball|p2a: Kyurem\n|-end|p2a: Kyurem|Substitute\n|\n|-weather|Hail|[upkeep]\n|-damage|p1a: Chandelure|49\/233 par|[from] Hail\n|upkeep\n|turn|22\n|c|\u2606stopthreat|ur so lucky\n|c|\u2606KimagureOrangeRoad|RAAAHHH\n|\n|t:|1616177012\n|move|p2a: Kyurem|Substitute|p2a: Kyurem\n|-start|p2a: Kyurem|Substitute\n|-damage|p2a: Kyurem|167\/331\n|move|p1a: Chandelure|Shadow Ball|p2a: Kyurem\n|-end|p2a: Kyurem|Substitute\n|\n|-weather|none\n|upkeep\n|turn|23\n|inactive|stopthreat has 120 seconds left.\n|c|\u2606KimagureOrangeRoad|RAAAHHH\n|\n|t:|1616177019\n|move|p2a: Kyurem|Roost|p2a: Kyurem\n|-heal|p2a: Kyurem|331\/331\n|-singleturn|p2a: Kyurem|move: Roost\n|cant|p1a: Chandelure|par\n|\n|upkeep\n|turn|24\n|c|\u2606KimagureOrangeRoad|LIKE A BAWSS\n|inactive|stopthreat has 120 seconds left.\n|c|\u2606stopthreat|please talk to me\n|\n|t:|1616177032\n|move|p2a: Kyurem|Substitute|p2a: Kyurem\n|-start|p2a: Kyurem|Substitute\n|-damage|p2a: Kyurem|249\/331\n|move|p1a: Chandelure|Shadow Ball|p2a: Kyurem\n|-end|p2a: Kyurem|Substitute\n|\n|upkeep\n|turn|25\n|\n|t:|1616177039\n|move|p2a: Kyurem|Substitute|p2a: Kyurem\n|-start|p2a: Kyurem|Substitute\n|-damage|p2a: Kyurem|167\/331\n|move|p1a: Chandelure|Shadow Ball|p2a: Kyurem\n|-end|p2a: Kyurem|Substitute\n|\n|upkeep\n|turn|26\n|\n|t:|1616177046\n|move|p2a: Kyurem|Roost|p2a: Kyurem\n|-heal|p2a: Kyurem|331\/331\n|-singleturn|p2a: Kyurem|move: Roost\n|cant|p1a: Chandelure|par\n|\n|upkeep\n|turn|27\n|\n|t:|1616177051\n|move|p2a: Kyurem|Substitute|p2a: Kyurem\n|-start|p2a: Kyurem|Substitute\n|-damage|p2a: Kyurem|249\/331\n|move|p1a: Chandelure|Shadow Ball|p2a: Kyurem\n|-crit|p2a: Kyurem\n|-end|p2a: Kyurem|Substitute\n|\n|upkeep\n|turn|28\n|c|\u2606KimagureOrangeRoad|RAAAHHH\n|\n|t:|1616177079\n|move|p2a: Kyurem|Substitute|p2a: Kyurem\n|-start|p2a: Kyurem|Substitute\n|-damage|p2a: Kyurem|167\/331\n|move|p1a: Chandelure|Shadow Ball|p2a: Kyurem\n|-end|p2a: Kyurem|Substitute\n|\n|upkeep\n|turn|29\n|\n|t:|1616177085\n|move|p2a: Kyurem|Roost|p2a: Kyurem\n|-heal|p2a: Kyurem|331\/331\n|-singleturn|p2a: Kyurem|move: Roost\n|move|p1a: Chandelure|Shadow Ball|p2a: Kyurem\n|-damage|p2a: Kyurem|211\/331\n|\n|upkeep\n|turn|30\n|\n|t:|1616177098\n|move|p2a: Kyurem|Roost|p2a: Kyurem\n|-heal|p2a: Kyurem|331\/331\n|-singleturn|p2a: Kyurem|move: Roost\n|cant|p1a: Chandelure|par\n|\n|upkeep\n|turn|31\n|c|\u2606KimagureOrangeRoad|DO IT\n|c|\u2606stopthreat|whats up\n|\n|t:|1616177104\n|move|p2a: Kyurem|Substitute|p2a: Kyurem\n|-start|p2a: Kyurem|Substitute\n|-damage|p2a: Kyurem|249\/331\n|cant|p1a: Chandelure|par\n|\n|upkeep\n|turn|32\n|c|\u2606KimagureOrangeRoad|RAAAHHH\n|\n|t:|1616177111\n|move|p2a: Kyurem|Roost|p2a: Kyurem\n|-heal|p2a: Kyurem|331\/331\n|-singleturn|p2a: Kyurem|move: Roost\n|cant|p1a: Chandelure|par\n|\n|upkeep\n|turn|33\n|c|\u2606KimagureOrangeRoad|RAAAAAAHHHHHH\n|\n|t:|1616177128\n|move|p2a: Kyurem|Roost||[still]\n|-fail|p2a: Kyurem|heal\n|move|p1a: Chandelure|Shadow Ball|p2a: Kyurem\n|-end|p2a: Kyurem|Substitute\n|\n|upkeep\n|turn|34\n|c|\u2606stopthreat|whats your name\n|\n|t:|1616177135\n|move|p2a: Kyurem|Substitute|p2a: Kyurem\n|-start|p2a: Kyurem|Substitute\n|-damage|p2a: Kyurem|249\/331\n|move|p1a: Chandelure|Shadow Ball|p2a: Kyurem\n|-end|p2a: Kyurem|Substitute\n|\n|upkeep\n|turn|35\n|c|\u2606KimagureOrangeRoad|MY NAME IS TYRONE\n|c|\u2606stopthreat|hey tyrone\n|c|\u2606KimagureOrangeRoad|BIG D TYRONE\n|\n|t:|1616177151\n|move|p2a: Kyurem|Substitute|p2a: Kyurem\n|-start|p2a: Kyurem|Substitute\n|-damage|p2a: Kyurem|167\/331\n|-activate|p1a: Chandelure|move: Struggle\n|move|p1a: Chandelure|Struggle|p2a: Kyurem\n|-crit|p2a: Kyurem\n|-activate|p2a: Kyurem|move: Substitute|[damage]\n|-damage|p1a: Chandelure|0 fnt|[from] recoil\n|faint|p1a: Chandelure\n|\n|win|KimagureOrangeRoad\n|raw|stopthreat's rating: 1824 &rarr; <strong>1800<\/strong><br \/>(-24 for losing)\n|raw|KimagureOrangeRoad's rating: 1755 &rarr; <strong>1779<\/strong><br \/>(+24 for winning)\n|c|\u2606stopthreat|i dont think thats your name\n|c|\u2606KimagureOrangeRoad|HAHAHA\n|l|\u2606stopthreat\n||Ladder isn't responding, score probably updated but might not have (Request timeout).\n","inputlog":">version 9bb9b44295a130f681b527ce87703879831201b3\n>start {\"formatid\":\"gen8randombattle\",\"seed\":[25407,61826,3938,38404],\"rated\":\"Rated battle\"}\n>player p1 {\"name\":\"stopthreat\",\"avatar\":\"scientist-gen4dp\",\"team\":\"\",\"rating\":1806,\"seed\":[27173,56174,54307,15849]}\n>player p2 {\"name\":\"KimagureOrangeRoad\",\"avatar\":\"265\",\"team\":\"\",\"rating\":1755,\"seed\":[21654,18290,13356,26818]}\n>p1 move bravebird\n>p2 move dragondance\n>p1 move bravebird\n>p2 move closecombat dynamax\n>chat \u2606KimagureOrangeRoad|RAAAAHHHHH\n>p1 switch 4\n>p1 move flashcannon\n>p2 move outrage dynamax\n>chat \u2606stopthreat|calm down\n>p2 switch 4\n>chat \u2606KimagureOrangeRoad|SQUUEAAAKKK\n>p1 move flashcannon\n>p2 move nastyplot\n>p1 move flashcannon\n>p2 move thunderbolt\n>p1 switch 3\n>chat \u2606KimagureOrangeRoad|GONGAGONGA\n>p1 move shadowball\n>p2 move psychic\n>p2 switch 2\n>chat \u2606KimagureOrangeRoad|SHOW ME YOUR SACK\n>p1 switch 2\n>p2 move bulkup\n>p1 move closecombat\n>p2 move drainpunch\n>p1 switch 2\n>p2 move substitute\n>chat \u2606KimagureOrangeRoad|RAAAAAAHHHH RAAAAHHH\n>p1 switch 6\n>p2 move wickedblow\n>p1 move scald\n>p2 move wickedblow\n>p1 switch 2\n>p1 move closecombat\n>p2 move drainpunch\n>p1 move megahorn\n>p2 move wickedblow\n>p1 switch 5\n>p1 move triattack dynamax\n>p2 move drainpunch\n>p2 switch 3\n>p1 move icebeam dynamax\n>p2 move closecombat\n>p1 switch 6\n>p1 move shadowball\n>p2 move stoneedge\n>p1 move shadowball\n>p2 move stoneedge\n>p2 switch 5\n>chat \u2606KimagureOrangeRoad|LELELELELELELEEE\n>p1 move shadowball\n>p2 move thunderwave\n>chat \u2606stopthreat|yo\n>p1 move shadowball\n>p2 move thunderwave\n>p1 move shadowball\n>p2 move earthpower\n>p2 switch 6\n>p1 move shadowball\n>p2 move substitute\n>chat \u2606stopthreat|ur so lucky\n>chat \u2606KimagureOrangeRoad|RAAAHHH\n>p1 move shadowball\n>p2 move substitute\n>chat \u2606KimagureOrangeRoad|RAAAHHH\n>p1 move shadowball\n>p2 move roost\n>chat \u2606KimagureOrangeRoad|LIKE A BAWSS\n>chat \u2606stopthreat|please talk to me\n>p1 move shadowball\n>p2 move substitute\n>p1 move shadowball\n>p2 move substitute\n>p1 move shadowball\n>p2 move roost\n>p1 move shadowball\n>p2 move substitute\n>chat \u2606KimagureOrangeRoad|RAAAHHH\n>p1 move shadowball\n>p2 move substitute\n>p1 move shadowball\n>p2 move roost\n>p1 move shadowball\n>p2 move roost\n>chat \u2606KimagureOrangeRoad|DO IT\n>chat \u2606stopthreat|whats up\n>p1 move shadowball\n>p2 move substitute\n>chat \u2606KimagureOrangeRoad|RAAAHHH\n>p1 move shadowball\n>p2 move roost\n>chat \u2606KimagureOrangeRoad|RAAAAAAHHHHHH\n>p1 move shadowball\n>p2 move roost\n>chat \u2606stopthreat|whats your name\n>p1 move shadowball\n>p2 move substitute\n>chat \u2606KimagureOrangeRoad|MY NAME IS TYRONE\n>chat \u2606stopthreat|hey tyrone\n>chat \u2606KimagureOrangeRoad|BIG D TYRONE\n>p1 move struggle\n>p2 move substitute","uploadtime":1616177181,"views":25,"p1id":"stopthreat","p2id":"kimagureorangeroad","formatid":"gen8randombattle","rating":1779,"private":0,"password":null}