{"id":"gen8bdspnu-1526407316","p1":"SnxwyPlays","p2":"Ill Leave","format":"gen8bdspnu","log":"|j|\u203dSnxwyPlays\n|j|\u2606Ill Leave\n|inactive|Battle timer is ON: inactive players will automatically lose when time's up.\n|t:|1646767297\n|gametype|singles\n|player|p1|SnxwyPlays|red|\n|player|p2|Ill Leave|janine|\n|teamsize|p1|6\n|teamsize|p2|6\n|gen|8\n|tier|[Gen 8 BDSP] NU\n|rated|Tournament battle\n|rule|Sleep Clause Mod: Limit one foe put to sleep\n|rule|Species Clause: Limit one of each Pok\u00e9mon\n|rule|OHKO Clause: OHKO moves are banned\n|rule|Evasion Moves Clause: Evasion moves are banned\n|rule|Endless Battle Clause: Forcing endless battles is banned\n|rule|HP Percentage Mod: HP is shown in percentages\n|clearpoke\n|poke|p1|Linoone, M|\n|poke|p1|Drifblim, M|\n|poke|p1|Seviper, F|\n|poke|p1|Ampharos, M|\n|poke|p1|Lapras, F|\n|poke|p1|Leafeon, F|\n|poke|p2|Smeargle, M|\n|poke|p2|Dodrio, F|\n|poke|p2|Zangoose, F|\n|poke|p2|Tauros, M|\n|poke|p2|Kangaskhan, F|\n|poke|p2|Haunter, F|\n|teampreview\n|j| Dialga04\n|\n|t:|1646767304\n|start\n|switch|p1a: Linoone|Linoone, M|100\/100\n|switch|p2a: Dodrio|Dodrio, F|100\/100\n|turn|1\n|\n|t:|1646767308\n|move|p2a: Dodrio|Thrash|p1a: Linoone\n|-damage|p1a: Linoone|0 fnt\n|faint|p1a: Linoone\n|\n|upkeep\n|\n|t:|1646767311\n|switch|p1a: Drifblim|Drifblim, M|100\/100\n|turn|2\n|\n|t:|1646767315\n|move|p2a: Dodrio|Thrash|p1a: Drifblim|[from]lockedmove\n|-immune|p1a: Drifblim\n|move|p1a: Drifblim|Thunderbolt|p2a: Dodrio\n|-supereffective|p2a: Dodrio\n|-damage|p2a: Dodrio|7\/100\n|\n|-status|p1a: Drifblim|brn|[from] item: Flame Orb\n|upkeep\n|turn|3\n|\n|t:|1646767327\n|switch|p2a: Haunter|Haunter, F|100\/100\n|move|p1a: Drifblim|Thunderbolt|p2a: Haunter\n|-damage|p2a: Haunter|8\/100\n|\n|-damage|p1a: Drifblim|94\/100 brn|[from] brn\n|upkeep\n|turn|4\n|\n|t:|1646767334\n|move|p2a: Haunter|Hex|p1a: Drifblim\n|-supereffective|p1a: Drifblim\n|-damage|p1a: Drifblim|0 fnt\n|faint|p1a: Drifblim\n|\n|upkeep\n|j| Lord Falinks\n|\n|t:|1646767343\n|switch|p1a: Leafeon|Leafeon, F|100\/100\n|turn|5\n|l| Lord Falinks\n|\n|t:|1646767358\n|move|p2a: Haunter|Sludge Bomb|p1a: Leafeon\n|-supereffective|p1a: Leafeon\n|-damage|p1a: Leafeon|0 fnt\n|faint|p1a: Leafeon\n|\n|upkeep\n|\n|t:|1646767364\n|switch|p1a: Lapras|Lapras, F|100\/100\n|turn|6\n|\n|t:|1646767380\n|move|p2a: Haunter|Destiny Bond|p2a: Haunter\n|-singlemove|p2a: Haunter|Destiny Bond\n|move|p1a: Lapras|Substitute|p1a: Lapras\n|-start|p1a: Lapras|Substitute\n|-damage|p1a: Lapras|76\/100\n|\n|upkeep\n|turn|7\n|\n|t:|1646767387\n|move|p2a: Haunter|Sludge Bomb|p1a: Lapras\n|-activate|p1a: Lapras|move: Substitute|[damage]\n|move|p1a: Lapras|Surf|p2a: Haunter\n|-damage|p2a: Haunter|0 fnt\n|faint|p2a: Haunter\n|\n|upkeep\n|n| dotting eyes|dottingeyes\n|\n|t:|1646767400\n|switch|p2a: Dodrio|Dodrio, F|7\/100\n|turn|8\n|\n|t:|1646767405\n|move|p2a: Dodrio|Thrash|p1a: Lapras\n|-end|p1a: Lapras|Substitute\n|move|p1a: Lapras|Freeze-Dry|p2a: Dodrio\n|-supereffective|p2a: Dodrio\n|-damage|p2a: Dodrio|0 fnt\n|faint|p2a: Dodrio\n|\n|upkeep\n|\n|t:|1646767409\n|switch|p2a: Tauros|Tauros, M|100\/100\n|turn|9\n|\n|t:|1646767411\n|move|p2a: Tauros|Rock Slide|p1a: Lapras|[miss]\n|-miss|p2a: Tauros|p1a: Lapras\n|move|p1a: Lapras|Substitute|p1a: Lapras\n|-start|p1a: Lapras|Substitute\n|-damage|p1a: Lapras|51\/100\n|\n|upkeep\n|turn|10\n|\n|t:|1646767419\n|move|p2a: Tauros|Rock Slide|p1a: Lapras\n|-supereffective|p1a: Lapras\n|-end|p1a: Lapras|Substitute\n|move|p1a: Lapras|Surf|p2a: Tauros\n|-damage|p2a: Tauros|53\/100\n|\n|upkeep\n|turn|11\n|\n|t:|1646767426\n|move|p2a: Tauros|Rock Slide|p1a: Lapras\n|-supereffective|p1a: Lapras\n|-damage|p1a: Lapras|0 fnt\n|faint|p1a: Lapras\n|\n|upkeep\n|\n|t:|1646767431\n|switch|p1a: Ampharos|Ampharos, M|100\/100\n|turn|12\n|\n|t:|1646767436\n|move|p2a: Tauros|Earthquake|p1a: Ampharos\n|-supereffective|p1a: Ampharos\n|-damage|p1a: Ampharos|27\/100\n|-damage|p2a: Tauros|43\/100|[from] item: Life Orb\n|move|p1a: Ampharos|Thunderbolt|p2a: Tauros\n|-damage|p2a: Tauros|0 fnt\n|faint|p2a: Tauros\n|\n|-heal|p1a: Ampharos|34\/100|[from] item: Leftovers\n|upkeep\n|\n|t:|1646767447\n|switch|p2a: Zangoose|Zangoose, F|100\/100\n|turn|13\n|\n|t:|1646767453\n|move|p2a: Zangoose|Facade|p1a: Ampharos\n|-damage|p1a: Ampharos|0 fnt\n|-status|p2a: Zangoose|par|[from] ability: Static|[of] p1a: Ampharos\n|faint|p1a: Ampharos\n|\n|upkeep\n|\n|t:|1646767456\n|switch|p1a: Seviper|Seviper, F|100\/100\n|turn|14\n|\n|t:|1646767464\n|move|p1a: Seviper|Sludge Bomb|p2a: Zangoose\n|-damage|p2a: Zangoose|19\/100 par\n|cant|p2a: Zangoose|par\n|\n|upkeep\n|turn|15\n|\n|t:|1646767467\n|move|p2a: Zangoose|Quick Attack|p1a: Seviper\n|-damage|p1a: Seviper|70\/100\n|move|p1a: Seviper|Sludge Bomb|p2a: Zangoose\n|-damage|p2a: Zangoose|0 fnt\n|faint|p2a: Zangoose\n|\n|upkeep\n|\n|t:|1646767473\n|switch|p2a: Kangaskhan|Kangaskhan, F|100\/100\n|turn|16\n|\n|t:|1646767478\n|move|p2a: Kangaskhan|Fake Out|p1a: Seviper\n|-damage|p1a: Seviper|38\/100\n|cant|p1a: Seviper|flinch\n|\n|upkeep\n|turn|17\n|j|#Kris\n|\n|t:|1646767488\n|move|p2a: Kangaskhan|Double-Edge|p1a: Seviper\n|-damage|p1a: Seviper|0 fnt\n|faint|p1a: Seviper\n|-damage|p2a: Kangaskhan|88\/100|[from] Recoil\n|\n|win|Ill Leave\n|n|\u203dSnxwyPlays|snxwyplays\n|n|\u2606Ill Leave|illleave\n|n| dotting eyes|dottingeyes\n|n| Dialga04|dialga04\n|n|+Kris|kris\n|l|\u203dSnxwyPlays\n","uploadtime":1646767489,"views":16,"p1id":"snxwyplays","p2id":"illleave","formatid":"gen8bdspnu","rating":0,"private":0,"password":null}