{"id":"gen8ou-1252695141","p1":"Selah","p2":"Vodyne","format":"gen8ou","log":"|html|<div class=\"broadcast-blue\"><strong>[Gen 8] OU is currently suspecting Urshifu-S! For information on how to participate check out the <a href=\"https:\/\/www.smogon.com\/forums\/threads\/np-ss-ou-suspect-process-round-8-aint-no-rest-for-the-wicked.3675310\/\">suspect thread<\/a>.<\/strong><\/div>\n|j|\u2606Selah\n|j|\u2606Vodyne\n|t:|1609307907\n|player|p1|Selah|101|1529\n|player|p2|Vodyne|2|1426\n|teamsize|p1|6\n|teamsize|p2|6\n|gametype|singles\n|gen|8\n|tier|[Gen 8] OU\n|rated|\n|clearpoke\n|poke|p1|Moltres|\n|poke|p1|Gastrodon-East, F|\n|poke|p1|Ferrothorn, F|\n|poke|p1|Obstagoon, F|\n|poke|p1|Clefable, F|\n|poke|p1|Spectrier|\n|poke|p2|Blastoise, F|\n|poke|p2|Polteageist|\n|poke|p2|Tapu Lele|\n|poke|p2|Magearna|\n|poke|p2|Landorus-Therian, M|\n|poke|p2|Necrozma|\n|rule|Sleep Clause Mod: Limit one foe put to sleep\n|rule|Species Clause: Limit one of each Pok\u00e9mon\n|rule|OHKO Clause: OHKO moves are banned\n|rule|Evasion Moves Clause: Evasion moves are banned\n|rule|Endless Battle Clause: Forcing endless battles is banned\n|rule|HP Percentage Mod: HP is shown in percentages\n|rule|Dynamax Clause: You cannot dynamax\n|teampreview\n|j| Nesnot\n|c| Nesnot|POLTEAGEIST!\n|\n|t:|1609307935\n|start\n|switch|p1a: Clefable|Clefable, F|100\/100\n|switch|p2a: Landorus|Landorus-Therian, M|100\/100\n|-ability|p2a: Landorus|Intimidate|boost\n|-unboost|p1a: Clefable|atk|1\n|turn|1\n|inactive|Battle timer is ON: inactive players will automatically lose when time's up. (requested by Selah)\n|\n|t:|1609307943\n|move|p2a: Landorus|U-turn|p1a: Clefable\n|-resisted|p1a: Clefable\n|-damage|p1a: Clefable|90\/100\n|-damage|p2a: Landorus|84\/100|[from] item: Rocky Helmet|[of] p1a: Clefable\n|\n|t:|1609307953\n|switch|p2a: Magearna|Magearna|100\/100|[from]move: U-turn\n|move|p1a: Clefable|Stealth Rock|p2a: Magearna\n|-sidestart|p2: Vodyne|move: Stealth Rock\n|\n|upkeep\n|turn|2\n|\n|t:|1609307971\n|switch|p1a: Ferrothorn|Ferrothorn, F|100\/100\n|move|p2a: Magearna|Shift Gear|p2a: Magearna\n|-boost|p2a: Magearna|spe|2\n|-boost|p2a: Magearna|atk|1\n|\n|upkeep\n|turn|3\n|\n|t:|1609307973\n|move|p2a: Magearna|Focus Blast|p1a: Ferrothorn\n|-supereffective|p1a: Ferrothorn\n|-damage|p1a: Ferrothorn|3\/100\n|-damage|p2a: Magearna|91\/100|[from] item: Life Orb\n|move|p1a: Ferrothorn|Leech Seed|p2a: Magearna\n|-start|p2a: Magearna|move: Leech Seed\n|\n|-heal|p1a: Ferrothorn|9\/100|[from] item: Leftovers\n|-damage|p2a: Magearna|78\/100|[from] Leech Seed|[of] p1a: Ferrothorn\n|-heal|p1a: Ferrothorn|20\/100|[silent]\n|upkeep\n|turn|4\n|\n|t:|1609307984\n|switch|p1a: Gastrodon|Gastrodon-East, F|100\/100\n|move|p2a: Magearna|Thunderbolt|p1a: Gastrodon\n|-immune|p1a: Gastrodon\n|\n|-damage|p2a: Magearna|66\/100|[from] Leech Seed|[of] p1a: Gastrodon\n|upkeep\n|turn|5\n|\n|t:|1609307992\n|move|p2a: Magearna|Draining Kiss|p1a: Gastrodon\n|-damage|p1a: Gastrodon|75\/100\n|-heal|p2a: Magearna|93\/100|[from] drain|[of] p1a: Gastrodon\n|-damage|p2a: Magearna|83\/100|[from] item: Life Orb\n|move|p1a: Gastrodon|Recover|p1a: Gastrodon\n|-heal|p1a: Gastrodon|100\/100\n|\n|-damage|p2a: Magearna|70\/100|[from] Leech Seed|[of] p1a: Gastrodon\n|upkeep\n|turn|6\n|c| Nesnot|Oh yes this is that set!\n|\n|t:|1609308014\n|switch|p2a: Tapu Lele|Tapu Lele|100\/100\n|-damage|p2a: Tapu Lele|88\/100|[from] Stealth Rock\n|-fieldstart|move: Psychic Terrain|[from] ability: Psychic Surge|[of] p2a: Tapu Lele\n|move|p1a: Gastrodon|Scald|p2a: Tapu Lele\n|-damage|p2a: Tapu Lele|61\/100\n|-status|p2a: Tapu Lele|brn\n|\n|-damage|p2a: Tapu Lele|55\/100 brn|[from] brn\n|upkeep\n|turn|7\n|\n|t:|1609308030\n|switch|p1a: Clefable|Clefable, F|90\/100\n|move|p2a: Tapu Lele|Calm Mind|p2a: Tapu Lele\n|-boost|p2a: Tapu Lele|spa|1\n|-boost|p2a: Tapu Lele|spd|1\n|\n|-damage|p2a: Tapu Lele|49\/100 brn|[from] brn\n|upkeep\n|turn|8\n|\n|t:|1609308037\n|move|p2a: Tapu Lele|Psychic|p1a: Clefable\n|-damage|p1a: Clefable|0 fnt\n|faint|p1a: Clefable\n|\n|-damage|p2a: Tapu Lele|43\/100 brn|[from] brn\n|upkeep\n|\n|t:|1609308039\n|switch|p1a: Spectrier|Spectrier|100\/100\n|turn|9\n|\n|t:|1609308052\n|move|p1a: Spectrier|Shadow Ball|p2a: Tapu Lele\n|-supereffective|p2a: Tapu Lele\n|-damage|p2a: Tapu Lele|0 fnt\n|faint|p2a: Tapu Lele\n|-ability|p1a: Spectrier|Grim Neigh|boost\n|-boost|p1a: Spectrier|spa|1\n|\n|upkeep\n|\n|t:|1609308060\n|switch|p2a: Landorus|Landorus-Therian, M|84\/100\n|-damage|p2a: Landorus|72\/100|[from] Stealth Rock\n|-ability|p2a: Landorus|Intimidate|boost\n|-unboost|p1a: Spectrier|atk|1\n|turn|10\n|\n|t:|1609308064\n|switch|p1a: Ferrothorn|Ferrothorn, F|20\/100\n|move|p2a: Landorus|Knock Off|p1a: Ferrothorn\n|-damage|p1a: Ferrothorn|0 fnt\n|-damage|p2a: Landorus|59\/100|[from] ability: Iron Barbs|[of] p1a: Ferrothorn\n|-enditem|p1a: Ferrothorn|Leftovers|[from] move: Knock Off|[of] p2a: Landorus\n|faint|p1a: Ferrothorn\n|\n|upkeep\n|\n|t:|1609308080\n|switch|p1a: Gastrodon|Gastrodon-East, F|100\/100\n|turn|11\n|\n|t:|1609308084\n|switch|p2a: Polteageist|Polteageist|100\/100\n|-damage|p2a: Polteageist|88\/100|[from] Stealth Rock\n|move|p1a: Gastrodon|Scald|p2a: Polteageist\n|-crit|p2a: Polteageist\n|-damage|p2a: Polteageist|42\/100\n|\n|upkeep\n|turn|12\n|\n|t:|1609308093\n|switch|p1a: Moltres|Moltres|100\/100\n|move|p2a: Polteageist|Shell Smash|p2a: Polteageist\n|-unboost|p2a: Polteageist|def|1\n|-unboost|p2a: Polteageist|spd|1\n|-boost|p2a: Polteageist|atk|2\n|-boost|p2a: Polteageist|spa|2\n|-boost|p2a: Polteageist|spe|2\n|\n|upkeep\n|turn|13\n|c| Nesnot|GG\n|\n|t:|1609308101\n|switch|p1a: Obstagoon|Obstagoon, F, shiny|100\/100\n|move|p2a: Polteageist|Stored Power|p1a: Obstagoon\n|-immune|p1a: Obstagoon\n|\n|-fieldend|move: Psychic Terrain\n|-status|p1a: Obstagoon|brn|[from] item: Flame Orb\n|upkeep\n|turn|14\n|inactive|Vodyne has 120 seconds left.\n|\n|t:|1609308135\n|move|p2a: Polteageist|Giga Drain|p1a: Obstagoon\n|-damage|p1a: Obstagoon|24\/100 brn\n|-heal|p2a: Polteageist|91\/100|[from] drain|[of] p1a: Obstagoon\n|move|p1a: Obstagoon|Knock Off|p2a: Polteageist\n|-supereffective|p2a: Polteageist\n|-damage|p2a: Polteageist|0 fnt\n|-enditem|p2a: Polteageist|Focus Sash|[from] move: Knock Off|[of] p1a: Obstagoon\n|faint|p2a: Polteageist\n|\n|-damage|p1a: Obstagoon|18\/100 brn|[from] brn\n|upkeep\n|inactive|Vodyne has 120 seconds left.\n|\n|t:|1609308148\n|switch|p2a: Landorus|Landorus-Therian, M|59\/100\n|-damage|p2a: Landorus|47\/100|[from] Stealth Rock\n|-ability|p2a: Landorus|Intimidate|boost\n|-unboost|p1a: Obstagoon|atk|1\n|turn|15\n|\n|t:|1609308153\n|switch|p1a: Moltres|Moltres|100\/100\n|move|p2a: Landorus|U-turn|p1a: Moltres\n|-resisted|p1a: Moltres\n|-damage|p1a: Moltres|95\/100\n|\n|t:|1609308156\n|switch|p2a: Blastoise|Blastoise, F|100\/100|[from]move: U-turn\n|-damage|p2a: Blastoise|88\/100|[from] Stealth Rock\n|\n|upkeep\n|turn|16\n|\n|t:|1609308162\n|move|p2a: Blastoise|Shell Smash|p2a: Blastoise\n|-unboost|p2a: Blastoise|def|1\n|-unboost|p2a: Blastoise|spd|1\n|-boost|p2a: Blastoise|atk|2\n|-boost|p2a: Blastoise|spa|2\n|-boost|p2a: Blastoise|spe|2\n|move|p1a: Moltres|Mystical Fire|p2a: Blastoise\n|-resisted|p2a: Blastoise\n|-damage|p2a: Blastoise|65\/100\n|-unboost|p2a: Blastoise|spa|1\n|\n|upkeep\n|turn|17\n|\n|t:|1609308173\n|switch|p1a: Gastrodon|Gastrodon-East, F|100\/100\n|move|p2a: Blastoise|Shell Smash|p2a: Blastoise\n|-unboost|p2a: Blastoise|def|1\n|-unboost|p2a: Blastoise|spd|1\n|-boost|p2a: Blastoise|atk|2\n|-boost|p2a: Blastoise|spa|2\n|-boost|p2a: Blastoise|spe|2\n|\n|upkeep\n|turn|18\n|\n|t:|1609308177\n|move|p2a: Blastoise|Surf|p1a: Gastrodon\n|-ability|p1a: Gastrodon|Storm Drain|boost\n|-boost|p1a: Gastrodon|spa|1\n|move|p1a: Gastrodon|Clear Smog|p2a: Blastoise\n|-damage|p2a: Blastoise|28\/100\n|-clearboost|p2a: Blastoise\n|\n|upkeep\n|turn|19\n|c|\u2606Vodyne|f\n|\n|t:|1609308185\n|move|p2a: Blastoise|Shell Smash|p2a: Blastoise\n|-unboost|p2a: Blastoise|def|1\n|-unboost|p2a: Blastoise|spd|1\n|-boost|p2a: Blastoise|atk|2\n|-boost|p2a: Blastoise|spa|2\n|-boost|p2a: Blastoise|spe|2\n|move|p1a: Gastrodon|Earthquake|p2a: Blastoise\n|-damage|p2a: Blastoise|0 fnt\n|faint|p2a: Blastoise\n|\n|upkeep\n|\n|t:|1609308193\n|switch|p2a: Necrozma|Necrozma|100\/100\n|-damage|p2a: Necrozma|88\/100|[from] Stealth Rock\n|turn|20\n|\n|t:|1609308197\n|move|p2a: Necrozma|Autotomize|p2a: Necrozma\n|-boost|p2a: Necrozma|spe|2\n|-start|p2a: Necrozma|Autotomize\n|move|p1a: Gastrodon|Clear Smog|p2a: Necrozma\n|-damage|p2a: Necrozma|74\/100\n|-clearboost|p2a: Necrozma\n|\n|upkeep\n|turn|21\n|\n|t:|1609308220\n|move|p2a: Necrozma|Expanding Force|p1a: Gastrodon\n|-damage|p1a: Gastrodon|71\/100\n|move|p1a: Gastrodon|Scald|p2a: Necrozma\n|-damage|p2a: Necrozma|39\/100\n|\n|upkeep\n|turn|22\n|\n|t:|1609308226\n|move|p2a: Necrozma|Meteor Beam||[still]\n|-prepare|p2a: Necrozma|Meteor Beam\n|-boost|p2a: Necrozma|spa|1\n|-enditem|p2a: Necrozma|Power Herb\n|-anim|p2a: Necrozma|Meteor Beam|p1a: Gastrodon\n|-resisted|p1a: Gastrodon\n|-damage|p1a: Gastrodon|48\/100\n|move|p1a: Gastrodon|Scald|p2a: Necrozma\n|-damage|p2a: Necrozma|6\/100\n|\n|upkeep\n|turn|23\n|\n|t:|1609308235\n|move|p2a: Necrozma|Expanding Force|p1a: Gastrodon\n|-damage|p1a: Gastrodon|0 fnt\n|faint|p1a: Gastrodon\n|\n|upkeep\n|\n|t:|1609308240\n|switch|p1a: Obstagoon|Obstagoon, F, shiny|18\/100 brn\n|turn|24\n|\n|t:|1609308244\n|move|p1a: Obstagoon|Knock Off|p2a: Necrozma\n|-supereffective|p2a: Necrozma\n|-damage|p2a: Necrozma|0 fnt\n|faint|p2a: Necrozma\n|\n|-damage|p1a: Obstagoon|12\/100 brn|[from] brn\n|upkeep\n|\n|t:|1609308253\n|switch|p2a: Magearna|Magearna|70\/100\n|-damage|p2a: Magearna|64\/100|[from] Stealth Rock\n|turn|25\n|\n|t:|1609308258\n|move|p1a: Obstagoon|Switcheroo|p2a: Magearna\n|-activate|p1a: Obstagoon|move: Trick|[of] p2a: Magearna\n|-item|p2a: Magearna|Flame Orb|[from] move: Switcheroo\n|-item|p1a: Obstagoon|Life Orb|[from] move: Switcheroo\n|move|p2a: Magearna|Shift Gear|p2a: Magearna\n|-boost|p2a: Magearna|spe|2\n|-boost|p2a: Magearna|atk|1\n|\n|-damage|p1a: Obstagoon|5\/100 brn|[from] brn\n|-status|p2a: Magearna|brn|[from] item: Flame Orb\n|upkeep\n|turn|26\n|\n|t:|1609308270\n|switch|p1a: Spectrier|Spectrier|100\/100\n|move|p2a: Magearna|Draining Kiss|p1a: Spectrier\n|-damage|p1a: Spectrier|68\/100\n|-heal|p2a: Magearna|92\/100 brn|[from] drain|[of] p1a: Spectrier\n|\n|-damage|p2a: Magearna|86\/100 brn|[from] brn\n|upkeep\n|turn|27\n|\n|t:|1609308278\n|move|p2a: Magearna|Draining Kiss|p1a: Spectrier\n|-damage|p1a: Spectrier|35\/100\n|-heal|p2a: Magearna|100\/100 brn|[from] drain|[of] p1a: Spectrier\n|move|p1a: Spectrier|Hex|p2a: Magearna\n|-damage|p2a: Magearna|0 fnt\n|faint|p2a: Magearna\n|-ability|p1a: Spectrier|Grim Neigh|boost\n|-boost|p1a: Spectrier|spa|1\n|\n|upkeep\n|\n|t:|1609308284\n|switch|p2a: Landorus|Landorus-Therian, M|47\/100\n|-damage|p2a: Landorus|35\/100|[from] Stealth Rock\n|-ability|p2a: Landorus|Intimidate|boost\n|-unboost|p1a: Spectrier|atk|1\n|turn|28\n|\n|t:|1609308289\n|move|p2a: Landorus|Stone Edge|p1a: Spectrier\n|-crit|p1a: Spectrier\n|-damage|p1a: Spectrier|0 fnt\n|faint|p1a: Spectrier\n|\n|upkeep\n|\n|t:|1609308295\n|switch|p1a: Moltres|Moltres|95\/100\n|turn|29\n|\n|t:|1609308298\n|move|p2a: Landorus|Stone Edge|p1a: Moltres\n|-supereffective|p1a: Moltres\n|-damage|p1a: Moltres|0 fnt\n|faint|p1a: Moltres\n|\n|upkeep\n|\n|t:|1609308299\n|switch|p1a: Obstagoon|Obstagoon, F, shiny|5\/100 brn\n|turn|30\n|\n|t:|1609308301\n|move|p2a: Landorus|Stone Edge|p1a: Obstagoon\n|-damage|p1a: Obstagoon|0 fnt\n|faint|p1a: Obstagoon\n|\n|win|Vodyne\n|l|\u2606Selah\n|raw|Selah's rating: 1529 &rarr; <strong>1504<\/strong><br \/>(-25 for losing)\n|raw|Vodyne's rating: 1426 &rarr; <strong>1452<\/strong><br \/>(+26 for winning)\n|c|\u2606Vodyne|lets GO\n","uploadtime":1609308551,"views":44,"p1id":"selah","p2id":"vodyne","formatid":"gen8ou","rating":1452,"private":0,"password":null}