{"id":"gen8anythinggoes-1681701581","p1":"AGLT5TX Electro","p2":"Ivyon","format":"gen8anythinggoes","log":"|raw|<div class=\"broadcast-blue\"><strong>This battle is required to be public due to a player having a name starting with 'aglt5tx'.<\/div>\n|j|\u2606AGLT5TX Electro\n|j|\u2606Ivyon\n|t:|1665343657\n|gametype|singles\n|player|p1|AGLT5TX Electro|volkner-masters|1956\n|player|p2|Ivyon|blue-gen2|1842\n|teamsize|p1|6\n|teamsize|p2|6\n|gen|8\n|tier|[Gen 8] Anything Goes\n|rated|\n|rule|HP Percentage Mod: HP is shown in percentages\n|rule|Endless Battle Clause: Forcing endless battles is banned\n|clearpoke\n|poke|p1|Aerodactyl, M|\n|poke|p1|Butterfree, M|\n|poke|p1|Calyrex-Shadow|\n|poke|p1|Yveltal|\n|poke|p1|Dialga|\n|poke|p1|Kyogre|\n|poke|p2|Zacian-*|\n|poke|p2|Calyrex-Shadow|\n|poke|p2|Necrozma-Dusk-Mane|\n|poke|p2|Eternatus|\n|poke|p2|Ditto|\n|poke|p2|Yveltal|\n|teampreview\n|inactive|Battle timer is ON: inactive players will automatically lose when time's up. (requested by AGLT5TX Electro)\n|\n|t:|1665343667\n|start\n|switch|p1a: Aerodactyl|Aerodactyl, M|100\/100\n|switch|p2a: Zacian|Zacian-Crowned, shiny|100\/100\n|-ability|p2a: Zacian|Intrepid Sword|boost\n|-boost|p2a: Zacian|atk|1\n|-ability|p1a: Aerodactyl|Pressure\n|turn|1\n|\n|t:|1665343669\n|move|p2a: Zacian|Substitute|p2a: Zacian\n|-start|p2a: Zacian|Substitute\n|-damage|p2a: Zacian|76\/100\n|move|p1a: Aerodactyl|Stealth Rock|p2a: Zacian\n|-sidestart|p2: Ivyon|move: Stealth Rock\n|\n|upkeep\n|turn|2\n|\n|t:|1665343674\n|move|p2a: Zacian|Behemoth Blade|p1a: Aerodactyl\n|-supereffective|p1a: Aerodactyl\n|-enditem|p1a: Aerodactyl|Focus Sash\n|-damage|p1a: Aerodactyl|1\/100\n|move|p1a: Aerodactyl|Rock Tomb|p2a: Zacian\n|-resisted|p2a: Zacian\n|-activate|p2a: Zacian|move: Substitute|[damage]\n|\n|upkeep\n|turn|3\n|\n|t:|1665343679\n|move|p2a: Zacian|Swords Dance|p2a: Zacian\n|-boost|p2a: Zacian|atk|2\n|move|p1a: Aerodactyl|Rock Tomb|p2a: Zacian\n|-resisted|p2a: Zacian\n|-end|p2a: Zacian|Substitute\n|\n|upkeep\n|turn|4\n|\n|t:|1665343684\n|move|p2a: Zacian|Substitute|p2a: Zacian\n|-start|p2a: Zacian|Substitute\n|-damage|p2a: Zacian|51\/100\n|move|p1a: Aerodactyl|Taunt|p2a: Zacian\n|-start|p2a: Zacian|move: Taunt\n|\n|upkeep\n|turn|5\n|\n|t:|1665343687\n|move|p2a: Zacian|Crunch|p1a: Aerodactyl\n|-damage|p1a: Aerodactyl|0 fnt\n|faint|p1a: Aerodactyl\n|\n|upkeep\n|\n|t:|1665343689\n|switch|p1a: Calyrex|Calyrex-Shadow|100\/100\n|-ability|p1a: Calyrex|As One\n|-ability|p1a: Calyrex|Unnerve\n|turn|6\n|\n|t:|1665343692\n|move|p1a: Calyrex|Astral Barrage|p2a: Zacian\n|-end|p2a: Zacian|Substitute\n|move|p2a: Zacian|Crunch|p1a: Calyrex\n|-supereffective|p1a: Calyrex\n|-crit|p1a: Calyrex\n|-enditem|p1a: Calyrex|Focus Sash\n|-damage|p1a: Calyrex|1\/100\n|-unboost|p1a: Calyrex|def|1\n|\n|upkeep\n|turn|7\n|j| Aglt5tx Icy Bacon\n|\n|t:|1665343695\n|switch|p2a: Yveltal|Yveltal|100\/100\n|-ability|p2a: Yveltal|Dark Aura\n|move|p1a: Calyrex|Astral Barrage|p2a: Yveltal\n|-resisted|p2a: Yveltal\n|-damage|p2a: Yveltal|68\/100\n|\n|upkeep\n|turn|8\n|\n|t:|1665343703\n|switch|p1a: Yveltal|Yveltal|100\/100\n|-ability|p1a: Yveltal|Dark Aura\n|move|p2a: Yveltal|Defog|p1a: Yveltal\n|-unboost|p1a: Yveltal|evasion|1\n|-sideend|p2: Ivyon|Stealth Rock|[from] move: Defog|[of] p2a: Yveltal\n|\n|upkeep\n|turn|9\n|\n|t:|1665343720\n|-start|p2a: Yveltal|Dynamax|\n|-heal|p2a: Yveltal|68\/100|[silent]\n|move|p2a: Yveltal|Max Airstream|p1a: Yveltal\n|-damage|p1a: Yveltal|63\/100\n|-boost|p2a: Yveltal|spe|1\n|move|p1a: Yveltal|Heat Wave|p2a: Yveltal\n|-damage|p2a: Yveltal|52\/100\n|\n|upkeep\n|turn|10\n|\n|t:|1665343733\n|move|p2a: Yveltal|Max Darkness|p1a: Yveltal\n|-resisted|p1a: Yveltal\n|-damage|p1a: Yveltal|36\/100\n|-unboost|p1a: Yveltal|spd|1\n|move|p1a: Yveltal|Oblivion Wing|p2a: Yveltal\n|-damage|p2a: Yveltal|31\/100\n|-heal|p1a: Yveltal|68\/100|[from] drain|[of] p2a: Yveltal\n|\n|upkeep\n|turn|11\n|\n|t:|1665343740\n|move|p2a: Yveltal|Max Airstream|p1a: Yveltal\n|-damage|p1a: Yveltal|9\/100\n|-boost|p2a: Yveltal|spe|1\n|move|p1a: Yveltal|Oblivion Wing|p2a: Yveltal\n|-damage|p2a: Yveltal|9\/100\n|-heal|p1a: Yveltal|41\/100|[from] drain|[of] p2a: Yveltal\n|\n|upkeep\n|-end|p2a: Yveltal|Dynamax\n|-heal|p2a: Yveltal|9\/100|[silent]\n|turn|12\n|\n|t:|1665343747\n|move|p1a: Yveltal|Sucker Punch|p2a: Yveltal\n|-resisted|p2a: Yveltal\n|-damage|p2a: Yveltal|0 fnt\n|faint|p2a: Yveltal\n|\n|upkeep\n|\n|t:|1665343750\n|switch|p2a: Calyrex|Calyrex-Shadow|100\/100\n|-ability|p2a: Calyrex|As One\n|-ability|p2a: Calyrex|Unnerve\n|turn|13\n|\n|t:|1665343757\n|move|p1a: Yveltal|Sucker Punch|p2a: Calyrex\n|-supereffective|p2a: Calyrex\n|-enditem|p2a: Calyrex|Focus Sash\n|-damage|p2a: Calyrex|1\/100\n|move|p2a: Calyrex|Draining Kiss|p1a: Yveltal\n|-supereffective|p1a: Yveltal\n|-damage|p1a: Yveltal|2\/100\n|-heal|p2a: Calyrex|35\/100|[from] drain|[of] p1a: Yveltal\n|\n|upkeep\n|turn|14\n|\n|t:|1665343764\n|move|p1a: Yveltal|Sucker Punch||[still]\n|-fail|p1a: Yveltal\n|move|p2a: Calyrex|Nasty Plot|p2a: Calyrex\n|-boost|p2a: Calyrex|spa|2\n|\n|upkeep\n|turn|15\n|\n|t:|1665343768\n|move|p1a: Yveltal|Sucker Punch||[still]\n|-fail|p1a: Yveltal\n|move|p2a: Calyrex|Nasty Plot|p2a: Calyrex\n|-boost|p2a: Calyrex|spa|2\n|\n|upkeep\n|turn|16\n|\n|t:|1665343770\n|move|p1a: Yveltal|Sucker Punch||[still]\n|-fail|p1a: Yveltal\n|move|p2a: Calyrex|Nasty Plot|p2a: Calyrex\n|-boost|p2a: Calyrex|spa|2\n|\n|upkeep\n|turn|17\n|\n|t:|1665343773\n|move|p1a: Yveltal|Sucker Punch||[still]\n|-fail|p1a: Yveltal\n|move|p2a: Calyrex|Nasty Plot|p2a: Calyrex\n|-boost|p2a: Calyrex|spa|0\n|\n|upkeep\n|turn|18\n|\n|t:|1665343774\n|move|p1a: Yveltal|Sucker Punch||[still]\n|-fail|p1a: Yveltal\n|move|p2a: Calyrex|Nasty Plot|p2a: Calyrex\n|-boost|p2a: Calyrex|spa|0\n|\n|upkeep\n|turn|19\n|\n|t:|1665343779\n|move|p1a: Yveltal|Sucker Punch|p2a: Calyrex\n|-supereffective|p2a: Calyrex\n|-damage|p2a: Calyrex|0 fnt\n|faint|p2a: Calyrex\n|\n|upkeep\n|\n|t:|1665343802\n|switch|p2a: Eternatus|Eternatus|100\/100\n|-ability|p2a: Eternatus|Pressure\n|turn|20\n|j| BuckisRuiningIt\n|\n|t:|1665343811\n|move|p2a: Eternatus|Meteor Beam||[still]\n|-prepare|p2a: Eternatus|Meteor Beam\n|-boost|p2a: Eternatus|spa|1\n|-enditem|p2a: Eternatus|Power Herb\n|-anim|p2a: Eternatus|Meteor Beam|p1a: Yveltal\n|-supereffective|p1a: Yveltal\n|-damage|p1a: Yveltal|0 fnt\n|faint|p1a: Yveltal\n|\n|upkeep\n|\n|t:|1665343813\n|switch|p1a: Dialga|Dialga|100\/100\n|-ability|p1a: Dialga|Pressure\n|turn|21\n|\n|t:|1665343816\n|move|p2a: Eternatus|Dynamax Cannon|p1a: Dialga\n|-damage|p1a: Dialga|58\/100\n|move|p1a: Dialga|Dragon Pulse|p2a: Eternatus\n|-supereffective|p2a: Eternatus\n|-damage|p2a: Eternatus|19\/100\n|\n|upkeep\n|turn|22\n|\n|t:|1665343825\n|move|p2a: Eternatus|Dynamax Cannon|p1a: Dialga\n|-damage|p1a: Dialga|20\/100\n|move|p1a: Dialga|Flash Cannon|p2a: Eternatus\n|-damage|p2a: Eternatus|0 fnt\n|faint|p2a: Eternatus\n|\n|upkeep\n|\n|t:|1665343828\n|switch|p2a: Zacian|Zacian-Crowned, shiny|51\/100\n|-ability|p2a: Zacian|Intrepid Sword|boost\n|-boost|p2a: Zacian|atk|1\n|turn|23\n|\n|t:|1665343835\n|switch|p1a: Calyrex|Calyrex-Shadow|1\/100\n|-ability|p1a: Calyrex|As One\n|-ability|p1a: Calyrex|Unnerve\n|move|p2a: Zacian|Crunch|p1a: Calyrex\n|-supereffective|p1a: Calyrex\n|-damage|p1a: Calyrex|0 fnt\n|faint|p1a: Calyrex\n|\n|upkeep\n|\n|t:|1665343837\n|switch|p1a: Kyogre|Kyogre|100\/100\n|-weather|RainDance|[from] ability: Drizzle|[of] p1a: Kyogre\n|turn|24\n|\n|t:|1665343840\n|switch|p2a: Necrozma|Necrozma-Dusk-Mane|100\/100\n|move|p1a: Kyogre|Water Spout|p2a: Necrozma\n|-damage|p2a: Necrozma|0 fnt\n|faint|p2a: Necrozma\n|\n|-weather|RainDance|[upkeep]\n|upkeep\n|\n|t:|1665343845\n|switch|p2a: Ditto|Ditto|100\/100\n|-transform|p2a: Ditto|p1a: Kyogre|[from] ability: Imposter\n|turn|25\n|\n|t:|1665343848\n|switch|p1a: Dialga|Dialga|20\/100\n|-ability|p1a: Dialga|Pressure\n|move|p2a: Ditto|Thunder|p1a: Dialga\n|-resisted|p1a: Dialga\n|-damage|p1a: Dialga|9\/100\n|\n|-weather|RainDance|[upkeep]\n|upkeep\n|turn|26\n|j| los chamillos\n|\n|t:|1665343869\n|-start|p1a: Dialga|Dynamax|\n|-heal|p1a: Dialga|9\/100|[silent]\n|move|p2a: Ditto|Thunder|p1a: Dialga\n|-resisted|p1a: Dialga\n|-damage|p1a: Dialga|4\/100\n|-status|p1a: Dialga|par\n|move|p1a: Dialga|Max Lightning|p2a: Ditto\n|-supereffective|p2a: Ditto\n|-damage|p2a: Ditto|8\/100\n|-fieldstart|move: Electric Terrain\n|\n|-weather|RainDance|[upkeep]\n|upkeep\n|turn|27\n|\n|t:|1665343879\n|move|p2a: Ditto|Thunder|p1a: Dialga\n|-resisted|p1a: Dialga\n|-damage|p1a: Dialga|0 fnt\n|faint|p1a: Dialga\n|\n|-weather|RainDance|[upkeep]\n|upkeep\n|\n|t:|1665343882\n|switch|p1a: Kyogre|Kyogre|100\/100\n|turn|28\n|\n|t:|1665343897\n|switch|p2a: Zacian|Zacian-Crowned, shiny|51\/100\n|-ability|p2a: Zacian|Intrepid Sword|boost\n|-boost|p2a: Zacian|atk|1\n|move|p1a: Kyogre|Origin Pulse|p2a: Zacian\n|-damage|p2a: Zacian|0 fnt\n|faint|p2a: Zacian\n|\n|-weather|none\n|upkeep\n|\n|t:|1665343903\n|switch|p2a: Ditto|Ditto|8\/100\n|-transform|p2a: Ditto|p1a: Kyogre|[from] ability: Imposter\n|-weather|RainDance|[from] ability: Drizzle|[of] p2a: Ditto\n|turn|29\n|\n|t:|1665343917\n|switch|p1a: Butterfree|Butterfree, M|100\/100\n|move|p2a: Ditto|Thunder|p1a: Butterfree\n|-supereffective|p1a: Butterfree\n|-enditem|p1a: Butterfree|Focus Sash\n|-damage|p1a: Butterfree|1\/100\n|\n|-weather|RainDance|[upkeep]\n|upkeep\n|turn|30\n|\n|t:|1665343924\n|move|p2a: Ditto|Thunder|p1a: Butterfree\n|-supereffective|p1a: Butterfree\n|-damage|p1a: Butterfree|0 fnt\n|faint|p1a: Butterfree\n|\n|-weather|RainDance|[upkeep]\n|-fieldend|move: Electric Terrain\n|upkeep\n|\n|t:|1665343926\n|switch|p1a: Kyogre|Kyogre|100\/100\n|turn|31\n|\n|t:|1665343928\n|move|p1a: Kyogre|Thunder|p2a: Ditto\n|-supereffective|p2a: Ditto\n|-damage|p2a: Ditto|0 fnt\n|faint|p2a: Ditto\n|\n|win|AGLT5TX Electro\n|raw|AGLT5TX Electro's rating: 1956 &rarr; <strong>1970<\/strong><br \/>(+14 for winning)\n|raw|Ivyon's rating: 1842 &rarr; <strong>1828<\/strong><br \/>(-14 for losing)\n|l|\u2606Ivyon\n|c| BuckisRuiningIt|YES\n","uploadtime":1665343936,"views":6,"p1id":"aglt5txelectro","p2id":"ivyon","formatid":"gen8anythinggoes","rating":1828,"private":0,"password":null}