{"id":"gen8ou-1682576883","p1":"ty-tyui\u21bb","p2":"vnmmv","format":"gen8ou","log":"|j|\u2606ty-tyui\u21bb\n|j|\u2606vnmmv\n|t:|1665436762\n|gametype|singles\n|player|p1|ty-tyui\u21bb|kamado|1591\n|player|p2|vnmmv|265|1592\n|teamsize|p1|6\n|teamsize|p2|6\n|gen|8\n|tier|[Gen 8] OU\n|rated|\n|rule|Sleep Clause Mod: Limit one foe put to sleep\n|rule|Species Clause: Limit one of each Pok\u00e9mon\n|rule|OHKO Clause: OHKO moves are banned\n|rule|Evasion Items Clause: Evasion items are banned\n|rule|Evasion Moves Clause: Evasion moves are banned\n|rule|Endless Battle Clause: Forcing endless battles is banned\n|rule|HP Percentage Mod: HP is shown in percentages\n|rule|Dynamax Clause: You cannot dynamax\n|clearpoke\n|poke|p1|Mienshao, F|\n|poke|p1|Ninetales-Alola, M|\n|poke|p1|Blacephalon|\n|poke|p1|Landorus-Therian, M|\n|poke|p1|Corviknight, M|\n|poke|p1|Rotom-Wash|\n|poke|p2|Ferrothorn, F|\n|poke|p2|Tapu Lele|\n|poke|p2|Bisharp, F|\n|poke|p2|Landorus-Therian, M|\n|poke|p2|Tapu Koko|\n|poke|p2|Slowking-Galar, M|\n|teampreview\n|j| SubatomicDonut\n|\n|t:|1665436779\n|start\n|switch|p1a: Ninetales|Ninetales-Alola, M|100\/100\n|switch|p2a: Ferrothorn|Ferrothorn, F|100\/100\n|-weather|Hail|[from] ability: Snow Warning|[of] p1a: Ninetales\n|turn|1\n|\n|t:|1665436783\n|move|p1a: Ninetales|Blizzard|p2a: Ferrothorn\n|-damage|p2a: Ferrothorn|47\/100\n|move|p2a: Ferrothorn|Spikes|p1a: Ninetales\n|-sidestart|p1: ty-tyui\u21bb|Spikes\n|\n|-weather|Hail|[upkeep]\n|-damage|p2a: Ferrothorn|41\/100|[from] Hail\n|-heal|p2a: Ferrothorn|47\/100|[from] item: Leftovers\n|upkeep\n|turn|2\n|\n|t:|1665436786\n|switch|p2a: Slowking|Slowking-Galar, M|100\/100\n|move|p1a: Ninetales|Blizzard|p2a: Slowking\n|-damage|p2a: Slowking|71\/100\n|\n|-weather|Hail|[upkeep]\n|-damage|p2a: Slowking|65\/100|[from] Hail\n|upkeep\n|turn|3\n|\n|t:|1665436790\n|switch|p1a: Landorus|Landorus-Therian, M|100\/100\n|-ability|p1a: Landorus|Intimidate|boost\n|-unboost|p2a: Slowking|atk|1\n|move|p2a: Slowking|Future Sight|p1a: Landorus\n|-start|p2a: Slowking|move: Future Sight\n|\n|-weather|Hail|[upkeep]\n|-damage|p1a: Landorus|94\/100|[from] Hail\n|-damage|p2a: Slowking|59\/100|[from] Hail\n|-heal|p1a: Landorus|100\/100|[from] item: Leftovers\n|upkeep\n|turn|4\n|\n|t:|1665436796\n|switch|p2a: Landorus|Landorus-Therian, M|100\/100\n|-ability|p2a: Landorus|Intimidate|boost\n|-unboost|p1a: Landorus|atk|1\n|move|p1a: Landorus|Stealth Rock|p2a: Landorus\n|-sidestart|p2: vnmmv|move: Stealth Rock\n|\n|-weather|Hail|[upkeep]\n|-damage|p1a: Landorus|94\/100|[from] Hail\n|-damage|p2a: Landorus|94\/100|[from] Hail\n|-heal|p1a: Landorus|100\/100|[from] item: Leftovers\n|-heal|p2a: Landorus|100\/100|[from] item: Leftovers\n|upkeep\n|turn|5\n|\n|t:|1665436798\n|move|p1a: Landorus|Toxic|p2a: Landorus\n|-status|p2a: Landorus|tox\n|move|p2a: Landorus|Stealth Rock|p1a: Landorus\n|-sidestart|p1: ty-tyui\u21bb|move: Stealth Rock\n|\n|-weather|none\n|-end|p1a: Landorus|move: Future Sight\n|-damage|p1a: Landorus|59\/100\n|-heal|p1a: Landorus|65\/100|[from] item: Leftovers\n|-damage|p2a: Landorus|94\/100 tox|[from] psn\n|upkeep\n|turn|6\n|\n|t:|1665436803\n|move|p1a: Landorus|U-turn|p2a: Landorus\n|-resisted|p2a: Landorus\n|-damage|p2a: Landorus|88\/100 tox\n|\n|t:|1665436806\n|switch|p1a: Corviknight|Corviknight, M|100\/100|[from]move: U-turn\n|-damage|p1a: Corviknight|88\/100|[from] Stealth Rock\n|-ability|p1a: Corviknight|Pressure\n|move|p2a: Landorus|U-turn|p1a: Corviknight\n|-resisted|p1a: Corviknight\n|-damage|p1a: Corviknight|84\/100\n|-damage|p2a: Landorus|71\/100 tox|[from] item: Rocky Helmet|[of] p1a: Corviknight\n|\n|t:|1665436811\n|switch|p2a: Tapu Koko|Tapu Koko|100\/100|[from]move: U-turn\n|-fieldstart|move: Electric Terrain|[from] ability: Electric Surge|[of] p2a: Tapu Koko\n|\n|upkeep\n|turn|7\n|\n|t:|1665436824\n|move|p2a: Tapu Koko|Dazzling Gleam|p1a: Corviknight\n|-resisted|p1a: Corviknight\n|-damage|p1a: Corviknight|70\/100\n|move|p1a: Corviknight|Defog|p2a: Tapu Koko\n|-unboost|p2a: Tapu Koko|evasion|1\n|-sideend|p2: vnmmv|Stealth Rock|[from] move: Defog|[of] p1a: Corviknight\n|-sideend|p1: ty-tyui\u21bb|Spikes|[from] move: Defog|[of] p1a: Corviknight\n|-sideend|p1: ty-tyui\u21bb|Stealth Rock|[from] move: Defog|[of] p1a: Corviknight\n|-fieldend|move: Electric Terrain\n|\n|upkeep\n|turn|8\n|\n|t:|1665436829\n|move|p2a: Tapu Koko|Thunderbolt|p1a: Corviknight\n|-supereffective|p1a: Corviknight\n|-crit|p1a: Corviknight\n|-damage|p1a: Corviknight|0 fnt\n|faint|p1a: Corviknight\n|\n|upkeep\n|\n|t:|1665436836\n|switch|p1a: Blacephalon|Blacephalon, shiny|100\/100\n|turn|9\n|\n|t:|1665436838\n|switch|p2a: Slowking|Slowking-Galar, M|92\/100\n|move|p1a: Blacephalon|Overheat|p2a: Slowking\n|-damage|p2a: Slowking|56\/100\n|-unboost|p1a: Blacephalon|spa|2\n|\n|upkeep\n|turn|10\n|\n|t:|1665436843\n|switch|p1a: Landorus|Landorus-Therian, M|65\/100\n|-ability|p1a: Landorus|Intimidate|boost\n|-unboost|p2a: Slowking|atk|1\n|move|p2a: Slowking|Future Sight|p1a: Landorus\n|-start|p2a: Slowking|move: Future Sight\n|\n|-heal|p1a: Landorus|71\/100|[from] item: Leftovers\n|upkeep\n|turn|11\n|\n|t:|1665436848\n|switch|p2a: Ferrothorn|Ferrothorn, F|47\/100\n|move|p1a: Landorus|U-turn|p2a: Ferrothorn\n|-damage|p2a: Ferrothorn|34\/100\n|-damage|p1a: Landorus|59\/100|[from] ability: Iron Barbs|[of] p2a: Ferrothorn\n|\n|t:|1665436853\n|switch|p1a: Ninetales|Ninetales-Alola, M|100\/100|[from]move: U-turn\n|-weather|Hail|[from] ability: Snow Warning|[of] p1a: Ninetales\n|\n|-weather|Hail|[upkeep]\n|-damage|p2a: Ferrothorn|28\/100|[from] Hail\n|-heal|p2a: Ferrothorn|34\/100|[from] item: Leftovers\n|upkeep\n|turn|12\n|\n|t:|1665436858\n|switch|p2a: Slowking|Slowking-Galar, M|90\/100\n|move|p1a: Ninetales|Blizzard|p2a: Slowking\n|-damage|p2a: Slowking|60\/100\n|\n|-weather|Hail|[upkeep]\n|-damage|p2a: Slowking|54\/100|[from] Hail\n|-end|p1a: Ninetales|move: Future Sight\n|-damage|p1a: Ninetales|42\/100\n|upkeep\n|turn|13\n|\n|t:|1665436861\n|move|p1a: Ninetales|Blizzard|p2a: Slowking\n|-damage|p2a: Slowking|24\/100\n|move|p2a: Slowking|Future Sight|p1a: Ninetales\n|-start|p2a: Slowking|move: Future Sight\n|\n|-weather|Hail|[upkeep]\n|-damage|p2a: Slowking|18\/100|[from] Hail\n|upkeep\n|turn|14\n|\n|t:|1665436864\n|switch|p2a: Bisharp|Bisharp, F|100\/100\n|move|p1a: Ninetales|Blizzard|p2a: Bisharp\n|-resisted|p2a: Bisharp\n|-damage|p2a: Bisharp|47\/100\n|\n|-weather|Hail|[upkeep]\n|-damage|p2a: Bisharp|41\/100|[from] Hail\n|upkeep\n|turn|15\n|\n|t:|1665436868\n|move|p2a: Bisharp|Sucker Punch|p1a: Ninetales\n|-resisted|p1a: Ninetales\n|-damage|p1a: Ninetales|3\/100\n|move|p1a: Ninetales|Blizzard|p2a: Bisharp\n|-resisted|p2a: Bisharp\n|-damage|p2a: Bisharp|0 fnt\n|faint|p2a: Bisharp\n|\n|-weather|none\n|-end|p1a: Ninetales|move: Future Sight\n|-damage|p1a: Ninetales|0 fnt\n|faint|p1a: Ninetales\n|upkeep\n|\n|t:|1665436875\n|switch|p1a: Blacephalon|Blacephalon, shiny|100\/100\n|switch|p2a: Ferrothorn|Ferrothorn, F|34\/100\n|turn|16\n|\n|t:|1665436883\n|switch|p2a: Tapu Koko|Tapu Koko|100\/100\n|-fieldstart|move: Electric Terrain|[from] ability: Electric Surge|[of] p2a: Tapu Koko\n|move|p1a: Blacephalon|Shadow Ball|p2a: Tapu Koko\n|-damage|p2a: Tapu Koko|25\/100\n|\n|upkeep\n|turn|17\n|\n|t:|1665436887\n|move|p1a: Blacephalon|Shadow Ball|p2a: Tapu Koko\n|-damage|p2a: Tapu Koko|0 fnt\n|faint|p2a: Tapu Koko\n|-ability|p1a: Blacephalon|Beast Boost|boost\n|-boost|p1a: Blacephalon|spa|1\n|\n|upkeep\n|\n|t:|1665436891\n|switch|p2a: Landorus|Landorus-Therian, M|71\/100 tox\n|-ability|p2a: Landorus|Intimidate|boost\n|-unboost|p1a: Blacephalon|atk|1\n|turn|18\n|\n|t:|1665436894\n|switch|p1a: Rotom|Rotom-Wash|100\/100\n|move|p2a: Landorus|Knock Off|p1a: Rotom\n|-damage|p1a: Rotom|66\/100\n|-enditem|p1a: Rotom|Leftovers|[from] move: Knock Off|[of] p2a: Landorus\n|\n|-heal|p2a: Landorus|77\/100 tox|[from] item: Leftovers\n|-damage|p2a: Landorus|71\/100 tox|[from] psn\n|upkeep\n|turn|19\n|\n|t:|1665436897\n|switch|p2a: Ferrothorn|Ferrothorn, F|34\/100\n|move|p1a: Rotom|Volt Switch|p2a: Ferrothorn\n|-resisted|p2a: Ferrothorn\n|-damage|p2a: Ferrothorn|24\/100\n|\n|t:|1665436900\n|switch|p1a: Blacephalon|Blacephalon, shiny|100\/100|[from]move: Volt Switch\n|\n|-heal|p2a: Ferrothorn|31\/100|[from] item: Leftovers\n|upkeep\n|turn|20\n|\n|t:|1665436903\n|switch|p2a: Landorus|Landorus-Therian, M|71\/100 tox\n|-ability|p2a: Landorus|Intimidate|boost\n|-unboost|p1a: Blacephalon|atk|1\n|move|p1a: Blacephalon|Shadow Ball|p2a: Landorus\n|-damage|p2a: Landorus|36\/100 tox\n|\n|-heal|p2a: Landorus|42\/100 tox|[from] item: Leftovers\n|-damage|p2a: Landorus|36\/100 tox|[from] psn\n|-fieldend|move: Electric Terrain\n|upkeep\n|turn|21\n|\n|t:|1665436934\n|switch|p1a: Rotom|Rotom-Wash|66\/100\n|move|p2a: Landorus|U-turn|p1a: Rotom\n|-damage|p1a: Rotom|44\/100\n|\n|t:|1665436946\n|switch|p2a: Tapu Lele|Tapu Lele|100\/100|[from]move: U-turn\n|-fieldstart|move: Psychic Terrain|[from] ability: Psychic Surge|[of] p2a: Tapu Lele\n|\n|upkeep\n|turn|22\n|\n|t:|1665436949\n|move|p2a: Tapu Lele|Psychic|p1a: Rotom\n|-damage|p1a: Rotom|0 fnt\n|faint|p1a: Rotom\n|\n|upkeep\n|\n|t:|1665436952\n|switch|p1a: Blacephalon|Blacephalon, shiny|100\/100\n|turn|23\n|\n|t:|1665436955\n|move|p1a: Blacephalon|Shadow Ball|p2a: Tapu Lele\n|-supereffective|p2a: Tapu Lele\n|-damage|p2a: Tapu Lele|4\/100\n|move|p2a: Tapu Lele|Psychic|p1a: Blacephalon\n|-crit|p1a: Blacephalon\n|-damage|p1a: Blacephalon|0 fnt\n|faint|p1a: Blacephalon\n|\n|upkeep\n|\n|t:|1665436963\n|switch|p1a: Mienshao|Mienshao, F, shiny|100\/100\n|turn|24\n|\n|t:|1665436971\n|switch|p2a: Ferrothorn|Ferrothorn, F|31\/100\n|move|p1a: Mienshao|U-turn|p2a: Ferrothorn\n|-damage|p2a: Ferrothorn|14\/100\n|-damage|p1a: Mienshao|88\/100|[from] ability: Iron Barbs|[of] p2a: Ferrothorn\n|-damage|p1a: Mienshao|78\/100|[from] item: Life Orb\n|\n|t:|1665436974\n|switch|p1a: Landorus|Landorus-Therian, M|59\/100|[from]move: U-turn\n|-ability|p1a: Landorus|Intimidate|boost\n|-unboost|p2a: Ferrothorn|atk|1\n|\n|-heal|p1a: Landorus|65\/100|[from] item: Leftovers\n|-heal|p2a: Ferrothorn|20\/100|[from] item: Leftovers\n|upkeep\n|turn|25\n|\n|t:|1665436977\n|move|p1a: Landorus|Stealth Rock|p2a: Ferrothorn\n|-sidestart|p2: vnmmv|move: Stealth Rock\n|move|p2a: Ferrothorn|Leech Seed|p1a: Landorus\n|-start|p1a: Landorus|move: Leech Seed\n|\n|-heal|p1a: Landorus|71\/100|[from] item: Leftovers\n|-heal|p2a: Ferrothorn|26\/100|[from] item: Leftovers\n|-damage|p1a: Landorus|59\/100|[from] Leech Seed|[of] p2a: Ferrothorn\n|-heal|p2a: Ferrothorn|39\/100|[silent]\n|-fieldend|move: Psychic Terrain\n|upkeep\n|turn|26\n|\n|t:|1665436982\n|move|p1a: Landorus|Earthquake|p2a: Ferrothorn\n|-damage|p2a: Ferrothorn|13\/100\n|move|p2a: Ferrothorn|Leech Seed||[still]\n|-fail|p2a: Ferrothorn\n|\n|-heal|p1a: Landorus|65\/100|[from] item: Leftovers\n|-heal|p2a: Ferrothorn|19\/100|[from] item: Leftovers\n|-damage|p1a: Landorus|53\/100|[from] Leech Seed|[of] p2a: Ferrothorn\n|-heal|p2a: Ferrothorn|33\/100|[silent]\n|upkeep\n|turn|27\n|\n|t:|1665436989\n|move|p1a: Landorus|U-turn|p2a: Ferrothorn\n|-damage|p2a: Ferrothorn|21\/100\n|-damage|p1a: Landorus|40\/100|[from] ability: Iron Barbs|[of] p2a: Ferrothorn\n|\n|t:|1665436991\n|switch|p1a: Mienshao|Mienshao, F, shiny|100\/100|[from]move: U-turn\n|move|p2a: Ferrothorn|Knock Off|p1a: Mienshao\n|-resisted|p1a: Mienshao\n|-damage|p1a: Mienshao|88\/100\n|-enditem|p1a: Mienshao|Life Orb|[from] move: Knock Off|[of] p2a: Ferrothorn\n|\n|-heal|p2a: Ferrothorn|27\/100|[from] item: Leftovers\n|upkeep\n|turn|28\n|\n|t:|1665437000\n|switch|p2a: Tapu Lele|Tapu Lele|4\/100\n|-damage|p2a: Tapu Lele|0 fnt|[from] Stealth Rock\n|faint|p2a: Tapu Lele\n|move|p1a: Mienshao|Close Combat|p2: Tapu Lele|[notarget]\n|-fail|p1a: Mienshao\n|\n|upkeep\n|\n|t:|1665437005\n|switch|p2a: Landorus|Landorus-Therian, M|36\/100 tox\n|-damage|p2a: Landorus|24\/100 tox|[from] Stealth Rock\n|-ability|p2a: Landorus|Intimidate|boost\n|-unboost|p1a: Mienshao|atk|1\n|turn|29\n|\n|t:|1665437016\n|move|p1a: Mienshao|U-turn|p2a: Landorus\n|-resisted|p2a: Landorus\n|-crit|p2a: Landorus\n|-damage|p2a: Landorus|6\/100 tox\n|\n|t:|1665437019\n|switch|p1a: Landorus|Landorus-Therian, M|40\/100|[from]move: U-turn\n|-ability|p1a: Landorus|Intimidate|boost\n|-unboost|p2a: Landorus|atk|1\n|move|p2a: Landorus|Earthquake|p1a: Landorus\n|-immune|p1a: Landorus\n|\n|-heal|p1a: Landorus|46\/100|[from] item: Leftovers\n|-heal|p2a: Landorus|12\/100 tox|[from] item: Leftovers\n|-damage|p2a: Landorus|6\/100 tox|[from] psn\n|upkeep\n|turn|30\n|\n|t:|1665437022\n|move|p1a: Landorus|U-turn|p2a: Landorus\n|-resisted|p2a: Landorus\n|-damage|p2a: Landorus|0 fnt\n|faint|p2a: Landorus\n|\n|t:|1665437025\n|switch|p1a: Mienshao|Mienshao, F, shiny|100\/100|[from]move: U-turn\n|\n|upkeep\n|\n|t:|1665437029\n|switch|p2a: Slowking|Slowking-Galar, M|52\/100\n|-damage|p2a: Slowking|39\/100|[from] Stealth Rock\n|turn|31\n|\n|t:|1665437031\n|switch|p2a: Ferrothorn|Ferrothorn, F|27\/100\n|-damage|p2a: Ferrothorn|21\/100|[from] Stealth Rock\n|move|p1a: Mienshao|Knock Off|p2a: Ferrothorn\n|-damage|p2a: Ferrothorn|0 fnt\n|-damage|p1a: Mienshao|88\/100|[from] ability: Iron Barbs|[of] p2a: Ferrothorn\n|-enditem|p2a: Ferrothorn|Leftovers|[from] move: Knock Off|[of] p1a: Mienshao\n|faint|p2a: Ferrothorn\n|\n|upkeep\n|\n|t:|1665437033\n|switch|p2a: Slowking|Slowking-Galar, M|72\/100\n|-damage|p2a: Slowking|60\/100|[from] Stealth Rock\n|turn|32\n|c|\u2606ty-tyui\u21bb|gg\n|\n|t:|1665437037\n|move|p1a: Mienshao|Knock Off|p2a: Slowking\n|-supereffective|p2a: Slowking\n|-damage|p2a: Slowking|0 fnt\n|-enditem|p2a: Slowking|Assault Vest|[from] move: Knock Off|[of] p1a: Mienshao\n|faint|p2a: Slowking\n|\n|win|ty-tyui\u21bb\n|raw|ty-tyui\u21bb's rating: 1591 &rarr; <strong>1611<\/strong><br \/>(+20 for winning)\n|raw|vnmmv's rating: 1592 &rarr; <strong>1572<\/strong><br \/>(-20 for losing)\n|c|\u2606vnmmv|gg\n|l|\u2606vnmmv\n||Ladder isn't responding, score probably updated but might not have (Request timeout).\n","uploadtime":1665437062,"views":10,"p1id":"tytyui","p2id":"vnmmv","formatid":"gen8ou","rating":1572,"private":0,"password":null}