{"id":"gen8ou-1181665275","p1":"ranitidine","p2":"LT74PF kon","format":"gen8ou","log":"|raw|<div class=\"broadcast-blue\"><strong>This battle is required to be public due to a player having a name starting with 'LT74PF'.<\/div>\n|j|\u2606ranitidine\n|j|\u2606LT74PF kon\n|t:|1599312204\n|player|p1|ranitidine|266|1761\n|player|p2|LT74PF kon|volkner|1862\n|teamsize|p1|6\n|teamsize|p2|6\n|gametype|singles\n|gen|8\n|tier|[Gen 8] OU\n|rated|\n|clearpoke\n|poke|p1|Toxapex, M|\n|poke|p1|Hippowdon, F|\n|poke|p1|Urshifu-*, F|\n|poke|p1|Skarmory, M|\n|poke|p1|Clefable, M|\n|poke|p1|Excadrill, M|\n|poke|p2|Kyurem|\n|poke|p2|Kommo-o, M|\n|poke|p2|Zeraora|\n|poke|p2|Aegislash, F|\n|poke|p2|Clefable, M|\n|poke|p2|Mantine, F|\n|rule|Sleep Clause Mod: Limit one foe put to sleep\n|rule|Species Clause: Limit one of each Pok\u00e9mon\n|rule|OHKO Clause: OHKO moves are banned\n|rule|Evasion Moves Clause: Evasion moves are banned\n|rule|Endless Battle Clause: Forcing endless battles is banned\n|rule|HP Percentage Mod: HP is shown in percentages\n|rule|Dynamax Clause: You cannot dynamax\n|teampreview\n|inactive|Battle timer is ON: inactive players will automatically lose when time's up. (requested by LT74PF kon)\n|\n|t:|1599312217\n|start\n|switch|p1a: Toxapex|Toxapex, M|100\/100\n|switch|p2a: Kyurem|Kyurem|100\/100\n|-ability|p2a: Kyurem|Pressure\n|turn|1\n|\n|t:|1599312227\n|move|p2a: Kyurem|Freeze-Dry|p1a: Toxapex\n|-supereffective|p1a: Toxapex\n|-damage|p1a: Toxapex|16\/100\n|move|p1a: Toxapex|Knock Off|p2a: Kyurem\n|-damage|p2a: Kyurem|84\/100\n|-enditem|p2a: Kyurem|Choice Specs|[from] move: Knock Off|[of] p1a: Toxapex\n|\n|-heal|p1a: Toxapex|22\/100|[from] item: Black Sludge\n|upkeep\n|turn|2\n|\n|t:|1599312239\n|switch|p1a: Clefable|Clefable, M|100\/100\n|move|p2a: Kyurem|Ice Beam|p1a: Clefable\n|-damage|p1a: Clefable|59\/100\n|\n|upkeep\n|turn|3\n|\n|t:|1599312244\n|move|p2a: Kyurem|Ice Beam|p1a: Clefable\n|-damage|p1a: Clefable|14\/100\n|move|p1a: Clefable|Soft-Boiled|p1a: Clefable\n|-heal|p1a: Clefable|64\/100\n|\n|upkeep\n|turn|4\n|\n|t:|1599312253\n|move|p2a: Kyurem|Ice Beam|p1a: Clefable\n|-damage|p1a: Clefable|18\/100\n|move|p1a: Clefable|Soft-Boiled|p1a: Clefable\n|-heal|p1a: Clefable|68\/100\n|\n|upkeep\n|turn|5\n|\n|t:|1599312258\n|move|p2a: Kyurem|Ice Beam|p1a: Clefable\n|-damage|p1a: Clefable|22\/100\n|move|p1a: Clefable|Moonblast|p2a: Kyurem\n|-supereffective|p2a: Kyurem\n|-damage|p2a: Kyurem|3\/100\n|\n|upkeep\n|turn|6\n|\n|t:|1599312280\n|switch|p1a: Toxapex|Toxapex, M|55\/100\n|move|p2a: Kyurem|Freeze-Dry|p1a: Toxapex\n|-supereffective|p1a: Toxapex\n|-damage|p1a: Toxapex|0 fnt\n|faint|p1a: Toxapex\n|\n|upkeep\n|\n|t:|1599312286\n|switch|p1a: Urshifu|Urshifu-Rapid-Strike, F|100\/100\n|turn|7\n|\n|t:|1599312295\n|switch|p2a: Kommo-o|Kommo-o, M|100\/100\n|move|p1a: Urshifu|Close Combat|p2a: Kommo-o\n|-damage|p2a: Kommo-o|43\/100\n|-unboost|p1a: Urshifu|def|1\n|-unboost|p1a: Urshifu|spd|1\n|-damage|p1a: Urshifu|84\/100|[from] item: Rocky Helmet|[of] p2a: Kommo-o\n|\n|upkeep\n|turn|8\n|\n|t:|1599312307\n|switch|p1a: Hippowdon|Hippowdon, F|100\/100\n|-weather|Sandstorm|[from] ability: Sand Stream|[of] p1a: Hippowdon\n|switch|p2a: Aegislash|Aegislash, F|100\/100\n|\n|-weather|Sandstorm|[upkeep]\n|upkeep\n|turn|9\n|\n|t:|1599312315\n|switch|p2a: Clefable|Clefable, M|100\/100\n|move|p1a: Hippowdon|Stealth Rock|p2a: Clefable\n|-sidestart|p2: LT74PF kon|move: Stealth Rock\n|\n|-weather|Sandstorm|[upkeep]\n|upkeep\n|turn|10\n|\n|t:|1599312322\n|move|p2a: Clefable|Wish|p2a: Clefable\n|move|p1a: Hippowdon|Earthquake|p2a: Clefable\n|-damage|p2a: Clefable|71\/100\n|\n|-weather|Sandstorm|[upkeep]\n|-heal|p2a: Clefable|77\/100|[from] item: Leftovers\n|upkeep\n|turn|11\n|\n|t:|1599312339\n|switch|p1a: Clefable|Clefable, M|22\/100\n|move|p2a: Clefable|Teleport|p2a: Clefable\n|\n|t:|1599312356\n|switch|p2a: Aegislash|Aegislash, F|100\/100|[from]move: Teleport\n|-damage|p2a: Aegislash|94\/100|[from] Stealth Rock\n|\n|-weather|Sandstorm|[upkeep]\n|-heal|p2a: Aegislash|100\/100|[from] move: Wish|[wisher] Clefable\n|upkeep\n|turn|12\n|\n|t:|1599312360\n|switch|p1a: Hippowdon|Hippowdon, F|100\/100\n|-formechange|p2a: Aegislash|Aegislash-Blade||[from] ability: Stance Change\n|move|p2a: Aegislash|Shadow Ball|p1a: Hippowdon\n|-damage|p1a: Hippowdon|56\/100\n|\n|-weather|none\n|-heal|p1a: Hippowdon|62\/100|[from] item: Leftovers\n|upkeep\n|turn|13\n|\n|t:|1599312366\n|switch|p2a: Mantine|Mantine, F|100\/100\n|move|p1a: Hippowdon|Slack Off|p1a: Hippowdon\n|-heal|p1a: Hippowdon|100\/100\n|\n|upkeep\n|turn|14\n|\n|t:|1599312369\n|move|p2a: Mantine|Defog|p1a: Hippowdon\n|-unboost|p1a: Hippowdon|evasion|1\n|-sideend|p2: LT74PF kon|Stealth Rock|[from] move: Defog|[of] p2a: Mantine\n|move|p1a: Hippowdon|Toxic|p2a: Mantine\n|-status|p2a: Mantine|tox\n|\n|-damage|p2a: Mantine|94\/100 tox|[from] psn\n|upkeep\n|turn|15\n|\n|t:|1599312381\n|move|p2a: Mantine|Scald|p1a: Hippowdon\n|-supereffective|p1a: Hippowdon\n|-damage|p1a: Hippowdon|66\/100\n|-status|p1a: Hippowdon|brn\n|move|p1a: Hippowdon|Stealth Rock|p2a: Mantine\n|-sidestart|p2: LT74PF kon|move: Stealth Rock\n|\n|-heal|p1a: Hippowdon|72\/100 brn|[from] item: Leftovers\n|-damage|p2a: Mantine|82\/100 tox|[from] psn\n|-damage|p1a: Hippowdon|66\/100 brn|[from] brn\n|upkeep\n|turn|16\n|\n|t:|1599312386\n|move|p2a: Mantine|Scald|p1a: Hippowdon\n|-supereffective|p1a: Hippowdon\n|-damage|p1a: Hippowdon|32\/100 brn\n|move|p1a: Hippowdon|Slack Off|p1a: Hippowdon\n|-heal|p1a: Hippowdon|82\/100 brn\n|\n|-heal|p1a: Hippowdon|88\/100 brn|[from] item: Leftovers\n|-damage|p2a: Mantine|64\/100 tox|[from] psn\n|-damage|p1a: Hippowdon|82\/100 brn|[from] brn\n|upkeep\n|turn|17\n|\n|t:|1599312394\n|move|p2a: Mantine|Defog|p1a: Hippowdon\n|-unboost|p1a: Hippowdon|evasion|1\n|-sideend|p2: LT74PF kon|Stealth Rock|[from] move: Defog|[of] p2a: Mantine\n|move|p1a: Hippowdon|Slack Off|p1a: Hippowdon\n|-heal|p1a: Hippowdon|100\/100 brn\n|\n|-damage|p2a: Mantine|39\/100 tox|[from] psn\n|-damage|p1a: Hippowdon|94\/100 brn|[from] brn\n|upkeep\n|turn|18\n|\n|t:|1599312397\n|switch|p2a: Kyurem|Kyurem|3\/100\n|-ability|p2a: Kyurem|Pressure\n|move|p1a: Hippowdon|Stealth Rock|p2a: Kyurem\n|-sidestart|p2: LT74PF kon|move: Stealth Rock\n|\n|-heal|p1a: Hippowdon|100\/100 brn|[from] item: Leftovers\n|-damage|p1a: Hippowdon|94\/100 brn|[from] brn\n|upkeep\n|turn|19\n|\n|t:|1599312415\n|switch|p1a: Urshifu|Urshifu-Rapid-Strike, F|84\/100\n|move|p2a: Kyurem|Ice Beam|p1a: Urshifu\n|-resisted|p1a: Urshifu\n|-damage|p1a: Urshifu|47\/100\n|\n|upkeep\n|turn|20\n|\n|t:|1599312433\n|move|p1a: Urshifu|Close Combat|p2a: Kyurem\n|-supereffective|p2a: Kyurem\n|-damage|p2a: Kyurem|0 fnt\n|-unboost|p1a: Urshifu|def|1\n|-unboost|p1a: Urshifu|spd|1\n|faint|p2a: Kyurem\n|\n|upkeep\n|\n|t:|1599312444\n|switch|p2a: Clefable|Clefable, M|77\/100\n|turn|21\n|\n|t:|1599312450\n|switch|p1a: Clefable|Clefable, M|22\/100\n|move|p2a: Clefable|Wish|p2a: Clefable\n|\n|-heal|p2a: Clefable|83\/100|[from] item: Leftovers\n|upkeep\n|turn|22\n|\n|t:|1599312456\n|move|p1a: Clefable|Soft-Boiled|p1a: Clefable\n|-heal|p1a: Clefable|72\/100\n|move|p2a: Clefable|Moonblast|p1a: Clefable\n|-damage|p1a: Clefable|42\/100\n|\n|-heal|p2a: Clefable|100\/100|[from] move: Wish|[wisher] Clefable\n|upkeep\n|turn|23\n|\n|t:|1599312460\n|move|p1a: Clefable|Soft-Boiled|p1a: Clefable\n|-heal|p1a: Clefable|92\/100\n|move|p2a: Clefable|Teleport|p2a: Clefable\n|\n|t:|1599312462\n|switch|p2a: Aegislash|Aegislash, F|100\/100|[from]move: Teleport\n|-damage|p2a: Aegislash|94\/100|[from] Stealth Rock\n|\n|upkeep\n|turn|24\n|\n|t:|1599312474\n|switch|p1a: Hippowdon|Hippowdon, F|94\/100 brn\n|-weather|Sandstorm|[from] ability: Sand Stream|[of] p1a: Hippowdon\n|-formechange|p2a: Aegislash|Aegislash-Blade||[from] ability: Stance Change\n|move|p2a: Aegislash|Flash Cannon|p1a: Hippowdon\n|-damage|p1a: Hippowdon|58\/100 brn\n|\n|-weather|Sandstorm|[upkeep]\n|-heal|p1a: Hippowdon|65\/100 brn|[from] item: Leftovers\n|-damage|p1a: Hippowdon|58\/100 brn|[from] brn\n|upkeep\n|turn|25\n|\n|t:|1599312481\n|switch|p2a: Clefable|Clefable, M|100\/100\n|move|p1a: Hippowdon|Slack Off|p1a: Hippowdon\n|-heal|p1a: Hippowdon|100\/100 brn\n|\n|-weather|Sandstorm|[upkeep]\n|-damage|p1a: Hippowdon|94\/100 brn|[from] brn\n|upkeep\n|turn|26\n|\n|t:|1599312483\n|switch|p1a: Excadrill|Excadrill, M|100\/100\n|move|p2a: Clefable|Wish|p2a: Clefable\n|\n|-weather|Sandstorm|[upkeep]\n|upkeep\n|turn|27\n|\n|t:|1599312491\n|move|p1a: Excadrill|Earthquake|p2a: Clefable\n|-damage|p2a: Clefable|55\/100\n|move|p2a: Clefable|Teleport|p2a: Clefable\n|\n|t:|1599312494\n|switch|p2a: Kommo-o|Kommo-o, M|43\/100|[from]move: Teleport\n|-damage|p2a: Kommo-o|36\/100|[from] Stealth Rock\n|\n|-weather|Sandstorm|[upkeep]\n|-damage|p2a: Kommo-o|30\/100|[from] Sandstorm\n|-heal|p2a: Kommo-o|86\/100|[from] move: Wish|[wisher] Clefable\n|upkeep\n|turn|28\n|\n|t:|1599312499\n|switch|p1a: Clefable|Clefable, M|92\/100\n|move|p2a: Kommo-o|Body Press|p1a: Clefable\n|-resisted|p1a: Clefable\n|-damage|p1a: Clefable|75\/100\n|\n|-weather|none\n|upkeep\n|turn|29\n|\n|t:|1599312503\n|switch|p2a: Aegislash|Aegislash, F|94\/100\n|-damage|p2a: Aegislash|88\/100|[from] Stealth Rock\n|move|p1a: Clefable|Moonblast|p2a: Aegislash\n|-resisted|p2a: Aegislash\n|-crit|p2a: Aegislash\n|-damage|p2a: Aegislash|52\/100\n|\n|upkeep\n|turn|30\n|\n|t:|1599312507\n|switch|p1a: Hippowdon|Hippowdon, F|94\/100 brn\n|-weather|Sandstorm|[from] ability: Sand Stream|[of] p1a: Hippowdon\n|-formechange|p2a: Aegislash|Aegislash-Blade||[from] ability: Stance Change\n|move|p2a: Aegislash|Shadow Ball|p1a: Hippowdon\n|-damage|p1a: Hippowdon|52\/100 brn\n|\n|-weather|Sandstorm|[upkeep]\n|-heal|p1a: Hippowdon|58\/100 brn|[from] item: Leftovers\n|-damage|p1a: Hippowdon|52\/100 brn|[from] brn\n|upkeep\n|turn|31\n|\n|t:|1599312513\n|switch|p2a: Clefable|Clefable, M|55\/100\n|move|p1a: Hippowdon|Slack Off|p1a: Hippowdon\n|-heal|p1a: Hippowdon|100\/100 brn\n|\n|-weather|Sandstorm|[upkeep]\n|-heal|p2a: Clefable|61\/100|[from] item: Leftovers\n|-damage|p1a: Hippowdon|94\/100 brn|[from] brn\n|upkeep\n|turn|32\n|\n|t:|1599312520\n|switch|p1a: Excadrill|Excadrill, M|100\/100\n|move|p2a: Clefable|Wish|p2a: Clefable\n|\n|-weather|Sandstorm|[upkeep]\n|-heal|p2a: Clefable|68\/100|[from] item: Leftovers\n|upkeep\n|turn|33\n|\n|t:|1599312528\n|switch|p2a: Kommo-o|Kommo-o, M|86\/100\n|-damage|p2a: Kommo-o|80\/100|[from] Stealth Rock\n|move|p1a: Excadrill|Earthquake|p2a: Kommo-o\n|-damage|p2a: Kommo-o|43\/100\n|\n|-weather|Sandstorm|[upkeep]\n|-damage|p2a: Kommo-o|37\/100|[from] Sandstorm\n|-heal|p2a: Kommo-o|92\/100|[from] move: Wish|[wisher] Clefable\n|upkeep\n|turn|34\n|\n|t:|1599312542\n|switch|p1a: Clefable|Clefable, M|75\/100\n|move|p2a: Kommo-o|Stealth Rock|p1a: Clefable\n|-sidestart|p1: ranitidine|move: Stealth Rock\n|\n|-weather|none\n|upkeep\n|turn|35\n|\n|t:|1599312551\n|switch|p2a: Zeraora|Zeraora|100\/100\n|-damage|p2a: Zeraora|88\/100|[from] Stealth Rock\n|move|p1a: Clefable|Moonblast|p2a: Zeraora\n|-damage|p2a: Zeraora|31\/100\n|-unboost|p2a: Zeraora|spa|1\n|\n|upkeep\n|turn|36\n|\n|t:|1599312555\n|move|p2a: Zeraora|Volt Switch|p1a: Clefable\n|-damage|p1a: Clefable|51\/100\n|\n|t:|1599312558\n|switch|p2a: Aegislash|Aegislash, F|52\/100|[from]move: Volt Switch\n|-damage|p2a: Aegislash|46\/100|[from] Stealth Rock\n|move|p1a: Clefable|Soft-Boiled|p1a: Clefable\n|-heal|p1a: Clefable|100\/100\n|\n|upkeep\n|turn|37\n|\n|t:|1599312563\n|switch|p1a: Hippowdon|Hippowdon, F|94\/100 brn\n|-damage|p1a: Hippowdon|88\/100 brn|[from] Stealth Rock\n|-weather|Sandstorm|[from] ability: Sand Stream|[of] p1a: Hippowdon\n|-formechange|p2a: Aegislash|Aegislash-Blade||[from] ability: Stance Change\n|move|p2a: Aegislash|Flash Cannon|p1a: Hippowdon\n|-damage|p1a: Hippowdon|53\/100 brn\n|\n|-weather|Sandstorm|[upkeep]\n|-heal|p1a: Hippowdon|59\/100 brn|[from] item: Leftovers\n|-damage|p1a: Hippowdon|53\/100 brn|[from] brn\n|upkeep\n|turn|38\n|\n|t:|1599312565\n|move|p2a: Aegislash|Shadow Ball|p1a: Hippowdon\n|-crit|p1a: Hippowdon\n|-damage|p1a: Hippowdon|0 fnt\n|faint|p1a: Hippowdon\n|\n|-weather|Sandstorm|[upkeep]\n|upkeep\n|c|\u2606ranitidine|'-'\n|\n|t:|1599312583\n|switch|p1a: Excadrill|Excadrill, M|100\/100\n|-damage|p1a: Excadrill|97\/100|[from] Stealth Rock\n|turn|39\n|\n|t:|1599312593\n|switch|p1a: Clefable|Clefable, M|100\/100\n|switch|p2a: Mantine|Mantine, F|39\/100 tox\n|\n|-weather|Sandstorm|[upkeep]\n|-damage|p2a: Mantine|33\/100 tox|[from] Sandstorm\n|-damage|p2a: Mantine|27\/100 tox|[from] psn\n|upkeep\n|turn|40\n|\n|t:|1599312600\n|move|p2a: Mantine|Defog|p1a: Clefable\n|-unboost|p1a: Clefable|evasion|1\n|-sideend|p1: ranitidine|Stealth Rock|[from] move: Defog|[of] p2a: Mantine\n|-sideend|p2: LT74PF kon|Stealth Rock|[from] move: Defog|[of] p2a: Mantine\n|move|p1a: Clefable|Calm Mind|p1a: Clefable\n|-boost|p1a: Clefable|spa|1\n|-boost|p1a: Clefable|spd|1\n|\n|-weather|Sandstorm|[upkeep]\n|-damage|p2a: Mantine|20\/100 tox|[from] Sandstorm\n|-damage|p2a: Mantine|8\/100 tox|[from] psn\n|upkeep\n|turn|41\n|\n|t:|1599312605\n|move|p2a: Mantine|Haze|p2a: Mantine\n|-clearallboost\n|move|p1a: Clefable|Calm Mind|p1a: Clefable\n|-boost|p1a: Clefable|spa|1\n|-boost|p1a: Clefable|spd|1\n|\n|-weather|none\n|-damage|p2a: Mantine|0 fnt|[from] psn\n|faint|p2a: Mantine\n|upkeep\n|\n|t:|1599312609\n|switch|p2a: Aegislash|Aegislash, F|46\/100\n|turn|42\n|\n|t:|1599312614\n|-formechange|p2a: Aegislash|Aegislash-Blade||[from] ability: Stance Change\n|move|p2a: Aegislash|Flash Cannon|p1a: Clefable\n|-supereffective|p1a: Clefable\n|-damage|p1a: Clefable|35\/100\n|move|p1a: Clefable|Moonblast|p2a: Aegislash\n|-resisted|p2a: Aegislash\n|-damage|p2a: Aegislash|0 fnt\n|faint|p2a: Aegislash\n|\n|upkeep\n|\n|t:|1599312618\n|switch|p2a: Zeraora|Zeraora|31\/100\n|turn|43\n|\n|t:|1599312631\n|switch|p1a: Skarmory|Skarmory, M|100\/100\n|move|p2a: Zeraora|Thunderbolt|p1a: Skarmory\n|-supereffective|p1a: Skarmory\n|-ability|p1a: Skarmory|Sturdy\n|-damage|p1a: Skarmory|1\/100\n|\n|upkeep\n|turn|44\n|\n|t:|1599312635\n|move|p2a: Zeraora|Thunderbolt|p1a: Skarmory\n|-supereffective|p1a: Skarmory\n|-damage|p1a: Skarmory|0 fnt\n|faint|p1a: Skarmory\n|\n|upkeep\n|\n|t:|1599312637\n|switch|p1a: Urshifu|Urshifu-Rapid-Strike, F|47\/100\n|turn|45\n|\n|t:|1599312644\n|switch|p2a: Clefable|Clefable, M|68\/100\n|move|p1a: Urshifu|Aqua Jet|p2a: Clefable\n|-damage|p2a: Clefable|42\/100\n|\n|-heal|p2a: Clefable|48\/100|[from] item: Leftovers\n|upkeep\n|turn|46\n|\n|t:|1599312653\n|switch|p1a: Excadrill|Excadrill, M|97\/100\n|move|p2a: Clefable|Teleport|p2a: Clefable\n|\n|t:|1599312655\n|switch|p2a: Kommo-o|Kommo-o, M|92\/100|[from]move: Teleport\n|\n|-heal|p1a: Excadrill|100\/100|[from] item: Leftovers\n|upkeep\n|turn|47\n|\n|t:|1599312659\n|switch|p1a: Urshifu|Urshifu-Rapid-Strike, F|47\/100\n|move|p2a: Kommo-o|Body Press|p1a: Urshifu\n|-damage|p1a: Urshifu|1\/100\n|\n|upkeep\n|turn|48\n|\n|t:|1599312669\n|switch|p2a: Clefable|Clefable, M|48\/100\n|move|p1a: Urshifu|Close Combat|p2a: Clefable\n|-resisted|p2a: Clefable\n|-damage|p2a: Clefable|11\/100\n|-unboost|p1a: Urshifu|def|1\n|-unboost|p1a: Urshifu|spd|1\n|\n|-heal|p2a: Clefable|17\/100|[from] item: Leftovers\n|upkeep\n|turn|49\n|\n|t:|1599312677\n|move|p1a: Urshifu|Close Combat|p2a: Clefable\n|-resisted|p2a: Clefable\n|-damage|p2a: Clefable|0 fnt\n|-unboost|p1a: Urshifu|def|1\n|-unboost|p1a: Urshifu|spd|1\n|faint|p2a: Clefable\n|\n|upkeep\n|\n|t:|1599312680\n|switch|p2a: Zeraora|Zeraora|31\/100\n|turn|50\n|\n|t:|1599312685\n|switch|p1a: Excadrill|Excadrill, M|100\/100\n|move|p2a: Zeraora|Knock Off|p1a: Excadrill\n|-damage|p1a: Excadrill|68\/100\n|-enditem|p1a: Excadrill|Leftovers|[from] move: Knock Off|[of] p2a: Zeraora\n|\n|upkeep\n|turn|51\n|\n|t:|1599312694\n|switch|p2a: Kommo-o|Kommo-o, M|92\/100\n|move|p1a: Excadrill|Earthquake|p2a: Kommo-o\n|-damage|p2a: Kommo-o|55\/100\n|\n|upkeep\n|turn|52\n|\n|t:|1599312704\n|switch|p1a: Urshifu|Urshifu-Rapid-Strike, F|1\/100\n|move|p2a: Kommo-o|Body Press|p1a: Urshifu\n|-damage|p1a: Urshifu|0 fnt\n|faint|p1a: Urshifu\n|\n|upkeep\n|\n|t:|1599312708\n|switch|p1a: Clefable|Clefable, M|35\/100\n|turn|53\n|\n|t:|1599312716\n|move|p2a: Kommo-o|Body Press|p1a: Clefable\n|-resisted|p1a: Clefable\n|-damage|p1a: Clefable|17\/100\n|move|p1a: Clefable|Soft-Boiled|p1a: Clefable\n|-heal|p1a: Clefable|67\/100\n|\n|upkeep\n|turn|54\n|\n|t:|1599312723\n|switch|p2a: Zeraora|Zeraora|31\/100\n|move|p1a: Clefable|Calm Mind|p1a: Clefable\n|-boost|p1a: Clefable|spa|1\n|-boost|p1a: Clefable|spd|1\n|\n|upkeep\n|turn|55\n|\n|t:|1599312726\n|move|p2a: Zeraora|Thunderbolt|p1a: Clefable\n|-crit|p1a: Clefable\n|-damage|p1a: Clefable|0 fnt\n|faint|p1a: Clefable\n|\n|upkeep\n|c|\u2606ranitidine|,\n|c|\u2606ranitidine|gotta be kidding me\n|\n|t:|1599312750\n|switch|p1a: Excadrill|Excadrill, M|68\/100\n|turn|56\n|\n|t:|1599312772\n|move|p2a: Zeraora|Grass Knot|p1a: Excadrill\n|-damage|p1a: Excadrill|41\/100\n|move|p1a: Excadrill|Swords Dance|p1a: Excadrill\n|-boost|p1a: Excadrill|atk|2\n|\n|upkeep\n|turn|57\n|inactive|LT74PF kon has 120 seconds left.\n|\n|t:|1599312802\n|move|p2a: Zeraora|Grass Knot|p1a: Excadrill\n|-damage|p1a: Excadrill|17\/100\n|move|p1a: Excadrill|Rapid Spin|p2a: Zeraora\n|-damage|p2a: Zeraora|0 fnt\n|-boost|p1a: Excadrill|spe|1\n|faint|p2a: Zeraora\n|\n|upkeep\n|\n|t:|1599312807\n|switch|p2a: Kommo-o|Kommo-o, M|55\/100\n|turn|58\n|\n|t:|1599312809\n|move|p1a: Excadrill|Earthquake|p2a: Kommo-o\n|-damage|p2a: Kommo-o|0 fnt\n|faint|p2a: Kommo-o\n|\n|win|ranitidine\n|l|\u2606LT74PF kon\n|raw|ranitidine's rating: 1761 &rarr; <strong>1787<\/strong><br \/>(+26 for winning)\n|raw|LT74PF kon's rating: 1862 &rarr; <strong>1837<\/strong><br \/>(-25 for losing)\n","uploadtime":1599312819,"views":58,"p1id":"ranitidine","p2id":"lt74pfkon","formatid":"gen8ou","rating":1787,"private":0,"password":null}