{"id":"gen8nationaldexag-1100689046","p1":"85792195wwww","p2":"willcoxw","format":"gen8nationaldexag","log":"|j|\u260685792195wwww\n|j|\u2606willcoxw\n|player|p1|85792195wwww|lady|1789\n|player|p2|willcoxw|clair|1654\n|teamsize|p1|6\n|teamsize|p2|6\n|gametype|singles\n|gen|8\n|tier|[Gen 8] National Dex AG\n|rated|\n|clearpoke\n|poke|p1|Zacian-Crowned|\n|poke|p1|Rayquaza|\n|poke|p1|Arceus-*|\n|poke|p1|Arceus-*|\n|poke|p1|Kyogre|\n|poke|p1|Ditto|\n|poke|p2|Zygarde|\n|poke|p2|Zygarde|\n|poke|p2|Necrozma-Dusk-Mane|\n|poke|p2|Necrozma-Dawn-Wings|\n|poke|p2|Eternatus|\n|poke|p2|Yveltal|\n|rule|HP Percentage Mod: HP is shown in percentages\n|rule|Endless Battle Clause: Forcing endless battles is banned\n|teampreview\n|\n|start\n|switch|p1a: Arceus|Arceus-Electric|100\/100\n|switch|p2a: Eternatus|Eternatus|100\/100\n|-ability|p2a: Eternatus|Pressure\n|turn|1\n|\n|switch|p1a: Zacian|Zacian-Crowned|100\/100\n|-ability|p1a: Zacian|Intrepid Sword|boost\n|-boost|p1a: Zacian|atk|1\n|move|p2a: Eternatus|Toxic Spikes|p1a: Zacian\n|-sidestart|p1: 85792195wwww|move: Toxic Spikes\n|\n|upkeep\n|turn|2\n|\n|switch|p2a: Necrozma|Necrozma-Dusk-Mane|100\/100\n|move|p1a: Zacian|Substitute|p1a: Zacian\n|-start|p1a: Zacian|Substitute\n|-damage|p1a: Zacian|76\/100\n|\n|upkeep\n|turn|3\n|\n|move|p1a: Zacian|Close Combat|p2a: Necrozma\n|-damage|p2a: Necrozma|59\/100\n|-unboost|p1a: Zacian|def|1\n|-unboost|p1a: Zacian|spd|1\n|move|p2a: Necrozma|Sunsteel Strike|p1a: Zacian\n|-end|p1a: Zacian|Substitute\n|\n|-heal|p2a: Necrozma|65\/100|[from] item: Leftovers\n|upkeep\n|turn|4\n|\n|switch|p1a: Kyogre|Kyogre|100\/100\n|-status|p1a: Kyogre|psn\n|detailschange|p1a: Kyogre|Kyogre-Primal\n|-primal|p1a: Kyogre\n|-weather|PrimordialSea|[from] ability: Primordial Sea|[of] p1a: Kyogre\n|move|p2a: Necrozma|Stealth Rock|p1a: Kyogre\n|-sidestart|p1: 85792195wwww|move: Stealth Rock\n|\n|-weather|PrimordialSea|[upkeep]\n|-heal|p2a: Necrozma|71\/100|[from] item: Leftovers\n|-damage|p1a: Kyogre|88\/100 psn|[from] psn\n|upkeep\n|turn|5\n|\n|switch|p2a: Eternatus|Eternatus|100\/100\n|-ability|p2a: Eternatus|Pressure\n|move|p1a: Kyogre|Water Spout|p2a: Eternatus\n|-resisted|p2a: Eternatus\n|-damage|p2a: Eternatus|46\/100\n|\n|-weather|PrimordialSea|[upkeep]\n|-damage|p1a: Kyogre|76\/100 psn|[from] psn\n|upkeep\n|turn|6\n|\n|move|p2a: Eternatus|Dynamax Cannon|p1a: Kyogre\n|-damage|p1a: Kyogre|27\/100 psn\n|-damage|p2a: Eternatus|36\/100|[from] item: Life Orb\n|move|p1a: Kyogre|Ice Beam|p2a: Eternatus\n|-supereffective|p2a: Eternatus\n|-damage|p2a: Eternatus|0 fnt\n|faint|p2a: Eternatus\n|\n|-weather|PrimordialSea|[upkeep]\n|-damage|p1a: Kyogre|14\/100 psn|[from] psn\n|upkeep\n|\n|switch|p2a: Zygarde|Zygarde|100\/100\n|turn|7\n|\n|move|p2a: Zygarde|Thousand Arrows|p1a: Kyogre\n|-damage|p1a: Kyogre|0 fnt\n|faint|p1a: Kyogre\n|-weather|none\n|\n|upkeep\n|\n|switch|p1a: Arceus|Arceus-Electric|100\/100\n|-damage|p1a: Arceus|88\/100|[from] Stealth Rock\n|-status|p1a: Arceus|psn\n|turn|8\n|\n|switch|p2a: Necrozma|Necrozma-Dusk-Mane|71\/100\n|move|p1a: Arceus|Calm Mind|p1a: Arceus\n|-boost|p1a: Arceus|spa|1\n|-boost|p1a: Arceus|spd|1\n|\n|-heal|p2a: Necrozma|77\/100|[from] item: Leftovers\n|-damage|p1a: Arceus|76\/100 psn|[from] psn\n|upkeep\n|turn|9\n|\n|-start|p1a: Arceus|Dynamax\n|-heal|p1a: Arceus|76\/100 psn|[silent]\n|move|p1a: Arceus|Max Lightning|p2a: Necrozma\n|-damage|p2a: Necrozma|0 fnt\n|-fieldstart|move: Electric Terrain\n|faint|p2a: Necrozma\n|\n|-damage|p1a: Arceus|70\/100 psn|[from] psn\n|upkeep\n|\n|switch|p2a: Necrozma-Dawn-Wing|Necrozma-Dawn-Wings|100\/100\n|turn|10\n|\n|detailschange|p2a: Necrozma-Dawn-Wing|Necrozma-Ultra\n|-burst|p2a: Necrozma-Dawn-Wing|Necrozma|Ultranecrozium Z\n|move|p1a: Arceus|Max Hailstorm|p2a: Necrozma-Dawn-Wing\n|-supereffective|p2a: Necrozma-Dawn-Wing\n|-damage|p2a: Necrozma-Dawn-Wing|0 fnt\n|-weather|Hail\n|faint|p2a: Necrozma-Dawn-Wing\n|\n|-weather|Hail|[upkeep]\n|-damage|p1a: Arceus|67\/100 psn|[from] Hail\n|-damage|p1a: Arceus|61\/100 psn|[from] psn\n|upkeep\n|-message|willcoxw forfeited.\n|\n|win|85792195wwww\n|l|\u2606willcoxw\n","uploadtime":1587479584,"views":11,"p1id":"85792195wwww","p2id":"willcoxw","formatid":"gen8nationaldexag","rating":0,"private":0,"password":null}