{"id":"gen8monotype-1388932392","p1":"Technettium","p2":"brifye","format":"gen8monotype","log":"|j|\u2606Technettium\n|j|\u2606brifye\n|t:|1627935167\n|gametype|singles\n|player|p1|Technettium|lady|1365\n|player|p2|brifye|2|1406\n|teamsize|p1|6\n|teamsize|p2|6\n|gen|8\n|tier|[Gen 8] Monotype\n|rated|\n|rule|Same Type Clause: Pok\u00e9mon in a team must share a type\n|rule|Sleep Clause Mod: Limit one foe put to sleep\n|rule|Species Clause: Limit one of each Pok\u00e9mon\n|rule|OHKO Clause: OHKO moves are banned\n|rule|Evasion Moves Clause: Evasion moves are banned\n|rule|Endless Battle Clause: Forcing endless battles is banned\n|rule|HP Percentage Mod: HP is shown in percentages\n|rule|Dynamax Clause: You cannot dynamax\n|clearpoke\n|poke|p1|Tapu Koko|\n|poke|p1|Tapu Fini|\n|poke|p1|Gardevoir, F|\n|poke|p1|Tapu Bulu|\n|poke|p1|Mimikyu, M|\n|poke|p1|Hatterene, F|\n|poke|p2|Torkoal, M|\n|poke|p2|Cinderace, F|\n|poke|p2|Heatran, F|\n|poke|p2|Blacephalon|\n|poke|p2|Rotom-Heat|\n|poke|p2|Volcanion|\n|teampreview\n|inactive|Battle timer is ON: inactive players will automatically lose when time's up. (requested by brifye)\n|\n|t:|1627935198\n|start\n|switch|p1a: Hatterene|Hatterene, F|100\/100\n|switch|p2a: Torkoal|Torkoal, M|100\/100\n|-weather|SunnyDay|[from] ability: Drought|[of] p2a: Torkoal\n|turn|1\n|\n|t:|1627935208\n|move|p1a: Hatterene|Calm Mind|p1a: Hatterene\n|-boost|p1a: Hatterene|spa|1\n|-boost|p1a: Hatterene|spd|1\n|move|p2a: Torkoal|Lava Plume|p1a: Hatterene\n|-damage|p1a: Hatterene|74\/100\n|-status|p1a: Hatterene|brn\n|\n|-weather|SunnyDay|[upkeep]\n|-heal|p1a: Hatterene|80\/100 brn|[from] item: Leftovers\n|-damage|p1a: Hatterene|74\/100 brn|[from] brn\n|upkeep\n|turn|2\n|\n|t:|1627935218\n|switch|p2a: Cinderace|Cinderace, F|100\/100\n|move|p1a: Hatterene|Psychic|p2a: Cinderace\n|-damage|p2a: Cinderace|10\/100\n|\n|-weather|SunnyDay|[upkeep]\n|-heal|p1a: Hatterene|80\/100 brn|[from] item: Leftovers\n|-damage|p1a: Hatterene|74\/100 brn|[from] brn\n|upkeep\n|turn|3\n|\n|t:|1627935238\n|move|p2a: Cinderace|Pyro Ball|p1a: Hatterene\n|-damage|p1a: Hatterene|7\/100 brn\n|move|p1a: Hatterene|Draining Kiss|p2a: Cinderace\n|-resisted|p2a: Cinderace\n|-damage|p2a: Cinderace|0 fnt\n|-heal|p1a: Hatterene|14\/100 brn|[from] drain|[of] p2a: Cinderace\n|faint|p2a: Cinderace\n|\n|-weather|SunnyDay|[upkeep]\n|-heal|p1a: Hatterene|20\/100 brn|[from] item: Leftovers\n|-damage|p1a: Hatterene|14\/100 brn|[from] brn\n|upkeep\n|\n|t:|1627935248\n|switch|p2a: Blacephalon|Blacephalon|100\/100\n|turn|4\n|\n|t:|1627935261\n|move|p2a: Blacephalon|Shadow Ball|p1a: Hatterene\n|-supereffective|p1a: Hatterene\n|-damage|p1a: Hatterene|0 fnt\n|faint|p1a: Hatterene\n|-ability|p2a: Blacephalon|Beast Boost|boost\n|-boost|p2a: Blacephalon|spa|1\n|\n|-weather|SunnyDay|[upkeep]\n|upkeep\n|\n|t:|1627935265\n|switch|p1a: Mimikyu|Mimikyu, M|100\/100\n|turn|5\n|\n|t:|1627935280\n|move|p1a: Mimikyu|Shadow Sneak|p2a: Blacephalon\n|-supereffective|p2a: Blacephalon\n|-damage|p2a: Blacephalon|30\/100\n|move|p2a: Blacephalon|Shadow Ball|p1a: Mimikyu\n|-activate|p1a: Mimikyu|ability: Disguise\n|-damage|p1a: Mimikyu|100\/100\n|detailschange|p1a: Mimikyu|Mimikyu-Busted, M\n|-damage|p1a: Mimikyu|88\/100|[from] pokemon: Mimikyu-Busted\n|-enditem|p1a: Mimikyu|Red Card|[of] p2a: Blacephalon\n|drag|p2a: Rotom|Rotom-Heat|100\/100\n|\n|-weather|SunnyDay|[upkeep]\n|upkeep\n|turn|6\n|\n|t:|1627935305\n|switch|p1a: Tapu Bulu|Tapu Bulu|100\/100\n|-fieldstart|move: Grassy Terrain|[from] ability: Grassy Surge|[of] p1a: Tapu Bulu\n|move|p2a: Rotom|Overheat|p1a: Tapu Bulu\n|-supereffective|p1a: Tapu Bulu\n|-damage|p1a: Tapu Bulu|0 fnt\n|-unboost|p2a: Rotom|spa|2\n|faint|p1a: Tapu Bulu\n|\n|-weather|SunnyDay|[upkeep]\n|upkeep\n|inactive|Technettium has 120 seconds left.\n|\n|t:|1627935332\n|switch|p1a: Tapu Fini|Tapu Fini|100\/100\n|-fieldstart|move: Misty Terrain|[from] ability: Misty Surge|[of] p1a: Tapu Fini\n|turn|7\n|\n|t:|1627935335\n|move|p2a: Rotom|Volt Switch|p1a: Tapu Fini\n|-supereffective|p1a: Tapu Fini\n|-damage|p1a: Tapu Fini|81\/100\n|\n|t:|1627935339\n|switch|p2a: Volcanion|Volcanion|100\/100|[from]move: Volt Switch\n|move|p1a: Tapu Fini|Calm Mind|p1a: Tapu Fini\n|-boost|p1a: Tapu Fini|spa|1\n|-boost|p1a: Tapu Fini|spd|1\n|\n|-weather|SunnyDay|[upkeep]\n|-heal|p1a: Tapu Fini|87\/100|[from] item: Leftovers\n|upkeep\n|turn|8\n|\n|t:|1627935348\n|move|p1a: Tapu Fini|Calm Mind|p1a: Tapu Fini\n|-boost|p1a: Tapu Fini|spa|1\n|-boost|p1a: Tapu Fini|spd|1\n|move|p2a: Volcanion|Defog|p1a: Tapu Fini\n|-unboost|p1a: Tapu Fini|evasion|1\n|-fieldend|Misty Terrain\n|\n|-weather|none\n|-heal|p1a: Tapu Fini|93\/100|[from] item: Leftovers\n|upkeep\n|turn|9\n|\n|t:|1627935355\n|move|p1a: Tapu Fini|Taunt|p2a: Volcanion\n|-start|p2a: Volcanion|move: Taunt\n|cant|p2a: Volcanion|move: Taunt|Toxic\n|\n|-heal|p1a: Tapu Fini|99\/100|[from] item: Leftovers\n|upkeep\n|turn|10\n|\n|t:|1627935375\n|switch|p2a: Torkoal|Torkoal, M|100\/100\n|-weather|SunnyDay|[from] ability: Drought|[of] p2a: Torkoal\n|move|p1a: Tapu Fini|Draining Kiss|p2a: Torkoal\n|-resisted|p2a: Torkoal\n|-damage|p2a: Torkoal|70\/100\n|-heal|p1a: Tapu Fini|100\/100|[from] drain|[of] p2a: Torkoal\n|\n|-weather|SunnyDay|[upkeep]\n|upkeep\n|turn|11\n|\n|t:|1627935384\n|move|p1a: Tapu Fini|Scald|p2a: Torkoal\n|-supereffective|p2a: Torkoal\n|-damage|p2a: Torkoal|0 fnt\n|faint|p2a: Torkoal\n|\n|-weather|SunnyDay|[upkeep]\n|upkeep\n|\n|t:|1627935397\n|switch|p2a: Heatran|Heatran, F|100\/100\n|-item|p2a: Heatran|Air Balloon\n|turn|12\n|\n|t:|1627935400\n|move|p2a: Heatran|Taunt|p1a: Tapu Fini\n|-start|p1a: Tapu Fini|move: Taunt\n|move|p1a: Tapu Fini|Scald|p2a: Heatran\n|-supereffective|p2a: Heatran\n|-damage|p2a: Heatran|25\/100\n|-enditem|p2a: Heatran|Air Balloon\n|\n|-weather|SunnyDay|[upkeep]\n|upkeep\n|turn|13\n|\n|t:|1627935409\n|move|p2a: Heatran|Magma Storm|p1a: Tapu Fini\n|-resisted|p1a: Tapu Fini\n|-damage|p1a: Tapu Fini|86\/100\n|-activate|p1a: Tapu Fini|move: Magma Storm|[of] p2a: Heatran\n|move|p1a: Tapu Fini|Draining Kiss|p2a: Heatran\n|-resisted|p2a: Heatran\n|-damage|p2a: Heatran|14\/100\n|-heal|p1a: Tapu Fini|94\/100|[from] drain|[of] p2a: Heatran\n|\n|-weather|SunnyDay|[upkeep]\n|-heal|p1a: Tapu Fini|99\/100|[from] item: Leftovers\n|-damage|p1a: Tapu Fini|87\/100|[from] move: Magma Storm|[partiallytrapped]\n|upkeep\n|turn|14\n|\n|t:|1627935423\n|switch|p2a: Volcanion|Volcanion|100\/100\n|move|p1a: Tapu Fini|Draining Kiss|p2a: Volcanion\n|-resisted|p2a: Volcanion\n|-damage|p2a: Volcanion|84\/100\n|-heal|p1a: Tapu Fini|99\/100|[from] drain|[of] p2a: Volcanion\n|\n|-weather|SunnyDay|[upkeep]\n|-heal|p1a: Tapu Fini|100\/100|[from] item: Leftovers\n|-heal|p2a: Volcanion|90\/100|[from] item: Leftovers\n|-end|p1a: Tapu Fini|Magma Storm|[partiallytrapped]|[silent]\n|-end|p1a: Tapu Fini|move: Taunt\n|upkeep\n|turn|15\n|\n|t:|1627935438\n|switch|p2a: Rotom|Rotom-Heat|100\/100\n|move|p1a: Tapu Fini|Taunt|p2a: Rotom\n|-start|p2a: Rotom|move: Taunt\n|\n|-weather|SunnyDay|[upkeep]\n|upkeep\n|turn|16\n|\n|t:|1627935449\n|move|p2a: Rotom|Overheat|p1a: Tapu Fini\n|-resisted|p1a: Tapu Fini\n|-damage|p1a: Tapu Fini|87\/100\n|-unboost|p2a: Rotom|spa|2\n|move|p1a: Tapu Fini|Calm Mind|p1a: Tapu Fini\n|-boost|p1a: Tapu Fini|spa|1\n|-boost|p1a: Tapu Fini|spd|1\n|\n|-weather|SunnyDay|[upkeep]\n|-heal|p1a: Tapu Fini|93\/100|[from] item: Leftovers\n|upkeep\n|turn|17\n|\n|t:|1627935461\n|move|p2a: Rotom|Volt Switch|p1a: Tapu Fini\n|-supereffective|p1a: Tapu Fini\n|-damage|p1a: Tapu Fini|84\/100\n|\n|t:|1627935468\n|switch|p2a: Blacephalon|Blacephalon|30\/100|[from]move: Volt Switch\n|move|p1a: Tapu Fini|Calm Mind|p1a: Tapu Fini\n|-boost|p1a: Tapu Fini|spa|1\n|-boost|p1a: Tapu Fini|spd|1\n|\n|-weather|none\n|-heal|p1a: Tapu Fini|90\/100|[from] item: Leftovers\n|upkeep\n|turn|18\n|\n|t:|1627935477\n|move|p2a: Blacephalon|Trick|p1a: Tapu Fini\n|-activate|p2a: Blacephalon|move: Trick|[of] p1a: Tapu Fini\n|-item|p1a: Tapu Fini|Choice Scarf|[from] move: Trick\n|-item|p2a: Blacephalon|Leftovers|[from] move: Trick\n|move|p1a: Tapu Fini|Draining Kiss|p2a: Blacephalon\n|-resisted|p2a: Blacephalon\n|-damage|p2a: Blacephalon|0 fnt\n|-heal|p1a: Tapu Fini|100\/100|[from] drain|[of] p2a: Blacephalon\n|faint|p2a: Blacephalon\n|\n|upkeep\n|\n|t:|1627935486\n|switch|p2a: Volcanion|Volcanion|90\/100\n|turn|19\n|\n|t:|1627935489\n|move|p1a: Tapu Fini|Draining Kiss|p2a: Volcanion\n|-resisted|p2a: Volcanion\n|-damage|p2a: Volcanion|64\/100\n|move|p2a: Volcanion|Toxic|p1a: Tapu Fini\n|-status|p1a: Tapu Fini|tox\n|\n|-heal|p2a: Volcanion|70\/100|[from] item: Leftovers\n|-damage|p1a: Tapu Fini|94\/100 tox|[from] psn\n|upkeep\n|turn|20\n|\n|t:|1627935504\n|switch|p2a: Rotom|Rotom-Heat|100\/100\n|move|p1a: Tapu Fini|Draining Kiss|p2a: Rotom\n|-resisted|p2a: Rotom\n|-damage|p2a: Rotom|57\/100\n|-heal|p1a: Tapu Fini|100\/100 tox|[from] drain|[of] p2a: Rotom\n|\n|-damage|p1a: Tapu Fini|88\/100 tox|[from] psn\n|upkeep\n|turn|21\n|\n|t:|1627935514\n|move|p1a: Tapu Fini|Draining Kiss|p2a: Rotom\n|-resisted|p2a: Rotom\n|-damage|p2a: Rotom|18\/100\n|-heal|p1a: Tapu Fini|100\/100 tox|[from] drain|[of] p2a: Rotom\n|move|p2a: Rotom|Pain Split|p1a: Tapu Fini\n|-sethp|p1a: Tapu Fini|57\/100 tox|[from] move: Pain Split|[silent]\n|-sethp|p2a: Rotom|81\/100|[from] move: Pain Split\n|\n|-damage|p1a: Tapu Fini|38\/100 tox|[from] psn\n|upkeep\n|turn|22\n|\n|t:|1627935523\n|move|p1a: Tapu Fini|Draining Kiss|p2a: Rotom\n|-resisted|p2a: Rotom\n|-crit|p2a: Rotom\n|-damage|p2a: Rotom|15\/100\n|-heal|p1a: Tapu Fini|73\/100 tox|[from] drain|[of] p2a: Rotom\n|move|p2a: Rotom|Pain Split|p1a: Tapu Fini\n|-sethp|p1a: Tapu Fini|42\/100 tox|[from] move: Pain Split|[silent]\n|-sethp|p2a: Rotom|59\/100|[from] move: Pain Split\n|\n|-damage|p1a: Tapu Fini|17\/100 tox|[from] psn\n|upkeep\n|turn|23\n|\n|t:|1627935533\n|switch|p2a: Heatran|Heatran, F|14\/100\n|move|p1a: Tapu Fini|Draining Kiss|p2a: Heatran\n|-resisted|p2a: Heatran\n|-damage|p2a: Heatran|0 fnt\n|-heal|p1a: Tapu Fini|27\/100 tox|[from] drain|[of] p2a: Heatran\n|faint|p2a: Heatran\n|\n|-damage|p1a: Tapu Fini|0 fnt|[from] psn\n|faint|p1a: Tapu Fini\n|upkeep\n|\n|t:|1627935558\n|switch|p2a: Rotom|Rotom-Heat|59\/100\n|switch|p1a: Gardevoir|Gardevoir, F|100\/100\n|-ability|p1a: Gardevoir|Levitate|[from] ability: Trace|[of] p2a: Rotom\n|turn|24\n|\n|t:|1627935568\n|move|p1a: Gardevoir|Psychic|p2a: Rotom\n|-damage|p2a: Rotom|1\/100\n|move|p2a: Rotom|Overheat|p1a: Gardevoir\n|-damage|p1a: Gardevoir|45\/100\n|-unboost|p2a: Rotom|spa|2\n|\n|upkeep\n|turn|25\n|\n|t:|1627935574\n|move|p1a: Gardevoir|Psychic|p2a: Rotom\n|-damage|p2a: Rotom|0 fnt\n|faint|p2a: Rotom\n|\n|upkeep\n|\n|t:|1627935578\n|switch|p2a: Volcanion|Volcanion|70\/100\n|turn|26\n|\n|t:|1627935581\n|move|p1a: Gardevoir|Psychic|p2a: Volcanion\n|-damage|p2a: Volcanion|37\/100\n|move|p2a: Volcanion|Steam Eruption|p1a: Gardevoir|[miss]\n|-miss|p2a: Volcanion|p1a: Gardevoir\n|\n|-heal|p2a: Volcanion|43\/100|[from] item: Leftovers\n|upkeep\n|turn|27\n|c|\u2606brifye|gg\n|c|\u2606Technettium|gg\n|-message|brifye forfeited.\n|\n|win|Technettium\n|l|\u2606brifye\n|raw|Technettium's rating: 1365 &rarr; <strong>1387<\/strong><br \/>(+22 for winning)\n|raw|brifye's rating: 1406 &rarr; <strong>1384<\/strong><br \/>(-22 for losing)\n","uploadtime":1627935608,"views":10,"p1id":"technettium","p2id":"brifye","formatid":"gen8monotype","rating":1384,"private":0,"password":null}