{"id":"gen8randombattle-1477798430","p1":"NewsDan-ta Claus\u2744","p2":"tolstoy","format":"gen8randombattle","log":"|j|\u2606NewsDan-ta Claus\u2744\n|j|\u2606tolstoy\n|t:|1640137876\n|gametype|singles\n|player|p1|NewsDan-ta Claus\u2744|169|1804\n|player|p2|tolstoy|dawn|1733\n|teamsize|p1|6\n|teamsize|p2|6\n|gen|8\n|tier|[Gen 8] Random Battle\n|rated|\n|rule|Species Clause: Limit one of each Pok\u00e9mon\n|rule|HP Percentage Mod: HP is shown in percentages\n|rule|Sleep Clause Mod: Limit one foe put to sleep\n|\n|t:|1640137876\n|start\n|switch|p1a: Milotic|Milotic, L82, M|290\/290\n|switch|p2a: Toxicroak|Toxicroak, L84, F|277\/277\n|turn|1\n|inactive|Battle timer is ON: inactive players will automatically lose when time's up. (requested by tolstoy)\n|\n|t:|1640137912\n|switch|p1a: Garbodor|Garbodor, L87, M|281\/281\n|move|p2a: Toxicroak|Substitute|p2a: Toxicroak\n|-start|p2a: Toxicroak|Substitute\n|-damage|p2a: Toxicroak|208\/277\n|\n|-heal|p2a: Toxicroak|225\/277|[from] item: Black Sludge\n|upkeep\n|turn|2\n|\n|t:|1640137919\n|move|p2a: Toxicroak|Swords Dance|p2a: Toxicroak\n|-boost|p2a: Toxicroak|atk|2\n|move|p1a: Garbodor|Stomping Tantrum|p2a: Toxicroak\n|-supereffective|p2a: Toxicroak\n|-end|p2a: Toxicroak|Substitute\n|\n|-heal|p2a: Toxicroak|242\/277|[from] item: Black Sludge\n|upkeep\n|turn|3\n|inactive|NewsDan-ta Claus\u2744 has 120 seconds left.\n|\n|t:|1640137955\n|move|p2a: Toxicroak|Gunk Shot|p1a: Garbodor|[miss]\n|-miss|p2a: Toxicroak|p1a: Garbodor\n|move|p1a: Garbodor|Stomping Tantrum|p2a: Toxicroak\n|-supereffective|p2a: Toxicroak\n|-crit|p2a: Toxicroak\n|-damage|p2a: Toxicroak|26\/277\n|\n|-heal|p2a: Toxicroak|43\/277|[from] item: Black Sludge\n|upkeep\n|turn|4\n|\n|t:|1640137960\n|move|p2a: Toxicroak|Gunk Shot|p1a: Garbodor\n|-resisted|p1a: Garbodor\n|-damage|p1a: Garbodor|149\/281\n|move|p1a: Garbodor|Stomping Tantrum|p2a: Toxicroak\n|-supereffective|p2a: Toxicroak\n|-damage|p2a: Toxicroak|0 fnt\n|faint|p2a: Toxicroak\n|\n|-heal|p1a: Garbodor|166\/281|[from] item: Black Sludge\n|upkeep\n|\n|t:|1640137965\n|switch|p2a: Zygarde|Zygarde-10%, L82|223\/223\n|-ability|p2a: Zygarde|Aura Break\n|turn|5\n|inactive|NewsDan-ta Claus\u2744 has 120 seconds left.\n|\n|t:|1640137997\n|switch|p1a: Shedinja|Shedinja, L88|1\/1\n|move|p2a: Zygarde|Thousand Arrows|p1a: Shedinja\n|-immune|p1a: Shedinja|[from] ability: Wonder Guard\n|\n|upkeep\n|turn|6\n|\n|t:|1640138009\n|switch|p2a: Kyurem|Kyurem-White, L74|307\/307\n|-ability|p2a: Kyurem|Turboblaze\n|move|p1a: Shedinja|Poltergeist|p2a: Kyurem\n|-activate|p2a: Kyurem|move: Poltergeist|Heavy-Duty Boots\n|-damage|p2a: Kyurem|166\/307\n|\n|upkeep\n|turn|7\n|inactive|NewsDan-ta Claus\u2744 has 120 seconds left.\n|\n|t:|1640138031\n|switch|p1a: Milotic|Milotic, L82, M|290\/290\n|move|p2a: Kyurem|Roost|p2a: Kyurem\n|-heal|p2a: Kyurem|307\/307\n|-singleturn|p2a: Kyurem|move: Roost\n|\n|upkeep\n|turn|8\n|\n|t:|1640138035\n|move|p2a: Kyurem|Draco Meteor|p1a: Milotic\n|-damage|p1a: Milotic|160\/290\n|-unboost|p2a: Kyurem|spa|2\n|move|p1a: Milotic|Toxic|p2a: Kyurem\n|-status|p2a: Kyurem|tox\n|\n|-heal|p1a: Milotic|178\/290|[from] item: Leftovers\n|-damage|p2a: Kyurem|288\/307 tox|[from] psn\n|upkeep\n|turn|9\n|inactive|NewsDan-ta Claus\u2744 has 120 seconds left.\n|inactive|NewsDan-ta Claus\u2744 has 90 seconds left.\n|inactive|NewsDan-ta Claus\u2744 has 60 seconds left.\n|\n|t:|1640138109\n|switch|p2a: Cradily|Cradily, L86, F|288\/288\n|move|p1a: Milotic|Scald|p2a: Cradily\n|-ability|p2a: Cradily|Storm Drain|boost\n|-boost|p2a: Cradily|spa|1\n|\n|-heal|p1a: Milotic|196\/290|[from] item: Leftovers\n|upkeep\n|turn|10\n|\n|t:|1640138115\n|switch|p1a: Garbodor|Garbodor, L87, M|166\/281\n|move|p2a: Cradily|Power Whip|p1a: Garbodor\n|-resisted|p1a: Garbodor\n|-damage|p1a: Garbodor|101\/281\n|\n|-heal|p1a: Garbodor|118\/281|[from] item: Black Sludge\n|upkeep\n|turn|11\n|inactive|NewsDan-ta Claus\u2744 has 60 seconds left.\n|\n|t:|1640138148\n|move|p1a: Garbodor|Toxic Spikes|p2a: Cradily\n|-sidestart|p2: tolstoy|move: Toxic Spikes\n|move|p2a: Cradily|Swords Dance|p2a: Cradily\n|-boost|p2a: Cradily|atk|2\n|\n|-heal|p1a: Garbodor|135\/281|[from] item: Black Sludge\n|upkeep\n|turn|12\n|\n|t:|1640138154\n|move|p1a: Garbodor|Toxic Spikes|p2a: Cradily\n|-sidestart|p2: tolstoy|move: Toxic Spikes\n|move|p2a: Cradily|Stone Edge|p1a: Garbodor|[miss]\n|-miss|p2a: Cradily|p1a: Garbodor\n|\n|-heal|p1a: Garbodor|152\/281|[from] item: Black Sludge\n|upkeep\n|turn|13\n|\n|t:|1640138158\n|move|p1a: Garbodor|Gunk Shot|p2a: Cradily\n|-damage|p2a: Cradily|168\/288\n|move|p2a: Cradily|Stone Edge|p1a: Garbodor|[miss]\n|-miss|p2a: Cradily|p1a: Garbodor\n|\n|-heal|p1a: Garbodor|169\/281|[from] item: Black Sludge\n|-heal|p2a: Cradily|186\/288|[from] item: Leftovers\n|upkeep\n|turn|14\n|\n|t:|1640138164\n|move|p1a: Garbodor|Spikes|p2a: Cradily\n|-sidestart|p2: tolstoy|Spikes\n|move|p2a: Cradily|Recover|p2a: Cradily\n|-heal|p2a: Cradily|288\/288\n|\n|-heal|p1a: Garbodor|186\/281|[from] item: Black Sludge\n|upkeep\n|turn|15\n|\n|t:|1640138166\n|move|p1a: Garbodor|Spikes|p2a: Cradily\n|-sidestart|p2: tolstoy|Spikes\n|move|p2a: Cradily|Stone Edge|p1a: Garbodor|[miss]\n|-miss|p2a: Cradily|p1a: Garbodor\n|\n|-heal|p1a: Garbodor|203\/281|[from] item: Black Sludge\n|upkeep\n|turn|16\n|\n|t:|1640138169\n|move|p1a: Garbodor|Spikes|p2a: Cradily\n|-sidestart|p2: tolstoy|Spikes\n|move|p2a: Cradily|Stone Edge|p1a: Garbodor\n|-damage|p1a: Garbodor|2\/281\n|\n|-heal|p1a: Garbodor|19\/281|[from] item: Black Sludge\n|upkeep\n|turn|17\n|\n|t:|1640138174\n|move|p1a: Garbodor|Gunk Shot|p2a: Cradily\n|-damage|p2a: Cradily|174\/288\n|move|p2a: Cradily|Stone Edge|p1a: Garbodor\n|-damage|p1a: Garbodor|0 fnt\n|faint|p1a: Garbodor\n|\n|-heal|p2a: Cradily|192\/288|[from] item: Leftovers\n|upkeep\n|\n|t:|1640138182\n|switch|p1a: Milotic|Milotic, L82, M|196\/290\n|turn|18\n|\n|t:|1640138190\n|move|p1a: Milotic|Ice Beam|p2a: Cradily\n|-supereffective|p2a: Cradily\n|-damage|p2a: Cradily|86\/288\n|move|p2a: Cradily|Power Whip|p1a: Milotic\n|-supereffective|p1a: Milotic\n|-damage|p1a: Milotic|0 fnt\n|faint|p1a: Milotic\n|\n|-heal|p2a: Cradily|104\/288|[from] item: Leftovers\n|upkeep\n|inactive|NewsDan-ta Claus\u2744 has 90 seconds left.\n|\n|t:|1640138221\n|switch|p1a: Nidoking|Nidoking, L82, M|267\/267\n|turn|19\n|\n|t:|1640138228\n|-start|p2a: Cradily|Dynamax\n|-heal|p2a: Cradily|208\/576|[silent]\n|move|p1a: Nidoking|Ice Beam|p2a: Cradily\n|-supereffective|p2a: Cradily\n|-damage|p2a: Cradily|55\/576\n|move|p2a: Cradily|Max Overgrowth|p1a: Nidoking\n|-damage|p1a: Nidoking|0 fnt\n|-fieldstart|move: Grassy Terrain\n|faint|p1a: Nidoking\n|\n|-heal|p2a: Cradily|73\/576|[from] Grassy Terrain\n|-heal|p2a: Cradily|91\/576|[from] item: Leftovers\n|upkeep\n|\n|t:|1640138234\n|switch|p1a: Spectrier|Spectrier, L74|270\/270\n|turn|20\n|\n|t:|1640138237\n|move|p1a: Spectrier|Substitute|p1a: Spectrier\n|-start|p1a: Spectrier|Substitute\n|-damage|p1a: Spectrier|203\/270\n|move|p2a: Cradily|Max Rockfall|p1a: Spectrier\n|-end|p1a: Spectrier|Substitute\n|-weather|Sandstorm\n|\n|-weather|Sandstorm|[upkeep]\n|-damage|p1a: Spectrier|187\/270|[from] Sandstorm\n|-heal|p1a: Spectrier|203\/270|[from] Grassy Terrain\n|-heal|p1a: Spectrier|219\/270|[from] item: Leftovers\n|-heal|p2a: Cradily|109\/576|[from] Grassy Terrain\n|-heal|p2a: Cradily|127\/576|[from] item: Leftovers\n|upkeep\n|turn|21\n|\n|t:|1640138242\n|move|p1a: Spectrier|Substitute|p1a: Spectrier\n|-start|p1a: Spectrier|Substitute\n|-damage|p1a: Spectrier|152\/270\n|move|p2a: Cradily|Max Overgrowth|p1a: Spectrier\n|-end|p1a: Spectrier|Substitute\n|\n|-weather|Sandstorm|[upkeep]\n|-damage|p1a: Spectrier|136\/270|[from] Sandstorm\n|-heal|p1a: Spectrier|152\/270|[from] Grassy Terrain\n|-heal|p1a: Spectrier|168\/270|[from] item: Leftovers\n|-heal|p2a: Cradily|145\/576|[from] Grassy Terrain\n|-heal|p2a: Cradily|163\/576|[from] item: Leftovers\n|-end|p2a: Cradily|Dynamax\n|-heal|p2a: Cradily|82\/288|[silent]\n|upkeep\n|turn|22\n|\n|t:|1640138246\n|move|p1a: Spectrier|Shadow Ball|p2a: Cradily\n|-damage|p2a: Cradily|33\/288\n|move|p2a: Cradily|Power Whip|p1a: Spectrier\n|-damage|p1a: Spectrier|0 fnt\n|faint|p1a: Spectrier\n|\n|-weather|Sandstorm|[upkeep]\n|-heal|p2a: Cradily|51\/288|[from] Grassy Terrain\n|-heal|p2a: Cradily|69\/288|[from] item: Leftovers\n|upkeep\n|inactive|NewsDan-ta Claus\u2744 has 120 seconds left.\n|\n|t:|1640138251\n|switch|p1a: Sylveon|Sylveon, L84, M|297\/297\n|turn|23\n|\n|t:|1640138261\n|move|p1a: Sylveon|Calm Mind|p1a: Sylveon\n|-boost|p1a: Sylveon|spa|1\n|-boost|p1a: Sylveon|spd|1\n|move|p2a: Cradily|Power Whip|p1a: Sylveon\n|-damage|p1a: Sylveon|0 fnt\n|faint|p1a: Sylveon\n|\n|-weather|Sandstorm|[upkeep]\n|-heal|p2a: Cradily|87\/288|[from] Grassy Terrain\n|-heal|p2a: Cradily|105\/288|[from] item: Leftovers\n|-fieldend|move: Grassy Terrain\n|upkeep\n|\n|t:|1640138264\n|switch|p1a: Shedinja|Shedinja, L88|1\/1\n|turn|24\n|\n|t:|1640138269\n|move|p2a: Cradily|Stone Edge|p1a: Shedinja|[miss]\n|-miss|p2a: Cradily|p1a: Shedinja\n|move|p1a: Shedinja|Poltergeist|p2a: Cradily\n|-activate|p2a: Cradily|move: Poltergeist|Leftovers\n|-damage|p2a: Cradily|0 fnt\n|faint|p2a: Cradily\n|\n|-weather|none\n|upkeep\n|\n|t:|1640138274\n|switch|p2a: Kyurem|Kyurem-White, L74|288\/307 tox\n|-ability|p2a: Kyurem|Turboblaze\n|turn|25\n|\n|t:|1640138276\n|move|p2a: Kyurem|Earth Power|p1a: Shedinja\n|-resisted|p1a: Shedinja\n|-damage|p1a: Shedinja|0 fnt\n|faint|p1a: Shedinja\n|\n|win|tolstoy\n|raw|NewsDan-ta Claus\u2744's rating: 1804 &rarr; <strong>1780<\/strong><br \/>(-24 for losing)\n|raw|tolstoy's rating: 1733 &rarr; <strong>1757<\/strong><br \/>(+24 for winning)\n","inputlog":">version f9416f93107758e63e4fc935eb9f07c22d419024\n>start {\"formatid\":\"gen8randombattle\",\"seed\":[16681,40318,24347,45304],\"rated\":\"Rated battle\"}\n>player p1 {\"name\":\"NewsDan-ta Claus\u2744\",\"avatar\":\"169\",\"rating\":1804,\"seed\":[58466,3875,28508,16459]}\n>player p2 {\"name\":\"tolstoy\",\"avatar\":\"dawn\",\"rating\":1733,\"seed\":[32153,3408,4761,24674]}\n>p1 switch 3\n>p2 move substitute\n>p1 move stompingtantrum\n>p2 move swordsdance\n>p1 move stompingtantrum\n>p2 move gunkshot\n>p1 move stompingtantrum\n>p2 move gunkshot\n>p2 switch 5\n>p1 switch 5\n>p2 move thousandarrows\n>p1 move poltergeist\n>p2 switch 3\n>p1 switch 3\n>p2 move roost\n>p1 move toxic\n>p2 move dracometeor\n>p1 move scald\n>p2 switch 6\n>p1 switch 5\n>p2 move powerwhip\n>p1 move toxicspikes\n>p2 move swordsdance\n>p1 move toxicspikes\n>p2 move stoneedge\n>p1 move gunkshot\n>p2 move stoneedge\n>p1 move spikes\n>p2 move recover\n>p1 move spikes\n>p2 move stoneedge\n>p1 move spikes\n>p2 move stoneedge\n>p1 move gunkshot\n>p2 move stoneedge\n>p1 switch 5\n>p1 move icebeam\n>p2 move powerwhip\n>p1 switch 6\n>p1 move icebeam\n>p2 move powerwhip dynamax\n>p1 switch 2\n>p1 move substitute\n>p2 move stoneedge dynamax\n>p1 move substitute\n>p2 move powerwhip dynamax\n>p1 move shadowball\n>p2 move powerwhip\n>p1 switch 4\n>p1 move calmmind\n>p2 move powerwhip\n>p1 switch 3\n>p1 move poltergeist\n>p2 move stoneedge\n>p2 switch 6\n>p1 move poltergeist\n>p2 move earthpower","uploadtime":1640138281,"views":8,"p1id":"newsdantaclaus","p2id":"tolstoy","formatid":"gen8randombattle","rating":1757,"private":0,"password":null}