{"id":"gen8vgc2022-1706974850","p1":"Ricygamer","p2":"drmsang","format":"gen8vgc2022","log":"|j|\u2606Ricygamer\n|j|\u2606drmsang\n|t:|1668037973\n|gametype|doubles\n|player|p1|Ricygamer|red-gen7|1041\n|player|p2|drmsang|266|1048\n|teamsize|p1|6\n|teamsize|p2|6\n|gen|8\n|tier|[Gen 8] VGC 2022\n|rated|\n|rule|Species Clause: Limit one of each Pok\u00e9mon\n|rule|Item Clause: Limit one of each item\n|clearpoke\n|poke|p1|Zacian-*, L50|\n|poke|p1|Kyogre, L50|\n|poke|p1|Kartana, L50|\n|poke|p1|Shedinja, L50|\n|poke|p1|Incineroar, L50, M|\n|poke|p1|Thundurus, L50, M|\n|poke|p2|Arctovish, L50|\n|poke|p2|Indeedee-F, L50, F|\n|poke|p2|Ninetales-Alola, L50, M|\n|poke|p2|Zekrom, L50|\n|poke|p2|Celesteela, L50|\n|poke|p2|Nidoking, L50, M|\n|teampreview|4\n|\n|t:|1668038008\n|start\n|switch|p1a: Kyogre|Kyogre, L50|100\/100\n|switch|p1b: Incineroar|Incineroar, L50, M, shiny|100\/100\n|switch|p2a: Zekrom|Zekrom, L50, shiny|100\/100\n|switch|p2b: Celesteela|Celesteela, L50, shiny|100\/100\n|-weather|RainDance|[from] ability: Drizzle|[of] p1a: Kyogre\n|-ability|p2a: Zekrom|Teravolt\n|-ability|p1b: Incineroar|Intimidate|boost\n|-unboost|p2a: Zekrom|atk|1\n|-unboost|p2b: Celesteela|atk|1\n|turn|1\n|\n|t:|1668038033\n|-start|p2a: Zekrom|Dynamax|\n|-heal|p2a: Zekrom|100\/100|[silent]\n|move|p1b: Incineroar|Fake Out|p2a: Zekrom\n|-damage|p2a: Zekrom|97\/100\n|move|p2b: Celesteela|Wide Guard|p2b: Celesteela\n|-singleturn|p2b: Celesteela|Wide Guard\n|move|p1a: Kyogre|Water Spout|p2b: Celesteela|[spread] \n|-activate|p2a: Zekrom|move: Wide Guard\n|-activate|p2b: Celesteela|move: Wide Guard\n|move|p2a: Zekrom|Max Lightning|p1a: Kyogre\n|-supereffective|p1a: Kyogre\n|-damage|p1a: Kyogre|5\/100\n|-fieldstart|move: Electric Terrain\n|\n|-weather|RainDance|[upkeep]\n|upkeep\n|turn|2\n|\n|t:|1668038065\n|move|p1a: Kyogre|Ice Beam|p2a: Zekrom\n|-supereffective|p2a: Zekrom\n|-damage|p2a: Zekrom|79\/100\n|move|p2a: Zekrom|Max Lightning|p1b: Incineroar\n|-damage|p1b: Incineroar|56\/100\n|move|p1b: Incineroar|Parting Shot|p2a: Zekrom\n|-unboost|p2a: Zekrom|atk|1\n|-unboost|p2a: Zekrom|spa|1\n|\n|t:|1668038077\n|switch|p1b: Zacian|Zacian-Crowned, L50, shiny|100\/100|[from]move: Parting Shot\n|-ability|p1b: Zacian|Intrepid Sword|boost\n|-boost|p1b: Zacian|atk|1\n|move|p2b: Celesteela|Giga Drain|p1a: Kyogre\n|-supereffective|p1a: Kyogre\n|-damage|p1a: Kyogre|0 fnt\n|faint|p1a: Kyogre\n|-ability|p2b: Celesteela|Beast Boost|boost\n|-boost|p2b: Celesteela|spa|1\n|\n|-weather|RainDance|[upkeep]\n|upkeep\n|\n|t:|1668038088\n|switch|p1a: Incineroar|Incineroar, L50, M, shiny|56\/100\n|-ability|p1a: Incineroar|Intimidate|boost\n|-unboost|p2a: Zekrom|atk|1\n|-unboost|p2b: Celesteela|atk|1\n|turn|3\n|\n|t:|1668038111\n|switch|p2b: Indeedee|Indeedee-F, L50, F|100\/100\n|-fieldstart|move: Psychic Terrain|[from] ability: Psychic Surge|[of] p2b: Indeedee\n|move|p1a: Incineroar|Fake Out|p2b: Indeedee\n|-activate|p2b: Indeedee|move: Psychic Terrain\n|move|p1b: Zacian|Play Rough|p2a: Zekrom\n|-supereffective|p2a: Zekrom\n|-crit|p2a: Zekrom\n|-damage|p2a: Zekrom|0 fnt\n|faint|p2a: Zekrom\n|\n|-weather|RainDance|[upkeep]\n|upkeep\n|\n|t:|1668038125\n|switch|p2a: Nidoking|Nidoking, L50, M|100\/100\n|turn|4\n|\n|t:|1668038149\n|move|p1b: Zacian|Protect|p1b: Zacian\n|-singleturn|p1b: Zacian|Protect\n|move|p2b: Indeedee|Follow Me|p2b: Indeedee\n|-singleturn|p2b: Indeedee|move: Follow Me\n|move|p2a: Nidoking|Earth Power|p1b: Zacian\n|-activate|p1b: Zacian|move: Protect\n|move|p1a: Incineroar|Darkest Lariat|p2b: Indeedee\n|-supereffective|p2b: Indeedee\n|-damage|p2b: Indeedee|0 fnt\n|faint|p2b: Indeedee\n|\n|-weather|RainDance|[upkeep]\n|upkeep\n|\n|t:|1668038160\n|switch|p2b: Celesteela|Celesteela, L50, shiny|100\/100\n|turn|5\n|\n|t:|1668038187\n|switch|p1b: Shedinja|Shedinja, L50|100\/100\n|-start|p1a: Incineroar|Dynamax|\n|-heal|p1a: Incineroar|56\/100|[silent]\n|move|p2a: Nidoking|Earth Power|p1a: Incineroar\n|-supereffective|p1a: Incineroar\n|-enditem|p1a: Incineroar|Shuca Berry|[eat]\n|-enditem|p1a: Incineroar|Shuca Berry|[weaken]\n|-damage|p1a: Incineroar|29\/100\n|move|p1a: Incineroar|Max Flare|p2b: Celesteela\n|-supereffective|p2b: Celesteela\n|-damage|p2b: Celesteela|56\/100\n|-weather|SunnyDay\n|move|p2b: Celesteela|Giga Drain|p1a: Incineroar\n|-resisted|p1a: Incineroar\n|-damage|p1a: Incineroar|24\/100\n|-heal|p2b: Celesteela|61\/100|[from] drain|[of] p1a: Incineroar\n|\n|-weather|SunnyDay|[upkeep]\n|-heal|p2b: Celesteela|67\/100|[from] item: Leftovers\n|upkeep\n|turn|6\n|\n|t:|1668038220\n|move|p1a: Incineroar|Max Guard|p1a: Incineroar\n|-singleturn|p1a: Incineroar|Max Guard\n|move|p2a: Nidoking|Earth Power|p1a: Incineroar\n|-activate|p1a: Incineroar|move: Max Guard\n|move|p1b: Shedinja|Poltergeist|p2a: Nidoking\n|-activate|p2a: Nidoking|move: Poltergeist|Life Orb\n|-damage|p2a: Nidoking|35\/100\n|move|p2b: Celesteela|Flamethrower|p1b: Shedinja\n|-supereffective|p1b: Shedinja\n|-enditem|p1b: Shedinja|Focus Sash\n|-damage|p1b: Shedinja|100\/100\n|\n|-weather|SunnyDay|[upkeep]\n|-heal|p2b: Celesteela|73\/100|[from] item: Leftovers\n|upkeep\n|turn|7\n|\n|t:|1668038243\n|move|p1b: Shedinja|Shadow Sneak|p2a: Nidoking\n|-activate|p2a: Nidoking|move: Psychic Terrain\n|move|p2a: Nidoking|Earth Power|p1a: Incineroar\n|-supereffective|p1a: Incineroar\n|-damage|p1a: Incineroar|0 fnt\n|faint|p1a: Incineroar\n|move|p2b: Celesteela|Flamethrower|p1b: Shedinja\n|-supereffective|p1b: Shedinja\n|-damage|p1b: Shedinja|0 fnt\n|faint|p1b: Shedinja\n|-ability|p2b: Celesteela|Beast Boost|boost\n|-boost|p2b: Celesteela|spa|1\n|\n|-weather|SunnyDay|[upkeep]\n|-heal|p2b: Celesteela|79\/100|[from] item: Leftovers\n|-fieldend|move: Psychic Terrain\n|upkeep\n|\n|t:|1668038258\n|switch|p1a: Zacian|Zacian-Crowned, L50, shiny|100\/100\n|-ability|p1a: Zacian|Intrepid Sword|boost\n|-boost|p1a: Zacian|atk|1\n|turn|8\n|\n|t:|1668038275\n|move|p1a: Zacian|Behemoth Blade|p2a: Nidoking\n|-damage|p2a: Nidoking|0 fnt\n|faint|p2a: Nidoking\n|move|p2b: Celesteela|Flamethrower|p1a: Zacian\n|-supereffective|p1a: Zacian\n|-damage|p1a: Zacian|0 fnt\n|faint|p1a: Zacian\n|\n|win|drmsang\n|raw|Ricygamer's rating: 1041 &rarr; <strong>1025<\/strong><br \/>(-16 for losing)\n|raw|drmsang's rating: 1048 &rarr; <strong>1080<\/strong><br \/>(+32 for winning)\n|c|\u2606Ricygamer|gg\n|l|\u2606Ricygamer\n||Ladder isn't responding, score probably updated but might not have (Request timeout).\n","uploadtime":1668038294,"views":6,"p1id":"ricygamer","p2id":"drmsang","formatid":"gen8vgc2022","rating":1025,"private":0,"password":null}