{"id":"gen8natureswap-1706971632","p1":"Brett Hand","p2":"Validusrex","format":"gen8natureswap","log":"|j|\u2606Brett Hand\n|j|\u2606Validusrex\n|t:|1668037657\n|gametype|singles\n|player|p1|Brett Hand|sightseer|\n|player|p2|Validusrex|170|\n|teamsize|p1|6\n|teamsize|p2|6\n|gen|8\n|tier|[Gen 8] Nature Swap\n|rated|Tournament battle\n|rule|Species Clause: Limit one of each Pok\u00e9mon\n|rule|OHKO Clause: OHKO moves are banned\n|rule|Evasion Moves Clause: Evasion moves are banned\n|rule|Endless Battle Clause: Forcing endless battles is banned\n|rule|Dynamax Clause: You cannot dynamax\n|rule|HP Percentage Mod: HP is shown in percentages\n|rule|Sleep Clause Mod: Limit one foe put to sleep\n|rule|Inverse Mod: Weaknesses become resistances, while resistances and immunities become weaknesses.\n|rule|Flipped Mod: Pokemon have their stats flipped (HP becomes Spe, vice versa).\n|rule|Category Swap Mod: All physical moves become special, and vice versa\n|clearpoke\n|poke|p1|Araquanid, M|\n|poke|p1|Cursola, M|\n|poke|p1|Aggron, M|\n|poke|p1|Lapras, M|\n|poke|p1|Kartana|\n|poke|p1|Porygon-Z|\n|poke|p2|Buzzwole|\n|poke|p2|Ninetales-Alola, F|\n|poke|p2|Shuckle, F|\n|poke|p2|Latias, F|\n|poke|p2|Coalossal, M|\n|poke|p2|Rhyperior, F|\n|teampreview\n|j|%Iolanthe\n|c|\u2606Validusrex|gl\n|\n|t:|1668037660\n|start\n|switch|p1a: Araquanid|Araquanid, M, shiny|100\/100\n|switch|p2a: Shuckle|Shuckle, F|100\/100\n|turn|1\n|l|%Iolanthe\n|\n|t:|1668037664\n|move|p1a: Araquanid|Magic Coat|p1a: Araquanid\n|-singleturn|p1a: Araquanid|move: Magic Coat\n|move|p2a: Shuckle|Earthquake|p1a: Araquanid\n|-supereffective|p1a: Araquanid\n|-enditem|p1a: Araquanid|Focus Sash\n|-damage|p1a: Araquanid|1\/100\n|\n|upkeep\n|turn|2\n|\n|t:|1668037672\n|move|p2a: Shuckle|Earthquake|p1a: Araquanid\n|-supereffective|p1a: Araquanid\n|-damage|p1a: Araquanid|0 fnt\n|faint|p1a: Araquanid\n|\n|upkeep\n|\n|t:|1668037687\n|switch|p1a: Porygon-Z|Porygon-Z, shiny|100\/100\n|turn|3\n|\n|t:|1668037693\n|move|p2a: Shuckle|Toxic|p1a: Porygon-Z\n|-status|p1a: Porygon-Z|tox\n|move|p1a: Porygon-Z|Agility|p1a: Porygon-Z\n|-boost|p1a: Porygon-Z|spe|2\n|\n|-damage|p1a: Porygon-Z|94\/100 tox|[from] psn\n|upkeep\n|turn|4\n|\n|t:|1668037696\n|move|p2a: Shuckle|Sticky Web|p1a: Porygon-Z\n|-sidestart|p1: Brett Hand|move: Sticky Web\n|move|p1a: Porygon-Z|Last Resort|p2a: Shuckle\n|-supereffective|p2a: Shuckle\n|-ability|p2a: Shuckle|Sturdy\n|-damage|p2a: Shuckle|1\/100\n|-damage|p1a: Porygon-Z|84\/100 tox|[from] item: Life Orb\n|\n|-damage|p1a: Porygon-Z|72\/100 tox|[from] psn\n|upkeep\n|turn|5\n|\n|t:|1668037699\n|move|p2a: Shuckle|Earthquake|p1a: Porygon-Z\n|-damage|p1a: Porygon-Z|0 fnt\n|faint|p1a: Porygon-Z\n|\n|upkeep\n|\n|t:|1668037702\n|switch|p1a: Kartana|Kartana, shiny|100\/100\n|-activate|p1a: Kartana|move: Sticky Web\n|-unboost|p1a: Kartana|spe|1\n|turn|6\n|\n|t:|1668037705\n|move|p2a: Shuckle|Earthquake|p1a: Kartana\n|-damage|p1a: Kartana|76\/100\n|move|p1a: Kartana|Knock Off|p2a: Shuckle\n|-damage|p2a: Shuckle|0 fnt\n|-enditem|p2a: Shuckle|Mental Herb|[from] move: Knock Off|[of] p1a: Kartana\n|faint|p2a: Shuckle\n|-ability|p1a: Kartana|Beast Boost|boost\n|-boost|p1a: Kartana|spa|1\n|\n|upkeep\n|\n|t:|1668037709\n|switch|p2a: Ninetales|Ninetales-Alola, F|100\/100\n|-weather|Hail|[from] ability: Snow Warning|[of] p2a: Ninetales\n|turn|7\n|\n|t:|1668037715\n|move|p2a: Ninetales|Aurora Veil|p2a: Ninetales\n|-sidestart|p2: Validusrex|move: Aurora Veil\n|move|p1a: Kartana|Knock Off|p2a: Ninetales\n|-supereffective|p2a: Ninetales\n|-damage|p2a: Ninetales|1\/100\n|-enditem|p2a: Ninetales|Light Clay|[from] move: Knock Off|[of] p1a: Kartana\n|\n|-weather|Hail|[upkeep]\n|-damage|p1a: Kartana|70\/100|[from] Hail\n|upkeep\n|turn|8\n|\n|t:|1668037723\n|move|p2a: Ninetales|Moonblast|p1a: Kartana\n|-supereffective|p1a: Kartana\n|-damage|p1a: Kartana|0 fnt\n|faint|p1a: Kartana\n|\n|-weather|Hail|[upkeep]\n|upkeep\n|\n|t:|1668037742\n|switch|p1a: Cursola|Cursola, M, shiny|100\/100\n|-activate|p1a: Cursola|move: Sticky Web\n|-unboost|p1a: Cursola|spe|1\n|turn|9\n|\n|t:|1668037746\n|move|p2a: Ninetales|Blizzard|p1a: Cursola\n|-damage|p1a: Cursola|0 fnt\n|faint|p1a: Cursola\n|\n|-weather|Hail|[upkeep]\n|upkeep\n|-message|Brett Hand forfeited.\n|\n|win|Validusrex\n|n|\u2606Brett Hand|bretthand\n|n|\u2606Validusrex|validusrex\n","uploadtime":1668037754,"views":3,"p1id":"bretthand","p2id":"validusrex","formatid":"gen8natureswap","rating":0,"private":0,"password":null}