{"id":"gen8randombattle-1510648131","p1":"BMence","p2":"Allelaja","format":"gen8randombattle","log":"|j|\u2606BMence\n|j|\u2606Allelaja\n|t:|1644833369\n|gametype|singles\n|player|p1|BMence|1|2004\n|player|p2|Allelaja|2|1947\n|teamsize|p1|6\n|teamsize|p2|6\n|gen|8\n|tier|[Gen 8] Random Battle\n|rated|\n|rule|Species Clause: Limit one of each Pok\u00e9mon\n|rule|HP Percentage Mod: HP is shown in percentages\n|rule|Sleep Clause Mod: Limit one foe put to sleep\n|\n|t:|1644833369\n|start\n|switch|p1a: Orbeetle|Orbeetle, L86, F|243\/243\n|switch|p2a: Duraludon|Duraludon, L84, M|255\/255\n|-item|p2a: Duraludon|Assault Vest|[from] ability: Frisk|[of] p1a: Orbeetle|[identify]\n|turn|1\n|inactive|Battle timer is ON: inactive players will automatically lose when time's up. (requested by Allelaja)\n|\n|t:|1644833388\n|move|p1a: Orbeetle|Calm Mind|p1a: Orbeetle\n|-boost|p1a: Orbeetle|spa|1\n|-boost|p1a: Orbeetle|spd|1\n|move|p2a: Duraludon|Flash Cannon|p1a: Orbeetle\n|-damage|p1a: Orbeetle|188\/243\n|\n|upkeep\n|turn|2\n|\n|t:|1644833394\n|switch|p2a: Rhyperior|Rhyperior, L82, F|323\/323\n|move|p1a: Orbeetle|Calm Mind|p1a: Orbeetle\n|-boost|p1a: Orbeetle|spa|1\n|-boost|p1a: Orbeetle|spd|1\n|\n|upkeep\n|turn|3\n|inactive|BMence has 120 seconds left.\n|\n|t:|1644833451\n|-start|p1a: Orbeetle|Dynamax\n|-heal|p1a: Orbeetle|376\/486|[silent]\n|move|p1a: Orbeetle|Max Mindstorm|p2a: Rhyperior\n|-damage|p2a: Rhyperior|0 fnt\n|-fieldstart|move: Psychic Terrain\n|faint|p2a: Rhyperior\n|\n|upkeep\n|\n|t:|1644833475\n|switch|p2a: Claydol|Claydol, L86|243\/243\n|turn|4\n|\n|t:|1644833482\n|switch|p2a: Duraludon|Duraludon, L84, M|255\/255\n|move|p1a: Orbeetle|Max Flutterby|p2a: Duraludon\n|-resisted|p2a: Duraludon\n|-damage|p2a: Duraludon|129\/255\n|-unboost|p2a: Duraludon|spa|1\n|\n|upkeep\n|turn|5\n|\n|t:|1644833489\n|move|p1a: Orbeetle|Max Mindstorm|p2a: Duraludon\n|-resisted|p2a: Duraludon\n|-damage|p2a: Duraludon|0 fnt\n|faint|p2a: Duraludon\n|\n|-end|p1a: Orbeetle|Dynamax\n|-heal|p1a: Orbeetle|188\/243|[silent]\n|upkeep\n|\n|t:|1644833498\n|switch|p2a: Palkia|Palkia, L74|255\/255\n|-ability|p2a: Palkia|Pressure\n|turn|6\n|\n|t:|1644833502\n|move|p1a: Orbeetle|Psychic|p2a: Palkia\n|-damage|p2a: Palkia|44\/255\n|move|p2a: Palkia|Thunder Wave|p1a: Orbeetle\n|-status|p1a: Orbeetle|par\n|\n|-heal|p2a: Palkia|59\/255|[from] item: Leftovers\n|upkeep\n|turn|7\n|\n|t:|1644833509\n|move|p2a: Palkia|Fire Blast|p1a: Orbeetle\n|-supereffective|p1a: Orbeetle\n|-damage|p1a: Orbeetle|120\/243 par\n|cant|p1a: Orbeetle|par\n|\n|-heal|p2a: Palkia|74\/255|[from] item: Leftovers\n|-fieldend|move: Psychic Terrain\n|upkeep\n|turn|8\n|\n|t:|1644833517\n|move|p2a: Palkia|Fire Blast|p1a: Orbeetle|[miss]\n|-miss|p2a: Palkia|p1a: Orbeetle\n|move|p1a: Orbeetle|Recover|p1a: Orbeetle\n|-heal|p1a: Orbeetle|242\/243 par\n|\n|-heal|p2a: Palkia|89\/255|[from] item: Leftovers\n|upkeep\n|turn|9\n|\n|t:|1644833526\n|move|p2a: Palkia|Fire Blast|p1a: Orbeetle\n|-supereffective|p1a: Orbeetle\n|-damage|p1a: Orbeetle|168\/243 par\n|cant|p1a: Orbeetle|par\n|\n|-heal|p2a: Palkia|104\/255|[from] item: Leftovers\n|upkeep\n|turn|10\n|\n|t:|1644833534\n|move|p2a: Palkia|Fire Blast|p1a: Orbeetle|[miss]\n|-miss|p2a: Palkia|p1a: Orbeetle\n|cant|p1a: Orbeetle|par\n|\n|-heal|p2a: Palkia|119\/255|[from] item: Leftovers\n|upkeep\n|turn|11\n|\n|t:|1644833540\n|move|p2a: Palkia|Fire Blast|p1a: Orbeetle\n|-supereffective|p1a: Orbeetle\n|-damage|p1a: Orbeetle|96\/243 par\n|move|p1a: Orbeetle|Recover|p1a: Orbeetle\n|-heal|p1a: Orbeetle|218\/243 par\n|\n|-heal|p2a: Palkia|134\/255|[from] item: Leftovers\n|upkeep\n|turn|12\n|\n|t:|1644833549\n|move|p2a: Palkia|Fire Blast|p1a: Orbeetle\n|-supereffective|p1a: Orbeetle\n|-damage|p1a: Orbeetle|148\/243 par\n|cant|p1a: Orbeetle|par\n|\n|-heal|p2a: Palkia|149\/255|[from] item: Leftovers\n|upkeep\n|turn|13\n|c|\u2606BMence|omfg\n|\n|t:|1644833557\n|switch|p2a: Gengar|Gengar, L80, M|227\/227\n|move|p1a: Orbeetle|Recover|p1a: Orbeetle\n|-heal|p1a: Orbeetle|243\/243 par\n|\n|upkeep\n|turn|14\n|\n|t:|1644833563\n|move|p2a: Gengar|Nasty Plot|p2a: Gengar\n|-boost|p2a: Gengar|spa|2\n|move|p1a: Orbeetle|Psychic|p2a: Gengar\n|-supereffective|p2a: Gengar\n|-damage|p2a: Gengar|0 fnt\n|faint|p2a: Gengar\n|\n|upkeep\n|-message|Allelaja forfeited.\n|\n|win|BMence\n|raw|BMence's rating: 2004 &rarr; <strong>2021<\/strong><br \/>(+17 for winning)\n|raw|Allelaja's rating: 1947 &rarr; <strong>1930<\/strong><br \/>(-17 for losing)\n|l|\u2606Allelaja\n","inputlog":">version 1ebaf62c062034a7ea2319676b73ede32533b032\n>start {\"formatid\":\"gen8randombattle\",\"seed\":[23862,17963,51467,439],\"rated\":\"Rated battle\"}\n>player p1 {\"name\":\"BMence\",\"avatar\":\"1\",\"rating\":2004,\"seed\":[31865,5008,25778,14340]}\n>player p2 {\"name\":\"Allelaja\",\"avatar\":\"2\",\"rating\":1947,\"seed\":[41387,60422,35471,45557]}\n>p1 move calmmind\n>p2 move flashcannon\n>p1 move calmmind\n>p2 switch 6\n>p1 move psychic dynamax\n>p2 move stoneedge\n>p2 switch 4\n>p1 move bugbuzz dynamax\n>p2 switch 6\n>p1 move psychic dynamax\n>p2 move thunderbolt\n>p2 switch 5\n>p1 move psychic\n>p2 move thunderwave\n>p1 move psychic\n>p2 move fireblast\n>p1 move recover\n>p2 move fireblast\n>p1 move calmmind\n>p2 move fireblast\n>p1 move recover\n>p2 move fireblast\n>p1 move recover\n>p2 move fireblast\n>p1 move calmmind\n>p2 move fireblast\n>chat \u2606BMence|omfg\n>p1 move recover\n>p2 switch 2\n>p1 move psychic\n>p2 move nastyplot\n>forcelose p2","uploadtime":1644833597,"views":7,"p1id":"bmence","p2id":"allelaja","formatid":"gen8randombattle","rating":1930,"private":0,"password":null}