{"id":"gen8nationaldex-1597349921","p1":"NDLT3RQLRealBanana","p2":"cump3","format":"gen8nationaldex","log":"|j|\u2606NDLT3RQLRealBanana\n|j|\u2606cump3\n|t:|1655354557\n|gametype|singles\n|player|p1|NDLT3RQLRealBanana|kahili|1599\n|player|p2|cump3|gentleman-gen4|1626\n|teamsize|p1|6\n|teamsize|p2|6\n|gen|8\n|tier|[Gen 8] National Dex\n|rated|\n|rule|HP Percentage Mod: HP is shown in percentages\n|rule|Endless Battle Clause: Forcing endless battles is banned\n|rule|OHKO Clause: OHKO moves are banned\n|rule|Evasion Moves Clause: Evasion moves are banned\n|rule|Species Clause: Limit one of each Pok\u00e9mon\n|rule|Dynamax Clause: You cannot dynamax\n|rule|Sleep Clause Mod: Limit one foe put to sleep\n|clearpoke\n|poke|p1|Hoopa-Unbound|\n|poke|p1|Landorus-Therian, M|\n|poke|p1|Tapu Fini|\n|poke|p1|Tangrowth, M|\n|poke|p1|Lopunny, F|\n|poke|p1|Heatran, F|\n|poke|p2|Sableye, M|\n|poke|p2|Chansey, F|\n|poke|p2|Toxapex, M|\n|poke|p2|Quagsire, M|\n|poke|p2|Corviknight, F|\n|poke|p2|Clefable, F|\n|teampreview\n|c|\u2606NDLT3RQLRealBanana|Glhf\n|c|\u2606cump3|u2\n|inactive|Battle timer is ON: inactive players will automatically lose when time's up. (requested by cump3)\n|j| Asesinen a Ruben\n|\n|t:|1655354586\n|start\n|switch|p1a: Sand Daddy|Landorus-Therian, M|100\/100\n|switch|p2a: Clefable|Clefable, F|100\/100\n|-ability|p1a: Sand Daddy|Intimidate|boost\n|-unboost|p2a: Clefable|atk|1\n|turn|1\n|j| NDLT3RQL Sabrina\n|\n|t:|1655354593\n|switch|p2a: Corviknight|Corviknight, F, shiny|100\/100\n|-ability|p2a: Corviknight|Pressure\n|move|p1a: Sand Daddy|Toxic|p2a: Corviknight|[miss]\n|-miss|p1a: Sand Daddy|p2a: Corviknight\n|\n|upkeep\n|turn|2\n|\n|t:|1655354596\n|move|p1a: Sand Daddy|U-turn|p2a: Corviknight\n|-resisted|p2a: Corviknight\n|-damage|p2a: Corviknight|97\/100\n|\n|t:|1655354598\n|switch|p1a: Heat Crash|Heatran, F|100\/100|[from]move: U-turn\n|move|p2a: Corviknight|Defog|p1a: Heat Crash\n|-unboost|p1a: Heat Crash|evasion|1\n|\n|upkeep\n|turn|3\n|\n|t:|1655354606\n|switch|p2a: Quagsire|Quagsire, M, shiny|100\/100\n|move|p1a: Heat Crash|Stealth Rock|p2a: Quagsire\n|-sidestart|p2: cump3|move: Stealth Rock\n|\n|upkeep\n|turn|4\n|l| NDLT3RQL Sabrina\n|\n|t:|1655354611\n|switch|p2a: Sableye|Sableye, M|100\/100\n|-damage|p2a: Sableye|88\/100|[from] Stealth Rock\n|move|p1a: Heat Crash|Toxic|p2a: Sableye\n|-status|p2a: Sableye|tox\n|\n|-damage|p2a: Sableye|82\/100 tox|[from] psn\n|upkeep\n|turn|5\n|j| Amy2603\n|j| EN VEE KAYYYY\n|\n|t:|1655354617\n|detailschange|p2a: Sableye|Sableye-Mega, M\n|-mega|p2a: Sableye|Sableye|Sablenite\n|move|p2a: Sableye|Protect|p2a: Sableye\n|-singleturn|p2a: Sableye|Protect\n|move|p1a: Heat Crash|Lava Plume|p2a: Sableye\n|-activate|p2a: Sableye|move: Protect\n|\n|-damage|p2a: Sableye|70\/100 tox|[from] psn\n|upkeep\n|turn|6\n|j| Pokemh\n|\n|t:|1655354628\n|switch|p1a: Lil Bunny|Lopunny, F, shiny|100\/100\n|switch|p2a: Clefable|Clefable, F|100\/100\n|\n|upkeep\n|turn|7\n|\n|t:|1655354638\n|switch|p2a: Toxapex|Toxapex, M, shiny|100\/100\n|-damage|p2a: Toxapex|88\/100|[from] Stealth Rock\n|detailschange|p1a: Lil Bunny|Lopunny-Mega, F, shiny\n|-mega|p1a: Lil Bunny|Lopunny|Lopunnite\n|move|p1a: Lil Bunny|U-turn|p2a: Toxapex\n|-resisted|p2a: Toxapex\n|-damage|p2a: Toxapex|81\/100\n|-damage|p1a: Lil Bunny|84\/100|[from] item: Rocky Helmet|[of] p2a: Toxapex\n|\n|t:|1655354641\n|switch|p1a: Insano|Hoopa-Unbound|100\/100|[from]move: U-turn\n|\n|upkeep\n|turn|8\n|\n|t:|1655354645\n|move|p1a: Insano|Nasty Plot|p1a: Insano\n|-boost|p1a: Insano|spa|2\n|move|p2a: Toxapex|Poison Jab|p1a: Insano\n|-damage|p1a: Insano|69\/100\n|\n|upkeep\n|turn|9\n|inactive|cump3 has 120 seconds left.\n|\n|t:|1655354680\n|move|p1a: Insano|Psyshock|p2a: Toxapex\n|-supereffective|p2a: Toxapex\n|-damage|p2a: Toxapex|0 fnt\n|faint|p2a: Toxapex\n|\n|upkeep\n|inactive|cump3 has 120 seconds left.\n|\n|t:|1655354690\n|switch|p2a: Clefable|Clefable, F|100\/100\n|turn|10\n|\n|t:|1655354695\n|switch|p1a: Good Night|Tapu Fini|100\/100\n|-fieldstart|move: Misty Terrain|[from] ability: Misty Surge|[of] p1a: Good Night\n|move|p2a: Clefable|Moonblast|p1a: Good Night\n|-damage|p1a: Good Night|80\/100\n|\n|-heal|p1a: Good Night|87\/100|[from] item: Leftovers\n|upkeep\n|turn|11\n|\n|t:|1655354699\n|move|p1a: Good Night|Whirlpool|p2a: Clefable\n|-damage|p2a: Clefable|93\/100\n|-activate|p2a: Clefable|move: Whirlpool|[of] p1a: Good Night\n|move|p2a: Clefable|Aromatherapy|p2a: Clefable\n|-activate|p2a: Clefable|move: Aromatherapy\n|-curestatus|p2: Sableye|tox|[msg]\n|\n|-heal|p1a: Good Night|93\/100|[from] item: Leftovers\n|-damage|p2a: Clefable|80\/100|[from] move: Whirlpool|[partiallytrapped]\n|upkeep\n|turn|12\n|\n|t:|1655354702\n|move|p1a: Good Night|Taunt|p2a: Clefable\n|-start|p2a: Clefable|move: Taunt\n|cant|p2a: Clefable|move: Taunt|Calm Mind\n|\n|-heal|p1a: Good Night|99\/100|[from] item: Leftovers\n|-damage|p2a: Clefable|68\/100|[from] move: Whirlpool|[partiallytrapped]\n|upkeep\n|turn|13\n|\n|t:|1655354705\n|move|p1a: Good Night|Nature's Madness|p2a: Clefable\n|-damage|p2a: Clefable|34\/100\n|move|p2a: Clefable|Moonblast|p1a: Good Night\n|-damage|p1a: Good Night|76\/100\n|\n|-heal|p1a: Good Night|82\/100|[from] item: Leftovers\n|-damage|p2a: Clefable|22\/100|[from] move: Whirlpool|[partiallytrapped]\n|upkeep\n|turn|14\n|\n|t:|1655354707\n|move|p1a: Good Night|Moonblast|p2a: Clefable\n|-damage|p2a: Clefable|0 fnt\n|faint|p2a: Clefable\n|\n|-heal|p1a: Good Night|88\/100|[from] item: Leftovers\n|-fieldend|Misty Terrain\n|upkeep\n|\n|t:|1655354713\n|switch|p2a: Corviknight|Corviknight, F, shiny|97\/100\n|-damage|p2a: Corviknight|84\/100|[from] Stealth Rock\n|-ability|p2a: Corviknight|Pressure\n|turn|15\n|\n|t:|1655354717\n|switch|p2a: Sableye|Sableye-Mega, M|70\/100\n|-damage|p2a: Sableye|58\/100|[from] Stealth Rock\n|move|p1a: Good Night|Whirlpool|p2a: Sableye\n|-damage|p2a: Sableye|47\/100\n|-activate|p2a: Sableye|move: Whirlpool|[of] p1a: Good Night\n|\n|-heal|p1a: Good Night|94\/100|[from] item: Leftovers\n|-damage|p2a: Sableye|35\/100|[from] move: Whirlpool|[partiallytrapped]\n|upkeep\n|turn|16\n|\n|t:|1655354720\n|move|p1a: Good Night|Moonblast|p2a: Sableye\n|-supereffective|p2a: Sableye\n|-damage|p2a: Sableye|0 fnt\n|faint|p2a: Sableye\n|\n|-heal|p1a: Good Night|99\/100|[from] item: Leftovers\n|upkeep\n|-message|cump3 forfeited.\n|\n|win|NDLT3RQLRealBanana\n|raw|NDLT3RQLRealBanana's rating: 1599 &rarr; <strong>1621<\/strong><br \/>(+22 for winning)\n|raw|cump3's rating: 1626 &rarr; <strong>1604<\/strong><br \/>(-22 for losing)\n|l|\u2606cump3\n|c|\u2606NDLT3RQLRealBanana|gg wp\n|l| EN VEE KAYYYY\n","uploadtime":1655354736,"views":15,"p1id":"ndlt3rqlrealbanana","p2id":"cump3","formatid":"gen8nationaldex","rating":1604,"private":0,"password":null}