{"id":"gen8bdspou-1457684868","p1":"i know im horrible","p2":"wellhell","format":"gen8bdspou","log":"|j|\u2606i know im horrible\n|j|\u2606wellhell\n|t:|1637405436\n|gametype|singles\n|player|p1|i know im horrible|102|1337\n|player|p2|wellhell|waiter|1391\n|teamsize|p1|6\n|teamsize|p2|6\n|gen|8\n|tier|[Gen 8 BDSP] OU\n|rated|\n|rule|Sleep Clause Mod: Limit one foe put to sleep\n|rule|Species Clause: Limit one of each Pok\u00e9mon\n|rule|OHKO Clause: OHKO moves are banned\n|rule|Evasion Moves Clause: Evasion moves are banned\n|rule|Endless Battle Clause: Forcing endless battles is banned\n|rule|HP Percentage Mod: HP is shown in percentages\n|clearpoke\n|poke|p1|Abomasnow, F|\n|poke|p1|Cloyster, F|\n|poke|p1|Azelf|\n|poke|p1|Blaziken, M|\n|poke|p1|Gyarados, F|\n|poke|p1|Salamence, M|\n|poke|p2|Latios, M|\n|poke|p2|Skarmory, M|\n|poke|p2|Magnezone|\n|poke|p2|Gengar, F|\n|poke|p2|Heracross, M|\n|poke|p2|Gliscor, F|\n|teampreview\n|inactive|Battle timer is ON: inactive players will automatically lose when time's up. (requested by i know im horrible)\n|\n|t:|1637405460\n|start\n|switch|p1a: Azelf|Azelf|100\/100\n|switch|p2a: Gliscor|Gliscor, F|100\/100\n|turn|1\n|\n|t:|1637405464\n|move|p1a: Azelf|Taunt|p2a: Gliscor\n|-start|p2a: Gliscor|move: Taunt\n|move|p2a: Gliscor|U-turn|p1a: Azelf\n|-supereffective|p1a: Azelf\n|-damage|p1a: Azelf|48\/100\n|\n|t:|1637405469\n|switch|p2a: Magnezone|Magnezone|100\/100|[from]move: U-turn\n|\n|upkeep\n|turn|2\n|\n|t:|1637405471\n|move|p1a: Azelf|Light Screen|p1a: Azelf\n|-sidestart|p1: i know im horrible|move: Light Screen\n|move|p2a: Magnezone|Volt Switch|p1a: Azelf\n|-damage|p1a: Azelf|9\/100\n|j| gyptv\n|\n|t:|1637405478\n|switch|p2a: Gliscor|Gliscor, F|100\/100|[from]move: Volt Switch\n|\n|-status|p2a: Gliscor|tox|[from] item: Toxic Orb\n|upkeep\n|turn|3\n|\n|t:|1637405483\n|move|p1a: Azelf|Taunt|p2a: Gliscor\n|-start|p2a: Gliscor|move: Taunt\n|move|p2a: Gliscor|U-turn|p1a: Azelf\n|-supereffective|p1a: Azelf\n|-damage|p1a: Azelf|0 fnt\n|faint|p1a: Azelf\n|\n|t:|1637405495\n|switch|p2a: Magnezone|Magnezone|100\/100|[from]move: U-turn\n|\n|upkeep\n|j| based donald duck\n|\n|t:|1637405498\n|switch|p1a: Salamence|Salamence, M|100\/100\n|-ability|p1a: Salamence|Intimidate|boost\n|-unboost|p2a: Magnezone|atk|1\n|turn|4\n|\n|t:|1637405503\n|move|p1a: Salamence|Dragon Dance|p1a: Salamence\n|-boost|p1a: Salamence|atk|1\n|-boost|p1a: Salamence|spe|1\n|move|p2a: Magnezone|Volt Switch|p1a: Salamence\n|-damage|p1a: Salamence|70\/100\n|\n|t:|1637405505\n|switch|p2a: Skarmory|Skarmory, M|100\/100|[from]move: Volt Switch\n|\n|-heal|p1a: Salamence|76\/100|[from] item: Leftovers\n|upkeep\n|turn|5\n|\n|t:|1637405510\n|move|p1a: Salamence|Substitute|p1a: Salamence\n|-start|p1a: Salamence|Substitute\n|-damage|p1a: Salamence|51\/100\n|move|p2a: Skarmory|Whirlwind|p1a: Salamence\n|drag|p1a: Blaziken|Blaziken, M|100\/100\n|\n|upkeep\n|turn|6\n|\n|t:|1637405515\n|move|p1a: Blaziken|Blaze Kick|p2a: Skarmory|[miss]\n|-miss|p1a: Blaziken|p2a: Skarmory\n|move|p2a: Skarmory|Brave Bird|p1a: Blaziken\n|-supereffective|p1a: Blaziken\n|-damage|p1a: Blaziken|0 fnt\n|faint|p1a: Blaziken\n|-damage|p2a: Skarmory|71\/100|[from] Recoil\n|\n|upkeep\n|\n|t:|1637405520\n|switch|p1a: Cloyster|Cloyster, F|100\/100\n|turn|7\n|\n|t:|1637405525\n|switch|p2a: Magnezone|Magnezone|100\/100\n|move|p1a: Cloyster|Icicle Spear|p2a: Magnezone\n|-resisted|p2a: Magnezone\n|-damage|p2a: Magnezone|94\/100\n|-resisted|p2a: Magnezone\n|-damage|p2a: Magnezone|88\/100\n|-resisted|p2a: Magnezone\n|-damage|p2a: Magnezone|82\/100\n|-resisted|p2a: Magnezone\n|-damage|p2a: Magnezone|75\/100\n|-resisted|p2a: Magnezone\n|-damage|p2a: Magnezone|69\/100\n|-hitcount|p2a: Magnezone|5\n|\n|upkeep\n|turn|8\n|\n|t:|1637405534\n|switch|p1a: Salamence|Salamence, M|51\/100\n|-ability|p1a: Salamence|Intimidate|boost\n|-unboost|p2a: Magnezone|atk|1\n|move|p2a: Magnezone|Volt Switch|p1a: Salamence\n|-damage|p1a: Salamence|16\/100\n|\n|t:|1637405545\n|switch|p2a: Gengar|Gengar, F|100\/100|[from]move: Volt Switch\n|\n|-heal|p1a: Salamence|22\/100|[from] item: Leftovers\n|upkeep\n|turn|9\n|\n|t:|1637405548\n|move|p2a: Gengar|Shadow Ball|p1a: Salamence\n|-damage|p1a: Salamence|0 fnt\n|faint|p1a: Salamence\n|\n|-sideend|p1: i know im horrible|move: Light Screen\n|upkeep\n|\n|t:|1637405552\n|switch|p1a: Abomasnow|Abomasnow, F|100\/100\n|-weather|Hail|[from] ability: Snow Warning|[of] p1a: Abomasnow\n|turn|10\n|\n|t:|1637405556\n|move|p2a: Gengar|Focus Blast|p1a: Abomasnow\n|-supereffective|p1a: Abomasnow\n|-damage|p1a: Abomasnow|45\/100\n|move|p1a: Abomasnow|Aurora Veil|p1a: Abomasnow\n|-sidestart|p1: i know im horrible|move: Aurora Veil\n|\n|-weather|Hail|[upkeep]\n|-damage|p2a: Gengar|94\/100|[from] Hail\n|-heal|p2a: Gengar|100\/100|[from] item: Leftovers\n|upkeep\n|turn|11\n|\n|t:|1637405563\n|move|p2a: Gengar|Nasty Plot|p2a: Gengar\n|-boost|p2a: Gengar|spa|2\n|move|p1a: Abomasnow|Leech Seed|p2a: Gengar\n|-start|p2a: Gengar|move: Leech Seed\n|\n|-weather|Hail|[upkeep]\n|-damage|p2a: Gengar|94\/100|[from] Hail\n|-heal|p2a: Gengar|100\/100|[from] item: Leftovers\n|-damage|p2a: Gengar|88\/100|[from] Leech Seed|[of] p1a: Abomasnow\n|-heal|p1a: Abomasnow|53\/100|[silent]\n|upkeep\n|turn|12\n|\n|t:|1637405567\n|move|p1a: Abomasnow|Ice Shard|p2a: Gengar\n|-damage|p2a: Gengar|62\/100\n|move|p2a: Gengar|Focus Blast|p1a: Abomasnow\n|-supereffective|p1a: Abomasnow\n|-damage|p1a: Abomasnow|0 fnt\n|faint|p1a: Abomasnow\n|\n|-weather|Hail|[upkeep]\n|-damage|p2a: Gengar|56\/100|[from] Hail\n|-heal|p2a: Gengar|62\/100|[from] item: Leftovers\n|upkeep\n|\n|t:|1637405571\n|switch|p1a: Gyarados|Gyarados, F|100\/100\n|-ability|p1a: Gyarados|Intimidate|boost\n|-unboost|p2a: Gengar|atk|1\n|turn|13\n|\n|t:|1637405575\n|move|p2a: Gengar|Shadow Ball|p1a: Gyarados\n|-damage|p1a: Gyarados|60\/100\n|move|p1a: Gyarados|Dragon Dance|p1a: Gyarados\n|-boost|p1a: Gyarados|atk|1\n|-boost|p1a: Gyarados|spe|1\n|\n|-weather|Hail|[upkeep]\n|-damage|p1a: Gyarados|54\/100|[from] Hail\n|-damage|p2a: Gengar|56\/100|[from] Hail\n|-heal|p1a: Gyarados|60\/100|[from] item: Leftovers\n|-heal|p2a: Gengar|62\/100|[from] item: Leftovers\n|-damage|p2a: Gengar|50\/100|[from] Leech Seed|[of] p1a: Gyarados\n|-heal|p1a: Gyarados|69\/100|[silent]\n|upkeep\n|turn|14\n|\n|t:|1637405581\n|move|p1a: Gyarados|Dragon Dance|p1a: Gyarados\n|-boost|p1a: Gyarados|atk|1\n|-boost|p1a: Gyarados|spe|1\n|move|p2a: Gengar|Shadow Ball|p1a: Gyarados\n|-damage|p1a: Gyarados|27\/100\n|\n|-weather|none\n|-heal|p1a: Gyarados|33\/100|[from] item: Leftovers\n|-heal|p2a: Gengar|56\/100|[from] item: Leftovers\n|-damage|p2a: Gengar|43\/100|[from] Leech Seed|[of] p1a: Gyarados\n|-heal|p1a: Gyarados|42\/100|[silent]\n|upkeep\n|turn|15\n|\n|t:|1637405588\n|move|p1a: Gyarados|Waterfall|p2a: Gengar\n|-damage|p2a: Gengar|0 fnt\n|faint|p2a: Gengar\n|\n|-heal|p1a: Gyarados|49\/100|[from] item: Leftovers\n|upkeep\n|\n|t:|1637405591\n|switch|p2a: Skarmory|Skarmory, M|71\/100\n|turn|16\n|j| Fireeeeeee12\n|\n|t:|1637405593\n|move|p1a: Gyarados|Waterfall|p2a: Skarmory\n|-damage|p2a: Skarmory|19\/100\n|move|p2a: Skarmory|Whirlwind|p1a: Gyarados\n|drag|p1a: Cloyster|Cloyster, F|100\/100\n|\n|upkeep\n|turn|17\n|\n|t:|1637405601\n|move|p1a: Cloyster|Shell Smash|p1a: Cloyster\n|-unboost|p1a: Cloyster|def|1\n|-unboost|p1a: Cloyster|spd|1\n|-boost|p1a: Cloyster|atk|2\n|-boost|p1a: Cloyster|spa|2\n|-boost|p1a: Cloyster|spe|2\n|-enditem|p1a: Cloyster|White Herb\n|-clearnegativeboost|p1a: Cloyster|[silent]\n|move|p2a: Skarmory|Whirlwind|p1a: Cloyster\n|drag|p1a: Gyarados|Gyarados, F|49\/100\n|-ability|p1a: Gyarados|Intimidate|boost\n|-unboost|p2a: Skarmory|atk|1\n|\n|-heal|p1a: Gyarados|55\/100|[from] item: Leftovers\n|-sideend|p1: i know im horrible|move: Aurora Veil\n|upkeep\n|turn|18\n|\n|t:|1637405605\n|move|p1a: Gyarados|Dragon Dance|p1a: Gyarados\n|-boost|p1a: Gyarados|atk|1\n|-boost|p1a: Gyarados|spe|1\n|move|p2a: Skarmory|Whirlwind|p1a: Gyarados\n|drag|p1a: Cloyster|Cloyster, F|100\/100\n|\n|upkeep\n|turn|19\n|\n|t:|1637405608\n|move|p1a: Cloyster|Shell Smash|p1a: Cloyster\n|-unboost|p1a: Cloyster|def|1\n|-unboost|p1a: Cloyster|spd|1\n|-boost|p1a: Cloyster|atk|2\n|-boost|p1a: Cloyster|spa|2\n|-boost|p1a: Cloyster|spe|2\n|move|p2a: Skarmory|Whirlwind|p1a: Cloyster\n|drag|p1a: Gyarados|Gyarados, F|55\/100\n|-ability|p1a: Gyarados|Intimidate|boost\n|-unboost|p2a: Skarmory|atk|1\n|\n|-heal|p1a: Gyarados|61\/100|[from] item: Leftovers\n|upkeep\n|turn|20\n|\n|t:|1637405611\n|move|p1a: Gyarados|Dragon Dance|p1a: Gyarados\n|-boost|p1a: Gyarados|atk|1\n|-boost|p1a: Gyarados|spe|1\n|move|p2a: Skarmory|Whirlwind|p1a: Gyarados\n|drag|p1a: Cloyster|Cloyster, F|100\/100\n|\n|upkeep\n|turn|21\n|\n|t:|1637405614\n|move|p1a: Cloyster|Shell Smash|p1a: Cloyster\n|-unboost|p1a: Cloyster|def|1\n|-unboost|p1a: Cloyster|spd|1\n|-boost|p1a: Cloyster|atk|2\n|-boost|p1a: Cloyster|spa|2\n|-boost|p1a: Cloyster|spe|2\n|move|p2a: Skarmory|Whirlwind|p1a: Cloyster\n|drag|p1a: Gyarados|Gyarados, F|61\/100\n|-ability|p1a: Gyarados|Intimidate|boost\n|-unboost|p2a: Skarmory|atk|1\n|\n|-heal|p1a: Gyarados|67\/100|[from] item: Leftovers\n|upkeep\n|turn|22\n|\n|t:|1637405616\n|move|p1a: Gyarados|Dragon Dance|p1a: Gyarados\n|-boost|p1a: Gyarados|atk|1\n|-boost|p1a: Gyarados|spe|1\n|move|p2a: Skarmory|Roost|p2a: Skarmory\n|-heal|p2a: Skarmory|69\/100\n|-singleturn|p2a: Skarmory|move: Roost\n|\n|-heal|p1a: Gyarados|73\/100|[from] item: Leftovers\n|upkeep\n|turn|23\n|\n|t:|1637405621\n|move|p1a: Gyarados|Waterfall|p2a: Skarmory\n|-damage|p2a: Skarmory|30\/100\n|move|p2a: Skarmory|Whirlwind|p1a: Gyarados\n|drag|p1a: Cloyster|Cloyster, F|100\/100\n|\n|upkeep\n|turn|24\n|\n|t:|1637405628\n|move|p1a: Cloyster|Shell Smash|p1a: Cloyster\n|-unboost|p1a: Cloyster|def|1\n|-unboost|p1a: Cloyster|spd|1\n|-boost|p1a: Cloyster|atk|2\n|-boost|p1a: Cloyster|spa|2\n|-boost|p1a: Cloyster|spe|2\n|move|p2a: Skarmory|Whirlwind|p1a: Cloyster\n|drag|p1a: Gyarados|Gyarados, F|73\/100\n|-ability|p1a: Gyarados|Intimidate|boost\n|-unboost|p2a: Skarmory|atk|1\n|\n|-heal|p1a: Gyarados|79\/100|[from] item: Leftovers\n|upkeep\n|turn|25\n|\n|t:|1637405632\n|move|p1a: Gyarados|Dragon Dance|p1a: Gyarados\n|-boost|p1a: Gyarados|atk|1\n|-boost|p1a: Gyarados|spe|1\n|move|p2a: Skarmory|Whirlwind|p1a: Gyarados\n|drag|p1a: Cloyster|Cloyster, F|100\/100\n|\n|upkeep\n|turn|26\n|\n|t:|1637405638\n|move|p1a: Cloyster|Shell Smash|p1a: Cloyster\n|-unboost|p1a: Cloyster|def|1\n|-unboost|p1a: Cloyster|spd|1\n|-boost|p1a: Cloyster|atk|2\n|-boost|p1a: Cloyster|spa|2\n|-boost|p1a: Cloyster|spe|2\n|move|p2a: Skarmory|Whirlwind|p1a: Cloyster\n|drag|p1a: Gyarados|Gyarados, F|79\/100\n|-ability|p1a: Gyarados|Intimidate|boost\n|-unboost|p2a: Skarmory|atk|1\n|\n|-heal|p1a: Gyarados|85\/100|[from] item: Leftovers\n|upkeep\n|turn|27\n|\n|t:|1637405646\n|move|p1a: Gyarados|Dragon Dance|p1a: Gyarados\n|-boost|p1a: Gyarados|atk|1\n|-boost|p1a: Gyarados|spe|1\n|move|p2a: Skarmory|Whirlwind|p1a: Gyarados\n|drag|p1a: Cloyster|Cloyster, F|100\/100\n|\n|upkeep\n|turn|28\n|\n|t:|1637405659\n|move|p1a: Cloyster|Shell Smash|p1a: Cloyster\n|-unboost|p1a: Cloyster|def|1\n|-unboost|p1a: Cloyster|spd|1\n|-boost|p1a: Cloyster|atk|2\n|-boost|p1a: Cloyster|spa|2\n|-boost|p1a: Cloyster|spe|2\n|move|p2a: Skarmory|Whirlwind|p1a: Cloyster\n|drag|p1a: Gyarados|Gyarados, F|85\/100\n|-ability|p1a: Gyarados|Intimidate|boost\n|-unboost|p2a: Skarmory|atk|1\n|\n|-heal|p1a: Gyarados|91\/100|[from] item: Leftovers\n|upkeep\n|turn|29\n|\n|t:|1637405666\n|move|p1a: Gyarados|Dragon Dance|p1a: Gyarados\n|-boost|p1a: Gyarados|atk|1\n|-boost|p1a: Gyarados|spe|1\n|move|p2a: Skarmory|Roost|p2a: Skarmory\n|-heal|p2a: Skarmory|80\/100\n|-singleturn|p2a: Skarmory|move: Roost\n|\n|-heal|p1a: Gyarados|97\/100|[from] item: Leftovers\n|upkeep\n|turn|30\n|\n|t:|1637405669\n|move|p1a: Gyarados|Waterfall|p2a: Skarmory\n|-damage|p2a: Skarmory|38\/100\n|move|p2a: Skarmory|Roost|p2a: Skarmory\n|-heal|p2a: Skarmory|88\/100\n|-singleturn|p2a: Skarmory|move: Roost\n|\n|-heal|p1a: Gyarados|100\/100|[from] item: Leftovers\n|upkeep\n|turn|31\n|\n|t:|1637405673\n|move|p1a: Gyarados|Waterfall|p2a: Skarmory\n|-damage|p2a: Skarmory|46\/100\n|cant|p2a: Skarmory|flinch\n|\n|upkeep\n|turn|32\n|l| Fireeeeeee12\n|\n|t:|1637405678\n|move|p1a: Gyarados|Dragon Dance|p1a: Gyarados\n|-boost|p1a: Gyarados|atk|1\n|-boost|p1a: Gyarados|spe|1\n|move|p2a: Skarmory|Whirlwind|p1a: Gyarados\n|drag|p1a: Cloyster|Cloyster, F|100\/100\n|\n|upkeep\n|turn|33\n|\n|t:|1637405681\n|move|p1a: Cloyster|Shell Smash|p1a: Cloyster\n|-unboost|p1a: Cloyster|def|1\n|-unboost|p1a: Cloyster|spd|1\n|-boost|p1a: Cloyster|atk|2\n|-boost|p1a: Cloyster|spa|2\n|-boost|p1a: Cloyster|spe|2\n|move|p2a: Skarmory|Roost|p2a: Skarmory\n|-heal|p2a: Skarmory|96\/100\n|-singleturn|p2a: Skarmory|move: Roost\n|\n|upkeep\n|turn|34\n|\n|t:|1637405684\n|move|p1a: Cloyster|Icicle Spear|p2a: Skarmory\n|-damage|p2a: Skarmory|83\/100\n|-damage|p2a: Skarmory|68\/100\n|-damage|p2a: Skarmory|53\/100\n|-damage|p2a: Skarmory|39\/100\n|-damage|p2a: Skarmory|25\/100\n|-hitcount|p2a: Skarmory|5\n|move|p2a: Skarmory|Whirlwind|p1a: Cloyster\n|drag|p1a: Gyarados|Gyarados, F|100\/100\n|-ability|p1a: Gyarados|Intimidate|boost\n|-unboost|p2a: Skarmory|atk|0\n|\n|upkeep\n|turn|35\n|\n|t:|1637405691\n|move|p1a: Gyarados|Dragon Dance|p1a: Gyarados\n|-boost|p1a: Gyarados|atk|1\n|-boost|p1a: Gyarados|spe|1\n|move|p2a: Skarmory|Roost|p2a: Skarmory\n|-heal|p2a: Skarmory|75\/100\n|-singleturn|p2a: Skarmory|move: Roost\n|\n|upkeep\n|turn|36\n|\n|t:|1637405694\n|move|p1a: Gyarados|Waterfall|p2a: Skarmory\n|-damage|p2a: Skarmory|33\/100\n|move|p2a: Skarmory|Whirlwind|p1a: Gyarados\n|drag|p1a: Cloyster|Cloyster, F|100\/100\n|\n|upkeep\n|turn|37\n|\n|t:|1637405721\n|move|p1a: Cloyster|Shell Smash|p1a: Cloyster\n|-unboost|p1a: Cloyster|def|1\n|-unboost|p1a: Cloyster|spd|1\n|-boost|p1a: Cloyster|atk|2\n|-boost|p1a: Cloyster|spa|2\n|-boost|p1a: Cloyster|spe|2\n|move|p2a: Skarmory|Whirlwind|p1a: Cloyster\n|drag|p1a: Gyarados|Gyarados, F|100\/100\n|-ability|p1a: Gyarados|Intimidate|boost\n|-unboost|p2a: Skarmory|atk|0\n|\n|upkeep\n|turn|38\n|\n|t:|1637405728\n|move|p1a: Gyarados|Dragon Dance|p1a: Gyarados\n|-boost|p1a: Gyarados|atk|1\n|-boost|p1a: Gyarados|spe|1\n|move|p2a: Skarmory|Roost|p2a: Skarmory\n|-heal|p2a: Skarmory|83\/100\n|-singleturn|p2a: Skarmory|move: Roost\n|\n|upkeep\n|turn|39\n|\n|t:|1637405731\n|move|p1a: Gyarados|Waterfall|p2a: Skarmory\n|-damage|p2a: Skarmory|42\/100\n|move|p2a: Skarmory|Whirlwind|p1a: Gyarados\n|drag|p1a: Cloyster|Cloyster, F|100\/100\n|\n|upkeep\n|turn|40\n|\n|t:|1637405739\n|move|p1a: Cloyster|Shell Smash|p1a: Cloyster\n|-unboost|p1a: Cloyster|def|1\n|-unboost|p1a: Cloyster|spd|1\n|-boost|p1a: Cloyster|atk|2\n|-boost|p1a: Cloyster|spa|2\n|-boost|p1a: Cloyster|spe|2\n|move|p2a: Skarmory|Whirlwind|p1a: Cloyster\n|drag|p1a: Gyarados|Gyarados, F|100\/100\n|-ability|p1a: Gyarados|Intimidate|boost\n|-unboost|p2a: Skarmory|atk|0\n|\n|upkeep\n|turn|41\n|\n|t:|1637405741\n|move|p1a: Gyarados|Dragon Dance|p1a: Gyarados\n|-boost|p1a: Gyarados|atk|1\n|-boost|p1a: Gyarados|spe|1\n|move|p2a: Skarmory|Roost|p2a: Skarmory\n|-heal|p2a: Skarmory|92\/100\n|-singleturn|p2a: Skarmory|move: Roost\n|\n|upkeep\n|turn|42\n|\n|t:|1637405744\n|move|p1a: Gyarados|Waterfall|p2a: Skarmory\n|-damage|p2a: Skarmory|55\/100\n|cant|p2a: Skarmory|flinch\n|\n|upkeep\n|turn|43\n|\n|t:|1637405748\n|move|p1a: Gyarados|Waterfall|p2a: Skarmory\n|-damage|p2a: Skarmory|16\/100\n|move|p2a: Skarmory|Roost|p2a: Skarmory\n|-heal|p2a: Skarmory|66\/100\n|-singleturn|p2a: Skarmory|move: Roost\n|\n|upkeep\n|turn|44\n|\n|t:|1637405752\n|move|p1a: Gyarados|Waterfall|p2a: Skarmory\n|-damage|p2a: Skarmory|27\/100\n|cant|p2a: Skarmory|flinch\n|\n|upkeep\n|turn|45\n|\n|t:|1637405759\n|move|p1a: Gyarados|Dragon Dance|p1a: Gyarados\n|-boost|p1a: Gyarados|atk|1\n|-boost|p1a: Gyarados|spe|1\n|move|p2a: Skarmory|Whirlwind|p1a: Gyarados\n|drag|p1a: Cloyster|Cloyster, F|100\/100\n|\n|upkeep\n|turn|46\n|\n|t:|1637405780\n|move|p1a: Cloyster|Shell Smash|p1a: Cloyster\n|-unboost|p1a: Cloyster|def|1\n|-unboost|p1a: Cloyster|spd|1\n|-boost|p1a: Cloyster|atk|2\n|-boost|p1a: Cloyster|spa|2\n|-boost|p1a: Cloyster|spe|2\n|move|p2a: Skarmory|Whirlwind|p1a: Cloyster\n|drag|p1a: Gyarados|Gyarados, F|100\/100\n|-ability|p1a: Gyarados|Intimidate|boost\n|-unboost|p2a: Skarmory|atk|0\n|\n|upkeep\n|turn|47\n|\n|t:|1637405784\n|move|p1a: Gyarados|Dragon Dance|p1a: Gyarados\n|-boost|p1a: Gyarados|atk|1\n|-boost|p1a: Gyarados|spe|1\n|move|p2a: Skarmory|Roost|p2a: Skarmory\n|-heal|p2a: Skarmory|77\/100\n|-singleturn|p2a: Skarmory|move: Roost\n|\n|upkeep\n|turn|48\n|\n|t:|1637405787\n|move|p1a: Gyarados|Waterfall|p2a: Skarmory\n|-damage|p2a: Skarmory|38\/100\n|move|p2a: Skarmory|Whirlwind|p1a: Gyarados\n|drag|p1a: Cloyster|Cloyster, F|100\/100\n|\n|upkeep\n|turn|49\n|\n|t:|1637405792\n|move|p1a: Cloyster|Shell Smash|p1a: Cloyster\n|-unboost|p1a: Cloyster|def|1\n|-unboost|p1a: Cloyster|spd|1\n|-boost|p1a: Cloyster|atk|2\n|-boost|p1a: Cloyster|spa|2\n|-boost|p1a: Cloyster|spe|2\n|move|p2a: Skarmory|Roost|p2a: Skarmory\n|-heal|p2a: Skarmory|88\/100\n|-singleturn|p2a: Skarmory|move: Roost\n|\n|upkeep\n|turn|50\n|\n|t:|1637405797\n|move|p1a: Cloyster|Icicle Spear|p2a: Skarmory\n|-damage|p2a: Skarmory|74\/100\n|-damage|p2a: Skarmory|61\/100\n|-damage|p2a: Skarmory|48\/100\n|-damage|p2a: Skarmory|34\/100\n|-damage|p2a: Skarmory|20\/100\n|-hitcount|p2a: Skarmory|5\n|move|p2a: Skarmory|Whirlwind|p1a: Cloyster\n|drag|p1a: Gyarados|Gyarados, F|100\/100\n|-ability|p1a: Gyarados|Intimidate|boost\n|-unboost|p2a: Skarmory|atk|0\n|\n|upkeep\n|turn|51\n|\n|t:|1637405814\n|move|p1a: Gyarados|Dragon Dance|p1a: Gyarados\n|-boost|p1a: Gyarados|atk|1\n|-boost|p1a: Gyarados|spe|1\n|move|p2a: Skarmory|Whirlwind|p1a: Gyarados\n|drag|p1a: Cloyster|Cloyster, F|100\/100\n|\n|upkeep\n|turn|52\n|\n|t:|1637405817\n|move|p1a: Cloyster|Shell Smash|p1a: Cloyster\n|-unboost|p1a: Cloyster|def|1\n|-unboost|p1a: Cloyster|spd|1\n|-boost|p1a: Cloyster|atk|2\n|-boost|p1a: Cloyster|spa|2\n|-boost|p1a: Cloyster|spe|2\n|move|p2a: Skarmory|Whirlwind|p1a: Cloyster\n|drag|p1a: Gyarados|Gyarados, F|100\/100\n|-ability|p1a: Gyarados|Intimidate|boost\n|-unboost|p2a: Skarmory|atk|0\n|\n|upkeep\n|turn|53\n|\n|t:|1637405829\n|move|p1a: Gyarados|Dragon Dance|p1a: Gyarados\n|-boost|p1a: Gyarados|atk|1\n|-boost|p1a: Gyarados|spe|1\n|move|p2a: Skarmory|Roost|p2a: Skarmory\n|-heal|p2a: Skarmory|70\/100\n|-singleturn|p2a: Skarmory|move: Roost\n|\n|upkeep\n|turn|54\n|inactive|i know im horrible has 120 seconds left.\n|inactive|i know im horrible has 90 seconds left.\n|\n|t:|1637405911\n|move|p1a: Gyarados|Waterfall|p2a: Skarmory\n|-damage|p2a: Skarmory|33\/100\n|move|p2a: Skarmory|Spikes|p1a: Gyarados\n|-sidestart|p1: i know im horrible|Spikes\n|\n|upkeep\n|turn|55\n|inactive|i know im horrible has 60 seconds left.\n|c|\u2606i know im horrible|!calc\n|c| i know im horrible|\/raw <div class=\"infobox\">Pok&eacute;mon Showdown! damage calculator. (Courtesy of Honko &amp; Austin)<br \/>- <a href=\"https:\/\/calc.pokemonshowdown.com\/index.html\">Damage Calculator<\/a><\/div>\n|\n|t:|1637405944\n|move|p1a: Gyarados|Dragon Dance|p1a: Gyarados\n|-boost|p1a: Gyarados|atk|1\n|-boost|p1a: Gyarados|spe|1\n|move|p2a: Skarmory|Roost|p2a: Skarmory\n|-heal|p2a: Skarmory|83\/100\n|-singleturn|p2a: Skarmory|move: Roost\n|\n|upkeep\n|turn|56\n|\n|t:|1637405963\n|move|p1a: Gyarados|Waterfall|p2a: Skarmory\n|-damage|p2a: Skarmory|33\/100\n|move|p2a: Skarmory|Whirlwind|p1a: Gyarados\n|drag|p1a: Cloyster|Cloyster, F|100\/100\n|-damage|p1a: Cloyster|88\/100|[from] Spikes\n|\n|upkeep\n|turn|57\n|inactive|i know im horrible has 60 seconds left.\n|\n|t:|1637405976\n|move|p1a: Cloyster|Shell Smash|p1a: Cloyster\n|-unboost|p1a: Cloyster|def|1\n|-unboost|p1a: Cloyster|spd|1\n|-boost|p1a: Cloyster|atk|2\n|-boost|p1a: Cloyster|spa|2\n|-boost|p1a: Cloyster|spe|2\n|move|p2a: Skarmory|Whirlwind|p1a: Cloyster\n|drag|p1a: Gyarados|Gyarados, F|100\/100\n|-ability|p1a: Gyarados|Intimidate|boost\n|-unboost|p2a: Skarmory|atk|0\n|\n|upkeep\n|turn|58\n|\n|t:|1637405987\n|move|p1a: Gyarados|Dragon Dance|p1a: Gyarados\n|-boost|p1a: Gyarados|atk|1\n|-boost|p1a: Gyarados|spe|1\n|move|p2a: Skarmory|Whirlwind|p1a: Gyarados\n|drag|p1a: Cloyster|Cloyster, F|88\/100\n|-damage|p1a: Cloyster|76\/100|[from] Spikes\n|\n|upkeep\n|turn|59\n|inactive|i know im horrible has 60 seconds left.\n|\n|t:|1637406015\n|move|p1a: Cloyster|Shell Smash|p1a: Cloyster\n|-unboost|p1a: Cloyster|def|1\n|-unboost|p1a: Cloyster|spd|1\n|-boost|p1a: Cloyster|atk|2\n|-boost|p1a: Cloyster|spa|2\n|-boost|p1a: Cloyster|spe|2\n|move|p2a: Skarmory|Whirlwind|p1a: Cloyster\n|drag|p1a: Gyarados|Gyarados, F|100\/100\n|-ability|p1a: Gyarados|Intimidate|boost\n|-unboost|p2a: Skarmory|atk|0\n|\n|upkeep\n|turn|60\n|\n|t:|1637406025\n|move|p1a: Gyarados|Dragon Dance|p1a: Gyarados\n|-boost|p1a: Gyarados|atk|1\n|-boost|p1a: Gyarados|spe|1\n|move|p2a: Skarmory|Whirlwind|p1a: Gyarados\n|drag|p1a: Cloyster|Cloyster, F|76\/100\n|-damage|p1a: Cloyster|63\/100|[from] Spikes\n|\n|upkeep\n|turn|61\n|inactive|i know im horrible has 60 seconds left.\n|\n|t:|1637406041\n|move|p1a: Cloyster|Shell Smash|p1a: Cloyster\n|-unboost|p1a: Cloyster|def|1\n|-unboost|p1a: Cloyster|spd|1\n|-boost|p1a: Cloyster|atk|2\n|-boost|p1a: Cloyster|spa|2\n|-boost|p1a: Cloyster|spe|2\n|move|p2a: Skarmory|Whirlwind|p1a: Cloyster\n|drag|p1a: Gyarados|Gyarados, F|100\/100\n|-ability|p1a: Gyarados|Intimidate|boost\n|-unboost|p2a: Skarmory|atk|0\n|\n|upkeep\n|turn|62\n|inactive|wellhell has 120 seconds left.\n|inactive|wellhell has 90 seconds left.\n|\n|t:|1637406112\n|switch|p2a: Heracross|Heracross, M|100\/100\n|move|p1a: Gyarados|Dragon Dance|p1a: Gyarados\n|-boost|p1a: Gyarados|atk|1\n|-boost|p1a: Gyarados|spe|1\n|\n|-status|p2a: Heracross|brn|[from] item: Flame Orb\n|upkeep\n|turn|63\n|\n|t:|1637406131\n|move|p1a: Gyarados|Waterfall|p2a: Heracross\n|-damage|p2a: Heracross|0 fnt\n|faint|p2a: Heracross\n|\n|upkeep\n|inactive|wellhell has 90 seconds left.\n|\n|t:|1637406141\n|switch|p2a: Latios|Latios, M|100\/100\n|turn|64\n|\n|t:|1637406144\n|move|p1a: Gyarados|Ice Fang|p2a: Latios\n|-supereffective|p2a: Latios\n|-damage|p2a: Latios|7\/100\n|move|p2a: Latios|Draco Meteor|p1a: Gyarados\n|-damage|p1a: Gyarados|3\/100\n|-unboost|p2a: Latios|spa|2\n|\n|-heal|p1a: Gyarados|9\/100|[from] item: Leftovers\n|upkeep\n|turn|65\n|\n|t:|1637406151\n|move|p1a: Gyarados|Waterfall|p2a: Latios\n|-resisted|p2a: Latios\n|-damage|p2a: Latios|0 fnt\n|faint|p2a: Latios\n|\n|-heal|p1a: Gyarados|15\/100|[from] item: Leftovers\n|upkeep\n|\n|t:|1637406155\n|switch|p2a: Skarmory|Skarmory, M|33\/100\n|turn|66\n|inactive|i know im horrible has 90 seconds left.\n|\n|t:|1637406172\n|move|p1a: Gyarados|Dragon Dance|p1a: Gyarados\n|-boost|p1a: Gyarados|atk|1\n|-boost|p1a: Gyarados|spe|1\n|move|p2a: Skarmory|Brave Bird|p1a: Gyarados\n|-damage|p1a: Gyarados|0 fnt\n|faint|p1a: Gyarados\n|-damage|p2a: Skarmory|29\/100|[from] Recoil\n|\n|upkeep\n|\n|t:|1637406179\n|switch|p1a: Cloyster|Cloyster, F|63\/100\n|-damage|p1a: Cloyster|51\/100|[from] Spikes\n|turn|67\n|\n|t:|1637406183\n|move|p1a: Cloyster|Shell Smash|p1a: Cloyster\n|-unboost|p1a: Cloyster|def|1\n|-unboost|p1a: Cloyster|spd|1\n|-boost|p1a: Cloyster|atk|2\n|-boost|p1a: Cloyster|spa|2\n|-boost|p1a: Cloyster|spe|2\n|move|p2a: Skarmory|Brave Bird|p1a: Cloyster\n|-damage|p1a: Cloyster|10\/100\n|-damage|p2a: Skarmory|19\/100|[from] Recoil\n|\n|upkeep\n|turn|68\n|\n|t:|1637406187\n|move|p1a: Cloyster|Icicle Spear|p2a: Skarmory\n|-damage|p2a: Skarmory|4\/100\n|-damage|p2a: Skarmory|0 fnt\n|faint|p2a: Skarmory\n|-hitcount|p2: Skarmory|2\n|\n|upkeep\n|\n|t:|1637406192\n|switch|p2a: Gliscor|Gliscor, F|100\/100 tox\n|turn|69\n|\n|t:|1637406195\n|move|p1a: Cloyster|Icicle Spear|p2a: Gliscor\n|-supereffective|p2a: Gliscor\n|-damage|p2a: Gliscor|28\/100 tox\n|-supereffective|p2a: Gliscor\n|-damage|p2a: Gliscor|0 fnt\n|faint|p2a: Gliscor\n|-hitcount|p2: Gliscor|2\n|\n|upkeep\n|\n|t:|1637406197\n|switch|p2a: Magnezone|Magnezone|69\/100\n|turn|70\n|inactive|i know im horrible has 120 seconds left.\n|\n|t:|1637406215\n|move|p1a: Cloyster|Icicle Spear|p2a: Magnezone\n|-resisted|p2a: Magnezone\n|-damage|p2a: Magnezone|57\/100\n|-resisted|p2a: Magnezone\n|-damage|p2a: Magnezone|45\/100\n|-resisted|p2a: Magnezone\n|-damage|p2a: Magnezone|33\/100\n|-resisted|p2a: Magnezone\n|-damage|p2a: Magnezone|20\/100\n|-resisted|p2a: Magnezone\n|-damage|p2a: Magnezone|9\/100\n|-hitcount|p2a: Magnezone|5\n|move|p2a: Magnezone|Volt Switch|p1a: Cloyster\n|-supereffective|p1a: Cloyster\n|-damage|p1a: Cloyster|0 fnt\n|faint|p1a: Cloyster\n|\n|win|wellhell\n|raw|i know im horrible's rating: 1337 &rarr; <strong>1320<\/strong><br \/>(-17 for losing)\n|raw|wellhell's rating: 1391 &rarr; <strong>1408<\/strong><br \/>(+17 for winning)\n|l| gyptv\n|c|\u2606wellhell|gg\n|c|\u2606wellhell|crazy battle\n|l|\u2606i know im horrible\n","uploadtime":1637406240,"views":22,"p1id":"iknowimhorrible","p2id":"wellhell","formatid":"gen8bdspou","rating":1320,"private":0,"password":null}