{"id":"gen8ou-1628128137","p1":"Psangli","p2":"jeandonis02","format":"gen8ou","log":"|j|\u2606Psangli\n|j|\u2606jeandonis02\n|t:|1659133737\n|gametype|singles\n|player|p1|Psangli|265|1549\n|player|p2|jeandonis02|lucas|1651\n|teamsize|p1|6\n|teamsize|p2|6\n|gen|8\n|tier|[Gen 8] OU\n|rated|\n|rule|Sleep Clause Mod: Limit one foe put to sleep\n|rule|Species Clause: Limit one of each Pok\u00e9mon\n|rule|OHKO Clause: OHKO moves are banned\n|rule|Evasion Moves Clause: Evasion moves are banned\n|rule|Endless Battle Clause: Forcing endless battles is banned\n|rule|HP Percentage Mod: HP is shown in percentages\n|rule|Dynamax Clause: You cannot dynamax\n|clearpoke\n|poke|p1|Heatran, F|\n|poke|p1|Ninetales-Alola, M|\n|poke|p1|Kartana|\n|poke|p1|Cloyster, M|\n|poke|p1|Dragapult, F|\n|poke|p1|Rotom-Wash|\n|poke|p2|Zeraora|\n|poke|p2|Toxapex, M|\n|poke|p2|Garchomp, M|\n|poke|p2|Rotom-Wash|\n|poke|p2|Ferrothorn, M|\n|poke|p2|Charizard, F|\n|teampreview\n|inactive|Battle timer is ON: inactive players will automatically lose when time's up. (requested by Psangli)\n|\n|t:|1659133759\n|start\n|switch|p1a: Rotom|Rotom-Wash|100\/100\n|switch|p2a: Ferrothorn|Ferrothorn, M|100\/100\n|turn|1\n|\n|t:|1659133762\n|move|p1a: Rotom|Will-O-Wisp|p2a: Ferrothorn\n|-status|p2a: Ferrothorn|brn\n|move|p2a: Ferrothorn|Leech Seed|p1a: Rotom\n|-start|p1a: Rotom|move: Leech Seed\n|\n|-damage|p1a: Rotom|88\/100|[from] Leech Seed|[of] p2a: Ferrothorn\n|-damage|p2a: Ferrothorn|94\/100 brn|[from] brn\n|upkeep\n|turn|2\n|\n|t:|1659133766\n|switch|p1a: Heatran|Heatran, F|100\/100\n|-item|p1a: Heatran|Air Balloon\n|move|p2a: Ferrothorn|Leech Seed|p1a: Heatran\n|-start|p1a: Heatran|move: Leech Seed\n|\n|-damage|p1a: Heatran|88\/100|[from] Leech Seed|[of] p2a: Ferrothorn\n|-heal|p2a: Ferrothorn|100\/100 brn|[silent]\n|-damage|p2a: Ferrothorn|94\/100 brn|[from] brn\n|upkeep\n|turn|3\n|\n|t:|1659133772\n|switch|p1a: Dragapult|Dragapult, F|100\/100\n|switch|p2a: Rotom|Rotom-Wash|100\/100\n|\n|upkeep\n|turn|4\n|\n|t:|1659133775\n|switch|p2a: Toxapex|Toxapex, M|100\/100\n|move|p1a: Dragapult|Shadow Ball|p2a: Toxapex\n|-damage|p2a: Toxapex|78\/100\n|\n|-heal|p2a: Toxapex|85\/100|[from] item: Black Sludge\n|upkeep\n|turn|5\n|\n|t:|1659133783\n|switch|p1a: Heatran|Heatran, F|88\/100\n|-item|p1a: Heatran|Air Balloon\n|move|p2a: Toxapex|Toxic|p1a: Heatran\n|-immune|p1a: Heatran\n|\n|-heal|p2a: Toxapex|91\/100|[from] item: Black Sludge\n|upkeep\n|turn|6\n|\n|t:|1659133795\n|switch|p2a: Rotom|Rotom-Wash|100\/100\n|move|p1a: Heatran|Magma Storm|p2a: Rotom|[miss]\n|-miss|p1a: Heatran|p2a: Rotom\n|\n|upkeep\n|turn|7\n|\n|t:|1659133800\n|switch|p1a: Dragapult|Dragapult, F|100\/100\n|move|p2a: Rotom|Volt Switch|p1a: Dragapult\n|-resisted|p1a: Dragapult\n|-damage|p1a: Dragapult|84\/100\n|\n|t:|1659133803\n|switch|p2a: Zeraora|Zeraora|100\/100|[from]move: Volt Switch\n|\n|upkeep\n|turn|8\n|\n|t:|1659133817\n|move|p1a: Dragapult|U-turn|p2a: Zeraora\n|-damage|p2a: Zeraora|78\/100\n|\n|t:|1659133819\n|switch|p1a: Rotom|Rotom-Wash|88\/100|[from]move: U-turn\n|move|p2a: Zeraora|Knock Off|p1a: Rotom\n|-damage|p1a: Rotom|65\/100\n|-enditem|p1a: Rotom|Leftovers|[from] move: Knock Off|[of] p2a: Zeraora\n|\n|upkeep\n|turn|9\n|\n|t:|1659133826\n|switch|p2a: Ferrothorn|Ferrothorn, M|94\/100 brn\n|move|p1a: Rotom|Hydro Pump|p2a: Ferrothorn|[miss]\n|-miss|p1a: Rotom|p2a: Ferrothorn\n|\n|-damage|p2a: Ferrothorn|88\/100 brn|[from] brn\n|upkeep\n|turn|10\n|\n|t:|1659133834\n|switch|p1a: Heatran|Heatran, F|88\/100\n|-item|p1a: Heatran|Air Balloon\n|move|p2a: Ferrothorn|Leech Seed|p1a: Heatran\n|-start|p1a: Heatran|move: Leech Seed\n|\n|-damage|p1a: Heatran|76\/100|[from] Leech Seed|[of] p2a: Ferrothorn\n|-heal|p2a: Ferrothorn|99\/100 brn|[silent]\n|-damage|p2a: Ferrothorn|93\/100 brn|[from] brn\n|upkeep\n|turn|11\n|\n|t:|1659133837\n|move|p1a: Heatran|Stealth Rock|p2a: Ferrothorn\n|-sidestart|p2: jeandonis02|move: Stealth Rock\n|move|p2a: Ferrothorn|Stealth Rock|p1a: Heatran\n|-sidestart|p1: Psangli|move: Stealth Rock\n|\n|-damage|p1a: Heatran|63\/100|[from] Leech Seed|[of] p2a: Ferrothorn\n|-heal|p2a: Ferrothorn|100\/100 brn|[silent]\n|-damage|p2a: Ferrothorn|94\/100 brn|[from] brn\n|upkeep\n|turn|12\n|\n|t:|1659133841\n|switch|p2a: Rotom|Rotom-Wash|100\/100\n|-damage|p2a: Rotom|88\/100|[from] Stealth Rock\n|move|p1a: Heatran|Magma Storm|p2a: Rotom\n|-resisted|p2a: Rotom\n|-damage|p2a: Rotom|66\/100\n|-activate|p2a: Rotom|move: Magma Storm|[of] p1a: Heatran\n|\n|-heal|p2a: Rotom|72\/100|[from] item: Leftovers\n|-damage|p1a: Heatran|51\/100|[from] Leech Seed|[of] p2a: Rotom\n|-heal|p2a: Rotom|85\/100|[silent]\n|-damage|p2a: Rotom|73\/100|[from] move: Magma Storm|[partiallytrapped]\n|upkeep\n|turn|13\n|\n|t:|1659133849\n|switch|p1a: Dragapult|Dragapult, F|84\/100\n|-damage|p1a: Dragapult|71\/100|[from] Stealth Rock\n|move|p2a: Rotom|Defog|p1a: Dragapult\n|-unboost|p1a: Dragapult|evasion|1\n|-sideend|p1: Psangli|Stealth Rock|[from] move: Defog|[of] p2a: Rotom\n|-sideend|p2: jeandonis02|Stealth Rock|[from] move: Defog|[of] p2a: Rotom\n|\n|-heal|p2a: Rotom|79\/100|[from] item: Leftovers\n|-end|p2a: Rotom|Magma Storm|[partiallytrapped]|[silent]\n|upkeep\n|turn|14\n|\n|t:|1659133856\n|switch|p2a: Toxapex|Toxapex, M|100\/100\n|move|p1a: Dragapult|U-turn|p2a: Toxapex\n|-resisted|p2a: Toxapex\n|-damage|p2a: Toxapex|94\/100\n|\n|t:|1659133860\n|switch|p1a: Rotom|Rotom-Wash|65\/100|[from]move: U-turn\n|\n|-heal|p2a: Toxapex|99\/100|[from] item: Black Sludge\n|upkeep\n|turn|15\n|\n|t:|1659133865\n|switch|p1a: Heatran|Heatran, F|51\/100\n|-item|p1a: Heatran|Air Balloon\n|move|p2a: Toxapex|Baneful Bunker||[still]\n|-fail|p2a: Toxapex\n|\n|-heal|p2a: Toxapex|100\/100|[from] item: Black Sludge\n|upkeep\n|turn|16\n|\n|t:|1659133869\n|move|p1a: Heatran|Magma Storm|p2a: Toxapex|[miss]\n|-miss|p1a: Heatran|p2a: Toxapex\n|move|p2a: Toxapex|Scald|p1a: Heatran\n|-supereffective|p1a: Heatran\n|-damage|p1a: Heatran|19\/100\n|-enditem|p1a: Heatran|Air Balloon\n|\n|upkeep\n|turn|17\n|\n|t:|1659133874\n|move|p1a: Heatran|Stealth Rock|p2a: Toxapex\n|-sidestart|p2: jeandonis02|move: Stealth Rock\n|move|p2a: Toxapex|Scald|p1a: Heatran\n|-supereffective|p1a: Heatran\n|-damage|p1a: Heatran|0 fnt\n|faint|p1a: Heatran\n|\n|upkeep\n|\n|t:|1659133878\n|switch|p1a: Ninetales|Ninetales-Alola, M|100\/100\n|-weather|Hail|[from] ability: Snow Warning|[of] p1a: Ninetales\n|turn|18\n|\n|t:|1659133880\n|move|p1a: Ninetales|Hypnosis|p2a: Toxapex|[miss]\n|-miss|p1a: Ninetales|p2a: Toxapex\n|move|p2a: Toxapex|Toxic|p1a: Ninetales\n|-status|p1a: Ninetales|tox\n|\n|-weather|Hail|[upkeep]\n|-damage|p2a: Toxapex|94\/100|[from] Hail\n|-heal|p2a: Toxapex|100\/100|[from] item: Black Sludge\n|-damage|p1a: Ninetales|94\/100 tox|[from] psn\n|upkeep\n|turn|19\n|\n|t:|1659133883\n|move|p2a: Toxapex|Baneful Bunker|p2a: Toxapex\n|-singleturn|p2a: Toxapex|move: Protect\n|move|p1a: Ninetales|Hypnosis|p2a: Toxapex\n|-activate|p2a: Toxapex|move: Protect\n|\n|-weather|Hail|[upkeep]\n|-damage|p2a: Toxapex|94\/100|[from] Hail\n|-heal|p2a: Toxapex|100\/100|[from] item: Black Sludge\n|-damage|p1a: Ninetales|82\/100 tox|[from] psn\n|upkeep\n|turn|20\n|\n|t:|1659133889\n|switch|p2a: Ferrothorn|Ferrothorn, M|94\/100 brn\n|-damage|p2a: Ferrothorn|88\/100 brn|[from] Stealth Rock\n|move|p1a: Ninetales|Aurora Veil|p1a: Ninetales\n|-sidestart|p1: Psangli|move: Aurora Veil\n|\n|-weather|Hail|[upkeep]\n|-damage|p2a: Ferrothorn|82\/100 brn|[from] Hail\n|-damage|p1a: Ninetales|64\/100 tox|[from] psn\n|-damage|p2a: Ferrothorn|75\/100 brn|[from] brn\n|upkeep\n|turn|21\n|\n|t:|1659133893\n|switch|p1a: Kartana|Kartana|100\/100\n|move|p2a: Ferrothorn|Stealth Rock|p1a: Kartana\n|-sidestart|p1: Psangli|move: Stealth Rock\n|\n|-weather|Hail|[upkeep]\n|-damage|p1a: Kartana|94\/100|[from] Hail\n|-damage|p2a: Ferrothorn|69\/100 brn|[from] Hail\n|-damage|p2a: Ferrothorn|63\/100 brn|[from] brn\n|upkeep\n|turn|22\n|\n|t:|1659133895\n|move|p1a: Kartana|Swords Dance|p1a: Kartana\n|-boost|p1a: Kartana|atk|2\n|move|p2a: Ferrothorn|Thunder Wave|p1a: Kartana\n|-status|p1a: Kartana|par\n|-enditem|p1a: Kartana|Lum Berry|[eat]\n|-curestatus|p1a: Kartana|par|[msg]\n|\n|-weather|none\n|-damage|p2a: Ferrothorn|57\/100 brn|[from] brn\n|upkeep\n|turn|23\n|\n|t:|1659133900\n|move|p1a: Kartana|Sacred Sword|p2a: Ferrothorn\n|-supereffective|p2a: Ferrothorn\n|-damage|p2a: Ferrothorn|0 fnt\n|-damage|p1a: Kartana|82\/100|[from] ability: Iron Barbs|[of] p2a: Ferrothorn\n|-damage|p1a: Kartana|65\/100|[from] item: Rocky Helmet|[of] p2a: Ferrothorn\n|faint|p2a: Ferrothorn\n|-ability|p1a: Kartana|Beast Boost|boost\n|-boost|p1a: Kartana|spe|1\n|\n|upkeep\n|\n|t:|1659133907\n|switch|p2a: Toxapex|Toxapex, M|100\/100\n|-damage|p2a: Toxapex|88\/100|[from] Stealth Rock\n|turn|24\n|\n|t:|1659133912\n|move|p2a: Toxapex|Baneful Bunker|p2a: Toxapex\n|-singleturn|p2a: Toxapex|move: Protect\n|move|p1a: Kartana|Leaf Blade|p2a: Toxapex\n|-activate|p2a: Toxapex|move: Protect\n|\n|-heal|p2a: Toxapex|94\/100|[from] item: Black Sludge\n|upkeep\n|turn|25\n|\n|t:|1659133913\n|move|p1a: Kartana|Leaf Blade|p2a: Toxapex\n|-damage|p2a: Toxapex|19\/100\n|move|p2a: Toxapex|Haze|p2a: Toxapex\n|-clearallboost\n|\n|-heal|p2a: Toxapex|25\/100|[from] item: Black Sludge\n|upkeep\n|turn|26\n|\n|t:|1659133919\n|switch|p2a: Charizard|Charizard, F|100\/100\n|-damage|p2a: Charizard|50\/100|[from] Stealth Rock\n|-enditem|p2a: Charizard|Sitrus Berry|[eat]\n|-heal|p2a: Charizard|75\/100|[from] item: Sitrus Berry\n|move|p1a: Kartana|Swords Dance|p1a: Kartana\n|-boost|p1a: Kartana|atk|2\n|\n|upkeep\n|turn|27\n|\n|t:|1659133922\n|move|p1a: Kartana|Knock Off|p2a: Charizard\n|-damage|p2a: Charizard|16\/100\n|move|p2a: Charizard|Flame Charge|p1a: Kartana\n|-supereffective|p1a: Kartana\n|-damage|p1a: Kartana|22\/100\n|-boost|p2a: Charizard|spe|1\n|\n|-sideend|p1: Psangli|move: Aurora Veil\n|upkeep\n|turn|28\n|\n|t:|1659133927\n|move|p2a: Charizard|Flame Charge|p1a: Kartana\n|-supereffective|p1a: Kartana\n|-damage|p1a: Kartana|0 fnt\n|-boost|p2a: Charizard|spe|1\n|faint|p1a: Kartana\n|\n|upkeep\n|\n|t:|1659133929\n|switch|p1a: Cloyster|Cloyster, M|100\/100\n|-damage|p1a: Cloyster|76\/100|[from] Stealth Rock\n|turn|29\n|\n|t:|1659133934\n|move|p1a: Cloyster|Ice Shard|p2a: Charizard\n|-damage|p2a: Charizard|0 fnt\n|faint|p2a: Charizard\n|\n|upkeep\n|\n|t:|1659133937\n|switch|p2a: Rotom|Rotom-Wash|79\/100\n|-damage|p2a: Rotom|66\/100|[from] Stealth Rock\n|turn|30\n|\n|t:|1659133944\n|switch|p1a: Dragapult|Dragapult, F|71\/100\n|-damage|p1a: Dragapult|59\/100|[from] Stealth Rock\n|move|p2a: Rotom|Volt Switch|p1a: Dragapult\n|-resisted|p1a: Dragapult\n|-damage|p1a: Dragapult|42\/100\n|\n|t:|1659133947\n|switch|p2a: Zeraora|Zeraora|78\/100|[from]move: Volt Switch\n|-damage|p2a: Zeraora|65\/100|[from] Stealth Rock\n|\n|upkeep\n|turn|31\n|\n|t:|1659133956\n|move|p1a: Dragapult|Draco Meteor|p2a: Zeraora\n|-damage|p2a: Zeraora|0 fnt\n|-unboost|p1a: Dragapult|spa|2\n|faint|p2a: Zeraora\n|\n|upkeep\n|\n|t:|1659133962\n|switch|p2a: Toxapex|Toxapex, M|58\/100\n|-damage|p2a: Toxapex|46\/100|[from] Stealth Rock\n|turn|32\n|\n|t:|1659133966\n|switch|p1a: Rotom|Rotom-Wash|65\/100\n|-damage|p1a: Rotom|52\/100|[from] Stealth Rock\n|switch|p2a: Rotom|Rotom-Wash|66\/100\n|-damage|p2a: Rotom|54\/100|[from] Stealth Rock\n|\n|-heal|p2a: Rotom|60\/100|[from] item: Leftovers\n|upkeep\n|turn|33\n|\n|t:|1659133973\n|move|p1a: Rotom|Pain Split|p2a: Rotom\n|-sethp|p2a: Rotom|56\/100|[from] move: Pain Split|[silent]\n|-sethp|p1a: Rotom|56\/100|[from] move: Pain Split\n|move|p2a: Rotom|Volt Switch|p1a: Rotom\n|-damage|p1a: Rotom|29\/100\n|\n|t:|1659133979\n|switch|p2a: Garchomp|Garchomp, M|100\/100|[from]move: Volt Switch\n|-damage|p2a: Garchomp|94\/100|[from] Stealth Rock\n|\n|upkeep\n|turn|34\n|\n|t:|1659133983\n|switch|p2a: Rotom|Rotom-Wash|56\/100\n|-damage|p2a: Rotom|44\/100|[from] Stealth Rock\n|move|p1a: Rotom|Will-O-Wisp|p2a: Rotom\n|-status|p2a: Rotom|brn\n|\n|-heal|p2a: Rotom|50\/100 brn|[from] item: Leftovers\n|-damage|p2a: Rotom|44\/100 brn|[from] brn\n|upkeep\n|turn|35\n|\n|t:|1659133989\n|move|p1a: Rotom|Pain Split|p2a: Rotom\n|-sethp|p2a: Rotom|36\/100 brn|[from] move: Pain Split|[silent]\n|-sethp|p1a: Rotom|36\/100|[from] move: Pain Split\n|move|p2a: Rotom|Hydro Pump|p1a: Rotom\n|-resisted|p1a: Rotom\n|-damage|p1a: Rotom|17\/100\n|\n|-heal|p2a: Rotom|43\/100 brn|[from] item: Leftovers\n|-damage|p2a: Rotom|36\/100 brn|[from] brn\n|upkeep\n|turn|36\n|\n|t:|1659133993\n|move|p1a: Rotom|Thunderbolt|p2a: Rotom\n|-damage|p2a: Rotom|7\/100 brn\n|move|p2a: Rotom|Volt Switch|p1a: Rotom\n|-damage|p1a: Rotom|0 fnt\n|faint|p1a: Rotom\n|\n|t:|1659133996\n|switch|p2a: Toxapex|Toxapex, M|79\/100|[from]move: Volt Switch\n|-damage|p2a: Toxapex|67\/100|[from] Stealth Rock\n|\n|-heal|p2a: Toxapex|73\/100|[from] item: Black Sludge\n|upkeep\n|\n|t:|1659134000\n|switch|p1a: Ninetales|Ninetales-Alola, M|64\/100 tox\n|-damage|p1a: Ninetales|40\/100 tox|[from] Stealth Rock\n|-weather|Hail|[from] ability: Snow Warning|[of] p1a: Ninetales\n|turn|37\n|inactive|jeandonis02 has 120 seconds left.\n|\n|t:|1659134030\n|move|p2a: Toxapex|Baneful Bunker|p2a: Toxapex\n|-singleturn|p2a: Toxapex|move: Protect\n|move|p1a: Ninetales|Aurora Veil|p1a: Ninetales\n|-sidestart|p1: Psangli|move: Aurora Veil\n|\n|-weather|Hail|[upkeep]\n|-damage|p2a: Toxapex|67\/100|[from] Hail\n|-heal|p2a: Toxapex|73\/100|[from] item: Black Sludge\n|-damage|p1a: Ninetales|34\/100 tox|[from] psn\n|upkeep\n|turn|38\n|\n|t:|1659134040\n|switch|p2a: Rotom|Rotom-Wash|7\/100 brn\n|-damage|p2a: Rotom|0 fnt|[from] Stealth Rock\n|faint|p2a: Rotom\n|move|p1a: Ninetales|Freeze-Dry|p2: Rotom|[notarget]\n|-fail|p1a: Ninetales\n|\n|-weather|Hail|[upkeep]\n|-damage|p1a: Ninetales|22\/100 tox|[from] psn\n|upkeep\n|\n|t:|1659134044\n|switch|p2a: Toxapex|Toxapex, M|100\/100\n|-damage|p2a: Toxapex|88\/100|[from] Stealth Rock\n|turn|39\n|\n|t:|1659134050\n|move|p2a: Toxapex|Baneful Bunker|p2a: Toxapex\n|-singleturn|p2a: Toxapex|move: Protect\n|move|p1a: Ninetales|Freeze-Dry|p2a: Toxapex\n|-activate|p2a: Toxapex|move: Protect\n|\n|-weather|Hail|[upkeep]\n|-damage|p2a: Toxapex|82\/100|[from] Hail\n|-heal|p2a: Toxapex|88\/100|[from] item: Black Sludge\n|-damage|p1a: Ninetales|4\/100 tox|[from] psn\n|upkeep\n|turn|40\n|\n|t:|1659134055\n|move|p2a: Toxapex|Baneful Bunker||[still]\n|-fail|p2a: Toxapex\n|move|p1a: Ninetales|Freeze-Dry|p2a: Toxapex\n|-supereffective|p2a: Toxapex\n|-damage|p2a: Toxapex|62\/100\n|\n|-weather|Hail|[upkeep]\n|-damage|p2a: Toxapex|55\/100|[from] Hail\n|-heal|p2a: Toxapex|62\/100|[from] item: Black Sludge\n|-damage|p1a: Ninetales|0 fnt|[from] psn\n|faint|p1a: Ninetales\n|upkeep\n|\n|t:|1659134060\n|switch|p1a: Cloyster|Cloyster, M|76\/100\n|-damage|p1a: Cloyster|51\/100|[from] Stealth Rock\n|turn|41\n|\n|t:|1659134064\n|move|p1a: Cloyster|Shell Smash|p1a: Cloyster\n|-unboost|p1a: Cloyster|def|1\n|-unboost|p1a: Cloyster|spd|1\n|-boost|p1a: Cloyster|atk|2\n|-boost|p1a: Cloyster|spa|2\n|-boost|p1a: Cloyster|spe|2\n|-enditem|p1a: Cloyster|White Herb\n|-clearnegativeboost|p1a: Cloyster|[silent]\n|move|p2a: Toxapex|Haze|p2a: Toxapex\n|-clearallboost\n|\n|-weather|none\n|-heal|p2a: Toxapex|68\/100|[from] item: Black Sludge\n|upkeep\n|turn|42\n|\n|t:|1659134068\n|move|p1a: Cloyster|Rock Blast|p2a: Toxapex\n|-damage|p2a: Toxapex|62\/100\n|-damage|p2a: Toxapex|57\/100\n|-damage|p2a: Toxapex|52\/100\n|-damage|p2a: Toxapex|46\/100\n|-damage|p2a: Toxapex|41\/100\n|-hitcount|p2a: Toxapex|5\n|move|p2a: Toxapex|Toxic|p1a: Cloyster\n|-status|p1a: Cloyster|tox\n|\n|-heal|p2a: Toxapex|47\/100|[from] item: Black Sludge\n|-damage|p1a: Cloyster|44\/100 tox|[from] psn\n|upkeep\n|turn|43\n|\n|t:|1659134072\n|move|p1a: Cloyster|Shell Smash|p1a: Cloyster\n|-unboost|p1a: Cloyster|def|1\n|-unboost|p1a: Cloyster|spd|1\n|-boost|p1a: Cloyster|atk|2\n|-boost|p1a: Cloyster|spa|2\n|-boost|p1a: Cloyster|spe|2\n|move|p2a: Toxapex|Haze|p2a: Toxapex\n|-clearallboost\n|\n|-heal|p2a: Toxapex|53\/100|[from] item: Black Sludge\n|-damage|p1a: Cloyster|32\/100 tox|[from] psn\n|upkeep\n|turn|44\n|l|\u2606Psangli\n|inactive|Psangli disconnected and has a minute to reconnect!\n|player|p1|\n|inactive|Psangli has 30 seconds to reconnect!\n|inactive|Psangli has 20 seconds to reconnect!\n|c|\u2606jeandonis02|Gg\n|inactive|Psangli has 15 seconds to reconnect!\n|inactive|Psangli has 10 seconds to reconnect!\n|inactive|Psangli has 5 seconds to reconnect!\n|-message|Psangli lost due to inactivity.\n|\n|win|jeandonis02\n|raw|Psangli's rating: 1549 &rarr; <strong>1535<\/strong><br \/>(-14 for losing)\n|raw|jeandonis02's rating: 1651 &rarr; <strong>1665<\/strong><br \/>(+14 for winning)\n||Ladder isn't responding, score probably updated but might not have (Request timeout).\n","uploadtime":1659134141,"views":31,"p1id":"psangli","p2id":"jeandonis02","formatid":"gen8ou","rating":1535,"private":0,"password":null}