{"id":"gen8nationaldexuu-1613695942","p1":"Monkemaniac323","p2":"SirFresh","format":"gen8nationaldexuu","log":"|j|\u2606Monkemaniac323\n|j|\u2606SirFresh\n|t:|1657382001\n|gametype|singles\n|player|p1|Monkemaniac323|rancher|\n|player|p2|SirFresh|palmer|\n|teamsize|p1|6\n|teamsize|p2|6\n|gen|8\n|tier|[Gen 8] National Dex UU\n|rule|HP Percentage Mod: HP is shown in percentages\n|rule|Endless Battle Clause: Forcing endless battles is banned\n|rule|OHKO Clause: OHKO moves are banned\n|rule|Evasion Moves Clause: Evasion moves are banned\n|rule|Species Clause: Limit one of each Pok\u00e9mon\n|rule|Dynamax Clause: You cannot dynamax\n|rule|Sleep Clause Mod: Limit one foe put to sleep\n|clearpoke\n|poke|p1|Beedrill, M|\n|poke|p1|Darmanitan, F|\n|poke|p1|Hariyama, M|\n|poke|p1|Sudowoodo, M|\n|poke|p1|Honchkrow, M|\n|poke|p1|Klinklang|\n|poke|p2|Sceptile, M|\n|poke|p2|Milotic, F|\n|poke|p2|Doublade, M|\n|poke|p2|Gardevoir, F|\n|poke|p2|Claydol|\n|poke|p2|Absol, M|\n|teampreview\n|c|\u2606SirFresh|Glhf\n|c|\u2606Monkemaniac323|Glhf\n|\n|t:|1657382022\n|start\n|switch|p1a: Beedrill|Beedrill, M|100\/100\n|switch|p2a: Inception|Claydol|100\/100\n|turn|1\n|\n|t:|1657382029\n|detailschange|p1a: Beedrill|Beedrill-Mega, M\n|-mega|p1a: Beedrill|Beedrill|Beedrillite\n|move|p1a: Beedrill|U-turn|p2a: Inception\n|-supereffective|p2a: Inception\n|-damage|p2a: Inception|19\/100\n|\n|t:|1657382042\n|switch|p1a: Hariyama|Hariyama, M|100\/100|[from]move: U-turn\n|move|p2a: Inception|Stealth Rock|p1a: Hariyama\n|-sidestart|p1: Monkemaniac323|move: Stealth Rock\n|\n|-status|p1a: Hariyama|brn|[from] item: Flame Orb\n|upkeep\n|turn|2\n|\n|t:|1657382049\n|move|p1a: Hariyama|Fake Out|p2a: Inception\n|-damage|p2a: Inception|1\/100\n|cant|p2a: Inception|flinch\n|\n|-damage|p1a: Hariyama|94\/100 brn|[from] brn\n|upkeep\n|turn|3\n|c|\u2606Monkemaniac323|Well shit\n|\n|t:|1657382055\n|move|p1a: Hariyama|Bullet Punch|p2a: Inception\n|-damage|p2a: Inception|0 fnt\n|faint|p2a: Inception\n|\n|-damage|p1a: Hariyama|88\/100 brn|[from] brn\n|upkeep\n|\n|t:|1657382060\n|switch|p2a: Zelda|Gardevoir, F|100\/100\n|-ability|p2a: Zelda|Guts|[from] ability: Trace|[of] p1a: Hariyama\n|turn|4\n|\n|t:|1657382066\n|switch|p2a: Katara|Milotic, F|100\/100\n|move|p1a: Hariyama|Bullet Punch|p2a: Katara\n|-resisted|p2a: Katara\n|-damage|p2a: Katara|93\/100\n|-damage|p1a: Hariyama|72\/100 brn|[from] item: Rocky Helmet|[of] p2a: Katara\n|\n|-damage|p1a: Hariyama|66\/100 brn|[from] brn\n|upkeep\n|turn|5\n|\n|t:|1657382073\n|move|p1a: Hariyama|Knock Off|p2a: Katara\n|-damage|p2a: Katara|53\/100\n|-damage|p1a: Hariyama|49\/100 brn|[from] item: Rocky Helmet|[of] p2a: Katara\n|-enditem|p2a: Katara|Rocky Helmet|[from] move: Knock Off|[of] p1a: Hariyama\n|move|p2a: Katara|Scald|p1a: Hariyama\n|-damage|p1a: Hariyama|16\/100 brn\n|\n|-damage|p1a: Hariyama|10\/100 brn|[from] brn\n|upkeep\n|turn|6\n|\n|t:|1657382081\n|move|p1a: Hariyama|Close Combat|p2a: Katara\n|-damage|p2a: Katara|0 fnt\n|-unboost|p1a: Hariyama|def|1\n|-unboost|p1a: Hariyama|spd|1\n|faint|p2a: Katara\n|\n|-damage|p1a: Hariyama|4\/100 brn|[from] brn\n|upkeep\n|\n|t:|1657382085\n|switch|p2a: Emiya|Doublade, M|100\/100\n|turn|7\n|\n|t:|1657382089\n|move|p2a: Emiya|Shadow Sneak|p1a: Hariyama\n|-damage|p1a: Hariyama|0 fnt\n|faint|p1a: Hariyama\n|\n|upkeep\n|\n|t:|1657382104\n|switch|p1a: Honchkrow|Honchkrow, M|100\/100\n|-damage|p1a: Honchkrow|76\/100|[from] Stealth Rock\n|turn|8\n|\n|t:|1657382108\n|move|p1a: Honchkrow|Night Slash|p2a: Emiya\n|-supereffective|p2a: Emiya\n|-crit|p2a: Emiya\n|-damage|p2a: Emiya|13\/100\n|move|p2a: Emiya|Gyro Ball|p1a: Honchkrow\n|-damage|p1a: Honchkrow|0 fnt\n|faint|p1a: Honchkrow\n|\n|upkeep\n|\n|t:|1657382131\n|switch|p1a: Darmanitan|Darmanitan, F|100\/100\n|-damage|p1a: Darmanitan|75\/100|[from] Stealth Rock\n|turn|9\n|\n|t:|1657382156\n|move|p2a: Emiya|Shadow Sneak|p1a: Darmanitan\n|-damage|p1a: Darmanitan|41\/100\n|move|p1a: Darmanitan|Flare Blitz|p2a: Emiya\n|-supereffective|p2a: Emiya\n|-damage|p2a: Emiya|0 fnt\n|faint|p2a: Emiya\n|-damage|p1a: Darmanitan|37\/100|[from] Recoil\n|\n|upkeep\n|\n|t:|1657382158\n|switch|p2a: Groot|Sceptile, M|100\/100\n|turn|10\n|\n|t:|1657382163\n|detailschange|p2a: Groot|Sceptile-Mega, M\n|-mega|p2a: Groot|Sceptile|Sceptilite\n|move|p1a: Darmanitan|Flare Blitz|p2a: Groot\n|-damage|p2a: Groot|0 fnt\n|faint|p2a: Groot\n|-damage|p1a: Darmanitan|11\/100|[from] Recoil\n|\n|upkeep\n|\n|t:|1657382170\n|switch|p2a: Corvo|Absol, M|100\/100\n|turn|11\n|\n|t:|1657382175\n|move|p2a: Corvo|Sucker Punch|p1a: Darmanitan\n|-crit|p1a: Darmanitan\n|-damage|p1a: Darmanitan|0 fnt\n|faint|p1a: Darmanitan\n|\n|upkeep\n|\n|t:|1657382183\n|switch|p1a: Klinklang|Klinklang|100\/100\n|-damage|p1a: Klinklang|94\/100|[from] Stealth Rock\n|turn|12\n|\n|t:|1657382188\n|switch|p2a: Zelda|Gardevoir, F|100\/100\n|-ability|p2a: Zelda|Plus|[from] ability: Trace|[of] p1a: Klinklang\n|move|p1a: Klinklang|Steel Beam|p2a: Zelda\n|-supereffective|p2a: Zelda\n|-damage|p2a: Zelda|0 fnt\n|-damage|p1a: Klinklang|44\/100|[from] mindblown\n|faint|p2a: Zelda\n|-damage|p1a: Klinklang|34\/100|[from] item: Life Orb\n|\n|upkeep\n|\n|t:|1657382192\n|switch|p2a: Corvo|Absol, M|100\/100\n|turn|13\n|\n|t:|1657382197\n|move|p2a: Corvo|Sucker Punch|p1a: Klinklang\n|-damage|p1a: Klinklang|0 fnt\n|faint|p1a: Klinklang\n|\n|upkeep\n|\n|t:|1657382201\n|switch|p1a: Sudowoodo|Sudowoodo, M|100\/100\n|-damage|p1a: Sudowoodo|88\/100|[from] Stealth Rock\n|turn|14\n|\n|t:|1657382207\n|move|p2a: Corvo|Close Combat|p1a: Sudowoodo\n|-supereffective|p1a: Sudowoodo\n|-crit|p1a: Sudowoodo\n|-damage|p1a: Sudowoodo|0 fnt\n|-unboost|p2a: Corvo|def|1\n|-unboost|p2a: Corvo|spd|1\n|faint|p1a: Sudowoodo\n|\n|upkeep\n|\n|t:|1657382211\n|switch|p1a: Beedrill|Beedrill-Mega, M|100\/100\n|-damage|p1a: Beedrill|75\/100|[from] Stealth Rock\n|turn|15\n|\n|t:|1657382215\n|move|p2a: Corvo|Sucker Punch|p1a: Beedrill\n|-crit|p1a: Beedrill\n|-damage|p1a: Beedrill|0 fnt\n|faint|p1a: Beedrill\n|\n|win|SirFresh\n|c|\u2606Monkemaniac323|Gg\n|c|\u2606SirFresh|Gg\n|c|\u2606Monkemaniac323|Dammit\n|l|\u2606SirFresh\n","uploadtime":1657382222,"views":20,"p1id":"monkemaniac323","p2id":"sirfresh","formatid":"gen8nationaldexuu","rating":0,"private":0,"password":null}