{"id":"gen8ou-1688367580","p1":"Sunside","p2":"Vodyne","format":"gen8ou","log":"|html|<div class=\"broadcast-blue\"><strong>[Gen 8] OU is currently suspecting Melmetal! For information on how to participate check out the <a href=\"https:\/\/www.smogon.com\/forums\/threads\/np-ss-ou-suspect-process-round-12-monster-mash.3709234\/\">suspect thread<\/a>.<\/strong><\/div>\n|j|\u2606Sunside\n|j|\u2606Vodyne\n|t:|1666057643\n|gametype|singles\n|player|p1|Sunside|cowgirl|1499\n|player|p2|Vodyne|169|1497\n|teamsize|p1|6\n|teamsize|p2|6\n|gen|8\n|tier|[Gen 8] OU\n|rated|\n|rule|Sleep Clause Mod: Limit one foe put to sleep\n|rule|Species Clause: Limit one of each Pok\u00e9mon\n|rule|OHKO Clause: OHKO moves are banned\n|rule|Evasion Items Clause: Evasion items are banned\n|rule|Evasion Moves Clause: Evasion moves are banned\n|rule|Endless Battle Clause: Forcing endless battles is banned\n|rule|HP Percentage Mod: HP is shown in percentages\n|rule|Dynamax Clause: You cannot dynamax\n|clearpoke\n|poke|p1|Ribombee, F|\n|poke|p1|Bisharp, M|\n|poke|p1|Tornadus, M|\n|poke|p1|Terrakion|\n|poke|p1|Weavile, F|\n|poke|p1|Thundurus-Therian, M|\n|poke|p2|Snorlax, M|\n|poke|p2|Suicune|\n|poke|p2|Melmetal|\n|poke|p2|Victini|\n|poke|p2|Landorus-Therian, M|\n|poke|p2|Zapdos|\n|teampreview\n|inactive|Battle timer is ON: inactive players will automatically lose when time's up. (requested by Vodyne)\n|c|\u2606Vodyne|hf\n|\n|t:|1666057667\n|start\n|switch|p1a: Ribombee|Ribombee, F|100\/100\n|switch|p2a: Melmetal|Melmetal|100\/100\n|turn|1\n|inactive|Vodyne has 120 seconds left.\n|\n|t:|1666057715\n|move|p1a: Ribombee|Stun Spore|p2a: Melmetal\n|-status|p2a: Melmetal|par\n|move|p2a: Melmetal|Double Iron Bash|p1a: Ribombee\n|-supereffective|p1a: Ribombee\n|-enditem|p1a: Ribombee|Focus Sash\n|-damage|p1a: Ribombee|1\/100\n|-supereffective|p1a: Ribombee\n|-damage|p1a: Ribombee|0 fnt\n|faint|p1a: Ribombee\n|-hitcount|p1: Ribombee|2\n|\n|upkeep\n|\n|t:|1666057729\n|switch|p1a: Terrakion|Terrakion|100\/100\n|turn|2\n|\n|t:|1666057749\n|move|p1a: Terrakion|Close Combat|p2a: Melmetal\n|-supereffective|p2a: Melmetal\n|-damage|p2a: Melmetal|5\/100 par\n|-unboost|p1a: Terrakion|def|1\n|-unboost|p1a: Terrakion|spd|1\n|-damage|p1a: Terrakion|91\/100|[from] item: Life Orb\n|move|p2a: Melmetal|Double Iron Bash|p1a: Terrakion\n|-supereffective|p1a: Terrakion\n|-damage|p1a: Terrakion|0 fnt\n|faint|p1a: Terrakion\n|-hitcount|p1: Terrakion|1\n|\n|upkeep\n|\n|t:|1666057762\n|switch|p1a: Weavile|Weavile, F|100\/100\n|-ability|p1a: Weavile|Pressure\n|turn|3\n|\n|t:|1666057770\n|move|p1a: Weavile|Knock Off|p2a: Melmetal\n|-damage|p2a: Melmetal|0 fnt\n|-enditem|p2a: Melmetal|Assault Vest|[from] move: Knock Off|[of] p1a: Weavile\n|faint|p2a: Melmetal\n|\n|upkeep\n|\n|t:|1666057783\n|switch|p2a: Suicune|Suicune|100\/100\n|-ability|p2a: Suicune|Pressure\n|turn|4\n|\n|t:|1666057785\n|move|p1a: Weavile|Swords Dance|p1a: Weavile\n|-boost|p1a: Weavile|atk|2\n|move|p2a: Suicune|Scald|p1a: Weavile\n|-damage|p1a: Weavile|63\/100\n|\n|upkeep\n|turn|5\n|inactive|Vodyne has 120 seconds left.\n|inactive|Vodyne has 90 seconds left.\n|\n|t:|1666057829\n|move|p1a: Weavile|Knock Off|p2a: Suicune\n|-damage|p2a: Suicune|46\/100\n|-enditem|p2a: Suicune|Leftovers|[from] move: Knock Off|[of] p1a: Weavile\n|move|p2a: Suicune|Scald|p1a: Weavile\n|-damage|p1a: Weavile|30\/100\n|\n|upkeep\n|turn|6\n|\n|t:|1666057833\n|move|p1a: Weavile|Knock Off|p2a: Suicune\n|-damage|p2a: Suicune|10\/100\n|move|p2a: Suicune|Scald|p1a: Weavile\n|-damage|p1a: Weavile|0 fnt\n|faint|p1a: Weavile\n|\n|upkeep\n|\n|t:|1666057847\n|switch|p1a: Thundurus|Thundurus-Therian, M|100\/100\n|turn|7\n|\n|t:|1666057853\n|move|p1a: Thundurus|Grass Knot|p2a: Suicune\n|-supereffective|p2a: Suicune\n|-damage|p2a: Suicune|0 fnt\n|faint|p2a: Suicune\n|\n|upkeep\n|\n|t:|1666057862\n|switch|p2a: Landorus|Landorus-Therian, M|100\/100\n|-ability|p2a: Landorus|Intimidate|boost\n|-unboost|p1a: Thundurus|atk|1\n|turn|8\n|\n|t:|1666057867\n|switch|p1a: Tornadus|Tornadus, M|100\/100\n|move|p2a: Landorus|Stone Edge|p1a: Tornadus|[miss]\n|-miss|p2a: Landorus|p1a: Tornadus\n|\n|upkeep\n|turn|9\n|inactive|Vodyne has 120 seconds left.\n|\n|t:|1666057872\n|move|p2a: Landorus|Stone Edge|p1a: Tornadus\n|-supereffective|p1a: Tornadus\n|-damage|p1a: Tornadus|0 fnt\n|faint|p1a: Tornadus\n|\n|upkeep\n|\n|t:|1666057876\n|switch|p1a: Bisharp|Bisharp, M|100\/100\n|turn|10\n|\n|t:|1666057878\n|switch|p2a: Zapdos|Zapdos|100\/100\n|move|p1a: Bisharp|Swords Dance|p1a: Bisharp\n|-boost|p1a: Bisharp|atk|2\n|\n|upkeep\n|turn|11\n|\n|t:|1666057881\n|move|p2a: Zapdos|Heat Wave|p1a: Bisharp\n|-supereffective|p1a: Bisharp\n|-damage|p1a: Bisharp|0 fnt\n|faint|p1a: Bisharp\n|\n|upkeep\n|-message|Sunside forfeited.\n|\n|win|Vodyne\n|raw|Sunside's rating: 1499 &rarr; <strong>1479<\/strong><br \/>(-20 for losing)\n|raw|Vodyne's rating: 1497 &rarr; <strong>1517<\/strong><br \/>(+20 for winning)\n|l|\u2606Sunside\n|c|\u2606Vodyne|gg\n","uploadtime":1666057891,"views":15,"p1id":"sunside","p2id":"vodyne","formatid":"gen8ou","rating":1479,"private":0,"password":null}