{"id":"gen8ou-1627822616","p1":"Daevank5","p2":"Alien5ce","format":"gen8ou","log":"|j|\u2606Daevank5\n|j|\u2606Alien5ce\n|t:|1659103370\n|gametype|singles\n|player|p1|Daevank5|169|1613\n|player|p2|Alien5ce|170|1587\n|teamsize|p1|6\n|teamsize|p2|6\n|gen|8\n|tier|[Gen 8] OU\n|rated|\n|rule|Sleep Clause Mod: Limit one foe put to sleep\n|rule|Species Clause: Limit one of each Pok\u00e9mon\n|rule|OHKO Clause: OHKO moves are banned\n|rule|Evasion Moves Clause: Evasion moves are banned\n|rule|Endless Battle Clause: Forcing endless battles is banned\n|rule|HP Percentage Mod: HP is shown in percentages\n|rule|Dynamax Clause: You cannot dynamax\n|clearpoke\n|poke|p1|Stonjourner, F|\n|poke|p1|Slowbro, F|\n|poke|p1|Zeraora|\n|poke|p1|Garchomp, F|\n|poke|p1|Corviknight, M|\n|poke|p1|Tapu Lele|\n|poke|p2|Tapu Lele|\n|poke|p2|Starmie|\n|poke|p2|Hawlucha, F|\n|poke|p2|Landorus-Therian, M|\n|poke|p2|Blaziken, F|\n|poke|p2|Kartana|\n|teampreview\n|inactive|Battle timer is ON: inactive players will automatically lose when time's up. (requested by Alien5ce)\n|inactive|Daevank5 has 120 seconds left.\n|\n|t:|1659103410\n|start\n|switch|p1a: Corviknight|Corviknight, M|100\/100\n|switch|p2a: Bone Broth|Landorus-Therian, M|100\/100\n|-ability|p2a: Bone Broth|Intimidate|boost\n|-unboost|p1a: Corviknight|atk|1\n|-ability|p1a: Corviknight|Pressure\n|turn|1\n|\n|t:|1659103419\n|move|p2a: Bone Broth|Stealth Rock|p1a: Corviknight\n|-sidestart|p1: Daevank5|move: Stealth Rock\n|move|p1a: Corviknight|U-turn|p2a: Bone Broth\n|-resisted|p2a: Bone Broth\n|-damage|p2a: Bone Broth|97\/100\n|-damage|p1a: Corviknight|84\/100|[from] item: Rocky Helmet|[of] p2a: Bone Broth\n|\n|t:|1659103421\n|switch|p1a: SlowBoob|Slowbro, F|100\/100|[from]move: U-turn\n|-damage|p1a: SlowBoob|88\/100|[from] Stealth Rock\n|\n|upkeep\n|turn|2\n|\n|t:|1659103425\n|move|p2a: Bone Broth|Knock Off|p1a: SlowBoob\n|-supereffective|p1a: SlowBoob\n|-enditem|p1a: SlowBoob|Colbur Berry|[eat]\n|-enditem|p1a: SlowBoob|Colbur Berry|[weaken]\n|-damage|p1a: SlowBoob|69\/100\n|move|p1a: SlowBoob|Future Sight|p2a: Bone Broth\n|-start|p1a: SlowBoob|move: Future Sight\n|\n|upkeep\n|turn|3\n|\n|t:|1659103428\n|move|p2a: Bone Broth|U-turn|p1a: SlowBoob\n|-supereffective|p1a: SlowBoob\n|-damage|p1a: SlowBoob|40\/100\n|\n|t:|1659103434\n|switch|p2a: Grape Danish|Starmie|100\/100|[from]move: U-turn\n|move|p1a: SlowBoob|Scald|p2a: Grape Danish\n|-resisted|p2a: Grape Danish\n|-damage|p2a: Grape Danish|81\/100\n|\n|upkeep\n|turn|4\n|\n|t:|1659103443\n|switch|p1a: Zeraora|Zeraora|100\/100\n|move|p2a: Grape Danish|Expanding Force|p1a: Zeraora\n|-damage|p1a: Zeraora|6\/100\n|\n|-end|p2a: Grape Danish|move: Future Sight\n|-resisted|p2a: Grape Danish\n|-damage|p2a: Grape Danish|51\/100\n|upkeep\n|turn|5\n|\n|t:|1659103451\n|switch|p1a: Tapu Lele|Tapu Lele|100\/100\n|-damage|p1a: Tapu Lele|88\/100|[from] Stealth Rock\n|-fieldstart|move: Psychic Terrain|[from] ability: Psychic Surge|[of] p1a: Tapu Lele\n|switch|p2a: Bone Broth|Landorus-Therian, M|97\/100\n|-ability|p2a: Bone Broth|Intimidate|boost\n|-unboost|p1a: Tapu Lele|atk|1\n|\n|upkeep\n|turn|6\n|\n|t:|1659103458\n|move|p1a: Tapu Lele|Psychic|p2a: Bone Broth\n|-damage|p2a: Bone Broth|0 fnt\n|faint|p2a: Bone Broth\n|\n|upkeep\n|inactive|Alien5ce has 120 seconds left.\n|\n|t:|1659103493\n|switch|p2a: Spearmint Delight|Kartana|100\/100\n|turn|7\n|\n|t:|1659103518\n|switch|p2a: Spicy Drumsticks|Blaziken, F|100\/100\n|switch|p1a: Dwayne|Stonjourner, F, shiny|100\/100\n|-damage|p1a: Dwayne|88\/100|[from] Stealth Rock\n|\n|upkeep\n|turn|8\n|\n|t:|1659103526\n|switch|p2a: Grape Danish|Starmie|51\/100\n|move|p1a: Dwayne|Earthquake|p2a: Grape Danish\n|-damage|p2a: Grape Danish|0 fnt\n|faint|p2a: Grape Danish\n|\n|upkeep\n|\n|t:|1659103530\n|switch|p2a: 2 Piece Wings|Hawlucha, F|100\/100\n|-enditem|p2a: 2 Piece Wings|Psychic Seed\n|-boost|p2a: 2 Piece Wings|spd|1|[from] item: Psychic Seed\n|turn|9\n|\n|t:|1659103538\n|switch|p1a: SlowBoob|Slowbro, F|73\/100\n|-damage|p1a: SlowBoob|61\/100|[from] Stealth Rock\n|move|p2a: 2 Piece Wings|Swords Dance|p2a: 2 Piece Wings\n|-boost|p2a: 2 Piece Wings|atk|2\n|\n|-fieldend|move: Psychic Terrain\n|upkeep\n|turn|10\n|inactive|Daevank5 has 120 seconds left.\n|\n|t:|1659103573\n|switch|p1a: Dwayne|Stonjourner, F, shiny|88\/100\n|-damage|p1a: Dwayne|76\/100|[from] Stealth Rock\n|move|p2a: 2 Piece Wings|Swords Dance|p2a: 2 Piece Wings\n|-boost|p2a: 2 Piece Wings|atk|2\n|\n|upkeep\n|turn|11\n|inactive|Daevank5 has 120 seconds left.\n|\n|t:|1659103585\n|move|p2a: 2 Piece Wings|Close Combat|p1a: Dwayne\n|-supereffective|p1a: Dwayne\n|-damage|p1a: Dwayne|0 fnt\n|-unboost|p2a: 2 Piece Wings|def|1\n|-unboost|p2a: 2 Piece Wings|spd|1\n|faint|p1a: Dwayne\n|\n|upkeep\n|\n|t:|1659103587\n|switch|p1a: SlowBoob|Slowbro, F|94\/100\n|-damage|p1a: SlowBoob|82\/100|[from] Stealth Rock\n|turn|12\n|\n|t:|1659103591\n|move|p2a: 2 Piece Wings|Acrobatics|p1a: SlowBoob\n|-damage|p1a: SlowBoob|0 fnt\n|faint|p1a: SlowBoob\n|\n|upkeep\n|-message|Daevank5 forfeited.\n|\n|win|Alien5ce\n|raw|Daevank5's rating: 1613 &rarr; <strong>1592<\/strong><br \/>(-21 for losing)\n|raw|Alien5ce's rating: 1587 &rarr; <strong>1608<\/strong><br \/>(+21 for winning)\n|l|\u2606Daevank5\n||Ladder isn't responding, score probably updated but might not have (Request timeout).\n","uploadtime":1659103597,"views":33,"p1id":"daevank5","p2id":"alien5ce","formatid":"gen8ou","rating":1592,"private":0,"password":null}