{"id":"gen8monotype-1627481913","p1":"Shardul888","p2":"durio","format":"gen8monotype","log":"|j|\u2606Shardul888\n|j|\u2606durio\n|t:|1659055917\n|gametype|singles\n|player|p1|Shardul888|palmer|1513\n|player|p2|durio|aaron|1476\n|teamsize|p1|6\n|teamsize|p2|6\n|gen|8\n|tier|[Gen 8] Monotype\n|rated|\n|rule|Same Type Clause: Pok\u00e9mon in a team must share a type\n|rule|Sleep Clause Mod: Limit one foe put to sleep\n|rule|Species Clause: Limit one of each Pok\u00e9mon\n|rule|OHKO Clause: OHKO moves are banned\n|rule|Evasion Moves Clause: Evasion moves are banned\n|rule|Endless Battle Clause: Forcing endless battles is banned\n|rule|HP Percentage Mod: HP is shown in percentages\n|rule|Dynamax Clause: You cannot dynamax\n|clearpoke\n|poke|p1|Toxapex, M|\n|poke|p1|Golbat, F|\n|poke|p1|Nihilego|\n|poke|p1|Scolipede, F|\n|poke|p1|Skuntank, M|\n|poke|p1|Slowking-Galar, M|\n|poke|p2|Exeggutor-Alola, M|\n|poke|p2|Ferrothorn, M|\n|poke|p2|Rillaboom, M|\n|poke|p2|Whimsicott, F|\n|poke|p2|Cradily, F|\n|poke|p2|Celebi|\n|teampreview\n|inactive|Battle timer is ON: inactive players will automatically lose when time's up. (requested by Shardul888)\n|\n|t:|1659055928\n|start\n|switch|p1a: Slowking|Slowking-Galar, M, shiny|100\/100\n|switch|p2a: Celebi|Celebi|100\/100\n|turn|1\n|\n|t:|1659055935\n|move|p2a: Celebi|Trick|p1a: Slowking\n|-activate|p2a: Celebi|move: Trick|[of] p1a: Slowking\n|-item|p1a: Slowking|Choice Scarf|[from] move: Trick\n|-item|p2a: Celebi|Assault Vest|[from] move: Trick\n|move|p1a: Slowking|Sludge Bomb|p2a: Celebi\n|-supereffective|p2a: Celebi\n|-damage|p2a: Celebi|38\/100\n|-status|p2a: Celebi|psn\n|\n|-damage|p2a: Celebi|26\/100 psn|[from] psn\n|upkeep\n|turn|2\n|\n|t:|1659055946\n|-curestatus|p2a: Celebi|psn|[from] ability: Natural Cure\n|switch|p2a: Ferrothorn|Ferrothorn, M|100\/100\n|switch|p1a: Toxapex|Toxapex, M|100\/100\n|\n|upkeep\n|turn|3\n|\n|t:|1659055953\n|move|p1a: Toxapex|Scald|p2a: Ferrothorn\n|-resisted|p2a: Ferrothorn\n|-damage|p2a: Ferrothorn|94\/100\n|move|p2a: Ferrothorn|Knock Off|p1a: Toxapex\n|-damage|p1a: Toxapex|86\/100\n|-enditem|p1a: Toxapex|Black Sludge|[from] move: Knock Off|[of] p2a: Ferrothorn\n|\n|-heal|p2a: Ferrothorn|99\/100|[from] item: Leftovers\n|upkeep\n|turn|4\n|\n|t:|1659055962\n|switch|p2a: Celebi|Celebi|26\/100\n|move|p1a: Toxapex|Scald|p2a: Celebi\n|-resisted|p2a: Celebi\n|-damage|p2a: Celebi|21\/100\n|-status|p2a: Celebi|brn\n|\n|-damage|p2a: Celebi|15\/100 brn|[from] brn\n|upkeep\n|turn|5\n|\n|t:|1659055972\n|move|p2a: Celebi|Psychic|p1a: Toxapex\n|-supereffective|p1a: Toxapex\n|-damage|p1a: Toxapex|32\/100\n|-unboost|p1a: Toxapex|spd|1\n|move|p1a: Toxapex|Scald|p2a: Celebi\n|-resisted|p2a: Celebi\n|-damage|p2a: Celebi|10\/100 brn\n|\n|-damage|p2a: Celebi|3\/100 brn|[from] brn\n|upkeep\n|turn|6\n|\n|t:|1659055982\n|move|p1a: Toxapex|Baneful Bunker|p1a: Toxapex\n|-singleturn|p1a: Toxapex|move: Protect\n|move|p2a: Celebi|U-turn|p1a: Toxapex\n|-activate|p1a: Toxapex|move: Protect\n|\n|-damage|p2a: Celebi|0 fnt|[from] brn\n|faint|p2a: Celebi\n|upkeep\n|\n|t:|1659055988\n|switch|p2a: Ferrothorn|Ferrothorn, M|99\/100\n|turn|7\n|\n|t:|1659055993\n|move|p1a: Toxapex|Scald|p2a: Ferrothorn\n|-resisted|p2a: Ferrothorn\n|-damage|p2a: Ferrothorn|94\/100\n|move|p2a: Ferrothorn|Spikes|p1a: Toxapex\n|-sidestart|p1: Shardul888|Spikes\n|\n|-heal|p2a: Ferrothorn|99\/100|[from] item: Leftovers\n|upkeep\n|turn|8\n|\n|t:|1659056005\n|move|p1a: Toxapex|Scald|p2a: Ferrothorn\n|-resisted|p2a: Ferrothorn\n|-damage|p2a: Ferrothorn|93\/100\n|move|p2a: Ferrothorn|Spikes|p1a: Toxapex\n|-sidestart|p1: Shardul888|Spikes\n|\n|-heal|p2a: Ferrothorn|99\/100|[from] item: Leftovers\n|upkeep\n|turn|9\n|\n|t:|1659056014\n|switch|p1a: Golbat|Golbat, F|100\/100\n|move|p2a: Ferrothorn|Spikes|p1a: Golbat\n|-sidestart|p1: Shardul888|Spikes\n|\n|-heal|p2a: Ferrothorn|100\/100|[from] item: Leftovers\n|upkeep\n|turn|10\n|\n|t:|1659056021\n|move|p1a: Golbat|Defog|p2a: Ferrothorn\n|-unboost|p2a: Ferrothorn|evasion|1\n|-sideend|p1: Shardul888|Spikes|[from] move: Defog|[of] p1a: Golbat\n|move|p2a: Ferrothorn|Knock Off|p1a: Golbat\n|-damage|p1a: Golbat|86\/100\n|-enditem|p1a: Golbat|Eviolite|[from] move: Knock Off|[of] p2a: Ferrothorn\n|\n|upkeep\n|turn|11\n|\n|t:|1659056029\n|switch|p1a: Slowking|Slowking-Galar, M, shiny|100\/100\n|move|p2a: Ferrothorn|Leech Seed|p1a: Slowking\n|-start|p1a: Slowking|move: Leech Seed\n|\n|-damage|p1a: Slowking|88\/100|[from] Leech Seed|[of] p2a: Ferrothorn\n|upkeep\n|turn|12\n|\n|t:|1659056037\n|switch|p2a: Cradily|Cradily, F|100\/100\n|move|p1a: Slowking|Flamethrower|p2a: Cradily\n|-damage|p2a: Cradily|79\/100\n|\n|-damage|p1a: Slowking|76\/100|[from] Leech Seed|[of] p2a: Cradily\n|-heal|p2a: Cradily|92\/100|[silent]\n|upkeep\n|turn|13\n|\n|t:|1659056053\n|switch|p1a: Golbat|Golbat, F|86\/100\n|move|p2a: Cradily|Leech Seed|p1a: Golbat\n|-start|p1a: Golbat|move: Leech Seed\n|\n|-damage|p1a: Golbat|74\/100|[from] Leech Seed|[of] p2a: Cradily\n|-heal|p2a: Cradily|100\/100|[silent]\n|upkeep\n|turn|14\n|\n|t:|1659056062\n|switch|p1a: Toxapex|Toxapex, M|65\/100\n|switch|p2a: Ferrothorn|Ferrothorn, M|100\/100\n|\n|upkeep\n|turn|15\n|\n|t:|1659056068\n|move|p1a: Toxapex|Scald|p2a: Ferrothorn\n|-resisted|p2a: Ferrothorn\n|-damage|p2a: Ferrothorn|95\/100\n|move|p2a: Ferrothorn|Leech Seed|p1a: Toxapex|[miss]\n|-miss|p2a: Ferrothorn|p1a: Toxapex\n|\n|-heal|p2a: Ferrothorn|100\/100|[from] item: Leftovers\n|upkeep\n|turn|16\n|\n|t:|1659056077\n|switch|p2a: Cradily|Cradily, F|100\/100\n|move|p1a: Toxapex|Scald|p2a: Cradily\n|-ability|p2a: Cradily|Storm Drain|boost\n|-boost|p2a: Cradily|spa|1\n|\n|upkeep\n|turn|17\n|\n|t:|1659056084\n|move|p2a: Cradily|Leech Seed|p1a: Toxapex\n|-start|p1a: Toxapex|move: Leech Seed\n|move|p1a: Toxapex|Toxic|p2a: Cradily\n|-status|p2a: Cradily|tox\n|\n|-damage|p1a: Toxapex|53\/100|[from] Leech Seed|[of] p2a: Cradily\n|-damage|p2a: Cradily|94\/100 tox|[from] psn\n|upkeep\n|turn|18\n|\n|t:|1659056105\n|switch|p2a: Whimsicott|Whimsicott, F|100\/100\n|switch|p1a: Slowking|Slowking-Galar, M, shiny|100\/100\n|\n|upkeep\n|turn|19\n|\n|t:|1659056112\n|move|p2a: Whimsicott|Substitute|p2a: Whimsicott\n|-start|p2a: Whimsicott|Substitute\n|-damage|p2a: Whimsicott|76\/100\n|move|p1a: Slowking|Sludge Bomb|p2a: Whimsicott\n|-supereffective|p2a: Whimsicott\n|-end|p2a: Whimsicott|Substitute\n|\n|-heal|p2a: Whimsicott|82\/100|[from] item: Leftovers\n|upkeep\n|turn|20\n|\n|t:|1659056124\n|switch|p2a: Ferrothorn|Ferrothorn, M|100\/100\n|switch|p1a: Toxapex|Toxapex, M|86\/100\n|\n|upkeep\n|turn|21\n|\n|t:|1659056140\n|move|p1a: Toxapex|Scald|p2a: Ferrothorn\n|-resisted|p2a: Ferrothorn\n|-damage|p2a: Ferrothorn|95\/100\n|move|p2a: Ferrothorn|Leech Seed|p1a: Toxapex\n|-start|p1a: Toxapex|move: Leech Seed\n|\n|-heal|p2a: Ferrothorn|100\/100|[from] item: Leftovers\n|-damage|p1a: Toxapex|74\/100|[from] Leech Seed|[of] p2a: Ferrothorn\n|upkeep\n|turn|22\n|\n|t:|1659056151\n|switch|p1a: Slowking|Slowking-Galar, M, shiny|100\/100\n|switch|p2a: Exeggutor|Exeggutor-Alola, M|100\/100\n|\n|upkeep\n|turn|23\n|\n|t:|1659056159\n|switch|p2a: Ferrothorn|Ferrothorn, M|100\/100\n|move|p1a: Slowking|Sludge Bomb|p2a: Ferrothorn\n|-immune|p2a: Ferrothorn\n|\n|upkeep\n|turn|24\n|\n|t:|1659056173\n|switch|p1a: Toxapex|Toxapex, M|100\/100\n|switch|p2a: Exeggutor|Exeggutor-Alola, M|100\/100\n|\n|upkeep\n|turn|25\n|\n|t:|1659056179\n|move|p2a: Exeggutor|Sleep Powder|p1a: Toxapex\n|-status|p1a: Toxapex|slp|[from] move: Sleep Powder\n|cant|p1a: Toxapex|slp\n|\n|upkeep\n|turn|26\n|\n|t:|1659056185\n|move|p2a: Exeggutor|Infestation|p1a: Toxapex\n|-resisted|p1a: Toxapex\n|-damage|p1a: Toxapex|99\/100 slp\n|-activate|p1a: Toxapex|move: Infestation|[of] p2a: Exeggutor\n|cant|p1a: Toxapex|slp\n|\n|-damage|p1a: Toxapex|86\/100 slp|[from] move: Infestation|[partiallytrapped]\n|upkeep\n|turn|27\n|\n|t:|1659056199\n|move|p2a: Exeggutor|Earthquake|p1a: Toxapex\n|-supereffective|p1a: Toxapex\n|-damage|p1a: Toxapex|56\/100 slp\n|-curestatus|p1a: Toxapex|slp|[msg]\n|move|p1a: Toxapex|Toxic|p2a: Exeggutor\n|-status|p2a: Exeggutor|tox\n|\n|-damage|p2a: Exeggutor|94\/100 tox|[from] psn\n|-damage|p1a: Toxapex|44\/100|[from] move: Infestation|[partiallytrapped]\n|upkeep\n|turn|28\n|\n|t:|1659056209\n|move|p1a: Toxapex|Baneful Bunker|p1a: Toxapex\n|-singleturn|p1a: Toxapex|move: Protect\n|move|p2a: Exeggutor|Sleep Powder|p1a: Toxapex\n|-activate|p1a: Toxapex|move: Protect\n|\n|-damage|p2a: Exeggutor|82\/100 tox|[from] psn\n|-damage|p1a: Toxapex|31\/100|[from] move: Infestation|[partiallytrapped]\n|upkeep\n|turn|29\n|\n|t:|1659056218\n|move|p1a: Toxapex|Baneful Bunker||[still]\n|-fail|p1a: Toxapex\n|move|p2a: Exeggutor|Sleep Powder|p1a: Toxapex\n|-status|p1a: Toxapex|slp|[from] move: Sleep Powder\n|\n|-damage|p2a: Exeggutor|64\/100 tox|[from] psn\n|-damage|p1a: Toxapex|19\/100 slp|[from] move: Infestation|[partiallytrapped]\n|upkeep\n|turn|30\n|\n|t:|1659056227\n|cant|p1a: Toxapex|slp\n|move|p2a: Exeggutor|Earthquake|p1a: Toxapex\n|-supereffective|p1a: Toxapex\n|-damage|p1a: Toxapex|0 fnt\n|faint|p1a: Toxapex\n|\n|-damage|p2a: Exeggutor|40\/100 tox|[from] psn\n|upkeep\n|-enditem|p2a: Exeggutor|Sitrus Berry|[eat]\n|-heal|p2a: Exeggutor|64\/100 tox|[from] item: Sitrus Berry\n|\n|t:|1659056238\n|switch|p1a: Slowking|Slowking-Galar, M, shiny|100\/100\n|turn|31\n|\n|t:|1659056242\n|switch|p2a: Cradily|Cradily, F|94\/100 tox\n|move|p1a: Slowking|Flamethrower|p2a: Cradily\n|-damage|p2a: Cradily|74\/100 tox\n|\n|-damage|p2a: Cradily|68\/100 tox|[from] psn\n|upkeep\n|turn|32\n|\n|t:|1659056251\n|move|p1a: Slowking|Flamethrower|p2a: Cradily\n|-damage|p2a: Cradily|50\/100 tox\n|move|p2a: Cradily|Leech Seed|p1a: Slowking\n|-start|p1a: Slowking|move: Leech Seed\n|\n|-damage|p1a: Slowking|88\/100|[from] Leech Seed|[of] p2a: Cradily\n|-heal|p2a: Cradily|63\/100 tox|[silent]\n|-damage|p2a: Cradily|50\/100 tox|[from] psn\n|upkeep\n|turn|33\n|\n|t:|1659056261\n|switch|p1a: Golbat|Golbat, F|74\/100\n|move|p2a: Cradily|Recover|p2a: Cradily\n|-heal|p2a: Cradily|100\/100 tox\n|\n|-damage|p2a: Cradily|82\/100 tox|[from] psn\n|upkeep\n|turn|34\n|\n|t:|1659056274\n|move|p1a: Golbat|Roost|p1a: Golbat\n|-heal|p1a: Golbat|100\/100\n|-singleturn|p1a: Golbat|move: Roost\n|move|p2a: Cradily|Leech Seed|p1a: Golbat\n|-start|p1a: Golbat|move: Leech Seed\n|\n|-damage|p1a: Golbat|88\/100|[from] Leech Seed|[of] p2a: Cradily\n|-heal|p2a: Cradily|94\/100 tox|[silent]\n|-damage|p2a: Cradily|69\/100 tox|[from] psn\n|upkeep\n|turn|35\n|\n|t:|1659056288\n|switch|p1a: Slowking|Slowking-Galar, M, shiny|100\/100\n|switch|p2a: Ferrothorn|Ferrothorn, M|100\/100\n|\n|upkeep\n|turn|36\n|\n|t:|1659056299\n|switch|p2a: Cradily|Cradily, F|69\/100 tox\n|move|p1a: Slowking|Flamethrower|p2a: Cradily\n|-damage|p2a: Cradily|50\/100 tox\n|\n|-damage|p2a: Cradily|44\/100 tox|[from] psn\n|upkeep\n|turn|37\n|\n|t:|1659056308\n|move|p1a: Slowking|Flamethrower|p2a: Cradily\n|-damage|p2a: Cradily|22\/100 tox\n|move|p2a: Cradily|Recover|p2a: Cradily\n|-heal|p2a: Cradily|72\/100 tox\n|\n|-damage|p2a: Cradily|60\/100 tox|[from] psn\n|upkeep\n|turn|38\n|\n|t:|1659056319\n|switch|p1a: Golbat|Golbat, F|88\/100\n|switch|p2a: Exeggutor|Exeggutor-Alola, M|64\/100 tox\n|\n|-damage|p2a: Exeggutor|58\/100 tox|[from] psn\n|-item|p2a: Exeggutor|Sitrus Berry|[from] ability: Harvest\n|upkeep\n|turn|39\n|\n|t:|1659056329\n|move|p1a: Golbat|Super Fang|p2a: Exeggutor\n|-damage|p2a: Exeggutor|29\/100 tox\n|-enditem|p2a: Exeggutor|Sitrus Berry|[eat]\n|-heal|p2a: Exeggutor|54\/100 tox|[from] item: Sitrus Berry\n|move|p2a: Exeggutor|Infestation|p1a: Golbat\n|-resisted|p1a: Golbat\n|-damage|p1a: Golbat|87\/100\n|-activate|p1a: Golbat|move: Infestation|[of] p2a: Exeggutor\n|\n|-damage|p2a: Exeggutor|42\/100 tox|[from] psn\n|-damage|p1a: Golbat|74\/100|[from] move: Infestation|[partiallytrapped]\n|-item|p2a: Exeggutor|Sitrus Berry|[from] ability: Harvest\n|upkeep\n|-enditem|p2a: Exeggutor|Sitrus Berry|[eat]\n|-heal|p2a: Exeggutor|67\/100 tox|[from] item: Sitrus Berry\n|turn|40\n|\n|t:|1659056346\n|move|p1a: Golbat|Super Fang|p2a: Exeggutor\n|-damage|p2a: Exeggutor|34\/100 tox\n|move|p2a: Exeggutor|Sleep Powder|p1a: Golbat\n|-status|p1a: Golbat|slp|[from] move: Sleep Powder\n|\n|-damage|p2a: Exeggutor|15\/100 tox|[from] psn\n|-damage|p1a: Golbat|62\/100 slp|[from] move: Infestation|[partiallytrapped]\n|-item|p2a: Exeggutor|Sitrus Berry|[from] ability: Harvest\n|upkeep\n|-enditem|p2a: Exeggutor|Sitrus Berry|[eat]\n|-heal|p2a: Exeggutor|40\/100 tox|[from] item: Sitrus Berry\n|turn|41\n|\n|t:|1659056359\n|cant|p1a: Golbat|slp\n|move|p2a: Exeggutor|Flamethrower|p1a: Golbat\n|-damage|p1a: Golbat|34\/100 slp\n|\n|-damage|p2a: Exeggutor|16\/100 tox|[from] psn\n|-damage|p1a: Golbat|21\/100 slp|[from] move: Infestation|[partiallytrapped]\n|-item|p2a: Exeggutor|Sitrus Berry|[from] ability: Harvest\n|upkeep\n|-enditem|p2a: Exeggutor|Sitrus Berry|[eat]\n|-heal|p2a: Exeggutor|41\/100 tox|[from] item: Sitrus Berry\n|turn|42\n|\n|t:|1659056371\n|cant|p1a: Golbat|slp\n|move|p2a: Exeggutor|Flamethrower|p1a: Golbat\n|-damage|p1a: Golbat|0 fnt\n|faint|p1a: Golbat\n|\n|-damage|p2a: Exeggutor|10\/100 tox|[from] psn\n|-item|p2a: Exeggutor|Sitrus Berry|[from] ability: Harvest\n|upkeep\n|-enditem|p2a: Exeggutor|Sitrus Berry|[eat]\n|-heal|p2a: Exeggutor|35\/100 tox|[from] item: Sitrus Berry\n|\n|t:|1659056384\n|switch|p1a: Scolipede|Scolipede, F|100\/100\n|turn|43\n|\n|t:|1659056388\n|switch|p2a: Whimsicott|Whimsicott, F|82\/100\n|move|p1a: Scolipede|Poison Jab|p2a: Whimsicott\n|-supereffective|p2a: Whimsicott\n|-damage|p2a: Whimsicott|0 fnt\n|faint|p2a: Whimsicott\n|\n|-ability|p1a: Scolipede|Speed Boost|boost\n|-boost|p1a: Scolipede|spe|1\n|upkeep\n|\n|t:|1659056394\n|switch|p2a: Ferrothorn|Ferrothorn, M|100\/100\n|turn|44\n|\n|t:|1659056402\n|switch|p1a: Slowking|Slowking-Galar, M, shiny|100\/100\n|move|p2a: Ferrothorn|Leech Seed|p1a: Slowking\n|-start|p1a: Slowking|move: Leech Seed\n|\n|-damage|p1a: Slowking|88\/100|[from] Leech Seed|[of] p2a: Ferrothorn\n|upkeep\n|turn|45\n|\n|t:|1659056410\n|switch|p1a: Skuntank|Skuntank, M|100\/100\n|switch|p2a: Cradily|Cradily, F|60\/100 tox\n|\n|-damage|p2a: Cradily|54\/100 tox|[from] psn\n|upkeep\n|turn|46\n|\n|t:|1659056418\n|switch|p1a: Slowking|Slowking-Galar, M, shiny|100\/100\n|switch|p2a: Ferrothorn|Ferrothorn, M|100\/100\n|\n|upkeep\n|turn|47\n|\n|t:|1659056424\n|switch|p2a: Cradily|Cradily, F|54\/100 tox\n|move|p1a: Slowking|Ice Beam|p2a: Cradily\n|-supereffective|p2a: Cradily\n|-damage|p2a: Cradily|16\/100 tox\n|\n|-damage|p2a: Cradily|10\/100 tox|[from] psn\n|upkeep\n|turn|48\n|\n|t:|1659056432\n|move|p1a: Slowking|Ice Beam|p2a: Cradily\n|-supereffective|p2a: Cradily\n|-damage|p2a: Cradily|0 fnt\n|faint|p2a: Cradily\n|\n|upkeep\n|\n|t:|1659056434\n|switch|p2a: Ferrothorn|Ferrothorn, M|100\/100\n|turn|49\n|\n|t:|1659056439\n|move|p1a: Slowking|Ice Beam|p2a: Ferrothorn\n|-damage|p2a: Ferrothorn|76\/100\n|move|p2a: Ferrothorn|Spikes|p1a: Slowking\n|-sidestart|p1: Shardul888|Spikes\n|\n|-heal|p2a: Ferrothorn|82\/100|[from] item: Leftovers\n|upkeep\n|turn|50\n|\n|t:|1659056447\n|move|p1a: Slowking|Ice Beam|p2a: Ferrothorn\n|-damage|p2a: Ferrothorn|59\/100\n|move|p2a: Ferrothorn|Spikes|p1a: Slowking\n|-sidestart|p1: Shardul888|Spikes\n|\n|-heal|p2a: Ferrothorn|65\/100|[from] item: Leftovers\n|upkeep\n|turn|51\n|\n|t:|1659056454\n|move|p1a: Slowking|Ice Beam|p2a: Ferrothorn\n|-damage|p2a: Ferrothorn|43\/100\n|move|p2a: Ferrothorn|Leech Seed|p1a: Slowking\n|-start|p1a: Slowking|move: Leech Seed\n|\n|-heal|p2a: Ferrothorn|49\/100|[from] item: Leftovers\n|-damage|p1a: Slowking|88\/100|[from] Leech Seed|[of] p2a: Ferrothorn\n|-heal|p2a: Ferrothorn|63\/100|[silent]\n|upkeep\n|turn|52\n|\n|t:|1659056465\n|switch|p1a: Skuntank|Skuntank, M|100\/100\n|-damage|p1a: Skuntank|84\/100|[from] Spikes\n|move|p2a: Ferrothorn|Spikes|p1a: Skuntank\n|-sidestart|p1: Shardul888|Spikes\n|\n|-heal|p2a: Ferrothorn|70\/100|[from] item: Leftovers\n|upkeep\n|turn|53\n|\n|t:|1659056473\n|switch|p1a: Slowking|Slowking-Galar, M, shiny|100\/100\n|-damage|p1a: Slowking|76\/100|[from] Spikes\n|move|p2a: Ferrothorn|Leech Seed|p1a: Slowking\n|-start|p1a: Slowking|move: Leech Seed\n|\n|-heal|p2a: Ferrothorn|76\/100|[from] item: Leftovers\n|-damage|p1a: Slowking|63\/100|[from] Leech Seed|[of] p2a: Ferrothorn\n|-heal|p2a: Ferrothorn|90\/100|[silent]\n|upkeep\n|turn|54\n|\n|t:|1659056483\n|switch|p2a: Exeggutor|Exeggutor-Alola, M|35\/100 tox\n|move|p1a: Slowking|Flamethrower|p2a: Exeggutor\n|-damage|p2a: Exeggutor|4\/100 tox\n|\n|-damage|p1a: Slowking|51\/100|[from] Leech Seed|[of] p2a: Exeggutor\n|-heal|p2a: Exeggutor|16\/100 tox|[silent]\n|-damage|p2a: Exeggutor|10\/100 tox|[from] psn\n|upkeep\n|turn|55\n|\n|t:|1659056493\n|switch|p1a: Skuntank|Skuntank, M|84\/100\n|-damage|p1a: Skuntank|59\/100|[from] Spikes\n|switch|p2a: Rillaboom|Rillaboom, M|100\/100\n|-fieldstart|move: Grassy Terrain|[from] ability: Grassy Surge|[of] p2a: Rillaboom\n|\n|-heal|p1a: Skuntank|65\/100|[from] Grassy Terrain\n|upkeep\n|turn|56\n|\n|t:|1659056503\n|move|p2a: Rillaboom|High Horsepower|p1a: Skuntank\n|-supereffective|p1a: Skuntank\n|-damage|p1a: Skuntank|0 fnt\n|-damage|p2a: Rillaboom|76\/100|[from] ability: Aftermath|[of] p1a: Skuntank\n|faint|p1a: Skuntank\n|\n|-heal|p2a: Rillaboom|82\/100|[from] Grassy Terrain\n|upkeep\n|\n|t:|1659056515\n|switch|p1a: Scolipede|Scolipede, F|100\/100\n|-damage|p1a: Scolipede|76\/100|[from] Spikes\n|turn|57\n|\n|t:|1659056519\n|switch|p2a: Ferrothorn|Ferrothorn, M|90\/100\n|move|p1a: Scolipede|Protect||[still]\n|-fail|p1a: Scolipede\n|\n|-heal|p1a: Scolipede|82\/100|[from] Grassy Terrain\n|-heal|p2a: Ferrothorn|96\/100|[from] Grassy Terrain\n|-heal|p2a: Ferrothorn|100\/100|[from] item: Leftovers\n|-ability|p1a: Scolipede|Speed Boost|boost\n|-boost|p1a: Scolipede|spe|1\n|upkeep\n|turn|58\n|\n|t:|1659056530\n|move|p1a: Scolipede|Earthquake|p2a: Ferrothorn\n|-damage|p2a: Ferrothorn|90\/100\n|move|p2a: Ferrothorn|Leech Seed|p1a: Scolipede\n|-start|p1a: Scolipede|move: Leech Seed\n|\n|-heal|p1a: Scolipede|88\/100|[from] Grassy Terrain\n|-heal|p2a: Ferrothorn|97\/100|[from] Grassy Terrain\n|-heal|p2a: Ferrothorn|100\/100|[from] item: Leftovers\n|-damage|p1a: Scolipede|76\/100|[from] Leech Seed|[of] p2a: Ferrothorn\n|-ability|p1a: Scolipede|Speed Boost|boost\n|-boost|p1a: Scolipede|spe|1\n|upkeep\n|turn|59\n|\n|t:|1659056542\n|switch|p1a: Slowking|Slowking-Galar, M, shiny|84\/100\n|-damage|p1a: Slowking|59\/100|[from] Spikes\n|move|p2a: Ferrothorn|Body Press|p1a: Slowking\n|-resisted|p1a: Slowking\n|-damage|p1a: Slowking|52\/100\n|\n|-heal|p1a: Slowking|58\/100|[from] Grassy Terrain\n|-fieldend|move: Grassy Terrain\n|upkeep\n|turn|60\n|\n|t:|1659056552\n|switch|p2a: Exeggutor|Exeggutor-Alola, M|10\/100 tox\n|move|p1a: Slowking|Flamethrower|p2a: Exeggutor\n|-damage|p2a: Exeggutor|0 fnt\n|faint|p2a: Exeggutor\n|\n|upkeep\n|\n|t:|1659056555\n|switch|p2a: Rillaboom|Rillaboom, M|82\/100\n|-fieldstart|move: Grassy Terrain|[from] ability: Grassy Surge|[of] p2a: Rillaboom\n|turn|61\n|\n|t:|1659056563\n|switch|p1a: Scolipede|Scolipede, F|76\/100\n|-damage|p1a: Scolipede|51\/100|[from] Spikes\n|move|p2a: Rillaboom|High Horsepower|p1a: Scolipede\n|-damage|p1a: Scolipede|0 fnt\n|faint|p1a: Scolipede\n|\n|-heal|p2a: Rillaboom|88\/100|[from] Grassy Terrain\n|upkeep\n|\n|t:|1659056574\n|switch|p1a: Nihilego|Nihilego|100\/100\n|-damage|p1a: Nihilego|76\/100|[from] Spikes\n|turn|62\n|\n|t:|1659056602\n|switch|p2a: Ferrothorn|Ferrothorn, M|100\/100\n|move|p1a: Nihilego|Sludge Bomb|p2a: Ferrothorn\n|-immune|p2a: Ferrothorn\n|\n|-heal|p1a: Nihilego|82\/100|[from] Grassy Terrain\n|upkeep\n|turn|63\n|\n|t:|1659056611\n|switch|p1a: Slowking|Slowking-Galar, M, shiny|91\/100\n|-damage|p1a: Slowking|66\/100|[from] Spikes\n|switch|p2a: Rillaboom|Rillaboom, M|88\/100\n|\n|-heal|p2a: Rillaboom|94\/100|[from] Grassy Terrain\n|-heal|p1a: Slowking|72\/100|[from] Grassy Terrain\n|upkeep\n|turn|64\n|\n|t:|1659056622\n|move|p2a: Rillaboom|High Horsepower|p1a: Slowking\n|-supereffective|p1a: Slowking\n|-damage|p1a: Slowking|0 fnt\n|faint|p1a: Slowking\n|\n|-heal|p2a: Rillaboom|99\/100|[from] Grassy Terrain\n|upkeep\n|-message|Shardul888 forfeited.\n|\n|win|durio\n|raw|Shardul888's rating: 1513 &rarr; <strong>1491<\/strong><br \/>(-22 for losing)\n|raw|durio's rating: 1476 &rarr; <strong>1498<\/strong><br \/>(+22 for winning)\n|l|\u2606Shardul888\n","uploadtime":1659056635,"views":8,"p1id":"shardul888","p2id":"durio","formatid":"gen8monotype","rating":1491,"private":0,"password":null}