{"id":"gen8ou-1648538986","p1":"Pikaqq","p2":"RggV_YT","format":"gen8ou","log":"|j|\u2606Pikaqq\n|j|\u2606RggV_YT\n|t:|1661496033\n|gametype|singles\n|player|p1|Pikaqq|169|1368\n|player|p2|RggV_YT|scientist-gen4|1409\n|teamsize|p1|6\n|teamsize|p2|6\n|gen|8\n|tier|[Gen 8] OU\n|rated|\n|rule|Sleep Clause Mod: Limit one foe put to sleep\n|rule|Species Clause: Limit one of each Pok\u00e9mon\n|rule|OHKO Clause: OHKO moves are banned\n|rule|Evasion Items Clause: Evasion items are banned\n|rule|Evasion Moves Clause: Evasion moves are banned\n|rule|Endless Battle Clause: Forcing endless battles is banned\n|rule|HP Percentage Mod: HP is shown in percentages\n|rule|Dynamax Clause: You cannot dynamax\n|clearpoke\n|poke|p1|Heatran, F|\n|poke|p1|Urshifu-*, F|\n|poke|p1|Ferrothorn, M|\n|poke|p1|Rillaboom, M|\n|poke|p1|Garchomp, F|\n|poke|p1|Dragonite, M|\n|poke|p2|Hitmonlee, M|\n|poke|p2|Tapu Koko|\n|poke|p2|Chansey, F|\n|poke|p2|Corviknight, F|\n|poke|p2|Kartana|\n|poke|p2|Tapu Lele|\n|teampreview\n|inactive|Battle timer is ON: inactive players will automatically lose when time's up. (requested by RggV_YT)\n|\n|t:|1661496057\n|start\n|switch|p1a: Heatran|Heatran, F|100\/100\n|switch|p2a: Tapu Koko|Tapu Koko|100\/100\n|-fieldstart|move: Electric Terrain|[from] ability: Electric Surge|[of] p2a: Tapu Koko\n|turn|1\n|\n|t:|1661496069\n|move|p2a: Tapu Koko|Thunderbolt|p1a: Heatran\n|-damage|p1a: Heatran|50\/100\n|move|p1a: Heatran|Earth Power|p2a: Tapu Koko\n|-supereffective|p2a: Tapu Koko\n|-damage|p2a: Tapu Koko|0 fnt\n|faint|p2a: Tapu Koko\n|\n|upkeep\n|\n|t:|1661496075\n|switch|p2a: Hitmonlee|Hitmonlee, M|100\/100\n|turn|2\n|\n|t:|1661496093\n|switch|p1a: Urshifu|Urshifu-Rapid-Strike, F|100\/100\n|move|p2a: Hitmonlee|Bulk Up|p2a: Hitmonlee\n|-boost|p2a: Hitmonlee|atk|1\n|-boost|p2a: Hitmonlee|def|1\n|\n|upkeep\n|turn|3\n|\n|t:|1661496108\n|switch|p2a: Corviknight|Corviknight, F|100\/100\n|-ability|p2a: Corviknight|Pressure\n|move|p1a: Urshifu|Surging Strikes|p2a: Corviknight\n|-crit|p2a: Corviknight\n|-damage|p2a: Corviknight|89\/100\n|-crit|p2a: Corviknight\n|-damage|p2a: Corviknight|78\/100\n|-crit|p2a: Corviknight\n|-damage|p2a: Corviknight|65\/100\n|-hitcount|p2a: Corviknight|3\n|\n|upkeep\n|turn|4\n|\n|t:|1661496123\n|switch|p1a: Heatran|Heatran, F|50\/100\n|move|p2a: Corviknight|Roost|p2a: Corviknight\n|-heal|p2a: Corviknight|100\/100\n|-singleturn|p2a: Corviknight|move: Roost\n|\n|upkeep\n|turn|5\n|\n|t:|1661496132\n|switch|p2a: Chansey|Chansey, F|100\/100\n|move|p1a: Heatran|Magma Storm|p2a: Chansey\n|-damage|p2a: Chansey|85\/100\n|-activate|p2a: Chansey|move: Magma Storm|[of] p1a: Heatran\n|\n|-damage|p2a: Chansey|73\/100|[from] move: Magma Storm|[partiallytrapped]\n|-fieldend|move: Electric Terrain\n|upkeep\n|turn|6\n|\n|t:|1661496142\n|move|p1a: Heatran|Taunt|p2a: Chansey\n|-start|p2a: Chansey|move: Taunt\n|move|p2a: Chansey|Seismic Toss|p1a: Heatran\n|-damage|p1a: Heatran|19\/100\n|\n|-damage|p2a: Chansey|60\/100|[from] move: Magma Storm|[partiallytrapped]\n|upkeep\n|turn|7\n|\n|t:|1661496159\n|switch|p1a: Rillaboom|Rillaboom, M|100\/100\n|-fieldstart|move: Grassy Terrain|[from] ability: Grassy Surge|[of] p1a: Rillaboom\n|move|p2a: Chansey|Seismic Toss|p1a: Rillaboom\n|-damage|p1a: Rillaboom|76\/100\n|\n|-heal|p1a: Rillaboom|82\/100|[from] Grassy Terrain\n|-heal|p1a: Rillaboom|88\/100|[from] item: Leftovers\n|-heal|p2a: Chansey|67\/100|[from] Grassy Terrain\n|-end|p2a: Chansey|Magma Storm|[partiallytrapped]|[silent]\n|upkeep\n|turn|8\n|\n|t:|1661496175\n|switch|p2a: Corviknight|Corviknight, F|100\/100\n|-ability|p2a: Corviknight|Pressure\n|move|p1a: Rillaboom|Superpower|p2a: Corviknight\n|-damage|p2a: Corviknight|72\/100\n|-unboost|p1a: Rillaboom|atk|1\n|-unboost|p1a: Rillaboom|def|1\n|\n|-heal|p1a: Rillaboom|94\/100|[from] Grassy Terrain\n|-heal|p1a: Rillaboom|100\/100|[from] item: Leftovers\n|upkeep\n|turn|9\n|\n|t:|1661496190\n|switch|p1a: Ferrothorn|Ferrothorn, M|100\/100\n|move|p2a: Corviknight|Body Press|p1a: Ferrothorn\n|-supereffective|p1a: Ferrothorn\n|-damage|p1a: Ferrothorn|61\/100\n|-damage|p2a: Corviknight|60\/100|[from] ability: Iron Barbs|[of] p1a: Ferrothorn\n|\n|-heal|p1a: Ferrothorn|68\/100|[from] Grassy Terrain\n|-heal|p1a: Ferrothorn|74\/100|[from] item: Leftovers\n|upkeep\n|turn|10\n|inactive|Pikaqq has 120 seconds left.\n|\n|t:|1661496207\n|move|p2a: Corviknight|Roost|p2a: Corviknight\n|-heal|p2a: Corviknight|100\/100\n|-singleturn|p2a: Corviknight|move: Roost\n|move|p1a: Ferrothorn|Leech Seed|p2a: Corviknight\n|-start|p2a: Corviknight|move: Leech Seed\n|\n|-heal|p1a: Ferrothorn|80\/100|[from] Grassy Terrain\n|-heal|p1a: Ferrothorn|86\/100|[from] item: Leftovers\n|-damage|p2a: Corviknight|88\/100|[from] Leech Seed|[of] p1a: Ferrothorn\n|-heal|p1a: Ferrothorn|99\/100|[silent]\n|upkeep\n|turn|11\n|inactive|Pikaqq has 120 seconds left.\n|\n|t:|1661496219\n|switch|p2a: Hitmonlee|Hitmonlee, M|100\/100\n|move|p1a: Ferrothorn|Spikes|p2a: Hitmonlee\n|-sidestart|p2: RggV_YT|Spikes\n|\n|-heal|p1a: Ferrothorn|100\/100|[from] Grassy Terrain\n|-fieldend|move: Grassy Terrain\n|upkeep\n|turn|12\n|\n|t:|1661496229\n|switch|p1a: Urshifu|Urshifu-Rapid-Strike, F|100\/100\n|move|p2a: Hitmonlee|High Jump Kick|p1a: Urshifu\n|-damage|p1a: Urshifu|36\/100\n|\n|upkeep\n|turn|13\n|inactive|Pikaqq has 120 seconds left.\n|\n|t:|1661496249\n|move|p1a: Urshifu|U-turn|p2a: Hitmonlee\n|-resisted|p2a: Hitmonlee\n|-damage|p2a: Hitmonlee|76\/100\n|\n|t:|1661496253\n|switch|p1a: Dragonite|Dragonite, M|100\/100|[from]move: U-turn\n|move|p2a: Hitmonlee|Bulk Up|p2a: Hitmonlee\n|-boost|p2a: Hitmonlee|atk|1\n|-boost|p2a: Hitmonlee|def|1\n|\n|upkeep\n|turn|14\n|inactive|Pikaqq has 120 seconds left.\n|\n|t:|1661496268\n|move|p2a: Hitmonlee|Skull Bash||[still]\n|-prepare|p2a: Hitmonlee|Skull Bash\n|-boost|p2a: Hitmonlee|def|1\n|-enditem|p2a: Hitmonlee|Power Herb\n|-anim|p2a: Hitmonlee|Skull Bash|p1a: Dragonite\n|-damage|p1a: Dragonite|66\/100\n|move|p1a: Dragonite|Dragon Dance|p1a: Dragonite\n|-boost|p1a: Dragonite|atk|1\n|-boost|p1a: Dragonite|spe|1\n|\n|upkeep\n|turn|15\n|inactive|Pikaqq has 120 seconds left.\n|\n|t:|1661496281\n|move|p2a: Hitmonlee|Stone Edge|p1a: Dragonite\n|-supereffective|p1a: Dragonite\n|-damage|p1a: Dragonite|0 fnt\n|faint|p1a: Dragonite\n|\n|upkeep\n|inactive|Pikaqq has 120 seconds left.\n|\n|t:|1661496302\n|switch|p1a: Garchomp|Garchomp, F|100\/100\n|turn|16\n|\n|t:|1661496307\n|move|p2a: Hitmonlee|Bulk Up|p2a: Hitmonlee\n|-boost|p2a: Hitmonlee|atk|1\n|-boost|p2a: Hitmonlee|def|1\n|move|p1a: Garchomp|Toxic|p2a: Hitmonlee|[miss]\n|-miss|p1a: Garchomp|p2a: Hitmonlee\n|\n|upkeep\n|turn|17\n|inactive|Pikaqq has 120 seconds left.\n|\n|t:|1661496315\n|move|p2a: Hitmonlee|High Jump Kick|p1a: Garchomp\n|-damage|p1a: Garchomp|22\/100\n|-damage|p2a: Hitmonlee|64\/100|[from] ability: Rough Skin|[of] p1a: Garchomp\n|move|p1a: Garchomp|Toxic|p2a: Hitmonlee|[miss]\n|-miss|p1a: Garchomp|p2a: Hitmonlee\n|\n|-heal|p1a: Garchomp|28\/100|[from] item: Leftovers\n|upkeep\n|turn|18\n|c|\u2606RggV_YT|Mb\n|inactive|Pikaqq has 120 seconds left.\n|\n|t:|1661496326\n|move|p1a: Garchomp|Protect|p1a: Garchomp\n|-singleturn|p1a: Garchomp|Protect\n|move|p2a: Hitmonlee|Stone Edge|p1a: Garchomp\n|-activate|p1a: Garchomp|move: Protect\n|\n|-heal|p1a: Garchomp|34\/100|[from] item: Leftovers\n|upkeep\n|turn|19\n|inactive|Pikaqq has 120 seconds left.\n|\n|t:|1661496337\n|switch|p1a: Ferrothorn|Ferrothorn, M|100\/100\n|move|p2a: Hitmonlee|High Jump Kick|p1a: Ferrothorn\n|-supereffective|p1a: Ferrothorn\n|-damage|p1a: Ferrothorn|0 fnt\n|-damage|p2a: Hitmonlee|51\/100|[from] ability: Iron Barbs|[of] p1a: Ferrothorn\n|faint|p1a: Ferrothorn\n|\n|upkeep\n|inactive|Pikaqq has 120 seconds left.\n|\n|t:|1661496347\n|switch|p1a: Rillaboom|Rillaboom, M|100\/100\n|-fieldstart|move: Grassy Terrain|[from] ability: Grassy Surge|[of] p1a: Rillaboom\n|turn|20\n|\n|t:|1661496355\n|move|p1a: Rillaboom|Grassy Glide|p2a: Hitmonlee\n|-damage|p2a: Hitmonlee|13\/100\n|move|p2a: Hitmonlee|High Jump Kick|p1a: Rillaboom\n|-damage|p1a: Rillaboom|0 fnt\n|faint|p1a: Rillaboom\n|\n|-heal|p2a: Hitmonlee|19\/100|[from] Grassy Terrain\n|upkeep\n|inactive|Pikaqq has 120 seconds left.\n|\n|t:|1661496367\n|switch|p1a: Urshifu|Urshifu-Rapid-Strike, F|36\/100\n|turn|21\n|\n|t:|1661496375\n|move|p2a: Hitmonlee|High Jump Kick|p1a: Urshifu\n|-damage|p1a: Urshifu|0 fnt\n|faint|p1a: Urshifu\n|\n|-heal|p2a: Hitmonlee|25\/100|[from] Grassy Terrain\n|upkeep\n|\n|t:|1661496383\n|switch|p1a: Heatran|Heatran, F|19\/100\n|turn|22\n|\n|t:|1661496389\n|move|p2a: Hitmonlee|High Jump Kick|p1a: Heatran\n|-supereffective|p1a: Heatran\n|-damage|p1a: Heatran|0 fnt\n|faint|p1a: Heatran\n|\n|-heal|p2a: Hitmonlee|31\/100|[from] Grassy Terrain\n|upkeep\n|-message|Pikaqq forfeited.\n|\n|win|RggV_YT\n|raw|Pikaqq's rating: 1368 &rarr; <strong>1350<\/strong><br \/>(-18 for losing)\n|raw|RggV_YT's rating: 1409 &rarr; <strong>1427<\/strong><br \/>(+18 for winning)\n|l|\u2606Pikaqq\n","uploadtime":1661496406,"views":59,"p1id":"pikaqq","p2id":"rggvyt","formatid":"gen8ou","rating":1350,"private":0,"password":null}