{"id":"gen8nationaldex-1688339937","p1":"FleetFoxxx","p2":"VeVii","format":"gen8nationaldex","log":"|j|\u2606FleetFoxxx\n|j|\u2606VeVii\n|t:|1666054852\n|gametype|singles\n|player|p1|FleetFoxxx|265|\n|player|p2|VeVii|cilan|\n|teamsize|p1|6\n|teamsize|p2|6\n|gen|8\n|tier|[Gen 8] National Dex\n|rule|HP Percentage Mod: HP is shown in percentages\n|rule|Endless Battle Clause: Forcing endless battles is banned\n|rule|OHKO Clause: OHKO moves are banned\n|rule|Evasion Moves Clause: Evasion moves are banned\n|rule|Species Clause: Limit one of each Pok\u00e9mon\n|rule|Dynamax Clause: You cannot dynamax\n|rule|Sleep Clause Mod: Limit one foe put to sleep\n|clearpoke\n|poke|p1|Celesteela|\n|poke|p1|Silvally-*|\n|poke|p1|Pinsir, M|\n|poke|p1|Runerigus, F|\n|poke|p1|Hydreigon, F|\n|poke|p1|Goodra, M|\n|poke|p2|Blacephalon|\n|poke|p2|Tangrowth, F|\n|poke|p2|Snorlax, F|\n|poke|p2|Cloyster, F|\n|poke|p2|Ribombee, M|\n|poke|p2|Xatu, F|\n|teampreview\n|c|\u2606VeVii|gl hf!\n|c|\u2606FleetFoxxx|gl hf!\n|j| johngalt149\n|j| yes munchlax\n|j| Hror\n|c|\u2606VeVii|oh ty i forgot to do link lmao\n|c|\u2606FleetFoxxx|i always forget lol\n|j| sh0shin4\n|\n|t:|1666054969\n|start\n|switch|p1a: Silvally|Silvally-Fairy|100\/100\n|switch|p2a: Pudding's Inside|Snorlax, F|100\/100\n|turn|1\n|j| sicksickboy\n|\n|t:|1666054978\n|switch|p2a: Totem Bird|Xatu, F|100\/100\n|move|p1a: Silvally|Parting Shot|p2a: Totem Bird\n|move|p2a: Totem Bird|Parting Shot|p1a: Silvally|[from]ability: Magic Bounce\n|-unboost|p1a: Silvally|atk|1\n|-unboost|p1a: Silvally|spa|1\n|\n|t:|1666054986\n|switch|p2a: Pudding's Inside|Snorlax, F|100\/100|[from]move: Parting Shot\n|\n|upkeep\n|turn|2\n|j| DerpyDots\n|\n|t:|1666055007\n|switch|p1a: Runerigus|Runerigus, F|100\/100\n|move|p2a: Pudding's Inside|Curse|p2a: Pudding's Inside\n|-unboost|p2a: Pudding's Inside|spe|1\n|-boost|p2a: Pudding's Inside|atk|1\n|-boost|p2a: Pudding's Inside|def|1\n|\n|upkeep\n|turn|3\n|\n|t:|1666055015\n|switch|p2a: Totem Bird|Xatu, F|100\/100\n|move|p1a: Runerigus|Haze|p1a: Runerigus\n|-clearallboost\n|\n|upkeep\n|turn|4\n|\n|t:|1666055021\n|move|p1a: Runerigus|Shadow Claw|p2a: Totem Bird\n|-supereffective|p2a: Totem Bird\n|-damage|p2a: Totem Bird|55\/100\n|move|p2a: Totem Bird|Teleport|p2a: Totem Bird\n|\n|t:|1666055054\n|switch|p2a: Cherry Popper|Cloyster, F|100\/100|[from]move: Teleport\n|\n|upkeep\n|turn|5\n|\n|t:|1666055060\n|move|p2a: Cherry Popper|Substitute|p2a: Cherry Popper\n|-start|p2a: Cherry Popper|Substitute\n|-damage|p2a: Cherry Popper|76\/100\n|move|p1a: Runerigus|Haze|p1a: Runerigus\n|-clearallboost\n|\n|upkeep\n|turn|6\n|j|+111ace111\n|\n|t:|1666055071\n|move|p2a: Cherry Popper|Icicle Spear|p1a: Runerigus\n|-supereffective|p1a: Runerigus\n|-damage|p1a: Runerigus|87\/100\n|-supereffective|p1a: Runerigus\n|-damage|p1a: Runerigus|75\/100\n|-supereffective|p1a: Runerigus\n|-damage|p1a: Runerigus|61\/100\n|-supereffective|p1a: Runerigus\n|-damage|p1a: Runerigus|46\/100\n|-supereffective|p1a: Runerigus\n|-damage|p1a: Runerigus|32\/100\n|-hitcount|p1a: Runerigus|5\n|move|p1a: Runerigus|Body Press|p2a: Cherry Popper\n|-supereffective|p2a: Cherry Popper\n|-end|p2a: Cherry Popper|Substitute\n|\n|-heal|p1a: Runerigus|39\/100|[from] item: Leftovers\n|upkeep\n|turn|7\n|\n|t:|1666055093\n|move|p2a: Cherry Popper|Substitute|p2a: Cherry Popper\n|-start|p2a: Cherry Popper|Substitute\n|-damage|p2a: Cherry Popper|51\/100\n|move|p1a: Runerigus|Body Press|p2a: Cherry Popper\n|-supereffective|p2a: Cherry Popper\n|-end|p2a: Cherry Popper|Substitute\n|\n|-heal|p1a: Runerigus|45\/100|[from] item: Leftovers\n|upkeep\n|turn|8\n|c| sh0shin4|ooh nice\n|\n|t:|1666055115\n|move|p2a: Cherry Popper|Icicle Spear|p1a: Runerigus\n|-supereffective|p1a: Runerigus\n|-damage|p1a: Runerigus|32\/100\n|-supereffective|p1a: Runerigus\n|-damage|p1a: Runerigus|17\/100\n|-supereffective|p1a: Runerigus\n|-damage|p1a: Runerigus|3\/100\n|-supereffective|p1a: Runerigus\n|-damage|p1a: Runerigus|0 fnt\n|faint|p1a: Runerigus\n|-hitcount|p1: Runerigus|4\n|\n|upkeep\n|\n|t:|1666055127\n|switch|p1a: Silvally|Silvally-Fairy|100\/100\n|turn|9\n|\n|t:|1666055132\n|switch|p2a: Totem Bird|Xatu, F|55\/100\n|move|p1a: Silvally|Thunderbolt|p2a: Totem Bird\n|-supereffective|p2a: Totem Bird\n|-damage|p2a: Totem Bird|2\/100\n|\n|upkeep\n|turn|10\n|\n|t:|1666055143\n|move|p1a: Silvally|Thunderbolt|p2a: Totem Bird\n|-supereffective|p2a: Totem Bird\n|-damage|p2a: Totem Bird|0 fnt\n|faint|p2a: Totem Bird\n|\n|upkeep\n|\n|t:|1666055146\n|switch|p2a: Pudding's Inside|Snorlax, F|100\/100\n|turn|11\n|j| Bugsileus\n|\n|t:|1666055155\n|move|p1a: Silvally|Parting Shot|p2a: Pudding's Inside\n|-unboost|p2a: Pudding's Inside|atk|1\n|-unboost|p2a: Pudding's Inside|spa|1\n|\n|t:|1666055173\n|switch|p1a: Celesteela|Celesteela|100\/100|[from]move: Parting Shot\n|move|p2a: Pudding's Inside|Curse|p2a: Pudding's Inside\n|-unboost|p2a: Pudding's Inside|spe|1\n|-boost|p2a: Pudding's Inside|atk|1\n|-boost|p2a: Pudding's Inside|def|1\n|\n|upkeep\n|turn|12\n|\n|t:|1666055182\n|move|p1a: Celesteela|Leech Seed|p2a: Pudding's Inside\n|-start|p2a: Pudding's Inside|move: Leech Seed\n|move|p2a: Pudding's Inside|Curse|p2a: Pudding's Inside\n|-unboost|p2a: Pudding's Inside|spe|1\n|-boost|p2a: Pudding's Inside|atk|1\n|-boost|p2a: Pudding's Inside|def|1\n|\n|-damage|p2a: Pudding's Inside|88\/100|[from] Leech Seed|[of] p1a: Celesteela\n|upkeep\n|turn|13\n|\n|t:|1666055193\n|move|p1a: Celesteela|Substitute|p1a: Celesteela\n|-start|p1a: Celesteela|Substitute\n|-damage|p1a: Celesteela|76\/100\n|move|p2a: Pudding's Inside|Curse|p2a: Pudding's Inside\n|-unboost|p2a: Pudding's Inside|spe|1\n|-boost|p2a: Pudding's Inside|atk|1\n|-boost|p2a: Pudding's Inside|def|1\n|\n|-heal|p1a: Celesteela|82\/100|[from] item: Leftovers\n|-heal|p2a: Pudding's Inside|94\/100|[from] item: Leftovers\n|-damage|p2a: Pudding's Inside|82\/100|[from] Leech Seed|[of] p1a: Celesteela\n|-heal|p1a: Celesteela|96\/100|[silent]\n|upkeep\n|turn|14\n|\n|t:|1666055213\n|move|p1a: Celesteela|Air Slash|p2a: Pudding's Inside\n|-damage|p2a: Pudding's Inside|64\/100\n|move|p2a: Pudding's Inside|Fire Punch|p1a: Celesteela\n|-supereffective|p1a: Celesteela\n|-end|p1a: Celesteela|Substitute\n|\n|-heal|p1a: Celesteela|100\/100|[from] item: Leftovers\n|-heal|p2a: Pudding's Inside|70\/100|[from] item: Leftovers\n|-damage|p2a: Pudding's Inside|57\/100|[from] Leech Seed|[of] p1a: Celesteela\n|upkeep\n|turn|15\n|l| sh0shin4\n|\n|t:|1666055223\n|move|p1a: Celesteela|Substitute|p1a: Celesteela\n|-start|p1a: Celesteela|Substitute\n|-damage|p1a: Celesteela|76\/100\n|move|p2a: Pudding's Inside|Fire Punch|p1a: Celesteela\n|-supereffective|p1a: Celesteela\n|-end|p1a: Celesteela|Substitute\n|\n|-heal|p1a: Celesteela|82\/100|[from] item: Leftovers\n|-heal|p2a: Pudding's Inside|64\/100|[from] item: Leftovers\n|-damage|p2a: Pudding's Inside|51\/100|[from] Leech Seed|[of] p1a: Celesteela\n|-heal|p1a: Celesteela|96\/100|[silent]\n|upkeep\n|turn|16\n|\n|t:|1666055233\n|move|p1a: Celesteela|Substitute|p1a: Celesteela\n|-start|p1a: Celesteela|Substitute\n|-damage|p1a: Celesteela|71\/100\n|move|p2a: Pudding's Inside|Fire Punch|p1a: Celesteela\n|-supereffective|p1a: Celesteela\n|-end|p1a: Celesteela|Substitute\n|\n|-heal|p1a: Celesteela|77\/100|[from] item: Leftovers\n|-heal|p2a: Pudding's Inside|57\/100|[from] item: Leftovers\n|-damage|p2a: Pudding's Inside|45\/100|[from] Leech Seed|[of] p1a: Celesteela\n|-heal|p1a: Celesteela|92\/100|[silent]\n|upkeep\n|turn|17\n|\n|t:|1666055251\n|switch|p2a: Pennywise|Blacephalon|100\/100\n|move|p1a: Celesteela|Substitute|p1a: Celesteela\n|-start|p1a: Celesteela|Substitute\n|-damage|p1a: Celesteela|67\/100\n|\n|-heal|p1a: Celesteela|73\/100|[from] item: Leftovers\n|upkeep\n|turn|18\n|j| sh0shin4\n|l| DerpyDots\n|\n|t:|1666055261\n|move|p2a: Pennywise|Flamethrower|p1a: Celesteela\n|-supereffective|p1a: Celesteela\n|-end|p1a: Celesteela|Substitute\n|move|p1a: Celesteela|Heavy Slam|p2a: Pennywise\n|-resisted|p2a: Pennywise\n|-damage|p2a: Pennywise|59\/100\n|\n|-heal|p1a: Celesteela|79\/100|[from] item: Leftovers\n|upkeep\n|turn|19\n|\n|t:|1666055272\n|switch|p1a: Goodra|Goodra, M|100\/100\n|move|p2a: Pennywise|Flamethrower|p1a: Goodra\n|-resisted|p1a: Goodra\n|-damage|p1a: Goodra|89\/100\n|\n|upkeep\n|turn|20\n|\n|t:|1666055311\n|switch|p2a: REEEEbombee|Ribombee, M|100\/100\n|move|p1a: Goodra|Flamethrower|p2a: REEEEbombee\n|-supereffective|p2a: REEEEbombee\n|-damage|p2a: REEEEbombee|13\/100\n|\n|upkeep\n|turn|21\n|\n|t:|1666055334\n|move|p2a: REEEEbombee|Moonblast|p1a: Goodra\n|-supereffective|p1a: Goodra\n|-damage|p1a: Goodra|58\/100\n|move|p1a: Goodra|Flamethrower|p2a: REEEEbombee\n|-supereffective|p2a: REEEEbombee\n|-damage|p2a: REEEEbombee|0 fnt\n|faint|p2a: REEEEbombee\n|\n|upkeep\n|\n|t:|1666055373\n|switch|p2a: Pennywise|Blacephalon|59\/100\n|turn|22\n|\n|t:|1666055387\n|move|p2a: Pennywise|Psyshock|p1a: Goodra\n|-crit|p1a: Goodra\n|-damage|p1a: Goodra|4\/100\n|move|p1a: Goodra|Surf|p2a: Pennywise\n|-supereffective|p2a: Pennywise\n|-damage|p2a: Pennywise|0 fnt\n|faint|p2a: Pennywise\n|\n|upkeep\n|c|\u2606VeVii|i see\n|\n|t:|1666055420\n|switch|p2a: Pudding's Inside|Snorlax, F|45\/100\n|turn|23\n|\n|t:|1666055491\n|switch|p1a: Celesteela|Celesteela|79\/100\n|move|p2a: Pudding's Inside|Rest|p2a: Pudding's Inside\n|-status|p2a: Pudding's Inside|slp|[from] move: Rest\n|-heal|p2a: Pudding's Inside|100\/100 slp|[silent]\n|\n|-heal|p1a: Celesteela|85\/100|[from] item: Leftovers\n|upkeep\n|turn|24\n|\n|t:|1666055507\n|switch|p2a: Cherry Popper|Cloyster, F|51\/100\n|move|p1a: Celesteela|Leech Seed|p2a: Cherry Popper\n|-start|p2a: Cherry Popper|move: Leech Seed\n|\n|-heal|p1a: Celesteela|91\/100|[from] item: Leftovers\n|-damage|p2a: Cherry Popper|38\/100|[from] Leech Seed|[of] p1a: Celesteela\n|-heal|p1a: Celesteela|99\/100|[silent]\n|upkeep\n|turn|25\n|\n|t:|1666055521\n|move|p2a: Cherry Popper|Shell Smash|p2a: Cherry Popper\n|-unboost|p2a: Cherry Popper|def|1\n|-unboost|p2a: Cherry Popper|spd|1\n|-boost|p2a: Cherry Popper|atk|2\n|-boost|p2a: Cherry Popper|spa|2\n|-boost|p2a: Cherry Popper|spe|2\n|-enditem|p2a: Cherry Popper|White Herb\n|-clearnegativeboost|p2a: Cherry Popper|[silent]\n|move|p1a: Celesteela|Air Slash|p2a: Cherry Popper\n|-damage|p2a: Cherry Popper|0 fnt\n|faint|p2a: Cherry Popper\n|-ability|p1a: Celesteela|Beast Boost|boost\n|-boost|p1a: Celesteela|def|1\n|\n|-heal|p1a: Celesteela|100\/100|[from] item: Leftovers\n|upkeep\n|\n|t:|1666055527\n|switch|p2a: Pudding's Inside|Snorlax, F|100\/100 slp\n|turn|26\n|\n|t:|1666055530\n|move|p1a: Celesteela|Leech Seed|p2a: Pudding's Inside\n|-start|p2a: Pudding's Inside|move: Leech Seed\n|cant|p2a: Pudding's Inside|slp\n|\n|-damage|p2a: Pudding's Inside|88\/100 slp|[from] Leech Seed|[of] p1a: Celesteela\n|upkeep\n|turn|27\n|\n|t:|1666055533\n|move|p1a: Celesteela|Substitute|p1a: Celesteela\n|-start|p1a: Celesteela|Substitute\n|-damage|p1a: Celesteela|76\/100\n|cant|p2a: Pudding's Inside|slp\n|\n|-heal|p1a: Celesteela|82\/100|[from] item: Leftovers\n|-heal|p2a: Pudding's Inside|94\/100 slp|[from] item: Leftovers\n|-damage|p2a: Pudding's Inside|82\/100 slp|[from] Leech Seed|[of] p1a: Celesteela\n|-heal|p1a: Celesteela|96\/100|[silent]\n|upkeep\n|turn|28\n|\n|t:|1666055541\n|move|p1a: Celesteela|Heavy Slam|p2a: Pudding's Inside\n|-damage|p2a: Pudding's Inside|65\/100 slp\n|-curestatus|p2a: Pudding's Inside|slp|[msg]\n|move|p2a: Pudding's Inside|Curse|p2a: Pudding's Inside\n|-unboost|p2a: Pudding's Inside|spe|1\n|-boost|p2a: Pudding's Inside|atk|1\n|-boost|p2a: Pudding's Inside|def|1\n|\n|-heal|p1a: Celesteela|100\/100|[from] item: Leftovers\n|-heal|p2a: Pudding's Inside|72\/100|[from] item: Leftovers\n|-damage|p2a: Pudding's Inside|59\/100|[from] Leech Seed|[of] p1a: Celesteela\n|upkeep\n|turn|29\n|\n|t:|1666055547\n|move|p1a: Celesteela|Air Slash|p2a: Pudding's Inside\n|-damage|p2a: Pudding's Inside|41\/100\n|move|p2a: Pudding's Inside|Curse|p2a: Pudding's Inside\n|-unboost|p2a: Pudding's Inside|spe|1\n|-boost|p2a: Pudding's Inside|atk|1\n|-boost|p2a: Pudding's Inside|def|1\n|\n|-heal|p2a: Pudding's Inside|47\/100|[from] item: Leftovers\n|-damage|p2a: Pudding's Inside|35\/100|[from] Leech Seed|[of] p1a: Celesteela\n|upkeep\n|turn|30\n|\n|t:|1666055552\n|move|p1a: Celesteela|Air Slash|p2a: Pudding's Inside\n|-damage|p2a: Pudding's Inside|16\/100\n|move|p2a: Pudding's Inside|Rest|p2a: Pudding's Inside\n|-status|p2a: Pudding's Inside|slp|[from] move: Rest\n|-heal|p2a: Pudding's Inside|100\/100 slp|[silent]\n|\n|-damage|p2a: Pudding's Inside|88\/100 slp|[from] Leech Seed|[of] p1a: Celesteela\n|upkeep\n|turn|31\n|\n|t:|1666055573\n|move|p1a: Celesteela|Air Slash|p2a: Pudding's Inside\n|-damage|p2a: Pudding's Inside|68\/100 slp\n|cant|p2a: Pudding's Inside|slp\n|\n|-heal|p2a: Pudding's Inside|75\/100 slp|[from] item: Leftovers\n|-damage|p2a: Pudding's Inside|62\/100 slp|[from] Leech Seed|[of] p1a: Celesteela\n|upkeep\n|turn|32\n|\n|t:|1666055581\n|move|p1a: Celesteela|Air Slash|p2a: Pudding's Inside\n|-damage|p2a: Pudding's Inside|43\/100 slp\n|cant|p2a: Pudding's Inside|slp\n|\n|-heal|p2a: Pudding's Inside|50\/100 slp|[from] item: Leftovers\n|-damage|p2a: Pudding's Inside|37\/100 slp|[from] Leech Seed|[of] p1a: Celesteela\n|upkeep\n|turn|33\n|\n|t:|1666055590\n|move|p1a: Celesteela|Air Slash|p2a: Pudding's Inside\n|-damage|p2a: Pudding's Inside|20\/100 slp\n|-curestatus|p2a: Pudding's Inside|slp|[msg]\n|cant|p2a: Pudding's Inside|flinch\n|\n|-heal|p2a: Pudding's Inside|26\/100|[from] item: Leftovers\n|-damage|p2a: Pudding's Inside|13\/100|[from] Leech Seed|[of] p1a: Celesteela\n|upkeep\n|turn|34\n|\n|t:|1666055598\n|move|p1a: Celesteela|Air Slash|p2a: Pudding's Inside|[miss]\n|-miss|p1a: Celesteela|p2a: Pudding's Inside\n|move|p2a: Pudding's Inside|Rest|p2a: Pudding's Inside\n|-status|p2a: Pudding's Inside|slp|[from] move: Rest\n|-heal|p2a: Pudding's Inside|100\/100 slp|[silent]\n|\n|-damage|p2a: Pudding's Inside|88\/100 slp|[from] Leech Seed|[of] p1a: Celesteela\n|upkeep\n|turn|35\n|c|\u2606VeVii|btw my tech with Xatu was no item to bait poltergiest and im really sad you brought shadow claw in instead lmao\n|\n|t:|1666055733\n|switch|p1a: Pinsir|Pinsir, M|100\/100\n|cant|p2a: Pudding's Inside|slp\n|\n|-heal|p2a: Pudding's Inside|94\/100 slp|[from] item: Leftovers\n|-damage|p2a: Pudding's Inside|82\/100 slp|[from] Leech Seed|[of] p1a: Pinsir\n|upkeep\n|turn|36\n|\n|t:|1666055741\n|detailschange|p1a: Pinsir|Pinsir-Mega, M\n|-mega|p1a: Pinsir|Pinsir|Pinsirite\n|move|p1a: Pinsir|Close Combat|p2a: Pudding's Inside\n|-supereffective|p2a: Pudding's Inside\n|-damage|p2a: Pudding's Inside|39\/100 slp\n|-unboost|p1a: Pinsir|def|1\n|-unboost|p1a: Pinsir|spd|1\n|cant|p2a: Pudding's Inside|slp\n|\n|-heal|p2a: Pudding's Inside|45\/100 slp|[from] item: Leftovers\n|-damage|p2a: Pudding's Inside|32\/100 slp|[from] Leech Seed|[of] p1a: Pinsir\n|upkeep\n|turn|37\n|\n|t:|1666055752\n|move|p1a: Pinsir|Close Combat|p2a: Pudding's Inside\n|-supereffective|p2a: Pudding's Inside\n|-damage|p2a: Pudding's Inside|0 fnt\n|-unboost|p1a: Pinsir|def|1\n|-unboost|p1a: Pinsir|spd|1\n|faint|p2a: Pudding's Inside\n|\n|upkeep\n|\n|t:|1666055755\n|switch|p2a: Mom's Spaghetti|Tangrowth, F|100\/100\n|turn|38\n|c|\u2606VeVii|gg\n|\n|t:|1666055765\n|move|p1a: Pinsir|Return|p2a: Mom's Spaghetti\n|-supereffective|p2a: Mom's Spaghetti\n|-damage|p2a: Mom's Spaghetti|11\/100\n|move|p2a: Mom's Spaghetti|Rock Slide|p1a: Pinsir\n|-supereffective|p1a: Pinsir\n|-damage|p1a: Pinsir|0 fnt\n|faint|p1a: Pinsir\n|\n|-heal|p2a: Mom's Spaghetti|17\/100|[from] item: Leftovers\n|upkeep\n|c|\u2606FleetFoxxx|gg\n|\n|t:|1666055775\n|switch|p1a: Hydreigon|Hydreigon, F|100\/100\n|turn|39\n|\n|t:|1666055782\n|move|p1a: Hydreigon|Dark Pulse|p2a: Mom's Spaghetti\n|-damage|p2a: Mom's Spaghetti|0 fnt\n|faint|p2a: Mom's Spaghetti\n|\n|win|FleetFoxxx\n|l| johngalt149\n|c|\u2606FleetFoxxx|fun games\n|c|\u2606VeVii|the one time i don't run scarf\n|l| sh0shin4\n|c|\u2606VeVii|knowing\n|c|\u2606VeVii|you were going to on gydre\n|c|\u2606VeVii|sadge\n|l| yes munchlax\n|c|\u2606VeVii|oh well, live and learn GG!\n|c|\u2606VeVii|beat everyone's ass for me ty\n|l|\u2606VeVii\n","uploadtime":1666055830,"views":16,"p1id":"fleetfoxxx","p2id":"vevii","formatid":"gen8nationaldex","rating":0,"private":0,"password":null}