{"id":"gen8ou-1618642969","p1":"jeandonis02","p2":"Starfire Scarlet","format":"gen8ou","log":"|j|\u2606jeandonis02\n|j|\u2606Starfire Scarlet\n|t:|1657992963\n|gametype|singles\n|player|p1|jeandonis02|lucas|1758\n|player|p2|Starfire Scarlet|winona-gen6|1939\n|teamsize|p1|6\n|teamsize|p2|6\n|gen|8\n|tier|[Gen 8] OU\n|rated|\n|rule|Sleep Clause Mod: Limit one foe put to sleep\n|rule|Species Clause: Limit one of each Pok\u00e9mon\n|rule|OHKO Clause: OHKO moves are banned\n|rule|Evasion Moves Clause: Evasion moves are banned\n|rule|Endless Battle Clause: Forcing endless battles is banned\n|rule|HP Percentage Mod: HP is shown in percentages\n|rule|Dynamax Clause: You cannot dynamax\n|clearpoke\n|poke|p1|Zeraora|\n|poke|p1|Toxapex, M|\n|poke|p1|Garchomp, M|\n|poke|p1|Rotom-Wash|\n|poke|p1|Ferrothorn, M|\n|poke|p1|Charizard, M|\n|poke|p2|Pelipper, M|\n|poke|p2|Gyarados, M|\n|poke|p2|Ferrothorn, M|\n|poke|p2|Zapdos|\n|poke|p2|Seismitoad, M|\n|poke|p2|Tapu Lele|\n|teampreview\n|inactive|Battle timer is ON: inactive players will automatically lose when time's up. (requested by jeandonis02)\n|j| CB Bhris Breezy\n|\n|t:|1657992987\n|start\n|switch|p1a: Zeraora|Zeraora|100\/100\n|switch|p2a: Ferrothorn|Ferrothorn, M|100\/100\n|turn|1\n|\n|t:|1657993014\n|move|p1a: Zeraora|Knock Off|p2a: Ferrothorn\n|-damage|p2a: Ferrothorn|79\/100\n|-damage|p1a: Zeraora|88\/100|[from] ability: Iron Barbs|[of] p2a: Ferrothorn\n|-enditem|p2a: Ferrothorn|Leftovers|[from] move: Knock Off|[of] p1a: Zeraora\n|move|p2a: Ferrothorn|Stealth Rock|p1a: Zeraora\n|-sidestart|p1: jeandonis02|move: Stealth Rock\n|\n|upkeep\n|turn|2\n|\n|t:|1657993018\n|move|p1a: Zeraora|Close Combat|p2a: Ferrothorn\n|-supereffective|p2a: Ferrothorn\n|-damage|p2a: Ferrothorn|28\/100\n|-unboost|p1a: Zeraora|def|1\n|-unboost|p1a: Zeraora|spd|1\n|-damage|p1a: Zeraora|76\/100|[from] ability: Iron Barbs|[of] p2a: Ferrothorn\n|move|p2a: Ferrothorn|Leech Seed|p1a: Zeraora\n|-start|p1a: Zeraora|move: Leech Seed\n|\n|-damage|p1a: Zeraora|64\/100|[from] Leech Seed|[of] p2a: Ferrothorn\n|-heal|p2a: Ferrothorn|39\/100|[silent]\n|upkeep\n|turn|3\n|\n|t:|1657993023\n|switch|p1a: Rotom|Rotom-Wash|100\/100\n|-damage|p1a: Rotom|88\/100|[from] Stealth Rock\n|switch|p2a: Zapdos|Zapdos|100\/100\n|\n|-heal|p1a: Rotom|94\/100|[from] item: Leftovers\n|upkeep\n|turn|4\n|\n|t:|1657993026\n|switch|p1a: Zeraora|Zeraora|64\/100\n|-damage|p1a: Zeraora|51\/100|[from] Stealth Rock\n|move|p2a: Zapdos|Thunder|p1a: Zeraora\n|-heal|p1a: Zeraora|76\/100|[from] ability: Volt Absorb|[of] p2a: Zapdos\n|\n|upkeep\n|turn|5\n|\n|t:|1657993033\n|switch|p2a: Ferrothorn|Ferrothorn, M|39\/100\n|move|p1a: Zeraora|Knock Off|p2a: Ferrothorn\n|-damage|p2a: Ferrothorn|24\/100\n|-damage|p1a: Zeraora|64\/100|[from] ability: Iron Barbs|[of] p2a: Ferrothorn\n|\n|upkeep\n|turn|6\n|\n|t:|1657993035\n|switch|p2a: Pelipper|Pelipper, M|100\/100\n|-weather|RainDance|[from] ability: Drizzle|[of] p2a: Pelipper\n|move|p1a: Zeraora|Close Combat|p2a: Pelipper\n|-resisted|p2a: Pelipper\n|-damage|p2a: Pelipper|87\/100\n|-unboost|p1a: Zeraora|def|1\n|-unboost|p1a: Zeraora|spd|1\n|\n|-weather|RainDance|[upkeep]\n|upkeep\n|turn|7\n|\n|t:|1657993038\n|switch|p2a: Seismitoad|Seismitoad, M|100\/100\n|move|p1a: Zeraora|Knock Off|p2a: Seismitoad\n|-damage|p2a: Seismitoad|62\/100\n|-enditem|p2a: Seismitoad|Life Orb|[from] move: Knock Off|[of] p1a: Zeraora\n|\n|-weather|RainDance|[upkeep]\n|upkeep\n|turn|8\n|\n|t:|1657993043\n|switch|p2a: Zapdos|Zapdos|100\/100\n|switch|p1a: Rotom|Rotom-Wash|94\/100\n|-damage|p1a: Rotom|82\/100|[from] Stealth Rock\n|\n|-weather|RainDance|[upkeep]\n|-heal|p1a: Rotom|88\/100|[from] item: Leftovers\n|upkeep\n|turn|9\n|\n|t:|1657993047\n|switch|p1a: Garchomp|Garchomp, M|100\/100\n|-damage|p1a: Garchomp|94\/100|[from] Stealth Rock\n|move|p2a: Zapdos|Thunder|p1a: Garchomp\n|-immune|p1a: Garchomp\n|\n|-weather|RainDance|[upkeep]\n|upkeep\n|turn|10\n|\n|t:|1657993052\n|move|p1a: Garchomp|Outrage|p2a: Zapdos\n|-damage|p2a: Zapdos|0 fnt\n|faint|p2a: Zapdos\n|\n|-weather|RainDance|[upkeep]\n|upkeep\n|\n|t:|1657993055\n|switch|p2a: Tapu Lele|Tapu Lele|100\/100\n|-fieldstart|move: Psychic Terrain|[from] ability: Psychic Surge|[of] p2a: Tapu Lele\n|turn|11\n|\n|t:|1657993057\n|move|p2a: Tapu Lele|Moonblast|p1a: Garchomp\n|-supereffective|p1a: Garchomp\n|-crit|p1a: Garchomp\n|-damage|p1a: Garchomp|0 fnt\n|faint|p1a: Garchomp\n|\n|-weather|RainDance|[upkeep]\n|upkeep\n|j| isduffbidfhjgb\n|\n|t:|1657993060\n|switch|p1a: Ferrothorn|Ferrothorn, M|100\/100\n|-damage|p1a: Ferrothorn|94\/100|[from] Stealth Rock\n|turn|12\n|\n|t:|1657993066\n|switch|p2a: Ferrothorn|Ferrothorn, M|24\/100\n|move|p1a: Ferrothorn|Gyro Ball|p2a: Ferrothorn\n|-resisted|p2a: Ferrothorn\n|-damage|p2a: Ferrothorn|20\/100\n|-damage|p1a: Ferrothorn|82\/100|[from] ability: Iron Barbs|[of] p2a: Ferrothorn\n|\n|-weather|RainDance|[upkeep]\n|upkeep\n|turn|13\n|\n|t:|1657993074\n|move|p1a: Ferrothorn|Stealth Rock|p2a: Ferrothorn\n|-sidestart|p2: Starfire Scarlet|move: Stealth Rock\n|move|p2a: Ferrothorn|Knock Off|p1a: Ferrothorn\n|-damage|p1a: Ferrothorn|69\/100\n|-damage|p2a: Ferrothorn|8\/100|[from] ability: Iron Barbs|[of] p1a: Ferrothorn\n|-damage|p2a: Ferrothorn|0 fnt|[from] item: Rocky Helmet|[of] p1a: Ferrothorn\n|faint|p2a: Ferrothorn\n|\n|-weather|none\n|upkeep\n|\n|t:|1657993077\n|switch|p2a: Tapu Lele|Tapu Lele|100\/100\n|-damage|p2a: Tapu Lele|88\/100|[from] Stealth Rock\n|turn|14\n|\n|t:|1657993080\n|move|p2a: Tapu Lele|Psychic|p1a: Ferrothorn\n|-resisted|p1a: Ferrothorn\n|-damage|p1a: Ferrothorn|39\/100\n|move|p1a: Ferrothorn|Gyro Ball|p2a: Tapu Lele\n|-supereffective|p2a: Tapu Lele\n|-damage|p2a: Tapu Lele|0 fnt\n|faint|p2a: Tapu Lele\n|\n|upkeep\n|j| Atomise\n|\n|t:|1657993087\n|switch|p2a: Gyarados|Gyarados, M|100\/100\n|-damage|p2a: Gyarados|76\/100|[from] Stealth Rock\n|turn|15\n|\n|t:|1657993090\n|move|p2a: Gyarados|Bounce||[still]\n|-prepare|p2a: Gyarados|Bounce\n|-enditem|p2a: Gyarados|Power Herb\n|-anim|p2a: Gyarados|Bounce|p1a: Ferrothorn\n|-damage|p1a: Ferrothorn|14\/100\n|-status|p1a: Ferrothorn|par\n|-damage|p2a: Gyarados|63\/100|[from] ability: Iron Barbs|[of] p1a: Ferrothorn\n|-damage|p2a: Gyarados|47\/100|[from] item: Rocky Helmet|[of] p1a: Ferrothorn\n|move|p1a: Ferrothorn|Leech Seed|p2a: Gyarados\n|-start|p2a: Gyarados|move: Leech Seed\n|\n|-damage|p2a: Gyarados|34\/100|[from] Leech Seed|[of] p1a: Ferrothorn\n|-heal|p1a: Ferrothorn|26\/100 par|[silent]\n|-fieldend|move: Psychic Terrain\n|upkeep\n|turn|16\n|\n|t:|1657993096\n|move|p2a: Gyarados|Earthquake|p1a: Ferrothorn\n|-damage|p1a: Ferrothorn|7\/100 par\n|move|p1a: Ferrothorn|Thunder Wave|p2a: Gyarados|[miss]\n|-miss|p1a: Ferrothorn|p2a: Gyarados\n|\n|-damage|p2a: Gyarados|22\/100|[from] Leech Seed|[of] p1a: Ferrothorn\n|-heal|p1a: Ferrothorn|19\/100 par|[silent]\n|upkeep\n|turn|17\n|\n|t:|1657993102\n|move|p2a: Gyarados|Earthquake|p1a: Ferrothorn\n|-damage|p1a: Ferrothorn|0 fnt\n|faint|p1a: Ferrothorn\n|-ability|p2a: Gyarados|Moxie|boost\n|-boost|p2a: Gyarados|atk|1\n|\n|upkeep\n|\n|t:|1657993106\n|switch|p1a: Rotom|Rotom-Wash|88\/100\n|-damage|p1a: Rotom|75\/100|[from] Stealth Rock\n|turn|18\n|\n|t:|1657993109\n|switch|p1a: Toxapex|Toxapex, M|100\/100\n|-damage|p1a: Toxapex|88\/100|[from] Stealth Rock\n|move|p2a: Gyarados|Waterfall|p1a: Toxapex\n|-resisted|p1a: Toxapex\n|-damage|p1a: Toxapex|63\/100\n|\n|-heal|p1a: Toxapex|70\/100|[from] item: Black Sludge\n|-damage|p2a: Gyarados|10\/100|[from] Leech Seed|[of] p1a: Toxapex\n|-heal|p1a: Toxapex|83\/100|[silent]\n|upkeep\n|turn|19\n|\n|t:|1657993113\n|move|p1a: Toxapex|Baneful Bunker|p1a: Toxapex\n|-singleturn|p1a: Toxapex|move: Protect\n|move|p2a: Gyarados|Waterfall|p1a: Toxapex\n|-activate|p1a: Toxapex|move: Protect\n|-status|p2a: Gyarados|psn\n|\n|-heal|p1a: Toxapex|89\/100|[from] item: Black Sludge\n|-damage|p2a: Gyarados|0 fnt|[from] Leech Seed|[of] p1a: Toxapex\n|-heal|p1a: Toxapex|99\/100|[silent]\n|faint|p2a: Gyarados\n|upkeep\n|\n|t:|1657993115\n|switch|p2a: Pelipper|Pelipper, M|87\/100\n|-damage|p2a: Pelipper|63\/100|[from] Stealth Rock\n|-weather|RainDance|[from] ability: Drizzle|[of] p2a: Pelipper\n|turn|20\n|\n|t:|1657993118\n|move|p2a: Pelipper|Scald|p1a: Toxapex\n|-resisted|p1a: Toxapex\n|-damage|p1a: Toxapex|87\/100\n|move|p1a: Toxapex|Toxic|p2a: Pelipper\n|-status|p2a: Pelipper|tox\n|\n|-weather|RainDance|[upkeep]\n|-heal|p1a: Toxapex|93\/100|[from] item: Black Sludge\n|-damage|p2a: Pelipper|57\/100 tox|[from] psn\n|upkeep\n|turn|21\n|\n|t:|1657993121\n|switch|p2a: Seismitoad|Seismitoad, M|62\/100\n|-damage|p2a: Seismitoad|56\/100|[from] Stealth Rock\n|move|p1a: Toxapex|Toxic|p2a: Seismitoad\n|-status|p2a: Seismitoad|tox\n|\n|-weather|RainDance|[upkeep]\n|-heal|p1a: Toxapex|99\/100|[from] item: Black Sludge\n|-damage|p2a: Seismitoad|50\/100 tox|[from] psn\n|upkeep\n|turn|22\n|\n|t:|1657993123\n|move|p1a: Toxapex|Baneful Bunker|p1a: Toxapex\n|-singleturn|p1a: Toxapex|move: Protect\n|move|p2a: Seismitoad|Earthquake|p1a: Toxapex\n|-activate|p1a: Toxapex|move: Protect\n|\n|-weather|RainDance|[upkeep]\n|-heal|p1a: Toxapex|100\/100|[from] item: Black Sludge\n|-damage|p2a: Seismitoad|38\/100 tox|[from] psn\n|upkeep\n|turn|23\n|j| jien laqwa hehe\n|\n|t:|1657993125\n|move|p2a: Seismitoad|Power Whip|p1a: Toxapex\n|-damage|p1a: Toxapex|73\/100\n|move|p1a: Toxapex|Scald|p2a: Seismitoad\n|-crit|p2a: Seismitoad\n|-damage|p2a: Seismitoad|0 fnt\n|faint|p2a: Seismitoad\n|\n|-weather|RainDance|[upkeep]\n|-heal|p1a: Toxapex|79\/100|[from] item: Black Sludge\n|upkeep\n|-message|Starfire Scarlet forfeited.\n|\n|win|jeandonis02\n|raw|jeandonis02's rating: 1758 &rarr; <strong>1788<\/strong><br \/>(+30 for winning)\n|raw|Starfire Scarlet's rating: 1939 &rarr; <strong>1909<\/strong><br \/>(-30 for losing)\n|l|\u2606Starfire Scarlet\n","uploadtime":1657993131,"views":56,"p1id":"jeandonis02","p2id":"starfirescarlet","formatid":"gen8ou","rating":1788,"private":0,"password":null}