{"id":"gen8ou-1615267667","p1":"PiabloS","p2":"VivaHonduras","format":"gen8ou","log":"|j|\u2606PiabloS\n|j|\u2606VivaHonduras\n|t:|1657577381\n|gametype|singles\n|player|p1|PiabloS|kiawe|1554\n|player|p2|VivaHonduras|scientist-gen4|1621\n|teamsize|p1|6\n|teamsize|p2|6\n|gen|8\n|tier|[Gen 8] OU\n|rated|\n|rule|Sleep Clause Mod: Limit one foe put to sleep\n|rule|Species Clause: Limit one of each Pok\u00e9mon\n|rule|OHKO Clause: OHKO moves are banned\n|rule|Evasion Moves Clause: Evasion moves are banned\n|rule|Endless Battle Clause: Forcing endless battles is banned\n|rule|HP Percentage Mod: HP is shown in percentages\n|rule|Dynamax Clause: You cannot dynamax\n|clearpoke\n|poke|p1|Rillaboom, M|\n|poke|p1|Clefable, M|\n|poke|p1|Heatran, F|\n|poke|p1|Kartana|\n|poke|p1|Landorus-Therian, M|\n|poke|p1|Slowbro, M|\n|poke|p2|Volcanion|\n|poke|p2|Urshifu-*, M|\n|poke|p2|Hippowdon, F|\n|poke|p2|Buzzwole|\n|poke|p2|Corviknight, F|\n|poke|p2|Alakazam, M|\n|teampreview\n|inactive|Battle timer is ON: inactive players will automatically lose when time's up. (requested by VivaHonduras)\n|\n|t:|1657577398\n|start\n|switch|p1a: Kartana|Kartana|100\/100\n|switch|p2a: Urshifu|Urshifu-Rapid-Strike, M|100\/100\n|turn|1\n|\n|t:|1657577406\n|switch|p2a: Buzzwole|Buzzwole|100\/100\n|move|p1a: Kartana|Aerial Ace|p2a: Buzzwole\n|-supereffective|p2a: Buzzwole\n|-damage|p2a: Buzzwole|31\/100\n|-damage|p1a: Kartana|84\/100|[from] item: Rocky Helmet|[of] p2a: Buzzwole\n|\n|upkeep\n|turn|2\n|\n|t:|1657577413\n|switch|p1a: Heatran|Heatran, F|100\/100\n|switch|p2a: Corviknight|Corviknight, F|100\/100\n|-ability|p2a: Corviknight|Pressure\n|\n|upkeep\n|turn|3\n|\n|t:|1657577426\n|switch|p2a: Volcanion|Volcanion|100\/100\n|move|p1a: Heatran|Magma Storm|p2a: Volcanion\n|-resisted|p2a: Volcanion\n|-crit|p2a: Volcanion\n|-damage|p2a: Volcanion|82\/100\n|-activate|p2a: Volcanion|move: Magma Storm|[of] p1a: Heatran\n|\n|-damage|p2a: Volcanion|70\/100|[from] move: Magma Storm|[partiallytrapped]\n|upkeep\n|turn|4\n|\n|t:|1657577431\n|move|p1a: Heatran|Protect|p1a: Heatran\n|-singleturn|p1a: Heatran|Protect\n|move|p2a: Volcanion|Steam Eruption|p1a: Heatran\n|-activate|p1a: Heatran|move: Protect\n|\n|-damage|p2a: Volcanion|58\/100|[from] move: Magma Storm|[partiallytrapped]\n|upkeep\n|turn|5\n|\n|t:|1657577438\n|switch|p1a: Slowbro|Slowbro, M|100\/100\n|move|p2a: Volcanion|Steam Eruption|p1a: Slowbro\n|-resisted|p1a: Slowbro\n|-damage|p1a: Slowbro|68\/100\n|\n|-end|p2a: Volcanion|Magma Storm|[partiallytrapped]|[silent]\n|upkeep\n|turn|6\n|\n|t:|1657577446\n|move|p2a: Volcanion|Solar Beam||[still]\n|-prepare|p2a: Volcanion|Solar Beam\n|-enditem|p2a: Volcanion|Power Herb\n|-anim|p2a: Volcanion|Solar Beam|p1a: Slowbro\n|-supereffective|p1a: Slowbro\n|-damage|p1a: Slowbro|0 fnt\n|faint|p1a: Slowbro\n|\n|upkeep\n|inactive|PiabloS has 120 seconds left.\n|\n|t:|1657577481\n|switch|p1a: Kartana|Kartana|84\/100\n|turn|7\n|\n|t:|1657577487\n|switch|p1a: Heatran|Heatran, F|100\/100\n|move|p2a: Volcanion|Steam Eruption|p1a: Heatran\n|-supereffective|p1a: Heatran\n|-damage|p1a: Heatran|23\/100\n|\n|-heal|p1a: Heatran|29\/100|[from] item: Leftovers\n|upkeep\n|turn|8\n|\n|t:|1657577494\n|move|p2a: Volcanion|Steam Eruption|p1a: Heatran\n|-supereffective|p1a: Heatran\n|-damage|p1a: Heatran|0 fnt\n|faint|p1a: Heatran\n|\n|upkeep\n|\n|t:|1657577496\n|switch|p1a: Kartana|Kartana|84\/100\n|turn|9\n|\n|t:|1657577505\n|switch|p2a: Hippowdon|Hippowdon, F|100\/100\n|-weather|Sandstorm|[from] ability: Sand Stream|[of] p2a: Hippowdon\n|move|p1a: Kartana|Leaf Blade|p2a: Hippowdon\n|-supereffective|p2a: Hippowdon\n|-damage|p2a: Hippowdon|0 fnt\n|faint|p2a: Hippowdon\n|-ability|p1a: Kartana|Beast Boost|boost\n|-boost|p1a: Kartana|atk|1\n|\n|-weather|Sandstorm|[upkeep]\n|upkeep\n|\n|t:|1657577514\n|switch|p2a: Corviknight|Corviknight, F|100\/100\n|-ability|p2a: Corviknight|Pressure\n|turn|10\n|\n|t:|1657577532\n|switch|p1a: Landorus|Landorus-Therian, M|100\/100\n|-ability|p1a: Landorus|Intimidate|boost\n|-unboost|p2a: Corviknight|atk|1\n|move|p2a: Corviknight|Brave Bird|p1a: Landorus\n|-damage|p1a: Landorus|76\/100\n|-damage|p2a: Corviknight|93\/100|[from] Recoil\n|\n|-weather|Sandstorm|[upkeep]\n|-heal|p1a: Landorus|82\/100|[from] item: Leftovers\n|-heal|p2a: Corviknight|99\/100|[from] item: Leftovers\n|upkeep\n|turn|11\n|inactive|PiabloS has 120 seconds left.\n|\n|t:|1657577560\n|move|p1a: Landorus|U-turn|p2a: Corviknight\n|-resisted|p2a: Corviknight\n|-damage|p2a: Corviknight|94\/100\n|inactive|PiabloS has 120 seconds left.\n|\n|t:|1657577566\n|switch|p1a: Clefable|Clefable, M|100\/100|[from]move: U-turn\n|move|p2a: Corviknight|U-turn|p1a: Clefable\n|-resisted|p1a: Clefable\n|-damage|p1a: Clefable|96\/100\n|\n|t:|1657577581\n|switch|p2a: Urshifu|Urshifu-Rapid-Strike, M|100\/100|[from]move: U-turn\n|\n|-weather|Sandstorm|[upkeep]\n|-damage|p2a: Urshifu|94\/100|[from] Sandstorm\n|upkeep\n|turn|12\n|\n|t:|1657577593\n|switch|p1a: Rillaboom|Rillaboom, M|100\/100\n|-fieldstart|move: Grassy Terrain|[from] ability: Grassy Surge|[of] p1a: Rillaboom\n|move|p2a: Urshifu|Surging Strikes|p1a: Rillaboom\n|-resisted|p1a: Rillaboom\n|-crit|p1a: Rillaboom\n|-damage|p1a: Rillaboom|87\/100\n|-resisted|p1a: Rillaboom\n|-crit|p1a: Rillaboom\n|-damage|p1a: Rillaboom|73\/100\n|-resisted|p1a: Rillaboom\n|-crit|p1a: Rillaboom\n|-damage|p1a: Rillaboom|60\/100\n|-hitcount|p1a: Rillaboom|3\n|\n|-weather|Sandstorm|[upkeep]\n|-damage|p2a: Urshifu|88\/100|[from] Sandstorm\n|-damage|p1a: Rillaboom|54\/100|[from] Sandstorm\n|-heal|p2a: Urshifu|94\/100|[from] Grassy Terrain\n|-heal|p1a: Rillaboom|60\/100|[from] Grassy Terrain\n|-heal|p1a: Rillaboom|67\/100|[from] item: Leftovers\n|upkeep\n|turn|13\n|\n|t:|1657577602\n|switch|p2a: Corviknight|Corviknight, F|94\/100\n|-ability|p2a: Corviknight|Pressure\n|move|p1a: Rillaboom|Swords Dance|p1a: Rillaboom\n|-boost|p1a: Rillaboom|atk|2\n|\n|-weather|none\n|-heal|p1a: Rillaboom|73\/100|[from] Grassy Terrain\n|-heal|p1a: Rillaboom|79\/100|[from] item: Leftovers\n|-heal|p2a: Corviknight|100\/100|[from] item: Leftovers\n|upkeep\n|turn|14\n|\n|t:|1657577606\n|move|p1a: Rillaboom|Swords Dance|p1a: Rillaboom\n|-boost|p1a: Rillaboom|atk|2\n|move|p2a: Corviknight|Brave Bird|p1a: Rillaboom\n|-supereffective|p1a: Rillaboom\n|-damage|p1a: Rillaboom|8\/100\n|-damage|p2a: Corviknight|77\/100|[from] Recoil\n|\n|-heal|p1a: Rillaboom|14\/100|[from] Grassy Terrain\n|-heal|p1a: Rillaboom|21\/100|[from] item: Leftovers\n|-heal|p2a: Corviknight|83\/100|[from] item: Leftovers\n|upkeep\n|turn|15\n|\n|t:|1657577613\n|switch|p2a: Buzzwole|Buzzwole|31\/100\n|move|p1a: Rillaboom|Drain Punch|p2a: Buzzwole\n|-resisted|p2a: Buzzwole\n|-damage|p2a: Buzzwole|12\/100\n|-heal|p1a: Rillaboom|30\/100|[from] drain|[of] p2a: Buzzwole\n|-damage|p1a: Rillaboom|14\/100|[from] item: Rocky Helmet|[of] p2a: Buzzwole\n|\n|-heal|p1a: Rillaboom|20\/100|[from] Grassy Terrain\n|-heal|p1a: Rillaboom|26\/100|[from] item: Leftovers\n|-heal|p2a: Buzzwole|18\/100|[from] Grassy Terrain\n|upkeep\n|turn|16\n|\n|t:|1657577633\n|move|p1a: Rillaboom|Drain Punch|p2a: Buzzwole\n|-resisted|p2a: Buzzwole\n|-damage|p2a: Buzzwole|0 fnt\n|-heal|p1a: Rillaboom|36\/100|[from] drain|[of] p2a: Buzzwole\n|-damage|p1a: Rillaboom|19\/100|[from] item: Rocky Helmet|[of] p2a: Buzzwole\n|faint|p2a: Buzzwole\n|\n|-heal|p1a: Rillaboom|25\/100|[from] Grassy Terrain\n|-heal|p1a: Rillaboom|32\/100|[from] item: Leftovers\n|-fieldend|move: Grassy Terrain\n|upkeep\n|\n|t:|1657577639\n|switch|p2a: Urshifu|Urshifu-Rapid-Strike, M|94\/100\n|turn|17\n|\n|t:|1657577646\n|switch|p1a: Landorus|Landorus-Therian, M|82\/100\n|-ability|p1a: Landorus|Intimidate|boost\n|-unboost|p2a: Urshifu|atk|1\n|move|p2a: Urshifu|Surging Strikes|p1a: Landorus\n|-supereffective|p1a: Landorus\n|-crit|p1a: Landorus\n|-damage|p1a: Landorus|22\/100\n|-supereffective|p1a: Landorus\n|-crit|p1a: Landorus\n|-damage|p1a: Landorus|0 fnt\n|faint|p1a: Landorus\n|-hitcount|p1: Landorus|2\n|\n|upkeep\n|j| zReptar\n|c| zReptar|Nice\n|\n|t:|1657577656\n|switch|p1a: Rillaboom|Rillaboom, M|32\/100\n|-fieldstart|move: Grassy Terrain|[from] ability: Grassy Surge|[of] p1a: Rillaboom\n|turn|18\n|\n|t:|1657577665\n|switch|p2a: Corviknight|Corviknight, F|83\/100\n|-ability|p2a: Corviknight|Pressure\n|move|p1a: Rillaboom|Swords Dance|p1a: Rillaboom\n|-boost|p1a: Rillaboom|atk|2\n|\n|-heal|p1a: Rillaboom|38\/100|[from] Grassy Terrain\n|-heal|p1a: Rillaboom|44\/100|[from] item: Leftovers\n|-heal|p2a: Corviknight|89\/100|[from] item: Leftovers\n|upkeep\n|turn|19\n|\n|t:|1657577668\n|move|p1a: Rillaboom|Drain Punch|p2a: Corviknight\n|-damage|p2a: Corviknight|42\/100\n|-heal|p1a: Rillaboom|68\/100|[from] drain|[of] p2a: Corviknight\n|move|p2a: Corviknight|Brave Bird|p1a: Rillaboom\n|-supereffective|p1a: Rillaboom\n|-damage|p1a: Rillaboom|0 fnt\n|faint|p1a: Rillaboom\n|-damage|p2a: Corviknight|20\/100|[from] Recoil\n|\n|-heal|p2a: Corviknight|26\/100|[from] item: Leftovers\n|upkeep\n|\n|t:|1657577677\n|switch|p1a: Kartana|Kartana|84\/100\n|turn|20\n|\n|t:|1657577684\n|move|p1a: Kartana|Knock Off|p2a: Corviknight\n|-damage|p2a: Corviknight|0 fnt\n|-enditem|p2a: Corviknight|Leftovers|[from] move: Knock Off|[of] p1a: Kartana\n|faint|p2a: Corviknight\n|-ability|p1a: Kartana|Beast Boost|boost\n|-boost|p1a: Kartana|atk|1\n|\n|-heal|p1a: Kartana|90\/100|[from] Grassy Terrain\n|upkeep\n|\n|t:|1657577687\n|switch|p2a: Urshifu|Urshifu-Rapid-Strike, M|94\/100\n|turn|21\n|\n|t:|1657577706\n|move|p1a: Kartana|Knock Off|p2a: Urshifu\n|-resisted|p2a: Urshifu\n|-damage|p2a: Urshifu|47\/100\n|-enditem|p2a: Urshifu|Choice Band|[from] move: Knock Off|[of] p1a: Kartana\n|move|p2a: Urshifu|Surging Strikes|p1a: Kartana\n|-resisted|p1a: Kartana\n|-crit|p1a: Kartana\n|-damage|p1a: Kartana|79\/100\n|-resisted|p1a: Kartana\n|-crit|p1a: Kartana\n|-damage|p1a: Kartana|68\/100\n|-resisted|p1a: Kartana\n|-crit|p1a: Kartana\n|-damage|p1a: Kartana|59\/100\n|-hitcount|p1a: Kartana|3\n|\n|-heal|p1a: Kartana|65\/100|[from] Grassy Terrain\n|-heal|p2a: Urshifu|53\/100|[from] Grassy Terrain\n|upkeep\n|turn|22\n|\n|t:|1657577716\n|switch|p1a: Clefable|Clefable, M|96\/100\n|move|p2a: Urshifu|Close Combat|p1a: Clefable\n|-resisted|p1a: Clefable\n|-crit|p1a: Clefable\n|-damage|p1a: Clefable|53\/100\n|-unboost|p2a: Urshifu|def|1\n|-unboost|p2a: Urshifu|spd|1\n|\n|-heal|p2a: Urshifu|59\/100|[from] Grassy Terrain\n|-heal|p1a: Clefable|59\/100|[from] Grassy Terrain\n|-fieldend|move: Grassy Terrain\n|-damage|p2a: Urshifu|47\/100|[from] item: Sticky Barb\n|upkeep\n|turn|23\n|\n|t:|1657577723\n|move|p2a: Urshifu|Surging Strikes|p1a: Clefable\n|-crit|p1a: Clefable\n|-damage|p1a: Clefable|42\/100\n|-crit|p1a: Clefable\n|-damage|p1a: Clefable|24\/100\n|-crit|p1a: Clefable\n|-damage|p1a: Clefable|5\/100\n|-hitcount|p1a: Clefable|3\n|move|p1a: Clefable|Soft-Boiled|p1a: Clefable\n|-heal|p1a: Clefable|55\/100\n|\n|-damage|p2a: Urshifu|35\/100|[from] item: Sticky Barb\n|upkeep\n|turn|24\n|inactive|VivaHonduras has 120 seconds left.\n|inactive|VivaHonduras has 90 seconds left.\n|inactive|VivaHonduras has 60 seconds left.\n|l|\u2606VivaHonduras\n|inactive|VivaHonduras disconnected and has a minute to reconnect!\n|player|p2|\n|inactive|VivaHonduras has 30 seconds to reconnect!\n|j|\u2606VivaHonduras\n|inactive|VivaHonduras reconnected and has 30 seconds left.\n|player|p2|VivaHonduras|scientist-gen4\n|\n|t:|1657577851\n|move|p2a: Urshifu|Surging Strikes|p1a: Clefable\n|-crit|p1a: Clefable\n|-damage|p1a: Clefable|38\/100\n|-crit|p1a: Clefable\n|-damage|p1a: Clefable|20\/100\n|-crit|p1a: Clefable\n|-damage|p1a: Clefable|3\/100\n|-hitcount|p1a: Clefable|3\n|move|p1a: Clefable|Soft-Boiled|p1a: Clefable\n|-heal|p1a: Clefable|53\/100\n|\n|-damage|p2a: Urshifu|22\/100|[from] item: Sticky Barb\n|upkeep\n|turn|25\n|\n|t:|1657577867\n|move|p2a: Urshifu|Surging Strikes|p1a: Clefable\n|-crit|p1a: Clefable\n|-damage|p1a: Clefable|34\/100\n|-crit|p1a: Clefable\n|-damage|p1a: Clefable|15\/100\n|-crit|p1a: Clefable\n|-damage|p1a: Clefable|0 fnt\n|faint|p1a: Clefable\n|-hitcount|p1: Clefable|3\n|\n|-damage|p2a: Urshifu|10\/100|[from] item: Sticky Barb\n|upkeep\n|\n|t:|1657577874\n|switch|p1a: Kartana|Kartana|65\/100\n|turn|26\n|\n|t:|1657577878\n|move|p2a: Urshifu|Aqua Jet|p1a: Kartana\n|-resisted|p1a: Kartana\n|-damage|p1a: Kartana|55\/100\n|move|p1a: Kartana|Leaf Blade|p2a: Urshifu\n|-supereffective|p2a: Urshifu\n|-damage|p2a: Urshifu|0 fnt\n|faint|p2a: Urshifu\n|-ability|p1a: Kartana|Beast Boost|boost\n|-boost|p1a: Kartana|atk|1\n|\n|upkeep\n|\n|t:|1657577881\n|switch|p2a: Alakazam|Alakazam, M|100\/100\n|turn|27\n|inactive|VivaHonduras has 60 seconds left.\n|inactive|VivaHonduras has 30 seconds left.\n|\n|t:|1657577917\n|move|p1a: Kartana|Leaf Blade|p2a: Alakazam\n|-enditem|p2a: Alakazam|Focus Sash\n|-damage|p2a: Alakazam|1\/100\n|move|p2a: Alakazam|Shadow Ball|p1a: Kartana\n|-damage|p1a: Kartana|0 fnt\n|faint|p1a: Kartana\n|\n|win|VivaHonduras\n|raw|PiabloS's rating: 1554 &rarr; <strong>1538<\/strong><br \/>(-16 for losing)\n|raw|VivaHonduras's rating: 1621 &rarr; <strong>1637<\/strong><br \/>(+16 for winning)\n|c|\u2606VivaHonduras|Gg\n||Ladder isn't responding, score probably updated but might not have (Request timeout).\n","uploadtime":1657577929,"views":26,"p1id":"piablos","p2id":"vivahonduras","formatid":"gen8ou","rating":1538,"private":0,"password":null}