{"id":"gen8ou-1118795308","p1":"outz clail","p2":"Burnt Bright","format":"gen8ou","log":"|j|\u2606outz clail\n|j|\u2606Burnt Bright\n|player|p1|outz clail|2|1761\n|player|p2|Burnt Bright|266|1742\n|teamsize|p1|6\n|teamsize|p2|6\n|gametype|singles\n|gen|8\n|tier|[Gen 8] OU\n|rated|\n|html|<div class=\"broadcast-blue\"><strong>OU is currently suspecting Dracovish! For information on how to participate check out the <a href=\"https:\/\/www.smogon.com\/forums\/threads\/3664521\/\">suspect thread<\/a>.<\/strong><\/div>\n|clearpoke\n|poke|p1|Aegislash, F|\n|poke|p1|Hippowdon, M|\n|poke|p1|Excadrill, M|\n|poke|p1|Keldeo-Resolute|\n|poke|p1|Togekiss, M|\n|poke|p1|Seismitoad, M|\n|poke|p2|Zeraora|\n|poke|p2|Aegislash, M|\n|poke|p2|Seismitoad, F|\n|poke|p2|Mandibuzz, F|\n|poke|p2|Arcanine, F|\n|poke|p2|Kyurem|\n|rule|Sleep Clause Mod: Limit one foe put to sleep\n|rule|Species Clause: Limit one of each Pok\u00e9mon\n|rule|OHKO Clause: OHKO moves are banned\n|rule|Evasion Moves Clause: Evasion moves are banned\n|rule|Endless Battle Clause: Forcing endless battles is banned\n|rule|HP Percentage Mod: HP is shown in percentages\n|rule|Dynamax Clause: You cannot dynamax\n|teampreview\n|j| Panic! Ploy!\n|\n|start\n|switch|p1a: Keldeo|Keldeo-Resolute|100\/100\n|switch|p2a: Kyurem|Kyurem|100\/100\n|-ability|p2a: Kyurem|Pressure\n|turn|1\n|j| fluffy cows\n|\n|switch|p2a: Aegislash|Aegislash, M|100\/100\n|move|p1a: Keldeo|Focus Blast|p2a: Aegislash\n|-immune|p2a: Aegislash\n|\n|upkeep\n|turn|2\n|j| sizes\n|\n|switch|p1a: Hippowdon|Hippowdon, M|100\/100\n|-weather|Sandstorm|[from] ability: Sand Stream|[of] p1a: Hippowdon\n|-formechange|p2a: Aegislash|Aegislash-Blade||[from] ability: Stance Change\n|move|p2a: Aegislash|Shadow Ball|p1a: Hippowdon\n|-damage|p1a: Hippowdon|45\/100\n|-unboost|p1a: Hippowdon|spd|1\n|\n|-weather|Sandstorm|[upkeep]\n|upkeep\n|turn|3\n|\n|switch|p1a: Togekiss|Togekiss, M|100\/100\n|move|p2a: Aegislash|Shadow Ball|p1a: Togekiss\n|-damage|p1a: Togekiss|61\/100\n|\n|-weather|Sandstorm|[upkeep]\n|-damage|p1a: Togekiss|55\/100|[from] Sandstorm\n|-heal|p1a: Togekiss|61\/100|[from] item: Leftovers\n|upkeep\n|turn|4\n|\n|switch|p1a: Excadrill|Excadrill, M|100\/100\n|switch|p2a: Kyurem|Kyurem|100\/100\n|-ability|p2a: Kyurem|Pressure\n|\n|-weather|Sandstorm|[upkeep]\n|-damage|p2a: Kyurem|94\/100|[from] Sandstorm\n|upkeep\n|turn|5\n|j| tapu moxo\n|\n|switch|p2a: Mandibuzz|Mandibuzz, F|100\/100\n|move|p1a: Excadrill|Swords Dance|p1a: Excadrill\n|-boost|p1a: Excadrill|atk|2\n|\n|-weather|Sandstorm|[upkeep]\n|upkeep\n|turn|6\n|\n|move|p1a: Excadrill|Rock Slide|p2a: Mandibuzz\n|-supereffective|p2a: Mandibuzz\n|-damage|p2a: Mandibuzz|17\/100\n|cant|p2a: Mandibuzz|flinch\n|\n|-weather|Sandstorm|[upkeep]\n|upkeep\n|turn|7\n|l| tapu moxo\n|\n|switch|p2a: Aegislash|Aegislash, M|100\/100\n|move|p1a: Excadrill|Iron Head|p2a: Aegislash\n|-resisted|p2a: Aegislash\n|-damage|p2a: Aegislash|62\/100\n|\n|-weather|Sandstorm|[upkeep]\n|upkeep\n|turn|8\n|\n|switch|p2a: Arcanine|Arcanine, F|100\/100\n|-ability|p2a: Arcanine|Intimidate|boost\n|-unboost|p1a: Excadrill|atk|1\n|move|p1a: Excadrill|Earthquake|p2a: Arcanine\n|-supereffective|p2a: Arcanine\n|-damage|p2a: Arcanine|0 fnt\n|faint|p2a: Arcanine\n|\n|-weather|Sandstorm|[upkeep]\n|upkeep\n|\n|switch|p2a: Seismitoad|Seismitoad, F|100\/100\n|turn|9\n|\n|switch|p1a: Seismitoad|Seismitoad, M|100\/100\n|move|p2a: Seismitoad|Scald|p1a: Seismitoad\n|-immune|p1a: Seismitoad|[from] ability: Water Absorb\n|\n|-weather|none\n|upkeep\n|turn|10\n|j| Jolextest2\n|\n|move|p1a: Seismitoad|Grass Knot|p2a: Seismitoad\n|-supereffective|p2a: Seismitoad\n|-damage|p2a: Seismitoad|0 fnt\n|faint|p2a: Seismitoad\n|\n|upkeep\n|\n|switch|p2a: Kyurem|Kyurem|94\/100\n|-ability|p2a: Kyurem|Pressure\n|turn|11\n|\n|switch|p1a: Aegislash|Aegislash, F|100\/100\n|-item|p1a: Aegislash|Air Balloon\n|move|p2a: Kyurem|Earth Power|p1a: Aegislash\n|-immune|p1a: Aegislash\n|\n|upkeep\n|turn|12\n|-message|Burnt Bright forfeited.\n|\n|win|outz clail\n|l|\u2606Burnt Bright\n|l|\u2606outz clail\n|l| sizes\n||Ladder (probably) updated, but score could not be retrieved (Response not received).\n|j| sizes\n","uploadtime":1590082981,"views":25,"p1id":"outzclail","p2id":"burntbright","formatid":"gen8ou","rating":0,"private":0,"password":null}