{"id":"gen8bdspou-1484411248","p1":"Alu9204","p2":"Buhrito","format":"gen8bdspou","log":"|j|\u2606Alu9204\n|j|\u2606Buhrito\n|t:|1641189426\n|gametype|singles\n|player|p1|Alu9204|burglar|1414\n|player|p2|Buhrito|birdkeeper-gen3rs|1651\n|teamsize|p1|6\n|teamsize|p2|6\n|gen|8\n|tier|[Gen 8 BDSP] OU\n|rated|\n|rule|Sleep Clause Mod: Limit one foe put to sleep\n|rule|Species Clause: Limit one of each Pok\u00e9mon\n|rule|OHKO Clause: OHKO moves are banned\n|rule|Evasion Moves Clause: Evasion moves are banned\n|rule|Endless Battle Clause: Forcing endless battles is banned\n|rule|HP Percentage Mod: HP is shown in percentages\n|clearpoke\n|poke|p1|Breloom, M|\n|poke|p1|Latios, M|\n|poke|p1|Rotom-Wash|\n|poke|p1|Scizor, M|\n|poke|p1|Feraligatr, F|\n|poke|p1|Gengar, M|\n|poke|p2|Mamoswine, M|\n|poke|p2|Scizor, M|\n|poke|p2|Jirachi|\n|poke|p2|Rotom-Wash|\n|poke|p2|Tyranitar, M|\n|poke|p2|Starmie|\n|teampreview\n|inactive|Battle timer is ON: inactive players will automatically lose when time's up. (requested by Buhrito)\n|\n|t:|1641189453\n|start\n|switch|p1a: Breloom|Breloom, M|100\/100\n|switch|p2a: Scizor|Scizor, M|100\/100\n|turn|1\n|\n|t:|1641189461\n|move|p2a: Scizor|Bullet Punch|p1a: Breloom\n|-damage|p1a: Breloom|60\/100\n|move|p1a: Breloom|Spore|p2a: Scizor\n|-status|p2a: Scizor|slp|[from] move: Spore\n|\n|upkeep\n|turn|2\n|\n|t:|1641189474\n|move|p1a: Breloom|Swords Dance|p1a: Breloom\n|-boost|p1a: Breloom|atk|2\n|cant|p2a: Scizor|slp\n|\n|upkeep\n|turn|3\n|\n|t:|1641189476\n|move|p1a: Breloom|Mach Punch|p2a: Scizor\n|-damage|p2a: Scizor|54\/100 slp\n|cant|p2a: Scizor|slp\n|\n|-heal|p2a: Scizor|60\/100 slp|[from] item: Leftovers\n|upkeep\n|turn|4\n|j| Aer Faer\n|\n|t:|1641189482\n|switch|p2a: Jirachi|Jirachi|100\/100\n|move|p1a: Breloom|Mach Punch|p2a: Jirachi\n|-damage|p2a: Jirachi|45\/100\n|\n|-heal|p2a: Jirachi|51\/100|[from] item: Leftovers\n|upkeep\n|turn|5\n|\n|t:|1641189487\n|move|p2a: Jirachi|Protect|p2a: Jirachi\n|-singleturn|p2a: Jirachi|Protect\n|move|p1a: Breloom|Mach Punch|p2a: Jirachi\n|-activate|p2a: Jirachi|move: Protect\n|\n|-heal|p2a: Jirachi|57\/100|[from] item: Leftovers\n|upkeep\n|turn|6\n|\n|t:|1641189494\n|move|p1a: Breloom|Mach Punch|p2a: Jirachi\n|-damage|p2a: Jirachi|6\/100\n|move|p2a: Jirachi|Doom Desire|p1a: Breloom\n|-start|p2a: Jirachi|Doom Desire\n|\n|-heal|p2a: Jirachi|12\/100|[from] item: Leftovers\n|upkeep\n|turn|7\n|\n|t:|1641189501\n|move|p2a: Jirachi|Protect|p2a: Jirachi\n|-singleturn|p2a: Jirachi|Protect\n|move|p1a: Breloom|Swords Dance|p1a: Breloom\n|-boost|p1a: Breloom|atk|2\n|\n|-heal|p2a: Jirachi|18\/100|[from] item: Leftovers\n|upkeep\n|turn|8\n|\n|t:|1641189504\n|move|p1a: Breloom|Mach Punch|p2a: Jirachi\n|-damage|p2a: Jirachi|0 fnt\n|faint|p2a: Jirachi\n|\n|-end|p1a: Breloom|move: Doom Desire\n|-damage|p1a: Breloom|0 fnt\n|faint|p1a: Breloom\n|upkeep\n|\n|t:|1641189515\n|switch|p1a: Rotom|Rotom-Wash|100\/100\n|switch|p2a: Scizor|Scizor, M|60\/100 slp\n|turn|9\n|\n|t:|1641189529\n|switch|p2a: Mamoswine|Mamoswine, M|100\/100\n|move|p1a: Rotom|Hydro Pump|p2a: Mamoswine\n|-supereffective|p2a: Mamoswine\n|-damage|p2a: Mamoswine|0 fnt\n|faint|p2a: Mamoswine\n|\n|upkeep\n|\n|t:|1641189534\n|switch|p2a: Rotom|Rotom-Wash|100\/100\n|turn|10\n|\n|t:|1641189544\n|move|p1a: Rotom|Volt Switch|p2a: Rotom\n|-damage|p2a: Rotom|75\/100\n|\n|t:|1641189547\n|switch|p1a: Latios|Latios, M|100\/100|[from]move: Volt Switch\n|move|p2a: Rotom|Will-O-Wisp|p1a: Latios|[miss]\n|-miss|p2a: Rotom|p1a: Latios\n|\n|-heal|p2a: Rotom|82\/100|[from] item: Leftovers\n|upkeep\n|turn|11\n|\n|t:|1641189557\n|switch|p2a: Scizor|Scizor, M|60\/100 slp\n|move|p1a: Latios|Reflect|p1a: Latios\n|-sidestart|p1: Alu9204|Reflect\n|\n|-heal|p2a: Scizor|66\/100 slp|[from] item: Leftovers\n|upkeep\n|turn|12\n|\n|t:|1641189564\n|move|p1a: Latios|Light Screen|p1a: Latios\n|-sidestart|p1: Alu9204|move: Light Screen\n|cant|p2a: Scizor|slp\n|\n|-heal|p2a: Scizor|73\/100 slp|[from] item: Leftovers\n|upkeep\n|turn|13\n|\n|t:|1641189573\n|switch|p1a: Scizor|Scizor, M|100\/100\n|-curestatus|p2a: Scizor|slp|[msg]\n|move|p2a: Scizor|Swords Dance|p2a: Scizor\n|-boost|p2a: Scizor|atk|2\n|\n|-heal|p2a: Scizor|79\/100|[from] item: Leftovers\n|upkeep\n|turn|14\n|\n|t:|1641189579\n|move|p1a: Scizor|Swords Dance|p1a: Scizor\n|-boost|p1a: Scizor|atk|2\n|move|p2a: Scizor|Swords Dance|p2a: Scizor\n|-boost|p2a: Scizor|atk|2\n|\n|-heal|p2a: Scizor|85\/100|[from] item: Leftovers\n|upkeep\n|turn|15\n|\n|t:|1641189588\n|move|p1a: Scizor|Brick Break|p2a: Scizor\n|-damage|p2a: Scizor|22\/100\n|-damage|p1a: Scizor|91\/100|[from] item: Life Orb\n|move|p2a: Scizor|Swords Dance|p2a: Scizor\n|-boost|p2a: Scizor|atk|2\n|\n|-heal|p2a: Scizor|28\/100|[from] item: Leftovers\n|upkeep\n|turn|16\n|\n|t:|1641189592\n|move|p1a: Scizor|Brick Break|p2a: Scizor\n|-damage|p2a: Scizor|0 fnt\n|faint|p2a: Scizor\n|-damage|p1a: Scizor|81\/100|[from] item: Life Orb\n|\n|upkeep\n|\n|t:|1641189597\n|switch|p2a: Rotom|Rotom-Wash|82\/100\n|turn|17\n|\n|t:|1641189612\n|move|p1a: Scizor|Quick Attack|p2a: Rotom\n|-damage|p2a: Rotom|36\/100\n|-damage|p1a: Scizor|71\/100|[from] item: Life Orb\n|move|p2a: Rotom|Will-O-Wisp|p1a: Scizor|[miss]\n|-miss|p2a: Rotom|p1a: Scizor\n|\n|-heal|p2a: Rotom|43\/100|[from] item: Leftovers\n|upkeep\n|turn|18\n|-message|Buhrito forfeited.\n|\n|win|Alu9204\n|raw|Alu9204's rating: 1414 &rarr; <strong>1446<\/strong><br \/>(+32 for winning)\n|raw|Buhrito's rating: 1651 &rarr; <strong>1619<\/strong><br \/>(-32 for losing)\n|l|\u2606Buhrito\n","uploadtime":1641189623,"views":21,"p1id":"alu9204","p2id":"buhrito","formatid":"gen8bdspou","rating":1446,"private":0,"password":null}