{"id":"gen8ou-1699957588","p1":"Flopz","p2":"Shinjou Akane","format":"gen8ou","log":"|j|\u2606Flopz\n|j|\u2606Shinjou Akane\n|t:|1667298352\n|gametype|singles\n|player|p1|Flopz|2|1522\n|player|p2|Shinjou Akane|lillie-masters|1631\n|teamsize|p1|6\n|teamsize|p2|6\n|gen|8\n|tier|[Gen 8] OU\n|rated|\n|rule|Sleep Clause Mod: Limit one foe put to sleep\n|rule|Species Clause: Limit one of each Pok\u00e9mon\n|rule|OHKO Clause: OHKO moves are banned\n|rule|Evasion Items Clause: Evasion items are banned\n|rule|Evasion Moves Clause: Evasion moves are banned\n|rule|Endless Battle Clause: Forcing endless battles is banned\n|rule|HP Percentage Mod: HP is shown in percentages\n|rule|Dynamax Clause: You cannot dynamax\n|clearpoke\n|poke|p1|Nidoking, M|\n|poke|p1|Hydreigon, M|\n|poke|p1|Melmetal|\n|poke|p1|Volcarona, M|\n|poke|p1|Urshifu-*, M|\n|poke|p1|Dragapult, M|\n|poke|p2|Tapu Lele|\n|poke|p2|Blacephalon|\n|poke|p2|Tyranitar, M|\n|poke|p2|Landorus-Therian, M|\n|poke|p2|Corviknight, M|\n|poke|p2|Toxapex, M|\n|teampreview\n|\n|t:|1667298365\n|start\n|switch|p1a: Nidoking|Nidoking, M|100\/100\n|switch|p2a: Tapu Lele|Tapu Lele|100\/100\n|-fieldstart|move: Psychic Terrain|[from] ability: Psychic Surge|[of] p2a: Tapu Lele\n|turn|1\n|\n|t:|1667298381\n|switch|p1a: Hydreigon|Hydreigon, M|100\/100\n|move|p2a: Tapu Lele|Future Sight|p1a: Hydreigon\n|-start|p2a: Tapu Lele|move: Future Sight\n|\n|upkeep\n|turn|2\n|inactive|Battle timer is ON: inactive players will automatically lose when time's up. (requested by Flopz)\n|\n|t:|1667298398\n|switch|p2a: Tyranitar|Tyranitar, M|100\/100\n|-weather|Sandstorm|[from] ability: Sand Stream|[of] p2a: Tyranitar\n|move|p1a: Hydreigon|Earth Power|p2a: Tyranitar\n|-supereffective|p2a: Tyranitar\n|-damage|p2a: Tyranitar|62\/100\n|\n|-weather|Sandstorm|[upkeep]\n|-damage|p1a: Hydreigon|94\/100|[from] Sandstorm\n|upkeep\n|turn|3\n|\n|t:|1667298407\n|move|p1a: Hydreigon|Earth Power|p2a: Tyranitar\n|-supereffective|p2a: Tyranitar\n|-damage|p2a: Tyranitar|23\/100\n|move|p2a: Tyranitar|Stone Edge|p1a: Hydreigon\n|-damage|p1a: Hydreigon|0 fnt\n|faint|p1a: Hydreigon\n|\n|-weather|Sandstorm|[upkeep]\n|-hint|Future Sight did not hit because the target is fainted.\n|upkeep\n|l|\u2606Shinjou Akane\n|inactive|Shinjou Akane disconnected and has a minute to reconnect!\n|player|p2|\n|j| TreeWatching\n|\n|t:|1667298425\n|switch|p1a: Nidoking|Nidoking, M|100\/100\n|turn|4\n|inactive|Shinjou Akane has 30 seconds to reconnect!\n|j|\u2606Shinjou Akane\n|inactive|Shinjou Akane reconnected and has 120 seconds left.\n|player|p2|Shinjou Akane|lillie-masters\n|\n|t:|1667298465\n|move|p1a: Nidoking|Stealth Rock|p2a: Tyranitar\n|-sidestart|p2: Shinjou Akane|move: Stealth Rock\n|move|p2a: Tyranitar|Stone Edge|p1a: Nidoking\n|-resisted|p1a: Nidoking\n|-damage|p1a: Nidoking|43\/100\n|\n|-weather|Sandstorm|[upkeep]\n|upkeep\n|turn|5\n|inactive|Shinjou Akane has 120 seconds left.\n|\n|t:|1667298484\n|move|p1a: Nidoking|Earth Power|p2a: Tyranitar\n|-supereffective|p2a: Tyranitar\n|-damage|p2a: Tyranitar|0 fnt\n|faint|p2a: Tyranitar\n|\n|-weather|Sandstorm|[upkeep]\n|-fieldend|move: Psychic Terrain\n|upkeep\n|\n|t:|1667298489\n|switch|p2a: Blacephalon|Blacephalon|100\/100\n|-damage|p2a: Blacephalon|76\/100|[from] Stealth Rock\n|turn|6\n|\n|t:|1667298503\n|switch|p1a: Urshifu|Urshifu-Rapid-Strike, M|100\/100\n|move|p2a: Blacephalon|Shadow Ball|p1a: Urshifu\n|-damage|p1a: Urshifu|0 fnt\n|faint|p1a: Urshifu\n|-ability|p2a: Blacephalon|Beast Boost|boost\n|-boost|p2a: Blacephalon|spa|1\n|\n|-weather|none\n|upkeep\n|\n|t:|1667298514\n|switch|p1a: Dragapult|Dragapult, M|100\/100\n|turn|7\n|\n|t:|1667298520\n|switch|p2a: Toxapex|Toxapex, M|100\/100\n|-damage|p2a: Toxapex|88\/100|[from] Stealth Rock\n|move|p1a: Dragapult|Shadow Ball|p2a: Toxapex\n|-damage|p2a: Toxapex|46\/100\n|\n|upkeep\n|turn|8\n|\n|t:|1667298532\n|move|p1a: Dragapult|Shadow Ball|p2a: Toxapex\n|-damage|p2a: Toxapex|2\/100\n|move|p2a: Toxapex|Recover|p2a: Toxapex\n|-heal|p2a: Toxapex|53\/100\n|\n|upkeep\n|turn|9\n|\n|t:|1667298549\n|switch|p1a: Melmetal|Melmetal|100\/100\n|move|p2a: Toxapex|Knock Off|p1a: Melmetal\n|-damage|p1a: Melmetal|92\/100\n|-enditem|p1a: Melmetal|Protective Pads|[from] move: Knock Off|[of] p2a: Toxapex\n|\n|upkeep\n|turn|10\n|\n|t:|1667298557\n|switch|p2a: Corviknight|Corviknight, M|100\/100\n|-damage|p2a: Corviknight|88\/100|[from] Stealth Rock\n|-ability|p2a: Corviknight|Pressure\n|move|p1a: Melmetal|Thunder Wave|p2a: Corviknight\n|-status|p2a: Corviknight|par\n|\n|upkeep\n|turn|11\n|\n|t:|1667298565\n|move|p1a: Melmetal|Thunder Punch|p2a: Corviknight\n|-supereffective|p2a: Corviknight\n|-damage|p2a: Corviknight|44\/100 par\n|-damage|p1a: Melmetal|76\/100|[from] item: Rocky Helmet|[of] p2a: Corviknight\n|move|p2a: Corviknight|Defog|p1a: Melmetal\n|-unboost|p1a: Melmetal|evasion|1\n|-sideend|p2: Shinjou Akane|Stealth Rock|[from] move: Defog|[of] p2a: Corviknight\n|\n|upkeep\n|turn|12\n|\n|t:|1667298573\n|move|p1a: Melmetal|Double Iron Bash|p2a: Corviknight\n|-resisted|p2a: Corviknight\n|-damage|p2a: Corviknight|31\/100 par\n|-damage|p1a: Melmetal|59\/100|[from] item: Rocky Helmet|[of] p2a: Corviknight\n|-resisted|p2a: Corviknight\n|-damage|p2a: Corviknight|18\/100 par\n|-damage|p1a: Melmetal|43\/100|[from] item: Rocky Helmet|[of] p2a: Corviknight\n|-hitcount|p2a: Corviknight|2\n|cant|p2a: Corviknight|flinch\n|\n|upkeep\n|turn|13\n|\n|t:|1667298583\n|move|p1a: Melmetal|Double Iron Bash|p2a: Corviknight\n|-resisted|p2a: Corviknight\n|-damage|p2a: Corviknight|3\/100 par\n|-damage|p1a: Melmetal|26\/100|[from] item: Rocky Helmet|[of] p2a: Corviknight\n|-resisted|p2a: Corviknight\n|-damage|p2a: Corviknight|0 fnt\n|-damage|p1a: Melmetal|10\/100|[from] item: Rocky Helmet|[of] p2a: Corviknight\n|faint|p2a: Corviknight\n|-hitcount|p2: Corviknight|2\n|\n|upkeep\n|\n|t:|1667298586\n|switch|p2a: Blacephalon|Blacephalon|76\/100\n|turn|14\n|\n|t:|1667298596\n|move|p2a: Blacephalon|Shadow Ball|p1a: Melmetal\n|-damage|p1a: Melmetal|0 fnt\n|faint|p1a: Melmetal\n|-ability|p2a: Blacephalon|Beast Boost|boost\n|-boost|p2a: Blacephalon|spa|1\n|\n|upkeep\n|\n|t:|1667298603\n|switch|p1a: Dragapult|Dragapult, M|100\/100\n|turn|15\n|\n|t:|1667298608\n|switch|p2a: Toxapex|Toxapex, M|86\/100\n|move|p1a: Dragapult|Shadow Ball|p2a: Toxapex\n|-damage|p2a: Toxapex|40\/100\n|\n|upkeep\n|turn|16\n|\n|t:|1667298613\n|move|p1a: Dragapult|Shadow Ball|p2a: Toxapex\n|-damage|p2a: Toxapex|0 fnt\n|faint|p2a: Toxapex\n|\n|upkeep\n|\n|t:|1667298615\n|switch|p2a: Landorus|Landorus-Therian, M|100\/100\n|-ability|p2a: Landorus|Intimidate|boost\n|-unboost|p1a: Dragapult|atk|1\n|turn|17\n|\n|t:|1667298627\n|switch|p1a: Hestia|Volcarona, M|100\/100\n|move|p2a: Landorus|Knock Off|p1a: Hestia\n|-damage|p1a: Hestia|51\/100\n|-enditem|p1a: Hestia|Heavy-Duty Boots|[from] move: Knock Off|[of] p2a: Landorus\n|\n|upkeep\n|turn|18\n|\n|t:|1667298635\n|move|p1a: Hestia|Flamethrower|p2a: Landorus\n|-damage|p2a: Landorus|55\/100\n|move|p2a: Landorus|Earthquake|p1a: Hestia\n|-damage|p1a: Hestia|0 fnt\n|faint|p1a: Hestia\n|\n|-heal|p2a: Landorus|61\/100|[from] item: Leftovers\n|upkeep\n|l| TreeWatching\n|\n|t:|1667298654\n|switch|p1a: Nidoking|Nidoking, M|43\/100\n|turn|19\n|\n|t:|1667298660\n|move|p1a: Nidoking|Ice Beam|p2a: Landorus\n|-supereffective|p2a: Landorus\n|-damage|p2a: Landorus|0 fnt\n|faint|p2a: Landorus\n|\n|upkeep\n|\n|t:|1667298663\n|switch|p2a: Blacephalon|Blacephalon|76\/100\n|turn|20\n|\n|t:|1667298667\n|move|p2a: Blacephalon|Shadow Ball|p1a: Nidoking\n|-damage|p1a: Nidoking|0 fnt\n|faint|p1a: Nidoking\n|-ability|p2a: Blacephalon|Beast Boost|boost\n|-boost|p2a: Blacephalon|spa|1\n|\n|upkeep\n|\n|t:|1667298672\n|switch|p1a: Dragapult|Dragapult, M|100\/100\n|turn|21\n|\n|t:|1667298675\n|move|p1a: Dragapult|Shadow Ball|p2a: Blacephalon\n|-supereffective|p2a: Blacephalon\n|-damage|p2a: Blacephalon|0 fnt\n|faint|p2a: Blacephalon\n|\n|upkeep\n|\n|t:|1667298678\n|switch|p2a: Tapu Lele|Tapu Lele|100\/100\n|-fieldstart|move: Psychic Terrain|[from] ability: Psychic Surge|[of] p2a: Tapu Lele\n|turn|22\n|\n|t:|1667298682\n|move|p2a: Tapu Lele|Moonblast|p1a: Dragapult\n|-supereffective|p1a: Dragapult\n|-damage|p1a: Dragapult|0 fnt\n|faint|p1a: Dragapult\n|\n|win|Shinjou Akane\n|raw|Flopz's rating: 1522 &rarr; <strong>1508<\/strong><br \/>(-14 for losing)\n|raw|Shinjou Akane's rating: 1631 &rarr; <strong>1645<\/strong><br \/>(+14 for winning)\n|c|\u2606Flopz|gg\n|l|\u2606Flopz\n|c|\u2606Shinjou Akane|gg\n","uploadtime":1667298688,"views":15,"p1id":"flopz","p2id":"shinjouakane","formatid":"gen8ou","rating":1508,"private":0,"password":null}