{"id":"gen8ou-1498367478","p1":"Igotthegat","p2":"Dickess","format":"gen8ou","log":"|j|\u2606Igotthegat\n|j|\u2606Dickess\n|t:|1643143280\n|gametype|singles\n|player|p1|Igotthegat|hilda|1264\n|player|p2|Dickess|2|1307\n|teamsize|p1|6\n|teamsize|p2|6\n|gen|8\n|tier|[Gen 8] OU\n|rated|\n|rule|Sleep Clause Mod: Limit one foe put to sleep\n|rule|Species Clause: Limit one of each Pok\u00e9mon\n|rule|OHKO Clause: OHKO moves are banned\n|rule|Evasion Moves Clause: Evasion moves are banned\n|rule|Endless Battle Clause: Forcing endless battles is banned\n|rule|HP Percentage Mod: HP is shown in percentages\n|rule|Dynamax Clause: You cannot dynamax\n|clearpoke\n|poke|p1|Landorus-Therian, M|\n|poke|p1|Slowbro, M|\n|poke|p1|Volcarona, F|\n|poke|p1|Bisharp, F|\n|poke|p1|Kartana|\n|poke|p1|Tapu Fini|\n|poke|p2|Flygon, F|\n|poke|p2|Celesteela|\n|poke|p2|Clefable, M|\n|poke|p2|Zapdos-Galar|\n|poke|p2|Toxapex, F|\n|poke|p2|Regieleki|\n|teampreview\n|inactive|Battle timer is ON: inactive players will automatically lose when time's up. (requested by Dickess)\n|\n|t:|1643143287\n|start\n|switch|p1a: Landorus|Landorus-Therian, M|100\/100\n|switch|p2a: Celesteela|Celesteela|100\/100\n|-ability|p1a: Landorus|Intimidate|boost\n|-unboost|p2a: Celesteela|atk|1\n|turn|1\n|\n|t:|1643143296\n|move|p1a: Landorus|Knock Off|p2a: Celesteela\n|-damage|p2a: Celesteela|76\/100\n|-enditem|p2a: Celesteela|Assault Vest|[from] move: Knock Off|[of] p1a: Landorus\n|move|p2a: Celesteela|Heavy Slam|p1a: Landorus\n|-damage|p1a: Landorus|71\/100\n|\n|-heal|p1a: Landorus|77\/100|[from] item: Leftovers\n|upkeep\n|turn|2\n|\n|t:|1643143310\n|move|p1a: Landorus|Stealth Rock|p2a: Celesteela\n|-sidestart|p2: Dickess|move: Stealth Rock\n|move|p2a: Celesteela|Stone Edge|p1a: Landorus\n|-damage|p1a: Landorus|62\/100\n|\n|-heal|p1a: Landorus|68\/100|[from] item: Leftovers\n|upkeep\n|turn|3\n|\n|t:|1643143321\n|switch|p2a: Clefable|Clefable, M|100\/100\n|move|p1a: Landorus|U-turn|p2a: Clefable\n|-resisted|p2a: Clefable\n|-damage|p2a: Clefable|89\/100\n|\n|t:|1643143327\n|switch|p1a: Bisharp|Bisharp, F|100\/100|[from]move: U-turn\n|\n|upkeep\n|turn|4\n|\n|t:|1643143337\n|move|p1a: Bisharp|Knock Off|p2a: Clefable\n|-resisted|p2a: Clefable\n|-damage|p2a: Clefable|59\/100\n|-enditem|p2a: Clefable|Sticky Barb|[from] move: Knock Off|[of] p1a: Bisharp\n|move|p2a: Clefable|Trick|p1a: Bisharp\n|-activate|p2a: Clefable|move: Trick|[of] p1a: Bisharp\n|-enditem|p1a: Bisharp|Focus Sash|[silent]|[from] move: Trick\n|-item|p2a: Clefable|Focus Sash|[from] move: Trick\n|\n|upkeep\n|turn|5\n|\n|t:|1643143350\n|switch|p2a: Toxapex|Toxapex, F|100\/100\n|-damage|p2a: Toxapex|88\/100|[from] Stealth Rock\n|move|p1a: Bisharp|Iron Head|p2a: Toxapex\n|-resisted|p2a: Toxapex\n|-damage|p2a: Toxapex|74\/100\n|-damage|p1a: Bisharp|84\/100|[from] item: Rocky Helmet|[of] p2a: Toxapex\n|\n|upkeep\n|turn|6\n|\n|t:|1643143360\n|move|p1a: Bisharp|Knock Off|p2a: Toxapex\n|-damage|p2a: Toxapex|44\/100\n|-damage|p1a: Bisharp|67\/100|[from] item: Rocky Helmet|[of] p2a: Toxapex\n|-enditem|p2a: Toxapex|Rocky Helmet|[from] move: Knock Off|[of] p1a: Bisharp\n|move|p2a: Toxapex|Toxic Spikes|p1a: Bisharp\n|-sidestart|p1: Igotthegat|move: Toxic Spikes\n|\n|upkeep\n|turn|7\n|\n|t:|1643143368\n|move|p1a: Bisharp|Swords Dance|p1a: Bisharp\n|-boost|p1a: Bisharp|atk|2\n|move|p2a: Toxapex|Recover|p2a: Toxapex\n|-heal|p2a: Toxapex|94\/100\n|\n|upkeep\n|turn|8\n|\n|t:|1643143374\n|move|p1a: Bisharp|Swords Dance|p1a: Bisharp\n|-boost|p1a: Bisharp|atk|2\n|move|p2a: Toxapex|Toxic Spikes|p1a: Bisharp\n|-sidestart|p1: Igotthegat|move: Toxic Spikes\n|\n|upkeep\n|turn|9\n|\n|t:|1643143382\n|move|p1a: Bisharp|Swords Dance|p1a: Bisharp\n|-boost|p1a: Bisharp|atk|2\n|move|p2a: Toxapex|Knock Off|p1a: Bisharp\n|-resisted|p1a: Bisharp\n|-damage|p1a: Bisharp|62\/100\n|\n|upkeep\n|turn|10\n|\n|t:|1643143390\n|move|p1a: Bisharp|Knock Off|p2a: Toxapex\n|-damage|p2a: Toxapex|14\/100\n|move|p2a: Toxapex|Knock Off|p1a: Bisharp\n|-resisted|p1a: Bisharp\n|-damage|p1a: Bisharp|56\/100\n|\n|upkeep\n|turn|11\n|\n|t:|1643143397\n|move|p1a: Bisharp|Knock Off|p2a: Toxapex\n|-damage|p2a: Toxapex|0 fnt\n|faint|p2a: Toxapex\n|\n|upkeep\n|\n|t:|1643143400\n|switch|p2a: Zapdos|Zapdos-Galar|100\/100\n|-damage|p2a: Zapdos|88\/100|[from] Stealth Rock\n|turn|12\n|\n|t:|1643143405\n|move|p1a: Bisharp|Sucker Punch|p2a: Zapdos\n|-resisted|p2a: Zapdos\n|-damage|p2a: Zapdos|0 fnt\n|faint|p2a: Zapdos\n|\n|upkeep\n|\n|t:|1643143416\n|switch|p2a: Flygon|Flygon, F|100\/100\n|-damage|p2a: Flygon|95\/100|[from] Stealth Rock\n|turn|13\n|\n|t:|1643143420\n|move|p1a: Bisharp|Sucker Punch|p2a: Flygon\n|-damage|p2a: Flygon|0 fnt\n|faint|p2a: Flygon\n|\n|upkeep\n|-message|Dickess forfeited.\n|\n|win|Igotthegat\n|raw|Igotthegat's rating: 1264 &rarr; <strong>1292<\/strong><br \/>(+28 for winning)\n|raw|Dickess's rating: 1307 &rarr; <strong>1285<\/strong><br \/>(-22 for losing)\n|l|\u2606Dickess\n","uploadtime":1643143433,"views":17,"p1id":"igotthegat","p2id":"dickess","formatid":"gen8ou","rating":1285,"private":0,"password":null}