{"id":"gen8ou-1691000470","p1":"cows123p","p2":"AdrianVG","format":"gen8ou","log":"|html|<div class=\"broadcast-blue\"><strong>[Gen 8] OU is currently suspecting Melmetal! For information on how to participate check out the <a href=\"https:\/\/www.smogon.com\/forums\/threads\/np-ss-ou-suspect-process-round-12-monster-mash.3709234\/\">suspect thread<\/a>.<\/strong><\/div>\n|j|\u2606cows123p\n|j|\u2606AdrianVG\n|t:|1666327811\n|gametype|singles\n|player|p1|cows123p|twins-gen4dp|1548\n|player|p2|AdrianVG|102|1514\n|teamsize|p1|6\n|teamsize|p2|6\n|gen|8\n|tier|[Gen 8] OU\n|rated|\n|rule|Sleep Clause Mod: Limit one foe put to sleep\n|rule|Species Clause: Limit one of each Pok\u00e9mon\n|rule|OHKO Clause: OHKO moves are banned\n|rule|Evasion Items Clause: Evasion items are banned\n|rule|Evasion Moves Clause: Evasion moves are banned\n|rule|Endless Battle Clause: Forcing endless battles is banned\n|rule|HP Percentage Mod: HP is shown in percentages\n|rule|Dynamax Clause: You cannot dynamax\n|clearpoke\n|poke|p1|Diggersby, M|\n|poke|p1|Tapu Lele|\n|poke|p1|Ribombee, M|\n|poke|p1|Urshifu-*, M|\n|poke|p1|Heatran, M|\n|poke|p1|Kartana|\n|poke|p2|Tornadus-Therian, M|\n|poke|p2|Bisharp, M|\n|poke|p2|Rillaboom, M|\n|poke|p2|Victini|\n|poke|p2|Swampert, M|\n|poke|p2|Gengar, M|\n|teampreview\n|\n|t:|1666327854\n|start\n|switch|p1a: Ribombee|Ribombee, M|100\/100\n|switch|p2a: Bisharp|Bisharp, M|100\/100\n|turn|1\n|inactive|Battle timer is ON: inactive players will automatically lose when time's up. (requested by cows123p)\n|\n|t:|1666327874\n|move|p1a: Ribombee|Stun Spore|p2a: Bisharp\n|-status|p2a: Bisharp|par\n|move|p2a: Bisharp|Iron Head|p1a: Ribombee\n|-supereffective|p1a: Ribombee\n|-damage|p1a: Ribombee|0 fnt\n|faint|p1a: Ribombee\n|\n|upkeep\n|\n|t:|1666327881\n|switch|p1a: Urshifu|Urshifu-Rapid-Strike, M|100\/100\n|turn|2\n|\n|t:|1666327905\n|move|p1a: Urshifu|Surging Strikes|p2a: Bisharp\n|-crit|p2a: Bisharp\n|-damage|p2a: Bisharp|63\/100 par\n|-crit|p2a: Bisharp\n|-damage|p2a: Bisharp|24\/100 par\n|-crit|p2a: Bisharp\n|-damage|p2a: Bisharp|0 fnt\n|faint|p2a: Bisharp\n|-hitcount|p2: Bisharp|3\n|\n|upkeep\n|\n|t:|1666327916\n|switch|p2a: Rillaboom|Rillaboom, M|100\/100\n|-fieldstart|move: Grassy Terrain|[from] ability: Grassy Surge|[of] p2a: Rillaboom\n|turn|3\n|inactive|AdrianVG has 120 seconds left.\n|\n|t:|1666327938\n|switch|p1a: Heatran|Heatran, M|100\/100\n|move|p2a: Rillaboom|Superpower|p1a: Heatran\n|-supereffective|p1a: Heatran\n|-damage|p1a: Heatran|0 fnt\n|-unboost|p2a: Rillaboom|atk|1\n|-unboost|p2a: Rillaboom|def|1\n|faint|p1a: Heatran\n|\n|upkeep\n|\n|t:|1666327961\n|switch|p1a: Tapu Lele|Tapu Lele|100\/100\n|-fieldstart|move: Psychic Terrain|[from] ability: Psychic Surge|[of] p1a: Tapu Lele\n|turn|4\n|\n|t:|1666327967\n|switch|p2a: Victini|Victini|100\/100\n|move|p1a: Tapu Lele|Psychic|p2a: Victini\n|-resisted|p2a: Victini\n|-damage|p2a: Victini|56\/100\n|\n|upkeep\n|turn|5\n|inactive|AdrianVG has 120 seconds left.\n|\n|t:|1666328003\n|move|p2a: Victini|Bolt Strike|p1a: Tapu Lele\n|-damage|p1a: Tapu Lele|41\/100\n|move|p1a: Tapu Lele|Psychic|p2a: Victini\n|-resisted|p2a: Victini\n|-crit|p2a: Victini\n|-damage|p2a: Victini|0 fnt\n|faint|p2a: Victini\n|\n|upkeep\n|\n|t:|1666328016\n|switch|p2a: Gengar|Gengar, M|100\/100\n|turn|6\n|\n|t:|1666328025\n|switch|p2a: Swampert|Swampert, M|100\/100\n|move|p1a: Tapu Lele|Psychic|p2a: Swampert\n|-damage|p2a: Swampert|40\/100\n|\n|-heal|p2a: Swampert|46\/100|[from] item: Leftovers\n|upkeep\n|turn|7\n|\n|t:|1666328032\n|move|p1a: Tapu Lele|Psychic|p2a: Swampert\n|-damage|p2a: Swampert|0 fnt\n|faint|p2a: Swampert\n|\n|upkeep\n|\n|t:|1666328038\n|switch|p2a: Gengar|Gengar, M|100\/100\n|turn|8\n|\n|t:|1666328041\n|switch|p1a: Diggersby|Diggersby, M|100\/100\n|move|p2a: Gengar|Shadow Ball|p1a: Diggersby\n|-immune|p1a: Diggersby\n|\n|-fieldend|move: Psychic Terrain\n|upkeep\n|turn|9\n|inactive|AdrianVG has 120 seconds left.\n|\n|t:|1666328051\n|switch|p2a: Rillaboom|Rillaboom, M|100\/100\n|-fieldstart|move: Grassy Terrain|[from] ability: Grassy Surge|[of] p2a: Rillaboom\n|move|p1a: Diggersby|Fire Punch|p2a: Rillaboom\n|-supereffective|p2a: Rillaboom\n|-damage|p2a: Rillaboom|0 fnt\n|faint|p2a: Rillaboom\n|\n|upkeep\n|inactive|AdrianVG has 120 seconds left.\n|\n|t:|1666328065\n|switch|p2a: Tornadus|Tornadus-Therian, M|100\/100\n|turn|10\n|\n|t:|1666328069\n|switch|p1a: Urshifu|Urshifu-Rapid-Strike, M|100\/100\n|move|p2a: Tornadus|Icy Wind|p1a: Urshifu\n|-resisted|p1a: Urshifu\n|-damage|p1a: Urshifu|91\/100\n|-unboost|p1a: Urshifu|spe|1\n|\n|-heal|p1a: Urshifu|97\/100|[from] Grassy Terrain\n|upkeep\n|turn|11\n|\n|t:|1666328078\n|move|p2a: Tornadus|Heat Wave|p1a: Urshifu\n|-resisted|p1a: Urshifu\n|-damage|p1a: Urshifu|79\/100\n|move|p1a: Urshifu|Surging Strikes|p2a: Tornadus\n|-crit|p2a: Tornadus\n|-damage|p2a: Tornadus|72\/100\n|-crit|p2a: Tornadus\n|-damage|p2a: Tornadus|44\/100\n|-crit|p2a: Tornadus\n|-damage|p2a: Tornadus|12\/100\n|-hitcount|p2a: Tornadus|3\n|\n|-heal|p1a: Urshifu|86\/100|[from] Grassy Terrain\n|upkeep\n|turn|12\n|\n|t:|1666328093\n|move|p2a: Tornadus|Heat Wave|p1a: Urshifu\n|-resisted|p1a: Urshifu\n|-damage|p1a: Urshifu|69\/100\n|move|p1a: Urshifu|Surging Strikes|p2a: Tornadus\n|-crit|p2a: Tornadus\n|-damage|p2a: Tornadus|0 fnt\n|faint|p2a: Tornadus\n|-hitcount|p2: Tornadus|1\n|\n|-heal|p1a: Urshifu|75\/100|[from] Grassy Terrain\n|upkeep\n|\n|t:|1666328106\n|switch|p2a: Gengar|Gengar, M|100\/100\n|turn|13\n|\n|t:|1666328117\n|switch|p1a: Tapu Lele|Tapu Lele|41\/100\n|-fieldstart|move: Psychic Terrain|[from] ability: Psychic Surge|[of] p1a: Tapu Lele\n|move|p2a: Gengar|Trick|p1a: Tapu Lele\n|-activate|p2a: Gengar|move: Trick|[of] p1a: Tapu Lele\n|-item|p1a: Tapu Lele|Choice Scarf|[from] move: Trick\n|-item|p2a: Gengar|Choice Specs|[from] move: Trick\n|\n|upkeep\n|turn|14\n|\n|t:|1666328131\n|move|p1a: Tapu Lele|Psychic|p2a: Gengar\n|-supereffective|p2a: Gengar\n|-damage|p2a: Gengar|0 fnt\n|faint|p2a: Gengar\n|\n|win|cows123p\n|raw|cows123p's rating: 1548 &rarr; <strong>1566<\/strong><br \/>(+18 for winning)\n|raw|AdrianVG's rating: 1514 &rarr; <strong>1496<\/strong><br \/>(-18 for losing)\n|l|\u2606AdrianVG\n","uploadtime":1666328153,"views":14,"p1id":"cows123p","p2id":"adrianvg","formatid":"gen8ou","rating":1496,"private":0,"password":null}