{"id":"gen8balancedhackmons-1613781738","p1":"SwabluIsAHat","p2":"Redflix","format":"gen8balancedhackmons","log":"|j|\u2606SwabluIsAHat\n|j|\u2606Redflix\n|t:|1657391329\n|gametype|singles\n|player|p1|SwabluIsAHat|erika|1577\n|player|p2|Redflix|erika|1757\n|teamsize|p1|6\n|teamsize|p2|6\n|gen|8\n|tier|[Gen 8] Balanced Hackmons\n|rated|\n|rule|OHKO Clause: OHKO moves are banned\n|rule|Evasion Moves Clause: Evasion moves are banned\n|rule|Forme Clause: Limit one of each forme of a Pok\u00e9mon\n|rule|HP Percentage Mod: HP is shown in percentages\n|rule|Dynamax Clause: You cannot dynamax\n|rule|Sleep Clause: Sleep-inducing moves are banned\n|rule|Endless Battle Clause: Forcing endless battles is banned\n|clearpoke\n|poke|p1|Chansey, F|\n|poke|p1|Giratina|\n|poke|p1|Lunala|\n|poke|p1|Registeel|\n|poke|p1|Groudon|\n|poke|p1|Zamazenta-Crowned|\n|poke|p2|Kartana|\n|poke|p2|Eternatus|\n|poke|p2|Groudon|\n|poke|p2|Giratina|\n|poke|p2|Xerneas-*|\n|poke|p2|Palkia|\n|teampreview\n|inactive|Battle timer is ON: inactive players will automatically lose when time's up. (requested by SwabluIsAHat)\n|c|\u2606SwabluIsAHat|gl\n|j| 1337x8347\n|c|\u2606Redflix|hf\n|inactive|Redflix has 120 seconds left.\n|\n|t:|1657391363\n|start\n|switch|p1a: BH In An Eggshell|Chansey, F|100\/100\n|switch|p2a: Giratina|Giratina|100\/100\n|-transform|p1a: BH In An Eggshell|p2a: Giratina|[from] ability: Imposter\n|turn|1\n|c|\u2606SwabluIsAHat|bounce\/core\/flip\/shore\/defog\n|\n|t:|1657391378\n|move|p1a: BH In An Eggshell|Flip Turn|p2a: Giratina\n|-resisted|p2a: Giratina\n|-damage|p2a: Giratina|97\/100\n|\n|t:|1657391384\n|switch|p1a: 3spooky5me|Giratina|100\/100|[from]move: Flip Turn\n|move|p2a: Giratina|Flip Turn|p1a: 3spooky5me\n|-resisted|p1a: 3spooky5me\n|-crit|p1a: 3spooky5me\n|-damage|p1a: 3spooky5me|95\/100\n|\n|t:|1657391387\n|switch|p2a: Xerneas|Xerneas|100\/100|[from]move: Flip Turn\n|\n|-status|p1a: 3spooky5me|tox|[from] item: Toxic Orb\n|-status|p2a: Xerneas|tox|[from] item: Toxic Orb\n|upkeep\n|turn|2\n|j| whitneybeach\n|\n|t:|1657391417\n|switch|p1a: The Great Wall|Lunala|100\/100\n|switch|p2a: Eternatus|Eternatus|100\/100\n|\n|upkeep\n|turn|3\n|\n|t:|1657391425\n|switch|p1a: .-. . --. ..|Registeel|100\/100\n|move|p2a: Eternatus|Spikes|p1a: .-. . --. ..\n|-sidestart|p1: SwabluIsAHat|Spikes\n|\n|upkeep\n|turn|4\n|inactive|Redflix has 120 seconds left.\n|\n|t:|1657391446\n|move|p2a: Eternatus|Spikes|p1a: .-. . --. ..\n|-sidestart|p1: SwabluIsAHat|Spikes\n|move|p1a: .-. . --. ..|Rapid Spin|p2a: Eternatus\n|-damage|p2a: Eternatus|93\/100\n|-boost|p1a: .-. . --. ..|spe|1\n|-sideend|p1: SwabluIsAHat|Spikes|[from] move: Rapid Spin|[of] p1a: .-. . --. ..\n|\n|-heal|p2a: Eternatus|99\/100|[from] item: Black Sludge\n|upkeep\n|turn|5\n|\n|t:|1657391454\n|move|p2a: Eternatus|Spikes|p1a: .-. . --. ..\n|-sidestart|p1: SwabluIsAHat|Spikes\n|move|p1a: .-. . --. ..|Rapid Spin|p2a: Eternatus\n|-damage|p2a: Eternatus|93\/100\n|-boost|p1a: .-. . --. ..|spe|1\n|-sideend|p1: SwabluIsAHat|Spikes|[from] move: Rapid Spin|[of] p1a: .-. . --. ..\n|\n|-heal|p2a: Eternatus|99\/100|[from] item: Black Sludge\n|upkeep\n|turn|6\n|\n|t:|1657391461\n|switch|p2a: Xerneas|Xerneas|100\/100 tox\n|move|p1a: .-. . --. ..|Rapid Spin|p2a: Xerneas\n|-damage|p2a: Xerneas|93\/100 tox\n|-boost|p1a: .-. . --. ..|spe|1\n|\n|-heal|p2a: Xerneas|100\/100 tox|[from] ability: Poison Heal\n|upkeep\n|turn|7\n|\n|t:|1657391470\n|switch|p2a: Eternatus|Eternatus|99\/100\n|move|p1a: .-. . --. ..|U-turn|p2a: Eternatus\n|-resisted|p2a: Eternatus\n|-damage|p2a: Eternatus|94\/100\n|\n|t:|1657391473\n|switch|p1a: BH In An Eggshell|Chansey, F|100\/100|[from]move: U-turn\n|-transform|p1a: BH In An Eggshell|p2a: Eternatus|[from] ability: Imposter\n|\n|-heal|p2a: Eternatus|100\/100|[from] item: Black Sludge\n|upkeep\n|turn|8\n|c|\u2606SwabluIsAHat|scales\/core\/sludge\/spikes\/roost\n|\n|t:|1657391499\n|switch|p1a: Assist Abuser|Groudon|100\/100\n|switch|p2a: Giratina|Giratina|97\/100\n|\n|-heal|p2a: Giratina|100\/100|[from] item: Leftovers\n|upkeep\n|turn|9\n|\n|t:|1657391509\n|move|p1a: Assist Abuser|U-turn|p2a: Giratina\n|-resisted|p2a: Giratina\n|-damage|p2a: Giratina|95\/100\n|\n|t:|1657391513\n|switch|p1a: 3spooky5me|Giratina|95\/100 tox|[from]move: U-turn\n|move|p2a: Giratina|Flip Turn|p1a: 3spooky5me\n|-resisted|p1a: 3spooky5me\n|-damage|p1a: 3spooky5me|91\/100 tox\n|\n|t:|1657391517\n|switch|p2a: Eternatus|Eternatus|100\/100|[from]move: Flip Turn\n|\n|-heal|p1a: 3spooky5me|100\/100 tox|[from] ability: Poison Heal\n|upkeep\n|turn|10\n|\n|t:|1657391530\n|switch|p1a: Assist Abuser|Groudon|100\/100\n|move|p2a: Eternatus|Spikes|p1a: Assist Abuser\n|move|p1a: Assist Abuser|Spikes|p2a: Eternatus|[from]ability: Magic Bounce\n|-sidestart|p2: Redflix|Spikes\n|\n|upkeep\n|turn|11\n|\n|t:|1657391534\n|switch|p2a: Giratina|Giratina|95\/100\n|-damage|p2a: Giratina|82\/100|[from] Spikes\n|move|p1a: Assist Abuser|U-turn|p2a: Giratina\n|-resisted|p2a: Giratina\n|-damage|p2a: Giratina|76\/100\n|\n|t:|1657391538\n|switch|p1a: .-. . --. ..|Registeel|100\/100|[from]move: U-turn\n|\n|-heal|p2a: Giratina|83\/100|[from] item: Leftovers\n|upkeep\n|turn|12\n|\n|t:|1657391543\n|move|p2a: Giratina|Defog|p1a: .-. . --. ..\n|-unboost|p1a: .-. . --. ..|evasion|1\n|-sideend|p2: Redflix|Spikes|[from] move: Defog|[of] p2a: Giratina\n|move|p1a: .-. . --. ..|Poison Fang|p2a: Giratina\n|-resisted|p2a: Giratina\n|-damage|p2a: Giratina|80\/100\n|-status|p2a: Giratina|tox\n|\n|-heal|p2a: Giratina|86\/100 tox|[from] item: Leftovers\n|-damage|p2a: Giratina|80\/100 tox|[from] psn\n|upkeep\n|turn|13\n|\n|t:|1657391551\n|switch|p2a: Eternatus|Eternatus|100\/100\n|move|p1a: .-. . --. ..|U-turn|p2a: Eternatus\n|-resisted|p2a: Eternatus\n|-damage|p2a: Eternatus|96\/100\n|\n|t:|1657391557\n|switch|p1a: Assist Abuser|Groudon|100\/100|[from]move: U-turn\n|\n|-heal|p2a: Eternatus|100\/100|[from] item: Black Sludge\n|upkeep\n|turn|14\n|\n|t:|1657391569\n|switch|p2a: Groudon|Groudon|100\/100\n|move|p1a: Assist Abuser|Spikes|p2a: Groudon\n|-sidestart|p2: Redflix|Spikes\n|\n|upkeep\n|turn|15\n|\n|t:|1657391584\n|move|p2a: Groudon|Thousand Arrows|p1a: Assist Abuser\n|-damage|p1a: Assist Abuser|75\/100\n|move|p1a: Assist Abuser|U-turn|p2a: Groudon\n|-damage|p2a: Groudon|87\/100\n|\n|t:|1657391587\n|switch|p1a: BH In An Eggshell|Chansey, F|100\/100|[from]move: U-turn\n|-transform|p1a: BH In An Eggshell|p2a: Groudon|[from] ability: Imposter\n|\n|-heal|p2a: Groudon|93\/100|[from] item: Leftovers\n|upkeep\n|turn|16\n|c|\u2606SwabluIsAHat|prankster\/glare\/slack\/1ka\/haze\n|\n|t:|1657391605\n|switch|p1a: 3spooky5me|Giratina|100\/100 tox\n|switch|p2a: Giratina|Giratina|80\/100 tox\n|-damage|p2a: Giratina|68\/100 tox|[from] Spikes\n|\n|-heal|p2a: Giratina|74\/100 tox|[from] item: Leftovers\n|-damage|p2a: Giratina|68\/100 tox|[from] psn\n|upkeep\n|turn|17\n|\n|t:|1657391621\n|switch|p1a: Assist Abuser|Groudon|75\/100\n|switch|p2a: Xerneas|Xerneas|100\/100 tox\n|-damage|p2a: Xerneas|88\/100 tox|[from] Spikes\n|\n|-heal|p1a: Assist Abuser|81\/100|[from] item: Leftovers\n|-heal|p2a: Xerneas|100\/100 tox|[from] ability: Poison Heal\n|upkeep\n|turn|18\n|\n|t:|1657391627\n|switch|p2a: Giratina|Giratina|68\/100 tox\n|-damage|p2a: Giratina|55\/100 tox|[from] Spikes\n|move|p1a: Assist Abuser|Strength Sap|p2a: Giratina\n|move|p2a: Giratina|Strength Sap|p1a: Assist Abuser|[from]ability: Magic Bounce\n|-unboost|p1a: Assist Abuser|atk|1\n|-heal|p2a: Giratina|100\/100 tox\n|\n|-heal|p1a: Assist Abuser|88\/100|[from] item: Leftovers\n|-damage|p2a: Giratina|94\/100 tox|[from] psn\n|upkeep\n|turn|19\n|\n|t:|1657391637\n|switch|p1a: The Great Wall|Lunala|100\/100\n|move|p2a: Giratina|Defog|p1a: The Great Wall\n|-unboost|p1a: The Great Wall|evasion|1\n|-sideend|p2: Redflix|Spikes|[from] move: Defog|[of] p2a: Giratina\n|\n|-heal|p2a: Giratina|100\/100 tox|[from] item: Leftovers\n|-damage|p2a: Giratina|88\/100 tox|[from] psn\n|upkeep\n|turn|20\n|\n|t:|1657391646\n|switch|p2a: Xerneas|Xerneas|100\/100 tox\n|move|p1a: The Great Wall|Knock Off|p2a: Xerneas\n|-resisted|p2a: Xerneas\n|-damage|p2a: Xerneas|94\/100 tox\n|-enditem|p2a: Xerneas|Toxic Orb|[from] move: Knock Off|[of] p1a: The Great Wall\n|\n|-heal|p2a: Xerneas|100\/100 tox|[from] ability: Poison Heal\n|upkeep\n|turn|21\n|\n|t:|1657391659\n|switch|p2a: Giratina|Giratina|88\/100 tox\n|move|p1a: The Great Wall|Knock Off|p2a: Giratina\n|-supereffective|p2a: Giratina\n|-damage|p2a: Giratina|68\/100 tox\n|-enditem|p2a: Giratina|Leftovers|[from] move: Knock Off|[of] p1a: The Great Wall\n|\n|-damage|p2a: Giratina|62\/100 tox|[from] psn\n|upkeep\n|turn|22\n|inactive|SwabluIsAHat has 120 seconds left.\n|\n|t:|1657391693\n|switch|p1a: 3spooky5me|Giratina|100\/100 tox\n|switch|p2a: Xerneas|Xerneas|100\/100 tox\n|\n|upkeep\n|turn|23\n|\n|t:|1657391699\n|switch|p2a: Kartana|Kartana|100\/100\n|move|p1a: 3spooky5me|Worry Seed|p2a: Kartana\n|-endability|p2a: Kartana|Tough Claws|[from] move: Worry Seed\n|-ability|p2a: Kartana|Insomnia|[from] move: Worry Seed\n|\n|upkeep\n|turn|24\n|\n|t:|1657391706\n|switch|p2a: Palkia|Palkia|100\/100\n|switch|p1a: uwu doggo|Zamazenta-Crowned|100\/100\n|\n|upkeep\n|turn|25\n|\n|t:|1657391712\n|move|p1a: uwu doggo|Knock Off|p2a: Palkia\n|-damage|p2a: Palkia|90\/100\n|-enditem|p2a: Palkia|Shed Shell|[from] move: Knock Off|[of] p1a: uwu doggo\n|move|p2a: Palkia|Nuzzle|p1a: uwu doggo\n|-damage|p1a: uwu doggo|99\/100\n|-status|p1a: uwu doggo|par\n|\n|-heal|p1a: uwu doggo|100\/100 par|[from] item: Leftovers\n|upkeep\n|turn|26\n|\n|t:|1657391725\n|switch|p2a: Groudon|Groudon|93\/100\n|cant|p1a: uwu doggo|par\n|\n|-heal|p2a: Groudon|99\/100|[from] item: Leftovers\n|upkeep\n|turn|27\n|\n|t:|1657391734\n|switch|p1a: 3spooky5me|Giratina|100\/100 tox\n|move|p2a: Groudon|Thousand Arrows|p1a: 3spooky5me\n|-damage|p1a: 3spooky5me|75\/100 tox\n|\n|-heal|p2a: Groudon|100\/100|[from] item: Leftovers\n|-heal|p1a: 3spooky5me|88\/100 tox|[from] ability: Poison Heal\n|upkeep\n|turn|28\n|\n|t:|1657391747\n|switch|p2a: Eternatus|Eternatus|100\/100\n|move|p1a: 3spooky5me|Scald|p2a: Eternatus\n|-resisted|p2a: Eternatus\n|-damage|p2a: Eternatus|97\/100\n|\n|-heal|p2a: Eternatus|100\/100|[from] item: Black Sludge\n|-heal|p1a: 3spooky5me|100\/100 tox|[from] ability: Poison Heal\n|upkeep\n|turn|29\n|\n|t:|1657391760\n|switch|p1a: .-. . --. ..|Registeel|100\/100\n|move|p2a: Eternatus|Core Enforcer|p1a: .-. . --. ..\n|-resisted|p1a: .-. . --. ..\n|-damage|p1a: .-. . --. ..|90\/100\n|\n|upkeep\n|turn|30\n|\n|t:|1657391766\n|move|p2a: Eternatus|Core Enforcer|p1a: .-. . --. ..\n|-resisted|p1a: .-. . --. ..\n|-damage|p1a: .-. . --. ..|80\/100\n|move|p1a: .-. . --. ..|Rapid Spin|p2a: Eternatus\n|-damage|p2a: Eternatus|93\/100\n|-boost|p1a: .-. . --. ..|spe|1\n|\n|-heal|p2a: Eternatus|99\/100|[from] item: Black Sludge\n|upkeep\n|turn|31\n|\n|t:|1657391772\n|switch|p2a: Xerneas|Xerneas|100\/100 tox\n|move|p1a: .-. . --. ..|U-turn|p2a: Xerneas\n|-resisted|p2a: Xerneas\n|-damage|p2a: Xerneas|96\/100 tox\n|\n|t:|1657391775\n|switch|p1a: Assist Abuser|Groudon|88\/100|[from]move: U-turn\n|\n|-heal|p1a: Assist Abuser|94\/100|[from] item: Leftovers\n|-heal|p2a: Xerneas|100\/100 tox|[from] ability: Poison Heal\n|upkeep\n|turn|32\n|\n|t:|1657391778\n|switch|p2a: Giratina|Giratina|62\/100 tox\n|move|p1a: Assist Abuser|U-turn|p2a: Giratina\n|-resisted|p2a: Giratina\n|-damage|p2a: Giratina|56\/100 tox\n|\n|t:|1657391798\n|switch|p1a: The Great Wall|Lunala|100\/100|[from]move: U-turn\n|\n|-damage|p2a: Giratina|50\/100 tox|[from] psn\n|upkeep\n|turn|33\n|\n|t:|1657391804\n|switch|p2a: Xerneas|Xerneas|100\/100 tox\n|move|p1a: The Great Wall|Knock Off|p2a: Xerneas\n|-resisted|p2a: Xerneas\n|-damage|p2a: Xerneas|95\/100 tox\n|\n|-heal|p2a: Xerneas|100\/100 tox|[from] ability: Poison Heal\n|upkeep\n|turn|34\n|j| wwwwdsf\n|\n|t:|1657391813\n|switch|p2a: Eternatus|Eternatus|99\/100\n|switch|p1a: Assist Abuser|Groudon|94\/100\n|\n|-heal|p2a: Eternatus|100\/100|[from] item: Black Sludge\n|-heal|p1a: Assist Abuser|99\/100|[from] item: Leftovers\n|upkeep\n|turn|35\n|\n|t:|1657391825\n|move|p2a: Eternatus|Core Enforcer|p1a: Assist Abuser\n|-damage|p1a: Assist Abuser|60\/100\n|move|p1a: Assist Abuser|U-turn|p2a: Eternatus\n|-resisted|p2a: Eternatus\n|-damage|p2a: Eternatus|93\/100\n|\n|t:|1657391832\n|switch|p1a: The Great Wall|Lunala|100\/100|[from]move: U-turn\n|\n|-heal|p2a: Eternatus|99\/100|[from] item: Black Sludge\n|upkeep\n|turn|36\n|\n|t:|1657391839\n|move|p2a: Eternatus|Sludge Bomb|p1a: The Great Wall\n|-resisted|p1a: The Great Wall\n|-damage|p1a: The Great Wall|89\/100\n|move|p1a: The Great Wall|Knock Off|p2a: Eternatus\n|-damage|p2a: Eternatus|85\/100\n|-enditem|p2a: Eternatus|Black Sludge|[from] move: Knock Off|[of] p1a: The Great Wall\n|\n|-heal|p1a: The Great Wall|95\/100|[from] item: Leftovers\n|upkeep\n|turn|37\n|\n|t:|1657391845\n|switch|p1a: .-. . --. ..|Registeel|100\/100\n|move|p2a: Eternatus|Sludge Bomb|p1a: .-. . --. ..\n|-immune|p1a: .-. . --. ..\n|\n|upkeep\n|turn|38\n|\n|t:|1657391850\n|switch|p2a: Xerneas|Xerneas|100\/100 tox\n|move|p1a: .-. . --. ..|Rapid Spin|p2a: Xerneas\n|-damage|p2a: Xerneas|93\/100 tox\n|-boost|p1a: .-. . --. ..|spe|1\n|\n|-heal|p2a: Xerneas|100\/100 tox|[from] ability: Poison Heal\n|upkeep\n|turn|39\n|\n|t:|1657391856\n|move|p2a: Xerneas|Quiver Dance|p2a: Xerneas\n|-boost|p2a: Xerneas|spa|1\n|-boost|p2a: Xerneas|spd|1\n|-boost|p2a: Xerneas|spe|1\n|move|p1a: .-. . --. ..|U-turn|p2a: Xerneas\n|-resisted|p2a: Xerneas\n|-damage|p2a: Xerneas|96\/100 tox\n|\n|t:|1657391860\n|switch|p1a: The Great Wall|Lunala|95\/100|[from]move: U-turn\n|\n|-heal|p1a: The Great Wall|100\/100|[from] item: Leftovers\n|-heal|p2a: Xerneas|100\/100 tox|[from] ability: Poison Heal\n|upkeep\n|turn|40\n|\n|t:|1657391864\n|move|p1a: The Great Wall|Topsy-Turvy|p2a: Xerneas\n|-invertboost|p2a: Xerneas|[from] move: Topsy-Turvy\n|move|p2a: Xerneas|Moonblast|p1a: The Great Wall\n|-damage|p1a: The Great Wall|82\/100\n|-unboost|p1a: The Great Wall|spa|1\n|\n|-heal|p1a: The Great Wall|88\/100|[from] item: Leftovers\n|upkeep\n|turn|41\n|\n|t:|1657391874\n|switch|p1a: Assist Abuser|Groudon|60\/100\n|switch|p2a: Giratina|Giratina|50\/100 tox\n|\n|-heal|p1a: Assist Abuser|67\/100|[from] item: Leftovers\n|-damage|p2a: Giratina|44\/100 tox|[from] psn\n|upkeep\n|turn|42\n|\n|t:|1657391878\n|move|p1a: Assist Abuser|U-turn|p2a: Giratina\n|-resisted|p2a: Giratina\n|-damage|p2a: Giratina|39\/100 tox\n|\n|t:|1657391881\n|switch|p1a: The Great Wall|Lunala|88\/100|[from]move: U-turn\n|move|p2a: Giratina|Shore Up|p2a: Giratina\n|-heal|p2a: Giratina|89\/100 tox\n|\n|-heal|p1a: The Great Wall|94\/100|[from] item: Leftovers\n|-damage|p2a: Giratina|76\/100 tox|[from] psn\n|upkeep\n|turn|43\n|\n|t:|1657391890\n|move|p1a: The Great Wall|Knock Off|p2a: Giratina\n|-supereffective|p2a: Giratina\n|-damage|p2a: Giratina|64\/100 tox\n|move|p2a: Giratina|Flip Turn|p1a: The Great Wall\n|-damage|p1a: The Great Wall|82\/100\n|\n|t:|1657391892\n|switch|p2a: Kartana|Kartana|100\/100|[from]move: Flip Turn\n|\n|-heal|p1a: The Great Wall|88\/100|[from] item: Leftovers\n|upkeep\n|turn|44\n|\n|t:|1657391895\n|switch|p1a: uwu doggo|Zamazenta-Crowned|100\/100 par\n|move|p2a: Kartana|Wicked Blow|p1a: uwu doggo\n|-resisted|p1a: uwu doggo\n|-crit|p1a: uwu doggo\n|-damage|p1a: uwu doggo|90\/100 par\n|-damage|p2a: Kartana|91\/100|[from] item: Life Orb\n|\n|-heal|p1a: uwu doggo|96\/100 par|[from] item: Leftovers\n|upkeep\n|turn|45\n|\n|t:|1657391911\n|switch|p2a: Groudon|Groudon|100\/100\n|cant|p1a: uwu doggo|par\n|\n|-heal|p1a: uwu doggo|100\/100 par|[from] item: Leftovers\n|upkeep\n|turn|46\n|\n|t:|1657391916\n|switch|p2a: Eternatus|Eternatus|85\/100\n|cant|p1a: uwu doggo|par\n|\n|upkeep\n|turn|47\n|\n|t:|1657391922\n|switch|p1a: .-. . --. ..|Registeel|100\/100\n|move|p2a: Eternatus|Sludge Bomb|p1a: .-. . --. ..\n|-immune|p1a: .-. . --. ..\n|\n|upkeep\n|turn|48\n|\n|t:|1657391933\n|switch|p2a: Groudon|Groudon|100\/100\n|move|p1a: .-. . --. ..|U-turn|p2a: Groudon\n|-damage|p2a: Groudon|91\/100\n|\n|t:|1657391935\n|switch|p1a: Assist Abuser|Groudon|67\/100|[from]move: U-turn\n|\n|-heal|p2a: Groudon|97\/100|[from] item: Leftovers\n|-heal|p1a: Assist Abuser|73\/100|[from] item: Leftovers\n|upkeep\n|turn|49\n|\n|t:|1657391942\n|move|p2a: Groudon|Glare|p1a: Assist Abuser\n|move|p1a: Assist Abuser|Glare|p2a: Groudon|[from]ability: Magic Bounce\n|-status|p2a: Groudon|par\n|move|p1a: Assist Abuser|U-turn|p2a: Groudon\n|-damage|p2a: Groudon|83\/100 par\n|\n|t:|1657391947\n|switch|p1a: 3spooky5me|Giratina|100\/100 tox|[from]move: U-turn\n|\n|-heal|p2a: Groudon|89\/100 par|[from] item: Leftovers\n|upkeep\n|turn|50\n|\n|t:|1657391950\n|switch|p2a: Xerneas|Xerneas|100\/100 tox\n|move|p1a: 3spooky5me|Scald|p2a: Xerneas\n|-damage|p2a: Xerneas|86\/100 tox\n|\n|-heal|p2a: Xerneas|99\/100 tox|[from] ability: Poison Heal\n|upkeep\n|turn|51\n|\n|t:|1657391959\n|switch|p2a: Palkia|Palkia|90\/100\n|move|p1a: 3spooky5me|Worry Seed|p2a: Palkia\n|-endability|p2a: Palkia|Fur Coat|[from] move: Worry Seed\n|-ability|p2a: Palkia|Insomnia|[from] move: Worry Seed\n|\n|upkeep\n|turn|52\n|\n|t:|1657391968\n|switch|p2a: Xerneas|Xerneas|99\/100 tox\n|move|p1a: 3spooky5me|Scald|p2a: Xerneas\n|-damage|p2a: Xerneas|86\/100 tox\n|\n|-heal|p2a: Xerneas|98\/100 tox|[from] ability: Poison Heal\n|upkeep\n|turn|53\n|\n|t:|1657391979\n|switch|p1a: The Great Wall|Lunala|88\/100\n|switch|p2a: Eternatus|Eternatus|85\/100\n|\n|-heal|p1a: The Great Wall|94\/100|[from] item: Leftovers\n|upkeep\n|turn|54\n|\n|t:|1657391985\n|switch|p1a: .-. . --. ..|Registeel|100\/100\n|move|p2a: Eternatus|Sludge Bomb|p1a: .-. . --. ..\n|-immune|p1a: .-. . --. ..\n|\n|upkeep\n|turn|55\n|\n|t:|1657391989\n|switch|p2a: Groudon|Groudon|89\/100 par\n|move|p1a: .-. . --. ..|Rapid Spin|p2a: Groudon\n|-damage|p2a: Groudon|83\/100 par\n|-boost|p1a: .-. . --. ..|spe|1\n|\n|-heal|p2a: Groudon|89\/100 par|[from] item: Leftovers\n|upkeep\n|turn|56\n|\n|t:|1657391999\n|switch|p1a: 3spooky5me|Giratina|100\/100 tox\n|move|p2a: Groudon|Glare||[still]\n|-fail|p2a: Groudon\n|\n|-heal|p2a: Groudon|95\/100 par|[from] item: Leftovers\n|upkeep\n|turn|57\n|\n|t:|1657392004\n|switch|p1a: uwu doggo|Zamazenta-Crowned|100\/100 par\n|switch|p2a: Xerneas|Xerneas|98\/100 tox\n|\n|-heal|p2a: Xerneas|100\/100 tox|[from] ability: Poison Heal\n|upkeep\n|turn|58\n|\n|t:|1657392014\n|switch|p1a: The Great Wall|Lunala|94\/100\n|move|p2a: Xerneas|Thunder Cage|p1a: The Great Wall\n|-damage|p1a: The Great Wall|79\/100\n|-activate|p1a: The Great Wall|move: Thunder Cage|[of] p2a: Xerneas\n|\n|-heal|p1a: The Great Wall|85\/100|[from] item: Leftovers\n|-damage|p1a: The Great Wall|72\/100|[from] move: Thunder Cage|[partiallytrapped]\n|upkeep\n|turn|59\n|\n|t:|1657392021\n|move|p2a: Xerneas|Moonblast|p1a: The Great Wall\n|-damage|p1a: The Great Wall|43\/100\n|move|p1a: The Great Wall|Knock Off|p2a: Xerneas\n|-resisted|p2a: Xerneas\n|-damage|p2a: Xerneas|96\/100 tox\n|\n|-heal|p1a: The Great Wall|49\/100|[from] item: Leftovers\n|-heal|p2a: Xerneas|100\/100 tox|[from] ability: Poison Heal\n|-damage|p1a: The Great Wall|36\/100|[from] move: Thunder Cage|[partiallytrapped]\n|upkeep\n|turn|60\n|\n|t:|1657392024\n|move|p1a: The Great Wall|Shore Up|p1a: The Great Wall\n|-heal|p1a: The Great Wall|86\/100\n|move|p2a: Xerneas|Moonblast|p1a: The Great Wall\n|-damage|p1a: The Great Wall|59\/100\n|-unboost|p1a: The Great Wall|spa|1\n|\n|-heal|p1a: The Great Wall|65\/100|[from] item: Leftovers\n|-damage|p1a: The Great Wall|52\/100|[from] move: Thunder Cage|[partiallytrapped]\n|upkeep\n|turn|61\n|\n|t:|1657392030\n|switch|p2a: Eternatus|Eternatus|85\/100\n|move|p1a: The Great Wall|Shore Up|p1a: The Great Wall\n|-heal|p1a: The Great Wall|100\/100\n|\n|-end|p1a: The Great Wall|Thunder Cage|[partiallytrapped]|[silent]\n|upkeep\n|turn|62\n|\n|t:|1657392034\n|switch|p1a: .-. . --. ..|Registeel|100\/100\n|move|p2a: Eternatus|Spikes|p1a: .-. . --. ..\n|-sidestart|p1: SwabluIsAHat|Spikes\n|\n|upkeep\n|turn|63\n|\n|t:|1657392037\n|switch|p2a: Giratina|Giratina|64\/100 tox\n|move|p1a: .-. . --. ..|Rapid Spin|p2a: Giratina\n|-immune|p2a: Giratina\n|\n|-damage|p2a: Giratina|58\/100 tox|[from] psn\n|upkeep\n|turn|64\n|\n|t:|1657392049\n|move|p2a: Giratina|Core Enforcer|p1a: .-. . --. ..\n|-resisted|p1a: .-. . --. ..\n|-damage|p1a: .-. . --. ..|92\/100\n|move|p1a: .-. . --. ..|Poison Fang|p2a: Giratina\n|-resisted|p2a: Giratina\n|-damage|p2a: Giratina|56\/100 tox\n|\n|-damage|p2a: Giratina|43\/100 tox|[from] psn\n|upkeep\n|turn|65\n|\n|t:|1657392053\n|move|p2a: Giratina|Shore Up|p2a: Giratina\n|-heal|p2a: Giratina|93\/100 tox\n|move|p1a: .-. . --. ..|Rapid Spin|p2a: Giratina\n|-immune|p2a: Giratina\n|\n|-damage|p2a: Giratina|75\/100 tox|[from] psn\n|upkeep\n|turn|66\n|\n|t:|1657392057\n|move|p2a: Giratina|Flip Turn|p1a: .-. . --. ..\n|-damage|p1a: .-. . --. ..|82\/100\n|\n|t:|1657392059\n|switch|p2a: Groudon|Groudon|95\/100 par|[from]move: Flip Turn\n|move|p1a: .-. . --. ..|Rapid Spin|p2a: Groudon\n|-crit|p2a: Groudon\n|-damage|p2a: Groudon|85\/100 par\n|-boost|p1a: .-. . --. ..|spe|1\n|-sideend|p1: SwabluIsAHat|Spikes|[from] move: Rapid Spin|[of] p1a: .-. . --. ..\n|\n|-heal|p2a: Groudon|92\/100 par|[from] item: Leftovers\n|upkeep\n|turn|67\n|\n|t:|1657392064\n|switch|p1a: uwu doggo|Zamazenta-Crowned|100\/100 par\n|switch|p2a: Xerneas|Xerneas|100\/100 tox\n|\n|upkeep\n|turn|68\n|\n|t:|1657392071\n|switch|p1a: Assist Abuser|Groudon|73\/100\n|move|p2a: Xerneas|Thunder Cage|p1a: Assist Abuser\n|-immune|p1a: Assist Abuser\n|\n|-heal|p1a: Assist Abuser|79\/100|[from] item: Leftovers\n|upkeep\n|turn|69\n|\n|t:|1657392076\n|switch|p2a: Giratina|Giratina|75\/100 tox\n|move|p1a: Assist Abuser|U-turn|p2a: Giratina\n|-resisted|p2a: Giratina\n|-damage|p2a: Giratina|69\/100 tox\n|\n|t:|1657392084\n|switch|p1a: .-. . --. ..|Registeel|100\/100|[from]move: U-turn\n|\n|-damage|p2a: Giratina|63\/100 tox|[from] psn\n|upkeep\n|turn|70\n|\n|t:|1657392090\n|switch|p2a: Palkia|Palkia|90\/100\n|move|p1a: .-. . --. ..|U-turn|p2a: Palkia\n|-damage|p2a: Palkia|84\/100\n|\n|t:|1657392092\n|switch|p1a: BH In An Eggshell|Chansey, F|100\/100|[from]move: U-turn\n|-transform|p1a: BH In An Eggshell|p2a: Palkia|[from] ability: Imposter\n|\n|upkeep\n|turn|71\n|c|\u2606SwabluIsAHat|fur\/nuzz\/core\/shore\/spectral\n|\n|t:|1657392112\n|switch|p2a: Xerneas|Xerneas|100\/100 tox\n|switch|p1a: uwu doggo|Zamazenta-Crowned|100\/100 par\n|\n|upkeep\n|turn|72\n|\n|t:|1657392119\n|switch|p2a: Kartana|Kartana|91\/100\n|switch|p1a: Assist Abuser|Groudon|79\/100\n|\n|-heal|p1a: Assist Abuser|85\/100|[from] item: Leftovers\n|upkeep\n|turn|73\n|\n|t:|1657392124\n|switch|p1a: uwu doggo|Zamazenta-Crowned|100\/100 par\n|move|p2a: Kartana|Fishious Rend|p1a: uwu doggo\n|-damage|p1a: uwu doggo|69\/100 par\n|-damage|p2a: Kartana|81\/100|[from] item: Life Orb\n|\n|-heal|p1a: uwu doggo|75\/100 par|[from] item: Leftovers\n|upkeep\n|turn|74\n|\n|t:|1657392127\n|move|p2a: Kartana|V-create|p1a: uwu doggo\n|-supereffective|p1a: uwu doggo\n|-damage|p1a: uwu doggo|11\/100 par\n|-unboost|p2a: Kartana|spe|1\n|-unboost|p2a: Kartana|def|1\n|-unboost|p2a: Kartana|spd|1\n|-damage|p2a: Kartana|71\/100|[from] item: Life Orb\n|cant|p1a: uwu doggo|par\n|\n|-heal|p1a: uwu doggo|17\/100 par|[from] item: Leftovers\n|upkeep\n|turn|75\n|\n|t:|1657392152\n|move|p2a: Kartana|Fishious Rend|p1a: uwu doggo\n|-damage|p1a: uwu doggo|0 fnt\n|faint|p1a: uwu doggo\n|-damage|p2a: Kartana|61\/100|[from] item: Life Orb\n|\n|upkeep\n|\n|t:|1657392156\n|switch|p1a: BH In An Eggshell|Chansey, F|100\/100\n|-transform|p1a: BH In An Eggshell|p2a: Kartana|[from] ability: Imposter\n|turn|76\n|c|\u2606SwabluIsAHat|tough claws\/sunsteel\/wicked\/vcreate\/rend\n|\n|t:|1657392177\n|switch|p2a: Palkia|Palkia|84\/100\n|move|p1a: BH In An Eggshell|V-create|p2a: Palkia\n|-resisted|p2a: Palkia\n|-damage|p2a: Palkia|76\/100\n|-unboost|p1a: BH In An Eggshell|spe|1\n|-unboost|p1a: BH In An Eggshell|def|1\n|-unboost|p1a: BH In An Eggshell|spd|1\n|\n|upkeep\n|turn|77\n|l|\u2606Redflix\n|inactive|Redflix disconnected and has a minute to reconnect!\n|player|p2|\n|inactive|SwabluIsAHat has 120 seconds left.\n|j|\u2606Redflix\n|inactive|Redflix reconnected and has 115 seconds left.\n|player|p2|Redflix|erika\n|\n|t:|1657392219\n|switch|p1a: .-. . --. ..|Registeel|100\/100\n|move|p2a: Palkia|Core Enforcer|p1a: .-. . --. ..\n|-resisted|p1a: .-. . --. ..\n|-damage|p1a: .-. . --. ..|91\/100\n|\n|upkeep\n|turn|78\n|inactive|SwabluIsAHat has 120 seconds left.\n|\n|t:|1657392227\n|switch|p2a: Groudon|Groudon|92\/100 par\n|move|p1a: .-. . --. ..|Poison Fang|p2a: Groudon\n|-resisted|p2a: Groudon\n|-damage|p2a: Groudon|88\/100 par\n|\n|-heal|p2a: Groudon|95\/100 par|[from] item: Leftovers\n|upkeep\n|turn|79\n|\n|t:|1657392235\n|switch|p2a: Xerneas|Xerneas|100\/100 tox\n|move|p1a: .-. . --. ..|U-turn|p2a: Xerneas\n|-resisted|p2a: Xerneas\n|-damage|p2a: Xerneas|96\/100 tox\n|\n|t:|1657392238\n|switch|p1a: Assist Abuser|Groudon|85\/100|[from]move: U-turn\n|\n|-heal|p1a: Assist Abuser|91\/100|[from] item: Leftovers\n|-heal|p2a: Xerneas|100\/100 tox|[from] ability: Poison Heal\n|upkeep\n|turn|80\n|\n|t:|1657392244\n|switch|p2a: Giratina|Giratina|63\/100 tox\n|move|p1a: Assist Abuser|U-turn|p2a: Giratina\n|-resisted|p2a: Giratina\n|-crit|p2a: Giratina\n|-damage|p2a: Giratina|54\/100 tox\n|\n|t:|1657392255\n|switch|p1a: The Great Wall|Lunala|100\/100|[from]move: U-turn\n|\n|-damage|p2a: Giratina|48\/100 tox|[from] psn\n|upkeep\n|turn|81\n|\n|t:|1657392267\n|move|p1a: The Great Wall|Knock Off|p2a: Giratina\n|-supereffective|p2a: Giratina\n|-damage|p2a: Giratina|35\/100 tox\n|move|p2a: Giratina|Flip Turn|p1a: The Great Wall\n|-damage|p1a: The Great Wall|89\/100\n|\n|t:|1657392269\n|switch|p2a: Kartana|Kartana|61\/100|[from]move: Flip Turn\n|\n|-heal|p1a: The Great Wall|95\/100|[from] item: Leftovers\n|upkeep\n|turn|82\n|\n|t:|1657392281\n|switch|p1a: Assist Abuser|Groudon|91\/100\n|move|p2a: Kartana|V-create|p1a: Assist Abuser\n|-damage|p1a: Assist Abuser|31\/100\n|-unboost|p2a: Kartana|spe|1\n|-unboost|p2a: Kartana|def|1\n|-unboost|p2a: Kartana|spd|1\n|-damage|p2a: Kartana|51\/100|[from] item: Life Orb\n|\n|-heal|p1a: Assist Abuser|38\/100|[from] item: Leftovers\n|upkeep\n|turn|83\n|\n|t:|1657392292\n|switch|p2a: Giratina|Giratina|35\/100 tox\n|move|p1a: Assist Abuser|Strength Sap|p2a: Giratina\n|move|p2a: Giratina|Strength Sap|p1a: Assist Abuser|[from]ability: Magic Bounce\n|-unboost|p1a: Assist Abuser|atk|1\n|-heal|p2a: Giratina|100\/100 tox\n|\n|-heal|p1a: Assist Abuser|44\/100|[from] item: Leftovers\n|-damage|p2a: Giratina|94\/100 tox|[from] psn\n|upkeep\n|turn|84\n|\n|t:|1657392302\n|switch|p1a: 3spooky5me|Giratina|100\/100 tox\n|move|p2a: Giratina|Flip Turn|p1a: 3spooky5me\n|-resisted|p1a: 3spooky5me\n|-damage|p1a: 3spooky5me|96\/100 tox\n|\n|t:|1657392305\n|switch|p2a: Xerneas|Xerneas|100\/100 tox|[from]move: Flip Turn\n|\n|-heal|p1a: 3spooky5me|100\/100 tox|[from] ability: Poison Heal\n|upkeep\n|turn|85\n|\n|t:|1657392310\n|move|p1a: 3spooky5me|Worry Seed|p2a: Xerneas\n|-endability|p2a: Xerneas|Poison Heal|[from] move: Worry Seed\n|-ability|p2a: Xerneas|Insomnia|[from] move: Worry Seed\n|move|p2a: Xerneas|Moonblast|p1a: 3spooky5me\n|-supereffective|p1a: 3spooky5me\n|-crit|p1a: 3spooky5me\n|-damage|p1a: 3spooky5me|18\/100 tox\n|-unboost|p1a: 3spooky5me|spa|1\n|\n|-heal|p1a: 3spooky5me|30\/100 tox|[from] ability: Poison Heal\n|-damage|p2a: Xerneas|88\/100 tox|[from] psn\n|upkeep\n|turn|86\n|\n|t:|1657392320\n|switch|p2a: Kartana|Kartana|51\/100\n|move|p1a: 3spooky5me|Shore Up|p1a: 3spooky5me\n|-heal|p1a: 3spooky5me|80\/100 tox\n|\n|-heal|p1a: 3spooky5me|93\/100 tox|[from] ability: Poison Heal\n|upkeep\n|turn|87\n|\n|t:|1657392326\n|move|p2a: Kartana|Wicked Blow|p1a: 3spooky5me\n|-supereffective|p1a: 3spooky5me\n|-crit|p1a: 3spooky5me\n|-damage|p1a: 3spooky5me|6\/100 tox\n|-damage|p2a: Kartana|41\/100|[from] item: Life Orb\n|move|p1a: 3spooky5me|Scald|p2a: Kartana\n|-resisted|p2a: Kartana\n|-damage|p2a: Kartana|29\/100\n|\n|-heal|p1a: 3spooky5me|18\/100 tox|[from] ability: Poison Heal\n|upkeep\n|turn|88\n|\n|t:|1657392332\n|switch|p1a: BH In An Eggshell|Chansey, F|100\/100\n|-transform|p1a: BH In An Eggshell|p2a: Kartana|[from] ability: Imposter\n|move|p2a: Kartana|Fishious Rend|p1a: BH In An Eggshell\n|-resisted|p1a: BH In An Eggshell\n|-damage|p1a: BH In An Eggshell|87\/100\n|-damage|p2a: Kartana|19\/100|[from] item: Life Orb\n|\n|upkeep\n|turn|89\n|\n|t:|1657392342\n|switch|p1a: 3spooky5me|Giratina|18\/100 tox\n|move|p2a: Kartana|V-create|p1a: 3spooky5me\n|-resisted|p1a: 3spooky5me\n|-damage|p1a: 3spooky5me|0 fnt\n|-unboost|p2a: Kartana|spe|1\n|-unboost|p2a: Kartana|def|1\n|-unboost|p2a: Kartana|spd|1\n|faint|p1a: 3spooky5me\n|-damage|p2a: Kartana|9\/100|[from] item: Life Orb\n|\n|upkeep\n|\n|t:|1657392347\n|switch|p1a: BH In An Eggshell|Chansey, F|87\/100\n|-transform|p1a: BH In An Eggshell|p2a: Kartana|[from] ability: Imposter\n|turn|90\n|\n|t:|1657392351\n|move|p2a: Kartana|V-create|p1a: BH In An Eggshell\n|-supereffective|p1a: BH In An Eggshell\n|-damage|p1a: BH In An Eggshell|0 fnt\n|-unboost|p2a: Kartana|spe|1\n|-unboost|p2a: Kartana|def|1\n|-unboost|p2a: Kartana|spd|1\n|faint|p1a: BH In An Eggshell\n|-damage|p2a: Kartana|0 fnt|[from] item: Life Orb\n|faint|p2a: Kartana\n|\n|upkeep\n|\n|t:|1657392379\n|switch|p2a: Eternatus|Eternatus|85\/100\n|switch|p1a: Assist Abuser|Groudon|44\/100\n|turn|91\n|\n|t:|1657392385\n|switch|p1a: .-. . --. ..|Registeel|100\/100\n|move|p2a: Eternatus|Sludge Bomb|p1a: .-. . --. ..\n|-immune|p1a: .-. . --. ..\n|\n|upkeep\n|turn|92\n|\n|t:|1657392389\n|move|p2a: Eternatus|Spikes|p1a: .-. . --. ..\n|-sidestart|p1: SwabluIsAHat|Spikes\n|move|p1a: .-. . --. ..|Nuzzle|p2a: Eternatus\n|-resisted|p2a: Eternatus\n|-damage|p2a: Eternatus|84\/100\n|-status|p2a: Eternatus|par\n|\n|upkeep\n|turn|93\n|\n|t:|1657392393\n|switch|p2a: Giratina|Giratina|94\/100 tox\n|move|p1a: .-. . --. ..|Rapid Spin|p2a: Giratina\n|-immune|p2a: Giratina\n|\n|-damage|p2a: Giratina|88\/100 tox|[from] psn\n|upkeep\n|turn|94\n|\n|t:|1657392397\n|move|p2a: Giratina|Core Enforcer|p1a: .-. . --. ..\n|-resisted|p1a: .-. . --. ..\n|-damage|p1a: .-. . --. ..|93\/100\n|move|p1a: .-. . --. ..|Nuzzle|p2a: Giratina\n|-resisted|p2a: Giratina\n|-damage|p2a: Giratina|87\/100 tox\n|\n|-damage|p2a: Giratina|75\/100 tox|[from] psn\n|upkeep\n|turn|95\n|\n|t:|1657392401\n|move|p2a: Giratina|Core Enforcer|p1a: .-. . --. ..\n|-resisted|p1a: .-. . --. ..\n|-damage|p1a: .-. . --. ..|86\/100\n|move|p1a: .-. . --. ..|Nuzzle|p2a: Giratina\n|-resisted|p2a: Giratina\n|-damage|p2a: Giratina|74\/100 tox\n|\n|-damage|p2a: Giratina|55\/100 tox|[from] psn\n|upkeep\n|turn|96\n|\n|t:|1657392405\n|move|p2a: Giratina|Shore Up|p2a: Giratina\n|-heal|p2a: Giratina|100\/100 tox\n|move|p1a: .-. . --. ..|Nuzzle|p2a: Giratina\n|-resisted|p2a: Giratina\n|-damage|p2a: Giratina|99\/100 tox\n|\n|-damage|p2a: Giratina|75\/100 tox|[from] psn\n|upkeep\n|turn|97\n|\n|t:|1657392409\n|move|p2a: Giratina|Flip Turn|p1a: .-. . --. ..\n|-damage|p1a: .-. . --. ..|76\/100\n|\n|t:|1657392411\n|switch|p2a: Groudon|Groudon|95\/100 par|[from]move: Flip Turn\n|move|p1a: .-. . --. ..|Rapid Spin|p2a: Groudon\n|-damage|p2a: Groudon|88\/100 par\n|-boost|p1a: .-. . --. ..|spe|1\n|-sideend|p1: SwabluIsAHat|Spikes|[from] move: Rapid Spin|[of] p1a: .-. . --. ..\n|\n|-heal|p2a: Groudon|94\/100 par|[from] item: Leftovers\n|upkeep\n|turn|98\n|\n|t:|1657392418\n|move|p1a: .-. . --. ..|U-turn|p2a: Groudon\n|-damage|p2a: Groudon|85\/100 par\n|\n|t:|1657392420\n|switch|p1a: The Great Wall|Lunala|95\/100|[from]move: U-turn\n|move|p2a: Groudon|Thousand Arrows|p1a: The Great Wall\n|-damage|p1a: The Great Wall|61\/100\n|\n|-heal|p1a: The Great Wall|67\/100|[from] item: Leftovers\n|-heal|p2a: Groudon|91\/100 par|[from] item: Leftovers\n|upkeep\n|turn|99\n|\n|t:|1657392425\n|switch|p2a: Xerneas|Xerneas|88\/100 tox\n|move|p1a: The Great Wall|Knock Off|p2a: Xerneas\n|-resisted|p2a: Xerneas\n|-damage|p2a: Xerneas|84\/100 tox\n|\n|-heal|p1a: The Great Wall|73\/100|[from] item: Leftovers\n|-heal|p2a: Xerneas|96\/100 tox|[from] ability: Poison Heal\n|upkeep\n|turn|100\n|\n|t:|1657392434\n|switch|p2a: Eternatus|Eternatus|84\/100 par\n|switch|p1a: .-. . --. ..|Registeel|100\/100\n|\n|upkeep\n|turn|101\n|\n|t:|1657392439\n|cant|p2a: Eternatus|par\n|move|p1a: .-. . --. ..|U-turn|p2a: Eternatus\n|-resisted|p2a: Eternatus\n|-damage|p2a: Eternatus|79\/100 par\n|\n|t:|1657392441\n|switch|p1a: Assist Abuser|Groudon|44\/100|[from]move: U-turn\n|\n|-heal|p1a: Assist Abuser|50\/100|[from] item: Leftovers\n|upkeep\n|turn|102\n|\n|t:|1657392447\n|switch|p2a: Palkia|Palkia|76\/100\n|move|p1a: Assist Abuser|U-turn|p2a: Palkia\n|-crit|p2a: Palkia\n|-damage|p2a: Palkia|63\/100\n|\n|t:|1657392450\n|switch|p1a: .-. . --. ..|Registeel|100\/100|[from]move: U-turn\n|\n|upkeep\n|turn|103\n|\n|t:|1657392454\n|move|p2a: Palkia|Nuzzle|p1a: .-. . --. ..\n|-damage|p1a: .-. . --. ..|97\/100\n|-status|p1a: .-. . --. ..|par\n|move|p1a: .-. . --. ..|Poison Fang|p2a: Palkia\n|-damage|p2a: Palkia|59\/100\n|\n|upkeep\n|turn|104\n|\n|t:|1657392457\n|switch|p2a: Xerneas|Xerneas|96\/100 tox\n|cant|p1a: .-. . --. ..|par\n|\n|-heal|p2a: Xerneas|100\/100 tox|[from] ability: Poison Heal\n|upkeep\n|turn|105\n|\n|t:|1657392464\n|switch|p2a: Eternatus|Eternatus|79\/100 par\n|move|p1a: .-. . --. ..|U-turn|p2a: Eternatus\n|-resisted|p2a: Eternatus\n|-damage|p2a: Eternatus|75\/100 par\n|\n|t:|1657392467\n|switch|p1a: Assist Abuser|Groudon|50\/100|[from]move: U-turn\n|\n|-heal|p1a: Assist Abuser|56\/100|[from] item: Leftovers\n|upkeep\n|turn|106\n|\n|t:|1657392470\n|switch|p1a: .-. . --. ..|Registeel|100\/100 par\n|switch|p2a: Giratina|Giratina|75\/100 tox\n|\n|-damage|p2a: Giratina|69\/100 tox|[from] psn\n|upkeep\n|turn|107\n|\n|t:|1657392476\n|switch|p1a: The Great Wall|Lunala|73\/100\n|move|p2a: Giratina|Flip Turn|p1a: The Great Wall\n|-damage|p1a: The Great Wall|63\/100\n|\n|t:|1657392478\n|switch|p2a: Eternatus|Eternatus|75\/100 par|[from]move: Flip Turn\n|\n|-heal|p1a: The Great Wall|69\/100|[from] item: Leftovers\n|upkeep\n|turn|108\n|\n|t:|1657392481\n|switch|p1a: .-. . --. ..|Registeel|100\/100 par\n|cant|p2a: Eternatus|par\n|\n|upkeep\n|turn|109\n|\n|t:|1657392487\n|switch|p1a: Assist Abuser|Groudon|56\/100\n|move|p2a: Eternatus|Core Enforcer|p1a: Assist Abuser\n|-damage|p1a: Assist Abuser|16\/100\n|\n|-heal|p1a: Assist Abuser|22\/100|[from] item: Leftovers\n|upkeep\n|turn|110\n|\n|t:|1657392493\n|switch|p2a: Giratina|Giratina|69\/100 tox\n|move|p1a: Assist Abuser|U-turn|p2a: Giratina\n|-resisted|p2a: Giratina\n|-damage|p2a: Giratina|63\/100 tox\n|\n|t:|1657392495\n|switch|p1a: The Great Wall|Lunala|69\/100|[from]move: U-turn\n|\n|-heal|p1a: The Great Wall|75\/100|[from] item: Leftovers\n|-damage|p2a: Giratina|57\/100 tox|[from] psn\n|upkeep\n|turn|111\n|\n|t:|1657392498\n|move|p1a: The Great Wall|Knock Off|p2a: Giratina\n|-supereffective|p2a: Giratina\n|-damage|p2a: Giratina|44\/100 tox\n|move|p2a: Giratina|Flip Turn|p1a: The Great Wall\n|-damage|p1a: The Great Wall|63\/100\n|\n|t:|1657392500\n|switch|p2a: Eternatus|Eternatus|75\/100 par|[from]move: Flip Turn\n|\n|-heal|p1a: The Great Wall|70\/100|[from] item: Leftovers\n|upkeep\n|turn|112\n|\n|t:|1657392505\n|switch|p1a: .-. . --. ..|Registeel|100\/100 par\n|move|p2a: Eternatus|Spikes|p1a: .-. . --. ..\n|-sidestart|p1: SwabluIsAHat|Spikes\n|\n|upkeep\n|turn|113\n|\n|t:|1657392509\n|switch|p2a: Giratina|Giratina|44\/100 tox\n|move|p1a: .-. . --. ..|Rapid Spin|p2a: Giratina\n|-immune|p2a: Giratina\n|\n|-damage|p2a: Giratina|38\/100 tox|[from] psn\n|upkeep\n|turn|114\n|\n|t:|1657392514\n|move|p2a: Giratina|Shore Up|p2a: Giratina\n|-heal|p2a: Giratina|88\/100 tox\n|move|p1a: .-. . --. ..|Rapid Spin|p2a: Giratina\n|-immune|p2a: Giratina\n|\n|-damage|p2a: Giratina|76\/100 tox|[from] psn\n|upkeep\n|turn|115\n|\n|t:|1657392520\n|move|p2a: Giratina|Core Enforcer|p1a: .-. . --. ..\n|-resisted|p1a: .-. . --. ..\n|-damage|p1a: .-. . --. ..|93\/100 par\n|cant|p1a: .-. . --. ..|par\n|\n|-damage|p2a: Giratina|57\/100 tox|[from] psn\n|upkeep\n|turn|116\n|\n|t:|1657392527\n|move|p2a: Giratina|Flip Turn|p1a: .-. . --. ..\n|-damage|p1a: .-. . --. ..|83\/100 par\n|\n|t:|1657392530\n|switch|p2a: Groudon|Groudon|91\/100 par|[from]move: Flip Turn\n|move|p1a: .-. . --. ..|U-turn|p2a: Groudon\n|-damage|p2a: Groudon|81\/100 par\n|\n|t:|1657392533\n|switch|p1a: Assist Abuser|Groudon|22\/100|[from]move: U-turn\n|-damage|p1a: Assist Abuser|10\/100|[from] Spikes\n|\n|-heal|p1a: Assist Abuser|16\/100|[from] item: Leftovers\n|-heal|p2a: Groudon|88\/100 par|[from] item: Leftovers\n|upkeep\n|turn|117\n|\n|t:|1657392540\n|move|p1a: Assist Abuser|Strength Sap|p2a: Groudon\n|-unboost|p2a: Groudon|atk|1\n|-heal|p1a: Assist Abuser|100\/100\n|move|p2a: Groudon|Thousand Arrows|p1a: Assist Abuser\n|-damage|p1a: Assist Abuser|82\/100\n|\n|-heal|p1a: Assist Abuser|89\/100|[from] item: Leftovers\n|-heal|p2a: Groudon|94\/100 par|[from] item: Leftovers\n|upkeep\n|turn|118\n|\n|t:|1657392568\n|switch|p2a: Palkia|Palkia|59\/100\n|move|p1a: Assist Abuser|U-turn|p2a: Palkia\n|-damage|p2a: Palkia|50\/100\n|\n|t:|1657392570\n|switch|p1a: .-. . --. ..|Registeel|100\/100 par|[from]move: U-turn\n|-damage|p1a: .-. . --. ..|88\/100 par|[from] Spikes\n|\n|upkeep\n|turn|119\n|\n|t:|1657392574\n|move|p2a: Palkia|Shore Up|p2a: Palkia\n|-heal|p2a: Palkia|99\/100\n|move|p1a: .-. . --. ..|Poison Fang|p2a: Palkia\n|-damage|p2a: Palkia|96\/100\n|\n|upkeep\n|turn|120\n|\n|t:|1657392579\n|switch|p2a: Eternatus|Eternatus|75\/100 par\n|move|p1a: .-. . --. ..|Poison Fang|p2a: Eternatus\n|-resisted|p2a: Eternatus\n|-damage|p2a: Eternatus|71\/100 par\n|\n|upkeep\n|turn|121\n|\n|t:|1657392585\n|switch|p2a: Giratina|Giratina|57\/100 tox\n|move|p1a: .-. . --. ..|Rapid Spin|p2a: Giratina\n|-immune|p2a: Giratina\n|\n|-damage|p2a: Giratina|51\/100 tox|[from] psn\n|upkeep\n|turn|122\n|\n|t:|1657392589\n|switch|p2a: Xerneas|Xerneas|100\/100 tox\n|move|p1a: .-. . --. ..|Nuzzle|p2a: Xerneas\n|-crit|p2a: Xerneas\n|-damage|p2a: Xerneas|96\/100 tox\n|\n|-heal|p2a: Xerneas|100\/100 tox|[from] ability: Poison Heal\n|upkeep\n|turn|123\n|\n|t:|1657392593\n|switch|p2a: Giratina|Giratina|51\/100 tox\n|move|p1a: .-. . --. ..|Rapid Spin|p2a: Giratina\n|-immune|p2a: Giratina\n|\n|-damage|p2a: Giratina|45\/100 tox|[from] psn\n|upkeep\n|turn|124\n|\n|t:|1657392599\n|move|p2a: Giratina|Shore Up|p2a: Giratina\n|-heal|p2a: Giratina|95\/100 tox\n|move|p1a: .-. . --. ..|Nuzzle|p2a: Giratina\n|-resisted|p2a: Giratina\n|-damage|p2a: Giratina|94\/100 tox\n|\n|-damage|p2a: Giratina|82\/100 tox|[from] psn\n|upkeep\n|turn|125\n|\n|t:|1657392607\n|move|p2a: Giratina|Core Enforcer|p1a: .-. . --. ..\n|-resisted|p1a: .-. . --. ..\n|-damage|p1a: .-. . --. ..|81\/100 par\n|move|p1a: .-. . --. ..|Rapid Spin|p2a: Giratina\n|-immune|p2a: Giratina\n|\n|-damage|p2a: Giratina|63\/100 tox|[from] psn\n|upkeep\n|turn|126\n|\n|t:|1657392610\n|switch|p2a: Xerneas|Xerneas|100\/100 tox\n|move|p1a: .-. . --. ..|Rapid Spin|p2a: Xerneas\n|-damage|p2a: Xerneas|93\/100 tox\n|-boost|p1a: .-. . --. ..|spe|1\n|-sideend|p1: SwabluIsAHat|Spikes|[from] move: Rapid Spin|[of] p1a: .-. . --. ..\n|\n|-heal|p2a: Xerneas|100\/100 tox|[from] ability: Poison Heal\n|upkeep\n|turn|127\n|\n|t:|1657392616\n|switch|p2a: Groudon|Groudon|94\/100 par\n|move|p1a: .-. . --. ..|U-turn|p2a: Groudon\n|-damage|p2a: Groudon|85\/100 par\n|\n|t:|1657392619\n|switch|p1a: Assist Abuser|Groudon|89\/100|[from]move: U-turn\n|\n|-heal|p1a: Assist Abuser|95\/100|[from] item: Leftovers\n|-heal|p2a: Groudon|92\/100 par|[from] item: Leftovers\n|upkeep\n|turn|128\n|\n|t:|1657392624\n|switch|p2a: Giratina|Giratina|63\/100 tox\n|move|p1a: Assist Abuser|U-turn|p2a: Giratina\n|-resisted|p2a: Giratina\n|-damage|p2a: Giratina|57\/100 tox\n|\n|t:|1657392627\n|switch|p1a: The Great Wall|Lunala|70\/100|[from]move: U-turn\n|\n|-heal|p1a: The Great Wall|76\/100|[from] item: Leftovers\n|-damage|p2a: Giratina|51\/100 tox|[from] psn\n|upkeep\n|turn|129\n|\n|t:|1657392631\n|switch|p2a: Xerneas|Xerneas|100\/100 tox\n|move|p1a: The Great Wall|Knock Off|p2a: Xerneas\n|-resisted|p2a: Xerneas\n|-damage|p2a: Xerneas|96\/100 tox\n|\n|-heal|p1a: The Great Wall|82\/100|[from] item: Leftovers\n|-heal|p2a: Xerneas|100\/100 tox|[from] ability: Poison Heal\n|upkeep\n|turn|130\n|\n|t:|1657392646\n|switch|p2a: Eternatus|Eternatus|71\/100 par\n|switch|p1a: Assist Abuser|Groudon|95\/100\n|\n|-heal|p1a: Assist Abuser|100\/100|[from] item: Leftovers\n|upkeep\n|turn|131\n|\n|t:|1657392653\n|switch|p2a: Giratina|Giratina|51\/100 tox\n|move|p1a: Assist Abuser|Spikes|p2a: Giratina\n|move|p2a: Giratina|Spikes|p1a: Assist Abuser|[from]ability: Magic Bounce\n|-sidestart|p1: SwabluIsAHat|Spikes\n|\n|-damage|p2a: Giratina|45\/100 tox|[from] psn\n|upkeep\n|turn|132\n|\n|t:|1657392656\n|move|p1a: Assist Abuser|Spikes|p2a: Giratina\n|move|p2a: Giratina|Spikes|p1a: Assist Abuser|[from]ability: Magic Bounce\n|-sidestart|p1: SwabluIsAHat|Spikes\n|move|p2a: Giratina|Flip Turn|p1a: Assist Abuser\n|-supereffective|p1a: Assist Abuser\n|-damage|p1a: Assist Abuser|84\/100\n|\n|t:|1657392662\n|switch|p2a: Xerneas|Xerneas|100\/100 tox|[from]move: Flip Turn\n|\n|-heal|p1a: Assist Abuser|90\/100|[from] item: Leftovers\n|upkeep\n|turn|133\n|\n|t:|1657392673\n|move|p2a: Xerneas|Moonblast|p1a: Assist Abuser\n|-damage|p1a: Assist Abuser|54\/100\n|move|p1a: Assist Abuser|Spikes|p2a: Xerneas\n|-sidestart|p2: Redflix|Spikes\n|\n|-heal|p1a: Assist Abuser|60\/100|[from] item: Leftovers\n|upkeep\n|turn|134\n|\n|t:|1657392682\n|switch|p2a: Giratina|Giratina|45\/100 tox\n|-damage|p2a: Giratina|33\/100 tox|[from] Spikes\n|move|p1a: Assist Abuser|Strength Sap|p2a: Giratina\n|move|p2a: Giratina|Strength Sap|p1a: Assist Abuser|[from]ability: Magic Bounce\n|-unboost|p1a: Assist Abuser|atk|1\n|-heal|p2a: Giratina|100\/100 tox\n|\n|-heal|p1a: Assist Abuser|66\/100|[from] item: Leftovers\n|-damage|p2a: Giratina|94\/100 tox|[from] psn\n|upkeep\n|turn|135\n|\n|t:|1657392686\n|move|p1a: Assist Abuser|Strength Sap|p2a: Giratina\n|move|p2a: Giratina|Strength Sap|p1a: Assist Abuser|[from]ability: Magic Bounce\n|-unboost|p1a: Assist Abuser|atk|1\n|-heal|p2a: Giratina|100\/100 tox\n|move|p2a: Giratina|Flip Turn|p1a: Assist Abuser\n|-supereffective|p1a: Assist Abuser\n|-damage|p1a: Assist Abuser|49\/100\n|\n|t:|1657392691\n|switch|p2a: Xerneas|Xerneas|100\/100 tox|[from]move: Flip Turn\n|-damage|p2a: Xerneas|88\/100 tox|[from] Spikes\n|\n|-heal|p1a: Assist Abuser|55\/100|[from] item: Leftovers\n|-heal|p2a: Xerneas|100\/100 tox|[from] ability: Poison Heal\n|upkeep\n|turn|136\n|\n|t:|1657392694\n|switch|p2a: Giratina|Giratina|100\/100 tox\n|-damage|p2a: Giratina|88\/100 tox|[from] Spikes\n|move|p1a: Assist Abuser|Purify|p2a: Giratina\n|move|p2a: Giratina|Purify|p1a: Assist Abuser|[from]ability: Magic Bounce\n|\n|-heal|p1a: Assist Abuser|61\/100|[from] item: Leftovers\n|-damage|p2a: Giratina|82\/100 tox|[from] psn\n|upkeep\n|turn|137\n|\n|t:|1657392702\n|move|p1a: Assist Abuser|Spikes|p2a: Giratina\n|move|p2a: Giratina|Spikes|p1a: Assist Abuser|[from]ability: Magic Bounce\n|-sidestart|p1: SwabluIsAHat|Spikes\n|move|p2a: Giratina|Flip Turn|p1a: Assist Abuser\n|-supereffective|p1a: Assist Abuser\n|-damage|p1a: Assist Abuser|44\/100\n|\n|t:|1657392705\n|switch|p2a: Xerneas|Xerneas|100\/100 tox|[from]move: Flip Turn\n|-damage|p2a: Xerneas|88\/100 tox|[from] Spikes\n|\n|-heal|p1a: Assist Abuser|50\/100|[from] item: Leftovers\n|-heal|p2a: Xerneas|100\/100 tox|[from] ability: Poison Heal\n|upkeep\n|turn|138\n|-message|SwabluIsAHat forfeited.\n|\n|win|Redflix\n|raw|SwabluIsAHat's rating: 1577 &rarr; <strong>1567<\/strong><br \/>(-10 for losing)\n|raw|Redflix's rating: 1757 &rarr; <strong>1767<\/strong><br \/>(+10 for winning)\n|l|\u2606SwabluIsAHat\n","uploadtime":1657392711,"views":25,"p1id":"swabluisahat","p2id":"redflix","formatid":"gen8balancedhackmons","rating":1567,"private":0,"password":null}