{"id":"gen8bdspou-1466068226","p1":"Yumina","p2":"Hikari-miyako","format":"gen8bdspou","log":"|html|<div class=\"broadcast-blue\"><strong>[Gen 8 BDSP] OU is currently suspecting Latios! For information on how to participate check out the <a href=\"https:\/\/www.smogon.com\/forums\/threads\/np-bdsp-ou-suspect-process-round-1-mr-blue-sky.3694109\/\">suspect thread<\/a>.<\/strong><\/div>\n|j|\u2606Yumina\n|j|\u2606Hikari-miyako\n|t:|1638565889\n|gametype|singles\n|player|p1|Yumina|265|1464\n|player|p2|Hikari-miyako|ariana|1503\n|teamsize|p1|6\n|teamsize|p2|6\n|gen|8\n|tier|[Gen 8 BDSP] OU\n|rated|\n|rule|Sleep Clause Mod: Limit one foe put to sleep\n|rule|Species Clause: Limit one of each Pok\u00e9mon\n|rule|OHKO Clause: OHKO moves are banned\n|rule|Evasion Moves Clause: Evasion moves are banned\n|rule|Endless Battle Clause: Forcing endless battles is banned\n|rule|HP Percentage Mod: HP is shown in percentages\n|clearpoke\n|poke|p1|Garchomp, M|\n|poke|p1|Starmie|\n|poke|p1|Clefable, M|\n|poke|p1|Xatu, M|\n|poke|p1|Shedinja|\n|poke|p1|Entei|\n|poke|p2|Garchomp, M|\n|poke|p2|Blastoise, F|\n|poke|p2|Azelf|\n|poke|p2|Gliscor, F|\n|poke|p2|Metagross|\n|poke|p2|Infernape, F|\n|teampreview\n|j| lumpy in my trousy\n|inactive|Battle timer is ON: inactive players will automatically lose when time's up. (requested by Hikari-miyako)\n|\n|t:|1638565903\n|start\n|switch|p1a: Garchomp|Garchomp, M|100\/100\n|switch|p2a: Gliscor|Gliscor, F|100\/100\n|turn|1\n|\n|t:|1638565907\n|switch|p1a: Xatu|Xatu, M|100\/100\n|move|p2a: Gliscor|U-turn|p1a: Xatu\n|-damage|p1a: Xatu|79\/100\n|\n|t:|1638565911\n|switch|p2a: Azelf|Azelf|100\/100|[from]move: U-turn\n|\n|-heal|p1a: Xatu|85\/100|[from] item: Leftovers\n|upkeep\n|turn|2\n|\n|t:|1638565917\n|move|p2a: Azelf|Thunderbolt|p1a: Xatu\n|-supereffective|p1a: Xatu\n|-damage|p1a: Xatu|0 fnt\n|faint|p1a: Xatu\n|\n|upkeep\n|\n|t:|1638565930\n|switch|p1a: Garchomp|Garchomp, M|100\/100\n|turn|3\n|\n|t:|1638565932\n|switch|p2a: Gliscor|Gliscor, F|100\/100\n|move|p1a: Garchomp|Stealth Rock|p2a: Gliscor\n|-sidestart|p2: Hikari-miyako|move: Stealth Rock\n|\n|-status|p2a: Gliscor|tox|[from] item: Toxic Orb\n|upkeep\n|turn|4\n|\n|t:|1638565934\n|switch|p1a: Starmie|Starmie|100\/100\n|move|p2a: Gliscor|Stealth Rock|p1a: Starmie\n|-sidestart|p1: Yumina|move: Stealth Rock\n|\n|upkeep\n|turn|5\n|\n|t:|1638565938\n|move|p1a: Starmie|Rapid Spin|p2a: Gliscor\n|-damage|p2a: Gliscor|91\/100 tox\n|-boost|p1a: Starmie|spe|1\n|-sideend|p1: Yumina|Stealth Rock|[from] move: Rapid Spin|[of] p1a: Starmie\n|-damage|p1a: Starmie|91\/100|[from] item: Life Orb\n|move|p2a: Gliscor|U-turn|p1a: Starmie\n|-supereffective|p1a: Starmie\n|-damage|p1a: Starmie|30\/100\n|\n|t:|1638565946\n|switch|p2a: Metagross|Metagross|100\/100|[from]move: U-turn\n|-damage|p2a: Metagross|95\/100|[from] Stealth Rock\n|\n|upkeep\n|turn|6\n|\n|t:|1638565950\n|switch|p1a: Shedinja|Shedinja|100\/100\n|move|p2a: Metagross|Earthquake|p1a: Shedinja\n|-immune|p1a: Shedinja|[from] ability: Wonder Guard\n|\n|upkeep\n|turn|7\n|\n|t:|1638565957\n|switch|p2a: Gliscor|Gliscor, F|91\/100 tox\n|-damage|p2a: Gliscor|79\/100 tox|[from] Stealth Rock\n|move|p1a: Shedinja|Shadow Claw|p2a: Gliscor\n|-damage|p2a: Gliscor|51\/100 tox\n|\n|-heal|p2a: Gliscor|63\/100 tox|[from] ability: Poison Heal\n|upkeep\n|turn|8\n|\n|t:|1638565970\n|switch|p1a: Clefable|Clefable, M|100\/100\n|move|p2a: Gliscor|Earthquake|p1a: Clefable\n|-damage|p1a: Clefable|46\/100\n|\n|-heal|p2a: Gliscor|76\/100 tox|[from] ability: Poison Heal\n|upkeep\n|turn|9\n|\n|t:|1638565978\n|move|p2a: Gliscor|Earthquake|p1a: Clefable\n|-damage|p1a: Clefable|0 fnt\n|faint|p1a: Clefable\n|\n|-heal|p2a: Gliscor|88\/100 tox|[from] ability: Poison Heal\n|upkeep\n|\n|t:|1638565979\n|switch|p1a: Starmie|Starmie|30\/100\n|turn|10\n|\n|t:|1638565989\n|switch|p2a: Metagross|Metagross|95\/100\n|-damage|p2a: Metagross|89\/100|[from] Stealth Rock\n|move|p1a: Starmie|Recover|p1a: Starmie\n|-heal|p1a: Starmie|80\/100\n|\n|upkeep\n|turn|11\n|\n|t:|1638565995\n|switch|p1a: Shedinja|Shedinja|100\/100\n|move|p2a: Metagross|Earthquake|p1a: Shedinja\n|-immune|p1a: Shedinja|[from] ability: Wonder Guard\n|\n|upkeep\n|turn|12\n|\n|t:|1638566004\n|switch|p2a: Gliscor|Gliscor, F|88\/100 tox\n|-damage|p2a: Gliscor|76\/100 tox|[from] Stealth Rock\n|switch|p1a: Starmie|Starmie|80\/100\n|\n|-heal|p2a: Gliscor|88\/100 tox|[from] ability: Poison Heal\n|upkeep\n|turn|13\n|\n|t:|1638566019\n|move|p1a: Starmie|Scald|p2a: Gliscor\n|-supereffective|p2a: Gliscor\n|-damage|p2a: Gliscor|0 fnt\n|faint|p2a: Gliscor\n|-damage|p1a: Starmie|70\/100|[from] item: Life Orb\n|\n|upkeep\n|\n|t:|1638566028\n|switch|p2a: Garchomp|Garchomp, M|100\/100\n|-damage|p2a: Garchomp|94\/100|[from] Stealth Rock\n|turn|14\n|\n|t:|1638566033\n|move|p2a: Garchomp|Earthquake|p1a: Starmie\n|-damage|p1a: Starmie|0 fnt\n|faint|p1a: Starmie\n|\n|upkeep\n|\n|t:|1638566034\n|switch|p1a: Shedinja|Shedinja|100\/100\n|turn|15\n|\n|t:|1638566040\n|switch|p2a: Infernape|Infernape, F|100\/100\n|-damage|p2a: Infernape|88\/100|[from] Stealth Rock\n|move|p1a: Shedinja|Will-O-Wisp|p2a: Infernape\n|-immune|p2a: Infernape\n|\n|upkeep\n|turn|16\n|\n|t:|1638566044\n|move|p1a: Shedinja|Protect|p1a: Shedinja\n|-singleturn|p1a: Shedinja|Protect\n|move|p2a: Infernape|U-turn|p1a: Shedinja\n|-activate|p1a: Shedinja|move: Protect\n|\n|upkeep\n|turn|17\n|\n|t:|1638566048\n|move|p2a: Infernape|U-turn|p1a: Shedinja\n|-immune|p1a: Shedinja|[from] ability: Wonder Guard\n|move|p1a: Shedinja|Shadow Claw|p2a: Infernape\n|-damage|p2a: Infernape|41\/100\n|\n|upkeep\n|turn|18\n|\n|t:|1638566052\n|switch|p2a: Azelf|Azelf|100\/100\n|-damage|p2a: Azelf|88\/100|[from] Stealth Rock\n|move|p1a: Shedinja|Will-O-Wisp|p2a: Azelf\n|-status|p2a: Azelf|brn\n|\n|-damage|p2a: Azelf|82\/100 brn|[from] brn\n|upkeep\n|turn|19\n|\n|t:|1638566057\n|move|p1a: Shedinja|Protect|p1a: Shedinja\n|-singleturn|p1a: Shedinja|Protect\n|move|p2a: Azelf|Flamethrower|p1a: Shedinja\n|-activate|p1a: Shedinja|move: Protect\n|\n|-damage|p2a: Azelf|76\/100 brn|[from] brn\n|upkeep\n|turn|20\n|\n|t:|1638566062\n|switch|p2a: Garchomp|Garchomp, M|94\/100\n|-damage|p2a: Garchomp|88\/100|[from] Stealth Rock\n|switch|p1a: Garchomp|Garchomp, M|100\/100\n|\n|upkeep\n|turn|21\n|\n|t:|1638566069\n|switch|p1a: Shedinja|Shedinja|100\/100\n|move|p2a: Garchomp|Outrage|p1a: Shedinja\n|-immune|p1a: Shedinja|[from] ability: Wonder Guard\n|\n|upkeep\n|turn|22\n|\n|t:|1638566076\n|switch|p2a: Azelf|Azelf|76\/100 brn\n|-damage|p2a: Azelf|63\/100 brn|[from] Stealth Rock\n|move|p1a: Shedinja|Shadow Claw|p2a: Azelf\n|-supereffective|p2a: Azelf\n|-damage|p2a: Azelf|0 fnt\n|faint|p2a: Azelf\n|\n|upkeep\n|\n|t:|1638566081\n|switch|p2a: Infernape|Infernape, F|41\/100\n|-damage|p2a: Infernape|28\/100|[from] Stealth Rock\n|turn|23\n|\n|t:|1638566087\n|move|p1a: Shedinja|Protect|p1a: Shedinja\n|-singleturn|p1a: Shedinja|Protect\n|move|p2a: Infernape|Flare Blitz|p1a: Shedinja\n|-activate|p1a: Shedinja|move: Protect\n|\n|upkeep\n|turn|24\n|\n|t:|1638566096\n|move|p2a: Infernape|Flare Blitz|p1a: Shedinja\n|-supereffective|p1a: Shedinja\n|-enditem|p1a: Shedinja|Focus Sash\n|-damage|p1a: Shedinja|100\/100\n|move|p1a: Shedinja|Shadow Claw|p2a: Infernape\n|-damage|p2a: Infernape|0 fnt\n|faint|p2a: Infernape\n|\n|upkeep\n|\n|t:|1638566099\n|switch|p2a: Garchomp|Garchomp, M|88\/100\n|-damage|p2a: Garchomp|82\/100|[from] Stealth Rock\n|turn|25\n|\n|t:|1638566103\n|move|p1a: Shedinja|Protect|p1a: Shedinja\n|-singleturn|p1a: Shedinja|Protect\n|move|p2a: Garchomp|Stone Edge|p1a: Shedinja\n|-activate|p1a: Shedinja|move: Protect\n|\n|upkeep\n|turn|26\n|\n|t:|1638566107\n|switch|p2a: Blastoise|Blastoise, F|100\/100\n|-damage|p2a: Blastoise|88\/100|[from] Stealth Rock\n|switch|p1a: Garchomp|Garchomp, M|100\/100\n|\n|upkeep\n|turn|27\n|\n|t:|1638566110\n|switch|p1a: Shedinja|Shedinja|100\/100\n|move|p2a: Blastoise|Ice Beam|p1a: Shedinja\n|-immune|p1a: Shedinja|[from] ability: Wonder Guard\n|\n|upkeep\n|turn|28\n|-message|Hikari-miyako forfeited.\n|\n|win|Yumina\n|raw|Yumina's rating: 1464 &rarr; <strong>1486<\/strong><br \/>(+22 for winning)\n|raw|Hikari-miyako's rating: 1503 &rarr; <strong>1481<\/strong><br \/>(-22 for losing)\n|l|\u2606Hikari-miyako\n||Ladder isn't responding, score probably updated but might not have (Request timeout).\n","uploadtime":1638566124,"views":28,"p1id":"yumina","p2id":"hikarimiyako","formatid":"gen8bdspou","rating":1481,"private":0,"password":null}