{"id":"gen8mixandmega-1706845930","p1":"Faygos","p2":"lolgz","format":"gen8mixandmega","log":"|j|\u2606Faygos\n|j|\u2606lolgz\n|inactive|Battle timer is ON: inactive players will automatically lose when time's up.\n|t:|1668026319\n|gametype|singles\n|player|p1|Faygos|265|\n|player|p2|lolgz|2|\n|teamsize|p1|6\n|teamsize|p2|6\n|gen|8\n|tier|[Gen 8] Mix and Mega\n|rated|Tournament battle\n|rule|Species Clause: Limit one of each Pok\u00e9mon\n|rule|OHKO Clause: OHKO moves are banned\n|rule|Evasion Moves Clause: Evasion moves are banned\n|rule|Endless Battle Clause: Forcing endless battles is banned\n|rule|Dynamax Clause: You cannot dynamax\n|rule|HP Percentage Mod: HP is shown in percentages\n|rule|Sleep Clause Mod: Limit one foe put to sleep\n|clearpoke\n|poke|p1|Lunala|\n|poke|p1|Celesteela|\n|poke|p1|Landorus, M|\n|poke|p1|Palkia|\n|poke|p1|Regieleki|\n|poke|p1|Pheromosa|\n|poke|p2|Garchomp, M|\n|poke|p2|Mew|\n|poke|p2|Xerneas-*|\n|poke|p2|Regieleki|\n|poke|p2|Entei|\n|poke|p2|Solgaleo|\n|teampreview\n|j|*Lady Monita \u263d\n|inactive|Faygos also wants the timer to be on.\n|inactive|lolgz also wants the timer to be on.\n|j| kid1318\n|j| AtariAlex\n|c|\u2606Faygos|why are people still using this\n|j| black knight..smh\n|\n|t:|1668026346\n|start\n|switch|p1a: Palkia|Palkia|100\/100\n|switch|p2a: Mew|Mew|100\/100\n|-ability|p1a: Palkia|Pressure\n|turn|1\n|\n|t:|1668026358\n|detailschange|p2a: Mew|Mew\n|-mega|p2a: Mew|Mew|Ampharosite\n|-ability|p2a: Mew|Mold Breaker\n|-start|p2a: Mew|Ampharosite|[silent]\n|-start|p2a: Mew|typechange|Psychic\/Dragon|[silent]\n|move|p2a: Mew|Toxic Spikes|p1a: Palkia\n|-sidestart|p1: Faygos|move: Toxic Spikes\n|move|p1a: Palkia|Water Spout|p2a: Mew\n|-resisted|p2a: Mew\n|-damage|p2a: Mew|46\/100\n|\n|upkeep\n|turn|2\n|\n|t:|1668026367\n|move|p2a: Mew|Earth Power|p1a: Palkia\n|-damage|p1a: Palkia|73\/100\n|move|p1a: Palkia|Water Spout|p2a: Mew\n|-resisted|p2a: Mew\n|-damage|p2a: Mew|8\/100\n|\n|upkeep\n|turn|3\n|\n|t:|1668026370\n|move|p2a: Mew|Toxic Spikes|p1a: Palkia\n|-sidestart|p1: Faygos|move: Toxic Spikes\n|move|p1a: Palkia|Water Spout|p2a: Mew\n|-resisted|p2a: Mew\n|-damage|p2a: Mew|0 fnt\n|faint|p2a: Mew\n|\n|upkeep\n|\n|t:|1668026373\n|switch|p2a: Xerneas|Xerneas|100\/100\n|-ability|p2a: Xerneas|Fairy Aura\n|turn|4\n|\n|t:|1668026376\n|move|p1a: Palkia|Water Spout|p2a: Xerneas\n|-damage|p2a: Xerneas|12\/100\n|move|p2a: Xerneas|Geomancy||[still]\n|-prepare|p2a: Xerneas|Geomancy\n|-enditem|p2a: Xerneas|Power Herb\n|-anim|p2a: Xerneas|Geomancy|p2a: Xerneas\n|-boost|p2a: Xerneas|spa|2\n|-boost|p2a: Xerneas|spd|2\n|-boost|p2a: Xerneas|spe|2\n|\n|upkeep\n|turn|5\n|\n|t:|1668026382\n|move|p2a: Xerneas|Dazzling Gleam|p1a: Palkia\n|-supereffective|p1a: Palkia\n|-damage|p1a: Palkia|0 fnt\n|faint|p1a: Palkia\n|\n|upkeep\n|\n|t:|1668026384\n|switch|p1a: Regieleki|Regieleki|100\/100\n|-status|p1a: Regieleki|tox\n|turn|6\n|\n|t:|1668026389\n|detailschange|p1a: Regieleki|Regieleki\n|-mega|p1a: Regieleki|Regieleki|Altarianite\n|-start|p1a: Regieleki|Altarianite|[silent]\n|-start|p1a: Regieleki|typechange|Electric\/Fairy|[silent]\n|move|p1a: Regieleki|Extreme Speed|p2a: Xerneas\n|-damage|p2a: Xerneas|0 fnt\n|faint|p2a: Xerneas\n|\n|-damage|p1a: Regieleki|94\/100 tox|[from] psn\n|upkeep\n|\n|t:|1668026395\n|switch|p2a: Garchomp|Garchomp, M|100\/100\n|turn|7\n|\n|t:|1668026408\n|detailschange|p2a: Garchomp|Garchomp, M\n|-mega|p2a: Garchomp|Garchomp|Heracronite\n|-start|p2a: Garchomp|Heracronite|[silent]\n|move|p1a: Regieleki|Explosion|p2a: Garchomp\n|-supereffective|p2a: Garchomp\n|-damage|p2a: Garchomp|0 fnt\n|faint|p1a: Regieleki\n|faint|p2a: Garchomp\n|\n|upkeep\n|\n|t:|1668026420\n|switch|p1a: Landorus|Landorus, M|100\/100\n|switch|p2a: Entei|Entei|100\/100\n|turn|8\n|l|\u2606lolgz\n|inactive|lolgz disconnected and has a minute to reconnect!\n|player|p2|\n|j|\u2606lolgz\n|inactive|lolgz reconnected and has 120 seconds left.\n|player|p2|lolgz|2\n|inactive|Faygos has 120 seconds left.\n|inactive|Faygos has 90 seconds left.\n|l| black knight..smh\n|j| black knight..smh\n|inactive|Faygos has 60 seconds left.\n|\n|t:|1668026547\n|detailschange|p1a: Landorus|Landorus, M\n|-mega|p1a: Landorus|Landorus|Lucarionite\n|-start|p1a: Landorus|Lucarionite|[silent]\n|detailschange|p2a: Entei|Entei\n|-mega|p2a: Entei|Entei|Altarianite\n|-start|p2a: Entei|Altarianite|[silent]\n|-start|p2a: Entei|typechange|Fire\/Fairy|[silent]\n|move|p1a: Landorus|Earthquake|p2a: Entei\n|-supereffective|p2a: Entei\n|-damage|p2a: Entei|0 fnt\n|faint|p2a: Entei\n|\n|upkeep\n|\n|t:|1668026549\n|switch|p2a: Regieleki|Regieleki|100\/100\n|turn|9\n|\n|t:|1668026556\n|-end|p1a: Landorus|Lucarionite|[silent]\n|switch|p1a: Celesteela|Celesteela|100\/100\n|detailschange|p2a: Regieleki|Regieleki\n|-mega|p2a: Regieleki|Regieleki|Glalitite\n|-start|p2a: Regieleki|Glalitite|[silent]\n|move|p2a: Regieleki|Extreme Speed|p1a: Celesteela\n|-damage|p1a: Celesteela|73\/100\n|\n|upkeep\n|turn|10\n|c|\u2606lolgz|gg\n|inactive|lolgz has 120 seconds left.\n|\n|t:|1668026568\n|detailschange|p1a: Celesteela|Celesteela\n|-mega|p1a: Celesteela|Celesteela|Sceptilite\n|-start|p1a: Celesteela|Sceptilite|[silent]\n|-start|p1a: Celesteela|typechange|Steel\/Dragon|[silent]\n|move|p2a: Regieleki|Wild Charge|p1a: Celesteela\n|-ability|p1a: Celesteela|Lightning Rod|boost\n|-boost|p1a: Celesteela|spa|1\n|move|p1a: Celesteela|Grass Knot|p2a: Regieleki\n|-damage|p2a: Regieleki|0 fnt\n|faint|p2a: Regieleki\n|\n|upkeep\n|\n|t:|1668026570\n|switch|p2a: Solgaleo|Solgaleo|100\/100\n|turn|11\n|\n|t:|1668026574\n|detailschange|p2a: Solgaleo|Solgaleo\n|-mega|p2a: Solgaleo|Solgaleo|Cameruptite\n|-start|p2a: Solgaleo|Cameruptite|[silent]\n|move|p2a: Solgaleo|Thunder|p1a: Celesteela\n|-ability|p1a: Celesteela|Lightning Rod|boost\n|-boost|p1a: Celesteela|spa|1\n|move|p1a: Celesteela|Flamethrower|p2a: Solgaleo\n|-supereffective|p2a: Solgaleo\n|-damage|p2a: Solgaleo|5\/100\n|\n|upkeep\n|turn|12\n|c|\u2606Faygos|gg\n|\n|t:|1668026578\n|move|p2a: Solgaleo|Thunder|p1a: Celesteela\n|-ability|p1a: Celesteela|Lightning Rod|boost\n|-boost|p1a: Celesteela|spa|1\n|move|p1a: Celesteela|Flamethrower|p2a: Solgaleo\n|-supereffective|p2a: Solgaleo\n|-damage|p2a: Solgaleo|0 fnt\n|faint|p2a: Solgaleo\n|\n|win|Faygos\n|n|\u2606Faygos|faygos\n|n|*Lady Monita \u263d|ladymonita\n|n| kid1318|kid1318\n|n| AtariAlex|atarialex\n|n|\u2606lolgz|lolgz\n|n| black knight..smh|blackknightsmh\n|l|*Lady Monita \u263d\n|c|\u2606Faygos|LOL\n|l|\u2606lolgz\n","uploadtime":1668026579,"views":3,"p1id":"faygos","p2id":"lolgz","formatid":"gen8mixandmega","rating":0,"private":0,"password":null}