{"id":"gen8balancedhackmons-1114190776","p1":"ferromolybdenum","p2":"Cass271","format":"gen8balancedhackmons","log":"|j|\u2606ferromolybdenum\n|j|\u2606Cass271\n|player|p1|ferromolybdenum|167|1507\n|player|p2|Cass271|lance|1341\n|teamsize|p1|6\n|teamsize|p2|6\n|gametype|singles\n|gen|8\n|tier|[Gen 8] Balanced Hackmons\n|rated|\n|rule|OHKO Clause: OHKO moves are banned\n|rule|Evasion Moves Clause: Evasion moves are banned\n|rule|Forme Clause: Limit one of each forme of a Pok\u00e9mon\n|clearpoke\n|poke|p1|Zamazenta|\n|poke|p1|Snorlax, F|\n|poke|p1|Golisopod, M|\n|poke|p1|Melmetal|\n|poke|p1|Kyurem-Black|\n|poke|p1|Eternatus|\n|poke|p2|Toxapex, F|\n|poke|p2|Doublade, F|\n|poke|p2|Eternatus|\n|poke|p2|Mandibuzz, F|\n|poke|p2|Kyurem-White|\n|poke|p2|Zamazenta-Crowned|\n|rule|HP Percentage Mod: HP is shown in percentages\n|rule|Sleep Clause Mod: Limit one foe put to sleep\n|rule|Endless Battle Clause: Forcing endless battles is banned\n|teampreview\n|\n|start\n|switch|p1a: Eternatus|Eternatus|100\/100\n|switch|p2a: F this I'm out|Toxapex, F|100\/100\n|turn|1\n|\n|move|p2a: F this I'm out|Parting Shot|p1a: Eternatus\n|-unboost|p1a: Eternatus|atk|1\n|-unboost|p1a: Eternatus|spa|1\n|\n|switch|p2a: Zamazenta|Zamazenta-Crowned|100\/100|[from]move: Parting Shot\n|move|p1a: Eternatus|Earth Power|p2a: Zamazenta\n|-supereffective|p2a: Zamazenta\n|-damage|p2a: Zamazenta|61\/100\n|\n|-heal|p2a: Zamazenta|67\/100|[from] item: Leftovers\n|upkeep\n|turn|2\n|\n|switch|p1a: Golisopod|Golisopod, M|100\/100\n|switch|p2a: Mandi|Mandibuzz, F|100\/100\n|\n|-status|p1a: Golisopod|tox|[from] item: Toxic Orb\n|upkeep\n|turn|3\n|j| Blitzchung\n|\n|move|p2a: Mandi|Parting Shot|p1a: Golisopod\n|-unboost|p1a: Golisopod|atk|1\n|-unboost|p1a: Golisopod|spa|1\n|\n|switch|p2a: Excalibur|Doublade, F, shiny|100\/100|[from]move: Parting Shot\n|move|p1a: Golisopod|Nuzzle|p2a: Excalibur\n|-damage|p2a: Excalibur|99\/100\n|-status|p2a: Excalibur|par\n|\n|upkeep\n|turn|4\n|\n|move|p2a: Excalibur|Stealth Rock|p1a: Golisopod\n|-sidestart|p1: ferromolybdenum|move: Stealth Rock\n|move|p1a: Golisopod|U-turn|p2a: Excalibur\n|-resisted|p2a: Excalibur\n|-damage|p2a: Excalibur|96\/100 par\n|\n|switch|p1a: Eternatus|Eternatus|100\/100|[from]move: U-turn\n|-damage|p1a: Eternatus|88\/100|[from] Stealth Rock\n|\n|upkeep\n|turn|5\n|\n|move|p1a: Eternatus|Earth Power|p2a: Excalibur\n|-supereffective|p2a: Excalibur\n|-damage|p2a: Excalibur|4\/100 par\n|move|p2a: Excalibur|Circle Throw|p1a: Eternatus\n|-resisted|p1a: Eternatus\n|-damage|p1a: Eternatus|83\/100\n|drag|p1a: Kyurem|Kyurem-Black|100\/100\n|-damage|p1a: Kyurem|76\/100|[from] Stealth Rock\n|\n|upkeep\n|turn|6\n|\n|move|p1a: Kyurem|Boomburst|p2a: Excalibur\n|-resisted|p2a: Excalibur\n|-damage|p2a: Excalibur|0 fnt\n|-damage|p1a: Kyurem|66\/100|[from] item: Life Orb\n|faint|p2a: Excalibur\n|\n|upkeep\n|\n|switch|p2a: Zamazenta|Zamazenta-Crowned|67\/100\n|turn|7\n|\n|switch|p1a: Golisopod|Golisopod, M|100\/100 tox\n|-damage|p1a: Golisopod|76\/100 tox|[from] Stealth Rock\n|move|p2a: Zamazenta|Anchor Shot|p1a: Golisopod\n|-resisted|p1a: Golisopod\n|-damage|p1a: Golisopod|65\/100 tox\n|-activate|p1a: Golisopod|trapped\n|\n|-heal|p2a: Zamazenta|73\/100|[from] item: Leftovers\n|-heal|p1a: Golisopod|78\/100 tox|[from] ability: Poison Heal\n|upkeep\n|turn|8\n|\n|move|p2a: Zamazenta|Strength Sap|p1a: Golisopod\n|-unboost|p1a: Golisopod|atk|1\n|-heal|p2a: Zamazenta|100\/100\n|move|p1a: Golisopod|Nuzzle|p2a: Zamazenta\n|-damage|p2a: Zamazenta|98\/100\n|-status|p2a: Zamazenta|par\n|\n|-heal|p2a: Zamazenta|100\/100 par|[from] item: Leftovers\n|-heal|p1a: Golisopod|90\/100 tox|[from] ability: Poison Heal\n|upkeep\n|turn|9\n|\n|switch|p2a: Fuu sion haaaaa|Kyurem-White|100\/100\n|-weather|PrimordialSea|[from] ability: Primordial Sea|[of] p2a: Fuu sion haaaaa\n|move|p1a: Golisopod|U-turn|p2a: Fuu sion haaaaa\n|-damage|p2a: Fuu sion haaaaa|82\/100\n|j| ChaosDragoon328\n|\n|switch|p1a: Zamazenta|Zamazenta|100\/100|[from]move: U-turn\n|-damage|p1a: Zamazenta|94\/100|[from] Stealth Rock\n|-ability|p1a: Zamazenta|Intrepid Sword|boost\n|-boost|p1a: Zamazenta|atk|1\n|\n|-weather|PrimordialSea|[upkeep]\n|upkeep\n|turn|10\n|\n|-start|p2a: Fuu sion haaaaa|Dynamax\n|-heal|p2a: Fuu sion haaaaa|82\/100|[silent]\n|move|p1a: Zamazenta|Close Combat|p2a: Fuu sion haaaaa\n|-supereffective|p2a: Fuu sion haaaaa\n|-damage|p2a: Fuu sion haaaaa|0 fnt\n|-unboost|p1a: Zamazenta|def|1\n|-unboost|p1a: Zamazenta|spd|1\n|faint|p2a: Fuu sion haaaaa\n|-weather|none\n|\n|upkeep\n|\n|switch|p2a: Amaterasu|Eternatus, shiny|100\/100\n|-ability|p2a: Amaterasu|Mold Breaker\n|turn|11\n|\n|switch|p1a: Snorlax|Snorlax, F|100\/100\n|-damage|p1a: Snorlax|88\/100|[from] Stealth Rock\n|move|p2a: Amaterasu|Quiver Dance|p2a: Amaterasu\n|-boost|p2a: Amaterasu|spa|1\n|-boost|p2a: Amaterasu|spd|1\n|-boost|p2a: Amaterasu|spe|1\n|\n|-heal|p1a: Snorlax|94\/100|[from] item: Leftovers\n|upkeep\n|turn|12\n|\n|move|p1a: Snorlax|Haze|p1a: Snorlax\n|-clearallboost\n|move|p2a: Amaterasu|Quiver Dance|p2a: Amaterasu\n|-boost|p2a: Amaterasu|spa|1\n|-boost|p2a: Amaterasu|spd|1\n|-boost|p2a: Amaterasu|spe|1\n|\n|-heal|p1a: Snorlax|99\/100|[from] item: Leftovers\n|upkeep\n|turn|13\n|\n|switch|p2a: F this I'm out|Toxapex, F|100\/100\n|move|p1a: Snorlax|Haze|p1a: Snorlax\n|-clearallboost\n|\n|-heal|p1a: Snorlax|100\/100|[from] item: Leftovers\n|upkeep\n|turn|14\n|\n|move|p2a: F this I'm out|Toxic Spikes|p1a: Snorlax\n|-sidestart|p1: ferromolybdenum|move: Toxic Spikes\n|move|p1a: Snorlax|U-turn|p2a: F this I'm out\n|-resisted|p2a: F this I'm out\n|-damage|p2a: F this I'm out|93\/100\n|\n|switch|p1a: Eternatus|Eternatus|83\/100|[from]move: U-turn\n|-damage|p1a: Eternatus|70\/100|[from] Stealth Rock\n|-sideend|p1: ferromolybdenum|move: Toxic Spikes|[of] p1a: Eternatus\n|\n|-heal|p2a: F this I'm out|99\/100|[from] item: Black Sludge\n|upkeep\n|turn|15\n|\n|move|p2a: F this I'm out|Parting Shot|p1a: Eternatus\n|-unboost|p1a: Eternatus|atk|1\n|-unboost|p1a: Eternatus|spa|1\n|l| ChaosDragoon328\n|\n|switch|p2a: Zamazenta|Zamazenta-Crowned|100\/100 par|[from]move: Parting Shot\n|move|p1a: Eternatus|Earth Power|p2a: Zamazenta\n|-supereffective|p2a: Zamazenta\n|-damage|p2a: Zamazenta|66\/100 par\n|\n|-heal|p2a: Zamazenta|72\/100 par|[from] item: Leftovers\n|upkeep\n|turn|16\n|-message|Cass271 forfeited.\n|\n|win|ferromolybdenum\n|l|\u2606Cass271\n|l|\u2606ferromolybdenum\n||Ladder (probably) updated, but score could not be retrieved (Response not received).\n","uploadtime":1589411496,"views":5,"p1id":"ferromolybdenum","p2id":"cass271","formatid":"gen8balancedhackmons","rating":0,"private":0,"password":null}