{"id":"gen8nationaldex-1698740919","p1":"ICONICAKES","p2":"Blacksponge","format":"gen8nationaldex","log":"|j|\u2606ICONICAKES\n|j|\u2606Blacksponge\n|t:|1667157132\n|gametype|singles\n|player|p1|ICONICAKES|yellow|1546\n|player|p2|Blacksponge|lucas|1625\n|teamsize|p1|6\n|teamsize|p2|6\n|gen|8\n|tier|[Gen 8] National Dex\n|rated|\n|rule|HP Percentage Mod: HP is shown in percentages\n|rule|Endless Battle Clause: Forcing endless battles is banned\n|rule|OHKO Clause: OHKO moves are banned\n|rule|Evasion Moves Clause: Evasion moves are banned\n|rule|Species Clause: Limit one of each Pok\u00e9mon\n|rule|Dynamax Clause: You cannot dynamax\n|rule|Sleep Clause Mod: Limit one foe put to sleep\n|clearpoke\n|poke|p1|Deoxys-Defense|\n|poke|p1|Ferrothorn, M|\n|poke|p1|Heatran, M|\n|poke|p1|Landorus-Therian, M|\n|poke|p1|Latias, F|\n|poke|p1|Tapu Fini|\n|poke|p2|Charizard, F|\n|poke|p2|Regieleki|\n|poke|p2|Victini|\n|poke|p2|Xatu, F|\n|poke|p2|Weavile, M|\n|poke|p2|Gliscor, F|\n|teampreview\n|inactive|Battle timer is ON: inactive players will automatically lose when time's up. (requested by ICONICAKES)\n|\n|t:|1667157138\n|start\n|switch|p1a: credens justitiam|Landorus-Therian, M|100\/100\n|switch|p2a: Weavile|Weavile, M|100\/100\n|-ability|p2a: Weavile|Pressure\n|-ability|p1a: credens justitiam|Intimidate|boost\n|-unboost|p2a: Weavile|atk|1\n|turn|1\n|\n|t:|1667157142\n|move|p2a: Weavile|Triple Axel|p1a: credens justitiam\n|-supereffective|p1a: credens justitiam\n|-damage|p1a: credens justitiam|72\/100\n|-damage|p2a: Weavile|84\/100|[from] item: Rocky Helmet|[of] p1a: credens justitiam\n|-supereffective|p1a: credens justitiam\n|-damage|p1a: credens justitiam|11\/100\n|-damage|p2a: Weavile|68\/100|[from] item: Rocky Helmet|[of] p1a: credens justitiam\n|-supereffective|p1a: credens justitiam\n|-damage|p1a: credens justitiam|0 fnt\n|-damage|p2a: Weavile|51\/100|[from] item: Rocky Helmet|[of] p1a: credens justitiam\n|faint|p1a: credens justitiam\n|-hitcount|p1: credens justitiam|3\n|\n|upkeep\n|\n|t:|1667157146\n|switch|p1a: postmeridie|Tapu Fini, shiny|100\/100\n|-fieldstart|move: Misty Terrain|[from] ability: Misty Surge|[of] p1a: postmeridie\n|turn|2\n|\n|t:|1667157153\n|switch|p2a: Gliscor|Gliscor, F|100\/100\n|move|p1a: postmeridie|Moonblast|p2a: Gliscor\n|-damage|p2a: Gliscor|73\/100\n|\n|-status|p2a: Gliscor|tox|[from] item: Toxic Orb\n|upkeep\n|turn|3\n|\n|t:|1667157157\n|switch|p1a: terror adhaerens|Ferrothorn, M, shiny|100\/100\n|move|p2a: Gliscor|U-turn|p1a: terror adhaerens\n|-damage|p1a: terror adhaerens|89\/100\n|-damage|p2a: Gliscor|61\/100 tox|[from] ability: Iron Barbs|[of] p1a: terror adhaerens\n|\n|t:|1667157161\n|switch|p2a: Charizard|Charizard, F|100\/100|[from]move: U-turn\n|\n|-heal|p1a: terror adhaerens|95\/100|[from] item: Leftovers\n|upkeep\n|turn|4\n|\n|t:|1667157165\n|switch|p1a: puella in somnio|Latias, F, shiny|100\/100\n|detailschange|p2a: Charizard|Charizard-Mega-Y, F\n|-mega|p2a: Charizard|Charizard|Charizardite Y\n|-weather|SunnyDay|[from] ability: Drought|[of] p2a: Charizard\n|move|p2a: Charizard|Weather Ball|p1a: puella in somnio\n|-resisted|p1a: puella in somnio\n|-damage|p1a: puella in somnio|65\/100\n|\n|-weather|SunnyDay|[upkeep]\n|upkeep\n|turn|5\n|\n|t:|1667157169\n|switch|p2a: Victini|Victini|100\/100\n|detailschange|p1a: puella in somnio|Latias-Mega, F, shiny\n|-mega|p1a: puella in somnio|Latias|Latiasite\n|move|p1a: puella in somnio|Aura Sphere|p2a: Victini\n|-resisted|p2a: Victini\n|-damage|p2a: Victini|88\/100\n|\n|-weather|SunnyDay|[upkeep]\n|upkeep\n|turn|6\n|\n|t:|1667157175\n|move|p1a: puella in somnio|Roost|p1a: puella in somnio\n|-heal|p1a: puella in somnio|100\/100\n|-singleturn|p1a: puella in somnio|move: Roost\n|move|p2a: Victini|U-turn|p1a: puella in somnio\n|-supereffective|p1a: puella in somnio\n|-damage|p1a: puella in somnio|49\/100\n|\n|t:|1667157179\n|switch|p2a: Weavile|Weavile, M|51\/100|[from]move: U-turn\n|-ability|p2a: Weavile|Pressure\n|\n|-weather|SunnyDay|[upkeep]\n|-fieldend|Misty Terrain\n|upkeep\n|turn|7\n|\n|t:|1667157182\n|move|p2a: Weavile|Knock Off|p1a: puella in somnio\n|-supereffective|p1a: puella in somnio\n|-damage|p1a: puella in somnio|0 fnt\n|faint|p1a: puella in somnio\n|\n|-weather|SunnyDay|[upkeep]\n|upkeep\n|\n|t:|1667157185\n|switch|p1a: cor destructium|Heatran, M, shiny|100\/100\n|turn|8\n|\n|t:|1667157188\n|move|p2a: Weavile|Knock Off|p1a: cor destructium\n|-damage|p1a: cor destructium|52\/100\n|move|p1a: cor destructium|Magma Storm|p2a: Weavile\n|-supereffective|p2a: Weavile\n|-damage|p2a: Weavile|0 fnt\n|faint|p2a: Weavile\n|\n|-weather|none\n|upkeep\n|\n|t:|1667157194\n|switch|p2a: Charizard|Charizard-Mega-Y, F|100\/100\n|-weather|SunnyDay|[from] ability: Drought|[of] p2a: Charizard\n|turn|9\n|\n|t:|1667157199\n|switch|p1a: postmeridie|Tapu Fini, shiny|100\/100\n|-fieldstart|move: Misty Terrain|[from] ability: Misty Surge|[of] p1a: postmeridie\n|move|p2a: Charizard|Scorching Sands|p1a: postmeridie\n|-damage|p1a: postmeridie|79\/100\n|\n|-weather|SunnyDay|[upkeep]\n|upkeep\n|turn|10\n|\n|t:|1667157201\n|switch|p1a: cor destructium|Heatran, M, shiny|52\/100\n|move|p2a: Charizard|Solar Beam||[still]\n|-prepare|p2a: Charizard|Solar Beam\n|-anim|p2a: Charizard|Solar Beam|p1a: cor destructium\n|-resisted|p1a: cor destructium\n|-damage|p1a: cor destructium|39\/100\n|\n|-weather|SunnyDay|[upkeep]\n|upkeep\n|turn|11\n|\n|t:|1667157205\n|move|p2a: Charizard|Scorching Sands|p1a: cor destructium\n|-supereffective|p1a: cor destructium\n|-damage|p1a: cor destructium|0 fnt\n|faint|p1a: cor destructium\n|\n|-weather|SunnyDay|[upkeep]\n|upkeep\n|\n|t:|1667157207\n|switch|p1a: nux walpurgis|Deoxys-Defense, shiny|100\/100\n|-ability|p1a: nux walpurgis|Pressure\n|turn|12\n|\n|t:|1667157210\n|move|p2a: Charizard|Weather Ball|p1a: nux walpurgis\n|-damage|p1a: nux walpurgis|29\/100\n|move|p1a: nux walpurgis|Recover|p1a: nux walpurgis\n|-heal|p1a: nux walpurgis|79\/100\n|\n|-weather|SunnyDay|[upkeep]\n|-heal|p1a: nux walpurgis|85\/100|[from] item: Leftovers\n|upkeep\n|turn|13\n|\n|t:|1667157218\n|switch|p2a: Victini|Victini|88\/100\n|switch|p1a: terror adhaerens|Ferrothorn, M, shiny|95\/100\n|\n|-weather|none\n|-heal|p1a: terror adhaerens|100\/100|[from] item: Leftovers\n|-fieldend|Misty Terrain\n|upkeep\n|turn|14\n|\n|t:|1667157221\n|move|p2a: Victini|V-create|p1a: terror adhaerens\n|-supereffective|p1a: terror adhaerens\n|-damage|p1a: terror adhaerens|0 fnt\n|-unboost|p2a: Victini|spe|1\n|-unboost|p2a: Victini|def|1\n|-unboost|p2a: Victini|spd|1\n|-damage|p2a: Victini|76\/100|[from] ability: Iron Barbs|[of] p1a: terror adhaerens\n|faint|p1a: terror adhaerens\n|\n|upkeep\n|\n|t:|1667157224\n|switch|p1a: nux walpurgis|Deoxys-Defense, shiny|85\/100\n|-ability|p1a: nux walpurgis|Pressure\n|turn|15\n|\n|t:|1667157226\n|move|p1a: nux walpurgis|Cosmic Power|p1a: nux walpurgis\n|-boost|p1a: nux walpurgis|def|1\n|-boost|p1a: nux walpurgis|spd|1\n|move|p2a: Victini|V-create|p1a: nux walpurgis\n|-damage|p1a: nux walpurgis|20\/100\n|-unboost|p2a: Victini|spe|1\n|-unboost|p2a: Victini|def|1\n|-unboost|p2a: Victini|spd|1\n|\n|-heal|p1a: nux walpurgis|26\/100|[from] item: Leftovers\n|upkeep\n|turn|16\n|\n|t:|1667157232\n|move|p1a: nux walpurgis|Recover|p1a: nux walpurgis\n|-heal|p1a: nux walpurgis|76\/100\n|move|p2a: Victini|V-create|p1a: nux walpurgis\n|-damage|p1a: nux walpurgis|17\/100\n|-unboost|p2a: Victini|spe|1\n|-unboost|p2a: Victini|def|1\n|-unboost|p2a: Victini|spd|1\n|\n|-heal|p1a: nux walpurgis|23\/100|[from] item: Leftovers\n|upkeep\n|turn|17\n|\n|t:|1667157237\n|move|p1a: nux walpurgis|Recover|p1a: nux walpurgis\n|-heal|p1a: nux walpurgis|73\/100\n|move|p2a: Victini|V-create|p1a: nux walpurgis\n|-damage|p1a: nux walpurgis|9\/100\n|-unboost|p2a: Victini|spe|1\n|-unboost|p2a: Victini|def|1\n|-unboost|p2a: Victini|spd|1\n|\n|-heal|p1a: nux walpurgis|15\/100|[from] item: Leftovers\n|upkeep\n|turn|18\n|\n|t:|1667157251\n|move|p1a: nux walpurgis|Recover|p1a: nux walpurgis\n|-heal|p1a: nux walpurgis|65\/100\n|move|p2a: Victini|V-create|p1a: nux walpurgis\n|-damage|p1a: nux walpurgis|0 fnt\n|-unboost|p2a: Victini|spe|1\n|-unboost|p2a: Victini|def|1\n|-unboost|p2a: Victini|spd|1\n|faint|p1a: nux walpurgis\n|\n|upkeep\n|-message|ICONICAKES forfeited.\n|\n|win|Blacksponge\n|raw|ICONICAKES's rating: 1546 &rarr; <strong>1530<\/strong><br \/>(-16 for losing)\n|raw|Blacksponge's rating: 1625 &rarr; <strong>1641<\/strong><br \/>(+16 for winning)\n|l|\u2606ICONICAKES\n||Ladder isn't responding, score probably updated but might not have (Request timeout).\n","uploadtime":1667157262,"views":4,"p1id":"iconicakes","p2id":"blacksponge","formatid":"gen8nationaldex","rating":1530,"private":0,"password":null}