{"id":"gen8randombattle-1555792614","p1":"Cvxt","p2":"TehranTyphlosions","format":"gen8randombattle","log":"|j|\u203dCvxt\n|j|\u2606TehranTyphlosions\n|t:|1650258645\n|gametype|singles\n|player|p1|Cvxt|bruno|1854\n|player|p2|TehranTyphlosions|102|1888\n|teamsize|p1|6\n|teamsize|p2|6\n|gen|8\n|tier|[Gen 8] Random Battle\n|rated|\n|rule|Species Clause: Limit one of each Pok\u00e9mon\n|rule|HP Percentage Mod: HP is shown in percentages\n|rule|Sleep Clause Mod: Limit one foe put to sleep\n|\n|t:|1650258645\n|start\n|switch|p1a: Xurkitree|Xurkitree, L76|251\/251\n|switch|p2a: Bronzong|Bronzong, L82|244\/244\n|turn|1\n|inactive|Battle timer is ON: inactive players will automatically lose when time's up. (requested by TehranTyphlosions)\n|inactive|Cvxt has 120 seconds left.\n|\n|t:|1650258705\n|move|p1a: Xurkitree|Thunderbolt|p2a: Bronzong\n|-damage|p2a: Bronzong|93\/244\n|move|p2a: Bronzong|Toxic|p1a: Xurkitree|[miss]\n|-miss|p2a: Bronzong|p1a: Xurkitree\n|\n|-heal|p2a: Bronzong|108\/244|[from] item: Leftovers\n|upkeep\n|turn|2\n|\n|t:|1650258711\n|move|p2a: Bronzong|Protect|p2a: Bronzong\n|-singleturn|p2a: Bronzong|Protect\n|move|p1a: Xurkitree|Thunderbolt|p2a: Bronzong\n|-activate|p2a: Bronzong|move: Protect\n|\n|-heal|p2a: Bronzong|123\/244|[from] item: Leftovers\n|upkeep\n|turn|3\n|\n|t:|1650258731\n|switch|p1a: Urshifu|Urshifu-Rapid-Strike, L78, F|284\/284\n|switch|p2a: Sylveon|Sylveon, L84, F|297\/297\n|\n|upkeep\n|turn|4\n|inactive|Cvxt has 120 seconds left.\n|\n|t:|1650258777\n|switch|p1a: Magmortar|Magmortar, L86, M|269\/269\n|move|p2a: Sylveon|Hyper Voice|p1a: Magmortar\n|-resisted|p1a: Magmortar\n|-damage|p1a: Magmortar|230\/269\n|\n|upkeep\n|turn|5\n|\n|t:|1650258784\n|switch|p2a: Hitmonchan|Hitmonchan, L86, M|226\/226\n|move|p1a: Magmortar|Fire Blast|p2a: Hitmonchan\n|-damage|p2a: Hitmonchan|106\/226\n|\n|upkeep\n|turn|6\n|inactive|Cvxt has 90 seconds left.\n|l|\u203dCvxt\n|inactive|Cvxt disconnected and has a minute to reconnect!\n|player|p1|\n|j|\u203dCvxt\n|inactive|Cvxt reconnected and has 80 seconds left.\n|player|p1|Cvxt|bruno\n|n|\u203dCvxt|cvxt\n|n|\u203dCvxt|cvxt\n|n|\u203dCvxt|cvxt\n|\n|t:|1650258828\n|move|p2a: Hitmonchan|Mach Punch|p1a: Magmortar\n|-damage|p1a: Magmortar|139\/269\n|-status|p2a: Hitmonchan|brn|[from] ability: Flame Body|[of] p1a: Magmortar\n|-damage|p2a: Hitmonchan|84\/226 brn|[from] item: Life Orb\n|move|p1a: Magmortar|Fire Blast|p2a: Hitmonchan\n|-damage|p2a: Hitmonchan|0 fnt\n|faint|p2a: Hitmonchan\n|\n|upkeep\n|inactive|TehranTyphlosions has 120 seconds left.\n|\n|t:|1650258845\n|switch|p2a: Zapdos|Zapdos-Galar, L76|262\/262\n|turn|7\n|\n|t:|1650258853\n|switch|p1a: Mesprit|Mesprit, L84|272\/272\n|move|p2a: Zapdos|Brave Bird|p1a: Mesprit\n|-damage|p1a: Mesprit|139\/272\n|-damage|p2a: Zapdos|218\/262|[from] Recoil\n|-damage|p2a: Zapdos|192\/262|[from] item: Life Orb\n|\n|-heal|p1a: Mesprit|156\/272|[from] item: Leftovers\n|upkeep\n|turn|8\n|inactive|Cvxt has 90 seconds left.\n|\n|t:|1650258873\n|switch|p2a: Bronzong|Bronzong, L82|123\/244\n|move|p1a: Mesprit|Ice Beam|p2a: Bronzong\n|-resisted|p2a: Bronzong\n|-damage|p2a: Bronzong|94\/244\n|\n|-heal|p1a: Mesprit|173\/272|[from] item: Leftovers\n|-heal|p2a: Bronzong|109\/244|[from] item: Leftovers\n|upkeep\n|turn|9\n|\n|t:|1650258879\n|switch|p1a: Xurkitree|Xurkitree, L76|251\/251\n|move|p2a: Bronzong|Stealth Rock|p1a: Xurkitree\n|-sidestart|p1: Cvxt|move: Stealth Rock\n|\n|-heal|p2a: Bronzong|124\/244|[from] item: Leftovers\n|upkeep\n|turn|10\n|\n|t:|1650258886\n|move|p2a: Bronzong|Protect|p2a: Bronzong\n|-singleturn|p2a: Bronzong|Protect\n|move|p1a: Xurkitree|Thunderbolt|p2a: Bronzong\n|-activate|p2a: Bronzong|move: Protect\n|\n|-heal|p2a: Bronzong|139\/244|[from] item: Leftovers\n|upkeep\n|turn|11\n|\n|t:|1650258890\n|switch|p2a: Sylveon|Sylveon, L84, F|297\/297\n|move|p1a: Xurkitree|Thunderbolt|p2a: Sylveon\n|-damage|p2a: Sylveon|161\/297\n|-status|p2a: Sylveon|par\n|\n|-heal|p2a: Sylveon|179\/297 par|[from] item: Leftovers\n|upkeep\n|turn|12\n|inactive|Cvxt has 120 seconds left.\n|\n|t:|1650258910\n|switch|p1a: Sylveon|Sylveon, L84, M|297\/297\n|-damage|p1a: Sylveon|260\/297|[from] Stealth Rock\n|cant|p2a: Sylveon|par\n|\n|-heal|p1a: Sylveon|278\/297|[from] item: Leftovers\n|-heal|p2a: Sylveon|197\/297 par|[from] item: Leftovers\n|upkeep\n|turn|13\n|\n|t:|1650258918\n|switch|p2a: Bronzong|Bronzong, L82|139\/244\n|move|p1a: Sylveon|Calm Mind|p1a: Sylveon\n|-boost|p1a: Sylveon|spa|1\n|-boost|p1a: Sylveon|spd|1\n|\n|-heal|p1a: Sylveon|296\/297|[from] item: Leftovers\n|-heal|p2a: Bronzong|154\/244|[from] item: Leftovers\n|upkeep\n|turn|14\n|\n|t:|1650258920\n|move|p1a: Sylveon|Mystical Fire|p2a: Bronzong\n|-supereffective|p2a: Bronzong\n|-damage|p2a: Bronzong|0 fnt\n|faint|p2a: Bronzong\n|\n|-heal|p1a: Sylveon|297\/297|[from] item: Leftovers\n|upkeep\n|\n|t:|1650258937\n|switch|p2a: Scyther|Scyther, L81, M|246\/246\n|turn|15\n|\n|t:|1650258939\n|-start|p2a: Scyther|Dynamax|\n|-heal|p2a: Scyther|492\/492|[silent]\n|move|p2a: Scyther|Max Airstream|p1a: Sylveon\n|-damage|p1a: Sylveon|123\/297\n|-boost|p2a: Scyther|spe|1\n|move|p1a: Sylveon|Hyper Voice|p2a: Scyther\n|-damage|p2a: Scyther|291\/492\n|\n|-heal|p1a: Sylveon|141\/297|[from] item: Leftovers\n|upkeep\n|turn|16\n|\n|t:|1650258968\n|move|p2a: Scyther|Max Airstream|p1a: Sylveon\n|-damage|p1a: Sylveon|0 fnt\n|-boost|p2a: Scyther|spe|1\n|faint|p1a: Sylveon\n|\n|upkeep\n|inactive|Cvxt has 120 seconds left.\n|\n|t:|1650258983\n|switch|p1a: Xurkitree|Xurkitree, L76|251\/251\n|-damage|p1a: Xurkitree|220\/251|[from] Stealth Rock\n|turn|17\n|\n|t:|1650258987\n|-start|p1a: Xurkitree|Dynamax|\n|-heal|p1a: Xurkitree|440\/502|[silent]\n|move|p2a: Scyther|Max Darkness|p1a: Xurkitree\n|-damage|p1a: Xurkitree|336\/502\n|-unboost|p1a: Xurkitree|spd|1\n|move|p1a: Xurkitree|Max Lightning|p2a: Scyther\n|-supereffective|p2a: Scyther\n|-damage|p2a: Scyther|0 fnt\n|-fieldstart|move: Electric Terrain\n|faint|p2a: Scyther\n|-ability|p1a: Xurkitree|Beast Boost|boost\n|-boost|p1a: Xurkitree|spa|1\n|\n|upkeep\n|\n|t:|1650258994\n|switch|p2a: Sylveon|Sylveon, L84, F|197\/297 par\n|turn|18\n|\n|t:|1650258996\n|move|p1a: Xurkitree|Max Lightning|p2a: Sylveon\n|-damage|p2a: Sylveon|0 fnt\n|faint|p2a: Sylveon\n|-ability|p1a: Xurkitree|Beast Boost|boost\n|-boost|p1a: Xurkitree|spa|1\n|\n|upkeep\n|\n|t:|1650259020\n|switch|p2a: Jynx|Jynx, L86, F|252\/252\n|turn|19\n|\n|t:|1650259033\n|move|p2a: Jynx|Ice Beam|p1a: Xurkitree\n|-crit|p1a: Xurkitree\n|-damage|p1a: Xurkitree|30\/502\n|move|p1a: Xurkitree|Max Lightning|p2a: Jynx\n|-damage|p2a: Jynx|0 fnt\n|faint|p2a: Jynx\n|-ability|p1a: Xurkitree|Beast Boost|boost\n|-boost|p1a: Xurkitree|spa|1\n|\n|-end|p1a: Xurkitree|Dynamax\n|-heal|p1a: Xurkitree|15\/251|[silent]\n|upkeep\n|inactive|TehranTyphlosions has 120 seconds left.\n|\n|t:|1650259083\n|switch|p2a: Zapdos|Zapdos-Galar, L76|192\/262\n|turn|20\n|\n|t:|1650259086\n|move|p2a: Zapdos|Throat Chop|p1a: Xurkitree\n|-damage|p1a: Xurkitree|0 fnt\n|faint|p1a: Xurkitree\n|-damage|p2a: Zapdos|166\/262|[from] item: Life Orb\n|\n|upkeep\n|\n|t:|1650259094\n|switch|p1a: Ribombee|Ribombee, L82, M|233\/233\n|turn|21\n|\n|t:|1650259098\n|move|p1a: Ribombee|Moonblast|p2a: Zapdos\n|-supereffective|p2a: Zapdos\n|-damage|p2a: Zapdos|0 fnt\n|faint|p2a: Zapdos\n|\n|win|Cvxt\n|raw|Cvxt's rating: 1854 &rarr; <strong>1876<\/strong><br \/>(+22 for winning)\n|raw|TehranTyphlosions's rating: 1888 &rarr; <strong>1866<\/strong><br \/>(-22 for losing)\n|l|\u2606TehranTyphlosions\n|l|\u203dCvxt\n|j|\u203dCvxt\n|player|p1|Cvxt|bruno\n","inputlog":">version 0162639e2be10fee1f1935f037788d778e37d0f7\n>start {\"formatid\":\"gen8randombattle\",\"seed\":[30815,15268,7369,60246],\"rated\":\"Rated battle\"}\n>player p1 {\"name\":\"Cvxt\",\"avatar\":\"bruno\",\"rating\":1854,\"seed\":[27204,51917,678,26330]}\n>player p2 {\"name\":\"TehranTyphlosions\",\"avatar\":\"102\",\"rating\":1888,\"seed\":[3618,46352,4369,53801]}\n>p1 move thunderbolt\n>p2 move toxic\n>p1 move thunderbolt\n>p2 move protect\n>p1 switch 4\n>p2 switch 6\n>p1 switch 2\n>p2 move hypervoice\n>p1 move fireblast\n>p2 switch 4\n>p1 move fireblast\n>p2 move machpunch\n>p2 switch 3\n>p1 switch 5\n>p2 move bravebird\n>p1 move icebeam\n>p2 switch 6\n>p1 switch 4\n>p2 move stealthrock\n>p1 move thunderbolt\n>p2 move protect\n>p1 move thunderbolt\n>p2 switch 4\n>p1 switch 3\n>p2 move hypervoice\n>p1 move calmmind\n>p2 switch 4\n>p1 move mysticalfire\n>p2 move toxic\n>p2 switch 5\n>p1 move hypervoice\n>p2 move dualwingbeat dynamax\n>p1 move mysticalfire\n>p2 move dualwingbeat dynamax\n>p1 switch 3\n>p1 move thunderbolt dynamax\n>p2 move knockoff dynamax\n>p2 switch 4\n>p1 move thunderbolt dynamax\n>p2 move wish\n>p2 switch 2\n>p1 move thunderbolt dynamax\n>p2 move icebeam\n>p2 switch 6\n>p1 move thunderbolt\n>p2 move throatchop\n>p1 switch 6\n>p1 move moonblast\n>p2 move bravebird","uploadtime":1650259121,"views":3,"p1id":"cvxt","p2id":"tehrantyphlosions","formatid":"gen8randombattle","rating":1866,"private":0,"password":null}