{"id":"gen8anythinggoes-1288667366","p1":"Chickpiee","p2":"default0","format":"gen8anythinggoes","log":"|j|\u2606Chickpiee\n|j|\u2606default0\n|t:|1614145961\n|player|p1|Chickpiee|caitlin|\n|player|p2|default0|skierf-gen4dp|\n|teamsize|p1|6\n|teamsize|p2|6\n|gametype|singles\n|gen|8\n|tier|[Gen 8] Anything Goes\n|rated|Tournament battle\n|clearpoke\n|poke|p1|Ditto|\n|poke|p1|Ferrothorn, F|\n|poke|p1|Necrozma-Dusk-Mane|\n|poke|p1|Ho-Oh|\n|poke|p1|Lunala|\n|poke|p1|Yveltal|\n|poke|p2|Necrozma-Dusk-Mane|\n|poke|p2|Xerneas|\n|poke|p2|Yveltal|\n|poke|p2|Lunala|\n|poke|p2|Rayquaza|\n|poke|p2|Zekrom|\n|rule|HP Percentage Mod: HP is shown in percentages\n|rule|Endless Battle Clause: Forcing endless battles is banned\n|teampreview\n|j|*Lady Monita\n|j| KoffingWoffing\n|j| atharvplayspokemon\n|j| Belegen\n|j| Icrazyhorez\n|j| ThrohValencia\n|j| 2v2LTS Rob\n|j| kawaiidrip\n|j| MichaelDestroyedU\n|inactive|Battle timer is ON: inactive players will automatically lose when time's up. (requested by Chickpiee)\n|j| DrewCareysFeet\n|\n|t:|1614145998\n|start\n|switch|p1a: Lunala|Lunala, shiny|100\/100\n|switch|p2a: Rayquaza|Rayquaza|100\/100\n|-ability|p2a: Rayquaza|Air Lock\n|turn|1\n|l| MichaelDestroyedU\n|j| nnthebeast\n|\n|t:|1614146008\n|move|p2a: Rayquaza|Dragon Ascent|p1a: Lunala\n|-damage|p1a: Lunala|82\/100\n|-unboost|p2a: Rayquaza|def|1\n|-unboost|p2a: Rayquaza|spd|1\n|move|p1a: Lunala|Will-O-Wisp|p2a: Rayquaza\n|-status|p2a: Rayquaza|brn\n|\n|-damage|p2a: Rayquaza|95\/100 brn|[from] brn\n|upkeep\n|turn|2\n|\n|t:|1614146014\n|switch|p2a: Yveltal|Yveltal|100\/100\n|-ability|p2a: Yveltal|Dark Aura\n|move|p1a: Lunala|Roost|p1a: Lunala\n|-heal|p1a: Lunala|100\/100\n|-singleturn|p1a: Lunala|move: Roost\n|\n|upkeep\n|turn|3\n|c| KoffingWoffing|quick! mega evolve!\n|\n|t:|1614146020\n|switch|p1a: Ho-Oh|Ho-Oh, shiny|100\/100\n|move|p2a: Yveltal|Toxic|p1a: Ho-Oh\n|-status|p1a: Ho-Oh|tox\n|\n|-damage|p1a: Ho-Oh|94\/100 tox|[from] psn\n|upkeep\n|turn|4\n|c| Icrazyhorez|Woah lunala tanky\n|j| MichaelDestroyedU\n|\n|t:|1614146026\n|switch|p2a: Rayquaza|Rayquaza|95\/100 brn\n|-ability|p2a: Rayquaza|Air Lock\n|move|p1a: Ho-Oh|Sacred Fire|p2a: Rayquaza\n|-resisted|p2a: Rayquaza\n|-damage|p2a: Rayquaza|73\/100 brn\n|\n|-damage|p2a: Rayquaza|67\/100 brn|[from] brn\n|-damage|p1a: Ho-Oh|82\/100 tox|[from] psn\n|upkeep\n|turn|5\n|\n|t:|1614146034\n|switch|p1a: Necrozma|Necrozma-Dusk-Mane, shiny|100\/100\n|move|p2a: Rayquaza|V-create|p1a: Necrozma\n|-supereffective|p1a: Necrozma\n|-damage|p1a: Necrozma|71\/100\n|-unboost|p2a: Rayquaza|spe|1\n|-unboost|p2a: Rayquaza|def|1\n|-unboost|p2a: Rayquaza|spd|1\n|\n|-damage|p2a: Rayquaza|61\/100 brn|[from] brn\n|upkeep\n|turn|6\n|l| Icrazyhorez\n|j| Not A Shady Dude\n|\n|t:|1614146037\n|switch|p2a: Necrozma|Necrozma-Dusk-Mane|100\/100\n|move|p1a: Necrozma|Stealth Rock|p2a: Necrozma\n|-sidestart|p2: default0|move: Stealth Rock\n|\n|upkeep\n|turn|7\n|j| darklight1999\n|\n|t:|1614146040\n|move|p1a: Necrozma|Thunder Wave|p2a: Necrozma\n|-status|p2a: Necrozma|par\n|move|p2a: Necrozma|Stealth Rock|p1a: Necrozma\n|-sidestart|p1: Chickpiee|move: Stealth Rock\n|\n|upkeep\n|turn|8\n|c| Not A Shady Dude|go default go\n|j| natekumar\n|j| Showdowniscool\n|j| InsaanRishu\n|\n|t:|1614146056\n|switch|p2a: Rayquaza|Rayquaza|61\/100 brn\n|-damage|p2a: Rayquaza|36\/100 brn|[from] Stealth Rock\n|-ability|p2a: Rayquaza|Air Lock\n|move|p1a: Necrozma|Moonlight|p1a: Necrozma\n|-heal|p1a: Necrozma|100\/100\n|\n|-damage|p2a: Rayquaza|30\/100 brn|[from] brn\n|upkeep\n|turn|9\n|\n|t:|1614146085\n|switch|p2a: Zekrom|Zekrom|100\/100\n|-ability|p2a: Zekrom|Teravolt\n|move|p1a: Necrozma|Moonlight||[still]\n|-fail|p1a: Necrozma\n|\n|upkeep\n|turn|10\n|\n|t:|1614146095\n|switch|p2a: Yveltal|Yveltal|100\/100\n|-ability|p2a: Yveltal|Dark Aura\n|switch|p1a: Lunala|Lunala, shiny|100\/100\n|\n|upkeep\n|turn|11\n|j| Eeveekid10\n|\n|t:|1614146101\n|switch|p1a: Ho-Oh|Ho-Oh, shiny|100\/100 tox\n|move|p2a: Yveltal|Foul Play|p1a: Ho-Oh\n|-damage|p1a: Ho-Oh|64\/100 tox\n|\n|-damage|p1a: Ho-Oh|58\/100 tox|[from] psn\n|upkeep\n|turn|12\n|\n|t:|1614146123\n|switch|p2a: Necrozma|Necrozma-Dusk-Mane|100\/100 par\n|-damage|p2a: Necrozma|94\/100 par|[from] Stealth Rock\n|move|p1a: Ho-Oh|Toxic||[still]\n|-fail|p1a: Ho-Oh\n|\n|-damage|p1a: Ho-Oh|46\/100 tox|[from] psn\n|upkeep\n|turn|13\n|\n|t:|1614146128\n|switch|p1a: Ferrothorn|Ferrothorn, F|100\/100\n|-damage|p1a: Ferrothorn|94\/100|[from] Stealth Rock\n|switch|p2a: Yveltal|Yveltal|100\/100\n|-ability|p2a: Yveltal|Dark Aura\n|\n|-heal|p1a: Ferrothorn|100\/100|[from] item: Leftovers\n|upkeep\n|turn|14\n|j| sceptile kid 12\n|\n|t:|1614146133\n|move|p2a: Yveltal|Taunt|p1a: Ferrothorn\n|-start|p1a: Ferrothorn|move: Taunt\n|cant|p1a: Ferrothorn|move: Taunt|Leech Seed\n|\n|upkeep\n|turn|15\n|\n|t:|1614146139\n|switch|p1a: Ho-Oh|Ho-Oh, shiny|80\/100 tox\n|move|p2a: Yveltal|Foul Play|p1a: Ho-Oh\n|-damage|p1a: Ho-Oh|46\/100 tox\n|\n|-damage|p1a: Ho-Oh|40\/100 tox|[from] psn\n|upkeep\n|turn|16\n|\n|t:|1614146149\n|switch|p1a: Ferrothorn|Ferrothorn, F|100\/100\n|-damage|p1a: Ferrothorn|94\/100|[from] Stealth Rock\n|move|p2a: Yveltal|Foul Play|p1a: Ferrothorn\n|-damage|p1a: Ferrothorn|62\/100\n|-damage|p2a: Yveltal|88\/100|[from] ability: Iron Barbs|[of] p1a: Ferrothorn\n|\n|-heal|p1a: Ferrothorn|68\/100|[from] item: Leftovers\n|upkeep\n|turn|17\n|\n|t:|1614146154\n|move|p1a: Ferrothorn|Protect|p1a: Ferrothorn\n|-singleturn|p1a: Ferrothorn|Protect\n|move|p2a: Yveltal|Foul Play|p1a: Ferrothorn\n|-activate|p1a: Ferrothorn|move: Protect\n|\n|-heal|p1a: Ferrothorn|74\/100|[from] item: Leftovers\n|upkeep\n|turn|18\n|l| sceptile kid 12\n|\n|t:|1614146158\n|move|p2a: Yveltal|Taunt|p1a: Ferrothorn\n|-start|p1a: Ferrothorn|move: Taunt\n|cant|p1a: Ferrothorn|move: Taunt|Leech Seed\n|\n|-heal|p1a: Ferrothorn|81\/100|[from] item: Leftovers\n|upkeep\n|turn|19\n|\n|t:|1614146162\n|switch|p1a: Yveltal|Yveltal, shiny|100\/100\n|-ability|p1a: Yveltal|Dark Aura\n|move|p2a: Yveltal|Foul Play|p1a: Yveltal\n|-resisted|p1a: Yveltal\n|-damage|p1a: Yveltal|68\/100\n|\n|upkeep\n|turn|20\n|\n|t:|1614146166\n|move|p1a: Yveltal|Knock Off|p2a: Yveltal\n|-resisted|p2a: Yveltal\n|-damage|p2a: Yveltal|60\/100\n|-enditem|p2a: Yveltal|Heavy-Duty Boots|[from] move: Knock Off|[of] p1a: Yveltal\n|move|p2a: Yveltal|Toxic|p1a: Yveltal\n|-status|p1a: Yveltal|tox\n|\n|-damage|p1a: Yveltal|62\/100 tox|[from] psn\n|upkeep\n|turn|21\n|\n|t:|1614146174\n|-start|p1a: Yveltal|Dynamax\n|-heal|p1a: Yveltal|62\/100 tox|[silent]\n|move|p1a: Yveltal|Max Airstream|p2a: Yveltal\n|-damage|p2a: Yveltal|0 fnt\n|-boost|p1a: Yveltal|spe|1\n|faint|p2a: Yveltal\n|\n|-damage|p1a: Yveltal|55\/100 tox|[from] psn\n|upkeep\n|\n|t:|1614146189\n|switch|p2a: Rayquaza|Rayquaza|30\/100 brn\n|-damage|p2a: Rayquaza|5\/100 brn|[from] Stealth Rock\n|-ability|p2a: Rayquaza|Air Lock\n|turn|22\n|c| 2v2LTS Rob|why isnt it named bacon chickpiee\n|\n|t:|1614146194\n|move|p2a: Rayquaza|Extreme Speed|p1a: Yveltal\n|-damage|p1a: Yveltal|49\/100 tox\n|move|p1a: Yveltal|Max Airstream|p2a: Rayquaza\n|-damage|p2a: Rayquaza|0 fnt\n|-boost|p1a: Yveltal|spe|1\n|faint|p2a: Rayquaza\n|\n|-damage|p1a: Yveltal|39\/100 tox|[from] psn\n|upkeep\n|c| Not A Shady Dude|cause\n|c| Not A Shady Dude|.dt 360\n|inactive|default0 has 120 seconds left.\n|\n|t:|1614146228\n|switch|p2a: Zekrom|Zekrom|100\/100\n|-ability|p2a: Zekrom|Teravolt\n|turn|23\n|\n|t:|1614146242\n|move|p1a: Yveltal|Max Darkness|p2a: Zekrom\n|-crit|p2a: Zekrom\n|-damage|p2a: Zekrom|0 fnt\n|faint|p2a: Zekrom\n|\n|-damage|p1a: Yveltal|27\/100 tox|[from] psn\n|-end|p1a: Yveltal|Dynamax\n|-heal|p1a: Yveltal|27\/100 tox|[silent]\n|upkeep\n|\n|t:|1614146249\n|switch|p2a: Necrozma|Necrozma-Dusk-Mane|94\/100 par\n|-damage|p2a: Necrozma|88\/100 par|[from] Stealth Rock\n|turn|24\n|\n|t:|1614146257\n|move|p1a: Yveltal|Knock Off|p2a: Necrozma\n|-supereffective|p2a: Necrozma\n|-damage|p2a: Necrozma|30\/100 par\n|-damage|p1a: Yveltal|11\/100 tox|[from] item: Rocky Helmet|[of] p2a: Necrozma\n|-enditem|p2a: Necrozma|Rocky Helmet|[from] move: Knock Off|[of] p1a: Yveltal\n|move|p2a: Necrozma|Sunsteel Strike|p1a: Yveltal\n|-damage|p1a: Yveltal|0 fnt\n|faint|p1a: Yveltal\n|\n|upkeep\n|l| InsaanRishu\n|\n|t:|1614146270\n|switch|p1a: Ho-Oh|Ho-Oh, shiny|74\/100 tox\n|turn|25\n|\n|t:|1614146275\n|switch|p2a: Lunala|Lunala|100\/100\n|move|p1a: Ho-Oh|Sacred Fire|p2a: Lunala\n|-damage|p2a: Lunala|88\/100\n|-status|p2a: Lunala|brn\n|\n|-damage|p2a: Lunala|82\/100 brn|[from] brn\n|-damage|p1a: Ho-Oh|67\/100 tox|[from] psn\n|upkeep\n|turn|26\n|\n|t:|1614146283\n|move|p2a: Lunala|Will-O-Wisp||[still]\n|-fail|p2a: Lunala\n|move|p1a: Ho-Oh|Whirlwind|p2a: Lunala\n|drag|p2a: Xerneas|Xerneas|100\/100\n|-damage|p2a: Xerneas|88\/100|[from] Stealth Rock\n|-ability|p2a: Xerneas|Fairy Aura\n|\n|-damage|p1a: Ho-Oh|55\/100 tox|[from] psn\n|upkeep\n|turn|27\n|\n|t:|1614146293\n|switch|p2a: Lunala|Lunala|82\/100 brn\n|switch|p1a: Ferrothorn|Ferrothorn, F|81\/100\n|-damage|p1a: Ferrothorn|74\/100|[from] Stealth Rock\n|\n|-heal|p1a: Ferrothorn|81\/100|[from] item: Leftovers\n|-damage|p2a: Lunala|76\/100 brn|[from] brn\n|upkeep\n|turn|28\n|c| Not A Shady Dude|did you just\n|\n|t:|1614146307\n|move|p2a: Lunala|Will-O-Wisp|p1a: Ferrothorn|[miss]\n|-miss|p2a: Lunala|p1a: Ferrothorn\n|move|p1a: Ferrothorn|Leech Seed|p2a: Lunala\n|-start|p2a: Lunala|move: Leech Seed\n|\n|-heal|p1a: Ferrothorn|87\/100|[from] item: Leftovers\n|-damage|p2a: Lunala|63\/100 brn|[from] Leech Seed|[of] p1a: Ferrothorn\n|-heal|p1a: Ferrothorn|100\/100|[silent]\n|-damage|p2a: Lunala|57\/100 brn|[from] brn\n|upkeep\n|turn|29\n|\n|t:|1614146314\n|move|p2a: Lunala|Will-O-Wisp|p1a: Ferrothorn\n|-status|p1a: Ferrothorn|brn\n|move|p1a: Ferrothorn|Spikes|p2a: Lunala\n|-sidestart|p2: default0|Spikes\n|\n|-damage|p2a: Lunala|45\/100 brn|[from] Leech Seed|[of] p1a: Ferrothorn\n|-damage|p2a: Lunala|39\/100 brn|[from] brn\n|-damage|p1a: Ferrothorn|94\/100 brn|[from] brn\n|upkeep\n|turn|30\n|\n|t:|1614146318\n|move|p2a: Lunala|Roost|p2a: Lunala\n|-heal|p2a: Lunala|89\/100 brn\n|-singleturn|p2a: Lunala|move: Roost\n|move|p1a: Ferrothorn|Spikes|p2a: Lunala\n|-sidestart|p2: default0|Spikes\n|\n|-heal|p1a: Ferrothorn|100\/100 brn|[from] item: Leftovers\n|-damage|p2a: Lunala|77\/100 brn|[from] Leech Seed|[of] p1a: Ferrothorn\n|-damage|p2a: Lunala|71\/100 brn|[from] brn\n|-damage|p1a: Ferrothorn|94\/100 brn|[from] brn\n|upkeep\n|turn|31\n|\n|t:|1614146326\n|switch|p2a: Necrozma|Necrozma-Dusk-Mane|30\/100 par\n|-damage|p2a: Necrozma|13\/100 par|[from] Spikes\n|-damage|p2a: Necrozma|7\/100 par|[from] Stealth Rock\n|move|p1a: Ferrothorn|Spikes|p2a: Necrozma\n|-sidestart|p2: default0|Spikes\n|\n|-heal|p1a: Ferrothorn|100\/100 brn|[from] item: Leftovers\n|-damage|p1a: Ferrothorn|94\/100 brn|[from] brn\n|upkeep\n|turn|32\n|\n|t:|1614146341\n|move|p2a: Necrozma|Sunsteel Strike|p1a: Ferrothorn\n|-resisted|p1a: Ferrothorn\n|-damage|p1a: Ferrothorn|76\/100 brn\n|-damage|p2a: Necrozma|0 fnt|[from] ability: Iron Barbs|[of] p1a: Ferrothorn\n|faint|p2a: Necrozma\n|move|p1a: Ferrothorn|Leech Seed|p2: Necrozma|[notarget]\n|-fail|p1a: Ferrothorn\n|\n|-heal|p1a: Ferrothorn|82\/100 brn|[from] item: Leftovers\n|-damage|p1a: Ferrothorn|76\/100 brn|[from] brn\n|upkeep\n|\n|t:|1614146345\n|switch|p2a: Lunala|Lunala|71\/100 brn\n|turn|33\n|\n|t:|1614146360\n|move|p2a: Lunala|Will-O-Wisp|p1a: Ferrothorn\n|-fail|p1a: Ferrothorn|brn\n|move|p1a: Ferrothorn|Leech Seed|p2a: Lunala\n|-start|p2a: Lunala|move: Leech Seed\n|\n|-heal|p1a: Ferrothorn|82\/100 brn|[from] item: Leftovers\n|-damage|p2a: Lunala|58\/100 brn|[from] Leech Seed|[of] p1a: Ferrothorn\n|-heal|p1a: Ferrothorn|99\/100 brn|[silent]\n|-damage|p2a: Lunala|52\/100 brn|[from] brn\n|-damage|p1a: Ferrothorn|93\/100 brn|[from] brn\n|upkeep\n|turn|34\n|l| nnthebeast\n|\n|t:|1614146370\n|move|p2a: Lunala|Hex|p1a: Ferrothorn\n|-damage|p1a: Ferrothorn|53\/100 brn\n|move|p1a: Ferrothorn|Power Whip|p2a: Lunala\n|-damage|p2a: Lunala|42\/100 brn\n|\n|-heal|p1a: Ferrothorn|60\/100 brn|[from] item: Leftovers\n|-damage|p2a: Lunala|30\/100 brn|[from] Leech Seed|[of] p1a: Ferrothorn\n|-heal|p1a: Ferrothorn|76\/100 brn|[silent]\n|-damage|p2a: Lunala|24\/100 brn|[from] brn\n|-damage|p1a: Ferrothorn|70\/100 brn|[from] brn\n|upkeep\n|turn|35\n|c| Not A Shady Dude|bruh\n|\n|t:|1614146377\n|move|p2a: Lunala|Will-O-Wisp|p1a: Ferrothorn\n|-fail|p1a: Ferrothorn|brn\n|move|p1a: Ferrothorn|Power Whip|p2a: Lunala\n|-damage|p2a: Lunala|13\/100 brn\n|\n|-heal|p1a: Ferrothorn|76\/100 brn|[from] item: Leftovers\n|-damage|p2a: Lunala|0 fnt|[from] Leech Seed|[of] p1a: Ferrothorn\n|-heal|p1a: Ferrothorn|93\/100 brn|[silent]\n|faint|p2a: Lunala\n|-damage|p1a: Ferrothorn|87\/100 brn|[from] brn\n|upkeep\n|\n|t:|1614146381\n|switch|p2a: Xerneas|Xerneas|88\/100\n|-damage|p2a: Xerneas|76\/100|[from] Stealth Rock\n|-damage|p2a: Xerneas|51\/100|[from] Spikes\n|-ability|p2a: Xerneas|Fairy Aura\n|turn|36\n|c| Not A Shady Dude|wow\n|\n|t:|1614146384\n|move|p2a: Xerneas|Substitute|p2a: Xerneas\n|-start|p2a: Xerneas|Substitute\n|-damage|p2a: Xerneas|26\/100\n|move|p1a: Ferrothorn|Leech Seed||[still]\n|-fail|p1a: Ferrothorn\n|\n|-heal|p1a: Ferrothorn|93\/100 brn|[from] item: Leftovers\n|-damage|p1a: Ferrothorn|87\/100 brn|[from] brn\n|upkeep\n|turn|37\n|c| Not A Shady Dude|default0 wow\n|l| kawaiidrip\n|\n|t:|1614146393\n|switch|p1a: Necrozma|Necrozma-Dusk-Mane, shiny|100\/100\n|move|p2a: Xerneas|Geomancy||[still]\n|-prepare|p2a: Xerneas|Geomancy\n|-enditem|p2a: Xerneas|Power Herb\n|-anim|p2a: Xerneas|Geomancy|p2a: Xerneas\n|-boost|p2a: Xerneas|spa|2\n|-boost|p2a: Xerneas|spd|2\n|-boost|p2a: Xerneas|spe|2\n|\n|upkeep\n|turn|38\n|j| kawaiidrip\n|c| Not A Shady Dude|you tried to burn an already runned ferro\n|c| Not A Shady Dude|aight\n|inactive|default0 has 120 seconds left.\n|c| KoffingWoffing|tell me ur running a fire move\n|\n|t:|1614146447\n|move|p2a: Xerneas|Moonblast|p1a: Necrozma\n|-resisted|p1a: Necrozma\n|-damage|p1a: Necrozma|44\/100\n|-unboost|p1a: Necrozma|spa|1\n|move|p1a: Necrozma|Sunsteel Strike|p2a: Xerneas\n|-supereffective|p2a: Xerneas\n|-end|p2a: Xerneas|Substitute\n|\n|upkeep\n|turn|39\n|c| Not A Shady Dude|b r u h\n|c| atharvplayspokemon|does xerneas even get a fire move\n|c| darklight1999|ditto sweeps\n|\n|t:|1614146464\n|move|p2a: Xerneas|Moonblast|p1a: Necrozma\n|-resisted|p1a: Necrozma\n|-damage|p1a: Necrozma|0 fnt\n|faint|p1a: Necrozma\n|\n|upkeep\n|c| Not A Shady Dude|hp fire\n|c| 2v2LTS Rob|ditto sweep baybee\n|c|\u2606Chickpiee|gg\n|\n|t:|1614146470\n|switch|p1a: Ditto|Ditto|100\/100\n|-damage|p1a: Ditto|88\/100|[from] Stealth Rock\n|-transform|p1a: Ditto|p2a: Xerneas|[from] ability: Imposter\n|-ability|p1a: Ditto|Fairy Aura\n|turn|40\n|c| Not A Shady Dude|gg\n|c| atharvplayspokemon|in gen 8\n|\n|t:|1614146480\n|-start|p2a: Xerneas|Dynamax\n|-heal|p2a: Xerneas|26\/100|[silent]\n|move|p1a: Ditto|Moonblast|p2a: Xerneas\n|-damage|p2a: Xerneas|0 fnt\n|faint|p2a: Xerneas\n|\n|win|Chickpiee\n|n|\u2606Chickpiee|chickpiee\n|n|\u2606default0|default0\n|n|*Lady Monita|ladymonita\n|n| KoffingWoffing|koffingwoffing\n|n| atharvplayspokemon|atharvplayspokemon\n|n| Belegen|belegen\n|n| ThrohValencia|throhvalencia\n|n| 2v2LTS Rob|2v2ltsrob\n|n| DrewCareysFeet|drewcareysfeet\n|n| MichaelDestroyedU|michaeldestroyedu\n|n| Not A Shady Dude|notashadydude\n|n| darklight1999|darklight1999\n|n| natekumar|natekumar\n|n| Showdowniscool|showdowniscool\n|n| Eeveekid10|eeveekid10\n|n| kawaiidrip|kawaiidrip\n","uploadtime":1614146480,"views":35,"p1id":"chickpiee","p2id":"default0","formatid":"gen8anythinggoes","rating":0,"private":0,"password":null}