{"id":"gen8ou-1668311436","p1":"broked on bricks","p2":"Drudger","format":"gen8ou","log":"|j|\u2606broked on bricks\n|j|\u2606Drudger\n|t:|1663614228\n|gametype|singles\n|player|p1|broked on bricks|lance-masters|1572\n|player|p2|Drudger|brawly|1564\n|teamsize|p1|6\n|teamsize|p2|6\n|gen|8\n|tier|[Gen 8] OU\n|rated|\n|rule|Sleep Clause Mod: Limit one foe put to sleep\n|rule|Species Clause: Limit one of each Pok\u00e9mon\n|rule|OHKO Clause: OHKO moves are banned\n|rule|Evasion Items Clause: Evasion items are banned\n|rule|Evasion Moves Clause: Evasion moves are banned\n|rule|Endless Battle Clause: Forcing endless battles is banned\n|rule|HP Percentage Mod: HP is shown in percentages\n|rule|Dynamax Clause: You cannot dynamax\n|clearpoke\n|poke|p1|Pelipper, F|\n|poke|p1|Keldeo-Resolute|\n|poke|p1|Dragapult, F|\n|poke|p1|Tapu Lele|\n|poke|p1|Melmetal|\n|poke|p1|Landorus-Therian, M|\n|poke|p2|Diggersby, M|\n|poke|p2|Slurpuff, F|\n|poke|p2|Nidoking, M|\n|poke|p2|Urshifu-*, M|\n|poke|p2|Tapu Lele|\n|poke|p2|Alakazam, F|\n|teampreview\n|c|\u2606broked on bricks|cool team glhf\n|\n|t:|1663614252\n|start\n|switch|p1a: These Bolts|Melmetal|100\/100\n|switch|p2a: Slurpuff|Slurpuff, F|100\/100\n|turn|1\n|\n|t:|1663614277\n|move|p2a: Slurpuff|Sticky Web|p1a: These Bolts\n|-sidestart|p1: broked on bricks|move: Sticky Web\n|move|p1a: These Bolts|Double Iron Bash|p2a: Slurpuff\n|-supereffective|p2a: Slurpuff\n|-damage|p2a: Slurpuff|0 fnt\n|faint|p2a: Slurpuff\n|-hitcount|p2: Slurpuff|1\n|\n|upkeep\n|\n|t:|1663614285\n|switch|p2a: Nidoking|Nidoking, M|100\/100\n|turn|2\n|\n|t:|1663614290\n|move|p1a: These Bolts|Protect|p1a: These Bolts\n|-singleturn|p1a: These Bolts|Protect\n|move|p2a: Nidoking|Earth Power|p1a: These Bolts\n|-activate|p1a: These Bolts|move: Protect\n|\n|upkeep\n|turn|3\n|\n|t:|1663614299\n|move|p2a: Nidoking|Ice Beam|p1a: These Bolts\n|-resisted|p1a: These Bolts\n|-damage|p1a: These Bolts|82\/100\n|move|p1a: These Bolts|Earthquake|p2a: Nidoking\n|-supereffective|p2a: Nidoking\n|-damage|p2a: Nidoking|0 fnt\n|faint|p2a: Nidoking\n|\n|-heal|p1a: These Bolts|88\/100|[from] item: Leftovers\n|upkeep\n|\n|t:|1663614313\n|switch|p2a: Diggersby|Diggersby, M|100\/100\n|turn|4\n|\n|t:|1663614318\n|move|p2a: Diggersby|Swords Dance|p2a: Diggersby\n|-boost|p2a: Diggersby|atk|2\n|move|p1a: These Bolts|Double Iron Bash|p2a: Diggersby\n|-damage|p2a: Diggersby|45\/100\n|-damage|p2a: Diggersby|0 fnt\n|faint|p2a: Diggersby\n|-hitcount|p2: Diggersby|2\n|\n|-heal|p1a: These Bolts|94\/100|[from] item: Leftovers\n|upkeep\n|\n|t:|1663614330\n|switch|p2a: Tapu Lele|Tapu Lele|100\/100\n|-fieldstart|move: Psychic Terrain|[from] ability: Psychic Surge|[of] p2a: Tapu Lele\n|turn|5\n|\n|t:|1663614334\n|move|p1a: These Bolts|Protect|p1a: These Bolts\n|-singleturn|p1a: These Bolts|Protect\n|move|p2a: Tapu Lele|Focus Blast|p1a: These Bolts\n|-activate|p1a: These Bolts|move: Protect\n|\n|-heal|p1a: These Bolts|100\/100|[from] item: Leftovers\n|upkeep\n|turn|6\n|\n|t:|1663614344\n|switch|p2a: Alakazam|Alakazam, F|100\/100\n|switch|p1a: SWAG LIKE OHIO|Landorus-Therian, M|100\/100\n|-ability|p1a: SWAG LIKE OHIO|Intimidate|boost\n|-unboost|p2a: Alakazam|atk|1\n|\n|upkeep\n|turn|7\n|\n|t:|1663614355\n|move|p2a: Alakazam|Expanding Force|p1a: SWAG LIKE OHIO\n|-damage|p1a: SWAG LIKE OHIO|38\/100\n|-enditem|p1a: SWAG LIKE OHIO|Eject Button\n|\n|t:|1663614362\n|switch|p1a: PENTADACTYL LIMB|Pelipper, F|100\/100\n|-weather|RainDance|[from] ability: Drizzle|[of] p1a: PENTADACTYL LIMB\n|\n|-weather|RainDance|[upkeep]\n|upkeep\n|turn|8\n|\n|t:|1663614378\n|move|p2a: Alakazam|Expanding Force|p1a: PENTADACTYL LIMB\n|-damage|p1a: PENTADACTYL LIMB|0 fnt\n|faint|p1a: PENTADACTYL LIMB\n|\n|-weather|RainDance|[upkeep]\n|upkeep\n|\n|t:|1663614384\n|switch|p1a: These Bolts|Melmetal|100\/100\n|-activate|p1a: These Bolts|move: Sticky Web\n|-unboost|p1a: These Bolts|spe|1\n|turn|9\n|\n|t:|1663614390\n|move|p2a: Alakazam|Focus Blast|p1a: These Bolts\n|-supereffective|p1a: These Bolts\n|-damage|p1a: These Bolts|20\/100\n|move|p1a: These Bolts|Double Iron Bash|p2a: Alakazam\n|-enditem|p2a: Alakazam|Focus Sash\n|-damage|p2a: Alakazam|1\/100\n|-damage|p2a: Alakazam|0 fnt\n|faint|p2a: Alakazam\n|-hitcount|p2: Alakazam|2\n|\n|-weather|RainDance|[upkeep]\n|-heal|p1a: These Bolts|26\/100|[from] item: Leftovers\n|-fieldend|move: Psychic Terrain\n|upkeep\n|\n|t:|1663614403\n|switch|p2a: Urshifu|Urshifu-Rapid-Strike, M|100\/100\n|turn|10\n|\n|t:|1663614417\n|switch|p1a: SWAG LIKE OHIO|Landorus-Therian, M|38\/100\n|-ability|p1a: SWAG LIKE OHIO|Intimidate|boost\n|-unboost|p2a: Urshifu|atk|1\n|move|p2a: Urshifu|Surging Strikes|p1a: SWAG LIKE OHIO\n|-supereffective|p1a: SWAG LIKE OHIO\n|-crit|p1a: SWAG LIKE OHIO\n|-damage|p1a: SWAG LIKE OHIO|0 fnt\n|faint|p1a: SWAG LIKE OHIO\n|-hitcount|p1: SWAG LIKE OHIO|1\n|\n|-weather|RainDance|[upkeep]\n|upkeep\n|\n|t:|1663614440\n|switch|p1a: Dragopult|Dragapult, F|100\/100\n|-activate|p1a: Dragopult|move: Sticky Web\n|-unboost|p1a: Dragopult|spe|1\n|turn|11\n|\n|t:|1663614449\n|move|p2a: Urshifu|Surging Strikes|p1a: Dragopult\n|-resisted|p1a: Dragopult\n|-crit|p1a: Dragopult\n|-damage|p1a: Dragopult|71\/100\n|-resisted|p1a: Dragopult\n|-crit|p1a: Dragopult\n|-damage|p1a: Dragopult|43\/100\n|-resisted|p1a: Dragopult\n|-crit|p1a: Dragopult\n|-damage|p1a: Dragopult|12\/100\n|-hitcount|p1a: Dragopult|3\n|move|p1a: Dragopult|Thunder|p2a: Urshifu\n|-supereffective|p2a: Urshifu\n|-damage|p2a: Urshifu|0 fnt\n|faint|p2a: Urshifu\n|\n|-weather|none\n|upkeep\n|\n|t:|1663614464\n|switch|p2a: Tapu Lele|Tapu Lele|100\/100\n|-fieldstart|move: Psychic Terrain|[from] ability: Psychic Surge|[of] p2a: Tapu Lele\n|turn|12\n|\n|t:|1663614470\n|switch|p1a: OC Horse|Keldeo-Resolute|100\/100\n|-activate|p1a: OC Horse|move: Sticky Web\n|-unboost|p1a: OC Horse|spe|1\n|move|p2a: Tapu Lele|Psychic|p1a: OC Horse\n|-supereffective|p1a: OC Horse\n|-damage|p1a: OC Horse|0 fnt\n|faint|p1a: OC Horse\n|\n|upkeep\n|\n|t:|1663614477\n|switch|p1a: Lele Wulong|Tapu Lele|100\/100\n|-activate|p1a: Lele Wulong|move: Sticky Web\n|-unboost|p1a: Lele Wulong|spe|1\n|turn|13\n|c|\u2606broked on bricks|gg\n|\n|t:|1663614486\n|move|p2a: Tapu Lele|Psychic|p1a: Lele Wulong\n|-resisted|p1a: Lele Wulong\n|-damage|p1a: Lele Wulong|66\/100\n|move|p1a: Lele Wulong|Moonblast|p2a: Tapu Lele\n|-damage|p2a: Tapu Lele|46\/100\n|-unboost|p2a: Tapu Lele|spa|1\n|\n|upkeep\n|turn|14\n|\n|t:|1663614495\n|move|p2a: Tapu Lele|Psychic|p1a: Lele Wulong\n|-resisted|p1a: Lele Wulong\n|-damage|p1a: Lele Wulong|41\/100\n|move|p1a: Lele Wulong|Moonblast|p2a: Tapu Lele\n|-damage|p2a: Tapu Lele|0 fnt\n|faint|p2a: Tapu Lele\n|\n|win|broked on bricks\n|raw|broked on bricks's rating: 1572 &rarr; <strong>1592<\/strong><br \/>(+20 for winning)\n|raw|Drudger's rating: 1564 &rarr; <strong>1544<\/strong><br \/>(-20 for losing)\n","uploadtime":1663614500,"views":5,"p1id":"brokedonbricks","p2id":"drudger","formatid":"gen8ou","rating":1544,"private":0,"password":null}