{"id":"gen8ou-1644363237","p1":"LT94JE Ahsan","p2":"firepunch917","format":"gen8ou","log":"|raw|<div class=\"broadcast-blue\"><strong>This battle is required to be public due to a player having a name starting with 'lt94je'.<\/div>\n|j|\u2606LT94JE Ahsan\n|j|\u2606firepunch917\n|t:|1661043114\n|gametype|singles\n|player|p1|LT94JE Ahsan|furisodegirl-blue|1425\n|player|p2|firepunch917|170|1511\n|teamsize|p1|6\n|teamsize|p2|6\n|gen|8\n|tier|[Gen 8] OU\n|rated|\n|rule|Sleep Clause Mod: Limit one foe put to sleep\n|rule|Species Clause: Limit one of each Pok\u00e9mon\n|rule|OHKO Clause: OHKO moves are banned\n|rule|Evasion Items Clause: Evasion items are banned\n|rule|Evasion Moves Clause: Evasion moves are banned\n|rule|Endless Battle Clause: Forcing endless battles is banned\n|rule|HP Percentage Mod: HP is shown in percentages\n|rule|Dynamax Clause: You cannot dynamax\n|clearpoke\n|poke|p1|Dragapult, F|\n|poke|p1|Landorus-Therian, M|\n|poke|p1|Slowking-Galar, F|\n|poke|p1|Rotom-Wash|\n|poke|p1|Melmetal|\n|poke|p1|Buzzwole|\n|poke|p2|Clefable, F|\n|poke|p2|Ferrothorn, M|\n|poke|p2|Tornadus-Therian, M|\n|poke|p2|Nidoking, M|\n|poke|p2|Slowking, F|\n|poke|p2|Urshifu-*, F|\n|teampreview\n|inactive|Battle timer is ON: inactive players will automatically lose when time's up. (requested by LT94JE Ahsan)\n|\n|t:|1661043149\n|start\n|switch|p1a: Rotom|Rotom-Wash|100\/100\n|switch|p2a: Tornadus|Tornadus-Therian, M|100\/100\n|turn|1\n|\n|t:|1661043155\n|move|p2a: Tornadus|U-turn|p1a: Rotom\n|-damage|p1a: Rotom|85\/100\n|\n|t:|1661043156\n|switch|p2a: Clefable|Clefable, F|100\/100|[from]move: U-turn\n|move|p1a: Rotom|Will-O-Wisp|p2a: Clefable\n|-status|p2a: Clefable|brn\n|\n|-heal|p1a: Rotom|91\/100|[from] item: Leftovers\n|upkeep\n|turn|2\n|\n|t:|1661043161\n|move|p1a: Rotom|Volt Switch|p2a: Clefable\n|-damage|p2a: Clefable|80\/100 brn\n|\n|t:|1661043165\n|switch|p1a: Slowking|Slowking-Galar, F|100\/100|[from]move: Volt Switch\n|move|p2a: Clefable|Stealth Rock|p1a: Slowking\n|-sidestart|p1: LT94JE Ahsan|move: Stealth Rock\n|\n|-heal|p2a: Clefable|86\/100 brn|[from] item: Leftovers\n|upkeep\n|turn|3\n|\n|t:|1661043169\n|switch|p2a: Slowking|Slowking, F|100\/100\n|move|p1a: Slowking|Sludge Bomb|p2a: Slowking\n|-damage|p2a: Slowking|76\/100\n|\n|upkeep\n|turn|4\n|\n|t:|1661043172\n|move|p1a: Slowking|Sludge Bomb|p2a: Slowking\n|-damage|p2a: Slowking|48\/100\n|move|p2a: Slowking|Future Sight|p1a: Slowking\n|-start|p2a: Slowking|move: Future Sight\n|\n|upkeep\n|turn|5\n|\n|t:|1661043175\n|move|p2a: Slowking|Scald|p1a: Slowking\n|-damage|p1a: Slowking|87\/100\n|-status|p1a: Slowking|brn\n|move|p1a: Slowking|Sludge Bomb|p2a: Slowking\n|-damage|p2a: Slowking|23\/100\n|-status|p2a: Slowking|psn\n|\n|-damage|p2a: Slowking|10\/100 psn|[from] psn\n|-damage|p1a: Slowking|81\/100 brn|[from] brn\n|upkeep\n|turn|6\n|\n|t:|1661043180\n|switch|p2a: Nidoking|Nidoking, M|100\/100\n|move|p1a: Slowking|Scald|p2a: Nidoking\n|-supereffective|p2a: Nidoking\n|-damage|p2a: Nidoking|30\/100\n|-status|p2a: Nidoking|brn\n|\n|-end|p1a: Slowking|move: Future Sight\n|-damage|p1a: Slowking|58\/100 brn\n|-damage|p2a: Nidoking|24\/100 brn|[from] brn\n|-damage|p1a: Slowking|52\/100 brn|[from] brn\n|upkeep\n|turn|7\n|\n|t:|1661043187\n|switch|p1a: Rotom|Rotom-Wash|91\/100\n|-damage|p1a: Rotom|78\/100|[from] Stealth Rock\n|move|p2a: Nidoking|Earth Power|p1a: Rotom\n|-immune|p1a: Rotom|[from] ability: Levitate\n|\n|-heal|p1a: Rotom|85\/100|[from] item: Leftovers\n|-damage|p2a: Nidoking|18\/100 brn|[from] brn\n|upkeep\n|turn|8\n|\n|t:|1661043191\n|switch|p2a: Clefable|Clefable, F|86\/100 brn\n|move|p1a: Rotom|Hydro Pump|p2a: Clefable\n|-damage|p2a: Clefable|55\/100 brn\n|\n|-heal|p1a: Rotom|91\/100|[from] item: Leftovers\n|-heal|p2a: Clefable|62\/100 brn|[from] item: Leftovers\n|upkeep\n|turn|9\n|\n|t:|1661043194\n|move|p1a: Rotom|Volt Switch|p2a: Clefable\n|-damage|p2a: Clefable|41\/100 brn\n|\n|t:|1661043196\n|switch|p1a: Landorus|Landorus-Therian, M|100\/100|[from]move: Volt Switch\n|-damage|p1a: Landorus|88\/100|[from] Stealth Rock\n|-ability|p1a: Landorus|Intimidate|boost\n|-unboost|p2a: Clefable|atk|1\n|move|p2a: Clefable|Moonblast|p1a: Landorus\n|-damage|p1a: Landorus|63\/100\n|-unboost|p1a: Landorus|spa|1\n|\n|-heal|p1a: Landorus|69\/100|[from] item: Leftovers\n|-heal|p2a: Clefable|47\/100 brn|[from] item: Leftovers\n|upkeep\n|turn|10\n|\n|t:|1661043198\n|move|p1a: Landorus|Stealth Rock|p2a: Clefable\n|-sidestart|p2: firepunch917|move: Stealth Rock\n|move|p2a: Clefable|Soft-Boiled|p2a: Clefable\n|-heal|p2a: Clefable|97\/100 brn\n|\n|-heal|p1a: Landorus|75\/100|[from] item: Leftovers\n|-heal|p2a: Clefable|100\/100 brn|[from] item: Leftovers\n|upkeep\n|turn|11\n|\n|t:|1661043201\n|move|p1a: Landorus|Swords Dance|p1a: Landorus\n|-boost|p1a: Landorus|atk|2\n|move|p2a: Clefable|Moonblast|p1a: Landorus\n|-damage|p1a: Landorus|49\/100\n|-unboost|p1a: Landorus|spa|1\n|\n|-heal|p1a: Landorus|55\/100|[from] item: Leftovers\n|upkeep\n|turn|12\n|\n|t:|1661043205\n|switch|p2a: Tornadus|Tornadus-Therian, M|100\/100\n|move|p1a: Landorus|Stone Edge|p2a: Tornadus\n|-supereffective|p2a: Tornadus\n|-damage|p2a: Tornadus|0 fnt\n|faint|p2a: Tornadus\n|\n|-heal|p1a: Landorus|61\/100|[from] item: Leftovers\n|upkeep\n|\n|t:|1661043207\n|switch|p2a: Urshifu|Urshifu-Rapid-Strike, F|100\/100\n|-damage|p2a: Urshifu|94\/100|[from] Stealth Rock\n|turn|13\n|\n|t:|1661043211\n|switch|p1a: Buzzwole|Buzzwole|100\/100\n|move|p2a: Urshifu|Surging Strikes|p1a: Buzzwole\n|-crit|p1a: Buzzwole\n|-damage|p1a: Buzzwole|89\/100\n|-crit|p1a: Buzzwole\n|-damage|p1a: Buzzwole|77\/100\n|-crit|p1a: Buzzwole\n|-damage|p1a: Buzzwole|66\/100\n|-hitcount|p1a: Buzzwole|3\n|\n|upkeep\n|turn|14\n|\n|t:|1661043216\n|switch|p2a: Clefable|Clefable, F|100\/100 brn\n|move|p1a: Buzzwole|Roost|p1a: Buzzwole\n|-heal|p1a: Buzzwole|100\/100\n|-singleturn|p1a: Buzzwole|move: Roost\n|\n|upkeep\n|turn|15\n|\n|t:|1661043220\n|switch|p1a: Slowking|Slowking-Galar, F|85\/100 brn\n|-damage|p1a: Slowking|72\/100 brn|[from] Stealth Rock\n|move|p2a: Clefable|Moonblast|p1a: Slowking\n|-resisted|p1a: Slowking\n|-damage|p1a: Slowking|64\/100 brn\n|\n|-damage|p1a: Slowking|58\/100 brn|[from] brn\n|upkeep\n|turn|16\n|\n|t:|1661043224\n|switch|p2a: Ferrothorn|Ferrothorn, M|100\/100\n|-damage|p2a: Ferrothorn|94\/100|[from] Stealth Rock\n|move|p1a: Slowking|Flamethrower|p2a: Ferrothorn\n|-supereffective|p2a: Ferrothorn\n|-damage|p2a: Ferrothorn|0 fnt\n|faint|p2a: Ferrothorn\n|\n|-damage|p1a: Slowking|52\/100 brn|[from] brn\n|upkeep\n|-message|firepunch917 forfeited.\n|\n|win|LT94JE Ahsan\n|raw|LT94JE Ahsan's rating: 1446 &rarr; <strong>1470<\/strong><br \/>(+24 for winning)\n|raw|firepunch917's rating: 1511 &rarr; <strong>1487<\/strong><br \/>(-24 for losing)\n|l|\u2606firepunch917\n|l|\u2606LT94JE Ahsan\n||Ladder isn't responding, score probably updated but might not have (Request timeout).\n","uploadtime":1661043522,"views":16,"p1id":"lt94jeahsan","p2id":"firepunch917","formatid":"gen8ou","rating":1470,"private":0,"password":null}