{"id":"gen8ou-1592238937","p1":"Fastbreak 3","p2":"fishy8995","format":"gen8ou","log":"|j|\u2606Fastbreak 3\n|j|\u2606fishy8995\n|t:|1654733826\n|gametype|singles\n|player|p1|Fastbreak 3|hoopster|1619\n|player|p2|fishy8995|170|1613\n|teamsize|p1|6\n|teamsize|p2|6\n|gen|8\n|tier|[Gen 8] OU\n|rated|\n|rule|Sleep Clause Mod: Limit one foe put to sleep\n|rule|Species Clause: Limit one of each Pok\u00e9mon\n|rule|OHKO Clause: OHKO moves are banned\n|rule|Evasion Moves Clause: Evasion moves are banned\n|rule|Endless Battle Clause: Forcing endless battles is banned\n|rule|HP Percentage Mod: HP is shown in percentages\n|rule|Dynamax Clause: You cannot dynamax\n|clearpoke\n|poke|p1|Tornadus-Therian, M|\n|poke|p1|Garchomp, F|\n|poke|p1|Grimmsnarl, M|\n|poke|p1|Amoonguss, M|\n|poke|p1|Azumarill, F|\n|poke|p1|Celesteela|\n|poke|p2|Hippowdon, M|\n|poke|p2|Tyranitar, M|\n|poke|p2|Excadrill, F|\n|poke|p2|Mew|\n|poke|p2|Toxapex, F|\n|poke|p2|Dracozolt|\n|teampreview\n|\n|t:|1654733837\n|start\n|switch|p1a: Tornadus|Tornadus-Therian, M, shiny|100\/100\n|switch|p2a: Tyranitar|Tyranitar, M|100\/100\n|-weather|Sandstorm|[from] ability: Sand Stream|[of] p2a: Tyranitar\n|turn|1\n|j| prof dankness\n|\n|t:|1654733853\n|move|p1a: Tornadus|Focus Blast|p2a: Tyranitar|[miss]\n|-miss|p1a: Tornadus|p2a: Tyranitar\n|move|p2a: Tyranitar|Ice Beam|p1a: Tornadus\n|-supereffective|p1a: Tornadus\n|-damage|p1a: Tornadus|23\/100\n|\n|-weather|Sandstorm|[upkeep]\n|-damage|p1a: Tornadus|17\/100|[from] Sandstorm\n|upkeep\n|turn|2\n|\n|t:|1654733865\n|move|p1a: Tornadus|Focus Blast|p2a: Tyranitar|[miss]\n|-miss|p1a: Tornadus|p2a: Tyranitar\n|move|p2a: Tyranitar|Thunderbolt|p1a: Tornadus\n|-supereffective|p1a: Tornadus\n|-damage|p1a: Tornadus|0 fnt\n|faint|p1a: Tornadus\n|\n|-weather|Sandstorm|[upkeep]\n|upkeep\n|\n|t:|1654733891\n|switch|p1a: Amoonguss|Amoonguss, M, shiny|100\/100\n|turn|3\n|\n|t:|1654733896\n|move|p2a: Tyranitar|Ice Beam|p1a: Amoonguss\n|-supereffective|p1a: Amoonguss\n|-damage|p1a: Amoonguss|46\/100\n|-status|p1a: Amoonguss|frz\n|cant|p1a: Amoonguss|frz\n|\n|-weather|Sandstorm|[upkeep]\n|-damage|p1a: Amoonguss|40\/100 frz|[from] Sandstorm\n|upkeep\n|turn|4\n|c|\u2606Fastbreak 3|my goodness\n|\n|t:|1654733916\n|switch|p1a: Grimmsnarl|Grimmsnarl, M, shiny|100\/100\n|move|p2a: Tyranitar|Ice Beam|p1a: Grimmsnarl\n|-damage|p1a: Grimmsnarl|68\/100\n|\n|-weather|Sandstorm|[upkeep]\n|-damage|p1a: Grimmsnarl|62\/100|[from] Sandstorm\n|upkeep\n|turn|5\n|\n|t:|1654733948\n|move|p1a: Grimmsnarl|Reflect|p1a: Grimmsnarl\n|-sidestart|p1: Fastbreak 3|Reflect\n|move|p2a: Tyranitar|Earthquake|p1a: Grimmsnarl\n|-damage|p1a: Grimmsnarl|43\/100\n|\n|-weather|none\n|upkeep\n|turn|6\n|\n|t:|1654733954\n|switch|p2a: Mew|Mew|100\/100\n|move|p1a: Grimmsnarl|Light Screen|p1a: Grimmsnarl\n|-sidestart|p1: Fastbreak 3|move: Light Screen\n|\n|upkeep\n|turn|7\n|\n|t:|1654733969\n|move|p1a: Grimmsnarl|Taunt|p2a: Mew\n|-start|p2a: Mew|move: Taunt\n|cant|p2a: Mew|move: Taunt|Defog\n|\n|upkeep\n|turn|8\n|\n|t:|1654733975\n|switch|p2a: Hippowdon|Hippowdon, M|100\/100\n|-weather|Sandstorm|[from] ability: Sand Stream|[of] p2a: Hippowdon\n|switch|p1a: Azumarill|Azumarill, F, shiny|100\/100\n|\n|-weather|Sandstorm|[upkeep]\n|-damage|p1a: Azumarill|94\/100|[from] Sandstorm\n|upkeep\n|turn|9\n|\n|t:|1654733984\n|move|p1a: Azumarill|Belly Drum|p1a: Azumarill\n|-damage|p1a: Azumarill|44\/100\n|-setboost|p1a: Azumarill|atk|6|[from] move: Belly Drum\n|-enditem|p1a: Azumarill|Sitrus Berry|[eat]\n|-heal|p1a: Azumarill|69\/100|[from] item: Sitrus Berry\n|move|p2a: Hippowdon|Roar|p1a: Azumarill\n|drag|p1a: Grimmsnarl|Grimmsnarl, M, shiny|43\/100\n|\n|-weather|Sandstorm|[upkeep]\n|-damage|p1a: Grimmsnarl|37\/100|[from] Sandstorm\n|upkeep\n|turn|10\n|\n|t:|1654733996\n|switch|p2a: Mew|Mew|100\/100\n|move|p1a: Grimmsnarl|Taunt|p2a: Mew\n|-start|p2a: Mew|move: Taunt\n|\n|-weather|Sandstorm|[upkeep]\n|-damage|p2a: Mew|94\/100|[from] Sandstorm\n|-damage|p1a: Grimmsnarl|30\/100|[from] Sandstorm\n|upkeep\n|turn|11\n|\n|t:|1654734003\n|switch|p2a: Hippowdon|Hippowdon, M|100\/100\n|switch|p1a: Azumarill|Azumarill, F, shiny|69\/100\n|\n|-weather|Sandstorm|[upkeep]\n|-damage|p1a: Azumarill|63\/100|[from] Sandstorm\n|upkeep\n|turn|12\n|\n|t:|1654734010\n|move|p1a: Azumarill|Knock Off|p2a: Hippowdon\n|-damage|p2a: Hippowdon|79\/100\n|-enditem|p2a: Hippowdon|Smooth Rock|[from] move: Knock Off|[of] p1a: Azumarill\n|move|p2a: Hippowdon|Roar|p1a: Azumarill\n|drag|p1a: Garchomp|Garchomp, F|100\/100\n|\n|-weather|Sandstorm|[upkeep]\n|-sideend|p1: Fastbreak 3|Reflect\n|upkeep\n|turn|13\n|\n|t:|1654734020\n|move|p1a: Garchomp|Swords Dance|p1a: Garchomp\n|-boost|p1a: Garchomp|atk|2\n|move|p2a: Hippowdon|Toxic|p1a: Garchomp|[miss]\n|-miss|p2a: Hippowdon|p1a: Garchomp\n|\n|-weather|Sandstorm|[upkeep]\n|-sideend|p1: Fastbreak 3|move: Light Screen\n|upkeep\n|turn|14\n|\n|t:|1654734026\n|switch|p1a: Amoonguss|Amoonguss, M, shiny|73\/100 frz\n|move|p2a: Hippowdon|Roar|p1a: Amoonguss\n|drag|p1a: Grimmsnarl|Grimmsnarl, M, shiny|30\/100\n|\n|-weather|Sandstorm|[upkeep]\n|-damage|p1a: Grimmsnarl|24\/100|[from] Sandstorm\n|upkeep\n|turn|15\n|\n|t:|1654734038\n|switch|p2a: Mew|Mew|94\/100\n|move|p1a: Grimmsnarl|Reflect|p1a: Grimmsnarl\n|-sidestart|p1: Fastbreak 3|Reflect\n|\n|-weather|none\n|upkeep\n|turn|16\n|\n|t:|1654734043\n|move|p1a: Grimmsnarl|Taunt|p2a: Mew\n|-start|p2a: Mew|move: Taunt\n|move|p2a: Mew|Seismic Toss|p1a: Grimmsnarl\n|-damage|p1a: Grimmsnarl|0 fnt\n|faint|p1a: Grimmsnarl\n|\n|upkeep\n|\n|t:|1654734061\n|switch|p1a: Azumarill|Azumarill, F, shiny|63\/100\n|turn|17\n|\n|t:|1654734070\n|move|p2a: Mew|Seismic Toss|p1a: Azumarill\n|-damage|p1a: Azumarill|34\/100\n|move|p1a: Azumarill|Knock Off|p2a: Mew\n|-supereffective|p2a: Mew\n|-damage|p2a: Mew|27\/100\n|-damage|p1a: Azumarill|17\/100|[from] item: Rocky Helmet|[of] p2a: Mew\n|-enditem|p2a: Mew|Rocky Helmet|[from] move: Knock Off|[of] p1a: Azumarill\n|\n|upkeep\n|turn|18\n|\n|t:|1654734088\n|switch|p2a: Toxapex|Toxapex, F|100\/100\n|move|p1a: Azumarill|Aqua Jet|p2a: Toxapex\n|-resisted|p2a: Toxapex\n|-damage|p2a: Toxapex|90\/100\n|\n|-heal|p2a: Toxapex|96\/100|[from] item: Black Sludge\n|upkeep\n|turn|19\n|\n|t:|1654734096\n|move|p1a: Azumarill|Knock Off|p2a: Toxapex\n|-damage|p2a: Toxapex|63\/100\n|-enditem|p2a: Toxapex|Black Sludge|[from] move: Knock Off|[of] p1a: Azumarill\n|move|p2a: Toxapex|Stockpile|p2a: Toxapex\n|-start|p2a: Toxapex|stockpile1\n|-boost|p2a: Toxapex|def|1\n|-boost|p2a: Toxapex|spd|1\n|\n|upkeep\n|turn|20\n|\n|t:|1654734111\n|switch|p1a: Amoonguss|Amoonguss, M, shiny|100\/100 frz\n|move|p2a: Toxapex|Scald|p1a: Amoonguss\n|-resisted|p1a: Amoonguss\n|-damage|p1a: Amoonguss|93\/100 frz\n|-curestatus|p1a: Amoonguss|frz|[msg]\n|\n|upkeep\n|turn|21\n|\n|t:|1654734120\n|switch|p2a: Mew|Mew|27\/100\n|move|p1a: Amoonguss|Spore|p2a: Mew\n|-status|p2a: Mew|slp|[from] move: Spore\n|\n|upkeep\n|turn|22\n|\n|t:|1654734131\n|switch|p2a: Hippowdon|Hippowdon, M|79\/100\n|-weather|Sandstorm|[from] ability: Sand Stream|[of] p2a: Hippowdon\n|switch|p1a: Azumarill|Azumarill, F, shiny|17\/100\n|\n|-weather|Sandstorm|[upkeep]\n|-damage|p1a: Azumarill|11\/100|[from] Sandstorm\n|-sideend|p1: Fastbreak 3|Reflect\n|upkeep\n|turn|23\n|\n|t:|1654734161\n|move|p1a: Azumarill|Play Rough|p2a: Hippowdon\n|-damage|p2a: Hippowdon|51\/100\n|move|p2a: Hippowdon|Stealth Rock|p1a: Azumarill\n|-sidestart|p1: Fastbreak 3|move: Stealth Rock\n|\n|-weather|Sandstorm|[upkeep]\n|-damage|p1a: Azumarill|5\/100|[from] Sandstorm\n|upkeep\n|turn|24\n|j| RedCoza\n|\n|t:|1654734189\n|move|p1a: Azumarill|Aqua Jet|p2a: Hippowdon\n|-supereffective|p2a: Hippowdon\n|-damage|p2a: Hippowdon|24\/100\n|move|p2a: Hippowdon|Slack Off|p2a: Hippowdon\n|-heal|p2a: Hippowdon|74\/100\n|\n|-weather|Sandstorm|[upkeep]\n|-damage|p1a: Azumarill|0 fnt|[from] Sandstorm\n|faint|p1a: Azumarill\n|upkeep\n|\n|t:|1654734214\n|switch|p1a: Amoonguss|Amoonguss, M, shiny|100\/100\n|-damage|p1a: Amoonguss|88\/100|[from] Stealth Rock\n|turn|25\n|\n|t:|1654734237\n|switch|p1a: Garchomp|Garchomp, F|100\/100\n|-damage|p1a: Garchomp|94\/100|[from] Stealth Rock\n|move|p2a: Hippowdon|Roar|p1a: Garchomp\n|drag|p1a: Celesteela|Celesteela, shiny|100\/100\n|-damage|p1a: Celesteela|88\/100|[from] Stealth Rock\n|\n|-weather|Sandstorm|[upkeep]\n|upkeep\n|turn|26\n|\n|t:|1654734251\n|move|p1a: Celesteela|Autotomize|p1a: Celesteela\n|-boost|p1a: Celesteela|spe|2\n|-start|p1a: Celesteela|Autotomize\n|move|p2a: Hippowdon|Roar|p1a: Celesteela\n|drag|p1a: Amoonguss|Amoonguss, M, shiny|100\/100\n|-damage|p1a: Amoonguss|88\/100|[from] Stealth Rock\n|\n|-weather|none\n|upkeep\n|turn|27\n|\n|t:|1654734274\n|move|p2a: Hippowdon|Slack Off|p2a: Hippowdon\n|-heal|p2a: Hippowdon|100\/100\n|move|p1a: Amoonguss|Giga Drain|p2a: Hippowdon\n|-supereffective|p2a: Hippowdon\n|-damage|p2a: Hippowdon|55\/100\n|-heal|p1a: Amoonguss|100\/100|[from] drain|[of] p2a: Hippowdon\n|\n|upkeep\n|turn|28\n|\n|t:|1654734285\n|switch|p2a: Toxapex|Toxapex, F|96\/100\n|move|p1a: Amoonguss|Giga Drain|p2a: Toxapex\n|-damage|p2a: Toxapex|77\/100\n|\n|upkeep\n|turn|29\n|\n|t:|1654734295\n|switch|p2a: Hippowdon|Hippowdon, M|55\/100\n|-weather|Sandstorm|[from] ability: Sand Stream|[of] p2a: Hippowdon\n|switch|p1a: Garchomp|Garchomp, F|94\/100\n|-damage|p1a: Garchomp|88\/100|[from] Stealth Rock\n|\n|-weather|Sandstorm|[upkeep]\n|-heal|p1a: Garchomp|94\/100|[from] item: Leftovers\n|upkeep\n|turn|30\n|\n|t:|1654734320\n|switch|p1a: Amoonguss|Amoonguss, M, shiny|100\/100\n|-damage|p1a: Amoonguss|88\/100|[from] Stealth Rock\n|move|p2a: Hippowdon|Slack Off|p2a: Hippowdon\n|-heal|p2a: Hippowdon|100\/100\n|\n|-weather|Sandstorm|[upkeep]\n|-damage|p1a: Amoonguss|82\/100|[from] Sandstorm\n|upkeep\n|turn|31\n|\n|t:|1654734328\n|switch|p2a: Excadrill|Excadrill, F|100\/100\n|move|p1a: Amoonguss|Giga Drain|p2a: Excadrill\n|-damage|p2a: Excadrill|69\/100\n|-heal|p1a: Amoonguss|95\/100|[from] drain|[of] p2a: Excadrill\n|\n|-weather|Sandstorm|[upkeep]\n|-damage|p1a: Amoonguss|89\/100|[from] Sandstorm\n|upkeep\n|turn|32\n|\n|t:|1654734385\n|move|p2a: Excadrill|Swords Dance|p2a: Excadrill\n|-boost|p2a: Excadrill|atk|2\n|move|p1a: Amoonguss|Foul Play|p2a: Excadrill\n|-damage|p2a: Excadrill|0 fnt\n|faint|p2a: Excadrill\n|\n|-weather|Sandstorm|[upkeep]\n|-damage|p1a: Amoonguss|82\/100|[from] Sandstorm\n|upkeep\n|\n|t:|1654734396\n|switch|p2a: Dracozolt|Dracozolt|100\/100\n|turn|33\n|\n|t:|1654734402\n|move|p2a: Dracozolt|Flamethrower|p1a: Amoonguss\n|-supereffective|p1a: Amoonguss\n|-damage|p1a: Amoonguss|46\/100\n|-damage|p2a: Dracozolt|91\/100|[from] item: Life Orb\n|move|p1a: Amoonguss|Foul Play|p2a: Dracozolt\n|-damage|p2a: Dracozolt|57\/100\n|\n|-weather|none\n|upkeep\n|turn|34\n|\n|t:|1654734414\n|switch|p2a: Hippowdon|Hippowdon, M|100\/100\n|-weather|Sandstorm|[from] ability: Sand Stream|[of] p2a: Hippowdon\n|switch|p1a: Garchomp|Garchomp, F|94\/100\n|-damage|p1a: Garchomp|88\/100|[from] Stealth Rock\n|\n|-weather|Sandstorm|[upkeep]\n|-heal|p1a: Garchomp|94\/100|[from] item: Leftovers\n|upkeep\n|turn|35\n|\n|t:|1654734424\n|switch|p1a: Amoonguss|Amoonguss, M, shiny|79\/100\n|-damage|p1a: Amoonguss|66\/100|[from] Stealth Rock\n|move|p2a: Hippowdon|Toxic|p1a: Amoonguss\n|-immune|p1a: Amoonguss\n|\n|-weather|Sandstorm|[upkeep]\n|-damage|p1a: Amoonguss|60\/100|[from] Sandstorm\n|upkeep\n|turn|36\n|\n|t:|1654734435\n|switch|p2a: Toxapex|Toxapex, F|100\/100\n|move|p1a: Amoonguss|Giga Drain|p2a: Toxapex\n|-damage|p2a: Toxapex|83\/100\n|-heal|p1a: Amoonguss|65\/100|[from] drain|[of] p2a: Toxapex\n|\n|-weather|Sandstorm|[upkeep]\n|-damage|p2a: Toxapex|77\/100|[from] Sandstorm\n|-damage|p1a: Amoonguss|59\/100|[from] Sandstorm\n|upkeep\n|turn|37\n|\n|t:|1654734447\n|switch|p1a: Garchomp|Garchomp, F|94\/100\n|-damage|p1a: Garchomp|88\/100|[from] Stealth Rock\n|move|p2a: Toxapex|Stockpile|p2a: Toxapex\n|-start|p2a: Toxapex|stockpile1\n|-boost|p2a: Toxapex|def|1\n|-boost|p2a: Toxapex|spd|1\n|\n|-weather|Sandstorm|[upkeep]\n|-damage|p2a: Toxapex|70\/100|[from] Sandstorm\n|-heal|p1a: Garchomp|94\/100|[from] item: Leftovers\n|upkeep\n|turn|38\n|\n|t:|1654734457\n|move|p1a: Garchomp|Swords Dance|p1a: Garchomp\n|-boost|p1a: Garchomp|atk|2\n|move|p2a: Toxapex|Toxic|p1a: Garchomp\n|-status|p1a: Garchomp|tox\n|\n|-weather|none\n|-heal|p1a: Garchomp|100\/100 tox|[from] item: Leftovers\n|-damage|p1a: Garchomp|94\/100 tox|[from] psn\n|upkeep\n|turn|39\n|\n|t:|1654734484\n|move|p1a: Garchomp|Earthquake|p2a: Toxapex\n|-supereffective|p2a: Toxapex\n|-damage|p2a: Toxapex|0 fnt\n|faint|p2a: Toxapex\n|\n|-heal|p1a: Garchomp|100\/100 tox|[from] item: Leftovers\n|-damage|p1a: Garchomp|88\/100 tox|[from] psn\n|upkeep\n|\n|t:|1654734487\n|switch|p2a: Hippowdon|Hippowdon, M|100\/100\n|-weather|Sandstorm|[from] ability: Sand Stream|[of] p2a: Hippowdon\n|turn|40\n|\n|t:|1654734498\n|move|p1a: Garchomp|Earthquake|p2a: Hippowdon\n|-crit|p2a: Hippowdon\n|-damage|p2a: Hippowdon|17\/100\n|move|p2a: Hippowdon|Roar|p1a: Garchomp\n|drag|p1a: Amoonguss|Amoonguss, M, shiny|92\/100\n|-damage|p1a: Amoonguss|80\/100|[from] Stealth Rock\n|\n|-weather|Sandstorm|[upkeep]\n|-damage|p1a: Amoonguss|74\/100|[from] Sandstorm\n|upkeep\n|turn|41\n|\n|t:|1654734532\n|move|p2a: Hippowdon|Slack Off|p2a: Hippowdon\n|-heal|p2a: Hippowdon|67\/100\n|move|p1a: Amoonguss|Giga Drain|p2a: Hippowdon\n|-supereffective|p2a: Hippowdon\n|-damage|p2a: Hippowdon|20\/100\n|-heal|p1a: Amoonguss|97\/100|[from] drain|[of] p2a: Hippowdon\n|\n|-weather|Sandstorm|[upkeep]\n|-damage|p1a: Amoonguss|90\/100|[from] Sandstorm\n|upkeep\n|turn|42\n|\n|t:|1654734540\n|move|p2a: Hippowdon|Slack Off|p2a: Hippowdon\n|-heal|p2a: Hippowdon|70\/100\n|move|p1a: Amoonguss|Giga Drain|p2a: Hippowdon\n|-supereffective|p2a: Hippowdon\n|-damage|p2a: Hippowdon|24\/100\n|-heal|p1a: Amoonguss|100\/100|[from] drain|[of] p2a: Hippowdon\n|\n|-weather|Sandstorm|[upkeep]\n|-damage|p1a: Amoonguss|94\/100|[from] Sandstorm\n|upkeep\n|turn|43\n|\n|t:|1654734550\n|move|p2a: Hippowdon|Slack Off|p2a: Hippowdon\n|-heal|p2a: Hippowdon|74\/100\n|move|p1a: Amoonguss|Giga Drain|p2a: Hippowdon\n|-supereffective|p2a: Hippowdon\n|-damage|p2a: Hippowdon|22\/100\n|-heal|p1a: Amoonguss|100\/100|[from] drain|[of] p2a: Hippowdon\n|\n|-weather|Sandstorm|[upkeep]\n|-damage|p1a: Amoonguss|94\/100|[from] Sandstorm\n|upkeep\n|turn|44\n|\n|t:|1654734559\n|move|p2a: Hippowdon|Slack Off|p2a: Hippowdon\n|-heal|p2a: Hippowdon|72\/100\n|move|p1a: Amoonguss|Giga Drain|p2a: Hippowdon\n|-supereffective|p2a: Hippowdon\n|-crit|p2a: Hippowdon\n|-damage|p2a: Hippowdon|4\/100\n|-heal|p1a: Amoonguss|100\/100|[from] drain|[of] p2a: Hippowdon\n|\n|-weather|none\n|upkeep\n|turn|45\n|j| ThisIsntHilarious\n|\n|t:|1654734578\n|switch|p2a: Tyranitar|Tyranitar, M|100\/100\n|-weather|Sandstorm|[from] ability: Sand Stream|[of] p2a: Tyranitar\n|move|p1a: Amoonguss|Giga Drain|p2a: Tyranitar\n|-supereffective|p2a: Tyranitar\n|-damage|p2a: Tyranitar|77\/100\n|\n|-weather|Sandstorm|[upkeep]\n|-damage|p1a: Amoonguss|94\/100|[from] Sandstorm\n|upkeep\n|turn|46\n|l| prof dankness\n|\n|t:|1654734609\n|switch|p1a: Garchomp|Garchomp, F|88\/100 tox\n|-damage|p1a: Garchomp|82\/100 tox|[from] Stealth Rock\n|move|p2a: Tyranitar|Flamethrower|p1a: Garchomp\n|-resisted|p1a: Garchomp\n|-damage|p1a: Garchomp|67\/100 tox\n|\n|-weather|Sandstorm|[upkeep]\n|-heal|p1a: Garchomp|74\/100 tox|[from] item: Leftovers\n|-damage|p1a: Garchomp|67\/100 tox|[from] psn\n|upkeep\n|turn|47\n|\n|t:|1654734631\n|move|p1a: Garchomp|Earthquake|p2a: Tyranitar\n|-supereffective|p2a: Tyranitar\n|-damage|p2a: Tyranitar|0 fnt\n|faint|p2a: Tyranitar\n|\n|-weather|Sandstorm|[upkeep]\n|-heal|p1a: Garchomp|74\/100 tox|[from] item: Leftovers\n|-damage|p1a: Garchomp|61\/100 tox|[from] psn\n|upkeep\n|\n|t:|1654734633\n|switch|p2a: Dracozolt|Dracozolt|57\/100\n|turn|48\n|\n|t:|1654734646\n|move|p2a: Dracozolt|Bolt Beak|p1a: Garchomp\n|-immune|p1a: Garchomp\n|move|p1a: Garchomp|Earthquake|p2a: Dracozolt\n|-supereffective|p2a: Dracozolt\n|-damage|p2a: Dracozolt|0 fnt\n|faint|p2a: Dracozolt\n|\n|-weather|Sandstorm|[upkeep]\n|-heal|p1a: Garchomp|67\/100 tox|[from] item: Leftovers\n|-damage|p1a: Garchomp|49\/100 tox|[from] psn\n|upkeep\n|\n|t:|1654734647\n|switch|p2a: Mew|Mew|27\/100 slp\n|turn|49\n|-message|fishy8995 forfeited.\n|\n|win|Fastbreak 3\n|raw|Fastbreak 3's rating: 1619 &rarr; <strong>1641<\/strong><br \/>(+22 for winning)\n|raw|fishy8995's rating: 1653 &rarr; <strong>1631<\/strong><br \/>(-22 for losing)\n|l|\u2606fishy8995\n|l| RedCoza\n|l| ThisIsntHilarious\n||Ladder isn't responding, score probably updated but might not have (Request timeout).\n","uploadtime":1654734685,"views":23,"p1id":"fastbreak3","p2id":"fishy8995","formatid":"gen8ou","rating":1631,"private":0,"password":null}