{"id":"gen8ou-1269382177","p1":"Burnt Bright","p2":"filipinoturn","format":"gen8ou","log":"|html|<div class=\"broadcast-blue\"><strong>[Gen 8] OU is currently suspecting Spectrier! For information on how to participate check out the <a href=\"https:\/\/www.smogon.com\/forums\/threads\/np-ss-ou-suspect-process-round-9-old-town-road.3676744\/\">suspect thread<\/a>.<\/strong><\/div>\n|j|\u2606Burnt Bright\n|j|\u2606filipinoturn\n|t:|1611602295\n|player|p1|Burnt Bright|parasollady-gen4|1539\n|player|p2|filipinoturn|steven|1607\n|teamsize|p1|6\n|teamsize|p2|6\n|gametype|singles\n|gen|8\n|tier|[Gen 8] OU\n|rated|\n|clearpoke\n|poke|p1|Pelipper, M|\n|poke|p1|Barraskewda, F|\n|poke|p1|Tornadus-Therian, M|\n|poke|p1|Ferrothorn, M|\n|poke|p1|Seismitoad, F|\n|poke|p1|Tapu Koko|\n|poke|p2|Weavile, F|\n|poke|p2|Keldeo-Resolute|\n|poke|p2|Zapdos|\n|poke|p2|Latias, F|\n|poke|p2|Heatran, M|\n|poke|p2|Diggersby, F|\n|rule|Sleep Clause Mod: Limit one foe put to sleep\n|rule|Species Clause: Limit one of each Pok\u00e9mon\n|rule|OHKO Clause: OHKO moves are banned\n|rule|Evasion Moves Clause: Evasion moves are banned\n|rule|Endless Battle Clause: Forcing endless battles is banned\n|rule|HP Percentage Mod: HP is shown in percentages\n|rule|Dynamax Clause: You cannot dynamax\n|teampreview\n|c|\u2606filipinoturn|oh ur alt\n|c|\u2606filipinoturn|so familiar\n|c|\u2606filipinoturn|ayy\n|c|\u2606filipinoturn|we faced during olt run\n|c|\u2606Burnt Bright|huh?\n|c|\u2606filipinoturn|love the name burn bright\n|c|\u2606filipinoturn|:)\n|c|\u2606Burnt Bright|Definitely not lol. Never done olt\n|\n|t:|1611602356\n|start\n|switch|p1a: Pelipper|Pelipper, M|100\/100\n|switch|p2a: Zapdos|Zapdos|100\/100\n|-weather|RainDance|[from] ability: Drizzle|[of] p1a: Pelipper\n|turn|1\n|\n|t:|1611602368\n|switch|p1a: Seismitoad|Seismitoad, F|100\/100\n|move|p2a: Zapdos|Volt Switch|p1a: Seismitoad\n|-immune|p1a: Seismitoad\n|\n|-weather|RainDance|[upkeep]\n|upkeep\n|turn|2\n|\n|t:|1611602377\n|switch|p2a: Keldeo|Keldeo-Resolute|100\/100\n|move|p1a: Seismitoad|Stealth Rock|p2a: Keldeo\n|-sidestart|p2: filipinoturn|move: Stealth Rock\n|\n|-weather|RainDance|[upkeep]\n|upkeep\n|turn|3\n|\n|t:|1611602384\n|move|p1a: Seismitoad|Earthquake|p2a: Keldeo\n|-damage|p2a: Keldeo|31\/100\n|-damage|p1a: Seismitoad|91\/100|[from] item: Life Orb\n|move|p2a: Keldeo|Secret Sword|p1a: Seismitoad\n|-damage|p1a: Seismitoad|3\/100\n|\n|-weather|RainDance|[upkeep]\n|upkeep\n|turn|4\n|\n|t:|1611602393\n|switch|p2a: Latias|Latias, F|100\/100\n|-damage|p2a: Latias|88\/100|[from] Stealth Rock\n|move|p1a: Seismitoad|Liquidation|p2a: Latias\n|-resisted|p2a: Latias\n|-damage|p2a: Latias|37\/100\n|-damage|p1a: Seismitoad|0 fnt|[from] item: Life Orb\n|faint|p1a: Seismitoad\n|\n|-weather|RainDance|[upkeep]\n|upkeep\n|\n|t:|1611602409\n|switch|p1a: Barraskewda|Barraskewda, F|100\/100\n|turn|5\n|\n|t:|1611602416\n|move|p1a: Barraskewda|Flip Turn|p2a: Latias\n|-resisted|p2a: Latias\n|-damage|p2a: Latias|0 fnt\n|faint|p2a: Latias\n|\n|t:|1611602424\n|switch|p1a: Ferrothorn|Ferrothorn, M|100\/100|[from]move: Flip Turn\n|\n|-weather|RainDance|[upkeep]\n|upkeep\n|\n|t:|1611602431\n|switch|p2a: Heatran|Heatran, M|100\/100\n|-damage|p2a: Heatran|88\/100|[from] Stealth Rock\n|-item|p2a: Heatran|Air Balloon\n|turn|6\n|\n|t:|1611602437\n|switch|p1a: Tornadus|Tornadus-Therian, M|100\/100\n|move|p2a: Heatran|Stealth Rock|p1a: Tornadus\n|-sidestart|p1: Burnt Bright|move: Stealth Rock\n|\n|-weather|RainDance|[upkeep]\n|upkeep\n|turn|7\n|\n|t:|1611602443\n|move|p2a: Heatran|Protect|p2a: Heatran\n|-singleturn|p2a: Heatran|Protect\n|move|p1a: Tornadus|Hurricane|p2a: Heatran\n|-activate|p2a: Heatran|move: Protect\n|\n|-weather|RainDance|[upkeep]\n|upkeep\n|turn|8\n|\n|t:|1611602450\n|move|p1a: Tornadus|Hurricane|p2a: Heatran\n|-resisted|p2a: Heatran\n|-damage|p2a: Heatran|64\/100\n|-enditem|p2a: Heatran|Air Balloon\n|move|p2a: Heatran|Magma Storm|p1a: Tornadus|[miss]\n|-miss|p2a: Heatran|p1a: Tornadus\n|\n|-weather|none\n|upkeep\n|turn|9\n|c|\u2606filipinoturn|no weather balls\n|\n|t:|1611602456\n|move|p1a: Tornadus|Focus Blast|p2a: Heatran\n|-supereffective|p2a: Heatran\n|-damage|p2a: Heatran|0 fnt\n|faint|p2a: Heatran\n|\n|upkeep\n|c|\u2606filipinoturn|oh\n|c|\u2606filipinoturn|rude\n|c|\u2606filipinoturn|we miss u hit\n|\n|t:|1611602466\n|switch|p2a: Zapdos|Zapdos|100\/100\n|turn|10\n|\n|t:|1611602471\n|switch|p1a: Ferrothorn|Ferrothorn, M|100\/100\n|-damage|p1a: Ferrothorn|94\/100|[from] Stealth Rock\n|move|p2a: Zapdos|Volt Switch|p1a: Ferrothorn\n|-resisted|p1a: Ferrothorn\n|-damage|p1a: Ferrothorn|79\/100\n|\n|t:|1611602474\n|switch|p2a: Keldeo|Keldeo-Resolute|31\/100|[from]move: Volt Switch\n|-damage|p2a: Keldeo|25\/100|[from] Stealth Rock\n|\n|-heal|p1a: Ferrothorn|85\/100|[from] item: Leftovers\n|upkeep\n|turn|11\n|\n|t:|1611602484\n|switch|p1a: Tornadus|Tornadus-Therian, M|100\/100\n|move|p2a: Keldeo|Flip Turn|p1a: Tornadus\n|-damage|p1a: Tornadus|79\/100\n|\n|t:|1611602487\n|switch|p2a: Zapdos|Zapdos|100\/100|[from]move: Flip Turn\n|\n|upkeep\n|turn|12\n|\n|t:|1611602491\n|switch|p1a: Ferrothorn|Ferrothorn, M|85\/100\n|-damage|p1a: Ferrothorn|79\/100|[from] Stealth Rock\n|move|p2a: Zapdos|Thunderbolt|p1a: Ferrothorn\n|-resisted|p1a: Ferrothorn\n|-damage|p1a: Ferrothorn|58\/100\n|-status|p1a: Ferrothorn|par\n|\n|-heal|p1a: Ferrothorn|64\/100 par|[from] item: Leftovers\n|upkeep\n|turn|13\n|\n|t:|1611602496\n|move|p2a: Zapdos|Heat Wave|p1a: Ferrothorn\n|-supereffective|p1a: Ferrothorn\n|-damage|p1a: Ferrothorn|0 fnt\n|faint|p1a: Ferrothorn\n|\n|upkeep\n|\n|t:|1611602500\n|switch|p1a: Tapu Koko|Tapu Koko|100\/100\n|-damage|p1a: Tapu Koko|88\/100|[from] Stealth Rock\n|-fieldstart|move: Electric Terrain|[from] ability: Electric Surge|[of] p1a: Tapu Koko\n|turn|14\n|\n|t:|1611602536\n|move|p1a: Tapu Koko|Volt Switch|p2a: Zapdos\n|-damage|p2a: Zapdos|32\/100\n|\n|t:|1611602539\n|switch|p1a: Pelipper|Pelipper, M|100\/100|[from]move: Volt Switch\n|-damage|p1a: Pelipper|76\/100|[from] Stealth Rock\n|-weather|RainDance|[from] ability: Drizzle|[of] p1a: Pelipper\n|move|p2a: Zapdos|Volt Switch|p1a: Pelipper\n|-supereffective|p1a: Pelipper\n|-damage|p1a: Pelipper|0 fnt\n|faint|p1a: Pelipper\n|c|\u2606filipinoturn|gg\n|\n|t:|1611602558\n|switch|p2a: Diggersby|Diggersby, F|100\/100|[from]move: Volt Switch\n|-damage|p2a: Diggersby|94\/100|[from] Stealth Rock\n|\n|-weather|RainDance|[upkeep]\n|upkeep\n|\n|t:|1611602562\n|switch|p1a: Barraskewda|Barraskewda, F|100\/100\n|-damage|p1a: Barraskewda|88\/100|[from] Stealth Rock\n|turn|15\n|\n|t:|1611602567\n|switch|p2a: Zapdos|Zapdos|32\/100\n|move|p1a: Barraskewda|Liquidation|p2a: Zapdos\n|-damage|p2a: Zapdos|0 fnt\n|-status|p1a: Barraskewda|par|[from] ability: Static|[of] p2a: Zapdos\n|faint|p2a: Zapdos\n|\n|-weather|RainDance|[upkeep]\n|upkeep\n|\n|t:|1611602575\n|switch|p2a: third time's th-|Weavile, F|100\/100\n|-damage|p2a: third time's th-|76\/100|[from] Stealth Rock\n|-ability|p2a: third time's th-|Pressure\n|turn|16\n|\n|t:|1611602578\n|move|p2a: third time's th-|Knock Off|p1a: Barraskewda\n|-damage|p1a: Barraskewda|0 fnt\n|-enditem|p1a: Barraskewda|Choice Band|[from] move: Knock Off|[of] p2a: third time's th-\n|-damage|p2a: third time's th-|66\/100|[from] item: Life Orb\n|faint|p1a: Barraskewda\n|\n|-weather|RainDance|[upkeep]\n|upkeep\n|\n|t:|1611602584\n|switch|p1a: Tapu Koko|Tapu Koko|88\/100\n|-damage|p1a: Tapu Koko|76\/100|[from] Stealth Rock\n|turn|17\n|\n|t:|1611602590\n|move|p2a: third time's th-|Ice Shard|p1a: Tapu Koko\n|-damage|p1a: Tapu Koko|38\/100\n|-damage|p2a: third time's th-|56\/100|[from] item: Life Orb\n|move|p1a: Tapu Koko|Dazzling Gleam|p2a: third time's th-\n|-supereffective|p2a: third time's th-\n|-damage|p2a: third time's th-|0 fnt\n|faint|p2a: third time's th-\n|\n|-weather|RainDance|[upkeep]\n|upkeep\n|\n|t:|1611602594\n|switch|p2a: Diggersby|Diggersby, F|94\/100\n|-damage|p2a: Diggersby|88\/100|[from] Stealth Rock\n|turn|18\n|\n|t:|1611602597\n|move|p2a: Diggersby|Quick Attack|p1a: Tapu Koko\n|-crit|p1a: Tapu Koko\n|-damage|p1a: Tapu Koko|0 fnt\n|-damage|p2a: Diggersby|78\/100|[from] item: Life Orb\n|faint|p1a: Tapu Koko\n|\n|-weather|RainDance|[upkeep]\n|-fieldend|move: Electric Terrain\n|upkeep\n|\n|t:|1611602600\n|switch|p1a: Tornadus|Tornadus-Therian, M|100\/100\n|turn|19\n|\n|t:|1611602612\n|switch|p2a: Keldeo|Keldeo-Resolute|25\/100\n|-damage|p2a: Keldeo|19\/100|[from] Stealth Rock\n|move|p1a: Tornadus|Hurricane|p2a: Keldeo\n|-supereffective|p2a: Keldeo\n|-damage|p2a: Keldeo|0 fnt\n|faint|p2a: Keldeo\n|\n|-weather|RainDance|[upkeep]\n|upkeep\n|\n|t:|1611602614\n|switch|p2a: Diggersby|Diggersby, F|78\/100\n|-damage|p2a: Diggersby|72\/100|[from] Stealth Rock\n|turn|20\n|\n|t:|1611602617\n|move|p1a: Tornadus|Hurricane|p2a: Diggersby\n|-damage|p2a: Diggersby|3\/100\n|move|p2a: Diggersby|Mega Kick|p1a: Tornadus\n|-damage|p1a: Tornadus|0 fnt\n|-damage|p2a: Diggersby|0 fnt|[from] item: Life Orb\n|faint|p1a: Tornadus\n|faint|p2a: Diggersby\n|\n|win|filipinoturn\n|c|\u2606filipinoturn|gg\n|c|\u2606Burnt Bright|oof that ending\n|c|\u2606Burnt Bright|gg\n|l|\u2606Burnt Bright\n|player|p2|filipinoturn|steven\n||Ladder (probably) updated, but score could not be retrieved (Request timeout).\n","uploadtime":1611602654,"views":10,"p1id":"burntbright","p2id":"filipinoturn","formatid":"gen8ou","rating":0,"private":0,"password":null}