{"id":"gen8uu-1592344503","p1":"Aceslade","p2":"Kikoobuster","format":"gen8uu","log":"|j|\u2606Aceslade\n|j|\u2606Kikoobuster\n|t:|1654746821\n|gametype|singles\n|player|p1|Aceslade|red|1213\n|player|p2|Kikoobuster|2|1288\n|teamsize|p1|6\n|teamsize|p2|6\n|gen|8\n|tier|[Gen 8] UU\n|rated|\n|rule|Sleep Clause Mod: Limit one foe put to sleep\n|rule|Species Clause: Limit one of each Pok\u00e9mon\n|rule|OHKO Clause: OHKO moves are banned\n|rule|Evasion Moves Clause: Evasion moves are banned\n|rule|Endless Battle Clause: Forcing endless battles is banned\n|rule|HP Percentage Mod: HP is shown in percentages\n|rule|Dynamax Clause: You cannot dynamax\n|clearpoke\n|poke|p1|Thundurus-Therian, M|\n|poke|p1|Haxorus, F|\n|poke|p1|Lycanroc-Dusk, F|\n|poke|p1|Necrozma|\n|poke|p1|Excadrill, M|\n|poke|p1|Keldeo-Resolute|\n|poke|p2|Rotom-Heat|\n|poke|p2|Decidueye, M|\n|poke|p2|Primarina, F|\n|poke|p2|Toxtricity, F|\n|poke|p2|Scizor, M|\n|poke|p2|Zygarde-10%|\n|teampreview\n|\n|t:|1654746829\n|start\n|switch|p1a: Necrozma|Necrozma|100\/100\n|switch|p2a: Decidueye|Decidueye, M|100\/100\n|turn|1\n|\n|t:|1654746848\n|move|p2a: Decidueye|Poltergeist|p1a: Necrozma\n|-activate|p1a: Necrozma|move: Poltergeist|Rocky Helmet\n|-supereffective|p1a: Necrozma\n|-damage|p1a: Necrozma|50\/100\n|move|p1a: Necrozma|Stealth Rock|p2a: Decidueye\n|-sidestart|p2: Kikoobuster|move: Stealth Rock\n|\n|upkeep\n|turn|2\n|\n|t:|1654746855\n|move|p2a: Decidueye|Poltergeist|p1a: Necrozma\n|-activate|p1a: Necrozma|move: Poltergeist|Rocky Helmet\n|-supereffective|p1a: Necrozma\n|-damage|p1a: Necrozma|2\/100\n|move|p1a: Necrozma|Heat Wave|p2a: Decidueye\n|-supereffective|p2a: Decidueye\n|-damage|p2a: Decidueye|34\/100\n|\n|upkeep\n|turn|3\n|\n|t:|1654746859\n|move|p2a: Decidueye|Poltergeist|p1a: Necrozma|[miss]\n|-miss|p2a: Decidueye|p1a: Necrozma\n|move|p1a: Necrozma|Heat Wave|p2a: Decidueye\n|-supereffective|p2a: Decidueye\n|-damage|p2a: Decidueye|0 fnt\n|faint|p2a: Decidueye\n|\n|upkeep\n|\n|t:|1654746874\n|switch|p2a: Zygarde|Zygarde-10%|100\/100\n|-damage|p2a: Zygarde|94\/100|[from] Stealth Rock\n|-ability|p2a: Zygarde|Aura Break\n|turn|4\n|\n|t:|1654746882\n|move|p2a: Zygarde|Thousand Arrows|p1a: Necrozma\n|-damage|p1a: Necrozma|0 fnt\n|faint|p1a: Necrozma\n|\n|upkeep\n|\n|t:|1654746895\n|switch|p1a: Keldeo|Keldeo-Resolute|100\/100\n|turn|5\n|\n|t:|1654746899\n|switch|p2a: Primarina|Primarina, F|100\/100\n|-damage|p2a: Primarina|88\/100|[from] Stealth Rock\n|move|p1a: Keldeo|Icy Wind|p2a: Primarina\n|-resisted|p2a: Primarina\n|-damage|p2a: Primarina|78\/100\n|-unboost|p2a: Primarina|spe|1\n|\n|upkeep\n|turn|6\n|\n|t:|1654746906\n|switch|p1a: Thundurus|Thundurus-Therian, M|100\/100\n|move|p2a: Primarina|Hydro Pump|p1a: Thundurus\n|-damage|p1a: Thundurus|0 fnt\n|faint|p1a: Thundurus\n|\n|upkeep\n|\n|t:|1654746915\n|switch|p1a: Excadrill|Excadrill, M|100\/100\n|-ability|p1a: Excadrill|Mold Breaker\n|turn|7\n|\n|t:|1654746917\n|move|p1a: Excadrill|Iron Head|p2a: Primarina\n|-damage|p2a: Primarina|21\/100\n|cant|p2a: Primarina|flinch\n|\n|upkeep\n|turn|8\n|\n|t:|1654746923\n|move|p1a: Excadrill|Iron Head|p2a: Primarina\n|-damage|p2a: Primarina|0 fnt\n|faint|p2a: Primarina\n|\n|upkeep\n|\n|t:|1654746924\n|switch|p2a: Scizor|Scizor, M|100\/100\n|turn|9\n|\n|t:|1654746930\n|move|p1a: Excadrill|Swords Dance|p1a: Excadrill\n|-boost|p1a: Excadrill|atk|2\n|move|p2a: Scizor|Defog|p1a: Excadrill\n|-unboost|p1a: Excadrill|evasion|1\n|-sideend|p2: Kikoobuster|Stealth Rock|[from] move: Defog|[of] p2a: Scizor\n|\n|upkeep\n|turn|10\n|\n|t:|1654746935\n|move|p1a: Excadrill|Earthquake|p2a: Scizor\n|-damage|p2a: Scizor|25\/100\n|move|p2a: Scizor|U-turn|p1a: Excadrill\n|-resisted|p1a: Excadrill\n|-damage|p1a: Excadrill|78\/100\n|\n|t:|1654746938\n|switch|p2a: Zygarde|Zygarde-10%|94\/100|[from]move: U-turn\n|-ability|p2a: Zygarde|Aura Break\n|\n|-heal|p1a: Excadrill|84\/100|[from] item: Leftovers\n|upkeep\n|turn|11\n|\n|t:|1654746945\n|move|p2a: Zygarde|Thousand Arrows|p1a: Excadrill\n|-supereffective|p1a: Excadrill\n|-damage|p1a: Excadrill|0 fnt\n|faint|p1a: Excadrill\n|\n|upkeep\n|\n|t:|1654746951\n|switch|p1a: Keldeo|Keldeo-Resolute|100\/100\n|turn|12\n|\n|t:|1654746956\n|switch|p2a: Rotom|Rotom-Heat|100\/100\n|move|p1a: Keldeo|Hydro Pump|p2a: Rotom|[miss]\n|-miss|p1a: Keldeo|p2a: Rotom\n|\n|upkeep\n|turn|13\n|\n|t:|1654746960\n|move|p1a: Keldeo|Hydro Pump|p2a: Rotom\n|-supereffective|p2a: Rotom\n|-damage|p2a: Rotom|0 fnt\n|faint|p2a: Rotom\n|\n|upkeep\n|\n|t:|1654746970\n|switch|p2a: Toxtricity|Toxtricity, F|100\/100\n|turn|14\n|\n|t:|1654746978\n|switch|p1a: Lycanroc|Lycanroc-Dusk, F|100\/100\n|move|p2a: Toxtricity|Shift Gear|p2a: Toxtricity\n|-boost|p2a: Toxtricity|spe|2\n|-boost|p2a: Toxtricity|atk|1\n|\n|upkeep\n|turn|15\n|\n|t:|1654746989\n|move|p1a: Lycanroc|Accelerock|p2a: Toxtricity\n|-damage|p2a: Toxtricity|58\/100\n|-damage|p1a: Lycanroc|91\/100|[from] item: Life Orb\n|move|p2a: Toxtricity|Overdrive|p1a: Lycanroc\n|-damage|p1a: Lycanroc|0 fnt\n|faint|p1a: Lycanroc\n|-damage|p2a: Toxtricity|48\/100|[from] item: Life Orb\n|\n|upkeep\n|\n|t:|1654746998\n|switch|p1a: Keldeo|Keldeo-Resolute|100\/100\n|turn|16\n|\n|t:|1654747011\n|move|p1a: Keldeo|Hydro Pump|p2a: Toxtricity\n|-damage|p2a: Toxtricity|0 fnt\n|faint|p2a: Toxtricity\n|\n|upkeep\n|\n|t:|1654747023\n|switch|p2a: Scizor|Scizor, M|25\/100\n|turn|17\n|\n|t:|1654747027\n|switch|p1a: Haxorus|Haxorus, F|100\/100\n|-ability|p1a: Haxorus|Mold Breaker\n|move|p2a: Scizor|Bullet Punch|p1a: Haxorus\n|-damage|p1a: Haxorus|66\/100\n|\n|-heal|p1a: Haxorus|72\/100|[from] item: Leftovers\n|upkeep\n|turn|18\n|\n|t:|1654747037\n|move|p2a: Scizor|Bullet Punch|p1a: Haxorus\n|-damage|p1a: Haxorus|37\/100\n|move|p1a: Haxorus|Scale Shot|p2a: Scizor\n|-resisted|p2a: Scizor\n|-damage|p2a: Scizor|20\/100\n|-resisted|p2a: Scizor\n|-damage|p2a: Scizor|15\/100\n|-resisted|p2a: Scizor\n|-damage|p2a: Scizor|10\/100\n|-hitcount|p2a: Scizor|3\n|-unboost|p1a: Haxorus|def|1\n|-boost|p1a: Haxorus|spe|1\n|\n|-heal|p1a: Haxorus|43\/100|[from] item: Leftovers\n|upkeep\n|turn|19\n|\n|t:|1654747044\n|move|p2a: Scizor|Bullet Punch|p1a: Haxorus\n|-damage|p1a: Haxorus|0 fnt\n|faint|p1a: Haxorus\n|\n|upkeep\n|\n|t:|1654747046\n|switch|p1a: Keldeo|Keldeo-Resolute|100\/100\n|turn|20\n|\n|t:|1654747049\n|move|p2a: Scizor|Bullet Punch|p1a: Keldeo\n|-resisted|p1a: Keldeo\n|-damage|p1a: Keldeo|85\/100\n|move|p1a: Keldeo|Icy Wind|p2a: Scizor\n|-resisted|p2a: Scizor\n|-damage|p2a: Scizor|0 fnt\n|faint|p2a: Scizor\n|\n|upkeep\n|\n|t:|1654747055\n|switch|p2a: Zygarde|Zygarde-10%|94\/100\n|-ability|p2a: Zygarde|Aura Break\n|turn|21\n|\n|t:|1654747057\n|move|p1a: Keldeo|Icy Wind|p2a: Zygarde\n|-supereffective|p2a: Zygarde\n|-damage|p2a: Zygarde|0 fnt\n|faint|p2a: Zygarde\n|\n|win|Aceslade\n|raw|Aceslade's rating: 1213 &rarr; <strong>1243<\/strong><br \/>(+30 for winning)\n|raw|Kikoobuster's rating: 1288 &rarr; <strong>1258<\/strong><br \/>(-30 for losing)\n|c|\u2606Kikoobuster|gg\n|l|\u2606Kikoobuster\n||Ladder isn't responding, score probably updated but might not have (Request timeout).\n","uploadtime":1654747155,"views":7,"p1id":"aceslade","p2id":"kikoobuster","formatid":"gen8uu","rating":1243,"private":0,"password":null}