{"id":"gen8ou-1699905219","p1":"Not Sarcasm","p2":"minimax_ai","format":"gen8ou","log":"|j|\u2606Not Sarcasm\n|j|\u203dminimax_ai\n|t:|1667287655\n|gametype|singles\n|player|p1|Not Sarcasm|102|1564\n|player|p2|minimax_ai|266|1562\n|teamsize|p1|6\n|teamsize|p2|6\n|gen|8\n|tier|[Gen 8] OU\n|rated|\n|rule|Sleep Clause Mod: Limit one foe put to sleep\n|rule|Species Clause: Limit one of each Pok\u00e9mon\n|rule|OHKO Clause: OHKO moves are banned\n|rule|Evasion Items Clause: Evasion items are banned\n|rule|Evasion Moves Clause: Evasion moves are banned\n|rule|Endless Battle Clause: Forcing endless battles is banned\n|rule|HP Percentage Mod: HP is shown in percentages\n|rule|Dynamax Clause: You cannot dynamax\n|clearpoke\n|poke|p1|Rillaboom, F|\n|poke|p1|Tornadus-Therian, M|\n|poke|p1|Blaziken, M|\n|poke|p1|Melmetal|\n|poke|p1|Garchomp, M|\n|poke|p1|Slowbro, M|\n|poke|p2|Rotom-Wash|\n|poke|p2|Weavile, M|\n|poke|p2|Landorus-Therian, M|\n|poke|p2|Heatran, M|\n|poke|p2|Tangrowth, F|\n|poke|p2|Melmetal|\n|teampreview\n|inactive|Battle timer is ON: inactive players will automatically lose when time's up. (requested by minimax_ai)\n|\n|t:|1667287660\n|start\n|switch|p1a: Blaziken|Blaziken, M|100\/100\n|switch|p2a: Landorus|Landorus-Therian, M|100\/100\n|-ability|p2a: Landorus|Intimidate|boost\n|-unboost|p1a: Blaziken|atk|1\n|turn|1\n|\n|t:|1667287667\n|switch|p1a: Tornadus|Tornadus-Therian, M|100\/100\n|move|p2a: Landorus|Earthquake|p1a: Tornadus\n|-immune|p1a: Tornadus\n|\n|upkeep\n|turn|2\n|\n|t:|1667287672\n|move|p1a: Tornadus|Knock Off|p2a: Landorus\n|-damage|p2a: Landorus|81\/100\n|-enditem|p2a: Landorus|Leftovers|[from] move: Knock Off|[of] p1a: Tornadus\n|move|p2a: Landorus|Earthquake|p1a: Tornadus\n|-immune|p1a: Tornadus\n|\n|upkeep\n|turn|3\n|\n|t:|1667287679\n|move|p1a: Tornadus|Heat Wave|p2a: Landorus\n|-damage|p2a: Landorus|63\/100\n|move|p2a: Landorus|Earthquake|p1a: Tornadus\n|-immune|p1a: Tornadus\n|\n|upkeep\n|turn|4\n|\n|t:|1667287684\n|move|p1a: Tornadus|Heat Wave|p2a: Landorus\n|-damage|p2a: Landorus|46\/100\n|move|p2a: Landorus|Earthquake|p1a: Tornadus\n|-immune|p1a: Tornadus\n|\n|upkeep\n|turn|5\n|\n|t:|1667287689\n|move|p1a: Tornadus|Heat Wave|p2a: Landorus\n|-damage|p2a: Landorus|29\/100\n|move|p2a: Landorus|Earthquake|p1a: Tornadus\n|-immune|p1a: Tornadus\n|\n|upkeep\n|turn|6\n|\n|t:|1667287694\n|move|p1a: Tornadus|Heat Wave|p2a: Landorus\n|-damage|p2a: Landorus|12\/100\n|move|p2a: Landorus|Earthquake|p1a: Tornadus\n|-immune|p1a: Tornadus\n|\n|upkeep\n|turn|7\n|\n|t:|1667287700\n|switch|p2a: Rotom|Rotom-Wash|100\/100\n|move|p1a: Tornadus|Knock Off|p2a: Rotom\n|-damage|p2a: Rotom|79\/100\n|-enditem|p2a: Rotom|Leftovers|[from] move: Knock Off|[of] p1a: Tornadus\n|\n|upkeep\n|turn|8\n|\n|t:|1667287706\n|move|p1a: Tornadus|U-turn|p2a: Rotom\n|-damage|p2a: Rotom|64\/100\n|\n|t:|1667287708\n|switch|p1a: Garchomp|Garchomp, M|100\/100|[from]move: U-turn\n|move|p2a: Rotom|Hydro Pump|p1a: Garchomp\n|-damage|p1a: Garchomp|72\/100\n|\n|-heal|p1a: Garchomp|79\/100|[from] item: Leftovers\n|upkeep\n|turn|9\n|\n|t:|1667287715\n|move|p2a: Rotom|Pain Split|p1a: Garchomp\n|-sethp|p1a: Garchomp|63\/100|[from] move: Pain Split|[silent]\n|-sethp|p2a: Rotom|86\/100|[from] move: Pain Split\n|move|p1a: Garchomp|Toxic|p2a: Rotom|[miss]\n|-miss|p1a: Garchomp|p2a: Rotom\n|\n|-heal|p1a: Garchomp|69\/100|[from] item: Leftovers\n|upkeep\n|turn|10\n|\n|t:|1667287722\n|move|p2a: Rotom|Hydro Pump|p1a: Garchomp\n|-damage|p1a: Garchomp|40\/100\n|move|p1a: Garchomp|Stealth Rock|p2a: Rotom\n|-sidestart|p2: minimax_ai|move: Stealth Rock\n|\n|-heal|p1a: Garchomp|46\/100|[from] item: Leftovers\n|upkeep\n|turn|11\n|\n|t:|1667287728\n|move|p1a: Garchomp|Protect|p1a: Garchomp\n|-singleturn|p1a: Garchomp|Protect\n|move|p2a: Rotom|Hydro Pump|p1a: Garchomp\n|-activate|p1a: Garchomp|move: Protect\n|\n|-heal|p1a: Garchomp|53\/100|[from] item: Leftovers\n|upkeep\n|turn|12\n|\n|t:|1667287735\n|switch|p1a: Tornadus|Tornadus-Therian, M|100\/100\n|move|p2a: Rotom|Hydro Pump|p1a: Tornadus\n|-crit|p1a: Tornadus\n|-damage|p1a: Tornadus|33\/100\n|\n|upkeep\n|turn|13\n|\n|t:|1667287740\n|move|p1a: Tornadus|U-turn|p2a: Rotom\n|-damage|p2a: Rotom|72\/100\n|\n|t:|1667287743\n|switch|p1a: Slowbro|Slowbro, M|100\/100|[from]move: U-turn\n|move|p2a: Rotom|Pain Split|p1a: Slowbro\n|-sethp|p1a: Slowbro|78\/100|[from] move: Pain Split|[silent]\n|-sethp|p2a: Rotom|100\/100|[from] move: Pain Split\n|\n|upkeep\n|turn|14\n|\n|t:|1667287749\n|move|p2a: Rotom|Thunderbolt|p1a: Slowbro\n|-supereffective|p1a: Slowbro\n|-damage|p1a: Slowbro|9\/100\n|move|p1a: Slowbro|Teleport|p1a: Slowbro\n|\n|t:|1667287753\n|switch|p1a: Tornadus|Tornadus-Therian, M|67\/100|[from]move: Teleport\n|\n|upkeep\n|turn|15\n|\n|t:|1667287756\n|move|p1a: Tornadus|U-turn|p2a: Rotom\n|-damage|p2a: Rotom|85\/100\n|\n|t:|1667287758\n|switch|p1a: Garchomp|Garchomp, M|53\/100|[from]move: U-turn\n|move|p2a: Rotom|Thunderbolt|p1a: Garchomp\n|-immune|p1a: Garchomp\n|\n|-heal|p1a: Garchomp|59\/100|[from] item: Leftovers\n|upkeep\n|turn|16\n|\n|t:|1667287765\n|move|p1a: Garchomp|Protect|p1a: Garchomp\n|-singleturn|p1a: Garchomp|Protect\n|move|p2a: Rotom|Hydro Pump|p1a: Garchomp\n|-activate|p1a: Garchomp|move: Protect\n|\n|-heal|p1a: Garchomp|65\/100|[from] item: Leftovers\n|upkeep\n|turn|17\n|\n|t:|1667287771\n|move|p2a: Rotom|Hydro Pump|p1a: Garchomp|[miss]\n|-miss|p2a: Rotom|p1a: Garchomp\n|move|p1a: Garchomp|Toxic|p2a: Rotom\n|-status|p2a: Rotom|tox\n|\n|-heal|p1a: Garchomp|71\/100|[from] item: Leftovers\n|-damage|p2a: Rotom|79\/100 tox|[from] psn\n|upkeep\n|turn|18\n|\n|t:|1667287779\n|move|p1a: Garchomp|Protect|p1a: Garchomp\n|-singleturn|p1a: Garchomp|Protect\n|move|p2a: Rotom|Hydro Pump|p1a: Garchomp\n|-activate|p1a: Garchomp|move: Protect\n|\n|-heal|p1a: Garchomp|77\/100|[from] item: Leftovers\n|-damage|p2a: Rotom|66\/100 tox|[from] psn\n|upkeep\n|turn|19\n|\n|t:|1667287787\n|switch|p1a: Slowbro|Slowbro, M|42\/100\n|move|p2a: Rotom|Hydro Pump|p1a: Slowbro|[miss]\n|-miss|p2a: Rotom|p1a: Slowbro\n|\n|-damage|p2a: Rotom|48\/100 tox|[from] psn\n|upkeep\n|turn|20\n|\n|t:|1667287793\n|switch|p1a: Garchomp|Garchomp, M|77\/100\n|move|p2a: Rotom|Thunderbolt|p1a: Garchomp\n|-immune|p1a: Garchomp\n|\n|-heal|p1a: Garchomp|84\/100|[from] item: Leftovers\n|-damage|p2a: Rotom|23\/100 tox|[from] psn\n|upkeep\n|turn|21\n|\n|t:|1667287801\n|move|p1a: Garchomp|Protect|p1a: Garchomp\n|-singleturn|p1a: Garchomp|Protect\n|move|p2a: Rotom|Thunderbolt|p1a: Garchomp\n|-activate|p1a: Garchomp|move: Protect\n|\n|-heal|p1a: Garchomp|90\/100|[from] item: Leftovers\n|-damage|p2a: Rotom|0 fnt|[from] psn\n|faint|p2a: Rotom\n|upkeep\n|\n|t:|1667287801\n|switch|p2a: Heatran|Heatran, M|100\/100\n|-damage|p2a: Heatran|88\/100|[from] Stealth Rock\n|-item|p2a: Heatran|Air Balloon\n|turn|22\n|\n|t:|1667287812\n|move|p1a: Garchomp|Protect||[still]\n|-fail|p1a: Garchomp\n|move|p2a: Heatran|Earth Power|p1a: Garchomp\n|-damage|p1a: Garchomp|70\/100\n|\n|-heal|p1a: Garchomp|76\/100|[from] item: Leftovers\n|upkeep\n|turn|23\n|\n|t:|1667287818\n|move|p1a: Garchomp|Protect|p1a: Garchomp\n|-singleturn|p1a: Garchomp|Protect\n|move|p2a: Heatran|Earth Power|p1a: Garchomp\n|-activate|p1a: Garchomp|move: Protect\n|\n|-heal|p1a: Garchomp|82\/100|[from] item: Leftovers\n|upkeep\n|turn|24\n|\n|t:|1667287825\n|switch|p1a: Tornadus|Tornadus-Therian, M|99\/100\n|move|p2a: Heatran|Earth Power|p1a: Tornadus\n|-immune|p1a: Tornadus\n|\n|upkeep\n|turn|25\n|\n|t:|1667287831\n|move|p1a: Tornadus|U-turn|p2a: Heatran\n|-resisted|p2a: Heatran\n|-damage|p2a: Heatran|85\/100\n|-enditem|p2a: Heatran|Air Balloon\n|\n|t:|1667287841\n|switch|p1a: Garchomp|Garchomp, M|82\/100|[from]move: U-turn\n|move|p2a: Heatran|Earth Power|p1a: Garchomp\n|-damage|p1a: Garchomp|62\/100\n|\n|-heal|p1a: Garchomp|68\/100|[from] item: Leftovers\n|upkeep\n|turn|26\n|c|\u2606Not Sarcasm|are you high?\n|\n|t:|1667287848\n|move|p2a: Heatran|Stealth Rock|p1a: Garchomp\n|-sidestart|p1: Not Sarcasm|move: Stealth Rock\n|move|p1a: Garchomp|Earthquake|p2a: Heatran\n|-supereffective|p2a: Heatran\n|-damage|p2a: Heatran|0 fnt\n|faint|p2a: Heatran\n|\n|-heal|p1a: Garchomp|74\/100|[from] item: Leftovers\n|upkeep\n|\n|t:|1667287848\n|switch|p2a: Melmetal|Melmetal|100\/100\n|-damage|p2a: Melmetal|94\/100|[from] Stealth Rock\n|turn|27\n|\n|t:|1667287857\n|move|p1a: Garchomp|Protect|p1a: Garchomp\n|-singleturn|p1a: Garchomp|Protect\n|move|p2a: Melmetal|Double Iron Bash|p1a: Garchomp\n|-activate|p1a: Garchomp|move: Protect\n|\n|-heal|p1a: Garchomp|80\/100|[from] item: Leftovers\n|upkeep\n|turn|28\n|\n|t:|1667287863\n|switch|p1a: Slowbro|Slowbro, M|75\/100\n|-damage|p1a: Slowbro|63\/100|[from] Stealth Rock\n|move|p2a: Melmetal|Double Iron Bash|p1a: Slowbro\n|-resisted|p1a: Slowbro\n|-damage|p1a: Slowbro|51\/100\n|-damage|p2a: Melmetal|78\/100|[from] item: Rocky Helmet|[of] p1a: Slowbro\n|-resisted|p1a: Slowbro\n|-damage|p1a: Slowbro|39\/100\n|-damage|p2a: Melmetal|61\/100|[from] item: Rocky Helmet|[of] p1a: Slowbro\n|-hitcount|p1a: Slowbro|2\n|\n|upkeep\n|turn|29\n|\n|t:|1667287873\n|move|p2a: Melmetal|Thunder Punch|p1a: Slowbro\n|-supereffective|p1a: Slowbro\n|-damage|p1a: Slowbro|0 fnt\n|-damage|p2a: Melmetal|45\/100|[from] item: Rocky Helmet|[of] p1a: Slowbro\n|faint|p1a: Slowbro\n|\n|upkeep\n|\n|t:|1667287879\n|switch|p1a: Garchomp|Garchomp, M|80\/100\n|-damage|p1a: Garchomp|74\/100|[from] Stealth Rock\n|turn|30\n|\n|t:|1667287882\n|switch|p2a: Landorus|Landorus-Therian, M|12\/100\n|-damage|p2a: Landorus|0 fnt|[from] Stealth Rock\n|faint|p2a: Landorus\n|move|p1a: Garchomp|Earthquake|p2: Landorus|[notarget]\n|-fail|p1a: Garchomp\n|\n|-heal|p1a: Garchomp|80\/100|[from] item: Leftovers\n|upkeep\n|\n|t:|1667287882\n|switch|p2a: Weavile|Weavile, M|100\/100\n|-damage|p2a: Weavile|76\/100|[from] Stealth Rock\n|-ability|p2a: Weavile|Pressure\n|turn|31\n|\n|t:|1667287893\n|move|p2a: Weavile|Triple Axel|p1a: Garchomp\n|-supereffective|p1a: Garchomp\n|-damage|p1a: Garchomp|33\/100\n|-damage|p2a: Weavile|63\/100|[from] ability: Rough Skin|[of] p1a: Garchomp\n|-supereffective|p1a: Garchomp\n|-damage|p1a: Garchomp|0 fnt\n|-damage|p2a: Weavile|51\/100|[from] ability: Rough Skin|[of] p1a: Garchomp\n|faint|p1a: Garchomp\n|-hitcount|p1: Garchomp|2\n|\n|upkeep\n|inactive|Not Sarcasm has 120 seconds left.\n|inactive|Not Sarcasm has 90 seconds left.\n|inactive|Not Sarcasm has 60 seconds left.\n|\n|t:|1667287981\n|switch|p1a: Blaziken|Blaziken, M|100\/100\n|-damage|p1a: Blaziken|88\/100|[from] Stealth Rock\n|turn|32\n|\n|t:|1667287985\n|move|p2a: Weavile|Triple Axel|p1a: Blaziken\n|-resisted|p1a: Blaziken\n|-damage|p1a: Blaziken|78\/100\n|-resisted|p1a: Blaziken\n|-crit|p1a: Blaziken\n|-damage|p1a: Blaziken|46\/100\n|-resisted|p1a: Blaziken\n|-damage|p1a: Blaziken|18\/100\n|-hitcount|p1a: Blaziken|3\n|move|p1a: Blaziken|Swords Dance|p1a: Blaziken\n|-boost|p1a: Blaziken|atk|2\n|\n|-heal|p1a: Blaziken|25\/100|[from] item: Leftovers\n|-ability|p1a: Blaziken|Speed Boost|boost\n|-boost|p1a: Blaziken|spe|1\n|upkeep\n|turn|33\n|\n|t:|1667288001\n|move|p1a: Blaziken|Protect|p1a: Blaziken\n|-singleturn|p1a: Blaziken|Protect\n|move|p2a: Weavile|Triple Axel|p1a: Blaziken\n|-activate|p1a: Blaziken|move: Protect\n|\n|-heal|p1a: Blaziken|31\/100|[from] item: Leftovers\n|-ability|p1a: Blaziken|Speed Boost|boost\n|-boost|p1a: Blaziken|spe|1\n|upkeep\n|turn|34\n|\n|t:|1667288009\n|move|p1a: Blaziken|Close Combat|p2a: Weavile\n|-supereffective|p2a: Weavile\n|-damage|p2a: Weavile|0 fnt\n|-unboost|p1a: Blaziken|def|1\n|-unboost|p1a: Blaziken|spd|1\n|faint|p2a: Weavile\n|\n|-heal|p1a: Blaziken|37\/100|[from] item: Leftovers\n|-ability|p1a: Blaziken|Speed Boost|boost\n|-boost|p1a: Blaziken|spe|1\n|upkeep\n|\n|t:|1667288009\n|switch|p2a: Melmetal|Melmetal|45\/100\n|-damage|p2a: Melmetal|39\/100|[from] Stealth Rock\n|turn|35\n|\n|t:|1667288023\n|move|p1a: Blaziken|Close Combat|p2a: Melmetal\n|-supereffective|p2a: Melmetal\n|-damage|p2a: Melmetal|0 fnt\n|-unboost|p1a: Blaziken|def|1\n|-unboost|p1a: Blaziken|spd|1\n|faint|p2a: Melmetal\n|\n|-heal|p1a: Blaziken|43\/100|[from] item: Leftovers\n|-ability|p1a: Blaziken|Speed Boost|boost\n|-boost|p1a: Blaziken|spe|1\n|upkeep\n|\n|t:|1667288023\n|switch|p2a: Tangrowth|Tangrowth, F|100\/100\n|-damage|p2a: Tangrowth|88\/100|[from] Stealth Rock\n|turn|36\n|\n|t:|1667288034\n|move|p1a: Blaziken|Flare Blitz|p2a: Tangrowth\n|-supereffective|p2a: Tangrowth\n|-damage|p2a: Tangrowth|0 fnt\n|-damage|p1a: Blaziken|27\/100|[from] item: Rocky Helmet|[of] p2a: Tangrowth\n|faint|p2a: Tangrowth\n|-damage|p1a: Blaziken|0 fnt|[from] Recoil\n|faint|p1a: Blaziken\n|\n|win|Not Sarcasm\n|raw|Not Sarcasm's rating: 1564 &rarr; <strong>1584<\/strong><br \/>(+20 for winning)\n|raw|minimax_ai's rating: 1562 &rarr; <strong>1542<\/strong><br \/>(-20 for losing)\n|l|\u203dminimax_ai\n","uploadtime":1667288035,"views":13,"p1id":"notsarcasm","p2id":"minimaxai","formatid":"gen8ou","rating":1542,"private":0,"password":null}