{"id":"gen8ou-1681991791","p1":"Dingus_boingus","p2":"smoglin doglin","format":"gen8ou","log":"|j|\u2606Dingus_boingus\n|j|\u2606smoglin doglin\n|t:|1665374019\n|gametype|singles\n|player|p1|Dingus_boingus|169|1629\n|player|p2|smoglin doglin|flannery|1808\n|teamsize|p1|6\n|teamsize|p2|6\n|gen|8\n|tier|[Gen 8] OU\n|rated|\n|rule|Sleep Clause Mod: Limit one foe put to sleep\n|rule|Species Clause: Limit one of each Pok\u00e9mon\n|rule|OHKO Clause: OHKO moves are banned\n|rule|Evasion Items Clause: Evasion items are banned\n|rule|Evasion Moves Clause: Evasion moves are banned\n|rule|Endless Battle Clause: Forcing endless battles is banned\n|rule|HP Percentage Mod: HP is shown in percentages\n|rule|Dynamax Clause: You cannot dynamax\n|clearpoke\n|poke|p1|Clefable, M|\n|poke|p1|Slowking-Galar, F|\n|poke|p1|Corviknight, F|\n|poke|p1|Ferrothorn, M|\n|poke|p1|Toxapex, M|\n|poke|p1|Blissey, F|\n|poke|p2|Escavalier, M|\n|poke|p2|Excadrill, F|\n|poke|p2|Slowbro, M|\n|poke|p2|Tyranitar, M|\n|poke|p2|Tornadus-Therian, M|\n|poke|p2|Hydreigon, M|\n|teampreview\n|inactive|Battle timer is ON: inactive players will automatically lose when time's up. (requested by Dingus_boingus)\n|inactive|smoglin doglin has 120 seconds left.\n|\n|t:|1665374066\n|start\n|switch|p1a: Clefable|Clefable, M|100\/100\n|switch|p2a: Tornadus|Tornadus-Therian, M|100\/100\n|turn|1\n|\n|t:|1665374073\n|switch|p1a: Corviknight|Corviknight, F|100\/100\n|-ability|p1a: Corviknight|Pressure\n|move|p2a: Tornadus|Knock Off|p1a: Corviknight\n|-damage|p1a: Corviknight|88\/100\n|-damage|p2a: Tornadus|84\/100|[from] item: Rocky Helmet|[of] p1a: Corviknight\n|-enditem|p1a: Corviknight|Rocky Helmet|[from] move: Knock Off|[of] p2a: Tornadus\n|\n|upkeep\n|turn|2\n|\n|t:|1665374085\n|move|p2a: Tornadus|Hurricane|p1a: Corviknight\n|-resisted|p1a: Corviknight\n|-damage|p1a: Corviknight|69\/100\n|move|p1a: Corviknight|Iron Defense|p1a: Corviknight\n|-boost|p1a: Corviknight|def|2\n|\n|upkeep\n|turn|3\n|\n|t:|1665374090\n|switch|p2a: Slowbro|Slowbro, M|100\/100\n|move|p1a: Corviknight|Roost|p1a: Corviknight\n|-heal|p1a: Corviknight|100\/100\n|-singleturn|p1a: Corviknight|move: Roost\n|\n|upkeep\n|turn|4\n|\n|t:|1665374093\n|switch|p1a: Clefable|Clefable, M|100\/100\n|move|p2a: Slowbro|Teleport|p2a: Slowbro\n|\n|t:|1665374096\n|switch|p2a: Tyranitar|Tyranitar, M|100\/100|[from]move: Teleport\n|-weather|Sandstorm|[from] ability: Sand Stream|[of] p2a: Tyranitar\n|\n|-weather|Sandstorm|[upkeep]\n|upkeep\n|turn|5\n|\n|t:|1665374100\n|move|p1a: Clefable|Trick|p2a: Tyranitar\n|-activate|p1a: Clefable|move: Trick|[of] p2a: Tyranitar\n|-item|p2a: Tyranitar|Choice Scarf|[from] move: Trick\n|-item|p1a: Clefable|Smooth Rock|[from] move: Trick\n|move|p2a: Tyranitar|Stealth Rock|p1a: Clefable\n|-sidestart|p1: Dingus_boingus|move: Stealth Rock\n|\n|-weather|Sandstorm|[upkeep]\n|upkeep\n|turn|6\n|\n|t:|1665374113\n|switch|p2a: Tornadus|Tornadus-Therian, M|100\/100\n|move|p1a: Clefable|Stealth Rock|p2a: Tornadus\n|-sidestart|p2: smoglin doglin|move: Stealth Rock\n|\n|-weather|Sandstorm|[upkeep]\n|-damage|p2a: Tornadus|94\/100|[from] Sandstorm\n|upkeep\n|turn|7\n|\n|t:|1665374121\n|move|p2a: Tornadus|Hurricane|p1a: Clefable|[miss]\n|-miss|p2a: Tornadus|p1a: Clefable\n|move|p1a: Clefable|Trick|p2a: Tornadus\n|-activate|p1a: Clefable|move: Trick|[of] p2a: Tornadus\n|-item|p2a: Tornadus|Smooth Rock|[from] move: Trick\n|-item|p1a: Clefable|Heavy-Duty Boots|[from] move: Trick\n|\n|-weather|Sandstorm|[upkeep]\n|-damage|p2a: Tornadus|88\/100|[from] Sandstorm\n|upkeep\n|turn|8\n|\n|t:|1665374127\n|move|p2a: Tornadus|Hurricane|p1a: Clefable|[miss]\n|-miss|p2a: Tornadus|p1a: Clefable\n|move|p1a: Clefable|Moonblast|p2a: Tornadus\n|-damage|p2a: Tornadus|55\/100\n|\n|-weather|Sandstorm|[upkeep]\n|-damage|p2a: Tornadus|49\/100|[from] Sandstorm\n|upkeep\n|turn|9\n|\n|t:|1665374135\n|switch|p2a: Slowbro|Slowbro, M|100\/100\n|-damage|p2a: Slowbro|88\/100|[from] Stealth Rock\n|move|p1a: Clefable|Moonblast|p2a: Slowbro\n|-damage|p2a: Slowbro|55\/100\n|\n|-weather|Sandstorm|[upkeep]\n|-damage|p2a: Slowbro|48\/100|[from] Sandstorm\n|upkeep\n|turn|10\n|\n|t:|1665374140\n|move|p1a: Clefable|Moonblast|p2a: Slowbro\n|-damage|p2a: Slowbro|15\/100\n|-unboost|p2a: Slowbro|spa|1\n|move|p2a: Slowbro|Teleport|p2a: Slowbro\n|\n|t:|1665374142\n|switch|p2a: Escavalier|Escavalier, M|100\/100|[from]move: Teleport\n|-damage|p2a: Escavalier|88\/100|[from] Stealth Rock\n|\n|-weather|Sandstorm|[upkeep]\n|-heal|p2a: Escavalier|94\/100|[from] item: Leftovers\n|upkeep\n|turn|11\n|\n|t:|1665374149\n|switch|p1a: Corviknight|Corviknight, F|100\/100\n|-damage|p1a: Corviknight|88\/100|[from] Stealth Rock\n|-ability|p1a: Corviknight|Pressure\n|move|p2a: Escavalier|Swords Dance|p2a: Escavalier\n|-boost|p2a: Escavalier|atk|2\n|\n|-weather|none\n|-heal|p2a: Escavalier|99\/100|[from] item: Leftovers\n|upkeep\n|turn|12\n|\n|t:|1665374154\n|move|p1a: Corviknight|Iron Defense|p1a: Corviknight\n|-boost|p1a: Corviknight|def|2\n|move|p2a: Escavalier|Close Combat|p1a: Corviknight\n|-damage|p1a: Corviknight|61\/100\n|-unboost|p2a: Escavalier|def|1\n|-unboost|p2a: Escavalier|spd|1\n|\n|-heal|p2a: Escavalier|100\/100|[from] item: Leftovers\n|upkeep\n|turn|13\n|\n|t:|1665374161\n|switch|p2a: Slowbro|Slowbro, M|48\/100\n|-damage|p2a: Slowbro|36\/100|[from] Stealth Rock\n|move|p1a: Corviknight|Iron Defense|p1a: Corviknight\n|-boost|p1a: Corviknight|def|2\n|\n|upkeep\n|turn|14\n|\n|t:|1665374164\n|move|p1a: Corviknight|Roost|p1a: Corviknight\n|-heal|p1a: Corviknight|100\/100\n|-singleturn|p1a: Corviknight|move: Roost\n|move|p2a: Slowbro|Scald|p1a: Corviknight\n|-damage|p1a: Corviknight|72\/100\n|-status|p1a: Corviknight|brn\n|\n|-damage|p1a: Corviknight|65\/100 brn|[from] brn\n|upkeep\n|turn|15\n|\n|t:|1665374170\n|move|p1a: Corviknight|Roost|p1a: Corviknight\n|-heal|p1a: Corviknight|100\/100 brn\n|-singleturn|p1a: Corviknight|move: Roost\n|move|p2a: Slowbro|Teleport|p2a: Slowbro\n|\n|t:|1665374179\n|switch|p2a: Tornadus|Tornadus-Therian, M|82\/100|[from]move: Teleport\n|-damage|p2a: Tornadus|57\/100|[from] Stealth Rock\n|\n|-damage|p1a: Corviknight|94\/100 brn|[from] brn\n|upkeep\n|turn|16\n|\n|t:|1665374185\n|switch|p2a: Escavalier|Escavalier, M|100\/100\n|-damage|p2a: Escavalier|88\/100|[from] Stealth Rock\n|move|p1a: Corviknight|Roost|p1a: Corviknight\n|-heal|p1a: Corviknight|100\/100 brn\n|-singleturn|p1a: Corviknight|move: Roost\n|\n|-heal|p2a: Escavalier|94\/100|[from] item: Leftovers\n|-damage|p1a: Corviknight|94\/100 brn|[from] brn\n|upkeep\n|turn|17\n|\n|t:|1665374188\n|switch|p2a: Slowbro|Slowbro, M|69\/100\n|-damage|p2a: Slowbro|57\/100|[from] Stealth Rock\n|move|p1a: Corviknight|Body Press|p2a: Slowbro\n|-resisted|p2a: Slowbro\n|-damage|p2a: Slowbro|45\/100\n|-damage|p1a: Corviknight|78\/100 brn|[from] item: Rocky Helmet|[of] p2a: Slowbro\n|\n|-damage|p1a: Corviknight|71\/100 brn|[from] brn\n|upkeep\n|turn|18\n|\n|t:|1665374196\n|switch|p1a: Blissey|Blissey, F|100\/100\n|-damage|p1a: Blissey|88\/100|[from] Stealth Rock\n|move|p2a: Slowbro|Teleport|p2a: Slowbro\n|\n|t:|1665374199\n|switch|p2a: Escavalier|Escavalier, M|94\/100|[from]move: Teleport\n|-damage|p2a: Escavalier|82\/100|[from] Stealth Rock\n|\n|-heal|p1a: Blissey|94\/100|[from] item: Leftovers\n|-heal|p2a: Escavalier|88\/100|[from] item: Leftovers\n|upkeep\n|turn|19\n|inactive|Dingus_boingus has 120 seconds left.\n|\n|t:|1665374232\n|switch|p1a: Toxapex|Toxapex, M|100\/100\n|-damage|p1a: Toxapex|88\/100|[from] Stealth Rock\n|move|p2a: Escavalier|Swords Dance|p2a: Escavalier\n|-boost|p2a: Escavalier|atk|2\n|\n|-heal|p2a: Escavalier|94\/100|[from] item: Leftovers\n|-heal|p1a: Toxapex|94\/100|[from] item: Black Sludge\n|upkeep\n|turn|20\n|\n|t:|1665374241\n|move|p2a: Escavalier|Iron Head|p1a: Toxapex\n|-resisted|p1a: Toxapex\n|-damage|p1a: Toxapex|69\/100\n|move|p1a: Toxapex|Scald|p2a: Escavalier\n|-damage|p2a: Escavalier|77\/100\n|-status|p2a: Escavalier|brn\n|\n|-heal|p2a: Escavalier|83\/100 brn|[from] item: Leftovers\n|-heal|p1a: Toxapex|75\/100|[from] item: Black Sludge\n|-damage|p2a: Escavalier|77\/100 brn|[from] brn\n|upkeep\n|turn|21\n|\n|t:|1665374253\n|move|p2a: Escavalier|Swords Dance|p2a: Escavalier\n|-boost|p2a: Escavalier|atk|2\n|move|p1a: Toxapex|Haze|p1a: Toxapex\n|-clearallboost\n|\n|-heal|p2a: Escavalier|83\/100 brn|[from] item: Leftovers\n|-heal|p1a: Toxapex|81\/100|[from] item: Black Sludge\n|-damage|p2a: Escavalier|77\/100 brn|[from] brn\n|upkeep\n|turn|22\n|\n|t:|1665374260\n|move|p2a: Escavalier|Swords Dance|p2a: Escavalier\n|-boost|p2a: Escavalier|atk|2\n|move|p1a: Toxapex|Scald|p2a: Escavalier\n|-damage|p2a: Escavalier|61\/100 brn\n|\n|-heal|p2a: Escavalier|67\/100 brn|[from] item: Leftovers\n|-heal|p1a: Toxapex|87\/100|[from] item: Black Sludge\n|-damage|p2a: Escavalier|61\/100 brn|[from] brn\n|upkeep\n|turn|23\n|c|\u2606Dingus_boingus|Get that shit outta here\n|j| Chiefsss\n|c|\u2606smoglin doglin|dont be toxic\n|c|\u2606smoglin doglin|ty\n|\n|t:|1665374279\n|switch|p2a: Tornadus|Tornadus-Therian, M|91\/100\n|-damage|p2a: Tornadus|66\/100|[from] Stealth Rock\n|move|p1a: Toxapex|Haze|p1a: Toxapex\n|-clearallboost\n|\n|-heal|p1a: Toxapex|94\/100|[from] item: Black Sludge\n|upkeep\n|turn|24\n|l| Chiefsss\n|c|\u2606Dingus_boingus|Nah Imma be toxic\n|c|\u2606Dingus_boingus|He\n|inactive|Dingus_boingus has 120 seconds left.\n|\n|t:|1665374307\n|move|p1a: Toxapex|Baneful Bunker|p1a: Toxapex\n|-singleturn|p1a: Toxapex|move: Protect\n|move|p2a: Tornadus|Knock Off|p1a: Toxapex\n|-activate|p1a: Toxapex|move: Protect\n|-status|p2a: Tornadus|psn\n|\n|-heal|p1a: Toxapex|99\/100|[from] item: Black Sludge\n|-damage|p2a: Tornadus|53\/100 psn|[from] psn\n|upkeep\n|turn|25\n|c|\u2606smoglin doglin|uses stall & is toxic\n|c|\u2606smoglin doglin|you're really likeable\n|inactive|Dingus_boingus has 120 seconds left.\n|c|\u2606Dingus_boingus|It's part of the strategy\n|c|\u2606smoglin doglin|imma ignore now\n|c|\u2606smoglin doglin|hf\n|c|\u2606Dingus_boingus|You'll likely forfeit out of frustration\n|inactive|smoglin doglin has 120 seconds left.\n|\n|t:|1665374342\n|switch|p1a: Clefable|Clefable, M|100\/100\n|move|p2a: Tornadus|Knock Off|p1a: Clefable\n|-resisted|p1a: Clefable\n|-damage|p1a: Clefable|90\/100\n|-enditem|p1a: Clefable|Heavy-Duty Boots|[from] move: Knock Off|[of] p2a: Tornadus\n|\n|-damage|p2a: Tornadus|41\/100 psn|[from] psn\n|upkeep\n|turn|26\n|\n|t:|1665374352\n|switch|p2a: Tyranitar|Tyranitar, M|100\/100\n|-damage|p2a: Tyranitar|88\/100|[from] Stealth Rock\n|-weather|Sandstorm|[from] ability: Sand Stream|[of] p2a: Tyranitar\n|move|p1a: Clefable|Moonblast|p2a: Tyranitar\n|-supereffective|p2a: Tyranitar\n|-damage|p2a: Tyranitar|63\/100\n|\n|-weather|Sandstorm|[upkeep]\n|upkeep\n|turn|27\n|\n|t:|1665374362\n|move|p2a: Tyranitar|Thunder Wave|p1a: Clefable|[miss]\n|-miss|p2a: Tyranitar|p1a: Clefable\n|move|p1a: Clefable|Moonblast|p2a: Tyranitar\n|-supereffective|p2a: Tyranitar\n|-damage|p2a: Tyranitar|37\/100\n|-unboost|p2a: Tyranitar|spa|1\n|\n|-weather|Sandstorm|[upkeep]\n|upkeep\n|turn|28\n|\n|t:|1665374369\n|switch|p2a: Tornadus|Tornadus-Therian, M|74\/100 psn\n|-damage|p2a: Tornadus|49\/100 psn|[from] Stealth Rock\n|move|p1a: Clefable|Moonblast|p2a: Tornadus\n|-damage|p2a: Tornadus|15\/100 psn\n|\n|-weather|Sandstorm|[upkeep]\n|-damage|p2a: Tornadus|9\/100 psn|[from] Sandstorm\n|-damage|p2a: Tornadus|0 fnt|[from] psn\n|faint|p2a: Tornadus\n|upkeep\n|\n|t:|1665374373\n|switch|p2a: Excadrill|Excadrill, F|100\/100\n|-damage|p2a: Excadrill|97\/100|[from] Stealth Rock\n|turn|29\n|c|\u2606Dingus_boingus|Lmao\n|inactive|Dingus_boingus has 120 seconds left.\n|c|\u2606Dingus_boingus|Worst switch in ever\n|\n|t:|1665374391\n|switch|p1a: Corviknight|Corviknight, F|71\/100 brn\n|-damage|p1a: Corviknight|59\/100 brn|[from] Stealth Rock\n|-ability|p1a: Corviknight|Pressure\n|move|p2a: Excadrill|Swords Dance|p2a: Excadrill\n|-boost|p2a: Excadrill|atk|2\n|\n|-weather|Sandstorm|[upkeep]\n|-heal|p2a: Excadrill|100\/100|[from] item: Leftovers\n|-damage|p1a: Corviknight|53\/100 brn|[from] brn\n|upkeep\n|turn|30\n|\n|t:|1665374394\n|move|p2a: Excadrill|Rock Slide|p1a: Corviknight\n|-damage|p1a: Corviknight|20\/100 brn\n|cant|p1a: Corviknight|flinch\n|\n|-weather|none\n|-damage|p1a: Corviknight|14\/100 brn|[from] brn\n|upkeep\n|turn|31\n|\n|t:|1665374400\n|switch|p1a: Ferrothorn|Ferrothorn, M|100\/100\n|-damage|p1a: Ferrothorn|94\/100|[from] Stealth Rock\n|move|p2a: Excadrill|Swords Dance|p2a: Excadrill\n|-boost|p2a: Excadrill|atk|2\n|\n|-heal|p1a: Ferrothorn|100\/100|[from] item: Leftovers\n|upkeep\n|turn|32\n|\n|t:|1665374405\n|move|p2a: Excadrill|Earthquake|p1a: Ferrothorn\n|-damage|p1a: Ferrothorn|4\/100\n|move|p1a: Ferrothorn|Leech Seed|p2a: Excadrill\n|-start|p2a: Excadrill|move: Leech Seed\n|\n|-heal|p1a: Ferrothorn|10\/100|[from] item: Leftovers\n|-damage|p2a: Excadrill|88\/100|[from] Leech Seed|[of] p1a: Ferrothorn\n|-heal|p1a: Ferrothorn|23\/100|[silent]\n|upkeep\n|turn|33\n|\n|t:|1665374410\n|move|p1a: Ferrothorn|Protect|p1a: Ferrothorn\n|-singleturn|p1a: Ferrothorn|Protect\n|move|p2a: Excadrill|Earthquake|p1a: Ferrothorn\n|-activate|p1a: Ferrothorn|move: Protect\n|\n|-heal|p2a: Excadrill|94\/100|[from] item: Leftovers\n|-heal|p1a: Ferrothorn|29\/100|[from] item: Leftovers\n|-damage|p2a: Excadrill|82\/100|[from] Leech Seed|[of] p1a: Ferrothorn\n|-heal|p1a: Ferrothorn|42\/100|[silent]\n|upkeep\n|turn|34\n|\n|t:|1665374421\n|switch|p1a: Corviknight|Corviknight, F|14\/100 brn\n|-damage|p1a: Corviknight|1\/100 brn|[from] Stealth Rock\n|-ability|p1a: Corviknight|Pressure\n|move|p2a: Excadrill|Earthquake|p1a: Corviknight\n|-immune|p1a: Corviknight\n|\n|-heal|p2a: Excadrill|88\/100|[from] item: Leftovers\n|-damage|p2a: Excadrill|75\/100|[from] Leech Seed|[of] p1a: Corviknight\n|-heal|p1a: Corviknight|13\/100 brn|[silent]\n|-damage|p1a: Corviknight|6\/100 brn|[from] brn\n|upkeep\n|turn|35\n|\n|t:|1665374430\n|move|p2a: Excadrill|Rapid Spin|p1a: Corviknight\n|-resisted|p1a: Corviknight\n|-damage|p1a: Corviknight|0 fnt\n|-boost|p2a: Excadrill|spe|1\n|-end|p2a: Excadrill|Leech Seed|[from] move: Rapid Spin|[of] p2a: Excadrill\n|-sideend|p2: smoglin doglin|Stealth Rock|[from] move: Rapid Spin|[of] p2a: Excadrill\n|faint|p1a: Corviknight\n|\n|-heal|p2a: Excadrill|81\/100|[from] item: Leftovers\n|upkeep\n|c|\u2606smoglin doglin|cry for me\n|\n|t:|1665374438\n|switch|p1a: Toxapex|Toxapex, M|100\/100\n|-damage|p1a: Toxapex|88\/100|[from] Stealth Rock\n|turn|36\n|\n|t:|1665374442\n|move|p2a: Excadrill|Earthquake|p1a: Toxapex\n|-supereffective|p1a: Toxapex\n|-damage|p1a: Toxapex|0 fnt\n|faint|p1a: Toxapex\n|\n|-heal|p2a: Excadrill|87\/100|[from] item: Leftovers\n|upkeep\n|c|\u2606Dingus_boingus|Damn\n|-message|Dingus_boingus forfeited.\n|\n|win|smoglin doglin\n|raw|Dingus_boingus's rating: 1629 &rarr; <strong>1618<\/strong><br \/>(-11 for losing)\n|raw|smoglin doglin's rating: 1808 &rarr; <strong>1819<\/strong><br \/>(+11 for winning)\n|l|\u2606Dingus_boingus\n||Ladder isn't responding, score probably updated but might not have (Request timeout).\n","uploadtime":1665374461,"views":25,"p1id":"dingusboingus","p2id":"smoglindoglin","formatid":"gen8ou","rating":1618,"private":0,"password":null}