{"id":"gen8ou-1681218508","p1":"RggV_YT","p2":"lando is my bf","format":"gen8ou","log":"|j|\u2606RggV_YT\n|j|\u2606lando is my bf\n|inactive|Battle timer is ON: inactive players will automatically lose when time's up.\n|t:|1665283123\n|gametype|singles\n|player|p1|RggV_YT|steven|\n|player|p2|lando is my bf|170|\n|teamsize|p1|6\n|teamsize|p2|6\n|gen|8\n|tier|[Gen 8] OU\n|rated|Tournament battle\n|rule|Sleep Clause Mod: Limit one foe put to sleep\n|rule|Species Clause: Limit one of each Pok\u00e9mon\n|rule|OHKO Clause: OHKO moves are banned\n|rule|Evasion Items Clause: Evasion items are banned\n|rule|Evasion Moves Clause: Evasion moves are banned\n|rule|Endless Battle Clause: Forcing endless battles is banned\n|rule|HP Percentage Mod: HP is shown in percentages\n|rule|Dynamax Clause: You cannot dynamax\n|clearpoke\n|poke|p1|Politoed, M|\n|poke|p1|Heliolisk, M|\n|poke|p1|Kingdra, M|\n|poke|p1|Mudsdale, M|\n|poke|p1|Scizor, F|\n|poke|p1|Victini|\n|poke|p2|Mew|\n|poke|p2|Ninetales-Alola, F|\n|poke|p2|Weavile, M|\n|poke|p2|Garchomp, M|\n|poke|p2|Volcarona, M|\n|poke|p2|Cloyster, F|\n|teampreview\n|c|\u2606lando is my bf|hf\n|c|\u2606RggV_YT|glhf\n|j| Cervolen\n|j| Rukt\n|j| Vive Immortale\n|inactive|RggV_YT has 120 seconds left.\n|\n|t:|1665283170\n|start\n|switch|p1a: Victini|Victini|100\/100\n|switch|p2a: Mew|Mew|100\/100\n|turn|1\n|\n|t:|1665283175\n|move|p2a: Mew|Spikes|p1a: Victini\n|-sidestart|p1: RggV_YT|Spikes\n|move|p1a: Victini|V-create|p2a: Mew\n|-damage|p2a: Mew|0 fnt\n|-unboost|p1a: Victini|spe|1\n|-unboost|p1a: Victini|def|1\n|-unboost|p1a: Victini|spd|1\n|faint|p2a: Mew\n|\n|upkeep\n|\n|t:|1665283183\n|switch|p2a: Garchomp|Garchomp, M|100\/100\n|turn|2\n|\n|t:|1665283187\n|switch|p1a: Politoed|Politoed, M|100\/100\n|-damage|p1a: Politoed|88\/100|[from] Spikes\n|-weather|RainDance|[from] ability: Drizzle|[of] p1a: Politoed\n|move|p2a: Garchomp|Swords Dance|p2a: Garchomp\n|-boost|p2a: Garchomp|atk|2\n|\n|-weather|RainDance|[upkeep]\n|upkeep\n|turn|3\n|j| PYUKUMUKU GURU\n|j| DepartamentoBasado\n|\n|t:|1665283195\n|switch|p1a: Goatsdale|Mudsdale, M, shiny|100\/100\n|-damage|p1a: Goatsdale|88\/100|[from] Spikes\n|move|p2a: Garchomp|Earthquake|p1a: Goatsdale\n|-damage|p1a: Goatsdale|1\/100\n|-ability|p1a: Goatsdale|Stamina|boost\n|-boost|p1a: Goatsdale|def|1\n|-damage|p2a: Garchomp|91\/100|[from] item: Life Orb\n|\n|-weather|RainDance|[upkeep]\n|-heal|p1a: Goatsdale|7\/100|[from] item: Leftovers\n|upkeep\n|turn|4\n|c| PYUKUMUKU GURU|lets go rggv\n|\n|t:|1665283201\n|move|p2a: Garchomp|Earthquake|p1a: Goatsdale\n|-damage|p1a: Goatsdale|0 fnt\n|faint|p1a: Goatsdale\n|-damage|p2a: Garchomp|81\/100|[from] item: Life Orb\n|\n|-weather|RainDance|[upkeep]\n|upkeep\n|\n|t:|1665283203\n|switch|p1a: Kingdra|Kingdra, M|100\/100\n|-damage|p1a: Kingdra|88\/100|[from] Spikes\n|turn|5\n|\n|t:|1665283208\n|switch|p2a: Ninetales|Ninetales-Alola, F, shiny|100\/100\n|-weather|Hail|[from] ability: Snow Warning|[of] p2a: Ninetales\n|move|p1a: Kingdra|Surf|p2a: Ninetales\n|-damage|p2a: Ninetales|27\/100\n|\n|-weather|Hail|[upkeep]\n|-damage|p1a: Kingdra|82\/100|[from] Hail\n|upkeep\n|turn|6\n|l| Vive Immortale\n|\n|t:|1665283214\n|switch|p2a: Garchomp|Garchomp, M|81\/100\n|switch|p1a: Scizor|Scizor, F|100\/100\n|-damage|p1a: Scizor|88\/100|[from] Spikes\n|\n|-weather|Hail|[upkeep]\n|-damage|p2a: Garchomp|75\/100|[from] Hail\n|-damage|p1a: Scizor|82\/100|[from] Hail\n|-heal|p1a: Scizor|88\/100|[from] item: Leftovers\n|upkeep\n|turn|7\n|j| I melt my eyez\n|\n|t:|1665283222\n|move|p2a: Garchomp|Fire Fang|p1a: Scizor\n|-supereffective|p1a: Scizor\n|-damage|p1a: Scizor|0 fnt\n|faint|p1a: Scizor\n|-damage|p2a: Garchomp|65\/100|[from] item: Life Orb\n|\n|-weather|Hail|[upkeep]\n|-damage|p2a: Garchomp|59\/100|[from] Hail\n|upkeep\n|\n|t:|1665283229\n|switch|p1a: Politoed|Politoed, M|88\/100\n|-damage|p1a: Politoed|75\/100|[from] Spikes\n|-weather|RainDance|[from] ability: Drizzle|[of] p1a: Politoed\n|turn|8\n|\n|t:|1665283237\n|switch|p2a: Cloyster|Cloyster, F, shiny|100\/100\n|switch|p1a: Heliolisk|Heliolisk, M|100\/100\n|-damage|p1a: Heliolisk|88\/100|[from] Spikes\n|\n|-weather|RainDance|[upkeep]\n|-heal|p1a: Heliolisk|100\/100|[from] ability: Dry Skin\n|upkeep\n|turn|9\n|\n|t:|1665283248\n|switch|p2a: Volcarona|Volcarona, M|100\/100\n|move|p1a: Heliolisk|Volt Switch|p2a: Volcarona\n|-damage|p2a: Volcarona|59\/100\n|-damage|p1a: Heliolisk|91\/100|[from] item: Life Orb\n|\n|t:|1665283250\n|switch|p1a: Kingdra|Kingdra, M|82\/100|[from]move: Volt Switch\n|-damage|p1a: Kingdra|70\/100|[from] Spikes\n|\n|-weather|RainDance|[upkeep]\n|-heal|p2a: Volcarona|65\/100|[from] item: Leftovers\n|upkeep\n|turn|10\n|\n|t:|1665283253\n|move|p1a: Kingdra|Surf|p2a: Volcarona\n|-supereffective|p2a: Volcarona\n|-damage|p2a: Volcarona|0 fnt\n|faint|p2a: Volcarona\n|\n|-weather|RainDance|[upkeep]\n|upkeep\n|j| faatbatman\n|inactive|lando is my bf has 120 seconds left.\n|\n|t:|1665283286\n|switch|p2a: Ninetales|Ninetales-Alola, F, shiny|27\/100\n|-weather|Hail|[from] ability: Snow Warning|[of] p2a: Ninetales\n|turn|11\n|\n|t:|1665283295\n|switch|p2a: Cloyster|Cloyster, F, shiny|100\/100\n|switch|p1a: Politoed|Politoed, M|75\/100\n|-damage|p1a: Politoed|63\/100|[from] Spikes\n|-weather|RainDance|[from] ability: Drizzle|[of] p1a: Politoed\n|\n|-weather|RainDance|[upkeep]\n|upkeep\n|turn|12\n|\n|t:|1665283300\n|move|p2a: Cloyster|Explosion|p1a: Politoed\n|-damage|p1a: Politoed|0 fnt\n|faint|p2a: Cloyster\n|faint|p1a: Politoed\n|\n|-weather|RainDance|[upkeep]\n|upkeep\n|\n|t:|1665283309\n|switch|p2a: Ninetales|Ninetales-Alola, F, shiny|27\/100\n|switch|p1a: Heliolisk|Heliolisk, M|91\/100\n|-weather|Hail|[from] ability: Snow Warning|[of] p2a: Ninetales\n|-damage|p1a: Heliolisk|78\/100|[from] Spikes\n|turn|13\n|inactive|lando is my bf has 120 seconds left.\n|\n|t:|1665283344\n|move|p2a: Ninetales|Blizzard|p1a: Heliolisk\n|-damage|p1a: Heliolisk|25\/100\n|move|p1a: Heliolisk|Volt Switch|p2a: Ninetales\n|-damage|p2a: Ninetales|0 fnt\n|faint|p2a: Ninetales\n|-damage|p1a: Heliolisk|15\/100|[from] item: Life Orb\n|\n|t:|1665283356\n|switch|p1a: Kingdra|Kingdra, M|70\/100|[from]move: Volt Switch\n|-damage|p1a: Kingdra|57\/100|[from] Spikes\n|\n|-weather|Hail|[upkeep]\n|-damage|p1a: Kingdra|51\/100|[from] Hail\n|upkeep\n|\n|t:|1665283362\n|switch|p2a: Weavile|Weavile, M, shiny|100\/100\n|-ability|p2a: Weavile|Pressure\n|turn|14\n|\n|t:|1665283369\n|move|p2a: Weavile|Knock Off|p1a: Kingdra\n|-damage|p1a: Kingdra|0 fnt\n|-enditem|p1a: Kingdra|Choice Specs|[from] move: Knock Off|[of] p2a: Weavile\n|faint|p1a: Kingdra\n|-damage|p2a: Weavile|91\/100|[from] item: Life Orb\n|\n|-weather|Hail|[upkeep]\n|upkeep\n|\n|t:|1665283370\n|switch|p1a: Victini|Victini|100\/100\n|-damage|p1a: Victini|88\/100|[from] Spikes\n|turn|15\n|c|\u2606RggV_YT|gg\n|\n|t:|1665283375\n|move|p2a: Weavile|Knock Off|p1a: Victini\n|-supereffective|p1a: Victini\n|-crit|p1a: Victini\n|-damage|p1a: Victini|0 fnt\n|-enditem|p1a: Victini|Choice Band|[from] move: Knock Off|[of] p2a: Weavile\n|faint|p1a: Victini\n|-damage|p2a: Weavile|81\/100|[from] item: Life Orb\n|\n|-weather|Hail|[upkeep]\n|upkeep\n|c|\u2606lando is my bf|g\n|\n|t:|1665283378\n|switch|p1a: Heliolisk|Heliolisk, M|15\/100\n|-damage|p1a: Heliolisk|2\/100|[from] Spikes\n|turn|16\n|c|\u2606lando is my bf|gg\n|\n|t:|1665283381\n|move|p2a: Weavile|Ice Shard|p1a: Heliolisk\n|-damage|p1a: Heliolisk|0 fnt\n|faint|p1a: Heliolisk\n|-damage|p2a: Weavile|71\/100|[from] item: Life Orb\n|\n|win|lando is my bf\n|n|\u2606RggV_YT|rggvyt\n|n|\u2606lando is my bf|landoismybf\n|n| Cervolen|cervolen\n|n| Rukt|rukt\n|n| PYUKUMUKU GURU|pyukumukuguru\n|n| DepartamentoBasado|departamentobasado\n|n| I melt my eyez|imeltmyeyez\n|n| faatbatman|faatbatman\n|l|\u2606lando is my bf\n|l|\u2606RggV_YT\n|l| Cervolen\n|l| PYUKUMUKU GURU\n|j| thomas9779\n|l| thomas9779\n|l| DepartamentoBasado\n|l| faatbatman\n","uploadtime":1665283922,"views":22,"p1id":"rggvyt","p2id":"landoismybf","formatid":"gen8ou","rating":0,"private":0,"password":null}