{"id":"gen8ou-1669479274","p1":"minimax_ai","p2":"Not Sarcasm","format":"gen8ou","log":"|j|\u203dminimax_ai\n|j|\u2606Not Sarcasm\n|t:|1663732350\n|gametype|singles\n|player|p1|minimax_ai|102|1535\n|player|p2|Not Sarcasm|169|1582\n|teamsize|p1|6\n|teamsize|p2|6\n|gen|8\n|tier|[Gen 8] OU\n|rated|\n|rule|Sleep Clause Mod: Limit one foe put to sleep\n|rule|Species Clause: Limit one of each Pok\u00e9mon\n|rule|OHKO Clause: OHKO moves are banned\n|rule|Evasion Items Clause: Evasion items are banned\n|rule|Evasion Moves Clause: Evasion moves are banned\n|rule|Endless Battle Clause: Forcing endless battles is banned\n|rule|HP Percentage Mod: HP is shown in percentages\n|rule|Dynamax Clause: You cannot dynamax\n|clearpoke\n|poke|p1|Rotom-Wash|\n|poke|p1|Weavile, F|\n|poke|p1|Landorus-Therian, M|\n|poke|p1|Heatran, M|\n|poke|p1|Tangrowth, M|\n|poke|p1|Melmetal|\n|poke|p2|Pelipper, F|\n|poke|p2|Seismitoad, M|\n|poke|p2|Zapdos|\n|poke|p2|Ferrothorn, M|\n|poke|p2|Barraskewda, M|\n|poke|p2|Crawdaunt, M|\n|teampreview\n|inactive|Battle timer is ON: inactive players will automatically lose when time's up. (requested by Not Sarcasm)\n|inactive|minimax_ai also wants the timer to be on.\n|\n|t:|1663732361\n|start\n|switch|p1a: Landorus|Landorus-Therian, M|100\/100\n|switch|p2a: Let's in the rain|Pelipper, F|100\/100\n|-ability|p1a: Landorus|Intimidate|boost\n|-unboost|p2a: Let's in the rain|atk|1\n|-weather|RainDance|[from] ability: Drizzle|[of] p2a: Let's in the rain\n|turn|1\n|\n|t:|1663732367\n|switch|p1a: Rotom|Rotom-Wash|100\/100\n|move|p2a: Let's in the rain|U-turn|p1a: Rotom\n|-damage|p1a: Rotom|94\/100\n|\n|t:|1663732373\n|switch|p2a: Barraskewda|Barraskewda, M|100\/100|[from]move: U-turn\n|\n|-weather|RainDance|[upkeep]\n|-heal|p1a: Rotom|99\/100|[from] item: Leftovers\n|upkeep\n|turn|2\n|\n|t:|1663732378\n|move|p2a: Barraskewda|Flip Turn|p1a: Rotom\n|-resisted|p1a: Rotom\n|-damage|p1a: Rotom|60\/100\n|\n|t:|1663732381\n|switch|p2a: Seismitoad|Seismitoad, M|100\/100|[from]move: Flip Turn\n|move|p1a: Rotom|Thunderbolt|p2a: Seismitoad\n|-immune|p2a: Seismitoad\n|\n|-weather|RainDance|[upkeep]\n|-heal|p1a: Rotom|66\/100|[from] item: Leftovers\n|upkeep\n|turn|3\n|\n|t:|1663732389\n|move|p2a: Seismitoad|Weather Ball|p1a: Rotom\n|-resisted|p1a: Rotom\n|-damage|p1a: Rotom|19\/100\n|-damage|p2a: Seismitoad|91\/100|[from] item: Life Orb\n|move|p1a: Rotom|Pain Split|p2a: Seismitoad\n|-sethp|p2a: Seismitoad|53\/100|[from] move: Pain Split|[silent]\n|-sethp|p1a: Rotom|62\/100|[from] move: Pain Split\n|\n|-weather|RainDance|[upkeep]\n|-heal|p1a: Rotom|68\/100|[from] item: Leftovers\n|upkeep\n|turn|4\n|\n|t:|1663732399\n|move|p2a: Seismitoad|Weather Ball|p1a: Rotom\n|-resisted|p1a: Rotom\n|-damage|p1a: Rotom|22\/100\n|-damage|p2a: Seismitoad|44\/100|[from] item: Life Orb\n|move|p1a: Rotom|Pain Split|p2a: Seismitoad\n|-sethp|p2a: Seismitoad|31\/100|[from] move: Pain Split|[silent]\n|-sethp|p1a: Rotom|36\/100|[from] move: Pain Split\n|\n|-weather|RainDance|[upkeep]\n|-heal|p1a: Rotom|42\/100|[from] item: Leftovers\n|upkeep\n|turn|5\n|\n|t:|1663732408\n|switch|p1a: Tangrowth|Tangrowth, M|100\/100\n|move|p2a: Seismitoad|Weather Ball|p1a: Tangrowth\n|-resisted|p1a: Tangrowth\n|-damage|p1a: Tangrowth|42\/100\n|-damage|p2a: Seismitoad|21\/100|[from] item: Life Orb\n|\n|-weather|RainDance|[upkeep]\n|upkeep\n|turn|6\n|\n|t:|1663732415\n|switch|p1a: Melmetal|Melmetal|100\/100\n|move|p2a: Seismitoad|Weather Ball|p1a: Melmetal\n|-damage|p1a: Melmetal|52\/100\n|-damage|p2a: Seismitoad|11\/100|[from] item: Life Orb\n|\n|-weather|RainDance|[upkeep]\n|upkeep\n|turn|7\n|inactive|Not Sarcasm has 120 seconds left.\n|\n|t:|1663732463\n|switch|p1a: Tangrowth|Tangrowth, M|75\/100\n|move|p2a: Seismitoad|Weather Ball|p1a: Tangrowth\n|-resisted|p1a: Tangrowth\n|-damage|p1a: Tangrowth|15\/100\n|-damage|p2a: Seismitoad|1\/100|[from] item: Life Orb\n|\n|-weather|RainDance|[upkeep]\n|upkeep\n|turn|8\n|\n|t:|1663732471\n|switch|p1a: Rotom|Rotom-Wash|42\/100\n|move|p2a: Seismitoad|Weather Ball|p1a: Rotom\n|-resisted|p1a: Rotom\n|-damage|p1a: Rotom|0 fnt\n|faint|p1a: Rotom\n|-damage|p2a: Seismitoad|0 fnt|[from] item: Life Orb\n|faint|p2a: Seismitoad\n|\n|-weather|none\n|upkeep\n|\n|t:|1663732485\n|switch|p1a: Landorus|Landorus-Therian, M|100\/100\n|switch|p2a: Let's in the rain|Pelipper, F|100\/100\n|-ability|p1a: Landorus|Intimidate|boost\n|-unboost|p2a: Let's in the rain|atk|1\n|-weather|RainDance|[from] ability: Drizzle|[of] p2a: Let's in the rain\n|turn|9\n|\n|t:|1663732491\n|move|p1a: Landorus|U-turn|p2a: Let's in the rain\n|-resisted|p2a: Let's in the rain\n|-damage|p2a: Let's in the rain|88\/100\n|\n|t:|1663732491\n|switch|p1a: Tangrowth|Tangrowth, M|48\/100|[from]move: U-turn\n|move|p2a: Let's in the rain|U-turn|p1a: Tangrowth\n|-supereffective|p1a: Tangrowth\n|-damage|p1a: Tangrowth|41\/100\n|-damage|p2a: Let's in the rain|72\/100|[from] item: Rocky Helmet|[of] p1a: Tangrowth\n|inactive|Not Sarcasm has 120 seconds left.\n|\n|t:|1663732521\n|switch|p2a: Zapdos|Zapdos|100\/100|[from]move: U-turn\n|\n|-weather|RainDance|[upkeep]\n|upkeep\n|turn|10\n|\n|t:|1663732527\n|switch|p1a: Landorus|Landorus-Therian, M|100\/100\n|-ability|p1a: Landorus|Intimidate|boost\n|-unboost|p2a: Zapdos|atk|1\n|move|p2a: Zapdos|Hurricane|p1a: Landorus\n|-damage|p1a: Landorus|59\/100\n|-start|p1a: Landorus|confusion\n|\n|-weather|RainDance|[upkeep]\n|-heal|p1a: Landorus|65\/100|[from] item: Leftovers\n|upkeep\n|turn|11\n|\n|t:|1663732542\n|switch|p1a: Weavile|Weavile, F|100\/100\n|-ability|p1a: Weavile|Pressure\n|move|p2a: Zapdos|Weather Ball|p1a: Weavile\n|-damage|p1a: Weavile|28\/100\n|\n|-weather|RainDance|[upkeep]\n|upkeep\n|turn|12\n|\n|t:|1663732549\n|switch|p2a: Ferrothorn|Ferrothorn, M|100\/100\n|move|p1a: Weavile|Knock Off|p2a: Ferrothorn\n|-crit|p2a: Ferrothorn\n|-damage|p2a: Ferrothorn|36\/100\n|-damage|p1a: Weavile|16\/100|[from] ability: Iron Barbs|[of] p2a: Ferrothorn\n|-enditem|p2a: Ferrothorn|Leftovers|[from] move: Knock Off|[of] p1a: Weavile\n|\n|-weather|RainDance|[upkeep]\n|upkeep\n|turn|13\n|\n|t:|1663732558\n|switch|p1a: Landorus|Landorus-Therian, M|65\/100\n|-ability|p1a: Landorus|Intimidate|boost\n|-unboost|p2a: Ferrothorn|atk|1\n|move|p2a: Ferrothorn|Stealth Rock|p1a: Landorus\n|-sidestart|p1: minimax_ai|move: Stealth Rock\n|\n|-weather|RainDance|[upkeep]\n|-heal|p1a: Landorus|71\/100|[from] item: Leftovers\n|upkeep\n|turn|14\n|\n|t:|1663732566\n|move|p1a: Landorus|Defog|p2a: Ferrothorn\n|-unboost|p2a: Ferrothorn|evasion|1\n|-sideend|p1: minimax_ai|Stealth Rock|[from] move: Defog|[of] p1a: Landorus\n|move|p2a: Ferrothorn|Leech Seed|p1a: Landorus\n|-start|p1a: Landorus|move: Leech Seed\n|\n|-weather|RainDance|[upkeep]\n|-heal|p1a: Landorus|77\/100|[from] item: Leftovers\n|-damage|p1a: Landorus|65\/100|[from] Leech Seed|[of] p2a: Ferrothorn\n|-heal|p2a: Ferrothorn|49\/100|[silent]\n|upkeep\n|turn|15\n|inactive|Not Sarcasm has 120 seconds left.\n|\n|t:|1663732579\n|switch|p1a: Tangrowth|Tangrowth, M|74\/100\n|move|p2a: Ferrothorn|Stealth Rock|p1a: Tangrowth\n|-sidestart|p1: minimax_ai|move: Stealth Rock\n|\n|-weather|RainDance|[upkeep]\n|upkeep\n|turn|16\n|inactive|Not Sarcasm has 120 seconds left.\n|\n|t:|1663732584\n|move|p1a: Tangrowth|Sleep Powder|p2a: Ferrothorn\n|-immune|p2a: Ferrothorn\n|move|p2a: Ferrothorn|Knock Off|p1a: Tangrowth\n|-damage|p1a: Tangrowth|66\/100\n|-damage|p2a: Ferrothorn|32\/100|[from] item: Rocky Helmet|[of] p1a: Tangrowth\n|-enditem|p1a: Tangrowth|Rocky Helmet|[from] move: Knock Off|[of] p2a: Ferrothorn\n|\n|-weather|none\n|upkeep\n|turn|17\n|inactive|Not Sarcasm has 120 seconds left.\n|inactive|Not Sarcasm has 90 seconds left.\n|\n|t:|1663732627\n|move|p1a: Tangrowth|Focus Blast|p2a: Ferrothorn\n|-supereffective|p2a: Ferrothorn\n|-damage|p2a: Ferrothorn|0 fnt\n|faint|p2a: Ferrothorn\n|\n|upkeep\n|\n|t:|1663732632\n|switch|p2a: Let's in the rain|Pelipper, F|72\/100\n|-weather|RainDance|[from] ability: Drizzle|[of] p2a: Let's in the rain\n|turn|18\n|\n|t:|1663732636\n|move|p2a: Let's in the rain|U-turn|p1a: Tangrowth\n|-supereffective|p1a: Tangrowth\n|-damage|p1a: Tangrowth|56\/100\n|\n|t:|1663732641\n|switch|p2a: Crawdaunt|Crawdaunt, M|100\/100|[from]move: U-turn\n|move|p1a: Tangrowth|Giga Drain|p2a: Crawdaunt\n|-supereffective|p2a: Crawdaunt\n|-crit|p2a: Crawdaunt\n|-damage|p2a: Crawdaunt|0 fnt\n|-heal|p1a: Tangrowth|89\/100|[from] drain|[of] p2a: Crawdaunt\n|faint|p2a: Crawdaunt\n|\n|-weather|RainDance|[upkeep]\n|upkeep\n|inactive|Not Sarcasm has 90 seconds left.\n|\n|t:|1663732673\n|switch|p2a: Zapdos|Zapdos|100\/100\n|turn|19\n|\n|t:|1663732677\n|switch|p1a: Weavile|Weavile, F|16\/100\n|-damage|p1a: Weavile|0 fnt|[from] Stealth Rock\n|faint|p1a: Weavile\n|move|p2a: Zapdos|Hurricane|p1: Weavile|[notarget]\n|-fail|p2a: Zapdos\n|\n|-weather|RainDance|[upkeep]\n|upkeep\n|\n|t:|1663732677\n|switch|p1a: Melmetal|Melmetal|52\/100\n|-damage|p1a: Melmetal|46\/100|[from] Stealth Rock\n|turn|20\n|\n|t:|1663732686\n|move|p2a: Zapdos|Thunder|p1a: Melmetal\n|-damage|p1a: Melmetal|16\/100\n|-status|p1a: Melmetal|par\n|cant|p1a: Melmetal|par\n|\n|-weather|RainDance|[upkeep]\n|upkeep\n|turn|21\n|\n|t:|1663732694\n|move|p2a: Zapdos|Thunder|p1a: Melmetal\n|-damage|p1a: Melmetal|0 fnt\n|faint|p1a: Melmetal\n|\n|-weather|RainDance|[upkeep]\n|upkeep\n|\n|t:|1663732694\n|switch|p1a: Tangrowth|Tangrowth, M|100\/100\n|-damage|p1a: Tangrowth|88\/100|[from] Stealth Rock\n|turn|22\n|inactive|Not Sarcasm has 120 seconds left.\n|\n|t:|1663732708\n|switch|p1a: Landorus|Landorus-Therian, M|65\/100\n|-damage|p1a: Landorus|53\/100|[from] Stealth Rock\n|-ability|p1a: Landorus|Intimidate|boost\n|-unboost|p2a: Zapdos|atk|1\n|move|p2a: Zapdos|Hurricane|p1a: Landorus\n|-damage|p1a: Landorus|8\/100\n|-start|p1a: Landorus|confusion\n|\n|-weather|RainDance|[upkeep]\n|-heal|p1a: Landorus|14\/100|[from] item: Leftovers\n|upkeep\n|turn|23\n|inactive|Not Sarcasm has 120 seconds left.\n|\n|t:|1663732719\n|move|p2a: Zapdos|Hurricane|p1a: Landorus\n|-damage|p1a: Landorus|0 fnt\n|faint|p1a: Landorus\n|\n|-weather|RainDance|[upkeep]\n|upkeep\n|\n|t:|1663732719\n|switch|p1a: Heatran|Heatran, M|100\/100\n|-damage|p1a: Heatran|88\/100|[from] Stealth Rock\n|-item|p1a: Heatran|Air Balloon\n|turn|24\n|\n|t:|1663732727\n|switch|p1a: Tangrowth|Tangrowth, M|100\/100\n|-damage|p1a: Tangrowth|88\/100|[from] Stealth Rock\n|move|p2a: Zapdos|Weather Ball|p1a: Tangrowth\n|-resisted|p1a: Tangrowth\n|-damage|p1a: Tangrowth|52\/100\n|\n|-weather|RainDance|[upkeep]\n|upkeep\n|turn|25\n|c|\u2606Not Sarcasm|?\n|\n|t:|1663732735\n|move|p2a: Zapdos|Hurricane|p1a: Tangrowth\n|-supereffective|p1a: Tangrowth\n|-damage|p1a: Tangrowth|0 fnt\n|faint|p1a: Tangrowth\n|\n|-weather|none\n|upkeep\n|\n|t:|1663732735\n|switch|p1a: Heatran|Heatran, M|88\/100\n|-damage|p1a: Heatran|76\/100|[from] Stealth Rock\n|-item|p1a: Heatran|Air Balloon\n|turn|26\n|\n|t:|1663732746\n|switch|p2a: Let's in the rain|Pelipper, F|72\/100\n|-weather|RainDance|[from] ability: Drizzle|[of] p2a: Let's in the rain\n|move|p1a: Heatran|Magma Storm|p2a: Let's in the rain\n|-resisted|p2a: Let's in the rain\n|-damage|p2a: Let's in the rain|60\/100\n|-activate|p2a: Let's in the rain|move: Magma Storm|[of] p1a: Heatran\n|\n|-weather|RainDance|[upkeep]\n|-damage|p2a: Let's in the rain|48\/100|[from] move: Magma Storm|[partiallytrapped]\n|upkeep\n|turn|27\n|\n|t:|1663732755\n|move|p1a: Heatran|Magma Storm|p2a: Let's in the rain\n|-resisted|p2a: Let's in the rain\n|-damage|p2a: Let's in the rain|35\/100\n|move|p2a: Let's in the rain|U-turn|p1a: Heatran\n|-resisted|p1a: Heatran\n|-damage|p1a: Heatran|74\/100\n|-enditem|p1a: Heatran|Air Balloon\n|\n|t:|1663732763\n|switch|p2a: Zapdos|Zapdos|100\/100|[from]move: U-turn\n|\n|-weather|RainDance|[upkeep]\n|upkeep\n|turn|28\n|\n|t:|1663732767\n|move|p2a: Zapdos|Weather Ball|p1a: Heatran\n|-supereffective|p1a: Heatran\n|-crit|p1a: Heatran\n|-damage|p1a: Heatran|0 fnt\n|faint|p1a: Heatran\n|\n|win|Not Sarcasm\n|raw|minimax_ai's rating: 1535 &rarr; <strong>1518<\/strong><br \/>(-17 for losing)\n|raw|Not Sarcasm's rating: 1582 &rarr; <strong>1599<\/strong><br \/>(+17 for winning)\n|l|\u203dminimax_ai\n||Ladder isn't responding, score probably updated but might not have (Request timeout).\n","uploadtime":1663732769,"views":9,"p1id":"minimaxai","p2id":"notsarcasm","formatid":"gen8ou","rating":1518,"private":0,"password":null}