{"id":"gen8nationaldex-1517483891","p1":"Hikari-miyako","p2":"Elizabeth McGuire","format":"gen8nationaldex","log":"|html|<div class=\"broadcast-blue\"><strong>[Gen 8] National Dex is currently suspecting Dragapult! For information on how to participate check out the <a href=\"https:\/\/www.smogon.com\/forums\/threads\/national-dex-suspect-test-14-ghost-girl.3697927\/\">suspect thread<\/a>.<\/strong><\/div>\n|j|\u2606Hikari-miyako\n|j|\u2606Elizabeth McGuire\n|t:|1645659070\n|gametype|singles\n|player|p1|Hikari-miyako|ariana|1745\n|player|p2|Elizabeth McGuire|olympia|1771\n|teamsize|p1|6\n|teamsize|p2|6\n|gen|8\n|tier|[Gen 8] National Dex\n|rated|\n|rule|HP Percentage Mod: HP is shown in percentages\n|rule|Endless Battle Clause: Forcing endless battles is banned\n|rule|OHKO Clause: OHKO moves are banned\n|rule|Evasion Moves Clause: Evasion moves are banned\n|rule|Species Clause: Limit one of each Pok\u00e9mon\n|rule|Dynamax Clause: You cannot dynamax\n|rule|Sleep Clause Mod: Limit one foe put to sleep\n|clearpoke\n|poke|p1|Aegislash, M|\n|poke|p1|Diancie|\n|poke|p1|Thundurus, M|\n|poke|p1|Bisharp, F|\n|poke|p1|Serperior, F|\n|poke|p1|Dragapult, F|\n|poke|p2|Greninja, M|\n|poke|p2|Kartana|\n|poke|p2|Hatterene, F|\n|poke|p2|Landorus-Therian, M|\n|poke|p2|Tapu Lele|\n|poke|p2|Mawile, M|\n|teampreview\n|inactive|Battle timer is ON: inactive players will automatically lose when time's up. (requested by Elizabeth McGuire)\n|\n|t:|1645659079\n|start\n|switch|p1a: Bisharp|Bisharp, F|100\/100\n|switch|p2a: Greninja|Greninja, M|100\/100\n|turn|1\n|\n|t:|1645659088\n|move|p2a: Greninja|Low Kick|p1a: Bisharp\n|-start|p2a: Greninja|typechange|Fighting|[from] ability: Protean\n|-supereffective|p1a: Bisharp\n|-crit|p1a: Bisharp\n|-enditem|p1a: Bisharp|Focus Sash\n|-damage|p1a: Bisharp|1\/100\n|move|p1a: Bisharp|Stealth Rock|p2a: Greninja\n|-sidestart|p2: Elizabeth McGuire|move: Stealth Rock\n|\n|upkeep\n|turn|2\n|\n|t:|1645659091\n|move|p1a: Bisharp|Sucker Punch|p2a: Greninja\n|-resisted|p2a: Greninja\n|-damage|p2a: Greninja|62\/100\n|move|p2a: Greninja|Ice Beam|p1a: Bisharp\n|-start|p2a: Greninja|typechange|Ice|[from] ability: Protean\n|-resisted|p1a: Bisharp\n|-damage|p1a: Bisharp|0 fnt\n|faint|p1a: Bisharp\n|\n|upkeep\n|\n|t:|1645659095\n|switch|p1a: Dragapult|Dragapult, F|100\/100\n|turn|3\n|\n|t:|1645659097\n|move|p1a: Dragapult|U-turn|p2a: Greninja\n|-damage|p2a: Greninja|4\/100\n|-damage|p1a: Dragapult|91\/100|[from] item: Life Orb\n|\n|t:|1645659102\n|switch|p1a: Aegislash|Aegislash, M|100\/100|[from]move: U-turn\n|move|p2a: Greninja|Ice Beam|p1a: Aegislash\n|-resisted|p1a: Aegislash\n|-damage|p1a: Aegislash|89\/100\n|\n|upkeep\n|turn|4\n|\n|t:|1645659104\n|-formechange|p1a: Aegislash|Aegislash-Blade||[from] ability: Stance Change\n|move|p1a: Aegislash|Shadow Sneak|p2a: Greninja\n|-damage|p2a: Greninja|0 fnt\n|faint|p2a: Greninja\n|\n|upkeep\n|\n|t:|1645659107\n|switch|p2a: Landorus|Landorus-Therian, M|100\/100\n|-damage|p2a: Landorus|88\/100|[from] Stealth Rock\n|-ability|p2a: Landorus|Intimidate|boost\n|-unboost|p1a: Aegislash|atk|1\n|turn|5\n|\n|t:|1645659110\n|-formechange|p1a: Aegislash|Aegislash||[from] ability: Stance Change\n|move|p1a: Aegislash|King's Shield|p1a: Aegislash\n|-singleturn|p1a: Aegislash|Protect\n|move|p2a: Landorus|Stealth Rock|p1a: Aegislash\n|-sidestart|p1: Hikari-miyako|move: Stealth Rock\n|\n|upkeep\n|turn|6\n|\n|t:|1645659112\n|switch|p1a: Thundurus|Thundurus, M|100\/100\n|-damage|p1a: Thundurus|76\/100|[from] Stealth Rock\n|move|p2a: Landorus|Earthquake|p1a: Thundurus\n|-immune|p1a: Thundurus\n|\n|upkeep\n|turn|7\n|\n|t:|1645659115\n|switch|p2a: Tapu Lele|Tapu Lele, shiny|100\/100\n|-damage|p2a: Tapu Lele|88\/100|[from] Stealth Rock\n|-fieldstart|move: Psychic Terrain|[from] ability: Psychic Surge|[of] p2a: Tapu Lele\n|move|p1a: Thundurus|Thunderbolt|p2a: Tapu Lele\n|-damage|p2a: Tapu Lele|48\/100\n|-damage|p1a: Thundurus|66\/100|[from] item: Life Orb\n|\n|upkeep\n|turn|8\n|\n|t:|1645659118\n|switch|p1a: Aegislash|Aegislash, M|89\/100\n|-damage|p1a: Aegislash|83\/100|[from] Stealth Rock\n|move|p2a: Tapu Lele|Psyshock|p1a: Aegislash\n|-resisted|p1a: Aegislash\n|-damage|p1a: Aegislash|59\/100\n|\n|upkeep\n|turn|9\n|\n|t:|1645659127\n|move|p2a: Tapu Lele|Hidden Power|p1a: Aegislash\n|-supereffective|p1a: Aegislash\n|-damage|p1a: Aegislash|21\/100\n|-enditem|p1a: Aegislash|Weakness Policy\n|-boost|p1a: Aegislash|atk|2|[from] item: Weakness Policy\n|-boost|p1a: Aegislash|spa|2|[from] item: Weakness Policy\n|-formechange|p1a: Aegislash|Aegislash-Blade||[from] ability: Stance Change\n|move|p1a: Aegislash|Shadow Ball|p2a: Tapu Lele\n|-supereffective|p2a: Tapu Lele\n|-damage|p2a: Tapu Lele|0 fnt\n|faint|p2a: Tapu Lele\n|\n|upkeep\n|\n|t:|1645659129\n|switch|p2a: Landorus|Landorus-Therian, M|88\/100\n|-damage|p2a: Landorus|76\/100|[from] Stealth Rock\n|-ability|p2a: Landorus|Intimidate|boost\n|-unboost|p1a: Aegislash|atk|1\n|turn|10\n|\n|t:|1645659134\n|-formechange|p1a: Aegislash|Aegislash||[from] ability: Stance Change\n|move|p1a: Aegislash|King's Shield|p1a: Aegislash\n|-singleturn|p1a: Aegislash|Protect\n|move|p2a: Landorus|Earthquake|p1a: Aegislash\n|-activate|p1a: Aegislash|move: Protect\n|\n|upkeep\n|turn|11\n|\n|t:|1645659138\n|switch|p1a: Thundurus|Thundurus, M|66\/100\n|-damage|p1a: Thundurus|41\/100|[from] Stealth Rock\n|move|p2a: Landorus|Earthquake|p1a: Thundurus\n|-immune|p1a: Thundurus\n|\n|-fieldend|move: Psychic Terrain\n|upkeep\n|turn|12\n|\n|t:|1645659142\n|move|p1a: Thundurus|Hidden Power|p2a: Landorus\n|-supereffective|p2a: Landorus\n|-damage|p2a: Landorus|0 fnt\n|faint|p2a: Landorus\n|-damage|p1a: Thundurus|32\/100|[from] item: Life Orb\n|\n|upkeep\n|\n|t:|1645659149\n|switch|p2a: Kartana|Kartana, shiny|100\/100\n|-damage|p2a: Kartana|94\/100|[from] Stealth Rock\n|turn|13\n|\n|t:|1645659151\n|move|p1a: Thundurus|Thunder Wave|p2a: Kartana\n|-status|p2a: Kartana|par\n|move|p2a: Kartana|Smart Strike|p1a: Thundurus\n|-resisted|p1a: Thundurus\n|-damage|p1a: Thundurus|0 fnt\n|faint|p1a: Thundurus\n|-ability|p2a: Kartana|Beast Boost|boost\n|-boost|p2a: Kartana|atk|1\n|\n|upkeep\n|\n|t:|1645659154\n|switch|p1a: Diancie|Diancie|100\/100\n|-damage|p1a: Diancie|88\/100|[from] Stealth Rock\n|turn|14\n|\n|t:|1645659156\n|detailschange|p1a: Diancie|Diancie-Mega\n|-mega|p1a: Diancie|Diancie|Diancite\n|move|p1a: Diancie|Mystical Fire|p2a: Kartana\n|-supereffective|p2a: Kartana\n|-damage|p2a: Kartana|0 fnt\n|faint|p2a: Kartana\n|\n|upkeep\n|\n|t:|1645659158\n|switch|p2a: Hatterene|Hatterene, F|100\/100\n|-damage|p2a: Hatterene|88\/100|[from] Stealth Rock\n|turn|15\n|\n|t:|1645659160\n|move|p1a: Diancie|Diamond Storm|p2a: Hatterene\n|-damage|p2a: Hatterene|30\/100\n|-boost|p1a: Diancie|def|2\n|move|p2a: Hatterene|Trick Room|p2a: Hatterene\n|-fieldstart|move: Trick Room|[of] p2a: Hatterene\n|\n|upkeep\n|turn|16\n|\n|t:|1645659175\n|-zpower|p2a: Hatterene\n|move|p2a: Hatterene|Shattered Psyche|p1a: Diancie|[zeffect]\n|-damage|p1a: Diancie|0 fnt\n|faint|p1a: Diancie\n|\n|upkeep\n|\n|t:|1645659177\n|switch|p1a: Aegislash|Aegislash, M|21\/100\n|-damage|p1a: Aegislash|14\/100|[from] Stealth Rock\n|turn|17\n|\n|t:|1645659179\n|-formechange|p1a: Aegislash|Aegislash-Blade||[from] ability: Stance Change\n|move|p1a: Aegislash|Shadow Sneak|p2a: Hatterene\n|-supereffective|p2a: Hatterene\n|-damage|p2a: Hatterene|0 fnt\n|faint|p2a: Hatterene\n|\n|upkeep\n|\n|t:|1645659180\n|switch|p2a: Mawile|Mawile, M|100\/100\n|-damage|p2a: Mawile|94\/100|[from] Stealth Rock\n|-ability|p2a: Mawile|Intimidate|boost\n|-unboost|p1a: Aegislash|atk|1\n|turn|18\n|\n|t:|1645659183\n|detailschange|p2a: Mawile|Mawile-Mega, M\n|-mega|p2a: Mawile|Mawile|Mawilite\n|-formechange|p1a: Aegislash|Aegislash||[from] ability: Stance Change\n|move|p1a: Aegislash|King's Shield|p1a: Aegislash\n|-singleturn|p1a: Aegislash|Protect\n|move|p2a: Mawile|Swords Dance|p2a: Mawile\n|-boost|p2a: Mawile|atk|2\n|\n|upkeep\n|turn|19\n|\n|t:|1645659188\n|switch|p1a: Serperior|Serperior, F|100\/100\n|-damage|p1a: Serperior|88\/100|[from] Stealth Rock\n|move|p2a: Mawile|Fire Fang|p1a: Serperior\n|-supereffective|p1a: Serperior\n|-damage|p1a: Serperior|0 fnt\n|faint|p1a: Serperior\n|\n|-fieldend|move: Trick Room\n|upkeep\n|\n|t:|1645659197\n|switch|p1a: Aegislash|Aegislash, M|14\/100\n|-damage|p1a: Aegislash|8\/100|[from] Stealth Rock\n|turn|20\n|\n|t:|1645659199\n|move|p2a: Mawile|Sucker Punch|p1a: Aegislash\n|-supereffective|p1a: Aegislash\n|-damage|p1a: Aegislash|0 fnt\n|faint|p1a: Aegislash\n|\n|upkeep\n|\n|t:|1645659201\n|switch|p1a: Dragapult|Dragapult, F|91\/100\n|-damage|p1a: Dragapult|78\/100|[from] Stealth Rock\n|turn|21\n|\n|t:|1645659204\n|move|p1a: Dragapult|Sucker Punch|p2a: Mawile\n|-resisted|p2a: Mawile\n|-damage|p2a: Mawile|80\/100\n|-damage|p1a: Dragapult|69\/100|[from] item: Life Orb\n|move|p2a: Mawile|Play Rough|p1a: Dragapult\n|-supereffective|p1a: Dragapult\n|-damage|p1a: Dragapult|0 fnt\n|faint|p1a: Dragapult\n|\n|win|Elizabeth McGuire\n|raw|Hikari-miyako's rating: 1745 &rarr; <strong>1726<\/strong><br \/>(-19 for losing)\n|raw|Elizabeth McGuire's rating: 1771 &rarr; <strong>1790<\/strong><br \/>(+19 for winning)\n|l|\u2606Hikari-miyako\n||Ladder isn't responding, score probably updated but might not have (Request timeout).\n","uploadtime":1645659207,"views":49,"p1id":"hikarimiyako","p2id":"elizabethmcguire","formatid":"gen8nationaldex","rating":1726,"private":0,"password":null}