{"id":"gen8ou-1664608825","p1":"Capital Cruiser","p2":"minimax_ai","format":"gen8ou","log":"|j|\u203dCapital Cruiser\n|j|\u2606minimax_ai\n|t:|1663211101\n|gametype|singles\n|player|p1|Capital Cruiser|cheren-gen5bw2|1541\n|player|p2|minimax_ai|lusamine-nihilego|1501\n|teamsize|p1|6\n|teamsize|p2|6\n|gen|8\n|tier|[Gen 8] OU\n|rated|\n|rule|Sleep Clause Mod: Limit one foe put to sleep\n|rule|Species Clause: Limit one of each Pok\u00e9mon\n|rule|OHKO Clause: OHKO moves are banned\n|rule|Evasion Items Clause: Evasion items are banned\n|rule|Evasion Moves Clause: Evasion moves are banned\n|rule|Endless Battle Clause: Forcing endless battles is banned\n|rule|HP Percentage Mod: HP is shown in percentages\n|rule|Dynamax Clause: You cannot dynamax\n|clearpoke\n|poke|p1|Calyrex|\n|poke|p1|Zapdos|\n|poke|p1|Urshifu-*, M|\n|poke|p1|Heatran, M|\n|poke|p1|Tapu Fini|\n|poke|p1|Kartana|\n|poke|p2|Rotom-Wash|\n|poke|p2|Weavile, F|\n|poke|p2|Landorus-Therian, M|\n|poke|p2|Heatran, M|\n|poke|p2|Tangrowth, F|\n|poke|p2|Melmetal|\n|teampreview\n|inactive|Battle timer is ON: inactive players will automatically lose when time's up. (requested by Capital Cruiser)\n|c|\u2606minimax_ai|hf\n|inactive|minimax_ai also wants the timer to be on.\n|\n|t:|1663211122\n|start\n|switch|p1a: Zapdos|Zapdos, shiny|100\/100\n|switch|p2a: landorustherian|Landorus-Therian, M|100\/100\n|-ability|p2a: landorustherian|Intimidate|boost\n|-unboost|p1a: Zapdos|atk|1\n|turn|1\n|\n|t:|1663211125\n|move|p1a: Zapdos|Hurricane|p2a: landorustherian|[miss]\n|-miss|p1a: Zapdos|p2a: landorustherian\n|move|p2a: landorustherian|Toxic|p1a: Zapdos\n|-status|p1a: Zapdos|tox\n|\n|-damage|p1a: Zapdos|94\/100 tox|[from] psn\n|upkeep\n|turn|2\n|\n|t:|1663211129\n|move|p1a: Zapdos|Hurricane|p2a: landorustherian\n|-damage|p2a: landorustherian|51\/100\n|-start|p2a: landorustherian|confusion\n|-activate|p2a: landorustherian|confusion\n|move|p2a: landorustherian|Earthquake|p1a: Zapdos\n|-immune|p1a: Zapdos\n|\n|-heal|p2a: landorustherian|57\/100|[from] item: Leftovers\n|-damage|p1a: Zapdos|82\/100 tox|[from] psn\n|upkeep\n|turn|3\n|\n|t:|1663211136\n|move|p1a: Zapdos|Thunderbolt|p2a: landorustherian\n|-immune|p2a: landorustherian\n|-activate|p2a: landorustherian|confusion\n|move|p2a: landorustherian|Earthquake|p1a: Zapdos\n|-immune|p1a: Zapdos\n|\n|-heal|p2a: landorustherian|63\/100|[from] item: Leftovers\n|-damage|p1a: Zapdos|63\/100 tox|[from] psn\n|upkeep\n|turn|4\n|\n|t:|1663211138\n|move|p1a: Zapdos|Hurricane|p2a: landorustherian\n|-damage|p2a: landorustherian|20\/100\n|-activate|p2a: landorustherian|confusion\n|move|p2a: landorustherian|Earthquake|p1a: Zapdos\n|-immune|p1a: Zapdos\n|\n|-heal|p2a: landorustherian|26\/100|[from] item: Leftovers\n|-damage|p1a: Zapdos|39\/100 tox|[from] psn\n|upkeep\n|turn|5\n|\n|t:|1663211147\n|switch|p1a: Tapu Fini|Tapu Fini, shiny|100\/100\n|-fieldstart|move: Misty Terrain|[from] ability: Misty Surge|[of] p1a: Tapu Fini\n|-activate|p2a: landorustherian|confusion\n|move|p2a: landorustherian|Earthquake|p1a: Tapu Fini\n|-crit|p1a: Tapu Fini\n|-damage|p1a: Tapu Fini|56\/100\n|\n|-heal|p2a: landorustherian|32\/100|[from] item: Leftovers\n|-heal|p1a: Tapu Fini|62\/100|[from] item: Leftovers\n|upkeep\n|turn|6\n|\n|t:|1663211151\n|switch|p2a: Melmetal|Melmetal|100\/100\n|move|p1a: Tapu Fini|Moonblast|p2a: Melmetal\n|-resisted|p2a: Melmetal\n|-damage|p2a: Melmetal|93\/100\n|\n|-heal|p1a: Tapu Fini|68\/100|[from] item: Leftovers\n|upkeep\n|turn|7\n|\n|t:|1663211157\n|switch|p1a: Heatran|Heatran, M, shiny|100\/100\n|move|p2a: Melmetal|Thunder Punch|p1a: Heatran\n|-damage|p1a: Heatran|73\/100\n|\n|upkeep\n|turn|8\n|\n|t:|1663211163\n|move|p1a: Heatran|Stealth Rock|p2a: Melmetal\n|-sidestart|p2: minimax_ai|move: Stealth Rock\n|move|p2a: Melmetal|Earthquake|p1a: Heatran\n|-supereffective|p1a: Heatran\n|-damage|p1a: Heatran|0 fnt\n|faint|p1a: Heatran\n|\n|upkeep\n|\n|t:|1663211170\n|switch|p1a: Zapdos|Zapdos, shiny|39\/100 tox\n|turn|9\n|\n|t:|1663211173\n|move|p1a: Zapdos|Thunderbolt|p2a: Melmetal\n|-damage|p2a: Melmetal|66\/100\n|move|p2a: Melmetal|Double Iron Bash|p1a: Zapdos\n|-resisted|p1a: Zapdos\n|-damage|p1a: Zapdos|17\/100 tox\n|-resisted|p1a: Zapdos\n|-damage|p1a: Zapdos|0 fnt\n|faint|p1a: Zapdos\n|-hitcount|p1: Zapdos|2\n|\n|-fieldend|Misty Terrain\n|upkeep\n|-message|Capital Cruiser forfeited.\n|\n|win|minimax_ai\n|raw|Capital Cruiser's rating: 1541 &rarr; <strong>1519<\/strong><br \/>(-22 for losing)\n|raw|minimax_ai's rating: 1501 &rarr; <strong>1523<\/strong><br \/>(+22 for winning)\n|c|\u2606minimax_ai|gg\n|l|\u203dCapital Cruiser\n","uploadtime":1663211180,"views":4,"p1id":"capitalcruiser","p2id":"minimaxai","formatid":"gen8ou","rating":1519,"private":0,"password":null}