{"id":"gen8ou-1676286836","p1":"grace_my_world","p2":"Machugen","format":"gen8ou","log":"|j|\u2606grace_my_world\n|j|\u2606Machugen\n|t:|1664772936\n|gametype|singles\n|player|p1|grace_my_world|265|1669\n|player|p2|Machugen|zinnia|1816\n|teamsize|p1|6\n|teamsize|p2|6\n|gen|8\n|tier|[Gen 8] OU\n|rated|\n|rule|Sleep Clause Mod: Limit one foe put to sleep\n|rule|Species Clause: Limit one of each Pok\u00e9mon\n|rule|OHKO Clause: OHKO moves are banned\n|rule|Evasion Items Clause: Evasion items are banned\n|rule|Evasion Moves Clause: Evasion moves are banned\n|rule|Endless Battle Clause: Forcing endless battles is banned\n|rule|HP Percentage Mod: HP is shown in percentages\n|rule|Dynamax Clause: You cannot dynamax\n|clearpoke\n|poke|p1|Dragapult, F|\n|poke|p1|Heatran, M|\n|poke|p1|Rillaboom, M|\n|poke|p1|Tapu Koko|\n|poke|p1|Nidoking, M|\n|poke|p1|Togekiss, F|\n|poke|p2|Weavile, F|\n|poke|p2|Dragonite, F|\n|poke|p2|Melmetal|\n|poke|p2|Volcanion|\n|poke|p2|Zapdos|\n|poke|p2|Landorus-Therian, M|\n|teampreview\n|inactive|Battle timer is ON: inactive players will automatically lose when time's up. (requested by grace_my_world)\n|\n|t:|1664772946\n|start\n|switch|p1a: Togekiss|Togekiss, F|100\/100\n|switch|p2a: Weavile|Weavile, F|100\/100\n|-ability|p2a: Weavile|Pressure\n|turn|1\n|j| pocus pocus\n|\n|t:|1664772953\n|switch|p2a: Zapdos|Zapdos|100\/100\n|move|p1a: Togekiss|Dazzling Gleam|p2a: Zapdos\n|-damage|p2a: Zapdos|53\/100\n|\n|upkeep\n|turn|2\n|j| HOF69\n|\n|t:|1664772961\n|move|p2a: Zapdos|Volt Switch|p1a: Togekiss\n|-supereffective|p1a: Togekiss\n|-damage|p1a: Togekiss|27\/100\n|\n|t:|1664772963\n|switch|p2a: Landorus|Landorus-Therian, M|100\/100|[from]move: Volt Switch\n|-ability|p2a: Landorus|Intimidate|boost\n|-unboost|p1a: Togekiss|atk|1\n|move|p1a: Togekiss|Ancient Power|p2a: Landorus\n|-damage|p2a: Landorus|85\/100\n|\n|-heal|p2a: Landorus|91\/100|[from] item: Leftovers\n|upkeep\n|turn|3\n|\n|t:|1664772973\n|move|p1a: Togekiss|Air Slash|p2a: Landorus\n|-damage|p2a: Landorus|58\/100\n|move|p2a: Landorus|U-turn|p1a: Togekiss\n|-resisted|p1a: Togekiss\n|-damage|p1a: Togekiss|21\/100\n|\n|t:|1664772976\n|switch|p2a: Zapdos|Zapdos|53\/100|[from]move: U-turn\n|\n|upkeep\n|turn|4\n|\n|t:|1664772983\n|switch|p1a: Nidoking|Nidoking, M|100\/100\n|move|p2a: Zapdos|Hurricane|p1a: Nidoking\n|-damage|p1a: Nidoking|43\/100\n|\n|upkeep\n|turn|5\n|\n|t:|1664772990\n|move|p2a: Zapdos|Hurricane|p1a: Nidoking\n|-damage|p1a: Nidoking|0 fnt\n|faint|p1a: Nidoking\n|\n|upkeep\n|\n|t:|1664772996\n|switch|p1a: Tapu Koko|Tapu Koko|100\/100\n|-fieldstart|move: Electric Terrain|[from] ability: Electric Surge|[of] p1a: Tapu Koko\n|turn|6\n|\n|t:|1664773000\n|switch|p2a: Landorus|Landorus-Therian, M|58\/100\n|-ability|p2a: Landorus|Intimidate|boost\n|-unboost|p1a: Tapu Koko|atk|1\n|move|p1a: Tapu Koko|U-turn|p2a: Landorus\n|-resisted|p2a: Landorus\n|-damage|p2a: Landorus|52\/100\n|\n|t:|1664773007\n|switch|p1a: Togekiss|Togekiss, F|21\/100|[from]move: U-turn\n|\n|-heal|p2a: Landorus|58\/100|[from] item: Leftovers\n|upkeep\n|turn|7\n|\n|t:|1664773016\n|switch|p2a: Zapdos|Zapdos|53\/100\n|move|p1a: Togekiss|Air Slash|p2a: Zapdos\n|-resisted|p2a: Zapdos\n|-damage|p2a: Zapdos|29\/100\n|\n|upkeep\n|turn|8\n|\n|t:|1664773022\n|switch|p1a: Tapu Koko|Tapu Koko|100\/100\n|move|p2a: Zapdos|Volt Switch|p1a: Tapu Koko\n|-resisted|p1a: Tapu Koko\n|-damage|p1a: Tapu Koko|73\/100\n|\n|t:|1664773026\n|switch|p2a: Melmetal|Melmetal|100\/100|[from]move: Volt Switch\n|\n|upkeep\n|turn|9\n|\n|t:|1664773032\n|move|p1a: Tapu Koko|U-turn|p2a: Melmetal\n|-resisted|p2a: Melmetal\n|-damage|p2a: Melmetal|95\/100\n|\n|t:|1664773035\n|switch|p1a: Heatran|Heatran, M|100\/100|[from]move: U-turn\n|move|p2a: Melmetal|Superpower|p1a: Heatran\n|-supereffective|p1a: Heatran\n|-damage|p1a: Heatran|0 fnt\n|-unboost|p2a: Melmetal|atk|1\n|-unboost|p2a: Melmetal|def|1\n|faint|p1a: Heatran\n|\n|upkeep\n|j| Cra3k\n|l| pocus pocus\n|j| WGJ\n|\n|t:|1664773046\n|switch|p1a: Togekiss|Togekiss, F|21\/100\n|turn|10\n|\n|t:|1664773053\n|switch|p2a: Volcanion|Volcanion|100\/100\n|move|p1a: Togekiss|Flamethrower|p2a: Volcanion\n|-resisted|p2a: Volcanion\n|-damage|p2a: Volcanion|91\/100\n|\n|-fieldend|move: Electric Terrain\n|upkeep\n|turn|11\n|\n|t:|1664773066\n|move|p2a: Volcanion|Steam Eruption|p1a: Togekiss\n|-damage|p1a: Togekiss|0 fnt\n|faint|p1a: Togekiss\n|\n|upkeep\n|\n|t:|1664773071\n|switch|p1a: Tapu Koko|Tapu Koko|73\/100\n|-fieldstart|move: Electric Terrain|[from] ability: Electric Surge|[of] p1a: Tapu Koko\n|turn|12\n|\n|t:|1664773076\n|switch|p2a: Landorus|Landorus-Therian, M|58\/100\n|-ability|p2a: Landorus|Intimidate|boost\n|-unboost|p1a: Tapu Koko|atk|1\n|move|p1a: Tapu Koko|Thunderbolt|p2a: Landorus\n|-immune|p2a: Landorus\n|\n|-heal|p2a: Landorus|64\/100|[from] item: Leftovers\n|upkeep\n|turn|13\n|\n|t:|1664773085\n|move|p1a: Tapu Koko|Dazzling Gleam|p2a: Landorus\n|-damage|p2a: Landorus|39\/100\n|move|p2a: Landorus|U-turn|p1a: Tapu Koko\n|-resisted|p1a: Tapu Koko\n|-damage|p1a: Tapu Koko|57\/100\n|\n|t:|1664773087\n|switch|p2a: Melmetal|Melmetal|95\/100|[from]move: U-turn\n|\n|upkeep\n|turn|14\n|\n|t:|1664773094\n|move|p1a: Tapu Koko|Thunderbolt|p2a: Melmetal\n|-damage|p2a: Melmetal|38\/100\n|move|p2a: Melmetal|Double Iron Bash|p1a: Tapu Koko\n|-damage|p1a: Tapu Koko|0 fnt\n|faint|p1a: Tapu Koko\n|-hitcount|p1: Tapu Koko|1\n|\n|upkeep\n|\n|t:|1664773102\n|switch|p1a: Rillaboom|Rillaboom, M|100\/100\n|-fieldstart|move: Grassy Terrain|[from] ability: Grassy Surge|[of] p1a: Rillaboom\n|turn|15\n|\n|t:|1664773107\n|switch|p2a: Zapdos|Zapdos|29\/100\n|move|p1a: Rillaboom|Drain Punch|p2a: Zapdos\n|-resisted|p2a: Zapdos\n|-damage|p2a: Zapdos|2\/100\n|\n|upkeep\n|turn|16\n|\n|t:|1664773113\n|move|p2a: Zapdos|Hurricane|p1a: Rillaboom\n|-supereffective|p1a: Rillaboom\n|-damage|p1a: Rillaboom|0 fnt\n|faint|p1a: Rillaboom\n|\n|upkeep\n|-message|grace_my_world forfeited.\n|\n|win|Machugen\n|raw|grace_my_world's rating: 1654 &rarr; <strong>1643<\/strong><br \/>(-11 for losing)\n|raw|Machugen's rating: 1816 &rarr; <strong>1827<\/strong><br \/>(+11 for winning)\n|l|\u2606grace_my_world\n","uploadtime":1664773121,"views":19,"p1id":"gracemyworld","p2id":"machugen","formatid":"gen8ou","rating":1643,"private":0,"password":null}