{"id":"gen8cap-1694161117","p1":"Bka Onon","p2":"Capital Cruiser","format":"gen8cap","log":"|j|\u2606Bka Onon\n|j|\u203dCapital Cruiser\n|t:|1666670433\n|gametype|singles\n|player|p1|Bka Onon|grace|1441\n|player|p2|Capital Cruiser|cheren-gen5bw2|1176\n|teamsize|p1|6\n|teamsize|p2|6\n|gen|8\n|tier|[Gen 8] CAP\n|rated|\n|rule|Sleep Clause Mod: Limit one foe put to sleep\n|rule|Species Clause: Limit one of each Pok\u00e9mon\n|rule|OHKO Clause: OHKO moves are banned\n|rule|Evasion Items Clause: Evasion items are banned\n|rule|Evasion Moves Clause: Evasion moves are banned\n|rule|Endless Battle Clause: Forcing endless battles is banned\n|rule|HP Percentage Mod: HP is shown in percentages\n|rule|Dynamax Clause: You cannot dynamax\n|clearpoke\n|poke|p1|Fidgit, M|\n|poke|p1|Conkeldurr, F|\n|poke|p1|Marowak-Alola, F|\n|poke|p1|Porygon2|\n|poke|p1|Necturna, F|\n|poke|p1|Revenankh, F|\n|poke|p2|Dragapult, M|\n|poke|p2|Jumbao, F|\n|poke|p2|Kitsunoh, M|\n|poke|p2|Heatran, M|\n|poke|p2|Mantine, F|\n|poke|p2|Urshifu-*, F|\n|teampreview\n|inactive|Battle timer is ON: inactive players will automatically lose when time's up. (requested by Capital Cruiser)\n|\n|t:|1666670446\n|start\n|switch|p1a: Fidgit|Fidgit, M|100\/100\n|switch|p2a: Urshifu|Urshifu-Rapid-Strike, F|100\/100\n|turn|1\n|\n|t:|1666670468\n|switch|p1a: Necturna|Necturna, F|100\/100\n|-activate|p1a: Necturna|ability: Forewarn|Close Combat|[of] p2a: Urshifu\n|move|p2a: Urshifu|Surging Strikes|p1a: Necturna\n|-resisted|p1a: Necturna\n|-crit|p1a: Necturna\n|-damage|p1a: Necturna|90\/100\n|-resisted|p1a: Necturna\n|-crit|p1a: Necturna\n|-damage|p1a: Necturna|79\/100\n|-resisted|p1a: Necturna\n|-crit|p1a: Necturna\n|-damage|p1a: Necturna|69\/100\n|-hitcount|p1a: Necturna|3\n|\n|upkeep\n|turn|2\n|\n|t:|1666670492\n|switch|p2a: Heatran|Heatran, M, shiny|100\/100\n|move|p1a: Necturna|Power Whip|p2a: Heatran\n|-resisted|p2a: Heatran\n|-damage|p2a: Heatran|83\/100\n|-damage|p1a: Necturna|59\/100|[from] item: Life Orb\n|\n|-heal|p2a: Heatran|89\/100|[from] item: Leftovers\n|upkeep\n|turn|3\n|\n|t:|1666670500\n|switch|p1a: Porygon2|Porygon2|100\/100\n|-ability|p1a: Porygon2|Flash Fire|[from] ability: Trace|[of] p2a: Heatran\n|move|p2a: Heatran|Stealth Rock|p1a: Porygon2\n|-sidestart|p1: Bka Onon|move: Stealth Rock\n|\n|-heal|p2a: Heatran|95\/100|[from] item: Leftovers\n|upkeep\n|turn|4\n|\n|t:|1666670503\n|move|p2a: Heatran|Toxic|p1a: Porygon2\n|-status|p1a: Porygon2|tox\n|move|p1a: Porygon2|Trick Room|p1a: Porygon2\n|-fieldstart|move: Trick Room|[of] p1a: Porygon2\n|\n|-heal|p2a: Heatran|100\/100|[from] item: Leftovers\n|-damage|p1a: Porygon2|94\/100 tox|[from] psn\n|upkeep\n|turn|5\n|\n|t:|1666670507\n|move|p1a: Porygon2|Teleport|p1a: Porygon2\n|\n|t:|1666670512\n|switch|p1a: Necturna|Necturna, F|59\/100|[from]move: Teleport\n|-damage|p1a: Necturna|47\/100|[from] Stealth Rock\n|-activate|p1a: Necturna|ability: Forewarn|Lava Plume|[of] p2a: Heatran\n|move|p2a: Heatran|Roar|p1a: Necturna\n|drag|p1a: Fidgit|Fidgit, M|100\/100\n|-damage|p1a: Fidgit|94\/100|[from] Stealth Rock\n|\n|upkeep\n|turn|6\n|\n|t:|1666670518\n|switch|p2a: Mantine|Mantine, F, shiny|100\/100\n|move|p1a: Fidgit|Rapid Spin|p2a: Mantine\n|-damage|p2a: Mantine|93\/100\n|-boost|p1a: Fidgit|spe|1\n|-sideend|p1: Bka Onon|Stealth Rock|[from] move: Rapid Spin|[of] p1a: Fidgit\n|\n|upkeep\n|turn|7\n|\n|t:|1666670529\n|switch|p2a: Jumbao|Jumbao, F, shiny|100\/100\n|-ability|p2a: Jumbao|Persistent|[from] ability: Trace|[of] p1a: Fidgit\n|switch|p1a: Conkeldurr|Conkeldurr, F|100\/100\n|\n|-status|p1a: Conkeldurr|brn|[from] item: Flame Orb\n|upkeep\n|turn|8\n|\n|t:|1666670540\n|move|p1a: Conkeldurr|Facade|p2a: Jumbao\n|-damage|p2a: Jumbao|25\/100\n|move|p2a: Jumbao|Moonblast|p1a: Conkeldurr\n|-supereffective|p1a: Conkeldurr\n|-damage|p1a: Conkeldurr|0 fnt\n|faint|p1a: Conkeldurr\n|\n|-fieldend|move: Trick Room\n|upkeep\n|\n|t:|1666670545\n|switch|p1a: Fidgit|Fidgit, M|94\/100\n|turn|9\n|\n|t:|1666670549\n|move|p2a: Jumbao|Shore Up|p2a: Jumbao\n|-heal|p2a: Jumbao|74\/100\n|move|p1a: Fidgit|Trick Room|p1a: Fidgit\n|-activate|p1a: Fidgit|ability: Persistent|p1a: Fidgit\n|-fieldstart|move: Trick Room|[of] p1a: Fidgit\n|\n|upkeep\n|turn|10\n|\n|t:|1666670563\n|switch|p1a: Marowak|Marowak-Alola, F|100\/100\n|switch|p2a: Mantine|Mantine, F, shiny|93\/100\n|\n|upkeep\n|turn|11\n|\n|t:|1666670568\n|move|p1a: Marowak|Thunder Punch|p2a: Mantine\n|-supereffective|p2a: Mantine\n|-damage|p2a: Mantine|0 fnt\n|faint|p2a: Mantine\n|\n|upkeep\n|\n|t:|1666670577\n|switch|p2a: Urshifu|Urshifu-Rapid-Strike, F|100\/100\n|turn|12\n|\n|t:|1666670605\n|switch|p1a: Necturna|Necturna, F|47\/100\n|-activate|p1a: Necturna|ability: Forewarn|Close Combat|[of] p2a: Urshifu\n|move|p2a: Urshifu|Surging Strikes|p1a: Necturna\n|-resisted|p1a: Necturna\n|-crit|p1a: Necturna\n|-damage|p1a: Necturna|38\/100\n|-resisted|p1a: Necturna\n|-crit|p1a: Necturna\n|-damage|p1a: Necturna|27\/100\n|-resisted|p1a: Necturna\n|-crit|p1a: Necturna\n|-damage|p1a: Necturna|18\/100\n|-hitcount|p1a: Necturna|3\n|\n|upkeep\n|turn|13\n|\n|t:|1666670620\n|switch|p2a: Jumbao|Jumbao, F, shiny|74\/100\n|-ability|p2a: Jumbao|Forewarn|[from] ability: Trace|[of] p1a: Necturna\n|-activate|p2a: Jumbao|ability: Forewarn|Power Whip|[of] p1a: Necturna\n|move|p1a: Necturna|Shadow Claw|p2a: Jumbao\n|-damage|p2a: Jumbao|34\/100\n|-damage|p1a: Necturna|8\/100|[from] item: Life Orb\n|\n|upkeep\n|turn|14\n|\n|t:|1666670636\n|switch|p2a: Heatran|Heatran, M, shiny|100\/100\n|move|p1a: Necturna|Shadow Claw|p2a: Heatran\n|-damage|p2a: Heatran|58\/100\n|-damage|p1a: Necturna|0 fnt|[from] item: Life Orb\n|faint|p1a: Necturna\n|\n|-heal|p2a: Heatran|64\/100|[from] item: Leftovers\n|upkeep\n|\n|t:|1666670640\n|switch|p1a: Revenankh|Revenankh, F|100\/100\n|turn|15\n|\n|t:|1666670646\n|move|p1a: Revenankh|Bulk Up|p1a: Revenankh\n|-boost|p1a: Revenankh|atk|1\n|-boost|p1a: Revenankh|def|1\n|move|p2a: Heatran|Roar|p1a: Revenankh\n|drag|p1a: Porygon2|Porygon2|94\/100 tox\n|-ability|p1a: Porygon2|Flash Fire|[from] ability: Trace|[of] p2a: Heatran\n|\n|-heal|p2a: Heatran|70\/100|[from] item: Leftovers\n|-damage|p1a: Porygon2|88\/100 tox|[from] psn\n|-fieldend|move: Trick Room\n|upkeep\n|turn|16\n|\n|t:|1666670654\n|move|p2a: Heatran|Stealth Rock|p1a: Porygon2\n|-sidestart|p1: Bka Onon|move: Stealth Rock\n|move|p1a: Porygon2|Trick Room|p1a: Porygon2\n|-fieldstart|move: Trick Room|[of] p1a: Porygon2\n|\n|-heal|p2a: Heatran|77\/100|[from] item: Leftovers\n|-damage|p1a: Porygon2|76\/100 tox|[from] psn\n|upkeep\n|turn|17\n|\n|t:|1666670668\n|switch|p2a: Jumbao|Jumbao, F, shiny|34\/100\n|-ability|p2a: Jumbao|Flash Fire|[from] ability: Trace|[of] p1a: Porygon2\n|move|p1a: Porygon2|Recover|p1a: Porygon2\n|-heal|p1a: Porygon2|100\/100 tox\n|\n|-damage|p1a: Porygon2|82\/100 tox|[from] psn\n|upkeep\n|turn|18\n|\n|t:|1666670674\n|switch|p2a: Urshifu|Urshifu-Rapid-Strike, F|100\/100\n|move|p1a: Porygon2|Teleport|p1a: Porygon2\n|\n|t:|1666670679\n|switch|p1a: Revenankh|Revenankh, F|100\/100|[from]move: Teleport\n|-damage|p1a: Revenankh|94\/100|[from] Stealth Rock\n|\n|upkeep\n|turn|19\n|\n|t:|1666670690\n|move|p1a: Revenankh|Power Whip|p2a: Urshifu\n|-supereffective|p2a: Urshifu\n|-damage|p2a: Urshifu|26\/100\n|move|p2a: Urshifu|Surging Strikes|p1a: Revenankh\n|-crit|p1a: Revenankh\n|-damage|p1a: Revenankh|76\/100\n|-crit|p1a: Revenankh\n|-damage|p1a: Revenankh|56\/100\n|-crit|p1a: Revenankh\n|-damage|p1a: Revenankh|38\/100\n|-hitcount|p1a: Revenankh|3\n|\n|upkeep\n|turn|20\n|\n|t:|1666670701\n|switch|p2a: Kitsunoh|Kitsunoh, M, shiny|100\/100\n|move|p1a: Revenankh|Drain Punch|p2a: Kitsunoh\n|-immune|p2a: Kitsunoh\n|\n|-fieldend|move: Trick Room\n|upkeep\n|turn|21\n|\n|t:|1666670709\n|switch|p1a: Porygon2|Porygon2|82\/100 tox\n|-damage|p1a: Porygon2|70\/100 tox|[from] Stealth Rock\n|-ability|p1a: Porygon2|Limber|[from] ability: Trace|[of] p2a: Kitsunoh\n|move|p2a: Kitsunoh|Shadow Strike|p1a: Porygon2\n|-immune|p1a: Porygon2\n|\n|-damage|p1a: Porygon2|64\/100 tox|[from] psn\n|upkeep\n|turn|22\n|\n|t:|1666670713\n|move|p2a: Kitsunoh|Close Combat|p1a: Porygon2\n|-supereffective|p1a: Porygon2\n|-damage|p1a: Porygon2|15\/100 tox\n|-unboost|p2a: Kitsunoh|def|1\n|-unboost|p2a: Kitsunoh|spd|1\n|move|p1a: Porygon2|Trick Room|p1a: Porygon2\n|-fieldstart|move: Trick Room|[of] p1a: Porygon2\n|\n|-damage|p1a: Porygon2|3\/100 tox|[from] psn\n|upkeep\n|turn|23\n|\n|t:|1666670721\n|move|p2a: Kitsunoh|Shadow Strike|p1a: Porygon2\n|-immune|p1a: Porygon2\n|move|p1a: Porygon2|Teleport|p1a: Porygon2\n|\n|t:|1666670737\n|switch|p1a: Revenankh|Revenankh, F|38\/100|[from]move: Teleport\n|-damage|p1a: Revenankh|32\/100|[from] Stealth Rock\n|\n|upkeep\n|turn|24\n|\n|t:|1666670744\n|move|p2a: Kitsunoh|Shadow Sneak|p1a: Revenankh\n|-supereffective|p1a: Revenankh\n|-damage|p1a: Revenankh|0 fnt\n|faint|p1a: Revenankh\n|\n|upkeep\n|\n|t:|1666670747\n|switch|p1a: Marowak|Marowak-Alola, F|100\/100\n|-damage|p1a: Marowak|76\/100|[from] Stealth Rock\n|turn|25\n|\n|t:|1666670754\n|switch|p2a: Jumbao|Jumbao, F, shiny|34\/100\n|-ability|p2a: Jumbao|Rock Head|[from] ability: Trace|[of] p1a: Marowak\n|move|p1a: Marowak|Shadow Bone|p2a: Jumbao\n|-damage|p2a: Jumbao|0 fnt\n|faint|p2a: Jumbao\n|\n|upkeep\n|\n|t:|1666670769\n|switch|p2a: Dragapult|Dragapult, M, shiny|100\/100\n|turn|26\n|inactive|Bka Onon has 120 seconds left.\n|\n|t:|1666670803\n|move|p1a: Marowak|Shadow Bone|p2a: Dragapult\n|-supereffective|p2a: Dragapult\n|-damage|p2a: Dragapult|0 fnt\n|faint|p2a: Dragapult\n|\n|-fieldend|move: Trick Room\n|upkeep\n|\n|t:|1666670807\n|switch|p2a: Urshifu|Urshifu-Rapid-Strike, F|26\/100\n|turn|27\n|\n|t:|1666670811\n|switch|p1a: Porygon2|Porygon2|3\/100 tox\n|-damage|p1a: Porygon2|0 fnt|[from] Stealth Rock\n|faint|p1a: Porygon2\n|move|p2a: Urshifu|Surging Strikes|p1: Porygon2|[notarget]\n|-fail|p2a: Urshifu\n|\n|upkeep\n|\n|t:|1666670812\n|switch|p1a: Fidgit|Fidgit, M|94\/100\n|-damage|p1a: Fidgit|88\/100|[from] Stealth Rock\n|turn|28\n|\n|t:|1666670817\n|move|p2a: Urshifu|Surging Strikes|p1a: Fidgit\n|-supereffective|p1a: Fidgit\n|-crit|p1a: Fidgit\n|-damage|p1a: Fidgit|65\/100\n|-supereffective|p1a: Fidgit\n|-crit|p1a: Fidgit\n|-damage|p1a: Fidgit|41\/100\n|-supereffective|p1a: Fidgit\n|-crit|p1a: Fidgit\n|-damage|p1a: Fidgit|17\/100\n|-hitcount|p1a: Fidgit|3\n|move|p1a: Fidgit|Trick Room|p1a: Fidgit\n|-activate|p1a: Fidgit|ability: Persistent|p1a: Fidgit\n|-fieldstart|move: Trick Room|[of] p1a: Fidgit\n|\n|upkeep\n|turn|29\n|\n|t:|1666670829\n|switch|p2a: Kitsunoh|Kitsunoh, M, shiny|100\/100\n|move|p1a: Fidgit|Self-Destruct|p2a: Kitsunoh\n|-immune|p2a: Kitsunoh\n|faint|p1a: Fidgit\n|\n|upkeep\n|\n|t:|1666670831\n|switch|p1a: Marowak|Marowak-Alola, F|76\/100\n|-damage|p1a: Marowak|51\/100|[from] Stealth Rock\n|turn|30\n|\n|t:|1666670844\n|switch|p2a: Heatran|Heatran, M, shiny|77\/100\n|move|p1a: Marowak|Shadow Bone|p2a: Heatran\n|-damage|p2a: Heatran|13\/100\n|-unboost|p2a: Heatran|def|1\n|\n|-heal|p2a: Heatran|19\/100|[from] item: Leftovers\n|upkeep\n|turn|31\n|\n|t:|1666670849\n|move|p1a: Marowak|Shadow Bone|p2a: Heatran\n|-damage|p2a: Heatran|0 fnt\n|faint|p2a: Heatran\n|\n|upkeep\n|\n|t:|1666670854\n|switch|p2a: Urshifu|Urshifu-Rapid-Strike, F|26\/100\n|turn|32\n|\n|t:|1666670857\n|move|p1a: Marowak|Shadow Bone|p2a: Urshifu\n|-damage|p2a: Urshifu|0 fnt\n|faint|p2a: Urshifu\n|\n|upkeep\n|\n|t:|1666670860\n|switch|p2a: Kitsunoh|Kitsunoh, M, shiny|100\/100\n|turn|33\n|\n|t:|1666670864\n|move|p2a: Kitsunoh|Shadow Sneak|p1a: Marowak\n|-supereffective|p1a: Marowak\n|-damage|p1a: Marowak|12\/100\n|move|p1a: Marowak|Flare Blitz|p2a: Kitsunoh\n|-supereffective|p2a: Kitsunoh\n|-damage|p2a: Kitsunoh|0 fnt\n|faint|p2a: Kitsunoh\n|\n|win|Bka Onon\n|raw|Bka Onon's rating: 1416 &rarr; <strong>1423<\/strong><br \/>(+7 for winning)\n|raw|Capital Cruiser's rating: 1155 &rarr; <strong>1146<\/strong><br \/>(-9 for losing)\n|l|\u203dCapital Cruiser\n|c|\u2606Bka Onon|gg\n","uploadtime":1666670870,"views":5,"p1id":"bkaonon","p2id":"capitalcruiser","formatid":"gen8cap","rating":1146,"private":0,"password":null}