{"id":"gen8ou-1574839731","p1":"Libaa","p2":"SKIP THE DRIP","format":"gen8ou","log":"|j|\u2606Libaa\n|j|\u2606SKIP THE DRIP\n|t:|1652553171\n|gametype|singles\n|player|p1|Libaa|bianca-pwt|1710\n|player|p2|SKIP THE DRIP|acerola|1919\n|teamsize|p1|6\n|teamsize|p2|6\n|gen|8\n|tier|[Gen 8] OU\n|rated|\n|rule|Sleep Clause Mod: Limit one foe put to sleep\n|rule|Species Clause: Limit one of each Pok\u00e9mon\n|rule|OHKO Clause: OHKO moves are banned\n|rule|Evasion Moves Clause: Evasion moves are banned\n|rule|Endless Battle Clause: Forcing endless battles is banned\n|rule|HP Percentage Mod: HP is shown in percentages\n|rule|Dynamax Clause: You cannot dynamax\n|clearpoke\n|poke|p1|Hatterene, F|\n|poke|p1|Volcanion|\n|poke|p1|Landorus-Therian, M|\n|poke|p1|Ferrothorn, M|\n|poke|p1|Toxapex, F|\n|poke|p1|Dragapult, F|\n|poke|p2|Kommo-o, F|\n|poke|p2|Mew|\n|poke|p2|Slurpuff, F|\n|poke|p2|Tapu Fini|\n|poke|p2|Vanilluxe, M|\n|poke|p2|Corviknight, F|\n|teampreview\n|inactive|Battle timer is ON: inactive players will automatically lose when time's up. (requested by SKIP THE DRIP)\n|\n|t:|1652553195\n|start\n|switch|p1a: Sp\u00e6rm kanon|Dragapult, F|100\/100\n|switch|p2a: Slurpuff|Slurpuff, F, shiny|100\/100\n|turn|1\n|\n|t:|1652553198\n|move|p1a: Sp\u00e6rm kanon|U-turn|p2a: Slurpuff\n|-resisted|p2a: Slurpuff\n|-damage|p2a: Slurpuff|92\/100\n|\n|t:|1652553199\n|switch|p1a: Femboy Libra|Hatterene, F|100\/100|[from]move: U-turn\n|move|p2a: Slurpuff|Sticky Web|p1a: Femboy Libra\n|move|p1a: Femboy Libra|Sticky Web|p2a: Slurpuff|[from]ability: Magic Bounce\n|-sidestart|p2: SKIP THE DRIP|move: Sticky Web\n|\n|upkeep\n|turn|2\n|j| gerald.jones061\n|\n|t:|1652553205\n|move|p2a: Slurpuff|Sticky Web|p1a: Femboy Libra\n|move|p1a: Femboy Libra|Sticky Web||[from]ability: Magic Bounce|[still]\n|-fail|p1a: Femboy Libra\n|move|p1a: Femboy Libra|Calm Mind|p1a: Femboy Libra\n|-boost|p1a: Femboy Libra|spa|1\n|-boost|p1a: Femboy Libra|spd|1\n|\n|upkeep\n|turn|3\n|\n|t:|1652553215\n|switch|p2a: Vanilluxe|Vanilluxe, M|100\/100\n|-activate|p2a: Vanilluxe|move: Sticky Web\n|-unboost|p2a: Vanilluxe|spe|1\n|-weather|Hail|[from] ability: Snow Warning|[of] p2a: Vanilluxe\n|move|p1a: Femboy Libra|Psyshock|p2a: Vanilluxe\n|-damage|p2a: Vanilluxe|28\/100\n|\n|-weather|Hail|[upkeep]\n|-damage|p1a: Femboy Libra|94\/100|[from] Hail\n|-heal|p1a: Femboy Libra|100\/100|[from] item: Leftovers\n|upkeep\n|turn|4\n|\n|t:|1652553219\n|move|p2a: Vanilluxe|Aurora Veil|p2a: Vanilluxe\n|-sidestart|p2: SKIP THE DRIP|move: Aurora Veil\n|move|p1a: Femboy Libra|Draining Kiss|p2a: Vanilluxe\n|-damage|p2a: Vanilluxe|5\/100\n|\n|-weather|Hail|[upkeep]\n|-damage|p1a: Femboy Libra|94\/100|[from] Hail\n|-heal|p1a: Femboy Libra|100\/100|[from] item: Leftovers\n|upkeep\n|turn|5\n|\n|t:|1652553222\n|move|p2a: Vanilluxe|Explosion|p1a: Femboy Libra\n|-damage|p1a: Femboy Libra|57\/100\n|faint|p2a: Vanilluxe\n|move|p1a: Femboy Libra|Calm Mind|p1a: Femboy Libra\n|-boost|p1a: Femboy Libra|spa|1\n|-boost|p1a: Femboy Libra|spd|1\n|\n|-weather|Hail|[upkeep]\n|-damage|p1a: Femboy Libra|51\/100|[from] Hail\n|-heal|p1a: Femboy Libra|57\/100|[from] item: Leftovers\n|upkeep\n|\n|t:|1652553224\n|switch|p2a: Corviknight|Corviknight, F|100\/100\n|-ability|p2a: Corviknight|Pressure\n|turn|6\n|\n|t:|1652553227\n|move|p2a: Corviknight|Agility|p2a: Corviknight\n|-boost|p2a: Corviknight|spe|2\n|move|p1a: Femboy Libra|Draining Kiss|p2a: Corviknight\n|-resisted|p2a: Corviknight\n|-damage|p2a: Corviknight|92\/100\n|-heal|p1a: Femboy Libra|66\/100|[from] drain|[of] p2a: Corviknight\n|\n|-weather|Hail|[upkeep]\n|-damage|p2a: Corviknight|85\/100|[from] Hail\n|-damage|p1a: Femboy Libra|60\/100|[from] Hail\n|-heal|p1a: Femboy Libra|66\/100|[from] item: Leftovers\n|upkeep\n|turn|7\n|\n|t:|1652553232\n|switch|p1a: Ur mom|Toxapex, F|100\/100\n|move|p2a: Corviknight|Bulk Up|p2a: Corviknight\n|-boost|p2a: Corviknight|atk|1\n|-boost|p2a: Corviknight|def|1\n|\n|-weather|none\n|upkeep\n|turn|8\n|j| Pangominho\n|\n|t:|1652553249\n|switch|p2a: Mew|Mew|100\/100\n|-activate|p2a: Mew|move: Sticky Web\n|-unboost|p2a: Mew|spe|1\n|move|p1a: Ur mom|Haze|p1a: Ur mom\n|-clearallboost\n|\n|upkeep\n|turn|9\n|\n|t:|1652553254\n|switch|p1a: Sp\u00e6rm kanon|Dragapult, F|100\/100\n|move|p2a: Mew|Cosmic Power|p2a: Mew\n|-boost|p2a: Mew|def|1\n|-boost|p2a: Mew|spd|1\n|\n|upkeep\n|turn|10\n|\n|t:|1652553258\n|switch|p1a: Ur mom|Toxapex, F|100\/100\n|move|p2a: Mew|Stored Power|p1a: Ur mom\n|-supereffective|p1a: Ur mom\n|-damage|p1a: Ur mom|66\/100\n|\n|upkeep\n|turn|11\n|\n|t:|1652553260\n|move|p2a: Mew|Taunt|p1a: Ur mom\n|-start|p1a: Ur mom|move: Taunt\n|cant|p1a: Ur mom|move: Taunt|Haze\n|\n|-sideend|p2: SKIP THE DRIP|move: Aurora Veil\n|upkeep\n|turn|12\n|j| idgasab\n|\n|t:|1652553265\n|switch|p1a: Sp\u00e6rm kanon|Dragapult, F|100\/100\n|move|p2a: Mew|Cosmic Power|p2a: Mew\n|-boost|p2a: Mew|def|1\n|-boost|p2a: Mew|spd|1\n|\n|upkeep\n|turn|13\n|\n|t:|1652553268\n|move|p1a: Sp\u00e6rm kanon|Shadow Ball|p2a: Mew\n|-supereffective|p2a: Mew\n|-damage|p2a: Mew|57\/100\n|-enditem|p2a: Mew|Weakness Policy\n|-boost|p2a: Mew|atk|2|[from] item: Weakness Policy\n|-boost|p2a: Mew|spa|2|[from] item: Weakness Policy\n|move|p2a: Mew|Stored Power|p1a: Sp\u00e6rm kanon\n|-damage|p1a: Sp\u00e6rm kanon|0 fnt\n|faint|p1a: Sp\u00e6rm kanon\n|\n|upkeep\n|j| Icey986472\n|\n|t:|1652553276\n|switch|p1a: Spiki boi|Ferrothorn, M|100\/100\n|turn|14\n|\n|t:|1652553279\n|move|p2a: Mew|Taunt|p1a: Spiki boi\n|-start|p1a: Spiki boi|move: Taunt\n|move|p1a: Spiki boi|Knock Off|p2a: Mew\n|-supereffective|p2a: Mew\n|-damage|p2a: Mew|44\/100\n|\n|upkeep\n|turn|15\n|\n|t:|1652553281\n|move|p2a: Mew|Soft-Boiled|p2a: Mew\n|-heal|p2a: Mew|94\/100\n|move|p1a: Spiki boi|Knock Off|p2a: Mew\n|-supereffective|p2a: Mew\n|-damage|p2a: Mew|83\/100\n|\n|upkeep\n|turn|16\n|\n|t:|1652553285\n|switch|p1a: Literally OU|Landorus-Therian, M|100\/100\n|-ability|p1a: Literally OU|Intimidate|boost\n|-unboost|p2a: Mew|atk|1\n|move|p2a: Mew|Cosmic Power|p2a: Mew\n|-boost|p2a: Mew|def|1\n|-boost|p2a: Mew|spd|1\n|\n|upkeep\n|turn|17\n|\n|t:|1652553287\n|move|p2a: Mew|Taunt|p1a: Literally OU\n|-start|p1a: Literally OU|move: Taunt\n|cant|p1a: Literally OU|move: Taunt|Toxic\n|\n|upkeep\n|turn|18\n|\n|t:|1652553289\n|move|p2a: Mew|Stored Power|p1a: Literally OU\n|-damage|p1a: Literally OU|0 fnt\n|faint|p1a: Literally OU\n|\n|upkeep\n|-message|Libaa forfeited.\n|\n|win|SKIP THE DRIP\n|raw|Libaa's rating: 1710 &rarr; <strong>1701<\/strong><br \/>(-9 for losing)\n|raw|SKIP THE DRIP's rating: 1919 &rarr; <strong>1928<\/strong><br \/>(+9 for winning)\n|l|\u2606Libaa\n|l|\u2606SKIP THE DRIP\n","uploadtime":1652553310,"views":40,"p1id":"libaa","p2id":"skipthedrip","formatid":"gen8ou","rating":1701,"private":0,"password":null}