{"id":"gen8nationaldex-1626034326","p1":"111ace111","p2":"FleetFoxxx","format":"gen8nationaldex","log":"|j|\u2606111ace111\n|j|\u2606FleetFoxxx\n|t:|1658884895\n|gametype|singles\n|player|p1|111ace111|shadowtriad|\n|player|p2|FleetFoxxx|flannery|\n|teamsize|p1|6\n|teamsize|p2|6\n|gen|8\n|tier|[Gen 8] National Dex\n|rule|HP Percentage Mod: HP is shown in percentages\n|rule|Endless Battle Clause: Forcing endless battles is banned\n|rule|OHKO Clause: OHKO moves are banned\n|rule|Evasion Moves Clause: Evasion moves are banned\n|rule|Species Clause: Limit one of each Pok\u00e9mon\n|rule|Dynamax Clause: You cannot dynamax\n|rule|Sleep Clause Mod: Limit one foe put to sleep\n|clearpoke\n|poke|p1|Lucario, M|\n|poke|p1|Starmie|\n|poke|p1|Donphan, M|\n|poke|p1|Vikavolt, M|\n|poke|p1|Wigglytuff, F|\n|poke|p1|Carbink|\n|poke|p2|Galvantula, M|\n|poke|p2|Banette, M|\n|poke|p2|Whimsicott, F|\n|poke|p2|Runerigus, F|\n|poke|p2|Bisharp, M|\n|poke|p2|Coalossal, M|\n|teampreview\n|c|\u2606FleetFoxxx|ok lets send the thing\n|c|\u2606FleetFoxxx|i always forget to do that\n|j| DoomCow33\n|j| DerpyDots\n|c| DoomCow33|wooo lets go all 3 ace mons i picked cuz i waited unitl the end of the week to pick fantasy mons WOOO\n|c|\u2606111ace111|glhf\n|c|\u2606FleetFoxxx|gl hf\n|j| johngalt149\n|\n|t:|1658885042\n|start\n|switch|p1a: Bluemoon|Carbink|100\/100\n|switch|p2a: Runerigus|Runerigus, F|100\/100\n|turn|1\n|\n|t:|1658885059\n|switch|p1a: Plasma cannon|Vikavolt, M|100\/100\n|move|p2a: Runerigus|Toxic Spikes|p1a: Plasma cannon\n|-sidestart|p1: 111ace111|move: Toxic Spikes\n|\n|upkeep\n|turn|2\n|\n|t:|1658885068\n|switch|p2a: Coalossal|Coalossal, M|100\/100\n|-item|p2a: Coalossal|Air Balloon\n|move|p1a: Plasma cannon|Energy Ball|p2a: Coalossal\n|-damage|p2a: Coalossal|68\/100\n|-enditem|p2a: Coalossal|Air Balloon\n|\n|upkeep\n|turn|3\n|\n|t:|1658885090\n|switch|p1a: Shuriken|Starmie|100\/100\n|move|p2a: Coalossal|Stealth Rock|p1a: Shuriken\n|-sidestart|p1: 111ace111|move: Stealth Rock\n|\n|upkeep\n|turn|4\n|\n|t:|1658885133\n|move|p1a: Shuriken|Rapid Spin|p2a: Coalossal\n|-resisted|p2a: Coalossal\n|-damage|p2a: Coalossal|66\/100\n|-boost|p1a: Shuriken|spe|1\n|-sideend|p1: 111ace111|Toxic Spikes|[from] move: Rapid Spin|[of] p1a: Shuriken\n|-sideend|p1: 111ace111|Stealth Rock|[from] move: Rapid Spin|[of] p1a: Shuriken\n|move|p2a: Coalossal|Stealth Rock|p1a: Shuriken\n|-sidestart|p1: 111ace111|move: Stealth Rock\n|\n|upkeep\n|turn|5\n|\n|t:|1658885159\n|switch|p2a: Whimsicott|Whimsicott, F|100\/100\n|move|p1a: Shuriken|Hydro Pump|p2a: Whimsicott\n|-resisted|p2a: Whimsicott\n|-damage|p2a: Whimsicott|64\/100\n|\n|upkeep\n|turn|6\n|\n|t:|1658885172\n|switch|p2a: Coalossal|Coalossal, M|66\/100\n|move|p1a: Shuriken|Ice Beam|p2a: Coalossal\n|-resisted|p2a: Coalossal\n|-damage|p2a: Coalossal|54\/100\n|\n|upkeep\n|turn|7\n|\n|t:|1658885178\n|move|p1a: Shuriken|Hydro Pump|p2a: Coalossal\n|-supereffective|p2a: Coalossal\n|-damage|p2a: Coalossal|0 fnt\n|faint|p2a: Coalossal\n|\n|upkeep\n|\n|t:|1658885204\n|switch|p2a: Bisharp|Bisharp, M|100\/100\n|turn|8\n|\n|t:|1658885206\n|switch|p1a: Aura|Lucario, M|100\/100\n|-damage|p1a: Aura|98\/100|[from] Stealth Rock\n|move|p2a: Bisharp|Knock Off|p1a: Aura\n|-resisted|p1a: Aura\n|-crit|p1a: Aura\n|-damage|p1a: Aura|45\/100\n|-damage|p2a: Bisharp|91\/100|[from] item: Life Orb\n|\n|upkeep\n|turn|9\n|\n|t:|1658885213\n|switch|p2a: Runerigus|Runerigus, F|100\/100\n|move|p1a: Aura|Vacuum Wave|p2a: Runerigus\n|-immune|p2a: Runerigus\n|\n|upkeep\n|turn|10\n|j| Burrahobbit\n|\n|t:|1658885224\n|switch|p1a: Plasma cannon|Vikavolt, M|100\/100\n|move|p2a: Runerigus|Poltergeist|p1a: Plasma cannon\n|-activate|p1a: Plasma cannon|move: Poltergeist|Heavy-Duty Boots\n|-damage|p1a: Plasma cannon|65\/100\n|\n|upkeep\n|turn|11\n|\n|t:|1658885243\n|move|p1a: Plasma cannon|Roost|p1a: Plasma cannon\n|-heal|p1a: Plasma cannon|100\/100\n|-singleturn|p1a: Plasma cannon|move: Roost\n|move|p2a: Runerigus|Poltergeist|p1a: Plasma cannon\n|-activate|p1a: Plasma cannon|move: Poltergeist|Heavy-Duty Boots\n|-damage|p1a: Plasma cannon|62\/100\n|\n|upkeep\n|turn|12\n|\n|t:|1658885252\n|move|p1a: Plasma cannon|Energy Ball|p2a: Runerigus\n|-supereffective|p2a: Runerigus\n|-damage|p2a: Runerigus|37\/100\n|move|p2a: Runerigus|Toxic Spikes|p1a: Plasma cannon\n|-sidestart|p1: 111ace111|move: Toxic Spikes\n|\n|-heal|p2a: Runerigus|43\/100|[from] item: Leftovers\n|upkeep\n|turn|13\n|\n|t:|1658885257\n|switch|p2a: Whimsicott|Whimsicott, F|64\/100\n|move|p1a: Plasma cannon|Energy Ball|p2a: Whimsicott\n|-resisted|p2a: Whimsicott\n|-damage|p2a: Whimsicott|34\/100\n|\n|upkeep\n|turn|14\n|\n|t:|1658885265\n|-zpower|p2a: Whimsicott\n|move|p2a: Whimsicott|Supersonic Skystrike|p1a: Plasma cannon|[zeffect]\n|-damage|p1a: Plasma cannon|6\/100\n|move|p1a: Plasma cannon|Bug Buzz|p2a: Whimsicott\n|-damage|p2a: Whimsicott|0 fnt\n|faint|p2a: Whimsicott\n|\n|upkeep\n|\n|t:|1658885269\n|switch|p2a: Galvantula|Galvantula, M|100\/100\n|turn|15\n|\n|t:|1658885281\n|move|p2a: Galvantula|Bug Buzz|p1a: Plasma cannon\n|-damage|p1a: Plasma cannon|0 fnt\n|faint|p1a: Plasma cannon\n|\n|upkeep\n|\n|t:|1658885324\n|switch|p1a: Bluemoon|Carbink|100\/100\n|-damage|p1a: Bluemoon|88\/100|[from] Stealth Rock\n|-status|p1a: Bluemoon|psn\n|turn|16\n|j| Bugsileus\n|\n|t:|1658885349\n|switch|p2a: Bisharp|Bisharp, M|91\/100\n|move|p1a: Bluemoon|Stealth Rock|p2a: Bisharp\n|-sidestart|p2: FleetFoxxx|move: Stealth Rock\n|\n|-damage|p1a: Bluemoon|76\/100 psn|[from] psn\n|upkeep\n|turn|17\n|\n|t:|1658885451\n|move|p2a: Bisharp|Iron Head|p1a: Bluemoon\n|-supereffective|p1a: Bluemoon\n|-damage|p1a: Bluemoon|0 fnt\n|faint|p1a: Bluemoon\n|-damage|p2a: Bisharp|81\/100|[from] item: Life Orb\n|\n|upkeep\n|\n|t:|1658885452\n|switch|p1a: Aura|Lucario, M|45\/100\n|-damage|p1a: Aura|42\/100|[from] Stealth Rock\n|turn|18\n|\n|t:|1658885463\n|switch|p2a: Runerigus|Runerigus, F|43\/100\n|-damage|p2a: Runerigus|37\/100|[from] Stealth Rock\n|move|p1a: Aura|Vacuum Wave|p2a: Runerigus\n|-immune|p2a: Runerigus\n|\n|-heal|p2a: Runerigus|43\/100|[from] item: Leftovers\n|upkeep\n|turn|19\n|\n|t:|1658885472\n|-zpower|p1a: Aura\n|move|p1a: Aura|Corkscrew Crash|p2a: Runerigus|[zeffect]\n|-damage|p2a: Runerigus|0 fnt\n|faint|p2a: Runerigus\n|\n|upkeep\n|\n|t:|1658885485\n|switch|p2a: Galvantula|Galvantula, M|100\/100\n|turn|20\n|\n|t:|1658885531\n|switch|p1a: Stampede|Donphan, M, shiny|100\/100\n|-damage|p1a: Stampede|94\/100|[from] Stealth Rock\n|-status|p1a: Stampede|psn\n|move|p2a: Galvantula|Thunder|p1a: Stampede\n|-immune|p1a: Stampede\n|\n|-heal|p1a: Stampede|100\/100 psn|[from] item: Leftovers\n|-damage|p1a: Stampede|88\/100 psn|[from] psn\n|upkeep\n|turn|21\n|\n|t:|1658885564\n|move|p2a: Galvantula|Energy Ball|p1a: Stampede\n|-supereffective|p1a: Stampede\n|-damage|p1a: Stampede|17\/100 psn\n|move|p1a: Stampede|Stone Edge|p2a: Galvantula|[miss]\n|-miss|p1a: Stampede|p2a: Galvantula\n|\n|-heal|p1a: Stampede|23\/100 psn|[from] item: Leftovers\n|-damage|p1a: Stampede|10\/100 psn|[from] psn\n|upkeep\n|turn|22\n|\n|t:|1658885572\n|move|p2a: Galvantula|Energy Ball|p1a: Stampede\n|-supereffective|p1a: Stampede\n|-damage|p1a: Stampede|0 fnt\n|faint|p1a: Stampede\n|\n|upkeep\n|\n|t:|1658885581\n|switch|p1a: YoomTAH|Wigglytuff, F|100\/100\n|-damage|p1a: YoomTAH|88\/100|[from] Stealth Rock\n|-status|p1a: YoomTAH|psn\n|turn|23\n|j| killazoid3000\n|\n|t:|1658885595\n|switch|p2a: Bisharp|Bisharp, M|81\/100\n|-damage|p2a: Bisharp|75\/100|[from] Stealth Rock\n|move|p1a: YoomTAH|Fire Blast|p2a: Bisharp|[miss]\n|-miss|p1a: YoomTAH|p2a: Bisharp\n|\n|-damage|p1a: YoomTAH|76\/100 psn|[from] psn\n|upkeep\n|turn|24\n|\n|t:|1658885614\n|switch|p1a: Shuriken|Starmie|100\/100\n|move|p2a: Bisharp|Iron Head|p1a: Shuriken\n|-resisted|p1a: Shuriken\n|-damage|p1a: Shuriken|60\/100\n|-damage|p2a: Bisharp|65\/100|[from] item: Life Orb\n|\n|upkeep\n|turn|25\n|\n|t:|1658885622\n|move|p2a: Bisharp|Sucker Punch|p1a: Shuriken\n|-supereffective|p1a: Shuriken\n|-damage|p1a: Shuriken|0 fnt\n|faint|p1a: Shuriken\n|-damage|p2a: Bisharp|55\/100|[from] item: Life Orb\n|\n|upkeep\n|\n|t:|1658885635\n|switch|p1a: Aura|Lucario, M|42\/100\n|-damage|p1a: Aura|39\/100|[from] Stealth Rock\n|turn|26\n|\n|t:|1658885676\n|move|p1a: Aura|Nasty Plot|p1a: Aura\n|-boost|p1a: Aura|spa|2\n|move|p2a: Bisharp|Iron Head|p1a: Aura\n|-resisted|p1a: Aura\n|-damage|p1a: Aura|0 fnt\n|faint|p1a: Aura\n|-damage|p2a: Bisharp|45\/100|[from] item: Life Orb\n|\n|upkeep\n|\n|t:|1658885678\n|switch|p1a: YoomTAH|Wigglytuff, F|76\/100 psn\n|-damage|p1a: YoomTAH|63\/100 psn|[from] Stealth Rock\n|turn|27\n|\n|t:|1658885681\n|move|p2a: Bisharp|Iron Head|p1a: YoomTAH\n|-supereffective|p1a: YoomTAH\n|-damage|p1a: YoomTAH|0 fnt\n|faint|p1a: YoomTAH\n|-damage|p2a: Bisharp|35\/100|[from] item: Life Orb\n|\n|win|FleetFoxxx\n|c|\u2606FleetFoxxx|gg g whenever ready\n|l|\u2606FleetFoxxx\n|l| DerpyDots\n","uploadtime":1658885751,"views":27,"p1id":"111ace111","p2id":"fleetfoxxx","formatid":"gen8nationaldex","rating":0,"private":0,"password":null}