{"id":"gen8ou-1027773377","p1":"Casteliaskyline","p2":"Del chef","format":"gen8ou","log":"|j|\u2606Casteliaskyline\n|j|\u2606Del chef\n|player|p1|Casteliaskyline|200|1366\n|player|p2|Del chef|266|1331\n|teamsize|p1|6\n|teamsize|p2|6\n|gametype|singles\n|gen|8\n|tier|[Gen 8] OU\n|rated|\n|rule|Sleep Clause Mod: Limit one foe put to sleep\n|rule|Species Clause: Limit one of each Pok\u00e9mon\n|rule|OHKO Clause: OHKO moves are banned\n|rule|Evasion Moves Clause: Evasion moves are banned\n|rule|Endless Battle Clause: Forcing endless battles is banned\n|rule|HP Percentage Mod: HP is shown in percentages\n|clearpoke\n|poke|p1|Eiscue, M|\n|poke|p1|Tyranitar, M|\n|poke|p1|Excadrill, M|\n|poke|p1|Rotom-Mow|\n|poke|p1|Grimmsnarl, M|\n|poke|p1|Dragapult, F|\n|poke|p2|Clefable, F|\n|poke|p2|Aegislash, F|\n|poke|p2|Shiftry, M|\n|poke|p2|Torkoal, M|\n|poke|p2|Jolteon, F|\n|poke|p2|Togekiss, M|\n|teampreview\n|\n|start\n|switch|p1a: Dragapult|Dragapult, F|100\/100\n|switch|p2a: Torkoal|Torkoal, M|100\/100\n|-weather|SunnyDay|[from] ability: Drought|[of] p2a: Torkoal\n|turn|1\n|\n|move|p1a: Dragapult|Draco Meteor|p2a: Torkoal\n|-damage|p2a: Torkoal|26\/100\n|-unboost|p1a: Dragapult|spa|2\n|move|p2a: Torkoal|Yawn|p1a: Dragapult\n|-start|p1a: Dragapult|move: Yawn|[of] p2a: Torkoal\n|\n|-weather|SunnyDay|[upkeep]\n|upkeep\n|turn|2\n|\n|switch|p1a: Tyranitar|Tyranitar, M|100\/100\n|-weather|Sandstorm|[from] ability: Sand Stream|[of] p1a: Tyranitar\n|switch|p2a: Clefable|Clefable, F|100\/100\n|\n|-weather|Sandstorm|[upkeep]\n|upkeep\n|turn|3\n|\n|switch|p1a: Excadrill|Excadrill, M|100\/100\n|move|p2a: Clefable|Moonblast|p1a: Excadrill\n|-resisted|p1a: Excadrill\n|-damage|p1a: Excadrill|66\/100\n|\n|-weather|Sandstorm|[upkeep]\n|upkeep\n|turn|4\n|\n|-start|p2a: Clefable|Dynamax\n|-heal|p2a: Clefable|100\/100|[silent]\n|move|p1a: Excadrill|Iron Head|p2a: Clefable\n|-supereffective|p2a: Clefable\n|-damage|p2a: Clefable|35\/100\n|-damage|p1a: Excadrill|56\/100|[from] item: Life Orb\n|move|p2a: Clefable|Max Flare|p1a: Excadrill\n|-supereffective|p1a: Excadrill\n|-damage|p1a: Excadrill|0 fnt\n|-weather|SunnyDay\n|faint|p1a: Excadrill\n|\n|-weather|SunnyDay|[upkeep]\n|upkeep\n|\n|switch|p1a: Dragapult|Dragapult, F|100\/100\n|turn|5\n|\n|move|p1a: Dragapult|Shadow Ball|p2a: Clefable\n|-damage|p2a: Clefable|10\/100\n|move|p2a: Clefable|Max Starfall|p1a: Dragapult\n|-supereffective|p1a: Dragapult\n|-crit|p1a: Dragapult\n|-damage|p1a: Dragapult|0 fnt\n|-fieldstart|move: Misty Terrain\n|faint|p1a: Dragapult\n|\n|-weather|SunnyDay|[upkeep]\n|upkeep\n|\n|switch|p1a: Rotom|Rotom-Mow|100\/100\n|turn|6\n|\n|move|p2a: Clefable|Max Guard|p2a: Clefable\n|-singleturn|p2a: Clefable|Max Guard\n|move|p1a: Rotom|Thunderbolt|p2a: Clefable\n|-activate|p2a: Clefable|move: Max Guard\n|\n|-weather|SunnyDay|[upkeep]\n|-end|p2a: Clefable|Dynamax\n|-heal|p2a: Clefable|10\/100|[silent]\n|upkeep\n|turn|7\n|\n|switch|p2a: Jolteon|Jolteon, F|100\/100\n|move|p1a: Rotom|Thunderbolt|p2a: Jolteon\n|-immune|p2a: Jolteon|[from] ability: Volt Absorb\n|\n|-weather|SunnyDay|[upkeep]\n|upkeep\n|turn|8\n|\n|switch|p1a: Tyranitar|Tyranitar, M|100\/100\n|-weather|Sandstorm|[from] ability: Sand Stream|[of] p1a: Tyranitar\n|move|p2a: Jolteon|Yawn|p1a: Tyranitar\n|-start|p1a: Tyranitar|move: Yawn|[of] p2a: Jolteon\n|\n|-weather|Sandstorm|[upkeep]\n|-damage|p2a: Jolteon|95\/100|[from] Sandstorm\n|upkeep\n|turn|9\n|\n|switch|p1a: Rotom|Rotom-Mow|100\/100\n|move|p2a: Jolteon|Volt Switch|p1a: Rotom\n|-resisted|p1a: Rotom\n|-damage|p1a: Rotom|89\/100\n|\n|switch|p2a: Torkoal|Torkoal, M|26\/100|[from]move: Volt Switch\n|-weather|SunnyDay|[from] ability: Drought|[of] p2a: Torkoal\n|\n|-weather|SunnyDay|[upkeep]\n|-fieldend|Misty Terrain\n|upkeep\n|turn|10\n|\n|move|p1a: Rotom|Volt Switch|p2a: Torkoal\n|-damage|p2a: Torkoal|0 fnt\n|faint|p2a: Torkoal\n|\n|switch|p1a: Tyranitar|Tyranitar, M|100\/100|[from]move: Volt Switch\n|-weather|Sandstorm|[from] ability: Sand Stream|[of] p1a: Tyranitar\n|\n|-weather|Sandstorm|[upkeep]\n|upkeep\n|\n|switch|p2a: Aegislash|Aegislash, F|100\/100\n|turn|11\n|\n|move|p1a: Tyranitar|Stealth Rock|p2a: Aegislash\n|-sidestart|p2: Del chef|move: Stealth Rock\n|-formechange|p2a: Aegislash|Aegislash-Blade||[from] ability: Stance Change\n|move|p2a: Aegislash|Close Combat|p1a: Tyranitar\n|-supereffective|p1a: Tyranitar\n|-enditem|p1a: Tyranitar|Chople Berry|[eat]\n|-enditem|p1a: Tyranitar|Chople Berry|[weaken]\n|-damage|p1a: Tyranitar|0 fnt\n|-unboost|p2a: Aegislash|def|1\n|-unboost|p2a: Aegislash|spd|1\n|faint|p1a: Tyranitar\n|\n|-weather|Sandstorm|[upkeep]\n|upkeep\n|\n|switch|p1a: Eiscue|Eiscue, M|100\/100\n|turn|12\n|\n|move|p1a: Eiscue|Belly Drum|p1a: Eiscue\n|-damage|p1a: Eiscue|50\/100\n|-setboost|p1a: Eiscue|atk|6|[from] move: Belly Drum\n|-enditem|p1a: Eiscue|Sitrus Berry|[eat]\n|-heal|p1a: Eiscue|75\/100|[from] item: Sitrus Berry\n|move|p2a: Aegislash|Close Combat|p1a: Eiscue\n|-activate|p1a: Eiscue|ability: Ice Face\n|-damage|p1a: Eiscue|75\/100\n|-unboost|p2a: Aegislash|def|1\n|-unboost|p2a: Aegislash|spd|1\n|detailschange|p1a: Eiscue|Eiscue-Noice, M\n|\n|-weather|Sandstorm|[upkeep]\n|-damage|p1a: Eiscue|69\/100|[from] Sandstorm\n|upkeep\n|turn|13\n|\n|switch|p2a: Clefable|Clefable, F|10\/100\n|-start|p1a: Eiscue|Dynamax\n|-heal|p1a: Eiscue|69\/100|[silent]\n|move|p1a: Eiscue|Max Geyser|p2a: Clefable\n|-damage|p2a: Clefable|0 fnt\n|-weather|RainDance\n|faint|p2a: Clefable\n|\n|-weather|RainDance|[upkeep]\n|upkeep\n|\n|switch|p2a: Shiftry|Shiftry, M|100\/100\n|-damage|p2a: Shiftry|88\/100|[from] Stealth Rock\n|turn|14\n|\n|switch|p2a: Togekiss|Togekiss, M|100\/100\n|-damage|p2a: Togekiss|76\/100|[from] Stealth Rock\n|move|p1a: Eiscue|Max Hailstorm|p2a: Togekiss\n|-supereffective|p2a: Togekiss\n|-damage|p2a: Togekiss|0 fnt\n|-weather|Hail\n|detailschange|p1a: Eiscue|Eiscue, M\n|faint|p2a: Togekiss\n|\n|-weather|Hail|[upkeep]\n|upkeep\n|\n|switch|p2a: Aegislash|Aegislash, F|100\/100\n|-damage|p2a: Aegislash|94\/100|[from] Stealth Rock\n|turn|15\n|\n|-formechange|p2a: Aegislash|Aegislash-Blade||[from] ability: Stance Change\n|move|p2a: Aegislash|Shadow Sneak|p1a: Eiscue\n|-activate|p1a: Eiscue|ability: Ice Face\n|-damage|p1a: Eiscue|69\/100\n|detailschange|p1a: Eiscue|Eiscue-Noice, M\n|move|p1a: Eiscue|Max Geyser|p2a: Aegislash\n|-damage|p2a: Aegislash|0 fnt\n|-weather|RainDance\n|faint|p2a: Aegislash\n|\n|-weather|RainDance|[upkeep]\n|-end|p1a: Eiscue|Dynamax\n|-heal|p1a: Eiscue|69\/100|[silent]\n|upkeep\n|\n|switch|p2a: Jolteon|Jolteon, F|95\/100\n|turn|16\n|\n|move|p1a: Eiscue|Liquidation|p2a: Jolteon\n|-damage|p2a: Jolteon|0 fnt\n|faint|p2a: Jolteon\n|\n|-weather|RainDance|[upkeep]\n|upkeep\n|\n|switch|p2a: Shiftry|Shiftry, M|88\/100\n|-damage|p2a: Shiftry|76\/100|[from] Stealth Rock\n|turn|17\n|\n|move|p1a: Eiscue|Icicle Crash|p2a: Shiftry\n|-supereffective|p2a: Shiftry\n|-damage|p2a: Shiftry|0 fnt\n|faint|p2a: Shiftry\n|\n|win|Casteliaskyline\n|l|\u2606Del chef\n|c|\u2606Casteliaskyline|Gg\n||Ladder (probably) updated, but score could not be retrieved (Response not received).\n|error|Unexpected response null from ladder server.\n","uploadtime":1576077754,"views":5,"p1id":"casteliaskyline","p2id":"delchef","formatid":"gen8ou","rating":0,"private":0,"password":null}