{"id":"gen8nationaldex-1601289672","p1":"LECH24","p2":"FIRE LORD AESON!","format":"gen8nationaldex","log":"|j|\u2606LECH24\n|j|\u2606FIRE LORD AESON!\n|t:|1655839966\n|gametype|singles\n|player|p1|LECH24|101|1689\n|player|p2|FIRE LORD AESON!|red-gen1|1774\n|teamsize|p1|6\n|teamsize|p2|6\n|gen|8\n|tier|[Gen 8] National Dex\n|rated|\n|rule|HP Percentage Mod: HP is shown in percentages\n|rule|Endless Battle Clause: Forcing endless battles is banned\n|rule|OHKO Clause: OHKO moves are banned\n|rule|Evasion Moves Clause: Evasion moves are banned\n|rule|Species Clause: Limit one of each Pok\u00e9mon\n|rule|Dynamax Clause: You cannot dynamax\n|rule|Sleep Clause Mod: Limit one foe put to sleep\n|clearpoke\n|poke|p1|Diancie|\n|poke|p1|Tyranitar, F|\n|poke|p1|Zapdos|\n|poke|p1|Heatran, M|\n|poke|p1|Clefable, M|\n|poke|p1|Garchomp, M|\n|poke|p2|Pikachu, F|\n|poke|p2|Charizard, F|\n|poke|p2|Blastoise, M|\n|poke|p2|Venusaur, M|\n|poke|p2|Torkoal, F|\n|poke|p2|Espeon, F|\n|teampreview\n|\n|t:|1655839981\n|start\n|switch|p1a: Heatran|Heatran, M|100\/100\n|switch|p2a: Blastoise|Blastoise, M|100\/100\n|turn|1\n|\n|t:|1655839988\n|move|p2a: Blastoise|Shell Smash|p2a: Blastoise\n|-unboost|p2a: Blastoise|def|1\n|-unboost|p2a: Blastoise|spd|1\n|-boost|p2a: Blastoise|atk|2\n|-boost|p2a: Blastoise|spa|2\n|-boost|p2a: Blastoise|spe|2\n|-enditem|p2a: Blastoise|White Herb\n|-clearnegativeboost|p2a: Blastoise|[silent]\n|move|p1a: Heatran|Toxic|p2a: Blastoise\n|-status|p2a: Blastoise|tox\n|\n|-damage|p2a: Blastoise|94\/100 tox|[from] psn\n|upkeep\n|turn|2\n|\n|t:|1655840017\n|switch|p1a: Garchomp|Garchomp, M|100\/100\n|move|p2a: Blastoise|Hydro Pump|p1a: Garchomp|[miss]\n|-miss|p2a: Blastoise|p1a: Garchomp\n|\n|-damage|p2a: Blastoise|82\/100 tox|[from] psn\n|upkeep\n|turn|3\n|\n|t:|1655840022\n|move|p2a: Blastoise|Ice Beam|p1a: Garchomp\n|-supereffective|p1a: Garchomp\n|-damage|p1a: Garchomp|0 fnt\n|faint|p1a: Garchomp\n|\n|-damage|p2a: Blastoise|64\/100 tox|[from] psn\n|upkeep\n|\n|t:|1655840026\n|switch|p1a: Clefable|Clefable, M|100\/100\n|turn|4\n|\n|t:|1655840028\n|move|p2a: Blastoise|Hydro Pump|p1a: Clefable\n|-damage|p1a: Clefable|7\/100\n|move|p1a: Clefable|Moonblast|p2a: Blastoise\n|-damage|p2a: Blastoise|32\/100 tox\n|\n|-heal|p1a: Clefable|13\/100|[from] item: Leftovers\n|-damage|p2a: Blastoise|8\/100 tox|[from] psn\n|upkeep\n|turn|5\n|\n|t:|1655840035\n|move|p1a: Clefable|Protect|p1a: Clefable\n|-singleturn|p1a: Clefable|Protect\n|move|p2a: Blastoise|Hydro Pump|p1a: Clefable\n|-activate|p1a: Clefable|move: Protect\n|\n|-heal|p1a: Clefable|19\/100|[from] item: Leftovers\n|-damage|p2a: Blastoise|0 fnt|[from] psn\n|faint|p2a: Blastoise\n|upkeep\n|\n|t:|1655840061\n|switch|p2a: Charizard|Charizard, F|100\/100\n|turn|6\n|\n|t:|1655840066\n|move|p2a: Charizard|Dragon Dance|p2a: Charizard\n|-boost|p2a: Charizard|atk|1\n|-boost|p2a: Charizard|spe|1\n|move|p1a: Clefable|Teleport|p1a: Clefable\n|\n|t:|1655840090\n|switch|p1a: Zapdos|Zapdos|100\/100|[from]move: Teleport\n|\n|upkeep\n|turn|7\n|\n|t:|1655840098\n|detailschange|p2a: Charizard|Charizard-Mega-X, F\n|-mega|p2a: Charizard|Charizard|Charizardite X\n|move|p2a: Charizard|Dragon Dance|p2a: Charizard\n|-boost|p2a: Charizard|atk|1\n|-boost|p2a: Charizard|spe|1\n|move|p1a: Zapdos|Discharge|p2a: Charizard\n|-resisted|p2a: Charizard\n|-damage|p2a: Charizard|77\/100\n|\n|upkeep\n|turn|8\n|\n|t:|1655840105\n|move|p2a: Charizard|Flare Blitz|p1a: Zapdos\n|-damage|p1a: Zapdos|0 fnt\n|faint|p1a: Zapdos\n|-damage|p2a: Charizard|34\/100|[from] Recoil\n|\n|upkeep\n|\n|t:|1655840111\n|switch|p1a: Tyranitar|Tyranitar, F|100\/100\n|-weather|Sandstorm|[from] ability: Sand Stream|[of] p1a: Tyranitar\n|turn|9\n|\n|t:|1655840115\n|switch|p1a: Heatran|Heatran, M|100\/100\n|move|p2a: Charizard|Earthquake|p1a: Heatran\n|-supereffective|p1a: Heatran\n|-damage|p1a: Heatran|0 fnt\n|faint|p1a: Heatran\n|\n|-weather|Sandstorm|[upkeep]\n|-damage|p2a: Charizard|28\/100|[from] Sandstorm\n|upkeep\n|-message|LECH24 forfeited.\n|\n|win|FIRE LORD AESON!\n|raw|LECH24's rating: 1689 &rarr; <strong>1674<\/strong><br \/>(-15 for losing)\n|raw|FIRE LORD AESON!'s rating: 1774 &rarr; <strong>1789<\/strong><br \/>(+15 for winning)\n|l|\u2606LECH24\n||Ladder isn't responding, score probably updated but might not have (Request timeout).\n","uploadtime":1655840143,"views":4,"p1id":"lech24","p2id":"firelordaeson","formatid":"gen8nationaldex","rating":1674,"private":0,"password":null}