{"id":"gen8ou-1669162384","p1":"LT94JE Allistair","p2":"Jongruenwald","format":"gen8ou","log":"|j|\u2606LT94JE Allistair\n|j|\u2606Jongruenwald\n|t:|1664025211\n|gametype|singles\n|player|p1|LT94JE Allistair|101|1785\n|player|p2|Jongruenwald|marlon|1758\n|teamsize|p1|6\n|teamsize|p2|6\n|gen|8\n|tier|[Gen 8] OU\n|rated|\n|rule|Sleep Clause Mod: Limit one foe put to sleep\n|rule|Species Clause: Limit one of each Pok\u00e9mon\n|rule|OHKO Clause: OHKO moves are banned\n|rule|Evasion Items Clause: Evasion items are banned\n|rule|Evasion Moves Clause: Evasion moves are banned\n|rule|Endless Battle Clause: Forcing endless battles is banned\n|rule|HP Percentage Mod: HP is shown in percentages\n|rule|Dynamax Clause: You cannot dynamax\n|clearpoke\n|poke|p1|Mew|\n|poke|p1|Slurpuff, M|\n|poke|p1|Jirachi|\n|poke|p1|Zeraora|\n|poke|p1|Vanilluxe, F|\n|poke|p1|Espeon, M|\n|poke|p2|Ninetales-Alola, M|\n|poke|p2|Arctozolt|\n|poke|p2|Gastrodon, M|\n|poke|p2|Clefable, M|\n|poke|p2|Magnezone|\n|poke|p2|Landorus-Therian, M|\n|teampreview\n|\n|t:|1664025230\n|start\n|switch|p1a: Slurpuff|Slurpuff, M|100\/100\n|switch|p2a: Ninetales|Ninetales-Alola, M|100\/100\n|-weather|Hail|[from] ability: Snow Warning|[of] p2a: Ninetales\n|turn|1\n|\n|t:|1664025235\n|move|p2a: Ninetales|Blizzard|p1a: Slurpuff\n|-damage|p1a: Slurpuff|15\/100\n|move|p1a: Slurpuff|Sticky Web|p2a: Ninetales\n|-sidestart|p2: Jongruenwald|move: Sticky Web\n|\n|-weather|Hail|[upkeep]\n|-damage|p1a: Slurpuff|9\/100|[from] Hail\n|upkeep\n|turn|2\n|\n|t:|1664025238\n|move|p1a: Slurpuff|Magic Coat|p1a: Slurpuff\n|-singleturn|p1a: Slurpuff|move: Magic Coat\n|move|p2a: Ninetales|Encore|p1a: Slurpuff\n|move|p1a: Slurpuff|Encore||[from]Magic Coat|[still]\n|-fail|p1a: Slurpuff\n|\n|-weather|Hail|[upkeep]\n|-damage|p1a: Slurpuff|3\/100|[from] Hail\n|upkeep\n|turn|3\n|j| NDHB\n|\n|t:|1664025251\n|move|p2a: Ninetales|Encore|p1a: Slurpuff\n|-start|p1a: Slurpuff|Encore\n|move|p1a: Slurpuff|Magic Coat|p1a: Slurpuff\n|-singleturn|p1a: Slurpuff|move: Magic Coat\n|\n|-weather|Hail|[upkeep]\n|-damage|p1a: Slurpuff|0 fnt|[from] Hail\n|faint|p1a: Slurpuff\n|upkeep\n|\n|t:|1664025261\n|switch|p1a: Vanilluxe|Vanilluxe, F|100\/100\n|turn|4\n|\n|t:|1664025278\n|switch|p2a: Magnezone|Magnezone|100\/100\n|-activate|p2a: Magnezone|move: Sticky Web\n|-unboost|p2a: Magnezone|spe|1\n|move|p1a: Vanilluxe|Taunt|p2a: Magnezone\n|-start|p2a: Magnezone|move: Taunt\n|\n|-weather|Hail|[upkeep]\n|-damage|p2a: Magnezone|94\/100|[from] Hail\n|-heal|p2a: Magnezone|100\/100|[from] item: Leftovers\n|upkeep\n|turn|5\n|\n|t:|1664025282\n|move|p1a: Vanilluxe|Aurora Veil|p1a: Vanilluxe\n|-sidestart|p1: LT94JE Allistair|move: Aurora Veil\n|move|p2a: Magnezone|Body Press|p1a: Vanilluxe\n|-supereffective|p1a: Vanilluxe\n|-damage|p1a: Vanilluxe|62\/100\n|\n|-weather|Hail|[upkeep]\n|-damage|p2a: Magnezone|94\/100|[from] Hail\n|-heal|p2a: Magnezone|100\/100|[from] item: Leftovers\n|upkeep\n|turn|6\n|j| Dwentey22\n|\n|t:|1664025302\n|switch|p1a: Mew|Mew|100\/100\n|move|p2a: Magnezone|Body Press|p1a: Mew\n|-resisted|p1a: Mew\n|-damage|p1a: Mew|94\/100\n|\n|-weather|Hail|[upkeep]\n|-damage|p1a: Mew|88\/100|[from] Hail\n|-damage|p2a: Magnezone|94\/100|[from] Hail\n|-heal|p2a: Magnezone|100\/100|[from] item: Leftovers\n|-end|p2a: Magnezone|move: Taunt\n|upkeep\n|turn|7\n|\n|t:|1664025311\n|switch|p2a: Clefable|Clefable, M|100\/100\n|move|p1a: Mew|Taunt|p2a: Clefable\n|-start|p2a: Clefable|move: Taunt\n|\n|-weather|Hail|[upkeep]\n|-damage|p1a: Mew|82\/100|[from] Hail\n|-damage|p2a: Clefable|94\/100|[from] Hail\n|upkeep\n|turn|8\n|\n|t:|1664025314\n|move|p1a: Mew|Cosmic Power|p1a: Mew\n|-boost|p1a: Mew|def|1\n|-boost|p1a: Mew|spd|1\n|move|p2a: Clefable|Moonblast|p1a: Mew\n|-damage|p1a: Mew|67\/100\n|\n|-weather|none\n|upkeep\n|turn|9\n|\n|t:|1664025317\n|move|p1a: Mew|Cosmic Power|p1a: Mew\n|-boost|p1a: Mew|def|1\n|-boost|p1a: Mew|spd|1\n|move|p2a: Clefable|Moonblast|p1a: Mew\n|-damage|p1a: Mew|53\/100\n|-unboost|p1a: Mew|spa|1\n|\n|-end|p2a: Clefable|move: Taunt\n|upkeep\n|turn|10\n|\n|t:|1664025321\n|move|p1a: Mew|Taunt|p2a: Clefable\n|-start|p2a: Clefable|move: Taunt\n|move|p2a: Clefable|Moonblast|p1a: Mew\n|-damage|p1a: Mew|40\/100\n|\n|upkeep\n|turn|11\n|\n|t:|1664025322\n|move|p1a: Mew|Roost|p1a: Mew\n|-heal|p1a: Mew|90\/100\n|-singleturn|p1a: Mew|move: Roost\n|move|p2a: Clefable|Moonblast|p1a: Mew\n|-damage|p1a: Mew|77\/100\n|\n|upkeep\n|turn|12\n|\n|t:|1664025325\n|move|p1a: Mew|Cosmic Power|p1a: Mew\n|-boost|p1a: Mew|def|1\n|-boost|p1a: Mew|spd|1\n|move|p2a: Clefable|Moonblast|p1a: Mew\n|-damage|p1a: Mew|64\/100\n|\n|-end|p2a: Clefable|move: Taunt\n|-sideend|p1: LT94JE Allistair|move: Aurora Veil\n|upkeep\n|turn|13\n|\n|t:|1664025327\n|move|p1a: Mew|Taunt|p2a: Clefable\n|-start|p2a: Clefable|move: Taunt\n|move|p2a: Clefable|Moonblast|p1a: Mew\n|-damage|p1a: Mew|34\/100\n|\n|upkeep\n|turn|14\n|\n|t:|1664025330\n|move|p1a: Mew|Roost|p1a: Mew\n|-heal|p1a: Mew|84\/100\n|-singleturn|p1a: Mew|move: Roost\n|move|p2a: Clefable|Moonblast|p1a: Mew\n|-damage|p1a: Mew|54\/100\n|\n|upkeep\n|turn|15\n|\n|t:|1664025333\n|move|p1a: Mew|Roost|p1a: Mew\n|-heal|p1a: Mew|100\/100\n|-singleturn|p1a: Mew|move: Roost\n|move|p2a: Clefable|Moonblast|p1a: Mew\n|-damage|p1a: Mew|72\/100\n|\n|-end|p2a: Clefable|move: Taunt\n|upkeep\n|turn|16\n|\n|t:|1664025336\n|move|p1a: Mew|Taunt|p2a: Clefable\n|-start|p2a: Clefable|move: Taunt\n|move|p2a: Clefable|Moonblast|p1a: Mew\n|-damage|p1a: Mew|43\/100\n|\n|upkeep\n|turn|17\n|\n|t:|1664025338\n|move|p1a: Mew|Roost|p1a: Mew\n|-heal|p1a: Mew|93\/100\n|-singleturn|p1a: Mew|move: Roost\n|move|p2a: Clefable|Moonblast|p1a: Mew\n|-damage|p1a: Mew|66\/100\n|-unboost|p1a: Mew|spa|1\n|\n|upkeep\n|turn|18\n|\n|t:|1664025341\n|move|p1a: Mew|Stored Power|p2a: Clefable\n|-damage|p2a: Clefable|48\/100\n|move|p2a: Clefable|Moonblast|p1a: Mew\n|-damage|p1a: Mew|37\/100\n|\n|-end|p2a: Clefable|move: Taunt\n|upkeep\n|turn|19\n|\n|t:|1664025346\n|move|p1a: Mew|Stored Power|p2a: Clefable\n|-damage|p2a: Clefable|4\/100\n|move|p2a: Clefable|Moonblast|p1a: Mew\n|-damage|p1a: Mew|6\/100\n|\n|upkeep\n|turn|20\n|\n|t:|1664025351\n|move|p1a: Mew|Roost|p1a: Mew\n|-heal|p1a: Mew|57\/100\n|-singleturn|p1a: Mew|move: Roost\n|move|p2a: Clefable|Moonblast|p1a: Mew\n|-damage|p1a: Mew|30\/100\n|\n|upkeep\n|turn|21\n|\n|t:|1664025353\n|move|p1a: Mew|Stored Power|p2a: Clefable\n|-damage|p2a: Clefable|0 fnt\n|faint|p2a: Clefable\n|\n|upkeep\n|\n|t:|1664025361\n|switch|p2a: Ninetales|Ninetales-Alola, M|100\/100\n|-activate|p2a: Ninetales|move: Sticky Web\n|-unboost|p2a: Ninetales|spe|1\n|-weather|Hail|[from] ability: Snow Warning|[of] p2a: Ninetales\n|turn|22\n|\n|t:|1664025365\n|move|p1a: Mew|Taunt|p2a: Ninetales\n|-start|p2a: Ninetales|move: Taunt\n|cant|p2a: Ninetales|move: Taunt|Encore\n|\n|-weather|Hail|[upkeep]\n|-damage|p1a: Mew|24\/100|[from] Hail\n|upkeep\n|turn|23\n|\n|t:|1664025367\n|move|p1a: Mew|Roost|p1a: Mew\n|-heal|p1a: Mew|74\/100\n|-singleturn|p1a: Mew|move: Roost\n|move|p2a: Ninetales|Blizzard|p1a: Mew\n|-damage|p1a: Mew|59\/100\n|\n|-weather|Hail|[upkeep]\n|-damage|p1a: Mew|53\/100|[from] Hail\n|upkeep\n|turn|24\n|\n|t:|1664025372\n|move|p1a: Mew|Roost|p1a: Mew\n|-heal|p1a: Mew|100\/100\n|-singleturn|p1a: Mew|move: Roost\n|move|p2a: Ninetales|Blizzard|p1a: Mew\n|-damage|p1a: Mew|85\/100\n|\n|-weather|Hail|[upkeep]\n|-damage|p1a: Mew|79\/100|[from] Hail\n|-end|p2a: Ninetales|move: Taunt\n|upkeep\n|turn|25\n|\n|t:|1664025375\n|move|p1a: Mew|Taunt|p2a: Ninetales\n|-start|p2a: Ninetales|move: Taunt\n|move|p2a: Ninetales|Blizzard|p1a: Mew\n|-damage|p1a: Mew|63\/100\n|\n|-weather|Hail|[upkeep]\n|-damage|p1a: Mew|57\/100|[from] Hail\n|upkeep\n|turn|26\n|\n|t:|1664025378\n|move|p1a: Mew|Roost|p1a: Mew\n|-heal|p1a: Mew|100\/100\n|-singleturn|p1a: Mew|move: Roost\n|move|p2a: Ninetales|Blizzard|p1a: Mew\n|-damage|p1a: Mew|86\/100\n|\n|-weather|Hail|[upkeep]\n|-damage|p1a: Mew|80\/100|[from] Hail\n|upkeep\n|turn|27\n|\n|t:|1664025386\n|move|p1a: Mew|Cosmic Power|p1a: Mew\n|-boost|p1a: Mew|def|1\n|-boost|p1a: Mew|spd|1\n|move|p2a: Ninetales|Blizzard|p1a: Mew\n|-damage|p1a: Mew|66\/100\n|\n|-weather|Hail|[upkeep]\n|-damage|p1a: Mew|60\/100|[from] Hail\n|-end|p2a: Ninetales|move: Taunt\n|upkeep\n|turn|28\n|\n|t:|1664025389\n|switch|p2a: Arctozolt|Arctozolt|100\/100\n|-activate|p2a: Arctozolt|move: Sticky Web\n|-unboost|p2a: Arctozolt|spe|1\n|move|p1a: Mew|Taunt|p2a: Arctozolt\n|-start|p2a: Arctozolt|move: Taunt\n|\n|-weather|Hail|[upkeep]\n|-damage|p1a: Mew|54\/100|[from] Hail\n|upkeep\n|turn|29\n|\n|t:|1664025391\n|move|p1a: Mew|Roost|p1a: Mew\n|-heal|p1a: Mew|100\/100\n|-singleturn|p1a: Mew|move: Roost\n|move|p2a: Arctozolt|Bolt Beak|p1a: Mew\n|-damage|p1a: Mew|91\/100\n|\n|-weather|none\n|upkeep\n|turn|30\n|\n|t:|1664025395\n|switch|p2a: Ninetales|Ninetales-Alola, M|100\/100\n|-activate|p2a: Ninetales|move: Sticky Web\n|-unboost|p2a: Ninetales|spe|1\n|-weather|Hail|[from] ability: Snow Warning|[of] p2a: Ninetales\n|move|p1a: Mew|Stored Power|p2a: Ninetales\n|-damage|p2a: Ninetales|67\/100\n|\n|-weather|Hail|[upkeep]\n|-damage|p1a: Mew|84\/100|[from] Hail\n|upkeep\n|turn|31\n|\n|t:|1664025398\n|move|p1a: Mew|Taunt|p2a: Ninetales\n|-start|p2a: Ninetales|move: Taunt\n|move|p2a: Ninetales|Blizzard|p1a: Mew\n|-damage|p1a: Mew|73\/100\n|\n|-weather|Hail|[upkeep]\n|-damage|p1a: Mew|66\/100|[from] Hail\n|upkeep\n|turn|32\n|\n|t:|1664025402\n|move|p1a: Mew|Roost|p1a: Mew\n|-heal|p1a: Mew|100\/100\n|-singleturn|p1a: Mew|move: Roost\n|move|p2a: Ninetales|Blizzard|p1a: Mew\n|-crit|p1a: Mew\n|-damage|p1a: Mew|46\/100\n|-status|p1a: Mew|frz\n|\n|-weather|Hail|[upkeep]\n|-damage|p1a: Mew|40\/100 frz|[from] Hail\n|upkeep\n|turn|33\n|\n|t:|1664025410\n|switch|p2a: Landorus|Landorus-Therian, M|100\/100\n|-ability|p2a: Landorus|Intimidate|boost\n|-unboost|p1a: Mew|atk|1\n|-curestatus|p1a: Mew|frz|[msg]\n|move|p1a: Mew|Roost|p1a: Mew\n|-heal|p1a: Mew|90\/100\n|-singleturn|p1a: Mew|move: Roost\n|\n|-weather|Hail|[upkeep]\n|-damage|p1a: Mew|83\/100|[from] Hail\n|-damage|p2a: Landorus|94\/100|[from] Hail\n|-heal|p2a: Landorus|100\/100|[from] item: Leftovers\n|upkeep\n|turn|34\n|\n|t:|1664025413\n|move|p1a: Mew|Taunt|p2a: Landorus\n|-start|p2a: Landorus|move: Taunt\n|cant|p2a: Landorus|move: Taunt|Defog\n|\n|-weather|Hail|[upkeep]\n|-damage|p1a: Mew|77\/100|[from] Hail\n|-damage|p2a: Landorus|94\/100|[from] Hail\n|-heal|p2a: Landorus|100\/100|[from] item: Leftovers\n|upkeep\n|turn|35\n|j| youhuanbingshi\n|\n|t:|1664025417\n|move|p1a: Mew|Stored Power|p2a: Landorus\n|-damage|p2a: Landorus|78\/100\n|move|p2a: Landorus|U-turn|p1a: Mew\n|-supereffective|p1a: Mew\n|-damage|p1a: Mew|63\/100\n|-enditem|p1a: Mew|Weakness Policy\n|-boost|p1a: Mew|atk|2|[from] item: Weakness Policy\n|-boost|p1a: Mew|spa|2|[from] item: Weakness Policy\n|\n|t:|1664025430\n|switch|p2a: Arctozolt|Arctozolt|100\/100|[from]move: U-turn\n|-activate|p2a: Arctozolt|move: Sticky Web\n|-unboost|p2a: Arctozolt|spe|1\n|\n|-weather|Hail|[upkeep]\n|-damage|p1a: Mew|57\/100|[from] Hail\n|upkeep\n|turn|36\n|\n|t:|1664025436\n|move|p1a: Mew|Taunt|p2a: Arctozolt\n|-start|p2a: Arctozolt|move: Taunt\n|move|p2a: Arctozolt|Blizzard|p1a: Mew\n|-damage|p1a: Mew|45\/100\n|\n|-weather|Hail|[upkeep]\n|-damage|p1a: Mew|39\/100|[from] Hail\n|upkeep\n|turn|37\n|\n|t:|1664025438\n|move|p1a: Mew|Roost|p1a: Mew\n|-heal|p1a: Mew|89\/100\n|-singleturn|p1a: Mew|move: Roost\n|move|p2a: Arctozolt|Blizzard|p1a: Mew\n|-damage|p1a: Mew|77\/100\n|\n|-weather|none\n|upkeep\n|turn|38\n|\n|t:|1664025440\n|move|p1a: Mew|Cosmic Power|p1a: Mew\n|-boost|p1a: Mew|def|1\n|-boost|p1a: Mew|spd|1\n|move|p2a: Arctozolt|Freeze-Dry|p1a: Mew\n|-damage|p1a: Mew|71\/100\n|\n|-end|p2a: Arctozolt|move: Taunt\n|upkeep\n|turn|39\n|\n|t:|1664025445\n|move|p1a: Mew|Stored Power|p2a: Arctozolt\n|-damage|p2a: Arctozolt|0 fnt\n|faint|p2a: Arctozolt\n|\n|upkeep\n|-message|Jongruenwald forfeited.\n|\n|win|LT94JE Allistair\n|raw|LT94JE Allistair's rating: 1785 &rarr; <strong>1803<\/strong><br \/>(+18 for winning)\n|raw|Jongruenwald's rating: 1758 &rarr; <strong>1740<\/strong><br \/>(-18 for losing)\n|l|\u2606Jongruenwald\n|l|\u2606LT94JE Allistair\n||Ladder isn't responding, score probably updated but might not have (Request timeout).\n|l| Dwentey22\n|l| youhuanbingshi\n","uploadtime":1664025597,"views":16,"p1id":"lt94jeallistair","p2id":"jongruenwald","formatid":"gen8ou","rating":1740,"private":0,"password":null}