{"id":"gen8nu-1214277866","p1":"Walletinspector62","p2":"Catalisador","format":"gen8nu","log":"|j|\u2606Walletinspector62\n|j|\u2606Catalisador\n|t:|1604246156\n|player|p1|Walletinspector62|266|\n|player|p2|Catalisador|dawn|\n|teamsize|p1|6\n|teamsize|p2|6\n|gametype|singles\n|gen|8\n|tier|[Gen 8] NU\n|rated|Tournament battle\n|clearpoke\n|poke|p1|Trevenant, M|\n|poke|p1|Ninjask, M|\n|poke|p1|Ribombee, F|\n|poke|p1|Persian-Alola, F|\n|poke|p1|Cramorant, F|\n|poke|p1|Rapidash, F|\n|poke|p2|Vanilluxe, F|\n|poke|p2|Nidoking, M|\n|poke|p2|Arctozolt|\n|poke|p2|Zygarde-10%|\n|poke|p2|Cramorant, F|\n|poke|p2|Escavalier, M|\n|rule|Sleep Clause Mod: Limit one foe put to sleep\n|rule|Species Clause: Limit one of each Pok\u00e9mon\n|rule|OHKO Clause: OHKO moves are banned\n|rule|Evasion Moves Clause: Evasion moves are banned\n|rule|Endless Battle Clause: Forcing endless battles is banned\n|rule|HP Percentage Mod: HP is shown in percentages\n|rule|Dynamax Clause: You cannot dynamax\n|teampreview\n|j|*BB-8-NU\n|\n|t:|1604246161\n|start\n|switch|p1a: Ninjask|Ninjask, M|100\/100\n|switch|p2a: Vanilluxe|Vanilluxe, F|100\/100\n|-weather|Hail|[from] ability: Snow Warning|[of] p2a: Vanilluxe\n|turn|1\n|\n|t:|1604246165\n|move|p1a: Ninjask|Swords Dance|p1a: Ninjask\n|-boost|p1a: Ninjask|atk|2\n|move|p2a: Vanilluxe|Aurora Veil|p2a: Vanilluxe\n|-sidestart|p2: Catalisador|move: Aurora Veil\n|\n|-weather|Hail|[upkeep]\n|-damage|p1a: Ninjask|94\/100|[from] Hail\n|-ability|p1a: Ninjask|Speed Boost|boost\n|-boost|p1a: Ninjask|spe|1\n|upkeep\n|turn|2\n|\n|t:|1604246171\n|move|p1a: Ninjask|U-turn|p2a: Vanilluxe\n|-damage|p2a: Vanilluxe|58\/100\n|\n|t:|1604246174\n|switch|p1a: Rapidash|Rapidash, F|100\/100|[from]move: U-turn\n|move|p2a: Vanilluxe|Blizzard|p1a: Rapidash\n|-resisted|p1a: Rapidash\n|-damage|p1a: Rapidash|70\/100\n|\n|-weather|Hail|[upkeep]\n|-damage|p1a: Rapidash|64\/100|[from] Hail\n|upkeep\n|turn|3\n|\n|t:|1604246181\n|switch|p2a: Zygarde|Zygarde-10%|100\/100\n|-ability|p2a: Zygarde|Aura Break\n|move|p1a: Rapidash|Morning Sun|p1a: Rapidash\n|-heal|p1a: Rapidash|89\/100\n|\n|-weather|Hail|[upkeep]\n|-damage|p2a: Zygarde|94\/100|[from] Hail\n|-damage|p1a: Rapidash|83\/100|[from] Hail\n|upkeep\n|turn|4\n|\n|t:|1604246191\n|switch|p1a: Trevenant|Trevenant, M|100\/100\n|move|p2a: Zygarde|Thousand Arrows|p1a: Trevenant\n|-resisted|p1a: Trevenant\n|-damage|p1a: Trevenant|65\/100\n|\n|-weather|Hail|[upkeep]\n|-damage|p2a: Zygarde|88\/100|[from] Hail\n|-damage|p1a: Trevenant|59\/100|[from] Hail\n|upkeep\n|turn|5\n|\n|t:|1604246202\n|switch|p2a: Nidoking|Nidoking, M|100\/100\n|move|p1a: Trevenant|Poltergeist|p2a: Nidoking\n|-activate|p2a: Nidoking|move: Poltergeist|Life Orb\n|-damage|p2a: Nidoking|38\/100\n|\n|-weather|Hail|[upkeep]\n|-damage|p2a: Nidoking|32\/100|[from] Hail\n|-damage|p1a: Trevenant|53\/100|[from] Hail\n|-sideend|p2: Catalisador|move: Aurora Veil\n|upkeep\n|turn|6\n|\n|t:|1604246215\n|switch|p1a: Cramorant|Cramorant, F|100\/100\n|move|p2a: Nidoking|Sludge Wave|p1a: Cramorant\n|-damage|p1a: Cramorant|21\/100\n|\n|-weather|Hail|[upkeep]\n|-damage|p1a: Cramorant|15\/100|[from] Hail\n|-damage|p2a: Nidoking|26\/100|[from] Hail\n|upkeep\n|turn|7\n|\n|t:|1604246223\n|move|p2a: Nidoking|Sludge Wave|p1a: Cramorant\n|-damage|p1a: Cramorant|0 fnt\n|faint|p1a: Cramorant\n|\n|-weather|Hail|[upkeep]\n|-damage|p2a: Nidoking|20\/100|[from] Hail\n|upkeep\n|\n|t:|1604246227\n|switch|p1a: Ninjask|Ninjask, M|94\/100\n|turn|8\n|\n|t:|1604246229\n|move|p1a: Ninjask|Protect|p1a: Ninjask\n|-singleturn|p1a: Ninjask|Protect\n|move|p2a: Nidoking|Stealth Rock|p1a: Ninjask\n|-sidestart|p1: Walletinspector62|move: Stealth Rock\n|\n|-weather|none\n|-ability|p1a: Ninjask|Speed Boost|boost\n|-boost|p1a: Ninjask|spe|1\n|upkeep\n|turn|9\n|\n|t:|1604246231\n|move|p1a: Ninjask|Dual Wingbeat|p2a: Nidoking\n|-crit|p2a: Nidoking\n|-damage|p2a: Nidoking|0 fnt\n|-hitcount|p2a: Nidoking|1\n|faint|p2a: Nidoking\n|\n|-ability|p1a: Ninjask|Speed Boost|boost\n|-boost|p1a: Ninjask|spe|1\n|upkeep\n|\n|t:|1604246234\n|switch|p2a: Vanilluxe|Vanilluxe, F|58\/100\n|-weather|Hail|[from] ability: Snow Warning|[of] p2a: Vanilluxe\n|turn|10\n|\n|t:|1604246238\n|move|p1a: Ninjask|Dual Wingbeat|p2a: Vanilluxe\n|-damage|p2a: Vanilluxe|34\/100\n|-damage|p2a: Vanilluxe|10\/100\n|-hitcount|p2a: Vanilluxe|2\n|move|p2a: Vanilluxe|Blizzard|p1a: Ninjask\n|-supereffective|p1a: Ninjask\n|-damage|p1a: Ninjask|0 fnt\n|faint|p1a: Ninjask\n|\n|-weather|Hail|[upkeep]\n|upkeep\n|\n|t:|1604246245\n|switch|p1a: Rapidash|Rapidash, F|83\/100\n|turn|11\n|\n|t:|1604246249\n|move|p1a: Rapidash|Flare Blitz|p2a: Vanilluxe\n|-supereffective|p2a: Vanilluxe\n|-damage|p2a: Vanilluxe|0 fnt\n|-damage|p1a: Rapidash|80\/100|[from] Recoil\n|faint|p2a: Vanilluxe\n|\n|-weather|Hail|[upkeep]\n|-damage|p1a: Rapidash|74\/100|[from] Hail\n|upkeep\n|\n|t:|1604246251\n|switch|p2a: Zygarde|Zygarde-10%|88\/100\n|-ability|p2a: Zygarde|Aura Break\n|turn|12\n|\n|t:|1604246255\n|switch|p1a: Persian|Persian-Alola, F|100\/100\n|-damage|p1a: Persian|88\/100|[from] Stealth Rock\n|move|p2a: Zygarde|Thousand Arrows|p1a: Persian\n|-damage|p1a: Persian|41\/100\n|\n|-weather|Hail|[upkeep]\n|-damage|p2a: Zygarde|82\/100|[from] Hail\n|-damage|p1a: Persian|35\/100|[from] Hail\n|-heal|p1a: Persian|41\/100|[from] item: Leftovers\n|upkeep\n|turn|13\n|\n|t:|1604246262\n|move|p1a: Persian|Parting Shot|p2a: Zygarde\n|-unboost|p2a: Zygarde|atk|1\n|-unboost|p2a: Zygarde|spa|1\n|\n|t:|1604246264\n|switch|p1a: Ribombee|Ribombee, F|100\/100|[from]move: Parting Shot\n|move|p2a: Zygarde|Thousand Arrows|p1a: Ribombee\n|-resisted|p1a: Ribombee\n|-damage|p1a: Ribombee|63\/100\n|\n|-weather|Hail|[upkeep]\n|-damage|p1a: Ribombee|56\/100|[from] Hail\n|-damage|p2a: Zygarde|76\/100|[from] Hail\n|upkeep\n|turn|14\n|\n|t:|1604246270\n|switch|p2a: Escavalier|Escavalier, M|100\/100\n|move|p1a: Ribombee|U-turn|p2a: Escavalier\n|-resisted|p2a: Escavalier\n|-damage|p2a: Escavalier|94\/100\n|\n|t:|1604246272\n|switch|p1a: Rapidash|Rapidash, F|74\/100|[from]move: U-turn\n|\n|-weather|Hail|[upkeep]\n|-damage|p1a: Rapidash|68\/100|[from] Hail\n|-heal|p2a: Escavalier|99\/100|[from] item: Leftovers\n|upkeep\n|turn|15\n|\n|t:|1604246275\n|switch|p2a: Cramorant|Cramorant, F|100\/100\n|move|p1a: Rapidash|Will-O-Wisp|p2a: Cramorant|[miss]\n|-miss|p1a: Rapidash|p2a: Cramorant\n|\n|-weather|Hail|[upkeep]\n|-damage|p1a: Rapidash|62\/100|[from] Hail\n|-damage|p2a: Cramorant|94\/100|[from] Hail\n|upkeep\n|turn|16\n|\n|t:|1604246285\n|switch|p1a: Trevenant|Trevenant, M|53\/100\n|-damage|p1a: Trevenant|41\/100|[from] Stealth Rock\n|move|p2a: Cramorant|Surf|p1a: Trevenant\n|-formechange|p2a: Cramorant|Cramorant-Gulping|\n|-resisted|p1a: Trevenant\n|-damage|p1a: Trevenant|26\/100\n|\n|-weather|Hail|[upkeep]\n|-damage|p2a: Cramorant|88\/100|[from] Hail\n|-damage|p1a: Trevenant|20\/100|[from] Hail\n|upkeep\n|turn|17\n|\n|t:|1604246310\n|move|p2a: Cramorant|Surf|p1a: Trevenant\n|-resisted|p1a: Trevenant\n|-damage|p1a: Trevenant|6\/100\n|move|p1a: Trevenant|Horn Leech|p2a: Cramorant\n|-damage|p2a: Cramorant|0 fnt\n|-heal|p1a: Trevenant|46\/100|[from] drain|[of] p2a: Cramorant\n|-damage|p1a: Trevenant|21\/100|[from] ability: Gulp Missile|[of] p2a: Cramorant\n|-unboost|p1a: Trevenant|def|1\n|-formechange|p2a: Cramorant|Cramorant|\n|faint|p2a: Cramorant\n|\n|-weather|none\n|upkeep\n|\n|t:|1604246317\n|switch|p2a: Zygarde|Zygarde-10%|76\/100\n|-ability|p2a: Zygarde|Aura Break\n|turn|18\n|\n|t:|1604246322\n|move|p2a: Zygarde|Thousand Arrows|p1a: Trevenant\n|-resisted|p1a: Trevenant\n|-damage|p1a: Trevenant|0 fnt\n|faint|p1a: Trevenant\n|\n|upkeep\n|\n|t:|1604246325\n|switch|p1a: Ribombee|Ribombee, F|56\/100\n|turn|19\n|\n|t:|1604246344\n|switch|p2a: Escavalier|Escavalier, M|99\/100\n|move|p1a: Ribombee|Moonblast|p2a: Escavalier\n|-resisted|p2a: Escavalier\n|-damage|p2a: Escavalier|86\/100\n|\n|-heal|p2a: Escavalier|92\/100|[from] item: Leftovers\n|upkeep\n|turn|20\n|\n|t:|1604246349\n|move|p1a: Ribombee|U-turn|p2a: Escavalier\n|-resisted|p2a: Escavalier\n|-damage|p2a: Escavalier|86\/100\n|\n|t:|1604246350\n|switch|p1a: Persian|Persian-Alola, F|41\/100|[from]move: U-turn\n|-damage|p1a: Persian|28\/100|[from] Stealth Rock\n|move|p2a: Escavalier|Close Combat|p1a: Persian\n|-supereffective|p1a: Persian\n|-damage|p1a: Persian|0 fnt\n|-unboost|p2a: Escavalier|def|1\n|-unboost|p2a: Escavalier|spd|1\n|faint|p1a: Persian\n|\n|-heal|p2a: Escavalier|92\/100|[from] item: Leftovers\n|upkeep\n|\n|t:|1604246352\n|switch|p1a: Rapidash|Rapidash, F|62\/100\n|turn|21\n|\n|t:|1604246355\n|move|p1a: Rapidash|Will-O-Wisp|p2a: Escavalier\n|-status|p2a: Escavalier|brn\n|move|p2a: Escavalier|Close Combat|p1a: Rapidash\n|-damage|p1a: Rapidash|39\/100\n|-unboost|p2a: Escavalier|def|1\n|-unboost|p2a: Escavalier|spd|1\n|\n|-heal|p2a: Escavalier|98\/100 brn|[from] item: Leftovers\n|-damage|p2a: Escavalier|92\/100 brn|[from] brn\n|upkeep\n|turn|22\n|\n|t:|1604246360\n|move|p1a: Rapidash|Morning Sun|p1a: Rapidash\n|-heal|p1a: Rapidash|89\/100\n|move|p2a: Escavalier|Knock Off|p1a: Rapidash\n|-damage|p1a: Rapidash|68\/100\n|-enditem|p1a: Rapidash|Heavy-Duty Boots|[from] move: Knock Off|[of] p2a: Escavalier\n|\n|-heal|p2a: Escavalier|98\/100 brn|[from] item: Leftovers\n|-damage|p2a: Escavalier|92\/100 brn|[from] brn\n|upkeep\n|turn|23\n|\n|t:|1604246364\n|switch|p2a: Arctozolt|Arctozolt|100\/100\n|move|p1a: Rapidash|Morning Sun|p1a: Rapidash\n|-heal|p1a: Rapidash|100\/100\n|\n|upkeep\n|turn|24\n|\n|t:|1604246370\n|move|p1a: Rapidash|Flare Blitz|p2a: Arctozolt\n|-supereffective|p2a: Arctozolt\n|-damage|p2a: Arctozolt|0 fnt\n|-damage|p1a: Rapidash|69\/100|[from] Recoil\n|faint|p2a: Arctozolt\n|\n|upkeep\n|\n|t:|1604246373\n|switch|p2a: Zygarde|Zygarde-10%|76\/100\n|-ability|p2a: Zygarde|Aura Break\n|turn|25\n|\n|t:|1604246384\n|switch|p1a: Ribombee|Ribombee, F|56\/100\n|move|p2a: Zygarde|Thousand Arrows|p1a: Ribombee\n|-resisted|p1a: Ribombee\n|-damage|p1a: Ribombee|1\/100\n|\n|upkeep\n|turn|26\n|\n|t:|1604246393\n|switch|p2a: Escavalier|Escavalier, M|92\/100 brn\n|move|p1a: Ribombee|U-turn|p2a: Escavalier\n|-resisted|p2a: Escavalier\n|-damage|p2a: Escavalier|86\/100 brn\n|\n|t:|1604246394\n|switch|p1a: Rapidash|Rapidash, F|69\/100|[from]move: U-turn\n|-damage|p1a: Rapidash|44\/100|[from] Stealth Rock\n|\n|-heal|p2a: Escavalier|92\/100 brn|[from] item: Leftovers\n|-damage|p2a: Escavalier|86\/100 brn|[from] brn\n|upkeep\n|turn|27\n|\n|t:|1604246401\n|move|p1a: Rapidash|Flare Blitz|p2a: Escavalier\n|-supereffective|p2a: Escavalier\n|-damage|p2a: Escavalier|0 fnt\n|-damage|p1a: Rapidash|15\/100|[from] Recoil\n|faint|p2a: Escavalier\n|\n|upkeep\n|\n|t:|1604246403\n|switch|p2a: Zygarde|Zygarde-10%|76\/100\n|-ability|p2a: Zygarde|Aura Break\n|turn|28\n|\n|t:|1604246408\n|move|p2a: Zygarde|Extreme Speed|p1a: Rapidash\n|-damage|p1a: Rapidash|0 fnt\n|faint|p1a: Rapidash\n|\n|upkeep\n|\n|t:|1604246409\n|switch|p1a: Ribombee|Ribombee, F|1\/100\n|turn|29\n|c|\u2606Walletinspector62|Gg\n|\n|t:|1604246417\n|move|p2a: Zygarde|Extreme Speed|p1a: Ribombee\n|-damage|p1a: Ribombee|0 fnt\n|faint|p1a: Ribombee\n|\n|win|Catalisador\n","uploadtime":1604246418,"views":21,"p1id":"walletinspector62","p2id":"catalisador","formatid":"gen8nu","rating":0,"private":0,"password":null}