{"id":"gen8ou-1095302135","p1":"FrozSingsLetItGo","p2":"testotesto321","format":"gen8ou","log":"|j|\u2606FrozSingsLetItGo\n|j|\u2606testotesto321\n|player|p1|FrozSingsLetItGo|dawn|1633\n|player|p2|testotesto321|bellelba|1651\n|teamsize|p1|6\n|teamsize|p2|6\n|gametype|singles\n|gen|8\n|tier|[Gen 8] OU\n|rated|\n|html|<div class=\"broadcast-red\"><strong>OU is currently suspecting Melmetal! For information on how to participate check out the <a href=\"https:\/\/www.smogon.com\/forums\/threads\/3662190\/\">suspect thread<\/a>.<\/strong><\/div>\n|clearpoke\n|poke|p1|Salazzle, F|\n|poke|p1|Hatterene, F|\n|poke|p1|Chandelure, M|\n|poke|p1|Excadrill, F|\n|poke|p1|Corviknight, F|\n|poke|p1|Seismitoad, F|\n|poke|p2|Melmetal|\n|poke|p2|Rotom-Heat|\n|poke|p2|Kyurem|\n|poke|p2|Clefable, M|\n|poke|p2|Corviknight, F|\n|poke|p2|Seismitoad, F|\n|rule|Sleep Clause Mod: Limit one foe put to sleep\n|rule|Species Clause: Limit one of each Pok\u00e9mon\n|rule|OHKO Clause: OHKO moves are banned\n|rule|Evasion Moves Clause: Evasion moves are banned\n|rule|Endless Battle Clause: Forcing endless battles is banned\n|rule|HP Percentage Mod: HP is shown in percentages\n|rule|Dynamax Clause: You cannot dynamax\n|teampreview\n|c|\u2606FrozSingsLetItGo|glhf\n|\n|start\n|switch|p1a: Salazzle|Salazzle, F|100\/100\n|switch|p2a: Seismitoad|Seismitoad, F|100\/100\n|turn|1\n|\n|move|p1a: Salazzle|Substitute|p1a: Salazzle\n|-start|p1a: Salazzle|Substitute\n|-damage|p1a: Salazzle|76\/100\n|move|p2a: Seismitoad|Earth Power|p1a: Salazzle\n|-supereffective|p1a: Salazzle\n|-end|p1a: Salazzle|Substitute\n|\n|-heal|p1a: Salazzle|82\/100|[from] item: Leftovers\n|upkeep\n|turn|2\n|j| DittoTang\n|\n|switch|p1a: Hatterene|Hatterene, F|100\/100\n|move|p2a: Seismitoad|Scald|p1a: Hatterene\n|-damage|p1a: Hatterene|75\/100\n|-status|p1a: Hatterene|brn\n|\n|-heal|p1a: Hatterene|81\/100 brn|[from] item: Leftovers\n|-damage|p1a: Hatterene|75\/100 brn|[from] brn\n|upkeep\n|turn|3\n|\n|switch|p2a: Corviknight|Corviknight, F, shiny|100\/100\n|-ability|p2a: Corviknight|Pressure\n|move|p1a: Hatterene|Calm Mind|p1a: Hatterene\n|-boost|p1a: Hatterene|spa|1\n|-boost|p1a: Hatterene|spd|1\n|\n|-heal|p1a: Hatterene|81\/100 brn|[from] item: Leftovers\n|-damage|p1a: Hatterene|75\/100 brn|[from] brn\n|upkeep\n|turn|4\n|\n|switch|p1a: Salazzle|Salazzle, F|82\/100\n|move|p2a: Corviknight|U-turn|p1a: Salazzle\n|-resisted|p1a: Salazzle\n|-damage|p1a: Salazzle|76\/100\n|\n|switch|p2a: Seismitoad|Seismitoad, F|100\/100|[from]move: U-turn\n|\n|-heal|p1a: Salazzle|82\/100|[from] item: Leftovers\n|upkeep\n|turn|5\n|\n|switch|p1a: Seismitoad|Seismitoad, F|100\/100\n|move|p2a: Seismitoad|Earth Power|p1a: Seismitoad\n|-damage|p1a: Seismitoad|72\/100\n|\n|-heal|p1a: Seismitoad|78\/100|[from] item: Leftovers\n|upkeep\n|turn|6\n|\n|move|p1a: Seismitoad|Stealth Rock|p2a: Seismitoad\n|-sidestart|p2: testotesto321|move: Stealth Rock\n|move|p2a: Seismitoad|Toxic|p1a: Seismitoad\n|-status|p1a: Seismitoad|tox\n|\n|-heal|p1a: Seismitoad|84\/100 tox|[from] item: Leftovers\n|-damage|p1a: Seismitoad|78\/100 tox|[from] psn\n|upkeep\n|turn|7\n|\n|switch|p2a: Corviknight|Corviknight, F, shiny|100\/100\n|-damage|p2a: Corviknight|88\/100|[from] Stealth Rock\n|-ability|p2a: Corviknight|Pressure\n|move|p1a: Seismitoad|Toxic|p2a: Corviknight\n|-immune|p2a: Corviknight\n|\n|-heal|p1a: Seismitoad|84\/100 tox|[from] item: Leftovers\n|-heal|p2a: Corviknight|94\/100|[from] item: Leftovers\n|-damage|p1a: Seismitoad|72\/100 tox|[from] psn\n|upkeep\n|turn|8\n|\n|switch|p1a: Salazzle|Salazzle, F|82\/100\n|move|p2a: Corviknight|Defog|p1a: Salazzle\n|-unboost|p1a: Salazzle|evasion|1\n|-sideend|p2: testotesto321|Stealth Rock|[from] move: Defog|[of] p2a: Corviknight\n|\n|-heal|p1a: Salazzle|88\/100|[from] item: Leftovers\n|-heal|p2a: Corviknight|100\/100|[from] item: Leftovers\n|upkeep\n|turn|9\n|\n|switch|p2a: Seismitoad|Seismitoad, F|100\/100\n|move|p1a: Salazzle|Toxic|p2a: Seismitoad\n|-status|p2a: Seismitoad|tox\n|\n|-heal|p1a: Salazzle|95\/100|[from] item: Leftovers\n|-damage|p2a: Seismitoad|94\/100 tox|[from] psn\n|upkeep\n|turn|10\n|\n|move|p1a: Salazzle|Substitute|p1a: Salazzle\n|-start|p1a: Salazzle|Substitute\n|-damage|p1a: Salazzle|70\/100\n|move|p2a: Seismitoad|Earth Power|p1a: Salazzle\n|-supereffective|p1a: Salazzle\n|-crit|p1a: Salazzle\n|-end|p1a: Salazzle|Substitute\n|\n|-heal|p1a: Salazzle|76\/100|[from] item: Leftovers\n|-heal|p2a: Seismitoad|100\/100 tox|[from] item: Leftovers\n|-damage|p2a: Seismitoad|88\/100 tox|[from] psn\n|upkeep\n|turn|11\n|\n|move|p1a: Salazzle|Protect|p1a: Salazzle\n|-singleturn|p1a: Salazzle|Protect\n|move|p2a: Seismitoad|Earth Power|p1a: Salazzle\n|-activate|p1a: Salazzle|move: Protect\n|\n|-heal|p1a: Salazzle|82\/100|[from] item: Leftovers\n|-heal|p2a: Seismitoad|94\/100 tox|[from] item: Leftovers\n|-damage|p2a: Seismitoad|76\/100 tox|[from] psn\n|upkeep\n|turn|12\n|\n|switch|p1a: Corviknight|Corviknight, F|100\/100\n|move|p2a: Seismitoad|Earth Power|p1a: Corviknight\n|-immune|p1a: Corviknight\n|\n|-heal|p2a: Seismitoad|82\/100 tox|[from] item: Leftovers\n|-damage|p2a: Seismitoad|58\/100 tox|[from] psn\n|upkeep\n|turn|13\n|\n|switch|p2a: Rotom|Rotom-Heat|100\/100\n|move|p1a: Corviknight|U-turn|p2a: Rotom\n|-resisted|p2a: Rotom\n|-damage|p2a: Rotom|91\/100\n|\n|switch|p1a: Salazzle|Salazzle, F|82\/100|[from]move: U-turn\n|\n|-heal|p1a: Salazzle|88\/100|[from] item: Leftovers\n|upkeep\n|turn|14\n|\n|move|p1a: Salazzle|Toxic|p2a: Rotom\n|-status|p2a: Rotom|tox\n|move|p2a: Rotom|Discharge|p1a: Salazzle\n|-damage|p1a: Salazzle|31\/100\n|\n|-heal|p1a: Salazzle|37\/100|[from] item: Leftovers\n|-damage|p2a: Rotom|85\/100 tox|[from] psn\n|upkeep\n|turn|15\n|\n|move|p1a: Salazzle|Protect|p1a: Salazzle\n|-singleturn|p1a: Salazzle|Protect\n|move|p2a: Rotom|Nasty Plot|p2a: Rotom\n|-boost|p2a: Rotom|spa|2\n|\n|-heal|p1a: Salazzle|43\/100|[from] item: Leftovers\n|-damage|p2a: Rotom|72\/100 tox|[from] psn\n|upkeep\n|turn|16\n|\n|switch|p1a: Chandelure|Chandelure, M|100\/100\n|move|p2a: Rotom|Overheat|p1a: Chandelure\n|-start|p1a: Chandelure|ability: Flash Fire\n|\n|-damage|p2a: Rotom|54\/100 tox|[from] psn\n|upkeep\n|turn|17\n|\n|-end|p1a: Chandelure|ability: Flash Fire|[silent]\n|switch|p1a: Seismitoad|Seismitoad, F|72\/100 tox\n|move|p2a: Rotom|Discharge|p1a: Seismitoad\n|-immune|p1a: Seismitoad\n|\n|-heal|p1a: Seismitoad|78\/100 tox|[from] item: Leftovers\n|-damage|p2a: Rotom|29\/100 tox|[from] psn\n|-damage|p1a: Seismitoad|72\/100 tox|[from] psn\n|upkeep\n|turn|18\n|\n|switch|p1a: Chandelure|Chandelure, M|100\/100\n|move|p2a: Rotom|Discharge|p1a: Chandelure\n|-damage|p1a: Chandelure|6\/100\n|-status|p1a: Chandelure|par\n|\n|-damage|p2a: Rotom|0 fnt|[from] psn\n|faint|p2a: Rotom\n|upkeep\n|\n|switch|p2a: Kyurem|Kyurem|100\/100\n|-ability|p2a: Kyurem|Pressure\n|turn|19\n|\n|switch|p1a: Corviknight|Corviknight, F|100\/100\n|move|p2a: Kyurem|Ice Beam|p1a: Corviknight\n|-damage|p1a: Corviknight|53\/100\n|\n|-heal|p1a: Corviknight|59\/100|[from] item: Leftovers\n|upkeep\n|turn|20\n|j| ocphantoml2\n|\n|move|p2a: Kyurem|Ice Beam|p1a: Corviknight\n|-damage|p1a: Corviknight|13\/100\n|move|p1a: Corviknight|Roost|p1a: Corviknight\n|-heal|p1a: Corviknight|63\/100\n|-singleturn|p1a: Corviknight|move: Roost\n|\n|-heal|p1a: Corviknight|70\/100|[from] item: Leftovers\n|upkeep\n|turn|21\n|\n|move|p2a: Kyurem|Ice Beam|p1a: Corviknight\n|-damage|p1a: Corviknight|20\/100\n|move|p1a: Corviknight|Roost|p1a: Corviknight\n|-heal|p1a: Corviknight|70\/100\n|-singleturn|p1a: Corviknight|move: Roost\n|\n|-heal|p1a: Corviknight|76\/100|[from] item: Leftovers\n|upkeep\n|turn|22\n|\n|move|p2a: Kyurem|Ice Beam|p1a: Corviknight\n|-damage|p1a: Corviknight|31\/100\n|move|p1a: Corviknight|Roost|p1a: Corviknight\n|-heal|p1a: Corviknight|81\/100\n|-singleturn|p1a: Corviknight|move: Roost\n|\n|-heal|p1a: Corviknight|87\/100|[from] item: Leftovers\n|upkeep\n|turn|23\n|\n|switch|p2a: Melmetal|Melmetal|100\/100\n|move|p1a: Corviknight|Roost|p1a: Corviknight\n|-heal|p1a: Corviknight|100\/100\n|-singleturn|p1a: Corviknight|move: Roost\n|\n|upkeep\n|turn|24\n|\n|move|p1a: Corviknight|U-turn|p2a: Melmetal\n|-resisted|p2a: Melmetal\n|-damage|p2a: Melmetal|96\/100\n|\n|switch|p1a: Chandelure|Chandelure, M|6\/100 par|[from]move: U-turn\n|move|p2a: Melmetal|Superpower|p1a: Chandelure\n|-immune|p1a: Chandelure\n|\n|upkeep\n|turn|25\n|\n|switch|p2a: Clefable|Clefable, M|100\/100\n|move|p1a: Chandelure|Shadow Ball|p2a: Clefable\n|-damage|p2a: Clefable|50\/100\n|\n|-heal|p2a: Clefable|56\/100|[from] item: Leftovers\n|upkeep\n|turn|26\n|\n|switch|p1a: Salazzle|Salazzle, F|43\/100\n|move|p2a: Clefable|Moonblast|p1a: Salazzle\n|-resisted|p1a: Salazzle\n|-damage|p1a: Salazzle|30\/100\n|-unboost|p1a: Salazzle|spa|1\n|\n|-heal|p1a: Salazzle|36\/100|[from] item: Leftovers\n|-heal|p2a: Clefable|62\/100|[from] item: Leftovers\n|upkeep\n|turn|27\n|\n|move|p2a: Clefable|Protect|p2a: Clefable\n|-singleturn|p2a: Clefable|Protect\n|move|p1a: Salazzle|Toxic|p2a: Clefable\n|-activate|p2a: Clefable|move: Protect\n|\n|-heal|p1a: Salazzle|43\/100|[from] item: Leftovers\n|-heal|p2a: Clefable|69\/100|[from] item: Leftovers\n|upkeep\n|turn|28\n|\n|move|p1a: Salazzle|Toxic|p2a: Clefable\n|-status|p2a: Clefable|tox\n|move|p2a: Clefable|Moonblast|p1a: Salazzle\n|-resisted|p1a: Salazzle\n|-damage|p1a: Salazzle|31\/100\n|\n|-heal|p1a: Salazzle|38\/100|[from] item: Leftovers\n|-heal|p2a: Clefable|75\/100 tox|[from] item: Leftovers\n|upkeep\n|turn|29\n|\n|move|p1a: Salazzle|Protect|p1a: Salazzle\n|-singleturn|p1a: Salazzle|Protect\n|move|p2a: Clefable|Wish|p2a: Clefable\n|\n|-heal|p1a: Salazzle|44\/100|[from] item: Leftovers\n|-heal|p2a: Clefable|81\/100 tox|[from] item: Leftovers\n|upkeep\n|turn|30\n|\n|move|p1a: Salazzle|Substitute|p1a: Salazzle\n|-start|p1a: Salazzle|Substitute\n|-damage|p1a: Salazzle|19\/100\n|move|p2a: Clefable|Teleport|p2a: Clefable\n|\n|switch|p2a: Melmetal|Melmetal|96\/100|[from]move: Teleport\n|\n|-heal|p2a: Melmetal|100\/100|[from] move: Wish|[wisher] Clefable\n|-heal|p1a: Salazzle|25\/100|[from] item: Leftovers\n|upkeep\n|turn|31\n|\n|move|p1a: Salazzle|Protect|p1a: Salazzle\n|-singleturn|p1a: Salazzle|Protect\n|move|p2a: Melmetal|Double Iron Bash|p1a: Salazzle\n|-activate|p1a: Salazzle|move: Protect\n|\n|-heal|p1a: Salazzle|31\/100|[from] item: Leftovers\n|upkeep\n|turn|32\n|\n|switch|p1a: Chandelure|Chandelure, M|6\/100 par\n|move|p2a: Melmetal|Double Iron Bash|p1a: Chandelure\n|-resisted|p1a: Chandelure\n|-damage|p1a: Chandelure|0 fnt\n|-hitcount|p1a: Chandelure|1\n|faint|p1a: Chandelure\n|\n|upkeep\n|\n|switch|p1a: Seismitoad|Seismitoad, F|72\/100 tox\n|turn|33\n|\n|switch|p2a: Corviknight|Corviknight, F, shiny|100\/100\n|-ability|p2a: Corviknight|Pressure\n|move|p1a: Seismitoad|Stealth Rock|p2a: Corviknight\n|-sidestart|p2: testotesto321|move: Stealth Rock\n|\n|-heal|p1a: Seismitoad|78\/100 tox|[from] item: Leftovers\n|-damage|p1a: Seismitoad|72\/100 tox|[from] psn\n|upkeep\n|turn|34\n|\n|switch|p1a: Salazzle|Salazzle, F|31\/100\n|move|p2a: Corviknight|Defog|p1a: Salazzle\n|-unboost|p1a: Salazzle|evasion|1\n|-sideend|p2: testotesto321|Stealth Rock|[from] move: Defog|[of] p2a: Corviknight\n|\n|-heal|p1a: Salazzle|38\/100|[from] item: Leftovers\n|upkeep\n|turn|35\n|\n|move|p1a: Salazzle|Toxic|p2a: Corviknight\n|-status|p2a: Corviknight|tox\n|move|p2a: Corviknight|U-turn|p1a: Salazzle\n|-resisted|p1a: Salazzle\n|-damage|p1a: Salazzle|32\/100\n|\n|switch|p2a: Melmetal|Melmetal|100\/100|[from]move: U-turn\n|\n|-heal|p1a: Salazzle|38\/100|[from] item: Leftovers\n|upkeep\n|turn|36\n|\n|move|p1a: Salazzle|Protect|p1a: Salazzle\n|-singleturn|p1a: Salazzle|Protect\n|move|p2a: Melmetal|Double Iron Bash|p1a: Salazzle\n|-activate|p1a: Salazzle|move: Protect\n|\n|-heal|p1a: Salazzle|44\/100|[from] item: Leftovers\n|upkeep\n|turn|37\n|\n|switch|p1a: Corviknight|Corviknight, F|100\/100\n|switch|p2a: Kyurem|Kyurem|100\/100\n|-ability|p2a: Kyurem|Pressure\n|\n|upkeep\n|turn|38\n|\n|move|p2a: Kyurem|Ice Beam|p1a: Corviknight\n|-damage|p1a: Corviknight|51\/100\n|move|p1a: Corviknight|U-turn|p2a: Kyurem\n|-damage|p2a: Kyurem|87\/100\n|\n|switch|p1a: Excadrill|Excadrill, F|100\/100|[from]move: U-turn\n|-ability|p1a: Excadrill|Mold Breaker\n|\n|upkeep\n|turn|39\n|\n|switch|p2a: Corviknight|Corviknight, F, shiny|100\/100 tox\n|-ability|p2a: Corviknight|Pressure\n|move|p1a: Excadrill|Stealth Rock|p2a: Corviknight\n|-sidestart|p2: testotesto321|move: Stealth Rock\n|\n|-damage|p2a: Corviknight|94\/100 tox|[from] psn\n|upkeep\n|turn|40\n|\n|switch|p1a: Salazzle|Salazzle, F|44\/100\n|move|p2a: Corviknight|Body Press|p1a: Salazzle\n|-resisted|p1a: Salazzle\n|-damage|p1a: Salazzle|24\/100\n|\n|-heal|p1a: Salazzle|30\/100|[from] item: Leftovers\n|-heal|p2a: Corviknight|100\/100 tox|[from] item: Leftovers\n|-damage|p2a: Corviknight|88\/100 tox|[from] psn\n|upkeep\n|turn|41\n|\n|move|p1a: Salazzle|Protect|p1a: Salazzle\n|-singleturn|p1a: Salazzle|Protect\n|move|p2a: Corviknight|Defog|p1a: Salazzle\n|-activate|p1a: Salazzle|move: Protect\n|\n|-heal|p1a: Salazzle|36\/100|[from] item: Leftovers\n|-heal|p2a: Corviknight|94\/100 tox|[from] item: Leftovers\n|-damage|p2a: Corviknight|75\/100 tox|[from] psn\n|upkeep\n|turn|42\n|\n|move|p1a: Salazzle|Flamethrower|p2a: Corviknight\n|-supereffective|p2a: Corviknight\n|-crit|p2a: Corviknight\n|-damage|p2a: Corviknight|0 fnt\n|faint|p2a: Corviknight\n|\n|-heal|p1a: Salazzle|42\/100|[from] item: Leftovers\n|upkeep\n|\n|switch|p2a: Melmetal|Melmetal|100\/100\n|-damage|p2a: Melmetal|94\/100|[from] Stealth Rock\n|turn|43\n|\n|move|p1a: Salazzle|Protect|p1a: Salazzle\n|-singleturn|p1a: Salazzle|Protect\n|move|p2a: Melmetal|Superpower|p1a: Salazzle\n|-activate|p1a: Salazzle|move: Protect\n|\n|-heal|p1a: Salazzle|49\/100|[from] item: Leftovers\n|upkeep\n|turn|44\n|\n|move|p1a: Salazzle|Substitute|p1a: Salazzle\n|-start|p1a: Salazzle|Substitute\n|-damage|p1a: Salazzle|24\/100\n|move|p2a: Melmetal|Superpower|p1a: Salazzle\n|-resisted|p1a: Salazzle\n|-end|p1a: Salazzle|Substitute\n|-unboost|p2a: Melmetal|atk|1\n|-unboost|p2a: Melmetal|def|1\n|\n|-heal|p1a: Salazzle|30\/100|[from] item: Leftovers\n|upkeep\n|turn|45\n|\n|move|p1a: Salazzle|Protect|p1a: Salazzle\n|-singleturn|p1a: Salazzle|Protect\n|move|p2a: Melmetal|Superpower|p1a: Salazzle\n|-activate|p1a: Salazzle|move: Protect\n|\n|-heal|p1a: Salazzle|36\/100|[from] item: Leftovers\n|upkeep\n|turn|46\n|\n|switch|p2a: Clefable|Clefable, M|81\/100 tox\n|move|p1a: Salazzle|Flamethrower|p2a: Clefable\n|-damage|p2a: Clefable|59\/100 tox\n|\n|-heal|p1a: Salazzle|42\/100|[from] item: Leftovers\n|-heal|p2a: Clefable|65\/100 tox|[from] item: Leftovers\n|upkeep\n|turn|47\n|\n|move|p1a: Salazzle|Flamethrower|p2a: Clefable\n|-damage|p2a: Clefable|42\/100 tox\n|move|p2a: Clefable|Wish|p2a: Clefable\n|\n|-heal|p1a: Salazzle|49\/100|[from] item: Leftovers\n|-heal|p2a: Clefable|48\/100 tox|[from] item: Leftovers\n|upkeep\n|turn|48\n|\n|move|p1a: Salazzle|Flamethrower|p2a: Clefable\n|-damage|p2a: Clefable|26\/100 tox\n|move|p2a: Clefable|Moonblast|p1a: Salazzle\n|-resisted|p1a: Salazzle\n|-damage|p1a: Salazzle|38\/100\n|\n|-heal|p2a: Clefable|76\/100 tox|[from] move: Wish|[wisher] Clefable\n|-heal|p1a: Salazzle|44\/100|[from] item: Leftovers\n|-heal|p2a: Clefable|82\/100 tox|[from] item: Leftovers\n|upkeep\n|turn|49\n|\n|switch|p1a: Corviknight|Corviknight, F|51\/100\n|move|p2a: Clefable|Wish|p2a: Clefable\n|\n|-heal|p1a: Corviknight|57\/100|[from] item: Leftovers\n|-heal|p2a: Clefable|88\/100 tox|[from] item: Leftovers\n|upkeep\n|turn|50\n|\n|move|p1a: Corviknight|Roost|p1a: Corviknight\n|-heal|p1a: Corviknight|100\/100\n|-singleturn|p1a: Corviknight|move: Roost\n|move|p2a: Clefable|Teleport|p2a: Clefable\n|j|\u203dfushunha\n|\n|switch|p2a: Melmetal|Melmetal|94\/100|[from]move: Teleport\n|-damage|p2a: Melmetal|88\/100|[from] Stealth Rock\n|\n|-heal|p2a: Melmetal|100\/100|[from] move: Wish|[wisher] Clefable\n|upkeep\n|turn|51\n|\n|move|p1a: Corviknight|U-turn|p2a: Melmetal\n|-resisted|p2a: Melmetal\n|-damage|p2a: Melmetal|97\/100\n|\n|switch|p1a: Excadrill|Excadrill, F|100\/100|[from]move: U-turn\n|-ability|p1a: Excadrill|Mold Breaker\n|move|p2a: Melmetal|Superpower|p1a: Excadrill\n|-supereffective|p1a: Excadrill\n|-damage|p1a: Excadrill|0 fnt\n|-unboost|p2a: Melmetal|atk|1\n|-unboost|p2a: Melmetal|def|1\n|faint|p1a: Excadrill\n|\n|upkeep\n|\n|switch|p1a: Hatterene|Hatterene, F|75\/100 brn\n|turn|52\n|\n|switch|p2a: Clefable|Clefable, M|88\/100 tox\n|move|p1a: Hatterene|Calm Mind|p1a: Hatterene\n|-boost|p1a: Hatterene|spa|1\n|-boost|p1a: Hatterene|spd|1\n|\n|-heal|p2a: Clefable|94\/100 tox|[from] item: Leftovers\n|-heal|p1a: Hatterene|81\/100 brn|[from] item: Leftovers\n|-damage|p1a: Hatterene|75\/100 brn|[from] brn\n|upkeep\n|turn|53\n|\n|move|p1a: Hatterene|Draining Kiss|p2a: Clefable\n|-damage|p2a: Clefable|72\/100 tox\n|-heal|p1a: Hatterene|95\/100 brn|[from] drain|[of] p2a: Clefable\n|move|p2a: Clefable|Teleport|p2a: Clefable\n|\n|switch|p2a: Melmetal|Melmetal|97\/100|[from]move: Teleport\n|-damage|p2a: Melmetal|91\/100|[from] Stealth Rock\n|\n|-heal|p1a: Hatterene|100\/100 brn|[from] item: Leftovers\n|-damage|p1a: Hatterene|95\/100 brn|[from] brn\n|upkeep\n|turn|54\n|\n|switch|p1a: Corviknight|Corviknight, F|100\/100\n|move|p2a: Melmetal|Double Iron Bash|p1a: Corviknight\n|-resisted|p1a: Corviknight\n|-damage|p1a: Corviknight|75\/100\n|-resisted|p1a: Corviknight\n|-damage|p1a: Corviknight|50\/100\n|-hitcount|p1a: Corviknight|2\n|\n|-heal|p1a: Corviknight|57\/100|[from] item: Leftovers\n|upkeep\n|turn|55\n|\n|switch|p2a: Clefable|Clefable, M|72\/100 tox\n|move|p1a: Corviknight|Roost|p1a: Corviknight\n|-heal|p1a: Corviknight|100\/100\n|-singleturn|p1a: Corviknight|move: Roost\n|\n|-heal|p2a: Clefable|78\/100 tox|[from] item: Leftovers\n|upkeep\n|turn|56\n|\n|move|p1a: Corviknight|Iron Head|p2a: Clefable\n|-supereffective|p2a: Clefable\n|-damage|p2a: Clefable|19\/100 tox\n|move|p2a: Clefable|Wish|p2a: Clefable\n|\n|-heal|p2a: Clefable|25\/100 tox|[from] item: Leftovers\n|upkeep\n|turn|57\n|\n|move|p2a: Clefable|Protect|p2a: Clefable\n|-singleturn|p2a: Clefable|Protect\n|move|p1a: Corviknight|Iron Head|p2a: Clefable\n|-activate|p2a: Clefable|move: Protect\n|\n|-heal|p2a: Clefable|75\/100 tox|[from] move: Wish|[wisher] Clefable\n|-heal|p2a: Clefable|81\/100 tox|[from] item: Leftovers\n|upkeep\n|turn|58\n|\n|switch|p2a: Melmetal|Melmetal|91\/100\n|-damage|p2a: Melmetal|85\/100|[from] Stealth Rock\n|move|p1a: Corviknight|U-turn|p2a: Melmetal\n|-resisted|p2a: Melmetal\n|-damage|p2a: Melmetal|81\/100\n|\n|switch|p1a: Salazzle|Salazzle, F|44\/100|[from]move: U-turn\n|\n|-heal|p1a: Salazzle|50\/100|[from] item: Leftovers\n|upkeep\n|turn|59\n|\n|move|p1a: Salazzle|Protect|p1a: Salazzle\n|-singleturn|p1a: Salazzle|Protect\n|move|p2a: Melmetal|Double Iron Bash|p1a: Salazzle\n|-activate|p1a: Salazzle|move: Protect\n|\n|-heal|p1a: Salazzle|56\/100|[from] item: Leftovers\n|upkeep\n|turn|60\n|\n|switch|p1a: Corviknight|Corviknight, F|100\/100\n|move|p2a: Melmetal|Double Iron Bash|p1a: Corviknight\n|-resisted|p1a: Corviknight\n|-damage|p1a: Corviknight|74\/100\n|-resisted|p1a: Corviknight\n|-damage|p1a: Corviknight|47\/100\n|-hitcount|p1a: Corviknight|2\n|\n|-heal|p1a: Corviknight|53\/100|[from] item: Leftovers\n|upkeep\n|turn|61\n|\n|move|p1a: Corviknight|Roost|p1a: Corviknight\n|-heal|p1a: Corviknight|100\/100\n|-singleturn|p1a: Corviknight|move: Roost\n|move|p2a: Melmetal|Double Iron Bash|p1a: Corviknight\n|-resisted|p1a: Corviknight\n|-damage|p1a: Corviknight|74\/100\n|-resisted|p1a: Corviknight\n|-damage|p1a: Corviknight|48\/100\n|-hitcount|p1a: Corviknight|2\n|\n|-heal|p1a: Corviknight|54\/100|[from] item: Leftovers\n|upkeep\n|turn|62\n|\n|switch|p2a: Clefable|Clefable, M|81\/100 tox\n|move|p1a: Corviknight|Roost|p1a: Corviknight\n|-heal|p1a: Corviknight|100\/100\n|-singleturn|p1a: Corviknight|move: Roost\n|\n|-heal|p2a: Clefable|87\/100 tox|[from] item: Leftovers\n|upkeep\n|turn|63\n|\n|move|p2a: Clefable|Protect|p2a: Clefable\n|-singleturn|p2a: Clefable|Protect\n|move|p1a: Corviknight|Iron Head|p2a: Clefable\n|-activate|p2a: Clefable|move: Protect\n|\n|-heal|p2a: Clefable|93\/100 tox|[from] item: Leftovers\n|upkeep\n|turn|64\n|l| ocphantoml2\n|\n|switch|p2a: Melmetal|Melmetal|81\/100\n|-damage|p2a: Melmetal|75\/100|[from] Stealth Rock\n|move|p1a: Corviknight|Iron Head|p2a: Melmetal\n|-resisted|p2a: Melmetal\n|-damage|p2a: Melmetal|68\/100\n|\n|upkeep\n|turn|65\n|\n|move|p1a: Corviknight|Roost||[still]\n|-fail|p1a: Corviknight|heal\n|move|p2a: Melmetal|Thunder Punch|p1a: Corviknight\n|-supereffective|p1a: Corviknight\n|-damage|p1a: Corviknight|9\/100\n|\n|-heal|p1a: Corviknight|16\/100|[from] item: Leftovers\n|upkeep\n|turn|66\n|\n|move|p1a: Corviknight|Roost|p1a: Corviknight\n|-heal|p1a: Corviknight|66\/100\n|-singleturn|p1a: Corviknight|move: Roost\n|move|p2a: Melmetal|Thunder Punch|p1a: Corviknight\n|-damage|p1a: Corviknight|22\/100\n|\n|-heal|p1a: Corviknight|29\/100|[from] item: Leftovers\n|upkeep\n|turn|67\n|\n|move|p1a: Corviknight|Roost|p1a: Corviknight\n|-heal|p1a: Corviknight|78\/100\n|-singleturn|p1a: Corviknight|move: Roost\n|move|p2a: Melmetal|Thunder Punch|p1a: Corviknight\n|-damage|p1a: Corviknight|33\/100\n|\n|-heal|p1a: Corviknight|40\/100|[from] item: Leftovers\n|upkeep\n|turn|68\n|\n|switch|p1a: Seismitoad|Seismitoad, F|72\/100 tox\n|move|p2a: Melmetal|Thunder Punch|p1a: Seismitoad\n|-immune|p1a: Seismitoad\n|\n|-heal|p1a: Seismitoad|78\/100 tox|[from] item: Leftovers\n|-damage|p1a: Seismitoad|72\/100 tox|[from] psn\n|upkeep\n|turn|69\n|\n|switch|p1a: Corviknight|Corviknight, F|40\/100\n|switch|p2a: Clefable|Clefable, M|93\/100 tox\n|\n|-heal|p1a: Corviknight|46\/100|[from] item: Leftovers\n|-heal|p2a: Clefable|99\/100 tox|[from] item: Leftovers\n|upkeep\n|turn|70\n|\n|move|p1a: Corviknight|Iron Head|p2a: Clefable\n|-supereffective|p2a: Clefable\n|-damage|p2a: Clefable|48\/100 tox\n|cant|p2a: Clefable|flinch\n|\n|-heal|p1a: Corviknight|52\/100|[from] item: Leftovers\n|-heal|p2a: Clefable|54\/100 tox|[from] item: Leftovers\n|upkeep\n|turn|71\n|\n|move|p1a: Corviknight|Roost|p1a: Corviknight\n|-heal|p1a: Corviknight|100\/100\n|-singleturn|p1a: Corviknight|move: Roost\n|move|p2a: Clefable|Teleport|p2a: Clefable\n|\n|switch|p2a: Melmetal|Melmetal|68\/100|[from]move: Teleport\n|-damage|p2a: Melmetal|61\/100|[from] Stealth Rock\n|\n|upkeep\n|turn|72\n|\n|move|p1a: Corviknight|Iron Head|p2a: Melmetal\n|-resisted|p2a: Melmetal\n|-damage|p2a: Melmetal|55\/100\n|move|p2a: Melmetal|Thunder Punch|p1a: Corviknight\n|-supereffective|p1a: Corviknight\n|-damage|p1a: Corviknight|5\/100\n|\n|-heal|p1a: Corviknight|12\/100|[from] item: Leftovers\n|upkeep\n|turn|73\n|\n|switch|p1a: Seismitoad|Seismitoad, F|72\/100 tox\n|move|p2a: Melmetal|Thunder Punch|p1a: Seismitoad\n|-immune|p1a: Seismitoad\n|\n|-heal|p1a: Seismitoad|78\/100 tox|[from] item: Leftovers\n|-damage|p1a: Seismitoad|72\/100 tox|[from] psn\n|upkeep\n|turn|74\n|\n|switch|p2a: Clefable|Clefable, M|54\/100 tox\n|move|p1a: Seismitoad|Earth Power|p2a: Clefable\n|-damage|p2a: Clefable|36\/100 tox\n|\n|-heal|p1a: Seismitoad|78\/100 tox|[from] item: Leftovers\n|-heal|p2a: Clefable|42\/100 tox|[from] item: Leftovers\n|-damage|p1a: Seismitoad|65\/100 tox|[from] psn\n|upkeep\n|turn|75\n|\n|switch|p1a: Hatterene|Hatterene, F|95\/100 brn\n|move|p2a: Clefable|Wish|p2a: Clefable\n|\n|-heal|p2a: Clefable|48\/100 tox|[from] item: Leftovers\n|-heal|p1a: Hatterene|100\/100 brn|[from] item: Leftovers\n|-damage|p1a: Hatterene|95\/100 brn|[from] brn\n|upkeep\n|turn|76\n|\n|switch|p2a: Melmetal|Melmetal|55\/100\n|-damage|p2a: Melmetal|48\/100|[from] Stealth Rock\n|move|p1a: Hatterene|Calm Mind|p1a: Hatterene\n|-boost|p1a: Hatterene|spa|1\n|-boost|p1a: Hatterene|spd|1\n|\n|-heal|p2a: Melmetal|90\/100|[from] move: Wish|[wisher] Clefable\n|-heal|p1a: Hatterene|100\/100 brn|[from] item: Leftovers\n|-damage|p1a: Hatterene|95\/100 brn|[from] brn\n|upkeep\n|turn|77\n|\n|move|p2a: Melmetal|Thunder Punch|p1a: Hatterene\n|-damage|p1a: Hatterene|50\/100 brn\n|move|p1a: Hatterene|Mystical Fire|p2a: Melmetal\n|-supereffective|p2a: Melmetal\n|-damage|p2a: Melmetal|27\/100\n|-unboost|p2a: Melmetal|spa|1\n|\n|-heal|p1a: Hatterene|56\/100 brn|[from] item: Leftovers\n|-damage|p1a: Hatterene|50\/100 brn|[from] brn\n|upkeep\n|turn|78\n|\n|move|p2a: Melmetal|Thunder Punch|p1a: Hatterene\n|-damage|p1a: Hatterene|8\/100 brn\n|move|p1a: Hatterene|Draining Kiss|p2a: Melmetal\n|-resisted|p2a: Melmetal\n|-damage|p2a: Melmetal|10\/100\n|-heal|p1a: Hatterene|27\/100 brn|[from] drain|[of] p2a: Melmetal\n|\n|-heal|p1a: Hatterene|33\/100 brn|[from] item: Leftovers\n|-damage|p1a: Hatterene|27\/100 brn|[from] brn\n|upkeep\n|turn|79\n|\n|switch|p1a: Seismitoad|Seismitoad, F|65\/100 tox\n|move|p2a: Melmetal|Thunder Punch|p1a: Seismitoad\n|-immune|p1a: Seismitoad\n|\n|-heal|p1a: Seismitoad|72\/100 tox|[from] item: Leftovers\n|-damage|p1a: Seismitoad|65\/100 tox|[from] psn\n|upkeep\n|turn|80\n|\n|switch|p2a: Clefable|Clefable, M|48\/100 tox\n|move|p1a: Seismitoad|Earth Power|p2a: Clefable\n|-damage|p2a: Clefable|30\/100 tox\n|\n|-heal|p1a: Seismitoad|72\/100 tox|[from] item: Leftovers\n|-heal|p2a: Clefable|36\/100 tox|[from] item: Leftovers\n|-damage|p1a: Seismitoad|59\/100 tox|[from] psn\n|upkeep\n|turn|81\n|\n|switch|p1a: Corviknight|Corviknight, F|12\/100\n|move|p2a: Clefable|Wish|p2a: Clefable\n|\n|-heal|p1a: Corviknight|18\/100|[from] item: Leftovers\n|-heal|p2a: Clefable|42\/100 tox|[from] item: Leftovers\n|upkeep\n|turn|82\n|\n|move|p2a: Clefable|Protect|p2a: Clefable\n|-singleturn|p2a: Clefable|Protect\n|move|p1a: Corviknight|Iron Head|p2a: Clefable\n|-activate|p2a: Clefable|move: Protect\n|\n|-heal|p2a: Clefable|92\/100 tox|[from] move: Wish|[wisher] Clefable\n|-heal|p1a: Corviknight|24\/100|[from] item: Leftovers\n|-heal|p2a: Clefable|98\/100 tox|[from] item: Leftovers\n|upkeep\n|turn|83\n|\n|move|p1a: Corviknight|Roost|p1a: Corviknight\n|-heal|p1a: Corviknight|74\/100\n|-singleturn|p1a: Corviknight|move: Roost\n|move|p2a: Clefable|Wish|p2a: Clefable\n|\n|-heal|p1a: Corviknight|80\/100|[from] item: Leftovers\n|-heal|p2a: Clefable|100\/100 tox|[from] item: Leftovers\n|upkeep\n|turn|84\n|\n|switch|p1a: Salazzle|Salazzle, F|56\/100\n|move|p2a: Clefable|Teleport|p2a: Clefable\n|\n|switch|p2a: Melmetal|Melmetal|10\/100|[from]move: Teleport\n|-damage|p2a: Melmetal|4\/100|[from] Stealth Rock\n|\n|-heal|p2a: Melmetal|46\/100|[from] move: Wish|[wisher] Clefable\n|-heal|p1a: Salazzle|62\/100|[from] item: Leftovers\n|upkeep\n|turn|85\n|\n|move|p1a: Salazzle|Flamethrower|p2a: Melmetal\n|-supereffective|p2a: Melmetal\n|-damage|p2a: Melmetal|0 fnt\n|faint|p2a: Melmetal\n|\n|-heal|p1a: Salazzle|69\/100|[from] item: Leftovers\n|upkeep\n|-message|testotesto321 forfeited.\n|\n|win|FrozSingsLetItGo\n|l|\u2606testotesto321\n|raw|FrozSingsLetItGo's rating: 1633 &rarr; <strong>1654<\/strong><br \/>(+21 for winning)\n|raw|testotesto321's rating: 1651 &rarr; <strong>1630<\/strong><br \/>(-21 for losing)\n|l|\u2606FrozSingsLetItGo\n","uploadtime":1586687644,"views":52,"p1id":"frozsingsletitgo","p2id":"testotesto321","formatid":"gen8ou","rating":1630,"private":0,"password":null}