{"id":"gen8randombattle-1608695879","p1":"WOOLOO SQUAD","p2":"okaybears","format":"gen8randombattle","log":"|j|\u2606WOOLOO SQUAD\n|j|\u2606okaybears\n|t:|1656761577\n|gametype|singles\n|player|p1|WOOLOO SQUAD|170|2077\n|player|p2|okaybears|265|2154\n|teamsize|p1|6\n|teamsize|p2|6\n|gen|8\n|tier|[Gen 8] Random Battle\n|rated|\n|rule|Species Clause: Limit one of each Pok\u00e9mon\n|rule|HP Percentage Mod: HP is shown in percentages\n|rule|Sleep Clause Mod: Limit one foe put to sleep\n|\n|t:|1656761577\n|start\n|switch|p1a: Porygon2|Porygon2, L82|274\/274\n|switch|p2a: Vanilluxe|Vanilluxe, L82, M|251\/251\n|-weather|Hail|[from] ability: Snow Warning|[of] p2a: Vanilluxe\n|-ability|p1a: Porygon2|Snow Warning|[from] ability: Trace|[of] p2a: Vanilluxe\n|turn|1\n|\n|t:|1656761651\n|move|p2a: Vanilluxe|Aurora Veil|p2a: Vanilluxe\n|-sidestart|p2: okaybears|move: Aurora Veil\n|move|p1a: Porygon2|Toxic|p2a: Vanilluxe\n|-status|p2a: Vanilluxe|tox\n|\n|-weather|Hail|[upkeep]\n|-damage|p1a: Porygon2|257\/274|[from] Hail\n|-damage|p2a: Vanilluxe|236\/251 tox|[from] psn\n|upkeep\n|turn|2\n|\n|t:|1656761664\n|switch|p2a: Copperajah|Copperajah, L84, M|342\/342\n|move|p1a: Porygon2|Tri Attack|p2a: Copperajah\n|-resisted|p2a: Copperajah\n|-damage|p2a: Copperajah|318\/342\n|-status|p2a: Copperajah|frz\n|\n|-weather|Hail|[upkeep]\n|-damage|p1a: Porygon2|240\/274|[from] Hail\n|-damage|p2a: Copperajah|297\/342 frz|[from] Hail\n|upkeep\n|turn|3\n|j| Izaslayer\n|\n|t:|1656761698\n|switch|p1a: Swampert|Swampert, L80, M|291\/291\n|cant|p2a: Copperajah|frz\n|\n|-weather|Hail|[upkeep]\n|-damage|p1a: Swampert|273\/291|[from] Hail\n|-damage|p2a: Copperajah|276\/342 frz|[from] Hail\n|-heal|p1a: Swampert|291\/291|[from] item: Leftovers\n|upkeep\n|turn|4\n|\n|t:|1656761710\n|move|p1a: Swampert|Earthquake|p2a: Copperajah\n|-supereffective|p2a: Copperajah\n|-damage|p2a: Copperajah|146\/342 frz\n|-curestatus|p2a: Copperajah|frz|[msg]\n|move|p2a: Copperajah|Stealth Rock|p1a: Swampert\n|-sidestart|p1: WOOLOO SQUAD|move: Stealth Rock\n|\n|-weather|Hail|[upkeep]\n|-damage|p1a: Swampert|273\/291|[from] Hail\n|-damage|p2a: Copperajah|125\/342|[from] Hail\n|-heal|p1a: Swampert|291\/291|[from] item: Leftovers\n|upkeep\n|turn|5\n|\n|t:|1656761724\n|switch|p2a: Vanilluxe|Vanilluxe, L82, M|236\/251 tox\n|move|p1a: Swampert|Earthquake|p2a: Vanilluxe\n|-damage|p2a: Vanilluxe|185\/251 tox\n|\n|-weather|none\n|-damage|p2a: Vanilluxe|170\/251 tox|[from] psn\n|upkeep\n|turn|6\n|inactive|Battle timer is ON: inactive players will automatically lose when time's up. (requested by okaybears)\n|\n|t:|1656761757\n|switch|p1a: Sandslash|Sandslash-Alola, L86, M|269\/269\n|-damage|p1a: Sandslash|236\/269|[from] Stealth Rock\n|move|p2a: Vanilluxe|Freeze-Dry|p1a: Sandslash\n|-resisted|p1a: Sandslash\n|-damage|p1a: Sandslash|211\/269\n|\n|-damage|p2a: Vanilluxe|140\/251 tox|[from] psn\n|upkeep\n|turn|7\n|\n|t:|1656761779\n|move|p2a: Vanilluxe|Explosion|p1a: Sandslash\n|-resisted|p1a: Sandslash\n|-damage|p1a: Sandslash|152\/269\n|faint|p2a: Vanilluxe\n|move|p1a: Sandslash|Rapid Spin|p2: Vanilluxe|[notarget]\n|-fail|p1a: Sandslash\n|\n|upkeep\n|inactive|okaybears has 120 seconds left.\n|\n|t:|1656761795\n|switch|p2a: Weavile|Weavile, L79, M|240\/240\n|turn|8\n|inactive|WOOLOO SQUAD has 120 seconds left.\n|\n|t:|1656761828\n|switch|p1a: Swampert|Swampert, L80, M|291\/291\n|-damage|p1a: Swampert|273\/291|[from] Stealth Rock\n|move|p2a: Weavile|Swords Dance|p2a: Weavile\n|-boost|p2a: Weavile|atk|2\n|\n|-heal|p1a: Swampert|291\/291|[from] item: Leftovers\n|-sideend|p2: okaybears|move: Aurora Veil\n|upkeep\n|turn|9\n|j| Bonclaft\n|inactive|WOOLOO SQUAD has 120 seconds left.\n|\n|t:|1656761856\n|move|p2a: Weavile|Knock Off|p1a: Swampert\n|-damage|p1a: Swampert|51\/291\n|-enditem|p1a: Swampert|Leftovers|[from] move: Knock Off|[of] p2a: Weavile\n|move|p1a: Swampert|Scald|p2a: Weavile\n|-damage|p2a: Weavile|120\/240\n|-status|p2a: Weavile|brn\n|\n|-damage|p2a: Weavile|105\/240 brn|[from] brn\n|upkeep\n|turn|10\n|\n|t:|1656761873\n|move|p2a: Weavile|Knock Off|p1a: Swampert\n|-damage|p1a: Swampert|0 fnt\n|faint|p1a: Swampert\n|\n|-damage|p2a: Weavile|90\/240 brn|[from] brn\n|upkeep\n|inactive|WOOLOO SQUAD has 90 seconds left.\n|\n|t:|1656761909\n|switch|p1a: Porygon2|Porygon2, L82|240\/274\n|-damage|p1a: Porygon2|206\/274|[from] Stealth Rock\n|-ability|p1a: Porygon2|Pickpocket|[from] ability: Trace|[of] p2a: Weavile\n|turn|11\n|\n|t:|1656761921\n|move|p2a: Weavile|Knock Off|p1a: Porygon2\n|-damage|p1a: Porygon2|135\/274\n|-enditem|p1a: Porygon2|Eviolite|[from] move: Knock Off|[of] p2a: Weavile\n|-enditem|p2a: Weavile|Heavy-Duty Boots|[silent]|[from] ability: Pickpocket|[of] p2a: Weavile\n|-item|p1a: Porygon2|Heavy-Duty Boots|[from] ability: Pickpocket|[of] p2a: Weavile\n|move|p1a: Porygon2|Tri Attack|p2a: Weavile\n|-damage|p2a: Weavile|0 fnt\n|faint|p2a: Weavile\n|\n|upkeep\n|\n|t:|1656761932\n|switch|p2a: Naganadel|Naganadel, L74|230\/230\n|turn|12\n|inactive|WOOLOO SQUAD has 90 seconds left.\n|\n|t:|1656761947\n|move|p2a: Naganadel|Nasty Plot|p2a: Naganadel\n|-boost|p2a: Naganadel|spa|2\n|move|p1a: Porygon2|Tri Attack|p2a: Naganadel\n|-damage|p2a: Naganadel|124\/230\n|\n|upkeep\n|turn|13\n|\n|t:|1656761964\n|move|p2a: Naganadel|Sludge Wave|p1a: Porygon2\n|-damage|p1a: Porygon2|0 fnt\n|faint|p1a: Porygon2\n|-ability|p2a: Naganadel|Beast Boost|boost\n|-boost|p2a: Naganadel|spa|1\n|-damage|p2a: Naganadel|101\/230|[from] item: Life Orb\n|\n|upkeep\n|\n|t:|1656761980\n|switch|p1a: Salazzle|Salazzle, L82, F|246\/246\n|-damage|p1a: Salazzle|185\/246|[from] Stealth Rock\n|turn|14\n|inactive|WOOLOO SQUAD has 60 seconds left.\n|inactive|okaybears has 120 seconds left.\n|\n|t:|1656762021\n|move|p1a: Salazzle|Substitute|p1a: Salazzle\n|-start|p1a: Salazzle|Substitute\n|-damage|p1a: Salazzle|124\/246\n|move|p2a: Naganadel|Sludge Wave|p1a: Salazzle\n|-resisted|p1a: Salazzle\n|-end|p1a: Salazzle|Substitute\n|-damage|p2a: Naganadel|78\/230|[from] item: Life Orb\n|\n|-heal|p1a: Salazzle|139\/246|[from] item: Black Sludge\n|upkeep\n|turn|15\n|\n|t:|1656762029\n|move|p1a: Salazzle|Substitute|p1a: Salazzle\n|-start|p1a: Salazzle|Substitute\n|-damage|p1a: Salazzle|78\/246\n|move|p2a: Naganadel|Sludge Wave|p1a: Salazzle\n|-resisted|p1a: Salazzle\n|-end|p1a: Salazzle|Substitute\n|-damage|p2a: Naganadel|55\/230|[from] item: Life Orb\n|\n|-heal|p1a: Salazzle|93\/246|[from] item: Black Sludge\n|upkeep\n|turn|16\n|\n|t:|1656762034\n|move|p1a: Salazzle|Flamethrower|p2a: Naganadel\n|-resisted|p2a: Naganadel\n|-damage|p2a: Naganadel|0 fnt\n|faint|p2a: Naganadel\n|\n|-heal|p1a: Salazzle|108\/246|[from] item: Black Sludge\n|upkeep\n|inactive|okaybears has 120 seconds left.\n|inactive|okaybears has 90 seconds left.\n|\n|t:|1656762088\n|switch|p2a: Marowak|Marowak, L86, M|243\/243\n|turn|17\n|\n|t:|1656762106\n|switch|p1a: Rotom|Rotom, L84|221\/221\n|-damage|p1a: Rotom|194\/221|[from] Stealth Rock\n|move|p2a: Marowak|Double-Edge|p1a: Rotom\n|-immune|p1a: Rotom\n|\n|-heal|p1a: Rotom|207\/221|[from] item: Leftovers\n|upkeep\n|turn|18\n|\n|t:|1656762113\n|switch|p2a: Copperajah|Copperajah, L84, M|125\/342\n|move|p1a: Rotom|Will-O-Wisp|p2a: Copperajah\n|-status|p2a: Copperajah|brn\n|\n|-heal|p1a: Rotom|220\/221|[from] item: Leftovers\n|-damage|p2a: Copperajah|104\/342 brn|[from] brn\n|upkeep\n|turn|19\n|\n|t:|1656762130\n|move|p1a: Rotom|Nasty Plot|p1a: Rotom\n|-boost|p1a: Rotom|spa|2\n|move|p2a: Copperajah|Rock Slide|p1a: Rotom\n|-damage|p1a: Rotom|163\/221\n|\n|-heal|p1a: Rotom|176\/221|[from] item: Leftovers\n|-damage|p2a: Copperajah|83\/342 brn|[from] brn\n|upkeep\n|turn|20\n|\n|t:|1656762141\n|move|p1a: Rotom|Shadow Ball|p2a: Copperajah\n|-damage|p2a: Copperajah|0 fnt\n|faint|p2a: Copperajah\n|\n|-heal|p1a: Rotom|189\/221|[from] item: Leftovers\n|upkeep\n|\n|t:|1656762145\n|switch|p2a: Marowak|Marowak, L86, M|243\/243\n|turn|21\n|\n|t:|1656762150\n|move|p1a: Rotom|Will-O-Wisp|p2a: Marowak\n|-status|p2a: Marowak|brn\n|move|p2a: Marowak|Stone Edge|p1a: Rotom\n|-damage|p1a: Rotom|117\/221\n|\n|-heal|p1a: Rotom|130\/221|[from] item: Leftovers\n|-damage|p2a: Marowak|228\/243 brn|[from] brn\n|upkeep\n|turn|22\n|inactive|WOOLOO SQUAD has 90 seconds left.\n|inactive|okaybears has 120 seconds left.\n|\n|t:|1656762186\n|move|p1a: Rotom|Shadow Ball|p2a: Marowak\n|-damage|p2a: Marowak|51\/243 brn\n|move|p2a: Marowak|Stone Edge|p1a: Rotom\n|-damage|p1a: Rotom|54\/221\n|\n|-heal|p1a: Rotom|67\/221|[from] item: Leftovers\n|-damage|p2a: Marowak|36\/243 brn|[from] brn\n|upkeep\n|turn|23\n|\n|t:|1656762194\n|move|p1a: Rotom|Shadow Ball|p2a: Marowak\n|-damage|p2a: Marowak|0 fnt\n|faint|p2a: Marowak\n|\n|-heal|p1a: Rotom|80\/221|[from] item: Leftovers\n|upkeep\n|\n|t:|1656762196\n|switch|p2a: Articuno|Articuno-Galar, L80|275\/275\n|turn|24\n|inactive|WOOLOO SQUAD has 90 seconds left.\n|l| Izaslayer\n|\n|t:|1656762219\n|-start|p1a: Rotom|Dynamax|\n|-heal|p1a: Rotom|160\/442|[silent]\n|-start|p2a: Articuno|Dynamax|\n|-heal|p2a: Articuno|550\/550|[silent]\n|move|p1a: Rotom|Max Lightning|p2a: Articuno\n|-supereffective|p2a: Articuno\n|-damage|p2a: Articuno|74\/550\n|-fieldstart|move: Electric Terrain\n|move|p2a: Articuno|Max Airstream|p1a: Rotom\n|-resisted|p1a: Rotom\n|-damage|p1a: Rotom|71\/442\n|-boost|p2a: Articuno|spe|1\n|\n|-heal|p1a: Rotom|84\/442|[from] item: Leftovers\n|upkeep\n|turn|25\n|inactive|WOOLOO SQUAD has 90 seconds left.\n|inactive|okaybears has 120 seconds left.\n|\n|t:|1656762235\n|move|p1a: Rotom|Max Guard|p1a: Rotom\n|-singleturn|p1a: Rotom|Max Guard\n|move|p2a: Articuno|Max Mindstorm|p1a: Rotom\n|-activate|p1a: Rotom|move: Max Guard\n|\n|-heal|p1a: Rotom|97\/442|[from] item: Leftovers\n|upkeep\n|turn|26\n|inactive|WOOLOO SQUAD has 90 seconds left.\n|\n|t:|1656762248\n|move|p2a: Articuno|Max Mindstorm|p1a: Rotom\n|-damage|p1a: Rotom|0 fnt\n|-fieldstart|move: Psychic Terrain\n|faint|p1a: Rotom\n|\n|upkeep\n|\n|t:|1656762266\n|switch|p1a: Blacephalon|Blacephalon, L80|216\/216\n|-end|p2a: Articuno|Dynamax\n|-heal|p2a: Articuno|37\/275|[silent]\n|turn|27\n|\n|t:|1656762290\n|move|p2a: Articuno|Freezing Glare|p1a: Blacephalon\n|-damage|p1a: Blacephalon|95\/216\n|move|p1a: Blacephalon|Shadow Ball|p2a: Articuno\n|-supereffective|p2a: Articuno\n|-damage|p2a: Articuno|0 fnt\n|faint|p2a: Articuno\n|\n|win|WOOLOO SQUAD\n|raw|WOOLOO SQUAD's rating: 2077 &rarr; <strong>2103<\/strong><br \/>(+26 for winning)\n|raw|okaybears's rating: 2181 &rarr; <strong>2155<\/strong><br \/>(-26 for losing)\n|l| Bonclaft\n","inputlog":">version 7e54e8ba4a50458de8c2c7bec73daee5d9ff3d07\n>start {\"formatid\":\"gen8randombattle\",\"seed\":[55972,61221,43717,64476],\"rated\":\"Rated battle\"}\n>player p1 {\"name\":\"WOOLOO SQUAD\",\"avatar\":\"170\",\"rating\":2077,\"seed\":[46582,64798,40403,45182]}\n>player p2 {\"name\":\"okaybears\",\"avatar\":\"265\",\"rating\":2154,\"seed\":[10599,53222,47714,19645]}\n>p1 move toxic\n>p2 move auroraveil\n>p1 move triattack\n>p2 switch 2\n>p1 switch 2\n>p2 move stealthrock\n>p1 move earthquake\n>p2 move stealthrock\n>p1 move earthquake\n>p2 switch 2\n>p1 switch 6\n>p2 move freezedry\n>p1 move rapidspin\n>p2 move explosion\n>p2 switch 5\n>p1 switch 6\n>p2 move swordsdance\n>p1 move scald\n>p2 move knockoff\n>p1 move earthquake\n>p2 move knockoff\n>p1 switch 2\n>p1 move triattack\n>p2 move knockoff\n>p2 switch 6\n>p1 move triattack\n>p2 move nastyplot\n>p1 move triattack\n>p2 move sludgewave\n>p1 switch 4\n>p1 move substitute\n>p2 move sludgewave\n>p1 move substitute\n>p2 move sludgewave\n>p1 move flamethrower\n>p2 move sludgewave\n>p2 switch 3\n>p1 switch 3\n>p2 move doubleedge\n>p1 move willowisp\n>p2 switch 2\n>p1 move nastyplot\n>p2 move rockslide\n>p1 move shadowball\n>p2 move rockslide\n>p2 switch 2\n>p1 move willowisp\n>p2 move stoneedge\n>p1 move shadowball\n>p2 move stoneedge\n>p1 move shadowball\n>p2 move stoneedge\n>p2 switch 4\n>p1 move thunderbolt dynamax\n>p2 move airslash dynamax\n>p1 move nastyplot dynamax\n>p2 move freezingglare dynamax\n>p1 move thunderbolt dynamax\n>p2 move freezingglare dynamax\n>p1 switch 5\n>p1 move shadowball\n>p2 move freezingglare","uploadtime":1656762303,"views":3,"p1id":"wooloosquad","p2id":"okaybears","formatid":"gen8randombattle","rating":2103,"private":0,"password":null}