{"id":"gen8ou-1698172650","p1":"machugen","p2":"Swag like Ohio","format":"gen8ou","log":"|j|\u2606machugen\n|j|\u2606Swag like Ohio\n|t:|1667083498\n|gametype|singles\n|player|p1|machugen|brock-gen1rb|1735\n|player|p2|Swag like Ohio|ultraforestkartenvoy|1715\n|teamsize|p1|6\n|teamsize|p2|6\n|gen|8\n|tier|[Gen 8] OU\n|rated|\n|rule|Sleep Clause Mod: Limit one foe put to sleep\n|rule|Species Clause: Limit one of each Pok\u00e9mon\n|rule|OHKO Clause: OHKO moves are banned\n|rule|Evasion Items Clause: Evasion items are banned\n|rule|Evasion Moves Clause: Evasion moves are banned\n|rule|Endless Battle Clause: Forcing endless battles is banned\n|rule|HP Percentage Mod: HP is shown in percentages\n|rule|Dynamax Clause: You cannot dynamax\n|clearpoke\n|poke|p1|Urshifu-*, M|\n|poke|p1|Dragapult, M|\n|poke|p1|Tapu Lele|\n|poke|p1|Hippowdon, F|\n|poke|p1|Mandibuzz, F|\n|poke|p1|Heatran, M|\n|poke|p2|Zapdos|\n|poke|p2|Dragapult, M|\n|poke|p2|Urshifu-*, M|\n|poke|p2|Landorus-Therian, M|\n|poke|p2|Melmetal|\n|poke|p2|Clefable, F|\n|teampreview\n|c|\u2606Swag like Ohio|glhf\n|c|\u2606machugen|u2\n|j| BabyPigsAreLaughin\n|\n|t:|1667083516\n|start\n|switch|p1a: Heatran|Heatran, M|100\/100\n|switch|p2a: Clefable|Clefable, F|100\/100\n|-item|p1a: Heatran|Air Balloon\n|turn|1\n|\n|t:|1667083531\n|move|p1a: Heatran|Magma Storm|p2a: Clefable|[miss]\n|-miss|p1a: Heatran|p2a: Clefable\n|move|p2a: Clefable|Thunder Wave|p1a: Heatran\n|-status|p1a: Heatran|par\n|\n|upkeep\n|turn|2\n|\n|t:|1667083556\n|move|p2a: Clefable|Moonblast|p1a: Heatran\n|-resisted|p1a: Heatran\n|-damage|p1a: Heatran|96\/100 par\n|-unboost|p1a: Heatran|spa|1\n|-enditem|p1a: Heatran|Air Balloon\n|cant|p1a: Heatran|par\n|\n|upkeep\n|turn|3\n|c|\u2606Swag like Ohio|mb\n|\n|t:|1667083565\n|switch|p2a: Landorus|Landorus-Therian, M|100\/100\n|-ability|p2a: Landorus|Intimidate|boost\n|-unboost|p1a: Heatran|atk|1\n|move|p1a: Heatran|Stealth Rock|p2a: Landorus\n|-sidestart|p2: Swag like Ohio|move: Stealth Rock\n|\n|upkeep\n|turn|4\n|\n|t:|1667083570\n|move|p2a: Landorus|Defog|p1a: Heatran\n|-unboost|p1a: Heatran|evasion|1\n|-sideend|p2: Swag like Ohio|Stealth Rock|[from] move: Defog|[of] p2a: Landorus\n|move|p1a: Heatran|Magma Storm|p2a: Landorus\n|-damage|p2a: Landorus|79\/100\n|-activate|p2a: Landorus|move: Magma Storm|[of] p1a: Heatran\n|\n|-heal|p2a: Landorus|85\/100|[from] item: Leftovers\n|-damage|p2a: Landorus|73\/100|[from] move: Magma Storm|[partiallytrapped]\n|upkeep\n|turn|5\n|\n|t:|1667083576\n|move|p2a: Landorus|Earthquake|p1a: Heatran\n|-supereffective|p1a: Heatran\n|-damage|p1a: Heatran|0 fnt\n|faint|p1a: Heatran\n|\n|-heal|p2a: Landorus|79\/100|[from] item: Leftovers\n|-end|p2a: Landorus|Magma Storm|[partiallytrapped]|[silent]\n|upkeep\n|\n|t:|1667083580\n|switch|p1a: Urshifu|Urshifu-Rapid-Strike, M|100\/100\n|turn|6\n|\n|t:|1667083585\n|switch|p2a: Clefable|Clefable, F|100\/100\n|move|p1a: Urshifu|Surging Strikes|p2a: Clefable\n|-crit|p2a: Clefable\n|-damage|p2a: Clefable|82\/100\n|-crit|p2a: Clefable\n|-damage|p2a: Clefable|62\/100\n|-crit|p2a: Clefable\n|-damage|p2a: Clefable|45\/100\n|-hitcount|p2a: Clefable|3\n|\n|upkeep\n|turn|7\n|\n|t:|1667083604\n|switch|p2a: Urshifu|Urshifu-Rapid-Strike, M|100\/100\n|move|p1a: Urshifu|Taunt|p2a: Urshifu\n|-start|p2a: Urshifu|move: Taunt\n|\n|upkeep\n|turn|8\n|\n|t:|1667083617\n|move|p2a: Urshifu|U-turn|p1a: Urshifu\n|-resisted|p1a: Urshifu\n|-damage|p1a: Urshifu|88\/100\n|\n|t:|1667083621\n|switch|p2a: Landorus|Landorus-Therian, M|79\/100|[from]move: U-turn\n|-ability|p2a: Landorus|Intimidate|boost\n|-unboost|p1a: Urshifu|atk|1\n|move|p1a: Urshifu|U-turn|p2a: Landorus\n|-resisted|p2a: Landorus\n|-damage|p2a: Landorus|71\/100\n|\n|t:|1667083631\n|switch|p1a: Hippowdon|Hippowdon, F|100\/100|[from]move: U-turn\n|-weather|Sandstorm|[from] ability: Sand Stream|[of] p1a: Hippowdon\n|\n|-weather|Sandstorm|[upkeep]\n|-heal|p2a: Landorus|77\/100|[from] item: Leftovers\n|upkeep\n|turn|9\n|\n|t:|1667083641\n|move|p2a: Landorus|U-turn|p1a: Hippowdon\n|-damage|p1a: Hippowdon|85\/100\n|\n|t:|1667083643\n|switch|p2a: Clefable|Clefable, F|45\/100|[from]move: U-turn\n|move|p1a: Hippowdon|Stealth Rock|p2a: Clefable\n|-sidestart|p2: Swag like Ohio|move: Stealth Rock\n|\n|-weather|Sandstorm|[upkeep]\n|-heal|p1a: Hippowdon|91\/100|[from] item: Leftovers\n|upkeep\n|turn|10\n|c|\u2606Swag like Ohio|double rocks\n|\n|t:|1667083652\n|move|p2a: Clefable|Soft-Boiled|p2a: Clefable\n|-heal|p2a: Clefable|95\/100\n|move|p1a: Hippowdon|Earthquake|p2a: Clefable\n|-damage|p2a: Clefable|61\/100\n|\n|-weather|Sandstorm|[upkeep]\n|-heal|p1a: Hippowdon|97\/100|[from] item: Leftovers\n|upkeep\n|turn|11\n|\n|t:|1667083657\n|move|p2a: Clefable|Soft-Boiled|p2a: Clefable\n|-heal|p2a: Clefable|100\/100\n|move|p1a: Hippowdon|Earthquake|p2a: Clefable\n|-damage|p2a: Clefable|63\/100\n|\n|-weather|Sandstorm|[upkeep]\n|-heal|p1a: Hippowdon|100\/100|[from] item: Leftovers\n|upkeep\n|turn|12\n|j| JoeyIreland11\n|c|\u2606machugen|oops i jsut realized that lmao\n|\n|t:|1667083664\n|move|p2a: Clefable|Soft-Boiled|p2a: Clefable\n|-heal|p2a: Clefable|100\/100\n|move|p1a: Hippowdon|Earthquake|p2a: Clefable\n|-damage|p2a: Clefable|65\/100\n|\n|-weather|none\n|upkeep\n|turn|13\n|\n|t:|1667083667\n|move|p2a: Clefable|Stealth Rock|p1a: Hippowdon\n|-sidestart|p1: machugen|move: Stealth Rock\n|move|p1a: Hippowdon|Earthquake|p2a: Clefable\n|-damage|p2a: Clefable|31\/100\n|\n|upkeep\n|turn|14\n|c| BabyPigsAreLaughin|Yeah, people rely on the move way too much.\n|c|\u2606Swag like Ohio|I mean it works out well here\n|\n|t:|1667083692\n|move|p2a: Clefable|Soft-Boiled|p2a: Clefable\n|-heal|p2a: Clefable|81\/100\n|move|p1a: Hippowdon|Earthquake|p2a: Clefable\n|-crit|p2a: Clefable\n|-damage|p2a: Clefable|31\/100\n|\n|upkeep\n|turn|15\n|\n|t:|1667083698\n|move|p2a: Clefable|Soft-Boiled|p2a: Clefable\n|-heal|p2a: Clefable|81\/100\n|move|p1a: Hippowdon|Earthquake|p2a: Clefable\n|-damage|p2a: Clefable|43\/100\n|\n|upkeep\n|turn|16\n|\n|t:|1667083703\n|switch|p2a: Landorus|Landorus-Therian, M|77\/100\n|-damage|p2a: Landorus|64\/100|[from] Stealth Rock\n|-ability|p2a: Landorus|Intimidate|boost\n|-unboost|p1a: Hippowdon|atk|1\n|move|p1a: Hippowdon|Earthquake|p2a: Landorus\n|-immune|p2a: Landorus\n|\n|-heal|p2a: Landorus|70\/100|[from] item: Leftovers\n|upkeep\n|turn|17\n|\n|t:|1667083722\n|move|p2a: Landorus|Toxic|p1a: Hippowdon\n|-status|p1a: Hippowdon|tox\n|move|p1a: Hippowdon|Toxic|p2a: Landorus\n|-status|p2a: Landorus|tox\n|\n|-heal|p2a: Landorus|76\/100 tox|[from] item: Leftovers\n|-damage|p2a: Landorus|70\/100 tox|[from] psn\n|-damage|p1a: Hippowdon|94\/100 tox|[from] psn\n|upkeep\n|turn|18\n|\n|t:|1667083734\n|switch|p1a: Mandibuzz|Mandibuzz, F|100\/100\n|move|p2a: Landorus|U-turn|p1a: Mandibuzz\n|-damage|p1a: Mandibuzz|87\/100\n|j| regimineral\n|j| dpalacinr01\n|\n|t:|1667083747\n|switch|p2a: Melmetal|Melmetal|100\/100|[from]move: U-turn\n|-damage|p2a: Melmetal|94\/100|[from] Stealth Rock\n|\n|-heal|p2a: Melmetal|100\/100|[from] item: Leftovers\n|upkeep\n|turn|19\n|\n|t:|1667083754\n|move|p1a: Mandibuzz|Foul Play|p2a: Melmetal\n|-damage|p2a: Melmetal|68\/100\n|move|p2a: Melmetal|Toxic|p1a: Mandibuzz|[miss]\n|-miss|p2a: Melmetal|p1a: Mandibuzz\n|\n|-heal|p2a: Melmetal|74\/100|[from] item: Leftovers\n|upkeep\n|turn|20\n|l| regimineral\n|\n|t:|1667083763\n|move|p1a: Mandibuzz|U-turn|p2a: Melmetal\n|-resisted|p2a: Melmetal\n|-damage|p2a: Melmetal|71\/100\n|\n|t:|1667083765\n|switch|p1a: Urshifu|Urshifu-Rapid-Strike, M|88\/100|[from]move: U-turn\n|-damage|p1a: Urshifu|81\/100|[from] Stealth Rock\n|move|p2a: Melmetal|Double Iron Bash|p1a: Urshifu\n|-resisted|p1a: Urshifu\n|-damage|p1a: Urshifu|62\/100\n|-resisted|p1a: Urshifu\n|-damage|p1a: Urshifu|42\/100\n|-hitcount|p1a: Urshifu|2\n|\n|-heal|p2a: Melmetal|77\/100|[from] item: Leftovers\n|upkeep\n|turn|21\n|\n|t:|1667083777\n|switch|p2a: Clefable|Clefable, F|43\/100\n|move|p1a: Urshifu|U-turn|p2a: Clefable\n|-resisted|p2a: Clefable\n|-damage|p2a: Clefable|31\/100\n|\n|t:|1667083784\n|switch|p1a: Dragapult|Dragapult, M|100\/100|[from]move: U-turn\n|-damage|p1a: Dragapult|88\/100|[from] Stealth Rock\n|\n|upkeep\n|turn|22\n|\n|t:|1667083796\n|switch|p2a: Melmetal|Melmetal|77\/100\n|-damage|p2a: Melmetal|71\/100|[from] Stealth Rock\n|move|p1a: Dragapult|Shadow Ball|p2a: Melmetal\n|-damage|p2a: Melmetal|39\/100\n|\n|-heal|p2a: Melmetal|45\/100|[from] item: Leftovers\n|upkeep\n|turn|23\n|\n|t:|1667083813\n|move|p1a: Dragapult|Flamethrower|p2a: Melmetal\n|-supereffective|p2a: Melmetal\n|-damage|p2a: Melmetal|0 fnt\n|faint|p2a: Melmetal\n|\n|upkeep\n|c|\u2606Swag like Ohio|oh\n|\n|t:|1667083833\n|switch|p2a: Landorus|Landorus-Therian, M|70\/100 tox\n|-damage|p2a: Landorus|58\/100 tox|[from] Stealth Rock\n|-ability|p2a: Landorus|Intimidate|boost\n|-unboost|p1a: Dragapult|atk|1\n|turn|24\n|\n|t:|1667083838\n|move|p1a: Dragapult|Hydro Pump|p2a: Landorus\n|-supereffective|p2a: Landorus\n|-crit|p2a: Landorus\n|-damage|p2a: Landorus|0 fnt\n|faint|p2a: Landorus\n|\n|upkeep\n|c|\u2606Swag like Ohio|what\n|c|\u2606machugen|expert belt\n|\n|t:|1667083844\n|switch|p2a: Urshifu|Urshifu-Rapid-Strike, M|100\/100\n|-damage|p2a: Urshifu|94\/100|[from] Stealth Rock\n|turn|25\n|c|\u2606Swag like Ohio|yeah cool\n|\n|t:|1667083855\n|move|p2a: Urshifu|Ice Punch|p1a: Dragapult\n|-supereffective|p1a: Dragapult\n|-damage|p1a: Dragapult|11\/100\n|-status|p1a: Dragapult|frz\n|cant|p1a: Dragapult|frz\n|\n|upkeep\n|turn|26\n|c|\u2606Swag like Ohio|mb\n|c|\u2606machugen|fuck\n|c|\u2606machugen|i tbolted\n|\n|t:|1667083876\n|switch|p2a: Dragapult|Dragapult, M|100\/100\n|-damage|p2a: Dragapult|88\/100|[from] Stealth Rock\n|cant|p1a: Dragapult|frz\n|\n|upkeep\n|turn|27\n|\n|t:|1667083883\n|cant|p1a: Dragapult|frz\n|move|p2a: Dragapult|Shadow Ball|p1a: Dragapult\n|-supereffective|p1a: Dragapult\n|-damage|p1a: Dragapult|0 fnt\n|faint|p1a: Dragapult\n|\n|upkeep\n|\n|t:|1667083886\n|switch|p1a: Tapu Lele|Tapu Lele, shiny|100\/100\n|-damage|p1a: Tapu Lele|88\/100|[from] Stealth Rock\n|-fieldstart|move: Psychic Terrain|[from] ability: Psychic Surge|[of] p1a: Tapu Lele\n|turn|28\n|j| Le Herbo\n|\n|t:|1667083908\n|switch|p2a: Zapdos|Zapdos|100\/100\n|-damage|p2a: Zapdos|76\/100|[from] Stealth Rock\n|move|p1a: Tapu Lele|Moonblast|p2a: Zapdos\n|-damage|p2a: Zapdos|17\/100\n|\n|upkeep\n|turn|29\n|l| Le Herbo\n|\n|t:|1667083917\n|move|p1a: Tapu Lele|Moonblast|p2a: Zapdos\n|-damage|p2a: Zapdos|0 fnt\n|faint|p2a: Zapdos\n|\n|upkeep\n|\n|t:|1667083922\n|switch|p2a: Urshifu|Urshifu-Rapid-Strike, M|94\/100\n|-damage|p2a: Urshifu|88\/100|[from] Stealth Rock\n|turn|30\n|\n|t:|1667083932\n|switch|p1a: Hippowdon|Hippowdon, F|94\/100 tox\n|-damage|p1a: Hippowdon|88\/100 tox|[from] Stealth Rock\n|-weather|Sandstorm|[from] ability: Sand Stream|[of] p1a: Hippowdon\n|move|p2a: Urshifu|Surging Strikes|p1a: Hippowdon\n|-supereffective|p1a: Hippowdon\n|-crit|p1a: Hippowdon\n|-damage|p1a: Hippowdon|59\/100 tox\n|-supereffective|p1a: Hippowdon\n|-crit|p1a: Hippowdon\n|-damage|p1a: Hippowdon|31\/100 tox\n|-supereffective|p1a: Hippowdon\n|-crit|p1a: Hippowdon\n|-damage|p1a: Hippowdon|4\/100 tox\n|-hitcount|p1a: Hippowdon|3\n|\n|-weather|Sandstorm|[upkeep]\n|-damage|p2a: Urshifu|82\/100|[from] Sandstorm\n|-heal|p1a: Hippowdon|10\/100 tox|[from] item: Leftovers\n|-damage|p1a: Hippowdon|4\/100 tox|[from] psn\n|upkeep\n|turn|31\n|\n|t:|1667083939\n|move|p2a: Urshifu|Surging Strikes|p1a: Hippowdon\n|-supereffective|p1a: Hippowdon\n|-crit|p1a: Hippowdon\n|-damage|p1a: Hippowdon|0 fnt\n|faint|p1a: Hippowdon\n|-hitcount|p1: Hippowdon|1\n|\n|-weather|Sandstorm|[upkeep]\n|-damage|p2a: Urshifu|76\/100|[from] Sandstorm\n|upkeep\n|\n|t:|1667083954\n|switch|p1a: Mandibuzz|Mandibuzz, F|87\/100\n|turn|32\n|\n|t:|1667083958\n|switch|p2a: Clefable|Clefable, F|31\/100\n|move|p1a: Mandibuzz|U-turn|p2a: Clefable\n|-resisted|p2a: Clefable\n|-damage|p2a: Clefable|26\/100\n|-damage|p1a: Mandibuzz|70\/100|[from] item: Rocky Helmet|[of] p2a: Clefable\n|\n|t:|1667083960\n|switch|p1a: Tapu Lele|Tapu Lele, shiny|88\/100|[from]move: U-turn\n|-damage|p1a: Tapu Lele|76\/100|[from] Stealth Rock\n|\n|-weather|Sandstorm|[upkeep]\n|-damage|p1a: Tapu Lele|70\/100|[from] Sandstorm\n|-fieldend|move: Psychic Terrain\n|upkeep\n|turn|33\n|\n|t:|1667083971\n|move|p1a: Tapu Lele|Moonblast|p2a: Clefable\n|-damage|p2a: Clefable|0 fnt\n|faint|p2a: Clefable\n|\n|-weather|Sandstorm|[upkeep]\n|-damage|p1a: Tapu Lele|63\/100|[from] Sandstorm\n|upkeep\n|\n|t:|1667083974\n|switch|p2a: Urshifu|Urshifu-Rapid-Strike, M|76\/100\n|-damage|p2a: Urshifu|70\/100|[from] Stealth Rock\n|turn|34\n|\n|t:|1667083979\n|switch|p1a: Mandibuzz|Mandibuzz, F|70\/100\n|move|p2a: Urshifu|Surging Strikes|p1a: Mandibuzz\n|-crit|p1a: Mandibuzz\n|-damage|p1a: Mandibuzz|58\/100\n|-crit|p1a: Mandibuzz\n|-damage|p1a: Mandibuzz|44\/100\n|-crit|p1a: Mandibuzz\n|-damage|p1a: Mandibuzz|31\/100\n|-hitcount|p1a: Mandibuzz|3\n|\n|-weather|none\n|upkeep\n|turn|35\n|\n|t:|1667083982\n|move|p2a: Urshifu|Surging Strikes|p1a: Mandibuzz\n|-crit|p1a: Mandibuzz\n|-damage|p1a: Mandibuzz|17\/100\n|-crit|p1a: Mandibuzz\n|-damage|p1a: Mandibuzz|5\/100\n|-crit|p1a: Mandibuzz\n|-damage|p1a: Mandibuzz|0 fnt\n|faint|p1a: Mandibuzz\n|-hitcount|p1: Mandibuzz|3\n|\n|upkeep\n|\n|t:|1667083984\n|switch|p1a: Urshifu|Urshifu-Rapid-Strike, M|42\/100\n|-damage|p1a: Urshifu|36\/100|[from] Stealth Rock\n|turn|36\n|\n|t:|1667083994\n|switch|p2a: Dragapult|Dragapult, M|88\/100\n|-damage|p2a: Dragapult|76\/100|[from] Stealth Rock\n|move|p1a: Urshifu|Close Combat|p2a: Dragapult\n|-immune|p2a: Dragapult\n|\n|upkeep\n|turn|37\n|c|\u2606machugen|gg\n|-message|machugen forfeited.\n|\n|win|Swag like Ohio\n|raw|machugen's rating: 1752 &rarr; <strong>1730<\/strong><br \/>(-22 for losing)\n|raw|Swag like Ohio's rating: 1715 &rarr; <strong>1737<\/strong><br \/>(+22 for winning)\n|c|\u2606Swag like Ohio|gg\n|l|\u2606machugen\n|l| dpalacinr01\n|l| JoeyIreland11\n||Ladder isn't responding, score probably updated but might not have (Request timeout).\n","uploadtime":1667084898,"views":18,"p1id":"machugen","p2id":"swaglikeohio","formatid":"gen8ou","rating":1730,"private":0,"password":null}