{"id":"gen8balancedhackmons-1099030403","p1":"BaddyGames","p2":"optify\u30c4","format":"gen8balancedhackmons","log":"|j|\u2606BaddyGames\n|j|\u2606optify\u30c4\n|player|p1|BaddyGames|275|1366\n|player|p2|optify\u30c4|gambler|1374\n|teamsize|p1|6\n|teamsize|p2|6\n|gametype|singles\n|gen|8\n|tier|[Gen 8] Balanced Hackmons\n|rated|\n|rule|OHKO Clause: OHKO moves are banned\n|rule|Evasion Moves Clause: Evasion moves are banned\n|rule|Forme Clause: Limit one of each forme of a Pok\u00e9mon\n|clearpoke\n|poke|p1|Kyurem-Black|\n|poke|p1|Dragapult, F|\n|poke|p1|Darmanitan-Galar-Zen, M|\n|poke|p1|Melmetal|\n|poke|p1|Munchlax, F|\n|poke|p1|Zamazenta-Crowned|\n|poke|p2|Zacian-Crowned|\n|poke|p2|Zamazenta-Crowned|\n|poke|p2|Melmetal|\n|poke|p2|Corviknight, M|\n|poke|p2|Snorlax, F|\n|poke|p2|Kyurem-White|\n|rule|HP Percentage Mod: HP is shown in percentages\n|rule|Sleep Clause Mod: Limit one foe put to sleep\n|rule|Endless Battle Clause: Forcing endless battles is banned\n|teampreview\n|\n|start\n|switch|p1a: Munchlax|Munchlax, F|100\/100\n|switch|p2a: Zacian|Zacian-Crowned|100\/100\n|-ability|p2a: Zacian|Intrepid Sword|boost\n|-boost|p2a: Zacian|atk|1\n|-transform|p1a: Munchlax|p2a: Zacian|[from] ability: Imposter\n|-ability|p1a: Munchlax|Intrepid Sword|boost\n|-boost|p1a: Munchlax|atk|1\n|turn|1\n|\n|move|p1a: Munchlax|Agility|p1a: Munchlax\n|-boost|p1a: Munchlax|spe|2\n|move|p2a: Zacian|Agility|p2a: Zacian\n|-boost|p2a: Zacian|spe|2\n|\n|upkeep\n|turn|2\n|inactive|Battle timer is ON: inactive players will automatically lose when time's up. (requested by BaddyGames)\n|\n|move|p1a: Munchlax|Blaze Kick|p2a: Zacian\n|-supereffective|p2a: Zacian\n|-damage|p2a: Zacian|15\/100\n|-status|p2a: Zacian|brn\n|move|p2a: Zacian|Baton Pass|p2a: Zacian\n|\n|switch|p2a: Zamazenta|Zamazenta-Crowned|100\/100|[from]move: Baton Pass\n|-ability|p2a: Zamazenta|Dauntless Shield|boost\n|-boost|p2a: Zamazenta|def|1\n|\n|upkeep\n|turn|3\n|\n|move|p1a: Munchlax|Blaze Kick|p2a: Zamazenta\n|-supereffective|p2a: Zamazenta\n|-damage|p2a: Zamazenta|52\/100\n|move|p2a: Zamazenta|Substitute|p2a: Zamazenta\n|-start|p2a: Zamazenta|Substitute\n|-damage|p2a: Zamazenta|27\/100\n|\n|upkeep\n|turn|4\n|j| Sash Smash Hell\n|\n|move|p1a: Munchlax|Blaze Kick|p2a: Zamazenta\n|-supereffective|p2a: Zamazenta\n|-end|p2a: Zamazenta|Substitute\n|move|p2a: Zamazenta|Cotton Guard|p2a: Zamazenta\n|-boost|p2a: Zamazenta|def|3\n|\n|upkeep\n|turn|5\n|\n|move|p1a: Munchlax|Blaze Kick|p2a: Zamazenta\n|-supereffective|p2a: Zamazenta\n|-damage|p2a: Zamazenta|3\/100\n|move|p2a: Zamazenta|Baton Pass|p2a: Zamazenta\n|\n|switch|p2a: Melmetal|Melmetal|100\/100|[from]move: Baton Pass\n|\n|upkeep\n|turn|6\n|\n|move|p1a: Munchlax|Blaze Kick|p2a: Melmetal\n|-supereffective|p2a: Melmetal\n|-damage|p2a: Melmetal|87\/100\n|-status|p2a: Melmetal|brn\n|-damage|p1a: Munchlax|84\/100|[from] item: Rocky Helmet|[of] p2a: Melmetal\n|move|p2a: Melmetal|Mud-Slap|p1a: Munchlax\n|-supereffective|p1a: Munchlax\n|-damage|p1a: Munchlax|80\/100\n|-unboost|p1a: Munchlax|accuracy|1\n|\n|-damage|p2a: Melmetal|80\/100 brn|[from] brn\n|upkeep\n|turn|7\n|\n|move|p1a: Munchlax|Baton Pass|p1a: Munchlax\n|\n|switch|p1a: Dragapult|Dragapult, F|100\/100|[from]move: Baton Pass\n|move|p2a: Melmetal|Mud-Slap|p1a: Dragapult\n|-damage|p1a: Dragapult|96\/100\n|-unboost|p1a: Dragapult|accuracy|1\n|\n|-damage|p2a: Melmetal|74\/100 brn|[from] brn\n|upkeep\n|turn|8\n|\n|move|p1a: Dragapult|Entrainment|p2a: Melmetal\n|-endability|p2a: Melmetal|Filter|[from] move: Entrainment\n|-ability|p2a: Melmetal|Normalize|[from] move: Entrainment\n|move|p2a: Melmetal|Mud-Slap|p1a: Dragapult\n|-immune|p1a: Dragapult\n|\n|-damage|p2a: Melmetal|68\/100 brn|[from] brn\n|upkeep\n|turn|9\n|\n|switch|p1a: Darmanitan-Galar-Z|Darmanitan-Galar-Zen, M|100\/100\n|move|p2a: Melmetal|Baton Pass|p2a: Melmetal\n|\n|switch|p2a: Corviknight|Corviknight, M|100\/100|[from]move: Baton Pass\n|-ability|p2a: Corviknight|Pressure\n|\n|upkeep\n|turn|10\n|\n|switch|p1a: Munchlax|Munchlax, F|80\/100\n|-transform|p1a: Munchlax|p2a: Corviknight|[from] ability: Imposter\n|-ability|p1a: Munchlax|Pressure\n|move|p2a: Corviknight|Acid Armor|p2a: Corviknight\n|-boost|p2a: Corviknight|def|2\n|\n|upkeep\n|turn|11\n|\n|move|p2a: Corviknight|Spectral Thief||[still]\n|-clearpositiveboost|p1a: Munchlax|p2a: Corviknight|move: Spectral Thief\n|-boost|p2a: Corviknight|atk|1\n|-boost|p2a: Corviknight|def|0\n|-boost|p2a: Corviknight|spe|2\n|-anim|p2a: Corviknight|Spectral Thief|p1a: Munchlax\n|-damage|p1a: Munchlax|62\/100\n|move|p1a: Munchlax|Spectral Thief||[still]\n|-clearpositiveboost|p2a: Corviknight|p1a: Munchlax|move: Spectral Thief\n|-boost|p1a: Munchlax|atk|2\n|-boost|p1a: Munchlax|def|6\n|-boost|p1a: Munchlax|spe|4\n|-anim|p1a: Munchlax|Spectral Thief|p2a: Corviknight\n|-damage|p2a: Corviknight|68\/100\n|\n|upkeep\n|turn|12\n|-message|optify\u30c4 forfeited.\n|\n|win|BaddyGames\n|l|\u2606optify\u30c4\n|l|\u2606BaddyGames\n||Ladder (probably) updated, but score could not be retrieved (Response not received).\n","uploadtime":1587236796,"views":2,"p1id":"baddygames","p2id":"optify","formatid":"gen8balancedhackmons","rating":0,"private":0,"password":null}