{"id":"gen8ou-1645072407","p1":"Daevank5","p2":"Chokst du","format":"gen8ou","log":"|j|\u2606Daevank5\n|j|\u2606Chokst du\n|t:|1661125392\n|gametype|singles\n|player|p1|Daevank5|169|1680\n|player|p2|Chokst du|102|1857\n|teamsize|p1|6\n|teamsize|p2|6\n|gen|8\n|tier|[Gen 8] OU\n|rated|\n|rule|Sleep Clause Mod: Limit one foe put to sleep\n|rule|Species Clause: Limit one of each Pok\u00e9mon\n|rule|OHKO Clause: OHKO moves are banned\n|rule|Evasion Items Clause: Evasion items are banned\n|rule|Evasion Moves Clause: Evasion moves are banned\n|rule|Endless Battle Clause: Forcing endless battles is banned\n|rule|HP Percentage Mod: HP is shown in percentages\n|rule|Dynamax Clause: You cannot dynamax\n|clearpoke\n|poke|p1|Ferrothorn, F|\n|poke|p1|Tornadus-Therian, M|\n|poke|p1|Heatran, F|\n|poke|p1|Landorus-Therian, M|\n|poke|p1|Tapu Fini|\n|poke|p1|Alakazam, F|\n|poke|p2|Ninetales-Alola, F|\n|poke|p2|Arctozolt|\n|poke|p2|Corviknight, M|\n|poke|p2|Tyranitar, F|\n|poke|p2|Excadrill, F|\n|poke|p2|Dragapult, M|\n|teampreview\n|inactive|Battle timer is ON: inactive players will automatically lose when time's up. (requested by Daevank5)\n|\n|t:|1661125418\n|start\n|switch|p1a: Tornadus|Tornadus-Therian, M|100\/100\n|switch|p2a: Ninetales|Ninetales-Alola, F|100\/100\n|-weather|Hail|[from] ability: Snow Warning|[of] p2a: Ninetales\n|turn|1\n|\n|t:|1661125424\n|move|p2a: Ninetales|Blizzard|p1a: Tornadus\n|-supereffective|p1a: Tornadus\n|-damage|p1a: Tornadus|16\/100\n|-status|p1a: Tornadus|frz\n|cant|p1a: Tornadus|frz\n|\n|-weather|Hail|[upkeep]\n|-damage|p1a: Tornadus|10\/100 frz|[from] Hail\n|upkeep\n|turn|2\n|c|\u2606Chokst du|sry\n|\n|t:|1661125434\n|switch|p2a: Arctozolt|Arctozolt|100\/100\n|switch|p1a: Heatran|Heatran, F|100\/100\n|\n|-weather|Hail|[upkeep]\n|-damage|p1a: Heatran|94\/100|[from] Hail\n|-heal|p1a: Heatran|100\/100|[from] item: Leftovers\n|upkeep\n|turn|3\n|\n|t:|1661125438\n|switch|p1a: Landorus|Landorus-Therian, M|100\/100\n|-ability|p1a: Landorus|Intimidate|boost\n|-unboost|p2a: Arctozolt|atk|1\n|move|p2a: Arctozolt|Low Kick|p1a: Landorus\n|-resisted|p1a: Landorus\n|-damage|p1a: Landorus|90\/100\n|-damage|p2a: Arctozolt|91\/100|[from] item: Life Orb\n|\n|-weather|Hail|[upkeep]\n|-damage|p1a: Landorus|84\/100|[from] Hail\n|-heal|p1a: Landorus|90\/100|[from] item: Leftovers\n|upkeep\n|turn|4\n|j| Electric_Isaac\n|inactive|Daevank5 has 120 seconds left.\n|\n|t:|1661125481\n|move|p2a: Arctozolt|Blizzard|p1a: Landorus\n|-supereffective|p1a: Landorus\n|-damage|p1a: Landorus|0 fnt\n|faint|p1a: Landorus\n|-damage|p2a: Arctozolt|81\/100|[from] item: Life Orb\n|\n|-weather|Hail|[upkeep]\n|upkeep\n|\n|t:|1661125484\n|switch|p1a: Heatran|Heatran, F|100\/100\n|turn|5\n|\n|t:|1661125497\n|switch|p2a: Tyranitar|Tyranitar, F|100\/100\n|-weather|Sandstorm|[from] ability: Sand Stream|[of] p2a: Tyranitar\n|move|p1a: Heatran|Earth Power|p2a: Tyranitar\n|-supereffective|p2a: Tyranitar\n|-damage|p2a: Tyranitar|81\/100\n|\n|-weather|Sandstorm|[upkeep]\n|-heal|p2a: Tyranitar|87\/100|[from] item: Leftovers\n|upkeep\n|turn|6\n|\n|t:|1661125502\n|move|p1a: Heatran|Stealth Rock|p2a: Tyranitar\n|-sidestart|p2: Chokst du|move: Stealth Rock\n|move|p2a: Tyranitar|Earthquake|p1a: Heatran\n|-supereffective|p1a: Heatran\n|-damage|p1a: Heatran|0 fnt\n|faint|p1a: Heatran\n|\n|-weather|Sandstorm|[upkeep]\n|-heal|p2a: Tyranitar|93\/100|[from] item: Leftovers\n|upkeep\n|\n|t:|1661125506\n|switch|p1a: Alakazam|Alakazam, F|100\/100\n|turn|7\n|\n|t:|1661125511\n|move|p1a: Alakazam|Focus Blast|p2a: Tyranitar\n|-supereffective|p2a: Tyranitar\n|-damage|p2a: Tyranitar|8\/100\n|move|p2a: Tyranitar|Rock Blast|p1a: Alakazam\n|-damage|p1a: Alakazam|72\/100\n|-damage|p1a: Alakazam|43\/100\n|-damage|p1a: Alakazam|16\/100\n|-hitcount|p1a: Alakazam|3\n|\n|-weather|Sandstorm|[upkeep]\n|-heal|p2a: Tyranitar|14\/100|[from] item: Leftovers\n|upkeep\n|turn|8\n|\n|t:|1661125517\n|switch|p2a: Corviknight|Corviknight, M|100\/100\n|-damage|p2a: Corviknight|88\/100|[from] Stealth Rock\n|-ability|p2a: Corviknight|Pressure\n|move|p1a: Alakazam|Focus Blast|p2a: Corviknight\n|-damage|p2a: Corviknight|33\/100\n|\n|-weather|Sandstorm|[upkeep]\n|upkeep\n|turn|9\n|\n|t:|1661125522\n|move|p1a: Alakazam|Focus Blast|p2a: Corviknight\n|-damage|p2a: Corviknight|0 fnt\n|faint|p2a: Corviknight\n|\n|-weather|none\n|upkeep\n|\n|t:|1661125525\n|switch|p2a: Dragapult|Dragapult, M|100\/100\n|turn|10\n|\n|t:|1661125529\n|switch|p1a: Tapu Fini|Tapu Fini|100\/100\n|-fieldstart|move: Misty Terrain|[from] ability: Misty Surge|[of] p1a: Tapu Fini\n|move|p2a: Dragapult|U-turn|p1a: Tapu Fini\n|-resisted|p1a: Tapu Fini\n|-damage|p1a: Tapu Fini|94\/100\n|\n|t:|1661125539\n|switch|p2a: Ninetales|Ninetales-Alola, F|100\/100|[from]move: U-turn\n|-damage|p2a: Ninetales|76\/100|[from] Stealth Rock\n|-weather|Hail|[from] ability: Snow Warning|[of] p2a: Ninetales\n|\n|-weather|Hail|[upkeep]\n|-damage|p1a: Tapu Fini|88\/100|[from] Hail\n|-heal|p1a: Tapu Fini|94\/100|[from] item: Leftovers\n|upkeep\n|turn|11\n|\n|t:|1661125545\n|switch|p1a: Ferrothorn|Ferrothorn, F|100\/100\n|move|p2a: Ninetales|Aurora Veil|p2a: Ninetales\n|-sidestart|p2: Chokst du|move: Aurora Veil\n|\n|-weather|Hail|[upkeep]\n|-damage|p1a: Ferrothorn|94\/100|[from] Hail\n|-heal|p1a: Ferrothorn|100\/100|[from] item: Leftovers\n|upkeep\n|turn|12\n|\n|t:|1661125548\n|switch|p2a: Excadrill|Excadrill, F|100\/100\n|-damage|p2a: Excadrill|97\/100|[from] Stealth Rock\n|move|p1a: Ferrothorn|Spikes|p2a: Excadrill\n|-sidestart|p2: Chokst du|Spikes\n|\n|-weather|Hail|[upkeep]\n|-damage|p2a: Excadrill|91\/100|[from] Hail\n|-damage|p1a: Ferrothorn|94\/100|[from] Hail\n|-heal|p2a: Excadrill|97\/100|[from] item: Leftovers\n|-heal|p1a: Ferrothorn|100\/100|[from] item: Leftovers\n|upkeep\n|turn|13\n|\n|t:|1661125551\n|move|p2a: Excadrill|Rapid Spin|p1a: Ferrothorn\n|-resisted|p1a: Ferrothorn\n|-damage|p1a: Ferrothorn|95\/100\n|-boost|p2a: Excadrill|spe|1\n|-damage|p2a: Excadrill|85\/100|[from] ability: Iron Barbs|[of] p1a: Ferrothorn\n|-sideend|p2: Chokst du|Spikes|[from] move: Rapid Spin|[of] p2a: Excadrill\n|-sideend|p2: Chokst du|Stealth Rock|[from] move: Rapid Spin|[of] p2a: Excadrill\n|move|p1a: Ferrothorn|Leech Seed|p2a: Excadrill\n|-start|p2a: Excadrill|move: Leech Seed\n|\n|-weather|Hail|[upkeep]\n|-damage|p2a: Excadrill|79\/100|[from] Hail\n|-damage|p1a: Ferrothorn|89\/100|[from] Hail\n|-heal|p2a: Excadrill|85\/100|[from] item: Leftovers\n|-heal|p1a: Ferrothorn|95\/100|[from] item: Leftovers\n|-damage|p2a: Excadrill|73\/100|[from] Leech Seed|[of] p1a: Ferrothorn\n|-heal|p1a: Ferrothorn|100\/100|[silent]\n|upkeep\n|turn|14\n|\n|t:|1661125559\n|switch|p2a: Tyranitar|Tyranitar, F|14\/100\n|-weather|Sandstorm|[from] ability: Sand Stream|[of] p2a: Tyranitar\n|move|p1a: Ferrothorn|Power Whip|p2a: Tyranitar\n|-supereffective|p2a: Tyranitar\n|-damage|p2a: Tyranitar|0 fnt\n|faint|p2a: Tyranitar\n|\n|-weather|Sandstorm|[upkeep]\n|-fieldend|Misty Terrain\n|upkeep\n|\n|t:|1661125573\n|switch|p2a: Excadrill|Excadrill, F|73\/100\n|turn|15\n|\n|t:|1661125581\n|move|p2a: Excadrill|Swords Dance|p2a: Excadrill\n|-boost|p2a: Excadrill|atk|2\n|move|p1a: Ferrothorn|Worry Seed|p2a: Excadrill\n|-endability|p2a: Excadrill|Sand Rush|[from] move: Worry Seed\n|-ability|p2a: Excadrill|Insomnia|[from] move: Worry Seed\n|\n|-weather|Sandstorm|[upkeep]\n|-heal|p2a: Excadrill|79\/100|[from] item: Leftovers\n|-sideend|p2: Chokst du|move: Aurora Veil\n|upkeep\n|turn|16\n|\n|t:|1661125589\n|switch|p1a: Tornadus|Tornadus-Therian, M|43\/100 frz\n|move|p2a: Excadrill|Earthquake|p1a: Tornadus\n|-immune|p1a: Tornadus\n|\n|-weather|Sandstorm|[upkeep]\n|-damage|p1a: Tornadus|37\/100 frz|[from] Sandstorm\n|-heal|p2a: Excadrill|85\/100|[from] item: Leftovers\n|upkeep\n|turn|17\n|\n|t:|1661125600\n|switch|p1a: Ferrothorn|Ferrothorn, F|100\/100\n|move|p2a: Excadrill|Rapid Spin|p1a: Ferrothorn\n|-resisted|p1a: Ferrothorn\n|-damage|p1a: Ferrothorn|89\/100\n|-boost|p2a: Excadrill|spe|1\n|-damage|p2a: Excadrill|72\/100|[from] ability: Iron Barbs|[of] p1a: Ferrothorn\n|\n|-weather|Sandstorm|[upkeep]\n|-heal|p2a: Excadrill|78\/100|[from] item: Leftovers\n|-heal|p1a: Ferrothorn|96\/100|[from] item: Leftovers\n|upkeep\n|turn|18\n|\n|t:|1661125613\n|switch|p1a: Tornadus|Tornadus-Therian, M|70\/100 frz\n|move|p2a: Excadrill|Earthquake|p1a: Tornadus\n|-immune|p1a: Tornadus\n|\n|-weather|none\n|-heal|p2a: Excadrill|84\/100|[from] item: Leftovers\n|upkeep\n|turn|19\n|\n|t:|1661125616\n|switch|p1a: Ferrothorn|Ferrothorn, F|96\/100\n|move|p2a: Excadrill|Iron Head|p1a: Ferrothorn\n|-resisted|p1a: Ferrothorn\n|-damage|p1a: Ferrothorn|70\/100\n|-damage|p2a: Excadrill|72\/100|[from] ability: Iron Barbs|[of] p1a: Ferrothorn\n|\n|-heal|p2a: Excadrill|78\/100|[from] item: Leftovers\n|-heal|p1a: Ferrothorn|76\/100|[from] item: Leftovers\n|upkeep\n|turn|20\n|\n|t:|1661125619\n|move|p2a: Excadrill|Earthquake|p1a: Ferrothorn\n|-damage|p1a: Ferrothorn|17\/100\n|move|p1a: Ferrothorn|Power Whip|p2a: Excadrill\n|-damage|p2a: Excadrill|22\/100\n|\n|-heal|p2a: Excadrill|28\/100|[from] item: Leftovers\n|-heal|p1a: Ferrothorn|23\/100|[from] item: Leftovers\n|upkeep\n|turn|21\n|-message|Daevank5 forfeited.\n|\n|win|Chokst du\n|raw|Daevank5's rating: 1680 &rarr; <strong>1669<\/strong><br \/>(-11 for losing)\n|raw|Chokst du's rating: 1857 &rarr; <strong>1868<\/strong><br \/>(+11 for winning)\n|l|\u2606Daevank5\n||Ladder isn't responding, score probably updated but might not have (Request timeout).\n","uploadtime":1661125665,"views":56,"p1id":"daevank5","p2id":"chokstdu","formatid":"gen8ou","rating":1669,"private":0,"password":null}