{"id":"gen8ou-1706962125","p1":"Pikadevil","p2":"Peluc81","format":"gen8ou","log":"|j|\u2606Pikadevil\n|j|\u2606Peluc81\n|t:|1668036709\n|gametype|singles\n|player|p1|Pikadevil|266|1183\n|player|p2|Peluc81|policeman-gen4|1245\n|teamsize|p1|6\n|teamsize|p2|6\n|gen|8\n|tier|[Gen 8] OU\n|rated|\n|rule|Sleep Clause Mod: Limit one foe put to sleep\n|rule|Species Clause: Limit one of each Pok\u00e9mon\n|rule|OHKO Clause: OHKO moves are banned\n|rule|Evasion Items Clause: Evasion items are banned\n|rule|Evasion Moves Clause: Evasion moves are banned\n|rule|Endless Battle Clause: Forcing endless battles is banned\n|rule|HP Percentage Mod: HP is shown in percentages\n|rule|Dynamax Clause: You cannot dynamax\n|clearpoke\n|poke|p1|Kartana|\n|poke|p1|Magnezone|\n|poke|p1|Corviknight, M|\n|poke|p1|Slowbro, F|\n|poke|p1|Landorus-Therian, M|\n|poke|p1|Blacephalon|\n|poke|p2|Corviknight, M|\n|poke|p2|Landorus-Therian, M|\n|poke|p2|Clefable, F|\n|poke|p2|Chansey, F|\n|poke|p2|Rotom-Wash|\n|poke|p2|Umbreon, M|\n|teampreview\n|inactive|Battle timer is ON: inactive players will automatically lose when time's up. (requested by Peluc81)\n|\n|t:|1668036720\n|start\n|switch|p1a: Kartana|Kartana|100\/100\n|switch|p2a: Landorus|Landorus-Therian, M|100\/100\n|-ability|p2a: Landorus|Intimidate|boost\n|-unboost|p1a: Kartana|atk|1\n|turn|1\n|\n|t:|1668036727\n|switch|p2a: Corviknight|Corviknight, M, shiny|100\/100\n|-ability|p2a: Corviknight|Pressure\n|move|p1a: Kartana|Knock Off|p2a: Corviknight\n|-damage|p2a: Corviknight|74\/100\n|-damage|p1a: Kartana|84\/100|[from] item: Rocky Helmet|[of] p2a: Corviknight\n|-enditem|p2a: Corviknight|Rocky Helmet|[from] move: Knock Off|[of] p1a: Kartana\n|\n|upkeep\n|turn|2\n|\n|t:|1668036743\n|switch|p1a: Corviknight|Corviknight, M|100\/100\n|-ability|p1a: Corviknight|Pressure\n|move|p2a: Corviknight|Brave Bird|p1a: Corviknight\n|-resisted|p1a: Corviknight\n|-damage|p1a: Corviknight|89\/100\n|-damage|p2a: Corviknight|70\/100|[from] Recoil\n|\n|-heal|p1a: Corviknight|95\/100|[from] item: Leftovers\n|upkeep\n|turn|3\n|\n|t:|1668036752\n|move|p2a: Corviknight|Bulk Up|p2a: Corviknight\n|-boost|p2a: Corviknight|atk|1\n|-boost|p2a: Corviknight|def|1\n|move|p1a: Corviknight|U-turn|p2a: Corviknight\n|-resisted|p2a: Corviknight\n|-damage|p2a: Corviknight|69\/100\n|\n|t:|1668036758\n|switch|p1a: Blacephalon|Blacephalon|100\/100|[from]move: U-turn\n|\n|upkeep\n|turn|4\n|\n|t:|1668036764\n|switch|p2a: Rotom|Rotom-Wash|100\/100\n|move|p1a: Blacephalon|Flamethrower|p2a: Rotom\n|-resisted|p2a: Rotom\n|-damage|p2a: Rotom|78\/100\n|\n|-heal|p2a: Rotom|84\/100|[from] item: Leftovers\n|upkeep\n|turn|5\n|\n|t:|1668036778\n|switch|p1a: Magnezone|Magnezone|100\/100\n|move|p2a: Rotom|Hydro Pump|p1a: Magnezone\n|-damage|p1a: Magnezone|47\/100\n|\n|-heal|p2a: Rotom|90\/100|[from] item: Leftovers\n|upkeep\n|turn|6\n|\n|t:|1668036788\n|switch|p2a: Landorus|Landorus-Therian, M|100\/100\n|-ability|p2a: Landorus|Intimidate|boost\n|-unboost|p1a: Magnezone|atk|1\n|move|p1a: Magnezone|Volt Switch|p2a: Landorus\n|-immune|p2a: Landorus\n|\n|upkeep\n|turn|7\n|\n|t:|1668036799\n|switch|p1a: Slowbro|Slowbro, F|100\/100\n|move|p2a: Landorus|Stealth Rock|p1a: Slowbro\n|-sidestart|p1: Pikadevil|move: Stealth Rock\n|\n|upkeep\n|turn|8\n|\n|t:|1668036806\n|switch|p2a: Rotom|Rotom-Wash|90\/100\n|move|p1a: Slowbro|Future Sight|p2a: Rotom\n|-start|p1a: Slowbro|move: Future Sight\n|\n|-heal|p2a: Rotom|97\/100|[from] item: Leftovers\n|upkeep\n|turn|9\n|\n|t:|1668036817\n|switch|p1a: Landorus|Landorus-Therian, M|100\/100\n|-damage|p1a: Landorus|88\/100|[from] Stealth Rock\n|-ability|p1a: Landorus|Intimidate|boost\n|-unboost|p2a: Rotom|atk|1\n|move|p2a: Rotom|Volt Switch|p1a: Landorus\n|-immune|p1a: Landorus\n|\n|-heal|p1a: Landorus|94\/100|[from] item: Leftovers\n|-heal|p2a: Rotom|100\/100|[from] item: Leftovers\n|upkeep\n|turn|10\n|\n|t:|1668036828\n|switch|p1a: Slowbro|Slowbro, F|100\/100\n|switch|p2a: Corviknight|Corviknight, M, shiny|69\/100\n|-ability|p2a: Corviknight|Pressure\n|\n|-end|p2a: Corviknight|move: Future Sight\n|-resisted|p2a: Corviknight\n|-damage|p2a: Corviknight|51\/100\n|upkeep\n|turn|11\n|\n|t:|1668036837\n|move|p2a: Corviknight|Roost|p2a: Corviknight\n|-heal|p2a: Corviknight|100\/100\n|-singleturn|p2a: Corviknight|move: Roost\n|move|p1a: Slowbro|Future Sight|p2a: Corviknight\n|-start|p1a: Slowbro|move: Future Sight\n|\n|upkeep\n|turn|12\n|\n|t:|1668036844\n|switch|p2a: Umbreon|Umbreon, M, shiny|100\/100\n|move|p1a: Slowbro|Scald|p2a: Umbreon\n|-damage|p2a: Umbreon|85\/100\n|\n|-heal|p2a: Umbreon|91\/100|[from] item: Leftovers\n|upkeep\n|turn|13\n|\n|t:|1668036854\n|move|p2a: Umbreon|Foul Play|p1a: Slowbro\n|-supereffective|p1a: Slowbro\n|-damage|p1a: Slowbro|76\/100\n|move|p1a: Slowbro|Teleport|p1a: Slowbro\n|\n|t:|1668036858\n|switch|p1a: Kartana|Kartana|84\/100|[from]move: Teleport\n|-damage|p1a: Kartana|78\/100|[from] Stealth Rock\n|\n|-end|p2a: Umbreon|move: Future Sight\n|-immune|p2a: Umbreon\n|-heal|p2a: Umbreon|97\/100|[from] item: Leftovers\n|upkeep\n|turn|14\n|\n|t:|1668036868\n|move|p2a: Umbreon|Protect|p2a: Umbreon\n|-singleturn|p2a: Umbreon|Protect\n|move|p1a: Kartana|Sacred Sword|p2a: Umbreon\n|-activate|p2a: Umbreon|move: Protect\n|\n|-heal|p2a: Umbreon|100\/100|[from] item: Leftovers\n|upkeep\n|turn|15\n|\n|t:|1668036881\n|switch|p1a: Corviknight|Corviknight, M|95\/100\n|-damage|p1a: Corviknight|83\/100|[from] Stealth Rock\n|-ability|p1a: Corviknight|Pressure\n|switch|p2a: Corviknight|Corviknight, M, shiny|100\/100\n|-ability|p2a: Corviknight|Pressure\n|\n|-heal|p1a: Corviknight|89\/100|[from] item: Leftovers\n|upkeep\n|turn|16\n|\n|t:|1668036889\n|move|p2a: Corviknight|Bulk Up|p2a: Corviknight\n|-boost|p2a: Corviknight|atk|1\n|-boost|p2a: Corviknight|def|1\n|move|p1a: Corviknight|Defog|p2a: Corviknight\n|-unboost|p2a: Corviknight|evasion|1\n|-sideend|p1: Pikadevil|Stealth Rock|[from] move: Defog|[of] p1a: Corviknight\n|\n|-heal|p1a: Corviknight|95\/100|[from] item: Leftovers\n|upkeep\n|turn|17\n|\n|t:|1668036904\n|move|p2a: Corviknight|Brave Bird|p1a: Corviknight\n|-resisted|p1a: Corviknight\n|-damage|p1a: Corviknight|79\/100\n|-damage|p2a: Corviknight|95\/100|[from] Recoil\n|move|p1a: Corviknight|U-turn|p2a: Corviknight\n|-resisted|p2a: Corviknight\n|-damage|p2a: Corviknight|93\/100\n|\n|t:|1668036908\n|switch|p1a: Magnezone|Magnezone|47\/100|[from]move: U-turn\n|\n|upkeep\n|turn|18\n|\n|t:|1668036912\n|move|p1a: Magnezone|Thunderbolt|p2a: Corviknight\n|-supereffective|p2a: Corviknight\n|-crit|p2a: Corviknight\n|-damage|p2a: Corviknight|0 fnt\n|faint|p2a: Corviknight\n|\n|upkeep\n|\n|t:|1668036922\n|switch|p2a: Rotom|Rotom-Wash|100\/100\n|turn|19\n|\n|t:|1668036926\n|move|p2a: Rotom|Hydro Pump|p1a: Magnezone\n|-damage|p1a: Magnezone|0 fnt\n|faint|p1a: Magnezone\n|\n|upkeep\n|\n|t:|1668036932\n|switch|p1a: Kartana|Kartana|78\/100\n|turn|20\n|\n|t:|1668036940\n|switch|p2a: Landorus|Landorus-Therian, M|100\/100\n|-ability|p2a: Landorus|Intimidate|boost\n|-unboost|p1a: Kartana|atk|1\n|move|p1a: Kartana|Leaf Blade|p2a: Landorus\n|-damage|p2a: Landorus|59\/100\n|\n|-heal|p2a: Landorus|65\/100|[from] item: Leftovers\n|upkeep\n|turn|21\n|\n|t:|1668036951\n|switch|p1a: Slowbro|Slowbro, F|100\/100\n|move|p2a: Landorus|Earthquake|p1a: Slowbro\n|-damage|p1a: Slowbro|71\/100\n|\n|-heal|p2a: Landorus|71\/100|[from] item: Leftovers\n|upkeep\n|turn|22\n|\n|t:|1668036962\n|switch|p2a: Umbreon|Umbreon, M, shiny|100\/100\n|move|p1a: Slowbro|Future Sight|p2a: Umbreon\n|-start|p1a: Slowbro|move: Future Sight\n|\n|upkeep\n|turn|23\n|\n|t:|1668036967\n|move|p2a: Umbreon|Toxic|p1a: Slowbro|[miss]\n|-miss|p2a: Umbreon|p1a: Slowbro\n|move|p1a: Slowbro|Teleport|p1a: Slowbro\n|\n|t:|1668036971\n|switch|p1a: Kartana|Kartana|78\/100|[from]move: Teleport\n|\n|upkeep\n|turn|24\n|\n|t:|1668036977\n|move|p2a: Umbreon|Protect|p2a: Umbreon\n|-singleturn|p2a: Umbreon|Protect\n|move|p1a: Kartana|Sacred Sword|p2a: Umbreon\n|-activate|p2a: Umbreon|move: Protect\n|\n|-end|p2a: Umbreon|move: Future Sight\n|-immune|p2a: Umbreon\n|upkeep\n|turn|25\n|\n|t:|1668036986\n|switch|p2a: Landorus|Landorus-Therian, M|71\/100\n|-ability|p2a: Landorus|Intimidate|boost\n|-unboost|p1a: Kartana|atk|1\n|move|p1a: Kartana|Sacred Sword|p2a: Landorus\n|-resisted|p2a: Landorus\n|-damage|p2a: Landorus|56\/100\n|\n|-heal|p2a: Landorus|62\/100|[from] item: Leftovers\n|upkeep\n|turn|26\n|\n|t:|1668036999\n|switch|p1a: Corviknight|Corviknight, M|79\/100\n|-ability|p1a: Corviknight|Pressure\n|move|p2a: Landorus|Stealth Rock|p1a: Corviknight\n|-sidestart|p1: Pikadevil|move: Stealth Rock\n|\n|-heal|p2a: Landorus|68\/100|[from] item: Leftovers\n|-heal|p1a: Corviknight|85\/100|[from] item: Leftovers\n|upkeep\n|turn|27\n|\n|t:|1668037010\n|switch|p2a: Umbreon|Umbreon, M, shiny|100\/100\n|move|p1a: Corviknight|Defog|p2a: Umbreon\n|-unboost|p2a: Umbreon|evasion|1\n|-sideend|p1: Pikadevil|Stealth Rock|[from] move: Defog|[of] p1a: Corviknight\n|\n|-heal|p1a: Corviknight|91\/100|[from] item: Leftovers\n|upkeep\n|turn|28\n|\n|t:|1668037020\n|move|p1a: Corviknight|Body Press|p2a: Umbreon\n|-supereffective|p2a: Umbreon\n|-damage|p2a: Umbreon|64\/100\n|move|p2a: Umbreon|Foul Play|p1a: Corviknight\n|-damage|p1a: Corviknight|73\/100\n|\n|-heal|p1a: Corviknight|79\/100|[from] item: Leftovers\n|-heal|p2a: Umbreon|70\/100|[from] item: Leftovers\n|upkeep\n|turn|29\n|\n|t:|1668037029\n|move|p1a: Corviknight|Body Press|p2a: Umbreon\n|-supereffective|p2a: Umbreon\n|-crit|p2a: Umbreon\n|-damage|p2a: Umbreon|12\/100\n|move|p2a: Umbreon|Wish|p2a: Umbreon\n|\n|-heal|p1a: Corviknight|85\/100|[from] item: Leftovers\n|-heal|p2a: Umbreon|18\/100|[from] item: Leftovers\n|upkeep\n|turn|30\n|\n|t:|1668037036\n|move|p2a: Umbreon|Protect|p2a: Umbreon\n|-singleturn|p2a: Umbreon|Protect\n|move|p1a: Corviknight|Body Press|p2a: Umbreon\n|-activate|p2a: Umbreon|move: Protect\n|\n|-heal|p2a: Umbreon|68\/100|[from] move: Wish|[wisher] Umbreon\n|-heal|p1a: Corviknight|91\/100|[from] item: Leftovers\n|-heal|p2a: Umbreon|74\/100|[from] item: Leftovers\n|upkeep\n|turn|31\n|\n|t:|1668037058\n|switch|p2a: Rotom|Rotom-Wash|100\/100\n|move|p1a: Corviknight|Body Press|p2a: Rotom\n|-crit|p2a: Rotom\n|-damage|p2a: Rotom|63\/100\n|\n|-heal|p2a: Rotom|70\/100|[from] item: Leftovers\n|-heal|p1a: Corviknight|98\/100|[from] item: Leftovers\n|upkeep\n|turn|32\n|\n|t:|1668037069\n|switch|p1a: Slowbro|Slowbro, F|100\/100\n|move|p2a: Rotom|Hydro Pump|p1a: Slowbro\n|-resisted|p1a: Slowbro\n|-damage|p1a: Slowbro|80\/100\n|\n|-heal|p2a: Rotom|76\/100|[from] item: Leftovers\n|upkeep\n|turn|33\n|\n|t:|1668037077\n|move|p2a: Rotom|Toxic|p1a: Slowbro\n|-status|p1a: Slowbro|tox\n|move|p1a: Slowbro|Future Sight|p2a: Rotom\n|-start|p1a: Slowbro|move: Future Sight\n|\n|-heal|p2a: Rotom|82\/100|[from] item: Leftovers\n|-damage|p1a: Slowbro|74\/100 tox|[from] psn\n|upkeep\n|turn|34\n|\n|t:|1668037085\n|switch|p2a: Umbreon|Umbreon, M, shiny|74\/100\n|switch|p1a: Landorus|Landorus-Therian, M|94\/100\n|-ability|p1a: Landorus|Intimidate|boost\n|-unboost|p2a: Umbreon|atk|1\n|\n|-heal|p1a: Landorus|99\/100|[from] item: Leftovers\n|-heal|p2a: Umbreon|80\/100|[from] item: Leftovers\n|upkeep\n|turn|35\n|\n|t:|1668037098\n|move|p1a: Landorus|Substitute|p1a: Landorus\n|-start|p1a: Landorus|Substitute\n|-damage|p1a: Landorus|75\/100\n|move|p2a: Umbreon|Toxic||[still]\n|-fail|p2a: Umbreon\n|\n|-end|p2a: Umbreon|move: Future Sight\n|-immune|p2a: Umbreon\n|-heal|p1a: Landorus|81\/100|[from] item: Leftovers\n|-heal|p2a: Umbreon|86\/100|[from] item: Leftovers\n|upkeep\n|turn|36\n|\n|t:|1668037108\n|move|p1a: Landorus|Swords Dance|p1a: Landorus\n|-boost|p1a: Landorus|atk|2\n|move|p2a: Umbreon|Foul Play|p1a: Landorus\n|-end|p1a: Landorus|Substitute\n|\n|-heal|p1a: Landorus|87\/100|[from] item: Leftovers\n|-heal|p2a: Umbreon|92\/100|[from] item: Leftovers\n|upkeep\n|turn|37\n|\n|t:|1668037119\n|move|p1a: Landorus|Earthquake|p2a: Umbreon\n|-damage|p2a: Umbreon|3\/100\n|move|p2a: Umbreon|Foul Play|p1a: Landorus\n|-damage|p1a: Landorus|0 fnt\n|faint|p1a: Landorus\n|\n|-heal|p2a: Umbreon|9\/100|[from] item: Leftovers\n|upkeep\n|\n|t:|1668037133\n|switch|p1a: Corviknight|Corviknight, M|98\/100\n|-ability|p1a: Corviknight|Pressure\n|turn|38\n|\n|t:|1668037136\n|move|p2a: Umbreon|Protect|p2a: Umbreon\n|-singleturn|p2a: Umbreon|Protect\n|move|p1a: Corviknight|Body Press|p2a: Umbreon\n|-activate|p2a: Umbreon|move: Protect\n|\n|-heal|p1a: Corviknight|100\/100|[from] item: Leftovers\n|-heal|p2a: Umbreon|15\/100|[from] item: Leftovers\n|upkeep\n|turn|39\n|\n|t:|1668037149\n|switch|p2a: Clefable|Clefable, F|100\/100\n|move|p1a: Corviknight|U-turn|p2a: Clefable\n|-resisted|p2a: Clefable\n|-damage|p2a: Clefable|95\/100\n|\n|t:|1668037154\n|switch|p1a: Kartana|Kartana|78\/100|[from]move: U-turn\n|\n|-heal|p2a: Clefable|100\/100|[from] item: Leftovers\n|upkeep\n|turn|40\n|\n|t:|1668037159\n|move|p1a: Kartana|Smart Strike|p2a: Clefable\n|-supereffective|p2a: Clefable\n|-crit|p2a: Clefable\n|-damage|p2a: Clefable|0 fnt\n|faint|p2a: Clefable\n|-ability|p1a: Kartana|Beast Boost|boost\n|-boost|p1a: Kartana|atk|1\n|\n|upkeep\n|\n|t:|1668037167\n|switch|p2a: Landorus|Landorus-Therian, M|68\/100\n|-ability|p2a: Landorus|Intimidate|boost\n|-unboost|p1a: Kartana|atk|1\n|turn|41\n|\n|t:|1668037171\n|switch|p1a: Corviknight|Corviknight, M|100\/100\n|-ability|p1a: Corviknight|Pressure\n|move|p2a: Landorus|Earthquake|p1a: Corviknight\n|-immune|p1a: Corviknight\n|\n|-heal|p2a: Landorus|74\/100|[from] item: Leftovers\n|upkeep\n|turn|42\n|\n|t:|1668037181\n|switch|p2a: Rotom|Rotom-Wash|82\/100\n|move|p1a: Corviknight|U-turn|p2a: Rotom\n|-damage|p2a: Rotom|66\/100\n|\n|t:|1668037186\n|switch|p1a: Slowbro|Slowbro, F|100\/100 tox|[from]move: U-turn\n|\n|-heal|p2a: Rotom|72\/100|[from] item: Leftovers\n|-damage|p1a: Slowbro|94\/100 tox|[from] psn\n|upkeep\n|turn|43\n|\n|t:|1668037192\n|move|p2a: Rotom|Pain Split|p1a: Slowbro\n|-sethp|p1a: Slowbro|75\/100 tox|[from] move: Pain Split|[silent]\n|-sethp|p2a: Rotom|97\/100|[from] move: Pain Split\n|move|p1a: Slowbro|Future Sight|p2a: Rotom\n|-start|p1a: Slowbro|move: Future Sight\n|\n|-heal|p2a: Rotom|100\/100|[from] item: Leftovers\n|-damage|p1a: Slowbro|63\/100 tox|[from] psn\n|upkeep\n|turn|44\n|\n|t:|1668037200\n|switch|p2a: Umbreon|Umbreon, M, shiny|15\/100\n|move|p1a: Slowbro|Teleport|p1a: Slowbro\n|\n|t:|1668037204\n|switch|p1a: Corviknight|Corviknight, M|100\/100|[from]move: Teleport\n|-ability|p1a: Corviknight|Pressure\n|\n|-heal|p2a: Umbreon|21\/100|[from] item: Leftovers\n|upkeep\n|turn|45\n|\n|t:|1668037210\n|move|p2a: Umbreon|Protect|p2a: Umbreon\n|-singleturn|p2a: Umbreon|Protect\n|move|p1a: Corviknight|Body Press|p2a: Umbreon\n|-activate|p2a: Umbreon|move: Protect\n|\n|-end|p2a: Umbreon|move: Future Sight\n|-immune|p2a: Umbreon\n|-heal|p2a: Umbreon|27\/100|[from] item: Leftovers\n|upkeep\n|turn|46\n|\n|t:|1668037225\n|switch|p2a: Rotom|Rotom-Wash|100\/100\n|move|p1a: Corviknight|Body Press|p2a: Rotom\n|-damage|p2a: Rotom|76\/100\n|\n|-heal|p2a: Rotom|83\/100|[from] item: Leftovers\n|upkeep\n|turn|47\n|\n|t:|1668037235\n|move|p2a: Rotom|Volt Switch|p1a: Corviknight\n|-supereffective|p1a: Corviknight\n|-damage|p1a: Corviknight|54\/100\n|\n|t:|1668037241\n|switch|p2a: Landorus|Landorus-Therian, M|74\/100|[from]move: Volt Switch\n|-ability|p2a: Landorus|Intimidate|boost\n|-unboost|p1a: Corviknight|atk|1\n|move|p1a: Corviknight|U-turn|p2a: Landorus\n|-resisted|p2a: Landorus\n|-damage|p2a: Landorus|71\/100\n|\n|t:|1668037252\n|switch|p1a: Slowbro|Slowbro, F|96\/100 tox|[from]move: U-turn\n|\n|-heal|p2a: Landorus|77\/100|[from] item: Leftovers\n|-damage|p1a: Slowbro|90\/100 tox|[from] psn\n|upkeep\n|turn|48\n|\n|t:|1668037262\n|switch|p2a: Umbreon|Umbreon, M, shiny|27\/100\n|move|p1a: Slowbro|Ice Beam|p2a: Umbreon\n|-damage|p2a: Umbreon|16\/100\n|\n|-heal|p2a: Umbreon|23\/100|[from] item: Leftovers\n|-damage|p1a: Slowbro|78\/100 tox|[from] psn\n|upkeep\n|turn|49\n|\n|t:|1668037269\n|move|p2a: Umbreon|Wish|p2a: Umbreon\n|move|p1a: Slowbro|Scald|p2a: Umbreon\n|-damage|p2a: Umbreon|7\/100\n|\n|-heal|p2a: Umbreon|13\/100|[from] item: Leftovers\n|-damage|p1a: Slowbro|60\/100 tox|[from] psn\n|upkeep\n|turn|50\n|\n|t:|1668037279\n|move|p2a: Umbreon|Protect|p2a: Umbreon\n|-singleturn|p2a: Umbreon|Protect\n|move|p1a: Slowbro|Scald|p2a: Umbreon\n|-activate|p2a: Umbreon|move: Protect\n|\n|-heal|p2a: Umbreon|63\/100|[from] move: Wish|[wisher] Umbreon\n|-heal|p2a: Umbreon|70\/100|[from] item: Leftovers\n|-damage|p1a: Slowbro|35\/100 tox|[from] psn\n|upkeep\n|turn|51\n|\n|t:|1668037286\n|switch|p1a: Corviknight|Corviknight, M|54\/100\n|-ability|p1a: Corviknight|Pressure\n|move|p2a: Umbreon|Wish|p2a: Umbreon\n|\n|-heal|p1a: Corviknight|60\/100|[from] item: Leftovers\n|-heal|p2a: Umbreon|76\/100|[from] item: Leftovers\n|upkeep\n|turn|52\n|\n|t:|1668037290\n|move|p2a: Umbreon|Protect|p2a: Umbreon\n|-singleturn|p2a: Umbreon|Protect\n|move|p1a: Corviknight|Body Press|p2a: Umbreon\n|-activate|p2a: Umbreon|move: Protect\n|\n|-heal|p2a: Umbreon|100\/100|[from] move: Wish|[wisher] Umbreon\n|-heal|p1a: Corviknight|66\/100|[from] item: Leftovers\n|upkeep\n|turn|53\n|\n|t:|1668037298\n|switch|p2a: Landorus|Landorus-Therian, M|77\/100\n|-ability|p2a: Landorus|Intimidate|boost\n|-unboost|p1a: Corviknight|atk|1\n|move|p1a: Corviknight|Body Press|p2a: Landorus\n|-resisted|p2a: Landorus\n|-damage|p2a: Landorus|67\/100\n|\n|-heal|p2a: Landorus|73\/100|[from] item: Leftovers\n|-heal|p1a: Corviknight|73\/100|[from] item: Leftovers\n|upkeep\n|turn|54\n|\n|t:|1668037307\n|move|p2a: Landorus|Stealth Rock|p1a: Corviknight\n|-sidestart|p1: Pikadevil|move: Stealth Rock\n|move|p1a: Corviknight|U-turn|p2a: Landorus\n|-resisted|p2a: Landorus\n|-damage|p2a: Landorus|70\/100\n|\n|t:|1668037311\n|switch|p1a: Slowbro|Slowbro, F|68\/100 tox|[from]move: U-turn\n|\n|-heal|p2a: Landorus|76\/100|[from] item: Leftovers\n|-damage|p1a: Slowbro|62\/100 tox|[from] psn\n|upkeep\n|turn|55\n|\n|t:|1668037317\n|switch|p2a: Umbreon|Umbreon, M, shiny|100\/100\n|move|p1a: Slowbro|Teleport|p1a: Slowbro\n|\n|t:|1668037321\n|switch|p1a: Corviknight|Corviknight, M|73\/100|[from]move: Teleport\n|-damage|p1a: Corviknight|60\/100|[from] Stealth Rock\n|-ability|p1a: Corviknight|Pressure\n|\n|-heal|p1a: Corviknight|66\/100|[from] item: Leftovers\n|upkeep\n|turn|56\n|\n|t:|1668037331\n|move|p1a: Corviknight|Defog|p2a: Umbreon\n|-unboost|p2a: Umbreon|evasion|1\n|-sideend|p1: Pikadevil|Stealth Rock|[from] move: Defog|[of] p1a: Corviknight\n|move|p2a: Umbreon|Wish|p2a: Umbreon\n|\n|-heal|p1a: Corviknight|73\/100|[from] item: Leftovers\n|upkeep\n|turn|57\n|\n|t:|1668037337\n|move|p1a: Corviknight|Roost|p1a: Corviknight\n|-heal|p1a: Corviknight|100\/100\n|-singleturn|p1a: Corviknight|move: Roost\n|move|p2a: Umbreon|Foul Play|p1a: Corviknight\n|-damage|p1a: Corviknight|81\/100\n|\n|-heal|p1a: Corviknight|88\/100|[from] item: Leftovers\n|upkeep\n|turn|58\n|\n|t:|1668037349\n|switch|p2a: Rotom|Rotom-Wash|83\/100\n|move|p1a: Corviknight|Body Press|p2a: Rotom\n|-damage|p2a: Rotom|56\/100\n|\n|-heal|p2a: Rotom|62\/100|[from] item: Leftovers\n|-heal|p1a: Corviknight|94\/100|[from] item: Leftovers\n|upkeep\n|turn|59\n|\n|t:|1668037357\n|move|p2a: Rotom|Pain Split|p1a: Corviknight\n|-sethp|p1a: Corviknight|71\/100|[from] move: Pain Split|[silent]\n|-sethp|p2a: Rotom|93\/100|[from] move: Pain Split\n|move|p1a: Corviknight|U-turn|p2a: Rotom\n|-damage|p2a: Rotom|78\/100\n|\n|t:|1668037363\n|switch|p1a: Blacephalon|Blacephalon|100\/100|[from]move: U-turn\n|\n|-heal|p2a: Rotom|85\/100|[from] item: Leftovers\n|upkeep\n|turn|60\n|\n|t:|1668037376\n|move|p1a: Blacephalon|Shadow Ball|p2a: Rotom\n|-damage|p2a: Rotom|49\/100\n|move|p2a: Rotom|Hydro Pump|p1a: Blacephalon|[miss]\n|-miss|p2a: Rotom|p1a: Blacephalon\n|\n|-heal|p2a: Rotom|55\/100|[from] item: Leftovers\n|upkeep\n|turn|61\n|\n|t:|1668037387\n|switch|p2a: Chansey|Chansey, F, shiny|100\/100\n|move|p1a: Blacephalon|Shadow Ball|p2a: Chansey\n|-immune|p2a: Chansey\n|\n|upkeep\n|turn|62\n|\n|t:|1668037399\n|switch|p1a: Corviknight|Corviknight, M|71\/100\n|-ability|p1a: Corviknight|Pressure\n|move|p2a: Chansey|Wish|p2a: Chansey\n|\n|-heal|p1a: Corviknight|77\/100|[from] item: Leftovers\n|upkeep\n|turn|63\n|\n|t:|1668037407\n|switch|p2a: Rotom|Rotom-Wash|55\/100\n|move|p1a: Corviknight|Body Press|p2a: Rotom\n|-damage|p2a: Rotom|28\/100\n|\n|-heal|p2a: Rotom|100\/100|[from] move: Wish|[wisher] Chansey\n|-heal|p1a: Corviknight|83\/100|[from] item: Leftovers\n|upkeep\n|turn|64\n|\n|t:|1668037418\n|move|p2a: Rotom|Hydro Pump|p1a: Corviknight\n|-damage|p1a: Corviknight|47\/100\n|move|p1a: Corviknight|U-turn|p2a: Rotom\n|-damage|p2a: Rotom|85\/100\n|\n|t:|1668037421\n|switch|p1a: Kartana|Kartana|78\/100|[from]move: U-turn\n|\n|-heal|p2a: Rotom|91\/100|[from] item: Leftovers\n|upkeep\n|turn|65\n|\n|t:|1668037432\n|switch|p2a: Landorus|Landorus-Therian, M|76\/100\n|-ability|p2a: Landorus|Intimidate|boost\n|-unboost|p1a: Kartana|atk|1\n|move|p1a: Kartana|Leaf Blade|p2a: Landorus\n|-damage|p2a: Landorus|29\/100\n|\n|-heal|p2a: Landorus|35\/100|[from] item: Leftovers\n|upkeep\n|turn|66\n|\n|t:|1668037442\n|move|p1a: Kartana|Leaf Blade|p2a: Landorus\n|-damage|p2a: Landorus|0 fnt\n|faint|p2a: Landorus\n|-ability|p1a: Kartana|Beast Boost|boost\n|-boost|p1a: Kartana|atk|1\n|\n|upkeep\n|\n|t:|1668037447\n|switch|p2a: Umbreon|Umbreon, M, shiny|100\/100\n|turn|67\n|\n|t:|1668037451\n|switch|p1a: Corviknight|Corviknight, M|47\/100\n|-ability|p1a: Corviknight|Pressure\n|move|p2a: Umbreon|Foul Play|p1a: Corviknight\n|-damage|p1a: Corviknight|28\/100\n|\n|-heal|p1a: Corviknight|34\/100|[from] item: Leftovers\n|upkeep\n|turn|68\n|\n|t:|1668037465\n|move|p1a: Corviknight|Roost|p1a: Corviknight\n|-heal|p1a: Corviknight|84\/100\n|-singleturn|p1a: Corviknight|move: Roost\n|move|p2a: Umbreon|Wish|p2a: Umbreon\n|\n|-heal|p1a: Corviknight|90\/100|[from] item: Leftovers\n|upkeep\n|turn|69\n|\n|t:|1668037472\n|switch|p2a: Rotom|Rotom-Wash|91\/100\n|move|p1a: Corviknight|U-turn|p2a: Rotom\n|-damage|p2a: Rotom|77\/100\n|\n|t:|1668037477\n|switch|p1a: Kartana|Kartana|78\/100|[from]move: U-turn\n|\n|-heal|p2a: Rotom|100\/100|[from] move: Wish|[wisher] Umbreon\n|upkeep\n|turn|70\n|\n|t:|1668037485\n|move|p1a: Kartana|Sacred Sword|p2a: Rotom\n|-damage|p2a: Rotom|41\/100\n|move|p2a: Rotom|Volt Switch|p1a: Kartana\n|-resisted|p1a: Kartana\n|-damage|p1a: Kartana|39\/100\n|\n|t:|1668037496\n|switch|p2a: Umbreon|Umbreon, M, shiny|100\/100|[from]move: Volt Switch\n|\n|upkeep\n|turn|71\n|\n|t:|1668037499\n|move|p1a: Kartana|Sacred Sword|p2a: Umbreon\n|-supereffective|p2a: Umbreon\n|-crit|p2a: Umbreon\n|-damage|p2a: Umbreon|0 fnt\n|faint|p2a: Umbreon\n|-ability|p1a: Kartana|Beast Boost|boost\n|-boost|p1a: Kartana|atk|1\n|\n|upkeep\n|\n|t:|1668037504\n|switch|p2a: Chansey|Chansey, F, shiny|100\/100\n|turn|72\n|\n|t:|1668037507\n|move|p1a: Kartana|Sacred Sword|p2a: Chansey\n|-supereffective|p2a: Chansey\n|-damage|p2a: Chansey|0 fnt\n|faint|p2a: Chansey\n|-ability|p1a: Kartana|Beast Boost|boost\n|-boost|p1a: Kartana|atk|1\n|\n|upkeep\n|\n|t:|1668037510\n|switch|p2a: Rotom|Rotom-Wash|41\/100\n|turn|73\n|\n|t:|1668037512\n|move|p1a: Kartana|Sacred Sword|p2a: Rotom\n|-damage|p2a: Rotom|0 fnt\n|faint|p2a: Rotom\n|\n|win|Pikadevil\n|raw|Pikadevil's rating: 1183 &rarr; <strong>1212<\/strong><br \/>(+29 for winning)\n|raw|Peluc81's rating: 1245 &rarr; <strong>1216<\/strong><br \/>(-29 for losing)\n|l|\u2606Peluc81\n","uploadtime":1668037518,"views":3,"p1id":"pikadevil","p2id":"peluc81","formatid":"gen8ou","rating":1212,"private":0,"password":null}