{"id":"gen8ou-1590286854","p1":"qian_23","p2":"reionatro","format":"gen8ou","log":"|j|\u2606qian_23\n|j|\u2606reionatro\n|t:|1654508059\n|gametype|singles\n|player|p1|qian_23|1|1610\n|player|p2|reionatro|102|1628\n|teamsize|p1|6\n|teamsize|p2|6\n|gen|8\n|tier|[Gen 8] OU\n|rated|\n|rule|Sleep Clause Mod: Limit one foe put to sleep\n|rule|Species Clause: Limit one of each Pok\u00e9mon\n|rule|OHKO Clause: OHKO moves are banned\n|rule|Evasion Moves Clause: Evasion moves are banned\n|rule|Endless Battle Clause: Forcing endless battles is banned\n|rule|HP Percentage Mod: HP is shown in percentages\n|rule|Dynamax Clause: You cannot dynamax\n|clearpoke\n|poke|p1|Clefable, M|\n|poke|p1|Tornadus-Therian, M|\n|poke|p1|Nidoking, M|\n|poke|p1|Slowking, M|\n|poke|p1|Urshifu-*, M|\n|poke|p1|Ferrothorn, M|\n|poke|p2|Slowbro, M|\n|poke|p2|Buzzwole|\n|poke|p2|Tornadus-Therian, M|\n|poke|p2|Melmetal|\n|poke|p2|Landorus-Therian, M|\n|poke|p2|Weavile, F|\n|teampreview\n|c|\u2606reionatro|hf\n|inactive|Battle timer is ON: inactive players will automatically lose when time's up. (requested by qian_23)\n|c|\u2606qian_23|hf\n|\n|t:|1654508102\n|start\n|switch|p1a: Urshifu|Urshifu-Rapid-Strike, M|100\/100\n|switch|p2a: Weavile|Weavile, F|100\/100\n|-ability|p2a: Weavile|Pressure\n|turn|1\n|inactive|reionatro has 120 seconds left.\n|\n|t:|1654508133\n|switch|p2a: Buzzwole|Buzzwole|100\/100\n|move|p1a: Urshifu|U-turn|p2a: Buzzwole\n|-resisted|p2a: Buzzwole\n|-damage|p2a: Buzzwole|92\/100\n|-damage|p1a: Urshifu|84\/100|[from] item: Rocky Helmet|[of] p2a: Buzzwole\n|\n|t:|1654508148\n|switch|p1a: Clefable|Clefable, M|100\/100|[from]move: U-turn\n|\n|upkeep\n|turn|2\n|\n|t:|1654508159\n|switch|p2a: Melmetal|Melmetal|100\/100\n|move|p1a: Clefable|Stealth Rock|p2a: Melmetal\n|-sidestart|p2: reionatro|move: Stealth Rock\n|\n|upkeep\n|turn|3\n|\n|t:|1654508168\n|switch|p1a: Ferrothorn|Ferrothorn, M|100\/100\n|move|p2a: Melmetal|Superpower|p1a: Ferrothorn\n|-supereffective|p1a: Ferrothorn\n|-damage|p1a: Ferrothorn|45\/100\n|-unboost|p2a: Melmetal|atk|1\n|-unboost|p2a: Melmetal|def|1\n|-activate|p1a: Ferrothorn|ability: Iron Barbs\n|-activate|p2a: Melmetal|item: Protective Pads\n|\n|upkeep\n|turn|4\n|\n|t:|1654508182\n|switch|p1a: Nidoking|Nidoking, M|100\/100\n|move|p2a: Melmetal|Double Iron Bash|p1a: Nidoking\n|-damage|p1a: Nidoking|59\/100\n|-damage|p1a: Nidoking|21\/100\n|-hitcount|p1a: Nidoking|2\n|\n|upkeep\n|turn|5\n|\n|t:|1654508197\n|switch|p2a: Tornadus|Tornadus-Therian, M|100\/100\n|-damage|p2a: Tornadus|76\/100|[from] Stealth Rock\n|move|p1a: Nidoking|Earth Power|p2a: Tornadus\n|-immune|p2a: Tornadus\n|\n|upkeep\n|turn|6\n|\n|t:|1654508210\n|switch|p1a: Tornadus|Tornadus-Therian, M, shiny|100\/100\n|move|p2a: Tornadus|Knock Off|p1a: Tornadus\n|-damage|p1a: Tornadus|81\/100\n|-enditem|p1a: Tornadus|Heavy-Duty Boots|[from] move: Knock Off|[of] p2a: Tornadus\n|\n|upkeep\n|turn|7\n|inactive|reionatro has 120 seconds left.\n|\n|t:|1654508252\n|switch|p2a: Landorus|Landorus-Therian, M|100\/100\n|-damage|p2a: Landorus|88\/100|[from] Stealth Rock\n|-ability|p2a: Landorus|Intimidate|boost\n|-unboost|p1a: Tornadus|atk|1\n|move|p1a: Tornadus|Knock Off|p2a: Landorus\n|-damage|p2a: Landorus|78\/100\n|-enditem|p2a: Landorus|Leftovers|[from] move: Knock Off|[of] p1a: Tornadus\n|\n|upkeep\n|turn|8\n|\n|t:|1654508256\n|move|p1a: Tornadus|Icy Wind|p2a: Landorus\n|-supereffective|p2a: Landorus\n|-crit|p2a: Landorus\n|-damage|p2a: Landorus|0 fnt\n|faint|p2a: Landorus\n|\n|upkeep\n|inactive|reionatro has 90 seconds left.\n|\n|t:|1654508280\n|switch|p2a: Slowbro|Slowbro, M|100\/100\n|turn|9\n|\n|t:|1654508289\n|move|p1a: Tornadus|Knock Off|p2a: Slowbro\n|-supereffective|p2a: Slowbro\n|-damage|p2a: Slowbro|84\/100\n|-enditem|p2a: Slowbro|Heavy-Duty Boots|[from] move: Knock Off|[of] p1a: Tornadus\n|move|p2a: Slowbro|Future Sight|p1a: Tornadus\n|-start|p2a: Slowbro|move: Future Sight\n|\n|upkeep\n|turn|10\n|\n|t:|1654508302\n|move|p1a: Tornadus|U-turn|p2a: Slowbro\n|-supereffective|p2a: Slowbro\n|-damage|p2a: Slowbro|73\/100\n|\n|t:|1654508305\n|switch|p1a: Urshifu|Urshifu-Rapid-Strike, M|84\/100|[from]move: U-turn\n|move|p2a: Slowbro|Teleport|p2a: Slowbro\n|\n|t:|1654508314\n|switch|p2a: Buzzwole|Buzzwole|92\/100|[from]move: Teleport\n|-damage|p2a: Buzzwole|80\/100|[from] Stealth Rock\n|\n|upkeep\n|turn|11\n|\n|t:|1654508334\n|switch|p1a: Clefable|Clefable, M|100\/100\n|switch|p2a: Melmetal|Melmetal|100\/100\n|-damage|p2a: Melmetal|94\/100|[from] Stealth Rock\n|\n|-end|p1a: Clefable|move: Future Sight\n|-damage|p1a: Clefable|70\/100\n|-heal|p1a: Clefable|76\/100|[from] item: Leftovers\n|upkeep\n|turn|12\n|\n|t:|1654508341\n|switch|p1a: Slowking|Slowking, M|100\/100\n|move|p2a: Melmetal|Double Iron Bash|p1a: Slowking\n|-resisted|p1a: Slowking\n|-damage|p1a: Slowking|79\/100\n|-resisted|p1a: Slowking\n|-damage|p1a: Slowking|57\/100\n|-hitcount|p1a: Slowking|2\n|\n|upkeep\n|turn|13\n|\n|t:|1654508355\n|switch|p1a: Tornadus|Tornadus-Therian, M, shiny|100\/100\n|move|p2a: Melmetal|Thunder Punch|p1a: Tornadus\n|-supereffective|p1a: Tornadus\n|-damage|p1a: Tornadus|30\/100\n|\n|upkeep\n|turn|14\n|\n|t:|1654508361\n|move|p1a: Tornadus|U-turn|p2a: Melmetal\n|-resisted|p2a: Melmetal\n|-damage|p2a: Melmetal|90\/100\n|\n|t:|1654508365\n|switch|p1a: Nidoking|Nidoking, M|21\/100|[from]move: U-turn\n|move|p2a: Melmetal|Thunder Punch|p1a: Nidoking\n|-immune|p1a: Nidoking\n|\n|upkeep\n|turn|15\n|\n|t:|1654508371\n|switch|p2a: Tornadus|Tornadus-Therian, M|100\/100\n|-damage|p2a: Tornadus|76\/100|[from] Stealth Rock\n|move|p1a: Nidoking|Earth Power|p2a: Tornadus\n|-immune|p2a: Tornadus\n|\n|upkeep\n|turn|16\n|\n|t:|1654508377\n|switch|p1a: Tornadus|Tornadus-Therian, M, shiny|63\/100\n|move|p2a: Tornadus|U-turn|p1a: Tornadus\n|-resisted|p1a: Tornadus\n|-damage|p1a: Tornadus|56\/100\n|\n|t:|1654508382\n|switch|p2a: Slowbro|Slowbro, M|100\/100|[from]move: U-turn\n|-damage|p2a: Slowbro|88\/100|[from] Stealth Rock\n|\n|upkeep\n|turn|17\n|\n|t:|1654508390\n|move|p1a: Tornadus|U-turn|p2a: Slowbro\n|-supereffective|p2a: Slowbro\n|-damage|p2a: Slowbro|70\/100\n|\n|t:|1654508392\n|switch|p1a: Nidoking|Nidoking, M|21\/100|[from]move: U-turn\n|move|p2a: Slowbro|Future Sight|p1a: Nidoking\n|-start|p2a: Slowbro|move: Future Sight\n|\n|upkeep\n|turn|18\n|\n|t:|1654508396\n|switch|p2a: Tornadus|Tornadus-Therian, M|100\/100\n|-damage|p2a: Tornadus|76\/100|[from] Stealth Rock\n|move|p1a: Nidoking|Sludge Wave|p2a: Tornadus\n|-damage|p2a: Tornadus|27\/100\n|\n|upkeep\n|turn|19\n|inactive|reionatro has 120 seconds left.\n|\n|t:|1654508426\n|switch|p1a: Slowking|Slowking, M|91\/100\n|move|p2a: Tornadus|Knock Off|p1a: Slowking\n|-supereffective|p1a: Slowking\n|-damage|p1a: Slowking|50\/100\n|-enditem|p1a: Slowking|Heavy-Duty Boots|[from] move: Knock Off|[of] p2a: Tornadus\n|\n|-end|p1a: Slowking|move: Future Sight\n|-resisted|p1a: Slowking\n|-damage|p1a: Slowking|38\/100\n|upkeep\n|turn|20\n|\n|t:|1654508436\n|move|p2a: Tornadus|U-turn|p1a: Slowking\n|-supereffective|p1a: Slowking\n|-damage|p1a: Slowking|7\/100\n|\n|t:|1654508439\n|switch|p2a: Slowbro|Slowbro, M|100\/100|[from]move: U-turn\n|-damage|p2a: Slowbro|88\/100|[from] Stealth Rock\n|move|p1a: Slowking|Slack Off|p1a: Slowking\n|-heal|p1a: Slowking|57\/100\n|\n|upkeep\n|turn|21\n|\n|t:|1654508450\n|move|p1a: Slowking|Future Sight|p2a: Slowbro\n|-start|p1a: Slowking|move: Future Sight\n|move|p2a: Slowbro|Teleport|p2a: Slowbro\n|inactive|reionatro has 120 seconds left.\n|\n|t:|1654508467\n|switch|p2a: Weavile|Weavile, F|100\/100|[from]move: Teleport\n|-ability|p2a: Weavile|Pressure\n|\n|upkeep\n|turn|22\n|\n|t:|1654508476\n|switch|p1a: Urshifu|Urshifu-Rapid-Strike, M|84\/100\n|move|p2a: Weavile|Knock Off|p1a: Urshifu\n|-resisted|p1a: Urshifu\n|-damage|p1a: Urshifu|59\/100\n|-enditem|p1a: Urshifu|Choice Scarf|[from] move: Knock Off|[of] p2a: Weavile\n|\n|upkeep\n|turn|23\n|\n|t:|1654508484\n|switch|p2a: Buzzwole|Buzzwole|80\/100\n|-damage|p2a: Buzzwole|67\/100|[from] Stealth Rock\n|move|p1a: Urshifu|Close Combat|p2a: Buzzwole\n|-resisted|p2a: Buzzwole\n|-damage|p2a: Buzzwole|48\/100\n|-unboost|p1a: Urshifu|def|1\n|-unboost|p1a: Urshifu|spd|1\n|-damage|p1a: Urshifu|42\/100|[from] item: Rocky Helmet|[of] p2a: Buzzwole\n|\n|-end|p2a: Buzzwole|move: Future Sight\n|-supereffective|p2a: Buzzwole\n|-crit|p2a: Buzzwole\n|-damage|p2a: Buzzwole|0 fnt\n|faint|p2a: Buzzwole\n|upkeep\n|inactive|reionatro has 120 seconds left.\n|\n|t:|1654508519\n|switch|p2a: Slowbro|Slowbro, M|100\/100\n|-damage|p2a: Slowbro|88\/100|[from] Stealth Rock\n|turn|24\n|\n|t:|1654508524\n|move|p1a: Urshifu|U-turn|p2a: Slowbro\n|-supereffective|p2a: Slowbro\n|-damage|p2a: Slowbro|60\/100\n|\n|t:|1654508532\n|switch|p1a: Nidoking|Nidoking, M|21\/100|[from]move: U-turn\n|move|p2a: Slowbro|Future Sight|p1a: Nidoking\n|-start|p2a: Slowbro|move: Future Sight\n|\n|upkeep\n|turn|25\n|\n|t:|1654508540\n|switch|p2a: Tornadus|Tornadus-Therian, M|60\/100\n|-damage|p2a: Tornadus|35\/100|[from] Stealth Rock\n|move|p1a: Nidoking|Sludge Wave|p2a: Tornadus\n|-damage|p2a: Tornadus|0 fnt\n|faint|p2a: Tornadus\n|\n|upkeep\n|\n|t:|1654508549\n|switch|p2a: Weavile|Weavile, F|100\/100\n|-ability|p2a: Weavile|Pressure\n|turn|26\n|\n|t:|1654508558\n|switch|p1a: Ferrothorn|Ferrothorn, M|45\/100\n|move|p2a: Weavile|Swords Dance|p2a: Weavile\n|-boost|p2a: Weavile|atk|2\n|\n|-end|p1a: Ferrothorn|move: Future Sight\n|-resisted|p1a: Ferrothorn\n|-damage|p1a: Ferrothorn|28\/100\n|upkeep\n|turn|27\n|inactive|qian_23 has 120 seconds left.\n|c|\u2606reionatro|test\n|\n|t:|1654508613\n|switch|p1a: Slowking|Slowking, M|90\/100\n|move|p2a: Weavile|Knock Off|p1a: Slowking\n|-supereffective|p1a: Slowking\n|-damage|p1a: Slowking|0 fnt\n|faint|p1a: Slowking\n|\n|upkeep\n|\n|t:|1654508615\n|switch|p1a: Clefable|Clefable, M|76\/100\n|turn|28\n|\n|t:|1654508621\n|switch|p1a: Ferrothorn|Ferrothorn, M|28\/100\n|move|p2a: Weavile|Triple Axel|p1a: Ferrothorn\n|-damage|p1a: Ferrothorn|17\/100\n|-damage|p2a: Weavile|88\/100|[from] ability: Iron Barbs|[of] p1a: Ferrothorn\n|-damage|p2a: Weavile|72\/100|[from] item: Rocky Helmet|[of] p1a: Ferrothorn\n|-damage|p1a: Ferrothorn|0 fnt\n|-damage|p2a: Weavile|59\/100|[from] ability: Iron Barbs|[of] p1a: Ferrothorn\n|-damage|p2a: Weavile|43\/100|[from] item: Rocky Helmet|[of] p1a: Ferrothorn\n|faint|p1a: Ferrothorn\n|-hitcount|p1: Ferrothorn|2\n|\n|upkeep\n|inactive|qian_23 has 120 seconds left.\n|\n|t:|1654508645\n|switch|p1a: Urshifu|Urshifu-Rapid-Strike, M|42\/100\n|turn|29\n|\n|t:|1654508653\n|move|p2a: Weavile|Triple Axel|p1a: Urshifu\n|-resisted|p1a: Urshifu\n|-damage|p1a: Urshifu|32\/100\n|-resisted|p1a: Urshifu\n|-damage|p1a: Urshifu|12\/100\n|-resisted|p1a: Urshifu\n|-damage|p1a: Urshifu|0 fnt\n|faint|p1a: Urshifu\n|-hitcount|p1: Urshifu|3\n|\n|upkeep\n|\n|t:|1654508664\n|switch|p1a: Clefable|Clefable, M|76\/100\n|turn|30\n|\n|t:|1654508667\n|move|p2a: Weavile|Triple Axel|p1a: Clefable\n|-damage|p1a: Clefable|56\/100\n|-damage|p1a: Clefable|23\/100\n|-hitcount|p1a: Clefable|2\n|move|p1a: Clefable|Moonblast|p2a: Weavile\n|-supereffective|p2a: Weavile\n|-damage|p2a: Weavile|0 fnt\n|faint|p2a: Weavile\n|\n|-heal|p1a: Clefable|30\/100|[from] item: Leftovers\n|upkeep\n|\n|t:|1654508696\n|switch|p2a: Slowbro|Slowbro, M|93\/100\n|-damage|p2a: Slowbro|81\/100|[from] Stealth Rock\n|turn|31\n|\n|t:|1654508707\n|move|p1a: Clefable|Soft-Boiled|p1a: Clefable\n|-heal|p1a: Clefable|80\/100\n|move|p2a: Slowbro|Future Sight|p1a: Clefable\n|-start|p2a: Slowbro|move: Future Sight\n|\n|-heal|p1a: Clefable|86\/100|[from] item: Leftovers\n|upkeep\n|turn|32\n|\n|t:|1654508717\n|move|p1a: Clefable|Moonblast|p2a: Slowbro\n|-damage|p2a: Slowbro|47\/100\n|move|p2a: Slowbro|Teleport|p2a: Slowbro\n|\n|t:|1654508721\n|switch|p2a: Melmetal|Melmetal|90\/100|[from]move: Teleport\n|-damage|p2a: Melmetal|84\/100|[from] Stealth Rock\n|\n|-heal|p1a: Clefable|92\/100|[from] item: Leftovers\n|upkeep\n|turn|33\n|inactive|qian_23 has 120 seconds left.\n|\n|t:|1654508754\n|move|p1a: Clefable|Thunder Wave|p2a: Melmetal\n|-status|p2a: Melmetal|par\n|cant|p2a: Melmetal|par\n|\n|-end|p1a: Clefable|move: Future Sight\n|-damage|p1a: Clefable|61\/100\n|-heal|p1a: Clefable|67\/100|[from] item: Leftovers\n|upkeep\n|turn|34\n|\n|t:|1654508764\n|switch|p1a: Tornadus|Tornadus-Therian, M, shiny|90\/100\n|move|p2a: Melmetal|Double Iron Bash|p1a: Tornadus\n|-damage|p1a: Tornadus|43\/100\n|-damage|p1a: Tornadus|0 fnt\n|faint|p1a: Tornadus\n|-hitcount|p1: Tornadus|2\n|\n|upkeep\n|\n|t:|1654508771\n|switch|p1a: Nidoking|Nidoking, M|21\/100\n|turn|35\n|\n|t:|1654508781\n|move|p1a: Nidoking|Earth Power|p2a: Melmetal\n|-supereffective|p2a: Melmetal\n|-damage|p2a: Melmetal|0 fnt\n|faint|p2a: Melmetal\n|\n|upkeep\n|\n|t:|1654508783\n|switch|p2a: Slowbro|Slowbro, M|80\/100\n|-damage|p2a: Slowbro|68\/100|[from] Stealth Rock\n|turn|36\n|\n|t:|1654508786\n|move|p1a: Nidoking|Sludge Wave|p2a: Slowbro\n|-damage|p2a: Slowbro|0 fnt\n|faint|p2a: Slowbro\n|\n|win|qian_23\n|raw|qian_23's rating: 1610 &rarr; <strong>1631<\/strong><br \/>(+21 for winning)\n|raw|reionatro's rating: 1628 &rarr; <strong>1607<\/strong><br \/>(-21 for losing)\n|c|\u2606reionatro|gg\n|c|\u2606qian_23|gg\n|l|\u2606reionatro\n","uploadtime":1654508822,"views":58,"p1id":"qian23","p2id":"reionatro","formatid":"gen8ou","rating":1607,"private":0,"password":null}