{"id":"gen8bdspuu-1474719058","p1":"BatChestOfficial","p2":"Drm3","format":"gen8bdspuu","log":"|j|\u2606BatChestOfficial\n|j|\u2606Drm3\n|t:|1639690606\n|gametype|singles\n|player|p1|BatChestOfficial|firebreather-gen2|1333\n|player|p2|Drm3|dragontamer|1612\n|teamsize|p1|6\n|teamsize|p2|6\n|gen|8\n|tier|[Gen 8 BDSP] UU\n|rated|\n|rule|Sleep Clause Mod: Limit one foe put to sleep\n|rule|Species Clause: Limit one of each Pok\u00e9mon\n|rule|OHKO Clause: OHKO moves are banned\n|rule|Evasion Moves Clause: Evasion moves are banned\n|rule|Endless Battle Clause: Forcing endless battles is banned\n|rule|HP Percentage Mod: HP is shown in percentages\n|clearpoke\n|poke|p1|Raikou|\n|poke|p1|Flygon, M|\n|poke|p1|Slowking, M|\n|poke|p1|Snorlax, M|\n|poke|p1|Abomasnow, F|\n|poke|p1|Salamence, F|\n|poke|p2|Xatu, F|\n|poke|p2|Snorlax, F|\n|poke|p2|Ditto|\n|poke|p2|Donphan, M|\n|poke|p2|Vaporeon, M|\n|poke|p2|Drapion, M|\n|teampreview\n|inactive|Battle timer is ON: inactive players will automatically lose when time's up. (requested by BatChestOfficial)\n|inactive|BatChestOfficial has 120 seconds left.\n|\n|t:|1639690647\n|start\n|switch|p1a: Abomasnow|Abomasnow, F|100\/100\n|switch|p2a: Ditto|Ditto|100\/100\n|-transform|p2a: Ditto|p1a: Abomasnow|[from] ability: Imposter\n|-weather|Hail|[from] ability: Snow Warning|[of] p2a: Ditto\n|turn|1\n|\n|t:|1639690659\n|move|p2a: Ditto|Aurora Veil|p2a: Ditto\n|-sidestart|p2: Drm3|move: Aurora Veil\n|move|p1a: Abomasnow|Aurora Veil|p1a: Abomasnow\n|-sidestart|p1: BatChestOfficial|move: Aurora Veil\n|\n|-weather|Hail|[upkeep]\n|upkeep\n|turn|2\n|\n|t:|1639690670\n|switch|p2a: Xatu|Xatu, F|100\/100\n|switch|p1a: Salamence|Salamence, F|100\/100\n|-ability|p1a: Salamence|Intimidate|boost\n|-unboost|p2a: Xatu|atk|1\n|\n|-weather|Hail|[upkeep]\n|-damage|p1a: Salamence|94\/100|[from] Hail\n|-damage|p2a: Xatu|94\/100|[from] Hail\n|-heal|p1a: Salamence|100\/100|[from] item: Leftovers\n|-heal|p2a: Xatu|100\/100|[from] item: Leftovers\n|upkeep\n|turn|3\n|\n|t:|1639690684\n|switch|p1a: Raikou|Raikou|100\/100\n|move|p2a: Xatu|Teleport|p2a: Xatu\n|\n|t:|1639690694\n|switch|p2a: Snorlax|Snorlax, F|100\/100|[from]move: Teleport\n|\n|-weather|Hail|[upkeep]\n|-damage|p1a: Raikou|94\/100|[from] Hail\n|-damage|p2a: Snorlax|94\/100|[from] Hail\n|-heal|p1a: Raikou|100\/100|[from] item: Leftovers\n|-heal|p2a: Snorlax|100\/100|[from] item: Leftovers\n|upkeep\n|turn|4\n|\n|t:|1639690703\n|switch|p1a: Snorlax|Snorlax, M|100\/100\n|move|p2a: Snorlax|Curse|p2a: Snorlax\n|-unboost|p2a: Snorlax|spe|1\n|-boost|p2a: Snorlax|atk|1\n|-boost|p2a: Snorlax|def|1\n|\n|-weather|Hail|[upkeep]\n|-damage|p1a: Snorlax|94\/100|[from] Hail\n|-damage|p2a: Snorlax|94\/100|[from] Hail\n|-heal|p1a: Snorlax|100\/100|[from] item: Leftovers\n|-heal|p2a: Snorlax|100\/100|[from] item: Leftovers\n|upkeep\n|turn|5\n|\n|t:|1639690732\n|switch|p2a: Donphan|Donphan, M|100\/100\n|move|p1a: Snorlax|Curse|p1a: Snorlax\n|-unboost|p1a: Snorlax|spe|1\n|-boost|p1a: Snorlax|atk|1\n|-boost|p1a: Snorlax|def|1\n|\n|-weather|none\n|-sideend|p2: Drm3|move: Aurora Veil\n|upkeep\n|turn|6\n|\n|t:|1639690736\n|move|p2a: Donphan|Knock Off|p1a: Snorlax\n|-damage|p1a: Snorlax|93\/100\n|-enditem|p1a: Snorlax|Leftovers|[from] move: Knock Off|[of] p2a: Donphan\n|move|p1a: Snorlax|Body Slam|p2a: Donphan\n|-damage|p2a: Donphan|66\/100\n|\n|-heal|p2a: Donphan|72\/100|[from] item: Leftovers\n|upkeep\n|turn|7\n|\n|t:|1639690744\n|switch|p2a: Vaporeon|Vaporeon, M|100\/100\n|move|p1a: Snorlax|Body Slam|p2a: Vaporeon\n|-damage|p2a: Vaporeon|50\/100\n|\n|-heal|p2a: Vaporeon|56\/100|[from] item: Leftovers\n|upkeep\n|turn|8\n|\n|t:|1639690753\n|move|p1a: Snorlax|Curse|p1a: Snorlax\n|-unboost|p1a: Snorlax|spe|1\n|-boost|p1a: Snorlax|atk|1\n|-boost|p1a: Snorlax|def|1\n|move|p2a: Vaporeon|Roar|p1a: Snorlax\n|drag|p1a: Flygon|Flygon, M|100\/100\n|\n|-heal|p2a: Vaporeon|63\/100|[from] item: Leftovers\n|-sideend|p1: BatChestOfficial|move: Aurora Veil\n|upkeep\n|turn|9\n|\n|t:|1639690760\n|move|p1a: Flygon|U-turn|p2a: Vaporeon\n|-damage|p2a: Vaporeon|48\/100\n|\n|t:|1639690762\n|switch|p1a: Abomasnow|Abomasnow, F|100\/100|[from]move: U-turn\n|-weather|Hail|[from] ability: Snow Warning|[of] p1a: Abomasnow\n|move|p2a: Vaporeon|Wish|p2a: Vaporeon\n|\n|-weather|Hail|[upkeep]\n|-damage|p2a: Vaporeon|42\/100|[from] Hail\n|-heal|p2a: Vaporeon|48\/100|[from] item: Leftovers\n|upkeep\n|turn|10\n|\n|t:|1639690767\n|move|p2a: Vaporeon|Protect|p2a: Vaporeon\n|-singleturn|p2a: Vaporeon|Protect\n|move|p1a: Abomasnow|Aurora Veil|p1a: Abomasnow\n|-sidestart|p1: BatChestOfficial|move: Aurora Veil\n|\n|-weather|Hail|[upkeep]\n|-damage|p2a: Vaporeon|42\/100|[from] Hail\n|-heal|p2a: Vaporeon|92\/100|[from] move: Wish|[wisher] Vaporeon\n|-heal|p2a: Vaporeon|98\/100|[from] item: Leftovers\n|upkeep\n|turn|11\n|\n|t:|1639690779\n|switch|p2a: Xatu|Xatu, F|100\/100\n|switch|p1a: Snorlax|Snorlax, M|93\/100\n|\n|-weather|Hail|[upkeep]\n|-damage|p2a: Xatu|94\/100|[from] Hail\n|-damage|p1a: Snorlax|87\/100|[from] Hail\n|-heal|p2a: Xatu|100\/100|[from] item: Leftovers\n|upkeep\n|turn|12\n|\n|t:|1639690790\n|move|p1a: Snorlax|Curse|p1a: Snorlax\n|-unboost|p1a: Snorlax|spe|1\n|-boost|p1a: Snorlax|atk|1\n|-boost|p1a: Snorlax|def|1\n|move|p2a: Xatu|Teleport|p2a: Xatu\n|\n|t:|1639690796\n|switch|p2a: Vaporeon|Vaporeon, M|98\/100|[from]move: Teleport\n|\n|-weather|Hail|[upkeep]\n|-damage|p2a: Vaporeon|92\/100|[from] Hail\n|-damage|p1a: Snorlax|81\/100|[from] Hail\n|-heal|p2a: Vaporeon|98\/100|[from] item: Leftovers\n|upkeep\n|turn|13\n|\n|t:|1639690800\n|move|p1a: Snorlax|Body Slam|p2a: Vaporeon\n|-damage|p2a: Vaporeon|51\/100\n|move|p2a: Vaporeon|Roar|p1a: Snorlax\n|drag|p1a: Flygon|Flygon, M|100\/100\n|\n|-weather|none\n|-heal|p2a: Vaporeon|58\/100|[from] item: Leftovers\n|upkeep\n|turn|14\n|j| Gondrom!\n|\n|t:|1639690808\n|switch|p1a: Snorlax|Snorlax, M|81\/100\n|move|p2a: Vaporeon|Wish|p2a: Vaporeon\n|\n|-heal|p2a: Vaporeon|64\/100|[from] item: Leftovers\n|upkeep\n|turn|15\n|\n|t:|1639690813\n|move|p2a: Vaporeon|Scald|p1a: Snorlax\n|-damage|p1a: Snorlax|71\/100\n|move|p1a: Snorlax|Body Slam|p2a: Vaporeon\n|-damage|p2a: Vaporeon|31\/100\n|\n|-heal|p2a: Vaporeon|81\/100|[from] move: Wish|[wisher] Vaporeon\n|-heal|p2a: Vaporeon|87\/100|[from] item: Leftovers\n|upkeep\n|turn|16\n|\n|t:|1639690823\n|move|p2a: Vaporeon|Wish|p2a: Vaporeon\n|move|p1a: Snorlax|Curse|p1a: Snorlax\n|-unboost|p1a: Snorlax|spe|1\n|-boost|p1a: Snorlax|atk|1\n|-boost|p1a: Snorlax|def|1\n|\n|-heal|p2a: Vaporeon|93\/100|[from] item: Leftovers\n|upkeep\n|turn|17\n|\n|t:|1639690826\n|move|p1a: Snorlax|Body Slam|p2a: Vaporeon\n|-damage|p2a: Vaporeon|47\/100\n|move|p2a: Vaporeon|Roar|p1a: Snorlax\n|drag|p1a: Abomasnow|Abomasnow, F|100\/100\n|-weather|Hail|[from] ability: Snow Warning|[of] p1a: Abomasnow\n|\n|-weather|Hail|[upkeep]\n|-damage|p2a: Vaporeon|41\/100|[from] Hail\n|-heal|p2a: Vaporeon|91\/100|[from] move: Wish|[wisher] Vaporeon\n|-heal|p2a: Vaporeon|97\/100|[from] item: Leftovers\n|-sideend|p1: BatChestOfficial|move: Aurora Veil\n|upkeep\n|turn|18\n|\n|t:|1639690834\n|switch|p2a: Xatu|Xatu, F|100\/100\n|move|p1a: Abomasnow|Aurora Veil|p1a: Abomasnow\n|-sidestart|p1: BatChestOfficial|move: Aurora Veil\n|\n|-weather|Hail|[upkeep]\n|-damage|p2a: Xatu|94\/100|[from] Hail\n|-heal|p2a: Xatu|100\/100|[from] item: Leftovers\n|upkeep\n|turn|19\n|\n|t:|1639690840\n|switch|p1a: Snorlax|Snorlax, M|71\/100\n|move|p2a: Xatu|Teleport|p2a: Xatu\n|\n|t:|1639690851\n|switch|p2a: Drapion|Drapion, M|100\/100|[from]move: Teleport\n|\n|-weather|Hail|[upkeep]\n|-damage|p2a: Drapion|94\/100|[from] Hail\n|-damage|p1a: Snorlax|65\/100|[from] Hail\n|upkeep\n|turn|20\n|\n|t:|1639690855\n|move|p2a: Drapion|Swords Dance|p2a: Drapion\n|-boost|p2a: Drapion|atk|2\n|move|p1a: Snorlax|Curse|p1a: Snorlax\n|-unboost|p1a: Snorlax|spe|1\n|-boost|p1a: Snorlax|atk|1\n|-boost|p1a: Snorlax|def|1\n|\n|-weather|Hail|[upkeep]\n|-damage|p2a: Drapion|88\/100|[from] Hail\n|-damage|p1a: Snorlax|59\/100|[from] Hail\n|upkeep\n|turn|21\n|\n|t:|1639690858\n|move|p2a: Drapion|Night Slash|p1a: Snorlax\n|-damage|p1a: Snorlax|41\/100\n|move|p1a: Snorlax|Body Slam|p2a: Drapion\n|-damage|p2a: Drapion|12\/100\n|\n|-weather|none\n|upkeep\n|turn|22\n|\n|t:|1639690864\n|move|p2a: Drapion|Night Slash|p1a: Snorlax\n|-damage|p1a: Snorlax|22\/100\n|move|p1a: Snorlax|Body Slam|p2a: Drapion\n|-damage|p2a: Drapion|0 fnt\n|faint|p2a: Drapion\n|\n|upkeep\n|\n|t:|1639690891\n|switch|p2a: Donphan|Donphan, M|72\/100\n|turn|23\n|\n|t:|1639690895\n|move|p2a: Donphan|Stealth Rock|p1a: Snorlax\n|-sidestart|p1: BatChestOfficial|move: Stealth Rock\n|move|p1a: Snorlax|Rest|p1a: Snorlax\n|-status|p1a: Snorlax|slp|[from] move: Rest\n|-heal|p1a: Snorlax|100\/100 slp|[silent]\n|\n|-heal|p2a: Donphan|78\/100|[from] item: Leftovers\n|upkeep\n|turn|24\n|\n|t:|1639690902\n|switch|p2a: Vaporeon|Vaporeon, M|97\/100\n|cant|p1a: Snorlax|slp\n|move|p1a: Snorlax|Sleep Talk|p1a: Snorlax\n|move|p1a: Snorlax|Curse|p1a: Snorlax|[from]move: Sleep Talk\n|-unboost|p1a: Snorlax|spe|1\n|-boost|p1a: Snorlax|atk|1\n|-boost|p1a: Snorlax|def|1\n|\n|-heal|p2a: Vaporeon|100\/100|[from] item: Leftovers\n|upkeep\n|turn|25\n|\n|t:|1639690909\n|cant|p1a: Snorlax|slp\n|move|p1a: Snorlax|Sleep Talk|p1a: Snorlax\n|move|p1a: Snorlax|Body Slam|p2a: Vaporeon|[from]move: Sleep Talk\n|-damage|p2a: Vaporeon|40\/100\n|move|p2a: Vaporeon|Roar|p1a: Snorlax\n|drag|p1a: Raikou|Raikou|100\/100\n|-damage|p1a: Raikou|88\/100|[from] Stealth Rock\n|\n|-heal|p1a: Raikou|94\/100|[from] item: Leftovers\n|-heal|p2a: Vaporeon|47\/100|[from] item: Leftovers\n|-sideend|p1: BatChestOfficial|move: Aurora Veil\n|upkeep\n|turn|26\n|\n|t:|1639690917\n|switch|p2a: Snorlax|Snorlax, F|100\/100\n|move|p1a: Raikou|Substitute|p1a: Raikou\n|-start|p1a: Raikou|Substitute\n|-damage|p1a: Raikou|69\/100\n|\n|-heal|p1a: Raikou|76\/100|[from] item: Leftovers\n|upkeep\n|turn|27\n|\n|t:|1639690925\n|switch|p1a: Snorlax|Snorlax, M|100\/100 slp\n|-damage|p1a: Snorlax|88\/100 slp|[from] Stealth Rock\n|move|p2a: Snorlax|Curse|p2a: Snorlax\n|-unboost|p2a: Snorlax|spe|1\n|-boost|p2a: Snorlax|atk|1\n|-boost|p2a: Snorlax|def|1\n|\n|upkeep\n|turn|28\n|\n|t:|1639690934\n|-curestatus|p1a: Snorlax|slp|[msg]\n|move|p1a: Snorlax|Curse|p1a: Snorlax\n|-unboost|p1a: Snorlax|spe|1\n|-boost|p1a: Snorlax|atk|1\n|-boost|p1a: Snorlax|def|1\n|move|p2a: Snorlax|Curse|p2a: Snorlax\n|-unboost|p2a: Snorlax|spe|1\n|-boost|p2a: Snorlax|atk|1\n|-boost|p2a: Snorlax|def|1\n|\n|upkeep\n|turn|29\n|\n|t:|1639690937\n|move|p1a: Snorlax|Curse|p1a: Snorlax\n|-unboost|p1a: Snorlax|spe|1\n|-boost|p1a: Snorlax|atk|1\n|-boost|p1a: Snorlax|def|1\n|move|p2a: Snorlax|Curse|p2a: Snorlax\n|-unboost|p2a: Snorlax|spe|1\n|-boost|p2a: Snorlax|atk|1\n|-boost|p2a: Snorlax|def|1\n|\n|upkeep\n|turn|30\n|\n|t:|1639690939\n|move|p1a: Snorlax|Curse|p1a: Snorlax\n|-unboost|p1a: Snorlax|spe|1\n|-boost|p1a: Snorlax|atk|1\n|-boost|p1a: Snorlax|def|1\n|move|p2a: Snorlax|Curse|p2a: Snorlax\n|-unboost|p2a: Snorlax|spe|1\n|-boost|p2a: Snorlax|atk|1\n|-boost|p2a: Snorlax|def|1\n|\n|upkeep\n|turn|31\n|\n|t:|1639690941\n|move|p1a: Snorlax|Curse|p1a: Snorlax\n|-unboost|p1a: Snorlax|spe|1\n|-boost|p1a: Snorlax|atk|1\n|-boost|p1a: Snorlax|def|1\n|move|p2a: Snorlax|Curse|p2a: Snorlax\n|-unboost|p2a: Snorlax|spe|1\n|-boost|p2a: Snorlax|atk|1\n|-boost|p2a: Snorlax|def|1\n|\n|upkeep\n|turn|32\n|\n|t:|1639690943\n|move|p1a: Snorlax|Curse|p1a: Snorlax\n|-unboost|p1a: Snorlax|spe|1\n|-boost|p1a: Snorlax|atk|1\n|-boost|p1a: Snorlax|def|1\n|move|p2a: Snorlax|Curse|p2a: Snorlax\n|-unboost|p2a: Snorlax|spe|1\n|-boost|p2a: Snorlax|atk|1\n|-boost|p2a: Snorlax|def|1\n|\n|upkeep\n|turn|33\n|\n|t:|1639690946\n|move|p1a: Snorlax|Body Slam|p2a: Snorlax\n|-damage|p2a: Snorlax|69\/100\n|move|p2a: Snorlax|Body Slam|p1a: Snorlax\n|-damage|p1a: Snorlax|55\/100\n|-status|p1a: Snorlax|par\n|\n|-heal|p2a: Snorlax|75\/100|[from] item: Leftovers\n|upkeep\n|turn|34\n|\n|t:|1639690952\n|move|p2a: Snorlax|Body Slam|p1a: Snorlax\n|-damage|p1a: Snorlax|22\/100 par\n|move|p1a: Snorlax|Rest|p1a: Snorlax\n|-status|p1a: Snorlax|slp|[from] move: Rest\n|-heal|p1a: Snorlax|100\/100 slp|[silent]\n|\n|-heal|p2a: Snorlax|81\/100|[from] item: Leftovers\n|upkeep\n|turn|35\n|\n|t:|1639690956\n|cant|p1a: Snorlax|slp\n|move|p1a: Snorlax|Sleep Talk|p1a: Snorlax\n|move|p1a: Snorlax|Body Slam|p2a: Snorlax|[from]move: Sleep Talk\n|-damage|p2a: Snorlax|50\/100\n|move|p2a: Snorlax|Body Slam|p1a: Snorlax\n|-damage|p1a: Snorlax|67\/100 slp\n|\n|-heal|p2a: Snorlax|56\/100|[from] item: Leftovers\n|upkeep\n|turn|36\n|\n|t:|1639690969\n|cant|p1a: Snorlax|slp\n|move|p1a: Snorlax|Sleep Talk|p1a: Snorlax\n|move|p1a: Snorlax|Rest||[from]move: Sleep Talk|[still]\n|-fail|p1a: Snorlax\n|move|p2a: Snorlax|Rest|p2a: Snorlax\n|-status|p2a: Snorlax|slp|[from] move: Rest\n|-heal|p2a: Snorlax|100\/100 slp|[silent]\n|\n|upkeep\n|turn|37\n|\n|t:|1639690975\n|-curestatus|p1a: Snorlax|slp|[msg]\n|move|p1a: Snorlax|Curse|p1a: Snorlax\n|-unboost|p1a: Snorlax|spe|1\n|-boost|p1a: Snorlax|atk|1\n|-boost|p1a: Snorlax|def|1\n|cant|p2a: Snorlax|slp\n|move|p2a: Snorlax|Sleep Talk|p2a: Snorlax\n|move|p2a: Snorlax|Rest||[from]move: Sleep Talk|[still]\n|-fail|p2a: Snorlax\n|\n|upkeep\n|turn|38\n|\n|t:|1639690984\n|move|p1a: Snorlax|Body Slam|p2a: Snorlax\n|-damage|p2a: Snorlax|67\/100 slp\n|cant|p2a: Snorlax|slp\n|move|p2a: Snorlax|Sleep Talk|p2a: Snorlax\n|move|p2a: Snorlax|Rest||[from]move: Sleep Talk|[still]\n|-fail|p2a: Snorlax\n|\n|-heal|p2a: Snorlax|73\/100 slp|[from] item: Leftovers\n|upkeep\n|turn|39\n|\n|t:|1639690990\n|-curestatus|p2a: Snorlax|slp|[msg]\n|move|p2a: Snorlax|Rest|p2a: Snorlax\n|-status|p2a: Snorlax|slp|[from] move: Rest\n|-heal|p2a: Snorlax|100\/100 slp|[silent]\n|move|p1a: Snorlax|Body Slam|p2a: Snorlax\n|-damage|p2a: Snorlax|67\/100 slp\n|\n|-heal|p2a: Snorlax|73\/100 slp|[from] item: Leftovers\n|upkeep\n|turn|40\n|\n|t:|1639690999\n|move|p1a: Snorlax|Rest|p1a: Snorlax\n|-status|p1a: Snorlax|slp|[from] move: Rest\n|-heal|p1a: Snorlax|100\/100 slp|[silent]\n|cant|p2a: Snorlax|slp\n|move|p2a: Snorlax|Sleep Talk|p2a: Snorlax\n|move|p2a: Snorlax|Curse|p2a: Snorlax|[from]move: Sleep Talk\n|\n|-heal|p2a: Snorlax|79\/100 slp|[from] item: Leftovers\n|upkeep\n|turn|41\n|\n|t:|1639691002\n|cant|p2a: Snorlax|slp\n|move|p2a: Snorlax|Sleep Talk|p2a: Snorlax\n|move|p2a: Snorlax|Curse|p2a: Snorlax|[from]move: Sleep Talk\n|cant|p1a: Snorlax|slp\n|move|p1a: Snorlax|Sleep Talk|p1a: Snorlax\n|move|p1a: Snorlax|Rest||[from]move: Sleep Talk|[still]\n|-fail|p1a: Snorlax\n|\n|-heal|p2a: Snorlax|85\/100 slp|[from] item: Leftovers\n|upkeep\n|turn|42\n|\n|t:|1639691009\n|-curestatus|p2a: Snorlax|slp|[msg]\n|move|p2a: Snorlax|Body Slam|p1a: Snorlax\n|-damage|p1a: Snorlax|72\/100 slp\n|cant|p1a: Snorlax|slp\n|move|p1a: Snorlax|Sleep Talk|p1a: Snorlax\n|move|p1a: Snorlax|Body Slam|p2a: Snorlax|[from]move: Sleep Talk\n|-damage|p2a: Snorlax|48\/100\n|\n|-heal|p2a: Snorlax|54\/100|[from] item: Leftovers\n|upkeep\n|turn|43\n|\n|t:|1639691017\n|move|p2a: Snorlax|Rest|p2a: Snorlax\n|-status|p2a: Snorlax|slp|[from] move: Rest\n|-heal|p2a: Snorlax|100\/100 slp|[silent]\n|-curestatus|p1a: Snorlax|slp|[msg]\n|move|p1a: Snorlax|Body Slam|p2a: Snorlax\n|-damage|p2a: Snorlax|65\/100 slp\n|\n|-heal|p2a: Snorlax|71\/100 slp|[from] item: Leftovers\n|upkeep\n|turn|44\n|\n|t:|1639691027\n|cant|p2a: Snorlax|slp\n|move|p2a: Snorlax|Sleep Talk|p2a: Snorlax\n|move|p2a: Snorlax|Curse|p2a: Snorlax|[from]move: Sleep Talk\n|move|p1a: Snorlax|Body Slam|p2a: Snorlax\n|-damage|p2a: Snorlax|34\/100 slp\n|\n|-heal|p2a: Snorlax|41\/100 slp|[from] item: Leftovers\n|upkeep\n|turn|45\n|\n|t:|1639691040\n|cant|p2a: Snorlax|slp\n|move|p2a: Snorlax|Sleep Talk|p2a: Snorlax\n|move|p2a: Snorlax|Rest||[from]move: Sleep Talk|[still]\n|-fail|p2a: Snorlax\n|move|p1a: Snorlax|Body Slam|p2a: Snorlax\n|-damage|p2a: Snorlax|2\/100 slp\n|\n|-heal|p2a: Snorlax|8\/100 slp|[from] item: Leftovers\n|upkeep\n|turn|46\n|\n|t:|1639691048\n|move|p1a: Snorlax|Body Slam|p2a: Snorlax\n|-damage|p2a: Snorlax|0 fnt\n|faint|p2a: Snorlax\n|\n|upkeep\n|-message|Drm3 forfeited.\n|\n|win|BatChestOfficial\n|raw|BatChestOfficial's rating: 1333 &rarr; <strong>1366<\/strong><br \/>(+33 for winning)\n|raw|Drm3's rating: 1612 &rarr; <strong>1579<\/strong><br \/>(-33 for losing)\n|l|\u2606Drm3\n||Ladder isn't responding, score probably updated but might not have (Request timeout).\n","uploadtime":1639691121,"views":23,"p1id":"batchestofficial","p2id":"drm3","formatid":"gen8bdspuu","rating":1366,"private":0,"password":null}