{"id":"gen8nationaldex-1314444948","p1":"DiameterXtreme","p2":"metaslav1230","format":"gen8nationaldex","log":"|html|<div class=\"broadcast-blue\"><strong>[Gen 8] National Dex is currently suspecting Magearna! For information on how to participate check out the <a href=\"https:\/\/www.smogon.com\/forums\/threads\/national-dex-suspect-test-11-robot-rock.3681382\/\">suspect thread<\/a>.<\/strong><\/div>\n|j|\u2606DiameterXtreme\n|j|\u2606metaslav1230\n|t:|1617463530\n|gametype|singles\n|player|p1|DiameterXtreme|jasmine-gen2|1419\n|player|p2|metaslav1230|cueball-gen1|1327\n|teamsize|p1|6\n|teamsize|p2|6\n|gen|8\n|tier|[Gen 8] National Dex\n|rated|\n|clearpoke\n|poke|p1|Dracozolt|\n|poke|p1|Hippowdon, M|\n|poke|p1|Excadrill, F|\n|poke|p1|Tapu Fini|\n|poke|p1|Scizor, M|\n|poke|p1|Corviknight, M|\n|poke|p2|Zapdos|\n|poke|p2|Rotom-Wash|\n|poke|p2|Magnezone|\n|poke|p2|Tapu Koko|\n|poke|p2|Silvally-*|\n|poke|p2|Heliolisk, F|\n|rule|HP Percentage Mod: HP is shown in percentages\n|rule|Endless Battle Clause: Forcing endless battles is banned\n|rule|OHKO Clause: OHKO moves are banned\n|rule|Evasion Moves Clause: Evasion moves are banned\n|rule|Species Clause: Limit one of each Pok\u00e9mon\n|rule|Dynamax Clause: You cannot dynamax\n|rule|Sleep Clause Mod: Limit one foe put to sleep\n|teampreview\n|\n|t:|1617463538\n|start\n|switch|p1a: Hippowdon|Hippowdon, M|100\/100\n|switch|p2a: Rotom|Rotom-Wash, shiny|100\/100\n|-weather|Sandstorm|[from] ability: Sand Stream|[of] p1a: Hippowdon\n|turn|1\n|\n|t:|1617463543\n|switch|p1a: Dracozolt|Dracozolt, shiny|100\/100\n|move|p2a: Rotom|Will-O-Wisp|p1a: Dracozolt\n|-status|p1a: Dracozolt|brn\n|\n|-weather|Sandstorm|[upkeep]\n|-damage|p2a: Rotom|94\/100|[from] Sandstorm\n|-damage|p1a: Dracozolt|94\/100 brn|[from] brn\n|upkeep\n|turn|2\n|\n|t:|1617463552\n|switch|p2a: Tapu Koko|Tapu Koko, shiny|100\/100\n|-fieldstart|move: Electric Terrain|[from] ability: Electric Surge|[of] p2a: Tapu Koko\n|move|p1a: Dracozolt|Bolt Beak|p2a: Tapu Koko\n|-resisted|p2a: Tapu Koko\n|-damage|p2a: Tapu Koko|51\/100\n|-damage|p1a: Dracozolt|84\/100 brn|[from] item: Life Orb\n|\n|-weather|Sandstorm|[upkeep]\n|-damage|p2a: Tapu Koko|45\/100|[from] Sandstorm\n|-damage|p1a: Dracozolt|78\/100 brn|[from] brn\n|upkeep\n|turn|3\n|\n|t:|1617463561\n|switch|p2a: Magnezone|Magnezone, shiny|100\/100\n|-item|p2a: Magnezone|Air Balloon\n|move|p1a: Dracozolt|Earthquake|p2a: Magnezone\n|-immune|p2a: Magnezone\n|\n|-weather|Sandstorm|[upkeep]\n|-damage|p1a: Dracozolt|72\/100 brn|[from] brn\n|upkeep\n|turn|4\n|\n|t:|1617463564\n|move|p1a: Dracozolt|Fire Blast|p2a: Magnezone\n|-supereffective|p2a: Magnezone\n|-damage|p2a: Magnezone|31\/100\n|-enditem|p2a: Magnezone|Air Balloon\n|-damage|p1a: Dracozolt|62\/100 brn|[from] item: Life Orb\n|move|p2a: Magnezone|Hidden Power|p1a: Dracozolt\n|-supereffective|p1a: Dracozolt\n|-damage|p1a: Dracozolt|1\/100 brn\n|\n|-weather|Sandstorm|[upkeep]\n|-damage|p1a: Dracozolt|0 fnt|[from] brn\n|faint|p1a: Dracozolt\n|upkeep\n|\n|t:|1617463568\n|switch|p1a: Excadrill|Excadrill, F|100\/100\n|turn|5\n|\n|t:|1617463578\n|switch|p2a: Heliolisk|Heliolisk, F|100\/100\n|-item|p2a: Heliolisk|Air Balloon\n|move|p1a: Excadrill|Earthquake|p2a: Heliolisk\n|-immune|p2a: Heliolisk\n|\n|-weather|Sandstorm|[upkeep]\n|-damage|p2a: Heliolisk|94\/100|[from] Sandstorm\n|upkeep\n|turn|6\n|\n|t:|1617463586\n|move|p1a: Excadrill|Rock Slide|p2a: Heliolisk\n|-damage|p2a: Heliolisk|29\/100\n|-enditem|p2a: Heliolisk|Air Balloon\n|cant|p2a: Heliolisk|flinch\n|\n|-weather|Sandstorm|[upkeep]\n|-damage|p2a: Heliolisk|23\/100|[from] Sandstorm\n|-fieldend|move: Electric Terrain\n|upkeep\n|turn|7\n|\n|t:|1617463593\n|switch|p2a: Rotom|Rotom-Wash, shiny|94\/100\n|move|p1a: Excadrill|Rock Slide|p2a: Rotom\n|-damage|p2a: Rotom|62\/100\n|\n|-weather|Sandstorm|[upkeep]\n|-damage|p2a: Rotom|56\/100|[from] Sandstorm\n|upkeep\n|turn|8\n|\n|t:|1617463597\n|switch|p1a: Tapu Fini|Tapu Fini, shiny|100\/100\n|-fieldstart|move: Misty Terrain|[from] ability: Misty Surge|[of] p1a: Tapu Fini\n|move|p2a: Rotom|Will-O-Wisp|p1a: Tapu Fini\n|-activate|p1a: Tapu Fini|move: Misty Terrain\n|\n|-weather|none\n|upkeep\n|turn|9\n|\n|t:|1617463601\n|move|p1a: Tapu Fini|Knock Off|p2a: Rotom\n|-damage|p2a: Rotom|38\/100\n|-enditem|p2a: Rotom|Wiki Berry|[from] move: Knock Off|[of] p1a: Tapu Fini\n|move|p2a: Rotom|Volt Switch|p1a: Tapu Fini\n|-supereffective|p1a: Tapu Fini\n|-damage|p1a: Tapu Fini|64\/100\n|\n|t:|1617463604\n|switch|p2a: Tapu Koko|Tapu Koko, shiny|45\/100|[from]move: Volt Switch\n|-fieldstart|move: Electric Terrain|[from] ability: Electric Surge|[of] p2a: Tapu Koko\n|\n|-heal|p1a: Tapu Fini|70\/100|[from] item: Leftovers\n|upkeep\n|turn|10\n|\n|t:|1617463610\n|move|p2a: Tapu Koko|Roost|p2a: Tapu Koko\n|-heal|p2a: Tapu Koko|95\/100\n|-singleturn|p2a: Tapu Koko|move: Roost\n|move|p1a: Tapu Fini|Scald|p2a: Tapu Koko\n|-crit|p2a: Tapu Koko\n|-damage|p2a: Tapu Koko|34\/100\n|\n|-heal|p1a: Tapu Fini|76\/100|[from] item: Leftovers\n|upkeep\n|turn|11\n|\n|t:|1617463615\n|switch|p1a: Hippowdon|Hippowdon, M|100\/100\n|-weather|Sandstorm|[from] ability: Sand Stream|[of] p1a: Hippowdon\n|move|p2a: Tapu Koko|Roost|p2a: Tapu Koko\n|-heal|p2a: Tapu Koko|84\/100\n|-singleturn|p2a: Tapu Koko|move: Roost\n|\n|-weather|Sandstorm|[upkeep]\n|-damage|p2a: Tapu Koko|78\/100|[from] Sandstorm\n|upkeep\n|turn|12\n|\n|t:|1617463619\n|switch|p2a: Rotom|Rotom-Wash, shiny|38\/100\n|move|p1a: Hippowdon|Stealth Rock|p2a: Rotom\n|-sidestart|p2: metaslav1230|move: Stealth Rock\n|\n|-weather|Sandstorm|[upkeep]\n|-damage|p2a: Rotom|31\/100|[from] Sandstorm\n|upkeep\n|turn|13\n|\n|t:|1617463622\n|switch|p1a: Tapu Fini|Tapu Fini, shiny|76\/100\n|-fieldstart|move: Misty Terrain|[from] ability: Misty Surge|[of] p1a: Tapu Fini\n|move|p2a: Rotom|Hydro Pump|p1a: Tapu Fini\n|-resisted|p1a: Tapu Fini\n|-damage|p1a: Tapu Fini|62\/100\n|\n|-weather|Sandstorm|[upkeep]\n|-damage|p1a: Tapu Fini|56\/100|[from] Sandstorm\n|-damage|p2a: Rotom|25\/100|[from] Sandstorm\n|-heal|p1a: Tapu Fini|62\/100|[from] item: Leftovers\n|upkeep\n|turn|14\n|\n|t:|1617463626\n|move|p1a: Tapu Fini|Scald|p2a: Rotom\n|-resisted|p2a: Rotom\n|-damage|p2a: Rotom|14\/100\n|move|p2a: Rotom|Defog|p1a: Tapu Fini\n|-unboost|p1a: Tapu Fini|evasion|1\n|-sideend|p2: metaslav1230|Stealth Rock|[from] move: Defog|[of] p2a: Rotom\n|-fieldend|Misty Terrain\n|\n|-weather|Sandstorm|[upkeep]\n|-damage|p1a: Tapu Fini|56\/100|[from] Sandstorm\n|-damage|p2a: Rotom|8\/100|[from] Sandstorm\n|-heal|p1a: Tapu Fini|62\/100|[from] item: Leftovers\n|upkeep\n|turn|15\n|\n|t:|1617463629\n|move|p1a: Tapu Fini|Scald|p2a: Rotom\n|-resisted|p2a: Rotom\n|-damage|p2a: Rotom|0 fnt\n|faint|p2a: Rotom\n|\n|-weather|Sandstorm|[upkeep]\n|-damage|p1a: Tapu Fini|56\/100|[from] Sandstorm\n|-heal|p1a: Tapu Fini|62\/100|[from] item: Leftovers\n|upkeep\n|\n|t:|1617463634\n|switch|p2a: Silvally|Silvally-Electric|100\/100\n|turn|16\n|\n|t:|1617463643\n|switch|p1a: Excadrill|Excadrill, F|100\/100\n|move|p2a: Silvally|Multi-Attack|p1a: Excadrill\n|-immune|p1a: Excadrill\n|\n|-weather|Sandstorm|[upkeep]\n|-damage|p2a: Silvally|94\/100|[from] Sandstorm\n|upkeep\n|turn|17\n|\n|t:|1617463645\n|switch|p2a: Zapdos|Zapdos, shiny|100\/100\n|move|p1a: Excadrill|Swords Dance|p1a: Excadrill\n|-boost|p1a: Excadrill|atk|2\n|\n|-weather|Sandstorm|[upkeep]\n|-damage|p2a: Zapdos|94\/100|[from] Sandstorm\n|upkeep\n|turn|18\n|\n|t:|1617463648\n|move|p1a: Excadrill|Rock Slide|p2a: Zapdos\n|-supereffective|p2a: Zapdos\n|-damage|p2a: Zapdos|8\/100\n|move|p2a: Zapdos|Heat Wave|p1a: Excadrill\n|-supereffective|p1a: Excadrill\n|-damage|p1a: Excadrill|41\/100\n|\n|-weather|none\n|upkeep\n|turn|19\n|\n|t:|1617463653\n|move|p1a: Excadrill|Iron Head|p2a: Zapdos\n|-resisted|p2a: Zapdos\n|-damage|p2a: Zapdos|0 fnt\n|-status|p1a: Excadrill|par|[from] ability: Static|[of] p2a: Zapdos\n|faint|p2a: Zapdos\n|\n|upkeep\n|\n|t:|1617463657\n|switch|p2a: Silvally|Silvally-Electric|94\/100\n|turn|20\n|\n|t:|1617463669\n|switch|p1a: Hippowdon|Hippowdon, M|100\/100\n|-weather|Sandstorm|[from] ability: Sand Stream|[of] p1a: Hippowdon\n|move|p2a: Silvally|Flamethrower|p1a: Hippowdon\n|-damage|p1a: Hippowdon|71\/100\n|-status|p1a: Hippowdon|brn\n|\n|-weather|Sandstorm|[upkeep]\n|-damage|p2a: Silvally|88\/100|[from] Sandstorm\n|-damage|p1a: Hippowdon|65\/100 brn|[from] brn\n|upkeep\n|turn|21\n|\n|t:|1617463673\n|move|p2a: Silvally|Ice Beam|p1a: Hippowdon\n|-supereffective|p1a: Hippowdon\n|-damage|p1a: Hippowdon|14\/100 brn\n|move|p1a: Hippowdon|Slack Off|p1a: Hippowdon\n|-heal|p1a: Hippowdon|64\/100 brn\n|\n|-weather|Sandstorm|[upkeep]\n|-damage|p2a: Silvally|82\/100|[from] Sandstorm\n|-damage|p1a: Hippowdon|58\/100 brn|[from] brn\n|upkeep\n|turn|22\n|\n|t:|1617463678\n|switch|p1a: Tapu Fini|Tapu Fini, shiny|62\/100\n|-fieldstart|move: Misty Terrain|[from] ability: Misty Surge|[of] p1a: Tapu Fini\n|move|p2a: Silvally|Ice Beam|p1a: Tapu Fini\n|-resisted|p1a: Tapu Fini\n|-damage|p1a: Tapu Fini|53\/100\n|\n|-weather|Sandstorm|[upkeep]\n|-damage|p2a: Silvally|76\/100|[from] Sandstorm\n|-damage|p1a: Tapu Fini|46\/100|[from] Sandstorm\n|-heal|p1a: Tapu Fini|53\/100|[from] item: Leftovers\n|upkeep\n|turn|23\n|\n|t:|1617463683\n|switch|p1a: Excadrill|Excadrill, F|41\/100 par\n|move|p2a: Silvally|Multi-Attack|p1a: Excadrill\n|-immune|p1a: Excadrill\n|\n|-weather|Sandstorm|[upkeep]\n|-damage|p2a: Silvally|70\/100|[from] Sandstorm\n|upkeep\n|turn|24\n|\n|t:|1617463688\n|move|p2a: Silvally|Flamethrower|p1a: Excadrill\n|-supereffective|p1a: Excadrill\n|-damage|p1a: Excadrill|0 fnt\n|faint|p1a: Excadrill\n|\n|-weather|Sandstorm|[upkeep]\n|-damage|p2a: Silvally|64\/100|[from] Sandstorm\n|upkeep\n|\n|t:|1617463695\n|switch|p1a: Hippowdon|Hippowdon, M|58\/100 brn\n|turn|25\n|\n|t:|1617463697\n|move|p2a: Silvally|Ice Beam|p1a: Hippowdon\n|-supereffective|p1a: Hippowdon\n|-damage|p1a: Hippowdon|7\/100 brn\n|move|p1a: Hippowdon|Earthquake|p2a: Silvally\n|-supereffective|p2a: Silvally\n|-damage|p2a: Silvally|26\/100\n|\n|-weather|Sandstorm|[upkeep]\n|-damage|p2a: Silvally|20\/100|[from] Sandstorm\n|-damage|p1a: Hippowdon|1\/100 brn|[from] brn\n|upkeep\n|turn|26\n|\n|t:|1617463704\n|switch|p1a: Corviknight|Corviknight, M, shiny|100\/100\n|-ability|p1a: Corviknight|Pressure\n|move|p2a: Silvally|Ice Beam|p1a: Corviknight\n|-damage|p1a: Corviknight|76\/100\n|\n|-weather|Sandstorm|[upkeep]\n|-damage|p2a: Silvally|14\/100|[from] Sandstorm\n|-fieldend|Misty Terrain\n|upkeep\n|turn|27\n|\n|t:|1617463706\n|switch|p1a: Tapu Fini|Tapu Fini, shiny|53\/100\n|-fieldstart|move: Misty Terrain|[from] ability: Misty Surge|[of] p1a: Tapu Fini\n|move|p2a: Silvally|Flamethrower|p1a: Tapu Fini\n|-resisted|p1a: Tapu Fini\n|-damage|p1a: Tapu Fini|43\/100\n|\n|-weather|none\n|-heal|p1a: Tapu Fini|49\/100|[from] item: Leftovers\n|upkeep\n|turn|28\n|\n|t:|1617463709\n|switch|p1a: Hippowdon|Hippowdon, M|1\/100 brn\n|-weather|Sandstorm|[from] ability: Sand Stream|[of] p1a: Hippowdon\n|move|p2a: Silvally|Multi-Attack|p1a: Hippowdon\n|-immune|p1a: Hippowdon\n|\n|-weather|Sandstorm|[upkeep]\n|-damage|p2a: Silvally|8\/100|[from] Sandstorm\n|-damage|p1a: Hippowdon|0 fnt|[from] brn\n|faint|p1a: Hippowdon\n|upkeep\n|\n|t:|1617463711\n|switch|p1a: Scizor|Scizor, M|100\/100\n|turn|29\n|\n|t:|1617463717\n|detailschange|p1a: Scizor|Scizor-Mega, M\n|-mega|p1a: Scizor|Scizor|Scizorite\n|move|p1a: Scizor|Bullet Punch|p2a: Silvally\n|-resisted|p2a: Silvally\n|-damage|p2a: Silvally|0 fnt\n|faint|p2a: Silvally\n|\n|-weather|Sandstorm|[upkeep]\n|upkeep\n|\n|t:|1617463721\n|switch|p2a: Magnezone|Magnezone, shiny|31\/100\n|turn|30\n|\n|t:|1617463727\n|move|p2a: Magnezone|Thunderbolt|p1a: Scizor\n|-damage|p1a: Scizor|64\/100\n|move|p1a: Scizor|Knock Off|p2a: Magnezone\n|-damage|p2a: Magnezone|10\/100\n|\n|-weather|Sandstorm|[upkeep]\n|upkeep\n|turn|31\n|\n|t:|1617463730\n|move|p1a: Scizor|Bullet Punch|p2a: Magnezone\n|-resisted|p2a: Magnezone\n|-damage|p2a: Magnezone|2\/100\n|move|p2a: Magnezone|Thunderbolt|p1a: Scizor\n|-damage|p1a: Scizor|29\/100\n|\n|-weather|Sandstorm|[upkeep]\n|-fieldend|Misty Terrain\n|upkeep\n|turn|32\n|\n|t:|1617463733\n|move|p1a: Scizor|Bullet Punch|p2a: Magnezone\n|-resisted|p2a: Magnezone\n|-damage|p2a: Magnezone|0 fnt\n|faint|p2a: Magnezone\n|\n|-weather|Sandstorm|[upkeep]\n|upkeep\n|\n|t:|1617463735\n|switch|p2a: Tapu Koko|Tapu Koko, shiny|78\/100\n|-fieldstart|move: Electric Terrain|[from] ability: Electric Surge|[of] p2a: Tapu Koko\n|turn|33\n|\n|t:|1617463739\n|move|p1a: Scizor|Bullet Punch|p2a: Tapu Koko\n|-damage|p2a: Tapu Koko|34\/100\n|move|p2a: Tapu Koko|Wild Charge|p1a: Scizor\n|-damage|p1a: Scizor|0 fnt\n|-damage|p2a: Tapu Koko|25\/100|[from] Recoil\n|faint|p1a: Scizor\n|\n|-weather|Sandstorm|[upkeep]\n|-damage|p2a: Tapu Koko|19\/100|[from] Sandstorm\n|upkeep\n|\n|t:|1617463743\n|switch|p1a: Corviknight|Corviknight, M, shiny|76\/100\n|-ability|p1a: Corviknight|Pressure\n|turn|34\n|\n|t:|1617463754\n|switch|p1a: Tapu Fini|Tapu Fini, shiny|49\/100\n|-fieldstart|move: Misty Terrain|[from] ability: Misty Surge|[of] p1a: Tapu Fini\n|-zpower|p2a: Tapu Koko\n|move|p2a: Tapu Koko|Gigavolt Havoc|p1a: Tapu Fini|[zeffect]\n|-supereffective|p1a: Tapu Fini\n|-damage|p1a: Tapu Fini|0 fnt\n|faint|p1a: Tapu Fini\n|\n|-weather|Sandstorm|[upkeep]\n|-damage|p2a: Tapu Koko|13\/100|[from] Sandstorm\n|upkeep\n|\n|t:|1617463756\n|switch|p1a: Corviknight|Corviknight, M, shiny|76\/100\n|-ability|p1a: Corviknight|Pressure\n|turn|35\n|\n|t:|1617463758\n|move|p2a: Tapu Koko|Wild Charge|p1a: Corviknight\n|-supereffective|p1a: Corviknight\n|-damage|p1a: Corviknight|26\/100\n|-damage|p2a: Tapu Koko|0 fnt|[from] item: Rocky Helmet|[of] p1a: Corviknight\n|faint|p2a: Tapu Koko\n|move|p1a: Corviknight|Roost|p1a: Corviknight\n|-heal|p1a: Corviknight|76\/100\n|-singleturn|p1a: Corviknight|move: Roost\n|\n|-weather|none\n|upkeep\n|\n|t:|1617463760\n|switch|p2a: Heliolisk|Heliolisk, F|23\/100\n|turn|36\n|\n|t:|1617463763\n|move|p2a: Heliolisk|Thunderbolt|p1a: Corviknight\n|-supereffective|p1a: Corviknight\n|-damage|p1a: Corviknight|0 fnt\n|faint|p1a: Corviknight\n|\n|win|metaslav1230\n|raw|DiameterXtreme's rating: 1419 &rarr; <strong>1394<\/strong><br \/>(-25 for losing)\n|raw|metaslav1230's rating: 1327 &rarr; <strong>1352<\/strong><br \/>(+25 for winning)\n|c|\u2606metaslav1230|gg\n|l|\u2606DiameterXtreme\n","uploadtime":1617463768,"views":14,"p1id":"diameterxtreme","p2id":"metaslav1230","formatid":"gen8nationaldex","rating":1352,"private":0,"password":null}