{"id":"gen8ou-1596541987","p1":"fishy8995","p2":"zengfeifei","format":"gen8ou","log":"|j|\u2606fishy8995\n|j|\u2606zengfeifei\n|t:|1655257604\n|gametype|singles\n|player|p1|fishy8995|265|1575\n|player|p2|zengfeifei|lucas|1489\n|teamsize|p1|6\n|teamsize|p2|6\n|gen|8\n|tier|[Gen 8] OU\n|rated|\n|rule|Sleep Clause Mod: Limit one foe put to sleep\n|rule|Species Clause: Limit one of each Pok\u00e9mon\n|rule|OHKO Clause: OHKO moves are banned\n|rule|Evasion Moves Clause: Evasion moves are banned\n|rule|Endless Battle Clause: Forcing endless battles is banned\n|rule|HP Percentage Mod: HP is shown in percentages\n|rule|Dynamax Clause: You cannot dynamax\n|clearpoke\n|poke|p1|Hippowdon, M|\n|poke|p1|Tyranitar, M|\n|poke|p1|Excadrill, M|\n|poke|p1|Sigilyph, M|\n|poke|p1|Toxapex, M|\n|poke|p1|Dracozolt|\n|poke|p2|Melmetal|\n|poke|p2|Dragonite, M|\n|poke|p2|Kartana|\n|poke|p2|Gardevoir, F|\n|poke|p2|Tapu Fini|\n|poke|p2|Garchomp, M|\n|teampreview\n|\n|t:|1655257633\n|start\n|switch|p1a: Tyranitar|Tyranitar, M|100\/100\n|switch|p2a: Tapu Fini|Tapu Fini|100\/100\n|-fieldstart|move: Misty Terrain|[from] ability: Misty Surge|[of] p2a: Tapu Fini\n|-weather|Sandstorm|[from] ability: Sand Stream|[of] p1a: Tyranitar\n|turn|1\n|\n|t:|1655257640\n|move|p2a: Tapu Fini|Whirlpool|p1a: Tyranitar\n|-supereffective|p1a: Tyranitar\n|-damage|p1a: Tyranitar|89\/100\n|-activate|p1a: Tyranitar|move: Whirlpool|[of] p2a: Tapu Fini\n|move|p1a: Tyranitar|Thunderbolt|p2a: Tapu Fini\n|-supereffective|p2a: Tapu Fini\n|-damage|p2a: Tapu Fini|52\/100\n|\n|-weather|Sandstorm|[upkeep]\n|-damage|p2a: Tapu Fini|46\/100|[from] Sandstorm\n|-damage|p1a: Tyranitar|76\/100|[from] move: Whirlpool|[partiallytrapped]\n|upkeep\n|turn|2\n|\n|t:|1655257671\n|move|p2a: Tapu Fini|Nature's Madness|p1a: Tyranitar\n|-damage|p1a: Tyranitar|38\/100\n|move|p1a: Tyranitar|Ice Beam|p2a: Tapu Fini\n|-resisted|p2a: Tapu Fini\n|-damage|p2a: Tapu Fini|36\/100\n|\n|-weather|Sandstorm|[upkeep]\n|-damage|p2a: Tapu Fini|30\/100|[from] Sandstorm\n|-damage|p1a: Tyranitar|26\/100|[from] move: Whirlpool|[partiallytrapped]\n|upkeep\n|turn|3\n|\n|t:|1655257680\n|move|p2a: Tapu Fini|Knock Off|p1a: Tyranitar\n|-resisted|p1a: Tyranitar\n|-damage|p1a: Tyranitar|20\/100\n|-enditem|p1a: Tyranitar|Expert Belt|[from] move: Knock Off|[of] p2a: Tapu Fini\n|move|p1a: Tyranitar|Thunderbolt|p2a: Tapu Fini\n|-supereffective|p2a: Tapu Fini\n|-damage|p2a: Tapu Fini|0 fnt\n|faint|p2a: Tapu Fini\n|\n|-weather|Sandstorm|[upkeep]\n|-end|p1a: Tyranitar|Whirlpool|[partiallytrapped]|[silent]\n|upkeep\n|\n|t:|1655257687\n|switch|p2a: Gardevoir|Gardevoir, F|100\/100\n|-enditem|p2a: Gardevoir|Misty Seed\n|-boost|p2a: Gardevoir|spd|1|[from] item: Misty Seed\n|-ability|p2a: Gardevoir|Sand Stream|[from] ability: Trace|[of] p1a: Tyranitar\n|turn|4\n|\n|t:|1655257695\n|switch|p1a: Sigilyph|Sigilyph, M|100\/100\n|move|p2a: Gardevoir|Moonblast|p1a: Sigilyph\n|-damage|p1a: Sigilyph|48\/100\n|\n|-weather|Sandstorm|[upkeep]\n|-damage|p2a: Gardevoir|94\/100|[from] Sandstorm\n|upkeep\n|turn|5\n|\n|t:|1655257700\n|switch|p1a: Toxapex|Toxapex, M|100\/100\n|move|p2a: Gardevoir|Moonblast|p1a: Toxapex\n|-resisted|p1a: Toxapex\n|-damage|p1a: Toxapex|81\/100\n|\n|-weather|none\n|-heal|p1a: Toxapex|87\/100|[from] item: Black Sludge\n|-fieldend|Misty Terrain\n|upkeep\n|turn|6\n|\n|t:|1655257703\n|switch|p1a: Tyranitar|Tyranitar, M|20\/100\n|-weather|Sandstorm|[from] ability: Sand Stream|[of] p1a: Tyranitar\n|move|p2a: Gardevoir|Psyshock|p1a: Tyranitar\n|-immune|p1a: Tyranitar\n|\n|-weather|Sandstorm|[upkeep]\n|-damage|p2a: Gardevoir|88\/100|[from] Sandstorm\n|upkeep\n|turn|7\n|\n|t:|1655257708\n|move|p2a: Gardevoir|Moonblast|p1a: Tyranitar\n|-supereffective|p1a: Tyranitar\n|-damage|p1a: Tyranitar|0 fnt\n|faint|p1a: Tyranitar\n|\n|-weather|Sandstorm|[upkeep]\n|-damage|p2a: Gardevoir|82\/100|[from] Sandstorm\n|upkeep\n|\n|t:|1655257711\n|switch|p1a: Excadrill|Excadrill, M, shiny|100\/100\n|turn|8\n|\n|t:|1655257715\n|move|p1a: Excadrill|Swords Dance|p1a: Excadrill\n|-boost|p1a: Excadrill|atk|2\n|move|p2a: Gardevoir|Mystical Fire|p1a: Excadrill\n|-supereffective|p1a: Excadrill\n|-damage|p1a: Excadrill|33\/100\n|-unboost|p1a: Excadrill|spa|1\n|\n|-weather|Sandstorm|[upkeep]\n|-damage|p2a: Gardevoir|76\/100|[from] Sandstorm\n|upkeep\n|turn|9\n|\n|t:|1655257726\n|switch|p2a: Melmetal|Melmetal|100\/100\n|move|p1a: Excadrill|Iron Head|p2a: Melmetal\n|-resisted|p2a: Melmetal\n|-damage|p2a: Melmetal|74\/100\n|\n|-weather|Sandstorm|[upkeep]\n|upkeep\n|turn|10\n|\n|t:|1655257730\n|move|p1a: Excadrill|Earthquake|p2a: Melmetal\n|-supereffective|p2a: Melmetal\n|-damage|p2a: Melmetal|0 fnt\n|faint|p2a: Melmetal\n|\n|-weather|none\n|upkeep\n|\n|t:|1655257733\n|switch|p2a: Gardevoir|Gardevoir, F|76\/100\n|-ability|p2a: Gardevoir|Sand Rush|[from] ability: Trace|[of] p1a: Excadrill\n|turn|11\n|\n|t:|1655257737\n|switch|p1a: Hippowdon|Hippowdon, M|100\/100\n|-weather|Sandstorm|[from] ability: Sand Stream|[of] p1a: Hippowdon\n|move|p2a: Gardevoir|Mystical Fire|p1a: Hippowdon\n|-damage|p1a: Hippowdon|73\/100\n|-unboost|p1a: Hippowdon|spa|1\n|\n|-weather|Sandstorm|[upkeep]\n|upkeep\n|turn|12\n|\n|t:|1655257744\n|move|p2a: Gardevoir|Mystical Fire|p1a: Hippowdon\n|-damage|p1a: Hippowdon|48\/100\n|-unboost|p1a: Hippowdon|spa|1\n|move|p1a: Hippowdon|Slack Off|p1a: Hippowdon\n|-heal|p1a: Hippowdon|98\/100\n|\n|-weather|Sandstorm|[upkeep]\n|upkeep\n|turn|13\n|\n|t:|1655257747\n|move|p2a: Gardevoir|Moonblast|p1a: Hippowdon\n|-damage|p1a: Hippowdon|46\/100\n|-unboost|p1a: Hippowdon|spa|1\n|move|p1a: Hippowdon|Stealth Rock|p2a: Gardevoir\n|-sidestart|p2: zengfeifei|move: Stealth Rock\n|\n|-weather|Sandstorm|[upkeep]\n|upkeep\n|turn|14\n|\n|t:|1655257750\n|switch|p1a: Sigilyph|Sigilyph, M|48\/100\n|move|p2a: Gardevoir|Moonblast|p1a: Sigilyph\n|-damage|p1a: Sigilyph|0 fnt\n|faint|p1a: Sigilyph\n|\n|-weather|Sandstorm|[upkeep]\n|upkeep\n|\n|t:|1655257752\n|switch|p1a: Dracozolt|Dracozolt|100\/100\n|turn|15\n|\n|t:|1655257755\n|move|p2a: Gardevoir|Moonblast|p1a: Dracozolt\n|-supereffective|p1a: Dracozolt\n|-damage|p1a: Dracozolt|0 fnt\n|faint|p1a: Dracozolt\n|\n|-weather|Sandstorm|[upkeep]\n|upkeep\n|\n|t:|1655257759\n|switch|p1a: Toxapex|Toxapex, M|100\/100\n|turn|16\n|\n|t:|1655257763\n|move|p2a: Gardevoir|Psyshock|p1a: Toxapex\n|-supereffective|p1a: Toxapex\n|-damage|p1a: Toxapex|30\/100\n|move|p1a: Toxapex|Stockpile|p1a: Toxapex\n|-start|p1a: Toxapex|stockpile1\n|-boost|p1a: Toxapex|def|1\n|-boost|p1a: Toxapex|spd|1\n|\n|-weather|Sandstorm|[upkeep]\n|-damage|p1a: Toxapex|24\/100|[from] Sandstorm\n|-heal|p1a: Toxapex|30\/100|[from] item: Black Sludge\n|upkeep\n|turn|17\n|\n|t:|1655257769\n|move|p2a: Gardevoir|Psyshock|p1a: Toxapex\n|-supereffective|p1a: Toxapex\n|-crit|p1a: Toxapex\n|-damage|p1a: Toxapex|0 fnt\n|faint|p1a: Toxapex\n|\n|-weather|Sandstorm|[upkeep]\n|upkeep\n|\n|t:|1655257770\n|switch|p1a: Excadrill|Excadrill, M, shiny|33\/100\n|turn|18\n|\n|t:|1655257772\n|move|p2a: Gardevoir|Mystical Fire|p1a: Excadrill\n|-supereffective|p1a: Excadrill\n|-damage|p1a: Excadrill|0 fnt\n|faint|p1a: Excadrill\n|\n|-weather|none\n|upkeep\n|\n|t:|1655257774\n|switch|p1a: Hippowdon|Hippowdon, M|46\/100\n|-weather|Sandstorm|[from] ability: Sand Stream|[of] p1a: Hippowdon\n|turn|19\n|\n|t:|1655257776\n|move|p2a: Gardevoir|Moonblast|p1a: Hippowdon\n|-damage|p1a: Hippowdon|0 fnt\n|faint|p1a: Hippowdon\n|\n|win|zengfeifei\n|raw|fishy8995's rating: 1575 &rarr; <strong>1550<\/strong><br \/>(-25 for losing)\n|raw|zengfeifei's rating: 1489 &rarr; <strong>1514<\/strong><br \/>(+25 for winning)\n|l|\u2606fishy8995\n||Ladder isn't responding, score probably updated but might not have (Request timeout).\n","uploadtime":1655257785,"views":22,"p1id":"fishy8995","p2id":"zengfeifei","formatid":"gen8ou","rating":1514,"private":0,"password":null}