{"id":"gen8ou-1504900788","p1":"Pomroz","p2":"kokoukohiro","format":"gen8ou","log":"|j|\u2606Pomroz\n|j|\u2606kokoukohiro\n|t:|1644070027\n|gametype|singles\n|player|p1|Pomroz|madame-gen4dp|1629\n|player|p2|kokoukohiro|dawn|1592\n|teamsize|p1|6\n|teamsize|p2|6\n|gen|8\n|tier|[Gen 8] OU\n|rated|\n|rule|Sleep Clause Mod: Limit one foe put to sleep\n|rule|Species Clause: Limit one of each Pok\u00e9mon\n|rule|OHKO Clause: OHKO moves are banned\n|rule|Evasion Moves Clause: Evasion moves are banned\n|rule|Endless Battle Clause: Forcing endless battles is banned\n|rule|HP Percentage Mod: HP is shown in percentages\n|rule|Dynamax Clause: You cannot dynamax\n|clearpoke\n|poke|p1|Landorus-Therian, M|\n|poke|p1|Hydreigon, F|\n|poke|p1|Tapu Lele|\n|poke|p1|Dragapult, M|\n|poke|p1|Tapu Fini|\n|poke|p1|Corviknight, F|\n|poke|p2|Shedinja|\n|poke|p2|Jirachi|\n|poke|p2|Quagsire, M|\n|poke|p2|Blissey, F|\n|poke|p2|Toxapex, M|\n|poke|p2|Corviknight, F|\n|teampreview\n|inactive|Battle timer is ON: inactive players will automatically lose when time's up. (requested by kokoukohiro)\n|\n|t:|1644070042\n|start\n|switch|p1a: Landorus|Landorus-Therian, M|100\/100\n|switch|p2a: Quagsire|Quagsire, M|100\/100\n|-ability|p1a: Landorus|Intimidate|boost\n|-unboost|p2a: Quagsire|atk|1\n|turn|1\n|j| Flying Ducheman\n|\n|t:|1644070049\n|move|p1a: Landorus|Toxic|p2a: Quagsire\n|-status|p2a: Quagsire|tox\n|move|p2a: Quagsire|Toxic|p1a: Landorus\n|-status|p1a: Landorus|tox\n|\n|-damage|p1a: Landorus|94\/100 tox|[from] psn\n|-damage|p2a: Quagsire|94\/100 tox|[from] psn\n|upkeep\n|turn|2\n|j| HOF69\n|\n|t:|1644070053\n|switch|p2a: Toxapex|Toxapex, M|100\/100\n|move|p1a: Landorus|Stealth Rock|p2a: Toxapex\n|-sidestart|p2: kokoukohiro|move: Stealth Rock\n|\n|-heal|p1a: Landorus|100\/100 tox|[from] item: Leftovers\n|-damage|p1a: Landorus|88\/100 tox|[from] psn\n|upkeep\n|turn|3\n|j| Shirkan1499\n|\n|t:|1644070056\n|move|p1a: Landorus|Earthquake|p2a: Toxapex\n|-supereffective|p2a: Toxapex\n|-damage|p2a: Toxapex|45\/100\n|move|p2a: Toxapex|Knock Off|p1a: Landorus\n|-damage|p1a: Landorus|74\/100 tox\n|-enditem|p1a: Landorus|Leftovers|[from] move: Knock Off|[of] p2a: Toxapex\n|\n|-heal|p2a: Toxapex|51\/100|[from] item: Black Sludge\n|-damage|p1a: Landorus|55\/100 tox|[from] psn\n|upkeep\n|turn|4\n|c| Shirkan1499|here we go again\n|\n|t:|1644070063\n|switch|p2a: Corviknight|Corviknight, F|100\/100\n|-damage|p2a: Corviknight|88\/100|[from] Stealth Rock\n|-ability|p2a: Corviknight|Pressure\n|move|p1a: Landorus|U-turn|p2a: Corviknight\n|-resisted|p2a: Corviknight\n|-damage|p2a: Corviknight|85\/100\n|\n|t:|1644070089\n|switch|p1a: Dragapult|Dragapult, M|100\/100|[from]move: U-turn\n|\n|upkeep\n|turn|5\n|l| Shirkan1499\n|\n|t:|1644070094\n|switch|p2a: Toxapex|Toxapex, M|85\/100\n|-damage|p2a: Toxapex|72\/100|[from] Stealth Rock\n|move|p1a: Dragapult|U-turn|p2a: Toxapex\n|-resisted|p2a: Toxapex\n|-damage|p2a: Toxapex|68\/100\n|\n|t:|1644070100\n|switch|p1a: Hydreigon|Hydreigon, F|100\/100|[from]move: U-turn\n|\n|-heal|p2a: Toxapex|74\/100|[from] item: Black Sludge\n|upkeep\n|turn|6\n|\n|t:|1644070105\n|switch|p2a: Blissey|Blissey, F|100\/100\n|move|p1a: Hydreigon|Substitute|p1a: Hydreigon\n|-start|p1a: Hydreigon|Substitute\n|-damage|p1a: Hydreigon|76\/100\n|\n|-heal|p1a: Hydreigon|82\/100|[from] item: Leftovers\n|upkeep\n|turn|7\n|\n|t:|1644070108\n|move|p1a: Hydreigon|Nasty Plot|p1a: Hydreigon\n|-boost|p1a: Hydreigon|spa|2\n|move|p2a: Blissey|Seismic Toss|p1a: Hydreigon\n|-end|p1a: Hydreigon|Substitute\n|\n|-heal|p1a: Hydreigon|88\/100|[from] item: Leftovers\n|upkeep\n|turn|8\n|\n|t:|1644070111\n|move|p1a: Hydreigon|Nasty Plot|p1a: Hydreigon\n|-boost|p1a: Hydreigon|spa|2\n|move|p2a: Blissey|Seismic Toss|p1a: Hydreigon\n|-damage|p1a: Hydreigon|57\/100\n|\n|-heal|p1a: Hydreigon|63\/100|[from] item: Leftovers\n|upkeep\n|turn|9\n|\n|t:|1644070113\n|move|p1a: Hydreigon|Substitute|p1a: Hydreigon\n|-start|p1a: Hydreigon|Substitute\n|-damage|p1a: Hydreigon|38\/100\n|move|p2a: Blissey|Toxic||[still]\n|-fail|p2a: Blissey\n|\n|-heal|p1a: Hydreigon|44\/100|[from] item: Leftovers\n|upkeep\n|turn|10\n|\n|t:|1644070119\n|move|p1a: Hydreigon|Nasty Plot|p1a: Hydreigon\n|-boost|p1a: Hydreigon|spa|2\n|move|p2a: Blissey|Seismic Toss|p1a: Hydreigon\n|-end|p1a: Hydreigon|Substitute\n|\n|-heal|p1a: Hydreigon|51\/100|[from] item: Leftovers\n|upkeep\n|turn|11\n|\n|t:|1644070125\n|move|p1a: Hydreigon|Substitute|p1a: Hydreigon\n|-start|p1a: Hydreigon|Substitute\n|-damage|p1a: Hydreigon|26\/100\n|move|p2a: Blissey|Seismic Toss|p1a: Hydreigon\n|-end|p1a: Hydreigon|Substitute\n|\n|-heal|p1a: Hydreigon|32\/100|[from] item: Leftovers\n|upkeep\n|turn|12\n|\n|t:|1644070129\n|move|p1a: Hydreigon|Dark Pulse|p2a: Blissey\n|-damage|p2a: Blissey|56\/100\n|cant|p2a: Blissey|flinch\n|\n|-heal|p1a: Hydreigon|38\/100|[from] item: Leftovers\n|upkeep\n|turn|13\n|\n|t:|1644070134\n|move|p1a: Hydreigon|Substitute|p1a: Hydreigon\n|-start|p1a: Hydreigon|Substitute\n|-damage|p1a: Hydreigon|13\/100\n|move|p2a: Blissey|Soft-Boiled|p2a: Blissey\n|-heal|p2a: Blissey|100\/100\n|\n|-heal|p1a: Hydreigon|19\/100|[from] item: Leftovers\n|upkeep\n|turn|14\n|c| HOF69|the flinch\n|\n|t:|1644070137\n|move|p1a: Hydreigon|Dark Pulse|p2a: Blissey\n|-damage|p2a: Blissey|55\/100\n|cant|p2a: Blissey|flinch\n|\n|-heal|p1a: Hydreigon|25\/100|[from] item: Leftovers\n|upkeep\n|turn|15\n|\n|t:|1644070140\n|move|p1a: Hydreigon|Dark Pulse|p2a: Blissey\n|-damage|p2a: Blissey|12\/100\n|move|p2a: Blissey|Soft-Boiled|p2a: Blissey\n|-heal|p2a: Blissey|62\/100\n|\n|-heal|p1a: Hydreigon|32\/100|[from] item: Leftovers\n|upkeep\n|turn|16\n|\n|t:|1644070145\n|move|p1a: Hydreigon|Dark Pulse|p2a: Blissey\n|-damage|p2a: Blissey|13\/100\n|move|p2a: Blissey|Soft-Boiled|p2a: Blissey\n|-heal|p2a: Blissey|63\/100\n|\n|-heal|p1a: Hydreigon|38\/100|[from] item: Leftovers\n|upkeep\n|turn|17\n|c| HOF69|holy hell\n|\n|t:|1644070150\n|move|p1a: Hydreigon|Dark Pulse|p2a: Blissey\n|-damage|p2a: Blissey|15\/100\n|move|p2a: Blissey|Soft-Boiled|p2a: Blissey\n|-heal|p2a: Blissey|65\/100\n|\n|-heal|p1a: Hydreigon|44\/100|[from] item: Leftovers\n|upkeep\n|turn|18\n|\n|t:|1644070162\n|move|p1a: Hydreigon|Dark Pulse|p2a: Blissey\n|-damage|p2a: Blissey|19\/100\n|move|p2a: Blissey|Soft-Boiled|p2a: Blissey\n|-heal|p2a: Blissey|69\/100\n|\n|-heal|p1a: Hydreigon|50\/100|[from] item: Leftovers\n|upkeep\n|turn|19\n|\n|t:|1644070166\n|move|p1a: Hydreigon|Dark Pulse|p2a: Blissey\n|-damage|p2a: Blissey|26\/100\n|cant|p2a: Blissey|flinch\n|\n|-heal|p1a: Hydreigon|56\/100|[from] item: Leftovers\n|upkeep\n|turn|20\n|c| HOF69|beat the blissey and sweep\n|-message|kokoukohiro forfeited.\n|\n|win|Pomroz\n|raw|Pomroz's rating: 1629 &rarr; <strong>1647<\/strong><br \/>(+18 for winning)\n|raw|kokoukohiro's rating: 1592 &rarr; <strong>1574<\/strong><br \/>(-18 for losing)\n|l|\u2606kokoukohiro\n|c|\u2606Pomroz|:D\n|c| HOF69|and there it is\n|c| HOF69|nicely done\n|c|\u2606Pomroz|thanks !\n|l|\u2606Pomroz\n|l| HOF69\n|l| Flying Ducheman\n","uploadtime":1644070338,"views":18,"p1id":"pomroz","p2id":"kokoukohiro","formatid":"gen8ou","rating":1574,"private":0,"password":null}