{"id":"gen8ou-1683741564","p1":"Hgfhhfghfff","p2":"mowlawner-bot","format":"gen8ou","log":"|j|\u2606Hgfhhfghfff\n|j|\u2606mowlawner-bot\n|t:|1665561873\n|gametype|singles\n|player|p1|Hgfhhfghfff|266|1450\n|player|p2|mowlawner-bot|2|1454\n|teamsize|p1|6\n|teamsize|p2|6\n|gen|8\n|tier|[Gen 8] OU\n|rated|\n|rule|Sleep Clause Mod: Limit one foe put to sleep\n|rule|Species Clause: Limit one of each Pok\u00e9mon\n|rule|OHKO Clause: OHKO moves are banned\n|rule|Evasion Items Clause: Evasion items are banned\n|rule|Evasion Moves Clause: Evasion moves are banned\n|rule|Endless Battle Clause: Forcing endless battles is banned\n|rule|HP Percentage Mod: HP is shown in percentages\n|rule|Dynamax Clause: You cannot dynamax\n|clearpoke\n|poke|p1|Rillaboom, M|\n|poke|p1|Jirachi|\n|poke|p1|Keldeo|\n|poke|p1|Diancie|\n|poke|p1|Zapdos|\n|poke|p1|Marowak-Alola, M|\n|poke|p2|Seismitoad, M|\n|poke|p2|Rotom-Heat|\n|poke|p2|Corviknight, M|\n|poke|p2|Hatterene, F|\n|poke|p2|Dragapult, F|\n|poke|p2|Hippowdon, M|\n|teampreview\n|\n|t:|1665561884\n|start\n|switch|p1a: Marowak|Marowak-Alola, M|100\/100\n|switch|p2a: rotomheat|Rotom-Heat|100\/100\n|turn|1\n|c|\u2606mowlawner-bot|Hello! I am a bot created to test my creator's coding ability. I may do some strange things during this battle. I cannot respond to your messages. Good luck and have fun!\n|inactive|Battle timer is ON: inactive players will automatically lose when time's up. (requested by mowlawner-bot)\n|\n|t:|1665561892\n|switch|p2a: Hippowdon|Hippowdon, M|100\/100\n|-weather|Sandstorm|[from] ability: Sand Stream|[of] p2a: Hippowdon\n|move|p1a: Marowak|Poltergeist|p2a: Hippowdon\n|-activate|p2a: Hippowdon|move: Poltergeist|Rocky Helmet\n|-damage|p2a: Hippowdon|55\/100\n|\n|-weather|Sandstorm|[upkeep]\n|-damage|p1a: Marowak|94\/100|[from] Sandstorm\n|upkeep\n|turn|2\n|\n|t:|1665561902\n|move|p2a: Hippowdon|Slack Off|p2a: Hippowdon\n|-heal|p2a: Hippowdon|100\/100\n|move|p1a: Marowak|Flare Blitz|p2a: Hippowdon\n|-damage|p2a: Hippowdon|50\/100\n|-damage|p1a: Marowak|78\/100|[from] item: Rocky Helmet|[of] p2a: Hippowdon\n|\n|-weather|Sandstorm|[upkeep]\n|-damage|p1a: Marowak|72\/100|[from] Sandstorm\n|upkeep\n|turn|3\n|\n|t:|1665561909\n|switch|p1a: Rillaboom|Rillaboom, M|100\/100\n|-fieldstart|move: Grassy Terrain|[from] ability: Grassy Surge|[of] p1a: Rillaboom\n|move|p2a: Hippowdon|Slack Off|p2a: Hippowdon\n|-heal|p2a: Hippowdon|99\/100\n|\n|-weather|Sandstorm|[upkeep]\n|-damage|p1a: Rillaboom|94\/100|[from] Sandstorm\n|-heal|p1a: Rillaboom|100\/100|[from] Grassy Terrain\n|-heal|p2a: Hippowdon|100\/100|[from] Grassy Terrain\n|upkeep\n|turn|4\n|\n|t:|1665561918\n|switch|p2a: Corviknight|Corviknight, M|100\/100\n|-ability|p2a: Corviknight|Pressure\n|move|p1a: Rillaboom|U-turn|p2a: Corviknight\n|-resisted|p2a: Corviknight\n|-damage|p2a: Corviknight|96\/100\n|\n|t:|1665561921\n|switch|p1a: Marowak|Marowak-Alola, M|72\/100|[from]move: U-turn\n|\n|-weather|Sandstorm|[upkeep]\n|-damage|p1a: Marowak|66\/100|[from] Sandstorm\n|-heal|p2a: Corviknight|100\/100|[from] item: Leftovers\n|-heal|p1a: Marowak|72\/100|[from] Grassy Terrain\n|upkeep\n|turn|5\n|\n|t:|1665561924\n|move|p2a: Corviknight|Iron Head|p1a: Marowak\n|-resisted|p1a: Marowak\n|-damage|p1a: Marowak|60\/100\n|cant|p1a: Marowak|flinch\n|\n|-weather|none\n|-heal|p1a: Marowak|66\/100|[from] Grassy Terrain\n|upkeep\n|turn|6\n|\n|t:|1665561931\n|move|p2a: Corviknight|U-turn|p1a: Marowak\n|-resisted|p1a: Marowak\n|-damage|p1a: Marowak|63\/100\n|\n|t:|1665561931\n|switch|p2a: Hippowdon|Hippowdon, M|100\/100|[from]move: U-turn\n|-weather|Sandstorm|[from] ability: Sand Stream|[of] p2a: Hippowdon\n|move|p1a: Marowak|Flare Blitz|p2a: Hippowdon\n|-damage|p2a: Hippowdon|50\/100\n|-damage|p1a: Marowak|47\/100|[from] item: Rocky Helmet|[of] p2a: Hippowdon\n|\n|-weather|Sandstorm|[upkeep]\n|-damage|p1a: Marowak|40\/100|[from] Sandstorm\n|-heal|p2a: Hippowdon|56\/100|[from] Grassy Terrain\n|-heal|p1a: Marowak|47\/100|[from] Grassy Terrain\n|upkeep\n|turn|7\n|\n|t:|1665561936\n|move|p2a: Hippowdon|Stealth Rock|p1a: Marowak\n|-sidestart|p1: Hgfhhfghfff|move: Stealth Rock\n|move|p1a: Marowak|Flare Blitz|p2a: Hippowdon\n|-damage|p2a: Hippowdon|2\/100\n|-damage|p1a: Marowak|30\/100|[from] item: Rocky Helmet|[of] p2a: Hippowdon\n|\n|-weather|Sandstorm|[upkeep]\n|-damage|p1a: Marowak|24\/100|[from] Sandstorm\n|-heal|p2a: Hippowdon|8\/100|[from] Grassy Terrain\n|-heal|p1a: Marowak|30\/100|[from] Grassy Terrain\n|-fieldend|move: Grassy Terrain\n|upkeep\n|turn|8\n|-message|Hgfhhfghfff forfeited.\n|\n|win|mowlawner-bot\n|raw|Hgfhhfghfff's rating: 1450 &rarr; <strong>1430<\/strong><br \/>(-20 for losing)\n|raw|mowlawner-bot's rating: 1454 &rarr; <strong>1474<\/strong><br \/>(+20 for winning)\n|c|\u2606mowlawner-bot|Thanks for playing against me!\n|l|\u2606Hgfhhfghfff\n","uploadtime":1665561947,"views":7,"p1id":"hgfhhfghfff","p2id":"mowlawnerbot","formatid":"gen8ou","rating":1430,"private":0,"password":null}