{"id":"gen8ou-1683674987","p1":"EVERYOPPSHOT","p2":"minimax_ai","format":"gen8ou","log":"|j|\u2606EVERYOPPSHOT\n|j|\u2606minimax_ai\n|t:|1665550521\n|gametype|singles\n|player|p1|EVERYOPPSHOT|266|1677\n|player|p2|minimax_ai|lusamine-nihilego|1716\n|teamsize|p1|6\n|teamsize|p2|6\n|gen|8\n|tier|[Gen 8] OU\n|rated|\n|rule|Sleep Clause Mod: Limit one foe put to sleep\n|rule|Species Clause: Limit one of each Pok\u00e9mon\n|rule|OHKO Clause: OHKO moves are banned\n|rule|Evasion Items Clause: Evasion items are banned\n|rule|Evasion Moves Clause: Evasion moves are banned\n|rule|Endless Battle Clause: Forcing endless battles is banned\n|rule|HP Percentage Mod: HP is shown in percentages\n|rule|Dynamax Clause: You cannot dynamax\n|clearpoke\n|poke|p1|Celesteela|\n|poke|p1|Tapu Lele|\n|poke|p1|Kommo-o, M|\n|poke|p1|Urshifu-*, M|\n|poke|p1|Excadrill, M|\n|poke|p1|Tornadus-Therian, M|\n|poke|p2|Rotom-Wash|\n|poke|p2|Weavile, M|\n|poke|p2|Landorus-Therian, M|\n|poke|p2|Heatran, M|\n|poke|p2|Tangrowth, F|\n|poke|p2|Melmetal|\n|teampreview\n|c|\u2606minimax_ai|hf\n|inactive|Battle timer is ON: inactive players will automatically lose when time's up. (requested by minimax_ai)\n|\n|t:|1665550534\n|start\n|switch|p1a: suiiiii|Excadrill, M|100\/100\n|switch|p2a: landorustherian|Landorus-Therian, M|100\/100\n|-ability|p1a: suiiiii|Mold Breaker\n|-ability|p2a: landorustherian|Intimidate|boost\n|-unboost|p1a: suiiiii|atk|1\n|turn|1\n|\n|t:|1665550538\n|switch|p1a: big bird|Tornadus-Therian, M|100\/100\n|move|p2a: landorustherian|Earthquake|p1a: big bird\n|-immune|p1a: big bird\n|\n|upkeep\n|turn|2\n|\n|t:|1665550540\n|move|p1a: big bird|Knock Off|p2a: landorustherian\n|-damage|p2a: landorustherian|82\/100\n|-enditem|p2a: landorustherian|Leftovers|[from] move: Knock Off|[of] p1a: big bird\n|move|p2a: landorustherian|U-turn|p1a: big bird\n|-resisted|p1a: big bird\n|-damage|p1a: big bird|89\/100\n|\n|t:|1665550541\n|switch|p2a: Heatran|Heatran, M|100\/100|[from]move: U-turn\n|-item|p2a: Heatran|Air Balloon\n|\n|upkeep\n|turn|3\n|\n|t:|1665550543\n|move|p1a: big bird|U-turn|p2a: Heatran\n|-resisted|p2a: Heatran\n|-damage|p2a: Heatran|97\/100\n|-enditem|p2a: Heatran|Air Balloon\n|\n|t:|1665550546\n|switch|p1a: ishowspeed|Urshifu-Rapid-Strike, M|100\/100|[from]move: U-turn\n|move|p2a: Heatran|Stealth Rock|p1a: ishowspeed\n|-sidestart|p1: EVERYOPPSHOT|move: Stealth Rock\n|\n|upkeep\n|turn|4\n|\n|t:|1665550550\n|switch|p2a: Tangrowth|Tangrowth, F|100\/100\n|move|p1a: ishowspeed|U-turn|p2a: Tangrowth\n|-supereffective|p2a: Tangrowth\n|-damage|p2a: Tangrowth|74\/100\n|-damage|p1a: ishowspeed|84\/100|[from] item: Rocky Helmet|[of] p2a: Tangrowth\n|j| fork gaming\n|\n|t:|1665550564\n|switch|p1a: big bird|Tornadus-Therian, M|100\/100|[from]move: U-turn\n|-damage|p1a: big bird|76\/100|[from] Stealth Rock\n|\n|upkeep\n|turn|5\n|\n|t:|1665550567\n|switch|p2a: Melmetal|Melmetal|100\/100\n|move|p1a: big bird|Hurricane|p2a: Melmetal\n|-resisted|p2a: Melmetal\n|-damage|p2a: Melmetal|90\/100\n|\n|upkeep\n|turn|6\n|\n|t:|1665550569\n|move|p1a: big bird|U-turn|p2a: Melmetal\n|-resisted|p2a: Melmetal\n|-damage|p2a: Melmetal|86\/100\n|\n|t:|1665550570\n|switch|p1a: suiiiii|Excadrill, M|100\/100|[from]move: U-turn\n|-damage|p1a: suiiiii|97\/100|[from] Stealth Rock\n|-ability|p1a: suiiiii|Mold Breaker\n|move|p2a: Melmetal|Double Iron Bash|p1a: suiiiii\n|-resisted|p1a: suiiiii\n|-damage|p1a: suiiiii|68\/100\n|-resisted|p1a: suiiiii\n|-crit|p1a: suiiiii\n|-damage|p1a: suiiiii|22\/100\n|-hitcount|p1a: suiiiii|2\n|\n|-heal|p1a: suiiiii|28\/100|[from] item: Leftovers\n|upkeep\n|turn|7\n|\n|t:|1665550572\n|move|p1a: suiiiii|Rapid Spin|p2a: Melmetal\n|-resisted|p2a: Melmetal\n|-damage|p2a: Melmetal|82\/100\n|-boost|p1a: suiiiii|spe|1\n|-sideend|p1: EVERYOPPSHOT|Stealth Rock|[from] move: Rapid Spin|[of] p1a: suiiiii\n|move|p2a: Melmetal|Double Iron Bash|p1a: suiiiii\n|-resisted|p1a: suiiiii\n|-damage|p1a: suiiiii|2\/100\n|-resisted|p1a: suiiiii\n|-damage|p1a: suiiiii|0 fnt\n|faint|p1a: suiiiii\n|-hitcount|p1: suiiiii|2\n|\n|upkeep\n|\n|t:|1665550575\n|switch|p1a: big body benz|Celesteela|100\/100\n|turn|8\n|\n|t:|1665550576\n|move|p1a: big body benz|Autotomize|p1a: big body benz\n|-boost|p1a: big body benz|spe|2\n|-start|p1a: big body benz|Autotomize\n|move|p2a: Melmetal|Thunder Punch|p1a: big body benz\n|-supereffective|p1a: big body benz\n|-damage|p1a: big body benz|36\/100\n|\n|upkeep\n|turn|9\n|\n|t:|1665550580\n|move|p1a: big body benz|Flamethrower|p2a: Melmetal\n|-supereffective|p2a: Melmetal\n|-damage|p2a: Melmetal|52\/100\n|move|p2a: Melmetal|Double Iron Bash|p1a: big body benz\n|-resisted|p1a: big body benz\n|-damage|p1a: big body benz|18\/100\n|-resisted|p1a: big body benz\n|-damage|p1a: big body benz|0 fnt\n|faint|p1a: big body benz\n|-hitcount|p1: big body benz|2\n|\n|upkeep\n|\n|t:|1665550586\n|switch|p1a: ishowspeed|Urshifu-Rapid-Strike, M|84\/100\n|turn|10\n|\n|t:|1665550589\n|switch|p2a: Tangrowth|Tangrowth, F|100\/100\n|move|p1a: ishowspeed|U-turn|p2a: Tangrowth\n|-supereffective|p2a: Tangrowth\n|-damage|p2a: Tangrowth|77\/100\n|-damage|p1a: ishowspeed|68\/100|[from] item: Rocky Helmet|[of] p2a: Tangrowth\n|\n|t:|1665550591\n|switch|p1a: wizerd|Tapu Lele|100\/100|[from]move: U-turn\n|-fieldstart|move: Psychic Terrain|[from] ability: Psychic Surge|[of] p1a: wizerd\n|\n|upkeep\n|turn|11\n|\n|t:|1665550595\n|switch|p2a: Melmetal|Melmetal|52\/100\n|move|p1a: wizerd|Psychic|p2a: Melmetal\n|-resisted|p2a: Melmetal\n|-damage|p2a: Melmetal|25\/100\n|\n|upkeep\n|turn|12\n|\n|t:|1665550597\n|switch|p2a: Weavile|Weavile, M|100\/100\n|-ability|p2a: Weavile|Pressure\n|move|p1a: wizerd|Psychic|p2a: Weavile\n|-immune|p2a: Weavile\n|\n|upkeep\n|turn|13\n|\n|t:|1665550602\n|switch|p1a: big bird|Tornadus-Therian, M|100\/100\n|move|p2a: Weavile|Triple Axel|p1a: big bird\n|-supereffective|p1a: big bird\n|-damage|p1a: big bird|69\/100\n|-supereffective|p1a: big bird\n|-damage|p1a: big bird|6\/100\n|-supereffective|p1a: big bird\n|-damage|p1a: big bird|0 fnt\n|faint|p1a: big bird\n|-hitcount|p1: big bird|3\n|\n|upkeep\n|\n|t:|1665550605\n|switch|p1a: ishowspeed|Urshifu-Rapid-Strike, M|68\/100\n|turn|14\n|\n|t:|1665550606\n|switch|p2a: Tangrowth|Tangrowth, F|100\/100\n|move|p1a: ishowspeed|U-turn|p2a: Tangrowth\n|-supereffective|p2a: Tangrowth\n|-damage|p2a: Tangrowth|73\/100\n|-damage|p1a: ishowspeed|51\/100|[from] item: Rocky Helmet|[of] p2a: Tangrowth\n|\n|t:|1665550608\n|switch|p1a: wizerd|Tapu Lele|100\/100|[from]move: U-turn\n|\n|-fieldend|move: Psychic Terrain\n|upkeep\n|turn|15\n|\n|t:|1665550610\n|switch|p2a: Melmetal|Melmetal|25\/100\n|move|p1a: wizerd|Psychic|p2a: Melmetal\n|-resisted|p2a: Melmetal\n|-damage|p2a: Melmetal|4\/100\n|\n|upkeep\n|turn|16\n|\n|t:|1665550613\n|switch|p1a: ishowspeed|Urshifu-Rapid-Strike, M|51\/100\n|switch|p2a: Weavile|Weavile, M|100\/100\n|-ability|p2a: Weavile|Pressure\n|\n|upkeep\n|turn|17\n|\n|t:|1665550615\n|switch|p2a: Tangrowth|Tangrowth, F|100\/100\n|move|p1a: ishowspeed|U-turn|p2a: Tangrowth\n|-supereffective|p2a: Tangrowth\n|-damage|p2a: Tangrowth|75\/100\n|-damage|p1a: ishowspeed|35\/100|[from] item: Rocky Helmet|[of] p2a: Tangrowth\n|-message|EVERYOPPSHOT forfeited.\n|\n|win|minimax_ai\n|raw|EVERYOPPSHOT's rating: 1677 &rarr; <strong>1659<\/strong><br \/>(-18 for losing)\n|raw|minimax_ai's rating: 1716 &rarr; <strong>1734<\/strong><br \/>(+18 for winning)\n|c|\u2606minimax_ai|gg\n|l|\u2606EVERYOPPSHOT\n","uploadtime":1665550620,"views":12,"p1id":"everyoppshot","p2id":"minimaxai","formatid":"gen8ou","rating":1659,"private":0,"password":null}