{"id":"gen8ru-1395169678","p1":"xasahbae","p2":"ThePlooo","format":"gen8ru","log":"|j|\u2606xasahbae\n|j|\u2606ThePlooo\n|inactive|Battle timer is ON: inactive players will automatically lose when time's up.\n|t:|1628777255\n|gametype|singles\n|player|p1|xasahbae|lass-gen4dp|\n|player|p2|ThePlooo|janitor|\n|teamsize|p1|6\n|teamsize|p2|6\n|gen|8\n|tier|[Gen 8] RU\n|rated|Tournament battle\n|rule|Sleep Clause Mod: Limit one foe put to sleep\n|rule|Species Clause: Limit one of each Pok\u00e9mon\n|rule|OHKO Clause: OHKO moves are banned\n|rule|Evasion Moves Clause: Evasion moves are banned\n|rule|Endless Battle Clause: Forcing endless battles is banned\n|rule|HP Percentage Mod: HP is shown in percentages\n|rule|Dynamax Clause: You cannot dynamax\n|clearpoke\n|poke|p1|Stakataka|\n|poke|p1|Vaporeon, F|\n|poke|p1|Necrozma|\n|poke|p1|Weezing-Galar, M|\n|poke|p1|Flygon, M|\n|poke|p1|Celebi|\n|poke|p2|Mimikyu, F|\n|poke|p2|Ribombee, M|\n|poke|p2|Regidrago|\n|poke|p2|Toxtricity, M|\n|poke|p2|Flygon, M|\n|poke|p2|Cloyster, M|\n|teampreview\n|j|*Lady Monita\n|inactive|ThePlooo also wants the timer to be on.\n|c|\u2606ThePlooo|glhf\n|j| Sgubaldo 3.0\n|c|\u2606xasahbae|u2\n|\n|t:|1628777283\n|start\n|switch|p1a: Stakataka|Stakataka|100\/100\n|switch|p2a: sam|Ribombee, M|100\/100\n|turn|1\n|\n|t:|1628777288\n|move|p2a: sam|Sticky Web|p1a: Stakataka\n|-sidestart|p1: xasahbae|move: Sticky Web\n|move|p1a: Stakataka|Stealth Rock|p2a: sam\n|-sidestart|p2: ThePlooo|move: Stealth Rock\n|\n|upkeep\n|turn|2\n|j| Team ashrgg\n|\n|t:|1628777306\n|move|p2a: sam|Stun Spore|p1a: Stakataka\n|-status|p1a: Stakataka|par\n|cant|p1a: Stakataka|par\n|\n|upkeep\n|turn|3\n|l| Team ashrgg\n|\n|t:|1628777311\n|switch|p2a: timi|Flygon, M|100\/100\n|-damage|p2a: timi|95\/100|[from] Stealth Rock\n|move|p1a: Stakataka|Gyro Ball|p2a: timi\n|-damage|p2a: timi|0 fnt\n|faint|p2a: timi\n|-ability|p1a: Stakataka|Beast Boost|boost\n|-boost|p1a: Stakataka|def|1\n|\n|upkeep\n|inactive|ThePlooo has 120 seconds left.\n|c|\u2606ThePlooo|missclick..\n|c|\u2606xasahbae|:7\n|c|\u2606ThePlooo|well it's ok\n|\n|t:|1628777345\n|switch|p2a: martial|Cloyster, M|100\/100\n|-damage|p2a: martial|76\/100|[from] Stealth Rock\n|turn|4\n|inactive|ThePlooo has 120 seconds left.\n|\n|t:|1628777350\n|move|p2a: martial|Hydro Pump|p1a: Stakataka\n|-supereffective|p1a: Stakataka\n|-damage|p1a: Stakataka|52\/100 par\n|cant|p1a: Stakataka|par\n|\n|-heal|p1a: Stakataka|58\/100 par|[from] item: Leftovers\n|upkeep\n|turn|5\n|j| Mystic_Jamdam\n|\n|t:|1628777355\n|move|p2a: martial|Shell Smash|p2a: martial\n|-unboost|p2a: martial|def|1\n|-unboost|p2a: martial|spd|1\n|-boost|p2a: martial|atk|2\n|-boost|p2a: martial|spa|2\n|-boost|p2a: martial|spe|2\n|-enditem|p2a: martial|White Herb\n|-clearnegativeboost|p2a: martial|[silent]\n|cant|p1a: Stakataka|par\n|\n|-heal|p1a: Stakataka|64\/100 par|[from] item: Leftovers\n|upkeep\n|turn|6\n|c|\u2606ThePlooo|welp..sorry\n|\n|t:|1628777365\n|move|p2a: martial|Hydro Pump|p1a: Stakataka\n|-supereffective|p1a: Stakataka\n|-damage|p1a: Stakataka|0 fnt\n|faint|p1a: Stakataka\n|\n|upkeep\n|c|\u2606ThePlooo|haxx is hard..\n|inactive|xasahbae has 120 seconds left.\n|\n|t:|1628777396\n|switch|p1a: Weezing|Weezing-Galar, M|100\/100\n|-ability|p1a: Weezing|Neutralizing Gas\n|-activate|p1a: Weezing|move: Sticky Web\n|-unboost|p1a: Weezing|spe|1\n|turn|7\n|\n|t:|1628777403\n|move|p2a: martial|Icicle Spear|p1a: Weezing\n|-damage|p1a: Weezing|88\/100\n|-damage|p1a: Weezing|73\/100\n|-hitcount|p1a: Weezing|2\n|move|p1a: Weezing|Will-O-Wisp|p2a: martial\n|-status|p2a: martial|brn\n|\n|-damage|p2a: martial|69\/100 brn|[from] brn\n|upkeep\n|turn|8\n|\n|t:|1628777409\n|move|p2a: martial|Hydro Pump|p1a: Weezing|[miss]\n|-miss|p2a: martial|p1a: Weezing\n|move|p1a: Weezing|Strange Steam|p2a: martial\n|-damage|p2a: martial|0 fnt\n|faint|p2a: martial\n|\n|upkeep\n|\n|t:|1628777418\n|switch|p2a: theodore|Toxtricity, M|100\/100\n|-damage|p2a: theodore|88\/100|[from] Stealth Rock\n|turn|9\n|\n|t:|1628777439\n|-end|p1a: Weezing|ability: Neutralizing Gas\n|switch|p1a: Vaporeon|Vaporeon, F|100\/100\n|-activate|p1a: Vaporeon|move: Sticky Web\n|-unboost|p1a: Vaporeon|spe|1\n|move|p2a: theodore|Boomburst|p1a: Vaporeon\n|-damage|p1a: Vaporeon|31\/100\n|\n|-heal|p1a: Vaporeon|37\/100|[from] item: Leftovers\n|upkeep\n|turn|10\n|\n|t:|1628777446\n|move|p2a: theodore|Boomburst|p1a: Vaporeon\n|-damage|p1a: Vaporeon|0 fnt\n|faint|p1a: Vaporeon\n|\n|upkeep\n|\n|t:|1628777453\n|switch|p1a: Celebi|Celebi|100\/100\n|turn|11\n|\n|t:|1628777457\n|switch|p2a: sam|Ribombee, M|100\/100\n|-damage|p2a: sam|76\/100|[from] Stealth Rock\n|move|p1a: Celebi|Earth Power|p2a: sam\n|-resisted|p2a: sam\n|-damage|p2a: sam|58\/100\n|\n|upkeep\n|turn|12\n|\n|t:|1628777470\n|switch|p1a: Necrozma|Necrozma|100\/100\n|-activate|p1a: Necrozma|move: Sticky Web\n|-unboost|p1a: Necrozma|spe|1\n|move|p2a: sam|Moonblast|p1a: Necrozma\n|-damage|p1a: Necrozma|61\/100\n|-unboost|p1a: Necrozma|spa|1\n|\n|upkeep\n|turn|13\n|\n|t:|1628777474\n|move|p2a: sam|Stun Spore|p1a: Necrozma\n|-status|p1a: Necrozma|par\n|move|p1a: Necrozma|Moonlight|p1a: Necrozma\n|-heal|p1a: Necrozma|100\/100 par\n|\n|upkeep\n|turn|14\n|\n|t:|1628777479\n|move|p2a: sam|Moonblast|p1a: Necrozma\n|-damage|p1a: Necrozma|61\/100 par\n|move|p1a: Necrozma|Photon Geyser|p2a: sam\n|-damage|p2a: sam|0 fnt\n|faint|p2a: sam\n|\n|upkeep\n|\n|t:|1628777487\n|switch|p2a: bebou|Mimikyu, F|100\/100\n|-damage|p2a: bebou|88\/100|[from] Stealth Rock\n|turn|15\n|\n|t:|1628777491\n|move|p2a: bebou|Swords Dance|p2a: bebou\n|-boost|p2a: bebou|atk|2\n|move|p1a: Necrozma|Photon Geyser|p2a: bebou\n|-damage|p2a: bebou|40\/100\n|\n|upkeep\n|turn|16\n|\n|t:|1628777497\n|move|p2a: bebou|Shadow Claw|p1a: Necrozma\n|-supereffective|p1a: Necrozma\n|-crit|p1a: Necrozma\n|-damage|p1a: Necrozma|0 fnt\n|faint|p1a: Necrozma\n|-damage|p2a: bebou|30\/100|[from] item: Life Orb\n|\n|upkeep\n|\n|t:|1628777499\n|switch|p1a: Weezing|Weezing-Galar, M|73\/100\n|-ability|p1a: Weezing|Neutralizing Gas\n|-activate|p1a: Weezing|move: Sticky Web\n|-unboost|p1a: Weezing|spe|1\n|turn|17\n|\n|t:|1628777505\n|move|p2a: bebou|Shadow Claw|p1a: Weezing\n|-damage|p1a: Weezing|17\/100\n|-damage|p2a: bebou|14\/100|[from] item: Rocky Helmet|[of] p1a: Weezing\n|-damage|p2a: bebou|4\/100|[from] item: Life Orb\n|move|p1a: Weezing|Will-O-Wisp|p2a: bebou\n|-status|p2a: bebou|brn\n|\n|-damage|p2a: bebou|0 fnt|[from] brn\n|faint|p2a: bebou\n|upkeep\n|\n|t:|1628777519\n|switch|p2a: theodore|Toxtricity, M|88\/100\n|-damage|p2a: theodore|76\/100|[from] Stealth Rock\n|turn|18\n|\n|t:|1628777522\n|move|p2a: theodore|Boomburst|p1a: Weezing\n|-damage|p1a: Weezing|0 fnt\n|faint|p1a: Weezing\n|-end|p1a: Weezing|ability: Neutralizing Gas\n|\n|upkeep\n|\n|t:|1628777524\n|switch|p1a: Flygon|Flygon, M|100\/100\n|turn|19\n|\n|t:|1628777529\n|move|p1a: Flygon|Earthquake|p2a: theodore\n|-supereffective|p2a: theodore\n|-damage|p2a: theodore|0 fnt\n|faint|p2a: theodore\n|\n|upkeep\n|\n|t:|1628777532\n|switch|p2a: Regidrago|Regidrago|100\/100\n|-damage|p2a: Regidrago|88\/100|[from] Stealth Rock\n|turn|20\n|\n|t:|1628777542\n|move|p1a: Flygon|Earthquake|p2a: Regidrago\n|-damage|p2a: Regidrago|17\/100\n|move|p2a: Regidrago|Dragon Energy|p1a: Flygon\n|-supereffective|p1a: Flygon\n|-damage|p1a: Flygon|39\/100\n|\n|upkeep\n|turn|21\n|c|\u2606xasahbae|gg\n|c|\u2606ThePlooo|gg\n|\n|t:|1628777553\n|move|p1a: Flygon|Earthquake|p2a: Regidrago\n|-damage|p2a: Regidrago|0 fnt\n|faint|p2a: Regidrago\n|\n|win|xasahbae\n|n|\u2606xasahbae|xasahbae\n|n|\u2606ThePlooo|theplooo\n|n|*Lady Monita|ladymonita\n|n| Sgubaldo 3.0|sgubaldo30\n|n| Mystic_Jamdam|mysticjamdam\n|l|*Lady Monita\n|l| Sgubaldo 3.0\n","uploadtime":1628777558,"views":9,"p1id":"xasahbae","p2id":"theplooo","formatid":"gen8ru","rating":0,"private":0,"password":null}