{"id":"gen8freeforallrandombattle-1319152011","p1":"Pokefreak77","p2":"radm94","format":"gen8freeforallrandombattle","log":"|j|\u2606Pokefreak77\n|j|\u2606radm94\n|j|\u2606Batmaster212\n|j|\u2606tutelarpinappl\n|t:|1618100817\n|gametype|freeforall\n|player|p1|Pokefreak77|223|\n|player|p2|radm94|waiter-gen4dp|\n|player|p3|Batmaster212|ghetsis|\n|player|p4|tutelarpinappl|265|\n|teamsize|p1|6\n|teamsize|p2|6\n|teamsize|p3|6\n|teamsize|p4|6\n|gen|8\n|tier|[Gen 8] Free-For-All Random Battle\n|rule|Species Clause: Limit one of each Pok\u00e9mon\n|rule|HP Percentage Mod: HP is shown in percentages\n|rule|Sleep Clause Mod: Limit one foe put to sleep\n|\n|t:|1618100817\n|start\n|switch|p1a: Porygon-Z|Porygon-Z, L84|280\/280\n|switch|p2a: Wailord|Wailord, L88, M|442\/442\n|switch|p3b: Barbaracle|Barbaracle, L84, F|258\/258\n|switch|p4b: Weezing|Weezing-Galar, L88, M|258\/258\n|turn|1\n|c|\u2606tutelarpinappl|if you real you save that wailord to dynamax it\n|inactive|Battle timer is ON: inactive players will automatically lose when time's up. (requested by Pokefreak77)\n|\n|t:|1618100855\n|move|p1a: Porygon-Z|Trick|p4b: Weezing\n|-activate|p1a: Porygon-Z|move: Trick|[of] p4b: Weezing\n|-item|p4b: Weezing|Choice Scarf|[from] move: Trick\n|-item|p1a: Porygon-Z|Sitrus Berry|[from] move: Trick\n|move|p4b: Weezing|Fire Blast|p1a: Porygon-Z\n|-damage|p1a: Porygon-Z|191\/280\n|move|p2a: Wailord|Hydro Pump|p4b: Weezing|[miss]\n|-miss|p2a: Wailord|p4b: Weezing\n|move|p3b: Barbaracle|Shell Smash|p3b: Barbaracle\n|-unboost|p3b: Barbaracle|def|1\n|-unboost|p3b: Barbaracle|spd|1\n|-boost|p3b: Barbaracle|atk|2\n|-boost|p3b: Barbaracle|spa|2\n|-boost|p3b: Barbaracle|spe|2\n|-enditem|p3b: Barbaracle|White Herb\n|-clearnegativeboost|p3b: Barbaracle|[silent]\n|\n|upkeep\n|turn|2\n|inactive|radm94 has 120 seconds left.\n|inactive|Batmaster212 has 120 seconds left.\n|\n|t:|1618100902\n|move|p3b: Barbaracle|Liquidation|p4b: Weezing\n|-damage|p4b: Weezing|66\/258\n|move|p4b: Weezing|Fire Blast|p3b: Barbaracle\n|-resisted|p3b: Barbaracle\n|-damage|p3b: Barbaracle|240\/258\n|move|p2a: Wailord|Hydro Pump|p4b: Weezing|[miss]\n|-miss|p2a: Wailord|p4b: Weezing\n|move|p1a: Porygon-Z|Thunderbolt|p3b: Barbaracle\n|-supereffective|p3b: Barbaracle\n|-damage|p3b: Barbaracle|70\/258\n|\n|upkeep\n|turn|3\n|inactive|radm94 has 120 seconds left.\n|\n|t:|1618100920\n|switch|p4b: Starmie|Starmie, L84|238\/238\n|move|p3b: Barbaracle|Superpower|p1a: Porygon-Z\n|-supereffective|p1a: Porygon-Z\n|-damage|p1a: Porygon-Z|0 fnt\n|-unboost|p3b: Barbaracle|atk|1\n|-unboost|p3b: Barbaracle|def|1\n|faint|p1a: Porygon-Z\n|move|p2a: Wailord|Hydro Pump|p4b: Starmie\n|-resisted|p4b: Starmie\n|-damage|p4b: Starmie|178\/238\n|\n|upkeep\n|\n|t:|1618100931\n|switch|p1a: Boltund|Boltund, L86, F|259\/259\n|turn|4\n|inactive|radm94 has 120 seconds left.\n|c|\u2606Batmaster212|Oh no not dynamax wailord\n|\n|t:|1618100981\n|move|p1a: Boltund|Protect|p1a: Boltund\n|-singleturn|p1a: Boltund|Protect\n|move|p3b: Barbaracle|Liquidation|p1a: Boltund\n|-activate|p1a: Boltund|move: Protect\n|move|p4b: Starmie|Thunderbolt|p2a: Wailord\n|-supereffective|p2a: Wailord\n|-damage|p2a: Wailord|169\/442\n|-damage|p4b: Starmie|155\/238|[from] item: Life Orb\n|move|p2a: Wailord|Hydro Pump|p1a: Boltund\n|-activate|p1a: Boltund|move: Protect\n|\n|upkeep\n|turn|5\n|inactive|radm94 has 120 seconds left.\n|\n|t:|1618101000\n|switch|p1a: Latias|Latias, L80, F|259\/259\n|move|p3b: Barbaracle|Liquidation|p1a: Latias\n|-resisted|p1a: Latias\n|-damage|p1a: Latias|160\/259\n|move|p4b: Starmie|Thunderbolt|p3b: Barbaracle\n|-supereffective|p3b: Barbaracle\n|-damage|p3b: Barbaracle|0 fnt\n|-damage|p4b: Starmie|132\/238|[from] item: Life Orb\n|faint|p3b: Barbaracle\n|move|p2a: Wailord|Hydro Pump|p1a: Latias|[miss]\n|-miss|p2a: Wailord|p1a: Latias\n|\n|upkeep\n|c|\u2606tutelarpinappl|why you beating up the dog\n|c|\u2606tutelarpinappl|imma tbolt you anyway XD\n|inactive|Batmaster212 has 120 seconds left.\n|c|\u2606Pokefreak77|animal abuse\n|\n|t:|1618101025\n|switch|p3b: Heliolisk|Heliolisk, L88, F|252\/252\n|turn|6\n|\n|t:|1618101039\n|move|p3b: Heliolisk|Thunderbolt|p4b: Starmie\n|-supereffective|p4b: Starmie\n|-damage|p4b: Starmie|0 fnt\n|-damage|p3b: Heliolisk|227\/252|[from] item: Life Orb\n|faint|p4b: Starmie\n|move|p2a: Wailord|Hydro Pump|p1a: Latias\n|-resisted|p1a: Latias\n|-damage|p1a: Latias|112\/259\n|-enditem|p1a: Latias|Sitrus Berry|[eat]\n|-heal|p1a: Latias|176\/259|[from] item: Sitrus Berry\n|move|p1a: Latias|Draco Meteor|p3b: Heliolisk\n|-damage|p3b: Heliolisk|97\/252\n|-unboost|p1a: Latias|spa|2\n|\n|upkeep\n|\n|t:|1618101054\n|switch|p4b: Weezing|Weezing-Galar, L88, M|66\/258\n|turn|7\n|c|\u2606tutelarpinappl|poke dont switch i got tech\n|inactive|Batmaster212 has 120 seconds left.\n|\n|t:|1618101085\n|move|p3b: Heliolisk|Volt Switch|p1a: Latias\n|-resisted|p1a: Latias\n|-damage|p1a: Latias|129\/259\n|-damage|p3b: Heliolisk|72\/252|[from] item: Life Orb\n|inactive|Batmaster212 has 120 seconds left.\n|\n|t:|1618101098\n|switch|p3b: Braviary|Braviary, L82, M|298\/298\n|move|p4b: Weezing|Clear Smog|p1a: Latias\n|-damage|p1a: Latias|84\/259\n|-clearboost|p1a: Latias\n|move|p2a: Wailord|Hydro Pump|p4b: Weezing\n|-damage|p4b: Weezing|0 fnt\n|faint|p4b: Weezing\n|move|p1a: Latias|Draco Meteor|p3b: Braviary\n|-damage|p3b: Braviary|141\/298\n|-unboost|p1a: Latias|spa|2\n|-enditem|p3b: Braviary|Sitrus Berry|[eat]\n|-heal|p3b: Braviary|215\/298|[from] item: Sitrus Berry\n|\n|upkeep\n|c|\u2606Pokefreak77|nicd\n|c|\u2606Pokefreak77|ty\n|\n|t:|1618101117\n|switch|p4b: Bouffalant|Bouffalant, L86, F|304\/304\n|turn|8\n|c|\u2606Batmaster212|Brib \ud83e\udd85\n|\n|t:|1618101129\n|switch|p1a: Boltund|Boltund, L86, F|259\/259\n|move|p2a: Wailord|Hydro Pump|p3b: Braviary\n|-damage|p3b: Braviary|76\/298\n|move|p3b: Braviary|Tailwind|p3b: Braviary\n|-sidestart|p3: Batmaster212|move: Tailwind\n|move|p4b: Bouffalant|Head Charge|p2a: Wailord\n|-damage|p2a: Wailord|0 fnt\n|-damage|p4b: Bouffalant|262\/304|[from] Recoil\n|faint|p2a: Wailord\n|\n|upkeep\n|\n|t:|1618101144\n|switch|p2a: Lucario|Lucario, L84, M|255\/255\n|turn|9\n|c|\u2606tutelarpinappl|was that wailord choiced?\n|c|\u2606radm94|yeah\n|c|\u2606Batmaster212|Lmao\n|c|\u2606tutelarpinappl|neat\n|\n|t:|1618101170\n|move|p2a: Lucario|Protect|p2a: Lucario\n|-singleturn|p2a: Lucario|Protect\n|move|p3b: Braviary|Roost|p3b: Braviary\n|-heal|p3b: Braviary|225\/298\n|-singleturn|p3b: Braviary|move: Roost\n|move|p1a: Boltund|Thunder Fang|p3b: Braviary\n|-damage|p3b: Braviary|102\/298\n|-status|p3b: Braviary|par\n|move|p4b: Bouffalant|Close Combat|p2a: Lucario\n|-activate|p2a: Lucario|move: Protect\n|\n|upkeep\n|turn|10\n|\n|t:|1618101189\n|move|p4b: Bouffalant|Protect|p4b: Bouffalant\n|-singleturn|p4b: Bouffalant|Protect\n|move|p1a: Boltund|Fire Fang|p2a: Lucario\n|-supereffective|p2a: Lucario\n|-damage|p2a: Lucario|107\/255\n|-enditem|p2a: Lucario|Sitrus Berry|[eat]\n|-heal|p2a: Lucario|170\/255|[from] item: Sitrus Berry\n|move|p2a: Lucario|Close Combat|p4b: Bouffalant\n|-activate|p4b: Bouffalant|move: Protect\n|move|p3b: Braviary|Roost|p3b: Braviary\n|-heal|p3b: Braviary|251\/298 par\n|-singleturn|p3b: Braviary|move: Roost\n|\n|upkeep\n|turn|11\n|\n|t:|1618101219\n|move|p1a: Boltund|Thunder Fang|p3b: Braviary\n|-supereffective|p3b: Braviary\n|-damage|p3b: Braviary|35\/298 par\n|move|p2a: Lucario|Close Combat|p4b: Bouffalant\n|-supereffective|p4b: Bouffalant\n|-damage|p4b: Bouffalant|0 fnt\n|-unboost|p2a: Lucario|def|1\n|-unboost|p2a: Lucario|spd|1\n|faint|p4b: Bouffalant\n|move|p3b: Braviary|Brave Bird|p2a: Lucario\n|-damage|p2a: Lucario|0 fnt\n|-damage|p3b: Braviary|0 fnt|[from] Recoil\n|faint|p2a: Lucario\n|faint|p3b: Braviary\n|\n|-sideend|p3: Batmaster212|move: Tailwind\n|upkeep\n|inactive|radm94 has 120 seconds left.\n|inactive|Batmaster212 has 120 seconds left.\n|\n|t:|1618101242\n|switch|p2a: Snorlax|Snorlax, L84, M|406\/406\n|switch|p3b: Heliolisk|Heliolisk, L88, F|72\/252\n|switch|p4b: Alcremie|Alcremie, L84, F|246\/246\n|turn|12\n|inactive|tutelarpinappl has 120 seconds left.\n|\n|t:|1618101275\n|move|p1a: Boltund|Protect|p1a: Boltund\n|-singleturn|p1a: Boltund|Protect\n|move|p3b: Heliolisk|Hyper Voice|p4b: Alcremie|[spread] p2a,p4b\n|-activate|p1a: Boltund|move: Protect\n|-crit|p2a: Snorlax\n|-damage|p2a: Snorlax|305\/406\n|-damage|p4b: Alcremie|184\/246\n|-damage|p3b: Heliolisk|47\/252|[from] item: Life Orb\n|move|p4b: Alcremie|Mystical Fire|p1a: Boltund\n|-activate|p1a: Boltund|move: Protect\n|move|p2a: Snorlax|High Horsepower|p1a: Boltund\n|-activate|p1a: Boltund|move: Protect\n|\n|upkeep\n|turn|13\n|\n|t:|1618101298\n|switch|p1a: Latias|Latias, L80, F|84\/259\n|move|p3b: Heliolisk|Hyper Voice|p4b: Alcremie|[spread] p1a,p2a,p4b\n|-damage|p1a: Latias|26\/259\n|-damage|p2a: Snorlax|245\/406\n|-damage|p4b: Alcremie|128\/246\n|-damage|p3b: Heliolisk|22\/252|[from] item: Life Orb\n|move|p4b: Alcremie|Mystical Fire|p1a: Latias\n|-resisted|p1a: Latias\n|-damage|p1a: Latias|2\/259\n|-unboost|p1a: Latias|spa|1\n|move|p2a: Snorlax|Body Slam|p1a: Latias\n|-damage|p1a: Latias|0 fnt\n|faint|p1a: Latias\n|\n|upkeep\n|inactive|Pokefreak77 has 120 seconds left.\n|\n|t:|1618101318\n|switch|p1a: Boltund|Boltund, L86, F|259\/259\n|turn|14\n|\n|t:|1618101326\n|move|p1a: Boltund|Thunder Fang|p2a: Snorlax\n|-damage|p2a: Snorlax|107\/406\n|-enditem|p2a: Snorlax|Iapapa Berry|[eat]\n|-heal|p2a: Snorlax|240\/406|[from] item: Iapapa Berry\n|move|p3b: Heliolisk|Volt Switch|p2a: Snorlax\n|-crit|p2a: Snorlax\n|-damage|p2a: Snorlax|104\/406\n|-damage|p3b: Heliolisk|0 fnt|[from] item: Life Orb\n|faint|p3b: Heliolisk\n|move|p4b: Alcremie|Decorate|p2a: Snorlax\n|-boost|p2a: Snorlax|atk|2\n|-boost|p2a: Snorlax|spa|2\n|move|p2a: Snorlax|Curse|p2a: Snorlax\n|-unboost|p2a: Snorlax|spe|1\n|-boost|p2a: Snorlax|atk|1\n|-boost|p2a: Snorlax|def|1\n|\n|upkeep\n|c|\u2606radm94|lol\n|c|\u2606tutelarpinappl|we out here making targets\n|c|\u2606radm94|if only i knew\n|\n|t:|1618101355\n|switch|p3b: Spectrier|Spectrier, L78|284\/284\n|turn|15\n|\n|t:|1618101361\n|move|p4b: Alcremie|Protect|p4b: Alcremie\n|-singleturn|p4b: Alcremie|Protect\n|move|p1a: Boltund|Snarl|p3b: Spectrier|[spread] p2a,p3b\n|-activate|p4b: Alcremie|move: Protect\n|-supereffective|p3b: Spectrier\n|-crit|p3b: Spectrier\n|-damage|p2a: Snorlax|87\/406\n|-damage|p3b: Spectrier|216\/284\n|-unboost|p2a: Snorlax|spa|1\n|-unboost|p3b: Spectrier|spa|1\n|move|p3b: Spectrier|Nasty Plot|p3b: Spectrier\n|-boost|p3b: Spectrier|spa|2\n|move|p2a: Snorlax|Recycle|p2a: Snorlax\n|-item|p2a: Snorlax|Iapapa Berry|[from] move: Recycle\n|-enditem|p2a: Snorlax|Iapapa Berry|[eat]\n|-heal|p2a: Snorlax|220\/406|[from] item: Iapapa Berry\n|\n|upkeep\n|turn|16\n|inactive|Batmaster212 has 120 seconds left.\n|\n|t:|1618101405\n|move|p1a: Boltund|Thunder Fang|p2a: Snorlax\n|-damage|p2a: Snorlax|138\/406\n|move|p3b: Spectrier|Dark Pulse|p1a: Boltund\n|-damage|p1a: Boltund|125\/259\n|-enditem|p1a: Boltund|Sitrus Berry|[eat]\n|-heal|p1a: Boltund|189\/259|[from] item: Sitrus Berry\n|move|p4b: Alcremie|Mystical Fire|p3b: Spectrier\n|-damage|p3b: Spectrier|152\/284\n|-unboost|p3b: Spectrier|spa|1\n|move|p2a: Snorlax|Body Slam|p1a: Boltund\n|-damage|p1a: Boltund|0 fnt\n|faint|p1a: Boltund\n|\n|upkeep\n|c|\u2606Batmaster212|Can everyone dynamax this turn pls\n|c|\u2606Pokefreak77|bat master\n|c|\u2606Pokefreak77|wtf\n|c|\u2606Pokefreak77|are you doing\n|inactive|Pokefreak77 has 120 seconds left.\n|c|\u2606tutelarpinappl|sure\n|\n|t:|1618101432\n|switch|p1a: Barraskewda|Barraskewda, L84, F|240\/240\n|turn|17\n|c|\u2606Batmaster212|I\u2019m a special attacker\n|inactive|Pokefreak77 has 120 seconds left.\n|\n|t:|1618101459\n|-start|p4b: Alcremie|Dynamax\n|-formechange|p4b: Alcremie|Alcremie-Gmax\n|-heal|p4b: Alcremie|256\/492|[silent]\n|-start|p2a: Snorlax|Dynamax\n|-formechange|p2a: Snorlax|Snorlax-Gmax\n|-heal|p2a: Snorlax|276\/812|[silent]\n|move|p1a: Barraskewda|Crunch|p3b: Spectrier\n|-supereffective|p3b: Spectrier\n|-damage|p3b: Spectrier|0 fnt\n|-damage|p1a: Barraskewda|216\/240|[from] item: Life Orb\n|faint|p3b: Spectrier\n|move|p4b: Alcremie|Max Flare|p1a: Barraskewda\n|-resisted|p1a: Barraskewda\n|-damage|p1a: Barraskewda|136\/240\n|-weather|SunnyDay\n|move|p2a: Snorlax|G-Max Replenish|p1a: Barraskewda\n|-damage|p1a: Barraskewda|0 fnt\n|faint|p1a: Barraskewda\n|\n|-weather|SunnyDay|[upkeep]\n|upkeep\n|c|\u2606Batmaster212|IM ALMOST USELESS AGAINST SNORLAX\n|inactive|Batmaster212 has 120 seconds left.\n|\n|t:|1618101485\n|switch|p1a: Mesprit|Mesprit, L86|278\/278\n|switch|p3b: Slowbro|Slowbro, L84, M|297\/297\n|turn|18\n|c|\u2606tutelarpinappl|ALMOST\n|c|\u2606radm94|well i thought we were dynamaxing\n|inactive|Pokefreak77 has 120 seconds left.\n|c|\u2606Pokefreak77|we both need to attack it\n|\n|t:|1618101504\n|-start|p3b: Slowbro|Dynamax\n|-heal|p3b: Slowbro|594\/594|[silent]\n|move|p1a: Mesprit|Psychic|p2a: Snorlax\n|-damage|p2a: Snorlax|185\/812\n|move|p4b: Alcremie|G-Max Finale|p3b: Slowbro\n|-damage|p3b: Slowbro|446\/594\n|-heal|p4b: Alcremie|338\/492\n|move|p2a: Snorlax|G-Max Replenish|p4b: Alcremie\n|-damage|p4b: Alcremie|0 fnt\n|faint|p4b: Alcremie\n|move|p3b: Slowbro|Max Geyser|p2a: Snorlax\n|-damage|p2a: Snorlax|128\/812\n|-weather|RainDance\n|\n|-weather|RainDance|[upkeep]\n|upkeep\n|\n|t:|1618101520\n|switch|p4b: Scizor|Scizor, L80, F|243\/243\n|turn|19\n|c|\u2606tutelarpinappl|i have feint\n|\n|t:|1618101538\n|move|p4b: Scizor|Feint|p2a: Snorlax\n|-damage|p2a: Snorlax|99\/812\n|move|p1a: Mesprit|Thunderbolt|p4b: Scizor\n|-damage|p4b: Scizor|165\/243\n|move|p2a: Snorlax|G-Max Replenish|p1a: Mesprit\n|-crit|p1a: Mesprit\n|-damage|p1a: Mesprit|0 fnt\n|-item|p2a: Snorlax|Iapapa Berry|[from] move: G-Max Replenish\n|-enditem|p2a: Snorlax|Iapapa Berry|[eat]\n|-heal|p2a: Snorlax|232\/812|[from] item: Iapapa Berry\n|faint|p1a: Mesprit\n|move|p3b: Slowbro|Max Geyser|p2a: Snorlax\n|-damage|p2a: Snorlax|54\/812\n|\n|-weather|RainDance|[upkeep]\n|-end|p2a: Snorlax|Dynamax\n|-formechange|p2a: Snorlax|Snorlax\n|-heal|p2a: Snorlax|27\/406|[silent]\n|upkeep\n|inactive|Pokefreak77 has 120 seconds left.\n|\n|t:|1618101555\n|switch|p1a: Zacian|Zacian, L72|251\/251\n|-ability|p1a: Zacian|Intrepid Sword|boost\n|-boost|p1a: Zacian|atk|1\n|turn|20\n|c|\u2606tutelarpinappl|oh no\n|c|\u2606Pokefreak77|zacian is shit\n|c|\u2606Batmaster212|Bow for Lord Slowbro\n|c|\u2606Pokefreak77|its not even crowned\n|inactive|Batmaster212 has 120 seconds left.\n|inactive|Pokefreak77 has 120 seconds left.\n|c|\u2606tutelarpinappl|zacian went rogue\n|c|\u2606Pokefreak77|bat hit scizor\n|c|\u2606tutelarpinappl|wow\n|c|\u2606Pokefreak77|ill get rid of lax\n|c|\u2606Batmaster212|Yes\n|\n|t:|1618101625\n|move|p1a: Zacian|Play Rough|p2a: Snorlax\n|-damage|p2a: Snorlax|0 fnt\n|faint|p2a: Snorlax\n|move|p4b: Scizor|Bug Bite|p3b: Slowbro\n|-supereffective|p3b: Slowbro\n|-crit|p3b: Slowbro\n|-damage|p3b: Slowbro|186\/594\n|-enditem|p3b: Slowbro|Sitrus Berry|[from] stealeat|[move] Bug Bite|[of] p4b: Scizor\n|-heal|p4b: Scizor|225\/243|[from] item: Sitrus Berry\n|move|p3b: Slowbro|Max Geyser|p4b: Scizor\n|-damage|p4b: Scizor|3\/243\n|-enditem|p4b: Scizor|Sitrus Berry|[eat]\n|-heal|p4b: Scizor|63\/243|[from] item: Sitrus Berry\n|\n|-weather|RainDance|[upkeep]\n|-end|p3b: Slowbro|Dynamax\n|-heal|p3b: Slowbro|93\/297|[silent]\n|upkeep\n|inactive|radm94 has 120 seconds left.\n|\n|t:|1618101647\n|switch|p2a: Armaldo|Armaldo, L88, M|275\/275\n|turn|21\n|c|\u2606tutelarpinappl|you wanna not kill me\n|\n|t:|1618101656\n|move|p2a: Armaldo|Stone Edge|p1a: Zacian\n|-damage|p1a: Zacian|44\/251\n|-enditem|p1a: Zacian|Sitrus Berry|[eat]\n|-heal|p1a: Zacian|106\/251|[from] item: Sitrus Berry\n|move|p1a: Zacian|Crunch|p4b: Scizor\n|-damage|p4b: Scizor|0 fnt\n|faint|p4b: Scizor\n|move|p3b: Slowbro|Slack Off|p3b: Slowbro\n|-heal|p3b: Slowbro|242\/297\n|\n|-weather|RainDance|[upkeep]\n|upkeep\n|\n|t:|1618101667\n|switch|p4b: Dusclops|Dusclops, L84, F|204\/204\n|-item|p2a: Armaldo|Choice Band|[from] ability: Frisk|[of] p4b: Dusclops|[identify]\n|turn|22\n|c|\u2606tutelarpinappl|this dusclops is garb\n|\n|t:|1618101693\n|move|p1a: Zacian|Protect|p1a: Zacian\n|-singleturn|p1a: Zacian|Protect\n|move|p2a: Armaldo|Stone Edge|p1a: Zacian\n|-activate|p1a: Zacian|move: Protect\n|move|p4b: Dusclops|Night Shade|p3b: Slowbro\n|-damage|p3b: Slowbro|158\/297\n|move|p3b: Slowbro|Scald|p2a: Armaldo\n|-supereffective|p2a: Armaldo\n|-damage|p2a: Armaldo|0 fnt\n|faint|p2a: Armaldo\n|\n|-weather|none\n|upkeep\n|c|\u2606tutelarpinappl|it doesn't even have will o\n|\n|t:|1618101714\n|switch|p2a: Primarina|Primarina, L82, M|265\/265\n|turn|23\n|\n|t:|1618101730\n|move|p2a: Primarina|Protect|p2a: Primarina\n|-singleturn|p2a: Primarina|Protect\n|move|p1a: Zacian|Play Rough|p2a: Primarina\n|-activate|p2a: Primarina|move: Protect\n|move|p4b: Dusclops|Night Shade|p3b: Slowbro\n|-damage|p3b: Slowbro|74\/297\n|move|p3b: Slowbro|Ice Beam|p2a: Primarina\n|-activate|p2a: Primarina|move: Protect\n|\n|upkeep\n|turn|24\n|inactive|radm94 has 120 seconds left.\n|\n|t:|1618101788\n|move|p1a: Zacian|Play Rough|p2a: Primarina\n|-damage|p2a: Primarina|121\/265\n|move|p2a: Primarina|Dazzling Gleam|p3b: Slowbro|[spread] p1a,p3b,p4b\n|-damage|p1a: Zacian|48\/251\n|-damage|p3b: Slowbro|10\/297\n|-damage|p4b: Dusclops|175\/204\n|-damage|p2a: Primarina|95\/265|[from] item: Life Orb\n|move|p4b: Dusclops|Night Shade|p3b: Slowbro\n|-damage|p3b: Slowbro|0 fnt\n|faint|p3b: Slowbro\n|\n|upkeep\n|\n|t:|1618101801\n|switch|p3b: Jynx|Jynx, L86, F|251\/251\n|turn|25\n|\n|t:|1618101809\n|move|p4b: Dusclops|Helping Hand|p1a: Zacian\n|-singleturn|p1a: Zacian|Helping Hand|[of] p4b: Dusclops\n|move|p1a: Zacian|Protect|p1a: Zacian\n|-singleturn|p1a: Zacian|Protect\n|move|p2a: Primarina|Protect|p2a: Primarina\n|-singleturn|p2a: Primarina|Protect\n|move|p3b: Jynx|Nasty Plot|p3b: Jynx\n|-boost|p3b: Jynx|spa|2\n|\n|upkeep\n|turn|26\n|\n|t:|1618101830\n|move|p1a: Zacian|Play Rough|p2a: Primarina\n|-damage|p2a: Primarina|0 fnt\n|faint|p2a: Primarina\n|move|p3b: Jynx|Focus Blast|p2: Primarina|[notarget]\n|-fail|p3b: Jynx\n|move|p4b: Dusclops|Haze|p4b: Dusclops\n|-clearallboost\n|\n|upkeep\n|\n|t:|1618101838\n|switch|p2a: Aromatisse|Aromatisse, L86, F|314\/314\n|turn|27\n|\n|t:|1618101862\n|move|p1a: Zacian|Protect|p1a: Zacian\n|-singleturn|p1a: Zacian|Protect\n|move|p3b: Jynx|Psychic|p4b: Dusclops\n|-damage|p4b: Dusclops|97\/204\n|-damage|p3b: Jynx|226\/251|[from] item: Life Orb\n|move|p2a: Aromatisse|Moonblast|p1a: Zacian\n|-activate|p1a: Zacian|move: Protect\n|move|p4b: Dusclops|Night Shade|p3b: Jynx\n|-damage|p3b: Jynx|142\/251\n|\n|upkeep\n|turn|28\n|\n|t:|1618101889\n|move|p1a: Zacian|Play Rough|p2a: Aromatisse\n|-damage|p2a: Aromatisse|221\/314\n|move|p3b: Jynx|Psychic|p4b: Dusclops\n|-damage|p4b: Dusclops|27\/204\n|-damage|p3b: Jynx|117\/251|[from] item: Life Orb\n|move|p2a: Aromatisse|Moonblast|p1a: Zacian\n|-damage|p1a: Zacian|0 fnt\n|faint|p1a: Zacian\n|move|p4b: Dusclops|Pain Split|p2a: Aromatisse\n|-sethp|p2a: Aromatisse|124\/314|[from] move: Pain Split|[silent]\n|-sethp|p4b: Dusclops|124\/204|[from] move: Pain Split\n|-enditem|p2a: Aromatisse|Sitrus Berry|[eat]\n|-heal|p2a: Aromatisse|202\/314|[from] item: Sitrus Berry\n|\n|upkeep\n|turn|29\n|inactive|Batmaster212 has 120 seconds left.\n|\n|t:|1618101908\n|move|p4b: Dusclops|Helping Hand|p2a: Aromatisse\n|-singleturn|p2a: Aromatisse|Helping Hand|[of] p4b: Dusclops\n|move|p3b: Jynx|Nasty Plot|p3b: Jynx\n|-boost|p3b: Jynx|spa|2\n|move|p2a: Aromatisse|Moonblast|p4b: Dusclops\n|-damage|p4b: Dusclops|48\/204\n|\n|upkeep\n|turn|30\n|c|\u2606tutelarpinappl|f\n|c|\u2606Pokefreak77|bat wins\n|inactive|Batmaster212 has 90 seconds left.\n|\n|t:|1618101941\n|move|p3b: Jynx|Psychic|p2a: Aromatisse\n|-damage|p2a: Aromatisse|0 fnt\n|-damage|p3b: Jynx|92\/251|[from] item: Life Orb\n|faint|p2a: Aromatisse\n|move|p4b: Dusclops|Night Shade|p3b: Jynx\n|-damage|p3b: Jynx|8\/251\n|\n|upkeep\n|turn|31\n|inactive|Batmaster212 has 90 seconds left.\n|c|\u2606Batmaster212|gg\n|c|\u2606tutelarpinappl|gg\n|\n|t:|1618101956\n|move|p3b: Jynx|Psychic|p4b: Dusclops\n|-damage|p4b: Dusclops|0 fnt\n|-damage|p3b: Jynx|0 fnt|[from] item: Life Orb\n|faint|p4b: Dusclops\n|faint|p3b: Jynx\n|\n|win|Batmaster212\n|l|\u2606radm94\n|c|\u2606tutelarpinappl|clean\n|l|\u2606tutelarpinappl\n|c|\u2606Batmaster212|I used all of my brain cells to calculate my victory\n","inputlog":">version d1e863b584361f06870c8f6d8659b4e463997ff1\n>start {\"formatid\":\"gen8freeforallrandombattle\",\"seed\":[7693,18480,8488,42031]}\n>player p1 {\"name\":\"Pokefreak77\",\"avatar\":\"223\",\"rating\":0,\"seed\":[60690,22145,18649,52818]}\n>player p2 {\"name\":\"radm94\",\"avatar\":\"waiter-gen4dp\",\"rating\":0,\"seed\":[55805,49975,55696,42784]}\n>player p3 {\"name\":\"Batmaster212\",\"avatar\":\"ghetsis\",\"rating\":0,\"seed\":[15738,54213,10313,33326]}\n>player p4 {\"name\":\"tutelarpinappl\",\"avatar\":\"265\",\"rating\":0,\"seed\":[27739,20329,40930,26491]}\n>chat \u2606tutelarpinappl|if you real you save that wailord to dynamax it \n>p1 move trick\n>p2 move hydropump\n>p3 move shellsmash\n>p4 move fireblast\n>p1 move thunderbolt\n>p2 move hydropump\n>p3 move liquidation\n>p4 move fireblast\n>p1 move thunderbolt\n>p2 move hydropump\n>p3 move superpower\n>p4 switch 4\n>p1 switch 6\n>chat \u2606Batmaster212|Oh no not dynamax wailord\n>p1 move protect\n>p2 move hydropump\n>p3 move liquidation\n>p4 move thunderbolt\n>p1 switch 2\n>p2 move hydropump\n>p3 move liquidation\n>p4 move thunderbolt\n>chat \u2606tutelarpinappl|why you beating up the dog\n>chat \u2606tutelarpinappl|imma tbolt you anyway XD\n>chat \u2606Pokefreak77|animal abuse\n>p3 switch 5\n>p1 move dracometeor\n>p2 move hydropump\n>p3 move thunderbolt\n>p4 move thunderbolt\n>p4 switch 4\n>chat \u2606tutelarpinappl|poke dont switch i got tech \n>p1 move dracometeor\n>p2 move hydropump\n>p3 move voltswitch\n>p4 move clearsmog\n>p3 switch 4\n>chat \u2606Pokefreak77|nicd\n>chat \u2606Pokefreak77|ty\n>p4 switch 2\n>chat \u2606Batmaster212|Brib \ud83e\udd85 \n>p1 switch 2\n>p2 move hydropump\n>p3 move tailwind\n>p4 move headcharge\n>p2 switch 2\n>chat \u2606tutelarpinappl|was that wailord choiced?\n>chat \u2606radm94|yeah\n>chat \u2606Batmaster212|Lmao\n>chat \u2606tutelarpinappl|neat \n>p1 move thunderfang\n>p2 move protect\n>p3 move roost\n>p4 move closecombat\n>p1 move firefang\n>p2 move closecombat\n>p3 move roost\n>p4 move protect\n>p1 move thunderfang\n>p2 move closecombat\n>p3 move bravebird\n>p4 move headcharge\n>p2 switch 4\n>p3 switch 4\n>p4 switch 5\n>p1 move protect\n>p2 move highhorsepower\n>p3 move hypervoice\n>p4 move mysticalfire\n>p1 switch 2\n>p2 move bodyslam\n>p3 move hypervoice\n>p4 move mysticalfire\n>p1 switch 2\n>p1 move thunderfang\n>p2 move curse\n>p3 move voltswitch\n>p4 move decorate\n>chat \u2606radm94|lol\n>chat \u2606tutelarpinappl|we out here making targets \n>chat \u2606radm94|if only i knew\n>p3 switch 6\n>p1 move snarl\n>p2 move recycle\n>p3 move nastyplot\n>p4 move protect\n>p1 move thunderfang\n>p2 move bodyslam\n>p3 move darkpulse\n>p4 move mysticalfire\n>chat \u2606Batmaster212|Can everyone dynamax this turn pls\n>chat \u2606Pokefreak77|bat master\n>chat \u2606Pokefreak77|wtf\n>chat \u2606Pokefreak77|are you doing\n>chat \u2606tutelarpinappl|sure \n>p1 switch 5\n>chat \u2606Batmaster212|I\u2019m a special attacker\n>p1 move crunch\n>p2 move bodyslam dynamax\n>p3 move darkpulse\n>p4 move mysticalfire dynamax\n>chat \u2606Batmaster212|IM ALMOST USELESS AGAINST SNORLAX\n>p1 switch 4\n>p3 switch 3\n>chat \u2606tutelarpinappl|ALMOST \n>chat \u2606radm94|well i thought we were dynamaxing\n>chat \u2606Pokefreak77|we both need to attack it\n>p1 move psychic\n>p2 move bodyslam dynamax\n>p3 move scald dynamax\n>p4 move dazzlinggleam dynamax\n>p4 switch 3\n>chat \u2606tutelarpinappl|i have feint \n>p1 move thunderbolt\n>p2 move bodyslam dynamax\n>p3 move scald dynamax\n>p4 move feint\n>p1 switch 3\n>chat \u2606tutelarpinappl|oh no \n>chat \u2606Pokefreak77|zacian is shit\n>chat \u2606Batmaster212|Bow for Lord Slowbro\n>chat \u2606Pokefreak77|its not even crowned\n>chat \u2606tutelarpinappl|zacian went rogue \n>chat \u2606Pokefreak77|bat hit scizor\n>chat \u2606tutelarpinappl|wow \n>chat \u2606Pokefreak77|ill get rid of lax\n>chat \u2606Batmaster212|Yes\n>p1 move playrough\n>p2 move recycle\n>p3 move scald dynamax\n>p4 move bugbite\n>p2 switch 5\n>chat \u2606tutelarpinappl|you wanna not kill me \n>p1 move crunch\n>p2 move stoneedge\n>p3 move slackoff\n>p4 move swordsdance\n>p4 switch 6\n>chat \u2606tutelarpinappl|this dusclops is garb \n>p1 move protect\n>p2 move stoneedge\n>p3 move scald\n>p4 move nightshade\n>chat \u2606tutelarpinappl|it doesn't even have will o\n>p2 switch 3\n>p1 move playrough\n>p2 move protect\n>p3 move icebeam\n>p4 move nightshade\n>p1 move playrough\n>p2 move dazzlinggleam\n>p3 move slackoff\n>p4 move nightshade\n>p3 switch 2\n>p1 move protect\n>p2 move protect\n>p3 move nastyplot\n>p4 move helpinghand\n>p1 move playrough\n>p2 move dazzlinggleam\n>p3 move focusblast\n>p4 move haze\n>p2 switch 6\n>p1 move protect\n>p2 move moonblast\n>p3 move psychic\n>p4 move nightshade\n>p1 move playrough\n>p2 move moonblast\n>p3 move psychic\n>p4 move painsplit\n>p2 move moonblast\n>p3 move nastyplot\n>p4 move helpinghand\n>chat \u2606tutelarpinappl|f\n>chat \u2606Pokefreak77|bat wins\n>p2 move moonblast\n>p3 move psychic\n>p4 move nightshade\n>chat \u2606Batmaster212|gg\n>chat \u2606tutelarpinappl|gg\n>p3 move psychic\n>p4 move nightshade","uploadtime":1618102079,"views":3,"p1id":"pokefreak77","p2id":"radm94","formatid":"gen8freeforallrandombattle","rating":0,"private":0,"password":null}