{"id":"gen8ou-1588748681","p1":"LUMOS1","p2":"SKIP THE DRIP","format":"gen8ou","log":"|j|\u2606LUMOS1\n|j|\u2606SKIP THE DRIP\n|inactive|Battle timer is ON: inactive players will automatically lose when time's up.\n|t:|1654295490\n|gametype|singles\n|player|p1|LUMOS1|waitress-gen4|\n|player|p2|SKIP THE DRIP|pokekidf-gen8|\n|teamsize|p1|6\n|teamsize|p2|6\n|gen|8\n|tier|[Gen 8] OU\n|rated|Tournament battle\n|rule|Sleep Clause Mod: Limit one foe put to sleep\n|rule|Species Clause: Limit one of each Pok\u00e9mon\n|rule|OHKO Clause: OHKO moves are banned\n|rule|Evasion Moves Clause: Evasion moves are banned\n|rule|Endless Battle Clause: Forcing endless battles is banned\n|rule|HP Percentage Mod: HP is shown in percentages\n|rule|Dynamax Clause: You cannot dynamax\n|clearpoke\n|poke|p1|Pelipper, M|\n|poke|p1|Tornadus-Therian, M|\n|poke|p1|Barraskewda, M|\n|poke|p1|Urshifu-*, F|\n|poke|p1|Ferrothorn, M|\n|poke|p1|Thundurus-Therian, M|\n|poke|p2|Pelipper, F|\n|poke|p2|Volcanion|\n|poke|p2|Hatterene, F|\n|poke|p2|Thundurus-Therian, M|\n|poke|p2|Crawdaunt, F|\n|poke|p2|Jirachi|\n|teampreview\n|j|@georgiethefirst\n|c|\u2606SKIP THE DRIP|mans\n|j| SavageSwordX\n|c|\u2606SKIP THE DRIP|had to piss\n|c|\u2606SKIP THE DRIP|xD\n|j| RiddledWithCurses\n|c|\u2606LUMOS1|xD\n|j| DisagioColtivato\n|j| amstan\n|j| prof dankness\n|j| zReptar\n|inactive|LUMOS1 has 120 seconds left.\n|c| amstan|lol i also went to go take a piss\n|c|\u2606SKIP THE DRIP|who\n|j| i test this shit\n|c|\u2606SKIP THE DRIP|asked\n|c| amstan|mk\n|c| i test this shit|no way skip is running trick room\n|j| SilverNote3\n|c| i test this shit|in an ou room tour\n|c|\u2606SKIP THE DRIP|i hate a me too typ eguy\n|c| i test this shit|thats nefarious\n|inactive|LUMOS1 has 90 seconds left.\n|j| Deez Is The Way\n|\n|t:|1654295560\n|start\n|switch|p1a: Pelipper|Pelipper, M|100\/100\n|switch|p2a: Volcanion|Volcanion|100\/100\n|-weather|RainDance|[from] ability: Drizzle|[of] p1a: Pelipper\n|turn|1\n|c| SilverNote3|Based TR\n|c| Deez Is The Way|go lumos\n|\n|t:|1654295573\n|move|p2a: Volcanion|Steam Eruption|p1a: Pelipper|[miss]\n|-miss|p2a: Volcanion|p1a: Pelipper\n|move|p1a: Pelipper|U-turn|p2a: Volcanion\n|-resisted|p2a: Volcanion\n|-damage|p2a: Volcanion|97\/100\n|\n|t:|1654295579\n|switch|p1a: Thundurus|Thundurus-Therian, M|100\/100|[from]move: U-turn\n|\n|-weather|RainDance|[upkeep]\n|upkeep\n|turn|2\n|\n|t:|1654295588\n|switch|p2a: Jirachi|Jirachi|100\/100\n|move|p1a: Thundurus|Weather Ball|p2a: Jirachi\n|-damage|p2a: Jirachi|56\/100\n|\n|-weather|RainDance|[upkeep]\n|upkeep\n|turn|3\n|c| i test this shit|deserved for running trick roomn\n|inactive|LUMOS1 has 120 seconds left.\n|j| adfadfsdfs\n|\n|t:|1654295627\n|move|p1a: Thundurus|Thunder|p2a: Jirachi\n|-damage|p2a: Jirachi|1\/100\n|move|p2a: Jirachi|Trick Room|p2a: Jirachi\n|-fieldstart|move: Trick Room|[of] p2a: Jirachi\n|\n|-weather|RainDance|[upkeep]\n|upkeep\n|turn|4\n|inactive|LUMOS1 has 120 seconds left.\n|j| RaynningOutside\n|\n|t:|1654295638\n|switch|p1a: Ferrothorn|Ferrothorn, M|100\/100\n|move|p2a: Jirachi|Stealth Rock|p1a: Ferrothorn\n|-sidestart|p1: LUMOS1|move: Stealth Rock\n|\n|-weather|RainDance|[upkeep]\n|upkeep\n|turn|5\n|c| SilverNote3|Not that \ud83d\ude2d\ud83d\ude2d\ud83d\ude2d\ud83d\ude2d\n|c| SilverNote3|Based af\n|c| i test this shit|Weird\n|\n|t:|1654295648\n|move|p1a: Ferrothorn|Knock Off|p2a: Jirachi\n|-supereffective|p2a: Jirachi\n|-damage|p2a: Jirachi|0 fnt\n|-enditem|p2a: Jirachi|Mental Herb|[from] move: Knock Off|[of] p1a: Ferrothorn\n|faint|p2a: Jirachi\n|\n|-weather|RainDance|[upkeep]\n|upkeep\n|\n|t:|1654295660\n|switch|p2a: Hatterene|Hatterene, F|100\/100\n|turn|6\n|j| GROSS SAMPLE TEAM\n|\n|t:|1654295667\n|move|p1a: Ferrothorn|Gyro Ball|p2a: Hatterene\n|-supereffective|p2a: Hatterene\n|-damage|p2a: Hatterene|72\/100\n|move|p2a: Hatterene|Mystical Fire|p1a: Ferrothorn\n|-supereffective|p1a: Ferrothorn\n|-damage|p1a: Ferrothorn|71\/100\n|-unboost|p1a: Ferrothorn|spa|1\n|\n|-weather|RainDance|[upkeep]\n|-heal|p1a: Ferrothorn|77\/100|[from] item: Leftovers\n|-heal|p2a: Hatterene|78\/100|[from] item: Leftovers\n|upkeep\n|turn|7\n|\n|t:|1654295674\n|move|p1a: Ferrothorn|Knock Off|p2a: Hatterene\n|-damage|p2a: Hatterene|60\/100\n|-enditem|p2a: Hatterene|Leftovers|[from] move: Knock Off|[of] p1a: Ferrothorn\n|move|p2a: Hatterene|Mystical Fire|p1a: Ferrothorn\n|-supereffective|p1a: Ferrothorn\n|-damage|p1a: Ferrothorn|48\/100\n|-unboost|p1a: Ferrothorn|spa|1\n|\n|-weather|RainDance|[upkeep]\n|-heal|p1a: Ferrothorn|54\/100|[from] item: Leftovers\n|-fieldend|move: Trick Room\n|upkeep\n|turn|8\n|\n|t:|1654295686\n|switch|p1a: Tornadus|Tornadus-Therian, M|100\/100\n|move|p2a: Hatterene|Mystical Fire|p1a: Tornadus\n|-damage|p1a: Tornadus|89\/100\n|-unboost|p1a: Tornadus|spa|1\n|\n|-weather|none\n|upkeep\n|turn|9\n|\n|t:|1654295691\n|switch|p2a: Thundurus|Thundurus-Therian, M|100\/100\n|move|p1a: Tornadus|Defog|p2a: Thundurus\n|-unboost|p2a: Thundurus|evasion|1\n|-sideend|p1: LUMOS1|Stealth Rock|[from] move: Defog|[of] p1a: Tornadus\n|\n|upkeep\n|turn|10\n|l| RaynningOutside\n|inactive|LUMOS1 has 120 seconds left.\n|\n|t:|1654295723\n|move|p1a: Tornadus|Knock Off|p2a: Thundurus\n|-damage|p2a: Thundurus|69\/100\n|-enditem|p2a: Thundurus|Heavy-Duty Boots|[from] move: Knock Off|[of] p1a: Tornadus\n|move|p2a: Thundurus|Focus Blast|p1a: Tornadus\n|-resisted|p1a: Tornadus\n|-damage|p1a: Tornadus|67\/100\n|\n|upkeep\n|turn|11\n|inactive|LUMOS1 has 120 seconds left.\n|\n|t:|1654295753\n|switch|p1a: Thundurus|Thundurus-Therian, M|100\/100\n|move|p2a: Thundurus|Focus Blast|p1a: Thundurus|[miss]\n|-miss|p2a: Thundurus|p1a: Thundurus\n|\n|upkeep\n|turn|12\n|\n|t:|1654295763\n|move|p1a: Thundurus|Weather Ball|p2a: Thundurus\n|-damage|p2a: Thundurus|45\/100\n|move|p2a: Thundurus|Focus Blast|p1a: Thundurus|[miss]\n|-miss|p2a: Thundurus|p1a: Thundurus\n|\n|upkeep\n|turn|13\n|\n|t:|1654295770\n|move|p2a: Thundurus|Focus Blast|p1a: Thundurus\n|-resisted|p1a: Thundurus\n|-damage|p1a: Thundurus|70\/100\n|move|p1a: Thundurus|Nasty Plot|p1a: Thundurus\n|-boost|p1a: Thundurus|spa|2\n|\n|upkeep\n|turn|14\n|\n|t:|1654295776\n|move|p1a: Thundurus|Weather Ball|p2a: Thundurus\n|-damage|p2a: Thundurus|0 fnt\n|faint|p2a: Thundurus\n|\n|upkeep\n|c| SilverNote3|Not the Focus Miss \ud83d\ude3f\n|\n|t:|1654295786\n|switch|p2a: Hatterene|Hatterene, F|60\/100\n|turn|15\n|\n|t:|1654295790\n|move|p1a: Thundurus|Thunder|p2a: Hatterene\n|-damage|p2a: Hatterene|0 fnt\n|faint|p2a: Hatterene\n|\n|upkeep\n|\n|t:|1654295794\n|switch|p2a: Crawdaunt|Crawdaunt, F|100\/100\n|turn|16\n|c| SilverNote3|Tragic we hate to see it\n|\n|t:|1654295806\n|switch|p1a: Urshifu|Urshifu-Rapid-Strike, F|100\/100\n|move|p2a: Crawdaunt|Swords Dance|p2a: Crawdaunt\n|-boost|p2a: Crawdaunt|atk|2\n|\n|upkeep\n|turn|17\n|\n|t:|1654295814\n|switch|p2a: Pelipper|Pelipper, F|100\/100\n|-weather|RainDance|[from] ability: Drizzle|[of] p2a: Pelipper\n|move|p1a: Urshifu|U-turn|p2a: Pelipper\n|-resisted|p2a: Pelipper\n|-damage|p2a: Pelipper|79\/100\n|\n|t:|1654295822\n|switch|p1a: Thundurus|Thundurus-Therian, M|70\/100|[from]move: U-turn\n|\n|-weather|RainDance|[upkeep]\n|upkeep\n|turn|18\n|\n|t:|1654295824\n|move|p1a: Thundurus|Thunder|p2a: Pelipper\n|-supereffective|p2a: Pelipper\n|-damage|p2a: Pelipper|0 fnt\n|faint|p2a: Pelipper\n|\n|-weather|RainDance|[upkeep]\n|upkeep\n|\n|t:|1654295826\n|switch|p2a: Crawdaunt|Crawdaunt, F|100\/100\n|turn|19\n|c| i test this shit|Whoever silvernote3 is\n|\n|t:|1654295833\n|move|p1a: Thundurus|Thunder|p2a: Crawdaunt\n|-supereffective|p2a: Crawdaunt\n|-damage|p2a: Crawdaunt|0 fnt\n|faint|p2a: Crawdaunt\n|\n|-weather|RainDance|[upkeep]\n|upkeep\n|c| i test this shit|This the weirdest dude ive ever come across\n|\n|t:|1654295837\n|switch|p2a: Volcanion|Volcanion|97\/100\n|turn|20\n|c|\u2606LUMOS1|GG\n|\n|t:|1654295841\n|move|p1a: Thundurus|Thunder|p2a: Volcanion\n|-supereffective|p2a: Volcanion\n|-damage|p2a: Volcanion|0 fnt\n|faint|p2a: Volcanion\n|\n|win|LUMOS1\n|n|\u2606LUMOS1|lumos1\n|n|\u2606SKIP THE DRIP|skipthedrip\n|n| georgiethefirst|georgiethefirst\n|n| SavageSwordX|savageswordx\n|n| RiddledWithCurses|riddledwithcurses\n|n| DisagioColtivato|disagiocoltivato\n|n| amstan|amstan\n|n| prof dankness|profdankness\n|n| zReptar|zreptar\n|n| i test this shit|itestthisshit\n|n| SilverNote3|silvernote3\n|n| Deez Is The Way|deezistheway\n|n| adfadfsdfs|adfadfsdfs\n|n| GROSS SAMPLE TEAM|grosssampleteam\n","uploadtime":1654295842,"views":19,"p1id":"lumos1","p2id":"skipthedrip","formatid":"gen8ou","rating":0,"private":0,"password":null}