{"id":"gen81v1-1578663729","p1":"Oryen","p2":"Timm168","format":"gen81v1","log":"|j|\u2606Oryen\n|j|\u2606Timm168\n|inactive|Battle timer is ON: inactive players will automatically lose when time's up.\n|t:|1653005942\n|gametype|singles\n|player|p1|Oryen|bruno-gen1|\n|player|p2|Timm168|n|\n|teamsize|p1|3\n|teamsize|p2|3\n|gen|8\n|tier|[Gen 8] 1v1\n|rated|Tournament battle\n|rule|Species Clause: Limit one of each Pok\u00e9mon\n|rule|OHKO Clause: OHKO moves are banned\n|rule|Evasion Moves Clause: Evasion moves are banned\n|rule|Accuracy Moves Clause: Accuracy-lowering moves are banned\n|rule|HP Percentage Mod: HP is shown in percentages\n|rule|Dynamax Clause: You cannot dynamax\n|rule|Endless Battle Clause: Forcing endless battles is banned\n|clearpoke\n|poke|p1|Arcanine, M|\n|poke|p1|Gardevoir, M|\n|poke|p1|Sawk, M|\n|poke|p2|Tangrowth, F|\n|poke|p2|Magnezone, L1|\n|poke|p2|Darmanitan-Galar, F|\n|teampreview|1\n|j|*Lady Monita \u273f\n|j| BB-8-NU\n|j| Billium\n|j| ScarletPanther19\n|j| RickBlasket\n|\n|t:|1653005954\n|start\n|switch|p1a: Sawk|Sawk, M|100\/100\n|switch|p2a: Magnezone|Magnezone, L1|100\/100\n|turn|1\n|j| JA M0RANT\n|c| RickBlasket|damn\n|\n|t:|1653005960\n|move|p1a: Sawk|Close Combat|p2a: Magnezone\n|-supereffective|p2a: Magnezone\n|-ability|p2a: Magnezone|Sturdy\n|-damage|p2a: Magnezone|8\/100\n|-unboost|p1a: Sawk|def|1\n|-unboost|p1a: Sawk|spd|1\n|-enditem|p2a: Magnezone|Berry Juice\n|-heal|p2a: Magnezone|100\/100|[from] item: Berry Juice\n|move|p2a: Magnezone|Toxic|p1a: Sawk\n|-status|p1a: Sawk|tox\n|\n|-damage|p1a: Sawk|94\/100 tox|[from] psn\n|upkeep\n|turn|2\n|j| aDerpyPikachu\n|\n|t:|1653005969\n|move|p1a: Sawk|Close Combat|p2a: Magnezone\n|-supereffective|p2a: Magnezone\n|-ability|p2a: Magnezone|Sturdy\n|-damage|p2a: Magnezone|8\/100\n|-unboost|p1a: Sawk|def|1\n|-unboost|p1a: Sawk|spd|1\n|move|p2a: Magnezone|Recycle|p2a: Magnezone\n|-item|p2a: Magnezone|Berry Juice|[from] move: Recycle\n|-enditem|p2a: Magnezone|Berry Juice\n|-heal|p2a: Magnezone|100\/100|[from] item: Berry Juice\n|\n|-damage|p1a: Sawk|82\/100 tox|[from] psn\n|upkeep\n|turn|3\n|c| RickBlasket|that magnezone actually won it all\n|c| RickBlasket|gg\n|c| aDerpyPikachu|lmao sturdyjuice stall\n|c| aDerpyPikachu|nice\n|j| u Vegeta u\n|\n|t:|1653005992\n|move|p2a: Magnezone|Protect|p2a: Magnezone\n|-singleturn|p2a: Magnezone|Protect\n|move|p1a: Sawk|Ice Punch|p2a: Magnezone\n|-activate|p2a: Magnezone|move: Protect\n|\n|-damage|p1a: Sawk|63\/100 tox|[from] psn\n|upkeep\n|turn|4\n|j| boogs1\n|c| RickBlasket|I thought saw was gonna be mold breaker\n|c| RickBlasket|sawk\n|l| aDerpyPikachu\n|j|%goldtodd1\n|\n|t:|1653006015\n|move|p1a: Sawk|Ice Punch|p2a: Magnezone\n|-resisted|p2a: Magnezone\n|-ability|p2a: Magnezone|Sturdy\n|-damage|p2a: Magnezone|8\/100\n|move|p2a: Magnezone|Recycle|p2a: Magnezone\n|-item|p2a: Magnezone|Berry Juice|[from] move: Recycle\n|-enditem|p2a: Magnezone|Berry Juice\n|-heal|p2a: Magnezone|100\/100|[from] item: Berry Juice\n|\n|-damage|p1a: Sawk|39\/100 tox|[from] psn\n|upkeep\n|turn|5\n|\n|t:|1653006020\n|move|p2a: Magnezone|Protect|p2a: Magnezone\n|-singleturn|p2a: Magnezone|Protect\n|move|p1a: Sawk|Ice Punch|p2a: Magnezone\n|-activate|p2a: Magnezone|move: Protect\n|\n|-damage|p1a: Sawk|8\/100 tox|[from] psn\n|upkeep\n|turn|6\n|-enditem|p1a: Sawk|Custap Berry|[eat]\n|-activate|p1a: Sawk|item: Custap Berry|[consumed]\n|\n|t:|1653006023\n|move|p1a: Sawk|Ice Punch|p2a: Magnezone\n|-resisted|p2a: Magnezone\n|-ability|p2a: Magnezone|Sturdy\n|-damage|p2a: Magnezone|8\/100\n|-status|p2a: Magnezone|frz\n|-curestatus|p2a: Magnezone|frz|[msg]\n|move|p2a: Magnezone|Recycle|p2a: Magnezone\n|-item|p2a: Magnezone|Berry Juice|[from] move: Recycle\n|-enditem|p2a: Magnezone|Berry Juice\n|-heal|p2a: Magnezone|100\/100|[from] item: Berry Juice\n|\n|-damage|p1a: Sawk|0 fnt|[from] psn\n|faint|p1a: Sawk\n|\n|win|Timm168\n|upkeep\n|n|\u2606Oryen|oryen\n|n|\u2606Timm168|timm168\n|n|*Lady Monita \u273f|ladymonita\n|n| BB-8-NU|bb8nu\n|n| Billium|billium\n|n| ScarletPanther19|scarletpanther19\n|n| RickBlasket|rickblasket\n|n| JA M0RANT|jam0rant\n|n| u Vegeta u|uvegetau\n|n| boogs1|boogs1\n|n| goldtodd1|goldtodd1\n","uploadtime":1653006024,"views":5,"p1id":"oryen","p2id":"timm168","formatid":"gen81v1","rating":0,"private":0,"password":null}