{"id":"gen8nationaldex-1693766476","p1":"Shinjou Akane","p2":"MattyMutz","format":"gen8nationaldex","log":"|j|\u2606Shinjou Akane\n|j|\u203dMattyMutz\n|t:|1666634626\n|gametype|singles\n|player|p1|Shinjou Akane|nurse|1310\n|player|p2|MattyMutz|giovanni|1291\n|teamsize|p1|6\n|teamsize|p2|6\n|gen|8\n|tier|[Gen 8] National Dex\n|rated|\n|rule|HP Percentage Mod: HP is shown in percentages\n|rule|Endless Battle Clause: Forcing endless battles is banned\n|rule|OHKO Clause: OHKO moves are banned\n|rule|Evasion Moves Clause: Evasion moves are banned\n|rule|Species Clause: Limit one of each Pok\u00e9mon\n|rule|Dynamax Clause: You cannot dynamax\n|rule|Sleep Clause Mod: Limit one foe put to sleep\n|clearpoke\n|poke|p1|Lopunny, F|\n|poke|p1|Garchomp, M|\n|poke|p1|Greninja, M|\n|poke|p1|Ferrothorn, F|\n|poke|p1|Zapdos|\n|poke|p1|Victini|\n|poke|p2|Latios, M|\n|poke|p2|Garchomp, F|\n|poke|p2|Deoxys-Defense|\n|poke|p2|Magnezone|\n|poke|p2|Ferrothorn, M|\n|poke|p2|Moltres-Galar|\n|teampreview\n|inactive|Battle timer is ON: inactive players will automatically lose when time's up. (requested by MattyMutz)\n|\n|t:|1666634635\n|start\n|switch|p1a: Victini|Victini|100\/100\n|switch|p2a: Magnezone|Magnezone|100\/100\n|turn|1\n|\n|t:|1666634658\n|move|p2a: Magnezone|Volt Switch|p1a: Victini\n|-damage|p1a: Victini|64\/100\n|\n|t:|1666634664\n|switch|p2a: Deoxys|Deoxys-Defense|100\/100|[from]move: Volt Switch\n|-ability|p2a: Deoxys|Pressure\n|move|p1a: Victini|Will-O-Wisp|p2a: Deoxys|[miss]\n|-miss|p1a: Victini|p2a: Deoxys\n|\n|upkeep\n|turn|2\n|\n|t:|1666634673\n|move|p1a: Victini|U-turn|p2a: Deoxys\n|-supereffective|p2a: Deoxys\n|-damage|p2a: Deoxys|72\/100\n|-damage|p1a: Victini|48\/100|[from] item: Rocky Helmet|[of] p2a: Deoxys\n|\n|t:|1666634679\n|switch|p1a: Garchomp|Garchomp, M|100\/100|[from]move: U-turn\n|move|p2a: Deoxys|Taunt|p1a: Garchomp\n|-start|p1a: Garchomp|move: Taunt\n|\n|upkeep\n|turn|3\n|\n|t:|1666634696\n|move|p1a: Garchomp|Earthquake|p2a: Deoxys\n|-damage|p2a: Deoxys|38\/100\n|move|p2a: Deoxys|Spikes|p1a: Garchomp\n|-sidestart|p1: Shinjou Akane|Spikes\n|\n|upkeep\n|turn|4\n|\n|t:|1666634701\n|move|p1a: Garchomp|Earthquake|p2a: Deoxys\n|-damage|p2a: Deoxys|1\/100\n|move|p2a: Deoxys|Recover|p2a: Deoxys\n|-heal|p2a: Deoxys|51\/100\n|\n|-end|p1a: Garchomp|move: Taunt\n|upkeep\n|turn|5\n|\n|t:|1666634704\n|move|p1a: Garchomp|Swords Dance|p1a: Garchomp\n|-boost|p1a: Garchomp|atk|2\n|move|p2a: Deoxys|Recover|p2a: Deoxys\n|-heal|p2a: Deoxys|100\/100\n|\n|upkeep\n|turn|6\n|\n|t:|1666634715\n|move|p1a: Garchomp|Scale Shot|p2a: Deoxys\n|-damage|p2a: Deoxys|82\/100\n|-damage|p2a: Deoxys|67\/100\n|-damage|p2a: Deoxys|49\/100\n|-damage|p2a: Deoxys|31\/100\n|-damage|p2a: Deoxys|12\/100\n|-hitcount|p2a: Deoxys|5\n|-unboost|p1a: Garchomp|def|1\n|-boost|p1a: Garchomp|spe|1\n|move|p2a: Deoxys|Teleport|p2a: Deoxys\n|\n|t:|1666634729\n|switch|p2a: Latios|Latios, M|100\/100|[from]move: Teleport\n|\n|upkeep\n|turn|7\n|\n|t:|1666634732\n|move|p2a: Latios|Draco Meteor|p1a: Garchomp\n|-supereffective|p1a: Garchomp\n|-damage|p1a: Garchomp|0 fnt\n|-unboost|p2a: Latios|spa|2\n|faint|p1a: Garchomp\n|\n|upkeep\n|\n|t:|1666634738\n|switch|p1a: Greninja|Greninja, M|100\/100\n|-damage|p1a: Greninja|88\/100|[from] Spikes\n|turn|8\n|inactive|MattyMutz has 120 seconds left.\n|inactive|MattyMutz has 90 seconds left.\n|\n|t:|1666634798\n|switch|p2a: Ferrothorn|Ferrothorn, M|100\/100\n|move|p1a: Greninja|Spikes|p2a: Ferrothorn\n|-sidestart|p2: MattyMutz|Spikes\n|\n|upkeep\n|turn|9\n|\n|t:|1666634805\n|switch|p1a: Victini|Victini|48\/100\n|move|p2a: Ferrothorn|Stealth Rock|p1a: Victini\n|-sidestart|p1: Shinjou Akane|move: Stealth Rock\n|\n|upkeep\n|turn|10\n|\n|t:|1666634810\n|move|p1a: Victini|V-create|p2a: Ferrothorn\n|-supereffective|p2a: Ferrothorn\n|-damage|p2a: Ferrothorn|0 fnt\n|-unboost|p1a: Victini|spe|1\n|-unboost|p1a: Victini|def|1\n|-unboost|p1a: Victini|spd|1\n|-damage|p1a: Victini|35\/100|[from] ability: Iron Barbs|[of] p2a: Ferrothorn\n|faint|p2a: Ferrothorn\n|\n|upkeep\n|\n|t:|1666634817\n|switch|p2a: Moltres|Moltres-Galar|100\/100\n|turn|11\n|\n|t:|1666634819\n|move|p2a: Moltres|Agility|p2a: Moltres\n|-boost|p2a: Moltres|spe|2\n|move|p1a: Victini|V-create|p2a: Moltres\n|-damage|p2a: Moltres|7\/100\n|-unboost|p1a: Victini|spe|1\n|-unboost|p1a: Victini|def|1\n|-unboost|p1a: Victini|spd|1\n|-ability|p2a: Moltres|Berserk|boost\n|-boost|p2a: Moltres|spa|1\n|\n|upkeep\n|turn|12\n|inactive|MattyMutz has 120 seconds left.\n|\n|t:|1666634830\n|switch|p1a: Greninja|Greninja, M|88\/100\n|-damage|p1a: Greninja|76\/100|[from] Spikes\n|-damage|p1a: Greninja|64\/100|[from] Stealth Rock\n|move|p2a: Moltres|Fiery Wrath|p1a: Greninja\n|-resisted|p1a: Greninja\n|-damage|p1a: Greninja|16\/100\n|\n|upkeep\n|turn|13\n|inactive|MattyMutz has 120 seconds left.\n|\n|t:|1666634862\n|switch|p2a: Deoxys|Deoxys-Defense|12\/100\n|-damage|p2a: Deoxys|0 fnt|[from] Spikes\n|faint|p2a: Deoxys\n|move|p1a: Greninja|Water Shuriken|p2: Deoxys|[notarget]\n|-fail|p1a: Greninja\n|\n|upkeep\n|\n|t:|1666634870\n|switch|p2a: Magnezone|Magnezone|100\/100\n|-damage|p2a: Magnezone|88\/100|[from] Spikes\n|turn|14\n|\n|t:|1666634876\n|move|p1a: Greninja|Water Shuriken|p2a: Magnezone\n|-damage|p2a: Magnezone|75\/100\n|-damage|p2a: Magnezone|61\/100\n|-hitcount|p2a: Magnezone|2\n|move|p2a: Magnezone|Volt Switch|p1a: Greninja\n|-supereffective|p1a: Greninja\n|-damage|p1a: Greninja|0 fnt\n|faint|p1a: Greninja\n|\n|t:|1666634897\n|switch|p2a: Garchomp|Garchomp, F|100\/100|[from]move: Volt Switch\n|-damage|p2a: Garchomp|88\/100|[from] Spikes\n|\n|upkeep\n|\n|t:|1666634905\n|switch|p1a: Ferrothorn|Ferrothorn, F|100\/100\n|-damage|p1a: Ferrothorn|88\/100|[from] Spikes\n|-damage|p1a: Ferrothorn|82\/100|[from] Stealth Rock\n|turn|15\n|\n|t:|1666634911\n|detailschange|p2a: Garchomp|Garchomp-Mega, F\n|-mega|p2a: Garchomp|Garchomp|Garchompite\n|move|p2a: Garchomp|Swords Dance|p2a: Garchomp\n|-boost|p2a: Garchomp|atk|2\n|move|p1a: Ferrothorn|Leech Seed|p2a: Garchomp\n|-start|p2a: Garchomp|move: Leech Seed\n|\n|-heal|p1a: Ferrothorn|88\/100|[from] item: Leftovers\n|-damage|p2a: Garchomp|76\/100|[from] Leech Seed|[of] p1a: Ferrothorn\n|-heal|p1a: Ferrothorn|100\/100|[silent]\n|upkeep\n|turn|16\n|\n|t:|1666634917\n|move|p2a: Garchomp|Earthquake|p1a: Ferrothorn\n|-damage|p1a: Ferrothorn|0 fnt\n|faint|p1a: Ferrothorn\n|\n|upkeep\n|\n|t:|1666634921\n|switch|p1a: Lopunny|Lopunny, F, shiny|100\/100\n|-damage|p1a: Lopunny|88\/100|[from] Spikes\n|-damage|p1a: Lopunny|76\/100|[from] Stealth Rock\n|turn|17\n|inactive|MattyMutz has 120 seconds left.\n|\n|t:|1666634927\n|switch|p2a: Magnezone|Magnezone|61\/100\n|-damage|p2a: Magnezone|49\/100|[from] Spikes\n|detailschange|p1a: Lopunny|Lopunny-Mega, F, shiny\n|-mega|p1a: Lopunny|Lopunny|Lopunnite\n|move|p1a: Lopunny|Fake Out|p2a: Magnezone\n|-resisted|p2a: Magnezone\n|-damage|p2a: Magnezone|36\/100\n|\n|upkeep\n|turn|18\n|\n|t:|1666634935\n|switch|p1a: Zapdos|Zapdos|100\/100\n|move|p2a: Magnezone|Thunderbolt|p1a: Zapdos\n|-damage|p1a: Zapdos|52\/100\n|\n|upkeep\n|turn|19\n|\n|t:|1666634940\n|move|p2a: Magnezone|Thunderbolt|p1a: Zapdos\n|-damage|p1a: Zapdos|5\/100\n|move|p1a: Zapdos|Roost|p1a: Zapdos\n|-heal|p1a: Zapdos|56\/100\n|-singleturn|p1a: Zapdos|move: Roost\n|\n|upkeep\n|turn|20\n|\n|t:|1666634956\n|move|p2a: Magnezone|Thunderbolt|p1a: Zapdos\n|-damage|p1a: Zapdos|13\/100\n|move|p1a: Zapdos|Roost|p1a: Zapdos\n|-heal|p1a: Zapdos|63\/100\n|-singleturn|p1a: Zapdos|move: Roost\n|\n|upkeep\n|turn|21\n|\n|t:|1666634959\n|move|p2a: Magnezone|Thunderbolt|p1a: Zapdos\n|-damage|p1a: Zapdos|19\/100\n|move|p1a: Zapdos|Roost|p1a: Zapdos\n|-heal|p1a: Zapdos|69\/100\n|-singleturn|p1a: Zapdos|move: Roost\n|\n|upkeep\n|turn|22\n|\n|t:|1666634961\n|move|p2a: Magnezone|Thunderbolt|p1a: Zapdos\n|-damage|p1a: Zapdos|20\/100\n|move|p1a: Zapdos|Roost|p1a: Zapdos\n|-heal|p1a: Zapdos|70\/100\n|-singleturn|p1a: Zapdos|move: Roost\n|\n|upkeep\n|turn|23\n|\n|t:|1666634964\n|move|p2a: Magnezone|Thunderbolt|p1a: Zapdos\n|-damage|p1a: Zapdos|23\/100\n|move|p1a: Zapdos|Roost|p1a: Zapdos\n|-heal|p1a: Zapdos|74\/100\n|-singleturn|p1a: Zapdos|move: Roost\n|\n|upkeep\n|turn|24\n|\n|t:|1666634967\n|move|p2a: Magnezone|Thunderbolt|p1a: Zapdos\n|-damage|p1a: Zapdos|29\/100\n|move|p1a: Zapdos|Roost|p1a: Zapdos\n|-heal|p1a: Zapdos|79\/100\n|-singleturn|p1a: Zapdos|move: Roost\n|\n|upkeep\n|turn|25\n|\n|t:|1666634968\n|move|p2a: Magnezone|Thunderbolt|p1a: Zapdos\n|-damage|p1a: Zapdos|34\/100\n|move|p1a: Zapdos|Roost|p1a: Zapdos\n|-heal|p1a: Zapdos|84\/100\n|-singleturn|p1a: Zapdos|move: Roost\n|\n|upkeep\n|turn|26\n|\n|t:|1666634970\n|move|p2a: Magnezone|Thunderbolt|p1a: Zapdos\n|-damage|p1a: Zapdos|37\/100\n|move|p1a: Zapdos|Roost|p1a: Zapdos\n|-heal|p1a: Zapdos|87\/100\n|-singleturn|p1a: Zapdos|move: Roost\n|\n|upkeep\n|turn|27\n|\n|t:|1666634973\n|move|p2a: Magnezone|Thunderbolt|p1a: Zapdos\n|-damage|p1a: Zapdos|43\/100\n|move|p1a: Zapdos|Roost|p1a: Zapdos\n|-heal|p1a: Zapdos|93\/100\n|-singleturn|p1a: Zapdos|move: Roost\n|\n|upkeep\n|turn|28\n|\n|t:|1666634975\n|move|p2a: Magnezone|Thunderbolt|p1a: Zapdos\n|-damage|p1a: Zapdos|50\/100\n|move|p1a: Zapdos|Volt Switch|p2a: Magnezone\n|-resisted|p2a: Magnezone\n|-damage|p2a: Magnezone|17\/100\n|\n|t:|1666634978\n|switch|p1a: Lopunny|Lopunny-Mega, F, shiny|76\/100|[from]move: Volt Switch\n|-damage|p1a: Lopunny|64\/100|[from] Spikes\n|-damage|p1a: Lopunny|58\/100|[from] Stealth Rock\n|\n|upkeep\n|turn|29\n|\n|t:|1666634981\n|move|p1a: Lopunny|Frustration|p2a: Magnezone\n|-resisted|p2a: Magnezone\n|-damage|p2a: Magnezone|0 fnt\n|faint|p2a: Magnezone\n|\n|upkeep\n|\n|t:|1666634986\n|switch|p2a: Latios|Latios, M|100\/100\n|turn|30\n|\n|t:|1666634990\n|switch|p1a: Victini|Victini|35\/100\n|move|p2a: Latios|Psychic|p1a: Victini\n|-resisted|p1a: Victini\n|-damage|p1a: Victini|13\/100\n|\n|upkeep\n|turn|31\n|\n|t:|1666634995\n|move|p2a: Latios|Psychic|p1a: Victini\n|-resisted|p1a: Victini\n|-damage|p1a: Victini|0 fnt\n|faint|p1a: Victini\n|\n|upkeep\n|\n|t:|1666634997\n|switch|p1a: Zapdos|Zapdos|50\/100\n|turn|32\n|\n|t:|1666634999\n|move|p2a: Latios|Psychic|p1a: Zapdos\n|-damage|p1a: Zapdos|6\/100\n|move|p1a: Zapdos|Roost|p1a: Zapdos\n|-heal|p1a: Zapdos|56\/100\n|-singleturn|p1a: Zapdos|move: Roost\n|\n|upkeep\n|turn|33\n|\n|t:|1666635004\n|switch|p2a: Garchomp|Garchomp-Mega, F|76\/100\n|-damage|p2a: Garchomp|64\/100|[from] Spikes\n|move|p1a: Zapdos|Roost|p1a: Zapdos\n|-heal|p1a: Zapdos|100\/100\n|-singleturn|p1a: Zapdos|move: Roost\n|\n|upkeep\n|turn|34\n|\n|t:|1666635008\n|move|p2a: Garchomp|Scale Shot|p1a: Zapdos\n|-damage|p1a: Zapdos|88\/100\n|-damage|p1a: Zapdos|77\/100\n|-damage|p1a: Zapdos|66\/100\n|-hitcount|p1a: Zapdos|3\n|-unboost|p2a: Garchomp|def|1\n|-boost|p2a: Garchomp|spe|1\n|move|p1a: Zapdos|Hurricane|p2a: Garchomp\n|-damage|p2a: Garchomp|16\/100\n|\n|upkeep\n|turn|35\n|\n|t:|1666635020\n|move|p2a: Garchomp|Stone Edge|p1a: Zapdos\n|-supereffective|p1a: Zapdos\n|-damage|p1a: Zapdos|9\/100\n|move|p1a: Zapdos|Roost|p1a: Zapdos\n|-heal|p1a: Zapdos|59\/100\n|-singleturn|p1a: Zapdos|move: Roost\n|\n|upkeep\n|turn|36\n|\n|t:|1666635033\n|switch|p1a: Lopunny|Lopunny-Mega, F, shiny|58\/100\n|-damage|p1a: Lopunny|46\/100|[from] Spikes\n|-damage|p1a: Lopunny|40\/100|[from] Stealth Rock\n|move|p2a: Garchomp|Swords Dance|p2a: Garchomp\n|-boost|p2a: Garchomp|atk|2\n|\n|upkeep\n|turn|37\n|\n|t:|1666635039\n|move|p1a: Lopunny|Fake Out|p2a: Garchomp\n|-damage|p2a: Garchomp|0 fnt\n|faint|p2a: Garchomp\n|\n|upkeep\n|\n|t:|1666635052\n|switch|p2a: Latios|Latios, M|100\/100\n|turn|38\n|\n|t:|1666635054\n|move|p2a: Latios|Draco Meteor|p1a: Lopunny\n|-damage|p1a: Lopunny|0 fnt\n|-unboost|p2a: Latios|spa|2\n|faint|p1a: Lopunny\n|\n|upkeep\n|\n|t:|1666635056\n|switch|p1a: Zapdos|Zapdos|59\/100\n|turn|39\n|\n|t:|1666635058\n|switch|p2a: Moltres|Moltres-Galar|7\/100\n|move|p1a: Zapdos|Roost|p1a: Zapdos\n|-heal|p1a: Zapdos|100\/100\n|-singleturn|p1a: Zapdos|move: Roost\n|\n|upkeep\n|turn|40\n|\n|t:|1666635063\n|-zpower|p2a: Moltres\n|move|p2a: Moltres|Supersonic Skystrike|p1a: Zapdos|[zeffect]\n|-resisted|p1a: Zapdos\n|-damage|p1a: Zapdos|61\/100\n|move|p1a: Zapdos|Volt Switch|p2a: Moltres\n|-supereffective|p2a: Moltres\n|-damage|p2a: Moltres|0 fnt\n|faint|p2a: Moltres\n|\n|upkeep\n|\n|t:|1666635071\n|switch|p2a: Latios|Latios, M|100\/100\n|turn|41\n|\n|t:|1666635073\n|move|p2a: Latios|Draco Meteor|p1a: Zapdos|[miss]\n|-miss|p2a: Latios|p1a: Zapdos\n|move|p1a: Zapdos|Roost|p1a: Zapdos\n|-heal|p1a: Zapdos|100\/100\n|-singleturn|p1a: Zapdos|move: Roost\n|\n|upkeep\n|turn|42\n|\n|t:|1666635076\n|move|p2a: Latios|Draco Meteor|p1a: Zapdos\n|-damage|p1a: Zapdos|36\/100\n|-unboost|p2a: Latios|spa|2\n|move|p1a: Zapdos|Roost|p1a: Zapdos\n|-heal|p1a: Zapdos|86\/100\n|-singleturn|p1a: Zapdos|move: Roost\n|\n|upkeep\n|turn|43\n|\n|t:|1666635079\n|move|p2a: Latios|Draco Meteor|p1a: Zapdos\n|-damage|p1a: Zapdos|52\/100\n|-unboost|p2a: Latios|spa|2\n|move|p1a: Zapdos|Roost|p1a: Zapdos\n|-heal|p1a: Zapdos|100\/100\n|-singleturn|p1a: Zapdos|move: Roost\n|\n|upkeep\n|turn|44\n|\n|t:|1666635082\n|move|p2a: Latios|Draco Meteor|p1a: Zapdos\n|-damage|p1a: Zapdos|78\/100\n|-unboost|p2a: Latios|spa|2\n|move|p1a: Zapdos|Hurricane|p2a: Latios\n|-damage|p2a: Latios|54\/100\n|\n|upkeep\n|turn|45\n|\n|t:|1666635087\n|move|p2a: Latios|Draco Meteor|p1a: Zapdos\n|-damage|p1a: Zapdos|60\/100\n|move|p1a: Zapdos|Hurricane|p2a: Latios\n|-damage|p2a: Latios|9\/100\n|-start|p2a: Latios|confusion\n|\n|upkeep\n|turn|46\n|\n|t:|1666635091\n|-activate|p2a: Latios|confusion\n|-damage|p2a: Latios|0 fnt|[from] confusion\n|faint|p2a: Latios\n|\n|win|Shinjou Akane\n|raw|Shinjou Akane's rating: 1310 &rarr; <strong>1331<\/strong><br \/>(+21 for winning)\n|raw|MattyMutz's rating: 1324 &rarr; <strong>1303<\/strong><br \/>(-21 for losing)\n|l|\u203dMattyMutz\n","uploadtime":1666635097,"views":10,"p1id":"shinjouakane","p2id":"mattymutz","formatid":"gen8nationaldex","rating":1303,"private":0,"password":null}