{"id":"gen8ou-1700693739","p1":"Kwaga","p2":"Creamchiis","format":"gen8ou","log":"|j|\u2606Kwaga\n|j|\u2606Creamchiis\n|t:|1667369234\n|gametype|singles\n|player|p1|Kwaga|brock-gen1rb|\n|player|p2|Creamchiis|whitney|\n|teamsize|p1|6\n|teamsize|p2|6\n|gen|8\n|tier|[Gen 8] OU\n|rule|Sleep Clause Mod: Limit one foe put to sleep\n|rule|Species Clause: Limit one of each Pok\u00e9mon\n|rule|OHKO Clause: OHKO moves are banned\n|rule|Evasion Items Clause: Evasion items are banned\n|rule|Evasion Moves Clause: Evasion moves are banned\n|rule|Endless Battle Clause: Forcing endless battles is banned\n|rule|HP Percentage Mod: HP is shown in percentages\n|rule|Dynamax Clause: You cannot dynamax\n|clearpoke\n|poke|p1|Tyranitar, M|\n|poke|p1|Excadrill, M|\n|poke|p1|Urshifu-*, M|\n|poke|p1|Tapu Lele|\n|poke|p1|Ferrothorn, M|\n|poke|p1|Zapdos|\n|poke|p2|Blissey, F|\n|poke|p2|Porygon2|\n|poke|p2|Porygon-Z|\n|poke|p2|Braviary, M|\n|poke|p2|Indeedee-F, F|\n|poke|p2|Diggersby, F|\n|teampreview\n|\n|t:|1667369244\n|start\n|switch|p1a: Urshifu|Urshifu-Rapid-Strike, M|100\/100\n|switch|p2a: Diggersby|Diggersby, F|100\/100\n|turn|1\n|\n|t:|1667369261\n|switch|p1a: Zapdos|Zapdos|100\/100\n|move|p2a: Diggersby|Hammer Arm|p1a: Zapdos\n|-resisted|p1a: Zapdos\n|-damage|p1a: Zapdos|75\/100\n|-unboost|p2a: Diggersby|spe|1\n|\n|upkeep\n|turn|2\n|\n|t:|1667369270\n|switch|p2a: Blissey|Blissey, F|100\/100\n|move|p1a: Zapdos|Volt Switch|p2a: Blissey\n|-damage|p2a: Blissey|92\/100\n|\n|t:|1667369272\n|switch|p1a: Urshifu|Urshifu-Rapid-Strike, M|100\/100|[from]move: Volt Switch\n|\n|upkeep\n|turn|3\n|\n|t:|1667369280\n|switch|p2a: Porygon2|Porygon2|100\/100\n|-ability|p2a: Porygon2|Unseen Fist|[from] ability: Trace|[of] p1a: Urshifu\n|move|p1a: Urshifu|Close Combat|p2a: Porygon2\n|-supereffective|p2a: Porygon2\n|-damage|p2a: Porygon2|45\/100\n|-unboost|p1a: Urshifu|def|1\n|-unboost|p1a: Urshifu|spd|1\n|\n|upkeep\n|turn|4\n|\n|t:|1667369292\n|move|p1a: Urshifu|Close Combat|p2a: Porygon2\n|-supereffective|p2a: Porygon2\n|-damage|p2a: Porygon2|0 fnt\n|-unboost|p1a: Urshifu|def|1\n|-unboost|p1a: Urshifu|spd|1\n|faint|p2a: Porygon2\n|\n|upkeep\n|\n|t:|1667369298\n|switch|p2a: Porygon-Z|Porygon-Z|100\/100\n|turn|5\n|\n|t:|1667369305\n|switch|p1a: Ferrothorn|Ferrothorn, M|100\/100\n|move|p2a: Porygon-Z|Ice Beam|p1a: Ferrothorn\n|-damage|p1a: Ferrothorn|76\/100\n|\n|-heal|p1a: Ferrothorn|82\/100|[from] item: Leftovers\n|upkeep\n|turn|6\n|\n|t:|1667369312\n|switch|p2a: Indeedee|Indeedee-F, F|100\/100\n|-fieldstart|move: Psychic Terrain|[from] ability: Psychic Surge|[of] p2a: Indeedee\n|move|p1a: Ferrothorn|Stealth Rock|p2a: Indeedee\n|-sidestart|p2: Creamchiis|move: Stealth Rock\n|\n|-heal|p1a: Ferrothorn|88\/100|[from] item: Leftovers\n|upkeep\n|turn|7\n|\n|t:|1667369320\n|switch|p1a: Tyranitar|Tyranitar, M|100\/100\n|-weather|Sandstorm|[from] ability: Sand Stream|[of] p1a: Tyranitar\n|move|p2a: Indeedee|Mystical Fire|p1a: Tyranitar\n|-resisted|p1a: Tyranitar\n|-damage|p1a: Tyranitar|93\/100\n|-unboost|p1a: Tyranitar|spa|1\n|\n|-weather|Sandstorm|[upkeep]\n|-damage|p2a: Indeedee|94\/100|[from] Sandstorm\n|upkeep\n|turn|8\n|\n|t:|1667369338\n|switch|p2a: Diggersby|Diggersby, F|100\/100\n|-damage|p2a: Diggersby|94\/100|[from] Stealth Rock\n|move|p1a: Tyranitar|Crunch|p2a: Diggersby\n|-damage|p2a: Diggersby|12\/100\n|\n|-weather|Sandstorm|[upkeep]\n|upkeep\n|turn|9\n|\n|t:|1667369353\n|switch|p1a: Ferrothorn|Ferrothorn, M|88\/100\n|move|p2a: Diggersby|Hammer Arm|p1a: Ferrothorn\n|-supereffective|p1a: Ferrothorn\n|-damage|p1a: Ferrothorn|0 fnt\n|-unboost|p2a: Diggersby|spe|1\n|-damage|p2a: Diggersby|0 fnt|[from] ability: Iron Barbs|[of] p1a: Ferrothorn\n|faint|p1a: Ferrothorn\n|faint|p2a: Diggersby\n|\n|-weather|Sandstorm|[upkeep]\n|upkeep\n|\n|t:|1667369363\n|switch|p2a: Braviary|Braviary, M|100\/100\n|switch|p1a: Excadrill|Excadrill, M|100\/100\n|-damage|p2a: Braviary|75\/100|[from] Stealth Rock\n|turn|10\n|\n|t:|1667369369\n|move|p1a: Excadrill|Rock Slide|p2a: Braviary\n|-supereffective|p2a: Braviary\n|-damage|p2a: Braviary|16\/100\n|cant|p2a: Braviary|flinch\n|\n|-weather|Sandstorm|[upkeep]\n|-damage|p2a: Braviary|10\/100|[from] Sandstorm\n|-heal|p2a: Braviary|16\/100|[from] item: Leftovers\n|-fieldend|move: Psychic Terrain\n|upkeep\n|turn|11\n|\n|t:|1667369377\n|move|p1a: Excadrill|Rock Slide|p2a: Braviary\n|-supereffective|p2a: Braviary\n|-damage|p2a: Braviary|0 fnt\n|faint|p2a: Braviary\n|\n|-weather|none\n|upkeep\n|\n|t:|1667369386\n|switch|p2a: Indeedee|Indeedee-F, F|94\/100\n|-damage|p2a: Indeedee|82\/100|[from] Stealth Rock\n|-fieldstart|move: Psychic Terrain|[from] ability: Psychic Surge|[of] p2a: Indeedee\n|turn|12\n|\n|t:|1667369394\n|switch|p1a: Zapdos|Zapdos|75\/100\n|move|p2a: Indeedee|Mystical Fire|p1a: Zapdos\n|-damage|p1a: Zapdos|53\/100\n|-unboost|p1a: Zapdos|spa|1\n|\n|upkeep\n|turn|13\n|\n|t:|1667369406\n|move|p2a: Indeedee|Mystical Fire|p1a: Zapdos\n|-damage|p1a: Zapdos|34\/100\n|-unboost|p1a: Zapdos|spa|1\n|move|p1a: Zapdos|Volt Switch|p2a: Indeedee\n|-damage|p2a: Indeedee|65\/100\n|\n|t:|1667369408\n|switch|p1a: Urshifu|Urshifu-Rapid-Strike, M|100\/100|[from]move: Volt Switch\n|\n|upkeep\n|turn|14\n|\n|t:|1667369415\n|move|p2a: Indeedee|Mystical Fire|p1a: Urshifu\n|-resisted|p1a: Urshifu\n|-damage|p1a: Urshifu|85\/100\n|-unboost|p1a: Urshifu|spa|1\n|move|p1a: Urshifu|Close Combat|p2a: Indeedee\n|-damage|p2a: Indeedee|0 fnt\n|-unboost|p1a: Urshifu|def|1\n|-unboost|p1a: Urshifu|spd|1\n|faint|p2a: Indeedee\n|\n|upkeep\n|\n|t:|1667369424\n|switch|p2a: Porygon-Z|Porygon-Z|100\/100\n|-damage|p2a: Porygon-Z|88\/100|[from] Stealth Rock\n|turn|15\n|\n|t:|1667369430\n|switch|p1a: Zapdos|Zapdos|34\/100\n|move|p2a: Porygon-Z|Ice Beam|p1a: Zapdos\n|-supereffective|p1a: Zapdos\n|-damage|p1a: Zapdos|0 fnt\n|faint|p1a: Zapdos\n|\n|upkeep\n|\n|t:|1667369437\n|switch|p1a: Tyranitar|Tyranitar, M|93\/100\n|-weather|Sandstorm|[from] ability: Sand Stream|[of] p1a: Tyranitar\n|turn|16\n|\n|t:|1667369440\n|move|p2a: Porygon-Z|Ice Beam|p1a: Tyranitar\n|-damage|p1a: Tyranitar|73\/100\n|move|p1a: Tyranitar|Crunch|p2a: Porygon-Z\n|-damage|p2a: Porygon-Z|0 fnt\n|faint|p2a: Porygon-Z\n|\n|-weather|Sandstorm|[upkeep]\n|-fieldend|move: Psychic Terrain\n|upkeep\n|c|\u2606Creamchiis|gg\n|c|\u2606Kwaga|gg\n|\n|t:|1667369447\n|switch|p2a: Blissey|Blissey, F|92\/100\n|turn|17\n|\n|t:|1667369449\n|move|p1a: Tyranitar|Crunch|p2a: Blissey\n|-damage|p2a: Blissey|0 fnt\n|faint|p2a: Blissey\n|\n|win|Kwaga\n","uploadtime":1667369453,"views":10,"p1id":"kwaga","p2id":"creamchiis","formatid":"gen8ou","rating":0,"private":0,"password":null}