{"id":"gen8ou-1193805291","p1":"swervewaffle2000","p2":"glaed13","format":"gen8ou","log":"|j|\u2606swervewaffle2000\n|j|\u2606glaed13\n|t:|1601175721\n|player|p1|swervewaffle2000|backersf|1409\n|player|p2|glaed13|riley|1388\n|teamsize|p1|6\n|teamsize|p2|6\n|gametype|singles\n|gen|8\n|tier|[Gen 8] OU\n|rated|\n|html|<div class=\"broadcast-blue\"><strong>OU is currently suspecting Cinderace! For information on how to participate check out the <a href=\"https:\/\/www.smogon.com\/forums\/threads\/3670532\/\">suspect thread<\/a>.<\/strong><\/div>\n|clearpoke\n|poke|p1|Chansey, F|\n|poke|p1|Toxapex, F|\n|poke|p1|Mandibuzz, F|\n|poke|p1|Zeraora|\n|poke|p1|Keldeo-Resolute|\n|poke|p1|Bisharp, M|\n|poke|p2|Hatterene, F|\n|poke|p2|Skarmory, M|\n|poke|p2|Haxorus, F|\n|poke|p2|Arcanine, M|\n|poke|p2|Lucario, M|\n|poke|p2|Obstagoon, M|\n|rule|Sleep Clause Mod: Limit one foe put to sleep\n|rule|Species Clause: Limit one of each Pok\u00e9mon\n|rule|OHKO Clause: OHKO moves are banned\n|rule|Evasion Moves Clause: Evasion moves are banned\n|rule|Endless Battle Clause: Forcing endless battles is banned\n|rule|HP Percentage Mod: HP is shown in percentages\n|rule|Dynamax Clause: You cannot dynamax\n|teampreview\n|inactive|Battle timer is ON: inactive players will automatically lose when time's up. (requested by glaed13)\n|\n|t:|1601175728\n|start\n|switch|p1a: Zeraora|Zeraora|100\/100\n|switch|p2a: Obstagoon|Obstagoon, M|100\/100\n|turn|1\n|\n|t:|1601175736\n|move|p2a: Obstagoon|Parting Shot|p1a: Zeraora\n|-unboost|p1a: Zeraora|atk|1\n|-unboost|p1a: Zeraora|spa|1\n|\n|t:|1601175741\n|switch|p2a: Arcanine|Arcanine, M|100\/100|[from]move: Parting Shot\n|-ability|p2a: Arcanine|Intimidate|boost\n|-unboost|p1a: Zeraora|atk|1\n|move|p1a: Zeraora|Aura Sphere|p2a: Arcanine\n|-damage|p2a: Arcanine|82\/100\n|\n|upkeep\n|turn|2\n|\n|t:|1601175751\n|move|p1a: Zeraora|Volt Switch|p2a: Arcanine\n|-damage|p2a: Arcanine|62\/100\n|\n|t:|1601175756\n|switch|p1a: Keldeo|Keldeo-Resolute|100\/100|[from]move: Volt Switch\n|move|p2a: Arcanine|Will-O-Wisp|p1a: Keldeo\n|-status|p1a: Keldeo|brn\n|\n|-damage|p1a: Keldeo|94\/100 brn|[from] brn\n|upkeep\n|turn|3\n|\n|t:|1601175771\n|switch|p2a: Obstagoon|Obstagoon, M|100\/100\n|move|p1a: Keldeo|Scald|p2a: Obstagoon\n|-damage|p2a: Obstagoon|50\/100\n|\n|-heal|p1a: Keldeo|100\/100 brn|[from] item: Leftovers\n|-damage|p1a: Keldeo|94\/100 brn|[from] brn\n|upkeep\n|turn|4\n|\n|t:|1601175781\n|switch|p1a: Toxapex|Toxapex, F|100\/100\n|move|p2a: Obstagoon|Double-Edge|p1a: Toxapex\n|-damage|p1a: Toxapex|59\/100\n|-damage|p2a: Obstagoon|37\/100|[from] Recoil\n|\n|-heal|p1a: Toxapex|65\/100|[from] item: Black Sludge\n|upkeep\n|turn|5\n|\n|t:|1601175796\n|switch|p2a: Haxorus|Haxorus, F|100\/100\n|-ability|p2a: Haxorus|Mold Breaker\n|switch|p1a: Bisharp|Bisharp, M|100\/100\n|\n|upkeep\n|turn|6\n|\n|t:|1601175806\n|move|p2a: Haxorus|Dragon Dance|p2a: Haxorus\n|-boost|p2a: Haxorus|atk|1\n|-boost|p2a: Haxorus|spe|1\n|move|p1a: Bisharp|Knock Off|p2a: Haxorus\n|-damage|p2a: Haxorus|37\/100\n|-enditem|p2a: Haxorus|Expert Belt|[from] move: Knock Off|[of] p1a: Bisharp\n|\n|upkeep\n|turn|7\n|\n|t:|1601175809\n|move|p1a: Bisharp|Sucker Punch||[still]\n|-fail|p1a: Bisharp\n|move|p2a: Haxorus|Dragon Dance|p2a: Haxorus\n|-boost|p2a: Haxorus|atk|1\n|-boost|p2a: Haxorus|spe|1\n|\n|upkeep\n|turn|8\n|\n|t:|1601175813\n|move|p1a: Bisharp|Sucker Punch||[still]\n|-fail|p1a: Bisharp\n|move|p2a: Haxorus|Dragon Dance|p2a: Haxorus\n|-boost|p2a: Haxorus|atk|1\n|-boost|p2a: Haxorus|spe|1\n|\n|upkeep\n|turn|9\n|\n|t:|1601175815\n|move|p1a: Bisharp|Sucker Punch|p2a: Haxorus\n|-damage|p2a: Haxorus|0 fnt\n|faint|p2a: Haxorus\n|\n|upkeep\n|\n|t:|1601175823\n|switch|p2a: Obstagoon|Obstagoon, M|37\/100\n|turn|10\n|\n|t:|1601175830\n|switch|p1a: Toxapex|Toxapex, F|98\/100\n|move|p2a: Obstagoon|Close Combat|p1a: Toxapex\n|-resisted|p1a: Toxapex\n|-damage|p1a: Toxapex|87\/100\n|-unboost|p2a: Obstagoon|def|1\n|-unboost|p2a: Obstagoon|spd|1\n|\n|-heal|p1a: Toxapex|93\/100|[from] item: Black Sludge\n|upkeep\n|turn|11\n|\n|t:|1601175837\n|switch|p2a: Hatterene|Hatterene, F|100\/100\n|move|p1a: Toxapex|Scald|p2a: Hatterene\n|-damage|p2a: Hatterene|84\/100\n|\n|-heal|p1a: Toxapex|99\/100|[from] item: Black Sludge\n|-heal|p2a: Hatterene|90\/100|[from] item: Leftovers\n|upkeep\n|turn|12\n|\n|t:|1601175850\n|switch|p1a: Bisharp|Bisharp, M|100\/100\n|switch|p2a: Obstagoon|Obstagoon, M|37\/100\n|\n|upkeep\n|turn|13\n|\n|t:|1601175862\n|switch|p1a: Toxapex|Toxapex, F|100\/100\n|move|p2a: Obstagoon|Knock Off|p1a: Toxapex\n|-damage|p1a: Toxapex|74\/100\n|-enditem|p1a: Toxapex|Black Sludge|[from] move: Knock Off|[of] p2a: Obstagoon\n|\n|upkeep\n|turn|14\n|\n|t:|1601175875\n|switch|p2a: Hatterene|Hatterene, F|90\/100\n|move|p1a: Toxapex|Scald|p2a: Hatterene\n|-damage|p2a: Hatterene|70\/100\n|\n|-heal|p2a: Hatterene|76\/100|[from] item: Leftovers\n|upkeep\n|turn|15\n|\n|t:|1601175879\n|switch|p1a: Bisharp|Bisharp, M|100\/100\n|move|p2a: Hatterene|Draining Kiss|p1a: Bisharp\n|-damage|p1a: Bisharp|65\/100\n|-heal|p2a: Hatterene|100\/100|[from] drain|[of] p1a: Bisharp\n|\n|-heal|p1a: Bisharp|71\/100|[from] item: Leftovers\n|upkeep\n|turn|16\n|\n|t:|1601175889\n|switch|p2a: Skarmory|Skarmory, M|100\/100\n|move|p1a: Bisharp|Iron Head|p2a: Skarmory\n|-resisted|p2a: Skarmory\n|-damage|p2a: Skarmory|89\/100\n|-damage|p1a: Bisharp|54\/100|[from] item: Rocky Helmet|[of] p2a: Skarmory\n|\n|-heal|p1a: Bisharp|60\/100|[from] item: Leftovers\n|upkeep\n|turn|17\n|\n|t:|1601175901\n|switch|p1a: Zeraora|Zeraora|100\/100\n|move|p2a: Skarmory|Body Press|p1a: Zeraora\n|-damage|p1a: Zeraora|55\/100\n|\n|upkeep\n|turn|18\n|\n|t:|1601175912\n|switch|p2a: Obstagoon|Obstagoon, M|37\/100\n|move|p1a: Zeraora|Thunderbolt|p2a: Obstagoon\n|-damage|p2a: Obstagoon|0 fnt\n|faint|p2a: Obstagoon\n|\n|upkeep\n|\n|t:|1601175922\n|switch|p2a: Arcanine|Arcanine, M|62\/100\n|-ability|p2a: Arcanine|Intimidate|boost\n|-unboost|p1a: Zeraora|atk|1\n|turn|19\n|\n|t:|1601175927\n|move|p1a: Zeraora|Volt Switch|p2a: Arcanine\n|-damage|p2a: Arcanine|28\/100\n|\n|t:|1601175933\n|switch|p1a: Keldeo|Keldeo-Resolute|94\/100 brn|[from]move: Volt Switch\n|move|p2a: Arcanine|Scorching Sands|p1a: Keldeo\n|-damage|p1a: Keldeo|69\/100 brn\n|\n|-heal|p1a: Keldeo|75\/100 brn|[from] item: Leftovers\n|-damage|p1a: Keldeo|69\/100 brn|[from] brn\n|upkeep\n|turn|20\n|\n|t:|1601175942\n|move|p1a: Keldeo|Scald|p2a: Arcanine\n|-supereffective|p2a: Arcanine\n|-damage|p2a: Arcanine|0 fnt\n|faint|p2a: Arcanine\n|\n|-heal|p1a: Keldeo|75\/100 brn|[from] item: Leftovers\n|-damage|p1a: Keldeo|69\/100 brn|[from] brn\n|upkeep\n|\n|t:|1601175953\n|switch|p2a: Hatterene|Hatterene, F|100\/100\n|turn|21\n|\n|t:|1601175963\n|switch|p1a: Bisharp|Bisharp, M|60\/100\n|move|p2a: Hatterene|Calm Mind|p2a: Hatterene\n|-boost|p2a: Hatterene|spa|1\n|-boost|p2a: Hatterene|spd|1\n|\n|-heal|p1a: Bisharp|66\/100|[from] item: Leftovers\n|upkeep\n|turn|22\n|\n|t:|1601175969\n|move|p1a: Bisharp|Iron Head|p2a: Hatterene\n|-supereffective|p2a: Hatterene\n|-damage|p2a: Hatterene|15\/100\n|cant|p2a: Hatterene|flinch\n|\n|-heal|p1a: Bisharp|72\/100|[from] item: Leftovers\n|-heal|p2a: Hatterene|21\/100|[from] item: Leftovers\n|upkeep\n|turn|23\n|\n|t:|1601175975\n|move|p1a: Bisharp|Knock Off|p2a: Hatterene\n|-damage|p2a: Hatterene|0 fnt\n|-enditem|p2a: Hatterene|Leftovers|[from] move: Knock Off|[of] p1a: Bisharp\n|faint|p2a: Hatterene\n|\n|-heal|p1a: Bisharp|78\/100|[from] item: Leftovers\n|upkeep\n|\n|t:|1601175979\n|switch|p2a: Lucario|Lucario, M|100\/100\n|turn|24\n|\n|t:|1601175985\n|switch|p1a: Toxapex|Toxapex, F|100\/100\n|move|p2a: Lucario|Swords Dance|p2a: Lucario\n|-boost|p2a: Lucario|atk|2\n|\n|upkeep\n|turn|25\n|\n|t:|1601175994\n|move|p2a: Lucario|Extreme Speed|p1a: Toxapex\n|-damage|p1a: Toxapex|67\/100\n|move|p1a: Toxapex|Haze|p1a: Toxapex\n|-clearallboost\n|\n|upkeep\n|turn|26\n|\n|t:|1601176002\n|move|p2a: Lucario|Extreme Speed|p1a: Toxapex\n|-damage|p1a: Toxapex|48\/100\n|move|p1a: Toxapex|Recover|p1a: Toxapex\n|-heal|p1a: Toxapex|99\/100\n|\n|upkeep\n|turn|27\n|\n|t:|1601176008\n|move|p2a: Lucario|Swords Dance|p2a: Lucario\n|-boost|p2a: Lucario|atk|2\n|move|p1a: Toxapex|Scald|p2a: Lucario\n|-damage|p2a: Lucario|77\/100\n|-status|p2a: Lucario|brn\n|-enditem|p2a: Lucario|Lum Berry|[eat]\n|-curestatus|p2a: Lucario|brn|[msg]\n|\n|upkeep\n|turn|28\n|\n|t:|1601176013\n|move|p2a: Lucario|Extreme Speed|p1a: Toxapex\n|-damage|p1a: Toxapex|65\/100\n|move|p1a: Toxapex|Haze|p1a: Toxapex\n|-clearallboost\n|\n|upkeep\n|turn|29\n|\n|t:|1601176019\n|move|p2a: Lucario|Swords Dance|p2a: Lucario\n|-boost|p2a: Lucario|atk|2\n|move|p1a: Toxapex|Scald|p2a: Lucario\n|-damage|p2a: Lucario|54\/100\n|\n|upkeep\n|turn|30\n|\n|t:|1601176022\n|move|p2a: Lucario|Extreme Speed|p1a: Toxapex\n|-damage|p1a: Toxapex|31\/100\n|move|p1a: Toxapex|Haze|p1a: Toxapex\n|-clearallboost\n|\n|upkeep\n|turn|31\n|\n|t:|1601176031\n|move|p2a: Lucario|Extreme Speed|p1a: Toxapex\n|-damage|p1a: Toxapex|14\/100\n|move|p1a: Toxapex|Recover|p1a: Toxapex\n|-heal|p1a: Toxapex|64\/100\n|\n|upkeep\n|turn|32\n|\n|t:|1601176039\n|move|p2a: Lucario|Bullet Punch|p1a: Toxapex\n|-resisted|p1a: Toxapex\n|-damage|p1a: Toxapex|57\/100\n|move|p1a: Toxapex|Recover|p1a: Toxapex\n|-heal|p1a: Toxapex|100\/100\n|\n|upkeep\n|turn|33\n|\n|t:|1601176043\n|move|p2a: Lucario|Swords Dance|p2a: Lucario\n|-boost|p2a: Lucario|atk|2\n|move|p1a: Toxapex|Scald|p2a: Lucario\n|-damage|p2a: Lucario|34\/100\n|-status|p2a: Lucario|brn\n|\n|-damage|p2a: Lucario|28\/100 brn|[from] brn\n|upkeep\n|turn|34\n|\n|t:|1601176048\n|move|p2a: Lucario|Swords Dance|p2a: Lucario\n|-boost|p2a: Lucario|atk|2\n|move|p1a: Toxapex|Scald|p2a: Lucario\n|-damage|p2a: Lucario|7\/100 brn\n|\n|-damage|p2a: Lucario|1\/100 brn|[from] brn\n|upkeep\n|turn|35\n|\n|t:|1601176054\n|move|p2a: Lucario|Extreme Speed|p1a: Toxapex\n|-damage|p1a: Toxapex|75\/100\n|move|p1a: Toxapex|Recover|p1a: Toxapex\n|-heal|p1a: Toxapex|100\/100\n|\n|-damage|p2a: Lucario|0 fnt|[from] brn\n|faint|p2a: Lucario\n|upkeep\n|\n|t:|1601176057\n|switch|p2a: Skarmory|Skarmory, M|89\/100\n|turn|36\n|\n|t:|1601176061\n|switch|p1a: Zeraora|Zeraora|55\/100\n|move|p2a: Skarmory|Drill Peck|p1a: Zeraora\n|-resisted|p1a: Zeraora\n|-damage|p1a: Zeraora|40\/100\n|\n|upkeep\n|turn|37\n|\n|t:|1601176065\n|move|p1a: Zeraora|Thunderbolt|p2a: Skarmory\n|-supereffective|p2a: Skarmory\n|-damage|p2a: Skarmory|0 fnt\n|faint|p2a: Skarmory\n|\n|win|swervewaffle2000\n|raw|swervewaffle2000's rating: 1409 &rarr; <strong>1428<\/strong><br \/>(+19 for winning)\n|raw|glaed13's rating: 1388 &rarr; <strong>1369<\/strong><br \/>(-19 for losing)\n","uploadtime":1601176069,"views":7,"p1id":"swervewaffle2000","p2id":"glaed13","formatid":"gen8ou","rating":1369,"private":0,"password":null}