{"id":"gen8ou-1309323365","p1":"Diameter\u272fXtreme","p2":"i control hax","format":"gen8ou","log":"|j|\u2606Diameter\u272fXtreme\n|j|\u2606i control hax\n|t:|1616763901\n|player|p1|Diameter\u272fXtreme|jasmine-gen2|1791\n|player|p2|i control hax|unknown|1585\n|teamsize|p1|6\n|teamsize|p2|6\n|gametype|singles\n|gen|8\n|tier|[Gen 8] OU\n|rated|\n|clearpoke\n|poke|p1|Salamence, M|\n|poke|p1|Clefable, M|\n|poke|p1|Weavile, M|\n|poke|p1|Ferrothorn, F|\n|poke|p1|Tapu Koko|\n|poke|p1|Hippowdon, M|\n|poke|p2|Tapu Fini|\n|poke|p2|Magnezone|\n|poke|p2|Nidoking, M|\n|poke|p2|Tornadus-Therian, M|\n|poke|p2|Garchomp, F|\n|poke|p2|Urshifu-*, F|\n|rule|Sleep Clause Mod: Limit one foe put to sleep\n|rule|Species Clause: Limit one of each Pok\u00e9mon\n|rule|OHKO Clause: OHKO moves are banned\n|rule|Evasion Moves Clause: Evasion moves are banned\n|rule|Endless Battle Clause: Forcing endless battles is banned\n|rule|HP Percentage Mod: HP is shown in percentages\n|rule|Dynamax Clause: You cannot dynamax\n|teampreview\n|c|\u2606Diameter\u272fXtreme|hf\n|c|\u2606i control hax|u2\n|\n|t:|1616763926\n|start\n|switch|p1a: Weavile|Weavile, M|100\/100\n|switch|p2a: Nidoking|Nidoking, M|100\/100\n|turn|1\n|\n|t:|1616763931\n|switch|p2a: Tapu Fini|Tapu Fini, shiny|100\/100\n|-fieldstart|move: Misty Terrain|[from] ability: Misty Surge|[of] p2a: Tapu Fini\n|move|p1a: Weavile|Triple Axel|p2a: Tapu Fini\n|-resisted|p2a: Tapu Fini\n|-damage|p2a: Tapu Fini|96\/100\n|-resisted|p2a: Tapu Fini\n|-damage|p2a: Tapu Fini|89\/100\n|-resisted|p2a: Tapu Fini\n|-damage|p2a: Tapu Fini|78\/100\n|-hitcount|p2a: Tapu Fini|3\n|\n|-heal|p2a: Tapu Fini|84\/100|[from] item: Leftovers\n|upkeep\n|turn|2\n|\n|t:|1616763941\n|switch|p1a: Ferrothorn|Ferrothorn, F|100\/100\n|switch|p2a: Magnezone|Magnezone|100\/100\n|\n|upkeep\n|turn|3\n|\n|t:|1616763945\n|move|p2a: Magnezone|Substitute|p2a: Magnezone\n|-start|p2a: Magnezone|Substitute\n|-damage|p2a: Magnezone|76\/100\n|move|p1a: Ferrothorn|Spikes|p2a: Magnezone\n|-sidestart|p2: i control hax|Spikes\n|\n|-heal|p2a: Magnezone|82\/100|[from] item: Leftovers\n|upkeep\n|turn|4\n|\n|t:|1616763950\n|move|p2a: Magnezone|Iron Defense|p2a: Magnezone\n|-boost|p2a: Magnezone|def|2\n|move|p1a: Ferrothorn|Spikes|p2a: Magnezone\n|-sidestart|p2: i control hax|Spikes\n|\n|-heal|p2a: Magnezone|88\/100|[from] item: Leftovers\n|upkeep\n|turn|5\n|\n|t:|1616763952\n|move|p2a: Magnezone|Iron Defense|p2a: Magnezone\n|-boost|p2a: Magnezone|def|2\n|move|p1a: Ferrothorn|Spikes|p2a: Magnezone\n|-sidestart|p2: i control hax|Spikes\n|\n|-heal|p2a: Magnezone|94\/100|[from] item: Leftovers\n|-fieldend|Misty Terrain\n|upkeep\n|turn|6\n|\n|t:|1616763957\n|move|p2a: Magnezone|Iron Defense|p2a: Magnezone\n|-boost|p2a: Magnezone|def|2\n|move|p1a: Ferrothorn|Gyro Ball|p2a: Magnezone\n|-resisted|p2a: Magnezone\n|-activate|p2a: Magnezone|move: Substitute|[damage]\n|\n|-heal|p2a: Magnezone|99\/100|[from] item: Leftovers\n|upkeep\n|turn|7\n|\n|t:|1616763959\n|move|p2a: Magnezone|Body Press|p1a: Ferrothorn\n|-supereffective|p1a: Ferrothorn\n|-damage|p1a: Ferrothorn|0 fnt\n|-damage|p2a: Magnezone|87\/100|[from] ability: Iron Barbs|[of] p1a: Ferrothorn\n|faint|p1a: Ferrothorn\n|\n|-heal|p2a: Magnezone|93\/100|[from] item: Leftovers\n|upkeep\n|\n|t:|1616763969\n|switch|p1a: Hippowdon|Hippowdon, M|100\/100\n|-weather|Sandstorm|[from] ability: Sand Stream|[of] p1a: Hippowdon\n|turn|8\n|\n|t:|1616763973\n|move|p2a: Magnezone|Body Press|p1a: Hippowdon\n|-damage|p1a: Hippowdon|30\/100\n|move|p1a: Hippowdon|High Horsepower|p2a: Magnezone\n|-supereffective|p2a: Magnezone\n|-end|p2a: Magnezone|Substitute\n|\n|-weather|Sandstorm|[upkeep]\n|-heal|p2a: Magnezone|99\/100|[from] item: Leftovers\n|-heal|p1a: Hippowdon|36\/100|[from] item: Leftovers\n|upkeep\n|turn|9\n|\n|t:|1616763980\n|switch|p1a: Clefable|Clefable, M|100\/100\n|move|p2a: Magnezone|Body Press|p1a: Clefable\n|-resisted|p1a: Clefable\n|-damage|p1a: Clefable|90\/100\n|\n|-weather|Sandstorm|[upkeep]\n|-damage|p1a: Clefable|83\/100|[from] Sandstorm\n|-heal|p2a: Magnezone|100\/100|[from] item: Leftovers\n|upkeep\n|turn|10\n|\n|t:|1616763983\n|move|p2a: Magnezone|Substitute|p2a: Magnezone\n|-start|p2a: Magnezone|Substitute\n|-damage|p2a: Magnezone|76\/100\n|move|p1a: Clefable|Calm Mind|p1a: Clefable\n|-boost|p1a: Clefable|spa|1\n|-boost|p1a: Clefable|spd|1\n|\n|-weather|Sandstorm|[upkeep]\n|-damage|p1a: Clefable|77\/100|[from] Sandstorm\n|-heal|p2a: Magnezone|82\/100|[from] item: Leftovers\n|upkeep\n|turn|11\n|\n|t:|1616763991\n|switch|p2a: Urshifu|Urshifu-Rapid-Strike, F|100\/100\n|-damage|p2a: Urshifu|76\/100|[from] Spikes\n|move|p1a: Clefable|Calm Mind|p1a: Clefable\n|-boost|p1a: Clefable|spa|1\n|-boost|p1a: Clefable|spd|1\n|\n|-weather|Sandstorm|[upkeep]\n|-damage|p2a: Urshifu|69\/100|[from] Sandstorm\n|-damage|p1a: Clefable|71\/100|[from] Sandstorm\n|upkeep\n|turn|12\n|\n|t:|1616763996\n|move|p2a: Urshifu|Surging Strikes|p1a: Clefable\n|-crit|p1a: Clefable\n|-damage|p1a: Clefable|48\/100\n|-crit|p1a: Clefable\n|-damage|p1a: Clefable|26\/100\n|-crit|p1a: Clefable\n|-damage|p1a: Clefable|1\/100\n|-hitcount|p1a: Clefable|3\n|move|p1a: Clefable|Soft-Boiled|p1a: Clefable\n|-heal|p1a: Clefable|51\/100\n|\n|-weather|none\n|upkeep\n|turn|13\n|\n|t:|1616764003\n|switch|p1a: Eros|Salamence, M|100\/100\n|-ability|p1a: Eros|Intimidate|boost\n|-unboost|p2a: Urshifu|atk|1\n|move|p2a: Urshifu|Surging Strikes|p1a: Eros\n|-resisted|p1a: Eros\n|-crit|p1a: Eros\n|-damage|p1a: Eros|90\/100\n|-resisted|p1a: Eros\n|-crit|p1a: Eros\n|-damage|p1a: Eros|79\/100\n|-resisted|p1a: Eros\n|-crit|p1a: Eros\n|-damage|p1a: Eros|68\/100\n|-hitcount|p1a: Eros|3\n|\n|upkeep\n|turn|14\n|\n|t:|1616764014\n|switch|p1a: Tapu Koko|Tapu Koko, shiny|100\/100\n|-fieldstart|move: Electric Terrain|[from] ability: Electric Surge|[of] p1a: Tapu Koko\n|move|p2a: Urshifu|Surging Strikes|p1a: Tapu Koko\n|-crit|p1a: Tapu Koko\n|-damage|p1a: Tapu Koko|59\/100\n|-crit|p1a: Tapu Koko\n|-damage|p1a: Tapu Koko|16\/100\n|-crit|p1a: Tapu Koko\n|-damage|p1a: Tapu Koko|0 fnt\n|-hitcount|p1a: Tapu Koko|3\n|faint|p1a: Tapu Koko\n|\n|upkeep\n|c|\u2606Diameter\u272fXtreme|gg\n|-message|Diameter\u272fXtreme forfeited.\n|\n|win|i control hax\n|raw|Diameter\u272fXtreme's rating: 1791 &rarr; <strong>1760<\/strong><br \/>(-31 for losing)\n|raw|i control hax's rating: 1584 &rarr; <strong>1615<\/strong><br \/>(+31 for winning)\n|l|\u2606Diameter\u272fXtreme\n||Ladder isn't responding, score probably updated but might not have (Request timeout).\n","uploadtime":1616764069,"views":40,"p1id":"diameterxtreme","p2id":"icontrolhax","formatid":"gen8ou","rating":1615,"private":0,"password":null}