{"id":"gen8monotype-1706323971","p1":"FadedCharm","p2":"Saimasseuh v8","format":"gen8monotype","log":"|j|\u2606FadedCharm\n|j|\u2606Saimasseuh v8\n|t:|1667972585\n|gametype|singles\n|player|p1|FadedCharm|102|1716\n|player|p2|Saimasseuh v8|1|1617\n|teamsize|p1|6\n|teamsize|p2|6\n|gen|8\n|tier|[Gen 8] Monotype\n|rated|\n|rule|Same Type Clause: Pok\u00e9mon in a team must share a type\n|rule|Sleep Clause Mod: Limit one foe put to sleep\n|rule|Species Clause: Limit one of each Pok\u00e9mon\n|rule|OHKO Clause: OHKO moves are banned\n|rule|Evasion Items Clause: Evasion items are banned\n|rule|Evasion Moves Clause: Evasion moves are banned\n|rule|Endless Battle Clause: Forcing endless battles is banned\n|rule|HP Percentage Mod: HP is shown in percentages\n|rule|Dynamax Clause: You cannot dynamax\n|clearpoke\n|poke|p1|Cinderace, F|\n|poke|p1|Moltres|\n|poke|p1|Blacephalon|\n|poke|p1|Volcanion|\n|poke|p1|Heatran, F|\n|poke|p1|Torkoal, F|\n|poke|p2|Landorus-Therian, M|\n|poke|p2|Celesteela|\n|poke|p2|Zapdos-Galar|\n|poke|p2|Tornadus-Therian, M|\n|poke|p2|Dragonite, F|\n|poke|p2|Corviknight, M|\n|teampreview\n|\n|t:|1667972597\n|start\n|switch|p1a: Torkoal|Torkoal, F|100\/100\n|switch|p2a: Landorus|Landorus-Therian, M|100\/100\n|-ability|p2a: Landorus|Intimidate|boost\n|-unboost|p1a: Torkoal|atk|1\n|-weather|SunnyDay|[from] ability: Drought|[of] p1a: Torkoal\n|turn|1\n|\n|t:|1667972602\n|move|p2a: Landorus|Earthquake|p1a: Torkoal\n|-supereffective|p1a: Torkoal\n|-damage|p1a: Torkoal|49\/100\n|move|p1a: Torkoal|Lava Plume|p2a: Landorus\n|-damage|p2a: Landorus|57\/100\n|\n|-weather|SunnyDay|[upkeep]\n|upkeep\n|turn|2\n|\n|t:|1667972608\n|switch|p1a: Moltres|Moltres|100\/100\n|move|p2a: Landorus|Toxic|p1a: Moltres\n|-status|p1a: Moltres|tox\n|\n|-weather|SunnyDay|[upkeep]\n|-damage|p1a: Moltres|94\/100 tox|[from] psn\n|upkeep\n|turn|3\n|\n|t:|1667972614\n|move|p2a: Landorus|Stealth Rock|p1a: Moltres\n|-sidestart|p1: FadedCharm|move: Stealth Rock\n|move|p1a: Moltres|Hurricane|p2a: Landorus|[miss]\n|-miss|p1a: Moltres|p2a: Landorus\n|\n|-weather|SunnyDay|[upkeep]\n|-damage|p1a: Moltres|82\/100 tox|[from] psn\n|upkeep\n|turn|4\n|\n|t:|1667972618\n|move|p2a: Landorus|Knock Off|p1a: Moltres\n|-damage|p1a: Moltres|58\/100 tox\n|-status|p2a: Landorus|brn|[from] ability: Flame Body|[of] p1a: Moltres\n|-enditem|p1a: Moltres|Heavy-Duty Boots|[from] move: Knock Off|[of] p2a: Landorus\n|move|p1a: Moltres|Defog|p2a: Landorus\n|-unboost|p2a: Landorus|evasion|1\n|-sideend|p1: FadedCharm|Stealth Rock|[from] move: Defog|[of] p1a: Moltres\n|\n|-weather|SunnyDay|[upkeep]\n|-damage|p1a: Moltres|40\/100 tox|[from] psn\n|-damage|p2a: Landorus|51\/100 brn|[from] brn\n|upkeep\n|turn|5\n|\n|t:|1667972623\n|move|p2a: Landorus|Stealth Rock|p1a: Moltres\n|-sidestart|p1: FadedCharm|move: Stealth Rock\n|move|p1a: Moltres|Defog|p2a: Landorus\n|-unboost|p2a: Landorus|evasion|1\n|-sideend|p1: FadedCharm|Stealth Rock|[from] move: Defog|[of] p1a: Moltres\n|\n|-weather|SunnyDay|[upkeep]\n|-damage|p1a: Moltres|16\/100 tox|[from] psn\n|-damage|p2a: Landorus|45\/100 brn|[from] brn\n|upkeep\n|turn|6\n|\n|t:|1667972632\n|switch|p1a: Heatran|Heatran, F|100\/100\n|-item|p1a: Heatran|Air Balloon\n|move|p2a: Landorus|Stealth Rock|p1a: Heatran\n|-sidestart|p1: FadedCharm|move: Stealth Rock\n|\n|-weather|SunnyDay|[upkeep]\n|-damage|p2a: Landorus|39\/100 brn|[from] brn\n|upkeep\n|turn|7\n|\n|t:|1667972638\n|switch|p1a: Moltres|Moltres|16\/100 tox\n|-damage|p1a: Moltres|0 fnt|[from] Stealth Rock\n|faint|p1a: Moltres\n|move|p2a: Landorus|Knock Off|p1: Moltres|[notarget]\n|-fail|p2a: Landorus\n|\n|-weather|SunnyDay|[upkeep]\n|-damage|p2a: Landorus|33\/100 brn|[from] brn\n|upkeep\n|\n|t:|1667972643\n|switch|p1a: Blacephalon|Blacephalon|100\/100\n|-damage|p1a: Blacephalon|76\/100|[from] Stealth Rock\n|turn|8\n|\n|t:|1667972647\n|switch|p2a: Dragonite|Dragonite, F|100\/100\n|move|p1a: Blacephalon|Shadow Ball|p2a: Dragonite\n|-damage|p2a: Dragonite|78\/100\n|\n|-weather|none\n|upkeep\n|turn|9\n|\n|t:|1667972655\n|switch|p1a: Volcanion|Volcanion|100\/100\n|move|p2a: Dragonite|Roost|p2a: Dragonite\n|-heal|p2a: Dragonite|100\/100\n|-singleturn|p2a: Dragonite|move: Roost\n|\n|upkeep\n|turn|10\n|\n|t:|1667972659\n|move|p2a: Dragonite|Dragon Dance|p2a: Dragonite\n|-boost|p2a: Dragonite|atk|1\n|-boost|p2a: Dragonite|spe|1\n|move|p1a: Volcanion|Defog|p2a: Dragonite\n|-unboost|p2a: Dragonite|evasion|1\n|-sideend|p1: FadedCharm|Stealth Rock|[from] move: Defog|[of] p1a: Volcanion\n|\n|upkeep\n|turn|11\n|\n|t:|1667972661\n|move|p2a: Dragonite|Thunder Punch|p1a: Volcanion\n|-supereffective|p1a: Volcanion\n|-damage|p1a: Volcanion|37\/100\n|-status|p1a: Volcanion|par\n|move|p1a: Volcanion|Steam Eruption|p2a: Dragonite\n|-resisted|p2a: Dragonite\n|-damage|p2a: Dragonite|84\/100\n|-status|p2a: Dragonite|brn\n|\n|-damage|p2a: Dragonite|78\/100 brn|[from] brn\n|upkeep\n|turn|12\n|\n|t:|1667972665\n|move|p2a: Dragonite|Dragon Dance|p2a: Dragonite\n|-boost|p2a: Dragonite|atk|1\n|-boost|p2a: Dragonite|spe|1\n|move|p1a: Volcanion|Sludge Wave|p2a: Dragonite\n|-damage|p2a: Dragonite|40\/100 brn\n|\n|-damage|p2a: Dragonite|34\/100 brn|[from] brn\n|upkeep\n|turn|13\n|\n|t:|1667972672\n|move|p2a: Dragonite|Roost|p2a: Dragonite\n|-heal|p2a: Dragonite|84\/100 brn\n|-singleturn|p2a: Dragonite|move: Roost\n|cant|p1a: Volcanion|par\n|\n|-damage|p2a: Dragonite|78\/100 brn|[from] brn\n|upkeep\n|turn|14\n|\n|t:|1667972675\n|move|p2a: Dragonite|Roost|p2a: Dragonite\n|-heal|p2a: Dragonite|100\/100 brn\n|-singleturn|p2a: Dragonite|move: Roost\n|move|p1a: Volcanion|Sludge Wave|p2a: Dragonite\n|-damage|p2a: Dragonite|82\/100 brn\n|\n|-damage|p2a: Dragonite|76\/100 brn|[from] brn\n|upkeep\n|turn|15\n|\n|t:|1667972680\n|switch|p1a: Heatran|Heatran, F|100\/100\n|-item|p1a: Heatran|Air Balloon\n|move|p2a: Dragonite|Dragon Dance|p2a: Dragonite\n|-boost|p2a: Dragonite|atk|1\n|-boost|p2a: Dragonite|spe|1\n|\n|-damage|p2a: Dragonite|70\/100 brn|[from] brn\n|upkeep\n|turn|16\n|\n|t:|1667972684\n|move|p2a: Dragonite|Roost|p2a: Dragonite\n|-heal|p2a: Dragonite|100\/100 brn\n|-singleturn|p2a: Dragonite|move: Roost\n|move|p1a: Heatran|Dragon Pulse|p2a: Dragonite\n|-supereffective|p2a: Dragonite\n|-damage|p2a: Dragonite|69\/100 brn\n|\n|-damage|p2a: Dragonite|63\/100 brn|[from] brn\n|upkeep\n|turn|17\n|\n|t:|1667972690\n|move|p2a: Dragonite|Thunder Punch|p1a: Heatran\n|-damage|p1a: Heatran|66\/100\n|-enditem|p1a: Heatran|Air Balloon\n|move|p1a: Heatran|Dragon Pulse|p2a: Dragonite\n|-supereffective|p2a: Dragonite\n|-damage|p2a: Dragonite|0 fnt\n|faint|p2a: Dragonite\n|\n|upkeep\n|\n|t:|1667972693\n|switch|p2a: Landorus|Landorus-Therian, M|33\/100 brn\n|-ability|p2a: Landorus|Intimidate|boost\n|-unboost|p1a: Heatran|atk|1\n|turn|18\n|\n|t:|1667972700\n|switch|p1a: Volcanion|Volcanion|37\/100 par\n|move|p2a: Landorus|Stealth Rock|p1a: Volcanion\n|-sidestart|p1: FadedCharm|move: Stealth Rock\n|\n|-damage|p2a: Landorus|27\/100 brn|[from] brn\n|upkeep\n|turn|19\n|\n|t:|1667972703\n|move|p2a: Landorus|Earthquake|p1a: Volcanion\n|-supereffective|p1a: Volcanion\n|-damage|p1a: Volcanion|0 fnt\n|faint|p1a: Volcanion\n|\n|-damage|p2a: Landorus|21\/100 brn|[from] brn\n|upkeep\n|\n|t:|1667972709\n|switch|p1a: Torkoal|Torkoal, F|49\/100\n|-damage|p1a: Torkoal|24\/100|[from] Stealth Rock\n|-weather|SunnyDay|[from] ability: Drought|[of] p1a: Torkoal\n|turn|20\n|\n|t:|1667972712\n|move|p2a: Landorus|Earthquake|p1a: Torkoal\n|-supereffective|p1a: Torkoal\n|-damage|p1a: Torkoal|0 fnt\n|faint|p1a: Torkoal\n|\n|-weather|SunnyDay|[upkeep]\n|-damage|p2a: Landorus|15\/100 brn|[from] brn\n|upkeep\n|\n|t:|1667972717\n|switch|p1a: Blacephalon|Blacephalon|76\/100\n|-damage|p1a: Blacephalon|51\/100|[from] Stealth Rock\n|turn|21\n|\n|t:|1667972729\n|move|p1a: Blacephalon|Flamethrower|p2a: Landorus\n|-damage|p2a: Landorus|0 fnt\n|faint|p2a: Landorus\n|-ability|p1a: Blacephalon|Beast Boost|boost\n|-boost|p1a: Blacephalon|spa|1\n|\n|-weather|SunnyDay|[upkeep]\n|upkeep\n|\n|t:|1667972743\n|switch|p2a: Zapdos|Zapdos-Galar|100\/100\n|turn|22\n|\n|t:|1667972746\n|move|p1a: Blacephalon|Flamethrower|p2a: Zapdos\n|-damage|p2a: Zapdos|0 fnt\n|faint|p2a: Zapdos\n|-ability|p1a: Blacephalon|Beast Boost|boost\n|-boost|p1a: Blacephalon|spa|1\n|\n|-weather|SunnyDay|[upkeep]\n|upkeep\n|-message|Saimasseuh v8 forfeited.\n|\n|win|FadedCharm\n|raw|FadedCharm's rating: 1716 &rarr; <strong>1730<\/strong><br \/>(+14 for winning)\n|raw|Saimasseuh v8's rating: 1617 &rarr; <strong>1603<\/strong><br \/>(-14 for losing)\n|l|\u2606Saimasseuh v8\n","uploadtime":1667972761,"views":9,"p1id":"fadedcharm","p2id":"saimasseuhv8","formatid":"gen8monotype","rating":1603,"private":0,"password":null}