{"id":"gen8nationaldexag-1071015800","p1":"yhdrslb","p2":"Reviews2D","format":"gen8nationaldexag","log":"|j|\u2606yhdrslb\n|j|\u2606Reviews2D\n|player|p1|yhdrslb|30|1460\n|player|p2|Reviews2D|hilbert-dueldisk|1382\n|teamsize|p1|6\n|teamsize|p2|6\n|gametype|singles\n|gen|8\n|tier|[Gen 8] National Dex AG\n|rated|\n|clearpoke\n|poke|p1|Espeon, F|\n|poke|p1|Whimsicott, M|\n|poke|p1|Lugia|\n|poke|p1|Smeargle, F|\n|poke|p1|Rayquaza|\n|poke|p1|Giratina|\n|poke|p2|Eternatus|\n|poke|p2|Ditto|\n|poke|p2|Zacian-Crowned|\n|poke|p2|Kyogre|\n|poke|p2|Dugtrio, F|\n|poke|p2|Ditto|\n|rule|HP Percentage Mod: HP is shown in percentages\n|rule|Endless Battle Clause: Forcing endless battles is banned\n|teampreview\n|inactive|Battle timer is ON: inactive players will automatically lose when time's up. (requested by Reviews2D)\n|\n|start\n|switch|p1a: Lugia|Lugia|100\/100\n|switch|p2a: Ditto|Ditto|100\/100\n|-transform|p2a: Ditto|p1a: Lugia|[from] ability: Imposter\n|turn|1\n|\n|switch|p1a: Espeon|Espeon, F|100\/100\n|move|p2a: Ditto|Toxic|p1a: Espeon\n|move|p1a: Espeon|Toxic|p2a: Ditto|[from]Magic Bounce\n|-status|p2a: Ditto|tox\n|\n|-damage|p2a: Ditto|94\/100 tox|[from] psn\n|upkeep\n|turn|2\n|\n|switch|p2a: Zacian|Zacian-Crowned|100\/100\n|-ability|p2a: Zacian|Intrepid Sword|boost\n|-boost|p2a: Zacian|atk|1\n|move|p1a: Espeon|Reflect|p1a: Espeon\n|-sidestart|p1: yhdrslb|Reflect\n|\n|upkeep\n|turn|3\n|\n|switch|p1a: Giratina|Giratina|100\/100\n|-ability|p1a: Giratina|Pressure\n|move|p2a: Zacian|Swords Dance|p2a: Zacian\n|-boost|p2a: Zacian|atk|2\n|\n|upkeep\n|turn|4\n|\n|switch|p2a: Eternatus|Eternatus|100\/100\n|-ability|p2a: Eternatus|Pressure\n|move|p1a: Giratina|Will-O-Wisp|p2a: Eternatus\n|-status|p2a: Eternatus|brn\n|\n|-damage|p2a: Eternatus|94\/100 brn|[from] brn\n|upkeep\n|turn|5\n|\n|switch|p1a: Lugia|Lugia|100\/100\n|move|p2a: Eternatus|Substitute|p2a: Eternatus\n|-start|p2a: Eternatus|Substitute\n|-damage|p2a: Eternatus|69\/100 brn\n|\n|-heal|p2a: Eternatus|76\/100 brn|[from] item: Black Sludge\n|-damage|p2a: Eternatus|69\/100 brn|[from] brn\n|upkeep\n|turn|6\n|\n|move|p2a: Eternatus|Flamethrower|p1a: Lugia\n|-damage|p1a: Lugia|91\/100\n|move|p1a: Lugia|Substitute|p1a: Lugia\n|-start|p1a: Lugia|Substitute\n|-damage|p1a: Lugia|67\/100\n|\n|-heal|p2a: Eternatus|76\/100 brn|[from] item: Black Sludge\n|-heal|p1a: Lugia|73\/100|[from] item: Leftovers\n|-damage|p2a: Eternatus|69\/100 brn|[from] brn\n|-sideend|p1: yhdrslb|Reflect\n|upkeep\n|turn|7\n|\n|move|p2a: Eternatus|Dynamax Cannon|p1a: Lugia\n|-end|p1a: Lugia|Substitute\n|move|p1a: Lugia|Whirlwind|p2a: Eternatus\n|drag|p2a: Zacian|Zacian-Crowned|100\/100\n|-ability|p2a: Zacian|Intrepid Sword|boost\n|-boost|p2a: Zacian|atk|1\n|\n|-heal|p1a: Lugia|79\/100|[from] item: Leftovers\n|upkeep\n|turn|8\n|\n|move|p2a: Zacian|Behemoth Blade|p1a: Lugia\n|-damage|p1a: Lugia|32\/100\n|move|p1a: Lugia|Whirlwind|p2a: Zacian\n|drag|p2a: Eternatus|Eternatus|69\/100 brn\n|-ability|p2a: Eternatus|Pressure\n|\n|-heal|p2a: Eternatus|76\/100 brn|[from] item: Black Sludge\n|-heal|p1a: Lugia|38\/100|[from] item: Leftovers\n|-damage|p2a: Eternatus|69\/100 brn|[from] brn\n|upkeep\n|turn|9\n|\n|move|p2a: Eternatus|Dynamax Cannon|p1a: Lugia\n|-damage|p1a: Lugia|9\/100\n|move|p1a: Lugia|Roost|p1a: Lugia\n|-heal|p1a: Lugia|59\/100\n|-singleturn|p1a: Lugia|move: Roost\n|\n|-heal|p2a: Eternatus|76\/100 brn|[from] item: Black Sludge\n|-heal|p1a: Lugia|65\/100|[from] item: Leftovers\n|-damage|p2a: Eternatus|69\/100 brn|[from] brn\n|upkeep\n|turn|10\n|\n|switch|p2a: Zacian|Zacian-Crowned|100\/100\n|-ability|p2a: Zacian|Intrepid Sword|boost\n|-boost|p2a: Zacian|atk|1\n|move|p1a: Lugia|Roost|p1a: Lugia\n|-heal|p1a: Lugia|100\/100\n|-singleturn|p1a: Lugia|move: Roost\n|\n|upkeep\n|turn|11\n|\n|move|p2a: Zacian|Behemoth Blade|p1a: Lugia\n|-damage|p1a: Lugia|74\/100\n|move|p1a: Lugia|Whirlwind|p2a: Zacian\n|drag|p2a: Eternatus|Eternatus|69\/100 brn\n|-ability|p2a: Eternatus|Pressure\n|\n|-heal|p2a: Eternatus|76\/100 brn|[from] item: Black Sludge\n|-heal|p1a: Lugia|80\/100|[from] item: Leftovers\n|-damage|p2a: Eternatus|69\/100 brn|[from] brn\n|upkeep\n|turn|12\n|\n|switch|p2a: Zacian|Zacian-Crowned|100\/100\n|-ability|p2a: Zacian|Intrepid Sword|boost\n|-boost|p2a: Zacian|atk|1\n|move|p1a: Lugia|Substitute|p1a: Lugia\n|-start|p1a: Lugia|Substitute\n|-damage|p1a: Lugia|55\/100\n|\n|-heal|p1a: Lugia|62\/100|[from] item: Leftovers\n|upkeep\n|turn|13\n|\n|move|p2a: Zacian|Play Rough|p1a: Lugia\n|-end|p1a: Lugia|Substitute\n|move|p1a: Lugia|Whirlwind|p2a: Zacian\n|drag|p2a: Kyogre|Kyogre|100\/100\n|detailschange|p2a: Kyogre|Kyogre-Primal\n|-primal|p2a: Kyogre\n|-weather|PrimordialSea|[from] ability: Primordial Sea|[of] p2a: Kyogre\n|\n|-weather|PrimordialSea|[upkeep]\n|-heal|p1a: Lugia|68\/100|[from] item: Leftovers\n|upkeep\n|turn|14\n|\n|switch|p1a: Giratina|Giratina|100\/100\n|-ability|p1a: Giratina|Pressure\n|move|p2a: Kyogre|Water Spout|p1a: Giratina\n|-resisted|p1a: Giratina\n|-damage|p1a: Giratina|63\/100\n|\n|-weather|PrimordialSea|[upkeep]\n|-heal|p1a: Giratina|69\/100|[from] item: Leftovers\n|upkeep\n|turn|15\n|\n|-weather|none\n|switch|p2a: Eternatus|Eternatus|69\/100 brn\n|-ability|p2a: Eternatus|Pressure\n|move|p1a: Giratina|Dragon Tail|p2a: Eternatus\n|-supereffective|p2a: Eternatus\n|-damage|p2a: Eternatus|38\/100 brn\n|drag|p2a: Ditto|Ditto|100\/100\n|-transform|p2a: Ditto|p1a: Giratina|[from] ability: Imposter\n|-ability|p2a: Ditto|Pressure\n|\n|-heal|p1a: Giratina|75\/100|[from] item: Leftovers\n|upkeep\n|turn|16\n|\n|switch|p1a: Whimsicott|Whimsicott, M|100\/100\n|move|p2a: Ditto|Dragon Tail|p1a: Whimsicott\n|-immune|p1a: Whimsicott\n|\n|upkeep\n|turn|17\n|\n|switch|p2a: Eternatus|Eternatus|38\/100 brn\n|-ability|p2a: Eternatus|Pressure\n|move|p1a: Whimsicott|Substitute|p1a: Whimsicott\n|-start|p1a: Whimsicott|Substitute\n|-damage|p1a: Whimsicott|76\/100\n|\n|-heal|p2a: Eternatus|44\/100 brn|[from] item: Black Sludge\n|-damage|p2a: Eternatus|38\/100 brn|[from] brn\n|upkeep\n|turn|18\n|\n|move|p1a: Whimsicott|Leech Seed|p2a: Eternatus\n|-start|p2a: Eternatus|move: Leech Seed\n|move|p2a: Eternatus|Recover|p2a: Eternatus\n|-heal|p2a: Eternatus|88\/100 brn\n|\n|-heal|p2a: Eternatus|94\/100 brn|[from] item: Black Sludge\n|-damage|p2a: Eternatus|81\/100 brn|[from] Leech Seed|[of] p1a: Whimsicott\n|-heal|p1a: Whimsicott|92\/100|[silent]\n|-damage|p2a: Eternatus|75\/100 brn|[from] brn\n|upkeep\n|turn|19\n|\n|switch|p2a: Zacian|Zacian-Crowned|100\/100\n|-ability|p2a: Zacian|Intrepid Sword|boost\n|-boost|p2a: Zacian|atk|1\n|switch|p1a: Lugia|Lugia|68\/100\n|\n|-heal|p1a: Lugia|74\/100|[from] item: Leftovers\n|upkeep\n|turn|20\n|\n|move|p2a: Zacian|Behemoth Blade|p1a: Lugia\n|-damage|p1a: Lugia|24\/100\n|move|p1a: Lugia|Roost|p1a: Lugia\n|-heal|p1a: Lugia|74\/100\n|-singleturn|p1a: Lugia|move: Roost\n|\n|-heal|p1a: Lugia|80\/100|[from] item: Leftovers\n|upkeep\n|turn|21\n|\n|move|p2a: Zacian|Play Rough|p1a: Lugia\n|-damage|p1a: Lugia|38\/100\n|move|p1a: Lugia|Roost|p1a: Lugia\n|-heal|p1a: Lugia|89\/100\n|-singleturn|p1a: Lugia|move: Roost\n|\n|-heal|p1a: Lugia|95\/100|[from] item: Leftovers\n|upkeep\n|turn|22\n|\n|move|p2a: Zacian|Play Rough|p1a: Lugia|[miss]\n|-miss|p2a: Zacian|p1a: Lugia\n|move|p1a: Lugia|Roost|p1a: Lugia\n|-heal|p1a: Lugia|100\/100\n|-singleturn|p1a: Lugia|move: Roost\n|\n|upkeep\n|turn|23\n|\n|move|p2a: Zacian|Play Rough|p1a: Lugia\n|-damage|p1a: Lugia|79\/100\n|move|p1a: Lugia|Whirlwind|p2a: Zacian\n|drag|p2a: Kyogre|Kyogre-Primal|100\/100\n|-weather|PrimordialSea|[from] ability: Primordial Sea|[of] p2a: Kyogre\n|\n|-weather|PrimordialSea|[upkeep]\n|-heal|p1a: Lugia|85\/100|[from] item: Leftovers\n|upkeep\n|turn|24\n|inactive|Reviews2D has 120 seconds left.\n|\n|switch|p1a: Giratina|Giratina|75\/100\n|-ability|p1a: Giratina|Pressure\n|move|p2a: Kyogre|Ice Beam|p1a: Giratina\n|-supereffective|p1a: Giratina\n|-damage|p1a: Giratina|34\/100\n|\n|-weather|PrimordialSea|[upkeep]\n|-heal|p1a: Giratina|40\/100|[from] item: Leftovers\n|upkeep\n|turn|25\n|inactive|Reviews2D has 120 seconds left.\n|\n|move|p2a: Kyogre|Ice Beam|p1a: Giratina\n|-supereffective|p1a: Giratina\n|-damage|p1a: Giratina|0 fnt\n|faint|p1a: Giratina\n|\n|-weather|PrimordialSea|[upkeep]\n|upkeep\n|\n|switch|p1a: Smeargle|Smeargle, F|100\/100\n|turn|26\n|\n|move|p2a: Kyogre|Water Spout|p1a: Smeargle\n|-enditem|p1a: Smeargle|Focus Sash\n|-damage|p1a: Smeargle|1\/100\n|move|p1a: Smeargle|Nuzzle|p2a: Kyogre\n|-supereffective|p2a: Kyogre\n|-damage|p2a: Kyogre|98\/100\n|-status|p2a: Kyogre|par\n|\n|-weather|PrimordialSea|[upkeep]\n|-ability|p1a: Smeargle|Moody|boost\n|-boost|p1a: Smeargle|atk|2\n|-unboost|p1a: Smeargle|spe|1\n|upkeep\n|turn|27\n|\n|move|p1a: Smeargle|Stealth Rock|p2a: Kyogre\n|-sidestart|p2: Reviews2D|move: Stealth Rock\n|move|p2a: Kyogre|Ice Beam|p1a: Smeargle\n|-damage|p1a: Smeargle|0 fnt\n|faint|p1a: Smeargle\n|\n|-weather|PrimordialSea|[upkeep]\n|upkeep\n|\n|switch|p1a: Rayquaza|Rayquaza|100\/100\n|-ability|p1a: Rayquaza|Air Lock\n|turn|28\n|\n|detailschange|p1a: Rayquaza|Rayquaza-Mega\n|-mega|p1a: Rayquaza|Rayquaza|\n|-weather|DeltaStream|[from] ability: Delta Stream|[of] p1a: Rayquaza\n|move|p1a: Rayquaza|Dragon Dance|p1a: Rayquaza\n|-boost|p1a: Rayquaza|atk|1\n|-boost|p1a: Rayquaza|spe|1\n|move|p2a: Kyogre|Ice Beam|p1a: Rayquaza\n|-activate||deltastream\n|-supereffective|p1a: Rayquaza\n|-damage|p1a: Rayquaza|21\/100\n|\n|-weather|DeltaStream|[upkeep]\n|upkeep\n|turn|29\n|\n|move|p1a: Rayquaza|Dragon Ascent|p2a: Kyogre\n|-damage|p2a: Kyogre|0 fnt\n|-unboost|p1a: Rayquaza|def|1\n|-unboost|p1a: Rayquaza|spd|1\n|-damage|p1a: Rayquaza|11\/100|[from] item: Life Orb\n|faint|p2a: Kyogre\n|\n|-weather|DeltaStream|[upkeep]\n|upkeep\n|\n|switch|p2a: Ditto|Ditto|94\/100 tox\n|-damage|p2a: Ditto|82\/100 tox|[from] Stealth Rock\n|-transform|p2a: Ditto|p1a: Rayquaza|[from] ability: Imposter\n|turn|30\n|\n|switch|p1a: Lugia|Lugia|85\/100\n|move|p2a: Ditto|Extreme Speed|p1a: Lugia\n|-damage|p1a: Lugia|56\/100\n|\n|-weather|DeltaStream|[upkeep]\n|-heal|p1a: Lugia|62\/100|[from] item: Leftovers\n|-damage|p2a: Ditto|76\/100 tox|[from] psn\n|upkeep\n|turn|31\n|\n|-weather|none\n|switch|p2a: Zacian|Zacian-Crowned|100\/100\n|-damage|p2a: Zacian|94\/100|[from] Stealth Rock\n|-ability|p2a: Zacian|Intrepid Sword|boost\n|-boost|p2a: Zacian|atk|1\n|move|p1a: Lugia|Whirlwind|p2a: Zacian\n|drag|p2a: Eternatus|Eternatus|75\/100 brn\n|-damage|p2a: Eternatus|63\/100 brn|[from] Stealth Rock\n|-ability|p2a: Eternatus|Pressure\n|\n|-heal|p2a: Eternatus|69\/100 brn|[from] item: Black Sludge\n|-heal|p1a: Lugia|68\/100|[from] item: Leftovers\n|-damage|p2a: Eternatus|63\/100 brn|[from] brn\n|upkeep\n|turn|32\n|\n|switch|p1a: Espeon|Espeon, F|100\/100\n|move|p2a: Eternatus|Flamethrower|p1a: Espeon\n|-damage|p1a: Espeon|62\/100\n|\n|-heal|p2a: Eternatus|69\/100 brn|[from] item: Black Sludge\n|-damage|p2a: Eternatus|63\/100 brn|[from] brn\n|upkeep\n|turn|33\n|\n|move|p1a: Espeon|Trick|p2a: Eternatus\n|-activate|p1a: Espeon|move: Trick|[of] p2a: Eternatus\n|-item|p2a: Eternatus|Choice Scarf|[from] move: Trick\n|-item|p1a: Espeon|Black Sludge|[from] move: Trick\n|move|p2a: Eternatus|Recover|p2a: Eternatus\n|-heal|p2a: Eternatus|100\/100 brn\n|\n|-damage|p1a: Espeon|50\/100|[from] item: Black Sludge\n|-damage|p2a: Eternatus|94\/100 brn|[from] brn\n|upkeep\n|turn|34\n|\n|move|p2a: Eternatus|Recover|p2a: Eternatus\n|-heal|p2a: Eternatus|100\/100 brn\n|move|p1a: Espeon|Reflect|p1a: Espeon\n|-sidestart|p1: yhdrslb|Reflect\n|\n|-damage|p1a: Espeon|37\/100|[from] item: Black Sludge\n|-damage|p2a: Eternatus|94\/100 brn|[from] brn\n|upkeep\n|turn|35\n|\n|switch|p2a: Ditto|Ditto|76\/100 tox\n|-damage|p2a: Ditto|64\/100 tox|[from] Stealth Rock\n|-transform|p2a: Ditto|p1a: Espeon|[from] ability: Imposter\n|switch|p1a: Whimsicott|Whimsicott, M|92\/100\n|\n|-damage|p2a: Ditto|58\/100 tox|[from] psn\n|upkeep\n|turn|36\n|\n|move|p1a: Whimsicott|Substitute|p1a: Whimsicott\n|-start|p1a: Whimsicott|Substitute\n|-damage|p1a: Whimsicott|67\/100\n|move|p2a: Ditto|Trick||[still]\n|-fail|p2a: Ditto\n|\n|-damage|p2a: Ditto|46\/100 tox|[from] psn\n|upkeep\n|turn|37\n|\n|switch|p2a: Eternatus|Eternatus|94\/100 brn\n|-damage|p2a: Eternatus|82\/100 brn|[from] Stealth Rock\n|-ability|p2a: Eternatus|Pressure\n|move|p1a: Whimsicott|Leech Seed|p2a: Eternatus\n|-start|p2a: Eternatus|move: Leech Seed\n|\n|-damage|p2a: Eternatus|70\/100 brn|[from] Leech Seed|[of] p1a: Whimsicott\n|-heal|p1a: Whimsicott|83\/100|[silent]\n|-damage|p2a: Eternatus|63\/100 brn|[from] brn\n|upkeep\n|turn|38\n|\n|move|p1a: Whimsicott|Leech Seed||[still]\n|-fail|p1a: Whimsicott\n|move|p2a: Eternatus|Recover|p2a: Eternatus\n|-heal|p2a: Eternatus|100\/100 brn\n|\n|-damage|p2a: Eternatus|88\/100 brn|[from] Leech Seed|[of] p1a: Whimsicott\n|-heal|p1a: Whimsicott|99\/100|[silent]\n|-damage|p2a: Eternatus|82\/100 brn|[from] brn\n|-sideend|p1: yhdrslb|Reflect\n|upkeep\n|turn|39\n|\n|move|p1a: Whimsicott|Leech Seed||[still]\n|-fail|p1a: Whimsicott\n|move|p2a: Eternatus|Recover|p2a: Eternatus\n|-heal|p2a: Eternatus|100\/100 brn\n|\n|-damage|p2a: Eternatus|88\/100 brn|[from] Leech Seed|[of] p1a: Whimsicott\n|-heal|p1a: Whimsicott|100\/100|[silent]\n|-damage|p2a: Eternatus|82\/100 brn|[from] brn\n|upkeep\n|turn|40\n|\n|switch|p2a: Ditto|Ditto|46\/100 tox\n|-damage|p2a: Ditto|33\/100 tox|[from] Stealth Rock\n|move|p1a: Whimsicott|Leech Seed|p2a: Ditto\n|-start|p2a: Ditto|move: Leech Seed\n|\n|-damage|p2a: Ditto|21\/100 tox|[from] Leech Seed|[of] p1a: Whimsicott\n|-damage|p2a: Ditto|15\/100 tox|[from] psn\n|upkeep\n|turn|41\n|\n|switch|p2a: Eternatus|Eternatus|82\/100 brn\n|-damage|p2a: Eternatus|70\/100 brn|[from] Stealth Rock\n|-ability|p2a: Eternatus|Pressure\n|move|p1a: Whimsicott|Substitute|p1a: Whimsicott\n|-fail|p1a: Whimsicott|move: Substitute\n|\n|-damage|p2a: Eternatus|63\/100 brn|[from] brn\n|upkeep\n|turn|42\n|\n|move|p1a: Whimsicott|Leech Seed|p2a: Eternatus\n|-start|p2a: Eternatus|move: Leech Seed\n|move|p2a: Eternatus|Flamethrower|p1a: Whimsicott\n|-supereffective|p1a: Whimsicott\n|-end|p1a: Whimsicott|Substitute\n|\n|-damage|p2a: Eternatus|51\/100 brn|[from] Leech Seed|[of] p1a: Whimsicott\n|-damage|p2a: Eternatus|45\/100 brn|[from] brn\n|upkeep\n|turn|43\n|\n|switch|p2a: Ditto|Ditto|100\/100\n|-damage|p2a: Ditto|88\/100|[from] Stealth Rock\n|-transform|p2a: Ditto|p1a: Whimsicott|[from] ability: Imposter\n|move|p1a: Whimsicott|Substitute|p1a: Whimsicott\n|-start|p1a: Whimsicott|Substitute\n|-damage|p1a: Whimsicott|76\/100\n|\n|upkeep\n|turn|44\n|\n|move|p2a: Ditto|Defog|p1a: Whimsicott\n|-sideend|p2: Reviews2D|Stealth Rock|[from] move: Defog|[of] p2a: Ditto\n|move|p1a: Whimsicott|Substitute|p1a: Whimsicott\n|-fail|p1a: Whimsicott|move: Substitute\n|\n|upkeep\n|turn|45\n|\n|move|p2a: Ditto|Defog||[still]\n|-fail|p2a: Ditto\n|move|p1a: Whimsicott|Leech Seed|p2a: Ditto\n|-immune|p2a: Ditto\n|\n|upkeep\n|turn|46\n|\n|switch|p1a: Rayquaza|Rayquaza-Mega|11\/100\n|-weather|DeltaStream|[from] ability: Delta Stream|[of] p1a: Rayquaza\n|move|p2a: Ditto|Defog|p1a: Rayquaza\n|-unboost|p1a: Rayquaza|evasion|1\n|\n|-weather|DeltaStream|[upkeep]\n|upkeep\n|turn|47\n|\n|switch|p2a: Ditto|Ditto|15\/100 tox\n|-transform|p2a: Ditto|p1a: Rayquaza|[from] ability: Imposter\n|move|p1a: Rayquaza|Dragon Dance|p1a: Rayquaza\n|-boost|p1a: Rayquaza|atk|1\n|-boost|p1a: Rayquaza|spe|1\n|\n|-weather|DeltaStream|[upkeep]\n|-damage|p2a: Ditto|9\/100 tox|[from] psn\n|upkeep\n|turn|48\n|\n|move|p1a: Rayquaza|Extreme Speed|p2a: Ditto\n|-damage|p2a: Ditto|0 fnt\n|-damage|p1a: Rayquaza|1\/100|[from] item: Life Orb\n|faint|p2a: Ditto\n|\n|-weather|DeltaStream|[upkeep]\n|upkeep\n|\n|switch|p2a: Ditto|Ditto|88\/100\n|-transform|p2a: Ditto|p1a: Rayquaza|[from] ability: Imposter\n|turn|49\n|\n|move|p1a: Rayquaza|Extreme Speed|p2a: Ditto\n|-damage|p2a: Ditto|0 fnt\n|-damage|p1a: Rayquaza|0 fnt|[from] item: Life Orb\n|faint|p2a: Ditto\n|faint|p1a: Rayquaza\n|-weather|none\n|\n|upkeep\n|\n|switch|p1a: Lugia|Lugia|68\/100\n|switch|p2a: Zacian|Zacian-Crowned|94\/100\n|-ability|p2a: Zacian|Intrepid Sword|boost\n|-boost|p2a: Zacian|atk|1\n|turn|50\n|\n|move|p2a: Zacian|Swords Dance|p2a: Zacian\n|-boost|p2a: Zacian|atk|2\n|move|p1a: Lugia|Roost|p1a: Lugia\n|-heal|p1a: Lugia|100\/100\n|-singleturn|p1a: Lugia|move: Roost\n|\n|upkeep\n|turn|51\n|\n|move|p2a: Zacian|Behemoth Blade|p1a: Lugia\n|-damage|p1a: Lugia|56\/100\n|move|p1a: Lugia|Whirlwind|p2a: Zacian\n|drag|p2a: Eternatus|Eternatus|45\/100 brn\n|-ability|p2a: Eternatus|Pressure\n|\n|-heal|p1a: Lugia|62\/100|[from] item: Leftovers\n|-damage|p2a: Eternatus|39\/100 brn|[from] brn\n|upkeep\n|turn|52\n|\n|move|p2a: Eternatus|Recover|p2a: Eternatus\n|-heal|p2a: Eternatus|89\/100 brn\n|move|p1a: Lugia|Substitute|p1a: Lugia\n|-start|p1a: Lugia|Substitute\n|-damage|p1a: Lugia|37\/100\n|\n|-heal|p1a: Lugia|44\/100|[from] item: Leftovers\n|-damage|p2a: Eternatus|83\/100 brn|[from] brn\n|upkeep\n|turn|53\n|\n|switch|p2a: Zacian|Zacian-Crowned|94\/100\n|-ability|p2a: Zacian|Intrepid Sword|boost\n|-boost|p2a: Zacian|atk|1\n|move|p1a: Lugia|Whirlwind|p2a: Zacian\n|drag|p2a: Eternatus|Eternatus|83\/100 brn\n|-ability|p2a: Eternatus|Pressure\n|\n|-heal|p1a: Lugia|50\/100|[from] item: Leftovers\n|-damage|p2a: Eternatus|77\/100 brn|[from] brn\n|upkeep\n|turn|54\n|\n|switch|p2a: Zacian|Zacian-Crowned|94\/100\n|-ability|p2a: Zacian|Intrepid Sword|boost\n|-boost|p2a: Zacian|atk|1\n|move|p1a: Lugia|Roost|p1a: Lugia\n|-heal|p1a: Lugia|99\/100\n|-singleturn|p1a: Lugia|move: Roost\n|\n|-heal|p1a: Lugia|100\/100|[from] item: Leftovers\n|upkeep\n|turn|55\n|\n|move|p2a: Zacian|Play Rough|p1a: Lugia|[miss]\n|-miss|p2a: Zacian|p1a: Lugia\n|move|p1a: Lugia|Toxic|p2a: Zacian|[miss]\n|-miss|p1a: Lugia|p2a: Zacian\n|\n|upkeep\n|turn|56\n|\n|move|p2a: Zacian|Play Rough|p1a: Lugia\n|-activate|p1a: Lugia|move: Substitute|[damage]\n|move|p1a: Lugia|Toxic|p2a: Zacian\n|-immune|p2a: Zacian\n|\n|upkeep\n|turn|57\n|\n|move|p2a: Zacian|Play Rough|p1a: Lugia\n|-end|p1a: Lugia|Substitute\n|move|p1a: Lugia|Toxic|p2a: Zacian\n|-immune|p2a: Zacian\n|\n|upkeep\n|turn|58\n|\n|move|p2a: Zacian|Play Rough|p1a: Lugia\n|-damage|p1a: Lugia|78\/100\n|move|p1a: Lugia|Toxic|p2a: Zacian\n|-immune|p2a: Zacian\n|\n|-heal|p1a: Lugia|84\/100|[from] item: Leftovers\n|upkeep\n|turn|59\n|\n|move|p2a: Zacian|Behemoth Blade|p1a: Lugia\n|-damage|p1a: Lugia|31\/100\n|move|p1a: Lugia|Substitute|p1a: Lugia\n|-start|p1a: Lugia|Substitute\n|-damage|p1a: Lugia|6\/100\n|\n|-heal|p1a: Lugia|12\/100|[from] item: Leftovers\n|upkeep\n|turn|60\n|\n|move|p2a: Zacian|Behemoth Blade|p1a: Lugia\n|-end|p1a: Lugia|Substitute\n|move|p1a: Lugia|Roost|p1a: Lugia\n|-heal|p1a: Lugia|62\/100\n|-singleturn|p1a: Lugia|move: Roost\n|\n|-heal|p1a: Lugia|68\/100|[from] item: Leftovers\n|upkeep\n|turn|61\n|\n|move|p2a: Zacian|Behemoth Blade|p1a: Lugia\n|-damage|p1a: Lugia|21\/100\n|move|p1a: Lugia|Roost|p1a: Lugia\n|-heal|p1a: Lugia|71\/100\n|-singleturn|p1a: Lugia|move: Roost\n|\n|-heal|p1a: Lugia|77\/100|[from] item: Leftovers\n|upkeep\n|turn|62\n|\n|move|p2a: Zacian|Play Rough|p1a: Lugia\n|-damage|p1a: Lugia|35\/100\n|move|p1a: Lugia|Roost|p1a: Lugia\n|-heal|p1a: Lugia|85\/100\n|-singleturn|p1a: Lugia|move: Roost\n|\n|-heal|p1a: Lugia|91\/100|[from] item: Leftovers\n|upkeep\n|turn|63\n|\n|move|p2a: Zacian|Play Rough|p1a: Lugia\n|-damage|p1a: Lugia|46\/100\n|move|p1a: Lugia|Roost|p1a: Lugia\n|-heal|p1a: Lugia|97\/100\n|-singleturn|p1a: Lugia|move: Roost\n|\n|-heal|p1a: Lugia|100\/100|[from] item: Leftovers\n|upkeep\n|turn|64\n|\n|move|p2a: Zacian|Close Combat|p1a: Lugia\n|-resisted|p1a: Lugia\n|-damage|p1a: Lugia|96\/100\n|-unboost|p2a: Zacian|def|1\n|-unboost|p2a: Zacian|spd|1\n|move|p1a: Lugia|Substitute|p1a: Lugia\n|-start|p1a: Lugia|Substitute\n|-damage|p1a: Lugia|71\/100\n|\n|-heal|p1a: Lugia|77\/100|[from] item: Leftovers\n|upkeep\n|turn|65\n|\n|move|p2a: Zacian|Play Rough|p1a: Lugia\n|-end|p1a: Lugia|Substitute\n|move|p1a: Lugia|Toxic|p2a: Zacian\n|-immune|p2a: Zacian\n|\n|-heal|p1a: Lugia|83\/100|[from] item: Leftovers\n|upkeep\n|turn|66\n|\n|move|p2a: Zacian|Swords Dance|p2a: Zacian\n|-boost|p2a: Zacian|atk|2\n|move|p1a: Lugia|Substitute|p1a: Lugia\n|-start|p1a: Lugia|Substitute\n|-damage|p1a: Lugia|58\/100\n|\n|-heal|p1a: Lugia|64\/100|[from] item: Leftovers\n|upkeep\n|turn|67\n|\n|move|p2a: Zacian|Play Rough|p1a: Lugia\n|-end|p1a: Lugia|Substitute\n|move|p1a: Lugia|Whirlwind|p2a: Zacian\n|drag|p2a: Dugtrio|Dugtrio, F|100\/100\n|\n|-heal|p1a: Lugia|71\/100|[from] item: Leftovers\n|upkeep\n|turn|68\n|\n|-start|p2a: Dugtrio|Dynamax\n|-heal|p2a: Dugtrio|100\/100|[silent]\n|move|p2a: Dugtrio|Max Rockfall|p1a: Lugia\n|-supereffective|p1a: Lugia\n|-damage|p1a: Lugia|29\/100\n|-weather|Sandstorm\n|move|p1a: Lugia|Toxic|p2a: Dugtrio\n|-status|p2a: Dugtrio|tox\n|\n|-weather|Sandstorm|[upkeep]\n|-damage|p1a: Lugia|23\/100|[from] Sandstorm\n|-heal|p1a: Lugia|29\/100|[from] item: Leftovers\n|-damage|p2a: Dugtrio|97\/100 tox|[from] psn\n|upkeep\n|turn|69\n|\n|-start|p1a: Lugia|Dynamax\n|-heal|p1a: Lugia|29\/100|[silent]\n|move|p1a: Lugia|Max Guard|p1a: Lugia\n|-singleturn|p1a: Lugia|Max Guard\n|move|p2a: Dugtrio|Max Rockfall|p1a: Lugia\n|-activate|p1a: Lugia|move: Max Guard\n|\n|-weather|Sandstorm|[upkeep]\n|-damage|p1a: Lugia|26\/100|[from] Sandstorm\n|-heal|p1a: Lugia|29\/100|[from] item: Leftovers\n|-damage|p2a: Dugtrio|91\/100 tox|[from] psn\n|upkeep\n|turn|70\n|\n|move|p1a: Lugia|Max Guard||[still]\n|-fail|p1a: Lugia\n|move|p2a: Dugtrio|Max Rockfall|p1a: Lugia\n|-supereffective|p1a: Lugia\n|-damage|p1a: Lugia|7\/100\n|\n|-weather|Sandstorm|[upkeep]\n|-damage|p1a: Lugia|4\/100|[from] Sandstorm\n|-heal|p1a: Lugia|7\/100|[from] item: Leftovers\n|-damage|p2a: Dugtrio|82\/100 tox|[from] psn\n|-end|p2a: Dugtrio|Dynamax\n|-heal|p2a: Dugtrio|82\/100 tox|[silent]\n|upkeep\n|turn|71\n|\n|switch|p2a: Eternatus|Eternatus|77\/100 brn\n|-ability|p2a: Eternatus|Pressure\n|-end|p1a: Lugia|Dynamax\n|-heal|p1a: Lugia|7\/100|[silent]\n|switch|p1a: Espeon|Espeon, F|37\/100\n|\n|-weather|Sandstorm|[upkeep]\n|-damage|p2a: Eternatus|70\/100 brn|[from] Sandstorm\n|-damage|p1a: Espeon|31\/100|[from] Sandstorm\n|-damage|p1a: Espeon|19\/100|[from] item: Black Sludge\n|-damage|p2a: Eternatus|64\/100 brn|[from] brn\n|upkeep\n|turn|72\n|\n|switch|p2a: Dugtrio|Dugtrio, F|82\/100 tox\n|move|p1a: Espeon|Reflect|p1a: Espeon\n|-sidestart|p1: yhdrslb|Reflect\n|\n|-weather|none\n|-damage|p1a: Espeon|7\/100|[from] item: Black Sludge\n|-damage|p2a: Dugtrio|76\/100 tox|[from] psn\n|upkeep\n|turn|73\n|\n|switch|p2a: Eternatus|Eternatus|64\/100 brn\n|-ability|p2a: Eternatus|Pressure\n|move|p1a: Espeon|Toxic|p2a: Eternatus|[miss]\n|-miss|p1a: Espeon|p2a: Eternatus\n|\n|-damage|p1a: Espeon|0 fnt|[from] item: Black Sludge\n|faint|p1a: Espeon\n|-damage|p2a: Eternatus|58\/100 brn|[from] brn\n|upkeep\n|\n|switch|p1a: Whimsicott|Whimsicott, M|76\/100\n|turn|74\n|\n|move|p1a: Whimsicott|Switcheroo|p2a: Eternatus\n|-activate|p1a: Whimsicott|move: Trick|[of] p2a: Eternatus\n|-item|p2a: Eternatus|Lagging Tail|[from] move: Switcheroo\n|-item|p1a: Whimsicott|Choice Scarf|[from] move: Switcheroo\n|move|p2a: Eternatus|Flamethrower|p1a: Whimsicott\n|-supereffective|p1a: Whimsicott\n|-damage|p1a: Whimsicott|0 fnt\n|faint|p1a: Whimsicott\n|\n|-damage|p2a: Eternatus|52\/100 brn|[from] brn\n|upkeep\n|\n|switch|p1a: Lugia|Lugia|7\/100\n|turn|75\n|\n|move|p1a: Lugia|Roost|p1a: Lugia\n|-heal|p1a: Lugia|57\/100\n|-singleturn|p1a: Lugia|move: Roost\n|move|p2a: Eternatus|Dynamax Cannon|p1a: Lugia\n|-damage|p1a: Lugia|27\/100\n|\n|-heal|p1a: Lugia|33\/100|[from] item: Leftovers\n|-damage|p2a: Eternatus|46\/100 brn|[from] brn\n|upkeep\n|turn|76\n|\n|move|p1a: Lugia|Roost|p1a: Lugia\n|-heal|p1a: Lugia|83\/100\n|-singleturn|p1a: Lugia|move: Roost\n|move|p2a: Eternatus|Flamethrower|p1a: Lugia\n|-damage|p1a: Lugia|64\/100\n|\n|-heal|p1a: Lugia|71\/100|[from] item: Leftovers\n|-damage|p2a: Eternatus|39\/100 brn|[from] brn\n|-sideend|p1: yhdrslb|Reflect\n|upkeep\n|turn|77\n|\n|move|p1a: Lugia|Substitute|p1a: Lugia\n|-start|p1a: Lugia|Substitute\n|-damage|p1a: Lugia|46\/100\n|move|p2a: Eternatus|Flamethrower|p1a: Lugia\n|-activate|p1a: Lugia|move: Substitute|[damage]\n|\n|-heal|p1a: Lugia|52\/100|[from] item: Leftovers\n|-damage|p2a: Eternatus|33\/100 brn|[from] brn\n|upkeep\n|turn|78\n|\n|move|p2a: Eternatus|Recover|p2a: Eternatus\n|-heal|p2a: Eternatus|83\/100 brn\n|move|p1a: Lugia|Whirlwind|p2a: Eternatus\n|drag|p2a: Dugtrio|Dugtrio, F|76\/100 tox\n|\n|-heal|p1a: Lugia|58\/100|[from] item: Leftovers\n|-damage|p2a: Dugtrio|70\/100 tox|[from] psn\n|upkeep\n|turn|79\n|\n|move|p2a: Dugtrio|Stone Edge|p1a: Lugia\n|-supereffective|p1a: Lugia\n|-end|p1a: Lugia|Substitute\n|move|p1a: Lugia|Toxic|p2a: Dugtrio\n|-fail|p2a: Dugtrio|tox\n|\n|-heal|p1a: Lugia|64\/100|[from] item: Leftovers\n|-damage|p2a: Dugtrio|57\/100 tox|[from] psn\n|upkeep\n|turn|80\n|\n|move|p2a: Dugtrio|Stone Edge|p1a: Lugia\n|-supereffective|p1a: Lugia\n|-damage|p1a: Lugia|28\/100\n|move|p1a: Lugia|Roost|p1a: Lugia\n|-heal|p1a: Lugia|79\/100\n|-singleturn|p1a: Lugia|move: Roost\n|\n|-heal|p1a: Lugia|85\/100|[from] item: Leftovers\n|-damage|p2a: Dugtrio|39\/100 tox|[from] psn\n|upkeep\n|turn|81\n|-message|yhdrslb forfeited.\n|\n|win|Reviews2D\n|l|\u2606yhdrslb\n|raw|yhdrslb's rating: 1487 &rarr; <strong>1461<\/strong><br \/>(-26 for losing)\n|raw|Reviews2D's rating: 1382 &rarr; <strong>1408<\/strong><br \/>(+26 for winning)\n","uploadtime":1582942780,"views":5,"p1id":"yhdrslb","p2id":"reviews2d","formatid":"gen8nationaldexag","rating":1408,"private":0,"password":null}