{"id":"gen8anythinggoes-1677472715","p1":"AGLT5GC Mirror","p2":"yokobaby","format":"gen8anythinggoes","log":"|j|\u2606AGLT5GC Mirror\n|j|\u2606yokobaby\n|inactive|Battle timer is ON: inactive players will automatically lose when time's up.\n|t:|1664900163\n|gametype|singles\n|player|p1|AGLT5GC Mirror|nessa|\n|player|p2|yokobaby|cynthia-masters|\n|teamsize|p1|6\n|teamsize|p2|6\n|gen|8\n|tier|[Gen 8] Anything Goes\n|rated|Tournament battle\n|rule|HP Percentage Mod: HP is shown in percentages\n|rule|Endless Battle Clause: Forcing endless battles is banned\n|clearpoke\n|poke|p1|Ferrothorn, F|\n|poke|p1|Groudon|\n|poke|p1|Marshadow|\n|poke|p1|Blissey, F|\n|poke|p1|Yveltal|\n|poke|p1|Necrozma-Dusk-Mane|\n|poke|p2|Kyogre|\n|poke|p2|Ditto|\n|poke|p2|Eternatus|\n|poke|p2|Zacian-*|\n|poke|p2|Yveltal|\n|poke|p2|Necrozma-Dusk-Mane|\n|teampreview\n|j| AGLT5TX Ic3\n|\n|t:|1664900172\n|start\n|switch|p1a: Ferrothorn|Ferrothorn, F|100\/100\n|switch|p2a: Yveltal|Yveltal|100\/100\n|-ability|p2a: Yveltal|Dark Aura\n|turn|1\n|\n|t:|1664900181\n|switch|p1a: Yveltal|Yveltal|100\/100\n|-ability|p1a: Yveltal|Dark Aura\n|move|p2a: Yveltal|Knock Off|p1a: Yveltal\n|-resisted|p1a: Yveltal\n|-damage|p1a: Yveltal|73\/100\n|-enditem|p1a: Yveltal|Heavy-Duty Boots|[from] move: Knock Off|[of] p2a: Yveltal\n|\n|upkeep\n|turn|2\n|\n|t:|1664900190\n|move|p1a: Yveltal|U-turn|p2a: Yveltal\n|-damage|p2a: Yveltal|87\/100\n|\n|t:|1664900194\n|switch|p1a: Ferrothorn|Ferrothorn, F|100\/100|[from]move: U-turn\n|move|p2a: Yveltal|U-turn|p1a: Ferrothorn\n|-damage|p1a: Ferrothorn|88\/100\n|-damage|p2a: Yveltal|75\/100|[from] ability: Iron Barbs|[of] p1a: Ferrothorn\n|\n|t:|1664900197\n|switch|p2a: Zacian|Zacian-Crowned|100\/100|[from]move: U-turn\n|-ability|p2a: Zacian|Intrepid Sword|boost\n|-boost|p2a: Zacian|atk|1\n|\n|-heal|p1a: Ferrothorn|94\/100|[from] item: Leftovers\n|upkeep\n|turn|3\n|\n|t:|1664900205\n|move|p2a: Zacian|Close Combat|p1a: Ferrothorn\n|-supereffective|p1a: Ferrothorn\n|-damage|p1a: Ferrothorn|3\/100\n|-unboost|p2a: Zacian|def|1\n|-unboost|p2a: Zacian|spd|1\n|-damage|p2a: Zacian|88\/100|[from] ability: Iron Barbs|[of] p1a: Ferrothorn\n|move|p1a: Ferrothorn|Leech Seed|p2a: Zacian\n|-start|p2a: Zacian|move: Leech Seed\n|\n|-heal|p1a: Ferrothorn|9\/100|[from] item: Leftovers\n|-damage|p2a: Zacian|76\/100|[from] Leech Seed|[of] p1a: Ferrothorn\n|-heal|p1a: Ferrothorn|20\/100|[silent]\n|upkeep\n|turn|4\n|\n|t:|1664900214\n|switch|p2a: Yveltal|Yveltal|75\/100\n|-ability|p2a: Yveltal|Dark Aura\n|switch|p1a: Necrozma|Necrozma-Dusk-Mane|100\/100\n|\n|upkeep\n|turn|5\n|\n|t:|1664900220\n|switch|p1a: Ferrothorn|Ferrothorn, F|20\/100\n|move|p2a: Yveltal|Knock Off|p1a: Ferrothorn\n|-damage|p1a: Ferrothorn|0 fnt\n|-damage|p2a: Yveltal|62\/100|[from] ability: Iron Barbs|[of] p1a: Ferrothorn\n|-enditem|p1a: Ferrothorn|Leftovers|[from] move: Knock Off|[of] p2a: Yveltal\n|faint|p1a: Ferrothorn\n|\n|upkeep\n|\n|t:|1664900224\n|switch|p1a: Marshadow|Marshadow|100\/100\n|turn|6\n|\n|t:|1664900232\n|switch|p2a: Eternatus|Eternatus|100\/100\n|-ability|p2a: Eternatus|Pressure\n|move|p1a: Marshadow|Poltergeist|p2a: Eternatus\n|-activate|p2a: Eternatus|move: Poltergeist|Heavy-Duty Boots\n|-damage|p2a: Eternatus|30\/100\n|\n|upkeep\n|turn|7\n|\n|t:|1664900239\n|move|p2a: Eternatus|Recover|p2a: Eternatus\n|-heal|p2a: Eternatus|80\/100\n|move|p1a: Marshadow|Poltergeist|p2a: Eternatus\n|-activate|p2a: Eternatus|move: Poltergeist|Heavy-Duty Boots\n|-damage|p2a: Eternatus|9\/100\n|\n|upkeep\n|turn|8\n|\n|t:|1664900244\n|move|p2a: Eternatus|Dynamax Cannon|p1a: Marshadow\n|-damage|p1a: Marshadow|44\/100\n|move|p1a: Marshadow|Poltergeist|p2a: Eternatus\n|-activate|p2a: Eternatus|move: Poltergeist|Heavy-Duty Boots\n|-damage|p2a: Eternatus|0 fnt\n|faint|p2a: Eternatus\n|\n|upkeep\n|\n|t:|1664900247\n|switch|p2a: Yveltal|Yveltal|62\/100\n|-ability|p2a: Yveltal|Dark Aura\n|turn|9\n|\n|t:|1664900250\n|switch|p1a: Yveltal|Yveltal|73\/100\n|-ability|p1a: Yveltal|Dark Aura\n|move|p2a: Yveltal|U-turn|p1a: Yveltal\n|-damage|p1a: Yveltal|54\/100\n|\n|t:|1664900252\n|switch|p2a: Zacian|Zacian-Crowned|76\/100|[from]move: U-turn\n|-ability|p2a: Zacian|Intrepid Sword|boost\n|-boost|p2a: Zacian|atk|1\n|\n|upkeep\n|turn|10\n|\n|t:|1664900256\n|switch|p1a: Necrozma|Necrozma-Dusk-Mane|100\/100\n|move|p2a: Zacian|Close Combat|p1a: Necrozma\n|-damage|p1a: Necrozma|56\/100\n|-unboost|p2a: Zacian|def|1\n|-unboost|p2a: Zacian|spd|1\n|-damage|p2a: Zacian|59\/100|[from] item: Rocky Helmet|[of] p1a: Necrozma\n|\n|upkeep\n|turn|11\n|\n|t:|1664900259\n|switch|p2a: Kyogre|Kyogre|100\/100\n|-weather|RainDance|[from] ability: Drizzle|[of] p2a: Kyogre\n|move|p1a: Necrozma|Morning Sun|p1a: Necrozma\n|-heal|p1a: Necrozma|81\/100\n|\n|-weather|RainDance|[upkeep]\n|upkeep\n|turn|12\n|j| AGLT5TX jushu\n|\n|t:|1664900269\n|switch|p2a: Yveltal|Yveltal|62\/100\n|-ability|p2a: Yveltal|Dark Aura\n|move|p1a: Necrozma|Morning Sun|p1a: Necrozma\n|-heal|p1a: Necrozma|100\/100\n|\n|-weather|RainDance|[upkeep]\n|upkeep\n|turn|13\n|\n|t:|1664900276\n|switch|p1a: Groudon|Groudon|100\/100\n|-weather|SunnyDay|[from] ability: Drought|[of] p1a: Groudon\n|move|p2a: Yveltal|Knock Off|p1a: Groudon\n|-damage|p1a: Groudon|68\/100\n|-enditem|p1a: Groudon|Leftovers|[from] move: Knock Off|[of] p2a: Yveltal\n|\n|-weather|SunnyDay|[upkeep]\n|upkeep\n|turn|14\n|\n|t:|1664900286\n|move|p2a: Yveltal|U-turn|p1a: Groudon\n|-damage|p1a: Groudon|55\/100\n|\n|t:|1664900288\n|switch|p2a: Kyogre|Kyogre|100\/100|[from]move: U-turn\n|-weather|RainDance|[from] ability: Drizzle|[of] p2a: Kyogre\n|move|p1a: Groudon|Toxic|p2a: Kyogre\n|-status|p2a: Kyogre|tox\n|\n|-weather|RainDance|[upkeep]\n|-damage|p2a: Kyogre|94\/100 tox|[from] psn\n|upkeep\n|turn|15\n|\n|t:|1664900292\n|switch|p1a: Blissey|Blissey, F|100\/100\n|move|p2a: Kyogre|Scald|p1a: Blissey\n|-damage|p1a: Blissey|88\/100\n|-status|p1a: Blissey|brn\n|\n|-weather|RainDance|[upkeep]\n|-heal|p2a: Kyogre|100\/100 tox|[from] item: Leftovers\n|-damage|p2a: Kyogre|88\/100 tox|[from] psn\n|-damage|p1a: Blissey|82\/100 brn|[from] brn\n|upkeep\n|turn|16\n|\n|t:|1664900294\n|switch|p2a: Zacian|Zacian-Crowned|59\/100\n|-ability|p2a: Zacian|Intrepid Sword|boost\n|-boost|p2a: Zacian|atk|1\n|move|p1a: Blissey|Teleport|p1a: Blissey\n|\n|t:|1664900299\n|-curestatus|p1a: Blissey|brn|[from] ability: Natural Cure\n|switch|p1a: Necrozma|Necrozma-Dusk-Mane|100\/100|[from]move: Teleport\n|\n|-weather|RainDance|[upkeep]\n|upkeep\n|turn|17\n|\n|t:|1664900306\n|switch|p2a: Yveltal|Yveltal|62\/100\n|-ability|p2a: Yveltal|Dark Aura\n|move|p1a: Necrozma|Earthquake|p2a: Yveltal\n|-immune|p2a: Yveltal\n|\n|-weather|RainDance|[upkeep]\n|upkeep\n|turn|18\n|\n|t:|1664900321\n|-start|p1a: Necrozma|Dynamax|\n|-heal|p1a: Necrozma|100\/100|[silent]\n|move|p2a: Yveltal|Roost|p2a: Yveltal\n|-heal|p2a: Yveltal|100\/100\n|-singleturn|p2a: Yveltal|move: Roost\n|move|p1a: Necrozma|Max Steelspike|p2a: Yveltal\n|-damage|p2a: Yveltal|45\/100\n|-boost|p1a: Necrozma|def|1\n|\n|-weather|none\n|upkeep\n|turn|19\n|\n|t:|1664900328\n|move|p2a: Yveltal|Roost|p2a: Yveltal\n|-heal|p2a: Yveltal|96\/100\n|-singleturn|p2a: Yveltal|move: Roost\n|move|p1a: Necrozma|Max Steelspike|p2a: Yveltal\n|-damage|p2a: Yveltal|39\/100\n|-boost|p1a: Necrozma|def|1\n|\n|upkeep\n|turn|20\n|\n|t:|1664900331\n|move|p2a: Yveltal|Roost|p2a: Yveltal\n|-heal|p2a: Yveltal|89\/100\n|-singleturn|p2a: Yveltal|move: Roost\n|move|p1a: Necrozma|Max Steelspike|p2a: Yveltal\n|-crit|p2a: Yveltal\n|-damage|p2a: Yveltal|4\/100\n|-boost|p1a: Necrozma|def|1\n|\n|upkeep\n|-end|p1a: Necrozma|Dynamax\n|-heal|p1a: Necrozma|100\/100|[silent]\n|turn|21\n|\n|t:|1664900337\n|move|p2a: Yveltal|Roost|p2a: Yveltal\n|-heal|p2a: Yveltal|54\/100\n|-singleturn|p2a: Yveltal|move: Roost\n|move|p1a: Necrozma|Dragon Dance|p1a: Necrozma\n|-boost|p1a: Necrozma|atk|1\n|-boost|p1a: Necrozma|spe|1\n|\n|upkeep\n|turn|22\n|\n|t:|1664900342\n|switch|p2a: Kyogre|Kyogre|88\/100 tox\n|-weather|RainDance|[from] ability: Drizzle|[of] p2a: Kyogre\n|move|p1a: Necrozma|Dragon Dance|p1a: Necrozma\n|-boost|p1a: Necrozma|atk|1\n|-boost|p1a: Necrozma|spe|1\n|\n|-weather|RainDance|[upkeep]\n|-heal|p2a: Kyogre|94\/100 tox|[from] item: Leftovers\n|-damage|p2a: Kyogre|88\/100 tox|[from] psn\n|upkeep\n|turn|23\n|\n|t:|1664900347\n|-start|p2a: Kyogre|Dynamax|\n|-heal|p2a: Kyogre|88\/100 tox|[silent]\n|move|p1a: Necrozma|Earthquake|p2a: Kyogre\n|-damage|p2a: Kyogre|67\/100 tox\n|move|p2a: Kyogre|Max Geyser|p1a: Necrozma\n|-damage|p1a: Necrozma|22\/100\n|\n|-weather|RainDance|[upkeep]\n|-heal|p2a: Kyogre|70\/100 tox|[from] item: Leftovers\n|-damage|p2a: Kyogre|64\/100 tox|[from] psn\n|upkeep\n|turn|24\n|\n|t:|1664900355\n|switch|p1a: Blissey|Blissey, F|82\/100\n|move|p2a: Kyogre|Max Geyser|p1a: Blissey\n|-damage|p1a: Blissey|61\/100\n|\n|-weather|RainDance|[upkeep]\n|-heal|p2a: Kyogre|67\/100 tox|[from] item: Leftovers\n|-damage|p2a: Kyogre|58\/100 tox|[from] psn\n|upkeep\n|turn|25\n|\n|t:|1664900362\n|move|p2a: Kyogre|Max Geyser|p1a: Blissey\n|-damage|p1a: Blissey|42\/100\n|move|p1a: Blissey|Teleport|p1a: Blissey\n|\n|t:|1664900365\n|switch|p1a: Marshadow|Marshadow|44\/100|[from]move: Teleport\n|\n|-weather|RainDance|[upkeep]\n|-heal|p2a: Kyogre|61\/100 tox|[from] item: Leftovers\n|-damage|p2a: Kyogre|49\/100 tox|[from] psn\n|upkeep\n|-end|p2a: Kyogre|Dynamax\n|-heal|p2a: Kyogre|49\/100 tox|[silent]\n|turn|26\n|\n|t:|1664900369\n|move|p1a: Marshadow|Close Combat|p2a: Kyogre\n|-damage|p2a: Kyogre|0 fnt\n|-unboost|p1a: Marshadow|def|1\n|-unboost|p1a: Marshadow|spd|1\n|faint|p2a: Kyogre\n|\n|-weather|none\n|upkeep\n|\n|t:|1664900376\n|switch|p2a: Zacian|Zacian-Crowned|59\/100\n|-ability|p2a: Zacian|Intrepid Sword|boost\n|-boost|p2a: Zacian|atk|1\n|turn|27\n|\n|t:|1664900390\n|switch|p1a: Necrozma|Necrozma-Dusk-Mane|22\/100\n|move|p2a: Zacian|Behemoth Blade|p1a: Necrozma\n|-resisted|p1a: Necrozma\n|-crit|p1a: Necrozma\n|-damage|p1a: Necrozma|0 fnt\n|-damage|p2a: Zacian|43\/100|[from] item: Rocky Helmet|[of] p1a: Necrozma\n|faint|p1a: Necrozma\n|\n|upkeep\n|\n|t:|1664900392\n|switch|p1a: Groudon|Groudon|55\/100\n|-weather|SunnyDay|[from] ability: Drought|[of] p1a: Groudon\n|turn|28\n|\n|t:|1664900401\n|switch|p2a: Necrozma|Necrozma-Dusk-Mane|100\/100\n|move|p1a: Groudon|Precipice Blades|p2a: Necrozma\n|-supereffective|p2a: Necrozma\n|-damage|p2a: Necrozma|56\/100\n|\n|-weather|SunnyDay|[upkeep]\n|upkeep\n|turn|29\n|\n|t:|1664900408\n|move|p1a: Groudon|Precipice Blades|p2a: Necrozma\n|-supereffective|p2a: Necrozma\n|-damage|p2a: Necrozma|9\/100\n|move|p2a: Necrozma|Dragon Dance|p2a: Necrozma\n|-boost|p2a: Necrozma|atk|1\n|-boost|p2a: Necrozma|spe|1\n|\n|-weather|SunnyDay|[upkeep]\n|upkeep\n|turn|30\n|\n|t:|1664900411\n|move|p2a: Necrozma|Morning Sun|p2a: Necrozma\n|-heal|p2a: Necrozma|76\/100\n|move|p1a: Groudon|Precipice Blades|p2a: Necrozma\n|-supereffective|p2a: Necrozma\n|-damage|p2a: Necrozma|30\/100\n|\n|-weather|SunnyDay|[upkeep]\n|upkeep\n|turn|31\n|\n|t:|1664900421\n|switch|p1a: Marshadow|Marshadow|44\/100\n|move|p2a: Necrozma|Morning Sun|p2a: Necrozma\n|-heal|p2a: Necrozma|96\/100\n|\n|-weather|SunnyDay|[upkeep]\n|upkeep\n|turn|32\n|\n|t:|1664900426\n|move|p1a: Marshadow|Poltergeist|p2a: Necrozma\n|-activate|p2a: Necrozma|move: Poltergeist|Rocky Helmet\n|-supereffective|p2a: Necrozma\n|-damage|p2a: Necrozma|20\/100\n|move|p2a: Necrozma|Sunsteel Strike|p1a: Marshadow\n|-damage|p1a: Marshadow|0 fnt\n|faint|p1a: Marshadow\n|\n|-weather|none\n|upkeep\n|\n|t:|1664900431\n|switch|p1a: Yveltal|Yveltal|54\/100\n|-ability|p1a: Yveltal|Dark Aura\n|turn|33\n|\n|t:|1664900434\n|move|p1a: Yveltal|Knock Off|p2a: Necrozma\n|-supereffective|p2a: Necrozma\n|-damage|p2a: Necrozma|0 fnt\n|-damage|p1a: Yveltal|38\/100|[from] item: Rocky Helmet|[of] p2a: Necrozma\n|-enditem|p2a: Necrozma|Rocky Helmet|[from] move: Knock Off|[of] p1a: Yveltal\n|faint|p2a: Necrozma\n|\n|upkeep\n|\n|t:|1664900436\n|switch|p2a: Zacian|Zacian-Crowned|43\/100\n|-ability|p2a: Zacian|Intrepid Sword|boost\n|-boost|p2a: Zacian|atk|1\n|turn|34\n|\n|t:|1664900438\n|switch|p1a: Blissey|Blissey, F|42\/100\n|move|p2a: Zacian|Behemoth Blade|p1a: Blissey\n|-damage|p1a: Blissey|0 fnt\n|faint|p1a: Blissey\n|\n|upkeep\n|\n|t:|1664900441\n|switch|p1a: Groudon|Groudon|55\/100\n|-weather|SunnyDay|[from] ability: Drought|[of] p1a: Groudon\n|turn|35\n|\n|t:|1664900443\n|switch|p2a: Yveltal|Yveltal|54\/100\n|-ability|p2a: Yveltal|Dark Aura\n|move|p1a: Groudon|Stone Edge|p2a: Yveltal|[miss]\n|-miss|p1a: Groudon|p2a: Yveltal\n|\n|-weather|SunnyDay|[upkeep]\n|upkeep\n|turn|36\n|c|\u2606AGLT5GC Mirror|\u8c22\u8c22\u4f60 miss\n|c|\u2606yokobaby|\u6b7b\u4e0d\u4e86\u7684\n|c|\u2606yokobaby|\u7eaf\u8010\u4e45y\n|\n|t:|1664900466\n|switch|p1a: Yveltal|Yveltal|38\/100\n|-ability|p1a: Yveltal|Dark Aura\n|move|p2a: Yveltal|Knock Off|p1a: Yveltal\n|-resisted|p1a: Yveltal\n|-damage|p1a: Yveltal|19\/100\n|\n|-weather|SunnyDay|[upkeep]\n|upkeep\n|turn|37\n|\n|t:|1664900471\n|move|p1a: Yveltal|U-turn|p2a: Yveltal\n|-damage|p2a: Yveltal|41\/100\n|\n|t:|1664900473\n|switch|p1a: Groudon|Groudon|55\/100|[from]move: U-turn\n|move|p2a: Yveltal|U-turn|p1a: Groudon\n|-damage|p1a: Groudon|44\/100\n|\n|t:|1664900478\n|switch|p2a: Ditto|Ditto|100\/100|[from]move: U-turn\n|-transform|p2a: Ditto|p1a: Groudon|[from] ability: Imposter\n|\n|-weather|SunnyDay|[upkeep]\n|upkeep\n|turn|38\n|\n|t:|1664900485\n|move|p2a: Ditto|Toxic|p1a: Groudon\n|-status|p1a: Groudon|tox\n|move|p1a: Groudon|Toxic|p2a: Ditto\n|-status|p2a: Ditto|tox\n|\n|-weather|SunnyDay|[upkeep]\n|-damage|p2a: Ditto|94\/100 tox|[from] psn\n|-damage|p1a: Groudon|38\/100 tox|[from] psn\n|upkeep\n|turn|39\n|\n|t:|1664900489\n|switch|p2a: Yveltal|Yveltal|41\/100\n|-ability|p2a: Yveltal|Dark Aura\n|move|p1a: Groudon|Stealth Rock|p2a: Yveltal\n|-sidestart|p2: yokobaby|move: Stealth Rock\n|\n|-weather|none\n|-damage|p1a: Groudon|26\/100 tox|[from] psn\n|upkeep\n|turn|40\n|\n|t:|1664900492\n|switch|p1a: Yveltal|Yveltal|19\/100\n|-ability|p1a: Yveltal|Dark Aura\n|move|p2a: Yveltal|Defog|p1a: Yveltal\n|-unboost|p1a: Yveltal|evasion|1\n|-sideend|p2: yokobaby|Stealth Rock|[from] move: Defog|[of] p2a: Yveltal\n|\n|upkeep\n|turn|41\n|\n|t:|1664900494\n|move|p1a: Yveltal|Roost|p1a: Yveltal\n|-heal|p1a: Yveltal|69\/100\n|-singleturn|p1a: Yveltal|move: Roost\n|move|p2a: Yveltal|U-turn|p1a: Yveltal\n|-supereffective|p1a: Yveltal\n|-damage|p1a: Yveltal|25\/100\n|\n|t:|1664900496\n|switch|p2a: Zacian|Zacian-Crowned|43\/100|[from]move: U-turn\n|-ability|p2a: Zacian|Intrepid Sword|boost\n|-boost|p2a: Zacian|atk|1\n|\n|upkeep\n|turn|42\n|c|\u2606yokobaby|gg\n|\n|t:|1664900499\n|move|p2a: Zacian|Behemoth Blade|p1a: Yveltal\n|-damage|p1a: Yveltal|0 fnt\n|faint|p1a: Yveltal\n|\n|upkeep\n|c|\u2606AGLT5GC Mirror|\u771f\u662fhax\n|c|\u2606AGLT5GC Mirror|\u5567\n|\n|t:|1664900509\n|switch|p1a: Groudon|Groudon|26\/100 tox\n|-weather|SunnyDay|[from] ability: Drought|[of] p1a: Groudon\n|turn|43\n|\n|t:|1664900511\n|move|p2a: Zacian|Behemoth Blade|p1a: Groudon\n|-damage|p1a: Groudon|0 fnt\n|faint|p1a: Groudon\n|\n|win|yokobaby\n|n|\u2606AGLT5GC Mirror|aglt5gcmirror\n|n|\u2606yokobaby|yokobaby\n|n| AGLT5TX Ic3|aglt5txic3\n|n| AGLT5TX jushu|aglt5txjushu\n|l| AGLT5TX Ic3\n|j| AGLT5TX Ic3\n|l| AGLT5TX Ic3\n|j| WishesArePure\n|l| WishesArePure\n|l| AGLT5TX jushu\n","uploadtime":1664901474,"views":19,"p1id":"aglt5gcmirror","p2id":"yokobaby","formatid":"gen8anythinggoes","rating":0,"private":0,"password":null}