{"id":"gen8ou-1175758868","p1":"lt73iu samqian","p2":"isheavydead","format":"gen8ou","log":"|raw|<div class=\"broadcast-blue\"><strong>This battle is required to be public due to a player having a name starting with 'LT73IU'.<\/div>\n|j|\u2606lt73iu samqian\n|j|\u2606isheavydead\n|t:|1598456183\n|player|p1|lt73iu samqian|102|1746\n|player|p2|isheavydead|2|1775\n|teamsize|p1|6\n|teamsize|p2|6\n|gametype|singles\n|gen|8\n|tier|[Gen 8] OU\n|rated|\n|clearpoke\n|poke|p1|Hatterene, F|\n|poke|p1|Tyranitar, F|\n|poke|p1|Excadrill, M|\n|poke|p1|Amoonguss, M|\n|poke|p1|Corviknight, M|\n|poke|p1|Dragapult, M|\n|poke|p2|Haxorus, M|\n|poke|p2|Volcarona, F|\n|poke|p2|Ninetales-Alola, M|\n|poke|p2|Excadrill, M|\n|poke|p2|Urshifu-*, M|\n|poke|p2|Azumarill, F|\n|rule|Sleep Clause Mod: Limit one foe put to sleep\n|rule|Species Clause: Limit one of each Pok\u00e9mon\n|rule|OHKO Clause: OHKO moves are banned\n|rule|Evasion Moves Clause: Evasion moves are banned\n|rule|Endless Battle Clause: Forcing endless battles is banned\n|rule|HP Percentage Mod: HP is shown in percentages\n|rule|Dynamax Clause: You cannot dynamax\n|teampreview\n|\n|t:|1598456188\n|start\n|switch|p1a: Hatterene|Hatterene, F|100\/100\n|switch|p2a: Excadrill|Excadrill, M, shiny|100\/100\n|-ability|p2a: Excadrill|Mold Breaker\n|turn|1\n|\n|t:|1598456191\n|move|p2a: Excadrill|Stealth Rock|p1a: Hatterene\n|-sidestart|p1: lt73iu samqian|move: Stealth Rock\n|move|p1a: Hatterene|Mystical Fire|p2a: Excadrill\n|-supereffective|p2a: Excadrill\n|-damage|p2a: Excadrill|38\/100\n|-unboost|p2a: Excadrill|spa|1\n|\n|upkeep\n|turn|2\n|\n|t:|1598456195\n|switch|p1a: Corviknight|Corviknight, M, shiny|100\/100\n|-damage|p1a: Corviknight|88\/100|[from] Stealth Rock\n|-ability|p1a: Corviknight|Pressure\n|move|p2a: Excadrill|Steel Beam|p1a: Corviknight\n|-resisted|p1a: Corviknight\n|-damage|p1a: Corviknight|80\/100\n|-damage|p2a: Excadrill|0 fnt|[from] mindblown\n|faint|p2a: Excadrill\n|\n|upkeep\n|\n|t:|1598456199\n|switch|p2a: Azumarill|Azumarill, F|100\/100\n|turn|3\n|\n|t:|1598456201\n|move|p2a: Azumarill|Belly Drum|p2a: Azumarill\n|-damage|p2a: Azumarill|50\/100\n|-setboost|p2a: Azumarill|atk|6|[from] move: Belly Drum\n|-enditem|p2a: Azumarill|Sitrus Berry|[eat]\n|-heal|p2a: Azumarill|75\/100|[from] item: Sitrus Berry\n|move|p1a: Corviknight|Defog|p2a: Azumarill\n|-unboost|p2a: Azumarill|evasion|1\n|-sideend|p1: lt73iu samqian|Stealth Rock|[from] move: Defog|[of] p1a: Corviknight\n|\n|upkeep\n|turn|4\n|\n|t:|1598456203\n|move|p2a: Azumarill|Knock Off|p1a: Corviknight\n|-damage|p1a: Corviknight|0 fnt\n|-damage|p2a: Azumarill|59\/100|[from] item: Rocky Helmet|[of] p1a: Corviknight\n|-enditem|p1a: Corviknight|Rocky Helmet|[from] move: Knock Off|[of] p2a: Azumarill\n|faint|p1a: Corviknight\n|\n|upkeep\n|\n|t:|1598456206\n|switch|p1a: Dragapult|Dragapult, M|100\/100\n|turn|5\n|\n|t:|1598456208\n|move|p2a: Azumarill|Aqua Jet|p1a: Dragapult\n|-resisted|p1a: Dragapult\n|-damage|p1a: Dragapult|28\/100\n|move|p1a: Dragapult|Shadow Ball|p2a: Azumarill\n|-crit|p2a: Azumarill\n|-damage|p2a: Azumarill|0 fnt\n|faint|p2a: Azumarill\n|\n|upkeep\n|\n|t:|1598456210\n|switch|p2a: Ninetales|Ninetales-Alola, M, shiny|100\/100\n|-weather|Hail|[from] ability: Snow Warning|[of] p2a: Ninetales\n|turn|6\n|\n|t:|1598456212\n|move|p1a: Dragapult|Shadow Ball|p2a: Ninetales\n|-damage|p2a: Ninetales|41\/100\n|-unboost|p2a: Ninetales|spd|1\n|move|p2a: Ninetales|Moonblast|p1a: Dragapult\n|-supereffective|p1a: Dragapult\n|-damage|p1a: Dragapult|0 fnt\n|faint|p1a: Dragapult\n|\n|-weather|Hail|[upkeep]\n|upkeep\n|\n|t:|1598456214\n|switch|p1a: Tyranitar|Tyranitar, F|100\/100\n|-weather|Sandstorm|[from] ability: Sand Stream|[of] p1a: Tyranitar\n|turn|7\n|\n|t:|1598456219\n|switch|p2a: Urshifu|Urshifu, M|100\/100\n|move|p1a: Tyranitar|Stealth Rock|p2a: Urshifu\n|-sidestart|p2: isheavydead|move: Stealth Rock\n|\n|-weather|Sandstorm|[upkeep]\n|-damage|p2a: Urshifu|94\/100|[from] Sandstorm\n|upkeep\n|turn|8\n|\n|t:|1598456222\n|switch|p1a: Amoonguss|Amoonguss, M|100\/100\n|move|p2a: Urshifu|Bulk Up|p2a: Urshifu\n|-boost|p2a: Urshifu|atk|1\n|-boost|p2a: Urshifu|def|1\n|\n|-weather|Sandstorm|[upkeep]\n|-damage|p2a: Urshifu|88\/100|[from] Sandstorm\n|-damage|p1a: Amoonguss|94\/100|[from] Sandstorm\n|upkeep\n|turn|9\n|\n|t:|1598456225\n|move|p2a: Urshifu|Wicked Blow|p1a: Amoonguss\n|-crit|p1a: Amoonguss\n|-damage|p1a: Amoonguss|14\/100\n|-damage|p2a: Urshifu|72\/100|[from] item: Rocky Helmet|[of] p1a: Amoonguss\n|move|p1a: Amoonguss|Spore|p2a: Urshifu\n|-status|p2a: Urshifu|slp|[from] move: Spore\n|\n|-weather|Sandstorm|[upkeep]\n|-damage|p2a: Urshifu|66\/100 slp|[from] Sandstorm\n|-damage|p1a: Amoonguss|8\/100|[from] Sandstorm\n|upkeep\n|turn|10\n|\n|t:|1598456229\n|switch|p2a: Ninetales|Ninetales-Alola, M, shiny|41\/100\n|-damage|p2a: Ninetales|16\/100|[from] Stealth Rock\n|-weather|Hail|[from] ability: Snow Warning|[of] p2a: Ninetales\n|move|p1a: Amoonguss|Giga Drain|p2a: Ninetales\n|-damage|p2a: Ninetales|0 fnt\n|-heal|p1a: Amoonguss|14\/100|[from] drain|[of] p2a: Ninetales\n|faint|p2a: Ninetales\n|\n|-weather|Hail|[upkeep]\n|-damage|p1a: Amoonguss|8\/100|[from] Hail\n|upkeep\n|\n|t:|1598456234\n|switch|p2a: Volcarona|Volcarona, F|100\/100\n|turn|11\n|\n|t:|1598456236\n|switch|p1a: Tyranitar|Tyranitar, F|100\/100\n|-weather|Sandstorm|[from] ability: Sand Stream|[of] p1a: Tyranitar\n|move|p2a: Volcarona|Fiery Dance|p1a: Tyranitar\n|-resisted|p1a: Tyranitar\n|-damage|p1a: Tyranitar|93\/100\n|-boost|p2a: Volcarona|spa|1\n|\n|-weather|Sandstorm|[upkeep]\n|-damage|p2a: Volcarona|94\/100|[from] Sandstorm\n|-heal|p1a: Tyranitar|99\/100|[from] item: Leftovers\n|upkeep\n|turn|12\n|j| Livio ElTito\n|\n|t:|1598456239\n|move|p2a: Volcarona|Bug Buzz|p1a: Tyranitar\n|-supereffective|p1a: Tyranitar\n|-damage|p1a: Tyranitar|49\/100\n|-unboost|p1a: Tyranitar|spd|1\n|move|p1a: Tyranitar|Rock Blast|p2a: Volcarona|[miss]\n|-miss|p1a: Tyranitar|p2a: Volcarona\n|\n|-weather|Sandstorm|[upkeep]\n|-damage|p2a: Volcarona|88\/100|[from] Sandstorm\n|-heal|p1a: Tyranitar|55\/100|[from] item: Leftovers\n|upkeep\n|turn|13\n|\n|t:|1598456243\n|switch|p1a: Excadrill|Excadrill, M|100\/100\n|move|p2a: Volcarona|Bug Buzz|p1a: Excadrill\n|-resisted|p1a: Excadrill\n|-damage|p1a: Excadrill|59\/100\n|\n|-weather|Sandstorm|[upkeep]\n|-damage|p2a: Volcarona|82\/100|[from] Sandstorm\n|-heal|p1a: Excadrill|65\/100|[from] item: Leftovers\n|upkeep\n|turn|14\n|\n|t:|1598456246\n|move|p1a: Excadrill|Earthquake|p2a: Volcarona\n|-damage|p2a: Volcarona|17\/100\n|move|p2a: Volcarona|Fiery Dance|p1a: Excadrill\n|-supereffective|p1a: Excadrill\n|-damage|p1a: Excadrill|0 fnt\n|-boost|p2a: Volcarona|spa|1\n|faint|p1a: Excadrill\n|\n|-weather|Sandstorm|[upkeep]\n|-damage|p2a: Volcarona|11\/100|[from] Sandstorm\n|upkeep\n|c|\u2606lt73iu samqian|lmfao\n|\n|t:|1598456251\n|switch|p1a: Tyranitar|Tyranitar, F|55\/100\n|turn|15\n|c|\u2606isheavydead|gg\n|c|\u2606isheavydead|sorry\n|\n|t:|1598456259\n|move|p2a: Volcarona|Bug Buzz|p1a: Tyranitar\n|-supereffective|p1a: Tyranitar\n|-damage|p1a: Tyranitar|0 fnt\n|faint|p1a: Tyranitar\n|\n|-weather|none\n|upkeep\n|c|\u2606lt73iu samqian|ur fucking kidding me\n|\n|t:|1598456264\n|switch|p1a: Hatterene|Hatterene, F|100\/100\n|turn|16\n|\n|t:|1598456266\n|move|p2a: Volcarona|Bug Buzz|p1a: Hatterene\n|-damage|p1a: Hatterene|6\/100\n|move|p1a: Hatterene|Psyshock|p2a: Volcarona\n|-damage|p2a: Volcarona|0 fnt\n|faint|p2a: Volcarona\n|\n|-heal|p1a: Hatterene|12\/100|[from] item: Leftovers\n|upkeep\n|\n|t:|1598456271\n|switch|p2a: Haxorus|Haxorus, M, shiny|100\/100\n|-damage|p2a: Haxorus|88\/100|[from] Stealth Rock\n|-ability|p2a: Haxorus|Mold Breaker\n|turn|17\n|\n|t:|1598456275\n|switch|p1a: Amoonguss|Amoonguss, M|41\/100\n|move|p2a: Haxorus|Poison Jab|p1a: Amoonguss\n|-damage|p1a: Amoonguss|17\/100\n|-damage|p2a: Haxorus|72\/100|[from] item: Rocky Helmet|[of] p1a: Amoonguss\n|\n|upkeep\n|turn|18\n|\n|t:|1598456278\n|switch|p1a: Hatterene|Hatterene, F|12\/100\n|move|p2a: Haxorus|Poison Jab|p1a: Hatterene\n|-supereffective|p1a: Hatterene\n|-damage|p1a: Hatterene|0 fnt\n|faint|p1a: Hatterene\n|\n|upkeep\n|\n|t:|1598456279\n|switch|p1a: Amoonguss|Amoonguss, M|50\/100\n|turn|19\n|\n|t:|1598456282\n|move|p2a: Haxorus|Swords Dance|p2a: Haxorus\n|-boost|p2a: Haxorus|atk|2\n|move|p1a: Amoonguss|Stun Spore|p2a: Haxorus\n|-status|p2a: Haxorus|par\n|-enditem|p2a: Haxorus|Lum Berry|[eat]\n|-curestatus|p2a: Haxorus|par|[msg]\n|\n|upkeep\n|turn|20\n|\n|t:|1598456285\n|move|p2a: Haxorus|Scale Shot|p1a: Amoonguss\n|-damage|p1a: Amoonguss|29\/100\n|-damage|p1a: Amoonguss|6\/100\n|-damage|p1a: Amoonguss|0 fnt\n|-hitcount|p1a: Amoonguss|3\n|-unboost|p2a: Haxorus|def|1\n|-boost|p2a: Haxorus|spe|1\n|faint|p1a: Amoonguss\n|\n|win|isheavydead\n|c|\u2606lt73iu samqian|fucking get a rope\n|l|\u2606isheavydead\n|l|\u2606lt73iu samqian\n||Ladder (probably) updated, but score could not be retrieved (Request timeout).\n","uploadtime":1598456519,"views":109,"p1id":"lt73iusamqian","p2id":"isheavydead","formatid":"gen8ou","rating":0,"private":0,"password":null}