{"id":"gen8ou-1503592203","p1":"kokoukohiro","p2":"The Agency is Here","format":"gen8ou","log":"|j|\u2606kokoukohiro\n|j|\u2606The Agency is Here\n|t:|1643891065\n|gametype|singles\n|player|p1|kokoukohiro|dawn|1508\n|player|p2|The Agency is Here|rocketgrunt|1495\n|teamsize|p1|6\n|teamsize|p2|6\n|gen|8\n|tier|[Gen 8] OU\n|rated|\n|rule|Sleep Clause Mod: Limit one foe put to sleep\n|rule|Species Clause: Limit one of each Pok\u00e9mon\n|rule|OHKO Clause: OHKO moves are banned\n|rule|Evasion Moves Clause: Evasion moves are banned\n|rule|Endless Battle Clause: Forcing endless battles is banned\n|rule|HP Percentage Mod: HP is shown in percentages\n|rule|Dynamax Clause: You cannot dynamax\n|clearpoke\n|poke|p1|Shedinja|\n|poke|p1|Quagsire, F|\n|poke|p1|Clefable, M|\n|poke|p1|Blissey, F|\n|poke|p1|Toxapex, M|\n|poke|p1|Zapdos|\n|poke|p2|Goodra, F|\n|poke|p2|Ferrothorn, M|\n|poke|p2|Terrakion|\n|poke|p2|Nidoking, M|\n|poke|p2|Clefable, F|\n|poke|p2|Zapdos|\n|teampreview\n|inactive|Battle timer is ON: inactive players will automatically lose when time's up. (requested by kokoukohiro)\n|inactive|The Agency is Here has 120 seconds left.\n|inactive|The Agency is Here has 90 seconds left.\n|\n|t:|1643891158\n|start\n|switch|p1a: Zapdos|Zapdos|100\/100\n|switch|p2a: Terrakion|Terrakion|100\/100\n|-ability|p1a: Zapdos|Pressure\n|turn|1\n|\n|t:|1643891171\n|switch|p1a: Toxapex|Toxapex, M|100\/100\n|move|p2a: Terrakion|Close Combat|p1a: Toxapex\n|-resisted|p1a: Toxapex\n|-damage|p1a: Toxapex|77\/100\n|-unboost|p2a: Terrakion|def|1\n|-unboost|p2a: Terrakion|spd|1\n|-damage|p2a: Terrakion|91\/100|[from] item: Life Orb\n|\n|-heal|p1a: Toxapex|84\/100|[from] item: Black Sludge\n|upkeep\n|turn|2\n|\n|t:|1643891178\n|switch|p2a: Ferrothorn|Ferrothorn, M|100\/100\n|move|p1a: Toxapex|Knock Off|p2a: Ferrothorn\n|-damage|p2a: Ferrothorn|91\/100\n|-damage|p1a: Toxapex|71\/100|[from] ability: Iron Barbs|[of] p2a: Ferrothorn\n|-enditem|p2a: Ferrothorn|Leftovers|[from] move: Knock Off|[of] p1a: Toxapex\n|\n|-heal|p1a: Toxapex|77\/100|[from] item: Black Sludge\n|upkeep\n|turn|3\n|\n|t:|1643891180\n|switch|p1a: Zapdos|Zapdos|100\/100\n|-ability|p1a: Zapdos|Pressure\n|move|p2a: Ferrothorn|Knock Off|p1a: Zapdos\n|-damage|p1a: Zapdos|86\/100\n|-enditem|p1a: Zapdos|Heavy-Duty Boots|[from] move: Knock Off|[of] p2a: Ferrothorn\n|\n|upkeep\n|turn|4\n|\n|t:|1643891190\n|switch|p2a: Goodra|Goodra, F|100\/100\n|move|p1a: Zapdos|Heat Wave|p2a: Goodra\n|-resisted|p2a: Goodra\n|-damage|p2a: Goodra|93\/100\n|\n|-heal|p2a: Goodra|99\/100|[from] item: Leftovers\n|upkeep\n|turn|5\n|\n|t:|1643891201\n|switch|p1a: Blissey|Blissey, F|100\/100\n|switch|p2a: Ferrothorn|Ferrothorn, M|91\/100\n|\n|upkeep\n|turn|6\n|\n|t:|1643891206\n|switch|p1a: Zapdos|Zapdos|86\/100\n|-ability|p1a: Zapdos|Pressure\n|move|p2a: Ferrothorn|Spikes|p1a: Zapdos\n|-sidestart|p1: kokoukohiro|Spikes\n|\n|upkeep\n|turn|7\n|\n|t:|1643891215\n|switch|p2a: Terrakion|Terrakion|91\/100\n|move|p1a: Zapdos|Heat Wave|p2a: Terrakion\n|-resisted|p2a: Terrakion\n|-damage|p2a: Terrakion|74\/100\n|\n|upkeep\n|turn|8\n|\n|t:|1643891227\n|move|p2a: Terrakion|Swords Dance|p2a: Terrakion\n|-boost|p2a: Terrakion|atk|2\n|move|p1a: Zapdos|Roost|p1a: Zapdos\n|-heal|p1a: Zapdos|100\/100\n|-singleturn|p1a: Zapdos|move: Roost\n|\n|upkeep\n|turn|9\n|\n|t:|1643891231\n|switch|p1a: Quagsire|Quagsire, F|100\/100\n|-damage|p1a: Quagsire|88\/100|[from] Spikes\n|move|p2a: Terrakion|Close Combat|p1a: Quagsire\n|-damage|p1a: Quagsire|34\/100\n|-unboost|p2a: Terrakion|def|1\n|-unboost|p2a: Terrakion|spd|1\n|-damage|p2a: Terrakion|64\/100|[from] item: Life Orb\n|\n|-heal|p1a: Quagsire|40\/100|[from] item: Leftovers\n|upkeep\n|turn|10\n|\n|t:|1643891237\n|switch|p1a: Toxapex|Toxapex, M|100\/100\n|-damage|p1a: Toxapex|88\/100|[from] Spikes\n|move|p2a: Terrakion|Earthquake|p1a: Toxapex\n|-supereffective|p1a: Toxapex\n|-damage|p1a: Toxapex|0 fnt\n|faint|p1a: Toxapex\n|-damage|p2a: Terrakion|54\/100|[from] item: Life Orb\n|\n|upkeep\n|-message|kokoukohiro forfeited.\n|\n|win|The Agency is Here\n|raw|kokoukohiro's rating: 1508 &rarr; <strong>1487<\/strong><br \/>(-21 for losing)\n|raw|The Agency is Here's rating: 1495 &rarr; <strong>1516<\/strong><br \/>(+21 for winning)\n|l|\u2606kokoukohiro\n","uploadtime":1643891270,"views":58,"p1id":"kokoukohiro","p2id":"theagencyishere","formatid":"gen8ou","rating":1487,"private":0,"password":null}