{"id":"gen8ou-1694131526","p1":"Kwaga","p2":"xiququan","format":"gen8ou","log":"|html|<div class=\"broadcast-blue\"><strong>[Gen 8] OU is currently suspecting Melmetal! For information on how to participate check out the <a href=\"https:\/\/www.smogon.com\/forums\/threads\/np-ss-ou-suspect-process-round-12-monster-mash.3709234\/\">suspect thread<\/a>.<\/strong><\/div>\n|j|\u2606Kwaga\n|j|\u2606xiququan\n|t:|1666666810\n|gametype|singles\n|player|p1|Kwaga|brock-gen1rb|1615\n|player|p2|xiququan|1|1608\n|teamsize|p1|6\n|teamsize|p2|6\n|gen|8\n|tier|[Gen 8] OU\n|rated|\n|rule|Sleep Clause Mod: Limit one foe put to sleep\n|rule|Species Clause: Limit one of each Pok\u00e9mon\n|rule|OHKO Clause: OHKO moves are banned\n|rule|Evasion Items Clause: Evasion items are banned\n|rule|Evasion Moves Clause: Evasion moves are banned\n|rule|Endless Battle Clause: Forcing endless battles is banned\n|rule|HP Percentage Mod: HP is shown in percentages\n|rule|Dynamax Clause: You cannot dynamax\n|clearpoke\n|poke|p1|Tapu Koko|\n|poke|p1|Urshifu-*, M|\n|poke|p1|Rillaboom, M|\n|poke|p1|Nidoking, M|\n|poke|p1|Mandibuzz, F|\n|poke|p1|Heatran, M|\n|poke|p2|Dragapult, M|\n|poke|p2|Ferrothorn, M|\n|poke|p2|Clefable, M|\n|poke|p2|Tornadus-Therian, M|\n|poke|p2|Magnezone|\n|poke|p2|Garchomp, F|\n|teampreview\n|\n|t:|1666666828\n|start\n|switch|p1a: Tapu Koko|Tapu Koko, shiny|100\/100\n|switch|p2a: Raptor|Garchomp, F|100\/100\n|-fieldstart|move: Electric Terrain|[from] ability: Electric Surge|[of] p1a: Tapu Koko\n|turn|1\n|\n|t:|1666666838\n|switch|p1a: Rillaboom|Rillaboom, M|100\/100\n|-fieldstart|move: Grassy Terrain|[from] ability: Grassy Surge|[of] p1a: Rillaboom\n|move|p2a: Raptor|Earthquake|p1a: Rillaboom\n|-resisted|p1a: Rillaboom\n|-damage|p1a: Rillaboom|90\/100\n|\n|-heal|p1a: Rillaboom|96\/100|[from] Grassy Terrain\n|upkeep\n|turn|2\n|\n|t:|1666666848\n|switch|p2a: Torpedo|Tornadus-Therian, M|100\/100\n|move|p1a: Rillaboom|Knock Off|p2a: Torpedo\n|-damage|p2a: Torpedo|49\/100\n|-enditem|p2a: Torpedo|Heavy-Duty Boots|[from] move: Knock Off|[of] p1a: Rillaboom\n|\n|-heal|p1a: Rillaboom|100\/100|[from] Grassy Terrain\n|upkeep\n|turn|3\n|\n|t:|1666666859\n|switch|p1a: Tapu Koko|Tapu Koko, shiny|100\/100\n|-fieldstart|move: Electric Terrain|[from] ability: Electric Surge|[of] p1a: Tapu Koko\n|move|p2a: Torpedo|U-turn|p1a: Tapu Koko\n|-resisted|p1a: Tapu Koko\n|-damage|p1a: Tapu Koko|91\/100\n|\n|t:|1666666866\n|switch|p2a: Raptor|Garchomp, F|100\/100|[from]move: U-turn\n|\n|upkeep\n|turn|4\n|\n|t:|1666666869\n|move|p1a: Tapu Koko|Taunt|p2a: Raptor\n|-start|p2a: Raptor|move: Taunt\n|cant|p2a: Raptor|move: Taunt|Stealth Rock\n|\n|upkeep\n|turn|5\n|\n|t:|1666666877\n|switch|p1a: Rillaboom|Rillaboom, M|100\/100\n|-fieldstart|move: Grassy Terrain|[from] ability: Grassy Surge|[of] p1a: Rillaboom\n|switch|p2a: Torpedo|Tornadus-Therian, M|82\/100\n|\n|upkeep\n|turn|6\n|\n|t:|1666666882\n|switch|p1a: Heatran|Heatran, M|100\/100\n|move|p2a: Torpedo|Knock Off|p1a: Heatran\n|-damage|p1a: Heatran|83\/100\n|-enditem|p1a: Heatran|Leftovers|[from] move: Knock Off|[of] p2a: Torpedo\n|\n|-heal|p1a: Heatran|89\/100|[from] Grassy Terrain\n|upkeep\n|turn|7\n|\n|t:|1666666890\n|move|p2a: Torpedo|U-turn|p1a: Heatran\n|-resisted|p1a: Heatran\n|-damage|p1a: Heatran|86\/100\n|\n|t:|1666666893\n|switch|p2a: Raptor|Garchomp, F|100\/100|[from]move: U-turn\n|move|p1a: Heatran|Stealth Rock|p2a: Raptor\n|-sidestart|p2: xiququan|move: Stealth Rock\n|\n|-heal|p1a: Heatran|92\/100|[from] Grassy Terrain\n|upkeep\n|turn|8\n|j| cypherstest\n|\n|t:|1666666899\n|switch|p1a: Rillaboom|Rillaboom, M|100\/100\n|move|p2a: Raptor|Stealth Rock|p1a: Rillaboom\n|-sidestart|p1: Kwaga|move: Stealth Rock\n|\n|upkeep\n|turn|9\n|\n|t:|1666666908\n|switch|p2a: Torpedo|Tornadus-Therian, M|100\/100\n|-damage|p2a: Torpedo|76\/100|[from] Stealth Rock\n|move|p1a: Rillaboom|Knock Off|p2a: Torpedo\n|-damage|p2a: Torpedo|41\/100\n|\n|-fieldend|move: Grassy Terrain\n|upkeep\n|turn|10\n|\n|t:|1666666915\n|switch|p1a: Tapu Koko|Tapu Koko, shiny|91\/100\n|-fieldstart|move: Electric Terrain|[from] ability: Electric Surge|[of] p1a: Tapu Koko\n|move|p2a: Torpedo|U-turn|p1a: Tapu Koko\n|-resisted|p1a: Tapu Koko\n|-damage|p1a: Tapu Koko|80\/100\n|\n|t:|1666666927\n|switch|p2a: Raptor|Garchomp, F|100\/100|[from]move: U-turn\n|-damage|p2a: Raptor|94\/100|[from] Stealth Rock\n|\n|-heal|p2a: Raptor|100\/100|[from] item: Leftovers\n|upkeep\n|turn|11\n|\n|t:|1666666935\n|switch|p1a: Rillaboom|Rillaboom, M|100\/100\n|-damage|p1a: Rillaboom|88\/100|[from] Stealth Rock\n|-fieldstart|move: Grassy Terrain|[from] ability: Grassy Surge|[of] p1a: Rillaboom\n|move|p2a: Raptor|Toxic|p1a: Rillaboom\n|-status|p1a: Rillaboom|tox\n|\n|-heal|p1a: Rillaboom|94\/100 tox|[from] Grassy Terrain\n|-damage|p1a: Rillaboom|88\/100 tox|[from] psn\n|upkeep\n|turn|12\n|\n|t:|1666666939\n|switch|p2a: Torpedo|Tornadus-Therian, M|74\/100\n|-damage|p2a: Torpedo|50\/100|[from] Stealth Rock\n|move|p1a: Rillaboom|Knock Off|p2a: Torpedo\n|-damage|p2a: Torpedo|10\/100\n|\n|-heal|p1a: Rillaboom|94\/100 tox|[from] Grassy Terrain\n|-damage|p1a: Rillaboom|82\/100 tox|[from] psn\n|upkeep\n|turn|13\n|\n|t:|1666666949\n|switch|p2a: Rocky|Ferrothorn, M|100\/100\n|-damage|p2a: Rocky|94\/100|[from] Stealth Rock\n|switch|p1a: Tapu Koko|Tapu Koko, shiny|80\/100\n|-fieldstart|move: Electric Terrain|[from] ability: Electric Surge|[of] p1a: Tapu Koko\n|\n|-heal|p2a: Rocky|100\/100|[from] item: Leftovers\n|upkeep\n|turn|14\n|\n|t:|1666666960\n|move|p1a: Tapu Koko|Volt Switch|p2a: Rocky\n|-resisted|p2a: Rocky\n|-damage|p2a: Rocky|83\/100\n|\n|t:|1666666962\n|switch|p1a: Heatran|Heatran, M|92\/100|[from]move: Volt Switch\n|-damage|p1a: Heatran|80\/100|[from] Stealth Rock\n|move|p2a: Rocky|Gyro Ball|p1a: Heatran\n|-resisted|p1a: Heatran\n|-damage|p1a: Heatran|72\/100\n|\n|-heal|p2a: Rocky|90\/100|[from] item: Leftovers\n|upkeep\n|turn|15\n|j| BabyPigsAreLaughin\n|\n|t:|1666666969\n|switch|p1a: Rillaboom|Rillaboom, M|82\/100 tox\n|-damage|p1a: Rillaboom|70\/100 tox|[from] Stealth Rock\n|-fieldstart|move: Grassy Terrain|[from] ability: Grassy Surge|[of] p1a: Rillaboom\n|switch|p2a: Raptor|Garchomp, F|100\/100\n|-damage|p2a: Raptor|94\/100|[from] Stealth Rock\n|\n|-heal|p1a: Rillaboom|76\/100 tox|[from] Grassy Terrain\n|-heal|p2a: Raptor|100\/100|[from] Grassy Terrain\n|-damage|p1a: Rillaboom|70\/100 tox|[from] psn\n|upkeep\n|turn|16\n|\n|t:|1666666975\n|move|p2a: Raptor|Protect|p2a: Raptor\n|-singleturn|p2a: Raptor|Protect\n|move|p1a: Rillaboom|Knock Off|p2a: Raptor\n|-activate|p2a: Raptor|move: Protect\n|\n|-heal|p1a: Rillaboom|76\/100 tox|[from] Grassy Terrain\n|-damage|p1a: Rillaboom|64\/100 tox|[from] psn\n|upkeep\n|turn|17\n|j| darkcloud1986\n|\n|t:|1666667002\n|switch|p2a: Rocky|Ferrothorn, M|90\/100\n|-damage|p2a: Rocky|83\/100|[from] Stealth Rock\n|move|p1a: Rillaboom|Knock Off|p2a: Rocky\n|-damage|p2a: Rocky|50\/100\n|-damage|p1a: Rillaboom|52\/100 tox|[from] ability: Iron Barbs|[of] p2a: Rocky\n|-enditem|p2a: Rocky|Leftovers|[from] move: Knock Off|[of] p1a: Rillaboom\n|\n|-heal|p1a: Rillaboom|58\/100 tox|[from] Grassy Terrain\n|-heal|p2a: Rocky|56\/100|[from] Grassy Terrain\n|-damage|p1a: Rillaboom|40\/100 tox|[from] psn\n|upkeep\n|turn|18\n|\n|t:|1666667016\n|switch|p1a: Heatran|Heatran, M|72\/100\n|-damage|p1a: Heatran|59\/100|[from] Stealth Rock\n|move|p2a: Rocky|Leech Seed|p1a: Heatran\n|-start|p1a: Heatran|move: Leech Seed\n|\n|-heal|p1a: Heatran|65\/100|[from] Grassy Terrain\n|-heal|p2a: Rocky|63\/100|[from] Grassy Terrain\n|-damage|p1a: Heatran|53\/100|[from] Leech Seed|[of] p2a: Rocky\n|-heal|p2a: Rocky|76\/100|[silent]\n|upkeep\n|turn|19\n|\n|t:|1666667028\n|move|p1a: Heatran|Taunt|p2a: Rocky\n|-start|p2a: Rocky|move: Taunt\n|cant|p2a: Rocky|move: Taunt|Spikes\n|\n|-heal|p1a: Heatran|59\/100|[from] Grassy Terrain\n|-heal|p2a: Rocky|83\/100|[from] Grassy Terrain\n|-damage|p1a: Heatran|47\/100|[from] Leech Seed|[of] p2a: Rocky\n|-heal|p2a: Rocky|96\/100|[silent]\n|-fieldend|move: Grassy Terrain\n|upkeep\n|turn|20\n|\n|t:|1666667042\n|switch|p1a: Urshifu|Urshifu-Rapid-Strike, M|100\/100\n|-damage|p1a: Urshifu|94\/100|[from] Stealth Rock\n|switch|p2a: Raptor|Garchomp, F|100\/100\n|-damage|p2a: Raptor|94\/100|[from] Stealth Rock\n|\n|-heal|p2a: Raptor|100\/100|[from] item: Leftovers\n|upkeep\n|turn|21\n|\n|t:|1666667058\n|move|p1a: Urshifu|Surging Strikes|p2a: Raptor\n|-crit|p2a: Raptor\n|-damage|p2a: Raptor|85\/100\n|-activate|p2a: Raptor|ability: Rough Skin\n|-activate|p1a: Urshifu|item: Protective Pads\n|-crit|p2a: Raptor\n|-damage|p2a: Raptor|69\/100\n|-activate|p2a: Raptor|ability: Rough Skin\n|-activate|p1a: Urshifu|item: Protective Pads\n|-crit|p2a: Raptor\n|-damage|p2a: Raptor|53\/100\n|-activate|p2a: Raptor|ability: Rough Skin\n|-activate|p1a: Urshifu|item: Protective Pads\n|-hitcount|p2a: Raptor|3\n|move|p2a: Raptor|Earthquake|p1a: Urshifu\n|-damage|p1a: Urshifu|48\/100\n|\n|-heal|p2a: Raptor|59\/100|[from] item: Leftovers\n|upkeep\n|turn|22\n|\n|t:|1666667065\n|switch|p2a: Rocky|Ferrothorn, M|96\/100\n|-damage|p2a: Rocky|90\/100|[from] Stealth Rock\n|move|p1a: Urshifu|U-turn|p2a: Rocky\n|-damage|p2a: Rocky|75\/100\n|-activate|p2a: Rocky|ability: Iron Barbs\n|-activate|p1a: Urshifu|item: Protective Pads\n|\n|t:|1666667068\n|switch|p1a: Heatran|Heatran, M|47\/100|[from]move: U-turn\n|-damage|p1a: Heatran|34\/100|[from] Stealth Rock\n|\n|upkeep\n|turn|23\n|\n|t:|1666667080\n|switch|p2a: Raptor|Garchomp, F|59\/100\n|-damage|p2a: Raptor|53\/100|[from] Stealth Rock\n|move|p1a: Heatran|Magma Storm|p2a: Raptor\n|-resisted|p2a: Raptor\n|-damage|p2a: Raptor|39\/100\n|-activate|p2a: Raptor|move: Magma Storm|[of] p1a: Heatran\n|\n|-heal|p2a: Raptor|45\/100|[from] item: Leftovers\n|-damage|p2a: Raptor|32\/100|[from] move: Magma Storm|[partiallytrapped]\n|upkeep\n|turn|24\n|\n|t:|1666667090\n|switch|p1a: Mandibuzz|Mandibuzz, F|100\/100\n|move|p2a: Raptor|Earthquake|p1a: Mandibuzz\n|-immune|p1a: Mandibuzz\n|\n|-heal|p2a: Raptor|39\/100|[from] item: Leftovers\n|-end|p2a: Raptor|Magma Storm|[partiallytrapped]|[silent]\n|upkeep\n|turn|25\n|\n|t:|1666667094\n|move|p2a: Raptor|Toxic|p1a: Mandibuzz\n|-status|p1a: Mandibuzz|tox\n|move|p1a: Mandibuzz|Foul Play|p2a: Raptor\n|-damage|p2a: Raptor|4\/100\n|-damage|p1a: Mandibuzz|88\/100 tox|[from] ability: Rough Skin|[of] p2a: Raptor\n|\n|-heal|p2a: Raptor|10\/100|[from] item: Leftovers\n|-damage|p1a: Mandibuzz|82\/100 tox|[from] psn\n|upkeep\n|turn|26\n|\n|t:|1666667101\n|move|p2a: Raptor|Protect|p2a: Raptor\n|-singleturn|p2a: Raptor|Protect\n|move|p1a: Mandibuzz|Roost|p1a: Mandibuzz\n|-heal|p1a: Mandibuzz|100\/100 tox\n|-singleturn|p1a: Mandibuzz|move: Roost\n|\n|-heal|p2a: Raptor|17\/100|[from] item: Leftovers\n|-damage|p1a: Mandibuzz|88\/100 tox|[from] psn\n|upkeep\n|turn|27\n|j| Drasuk\n|\n|t:|1666667108\n|move|p2a: Raptor|Protect|p2a: Raptor\n|-singleturn|p2a: Raptor|Protect\n|move|p1a: Mandibuzz|U-turn|p2a: Raptor\n|-activate|p2a: Raptor|move: Protect\n|\n|-heal|p2a: Raptor|23\/100|[from] item: Leftovers\n|-damage|p1a: Mandibuzz|70\/100 tox|[from] psn\n|upkeep\n|turn|28\n|\n|t:|1666667124\n|switch|p2a: Fairytale|Clefable, M|100\/100\n|switch|p1a: Urshifu|Urshifu-Rapid-Strike, M|48\/100\n|-damage|p1a: Urshifu|42\/100|[from] Stealth Rock\n|\n|upkeep\n|turn|29\n|\n|t:|1666667133\n|move|p1a: Urshifu|U-turn|p2a: Fairytale\n|-resisted|p2a: Fairytale\n|-damage|p2a: Fairytale|90\/100\n|\n|t:|1666667136\n|switch|p1a: Heatran|Heatran, M|34\/100|[from]move: U-turn\n|-damage|p1a: Heatran|22\/100|[from] Stealth Rock\n|move|p2a: Fairytale|Knock Off|p1a: Heatran\n|-damage|p1a: Heatran|12\/100\n|\n|-heal|p2a: Fairytale|96\/100|[from] item: Leftovers\n|upkeep\n|turn|30\n|\n|t:|1666667152\n|switch|p2a: Raptor|Garchomp, F|23\/100\n|-damage|p2a: Raptor|17\/100|[from] Stealth Rock\n|move|p1a: Heatran|Magma Storm|p2a: Raptor|[miss]\n|-miss|p1a: Heatran|p2a: Raptor\n|\n|-heal|p2a: Raptor|23\/100|[from] item: Leftovers\n|upkeep\n|turn|31\n|\n|t:|1666667158\n|move|p2a: Raptor|Earthquake|p1a: Heatran\n|-supereffective|p1a: Heatran\n|-damage|p1a: Heatran|0 fnt\n|faint|p1a: Heatran\n|\n|-heal|p2a: Raptor|29\/100|[from] item: Leftovers\n|upkeep\n|\n|t:|1666667159\n|switch|p1a: Urshifu|Urshifu-Rapid-Strike, M|42\/100\n|-damage|p1a: Urshifu|36\/100|[from] Stealth Rock\n|turn|32\n|\n|t:|1666667168\n|move|p1a: Urshifu|Surging Strikes|p2a: Raptor\n|-crit|p2a: Raptor\n|-damage|p2a: Raptor|11\/100\n|-activate|p2a: Raptor|ability: Rough Skin\n|-activate|p1a: Urshifu|item: Protective Pads\n|-crit|p2a: Raptor\n|-damage|p2a: Raptor|0 fnt\n|-activate|p2a: Raptor|ability: Rough Skin\n|-activate|p1a: Urshifu|item: Protective Pads\n|faint|p2a: Raptor\n|-hitcount|p2: Raptor|2\n|\n|upkeep\n|\n|t:|1666667175\n|switch|p2a: Monster|Dragapult, M|100\/100\n|-damage|p2a: Monster|88\/100|[from] Stealth Rock\n|turn|33\n|\n|t:|1666667180\n|switch|p1a: Tapu Koko|Tapu Koko, shiny|80\/100\n|-fieldstart|move: Electric Terrain|[from] ability: Electric Surge|[of] p1a: Tapu Koko\n|move|p2a: Monster|Dragon Darts|p1a: Tapu Koko\n|-immune|p1a: Tapu Koko\n|\n|upkeep\n|turn|34\n|\n|t:|1666667193\n|move|p1a: Tapu Koko|Volt Switch|p2a: Monster\n|-resisted|p2a: Monster\n|-damage|p2a: Monster|64\/100\n|\n|t:|1666667197\n|switch|p1a: Rillaboom|Rillaboom, M|40\/100 tox|[from]move: Volt Switch\n|-damage|p1a: Rillaboom|27\/100 tox|[from] Stealth Rock\n|-fieldstart|move: Grassy Terrain|[from] ability: Grassy Surge|[of] p1a: Rillaboom\n|move|p2a: Monster|Dragon Darts|p1a: Rillaboom\n|-damage|p1a: Rillaboom|0 fnt\n|faint|p1a: Rillaboom\n|\n|-heal|p2a: Monster|70\/100|[from] Grassy Terrain\n|upkeep\n|\n|t:|1666667199\n|switch|p1a: Tapu Koko|Tapu Koko, shiny|80\/100\n|-fieldstart|move: Electric Terrain|[from] ability: Electric Surge|[of] p1a: Tapu Koko\n|turn|35\n|\n|t:|1666667211\n|switch|p2a: Fairytale|Clefable, M|96\/100\n|move|p1a: Tapu Koko|Nature's Madness|p2a: Fairytale\n|-damage|p2a: Fairytale|48\/100\n|\n|-heal|p2a: Fairytale|55\/100|[from] item: Leftovers\n|upkeep\n|turn|36\n|\n|t:|1666667224\n|move|p1a: Tapu Koko|Volt Switch|p2a: Fairytale\n|-damage|p2a: Fairytale|21\/100\n|\n|t:|1666667229\n|switch|p1a: Nidoking|Nidoking, M|100\/100|[from]move: Volt Switch\n|-damage|p1a: Nidoking|95\/100|[from] Stealth Rock\n|move|p2a: Fairytale|Soft-Boiled|p2a: Fairytale\n|-heal|p2a: Fairytale|71\/100\n|\n|-heal|p2a: Fairytale|77\/100|[from] item: Leftovers\n|upkeep\n|turn|37\n|\n|t:|1666667239\n|switch|p2a: Rocky|Ferrothorn, M|75\/100\n|-damage|p2a: Rocky|69\/100|[from] Stealth Rock\n|move|p1a: Nidoking|Ice Beam|p2a: Rocky\n|-damage|p2a: Rocky|35\/100\n|\n|upkeep\n|turn|38\n|\n|t:|1666667249\n|move|p1a: Nidoking|Flamethrower|p2a: Rocky\n|-supereffective|p2a: Rocky\n|-damage|p2a: Rocky|0 fnt\n|faint|p2a: Rocky\n|\n|upkeep\n|\n|t:|1666667261\n|switch|p2a: R.O.B|Magnezone|100\/100\n|-damage|p2a: R.O.B|94\/100|[from] Stealth Rock\n|turn|39\n|\n|t:|1666667264\n|move|p1a: Nidoking|Earth Power|p2a: R.O.B\n|-supereffective|p2a: R.O.B\n|-damage|p2a: R.O.B|0 fnt\n|faint|p2a: R.O.B\n|\n|-fieldend|move: Electric Terrain\n|upkeep\n|\n|t:|1666667274\n|switch|p2a: Torpedo|Tornadus-Therian, M|43\/100\n|-damage|p2a: Torpedo|19\/100|[from] Stealth Rock\n|turn|40\n|\n|t:|1666667279\n|switch|p1a: Tapu Koko|Tapu Koko, shiny|80\/100\n|-fieldstart|move: Electric Terrain|[from] ability: Electric Surge|[of] p1a: Tapu Koko\n|move|p2a: Torpedo|Hurricane|p1a: Tapu Koko\n|-resisted|p1a: Tapu Koko\n|-damage|p1a: Tapu Koko|47\/100\n|\n|upkeep\n|turn|41\n|\n|t:|1666667286\n|move|p1a: Tapu Koko|Volt Switch|p2a: Torpedo\n|-supereffective|p2a: Torpedo\n|-damage|p2a: Torpedo|0 fnt\n|faint|p2a: Torpedo\n|\n|t:|1666667290\n|switch|p1a: Nidoking|Nidoking, M|95\/100|[from]move: Volt Switch\n|-damage|p1a: Nidoking|89\/100|[from] Stealth Rock\n|\n|upkeep\n|\n|t:|1666667295\n|switch|p2a: Monster|Dragapult, M|70\/100\n|-damage|p2a: Monster|57\/100|[from] Stealth Rock\n|turn|42\n|\n|t:|1666667300\n|switch|p1a: Urshifu|Urshifu-Rapid-Strike, M|36\/100\n|-damage|p1a: Urshifu|30\/100|[from] Stealth Rock\n|move|p2a: Monster|Dragon Darts|p1a: Urshifu\n|-damage|p1a: Urshifu|0 fnt\n|faint|p1a: Urshifu\n|\n|upkeep\n|\n|t:|1666667303\n|switch|p1a: Tapu Koko|Tapu Koko, shiny|47\/100\n|turn|43\n|\n|t:|1666667308\n|switch|p2a: Fairytale|Clefable, M|77\/100\n|move|p1a: Tapu Koko|Roost|p1a: Tapu Koko\n|-heal|p1a: Tapu Koko|97\/100\n|-singleturn|p1a: Tapu Koko|move: Roost\n|\n|-heal|p2a: Fairytale|83\/100|[from] item: Leftovers\n|upkeep\n|turn|44\n|\n|t:|1666667320\n|move|p1a: Tapu Koko|Volt Switch|p2a: Fairytale\n|-damage|p2a: Fairytale|49\/100\n|\n|t:|1666667321\n|switch|p1a: Nidoking|Nidoking, M|89\/100|[from]move: Volt Switch\n|-damage|p1a: Nidoking|83\/100|[from] Stealth Rock\n|move|p2a: Fairytale|Soft-Boiled|p2a: Fairytale\n|-heal|p2a: Fairytale|99\/100\n|\n|-heal|p2a: Fairytale|100\/100|[from] item: Leftovers\n|-fieldend|move: Electric Terrain\n|upkeep\n|turn|45\n|\n|t:|1666667327\n|move|p1a: Nidoking|Sludge Wave|p2a: Fairytale\n|-supereffective|p2a: Fairytale\n|-damage|p2a: Fairytale|0 fnt\n|faint|p2a: Fairytale\n|\n|upkeep\n|-message|xiququan forfeited.\n|\n|win|Kwaga\n|raw|Kwaga's rating: 1615 &rarr; <strong>1635<\/strong><br \/>(+20 for winning)\n|raw|xiququan's rating: 1608 &rarr; <strong>1588<\/strong><br \/>(-20 for losing)\n|l|\u2606xiququan\n","uploadtime":1666667335,"views":9,"p1id":"kwaga","p2id":"xiququan","formatid":"gen8ou","rating":1588,"private":0,"password":null}