{"id":"gen8bdspou-1493451605","p1":"Chibba","p2":"Cump4","format":"gen8bdspou","log":"|html|<div class=\"broadcast-blue\"><strong>[Gen 8 BDSP] OU is currently suspecting Manaphy! For information on how to participate check out the <a href=\"https:\/\/www.smogon.com\/forums\/threads\/np-bdsp-ou-suspect-process-round-2-afterglow.3696052\/\">suspect thread<\/a>.<\/strong><\/div>\n|j|\u2606Chibba\n|j|\u2606Cump4\n|t:|1642466130\n|gametype|singles\n|player|p1|Chibba|swimmer|1629\n|player|p2|Cump4|102|1550\n|teamsize|p1|6\n|teamsize|p2|6\n|gen|8\n|tier|[Gen 8 BDSP] OU\n|rated|\n|rule|Sleep Clause Mod: Limit one foe put to sleep\n|rule|Species Clause: Limit one of each Pok\u00e9mon\n|rule|OHKO Clause: OHKO moves are banned\n|rule|Evasion Moves Clause: Evasion moves are banned\n|rule|Endless Battle Clause: Forcing endless battles is banned\n|rule|HP Percentage Mod: HP is shown in percentages\n|clearpoke\n|poke|p1|Manaphy|\n|poke|p1|Crawdaunt, M|\n|poke|p1|Infernape, M|\n|poke|p1|Latios, M|\n|poke|p1|Donphan, M|\n|poke|p1|Breloom, F|\n|poke|p2|Scizor, F|\n|poke|p2|Rotom-Wash|\n|poke|p2|Crawdaunt, M|\n|poke|p2|Nidoking, M|\n|poke|p2|Garchomp, F|\n|poke|p2|Infernape, M|\n|teampreview\n|inactive|Battle timer is ON: inactive players will automatically lose when time's up. (requested by Chibba)\n|\n|t:|1642466155\n|start\n|switch|p1a: Latios|Latios, M|100\/100\n|switch|p2a: Garchomp|Garchomp, F|100\/100\n|turn|1\n|\n|t:|1642466161\n|switch|p2a: Scizor|Scizor, F|100\/100\n|move|p1a: Latios|Draco Meteor|p2a: Scizor\n|-resisted|p2a: Scizor\n|-damage|p2a: Scizor|70\/100\n|-unboost|p1a: Latios|spa|2\n|\n|-heal|p2a: Scizor|76\/100|[from] item: Leftovers\n|upkeep\n|turn|2\n|\n|t:|1642466171\n|switch|p1a: Infernape|Infernape, M|100\/100\n|move|p2a: Scizor|U-turn|p1a: Infernape\n|-resisted|p1a: Infernape\n|-damage|p1a: Infernape|89\/100\n|\n|t:|1642466176\n|switch|p2a: Rotom|Rotom-Wash|100\/100|[from]move: U-turn\n|\n|upkeep\n|turn|3\n|\n|t:|1642466181\n|switch|p1a: Latios|Latios, M|100\/100\n|move|p2a: Rotom|Volt Switch|p1a: Latios\n|-resisted|p1a: Latios\n|-damage|p1a: Latios|87\/100\n|\n|t:|1642466183\n|switch|p2a: Scizor|Scizor, F|76\/100|[from]move: Volt Switch\n|\n|-heal|p2a: Scizor|82\/100|[from] item: Leftovers\n|upkeep\n|turn|4\n|\n|t:|1642466187\n|switch|p1a: Infernape|Infernape, M|89\/100\n|move|p2a: Scizor|U-turn|p1a: Infernape\n|-resisted|p1a: Infernape\n|-damage|p1a: Infernape|77\/100\n|\n|t:|1642466193\n|switch|p2a: Rotom|Rotom-Wash|100\/100|[from]move: U-turn\n|\n|upkeep\n|turn|5\n|\n|t:|1642466199\n|move|p1a: Infernape|U-turn|p2a: Rotom\n|-damage|p2a: Rotom|75\/100\n|\n|t:|1642466203\n|switch|p1a: Latios|Latios, M|87\/100|[from]move: U-turn\n|move|p2a: Rotom|Volt Switch|p1a: Latios\n|-resisted|p1a: Latios\n|-damage|p1a: Latios|74\/100\n|\n|t:|1642466205\n|switch|p2a: Scizor|Scizor, F|82\/100|[from]move: Volt Switch\n|\n|-heal|p2a: Scizor|88\/100|[from] item: Leftovers\n|upkeep\n|turn|6\n|\n|t:|1642466213\n|switch|p1a: Infernape|Infernape, M|77\/100\n|move|p2a: Scizor|U-turn|p1a: Infernape\n|-resisted|p1a: Infernape\n|-damage|p1a: Infernape|66\/100\n|\n|t:|1642466218\n|switch|p2a: Infernape|Infernape, M|100\/100|[from]move: U-turn\n|\n|upkeep\n|turn|7\n|\n|t:|1642466227\n|switch|p1a: Rodphan|Donphan, M|100\/100\n|move|p2a: Infernape|Close Combat|p1a: Rodphan\n|-damage|p1a: Rodphan|59\/100\n|-unboost|p2a: Infernape|def|1\n|-unboost|p2a: Infernape|spd|1\n|\n|-heal|p1a: Rodphan|65\/100|[from] item: Leftovers\n|upkeep\n|turn|8\n|\n|t:|1642466233\n|switch|p2a: Rotom|Rotom-Wash|75\/100\n|move|p1a: Rodphan|Stealth Rock|p2a: Rotom\n|-sidestart|p2: Cump4|move: Stealth Rock\n|\n|-heal|p2a: Rotom|81\/100|[from] item: Leftovers\n|-heal|p1a: Rodphan|71\/100|[from] item: Leftovers\n|upkeep\n|turn|9\n|\n|t:|1642466237\n|switch|p1a: Latios|Latios, M|74\/100\n|move|p2a: Rotom|Hydro Pump|p1a: Latios\n|-resisted|p1a: Latios\n|-damage|p1a: Latios|54\/100\n|\n|-heal|p2a: Rotom|88\/100|[from] item: Leftovers\n|upkeep\n|turn|10\n|\n|t:|1642466242\n|move|p2a: Rotom|Protect|p2a: Rotom\n|-singleturn|p2a: Rotom|Protect\n|move|p1a: Latios|Recover|p1a: Latios\n|-heal|p1a: Latios|100\/100\n|\n|-heal|p2a: Rotom|94\/100|[from] item: Leftovers\n|upkeep\n|turn|11\n|\n|t:|1642466247\n|move|p1a: Latios|Psychic|p2a: Rotom\n|-damage|p2a: Rotom|36\/100\n|move|p2a: Rotom|Volt Switch|p1a: Latios\n|-resisted|p1a: Latios\n|-damage|p1a: Latios|89\/100\n|\n|t:|1642466251\n|switch|p2a: Scizor|Scizor, F|88\/100|[from]move: Volt Switch\n|-damage|p2a: Scizor|76\/100|[from] Stealth Rock\n|\n|-heal|p2a: Scizor|82\/100|[from] item: Leftovers\n|upkeep\n|turn|12\n|\n|t:|1642466257\n|switch|p1a: Infernape|Infernape, M|66\/100\n|move|p2a: Scizor|Defog|p1a: Infernape\n|-unboost|p1a: Infernape|evasion|1\n|-sideend|p2: Cump4|Stealth Rock|[from] move: Defog|[of] p2a: Scizor\n|\n|-heal|p2a: Scizor|88\/100|[from] item: Leftovers\n|upkeep\n|turn|13\n|\n|t:|1642466269\n|switch|p2a: Garchomp|Garchomp, F|100\/100\n|move|p1a: Infernape|Close Combat|p2a: Garchomp\n|-damage|p2a: Garchomp|16\/100\n|-unboost|p1a: Infernape|def|1\n|-unboost|p1a: Infernape|spd|1\n|-damage|p1a: Infernape|54\/100|[from] ability: Rough Skin|[of] p2a: Garchomp\n|\n|upkeep\n|turn|14\n|\n|t:|1642466280\n|move|p1a: Infernape|Close Combat|p2a: Garchomp\n|-damage|p2a: Garchomp|0 fnt\n|-unboost|p1a: Infernape|def|1\n|-unboost|p1a: Infernape|spd|1\n|-damage|p1a: Infernape|42\/100|[from] ability: Rough Skin|[of] p2a: Garchomp\n|faint|p2a: Garchomp\n|\n|upkeep\n|\n|t:|1642466284\n|switch|p2a: Infernape|Infernape, M|100\/100\n|turn|15\n|\n|t:|1642466295\n|switch|p1a: Latios|Latios, M|89\/100\n|move|p2a: Infernape|U-turn|p1a: Latios\n|-supereffective|p1a: Latios\n|-damage|p1a: Latios|35\/100\n|\n|t:|1642466299\n|switch|p2a: Scizor|Scizor, F|88\/100|[from]move: U-turn\n|\n|-heal|p2a: Scizor|94\/100|[from] item: Leftovers\n|upkeep\n|turn|16\n|\n|t:|1642466304\n|switch|p1a: Kobe|Manaphy|100\/100\n|move|p2a: Scizor|U-turn|p1a: Kobe\n|-damage|p1a: Kobe|71\/100\n|\n|t:|1642466309\n|switch|p2a: Infernape|Infernape, M|100\/100|[from]move: U-turn\n|\n|upkeep\n|turn|17\n|\n|t:|1642466325\n|move|p2a: Infernape|Thunder Punch|p1a: Kobe\n|-supereffective|p1a: Kobe\n|-damage|p1a: Kobe|18\/100\n|move|p1a: Kobe|Energy Ball|p2a: Infernape\n|-resisted|p2a: Infernape\n|-damage|p2a: Infernape|79\/100\n|\n|upkeep\n|turn|18\n|\n|t:|1642466333\n|switch|p1a: Rodphan|Donphan, M|71\/100\n|move|p2a: Infernape|Thunder Punch|p1a: Rodphan\n|-immune|p1a: Rodphan\n|\n|-heal|p1a: Rodphan|78\/100|[from] item: Leftovers\n|upkeep\n|turn|19\n|\n|t:|1642466337\n|switch|p2a: Rotom|Rotom-Wash|36\/100\n|move|p1a: Rodphan|Stealth Rock|p2a: Rotom\n|-sidestart|p2: Cump4|move: Stealth Rock\n|\n|-heal|p2a: Rotom|43\/100|[from] item: Leftovers\n|-heal|p1a: Rodphan|84\/100|[from] item: Leftovers\n|upkeep\n|turn|20\n|\n|t:|1642466350\n|move|p2a: Rotom|Volt Switch|p1a: Rodphan\n|-immune|p1a: Rodphan\n|move|p1a: Rodphan|Rapid Spin|p2a: Rotom\n|-damage|p2a: Rotom|28\/100\n|-boost|p1a: Rodphan|spe|1\n|\n|-heal|p2a: Rotom|34\/100|[from] item: Leftovers\n|-heal|p1a: Rodphan|90\/100|[from] item: Leftovers\n|upkeep\n|turn|21\n|\n|t:|1642466358\n|switch|p1a: Latios|Latios, M|35\/100\n|move|p2a: Rotom|Hydro Pump|p1a: Latios\n|-resisted|p1a: Latios\n|-damage|p1a: Latios|13\/100\n|\n|-heal|p2a: Rotom|40\/100|[from] item: Leftovers\n|upkeep\n|turn|22\n|\n|t:|1642466361\n|move|p2a: Rotom|Protect|p2a: Rotom\n|-singleturn|p2a: Rotom|Protect\n|move|p1a: Latios|Recover|p1a: Latios\n|-heal|p1a: Latios|63\/100\n|\n|-heal|p2a: Rotom|47\/100|[from] item: Leftovers\n|upkeep\n|turn|23\n|\n|t:|1642466365\n|switch|p2a: Scizor|Scizor, F|94\/100\n|-damage|p2a: Scizor|82\/100|[from] Stealth Rock\n|move|p1a: Latios|Recover|p1a: Latios\n|-heal|p1a: Latios|100\/100\n|\n|-heal|p2a: Scizor|88\/100|[from] item: Leftovers\n|upkeep\n|turn|24\n|\n|t:|1642466375\n|switch|p1a: Breloom|Breloom, F|100\/100\n|move|p2a: Scizor|Defog|p1a: Breloom\n|-unboost|p1a: Breloom|evasion|1\n|-sideend|p2: Cump4|Stealth Rock|[from] move: Defog|[of] p2a: Scizor\n|\n|-heal|p2a: Scizor|94\/100|[from] item: Leftovers\n|upkeep\n|turn|25\n|\n|t:|1642466378\n|move|p1a: Breloom|Spore|p2a: Scizor\n|-status|p2a: Scizor|slp|[from] move: Spore\n|cant|p2a: Scizor|slp\n|\n|-heal|p2a: Scizor|99\/100 slp|[from] item: Leftovers\n|upkeep\n|turn|26\n|\n|t:|1642466381\n|move|p1a: Breloom|Swords Dance|p1a: Breloom\n|-boost|p1a: Breloom|atk|2\n|cant|p2a: Scizor|slp\n|\n|-heal|p2a: Scizor|100\/100 slp|[from] item: Leftovers\n|upkeep\n|turn|27\n|\n|t:|1642466386\n|move|p1a: Breloom|Mach Punch|p2a: Scizor\n|-damage|p2a: Scizor|36\/100 slp\n|cant|p2a: Scizor|slp\n|\n|-heal|p2a: Scizor|42\/100 slp|[from] item: Leftovers\n|upkeep\n|turn|28\n|\n|t:|1642466388\n|move|p1a: Breloom|Mach Punch|p2a: Scizor\n|-damage|p2a: Scizor|0 fnt\n|faint|p2a: Scizor\n|\n|upkeep\n|\n|t:|1642466394\n|switch|p2a: Nidoking|Nidoking, M, shiny|100\/100\n|turn|29\n|\n|t:|1642466399\n|move|p2a: Nidoking|Sludge Wave|p1a: Breloom\n|-supereffective|p1a: Breloom\n|-crit|p1a: Breloom\n|-enditem|p1a: Breloom|Focus Sash\n|-damage|p1a: Breloom|1\/100\n|move|p1a: Breloom|Bullet Seed|p2a: Nidoking\n|-damage|p2a: Nidoking|39\/100\n|-damage|p2a: Nidoking|0 fnt\n|faint|p2a: Nidoking\n|-hitcount|p2: Nidoking|2\n|\n|upkeep\n|\n|t:|1642466401\n|switch|p2a: Infernape|Infernape, M|79\/100\n|turn|30\n|-message|Cump4 forfeited.\n|\n|win|Chibba\n|raw|Chibba's rating: 1629 &rarr; <strong>1645<\/strong><br \/>(+16 for winning)\n|raw|Cump4's rating: 1550 &rarr; <strong>1534<\/strong><br \/>(-16 for losing)\n|l|\u2606Cump4\n","uploadtime":1642466419,"views":15,"p1id":"chibba","p2id":"cump4","formatid":"gen8bdspou","rating":1534,"private":0,"password":null}