{"id":"gen8ou-1674521282","p1":"knexhawk2","p2":"Pyos","format":"gen8ou","log":"|j|\u2606knexhawk2\n|j|\u2606Pyos\n|t:|1664572526\n|gametype|singles\n|player|p1|knexhawk2|red-masters|1636\n|player|p2|Pyos|caitlin|1651\n|teamsize|p1|6\n|teamsize|p2|6\n|gen|8\n|tier|[Gen 8] OU\n|rated|\n|rule|Sleep Clause Mod: Limit one foe put to sleep\n|rule|Species Clause: Limit one of each Pok\u00e9mon\n|rule|OHKO Clause: OHKO moves are banned\n|rule|Evasion Items Clause: Evasion items are banned\n|rule|Evasion Moves Clause: Evasion moves are banned\n|rule|Endless Battle Clause: Forcing endless battles is banned\n|rule|HP Percentage Mod: HP is shown in percentages\n|rule|Dynamax Clause: You cannot dynamax\n|clearpoke\n|poke|p1|Xurkitree|\n|poke|p1|Slowbro, F|\n|poke|p1|Rillaboom, F|\n|poke|p1|Melmetal|\n|poke|p1|Tornadus-Therian, M|\n|poke|p1|Landorus-Therian, M|\n|poke|p2|Hatterene, F|\n|poke|p2|Melmetal|\n|poke|p2|Garchomp, F|\n|poke|p2|Skarmory, M|\n|poke|p2|Porygon2|\n|poke|p2|Primarina, F|\n|teampreview\n|\n|t:|1664572538\n|start\n|switch|p1a: christmas lights|Xurkitree, shiny|100\/100\n|switch|p2a: all to rest|Primarina, F|100\/100\n|turn|1\n|\n|t:|1664572543\n|switch|p2a: the devil's after|Garchomp, F|100\/100\n|move|p1a: christmas lights|Energy Ball|p2a: the devil's after\n|-damage|p2a: the devil's after|53\/100\n|\n|upkeep\n|turn|2\n|\n|t:|1664572551\n|switch|p1a: Tornadus|Tornadus-Therian, M|100\/100\n|move|p2a: the devil's after|Swords Dance|p2a: the devil's after\n|-boost|p2a: the devil's after|atk|2\n|\n|upkeep\n|turn|3\n|\n|t:|1664572556\n|move|p1a: Tornadus|Icy Wind|p2a: the devil's after\n|-supereffective|p2a: the devil's after\n|-damage|p2a: the devil's after|0 fnt\n|faint|p2a: the devil's after\n|\n|upkeep\n|\n|t:|1664572561\n|switch|p2a: all to rest|Primarina, F|100\/100\n|turn|4\n|\n|t:|1664572610\n|move|p1a: Tornadus|Knock Off|p2a: all to rest\n|-resisted|p2a: all to rest\n|-damage|p2a: all to rest|89\/100\n|-enditem|p2a: all to rest|Choice Specs|[from] move: Knock Off|[of] p1a: Tornadus\n|move|p2a: all to rest|Moonblast|p1a: Tornadus\n|-damage|p1a: Tornadus|67\/100\n|-unboost|p1a: Tornadus|spa|1\n|\n|upkeep\n|turn|5\n|\n|t:|1664572618\n|move|p1a: Tornadus|U-turn|p2a: all to rest\n|-resisted|p2a: all to rest\n|-damage|p2a: all to rest|80\/100\n|\n|t:|1664572619\n|switch|p1a: Slowbro|Slowbro, F|100\/100|[from]move: U-turn\n|move|p2a: all to rest|Hydro Pump|p1a: Slowbro\n|-resisted|p1a: Slowbro\n|-damage|p1a: Slowbro|68\/100\n|\n|upkeep\n|turn|6\n|\n|t:|1664572625\n|switch|p1a: Rillaboom|Rillaboom, F|100\/100\n|-fieldstart|move: Grassy Terrain|[from] ability: Grassy Surge|[of] p1a: Rillaboom\n|move|p2a: all to rest|Energy Ball|p1a: Rillaboom\n|-resisted|p1a: Rillaboom\n|-damage|p1a: Rillaboom|73\/100\n|\n|-heal|p1a: Rillaboom|79\/100|[from] Grassy Terrain\n|-heal|p2a: all to rest|86\/100|[from] Grassy Terrain\n|upkeep\n|turn|7\n|j| iced out samsung\n|\n|t:|1664572652\n|switch|p2a: both of us|Skarmory, M|100\/100\n|move|p1a: Rillaboom|U-turn|p2a: both of us\n|-resisted|p2a: both of us\n|-damage|p2a: both of us|95\/100\n|-damage|p1a: Rillaboom|62\/100|[from] item: Rocky Helmet|[of] p2a: both of us\n|\n|t:|1664572653\n|switch|p1a: christmas lights|Xurkitree, shiny|100\/100|[from]move: U-turn\n|\n|upkeep\n|turn|8\n|\n|t:|1664572678\n|switch|p2a: dust to dust|Melmetal|100\/100\n|move|p1a: christmas lights|Thunderbolt|p2a: dust to dust\n|-damage|p2a: dust to dust|58\/100\n|\n|-heal|p2a: dust to dust|64\/100|[from] Grassy Terrain\n|upkeep\n|turn|9\n|\n|t:|1664572691\n|move|p1a: christmas lights|Volt Switch|p2a: dust to dust\n|-damage|p2a: dust to dust|34\/100\n|\n|t:|1664572692\n|switch|p1a: Slowbro|Slowbro, F|100\/100|[from]move: Volt Switch\n|move|p2a: dust to dust|Double Iron Bash|p1a: Slowbro\n|-resisted|p1a: Slowbro\n|-damage|p1a: Slowbro|89\/100\n|-damage|p2a: dust to dust|17\/100|[from] item: Rocky Helmet|[of] p1a: Slowbro\n|-resisted|p1a: Slowbro\n|-damage|p1a: Slowbro|78\/100\n|-damage|p2a: dust to dust|1\/100|[from] item: Rocky Helmet|[of] p1a: Slowbro\n|-hitcount|p1a: Slowbro|2\n|\n|-heal|p1a: Slowbro|84\/100|[from] Grassy Terrain\n|-heal|p2a: dust to dust|7\/100|[from] Grassy Terrain\n|upkeep\n|turn|10\n|\n|t:|1664572705\n|switch|p2a: all to rest|Primarina, F|86\/100\n|move|p1a: Slowbro|Teleport|p1a: Slowbro\n|\n|t:|1664572706\n|switch|p1a: christmas lights|Xurkitree, shiny|100\/100|[from]move: Teleport\n|\n|-heal|p2a: all to rest|92\/100|[from] Grassy Terrain\n|-fieldend|move: Grassy Terrain\n|upkeep\n|turn|11\n|\n|t:|1664572712\n|switch|p2a: oh lay my curses|Porygon2|100\/100\n|-ability|p2a: oh lay my curses|Beast Boost|[from] ability: Trace|[of] p1a: christmas lights\n|move|p1a: christmas lights|Thunderbolt|p2a: oh lay my curses\n|-damage|p2a: oh lay my curses|67\/100\n|\n|upkeep\n|turn|12\n|\n|t:|1664572723\n|move|p1a: christmas lights|Volt Switch|p2a: oh lay my curses\n|-damage|p2a: oh lay my curses|37\/100\n|\n|t:|1664572726\n|switch|p1a: Melmetal|Melmetal|100\/100|[from]move: Volt Switch\n|move|p2a: oh lay my curses|Trick Room|p2a: oh lay my curses\n|-fieldstart|move: Trick Room|[of] p2a: oh lay my curses\n|\n|upkeep\n|turn|13\n|inactive|Battle timer is ON: inactive players will automatically lose when time's up. (requested by knexhawk2)\n|\n|t:|1664572759\n|switch|p2a: both of us|Skarmory, M|95\/100\n|move|p1a: Melmetal|Toxic|p2a: both of us\n|-immune|p2a: both of us\n|\n|upkeep\n|turn|14\n|\n|t:|1664572776\n|switch|p1a: christmas lights|Xurkitree, shiny|100\/100\n|move|p2a: both of us|Body Press|p1a: christmas lights\n|-damage|p1a: christmas lights|52\/100\n|\n|upkeep\n|turn|15\n|\n|t:|1664572797\n|move|p2a: both of us|Body Press|p1a: christmas lights\n|-damage|p1a: christmas lights|6\/100\n|move|p1a: christmas lights|Thunderbolt|p2a: both of us\n|-supereffective|p2a: both of us\n|-damage|p2a: both of us|0 fnt\n|faint|p2a: both of us\n|-ability|p1a: christmas lights|Beast Boost|boost\n|-boost|p1a: christmas lights|spa|1\n|\n|upkeep\n|\n|t:|1664572806\n|switch|p2a: dust to dust|Melmetal|7\/100\n|turn|16\n|\n|t:|1664572810\n|switch|p1a: Slowbro|Slowbro, F|100\/100\n|move|p2a: dust to dust|Earthquake|p1a: Slowbro\n|-damage|p1a: Slowbro|79\/100\n|\n|-fieldend|move: Trick Room\n|upkeep\n|turn|17\n|c|\u2606knexhawk2|something about having 733 spatt is therapeutic\n|\n|t:|1664572825\n|move|p2a: dust to dust|Earthquake|p1a: Slowbro\n|-damage|p1a: Slowbro|59\/100\n|move|p1a: Slowbro|Teleport|p1a: Slowbro\n|\n|t:|1664572827\n|switch|p1a: christmas lights|Xurkitree, shiny|6\/100|[from]move: Teleport\n|\n|upkeep\n|turn|18\n|c|\u2606Pyos|same with my 579 spatk\n|c|\u2606Pyos|at least before you knocked off my specs >:(\n|\n|t:|1664572846\n|move|p1a: christmas lights|Thunderbolt|p2a: dust to dust\n|-damage|p2a: dust to dust|0 fnt\n|faint|p2a: dust to dust\n|-ability|p1a: christmas lights|Beast Boost|boost\n|-boost|p1a: christmas lights|spa|1\n|\n|upkeep\n|\n|t:|1664572853\n|switch|p2a: oh ashes ashes|Hatterene, F|100\/100\n|turn|19\n|\n|t:|1664572857\n|move|p1a: christmas lights|Thunderbolt|p2a: oh ashes ashes\n|-enditem|p2a: oh ashes ashes|Focus Sash\n|-damage|p2a: oh ashes ashes|1\/100\n|move|p2a: oh ashes ashes|Dazzling Gleam|p1a: christmas lights\n|-damage|p1a: christmas lights|0 fnt\n|faint|p1a: christmas lights\n|\n|upkeep\n|c|\u2606knexhawk2|aw sash\n|\n|t:|1664572866\n|switch|p1a: Tornadus|Tornadus-Therian, M|99\/100\n|turn|20\n|\n|t:|1664572869\n|move|p1a: Tornadus|Knock Off|p2a: oh ashes ashes\n|-damage|p2a: oh ashes ashes|0 fnt\n|faint|p2a: oh ashes ashes\n|\n|upkeep\n|\n|t:|1664572873\n|switch|p2a: oh lay my curses|Porygon2|37\/100\n|-ability|p2a: oh lay my curses|Regenerator|[from] ability: Trace|[of] p1a: Tornadus\n|turn|21\n|inactive|knexhawk2 has 120 seconds left.\n|\n|t:|1664572912\n|move|p1a: Tornadus|Knock Off|p2a: oh lay my curses\n|-damage|p2a: oh lay my curses|24\/100\n|-enditem|p2a: oh lay my curses|Eviolite|[from] move: Knock Off|[of] p1a: Tornadus\n|move|p2a: oh lay my curses|Recover|p2a: oh lay my curses\n|-heal|p2a: oh lay my curses|74\/100\n|\n|upkeep\n|turn|22\n|\n|t:|1664572922\n|move|p1a: Tornadus|U-turn|p2a: oh lay my curses\n|-crit|p2a: oh lay my curses\n|-damage|p2a: oh lay my curses|52\/100\n|inactive|knexhawk2 has 120 seconds left.\n|inactive|knexhawk2 has 90 seconds left.\n|\n|t:|1664572966\n|switch|p1a: Melmetal|Melmetal|100\/100|[from]move: U-turn\n|move|p2a: oh lay my curses|Ice Beam|p1a: Melmetal\n|-resisted|p1a: Melmetal\n|-damage|p1a: Melmetal|92\/100\n|\n|-heal|p1a: Melmetal|98\/100|[from] item: Leftovers\n|upkeep\n|turn|23\n|\n|t:|1664572973\n|switch|p2a: all to rest|Primarina, F|92\/100\n|move|p1a: Melmetal|Double Iron Bash|p2a: all to rest\n|-damage|p2a: all to rest|53\/100\n|-damage|p2a: all to rest|16\/100\n|-hitcount|p2a: all to rest|2\n|\n|-heal|p1a: Melmetal|100\/100|[from] item: Leftovers\n|upkeep\n|turn|24\n|inactive|knexhawk2 has 90 seconds left.\n|\n|t:|1664572996\n|switch|p1a: Tornadus|Tornadus-Therian, M|100\/100\n|move|p2a: all to rest|Hydro Pump|p1a: Tornadus\n|-damage|p1a: Tornadus|40\/100\n|\n|upkeep\n|turn|25\n|c|\u2606knexhawk2|ouch\n|c|\u2606Pyos|gg\n|c|\u2606knexhawk2|im av\n|c|\u2606knexhawk2|gg\n|\n|t:|1664573009\n|move|p1a: Tornadus|Hurricane|p2a: all to rest|[miss]\n|-miss|p1a: Tornadus|p2a: all to rest\n|move|p2a: all to rest|Moonblast|p1a: Tornadus\n|-damage|p1a: Tornadus|8\/100\n|-unboost|p1a: Tornadus|spa|1\n|\n|upkeep\n|turn|26\n|inactive|knexhawk2 has 90 seconds left.\n|\n|t:|1664573036\n|move|p1a: Tornadus|Hurricane|p2a: all to rest\n|-damage|p2a: all to rest|0 fnt\n|faint|p2a: all to rest\n|\n|upkeep\n|-message|Pyos forfeited.\n|\n|win|knexhawk2\n|raw|knexhawk2's rating: 1636 &rarr; <strong>1657<\/strong><br \/>(+21 for winning)\n|raw|Pyos's rating: 1651 &rarr; <strong>1630<\/strong><br \/>(-21 for losing)\n|l|\u2606Pyos\n|l| iced out samsung\n||Ladder isn't responding, score probably updated but might not have (Request timeout).\n","uploadtime":1664573046,"views":34,"p1id":"knexhawk2","p2id":"pyos","formatid":"gen8ou","rating":1630,"private":0,"password":null}