{"id":"gen8ou-1644369241","p1":"Mutako Z","p2":"lt94je polt","format":"gen8ou","log":"|j|\u2606Mutako Z\n|j|\u2606lt94je polt\n|t:|1661043795\n|gametype|singles\n|player|p1|Mutako Z|cynthia-gen4|1668\n|player|p2|lt94je polt|#agplivlionsden|1603\n|teamsize|p1|6\n|teamsize|p2|6\n|gen|8\n|tier|[Gen 8] OU\n|rated|\n|rule|Sleep Clause Mod: Limit one foe put to sleep\n|rule|Species Clause: Limit one of each Pok\u00e9mon\n|rule|OHKO Clause: OHKO moves are banned\n|rule|Evasion Items Clause: Evasion items are banned\n|rule|Evasion Moves Clause: Evasion moves are banned\n|rule|Endless Battle Clause: Forcing endless battles is banned\n|rule|HP Percentage Mod: HP is shown in percentages\n|rule|Dynamax Clause: You cannot dynamax\n|clearpoke\n|poke|p1|Hippowdon, M|\n|poke|p1|Tyranitar, F|\n|poke|p1|Excadrill, M|\n|poke|p1|Dracozolt|\n|poke|p1|Zapdos|\n|poke|p1|Slowbro, F|\n|poke|p2|Mew|\n|poke|p2|Weavile, M|\n|poke|p2|Celesteela|\n|poke|p2|Garchomp, F|\n|poke|p2|Blacephalon|\n|poke|p2|Crawdaunt, M|\n|teampreview\n|inactive|Battle timer is ON: inactive players will automatically lose when time's up. (requested by lt94je polt)\n|\n|t:|1661043806\n|start\n|switch|p1a: Zapdos|Zapdos|100\/100\n|switch|p2a: Crawdaunt|Crawdaunt, M, shiny|100\/100\n|turn|1\n|\n|t:|1661043811\n|switch|p2a: Mew|Mew, shiny|100\/100\n|move|p1a: Zapdos|Hurricane|p2a: Mew|[miss]\n|-miss|p1a: Zapdos|p2a: Mew\n|\n|upkeep\n|turn|2\n|\n|t:|1661043816\n|move|p2a: Mew|Stealth Rock|p1a: Zapdos\n|-sidestart|p1: Mutako Z|move: Stealth Rock\n|move|p1a: Zapdos|Volt Switch|p2a: Mew\n|-damage|p2a: Mew|75\/100\n|\n|t:|1661043822\n|switch|p1a: Hippowdon|Hippowdon, M|100\/100|[from]move: Volt Switch\n|-damage|p1a: Hippowdon|94\/100|[from] Stealth Rock\n|-weather|Sandstorm|[from] ability: Sand Stream|[of] p1a: Hippowdon\n|\n|-weather|Sandstorm|[upkeep]\n|-damage|p2a: Mew|68\/100|[from] Sandstorm\n|upkeep\n|turn|3\n|\n|t:|1661043829\n|move|p2a: Mew|Taunt|p1a: Hippowdon\n|-start|p1a: Hippowdon|move: Taunt\n|move|p1a: Hippowdon|Earthquake|p2a: Mew\n|-damage|p2a: Mew|36\/100\n|\n|-weather|Sandstorm|[upkeep]\n|-damage|p2a: Mew|29\/100|[from] Sandstorm\n|upkeep\n|turn|4\n|\n|t:|1661043837\n|move|p2a: Mew|Spikes|p1a: Hippowdon\n|-sidestart|p1: Mutako Z|Spikes\n|move|p1a: Hippowdon|Earthquake|p2a: Mew\n|-damage|p2a: Mew|0 fnt\n|faint|p2a: Mew\n|\n|-weather|Sandstorm|[upkeep]\n|upkeep\n|\n|t:|1661043845\n|switch|p2a: Weavile|Weavile, M, shiny|100\/100\n|-ability|p2a: Weavile|Pressure\n|turn|5\n|\n|t:|1661043852\n|move|p2a: Weavile|Triple Axel|p1a: Hippowdon\n|-supereffective|p1a: Hippowdon\n|-damage|p1a: Hippowdon|80\/100\n|-supereffective|p1a: Hippowdon\n|-damage|p1a: Hippowdon|49\/100\n|-supereffective|p1a: Hippowdon\n|-damage|p1a: Hippowdon|5\/100\n|-hitcount|p1a: Hippowdon|3\n|-damage|p2a: Weavile|91\/100|[from] item: Life Orb\n|move|p1a: Hippowdon|Earthquake|p2a: Weavile\n|-damage|p2a: Weavile|29\/100\n|\n|-weather|Sandstorm|[upkeep]\n|-damage|p2a: Weavile|23\/100|[from] Sandstorm\n|-end|p1a: Hippowdon|move: Taunt\n|upkeep\n|turn|6\n|\n|t:|1661043866\n|move|p2a: Weavile|Ice Shard|p1a: Hippowdon\n|-supereffective|p1a: Hippowdon\n|-damage|p1a: Hippowdon|0 fnt\n|faint|p1a: Hippowdon\n|-damage|p2a: Weavile|13\/100|[from] item: Life Orb\n|\n|-weather|Sandstorm|[upkeep]\n|-damage|p2a: Weavile|7\/100|[from] Sandstorm\n|upkeep\n|j| sgvh\n|\n|t:|1661043881\n|switch|p1a: Slowbro|Slowbro, F|100\/100\n|-damage|p1a: Slowbro|88\/100|[from] Stealth Rock\n|-damage|p1a: Slowbro|76\/100|[from] Spikes\n|turn|7\n|\n|t:|1661043890\n|switch|p1a: Tyranitar|Tyranitar, F|100\/100\n|-damage|p1a: Tyranitar|88\/100|[from] Stealth Rock\n|-damage|p1a: Tyranitar|76\/100|[from] Spikes\n|move|p2a: Weavile|Knock Off|p1a: Tyranitar\n|-resisted|p1a: Tyranitar\n|-damage|p1a: Tyranitar|43\/100\n|-enditem|p1a: Tyranitar|Shuca Berry|[from] move: Knock Off|[of] p2a: Weavile\n|-damage|p2a: Weavile|0 fnt|[from] item: Life Orb\n|faint|p2a: Weavile\n|\n|-weather|Sandstorm|[upkeep]\n|upkeep\n|\n|t:|1661043896\n|switch|p2a: Garchomp|Garchomp, F, shiny|100\/100\n|turn|8\n|\n|t:|1661043908\n|switch|p1a: Zapdos|Zapdos|100\/100\n|move|p2a: Garchomp|Swords Dance|p2a: Garchomp\n|-boost|p2a: Garchomp|atk|2\n|\n|-weather|Sandstorm|[upkeep]\n|-damage|p1a: Zapdos|94\/100|[from] Sandstorm\n|upkeep\n|turn|9\n|\n|t:|1661043920\n|move|p2a: Garchomp|Scale Shot|p1a: Zapdos\n|-damage|p1a: Zapdos|76\/100\n|-damage|p1a: Zapdos|59\/100\n|-damage|p1a: Zapdos|41\/100\n|-hitcount|p1a: Zapdos|3\n|-unboost|p2a: Garchomp|def|1\n|-boost|p2a: Garchomp|spe|1\n|move|p1a: Zapdos|Hurricane|p2a: Garchomp|[miss]\n|-miss|p1a: Zapdos|p2a: Garchomp\n|\n|-weather|none\n|upkeep\n|turn|10\n|j| LT94JE A\n|\n|t:|1661043930\n|move|p2a: Garchomp|Scale Shot|p1a: Zapdos\n|-damage|p1a: Zapdos|22\/100\n|-damage|p1a: Zapdos|4\/100\n|-hitcount|p1a: Zapdos|2\n|-unboost|p2a: Garchomp|def|1\n|-boost|p2a: Garchomp|spe|1\n|move|p1a: Zapdos|Hurricane|p2a: Garchomp\n|-damage|p2a: Garchomp|46\/100\n|-start|p2a: Garchomp|confusion\n|-enditem|p2a: Garchomp|Lum Berry|[eat]\n|-end|p2a: Garchomp|confusion\n|\n|upkeep\n|turn|11\n|j| BeastBraedon123\n|\n|t:|1661043942\n|move|p2a: Garchomp|Fire Fang|p1a: Zapdos\n|-damage|p1a: Zapdos|0 fnt\n|faint|p1a: Zapdos\n|\n|upkeep\n|\n|t:|1661043948\n|switch|p1a: Slowbro|Slowbro, F|100\/100\n|-damage|p1a: Slowbro|88\/100|[from] Stealth Rock\n|-damage|p1a: Slowbro|76\/100|[from] Spikes\n|turn|12\n|\n|t:|1661043954\n|move|p2a: Garchomp|Earthquake|p1a: Slowbro\n|-damage|p1a: Slowbro|12\/100\n|move|p1a: Slowbro|Future Sight|p2a: Garchomp\n|-start|p1a: Slowbro|move: Future Sight\n|\n|upkeep\n|turn|13\n|j| scald!\n|\n|t:|1661043969\n|move|p2a: Garchomp|Earthquake|p1a: Slowbro\n|-damage|p1a: Slowbro|0 fnt\n|faint|p1a: Slowbro\n|\n|upkeep\n|\n|t:|1661043973\n|switch|p1a: Tyranitar|Tyranitar, F|43\/100\n|-damage|p1a: Tyranitar|30\/100|[from] Stealth Rock\n|-damage|p1a: Tyranitar|18\/100|[from] Spikes\n|-weather|Sandstorm|[from] ability: Sand Stream|[of] p1a: Tyranitar\n|turn|14\n|j| epicgamerepicepic\n|\n|t:|1661043991\n|move|p2a: Garchomp|Earthquake|p1a: Tyranitar\n|-supereffective|p1a: Tyranitar\n|-damage|p1a: Tyranitar|0 fnt\n|faint|p1a: Tyranitar\n|\n|-weather|Sandstorm|[upkeep]\n|-end|p2a: Garchomp|move: Future Sight\n|-damage|p2a: Garchomp|0 fnt\n|faint|p2a: Garchomp\n|upkeep\n|\n|t:|1661043999\n|switch|p2a: Crawdaunt|Crawdaunt, M, shiny|100\/100\n|switch|p1a: Dracozolt|Dracozolt|100\/100\n|-damage|p1a: Dracozolt|88\/100|[from] Stealth Rock\n|-damage|p1a: Dracozolt|76\/100|[from] Spikes\n|turn|15\n|\n|t:|1661044006\n|move|p2a: Crawdaunt|Aqua Jet|p1a: Dracozolt\n|-resisted|p1a: Dracozolt\n|-damage|p1a: Dracozolt|54\/100\n|-damage|p2a: Crawdaunt|91\/100|[from] item: Life Orb\n|move|p1a: Dracozolt|Bolt Beak|p2a: Crawdaunt\n|-supereffective|p2a: Crawdaunt\n|-damage|p2a: Crawdaunt|0 fnt\n|faint|p2a: Crawdaunt\n|-damage|p1a: Dracozolt|44\/100|[from] item: Life Orb\n|\n|-weather|Sandstorm|[upkeep]\n|upkeep\n|\n|t:|1661044009\n|switch|p2a: Celesteela|Celesteela, shiny|100\/100\n|turn|16\n|\n|t:|1661044016\n|move|p1a: Dracozolt|Bolt Beak|p2a: Celesteela\n|-supereffective|p2a: Celesteela\n|-damage|p2a: Celesteela|0 fnt\n|faint|p2a: Celesteela\n|-damage|p1a: Dracozolt|34\/100|[from] item: Life Orb\n|\n|-weather|Sandstorm|[upkeep]\n|upkeep\n|-message|lt94je polt forfeited.\n|\n|win|Mutako Z\n|raw|Mutako Z's rating: 1668 &rarr; <strong>1684<\/strong><br \/>(+16 for winning)\n|raw|lt94je polt's rating: 1603 &rarr; <strong>1587<\/strong><br \/>(-16 for losing)\n|l|\u2606lt94je polt\n|l| sgvh\n|j| mrwhy124\n|l| mrwhy124\n||Ladder isn't responding, score probably updated but might not have (Request timeout).\n|l| LT94JE A\n|l| BeastBraedon123\n|j| ProXXDev\n|l| ProXXDev\n","uploadtime":1661044353,"views":51,"p1id":"mutakoz","p2id":"lt94jepolt","formatid":"gen8ou","rating":1587,"private":0,"password":null}