{"id":"gen8unratedrandombattle-1396156900","p1":"Archerdagoat","p2":"bc98","format":"gen8unratedrandombattle","log":"|j|\u2606Archerdagoat\n|j|\u2606bc98\n|t:|1628901704\n|gametype|singles\n|player|p1|Archerdagoat|hoopster|\n|player|p2|bc98|benga|\n|teamsize|p1|6\n|teamsize|p2|6\n|gen|8\n|tier|[Gen 8] Unrated Random Battle\n|rule|Species Clause: Limit one of each Pok\u00e9mon\n|rule|HP Percentage Mod: HP is shown in percentages\n|rule|Sleep Clause Mod: Limit one foe put to sleep\n|\n|t:|1628901704\n|start\n|switch|p1a: Passimian|Passimian, L82, F|298\/298\n|switch|p2a: Pangoro|Pangoro, L84, M|297\/297\n|turn|1\n|inactive|Battle timer is ON: inactive players will automatically lose when time's up. (requested by bc98)\n|\n|t:|1628901714\n|switch|p2a: Claydol|Claydol, L86|243\/243\n|move|p1a: Passimian|Close Combat|p2a: Claydol\n|-resisted|p2a: Claydol\n|-damage|p2a: Claydol|180\/243\n|-unboost|p1a: Passimian|def|1\n|-unboost|p1a: Passimian|spd|1\n|\n|-heal|p2a: Claydol|195\/243|[from] item: Leftovers\n|upkeep\n|turn|2\n|\n|t:|1628901720\n|switch|p1a: Garchomp|Garchomp, L74, F|282\/282\n|move|p2a: Claydol|Stealth Rock|p1a: Garchomp\n|-sidestart|p1: Archerdagoat|move: Stealth Rock\n|\n|-heal|p2a: Claydol|210\/243|[from] item: Leftovers\n|upkeep\n|turn|3\n|\n|t:|1628901733\n|move|p1a: Garchomp|Swords Dance|p1a: Garchomp\n|-boost|p1a: Garchomp|atk|2\n|move|p2a: Claydol|Ice Beam|p1a: Garchomp\n|-supereffective|p1a: Garchomp\n|-damage|p1a: Garchomp|34\/282\n|\n|-heal|p2a: Claydol|225\/243|[from] item: Leftovers\n|upkeep\n|turn|4\n|\n|t:|1628901739\n|move|p1a: Garchomp|Outrage|p2a: Claydol\n|-damage|p2a: Claydol|0 fnt\n|faint|p2a: Claydol\n|\n|upkeep\n|\n|t:|1628901755\n|switch|p2a: Delibird|Delibird, M|252\/252\n|turn|5\n|\n|t:|1628901758\n|move|p2a: Delibird|Freeze-Dry|p1a: Garchomp\n|-supereffective|p1a: Garchomp\n|-crit|p1a: Garchomp\n|-damage|p1a: Garchomp|0 fnt\n|faint|p1a: Garchomp\n|\n|upkeep\n|\n|t:|1628901769\n|switch|p1a: Manectric|Manectric, L86, F|261\/261\n|-damage|p1a: Manectric|229\/261|[from] Stealth Rock\n|turn|6\n|\n|t:|1628901786\n|switch|p2a: Tangrowth|Tangrowth, L84, M|305\/305\n|move|p1a: Manectric|Overheat|p2a: Tangrowth\n|-supereffective|p2a: Tangrowth\n|-crit|p2a: Tangrowth\n|-damage|p2a: Tangrowth|0 fnt\n|-unboost|p1a: Manectric|spa|2\n|faint|p2a: Tangrowth\n|\n|upkeep\n|\n|t:|1628901805\n|switch|p2a: Pangoro|Pangoro, L84, M|297\/297\n|turn|7\n|\n|t:|1628901811\n|switch|p1a: Spectrier|Spectrier, L74|270\/270\n|-damage|p1a: Spectrier|237\/270|[from] Stealth Rock\n|move|p2a: Pangoro|Knock Off|p1a: Spectrier\n|-supereffective|p1a: Spectrier\n|-damage|p1a: Spectrier|0 fnt\n|-enditem|p1a: Spectrier|Leftovers|[from] move: Knock Off|[of] p2a: Pangoro\n|faint|p1a: Spectrier\n|\n|upkeep\n|\n|t:|1628901822\n|switch|p1a: Mudsdale|Mudsdale, L82, M|298\/298\n|-damage|p1a: Mudsdale|280\/298|[from] Stealth Rock\n|turn|8\n|\n|t:|1628901831\n|move|p2a: Pangoro|Knock Off|p1a: Mudsdale\n|-damage|p1a: Mudsdale|118\/298\n|-ability|p1a: Mudsdale|Stamina|boost\n|-boost|p1a: Mudsdale|def|1\n|-enditem|p1a: Mudsdale|Leftovers|[from] move: Knock Off|[of] p2a: Pangoro\n|move|p1a: Mudsdale|Stealth Rock|p2a: Pangoro\n|-sidestart|p2: bc98|move: Stealth Rock\n|\n|upkeep\n|turn|9\n|\n|t:|1628901843\n|switch|p2a: Delibird|Delibird, M|252\/252\n|move|p1a: Mudsdale|Body Press|p2a: Delibird\n|-damage|p2a: Delibird|146\/252\n|\n|upkeep\n|turn|10\n|\n|t:|1628901862\n|move|p2a: Delibird|Rapid Spin|p1a: Mudsdale\n|-damage|p1a: Mudsdale|94\/298\n|-boost|p2a: Delibird|spe|1\n|-ability|p1a: Mudsdale|Stamina|boost\n|-boost|p1a: Mudsdale|def|1\n|-sideend|p2: bc98|Stealth Rock|[from] move: Rapid Spin|[of] p2a: Delibird\n|move|p1a: Mudsdale|Body Press|p2a: Delibird\n|-damage|p2a: Delibird|0 fnt\n|faint|p2a: Delibird\n|\n|upkeep\n|\n|t:|1628901875\n|switch|p2a: Starmie|Starmie, L84|238\/238\n|turn|11\n|\n|t:|1628901885\n|move|p2a: Starmie|Scald|p1a: Mudsdale\n|-supereffective|p1a: Mudsdale\n|-damage|p1a: Mudsdale|0 fnt\n|faint|p1a: Mudsdale\n|\n|upkeep\n|\n|t:|1628901890\n|switch|p1a: Manectric|Manectric, L86, F|229\/261\n|-damage|p1a: Manectric|197\/261|[from] Stealth Rock\n|turn|12\n|\n|t:|1628901898\n|switch|p2a: Kyurem|Kyurem-White, L74|307\/307\n|-ability|p2a: Kyurem|Turboblaze\n|move|p1a: Manectric|Switcheroo|p2a: Kyurem\n|-activate|p1a: Manectric|move: Trick|[of] p2a: Kyurem\n|-item|p2a: Kyurem|Choice Scarf|[from] move: Switcheroo\n|-item|p1a: Manectric|Choice Specs|[from] move: Switcheroo\n|\n|upkeep\n|turn|13\n|\n|t:|1628901909\n|move|p2a: Kyurem|Ice Beam|p1a: Manectric\n|-damage|p1a: Manectric|38\/261\n|move|p1a: Manectric|Overheat|p2a: Kyurem|[miss]\n|-miss|p1a: Manectric|p2a: Kyurem\n|\n|upkeep\n|turn|14\n|\n|t:|1628901917\n|move|p2a: Kyurem|Ice Beam|p1a: Manectric\n|-damage|p1a: Manectric|0 fnt\n|faint|p1a: Manectric\n|\n|upkeep\n|\n|t:|1628901919\n|switch|p1a: Passimian|Passimian, L82, F|298\/298\n|-damage|p1a: Passimian|280\/298|[from] Stealth Rock\n|turn|15\n|\n|t:|1628901929\n|switch|p2a: Pangoro|Pangoro, L84, M|297\/297\n|move|p1a: Passimian|Close Combat|p2a: Pangoro\n|-supereffective|p2a: Pangoro\n|-damage|p2a: Pangoro|0 fnt\n|-unboost|p1a: Passimian|def|1\n|-unboost|p1a: Passimian|spd|1\n|faint|p2a: Pangoro\n|\n|upkeep\n|\n|t:|1628901937\n|switch|p2a: Starmie|Starmie, L84|238\/238\n|turn|16\n|\n|t:|1628901942\n|switch|p1a: Crobat|Crobat, L82, F|274\/274\n|move|p2a: Starmie|Psyshock|p1a: Crobat\n|-supereffective|p1a: Crobat\n|-damage|p1a: Crobat|4\/274\n|\n|upkeep\n|turn|17\n|\n|t:|1628901951\n|move|p1a: Crobat|Super Fang|p2a: Starmie\n|-damage|p2a: Starmie|119\/238\n|move|p2a: Starmie|Psyshock|p1a: Crobat\n|-supereffective|p1a: Crobat\n|-damage|p1a: Crobat|0 fnt\n|faint|p1a: Crobat\n|\n|upkeep\n|\n|t:|1628901955\n|switch|p1a: Passimian|Passimian, L82, F|280\/298\n|-damage|p1a: Passimian|262\/298|[from] Stealth Rock\n|turn|18\n|\n|t:|1628901961\n|-start|p1a: Passimian|Dynamax\n|-heal|p1a: Passimian|524\/596|[silent]\n|move|p2a: Starmie|Psyshock|p1a: Passimian\n|-supereffective|p1a: Passimian\n|-damage|p1a: Passimian|242\/596\n|move|p1a: Passimian|Max Darkness|p2a: Starmie\n|-supereffective|p2a: Starmie\n|-damage|p2a: Starmie|0 fnt\n|faint|p2a: Starmie\n|\n|upkeep\n|\n|t:|1628901973\n|switch|p2a: Kyurem|Kyurem-White, L74|307\/307\n|-ability|p2a: Kyurem|Turboblaze\n|turn|19\n|\n|t:|1628901981\n|-start|p2a: Kyurem|Dynamax\n|-heal|p2a: Kyurem|614\/614|[silent]\n|move|p2a: Kyurem|Max Wyrmwind|p1a: Passimian\n|-crit|p1a: Passimian\n|-damage|p1a: Passimian|0 fnt\n|faint|p1a: Passimian\n|\n|win|bc98\n|c|\u2606bc98|gg\n","inputlog":">version 21a297c45f97162f5f89849dadd0772730f2dfbc\n>start {\"formatid\":\"gen8unratedrandombattle\",\"seed\":[25334,23241,15899,22977]}\n>player p1 {\"name\":\"Archerdagoat\",\"avatar\":\"hoopster\",\"rating\":0,\"seed\":[40647,30115,13800,24062]}\n>player p2 {\"name\":\"bc98\",\"avatar\":\"benga\",\"rating\":0,\"seed\":[2659,37898,48245,1775]}\n>p1 move closecombat\n>p2 switch 3\n>p1 switch 2\n>p2 move stealthrock\n>p1 move swordsdance\n>p2 move icebeam\n>p1 move outrage\n>p2 move icebeam\n>p2 switch 6\n>p1 move outrage\n>p2 move freezedry\n>p1 switch 5\n>p1 move overheat\n>p2 switch 2\n>p2 switch 3\n>p1 switch 4\n>p2 move knockoff\n>p1 switch 3\n>p1 move stealthrock\n>p2 move knockoff\n>p1 move bodypress\n>p2 switch 2\n>p1 move bodypress\n>p2 move rapidspin\n>p2 switch 5\n>p1 move earthquake\n>p2 move scald\n>p1 switch 4\n>p1 move switcheroo\n>p2 switch 4\n>p1 move overheat\n>p2 move icebeam\n>p1 move overheat\n>p2 move icebeam\n>p1 switch 2\n>p1 move closecombat\n>p2 switch 2\n>p2 switch 4\n>p1 switch 6\n>p2 move psyshock\n>p1 move superfang\n>p2 move psyshock\n>p1 switch 6\n>p1 move knockoff dynamax\n>p2 move psyshock\n>p2 switch 2\n>p1 move rockslide dynamax\n>p2 move dracometeor dynamax","uploadtime":1628901998,"views":3,"p1id":"archerdagoat","p2id":"bc98","formatid":"gen8unratedrandombattle","rating":0,"private":0,"password":null}