{"id":"gen8nationaldex-1592092536","p1":"TheDanceMonkey","p2":"yung_iznamakin","format":"gen8nationaldex","log":"|j|\u2606TheDanceMonkey\n|j|\u2606yung_iznamakin\n|t:|1654718182\n|gametype|singles\n|player|p1|TheDanceMonkey|iris-gen5bw2|1654\n|player|p2|yung_iznamakin|lady|1578\n|teamsize|p1|6\n|teamsize|p2|6\n|gen|8\n|tier|[Gen 8] National Dex\n|rated|\n|rule|HP Percentage Mod: HP is shown in percentages\n|rule|Endless Battle Clause: Forcing endless battles is banned\n|rule|OHKO Clause: OHKO moves are banned\n|rule|Evasion Moves Clause: Evasion moves are banned\n|rule|Species Clause: Limit one of each Pok\u00e9mon\n|rule|Dynamax Clause: You cannot dynamax\n|rule|Sleep Clause Mod: Limit one foe put to sleep\n|clearpoke\n|poke|p1|Suicune|\n|poke|p1|Rillaboom, F|\n|poke|p1|Heatran, F|\n|poke|p1|Zapdos|\n|poke|p1|Krookodile, F|\n|poke|p1|Tapu Lele|\n|poke|p2|Charizard, M|\n|poke|p2|Greninja, M|\n|poke|p2|Nidoking, M|\n|poke|p2|Kommo-o, M|\n|poke|p2|Blissey, F|\n|poke|p2|Corviknight, M|\n|teampreview\n|inactive|Battle timer is ON: inactive players will automatically lose when time's up. (requested by TheDanceMonkey)\n|c|\u2606yung_iznamakin|glhf m8\n|\n|t:|1654718199\n|start\n|switch|p1a: Rillaboom|Rillaboom, F, shiny|100\/100\n|switch|p2a: Greninja|Greninja, M|100\/100\n|-fieldstart|move: Grassy Terrain|[from] ability: Grassy Surge|[of] p1a: Rillaboom\n|turn|1\n|\n|t:|1654718200\n|move|p2a: Greninja|U-turn|p1a: Rillaboom\n|-start|p2a: Greninja|typechange|Bug|[from] ability: Protean\n|-supereffective|p1a: Rillaboom\n|-damage|p1a: Rillaboom|0 fnt\n|faint|p1a: Rillaboom\n|\n|t:|1654718204\n|switch|p2a: Corviknight|Corviknight, M|100\/100|[from]move: U-turn\n|-ability|p2a: Corviknight|Pressure\n|\n|upkeep\n|\n|t:|1654718209\n|switch|p1a: Heatran|Heatran, F, shiny|100\/100\n|turn|2\n|\n|t:|1654718213\n|switch|p2a: Nidoking|Nidoking, M|100\/100\n|move|p1a: Heatran|Magma Storm|p2a: Nidoking\n|-damage|p2a: Nidoking|35\/100\n|-activate|p2a: Nidoking|move: Magma Storm|[of] p1a: Heatran\n|\n|-heal|p2a: Nidoking|41\/100|[from] Grassy Terrain\n|-damage|p2a: Nidoking|29\/100|[from] move: Magma Storm|[partiallytrapped]\n|upkeep\n|turn|3\n|\n|t:|1654718219\n|switch|p1a: Suicune|Suicune, shiny|100\/100\n|-ability|p1a: Suicune|Pressure\n|move|p2a: Nidoking|Earth Power|p1a: Suicune\n|-damage|p1a: Suicune|57\/100\n|\n|-heal|p2a: Nidoking|35\/100|[from] Grassy Terrain\n|-heal|p1a: Suicune|63\/100|[from] Grassy Terrain\n|-heal|p1a: Suicune|69\/100|[from] item: Leftovers\n|-end|p2a: Nidoking|Magma Storm|[partiallytrapped]|[silent]\n|upkeep\n|turn|4\n|\n|t:|1654718228\n|move|p2a: Nidoking|Sludge Wave|p1a: Suicune\n|-damage|p1a: Suicune|20\/100\n|move|p1a: Suicune|Scald|p2a: Nidoking\n|-supereffective|p2a: Nidoking\n|-damage|p2a: Nidoking|0 fnt\n|faint|p2a: Nidoking\n|\n|-heal|p1a: Suicune|26\/100|[from] Grassy Terrain\n|-heal|p1a: Suicune|32\/100|[from] item: Leftovers\n|upkeep\n|\n|t:|1654718235\n|switch|p2a: Kommo-o|Kommo-o, M|100\/100\n|turn|5\n|\n|t:|1654718238\n|switch|p1a: Tapu Lele|Tapu Lele, shiny|100\/100\n|-fieldstart|move: Psychic Terrain|[from] ability: Psychic Surge|[of] p1a: Tapu Lele\n|move|p2a: Kommo-o|Clangorous Soul|p2a: Kommo-o\n|-boost|p2a: Kommo-o|atk|1\n|-boost|p2a: Kommo-o|def|1\n|-boost|p2a: Kommo-o|spa|1\n|-boost|p2a: Kommo-o|spd|1\n|-boost|p2a: Kommo-o|spe|1\n|-damage|p2a: Kommo-o|68\/100\n|\n|upkeep\n|turn|6\n|\n|t:|1654718244\n|switch|p2a: Blissey|Blissey, F|100\/100\n|move|p1a: Tapu Lele|Psyshock|p2a: Blissey\n|-damage|p2a: Blissey|25\/100\n|\n|upkeep\n|turn|7\n|\n|t:|1654718248\n|switch|p1a: Heatran|Heatran, F, shiny|100\/100\n|switch|p2a: Corviknight|Corviknight, M|100\/100\n|-ability|p2a: Corviknight|Pressure\n|\n|upkeep\n|turn|8\n|\n|t:|1654718252\n|switch|p2a: Blissey|Blissey, F|25\/100\n|move|p1a: Heatran|Magma Storm|p2a: Blissey\n|-damage|p2a: Blissey|10\/100\n|-activate|p2a: Blissey|move: Magma Storm|[of] p1a: Heatran\n|\n|-damage|p2a: Blissey|0 fnt|[from] move: Magma Storm|[partiallytrapped]\n|faint|p2a: Blissey\n|upkeep\n|\n|t:|1654718254\n|switch|p2a: Kommo-o|Kommo-o, M|68\/100\n|turn|9\n|\n|t:|1654718257\n|switch|p2a: Greninja|Greninja, M|100\/100\n|switch|p1a: Tapu Lele|Tapu Lele, shiny|100\/100\n|\n|-fieldend|move: Psychic Terrain\n|upkeep\n|turn|10\n|\n|t:|1654718260\n|switch|p1a: Zapdos|Zapdos, shiny|100\/100\n|move|p2a: Greninja|Gunk Shot|p1a: Zapdos|[miss]\n|-start|p2a: Greninja|typechange|Poison|[from] ability: Protean\n|-miss|p2a: Greninja|p1a: Zapdos\n|\n|upkeep\n|turn|11\n|\n|t:|1654718263\n|move|p2a: Greninja|Gunk Shot|p1a: Zapdos\n|-damage|p1a: Zapdos|48\/100\n|move|p1a: Zapdos|Volt Switch|p2a: Greninja\n|-damage|p2a: Greninja|53\/100\n|\n|t:|1654718268\n|switch|p1a: Heatran|Heatran, F, shiny|100\/100|[from]move: Volt Switch\n|\n|upkeep\n|turn|12\n|\n|t:|1654718271\n|switch|p2a: Kommo-o|Kommo-o, M|68\/100\n|move|p1a: Heatran|Stealth Rock|p2a: Kommo-o\n|-sidestart|p2: yung_iznamakin|move: Stealth Rock\n|\n|upkeep\n|turn|13\n|\n|t:|1654718275\n|switch|p1a: Tapu Lele|Tapu Lele, shiny|100\/100\n|-fieldstart|move: Psychic Terrain|[from] ability: Psychic Surge|[of] p1a: Tapu Lele\n|move|p2a: Kommo-o|Clangorous Soul|p2a: Kommo-o\n|-boost|p2a: Kommo-o|atk|1\n|-boost|p2a: Kommo-o|def|1\n|-boost|p2a: Kommo-o|spa|1\n|-boost|p2a: Kommo-o|spd|1\n|-boost|p2a: Kommo-o|spe|1\n|-damage|p2a: Kommo-o|35\/100\n|\n|upkeep\n|turn|14\n|\n|t:|1654718283\n|move|p2a: Kommo-o|Flash Cannon|p1a: Tapu Lele\n|-supereffective|p1a: Tapu Lele\n|-damage|p1a: Tapu Lele|28\/100\n|move|p1a: Tapu Lele|Psychic|p2a: Kommo-o\n|-supereffective|p2a: Kommo-o\n|-damage|p2a: Kommo-o|0 fnt\n|faint|p2a: Kommo-o\n|\n|upkeep\n|\n|t:|1654718287\n|switch|p2a: Greninja|Greninja, M|53\/100\n|-damage|p2a: Greninja|40\/100|[from] Stealth Rock\n|turn|15\n|\n|t:|1654718295\n|switch|p1a: Suicune|Suicune, shiny|32\/100\n|-ability|p1a: Suicune|Pressure\n|move|p2a: Greninja|U-turn|p1a: Suicune\n|-start|p2a: Greninja|typechange|Bug|[from] ability: Protean\n|-damage|p1a: Suicune|0 fnt\n|faint|p1a: Suicune\n|\n|t:|1654718303\n|switch|p2a: Corviknight|Corviknight, M|100\/100|[from]move: U-turn\n|-damage|p2a: Corviknight|88\/100|[from] Stealth Rock\n|-ability|p2a: Corviknight|Pressure\n|\n|-heal|p2a: Corviknight|94\/100|[from] item: Leftovers\n|upkeep\n|\n|t:|1654718305\n|switch|p1a: Heatran|Heatran, F, shiny|100\/100\n|turn|16\n|\n|t:|1654718308\n|move|p1a: Heatran|Magma Storm|p2a: Corviknight|[miss]\n|-miss|p1a: Heatran|p2a: Corviknight\n|move|p2a: Corviknight|Body Press|p1a: Heatran\n|-supereffective|p1a: Heatran\n|-damage|p1a: Heatran|58\/100\n|\n|-heal|p1a: Heatran|64\/100|[from] item: Leftovers\n|-heal|p2a: Corviknight|100\/100|[from] item: Leftovers\n|upkeep\n|turn|17\n|\n|t:|1654718313\n|move|p1a: Heatran|Magma Storm|p2a: Corviknight\n|-supereffective|p2a: Corviknight\n|-damage|p2a: Corviknight|13\/100\n|-activate|p2a: Corviknight|move: Magma Storm|[of] p1a: Heatran\n|move|p2a: Corviknight|Body Press|p1a: Heatran\n|-supereffective|p1a: Heatran\n|-damage|p1a: Heatran|18\/100\n|\n|-heal|p1a: Heatran|24\/100|[from] item: Leftovers\n|-heal|p2a: Corviknight|19\/100|[from] item: Leftovers\n|-damage|p2a: Corviknight|7\/100|[from] move: Magma Storm|[partiallytrapped]\n|-fieldend|move: Psychic Terrain\n|upkeep\n|turn|18\n|\n|t:|1654718320\n|move|p1a: Heatran|Magma Storm|p2a: Corviknight\n|-supereffective|p2a: Corviknight\n|-damage|p2a: Corviknight|0 fnt\n|faint|p2a: Corviknight\n|\n|-heal|p1a: Heatran|31\/100|[from] item: Leftovers\n|upkeep\n|\n|t:|1654718324\n|switch|p2a: Charizard|Charizard, M|100\/100\n|-damage|p2a: Charizard|51\/100|[from] Stealth Rock\n|turn|19\n|\n|t:|1654718329\n|move|p2a: Charizard|Roost|p2a: Charizard\n|-heal|p2a: Charizard|100\/100\n|-singleturn|p2a: Charizard|move: Roost\n|move|p1a: Heatran|Toxic|p2a: Charizard\n|-status|p2a: Charizard|tox\n|\n|-heal|p1a: Heatran|37\/100|[from] item: Leftovers\n|-damage|p2a: Charizard|94\/100 tox|[from] psn\n|upkeep\n|turn|20\n|\n|t:|1654718335\n|switch|p1a: Krookodile|Krookodile, F, shiny|100\/100\n|move|p2a: Charizard|Dragon Dance|p2a: Charizard\n|-boost|p2a: Charizard|atk|1\n|-boost|p2a: Charizard|spe|1\n|\n|-damage|p2a: Charizard|82\/100 tox|[from] psn\n|upkeep\n|turn|21\n|\n|t:|1654718339\n|detailschange|p2a: Charizard|Charizard-Mega-X, M\n|-mega|p2a: Charizard|Charizard|Charizardite X\n|move|p1a: Krookodile|Stone Edge|p2a: Charizard\n|-supereffective|p2a: Charizard\n|-damage|p2a: Charizard|14\/100 tox\n|move|p2a: Charizard|Flare Blitz|p1a: Krookodile\n|-damage|p1a: Krookodile|0 fnt\n|faint|p1a: Krookodile\n|-damage|p2a: Charizard|0 fnt|[from] Recoil\n|faint|p2a: Charizard\n|\n|upkeep\n|\n|t:|1654718347\n|switch|p1a: Zapdos|Zapdos, shiny|48\/100\n|switch|p2a: Greninja|Greninja, M|40\/100\n|-damage|p2a: Greninja|28\/100|[from] Stealth Rock\n|turn|22\n|\n|t:|1654718351\n|move|p2a: Greninja|Waterfall|p1a: Zapdos\n|-start|p2a: Greninja|typechange|Water|[from] ability: Protean\n|-damage|p1a: Zapdos|10\/100\n|move|p1a: Zapdos|Volt Switch|p2a: Greninja\n|-supereffective|p2a: Greninja\n|-crit|p2a: Greninja\n|-damage|p2a: Greninja|0 fnt\n|faint|p2a: Greninja\n|\n|win|TheDanceMonkey\n|raw|TheDanceMonkey's rating: 1654 &rarr; <strong>1670<\/strong><br \/>(+16 for winning)\n|raw|yung_iznamakin's rating: 1578 &rarr; <strong>1562<\/strong><br \/>(-16 for losing)\n|l|\u2606yung_iznamakin\n","uploadtime":1654718362,"views":12,"p1id":"thedancemonkey","p2id":"yungiznamakin","formatid":"gen8nationaldex","rating":1562,"private":0,"password":null}