{"id":"gen8ou-1698542109","p1":"EEEEEvolto","p2":"harambium","format":"gen8ou","log":"|j|\u2606EEEEEvolto\n|j|\u2606harambium\n|t:|1667137533\n|gametype|singles\n|player|p1|EEEEEvolto|169|1443\n|player|p2|harambium|102|1425\n|teamsize|p1|6\n|teamsize|p2|6\n|gen|8\n|tier|[Gen 8] OU\n|rated|\n|rule|Sleep Clause Mod: Limit one foe put to sleep\n|rule|Species Clause: Limit one of each Pok\u00e9mon\n|rule|OHKO Clause: OHKO moves are banned\n|rule|Evasion Items Clause: Evasion items are banned\n|rule|Evasion Moves Clause: Evasion moves are banned\n|rule|Endless Battle Clause: Forcing endless battles is banned\n|rule|HP Percentage Mod: HP is shown in percentages\n|rule|Dynamax Clause: You cannot dynamax\n|clearpoke\n|poke|p1|Kartana|\n|poke|p1|Heatran, F|\n|poke|p1|Landorus-Therian, M|\n|poke|p1|Slowbro, F|\n|poke|p1|Umbreon, M|\n|poke|p1|Tapu Koko|\n|poke|p2|Barraskewda, M|\n|poke|p2|Pelipper, M|\n|poke|p2|Landorus-Therian, M|\n|poke|p2|Zapdos|\n|poke|p2|Clefable, F|\n|poke|p2|Ferrothorn, M|\n|teampreview\n|inactive|Battle timer is ON: inactive players will automatically lose when time's up. (requested by harambium)\n|\n|t:|1667137539\n|start\n|switch|p1a: Tapu Koko|Tapu Koko|100\/100\n|switch|p2a: Landorus|Landorus-Therian, M|100\/100\n|-ability|p2a: Landorus|Intimidate|boost\n|-unboost|p1a: Tapu Koko|atk|1\n|-fieldstart|move: Electric Terrain|[from] ability: Electric Surge|[of] p1a: Tapu Koko\n|turn|1\n|\n|t:|1667137546\n|switch|p1a: Landorus|Landorus-Therian, M|100\/100\n|-ability|p1a: Landorus|Intimidate|boost\n|-unboost|p2a: Landorus|atk|1\n|move|p2a: Landorus|Earthquake|p1a: Landorus\n|-immune|p1a: Landorus\n|\n|upkeep\n|turn|2\n|\n|t:|1667137554\n|switch|p2a: Pelipper|Pelipper, M|100\/100\n|-weather|RainDance|[from] ability: Drizzle|[of] p2a: Pelipper\n|move|p1a: Landorus|Toxic|p2a: Pelipper\n|-status|p2a: Pelipper|tox\n|\n|-weather|RainDance|[upkeep]\n|-damage|p2a: Pelipper|94\/100 tox|[from] psn\n|upkeep\n|turn|3\n|\n|t:|1667137563\n|switch|p1a: Slowbro|Slowbro, F|100\/100\n|move|p2a: Pelipper|U-turn|p1a: Slowbro\n|-supereffective|p1a: Slowbro\n|-damage|p1a: Slowbro|87\/100\n|\n|t:|1667137573\n|switch|p2a: Barraskewda|Barraskewda, M|100\/100|[from]move: U-turn\n|\n|-weather|RainDance|[upkeep]\n|upkeep\n|turn|4\n|\n|t:|1667137578\n|move|p2a: Barraskewda|Crunch|p1a: Slowbro\n|-supereffective|p1a: Slowbro\n|-damage|p1a: Slowbro|19\/100\n|-unboost|p1a: Slowbro|def|1\n|move|p1a: Slowbro|Teleport|p1a: Slowbro\n|\n|t:|1667137583\n|switch|p1a: Tapu Koko|Tapu Koko|100\/100|[from]move: Teleport\n|\n|-weather|RainDance|[upkeep]\n|upkeep\n|turn|5\n|\n|t:|1667137590\n|switch|p2a: Landorus|Landorus-Therian, M|100\/100\n|-ability|p2a: Landorus|Intimidate|boost\n|-unboost|p1a: Tapu Koko|atk|1\n|switch|p1a: Landorus|Landorus-Therian, M|100\/100\n|-ability|p1a: Landorus|Intimidate|boost\n|-unboost|p2a: Landorus|atk|1\n|\n|-weather|RainDance|[upkeep]\n|-fieldend|move: Electric Terrain\n|upkeep\n|turn|6\n|\n|t:|1667137601\n|switch|p2a: Pelipper|Pelipper, M|94\/100 tox\n|move|p1a: Landorus|Toxic|p2a: Pelipper\n|-fail|p2a: Pelipper|tox\n|\n|-weather|RainDance|[upkeep]\n|-damage|p2a: Pelipper|88\/100 tox|[from] psn\n|upkeep\n|turn|7\n|\n|t:|1667137609\n|switch|p1a: Umbreon|Umbreon, M|100\/100\n|move|p2a: Pelipper|U-turn|p1a: Umbreon\n|-supereffective|p1a: Umbreon\n|-damage|p1a: Umbreon|89\/100\n|\n|t:|1667137615\n|switch|p2a: Barraskewda|Barraskewda, M|100\/100|[from]move: U-turn\n|\n|-weather|RainDance|[upkeep]\n|-heal|p1a: Umbreon|95\/100|[from] item: Leftovers\n|upkeep\n|turn|8\n|\n|t:|1667137620\n|move|p1a: Umbreon|Protect|p1a: Umbreon\n|-singleturn|p1a: Umbreon|Protect\n|move|p2a: Barraskewda|Liquidation|p1a: Umbreon\n|-activate|p1a: Umbreon|move: Protect\n|\n|-weather|RainDance|[upkeep]\n|-heal|p1a: Umbreon|100\/100|[from] item: Leftovers\n|upkeep\n|turn|9\n|\n|t:|1667137639\n|switch|p2a: Clefable|Clefable, F|100\/100\n|move|p1a: Umbreon|Foul Play|p2a: Clefable\n|-resisted|p2a: Clefable\n|-damage|p2a: Clefable|94\/100\n|\n|-weather|none\n|-heal|p2a: Clefable|99\/100|[from] item: Leftovers\n|upkeep\n|turn|10\n|\n|t:|1667137647\n|switch|p1a: Slowbro|Slowbro, F|52\/100\n|move|p2a: Clefable|Calm Mind|p2a: Clefable\n|-boost|p2a: Clefable|spa|1\n|-boost|p2a: Clefable|spd|1\n|\n|-heal|p2a: Clefable|100\/100|[from] item: Leftovers\n|upkeep\n|turn|11\n|\n|t:|1667137655\n|switch|p1a: Kartana|Kartana|100\/100\n|move|p2a: Clefable|Moonblast|p1a: Kartana\n|-resisted|p1a: Kartana\n|-damage|p1a: Kartana|32\/100\n|\n|upkeep\n|turn|12\n|\n|t:|1667137662\n|switch|p2a: Ferrothorn|Ferrothorn, M|100\/100\n|move|p1a: Kartana|Sacred Sword|p2a: Ferrothorn\n|-supereffective|p2a: Ferrothorn\n|-damage|p2a: Ferrothorn|11\/100\n|-damage|p1a: Kartana|20\/100|[from] ability: Iron Barbs|[of] p2a: Ferrothorn\n|-damage|p1a: Kartana|3\/100|[from] item: Rocky Helmet|[of] p2a: Ferrothorn\n|\n|upkeep\n|turn|13\n|\n|t:|1667137672\n|move|p1a: Kartana|Sacred Sword|p2a: Ferrothorn\n|-supereffective|p2a: Ferrothorn\n|-damage|p2a: Ferrothorn|0 fnt\n|-damage|p1a: Kartana|0 fnt|[from] ability: Iron Barbs|[of] p2a: Ferrothorn\n|faint|p2a: Ferrothorn\n|faint|p1a: Kartana\n|\n|upkeep\n|\n|t:|1667137681\n|switch|p1a: Tapu Koko|Tapu Koko|100\/100\n|switch|p2a: Landorus|Landorus-Therian, M|100\/100\n|-ability|p2a: Landorus|Intimidate|boost\n|-unboost|p1a: Tapu Koko|atk|1\n|-fieldstart|move: Electric Terrain|[from] ability: Electric Surge|[of] p1a: Tapu Koko\n|turn|14\n|\n|t:|1667137688\n|switch|p1a: Landorus|Landorus-Therian, M|100\/100\n|-ability|p1a: Landorus|Intimidate|boost\n|-unboost|p2a: Landorus|atk|1\n|move|p2a: Landorus|U-turn|p1a: Landorus\n|-resisted|p1a: Landorus\n|-damage|p1a: Landorus|91\/100\n|\n|t:|1667137695\n|switch|p2a: Pelipper|Pelipper, M|88\/100 tox|[from]move: U-turn\n|-weather|RainDance|[from] ability: Drizzle|[of] p2a: Pelipper\n|\n|-weather|RainDance|[upkeep]\n|-heal|p1a: Landorus|97\/100|[from] item: Leftovers\n|-damage|p2a: Pelipper|82\/100 tox|[from] psn\n|upkeep\n|turn|15\n|\n|t:|1667137703\n|move|p1a: Landorus|U-turn|p2a: Pelipper\n|-resisted|p2a: Pelipper\n|-damage|p2a: Pelipper|71\/100 tox\n|\n|t:|1667137707\n|switch|p1a: Slowbro|Slowbro, F|85\/100|[from]move: U-turn\n|move|p2a: Pelipper|U-turn|p1a: Slowbro\n|-supereffective|p1a: Slowbro\n|-damage|p1a: Slowbro|71\/100\n|\n|t:|1667137713\n|switch|p2a: Barraskewda|Barraskewda, M|100\/100|[from]move: U-turn\n|\n|-weather|RainDance|[upkeep]\n|upkeep\n|turn|16\n|\n|t:|1667137718\n|move|p2a: Barraskewda|Liquidation|p1a: Slowbro\n|-resisted|p1a: Slowbro\n|-damage|p1a: Slowbro|30\/100\n|move|p1a: Slowbro|Teleport|p1a: Slowbro\n|\n|t:|1667137724\n|switch|p1a: Landorus|Landorus-Therian, M|97\/100|[from]move: Teleport\n|-ability|p1a: Landorus|Intimidate|boost\n|-unboost|p2a: Barraskewda|atk|1\n|\n|-weather|RainDance|[upkeep]\n|-heal|p1a: Landorus|100\/100|[from] item: Leftovers\n|upkeep\n|turn|17\n|\n|t:|1667137730\n|switch|p1a: Slowbro|Slowbro, F|63\/100\n|move|p2a: Barraskewda|Liquidation|p1a: Slowbro\n|-resisted|p1a: Slowbro\n|-crit|p1a: Slowbro\n|-damage|p1a: Slowbro|0 fnt\n|faint|p1a: Slowbro\n|\n|-weather|RainDance|[upkeep]\n|upkeep\n|\n|t:|1667137741\n|switch|p1a: Heatran|Heatran, F|100\/100\n|turn|18\n|\n|t:|1667137744\n|move|p2a: Barraskewda|Liquidation|p1a: Heatran\n|-supereffective|p1a: Heatran\n|-damage|p1a: Heatran|11\/100\n|move|p1a: Heatran|Stealth Rock|p2a: Barraskewda\n|-sidestart|p2: harambium|move: Stealth Rock\n|\n|-weather|RainDance|[upkeep]\n|-heal|p1a: Heatran|17\/100|[from] item: Leftovers\n|-fieldend|move: Electric Terrain\n|upkeep\n|turn|19\n|\n|t:|1667137751\n|move|p2a: Barraskewda|Liquidation|p1a: Heatran\n|-supereffective|p1a: Heatran\n|-damage|p1a: Heatran|0 fnt\n|faint|p1a: Heatran\n|\n|-weather|RainDance|[upkeep]\n|upkeep\n|\n|t:|1667137756\n|switch|p1a: Landorus|Landorus-Therian, M|100\/100\n|-ability|p1a: Landorus|Intimidate|boost\n|-unboost|p2a: Barraskewda|atk|1\n|turn|20\n|\n|t:|1667137761\n|switch|p2a: Landorus|Landorus-Therian, M|100\/100\n|-damage|p2a: Landorus|88\/100|[from] Stealth Rock\n|-ability|p2a: Landorus|Intimidate|boost\n|-unboost|p1a: Landorus|atk|1\n|move|p1a: Landorus|Earthquake|p2a: Landorus\n|-immune|p2a: Landorus\n|\n|-weather|RainDance|[upkeep]\n|upkeep\n|turn|21\n|\n|t:|1667137769\n|move|p2a: Landorus|Knock Off|p1a: Landorus\n|-damage|p1a: Landorus|58\/100\n|-enditem|p1a: Landorus|Leftovers|[from] move: Knock Off|[of] p2a: Landorus\n|move|p1a: Landorus|U-turn|p2a: Landorus\n|-resisted|p2a: Landorus\n|-damage|p2a: Landorus|80\/100\n|\n|t:|1667137775\n|switch|p1a: Tapu Koko|Tapu Koko|100\/100|[from]move: U-turn\n|-fieldstart|move: Electric Terrain|[from] ability: Electric Surge|[of] p1a: Tapu Koko\n|\n|-weather|none\n|upkeep\n|turn|22\n|\n|t:|1667137782\n|move|p2a: Landorus|Knock Off|p1a: Tapu Koko\n|-resisted|p1a: Tapu Koko\n|-damage|p1a: Tapu Koko|70\/100\n|-enditem|p1a: Tapu Koko|Heavy-Duty Boots|[from] move: Knock Off|[of] p2a: Landorus\n|move|p1a: Tapu Koko|Calm Mind|p1a: Tapu Koko\n|-boost|p1a: Tapu Koko|spa|1\n|-boost|p1a: Tapu Koko|spd|1\n|\n|upkeep\n|turn|23\n|\n|t:|1667137795\n|switch|p2a: Clefable|Clefable, F|100\/100\n|move|p1a: Tapu Koko|Dazzling Gleam|p2a: Clefable\n|-damage|p2a: Clefable|52\/100\n|\n|-heal|p2a: Clefable|58\/100|[from] item: Leftovers\n|upkeep\n|turn|24\n|\n|t:|1667137805\n|move|p1a: Tapu Koko|Thunderbolt|p2a: Clefable\n|-damage|p2a: Clefable|0 fnt\n|faint|p2a: Clefable\n|\n|upkeep\n|\n|t:|1667137809\n|switch|p2a: Landorus|Landorus-Therian, M|80\/100\n|-damage|p2a: Landorus|68\/100|[from] Stealth Rock\n|-ability|p2a: Landorus|Intimidate|boost\n|-unboost|p1a: Tapu Koko|atk|1\n|turn|25\n|\n|t:|1667137814\n|move|p2a: Landorus|Earthquake|p1a: Tapu Koko\n|-supereffective|p1a: Tapu Koko\n|-damage|p1a: Tapu Koko|0 fnt\n|faint|p1a: Tapu Koko\n|\n|-fieldend|move: Electric Terrain\n|upkeep\n|\n|t:|1667137820\n|switch|p1a: Umbreon|Umbreon, M|100\/100\n|turn|26\n|\n|t:|1667137837\n|switch|p2a: Pelipper|Pelipper, M|71\/100 tox\n|-damage|p2a: Pelipper|46\/100 tox|[from] Stealth Rock\n|-weather|RainDance|[from] ability: Drizzle|[of] p2a: Pelipper\n|move|p1a: Umbreon|Foul Play|p2a: Pelipper\n|-damage|p2a: Pelipper|28\/100 tox\n|\n|-weather|RainDance|[upkeep]\n|-damage|p2a: Pelipper|22\/100 tox|[from] psn\n|upkeep\n|turn|27\n|\n|t:|1667137847\n|move|p1a: Umbreon|Foul Play|p2a: Pelipper\n|-damage|p2a: Pelipper|3\/100 tox\n|move|p2a: Pelipper|Roost|p2a: Pelipper\n|-heal|p2a: Pelipper|53\/100 tox\n|-singleturn|p2a: Pelipper|move: Roost\n|\n|-weather|RainDance|[upkeep]\n|-damage|p2a: Pelipper|41\/100 tox|[from] psn\n|upkeep\n|turn|28\n|\n|t:|1667137855\n|move|p1a: Umbreon|Wish|p1a: Umbreon\n|move|p2a: Pelipper|U-turn|p1a: Umbreon\n|-supereffective|p1a: Umbreon\n|-damage|p1a: Umbreon|90\/100\n|\n|t:|1667137862\n|switch|p2a: Barraskewda|Barraskewda, M|100\/100|[from]move: U-turn\n|-damage|p2a: Barraskewda|88\/100|[from] Stealth Rock\n|\n|-weather|RainDance|[upkeep]\n|-heal|p1a: Umbreon|96\/100|[from] item: Leftovers\n|upkeep\n|turn|29\n|\n|t:|1667137869\n|move|p2a: Barraskewda|Close Combat|p1a: Umbreon\n|-supereffective|p1a: Umbreon\n|-damage|p1a: Umbreon|22\/100\n|-unboost|p2a: Barraskewda|def|1\n|-unboost|p2a: Barraskewda|spd|1\n|move|p1a: Umbreon|Foul Play|p2a: Barraskewda\n|-damage|p2a: Barraskewda|0 fnt\n|faint|p2a: Barraskewda\n|\n|-weather|RainDance|[upkeep]\n|-heal|p1a: Umbreon|71\/100|[from] move: Wish|[wisher] Umbreon\n|-heal|p1a: Umbreon|78\/100|[from] item: Leftovers\n|upkeep\n|\n|t:|1667137882\n|switch|p2a: Landorus|Landorus-Therian, M|68\/100\n|-damage|p2a: Landorus|56\/100|[from] Stealth Rock\n|-ability|p2a: Landorus|Intimidate|boost\n|-unboost|p1a: Umbreon|atk|1\n|turn|30\n|\n|t:|1667137887\n|move|p1a: Umbreon|Protect|p1a: Umbreon\n|-singleturn|p1a: Umbreon|Protect\n|move|p2a: Landorus|Earthquake|p1a: Umbreon\n|-activate|p1a: Umbreon|move: Protect\n|\n|-weather|RainDance|[upkeep]\n|-heal|p1a: Umbreon|84\/100|[from] item: Leftovers\n|upkeep\n|turn|31\n|\n|t:|1667137894\n|switch|p1a: Landorus|Landorus-Therian, M|58\/100\n|-ability|p1a: Landorus|Intimidate|boost\n|-unboost|p2a: Landorus|atk|1\n|move|p2a: Landorus|Earthquake|p1a: Landorus\n|-immune|p1a: Landorus\n|\n|-weather|RainDance|[upkeep]\n|upkeep\n|turn|32\n|\n|t:|1667137901\n|switch|p2a: Zapdos|Zapdos|100\/100\n|-ability|p2a: Zapdos|Pressure\n|move|p1a: Landorus|U-turn|p2a: Zapdos\n|-resisted|p2a: Zapdos\n|-damage|p2a: Zapdos|92\/100\n|\n|t:|1667137903\n|switch|p1a: Umbreon|Umbreon, M|84\/100|[from]move: U-turn\n|\n|-weather|RainDance|[upkeep]\n|-heal|p1a: Umbreon|90\/100|[from] item: Leftovers\n|upkeep\n|turn|33\n|\n|t:|1667137911\n|move|p1a: Umbreon|Protect|p1a: Umbreon\n|-singleturn|p1a: Umbreon|Protect\n|move|p2a: Zapdos|Defog|p1a: Umbreon\n|-activate|p1a: Umbreon|move: Protect\n|\n|-weather|none\n|-heal|p1a: Umbreon|96\/100|[from] item: Leftovers\n|upkeep\n|turn|34\n|\n|t:|1667137918\n|switch|p1a: Landorus|Landorus-Therian, M|58\/100\n|-ability|p1a: Landorus|Intimidate|boost\n|-unboost|p2a: Zapdos|atk|1\n|move|p2a: Zapdos|Defog|p1a: Landorus\n|-unboost|p1a: Landorus|evasion|1\n|-sideend|p2: harambium|Stealth Rock|[from] move: Defog|[of] p2a: Zapdos\n|\n|upkeep\n|turn|35\n|\n|t:|1667137925\n|switch|p2a: Pelipper|Pelipper, M|41\/100 tox\n|-weather|RainDance|[from] ability: Drizzle|[of] p2a: Pelipper\n|move|p1a: Landorus|Toxic|p2a: Pelipper\n|-fail|p2a: Pelipper|tox\n|\n|-weather|RainDance|[upkeep]\n|-damage|p2a: Pelipper|35\/100 tox|[from] psn\n|upkeep\n|turn|36\n|\n|t:|1667137934\n|move|p1a: Landorus|U-turn|p2a: Pelipper\n|-resisted|p2a: Pelipper\n|-damage|p2a: Pelipper|25\/100 tox\n|\n|t:|1667137936\n|switch|p1a: Umbreon|Umbreon, M|96\/100|[from]move: U-turn\n|move|p2a: Pelipper|Roost|p2a: Pelipper\n|-heal|p2a: Pelipper|75\/100 tox\n|-singleturn|p2a: Pelipper|move: Roost\n|\n|-weather|RainDance|[upkeep]\n|-heal|p1a: Umbreon|100\/100|[from] item: Leftovers\n|-damage|p2a: Pelipper|63\/100 tox|[from] psn\n|upkeep\n|turn|37\n|\n|t:|1667137945\n|move|p1a: Umbreon|Wish|p1a: Umbreon\n|move|p2a: Pelipper|U-turn|p1a: Umbreon\n|-supereffective|p1a: Umbreon\n|-damage|p1a: Umbreon|90\/100\n|\n|t:|1667137949\n|switch|p2a: Landorus|Landorus-Therian, M|56\/100|[from]move: U-turn\n|-ability|p2a: Landorus|Intimidate|boost\n|-unboost|p1a: Umbreon|atk|1\n|\n|-weather|RainDance|[upkeep]\n|-heal|p1a: Umbreon|96\/100|[from] item: Leftovers\n|upkeep\n|turn|38\n|\n|t:|1667137955\n|switch|p1a: Landorus|Landorus-Therian, M|58\/100\n|-ability|p1a: Landorus|Intimidate|boost\n|-unboost|p2a: Landorus|atk|1\n|move|p2a: Landorus|U-turn|p1a: Landorus\n|-resisted|p1a: Landorus\n|-damage|p1a: Landorus|49\/100\n|\n|t:|1667137962\n|switch|p2a: Pelipper|Pelipper, M|63\/100 tox|[from]move: U-turn\n|\n|-weather|RainDance|[upkeep]\n|-heal|p1a: Landorus|100\/100|[from] move: Wish|[wisher] Umbreon\n|-damage|p2a: Pelipper|56\/100 tox|[from] psn\n|upkeep\n|turn|39\n|\n|t:|1667137968\n|move|p1a: Landorus|U-turn|p2a: Pelipper\n|-resisted|p2a: Pelipper\n|-damage|p2a: Pelipper|45\/100 tox\n|\n|t:|1667137970\n|switch|p1a: Umbreon|Umbreon, M|96\/100|[from]move: U-turn\n|move|p2a: Pelipper|Scald|p1a: Umbreon\n|-damage|p1a: Umbreon|68\/100\n|\n|-weather|RainDance|[upkeep]\n|-heal|p1a: Umbreon|74\/100|[from] item: Leftovers\n|-damage|p2a: Pelipper|33\/100 tox|[from] psn\n|upkeep\n|turn|40\n|\n|t:|1667137980\n|move|p1a: Umbreon|Foul Play|p2a: Pelipper\n|-damage|p2a: Pelipper|16\/100 tox\n|move|p2a: Pelipper|Roost|p2a: Pelipper\n|-heal|p2a: Pelipper|66\/100 tox\n|-singleturn|p2a: Pelipper|move: Roost\n|\n|-weather|RainDance|[upkeep]\n|-heal|p1a: Umbreon|80\/100|[from] item: Leftovers\n|-damage|p2a: Pelipper|47\/100 tox|[from] psn\n|upkeep\n|turn|41\n|\n|t:|1667137991\n|switch|p2a: Zapdos|Zapdos|92\/100\n|-ability|p2a: Zapdos|Pressure\n|move|p1a: Umbreon|Foul Play|p2a: Zapdos\n|-damage|p2a: Zapdos|75\/100\n|\n|-weather|RainDance|[upkeep]\n|-heal|p1a: Umbreon|87\/100|[from] item: Leftovers\n|upkeep\n|turn|42\n|\n|t:|1667138002\n|move|p1a: Umbreon|Protect|p1a: Umbreon\n|-singleturn|p1a: Umbreon|Protect\n|move|p2a: Zapdos|Heat Wave|p1a: Umbreon\n|-activate|p1a: Umbreon|move: Protect\n|\n|-weather|none\n|-heal|p1a: Umbreon|93\/100|[from] item: Leftovers\n|upkeep\n|turn|43\n|\n|t:|1667138009\n|switch|p1a: Landorus|Landorus-Therian, M|100\/100\n|-ability|p1a: Landorus|Intimidate|boost\n|-unboost|p2a: Zapdos|atk|1\n|move|p2a: Zapdos|Thunderbolt|p1a: Landorus\n|-immune|p1a: Landorus\n|\n|upkeep\n|turn|44\n|\n|t:|1667138016\n|switch|p2a: Pelipper|Pelipper, M|47\/100 tox\n|-weather|RainDance|[from] ability: Drizzle|[of] p2a: Pelipper\n|move|p1a: Landorus|U-turn|p2a: Pelipper\n|-resisted|p2a: Pelipper\n|-damage|p2a: Pelipper|36\/100 tox\n|\n|t:|1667138017\n|switch|p1a: Umbreon|Umbreon, M|93\/100|[from]move: U-turn\n|\n|-weather|RainDance|[upkeep]\n|-heal|p1a: Umbreon|99\/100|[from] item: Leftovers\n|-damage|p2a: Pelipper|30\/100 tox|[from] psn\n|upkeep\n|turn|45\n|\n|t:|1667138027\n|switch|p1a: Landorus|Landorus-Therian, M|100\/100\n|-ability|p1a: Landorus|Intimidate|boost\n|-unboost|p2a: Pelipper|atk|1\n|move|p2a: Pelipper|Roost|p2a: Pelipper\n|-heal|p2a: Pelipper|80\/100 tox\n|-singleturn|p2a: Pelipper|move: Roost\n|\n|-weather|RainDance|[upkeep]\n|-damage|p2a: Pelipper|68\/100 tox|[from] psn\n|upkeep\n|turn|46\n|\n|t:|1667138038\n|switch|p2a: Landorus|Landorus-Therian, M|56\/100\n|-ability|p2a: Landorus|Intimidate|boost\n|-unboost|p1a: Landorus|atk|1\n|move|p1a: Landorus|U-turn|p2a: Landorus\n|-resisted|p2a: Landorus\n|-damage|p2a: Landorus|47\/100\n|\n|t:|1667138040\n|switch|p1a: Umbreon|Umbreon, M|99\/100|[from]move: U-turn\n|\n|-weather|RainDance|[upkeep]\n|-heal|p1a: Umbreon|100\/100|[from] item: Leftovers\n|upkeep\n|turn|47\n|\n|t:|1667138048\n|move|p2a: Landorus|U-turn|p1a: Umbreon\n|-supereffective|p1a: Umbreon\n|-crit|p1a: Umbreon\n|-damage|p1a: Umbreon|53\/100\n|\n|t:|1667138053\n|switch|p2a: Zapdos|Zapdos|75\/100|[from]move: U-turn\n|-ability|p2a: Zapdos|Pressure\n|move|p1a: Umbreon|Foul Play|p2a: Zapdos\n|-damage|p2a: Zapdos|56\/100\n|\n|-weather|RainDance|[upkeep]\n|-heal|p1a: Umbreon|59\/100|[from] item: Leftovers\n|upkeep\n|turn|48\n|\n|t:|1667138062\n|move|p2a: Zapdos|Thunderbolt|p1a: Umbreon\n|-damage|p1a: Umbreon|35\/100\n|move|p1a: Umbreon|Wish|p1a: Umbreon\n|\n|-weather|RainDance|[upkeep]\n|-heal|p1a: Umbreon|41\/100|[from] item: Leftovers\n|upkeep\n|turn|49\n|\n|t:|1667138072\n|switch|p2a: Landorus|Landorus-Therian, M|47\/100\n|-ability|p2a: Landorus|Intimidate|boost\n|-unboost|p1a: Umbreon|atk|1\n|move|p1a: Umbreon|Protect||[still]\n|-fail|p1a: Umbreon\n|\n|-weather|RainDance|[upkeep]\n|-heal|p1a: Umbreon|91\/100|[from] move: Wish|[wisher] Umbreon\n|-heal|p1a: Umbreon|97\/100|[from] item: Leftovers\n|upkeep\n|turn|50\n|\n|t:|1667138082\n|move|p2a: Landorus|U-turn|p1a: Umbreon\n|-supereffective|p1a: Umbreon\n|-crit|p1a: Umbreon\n|-damage|p1a: Umbreon|49\/100\n|\n|t:|1667138087\n|switch|p2a: Zapdos|Zapdos|56\/100|[from]move: U-turn\n|-ability|p2a: Zapdos|Pressure\n|move|p1a: Umbreon|Foul Play|p2a: Zapdos\n|-damage|p2a: Zapdos|39\/100\n|\n|-weather|RainDance|[upkeep]\n|-heal|p1a: Umbreon|55\/100|[from] item: Leftovers\n|upkeep\n|turn|51\n|\n|t:|1667138097\n|move|p2a: Zapdos|Roost|p2a: Zapdos\n|-heal|p2a: Zapdos|89\/100\n|-singleturn|p2a: Zapdos|move: Roost\n|move|p1a: Umbreon|Wish|p1a: Umbreon\n|\n|-weather|none\n|-heal|p1a: Umbreon|61\/100|[from] item: Leftovers\n|upkeep\n|turn|52\n|\n|t:|1667138104\n|switch|p1a: Landorus|Landorus-Therian, M|100\/100\n|-ability|p1a: Landorus|Intimidate|boost\n|-unboost|p2a: Zapdos|atk|1\n|move|p2a: Zapdos|Thunderbolt|p1a: Landorus\n|-immune|p1a: Landorus\n|\n|upkeep\n|turn|53\n|\n|t:|1667138111\n|switch|p2a: Pelipper|Pelipper, M|68\/100 tox\n|-weather|RainDance|[from] ability: Drizzle|[of] p2a: Pelipper\n|move|p1a: Landorus|U-turn|p2a: Pelipper\n|-resisted|p2a: Pelipper\n|-damage|p2a: Pelipper|58\/100 tox\n|\n|t:|1667138113\n|switch|p1a: Umbreon|Umbreon, M|61\/100|[from]move: U-turn\n|\n|-weather|RainDance|[upkeep]\n|-heal|p1a: Umbreon|67\/100|[from] item: Leftovers\n|-damage|p2a: Pelipper|52\/100 tox|[from] psn\n|upkeep\n|turn|54\n|\n|t:|1667138123\n|move|p1a: Umbreon|Wish|p1a: Umbreon\n|move|p2a: Pelipper|Roost|p2a: Pelipper\n|-heal|p2a: Pelipper|100\/100 tox\n|-singleturn|p2a: Pelipper|move: Roost\n|\n|-weather|RainDance|[upkeep]\n|-heal|p1a: Umbreon|74\/100|[from] item: Leftovers\n|-damage|p2a: Pelipper|88\/100 tox|[from] psn\n|upkeep\n|turn|55\n|\n|t:|1667138131\n|move|p1a: Umbreon|Foul Play|p2a: Pelipper\n|-damage|p2a: Pelipper|71\/100 tox\n|move|p2a: Pelipper|U-turn|p1a: Umbreon\n|-supereffective|p1a: Umbreon\n|-damage|p1a: Umbreon|62\/100\n|\n|t:|1667138137\n|switch|p2a: Landorus|Landorus-Therian, M|47\/100|[from]move: U-turn\n|-ability|p2a: Landorus|Intimidate|boost\n|-unboost|p1a: Umbreon|atk|1\n|\n|-weather|RainDance|[upkeep]\n|-heal|p1a: Umbreon|100\/100|[from] move: Wish|[wisher] Umbreon\n|upkeep\n|turn|56\n|\n|t:|1667138147\n|switch|p1a: Landorus|Landorus-Therian, M|100\/100\n|-ability|p1a: Landorus|Intimidate|boost\n|-unboost|p2a: Landorus|atk|1\n|move|p2a: Landorus|U-turn|p1a: Landorus\n|-resisted|p1a: Landorus\n|-damage|p1a: Landorus|91\/100\n|\n|t:|1667138154\n|switch|p2a: Pelipper|Pelipper, M|71\/100 tox|[from]move: U-turn\n|\n|-weather|RainDance|[upkeep]\n|-damage|p2a: Pelipper|65\/100 tox|[from] psn\n|upkeep\n|turn|57\n|\n|t:|1667138159\n|move|p1a: Landorus|U-turn|p2a: Pelipper\n|-resisted|p2a: Pelipper\n|-damage|p2a: Pelipper|54\/100 tox\n|\n|t:|1667138161\n|switch|p1a: Umbreon|Umbreon, M|100\/100|[from]move: U-turn\n|move|p2a: Pelipper|Scald|p1a: Umbreon\n|-damage|p1a: Umbreon|74\/100\n|\n|-weather|RainDance|[upkeep]\n|-heal|p1a: Umbreon|80\/100|[from] item: Leftovers\n|-damage|p2a: Pelipper|42\/100 tox|[from] psn\n|upkeep\n|turn|58\n|\n|t:|1667138174\n|switch|p1a: Landorus|Landorus-Therian, M|91\/100\n|-ability|p1a: Landorus|Intimidate|boost\n|-unboost|p2a: Pelipper|atk|1\n|switch|p2a: Zapdos|Zapdos|89\/100\n|-ability|p2a: Zapdos|Pressure\n|\n|-weather|RainDance|[upkeep]\n|upkeep\n|turn|59\n|\n|t:|1667138183\n|switch|p2a: Pelipper|Pelipper, M|42\/100 tox\n|move|p1a: Landorus|U-turn|p2a: Pelipper\n|-resisted|p2a: Pelipper\n|-damage|p2a: Pelipper|31\/100 tox\n|\n|t:|1667138185\n|switch|p1a: Umbreon|Umbreon, M|80\/100|[from]move: U-turn\n|\n|-weather|RainDance|[upkeep]\n|-heal|p1a: Umbreon|86\/100|[from] item: Leftovers\n|-damage|p2a: Pelipper|25\/100 tox|[from] psn\n|upkeep\n|turn|60\n|\n|t:|1667138194\n|move|p1a: Umbreon|Foul Play|p2a: Pelipper\n|-damage|p2a: Pelipper|8\/100 tox\n|move|p2a: Pelipper|Roost|p2a: Pelipper\n|-heal|p2a: Pelipper|58\/100 tox\n|-singleturn|p2a: Pelipper|move: Roost\n|\n|-weather|none\n|-heal|p1a: Umbreon|92\/100|[from] item: Leftovers\n|-damage|p2a: Pelipper|46\/100 tox|[from] psn\n|upkeep\n|turn|61\n|\n|t:|1667138203\n|switch|p1a: Landorus|Landorus-Therian, M|91\/100\n|-ability|p1a: Landorus|Intimidate|boost\n|-unboost|p2a: Pelipper|atk|1\n|move|p2a: Pelipper|Roost|p2a: Pelipper\n|-heal|p2a: Pelipper|96\/100 tox\n|-singleturn|p2a: Pelipper|move: Roost\n|\n|-damage|p2a: Pelipper|77\/100 tox|[from] psn\n|upkeep\n|turn|62\n|\n|t:|1667138212\n|switch|p1a: Umbreon|Umbreon, M|92\/100\n|move|p2a: Pelipper|U-turn|p1a: Umbreon\n|-supereffective|p1a: Umbreon\n|-crit|p1a: Umbreon\n|-damage|p1a: Umbreon|75\/100\n|\n|t:|1667138217\n|switch|p2a: Landorus|Landorus-Therian, M|47\/100|[from]move: U-turn\n|-ability|p2a: Landorus|Intimidate|boost\n|-unboost|p1a: Umbreon|atk|1\n|\n|-heal|p1a: Umbreon|81\/100|[from] item: Leftovers\n|upkeep\n|turn|63\n|\n|t:|1667138224\n|switch|p1a: Landorus|Landorus-Therian, M|91\/100\n|-ability|p1a: Landorus|Intimidate|boost\n|-unboost|p2a: Landorus|atk|1\n|move|p2a: Landorus|U-turn|p1a: Landorus\n|-resisted|p1a: Landorus\n|-damage|p1a: Landorus|82\/100\n|\n|t:|1667138230\n|switch|p2a: Zapdos|Zapdos|89\/100|[from]move: U-turn\n|-ability|p2a: Zapdos|Pressure\n|\n|upkeep\n|turn|64\n|\n|t:|1667138235\n|switch|p2a: Pelipper|Pelipper, M|77\/100 tox\n|-weather|RainDance|[from] ability: Drizzle|[of] p2a: Pelipper\n|move|p1a: Landorus|Toxic|p2a: Pelipper\n|-fail|p2a: Pelipper|tox\n|\n|-weather|RainDance|[upkeep]\n|-damage|p2a: Pelipper|71\/100 tox|[from] psn\n|upkeep\n|turn|65\n|\n|t:|1667138243\n|move|p1a: Landorus|U-turn|p2a: Pelipper\n|-resisted|p2a: Pelipper\n|-damage|p2a: Pelipper|61\/100 tox\n|\n|t:|1667138245\n|switch|p1a: Umbreon|Umbreon, M|81\/100|[from]move: U-turn\n|move|p2a: Pelipper|U-turn|p1a: Umbreon\n|-supereffective|p1a: Umbreon\n|-damage|p1a: Umbreon|69\/100\n|\n|t:|1667138250\n|switch|p2a: Landorus|Landorus-Therian, M|47\/100|[from]move: U-turn\n|-ability|p2a: Landorus|Intimidate|boost\n|-unboost|p1a: Umbreon|atk|1\n|\n|-weather|RainDance|[upkeep]\n|-heal|p1a: Umbreon|75\/100|[from] item: Leftovers\n|upkeep\n|turn|66\n|\n|t:|1667138257\n|move|p1a: Umbreon|Protect|p1a: Umbreon\n|-singleturn|p1a: Umbreon|Protect\n|move|p2a: Landorus|U-turn|p1a: Umbreon\n|-activate|p1a: Umbreon|move: Protect\n|\n|-weather|RainDance|[upkeep]\n|-heal|p1a: Umbreon|81\/100|[from] item: Leftovers\n|upkeep\n|turn|67\n|\n|t:|1667138265\n|switch|p1a: Landorus|Landorus-Therian, M|82\/100\n|-ability|p1a: Landorus|Intimidate|boost\n|-unboost|p2a: Landorus|atk|1\n|move|p2a: Landorus|U-turn|p1a: Landorus\n|-resisted|p1a: Landorus\n|-damage|p1a: Landorus|73\/100\n|\n|t:|1667138271\n|switch|p2a: Pelipper|Pelipper, M|61\/100 tox|[from]move: U-turn\n|\n|-weather|RainDance|[upkeep]\n|-damage|p2a: Pelipper|55\/100 tox|[from] psn\n|upkeep\n|turn|68\n|\n|t:|1667138277\n|move|p1a: Landorus|U-turn|p2a: Pelipper\n|-resisted|p2a: Pelipper\n|-damage|p2a: Pelipper|45\/100 tox\n|\n|t:|1667138279\n|switch|p1a: Umbreon|Umbreon, M|81\/100|[from]move: U-turn\n|move|p2a: Pelipper|U-turn|p1a: Umbreon\n|-supereffective|p1a: Umbreon\n|-damage|p1a: Umbreon|71\/100\n|\n|t:|1667138286\n|switch|p2a: Landorus|Landorus-Therian, M|47\/100|[from]move: U-turn\n|-ability|p2a: Landorus|Intimidate|boost\n|-unboost|p1a: Umbreon|atk|1\n|\n|-weather|RainDance|[upkeep]\n|-heal|p1a: Umbreon|77\/100|[from] item: Leftovers\n|upkeep\n|turn|69\n|\n|t:|1667138293\n|move|p1a: Umbreon|Protect|p1a: Umbreon\n|-singleturn|p1a: Umbreon|Protect\n|move|p2a: Landorus|U-turn|p1a: Umbreon\n|-activate|p1a: Umbreon|move: Protect\n|\n|-weather|RainDance|[upkeep]\n|-heal|p1a: Umbreon|83\/100|[from] item: Leftovers\n|upkeep\n|turn|70\n|\n|t:|1667138300\n|switch|p1a: Landorus|Landorus-Therian, M|73\/100\n|-ability|p1a: Landorus|Intimidate|boost\n|-unboost|p2a: Landorus|atk|1\n|move|p2a: Landorus|U-turn|p1a: Landorus\n|-resisted|p1a: Landorus\n|-damage|p1a: Landorus|64\/100\n|\n|t:|1667138308\n|switch|p2a: Pelipper|Pelipper, M|45\/100 tox|[from]move: U-turn\n|\n|-weather|RainDance|[upkeep]\n|-damage|p2a: Pelipper|38\/100 tox|[from] psn\n|upkeep\n|turn|71\n|\n|t:|1667138313\n|move|p1a: Landorus|U-turn|p2a: Pelipper\n|-resisted|p2a: Pelipper\n|-damage|p2a: Pelipper|29\/100 tox\n|\n|t:|1667138315\n|switch|p1a: Umbreon|Umbreon, M|83\/100|[from]move: U-turn\n|move|p2a: Pelipper|Roost|p2a: Pelipper\n|-heal|p2a: Pelipper|79\/100 tox\n|-singleturn|p2a: Pelipper|move: Roost\n|\n|-weather|none\n|-heal|p1a: Umbreon|89\/100|[from] item: Leftovers\n|-damage|p2a: Pelipper|67\/100 tox|[from] psn\n|upkeep\n|turn|72\n|\n|t:|1667138326\n|switch|p2a: Zapdos|Zapdos|89\/100\n|-ability|p2a: Zapdos|Pressure\n|move|p1a: Umbreon|Wish|p1a: Umbreon\n|\n|-heal|p1a: Umbreon|95\/100|[from] item: Leftovers\n|upkeep\n|turn|73\n|\n|t:|1667138334\n|switch|p1a: Landorus|Landorus-Therian, M|64\/100\n|-ability|p1a: Landorus|Intimidate|boost\n|-unboost|p2a: Zapdos|atk|1\n|move|p2a: Zapdos|Heat Wave|p1a: Landorus\n|-damage|p1a: Landorus|43\/100\n|\n|-heal|p1a: Landorus|94\/100|[from] move: Wish|[wisher] Umbreon\n|upkeep\n|turn|74\n|\n|t:|1667138343\n|switch|p2a: Pelipper|Pelipper, M|67\/100 tox\n|-weather|RainDance|[from] ability: Drizzle|[of] p2a: Pelipper\n|move|p1a: Landorus|U-turn|p2a: Pelipper\n|-resisted|p2a: Pelipper\n|-damage|p2a: Pelipper|55\/100 tox\n|\n|t:|1667138345\n|switch|p1a: Umbreon|Umbreon, M|95\/100|[from]move: U-turn\n|\n|-weather|RainDance|[upkeep]\n|-heal|p1a: Umbreon|100\/100|[from] item: Leftovers\n|-damage|p2a: Pelipper|49\/100 tox|[from] psn\n|upkeep\n|turn|75\n|\n|t:|1667138355\n|switch|p1a: Landorus|Landorus-Therian, M|94\/100\n|-ability|p1a: Landorus|Intimidate|boost\n|-unboost|p2a: Pelipper|atk|1\n|move|p2a: Pelipper|Roost|p2a: Pelipper\n|-heal|p2a: Pelipper|99\/100 tox\n|-singleturn|p2a: Pelipper|move: Roost\n|\n|-weather|RainDance|[upkeep]\n|-damage|p2a: Pelipper|87\/100 tox|[from] psn\n|upkeep\n|turn|76\n|\n|t:|1667138365\n|move|p1a: Landorus|U-turn|p2a: Pelipper\n|-resisted|p2a: Pelipper\n|-damage|p2a: Pelipper|77\/100 tox\n|\n|t:|1667138374\n|switch|p1a: Umbreon|Umbreon, M|100\/100|[from]move: U-turn\n|move|p2a: Pelipper|Scald|p1a: Umbreon\n|-damage|p1a: Umbreon|75\/100\n|\n|-weather|RainDance|[upkeep]\n|-heal|p1a: Umbreon|81\/100|[from] item: Leftovers\n|-damage|p2a: Pelipper|59\/100 tox|[from] psn\n|upkeep\n|turn|77\n|\n|t:|1667138384\n|switch|p1a: Landorus|Landorus-Therian, M|94\/100\n|-ability|p1a: Landorus|Intimidate|boost\n|-unboost|p2a: Pelipper|atk|1\n|switch|p2a: Zapdos|Zapdos|89\/100\n|-ability|p2a: Zapdos|Pressure\n|\n|-weather|RainDance|[upkeep]\n|upkeep\n|turn|78\n|\n|t:|1667138393\n|switch|p2a: Pelipper|Pelipper, M|59\/100 tox\n|move|p1a: Landorus|U-turn|p2a: Pelipper\n|-resisted|p2a: Pelipper\n|-damage|p2a: Pelipper|49\/100 tox\n|\n|t:|1667138394\n|switch|p1a: Umbreon|Umbreon, M|81\/100|[from]move: U-turn\n|\n|-weather|RainDance|[upkeep]\n|-heal|p1a: Umbreon|87\/100|[from] item: Leftovers\n|-damage|p2a: Pelipper|43\/100 tox|[from] psn\n|upkeep\n|turn|79\n|\n|t:|1667138403\n|switch|p1a: Landorus|Landorus-Therian, M|94\/100\n|-ability|p1a: Landorus|Intimidate|boost\n|-unboost|p2a: Pelipper|atk|1\n|move|p2a: Pelipper|Roost|p2a: Pelipper\n|-heal|p2a: Pelipper|93\/100 tox\n|-singleturn|p2a: Pelipper|move: Roost\n|\n|-weather|RainDance|[upkeep]\n|-damage|p2a: Pelipper|81\/100 tox|[from] psn\n|upkeep\n|turn|80\n|\n|t:|1667138412\n|switch|p2a: Zapdos|Zapdos|89\/100\n|-ability|p2a: Zapdos|Pressure\n|move|p1a: Landorus|U-turn|p2a: Zapdos\n|-resisted|p2a: Zapdos\n|-damage|p2a: Zapdos|80\/100\n|\n|t:|1667138415\n|switch|p1a: Umbreon|Umbreon, M|87\/100|[from]move: U-turn\n|\n|-weather|RainDance|[upkeep]\n|-heal|p1a: Umbreon|93\/100|[from] item: Leftovers\n|upkeep\n|turn|81\n|\n|t:|1667138423\n|switch|p1a: Landorus|Landorus-Therian, M|94\/100\n|-ability|p1a: Landorus|Intimidate|boost\n|-unboost|p2a: Zapdos|atk|1\n|move|p2a: Zapdos|Thunderbolt|p1a: Landorus\n|-immune|p1a: Landorus\n|\n|-weather|none\n|upkeep\n|turn|82\n|\n|t:|1667138430\n|switch|p2a: Pelipper|Pelipper, M|81\/100 tox\n|-weather|RainDance|[from] ability: Drizzle|[of] p2a: Pelipper\n|move|p1a: Landorus|U-turn|p2a: Pelipper\n|-resisted|p2a: Pelipper\n|-damage|p2a: Pelipper|70\/100 tox\n|\n|t:|1667138432\n|switch|p1a: Umbreon|Umbreon, M|93\/100|[from]move: U-turn\n|\n|-weather|RainDance|[upkeep]\n|-heal|p1a: Umbreon|99\/100|[from] item: Leftovers\n|-damage|p2a: Pelipper|64\/100 tox|[from] psn\n|upkeep\n|turn|83\n|\n|t:|1667138441\n|move|p1a: Umbreon|Foul Play|p2a: Pelipper\n|-crit|p2a: Pelipper\n|-damage|p2a: Pelipper|38\/100 tox\n|move|p2a: Pelipper|U-turn|p1a: Umbreon\n|-supereffective|p1a: Umbreon\n|-damage|p1a: Umbreon|88\/100\n|\n|t:|1667138448\n|switch|p2a: Zapdos|Zapdos|80\/100|[from]move: U-turn\n|-ability|p2a: Zapdos|Pressure\n|\n|-weather|RainDance|[upkeep]\n|-heal|p1a: Umbreon|94\/100|[from] item: Leftovers\n|upkeep\n|turn|84\n|\n|t:|1667138457\n|switch|p2a: Pelipper|Pelipper, M|38\/100 tox\n|move|p1a: Umbreon|Foul Play|p2a: Pelipper\n|-damage|p2a: Pelipper|19\/100 tox\n|\n|-weather|RainDance|[upkeep]\n|-heal|p1a: Umbreon|99\/100|[from] item: Leftovers\n|-damage|p2a: Pelipper|13\/100 tox|[from] psn\n|upkeep\n|turn|85\n|\n|t:|1667138467\n|switch|p2a: Zapdos|Zapdos|80\/100\n|-ability|p2a: Zapdos|Pressure\n|move|p1a: Umbreon|Foul Play|p2a: Zapdos\n|-damage|p2a: Zapdos|63\/100\n|\n|-weather|RainDance|[upkeep]\n|-heal|p1a: Umbreon|100\/100|[from] item: Leftovers\n|upkeep\n|turn|86\n|\n|t:|1667138475\n|move|p1a: Umbreon|Protect|p1a: Umbreon\n|-singleturn|p1a: Umbreon|Protect\n|move|p2a: Zapdos|Thunderbolt|p1a: Umbreon\n|-activate|p1a: Umbreon|move: Protect\n|\n|-weather|RainDance|[upkeep]\n|upkeep\n|turn|87\n|\n|t:|1667138481\n|move|p2a: Zapdos|Thunderbolt|p1a: Umbreon\n|-damage|p1a: Umbreon|73\/100\n|move|p1a: Umbreon|Foul Play|p2a: Zapdos\n|-damage|p2a: Zapdos|46\/100\n|\n|-weather|RainDance|[upkeep]\n|-heal|p1a: Umbreon|79\/100|[from] item: Leftovers\n|upkeep\n|turn|88\n|\n|t:|1667138489\n|switch|p1a: Landorus|Landorus-Therian, M|94\/100\n|-ability|p1a: Landorus|Intimidate|boost\n|-unboost|p2a: Zapdos|atk|1\n|move|p2a: Zapdos|Roost|p2a: Zapdos\n|-heal|p2a: Zapdos|96\/100\n|-singleturn|p2a: Zapdos|move: Roost\n|\n|-weather|RainDance|[upkeep]\n|upkeep\n|turn|89\n|\n|t:|1667138497\n|switch|p2a: Pelipper|Pelipper, M|13\/100 tox\n|move|p1a: Landorus|Toxic|p2a: Pelipper|[miss]\n|-miss|p1a: Landorus|p2a: Pelipper\n|\n|-weather|none\n|-damage|p2a: Pelipper|7\/100 tox|[from] psn\n|upkeep\n|turn|90\n|\n|t:|1667138505\n|switch|p2a: Landorus|Landorus-Therian, M|47\/100\n|-ability|p2a: Landorus|Intimidate|boost\n|-unboost|p1a: Landorus|atk|1\n|move|p1a: Landorus|U-turn|p2a: Landorus\n|-resisted|p2a: Landorus\n|-damage|p2a: Landorus|38\/100\n|\n|t:|1667138508\n|switch|p1a: Umbreon|Umbreon, M|79\/100|[from]move: U-turn\n|\n|-heal|p1a: Umbreon|85\/100|[from] item: Leftovers\n|upkeep\n|turn|91\n|\n|t:|1667138515\n|move|p1a: Umbreon|Protect|p1a: Umbreon\n|-singleturn|p1a: Umbreon|Protect\n|move|p2a: Landorus|U-turn|p1a: Umbreon\n|-activate|p1a: Umbreon|move: Protect\n|\n|-heal|p1a: Umbreon|91\/100|[from] item: Leftovers\n|upkeep\n|turn|92\n|\n|t:|1667138524\n|switch|p1a: Landorus|Landorus-Therian, M|94\/100\n|-ability|p1a: Landorus|Intimidate|boost\n|-unboost|p2a: Landorus|atk|1\n|move|p2a: Landorus|U-turn|p1a: Landorus\n|-resisted|p1a: Landorus\n|-damage|p1a: Landorus|84\/100\n|\n|t:|1667138530\n|switch|p2a: Zapdos|Zapdos|96\/100|[from]move: U-turn\n|-ability|p2a: Zapdos|Pressure\n|\n|upkeep\n|turn|93\n|\n|t:|1667138536\n|switch|p2a: Pelipper|Pelipper, M|7\/100 tox\n|-weather|RainDance|[from] ability: Drizzle|[of] p2a: Pelipper\n|move|p1a: Landorus|Toxic|p2a: Pelipper\n|-fail|p2a: Pelipper|tox\n|\n|-weather|RainDance|[upkeep]\n|-damage|p2a: Pelipper|0 fnt|[from] psn\n|faint|p2a: Pelipper\n|upkeep\n|\n|t:|1667138555\n|switch|p2a: Zapdos|Zapdos|96\/100\n|-ability|p2a: Zapdos|Pressure\n|turn|94\n|\n|t:|1667138565\n|switch|p2a: Landorus|Landorus-Therian, M|38\/100\n|-ability|p2a: Landorus|Intimidate|boost\n|-unboost|p1a: Landorus|atk|1\n|move|p1a: Landorus|Toxic|p2a: Landorus\n|-status|p2a: Landorus|tox\n|\n|-weather|RainDance|[upkeep]\n|-damage|p2a: Landorus|32\/100 tox|[from] psn\n|upkeep\n|turn|95\n|\n|t:|1667138573\n|move|p2a: Landorus|U-turn|p1a: Landorus\n|-resisted|p1a: Landorus\n|-damage|p1a: Landorus|71\/100\n|\n|t:|1667138576\n|switch|p2a: Zapdos|Zapdos|96\/100|[from]move: U-turn\n|-ability|p2a: Zapdos|Pressure\n|move|p1a: Landorus|U-turn|p2a: Zapdos\n|-resisted|p2a: Zapdos\n|-damage|p2a: Zapdos|91\/100\n|\n|t:|1667138578\n|switch|p1a: Umbreon|Umbreon, M|91\/100|[from]move: U-turn\n|\n|-weather|RainDance|[upkeep]\n|-heal|p1a: Umbreon|97\/100|[from] item: Leftovers\n|upkeep\n|turn|96\n|\n|t:|1667138587\n|move|p2a: Zapdos|Thunderbolt|p1a: Umbreon\n|-damage|p1a: Umbreon|70\/100\n|move|p1a: Umbreon|Wish|p1a: Umbreon\n|\n|-weather|RainDance|[upkeep]\n|-heal|p1a: Umbreon|76\/100|[from] item: Leftovers\n|upkeep\n|turn|97\n|\n|t:|1667138592\n|switch|p1a: Landorus|Landorus-Therian, M|71\/100\n|-ability|p1a: Landorus|Intimidate|boost\n|-unboost|p2a: Zapdos|atk|1\n|move|p2a: Zapdos|Heat Wave|p1a: Landorus\n|-damage|p1a: Landorus|61\/100\n|\n|-weather|RainDance|[upkeep]\n|-heal|p1a: Landorus|100\/100|[from] move: Wish|[wisher] Umbreon\n|upkeep\n|turn|98\n|\n|t:|1667138601\n|switch|p2a: Landorus|Landorus-Therian, M|32\/100 tox\n|-ability|p2a: Landorus|Intimidate|boost\n|-unboost|p1a: Landorus|atk|1\n|move|p1a: Landorus|Toxic|p2a: Landorus\n|-fail|p2a: Landorus|tox\n|\n|-weather|RainDance|[upkeep]\n|-damage|p2a: Landorus|26\/100 tox|[from] psn\n|upkeep\n|turn|99\n|\n|t:|1667138611\n|move|p2a: Landorus|U-turn|p1a: Landorus\n|-resisted|p1a: Landorus\n|-damage|p1a: Landorus|87\/100\n|\n|t:|1667138614\n|switch|p2a: Zapdos|Zapdos|91\/100|[from]move: U-turn\n|-ability|p2a: Zapdos|Pressure\n|move|p1a: Landorus|Toxic|p2a: Zapdos\n|-status|p2a: Zapdos|tox\n|\n|-weather|RainDance|[upkeep]\n|-damage|p2a: Zapdos|85\/100 tox|[from] psn\n|upkeep\n|turn|100\n|\n|t:|1667138624\n|switch|p1a: Umbreon|Umbreon, M|76\/100\n|move|p2a: Zapdos|Heat Wave||[still]\n|-damage|p1a: Umbreon|68\/100\n|-status|p1a: Umbreon|brn\n|-activate|p1a: Umbreon|ability: Synchronize\n|-fail|p1a: Umbreon\n|\n|-weather|none\n|-heal|p1a: Umbreon|74\/100 brn|[from] item: Leftovers\n|-damage|p2a: Zapdos|72\/100 tox|[from] psn\n|-damage|p1a: Umbreon|68\/100 brn|[from] brn\n|upkeep\n|turn|101\n|\n|t:|1667138636\n|move|p2a: Zapdos|Thunderbolt|p1a: Umbreon\n|-damage|p1a: Umbreon|44\/100 brn\n|move|p1a: Umbreon|Heal Bell|p1a: Umbreon\n|-activate|p1a: Umbreon|move: Heal Bell\n|-curestatus|p1a: Umbreon|brn|[msg]\n|\n|-heal|p1a: Umbreon|50\/100|[from] item: Leftovers\n|-damage|p2a: Zapdos|54\/100 tox|[from] psn\n|upkeep\n|turn|102\n|\n|t:|1667138645\n|switch|p2a: Landorus|Landorus-Therian, M|26\/100 tox\n|-ability|p2a: Landorus|Intimidate|boost\n|-unboost|p1a: Umbreon|atk|1\n|move|p1a: Umbreon|Wish|p1a: Umbreon\n|\n|-heal|p1a: Umbreon|56\/100|[from] item: Leftovers\n|-damage|p2a: Landorus|20\/100 tox|[from] psn\n|upkeep\n|turn|103\n|\n|t:|1667138652\n|move|p1a: Umbreon|Protect|p1a: Umbreon\n|-singleturn|p1a: Umbreon|Protect\n|move|p2a: Landorus|U-turn|p1a: Umbreon\n|-activate|p1a: Umbreon|move: Protect\n|\n|-heal|p1a: Umbreon|100\/100|[from] move: Wish|[wisher] Umbreon\n|-damage|p2a: Landorus|8\/100 tox|[from] psn\n|upkeep\n|turn|104\n|-message|harambium forfeited.\n|\n|win|EEEEEvolto\n|raw|EEEEEvolto's rating: 1443 &rarr; <strong>1462<\/strong><br \/>(+19 for winning)\n|raw|harambium's rating: 1425 &rarr; <strong>1406<\/strong><br \/>(-19 for losing)\n|l|\u2606harambium\n|l|\u2606EEEEEvolto\n|j|\u2606EEEEEvolto\n|player|p1|EEEEEvolto|169\n||Ladder isn't responding, score probably updated but might not have (Request timeout).\n","uploadtime":1667138698,"views":5,"p1id":"eeeeevolto","p2id":"harambium","formatid":"gen8ou","rating":1406,"private":0,"password":null}