{"id":"gen8anythinggoes-1675361189","p1":"yokobaby","p2":"aglt5gcIhateladder","format":"gen8anythinggoes","log":"|raw|<div class=\"broadcast-blue\"><strong>This battle is required to be public due to a player having a name starting with 'aglt5gc'.<\/div>\n|j|\u2606yokobaby\n|j|\u2606aglt5gcIhateladder\n|t:|1664668287\n|gametype|singles\n|player|p1|yokobaby|pokemonrangerf-gen4|1797\n|player|p2|aglt5gcIhateladder|swimmer|1720\n|teamsize|p1|6\n|teamsize|p2|6\n|gen|8\n|tier|[Gen 8] Anything Goes\n|rated|\n|rule|HP Percentage Mod: HP is shown in percentages\n|rule|Endless Battle Clause: Forcing endless battles is banned\n|clearpoke\n|poke|p1|Kyogre|\n|poke|p1|Ho-Oh|\n|poke|p1|Landorus-Therian, M|\n|poke|p1|Blissey, F|\n|poke|p1|Yveltal|\n|poke|p1|Necrozma-Dusk-Mane|\n|poke|p2|Landorus-Therian, M|\n|poke|p2|Slurpuff, F|\n|poke|p2|Yveltal|\n|poke|p2|Calyrex-Shadow|\n|poke|p2|Kyogre|\n|poke|p2|Butterfree, F|\n|teampreview\n|\n|t:|1664668310\n|start\n|switch|p1a: Yveltal|Yveltal|100\/100\n|switch|p2a: Slurpuff|Slurpuff, F|100\/100\n|-ability|p1a: Yveltal|Dark Aura\n|turn|1\n|\n|t:|1664668316\n|move|p1a: Yveltal|U-turn|p2a: Slurpuff\n|-resisted|p2a: Slurpuff\n|-damage|p2a: Slurpuff|84\/100\n|inactive|Battle timer is ON: inactive players will automatically lose when time's up. (requested by yokobaby)\n|\n|t:|1664668321\n|switch|p1a: Ho-Oh|Ho-Oh|100\/100|[from]move: U-turn\n|move|p2a: Slurpuff|Sticky Web|p1a: Ho-Oh\n|-sidestart|p1: yokobaby|move: Sticky Web\n|\n|upkeep\n|turn|2\n|\n|t:|1664668328\n|move|p2a: Slurpuff|Yawn|p1a: Ho-Oh\n|-start|p1a: Ho-Oh|move: Yawn|[of] p2a: Slurpuff\n|move|p1a: Ho-Oh|Defog|p2a: Slurpuff\n|-unboost|p2a: Slurpuff|evasion|1\n|-sideend|p1: yokobaby|Sticky Web|[from] move: Defog|[of] p1a: Ho-Oh\n|\n|upkeep\n|turn|3\n|\n|t:|1664668338\n|switch|p1a: Yveltal|Yveltal|100\/100\n|-ability|p1a: Yveltal|Dark Aura\n|move|p2a: Slurpuff|Sticky Web|p1a: Yveltal\n|-sidestart|p1: yokobaby|move: Sticky Web\n|\n|upkeep\n|turn|4\n|\n|t:|1664668348\n|move|p1a: Yveltal|U-turn|p2a: Slurpuff\n|-resisted|p2a: Slurpuff\n|-damage|p2a: Slurpuff|67\/100\n|\n|t:|1664668352\n|switch|p1a: Ho-Oh|Ho-Oh|100\/100|[from]move: U-turn\n|move|p2a: Slurpuff|Yawn|p1a: Ho-Oh\n|-start|p1a: Ho-Oh|move: Yawn|[of] p2a: Slurpuff\n|\n|upkeep\n|turn|5\n|\n|t:|1664668361\n|move|p2a: Slurpuff|Yawn||[still]\n|-fail|p2a: Slurpuff\n|move|p1a: Ho-Oh|Defog|p2a: Slurpuff\n|-unboost|p2a: Slurpuff|evasion|1\n|-sideend|p1: yokobaby|Sticky Web|[from] move: Defog|[of] p1a: Ho-Oh\n|\n|-end|p1a: Ho-Oh|move: Yawn|[silent]\n|-status|p1a: Ho-Oh|slp\n|upkeep\n|turn|6\n|\n|t:|1664668365\n|move|p2a: Slurpuff|Sticky Web|p1a: Ho-Oh\n|-sidestart|p1: yokobaby|move: Sticky Web\n|cant|p1a: Ho-Oh|slp\n|\n|upkeep\n|turn|7\n|\n|t:|1664668368\n|move|p2a: Slurpuff|Misty Explosion|p1a: Ho-Oh\n|-resisted|p1a: Ho-Oh\n|-damage|p1a: Ho-Oh|89\/100 slp\n|faint|p2a: Slurpuff\n|cant|p1a: Ho-Oh|slp\n|\n|upkeep\n|\n|t:|1664668377\n|switch|p2a: Kyogre|Kyogre|100\/100\n|-weather|RainDance|[from] ability: Drizzle|[of] p2a: Kyogre\n|turn|8\n|\n|t:|1664668381\n|switch|p1a: Blissey|Blissey, F|100\/100\n|-activate|p1a: Blissey|move: Sticky Web\n|-unboost|p1a: Blissey|spe|1\n|move|p2a: Kyogre|Water Spout|p1a: Blissey\n|-damage|p1a: Blissey|59\/100\n|\n|-weather|RainDance|[upkeep]\n|upkeep\n|turn|9\n|\n|t:|1664668388\n|switch|p2a: Landorus|Landorus-Therian, M|100\/100\n|-ability|p2a: Landorus|Intimidate|boost\n|-unboost|p1a: Blissey|atk|1\n|move|p1a: Blissey|Soft-Boiled|p1a: Blissey\n|-heal|p1a: Blissey|100\/100\n|\n|-weather|RainDance|[upkeep]\n|upkeep\n|turn|10\n|\n|t:|1664668391\n|switch|p1a: Landorus|Landorus-Therian, M|100\/100\n|-ability|p1a: Landorus|Intimidate|boost\n|-unboost|p2a: Landorus|atk|1\n|move|p2a: Landorus|Stealth Rock|p1a: Landorus\n|-sidestart|p1: yokobaby|move: Stealth Rock\n|\n|-weather|RainDance|[upkeep]\n|upkeep\n|turn|11\n|\n|t:|1664668393\n|move|p2a: Landorus|Explosion|p1a: Landorus\n|-damage|p1a: Landorus|60\/100\n|faint|p2a: Landorus\n|move|p1a: Landorus|Stealth Rock|p2: Landorus\n|-sidestart|p2: aglt5gcIhateladder|move: Stealth Rock\n|\n|-weather|RainDance|[upkeep]\n|-heal|p1a: Landorus|66\/100|[from] item: Leftovers\n|upkeep\n|\n|t:|1664668401\n|switch|p2a: Calyrex|Calyrex-Shadow|100\/100\n|-ability|p2a: Calyrex|As One\n|-ability|p2a: Calyrex|Unnerve\n|-damage|p2a: Calyrex|88\/100|[from] Stealth Rock\n|turn|12\n|\n|t:|1664668411\n|move|p2a: Calyrex|Nasty Plot|p2a: Calyrex\n|-boost|p2a: Calyrex|spa|2\n|move|p1a: Landorus|Earthquake|p2a: Calyrex\n|-damage|p2a: Calyrex|35\/100\n|\n|-weather|none\n|-heal|p1a: Landorus|72\/100|[from] item: Leftovers\n|upkeep\n|turn|13\n|\n|t:|1664668417\n|move|p2a: Calyrex|Astral Barrage|p1a: Landorus\n|-damage|p1a: Landorus|0 fnt\n|faint|p1a: Landorus\n|-ability|p2a: Calyrex|Grim Neigh|boost\n|-boost|p2a: Calyrex|spa|1\n|\n|upkeep\n|\n|t:|1664668419\n|switch|p1a: Yveltal|Yveltal|100\/100\n|-damage|p1a: Yveltal|76\/100|[from] Stealth Rock\n|-ability|p1a: Yveltal|Dark Aura\n|turn|14\n|\n|t:|1664668428\n|move|p1a: Yveltal|Knock Off|p2a: Calyrex\n|-supereffective|p2a: Calyrex\n|-damage|p2a: Calyrex|0 fnt\n|-enditem|p2a: Calyrex|Focus Sash|[from] move: Knock Off|[of] p1a: Yveltal\n|faint|p2a: Calyrex\n|\n|upkeep\n|\n|t:|1664668435\n|switch|p2a: Yveltal|Yveltal|100\/100\n|-damage|p2a: Yveltal|76\/100|[from] Stealth Rock\n|-ability|p2a: Yveltal|Dark Aura\n|turn|15\n|\n|t:|1664668449\n|switch|p1a: Ho-Oh|Ho-Oh|100\/100 slp\n|-start|p2a: Yveltal|Dynamax|\n|-heal|p2a: Yveltal|76\/100|[silent]\n|move|p2a: Yveltal|Max Airstream|p1a: Ho-Oh\n|-damage|p1a: Ho-Oh|50\/100 slp\n|-boost|p2a: Yveltal|spe|1\n|-damage|p2a: Yveltal|71\/100|[from] item: Life Orb\n|\n|upkeep\n|turn|16\n|\n|t:|1664668452\n|move|p2a: Yveltal|Max Darkness|p1a: Ho-Oh\n|-damage|p1a: Ho-Oh|0 fnt\n|faint|p1a: Ho-Oh\n|-damage|p2a: Yveltal|66\/100|[from] item: Life Orb\n|\n|upkeep\n|\n|t:|1664668461\n|switch|p1a: Kyogre|Kyogre|100\/100\n|-activate|p1a: Kyogre|move: Sticky Web\n|-unboost|p1a: Kyogre|spe|1\n|-damage|p1a: Kyogre|88\/100|[from] Stealth Rock\n|-weather|RainDance|[from] ability: Drizzle|[of] p1a: Kyogre\n|turn|17\n|\n|t:|1664668467\n|-start|p1a: Kyogre|Dynamax|\n|-heal|p1a: Kyogre|88\/100|[silent]\n|move|p1a: Kyogre|Max Guard|p1a: Kyogre\n|-singleturn|p1a: Kyogre|Max Guard\n|move|p2a: Yveltal|Max Darkness|p1a: Kyogre\n|-activate|p1a: Kyogre|move: Max Guard\n|\n|-weather|RainDance|[upkeep]\n|upkeep\n|-end|p2a: Yveltal|Dynamax\n|-heal|p2a: Yveltal|66\/100|[silent]\n|turn|18\n|\n|t:|1664668470\n|move|p2a: Yveltal|Dark Pulse|p1a: Kyogre\n|-damage|p1a: Kyogre|63\/100\n|-damage|p2a: Yveltal|56\/100|[from] item: Life Orb\n|move|p1a: Kyogre|Max Hailstorm|p2a: Yveltal\n|-supereffective|p2a: Yveltal\n|-damage|p2a: Yveltal|0 fnt\n|-weather|Hail\n|faint|p2a: Yveltal\n|\n|-weather|Hail|[upkeep]\n|-damage|p1a: Kyogre|60\/100|[from] Hail\n|upkeep\n|\n|t:|1664668473\n|switch|p2a: Butterfree|Butterfree, F|100\/100\n|-damage|p2a: Butterfree|51\/100|[from] Stealth Rock\n|turn|19\n|\n|t:|1664668479\n|move|p2a: Butterfree|Sleep Powder|p1a: Kyogre|[miss]\n|-miss|p2a: Butterfree|p1a: Kyogre\n|move|p1a: Kyogre|Max Hailstorm|p2a: Butterfree\n|-supereffective|p2a: Butterfree\n|-damage|p2a: Butterfree|0 fnt\n|faint|p2a: Butterfree\n|\n|-weather|Hail|[upkeep]\n|-damage|p1a: Kyogre|57\/100|[from] Hail\n|upkeep\n|c|\u2606aglt5gcIhateladder|I quit\n|c|\u2606aglt5gcIhateladder|gg\n|\n|t:|1664668489\n|switch|p2a: Kyogre|Kyogre|100\/100\n|-damage|p2a: Kyogre|88\/100|[from] Stealth Rock\n|-weather|RainDance|[from] ability: Drizzle|[of] p2a: Kyogre\n|-end|p1a: Kyogre|Dynamax\n|-heal|p1a: Kyogre|57\/100|[silent]\n|turn|20\n|c|\u2606yokobaby|gg\n|\n|t:|1664668497\n|move|p2a: Kyogre|Water Spout|p1a: Kyogre\n|-resisted|p1a: Kyogre\n|-damage|p1a: Kyogre|0 fnt\n|faint|p1a: Kyogre\n|\n|-weather|RainDance|[upkeep]\n|upkeep\n|\n|t:|1664668502\n|switch|p1a: Yveltal|Yveltal|76\/100\n|-damage|p1a: Yveltal|51\/100|[from] Stealth Rock\n|-ability|p1a: Yveltal|Dark Aura\n|turn|21\n|\n|t:|1664668508\n|move|p1a: Yveltal|Foul Play|p2a: Kyogre\n|-damage|p2a: Kyogre|43\/100\n|move|p2a: Kyogre|Water Spout|p1a: Yveltal\n|-damage|p1a: Yveltal|0 fnt\n|faint|p1a: Yveltal\n|\n|-weather|RainDance|[upkeep]\n|upkeep\n|\n|t:|1664668511\n|switch|p1a: Blissey|Blissey, F|100\/100\n|-activate|p1a: Blissey|move: Sticky Web\n|-unboost|p1a: Blissey|spe|1\n|-damage|p1a: Blissey|88\/100|[from] Stealth Rock\n|turn|22\n|\n|t:|1664668514\n|move|p2a: Kyogre|Water Spout|p1a: Blissey\n|-damage|p1a: Blissey|72\/100\n|move|p1a: Blissey|Soft-Boiled|p1a: Blissey\n|-heal|p1a: Blissey|100\/100\n|\n|-weather|RainDance|[upkeep]\n|upkeep\n|turn|23\n|-message|aglt5gcIhateladder forfeited.\n|\n|win|yokobaby\n|raw|yokobaby's rating: 1797 &rarr; <strong>1813<\/strong><br \/>(+16 for winning)\n|raw|aglt5gcIhateladder's rating: 1720 &rarr; <strong>1704<\/strong><br \/>(-16 for losing)\n|l|\u2606aglt5gcIhateladder\n||Ladder isn't responding, score probably updated but might not have (Request timeout).\n","uploadtime":1664668530,"views":8,"p1id":"yokobaby","p2id":"aglt5gcihateladder","formatid":"gen8anythinggoes","rating":1704,"private":0,"password":null}