{"id":"gen8nationaldex-1706967319","p1":"bananinha000","p2":"Metacott","format":"gen8nationaldex","log":"|j|\u2606bananinha000\n|j|\u2606Metacott\n|t:|1668037225\n|gametype|singles\n|player|p1|bananinha000|nate|1241\n|player|p2|Metacott|266|1183\n|teamsize|p1|6\n|teamsize|p2|6\n|gen|8\n|tier|[Gen 8] National Dex\n|rated|\n|rule|HP Percentage Mod: HP is shown in percentages\n|rule|Endless Battle Clause: Forcing endless battles is banned\n|rule|OHKO Clause: OHKO moves are banned\n|rule|Evasion Moves Clause: Evasion moves are banned\n|rule|Species Clause: Limit one of each Pok\u00e9mon\n|rule|Dynamax Clause: You cannot dynamax\n|rule|Sleep Clause Mod: Limit one foe put to sleep\n|clearpoke\n|poke|p1|Zoroark, M|\n|poke|p1|Chandelure, M|\n|poke|p1|Galvantula, M|\n|poke|p1|Haxorus, M|\n|poke|p1|Mienshao, M|\n|poke|p1|Excadrill, M|\n|poke|p2|Lopunny, M|\n|poke|p2|Whimsicott, M|\n|poke|p2|Weavile, M|\n|poke|p2|Victini|\n|poke|p2|Rotom-Wash|\n|poke|p2|Blissey, F|\n|teampreview\n|inactive|Battle timer is ON: inactive players will automatically lose when time's up. (requested by Metacott)\n|\n|t:|1668037247\n|start\n|switch|p1a: Excadrill|Excadrill, M|100\/100\n|switch|p2a: Rotom|Rotom-Wash|100\/100\n|-ability|p1a: Excadrill|Mold Breaker\n|turn|1\n|\n|t:|1668037257\n|switch|p1a: Haxorus|Haxorus, M, shiny|100\/100\n|-ability|p1a: Haxorus|Mold Breaker\n|move|p2a: Rotom|Hydro Pump|p1a: Haxorus|[miss]\n|-miss|p2a: Rotom|p1a: Haxorus\n|\n|upkeep\n|turn|2\n|\n|t:|1668037264\n|move|p1a: Haxorus|Dragon Dance|p1a: Haxorus\n|-boost|p1a: Haxorus|atk|1\n|-boost|p1a: Haxorus|spe|1\n|move|p2a: Rotom|Will-O-Wisp|p1a: Haxorus\n|-status|p1a: Haxorus|brn\n|-enditem|p1a: Haxorus|Lum Berry|[eat]\n|-curestatus|p1a: Haxorus|brn|[msg]\n|\n|upkeep\n|turn|3\n|\n|t:|1668037273\n|switch|p1a: Galvantula|Galvantula, M, shiny|100\/100\n|move|p2a: Rotom|Will-O-Wisp|p1a: Galvantula\n|-status|p1a: Galvantula|brn\n|\n|-damage|p1a: Galvantula|94\/100 brn|[from] brn\n|upkeep\n|turn|4\n|\n|t:|1668037285\n|move|p1a: Galvantula|Sticky Web|p2a: Rotom\n|-sidestart|p2: Metacott|move: Sticky Web\n|move|p2a: Rotom|Volt Switch|p1a: Galvantula\n|-resisted|p1a: Galvantula\n|-damage|p1a: Galvantula|71\/100 brn\n|\n|t:|1668037289\n|switch|p2a: Whimsicott|Whimsicott, M|100\/100|[from]move: Volt Switch\n|-activate|p2a: Whimsicott|move: Sticky Web\n|-unboost|p2a: Whimsicott|spe|1\n|\n|-damage|p1a: Galvantula|65\/100 brn|[from] brn\n|upkeep\n|turn|5\n|\n|t:|1668037293\n|move|p2a: Whimsicott|Defog|p1a: Galvantula\n|-unboost|p1a: Galvantula|evasion|1\n|-sideend|p2: Metacott|Sticky Web|[from] move: Defog|[of] p2a: Whimsicott\n|move|p1a: Galvantula|Thunder Wave|p2a: Whimsicott\n|-status|p2a: Whimsicott|par\n|\n|-damage|p1a: Galvantula|59\/100 brn|[from] brn\n|upkeep\n|turn|6\n|\n|t:|1668037309\n|switch|p2a: Victini|Victini|100\/100\n|move|p1a: Galvantula|Sticky Web|p2a: Victini\n|-sidestart|p2: Metacott|move: Sticky Web\n|\n|-damage|p1a: Galvantula|53\/100 brn|[from] brn\n|upkeep\n|turn|7\n|\n|t:|1668037315\n|move|p2a: Victini|V-create|p1a: Galvantula\n|-supereffective|p1a: Galvantula\n|-damage|p1a: Galvantula|0 fnt\n|-unboost|p2a: Victini|spe|1\n|-unboost|p2a: Victini|def|1\n|-unboost|p2a: Victini|spd|1\n|faint|p1a: Galvantula\n|\n|upkeep\n|\n|t:|1668037321\n|switch|p1a: Haxorus|Haxorus, M, shiny|100\/100\n|-ability|p1a: Haxorus|Mold Breaker\n|turn|8\n|\n|t:|1668037329\n|switch|p2a: Rotom|Rotom-Wash|100\/100\n|move|p1a: Haxorus|Dragon Dance|p1a: Haxorus\n|-boost|p1a: Haxorus|atk|1\n|-boost|p1a: Haxorus|spe|1\n|\n|upkeep\n|turn|9\n|\n|t:|1668037334\n|move|p1a: Haxorus|Dragon Dance|p1a: Haxorus\n|-boost|p1a: Haxorus|atk|1\n|-boost|p1a: Haxorus|spe|1\n|move|p2a: Rotom|Will-O-Wisp|p1a: Haxorus\n|-status|p1a: Haxorus|brn\n|\n|-damage|p1a: Haxorus|94\/100 brn|[from] brn\n|upkeep\n|turn|10\n|-message|bananinha000 forfeited.\n|\n|win|Metacott\n|raw|bananinha000's rating: 1241 &rarr; <strong>1212<\/strong><br \/>(-29 for losing)\n|raw|Metacott's rating: 1183 &rarr; <strong>1212<\/strong><br \/>(+29 for winning)\n|l|\u2606bananinha000\n","uploadtime":1668037348,"views":4,"p1id":"bananinha000","p2id":"metacott","formatid":"gen8nationaldex","rating":1212,"private":0,"password":null}