{"id":"gen8oublitz-1354573442","p1":"PokeFunmakers YT","p2":"kazt 5","format":"gen8oublitz","log":"|inactive|Battle timer is ON: inactive players will automatically lose when time's up.\n|j|\u2606PokeFunmakers YT\n|j|\u2606kazt 5\n|t:|1623062754\n|gametype|singles\n|player|p1|PokeFunmakers YT|az|\n|player|p2|kazt 5|dawn|\n|teamsize|p1|6\n|teamsize|p2|6\n|gen|8\n|tier|[Gen 8] OU (Blitz)\n|rated|Tournament battle\n|rule|Sleep Clause Mod: Limit one foe put to sleep\n|rule|Species Clause: Limit one of each Pok\u00e9mon\n|rule|OHKO Clause: OHKO moves are banned\n|rule|Evasion Moves Clause: Evasion moves are banned\n|rule|Endless Battle Clause: Forcing endless battles is banned\n|rule|HP Percentage Mod: HP is shown in percentages\n|rule|Dynamax Clause: You cannot dynamax\n|rule|Blitz: Super-fast timer\n|clearpoke\n|poke|p1|Tapu Koko|\n|poke|p1|Hawlucha, M|\n|poke|p1|Mew|\n|poke|p1|Kommo-o, M|\n|poke|p1|Aegislash, F|\n|poke|p1|Victini|\n|poke|p2|Heracross, M|\n|poke|p2|Zeraora|\n|poke|p2|Garchomp, F|\n|poke|p2|Clefable, F|\n|poke|p2|Tangrowth, F|\n|poke|p2|Corviknight, F|\n|teampreview\n|inactive|kazt 5 has 30 seconds left.\n|\n|t:|1623062765\n|start\n|switch|p1a: Mew|Mew|100\/100\n|switch|p2a: Garchomp|Garchomp, F|100\/100\n|turn|1\n|\n|t:|1623062769\n|switch|p2a: Clefable|Clefable, F|100\/100\n|move|p1a: Mew|Ice Beam|p2a: Clefable\n|-damage|p2a: Clefable|86\/100\n|-status|p2a: Clefable|frz\n|\n|upkeep\n|turn|2\n|\n|t:|1623062774\n|move|p1a: Mew|Stealth Rock|p2a: Clefable\n|-sidestart|p2: kazt 5|move: Stealth Rock\n|cant|p2a: Clefable|frz\n|\n|upkeep\n|turn|3\n|\n|t:|1623062776\n|move|p1a: Mew|Taunt|p2a: Clefable\n|-start|p2a: Clefable|move: Taunt\n|cant|p2a: Clefable|frz\n|\n|upkeep\n|turn|4\n|\n|t:|1623062779\n|move|p1a: Mew|Spikes|p2a: Clefable\n|-sidestart|p2: kazt 5|Spikes\n|-curestatus|p2a: Clefable|frz|[msg]\n|move|p2a: Clefable|Moonblast|p1a: Mew\n|-damage|p1a: Mew|72\/100\n|\n|upkeep\n|turn|5\n|\n|t:|1623062783\n|move|p1a: Mew|Spikes|p2a: Clefable\n|-sidestart|p2: kazt 5|Spikes\n|move|p2a: Clefable|Moonblast|p1a: Mew\n|-crit|p1a: Mew\n|-damage|p1a: Mew|32\/100\n|-unboost|p1a: Mew|spa|1\n|\n|-end|p2a: Clefable|move: Taunt\n|upkeep\n|turn|6\n|\n|t:|1623062787\n|move|p1a: Mew|Taunt|p2a: Clefable\n|-start|p2a: Clefable|move: Taunt\n|move|p2a: Clefable|Moonblast|p1a: Mew\n|-damage|p1a: Mew|3\/100\n|\n|upkeep\n|turn|7\n|\n|t:|1623062791\n|move|p1a: Mew|Ice Beam|p2a: Clefable\n|-damage|p2a: Clefable|75\/100\n|-status|p2a: Clefable|frz\n|-curestatus|p2a: Clefable|frz|[msg]\n|move|p2a: Clefable|Moonblast|p1a: Mew\n|-damage|p1a: Mew|0 fnt\n|faint|p1a: Mew\n|\n|upkeep\n|inactive|PokeFunmakers YT has 10 seconds left.\n|\n|t:|1623062798\n|switch|p1a: Tapu Koko|Tapu Koko|100\/100\n|-fieldstart|move: Electric Terrain|[from] ability: Electric Surge|[of] p1a: Tapu Koko\n|turn|8\n|\n|t:|1623062802\n|move|p1a: Tapu Koko|Light Screen|p1a: Tapu Koko\n|-sidestart|p1: PokeFunmakers YT|move: Light Screen\n|move|p2a: Clefable|Moonblast|p1a: Tapu Koko\n|-damage|p1a: Tapu Koko|82\/100\n|-unboost|p1a: Tapu Koko|spa|1\n|\n|-end|p2a: Clefable|move: Taunt\n|upkeep\n|turn|9\n|\n|t:|1623062806\n|move|p1a: Tapu Koko|Taunt|p2a: Clefable\n|-start|p2a: Clefable|move: Taunt\n|cant|p2a: Clefable|move: Taunt|Stealth Rock\n|\n|upkeep\n|turn|10\n|\n|t:|1623062809\n|move|p1a: Tapu Koko|Reflect|p1a: Tapu Koko\n|-sidestart|p1: PokeFunmakers YT|Reflect\n|move|p2a: Clefable|Moonblast|p1a: Tapu Koko\n|-damage|p1a: Tapu Koko|62\/100\n|\n|upkeep\n|turn|11\n|\n|t:|1623062812\n|move|p1a: Tapu Koko|U-turn|p2a: Clefable\n|-resisted|p2a: Clefable\n|-damage|p2a: Clefable|64\/100\n|\n|t:|1623062814\n|switch|p1a: Victini|Victini|100\/100|[from]move: U-turn\n|move|p2a: Clefable|Moonblast|p1a: Victini\n|-resisted|p1a: Victini\n|-damage|p1a: Victini|93\/100\n|\n|-end|p2a: Clefable|move: Taunt\n|upkeep\n|turn|12\n|\n|t:|1623062819\n|switch|p2a: Garchomp|Garchomp, F|100\/100\n|-damage|p2a: Garchomp|94\/100|[from] Stealth Rock\n|-damage|p2a: Garchomp|78\/100|[from] Spikes\n|move|p1a: Victini|Flame Charge|p2a: Garchomp\n|-resisted|p2a: Garchomp\n|-damage|p2a: Garchomp|70\/100\n|-boost|p1a: Victini|spe|1\n|-damage|p1a: Victini|81\/100|[from] ability: Rough Skin|[of] p2a: Garchomp\n|\n|-fieldend|move: Electric Terrain\n|upkeep\n|turn|13\n|inactive|PokeFunmakers YT has 10 seconds left.\n|\n|t:|1623062824\n|move|p1a: Victini|Psyshock|p2a: Garchomp\n|-damage|p2a: Garchomp|37\/100\n|move|p2a: Garchomp|Earthquake|p1a: Victini\n|-supereffective|p1a: Victini\n|-damage|p1a: Victini|20\/100\n|-enditem|p1a: Victini|Weakness Policy\n|-boost|p1a: Victini|atk|2|[from] item: Weakness Policy\n|-boost|p1a: Victini|spa|2|[from] item: Weakness Policy\n|-damage|p2a: Garchomp|27\/100|[from] item: Life Orb\n|\n|upkeep\n|turn|14\n|\n|t:|1623062829\n|move|p1a: Victini|Psyshock|p2a: Garchomp\n|-damage|p2a: Garchomp|0 fnt\n|faint|p2a: Garchomp\n|\n|upkeep\n|inactive|kazt 5 has 10 seconds left.\n|\n|t:|1623062836\n|switch|p2a: Clefable|Clefable, F|64\/100\n|turn|15\n|\n|t:|1623062838\n|move|p1a: Victini|Psyshock|p2a: Clefable\n|-damage|p2a: Clefable|0 fnt\n|faint|p2a: Clefable\n|\n|-sideend|p1: PokeFunmakers YT|move: Light Screen\n|upkeep\n|\n|t:|1623062841\n|switch|p2a: Zeraora|Zeraora|100\/100\n|turn|16\n|\n|t:|1623062845\n|move|p1a: Victini|Fire Blast|p2a: Zeraora\n|-damage|p2a: Zeraora|0 fnt\n|faint|p2a: Zeraora\n|\n|upkeep\n|\n|t:|1623062848\n|switch|p2a: Corviknight|Corviknight, F|100\/100\n|-damage|p2a: Corviknight|88\/100|[from] Stealth Rock\n|-ability|p2a: Corviknight|Pressure\n|turn|17\n|\n|t:|1623062851\n|move|p1a: Victini|Fire Blast|p2a: Corviknight|[miss]\n|-miss|p1a: Victini|p2a: Corviknight\n|move|p2a: Corviknight|Defog|p1a: Victini\n|-unboost|p1a: Victini|evasion|1\n|-sideend|p1: PokeFunmakers YT|Reflect\n|-sideend|p2: kazt 5|Spikes|[from] move: Defog|[of] p2a: Corviknight\n|-sideend|p2: kazt 5|Stealth Rock|[from] move: Defog|[of] p2a: Corviknight\n|\n|-heal|p2a: Corviknight|94\/100|[from] item: Leftovers\n|upkeep\n|turn|18\n|inactive|kazt 5 has 10 seconds left.\n|\n|t:|1623062856\n|move|p1a: Victini|Fire Blast|p2a: Corviknight\n|-supereffective|p2a: Corviknight\n|-damage|p2a: Corviknight|0 fnt\n|faint|p2a: Corviknight\n|\n|upkeep\n|\n|t:|1623062858\n|switch|p2a: Tangrowth|Tangrowth, F|100\/100\n|turn|19\n|c|\u2606PokeFunmakers YT|gg\n|\n|t:|1623062862\n|move|p1a: Victini|Fire Blast|p2a: Tangrowth\n|-supereffective|p2a: Tangrowth\n|-damage|p2a: Tangrowth|0 fnt\n|faint|p2a: Tangrowth\n|\n|upkeep\n|\n|t:|1623062864\n|switch|p2a: Heracross|Heracross, M|100\/100\n|turn|20\n|\n|t:|1623062866\n|move|p1a: Victini|Psyshock|p2a: Heracross\n|-supereffective|p2a: Heracross\n|-damage|p2a: Heracross|0 fnt\n|faint|p2a: Heracross\n|\n|win|PokeFunmakers YT\n|n|\u2606PokeFunmakers YT|pokefunmakersyt\n|n|\u2606kazt 5|kazt5\n|c|\u2606kazt 5|gg\n|l|\u2606kazt 5\n","uploadtime":1623062879,"views":19,"p1id":"pokefunmakersyt","p2id":"kazt5","formatid":"gen8oublitz","rating":0,"private":0,"password":null}