{"id":"gen8doublesou-1706963082","p1":"Shadowmonstr7","p2":"Lemurro","format":"gen8doublesou","log":"|j|\u2606Shadowmonstr7\n|j|\u2606Lemurro\n|t:|1668036803\n|gametype|doubles\n|player|p1|Shadowmonstr7|#scl2gible|\n|player|p2|Lemurro|grimsley|\n|teamsize|p1|6\n|teamsize|p2|6\n|gen|8\n|tier|[Gen 8] Doubles OU\n|rated|Tournament battle\n|rule|Species Clause: Limit one of each Pok\u00e9mon\n|rule|OHKO Clause: OHKO moves are banned\n|rule|Evasion Moves Clause: Evasion moves are banned\n|rule|Gravity Sleep Clause: The combination of sleep-inducing moves with imperfect accuracy and Gravity or Gigantamax Orbeetle are banned\n|rule|Endless Battle Clause: Forcing endless battles is banned\n|rule|HP Percentage Mod: HP is shown in percentages\n|rule|Dynamax Clause: You cannot dynamax\n|rule|Swagger Clause: Swagger is banned\n|clearpoke\n|poke|p1|Genesect|\n|poke|p1|Nihilego|\n|poke|p1|Urshifu-*, F|\n|poke|p1|Rillaboom, F|\n|poke|p1|Naganadel|\n|poke|p1|Zeraora|\n|poke|p2|Incineroar, M|\n|poke|p2|Rillaboom, M|\n|poke|p2|Landorus, M|\n|poke|p2|Zeraora|\n|poke|p2|Tapu Fini|\n|poke|p2|Genesect|\n|teampreview\n|j| Xrn\n|c| Xrn|gl hf\n|\n|t:|1668036831\n|start\n|switch|p1a: Urshifu|Urshifu-Rapid-Strike, F|100\/100\n|switch|p1b: Zeraora|Zeraora|100\/100\n|switch|p2a: Zeraora|Zeraora|100\/100\n|switch|p2b: Genesect|Genesect, shiny|100\/100\n|-ability|p2b: Genesect|Download|boost\n|-boost|p2b: Genesect|spa|1\n|turn|1\n|c|\u2606Shadowmonstr7|hf\n|c|\u2606Lemurro|glhf\n|\n|t:|1668036861\n|switch|p2b: Rillaboom|Rillaboom, M|100\/100\n|-fieldstart|move: Grassy Terrain|[from] ability: Grassy Surge|[of] p2b: Rillaboom\n|switch|p1a: Rillaboom|Rillaboom, F|100\/100\n|move|p1b: Zeraora|Fake Out|p2b: Rillaboom\n|-damage|p2b: Rillaboom|89\/100\n|move|p2a: Zeraora|Knock Off|p1b: Zeraora\n|-crit|p1b: Zeraora\n|-damage|p1b: Zeraora|39\/100\n|-enditem|p1b: Zeraora|Sitrus Berry|[from] move: Knock Off|[of] p2a: Zeraora\n|\n|-heal|p1b: Zeraora|45\/100|[from] Grassy Terrain\n|-heal|p2b: Rillaboom|95\/100|[from] Grassy Terrain\n|upkeep\n|turn|2\n|\n|t:|1668036888\n|move|p1a: Rillaboom|Fake Out|p2b: Rillaboom\n|-damage|p2b: Rillaboom|83\/100\n|cant|p2b: Rillaboom|flinch\n|move|p1b: Zeraora|Coaching|p1a: Rillaboom\n|-boost|p1a: Rillaboom|atk|1\n|-boost|p1a: Rillaboom|def|1\n|move|p2a: Zeraora|Knock Off|p1a: Rillaboom\n|-damage|p1a: Rillaboom|80\/100\n|-enditem|p1a: Rillaboom|Assault Vest|[from] move: Knock Off|[of] p2a: Zeraora\n|\n|-heal|p1b: Zeraora|51\/100|[from] Grassy Terrain\n|-heal|p1a: Rillaboom|87\/100|[from] Grassy Terrain\n|-heal|p2b: Rillaboom|89\/100|[from] Grassy Terrain\n|upkeep\n|turn|3\n|\n|t:|1668036908\n|switch|p1b: Naganadel|Naganadel|100\/100\n|move|p2a: Zeraora|Knock Off|p1b: Naganadel\n|-damage|p1b: Naganadel|52\/100\n|-enditem|p1b: Naganadel|Life Orb|[from] move: Knock Off|[of] p2a: Zeraora\n|move|p1a: Rillaboom|High Horsepower|p2a: Zeraora\n|-supereffective|p2a: Zeraora\n|-damage|p2a: Zeraora|0 fnt\n|faint|p2a: Zeraora\n|move|p2b: Rillaboom|U-turn|p1a: Rillaboom\n|-supereffective|p1a: Rillaboom\n|-damage|p1a: Rillaboom|53\/100\n|\n|t:|1668036935\n|switch|p2b: Incineroar|Incineroar, M|100\/100|[from]move: U-turn\n|-ability|p2b: Incineroar|Intimidate|boost\n|-unboost|p1a: Rillaboom|atk|1\n|-unboost|p1b: Naganadel|atk|1\n|\n|-heal|p1b: Naganadel|58\/100|[from] Grassy Terrain\n|-heal|p1a: Rillaboom|59\/100|[from] Grassy Terrain\n|upkeep\n|\n|t:|1668036938\n|switch|p2a: Genesect|Genesect, shiny|100\/100\n|-ability|p2a: Genesect|Download|boost\n|-boost|p2a: Genesect|spa|1\n|turn|4\n|\n|t:|1668036984\n|move|p2b: Incineroar|Fake Out|p1b: Naganadel\n|-damage|p1b: Naganadel|40\/100\n|cant|p1b: Naganadel|flinch\n|move|p2a: Genesect|Shift Gear|p2a: Genesect\n|-boost|p2a: Genesect|spe|2\n|-boost|p2a: Genesect|atk|1\n|move|p1a: Rillaboom|High Horsepower|p2b: Incineroar\n|-supereffective|p2b: Incineroar\n|-damage|p2b: Incineroar|45\/100\n|\n|-heal|p1b: Naganadel|46\/100|[from] Grassy Terrain\n|-heal|p1a: Rillaboom|65\/100|[from] Grassy Terrain\n|-heal|p2b: Incineroar|51\/100|[from] Grassy Terrain\n|upkeep\n|turn|5\n|\n|t:|1668037022\n|switch|p2b: Rillaboom|Rillaboom, M|89\/100\n|move|p2a: Genesect|Iron Head|p1b: Naganadel\n|-damage|p1b: Naganadel|0 fnt\n|faint|p1b: Naganadel\n|-damage|p2a: Genesect|91\/100|[from] item: Life Orb\n|move|p1a: Rillaboom|U-turn|p2b: Rillaboom\n|-supereffective|p2b: Rillaboom\n|-damage|p2b: Rillaboom|47\/100\n|\n|t:|1668037041\n|switch|p1a: Zeraora|Zeraora|51\/100|[from]move: U-turn\n|\n|-heal|p2a: Genesect|97\/100|[from] Grassy Terrain\n|-heal|p1a: Zeraora|57\/100|[from] Grassy Terrain\n|-heal|p2b: Rillaboom|54\/100|[from] Grassy Terrain\n|-fieldend|move: Grassy Terrain\n|upkeep\n|\n|t:|1668037048\n|switch|p1b: Genesect|Genesect, shiny|100\/100\n|-ability|p1b: Genesect|Download|boost\n|-boost|p1b: Genesect|spa|1\n|turn|6\n|\n|t:|1668037058\n|switch|p2b: Incineroar|Incineroar, M|51\/100\n|-ability|p2b: Incineroar|Intimidate|boost\n|-unboost|p1a: Zeraora|atk|1\n|-unboost|p1b: Genesect|atk|1\n|move|p1a: Zeraora|Fake Out|p2a: Genesect\n|-resisted|p2a: Genesect\n|-damage|p2a: Genesect|92\/100\n|cant|p2a: Genesect|flinch\n|move|p1b: Genesect|Shift Gear|p1b: Genesect\n|-boost|p1b: Genesect|spe|2\n|-boost|p1b: Genesect|atk|1\n|\n|upkeep\n|turn|7\n|\n|t:|1668037075\n|move|p1b: Genesect|Protect|p1b: Genesect\n|-singleturn|p1b: Genesect|Protect\n|move|p2a: Genesect|Leech Life|p1a: Zeraora\n|-damage|p1a: Zeraora|0 fnt\n|-heal|p2a: Genesect|100\/100|[from] drain|[of] p1a: Zeraora\n|faint|p1a: Zeraora\n|-damage|p2a: Genesect|91\/100|[from] item: Life Orb\n|move|p2b: Incineroar|Flare Blitz|p1b: Genesect\n|-activate|p1b: Genesect|move: Protect\n|\n|upkeep\n|\n|t:|1668037092\n|switch|p1a: Urshifu|Urshifu-Rapid-Strike, F|100\/100\n|turn|8\n|\n|t:|1668037106\n|switch|p2b: Tapu Fini|Tapu Fini|100\/100\n|-fieldstart|move: Misty Terrain|[from] ability: Misty Surge|[of] p2b: Tapu Fini\n|move|p2a: Genesect|Shift Gear|p2a: Genesect\n|-boost|p2a: Genesect|spe|2\n|-boost|p2a: Genesect|atk|1\n|move|p1b: Genesect|Iron Head|p2a: Genesect\n|-resisted|p2a: Genesect\n|-damage|p2a: Genesect|57\/100\n|-damage|p1b: Genesect|91\/100|[from] item: Life Orb\n|move|p1a: Urshifu|Surging Strikes|p2b: Tapu Fini\n|-resisted|p2b: Tapu Fini\n|-crit|p2b: Tapu Fini\n|-damage|p2b: Tapu Fini|94\/100\n|-resisted|p2b: Tapu Fini\n|-crit|p2b: Tapu Fini\n|-damage|p2b: Tapu Fini|88\/100\n|-resisted|p2b: Tapu Fini\n|-crit|p2b: Tapu Fini\n|-damage|p2b: Tapu Fini|82\/100\n|-hitcount|p2b: Tapu Fini|3\n|\n|-heal|p2b: Tapu Fini|88\/100|[from] item: Leftovers\n|upkeep\n|turn|9\n|\n|t:|1668037122\n|move|p2a: Genesect|Leech Life|p1a: Urshifu\n|-resisted|p1a: Urshifu\n|-damage|p1a: Urshifu|53\/100\n|-heal|p2a: Genesect|91\/100|[from] drain|[of] p1a: Urshifu\n|-damage|p2a: Genesect|81\/100|[from] item: Life Orb\n|move|p1b: Genesect|Iron Head|p2b: Tapu Fini\n|-damage|p2b: Tapu Fini|46\/100\n|-damage|p1b: Genesect|81\/100|[from] item: Life Orb\n|move|p1a: Urshifu|Surging Strikes|p2a: Genesect\n|-crit|p2a: Genesect\n|-damage|p2a: Genesect|60\/100\n|-crit|p2a: Genesect\n|-damage|p2a: Genesect|39\/100\n|-crit|p2a: Genesect\n|-damage|p2a: Genesect|20\/100\n|-hitcount|p2a: Genesect|3\n|cant|p2b: Tapu Fini|flinch\n|\n|-heal|p2b: Tapu Fini|52\/100|[from] item: Leftovers\n|upkeep\n|turn|10\n|\n|t:|1668037152\n|move|p1a: Urshifu|Aqua Jet|p2a: Genesect\n|-damage|p2a: Genesect|0 fnt\n|faint|p2a: Genesect\n|move|p1b: Genesect|Shift Gear|p1b: Genesect\n|-boost|p1b: Genesect|spe|2\n|-boost|p1b: Genesect|atk|1\n|move|p2b: Tapu Fini|Moonblast|p1a: Urshifu\n|-supereffective|p1a: Urshifu\n|-damage|p1a: Urshifu|11\/100\n|-unboost|p1a: Urshifu|spa|1\n|\n|-heal|p2b: Tapu Fini|58\/100|[from] item: Leftovers\n|upkeep\n|\n|t:|1668037160\n|switch|p2a: Incineroar|Incineroar, M|51\/100\n|-ability|p2a: Incineroar|Intimidate|boost\n|-unboost|p1a: Urshifu|atk|1\n|-unboost|p1b: Genesect|atk|1\n|turn|11\n|\n|t:|1668037167\n|switch|p1a: Rillaboom|Rillaboom, F|65\/100\n|-fieldstart|move: Grassy Terrain|[from] ability: Grassy Surge|[of] p1a: Rillaboom\n|move|p1b: Genesect|Protect|p1b: Genesect\n|-singleturn|p1b: Genesect|Protect\n|move|p2a: Incineroar|Fake Out|p1a: Rillaboom\n|-damage|p1a: Rillaboom|53\/100\n|move|p2b: Tapu Fini|Muddy Water|p1b: Genesect|[spread] \n|-activate|p1b: Genesect|move: Protect\n|-miss|p2b: Tapu Fini|p1a: Rillaboom\n|\n|-heal|p1b: Genesect|87\/100|[from] Grassy Terrain\n|-heal|p1a: Rillaboom|60\/100|[from] Grassy Terrain\n|-heal|p2b: Tapu Fini|64\/100|[from] Grassy Terrain\n|-heal|p2b: Tapu Fini|70\/100|[from] item: Leftovers\n|-heal|p2a: Incineroar|57\/100|[from] Grassy Terrain\n|upkeep\n|turn|12\n|\n|t:|1668037179\n|switch|p2b: Landorus|Landorus, M|100\/100\n|switch|p2a: Rillaboom|Rillaboom, M|54\/100\n|move|p1a: Rillaboom|Fake Out|p2a: Rillaboom\n|-damage|p2a: Rillaboom|42\/100\n|move|p1b: Genesect|Leech Life|p2a: Rillaboom\n|-supereffective|p2a: Rillaboom\n|-damage|p2a: Rillaboom|0 fnt\n|-heal|p1b: Genesect|100\/100|[from] drain|[of] p2a: Rillaboom\n|faint|p2a: Rillaboom\n|-damage|p1b: Genesect|91\/100|[from] item: Life Orb\n|\n|-heal|p1b: Genesect|97\/100|[from] Grassy Terrain\n|-heal|p1a: Rillaboom|66\/100|[from] Grassy Terrain\n|upkeep\n|\n|t:|1668037190\n|switch|p2a: Incineroar|Incineroar, M|57\/100\n|-ability|p2a: Incineroar|Intimidate|boost\n|-unboost|p1a: Rillaboom|atk|1\n|-unboost|p1b: Genesect|atk|1\n|turn|13\n|inactive|Battle timer is ON: inactive players will automatically lose when time's up. (requested by Shadowmonstr7)\n|\n|t:|1668037232\n|switch|p1b: Urshifu|Urshifu-Rapid-Strike, F|11\/100\n|switch|p1a: Nihilego|Nihilego|100\/100\n|move|p2b: Landorus|Sludge Bomb|p1a: Nihilego\n|-resisted|p1a: Nihilego\n|-damage|p1a: Nihilego|91\/100\n|move|p2a: Incineroar|Flare Blitz|p1b: Urshifu\n|-resisted|p1b: Urshifu\n|-damage|p1b: Urshifu|0 fnt\n|faint|p1b: Urshifu\n|-damage|p2a: Incineroar|54\/100|[from] Recoil\n|\n|-heal|p1a: Nihilego|97\/100|[from] Grassy Terrain\n|-heal|p2a: Incineroar|60\/100|[from] Grassy Terrain\n|upkeep\n|\n|t:|1668037248\n|switch|p1b: Rillaboom|Rillaboom, F|66\/100\n|turn|14\n|\n|t:|1668037259\n|switch|p2a: Tapu Fini|Tapu Fini|70\/100\n|-fieldstart|move: Misty Terrain|[from] ability: Misty Surge|[of] p2a: Tapu Fini\n|move|p1b: Rillaboom|Fake Out|p2b: Landorus\n|-damage|p2b: Landorus|84\/100\n|move|p1a: Nihilego|Meteor Beam||[still]\n|-prepare|p1a: Nihilego|Meteor Beam\n|-boost|p1a: Nihilego|spa|1\n|-enditem|p1a: Nihilego|Power Herb\n|-anim|p1a: Nihilego|Meteor Beam|p2a: Tapu Fini\n|-damage|p2a: Tapu Fini|1\/100\n|cant|p2b: Landorus|flinch\n|\n|-heal|p2a: Tapu Fini|7\/100|[from] item: Leftovers\n|upkeep\n|turn|15\n|inactive|Shadowmonstr7 has 120 seconds left.\n|inactive|Lemurro has 120 seconds left.\n|\n|t:|1668037317\n|move|p1a: Nihilego|Protect|p1a: Nihilego\n|-singleturn|p1a: Nihilego|Protect\n|move|p2b: Landorus|Sludge Bomb|p1b: Rillaboom\n|-supereffective|p1b: Rillaboom\n|-damage|p1b: Rillaboom|0 fnt\n|faint|p1b: Rillaboom\n|move|p2a: Tapu Fini|Muddy Water|p1a: Nihilego\n|-activate|p1a: Nihilego|move: Protect\n|\n|-heal|p2a: Tapu Fini|13\/100|[from] item: Leftovers\n|upkeep\n|inactive|Shadowmonstr7 has 120 seconds left.\n|\n|t:|1668037327\n|switch|p1b: Genesect|Genesect, shiny|97\/100\n|-ability|p1b: Genesect|Download|boost\n|-boost|p1b: Genesect|spa|1\n|turn|16\n|\n|t:|1668037344\n|move|p1a: Nihilego|Power Gem|p2b: Landorus\n|-damage|p2b: Landorus|6\/100\n|move|p2b: Landorus|Earth Power|p1a: Nihilego\n|-supereffective|p1a: Nihilego\n|-damage|p1a: Nihilego|0 fnt\n|faint|p1a: Nihilego\n|move|p1b: Genesect|Leech Life|p2b: Landorus\n|-resisted|p2b: Landorus\n|-crit|p2b: Landorus\n|-damage|p2b: Landorus|0 fnt\n|-heal|p1b: Genesect|99\/100|[from] drain|[of] p2b: Landorus\n|faint|p2b: Landorus\n|-damage|p1b: Genesect|90\/100|[from] item: Life Orb\n|move|p2a: Tapu Fini|Moonblast|p1b: Genesect\n|-resisted|p1b: Genesect\n|-damage|p1b: Genesect|67\/100\n|-unboost|p1b: Genesect|spa|1\n|\n|-heal|p2a: Tapu Fini|19\/100|[from] item: Leftovers\n|upkeep\n|inactive|Lemurro has 120 seconds left.\n|\n|t:|1668037370\n|switch|p2b: Incineroar|Incineroar, M|60\/100\n|-ability|p2b: Incineroar|Intimidate|boost\n|-unboost|p1b: Genesect|atk|1\n|turn|17\n|\n|t:|1668037374\n|move|p1b: Genesect|Protect|p1b: Genesect\n|-singleturn|p1b: Genesect|Protect\n|move|p2b: Incineroar|Fake Out|p1b: Genesect\n|-activate|p1b: Genesect|move: Protect\n|move|p2a: Tapu Fini|Muddy Water|p1b: Genesect\n|-activate|p1b: Genesect|move: Protect\n|\n|-heal|p2a: Tapu Fini|25\/100|[from] item: Leftovers\n|upkeep\n|turn|18\n|\n|t:|1668037394\n|move|p1b: Genesect|Leech Life|p2b: Incineroar\n|-damage|p2b: Incineroar|28\/100\n|-heal|p1b: Genesect|87\/100|[from] drain|[of] p2b: Incineroar\n|-damage|p1b: Genesect|77\/100|[from] item: Life Orb\n|move|p2a: Tapu Fini|Muddy Water|p1b: Genesect|[miss]\n|-miss|p2a: Tapu Fini|p1b: Genesect\n|move|p2b: Incineroar|Flare Blitz|p1b: Genesect\n|-supereffective|p1b: Genesect\n|-damage|p1b: Genesect|0 fnt\n|faint|p1b: Genesect\n|-damage|p2b: Incineroar|8\/100|[from] Recoil\n|\n|win|Lemurro\n|n|\u2606Shadowmonstr7|shadowmonstr7\n|n|\u2606Lemurro|lemurro\n|n| Xrn|xrn\n|l| Xrn\n|l|\u2606Shadowmonstr7\n","uploadtime":1668037409,"views":3,"p1id":"shadowmonstr7","p2id":"lemurro","formatid":"gen8doublesou","rating":0,"private":0,"password":null}