{"id":"gen8ou-1141592700","p1":"Kingdra","p2":"The Teal Scizor","format":"gen8ou","log":"|j|\u2606Kingdra\n|j|\u2606The Teal Scizor\n|player|p1|Kingdra|ghetsis-gen5bw|1384\n|player|p2|The Teal Scizor|plasmagruntf|1373\n|teamsize|p1|6\n|teamsize|p2|6\n|gametype|singles\n|gen|8\n|tier|[Gen 8] OU\n|rated|\n|clearpoke\n|poke|p1|Magearna-Original|\n|poke|p1|Ninetales-Alola, M|\n|poke|p1|Volcarona, F|\n|poke|p1|Azumarill, F|\n|poke|p1|Hippowdon, F|\n|poke|p1|Excadrill, F|\n|poke|p2|Dragapult, F|\n|poke|p2|Corviknight, M|\n|poke|p2|Toxapex, F|\n|poke|p2|Clefable, F|\n|poke|p2|Marowak-Alola, M|\n|poke|p2|Zeraora|\n|rule|Sleep Clause Mod: Limit one foe put to sleep\n|rule|Species Clause: Limit one of each Pok\u00e9mon\n|rule|OHKO Clause: OHKO moves are banned\n|rule|Evasion Moves Clause: Evasion moves are banned\n|rule|Endless Battle Clause: Forcing endless battles is banned\n|rule|HP Percentage Mod: HP is shown in percentages\n|rule|Dynamax Clause: You cannot dynamax\n|teampreview\n|inactive|Battle timer is ON: inactive players will automatically lose when time's up. (requested by Kingdra)\n|\n|start\n|switch|p1a: Hippowdon|Hippowdon, F|100\/100\n|switch|p2a: Toxapex|Toxapex, F|100\/100\n|-weather|Sandstorm|[from] ability: Sand Stream|[of] p1a: Hippowdon\n|turn|1\n|\n|move|p1a: Hippowdon|Earthquake|p2a: Toxapex\n|-supereffective|p2a: Toxapex\n|-damage|p2a: Toxapex|45\/100\n|move|p2a: Toxapex|Scald|p1a: Hippowdon\n|-supereffective|p1a: Hippowdon\n|-damage|p1a: Hippowdon|64\/100\n|\n|-weather|Sandstorm|[upkeep]\n|-damage|p2a: Toxapex|38\/100|[from] Sandstorm\n|-heal|p2a: Toxapex|45\/100|[from] item: Black Sludge\n|upkeep\n|turn|2\n|\n|switch|p2a: Corviknight|Corviknight, M|100\/100\n|-ability|p2a: Corviknight|Pressure\n|move|p1a: Hippowdon|Stealth Rock|p2a: Corviknight\n|-sidestart|p2: The Teal Scizor|move: Stealth Rock\n|\n|-weather|Sandstorm|[upkeep]\n|upkeep\n|turn|3\n|\n|move|p2a: Corviknight|Defog|p1a: Hippowdon\n|-unboost|p1a: Hippowdon|evasion|1\n|-sideend|p2: The Teal Scizor|Stealth Rock|[from] move: Defog|[of] p2a: Corviknight\n|move|p1a: Hippowdon|Slack Off|p1a: Hippowdon\n|-heal|p1a: Hippowdon|100\/100\n|\n|-weather|Sandstorm|[upkeep]\n|upkeep\n|turn|4\n|\n|move|p2a: Corviknight|U-turn|p1a: Hippowdon\n|-damage|p1a: Hippowdon|93\/100\n|\n|switch|p2a: Toxapex|Toxapex, F|78\/100|[from]move: U-turn\n|move|p1a: Hippowdon|Whirlwind|p2a: Toxapex\n|drag|p2a: Clefable|Clefable, F|100\/100\n|\n|-weather|Sandstorm|[upkeep]\n|upkeep\n|turn|5\n|\n|switch|p2a: Toxapex|Toxapex, F|100\/100\n|switch|p1a: Ninetales|Ninetales-Alola, M|100\/100\n|-weather|Hail|[from] ability: Snow Warning|[of] p1a: Ninetales\n|\n|-weather|Hail|[upkeep]\n|-damage|p2a: Toxapex|94\/100|[from] Hail\n|-heal|p2a: Toxapex|100\/100|[from] item: Black Sludge\n|upkeep\n|turn|6\n|\n|move|p1a: Ninetales|Hypnosis|p2a: Toxapex\n|-status|p2a: Toxapex|slp|[from] move: Hypnosis\n|cant|p2a: Toxapex|slp\n|\n|-weather|Hail|[upkeep]\n|-damage|p2a: Toxapex|94\/100 slp|[from] Hail\n|-heal|p2a: Toxapex|100\/100 slp|[from] item: Black Sludge\n|upkeep\n|turn|7\n|\n|move|p1a: Ninetales|Aurora Veil|p1a: Ninetales\n|-sidestart|p1: Kingdra|move: Aurora Veil\n|cant|p2a: Toxapex|slp\n|\n|-weather|Hail|[upkeep]\n|-damage|p2a: Toxapex|94\/100 slp|[from] Hail\n|-heal|p2a: Toxapex|100\/100 slp|[from] item: Black Sludge\n|upkeep\n|turn|8\n|\n|switch|p1a: Hippowdon|Hippowdon, F|93\/100\n|-weather|Sandstorm|[from] ability: Sand Stream|[of] p1a: Hippowdon\n|-curestatus|p2a: Toxapex|slp|[msg]\n|move|p2a: Toxapex|Toxic Spikes|p1a: Hippowdon\n|-sidestart|p1: Kingdra|move: Toxic Spikes\n|\n|-weather|Sandstorm|[upkeep]\n|-damage|p2a: Toxapex|94\/100|[from] Sandstorm\n|-heal|p2a: Toxapex|100\/100|[from] item: Black Sludge\n|upkeep\n|turn|9\n|\n|switch|p1a: Excadrill|Excadrill, F|100\/100\n|move|p2a: Toxapex|Scald|p1a: Excadrill\n|-supereffective|p1a: Excadrill\n|-damage|p1a: Excadrill|80\/100\n|\n|-weather|Sandstorm|[upkeep]\n|-damage|p2a: Toxapex|94\/100|[from] Sandstorm\n|-heal|p2a: Toxapex|100\/100|[from] item: Black Sludge\n|upkeep\n|turn|10\n|\n|move|p1a: Excadrill|Rapid Spin|p2a: Toxapex\n|-damage|p2a: Toxapex|88\/100\n|-boost|p1a: Excadrill|spe|1\n|-sideend|p1: Kingdra|Toxic Spikes|[from] move: Rapid Spin|[of] p1a: Excadrill\n|move|p2a: Toxapex|Scald|p1a: Excadrill\n|-supereffective|p1a: Excadrill\n|-damage|p1a: Excadrill|56\/100\n|\n|-weather|Sandstorm|[upkeep]\n|-damage|p2a: Toxapex|82\/100|[from] Sandstorm\n|-heal|p2a: Toxapex|88\/100|[from] item: Black Sludge\n|upkeep\n|turn|11\n|\n|switch|p2a: Corviknight|Corviknight, M|100\/100\n|-ability|p2a: Corviknight|Pressure\n|move|p1a: Excadrill|Swords Dance|p1a: Excadrill\n|-boost|p1a: Excadrill|atk|2\n|\n|-weather|Sandstorm|[upkeep]\n|upkeep\n|turn|12\n|\n|move|p1a: Excadrill|Rock Slide|p2a: Corviknight\n|-damage|p2a: Corviknight|68\/100\n|move|p2a: Corviknight|Roost|p2a: Corviknight\n|-heal|p2a: Corviknight|100\/100\n|-singleturn|p2a: Corviknight|move: Roost\n|\n|-weather|none\n|upkeep\n|turn|13\n|\n|switch|p1a: Volcarona|Volcarona, F|100\/100\n|move|p2a: Corviknight|U-turn|p1a: Volcarona\n|-resisted|p1a: Volcarona\n|-damage|p1a: Volcarona|95\/100\n|\n|switch|p2a: Marowak|Marowak-Alola, M|100\/100|[from]move: U-turn\n|\n|upkeep\n|turn|14\n|\n|switch|p1a: Hippowdon|Hippowdon, F|93\/100\n|-weather|Sandstorm|[from] ability: Sand Stream|[of] p1a: Hippowdon\n|move|p2a: Marowak|Poltergeist|p1a: Hippowdon|[miss]\n|-miss|p2a: Marowak|p1a: Hippowdon\n|\n|-weather|Sandstorm|[upkeep]\n|-damage|p2a: Marowak|94\/100|[from] Sandstorm\n|-sideend|p1: Kingdra|move: Aurora Veil\n|upkeep\n|turn|15\n|\n|switch|p2a: Corviknight|Corviknight, M|100\/100\n|-ability|p2a: Corviknight|Pressure\n|move|p1a: Hippowdon|Whirlwind|p2a: Corviknight\n|drag|p2a: Clefable|Clefable, F|100\/100\n|\n|-weather|Sandstorm|[upkeep]\n|upkeep\n|turn|16\n|\n|move|p2a: Clefable|Moonblast|p1a: Hippowdon\n|-damage|p1a: Hippowdon|58\/100\n|move|p1a: Hippowdon|Stealth Rock|p2a: Clefable\n|-sidestart|p2: The Teal Scizor|move: Stealth Rock\n|\n|-weather|Sandstorm|[upkeep]\n|upkeep\n|turn|17\n|\n|switch|p2a: Corviknight|Corviknight, M|100\/100\n|-damage|p2a: Corviknight|88\/100|[from] Stealth Rock\n|-ability|p2a: Corviknight|Pressure\n|switch|p1a: Magearna|Magearna-Original|100\/100\n|\n|-weather|Sandstorm|[upkeep]\n|-heal|p2a: Corviknight|94\/100|[from] item: Leftovers\n|upkeep\n|turn|18\n|\n|switch|p2a: Marowak|Marowak-Alola, M|94\/100\n|-damage|p2a: Marowak|69\/100|[from] Stealth Rock\n|move|p1a: Magearna|Shift Gear|p1a: Magearna\n|-boost|p1a: Magearna|spe|2\n|-boost|p1a: Magearna|atk|1\n|\n|-weather|none\n|upkeep\n|turn|19\n|\n|switch|p1a: Azumarill|Azumarill, F|100\/100\n|move|p2a: Marowak|Stealth Rock|p1a: Azumarill\n|-sidestart|p1: Kingdra|move: Stealth Rock\n|\n|upkeep\n|turn|20\n|\n|move|p2a: Marowak|Poltergeist|p1a: Azumarill\n|-activate|p1a: Azumarill|move: Poltergeist|Leftovers\n|-damage|p1a: Azumarill|22\/100\n|move|p1a: Azumarill|Whirlpool|p2a: Marowak\n|-supereffective|p2a: Marowak\n|-damage|p2a: Marowak|46\/100\n|-activate|p2a: Marowak|move: Whirlpool|[of] p1a: Azumarill\n|\n|-heal|p1a: Azumarill|28\/100|[from] item: Leftovers\n|-damage|p2a: Marowak|33\/100|[from] move: Whirlpool|[partiallytrapped]\n|upkeep\n|turn|21\n|\n|move|p1a: Azumarill|Protect|p1a: Azumarill\n|-singleturn|p1a: Azumarill|Protect\n|move|p2a: Marowak|Earthquake|p1a: Azumarill\n|-activate|p1a: Azumarill|move: Protect\n|\n|-heal|p1a: Azumarill|34\/100|[from] item: Leftovers\n|-damage|p2a: Marowak|21\/100|[from] move: Whirlpool|[partiallytrapped]\n|upkeep\n|turn|22\n|\n|move|p1a: Azumarill|Aqua Jet|p2a: Marowak\n|-supereffective|p2a: Marowak\n|-damage|p2a: Marowak|5\/100\n|move|p2a: Marowak|Earthquake|p1a: Azumarill\n|-damage|p1a: Azumarill|0 fnt\n|faint|p1a: Azumarill\n|\n|-end|p2a: Marowak|Whirlpool|[partiallytrapped]|[silent]\n|upkeep\n|\n|switch|p1a: Hippowdon|Hippowdon, F|58\/100\n|-damage|p1a: Hippowdon|52\/100|[from] Stealth Rock\n|-weather|Sandstorm|[from] ability: Sand Stream|[of] p1a: Hippowdon\n|turn|23\n|\n|switch|p2a: Toxapex|Toxapex, F|100\/100\n|-damage|p2a: Toxapex|88\/100|[from] Stealth Rock\n|move|p1a: Hippowdon|Slack Off|p1a: Hippowdon\n|-heal|p1a: Hippowdon|100\/100\n|\n|-weather|Sandstorm|[upkeep]\n|-damage|p2a: Toxapex|82\/100|[from] Sandstorm\n|-heal|p2a: Toxapex|88\/100|[from] item: Black Sludge\n|upkeep\n|turn|24\n|\n|move|p1a: Hippowdon|Earthquake|p2a: Toxapex\n|-supereffective|p2a: Toxapex\n|-damage|p2a: Toxapex|33\/100\n|move|p2a: Toxapex|Scald|p1a: Hippowdon\n|-supereffective|p1a: Hippowdon\n|-damage|p1a: Hippowdon|66\/100\n|\n|-weather|Sandstorm|[upkeep]\n|-damage|p2a: Toxapex|26\/100|[from] Sandstorm\n|-heal|p2a: Toxapex|33\/100|[from] item: Black Sludge\n|upkeep\n|turn|25\n|\n|switch|p1a: Volcarona|Volcarona, F|95\/100\n|switch|p2a: Corviknight|Corviknight, M|94\/100\n|-damage|p2a: Corviknight|82\/100|[from] Stealth Rock\n|-ability|p2a: Corviknight|Pressure\n|\n|-weather|Sandstorm|[upkeep]\n|-damage|p1a: Volcarona|89\/100|[from] Sandstorm\n|-heal|p2a: Corviknight|88\/100|[from] item: Leftovers\n|upkeep\n|turn|26\n|\n|move|p1a: Volcarona|Fiery Dance|p2a: Corviknight\n|-supereffective|p2a: Corviknight\n|-damage|p2a: Corviknight|0 fnt\n|faint|p2a: Corviknight\n|\n|-weather|Sandstorm|[upkeep]\n|-damage|p1a: Volcarona|83\/100|[from] Sandstorm\n|upkeep\n|\n|switch|p2a: Dragapult|Dragapult, F|100\/100\n|-damage|p2a: Dragapult|88\/100|[from] Stealth Rock\n|turn|27\n|\n|switch|p1a: Ninetales|Ninetales-Alola, M|100\/100\n|-damage|p1a: Ninetales|76\/100|[from] Stealth Rock\n|-weather|Hail|[from] ability: Snow Warning|[of] p1a: Ninetales\n|move|p2a: Dragapult|U-turn|p1a: Ninetales\n|-resisted|p1a: Ninetales\n|-damage|p1a: Ninetales|64\/100\n|\n|switch|p2a: Zeraora|Zeraora|100\/100|[from]move: U-turn\n|-damage|p2a: Zeraora|88\/100|[from] Stealth Rock\n|\n|-weather|Hail|[upkeep]\n|-damage|p2a: Zeraora|82\/100|[from] Hail\n|-heal|p2a: Zeraora|88\/100|[from] item: Leftovers\n|upkeep\n|turn|28\n|\n|switch|p1a: Hippowdon|Hippowdon, F|66\/100\n|-damage|p1a: Hippowdon|60\/100|[from] Stealth Rock\n|-weather|Sandstorm|[from] ability: Sand Stream|[of] p1a: Hippowdon\n|move|p2a: Zeraora|Plasma Fists|p1a: Hippowdon\n|-immune|p1a: Hippowdon\n|\n|-weather|Sandstorm|[upkeep]\n|-damage|p2a: Zeraora|82\/100|[from] Sandstorm\n|-heal|p2a: Zeraora|88\/100|[from] item: Leftovers\n|upkeep\n|turn|29\n|\n|move|p2a: Zeraora|Knock Off|p1a: Hippowdon\n|-damage|p1a: Hippowdon|45\/100\n|-enditem|p1a: Hippowdon|Soft Sand|[from] move: Knock Off|[of] p2a: Zeraora\n|move|p1a: Hippowdon|Earthquake|p2a: Zeraora\n|-supereffective|p2a: Zeraora\n|-damage|p2a: Zeraora|0 fnt\n|faint|p2a: Zeraora\n|\n|-weather|Sandstorm|[upkeep]\n|upkeep\n|\n|switch|p2a: Dragapult|Dragapult, F|88\/100\n|-damage|p2a: Dragapult|76\/100|[from] Stealth Rock\n|turn|30\n|\n|move|p2a: Dragapult|Shadow Ball|p1a: Hippowdon\n|-damage|p1a: Hippowdon|0 fnt\n|faint|p1a: Hippowdon\n|\n|-weather|Sandstorm|[upkeep]\n|-damage|p2a: Dragapult|70\/100|[from] Sandstorm\n|upkeep\n|\n|switch|p1a: Excadrill|Excadrill, F|56\/100\n|-damage|p1a: Excadrill|53\/100|[from] Stealth Rock\n|turn|31\n|\n|move|p1a: Excadrill|Earthquake|p2a: Dragapult\n|-damage|p2a: Dragapult|0 fnt\n|faint|p2a: Dragapult\n|\n|-weather|Sandstorm|[upkeep]\n|upkeep\n|-message|The Teal Scizor forfeited.\n|\n|win|Kingdra\n|l|\u2606The Teal Scizor\n","uploadtime":1593387671,"views":10,"p1id":"kingdra","p2id":"thetealscizor","formatid":"gen8ou","rating":0,"private":0,"password":null}