{"id":"gen8ou-1703212840","p1":"jcdnb","p2":"superrouchuan","format":"gen8ou","log":"|j|\u2606jcdnb\n|j|\u2606superrouchuan\n|t:|1667628885\n|gametype|singles\n|player|p1|jcdnb|unknown|1455\n|player|p2|superrouchuan|clown|1503\n|teamsize|p1|6\n|teamsize|p2|6\n|gen|8\n|tier|[Gen 8] OU\n|rated|\n|rule|Sleep Clause Mod: Limit one foe put to sleep\n|rule|Species Clause: Limit one of each Pok\u00e9mon\n|rule|OHKO Clause: OHKO moves are banned\n|rule|Evasion Items Clause: Evasion items are banned\n|rule|Evasion Moves Clause: Evasion moves are banned\n|rule|Endless Battle Clause: Forcing endless battles is banned\n|rule|HP Percentage Mod: HP is shown in percentages\n|rule|Dynamax Clause: You cannot dynamax\n|clearpoke\n|poke|p1|Tapu Koko|\n|poke|p1|Toxapex, M|\n|poke|p1|Celesteela|\n|poke|p1|Landorus-Therian, M|\n|poke|p1|Heatran, M|\n|poke|p1|Rillaboom, M|\n|poke|p2|Snorlax, M|\n|poke|p2|Tapu Lele|\n|poke|p2|Tyranitar, F|\n|poke|p2|Zapdos|\n|poke|p2|Garchomp, M|\n|poke|p2|Buzzwole|\n|teampreview\n|j|+taoke\n|inactive|Battle timer is ON: inactive players will automatically lose when time's up. (requested by superrouchuan)\n|c|\u2606jcdnb|\uff1f\n|c|\u2606jcdnb|\u8089\u4e32\u54e5\n|inactive|jcdnb has 120 seconds left.\n|c|\u2606jcdnb|\u597d\u5de7\u54e6\n|c|\u2606superrouchuan|\uff1f\n|\n|t:|1667628936\n|start\n|switch|p1a: Celesteela|Celesteela|100\/100\n|switch|p2a: \u868a\u5927\u7237|Buzzwole|100\/100\n|turn|1\n|\n|t:|1667628944\n|move|p2a: \u868a\u5927\u7237|Close Combat|p1a: Celesteela\n|-damage|p1a: Celesteela|9\/100\n|-unboost|p2a: \u868a\u5927\u7237|def|1\n|-unboost|p2a: \u868a\u5927\u7237|spd|1\n|move|p1a: Celesteela|Autotomize|p1a: Celesteela\n|-boost|p1a: Celesteela|spe|2\n|-start|p1a: Celesteela|Autotomize\n|\n|upkeep\n|turn|2\n|\n|t:|1667628950\n|switch|p2a: \u8001\u73ed|Tyranitar, F, shiny|100\/100\n|-weather|Sandstorm|[from] ability: Sand Stream|[of] p2a: \u8001\u73ed\n|move|p1a: Celesteela|Flamethrower|p2a: \u8001\u73ed\n|-resisted|p2a: \u8001\u73ed\n|-damage|p2a: \u8001\u73ed|94\/100\n|\n|-weather|Sandstorm|[upkeep]\n|-heal|p2a: \u8001\u73ed|99\/100|[from] item: Leftovers\n|upkeep\n|turn|3\n|c|\u2606jcdnb|\u5934\u5e26\u868a\u5b50\u662f\u5427\n|c|\u2606superrouchuan|\u6ca1\u6740\u6389\n|c|\u2606superrouchuan|\u79bb\u8c31\n|inactive|jcdnb has 120 seconds left.\n|\n|t:|1667628981\n|switch|p1a: Toxapex|Toxapex, M|100\/100\n|move|p2a: \u8001\u73ed|Ice Beam|p1a: Toxapex\n|-resisted|p1a: Toxapex\n|-damage|p1a: Toxapex|90\/100\n|\n|-weather|Sandstorm|[upkeep]\n|-damage|p1a: Toxapex|84\/100|[from] Sandstorm\n|-heal|p2a: \u8001\u73ed|100\/100|[from] item: Leftovers\n|upkeep\n|turn|4\n|c|\u2606superrouchuan|\u6b63\u5e38\u76f4\u63a5\u7f3a\u4e00\n|\n|t:|1667628986\n|move|p2a: \u8001\u73ed|Stealth Rock|p1a: Toxapex\n|-sidestart|p1: jcdnb|move: Stealth Rock\n|move|p1a: Toxapex|Knock Off|p2a: \u8001\u73ed\n|-resisted|p2a: \u8001\u73ed\n|-damage|p2a: \u8001\u73ed|95\/100\n|-enditem|p2a: \u8001\u73ed|Leftovers|[from] move: Knock Off|[of] p1a: Toxapex\n|\n|-weather|Sandstorm|[upkeep]\n|-damage|p1a: Toxapex|77\/100|[from] Sandstorm\n|upkeep\n|turn|5\n|inactive|jcdnb has 120 seconds left.\n|c|\u2606jcdnb|\u5c45\u7136\u662f\u5269\u996d\uff0c\u6ca1\u610f\u601d\n|\n|t:|1667629005\n|move|p2a: \u8001\u73ed|Earthquake|p1a: Toxapex\n|-supereffective|p1a: Toxapex\n|-damage|p1a: Toxapex|44\/100\n|move|p1a: Toxapex|Toxic|p2a: \u8001\u73ed\n|-status|p2a: \u8001\u73ed|tox\n|\n|-weather|Sandstorm|[upkeep]\n|-damage|p1a: Toxapex|38\/100|[from] Sandstorm\n|-damage|p2a: \u8001\u73ed|89\/100 tox|[from] psn\n|upkeep\n|turn|6\n|\n|t:|1667629017\n|switch|p2a: \u8776\u795e|Tapu Lele|100\/100\n|-fieldstart|move: Psychic Terrain|[from] ability: Psychic Surge|[of] p2a: \u8776\u795e\n|move|p1a: Toxapex|Recover|p1a: Toxapex\n|-heal|p1a: Toxapex|88\/100\n|\n|-weather|none\n|upkeep\n|turn|7\n|j| Mew2629\n|j| Lonely grandpa\n|\n|t:|1667629031\n|move|p2a: \u8776\u795e|Psychic|p1a: Toxapex\n|-supereffective|p1a: Toxapex\n|-damage|p1a: Toxapex|0 fnt\n|faint|p1a: Toxapex\n|\n|upkeep\n|j| mazhua\n|\n|t:|1667629033\n|switch|p1a: Heatran|Heatran, M|100\/100\n|-damage|p1a: Heatran|88\/100|[from] Stealth Rock\n|turn|8\n|\n|t:|1667629040\n|switch|p2a: \u8001\u73ed|Tyranitar, F, shiny|89\/100 tox\n|-weather|Sandstorm|[from] ability: Sand Stream|[of] p2a: \u8001\u73ed\n|move|p1a: Heatran|Magma Storm|p2a: \u8001\u73ed|[miss]\n|-miss|p1a: Heatran|p2a: \u8001\u73ed\n|\n|-weather|Sandstorm|[upkeep]\n|-heal|p1a: Heatran|94\/100|[from] item: Leftovers\n|-damage|p2a: \u8001\u73ed|83\/100 tox|[from] psn\n|upkeep\n|turn|9\n|c|\u2606jcdnb|\u3002\u3002\u3002\n|c|\u2606jcdnb|\u65e5\u5e38\u6f14\u5458\n|\n|t:|1667629060\n|switch|p1a: Celesteela|Celesteela|9\/100\n|-damage|p1a: Celesteela|0 fnt|[from] Stealth Rock\n|faint|p1a: Celesteela\n|move|p2a: \u8001\u73ed|Earthquake|p1: Celesteela|[notarget]\n|-fail|p2a: \u8001\u73ed\n|\n|-weather|Sandstorm|[upkeep]\n|-damage|p2a: \u8001\u73ed|71\/100 tox|[from] psn\n|upkeep\n|\n|t:|1667629063\n|switch|p1a: Rillaboom|Rillaboom, M|100\/100\n|-damage|p1a: Rillaboom|88\/100|[from] Stealth Rock\n|-fieldstart|move: Grassy Terrain|[from] ability: Grassy Surge|[of] p1a: Rillaboom\n|-enditem|p1a: Rillaboom|Grassy Seed\n|-boost|p1a: Rillaboom|def|1|[from] item: Grassy Seed\n|turn|10\n|\n|t:|1667629071\n|switch|p2a: \u9e1f\u54e5|Zapdos, shiny|100\/100\n|move|p1a: Rillaboom|Swords Dance|p1a: Rillaboom\n|-boost|p1a: Rillaboom|atk|2\n|\n|-weather|Sandstorm|[upkeep]\n|-damage|p1a: Rillaboom|82\/100|[from] Sandstorm\n|-damage|p2a: \u9e1f\u54e5|94\/100|[from] Sandstorm\n|-heal|p1a: Rillaboom|88\/100|[from] Grassy Terrain\n|upkeep\n|turn|11\n|c| Mew2629|\u6295\u4e86\u5427\uff08\n|c| Mew2629|\u773c\u775b\u9e1f\u54e5\n|\n|t:|1667629085\n|move|p1a: Rillaboom|Grassy Glide|p2a: \u9e1f\u54e5\n|-resisted|p2a: \u9e1f\u54e5\n|-damage|p2a: \u9e1f\u54e5|61\/100\n|-damage|p1a: Rillaboom|72\/100|[from] item: Rocky Helmet|[of] p2a: \u9e1f\u54e5\n|-status|p1a: Rillaboom|par|[from] ability: Static|[of] p2a: \u9e1f\u54e5\n|move|p2a: \u9e1f\u54e5|Hurricane|p1a: Rillaboom\n|-supereffective|p1a: Rillaboom\n|-damage|p1a: Rillaboom|0 fnt\n|faint|p1a: Rillaboom\n|\n|-weather|Sandstorm|[upkeep]\n|-damage|p2a: \u9e1f\u54e5|55\/100|[from] Sandstorm\n|upkeep\n|c|\u2606jcdnb|\uff1f\n|j| qweou\n|c|\u2606jcdnb|\u8c01\u8bf4\u773c\u955c\u7684\uff08\n|\n|t:|1667629106\n|switch|p1a: Tapu Koko|Tapu Koko|100\/100\n|-fieldstart|move: Electric Terrain|[from] ability: Electric Surge|[of] p1a: Tapu Koko\n|turn|12\n|\n|t:|1667629110\n|switch|p2a: \u5361\u5723\u522b\u6f14\u6211|Snorlax, M, shiny|100\/100\n|move|p1a: Tapu Koko|Dazzling Gleam|p2a: \u5361\u5723\u522b\u6f14\u6211\n|-damage|p2a: \u5361\u5723\u522b\u6f14\u6211|81\/100\n|\n|-weather|none\n|upkeep\n|turn|13\n|c| Mew2629|\u4e0d\u77e5\u9053\n|\n|t:|1667629115\n|move|p1a: Tapu Koko|U-turn|p2a: \u5361\u5723\u522b\u6f14\u6211\n|-damage|p2a: \u5361\u5723\u522b\u6f14\u6211|64\/100\n|\n|t:|1667629119\n|switch|p1a: Heatran|Heatran, M|94\/100|[from]move: U-turn\n|-damage|p1a: Heatran|82\/100|[from] Stealth Rock\n|move|p2a: \u5361\u5723\u522b\u6f14\u6211|Heavy Slam|p1a: Heatran\n|-resisted|p1a: Heatran\n|-damage|p1a: Heatran|79\/100\n|\n|-heal|p1a: Heatran|85\/100|[from] item: Leftovers\n|upkeep\n|turn|14\n|\n|t:|1667629128\n|switch|p2a: \u9f99\u7237\uff08\u867d\u7136\u8fd8\u662f\u4e0d\u4f1a\u9f99\u821e\uff09|Garchomp, M|100\/100\n|move|p1a: Heatran|Earth Power|p2a: \u9f99\u7237\uff08\u867d\u7136\u8fd8\u662f\u4e0d\u4f1a\u9f99\u821e\uff09\n|-crit|p2a: \u9f99\u7237\uff08\u867d\u7136\u8fd8\u662f\u4e0d\u4f1a\u9f99\u821e\uff09\n|-damage|p2a: \u9f99\u7237\uff08\u867d\u7136\u8fd8\u662f\u4e0d\u4f1a\u9f99\u821e\uff09|58\/100\n|\n|-heal|p1a: Heatran|91\/100|[from] item: Leftovers\n|upkeep\n|turn|15\n|\n|t:|1667629137\n|move|p2a: \u9f99\u7237\uff08\u867d\u7136\u8fd8\u662f\u4e0d\u4f1a\u9f99\u821e\uff09|Dragon Claw|p1a: Heatran\n|-resisted|p1a: Heatran\n|-crit|p1a: Heatran\n|-damage|p1a: Heatran|51\/100\n|move|p1a: Heatran|Magma Storm|p2a: \u9f99\u7237\uff08\u867d\u7136\u8fd8\u662f\u4e0d\u4f1a\u9f99\u821e\uff09\n|-resisted|p2a: \u9f99\u7237\uff08\u867d\u7136\u8fd8\u662f\u4e0d\u4f1a\u9f99\u821e\uff09\n|-damage|p2a: \u9f99\u7237\uff08\u867d\u7136\u8fd8\u662f\u4e0d\u4f1a\u9f99\u821e\uff09|36\/100\n|-activate|p2a: \u9f99\u7237\uff08\u867d\u7136\u8fd8\u662f\u4e0d\u4f1a\u9f99\u821e\uff09|move: Magma Storm|[of] p1a: Heatran\n|\n|-heal|p1a: Heatran|57\/100|[from] item: Leftovers\n|-damage|p2a: \u9f99\u7237\uff08\u867d\u7136\u8fd8\u662f\u4e0d\u4f1a\u9f99\u821e\uff09|24\/100|[from] move: Magma Storm|[partiallytrapped]\n|upkeep\n|turn|16\n|\n|t:|1667629142\n|switch|p1a: Landorus|Landorus-Therian, M|100\/100\n|-damage|p1a: Landorus|88\/100|[from] Stealth Rock\n|-ability|p1a: Landorus|Intimidate|boost\n|-unboost|p2a: \u9f99\u7237\uff08\u867d\u7136\u8fd8\u662f\u4e0d\u4f1a\u9f99\u821e\uff09|atk|1\n|move|p2a: \u9f99\u7237\uff08\u867d\u7136\u8fd8\u662f\u4e0d\u4f1a\u9f99\u821e\uff09|Dragon Claw|p1a: Landorus\n|-damage|p1a: Landorus|42\/100\n|\n|-heal|p1a: Landorus|48\/100|[from] item: Leftovers\n|-end|p2a: \u9f99\u7237\uff08\u867d\u7136\u8fd8\u662f\u4e0d\u4f1a\u9f99\u821e\uff09|Magma Storm|[partiallytrapped]|[silent]\n|-fieldend|move: Electric Terrain\n|upkeep\n|turn|17\n|\n|t:|1667629151\n|move|p2a: \u9f99\u7237\uff08\u867d\u7136\u8fd8\u662f\u4e0d\u4f1a\u9f99\u821e\uff09|Dragon Claw|p1a: Landorus\n|-damage|p1a: Landorus|4\/100\n|move|p1a: Landorus|Defog|p2a: \u9f99\u7237\uff08\u867d\u7136\u8fd8\u662f\u4e0d\u4f1a\u9f99\u821e\uff09\n|-unboost|p2a: \u9f99\u7237\uff08\u867d\u7136\u8fd8\u662f\u4e0d\u4f1a\u9f99\u821e\uff09|evasion|1\n|-sideend|p1: jcdnb|Stealth Rock|[from] move: Defog|[of] p1a: Landorus\n|\n|-heal|p1a: Landorus|10\/100|[from] item: Leftovers\n|upkeep\n|turn|18\n|\n|t:|1667629155\n|switch|p1a: Tapu Koko|Tapu Koko|100\/100\n|-fieldstart|move: Electric Terrain|[from] ability: Electric Surge|[of] p1a: Tapu Koko\n|move|p2a: \u9f99\u7237\uff08\u867d\u7136\u8fd8\u662f\u4e0d\u4f1a\u9f99\u821e\uff09|Dragon Claw|p1a: Tapu Koko\n|-immune|p1a: Tapu Koko\n|\n|upkeep\n|turn|19\n|\n|t:|1667629161\n|switch|p2a: \u5361\u5723\u522b\u6f14\u6211|Snorlax, M, shiny|64\/100\n|move|p1a: Tapu Koko|Dazzling Gleam|p2a: \u5361\u5723\u522b\u6f14\u6211\n|-damage|p2a: \u5361\u5723\u522b\u6f14\u6211|45\/100\n|\n|upkeep\n|turn|20\n|\n|t:|1667629164\n|move|p1a: Tapu Koko|U-turn|p2a: \u5361\u5723\u522b\u6f14\u6211\n|-damage|p2a: \u5361\u5723\u522b\u6f14\u6211|28\/100\n|\n|t:|1667629167\n|switch|p1a: Landorus|Landorus-Therian, M|10\/100|[from]move: U-turn\n|-ability|p1a: Landorus|Intimidate|boost\n|-unboost|p2a: \u5361\u5723\u522b\u6f14\u6211|atk|1\n|move|p2a: \u5361\u5723\u522b\u6f14\u6211|Self-Destruct|p1a: Landorus\n|-enditem|p2a: \u5361\u5723\u522b\u6f14\u6211|Normal Gem|[from] gem\n|-damage|p1a: Landorus|0 fnt\n|faint|p2a: \u5361\u5723\u522b\u6f14\u6211\n|faint|p1a: Landorus\n|\n|upkeep\n|\n|t:|1667629174\n|switch|p1a: Tapu Koko|Tapu Koko|100\/100\n|switch|p2a: \u9f99\u7237\uff08\u867d\u7136\u8fd8\u662f\u4e0d\u4f1a\u9f99\u821e\uff09|Garchomp, M|24\/100\n|turn|21\n|\n|t:|1667629181\n|move|p1a: Tapu Koko|Dazzling Gleam|p2a: \u9f99\u7237\uff08\u867d\u7136\u8fd8\u662f\u4e0d\u4f1a\u9f99\u821e\uff09\n|-supereffective|p2a: \u9f99\u7237\uff08\u867d\u7136\u8fd8\u662f\u4e0d\u4f1a\u9f99\u821e\uff09\n|-damage|p2a: \u9f99\u7237\uff08\u867d\u7136\u8fd8\u662f\u4e0d\u4f1a\u9f99\u821e\uff09|0 fnt\n|faint|p2a: \u9f99\u7237\uff08\u867d\u7136\u8fd8\u662f\u4e0d\u4f1a\u9f99\u821e\uff09\n|\n|upkeep\n|\n|t:|1667629184\n|switch|p2a: \u8776\u795e|Tapu Lele|100\/100\n|-fieldstart|move: Psychic Terrain|[from] ability: Psychic Surge|[of] p2a: \u8776\u795e\n|turn|22\n|\n|t:|1667629189\n|switch|p1a: Heatran|Heatran, M|57\/100\n|move|p2a: \u8776\u795e|Psychic|p1a: Heatran\n|-resisted|p1a: Heatran\n|-crit|p1a: Heatran\n|-damage|p1a: Heatran|29\/100\n|\n|-heal|p1a: Heatran|35\/100|[from] item: Leftovers\n|upkeep\n|turn|23\n|j| OuoouoouO\n|j| wohaonanguo\n|\n|t:|1667629197\n|switch|p2a: \u8001\u73ed|Tyranitar, F, shiny|71\/100 tox\n|-weather|Sandstorm|[from] ability: Sand Stream|[of] p2a: \u8001\u73ed\n|move|p1a: Heatran|Earth Power|p2a: \u8001\u73ed\n|-supereffective|p2a: \u8001\u73ed\n|-damage|p2a: \u8001\u73ed|44\/100 tox\n|-unboost|p2a: \u8001\u73ed|spd|1\n|\n|-weather|Sandstorm|[upkeep]\n|-heal|p1a: Heatran|41\/100|[from] item: Leftovers\n|-damage|p2a: \u8001\u73ed|38\/100 tox|[from] psn\n|upkeep\n|turn|24\n|\n|t:|1667629204\n|move|p1a: Heatran|Earth Power|p2a: \u8001\u73ed\n|-supereffective|p2a: \u8001\u73ed\n|-damage|p2a: \u8001\u73ed|0 fnt\n|faint|p2a: \u8001\u73ed\n|\n|-weather|Sandstorm|[upkeep]\n|-heal|p1a: Heatran|48\/100|[from] item: Leftovers\n|upkeep\n|\n|t:|1667629207\n|switch|p2a: \u868a\u5927\u7237|Buzzwole|100\/100\n|turn|25\n|n| Ferrothornail\u8349\u94a2\u7532|wohaonanguo\n|\n|t:|1667629211\n|move|p2a: \u868a\u5927\u7237|Earthquake|p1a: Heatran\n|-supereffective|p1a: Heatran\n|-damage|p1a: Heatran|0 fnt\n|faint|p1a: Heatran\n|-ability|p2a: \u868a\u5927\u7237|Beast Boost|boost\n|-boost|p2a: \u868a\u5927\u7237|atk|1\n|\n|-weather|Sandstorm|[upkeep]\n|-damage|p2a: \u868a\u5927\u7237|94\/100|[from] Sandstorm\n|upkeep\n|\n|t:|1667629213\n|switch|p1a: Tapu Koko|Tapu Koko|100\/100\n|-fieldstart|move: Electric Terrain|[from] ability: Electric Surge|[of] p1a: Tapu Koko\n|turn|26\n|c|\u2606jcdnb|\uff1f\n|c|\u2606jcdnb|\u868a\u5927\u7237\u90fd\u6765\u5730\u9707\u4e86\u662f\u5427\n|j| Sweetdoll\n|\n|t:|1667629237\n|move|p1a: Tapu Koko|Dazzling Gleam|p2a: \u868a\u5927\u7237\n|-supereffective|p2a: \u868a\u5927\u7237\n|-damage|p2a: \u868a\u5927\u7237|0 fnt\n|faint|p2a: \u868a\u5927\u7237\n|\n|-weather|Sandstorm|[upkeep]\n|-damage|p1a: Tapu Koko|94\/100|[from] Sandstorm\n|upkeep\n|\n|t:|1667629241\n|switch|p2a: \u8776\u795e|Tapu Lele|100\/100\n|-fieldstart|move: Psychic Terrain|[from] ability: Psychic Surge|[of] p2a: \u8776\u795e\n|turn|27\n|\n|t:|1667629245\n|move|p2a: \u8776\u795e|Psychic|p1a: Tapu Koko\n|-damage|p1a: Tapu Koko|0 fnt\n|faint|p1a: Tapu Koko\n|\n|win|superrouchuan\n|raw|jcdnb's rating: 1455 &rarr; <strong>1438<\/strong><br \/>(-17 for losing)\n|raw|superrouchuan's rating: 1503 &rarr; <strong>1520<\/strong><br \/>(+17 for winning)\n|c|\u2606jcdnb|\u5bc4\n","uploadtime":1667629252,"views":7,"p1id":"jcdnb","p2id":"superrouchuan","formatid":"gen8ou","rating":1438,"private":0,"password":null}