{"id":"gen8ou-1631500062","p1":"jeandonis02","p2":"LT91BB shoot","format":"gen8ou","log":"|raw|<div class=\"broadcast-blue\"><strong>This battle is required to be public due to a player having a name starting with 'lt91bb'.<\/div>\n|j|\u2606jeandonis02\n|j|\u2606LT91BB shoot\n|t:|1659549539\n|gametype|singles\n|player|p1|jeandonis02|lucas|1625\n|player|p2|LT91BB shoot|blue-gen7|1597\n|teamsize|p1|6\n|teamsize|p2|6\n|gen|8\n|tier|[Gen 8] OU\n|rated|\n|rule|Sleep Clause Mod: Limit one foe put to sleep\n|rule|Species Clause: Limit one of each Pok\u00e9mon\n|rule|OHKO Clause: OHKO moves are banned\n|rule|Evasion Moves Clause: Evasion moves are banned\n|rule|Endless Battle Clause: Forcing endless battles is banned\n|rule|HP Percentage Mod: HP is shown in percentages\n|rule|Dynamax Clause: You cannot dynamax\n|clearpoke\n|poke|p1|Zeraora|\n|poke|p1|Toxapex, M|\n|poke|p1|Garchomp, M|\n|poke|p1|Rotom-Wash|\n|poke|p1|Ferrothorn, M|\n|poke|p1|Charizard, F|\n|poke|p2|Urshifu-*, M|\n|poke|p2|Necrozma|\n|poke|p2|Tapu Lele|\n|poke|p2|Nidoking, M|\n|poke|p2|Kartana|\n|poke|p2|Dragonite, F|\n|teampreview\n|\n|t:|1659549556\n|start\n|switch|p1a: Rotom|Rotom-Wash|100\/100\n|switch|p2a: Nidoking|Nidoking, M|100\/100\n|turn|1\n|inactive|Battle timer is ON: inactive players will automatically lose when time's up. (requested by jeandonis02)\n|\n|t:|1659549565\n|move|p2a: Nidoking|Stealth Rock|p1a: Rotom\n|-sidestart|p1: jeandonis02|move: Stealth Rock\n|move|p1a: Rotom|Hydro Pump|p2a: Nidoking\n|-supereffective|p2a: Nidoking\n|-enditem|p2a: Nidoking|Focus Sash\n|-damage|p2a: Nidoking|1\/100\n|\n|upkeep\n|turn|2\n|\n|t:|1659549569\n|move|p2a: Nidoking|Sludge Wave|p1a: Rotom\n|-damage|p1a: Rotom|59\/100\n|move|p1a: Rotom|Defog|p2a: Nidoking\n|-unboost|p2a: Nidoking|evasion|1\n|-sideend|p1: jeandonis02|Stealth Rock|[from] move: Defog|[of] p1a: Rotom\n|\n|-heal|p1a: Rotom|65\/100|[from] item: Leftovers\n|upkeep\n|turn|3\n|\n|t:|1659549574\n|move|p2a: Nidoking|Stealth Rock|p1a: Rotom\n|-sidestart|p1: jeandonis02|move: Stealth Rock\n|move|p1a: Rotom|Defog|p2a: Nidoking\n|-unboost|p2a: Nidoking|evasion|1\n|-sideend|p1: jeandonis02|Stealth Rock|[from] move: Defog|[of] p1a: Rotom\n|\n|-heal|p1a: Rotom|71\/100|[from] item: Leftovers\n|upkeep\n|turn|4\n|\n|t:|1659549580\n|move|p2a: Nidoking|Sludge Wave|p1a: Rotom\n|-damage|p1a: Rotom|25\/100\n|move|p1a: Rotom|Will-O-Wisp|p2a: Nidoking\n|-status|p2a: Nidoking|brn\n|\n|-heal|p1a: Rotom|31\/100|[from] item: Leftovers\n|-damage|p2a: Nidoking|0 fnt|[from] brn\n|faint|p2a: Nidoking\n|upkeep\n|j| Greedy_eb\n|\n|t:|1659549589\n|switch|p2a: Urshifu|Urshifu-Rapid-Strike, M|100\/100\n|turn|5\n|\n|t:|1659549594\n|switch|p1a: Toxapex|Toxapex, M|100\/100\n|move|p2a: Urshifu|Surging Strikes|p1a: Toxapex\n|-resisted|p1a: Toxapex\n|-crit|p1a: Toxapex\n|-damage|p1a: Toxapex|89\/100\n|-resisted|p1a: Toxapex\n|-crit|p1a: Toxapex\n|-damage|p1a: Toxapex|78\/100\n|-resisted|p1a: Toxapex\n|-crit|p1a: Toxapex\n|-damage|p1a: Toxapex|67\/100\n|-hitcount|p1a: Toxapex|3\n|\n|-heal|p1a: Toxapex|73\/100|[from] item: Black Sludge\n|upkeep\n|turn|6\n|\n|t:|1659549598\n|switch|p2a: Tapu Lele|Tapu Lele, shiny|100\/100\n|-fieldstart|move: Psychic Terrain|[from] ability: Psychic Surge|[of] p2a: Tapu Lele\n|move|p1a: Toxapex|Toxic|p2a: Tapu Lele\n|-status|p2a: Tapu Lele|tox\n|\n|-heal|p1a: Toxapex|79\/100|[from] item: Black Sludge\n|-damage|p2a: Tapu Lele|94\/100 tox|[from] psn\n|upkeep\n|turn|7\n|\n|t:|1659549607\n|move|p1a: Toxapex|Baneful Bunker|p1a: Toxapex\n|-singleturn|p1a: Toxapex|move: Protect\n|move|p2a: Tapu Lele|Psychic|p1a: Toxapex\n|-activate|p1a: Toxapex|move: Protect\n|\n|-heal|p1a: Toxapex|85\/100|[from] item: Black Sludge\n|-damage|p2a: Tapu Lele|82\/100 tox|[from] psn\n|upkeep\n|turn|8\n|\n|t:|1659549611\n|switch|p2a: Necrozma|Necrozma, shiny|100\/100\n|switch|p1a: Ferrothorn|Ferrothorn, M|100\/100\n|\n|upkeep\n|turn|9\n|\n|t:|1659549640\n|switch|p1a: Rotom|Rotom-Wash|31\/100\n|move|p2a: Necrozma|Heat Wave|p1a: Rotom\n|-resisted|p1a: Rotom\n|-damage|p1a: Rotom|14\/100\n|\n|-heal|p1a: Rotom|20\/100|[from] item: Leftovers\n|upkeep\n|turn|10\n|\n|t:|1659549646\n|move|p2a: Necrozma|Psyshock|p1a: Rotom\n|-damage|p1a: Rotom|0 fnt\n|faint|p1a: Rotom\n|\n|-fieldend|move: Psychic Terrain\n|upkeep\n|\n|t:|1659549648\n|switch|p1a: Garchomp|Garchomp, M|100\/100\n|turn|11\n|\n|t:|1659549654\n|switch|p2a: Tapu Lele|Tapu Lele, shiny|82\/100 tox\n|-fieldstart|move: Psychic Terrain|[from] ability: Psychic Surge|[of] p2a: Tapu Lele\n|move|p1a: Garchomp|Outrage|p2a: Tapu Lele\n|-immune|p2a: Tapu Lele\n|\n|-damage|p2a: Tapu Lele|76\/100 tox|[from] psn\n|upkeep\n|turn|12\n|\n|t:|1659549660\n|switch|p1a: Toxapex|Toxapex, M|100\/100\n|move|p2a: Tapu Lele|Focus Blast|p1a: Toxapex|[miss]\n|-miss|p2a: Tapu Lele|p1a: Toxapex\n|\n|-damage|p2a: Tapu Lele|64\/100 tox|[from] psn\n|upkeep\n|turn|13\n|\n|t:|1659549667\n|switch|p2a: Necrozma|Necrozma, shiny|100\/100\n|switch|p1a: Garchomp|Garchomp, M|100\/100\n|\n|upkeep\n|turn|14\n|\n|t:|1659549673\n|move|p1a: Garchomp|Outrage|p2a: Necrozma\n|-damage|p2a: Necrozma|16\/100\n|move|p2a: Necrozma|Rock Polish|p2a: Necrozma\n|-boost|p2a: Necrozma|spe|2\n|\n|upkeep\n|turn|15\n|\n|t:|1659549677\n|move|p2a: Necrozma|Psyshock|p1a: Garchomp\n|-damage|p1a: Garchomp|46\/100\n|move|p1a: Garchomp|Outrage|p2a: Necrozma|[from]lockedmove\n|-damage|p2a: Necrozma|0 fnt\n|faint|p2a: Necrozma\n|\n|-fieldend|move: Psychic Terrain\n|upkeep\n|\n|t:|1659549683\n|switch|p2a: Tapu Lele|Tapu Lele, shiny|64\/100 tox\n|-fieldstart|move: Psychic Terrain|[from] ability: Psychic Surge|[of] p2a: Tapu Lele\n|turn|16\n|\n|t:|1659549684\n|move|p1a: Garchomp|Outrage|p2a: Tapu Lele|[from]lockedmove\n|-immune|p2a: Tapu Lele\n|-start|p1a: Garchomp|confusion|[fatigue]\n|move|p2a: Tapu Lele|Moonblast|p1a: Garchomp\n|-supereffective|p1a: Garchomp\n|-damage|p1a: Garchomp|0 fnt\n|faint|p1a: Garchomp\n|\n|-damage|p2a: Tapu Lele|58\/100 tox|[from] psn\n|upkeep\n|\n|t:|1659549694\n|switch|p1a: Ferrothorn|Ferrothorn, M|100\/100\n|turn|17\n|\n|t:|1659549709\n|switch|p2a: Urshifu|Urshifu-Rapid-Strike, M|100\/100\n|move|p1a: Ferrothorn|Thunder Wave|p2a: Urshifu\n|-status|p2a: Urshifu|par\n|\n|upkeep\n|turn|18\n|\n|t:|1659549719\n|switch|p2a: Tapu Lele|Tapu Lele, shiny|58\/100 tox\n|switch|p1a: Toxapex|Toxapex, M|100\/100\n|\n|-damage|p2a: Tapu Lele|52\/100 tox|[from] psn\n|upkeep\n|turn|19\n|\n|t:|1659549732\n|move|p1a: Toxapex|Baneful Bunker|p1a: Toxapex\n|-singleturn|p1a: Toxapex|move: Protect\n|move|p2a: Tapu Lele|Psychic|p1a: Toxapex\n|-activate|p1a: Toxapex|move: Protect\n|\n|-damage|p2a: Tapu Lele|40\/100 tox|[from] psn\n|upkeep\n|turn|20\n|l| Greedy_eb\n|\n|t:|1659549739\n|move|p2a: Tapu Lele|Psychic|p1a: Toxapex\n|-supereffective|p1a: Toxapex\n|-damage|p1a: Toxapex|0 fnt\n|faint|p1a: Toxapex\n|\n|-damage|p2a: Tapu Lele|22\/100 tox|[from] psn\n|-fieldend|move: Psychic Terrain\n|upkeep\n|\n|t:|1659549742\n|switch|p1a: Charizard|Charizard, F|100\/100\n|turn|21\n|\n|t:|1659549769\n|move|p1a: Charizard|Belly Drum|p1a: Charizard\n|-damage|p1a: Charizard|50\/100\n|-setboost|p1a: Charizard|atk|6|[from] move: Belly Drum\n|-enditem|p1a: Charizard|Sitrus Berry|[eat]\n|-heal|p1a: Charizard|75\/100|[from] item: Sitrus Berry\n|move|p2a: Tapu Lele|Psychic|p1a: Charizard\n|-damage|p1a: Charizard|0 fnt\n|faint|p1a: Charizard\n|\n|-damage|p2a: Tapu Lele|0 fnt|[from] psn\n|faint|p2a: Tapu Lele\n|upkeep\n|\n|t:|1659549781\n|switch|p1a: Ferrothorn|Ferrothorn, M|100\/100\n|switch|p2a: Dragonite|Dragonite, F|100\/100\n|turn|22\n|\n|t:|1659549787\n|move|p2a: Dragonite|Dragon Dance|p2a: Dragonite\n|-boost|p2a: Dragonite|atk|1\n|-boost|p2a: Dragonite|spe|1\n|move|p1a: Ferrothorn|Leech Seed|p2a: Dragonite\n|-start|p2a: Dragonite|move: Leech Seed\n|\n|-damage|p2a: Dragonite|88\/100|[from] Leech Seed|[of] p1a: Ferrothorn\n|upkeep\n|turn|23\n|\n|t:|1659549799\n|move|p2a: Dragonite|Superpower|p1a: Ferrothorn\n|-supereffective|p1a: Ferrothorn\n|-crit|p1a: Ferrothorn\n|-damage|p1a: Ferrothorn|0 fnt\n|-unboost|p2a: Dragonite|atk|1\n|-unboost|p2a: Dragonite|def|1\n|-damage|p2a: Dragonite|76\/100|[from] ability: Iron Barbs|[of] p1a: Ferrothorn\n|-damage|p2a: Dragonite|59\/100|[from] item: Rocky Helmet|[of] p1a: Ferrothorn\n|faint|p1a: Ferrothorn\n|\n|upkeep\n|inactive|jeandonis02 has 120 seconds left.\n|inactive|jeandonis02 has 90 seconds left.\n|inactive|jeandonis02 has 60 seconds left.\n|inactive|jeandonis02 has 30 seconds left.\n|inactive|jeandonis02 has 20 seconds left.\n|inactive|jeandonis02 has 15 seconds left.\n|inactive|jeandonis02 has 10 seconds left.\n|inactive|jeandonis02 has 5 seconds left.\n|\n|t:|1659549946\n|switch|p1a: Zeraora|Zeraora|100\/100\n|turn|24\n|inactive|jeandonis02 has 15 seconds left this turn.\n|inactive|jeandonis02 has 10 seconds left.\n|\n|t:|1659549957\n|move|p1a: Zeraora|Plasma Fists|p2a: Dragonite\n|-crit|p2a: Dragonite\n|-damage|p2a: Dragonite|0 fnt\n|-fieldactivate|move: Ion Deluge\n|-hint|Normal-type moves become Electric-type after using Plasma Fists.\n|faint|p2a: Dragonite\n|\n|upkeep\n|inactive|jeandonis02 has 15 seconds left this turn.\n|\n|t:|1659549961\n|switch|p2a: Kartana|Kartana, shiny|100\/100\n|turn|25\n|inactive|jeandonis02 has 25 seconds left this turn.\n|\n|t:|1659549966\n|move|p2a: Kartana|Leaf Blade|p1a: Zeraora\n|-crit|p1a: Zeraora\n|-enditem|p1a: Zeraora|Focus Sash\n|-damage|p1a: Zeraora|1\/100\n|move|p1a: Zeraora|Knock Off|p2a: Kartana\n|-damage|p2a: Kartana|71\/100\n|-enditem|p2a: Kartana|Choice Scarf|[from] move: Knock Off|[of] p1a: Zeraora\n|\n|upkeep\n|turn|26\n|\n|t:|1659549973\n|move|p1a: Zeraora|Close Combat|p2a: Kartana\n|-supereffective|p2a: Kartana\n|-damage|p2a: Kartana|0 fnt\n|-unboost|p1a: Zeraora|def|1\n|-unboost|p1a: Zeraora|spd|1\n|faint|p2a: Kartana\n|\n|upkeep\n|\n|t:|1659549975\n|switch|p2a: Urshifu|Urshifu-Rapid-Strike, M|100\/100 par\n|turn|27\n|\n|t:|1659549978\n|move|p1a: Zeraora|Plasma Fists|p2a: Urshifu\n|-supereffective|p2a: Urshifu\n|-damage|p2a: Urshifu|2\/100 par\n|-fieldactivate|move: Ion Deluge\n|-hint|Normal-type moves become Electric-type after using Plasma Fists.\n|cant|p2a: Urshifu|par\n|\n|upkeep\n|turn|28\n|c|\u2606LT91BB shoot|lol\n|-message|LT91BB shoot forfeited.\n|\n|win|jeandonis02\n|raw|jeandonis02's rating: 1625 &rarr; <strong>1642<\/strong><br \/>(+17 for winning)\n|raw|LT91BB shoot's rating: 1577 &rarr; <strong>1560<\/strong><br \/>(-17 for losing)\n|l|\u2606LT91BB shoot\n|c|\u2606jeandonis02|Gg\n||Ladder isn't responding, score probably updated but might not have (Request timeout).\n","uploadtime":1659550001,"views":29,"p1id":"jeandonis02","p2id":"lt91bbshoot","formatid":"gen8ou","rating":1560,"private":0,"password":null}