{"id":"gen8bdspou-1524759609","p1":"Blazking","p2":"Benjamin Gilbert","format":"gen8bdspou","log":"|j|\u2606Blazking\n|j|\u2606Benjamin Gilbert\n|inactive|Battle timer is ON: inactive players will automatically lose when time's up.\n|t:|1646576752\n|gametype|singles\n|player|p1|Blazking|iris|\n|player|p2|Benjamin Gilbert|unknown|\n|teamsize|p1|6\n|teamsize|p2|6\n|gen|8\n|tier|[Gen 8 BDSP] OU\n|rated|Tournament battle\n|rule|Sleep Clause Mod: Limit one foe put to sleep\n|rule|Species Clause: Limit one of each Pok\u00e9mon\n|rule|OHKO Clause: OHKO moves are banned\n|rule|Evasion Moves Clause: Evasion moves are banned\n|rule|Endless Battle Clause: Forcing endless battles is banned\n|rule|HP Percentage Mod: HP is shown in percentages\n|clearpoke\n|poke|p1|Latios, M|\n|poke|p1|Scizor, F|\n|poke|p1|Breloom, M|\n|poke|p1|Gliscor, M|\n|poke|p1|Feraligatr, F|\n|poke|p1|Weavile, F|\n|poke|p2|Blissey, F|\n|poke|p2|Gliscor, M|\n|poke|p2|Heatran, M|\n|poke|p2|Tangrowth, M|\n|poke|p2|Weavile, F|\n|poke|p2|Clefable, M|\n|teampreview\n|inactive|Blazking also wants the timer to be on.\n|j| FrankRayquaza\n|\n|t:|1646576770\n|start\n|switch|p1a: Breloom|Breloom, M|100\/100\n|switch|p2a: Weavile|Weavile, F|100\/100\n|-ability|p2a: Weavile|Pressure\n|turn|1\n|\n|t:|1646576785\n|switch|p2a: Tangrowth|Tangrowth, M, shiny|100\/100\n|switch|p1a: Scizor|Scizor, F|100\/100\n|\n|upkeep\n|turn|2\n|\n|t:|1646576790\n|switch|p2a: Gliscor|Gliscor, M, shiny|100\/100\n|move|p1a: Scizor|U-turn|p2a: Gliscor\n|-resisted|p2a: Gliscor\n|-damage|p2a: Gliscor|91\/100\n|j| demirab1\n|\n|t:|1646576803\n|switch|p1a: Weavile|Weavile, F|100\/100|[from]move: U-turn\n|-ability|p1a: Weavile|Pressure\n|\n|-status|p2a: Gliscor|tox|[from] item: Toxic Orb\n|upkeep\n|turn|3\n|\n|t:|1646576814\n|switch|p2a: Tangrowth|Tangrowth, M, shiny|100\/100\n|move|p1a: Weavile|Icicle Crash|p2a: Tangrowth\n|-supereffective|p2a: Tangrowth\n|-enditem|p2a: Tangrowth|Yache Berry|[eat]\n|-enditem|p2a: Tangrowth|Yache Berry|[weaken]\n|-damage|p2a: Tangrowth|70\/100\n|\n|upkeep\n|turn|4\n|\n|t:|1646576836\n|switch|p1a: Scizor|Scizor, F|100\/100\n|switch|p2a: Heatran|Heatran, M|100\/100\n|\n|upkeep\n|turn|5\n|\n|t:|1646576844\n|switch|p1a: Gliscor|Gliscor, M|100\/100\n|move|p2a: Heatran|Magma Storm|p1a: Gliscor\n|-damage|p1a: Gliscor|32\/100\n|-activate|p1a: Gliscor|move: Magma Storm|[of] p2a: Heatran\n|\n|-damage|p1a: Gliscor|19\/100|[from] move: Magma Storm|[partiallytrapped]\n|-status|p1a: Gliscor|tox|[from] item: Toxic Orb\n|upkeep\n|turn|6\n|\n|t:|1646576849\n|move|p2a: Heatran|Magma Storm|p1a: Gliscor\n|-damage|p1a: Gliscor|0 fnt\n|faint|p1a: Gliscor\n|\n|upkeep\n|\n|t:|1646576857\n|switch|p1a: Feraligatr|Feraligatr, F|100\/100\n|turn|7\n|\n|t:|1646576865\n|switch|p2a: Tangrowth|Tangrowth, M, shiny|100\/100\n|move|p1a: Feraligatr|Dragon Dance|p1a: Feraligatr\n|-boost|p1a: Feraligatr|atk|1\n|-boost|p1a: Feraligatr|spe|1\n|\n|upkeep\n|turn|8\n|\n|t:|1646576869\n|move|p1a: Feraligatr|Ice Punch|p2a: Tangrowth\n|-supereffective|p2a: Tangrowth\n|-damage|p2a: Tangrowth|39\/100\n|move|p2a: Tangrowth|Giga Drain|p1a: Feraligatr\n|-supereffective|p1a: Feraligatr\n|-damage|p1a: Feraligatr|28\/100\n|-heal|p2a: Tangrowth|67\/100|[from] drain|[of] p1a: Feraligatr\n|\n|upkeep\n|turn|9\n|\n|t:|1646576875\n|move|p1a: Feraligatr|Ice Punch|p2a: Tangrowth\n|-supereffective|p2a: Tangrowth\n|-damage|p2a: Tangrowth|7\/100\n|move|p2a: Tangrowth|Giga Drain|p1a: Feraligatr\n|-supereffective|p1a: Feraligatr\n|-crit|p1a: Feraligatr\n|-damage|p1a: Feraligatr|0 fnt\n|-heal|p2a: Tangrowth|18\/100|[from] drain|[of] p1a: Feraligatr\n|faint|p1a: Feraligatr\n|\n|upkeep\n|\n|t:|1646576886\n|switch|p1a: Breloom|Breloom, M|100\/100\n|turn|10\n|\n|t:|1646576891\n|switch|p2a: Gliscor|Gliscor, M, shiny|91\/100 tox\n|move|p1a: Breloom|Swords Dance|p1a: Breloom\n|-boost|p1a: Breloom|atk|2\n|\n|-heal|p2a: Gliscor|100\/100 tox|[from] ability: Poison Heal\n|upkeep\n|turn|11\n|\n|t:|1646576903\n|switch|p2a: Heatran|Heatran, M|100\/100\n|move|p1a: Breloom|Bullet Seed|p2a: Heatran\n|-resisted|p2a: Heatran\n|-damage|p2a: Heatran|89\/100\n|-resisted|p2a: Heatran\n|-damage|p2a: Heatran|76\/100\n|-resisted|p2a: Heatran\n|-damage|p2a: Heatran|65\/100\n|-resisted|p2a: Heatran\n|-damage|p2a: Heatran|54\/100\n|-hitcount|p2a: Heatran|4\n|\n|-heal|p2a: Heatran|60\/100|[from] item: Leftovers\n|upkeep\n|turn|12\n|\n|t:|1646576915\n|switch|p2a: Clefable|Clefable, M, shiny|100\/100\n|move|p1a: Breloom|Mach Punch|p2a: Clefable\n|-resisted|p2a: Clefable\n|-damage|p2a: Clefable|89\/100\n|\n|-heal|p2a: Clefable|95\/100|[from] item: Leftovers\n|upkeep\n|turn|13\n|\n|t:|1646576922\n|switch|p1a: Scizor|Scizor, F|100\/100\n|move|p2a: Clefable|Thunder Wave|p1a: Scizor\n|-status|p1a: Scizor|par\n|\n|-heal|p2a: Clefable|100\/100|[from] item: Leftovers\n|upkeep\n|turn|14\n|\n|t:|1646576936\n|switch|p2a: Heatran|Heatran, M|60\/100\n|move|p1a: Scizor|U-turn|p2a: Heatran\n|-resisted|p2a: Heatran\n|-damage|p2a: Heatran|53\/100\n|\n|t:|1646576941\n|switch|p1a: Breloom|Breloom, M|100\/100|[from]move: U-turn\n|\n|-heal|p2a: Heatran|59\/100|[from] item: Leftovers\n|upkeep\n|turn|15\n|\n|t:|1646576946\n|switch|p2a: Clefable|Clefable, M, shiny|100\/100\n|move|p1a: Breloom|Bullet Seed|p2a: Clefable\n|-damage|p2a: Clefable|82\/100\n|-damage|p2a: Clefable|63\/100\n|-damage|p2a: Clefable|44\/100\n|-hitcount|p2a: Clefable|3\n|\n|-heal|p2a: Clefable|50\/100|[from] item: Leftovers\n|upkeep\n|turn|16\n|\n|t:|1646576957\n|move|p2a: Clefable|Protect|p2a: Clefable\n|-singleturn|p2a: Clefable|Protect\n|move|p1a: Breloom|Swords Dance|p1a: Breloom\n|-boost|p1a: Breloom|atk|2\n|\n|-heal|p2a: Clefable|57\/100|[from] item: Leftovers\n|upkeep\n|turn|17\n|\n|t:|1646576960\n|move|p1a: Breloom|Bullet Seed|p2a: Clefable\n|-damage|p2a: Clefable|40\/100\n|-damage|p2a: Clefable|21\/100\n|-hitcount|p2a: Clefable|2\n|move|p2a: Clefable|Wish|p2a: Clefable\n|\n|-heal|p2a: Clefable|27\/100|[from] item: Leftovers\n|upkeep\n|turn|18\n|\n|t:|1646576968\n|move|p2a: Clefable|Protect|p2a: Clefable\n|-singleturn|p2a: Clefable|Protect\n|move|p1a: Breloom|Bullet Seed|p2a: Clefable\n|-activate|p2a: Clefable|move: Protect\n|\n|-heal|p2a: Clefable|77\/100|[from] move: Wish|[wisher] Clefable\n|-heal|p2a: Clefable|83\/100|[from] item: Leftovers\n|upkeep\n|turn|19\n|\n|t:|1646576970\n|move|p1a: Breloom|Bullet Seed|p2a: Clefable\n|-damage|p2a: Clefable|65\/100\n|-damage|p2a: Clefable|46\/100\n|-damage|p2a: Clefable|29\/100\n|-hitcount|p2a: Clefable|3\n|move|p2a: Clefable|Wish|p2a: Clefable\n|\n|-heal|p2a: Clefable|36\/100|[from] item: Leftovers\n|upkeep\n|turn|20\n|\n|t:|1646576978\n|move|p2a: Clefable|Protect|p2a: Clefable\n|-singleturn|p2a: Clefable|Protect\n|move|p1a: Breloom|Swords Dance|p1a: Breloom\n|-boost|p1a: Breloom|atk|2\n|\n|-heal|p2a: Clefable|86\/100|[from] move: Wish|[wisher] Clefable\n|-heal|p2a: Clefable|92\/100|[from] item: Leftovers\n|upkeep\n|turn|21\n|\n|t:|1646576983\n|move|p1a: Breloom|Bullet Seed|p2a: Clefable\n|-damage|p2a: Clefable|73\/100\n|-damage|p2a: Clefable|56\/100\n|-hitcount|p2a: Clefable|2\n|move|p2a: Clefable|Wish|p2a: Clefable\n|\n|-heal|p2a: Clefable|62\/100|[from] item: Leftovers\n|upkeep\n|turn|22\n|\n|t:|1646576988\n|move|p1a: Breloom|Bullet Seed|p2a: Clefable\n|-damage|p2a: Clefable|42\/100\n|-damage|p2a: Clefable|26\/100\n|-hitcount|p2a: Clefable|2\n|move|p2a: Clefable|Moonblast|p1a: Breloom\n|-supereffective|p1a: Breloom\n|-damage|p1a: Breloom|0 fnt\n|faint|p1a: Breloom\n|\n|-heal|p2a: Clefable|76\/100|[from] move: Wish|[wisher] Clefable\n|-heal|p2a: Clefable|82\/100|[from] item: Leftovers\n|upkeep\n|-message|Blazking forfeited.\n|\n|win|Benjamin Gilbert\n|n|\u2606Blazking|blazking\n|n|\u2606Benjamin Gilbert|benjamingilbert\n|n| FrankRayquaza|frankrayquaza\n|n| demirab1|demirab1\n|l|\u2606Blazking\n|l|\u2606Benjamin Gilbert\n|l| demirab1\n|j| dotting eyes\n","uploadtime":1646577003,"views":29,"p1id":"blazking","p2id":"benjamingilbert","formatid":"gen8bdspou","rating":0,"private":0,"password":null}