{"id":"gen8ou-1497035416","p1":"BeastyJ157","p2":"Kwame","format":"gen8ou","log":"|j|\u2606BeastyJ157\n|j|\u2606Kwame\n|inactive|Battle timer is ON: inactive players will automatically lose when time's up.\n|t:|1642966880\n|gametype|singles\n|player|p1|BeastyJ157|greta-gen3|\n|player|p2|Kwame|marshal|\n|teamsize|p1|6\n|teamsize|p2|6\n|gen|8\n|tier|[Gen 8] OU\n|rated|Tournament battle\n|rule|Sleep Clause Mod: Limit one foe put to sleep\n|rule|Species Clause: Limit one of each Pok\u00e9mon\n|rule|OHKO Clause: OHKO moves are banned\n|rule|Evasion Moves Clause: Evasion moves are banned\n|rule|Endless Battle Clause: Forcing endless battles is banned\n|rule|HP Percentage Mod: HP is shown in percentages\n|rule|Dynamax Clause: You cannot dynamax\n|clearpoke\n|poke|p1|Weavile, M|\n|poke|p1|Landorus-Therian, M|\n|poke|p1|Ferrothorn, F|\n|poke|p1|Tornadus-Therian, M|\n|poke|p1|Nidoking, M|\n|poke|p1|Tapu Lele|\n|poke|p2|Porygon2|\n|poke|p2|Urshifu-*, F|\n|poke|p2|Melmetal|\n|poke|p2|Mew|\n|poke|p2|Volcarona, F|\n|poke|p2|Slowbro-Galar, M|\n|teampreview\n|inactive|BeastyJ157 also wants the timer to be on.\n|j| Mask Change II\n|inactive|BeastyJ157 has 120 seconds left.\n|j|@mcp3\n|j| SchwayXO\n|\n|t:|1642966932\n|start\n|switch|p1a: Tornadus|Tornadus-Therian, M|100\/100\n|switch|p2a: Kenichi|Urshifu-Rapid-Strike, F|100\/100\n|turn|1\n|\n|t:|1642966937\n|switch|p2a: Daffy|Porygon2, shiny|100\/100\n|-ability|p2a: Daffy|Regenerator|[from] ability: Trace|[of] p1a: Tornadus\n|move|p1a: Tornadus|Knock Off|p2a: Daffy\n|-damage|p2a: Daffy|86\/100\n|-enditem|p2a: Daffy|Eviolite|[from] move: Knock Off|[of] p1a: Tornadus\n|\n|upkeep\n|turn|2\n|j| 73510a\n|\n|t:|1642966961\n|move|p1a: Tornadus|U-turn|p2a: Daffy\n|-damage|p2a: Daffy|71\/100\n|\n|t:|1642966963\n|switch|p1a: Ferro|Ferrothorn, F|100\/100|[from]move: U-turn\n|move|p2a: Daffy|Discharge|p1a: Ferro\n|-resisted|p1a: Ferro\n|-damage|p1a: Ferro|90\/100\n|-status|p1a: Ferro|par\n|\n|-heal|p1a: Ferro|96\/100 par|[from] item: Leftovers\n|upkeep\n|turn|3\n|\n|t:|1642966969\n|switch|p2a: Django|Slowbro-Galar, M|100\/100\n|move|p1a: Ferro|Spikes|p2a: Django\n|-sidestart|p2: Kwame|Spikes\n|\n|-heal|p1a: Ferro|100\/100 par|[from] item: Leftovers\n|upkeep\n|turn|4\n|\n|t:|1642966978\n|switch|p1a: Tornadus|Tornadus-Therian, M|100\/100\n|move|p2a: Django|Flamethrower|p1a: Tornadus\n|-damage|p1a: Tornadus|82\/100\n|-status|p1a: Tornadus|brn\n|\n|-damage|p1a: Tornadus|76\/100 brn|[from] brn\n|upkeep\n|turn|5\n|j| Seginho2009BRXD\n|\n|t:|1642966982\n|move|p1a: Tornadus|Knock Off|p2a: Django\n|-supereffective|p2a: Django\n|-damage|p2a: Django|81\/100\n|-enditem|p2a: Django|Assault Vest|[from] move: Knock Off|[of] p1a: Tornadus\n|move|p2a: Django|Sludge Wave|p1a: Tornadus\n|-damage|p1a: Tornadus|45\/100 brn\n|\n|-damage|p1a: Tornadus|39\/100 brn|[from] brn\n|upkeep\n|turn|6\n|\n|t:|1642966998\n|move|p1a: Tornadus|U-turn|p2a: Django\n|-damage|p2a: Django|75\/100\n|j| Zombini62\n|j|@iron\u2602water \u266b\n|inactive|BeastyJ157 has 120 seconds left.\n|j| TheNewBrends11\n|\n|t:|1642967045\n|switch|p1a: Nidoking|Nidoking, M|100\/100|[from]move: U-turn\n|move|p2a: Django|Sludge Wave|p1a: Nidoking\n|-resisted|p1a: Nidoking\n|-damage|p1a: Nidoking|85\/100\n|\n|upkeep\n|turn|7\n|\n|t:|1642967055\n|move|p1a: Nidoking|Earth Power|p2a: Django\n|-supereffective|p2a: Django\n|-damage|p2a: Django|0 fnt\n|faint|p2a: Django\n|\n|upkeep\n|\n|t:|1642967058\n|switch|p2a: Serenity|Volcarona, F|100\/100\n|turn|8\n|c|\u2606BeastyJ157|the one time i dont have a tran\n|c| Mask Change II|kkkkkkkkk\n|inactive|BeastyJ157 has 90 seconds left.\n|\n|t:|1642967097\n|move|p2a: Serenity|Quiver Dance|p2a: Serenity\n|-boost|p2a: Serenity|spa|1\n|-boost|p2a: Serenity|spd|1\n|-boost|p2a: Serenity|spe|1\n|move|p1a: Nidoking|Sludge Wave|p2a: Serenity\n|-damage|p2a: Serenity|58\/100\n|\n|upkeep\n|turn|9\n|c| SchwayXO|gg..\n|\n|t:|1642967116\n|move|p2a: Serenity|Psychic|p1a: Nidoking\n|-supereffective|p1a: Nidoking\n|-crit|p1a: Nidoking\n|-damage|p1a: Nidoking|0 fnt\n|faint|p1a: Nidoking\n|\n|upkeep\n|c| TheNewBrends11|the crit\n|\n|t:|1642967124\n|switch|p1a: Tapu Lele|Tapu Lele|100\/100\n|-fieldstart|move: Psychic Terrain|[from] ability: Psychic Surge|[of] p1a: Tapu Lele\n|turn|10\n|l| Zombini62\n|\n|t:|1642967128\n|move|p1a: Tapu Lele|Psyshock|p2a: Serenity\n|-damage|p2a: Serenity|0 fnt\n|faint|p2a: Serenity\n|\n|upkeep\n|\n|t:|1642967131\n|switch|p2a: BIG MEATY CLAWS|Melmetal|100\/100\n|-damage|p2a: BIG MEATY CLAWS|88\/100|[from] Spikes\n|turn|11\n|inactive|BeastyJ157 has 90 seconds left.\n|c|\u2606BeastyJ157|tbh i shoulda went hard lele at the start lol\n|\n|t:|1642967167\n|switch|p1a: Ferro|Ferrothorn, F|100\/100 par\n|move|p2a: BIG MEATY CLAWS|Ice Punch|p1a: Ferro\n|-damage|p1a: Ferro|79\/100 par\n|-damage|p2a: BIG MEATY CLAWS|76\/100|[from] ability: Iron Barbs|[of] p1a: Ferro\n|\n|-heal|p1a: Ferro|85\/100 par|[from] item: Leftovers\n|upkeep\n|turn|12\n|j| Ch_o's~e T-r!u)c\n|\n|t:|1642967181\n|switch|p2a: RPL|Mew|100\/100\n|-damage|p2a: RPL|88\/100|[from] Spikes\n|move|p1a: Ferro|Knock Off|p2a: RPL\n|-supereffective|p2a: RPL\n|-crit|p2a: RPL\n|-damage|p2a: RPL|25\/100\n|-enditem|p2a: RPL|Leftovers|[from] move: Knock Off|[of] p1a: Ferro\n|\n|-heal|p1a: Ferro|92\/100 par|[from] item: Leftovers\n|upkeep\n|turn|13\n|\n|t:|1642967189\n|switch|p1a: Tornadus|Tornadus-Therian, M|72\/100 brn\n|move|p2a: RPL|Aura Sphere|p1a: Tornadus\n|-resisted|p1a: Tornadus\n|-damage|p1a: Tornadus|65\/100 brn\n|\n|-damage|p1a: Tornadus|59\/100 brn|[from] brn\n|upkeep\n|turn|14\n|\n|t:|1642967195\n|move|p1a: Tornadus|Hurricane|p2a: RPL|[miss]\n|-miss|p1a: Tornadus|p2a: RPL\n|move|p2a: RPL|Psyshock|p1a: Tornadus\n|-damage|p1a: Tornadus|8\/100 brn\n|\n|-damage|p1a: Tornadus|2\/100 brn|[from] brn\n|-fieldend|move: Psychic Terrain\n|upkeep\n|turn|15\n|\n|t:|1642967203\n|move|p1a: Tornadus|U-turn|p2a: RPL\n|-supereffective|p2a: RPL\n|-damage|p2a: RPL|10\/100\n|c| SchwayXO|lots of hax going on\n|inactive|BeastyJ157 has 90 seconds left.\n|c|\u2606BeastyJ157|lol\n|c|\u2606Kwame|it be liek that sometimes\n|c|\u2606BeastyJ157|i could\n|j| Yelodash\n|c|\u2606BeastyJ157|go into weavile\n|c|\u2606Kwame|I'm done anyway\n|c|\u2606BeastyJ157|but i dont move like that\n|\n|t:|1642967233\n|switch|p1a: Lando|Landorus-Therian, M|100\/100|[from]move: U-turn\n|-ability|p1a: Lando|Intimidate|boost\n|-unboost|p2a: RPL|atk|1\n|move|p2a: RPL|Psyshock|p1a: Lando\n|-damage|p1a: Lando|66\/100\n|\n|-heal|p1a: Lando|72\/100|[from] item: Leftovers\n|upkeep\n|turn|16\n|n| Cerenkov Radiation|yelodash\n|l| Cerenkov Radiation\n|\n|t:|1642967243\n|move|p2a: RPL|Psyshock|p1a: Lando\n|-damage|p1a: Lando|41\/100\n|move|p1a: Lando|U-turn|p2a: RPL\n|-supereffective|p2a: RPL\n|-damage|p2a: RPL|0 fnt\n|faint|p2a: RPL\n|\n|t:|1642967247\n|switch|p1a: Tornadus|Tornadus-Therian, M|35\/100 brn|[from]move: U-turn\n|\n|-damage|p1a: Tornadus|29\/100 brn|[from] brn\n|upkeep\n|\n|t:|1642967250\n|switch|p2a: BIG MEATY CLAWS|Melmetal|76\/100\n|-damage|p2a: BIG MEATY CLAWS|64\/100|[from] Spikes\n|turn|17\n|inactive|BeastyJ157 has 90 seconds left.\n|\n|t:|1642967265\n|move|p1a: Tornadus|U-turn|p2a: BIG MEATY CLAWS\n|-resisted|p2a: BIG MEATY CLAWS\n|-damage|p2a: BIG MEATY CLAWS|61\/100\n|\n|t:|1642967267\n|switch|p1a: Ferro|Ferrothorn, F|92\/100 par|[from]move: U-turn\n|move|p2a: BIG MEATY CLAWS|Ice Punch|p1a: Ferro\n|-damage|p1a: Ferro|69\/100 par\n|-damage|p2a: BIG MEATY CLAWS|49\/100|[from] ability: Iron Barbs|[of] p1a: Ferro\n|\n|-heal|p1a: Ferro|75\/100 par|[from] item: Leftovers\n|upkeep\n|turn|18\n|l| Ch_o's~e T-r!u)c\n|inactive|Kwame has 120 seconds left.\n|j| Ch_o's~e T-r!u)c\n|c|\u2606Kwame|Had to double check Melmatal didn't learn hammer arm\n|\n|t:|1642967314\n|move|p2a: BIG MEATY CLAWS|Earthquake|p1a: Ferro\n|-damage|p1a: Ferro|52\/100 par\n|move|p1a: Ferro|Body Press|p2a: BIG MEATY CLAWS\n|-supereffective|p2a: BIG MEATY CLAWS\n|-crit|p2a: BIG MEATY CLAWS\n|-damage|p2a: BIG MEATY CLAWS|4\/100\n|\n|-heal|p1a: Ferro|59\/100 par|[from] item: Leftovers\n|upkeep\n|turn|19\n|inactive|BeastyJ157 has 90 seconds left.\n|c|\u2606BeastyJ157|how much crits have there been this game\n|j| Hatersmad\n|c|\u2606Kwame|it be like that sometimes\n|c|\u2606BeastyJ157|rup superpower\n|c|\u2606Kwame|eh\n|c|\u2606Kwame|not a fan\n|c| TheNewBrends11|normally there's only a 4% chance for a crit to happen\n|\n|t:|1642967356\n|move|p2a: BIG MEATY CLAWS|Earthquake|p1a: Ferro\n|-damage|p1a: Ferro|35\/100 par\n|move|p1a: Ferro|Knock Off|p2a: BIG MEATY CLAWS\n|-damage|p2a: BIG MEATY CLAWS|0 fnt\n|-enditem|p2a: BIG MEATY CLAWS|Assault Vest|[from] move: Knock Off|[of] p1a: Ferro\n|faint|p2a: BIG MEATY CLAWS\n|\n|-heal|p1a: Ferro|41\/100 par|[from] item: Leftovers\n|upkeep\n|c|\u2606Kwame|tried body press, it's ok\n|\n|t:|1642967362\n|switch|p2a: Kenichi|Urshifu-Rapid-Strike, F|100\/100\n|-damage|p2a: Kenichi|88\/100|[from] Spikes\n|turn|20\n|\n|t:|1642967381\n|switch|p1a: Lando|Landorus-Therian, M|41\/100\n|-ability|p1a: Lando|Intimidate|boost\n|-unboost|p2a: Kenichi|atk|1\n|move|p2a: Kenichi|Drain Punch|p1a: Lando\n|-resisted|p1a: Lando\n|-damage|p1a: Lando|28\/100\n|-heal|p2a: Kenichi|95\/100|[from] drain|[of] p1a: Lando\n|\n|-heal|p1a: Lando|34\/100|[from] item: Leftovers\n|upkeep\n|turn|21\n|c|\u2606BeastyJ157|wth\n|inactive|BeastyJ157 has 60 seconds left.\n|\n|t:|1642967398\n|switch|p1a: Ferro|Ferrothorn, F|41\/100 par\n|move|p2a: Kenichi|Surging Strikes|p1a: Ferro\n|-resisted|p1a: Ferro\n|-crit|p1a: Ferro\n|-damage|p1a: Ferro|35\/100 par\n|-activate|p1a: Ferro|ability: Iron Barbs\n|-activate|p2a: Kenichi|item: Protective Pads\n|-resisted|p1a: Ferro\n|-crit|p1a: Ferro\n|-damage|p1a: Ferro|30\/100 par\n|-activate|p1a: Ferro|ability: Iron Barbs\n|-activate|p2a: Kenichi|item: Protective Pads\n|-resisted|p1a: Ferro\n|-crit|p1a: Ferro\n|-damage|p1a: Ferro|24\/100 par\n|-activate|p1a: Ferro|ability: Iron Barbs\n|-activate|p2a: Kenichi|item: Protective Pads\n|-hitcount|p1a: Ferro|3\n|\n|-heal|p1a: Ferro|30\/100 par|[from] item: Leftovers\n|upkeep\n|turn|22\n|inactive|BeastyJ157 has 60 seconds left.\n|c|\u2606BeastyJ157|oh pads\n|\n|t:|1642967411\n|move|p2a: Kenichi|Drain Punch|p1a: Ferro\n|-supereffective|p1a: Ferro\n|-damage|p1a: Ferro|0 fnt\n|-heal|p2a: Kenichi|100\/100|[from] drain|[of] p1a: Ferro\n|-activate|p1a: Ferro|ability: Iron Barbs\n|-activate|p2a: Kenichi|item: Protective Pads\n|faint|p1a: Ferro\n|\n|upkeep\n|\n|t:|1642967413\n|switch|p1a: Tornadus|Tornadus-Therian, M|62\/100 brn\n|turn|23\n|\n|t:|1642967416\n|switch|p2a: Daffy|Porygon2, shiny|100\/100\n|-damage|p2a: Daffy|88\/100|[from] Spikes\n|-ability|p2a: Daffy|Regenerator|[from] ability: Trace|[of] p1a: Tornadus\n|move|p1a: Tornadus|Hurricane|p2a: Daffy\n|-damage|p2a: Daffy|50\/100\n|\n|-damage|p1a: Tornadus|56\/100 brn|[from] brn\n|upkeep\n|turn|24\n|\n|t:|1642967427\n|move|p1a: Tornadus|U-turn|p2a: Daffy\n|-damage|p2a: Daffy|44\/100\n|\n|t:|1642967430\n|switch|p1a: Lando|Landorus-Therian, M|34\/100|[from]move: U-turn\n|-ability|p1a: Lando|Intimidate|boost\n|-unboost|p2a: Daffy|atk|1\n|move|p2a: Daffy|Recover|p2a: Daffy\n|-heal|p2a: Daffy|94\/100\n|\n|-heal|p1a: Lando|40\/100|[from] item: Leftovers\n|upkeep\n|turn|25\n|\n|t:|1642967434\n|move|p1a: Lando|Toxic|p2a: Daffy\n|-status|p2a: Daffy|tox\n|move|p2a: Daffy|Ice Beam|p1a: Lando\n|-supereffective|p1a: Lando\n|-damage|p1a: Lando|0 fnt\n|faint|p1a: Lando\n|\n|-damage|p2a: Daffy|87\/100 tox|[from] psn\n|upkeep\n|inactive|BeastyJ157 has 90 seconds left.\n|\n|t:|1642967442\n|switch|p1a: Tapu Lele|Tapu Lele|100\/100\n|-fieldstart|move: Psychic Terrain|[from] ability: Psychic Surge|[of] p1a: Tapu Lele\n|turn|26\n|\n|t:|1642967446\n|move|p1a: Tapu Lele|Psyshock|p2a: Daffy\n|-damage|p2a: Daffy|33\/100 tox\n|move|p2a: Daffy|Discharge|p1a: Tapu Lele\n|-damage|p1a: Tapu Lele|72\/100\n|\n|-damage|p2a: Daffy|21\/100 tox|[from] psn\n|upkeep\n|turn|27\n|\n|t:|1642967449\n|move|p1a: Tapu Lele|Psyshock|p2a: Daffy\n|-damage|p2a: Daffy|0 fnt\n|faint|p2a: Daffy\n|\n|upkeep\n|\n|t:|1642967451\n|switch|p2a: Kenichi|Urshifu-Rapid-Strike, F|100\/100\n|-damage|p2a: Kenichi|88\/100|[from] Spikes\n|turn|28\n|c|\u2606BeastyJ157|gg\n|c|\u2606Kwame|wp\n|\n|t:|1642967455\n|move|p1a: Tapu Lele|Psyshock|p2a: Kenichi\n|-supereffective|p2a: Kenichi\n|-damage|p2a: Kenichi|0 fnt\n|faint|p2a: Kenichi\n|\n|win|BeastyJ157\n|n|\u2606BeastyJ157|beastyj157\n|n|\u2606Kwame|kwame\n|n| Mask Change II|maskchangeii\n|n| mcp3|mcp3\n|n| SchwayXO|schwayxo\n|n| 73510a|73510a\n|n| Seginho2009BRXD|seginho2009brxd\n|n|+iron\u2602water \u266b|ironwater\n|n| TheNewBrends11|thenewbrends11\n|n| Ch_o's~e T-r!u)c|chosetruc\n|n| Hatersmad|hatersmad\n|l|\u2606BeastyJ157\n|l|\u2606Kwame\n|l|+iron\u2602water \u266b\n","uploadtime":1642967484,"views":20,"p1id":"beastyj157","p2id":"kwame","formatid":"gen8ou","rating":0,"private":0,"password":null}