{"id":"gen8vgc2021series11-1450341187","p1":"bhkg","p2":"jkiyo","format":"gen8vgc2021series11","log":"|j|\u2606bhkg\n|j|\u2606jkiyo\n|t:|1636268155\n|gametype|doubles\n|player|p1|bhkg|266|1113\n|player|p2|jkiyo|2|1056\n|teamsize|p1|6\n|teamsize|p2|6\n|gen|8\n|tier|[Gen 8] VGC 2021 Series 11\n|rated|\n|rule|Species Clause: Limit one of each Pok\u00e9mon\n|rule|Item Clause: Limit one of each item\n|clearpoke\n|poke|p1|Groudon, L50|\n|poke|p1|Steelix, L50, M|\n|poke|p1|Landorus-Therian, L50, M|\n|poke|p1|Nidoking, L50, M|\n|poke|p1|Gastrodon, L50, M|\n|poke|p1|Claydol, L50|\n|poke|p2|Ho-Oh, L50|\n|poke|p2|Torkoal, L50, M|\n|poke|p2|Tangrowth, L50, M|\n|poke|p2|Heliolisk, L50, F|\n|poke|p2|Azelf, L50|\n|poke|p2|Gastrodon, L50, F|\n|teampreview|4\n|\n|t:|1636268187\n|start\n|switch|p1a: Landorus|Landorus-Therian, L50, M|100\/100\n|switch|p1b: Steelix|Steelix, L50, M|100\/100\n|switch|p2a: Torkoal|Torkoal, L50, M|100\/100\n|switch|p2b: Heliolisk|Heliolisk, L50, F|100\/100\n|-ability|p1a: Landorus|Intimidate|boost\n|-unboost|p2a: Torkoal|atk|1\n|-unboost|p2b: Heliolisk|atk|1\n|-weather|SunnyDay|[from] ability: Drought|[of] p2a: Torkoal\n|turn|1\n|\n|t:|1636268221\n|-start|p1a: Landorus|Dynamax\n|-heal|p1a: Landorus|100\/100|[silent]\n|move|p2b: Heliolisk|Grass Knot|p1b: Steelix\n|-damage|p1b: Steelix|53\/100\n|move|p1a: Landorus|Max Rockfall|p2a: Torkoal\n|-supereffective|p2a: Torkoal\n|-damage|p2a: Torkoal|30\/100\n|-weather|Sandstorm\n|-enditem|p2a: Torkoal|Sitrus Berry|[eat]\n|-heal|p2a: Torkoal|55\/100|[from] item: Sitrus Berry\n|move|p2a: Torkoal|Yawn|p1a: Landorus\n|-start|p1a: Landorus|move: Yawn|[of] p2a: Torkoal\n|move|p1b: Steelix|Body Press|p2b: Heliolisk\n|-supereffective|p2b: Heliolisk\n|-damage|p2b: Heliolisk|0 fnt\n|faint|p2b: Heliolisk\n|\n|-weather|Sandstorm|[upkeep]\n|-damage|p2a: Torkoal|49\/100|[from] Sandstorm\n|upkeep\n|\n|t:|1636268249\n|switch|p2b: Ho-Oh|Ho-Oh, L50|100\/100\n|turn|2\n|\n|t:|1636268272\n|-start|p2b: Ho-Oh|Dynamax\n|-heal|p2b: Ho-Oh|100\/100|[silent]\n|move|p2a: Torkoal|Protect|p2a: Torkoal\n|-singleturn|p2a: Torkoal|Protect\n|move|p1a: Landorus|Max Rockfall|p2b: Ho-Oh\n|-supereffective|p2b: Ho-Oh\n|-damage|p2b: Ho-Oh|36\/100\n|move|p2b: Ho-Oh|Max Flare|p1b: Steelix\n|-supereffective|p1b: Steelix\n|-damage|p1b: Steelix|0 fnt\n|-weather|SunnyDay\n|faint|p1b: Steelix\n|\n|-weather|SunnyDay|[upkeep]\n|-end|p1a: Landorus|move: Yawn|[silent]\n|-status|p1a: Landorus|slp\n|upkeep\n|\n|t:|1636268277\n|switch|p1b: Claydol|Claydol, L50|100\/100\n|turn|3\n|\n|t:|1636268300\n|cant|p1a: Landorus|slp\n|move|p2b: Ho-Oh|Max Airstream|p1a: Landorus\n|-crit|p1a: Landorus\n|-damage|p1a: Landorus|50\/100 slp\n|-boost|p2a: Torkoal|spe|1\n|-boost|p2b: Ho-Oh|spe|1\n|move|p1b: Claydol|Earth Power|p2a: Torkoal\n|-supereffective|p2a: Torkoal\n|-damage|p2a: Torkoal|0 fnt\n|faint|p2a: Torkoal\n|\n|-weather|SunnyDay|[upkeep]\n|-end|p1a: Landorus|Dynamax\n|-heal|p1a: Landorus|50\/100 slp|[silent]\n|upkeep\n|\n|t:|1636268314\n|switch|p2a: Tangrowth|Tangrowth, L50, M|100\/100\n|turn|4\n|\n|t:|1636268334\n|move|p2b: Ho-Oh|Max Airstream|p1a: Landorus\n|-damage|p1a: Landorus|0 fnt\n|-boost|p2a: Tangrowth|spe|1\n|-boost|p2b: Ho-Oh|spe|1\n|faint|p1a: Landorus\n|move|p1b: Claydol|Psychic|p2b: Ho-Oh\n|-damage|p2b: Ho-Oh|26\/100\n|move|p2a: Tangrowth|Grass Knot|p1b: Claydol\n|-supereffective|p1b: Claydol\n|-damage|p1b: Claydol|36\/100\n|\n|-weather|SunnyDay|[upkeep]\n|-end|p2b: Ho-Oh|Dynamax\n|-heal|p2b: Ho-Oh|26\/100|[silent]\n|upkeep\n|\n|t:|1636268336\n|switch|p1a: Groudon|Groudon, L50, shiny|100\/100\n|turn|5\n|\n|t:|1636268370\n|move|p2b: Ho-Oh|Sacred Fire|p1b: Claydol\n|-damage|p1b: Claydol|0 fnt\n|faint|p1b: Claydol\n|move|p2a: Tangrowth|Grass Knot|p1a: Groudon\n|-supereffective|p1a: Groudon\n|-damage|p1a: Groudon|13\/100\n|move|p1a: Groudon|Heat Crash|p2a: Tangrowth\n|-supereffective|p2a: Tangrowth\n|-damage|p2a: Tangrowth|23\/100\n|-damage|p1a: Groudon|0 fnt|[from] item: Rocky Helmet|[of] p2a: Tangrowth\n|faint|p1a: Groudon\n|\n|win|jkiyo\n|raw|bhkg's rating: 1113 &rarr; <strong>1084<\/strong><br \/>(-29 for losing)\n|raw|jkiyo's rating: 1056 &rarr; <strong>1093<\/strong><br \/>(+37 for winning)\n|l|\u2606bhkg\n","uploadtime":1636268387,"views":18,"p1id":"bhkg","p2id":"jkiyo","formatid":"gen8vgc2021series11","rating":1084,"private":0,"password":null}