{"id":"gen8ou-1163636933","p1":"Commando 55","p2":"lt71lx vaboh","format":"gen8ou","log":"|j|\u2606Commando 55\n|j|\u2606lt71lx vaboh\n|t:|1596627736\n|player|p1|Commando 55|iris-gen5bw2|1709\n|player|p2|lt71lx vaboh|malva|1706\n|teamsize|p1|6\n|teamsize|p2|6\n|gametype|singles\n|gen|8\n|tier|[Gen 8] OU\n|rated|\n|html|<div class=\"broadcast-blue\"><strong>OU is currently suspecting Magearna! For information on how to participate check out the <a href=\"https:\/\/www.smogon.com\/forums\/threads\/3667669\/\">suspect thread<\/a>.<\/strong><\/div>\n|clearpoke\n|poke|p1|Marowak-Alola, M|\n|poke|p1|Clefable, M|\n|poke|p1|Zoroark, F|\n|poke|p1|Amoonguss, F|\n|poke|p1|Mandibuzz, F|\n|poke|p1|Lycanroc-Dusk, F|\n|poke|p2|Zeraora|\n|poke|p2|Rillaboom, M|\n|poke|p2|Clefable, F|\n|poke|p2|Blissey, F|\n|poke|p2|Skarmory, M|\n|poke|p2|Toxapex, M|\n|rule|Sleep Clause Mod: Limit one foe put to sleep\n|rule|Species Clause: Limit one of each Pok\u00e9mon\n|rule|OHKO Clause: OHKO moves are banned\n|rule|Evasion Moves Clause: Evasion moves are banned\n|rule|Endless Battle Clause: Forcing endless battles is banned\n|rule|HP Percentage Mod: HP is shown in percentages\n|rule|Dynamax Clause: You cannot dynamax\n|teampreview\n|inactive|Battle timer is ON: inactive players will automatically lose when time's up. (requested by lt71lx vaboh)\n|j| LT71LX Newal\n|\n|t:|1596627755\n|start\n|switch|p1a: Marowak|Marowak-Alola, M|100\/100\n|switch|p2a: Zeraora|Zeraora|100\/100\n|turn|1\n|j| LT71LX Randompizza\n|\n|t:|1596627765\n|switch|p2a: Clefable|Clefable, F|100\/100\n|switch|p1a: Amoonguss|Amoonguss, F|100\/100\n|\n|upkeep\n|turn|2\n|\n|t:|1596627777\n|move|p2a: Clefable|Knock Off|p1a: Amoonguss\n|-damage|p1a: Amoonguss|88\/100\n|-enditem|p1a: Amoonguss|Rocky Helmet|[from] move: Knock Off|[of] p2a: Clefable\n|move|p1a: Amoonguss|Sludge Bomb|p2a: Clefable\n|-supereffective|p2a: Clefable\n|-damage|p2a: Clefable|47\/100\n|\n|-heal|p2a: Clefable|53\/100|[from] item: Leftovers\n|upkeep\n|turn|3\n|\n|t:|1596627788\n|switch|p1a: Marowak|Marowak-Alola, M|100\/100\n|move|p2a: Clefable|Soft-Boiled|p2a: Clefable\n|-heal|p2a: Clefable|100\/100\n|\n|upkeep\n|turn|4\n|\n|t:|1596627792\n|switch|p1a: Amoonguss|Amoonguss, F|100\/100\n|move|p2a: Clefable|Knock Off|p1a: Amoonguss\n|-damage|p1a: Amoonguss|92\/100\n|\n|upkeep\n|turn|5\n|\n|t:|1596627795\n|move|p2a: Clefable|Stealth Rock|p1a: Amoonguss\n|-sidestart|p1: Commando 55|move: Stealth Rock\n|move|p1a: Amoonguss|Spore|p2a: Clefable\n|-status|p2a: Clefable|slp|[from] move: Spore\n|\n|upkeep\n|turn|6\n|\n|t:|1596627807\n|switch|p2a: Toxapex|Toxapex, M|100\/100\n|switch|p1a: Lycanroc|Lycanroc-Dusk, F|100\/100\n|-damage|p1a: Lycanroc|88\/100|[from] Stealth Rock\n|\n|upkeep\n|turn|7\n|\n|t:|1596627813\n|move|p1a: Lycanroc|Night Daze|p2a: Toxapex\n|-crit|p2a: Toxapex\n|-damage|p2a: Toxapex|10\/100\n|move|p2a: Toxapex|Scald|p1a: Lycanroc\n|-damage|p1a: Lycanroc|58\/100\n|-status|p1a: Lycanroc|brn\n|replace|p1a: Zoroark|Zoroark, F, shiny\n|-end|p1a: Zoroark|Illusion\n|\n|-damage|p1a: Zoroark|52\/100 brn|[from] brn\n|upkeep\n|turn|8\n|j| Pheooo\n|j| laevin \u32db\n|\n|t:|1596627821\n|switch|p1a: Lycanroc|Lycanroc-Dusk, F|100\/100\n|-damage|p1a: Lycanroc|88\/100|[from] Stealth Rock\n|switch|p2a: Blissey|Blissey, F|100\/100\n|\n|upkeep\n|turn|9\n|\n|t:|1596627827\n|move|p1a: Lycanroc|Swords Dance|p1a: Lycanroc\n|-boost|p1a: Lycanroc|atk|2\n|move|p2a: Blissey|Teleport|p2a: Blissey\n|\n|t:|1596627829\n|switch|p2a: Rillaboom|Rillaboom, M|100\/100|[from]move: Teleport\n|-fieldstart|move: Grassy Terrain|[from] ability: Grassy Surge|[of] p2a: Rillaboom\n|\n|-heal|p1a: Lycanroc|94\/100|[from] Grassy Terrain\n|upkeep\n|turn|10\n|\n|t:|1596627833\n|switch|p1a: Mandibuzz|Mandibuzz, F|100\/100\n|move|p2a: Rillaboom|Grassy Glide|p1a: Mandibuzz\n|-resisted|p1a: Mandibuzz\n|-damage|p1a: Mandibuzz|79\/100\n|\n|upkeep\n|turn|11\n|\n|t:|1596627846\n|switch|p2a: Toxapex|Toxapex, M|44\/100\n|move|p1a: Mandibuzz|Defog|p2a: Toxapex\n|-unboost|p2a: Toxapex|evasion|1\n|-sideend|p1: Commando 55|Stealth Rock|[from] move: Defog|[of] p1a: Mandibuzz\n|-fieldend|move: Grassy Terrain\n|\n|upkeep\n|turn|12\n|\n|t:|1596627861\n|switch|p1a: Clefable|Clefable, M|100\/100\n|move|p2a: Toxapex|Recover|p2a: Toxapex\n|-heal|p2a: Toxapex|94\/100\n|\n|upkeep\n|turn|13\n|\n|t:|1596627866\n|switch|p2a: Skarmory|Skarmory, M|100\/100\n|move|p1a: Clefable|Teleport|p1a: Clefable\n|j| AltCauseImInsecure\n|j| LT71LX Stareal\n|\n|t:|1596627872\n|switch|p1a: Marowak|Marowak-Alola, M|100\/100|[from]move: Teleport\n|\n|upkeep\n|turn|14\n|\n|t:|1596627876\n|switch|p2a: Toxapex|Toxapex, M|100\/100\n|move|p1a: Marowak|Flare Blitz|p2a: Toxapex\n|-resisted|p2a: Toxapex\n|-damage|p2a: Toxapex|69\/100\n|-damage|p1a: Marowak|84\/100|[from] item: Rocky Helmet|[of] p2a: Toxapex\n|\n|upkeep\n|turn|15\n|j| Yashyashashketchjm\n|c| LT71LX Stareal|hows it going vabby\n|\n|t:|1596627880\n|switch|p2a: Rillaboom|Rillaboom, M|100\/100\n|-fieldstart|move: Grassy Terrain|[from] ability: Grassy Surge|[of] p2a: Rillaboom\n|move|p1a: Marowak|Bonemerang|p2a: Rillaboom\n|-resisted|p2a: Rillaboom\n|-damage|p2a: Rillaboom|86\/100\n|-resisted|p2a: Rillaboom\n|-damage|p2a: Rillaboom|70\/100\n|-hitcount|p2a: Rillaboom|2\n|\n|-heal|p2a: Rillaboom|76\/100|[from] Grassy Terrain\n|-heal|p1a: Marowak|90\/100|[from] Grassy Terrain\n|upkeep\n|turn|16\n|c|\u2606lt71lx vaboh|this marowak is gonna shit on me\n|c| Pheooo|the vaboat\n|c|\u2606lt71lx vaboh|other then that fine\n|c| LT71LX Randompizza|oof\n|\n|t:|1596627899\n|switch|p1a: Amoonguss|Amoonguss, F|100\/100\n|move|p2a: Rillaboom|U-turn|p1a: Amoonguss\n|-damage|p1a: Amoonguss|72\/100\n|\n|t:|1596627904\n|switch|p2a: Skarmory|Skarmory, M|100\/100|[from]move: U-turn\n|\n|-heal|p1a: Amoonguss|78\/100|[from] Grassy Terrain\n|upkeep\n|turn|17\n|\n|t:|1596627910\n|switch|p1a: Marowak|Marowak-Alola, M|90\/100\n|move|p2a: Skarmory|Spikes|p1a: Marowak\n|-sidestart|p1: Commando 55|Spikes\n|\n|-heal|p1a: Marowak|96\/100|[from] Grassy Terrain\n|upkeep\n|turn|18\n|\n|t:|1596627917\n|switch|p2a: Toxapex|Toxapex, M|100\/100\n|move|p1a: Marowak|Poltergeist|p2a: Toxapex\n|-activate|p2a: Toxapex|move: Poltergeist|Rocky Helmet\n|-damage|p2a: Toxapex|39\/100\n|\n|-heal|p1a: Marowak|100\/100|[from] Grassy Terrain\n|-heal|p2a: Toxapex|46\/100|[from] Grassy Terrain\n|upkeep\n|turn|19\n|\n|t:|1596627924\n|switch|p2a: Blissey|Blissey, F|100\/100\n|move|p1a: Marowak|Poltergeist|p2a: Blissey\n|-immune|p2a: Blissey\n|\n|-fieldend|move: Grassy Terrain\n|upkeep\n|turn|20\n|\n|t:|1596627933\n|move|p1a: Marowak|Flare Blitz|p2a: Blissey\n|-damage|p2a: Blissey|17\/100\n|move|p2a: Blissey|Toxic|p1a: Marowak\n|-status|p1a: Marowak|tox\n|\n|-damage|p1a: Marowak|94\/100 tox|[from] psn\n|upkeep\n|turn|21\n|\n|t:|1596627940\n|switch|p2a: Toxapex|Toxapex, M|79\/100\n|move|p1a: Marowak|Bonemerang|p2a: Toxapex\n|-supereffective|p2a: Toxapex\n|-damage|p2a: Toxapex|41\/100\n|-supereffective|p2a: Toxapex\n|-damage|p2a: Toxapex|6\/100\n|-hitcount|p2a: Toxapex|2\n|\n|-damage|p1a: Marowak|82\/100 tox|[from] psn\n|upkeep\n|turn|22\n|j| quaze\n|\n|t:|1596627950\n|move|p2a: Toxapex|Baneful Bunker|p2a: Toxapex\n|-singleturn|p2a: Toxapex|move: Protect\n|move|p1a: Marowak|Flare Blitz|p2a: Toxapex\n|-activate|p2a: Toxapex|move: Protect\n|\n|-damage|p1a: Marowak|64\/100 tox|[from] psn\n|upkeep\n|turn|23\n|\n|t:|1596627954\n|switch|p2a: Blissey|Blissey, F|17\/100\n|move|p1a: Marowak|Flare Blitz|p2a: Blissey\n|-damage|p2a: Blissey|0 fnt\n|faint|p2a: Blissey\n|\n|-damage|p1a: Marowak|39\/100 tox|[from] psn\n|upkeep\n|\n|t:|1596627959\n|switch|p2a: Zeraora|Zeraora|100\/100\n|turn|24\n|\n|t:|1596627961\n|switch|p1a: Amoonguss|Amoonguss, F|100\/100\n|-damage|p1a: Amoonguss|88\/100|[from] Spikes\n|move|p2a: Zeraora|Volt Switch|p1a: Amoonguss\n|-resisted|p1a: Amoonguss\n|-damage|p1a: Amoonguss|75\/100\n|\n|t:|1596627966\n|switch|p2a: Toxapex|Toxapex, M|40\/100|[from]move: Volt Switch\n|\n|upkeep\n|turn|25\n|\n|t:|1596627972\n|switch|p1a: Clefable|Clefable, M|100\/100\n|move|p2a: Toxapex|Recover|p2a: Toxapex\n|-heal|p2a: Toxapex|90\/100\n|\n|upkeep\n|turn|26\n|\n|t:|1596627975\n|switch|p2a: Skarmory|Skarmory, M|100\/100\n|move|p1a: Clefable|Wish|p1a: Clefable\n|\n|upkeep\n|turn|27\n|\n|t:|1596627981\n|switch|p2a: Rillaboom|Rillaboom, M|76\/100\n|-fieldstart|move: Grassy Terrain|[from] ability: Grassy Surge|[of] p2a: Rillaboom\n|move|p1a: Clefable|Teleport|p1a: Clefable\n|\n|t:|1596627984\n|switch|p1a: Marowak|Marowak-Alola, M|39\/100 tox|[from]move: Teleport\n|-damage|p1a: Marowak|27\/100 tox|[from] Spikes\n|\n|-heal|p1a: Marowak|94\/100 tox|[from] move: Wish|[wisher] Clefable\n|-heal|p2a: Rillaboom|83\/100|[from] Grassy Terrain\n|-heal|p1a: Marowak|99\/100 tox|[from] Grassy Terrain\n|-damage|p1a: Marowak|94\/100 tox|[from] psn\n|upkeep\n|turn|28\n|\n|t:|1596627988\n|switch|p1a: Amoonguss|Amoonguss, F|100\/100\n|-damage|p1a: Amoonguss|88\/100|[from] Spikes\n|move|p2a: Rillaboom|U-turn|p1a: Amoonguss\n|-damage|p1a: Amoonguss|59\/100\n|\n|t:|1596627990\n|switch|p2a: Skarmory|Skarmory, M|100\/100|[from]move: U-turn\n|\n|-heal|p1a: Amoonguss|65\/100|[from] Grassy Terrain\n|upkeep\n|turn|29\n|\n|t:|1596628000\n|switch|p1a: Lycanroc|Lycanroc-Dusk, F|94\/100\n|-damage|p1a: Lycanroc|82\/100|[from] Spikes\n|move|p2a: Skarmory|Spikes|p1a: Lycanroc\n|-sidestart|p1: Commando 55|Spikes\n|\n|-heal|p1a: Lycanroc|88\/100|[from] Grassy Terrain\n|upkeep\n|turn|30\n|\n|t:|1596628007\n|switch|p2a: Toxapex|Toxapex, M|100\/100\n|move|p1a: Lycanroc|Swords Dance|p1a: Lycanroc\n|-boost|p1a: Lycanroc|atk|2\n|\n|-heal|p1a: Lycanroc|94\/100|[from] Grassy Terrain\n|upkeep\n|turn|31\n|\n|t:|1596628022\n|move|p1a: Lycanroc|Psychic Fangs|p2a: Toxapex\n|-supereffective|p2a: Toxapex\n|-damage|p2a: Toxapex|0 fnt\n|-damage|p1a: Lycanroc|78\/100|[from] item: Rocky Helmet|[of] p2a: Toxapex\n|-damage|p1a: Lycanroc|68\/100|[from] item: Life Orb\n|faint|p2a: Toxapex\n|\n|-heal|p1a: Lycanroc|74\/100|[from] Grassy Terrain\n|-fieldend|move: Grassy Terrain\n|upkeep\n|\n|t:|1596628027\n|switch|p2a: Rillaboom|Rillaboom, M|83\/100\n|-fieldstart|move: Grassy Terrain|[from] ability: Grassy Surge|[of] p2a: Rillaboom\n|turn|32\n|j| Drafeu-kun\n|\n|t:|1596628034\n|switch|p1a: Amoonguss|Amoonguss, F|98\/100\n|-damage|p1a: Amoonguss|82\/100|[from] Spikes\n|move|p2a: Rillaboom|Grassy Glide|p1a: Amoonguss\n|-resisted|p1a: Amoonguss\n|-damage|p1a: Amoonguss|68\/100\n|\n|-heal|p2a: Rillaboom|89\/100|[from] Grassy Terrain\n|-heal|p1a: Amoonguss|74\/100|[from] Grassy Terrain\n|upkeep\n|turn|33\n|l| Drafeu-kun\n|\n|t:|1596628044\n|switch|p2a: Skarmory|Skarmory, M|100\/100\n|switch|p1a: Mandibuzz|Mandibuzz, F|79\/100\n|\n|upkeep\n|turn|34\n|l| laevin \u32db\n|\n|t:|1596628049\n|switch|p2a: Zeraora|Zeraora|100\/100\n|move|p1a: Mandibuzz|Defog|p2a: Zeraora\n|-unboost|p2a: Zeraora|evasion|1\n|-sideend|p1: Commando 55|Spikes|[from] move: Defog|[of] p1a: Mandibuzz\n|-fieldend|move: Grassy Terrain\n|\n|upkeep\n|turn|35\n|\n|t:|1596628052\n|switch|p1a: Amoonguss|Amoonguss, F|100\/100\n|move|p2a: Zeraora|Volt Switch|p1a: Amoonguss\n|-resisted|p1a: Amoonguss\n|-damage|p1a: Amoonguss|85\/100\n|j|+Perish Song \u266b\n|\n|t:|1596628055\n|switch|p2a: Skarmory|Skarmory, M|100\/100|[from]move: Volt Switch\n|\n|upkeep\n|turn|36\n|\n|t:|1596628060\n|switch|p1a: Marowak|Marowak-Alola, M|94\/100 tox\n|move|p2a: Skarmory|Brave Bird|p1a: Marowak\n|-damage|p1a: Marowak|55\/100 tox\n|-damage|p2a: Skarmory|89\/100|[from] Recoil\n|\n|-damage|p1a: Marowak|49\/100 tox|[from] psn\n|upkeep\n|turn|37\n|j| Drafeu-kun\n|\n|t:|1596628086\n|move|p2a: Skarmory|Roost|p2a: Skarmory\n|-heal|p2a: Skarmory|100\/100\n|-singleturn|p2a: Skarmory|move: Roost\n|move|p1a: Marowak|Flare Blitz|p2a: Skarmory\n|-supereffective|p2a: Skarmory\n|-ability|p2a: Skarmory|Sturdy\n|-damage|p2a: Skarmory|1\/100\n|-damage|p1a: Marowak|32\/100 tox|[from] item: Rocky Helmet|[of] p2a: Skarmory\n|\n|-damage|p1a: Marowak|20\/100 tox|[from] psn\n|upkeep\n|turn|38\n|\n|t:|1596628103\n|switch|p2a: Clefable|Clefable, F|100\/100 slp\n|switch|p1a: Marowak|Marowak-Alola, M|52\/100 brn\n|\n|-damage|p1a: Marowak|46\/100 brn|[from] brn\n|upkeep\n|turn|39\n|\n|t:|1596628113\n|switch|p2a: Zeraora|Zeraora|100\/100\n|move|p1a: Marowak|Night Daze|p2a: Zeraora\n|-damage|p2a: Zeraora|14\/100\n|\n|-damage|p1a: Marowak|40\/100 brn|[from] brn\n|upkeep\n|turn|40\n|\n|t:|1596628119\n|switch|p1a: Amoonguss|Amoonguss, F|100\/100\n|move|p2a: Zeraora|Volt Switch|p1a: Amoonguss\n|-resisted|p1a: Amoonguss\n|-damage|p1a: Amoonguss|85\/100\n|\n|t:|1596628121\n|switch|p2a: Skarmory|Skarmory, M|1\/100|[from]move: Volt Switch\n|\n|upkeep\n|turn|41\n|l| quaze\n|j| ojr\n|\n|t:|1596628127\n|switch|p1a: Marowak|Marowak-Alola, M|40\/100 brn\n|move|p2a: Skarmory|Roost|p2a: Skarmory\n|-heal|p2a: Skarmory|51\/100\n|-singleturn|p2a: Skarmory|move: Roost\n|\n|-damage|p1a: Marowak|33\/100 brn|[from] brn\n|upkeep\n|turn|42\n|\n|t:|1596628131\n|switch|p2a: Clefable|Clefable, F|100\/100 slp\n|move|p1a: Marowak|Night Daze|p2a: Clefable\n|-resisted|p2a: Clefable\n|-damage|p2a: Clefable|69\/100 slp\n|\n|-heal|p2a: Clefable|75\/100 slp|[from] item: Leftovers\n|-damage|p1a: Marowak|27\/100 brn|[from] brn\n|upkeep\n|turn|43\n|\n|t:|1596628143\n|switch|p1a: Lycanroc|Lycanroc-Dusk, F|74\/100\n|switch|p2a: Zeraora|Zeraora|14\/100\n|\n|upkeep\n|turn|44\n|\n|t:|1596628151\n|switch|p2a: Rillaboom|Rillaboom, M|89\/100\n|-fieldstart|move: Grassy Terrain|[from] ability: Grassy Surge|[of] p2a: Rillaboom\n|move|p1a: Lycanroc|Accelerock|p2a: Rillaboom\n|-damage|p2a: Rillaboom|46\/100\n|-damage|p1a: Lycanroc|64\/100|[from] item: Life Orb\n|\n|-heal|p1a: Lycanroc|70\/100|[from] Grassy Terrain\n|-heal|p2a: Rillaboom|52\/100|[from] Grassy Terrain\n|upkeep\n|turn|45\n|\n|t:|1596628161\n|switch|p1a: Amoonguss|Amoonguss, F|100\/100\n|move|p2a: Rillaboom|U-turn|p1a: Amoonguss\n|-damage|p1a: Amoonguss|70\/100\n|\n|t:|1596628164\n|switch|p2a: Skarmory|Skarmory, M|51\/100|[from]move: U-turn\n|\n|-heal|p1a: Amoonguss|76\/100|[from] Grassy Terrain\n|upkeep\n|turn|46\n|\n|t:|1596628172\n|switch|p1a: Clefable|Clefable, M|100\/100\n|move|p2a: Skarmory|Roost|p2a: Skarmory\n|-heal|p2a: Skarmory|100\/100\n|-singleturn|p2a: Skarmory|move: Roost\n|\n|upkeep\n|turn|47\n|\n|t:|1596628175\n|move|p2a: Skarmory|Spikes|p1a: Clefable\n|-sidestart|p1: Commando 55|Spikes\n|move|p1a: Clefable|Wish|p1a: Clefable\n|\n|upkeep\n|turn|48\n|l|+Perish Song \u266b\n|\n|t:|1596628180\n|move|p2a: Skarmory|Spikes|p1a: Clefable\n|-sidestart|p1: Commando 55|Spikes\n|move|p1a: Clefable|Teleport|p1a: Clefable\n|\n|t:|1596628183\n|switch|p1a: Marowak|Marowak-Alola, M|27\/100 brn|[from]move: Teleport\n|-damage|p1a: Marowak|11\/100 brn|[from] Spikes\n|\n|-heal|p1a: Marowak|86\/100 brn|[from] move: Wish|[wisher] Clefable\n|-heal|p1a: Marowak|92\/100 brn|[from] Grassy Terrain\n|-fieldend|move: Grassy Terrain\n|-damage|p1a: Marowak|86\/100 brn|[from] brn\n|upkeep\n|turn|49\n|\n|t:|1596628193\n|move|p1a: Marowak|Night Daze|p2a: Skarmory|[miss]\n|-miss|p1a: Marowak|p2a: Skarmory\n|move|p2a: Skarmory|Brave Bird|p1a: Marowak\n|-damage|p1a: Marowak|16\/100 brn\n|replace|p1a: Zoroark|Zoroark, F, shiny\n|-end|p1a: Zoroark|Illusion\n|-damage|p2a: Skarmory|82\/100|[from] Recoil\n|\n|-damage|p1a: Zoroark|10\/100 brn|[from] brn\n|upkeep\n|turn|50\n|j| Mara Sattei\n|\n|t:|1596628200\n|switch|p2a: Clefable|Clefable, F|75\/100 slp\n|move|p1a: Zoroark|Night Daze|p2a: Clefable\n|-resisted|p2a: Clefable\n|-damage|p2a: Clefable|45\/100 slp\n|\n|-heal|p2a: Clefable|51\/100 slp|[from] item: Leftovers\n|-damage|p1a: Zoroark|4\/100 brn|[from] brn\n|upkeep\n|turn|51\n|j| Nightwish1\n|\n|t:|1596628213\n|move|p1a: Zoroark|Night Daze|p2a: Clefable\n|-resisted|p2a: Clefable\n|-damage|p2a: Clefable|20\/100 slp\n|cant|p2a: Clefable|slp\n|\n|-heal|p2a: Clefable|26\/100 slp|[from] item: Leftovers\n|-damage|p1a: Zoroark|0 fnt|[from] brn\n|faint|p1a: Zoroark\n|upkeep\n|j| Alexander\n|j| Cynicalities\n|\n|t:|1596628235\n|switch|p1a: Lycanroc|Lycanroc-Dusk, F|70\/100\n|-damage|p1a: Lycanroc|54\/100|[from] Spikes\n|turn|52\n|\n|t:|1596628244\n|switch|p2a: Skarmory|Skarmory, M|82\/100\n|move|p1a: Lycanroc|Swords Dance|p1a: Lycanroc\n|-boost|p1a: Lycanroc|atk|2\n|\n|upkeep\n|turn|53\n|j| LT71LX beto\n|\n|t:|1596628258\n|move|p1a: Lycanroc|Close Combat|p2a: Skarmory\n|-damage|p2a: Skarmory|4\/100\n|-unboost|p1a: Lycanroc|def|1\n|-unboost|p1a: Lycanroc|spd|1\n|-damage|p1a: Lycanroc|37\/100|[from] item: Rocky Helmet|[of] p2a: Skarmory\n|-damage|p1a: Lycanroc|27\/100|[from] item: Life Orb\n|move|p2a: Skarmory|Roost|p2a: Skarmory\n|-heal|p2a: Skarmory|54\/100\n|-singleturn|p2a: Skarmory|move: Roost\n|\n|upkeep\n|turn|54\n|l| LT71LX beto\n|\n|t:|1596628273\n|switch|p2a: Clefable|Clefable, F|26\/100 slp\n|move|p1a: Lycanroc|Close Combat|p2a: Clefable\n|-resisted|p2a: Clefable\n|-damage|p2a: Clefable|0 fnt\n|-unboost|p1a: Lycanroc|def|1\n|-unboost|p1a: Lycanroc|spd|1\n|-damage|p1a: Lycanroc|17\/100|[from] item: Life Orb\n|faint|p2a: Clefable\n|\n|upkeep\n|\n|t:|1596628296\n|switch|p2a: Skarmory|Skarmory, M|54\/100\n|turn|55\n|\n|t:|1596628301\n|move|p1a: Lycanroc|Close Combat|p2a: Skarmory\n|-damage|p2a: Skarmory|0 fnt\n|-unboost|p1a: Lycanroc|def|1\n|-unboost|p1a: Lycanroc|spd|1\n|-damage|p1a: Lycanroc|1\/100|[from] item: Rocky Helmet|[of] p2a: Skarmory\n|-damage|p1a: Lycanroc|0 fnt|[from] item: Life Orb\n|faint|p2a: Skarmory\n|faint|p1a: Lycanroc\n|\n|upkeep\n|\n|t:|1596628325\n|switch|p1a: Amoonguss|Amoonguss, F|100\/100\n|switch|p2a: Rillaboom|Rillaboom, M|52\/100\n|-fieldstart|move: Grassy Terrain|[from] ability: Grassy Surge|[of] p2a: Rillaboom\n|-damage|p1a: Amoonguss|84\/100|[from] Spikes\n|turn|56\n|\n|t:|1596628329\n|move|p2a: Rillaboom|Knock Off|p1a: Amoonguss\n|-damage|p1a: Amoonguss|58\/100\n|move|p1a: Amoonguss|Sludge Bomb|p2a: Rillaboom\n|-supereffective|p2a: Rillaboom\n|-damage|p2a: Rillaboom|0 fnt\n|faint|p2a: Rillaboom\n|\n|-heal|p1a: Amoonguss|64\/100|[from] Grassy Terrain\n|upkeep\n|\n|t:|1596628332\n|switch|p2a: Zeraora|Zeraora|14\/100\n|turn|57\n|l| LT71LX Randompizza\n|\n|t:|1596628334\n|move|p2a: Zeraora|Thunderbolt|p1a: Amoonguss\n|-resisted|p1a: Amoonguss\n|-damage|p1a: Amoonguss|45\/100\n|move|p1a: Amoonguss|Giga Drain|p2a: Zeraora\n|-damage|p2a: Zeraora|0 fnt\n|-heal|p1a: Amoonguss|50\/100|[from] drain|[of] p2a: Zeraora\n|faint|p2a: Zeraora\n|\n|win|Commando 55\n|l|\u2606lt71lx vaboh\n|raw|Commando 55's rating: 1709 &rarr; <strong>1728<\/strong><br \/>(+19 for winning)\n|raw|lt71lx vaboh's rating: 1706 &rarr; <strong>1686<\/strong><br \/>(-20 for losing)\n|c|\u2606Commando 55|Gg\n|l| Pheooo\n|l| Alexander\n|l| Cynicalities\n|l| AltCauseImInsecure\n|l|\u2606Commando 55\n|l| Nightwish1\n|j|+Averardo\n|l| Mara Sattei\n|l|+Averardo\n|l| ojr\n|l| Yashyashashketchjm\n|j| ojr\n|l| ojr\n|j|+Perish Song \u266b\n|j| hippo kek\n|l|+Perish Song \u266b\n|l| hippo kek\n|l| LT71LX Newal\n|j| LT71LX sufys\n|j| LT71LX Flow2Bro\n|l| LT71LX Flow2Bro\n|j| LT71LX Mister Mime\n|l| LT71LX Mister Mime\n|j| autumn trees\n|l| autumn trees\n|j| baconeatinassassin\n|l| baconeatinassassin\n|j| LT71LX Newal\n","uploadtime":1596630760,"views":147,"p1id":"commando55","p2id":"lt71lxvaboh","formatid":"gen8ou","rating":1686,"private":0,"password":null}