{"id":"gen8nationaldexag-1370702127","p1":"lebanesestinker","p2":"Detingbuffalo06","format":"gen8nationaldexag","log":"|j|\u2606lebanesestinker\n|j|\u2606Detingbuffalo06\n|t:|1625445327\n|gametype|singles\n|player|p1|lebanesestinker|policeman|1603\n|player|p2|Detingbuffalo06|flint|1573\n|teamsize|p1|6\n|teamsize|p2|6\n|gen|8\n|tier|[Gen 8] National Dex AG\n|rated|\n|rule|HP Percentage Mod: HP is shown in percentages\n|rule|Endless Battle Clause: Forcing endless battles is banned\n|clearpoke\n|poke|p1|Deoxys-Speed|\n|poke|p1|Zacian-*|\n|poke|p1|Calyrex-Shadow|\n|poke|p1|Rayquaza|\n|poke|p1|Yveltal|\n|poke|p1|Ditto|\n|poke|p2|Zacian-*|\n|poke|p2|Hatterene, F|\n|poke|p2|Dracozolt|\n|poke|p2|Banette, F|\n|poke|p2|Marshadow|\n|poke|p2|Swellow, M|\n|teampreview\n|\n|t:|1625445341\n|start\n|switch|p1a: Deoxys|Deoxys-Speed|100\/100\n|switch|p2a: Swellow|Swellow, M|100\/100\n|-ability|p1a: Deoxys|Pressure\n|turn|1\n|\n|t:|1625445350\n|switch|p2a: Hatterene|Hatterene, F|100\/100\n|move|p1a: Deoxys|Stealth Rock|p2a: Hatterene\n|move|p2a: Hatterene|Stealth Rock|p1a: Deoxys|[from]ability: Magic Bounce\n|-sidestart|p1: lebanesestinker|move: Stealth Rock\n|\n|upkeep\n|turn|2\n|inactive|Battle timer is ON: inactive players will automatically lose when time's up. (requested by lebanesestinker)\n|\n|t:|1625445354\n|move|p1a: Deoxys|Skill Swap|p2a: Hatterene\n|-activate|p1a: Deoxys|move: Skill Swap|Magic Bounce|Pressure|[of] p2a: Hatterene\n|-ability|p2a: Hatterene|Pressure\n|move|p2a: Hatterene|Trick Room|p2a: Hatterene\n|-fieldstart|move: Trick Room|[of] p2a: Hatterene\n|\n|upkeep\n|turn|3\n|\n|t:|1625445357\n|-start|p2a: Hatterene|Dynamax\n|-formechange|p2a: Hatterene|Hatterene-Gmax\n|-heal|p2a: Hatterene|100\/100|[silent]\n|move|p2a: Hatterene|G-Max Smite|p1a: Deoxys\n|-enditem|p1a: Deoxys|Focus Sash\n|-damage|p1a: Deoxys|1\/100\n|-start|p1a: Deoxys|confusion\n|-damage|p2a: Hatterene|96\/100|[from] item: Life Orb\n|-activate|p1a: Deoxys|confusion\n|-damage|p1a: Deoxys|0 fnt|[from] confusion\n|faint|p1a: Deoxys\n|\n|upkeep\n|\n|t:|1625445370\n|switch|p1a: Zacian|Zacian-Crowned|100\/100\n|-damage|p1a: Zacian|94\/100|[from] Stealth Rock\n|-ability|p1a: Zacian|Intrepid Sword|boost\n|-boost|p1a: Zacian|atk|1\n|turn|4\n|\n|t:|1625445373\n|move|p2a: Hatterene|Max Flare|p1a: Zacian\n|-supereffective|p1a: Zacian\n|-damage|p1a: Zacian|0 fnt\n|-weather|SunnyDay\n|faint|p1a: Zacian\n|-damage|p2a: Hatterene|91\/100|[from] item: Life Orb\n|\n|-weather|SunnyDay|[upkeep]\n|upkeep\n|\n|t:|1625445399\n|switch|p1a: Ditto|Ditto|100\/100\n|-damage|p1a: Ditto|88\/100|[from] Stealth Rock\n|-transform|p1a: Ditto|p2a: Hatterene|[from] ability: Imposter\n|-ability|p1a: Ditto|Pressure\n|turn|5\n|\n|t:|1625445407\n|move|p2a: Hatterene|G-Max Smite|p1a: Ditto\n|-damage|p1a: Ditto|0 fnt\n|faint|p1a: Ditto\n|-damage|p2a: Hatterene|86\/100|[from] item: Life Orb\n|\n|-weather|SunnyDay|[upkeep]\n|-end|p2a: Hatterene|Dynamax\n|-formechange|p2a: Hatterene|Hatterene\n|-heal|p2a: Hatterene|86\/100|[silent]\n|upkeep\n|\n|t:|1625445411\n|switch|p1a: Yveltal|Yveltal|100\/100\n|-ability|p1a: Yveltal|Dark Aura\n|turn|6\n|\n|t:|1625445413\n|move|p2a: Hatterene|Dazzling Gleam|p1a: Yveltal\n|-supereffective|p1a: Yveltal\n|-damage|p1a: Yveltal|37\/100\n|-damage|p2a: Hatterene|76\/100|[from] item: Life Orb\n|move|p1a: Yveltal|U-turn|p2a: Hatterene\n|-damage|p2a: Hatterene|55\/100\n|\n|t:|1625445416\n|switch|p1a: Calyrex|Calyrex-Shadow|100\/100|[from]move: U-turn\n|-ability|p1a: Calyrex|As One\n|-ability|p1a: Calyrex|Unnerve\n|-damage|p1a: Calyrex|88\/100|[from] Stealth Rock\n|\n|-weather|SunnyDay|[upkeep]\n|-fieldend|move: Trick Room\n|upkeep\n|turn|7\n|\n|t:|1625445420\n|move|p1a: Calyrex|Astral Barrage|p2a: Hatterene\n|-supereffective|p2a: Hatterene\n|-damage|p2a: Hatterene|0 fnt\n|faint|p2a: Hatterene\n|-ability|p1a: Calyrex|Grim Neigh|boost\n|-boost|p1a: Calyrex|spa|1\n|-damage|p1a: Calyrex|78\/100|[from] item: Life Orb\n|\n|-weather|SunnyDay|[upkeep]\n|upkeep\n|\n|t:|1625445424\n|switch|p2a: Marshadow|Marshadow|100\/100\n|turn|8\n|\n|t:|1625445427\n|switch|p1a: Yveltal|Yveltal|37\/100\n|-ability|p1a: Yveltal|Dark Aura\n|move|p2a: Marshadow|Shadow Sneak|p1a: Yveltal\n|-resisted|p1a: Yveltal\n|-damage|p1a: Yveltal|25\/100\n|\n|-weather|none\n|upkeep\n|turn|9\n|\n|t:|1625445430\n|move|p2a: Marshadow|Rock Tomb|p1a: Yveltal\n|-supereffective|p1a: Yveltal\n|-damage|p1a: Yveltal|0 fnt\n|faint|p1a: Yveltal\n|\n|upkeep\n|\n|t:|1625445433\n|switch|p1a: Rayquaza|Rayquaza|100\/100\n|-damage|p1a: Rayquaza|76\/100|[from] Stealth Rock\n|-ability|p1a: Rayquaza|Air Lock\n|turn|10\n|\n|t:|1625445436\n|detailschange|p1a: Rayquaza|Rayquaza-Mega\n|-mega|p1a: Rayquaza|Rayquaza|\n|-weather|DeltaStream|[from] ability: Delta Stream|[of] p1a: Rayquaza\n|move|p2a: Marshadow|Rock Tomb|p1a: Rayquaza\n|-activate||deltastream\n|-damage|p1a: Rayquaza|45\/100\n|-unboost|p1a: Rayquaza|spe|1\n|move|p1a: Rayquaza|Dragon Ascent|p2a: Marshadow\n|-supereffective|p2a: Marshadow\n|-enditem|p2a: Marshadow|Focus Sash\n|-damage|p2a: Marshadow|1\/100\n|-unboost|p1a: Rayquaza|def|1\n|-unboost|p1a: Rayquaza|spd|1\n|-damage|p1a: Rayquaza|35\/100|[from] item: Life Orb\n|\n|-weather|DeltaStream|[upkeep]\n|upkeep\n|turn|11\n|\n|t:|1625445442\n|move|p2a: Marshadow|Spectral Thief|p1a: Rayquaza\n|-damage|p1a: Rayquaza|0 fnt\n|faint|p1a: Rayquaza\n|-weather|none\n|\n|upkeep\n|\n|t:|1625445446\n|switch|p1a: Calyrex|Calyrex-Shadow|78\/100\n|-ability|p1a: Calyrex|As One\n|-ability|p1a: Calyrex|Unnerve\n|-damage|p1a: Calyrex|66\/100|[from] Stealth Rock\n|turn|12\n|\n|t:|1625445453\n|-start|p1a: Calyrex|Dynamax\n|-heal|p1a: Calyrex|66\/100|[silent]\n|move|p2a: Marshadow|Shadow Sneak|p1a: Calyrex\n|-supereffective|p1a: Calyrex\n|-damage|p1a: Calyrex|0 fnt\n|faint|p1a: Calyrex\n|\n|win|Detingbuffalo06\n|raw|lebanesestinker's rating: 1603 &rarr; <strong>1581<\/strong><br \/>(-22 for losing)\n|raw|Detingbuffalo06's rating: 1573 &rarr; <strong>1595<\/strong><br \/>(+22 for winning)\n|l|\u2606lebanesestinker\n|l|\u2606Detingbuffalo06\n|j|\u2606Detingbuffalo06\n|player|p2|Detingbuffalo06|flint\n|l|\u2606Detingbuffalo06\n|player|p2|\n|j|\u2606Detingbuffalo06\n|player|p2|Detingbuffalo06|flint\n","uploadtime":1625445860,"views":14,"p1id":"lebanesestinker","p2id":"detingbuffalo06","formatid":"gen8nationaldexag","rating":1581,"private":0,"password":null}