{"id":"gen8uu-1706970500","p1":"npcqwq","p2":"WrenchWench","format":"gen8uu","log":"|j|\u2606npcqwq\n|j|\u2606WrenchWench\n|t:|1668037543\n|gametype|singles\n|player|p1|npcqwq|2|1272\n|player|p2|WrenchWench|lady|1427\n|teamsize|p1|6\n|teamsize|p2|6\n|gen|8\n|tier|[Gen 8] UU\n|rated|\n|rule|Sleep Clause Mod: Limit one foe put to sleep\n|rule|Species Clause: Limit one of each Pok\u00e9mon\n|rule|OHKO Clause: OHKO moves are banned\n|rule|Evasion Items Clause: Evasion items are banned\n|rule|Evasion Moves Clause: Evasion moves are banned\n|rule|Endless Battle Clause: Forcing endless battles is banned\n|rule|HP Percentage Mod: HP is shown in percentages\n|rule|Dynamax Clause: You cannot dynamax\n|clearpoke\n|poke|p1|Exploud, F|\n|poke|p1|Ribombee, F|\n|poke|p1|Keldeo-Resolute|\n|poke|p1|Cobalion|\n|poke|p1|Mamoswine, F|\n|poke|p1|Galvantula, M|\n|poke|p2|Registeel|\n|poke|p2|Tapu Bulu|\n|poke|p2|Nihilego|\n|poke|p2|Hydreigon, M|\n|poke|p2|Slowking, F|\n|poke|p2|Celesteela|\n|teampreview\n|inactive|Battle timer is ON: inactive players will automatically lose when time's up. (requested by npcqwq)\n|\n|t:|1668037575\n|start\n|switch|p1a: Ribombee|Ribombee, F|100\/100\n|switch|p2a: Nietzsche|Nihilego|100\/100\n|turn|1\n|\n|t:|1668037583\n|move|p1a: Ribombee|Sticky Web|p2a: Nietzsche\n|-sidestart|p2: WrenchWench|move: Sticky Web\n|move|p2a: Nietzsche|Stealth Rock|p1a: Ribombee\n|-sidestart|p1: npcqwq|move: Stealth Rock\n|\n|upkeep\n|turn|2\n|\n|t:|1668037586\n|move|p1a: Ribombee|Stun Spore|p2a: Nietzsche\n|-status|p2a: Nietzsche|par\n|cant|p2a: Nietzsche|par\n|\n|upkeep\n|turn|3\n|\n|t:|1668037594\n|move|p1a: Ribombee|Moonblast|p2a: Nietzsche\n|-resisted|p2a: Nietzsche\n|-damage|p2a: Nietzsche|86\/100 par\n|move|p2a: Nietzsche|Power Gem|p1a: Ribombee\n|-supereffective|p1a: Ribombee\n|-enditem|p1a: Ribombee|Focus Sash\n|-damage|p1a: Ribombee|1\/100\n|\n|-heal|p2a: Nietzsche|92\/100 par|[from] item: Black Sludge\n|upkeep\n|turn|4\n|\n|t:|1668037597\n|move|p1a: Ribombee|U-turn|p2a: Nietzsche\n|-resisted|p2a: Nietzsche\n|-damage|p2a: Nietzsche|81\/100 par\n|\n|t:|1668037599\n|switch|p1a: Cobalion|Cobalion|100\/100|[from]move: U-turn\n|-damage|p1a: Cobalion|98\/100|[from] Stealth Rock\n|move|p2a: Nietzsche|Power Gem|p1a: Cobalion\n|-resisted|p1a: Cobalion\n|-damage|p1a: Cobalion|85\/100\n|\n|-heal|p2a: Nietzsche|87\/100 par|[from] item: Black Sludge\n|upkeep\n|turn|5\n|\n|t:|1668037603\n|switch|p2a: Iskandar|Slowking, F|100\/100\n|-activate|p2a: Iskandar|move: Sticky Web\n|-unboost|p2a: Iskandar|spe|1\n|move|p1a: Cobalion|Stealth Rock|p2a: Iskandar\n|-sidestart|p2: WrenchWench|move: Stealth Rock\n|\n|upkeep\n|turn|6\n|\n|t:|1668037613\n|move|p1a: Cobalion|Volt Switch|p2a: Iskandar\n|-supereffective|p2a: Iskandar\n|-damage|p2a: Iskandar|81\/100\n|\n|t:|1668037616\n|switch|p1a: Ribombee|Ribombee, F|1\/100|[from]move: Volt Switch\n|-damage|p1a: Ribombee|0 fnt|[from] Stealth Rock\n|faint|p1a: Ribombee\n|move|p2a: Iskandar|Teleport|p2a: Iskandar\n|\n|t:|1668037632\n|switch|p2a: Wither|Hydreigon, M|100\/100|[from]move: Teleport\n|-damage|p2a: Wither|88\/100|[from] Stealth Rock\n|\n|upkeep\n|\n|t:|1668037640\n|switch|p1a: Keldeo|Keldeo-Resolute|100\/100\n|-damage|p1a: Keldeo|94\/100|[from] Stealth Rock\n|turn|7\n|\n|t:|1668037645\n|switch|p2a: Iskandar|Slowking, F|100\/100\n|-activate|p2a: Iskandar|move: Sticky Web\n|-unboost|p2a: Iskandar|spe|1\n|-damage|p2a: Iskandar|88\/100|[from] Stealth Rock\n|move|p1a: Keldeo|Secret Sword|p2a: Iskandar\n|-resisted|p2a: Iskandar\n|-damage|p2a: Iskandar|64\/100\n|\n|upkeep\n|turn|8\n|j| amogusroxyrrrr\n|\n|t:|1668037675\n|switch|p1a: Mamoswine|Mamoswine, F|100\/100\n|-damage|p1a: Mamoswine|88\/100|[from] Stealth Rock\n|move|p2a: Iskandar|Teleport|p2a: Iskandar\n|\n|t:|1668037685\n|switch|p2a: SELENE|Celesteela|100\/100|[from]move: Teleport\n|-damage|p2a: SELENE|88\/100|[from] Stealth Rock\n|\n|-heal|p2a: SELENE|94\/100|[from] item: Leftovers\n|upkeep\n|turn|9\n|\n|t:|1668037689\n|move|p1a: Mamoswine|Icicle Crash|p2a: SELENE\n|-damage|p2a: SELENE|42\/100\n|-damage|p1a: Mamoswine|78\/100|[from] item: Life Orb\n|move|p2a: SELENE|Toxic|p1a: Mamoswine|[miss]\n|-miss|p2a: SELENE|p1a: Mamoswine\n|\n|-heal|p2a: SELENE|48\/100|[from] item: Leftovers\n|upkeep\n|turn|10\n|\n|t:|1668037695\n|move|p1a: Mamoswine|Icicle Crash|p2a: SELENE\n|-damage|p2a: SELENE|0 fnt\n|faint|p2a: SELENE\n|-damage|p1a: Mamoswine|68\/100|[from] item: Life Orb\n|\n|upkeep\n|\n|t:|1668037704\n|switch|p2a: Wither|Hydreigon, M|88\/100\n|-damage|p2a: Wither|76\/100|[from] Stealth Rock\n|turn|11\n|\n|t:|1668037715\n|move|p1a: Mamoswine|Ice Shard|p2a: Wither\n|-supereffective|p2a: Wither\n|-damage|p2a: Wither|4\/100\n|-damage|p1a: Mamoswine|58\/100|[from] item: Life Orb\n|move|p2a: Wither|Fire Blast|p1a: Mamoswine\n|-supereffective|p1a: Mamoswine\n|-damage|p1a: Mamoswine|3\/100\n|-status|p1a: Mamoswine|brn\n|\n|-damage|p1a: Mamoswine|0 fnt|[from] brn\n|faint|p1a: Mamoswine\n|upkeep\n|\n|t:|1668037725\n|switch|p1a: Galvantula|Galvantula, M|100\/100\n|-damage|p1a: Galvantula|76\/100|[from] Stealth Rock\n|turn|12\n|\n|t:|1668037728\n|move|p2a: Wither|Fire Blast|p1a: Galvantula\n|-supereffective|p1a: Galvantula\n|-damage|p1a: Galvantula|0 fnt\n|faint|p1a: Galvantula\n|\n|upkeep\n|\n|t:|1668037732\n|switch|p1a: Keldeo|Keldeo-Resolute|94\/100\n|-damage|p1a: Keldeo|88\/100|[from] Stealth Rock\n|turn|13\n|\n|t:|1668037736\n|move|p2a: Wither|Fire Blast|p1a: Keldeo\n|-resisted|p1a: Keldeo\n|-damage|p1a: Keldeo|66\/100\n|move|p1a: Keldeo|Secret Sword|p2a: Wither\n|-supereffective|p2a: Wither\n|-damage|p2a: Wither|0 fnt\n|faint|p2a: Wither\n|\n|upkeep\n|\n|t:|1668037740\n|switch|p2a: Iskandar|Slowking, F|97\/100\n|-activate|p2a: Iskandar|move: Sticky Web\n|-unboost|p2a: Iskandar|spe|1\n|-damage|p2a: Iskandar|85\/100|[from] Stealth Rock\n|turn|14\n|\n|t:|1668037748\n|switch|p1a: Exploud|Exploud, F|100\/100\n|-damage|p1a: Exploud|88\/100|[from] Stealth Rock\n|move|p2a: Iskandar|Teleport|p2a: Iskandar\n|\n|t:|1668037767\n|switch|p2a: Ingunar|Tapu Bulu|100\/100|[from]move: Teleport\n|-fieldstart|move: Grassy Terrain|[from] ability: Grassy Surge|[of] p2a: Ingunar\n|\n|-heal|p1a: Exploud|94\/100|[from] Grassy Terrain\n|upkeep\n|turn|15\n|\n|t:|1668037778\n|move|p1a: Exploud|Boomburst|p2a: Ingunar\n|-damage|p2a: Ingunar|10\/100\n|move|p2a: Ingunar|Horn Leech|p1a: Exploud\n|-damage|p1a: Exploud|35\/100\n|-heal|p2a: Ingunar|40\/100|[from] drain|[of] p1a: Exploud\n|\n|-heal|p1a: Exploud|41\/100|[from] Grassy Terrain\n|-heal|p2a: Ingunar|46\/100|[from] Grassy Terrain\n|upkeep\n|turn|16\n|\n|t:|1668037783\n|move|p1a: Exploud|Boomburst|p2a: Ingunar\n|-damage|p2a: Ingunar|0 fnt\n|faint|p2a: Ingunar\n|\n|-heal|p1a: Exploud|47\/100|[from] Grassy Terrain\n|upkeep\n|\n|t:|1668037785\n|switch|p2a: Antikythera|Registeel, shiny|100\/100\n|-activate|p2a: Antikythera|move: Sticky Web\n|-fail|p2a: Antikythera|unboost|[from] ability: Clear Body|[of] p2a: Antikythera\n|-damage|p2a: Antikythera|94\/100|[from] Stealth Rock\n|turn|17\n|\n|t:|1668037790\n|switch|p1a: Cobalion|Cobalion|85\/100\n|-damage|p1a: Cobalion|82\/100|[from] Stealth Rock\n|move|p2a: Antikythera|Body Press|p1a: Cobalion\n|-supereffective|p1a: Cobalion\n|-damage|p1a: Cobalion|25\/100\n|-damage|p2a: Antikythera|78\/100|[from] item: Rocky Helmet|[of] p1a: Cobalion\n|\n|-heal|p1a: Cobalion|31\/100|[from] Grassy Terrain\n|-heal|p2a: Antikythera|84\/100|[from] Grassy Terrain\n|upkeep\n|turn|18\n|\n|t:|1668037797\n|switch|p2a: Iskandar|Slowking, F|100\/100\n|-activate|p2a: Iskandar|move: Sticky Web\n|-unboost|p2a: Iskandar|spe|1\n|-damage|p2a: Iskandar|88\/100|[from] Stealth Rock\n|move|p1a: Cobalion|Close Combat|p2a: Iskandar\n|-resisted|p2a: Iskandar\n|-damage|p2a: Iskandar|72\/100\n|-unboost|p1a: Cobalion|def|1\n|-unboost|p1a: Cobalion|spd|1\n|\n|-heal|p1a: Cobalion|37\/100|[from] Grassy Terrain\n|-heal|p2a: Iskandar|78\/100|[from] Grassy Terrain\n|-fieldend|move: Grassy Terrain\n|upkeep\n|turn|19\n|\n|t:|1668037802\n|move|p1a: Cobalion|Volt Switch|p2a: Iskandar\n|-supereffective|p2a: Iskandar\n|-damage|p2a: Iskandar|55\/100\n|\n|t:|1668037808\n|switch|p1a: Exploud|Exploud, F|47\/100|[from]move: Volt Switch\n|-damage|p1a: Exploud|35\/100|[from] Stealth Rock\n|move|p2a: Iskandar|Psychic|p1a: Exploud\n|-damage|p1a: Exploud|0 fnt\n|faint|p1a: Exploud\n|\n|upkeep\n|\n|t:|1668037813\n|switch|p1a: Keldeo|Keldeo-Resolute|66\/100\n|-damage|p1a: Keldeo|59\/100|[from] Stealth Rock\n|turn|20\n|\n|t:|1668037816\n|switch|p2a: Nietzsche|Nihilego|87\/100 par\n|-activate|p2a: Nietzsche|move: Sticky Web\n|-unboost|p2a: Nietzsche|spe|1\n|-damage|p2a: Nietzsche|75\/100 par|[from] Stealth Rock\n|move|p1a: Keldeo|Hydro Pump|p2a: Nietzsche\n|-supereffective|p2a: Nietzsche\n|-damage|p2a: Nietzsche|0 fnt\n|faint|p2a: Nietzsche\n|\n|upkeep\n|\n|t:|1668037819\n|switch|p2a: Iskandar|Slowking, F|88\/100\n|-activate|p2a: Iskandar|move: Sticky Web\n|-unboost|p2a: Iskandar|spe|1\n|-damage|p2a: Iskandar|76\/100|[from] Stealth Rock\n|turn|21\n|\n|t:|1668037822\n|move|p1a: Keldeo|Hydro Pump|p2a: Iskandar\n|-resisted|p2a: Iskandar\n|-damage|p2a: Iskandar|39\/100\n|move|p2a: Iskandar|Psychic|p1a: Keldeo\n|-supereffective|p1a: Keldeo\n|-damage|p1a: Keldeo|0 fnt\n|faint|p1a: Keldeo\n|\n|upkeep\n|\n|t:|1668037825\n|switch|p1a: Cobalion|Cobalion|37\/100\n|-damage|p1a: Cobalion|34\/100|[from] Stealth Rock\n|turn|22\n|\n|t:|1668037828\n|move|p1a: Cobalion|Volt Switch|p2a: Iskandar\n|-supereffective|p2a: Iskandar\n|-damage|p2a: Iskandar|20\/100\n|move|p2a: Iskandar|Psychic|p1a: Cobalion\n|-damage|p1a: Cobalion|0 fnt\n|faint|p1a: Cobalion\n|\n|win|WrenchWench\n|raw|npcqwq's rating: 1272 &rarr; <strong>1257<\/strong><br \/>(-15 for losing)\n|raw|WrenchWench's rating: 1427 &rarr; <strong>1439<\/strong><br \/>(+12 for winning)\n|l|\u2606npcqwq\n|c|\u2606WrenchWench|gg\n|l| amogusroxyrrrr\n||Ladder isn't responding, score probably updated but might not have (Request timeout).\n","uploadtime":1668037837,"views":4,"p1id":"npcqwq","p2id":"wrenchwench","formatid":"gen8uu","rating":1257,"private":0,"password":null}