{"id":"gen8oublitz-1701324833","p1":"Irly","p2":"dracaufeu shiny","format":"gen8oublitz","log":"|inactive|Battle timer is ON: inactive players will automatically lose when time's up.\n|j|\u2606Irly\n|j|\u2606dracaufeu shiny\n|t:|1667431154\n|gametype|singles\n|player|p1|Irly|lillie-masters|1103\n|player|p2|dracaufeu shiny|red|1139\n|teamsize|p1|6\n|teamsize|p2|6\n|gen|8\n|tier|[Gen 8] OU (Blitz)\n|rated|\n|rule|Sleep Clause Mod: Limit one foe put to sleep\n|rule|Species Clause: Limit one of each Pok\u00e9mon\n|rule|OHKO Clause: OHKO moves are banned\n|rule|Evasion Items Clause: Evasion items are banned\n|rule|Evasion Moves Clause: Evasion moves are banned\n|rule|Endless Battle Clause: Forcing endless battles is banned\n|rule|HP Percentage Mod: HP is shown in percentages\n|rule|Dynamax Clause: You cannot dynamax\n|rule|Blitz: Super-fast timer\n|clearpoke\n|poke|p1|Blacephalon|\n|poke|p1|Blissey, F|\n|poke|p1|Jirachi|\n|poke|p1|Torkoal, M|\n|poke|p1|Dragonite, F|\n|poke|p1|Tapu Bulu|\n|poke|p2|Regieleki|\n|poke|p2|Polteageist-Antique|\n|poke|p2|Orbeetle, F|\n|poke|p2|Zapdos-Galar|\n|poke|p2|Dracozolt|\n|poke|p2|Grimmsnarl, M|\n|teampreview\n|inactive|Irly also wants the timer to be on.\n|inactive|Irly has 30 seconds left.\n|inactive|Irly has 20 seconds left.\n|\n|t:|1667431174\n|start\n|switch|p1a: Blacephalon|Blacephalon|100\/100\n|switch|p2a: Grimmsnarl|Grimmsnarl, M|100\/100\n|turn|1\n|\n|t:|1667431177\n|move|p2a: Grimmsnarl|Substitute|p2a: Grimmsnarl\n|-start|p2a: Grimmsnarl|Substitute\n|-damage|p2a: Grimmsnarl|76\/100\n|move|p1a: Blacephalon|Mind Blown|p2a: Grimmsnarl\n|-end|p2a: Grimmsnarl|Substitute\n|-damage|p1a: Blacephalon|50\/100|[from] mindblown\n|\n|-heal|p2a: Grimmsnarl|82\/100|[from] item: Leftovers\n|upkeep\n|turn|2\n|inactive|Irly has 10 seconds left.\n|\n|t:|1667431183\n|switch|p1a: Tapu Bulu|Tapu Bulu|100\/100\n|-fieldstart|move: Grassy Terrain|[from] ability: Grassy Surge|[of] p1a: Tapu Bulu\n|move|p2a: Grimmsnarl|Substitute|p2a: Grimmsnarl\n|-start|p2a: Grimmsnarl|Substitute\n|-damage|p2a: Grimmsnarl|57\/100\n|\n|-heal|p2a: Grimmsnarl|63\/100|[from] Grassy Terrain\n|-heal|p2a: Grimmsnarl|69\/100|[from] item: Leftovers\n|upkeep\n|turn|3\n|\n|t:|1667431186\n|move|p2a: Grimmsnarl|Bulk Up|p2a: Grimmsnarl\n|-boost|p2a: Grimmsnarl|atk|1\n|-boost|p2a: Grimmsnarl|def|1\n|move|p1a: Tapu Bulu|Horn Leech|p2a: Grimmsnarl\n|-end|p2a: Grimmsnarl|Substitute\n|\n|-heal|p2a: Grimmsnarl|75\/100|[from] Grassy Terrain\n|-heal|p2a: Grimmsnarl|81\/100|[from] item: Leftovers\n|upkeep\n|turn|4\n|\n|t:|1667431190\n|move|p2a: Grimmsnarl|Bulk Up|p2a: Grimmsnarl\n|-boost|p2a: Grimmsnarl|atk|1\n|-boost|p2a: Grimmsnarl|def|1\n|move|p1a: Tapu Bulu|Horn Leech|p2a: Grimmsnarl\n|-damage|p2a: Grimmsnarl|47\/100\n|\n|-heal|p2a: Grimmsnarl|54\/100|[from] Grassy Terrain\n|-heal|p2a: Grimmsnarl|60\/100|[from] item: Leftovers\n|upkeep\n|turn|5\n|\n|t:|1667431194\n|move|p2a: Grimmsnarl|Bulk Up|p2a: Grimmsnarl\n|-boost|p2a: Grimmsnarl|atk|1\n|-boost|p2a: Grimmsnarl|def|1\n|move|p1a: Tapu Bulu|Horn Leech|p2a: Grimmsnarl\n|-damage|p2a: Grimmsnarl|32\/100\n|\n|-heal|p2a: Grimmsnarl|38\/100|[from] Grassy Terrain\n|-heal|p2a: Grimmsnarl|44\/100|[from] item: Leftovers\n|upkeep\n|turn|6\n|\n|t:|1667431198\n|move|p2a: Grimmsnarl|Bulk Up|p2a: Grimmsnarl\n|-boost|p2a: Grimmsnarl|atk|1\n|-boost|p2a: Grimmsnarl|def|1\n|move|p1a: Tapu Bulu|Horn Leech|p2a: Grimmsnarl\n|-damage|p2a: Grimmsnarl|19\/100\n|\n|-heal|p2a: Grimmsnarl|25\/100|[from] Grassy Terrain\n|-heal|p2a: Grimmsnarl|31\/100|[from] item: Leftovers\n|-fieldend|move: Grassy Terrain\n|upkeep\n|turn|7\n|\n|t:|1667431201\n|switch|p1a: Torkoal|Torkoal, M, shiny|100\/100\n|-weather|SunnyDay|[from] ability: Drought|[of] p1a: Torkoal\n|move|p2a: Grimmsnarl|Spirit Break|p1a: Torkoal\n|-resisted|p1a: Torkoal\n|-damage|p1a: Torkoal|73\/100\n|-unboost|p1a: Torkoal|spa|1\n|\n|-weather|SunnyDay|[upkeep]\n|-heal|p2a: Grimmsnarl|38\/100|[from] item: Leftovers\n|upkeep\n|turn|8\n|inactive|Irly has 10 seconds left.\n|\n|t:|1667431207\n|move|p2a: Grimmsnarl|Substitute|p2a: Grimmsnarl\n|-start|p2a: Grimmsnarl|Substitute\n|-damage|p2a: Grimmsnarl|13\/100\n|move|p1a: Torkoal|Lava Plume|p2a: Grimmsnarl\n|-activate|p2a: Grimmsnarl|move: Substitute|[damage]\n|\n|-weather|SunnyDay|[upkeep]\n|-heal|p2a: Grimmsnarl|19\/100|[from] item: Leftovers\n|upkeep\n|turn|9\n|\n|t:|1667431211\n|move|p2a: Grimmsnarl|Darkest Lariat|p1a: Torkoal\n|-damage|p1a: Torkoal|13\/100\n|move|p1a: Torkoal|Lava Plume|p2a: Grimmsnarl\n|-end|p2a: Grimmsnarl|Substitute\n|\n|-weather|SunnyDay|[upkeep]\n|-heal|p2a: Grimmsnarl|25\/100|[from] item: Leftovers\n|upkeep\n|turn|10\n|\n|t:|1667431214\n|move|p2a: Grimmsnarl|Darkest Lariat|p1a: Torkoal\n|-damage|p1a: Torkoal|0 fnt\n|faint|p1a: Torkoal\n|\n|-weather|SunnyDay|[upkeep]\n|-heal|p2a: Grimmsnarl|31\/100|[from] item: Leftovers\n|upkeep\n|\n|t:|1667431218\n|switch|p1a: Blacephalon|Blacephalon|50\/100\n|turn|11\n|\n|t:|1667431222\n|move|p2a: Grimmsnarl|Substitute|p2a: Grimmsnarl\n|-start|p2a: Grimmsnarl|Substitute\n|-damage|p2a: Grimmsnarl|6\/100\n|move|p1a: Blacephalon|Flamethrower|p2a: Grimmsnarl\n|-end|p2a: Grimmsnarl|Substitute\n|\n|-weather|none\n|-heal|p2a: Grimmsnarl|12\/100|[from] item: Leftovers\n|upkeep\n|turn|12\n|\n|t:|1667431226\n|move|p1a: Blacephalon|Flamethrower|p2a: Grimmsnarl\n|-damage|p2a: Grimmsnarl|0 fnt\n|faint|p2a: Grimmsnarl\n|-ability|p1a: Blacephalon|Beast Boost|boost\n|-boost|p1a: Blacephalon|spa|1\n|\n|upkeep\n|inactive|dracaufeu shiny has 10 seconds left.\n|\n|t:|1667431231\n|switch|p2a: Dracozolt|Dracozolt|100\/100\n|turn|13\n|\n|t:|1667431234\n|switch|p1a: Tapu Bulu|Tapu Bulu|100\/100\n|-fieldstart|move: Grassy Terrain|[from] ability: Grassy Surge|[of] p1a: Tapu Bulu\n|move|p2a: Dracozolt|Earthquake|p1a: Tapu Bulu\n|-resisted|p1a: Tapu Bulu\n|-damage|p1a: Tapu Bulu|90\/100\n|\n|-heal|p1a: Tapu Bulu|97\/100|[from] Grassy Terrain\n|upkeep\n|turn|14\n|\n|t:|1667431238\n|switch|p2a: Orbeetle|Orbeetle, F|100\/100\n|switch|p1a: Blacephalon|Blacephalon|50\/100\n|\n|-heal|p1a: Blacephalon|56\/100|[from] Grassy Terrain\n|upkeep\n|turn|15\n|\n|t:|1667431242\n|move|p1a: Blacephalon|Flamethrower|p2a: Orbeetle\n|-supereffective|p2a: Orbeetle\n|-enditem|p2a: Orbeetle|Focus Sash\n|-damage|p2a: Orbeetle|1\/100\n|move|p2a: Orbeetle|Sticky Web|p1a: Blacephalon\n|-sidestart|p1: Irly|move: Sticky Web\n|\n|-heal|p1a: Blacephalon|62\/100|[from] Grassy Terrain\n|-heal|p2a: Orbeetle|7\/100|[from] Grassy Terrain\n|upkeep\n|turn|16\n|\n|t:|1667431246\n|move|p1a: Blacephalon|Flamethrower|p2a: Orbeetle\n|-supereffective|p2a: Orbeetle\n|-damage|p2a: Orbeetle|0 fnt\n|faint|p2a: Orbeetle\n|-ability|p1a: Blacephalon|Beast Boost|boost\n|-boost|p1a: Blacephalon|spa|1\n|\n|-heal|p1a: Blacephalon|69\/100|[from] Grassy Terrain\n|upkeep\n|\n|t:|1667431248\n|switch|p2a: Polteageist|Polteageist-Antique|100\/100\n|turn|17\n|\n|t:|1667431250\n|move|p1a: Blacephalon|Flamethrower|p2a: Polteageist\n|-crit|p2a: Polteageist\n|-enditem|p2a: Polteageist|Focus Sash\n|-damage|p2a: Polteageist|1\/100\n|move|p2a: Polteageist|Shell Smash|p2a: Polteageist\n|-unboost|p2a: Polteageist|def|1\n|-unboost|p2a: Polteageist|spd|1\n|-boost|p2a: Polteageist|atk|2\n|-boost|p2a: Polteageist|spa|2\n|-boost|p2a: Polteageist|spe|2\n|\n|-heal|p2a: Polteageist|7\/100|[from] Grassy Terrain\n|-heal|p1a: Blacephalon|75\/100|[from] Grassy Terrain\n|-fieldend|move: Grassy Terrain\n|upkeep\n|turn|18\n|inactive|Irly has 10 seconds left.\n|inactive|dracaufeu shiny has 10 seconds left.\n|\n|t:|1667431257\n|switch|p1a: Blissey|Blissey, F, shiny|100\/100\n|-activate|p1a: Blissey|move: Sticky Web\n|-unboost|p1a: Blissey|spe|1\n|move|p2a: Polteageist|Shadow Ball|p1a: Blissey\n|-immune|p1a: Blissey\n|\n|upkeep\n|turn|19\n|inactive|Irly has 10 seconds left.\n|\n|t:|1667431263\n|move|p2a: Polteageist|Giga Drain|p1a: Blissey\n|-damage|p1a: Blissey|79\/100\n|-heal|p2a: Polteageist|36\/100|[from] drain|[of] p1a: Blissey\n|move|p1a: Blissey|Soft-Boiled|p1a: Blissey\n|-heal|p1a: Blissey|100\/100\n|\n|upkeep\n|turn|20\n|\n|t:|1667431266\n|move|p2a: Polteageist|Giga Drain|p1a: Blissey\n|-damage|p1a: Blissey|82\/100\n|-heal|p2a: Polteageist|62\/100|[from] drain|[of] p1a: Blissey\n|move|p1a: Blissey|Stealth Rock|p2a: Polteageist\n|-sidestart|p2: dracaufeu shiny|move: Stealth Rock\n|\n|upkeep\n|turn|21\n|\n|t:|1667431270\n|move|p2a: Polteageist|Shell Smash|p2a: Polteageist\n|-unboost|p2a: Polteageist|def|1\n|-unboost|p2a: Polteageist|spd|1\n|-boost|p2a: Polteageist|atk|2\n|-boost|p2a: Polteageist|spa|2\n|-boost|p2a: Polteageist|spe|2\n|move|p1a: Blissey|Teleport|p1a: Blissey\n|\n|t:|1667431273\n|switch|p1a: Dragonite|Dragonite, F, shiny|100\/100|[from]move: Teleport\n|\n|upkeep\n|turn|22\n|inactive|dracaufeu shiny has 10 seconds left.\n|\n|t:|1667431280\n|move|p2a: Polteageist|Stored Power|p1a: Dragonite\n|-damage|p1a: Dragonite|0 fnt\n|faint|p1a: Dragonite\n|\n|upkeep\n|inactive|Irly has 10 seconds left.\n|-message|Irly forfeited.\n|\n|win|dracaufeu shiny\n|raw|Irly's rating: 1103 &rarr; <strong>1081<\/strong><br \/>(-22 for losing)\n|raw|dracaufeu shiny's rating: 1139 &rarr; <strong>1161<\/strong><br \/>(+22 for winning)\n|l|\u2606dracaufeu shiny\n||Ladder isn't responding, score probably updated but might not have (Request timeout).\n","uploadtime":1667432224,"views":6,"p1id":"irly","p2id":"dracaufeushiny","formatid":"gen8oublitz","rating":1081,"private":0,"password":null}