{"id":"gen8ou-1677138683","p1":"ldailey19","p2":"AgencyMan","format":"gen8ou","log":"|j|\u2606ldailey19\n|j|\u2606AgencyMan\n|t:|1664857867\n|gametype|singles\n|player|p1|ldailey19|lance|1489\n|player|p2|AgencyMan|170|1470\n|teamsize|p1|6\n|teamsize|p2|6\n|gen|8\n|tier|[Gen 8] OU\n|rated|\n|rule|Sleep Clause Mod: Limit one foe put to sleep\n|rule|Species Clause: Limit one of each Pok\u00e9mon\n|rule|OHKO Clause: OHKO moves are banned\n|rule|Evasion Items Clause: Evasion items are banned\n|rule|Evasion Moves Clause: Evasion moves are banned\n|rule|Endless Battle Clause: Forcing endless battles is banned\n|rule|HP Percentage Mod: HP is shown in percentages\n|rule|Dynamax Clause: You cannot dynamax\n|clearpoke\n|poke|p1|Magnezone|\n|poke|p1|Weavile, F|\n|poke|p1|Urshifu-*, F|\n|poke|p1|Heatran, M|\n|poke|p1|Landorus-Therian, M|\n|poke|p1|Dragapult, F|\n|poke|p2|Weavile, M|\n|poke|p2|Garchomp, M|\n|poke|p2|Kartana|\n|poke|p2|Dragapult, F|\n|poke|p2|Landorus-Therian, M|\n|poke|p2|Melmetal|\n|teampreview\n|inactive|Battle timer is ON: inactive players will automatically lose when time's up. (requested by ldailey19)\n|inactive|ldailey19 has 120 seconds left.\n|\n|t:|1664857900\n|start\n|switch|p1a: Dragapult|Dragapult, F, shiny|100\/100\n|switch|p2a: El Professor|Landorus-Therian, M|100\/100\n|-ability|p2a: El Professor|Intimidate|boost\n|-unboost|p1a: Dragapult|atk|1\n|turn|1\n|\n|t:|1664857907\n|switch|p1a: Landorus|Landorus-Therian, M|100\/100\n|-ability|p1a: Landorus|Intimidate|boost\n|-unboost|p2a: El Professor|atk|1\n|switch|p2a: Terminator|Melmetal|100\/100\n|\n|upkeep\n|turn|2\n|\n|t:|1664857917\n|move|p1a: Landorus|Earthquake|p2a: Terminator\n|-supereffective|p2a: Terminator\n|-crit|p2a: Terminator\n|-damage|p2a: Terminator|13\/100\n|move|p2a: Terminator|Double Iron Bash|p1a: Landorus\n|-damage|p1a: Landorus|67\/100\n|-damage|p2a: Terminator|0 fnt|[from] item: Rocky Helmet|[of] p1a: Landorus\n|faint|p2a: Terminator\n|-hitcount|p1a: Landorus|1\n|\n|upkeep\n|\n|t:|1664857924\n|switch|p2a: Shelby|Weavile, M|100\/100\n|-ability|p2a: Shelby|Pressure\n|turn|3\n|\n|t:|1664857937\n|switch|p1a: Weavile|Weavile, F|100\/100\n|-ability|p1a: Weavile|Pressure\n|move|p2a: Shelby|Knock Off|p1a: Weavile\n|-resisted|p1a: Weavile\n|-damage|p1a: Weavile|28\/100\n|-enditem|p1a: Weavile|Choice Band|[from] move: Knock Off|[of] p2a: Shelby\n|\n|upkeep\n|turn|4\n|\n|t:|1664857947\n|move|p1a: Weavile|Knock Off|p2a: Shelby\n|-resisted|p2a: Shelby\n|-damage|p2a: Shelby|60\/100\n|-enditem|p2a: Shelby|Choice Band|[from] move: Knock Off|[of] p1a: Weavile\n|move|p2a: Shelby|Knock Off|p1a: Weavile\n|-resisted|p1a: Weavile\n|-damage|p1a: Weavile|0 fnt\n|faint|p1a: Weavile\n|\n|upkeep\n|\n|t:|1664857968\n|switch|p1a: Magnezone|Magnezone, shiny|100\/100\n|turn|5\n|\n|t:|1664857973\n|move|p2a: Shelby|Knock Off|p1a: Magnezone\n|-damage|p1a: Magnezone|56\/100\n|-enditem|p1a: Magnezone|Assault Vest|[from] move: Knock Off|[of] p2a: Shelby\n|move|p1a: Magnezone|Flash Cannon|p2a: Shelby\n|-supereffective|p2a: Shelby\n|-damage|p2a: Shelby|0 fnt\n|faint|p2a: Shelby\n|\n|upkeep\n|\n|t:|1664857980\n|switch|p2a: El Professor|Landorus-Therian, M|100\/100\n|-ability|p2a: El Professor|Intimidate|boost\n|-unboost|p1a: Magnezone|atk|1\n|turn|6\n|\n|t:|1664857987\n|switch|p1a: Landorus|Landorus-Therian, M|67\/100\n|-ability|p1a: Landorus|Intimidate|boost\n|-unboost|p2a: El Professor|atk|1\n|move|p2a: El Professor|Stealth Rock|p1a: Landorus\n|-sidestart|p1: ldailey19|move: Stealth Rock\n|\n|upkeep\n|turn|7\n|\n|t:|1664857991\n|move|p1a: Landorus|Knock Off|p2a: El Professor\n|-damage|p2a: El Professor|78\/100\n|-damage|p1a: Landorus|51\/100|[from] item: Rocky Helmet|[of] p2a: El Professor\n|-enditem|p2a: El Professor|Rocky Helmet|[from] move: Knock Off|[of] p1a: Landorus\n|move|p2a: El Professor|Toxic|p1a: Landorus\n|-status|p1a: Landorus|tox\n|\n|-damage|p1a: Landorus|45\/100 tox|[from] psn\n|upkeep\n|turn|8\n|\n|t:|1664857999\n|switch|p2a: Escobar|Kartana|100\/100\n|move|p1a: Landorus|Defog|p2a: Escobar\n|-unboost|p2a: Escobar|evasion|1\n|-sideend|p1: ldailey19|Stealth Rock|[from] move: Defog|[of] p1a: Landorus\n|\n|-damage|p1a: Landorus|33\/100 tox|[from] psn\n|upkeep\n|turn|9\n|\n|t:|1664858010\n|move|p2a: Escobar|Knock Off|p1a: Landorus\n|-damage|p1a: Landorus|4\/100 tox\n|-damage|p2a: Escobar|84\/100|[from] item: Rocky Helmet|[of] p1a: Landorus\n|-enditem|p1a: Landorus|Rocky Helmet|[from] move: Knock Off|[of] p2a: Escobar\n|move|p1a: Landorus|Stealth Rock|p2a: Escobar\n|-sidestart|p2: AgencyMan|move: Stealth Rock\n|\n|-damage|p1a: Landorus|0 fnt|[from] psn\n|faint|p1a: Landorus\n|upkeep\n|\n|t:|1664858032\n|switch|p1a: Dragapult|Dragapult, F, shiny|100\/100\n|turn|10\n|\n|t:|1664858035\n|move|p2a: Escobar|Knock Off|p1a: Dragapult\n|-supereffective|p1a: Dragapult\n|-enditem|p1a: Dragapult|Focus Sash\n|-damage|p1a: Dragapult|1\/100\n|move|p1a: Dragapult|Flamethrower|p2a: Escobar\n|-supereffective|p2a: Escobar\n|-damage|p2a: Escobar|0 fnt\n|faint|p2a: Escobar\n|\n|upkeep\n|\n|t:|1664858046\n|switch|p2a: Reddington|Dragapult, F|100\/100\n|-damage|p2a: Reddington|88\/100|[from] Stealth Rock\n|turn|11\n|\n|t:|1664858071\n|switch|p1a: Magnezone|Magnezone, shiny|56\/100\n|move|p2a: Reddington|U-turn|p1a: Magnezone\n|-resisted|p1a: Magnezone\n|-damage|p1a: Magnezone|48\/100\n|\n|t:|1664858076\n|switch|p2a: Lucifer|Garchomp, M|100\/100|[from]move: U-turn\n|-damage|p2a: Lucifer|94\/100|[from] Stealth Rock\n|\n|upkeep\n|turn|12\n|\n|t:|1664858084\n|switch|p1a: Heatran|Heatran, M, shiny|100\/100\n|-item|p1a: Heatran|Air Balloon\n|move|p2a: Lucifer|Swords Dance|p2a: Lucifer\n|-boost|p2a: Lucifer|atk|2\n|\n|upkeep\n|turn|13\n|\n|t:|1664858087\n|move|p2a: Lucifer|Scale Shot|p1a: Heatran\n|-resisted|p1a: Heatran\n|-damage|p1a: Heatran|88\/100\n|-enditem|p1a: Heatran|Air Balloon\n|-resisted|p1a: Heatran\n|-damage|p1a: Heatran|76\/100\n|-resisted|p1a: Heatran\n|-damage|p1a: Heatran|65\/100\n|-resisted|p1a: Heatran\n|-damage|p1a: Heatran|54\/100\n|-hitcount|p1a: Heatran|4\n|-unboost|p2a: Lucifer|def|1\n|-boost|p2a: Lucifer|spe|1\n|move|p1a: Heatran|Toxic|p2a: Lucifer\n|-status|p2a: Lucifer|tox\n|\n|-damage|p2a: Lucifer|88\/100 tox|[from] psn\n|upkeep\n|turn|14\n|\n|t:|1664858097\n|move|p1a: Heatran|Protect|p1a: Heatran\n|-singleturn|p1a: Heatran|Protect\n|move|p2a: Lucifer|Earthquake|p1a: Heatran\n|-activate|p1a: Heatran|move: Protect\n|\n|-damage|p2a: Lucifer|76\/100 tox|[from] psn\n|upkeep\n|turn|15\n|inactive|ldailey19 has 120 seconds left.\n|\n|t:|1664858141\n|move|p1a: Heatran|Protect|p1a: Heatran\n|-singleturn|p1a: Heatran|Protect\n|move|p2a: Lucifer|Earthquake|p1a: Heatran\n|-activate|p1a: Heatran|move: Protect\n|\n|-damage|p2a: Lucifer|57\/100 tox|[from] psn\n|upkeep\n|turn|16\n|\n|t:|1664858159\n|move|p2a: Lucifer|Earthquake|p1a: Heatran\n|-supereffective|p1a: Heatran\n|-damage|p1a: Heatran|0 fnt\n|faint|p1a: Heatran\n|\n|-damage|p2a: Lucifer|33\/100 tox|[from] psn\n|upkeep\n|c|\u2606AgencyMan|fuckin lucky ass lmao\n|c|\u2606ldailey19|had to play to my outs hahaha\n|\n|t:|1664858183\n|switch|p1a: Urshifu|Urshifu-Rapid-Strike, F|100\/100\n|turn|17\n|c|\u2606AgencyMan|no cap\n|\n|t:|1664858198\n|move|p2a: Lucifer|Earthquake|p1a: Urshifu\n|-enditem|p1a: Urshifu|Focus Sash\n|-damage|p1a: Urshifu|1\/100\n|move|p1a: Urshifu|Surging Strikes|p2a: Lucifer\n|-crit|p2a: Lucifer\n|-damage|p2a: Lucifer|1\/100 tox\n|-damage|p1a: Urshifu|0 fnt|[from] ability: Rough Skin|[of] p2a: Lucifer\n|faint|p1a: Urshifu\n|-hitcount|p2a: Lucifer|1\n|\n|-damage|p2a: Lucifer|0 fnt|[from] psn\n|faint|p2a: Lucifer\n|upkeep\n|\n|t:|1664858214\n|switch|p2a: El Professor|Landorus-Therian, M|78\/100\n|switch|p1a: Dragapult|Dragapult, F, shiny|1\/100\n|-damage|p2a: El Professor|66\/100|[from] Stealth Rock\n|-ability|p2a: El Professor|Intimidate|boost\n|-unboost|p1a: Dragapult|atk|1\n|turn|18\n|c|\u2606ldailey19|didnt even matter oops\n|inactive|ldailey19 has 90 seconds left.\n|\n|t:|1664858234\n|move|p1a: Dragapult|Dragon Darts|p2a: El Professor\n|-damage|p2a: El Professor|54\/100\n|-anim|p1a: Dragapult|Dragon Darts|p2a: El Professor\n|-damage|p2a: El Professor|43\/100\n|move|p2a: El Professor|Earthquake|p1a: Dragapult\n|-damage|p1a: Dragapult|0 fnt\n|faint|p1a: Dragapult\n|\n|upkeep\n|c|\u2606ldailey19|gg'\n|\n|t:|1664858246\n|switch|p1a: Magnezone|Magnezone, shiny|48\/100\n|turn|19\n|\n|t:|1664858267\n|move|p2a: El Professor|Earthquake|p1a: Magnezone\n|-supereffective|p1a: Magnezone\n|-crit|p1a: Magnezone\n|-damage|p1a: Magnezone|0 fnt\n|faint|p1a: Magnezone\n|\n|win|AgencyMan\n|raw|ldailey19's rating: 1489 &rarr; <strong>1468<\/strong><br \/>(-21 for losing)\n|raw|AgencyMan's rating: 1470 &rarr; <strong>1491<\/strong><br \/>(+21 for winning)\n|c|\u2606AgencyMan|gg\n|l|\u2606ldailey19\n|c|\u2606AgencyMan|well played tho\n","uploadtime":1664858169,"views":4,"p1id":"ldailey19","p2id":"agencyman","formatid":"gen8ou","rating":1468,"private":0,"password":null}