{"id":"gen8bdspou-1482657444","p1":"Mutako Z","p2":"Professor Aaron","format":"gen8bdspou","log":"|j|\u2606Mutako Z\n|j|\u2606Professor Aaron\n|t:|1640907636\n|gametype|singles\n|player|p1|Mutako Z|cynthia-gen4|1224\n|player|p2|Professor Aaron|kukui|1313\n|teamsize|p1|6\n|teamsize|p2|6\n|gen|8\n|tier|[Gen 8 BDSP] OU\n|rated|\n|rule|Sleep Clause Mod: Limit one foe put to sleep\n|rule|Species Clause: Limit one of each Pok\u00e9mon\n|rule|OHKO Clause: OHKO moves are banned\n|rule|Evasion Moves Clause: Evasion moves are banned\n|rule|Endless Battle Clause: Forcing endless battles is banned\n|rule|HP Percentage Mod: HP is shown in percentages\n|clearpoke\n|poke|p1|Azumarill, M|\n|poke|p1|Tyranitar, M|\n|poke|p1|Gliscor, F|\n|poke|p1|Tangrowth, F|\n|poke|p1|Scizor, M|\n|poke|p1|Raikou|\n|poke|p2|Registeel|\n|poke|p2|Blissey, F|\n|poke|p2|Starmie|\n|poke|p2|Salamence, F|\n|poke|p2|Scizor, F|\n|poke|p2|Weavile, M|\n|teampreview\n|\n|t:|1640907673\n|start\n|switch|p1a: Tyranitar|Tyranitar, M|100\/100\n|switch|p2a: Registeel|Registeel|100\/100\n|-weather|Sandstorm|[from] ability: Sand Stream|[of] p1a: Tyranitar\n|turn|1\n|\n|t:|1640907683\n|move|p1a: Tyranitar|Stealth Rock|p2a: Registeel\n|-sidestart|p2: Professor Aaron|move: Stealth Rock\n|move|p2a: Registeel|Curse|p2a: Registeel\n|-unboost|p2a: Registeel|spe|1\n|-boost|p2a: Registeel|atk|1\n|-boost|p2a: Registeel|def|1\n|\n|-weather|Sandstorm|[upkeep]\n|upkeep\n|turn|2\n|inactive|Battle timer is ON: inactive players will automatically lose when time's up. (requested by Professor Aaron)\n|\n|t:|1640907700\n|switch|p1a: Tangrowth|Tangrowth, F|100\/100\n|move|p2a: Registeel|Curse|p2a: Registeel\n|-unboost|p2a: Registeel|spe|1\n|-boost|p2a: Registeel|atk|1\n|-boost|p2a: Registeel|def|1\n|\n|-weather|Sandstorm|[upkeep]\n|-damage|p1a: Tangrowth|94\/100|[from] Sandstorm\n|-heal|p1a: Tangrowth|100\/100|[from] item: Leftovers\n|upkeep\n|turn|3\n|\n|t:|1640907711\n|move|p1a: Tangrowth|Sleep Powder|p2a: Registeel\n|-status|p2a: Registeel|slp|[from] move: Sleep Powder\n|-enditem|p2a: Registeel|Chesto Berry|[eat]\n|-curestatus|p2a: Registeel|slp|[msg]\n|move|p2a: Registeel|Curse|p2a: Registeel\n|-unboost|p2a: Registeel|spe|1\n|-boost|p2a: Registeel|atk|1\n|-boost|p2a: Registeel|def|1\n|\n|-weather|Sandstorm|[upkeep]\n|-damage|p1a: Tangrowth|94\/100|[from] Sandstorm\n|-heal|p1a: Tangrowth|100\/100|[from] item: Leftovers\n|upkeep\n|turn|4\n|\n|t:|1640907723\n|move|p1a: Tangrowth|Sleep Powder|p2a: Registeel\n|-status|p2a: Registeel|slp|[from] move: Sleep Powder\n|cant|p2a: Registeel|slp\n|\n|-weather|Sandstorm|[upkeep]\n|-damage|p1a: Tangrowth|94\/100|[from] Sandstorm\n|-heal|p1a: Tangrowth|100\/100|[from] item: Leftovers\n|upkeep\n|turn|5\n|\n|t:|1640907734\n|switch|p1a: Raikou|Raikou|100\/100\n|cant|p2a: Registeel|slp\n|\n|-weather|none\n|upkeep\n|turn|6\n|\n|t:|1640907740\n|move|p1a: Raikou|Thunderbolt|p2a: Registeel\n|-damage|p2a: Registeel|74\/100 slp\n|cant|p2a: Registeel|slp\n|\n|upkeep\n|turn|7\n|\n|t:|1640907744\n|move|p1a: Raikou|Calm Mind|p1a: Raikou\n|-boost|p1a: Raikou|spa|1\n|-boost|p1a: Raikou|spd|1\n|-curestatus|p2a: Registeel|slp|[msg]\n|move|p2a: Registeel|Earthquake|p1a: Raikou\n|-supereffective|p1a: Raikou\n|-crit|p1a: Raikou\n|-damage|p1a: Raikou|0 fnt\n|faint|p1a: Raikou\n|\n|upkeep\n|\n|t:|1640907754\n|switch|p1a: Tangrowth|Tangrowth, F|100\/100\n|turn|8\n|\n|t:|1640907757\n|move|p1a: Tangrowth|Sleep Powder|p2a: Registeel|[miss]\n|-miss|p1a: Tangrowth|p2a: Registeel\n|move|p2a: Registeel|Curse|p2a: Registeel\n|-unboost|p2a: Registeel|spe|1\n|-boost|p2a: Registeel|atk|1\n|-boost|p2a: Registeel|def|1\n|\n|upkeep\n|turn|9\n|\n|t:|1640907766\n|move|p1a: Tangrowth|Sleep Powder|p2a: Registeel|[miss]\n|-miss|p1a: Tangrowth|p2a: Registeel\n|move|p2a: Registeel|Curse|p2a: Registeel\n|-unboost|p2a: Registeel|spe|1\n|-boost|p2a: Registeel|atk|1\n|-boost|p2a: Registeel|def|1\n|\n|upkeep\n|turn|10\n|\n|t:|1640907775\n|move|p1a: Tangrowth|Sleep Powder|p2a: Registeel|[miss]\n|-miss|p1a: Tangrowth|p2a: Registeel\n|move|p2a: Registeel|Iron Head|p1a: Tangrowth\n|-damage|p1a: Tangrowth|49\/100\n|\n|-heal|p1a: Tangrowth|55\/100|[from] item: Leftovers\n|upkeep\n|turn|11\n|\n|t:|1640907782\n|move|p1a: Tangrowth|Sleep Powder|p2a: Registeel\n|-status|p2a: Registeel|slp|[from] move: Sleep Powder\n|cant|p2a: Registeel|slp\n|\n|-heal|p1a: Tangrowth|61\/100|[from] item: Leftovers\n|upkeep\n|turn|12\n|\n|t:|1640907799\n|switch|p1a: Scizor|Scizor, M|100\/100\n|cant|p2a: Registeel|slp\n|\n|upkeep\n|turn|13\n|\n|t:|1640907804\n|move|p1a: Scizor|Swords Dance|p1a: Scizor\n|-boost|p1a: Scizor|atk|2\n|cant|p2a: Registeel|slp\n|\n|upkeep\n|turn|14\n|\n|t:|1640907809\n|move|p1a: Scizor|Swords Dance|p1a: Scizor\n|-boost|p1a: Scizor|atk|2\n|-curestatus|p2a: Registeel|slp|[msg]\n|move|p2a: Registeel|Earthquake|p1a: Scizor\n|-damage|p1a: Scizor|29\/100\n|\n|upkeep\n|turn|15\n|\n|t:|1640907816\n|move|p1a: Scizor|Brick Break|p2a: Registeel\n|-supereffective|p2a: Registeel\n|-damage|p2a: Registeel|47\/100\n|-damage|p1a: Scizor|19\/100|[from] item: Life Orb\n|move|p2a: Registeel|Earthquake|p1a: Scizor\n|-damage|p1a: Scizor|0 fnt\n|faint|p1a: Scizor\n|\n|upkeep\n|\n|t:|1640907826\n|switch|p1a: Tangrowth|Tangrowth, F|95\/100\n|turn|16\n|\n|t:|1640907831\n|move|p1a: Tangrowth|Sleep Powder|p2a: Registeel|[miss]\n|-miss|p1a: Tangrowth|p2a: Registeel\n|move|p2a: Registeel|Rest|p2a: Registeel\n|-status|p2a: Registeel|slp|[from] move: Rest\n|-heal|p2a: Registeel|100\/100 slp|[silent]\n|\n|-heal|p1a: Tangrowth|100\/100|[from] item: Leftovers\n|upkeep\n|turn|17\n|\n|t:|1640907847\n|switch|p1a: Azumarill|Azumarill, M|100\/100\n|cant|p2a: Registeel|slp\n|\n|upkeep\n|turn|18\n|\n|t:|1640907852\n|move|p1a: Azumarill|Belly Drum|p1a: Azumarill\n|-damage|p1a: Azumarill|51\/100\n|-setboost|p1a: Azumarill|atk|6|[from] move: Belly Drum\n|cant|p2a: Registeel|slp\n|\n|upkeep\n|turn|19\n|\n|t:|1640907858\n|move|p1a: Azumarill|Superpower|p2a: Registeel\n|-supereffective|p2a: Registeel\n|-damage|p2a: Registeel|40\/100 slp\n|-unboost|p1a: Azumarill|atk|1\n|-unboost|p1a: Azumarill|def|1\n|-curestatus|p2a: Registeel|slp|[msg]\n|move|p2a: Registeel|Iron Head|p1a: Azumarill\n|-damage|p1a: Azumarill|0 fnt\n|faint|p1a: Azumarill\n|\n|upkeep\n|\n|t:|1640907868\n|switch|p1a: Tangrowth|Tangrowth, F|100\/100\n|turn|20\n|\n|t:|1640907871\n|move|p1a: Tangrowth|Sleep Powder|p2a: Registeel|[miss]\n|-miss|p1a: Tangrowth|p2a: Registeel\n|move|p2a: Registeel|Rest|p2a: Registeel\n|-status|p2a: Registeel|slp|[from] move: Rest\n|-heal|p2a: Registeel|100\/100 slp|[silent]\n|\n|upkeep\n|turn|21\n|-message|Mutako Z forfeited.\n|\n|win|Professor Aaron\n|raw|Mutako Z's rating: 1224 &rarr; <strong>1205<\/strong><br \/>(-19 for losing)\n|raw|Professor Aaron's rating: 1313 &rarr; <strong>1328<\/strong><br \/>(+15 for winning)\n|l|\u2606Mutako Z\n","uploadtime":1640907883,"views":16,"p1id":"mutakoz","p2id":"professoraaron","formatid":"gen8bdspou","rating":1205,"private":0,"password":null}