{"id":"gen8bdspou-1533618364","p1":"stopthreat","p2":"Freepntz","format":"gen8bdspou","log":"|j|\u2606stopthreat\n|j|\u2606Freepntz\n|t:|1647633005\n|gametype|singles\n|player|p1|stopthreat|boarder|1461\n|player|p2|Freepntz|siebold|1551\n|teamsize|p1|6\n|teamsize|p2|6\n|gen|8\n|tier|[Gen 8 BDSP] OU\n|rated|\n|rule|Sleep Clause Mod: Limit one foe put to sleep\n|rule|Species Clause: Limit one of each Pok\u00e9mon\n|rule|OHKO Clause: OHKO moves are banned\n|rule|Evasion Moves Clause: Evasion moves are banned\n|rule|Endless Battle Clause: Forcing endless battles is banned\n|rule|HP Percentage Mod: HP is shown in percentages\n|clearpoke\n|poke|p1|Heatran, F|\n|poke|p1|Feraligatr, M|\n|poke|p1|Mew|\n|poke|p1|Cloyster, M|\n|poke|p1|Gliscor, M|\n|poke|p1|Tangrowth, F|\n|poke|p2|Clefable, F|\n|poke|p2|Gliscor, M|\n|poke|p2|Forretress, M|\n|poke|p2|Milotic, F|\n|poke|p2|Umbreon, F|\n|poke|p2|Rhyperior, F|\n|teampreview\n|inactive|Battle timer is ON: inactive players will automatically lose when time's up. (requested by stopthreat)\n|\n|t:|1647633020\n|start\n|switch|p1a: Heatran|Heatran, F|100\/100\n|switch|p2a: Forretress|Forretress, M|100\/100\n|turn|1\n|\n|t:|1647633031\n|switch|p2a: Gliscor|Gliscor, M|100\/100\n|move|p1a: Heatran|Magma Storm|p2a: Gliscor\n|-damage|p2a: Gliscor|62\/100\n|-activate|p2a: Gliscor|move: Magma Storm|[of] p1a: Heatran\n|\n|-damage|p2a: Gliscor|50\/100|[from] move: Magma Storm|[partiallytrapped]\n|-status|p2a: Gliscor|tox|[from] item: Toxic Orb\n|upkeep\n|turn|2\n|\n|t:|1647633038\n|switch|p1a: Cloyster|Cloyster, M|100\/100\n|move|p2a: Gliscor|Stealth Rock|p1a: Cloyster\n|-sidestart|p1: stopthreat|move: Stealth Rock\n|\n|-heal|p2a: Gliscor|62\/100 tox|[from] ability: Poison Heal\n|-end|p2a: Gliscor|Magma Storm|[partiallytrapped]|[silent]\n|upkeep\n|turn|3\n|\n|t:|1647633057\n|switch|p2a: Clefable|Clefable, F|100\/100\n|move|p1a: Cloyster|Icicle Spear|p2a: Clefable\n|-damage|p2a: Clefable|92\/100\n|-damage|p2a: Clefable|83\/100\n|-damage|p2a: Clefable|75\/100\n|-damage|p2a: Clefable|66\/100\n|-damage|p2a: Clefable|57\/100\n|-hitcount|p2a: Clefable|5\n|\n|-heal|p2a: Clefable|63\/100|[from] item: Leftovers\n|upkeep\n|turn|4\n|\n|t:|1647633077\n|switch|p1a: Heatran|Heatran, F|100\/100\n|-damage|p1a: Heatran|88\/100|[from] Stealth Rock\n|move|p2a: Clefable|Moonlight|p2a: Clefable\n|-heal|p2a: Clefable|100\/100\n|\n|-heal|p1a: Heatran|94\/100|[from] item: Leftovers\n|upkeep\n|turn|5\n|\n|t:|1647633084\n|switch|p2a: Rhyperior|Rhyperior, F|100\/100\n|move|p1a: Heatran|Magma Storm|p2a: Rhyperior\n|-resisted|p2a: Rhyperior\n|-damage|p2a: Rhyperior|82\/100\n|-activate|p2a: Rhyperior|move: Magma Storm|[of] p1a: Heatran\n|\n|-heal|p1a: Heatran|100\/100|[from] item: Leftovers\n|-heal|p2a: Rhyperior|88\/100|[from] item: Leftovers\n|-damage|p2a: Rhyperior|76\/100|[from] move: Magma Storm|[partiallytrapped]\n|upkeep\n|turn|6\n|inactive|stopthreat has 120 seconds left.\n|\n|t:|1647633115\n|switch|p1a: Gliscor|Gliscor, M|100\/100\n|-damage|p1a: Gliscor|88\/100|[from] Stealth Rock\n|move|p2a: Rhyperior|Swords Dance|p2a: Rhyperior\n|-boost|p2a: Rhyperior|atk|2\n|\n|-heal|p2a: Rhyperior|82\/100|[from] item: Leftovers\n|-end|p2a: Rhyperior|Magma Storm|[partiallytrapped]|[silent]\n|-status|p1a: Gliscor|tox|[from] item: Toxic Orb\n|upkeep\n|turn|7\n|\n|t:|1647633122\n|move|p1a: Gliscor|Defog|p2a: Rhyperior\n|-unboost|p2a: Rhyperior|evasion|1\n|-sideend|p1: stopthreat|Stealth Rock|[from] move: Defog|[of] p1a: Gliscor\n|move|p2a: Rhyperior|Stone Edge|p1a: Gliscor\n|-damage|p1a: Gliscor|14\/100 tox\n|\n|-heal|p2a: Rhyperior|88\/100|[from] item: Leftovers\n|-heal|p1a: Gliscor|26\/100 tox|[from] ability: Poison Heal\n|upkeep\n|turn|8\n|inactive|stopthreat has 120 seconds left.\n|\n|t:|1647633155\n|switch|p1a: Tangrowth|Tangrowth, F|100\/100\n|move|p2a: Rhyperior|Stealth Rock|p1a: Tangrowth\n|-sidestart|p1: stopthreat|move: Stealth Rock\n|\n|-heal|p2a: Rhyperior|94\/100|[from] item: Leftovers\n|upkeep\n|turn|9\n|\n|t:|1647633160\n|switch|p2a: Forretress|Forretress, M|100\/100\n|move|p1a: Tangrowth|Giga Drain|p2a: Forretress\n|-resisted|p2a: Forretress\n|-damage|p2a: Forretress|93\/100\n|\n|-heal|p2a: Forretress|99\/100|[from] item: Leftovers\n|upkeep\n|turn|10\n|\n|t:|1647633167\n|switch|p1a: Gliscor|Gliscor, M|26\/100 tox\n|-damage|p1a: Gliscor|14\/100 tox|[from] Stealth Rock\n|switch|p2a: Gliscor|Gliscor, M|62\/100 tox\n|\n|-heal|p1a: Gliscor|26\/100 tox|[from] ability: Poison Heal\n|-heal|p2a: Gliscor|75\/100 tox|[from] ability: Poison Heal\n|upkeep\n|turn|11\n|inactive|stopthreat has 120 seconds left.\n|inactive|stopthreat has 90 seconds left.\n|\n|t:|1647633228\n|switch|p2a: Milotic|Milotic, F|100\/100\n|move|p1a: Gliscor|Roost|p1a: Gliscor\n|-heal|p1a: Gliscor|76\/100 tox\n|-singleturn|p1a: Gliscor|move: Roost\n|\n|-heal|p1a: Gliscor|89\/100 tox|[from] ability: Poison Heal\n|upkeep\n|turn|12\n|\n|t:|1647633234\n|move|p1a: Gliscor|Defog|p2a: Milotic\n|-unboost|p2a: Milotic|evasion|1\n|-ability|p2a: Milotic|Competitive\n|-boost|p2a: Milotic|spa|2\n|-sideend|p1: stopthreat|Stealth Rock|[from] move: Defog|[of] p1a: Gliscor\n|move|p2a: Milotic|Ice Beam|p1a: Gliscor\n|-supereffective|p1a: Gliscor\n|-damage|p1a: Gliscor|0 fnt\n|faint|p1a: Gliscor\n|\n|upkeep\n|inactive|stopthreat has 90 seconds left.\n|\n|t:|1647633250\n|switch|p1a: Cloyster|Cloyster, M|100\/100\n|turn|13\n|\n|t:|1647633254\n|move|p1a: Cloyster|Rock Blast|p2a: Milotic\n|-damage|p2a: Milotic|92\/100\n|-damage|p2a: Milotic|84\/100\n|-damage|p2a: Milotic|75\/100\n|-damage|p2a: Milotic|65\/100\n|-damage|p2a: Milotic|56\/100\n|-hitcount|p2a: Milotic|5\n|move|p2a: Milotic|Scald|p1a: Cloyster\n|-resisted|p1a: Cloyster\n|-damage|p1a: Cloyster|11\/100\n|-status|p1a: Cloyster|brn\n|\n|-heal|p2a: Milotic|62\/100|[from] item: Leftovers\n|-damage|p1a: Cloyster|5\/100 brn|[from] brn\n|upkeep\n|turn|14\n|inactive|stopthreat has 90 seconds left.\n|\n|t:|1647633269\n|move|p1a: Cloyster|Rock Blast|p2a: Milotic\n|-damage|p2a: Milotic|58\/100\n|-damage|p2a: Milotic|54\/100\n|-damage|p2a: Milotic|49\/100\n|-damage|p2a: Milotic|45\/100\n|-damage|p2a: Milotic|41\/100\n|-hitcount|p2a: Milotic|5\n|move|p2a: Milotic|Recover|p2a: Milotic\n|-heal|p2a: Milotic|91\/100\n|\n|-heal|p2a: Milotic|97\/100|[from] item: Leftovers\n|-damage|p1a: Cloyster|0 fnt|[from] brn\n|faint|p1a: Cloyster\n|upkeep\n|inactive|stopthreat has 90 seconds left.\n|\n|t:|1647633277\n|switch|p1a: Feraligatr|Feraligatr, M|100\/100\n|turn|15\n|\n|t:|1647633279\n|move|p1a: Feraligatr|Dragon Dance|p1a: Feraligatr\n|-boost|p1a: Feraligatr|atk|1\n|-boost|p1a: Feraligatr|spe|1\n|move|p2a: Milotic|Dragon Tail|p1a: Feraligatr\n|-damage|p1a: Feraligatr|92\/100\n|drag|p1a: Tangrowth|Tangrowth, F|100\/100\n|\n|-heal|p2a: Milotic|100\/100|[from] item: Leftovers\n|upkeep\n|turn|16\n|\n|t:|1647633284\n|move|p2a: Milotic|Ice Beam|p1a: Tangrowth\n|-supereffective|p1a: Tangrowth\n|-damage|p1a: Tangrowth|0 fnt\n|faint|p1a: Tangrowth\n|\n|upkeep\n|-message|stopthreat forfeited.\n|\n|win|Freepntz\n|raw|stopthreat's rating: 1461 &rarr; <strong>1446<\/strong><br \/>(-15 for losing)\n|raw|Freepntz's rating: 1551 &rarr; <strong>1566<\/strong><br \/>(+15 for winning)\n|l|\u2606stopthreat\n","uploadtime":1647633295,"views":9,"p1id":"stopthreat","p2id":"freepntz","formatid":"gen8bdspou","rating":1446,"private":0,"password":null}