{"id":"gen8randombattle-1537727117","p1":"143 bpm","p2":"Bloody Busybody","format":"gen8randombattle","log":"|j|\u203d143 bpm\n|j|\u2606Bloody Busybody\n|t:|1648132249\n|gametype|singles\n|player|p1|143 bpm|170|1427\n|player|p2|Bloody Busybody|bugcatcher|1482\n|teamsize|p1|6\n|teamsize|p2|6\n|gen|8\n|tier|[Gen 8] Random Battle\n|rated|\n|rule|Species Clause: Limit one of each Pok\u00e9mon\n|rule|HP Percentage Mod: HP is shown in percentages\n|rule|Sleep Clause Mod: Limit one foe put to sleep\n|\n|t:|1648132249\n|start\n|switch|p1a: Mantine|Mantine, L86, M|286\/286\n|switch|p2a: Cryogonal|Cryogonal, L86|278\/278\n|turn|1\n|inactive|Battle timer is ON: inactive players will automatically lose when time's up. (requested by 143 bpm)\n|\n|t:|1648132252\n|switch|p1a: Hatterene|Hatterene, L86, F|238\/238\n|move|p2a: Cryogonal|Freeze-Dry|p1a: Hatterene\n|-damage|p1a: Hatterene|166\/238\n|\n|-heal|p1a: Hatterene|180\/238|[from] item: Leftovers\n|upkeep\n|turn|2\n|\n|t:|1648132260\n|move|p2a: Cryogonal|Freeze-Dry|p1a: Hatterene\n|-damage|p1a: Hatterene|113\/238\n|move|p1a: Hatterene|Mystical Fire|p2a: Cryogonal\n|-supereffective|p2a: Cryogonal\n|-damage|p2a: Cryogonal|174\/278\n|-unboost|p2a: Cryogonal|spa|1\n|\n|-heal|p1a: Hatterene|127\/238|[from] item: Leftovers\n|upkeep\n|turn|3\n|\n|t:|1648132269\n|switch|p2a: Barbaracle|Barbaracle, L80, F|246\/246\n|move|p1a: Hatterene|Mystical Fire|p2a: Barbaracle\n|-resisted|p2a: Barbaracle\n|-damage|p2a: Barbaracle|227\/246\n|-unboost|p2a: Barbaracle|spa|1\n|\n|-heal|p1a: Hatterene|141\/238|[from] item: Leftovers\n|upkeep\n|turn|4\n|\n|t:|1648132274\n|switch|p1a: Tangrowth|Tangrowth, L84, M|305\/305\n|move|p2a: Barbaracle|Liquidation|p1a: Tangrowth\n|-resisted|p1a: Tangrowth\n|-damage|p1a: Tangrowth|260\/305\n|-damage|p2a: Barbaracle|186\/246|[from] item: Rocky Helmet|[of] p1a: Tangrowth\n|\n|upkeep\n|turn|5\n|\n|t:|1648132279\n|switch|p2a: Cryogonal|Cryogonal, L86|174\/278\n|move|p1a: Tangrowth|Leech Seed|p2a: Cryogonal\n|-start|p2a: Cryogonal|move: Leech Seed\n|\n|-damage|p2a: Cryogonal|140\/278|[from] Leech Seed|[of] p1a: Tangrowth\n|-heal|p1a: Tangrowth|294\/305|[silent]\n|upkeep\n|turn|6\n|\n|t:|1648132286\n|switch|p2a: Barbaracle|Barbaracle, L80, F|186\/246\n|move|p1a: Tangrowth|Sleep Powder|p2a: Barbaracle\n|-status|p2a: Barbaracle|slp|[from] move: Sleep Powder\n|\n|upkeep\n|turn|7\n|\n|t:|1648132292\n|switch|p2a: Tornadus|Tornadus-Therian, L78, M|251\/251\n|move|p1a: Tangrowth|Leech Seed|p2a: Tornadus\n|-start|p2a: Tornadus|move: Leech Seed\n|\n|-damage|p2a: Tornadus|220\/251|[from] Leech Seed|[of] p1a: Tangrowth\n|-heal|p1a: Tangrowth|305\/305|[silent]\n|upkeep\n|turn|8\n|\n|t:|1648132298\n|switch|p1a: Hatterene|Hatterene, L86, F|141\/238\n|move|p2a: Tornadus|Knock Off|p1a: Hatterene\n|-damage|p1a: Hatterene|86\/238\n|-enditem|p1a: Hatterene|Leftovers|[from] move: Knock Off|[of] p2a: Tornadus\n|\n|-damage|p2a: Tornadus|189\/251|[from] Leech Seed|[of] p1a: Hatterene\n|-heal|p1a: Hatterene|117\/238|[silent]\n|upkeep\n|turn|9\n|\n|t:|1648132304\n|switch|p2a: Barbaracle|Barbaracle, L80, F|186\/246 slp\n|move|p1a: Hatterene|Calm Mind|p1a: Hatterene\n|-boost|p1a: Hatterene|spa|1\n|-boost|p1a: Hatterene|spd|1\n|\n|upkeep\n|turn|10\n|\n|t:|1648132307\n|cant|p2a: Barbaracle|slp\n|move|p1a: Hatterene|Psychic|p2a: Barbaracle\n|-damage|p2a: Barbaracle|0 fnt\n|faint|p2a: Barbaracle\n|\n|upkeep\n|\n|t:|1648132311\n|switch|p2a: Aggron|Aggron, L85, M|258\/258\n|-item|p2a: Aggron|Air Balloon\n|turn|11\n|\n|t:|1648132315\n|switch|p1a: Tangrowth|Tangrowth, L84, M|305\/305\n|move|p2a: Aggron|Heavy Slam|p1a: Tangrowth\n|-damage|p1a: Tangrowth|250\/305\n|-damage|p2a: Aggron|215\/258|[from] item: Rocky Helmet|[of] p1a: Tangrowth\n|\n|upkeep\n|turn|12\n|\n|t:|1648132326\n|switch|p2a: Cryogonal|Cryogonal, L86|140\/278\n|move|p1a: Tangrowth|Leech Seed|p2a: Cryogonal\n|-start|p2a: Cryogonal|move: Leech Seed\n|\n|-damage|p2a: Cryogonal|106\/278|[from] Leech Seed|[of] p1a: Tangrowth\n|-heal|p1a: Tangrowth|284\/305|[silent]\n|upkeep\n|turn|13\n|\n|t:|1648132329\n|move|p2a: Cryogonal|Freeze-Dry|p1a: Tangrowth\n|-supereffective|p1a: Tangrowth\n|-damage|p1a: Tangrowth|50\/305\n|move|p1a: Tangrowth|Sludge Bomb|p2a: Cryogonal\n|-damage|p2a: Cryogonal|60\/278\n|-status|p2a: Cryogonal|psn\n|\n|-damage|p2a: Cryogonal|26\/278 psn|[from] Leech Seed|[of] p1a: Tangrowth\n|-heal|p1a: Tangrowth|84\/305|[silent]\n|-damage|p2a: Cryogonal|0 fnt|[from] psn\n|faint|p2a: Cryogonal\n|upkeep\n|\n|t:|1648132333\n|switch|p2a: Tornadus|Tornadus-Therian, L78, M|251\/251\n|turn|14\n|\n|t:|1648132335\n|switch|p1a: Mantine|Mantine, L86, M|286\/286\n|move|p2a: Tornadus|Hurricane|p1a: Mantine\n|-damage|p1a: Mantine|210\/286\n|\n|upkeep\n|turn|15\n|\n|t:|1648132338\n|move|p2a: Tornadus|Knock Off|p1a: Mantine\n|-damage|p1a: Mantine|142\/286\n|-enditem|p1a: Mantine|Heavy-Duty Boots|[from] move: Knock Off|[of] p2a: Tornadus\n|move|p1a: Mantine|Scald|p2a: Tornadus\n|-crit|p2a: Tornadus\n|-damage|p2a: Tornadus|121\/251\n|\n|upkeep\n|turn|16\n|\n|t:|1648132349\n|move|p2a: Tornadus|Hurricane|p1a: Mantine\n|-damage|p1a: Mantine|69\/286\n|-start|p1a: Mantine|confusion\n|-activate|p1a: Mantine|confusion\n|move|p1a: Mantine|Roost|p1a: Mantine\n|-heal|p1a: Mantine|212\/286\n|-singleturn|p1a: Mantine|move: Roost\n|\n|upkeep\n|turn|17\n|\n|t:|1648132353\n|switch|p2a: Aggron|Aggron, L85, M|215\/258\n|-item|p2a: Aggron|Air Balloon\n|-activate|p1a: Mantine|confusion\n|-damage|p1a: Mantine|199\/286|[from] confusion\n|\n|upkeep\n|turn|18\n|\n|t:|1648132355\n|-activate|p1a: Mantine|confusion\n|-damage|p1a: Mantine|187\/286|[from] confusion\n|move|p2a: Aggron|Rock Polish|p2a: Aggron\n|-boost|p2a: Aggron|spe|2\n|\n|upkeep\n|turn|19\n|\n|t:|1648132358\n|switch|p1a: Tangrowth|Tangrowth, L84, M|185\/305\n|move|p2a: Aggron|Head Smash|p1a: Tangrowth\n|-damage|p1a: Tangrowth|40\/305\n|-damage|p2a: Aggron|172\/258|[from] item: Rocky Helmet|[of] p1a: Tangrowth\n|\n|upkeep\n|turn|20\n|\n|t:|1648132362\n|move|p2a: Aggron|Heavy Slam|p1a: Tangrowth\n|-damage|p1a: Tangrowth|0 fnt\n|-damage|p2a: Aggron|129\/258|[from] item: Rocky Helmet|[of] p1a: Tangrowth\n|faint|p1a: Tangrowth\n|\n|upkeep\n|\n|t:|1648132362\n|switch|p1a: Golisopod|Golisopod, L84, M|263\/263\n|turn|21\n|\n|t:|1648132365\n|move|p2a: Aggron|Head Smash|p1a: Golisopod\n|-supereffective|p1a: Golisopod\n|-damage|p1a: Golisopod|0 fnt\n|faint|p1a: Golisopod\n|\n|upkeep\n|\n|t:|1648132365\n|switch|p1a: Klefki|Klefki, L82, F|228\/228\n|turn|22\n|\n|t:|1648132370\n|move|p1a: Klefki|Thunder Wave|p2a: Aggron\n|-status|p2a: Aggron|par\n|cant|p2a: Aggron|par\n|\n|upkeep\n|turn|23\n|\n|t:|1648132372\n|switch|p1a: Mantine|Mantine, L86, M|187\/286\n|move|p2a: Aggron|Earthquake|p1a: Mantine\n|-immune|p1a: Mantine\n|\n|upkeep\n|turn|24\n|\n|t:|1648132375\n|move|p1a: Mantine|Scald|p2a: Aggron\n|-supereffective|p2a: Aggron\n|-damage|p2a: Aggron|0 fnt\n|-enditem|p2a: Aggron|Air Balloon\n|faint|p2a: Aggron\n|\n|upkeep\n|\n|t:|1648132379\n|switch|p2a: Tornadus|Tornadus-Therian, L78, M|204\/251\n|turn|25\n|\n|t:|1648132381\n|move|p2a: Tornadus|Hurricane|p1a: Mantine\n|-damage|p1a: Mantine|105\/286\n|-start|p1a: Mantine|confusion\n|-activate|p1a: Mantine|confusion\n|move|p1a: Mantine|Toxic|p2a: Tornadus\n|-status|p2a: Tornadus|tox\n|\n|-damage|p2a: Tornadus|189\/251 tox|[from] psn\n|upkeep\n|turn|26\n|\n|t:|1648132385\n|switch|p2a: Kyurem|Kyurem, L80|331\/331\n|-ability|p2a: Kyurem|Pressure\n|-activate|p1a: Mantine|confusion\n|move|p1a: Mantine|Roost|p1a: Mantine\n|-heal|p1a: Mantine|248\/286\n|-singleturn|p1a: Mantine|move: Roost\n|\n|upkeep\n|turn|27\n|\n|t:|1648132390\n|move|p2a: Kyurem|Ice Beam|p1a: Mantine\n|-damage|p1a: Mantine|167\/286\n|-activate|p1a: Mantine|confusion\n|move|p1a: Mantine|Toxic|p2a: Kyurem\n|-status|p2a: Kyurem|tox\n|\n|-damage|p2a: Kyurem|311\/331 tox|[from] psn\n|upkeep\n|turn|28\n|\n|t:|1648132392\n|switch|p1a: Hatterene|Hatterene, L86, F|117\/238\n|move|p2a: Kyurem|Ice Beam|p1a: Hatterene\n|-damage|p1a: Hatterene|12\/238\n|\n|-damage|p2a: Kyurem|271\/331 tox|[from] psn\n|upkeep\n|turn|29\n|\n|t:|1648132395\n|move|p2a: Kyurem|Ice Beam|p1a: Hatterene\n|-damage|p1a: Hatterene|0 fnt\n|faint|p1a: Hatterene\n|\n|-damage|p2a: Kyurem|211\/331 tox|[from] psn\n|upkeep\n|\n|t:|1648132395\n|switch|p1a: Pinsir|Pinsir, L84, M|246\/246\n|-ability|p1a: Pinsir|Mold Breaker\n|turn|30\n|\n|t:|1648132397\n|move|p2a: Kyurem|Draco Meteor|p1a: Pinsir\n|-damage|p1a: Pinsir|62\/246\n|-unboost|p2a: Kyurem|spa|2\n|move|p1a: Pinsir|Stealth Rock|p2a: Kyurem\n|-sidestart|p2: Bloody Busybody|move: Stealth Rock\n|\n|-damage|p2a: Kyurem|131\/331 tox|[from] psn\n|upkeep\n|turn|31\n|\n|t:|1648132401\n|move|p2a: Kyurem|Draco Meteor|p1a: Pinsir\n|-damage|p1a: Pinsir|0 fnt\n|-unboost|p2a: Kyurem|spa|2\n|faint|p1a: Pinsir\n|\n|-damage|p2a: Kyurem|31\/331 tox|[from] psn\n|upkeep\n|\n|t:|1648132401\n|switch|p1a: Mantine|Mantine, L86, M|167\/286\n|turn|32\n|\n|t:|1648132404\n|move|p2a: Kyurem|Draco Meteor|p1a: Mantine\n|-damage|p1a: Mantine|130\/286\n|-unboost|p2a: Kyurem|spa|2\n|move|p1a: Mantine|Roost|p1a: Mantine\n|-heal|p1a: Mantine|273\/286\n|-singleturn|p1a: Mantine|move: Roost\n|\n|-damage|p2a: Kyurem|0 fnt|[from] psn\n|faint|p2a: Kyurem\n|upkeep\n|\n|t:|1648132417\n|switch|p2a: Scyther|Scyther, L81, F|246\/246\n|turn|33\n|\n|t:|1648132419\n|move|p2a: Scyther|Swords Dance|p2a: Scyther\n|-boost|p2a: Scyther|atk|2\n|move|p1a: Mantine|Scald|p2a: Scyther\n|-damage|p2a: Scyther|161\/246\n|-status|p2a: Scyther|brn\n|\n|-damage|p2a: Scyther|146\/246 brn|[from] brn\n|upkeep\n|turn|34\n|\n|t:|1648132422\n|-start|p2a: Scyther|Dynamax\n|-heal|p2a: Scyther|292\/492 brn|[silent]\n|move|p2a: Scyther|Max Airstream|p1a: Mantine\n|-damage|p1a: Mantine|120\/286\n|-boost|p2a: Scyther|spe|1\n|move|p1a: Mantine|Hurricane|p2a: Scyther|[miss]\n|-miss|p1a: Mantine|p2a: Scyther\n|\n|-damage|p2a: Scyther|277\/492 brn|[from] brn\n|upkeep\n|turn|35\n|\n|t:|1648132425\n|move|p2a: Scyther|Max Airstream|p1a: Mantine\n|-damage|p1a: Mantine|0 fnt\n|-boost|p2a: Scyther|spe|1\n|faint|p1a: Mantine\n|\n|-damage|p2a: Scyther|262\/492 brn|[from] brn\n|upkeep\n|\n|t:|1648132425\n|switch|p1a: Klefki|Klefki, L82, F|228\/228\n|turn|36\n|\n|t:|1648132430\n|-start|p1a: Klefki|Dynamax\n|-heal|p1a: Klefki|456\/456|[silent]\n|move|p2a: Scyther|Max Knuckle|p1a: Klefki\n|-damage|p1a: Klefki|390\/456\n|-boost|p2a: Scyther|atk|1\n|move|p1a: Klefki|Max Starfall|p2a: Scyther\n|-damage|p2a: Scyther|139\/492 brn\n|-fieldstart|move: Misty Terrain\n|\n|-heal|p1a: Klefki|404\/456|[from] item: Leftovers\n|-damage|p2a: Scyther|124\/492 brn|[from] brn\n|-end|p2a: Scyther|Dynamax\n|-heal|p2a: Scyther|62\/246 brn|[silent]\n|upkeep\n|turn|37\n|\n|t:|1648132438\n|move|p2a: Scyther|Knock Off|p1a: Klefki\n|-resisted|p1a: Klefki\n|-damage|p1a: Klefki|360\/456\n|-enditem|p1a: Klefki|Leftovers|[from] move: Knock Off|[of] p2a: Scyther\n|move|p1a: Klefki|Max Starfall|p2a: Scyther\n|-damage|p2a: Scyther|0 fnt\n|faint|p2a: Scyther\n|\n|upkeep\n|\n|t:|1648132443\n|switch|p2a: Tornadus|Tornadus-Therian, L78, M|251\/251 tox\n|turn|38\n|\n|t:|1648132447\n|move|p2a: Tornadus|Hurricane|p1a: Klefki\n|-resisted|p1a: Klefki\n|-damage|p1a: Klefki|301\/456\n|move|p1a: Klefki|Max Starfall|p2a: Tornadus\n|-damage|p2a: Tornadus|130\/251 tox\n|\n|-damage|p2a: Tornadus|115\/251 tox|[from] psn\n|-end|p1a: Klefki|Dynamax\n|-heal|p1a: Klefki|151\/228|[silent]\n|upkeep\n|turn|39\n|\n|t:|1648132450\n|move|p2a: Tornadus|Hurricane|p1a: Klefki\n|-resisted|p1a: Klefki\n|-damage|p1a: Klefki|98\/228\n|move|p1a: Klefki|Play Rough|p2a: Tornadus\n|-damage|p2a: Tornadus|22\/251 tox\n|\n|-damage|p2a: Tornadus|0 fnt|[from] psn\n|faint|p2a: Tornadus\n|\n|win|143 bpm\n|upkeep\n|raw|143 bpm's rating: 1427 &rarr; <strong>1450<\/strong><br \/>(+23 for winning)\n|raw|Bloody Busybody's rating: 1482 &rarr; <strong>1459<\/strong><br \/>(-23 for losing)\n","inputlog":">version 3e3f7f95ced453fb6569d65c347856b0466abcfd\n>start {\"formatid\":\"gen8randombattle\",\"seed\":[20412,20749,33406,9821],\"rated\":\"Rated battle\"}\n>player p1 {\"name\":\"143 bpm\",\"avatar\":\"170\",\"rating\":1427,\"seed\":[44657,11043,49663,15794]}\n>player p2 {\"name\":\"Bloody Busybody\",\"avatar\":\"bugcatcher\",\"rating\":1482,\"seed\":[16971,16703,38348,51927]}\n>p1 switch 6\n>p2 move freezedry\n>p1 move mysticalfire\n>p2 move freezedry\n>p1 move mysticalfire\n>p2 switch 4\n>p1 switch 5\n>p2 move liquidation\n>p1 move leechseed\n>p2 switch 4\n>p1 move sleeppowder\n>p2 switch 4\n>p1 move leechseed\n>p2 switch 5\n>p1 switch 5\n>p2 move knockoff\n>p1 move calmmind\n>p2 switch 5\n>p1 move psychic\n>p2 move stoneedge\n>p2 switch 6\n>p1 switch 5\n>p2 move heavyslam\n>p1 move leechseed\n>p2 switch 4\n>p1 move sludgebomb\n>p2 move freezedry\n>p2 switch 5\n>p1 switch 6\n>p2 move hurricane\n>p1 move scald\n>p2 move knockoff\n>p1 move roost\n>p2 move hurricane\n>p1 move scald\n>p2 switch 4\n>p1 move scald\n>p2 move rockpolish\n>p1 switch 6\n>p2 move headsmash\n>p1 move gigadrain\n>p2 move heavyslam\n>p1 switch 2\n>p1 move liquidation\n>p2 move headsmash\n>p1 switch 3\n>p1 move thunderwave\n>p2 move earthquake\n>p1 switch 6\n>p2 move earthquake\n>p1 move scald\n>p2 move headsmash\n>p2 switch 4\n>p1 move toxic\n>p2 move hurricane\n>p1 move roost\n>p2 switch 2\n>p1 move toxic\n>p2 move icebeam\n>p1 switch 5\n>p2 move icebeam\n>p1 move psychic\n>p2 move icebeam\n>p1 switch 4\n>p1 move stealthrock\n>p2 move dracometeor\n>p1 move earthquake\n>p2 move dracometeor\n>p1 switch 5\n>p1 move roost\n>p2 move dracometeor\n>p2 switch 3\n>p1 move scald\n>p2 move swordsdance\n>p1 move hurricane\n>p2 move dualwingbeat dynamax\n>p1 move roost\n>p2 move dualwingbeat dynamax\n>p1 switch 6\n>p1 move playrough dynamax\n>p2 move brickbreak dynamax\n>p1 move playrough dynamax\n>p2 move knockoff\n>p2 switch 2\n>p1 move playrough dynamax\n>p2 move hurricane\n>p1 move playrough\n>p2 move hurricane","uploadtime":1648132451,"views":8,"p1id":"143bpm","p2id":"bloodybusybody","formatid":"gen8randombattle","rating":1450,"private":0,"password":null}