{"id":"gen8ou-1641833147","p1":"Daevank5","p2":"LT93OQ Adri","format":"gen8ou","log":"|raw|<div class=\"broadcast-blue\"><strong>This battle is required to be public due to a player having a name starting with 'lt93oq'.<\/div>\n|j|\u2606Daevank5\n|j|\u2606LT93OQ Adri\n|t:|1660755724\n|gametype|singles\n|player|p1|Daevank5|workerice|1673\n|player|p2|LT93OQ Adri|red-gen3|1774\n|teamsize|p1|6\n|teamsize|p2|6\n|gen|8\n|tier|[Gen 8] OU\n|rated|\n|rule|Sleep Clause Mod: Limit one foe put to sleep\n|rule|Species Clause: Limit one of each Pok\u00e9mon\n|rule|OHKO Clause: OHKO moves are banned\n|rule|Evasion Items Clause: Evasion items are banned\n|rule|Evasion Moves Clause: Evasion moves are banned\n|rule|Endless Battle Clause: Forcing endless battles is banned\n|rule|HP Percentage Mod: HP is shown in percentages\n|rule|Dynamax Clause: You cannot dynamax\n|clearpoke\n|poke|p1|Mew|\n|poke|p1|Heatran, F|\n|poke|p1|Kartana|\n|poke|p1|Slowbro, F|\n|poke|p1|Landorus-Therian, M|\n|poke|p1|Clefable, M|\n|poke|p2|Blaziken, F|\n|poke|p2|Slowking-Galar, F|\n|poke|p2|Rillaboom, M|\n|poke|p2|Tapu Fini|\n|poke|p2|Garchomp, M|\n|poke|p2|Corviknight, F|\n|teampreview\n|inactive|Battle timer is ON: inactive players will automatically lose when time's up. (requested by Daevank5)\n|\n|t:|1660755757\n|start\n|switch|p1a: Mew|Mew|100\/100\n|switch|p2a: Rillaboom|Rillaboom, M|100\/100\n|-fieldstart|move: Grassy Terrain|[from] ability: Grassy Surge|[of] p2a: Rillaboom\n|turn|1\n|\n|t:|1660755765\n|switch|p1a: Heatran|Heatran, F|100\/100\n|move|p2a: Rillaboom|Wood Hammer|p1a: Heatran\n|-resisted|p1a: Heatran\n|-damage|p1a: Heatran|88\/100\n|-status|p2a: Rillaboom|brn|[from] ability: Flame Body|[of] p1a: Heatran\n|-damage|p2a: Rillaboom|96\/100 brn|[from] Recoil\n|\n|-heal|p2a: Rillaboom|100\/100 brn|[from] Grassy Terrain\n|-heal|p1a: Heatran|94\/100|[from] Grassy Terrain\n|-heal|p1a: Heatran|99\/100|[from] item: Leftovers\n|-damage|p2a: Rillaboom|94\/100 brn|[from] brn\n|upkeep\n|turn|2\n|\n|t:|1660755774\n|switch|p2a: Garchomp|Garchomp, M|100\/100\n|move|p1a: Heatran|Stealth Rock|p2a: Garchomp\n|-sidestart|p2: LT93OQ Adri|move: Stealth Rock\n|\n|-heal|p1a: Heatran|100\/100|[from] Grassy Terrain\n|upkeep\n|turn|3\n|\n|t:|1660755777\n|move|p2a: Garchomp|Stealth Rock|p1a: Heatran\n|-sidestart|p1: Daevank5|move: Stealth Rock\n|move|p1a: Heatran|Will-O-Wisp|p2a: Garchomp\n|-status|p2a: Garchomp|brn\n|\n|-damage|p2a: Garchomp|94\/100 brn|[from] brn\n|upkeep\n|turn|4\n|\n|t:|1660755793\n|switch|p2a: Blaziken|Blaziken, F|100\/100\n|-damage|p2a: Blaziken|88\/100|[from] Stealth Rock\n|switch|p1a: Clefable|Clefable, M|100\/100\n|\n|-heal|p2a: Blaziken|94\/100|[from] Grassy Terrain\n|-heal|p2a: Blaziken|99\/100|[from] item: Leftovers\n|upkeep\n|turn|5\n|\n|t:|1660755798\n|switch|p2a: Slowking|Slowking-Galar, F|100\/100\n|-damage|p2a: Slowking|88\/100|[from] Stealth Rock\n|switch|p1a: Slowbro|Slowbro, F|100\/100\n|-damage|p1a: Slowbro|88\/100|[from] Stealth Rock\n|\n|-heal|p2a: Slowking|94\/100|[from] Grassy Terrain\n|-heal|p1a: Slowbro|94\/100|[from] Grassy Terrain\n|-fieldend|move: Grassy Terrain\n|upkeep\n|turn|6\n|\n|t:|1660755804\n|move|p2a: Slowking|Future Sight|p1a: Slowbro\n|-start|p2a: Slowking|move: Future Sight\n|move|p1a: Slowbro|Future Sight|p2a: Slowking\n|-start|p1a: Slowbro|move: Future Sight\n|\n|upkeep\n|turn|7\n|\n|t:|1660755820\n|switch|p1a: Heatran|Heatran, F|100\/100\n|-damage|p1a: Heatran|88\/100|[from] Stealth Rock\n|move|p2a: Slowking|Sludge Bomb|p1a: Heatran\n|-immune|p1a: Heatran\n|\n|-heal|p1a: Heatran|94\/100|[from] item: Leftovers\n|upkeep\n|turn|8\n|\n|t:|1660755826\n|switch|p1a: Mew|Mew|100\/100\n|switch|p2a: Garchomp|Garchomp, M|94\/100 brn\n|-damage|p2a: Garchomp|88\/100 brn|[from] Stealth Rock\n|\n|-end|p1a: Mew|move: Future Sight\n|-resisted|p1a: Mew\n|-damage|p1a: Mew|84\/100\n|-end|p2a: Garchomp|move: Future Sight\n|-damage|p2a: Garchomp|63\/100 brn\n|-heal|p2a: Garchomp|69\/100 brn|[from] item: Leftovers\n|-damage|p2a: Garchomp|63\/100 brn|[from] brn\n|upkeep\n|turn|9\n|\n|t:|1660755833\n|switch|p1a: Clefable|Clefable, M|100\/100\n|move|p2a: Garchomp|Protect||[still]\n|-fail|p2a: Garchomp\n|\n|-heal|p2a: Garchomp|69\/100 brn|[from] item: Leftovers\n|-damage|p2a: Garchomp|63\/100 brn|[from] brn\n|upkeep\n|turn|10\n|\n|t:|1660755838\n|switch|p2a: Slowking|Slowking-Galar, F|100\/100\n|-damage|p2a: Slowking|88\/100|[from] Stealth Rock\n|move|p1a: Clefable|Wonder Room|p1a: Clefable\n|-fieldstart|move: Wonder Room|[of] p1a: Clefable\n|\n|upkeep\n|turn|11\n|\n|t:|1660755844\n|switch|p1a: Mew|Mew|84\/100\n|move|p2a: Slowking|Future Sight|p1a: Mew\n|-start|p2a: Slowking|move: Future Sight\n|\n|upkeep\n|turn|12\n|\n|t:|1660755852\n|move|p1a: Mew|Earth Power|p2a: Slowking\n|-supereffective|p2a: Slowking\n|-damage|p2a: Slowking|59\/100\n|move|p2a: Slowking|Sludge Bomb|p1a: Mew\n|-damage|p1a: Mew|55\/100\n|-status|p1a: Mew|psn\n|-activate|p1a: Mew|ability: Synchronize\n|-immune|p2a: Slowking\n|\n|-damage|p1a: Mew|43\/100 psn|[from] psn\n|upkeep\n|turn|13\n|\n|t:|1660755872\n|move|p1a: Mew|Soft-Boiled|p1a: Mew\n|-heal|p1a: Mew|93\/100 psn\n|move|p2a: Slowking|Sludge Bomb|p1a: Mew\n|-damage|p1a: Mew|62\/100 psn\n|\n|-end|p1a: Mew|move: Future Sight\n|-resisted|p1a: Mew\n|-damage|p1a: Mew|40\/100 psn\n|-damage|p1a: Mew|28\/100 psn|[from] psn\n|upkeep\n|turn|14\n|\n|t:|1660755875\n|move|p1a: Mew|Soft-Boiled|p1a: Mew\n|-heal|p1a: Mew|78\/100 psn\n|move|p2a: Slowking|Future Sight|p1a: Mew\n|-start|p2a: Slowking|move: Future Sight\n|\n|-damage|p1a: Mew|65\/100 psn|[from] psn\n|-fieldend|move: Wonder Room\n|upkeep\n|turn|15\n|\n|t:|1660755891\n|switch|p2a: Tapu Fini|Tapu Fini|100\/100\n|-damage|p2a: Tapu Fini|88\/100|[from] Stealth Rock\n|-fieldstart|move: Misty Terrain|[from] ability: Misty Surge|[of] p2a: Tapu Fini\n|move|p1a: Mew|Soft-Boiled|p1a: Mew\n|-heal|p1a: Mew|100\/100 psn\n|\n|-damage|p1a: Mew|88\/100 psn|[from] psn\n|upkeep\n|turn|16\n|\n|t:|1660755898\n|move|p2a: Tapu Fini|Trick|p1a: Mew\n|-activate|p2a: Tapu Fini|move: Trick|[of] p1a: Mew\n|-item|p1a: Mew|Choice Scarf|[from] move: Trick\n|-item|p2a: Tapu Fini|Heavy-Duty Boots|[from] move: Trick\n|move|p1a: Mew|Magic Room|p1a: Mew\n|-fieldstart|move: Magic Room|[of] p1a: Mew\n|\n|-end|p1a: Mew|move: Future Sight\n|-resisted|p1a: Mew\n|-damage|p1a: Mew|72\/100 psn\n|-damage|p1a: Mew|60\/100 psn|[from] psn\n|upkeep\n|turn|17\n|\n|t:|1660755916\n|move|p2a: Tapu Fini|Surf|p1a: Mew\n|-damage|p1a: Mew|39\/100 psn\n|move|p1a: Mew|Soft-Boiled|p1a: Mew\n|-heal|p1a: Mew|89\/100 psn\n|\n|-damage|p1a: Mew|76\/100 psn|[from] psn\n|upkeep\n|turn|18\n|\n|t:|1660755921\n|switch|p1a: Kartana|Kartana|100\/100\n|-damage|p1a: Kartana|94\/100|[from] Stealth Rock\n|move|p2a: Tapu Fini|Moonblast|p1a: Kartana\n|-resisted|p1a: Kartana\n|-damage|p1a: Kartana|35\/100\n|\n|upkeep\n|turn|19\n|\n|t:|1660755928\n|switch|p2a: Corviknight|Corviknight, F|100\/100\n|-damage|p2a: Corviknight|88\/100|[from] Stealth Rock\n|-ability|p2a: Corviknight|Pressure\n|move|p1a: Kartana|Swords Dance|p1a: Kartana\n|-boost|p1a: Kartana|atk|2\n|\n|-fieldend|Misty Terrain\n|upkeep\n|turn|20\n|\n|t:|1660755933\n|move|p1a: Kartana|Knock Off|p2a: Corviknight\n|-damage|p2a: Corviknight|32\/100\n|-enditem|p2a: Corviknight|Rocky Helmet|[from] move: Knock Off|[of] p1a: Kartana\n|move|p2a: Corviknight|U-turn|p1a: Kartana\n|-damage|p1a: Kartana|20\/100\n|\n|t:|1660755937\n|switch|p2a: Blaziken|Blaziken, F|99\/100|[from]move: U-turn\n|-damage|p2a: Blaziken|88\/100|[from] Stealth Rock\n|\n|-fieldend|move: Magic Room|[of] p1: Mew\n|upkeep\n|turn|21\n|\n|t:|1660755940\n|move|p2a: Blaziken|Protect|p2a: Blaziken\n|-singleturn|p2a: Blaziken|Protect\n|move|p1a: Kartana|Sacred Sword|p2a: Blaziken\n|-activate|p2a: Blaziken|move: Protect\n|\n|-heal|p2a: Blaziken|94\/100|[from] item: Leftovers\n|-ability|p2a: Blaziken|Speed Boost|boost\n|-boost|p2a: Blaziken|spe|1\n|upkeep\n|turn|22\n|\n|t:|1660755944\n|move|p1a: Kartana|Sacred Sword|p2a: Blaziken\n|-damage|p2a: Blaziken|0 fnt\n|faint|p2a: Blaziken\n|-ability|p1a: Kartana|Beast Boost|boost\n|-boost|p1a: Kartana|atk|1\n|\n|upkeep\n|-message|LT93OQ Adri forfeited.\n|\n|win|Daevank5\n|raw|Daevank5's rating: 1673 &rarr; <strong>1699<\/strong><br \/>(+26 for winning)\n|raw|LT93OQ Adri's rating: 1774 &rarr; <strong>1748<\/strong><br \/>(-26 for losing)\n|l|\u2606LT93OQ Adri\n||Ladder isn't responding, score probably updated but might not have (Request timeout).\n|j| Tzeitzki + Plasma\n|j| qxfn143\n|l| qxfn143\n","uploadtime":1660755955,"views":42,"p1id":"daevank5","p2id":"lt93oqadri","formatid":"gen8ou","rating":1699,"private":0,"password":null}