{"id":"gen8ou-1642126344","p1":"himynametay","p2":"LT93OQ Araujo","format":"gen8ou","log":"|raw|<div class=\"broadcast-blue\"><strong>This battle is required to be public due to a player having a name starting with 'lt93oq'.<\/div>\n|j|\u203dhimynametay\n|j|\u2606LT93OQ Araujo\n|t:|1660784842\n|gametype|singles\n|player|p1|himynametay|elesa-masters|1623\n|player|p2|LT93OQ Araujo|morty-masters|1670\n|teamsize|p1|6\n|teamsize|p2|6\n|gen|8\n|tier|[Gen 8] OU\n|rated|\n|rule|Sleep Clause Mod: Limit one foe put to sleep\n|rule|Species Clause: Limit one of each Pok\u00e9mon\n|rule|OHKO Clause: OHKO moves are banned\n|rule|Evasion Items Clause: Evasion items are banned\n|rule|Evasion Moves Clause: Evasion moves are banned\n|rule|Endless Battle Clause: Forcing endless battles is banned\n|rule|HP Percentage Mod: HP is shown in percentages\n|rule|Dynamax Clause: You cannot dynamax\n|clearpoke\n|poke|p1|Landorus-Therian, M|\n|poke|p1|Ferrothorn, M|\n|poke|p1|Urshifu-*, F|\n|poke|p1|Tornadus-Therian, M|\n|poke|p1|Dragapult, M|\n|poke|p1|Tapu Lele|\n|poke|p2|Pelipper, F|\n|poke|p2|Urshifu-*, M|\n|poke|p2|Dragapult, M|\n|poke|p2|Landorus-Therian, M|\n|poke|p2|Melmetal|\n|poke|p2|Tapu Lele|\n|teampreview\n|\n|t:|1660784860\n|start\n|switch|p1a: Dragapult|Dragapult, M|100\/100\n|switch|p2a: Tapu Lele|Tapu Lele|100\/100\n|-fieldstart|move: Psychic Terrain|[from] ability: Psychic Surge|[of] p2a: Tapu Lele\n|turn|1\n|\n|t:|1660784892\n|switch|p1a: Tornadus|Tornadus-Therian, M|100\/100\n|switch|p2a: Melmetal|Melmetal|100\/100\n|\n|upkeep\n|turn|2\n|inactive|Battle timer is ON: inactive players will automatically lose when time's up. (requested by himynametay)\n|\n|t:|1660784911\n|move|p2a: Melmetal|Protect|p2a: Melmetal\n|-singleturn|p2a: Melmetal|Protect\n|move|p1a: Tornadus|Knock Off|p2a: Melmetal\n|-activate|p2a: Melmetal|move: Protect\n|\n|upkeep\n|turn|3\n|\n|t:|1660784923\n|move|p1a: Tornadus|Knock Off|p2a: Melmetal\n|-damage|p2a: Melmetal|89\/100\n|-enditem|p2a: Melmetal|Leftovers|[from] move: Knock Off|[of] p1a: Tornadus\n|move|p2a: Melmetal|Toxic|p1a: Tornadus\n|-status|p1a: Tornadus|tox\n|\n|-damage|p1a: Tornadus|94\/100 tox|[from] psn\n|upkeep\n|turn|4\n|inactive|LT93OQ Araujo has 120 seconds left.\n|\n|t:|1660784961\n|switch|p1a: Ferrothorn|Ferrothorn, M|100\/100\n|move|p2a: Melmetal|Protect||[still]\n|-fail|p2a: Melmetal\n|\n|upkeep\n|turn|5\n|inactive|LT93OQ Araujo has 120 seconds left.\n|\n|t:|1660784968\n|switch|p2a: Pelipper|Pelipper, F|100\/100\n|-weather|RainDance|[from] ability: Drizzle|[of] p2a: Pelipper\n|move|p1a: Ferrothorn|Stealth Rock|p2a: Pelipper\n|-sidestart|p2: LT93OQ Araujo|move: Stealth Rock\n|\n|-weather|RainDance|[upkeep]\n|-fieldend|move: Psychic Terrain\n|upkeep\n|turn|6\n|\n|t:|1660784997\n|switch|p1a: Tornadus|Tornadus-Therian, M|100\/100 tox\n|move|p2a: Pelipper|Hurricane|p1a: Tornadus\n|-damage|p1a: Tornadus|52\/100 tox\n|-start|p1a: Tornadus|confusion\n|\n|-weather|RainDance|[upkeep]\n|-damage|p1a: Tornadus|46\/100 tox|[from] psn\n|upkeep\n|turn|7\n|\n|t:|1660785004\n|-activate|p1a: Tornadus|confusion\n|move|p1a: Tornadus|Knock Off|p2a: Pelipper\n|-damage|p2a: Pelipper|73\/100\n|-enditem|p2a: Pelipper|Choice Specs|[from] move: Knock Off|[of] p1a: Tornadus\n|move|p2a: Pelipper|Hurricane|p1a: Tornadus\n|-damage|p1a: Tornadus|15\/100 tox\n|\n|-weather|RainDance|[upkeep]\n|-damage|p1a: Tornadus|3\/100 tox|[from] psn\n|upkeep\n|turn|8\n|\n|t:|1660785012\n|switch|p1a: Dragapult|Dragapult, M|100\/100\n|move|p2a: Pelipper|Hurricane|p1a: Dragapult\n|-damage|p1a: Dragapult|30\/100\n|\n|-weather|RainDance|[upkeep]\n|upkeep\n|turn|9\n|\n|t:|1660785021\n|switch|p2a: Landorus|Landorus-Therian, M|100\/100\n|-damage|p2a: Landorus|88\/100|[from] Stealth Rock\n|-ability|p2a: Landorus|Intimidate|boost\n|-unboost|p1a: Dragapult|atk|1\n|move|p1a: Dragapult|Shadow Ball|p2a: Landorus\n|-crit|p2a: Landorus\n|-damage|p2a: Landorus|10\/100\n|-unboost|p2a: Landorus|spd|1\n|-enditem|p2a: Landorus|Eject Button\n|\n|t:|1660785026\n|switch|p2a: Urshifu|Urshifu-Rapid-Strike, M|100\/100\n|-damage|p2a: Urshifu|94\/100|[from] Stealth Rock\n|\n|-weather|none\n|upkeep\n|turn|10\n|\n|t:|1660785036\n|switch|p1a: Ferrothorn|Ferrothorn, M|100\/100\n|move|p2a: Urshifu|U-turn|p1a: Ferrothorn\n|-damage|p1a: Ferrothorn|85\/100\n|-damage|p2a: Urshifu|82\/100|[from] ability: Iron Barbs|[of] p1a: Ferrothorn\n|-damage|p2a: Urshifu|66\/100|[from] item: Rocky Helmet|[of] p1a: Ferrothorn\n|\n|t:|1660785045\n|switch|p2a: Dragapult|Dragapult, M|100\/100|[from]move: U-turn\n|-damage|p2a: Dragapult|88\/100|[from] Stealth Rock\n|\n|upkeep\n|turn|11\n|\n|t:|1660785053\n|move|p2a: Dragapult|Shadow Ball|p1a: Ferrothorn\n|-damage|p1a: Ferrothorn|37\/100\n|-unboost|p1a: Ferrothorn|spd|1\n|move|p1a: Ferrothorn|Knock Off|p2a: Dragapult\n|-supereffective|p2a: Dragapult\n|-damage|p2a: Dragapult|33\/100\n|-enditem|p2a: Dragapult|Choice Specs|[from] move: Knock Off|[of] p1a: Ferrothorn\n|\n|upkeep\n|turn|12\n|\n|t:|1660785058\n|switch|p1a: Landorus|Landorus-Therian, M|100\/100\n|-ability|p1a: Landorus|Intimidate|boost\n|-unboost|p2a: Dragapult|atk|1\n|move|p2a: Dragapult|Shadow Ball|p1a: Landorus\n|-damage|p1a: Landorus|71\/100\n|\n|-heal|p1a: Landorus|77\/100|[from] item: Leftovers\n|upkeep\n|turn|13\n|\n|t:|1660785062\n|move|p2a: Dragapult|Surf|p1a: Landorus\n|-supereffective|p1a: Landorus\n|-damage|p1a: Landorus|36\/100\n|move|p1a: Landorus|Earthquake|p2a: Dragapult\n|-damage|p2a: Dragapult|0 fnt\n|faint|p2a: Dragapult\n|\n|-heal|p1a: Landorus|42\/100|[from] item: Leftovers\n|upkeep\n|\n|t:|1660785068\n|switch|p2a: Tapu Lele|Tapu Lele|100\/100\n|-damage|p2a: Tapu Lele|88\/100|[from] Stealth Rock\n|-fieldstart|move: Psychic Terrain|[from] ability: Psychic Surge|[of] p2a: Tapu Lele\n|turn|14\n|inactive|himynametay has 120 seconds left.\n|\n|t:|1660785106\n|move|p2a: Tapu Lele|Psyshock|p1a: Landorus\n|-damage|p1a: Landorus|0 fnt\n|faint|p1a: Landorus\n|\n|upkeep\n|\n|t:|1660785108\n|switch|p1a: Tapu Lele|Tapu Lele|100\/100\n|turn|15\n|\n|t:|1660785118\n|switch|p2a: Landorus|Landorus-Therian, M|10\/100\n|-damage|p2a: Landorus|0 fnt|[from] Stealth Rock\n|faint|p2a: Landorus\n|move|p1a: Tapu Lele|Moonblast|p2: Landorus|[notarget]\n|-fail|p1a: Tapu Lele\n|\n|upkeep\n|\n|t:|1660785121\n|switch|p2a: Melmetal|Melmetal|89\/100\n|-damage|p2a: Melmetal|83\/100|[from] Stealth Rock\n|turn|16\n|inactive|himynametay has 120 seconds left.\n|\n|t:|1660785167\n|switch|p1a: Ferrothorn|Ferrothorn, M|37\/100\n|move|p2a: Melmetal|Earthquake|p1a: Ferrothorn\n|-damage|p1a: Ferrothorn|19\/100\n|\n|upkeep\n|turn|17\n|\n|t:|1660785173\n|move|p2a: Melmetal|Earthquake|p1a: Ferrothorn\n|-damage|p1a: Ferrothorn|0 fnt\n|faint|p1a: Ferrothorn\n|\n|upkeep\n|\n|t:|1660785175\n|switch|p1a: Urshifu|Urshifu-Rapid-Strike, F|100\/100\n|turn|18\n|\n|t:|1660785188\n|move|p1a: Urshifu|Surging Strikes|p2a: Melmetal\n|-crit|p2a: Melmetal\n|-damage|p2a: Melmetal|71\/100\n|-crit|p2a: Melmetal\n|-damage|p2a: Melmetal|58\/100\n|-crit|p2a: Melmetal\n|-damage|p2a: Melmetal|46\/100\n|-hitcount|p2a: Melmetal|3\n|move|p2a: Melmetal|Earthquake|p1a: Urshifu\n|-damage|p1a: Urshifu|64\/100\n|\n|-fieldend|move: Psychic Terrain\n|upkeep\n|turn|19\n|\n|t:|1660785201\n|move|p1a: Urshifu|Close Combat|p2a: Melmetal\n|-supereffective|p2a: Melmetal\n|-damage|p2a: Melmetal|0 fnt\n|-unboost|p1a: Urshifu|def|1\n|-unboost|p1a: Urshifu|spd|1\n|faint|p2a: Melmetal\n|\n|upkeep\n|\n|t:|1660785208\n|switch|p2a: Urshifu|Urshifu-Rapid-Strike, M|66\/100\n|-damage|p2a: Urshifu|59\/100|[from] Stealth Rock\n|turn|20\n|\n|t:|1660785219\n|switch|p1a: Tornadus|Tornadus-Therian, M|36\/100 tox\n|move|p2a: Urshifu|Surging Strikes|p1a: Tornadus\n|-crit|p1a: Tornadus\n|-damage|p1a: Tornadus|14\/100 tox\n|-crit|p1a: Tornadus\n|-damage|p1a: Tornadus|0 fnt\n|faint|p1a: Tornadus\n|-hitcount|p1: Tornadus|2\n|\n|upkeep\n|\n|t:|1660785224\n|switch|p1a: Urshifu|Urshifu-Rapid-Strike, F|64\/100\n|turn|21\n|\n|t:|1660785245\n|switch|p2a: Tapu Lele|Tapu Lele|88\/100\n|-damage|p2a: Tapu Lele|76\/100|[from] Stealth Rock\n|-fieldstart|move: Psychic Terrain|[from] ability: Psychic Surge|[of] p2a: Tapu Lele\n|move|p1a: Urshifu|Close Combat|p2a: Tapu Lele\n|-resisted|p2a: Tapu Lele\n|-damage|p2a: Tapu Lele|49\/100\n|-unboost|p1a: Urshifu|def|1\n|-unboost|p1a: Urshifu|spd|1\n|\n|upkeep\n|turn|22\n|\n|t:|1660785255\n|switch|p2a: Urshifu|Urshifu-Rapid-Strike, M|59\/100\n|-damage|p2a: Urshifu|53\/100|[from] Stealth Rock\n|move|p1a: Urshifu|Surging Strikes|p2a: Urshifu\n|-resisted|p2a: Urshifu\n|-crit|p2a: Urshifu\n|-damage|p2a: Urshifu|42\/100\n|-resisted|p2a: Urshifu\n|-crit|p2a: Urshifu\n|-damage|p2a: Urshifu|32\/100\n|-resisted|p2a: Urshifu\n|-crit|p2a: Urshifu\n|-damage|p2a: Urshifu|21\/100\n|-hitcount|p2a: Urshifu|3\n|\n|upkeep\n|turn|23\n|\n|t:|1660785262\n|switch|p1a: Dragapult|Dragapult, M|30\/100\n|move|p2a: Urshifu|U-turn|p1a: Dragapult\n|-resisted|p1a: Dragapult\n|-damage|p1a: Dragapult|12\/100\n|\n|t:|1660785281\n|switch|p2a: Tapu Lele|Tapu Lele|49\/100|[from]move: U-turn\n|-damage|p2a: Tapu Lele|36\/100|[from] Stealth Rock\n|\n|upkeep\n|turn|24\n|\n|t:|1660785284\n|move|p1a: Dragapult|Shadow Ball|p2a: Tapu Lele\n|-supereffective|p2a: Tapu Lele\n|-damage|p2a: Tapu Lele|0 fnt\n|faint|p2a: Tapu Lele\n|\n|upkeep\n|\n|t:|1660785291\n|switch|p2a: Urshifu|Urshifu-Rapid-Strike, M|21\/100\n|-damage|p2a: Urshifu|15\/100|[from] Stealth Rock\n|turn|25\n|\n|t:|1660785295\n|move|p2a: Urshifu|Surging Strikes|p1a: Dragapult\n|-resisted|p1a: Dragapult\n|-crit|p1a: Dragapult\n|-damage|p1a: Dragapult|0 fnt\n|faint|p1a: Dragapult\n|-hitcount|p1: Dragapult|1\n|\n|-fieldend|move: Psychic Terrain\n|upkeep\n|\n|t:|1660785297\n|switch|p1a: Urshifu|Urshifu-Rapid-Strike, F|64\/100\n|turn|26\n|\n|t:|1660785300\n|switch|p2a: Pelipper|Pelipper, F|73\/100\n|-damage|p2a: Pelipper|48\/100|[from] Stealth Rock\n|-weather|RainDance|[from] ability: Drizzle|[of] p2a: Pelipper\n|move|p1a: Urshifu|Surging Strikes|p2a: Pelipper\n|-resisted|p2a: Pelipper\n|-crit|p2a: Pelipper\n|-damage|p2a: Pelipper|25\/100\n|-resisted|p2a: Pelipper\n|-crit|p2a: Pelipper\n|-damage|p2a: Pelipper|4\/100\n|-resisted|p2a: Pelipper\n|-crit|p2a: Pelipper\n|-damage|p2a: Pelipper|0 fnt\n|faint|p2a: Pelipper\n|-hitcount|p2: Pelipper|3\n|\n|-weather|RainDance|[upkeep]\n|upkeep\n|\n|t:|1660785302\n|switch|p2a: Urshifu|Urshifu-Rapid-Strike, M|15\/100\n|-damage|p2a: Urshifu|9\/100|[from] Stealth Rock\n|turn|27\n|\n|t:|1660785305\n|move|p1a: Urshifu|Aqua Jet|p2a: Urshifu\n|-resisted|p2a: Urshifu\n|-damage|p2a: Urshifu|0 fnt\n|faint|p2a: Urshifu\n|\n|win|himynametay\n|raw|himynametay's rating: 1643 &rarr; <strong>1665<\/strong><br \/>(+22 for winning)\n|raw|LT93OQ Araujo's rating: 1670 &rarr; <strong>1648<\/strong><br \/>(-22 for losing)\n|l|\u2606LT93OQ Araujo\n","uploadtime":1660785312,"views":11,"p1id":"himynametay","p2id":"lt93oqaraujo","formatid":"gen8ou","rating":1648,"private":0,"password":null}