{"id":"gen8nationaldex-1676953067","p1":"Capital Cruiser","p2":"zigzaglightning","format":"gen8nationaldex","log":"|j|\u203dCapital Cruiser\n|j|\u2606zigzaglightning\n|t:|1664838293\n|gametype|singles\n|player|p1|Capital Cruiser|cheren-gen5bw2|1579\n|player|p2|zigzaglightning|lucas|1683\n|teamsize|p1|6\n|teamsize|p2|6\n|gen|8\n|tier|[Gen 8] National Dex\n|rated|\n|rule|HP Percentage Mod: HP is shown in percentages\n|rule|Endless Battle Clause: Forcing endless battles is banned\n|rule|OHKO Clause: OHKO moves are banned\n|rule|Evasion Moves Clause: Evasion moves are banned\n|rule|Species Clause: Limit one of each Pok\u00e9mon\n|rule|Dynamax Clause: You cannot dynamax\n|rule|Sleep Clause Mod: Limit one foe put to sleep\n|clearpoke\n|poke|p1|Tyranitar, M|\n|poke|p1|Ferrothorn, M|\n|poke|p1|Zapdos-Galar|\n|poke|p1|Clefable, F|\n|poke|p1|Blastoise, F|\n|poke|p1|Gengar, M|\n|poke|p2|Tyranitar, M|\n|poke|p2|Blissey, F|\n|poke|p2|Victini|\n|poke|p2|Vaporeon, F|\n|poke|p2|Blaziken, F|\n|poke|p2|Latias, F|\n|teampreview\n|inactive|Battle timer is ON: inactive players will automatically lose when time's up. (requested by Capital Cruiser)\n|\n|t:|1664838312\n|start\n|switch|p1a: Zapdos|Zapdos-Galar, shiny|100\/100\n|switch|p2a: Blaziken|Blaziken, F|100\/100\n|turn|1\n|\n|t:|1664838322\n|switch|p2a: Tyranitar|Tyranitar, M|100\/100\n|-weather|Sandstorm|[from] ability: Sand Stream|[of] p2a: Tyranitar\n|move|p1a: Zapdos|Close Combat|p2a: Tyranitar\n|-supereffective|p2a: Tyranitar\n|-damage|p2a: Tyranitar|0 fnt\n|-unboost|p1a: Zapdos|def|1\n|-unboost|p1a: Zapdos|spd|1\n|faint|p2a: Tyranitar\n|\n|-weather|Sandstorm|[upkeep]\n|-damage|p1a: Zapdos|94\/100|[from] Sandstorm\n|upkeep\n|\n|t:|1664838325\n|switch|p2a: Victini|Victini|100\/100\n|turn|2\n|\n|t:|1664838337\n|switch|p1a: Ferrothorn|Ferrothorn, M, shiny|100\/100\n|move|p2a: Victini|Scorching Sands|p1a: Ferrothorn\n|-crit|p1a: Ferrothorn\n|-damage|p1a: Ferrothorn|74\/100\n|\n|-weather|Sandstorm|[upkeep]\n|-damage|p2a: Victini|94\/100|[from] Sandstorm\n|upkeep\n|turn|3\n|\n|t:|1664838343\n|switch|p1a: Clefable|Clefable, F, shiny|100\/100\n|move|p2a: Victini|V-create|p1a: Clefable\n|-damage|p1a: Clefable|29\/100\n|-unboost|p2a: Victini|spe|1\n|-unboost|p2a: Victini|def|1\n|-unboost|p2a: Victini|spd|1\n|\n|-weather|Sandstorm|[upkeep]\n|-damage|p2a: Victini|88\/100|[from] Sandstorm\n|-heal|p1a: Clefable|35\/100|[from] item: Leftovers\n|upkeep\n|turn|4\n|\n|t:|1664838352\n|switch|p1a: Blastoise|Blastoise, F, shiny|100\/100\n|move|p2a: Victini|V-create|p1a: Blastoise\n|-resisted|p1a: Blastoise\n|-damage|p1a: Blastoise|80\/100\n|-unboost|p2a: Victini|spe|1\n|-unboost|p2a: Victini|def|1\n|-unboost|p2a: Victini|spd|1\n|-damage|p2a: Victini|72\/100|[from] item: Rocky Helmet|[of] p1a: Blastoise\n|\n|-weather|Sandstorm|[upkeep]\n|-damage|p1a: Blastoise|74\/100|[from] Sandstorm\n|-damage|p2a: Victini|65\/100|[from] Sandstorm\n|upkeep\n|turn|5\n|\n|t:|1664838359\n|switch|p1a: Clefable|Clefable, F, shiny|35\/100\n|move|p2a: Victini|Thunder|p1a: Clefable|[miss]\n|-miss|p2a: Victini|p1a: Clefable\n|\n|-weather|none\n|-heal|p1a: Clefable|41\/100|[from] item: Leftovers\n|upkeep\n|turn|6\n|\n|t:|1664838363\n|switch|p1a: Blastoise|Blastoise, F, shiny|74\/100\n|move|p2a: Victini|V-create|p1a: Blastoise\n|-resisted|p1a: Blastoise\n|-damage|p1a: Blastoise|54\/100\n|-unboost|p2a: Victini|spe|1\n|-unboost|p2a: Victini|def|1\n|-unboost|p2a: Victini|spd|1\n|-damage|p2a: Victini|49\/100|[from] item: Rocky Helmet|[of] p1a: Blastoise\n|\n|upkeep\n|turn|7\n|\n|t:|1664838367\n|switch|p2a: Blissey|Blissey, F|100\/100\n|move|p1a: Blastoise|Scald|p2a: Blissey\n|-damage|p2a: Blissey|91\/100\n|-status|p2a: Blissey|brn\n|\n|-damage|p2a: Blissey|85\/100 brn|[from] brn\n|upkeep\n|turn|8\n|\n|t:|1664838371\n|switch|p1a: Clefable|Clefable, F, shiny|41\/100\n|move|p2a: Blissey|Teleport|p2a: Blissey\n|\n|t:|1664838373\n|-curestatus|p2a: Blissey|brn|[from] ability: Natural Cure\n|switch|p2a: Victini|Victini|49\/100|[from]move: Teleport\n|\n|-heal|p1a: Clefable|47\/100|[from] item: Leftovers\n|upkeep\n|turn|9\n|\n|t:|1664838379\n|move|p2a: Victini|V-create|p1a: Clefable\n|-damage|p1a: Clefable|0 fnt\n|-unboost|p2a: Victini|spe|1\n|-unboost|p2a: Victini|def|1\n|-unboost|p2a: Victini|spd|1\n|faint|p1a: Clefable\n|\n|upkeep\n|\n|t:|1664838386\n|switch|p1a: Tyranitar|Tyranitar, M, shiny|100\/100\n|-weather|Sandstorm|[from] ability: Sand Stream|[of] p1a: Tyranitar\n|turn|10\n|\n|t:|1664838390\n|-activate|p2a: Victini|move: Pursuit\n|move|p1a: Tyranitar|Pursuit|p2a: Victini|[from]Pursuit\n|-supereffective|p2a: Victini\n|-damage|p2a: Victini|0 fnt\n|faint|p2a: Victini\n|-hint|A Pokemon can't switch between when it runs out of HP and when it faints\n|\n|-weather|Sandstorm|[upkeep]\n|upkeep\n|\n|t:|1664838392\n|switch|p2a: Blaziken|Blaziken, F|100\/100\n|turn|11\n|\n|t:|1664838397\n|move|p2a: Blaziken|Close Combat|p1a: Tyranitar\n|-supereffective|p1a: Tyranitar\n|-crit|p1a: Tyranitar\n|-damage|p1a: Tyranitar|0 fnt\n|-unboost|p2a: Blaziken|def|1\n|-unboost|p2a: Blaziken|spd|1\n|faint|p1a: Tyranitar\n|\n|-weather|Sandstorm|[upkeep]\n|-damage|p2a: Blaziken|95\/100|[from] Sandstorm\n|-ability|p2a: Blaziken|Speed Boost|boost\n|-boost|p2a: Blaziken|spe|1\n|upkeep\n|\n|t:|1664838403\n|switch|p1a: Zapdos|Zapdos-Galar, shiny|94\/100\n|turn|12\n|\n|t:|1664838408\n|-zpower|p2a: Blaziken\n|move|p2a: Blaziken|Gigavolt Havoc|p1a: Zapdos|[zeffect]\n|-supereffective|p1a: Zapdos\n|-damage|p1a: Zapdos|0 fnt\n|faint|p1a: Zapdos\n|\n|-weather|Sandstorm|[upkeep]\n|-damage|p2a: Blaziken|89\/100|[from] Sandstorm\n|-ability|p2a: Blaziken|Speed Boost|boost\n|-boost|p2a: Blaziken|spe|1\n|upkeep\n|-message|Capital Cruiser forfeited.\n|\n|win|zigzaglightning\n|raw|Capital Cruiser's rating: 1579 &rarr; <strong>1565<\/strong><br \/>(-14 for losing)\n|raw|zigzaglightning's rating: 1683 &rarr; <strong>1697<\/strong><br \/>(+14 for winning)\n|l|\u203dCapital Cruiser\n|j|\u203dCapital Cruiser\n|player|p1|Capital Cruiser|cheren-gen5bw2\n|l|\u203dCapital Cruiser\n|player|p1|\n||Ladder isn't responding, score probably updated but might not have (Request timeout).\n","uploadtime":1664838421,"views":10,"p1id":"capitalcruiser","p2id":"zigzaglightning","formatid":"gen8nationaldex","rating":1565,"private":0,"password":null}