{"id":"gen8ou-1616347740","p1":"LiU ZI cHeN","p2":"Scoots Mgee","format":"gen8ou","log":"|j|\u2606LiU ZI cHeN\n|j|\u2606Scoots Mgee\n|t:|1657713039\n|gametype|singles\n|player|p1|LiU ZI cHeN|gambler|1306\n|player|p2|Scoots Mgee|acetrainerf|1334\n|teamsize|p1|6\n|teamsize|p2|6\n|gen|8\n|tier|[Gen 8] OU\n|rated|\n|rule|Sleep Clause Mod: Limit one foe put to sleep\n|rule|Species Clause: Limit one of each Pok\u00e9mon\n|rule|OHKO Clause: OHKO moves are banned\n|rule|Evasion Moves Clause: Evasion moves are banned\n|rule|Endless Battle Clause: Forcing endless battles is banned\n|rule|HP Percentage Mod: HP is shown in percentages\n|rule|Dynamax Clause: You cannot dynamax\n|clearpoke\n|poke|p1|Swampert, M|\n|poke|p1|Kartana|\n|poke|p1|Tornadus-Therian, M|\n|poke|p1|Bisharp, F|\n|poke|p1|Victini|\n|poke|p1|Rillaboom, F|\n|poke|p2|Rillaboom, M|\n|poke|p2|Tapu Fini|\n|poke|p2|Landorus-Therian, M|\n|poke|p2|Dragonite, F|\n|poke|p2|Volcarona, F|\n|poke|p2|Zapdos|\n|teampreview\n|inactive|Battle timer is ON: inactive players will automatically lose when time's up. (requested by Scoots Mgee)\n|\n|t:|1657713059\n|start\n|switch|p1a: Swampert|Swampert, M|100\/100\n|switch|p2a: Tapu Fini|Tapu Fini|100\/100\n|-fieldstart|move: Misty Terrain|[from] ability: Misty Surge|[of] p2a: Tapu Fini\n|turn|1\n|\n|t:|1657713071\n|move|p2a: Tapu Fini|Taunt|p1a: Swampert\n|-start|p1a: Swampert|move: Taunt\n|move|p1a: Swampert|Flip Turn|p2a: Tapu Fini\n|-resisted|p2a: Tapu Fini\n|-damage|p2a: Tapu Fini|91\/100\n|\n|t:|1657713083\n|switch|p1a: Kartana|Kartana|100\/100|[from]move: Flip Turn\n|\n|-heal|p2a: Tapu Fini|98\/100|[from] item: Leftovers\n|upkeep\n|turn|2\n|\n|t:|1657713085\n|switch|p2a: Zapdos|Zapdos|100\/100\n|move|p1a: Kartana|Knock Off|p2a: Zapdos\n|-damage|p2a: Zapdos|66\/100\n|-enditem|p2a: Zapdos|Heavy-Duty Boots|[from] move: Knock Off|[of] p1a: Kartana\n|\n|upkeep\n|turn|3\n|\n|t:|1657713100\n|switch|p1a: Swampert|Swampert, M|100\/100\n|move|p2a: Zapdos|Hurricane|p1a: Swampert|[miss]\n|-miss|p2a: Zapdos|p1a: Swampert\n|\n|upkeep\n|turn|4\n|\n|t:|1657713106\n|move|p2a: Zapdos|Hurricane|p1a: Swampert\n|-damage|p1a: Swampert|70\/100\n|move|p1a: Swampert|Stealth Rock|p2a: Zapdos\n|-sidestart|p2: Scoots Mgee|move: Stealth Rock\n|\n|-heal|p1a: Swampert|76\/100|[from] item: Leftovers\n|upkeep\n|turn|5\n|\n|t:|1657713117\n|move|p2a: Zapdos|Defog|p1a: Swampert\n|-unboost|p1a: Swampert|evasion|1\n|-sideend|p2: Scoots Mgee|Stealth Rock|[from] move: Defog|[of] p2a: Zapdos\n|-fieldend|Misty Terrain\n|move|p1a: Swampert|Flip Turn|p2a: Zapdos\n|-damage|p2a: Zapdos|47\/100\n|-status|p1a: Swampert|par|[from] ability: Static|[of] p2a: Zapdos\n|inactive|LiU ZI cHeN has 120 seconds left.\n|\n|t:|1657713145\n|switch|p1a: Victini|Victini|100\/100|[from]move: Flip Turn\n|\n|upkeep\n|turn|6\n|\n|t:|1657713150\n|switch|p2a: Dragonite|Dragonite, F|100\/100\n|move|p1a: Victini|Glaciate|p2a: Dragonite\n|-supereffective|p2a: Dragonite\n|-damage|p2a: Dragonite|70\/100\n|-unboost|p2a: Dragonite|spe|1\n|\n|upkeep\n|turn|7\n|\n|t:|1657713168\n|switch|p2a: Tapu Fini|Tapu Fini|98\/100\n|-fieldstart|move: Misty Terrain|[from] ability: Misty Surge|[of] p2a: Tapu Fini\n|move|p1a: Victini|Bolt Strike|p2a: Tapu Fini\n|-supereffective|p2a: Tapu Fini\n|-damage|p2a: Tapu Fini|39\/100\n|\n|-heal|p2a: Tapu Fini|46\/100|[from] item: Leftovers\n|upkeep\n|turn|8\n|\n|t:|1657713180\n|move|p1a: Victini|Glaciate|p2a: Tapu Fini\n|-resisted|p2a: Tapu Fini\n|-damage|p2a: Tapu Fini|40\/100\n|-unboost|p2a: Tapu Fini|spe|1\n|move|p2a: Tapu Fini|Whirlpool|p1a: Victini\n|-supereffective|p1a: Victini\n|-damage|p1a: Victini|77\/100\n|-activate|p1a: Victini|move: Whirlpool|[of] p2a: Tapu Fini\n|\n|-heal|p2a: Tapu Fini|46\/100|[from] item: Leftovers\n|-damage|p1a: Victini|65\/100|[from] move: Whirlpool|[partiallytrapped]\n|upkeep\n|turn|9\n|\n|t:|1657713201\n|switch|p2a: Landorus|Landorus-Therian, M|100\/100\n|-ability|p2a: Landorus|Intimidate|boost\n|-unboost|p1a: Victini|atk|1\n|move|p1a: Victini|U-turn|p2a: Landorus\n|-resisted|p2a: Landorus\n|-damage|p2a: Landorus|93\/100\n|inactive|LiU ZI cHeN has 120 seconds left.\n|\n|t:|1657713214\n|switch|p1a: Rillaboom|Rillaboom, F|100\/100|[from]move: U-turn\n|-fieldstart|move: Grassy Terrain|[from] ability: Grassy Surge|[of] p1a: Rillaboom\n|\n|upkeep\n|turn|10\n|\n|t:|1657713219\n|move|p1a: Rillaboom|Grassy Glide|p2a: Landorus\n|-damage|p2a: Landorus|9\/100\n|move|p2a: Landorus|U-turn|p1a: Rillaboom\n|-supereffective|p1a: Rillaboom\n|-damage|p1a: Rillaboom|45\/100\n|\n|t:|1657713228\n|switch|p2a: Dragonite|Dragonite, F|70\/100|[from]move: U-turn\n|\n|-heal|p1a: Rillaboom|51\/100|[from] Grassy Terrain\n|upkeep\n|turn|11\n|inactive|LiU ZI cHeN has 120 seconds left.\n|\n|t:|1657713255\n|switch|p1a: Tornadus|Tornadus-Therian, M|100\/100\n|move|p2a: Dragonite|Dragon Dance|p2a: Dragonite\n|-boost|p2a: Dragonite|atk|1\n|-boost|p2a: Dragonite|spe|1\n|\n|upkeep\n|turn|12\n|\n|t:|1657713264\n|move|p2a: Dragonite|Roost|p2a: Dragonite\n|-heal|p2a: Dragonite|100\/100\n|-singleturn|p2a: Dragonite|move: Roost\n|move|p1a: Tornadus|Icy Wind|p2a: Dragonite\n|-supereffective|p2a: Dragonite\n|-damage|p2a: Dragonite|85\/100\n|-unboost|p2a: Dragonite|spe|1\n|\n|-heal|p2a: Dragonite|92\/100|[from] Grassy Terrain\n|upkeep\n|turn|13\n|\n|t:|1657713272\n|move|p1a: Tornadus|Icy Wind|p2a: Dragonite\n|-supereffective|p2a: Dragonite\n|-damage|p2a: Dragonite|32\/100\n|-unboost|p2a: Dragonite|spe|1\n|move|p2a: Dragonite|Ice Punch|p1a: Tornadus\n|-supereffective|p1a: Tornadus\n|-damage|p1a: Tornadus|6\/100\n|\n|-fieldend|move: Grassy Terrain\n|upkeep\n|turn|14\n|\n|t:|1657713281\n|move|p1a: Tornadus|Icy Wind|p2a: Dragonite\n|-supereffective|p2a: Dragonite\n|-damage|p2a: Dragonite|0 fnt\n|faint|p2a: Dragonite\n|\n|upkeep\n|\n|t:|1657713283\n|switch|p2a: Volcarona|Volcarona, F|100\/100\n|turn|15\n|\n|t:|1657713290\n|move|p1a: Tornadus|Knock Off|p2a: Volcarona\n|-damage|p2a: Volcarona|69\/100\n|-enditem|p2a: Volcarona|Heavy-Duty Boots|[from] move: Knock Off|[of] p1a: Tornadus\n|move|p2a: Volcarona|Quiver Dance|p2a: Volcarona\n|-boost|p2a: Volcarona|spa|1\n|-boost|p2a: Volcarona|spd|1\n|-boost|p2a: Volcarona|spe|1\n|\n|upkeep\n|turn|16\n|\n|t:|1657713296\n|move|p2a: Volcarona|Quiver Dance|p2a: Volcarona\n|-boost|p2a: Volcarona|spa|1\n|-boost|p2a: Volcarona|spd|1\n|-boost|p2a: Volcarona|spe|1\n|move|p1a: Tornadus|Icy Wind|p2a: Volcarona\n|-resisted|p2a: Volcarona\n|-damage|p2a: Volcarona|65\/100\n|-unboost|p2a: Volcarona|spe|1\n|\n|upkeep\n|turn|17\n|\n|t:|1657713305\n|move|p2a: Volcarona|Fiery Dance|p1a: Tornadus\n|-damage|p1a: Tornadus|0 fnt\n|-boost|p2a: Volcarona|spa|1\n|faint|p1a: Tornadus\n|\n|upkeep\n|\n|t:|1657713321\n|switch|p1a: Bisharp|Bisharp, F|100\/100\n|turn|18\n|\n|t:|1657713324\n|move|p1a: Bisharp|Sucker Punch||[still]\n|-fail|p1a: Bisharp\n|move|p2a: Volcarona|Quiver Dance|p2a: Volcarona\n|-boost|p2a: Volcarona|spa|1\n|-boost|p2a: Volcarona|spd|1\n|-boost|p2a: Volcarona|spe|1\n|\n|upkeep\n|turn|19\n|\n|t:|1657713328\n|move|p1a: Bisharp|Sucker Punch|p2a: Volcarona\n|-damage|p2a: Volcarona|0 fnt\n|faint|p2a: Volcarona\n|\n|upkeep\n|\n|t:|1657713333\n|switch|p2a: Landorus|Landorus-Therian, M|9\/100\n|-ability|p2a: Landorus|Intimidate|boost\n|-unboost|p1a: Bisharp|atk|1\n|-ability|p1a: Bisharp|Defiant\n|-boost|p1a: Bisharp|atk|2\n|turn|20\n|\n|t:|1657713340\n|switch|p2a: Rillaboom|Rillaboom, M|100\/100\n|-fieldstart|move: Grassy Terrain|[from] ability: Grassy Surge|[of] p2a: Rillaboom\n|move|p1a: Bisharp|Sucker Punch||[still]\n|-fail|p1a: Bisharp\n|\n|upkeep\n|turn|21\n|\n|t:|1657713345\n|move|p1a: Bisharp|Sucker Punch|p2a: Rillaboom\n|-damage|p2a: Rillaboom|10\/100\n|move|p2a: Rillaboom|U-turn|p1a: Bisharp\n|-damage|p1a: Bisharp|54\/100\n|-message|Scoots Mgee forfeited.\n|\n|win|LiU ZI cHeN\n|raw|LiU ZI cHeN's rating: 1306 &rarr; <strong>1328<\/strong><br \/>(+22 for winning)\n|raw|Scoots Mgee's rating: 1334 &rarr; <strong>1312<\/strong><br \/>(-22 for losing)\n|l|\u2606Scoots Mgee\n","uploadtime":1657713362,"views":11,"p1id":"liuzichen","p2id":"scootsmgee","formatid":"gen8ou","rating":1312,"private":0,"password":null}