{"id":"gen8ou-1627278290","p1":"lt91bb FJ2K","p2":"alvar03","format":"gen8ou","log":"|j|\u2606lt91bb FJ2K\n|j|\u2606alvar03\n|t:|1659035270\n|gametype|singles\n|player|p1|lt91bb FJ2K|265|1631\n|player|p2|alvar03|alder|1724\n|teamsize|p1|6\n|teamsize|p2|6\n|gen|8\n|tier|[Gen 8] OU\n|rated|\n|rule|Sleep Clause Mod: Limit one foe put to sleep\n|rule|Species Clause: Limit one of each Pok\u00e9mon\n|rule|OHKO Clause: OHKO moves are banned\n|rule|Evasion Moves Clause: Evasion moves are banned\n|rule|Endless Battle Clause: Forcing endless battles is banned\n|rule|HP Percentage Mod: HP is shown in percentages\n|rule|Dynamax Clause: You cannot dynamax\n|clearpoke\n|poke|p1|Weavile, F|\n|poke|p1|Landorus-Therian, M|\n|poke|p1|Slowbro, F|\n|poke|p1|Tornadus-Therian, M|\n|poke|p1|Melmetal|\n|poke|p1|Garchomp, F|\n|poke|p2|Zapdos-Galar|\n|poke|p2|Kartana|\n|poke|p2|Clefable, F|\n|poke|p2|Landorus-Therian, M|\n|poke|p2|Ferrothorn, M|\n|poke|p2|Tapu Fini|\n|teampreview\n|\n|t:|1659035276\n|start\n|switch|p1a: Tornadus|Tornadus-Therian, M|100\/100\n|switch|p2a: Zapdos|Zapdos-Galar|100\/100\n|turn|1\n|inactive|Battle timer is ON: inactive players will automatically lose when time's up. (requested by lt91bb FJ2K)\n|\n|t:|1659035283\n|switch|p2a: Clefable|Clefable, F|100\/100\n|move|p1a: Tornadus|Knock Off|p2a: Clefable\n|-resisted|p2a: Clefable\n|-damage|p2a: Clefable|93\/100\n|-enditem|p2a: Clefable|Leftovers|[from] move: Knock Off|[of] p1a: Tornadus\n|\n|upkeep\n|turn|2\n|\n|t:|1659035291\n|move|p1a: Tornadus|U-turn|p2a: Clefable\n|-resisted|p2a: Clefable\n|-damage|p2a: Clefable|88\/100\n|\n|t:|1659035295\n|switch|p1a: Slowbro|Slowbro, F|100\/100|[from]move: U-turn\n|move|p2a: Clefable|Moonblast|p1a: Slowbro\n|-damage|p1a: Slowbro|68\/100\n|-unboost|p1a: Slowbro|spa|1\n|\n|upkeep\n|turn|3\n|\n|t:|1659035299\n|move|p2a: Clefable|Moonblast|p1a: Slowbro\n|-damage|p1a: Slowbro|33\/100\n|move|p1a: Slowbro|Future Sight|p2a: Clefable\n|-start|p1a: Slowbro|move: Future Sight\n|\n|upkeep\n|turn|4\n|\n|t:|1659035303\n|switch|p1a: Melmetal|Melmetal|100\/100\n|move|p2a: Clefable|Moonblast|p1a: Melmetal\n|-resisted|p1a: Melmetal\n|-damage|p1a: Melmetal|86\/100\n|-unboost|p1a: Melmetal|spa|1\n|\n|-heal|p1a: Melmetal|92\/100|[from] item: Leftovers\n|upkeep\n|turn|5\n|\n|t:|1659035307\n|switch|p2a: Ferrothorn|Ferrothorn, M|100\/100\n|move|p1a: Melmetal|Earthquake|p2a: Ferrothorn\n|-damage|p2a: Ferrothorn|72\/100\n|\n|-end|p2a: Ferrothorn|move: Future Sight\n|-resisted|p2a: Ferrothorn\n|-damage|p2a: Ferrothorn|59\/100\n|-heal|p1a: Melmetal|98\/100|[from] item: Leftovers\n|-heal|p2a: Ferrothorn|65\/100|[from] item: Leftovers\n|upkeep\n|turn|6\n|\n|t:|1659035315\n|move|p1a: Melmetal|Earthquake|p2a: Ferrothorn\n|-damage|p2a: Ferrothorn|38\/100\n|move|p2a: Ferrothorn|Stealth Rock|p1a: Melmetal\n|-sidestart|p1: lt91bb FJ2K|move: Stealth Rock\n|\n|-heal|p1a: Melmetal|100\/100|[from] item: Leftovers\n|-heal|p2a: Ferrothorn|45\/100|[from] item: Leftovers\n|upkeep\n|turn|7\n|\n|t:|1659035319\n|move|p1a: Melmetal|Earthquake|p2a: Ferrothorn\n|-damage|p2a: Ferrothorn|17\/100\n|move|p2a: Ferrothorn|Knock Off|p1a: Melmetal\n|-damage|p1a: Melmetal|88\/100\n|-enditem|p1a: Melmetal|Leftovers|[from] move: Knock Off|[of] p2a: Ferrothorn\n|\n|-heal|p2a: Ferrothorn|23\/100|[from] item: Leftovers\n|upkeep\n|turn|8\n|\n|t:|1659035325\n|switch|p2a: Landorus|Landorus-Therian, M|100\/100\n|-ability|p2a: Landorus|Intimidate|boost\n|-unboost|p1a: Melmetal|atk|1\n|move|p1a: Melmetal|Earthquake|p2a: Landorus\n|-immune|p2a: Landorus\n|\n|upkeep\n|turn|9\n|\n|t:|1659035328\n|switch|p1a: Tornadus|Tornadus-Therian, M|100\/100\n|move|p2a: Landorus|U-turn|p1a: Tornadus\n|-resisted|p1a: Tornadus\n|-damage|p1a: Tornadus|88\/100\n|\n|t:|1659035337\n|switch|p2a: Clefable|Clefable, F|88\/100|[from]move: U-turn\n|\n|upkeep\n|turn|10\n|\n|t:|1659035341\n|move|p1a: Tornadus|Defog|p2a: Clefable\n|-unboost|p2a: Clefable|evasion|1\n|-sideend|p1: lt91bb FJ2K|Stealth Rock|[from] move: Defog|[of] p1a: Tornadus\n|move|p2a: Clefable|Moonblast|p1a: Tornadus\n|-damage|p1a: Tornadus|58\/100\n|\n|upkeep\n|turn|11\n|\n|t:|1659035343\n|move|p1a: Tornadus|U-turn|p2a: Clefable\n|-resisted|p2a: Clefable\n|-damage|p2a: Clefable|81\/100\n|\n|t:|1659035347\n|switch|p1a: Slowbro|Slowbro, F|66\/100|[from]move: U-turn\n|move|p2a: Clefable|Thunderbolt|p1a: Slowbro\n|-supereffective|p1a: Slowbro\n|-damage|p1a: Slowbro|23\/100\n|\n|upkeep\n|turn|12\n|\n|t:|1659035351\n|switch|p1a: Landorus|Landorus-Therian, M|100\/100\n|-ability|p1a: Landorus|Intimidate|boost\n|-unboost|p2a: Clefable|atk|1\n|move|p2a: Clefable|Moonblast|p1a: Landorus\n|-damage|p1a: Landorus|78\/100\n|-unboost|p1a: Landorus|spa|1\n|\n|-heal|p1a: Landorus|84\/100|[from] item: Leftovers\n|upkeep\n|turn|13\n|\n|t:|1659035355\n|move|p1a: Landorus|U-turn|p2a: Clefable\n|-resisted|p2a: Clefable\n|-damage|p2a: Clefable|73\/100\n|\n|t:|1659035358\n|switch|p1a: Melmetal|Melmetal|88\/100|[from]move: U-turn\n|move|p2a: Clefable|Soft-Boiled|p2a: Clefable\n|-heal|p2a: Clefable|100\/100\n|\n|upkeep\n|turn|14\n|\n|t:|1659035361\n|switch|p2a: Landorus|Landorus-Therian, M|100\/100\n|-ability|p2a: Landorus|Intimidate|boost\n|-unboost|p1a: Melmetal|atk|1\n|move|p1a: Melmetal|Earthquake|p2a: Landorus\n|-immune|p2a: Landorus\n|\n|upkeep\n|turn|15\n|\n|t:|1659035366\n|move|p2a: Landorus|U-turn|p1a: Melmetal\n|-resisted|p1a: Melmetal\n|-crit|p1a: Melmetal\n|-damage|p1a: Melmetal|78\/100\n|\n|t:|1659035369\n|switch|p2a: Ferrothorn|Ferrothorn, M|23\/100|[from]move: U-turn\n|move|p1a: Melmetal|Toxic|p2a: Ferrothorn\n|-immune|p2a: Ferrothorn\n|\n|-heal|p2a: Ferrothorn|29\/100|[from] item: Leftovers\n|upkeep\n|turn|16\n|\n|t:|1659035374\n|move|p1a: Melmetal|Earthquake|p2a: Ferrothorn\n|-damage|p2a: Ferrothorn|11\/100\n|move|p2a: Ferrothorn|Stealth Rock|p1a: Melmetal\n|-sidestart|p1: lt91bb FJ2K|move: Stealth Rock\n|\n|-heal|p2a: Ferrothorn|17\/100|[from] item: Leftovers\n|upkeep\n|turn|17\n|\n|t:|1659035380\n|switch|p2a: Landorus|Landorus-Therian, M|100\/100\n|-ability|p2a: Landorus|Intimidate|boost\n|-unboost|p1a: Melmetal|atk|1\n|move|p1a: Melmetal|Double Iron Bash|p2a: Landorus\n|-damage|p2a: Landorus|78\/100\n|-damage|p2a: Landorus|55\/100\n|-hitcount|p2a: Landorus|2\n|\n|-heal|p2a: Landorus|61\/100|[from] item: Leftovers\n|upkeep\n|turn|18\n|\n|t:|1659035384\n|switch|p1a: Tornadus|Tornadus-Therian, M|91\/100\n|move|p2a: Landorus|Toxic|p1a: Tornadus\n|-status|p1a: Tornadus|tox\n|\n|-heal|p2a: Landorus|68\/100|[from] item: Leftovers\n|-damage|p1a: Tornadus|85\/100 tox|[from] psn\n|upkeep\n|turn|19\n|\n|t:|1659035387\n|move|p1a: Tornadus|Defog|p2a: Landorus\n|-unboost|p2a: Landorus|evasion|1\n|-sideend|p1: lt91bb FJ2K|Stealth Rock|[from] move: Defog|[of] p1a: Tornadus\n|move|p2a: Landorus|U-turn|p1a: Tornadus\n|-resisted|p1a: Tornadus\n|-crit|p1a: Tornadus\n|-damage|p1a: Tornadus|67\/100 tox\n|\n|t:|1659035392\n|switch|p2a: Clefable|Clefable, F|100\/100|[from]move: U-turn\n|\n|-damage|p1a: Tornadus|55\/100 tox|[from] psn\n|upkeep\n|turn|20\n|\n|t:|1659035396\n|move|p1a: Tornadus|U-turn|p2a: Clefable\n|-resisted|p2a: Clefable\n|-damage|p2a: Clefable|95\/100\n|\n|t:|1659035398\n|switch|p1a: Melmetal|Melmetal|78\/100|[from]move: U-turn\n|move|p2a: Clefable|Moonblast|p1a: Melmetal\n|-resisted|p1a: Melmetal\n|-damage|p1a: Melmetal|64\/100\n|\n|upkeep\n|turn|21\n|\n|t:|1659035405\n|switch|p2a: Ferrothorn|Ferrothorn, M|17\/100\n|move|p1a: Melmetal|Double Iron Bash|p2a: Ferrothorn\n|-resisted|p2a: Ferrothorn\n|-damage|p2a: Ferrothorn|0 fnt\n|-damage|p1a: Melmetal|52\/100|[from] ability: Iron Barbs|[of] p2a: Ferrothorn\n|faint|p2a: Ferrothorn\n|-hitcount|p2: Ferrothorn|1\n|\n|upkeep\n|\n|t:|1659035408\n|switch|p2a: Kartana|Kartana|100\/100\n|turn|22\n|\n|t:|1659035414\n|move|p1a: Melmetal|Protect|p1a: Melmetal\n|-singleturn|p1a: Melmetal|Protect\n|move|p2a: Kartana|Knock Off|p1a: Melmetal\n|-activate|p1a: Melmetal|move: Protect\n|\n|upkeep\n|turn|23\n|\n|t:|1659035419\n|move|p2a: Kartana|Swords Dance|p2a: Kartana\n|-boost|p2a: Kartana|atk|2\n|move|p1a: Melmetal|Double Iron Bash|p2a: Kartana\n|-resisted|p2a: Kartana\n|-damage|p2a: Kartana|76\/100\n|-resisted|p2a: Kartana\n|-damage|p2a: Kartana|52\/100\n|-hitcount|p2a: Kartana|2\n|\n|upkeep\n|turn|24\n|\n|t:|1659035427\n|switch|p1a: Landorus|Landorus-Therian, M|84\/100\n|-ability|p1a: Landorus|Intimidate|boost\n|-unboost|p2a: Kartana|atk|1\n|move|p2a: Kartana|Sacred Sword|p1a: Landorus\n|-resisted|p1a: Landorus\n|-damage|p1a: Landorus|54\/100\n|\n|-heal|p1a: Landorus|60\/100|[from] item: Leftovers\n|upkeep\n|turn|25\n|\n|t:|1659035430\n|move|p2a: Kartana|Leaf Blade|p1a: Landorus\n|-damage|p1a: Landorus|0 fnt\n|faint|p1a: Landorus\n|-ability|p2a: Kartana|Beast Boost|boost\n|-boost|p2a: Kartana|atk|1\n|\n|upkeep\n|\n|t:|1659035433\n|switch|p1a: Tornadus|Tornadus-Therian, M|88\/100 tox\n|turn|26\n|\n|t:|1659035435\n|switch|p2a: Clefable|Clefable, F|95\/100\n|move|p1a: Tornadus|Heat Wave|p2a: Clefable\n|-damage|p2a: Clefable|71\/100\n|\n|-damage|p1a: Tornadus|82\/100 tox|[from] psn\n|upkeep\n|turn|27\n|\n|t:|1659035441\n|move|p1a: Tornadus|U-turn|p2a: Clefable\n|-resisted|p2a: Clefable\n|-damage|p2a: Clefable|65\/100\n|\n|t:|1659035442\n|switch|p1a: Melmetal|Melmetal|52\/100|[from]move: U-turn\n|move|p2a: Clefable|Thunderbolt|p1a: Melmetal\n|-damage|p1a: Melmetal|35\/100\n|\n|upkeep\n|turn|28\n|\n|t:|1659035452\n|switch|p2a: Landorus|Landorus-Therian, M|68\/100\n|-ability|p2a: Landorus|Intimidate|boost\n|-unboost|p1a: Melmetal|atk|1\n|move|p1a: Melmetal|Double Iron Bash|p2a: Landorus\n|-damage|p2a: Landorus|38\/100\n|-damage|p2a: Landorus|10\/100\n|-hitcount|p2a: Landorus|2\n|\n|-heal|p2a: Landorus|16\/100|[from] item: Leftovers\n|upkeep\n|turn|29\n|\n|t:|1659035462\n|switch|p1a: Tornadus|Tornadus-Therian, M|100\/100 tox\n|move|p2a: Landorus|Earthquake|p1a: Tornadus\n|-immune|p1a: Tornadus\n|\n|-heal|p2a: Landorus|22\/100|[from] item: Leftovers\n|-damage|p1a: Tornadus|94\/100 tox|[from] psn\n|upkeep\n|turn|30\n|\n|t:|1659035466\n|move|p1a: Tornadus|Knock Off|p2a: Landorus\n|-damage|p2a: Landorus|1\/100\n|-enditem|p2a: Landorus|Leftovers|[from] move: Knock Off|[of] p1a: Tornadus\n|move|p2a: Landorus|U-turn|p1a: Tornadus\n|-resisted|p1a: Tornadus\n|-damage|p1a: Tornadus|81\/100 tox\n|\n|t:|1659035470\n|switch|p2a: Zapdos|Zapdos-Galar|100\/100|[from]move: U-turn\n|\n|-damage|p1a: Tornadus|69\/100 tox|[from] psn\n|upkeep\n|turn|31\n|\n|t:|1659035495\n|switch|p1a: Slowbro|Slowbro, F|56\/100\n|move|p2a: Zapdos|Close Combat|p1a: Slowbro\n|-resisted|p1a: Slowbro\n|-damage|p1a: Slowbro|31\/100\n|-unboost|p2a: Zapdos|def|1\n|-unboost|p2a: Zapdos|spd|1\n|\n|upkeep\n|turn|32\n|\n|t:|1659035500\n|move|p2a: Zapdos|Close Combat|p1a: Slowbro\n|-resisted|p1a: Slowbro\n|-damage|p1a: Slowbro|4\/100\n|-unboost|p2a: Zapdos|def|1\n|-unboost|p2a: Zapdos|spd|1\n|move|p1a: Slowbro|Slack Off|p1a: Slowbro\n|-heal|p1a: Slowbro|54\/100\n|\n|upkeep\n|turn|33\n|\n|t:|1659035507\n|switch|p2a: Clefable|Clefable, F|65\/100\n|move|p1a: Slowbro|Teleport|p1a: Slowbro\n|\n|t:|1659035509\n|switch|p1a: Melmetal|Melmetal|35\/100|[from]move: Teleport\n|\n|upkeep\n|turn|34\n|\n|t:|1659035511\n|switch|p2a: Landorus|Landorus-Therian, M|1\/100\n|-ability|p2a: Landorus|Intimidate|boost\n|-unboost|p1a: Melmetal|atk|1\n|move|p1a: Melmetal|Double Iron Bash|p2a: Landorus\n|-damage|p2a: Landorus|0 fnt\n|faint|p2a: Landorus\n|-hitcount|p2: Landorus|1\n|\n|upkeep\n|\n|t:|1659035513\n|switch|p2a: Zapdos|Zapdos-Galar|100\/100\n|turn|35\n|\n|t:|1659035516\n|move|p1a: Melmetal|Protect|p1a: Melmetal\n|-singleturn|p1a: Melmetal|Protect\n|move|p2a: Zapdos|U-turn|p1a: Melmetal\n|-activate|p1a: Melmetal|move: Protect\n|\n|upkeep\n|turn|36\n|\n|t:|1659035519\n|move|p2a: Zapdos|U-turn|p1a: Melmetal\n|-resisted|p1a: Melmetal\n|-damage|p1a: Melmetal|24\/100\n|\n|t:|1659035521\n|switch|p2a: Kartana|Kartana|52\/100|[from]move: U-turn\n|move|p1a: Melmetal|Double Iron Bash|p2a: Kartana\n|-resisted|p2a: Kartana\n|-damage|p2a: Kartana|37\/100\n|-resisted|p2a: Kartana\n|-damage|p2a: Kartana|23\/100\n|-hitcount|p2a: Kartana|2\n|\n|upkeep\n|turn|37\n|\n|t:|1659035531\n|switch|p1a: Tornadus|Tornadus-Therian, M|100\/100 tox\n|move|p2a: Kartana|Knock Off|p1a: Tornadus\n|-damage|p1a: Tornadus|52\/100 tox\n|-enditem|p1a: Tornadus|Heavy-Duty Boots|[from] move: Knock Off|[of] p2a: Kartana\n|\n|-damage|p1a: Tornadus|46\/100 tox|[from] psn\n|upkeep\n|turn|38\n|\n|t:|1659035539\n|move|p1a: Tornadus|Heat Wave|p2a: Kartana\n|-supereffective|p2a: Kartana\n|-damage|p2a: Kartana|0 fnt\n|faint|p2a: Kartana\n|\n|-damage|p1a: Tornadus|34\/100 tox|[from] psn\n|upkeep\n|\n|t:|1659035543\n|switch|p2a: Zapdos|Zapdos-Galar|100\/100\n|turn|39\n|\n|t:|1659035553\n|move|p1a: Tornadus|Knock Off|p2a: Zapdos\n|-resisted|p2a: Zapdos\n|-damage|p2a: Zapdos|90\/100\n|-enditem|p2a: Zapdos|Choice Band|[from] move: Knock Off|[of] p1a: Tornadus\n|move|p2a: Zapdos|U-turn|p1a: Tornadus\n|-resisted|p1a: Tornadus\n|-damage|p1a: Tornadus|21\/100 tox\n|\n|t:|1659035559\n|switch|p2a: Tapu Fini|Tapu Fini|100\/100|[from]move: U-turn\n|-fieldstart|move: Misty Terrain|[from] ability: Misty Surge|[of] p2a: Tapu Fini\n|\n|-damage|p1a: Tornadus|3\/100 tox|[from] psn\n|upkeep\n|turn|40\n|\n|t:|1659035567\n|move|p1a: Tornadus|U-turn|p2a: Tapu Fini\n|-resisted|p2a: Tapu Fini\n|-damage|p2a: Tapu Fini|95\/100\n|\n|t:|1659035569\n|switch|p1a: Melmetal|Melmetal|24\/100|[from]move: U-turn\n|move|p2a: Tapu Fini|Calm Mind|p2a: Tapu Fini\n|-boost|p2a: Tapu Fini|spa|1\n|-boost|p2a: Tapu Fini|spd|1\n|\n|-heal|p2a: Tapu Fini|100\/100|[from] item: Leftovers\n|upkeep\n|turn|41\n|\n|t:|1659035572\n|move|p2a: Tapu Fini|Scald|p1a: Melmetal\n|-damage|p1a: Melmetal|0 fnt\n|faint|p1a: Melmetal\n|\n|upkeep\n|\n|t:|1659035574\n|switch|p1a: Garchomp|Garchomp, F|100\/100\n|turn|42\n|\n|t:|1659035576\n|move|p1a: Garchomp|Swords Dance|p1a: Garchomp\n|-boost|p1a: Garchomp|atk|2\n|move|p2a: Tapu Fini|Calm Mind|p2a: Tapu Fini\n|-boost|p2a: Tapu Fini|spa|1\n|-boost|p2a: Tapu Fini|spd|1\n|\n|upkeep\n|turn|43\n|\n|t:|1659035578\n|move|p1a: Garchomp|Earthquake|p2a: Tapu Fini\n|-damage|p2a: Tapu Fini|29\/100\n|move|p2a: Tapu Fini|Draining Kiss|p1a: Garchomp\n|-supereffective|p1a: Garchomp\n|-crit|p1a: Garchomp\n|-damage|p1a: Garchomp|2\/100\n|-heal|p2a: Tapu Fini|100\/100|[from] drain|[of] p1a: Garchomp\n|-damage|p2a: Tapu Fini|88\/100|[from] ability: Rough Skin|[of] p1a: Garchomp\n|\n|-heal|p1a: Garchomp|8\/100|[from] item: Leftovers\n|-heal|p2a: Tapu Fini|94\/100|[from] item: Leftovers\n|-fieldend|Misty Terrain\n|upkeep\n|turn|44\n|\n|t:|1659035586\n|move|p1a: Garchomp|Earthquake|p2a: Tapu Fini\n|-damage|p2a: Tapu Fini|26\/100\n|move|p2a: Tapu Fini|Draining Kiss|p1a: Garchomp\n|-supereffective|p1a: Garchomp\n|-damage|p1a: Garchomp|0 fnt\n|-heal|p2a: Tapu Fini|32\/100|[from] drain|[of] p1a: Garchomp\n|-damage|p2a: Tapu Fini|20\/100|[from] ability: Rough Skin|[of] p1a: Garchomp\n|faint|p1a: Garchomp\n|\n|-heal|p2a: Tapu Fini|26\/100|[from] item: Leftovers\n|upkeep\n|\n|t:|1659035594\n|switch|p1a: Weavile|Weavile, F|100\/100\n|-ability|p1a: Weavile|Pressure\n|turn|45\n|\n|t:|1659035597\n|move|p1a: Weavile|Knock Off|p2a: Tapu Fini\n|-resisted|p2a: Tapu Fini\n|-damage|p2a: Tapu Fini|0 fnt\n|-enditem|p2a: Tapu Fini|Leftovers|[from] move: Knock Off|[of] p1a: Weavile\n|faint|p2a: Tapu Fini\n|\n|upkeep\n|\n|t:|1659035600\n|switch|p2a: Clefable|Clefable, F|65\/100\n|turn|46\n|\n|t:|1659035603\n|switch|p1a: Slowbro|Slowbro, F|87\/100\n|move|p2a: Clefable|Calm Mind|p2a: Clefable\n|-boost|p2a: Clefable|spa|1\n|-boost|p2a: Clefable|spd|1\n|\n|upkeep\n|turn|47\n|\n|t:|1659035605\n|move|p2a: Clefable|Soft-Boiled|p2a: Clefable\n|-heal|p2a: Clefable|100\/100\n|move|p1a: Slowbro|Future Sight|p2a: Clefable\n|-start|p1a: Slowbro|move: Future Sight\n|\n|upkeep\n|turn|48\n|\n|t:|1659035609\n|move|p2a: Clefable|Thunderbolt|p1a: Slowbro\n|-supereffective|p1a: Slowbro\n|-damage|p1a: Slowbro|26\/100\n|move|p1a: Slowbro|Teleport|p1a: Slowbro\n|\n|t:|1659035613\n|switch|p1a: Weavile|Weavile, F|100\/100|[from]move: Teleport\n|-ability|p1a: Weavile|Pressure\n|\n|upkeep\n|turn|49\n|\n|t:|1659035619\n|switch|p1a: Tornadus|Tornadus-Therian, M|36\/100 tox\n|move|p2a: Clefable|Moonblast|p1a: Tornadus\n|-damage|p1a: Tornadus|0 fnt\n|faint|p1a: Tornadus\n|\n|-end|p2a: Clefable|move: Future Sight\n|-damage|p2a: Clefable|75\/100\n|upkeep\n|\n|t:|1659035621\n|switch|p1a: Weavile|Weavile, F|100\/100\n|-ability|p1a: Weavile|Pressure\n|turn|50\n|\n|t:|1659035623\n|move|p1a: Weavile|Triple Axel|p2a: Clefable\n|-damage|p2a: Clefable|63\/100\n|-damage|p2a: Clefable|37\/100\n|-damage|p2a: Clefable|0 fnt\n|faint|p2a: Clefable\n|-hitcount|p2: Clefable|3\n|\n|upkeep\n|\n|t:|1659035626\n|switch|p2a: Zapdos|Zapdos-Galar|90\/100\n|turn|51\n|\n|t:|1659035635\n|move|p1a: Weavile|Triple Axel|p2a: Zapdos\n|-supereffective|p2a: Zapdos\n|-damage|p2a: Zapdos|53\/100\n|-supereffective|p2a: Zapdos\n|-damage|p2a: Zapdos|0 fnt\n|faint|p2a: Zapdos\n|-hitcount|p2: Zapdos|2\n|\n|win|lt91bb FJ2K\n|raw|lt91bb FJ2K's rating: 1631 &rarr; <strong>1656<\/strong><br \/>(+25 for winning)\n|raw|alvar03's rating: 1724 &rarr; <strong>1699<\/strong><br \/>(-25 for losing)\n|l|\u2606alvar03\n||Ladder isn't responding, score probably updated but might not have (Request timeout).\n","uploadtime":1659035646,"views":24,"p1id":"lt91bbfj2k","p2id":"alvar03","formatid":"gen8ou","rating":1656,"private":0,"password":null}