{"id":"gen8ou-1690102897","p1":"ldailey19","p2":"30orless","format":"gen8ou","log":"|html|<div class=\"broadcast-blue\"><strong>[Gen 8] OU is currently suspecting Melmetal! For information on how to participate check out the <a href=\"https:\/\/www.smogon.com\/forums\/threads\/np-ss-ou-suspect-process-round-12-monster-mash.3709234\/\">suspect thread<\/a>.<\/strong><\/div>\n|j|\u2606ldailey19\n|j|\u260630orless\n|t:|1666234574\n|gametype|singles\n|player|p1|ldailey19|lance|1543\n|player|p2|30orless|2|1567\n|teamsize|p1|6\n|teamsize|p2|6\n|gen|8\n|tier|[Gen 8] OU\n|rated|\n|rule|Sleep Clause Mod: Limit one foe put to sleep\n|rule|Species Clause: Limit one of each Pok\u00e9mon\n|rule|OHKO Clause: OHKO moves are banned\n|rule|Evasion Items Clause: Evasion items are banned\n|rule|Evasion Moves Clause: Evasion moves are banned\n|rule|Endless Battle Clause: Forcing endless battles is banned\n|rule|HP Percentage Mod: HP is shown in percentages\n|rule|Dynamax Clause: You cannot dynamax\n|clearpoke\n|poke|p1|Magnezone|\n|poke|p1|Weavile, F|\n|poke|p1|Urshifu-*, F|\n|poke|p1|Heatran, F|\n|poke|p1|Landorus-Therian, M|\n|poke|p1|Dragapult, F|\n|poke|p2|Moltres|\n|poke|p2|Hydreigon, F|\n|poke|p2|Blaziken, F|\n|poke|p2|Volcanion|\n|poke|p2|Zapdos|\n|poke|p2|Mamoswine, M|\n|teampreview\n|inactive|Battle timer is ON: inactive players will automatically lose when time's up. (requested by ldailey19)\n|\n|t:|1666234578\n|start\n|switch|p1a: Dragapult|Dragapult, F, shiny|100\/100\n|switch|p2a: Hydreigon|Hydreigon, F|100\/100\n|turn|1\n|\n|t:|1666234582\n|move|p2a: Hydreigon|Draco Meteor|p1a: Dragapult\n|-supereffective|p1a: Dragapult\n|-enditem|p1a: Dragapult|Focus Sash\n|-damage|p1a: Dragapult|1\/100\n|-unboost|p2a: Hydreigon|spa|2\n|move|p1a: Dragapult|Dragon Darts|p2a: Hydreigon\n|-supereffective|p2a: Hydreigon\n|-damage|p2a: Hydreigon|41\/100\n|-anim|p1a: Dragapult|Dragon Darts|p2a: Hydreigon\n|-supereffective|p2a: Hydreigon\n|-damage|p2a: Hydreigon|0 fnt\n|faint|p2a: Hydreigon\n|\n|upkeep\n|\n|t:|1666234588\n|switch|p2a: Mamoswine|Mamoswine, M|100\/100\n|turn|2\n|-activate|p2a: Mamoswine|item: Quick Claw\n|\n|t:|1666234596\n|switch|p1a: Weavile|Weavile, F|100\/100\n|-ability|p1a: Weavile|Pressure\n|move|p2a: Mamoswine|Stealth Rock|p1a: Weavile\n|-sidestart|p1: ldailey19|move: Stealth Rock\n|\n|upkeep\n|turn|3\n|-activate|p2a: Mamoswine|item: Quick Claw\n|\n|t:|1666234611\n|move|p2a: Mamoswine|Earthquake|p1a: Weavile\n|-damage|p1a: Weavile|9\/100\n|move|p1a: Weavile|Knock Off|p2a: Mamoswine\n|-damage|p2a: Mamoswine|15\/100\n|-enditem|p2a: Mamoswine|Quick Claw|[from] move: Knock Off|[of] p1a: Weavile\n|\n|upkeep\n|turn|4\n|\n|t:|1666234638\n|switch|p1a: Dragapult|Dragapult, F, shiny|1\/100\n|-damage|p1a: Dragapult|0 fnt|[from] Stealth Rock\n|faint|p1a: Dragapult\n|move|p2a: Mamoswine|Ice Shard|p1: Dragapult|[notarget]\n|-fail|p2a: Mamoswine\n|\n|upkeep\n|\n|t:|1666234645\n|switch|p1a: Heatran|Heatran, F, shiny|100\/100\n|-damage|p1a: Heatran|88\/100|[from] Stealth Rock\n|-item|p1a: Heatran|Air Balloon\n|turn|5\n|\n|t:|1666234652\n|switch|p2a: Volcanion|Volcanion|100\/100\n|move|p1a: Heatran|Flamethrower|p2a: Volcanion\n|-resisted|p2a: Volcanion\n|-damage|p2a: Volcanion|90\/100\n|\n|upkeep\n|turn|6\n|\n|t:|1666234672\n|move|p1a: Heatran|Earth Power|p2a: Volcanion\n|-supereffective|p2a: Volcanion\n|-damage|p2a: Volcanion|36\/100\n|move|p2a: Volcanion|Steam Eruption|p1a: Heatran|[miss]\n|-miss|p2a: Volcanion|p1a: Heatran\n|\n|upkeep\n|turn|7\n|\n|t:|1666234684\n|move|p1a: Heatran|Earth Power|p2a: Volcanion\n|-supereffective|p2a: Volcanion\n|-damage|p2a: Volcanion|0 fnt\n|faint|p2a: Volcanion\n|\n|upkeep\n|\n|t:|1666234687\n|switch|p2a: Blaziken|Blaziken, F|100\/100\n|turn|8\n|\n|t:|1666234691\n|switch|p1a: Landorus|Landorus-Therian, M|100\/100\n|-damage|p1a: Landorus|88\/100|[from] Stealth Rock\n|-ability|p1a: Landorus|Intimidate|boost\n|-unboost|p2a: Blaziken|atk|1\n|move|p2a: Blaziken|Close Combat|p1a: Landorus\n|-resisted|p1a: Landorus\n|-damage|p1a: Landorus|71\/100\n|-unboost|p2a: Blaziken|def|1\n|-unboost|p2a: Blaziken|spd|1\n|-damage|p2a: Blaziken|84\/100|[from] item: Rocky Helmet|[of] p1a: Landorus\n|-damage|p2a: Blaziken|74\/100|[from] item: Life Orb\n|\n|-ability|p2a: Blaziken|Speed Boost|boost\n|-boost|p2a: Blaziken|spe|1\n|upkeep\n|turn|9\n|\n|t:|1666234697\n|move|p2a: Blaziken|Overheat|p1a: Landorus\n|-damage|p1a: Landorus|0 fnt\n|-unboost|p2a: Blaziken|spa|2\n|faint|p1a: Landorus\n|-damage|p2a: Blaziken|64\/100|[from] item: Life Orb\n|\n|-ability|p2a: Blaziken|Speed Boost|boost\n|-boost|p2a: Blaziken|spe|1\n|upkeep\n|\n|t:|1666234709\n|switch|p1a: Urshifu|Urshifu-Rapid-Strike, F|100\/100\n|-damage|p1a: Urshifu|94\/100|[from] Stealth Rock\n|turn|10\n|\n|t:|1666234715\n|switch|p2a: Zapdos|Zapdos|100\/100\n|move|p1a: Urshifu|Surging Strikes|p2a: Zapdos\n|-crit|p2a: Zapdos\n|-damage|p2a: Zapdos|79\/100\n|-crit|p2a: Zapdos\n|-damage|p2a: Zapdos|60\/100\n|-crit|p2a: Zapdos\n|-damage|p2a: Zapdos|38\/100\n|-hitcount|p2a: Zapdos|3\n|\n|upkeep\n|turn|11\n|\n|t:|1666234722\n|switch|p1a: Magnezone|Magnezone, shiny|100\/100\n|-damage|p1a: Magnezone|94\/100|[from] Stealth Rock\n|move|p2a: Zapdos|Roost|p2a: Zapdos\n|-heal|p2a: Zapdos|88\/100\n|-singleturn|p2a: Zapdos|move: Roost\n|\n|upkeep\n|turn|12\n|\n|t:|1666234727\n|switch|p2a: Mamoswine|Mamoswine, M|15\/100\n|move|p1a: Magnezone|Flash Cannon|p2a: Mamoswine\n|-supereffective|p2a: Mamoswine\n|-damage|p2a: Mamoswine|0 fnt\n|faint|p2a: Mamoswine\n|\n|upkeep\n|\n|t:|1666234731\n|switch|p2a: Blaziken|Blaziken, F|64\/100\n|turn|13\n|\n|t:|1666234735\n|switch|p1a: Weavile|Weavile, F|9\/100\n|-damage|p1a: Weavile|0 fnt|[from] Stealth Rock\n|faint|p1a: Weavile\n|move|p2a: Blaziken|Overheat|p1: Weavile|[notarget]\n|-fail|p2a: Blaziken\n|\n|-ability|p2a: Blaziken|Speed Boost|boost\n|-boost|p2a: Blaziken|spe|1\n|upkeep\n|\n|t:|1666234739\n|switch|p1a: Urshifu|Urshifu-Rapid-Strike, F|94\/100\n|-damage|p1a: Urshifu|88\/100|[from] Stealth Rock\n|turn|14\n|\n|t:|1666234749\n|switch|p2a: Zapdos|Zapdos|88\/100\n|move|p1a: Urshifu|Surging Strikes|p2a: Zapdos\n|-crit|p2a: Zapdos\n|-damage|p2a: Zapdos|67\/100\n|-crit|p2a: Zapdos\n|-damage|p2a: Zapdos|45\/100\n|-crit|p2a: Zapdos\n|-damage|p2a: Zapdos|23\/100\n|-status|p1a: Urshifu|par|[from] ability: Static|[of] p2a: Zapdos\n|-hitcount|p2a: Zapdos|3\n|\n|upkeep\n|turn|15\n|\n|t:|1666234754\n|move|p1a: Urshifu|Aqua Jet|p2a: Zapdos\n|-damage|p2a: Zapdos|2\/100\n|move|p2a: Zapdos|Discharge|p1a: Urshifu\n|-supereffective|p1a: Urshifu\n|-damage|p1a: Urshifu|0 fnt\n|faint|p1a: Urshifu\n|\n|upkeep\n|\n|t:|1666234762\n|switch|p1a: Magnezone|Magnezone, shiny|94\/100\n|-damage|p1a: Magnezone|88\/100|[from] Stealth Rock\n|turn|16\n|\n|t:|1666234768\n|move|p2a: Zapdos|Roost|p2a: Zapdos\n|-heal|p2a: Zapdos|52\/100\n|-singleturn|p2a: Zapdos|move: Roost\n|move|p1a: Magnezone|Volt Switch|p2a: Zapdos\n|-resisted|p2a: Zapdos\n|-damage|p2a: Zapdos|29\/100\n|\n|t:|1666234772\n|switch|p1a: Heatran|Heatran, F, shiny|88\/100|[from]move: Volt Switch\n|-damage|p1a: Heatran|75\/100|[from] Stealth Rock\n|-item|p1a: Heatran|Air Balloon\n|\n|upkeep\n|turn|17\n|\n|t:|1666234776\n|move|p2a: Zapdos|Discharge|p1a: Heatran\n|-damage|p1a: Heatran|43\/100\n|-enditem|p1a: Heatran|Air Balloon\n|move|p1a: Heatran|Toxic|p2a: Zapdos\n|-status|p2a: Zapdos|tox\n|\n|-damage|p2a: Zapdos|23\/100 tox|[from] psn\n|upkeep\n|turn|18\n|\n|t:|1666234782\n|move|p2a: Zapdos|Roost|p2a: Zapdos\n|-heal|p2a: Zapdos|73\/100 tox\n|-singleturn|p2a: Zapdos|move: Roost\n|move|p1a: Heatran|Flamethrower|p2a: Zapdos\n|-damage|p2a: Zapdos|32\/100 tox\n|\n|-damage|p2a: Zapdos|20\/100 tox|[from] psn\n|upkeep\n|turn|19\n|\n|t:|1666234788\n|move|p2a: Zapdos|Discharge|p1a: Heatran\n|-damage|p1a: Heatran|14\/100\n|-status|p1a: Heatran|par\n|move|p1a: Heatran|Earth Power|p2a: Zapdos\n|-immune|p2a: Zapdos\n|\n|-damage|p2a: Zapdos|2\/100 tox|[from] psn\n|upkeep\n|turn|20\n|\n|t:|1666234796\n|move|p2a: Zapdos|Roost|p2a: Zapdos\n|-heal|p2a: Zapdos|52\/100 tox\n|-singleturn|p2a: Zapdos|move: Roost\n|move|p1a: Heatran|Earth Power|p2a: Zapdos\n|-supereffective|p2a: Zapdos\n|-damage|p2a: Zapdos|0 fnt\n|faint|p2a: Zapdos\n|\n|upkeep\n|\n|t:|1666234804\n|switch|p2a: Moltres|Moltres|100\/100\n|turn|21\n|\n|t:|1666234808\n|move|p2a: Moltres|Scorching Sands|p1a: Heatran\n|-supereffective|p1a: Heatran\n|-damage|p1a: Heatran|0 fnt\n|faint|p1a: Heatran\n|\n|upkeep\n|-message|ldailey19 forfeited.\n|\n|win|30orless\n|raw|ldailey19's rating: 1543 &rarr; <strong>1524<\/strong><br \/>(-19 for losing)\n|raw|30orless's rating: 1567 &rarr; <strong>1586<\/strong><br \/>(+19 for winning)\n|l|\u2606ldailey19\n","uploadtime":1666234817,"views":8,"p1id":"ldailey19","p2id":"30orless","formatid":"gen8ou","rating":1524,"private":0,"password":null}