{"id":"gen8ou-1678824036","p1":"superrouchuan","p2":"minimax_ai","format":"gen8ou","log":"|j|\u2606superrouchuan\n|j|\u2606minimax_ai\n|t:|1665028091\n|gametype|singles\n|player|p1|superrouchuan|juan|1429\n|player|p2|minimax_ai|lusamine-nihilego|1396\n|teamsize|p1|6\n|teamsize|p2|6\n|gen|8\n|tier|[Gen 8] OU\n|rated|\n|rule|Sleep Clause Mod: Limit one foe put to sleep\n|rule|Species Clause: Limit one of each Pok\u00e9mon\n|rule|OHKO Clause: OHKO moves are banned\n|rule|Evasion Items Clause: Evasion items are banned\n|rule|Evasion Moves Clause: Evasion moves are banned\n|rule|Endless Battle Clause: Forcing endless battles is banned\n|rule|HP Percentage Mod: HP is shown in percentages\n|rule|Dynamax Clause: You cannot dynamax\n|clearpoke\n|poke|p1|Snorlax, M|\n|poke|p1|Tapu Lele|\n|poke|p1|Tyranitar, F|\n|poke|p1|Zapdos|\n|poke|p1|Garchomp, M|\n|poke|p1|Buzzwole|\n|poke|p2|Rotom-Wash|\n|poke|p2|Weavile, M|\n|poke|p2|Landorus-Therian, M|\n|poke|p2|Heatran, M|\n|poke|p2|Tangrowth, F|\n|poke|p2|Melmetal|\n|teampreview\n|\n|t:|1665028093\n|start\n|switch|p1a: \u868a\u5927\u7237|Buzzwole|100\/100\n|switch|p2a: landorustherian|Landorus-Therian, M|100\/100\n|-ability|p2a: landorustherian|Intimidate|boost\n|-unboost|p1a: \u868a\u5927\u7237|atk|1\n|turn|1\n|c|\u2606minimax_ai|hf\n|inactive|Battle timer is ON: inactive players will automatically lose when time's up. (requested by minimax_ai)\n|\n|t:|1665028096\n|switch|p2a: Tangrowth|Tangrowth, F|100\/100\n|move|p1a: \u868a\u5927\u7237|Ice Punch|p2a: Tangrowth\n|-supereffective|p2a: Tangrowth\n|-damage|p2a: Tangrowth|71\/100\n|-damage|p1a: \u868a\u5927\u7237|84\/100|[from] item: Rocky Helmet|[of] p2a: Tangrowth\n|\n|upkeep\n|turn|2\n|\n|t:|1665028102\n|switch|p1a: \u8001\u73ed|Tyranitar, F, shiny|100\/100\n|-weather|Sandstorm|[from] ability: Sand Stream|[of] p1a: \u8001\u73ed\n|switch|p2a: Melmetal|Melmetal|100\/100\n|\n|-weather|Sandstorm|[upkeep]\n|upkeep\n|turn|3\n|\n|t:|1665028105\n|switch|p1a: \u9e1f\u54e5|Zapdos, shiny|100\/100\n|move|p2a: Melmetal|Double Iron Bash|p1a: \u9e1f\u54e5\n|-resisted|p1a: \u9e1f\u54e5\n|-damage|p1a: \u9e1f\u54e5|87\/100\n|-damage|p2a: Melmetal|84\/100|[from] item: Rocky Helmet|[of] p1a: \u9e1f\u54e5\n|-status|p2a: Melmetal|par|[from] ability: Static|[of] p1a: \u9e1f\u54e5\n|-resisted|p1a: \u9e1f\u54e5\n|-damage|p1a: \u9e1f\u54e5|73\/100\n|-damage|p2a: Melmetal|67\/100 par|[from] item: Rocky Helmet|[of] p1a: \u9e1f\u54e5\n|-hitcount|p1a: \u9e1f\u54e5|2\n|\n|-weather|Sandstorm|[upkeep]\n|-damage|p1a: \u9e1f\u54e5|67\/100|[from] Sandstorm\n|upkeep\n|turn|4\n|\n|t:|1665028117\n|switch|p1a: \u8001\u73ed|Tyranitar, F, shiny|100\/100\n|switch|p2a: landorustherian|Landorus-Therian, M|100\/100\n|-ability|p2a: landorustherian|Intimidate|boost\n|-unboost|p1a: \u8001\u73ed|atk|1\n|\n|-weather|Sandstorm|[upkeep]\n|upkeep\n|turn|5\n|\n|t:|1665028122\n|switch|p2a: Heatran|Heatran, M|100\/100\n|-item|p2a: Heatran|Air Balloon\n|move|p1a: \u8001\u73ed|Ice Beam|p2a: Heatran\n|-resisted|p2a: Heatran\n|-damage|p2a: Heatran|94\/100\n|-enditem|p2a: Heatran|Air Balloon\n|\n|-weather|Sandstorm|[upkeep]\n|upkeep\n|turn|6\n|\n|t:|1665028125\n|move|p2a: Heatran|Stealth Rock|p1a: \u8001\u73ed\n|-sidestart|p1: superrouchuan|move: Stealth Rock\n|move|p1a: \u8001\u73ed|Stealth Rock|p2a: Heatran\n|-sidestart|p2: minimax_ai|move: Stealth Rock\n|\n|-weather|none\n|upkeep\n|turn|7\n|\n|t:|1665028127\n|move|p2a: Heatran|Earth Power|p1a: \u8001\u73ed\n|-supereffective|p1a: \u8001\u73ed\n|-damage|p1a: \u8001\u73ed|50\/100\n|move|p1a: \u8001\u73ed|Earthquake|p2a: Heatran\n|-supereffective|p2a: Heatran\n|-damage|p2a: Heatran|27\/100\n|\n|-heal|p1a: \u8001\u73ed|56\/100|[from] item: Leftovers\n|upkeep\n|turn|8\n|\n|t:|1665028133\n|move|p2a: Heatran|Earth Power|p1a: \u8001\u73ed\n|-supereffective|p1a: \u8001\u73ed\n|-damage|p1a: \u8001\u73ed|4\/100\n|move|p1a: \u8001\u73ed|Earthquake|p2a: Heatran\n|-supereffective|p2a: Heatran\n|-damage|p2a: Heatran|0 fnt\n|faint|p2a: Heatran\n|\n|-heal|p1a: \u8001\u73ed|10\/100|[from] item: Leftovers\n|upkeep\n|\n|t:|1665028133\n|switch|p2a: Melmetal|Melmetal|67\/100 par\n|-damage|p2a: Melmetal|61\/100 par|[from] Stealth Rock\n|turn|9\n|\n|t:|1665028136\n|move|p1a: \u8001\u73ed|Fire Blast|p2a: Melmetal\n|-supereffective|p2a: Melmetal\n|-damage|p2a: Melmetal|30\/100 par\n|move|p2a: Melmetal|Double Iron Bash|p1a: \u8001\u73ed\n|-supereffective|p1a: \u8001\u73ed\n|-damage|p1a: \u8001\u73ed|0 fnt\n|faint|p1a: \u8001\u73ed\n|-hitcount|p1: \u8001\u73ed|1\n|\n|upkeep\n|\n|t:|1665028140\n|switch|p1a: \u9e1f\u54e5|Zapdos, shiny|67\/100\n|-damage|p1a: \u9e1f\u54e5|42\/100|[from] Stealth Rock\n|turn|10\n|\n|t:|1665028145\n|switch|p2a: landorustherian|Landorus-Therian, M|100\/100\n|-damage|p2a: landorustherian|88\/100|[from] Stealth Rock\n|-ability|p2a: landorustherian|Intimidate|boost\n|-unboost|p1a: \u9e1f\u54e5|atk|1\n|move|p1a: \u9e1f\u54e5|Roost|p1a: \u9e1f\u54e5\n|-heal|p1a: \u9e1f\u54e5|92\/100\n|-singleturn|p1a: \u9e1f\u54e5|move: Roost\n|\n|-heal|p2a: landorustherian|94\/100|[from] item: Leftovers\n|upkeep\n|turn|11\n|\n|t:|1665028148\n|move|p1a: \u9e1f\u54e5|Hurricane|p2a: landorustherian\n|-damage|p2a: landorustherian|61\/100\n|move|p2a: landorustherian|Toxic|p1a: \u9e1f\u54e5\n|-status|p1a: \u9e1f\u54e5|tox\n|\n|-heal|p2a: landorustherian|67\/100|[from] item: Leftovers\n|-damage|p1a: \u9e1f\u54e5|86\/100 tox|[from] psn\n|upkeep\n|turn|12\n|\n|t:|1665028152\n|move|p1a: \u9e1f\u54e5|Defog|p2a: landorustherian\n|-unboost|p2a: landorustherian|evasion|1\n|-sideend|p2: minimax_ai|Stealth Rock|[from] move: Defog|[of] p1a: \u9e1f\u54e5\n|-sideend|p1: superrouchuan|Stealth Rock|[from] move: Defog|[of] p1a: \u9e1f\u54e5\n|move|p2a: landorustherian|Toxic|p1a: \u9e1f\u54e5\n|-fail|p1a: \u9e1f\u54e5|tox\n|\n|-heal|p2a: landorustherian|73\/100|[from] item: Leftovers\n|-damage|p1a: \u9e1f\u54e5|73\/100 tox|[from] psn\n|upkeep\n|turn|13\n|\n|t:|1665028164\n|switch|p1a: \u9f99\u7237\uff08\u867d\u7136\u8fd8\u662f\u4e0d\u4f1a\u9f99\u821e\uff09|Garchomp, M|100\/100\n|move|p2a: landorustherian|Toxic|p1a: \u9f99\u7237\uff08\u867d\u7136\u8fd8\u662f\u4e0d\u4f1a\u9f99\u821e\uff09\n|-status|p1a: \u9f99\u7237\uff08\u867d\u7136\u8fd8\u662f\u4e0d\u4f1a\u9f99\u821e\uff09|tox\n|\n|-heal|p2a: landorustherian|79\/100|[from] item: Leftovers\n|-damage|p1a: \u9f99\u7237\uff08\u867d\u7136\u8fd8\u662f\u4e0d\u4f1a\u9f99\u821e\uff09|94\/100 tox|[from] psn\n|upkeep\n|turn|14\n|\n|t:|1665028166\n|switch|p2a: Tangrowth|Tangrowth, F|100\/100\n|move|p1a: \u9f99\u7237\uff08\u867d\u7136\u8fd8\u662f\u4e0d\u4f1a\u9f99\u821e\uff09|Dragon Claw|p2a: Tangrowth\n|-damage|p2a: Tangrowth|62\/100\n|-damage|p1a: \u9f99\u7237\uff08\u867d\u7136\u8fd8\u662f\u4e0d\u4f1a\u9f99\u821e\uff09|78\/100 tox|[from] item: Rocky Helmet|[of] p2a: Tangrowth\n|\n|-damage|p1a: \u9f99\u7237\uff08\u867d\u7136\u8fd8\u662f\u4e0d\u4f1a\u9f99\u821e\uff09|66\/100 tox|[from] psn\n|upkeep\n|turn|15\n|\n|t:|1665028171\n|switch|p1a: \u9e1f\u54e5|Zapdos, shiny|73\/100 tox\n|move|p2a: Tangrowth|Sleep Powder||[still]\n|-fail|p2a: Tangrowth\n|\n|-damage|p1a: \u9e1f\u54e5|67\/100 tox|[from] psn\n|upkeep\n|turn|16\n|\n|t:|1665028177\n|switch|p1a: \u868a\u5927\u7237|Buzzwole|84\/100\n|switch|p2a: landorustherian|Landorus-Therian, M|79\/100\n|-ability|p2a: landorustherian|Intimidate|boost\n|-unboost|p1a: \u868a\u5927\u7237|atk|1\n|\n|-heal|p2a: landorustherian|85\/100|[from] item: Leftovers\n|upkeep\n|turn|17\n|\n|t:|1665028179\n|switch|p2a: Tangrowth|Tangrowth, F|95\/100\n|move|p1a: \u868a\u5927\u7237|Ice Punch|p2a: Tangrowth\n|-supereffective|p2a: Tangrowth\n|-damage|p2a: Tangrowth|65\/100\n|-status|p2a: Tangrowth|frz\n|-damage|p1a: \u868a\u5927\u7237|67\/100|[from] item: Rocky Helmet|[of] p2a: Tangrowth\n|\n|upkeep\n|turn|18\n|\n|t:|1665028184\n|switch|p1a: \u8776\u795e|Tapu Lele|100\/100\n|-fieldstart|move: Psychic Terrain|[from] ability: Psychic Surge|[of] p1a: \u8776\u795e\n|switch|p2a: Melmetal|Melmetal|30\/100 par\n|\n|upkeep\n|turn|19\n|\n|t:|1665028187\n|move|p1a: \u8776\u795e|Focus Blast|p2a: Melmetal\n|-supereffective|p2a: Melmetal\n|-damage|p2a: Melmetal|0 fnt\n|faint|p2a: Melmetal\n|\n|upkeep\n|\n|t:|1665028187\n|switch|p2a: Weavile|Weavile, M|100\/100\n|-ability|p2a: Weavile|Pressure\n|turn|20\n|\n|t:|1665028190\n|move|p1a: \u8776\u795e|Focus Blast|p2a: Weavile\n|-supereffective|p2a: Weavile\n|-damage|p2a: Weavile|0 fnt\n|faint|p2a: Weavile\n|\n|upkeep\n|\n|t:|1665028191\n|switch|p2a: landorustherian|Landorus-Therian, M|85\/100\n|-ability|p2a: landorustherian|Intimidate|boost\n|-unboost|p1a: \u8776\u795e|atk|1\n|turn|21\n|\n|t:|1665028199\n|switch|p1a: \u9e1f\u54e5|Zapdos, shiny|67\/100 tox\n|move|p2a: landorustherian|Toxic|p1a: \u9e1f\u54e5\n|-fail|p1a: \u9e1f\u54e5|tox\n|\n|-heal|p2a: landorustherian|91\/100|[from] item: Leftovers\n|-damage|p1a: \u9e1f\u54e5|61\/100 tox|[from] psn\n|upkeep\n|turn|22\n|\n|t:|1665028205\n|move|p1a: \u9e1f\u54e5|Hurricane|p2a: landorustherian\n|-damage|p2a: landorustherian|56\/100\n|-start|p2a: landorustherian|confusion\n|-activate|p2a: landorustherian|confusion\n|move|p2a: landorustherian|U-turn|p1a: \u9e1f\u54e5\n|-resisted|p1a: \u9e1f\u54e5\n|-damage|p1a: \u9e1f\u54e5|53\/100 tox\n|-damage|p2a: landorustherian|39\/100|[from] item: Rocky Helmet|[of] p1a: \u9e1f\u54e5\n|\n|t:|1665028205\n|switch|p2a: rotomwash|Rotom-Wash|100\/100|[from]move: U-turn\n|\n|-damage|p1a: \u9e1f\u54e5|40\/100 tox|[from] psn\n|-fieldend|move: Psychic Terrain\n|upkeep\n|turn|23\n|\n|t:|1665028214\n|move|p2a: rotomwash|Nasty Plot|p2a: rotomwash\n|-boost|p2a: rotomwash|spa|2\n|move|p1a: \u9e1f\u54e5|Roost|p1a: \u9e1f\u54e5\n|-heal|p1a: \u9e1f\u54e5|90\/100 tox\n|-singleturn|p1a: \u9e1f\u54e5|move: Roost\n|\n|-damage|p1a: \u9e1f\u54e5|72\/100 tox|[from] psn\n|upkeep\n|turn|24\n|\n|t:|1665028217\n|move|p2a: rotomwash|Hydro Pump|p1a: \u9e1f\u54e5\n|-damage|p1a: \u9e1f\u54e5|0 fnt\n|faint|p1a: \u9e1f\u54e5\n|\n|upkeep\n|\n|t:|1665028220\n|switch|p1a: \u5361\u5723\u522b\u6f14\u6211|Snorlax, M, shiny|100\/100\n|turn|25\n|\n|t:|1665028223\n|move|p2a: rotomwash|Nasty Plot|p2a: rotomwash\n|-boost|p2a: rotomwash|spa|2\n|move|p1a: \u5361\u5723\u522b\u6f14\u6211|Self-Destruct|p2a: rotomwash\n|-enditem|p1a: \u5361\u5723\u522b\u6f14\u6211|Normal Gem|[from] gem\n|-damage|p2a: rotomwash|0 fnt\n|faint|p1a: \u5361\u5723\u522b\u6f14\u6211\n|faint|p2a: rotomwash\n|\n|upkeep\n|\n|t:|1665028228\n|switch|p2a: Tangrowth|Tangrowth, F|98\/100 frz\n|switch|p1a: \u8776\u795e|Tapu Lele|100\/100\n|-fieldstart|move: Psychic Terrain|[from] ability: Psychic Surge|[of] p1a: \u8776\u795e\n|turn|26\n|\n|t:|1665028231\n|switch|p2a: landorustherian|Landorus-Therian, M|39\/100\n|-ability|p2a: landorustherian|Intimidate|boost\n|-unboost|p1a: \u8776\u795e|atk|1\n|move|p1a: \u8776\u795e|Psychic|p2a: landorustherian\n|-damage|p2a: landorustherian|0 fnt\n|faint|p2a: landorustherian\n|\n|upkeep\n|\n|t:|1665028232\n|switch|p2a: Tangrowth|Tangrowth, F|100\/100 frz\n|turn|27\n|\n|t:|1665028233\n|move|p1a: \u8776\u795e|Psychic|p2a: Tangrowth\n|-damage|p2a: Tangrowth|5\/100 frz\n|cant|p2a: Tangrowth|frz\n|\n|upkeep\n|turn|28\n|\n|t:|1665028236\n|move|p1a: \u8776\u795e|Psychic|p2a: Tangrowth\n|-damage|p2a: Tangrowth|0 fnt\n|faint|p2a: Tangrowth\n|\n|win|superrouchuan\n|raw|superrouchuan's rating: 1429 &rarr; <strong>1447<\/strong><br \/>(+18 for winning)\n|raw|minimax_ai's rating: 1396 &rarr; <strong>1378<\/strong><br \/>(-18 for losing)\n|c|\u2606minimax_ai|gg\n","uploadtime":1665028237,"views":7,"p1id":"superrouchuan","p2id":"minimaxai","formatid":"gen8ou","rating":1378,"private":0,"password":null}