{"id":"gen8ou-1612049462","p1":"SKIP THE DRIP","p2":"fagiolini","format":"gen8ou","log":"|j|\u2606SKIP THE DRIP\n|j|\u2606fagiolini\n|t:|1657173145\n|gametype|singles\n|player|p1|SKIP THE DRIP|policeman-gen4|1737\n|player|p2|fagiolini|red-gen2|1865\n|teamsize|p1|6\n|teamsize|p2|6\n|gen|8\n|tier|[Gen 8] OU\n|rated|\n|rule|Sleep Clause Mod: Limit one foe put to sleep\n|rule|Species Clause: Limit one of each Pok\u00e9mon\n|rule|OHKO Clause: OHKO moves are banned\n|rule|Evasion Moves Clause: Evasion moves are banned\n|rule|Endless Battle Clause: Forcing endless battles is banned\n|rule|HP Percentage Mod: HP is shown in percentages\n|rule|Dynamax Clause: You cannot dynamax\n|clearpoke\n|poke|p1|Tapu Koko|\n|poke|p1|Blaziken, F|\n|poke|p1|Ferrothorn, M|\n|poke|p1|Dragonite, M|\n|poke|p1|Tapu Fini|\n|poke|p1|Landorus-Therian, M|\n|poke|p2|Reuniclus, M|\n|poke|p2|Scizor, F|\n|poke|p2|Tapu Koko|\n|poke|p2|Landorus-Therian, M|\n|poke|p2|Corsola, F|\n|poke|p2|Mienshao, F|\n|teampreview\n|inactive|Battle timer is ON: inactive players will automatically lose when time's up. (requested by fagiolini)\n|\n|t:|1657173163\n|start\n|switch|p1a: DRAYMOND|Ferrothorn, M, shiny|100\/100\n|switch|p2a: Mienshao|Mienshao, F|100\/100\n|turn|1\n|\n|t:|1657173168\n|switch|p1a: POOLE PARTY|Tapu Fini, shiny|100\/100\n|-fieldstart|move: Misty Terrain|[from] ability: Misty Surge|[of] p1a: POOLE PARTY\n|move|p2a: Mienshao|Close Combat|p1a: POOLE PARTY\n|-resisted|p1a: POOLE PARTY\n|-damage|p1a: POOLE PARTY|67\/100\n|-unboost|p2a: Mienshao|def|1\n|-unboost|p2a: Mienshao|spd|1\n|\n|-heal|p1a: POOLE PARTY|73\/100|[from] item: Leftovers\n|upkeep\n|turn|2\n|\n|t:|1657173172\n|switch|p2a: Corsola|Corsola, F|100\/100\n|move|p1a: POOLE PARTY|Nature's Madness|p2a: Corsola\n|-damage|p2a: Corsola|50\/100\n|\n|-heal|p1a: POOLE PARTY|80\/100|[from] item: Leftovers\n|upkeep\n|turn|3\n|\n|t:|1657173179\n|switch|p2a: Reuniclus|Reuniclus, M|100\/100\n|move|p1a: POOLE PARTY|Whirlpool|p2a: Reuniclus\n|-damage|p2a: Reuniclus|95\/100\n|-activate|p2a: Reuniclus|move: Whirlpool|[of] p1a: POOLE PARTY\n|\n|-heal|p1a: POOLE PARTY|86\/100|[from] item: Leftovers\n|-damage|p2a: Reuniclus|83\/100|[from] move: Whirlpool|[partiallytrapped]\n|upkeep\n|turn|4\n|j| GoldenStateIdiots\n|\n|t:|1657173185\n|move|p1a: POOLE PARTY|Nature's Madness|p2a: Reuniclus\n|-damage|p2a: Reuniclus|42\/100\n|move|p2a: Reuniclus|Future Sight|p1a: POOLE PARTY\n|-start|p2a: Reuniclus|move: Future Sight\n|\n|-heal|p1a: POOLE PARTY|92\/100|[from] item: Leftovers\n|-damage|p2a: Reuniclus|30\/100|[from] move: Whirlpool|[partiallytrapped]\n|upkeep\n|turn|5\n|\n|t:|1657173193\n|move|p1a: POOLE PARTY|Moonblast|p2a: Reuniclus\n|-damage|p2a: Reuniclus|15\/100\n|move|p2a: Reuniclus|Psyshock|p1a: POOLE PARTY\n|-crit|p1a: POOLE PARTY\n|-damage|p1a: POOLE PARTY|52\/100\n|\n|-heal|p1a: POOLE PARTY|58\/100|[from] item: Leftovers\n|-damage|p2a: Reuniclus|2\/100|[from] move: Whirlpool|[partiallytrapped]\n|-fieldend|Misty Terrain\n|upkeep\n|turn|6\n|\n|t:|1657173201\n|switch|p1a: DRAYMOND|Ferrothorn, M, shiny|100\/100\n|move|p2a: Reuniclus|Psyshock|p1a: DRAYMOND\n|-resisted|p1a: DRAYMOND\n|-damage|p1a: DRAYMOND|90\/100\n|\n|-end|p1a: DRAYMOND|move: Future Sight\n|-resisted|p1a: DRAYMOND\n|-damage|p1a: DRAYMOND|68\/100\n|-end|p2a: Reuniclus|Whirlpool|[partiallytrapped]|[silent]\n|upkeep\n|turn|7\n|\n|t:|1657173207\n|switch|p2a: Mienshao|Mienshao, F|100\/100\n|switch|p1a: WIGGINS|Landorus-Therian, M|100\/100\n|-ability|p1a: WIGGINS|Intimidate|boost\n|-unboost|p2a: Mienshao|atk|1\n|\n|upkeep\n|turn|8\n|\n|t:|1657173211\n|move|p2a: Mienshao|U-turn|p1a: WIGGINS\n|-resisted|p1a: WIGGINS\n|-damage|p1a: WIGGINS|88\/100\n|\n|t:|1657173214\n|switch|p2a: Landorus|Landorus-Therian, M|100\/100|[from]move: U-turn\n|-ability|p2a: Landorus|Intimidate|boost\n|-unboost|p1a: WIGGINS|atk|1\n|move|p1a: WIGGINS|U-turn|p2a: Landorus\n|-resisted|p2a: Landorus\n|-damage|p2a: Landorus|94\/100\n|\n|t:|1657173221\n|switch|p1a: DRAYMOND|Ferrothorn, M, shiny|68\/100|[from]move: U-turn\n|\n|-heal|p2a: Landorus|99\/100|[from] item: Leftovers\n|upkeep\n|turn|9\n|\n|t:|1657173224\n|move|p2a: Landorus|U-turn|p1a: DRAYMOND\n|-damage|p1a: DRAYMOND|56\/100\n|-damage|p2a: Landorus|88\/100|[from] ability: Iron Barbs|[of] p1a: DRAYMOND\n|-damage|p2a: Landorus|71\/100|[from] item: Rocky Helmet|[of] p1a: DRAYMOND\n|j| CB Bhris Breezy\n|\n|t:|1657173226\n|switch|p2a: Mienshao|Mienshao, F|100\/100|[from]move: U-turn\n|move|p1a: DRAYMOND|Knock Off|p2a: Mienshao\n|-resisted|p2a: Mienshao\n|-damage|p2a: Mienshao|79\/100\n|-enditem|p2a: Mienshao|Choice Band|[from] move: Knock Off|[of] p1a: DRAYMOND\n|\n|upkeep\n|turn|10\n|\n|t:|1657173232\n|move|p2a: Mienshao|Close Combat|p1a: DRAYMOND\n|-supereffective|p1a: DRAYMOND\n|-damage|p1a: DRAYMOND|0 fnt\n|-unboost|p2a: Mienshao|def|1\n|-unboost|p2a: Mienshao|spd|1\n|-damage|p2a: Mienshao|67\/100|[from] ability: Iron Barbs|[of] p1a: DRAYMOND\n|-damage|p2a: Mienshao|50\/100|[from] item: Rocky Helmet|[of] p1a: DRAYMOND\n|faint|p1a: DRAYMOND\n|\n|upkeep\n|\n|t:|1657173242\n|switch|p1a: WIGGINS|Landorus-Therian, M|88\/100\n|-ability|p1a: WIGGINS|Intimidate|boost\n|-unboost|p2a: Mienshao|atk|1\n|turn|11\n|\n|t:|1657173244\n|move|p2a: Mienshao|U-turn|p1a: WIGGINS\n|-resisted|p1a: WIGGINS\n|-damage|p1a: WIGGINS|81\/100\n|\n|t:|1657173247\n|switch|p2a: Landorus|Landorus-Therian, M|71\/100|[from]move: U-turn\n|-ability|p2a: Landorus|Intimidate|boost\n|-unboost|p1a: WIGGINS|atk|1\n|move|p1a: WIGGINS|U-turn|p2a: Landorus\n|-resisted|p2a: Landorus\n|-damage|p2a: Landorus|65\/100\n|\n|t:|1657173249\n|switch|p1a: GAME 6 KLAY|Blaziken, F|100\/100|[from]move: U-turn\n|\n|-heal|p2a: Landorus|71\/100|[from] item: Leftovers\n|upkeep\n|turn|12\n|\n|t:|1657173252\n|move|p1a: GAME 6 KLAY|Flare Blitz|p2a: Landorus\n|-damage|p2a: Landorus|5\/100\n|-damage|p1a: GAME 6 KLAY|73\/100|[from] Recoil\n|-damage|p1a: GAME 6 KLAY|63\/100|[from] item: Life Orb\n|move|p2a: Landorus|Earthquake|p1a: GAME 6 KLAY\n|-supereffective|p1a: GAME 6 KLAY\n|-damage|p1a: GAME 6 KLAY|0 fnt\n|faint|p1a: GAME 6 KLAY\n|\n|-heal|p2a: Landorus|11\/100|[from] item: Leftovers\n|upkeep\n|\n|t:|1657173260\n|switch|p1a: POOLE PARTY|Tapu Fini, shiny|58\/100\n|-fieldstart|move: Misty Terrain|[from] ability: Misty Surge|[of] p1a: POOLE PARTY\n|turn|13\n|j| jsd48\n|j| Arceustwo\n|\n|t:|1657173274\n|move|p2a: Landorus|Earthquake|p1a: POOLE PARTY\n|-damage|p1a: POOLE PARTY|21\/100\n|move|p1a: POOLE PARTY|Whirlpool|p2a: Landorus\n|-supereffective|p2a: Landorus\n|-damage|p2a: Landorus|0 fnt\n|faint|p2a: Landorus\n|\n|-heal|p1a: POOLE PARTY|27\/100|[from] item: Leftovers\n|upkeep\n|\n|t:|1657173283\n|switch|p2a: Tapu Koko|Tapu Koko|100\/100\n|-fieldstart|move: Electric Terrain|[from] ability: Electric Surge|[of] p2a: Tapu Koko\n|turn|14\n|j| leldie135\n|\n|t:|1657173296\n|move|p2a: Tapu Koko|Dazzling Gleam|p1a: POOLE PARTY\n|-damage|p1a: POOLE PARTY|4\/100\n|move|p1a: POOLE PARTY|Nature's Madness|p2a: Tapu Koko\n|-damage|p2a: Tapu Koko|51\/100\n|\n|-heal|p1a: POOLE PARTY|10\/100|[from] item: Leftovers\n|upkeep\n|turn|15\n|\n|t:|1657173302\n|move|p2a: Tapu Koko|Dazzling Gleam|p1a: POOLE PARTY\n|-damage|p1a: POOLE PARTY|0 fnt\n|faint|p1a: POOLE PARTY\n|\n|upkeep\n|\n|t:|1657173304\n|switch|p1a: CHEF CURRY|Tapu Koko, shiny|100\/100\n|turn|16\n|l| leldie135\n|\n|t:|1657173323\n|move|p2a: Tapu Koko|Dazzling Gleam|p1a: CHEF CURRY\n|-damage|p1a: CHEF CURRY|44\/100\n|move|p1a: CHEF CURRY|Thunderbolt|p2a: Tapu Koko\n|-resisted|p2a: Tapu Koko\n|-damage|p2a: Tapu Koko|0 fnt\n|faint|p2a: Tapu Koko\n|\n|upkeep\n|\n|t:|1657173331\n|switch|p2a: Reuniclus|Reuniclus, M|36\/100\n|turn|17\n|\n|t:|1657173360\n|switch|p1a: WIGGINS|Landorus-Therian, M|81\/100\n|-ability|p1a: WIGGINS|Intimidate|boost\n|-unboost|p2a: Reuniclus|atk|1\n|switch|p2a: Corsola|Corsola, F|84\/100\n|\n|upkeep\n|turn|18\n|\n|t:|1657173366\n|move|p1a: WIGGINS|U-turn|p2a: Corsola\n|-damage|p2a: Corsola|60\/100\n|\n|t:|1657173369\n|switch|p1a: CHEF CURRY|Tapu Koko, shiny|44\/100|[from]move: U-turn\n|move|p2a: Corsola|Scald|p1a: CHEF CURRY\n|-damage|p1a: CHEF CURRY|15\/100\n|\n|-fieldend|move: Electric Terrain\n|upkeep\n|turn|19\n|\n|t:|1657173372\n|move|p1a: CHEF CURRY|Volt Switch|p2a: Corsola\n|-supereffective|p2a: Corsola\n|-damage|p2a: Corsola|0 fnt\n|faint|p2a: Corsola\n|\n|t:|1657173375\n|switch|p1a: WIGGINS|Landorus-Therian, M|81\/100|[from]move: Volt Switch\n|\n|upkeep\n|\n|t:|1657173382\n|switch|p2a: Mienshao|Mienshao, F|84\/100\n|turn|20\n|\n|t:|1657173388\n|move|p2a: Mienshao|Knock Off|p1a: WIGGINS\n|-damage|p1a: WIGGINS|46\/100\n|-enditem|p1a: WIGGINS|Normal Gem|[from] move: Knock Off|[of] p2a: Mienshao\n|move|p1a: WIGGINS|U-turn|p2a: Mienshao\n|-resisted|p2a: Mienshao\n|-damage|p2a: Mienshao|60\/100\n|\n|t:|1657173391\n|switch|p1a: CHEF CURRY|Tapu Koko, shiny|15\/100|[from]move: U-turn\n|-fieldstart|move: Electric Terrain|[from] ability: Electric Surge|[of] p1a: CHEF CURRY\n|\n|upkeep\n|turn|21\n|\n|t:|1657173397\n|move|p1a: CHEF CURRY|Volt Switch|p2a: Mienshao\n|-damage|p2a: Mienshao|0 fnt\n|faint|p2a: Mienshao\n|\n|t:|1657173403\n|switch|p1a: WIGGINS|Landorus-Therian, M|46\/100|[from]move: Volt Switch\n|\n|upkeep\n|\n|t:|1657173405\n|switch|p2a: Scizor|Scizor, F|100\/100\n|turn|22\n|\n|t:|1657173407\n|move|p1a: WIGGINS|Earthquake|p2a: Scizor\n|-damage|p2a: Scizor|63\/100\n|move|p2a: Scizor|Swords Dance|p2a: Scizor\n|-boost|p2a: Scizor|atk|2\n|\n|upkeep\n|turn|23\n|\n|t:|1657173413\n|move|p1a: WIGGINS|Earthquake|p2a: Scizor\n|-damage|p2a: Scizor|24\/100\n|move|p2a: Scizor|Roost|p2a: Scizor\n|-heal|p2a: Scizor|74\/100\n|-singleturn|p2a: Scizor|move: Roost\n|\n|upkeep\n|turn|24\n|\n|t:|1657173419\n|move|p1a: WIGGINS|Earthquake|p2a: Scizor\n|-damage|p2a: Scizor|36\/100\n|move|p2a: Scizor|Roost|p2a: Scizor\n|-heal|p2a: Scizor|87\/100\n|-singleturn|p2a: Scizor|move: Roost\n|\n|-fieldend|move: Electric Terrain\n|upkeep\n|turn|25\n|-message|SKIP THE DRIP forfeited.\n|\n|win|fagiolini\n|raw|SKIP THE DRIP's rating: 1737 &rarr; <strong>1724<\/strong><br \/>(-13 for losing)\n|raw|fagiolini's rating: 1865 &rarr; <strong>1878<\/strong><br \/>(+13 for winning)\n|l|\u2606SKIP THE DRIP\n","uploadtime":1657173444,"views":30,"p1id":"skipthedrip","p2id":"fagiolini","formatid":"gen8ou","rating":1724,"private":0,"password":null}