{"id":"gen8nationaldex-1659697903","p1":"THAT BITCH CAPRI","p2":"BiteSizeEgg","format":"gen8nationaldex","log":"|j|\u2606THAT BITCH CAPRI\n|j|\u2606BiteSizeEgg\n|t:|1662691809\n|gametype|singles\n|player|p1|THAT BITCH CAPRI|kris-masters|1600\n|player|p2|BiteSizeEgg|265|1680\n|teamsize|p1|6\n|teamsize|p2|6\n|gen|8\n|tier|[Gen 8] National Dex\n|rated|\n|rule|HP Percentage Mod: HP is shown in percentages\n|rule|Endless Battle Clause: Forcing endless battles is banned\n|rule|OHKO Clause: OHKO moves are banned\n|rule|Evasion Moves Clause: Evasion moves are banned\n|rule|Species Clause: Limit one of each Pok\u00e9mon\n|rule|Dynamax Clause: You cannot dynamax\n|rule|Sleep Clause Mod: Limit one foe put to sleep\n|clearpoke\n|poke|p1|Excadrill, M|\n|poke|p1|Ribombee, F|\n|poke|p1|Gyarados, M|\n|poke|p1|Blacephalon|\n|poke|p1|Serperior, F|\n|poke|p1|Kommo-o, M|\n|poke|p2|Diancie|\n|poke|p2|Magnezone|\n|poke|p2|Kartana|\n|poke|p2|Gliscor, M|\n|poke|p2|Serperior, M|\n|poke|p2|Weavile, M|\n|teampreview\n|inactive|Battle timer is ON: inactive players will automatically lose when time's up. (requested by BiteSizeEgg)\n|inactive|THAT BITCH CAPRI also wants the timer to be on.\n|\n|t:|1662691832\n|start\n|switch|p1a: FADED PICTURES|Excadrill, M|100\/100\n|switch|p2a: Diancie|Diancie|100\/100\n|-ability|p1a: FADED PICTURES|Mold Breaker\n|turn|1\n|\n|t:|1662691845\n|switch|p2a: Gliscor|Gliscor, M|100\/100\n|move|p1a: FADED PICTURES|Earthquake|p2a: Gliscor\n|-immune|p2a: Gliscor\n|\n|-status|p2a: Gliscor|tox|[from] item: Toxic Orb\n|upkeep\n|turn|2\n|\n|t:|1662691848\n|move|p1a: FADED PICTURES|Stealth Rock|p2a: Gliscor\n|-sidestart|p2: BiteSizeEgg|move: Stealth Rock\n|move|p2a: Gliscor|Earthquake|p1a: FADED PICTURES\n|-supereffective|p1a: FADED PICTURES\n|-damage|p1a: FADED PICTURES|14\/100\n|\n|upkeep\n|turn|3\n|\n|t:|1662691855\n|move|p1a: FADED PICTURES|Rock Tomb|p2a: Gliscor\n|-damage|p2a: Gliscor|84\/100 tox\n|-unboost|p2a: Gliscor|spe|1\n|move|p2a: Gliscor|Earthquake|p1a: FADED PICTURES\n|-supereffective|p1a: FADED PICTURES\n|-damage|p1a: FADED PICTURES|0 fnt\n|faint|p1a: FADED PICTURES\n|\n|-heal|p2a: Gliscor|97\/100 tox|[from] ability: Poison Heal\n|upkeep\n|\n|t:|1662691860\n|switch|p1a: BLACK MOON RISING|Gyarados, M, shiny|100\/100\n|-ability|p1a: BLACK MOON RISING|Intimidate|boost\n|-unboost|p2a: Gliscor|atk|1\n|turn|4\n|\n|t:|1662691868\n|switch|p2a: Serperior|Serperior, M|100\/100\n|-damage|p2a: Serperior|88\/100|[from] Stealth Rock\n|move|p1a: BLACK MOON RISING|Substitute|p1a: BLACK MOON RISING\n|-start|p1a: BLACK MOON RISING|Substitute\n|-damage|p1a: BLACK MOON RISING|76\/100\n|\n|upkeep\n|turn|5\n|\n|t:|1662691888\n|detailschange|p1a: BLACK MOON RISING|Gyarados-Mega, M, shiny\n|-mega|p1a: BLACK MOON RISING|Gyarados|Gyaradosite\n|-ability|p1a: BLACK MOON RISING|Mold Breaker\n|move|p2a: Serperior|Taunt|p1a: BLACK MOON RISING\n|-start|p1a: BLACK MOON RISING|move: Taunt\n|move|p1a: BLACK MOON RISING|Crunch|p2a: Serperior\n|-damage|p2a: Serperior|33\/100\n|-damage|p1a: BLACK MOON RISING|59\/100|[from] item: Rocky Helmet|[of] p2a: Serperior\n|\n|upkeep\n|turn|6\n|\n|t:|1662691898\n|move|p2a: Serperior|Leaf Storm|p1a: BLACK MOON RISING\n|-supereffective|p1a: BLACK MOON RISING\n|-crit|p1a: BLACK MOON RISING\n|-end|p1a: BLACK MOON RISING|Substitute\n|-boost|p2a: Serperior|spa|2\n|move|p1a: BLACK MOON RISING|Crunch|p2a: Serperior\n|-damage|p2a: Serperior|0 fnt\n|-damage|p1a: BLACK MOON RISING|42\/100|[from] item: Rocky Helmet|[of] p2a: Serperior\n|faint|p2a: Serperior\n|\n|upkeep\n|\n|t:|1662691912\n|switch|p2a: Diancie|Diancie|100\/100\n|-damage|p2a: Diancie|88\/100|[from] Stealth Rock\n|turn|7\n|\n|t:|1662691914\n|detailschange|p2a: Diancie|Diancie-Mega\n|-mega|p2a: Diancie|Diancie|Diancite\n|move|p2a: Diancie|Moonblast|p1a: BLACK MOON RISING\n|-supereffective|p1a: BLACK MOON RISING\n|-damage|p1a: BLACK MOON RISING|0 fnt\n|faint|p1a: BLACK MOON RISING\n|\n|upkeep\n|\n|t:|1662691920\n|switch|p1a: THE KILLING FIELD|Serperior, F|100\/100\n|turn|8\n|\n|t:|1662691930\n|switch|p2a: Magnezone|Magnezone|100\/100\n|-damage|p2a: Magnezone|94\/100|[from] Stealth Rock\n|move|p1a: THE KILLING FIELD|Leaf Storm|p2a: Magnezone\n|-resisted|p2a: Magnezone\n|-damage|p2a: Magnezone|67\/100\n|-boost|p1a: THE KILLING FIELD|spa|2\n|\n|upkeep\n|turn|9\n|\n|t:|1662691935\n|move|p1a: THE KILLING FIELD|Substitute|p1a: THE KILLING FIELD\n|-start|p1a: THE KILLING FIELD|Substitute\n|-damage|p1a: THE KILLING FIELD|76\/100\n|-zpower|p2a: Magnezone\n|move|p2a: Magnezone|Corkscrew Crash|p1a: THE KILLING FIELD|[zeffect]\n|-end|p1a: THE KILLING FIELD|Substitute\n|\n|-heal|p1a: THE KILLING FIELD|82\/100|[from] item: Leftovers\n|upkeep\n|turn|10\n|\n|t:|1662691939\n|move|p1a: THE KILLING FIELD|Leaf Storm|p2a: Magnezone\n|-resisted|p2a: Magnezone\n|-damage|p2a: Magnezone|16\/100\n|-boost|p1a: THE KILLING FIELD|spa|2\n|move|p2a: Magnezone|Flash Cannon|p1a: THE KILLING FIELD\n|-damage|p1a: THE KILLING FIELD|30\/100\n|\n|-heal|p1a: THE KILLING FIELD|36\/100|[from] item: Leftovers\n|upkeep\n|turn|11\n|\n|t:|1662691944\n|move|p1a: THE KILLING FIELD|Hidden Power|p2a: Magnezone\n|-supereffective|p2a: Magnezone\n|-damage|p2a: Magnezone|0 fnt\n|faint|p2a: Magnezone\n|\n|-heal|p1a: THE KILLING FIELD|42\/100|[from] item: Leftovers\n|upkeep\n|\n|t:|1662691946\n|switch|p2a: Weavile|Weavile, M|100\/100\n|-ability|p2a: Weavile|Pressure\n|turn|12\n|\n|t:|1662691950\n|move|p2a: Weavile|Icicle Crash|p1a: THE KILLING FIELD\n|-supereffective|p1a: THE KILLING FIELD\n|-damage|p1a: THE KILLING FIELD|0 fnt\n|faint|p1a: THE KILLING FIELD\n|\n|upkeep\n|\n|t:|1662691952\n|switch|p1a: FOREVER LOVE|Ribombee, F, shiny|100\/100\n|turn|13\n|\n|t:|1662691974\n|switch|p2a: Gliscor|Gliscor, M|97\/100 tox\n|-damage|p2a: Gliscor|84\/100 tox|[from] Stealth Rock\n|move|p1a: FOREVER LOVE|Moonblast|p2a: Gliscor\n|-damage|p2a: Gliscor|43\/100 tox\n|\n|-heal|p2a: Gliscor|56\/100 tox|[from] ability: Poison Heal\n|upkeep\n|turn|14\n|\n|t:|1662691980\n|move|p1a: FOREVER LOVE|Moonblast|p2a: Gliscor\n|-damage|p2a: Gliscor|19\/100 tox\n|move|p2a: Gliscor|Facade|p1a: FOREVER LOVE\n|-damage|p1a: FOREVER LOVE|44\/100\n|\n|-heal|p2a: Gliscor|31\/100 tox|[from] ability: Poison Heal\n|upkeep\n|turn|15\n|\n|t:|1662691984\n|switch|p2a: Diancie|Diancie-Mega|88\/100\n|-damage|p2a: Diancie|76\/100|[from] Stealth Rock\n|move|p1a: FOREVER LOVE|Moonblast|p2a: Diancie\n|-damage|p2a: Diancie|19\/100\n|\n|upkeep\n|turn|16\n|\n|t:|1662691986\n|move|p1a: FOREVER LOVE|Moonblast|p2a: Diancie\n|-damage|p2a: Diancie|0 fnt\n|faint|p2a: Diancie\n|\n|upkeep\n|\n|t:|1662691989\n|switch|p2a: Kartana|Kartana|100\/100\n|-damage|p2a: Kartana|94\/100|[from] Stealth Rock\n|turn|17\n|\n|t:|1662691993\n|move|p2a: Kartana|Smart Strike|p1a: FOREVER LOVE\n|-supereffective|p1a: FOREVER LOVE\n|-damage|p1a: FOREVER LOVE|0 fnt\n|faint|p1a: FOREVER LOVE\n|-ability|p2a: Kartana|Beast Boost|boost\n|-boost|p2a: Kartana|atk|1\n|\n|upkeep\n|\n|t:|1662691997\n|switch|p1a: WHITE OUT|Blacephalon|100\/100\n|turn|18\n|\n|t:|1662692001\n|move|p2a: Kartana|Smart Strike|p1a: WHITE OUT\n|-resisted|p1a: WHITE OUT\n|-damage|p1a: WHITE OUT|37\/100\n|move|p1a: WHITE OUT|Flamethrower|p2a: Kartana\n|-supereffective|p2a: Kartana\n|-damage|p2a: Kartana|0 fnt\n|faint|p2a: Kartana\n|-ability|p1a: WHITE OUT|Beast Boost|boost\n|-boost|p1a: WHITE OUT|spe|1\n|\n|upkeep\n|\n|t:|1662692011\n|switch|p2a: Weavile|Weavile, M|100\/100\n|-ability|p2a: Weavile|Pressure\n|turn|19\n|\n|t:|1662692013\n|move|p1a: WHITE OUT|Flamethrower|p2a: Weavile\n|-supereffective|p2a: Weavile\n|-damage|p2a: Weavile|0 fnt\n|faint|p2a: Weavile\n|-ability|p1a: WHITE OUT|Beast Boost|boost\n|-boost|p1a: WHITE OUT|spe|1\n|\n|upkeep\n|\n|t:|1662692015\n|switch|p2a: Gliscor|Gliscor, M|31\/100 tox\n|-damage|p2a: Gliscor|19\/100 tox|[from] Stealth Rock\n|turn|20\n|\n|t:|1662692017\n|-zpower|p1a: WHITE OUT\n|move|p1a: WHITE OUT|Never-Ending Nightmare|p2a: Gliscor|[zeffect]\n|-damage|p2a: Gliscor|0 fnt\n|faint|p2a: Gliscor\n|\n|win|THAT BITCH CAPRI\n|raw|THAT BITCH CAPRI's rating: 1600 &rarr; <strong>1625<\/strong><br \/>(+25 for winning)\n|raw|BiteSizeEgg's rating: 1680 &rarr; <strong>1655<\/strong><br \/>(-25 for losing)\n|c|\u2606THAT BITCH CAPRI|gg\n|l|\u2606BiteSizeEgg\n||Ladder isn't responding, score probably updated but might not have (Request timeout).\n","uploadtime":1662692027,"views":14,"p1id":"thatbitchcapri","p2id":"bitesizeegg","formatid":"gen8nationaldex","rating":1625,"private":0,"password":null}