{"id":"gen8stabmons-1691725725","p1":"MagikarpIsAG","p2":"Unviabriel","format":"gen8stabmons","log":"|j|\u2606MagikarpIsAG\n|j|\u2606Unviabriel\n|t:|1666400175\n|gametype|singles\n|player|p1|MagikarpIsAG|emma|\n|player|p2|Unviabriel|shauntal|\n|teamsize|p1|6\n|teamsize|p2|6\n|gen|8\n|tier|[Gen 8] STABmons\n|rule|Species Clause: Limit one of each Pok\u00e9mon\n|rule|OHKO Clause: OHKO moves are banned\n|rule|Evasion Moves Clause: Evasion moves are banned\n|rule|Endless Battle Clause: Forcing endless battles is banned\n|rule|Dynamax Clause: You cannot dynamax\n|rule|HP Percentage Mod: HP is shown in percentages\n|rule|Sleep Clause: Sleep-inducing moves are banned\n|clearpoke\n|poke|p1|Zeraora|\n|poke|p1|Cinderace, F|\n|poke|p1|Tornadus-Therian, M|\n|poke|p1|Mudsdale, F|\n|poke|p1|Slowking, M|\n|poke|p1|Sylveon, F|\n|poke|p2|Cinderace, F|\n|poke|p2|Seismitoad, F|\n|poke|p2|Thundurus-Therian, M|\n|poke|p2|Sylveon, M|\n|poke|p2|Slowking, F|\n|poke|p2|Hippowdon, M|\n|teampreview\n|inactive|Battle timer is ON: inactive players will automatically lose when time's up. (requested by MagikarpIsAG)\n|c|\u2606Unviabriel|glhf\n|c|\u2606MagikarpIsAG|u2\n|inactive|MagikarpIsAG has 270 seconds left.\n|inactive|Unviabriel has 270 seconds left.\n|inactive|MagikarpIsAG has 240 seconds left.\n|inactive|Unviabriel has 240 seconds left.\n|inactive|MagikarpIsAG has 210 seconds left.\n|\n|t:|1666400266\n|start\n|switch|p1a: Slowking|Slowking, M|100\/100\n|switch|p2a: Hippowdon|Hippowdon, M|100\/100\n|-weather|Sandstorm|[from] ability: Sand Stream|[of] p2a: Hippowdon\n|turn|1\n|inactive|Unviabriel has 270 seconds left.\n|\n|t:|1666400314\n|switch|p2a: Sylveon|Sylveon, M|100\/100\n|move|p1a: Slowking|Future Sight|p2a: Sylveon\n|-start|p1a: Slowking|move: Future Sight\n|\n|-weather|Sandstorm|[upkeep]\n|-damage|p2a: Sylveon|94\/100|[from] Sandstorm\n|-damage|p1a: Slowking|94\/100|[from] Sandstorm\n|-heal|p2a: Sylveon|100\/100|[from] item: Leftovers\n|upkeep\n|turn|2\n|j| mnm so duck\n|inactive|MagikarpIsAG has 270 seconds left.\n|inactive|Unviabriel has 240 seconds left.\n|\n|t:|1666400351\n|move|p2a: Sylveon|Boomburst|p1a: Slowking\n|-damage|p1a: Slowking|69\/100\n|move|p1a: Slowking|Flip Turn|p2a: Sylveon\n|-damage|p2a: Sylveon|88\/100\n|inactive|MagikarpIsAG has 240 seconds left.\n|\n|t:|1666400398\n|switch|p1a: Cinderace|Cinderace, F|100\/100|[from]move: Flip Turn\n|\n|-weather|Sandstorm|[upkeep]\n|-damage|p1a: Cinderace|95\/100|[from] Sandstorm\n|-damage|p2a: Sylveon|82\/100|[from] Sandstorm\n|-heal|p2a: Sylveon|88\/100|[from] item: Leftovers\n|upkeep\n|turn|3\n|j| zioziotrip\n|inactive|Unviabriel has 240 seconds left.\n|inactive|Unviabriel has 210 seconds left.\n|\n|t:|1666400433\n|move|p1a: Cinderace|U-turn|p2a: Sylveon\n|-start|p1a: Cinderace|typechange|Bug|[from] ability: Libero\n|-resisted|p2a: Sylveon\n|-damage|p2a: Sylveon|75\/100\n|\n|t:|1666400440\n|switch|p1a: Slowking|Slowking, M|100\/100|[from]move: U-turn\n|move|p2a: Sylveon|Recover|p2a: Sylveon\n|-heal|p2a: Sylveon|100\/100\n|\n|-weather|Sandstorm|[upkeep]\n|-damage|p2a: Sylveon|94\/100|[from] Sandstorm\n|-damage|p1a: Slowking|94\/100|[from] Sandstorm\n|-end|p2a: Sylveon|move: Future Sight\n|-crit|p2a: Sylveon\n|-damage|p2a: Sylveon|46\/100\n|-heal|p2a: Sylveon|52\/100|[from] item: Leftovers\n|upkeep\n|turn|4\n|inactive|Unviabriel has 210 seconds left.\n|c| zioziotrip|bro who uses recover\n|\n|t:|1666400457\n|move|p2a: Sylveon|Recover|p2a: Sylveon\n|-heal|p2a: Sylveon|100\/100\n|move|p1a: Slowking|Scald|p2a: Sylveon\n|-damage|p2a: Sylveon|81\/100\n|-status|p2a: Sylveon|brn\n|\n|-weather|Sandstorm|[upkeep]\n|-damage|p2a: Sylveon|75\/100 brn|[from] Sandstorm\n|-damage|p1a: Slowking|88\/100|[from] Sandstorm\n|-heal|p2a: Sylveon|81\/100 brn|[from] item: Leftovers\n|-damage|p2a: Sylveon|75\/100 brn|[from] brn\n|upkeep\n|turn|5\n|c| zioziotrip|when you get milk drink\n|inactive|Unviabriel has 210 seconds left.\n|\n|t:|1666400470\n|move|p2a: Sylveon|Boomburst|p1a: Slowking\n|-damage|p1a: Slowking|61\/100\n|move|p1a: Slowking|Future Sight|p2a: Sylveon\n|-start|p1a: Slowking|move: Future Sight\n|\n|-weather|none\n|-heal|p2a: Sylveon|81\/100 brn|[from] item: Leftovers\n|-damage|p2a: Sylveon|75\/100 brn|[from] brn\n|upkeep\n|turn|6\n|c|\u2606MagikarpIsAG|soft boiled > all\n|j| Ren\n|inactive|Unviabriel has 210 seconds left.\n|\n|t:|1666400484\n|move|p2a: Sylveon|Boomburst|p1a: Slowking\n|-damage|p1a: Slowking|34\/100\n|move|p1a: Slowking|Flip Turn|p2a: Sylveon\n|-damage|p2a: Sylveon|63\/100 brn\n|c| zioziotrip|that's a good one too\n|\n|t:|1666400492\n|switch|p1a: Cinderace|Cinderace, F|95\/100|[from]move: Flip Turn\n|\n|-heal|p2a: Sylveon|69\/100 brn|[from] item: Leftovers\n|-damage|p2a: Sylveon|63\/100 brn|[from] brn\n|upkeep\n|turn|7\n|inactive|Unviabriel has 210 seconds left.\n|\n|t:|1666400528\n|switch|p2a: Slowking|Slowking, F|100\/100\n|move|p1a: Cinderace|Fire Lash|p2a: Slowking\n|-resisted|p2a: Slowking\n|-damage|p2a: Slowking|79\/100\n|-unboost|p2a: Slowking|def|1\n|\n|-end|p2a: Slowking|move: Future Sight\n|-resisted|p2a: Slowking\n|-damage|p2a: Slowking|69\/100\n|upkeep\n|turn|8\n|\n|t:|1666400548\n|switch|p2a: Seismitoad|Seismitoad, F|100\/100\n|move|p1a: Cinderace|U-turn|p2a: Seismitoad\n|-start|p1a: Cinderace|typechange|Bug|[from] ability: Libero\n|-damage|p2a: Seismitoad|77\/100\n|-damage|p1a: Cinderace|78\/100|[from] item: Rocky Helmet|[of] p2a: Seismitoad\n|\n|t:|1666400556\n|switch|p1a: Slowking|Slowking, M|67\/100|[from]move: U-turn\n|\n|upkeep\n|turn|9\n|inactive|Unviabriel has 180 seconds left.\n|\n|t:|1666400591\n|switch|p2a: Thundurus|Thundurus-Therian, M|100\/100\n|move|p1a: Slowking|Future Sight|p2a: Thundurus\n|-start|p1a: Slowking|move: Future Sight\n|\n|upkeep\n|turn|10\n|inactive|Unviabriel has 150 seconds left.\n|inactive|MagikarpIsAG has 240 seconds left.\n|\n|t:|1666400633\n|switch|p1a: Zeraora|Zeraora|100\/100\n|move|p2a: Thundurus|Aeroblast|p1a: Zeraora\n|-resisted|p1a: Zeraora\n|-damage|p1a: Zeraora|65\/100\n|\n|upkeep\n|turn|11\n|inactive|Unviabriel has 150 seconds left.\n|inactive|MagikarpIsAG has 240 seconds left.\n|inactive|Unviabriel has 120 seconds left.\n|\n|t:|1666400669\n|move|p1a: Zeraora|Toxic|p2a: Thundurus\n|-status|p2a: Thundurus|tox\n|move|p2a: Thundurus|Roost||[still]\n|-fail|p2a: Thundurus|heal\n|\n|-end|p2a: Thundurus|move: Future Sight\n|-damage|p2a: Thundurus|36\/100 tox\n|-damage|p2a: Thundurus|30\/100 tox|[from] psn\n|upkeep\n|turn|12\n|inactive|MagikarpIsAG has 240 seconds left.\n|inactive|Unviabriel has 120 seconds left.\n|\n|t:|1666400683\n|switch|p2a: Hippowdon|Hippowdon, M|100\/100\n|-weather|Sandstorm|[from] ability: Sand Stream|[of] p2a: Hippowdon\n|move|p1a: Zeraora|Knock Off|p2a: Hippowdon\n|-damage|p2a: Hippowdon|85\/100\n|-enditem|p2a: Hippowdon|Leftovers|[from] move: Knock Off|[of] p1a: Zeraora\n|\n|-weather|Sandstorm|[upkeep]\n|-damage|p1a: Zeraora|59\/100|[from] Sandstorm\n|upkeep\n|turn|13\n|inactive|MagikarpIsAG has 240 seconds left.\n|inactive|Unviabriel has 120 seconds left.\n|\n|t:|1666400695\n|move|p1a: Zeraora|Toxic|p2a: Hippowdon\n|-status|p2a: Hippowdon|tox\n|move|p2a: Hippowdon|Toxic|p1a: Zeraora\n|-status|p1a: Zeraora|tox\n|\n|-weather|Sandstorm|[upkeep]\n|-damage|p1a: Zeraora|53\/100 tox|[from] Sandstorm\n|-damage|p1a: Zeraora|47\/100 tox|[from] psn\n|-damage|p2a: Hippowdon|78\/100 tox|[from] psn\n|upkeep\n|turn|14\n|inactive|MagikarpIsAG has 240 seconds left.\n|inactive|Unviabriel has 120 seconds left.\n|inactive|MagikarpIsAG has 210 seconds left.\n|\n|t:|1666400755\n|switch|p1a: Sylveon|Sylveon, F|100\/100\n|move|p2a: Hippowdon|Toxic|p1a: Sylveon\n|-status|p1a: Sylveon|tox\n|\n|-weather|Sandstorm|[upkeep]\n|-damage|p1a: Sylveon|94\/100 tox|[from] Sandstorm\n|-damage|p1a: Sylveon|88\/100 tox|[from] psn\n|-damage|p2a: Hippowdon|66\/100 tox|[from] psn\n|upkeep\n|turn|15\n|\n|t:|1666400768\n|switch|p2a: Slowking|Slowking, F|100\/100\n|move|p1a: Sylveon|Boomburst|p2a: Slowking\n|-damage|p2a: Slowking|69\/100\n|\n|-weather|Sandstorm|[upkeep]\n|-damage|p1a: Sylveon|82\/100 tox|[from] Sandstorm\n|-damage|p2a: Slowking|63\/100|[from] Sandstorm\n|-damage|p1a: Sylveon|70\/100 tox|[from] psn\n|upkeep\n|turn|16\n|\n|t:|1666400778\n|switch|p1a: Zeraora|Zeraora|47\/100 tox\n|move|p2a: Slowking|Flip Turn|p1a: Zeraora\n|-damage|p1a: Zeraora|26\/100 tox\n|inactive|Unviabriel has 90 seconds left.\n|\n|t:|1666400809\n|switch|p2a: Hippowdon|Hippowdon, M|66\/100 tox|[from]move: Flip Turn\n|\n|-weather|none\n|-damage|p1a: Zeraora|20\/100 tox|[from] psn\n|-damage|p2a: Hippowdon|60\/100 tox|[from] psn\n|upkeep\n|turn|17\n|inactive|MagikarpIsAG has 210 seconds left.\n|inactive|Unviabriel has 90 seconds left.\n|\n|t:|1666400828\n|move|p1a: Zeraora|Close Combat|p2a: Hippowdon\n|-damage|p2a: Hippowdon|39\/100 tox\n|-unboost|p1a: Zeraora|def|1\n|-unboost|p1a: Zeraora|spd|1\n|move|p2a: Hippowdon|Toxic|p1a: Zeraora\n|-fail|p1a: Zeraora|tox\n|\n|-damage|p1a: Zeraora|8\/100 tox|[from] psn\n|-damage|p2a: Hippowdon|26\/100 tox|[from] psn\n|upkeep\n|turn|18\n|inactive|Unviabriel has 90 seconds left.\n|\n|t:|1666400837\n|move|p1a: Zeraora|Toxic|p2a: Hippowdon\n|-fail|p2a: Hippowdon|tox\n|move|p2a: Hippowdon|Shore Up|p2a: Hippowdon\n|-heal|p2a: Hippowdon|76\/100 tox\n|\n|-damage|p1a: Zeraora|0 fnt|[from] psn\n|faint|p1a: Zeraora\n|-damage|p2a: Hippowdon|58\/100 tox|[from] psn\n|upkeep\n|\n|t:|1666400846\n|switch|p1a: Slowking|Slowking, M|100\/100\n|turn|19\n|inactive|Unviabriel has 90 seconds left.\n|\n|t:|1666400882\n|switch|p2a: Slowking|Slowking, F|96\/100\n|move|p1a: Slowking|Grass Knot|p2a: Slowking\n|-supereffective|p2a: Slowking\n|-damage|p2a: Slowking|81\/100\n|\n|upkeep\n|turn|20\n|\n|t:|1666400894\n|move|p2a: Slowking|Steam Eruption|p1a: Slowking\n|-resisted|p1a: Slowking\n|-damage|p1a: Slowking|92\/100\n|-status|p1a: Slowking|brn\n|move|p1a: Slowking|Future Sight|p2a: Slowking\n|-start|p1a: Slowking|move: Future Sight\n|\n|-damage|p1a: Slowking|86\/100 brn|[from] brn\n|upkeep\n|turn|21\n|inactive|Unviabriel has 60 seconds left.\n|\n|t:|1666400916\n|move|p2a: Slowking|Steam Eruption|p1a: Slowking\n|-resisted|p1a: Slowking\n|-damage|p1a: Slowking|78\/100 brn\n|move|p1a: Slowking|Flip Turn|p2a: Slowking\n|-resisted|p2a: Slowking\n|-damage|p2a: Slowking|77\/100\n|inactive|MagikarpIsAG has 240 seconds left.\n|j|@isaiaH@!\n|\n|t:|1666400932\n|switch|p1a: Tornadus|Tornadus-Therian, M|100\/100|[from]move: Flip Turn\n|\n|upkeep\n|turn|22\n|inactive|Unviabriel has 60 seconds left.\n|\n|t:|1666400947\n|move|p1a: Tornadus|Knock Off|p2a: Slowking\n|-supereffective|p2a: Slowking\n|-damage|p2a: Slowking|38\/100\n|-enditem|p2a: Slowking|Assault Vest|[from] move: Knock Off|[of] p1a: Tornadus\n|move|p2a: Slowking|Steam Eruption|p1a: Tornadus\n|-damage|p1a: Tornadus|60\/100\n|\n|-end|p2a: Slowking|move: Future Sight\n|-resisted|p2a: Slowking\n|-damage|p2a: Slowking|23\/100\n|upkeep\n|turn|23\n|inactive|Unviabriel has 60 seconds left.\n|inactive|MagikarpIsAG has 240 seconds left.\n|\n|t:|1666400981\n|switch|p2a: Hippowdon|Hippowdon, M|58\/100 tox\n|-weather|Sandstorm|[from] ability: Sand Stream|[of] p2a: Hippowdon\n|move|p1a: Tornadus|Hurricane|p2a: Hippowdon\n|-crit|p2a: Hippowdon\n|-damage|p2a: Hippowdon|0 fnt\n|faint|p2a: Hippowdon\n|\n|-weather|Sandstorm|[upkeep]\n|-damage|p1a: Tornadus|54\/100|[from] Sandstorm\n|upkeep\n|inactive|Unviabriel has 30 seconds left.\n|inactive|Unviabriel has 20 seconds left.\n|\n|t:|1666401010\n|switch|p2a: Cinderace|Cinderace, F|100\/100\n|turn|24\n|inactive|Unviabriel has 30 seconds left this turn.\n|\n|t:|1666401023\n|move|p1a: Tornadus|U-turn|p2a: Cinderace\n|-resisted|p2a: Cinderace\n|-crit|p2a: Cinderace\n|-damage|p2a: Cinderace|84\/100\n|\n|t:|1666401025\n|switch|p1a: Mudsdale|Mudsdale, F|100\/100|[from]move: U-turn\n|move|p2a: Cinderace|Sacred Fire|p1a: Mudsdale\n|-damage|p1a: Mudsdale|74\/100\n|-status|p1a: Mudsdale|brn\n|-ability|p1a: Mudsdale|Stamina|boost\n|-boost|p1a: Mudsdale|def|1\n|\n|-weather|Sandstorm|[upkeep]\n|-damage|p2a: Cinderace|78\/100|[from] Sandstorm\n|-damage|p1a: Mudsdale|67\/100 brn|[from] brn\n|upkeep\n|turn|25\n|inactive|MagikarpIsAG has 240 seconds left.\n|inactive|Unviabriel has 30 seconds left.\n|inactive|Unviabriel has 20 seconds left.\n|inactive|Unviabriel has 15 seconds left.\n|\n|t:|1666401057\n|switch|p2a: Slowking|Slowking, F|57\/100\n|move|p1a: Mudsdale|Shore Up|p1a: Mudsdale\n|-heal|p1a: Mudsdale|100\/100 brn\n|\n|-weather|Sandstorm|[upkeep]\n|-damage|p2a: Slowking|50\/100|[from] Sandstorm\n|-damage|p1a: Mudsdale|94\/100 brn|[from] brn\n|upkeep\n|turn|26\n|inactive|Unviabriel has 25 seconds left this turn.\n|inactive|Unviabriel has 20 seconds left.\n|inactive|Unviabriel has 15 seconds left.\n|\n|t:|1666401071\n|move|p1a: Mudsdale|Stealth Rock|p2a: Slowking\n|-sidestart|p2: Unviabriel|move: Stealth Rock\n|move|p2a: Slowking|Flip Turn|p1a: Mudsdale\n|-supereffective|p1a: Mudsdale\n|-damage|p1a: Mudsdale|82\/100 brn\n|-damage|p2a: Slowking|34\/100|[from] item: Rocky Helmet|[of] p1a: Mudsdale\n|-ability|p1a: Mudsdale|Stamina|boost\n|-boost|p1a: Mudsdale|def|1\n|inactive|Unviabriel has 20 seconds left this turn.\n|inactive|Unviabriel has 15 seconds left.\n|\n|t:|1666401078\n|switch|p2a: Sylveon|Sylveon, M|63\/100 brn|[from]move: Flip Turn\n|-damage|p2a: Sylveon|50\/100 brn|[from] Stealth Rock\n|\n|-weather|Sandstorm|[upkeep]\n|-damage|p2a: Sylveon|44\/100 brn|[from] Sandstorm\n|-heal|p2a: Sylveon|50\/100 brn|[from] item: Leftovers\n|-damage|p2a: Sylveon|44\/100 brn|[from] brn\n|-damage|p1a: Mudsdale|76\/100 brn|[from] brn\n|upkeep\n|turn|27\n|inactive|Unviabriel has 25 seconds left this turn.\n|inactive|MagikarpIsAG has 240 seconds left.\n|inactive|Unviabriel has 20 seconds left.\n|\n|t:|1666401088\n|switch|p1a: Slowking|Slowking, M|100\/100 brn\n|move|p2a: Sylveon|Rapid Spin|p1a: Slowking\n|-damage|p1a: Slowking|93\/100 brn\n|-boost|p2a: Sylveon|spe|1\n|-sideend|p2: Unviabriel|Stealth Rock|[from] move: Rapid Spin|[of] p2a: Sylveon\n|\n|-weather|none\n|-heal|p2a: Sylveon|50\/100 brn|[from] item: Leftovers\n|-damage|p2a: Sylveon|44\/100 brn|[from] brn\n|-damage|p1a: Slowking|87\/100 brn|[from] brn\n|upkeep\n|turn|28\n|inactive|Unviabriel has 30 seconds left this turn.\n|\n|t:|1666401097\n|move|p2a: Sylveon|Recover|p2a: Sylveon\n|-heal|p2a: Sylveon|94\/100 brn\n|move|p1a: Slowking|Future Sight|p2a: Sylveon\n|-start|p1a: Slowking|move: Future Sight\n|\n|-heal|p2a: Sylveon|100\/100 brn|[from] item: Leftovers\n|-damage|p2a: Sylveon|94\/100 brn|[from] brn\n|-damage|p1a: Slowking|81\/100 brn|[from] brn\n|upkeep\n|turn|29\n|inactive|Unviabriel has 30 seconds left.\n|\n|t:|1666401102\n|move|p2a: Sylveon|Boomburst|p1a: Slowking\n|-damage|p1a: Slowking|52\/100 brn\n|move|p1a: Slowking|Flip Turn|p2a: Sylveon\n|-damage|p2a: Sylveon|88\/100 brn\n|inactive|MagikarpIsAG has 240 seconds left.\n|\n|t:|1666401151\n|switch|p1a: Sylveon|Sylveon, F|70\/100 tox|[from]move: Flip Turn\n|\n|-heal|p2a: Sylveon|94\/100 brn|[from] item: Leftovers\n|-damage|p1a: Sylveon|64\/100 tox|[from] psn\n|-damage|p2a: Sylveon|88\/100 brn|[from] brn\n|upkeep\n|turn|30\n|\n|t:|1666401164\n|move|p2a: Sylveon|Boomburst|p1a: Sylveon\n|-damage|p1a: Sylveon|19\/100 tox\n|move|p1a: Sylveon|Calm Mind|p1a: Sylveon\n|-boost|p1a: Sylveon|spa|1\n|-boost|p1a: Sylveon|spd|1\n|\n|-end|p2a: Sylveon|move: Future Sight\n|-damage|p2a: Sylveon|55\/100 brn\n|-heal|p2a: Sylveon|61\/100 brn|[from] item: Leftovers\n|-damage|p1a: Sylveon|7\/100 tox|[from] psn\n|-damage|p2a: Sylveon|55\/100 brn|[from] brn\n|upkeep\n|turn|31\n|\n|t:|1666401175\n|move|p2a: Sylveon|Boomburst|p1a: Sylveon\n|-damage|p1a: Sylveon|0 fnt\n|faint|p1a: Sylveon\n|\n|-heal|p2a: Sylveon|61\/100 brn|[from] item: Leftovers\n|-damage|p2a: Sylveon|55\/100 brn|[from] brn\n|upkeep\n|\n|t:|1666401180\n|switch|p1a: Cinderace|Cinderace, F|78\/100\n|turn|32\n|inactive|MagikarpIsAG has 240 seconds left.\n|inactive|Unviabriel has 30 seconds left.\n|\n|t:|1666401208\n|move|p1a: Cinderace|Fire Lash|p2a: Sylveon\n|-damage|p2a: Sylveon|23\/100 brn\n|-unboost|p2a: Sylveon|def|1\n|move|p2a: Sylveon|Recover|p2a: Sylveon\n|-heal|p2a: Sylveon|73\/100 brn\n|\n|-heal|p2a: Sylveon|79\/100 brn|[from] item: Leftovers\n|-damage|p2a: Sylveon|73\/100 brn|[from] brn\n|upkeep\n|turn|33\n|inactive|Unviabriel has 30 seconds left.\n|\n|t:|1666401218\n|switch|p2a: Seismitoad|Seismitoad, F|77\/100\n|move|p1a: Cinderace|Fire Lash|p2a: Seismitoad\n|-resisted|p2a: Seismitoad\n|-damage|p2a: Seismitoad|63\/100\n|-unboost|p2a: Seismitoad|def|1\n|-damage|p1a: Cinderace|61\/100|[from] item: Rocky Helmet|[of] p2a: Seismitoad\n|\n|upkeep\n|turn|34\n|inactive|Unviabriel has 30 seconds left.\n|inactive|MagikarpIsAG has 240 seconds left.\n|\n|t:|1666401229\n|move|p1a: Cinderace|Fire Lash|p2a: Seismitoad\n|-resisted|p2a: Seismitoad\n|-crit|p2a: Seismitoad\n|-damage|p2a: Seismitoad|33\/100\n|-unboost|p2a: Seismitoad|def|1\n|-damage|p1a: Cinderace|45\/100|[from] item: Rocky Helmet|[of] p2a: Seismitoad\n|move|p2a: Seismitoad|Shore Up|p2a: Seismitoad\n|-heal|p2a: Seismitoad|83\/100\n|\n|upkeep\n|turn|35\n|inactive|MagikarpIsAG has 240 seconds left.\n|inactive|Unviabriel has 30 seconds left.\n|inactive|Unviabriel has 20 seconds left.\n|inactive|Unviabriel has 15 seconds left.\n|inactive|Unviabriel has 10 seconds left.\n|inactive|MagikarpIsAG has 210 seconds left.\n|\n|t:|1666401276\n|switch|p2a: Slowking|Slowking, F|67\/100\n|move|p1a: Cinderace|Fire Lash|p2a: Slowking\n|-resisted|p2a: Slowking\n|-damage|p2a: Slowking|47\/100\n|-unboost|p2a: Slowking|def|1\n|\n|upkeep\n|turn|36\n|inactive|Unviabriel has 20 seconds left this turn.\n|inactive|MagikarpIsAG has 210 seconds left.\n|inactive|Unviabriel has 15 seconds left.\n|\n|t:|1666401286\n|switch|p2a: Seismitoad|Seismitoad, F|83\/100\n|move|p1a: Cinderace|U-turn|p2a: Seismitoad\n|-start|p1a: Cinderace|typechange|Bug|[from] ability: Libero\n|-damage|p2a: Seismitoad|60\/100\n|-damage|p1a: Cinderace|28\/100|[from] item: Rocky Helmet|[of] p2a: Seismitoad\n|inactive|Unviabriel has 20 seconds left this turn.\n|inactive|MagikarpIsAG has 210 seconds left.\n|\n|t:|1666401291\n|switch|p1a: Tornadus|Tornadus-Therian, M|88\/100|[from]move: U-turn\n|\n|upkeep\n|turn|37\n|inactive|Unviabriel has 30 seconds left this turn.\n|inactive|Unviabriel has 20 seconds left.\n|\n|t:|1666401303\n|switch|p2a: Sylveon|Sylveon, M|73\/100 brn\n|move|p1a: Tornadus|Knock Off|p2a: Sylveon\n|-resisted|p2a: Sylveon\n|-damage|p2a: Sylveon|65\/100 brn\n|-enditem|p2a: Sylveon|Leftovers|[from] move: Knock Off|[of] p1a: Tornadus\n|\n|-damage|p2a: Sylveon|59\/100 brn|[from] brn\n|upkeep\n|turn|38\n|inactive|Unviabriel has 30 seconds left this turn.\n|\n|t:|1666401316\n|move|p1a: Tornadus|U-turn|p2a: Sylveon\n|-resisted|p2a: Sylveon\n|-damage|p2a: Sylveon|53\/100 brn\n|\n|t:|1666401319\n|switch|p1a: Slowking|Slowking, M|86\/100 brn|[from]move: U-turn\n|move|p2a: Sylveon|Recover|p2a: Sylveon\n|-heal|p2a: Sylveon|100\/100 brn\n|\n|-damage|p2a: Sylveon|94\/100 brn|[from] brn\n|-damage|p1a: Slowking|79\/100 brn|[from] brn\n|upkeep\n|turn|39\n|\n|t:|1666401324\n|move|p2a: Sylveon|Boomburst|p1a: Slowking\n|-damage|p1a: Slowking|53\/100 brn\n|move|p1a: Slowking|Future Sight|p2a: Sylveon\n|-start|p1a: Slowking|move: Future Sight\n|\n|-damage|p2a: Sylveon|88\/100 brn|[from] brn\n|-damage|p1a: Slowking|47\/100 brn|[from] brn\n|upkeep\n|turn|40\n|inactive|MagikarpIsAG has 240 seconds left.\n|\n|t:|1666401340\n|move|p2a: Sylveon|Boomburst|p1a: Slowking\n|-damage|p1a: Slowking|20\/100 brn\n|move|p1a: Slowking|Flip Turn|p2a: Sylveon\n|-damage|p2a: Sylveon|82\/100 brn\n|\n|t:|1666401342\n|switch|p1a: Tornadus|Tornadus-Therian, M|100\/100|[from]move: Flip Turn\n|\n|-damage|p2a: Sylveon|76\/100 brn|[from] brn\n|upkeep\n|turn|41\n|inactive|Unviabriel has 30 seconds left.\n|\n|t:|1666401376\n|switch|p2a: Slowking|Slowking, F|80\/100\n|move|p1a: Tornadus|Hurricane|p2a: Slowking\n|-damage|p2a: Slowking|57\/100\n|-start|p2a: Slowking|confusion\n|\n|-end|p2a: Slowking|move: Future Sight\n|-resisted|p2a: Slowking\n|-damage|p2a: Slowking|42\/100\n|upkeep\n|turn|42\n|\n|t:|1666401385\n|move|p1a: Tornadus|U-turn|p2a: Slowking\n|-supereffective|p2a: Slowking\n|-damage|p2a: Slowking|9\/100\n|\n|t:|1666401392\n|switch|p1a: Mudsdale|Mudsdale, F|76\/100 brn|[from]move: U-turn\n|-activate|p2a: Slowking|confusion\n|-damage|p2a: Slowking|2\/100|[from] confusion\n|\n|-damage|p1a: Mudsdale|70\/100 brn|[from] brn\n|upkeep\n|turn|43\n|inactive|MagikarpIsAG has 240 seconds left.\n|\n|t:|1666401419\n|switch|p1a: Slowking|Slowking, M|53\/100 brn\n|switch|p2a: Sylveon|Sylveon, M|76\/100 brn\n|\n|-damage|p2a: Sylveon|70\/100 brn|[from] brn\n|-damage|p1a: Slowking|47\/100 brn|[from] brn\n|upkeep\n|turn|44\n|\n|t:|1666401431\n|switch|p1a: Tornadus|Tornadus-Therian, M|100\/100\n|move|p2a: Sylveon|Boomburst|p1a: Tornadus\n|-damage|p1a: Tornadus|35\/100\n|\n|-damage|p2a: Sylveon|63\/100 brn|[from] brn\n|upkeep\n|turn|45\n|\n|t:|1666401442\n|move|p1a: Tornadus|U-turn|p2a: Sylveon\n|-resisted|p2a: Sylveon\n|-damage|p2a: Sylveon|57\/100 brn\n|\n|t:|1666401444\n|switch|p1a: Slowking|Slowking, M|80\/100 brn|[from]move: U-turn\n|move|p2a: Sylveon|Boomburst|p1a: Slowking\n|-damage|p1a: Slowking|55\/100 brn\n|\n|-damage|p2a: Sylveon|51\/100 brn|[from] brn\n|-damage|p1a: Slowking|49\/100 brn|[from] brn\n|upkeep\n|turn|46\n|\n|t:|1666401454\n|move|p2a: Sylveon|Recover|p2a: Sylveon\n|-heal|p2a: Sylveon|100\/100 brn\n|move|p1a: Slowking|Flip Turn|p2a: Sylveon\n|-damage|p2a: Sylveon|94\/100 brn\n|\n|t:|1666401457\n|switch|p1a: Tornadus|Tornadus-Therian, M|68\/100|[from]move: Flip Turn\n|\n|-damage|p2a: Sylveon|88\/100 brn|[from] brn\n|upkeep\n|turn|47\n|\n|t:|1666401468\n|move|p1a: Tornadus|U-turn|p2a: Sylveon\n|-resisted|p2a: Sylveon\n|-damage|p2a: Sylveon|82\/100 brn\n|\n|t:|1666401470\n|switch|p1a: Slowking|Slowking, M|82\/100 brn|[from]move: U-turn\n|move|p2a: Sylveon|Boomburst|p1a: Slowking\n|-damage|p1a: Slowking|55\/100 brn\n|\n|-damage|p2a: Sylveon|76\/100 brn|[from] brn\n|-damage|p1a: Slowking|48\/100 brn|[from] brn\n|upkeep\n|turn|48\n|\n|t:|1666401478\n|move|p2a: Sylveon|Boomburst|p1a: Slowking\n|-damage|p1a: Slowking|20\/100 brn\n|move|p1a: Slowking|Flip Turn|p2a: Sylveon\n|-damage|p2a: Sylveon|69\/100 brn\n|\n|t:|1666401480\n|switch|p1a: Tornadus|Tornadus-Therian, M|100\/100|[from]move: Flip Turn\n|\n|-damage|p2a: Sylveon|63\/100 brn|[from] brn\n|upkeep\n|turn|49\n|inactive|Unviabriel has 60 seconds left.\n|\n|t:|1666401512\n|move|p1a: Tornadus|U-turn|p2a: Sylveon\n|-resisted|p2a: Sylveon\n|-damage|p2a: Sylveon|56\/100 brn\n|\n|t:|1666401515\n|switch|p1a: Slowking|Slowking, M|53\/100 brn|[from]move: U-turn\n|move|p2a: Sylveon|Boomburst|p1a: Slowking\n|-damage|p1a: Slowking|25\/100 brn\n|\n|-damage|p2a: Sylveon|50\/100 brn|[from] brn\n|-damage|p1a: Slowking|19\/100 brn|[from] brn\n|upkeep\n|turn|50\n|inactive|Unviabriel has 60 seconds left.\n|\n|t:|1666401531\n|switch|p1a: Tornadus|Tornadus-Therian, M|100\/100\n|move|p2a: Sylveon|Glare|p1a: Tornadus\n|-status|p1a: Tornadus|par\n|\n|-damage|p2a: Sylveon|44\/100 brn|[from] brn\n|upkeep\n|turn|51\n|\n|t:|1666401540\n|move|p1a: Tornadus|U-turn|p2a: Sylveon\n|-resisted|p2a: Sylveon\n|-damage|p2a: Sylveon|39\/100 brn\n|\n|t:|1666401543\n|switch|p1a: Slowking|Slowking, M|52\/100 brn|[from]move: U-turn\n|move|p2a: Sylveon|Recover|p2a: Sylveon\n|-heal|p2a: Sylveon|89\/100 brn\n|\n|-damage|p2a: Sylveon|82\/100 brn|[from] brn\n|-damage|p1a: Slowking|46\/100 brn|[from] brn\n|upkeep\n|turn|52\n|j| cityscapes\n|inactive|Unviabriel has 60 seconds left.\n|\n|t:|1666401561\n|switch|p1a: Tornadus|Tornadus-Therian, M|100\/100 par\n|move|p2a: Sylveon|Boomburst|p1a: Tornadus\n|-damage|p1a: Tornadus|33\/100 par\n|\n|-damage|p2a: Sylveon|76\/100 brn|[from] brn\n|upkeep\n|turn|53\n|inactive|Unviabriel has 60 seconds left.\n|\n|t:|1666401587\n|switch|p1a: Slowking|Slowking, M|79\/100 brn\n|switch|p2a: Slowking|Slowking, F|35\/100\n|\n|-damage|p1a: Slowking|73\/100 brn|[from] brn\n|upkeep\n|turn|54\n|\n|t:|1666401596\n|move|p2a: Slowking|Grass Knot|p1a: Slowking\n|-supereffective|p1a: Slowking\n|-damage|p1a: Slowking|56\/100 brn\n|move|p1a: Slowking|Future Sight|p2a: Slowking\n|-start|p1a: Slowking|move: Future Sight\n|\n|-damage|p1a: Slowking|50\/100 brn|[from] brn\n|upkeep\n|turn|55\n|\n|t:|1666401613\n|switch|p2a: Sylveon|Sylveon, M|76\/100 brn\n|move|p1a: Slowking|Flip Turn|p2a: Sylveon\n|-damage|p2a: Sylveon|70\/100 brn\n|\n|t:|1666401620\n|switch|p1a: Cinderace|Cinderace, F|28\/100|[from]move: Flip Turn\n|\n|-damage|p2a: Sylveon|64\/100 brn|[from] brn\n|upkeep\n|turn|56\n|\n|t:|1666401628\n|move|p1a: Cinderace|U-turn|p2a: Sylveon\n|-start|p1a: Cinderace|typechange|Bug|[from] ability: Libero\n|-resisted|p2a: Sylveon\n|-damage|p2a: Sylveon|50\/100 brn\n|\n|t:|1666401637\n|switch|p1a: Slowking|Slowking, M|83\/100 brn|[from]move: U-turn\n|move|p2a: Sylveon|Recover|p2a: Sylveon\n|-heal|p2a: Sylveon|99\/100 brn\n|\n|-end|p2a: Sylveon|move: Future Sight\n|-damage|p2a: Sylveon|70\/100 brn\n|-damage|p2a: Sylveon|63\/100 brn|[from] brn\n|-damage|p1a: Slowking|77\/100 brn|[from] brn\n|upkeep\n|turn|57\n|inactive|Unviabriel has 60 seconds left.\n|\n|t:|1666401650\n|switch|p2a: Seismitoad|Seismitoad, F|60\/100\n|move|p1a: Slowking|Flip Turn|p2a: Seismitoad\n|-heal|p2a: Seismitoad|85\/100|[from] ability: Water Absorb|[of] p1a: Slowking\n|\n|-damage|p1a: Slowking|71\/100 brn|[from] brn\n|upkeep\n|turn|58\n|inactive|Unviabriel has 60 seconds left.\n|inactive|Unviabriel has 30 seconds left.\n|inactive|Unviabriel has 20 seconds left.\n|\n|t:|1666401696\n|move|p2a: Seismitoad|Spikes|p1a: Slowking\n|-sidestart|p1: MagikarpIsAG|Spikes\n|move|p1a: Slowking|Future Sight|p2a: Seismitoad\n|-start|p1a: Slowking|move: Future Sight\n|\n|-damage|p1a: Slowking|65\/100 brn|[from] brn\n|upkeep\n|turn|59\n|inactive|Unviabriel has 30 seconds left this turn.\n|inactive|Unviabriel has 20 seconds left.\n|\n|t:|1666401711\n|switch|p2a: Slowking|Slowking, F|69\/100\n|move|p1a: Slowking|Flip Turn|p2a: Slowking\n|-resisted|p2a: Slowking\n|-damage|p2a: Slowking|64\/100\n|inactive|Unviabriel has 25 seconds left this turn.\n|\n|t:|1666401718\n|switch|p1a: Cinderace|Cinderace, F|28\/100|[from]move: Flip Turn\n|\n|upkeep\n|turn|60\n|inactive|Unviabriel has 30 seconds left.\n|inactive|Unviabriel has 20 seconds left.\n|inactive|Unviabriel has 15 seconds left.\n|inactive|Unviabriel has 10 seconds left.\n|inactive|Unviabriel has 5 seconds left.\n|\n|t:|1666401750\n|switch|p1a: Tornadus|Tornadus-Therian, M|67\/100 par\n|switch|p2a: Seismitoad|Seismitoad, F|85\/100\n|\n|-end|p2a: Seismitoad|move: Future Sight\n|-damage|p2a: Seismitoad|40\/100\n|upkeep\n|turn|61\n|inactive|Unviabriel has 15 seconds left this turn.\n|inactive|Unviabriel has 10 seconds left.\n|\n|t:|1666401758\n|switch|p2a: Slowking|Slowking, F|97\/100\n|move|p1a: Tornadus|Hurricane|p2a: Slowking\n|-damage|p2a: Slowking|72\/100\n|-start|p2a: Slowking|confusion\n|\n|upkeep\n|turn|62\n|inactive|Unviabriel has 20 seconds left this turn.\n|\n|t:|1666401762\n|move|p1a: Tornadus|U-turn|p2a: Slowking\n|-supereffective|p2a: Slowking\n|-damage|p2a: Slowking|40\/100\n|inactive|Unviabriel has 25 seconds left this turn.\n|\n|t:|1666401766\n|switch|p1a: Slowking|Slowking, M|98\/100 brn|[from]move: U-turn\n|-damage|p1a: Slowking|86\/100 brn|[from] Spikes\n|-activate|p2a: Slowking|confusion\n|move|p2a: Slowking|Flip Turn|p1a: Slowking\n|-resisted|p1a: Slowking\n|-damage|p1a: Slowking|78\/100 brn\n|inactive|Unviabriel has 30 seconds left this turn.\n|l| zioziotrip\n|inactive|Unviabriel has 20 seconds left.\n|\n|t:|1666401777\n|switch|p2a: Cinderace|Cinderace, F|78\/100|[from]move: Flip Turn\n|\n|-damage|p1a: Slowking|72\/100 brn|[from] brn\n|upkeep\n|turn|63\n|inactive|Unviabriel has 30 seconds left this turn.\n|\n|t:|1666401787\n|move|p2a: Cinderace|U-turn|p1a: Slowking\n|-start|p2a: Cinderace|typechange|Bug|[from] ability: Libero\n|-supereffective|p1a: Slowking\n|-damage|p1a: Slowking|10\/100 brn\n|inactive|Unviabriel has 30 seconds left this turn.\n|inactive|Unviabriel has 20 seconds left.\n|\n|t:|1666401799\n|switch|p2a: Seismitoad|Seismitoad, F|40\/100|[from]move: U-turn\n|move|p1a: Slowking|Grass Knot|p2a: Seismitoad\n|-supereffective|p2a: Seismitoad\n|-damage|p2a: Seismitoad|0 fnt\n|-damage|p1a: Slowking|0 fnt|[from] item: Rocky Helmet|[of] p2a: Seismitoad\n|faint|p2a: Seismitoad\n|faint|p1a: Slowking\n|\n|upkeep\n|inactive|Unviabriel has 30 seconds left this turn.\n|inactive|Unviabriel has 20 seconds left.\n|\n|t:|1666401823\n|switch|p2a: Sylveon|Sylveon, M|63\/100 brn\n|switch|p1a: Cinderace|Cinderace, F|28\/100\n|turn|64\n|inactive|Unviabriel has 30 seconds left this turn.\n|inactive|Unviabriel has 20 seconds left.\n|inactive|Unviabriel has 15 seconds left.\n|inactive|MagikarpIsAG has 270 seconds left.\n|inactive|Unviabriel has 10 seconds left.\n|\n|t:|1666401845\n|move|p1a: Cinderace|Fire Lash|p2a: Sylveon\n|-damage|p2a: Sylveon|30\/100 brn\n|-unboost|p2a: Sylveon|def|1\n|move|p2a: Sylveon|Boomburst|p1a: Cinderace\n|-resisted|p1a: Cinderace\n|-damage|p1a: Cinderace|0 fnt\n|faint|p1a: Cinderace\n|\n|-damage|p2a: Sylveon|24\/100 brn|[from] brn\n|upkeep\n|inactive|Unviabriel has 15 seconds left this turn.\n|inactive|MagikarpIsAG has 270 seconds left.\n|\n|t:|1666401850\n|switch|p1a: Tornadus|Tornadus-Therian, M|99\/100 par\n|turn|65\n|inactive|Unviabriel has 25 seconds left this turn.\n|inactive|Unviabriel has 20 seconds left.\n|inactive|Unviabriel has 15 seconds left.\n|\n|t:|1666401860\n|move|p1a: Tornadus|Hurricane|p2a: Sylveon\n|-damage|p2a: Sylveon|0 fnt\n|faint|p2a: Sylveon\n|\n|upkeep\n|inactive|Unviabriel has 20 seconds left this turn.\n|inactive|Unviabriel has 15 seconds left.\n|inactive|Unviabriel has 10 seconds left.\n|c|\u2606MagikarpIsAG|gg\n|l|@isaiaH\n|\n|t:|1666401873\n|switch|p2a: Thundurus|Thundurus-Therian, M|30\/100 tox\n|turn|66\n|inactive|Unviabriel has 20 seconds left this turn.\n|inactive|Unviabriel has 15 seconds left.\n|inactive|Unviabriel has 10 seconds left.\n|\n|t:|1666401886\n|move|p2a: Thundurus|Thunder Cage|p1a: Tornadus\n|-supereffective|p1a: Tornadus\n|-damage|p1a: Tornadus|8\/100 par\n|-activate|p1a: Tornadus|move: Thunder Cage|[of] p2a: Thundurus\n|move|p1a: Tornadus|Knock Off|p2a: Thundurus\n|-damage|p2a: Thundurus|0 fnt\n|-enditem|p2a: Thundurus|Heavy-Duty Boots|[from] move: Knock Off|[of] p1a: Tornadus\n|faint|p2a: Thundurus\n|\n|-end|p1a: Tornadus|Thunder Cage|[partiallytrapped]|[silent]\n|upkeep\n|inactive|Unviabriel has 15 seconds left this turn.\n|inactive|Unviabriel has 10 seconds left.\n|c|\u2606MagikarpIsAG|i really should've calced\n|\n|t:|1666401894\n|switch|p2a: Cinderace|Cinderace, F|78\/100\n|turn|67\n|inactive|Unviabriel has 20 seconds left this turn.\n|inactive|Unviabriel has 15 seconds left.\n|\n|t:|1666401902\n|switch|p1a: Mudsdale|Mudsdale, F|70\/100 brn\n|-damage|p1a: Mudsdale|58\/100 brn|[from] Spikes\n|move|p2a: Cinderace|Fire Lash|p1a: Mudsdale\n|-damage|p1a: Mudsdale|34\/100 brn\n|-unboost|p1a: Mudsdale|def|1\n|-damage|p2a: Cinderace|62\/100|[from] item: Rocky Helmet|[of] p1a: Mudsdale\n|-ability|p1a: Mudsdale|Stamina|boost\n|-boost|p1a: Mudsdale|def|1\n|\n|-damage|p1a: Mudsdale|27\/100 brn|[from] brn\n|upkeep\n|turn|68\n|inactive|Unviabriel has 25 seconds left this turn.\n|inactive|Unviabriel has 20 seconds left.\n|l| Ren\n|\n|t:|1666401908\n|move|p2a: Cinderace|Fire Lash|p1a: Mudsdale\n|-damage|p1a: Mudsdale|2\/100 brn\n|-unboost|p1a: Mudsdale|def|1\n|-damage|p2a: Cinderace|45\/100|[from] item: Rocky Helmet|[of] p1a: Mudsdale\n|-ability|p1a: Mudsdale|Stamina|boost\n|-boost|p1a: Mudsdale|def|1\n|move|p1a: Mudsdale|Shore Up|p1a: Mudsdale\n|-heal|p1a: Mudsdale|52\/100 brn\n|\n|-damage|p1a: Mudsdale|46\/100 brn|[from] brn\n|upkeep\n|turn|69\n|inactive|Unviabriel has 30 seconds left this turn.\n|\n|t:|1666401917\n|switch|p2a: Slowking|Slowking, F|73\/100\n|move|p1a: Mudsdale|Shore Up|p1a: Mudsdale\n|-heal|p1a: Mudsdale|96\/100 brn\n|\n|-damage|p1a: Mudsdale|90\/100 brn|[from] brn\n|upkeep\n|turn|70\n|\n|t:|1666401927\n|move|p1a: Mudsdale|Thousand Waves|p2a: Slowking\n|-damage|p2a: Slowking|53\/100\n|-activate|p2a: Slowking|trapped\n|move|p2a: Slowking|Steam Eruption|p1a: Mudsdale\n|-supereffective|p1a: Mudsdale\n|-damage|p1a: Mudsdale|14\/100 brn\n|-ability|p1a: Mudsdale|Stamina|boost\n|-boost|p1a: Mudsdale|def|1\n|\n|-damage|p1a: Mudsdale|8\/100 brn|[from] brn\n|upkeep\n|turn|71\n|\n|t:|1666401938\n|move|p1a: Mudsdale|Thousand Waves|p2a: Slowking\n|-damage|p2a: Slowking|35\/100\n|move|p2a: Slowking|Steam Eruption|p1a: Mudsdale\n|-supereffective|p1a: Mudsdale\n|-damage|p1a: Mudsdale|0 fnt\n|faint|p1a: Mudsdale\n|\n|upkeep\n|\n|t:|1666401941\n|switch|p1a: Tornadus|Tornadus-Therian, M|41\/100 par\n|turn|72\n|\n|t:|1666401945\n|move|p1a: Tornadus|U-turn|p2a: Slowking\n|-supereffective|p2a: Slowking\n|-damage|p2a: Slowking|5\/100\n|move|p2a: Slowking|Steam Eruption|p1a: Tornadus\n|-damage|p1a: Tornadus|0 fnt\n|faint|p1a: Tornadus\n|\n|win|Unviabriel\n|c|\u2606MagikarpIsAG|gg\n|c|\u2606Unviabriel|ggs\n|l|\u2606MagikarpIsAG\n|j|\u2606MagikarpIsAG\n|player|p1|MagikarpIsAG|emma\n|l| cityscapes\n","uploadtime":1666401950,"views":16,"p1id":"magikarpisag","p2id":"unviabriel","formatid":"gen8stabmons","rating":0,"private":0,"password":null}