{"id":"gen8anythinggoes-1677449911","p1":"yokobaby","p2":"AGLT5TX AQUA","format":"gen8anythinggoes","log":"|raw|<div class=\"broadcast-blue\"><strong>This battle is required to be public due to a player having a name starting with 'aglt5tx'.<\/div>\n|j|\u2606yokobaby\n|j|\u2606AGLT5TX AQUA\n|t:|1664898559\n|gametype|singles\n|player|p1|yokobaby|cynthia-masters|1753\n|player|p2|AGLT5TX AQUA|brycen|1820\n|teamsize|p1|6\n|teamsize|p2|6\n|gen|8\n|tier|[Gen 8] Anything Goes\n|rated|\n|rule|HP Percentage Mod: HP is shown in percentages\n|rule|Endless Battle Clause: Forcing endless battles is banned\n|clearpoke\n|poke|p1|Kyogre|\n|poke|p1|Ditto|\n|poke|p1|Eternatus|\n|poke|p1|Zacian-*|\n|poke|p1|Yveltal|\n|poke|p1|Necrozma-Dusk-Mane|\n|poke|p2|Calyrex-Shadow|\n|poke|p2|Eternatus|\n|poke|p2|Kyogre|\n|poke|p2|Necrozma-Dusk-Mane|\n|poke|p2|Yveltal|\n|poke|p2|Groudon|\n|teampreview\n|\n|t:|1664898571\n|start\n|switch|p1a: Kyogre|Kyogre|100\/100\n|switch|p2a: Eternatus|Eternatus|100\/100\n|-ability|p2a: Eternatus|Pressure\n|-weather|RainDance|[from] ability: Drizzle|[of] p1a: Kyogre\n|turn|1\n|\n|t:|1664898575\n|switch|p1a: Zacian|Zacian-Crowned|100\/100\n|-ability|p1a: Zacian|Intrepid Sword|boost\n|-boost|p1a: Zacian|atk|1\n|move|p2a: Eternatus|Cosmic Power|p2a: Eternatus\n|-boost|p2a: Eternatus|def|1\n|-boost|p2a: Eternatus|spd|1\n|\n|-weather|RainDance|[upkeep]\n|upkeep\n|turn|2\n|\n|t:|1664898580\n|move|p1a: Zacian|Behemoth Blade|p2a: Eternatus\n|-damage|p2a: Eternatus|49\/100\n|move|p2a: Eternatus|Cosmic Power|p2a: Eternatus\n|-boost|p2a: Eternatus|def|1\n|-boost|p2a: Eternatus|spd|1\n|\n|-weather|RainDance|[upkeep]\n|upkeep\n|turn|3\n|\n|t:|1664898583\n|switch|p1a: Necrozma|Necrozma-Dusk-Mane|100\/100\n|move|p2a: Eternatus|Recover|p2a: Eternatus\n|-heal|p2a: Eternatus|99\/100\n|\n|-weather|RainDance|[upkeep]\n|upkeep\n|turn|4\n|\n|t:|1664898586\n|switch|p2a: Groudon|Groudon|100\/100\n|-weather|SunnyDay|[from] ability: Drought|[of] p2a: Groudon\n|move|p1a: Necrozma|Dragon Dance|p1a: Necrozma\n|-boost|p1a: Necrozma|atk|1\n|-boost|p1a: Necrozma|spe|1\n|\n|-weather|SunnyDay|[upkeep]\n|upkeep\n|turn|5\n|\n|t:|1664898590\n|move|p1a: Necrozma|Dragon Dance|p1a: Necrozma\n|-boost|p1a: Necrozma|atk|1\n|-boost|p1a: Necrozma|spe|1\n|move|p2a: Groudon|Stealth Rock|p1a: Necrozma\n|-sidestart|p1: yokobaby|move: Stealth Rock\n|\n|-weather|SunnyDay|[upkeep]\n|upkeep\n|turn|6\n|\n|t:|1664898594\n|-start|p2a: Groudon|Dynamax|\n|-heal|p2a: Groudon|100\/100|[silent]\n|move|p1a: Necrozma|Dragon Dance|p1a: Necrozma\n|-boost|p1a: Necrozma|atk|1\n|-boost|p1a: Necrozma|spe|1\n|move|p2a: Groudon|Max Quake|p1a: Necrozma\n|-supereffective|p1a: Necrozma\n|-damage|p1a: Necrozma|41\/100\n|-boost|p2a: Groudon|spd|1\n|\n|-weather|SunnyDay|[upkeep]\n|upkeep\n|turn|7\n|\n|t:|1664898598\n|move|p1a: Necrozma|Morning Sun|p1a: Necrozma\n|-heal|p1a: Necrozma|100\/100\n|move|p2a: Groudon|Max Quake|p1a: Necrozma\n|-supereffective|p1a: Necrozma\n|-damage|p1a: Necrozma|41\/100\n|-boost|p2a: Groudon|spd|1\n|\n|-weather|SunnyDay|[upkeep]\n|upkeep\n|turn|8\n|\n|t:|1664898602\n|move|p1a: Necrozma|Morning Sun|p1a: Necrozma\n|-heal|p1a: Necrozma|100\/100\n|move|p2a: Groudon|Max Quake|p1a: Necrozma\n|-supereffective|p1a: Necrozma\n|-damage|p1a: Necrozma|43\/100\n|-boost|p2a: Groudon|spd|1\n|\n|-weather|none\n|upkeep\n|-end|p2a: Groudon|Dynamax\n|-heal|p2a: Groudon|100\/100|[silent]\n|turn|9\n|\n|t:|1664898606\n|move|p1a: Necrozma|Morning Sun|p1a: Necrozma\n|-heal|p1a: Necrozma|93\/100\n|move|p2a: Groudon|Precipice Blades|p1a: Necrozma\n|-supereffective|p1a: Necrozma\n|-damage|p1a: Necrozma|44\/100\n|\n|upkeep\n|turn|10\n|\n|t:|1664898608\n|move|p1a: Necrozma|Morning Sun|p1a: Necrozma\n|-heal|p1a: Necrozma|94\/100\n|move|p2a: Groudon|Swords Dance|p2a: Groudon\n|-boost|p2a: Groudon|atk|2\n|\n|upkeep\n|turn|11\n|\n|t:|1664898611\n|-start|p1a: Necrozma|Dynamax|\n|-heal|p1a: Necrozma|94\/100|[silent]\n|move|p1a: Necrozma|Max Steelspike|p2a: Groudon\n|-damage|p2a: Groudon|9\/100\n|-boost|p1a: Necrozma|def|1\n|move|p2a: Groudon|Precipice Blades|p1a: Necrozma\n|-supereffective|p1a: Necrozma\n|-damage|p1a: Necrozma|63\/100\n|\n|-heal|p2a: Groudon|15\/100|[from] item: Leftovers\n|upkeep\n|turn|12\n|\n|t:|1664898618\n|move|p1a: Necrozma|Max Quake|p2a: Groudon\n|-damage|p2a: Groudon|0 fnt\n|-boost|p1a: Necrozma|spd|1\n|faint|p2a: Groudon\n|\n|upkeep\n|\n|t:|1664898634\n|switch|p2a: Necrozma|Necrozma-Dusk-Mane|100\/100\n|turn|13\n|\n|t:|1664898645\n|switch|p2a: Yveltal|Yveltal|100\/100\n|-ability|p2a: Yveltal|Dark Aura\n|move|p1a: Necrozma|Max Quake|p2a: Yveltal\n|-immune|p2a: Yveltal\n|\n|upkeep\n|-end|p1a: Necrozma|Dynamax\n|-heal|p1a: Necrozma|63\/100|[silent]\n|turn|14\n|\n|t:|1664898650\n|move|p1a: Necrozma|Sunsteel Strike|p2a: Yveltal\n|-damage|p2a: Yveltal|0 fnt\n|faint|p2a: Yveltal\n|\n|upkeep\n|\n|t:|1664898654\n|switch|p2a: Calyrex|Calyrex-Shadow|100\/100\n|-ability|p2a: Calyrex|As One\n|-ability|p2a: Calyrex|Unnerve\n|turn|15\n|\n|t:|1664898656\n|move|p2a: Calyrex|Astral Barrage|p1a: Necrozma\n|-supereffective|p1a: Necrozma\n|-damage|p1a: Necrozma|0 fnt\n|faint|p1a: Necrozma\n|-ability|p2a: Calyrex|Grim Neigh|boost\n|-boost|p2a: Calyrex|spa|1\n|\n|upkeep\n|\n|t:|1664898668\n|switch|p1a: Yveltal|Yveltal|100\/100\n|-ability|p1a: Yveltal|Dark Aura\n|turn|16\n|\n|t:|1664898671\n|switch|p2a: Eternatus|Eternatus|99\/100\n|-ability|p2a: Eternatus|Pressure\n|move|p1a: Yveltal|Defog|p2a: Eternatus\n|-unboost|p2a: Eternatus|evasion|1\n|-sideend|p1: yokobaby|Stealth Rock|[from] move: Defog|[of] p1a: Yveltal\n|\n|upkeep\n|turn|17\n|\n|t:|1664898685\n|move|p2a: Eternatus|Cosmic Power|p2a: Eternatus\n|-boost|p2a: Eternatus|def|1\n|-boost|p2a: Eternatus|spd|1\n|move|p1a: Yveltal|Knock Off|p2a: Eternatus\n|-damage|p2a: Eternatus|66\/100\n|-enditem|p2a: Eternatus|Safety Goggles|[from] move: Knock Off|[of] p1a: Yveltal\n|\n|upkeep\n|turn|18\n|\n|t:|1664898691\n|move|p2a: Eternatus|Cosmic Power|p2a: Eternatus\n|-boost|p2a: Eternatus|def|1\n|-boost|p2a: Eternatus|spd|1\n|move|p1a: Yveltal|U-turn|p2a: Eternatus\n|-resisted|p2a: Eternatus\n|-damage|p2a: Eternatus|61\/100\n|\n|t:|1664898695\n|switch|p1a: Ditto|Ditto|100\/100|[from]move: U-turn\n|-transform|p1a: Ditto|p2a: Eternatus|[from] ability: Imposter\n|-ability|p1a: Ditto|Pressure\n|\n|upkeep\n|turn|19\n|\n|t:|1664898701\n|move|p1a: Ditto|Dragon Pulse|p2a: Eternatus\n|-supereffective|p2a: Eternatus\n|-damage|p2a: Eternatus|39\/100\n|move|p2a: Eternatus|Recover|p2a: Eternatus\n|-heal|p2a: Eternatus|89\/100\n|\n|upkeep\n|turn|20\n|\n|t:|1664898704\n|move|p1a: Ditto|Dragon Pulse|p2a: Eternatus\n|-supereffective|p2a: Eternatus\n|-damage|p2a: Eternatus|65\/100\n|move|p2a: Eternatus|Cosmic Power|p2a: Eternatus\n|-boost|p2a: Eternatus|def|1\n|-boost|p2a: Eternatus|spd|1\n|\n|upkeep\n|turn|21\n|\n|t:|1664898707\n|move|p1a: Ditto|Dragon Pulse|p2a: Eternatus\n|-supereffective|p2a: Eternatus\n|-damage|p2a: Eternatus|46\/100\n|move|p2a: Eternatus|Recover|p2a: Eternatus\n|-heal|p2a: Eternatus|96\/100\n|\n|upkeep\n|turn|22\n|\n|t:|1664898709\n|switch|p1a: Yveltal|Yveltal|100\/100\n|-ability|p1a: Yveltal|Dark Aura\n|move|p2a: Eternatus|Meteor Beam||[still]\n|-prepare|p2a: Eternatus|Meteor Beam\n|-boost|p2a: Eternatus|spa|1\n|\n|upkeep\n|turn|23\n|\n|t:|1664898713\n|switch|p1a: Zacian|Zacian-Crowned|100\/100\n|-ability|p1a: Zacian|Intrepid Sword|boost\n|-boost|p1a: Zacian|atk|1\n|move|p2a: Eternatus|Meteor Beam|p1a: Zacian|[from]lockedmove|[miss]\n|-miss|p2a: Eternatus|p1a: Zacian\n|\n|upkeep\n|turn|24\n|\n|t:|1664898716\n|switch|p1a: Ditto|Ditto|100\/100\n|-transform|p1a: Ditto|p2a: Eternatus|[from] ability: Imposter\n|-ability|p1a: Ditto|Pressure\n|move|p2a: Eternatus|Meteor Beam||[still]\n|-prepare|p2a: Eternatus|Meteor Beam\n|-boost|p2a: Eternatus|spa|1\n|\n|upkeep\n|turn|25\n|\n|t:|1664898720\n|switch|p1a: Zacian|Zacian-Crowned|100\/100\n|-ability|p1a: Zacian|Intrepid Sword|boost\n|-boost|p1a: Zacian|atk|1\n|move|p2a: Eternatus|Meteor Beam|p1a: Zacian|[from]lockedmove\n|-resisted|p1a: Zacian\n|-damage|p1a: Zacian|65\/100\n|\n|upkeep\n|turn|26\n|\n|t:|1664898724\n|move|p1a: Zacian|Behemoth Blade|p2a: Eternatus\n|-damage|p2a: Eternatus|67\/100\n|move|p2a: Eternatus|Cosmic Power|p2a: Eternatus\n|-boost|p2a: Eternatus|def|1\n|-boost|p2a: Eternatus|spd|1\n|\n|upkeep\n|turn|27\n|\n|t:|1664898731\n|move|p1a: Zacian|Behemoth Blade|p2a: Eternatus\n|-damage|p2a: Eternatus|41\/100\n|move|p2a: Eternatus|Dragon Pulse|p1a: Zacian\n|-immune|p1a: Zacian\n|\n|upkeep\n|turn|28\n|\n|t:|1664898734\n|move|p1a: Zacian|Behemoth Blade|p2a: Eternatus\n|-damage|p2a: Eternatus|15\/100\n|move|p2a: Eternatus|Recover|p2a: Eternatus\n|-heal|p2a: Eternatus|65\/100\n|\n|upkeep\n|turn|29\n|\n|t:|1664898737\n|move|p1a: Zacian|Rest|p1a: Zacian\n|-status|p1a: Zacian|slp|[from] move: Rest\n|-heal|p1a: Zacian|100\/100 slp|[silent]\n|move|p2a: Eternatus|Recover|p2a: Eternatus\n|-heal|p2a: Eternatus|100\/100\n|\n|upkeep\n|turn|30\n|\n|t:|1664898741\n|cant|p1a: Zacian|slp\n|move|p1a: Zacian|Sleep Talk|p1a: Zacian\n|move|p1a: Zacian|Rest||[from]move: Sleep Talk|[still]\n|-fail|p1a: Zacian\n|move|p2a: Eternatus|Cosmic Power|p2a: Eternatus\n|-boost|p2a: Eternatus|def|1\n|-boost|p2a: Eternatus|spd|1\n|\n|upkeep\n|turn|31\n|\n|t:|1664898744\n|cant|p1a: Zacian|slp\n|move|p1a: Zacian|Sleep Talk|p1a: Zacian\n|move|p1a: Zacian|Behemoth Blade|p2a: Eternatus|[from]move: Sleep Talk\n|-damage|p2a: Eternatus|77\/100\n|move|p2a: Eternatus|Cosmic Power|p2a: Eternatus\n|-boost|p2a: Eternatus|def|1\n|-boost|p2a: Eternatus|spd|1\n|\n|upkeep\n|turn|32\n|\n|t:|1664898748\n|-curestatus|p1a: Zacian|slp|[msg]\n|move|p1a: Zacian|Sleep Talk||[still]\n|-fail|p1a: Zacian\n|move|p2a: Eternatus|Meteor Beam||[still]\n|-prepare|p2a: Eternatus|Meteor Beam\n|-boost|p2a: Eternatus|spa|1\n|\n|upkeep\n|turn|33\n|\n|t:|1664898754\n|switch|p1a: Eternatus|Eternatus|100\/100\n|-ability|p1a: Eternatus|Pressure\n|move|p2a: Eternatus|Meteor Beam|p1a: Eternatus|[from]lockedmove\n|-damage|p1a: Eternatus|46\/100\n|\n|upkeep\n|turn|34\n|\n|t:|1664898758\n|move|p1a: Eternatus|Dynamax Cannon|p2a: Eternatus\n|-supereffective|p2a: Eternatus\n|-damage|p2a: Eternatus|63\/100\n|move|p2a: Eternatus|Dragon Pulse|p1a: Eternatus\n|-supereffective|p1a: Eternatus\n|-damage|p1a: Eternatus|0 fnt\n|faint|p1a: Eternatus\n|\n|upkeep\n|\n|t:|1664898761\n|switch|p1a: Ditto|Ditto|100\/100\n|-transform|p1a: Ditto|p2a: Eternatus|[from] ability: Imposter\n|-ability|p1a: Ditto|Pressure\n|turn|35\n|\n|t:|1664898773\n|move|p1a: Ditto|Dragon Pulse|p2a: Eternatus\n|-supereffective|p2a: Eternatus\n|-damage|p2a: Eternatus|36\/100\n|move|p2a: Eternatus|Dragon Pulse|p1a: Ditto\n|-supereffective|p1a: Ditto\n|-damage|p1a: Ditto|56\/100\n|\n|upkeep\n|turn|36\n|\n|t:|1664898786\n|move|p1a: Ditto|Dragon Pulse|p2a: Eternatus\n|-supereffective|p2a: Eternatus\n|-damage|p2a: Eternatus|11\/100\n|move|p2a: Eternatus|Recover|p2a: Eternatus\n|-heal|p2a: Eternatus|61\/100\n|\n|upkeep\n|turn|37\n|\n|t:|1664898791\n|move|p1a: Ditto|Dragon Pulse|p2a: Eternatus\n|-supereffective|p2a: Eternatus\n|-damage|p2a: Eternatus|32\/100\n|move|p2a: Eternatus|Dragon Pulse|p1a: Ditto\n|-supereffective|p1a: Ditto\n|-damage|p1a: Ditto|14\/100\n|\n|upkeep\n|turn|38\n|\n|t:|1664898793\n|switch|p1a: Zacian|Zacian-Crowned|100\/100\n|-ability|p1a: Zacian|Intrepid Sword|boost\n|-boost|p1a: Zacian|atk|1\n|move|p2a: Eternatus|Recover|p2a: Eternatus\n|-heal|p2a: Eternatus|82\/100\n|\n|upkeep\n|turn|39\n|\n|t:|1664898797\n|move|p1a: Zacian|Close Combat|p2a: Eternatus\n|-resisted|p2a: Eternatus\n|-crit|p2a: Eternatus\n|-damage|p2a: Eternatus|39\/100\n|-unboost|p1a: Zacian|def|1\n|-unboost|p1a: Zacian|spd|1\n|move|p2a: Eternatus|Dragon Pulse|p1a: Zacian\n|-immune|p1a: Zacian\n|\n|upkeep\n|turn|40\n|\n|t:|1664898802\n|switch|p1a: Ditto|Ditto|14\/100\n|-transform|p1a: Ditto|p2a: Eternatus|[from] ability: Imposter\n|-ability|p1a: Ditto|Pressure\n|move|p2a: Eternatus|Recover|p2a: Eternatus\n|-heal|p2a: Eternatus|89\/100\n|\n|upkeep\n|turn|41\n|\n|t:|1664898806\n|move|p1a: Ditto|Recover|p1a: Ditto\n|-heal|p1a: Ditto|64\/100\n|move|p2a: Eternatus|Dragon Pulse|p1a: Ditto\n|-supereffective|p1a: Ditto\n|-damage|p1a: Ditto|23\/100\n|\n|upkeep\n|turn|42\n|\n|t:|1664898810\n|move|p1a: Ditto|Recover|p1a: Ditto\n|-heal|p1a: Ditto|73\/100\n|move|p2a: Eternatus|Meteor Beam||[still]\n|-prepare|p2a: Eternatus|Meteor Beam\n|-boost|p2a: Eternatus|spa|1\n|\n|upkeep\n|turn|43\n|\n|t:|1664898812\n|move|p1a: Ditto|Recover|p1a: Ditto\n|-heal|p1a: Ditto|100\/100\n|move|p2a: Eternatus|Meteor Beam|p1a: Ditto|[from]lockedmove\n|-damage|p1a: Ditto|77\/100\n|\n|upkeep\n|turn|44\n|\n|t:|1664898822\n|switch|p1a: Zacian|Zacian-Crowned|100\/100\n|-ability|p1a: Zacian|Intrepid Sword|boost\n|-boost|p1a: Zacian|atk|1\n|move|p2a: Eternatus|Meteor Beam||[still]\n|-prepare|p2a: Eternatus|Meteor Beam\n|-boost|p2a: Eternatus|spa|1\n|\n|upkeep\n|turn|45\n|\n|t:|1664898829\n|move|p1a: Zacian|Rest|p1a: Zacian\n|-fail|p1a: Zacian|heal\n|move|p2a: Eternatus|Meteor Beam|p1a: Zacian|[from]lockedmove\n|-resisted|p1a: Zacian\n|-damage|p1a: Zacian|43\/100\n|\n|upkeep\n|turn|46\n|\n|t:|1664898837\n|switch|p2a: Necrozma|Necrozma-Dusk-Mane|100\/100\n|move|p1a: Zacian|Rest|p1a: Zacian\n|-status|p1a: Zacian|slp|[from] move: Rest\n|-heal|p1a: Zacian|100\/100 slp|[silent]\n|\n|upkeep\n|turn|47\n|\n|t:|1664898840\n|switch|p1a: Kyogre|Kyogre|100\/100\n|-weather|RainDance|[from] ability: Drizzle|[of] p1a: Kyogre\n|move|p2a: Necrozma|Dragon Dance|p2a: Necrozma\n|-boost|p2a: Necrozma|atk|1\n|-boost|p2a: Necrozma|spe|1\n|\n|-weather|RainDance|[upkeep]\n|upkeep\n|turn|48\n|\n|t:|1664898845\n|switch|p2a: Eternatus|Eternatus|89\/100\n|-ability|p2a: Eternatus|Pressure\n|move|p1a: Kyogre|Scald|p2a: Eternatus\n|-resisted|p2a: Eternatus\n|-damage|p2a: Eternatus|73\/100\n|-status|p2a: Eternatus|brn\n|\n|-weather|RainDance|[upkeep]\n|-damage|p2a: Eternatus|67\/100 brn|[from] brn\n|upkeep\n|turn|49\n|\n|t:|1664898851\n|switch|p2a: Kyogre|Kyogre|100\/100\n|switch|p1a: Ditto|Ditto|77\/100\n|-transform|p1a: Ditto|p2a: Kyogre|[from] ability: Imposter\n|\n|-weather|RainDance|[upkeep]\n|upkeep\n|turn|50\n|\n|t:|1664898855\n|switch|p1a: Kyogre|Kyogre|100\/100\n|move|p2a: Kyogre|Scald|p1a: Kyogre\n|-resisted|p1a: Kyogre\n|-damage|p1a: Kyogre|83\/100\n|\n|-weather|RainDance|[upkeep]\n|-heal|p1a: Kyogre|89\/100|[from] item: Leftovers\n|upkeep\n|turn|51\n|\n|t:|1664898858\n|move|p1a: Kyogre|Calm Mind|p1a: Kyogre\n|-boost|p1a: Kyogre|spa|1\n|-boost|p1a: Kyogre|spd|1\n|move|p2a: Kyogre|Calm Mind|p2a: Kyogre\n|-boost|p2a: Kyogre|spa|1\n|-boost|p2a: Kyogre|spd|1\n|\n|-weather|none\n|-heal|p1a: Kyogre|95\/100|[from] item: Leftovers\n|upkeep\n|turn|52\n|\n|t:|1664898861\n|move|p1a: Kyogre|Thunder|p2a: Kyogre\n|-supereffective|p2a: Kyogre\n|-damage|p2a: Kyogre|57\/100\n|move|p2a: Kyogre|Roar|p1a: Kyogre\n|drag|p1a: Ditto|Ditto|77\/100\n|-transform|p1a: Ditto|p2a: Kyogre|[from] ability: Imposter\n|-weather|RainDance|[from] ability: Drizzle|[of] p1a: Ditto\n|\n|-weather|RainDance|[upkeep]\n|-heal|p2a: Kyogre|63\/100|[from] item: Leftovers\n|upkeep\n|turn|53\n|\n|t:|1664898866\n|move|p2a: Kyogre|Calm Mind|p2a: Kyogre\n|-boost|p2a: Kyogre|spa|1\n|-boost|p2a: Kyogre|spd|1\n|move|p1a: Ditto|Roar|p2a: Kyogre\n|drag|p2a: Calyrex|Calyrex-Shadow|100\/100\n|-ability|p2a: Calyrex|As One\n|-ability|p2a: Calyrex|Unnerve\n|\n|-weather|RainDance|[upkeep]\n|upkeep\n|turn|54\n|\n|t:|1664898871\n|switch|p1a: Yveltal|Yveltal|100\/100\n|-ability|p1a: Yveltal|Dark Aura\n|move|p2a: Calyrex|Trick|p1a: Yveltal\n|-activate|p2a: Calyrex|move: Trick|[of] p1a: Yveltal\n|-item|p1a: Yveltal|Choice Scarf|[from] move: Trick\n|-item|p2a: Calyrex|Heavy-Duty Boots|[from] move: Trick\n|\n|-weather|RainDance|[upkeep]\n|upkeep\n|turn|55\n|\n|t:|1664898874\n|switch|p2a: Eternatus|Eternatus|67\/100 brn\n|-ability|p2a: Eternatus|Pressure\n|move|p1a: Yveltal|U-turn|p2a: Eternatus\n|-resisted|p2a: Eternatus\n|-damage|p2a: Eternatus|59\/100 brn\n|\n|t:|1664898879\n|switch|p1a: Zacian|Zacian-Crowned|100\/100 slp|[from]move: U-turn\n|-ability|p1a: Zacian|Intrepid Sword|boost\n|-boost|p1a: Zacian|atk|1\n|\n|-weather|RainDance|[upkeep]\n|-damage|p2a: Eternatus|52\/100 brn|[from] brn\n|upkeep\n|turn|56\n|\n|t:|1664898884\n|switch|p2a: Necrozma|Necrozma-Dusk-Mane|100\/100\n|cant|p1a: Zacian|slp\n|move|p1a: Zacian|Sleep Talk|p1a: Zacian\n|move|p1a: Zacian|Behemoth Blade|p2a: Necrozma|[from]move: Sleep Talk\n|-resisted|p2a: Necrozma\n|-damage|p2a: Necrozma|72\/100\n|-damage|p1a: Zacian|84\/100 slp|[from] item: Rocky Helmet|[of] p2a: Necrozma\n|\n|-weather|none\n|upkeep\n|turn|57\n|\n|t:|1664898891\n|switch|p1a: Kyogre|Kyogre|95\/100\n|-weather|RainDance|[from] ability: Drizzle|[of] p1a: Kyogre\n|move|p2a: Necrozma|Moonlight|p2a: Necrozma\n|-heal|p2a: Necrozma|96\/100\n|\n|-weather|RainDance|[upkeep]\n|-heal|p1a: Kyogre|100\/100|[from] item: Leftovers\n|upkeep\n|turn|58\n|\n|t:|1664898897\n|switch|p1a: Zacian|Zacian-Crowned|84\/100 slp\n|-ability|p1a: Zacian|Intrepid Sword|boost\n|-boost|p1a: Zacian|atk|1\n|switch|p2a: Eternatus|Eternatus|52\/100 brn\n|-ability|p2a: Eternatus|Pressure\n|\n|-weather|RainDance|[upkeep]\n|-damage|p2a: Eternatus|46\/100 brn|[from] brn\n|upkeep\n|turn|59\n|\n|t:|1664898901\n|switch|p2a: Necrozma|Necrozma-Dusk-Mane|96\/100\n|cant|p1a: Zacian|slp\n|move|p1a: Zacian|Sleep Talk|p1a: Zacian\n|move|p1a: Zacian|Behemoth Blade|p2a: Necrozma|[from]move: Sleep Talk\n|-resisted|p2a: Necrozma\n|-damage|p2a: Necrozma|68\/100\n|-damage|p1a: Zacian|67\/100 slp|[from] item: Rocky Helmet|[of] p2a: Necrozma\n|\n|-weather|RainDance|[upkeep]\n|upkeep\n|turn|60\n|\n|t:|1664898904\n|switch|p1a: Kyogre|Kyogre|100\/100\n|move|p2a: Necrozma|Sunsteel Strike|p1a: Kyogre\n|-resisted|p1a: Kyogre\n|-damage|p1a: Kyogre|83\/100\n|\n|-weather|RainDance|[upkeep]\n|-heal|p1a: Kyogre|90\/100|[from] item: Leftovers\n|upkeep\n|turn|61\n|\n|t:|1664898907\n|move|p1a: Kyogre|Scald|p2a: Necrozma\n|-damage|p2a: Necrozma|24\/100\n|move|p2a: Necrozma|Earthquake|p1a: Kyogre\n|-damage|p1a: Kyogre|68\/100\n|\n|-weather|none\n|-heal|p1a: Kyogre|74\/100|[from] item: Leftovers\n|upkeep\n|turn|62\n|\n|t:|1664898912\n|switch|p2a: Eternatus|Eternatus|46\/100 brn\n|-ability|p2a: Eternatus|Pressure\n|move|p1a: Kyogre|Scald|p2a: Eternatus\n|-resisted|p2a: Eternatus\n|-damage|p2a: Eternatus|35\/100 brn\n|\n|-heal|p1a: Kyogre|80\/100|[from] item: Leftovers\n|-damage|p2a: Eternatus|29\/100 brn|[from] brn\n|upkeep\n|turn|63\n|\n|t:|1664898914\n|switch|p1a: Zacian|Zacian-Crowned|67\/100 slp\n|-ability|p1a: Zacian|Intrepid Sword|boost\n|-boost|p1a: Zacian|atk|1\n|move|p2a: Eternatus|Recover|p2a: Eternatus\n|-heal|p2a: Eternatus|79\/100 brn\n|\n|-damage|p2a: Eternatus|73\/100 brn|[from] brn\n|upkeep\n|turn|64\n|\n|t:|1664898919\n|-curestatus|p1a: Zacian|slp|[msg]\n|move|p1a: Zacian|Sleep Talk||[still]\n|-fail|p1a: Zacian\n|move|p2a: Eternatus|Cosmic Power|p2a: Eternatus\n|-boost|p2a: Eternatus|def|1\n|-boost|p2a: Eternatus|spd|1\n|\n|-damage|p2a: Eternatus|66\/100 brn|[from] brn\n|upkeep\n|turn|65\n|\n|t:|1664898924\n|switch|p1a: Ditto|Ditto|77\/100\n|-transform|p1a: Ditto|p2a: Eternatus|[from] ability: Imposter\n|-ability|p1a: Ditto|Pressure\n|move|p2a: Eternatus|Cosmic Power|p2a: Eternatus\n|-boost|p2a: Eternatus|def|1\n|-boost|p2a: Eternatus|spd|1\n|\n|-damage|p2a: Eternatus|60\/100 brn|[from] brn\n|upkeep\n|turn|66\n|\n|t:|1664898927\n|move|p1a: Ditto|Dragon Pulse|p2a: Eternatus\n|-supereffective|p2a: Eternatus\n|-damage|p2a: Eternatus|39\/100 brn\n|move|p2a: Eternatus|Dragon Pulse|p1a: Ditto\n|-supereffective|p1a: Ditto\n|-damage|p1a: Ditto|31\/100\n|\n|-damage|p2a: Eternatus|33\/100 brn|[from] brn\n|upkeep\n|turn|67\n|\n|t:|1664898930\n|switch|p1a: Zacian|Zacian-Crowned|67\/100\n|-ability|p1a: Zacian|Intrepid Sword|boost\n|-boost|p1a: Zacian|atk|1\n|move|p2a: Eternatus|Recover|p2a: Eternatus\n|-heal|p2a: Eternatus|83\/100 brn\n|\n|-damage|p2a: Eternatus|76\/100 brn|[from] brn\n|upkeep\n|turn|68\n|\n|t:|1664898939\n|move|p1a: Zacian|Rest|p1a: Zacian\n|-status|p1a: Zacian|slp|[from] move: Rest\n|-heal|p1a: Zacian|100\/100 slp|[silent]\n|move|p2a: Eternatus|Cosmic Power|p2a: Eternatus\n|-boost|p2a: Eternatus|def|1\n|-boost|p2a: Eternatus|spd|1\n|\n|-damage|p2a: Eternatus|70\/100 brn|[from] brn\n|upkeep\n|turn|69\n|\n|t:|1664898942\n|cant|p1a: Zacian|slp\n|move|p1a: Zacian|Sleep Talk|p1a: Zacian\n|move|p1a: Zacian|Rest||[from]move: Sleep Talk|[still]\n|-fail|p1a: Zacian\n|move|p2a: Eternatus|Cosmic Power|p2a: Eternatus\n|-boost|p2a: Eternatus|def|1\n|-boost|p2a: Eternatus|spd|1\n|\n|-damage|p2a: Eternatus|64\/100 brn|[from] brn\n|upkeep\n|turn|70\n|\n|t:|1664898945\n|switch|p1a: Yveltal|Yveltal|100\/100\n|-ability|p1a: Yveltal|Dark Aura\n|move|p2a: Eternatus|Meteor Beam||[still]\n|-prepare|p2a: Eternatus|Meteor Beam\n|-boost|p2a: Eternatus|spa|1\n|\n|-damage|p2a: Eternatus|58\/100 brn|[from] brn\n|upkeep\n|turn|71\n|\n|t:|1664898947\n|move|p1a: Yveltal|U-turn|p2a: Eternatus\n|-resisted|p2a: Eternatus\n|-damage|p2a: Eternatus|55\/100 brn\n|\n|t:|1664898950\n|switch|p1a: Zacian|Zacian-Crowned|100\/100 slp|[from]move: U-turn\n|-ability|p1a: Zacian|Intrepid Sword|boost\n|-boost|p1a: Zacian|atk|1\n|move|p2a: Eternatus|Meteor Beam|p1a: Zacian|[from]lockedmove\n|-resisted|p1a: Zacian\n|-damage|p1a: Zacian|73\/100 slp\n|\n|-damage|p2a: Eternatus|49\/100 brn|[from] brn\n|upkeep\n|turn|72\n|\n|t:|1664898955\n|switch|p1a: Yveltal|Yveltal|100\/100\n|-ability|p1a: Yveltal|Dark Aura\n|move|p2a: Eternatus|Recover|p2a: Eternatus\n|-heal|p2a: Eternatus|99\/100 brn\n|\n|-damage|p2a: Eternatus|92\/100 brn|[from] brn\n|upkeep\n|turn|73\n|\n|t:|1664898959\n|move|p1a: Yveltal|U-turn|p2a: Eternatus\n|-resisted|p2a: Eternatus\n|-damage|p2a: Eternatus|90\/100 brn\n|\n|t:|1664898961\n|switch|p1a: Zacian|Zacian-Crowned|73\/100 slp|[from]move: U-turn\n|-ability|p1a: Zacian|Intrepid Sword|boost\n|-boost|p1a: Zacian|atk|1\n|move|p2a: Eternatus|Meteor Beam||[still]\n|-prepare|p2a: Eternatus|Meteor Beam\n|-boost|p2a: Eternatus|spa|1\n|\n|-damage|p2a: Eternatus|83\/100 brn|[from] brn\n|upkeep\n|turn|74\n|\n|t:|1664898964\n|cant|p1a: Zacian|slp\n|move|p1a: Zacian|Sleep Talk|p1a: Zacian\n|move|p1a: Zacian|Rest||[from]move: Sleep Talk|[still]\n|-fail|p1a: Zacian\n|move|p2a: Eternatus|Meteor Beam|p1a: Zacian|[from]lockedmove|[miss]\n|-miss|p2a: Eternatus|p1a: Zacian\n|\n|-damage|p2a: Eternatus|77\/100 brn|[from] brn\n|upkeep\n|turn|75\n|\n|t:|1664898974\n|switch|p2a: Necrozma|Necrozma-Dusk-Mane|24\/100\n|-curestatus|p1a: Zacian|slp|[msg]\n|move|p1a: Zacian|Rest|p1a: Zacian\n|-status|p1a: Zacian|slp|[from] move: Rest\n|-heal|p1a: Zacian|100\/100 slp|[silent]\n|\n|upkeep\n|turn|76\n|\n|t:|1664898978\n|cant|p1a: Zacian|slp\n|move|p1a: Zacian|Sleep Talk|p1a: Zacian\n|move|p1a: Zacian|Rest||[from]move: Sleep Talk|[still]\n|-fail|p1a: Zacian\n|move|p2a: Necrozma|Earthquake|p1a: Zacian\n|-supereffective|p1a: Zacian\n|-damage|p1a: Zacian|34\/100 slp\n|\n|upkeep\n|turn|77\n|\n|t:|1664898992\n|switch|p2a: Eternatus|Eternatus|77\/100 brn\n|-ability|p2a: Eternatus|Pressure\n|cant|p1a: Zacian|slp\n|move|p1a: Zacian|Sleep Talk|p1a: Zacian\n|move|p1a: Zacian|Close Combat|p2a: Eternatus|[from]move: Sleep Talk\n|-resisted|p2a: Eternatus\n|-damage|p2a: Eternatus|48\/100 brn\n|-unboost|p1a: Zacian|def|1\n|-unboost|p1a: Zacian|spd|1\n|\n|-damage|p2a: Eternatus|42\/100 brn|[from] brn\n|upkeep\n|turn|78\n|\n|t:|1664899001\n|switch|p1a: Kyogre|Kyogre|80\/100\n|-weather|RainDance|[from] ability: Drizzle|[of] p1a: Kyogre\n|move|p2a: Eternatus|Recover|p2a: Eternatus\n|-heal|p2a: Eternatus|92\/100 brn\n|\n|-weather|RainDance|[upkeep]\n|-heal|p1a: Kyogre|86\/100|[from] item: Leftovers\n|-damage|p2a: Eternatus|86\/100 brn|[from] brn\n|upkeep\n|turn|79\n|\n|t:|1664899006\n|move|p2a: Eternatus|Cosmic Power|p2a: Eternatus\n|-boost|p2a: Eternatus|def|1\n|-boost|p2a: Eternatus|spd|1\n|move|p1a: Kyogre|Calm Mind|p1a: Kyogre\n|-boost|p1a: Kyogre|spa|1\n|-boost|p1a: Kyogre|spd|1\n|\n|-weather|RainDance|[upkeep]\n|-heal|p1a: Kyogre|93\/100|[from] item: Leftovers\n|-damage|p2a: Eternatus|80\/100 brn|[from] brn\n|upkeep\n|turn|80\n|\n|t:|1664899009\n|move|p2a: Eternatus|Cosmic Power|p2a: Eternatus\n|-boost|p2a: Eternatus|def|1\n|-boost|p2a: Eternatus|spd|1\n|move|p1a: Kyogre|Scald|p2a: Eternatus\n|-resisted|p2a: Eternatus\n|-damage|p2a: Eternatus|67\/100 brn\n|\n|-weather|RainDance|[upkeep]\n|-heal|p1a: Kyogre|99\/100|[from] item: Leftovers\n|-damage|p2a: Eternatus|61\/100 brn|[from] brn\n|upkeep\n|turn|81\n|\n|t:|1664899014\n|switch|p1a: Zacian|Zacian-Crowned|34\/100 slp\n|-ability|p1a: Zacian|Intrepid Sword|boost\n|-boost|p1a: Zacian|atk|1\n|move|p2a: Eternatus|Cosmic Power|p2a: Eternatus\n|-boost|p2a: Eternatus|def|1\n|-boost|p2a: Eternatus|spd|1\n|\n|-weather|RainDance|[upkeep]\n|-damage|p2a: Eternatus|55\/100 brn|[from] brn\n|upkeep\n|turn|82\n|\n|t:|1664899020\n|switch|p2a: Necrozma|Necrozma-Dusk-Mane|24\/100\n|-curestatus|p1a: Zacian|slp|[msg]\n|move|p1a: Zacian|Sleep Talk||[still]\n|-fail|p1a: Zacian\n|\n|-weather|none\n|upkeep\n|turn|83\n|\n|t:|1664899025\n|move|p1a: Zacian|Close Combat|p2a: Necrozma\n|-damage|p2a: Necrozma|0 fnt\n|-unboost|p1a: Zacian|def|1\n|-unboost|p1a: Zacian|spd|1\n|-damage|p1a: Zacian|17\/100|[from] item: Rocky Helmet|[of] p2a: Necrozma\n|faint|p2a: Necrozma\n|\n|upkeep\n|\n|t:|1664899034\n|switch|p2a: Calyrex|Calyrex-Shadow|100\/100\n|-ability|p2a: Calyrex|As One\n|-ability|p2a: Calyrex|Unnerve\n|turn|84\n|\n|t:|1664899040\n|switch|p1a: Yveltal|Yveltal|100\/100\n|-ability|p1a: Yveltal|Dark Aura\n|move|p2a: Calyrex|Aromatherapy|p2a: Calyrex\n|-activate|p2a: Calyrex|move: Aromatherapy\n|-curestatus|p2: Eternatus|brn|[msg]\n|\n|upkeep\n|turn|85\n|\n|t:|1664899047\n|move|p2a: Calyrex|Astral Barrage|p1a: Yveltal\n|-resisted|p1a: Yveltal\n|-damage|p1a: Yveltal|79\/100\n|move|p1a: Yveltal|U-turn|p2a: Calyrex\n|-damage|p2a: Calyrex|75\/100\n|\n|t:|1664899050\n|switch|p1a: Ditto|Ditto|31\/100|[from]move: U-turn\n|-transform|p1a: Ditto|p2a: Calyrex|[from] ability: Imposter\n|\n|upkeep\n|turn|86\n|\n|t:|1664899055\n|move|p1a: Ditto|Astral Barrage|p2a: Calyrex\n|-supereffective|p2a: Calyrex\n|-damage|p2a: Calyrex|0 fnt\n|faint|p2a: Calyrex\n|-ability|p1a: Ditto|Grim Neigh|boost\n|-boost|p1a: Ditto|spa|1\n|\n|upkeep\n|\n|t:|1664899057\n|switch|p2a: Eternatus|Eternatus|55\/100\n|-ability|p2a: Eternatus|Pressure\n|turn|87\n|\n|t:|1664899059\n|move|p1a: Ditto|Astral Barrage|p2a: Eternatus\n|-damage|p2a: Eternatus|0 fnt\n|faint|p2a: Eternatus\n|-ability|p1a: Ditto|Grim Neigh|boost\n|-boost|p1a: Ditto|spa|1\n|\n|upkeep\n|\n|t:|1664899062\n|switch|p2a: Kyogre|Kyogre|63\/100\n|-weather|RainDance|[from] ability: Drizzle|[of] p2a: Kyogre\n|turn|88\n|-message|AGLT5TX AQUA forfeited.\n|\n|win|yokobaby\n|raw|yokobaby's rating: 1753 &rarr; <strong>1777<\/strong><br \/>(+24 for winning)\n|raw|AGLT5TX AQUA's rating: 1820 &rarr; <strong>1796<\/strong><br \/>(-24 for losing)\n|l|\u2606AGLT5TX AQUA\n||Ladder isn't responding, score probably updated but might not have (Request timeout).\n","uploadtime":1664899202,"views":17,"p1id":"yokobaby","p2id":"aglt5txaqua","formatid":"gen8anythinggoes","rating":1777,"private":0,"password":null}