{"id":"gen8ou-1581008104","p1":"ShootingSonicX","p2":"SetsuStsna","format":"gen8ou","log":"|j|\u2606ShootingSonicX\n|j|\u2606SetsuStsna\n|inactive|Battle timer is ON: inactive players will automatically lose when time's up.\n|t:|1653315475\n|gametype|singles\n|player|p1|ShootingSonicX|volkner|\n|player|p2|SetsuStsna|irida|\n|teamsize|p1|6\n|teamsize|p2|6\n|gen|8\n|tier|[Gen 8] OU\n|rated|Tournament battle\n|rule|Sleep Clause Mod: Limit one foe put to sleep\n|rule|Species Clause: Limit one of each Pok\u00e9mon\n|rule|OHKO Clause: OHKO moves are banned\n|rule|Evasion Moves Clause: Evasion moves are banned\n|rule|Endless Battle Clause: Forcing endless battles is banned\n|rule|HP Percentage Mod: HP is shown in percentages\n|rule|Dynamax Clause: You cannot dynamax\n|clearpoke\n|poke|p1|Dragapult, F|\n|poke|p1|Blissey, F|\n|poke|p1|Heatran, F|\n|poke|p1|Landorus-Therian, M|\n|poke|p1|Tapu Fini|\n|poke|p1|Kartana|\n|poke|p2|Zoroark, M|\n|poke|p2|Buzzwole|\n|poke|p2|Kartana|\n|poke|p2|Nihilego|\n|poke|p2|Landorus-Therian, M|\n|poke|p2|Weavile, F|\n|teampreview\n|j| CommitStab\n|j| DepressionExists\n|inactive|SetsuStsna has 120 seconds left.\n|\n|t:|1653315524\n|start\n|switch|p1a: Tapu Fini|Tapu Fini|100\/100\n|switch|p2a: Nihilego|Nihilego|100\/100\n|-fieldstart|move: Misty Terrain|[from] ability: Misty Surge|[of] p1a: Tapu Fini\n|turn|1\n|\n|t:|1653315531\n|switch|p1a: Blissey|Blissey, F|100\/100\n|move|p2a: Nihilego|Meteor Beam||[still]\n|-prepare|p2a: Nihilego|Meteor Beam\n|-boost|p2a: Nihilego|spa|1\n|-enditem|p2a: Nihilego|Power Herb\n|-anim|p2a: Nihilego|Meteor Beam|p1a: Blissey|[miss]\n|-miss|p2a: Nihilego|p1a: Blissey\n|\n|upkeep\n|turn|2\n|c|\u2606SetsuStsna|rough\n|\n|t:|1653315541\n|move|p2a: Nihilego|Stealth Rock|p1a: Blissey\n|-sidestart|p1: ShootingSonicX|move: Stealth Rock\n|move|p1a: Blissey|Ice Beam|p2a: Nihilego\n|-damage|p2a: Nihilego|88\/100\n|\n|upkeep\n|turn|3\n|c| DepressionExists|truly\n|c| DepressionExists|beast\n|\n|t:|1653315555\n|move|p2a: Nihilego|Sludge Wave|p1a: Blissey\n|-damage|p1a: Blissey|77\/100\n|move|p1a: Blissey|Teleport|p1a: Blissey\n|\n|t:|1653315565\n|switch|p1a: Dragapult|Dragapult, F|100\/100|[from]move: Teleport\n|-damage|p1a: Dragapult|88\/100|[from] Stealth Rock\n|\n|upkeep\n|turn|4\n|inactive|SetsuStsna has 120 seconds left.\n|c|\u2606SetsuStsna|damn no switch ins lolol\n|\n|t:|1653315612\n|move|p1a: Dragapult|Steel Wing|p2a: Nihilego\n|-supereffective|p2a: Nihilego\n|-damage|p2a: Nihilego|0 fnt\n|faint|p2a: Nihilego\n|-damage|p1a: Dragapult|78\/100|[from] item: Life Orb\n|\n|upkeep\n|\n|t:|1653315615\n|switch|p2a: Kartana|Kartana, shiny|100\/100\n|turn|5\n|\n|t:|1653315623\n|switch|p1a: Landorus|Landorus-Therian, M|100\/100\n|-damage|p1a: Landorus|88\/100|[from] Stealth Rock\n|-ability|p1a: Landorus|Intimidate|boost\n|-unboost|p2a: Kartana|atk|1\n|move|p2a: Kartana|Dark Pulse|p1a: Landorus\n|-damage|p1a: Landorus|41\/100\n|\n|-heal|p1a: Landorus|47\/100|[from] item: Leftovers\n|-fieldend|Misty Terrain\n|upkeep\n|turn|6\n|\n|t:|1653315633\n|switch|p2a: Buzzwole|Buzzwole|100\/100\n|switch|p1a: Blissey|Blissey, F|77\/100\n|\n|upkeep\n|turn|7\n|inactive|SetsuStsna has 120 seconds left.\n|\n|t:|1653315661\n|switch|p2a: Kartana|Kartana, shiny|100\/100\n|switch|p1a: Tapu Fini|Tapu Fini|100\/100\n|-damage|p1a: Tapu Fini|88\/100|[from] Stealth Rock\n|-fieldstart|move: Misty Terrain|[from] ability: Misty Surge|[of] p1a: Tapu Fini\n|\n|-heal|p1a: Tapu Fini|94\/100|[from] item: Leftovers\n|upkeep\n|turn|8\n|inactive|SetsuStsna has 120 seconds left.\n|\n|t:|1653315670\n|switch|p2a: Landorus|Landorus-Therian, M|100\/100\n|-ability|p2a: Landorus|Intimidate|boost\n|-unboost|p1a: Tapu Fini|atk|1\n|switch|p1a: Heatran|Heatran, F|100\/100\n|-damage|p1a: Heatran|88\/100|[from] Stealth Rock\n|\n|-heal|p1a: Heatran|94\/100|[from] item: Leftovers\n|upkeep\n|turn|9\n|c| DepressionExists|nice double\n|\n|t:|1653315677\n|switch|p1a: Landorus|Landorus-Therian, M|47\/100\n|-damage|p1a: Landorus|35\/100|[from] Stealth Rock\n|-ability|p1a: Landorus|Intimidate|boost\n|-unboost|p2a: Landorus|atk|1\n|-enditem|p2a: Landorus|Adrenaline Orb\n|-boost|p2a: Landorus|spe|1|[from] item: Adrenaline Orb\n|move|p2a: Landorus|Substitute|p2a: Landorus\n|-start|p2a: Landorus|Substitute\n|-damage|p2a: Landorus|76\/100\n|\n|-heal|p1a: Landorus|41\/100|[from] item: Leftovers\n|upkeep\n|turn|10\n|\n|t:|1653315684\n|move|p2a: Landorus|Swords Dance|p2a: Landorus\n|-boost|p2a: Landorus|atk|2\n|move|p1a: Landorus|U-turn|p2a: Landorus\n|-resisted|p2a: Landorus\n|-activate|p2a: Landorus|move: Substitute|[damage]\n|\n|t:|1653315690\n|switch|p1a: Tapu Fini|Tapu Fini|94\/100|[from]move: U-turn\n|-damage|p1a: Tapu Fini|82\/100|[from] Stealth Rock\n|\n|-heal|p1a: Tapu Fini|88\/100|[from] item: Leftovers\n|upkeep\n|turn|11\n|\n|t:|1653315697\n|move|p2a: Landorus|Swords Dance|p2a: Landorus\n|-boost|p2a: Landorus|atk|2\n|move|p1a: Tapu Fini|Moonblast|p2a: Landorus\n|-end|p2a: Landorus|Substitute\n|\n|-heal|p1a: Tapu Fini|94\/100|[from] item: Leftovers\n|-fieldend|Misty Terrain\n|upkeep\n|turn|12\n|\n|t:|1653315702\n|switch|p1a: Landorus|Landorus-Therian, M|41\/100\n|-damage|p1a: Landorus|28\/100|[from] Stealth Rock\n|-ability|p1a: Landorus|Intimidate|boost\n|-unboost|p2a: Landorus|atk|1\n|move|p2a: Landorus|Earthquake|p1a: Landorus\n|-immune|p1a: Landorus\n|\n|-heal|p1a: Landorus|34\/100|[from] item: Leftovers\n|upkeep\n|turn|13\n|\n|t:|1653315708\n|move|p2a: Landorus|Substitute|p2a: Landorus\n|-start|p2a: Landorus|Substitute\n|-damage|p2a: Landorus|51\/100\n|move|p1a: Landorus|U-turn|p2a: Landorus\n|-resisted|p2a: Landorus\n|-activate|p2a: Landorus|move: Substitute|[damage]\n|\n|t:|1653315712\n|switch|p1a: Tapu Fini|Tapu Fini|94\/100|[from]move: U-turn\n|-damage|p1a: Tapu Fini|82\/100|[from] Stealth Rock\n|-fieldstart|move: Misty Terrain|[from] ability: Misty Surge|[of] p1a: Tapu Fini\n|\n|-heal|p1a: Tapu Fini|88\/100|[from] item: Leftovers\n|upkeep\n|turn|14\n|\n|t:|1653315714\n|move|p2a: Landorus|Earthquake|p1a: Tapu Fini\n|-damage|p1a: Tapu Fini|18\/100\n|move|p1a: Tapu Fini|Moonblast|p2a: Landorus\n|-crit|p2a: Landorus\n|-end|p2a: Landorus|Substitute\n|\n|-heal|p1a: Tapu Fini|24\/100|[from] item: Leftovers\n|upkeep\n|turn|15\n|\n|t:|1653315724\n|move|p2a: Landorus|Earthquake|p1a: Tapu Fini\n|-damage|p1a: Tapu Fini|0 fnt\n|faint|p1a: Tapu Fini\n|\n|upkeep\n|\n|t:|1653315730\n|switch|p1a: Kartana|Kartana|100\/100\n|-damage|p1a: Kartana|94\/100|[from] Stealth Rock\n|turn|16\n|j| ripreckful\n|j| Mel0nL0rd\n|\n|t:|1653315734\n|move|p2a: Landorus|Earthquake|p1a: Kartana\n|-damage|p1a: Kartana|5\/100\n|move|p1a: Kartana|Leaf Blade|p2a: Landorus\n|-damage|p2a: Landorus|1\/100\n|\n|upkeep\n|turn|17\n|\n|t:|1653315746\n|switch|p1a: Landorus|Landorus-Therian, M|34\/100\n|-damage|p1a: Landorus|22\/100|[from] Stealth Rock\n|-ability|p1a: Landorus|Intimidate|boost\n|-unboost|p2a: Landorus|atk|1\n|move|p2a: Landorus|Earthquake|p1a: Landorus\n|-immune|p1a: Landorus\n|\n|-heal|p1a: Landorus|28\/100|[from] item: Leftovers\n|-fieldend|Misty Terrain\n|upkeep\n|turn|18\n|\n|t:|1653315755\n|move|p2a: Landorus|Stone Edge|p1a: Landorus\n|-damage|p1a: Landorus|0 fnt\n|faint|p1a: Landorus\n|\n|upkeep\n|\n|t:|1653315759\n|switch|p1a: Blissey|Blissey, F|77\/100\n|turn|19\n|\n|t:|1653315766\n|move|p2a: Landorus|Earthquake|p1a: Blissey\n|-damage|p1a: Blissey|12\/100\n|move|p1a: Blissey|Ice Beam|p2a: Landorus\n|-supereffective|p2a: Landorus\n|-damage|p2a: Landorus|0 fnt\n|faint|p2a: Landorus\n|\n|upkeep\n|\n|t:|1653315777\n|switch|p2a: Kartana|Kartana, shiny|100\/100\n|turn|20\n|\n|t:|1653315780\n|switch|p1a: Heatran|Heatran, F|94\/100\n|-damage|p1a: Heatran|82\/100|[from] Stealth Rock\n|move|p2a: Kartana|Knock Off|p1a: Heatran\n|-damage|p1a: Heatran|56\/100\n|-enditem|p1a: Heatran|Leftovers|[from] move: Knock Off|[of] p2a: Kartana\n|\n|upkeep\n|turn|21\n|c| DepressionExists|no switchins\n|\n|t:|1653315800\n|switch|p2a: Buzzwole|Buzzwole|100\/100\n|move|p1a: Heatran|Lava Plume|p2a: Buzzwole\n|-supereffective|p2a: Buzzwole\n|-damage|p2a: Buzzwole|0 fnt\n|faint|p2a: Buzzwole\n|\n|upkeep\n|\n|t:|1653315810\n|switch|p2a: Kartana|Kartana, shiny|100\/100\n|turn|22\n|\n|t:|1653315819\n|switch|p1a: Kartana|Kartana|5\/100\n|-damage|p1a: Kartana|0 fnt|[from] Stealth Rock\n|faint|p1a: Kartana\n|move|p2a: Kartana|Dark Pulse|p1: Kartana|[notarget]\n|-fail|p2a: Kartana\n|\n|upkeep\n|\n|t:|1653315828\n|switch|p1a: Dragapult|Dragapult, F|78\/100\n|-damage|p1a: Dragapult|66\/100|[from] Stealth Rock\n|turn|23\n|inactive|ShootingSonicX has 120 seconds left.\n|inactive|ShootingSonicX has 90 seconds left.\n|\n|t:|1653315888\n|move|p1a: Dragapult|Dragon Darts|p2a: Kartana\n|-damage|p2a: Kartana|35\/100\n|replace|p2a: Zoroark|Zoroark, M\n|-end|p2a: Zoroark|Illusion\n|-anim|p1a: Dragapult|Dragon Darts|p2a: Zoroark\n|-damage|p2a: Zoroark|0 fnt\n|faint|p2a: Zoroark\n|-damage|p1a: Dragapult|56\/100|[from] item: Life Orb\n|\n|upkeep\n|l| ripreckful\n|\n|t:|1653315892\n|switch|p2a: Kartana|Kartana, shiny|100\/100\n|turn|24\n|\n|t:|1653315904\n|switch|p1a: Heatran|Heatran, F|56\/100\n|-damage|p1a: Heatran|43\/100|[from] Stealth Rock\n|move|p2a: Kartana|Knock Off|p1a: Heatran\n|-damage|p1a: Heatran|25\/100\n|\n|upkeep\n|turn|25\n|inactive|ShootingSonicX has 90 seconds left.\n|\n|t:|1653315928\n|move|p2a: Kartana|Knock Off|p1a: Heatran\n|-damage|p1a: Heatran|8\/100\n|-status|p2a: Kartana|brn|[from] ability: Flame Body|[of] p1a: Heatran\n|move|p1a: Heatran|Lava Plume|p2a: Kartana\n|-supereffective|p2a: Kartana\n|-damage|p2a: Kartana|0 fnt\n|faint|p2a: Kartana\n|\n|upkeep\n|\n|t:|1653315931\n|switch|p2a: Weavile|Weavile, F|100\/100\n|turn|26\n|\n|t:|1653315940\n|move|p2a: Weavile|Ice Shard|p1a: Heatran\n|-resisted|p1a: Heatran\n|-damage|p1a: Heatran|4\/100\n|move|p1a: Heatran|Body Press|p2a: Weavile\n|-supereffective|p2a: Weavile\n|-enditem|p2a: Weavile|Focus Sash\n|-damage|p2a: Weavile|1\/100\n|\n|upkeep\n|turn|27\n|\n|t:|1653315953\n|move|p2a: Weavile|Ice Shard|p1a: Heatran\n|-resisted|p1a: Heatran\n|-damage|p1a: Heatran|0 fnt\n|faint|p1a: Heatran\n|\n|upkeep\n|\n|t:|1653315959\n|switch|p1a: Dragapult|Dragapult, F|56\/100\n|-damage|p1a: Dragapult|44\/100|[from] Stealth Rock\n|turn|28\n|\n|t:|1653315963\n|move|p2a: Weavile|Ice Shard|p1a: Dragapult\n|-supereffective|p1a: Dragapult\n|-damage|p1a: Dragapult|0 fnt\n|faint|p1a: Dragapult\n|\n|upkeep\n|\n|t:|1653315965\n|switch|p1a: Blissey|Blissey, F|12\/100\n|turn|29\n|\n|t:|1653315968\n|move|p2a: Weavile|Ice Shard|p1a: Blissey\n|-damage|p1a: Blissey|0 fnt\n|faint|p1a: Blissey\n|\n|win|SetsuStsna\n|n|\u2606ShootingSonicX|shootingsonicx\n|n|\u2606SetsuStsna|setsustsna\n|n| CommitStab|commitstab\n|n| DepressionExists|depressionexists\n|n| Mel0nL0rd|mel0nl0rd\n|c|\u2606SetsuStsna|gg\n|l|\u2606ShootingSonicX\n|c| DepressionExists|oof\n|l|\u2606SetsuStsna\n|c| DepressionExists|the importance of rocks\n|c| CommitStab|1hp weav\n","uploadtime":1653315978,"views":98,"p1id":"shootingsonicx","p2id":"setsustsna","formatid":"gen8ou","rating":0,"private":0,"password":null}