{"id":"gen8bdspuu-1512600962","p1":"Kirbo6464","p2":"Ill Leave","format":"gen8bdspuu","log":"|j|\u2606Kirbo6464\n|j|\u2606Ill Leave\n|t:|1645057160\n|gametype|singles\n|player|p1|Kirbo6464|n|1303\n|player|p2|Ill Leave|janine|1500\n|teamsize|p1|6\n|teamsize|p2|6\n|gen|8\n|tier|[Gen 8 BDSP] UU\n|rated|\n|rule|Sleep Clause Mod: Limit one foe put to sleep\n|rule|Species Clause: Limit one of each Pok\u00e9mon\n|rule|OHKO Clause: OHKO moves are banned\n|rule|Evasion Moves Clause: Evasion moves are banned\n|rule|Endless Battle Clause: Forcing endless battles is banned\n|rule|HP Percentage Mod: HP is shown in percentages\n|clearpoke\n|poke|p1|Cloyster, F|\n|poke|p1|Aerodactyl, M|\n|poke|p1|Honchkrow, F|\n|poke|p1|Mismagius, M|\n|poke|p1|Primeape, F|\n|poke|p1|Rotom-Mow|\n|poke|p2|Hariyama, M|\n|poke|p2|Forretress, F|\n|poke|p2|Nidoking, M|\n|poke|p2|Entei|\n|poke|p2|Suicune|\n|poke|p2|Mismagius, F|\n|teampreview\n|\n|t:|1645057192\n|start\n|switch|p1a: Aerodactyl|Aerodactyl, M|100\/100\n|switch|p2a: Forretress|Forretress, F|100\/100\n|-ability|p1a: Aerodactyl|Pressure\n|turn|1\n|\n|t:|1645057198\n|move|p1a: Aerodactyl|Stealth Rock|p2a: Forretress\n|-sidestart|p2: Ill Leave|move: Stealth Rock\n|move|p2a: Forretress|Gyro Ball|p1a: Aerodactyl\n|-supereffective|p1a: Aerodactyl\n|-enditem|p1a: Aerodactyl|Focus Sash\n|-damage|p1a: Aerodactyl|1\/100\n|\n|upkeep\n|turn|2\n|\n|t:|1645057205\n|switch|p1a: Mismagius|Mismagius, M|100\/100\n|move|p2a: Forretress|Rapid Spin|p1a: Mismagius\n|-immune|p1a: Mismagius\n|\n|upkeep\n|turn|3\n|\n|t:|1645057211\n|move|p1a: Mismagius|Nasty Plot|p1a: Mismagius\n|-boost|p1a: Mismagius|spa|2\n|move|p2a: Forretress|Toxic Spikes|p1a: Mismagius\n|-sidestart|p1: Kirbo6464|move: Toxic Spikes\n|\n|upkeep\n|turn|4\n|\n|t:|1645057220\n|move|p1a: Mismagius|Shadow Ball|p2a: Forretress\n|-damage|p2a: Forretress|19\/100\n|move|p2a: Forretress|Gyro Ball|p1a: Mismagius\n|-damage|p1a: Mismagius|30\/100\n|\n|-heal|p1a: Mismagius|37\/100|[from] item: Leftovers\n|-heal|p2a: Forretress|25\/100|[from] item: Leftovers\n|upkeep\n|turn|5\n|\n|t:|1645057231\n|move|p1a: Mismagius|Shadow Ball|p2a: Forretress\n|-damage|p2a: Forretress|0 fnt\n|faint|p2a: Forretress\n|\n|-heal|p1a: Mismagius|43\/100|[from] item: Leftovers\n|upkeep\n|\n|t:|1645057232\n|switch|p2a: Hariyama|Hariyama, M|100\/100\n|-damage|p2a: Hariyama|94\/100|[from] Stealth Rock\n|turn|6\n|\n|t:|1645057252\n|move|p1a: Mismagius|Shadow Ball|p2a: Hariyama\n|-damage|p2a: Hariyama|24\/100\n|-unboost|p2a: Hariyama|spd|1\n|move|p2a: Hariyama|Knock Off|p1a: Mismagius\n|-supereffective|p1a: Mismagius\n|-damage|p1a: Mismagius|0 fnt\n|-enditem|p1a: Mismagius|Leftovers|[from] move: Knock Off|[of] p2a: Hariyama\n|faint|p1a: Mismagius\n|\n|-heal|p2a: Hariyama|30\/100|[from] item: Leftovers\n|upkeep\n|\n|t:|1645057267\n|switch|p1a: Honchkrow|Honchkrow, F|100\/100\n|turn|7\n|\n|t:|1645057277\n|move|p1a: Honchkrow|Brave Bird|p2a: Hariyama\n|-supereffective|p2a: Hariyama\n|-damage|p2a: Hariyama|0 fnt\n|faint|p2a: Hariyama\n|-ability|p1a: Honchkrow|Moxie|boost\n|-boost|p1a: Honchkrow|atk|1\n|-damage|p1a: Honchkrow|87\/100|[from] Recoil\n|-damage|p1a: Honchkrow|77\/100|[from] item: Life Orb\n|\n|upkeep\n|\n|t:|1645057284\n|switch|p2a: Nidoking|Nidoking, M|100\/100\n|-damage|p2a: Nidoking|95\/100|[from] Stealth Rock\n|turn|8\n|\n|t:|1645057291\n|move|p2a: Nidoking|Ice Beam|p1a: Honchkrow\n|-supereffective|p1a: Honchkrow\n|-damage|p1a: Honchkrow|0 fnt\n|faint|p1a: Honchkrow\n|\n|upkeep\n|\n|t:|1645057306\n|switch|p1a: Rotom|Rotom-Mow|100\/100\n|turn|9\n|\n|t:|1645057310\n|move|p1a: Rotom|Leaf Storm|p2a: Nidoking\n|-damage|p2a: Nidoking|0 fnt\n|-unboost|p1a: Rotom|spa|2\n|faint|p2a: Nidoking\n|\n|upkeep\n|\n|t:|1645057320\n|switch|p2a: Mismagius|Mismagius, F|100\/100\n|-damage|p2a: Mismagius|88\/100|[from] Stealth Rock\n|turn|10\n|j| BreathOfFreshErr\n|\n|t:|1645057328\n|switch|p1a: Aerodactyl|Aerodactyl, M|1\/100\n|-ability|p1a: Aerodactyl|Pressure\n|move|p2a: Mismagius|Nasty Plot|p2a: Mismagius\n|-boost|p2a: Mismagius|spa|2\n|\n|upkeep\n|turn|11\n|\n|t:|1645057331\n|move|p1a: Aerodactyl|Rock Tomb|p2a: Mismagius\n|-damage|p2a: Mismagius|38\/100\n|-unboost|p2a: Mismagius|spe|1\n|move|p2a: Mismagius|Hex|p1a: Aerodactyl\n|-damage|p1a: Aerodactyl|0 fnt\n|faint|p1a: Aerodactyl\n|\n|upkeep\n|\n|t:|1645057342\n|switch|p1a: Rotom|Rotom-Mow|100\/100\n|turn|12\n|\n|t:|1645057351\n|move|p1a: Rotom|Volt Switch|p2a: Mismagius\n|-damage|p2a: Mismagius|0 fnt\n|faint|p2a: Mismagius\n|\n|t:|1645057354\n|switch|p1a: Primeape|Primeape, F, shiny|100\/100|[from]move: Volt Switch\n|-status|p1a: Primeape|psn\n|\n|-damage|p1a: Primeape|88\/100 psn|[from] psn\n|upkeep\n|\n|t:|1645057360\n|switch|p2a: Suicune|Suicune|100\/100\n|-damage|p2a: Suicune|88\/100|[from] Stealth Rock\n|turn|13\n|\n|t:|1645057362\n|move|p1a: Primeape|Close Combat|p2a: Suicune\n|-damage|p2a: Suicune|60\/100\n|-unboost|p1a: Primeape|def|1\n|-unboost|p1a: Primeape|spd|1\n|move|p2a: Suicune|Calm Mind|p2a: Suicune\n|-boost|p2a: Suicune|spa|1\n|-boost|p2a: Suicune|spd|1\n|\n|-heal|p2a: Suicune|67\/100|[from] item: Leftovers\n|-damage|p1a: Primeape|76\/100 psn|[from] psn\n|upkeep\n|turn|14\n|\n|t:|1645057369\n|switch|p1a: Rotom|Rotom-Mow|100\/100\n|move|p2a: Suicune|Roar|p1a: Rotom\n|drag|p1a: Cloyster|Cloyster, F, shiny|100\/100\n|-status|p1a: Cloyster|psn\n|\n|-heal|p2a: Suicune|73\/100|[from] item: Leftovers\n|-damage|p1a: Cloyster|88\/100 psn|[from] psn\n|upkeep\n|turn|15\n|\n|t:|1645057376\n|switch|p1a: Rotom|Rotom-Mow|100\/100\n|move|p2a: Suicune|Scald|p1a: Rotom\n|-resisted|p1a: Rotom\n|-damage|p1a: Rotom|76\/100\n|\n|-heal|p2a: Suicune|79\/100|[from] item: Leftovers\n|upkeep\n|turn|16\n|\n|t:|1645057383\n|move|p1a: Rotom|Trick|p2a: Suicune\n|-activate|p1a: Rotom|move: Trick|[of] p2a: Suicune\n|-item|p2a: Suicune|Choice Specs|[from] move: Trick\n|-item|p1a: Rotom|Leftovers|[from] move: Trick\n|move|p2a: Suicune|Scald|p1a: Rotom\n|-resisted|p1a: Rotom\n|-damage|p1a: Rotom|38\/100\n|-status|p1a: Rotom|brn\n|\n|-heal|p1a: Rotom|44\/100 brn|[from] item: Leftovers\n|-damage|p1a: Rotom|38\/100 brn|[from] brn\n|upkeep\n|turn|17\n|\n|t:|1645057395\n|move|p1a: Rotom|Thunderbolt|p2a: Suicune\n|-supereffective|p2a: Suicune\n|-damage|p2a: Suicune|37\/100\n|move|p2a: Suicune|Scald|p1a: Rotom\n|-resisted|p1a: Rotom\n|-damage|p1a: Rotom|0 fnt\n|faint|p1a: Rotom\n|\n|upkeep\n|\n|t:|1645057401\n|switch|p1a: Primeape|Primeape, F, shiny|76\/100 psn\n|turn|18\n|\n|t:|1645057404\n|move|p1a: Primeape|Close Combat|p2a: Suicune\n|-damage|p2a: Suicune|6\/100\n|-unboost|p1a: Primeape|def|1\n|-unboost|p1a: Primeape|spd|1\n|move|p2a: Suicune|Scald|p1a: Primeape\n|-damage|p1a: Primeape|0 fnt\n|faint|p1a: Primeape\n|\n|upkeep\n|\n|t:|1645057408\n|switch|p1a: Cloyster|Cloyster, F, shiny|88\/100 psn\n|turn|19\n|\n|t:|1645057412\n|move|p1a: Cloyster|Icicle Spear|p2a: Suicune\n|-resisted|p2a: Suicune\n|-damage|p2a: Suicune|3\/100\n|-resisted|p2a: Suicune\n|-damage|p2a: Suicune|0 fnt\n|faint|p2a: Suicune\n|-hitcount|p2: Suicune|2\n|\n|-damage|p1a: Cloyster|76\/100 psn|[from] psn\n|upkeep\n|\n|t:|1645057416\n|switch|p2a: Entei|Entei|100\/100\n|-damage|p2a: Entei|76\/100|[from] Stealth Rock\n|turn|20\n|\n|t:|1645057428\n|move|p2a: Entei|Stone Edge|p1a: Cloyster\n|-supereffective|p1a: Cloyster\n|-damage|p1a: Cloyster|0 fnt\n|faint|p1a: Cloyster\n|\n|win|Ill Leave\n|raw|Kirbo6464's rating: 1303 &rarr; <strong>1293<\/strong><br \/>(-10 for losing)\n|raw|Ill Leave's rating: 1500 &rarr; <strong>1510<\/strong><br \/>(+10 for winning)\n|l|\u2606Kirbo6464\n|l|\u2606Ill Leave\n","uploadtime":1645057433,"views":114,"p1id":"kirbo6464","p2id":"illleave","formatid":"gen8bdspuu","rating":1293,"private":0,"password":null}