{"id":"gen8ou-1695754825","p1":"minimax_ai","p2":"ImystT","format":"gen8ou","log":"|html|<div class=\"broadcast-blue\"><strong>[Gen 8] OU is currently suspecting Melmetal! For information on how to participate check out the <a href=\"https:\/\/www.smogon.com\/forums\/threads\/np-ss-ou-suspect-process-round-12-monster-mash.3709234\/\">suspect thread<\/a>.<\/strong><\/div>\n|j|\u2606minimax_ai\n|j|\u2606ImystT\n|t:|1666824786\n|gametype|singles\n|player|p1|minimax_ai|266|1407\n|player|p2|ImystT|bruno-gen3|1411\n|teamsize|p1|6\n|teamsize|p2|6\n|gen|8\n|tier|[Gen 8] OU\n|rated|\n|rule|Sleep Clause Mod: Limit one foe put to sleep\n|rule|Species Clause: Limit one of each Pok\u00e9mon\n|rule|OHKO Clause: OHKO moves are banned\n|rule|Evasion Items Clause: Evasion items are banned\n|rule|Evasion Moves Clause: Evasion moves are banned\n|rule|Endless Battle Clause: Forcing endless battles is banned\n|rule|HP Percentage Mod: HP is shown in percentages\n|rule|Dynamax Clause: You cannot dynamax\n|clearpoke\n|poke|p1|Rotom-Wash|\n|poke|p1|Weavile, M|\n|poke|p1|Landorus-Therian, M|\n|poke|p1|Heatran, M|\n|poke|p1|Tangrowth, M|\n|poke|p1|Melmetal|\n|poke|p2|Toxapex, M|\n|poke|p2|Skarmory, F|\n|poke|p2|Blacephalon|\n|poke|p2|Excadrill, M|\n|poke|p2|Hippowdon, F|\n|poke|p2|Clefable, M|\n|teampreview\n|c|\u2606minimax_ai|hf\n|inactive|Battle timer is ON: inactive players will automatically lose when time's up. (requested by minimax_ai)\n|\n|t:|1666824815\n|start\n|switch|p1a: Heatran|Heatran, M|100\/100\n|switch|p2a: Clefable|Clefable, M|100\/100\n|-item|p1a: Heatran|Air Balloon\n|turn|1\n|\n|t:|1666824822\n|switch|p2a: Toxapex|Toxapex, M|100\/100\n|move|p1a: Heatran|Eruption|p2a: Toxapex\n|-resisted|p2a: Toxapex\n|-damage|p2a: Toxapex|76\/100\n|\n|upkeep\n|turn|2\n|\n|t:|1666824825\n|move|p1a: Heatran|Stealth Rock|p2a: Toxapex\n|-sidestart|p2: ImystT|move: Stealth Rock\n|move|p2a: Toxapex|Knock Off|p1a: Heatran\n|-damage|p1a: Heatran|84\/100\n|-enditem|p1a: Heatran|Air Balloon\n|\n|upkeep\n|turn|3\n|\n|t:|1666824833\n|switch|p2a: Hippowdon|Hippowdon, F|100\/100\n|-damage|p2a: Hippowdon|94\/100|[from] Stealth Rock\n|-weather|Sandstorm|[from] ability: Sand Stream|[of] p2a: Hippowdon\n|move|p1a: Heatran|Magma Storm|p2a: Hippowdon\n|-damage|p2a: Hippowdon|58\/100\n|-activate|p2a: Hippowdon|move: Magma Storm|[of] p1a: Heatran\n|\n|-weather|Sandstorm|[upkeep]\n|-damage|p2a: Hippowdon|45\/100|[from] move: Magma Storm|[partiallytrapped]\n|upkeep\n|turn|4\n|\n|t:|1666824837\n|move|p1a: Heatran|Eruption|p2a: Hippowdon\n|-damage|p2a: Hippowdon|0 fnt\n|faint|p2a: Hippowdon\n|\n|-weather|Sandstorm|[upkeep]\n|upkeep\n|\n|t:|1666824840\n|switch|p2a: Excadrill|Excadrill, M|100\/100\n|-damage|p2a: Excadrill|97\/100|[from] Stealth Rock\n|turn|5\n|\n|t:|1666824843\n|switch|p1a: rotomwash|Rotom-Wash|100\/100\n|move|p2a: Excadrill|Rapid Spin|p1a: rotomwash\n|-damage|p1a: rotomwash|81\/100\n|-boost|p2a: Excadrill|spe|1\n|-sideend|p2: ImystT|Stealth Rock|[from] move: Rapid Spin|[of] p2a: Excadrill\n|\n|-weather|Sandstorm|[upkeep]\n|-damage|p1a: rotomwash|75\/100|[from] Sandstorm\n|-heal|p2a: Excadrill|100\/100|[from] item: Leftovers\n|-heal|p1a: rotomwash|81\/100|[from] item: Leftovers\n|upkeep\n|turn|6\n|\n|t:|1666824858\n|switch|p2a: Clefable|Clefable, M|100\/100\n|move|p1a: rotomwash|Nasty Plot|p1a: rotomwash\n|-boost|p1a: rotomwash|spa|2\n|\n|-weather|Sandstorm|[upkeep]\n|-damage|p1a: rotomwash|75\/100|[from] Sandstorm\n|-heal|p1a: rotomwash|81\/100|[from] item: Leftovers\n|upkeep\n|turn|7\n|\n|t:|1666824865\n|move|p1a: rotomwash|Thunderbolt|p2a: Clefable\n|-damage|p2a: Clefable|30\/100\n|move|p2a: Clefable|Calm Mind|p2a: Clefable\n|-boost|p2a: Clefable|spa|1\n|-boost|p2a: Clefable|spd|1\n|\n|-weather|Sandstorm|[upkeep]\n|-damage|p1a: rotomwash|75\/100|[from] Sandstorm\n|-heal|p1a: rotomwash|81\/100|[from] item: Leftovers\n|upkeep\n|turn|8\n|\n|t:|1666824869\n|switch|p2a: Excadrill|Excadrill, M|100\/100\n|move|p1a: rotomwash|Hydro Pump|p2a: Excadrill\n|-supereffective|p2a: Excadrill\n|-damage|p2a: Excadrill|0 fnt\n|faint|p2a: Excadrill\n|\n|-weather|Sandstorm|[upkeep]\n|-damage|p1a: rotomwash|75\/100|[from] Sandstorm\n|-heal|p1a: rotomwash|81\/100|[from] item: Leftovers\n|upkeep\n|-message|ImystT forfeited.\n|\n|win|minimax_ai\n|raw|minimax_ai's rating: 1407 &rarr; <strong>1427<\/strong><br \/>(+20 for winning)\n|raw|ImystT's rating: 1411 &rarr; <strong>1391<\/strong><br \/>(-20 for losing)\n|c|\u2606minimax_ai|gg\n","uploadtime":1666824874,"views":4,"p1id":"minimaxai","p2id":"imystt","formatid":"gen8ou","rating":1391,"private":0,"password":null}