{"id":"gen8randombattle-1086484414","p1":"comp233","p2":"Pyroneus","format":"gen8randombattle","log":"|j|\u2606comp233\n|j|\u2606Pyroneus\n|player|p1|comp233|115|2045\n|player|p2|Pyroneus|brawly|2079\n|teamsize|p1|6\n|teamsize|p2|6\n|gametype|singles\n|gen|8\n|tier|[Gen 8] Random Battle\n|rated|\n|rule|Species Clause: Limit one of each Pok\u00e9mon\n|rule|HP Percentage Mod: HP is shown in percentages\n|rule|Sleep Clause Mod: Limit one foe put to sleep\n|\n|start\n|switch|p1a: Hitmonlee|Hitmonlee, L84, M|221\/221\n|switch|p2a: Darmanitan|Darmanitan-Galar, L80, M|299\/299\n|turn|1\n|inactive|Battle timer is ON: inactive players will automatically lose when time's up. (requested by Pyroneus)\n|\n|move|p1a: Hitmonlee|Fake Out|p2a: Darmanitan\n|-damage|p2a: Darmanitan|231\/299\n|-damage|p1a: Hitmonlee|199\/221|[from] item: Life Orb\n|cant|p2a: Darmanitan|flinch\n|\n|upkeep\n|turn|2\n|\n|switch|p1a: Lapras|Lapras, L88, M|371\/371\n|move|p2a: Darmanitan|Icicle Crash|p1a: Lapras\n|-resisted|p1a: Lapras\n|-damage|p1a: Lapras|328\/371\n|\n|-heal|p1a: Lapras|351\/371|[from] item: Leftovers\n|upkeep\n|turn|3\n|\n|switch|p2a: Inteleon|Inteleon, L82, M|249\/249\n|move|p1a: Lapras|Toxic|p2a: Inteleon\n|-status|p2a: Inteleon|tox\n|\n|-heal|p1a: Lapras|371\/371|[from] item: Leftovers\n|-damage|p2a: Inteleon|234\/249 tox|[from] psn\n|upkeep\n|turn|4\n|\n|move|p2a: Inteleon|Dark Pulse|p1a: Lapras\n|-damage|p1a: Lapras|284\/371\n|move|p1a: Lapras|Freeze-Dry|p2a: Inteleon\n|-supereffective|p2a: Inteleon\n|-damage|p2a: Inteleon|36\/249 tox\n|\n|-heal|p1a: Lapras|307\/371|[from] item: Leftovers\n|-damage|p2a: Inteleon|6\/249 tox|[from] psn\n|upkeep\n|turn|5\n|\n|move|p2a: Inteleon|Dark Pulse|p1a: Lapras\n|-damage|p1a: Lapras|221\/371\n|move|p1a: Lapras|Substitute|p1a: Lapras\n|-start|p1a: Lapras|Substitute\n|-damage|p1a: Lapras|129\/371\n|\n|-heal|p1a: Lapras|152\/371|[from] item: Leftovers\n|-damage|p2a: Inteleon|0 fnt|[from] psn\n|faint|p2a: Inteleon\n|upkeep\n|\n|switch|p2a: Gengar|Gengar, L80, M|227\/227\n|turn|6\n|\n|move|p2a: Gengar|Sludge Wave|p1a: Lapras\n|-end|p1a: Lapras|Substitute\n|-damage|p2a: Gengar|205\/227|[from] item: Life Orb\n|move|p1a: Lapras|Sparkling Aria|p2a: Gengar\n|-damage|p2a: Gengar|100\/227\n|-start|p1a: Lapras|Disable|Sparkling Aria|[from] ability: Cursed Body|[of] p2a: Gengar\n|\n|-heal|p1a: Lapras|175\/371|[from] item: Leftovers\n|upkeep\n|turn|7\n|\n|switch|p1a: Corsola|Corsola, L82, F|241\/241\n|move|p2a: Gengar|Focus Blast|p1a: Corsola|[miss]\n|-miss|p2a: Gengar|p1a: Corsola\n|\n|upkeep\n|turn|8\n|\n|move|p2a: Gengar|Nasty Plot|p2a: Gengar\n|-boost|p2a: Gengar|spa|2\n|move|p1a: Corsola|Scald|p2a: Gengar\n|-damage|p2a: Gengar|25\/227\n|-start|p1a: Corsola|Disable|Scald|[from] ability: Cursed Body|[of] p2a: Gengar\n|\n|upkeep\n|turn|9\n|\n|move|p2a: Gengar|Focus Blast|p1a: Corsola\n|-supereffective|p1a: Corsola\n|-damage|p1a: Corsola|0 fnt\n|-damage|p2a: Gengar|3\/227|[from] item: Life Orb\n|faint|p1a: Corsola\n|\n|upkeep\n|inactive|comp233 has 120 seconds left.\n|\n|switch|p1a: Trevenant|Trevenant, L88, M|293\/293\n|turn|10\n|inactive|Pyroneus has 120 seconds left.\n|\n|move|p2a: Gengar|Shadow Ball|p1a: Trevenant\n|-supereffective|p1a: Trevenant\n|-damage|p1a: Trevenant|0 fnt\n|-damage|p2a: Gengar|0 fnt|[from] item: Life Orb\n|faint|p1a: Trevenant\n|faint|p2a: Gengar\n|\n|upkeep\n|inactive|Pyroneus has 120 seconds left.\n|\n|switch|p2a: Conkeldurr|Conkeldurr, L80, M|299\/299\n|switch|p1a: Hitmonlee|Hitmonlee, L84, M|199\/221\n|turn|11\n|inactive|Pyroneus has 120 seconds left.\n|\n|move|p1a: Hitmonlee|Fake Out|p2a: Conkeldurr\n|-damage|p2a: Conkeldurr|255\/299\n|-damage|p1a: Hitmonlee|177\/221|[from] item: Life Orb\n|cant|p2a: Conkeldurr|flinch\n|\n|upkeep\n|turn|12\n|inactive|comp233 has 90 seconds left.\n|\n|switch|p1a: Golurk|Golurk, L86|293\/293\n|switch|p2a: Dusknoir|Dusknoir, L88, M|222\/222\n|-item|p1a: Golurk|Life Orb|[from] ability: Frisk|[of] p2a: Dusknoir|[identify]\n|\n|upkeep\n|turn|13\n|inactive|comp233 has 90 seconds left.\n|\n|switch|p1a: Lapras|Lapras, L88, M|175\/371\n|switch|p2a: Vileplume|Vileplume, L84, M|263\/263\n|\n|-heal|p1a: Lapras|198\/371|[from] item: Leftovers\n|upkeep\n|turn|14\n|\n|move|p1a: Lapras|Substitute|p1a: Lapras\n|-start|p1a: Lapras|Substitute\n|-damage|p1a: Lapras|106\/371\n|move|p2a: Vileplume|Sludge Bomb|p1a: Lapras\n|-end|p1a: Lapras|Substitute\n|\n|-heal|p1a: Lapras|129\/371|[from] item: Leftovers\n|upkeep\n|turn|15\n|\n|move|p1a: Lapras|Freeze-Dry|p2a: Vileplume\n|-supereffective|p2a: Vileplume\n|-damage|p2a: Vileplume|119\/263\n|move|p2a: Vileplume|Sludge Bomb|p1a: Lapras\n|-damage|p1a: Lapras|42\/371\n|\n|-heal|p1a: Lapras|65\/371|[from] item: Leftovers\n|-heal|p2a: Vileplume|135\/263|[from] item: Black Sludge\n|upkeep\n|turn|16\n|\n|switch|p2a: Darmanitan|Darmanitan-Galar, L80, M|231\/299\n|move|p1a: Lapras|Freeze-Dry|p2a: Darmanitan\n|-resisted|p2a: Darmanitan\n|-damage|p2a: Darmanitan|175\/299\n|\n|-heal|p1a: Lapras|88\/371|[from] item: Leftovers\n|upkeep\n|turn|17\n|inactive|comp233 has 90 seconds left.\n|inactive|Pyroneus has 120 seconds left.\n|inactive|comp233 has 60 seconds left.\n|\n|move|p2a: Darmanitan|Icicle Crash|p1a: Lapras|[miss]\n|-miss|p2a: Darmanitan|p1a: Lapras\n|move|p1a: Lapras|Freeze-Dry|p2a: Darmanitan\n|-resisted|p2a: Darmanitan\n|-damage|p2a: Darmanitan|124\/299\n|\n|-heal|p1a: Lapras|111\/371|[from] item: Leftovers\n|-formechange|p2a: Darmanitan|Darmanitan-Galar-Zen|\n|upkeep\n|turn|18\n|inactive|comp233 has 60 seconds left.\n|\n|-start|p2a: Darmanitan|Dynamax\n|-heal|p2a: Darmanitan|248\/598|[silent]\n|move|p2a: Darmanitan|Max Knuckle|p1a: Lapras\n|-supereffective|p1a: Lapras\n|-damage|p1a: Lapras|0 fnt\n|-boost|p2a: Darmanitan|atk|1\n|faint|p1a: Lapras\n|\n|upkeep\n|\n|switch|p1a: Hitmonlee|Hitmonlee, L84, M|177\/221\n|turn|19\n|\n|move|p1a: Hitmonlee|Mach Punch|p2a: Darmanitan\n|-supereffective|p2a: Darmanitan\n|-damage|p2a: Darmanitan|69\/598\n|-damage|p1a: Hitmonlee|155\/221|[from] item: Life Orb\n|move|p2a: Darmanitan|Max Hailstorm|p1a: Hitmonlee\n|-damage|p1a: Hitmonlee|0 fnt\n|-weather|Hail\n|faint|p1a: Hitmonlee\n|\n|-weather|Hail|[upkeep]\n|upkeep\n|\n|switch|p1a: Toxtricity|Toxtricity, L82, M|257\/257\n|turn|20\n|\n|move|p2a: Darmanitan|Max Hailstorm|p1a: Toxtricity\n|-damage|p1a: Toxtricity|0 fnt\n|faint|p1a: Toxtricity\n|\n|-weather|Hail|[upkeep]\n|-end|p2a: Darmanitan|Dynamax\n|-heal|p2a: Darmanitan|35\/299|[silent]\n|upkeep\n|inactive|comp233 has 60 seconds left.\n|\n|switch|p1a: Golurk|Golurk, L86|293\/293\n|turn|21\n|\n|move|p2a: Darmanitan|Icicle Crash|p1a: Golurk\n|-supereffective|p1a: Golurk\n|-damage|p1a: Golurk|0 fnt\n|faint|p1a: Golurk\n|\n|win|Pyroneus\n|l|\u2606comp233\n","inputlog":">version f72f37d704d3ccde32ae808c19624d39ee7630b0\n>start {\"formatid\":\"gen8randombattle\",\"seed\":[21758,61678,2187,58436],\"rated\":\"Rated battle\"}\n>player p1 {\"name\":\"comp233\",\"avatar\":\"115\",\"team\":\"\",\"rating\":2045,\"seed\":[29688,14869,55979,52855]}\n>player p2 {\"name\":\"Pyroneus\",\"avatar\":\"brawly\",\"team\":\"\",\"rating\":2079,\"seed\":[50791,22679,46343,7453]}\n>p1 move fakeout\n>p2 move iciclecrash\n>p1 switch 3\n>p2 move iciclecrash\n>p1 move toxic\n>p2 switch 6\n>p1 move freezedry\n>p2 move darkpulse\n>p1 move substitute\n>p2 move darkpulse\n>p2 switch 2\n>p1 move sparklingaria\n>p2 move sludgewave\n>p1 switch 4\n>p2 move focusblast\n>p1 move scald\n>p2 move nastyplot\n>p1 move powergem\n>p2 move focusblast\n>p1 switch 5\n>p1 move trickroom\n>p2 move shadowball\n>p1 switch 3\n>p2 switch 5\n>p1 move fakeout\n>p2 move drainpunch\n>p1 switch 6\n>p2 switch 3\n>p1 switch 4\n>p2 switch 4\n>p1 move substitute\n>p2 move sludgebomb\n>p1 move freezedry\n>p2 move sludgebomb\n>p1 move freezedry\n>p2 switch 6\n>p1 move freezedry\n>p2 move iciclecrash\n>p1 move sparklingaria\n>p2 move superpower dynamax\n>p1 switch 6\n>p1 move machpunch\n>p2 move iciclecrash dynamax\n>p1 switch 2\n>p1 move shiftgear\n>p2 move iciclecrash dynamax\n>p1 switch 4\n>p1 move rockpolish\n>p2 move iciclecrash","uploadtime":1585346495,"views":4,"p1id":"comp233","p2id":"pyroneus","formatid":"gen8randombattle","rating":0,"private":0,"password":null}