{"id":"gen8randombattle-1505493538","p1":"Chaud74","p2":"dengjx6","format":"gen8randombattle","log":"|j|\u2606Chaud74\n|j|\u2606dengjx6\n|t:|1644161857\n|gametype|singles\n|player|p1|Chaud74|102|1824\n|player|p2|dengjx6|170|1861\n|teamsize|p1|6\n|teamsize|p2|6\n|gen|8\n|tier|[Gen 8] Random Battle\n|rated|\n|rule|Species Clause: Limit one of each Pok\u00e9mon\n|rule|HP Percentage Mod: HP is shown in percentages\n|rule|Sleep Clause Mod: Limit one foe put to sleep\n|\n|t:|1644161857\n|start\n|switch|p1a: Gothitelle|Gothitelle, L86, M|261\/261\n|switch|p2a: Chansey|Chansey, L84, F|557\/557\n|turn|1\n|inactive|Battle timer is ON: inactive players will automatically lose when time's up. (requested by dengjx6)\n|\n|t:|1644161875\n|switch|p1a: Heracross|Heracross, L82, F|265\/265\n|move|p2a: Chansey|Stealth Rock|p1a: Heracross\n|-sidestart|p1: Chaud74|move: Stealth Rock\n|\n|-status|p1a: Heracross|brn|[from] item: Flame Orb\n|upkeep\n|turn|2\n|\n|t:|1644161884\n|switch|p2a: Blacephalon|Blacephalon, L80|216\/216\n|move|p1a: Heracross|Knock Off|p2a: Blacephalon\n|-supereffective|p2a: Blacephalon\n|-damage|p2a: Blacephalon|0 fnt\n|-enditem|p2a: Blacephalon|Heavy-Duty Boots|[from] move: Knock Off|[of] p1a: Heracross\n|faint|p2a: Blacephalon\n|\n|-damage|p1a: Heracross|249\/265 brn|[from] brn\n|upkeep\n|\n|t:|1644161887\n|switch|p2a: Ninjask|Ninjask, L86, F|245\/245\n|turn|3\n|\n|t:|1644161901\n|switch|p1a: Miltank|Miltank, L84, F|297\/297\n|-damage|p1a: Miltank|260\/297|[from] Stealth Rock\n|move|p2a: Ninjask|U-turn|p1a: Miltank\n|-damage|p1a: Miltank|191\/297\n|\n|t:|1644161908\n|switch|p2a: Heracross|Heracross, L82, M|265\/265\n|\n|-heal|p1a: Miltank|209\/297|[from] item: Leftovers\n|-status|p2a: Heracross|brn|[from] item: Flame Orb\n|upkeep\n|turn|4\n|\n|t:|1644161928\n|move|p1a: Miltank|Body Slam|p2a: Heracross\n|-damage|p2a: Heracross|172\/265 brn\n|move|p2a: Heracross|Facade|p1a: Miltank\n|-damage|p1a: Miltank|58\/297\n|\n|-heal|p1a: Miltank|76\/297|[from] item: Leftovers\n|-damage|p2a: Heracross|156\/265 brn|[from] brn\n|upkeep\n|turn|5\n|\n|t:|1644161937\n|move|p1a: Miltank|Body Slam|p2a: Heracross\n|-damage|p2a: Heracross|59\/265 brn\n|move|p2a: Heracross|Close Combat|p1a: Miltank\n|-supereffective|p1a: Miltank\n|-damage|p1a: Miltank|0 fnt\n|-unboost|p2a: Heracross|def|1\n|-unboost|p2a: Heracross|spd|1\n|faint|p1a: Miltank\n|\n|-damage|p2a: Heracross|43\/265 brn|[from] brn\n|upkeep\n|\n|t:|1644161949\n|switch|p1a: Kyurem|Kyurem-Black, L73|303\/303\n|-ability|p1a: Kyurem|Teravolt\n|turn|6\n|\n|t:|1644161953\n|move|p2a: Heracross|Close Combat|p1a: Kyurem\n|-supereffective|p1a: Kyurem\n|-damage|p1a: Kyurem|0 fnt\n|-unboost|p2a: Heracross|def|1\n|-unboost|p2a: Heracross|spd|1\n|faint|p1a: Kyurem\n|\n|-damage|p2a: Heracross|27\/265 brn|[from] brn\n|upkeep\n|\n|t:|1644161962\n|switch|p1a: Gothitelle|Gothitelle, L82, M|233\/233\n|-damage|p1a: Gothitelle|204\/233|[from] Stealth Rock\n|turn|7\n|\n|t:|1644161971\n|switch|p2a: Chansey|Chansey, L84, F|557\/557\n|move|p1a: Gothitelle|Dark Pulse|p2a: Chansey\n|-damage|p2a: Chansey|483\/557\n|-damage|p1a: Gothitelle|181\/233|[from] item: Life Orb\n|\n|upkeep\n|turn|8\n|\n|t:|1644161981\n|switch|p1a: Heracross|Heracross, L82, F|249\/265 brn\n|-damage|p1a: Heracross|216\/265 brn|[from] Stealth Rock\n|switch|p2a: Ninjask|Ninjask, L86, F|245\/245\n|\n|-damage|p1a: Heracross|200\/265 brn|[from] brn\n|upkeep\n|turn|9\n|\n|t:|1644161990\n|move|p2a: Ninjask|Acrobatics|p1a: Heracross\n|-supereffective|p1a: Heracross\n|-damage|p1a: Heracross|0 fnt\n|faint|p1a: Heracross\n|\n|-ability|p2a: Ninjask|Speed Boost|boost\n|-boost|p2a: Ninjask|spe|1\n|upkeep\n|-message|Chaud74 forfeited.\n|\n|win|dengjx6\n|raw|Chaud74's rating: 1824 &rarr; <strong>1806<\/strong><br \/>(-18 for losing)\n|raw|dengjx6's rating: 1861 &rarr; <strong>1879<\/strong><br \/>(+18 for winning)\n|l|\u2606Chaud74\n","inputlog":">version 640cdcab218f88e6be2ac238957f7769a15acf00\n>version-origin 66c2f4b53aa343e9958fd7cef52e4a452eee7f80\n>start {\"formatid\":\"gen8randombattle\",\"seed\":[42982,32600,10911,46591],\"rated\":\"Rated battle\"}\n>player p1 {\"name\":\"Chaud74\",\"avatar\":\"102\",\"rating\":1824,\"seed\":[54806,58113,10779,54290]}\n>player p2 {\"name\":\"dengjx6\",\"avatar\":\"170\",\"rating\":1861,\"seed\":[23119,22065,16434,1558]}\n>p1 switch 6\n>p2 move stealthrock\n>p1 move knockoff\n>p2 switch 4\n>p2 switch 3\n>p1 switch 2\n>p2 move uturn\n>p2 switch 2\n>p1 move bodyslam\n>p2 move facade\n>p1 move bodyslam\n>p2 move closecombat\n>p1 switch 4\n>p1 move iciclespear\n>p2 move closecombat\n>p1 switch 5\n>p1 move darkpulse\n>p2 switch 4\n>p1 switch 2\n>p2 switch 2\n>p1 move knockoff\n>p2 move acrobatics\n>forcelose p1","uploadtime":1644162003,"views":11,"p1id":"chaud74","p2id":"dengjx6","formatid":"gen8randombattle","rating":1806,"private":0,"password":null}