{"id":"gen8ou-1642139860","p1":"30orless","p2":"Dindon Ductile","format":"gen8ou","log":"|j|\u260630orless\n|j|\u2606Dindon Ductile\n|t:|1660786279\n|gametype|singles\n|player|p1|30orless|265|1572\n|player|p2|Dindon Ductile|1|1529\n|teamsize|p1|6\n|teamsize|p2|6\n|gen|8\n|tier|[Gen 8] OU\n|rated|\n|rule|Sleep Clause Mod: Limit one foe put to sleep\n|rule|Species Clause: Limit one of each Pok\u00e9mon\n|rule|OHKO Clause: OHKO moves are banned\n|rule|Evasion Items Clause: Evasion items are banned\n|rule|Evasion Moves Clause: Evasion moves are banned\n|rule|Endless Battle Clause: Forcing endless battles is banned\n|rule|HP Percentage Mod: HP is shown in percentages\n|rule|Dynamax Clause: You cannot dynamax\n|clearpoke\n|poke|p1|Heatran, M|\n|poke|p1|Hydreigon, M|\n|poke|p1|Blaziken, F|\n|poke|p1|Volcanion|\n|poke|p1|Zapdos|\n|poke|p1|Mamoswine, M|\n|poke|p2|Tapu Koko|\n|poke|p2|Urshifu-*, F|\n|poke|p2|Garchomp, M|\n|poke|p2|Tornadus-Therian, M|\n|poke|p2|Ninetales-Alola, F|\n|poke|p2|Corviknight, F|\n|teampreview\n|inactive|Battle timer is ON: inactive players will automatically lose when time's up. (requested by 30orless)\n|\n|t:|1660786303\n|start\n|switch|p1a: Heatran|Heatran, M|100\/100\n|switch|p2a: Tapu Koko|Tapu Koko|100\/100\n|-fieldstart|move: Electric Terrain|[from] ability: Electric Surge|[of] p2a: Tapu Koko\n|turn|1\n|\n|t:|1660786310\n|move|p2a: Tapu Koko|Volt Switch|p1a: Heatran\n|-damage|p1a: Heatran|46\/100\n|\n|t:|1660786315\n|switch|p2a: Tornadus|Tornadus-Therian, M|100\/100|[from]move: Volt Switch\n|move|p1a: Heatran|Magma Storm|p2a: Tornadus|[miss]\n|-miss|p1a: Heatran|p2a: Tornadus\n|-enditem|p1a: Heatran|Blunder Policy\n|-boost|p1a: Heatran|spe|2\n|\n|upkeep\n|turn|2\n|\n|t:|1660786324\n|move|p1a: Heatran|Magma Storm|p2a: Tornadus|[miss]\n|-miss|p1a: Heatran|p2a: Tornadus\n|move|p2a: Tornadus|Superpower|p1a: Heatran\n|-supereffective|p1a: Heatran\n|-damage|p1a: Heatran|0 fnt\n|-unboost|p2a: Tornadus|atk|1\n|-unboost|p2a: Tornadus|def|1\n|-status|p2a: Tornadus|brn|[from] ability: Flame Body|[of] p1a: Heatran\n|faint|p1a: Heatran\n|\n|-damage|p2a: Tornadus|94\/100 brn|[from] brn\n|upkeep\n|\n|t:|1660786331\n|switch|p1a: Mamoswine|Mamoswine, M|100\/100\n|turn|3\n|\n|t:|1660786337\n|switch|p2a: Corviknight|Corviknight, F|100\/100\n|-ability|p2a: Corviknight|Pressure\n|move|p1a: Mamoswine|Stealth Rock|p2a: Corviknight\n|-sidestart|p2: Dindon Ductile|move: Stealth Rock\n|\n|upkeep\n|turn|4\n|\n|t:|1660786342\n|switch|p1a: Blaziken|Blaziken, F|100\/100\n|move|p2a: Corviknight|Defog|p1a: Blaziken\n|-unboost|p1a: Blaziken|evasion|1\n|-sideend|p2: Dindon Ductile|Stealth Rock|[from] move: Defog|[of] p2a: Corviknight\n|-fieldend|move: Electric Terrain\n|\n|upkeep\n|turn|5\n|\n|t:|1660786369\n|move|p1a: Blaziken|Overheat|p2a: Corviknight\n|-supereffective|p2a: Corviknight\n|-damage|p2a: Corviknight|0 fnt\n|-unboost|p1a: Blaziken|spa|2\n|faint|p2a: Corviknight\n|-damage|p1a: Blaziken|91\/100|[from] item: Life Orb\n|\n|-ability|p1a: Blaziken|Speed Boost|boost\n|-boost|p1a: Blaziken|spe|1\n|upkeep\n|inactive|Dindon Ductile has 120 seconds left.\n|\n|t:|1660786380\n|switch|p2a: Garchomp|Garchomp, M|100\/100\n|turn|6\n|\n|t:|1660786388\n|switch|p1a: Mamoswine|Mamoswine, M|100\/100\n|move|p2a: Garchomp|Stealth Rock|p1a: Mamoswine\n|-sidestart|p1: 30orless|move: Stealth Rock\n|\n|upkeep\n|turn|7\n|\n|t:|1660786396\n|switch|p2a: Urshifu|Urshifu-Rapid-Strike, F|100\/100\n|move|p1a: Mamoswine|Stealth Rock|p2a: Urshifu\n|-sidestart|p2: Dindon Ductile|move: Stealth Rock\n|\n|upkeep\n|turn|8\n|\n|t:|1660786407\n|switch|p1a: Zapdos|Zapdos|100\/100\n|move|p2a: Urshifu|U-turn|p1a: Zapdos\n|-resisted|p1a: Zapdos\n|-damage|p1a: Zapdos|88\/100\n|\n|t:|1660786419\n|switch|p2a: Tornadus|Tornadus-Therian, M|100\/100 brn|[from]move: U-turn\n|-damage|p2a: Tornadus|76\/100 brn|[from] Stealth Rock\n|\n|-damage|p2a: Tornadus|69\/100 brn|[from] brn\n|upkeep\n|turn|9\n|\n|t:|1660786426\n|move|p2a: Tornadus|Knock Off|p1a: Zapdos\n|-damage|p1a: Zapdos|78\/100\n|-enditem|p1a: Zapdos|Heavy-Duty Boots|[from] move: Knock Off|[of] p2a: Tornadus\n|move|p1a: Zapdos|Discharge|p2a: Tornadus\n|-supereffective|p2a: Tornadus\n|-damage|p2a: Tornadus|18\/100 brn\n|\n|-damage|p2a: Tornadus|12\/100 brn|[from] brn\n|upkeep\n|turn|10\n|\n|t:|1660786433\n|move|p2a: Tornadus|U-turn|p1a: Zapdos\n|-resisted|p1a: Zapdos\n|-damage|p1a: Zapdos|75\/100\n|\n|t:|1660786437\n|switch|p2a: Garchomp|Garchomp, M|100\/100|[from]move: U-turn\n|-damage|p2a: Garchomp|94\/100|[from] Stealth Rock\n|move|p1a: Zapdos|Hurricane|p2a: Garchomp\n|-damage|p2a: Garchomp|40\/100\n|-start|p2a: Garchomp|confusion\n|\n|-heal|p2a: Garchomp|46\/100|[from] item: Leftovers\n|upkeep\n|turn|11\n|\n|t:|1660786448\n|-activate|p2a: Garchomp|confusion\n|-damage|p2a: Garchomp|37\/100|[from] confusion\n|move|p1a: Zapdos|Defog|p2a: Garchomp\n|-unboost|p2a: Garchomp|evasion|1\n|-sideend|p2: Dindon Ductile|Stealth Rock|[from] move: Defog|[of] p1a: Zapdos\n|-sideend|p1: 30orless|Stealth Rock|[from] move: Defog|[of] p1a: Zapdos\n|\n|-heal|p2a: Garchomp|44\/100|[from] item: Leftovers\n|upkeep\n|turn|12\n|\n|t:|1660786452\n|-activate|p2a: Garchomp|confusion\n|-damage|p2a: Garchomp|35\/100|[from] confusion\n|move|p1a: Zapdos|Hurricane|p2a: Garchomp\n|-damage|p2a: Garchomp|0 fnt\n|faint|p2a: Garchomp\n|\n|upkeep\n|\n|t:|1660786456\n|switch|p2a: Tapu Koko|Tapu Koko|100\/100\n|-fieldstart|move: Electric Terrain|[from] ability: Electric Surge|[of] p2a: Tapu Koko\n|turn|13\n|\n|t:|1660786469\n|switch|p1a: Hydreigon|Hydreigon, M|100\/100\n|move|p2a: Tapu Koko|Dazzling Gleam|p1a: Hydreigon\n|-supereffective|p1a: Hydreigon\n|-damage|p1a: Hydreigon|0 fnt\n|faint|p1a: Hydreigon\n|\n|upkeep\n|\n|t:|1660786472\n|switch|p1a: Volcanion|Volcanion|100\/100\n|turn|14\n|\n|t:|1660786484\n|switch|p2a: Urshifu|Urshifu-Rapid-Strike, F|100\/100\n|move|p1a: Volcanion|Fire Blast|p2a: Urshifu\n|-resisted|p2a: Urshifu\n|-damage|p2a: Urshifu|59\/100\n|\n|upkeep\n|turn|15\n|\n|t:|1660786495\n|move|p2a: Urshifu|Close Combat|p1a: Volcanion\n|-damage|p1a: Volcanion|48\/100\n|-unboost|p2a: Urshifu|def|1\n|-unboost|p2a: Urshifu|spd|1\n|move|p1a: Volcanion|Steam Eruption|p2a: Urshifu\n|-resisted|p2a: Urshifu\n|-damage|p2a: Urshifu|0 fnt\n|faint|p2a: Urshifu\n|\n|upkeep\n|\n|t:|1660786503\n|switch|p2a: Tornadus|Tornadus-Therian, M|45\/100 brn\n|turn|16\n|\n|t:|1660786515\n|move|p2a: Tornadus|Hurricane|p1a: Volcanion\n|-damage|p1a: Volcanion|3\/100\n|move|p1a: Volcanion|Steam Eruption|p2a: Tornadus\n|-damage|p2a: Tornadus|5\/100 brn\n|\n|-damage|p2a: Tornadus|0 fnt|[from] brn\n|faint|p2a: Tornadus\n|upkeep\n|\n|t:|1660786534\n|switch|p2a: Ninetales|Ninetales-Alola, F|100\/100\n|-weather|Hail|[from] ability: Snow Warning|[of] p2a: Ninetales\n|turn|17\n|\n|t:|1660786542\n|move|p2a: Ninetales|Moonblast|p1a: Volcanion\n|-resisted|p1a: Volcanion\n|-damage|p1a: Volcanion|0 fnt\n|faint|p1a: Volcanion\n|\n|-weather|Hail|[upkeep]\n|-fieldend|move: Electric Terrain\n|upkeep\n|\n|t:|1660786568\n|switch|p1a: Zapdos|Zapdos|75\/100\n|turn|18\n|\n|t:|1660786574\n|switch|p2a: Tapu Koko|Tapu Koko|100\/100\n|-fieldstart|move: Electric Terrain|[from] ability: Electric Surge|[of] p2a: Tapu Koko\n|move|p1a: Zapdos|Discharge|p2a: Tapu Koko\n|-resisted|p2a: Tapu Koko\n|-damage|p2a: Tapu Koko|65\/100\n|\n|-weather|Hail|[upkeep]\n|-damage|p2a: Tapu Koko|59\/100|[from] Hail\n|-damage|p1a: Zapdos|69\/100|[from] Hail\n|upkeep\n|turn|19\n|\n|t:|1660786579\n|move|p2a: Tapu Koko|Dazzling Gleam|p1a: Zapdos\n|-damage|p1a: Zapdos|19\/100\n|move|p1a: Zapdos|Discharge|p2a: Tapu Koko\n|-resisted|p2a: Tapu Koko\n|-damage|p2a: Tapu Koko|23\/100\n|\n|-weather|Hail|[upkeep]\n|-damage|p2a: Tapu Koko|17\/100|[from] Hail\n|-damage|p1a: Zapdos|13\/100|[from] Hail\n|upkeep\n|turn|20\n|\n|t:|1660786591\n|move|p2a: Tapu Koko|Dazzling Gleam|p1a: Zapdos\n|-damage|p1a: Zapdos|0 fnt\n|faint|p1a: Zapdos\n|\n|-weather|Hail|[upkeep]\n|-damage|p2a: Tapu Koko|11\/100|[from] Hail\n|upkeep\n|\n|t:|1660786597\n|switch|p1a: Blaziken|Blaziken, F|91\/100\n|turn|21\n|\n|t:|1660786606\n|move|p1a: Blaziken|Vacuum Wave|p2a: Tapu Koko\n|-resisted|p2a: Tapu Koko\n|-damage|p2a: Tapu Koko|0 fnt\n|faint|p2a: Tapu Koko\n|-damage|p1a: Blaziken|81\/100|[from] item: Life Orb\n|\n|-weather|none\n|-ability|p1a: Blaziken|Speed Boost|boost\n|-boost|p1a: Blaziken|spe|1\n|upkeep\n|-message|Dindon Ductile forfeited.\n|\n|win|30orless\n|raw|30orless's rating: 1572 &rarr; <strong>1590<\/strong><br \/>(+18 for winning)\n|raw|Dindon Ductile's rating: 1529 &rarr; <strong>1511<\/strong><br \/>(-18 for losing)\n|l|\u2606Dindon Ductile\n","uploadtime":1660786626,"views":10,"p1id":"30orless","p2id":"dindonductile","formatid":"gen8ou","rating":1511,"private":0,"password":null}