{"id":"gen8ou-1132407900","p1":"Ahsan-219","p2":"willcoxw","format":"gen8ou","log":"|j|\u2606Ahsan-219\n|j|\u2606willcoxw\n|player|p1|Ahsan-219|clemont|1796\n|player|p2|willcoxw|karen|1777\n|teamsize|p1|6\n|teamsize|p2|6\n|gametype|singles\n|gen|8\n|tier|[Gen 8] OU\n|rated|\n|clearpoke\n|poke|p1|Clefable, M|\n|poke|p1|Diggersby, M|\n|poke|p1|Zeraora|\n|poke|p1|Araquanid, M|\n|poke|p1|Ferrothorn, M|\n|poke|p1|Corviknight, F|\n|poke|p2|Shuckle, M|\n|poke|p2|Togekiss, M|\n|poke|p2|Cinderace, M|\n|poke|p2|Frosmoth, M|\n|poke|p2|Kyurem|\n|poke|p2|Zeraora|\n|rule|Sleep Clause Mod: Limit one foe put to sleep\n|rule|Species Clause: Limit one of each Pok\u00e9mon\n|rule|OHKO Clause: OHKO moves are banned\n|rule|Evasion Moves Clause: Evasion moves are banned\n|rule|Endless Battle Clause: Forcing endless battles is banned\n|rule|HP Percentage Mod: HP is shown in percentages\n|rule|Dynamax Clause: You cannot dynamax\n|teampreview\n|j| Ullstod enkel\n|inactive|Battle timer is ON: inactive players will automatically lose when time's up. (requested by Ahsan-219)\n|\n|start\n|switch|p1a: Araquanid|Araquanid, M|100\/100\n|switch|p2a: Togekiss|Togekiss, M|100\/100\n|turn|1\n|\n|switch|p1a: Zeraora|Zeraora|100\/100\n|move|p2a: Togekiss|Substitute|p2a: Togekiss\n|-start|p2a: Togekiss|Substitute\n|-damage|p2a: Togekiss|76\/100\n|\n|-heal|p2a: Togekiss|82\/100|[from] item: Leftovers\n|upkeep\n|turn|2\n|\n|move|p1a: Zeraora|Plasma Fists|p2a: Togekiss\n|-supereffective|p2a: Togekiss\n|-end|p2a: Togekiss|Substitute\n|move|p2a: Togekiss|Flamethrower|p1a: Zeraora\n|-damage|p1a: Zeraora|59\/100\n|\n|-heal|p1a: Zeraora|65\/100|[from] item: Leftovers\n|-heal|p2a: Togekiss|88\/100|[from] item: Leftovers\n|upkeep\n|turn|3\n|j| Axel4eirars\n|j| 3.fifteen.20\n|\n|move|p1a: Zeraora|Knock Off|p2a: Togekiss\n|-resisted|p2a: Togekiss\n|-damage|p2a: Togekiss|69\/100\n|-enditem|p2a: Togekiss|Leftovers|[from] move: Knock Off|[of] p1a: Zeraora\n|move|p2a: Togekiss|Flamethrower|p1a: Zeraora\n|-damage|p1a: Zeraora|28\/100\n|\n|-heal|p1a: Zeraora|34\/100|[from] item: Leftovers\n|upkeep\n|turn|4\n|\n|switch|p2a: Zeraora|Zeraora|100\/100\n|move|p1a: Zeraora|Plasma Fists|p2a: Zeraora\n|-immune|p2a: Zeraora|[from] ability: Volt Absorb\n|\n|-heal|p1a: Zeraora|40\/100|[from] item: Leftovers\n|upkeep\n|turn|5\n|\n|switch|p1a: Ferrothorn|Ferrothorn, M|100\/100\n|move|p2a: Zeraora|Knock Off|p1a: Ferrothorn\n|-damage|p1a: Ferrothorn|78\/100\n|-damage|p2a: Zeraora|88\/100|[from] ability: Iron Barbs|[of] p1a: Ferrothorn\n|-damage|p2a: Zeraora|72\/100|[from] item: Rocky Helmet|[of] p1a: Ferrothorn\n|-enditem|p1a: Ferrothorn|Rocky Helmet|[from] move: Knock Off|[of] p2a: Zeraora\n|-damage|p2a: Zeraora|62\/100|[from] item: Life Orb\n|\n|upkeep\n|turn|6\n|\n|switch|p2a: Togekiss|Togekiss, M|69\/100\n|move|p1a: Ferrothorn|Leech Seed|p2a: Togekiss\n|-start|p2a: Togekiss|move: Leech Seed\n|\n|-damage|p2a: Togekiss|57\/100|[from] Leech Seed|[of] p1a: Ferrothorn\n|-heal|p1a: Ferrothorn|89\/100|[silent]\n|upkeep\n|turn|7\n|\n|switch|p2a: Zeraora|Zeraora|62\/100\n|switch|p1a: Clefable|Clefable, M|100\/100\n|\n|upkeep\n|turn|8\n|\n|switch|p1a: Ferrothorn|Ferrothorn, M|89\/100\n|move|p2a: Zeraora|Knock Off|p1a: Ferrothorn\n|-damage|p1a: Ferrothorn|72\/100\n|-damage|p2a: Zeraora|50\/100|[from] ability: Iron Barbs|[of] p1a: Ferrothorn\n|-damage|p2a: Zeraora|40\/100|[from] item: Life Orb\n|\n|upkeep\n|turn|9\n|\n|move|p2a: Zeraora|Close Combat|p1a: Ferrothorn\n|-supereffective|p1a: Ferrothorn\n|-damage|p1a: Ferrothorn|16\/100\n|-unboost|p2a: Zeraora|def|1\n|-unboost|p2a: Zeraora|spd|1\n|-damage|p2a: Zeraora|28\/100|[from] ability: Iron Barbs|[of] p1a: Ferrothorn\n|-damage|p2a: Zeraora|18\/100|[from] item: Life Orb\n|move|p1a: Ferrothorn|Body Press|p2a: Zeraora\n|-damage|p2a: Zeraora|0 fnt\n|faint|p2a: Zeraora\n|\n|upkeep\n|\n|switch|p2a: Togekiss|Togekiss, M|57\/100\n|turn|10\n|j| Jesus-PiTBR\n|\n|switch|p1a: Corviknight|Corviknight, F|100\/100\n|move|p2a: Togekiss|Substitute|p2a: Togekiss\n|-start|p2a: Togekiss|Substitute\n|-damage|p2a: Togekiss|32\/100\n|\n|upkeep\n|turn|11\n|\n|move|p2a: Togekiss|Flamethrower|p1a: Corviknight\n|-supereffective|p1a: Corviknight\n|-damage|p1a: Corviknight|62\/100\n|move|p1a: Corviknight|Brave Bird|p2a: Togekiss\n|-end|p2a: Togekiss|Substitute\n|-damage|p1a: Corviknight|56\/100|[from] Recoil|[of] p2a: Togekiss\n|\n|-heal|p1a: Corviknight|62\/100|[from] item: Leftovers\n|upkeep\n|turn|12\n|\n|move|p2a: Togekiss|Flamethrower|p1a: Corviknight\n|-supereffective|p1a: Corviknight\n|-damage|p1a: Corviknight|23\/100\n|-status|p1a: Corviknight|brn\n|move|p1a: Corviknight|Brave Bird|p2a: Togekiss\n|-damage|p2a: Togekiss|10\/100\n|-damage|p1a: Corviknight|17\/100 brn|[from] Recoil\n|\n|-heal|p1a: Corviknight|24\/100 brn|[from] item: Leftovers\n|-damage|p1a: Corviknight|17\/100 brn|[from] brn\n|upkeep\n|turn|13\n|\n|switch|p1a: Ferrothorn|Ferrothorn, M|16\/100\n|move|p2a: Togekiss|Flamethrower|p1a: Ferrothorn\n|-supereffective|p1a: Ferrothorn\n|-crit|p1a: Ferrothorn\n|-damage|p1a: Ferrothorn|0 fnt\n|faint|p1a: Ferrothorn\n|\n|upkeep\n|\n|switch|p1a: Zeraora|Zeraora|40\/100\n|turn|14\n|\n|switch|p2a: Shuckle|Shuckle, M|100\/100\n|move|p1a: Zeraora|Plasma Fists|p2a: Shuckle\n|-damage|p2a: Shuckle|76\/100\n|-fieldactivate|move: Ion Deluge\n|-enditem|p2a: Shuckle|Red Card|[of] p1a: Zeraora\n|drag|p1a: Diggersby|Diggersby, M|100\/100\n|\n|upkeep\n|turn|15\n|j| Cucustrunzzzzz\n|\n|switch|p1a: Corviknight|Corviknight, F|17\/100 brn\n|move|p2a: Shuckle|Sticky Web|p1a: Corviknight\n|-sidestart|p1: Ahsan-219|move: Sticky Web\n|\n|-heal|p1a: Corviknight|24\/100 brn|[from] item: Leftovers\n|-damage|p1a: Corviknight|17\/100 brn|[from] brn\n|upkeep\n|turn|16\n|\n|move|p1a: Corviknight|Defog|p2a: Shuckle\n|-unboost|p2a: Shuckle|evasion|1\n|-sideend|p1: Ahsan-219|Sticky Web|[from] move: Defog|[of] p1a: Corviknight\n|move|p2a: Shuckle|Encore|p1a: Corviknight\n|-start|p1a: Corviknight|Encore\n|\n|-heal|p1a: Corviknight|24\/100 brn|[from] item: Leftovers\n|-damage|p1a: Corviknight|17\/100 brn|[from] brn\n|upkeep\n|turn|17\n|\n|move|p1a: Corviknight|Defog|p2a: Shuckle\n|-unboost|p2a: Shuckle|evasion|1\n|move|p2a: Shuckle|Sticky Web|p1a: Corviknight\n|-sidestart|p1: Ahsan-219|move: Sticky Web\n|\n|-heal|p1a: Corviknight|24\/100 brn|[from] item: Leftovers\n|-damage|p1a: Corviknight|17\/100 brn|[from] brn\n|upkeep\n|turn|18\n|\n|switch|p2a: Togekiss|Togekiss, M|10\/100\n|move|p1a: Corviknight|Defog|p2a: Togekiss\n|-unboost|p2a: Togekiss|evasion|1\n|-sideend|p1: Ahsan-219|Sticky Web|[from] move: Defog|[of] p1a: Corviknight\n|\n|-heal|p1a: Corviknight|24\/100 brn|[from] item: Leftovers\n|-damage|p1a: Corviknight|17\/100 brn|[from] brn\n|upkeep\n|turn|19\n|j| amloviolayeguasPr0\n|\n|switch|p1a: Zeraora|Zeraora|40\/100\n|move|p2a: Togekiss|Flamethrower|p1a: Zeraora\n|-damage|p1a: Zeraora|0 fnt\n|faint|p1a: Zeraora\n|\n|upkeep\n|\n|switch|p1a: Diggersby|Diggersby, M|100\/100\n|turn|20\n|\n|switch|p2a: Shuckle|Shuckle, M|76\/100\n|move|p1a: Diggersby|Quick Attack|p2a: Shuckle\n|-resisted|p2a: Shuckle\n|-damage|p2a: Shuckle|69\/100\n|\n|upkeep\n|turn|21\n|l| amloviolayeguasPr0\n|\n|switch|p1a: Araquanid|Araquanid, M|100\/100\n|move|p2a: Shuckle|Stealth Rock|p1a: Araquanid\n|-sidestart|p1: Ahsan-219|move: Stealth Rock\n|\n|upkeep\n|turn|22\n|j| amloviolayeguasPr0\n|\n|move|p1a: Araquanid|Sticky Web|p2a: Shuckle\n|-sidestart|p2: willcoxw|move: Sticky Web\n|move|p2a: Shuckle|Sticky Web|p1a: Araquanid\n|-sidestart|p1: Ahsan-219|move: Sticky Web\n|\n|upkeep\n|turn|23\n|\n|move|p1a: Araquanid|Liquidation|p2a: Shuckle\n|-supereffective|p2a: Shuckle\n|-damage|p2a: Shuckle|2\/100\n|-unboost|p2a: Shuckle|def|1\n|move|p2a: Shuckle|Final Gambit|p1a: Araquanid\n|-damage|p1a: Araquanid|99\/100\n|faint|p2a: Shuckle\n|\n|upkeep\n|\n|switch|p2a: Togekiss|Togekiss, M|10\/100\n|turn|24\n|\n|switch|p1a: Corviknight|Corviknight, F|17\/100 brn\n|-damage|p1a: Corviknight|5\/100 brn|[from] Stealth Rock\n|move|p2a: Togekiss|Air Slash|p1a: Corviknight\n|-resisted|p1a: Corviknight\n|-damage|p1a: Corviknight|0 fnt\n|faint|p1a: Corviknight\n|\n|upkeep\n|\n|switch|p1a: Diggersby|Diggersby, M|100\/100\n|-activate|p1a: Diggersby|move: Sticky Web\n|-unboost|p1a: Diggersby|spe|1\n|-damage|p1a: Diggersby|94\/100|[from] Stealth Rock\n|turn|25\n|\n|move|p1a: Diggersby|Quick Attack|p2a: Togekiss\n|-damage|p2a: Togekiss|0 fnt\n|faint|p2a: Togekiss\n|\n|upkeep\n|\n|switch|p2a: Cinderace|Cinderace, M|100\/100\n|turn|26\n|\n|switch|p1a: Araquanid|Araquanid, M|99\/100\n|move|p2a: Cinderace|U-turn|p1a: Araquanid\n|-start|p2a: Cinderace|typechange|Bug|[from] ability: Libero\n|-damage|p1a: Araquanid|62\/100\n|\n|switch|p2a: Kyurem|Kyurem|100\/100|[from]move: U-turn\n|-activate|p2a: Kyurem|move: Sticky Web\n|-unboost|p2a: Kyurem|spe|1\n|-ability|p2a: Kyurem|Pressure\n|\n|upkeep\n|turn|27\n|\n|move|p2a: Kyurem|Freeze-Dry|p1a: Araquanid\n|-supereffective|p1a: Araquanid\n|-damage|p1a: Araquanid|2\/100\n|move|p1a: Araquanid|Leech Life|p2a: Kyurem\n|-damage|p2a: Kyurem|73\/100\n|-heal|p1a: Araquanid|18\/100|[from] drain|[of] p2a: Kyurem\n|\n|upkeep\n|turn|28\n|\n|move|p2a: Kyurem|Freeze-Dry|p1a: Araquanid\n|-supereffective|p1a: Araquanid\n|-damage|p1a: Araquanid|0 fnt\n|faint|p1a: Araquanid\n|\n|upkeep\n|\n|switch|p1a: Clefable|Clefable, M|100\/100\n|-activate|p1a: Clefable|move: Sticky Web\n|-unboost|p1a: Clefable|spe|1\n|turn|29\n|\n|move|p2a: Kyurem|Freeze-Dry|p1a: Clefable\n|-damage|p1a: Clefable|33\/100\n|move|p1a: Clefable|Moonblast|p2a: Kyurem\n|-supereffective|p2a: Kyurem\n|-damage|p2a: Kyurem|0 fnt\n|faint|p2a: Kyurem\n|\n|upkeep\n|j| sella alik boi\n|\n|switch|p2a: Frosmoth|Frosmoth, M|100\/100\n|-activate|p2a: Frosmoth|move: Sticky Web\n|-unboost|p2a: Frosmoth|spe|1\n|turn|30\n|l| Cucustrunzzzzz\n|\n|move|p2a: Frosmoth|Quiver Dance|p2a: Frosmoth\n|-boost|p2a: Frosmoth|spa|1\n|-boost|p2a: Frosmoth|spd|1\n|-boost|p2a: Frosmoth|spe|1\n|move|p1a: Clefable|Flamethrower|p2a: Frosmoth\n|-supereffective|p2a: Frosmoth\n|-damage|p2a: Frosmoth|34\/100\n|\n|-heal|p2a: Frosmoth|40\/100|[from] item: Leftovers\n|upkeep\n|turn|31\n|\n|move|p2a: Frosmoth|Ice Beam|p1a: Clefable\n|-damage|p1a: Clefable|0 fnt\n|faint|p1a: Clefable\n|\n|-heal|p2a: Frosmoth|46\/100|[from] item: Leftovers\n|upkeep\n|\n|switch|p1a: Diggersby|Diggersby, M|94\/100\n|-damage|p1a: Diggersby|88\/100|[from] Stealth Rock\n|-activate|p1a: Diggersby|move: Sticky Web\n|-unboost|p1a: Diggersby|spe|1\n|turn|32\n|\n|move|p1a: Diggersby|Quick Attack|p2a: Frosmoth\n|-damage|p2a: Frosmoth|0 fnt\n|faint|p2a: Frosmoth\n|\n|upkeep\n|\n|switch|p2a: Cinderace|Cinderace, M|100\/100\n|turn|33\n|\n|move|p2a: Cinderace|Pyro Ball|p1a: Diggersby\n|-damage|p1a: Diggersby|7\/100\n|move|p1a: Diggersby|Earthquake|p2a: Cinderace\n|-supereffective|p2a: Cinderace\n|-damage|p2a: Cinderace|0 fnt\n|faint|p2a: Cinderace\n|\n|win|Ahsan-219\n|raw|Ahsan-219's rating: 1797 &rarr; <strong>1816<\/strong><br \/>(+19 for winning)\n|raw|willcoxw's rating: 1777 &rarr; <strong>1758<\/strong><br \/>(-19 for losing)\n|l|\u2606willcoxw\n|l|\u2606Ahsan-219\n|l| Ullstod enkel\n|c| Axel4eirars|Oh what\n|l| Axel4eirars\n|n| Jesus-PiTBR|jesuspitbr\n","uploadtime":1592122774,"views":99,"p1id":"ahsan219","p2id":"willcoxw","formatid":"gen8ou","rating":1758,"private":0,"password":null}