{"id":"gen8nationaldexag-1582734990","p1":"Nod_is_eternalYT","p2":"Rediyu","format":"gen8nationaldexag","log":"|j|\u2606Nod_is_eternalYT\n|j|\u2606Rediyu\n|t:|1653509924\n|gametype|singles\n|player|p1|Nod_is_eternalYT|biker-gen4|\n|player|p2|Rediyu|guitarist|\n|teamsize|p1|6\n|teamsize|p2|6\n|gen|8\n|tier|[Gen 8] National Dex AG\n|rule|HP Percentage Mod: HP is shown in percentages\n|rule|Endless Battle Clause: Forcing endless battles is banned\n|clearpoke\n|poke|p1|Urshifu-*, M|\n|poke|p1|Galvantula, F|\n|poke|p1|Regirock|\n|poke|p1|Primarina, F|\n|poke|p1|Pidgeot, M|\n|poke|p1|Qwilfish, M|\n|poke|p2|Crobat, F|\n|poke|p2|Latias, F|\n|poke|p2|Trevenant, M|\n|poke|p2|Typhlosion, M|\n|poke|p2|Weavile, F|\n|poke|p2|Swampert, M|\n|teampreview\n|c|\u2606Rediyu|gl hf\n|c|\u2606Nod_is_eternalYT|auf ein schickes!\n|\n|t:|1653510021\n|start\n|switch|p1a: Lady Araign\u00e9e|Galvantula, F|100\/100\n|switch|p2a: Snowdrop|Weavile, F|100\/100\n|-ability|p2a: Snowdrop|Pressure\n|turn|1\n|\n|t:|1653510059\n|switch|p1a: Partypummel|Qwilfish, M, shiny|100\/100\n|-ability|p1a: Partypummel|Intimidate|boost\n|-unboost|p2a: Snowdrop|atk|1\n|move|p2a: Snowdrop|Triple Axel|p1a: Partypummel\n|-resisted|p1a: Partypummel\n|-damage|p1a: Partypummel|96\/100\n|-damage|p2a: Snowdrop|84\/100|[from] item: Rocky Helmet|[of] p1a: Partypummel\n|-resisted|p1a: Partypummel\n|-damage|p1a: Partypummel|87\/100\n|-damage|p2a: Snowdrop|67\/100|[from] item: Rocky Helmet|[of] p1a: Partypummel\n|-resisted|p1a: Partypummel\n|-damage|p1a: Partypummel|74\/100\n|-damage|p2a: Snowdrop|51\/100|[from] item: Rocky Helmet|[of] p1a: Partypummel\n|-hitcount|p1a: Partypummel|3\n|\n|upkeep\n|turn|2\n|\n|t:|1653510074\n|switch|p2a: Cydamen|Latias, F|100\/100\n|move|p1a: Partypummel|Scald|p2a: Cydamen\n|-resisted|p2a: Cydamen\n|-damage|p2a: Cydamen|92\/100\n|-status|p2a: Cydamen|brn\n|\n|-damage|p2a: Cydamen|86\/100 brn|[from] brn\n|upkeep\n|turn|3\n|\n|t:|1653510139\n|switch|p2a: Mudan|Swampert, M|100\/100\n|switch|p1a: Madame Haxxie|Primarina, F, shiny|100\/100\n|\n|upkeep\n|turn|4\n|\n|t:|1653510181\n|move|p2a: Mudan|Stealth Rock|p1a: Madame Haxxie\n|-sidestart|p1: Nod_is_eternalYT|move: Stealth Rock\n|move|p1a: Madame Haxxie|Substitute|p1a: Madame Haxxie\n|-start|p1a: Madame Haxxie|Substitute\n|-damage|p1a: Madame Haxxie|76\/100\n|\n|-heal|p1a: Madame Haxxie|82\/100|[from] item: Leftovers\n|upkeep\n|turn|5\n|\n|t:|1653510193\n|switch|p2a: Kanzashi|Trevenant, M|100\/100\n|-item|p1a: Madame Haxxie|Leftovers|[from] ability: Frisk|[of] p2a: Kanzashi|[identify]\n|move|p1a: Madame Haxxie|Calm Mind|p1a: Madame Haxxie\n|-boost|p1a: Madame Haxxie|spa|1\n|-boost|p1a: Madame Haxxie|spd|1\n|\n|-heal|p1a: Madame Haxxie|88\/100|[from] item: Leftovers\n|upkeep\n|turn|6\n|\n|t:|1653510208\n|move|p1a: Madame Haxxie|Moonblast|p2a: Kanzashi\n|-damage|p2a: Kanzashi|29\/100\n|move|p2a: Kanzashi|Horn Leech|p1a: Madame Haxxie\n|-supereffective|p1a: Madame Haxxie\n|-end|p1a: Madame Haxxie|Substitute\n|-heal|p2a: Kanzashi|41\/100|[from] drain|[of] p1a: Madame Haxxie\n|\n|-heal|p1a: Madame Haxxie|94\/100|[from] item: Leftovers\n|upkeep\n|turn|7\n|\n|t:|1653510222\n|switch|p2a: Teardrop|Typhlosion, M|100\/100\n|move|p1a: Madame Haxxie|Substitute|p1a: Madame Haxxie\n|-start|p1a: Madame Haxxie|Substitute\n|-damage|p1a: Madame Haxxie|69\/100\n|\n|-heal|p1a: Madame Haxxie|75\/100|[from] item: Leftovers\n|upkeep\n|turn|8\n|\n|t:|1653510236\n|move|p2a: Teardrop|Wild Charge|p1a: Madame Haxxie\n|-supereffective|p1a: Madame Haxxie\n|-end|p1a: Madame Haxxie|Substitute\n|-damage|p2a: Teardrop|93\/100|[from] Recoil|[of] p1a: Madame Haxxie\n|move|p1a: Madame Haxxie|Calm Mind|p1a: Madame Haxxie\n|-boost|p1a: Madame Haxxie|spa|1\n|-boost|p1a: Madame Haxxie|spd|1\n|\n|-heal|p1a: Madame Haxxie|81\/100|[from] item: Leftovers\n|upkeep\n|turn|9\n|\n|t:|1653510273\n|move|p2a: Teardrop|Wild Charge|p1a: Madame Haxxie\n|-supereffective|p1a: Madame Haxxie\n|-damage|p1a: Madame Haxxie|30\/100\n|-damage|p2a: Teardrop|77\/100|[from] Recoil\n|move|p1a: Madame Haxxie|Surf|p2a: Teardrop\n|-supereffective|p2a: Teardrop\n|-damage|p2a: Teardrop|0 fnt\n|faint|p2a: Teardrop\n|\n|-heal|p1a: Madame Haxxie|36\/100|[from] item: Leftovers\n|upkeep\n|\n|t:|1653510406\n|switch|p2a: Snowdrop|Weavile, F|51\/100\n|-ability|p2a: Snowdrop|Pressure\n|turn|10\n|\n|t:|1653510416\n|switch|p1a: GewinnGranitiert|Regirock|100\/100\n|-damage|p1a: GewinnGranitiert|88\/100|[from] Stealth Rock\n|move|p2a: Snowdrop|Triple Axel|p1a: GewinnGranitiert\n|-damage|p1a: GewinnGranitiert|81\/100\n|-damage|p2a: Snowdrop|34\/100|[from] item: Rocky Helmet|[of] p1a: GewinnGranitiert\n|-damage|p1a: GewinnGranitiert|68\/100\n|-damage|p2a: Snowdrop|17\/100|[from] item: Rocky Helmet|[of] p1a: GewinnGranitiert\n|-damage|p1a: GewinnGranitiert|47\/100\n|-damage|p2a: Snowdrop|1\/100|[from] item: Rocky Helmet|[of] p1a: GewinnGranitiert\n|-hitcount|p1a: GewinnGranitiert|3\n|\n|upkeep\n|turn|11\n|\n|t:|1653510434\n|switch|p2a: Mudan|Swampert, M|100\/100\n|move|p1a: GewinnGranitiert|Rest|p1a: GewinnGranitiert\n|-status|p1a: GewinnGranitiert|slp|[from] move: Rest\n|-heal|p1a: GewinnGranitiert|100\/100 slp|[silent]\n|\n|upkeep\n|turn|12\n|\n|t:|1653510457\n|move|p2a: Mudan|Earth Power|p1a: GewinnGranitiert\n|-supereffective|p1a: GewinnGranitiert\n|-damage|p1a: GewinnGranitiert|12\/100 slp\n|cant|p1a: GewinnGranitiert|slp\n|move|p1a: GewinnGranitiert|Sleep Talk|p1a: GewinnGranitiert\n|move|p1a: GewinnGranitiert|Stealth Rock|p2a: Mudan|[from]move: Sleep Talk\n|-sidestart|p2: Rediyu|move: Stealth Rock\n|\n|upkeep\n|turn|13\n|\n|t:|1653510486\n|switch|p2a: Cydamen|Latias, F|86\/100 brn\n|-damage|p2a: Cydamen|74\/100 brn|[from] Stealth Rock\n|cant|p1a: GewinnGranitiert|slp\n|move|p1a: GewinnGranitiert|Sleep Talk|p1a: GewinnGranitiert\n|move|p1a: GewinnGranitiert|Stealth Rock||[from]move: Sleep Talk|[still]\n|-fail|p1a: GewinnGranitiert\n|\n|-damage|p2a: Cydamen|67\/100 brn|[from] brn\n|upkeep\n|turn|14\n|\n|t:|1653510524\n|detailschange|p2a: Cydamen|Latias-Mega, F\n|-mega|p2a: Cydamen|Latias|Latiasite\n|move|p2a: Cydamen|Draco Meteor|p1a: GewinnGranitiert\n|-damage|p1a: GewinnGranitiert|0 fnt\n|-unboost|p2a: Cydamen|spa|2\n|faint|p1a: GewinnGranitiert\n|\n|-damage|p2a: Cydamen|61\/100 brn|[from] brn\n|upkeep\n|\n|t:|1653510583\n|switch|p1a: Papa Pumab\u00e4r|Urshifu-Rapid-Strike, M|100\/100\n|-damage|p1a: Papa Pumab\u00e4r|94\/100|[from] Stealth Rock\n|turn|15\n|\n|t:|1653510593\n|switch|p2a: Mudan|Swampert, M|100\/100\n|-damage|p2a: Mudan|94\/100|[from] Stealth Rock\n|move|p1a: Papa Pumab\u00e4r|U-turn|p2a: Mudan\n|-damage|p2a: Mudan|71\/100\n|\n|t:|1653510632\n|switch|p1a: Stew|Pidgeot, M|100\/100|[from]move: U-turn\n|-damage|p1a: Stew|76\/100|[from] Stealth Rock\n|\n|upkeep\n|turn|16\n|\n|t:|1653510638\n|detailschange|p1a: Stew|Pidgeot-Mega, M\n|-mega|p1a: Stew|Pidgeot|Pidgeotite\n|move|p1a: Stew|Hurricane|p2a: Mudan\n|-damage|p2a: Mudan|9\/100\n|move|p2a: Mudan|Ice Beam|p1a: Stew\n|-supereffective|p1a: Stew\n|-damage|p1a: Stew|0 fnt\n|faint|p1a: Stew\n|\n|upkeep\n|\n|t:|1653510648\n|switch|p1a: Papa Pumab\u00e4r|Urshifu-Rapid-Strike, M|94\/100\n|-damage|p1a: Papa Pumab\u00e4r|88\/100|[from] Stealth Rock\n|turn|17\n|\n|t:|1653510657\n|move|p1a: Papa Pumab\u00e4r|U-turn|p2a: Mudan\n|-damage|p2a: Mudan|0 fnt\n|faint|p2a: Mudan\n|\n|t:|1653510667\n|switch|p1a: Madame Haxxie|Primarina, F, shiny|36\/100|[from]move: U-turn\n|-damage|p1a: Madame Haxxie|23\/100|[from] Stealth Rock\n|\n|-heal|p1a: Madame Haxxie|29\/100|[from] item: Leftovers\n|upkeep\n|\n|t:|1653510717\n|switch|p2a: Cydamen|Latias-Mega, F|61\/100 brn\n|-damage|p2a: Cydamen|49\/100 brn|[from] Stealth Rock\n|turn|18\n|\n|t:|1653510725\n|move|p2a: Cydamen|Defog|p1a: Madame Haxxie\n|-unboost|p1a: Madame Haxxie|evasion|1\n|-sideend|p1: Nod_is_eternalYT|Stealth Rock|[from] move: Defog|[of] p2a: Cydamen\n|-sideend|p2: Rediyu|Stealth Rock|[from] move: Defog|[of] p2a: Cydamen\n|move|p1a: Madame Haxxie|Moonblast|p2a: Cydamen\n|-supereffective|p2a: Cydamen\n|-damage|p2a: Cydamen|0 fnt\n|faint|p2a: Cydamen\n|\n|-heal|p1a: Madame Haxxie|35\/100|[from] item: Leftovers\n|upkeep\n|\n|t:|1653510732\n|switch|p2a: Snowdrop|Weavile, F|1\/100\n|-ability|p2a: Snowdrop|Pressure\n|turn|19\n|\n|t:|1653510738\n|switch|p1a: Partypummel|Qwilfish, M, shiny|74\/100\n|-ability|p1a: Partypummel|Intimidate|boost\n|-unboost|p2a: Snowdrop|atk|1\n|move|p2a: Snowdrop|Psycho Cut|p1a: Partypummel\n|-supereffective|p1a: Partypummel\n|-damage|p1a: Partypummel|32\/100\n|\n|upkeep\n|turn|20\n|\n|t:|1653510749\n|move|p2a: Snowdrop|Psycho Cut|p1a: Partypummel\n|-supereffective|p1a: Partypummel\n|-damage|p1a: Partypummel|0 fnt\n|faint|p1a: Partypummel\n|\n|upkeep\n|\n|t:|1653510752\n|switch|p1a: Papa Pumab\u00e4r|Urshifu-Rapid-Strike, M|88\/100\n|turn|21\n|\n|t:|1653510763\n|switch|p2a: Kanzashi|Trevenant, M|41\/100\n|-item|p1a: Papa Pumab\u00e4r|Choice Scarf|[from] ability: Frisk|[of] p2a: Kanzashi|[identify]\n|move|p1a: Papa Pumab\u00e4r|Surging Strikes|p2a: Kanzashi\n|-resisted|p2a: Kanzashi\n|-crit|p2a: Kanzashi\n|-damage|p2a: Kanzashi|34\/100\n|-damage|p1a: Papa Pumab\u00e4r|72\/100|[from] item: Rocky Helmet|[of] p2a: Kanzashi\n|-resisted|p2a: Kanzashi\n|-crit|p2a: Kanzashi\n|-damage|p2a: Kanzashi|26\/100\n|-damage|p1a: Papa Pumab\u00e4r|55\/100|[from] item: Rocky Helmet|[of] p2a: Kanzashi\n|-resisted|p2a: Kanzashi\n|-crit|p2a: Kanzashi\n|-damage|p2a: Kanzashi|18\/100\n|-damage|p1a: Papa Pumab\u00e4r|39\/100|[from] item: Rocky Helmet|[of] p2a: Kanzashi\n|-hitcount|p2a: Kanzashi|3\n|\n|upkeep\n|turn|22\n|\n|t:|1653510785\n|switch|p1a: Lady Araign\u00e9e|Galvantula, F|100\/100\n|move|p2a: Kanzashi|Leech Seed|p1a: Lady Araign\u00e9e\n|-start|p1a: Lady Araign\u00e9e|move: Leech Seed\n|\n|-damage|p1a: Lady Araign\u00e9e|88\/100|[from] Leech Seed|[of] p2a: Kanzashi\n|-heal|p2a: Kanzashi|28\/100|[silent]\n|upkeep\n|turn|23\n|\n|t:|1653510802\n|move|p2a: Kanzashi|Protect|p2a: Kanzashi\n|-singleturn|p2a: Kanzashi|Protect\n|move|p1a: Lady Araign\u00e9e|Thunder|p2a: Kanzashi\n|-activate|p2a: Kanzashi|move: Protect\n|\n|-damage|p1a: Lady Araign\u00e9e|76\/100|[from] Leech Seed|[of] p2a: Kanzashi\n|-heal|p2a: Kanzashi|38\/100|[silent]\n|upkeep\n|turn|24\n|\n|t:|1653510858\n|move|p2a: Kanzashi|Protect|p2a: Kanzashi\n|-singleturn|p2a: Kanzashi|Protect\n|move|p1a: Lady Araign\u00e9e|Thunder|p2a: Kanzashi\n|-activate|p2a: Kanzashi|move: Protect\n|\n|-damage|p1a: Lady Araign\u00e9e|63\/100|[from] Leech Seed|[of] p2a: Kanzashi\n|-heal|p2a: Kanzashi|47\/100|[silent]\n|upkeep\n|turn|25\n|\n|t:|1653510871\n|switch|p1a: Madame Haxxie|Primarina, F, shiny|35\/100\n|move|p2a: Kanzashi|Horn Leech|p1a: Madame Haxxie\n|-supereffective|p1a: Madame Haxxie\n|-damage|p1a: Madame Haxxie|0 fnt\n|-heal|p2a: Kanzashi|65\/100|[from] drain|[of] p1a: Madame Haxxie\n|faint|p1a: Madame Haxxie\n|\n|upkeep\n|\n|t:|1653510889\n|switch|p1a: Lady Araign\u00e9e|Galvantula, F|63\/100\n|turn|26\n|\n|t:|1653510898\n|move|p2a: Kanzashi|Protect|p2a: Kanzashi\n|-singleturn|p2a: Kanzashi|Protect\n|move|p1a: Lady Araign\u00e9e|Bug Buzz|p2a: Kanzashi\n|-activate|p2a: Kanzashi|move: Protect\n|\n|upkeep\n|turn|27\n|\n|t:|1653510939\n|switch|p2a: Hellebore|Crobat, F|100\/100\n|move|p1a: Lady Araign\u00e9e|Bug Buzz|p2a: Hellebore\n|-resisted|p2a: Hellebore\n|-damage|p2a: Hellebore|84\/100\n|-unboost|p2a: Hellebore|spd|1\n|\n|upkeep\n|turn|28\n|\n|t:|1653510944\n|move|p2a: Hellebore|Sludge Bomb|p1a: Lady Araign\u00e9e\n|-damage|p1a: Lady Araign\u00e9e|0 fnt\n|faint|p1a: Lady Araign\u00e9e\n|-damage|p2a: Hellebore|74\/100|[from] item: Life Orb\n|\n|upkeep\n|\n|t:|1653510947\n|switch|p1a: Papa Pumab\u00e4r|Urshifu-Rapid-Strike, M|39\/100\n|turn|29\n|\n|t:|1653510950\n|move|p1a: Papa Pumab\u00e4r|Ice Punch|p2a: Hellebore\n|-supereffective|p2a: Hellebore\n|-damage|p2a: Hellebore|13\/100\n|move|p2a: Hellebore|Giga Drain|p1a: Papa Pumab\u00e4r\n|-supereffective|p1a: Papa Pumab\u00e4r\n|-damage|p1a: Papa Pumab\u00e4r|0 fnt\n|-heal|p2a: Hellebore|33\/100|[from] drain|[of] p1a: Papa Pumab\u00e4r\n|faint|p1a: Papa Pumab\u00e4r\n|-damage|p2a: Hellebore|23\/100|[from] item: Life Orb\n|\n|win|Rediyu\n|c|\u2606Rediyu|gg\n|c|\u2606Nod_is_eternalYT|gg\n","uploadtime":1653510962,"views":41,"p1id":"nodiseternalyt","p2id":"rediyu","formatid":"gen8nationaldexag","rating":0,"private":0,"password":null}