{"id":"gen8anythinggoes-1688419773","p1":"yokobaby","p2":"yomaalt","format":"gen8anythinggoes","log":"|j|\u2606yokobaby\n|j|\u2606yomaalt\n|inactive|Battle timer is ON: inactive players will automatically lose when time's up.\n|t:|1666063493\n|gametype|singles\n|player|p1|yokobaby|cynthia-masters|\n|player|p2|yomaalt|cynthia|\n|teamsize|p1|6\n|teamsize|p2|6\n|gen|8\n|tier|[Gen 8] Anything Goes\n|rated|Tournament battle\n|rule|HP Percentage Mod: HP is shown in percentages\n|rule|Endless Battle Clause: Forcing endless battles is banned\n|clearpoke\n|poke|p1|Eternatus|\n|poke|p1|Yveltal|\n|poke|p1|Necrozma-Dusk-Mane|\n|poke|p1|Zacian-*|\n|poke|p1|Kyogre|\n|poke|p1|Gothitelle, M|\n|poke|p2|Volcarona, F|\n|poke|p2|Kartana|\n|poke|p2|Marshadow|\n|poke|p2|Yveltal|\n|poke|p2|Calyrex-Shadow|\n|poke|p2|Garchomp, M|\n|teampreview\n|j| Karlaaaaaa\n|j| AGLT5TX poke\n|c| Karlaaaaaa|volcarona heat tech\n|inactive|yomaalt has 120 seconds left.\n|\n|t:|1666063524\n|start\n|switch|p1a: Kyogre|Kyogre|100\/100\n|switch|p2a: Kartana|Kartana|100\/100\n|-weather|RainDance|[from] ability: Drizzle|[of] p1a: Kyogre\n|turn|1\n|c|\u2606yomaalt|a\n|\n|t:|1666063548\n|switch|p1a: Necrozma|Necrozma-Dusk-Mane|100\/100\n|move|p2a: Kartana|Leaf Blade|p1a: Necrozma\n|-resisted|p1a: Necrozma\n|-damage|p1a: Necrozma|85\/100\n|-damage|p2a: Kartana|84\/100|[from] item: Rocky Helmet|[of] p1a: Necrozma\n|\n|-weather|RainDance|[upkeep]\n|upkeep\n|turn|2\n|j| Maxxii.z\n|\n|t:|1666063560\n|switch|p2a: Garchomp|Garchomp, M|100\/100\n|switch|p1a: Eternatus|Eternatus|100\/100\n|-ability|p1a: Eternatus|Pressure\n|\n|-weather|RainDance|[upkeep]\n|upkeep\n|turn|3\n|\n|t:|1666063572\n|move|p1a: Eternatus|Dynamax Cannon|p2a: Garchomp\n|-supereffective|p2a: Garchomp\n|-crit|p2a: Garchomp\n|-damage|p2a: Garchomp|0 fnt\n|faint|p2a: Garchomp\n|\n|-weather|RainDance|[upkeep]\n|upkeep\n|\n|t:|1666063591\n|switch|p2a: Kartana|Kartana|84\/100\n|turn|4\n|\n|t:|1666063599\n|move|p2a: Kartana|Knock Off|p1a: Eternatus\n|-damage|p1a: Eternatus|66\/100\n|-enditem|p1a: Eternatus|Black Sludge|[from] move: Knock Off|[of] p2a: Kartana\n|move|p1a: Eternatus|Mystical Fire|p2a: Kartana\n|-supereffective|p2a: Kartana\n|-damage|p2a: Kartana|0 fnt\n|faint|p2a: Kartana\n|\n|-weather|RainDance|[upkeep]\n|upkeep\n|j| GodofshowdownXD\n|j| LocalMetagross\n|inactive|yomaalt has 120 seconds left.\n|\n|t:|1666063628\n|switch|p2a: Calyrex|Calyrex-Shadow|100\/100\n|-ability|p2a: Calyrex|As One\n|-ability|p2a: Calyrex|Unnerve\n|turn|5\n|inactive|yomaalt has 120 seconds left.\n|\n|t:|1666063649\n|switch|p2a: Yveltal|Yveltal|100\/100\n|-ability|p2a: Yveltal|Dark Aura\n|switch|p1a: Yveltal|Yveltal|100\/100\n|-ability|p1a: Yveltal|Dark Aura\n|\n|-weather|none\n|upkeep\n|turn|6\n|l| LocalMetagross\n|inactive|yomaalt has 120 seconds left.\n|\n|t:|1666063663\n|switch|p1a: Eternatus|Eternatus|66\/100\n|-ability|p1a: Eternatus|Pressure\n|move|p2a: Yveltal|Oblivion Wing|p1a: Eternatus\n|-damage|p1a: Eternatus|29\/100\n|-damage|p2a: Yveltal|91\/100|[from] item: Life Orb\n|\n|upkeep\n|turn|7\n|inactive|yokobaby has 120 seconds left.\n|\n|t:|1666063695\n|move|p1a: Eternatus|Recover|p1a: Eternatus\n|-heal|p1a: Eternatus|80\/100\n|move|p2a: Yveltal|Taunt|p1a: Eternatus\n|-start|p1a: Eternatus|move: Taunt\n|\n|upkeep\n|turn|8\n|l| GodofshowdownXD\n|\n|t:|1666063705\n|switch|p1a: Zacian|Zacian-Crowned|100\/100\n|-ability|p1a: Zacian|Intrepid Sword|boost\n|-boost|p1a: Zacian|atk|1\n|move|p2a: Yveltal|Dark Pulse|p1a: Zacian\n|-resisted|p1a: Zacian\n|-damage|p1a: Zacian|69\/100\n|-damage|p2a: Yveltal|81\/100|[from] item: Life Orb\n|\n|upkeep\n|turn|9\n|\n|t:|1666063712\n|move|p2a: Yveltal|Sucker Punch|p1a: Zacian\n|-resisted|p1a: Zacian\n|-damage|p1a: Zacian|48\/100\n|-damage|p2a: Yveltal|71\/100|[from] item: Life Orb\n|move|p1a: Zacian|Wild Charge|p2a: Yveltal\n|-supereffective|p2a: Yveltal\n|-damage|p2a: Yveltal|0 fnt\n|faint|p2a: Yveltal\n|-damage|p1a: Zacian|28\/100|[from] Recoil\n|\n|upkeep\n|\n|t:|1666063714\n|switch|p2a: Volcarona|Volcarona, F|100\/100\n|turn|10\n|\n|t:|1666063716\n|switch|p1a: Kyogre|Kyogre|100\/100\n|-weather|RainDance|[from] ability: Drizzle|[of] p1a: Kyogre\n|move|p2a: Volcarona|Quiver Dance|p2a: Volcarona\n|-boost|p2a: Volcarona|spa|1\n|-boost|p2a: Volcarona|spd|1\n|-boost|p2a: Volcarona|spe|1\n|\n|-weather|RainDance|[upkeep]\n|upkeep\n|turn|11\n|\n|t:|1666063732\n|-start|p2a: Volcarona|Dynamax|\n|-heal|p2a: Volcarona|100\/100|[silent]\n|-start|p1a: Kyogre|Dynamax|\n|-heal|p1a: Kyogre|100\/100|[silent]\n|move|p2a: Volcarona|Max Flutterby|p1a: Kyogre\n|-damage|p1a: Kyogre|59\/100\n|-unboost|p1a: Kyogre|spa|1\n|move|p1a: Kyogre|Max Geyser|p2a: Volcarona\n|-supereffective|p2a: Volcarona\n|-damage|p2a: Volcarona|34\/100\n|\n|-weather|RainDance|[upkeep]\n|upkeep\n|turn|12\n|j| GodofshowdownXD\n|\n|t:|1666063744\n|move|p2a: Volcarona|Max Guard|p2a: Volcarona\n|-singleturn|p2a: Volcarona|Max Guard\n|move|p1a: Kyogre|Max Geyser|p2a: Volcarona\n|-activate|p2a: Volcarona|move: Max Guard\n|\n|-weather|RainDance|[upkeep]\n|upkeep\n|turn|13\n|\n|t:|1666063746\n|move|p2a: Volcarona|Max Flare|p1a: Kyogre\n|-resisted|p1a: Kyogre\n|-crit|p1a: Kyogre\n|-damage|p1a: Kyogre|44\/100\n|-weather|SunnyDay\n|move|p1a: Kyogre|Max Geyser|p2a: Volcarona\n|-supereffective|p2a: Volcarona\n|-damage|p2a: Volcarona|13\/100\n|-weather|RainDance\n|\n|-weather|RainDance|[upkeep]\n|upkeep\n|-end|p2a: Volcarona|Dynamax\n|-heal|p2a: Volcarona|13\/100|[silent]\n|-end|p1a: Kyogre|Dynamax\n|-heal|p1a: Kyogre|44\/100|[silent]\n|turn|14\n|\n|t:|1666063751\n|move|p2a: Volcarona|Bug Buzz|p1a: Kyogre\n|-damage|p1a: Kyogre|0 fnt\n|faint|p1a: Kyogre\n|\n|-weather|RainDance|[upkeep]\n|upkeep\n|\n|t:|1666063757\n|switch|p1a: Eternatus|Eternatus|80\/100\n|-ability|p1a: Eternatus|Pressure\n|turn|15\n|\n|t:|1666063759\n|move|p2a: Volcarona|Psychic|p1a: Eternatus\n|-supereffective|p1a: Eternatus\n|-damage|p1a: Eternatus|24\/100\n|move|p1a: Eternatus|Dynamax Cannon|p2a: Volcarona\n|-damage|p2a: Volcarona|0 fnt\n|faint|p2a: Volcarona\n|\n|-weather|RainDance|[upkeep]\n|upkeep\n|\n|t:|1666063769\n|switch|p2a: Calyrex|Calyrex-Shadow|100\/100\n|-ability|p2a: Calyrex|As One\n|-ability|p2a: Calyrex|Unnerve\n|turn|16\n|\n|t:|1666063775\n|switch|p1a: Yveltal|Yveltal|100\/100\n|-ability|p1a: Yveltal|Dark Aura\n|move|p2a: Calyrex|Astral Barrage|p1a: Yveltal\n|-resisted|p1a: Yveltal\n|-damage|p1a: Yveltal|77\/100\n|\n|-weather|RainDance|[upkeep]\n|upkeep\n|turn|17\n|\n|t:|1666063779\n|switch|p2a: Marshadow|Marshadow|100\/100\n|move|p1a: Yveltal|Knock Off|p2a: Marshadow\n|-damage|p2a: Marshadow|15\/100\n|-enditem|p2a: Marshadow|Life Orb|[from] move: Knock Off|[of] p1a: Yveltal\n|\n|-weather|none\n|upkeep\n|turn|18\n|l| AGLT5TX poke\n|\n|t:|1666063782\n|switch|p1a: Necrozma|Necrozma-Dusk-Mane|85\/100\n|move|p2a: Marshadow|Rock Tomb|p1a: Necrozma\n|-resisted|p1a: Necrozma\n|-damage|p1a: Necrozma|77\/100\n|-unboost|p1a: Necrozma|spe|1\n|\n|upkeep\n|turn|19\n|\n|t:|1666063786\n|move|p2a: Marshadow|Poltergeist|p1a: Necrozma\n|-activate|p1a: Necrozma|move: Poltergeist|Rocky Helmet\n|-supereffective|p1a: Necrozma\n|-damage|p1a: Necrozma|31\/100\n|move|p1a: Necrozma|Stealth Rock|p2a: Marshadow\n|-sidestart|p2: yomaalt|move: Stealth Rock\n|\n|upkeep\n|turn|20\n|\n|t:|1666063794\n|move|p2a: Marshadow|Poltergeist|p1a: Necrozma\n|-activate|p1a: Necrozma|move: Poltergeist|Rocky Helmet\n|-supereffective|p1a: Necrozma\n|-damage|p1a: Necrozma|0 fnt\n|faint|p1a: Necrozma\n|\n|upkeep\n|\n|t:|1666063797\n|switch|p1a: Eternatus|Eternatus|24\/100\n|-ability|p1a: Eternatus|Pressure\n|turn|21\n|\n|t:|1666063799\n|move|p2a: Marshadow|Shadow Sneak|p1a: Eternatus\n|-damage|p1a: Eternatus|2\/100\n|move|p1a: Eternatus|Dynamax Cannon|p2a: Marshadow\n|-damage|p2a: Marshadow|0 fnt\n|faint|p2a: Marshadow\n|\n|upkeep\n|\n|t:|1666063802\n|switch|p2a: Calyrex|Calyrex-Shadow|100\/100\n|-ability|p2a: Calyrex|As One\n|-ability|p2a: Calyrex|Unnerve\n|-damage|p2a: Calyrex|88\/100|[from] Stealth Rock\n|turn|22\n|c|\u2606yomaalt|welp ggs lol\n|\n|t:|1666063808\n|switch|p1a: Yveltal|Yveltal|77\/100\n|-ability|p1a: Yveltal|Dark Aura\n|move|p2a: Calyrex|Astral Barrage|p1a: Yveltal\n|-resisted|p1a: Yveltal\n|-damage|p1a: Yveltal|55\/100\n|\n|upkeep\n|turn|23\n|\n|t:|1666063810\n|move|p2a: Calyrex|Astral Barrage|p1a: Yveltal\n|-resisted|p1a: Yveltal\n|-crit|p1a: Yveltal\n|-damage|p1a: Yveltal|22\/100\n|move|p1a: Yveltal|Knock Off|p2a: Calyrex\n|-supereffective|p2a: Calyrex\n|-damage|p2a: Calyrex|0 fnt\n|-enditem|p2a: Calyrex|Choice Scarf|[from] move: Knock Off|[of] p1a: Yveltal\n|faint|p2a: Calyrex\n|\n|win|yokobaby\n|n|\u2606yokobaby|yokobaby\n|n|\u2606yomaalt|yomaalt\n|n| Karlaaaaaa|karlaaaaaa\n|n| Maxxii.z|maxxiiz\n|n| GodofshowdownXD|godofshowdownxd\n","uploadtime":1666063811,"views":8,"p1id":"yokobaby","p2id":"yomaalt","formatid":"gen8anythinggoes","rating":0,"private":0,"password":null}