{"id":"gen8pokebilities-1487890384","p1":"Hikari-miyako","p2":"BottomGear","format":"gen8pokebilities","log":"|j|\u2606Hikari-miyako\n|j|\u2606BottomGear\n|t:|1641680606\n|gametype|singles\n|player|p1|Hikari-miyako|ariana|1066\n|player|p2|BottomGear|valerie|1000\n|teamsize|p1|6\n|teamsize|p2|6\n|gen|8\n|tier|[Gen 8] Pokebilities\n|rated|\n|rule|Sleep Clause Mod: Limit one foe put to sleep\n|rule|Species Clause: Limit one of each Pok\u00e9mon\n|rule|OHKO Clause: OHKO moves are banned\n|rule|Evasion Moves Clause: Evasion moves are banned\n|rule|Endless Battle Clause: Forcing endless battles is banned\n|rule|HP Percentage Mod: HP is shown in percentages\n|rule|Dynamax Clause: You cannot dynamax\n|clearpoke\n|poke|p1|Conkeldurr, M|\n|poke|p1|Crawdaunt, F|\n|poke|p1|Cinccino, F|\n|poke|p1|Magnezone|\n|poke|p1|Mamoswine, M|\n|poke|p1|Dragapult, F|\n|poke|p2|Mienshao, M|\n|poke|p2|Conkeldurr, M|\n|poke|p2|Krookodile, F|\n|poke|p2|Toxtricity, F|\n|poke|p2|Clefable, F|\n|poke|p2|Ninetales-Alola, M|\n|teampreview\n|\n|t:|1641680611\n|start\n|switch|p1a: Dragapult|Dragapult, F|100\/100\n|switch|p2a: Mienshao|Mienshao, M|100\/100\n|turn|1\n|\n|t:|1641680614\n|move|p1a: Dragapult|U-turn|p2a: Mienshao\n|-resisted|p2a: Mienshao\n|-damage|p2a: Mienshao|74\/100\n|-damage|p1a: Dragapult|91\/100|[from] item: Life Orb\n|\n|t:|1641680619\n|switch|p1a: Conkeldurr|Conkeldurr, M|100\/100|[from]move: U-turn\n|move|p2a: Mienshao|U-turn|p1a: Conkeldurr\n|-resisted|p1a: Conkeldurr\n|-damage|p1a: Conkeldurr|88\/100\n|-damage|p2a: Mienshao|64\/100|[from] item: Life Orb\n|\n|t:|1641680623\n|switch|p2a: Ninetales|Ninetales-Alola, M|100\/100|[from]move: U-turn\n|-weather|Hail|[from] ability: [object Object]|[of] p2a: Ninetales\n|\n|-weather|Hail|[upkeep]\n|-damage|p1a: Conkeldurr|82\/100|[from] Hail\n|-status|p1a: Conkeldurr|brn|[from] item: Flame Orb\n|upkeep\n|turn|2\n|\n|t:|1641680627\n|switch|p1a: Magnezone|Magnezone|100\/100\n|move|p2a: Ninetales|Aurora Veil|p2a: Ninetales\n|-sidestart|p2: BottomGear|move: Aurora Veil\n|\n|-weather|Hail|[upkeep]\n|-damage|p1a: Magnezone|94\/100|[from] Hail\n|upkeep\n|turn|3\n|\n|t:|1641680634\n|switch|p2a: Mienshao|Mienshao, M|97\/100\n|move|p1a: Magnezone|Flash Cannon|p2a: Mienshao\n|-damage|p2a: Mienshao|17\/100\n|\n|-weather|Hail|[upkeep]\n|-damage|p2a: Mienshao|12\/100|[from] Hail\n|-damage|p1a: Magnezone|88\/100|[from] Hail\n|upkeep\n|turn|4\n|\n|t:|1641680638\n|move|p2a: Mienshao|High Jump Kick|p1a: Magnezone\n|-supereffective|p1a: Magnezone\n|-damage|p1a: Magnezone|0 fnt\n|faint|p1a: Magnezone\n|-damage|p2a: Mienshao|2\/100|[from] item: Life Orb\n|\n|-weather|Hail|[upkeep]\n|-damage|p2a: Mienshao|0 fnt|[from] Hail\n|faint|p2a: Mienshao\n|upkeep\n|\n|t:|1641680641\n|switch|p2a: Conkeldurr|Conkeldurr, M|100\/100\n|switch|p1a: Dragapult|Dragapult, F|91\/100\n|turn|5\n|\n|t:|1641680644\n|move|p1a: Dragapult|U-turn|p2a: Conkeldurr\n|-resisted|p2a: Conkeldurr\n|-damage|p2a: Conkeldurr|89\/100\n|-damage|p1a: Dragapult|81\/100|[from] item: Life Orb\n|\n|t:|1641680647\n|switch|p1a: Conkeldurr|Conkeldurr, M|82\/100 brn|[from]move: U-turn\n|move|p2a: Conkeldurr|Ice Punch|p1a: Conkeldurr\n|-damage|p1a: Conkeldurr|41\/100 brn\n|\n|-weather|none\n|-damage|p1a: Conkeldurr|35\/100 brn|[from] brn\n|-status|p2a: Conkeldurr|brn|[from] item: Flame Orb\n|upkeep\n|turn|6\n|\n|t:|1641680650\n|move|p2a: Conkeldurr|Mach Punch|p1a: Conkeldurr\n|-damage|p1a: Conkeldurr|0 fnt\n|faint|p1a: Conkeldurr\n|\n|-damage|p2a: Conkeldurr|83\/100 brn|[from] brn\n|upkeep\n|\n|t:|1641680655\n|switch|p1a: Dragapult|Dragapult, F|81\/100\n|turn|7\n|\n|t:|1641680662\n|move|p1a: Dragapult|U-turn|p2a: Conkeldurr\n|-resisted|p2a: Conkeldurr\n|-damage|p2a: Conkeldurr|70\/100 brn\n|-damage|p1a: Dragapult|71\/100|[from] item: Life Orb\n|\n|t:|1641680665\n|switch|p1a: Mamoswine|Mamoswine, M|100\/100|[from]move: U-turn\n|move|p2a: Conkeldurr|Ice Punch|p1a: Mamoswine\n|-damage|p1a: Mamoswine|62\/100\n|\n|-damage|p2a: Conkeldurr|64\/100 brn|[from] brn\n|upkeep\n|turn|8\n|\n|t:|1641680670\n|move|p2a: Conkeldurr|Mach Punch|p1a: Mamoswine\n|-supereffective|p1a: Mamoswine\n|-damage|p1a: Mamoswine|0 fnt\n|faint|p1a: Mamoswine\n|\n|-damage|p2a: Conkeldurr|58\/100 brn|[from] brn\n|upkeep\n|\n|t:|1641680674\n|switch|p1a: Crawdaunt|Crawdaunt, F|100\/100\n|turn|9\n|\n|t:|1641680677\n|switch|p1a: Dragapult|Dragapult, F|71\/100\n|move|p2a: Conkeldurr|Ice Punch|p1a: Dragapult\n|-supereffective|p1a: Dragapult\n|-damage|p1a: Dragapult|0 fnt\n|faint|p1a: Dragapult\n|\n|-damage|p2a: Conkeldurr|52\/100 brn|[from] brn\n|-sideend|p2: BottomGear|move: Aurora Veil\n|upkeep\n|\n|t:|1641680681\n|switch|p1a: Crawdaunt|Crawdaunt, F|100\/100\n|turn|10\n|\n|t:|1641680683\n|move|p1a: Crawdaunt|Aqua Jet|p2a: Conkeldurr\n|-damage|p2a: Conkeldurr|18\/100 brn\n|-damage|p1a: Crawdaunt|90\/100|[from] item: Life Orb\n|move|p2a: Conkeldurr|Mach Punch|p1a: Crawdaunt\n|-supereffective|p1a: Crawdaunt\n|-damage|p1a: Crawdaunt|0 fnt\n|faint|p1a: Crawdaunt\n|\n|-damage|p2a: Conkeldurr|12\/100 brn|[from] brn\n|upkeep\n|\n|t:|1641680686\n|switch|p1a: Cinccino|Cinccino, F|100\/100\n|turn|11\n|\n|t:|1641680688\n|move|p2a: Conkeldurr|Mach Punch|p1a: Cinccino\n|-supereffective|p1a: Cinccino\n|-damage|p1a: Cinccino|0 fnt\n|faint|p1a: Cinccino\n|\n|win|BottomGear\n|raw|Hikari-miyako's rating: 1066 &rarr; <strong>1042<\/strong><br \/>(-24 for losing)\n|raw|BottomGear's rating: 1000 &rarr; <strong>1048<\/strong><br \/>(+48 for winning)\n|l|\u2606Hikari-miyako\n","uploadtime":1641680694,"views":11,"p1id":"hikarimiyako","p2id":"bottomgear","formatid":"gen8pokebilities","rating":1042,"private":0,"password":null}