{"id":"gen8bdspou-1513963071","p1":"ktsk","p2":"Anibunnysomoney","format":"gen8bdspou","log":"|j|\u2606ktsk\n|j|\u2606Anibunnysomoney\n|t:|1645218438\n|gametype|singles\n|player|p1|ktsk|bugcatcher-gen4dp|\n|player|p2|Anibunnysomoney|bugcatcher-gen4dp|\n|teamsize|p1|6\n|teamsize|p2|6\n|gen|8\n|tier|[Gen 8 BDSP] OU\n|rule|Sleep Clause Mod: Limit one foe put to sleep\n|rule|Species Clause: Limit one of each Pok\u00e9mon\n|rule|OHKO Clause: OHKO moves are banned\n|rule|Evasion Moves Clause: Evasion moves are banned\n|rule|Endless Battle Clause: Forcing endless battles is banned\n|rule|HP Percentage Mod: HP is shown in percentages\n|clearpoke\n|poke|p1|Scizor, F|\n|poke|p1|Heracross, M|\n|poke|p1|Roserade, M|\n|poke|p1|Starmie|\n|poke|p1|Froslass, F|\n|poke|p1|Vaporeon, M|\n|poke|p2|Mew|\n|poke|p2|Entei|\n|poke|p2|Spiritomb, F|\n|poke|p2|Azumarill, F|\n|poke|p2|Gallade, M|\n|poke|p2|Flygon, M|\n|teampreview\n|c|\u2606ktsk|o shittt\n|\n|t:|1645218479\n|start\n|switch|p1a: Froslass|Froslass, F|100\/100\n|switch|p2a: Spiritomb|Spiritomb, F|100\/100\n|turn|1\n|\n|t:|1645218490\n|move|p1a: Froslass|Ice Beam|p2a: Spiritomb\n|-damage|p2a: Spiritomb|62\/100\n|move|p2a: Spiritomb|Dark Pulse|p1a: Froslass\n|-supereffective|p1a: Froslass\n|-enditem|p1a: Froslass|Focus Sash\n|-damage|p1a: Froslass|1\/100\n|\n|upkeep\n|turn|2\n|\n|t:|1645218519\n|switch|p1a: Roserade|Roserade, M|100\/100\n|move|p2a: Spiritomb|Shadow Sneak|p1a: Roserade\n|-damage|p1a: Roserade|75\/100\n|\n|-heal|p1a: Roserade|81\/100|[from] item: Black Sludge\n|upkeep\n|turn|3\n|\n|t:|1645218557\n|move|p2a: Spiritomb|Shadow Sneak|p1a: Roserade\n|-damage|p1a: Roserade|58\/100\n|-status|p2a: Spiritomb|psn|[from] ability: Poison Point|[of] p1a: Roserade\n|move|p1a: Roserade|Sleep Powder||[still]\n|-fail|p1a: Roserade\n|\n|-heal|p1a: Roserade|64\/100|[from] item: Black Sludge\n|-damage|p2a: Spiritomb|49\/100 psn|[from] psn\n|upkeep\n|turn|4\n|c|\u2606Anibunnysomoney|Lmao\n|c|\u2606ktsk|.....\n|\n|t:|1645218665\n|move|p1a: Roserade|Spikes|p2a: Spiritomb\n|-sidestart|p2: Anibunnysomoney|Spikes\n|move|p2a: Spiritomb|Dark Pulse|p1a: Roserade\n|-damage|p1a: Roserade|10\/100\n|\n|-heal|p1a: Roserade|16\/100|[from] item: Black Sludge\n|-damage|p2a: Spiritomb|37\/100 psn|[from] psn\n|upkeep\n|turn|5\n|\n|t:|1645218679\n|switch|p1a: Vaporeon|Vaporeon, M|100\/100\n|move|p2a: Spiritomb|Shadow Sneak|p1a: Vaporeon\n|-damage|p1a: Vaporeon|91\/100\n|\n|-heal|p1a: Vaporeon|97\/100|[from] item: Leftovers\n|-damage|p2a: Spiritomb|24\/100 psn|[from] psn\n|upkeep\n|turn|6\n|\n|t:|1645218734\n|switch|p2a: Gallade|Gallade, M|100\/100\n|-damage|p2a: Gallade|88\/100|[from] Spikes\n|move|p1a: Vaporeon|Wish|p1a: Vaporeon\n|\n|-heal|p1a: Vaporeon|100\/100|[from] item: Leftovers\n|upkeep\n|turn|7\n|\n|t:|1645218753\n|move|p2a: Gallade|Shadow Sneak|p1a: Vaporeon\n|-damage|p1a: Vaporeon|93\/100\n|move|p1a: Vaporeon|Scald|p2a: Gallade\n|-damage|p2a: Gallade|69\/100\n|-status|p2a: Gallade|brn\n|-enditem|p2a: Gallade|Lum Berry|[eat]\n|-curestatus|p2a: Gallade|brn|[msg]\n|\n|-heal|p1a: Vaporeon|100\/100|[from] move: Wish|[wisher] Vaporeon\n|upkeep\n|turn|8\n|\n|t:|1645218769\n|move|p2a: Gallade|Taunt|p1a: Vaporeon\n|-start|p1a: Vaporeon|move: Taunt\n|move|p1a: Vaporeon|Scald|p2a: Gallade\n|-damage|p2a: Gallade|49\/100\n|-status|p2a: Gallade|brn\n|\n|-damage|p2a: Gallade|43\/100 brn|[from] brn\n|upkeep\n|turn|9\n|c|\u2606Anibunnysomoney|Sheesh\n|\n|t:|1645218788\n|switch|p2a: Mew|Mew|100\/100\n|-damage|p2a: Mew|88\/100|[from] Spikes\n|move|p1a: Vaporeon|Scald|p2a: Mew\n|-damage|p2a: Mew|60\/100\n|\n|upkeep\n|turn|10\n|c|\u2606ktsk|good read on da fross\n|c|\u2606Anibunnysomoney|Not good enough, should\u2019ve anticipated switch :\/\n|c|\u2606Anibunnysomoney|Double scald burn hurt lol\n|\n|t:|1645218876\n|switch|p1a: Roserade|Roserade, M|16\/100\n|move|p2a: Mew|Rock Polish|p2a: Mew\n|-boost|p2a: Mew|spe|2\n|\n|-heal|p1a: Roserade|22\/100|[from] item: Black Sludge\n|upkeep\n|turn|11\n|c|\u2606ktsk|yee\n|\n|t:|1645218900\n|move|p2a: Mew|Psychic|p1a: Roserade\n|-supereffective|p1a: Roserade\n|-damage|p1a: Roserade|0 fnt\n|faint|p1a: Roserade\n|\n|upkeep\n|\n|t:|1645218919\n|switch|p1a: Scizor|Scizor, F|100\/100\n|turn|12\n|\n|t:|1645218922\n|switch|p1a: Vaporeon|Vaporeon, M|100\/100\n|move|p2a: Mew|Flamethrower|p1a: Vaporeon\n|-resisted|p1a: Vaporeon\n|-damage|p1a: Vaporeon|90\/100\n|\n|-heal|p1a: Vaporeon|96\/100|[from] item: Leftovers\n|upkeep\n|turn|13\n|\n|t:|1645218934\n|move|p2a: Mew|Psychic|p1a: Vaporeon\n|-damage|p1a: Vaporeon|63\/100\n|move|p1a: Vaporeon|Scald|p2a: Mew\n|-damage|p2a: Mew|29\/100\n|\n|-heal|p1a: Vaporeon|69\/100|[from] item: Leftovers\n|upkeep\n|turn|14\n|c|\u2606Anibunnysomoney|Good double\n|c|\u2606ktsk|;)\n|\n|t:|1645218971\n|move|p2a: Mew|Energy Ball|p1a: Vaporeon\n|-supereffective|p1a: Vaporeon\n|-damage|p1a: Vaporeon|15\/100\n|move|p1a: Vaporeon|Wish|p1a: Vaporeon\n|\n|-heal|p1a: Vaporeon|21\/100|[from] item: Leftovers\n|upkeep\n|turn|15\n|\n|t:|1645218991\n|move|p1a: Vaporeon|Protect|p1a: Vaporeon\n|-singleturn|p1a: Vaporeon|Protect\n|move|p2a: Mew|Energy Ball|p1a: Vaporeon\n|-activate|p1a: Vaporeon|move: Protect\n|\n|-heal|p1a: Vaporeon|71\/100|[from] move: Wish|[wisher] Vaporeon\n|-heal|p1a: Vaporeon|77\/100|[from] item: Leftovers\n|upkeep\n|turn|16\n|\n|t:|1645219008\n|move|p2a: Mew|Energy Ball|p1a: Vaporeon\n|-supereffective|p1a: Vaporeon\n|-damage|p1a: Vaporeon|25\/100\n|move|p1a: Vaporeon|Scald|p2a: Mew\n|-damage|p2a: Mew|0 fnt\n|faint|p2a: Mew\n|\n|-heal|p1a: Vaporeon|31\/100|[from] item: Leftovers\n|upkeep\n|\n|t:|1645219100\n|switch|p2a: Entei|Entei|100\/100\n|-damage|p2a: Entei|88\/100|[from] Spikes\n|turn|17\n|\n|t:|1645219160\n|move|p2a: Entei|Crunch|p1a: Vaporeon\n|-damage|p1a: Vaporeon|10\/100\n|move|p1a: Vaporeon|Wish|p1a: Vaporeon\n|\n|-heal|p1a: Vaporeon|16\/100|[from] item: Leftovers\n|upkeep\n|turn|18\n|c|\u2606Anibunnysomoney|Bruh I thought it kills lmao\n|c|\u2606ktsk|;)\n|\n|t:|1645219186\n|switch|p2a: Azumarill|Azumarill, F|100\/100\n|-damage|p2a: Azumarill|88\/100|[from] Spikes\n|move|p1a: Vaporeon|Protect||[still]\n|-fail|p1a: Vaporeon\n|\n|-heal|p1a: Vaporeon|66\/100|[from] move: Wish|[wisher] Vaporeon\n|-heal|p1a: Vaporeon|73\/100|[from] item: Leftovers\n|upkeep\n|turn|19\n|\n|t:|1645219259\n|move|p1a: Vaporeon|Scald|p2a: Azumarill\n|-resisted|p2a: Azumarill\n|-damage|p2a: Azumarill|73\/100\n|-status|p2a: Azumarill|brn\n|move|p2a: Azumarill|Play Rough|p1a: Vaporeon\n|-damage|p1a: Vaporeon|41\/100\n|\n|-heal|p1a: Vaporeon|47\/100|[from] item: Leftovers\n|-damage|p2a: Azumarill|67\/100 brn|[from] brn\n|upkeep\n|turn|20\n|c|\u2606Anibunnysomoney|Lmao ff\n|c|\u2606ktsk|dammmm\n|c|\u2606ktsk|if u were belly drum and i didnt burn\n|c|\u2606Anibunnysomoney|3 scald burn\n|c|\u2606ktsk|i was in big trub\n|c|\u2606ktsk|scald OP\n|c|\u2606Anibunnysomoney|Yeah 30% lol\n|\n|t:|1645219319\n|switch|p2a: Entei|Entei|88\/100\n|-damage|p2a: Entei|76\/100|[from] Spikes\n|move|p1a: Vaporeon|Wish|p1a: Vaporeon\n|\n|-heal|p1a: Vaporeon|53\/100|[from] item: Leftovers\n|upkeep\n|turn|21\n|\n|t:|1645219346\n|move|p2a: Entei|Sacred Fire|p1a: Vaporeon\n|-resisted|p1a: Vaporeon\n|-crit|p1a: Vaporeon\n|-damage|p1a: Vaporeon|23\/100\n|-status|p1a: Vaporeon|brn\n|move|p1a: Vaporeon|Scald|p2a: Entei\n|-supereffective|p2a: Entei\n|-damage|p2a: Entei|8\/100\n|\n|-heal|p1a: Vaporeon|73\/100 brn|[from] move: Wish|[wisher] Vaporeon\n|-heal|p1a: Vaporeon|79\/100 brn|[from] item: Leftovers\n|-damage|p1a: Vaporeon|73\/100 brn|[from] brn\n|upkeep\n|turn|22\n|c|\u2606ktsk|burn hax\n|c|\u2606ktsk|LOL\n|c|\u2606Anibunnysomoney|That\u2019s 50% tho lol\n|c|\u2606ktsk|ikim kiddin\n|\n|t:|1645219382\n|switch|p2a: Gallade|Gallade, M|43\/100 brn\n|-damage|p2a: Gallade|30\/100 brn|[from] Spikes\n|move|p1a: Vaporeon|Wish|p1a: Vaporeon\n|\n|-heal|p1a: Vaporeon|79\/100 brn|[from] item: Leftovers\n|-damage|p2a: Gallade|24\/100 brn|[from] brn\n|-damage|p1a: Vaporeon|73\/100 brn|[from] brn\n|upkeep\n|turn|23\n|\n|t:|1645219394\n|move|p2a: Gallade|Taunt|p1a: Vaporeon\n|-start|p1a: Vaporeon|move: Taunt\n|move|p1a: Vaporeon|Scald|p2a: Gallade\n|-damage|p2a: Gallade|4\/100 brn\n|\n|-heal|p1a: Vaporeon|100\/100 brn|[from] move: Wish|[wisher] Vaporeon\n|-damage|p2a: Gallade|0 fnt|[from] brn\n|faint|p2a: Gallade\n|-damage|p1a: Vaporeon|94\/100 brn|[from] brn\n|upkeep\n|c|\u2606ktsk|the vaporeon pick upppp\n|c|\u2606ktsk|scald enthusiant\n|c|\u2606ktsk|enthusiast\n|\n|t:|1645219419\n|switch|p2a: Azumarill|Azumarill, F|67\/100 brn\n|-damage|p2a: Azumarill|54\/100 brn|[from] Spikes\n|turn|24\n|\n|t:|1645219439\n|move|p1a: Vaporeon|Scald|p2a: Azumarill\n|-resisted|p2a: Azumarill\n|-damage|p2a: Azumarill|39\/100 brn\n|move|p2a: Azumarill|Play Rough|p1a: Vaporeon|[miss]\n|-miss|p2a: Azumarill|p1a: Vaporeon\n|\n|-heal|p1a: Vaporeon|100\/100 brn|[from] item: Leftovers\n|-damage|p1a: Vaporeon|94\/100 brn|[from] brn\n|-damage|p2a: Azumarill|33\/100 brn|[from] brn\n|upkeep\n|turn|25\n|c|\u2606Anibunnysomoney|Ite lol gg\n|\n|t:|1645219454\n|move|p1a: Vaporeon|Scald|p2a: Azumarill\n|-resisted|p2a: Azumarill\n|-damage|p2a: Azumarill|17\/100 brn\n|move|p2a: Azumarill|Play Rough|p1a: Vaporeon|[miss]\n|-miss|p2a: Azumarill|p1a: Vaporeon\n|\n|-heal|p1a: Vaporeon|100\/100 brn|[from] item: Leftovers\n|-damage|p1a: Vaporeon|94\/100 brn|[from] brn\n|-damage|p2a: Azumarill|11\/100 brn|[from] brn\n|-end|p1a: Vaporeon|move: Taunt\n|upkeep\n|turn|26\n|c|\u2606ktsk|unlesss\n|c|\u2606ktsk|flygon set\n|c|\u2606ktsk|filth?\n|c|\u2606ktsk|LOL\n|-message|Anibunnysomoney forfeited.\n|\n|win|ktsk\n|l|\u2606Anibunnysomoney\n|j|\u2606Anibunnysomoney\n|player|p2|Anibunnysomoney|bugcatcher-gen4dp\n|c|\u2606ktsk|gg\n|c|\u2606Anibunnysomoney|Gg\n|c|\u2606ktsk|unkucky\n|c|\u2606ktsk|burns\n|c|\u2606Anibunnysomoney|yeah all good made a couple errors too\n|c|\u2606ktsk|ye slightly\n|c|\u2606ktsk|not much\n|c|\u2606ktsk|what set\n|c|\u2606ktsk|flygon\n","uploadtime":1645219523,"views":11,"p1id":"ktsk","p2id":"anibunnysomoney","formatid":"gen8bdspou","rating":0,"private":0,"password":null}