{"id":"gen8ou-1704270882","p1":"FavMon=Garchomp","p2":"Kwaga","format":"gen8ou","log":"|j|\u2606FavMon=Garchomp\n|j|\u2606Kwaga\n|t:|1667760123\n|gametype|singles\n|player|p1|FavMon=Garchomp|hilbert|\n|player|p2|Kwaga|brock-gen1rb|\n|teamsize|p1|6\n|teamsize|p2|6\n|gen|8\n|tier|[Gen 8] OU\n|rule|Sleep Clause Mod: Limit one foe put to sleep\n|rule|Species Clause: Limit one of each Pok\u00e9mon\n|rule|OHKO Clause: OHKO moves are banned\n|rule|Evasion Items Clause: Evasion items are banned\n|rule|Evasion Moves Clause: Evasion moves are banned\n|rule|Endless Battle Clause: Forcing endless battles is banned\n|rule|HP Percentage Mod: HP is shown in percentages\n|rule|Dynamax Clause: You cannot dynamax\n|clearpoke\n|poke|p1|Mew|\n|poke|p1|Tapu Lele|\n|poke|p1|Hawlucha, F|\n|poke|p1|Garchomp, F|\n|poke|p1|Dragonite, M|\n|poke|p1|Celesteela|\n|poke|p2|Weavile, M|\n|poke|p2|Dragapult, M|\n|poke|p2|Volcanion|\n|poke|p2|Melmetal|\n|poke|p2|Kartana|\n|poke|p2|Landorus-Therian, M|\n|teampreview\n|inactive|Battle timer is ON: inactive players will automatically lose when time's up. (requested by FavMon=Garchomp)\n|\n|t:|1667760143\n|start\n|switch|p1a: Mew|Mew|100\/100\n|switch|p2a: Melmetal|Melmetal|100\/100\n|turn|1\n|\n|t:|1667760148\n|move|p2a: Melmetal|Protect|p2a: Melmetal\n|-singleturn|p2a: Melmetal|Protect\n|move|p1a: Mew|Volt Switch|p2a: Melmetal\n|-activate|p2a: Melmetal|move: Protect\n|\n|upkeep\n|turn|2\n|\n|t:|1667760155\n|switch|p1a: Garchomp|Garchomp, F|100\/100\n|move|p2a: Melmetal|Double Iron Bash|p1a: Garchomp\n|-damage|p1a: Garchomp|70\/100\n|-damage|p2a: Melmetal|88\/100|[from] ability: Rough Skin|[of] p1a: Garchomp\n|-damage|p2a: Melmetal|72\/100|[from] item: Rocky Helmet|[of] p1a: Garchomp\n|-damage|p1a: Garchomp|41\/100\n|-damage|p2a: Melmetal|59\/100|[from] ability: Rough Skin|[of] p1a: Garchomp\n|-damage|p2a: Melmetal|43\/100|[from] item: Rocky Helmet|[of] p1a: Garchomp\n|-hitcount|p1a: Garchomp|2\n|\n|-heal|p2a: Melmetal|49\/100|[from] item: Leftovers\n|upkeep\n|turn|3\n|\n|t:|1667760165\n|move|p1a: Garchomp|Stealth Rock|p2a: Melmetal\n|-sidestart|p2: Kwaga|move: Stealth Rock\n|move|p2a: Melmetal|Double Iron Bash|p1a: Garchomp\n|-damage|p1a: Garchomp|7\/100\n|-damage|p2a: Melmetal|36\/100|[from] ability: Rough Skin|[of] p1a: Garchomp\n|-damage|p2a: Melmetal|20\/100|[from] item: Rocky Helmet|[of] p1a: Garchomp\n|-damage|p1a: Garchomp|0 fnt\n|-damage|p2a: Melmetal|7\/100|[from] ability: Rough Skin|[of] p1a: Garchomp\n|-damage|p2a: Melmetal|0 fnt|[from] item: Rocky Helmet|[of] p1a: Garchomp\n|faint|p1a: Garchomp\n|faint|p2a: Melmetal\n|-hitcount|p1: Garchomp|2\n|\n|upkeep\n|\n|t:|1667760173\n|switch|p1a: Mew|Mew|100\/100\n|switch|p2a: Landorus|Landorus-Therian, M|100\/100\n|-damage|p2a: Landorus|88\/100|[from] Stealth Rock\n|-ability|p2a: Landorus|Intimidate|boost\n|-unboost|p1a: Mew|atk|1\n|turn|4\n|\n|t:|1667760176\n|switch|p2a: Volcanion|Volcanion|100\/100\n|move|p1a: Mew|Ice Beam|p2a: Volcanion\n|-resisted|p2a: Volcanion\n|-damage|p2a: Volcanion|91\/100\n|\n|upkeep\n|turn|5\n|\n|t:|1667760184\n|switch|p1a: Celesteela|Celesteela|100\/100\n|move|p2a: Volcanion|Defog|p1a: Celesteela\n|-unboost|p1a: Celesteela|evasion|1\n|-sideend|p2: Kwaga|Stealth Rock|[from] move: Defog|[of] p2a: Volcanion\n|\n|upkeep\n|turn|6\n|\n|t:|1667760193\n|switch|p1a: Mew|Mew|100\/100\n|move|p2a: Volcanion|Flamethrower|p1a: Mew\n|-crit|p1a: Mew\n|-damage|p1a: Mew|24\/100\n|\n|upkeep\n|turn|7\n|\n|t:|1667760197\n|switch|p2a: Landorus|Landorus-Therian, M|88\/100\n|-ability|p2a: Landorus|Intimidate|boost\n|-unboost|p1a: Mew|atk|1\n|move|p1a: Mew|Trick|p2a: Landorus\n|-activate|p1a: Mew|move: Trick|[of] p2a: Landorus\n|-item|p2a: Landorus|Choice Scarf|[from] move: Trick\n|-item|p1a: Mew|Leftovers|[from] move: Trick\n|\n|-heal|p1a: Mew|30\/100|[from] item: Leftovers\n|upkeep\n|turn|8\n|\n|t:|1667760200\n|move|p1a: Mew|Ice Beam|p2a: Landorus\n|-supereffective|p2a: Landorus\n|-damage|p2a: Landorus|3\/100\n|move|p2a: Landorus|U-turn|p1a: Mew\n|-supereffective|p1a: Mew\n|-damage|p1a: Mew|0 fnt\n|faint|p1a: Mew\n|\n|t:|1667760207\n|switch|p2a: Weavile|Weavile, M|100\/100|[from]move: U-turn\n|-ability|p2a: Weavile|Pressure\n|\n|upkeep\n|\n|t:|1667760210\n|switch|p1a: Tapu Lele|Tapu Lele|100\/100\n|-fieldstart|move: Psychic Terrain|[from] ability: Psychic Surge|[of] p1a: Tapu Lele\n|turn|9\n|\n|t:|1667760216\n|switch|p2a: Landorus|Landorus-Therian, M|3\/100\n|-ability|p2a: Landorus|Intimidate|boost\n|-unboost|p1a: Tapu Lele|atk|1\n|move|p1a: Tapu Lele|Future Sight|p2a: Landorus\n|-start|p1a: Tapu Lele|move: Future Sight\n|\n|upkeep\n|turn|10\n|\n|t:|1667760220\n|switch|p1a: Hawlucha|Hawlucha, F|100\/100\n|-enditem|p1a: Hawlucha|Psychic Seed\n|-boost|p1a: Hawlucha|spd|1|[from] item: Psychic Seed\n|move|p2a: Landorus|U-turn|p1a: Hawlucha\n|-resisted|p1a: Hawlucha\n|-damage|p1a: Hawlucha|93\/100\n|\n|t:|1667760230\n|switch|p2a: Volcanion|Volcanion|91\/100|[from]move: U-turn\n|\n|upkeep\n|turn|11\n|\n|t:|1667760235\n|move|p1a: Hawlucha|Swords Dance|p1a: Hawlucha\n|-boost|p1a: Hawlucha|atk|2\n|move|p2a: Volcanion|Steam Eruption|p1a: Hawlucha\n|-damage|p1a: Hawlucha|36\/100\n|\n|-end|p2a: Volcanion|move: Future Sight\n|-damage|p2a: Volcanion|0 fnt\n|faint|p2a: Volcanion\n|upkeep\n|\n|t:|1667760250\n|switch|p2a: Landorus|Landorus-Therian, M|3\/100\n|-ability|p2a: Landorus|Intimidate|boost\n|-unboost|p1a: Hawlucha|atk|1\n|turn|12\n|\n|t:|1667760254\n|move|p1a: Hawlucha|Acrobatics|p2a: Landorus\n|-damage|p2a: Landorus|0 fnt\n|faint|p2a: Landorus\n|\n|upkeep\n|\n|t:|1667760261\n|switch|p2a: Dragapult|Dragapult, M|100\/100\n|turn|13\n|\n|t:|1667760264\n|move|p1a: Hawlucha|Acrobatics|p2a: Dragapult\n|-damage|p2a: Dragapult|5\/100\n|move|p2a: Dragapult|Shadow Ball|p1a: Hawlucha\n|-damage|p1a: Hawlucha|0 fnt\n|faint|p1a: Hawlucha\n|\n|-fieldend|move: Psychic Terrain\n|upkeep\n|\n|t:|1667760269\n|switch|p1a: Tapu Lele|Tapu Lele|100\/100\n|-fieldstart|move: Psychic Terrain|[from] ability: Psychic Surge|[of] p1a: Tapu Lele\n|turn|14\n|\n|t:|1667760276\n|move|p1a: Tapu Lele|Moonblast|p2a: Dragapult\n|-supereffective|p2a: Dragapult\n|-damage|p2a: Dragapult|0 fnt\n|faint|p2a: Dragapult\n|\n|upkeep\n|\n|t:|1667760278\n|switch|p2a: Kartana|Kartana, shiny|100\/100\n|turn|15\n|\n|t:|1667760285\n|switch|p2a: Weavile|Weavile, M|100\/100\n|-ability|p2a: Weavile|Pressure\n|switch|p1a: Dragonite|Dragonite, M|100\/100\n|\n|upkeep\n|turn|16\n|\n|t:|1667760289\n|move|p2a: Weavile|Triple Axel|p1a: Dragonite\n|-supereffective|p1a: Dragonite\n|-damage|p1a: Dragonite|65\/100\n|-supereffective|p1a: Dragonite\n|-damage|p1a: Dragonite|0 fnt\n|faint|p1a: Dragonite\n|-hitcount|p1: Dragonite|2\n|\n|upkeep\n|\n|t:|1667760290\n|switch|p1a: Celesteela|Celesteela|100\/100\n|turn|17\n|\n|t:|1667760294\n|move|p2a: Weavile|Triple Axel|p1a: Celesteela\n|-damage|p1a: Celesteela|83\/100\n|-damage|p1a: Celesteela|51\/100\n|-damage|p1a: Celesteela|4\/100\n|-hitcount|p1a: Celesteela|3\n|move|p1a: Celesteela|Autotomize|p1a: Celesteela\n|-boost|p1a: Celesteela|spe|2\n|-start|p1a: Celesteela|Autotomize\n|\n|upkeep\n|turn|18\n|\n|t:|1667760307\n|move|p1a: Celesteela|Heavy Slam|p2a: Weavile\n|-supereffective|p2a: Weavile\n|-damage|p2a: Weavile|0 fnt\n|faint|p2a: Weavile\n|-ability|p1a: Celesteela|Beast Boost|boost\n|-boost|p1a: Celesteela|atk|1\n|\n|-fieldend|move: Psychic Terrain\n|upkeep\n|\n|t:|1667760309\n|switch|p2a: Kartana|Kartana, shiny|100\/100\n|turn|19\n|\n|t:|1667760311\n|move|p2a: Kartana|Smart Strike|p1a: Celesteela\n|-resisted|p1a: Celesteela\n|-damage|p1a: Celesteela|0 fnt\n|faint|p1a: Celesteela\n|-ability|p2a: Kartana|Beast Boost|boost\n|-boost|p2a: Kartana|atk|1\n|\n|upkeep\n|\n|t:|1667760313\n|switch|p1a: Tapu Lele|Tapu Lele|100\/100\n|-fieldstart|move: Psychic Terrain|[from] ability: Psychic Surge|[of] p1a: Tapu Lele\n|turn|20\n|c|\u2606Kwaga|gg\n|\n|t:|1667760317\n|move|p2a: Kartana|Smart Strike|p1a: Tapu Lele\n|-supereffective|p1a: Tapu Lele\n|-damage|p1a: Tapu Lele|0 fnt\n|faint|p1a: Tapu Lele\n|\n|win|Kwaga\n|c|\u2606FavMon=Garchomp|not scarf\n|c|\u2606FavMon=Garchomp|banded\n|c|\u2606Kwaga|kart scarf\n","uploadtime":1667760321,"views":9,"p1id":"favmongarchomp","p2id":"kwaga","formatid":"gen8ou","rating":0,"private":0,"password":null}