{"id":"gen8ou-1635893359","p1":"Not Sarcasm","p2":"Amar Dinan","format":"gen8ou","log":"|j|\u2606Not Sarcasm\n|j|\u2606Amar Dinan\n|t:|1660065067\n|gametype|singles\n|player|p1|Not Sarcasm|1|1504\n|player|p2|Amar Dinan|aaron|1433\n|teamsize|p1|6\n|teamsize|p2|6\n|gen|8\n|tier|[Gen 8] OU\n|rated|\n|rule|Sleep Clause Mod: Limit one foe put to sleep\n|rule|Species Clause: Limit one of each Pok\u00e9mon\n|rule|OHKO Clause: OHKO moves are banned\n|rule|Evasion Items Clause: Evasion items are banned\n|rule|Evasion Moves Clause: Evasion moves are banned\n|rule|Endless Battle Clause: Forcing endless battles is banned\n|rule|HP Percentage Mod: HP is shown in percentages\n|rule|Dynamax Clause: You cannot dynamax\n|clearpoke\n|poke|p1|Tapu Lele|\n|poke|p1|Dragapult, M|\n|poke|p1|Landorus-Therian, M|\n|poke|p1|Weavile, F|\n|poke|p1|Tapu Fini|\n|poke|p1|Melmetal|\n|poke|p2|Buzzwole|\n|poke|p2|Moltres-Galar|\n|poke|p2|Landorus-Therian, M|\n|poke|p2|Braviary, M|\n|poke|p2|Ferrothorn, F|\n|poke|p2|Blissey, F|\n|teampreview\n|inactive|Battle timer is ON: inactive players will automatically lose when time's up. (requested by Not Sarcasm)\n|\n|t:|1660065090\n|start\n|switch|p1a: Tapu Lele|Tapu Lele|100\/100\n|switch|p2a: Buzzwole|Buzzwole|100\/100\n|-fieldstart|move: Psychic Terrain|[from] ability: Psychic Surge|[of] p1a: Tapu Lele\n|turn|1\n|\n|t:|1660065100\n|switch|p2a: Ferrothorn|Ferrothorn, F|100\/100\n|move|p1a: Tapu Lele|Focus Blast|p2a: Ferrothorn\n|-supereffective|p2a: Ferrothorn\n|-damage|p2a: Ferrothorn|2\/100\n|\n|-heal|p2a: Ferrothorn|8\/100|[from] item: Leftovers\n|upkeep\n|turn|2\n|\n|t:|1660065107\n|switch|p2a: Buzzwole|Buzzwole|100\/100\n|move|p1a: Tapu Lele|Focus Blast|p2a: Buzzwole\n|-resisted|p2a: Buzzwole\n|-damage|p2a: Buzzwole|52\/100\n|-unboost|p2a: Buzzwole|spd|1\n|\n|upkeep\n|turn|3\n|c|\u2606Amar Dinan|Bruh\n|\n|t:|1660065122\n|switch|p2a: Blissey|Blissey, F|100\/100\n|move|p1a: Tapu Lele|Focus Blast|p2a: Blissey|[miss]\n|-miss|p1a: Tapu Lele|p2a: Blissey\n|\n|upkeep\n|turn|4\n|\n|t:|1660065129\n|switch|p1a: Melmetal|Melmetal|100\/100\n|move|p2a: Blissey|Thunder Wave|p1a: Melmetal\n|-status|p1a: Melmetal|par\n|\n|upkeep\n|turn|5\n|\n|t:|1660065135\n|switch|p2a: Buzzwole|Buzzwole|52\/100\n|move|p1a: Melmetal|Double Iron Bash|p2a: Buzzwole\n|-damage|p2a: Buzzwole|10\/100\n|-damage|p1a: Melmetal|84\/100 par|[from] item: Rocky Helmet|[of] p2a: Buzzwole\n|-damage|p2a: Buzzwole|0 fnt\n|-damage|p1a: Melmetal|68\/100 par|[from] item: Rocky Helmet|[of] p2a: Buzzwole\n|faint|p2a: Buzzwole\n|-hitcount|p2: Buzzwole|2\n|\n|-fieldend|move: Psychic Terrain\n|upkeep\n|\n|t:|1660065148\n|switch|p2a: Landorus|Landorus-Therian, M|100\/100\n|-ability|p2a: Landorus|Intimidate|boost\n|-unboost|p1a: Melmetal|atk|1\n|turn|6\n|\n|t:|1660065158\n|move|p2a: Landorus|U-turn|p1a: Melmetal\n|-resisted|p1a: Melmetal\n|-damage|p1a: Melmetal|61\/100 par\n|\n|t:|1660065168\n|switch|p2a: Braviary|Braviary, M, shiny|100\/100|[from]move: U-turn\n|move|p1a: Melmetal|Double Iron Bash|p2a: Braviary\n|-damage|p2a: Braviary|50\/100\n|-damage|p2a: Braviary|2\/100\n|-hitcount|p2a: Braviary|2\n|\n|upkeep\n|turn|7\n|\n|t:|1660065179\n|switch|p2a: Landorus|Landorus-Therian, M|100\/100\n|-ability|p2a: Landorus|Intimidate|boost\n|-unboost|p1a: Melmetal|atk|1\n|move|p1a: Melmetal|Double Iron Bash|p2a: Landorus\n|-damage|p2a: Landorus|79\/100\n|-damage|p1a: Melmetal|44\/100 par|[from] item: Rocky Helmet|[of] p2a: Landorus\n|-damage|p2a: Landorus|54\/100\n|-damage|p1a: Melmetal|28\/100 par|[from] item: Rocky Helmet|[of] p2a: Landorus\n|-hitcount|p2a: Landorus|2\n|\n|upkeep\n|turn|8\n|c|\u2606Not Sarcasm|rocky helmet lando lol\n|\n|t:|1660065196\n|switch|p1a: Landorus|Landorus-Therian, M|100\/100\n|-ability|p1a: Landorus|Intimidate|boost\n|-unboost|p2a: Landorus|atk|1\n|move|p2a: Landorus|Earthquake|p1a: Landorus\n|-immune|p1a: Landorus\n|\n|upkeep\n|turn|9\n|\n|t:|1660065203\n|move|p1a: Landorus|Knock Off|p2a: Landorus\n|-damage|p2a: Landorus|27\/100\n|-damage|p1a: Landorus|84\/100|[from] item: Rocky Helmet|[of] p2a: Landorus\n|-enditem|p2a: Landorus|Rocky Helmet|[from] move: Knock Off|[of] p1a: Landorus\n|move|p2a: Landorus|Knock Off|p1a: Landorus\n|-damage|p1a: Landorus|61\/100\n|-enditem|p1a: Landorus|Choice Scarf|[from] move: Knock Off|[of] p2a: Landorus\n|\n|upkeep\n|turn|10\n|\n|t:|1660065211\n|move|p1a: Landorus|Knock Off|p2a: Landorus\n|-damage|p2a: Landorus|10\/100\n|move|p2a: Landorus|U-turn|p1a: Landorus\n|-resisted|p1a: Landorus\n|-damage|p1a: Landorus|52\/100\n|\n|t:|1660065222\n|switch|p2a: Braviary|Braviary, M, shiny|2\/100|[from]move: U-turn\n|\n|upkeep\n|turn|11\n|\n|t:|1660065230\n|move|p1a: Landorus|Knock Off|p2a: Braviary\n|-damage|p2a: Braviary|0 fnt\n|-enditem|p2a: Braviary|Choice Band|[from] move: Knock Off|[of] p1a: Landorus\n|faint|p2a: Braviary\n|\n|upkeep\n|\n|t:|1660065234\n|switch|p2a: Moltres|Moltres-Galar|100\/100\n|turn|12\n|\n|t:|1660065242\n|move|p1a: Landorus|U-turn|p2a: Moltres\n|-damage|p2a: Moltres|67\/100\n|\n|t:|1660065244\n|switch|p1a: Weavile|Weavile, F|100\/100|[from]move: U-turn\n|-ability|p1a: Weavile|Pressure\n|move|p2a: Moltres|Agility|p2a: Moltres\n|-boost|p2a: Moltres|spe|2\n|\n|upkeep\n|turn|13\n|\n|t:|1660065252\n|move|p1a: Weavile|Ice Shard|p2a: Moltres\n|-supereffective|p2a: Moltres\n|-damage|p2a: Moltres|0 fnt\n|faint|p2a: Moltres\n|\n|upkeep\n|\n|t:|1660065259\n|switch|p2a: Blissey|Blissey, F|100\/100\n|turn|14\n|\n|t:|1660065264\n|switch|p1a: Tapu Fini|Tapu Fini|100\/100\n|-fieldstart|move: Misty Terrain|[from] ability: Misty Surge|[of] p1a: Tapu Fini\n|move|p2a: Blissey|Thunder Wave|p1a: Tapu Fini\n|-activate|p1a: Tapu Fini|move: Misty Terrain\n|\n|upkeep\n|turn|15\n|\n|t:|1660065271\n|move|p1a: Tapu Fini|Calm Mind|p1a: Tapu Fini\n|-boost|p1a: Tapu Fini|spa|1\n|-boost|p1a: Tapu Fini|spd|1\n|move|p2a: Blissey|Teleport|p2a: Blissey\n|\n|t:|1660065273\n|switch|p2a: Landorus|Landorus-Therian, M|10\/100|[from]move: Teleport\n|-ability|p2a: Landorus|Intimidate|boost\n|-unboost|p1a: Tapu Fini|atk|1\n|\n|upkeep\n|turn|16\n|\n|t:|1660065278\n|move|p1a: Tapu Fini|Scald|p2a: Landorus\n|-supereffective|p2a: Landorus\n|-damage|p2a: Landorus|0 fnt\n|faint|p2a: Landorus\n|\n|upkeep\n|\n|t:|1660065281\n|switch|p2a: Ferrothorn|Ferrothorn, F|8\/100\n|turn|17\n|\n|t:|1660065284\n|move|p1a: Tapu Fini|Scald|p2a: Ferrothorn\n|-resisted|p2a: Ferrothorn\n|-damage|p2a: Ferrothorn|0 fnt\n|faint|p2a: Ferrothorn\n|\n|upkeep\n|\n|t:|1660065287\n|switch|p2a: Blissey|Blissey, F|100\/100\n|turn|18\n|c|\u2606Amar Dinan|Hax\n|c|\u2606Not Sarcasm|?\n|c|\u2606Amar Dinan|Dangit\n|c|\u2606Not Sarcasm|what hax\n|c|\u2606Amar Dinan|focus blast\n|c|\u2606Amar Dinan|just hit buzz\n|c|\u2606Amar Dinan|and dropped spdef\n|c|\u2606Not Sarcasm|uh ...?\n|inactive|Amar Dinan has 120 seconds left.\n|c|\u2606Amar Dinan|what are the odds\n|c|\u2606Not Sarcasm|like it did anything back to me?\n|c|\u2606Amar Dinan|i lost momentum\n|c|\u2606Amar Dinan|Like focus blast\n|inactive|Amar Dinan has 90 seconds left.\n|c|\u2606Amar Dinan|shoulndt two ohko my buzz\n|c|\u2606Amar Dinan|but the spdef ensured it died the next hit\n|c|\u2606Not Sarcasm|252+ SpA Choice Specs Tapu Lele Focus Blast vs. 152 HP \/ 0 SpD Buzzwole: 178-210 (45.2 - 53.4%) -- 39.5% chance to 2HKO\n|\n|t:|1660065373\n|move|p1a: Tapu Fini|Calm Mind|p1a: Tapu Fini\n|-boost|p1a: Tapu Fini|spa|1\n|-boost|p1a: Tapu Fini|spd|1\n|move|p2a: Blissey|Soft-Boiled||[still]\n|-fail|p2a: Blissey|heal\n|\n|-fieldend|Misty Terrain\n|upkeep\n|turn|19\n|c|\u2606Not Sarcasm|actually it was a roll\n|c|\u2606Not Sarcasm|in my favor\n|\n|t:|1660065398\n|move|p1a: Tapu Fini|Taunt|p2a: Blissey\n|-start|p2a: Blissey|move: Taunt\n|move|p2a: Blissey|Seismic Toss|p1a: Tapu Fini\n|-damage|p1a: Tapu Fini|71\/100\n|\n|-heal|p1a: Tapu Fini|77\/100|[from] item: Leftovers\n|upkeep\n|turn|20\n|l|\u2606Amar Dinan\n|inactive|Amar Dinan disconnected and has a minute to reconnect!\n|player|p2|\n|c|\u2606Not Sarcasm|lol\n|j|\u2606Amar Dinan\n|inactive|Amar Dinan reconnected and has 55 seconds left.\n|player|p2|Amar Dinan|aaron\n|c|\u2606Amar Dinan|Theres a 0.8% chance\n|c|\u2606Amar Dinan|for that to happen\n|inactive|Amar Dinan has 30 seconds left.\n|\n|t:|1660065454\n|move|p1a: Tapu Fini|Calm Mind|p1a: Tapu Fini\n|-boost|p1a: Tapu Fini|spa|1\n|-boost|p1a: Tapu Fini|spd|1\n|move|p2a: Blissey|Seismic Toss|p1a: Tapu Fini\n|-damage|p1a: Tapu Fini|48\/100\n|\n|-heal|p1a: Tapu Fini|54\/100|[from] item: Leftovers\n|upkeep\n|turn|21\n|c|\u2606Not Sarcasm|??\n|c|\u2606Amar Dinan|gg welp\n|c|\u2606Not Sarcasm|0.8%?\n|inactive|Amar Dinan has 30 seconds left.\n|c|\u2606Amar Dinan|nice play tho\n|c|\u2606Not Sarcasm|lol wut\n|inactive|Amar Dinan has 20 seconds left.\n|\n|t:|1660065479\n|move|p1a: Tapu Fini|Draining Kiss|p2a: Blissey\n|-damage|p2a: Blissey|85\/100\n|-heal|p1a: Tapu Fini|78\/100|[from] drain|[of] p2a: Blissey\n|move|p2a: Blissey|Seismic Toss|p1a: Tapu Fini\n|-damage|p1a: Tapu Fini|49\/100\n|\n|-heal|p1a: Tapu Fini|55\/100|[from] item: Leftovers\n|-end|p2a: Blissey|move: Taunt\n|upkeep\n|turn|22\n|inactive|Amar Dinan has 30 seconds left this turn.\n|-message|Amar Dinan forfeited.\n|\n|win|Not Sarcasm\n|raw|Not Sarcasm's rating: 1504 &rarr; <strong>1520<\/strong><br \/>(+16 for winning)\n|raw|Amar Dinan's rating: 1433 &rarr; <strong>1417<\/strong><br \/>(-16 for losing)\n|l|\u2606Not Sarcasm\n||Ladder isn't responding, score probably updated but might not have (Request timeout).\n|l|\u2606Amar Dinan\n|j|\u2606Amar Dinan\n|player|p2|Amar Dinan|aaron\n","uploadtime":1660065684,"views":8,"p1id":"notsarcasm","p2id":"amardinan","formatid":"gen8ou","rating":1417,"private":0,"password":null}