{"id":"gen8randombattle-1203145770","p1":"b2b2b2","p2":"SpookyHard","format":"gen8randombattle","log":"|j|\u2606b2b2b2\n|j|\u2606SpookyHard\n|t:|1602696999\n|player|p1|b2b2b2|265|1767\n|player|p2|SpookyHard|ethan|1797\n|teamsize|p1|6\n|teamsize|p2|6\n|gametype|singles\n|gen|8\n|tier|[Gen 8] Random Battle\n|rated|\n|rule|Species Clause: Limit one of each Pok\u00e9mon\n|rule|HP Percentage Mod: HP is shown in percentages\n|rule|Sleep Clause Mod: Limit one foe put to sleep\n|\n|t:|1602696999\n|start\n|switch|p1a: Cofagrigus|Cofagrigus, L86, M|240\/240\n|switch|p2a: Magmortar|Magmortar, L86, F|269\/269\n|turn|1\n|\n|t:|1602697013\n|switch|p2a: Hydreigon|Hydreigon, L80, M|278\/278\n|move|p1a: Cofagrigus|Shadow Ball|p2a: Hydreigon\n|-resisted|p2a: Hydreigon\n|-damage|p2a: Hydreigon|235\/278\n|\n|-heal|p2a: Hydreigon|252\/278|[from] item: Leftovers\n|upkeep\n|turn|2\n|inactive|Battle timer is ON: inactive players will automatically lose when time's up. (requested by SpookyHard)\n|\n|t:|1602697023\n|move|p2a: Hydreigon|Nasty Plot|p2a: Hydreigon\n|-boost|p2a: Hydreigon|spa|2\n|move|p1a: Cofagrigus|Body Press|p2a: Hydreigon\n|-supereffective|p2a: Hydreigon\n|-damage|p2a: Hydreigon|68\/278\n|\n|-heal|p2a: Hydreigon|85\/278|[from] item: Leftovers\n|upkeep\n|turn|3\n|\n|t:|1602697031\n|move|p2a: Hydreigon|Dark Pulse|p1a: Cofagrigus\n|-supereffective|p1a: Cofagrigus\n|-damage|p1a: Cofagrigus|0 fnt\n|faint|p1a: Cofagrigus\n|\n|-heal|p2a: Hydreigon|102\/278|[from] item: Leftovers\n|upkeep\n|\n|t:|1602697042\n|switch|p1a: Urshifu|Urshifu-Rapid-Strike, L80, M|291\/291\n|turn|4\n|\n|t:|1602697056\n|move|p2a: Hydreigon|Draco Meteor|p1a: Urshifu\n|-damage|p1a: Urshifu|0 fnt\n|-unboost|p2a: Hydreigon|spa|2\n|faint|p1a: Urshifu\n|\n|-heal|p2a: Hydreigon|119\/278|[from] item: Leftovers\n|upkeep\n|\n|t:|1602697065\n|switch|p1a: Salazzle|Salazzle, L84, F|251\/251\n|turn|5\n|\n|t:|1602697072\n|move|p1a: Salazzle|Toxic|p2a: Hydreigon\n|-status|p2a: Hydreigon|tox\n|move|p2a: Hydreigon|Dark Pulse|p1a: Salazzle\n|-damage|p1a: Salazzle|122\/251\n|\n|-heal|p1a: Salazzle|137\/251|[from] item: Black Sludge\n|-heal|p2a: Hydreigon|136\/278 tox|[from] item: Leftovers\n|-damage|p2a: Hydreigon|119\/278 tox|[from] psn\n|upkeep\n|turn|6\n|\n|t:|1602697091\n|move|p1a: Salazzle|Protect|p1a: Salazzle\n|-singleturn|p1a: Salazzle|Protect\n|move|p2a: Hydreigon|Dark Pulse|p1a: Salazzle\n|-activate|p1a: Salazzle|move: Protect\n|\n|-heal|p1a: Salazzle|152\/251|[from] item: Black Sludge\n|-heal|p2a: Hydreigon|136\/278 tox|[from] item: Leftovers\n|-damage|p2a: Hydreigon|102\/278 tox|[from] psn\n|upkeep\n|turn|7\n|\n|t:|1602697100\n|move|p1a: Salazzle|Substitute|p1a: Salazzle\n|-start|p1a: Salazzle|Substitute\n|-damage|p1a: Salazzle|90\/251\n|move|p2a: Hydreigon|Dark Pulse|p1a: Salazzle\n|-end|p1a: Salazzle|Substitute\n|\n|-heal|p1a: Salazzle|105\/251|[from] item: Black Sludge\n|-heal|p2a: Hydreigon|119\/278 tox|[from] item: Leftovers\n|-damage|p2a: Hydreigon|68\/278 tox|[from] psn\n|upkeep\n|turn|8\n|\n|t:|1602697109\n|move|p1a: Salazzle|Protect|p1a: Salazzle\n|-singleturn|p1a: Salazzle|Protect\n|move|p2a: Hydreigon|Dark Pulse|p1a: Salazzle\n|-activate|p1a: Salazzle|move: Protect\n|\n|-heal|p1a: Salazzle|120\/251|[from] item: Black Sludge\n|-heal|p2a: Hydreigon|85\/278 tox|[from] item: Leftovers\n|-damage|p2a: Hydreigon|17\/278 tox|[from] psn\n|upkeep\n|turn|9\n|\n|t:|1602697118\n|move|p1a: Salazzle|Substitute|p1a: Salazzle\n|-start|p1a: Salazzle|Substitute\n|-damage|p1a: Salazzle|58\/251\n|move|p2a: Hydreigon|Dark Pulse|p1a: Salazzle\n|-end|p1a: Salazzle|Substitute\n|\n|-heal|p1a: Salazzle|73\/251|[from] item: Black Sludge\n|-heal|p2a: Hydreigon|34\/278 tox|[from] item: Leftovers\n|-damage|p2a: Hydreigon|0 fnt|[from] psn\n|faint|p2a: Hydreigon\n|upkeep\n|\n|t:|1602697138\n|switch|p2a: Meowstic|Meowstic-F, L88, F|274\/274\n|turn|10\n|\n|t:|1602697146\n|switch|p1a: Reuniclus|Reuniclus, L82, F|315\/315\n|move|p2a: Meowstic|Psychic|p1a: Reuniclus\n|-resisted|p1a: Reuniclus\n|-damage|p1a: Reuniclus|249\/315\n|-damage|p2a: Meowstic|247\/274|[from] item: Life Orb\n|\n|upkeep\n|turn|11\n|\n|t:|1602697152\n|move|p2a: Meowstic|Nasty Plot|p2a: Meowstic\n|-boost|p2a: Meowstic|spa|2\n|move|p1a: Reuniclus|Calm Mind|p1a: Reuniclus\n|-boost|p1a: Reuniclus|spa|1\n|-boost|p1a: Reuniclus|spd|1\n|\n|upkeep\n|turn|12\n|-message|b2b2b2 forfeited.\n|\n|win|SpookyHard\n|l|\u2606b2b2b2\n||Ladder (probably) updated, but score could not be retrieved (Request timeout).\n","inputlog":">version 84e0aeb8d1a6a9d333e3b424c2559306bc4c3011\n>start {\"formatid\":\"gen8randombattle\",\"seed\":[51073,4394,27848,24040],\"rated\":\"Rated battle\"}\n>player p1 {\"name\":\"b2b2b2\",\"avatar\":\"265\",\"team\":\"\",\"rating\":1767,\"seed\":[32724,5912,42654,45532]}\n>player p2 {\"name\":\"SpookyHard\",\"avatar\":\"ethan\",\"team\":\"\",\"rating\":1797,\"seed\":[37184,57303,12,15486]}\n>p1 move shadowball\n>p2 switch 5\n>p1 move bodypress\n>p2 move nastyplot\n>p1 move bodypress\n>p2 move darkpulse\n>p1 switch 5\n>p1 move drainpunch\n>p2 move dracometeor\n>p1 switch 2\n>p1 move toxic\n>p2 move darkpulse\n>p1 move protect\n>p2 move darkpulse\n>p1 move substitute\n>p2 move darkpulse\n>p1 move protect\n>p2 move darkpulse\n>p1 move substitute\n>p2 move darkpulse\n>p2 switch 6\n>p1 switch 3\n>p2 move psychic\n>p1 move calmmind\n>p2 move nastyplot","uploadtime":1602698220,"views":3,"p1id":"b2b2b2","p2id":"spookyhard","formatid":"gen8randombattle","rating":0,"private":0,"password":null}