{"id":"gen8ou-1654490851","p1":"sugar fighter","p2":"MR. MEZA","format":"gen8ou","log":"|j|\u203dsugar fighter\n|j|\u2606MR. MEZA\n|t:|1662142510\n|gametype|singles\n|player|p1|sugar fighter|marlon|1540\n|player|p2|MR. MEZA|ethan-masters|1531\n|teamsize|p1|6\n|teamsize|p2|6\n|gen|8\n|tier|[Gen 8] OU\n|rated|\n|rule|Sleep Clause Mod: Limit one foe put to sleep\n|rule|Species Clause: Limit one of each Pok\u00e9mon\n|rule|OHKO Clause: OHKO moves are banned\n|rule|Evasion Items Clause: Evasion items are banned\n|rule|Evasion Moves Clause: Evasion moves are banned\n|rule|Endless Battle Clause: Forcing endless battles is banned\n|rule|HP Percentage Mod: HP is shown in percentages\n|rule|Dynamax Clause: You cannot dynamax\n|clearpoke\n|poke|p1|Pelipper, F|\n|poke|p1|Ferrothorn, M|\n|poke|p1|Zapdos|\n|poke|p1|Barraskewda, M|\n|poke|p1|Crawdaunt, F|\n|poke|p1|Seismitoad, F|\n|poke|p2|Rillaboom, M|\n|poke|p2|Tornadus-Therian, M|\n|poke|p2|Blaziken, F|\n|poke|p2|Melmetal|\n|poke|p2|Garchomp, F|\n|poke|p2|Slowbro, M|\n|teampreview\n|inactive|Battle timer is ON: inactive players will automatically lose when time's up. (requested by MR. MEZA)\n|\n|t:|1662142525\n|start\n|switch|p1a: Pelipper|Pelipper, F|100\/100\n|switch|p2a: Tornadus|Tornadus-Therian, M|100\/100\n|-weather|RainDance|[from] ability: Drizzle|[of] p1a: Pelipper\n|turn|1\n|\n|t:|1662142533\n|switch|p1a: Zapdos|Zapdos|100\/100\n|move|p2a: Tornadus|Knock Off|p1a: Zapdos\n|-damage|p1a: Zapdos|74\/100\n|-enditem|p1a: Zapdos|Heavy-Duty Boots|[from] move: Knock Off|[of] p2a: Tornadus\n|\n|-weather|RainDance|[upkeep]\n|upkeep\n|turn|2\n|\n|t:|1662142541\n|switch|p2a: Garchomp|Garchomp, F|100\/100\n|move|p1a: Zapdos|Hurricane|p2a: Garchomp\n|-damage|p2a: Garchomp|62\/100\n|\n|-weather|RainDance|[upkeep]\n|-heal|p2a: Garchomp|69\/100|[from] item: Leftovers\n|upkeep\n|turn|3\n|\n|t:|1662142547\n|move|p2a: Garchomp|Protect|p2a: Garchomp\n|-singleturn|p2a: Garchomp|Protect\n|move|p1a: Zapdos|Hurricane|p2a: Garchomp\n|-activate|p2a: Garchomp|move: Protect\n|\n|-weather|RainDance|[upkeep]\n|-heal|p2a: Garchomp|75\/100|[from] item: Leftovers\n|upkeep\n|turn|4\n|\n|t:|1662142551\n|move|p1a: Zapdos|Hurricane|p2a: Garchomp\n|-damage|p2a: Garchomp|39\/100\n|move|p2a: Garchomp|Toxic|p1a: Zapdos|[miss]\n|-miss|p2a: Garchomp|p1a: Zapdos\n|\n|-weather|RainDance|[upkeep]\n|-heal|p2a: Garchomp|46\/100|[from] item: Leftovers\n|upkeep\n|turn|5\n|\n|t:|1662142556\n|switch|p1a: Ferrothorn|Ferrothorn, M|100\/100\n|move|p2a: Garchomp|Protect||[still]\n|-fail|p2a: Garchomp\n|\n|-weather|RainDance|[upkeep]\n|-heal|p2a: Garchomp|52\/100|[from] item: Leftovers\n|upkeep\n|turn|6\n|\n|t:|1662142560\n|move|p2a: Garchomp|Stealth Rock|p1a: Ferrothorn\n|-sidestart|p1: sugar fighter|move: Stealth Rock\n|move|p1a: Ferrothorn|Stealth Rock|p2a: Garchomp\n|-sidestart|p2: MR. MEZA|move: Stealth Rock\n|\n|-weather|RainDance|[upkeep]\n|-heal|p2a: Garchomp|58\/100|[from] item: Leftovers\n|upkeep\n|turn|7\n|\n|t:|1662142566\n|switch|p2a: Blaziken|Blaziken, F|100\/100\n|-damage|p2a: Blaziken|88\/100|[from] Stealth Rock\n|move|p1a: Ferrothorn|Knock Off|p2a: Blaziken\n|-resisted|p2a: Blaziken\n|-damage|p2a: Blaziken|72\/100\n|-enditem|p2a: Blaziken|Leftovers|[from] move: Knock Off|[of] p1a: Ferrothorn\n|\n|-weather|RainDance|[upkeep]\n|upkeep\n|turn|8\n|\n|t:|1662142577\n|move|p2a: Blaziken|Close Combat|p1a: Ferrothorn\n|-supereffective|p1a: Ferrothorn\n|-damage|p1a: Ferrothorn|23\/100\n|-unboost|p2a: Blaziken|def|1\n|-unboost|p2a: Blaziken|spd|1\n|-damage|p2a: Blaziken|60\/100|[from] ability: Iron Barbs|[of] p1a: Ferrothorn\n|-damage|p2a: Blaziken|43\/100|[from] item: Rocky Helmet|[of] p1a: Ferrothorn\n|move|p1a: Ferrothorn|Leech Seed|p2a: Blaziken\n|-start|p2a: Blaziken|move: Leech Seed\n|\n|-weather|none\n|-damage|p2a: Blaziken|31\/100|[from] Leech Seed|[of] p1a: Ferrothorn\n|-heal|p1a: Ferrothorn|35\/100|[silent]\n|-ability|p2a: Blaziken|Speed Boost|boost\n|-boost|p2a: Blaziken|spe|1\n|upkeep\n|turn|9\n|\n|t:|1662142596\n|switch|p2a: Tornadus|Tornadus-Therian, M|100\/100\n|move|p1a: Ferrothorn|Knock Off|p2a: Tornadus\n|-damage|p2a: Tornadus|76\/100\n|-enditem|p2a: Tornadus|Heavy-Duty Boots|[from] move: Knock Off|[of] p1a: Ferrothorn\n|\n|upkeep\n|turn|10\n|\n|t:|1662142603\n|move|p2a: Tornadus|Heat Wave|p1a: Ferrothorn|[miss]\n|-miss|p2a: Tornadus|p1a: Ferrothorn\n|move|p1a: Ferrothorn|Gyro Ball|p2a: Tornadus\n|-damage|p2a: Tornadus|18\/100\n|\n|upkeep\n|turn|11\n|\n|t:|1662142609\n|move|p2a: Tornadus|Heat Wave|p1a: Ferrothorn|[miss]\n|-miss|p2a: Tornadus|p1a: Ferrothorn\n|move|p1a: Ferrothorn|Gyro Ball|p2a: Tornadus\n|-damage|p2a: Tornadus|0 fnt\n|faint|p2a: Tornadus\n|\n|upkeep\n|\n|t:|1662142613\n|switch|p2a: Blaziken|Blaziken, F|31\/100\n|-damage|p2a: Blaziken|18\/100|[from] Stealth Rock\n|turn|12\n|\n|t:|1662142624\n|switch|p1a: Pelipper|Pelipper, F|100\/100\n|-damage|p1a: Pelipper|75\/100|[from] Stealth Rock\n|-weather|RainDance|[from] ability: Drizzle|[of] p1a: Pelipper\n|move|p2a: Blaziken|Close Combat|p1a: Pelipper\n|-resisted|p1a: Pelipper\n|-damage|p1a: Pelipper|52\/100\n|-unboost|p2a: Blaziken|def|1\n|-unboost|p2a: Blaziken|spd|1\n|\n|-weather|RainDance|[upkeep]\n|-ability|p2a: Blaziken|Speed Boost|boost\n|-boost|p2a: Blaziken|spe|1\n|upkeep\n|turn|13\n|\n|t:|1662142643\n|switch|p1a: Seismitoad|Seismitoad, F|100\/100\n|-damage|p1a: Seismitoad|95\/100|[from] Stealth Rock\n|move|p2a: Blaziken|Swords Dance|p2a: Blaziken\n|-boost|p2a: Blaziken|atk|2\n|\n|-weather|RainDance|[upkeep]\n|-ability|p2a: Blaziken|Speed Boost|boost\n|-boost|p2a: Blaziken|spe|1\n|upkeep\n|turn|14\n|\n|t:|1662142649\n|move|p2a: Blaziken|Protect|p2a: Blaziken\n|-singleturn|p2a: Blaziken|Protect\n|move|p1a: Seismitoad|Weather Ball|p2a: Blaziken\n|-activate|p2a: Blaziken|move: Protect\n|\n|-weather|RainDance|[upkeep]\n|-ability|p2a: Blaziken|Speed Boost|boost\n|-boost|p2a: Blaziken|spe|1\n|upkeep\n|turn|15\n|\n|t:|1662142653\n|switch|p1a: Ferrothorn|Ferrothorn, M|35\/100\n|-damage|p1a: Ferrothorn|29\/100|[from] Stealth Rock\n|move|p2a: Blaziken|Close Combat|p1a: Ferrothorn\n|-supereffective|p1a: Ferrothorn\n|-damage|p1a: Ferrothorn|0 fnt\n|-unboost|p2a: Blaziken|def|1\n|-unboost|p2a: Blaziken|spd|1\n|-damage|p2a: Blaziken|6\/100|[from] ability: Iron Barbs|[of] p1a: Ferrothorn\n|-damage|p2a: Blaziken|0 fnt|[from] item: Rocky Helmet|[of] p1a: Ferrothorn\n|faint|p1a: Ferrothorn\n|faint|p2a: Blaziken\n|\n|-weather|RainDance|[upkeep]\n|upkeep\n|\n|t:|1662142666\n|switch|p2a: Rillaboom|Rillaboom, M|100\/100\n|switch|p1a: Zapdos|Zapdos|74\/100\n|-damage|p1a: Zapdos|49\/100|[from] Stealth Rock\n|-damage|p2a: Rillaboom|88\/100|[from] Stealth Rock\n|-fieldstart|move: Grassy Terrain|[from] ability: Grassy Surge|[of] p2a: Rillaboom\n|turn|16\n|\n|t:|1662142669\n|switch|p2a: Garchomp|Garchomp, F|58\/100\n|-damage|p2a: Garchomp|52\/100|[from] Stealth Rock\n|move|p1a: Zapdos|Roost|p1a: Zapdos\n|-heal|p1a: Zapdos|99\/100\n|-singleturn|p1a: Zapdos|move: Roost\n|\n|-weather|RainDance|[upkeep]\n|-heal|p1a: Zapdos|100\/100|[from] Grassy Terrain\n|-heal|p2a: Garchomp|58\/100|[from] Grassy Terrain\n|-heal|p2a: Garchomp|64\/100|[from] item: Leftovers\n|upkeep\n|turn|17\n|\n|t:|1662142673\n|move|p1a: Zapdos|Hurricane|p2a: Garchomp\n|-damage|p2a: Garchomp|30\/100\n|move|p2a: Garchomp|Toxic|p1a: Zapdos\n|-status|p1a: Zapdos|tox\n|\n|-weather|RainDance|[upkeep]\n|-heal|p2a: Garchomp|36\/100|[from] Grassy Terrain\n|-heal|p2a: Garchomp|42\/100|[from] item: Leftovers\n|-damage|p1a: Zapdos|94\/100 tox|[from] psn\n|upkeep\n|turn|18\n|\n|t:|1662142681\n|move|p2a: Garchomp|Protect|p2a: Garchomp\n|-singleturn|p2a: Garchomp|Protect\n|move|p1a: Zapdos|Hurricane|p2a: Garchomp\n|-activate|p2a: Garchomp|move: Protect\n|\n|-weather|RainDance|[upkeep]\n|-heal|p2a: Garchomp|48\/100|[from] Grassy Terrain\n|-heal|p2a: Garchomp|55\/100|[from] item: Leftovers\n|-damage|p1a: Zapdos|82\/100 tox|[from] psn\n|upkeep\n|turn|19\n|\n|t:|1662142686\n|switch|p2a: Melmetal|Melmetal|100\/100\n|-damage|p2a: Melmetal|94\/100|[from] Stealth Rock\n|move|p1a: Zapdos|Hurricane|p2a: Melmetal\n|-resisted|p2a: Melmetal\n|-damage|p2a: Melmetal|72\/100\n|-start|p2a: Melmetal|confusion\n|\n|-weather|none\n|-heal|p2a: Melmetal|78\/100|[from] Grassy Terrain\n|-heal|p2a: Melmetal|84\/100|[from] item: Leftovers\n|-damage|p1a: Zapdos|63\/100 tox|[from] psn\n|upkeep\n|turn|20\n|\n|t:|1662142696\n|move|p1a: Zapdos|Volt Switch|p2a: Melmetal\n|-damage|p2a: Melmetal|54\/100\n|\n|t:|1662142703\n|switch|p1a: Seismitoad|Seismitoad, F|95\/100|[from]move: Volt Switch\n|-damage|p1a: Seismitoad|89\/100|[from] Stealth Rock\n|-activate|p2a: Melmetal|confusion\n|move|p2a: Melmetal|Thunder Punch|p1a: Seismitoad\n|-immune|p1a: Seismitoad\n|\n|-heal|p1a: Seismitoad|95\/100|[from] Grassy Terrain\n|-heal|p2a: Melmetal|60\/100|[from] Grassy Terrain\n|-heal|p2a: Melmetal|67\/100|[from] item: Leftovers\n|-fieldend|move: Grassy Terrain\n|upkeep\n|turn|21\n|\n|t:|1662142714\n|switch|p2a: Rillaboom|Rillaboom, M|88\/100\n|-damage|p2a: Rillaboom|75\/100|[from] Stealth Rock\n|-fieldstart|move: Grassy Terrain|[from] ability: Grassy Surge|[of] p2a: Rillaboom\n|move|p1a: Seismitoad|Earth Power|p2a: Rillaboom\n|-resisted|p2a: Rillaboom\n|-damage|p2a: Rillaboom|50\/100\n|-damage|p1a: Seismitoad|85\/100|[from] item: Life Orb\n|\n|-heal|p1a: Seismitoad|91\/100|[from] Grassy Terrain\n|-heal|p2a: Rillaboom|57\/100|[from] Grassy Terrain\n|-heal|p2a: Rillaboom|63\/100|[from] item: Leftovers\n|upkeep\n|turn|22\n|\n|t:|1662142729\n|move|p2a: Rillaboom|Grassy Glide|p1a: Seismitoad\n|-supereffective|p1a: Seismitoad\n|-damage|p1a: Seismitoad|0 fnt\n|faint|p1a: Seismitoad\n|\n|-heal|p2a: Rillaboom|69\/100|[from] Grassy Terrain\n|-heal|p2a: Rillaboom|75\/100|[from] item: Leftovers\n|upkeep\n|\n|t:|1662142732\n|switch|p1a: Pelipper|Pelipper, F|52\/100\n|-damage|p1a: Pelipper|27\/100|[from] Stealth Rock\n|-weather|RainDance|[from] ability: Drizzle|[of] p1a: Pelipper\n|turn|23\n|\n|t:|1662142739\n|switch|p1a: Zapdos|Zapdos|63\/100 tox\n|-damage|p1a: Zapdos|38\/100 tox|[from] Stealth Rock\n|move|p2a: Rillaboom|Grassy Glide|p1a: Zapdos\n|-resisted|p1a: Zapdos\n|-damage|p1a: Zapdos|8\/100 tox\n|-status|p2a: Rillaboom|par|[from] ability: Static|[of] p1a: Zapdos\n|\n|-weather|RainDance|[upkeep]\n|-heal|p2a: Rillaboom|81\/100 par|[from] Grassy Terrain\n|-heal|p2a: Rillaboom|88\/100 par|[from] item: Leftovers\n|-damage|p1a: Zapdos|1\/100 tox|[from] psn\n|upkeep\n|turn|24\n|\n|t:|1662142744\n|cant|p2a: Rillaboom|par\n|move|p1a: Zapdos|Roost|p1a: Zapdos\n|-heal|p1a: Zapdos|52\/100 tox\n|-singleturn|p1a: Zapdos|move: Roost\n|\n|-weather|RainDance|[upkeep]\n|-heal|p1a: Zapdos|58\/100 tox|[from] Grassy Terrain\n|-heal|p2a: Rillaboom|94\/100 par|[from] Grassy Terrain\n|-heal|p2a: Rillaboom|99\/100 par|[from] item: Leftovers\n|-damage|p1a: Zapdos|45\/100 tox|[from] psn\n|upkeep\n|turn|25\n|\n|t:|1662142750\n|switch|p2a: Garchomp|Garchomp, F|55\/100\n|-damage|p2a: Garchomp|48\/100|[from] Stealth Rock\n|move|p1a: Zapdos|Hurricane|p2a: Garchomp\n|-damage|p2a: Garchomp|12\/100\n|\n|-weather|RainDance|[upkeep]\n|-heal|p2a: Garchomp|18\/100|[from] Grassy Terrain\n|-heal|p2a: Garchomp|24\/100|[from] item: Leftovers\n|-damage|p1a: Zapdos|27\/100 tox|[from] psn\n|-fieldend|move: Grassy Terrain\n|upkeep\n|turn|26\n|\n|t:|1662142768\n|switch|p1a: Crawdaunt|Crawdaunt, F|100\/100\n|-damage|p1a: Crawdaunt|88\/100|[from] Stealth Rock\n|move|p2a: Garchomp|Earthquake|p1a: Crawdaunt\n|-damage|p1a: Crawdaunt|20\/100\n|\n|-weather|RainDance|[upkeep]\n|-heal|p2a: Garchomp|30\/100|[from] item: Leftovers\n|upkeep\n|turn|27\n|\n|t:|1662142779\n|move|p1a: Crawdaunt|Aqua Jet|p2a: Garchomp\n|-damage|p2a: Garchomp|0 fnt\n|-damage|p1a: Crawdaunt|7\/100|[from] ability: Rough Skin|[of] p2a: Garchomp\n|faint|p2a: Garchomp\n|-damage|p1a: Crawdaunt|0 fnt|[from] item: Life Orb\n|faint|p1a: Crawdaunt\n|\n|-weather|RainDance|[upkeep]\n|upkeep\n|-message|sugar fighter forfeited.\n|\n|win|MR. MEZA\n|raw|sugar fighter's rating: 1540 &rarr; <strong>1519<\/strong><br \/>(-21 for losing)\n|raw|MR. MEZA's rating: 1531 &rarr; <strong>1552<\/strong><br \/>(+21 for winning)\n|l|\u203dsugar fighter\n","uploadtime":1662142807,"views":7,"p1id":"sugarfighter","p2id":"mrmeza","formatid":"gen8ou","rating":1519,"private":0,"password":null}