{"id":"gen8ou-1643577794","p1":"himynametay","p2":"Jews558","format":"gen8ou","log":"|j|\u203dhimynametay\n|j|\u2606Jews558\n|inactive|Battle timer is ON: inactive players will automatically lose when time's up.\n|t:|1660949760\n|gametype|singles\n|player|p1|himynametay|elesa-masters|\n|player|p2|Jews558|101|\n|teamsize|p1|6\n|teamsize|p2|6\n|gen|8\n|tier|[Gen 8] OU\n|rated|Tournament battle\n|rule|Sleep Clause Mod: Limit one foe put to sleep\n|rule|Species Clause: Limit one of each Pok\u00e9mon\n|rule|OHKO Clause: OHKO moves are banned\n|rule|Evasion Items Clause: Evasion items are banned\n|rule|Evasion Moves Clause: Evasion moves are banned\n|rule|Endless Battle Clause: Forcing endless battles is banned\n|rule|HP Percentage Mod: HP is shown in percentages\n|rule|Dynamax Clause: You cannot dynamax\n|clearpoke\n|poke|p1|Landorus-Therian, M|\n|poke|p1|Ferrothorn, M|\n|poke|p1|Urshifu-*, M|\n|poke|p1|Tornadus-Therian, M|\n|poke|p1|Dragapult, F|\n|poke|p1|Tapu Lele|\n|poke|p2|Pelipper, F|\n|poke|p2|Blastoise, M|\n|poke|p2|Gastrodon, M|\n|poke|p2|Kingdra, F|\n|poke|p2|Rotom-Wash|\n|poke|p2|Barraskewda, M|\n|teampreview\n|\n|t:|1660949774\n|start\n|switch|p1a: Tapu Lele|Tapu Lele|100\/100\n|switch|p2a: Pelipper|Pelipper, F|100\/100\n|-fieldstart|move: Psychic Terrain|[from] ability: Psychic Surge|[of] p1a: Tapu Lele\n|-weather|RainDance|[from] ability: Drizzle|[of] p2a: Pelipper\n|turn|1\n|\n|t:|1660949782\n|move|p1a: Tapu Lele|Future Sight|p2a: Pelipper\n|-start|p1a: Tapu Lele|move: Future Sight\n|move|p2a: Pelipper|Tailwind|p2a: Pelipper\n|-sidestart|p2: Jews558|move: Tailwind\n|\n|-weather|RainDance|[upkeep]\n|upkeep\n|turn|2\n|\n|t:|1660949789\n|switch|p1a: Urshifu|Urshifu-Rapid-Strike, M|100\/100\n|move|p2a: Pelipper|Hurricane|p1a: Urshifu\n|-supereffective|p1a: Urshifu\n|-damage|p1a: Urshifu|0 fnt\n|faint|p1a: Urshifu\n|\n|-weather|RainDance|[upkeep]\n|upkeep\n|\n|t:|1660949792\n|switch|p1a: Dragapult|Dragapult, F|100\/100\n|turn|3\n|\n|t:|1660949798\n|move|p2a: Pelipper|Protect|p2a: Pelipper\n|-singleturn|p2a: Pelipper|Protect\n|move|p1a: Dragapult|Draco Meteor|p2a: Pelipper\n|-activate|p2a: Pelipper|move: Protect\n|\n|-weather|RainDance|[upkeep]\n|-end|p2a: Pelipper|move: Future Sight\n|-damage|p2a: Pelipper|0 fnt\n|faint|p2a: Pelipper\n|upkeep\n|\n|t:|1660949806\n|switch|p2a: Kingdra|Kingdra, F|100\/100\n|turn|4\n|\n|t:|1660949816\n|switch|p1a: Tornadus|Tornadus-Therian, M|100\/100\n|move|p2a: Kingdra|Draco Meteor|p1a: Tornadus\n|-damage|p1a: Tornadus|44\/100\n|-unboost|p2a: Kingdra|spa|2\n|-damage|p2a: Kingdra|91\/100|[from] item: Life Orb\n|\n|-weather|RainDance|[upkeep]\n|-sideend|p2: Jews558|move: Tailwind\n|upkeep\n|turn|5\n|\n|t:|1660949831\n|switch|p1a: Ferrothorn|Ferrothorn, M|100\/100\n|move|p2a: Kingdra|Ice Beam|p1a: Ferrothorn\n|-damage|p1a: Ferrothorn|85\/100\n|-damage|p2a: Kingdra|81\/100|[from] item: Life Orb\n|\n|-weather|RainDance|[upkeep]\n|-fieldend|move: Psychic Terrain\n|upkeep\n|turn|6\n|\n|t:|1660949841\n|switch|p2a: Rotom|Rotom-Wash|100\/100\n|move|p1a: Ferrothorn|Knock Off|p2a: Rotom\n|-damage|p2a: Rotom|77\/100\n|-enditem|p2a: Rotom|Leftovers|[from] move: Knock Off|[of] p1a: Ferrothorn\n|\n|-weather|RainDance|[upkeep]\n|upkeep\n|turn|7\n|\n|t:|1660949844\n|move|p2a: Rotom|Thunder|p1a: Ferrothorn\n|-resisted|p1a: Ferrothorn\n|-crit|p1a: Ferrothorn\n|-damage|p1a: Ferrothorn|52\/100\n|move|p1a: Ferrothorn|Leech Seed|p2a: Rotom\n|-start|p2a: Rotom|move: Leech Seed\n|\n|-weather|RainDance|[upkeep]\n|-damage|p2a: Rotom|64\/100|[from] Leech Seed|[of] p1a: Ferrothorn\n|-heal|p1a: Ferrothorn|61\/100|[silent]\n|upkeep\n|turn|8\n|\n|t:|1660949854\n|switch|p2a: Barraskewda|Barraskewda, M|100\/100\n|move|p1a: Ferrothorn|Stealth Rock|p2a: Barraskewda\n|-sidestart|p2: Jews558|move: Stealth Rock\n|\n|-weather|none\n|upkeep\n|turn|9\n|\n|t:|1660949880\n|switch|p1a: Tapu Lele|Tapu Lele|100\/100\n|-fieldstart|move: Psychic Terrain|[from] ability: Psychic Surge|[of] p1a: Tapu Lele\n|move|p2a: Barraskewda|Close Combat|p1a: Tapu Lele\n|-resisted|p1a: Tapu Lele\n|-damage|p1a: Tapu Lele|75\/100\n|-unboost|p2a: Barraskewda|def|1\n|-unboost|p2a: Barraskewda|spd|1\n|\n|upkeep\n|turn|10\n|\n|t:|1660949890\n|switch|p2a: Rotom|Rotom-Wash|64\/100\n|-damage|p2a: Rotom|52\/100|[from] Stealth Rock\n|move|p1a: Tapu Lele|Psyshock|p2a: Rotom\n|-damage|p2a: Rotom|0 fnt\n|faint|p2a: Rotom\n|\n|upkeep\n|inactive|Jews558 has 120 seconds left.\n|\n|t:|1660949912\n|switch|p2a: Barraskewda|Barraskewda, M|100\/100\n|-damage|p2a: Barraskewda|88\/100|[from] Stealth Rock\n|turn|11\n|inactive|Jews558 has 120 seconds left.\n|inactive|himynametay has 120 seconds left.\n|\n|t:|1660949954\n|move|p1a: Tapu Lele|Psyshock|p2a: Barraskewda\n|-damage|p2a: Barraskewda|0 fnt\n|faint|p2a: Barraskewda\n|\n|upkeep\n|\n|t:|1660949983\n|switch|p2a: Kingdra|Kingdra, F|81\/100\n|-damage|p2a: Kingdra|68\/100|[from] Stealth Rock\n|turn|12\n|inactive|himynametay has 120 seconds left.\n|\n|t:|1660949994\n|switch|p1a: Tornadus|Tornadus-Therian, M|77\/100\n|move|p2a: Kingdra|Ice Beam|p1a: Tornadus\n|-supereffective|p1a: Tornadus\n|-damage|p1a: Tornadus|30\/100\n|-damage|p2a: Kingdra|58\/100|[from] item: Life Orb\n|\n|upkeep\n|turn|13\n|-message|Jews558 forfeited.\n|\n|win|himynametay\n|n|\u203dhimynametay|himynametay\n|n|\u2606Jews558|jews558\n|l|\u2606Jews558\n|l|\u203dhimynametay\n|j|\u203dhimynametay\n|player|p1|himynametay|elesa-masters\n","uploadtime":1660950356,"views":7,"p1id":"himynametay","p2id":"jews558","formatid":"gen8ou","rating":0,"private":0,"password":null}