{"id":"gen8bdspou-1523900875","p1":"Tapatio707","p2":"Ill Leave","format":"gen8bdspou","log":"|j|\u2606Tapatio707\n|j|\u2606Ill Leave\n|t:|1646456714\n|gametype|singles\n|player|p1|Tapatio707|2|1380\n|player|p2|Ill Leave|janine|1441\n|teamsize|p1|6\n|teamsize|p2|6\n|gen|8\n|tier|[Gen 8 BDSP] OU\n|rated|\n|rule|Sleep Clause Mod: Limit one foe put to sleep\n|rule|Species Clause: Limit one of each Pok\u00e9mon\n|rule|OHKO Clause: OHKO moves are banned\n|rule|Evasion Moves Clause: Evasion moves are banned\n|rule|Endless Battle Clause: Forcing endless battles is banned\n|rule|HP Percentage Mod: HP is shown in percentages\n|clearpoke\n|poke|p1|Shaymin|\n|poke|p1|Gliscor, M|\n|poke|p1|Rotom-Wash|\n|poke|p1|Magnezone|\n|poke|p1|Tyranitar, F|\n|poke|p1|Heatran, M|\n|poke|p2|Shaymin|\n|poke|p2|Gliscor, M|\n|poke|p2|Heatran, F|\n|poke|p2|Forretress, F|\n|poke|p2|Clefable, M|\n|poke|p2|Quagsire, F|\n|teampreview\n|\n|t:|1646456731\n|start\n|switch|p1a: Tyranitar|Tyranitar, F|100\/100\n|switch|p2a: Shaymin|Shaymin|100\/100\n|-weather|Sandstorm|[from] ability: Sand Stream|[of] p1a: Tyranitar\n|turn|1\n|\n|t:|1646456740\n|switch|p1a: Hotty|Heatran, M|100\/100\n|move|p2a: Shaymin|Substitute|p2a: Shaymin\n|-start|p2a: Shaymin|Substitute\n|-damage|p2a: Shaymin|75\/100\n|\n|-weather|Sandstorm|[upkeep]\n|-damage|p2a: Shaymin|69\/100|[from] Sandstorm\n|-heal|p2a: Shaymin|75\/100|[from] item: Leftovers\n|upkeep\n|turn|2\n|\n|t:|1646456745\n|move|p2a: Shaymin|Leech Seed|p1a: Hotty\n|-start|p1a: Hotty|move: Leech Seed\n|move|p1a: Hotty|Stealth Rock|p2a: Shaymin\n|-sidestart|p2: Ill Leave|move: Stealth Rock\n|\n|-weather|Sandstorm|[upkeep]\n|-damage|p2a: Shaymin|69\/100|[from] Sandstorm\n|-heal|p2a: Shaymin|75\/100|[from] item: Leftovers\n|-damage|p1a: Hotty|88\/100|[from] Leech Seed|[of] p2a: Shaymin\n|-heal|p2a: Shaymin|87\/100|[silent]\n|upkeep\n|turn|3\n|\n|t:|1646456752\n|move|p2a: Shaymin|Air Slash|p1a: Hotty\n|-resisted|p1a: Hotty\n|-damage|p1a: Hotty|82\/100\n|move|p1a: Hotty|Lava Plume|p2a: Shaymin\n|-supereffective|p2a: Shaymin\n|-end|p2a: Shaymin|Substitute\n|\n|-weather|Sandstorm|[upkeep]\n|-damage|p2a: Shaymin|81\/100|[from] Sandstorm\n|-heal|p2a: Shaymin|87\/100|[from] item: Leftovers\n|-heal|p1a: Hotty|89\/100|[from] item: Leftovers\n|-damage|p1a: Hotty|76\/100|[from] Leech Seed|[of] p2a: Shaymin\n|-heal|p2a: Shaymin|99\/100|[silent]\n|upkeep\n|turn|4\n|\n|t:|1646456760\n|switch|p1a: Tyranitar|Tyranitar, F|100\/100\n|move|p2a: Shaymin|Substitute|p2a: Shaymin\n|-start|p2a: Shaymin|Substitute\n|-damage|p2a: Shaymin|74\/100\n|\n|-weather|Sandstorm|[upkeep]\n|-damage|p2a: Shaymin|68\/100|[from] Sandstorm\n|-heal|p2a: Shaymin|74\/100|[from] item: Leftovers\n|upkeep\n|turn|5\n|\n|t:|1646456766\n|switch|p1a: Ma|Shaymin|100\/100\n|move|p2a: Shaymin|Seed Flare|p1a: Ma\n|-resisted|p1a: Ma\n|-damage|p1a: Ma|77\/100\n|-unboost|p1a: Ma|spd|2\n|\n|-weather|none\n|-heal|p2a: Shaymin|80\/100|[from] item: Leftovers\n|upkeep\n|turn|6\n|\n|t:|1646456771\n|switch|p1a: Hotty|Heatran, M|76\/100\n|move|p2a: Shaymin|Air Slash|p1a: Hotty\n|-resisted|p1a: Hotty\n|-crit|p1a: Hotty\n|-damage|p1a: Hotty|67\/100\n|\n|-heal|p2a: Shaymin|87\/100|[from] item: Leftovers\n|-heal|p1a: Hotty|73\/100|[from] item: Leftovers\n|upkeep\n|turn|7\n|\n|t:|1646456774\n|move|p2a: Shaymin|Leech Seed|p1a: Hotty\n|-start|p1a: Hotty|move: Leech Seed\n|move|p1a: Hotty|Lava Plume|p2a: Shaymin\n|-supereffective|p2a: Shaymin\n|-end|p2a: Shaymin|Substitute\n|\n|-heal|p2a: Shaymin|93\/100|[from] item: Leftovers\n|-heal|p1a: Hotty|80\/100|[from] item: Leftovers\n|-damage|p1a: Hotty|67\/100|[from] Leech Seed|[of] p2a: Shaymin\n|-heal|p2a: Shaymin|100\/100|[silent]\n|upkeep\n|turn|8\n|\n|t:|1646456780\n|move|p2a: Shaymin|Substitute|p2a: Shaymin\n|-start|p2a: Shaymin|Substitute\n|-damage|p2a: Shaymin|75\/100\n|move|p1a: Hotty|Taunt|p2a: Shaymin\n|-start|p2a: Shaymin|move: Taunt\n|\n|-heal|p2a: Shaymin|82\/100|[from] item: Leftovers\n|-heal|p1a: Hotty|73\/100|[from] item: Leftovers\n|-damage|p1a: Hotty|61\/100|[from] Leech Seed|[of] p2a: Shaymin\n|-heal|p2a: Shaymin|94\/100|[silent]\n|upkeep\n|turn|9\n|\n|t:|1646456785\n|switch|p1a: Magnezone|Magnezone|100\/100\n|move|p2a: Shaymin|Seed Flare|p1a: Magnezone\n|-resisted|p1a: Magnezone\n|-damage|p1a: Magnezone|71\/100\n|\n|-heal|p2a: Shaymin|99\/100|[from] item: Leftovers\n|upkeep\n|turn|10\n|\n|t:|1646456791\n|move|p1a: Magnezone|Volt Switch|p2a: Shaymin\n|-resisted|p2a: Shaymin\n|-activate|p2a: Shaymin|move: Substitute|[damage]\n|\n|t:|1646456795\n|switch|p1a: Hotty|Heatran, M|61\/100|[from]move: Volt Switch\n|move|p2a: Shaymin|Seed Flare|p1a: Hotty\n|-resisted|p1a: Hotty\n|-damage|p1a: Hotty|53\/100\n|\n|-heal|p2a: Shaymin|100\/100|[from] item: Leftovers\n|-heal|p1a: Hotty|59\/100|[from] item: Leftovers\n|upkeep\n|turn|11\n|\n|t:|1646456805\n|move|p2a: Shaymin|Air Slash|p1a: Hotty\n|-resisted|p1a: Hotty\n|-damage|p1a: Hotty|53\/100\n|cant|p1a: Hotty|flinch\n|\n|-heal|p1a: Hotty|60\/100|[from] item: Leftovers\n|-end|p2a: Shaymin|move: Taunt\n|upkeep\n|turn|12\n|inactive|Battle timer is ON: inactive players will automatically lose when time's up. (requested by Tapatio707)\n|\n|t:|1646456814\n|move|p2a: Shaymin|Leech Seed|p1a: Hotty\n|-start|p1a: Hotty|move: Leech Seed\n|move|p1a: Hotty|Lava Plume|p2a: Shaymin\n|-supereffective|p2a: Shaymin\n|-end|p2a: Shaymin|Substitute\n|\n|-heal|p1a: Hotty|66\/100|[from] item: Leftovers\n|-damage|p1a: Hotty|53\/100|[from] Leech Seed|[of] p2a: Shaymin\n|upkeep\n|turn|13\n|\n|t:|1646456819\n|move|p2a: Shaymin|Substitute|p2a: Shaymin\n|-start|p2a: Shaymin|Substitute\n|-damage|p2a: Shaymin|75\/100\n|move|p1a: Hotty|Lava Plume|p2a: Shaymin\n|-supereffective|p2a: Shaymin\n|-end|p2a: Shaymin|Substitute\n|\n|-heal|p2a: Shaymin|82\/100|[from] item: Leftovers\n|-heal|p1a: Hotty|60\/100|[from] item: Leftovers\n|-damage|p1a: Hotty|47\/100|[from] Leech Seed|[of] p2a: Shaymin\n|-heal|p2a: Shaymin|94\/100|[silent]\n|upkeep\n|turn|14\n|\n|t:|1646456824\n|move|p2a: Shaymin|Substitute|p2a: Shaymin\n|-start|p2a: Shaymin|Substitute\n|-damage|p2a: Shaymin|69\/100\n|move|p1a: Hotty|Lava Plume|p2a: Shaymin\n|-supereffective|p2a: Shaymin\n|-end|p2a: Shaymin|Substitute\n|\n|-heal|p2a: Shaymin|75\/100|[from] item: Leftovers\n|-heal|p1a: Hotty|53\/100|[from] item: Leftovers\n|-damage|p1a: Hotty|41\/100|[from] Leech Seed|[of] p2a: Shaymin\n|-heal|p2a: Shaymin|87\/100|[silent]\n|upkeep\n|turn|15\n|c|\u2606Tapatio707|Garbo\n|-message|Tapatio707 forfeited.\n|\n|win|Ill Leave\n|raw|Tapatio707's rating: 1380 &rarr; <strong>1363<\/strong><br \/>(-17 for losing)\n|raw|Ill Leave's rating: 1441 &rarr; <strong>1458<\/strong><br \/>(+17 for winning)\n|l|\u2606Tapatio707\n","uploadtime":1646456839,"views":7,"p1id":"tapatio707","p2id":"illleave","formatid":"gen8bdspou","rating":1363,"private":0,"password":null}