{"id":"gen8nationaldex-1436999726","p1":"LatiGOD","p2":"Hikari-miyako","format":"gen8nationaldex","log":"|j|\u2606LatiGOD\n|j|\u2606Hikari-miyako\n|t:|1634474446\n|gametype|singles\n|player|p1|LatiGOD|grimsley|1652\n|player|p2|Hikari-miyako|ariana|1796\n|teamsize|p1|6\n|teamsize|p2|6\n|gen|8\n|tier|[Gen 8] National Dex\n|rated|\n|rule|HP Percentage Mod: HP is shown in percentages\n|rule|Endless Battle Clause: Forcing endless battles is banned\n|rule|OHKO Clause: OHKO moves are banned\n|rule|Evasion Moves Clause: Evasion moves are banned\n|rule|Species Clause: Limit one of each Pok\u00e9mon\n|rule|Dynamax Clause: You cannot dynamax\n|rule|Sleep Clause Mod: Limit one foe put to sleep\n|clearpoke\n|poke|p1|Mawile, M|\n|poke|p1|Garchomp, F|\n|poke|p1|Tangrowth, F|\n|poke|p1|Victini|\n|poke|p1|Landorus-Therian, M|\n|poke|p1|Greninja, M|\n|poke|p2|Zapdos|\n|poke|p2|Greninja, M|\n|poke|p2|Tyranitar, M|\n|poke|p2|Serperior, M|\n|poke|p2|Landorus-Therian, M|\n|poke|p2|Aegislash, F|\n|teampreview\n|inactive|Battle timer is ON: inactive players will automatically lose when time's up. (requested by Hikari-miyako)\n|\n|t:|1634474469\n|start\n|switch|p1a: Landorus|Landorus-Therian, M|100\/100\n|switch|p2a: Landorus|Landorus-Therian, M|100\/100\n|-ability|p2a: Landorus|Intimidate|boost\n|-unboost|p1a: Landorus|atk|1\n|-ability|p1a: Landorus|Intimidate|boost\n|-unboost|p2a: Landorus|atk|1\n|turn|1\n|\n|t:|1634474476\n|move|p2a: Landorus|Stealth Rock|p1a: Landorus\n|-sidestart|p1: LatiGOD|move: Stealth Rock\n|move|p1a: Landorus|U-turn|p2a: Landorus\n|-resisted|p2a: Landorus\n|-crit|p2a: Landorus\n|-damage|p2a: Landorus|82\/100\n|-damage|p1a: Landorus|84\/100|[from] item: Rocky Helmet|[of] p2a: Landorus\n|\n|t:|1634474485\n|switch|p1a: Garchomp|Garchomp, F|100\/100|[from]move: U-turn\n|-damage|p1a: Garchomp|94\/100|[from] Stealth Rock\n|\n|upkeep\n|turn|2\n|j| Shin4upixel\n|\n|t:|1634474491\n|move|p1a: Garchomp|Stealth Rock|p2a: Landorus\n|-sidestart|p2: Hikari-miyako|move: Stealth Rock\n|move|p2a: Landorus|U-turn|p1a: Garchomp\n|-damage|p1a: Garchomp|77\/100\n|-damage|p2a: Landorus|70\/100|[from] ability: Rough Skin|[of] p1a: Garchomp\n|\n|t:|1634474500\n|switch|p2a: Greninja|Greninja, M|100\/100|[from]move: U-turn\n|-damage|p2a: Greninja|88\/100|[from] Stealth Rock\n|\n|upkeep\n|turn|3\n|\n|t:|1634474509\n|switch|p1a: Tangrowth|Tangrowth, F|100\/100\n|-damage|p1a: Tangrowth|88\/100|[from] Stealth Rock\n|move|p2a: Greninja|Ice Beam|p1a: Tangrowth\n|-start|p2a: Greninja|typechange|Ice|[from] ability: Protean\n|-supereffective|p1a: Tangrowth\n|-damage|p1a: Tangrowth|24\/100\n|-damage|p2a: Greninja|78\/100|[from] item: Life Orb\n|\n|upkeep\n|turn|4\n|\n|t:|1634474517\n|move|p2a: Greninja|Hydro Pump|p1a: Tangrowth|[miss]\n|-start|p2a: Greninja|typechange|Water|[from] ability: Protean\n|-miss|p2a: Greninja|p1a: Tangrowth\n|move|p1a: Tangrowth|Sludge Bomb|p2a: Greninja\n|-damage|p2a: Greninja|43\/100\n|\n|upkeep\n|turn|5\n|\n|t:|1634474521\n|move|p2a: Greninja|Hidden Power|p1a: Tangrowth\n|-start|p2a: Greninja|typechange|Fire|[from] ability: Protean\n|-supereffective|p1a: Tangrowth\n|-damage|p1a: Tangrowth|0 fnt\n|faint|p1a: Tangrowth\n|-damage|p2a: Greninja|33\/100|[from] item: Life Orb\n|\n|upkeep\n|\n|t:|1634474523\n|switch|p1a: Greninja|Greninja, M|100\/100\n|-damage|p1a: Greninja|88\/100|[from] Stealth Rock\n|turn|6\n|\n|t:|1634474528\n|switch|p2a: Serperior|Serperior, M|100\/100\n|-damage|p2a: Serperior|88\/100|[from] Stealth Rock\n|move|p1a: Greninja|Dark Pulse|p2a: Serperior\n|-damage|p2a: Serperior|21\/100\n|\n|upkeep\n|turn|7\n|\n|t:|1634474535\n|switch|p1a: Mawile|Mawile, M, shiny|100\/100\n|-damage|p1a: Mawile|94\/100|[from] Stealth Rock\n|-ability|p1a: Mawile|Intimidate|boost\n|-boost|p2a: Serperior|atk|1\n|move|p2a: Serperior|Leaf Storm|p1a: Mawile\n|-resisted|p1a: Mawile\n|-damage|p1a: Mawile|37\/100\n|-boost|p2a: Serperior|spa|2\n|\n|upkeep\n|turn|8\n|\n|t:|1634474542\n|switch|p2a: Landorus|Landorus-Therian, M|70\/100\n|-damage|p2a: Landorus|57\/100|[from] Stealth Rock\n|-ability|p2a: Landorus|Intimidate|boost\n|-unboost|p1a: Mawile|atk|1\n|detailschange|p1a: Mawile|Mawile-Mega, M, shiny\n|-mega|p1a: Mawile|Mawile|Mawilite\n|move|p1a: Mawile|Sucker Punch||[still]\n|-fail|p1a: Mawile\n|\n|upkeep\n|turn|9\n|\n|t:|1634474546\n|switch|p1a: Landorus|Landorus-Therian, M|84\/100\n|-damage|p1a: Landorus|72\/100|[from] Stealth Rock\n|-ability|p1a: Landorus|Intimidate|boost\n|-unboost|p2a: Landorus|atk|1\n|move|p2a: Landorus|Earthquake|p1a: Landorus\n|-immune|p1a: Landorus\n|\n|upkeep\n|turn|10\n|\n|t:|1634474550\n|move|p2a: Landorus|Defog|p1a: Landorus\n|-unboost|p1a: Landorus|evasion|1\n|-sideend|p1: LatiGOD|Stealth Rock|[from] move: Defog|[of] p2a: Landorus\n|-sideend|p2: Hikari-miyako|Stealth Rock|[from] move: Defog|[of] p2a: Landorus\n|move|p1a: Landorus|Defog|p2a: Landorus\n|-unboost|p2a: Landorus|evasion|1\n|\n|upkeep\n|turn|11\n|j| Test Darrox\n|\n|t:|1634474563\n|move|p2a: Landorus|Stealth Rock|p1a: Landorus\n|-sidestart|p1: LatiGOD|move: Stealth Rock\n|move|p1a: Landorus|Toxic|p2a: Landorus\n|-status|p2a: Landorus|tox\n|\n|-damage|p2a: Landorus|51\/100 tox|[from] psn\n|upkeep\n|turn|12\n|\n|t:|1634474568\n|move|p2a: Landorus|U-turn|p1a: Landorus\n|-resisted|p1a: Landorus\n|-damage|p1a: Landorus|64\/100\n|-damage|p2a: Landorus|35\/100 tox|[from] item: Rocky Helmet|[of] p1a: Landorus\n|\n|t:|1634474570\n|switch|p2a: Serperior|Serperior, M|21\/100|[from]move: U-turn\n|move|p1a: Landorus|Defog|p2a: Serperior\n|-boost|p2a: Serperior|evasion|1\n|-sideend|p1: LatiGOD|Stealth Rock|[from] move: Defog|[of] p1a: Landorus\n|\n|upkeep\n|turn|13\n|\n|t:|1634474572\n|move|p2a: Serperior|Leaf Storm|p1a: Landorus\n|-damage|p1a: Landorus|4\/100\n|-boost|p2a: Serperior|spa|2\n|move|p1a: Landorus|U-turn|p2a: Serperior\n|-supereffective|p2a: Serperior\n|-damage|p2a: Serperior|0 fnt\n|faint|p2a: Serperior\n|l| Test Darrox\n|\n|t:|1634474578\n|switch|p1a: Mawile|Mawile-Mega, M, shiny|37\/100|[from]move: U-turn\n|\n|upkeep\n|\n|t:|1634474585\n|switch|p2a: Landorus|Landorus-Therian, M|35\/100 tox\n|-ability|p2a: Landorus|Intimidate|boost\n|-unboost|p1a: Mawile|atk|1\n|turn|14\n|\n|t:|1634474588\n|switch|p1a: Landorus|Landorus-Therian, M|4\/100\n|-ability|p1a: Landorus|Intimidate|boost\n|-unboost|p2a: Landorus|atk|1\n|move|p2a: Landorus|Stealth Rock|p1a: Landorus\n|-sidestart|p1: LatiGOD|move: Stealth Rock\n|\n|-damage|p2a: Landorus|29\/100 tox|[from] psn\n|upkeep\n|turn|15\n|\n|t:|1634474591\n|move|p2a: Landorus|U-turn|p1a: Landorus\n|-resisted|p1a: Landorus\n|-damage|p1a: Landorus|0 fnt\n|-damage|p2a: Landorus|12\/100 tox|[from] item: Rocky Helmet|[of] p1a: Landorus\n|faint|p1a: Landorus\n|\n|t:|1634474600\n|switch|p2a: Zapdos|Zapdos|100\/100|[from]move: U-turn\n|\n|upkeep\n|\n|t:|1634474604\n|switch|p1a: Victini|Victini|100\/100\n|-damage|p1a: Victini|76\/100|[from] Stealth Rock\n|turn|16\n|\n|t:|1634474611\n|switch|p2a: Landorus|Landorus-Therian, M|12\/100 tox\n|-ability|p2a: Landorus|Intimidate|boost\n|-unboost|p1a: Victini|atk|1\n|move|p1a: Victini|U-turn|p2a: Landorus\n|-resisted|p2a: Landorus\n|-damage|p2a: Landorus|0 fnt\n|-damage|p1a: Victini|59\/100|[from] item: Rocky Helmet|[of] p2a: Landorus\n|faint|p2a: Landorus\n|\n|t:|1634474614\n|switch|p1a: Garchomp|Garchomp, F|77\/100|[from]move: U-turn\n|-damage|p1a: Garchomp|71\/100|[from] Stealth Rock\n|\n|upkeep\n|\n|t:|1634474617\n|switch|p2a: Greninja|Greninja, M|33\/100\n|turn|17\n|\n|t:|1634474622\n|switch|p1a: Greninja|Greninja, M|88\/100\n|-damage|p1a: Greninja|76\/100|[from] Stealth Rock\n|move|p2a: Greninja|Ice Beam|p1a: Greninja\n|-start|p2a: Greninja|typechange|Ice|[from] ability: Protean\n|-resisted|p1a: Greninja\n|-damage|p1a: Greninja|32\/100\n|-damage|p2a: Greninja|23\/100|[from] item: Life Orb\n|\n|upkeep\n|turn|18\n|\n|t:|1634474628\n|move|p1a: Greninja|Surf|p2a: Greninja\n|-damage|p2a: Greninja|0 fnt\n|faint|p2a: Greninja\n|-activate|p1a: Greninja|ability: Battle Bond\n|detailschange|p1a: Greninja|Greninja-Ash, M\n|\n|upkeep\n|\n|t:|1634474631\n|switch|p2a: Zapdos|Zapdos|100\/100\n|turn|19\n|\n|t:|1634474634\n|move|p1a: Greninja|Surf|p2a: Zapdos\n|-damage|p2a: Zapdos|20\/100\n|move|p2a: Zapdos|Volt Switch|p1a: Greninja\n|-supereffective|p1a: Greninja\n|-damage|p1a: Greninja|0 fnt\n|faint|p1a: Greninja\n|\n|t:|1634474638\n|switch|p2a: Aegislash|Aegislash, F|100\/100|[from]move: Volt Switch\n|\n|upkeep\n|\n|t:|1634474645\n|switch|p1a: Garchomp|Garchomp, F|71\/100\n|-damage|p1a: Garchomp|65\/100|[from] Stealth Rock\n|turn|20\n|\n|t:|1634474652\n|move|p1a: Garchomp|Earthquake|p2a: Aegislash\n|-supereffective|p2a: Aegislash\n|-damage|p2a: Aegislash|20\/100\n|-enditem|p2a: Aegislash|Weakness Policy\n|-boost|p2a: Aegislash|atk|2|[from] item: Weakness Policy\n|-boost|p2a: Aegislash|spa|2|[from] item: Weakness Policy\n|-formechange|p2a: Aegislash|Aegislash-Blade||[from] ability: Stance Change\n|move|p2a: Aegislash|Shadow Ball|p1a: Garchomp\n|-damage|p1a: Garchomp|0 fnt\n|faint|p1a: Garchomp\n|\n|upkeep\n|\n|t:|1634474659\n|switch|p1a: Mawile|Mawile-Mega, M, shiny|37\/100\n|-damage|p1a: Mawile|31\/100|[from] Stealth Rock\n|turn|21\n|\n|t:|1634474661\n|move|p1a: Mawile|Sucker Punch|p2a: Aegislash\n|-supereffective|p2a: Aegislash\n|-crit|p2a: Aegislash\n|-damage|p2a: Aegislash|0 fnt\n|faint|p2a: Aegislash\n|\n|upkeep\n|\n|t:|1634474665\n|switch|p2a: Tyranitar|Tyranitar, M|100\/100\n|-weather|Sandstorm|[from] ability: Sand Stream|[of] p2a: Tyranitar\n|turn|22\n|\n|t:|1634474673\n|detailschange|p2a: Tyranitar|Tyranitar-Mega, M\n|-mega|p2a: Tyranitar|Tyranitar|Tyranitarite\n|move|p2a: Tyranitar|Iron Head|p1a: Mawile\n|-damage|p1a: Mawile|0 fnt\n|faint|p1a: Mawile\n|\n|-weather|Sandstorm|[upkeep]\n|upkeep\n|\n|t:|1634474675\n|switch|p1a: Victini|Victini|59\/100\n|-damage|p1a: Victini|34\/100|[from] Stealth Rock\n|turn|23\n|c|\u2606LatiGOD|gg\n|\n|t:|1634474679\n|switch|p2a: Zapdos|Zapdos|20\/100\n|move|p1a: Victini|Bolt Strike|p2a: Zapdos|[miss]\n|-miss|p1a: Victini|p2a: Zapdos\n|\n|-weather|Sandstorm|[upkeep]\n|-damage|p1a: Victini|28\/100|[from] Sandstorm\n|-damage|p2a: Zapdos|14\/100|[from] Sandstorm\n|upkeep\n|turn|24\n|c|\u2606Hikari-miyako|gg\n|\n|t:|1634474683\n|move|p1a: Victini|Bolt Strike|p2a: Zapdos\n|-damage|p2a: Zapdos|0 fnt\n|faint|p2a: Zapdos\n|\n|-weather|Sandstorm|[upkeep]\n|-damage|p1a: Victini|22\/100|[from] Sandstorm\n|upkeep\n|\n|t:|1634474684\n|switch|p2a: Tyranitar|Tyranitar-Mega, M|100\/100\n|turn|25\n|\n|t:|1634474686\n|move|p1a: Victini|Bolt Strike|p2a: Tyranitar\n|-damage|p2a: Tyranitar|63\/100\n|move|p2a: Tyranitar|Crunch|p1a: Victini\n|-supereffective|p1a: Victini\n|-damage|p1a: Victini|0 fnt\n|faint|p1a: Victini\n|\n|win|Hikari-miyako\n|raw|LatiGOD's rating: 1652 &rarr; <strong>1640<\/strong><br \/>(-12 for losing)\n|raw|Hikari-miyako's rating: 1796 &rarr; <strong>1808<\/strong><br \/>(+12 for winning)\n|l|\u2606LatiGOD\n","uploadtime":1634474694,"views":16,"p1id":"latigod","p2id":"hikarimiyako","formatid":"gen8nationaldex","rating":1640,"private":0,"password":null}