{"id":"gen8lc-1676384086","p1":"Laroxyl","p2":"Lokifan","format":"gen8lc","log":"|j|\u2606Laroxyl\n|j|\u2606Lokifan\n|t:|1664788321\n|gametype|singles\n|player|p1|Laroxyl|#scl1spartans|\n|player|p2|Lokifan|pokemonranger|\n|teamsize|p1|6\n|teamsize|p2|6\n|gen|8\n|tier|[Gen 8] LC\n|rule|Sleep Clause Mod: Limit one foe put to sleep\n|rule|Species Clause: Limit one of each Pok\u00e9mon\n|rule|OHKO Clause: OHKO moves are banned\n|rule|Evasion Items Clause: Evasion items are banned\n|rule|Evasion Moves Clause: Evasion moves are banned\n|rule|Endless Battle Clause: Forcing endless battles is banned\n|rule|HP Percentage Mod: HP is shown in percentages\n|rule|Dynamax Clause: You cannot dynamax\n|clearpoke\n|poke|p1|Onix, L5, F|\n|poke|p1|Larvesta, L5, F|\n|poke|p1|Staryu, L5|\n|poke|p1|Ferroseed, L5, M|\n|poke|p1|Natu, L5, F|\n|poke|p1|Mienfoo, L5, F|\n|poke|p2|Stunky, L5, M|\n|poke|p2|Diglett, L5, F|\n|poke|p2|Mienfoo, L5, M|\n|poke|p2|Porygon, L5|\n|poke|p2|Koffing, L5, M|\n|poke|p2|Pawniard, L5, F|\n|teampreview\n|c|\u2606Laroxyl|hf\n|l|\u2606Laroxyl\n|player|p1|\n|j|\u2606Laroxyl\n|player|p1|Laroxyl|#scl1spartans\n|inactive|Battle timer is ON: inactive players will automatically lose when time's up. (requested by Laroxyl)\n|j| jcbc\n|inactive|Lokifan has 270 seconds left.\n|c|\u2606Lokifan|gl\n|\n|t:|1664788393\n|start\n|switch|p1a: Larvesta|Larvesta, L5, F|100\/100\n|switch|p2a: Koffing|Koffing, L5, M|100\/100\n|-ability|p2a: Koffing|Neutralizing Gas\n|turn|1\n|\n|t:|1664788407\n|move|p2a: Koffing|Sludge Bomb|p1a: Larvesta\n|-damage|p1a: Larvesta|57\/100\n|move|p1a: Larvesta|U-turn|p2a: Koffing\n|-resisted|p2a: Koffing\n|-damage|p2a: Koffing|85\/100\n|l| jcbc\n|j| jcbc\n|c| jcbc|cool\n|l|\u2606Laroxyl\n|inactive|Laroxyl disconnected and has 300 seconds to reconnect!\n|player|p1|\n|l| jcbc\n|j| TheShoddyStrawman\n|c| TheShoddyStrawman|that was quick loki ngl\n|j|\u2606Laroxyl\n|inactive|Laroxyl reconnected and has 280 seconds left.\n|player|p1|Laroxyl|#scl1spartans\n|\n|t:|1664788451\n|switch|p1a: Natu|Natu, L5, F|100\/100|[from]move: U-turn\n|\n|upkeep\n|turn|2\n|\n|t:|1664788456\n|-end|p2a: Koffing|ability: Neutralizing Gas\n|switch|p2a: Stunky|Stunky, L5, M|100\/100\n|move|p1a: Natu|U-turn|p2a: Stunky\n|-damage|p2a: Stunky|87\/100\n|inactive|Laroxyl has 270 seconds left.\n|\n|t:|1664788479\n|switch|p1a: Mienfoo|Mienfoo, L5, F|100\/100|[from]move: U-turn\n|\n|upkeep\n|turn|3\n|\n|t:|1664788484\n|move|p2a: Stunky|Thief|p1a: Mienfoo\n|-resisted|p1a: Mienfoo\n|-damage|p1a: Mienfoo|91\/100\n|move|p1a: Mienfoo|U-turn|p2a: Stunky\n|-damage|p2a: Stunky|66\/100\n|j| jcbc\n|\n|t:|1664788498\n|switch|p1a: Larvesta|Larvesta, L5, F|57\/100|[from]move: U-turn\n|\n|upkeep\n|turn|4\n|\n|t:|1664788506\n|move|p2a: Stunky|Explosion|p1a: Larvesta\n|-crit|p1a: Larvesta\n|-damage|p1a: Larvesta|0 fnt\n|faint|p2a: Stunky\n|faint|p1a: Larvesta\n|\n|upkeep\n|j| eric versus\u30c4\n|inactive|Laroxyl has 270 seconds left.\n|\n|t:|1664788536\n|switch|p2a: Mienfoo|Mienfoo, L5, M|100\/100\n|switch|p1a: Mienfoo|Mienfoo, L5, F|100\/100\n|turn|5\n|\n|t:|1664788550\n|switch|p2a: Koffing|Koffing, L5, M|85\/100\n|-ability|p2a: Koffing|Neutralizing Gas\n|move|p1a: Mienfoo|Fake Out|p2a: Koffing\n|-damage|p2a: Koffing|75\/100\n|\n|upkeep\n|turn|6\n|l| eric versus\u30c4\n|\n|t:|1664788554\n|move|p1a: Mienfoo|U-turn|p2a: Koffing\n|-resisted|p2a: Koffing\n|-damage|p2a: Koffing|65\/100\n|\n|t:|1664788560\n|switch|p1a: Onix|Onix, L5, F|100\/100|[from]move: U-turn\n|move|p2a: Koffing|Will-O-Wisp|p1a: Onix\n|-status|p1a: Onix|brn\n|\n|-damage|p1a: Onix|95\/100 brn|[from] brn\n|upkeep\n|turn|7\n|j| eric versus\u30c4\n|\n|t:|1664788572\n|-end|p2a: Koffing|ability: Neutralizing Gas\n|switch|p2a: Mienfoo|Mienfoo, L5, M|100\/100\n|move|p1a: Onix|Stealth Rock|p2a: Mienfoo\n|-sidestart|p2: Lokifan|move: Stealth Rock\n|\n|-damage|p1a: Onix|90\/100 brn|[from] brn\n|upkeep\n|turn|8\n|\n|t:|1664788577\n|move|p1a: Onix|Earthquake|p2a: Mienfoo\n|-damage|p2a: Mienfoo|81\/100\n|move|p2a: Mienfoo|Knock Off|p1a: Onix\n|-damage|p1a: Onix|70\/100 brn\n|-ability|p1a: Onix|Weak Armor|boost\n|-unboost|p1a: Onix|def|1\n|-boost|p1a: Onix|spe|2\n|-enditem|p1a: Onix|Eviolite|[from] move: Knock Off|[of] p2a: Mienfoo\n|\n|-damage|p1a: Onix|65\/100 brn|[from] brn\n|upkeep\n|turn|9\n|j| Zeroouttathere\n|\n|t:|1664788595\n|move|p1a: Onix|Explosion|p2a: Mienfoo\n|-damage|p2a: Mienfoo|53\/100\n|faint|p1a: Onix\n|move|p2a: Mienfoo|High Jump Kick|p1: Onix|[notarget]\n|-fail|p2a: Mienfoo\n|\n|upkeep\n|\n|t:|1664788616\n|switch|p1a: Mienfoo|Mienfoo, L5, F|100\/100\n|turn|10\n|\n|t:|1664788628\n|switch|p2a: Diglett|Diglett, L5, F|100\/100\n|-damage|p2a: Diglett|95\/100|[from] Stealth Rock\n|move|p1a: Mienfoo|Knock Off|p2a: Diglett\n|-damage|p2a: Diglett|50\/100\n|-enditem|p2a: Diglett|Eviolite|[from] move: Knock Off|[of] p1a: Mienfoo\n|\n|upkeep\n|turn|11\n|\n|t:|1664788636\n|move|p2a: Diglett|Stealth Rock|p1a: Mienfoo\n|-sidestart|p1: Laroxyl|move: Stealth Rock\n|move|p1a: Mienfoo|U-turn|p2a: Diglett\n|-damage|p2a: Diglett|0 fnt\n|faint|p2a: Diglett\n|\n|t:|1664788643\n|switch|p1a: Staryu|Staryu, L5|100\/100|[from]move: U-turn\n|-damage|p1a: Staryu|90\/100|[from] Stealth Rock\n|\n|upkeep\n|\n|t:|1664788650\n|switch|p2a: Pawniard|Pawniard, L5, F|100\/100\n|-damage|p2a: Pawniard|96\/100|[from] Stealth Rock\n|turn|12\n|\n|t:|1664788654\n|move|p2a: Pawniard|Knock Off|p1a: Staryu\n|-damage|p1a: Staryu|37\/100\n|-enditem|p1a: Staryu|Eviolite|[from] move: Knock Off|[of] p2a: Pawniard\n|move|p1a: Staryu|Rapid Spin|p2a: Pawniard\n|-resisted|p2a: Pawniard\n|-damage|p2a: Pawniard|86\/100\n|-boost|p1a: Staryu|spe|1\n|-sideend|p1: Laroxyl|Stealth Rock|[from] move: Rapid Spin|[of] p1a: Staryu\n|\n|upkeep\n|turn|13\n|\n|t:|1664788661\n|move|p1a: Staryu|Recover|p1a: Staryu\n|-heal|p1a: Staryu|90\/100\n|move|p2a: Pawniard|Knock Off|p1a: Staryu\n|-damage|p1a: Staryu|37\/100\n|\n|upkeep\n|turn|14\n|\n|t:|1664788666\n|move|p1a: Staryu|Recover|p1a: Staryu\n|-heal|p1a: Staryu|90\/100\n|move|p2a: Pawniard|Knock Off|p1a: Staryu\n|-damage|p1a: Staryu|37\/100\n|\n|upkeep\n|turn|15\n|\n|t:|1664788680\n|move|p1a: Staryu|Hydro Pump|p2a: Pawniard\n|-damage|p2a: Pawniard|0 fnt\n|faint|p2a: Pawniard\n|\n|upkeep\n|\n|t:|1664788688\n|switch|p2a: Porygon|Porygon, L5|100\/100\n|-damage|p2a: Porygon|88\/100|[from] Stealth Rock\n|-ability|p2a: Porygon|Analytic|[from] ability: Trace|[of] p1a: Staryu\n|turn|16\n|\n|t:|1664788707\n|switch|p1a: Ferroseed|Ferroseed, L5, M|100\/100\n|move|p2a: Porygon|Tri Attack|p1a: Ferroseed\n|-resisted|p1a: Ferroseed\n|-damage|p1a: Ferroseed|87\/100\n|\n|upkeep\n|turn|17\n|\n|t:|1664788719\n|move|p1a: Ferroseed|Knock Off|p2a: Porygon\n|-damage|p2a: Porygon|72\/100\n|-enditem|p2a: Porygon|Eviolite|[from] move: Knock Off|[of] p1a: Ferroseed\n|move|p2a: Porygon|Teleport|p2a: Porygon\n|\n|t:|1664788722\n|switch|p2a: Mienfoo|Mienfoo, L5, M|86\/100|[from]move: Teleport\n|-damage|p2a: Mienfoo|81\/100|[from] Stealth Rock\n|\n|upkeep\n|turn|18\n|\n|t:|1664788747\n|switch|p1a: Staryu|Staryu, L5|37\/100\n|move|p2a: Mienfoo|High Jump Kick|p1a: Staryu\n|-damage|p1a: Staryu|0 fnt\n|faint|p1a: Staryu\n|\n|upkeep\n|\n|t:|1664788752\n|switch|p1a: Natu|Natu, L5, F|100\/100\n|turn|19\n|l|\u2606Lokifan\n|inactive|Lokifan disconnected and has 300 seconds to reconnect!\n|player|p2|\n|l| jcbc\n|inactive|Lokifan has 270 seconds to reconnect!\n|j|\u2606Lokifan\n|inactive|Lokifan reconnected and has 290 seconds left.\n|player|p2|Lokifan|pokemonranger\n|\n|t:|1664788796\n|move|p2a: Mienfoo|U-turn|p1a: Natu\n|-damage|p1a: Natu|77\/100\n|\n|t:|1664788798\n|switch|p2a: Porygon|Porygon, L5|72\/100|[from]move: U-turn\n|-damage|p2a: Porygon|60\/100|[from] Stealth Rock\n|-ability|p2a: Porygon|Magic Bounce|[from] ability: Trace|[of] p1a: Natu\n|move|p1a: Natu|Psychic|p2a: Porygon\n|-damage|p2a: Porygon|24\/100\n|\n|upkeep\n|turn|20\n|j| jcbc\n|\n|t:|1664788805\n|move|p1a: Natu|Psychic|p2a: Porygon\n|-damage|p2a: Porygon|0 fnt\n|faint|p2a: Porygon\n|\n|upkeep\n|\n|t:|1664788809\n|switch|p2a: Mienfoo|Mienfoo, L5, M|100\/100\n|-damage|p2a: Mienfoo|96\/100|[from] Stealth Rock\n|turn|21\n|\n|t:|1664788828\n|switch|p1a: Ferroseed|Ferroseed, L5, M|87\/100\n|move|p2a: Mienfoo|Knock Off|p1a: Ferroseed\n|-damage|p1a: Ferroseed|60\/100\n|-damage|p2a: Mienfoo|86\/100|[from] ability: Iron Barbs|[of] p1a: Ferroseed\n|-enditem|p1a: Ferroseed|Eviolite|[from] move: Knock Off|[of] p2a: Mienfoo\n|\n|upkeep\n|turn|22\n|\n|t:|1664788836\n|move|p2a: Mienfoo|High Jump Kick|p1a: Ferroseed\n|-supereffective|p1a: Ferroseed\n|-damage|p1a: Ferroseed|0 fnt\n|-damage|p2a: Mienfoo|77\/100|[from] ability: Iron Barbs|[of] p1a: Ferroseed\n|faint|p1a: Ferroseed\n|\n|upkeep\n|\n|t:|1664788844\n|switch|p1a: Natu|Natu, L5, F|77\/100\n|turn|23\n|inactive|Lokifan has 270 seconds left.\n|inactive|Lokifan has 240 seconds left.\n|\n|t:|1664788916\n|move|p2a: Mienfoo|U-turn|p1a: Natu\n|-damage|p1a: Natu|53\/100\n|\n|t:|1664788918\n|switch|p2a: Koffing|Koffing, L5, M|65\/100|[from]move: U-turn\n|-ability|p2a: Koffing|Neutralizing Gas\n|-damage|p2a: Koffing|56\/100|[from] Stealth Rock\n|move|p1a: Natu|Psychic|p2a: Koffing\n|-supereffective|p2a: Koffing\n|-damage|p2a: Koffing|0 fnt\n|faint|p2a: Koffing\n|-end|p2a: Koffing|ability: Neutralizing Gas\n|\n|upkeep\n|\n|t:|1664788920\n|switch|p2a: Mienfoo|Mienfoo, L5, M|100\/100\n|-damage|p2a: Mienfoo|96\/100|[from] Stealth Rock\n|turn|24\n|\n|t:|1664788929\n|move|p1a: Natu|Psychic|p2a: Mienfoo\n|-supereffective|p2a: Mienfoo\n|-crit|p2a: Mienfoo\n|-damage|p2a: Mienfoo|0 fnt\n|faint|p2a: Mienfoo\n|\n|win|Laroxyl\n|l| jcbc\n|c|\u2606Laroxyl|gg\n","uploadtime":1664788937,"views":91,"p1id":"laroxyl","p2id":"lokifan","formatid":"gen8lc","rating":0,"private":0,"password":null}