{"id":"gen8nationaldex-1692565708","p1":"AnchorsSingLoudest","p2":"Draco09876","format":"gen8nationaldex","log":"|j|\u2606AnchorsSingLoudest\n|j|\u2606Draco09876\n|t:|1666500050\n|gametype|singles\n|player|p1|AnchorsSingLoudest|veteranf|1581\n|player|p2|Draco09876|1|1642\n|teamsize|p1|6\n|teamsize|p2|6\n|gen|8\n|tier|[Gen 8] National Dex\n|rated|\n|rule|HP Percentage Mod: HP is shown in percentages\n|rule|Endless Battle Clause: Forcing endless battles is banned\n|rule|OHKO Clause: OHKO moves are banned\n|rule|Evasion Moves Clause: Evasion moves are banned\n|rule|Species Clause: Limit one of each Pok\u00e9mon\n|rule|Dynamax Clause: You cannot dynamax\n|rule|Sleep Clause Mod: Limit one foe put to sleep\n|clearpoke\n|poke|p1|Cursola, F|\n|poke|p1|Dusclops, M|\n|poke|p1|Runerigus, M|\n|poke|p1|Marowak-Alola, F|\n|poke|p1|Dhelmise|\n|poke|p1|Mimikyu, F|\n|poke|p2|Greninja, M|\n|poke|p2|Gliscor, F|\n|poke|p2|Ferrothorn, M|\n|poke|p2|Slowking-Galar, M|\n|poke|p2|Clefable, M|\n|poke|p2|Gallade, M|\n|teampreview\n|\n|t:|1666500060\n|start\n|switch|p1a: Dusclops|Dusclops, M, shiny|100\/100\n|switch|p2a: Greninja|Greninja, M|100\/100\n|-ability|p1a: Dusclops|Pressure\n|turn|1\n|inactive|Battle timer is ON: inactive players will automatically lose when time's up. (requested by Draco09876)\n|\n|t:|1666500064\n|switch|p1a: Mimikyu|Mimikyu, F|100\/100\n|move|p2a: Greninja|Dark Pulse|p1a: Mimikyu\n|-activate|p1a: Mimikyu|ability: Disguise\n|-damage|p1a: Mimikyu|100\/100\n|detailschange|p1a: Mimikyu|Mimikyu-Busted, F\n|-damage|p1a: Mimikyu|88\/100|[from] pokemon: Mimikyu-Busted\n|\n|upkeep\n|turn|2\n|\n|t:|1666500069\n|switch|p2a: Ferrothorn|Ferrothorn, M|100\/100\n|move|p1a: Mimikyu|Play Rough|p2a: Ferrothorn\n|-resisted|p2a: Ferrothorn\n|-damage|p2a: Ferrothorn|91\/100\n|-damage|p1a: Mimikyu|76\/100|[from] ability: Iron Barbs|[of] p2a: Ferrothorn\n|\n|-heal|p2a: Ferrothorn|97\/100|[from] item: Leftovers\n|upkeep\n|turn|3\n|\n|t:|1666500072\n|switch|p1a: Runerigus|Runerigus, M, shiny|100\/100\n|move|p2a: Ferrothorn|Knock Off|p1a: Runerigus\n|-supereffective|p1a: Runerigus\n|-damage|p1a: Runerigus|74\/100\n|-damage|p2a: Ferrothorn|81\/100|[from] item: Rocky Helmet|[of] p1a: Runerigus\n|-activate|p1a: Runerigus|ability: Wandering Spirit|Iron Barbs|Wandering Spirit|[of] p2a: Ferrothorn\n|-enditem|p1a: Runerigus|Rocky Helmet|[from] move: Knock Off|[of] p2a: Ferrothorn\n|\n|-heal|p2a: Ferrothorn|87\/100|[from] item: Leftovers\n|upkeep\n|turn|4\n|\n|t:|1666500076\n|switch|p2a: Greninja|Greninja, M|100\/100\n|move|p1a: Runerigus|Stealth Rock|p2a: Greninja\n|-sidestart|p2: Draco09876|move: Stealth Rock\n|\n|upkeep\n|turn|5\n|\n|t:|1666500079\n|switch|p1a: Mimikyu|Mimikyu-Busted, F|76\/100\n|move|p2a: Greninja|Dark Pulse|p1a: Mimikyu\n|-damage|p1a: Mimikyu|19\/100\n|\n|upkeep\n|turn|6\n|-enditem|p1a: Mimikyu|Custap Berry|[eat]\n|-activate|p1a: Mimikyu|item: Custap Berry|[consumed]\n|\n|t:|1666500081\n|move|p1a: Mimikyu|Play Rough|p2a: Greninja\n|-supereffective|p2a: Greninja\n|-damage|p2a: Greninja|0 fnt\n|faint|p2a: Greninja\n|\n|upkeep\n|c|\u2606Draco09876|bruh lol\n|c|\u2606AnchorsSingLoudest|Hahaha\n|\n|t:|1666500094\n|switch|p2a: Gliscor|Gliscor, F|100\/100\n|-damage|p2a: Gliscor|88\/100|[from] Stealth Rock\n|turn|7\n|\n|t:|1666500099\n|move|p2a: Gliscor|Defog|p1a: Mimikyu\n|-unboost|p1a: Mimikyu|evasion|1\n|-sideend|p2: Draco09876|Stealth Rock|[from] move: Defog|[of] p2a: Gliscor\n|move|p1a: Mimikyu|Curse|p2a: Gliscor\n|-start|p2a: Gliscor|Curse|[of] p1a: Mimikyu\n|-damage|p1a: Mimikyu|0 fnt\n|faint|p1a: Mimikyu\n|\n|-damage|p2a: Gliscor|63\/100|[from] Curse\n|-status|p2a: Gliscor|tox|[from] item: Toxic Orb\n|upkeep\n|\n|t:|1666500101\n|switch|p1a: Runerigus|Runerigus, M, shiny|74\/100\n|turn|8\n|\n|t:|1666500109\n|switch|p2a: Ferrothorn|Ferrothorn, M|87\/100\n|move|p1a: Runerigus|Stealth Rock|p2a: Ferrothorn\n|-sidestart|p2: Draco09876|move: Stealth Rock\n|\n|-heal|p2a: Ferrothorn|93\/100|[from] item: Leftovers\n|upkeep\n|turn|9\n|\n|t:|1666500112\n|move|p2a: Ferrothorn|Spikes|p1a: Runerigus\n|-sidestart|p1: AnchorsSingLoudest|Spikes\n|move|p1a: Runerigus|Trick Room|p1a: Runerigus\n|-fieldstart|move: Trick Room|[of] p1a: Runerigus\n|\n|-heal|p2a: Ferrothorn|99\/100|[from] item: Leftovers\n|upkeep\n|turn|10\n|\n|t:|1666500115\n|switch|p1a: Marowak|Marowak-Alola, F, shiny|100\/100\n|-damage|p1a: Marowak|88\/100|[from] Spikes\n|move|p2a: Ferrothorn|Knock Off|p1a: Marowak\n|-supereffective|p1a: Marowak\n|-damage|p1a: Marowak|49\/100\n|-enditem|p1a: Marowak|Thick Club|[from] move: Knock Off|[of] p2a: Ferrothorn\n|\n|-heal|p2a: Ferrothorn|100\/100|[from] item: Leftovers\n|upkeep\n|turn|11\n|\n|t:|1666500139\n|move|p2a: Ferrothorn|Spikes|p1a: Marowak\n|-sidestart|p1: AnchorsSingLoudest|Spikes\n|move|p1a: Marowak|Swords Dance|p1a: Marowak\n|-boost|p1a: Marowak|atk|2\n|\n|upkeep\n|turn|12\n|\n|t:|1666500145\n|move|p2a: Ferrothorn|Knock Off|p1a: Marowak\n|-supereffective|p1a: Marowak\n|-damage|p1a: Marowak|20\/100\n|move|p1a: Marowak|Flare Blitz|p2a: Ferrothorn\n|-supereffective|p2a: Ferrothorn\n|-damage|p2a: Ferrothorn|0 fnt\n|-damage|p1a: Marowak|8\/100|[from] ability: Iron Barbs|[of] p2a: Ferrothorn\n|faint|p2a: Ferrothorn\n|\n|upkeep\n|\n|t:|1666500152\n|switch|p2a: Gallade|Gallade, M|100\/100\n|-damage|p2a: Gallade|94\/100|[from] Stealth Rock\n|turn|13\n|\n|t:|1666500156\n|switch|p2a: Gliscor|Gliscor, F|63\/100 tox\n|-damage|p2a: Gliscor|51\/100 tox|[from] Stealth Rock\n|move|p1a: Marowak|Flare Blitz|p2a: Gliscor\n|-damage|p2a: Gliscor|0 fnt\n|faint|p2a: Gliscor\n|\n|-fieldend|move: Trick Room\n|upkeep\n|\n|t:|1666500163\n|switch|p2a: Gallade|Gallade, M|94\/100\n|-damage|p2a: Gallade|88\/100|[from] Stealth Rock\n|turn|14\n|\n|t:|1666500169\n|detailschange|p2a: Gallade|Gallade-Mega, M\n|-mega|p2a: Gallade|Gallade|Galladite\n|move|p2a: Gallade|Zen Headbutt|p1a: Marowak\n|-damage|p1a: Marowak|0 fnt\n|faint|p1a: Marowak\n|\n|upkeep\n|\n|t:|1666500174\n|switch|p1a: Runerigus|Runerigus, M, shiny|74\/100\n|-damage|p1a: Runerigus|58\/100|[from] Spikes\n|turn|15\n|\n|t:|1666500179\n|move|p2a: Gallade|Swords Dance|p2a: Gallade\n|-boost|p2a: Gallade|atk|2\n|move|p1a: Runerigus|Trick Room|p1a: Runerigus\n|-fieldstart|move: Trick Room|[of] p1a: Runerigus\n|\n|upkeep\n|turn|16\n|\n|t:|1666500183\n|move|p1a: Runerigus|Curse|p2a: Gallade\n|-start|p2a: Gallade|Curse|[of] p1a: Runerigus\n|-damage|p1a: Runerigus|8\/100\n|move|p2a: Gallade|Triple Axel|p1a: Runerigus\n|-supereffective|p1a: Runerigus\n|-damage|p1a: Runerigus|0 fnt\n|-activate|p1a: Runerigus|ability: Wandering Spirit|Inner Focus|Wandering Spirit|[of] p2a: Gallade\n|faint|p1a: Runerigus\n|-hitcount|p1: Runerigus|1\n|\n|-damage|p2a: Gallade|63\/100|[from] Curse\n|upkeep\n|\n|t:|1666500188\n|switch|p1a: Dhelmise|Dhelmise|100\/100\n|-damage|p1a: Dhelmise|84\/100|[from] Spikes\n|turn|17\n|\n|t:|1666500194\n|switch|p2a: Clefable|Clefable, M|100\/100\n|-zpower|p1a: Dhelmise\n|move|p1a: Dhelmise|Never-Ending Nightmare|p2a: Clefable|[zeffect]\n|-damage|p2a: Clefable|0 fnt\n|faint|p2a: Clefable\n|\n|upkeep\n|\n|t:|1666500198\n|switch|p2a: Slowking|Slowking-Galar, M|100\/100\n|-damage|p2a: Slowking|88\/100|[from] Stealth Rock\n|turn|18\n|\n|t:|1666500202\n|move|p1a: Dhelmise|Poltergeist|p2a: Slowking\n|-activate|p2a: Slowking|move: Poltergeist|Assault Vest\n|-supereffective|p2a: Slowking\n|-damage|p2a: Slowking|0 fnt\n|faint|p2a: Slowking\n|\n|upkeep\n|-message|Draco09876 forfeited.\n|\n|win|AnchorsSingLoudest\n|raw|AnchorsSingLoudest's rating: 1581 &rarr; <strong>1604<\/strong><br \/>(+23 for winning)\n|raw|Draco09876's rating: 1642 &rarr; <strong>1619<\/strong><br \/>(-23 for losing)\n|l|\u2606Draco09876\n","uploadtime":1666500221,"views":11,"p1id":"anchorssingloudest","p2id":"draco09876","formatid":"gen8nationaldex","rating":1604,"private":0,"password":null}