{"id":"gen8ou-1440856235","p1":"Asdaman2007","p2":"seelbachariot","format":"gen8ou","log":"|j|\u2606Asdaman2007\n|j|\u2606seelbachariot\n|inactive|Battle timer is ON: inactive players will automatically lose when time's up.\n|t:|1634999966\n|gametype|singles\n|player|p1|Asdaman2007|101|\n|player|p2|seelbachariot|rocketgruntf|\n|teamsize|p1|5\n|teamsize|p2|6\n|gen|8\n|tier|[Gen 8] OU\n|rated|Tournament battle\n|rule|Sleep Clause Mod: Limit one foe put to sleep\n|rule|Species Clause: Limit one of each Pok\u00e9mon\n|rule|OHKO Clause: OHKO moves are banned\n|rule|Evasion Moves Clause: Evasion moves are banned\n|rule|Endless Battle Clause: Forcing endless battles is banned\n|rule|HP Percentage Mod: HP is shown in percentages\n|rule|Dynamax Clause: You cannot dynamax\n|clearpoke\n|poke|p1|Klefki, M|\n|poke|p1|Swampert, F|\n|poke|p1|Dhelmise|\n|poke|p1|Darmanitan, M|\n|poke|p1|Dragonite, M|\n|poke|p2|Zeraora|\n|poke|p2|Ferrothorn, M|\n|poke|p2|Dragapult, M|\n|poke|p2|Heatran, F|\n|poke|p2|Landorus-Therian, M|\n|poke|p2|Tyranitar, M|\n|teampreview\n|inactive|seelbachariot also wants the timer to be on.\n|c|\u2606Asdaman2007|hi\n|\n|t:|1634999975\n|start\n|switch|p1a: Klefki|Klefki, M|100\/100\n|switch|p2a: Heatran|Heatran, F|100\/100\n|turn|1\n|\n|t:|1634999981\n|switch|p1a: Swampert|Swampert, F|100\/100\n|move|p2a: Heatran|Magma Storm|p1a: Swampert\n|-resisted|p1a: Swampert\n|-damage|p1a: Swampert|87\/100\n|-activate|p1a: Swampert|move: Magma Storm|[of] p2a: Heatran\n|\n|-heal|p1a: Swampert|93\/100|[from] item: Leftovers\n|-damage|p1a: Swampert|81\/100|[from] move: Magma Storm|[partiallytrapped]\n|upkeep\n|turn|2\n|j| xKingMinecrafter3\n|\n|t:|1634999985\n|move|p2a: Heatran|Taunt|p1a: Swampert\n|-start|p1a: Swampert|move: Taunt\n|cant|p1a: Swampert|move: Taunt|Stealth Rock\n|\n|-heal|p1a: Swampert|87\/100|[from] item: Leftovers\n|-damage|p1a: Swampert|75\/100|[from] move: Magma Storm|[partiallytrapped]\n|upkeep\n|turn|3\n|l| xKingMinecrafter3\n|\n|t:|1634999989\n|switch|p2a: Ferrothorn|Ferrothorn, M|100\/100\n|move|p1a: Swampert|Earthquake|p2a: Ferrothorn\n|-damage|p2a: Ferrothorn|80\/100\n|\n|-heal|p1a: Swampert|81\/100|[from] item: Leftovers\n|-heal|p2a: Ferrothorn|86\/100|[from] item: Leftovers\n|-end|p1a: Swampert|Magma Storm|[partiallytrapped]|[silent]\n|upkeep\n|turn|4\n|j| TheNewBrends11\n|\n|t:|1634999993\n|move|p1a: Swampert|Flip Turn|p2a: Ferrothorn\n|-resisted|p2a: Ferrothorn\n|-crit|p2a: Ferrothorn\n|-damage|p2a: Ferrothorn|76\/100\n|-damage|p1a: Swampert|69\/100|[from] ability: Iron Barbs|[of] p2a: Ferrothorn\n|\n|t:|1634999998\n|switch|p1a: Darmanitan|Darmanitan, M|100\/100|[from]move: Flip Turn\n|move|p2a: Ferrothorn|Leech Seed|p1a: Darmanitan\n|-start|p1a: Darmanitan|move: Leech Seed\n|\n|-heal|p2a: Ferrothorn|83\/100|[from] item: Leftovers\n|-damage|p1a: Darmanitan|88\/100|[from] Leech Seed|[of] p2a: Ferrothorn\n|-heal|p2a: Ferrothorn|95\/100|[silent]\n|upkeep\n|turn|5\n|\n|t:|1635000005\n|switch|p2a: Landorus|Landorus-Therian, M|100\/100\n|-ability|p2a: Landorus|Intimidate|boost\n|-unboost|p1a: Darmanitan|atk|1\n|move|p1a: Darmanitan|Flare Blitz|p2a: Landorus\n|-damage|p2a: Landorus|60\/100\n|-damage|p1a: Darmanitan|72\/100|[from] item: Rocky Helmet|[of] p2a: Landorus\n|-damage|p1a: Darmanitan|57\/100|[from] Recoil\n|\n|-damage|p1a: Darmanitan|45\/100|[from] Leech Seed|[of] p2a: Landorus\n|-heal|p2a: Landorus|72\/100|[silent]\n|upkeep\n|turn|6\n|\n|t:|1635000013\n|switch|p1a: Swampert|Swampert, F|69\/100\n|move|p2a: Landorus|U-turn|p1a: Swampert\n|-damage|p1a: Swampert|50\/100\n|j| okmn er\n|\n|t:|1635000023\n|switch|p2a: Dragapult|Dragapult, M|100\/100|[from]move: U-turn\n|\n|-heal|p1a: Swampert|56\/100|[from] item: Leftovers\n|upkeep\n|turn|7\n|\n|t:|1635000029\n|move|p2a: Dragapult|Shadow Ball|p1a: Swampert\n|-damage|p1a: Swampert|22\/100\n|-unboost|p1a: Swampert|spd|1\n|move|p1a: Swampert|Stealth Rock|p2a: Dragapult\n|-sidestart|p2: seelbachariot|move: Stealth Rock\n|\n|-heal|p1a: Swampert|28\/100|[from] item: Leftovers\n|upkeep\n|turn|8\n|\n|t:|1635000046\n|switch|p1a: Klefki|Klefki, M|100\/100\n|move|p2a: Dragapult|Shadow Ball|p1a: Klefki\n|-damage|p1a: Klefki|53\/100\n|\n|-heal|p1a: Klefki|59\/100|[from] item: Leftovers\n|upkeep\n|turn|9\n|\n|t:|1635000050\n|move|p1a: Klefki|Thunder Wave|p2a: Dragapult\n|-status|p2a: Dragapult|par\n|move|p2a: Dragapult|Shadow Ball|p1a: Klefki\n|-damage|p1a: Klefki|11\/100\n|\n|-heal|p1a: Klefki|17\/100|[from] item: Leftovers\n|upkeep\n|turn|10\n|\n|t:|1635000062\n|switch|p2a: Landorus|Landorus-Therian, M|72\/100\n|-damage|p2a: Landorus|59\/100|[from] Stealth Rock\n|-ability|p2a: Landorus|Intimidate|boost\n|-unboost|p1a: Klefki|atk|1\n|move|p1a: Klefki|Spikes|p2a: Landorus\n|-sidestart|p2: seelbachariot|Spikes\n|\n|-heal|p1a: Klefki|23\/100|[from] item: Leftovers\n|upkeep\n|turn|11\n|\n|t:|1635000067\n|switch|p1a: Darmanitan|Darmanitan, M|45\/100\n|move|p2a: Landorus|Defog|p1a: Darmanitan\n|-unboost|p1a: Darmanitan|evasion|1\n|-sideend|p2: seelbachariot|Spikes|[from] move: Defog|[of] p2a: Landorus\n|-sideend|p2: seelbachariot|Stealth Rock|[from] move: Defog|[of] p2a: Landorus\n|\n|upkeep\n|turn|12\n|\n|t:|1635000071\n|switch|p2a: Heatran|Heatran, F|100\/100\n|move|p1a: Darmanitan|Trick|p2a: Heatran\n|-activate|p1a: Darmanitan|move: Trick|[of] p2a: Heatran\n|-item|p2a: Heatran|Choice Scarf|[from] move: Trick\n|-item|p1a: Darmanitan|Leftovers|[from] move: Trick\n|\n|-heal|p1a: Darmanitan|51\/100|[from] item: Leftovers\n|upkeep\n|turn|13\n|\n|t:|1635000081\n|switch|p2a: Landorus|Landorus-Therian, M|59\/100\n|-ability|p2a: Landorus|Intimidate|boost\n|-unboost|p1a: Darmanitan|atk|1\n|move|p1a: Darmanitan|U-turn|p2a: Landorus\n|-resisted|p2a: Landorus\n|-damage|p2a: Landorus|54\/100\n|-damage|p1a: Darmanitan|35\/100|[from] item: Rocky Helmet|[of] p2a: Landorus\n|\n|t:|1635000089\n|switch|p1a: Dragonite|Dragonite, M|100\/100|[from]move: U-turn\n|\n|upkeep\n|turn|14\n|\n|t:|1635000098\n|switch|p2a: Ferrothorn|Ferrothorn, M|95\/100\n|move|p1a: Dragonite|Dragon Dance|p1a: Dragonite\n|-boost|p1a: Dragonite|atk|1\n|-boost|p1a: Dragonite|spe|1\n|\n|-heal|p2a: Ferrothorn|100\/100|[from] item: Leftovers\n|upkeep\n|turn|15\n|\n|t:|1635000102\n|move|p1a: Dragonite|Earthquake|p2a: Ferrothorn\n|-damage|p2a: Ferrothorn|68\/100\n|move|p2a: Ferrothorn|Leech Seed|p1a: Dragonite\n|-start|p1a: Dragonite|move: Leech Seed\n|\n|-heal|p2a: Ferrothorn|75\/100|[from] item: Leftovers\n|-damage|p1a: Dragonite|88\/100|[from] Leech Seed|[of] p2a: Ferrothorn\n|-heal|p2a: Ferrothorn|86\/100|[silent]\n|upkeep\n|turn|16\n|\n|t:|1635000106\n|switch|p1a: Darmanitan|Darmanitan, M|35\/100\n|move|p2a: Ferrothorn|Gyro Ball|p1a: Darmanitan\n|-resisted|p1a: Darmanitan\n|-crit|p1a: Darmanitan\n|-damage|p1a: Darmanitan|0 fnt\n|faint|p1a: Darmanitan\n|\n|-heal|p2a: Ferrothorn|92\/100|[from] item: Leftovers\n|upkeep\n|\n|t:|1635000113\n|switch|p1a: Dragonite|Dragonite, M|88\/100\n|turn|17\n|\n|t:|1635000116\n|move|p1a: Dragonite|Dragon Dance|p1a: Dragonite\n|-boost|p1a: Dragonite|atk|1\n|-boost|p1a: Dragonite|spe|1\n|move|p2a: Ferrothorn|Leech Seed|p1a: Dragonite\n|-start|p1a: Dragonite|move: Leech Seed\n|\n|-heal|p1a: Dragonite|94\/100|[from] item: Leftovers\n|-heal|p2a: Ferrothorn|99\/100|[from] item: Leftovers\n|-damage|p1a: Dragonite|82\/100|[from] Leech Seed|[of] p2a: Ferrothorn\n|-heal|p2a: Ferrothorn|100\/100|[silent]\n|upkeep\n|turn|18\n|\n|t:|1635000119\n|move|p1a: Dragonite|Dual Wingbeat|p2a: Ferrothorn\n|-damage|p2a: Ferrothorn|81\/100\n|-damage|p1a: Dragonite|70\/100|[from] ability: Iron Barbs|[of] p2a: Ferrothorn\n|-damage|p2a: Ferrothorn|64\/100\n|-damage|p1a: Dragonite|57\/100|[from] ability: Iron Barbs|[of] p2a: Ferrothorn\n|-hitcount|p2a: Ferrothorn|2\n|move|p2a: Ferrothorn|Gyro Ball|p1a: Dragonite\n|-damage|p1a: Dragonite|0 fnt\n|faint|p1a: Dragonite\n|\n|-heal|p2a: Ferrothorn|70\/100|[from] item: Leftovers\n|upkeep\n|\n|t:|1635000125\n|switch|p1a: Dhelmise|Dhelmise|100\/100\n|turn|19\n|\n|t:|1635000128\n|move|p1a: Dhelmise|Poltergeist|p2a: Ferrothorn\n|-activate|p2a: Ferrothorn|move: Poltergeist|Leftovers\n|-damage|p2a: Ferrothorn|45\/100\n|move|p2a: Ferrothorn|Knock Off|p1a: Dhelmise\n|-supereffective|p1a: Dhelmise\n|-damage|p1a: Dhelmise|60\/100\n|-enditem|p1a: Dhelmise|Heavy-Duty Boots|[from] move: Knock Off|[of] p2a: Ferrothorn\n|\n|-heal|p2a: Ferrothorn|51\/100|[from] item: Leftovers\n|upkeep\n|turn|20\n|\n|t:|1635000138\n|move|p1a: Dhelmise|Poltergeist|p2a: Ferrothorn\n|-activate|p2a: Ferrothorn|move: Poltergeist|Leftovers\n|-damage|p2a: Ferrothorn|23\/100\n|move|p2a: Ferrothorn|Knock Off|p1a: Dhelmise\n|-supereffective|p1a: Dhelmise\n|-damage|p1a: Dhelmise|33\/100\n|\n|-heal|p2a: Ferrothorn|29\/100|[from] item: Leftovers\n|upkeep\n|turn|21\n|\n|t:|1635000143\n|switch|p2a: Tyranitar|Tyranitar, M|100\/100\n|-weather|Sandstorm|[from] ability: Sand Stream|[of] p2a: Tyranitar\n|move|p1a: Dhelmise|Poltergeist|p2a: Tyranitar\n|-activate|p2a: Tyranitar|move: Poltergeist|Choice Scarf\n|-resisted|p2a: Tyranitar\n|-damage|p2a: Tyranitar|80\/100\n|\n|-weather|Sandstorm|[upkeep]\n|-damage|p1a: Dhelmise|27\/100|[from] Sandstorm\n|upkeep\n|turn|22\n|\n|t:|1635000152\n|move|p2a: Tyranitar|Dark Pulse|p1a: Dhelmise\n|-supereffective|p1a: Dhelmise\n|-damage|p1a: Dhelmise|0 fnt\n|faint|p1a: Dhelmise\n|\n|-weather|Sandstorm|[upkeep]\n|upkeep\n|\n|t:|1635000155\n|switch|p1a: Klefki|Klefki, M|23\/100\n|turn|23\n|\n|t:|1635000159\n|switch|p2a: Landorus|Landorus-Therian, M|54\/100\n|-ability|p2a: Landorus|Intimidate|boost\n|-unboost|p1a: Klefki|atk|1\n|move|p1a: Klefki|Dazzling Gleam|p2a: Landorus\n|-damage|p2a: Landorus|29\/100\n|\n|-weather|Sandstorm|[upkeep]\n|-heal|p1a: Klefki|29\/100|[from] item: Leftovers\n|upkeep\n|turn|24\n|\n|t:|1635000163\n|move|p2a: Landorus|Earthquake|p1a: Klefki\n|-supereffective|p1a: Klefki\n|-damage|p1a: Klefki|0 fnt\n|faint|p1a: Klefki\n|\n|-weather|Sandstorm|[upkeep]\n|upkeep\n|\n|t:|1635000168\n|switch|p1a: Swampert|Swampert, F|28\/100\n|turn|25\n|\n|t:|1635000171\n|move|p2a: Landorus|U-turn|p1a: Swampert\n|-damage|p1a: Swampert|6\/100\n|\n|t:|1635000174\n|switch|p2a: Ferrothorn|Ferrothorn, M|29\/100|[from]move: U-turn\n|move|p1a: Swampert|Flip Turn|p2a: Ferrothorn\n|-resisted|p2a: Ferrothorn\n|-crit|p2a: Ferrothorn\n|-damage|p2a: Ferrothorn|20\/100\n|-damage|p1a: Swampert|0 fnt|[from] ability: Iron Barbs|[of] p2a: Ferrothorn\n|faint|p1a: Swampert\n|\n|win|seelbachariot\n|n|\u2606Asdaman2007|asdaman2007\n|n|\u2606seelbachariot|seelbachariot\n|n| TheNewBrends11|thenewbrends11\n|n| okmn er|okmner\n|c|\u2606Asdaman2007|gg\n|l|\u2606seelbachariot\n|c|\u2606Asdaman2007|bye\n","uploadtime":1635000186,"views":19,"p1id":"asdaman2007","p2id":"seelbachariot","formatid":"gen8ou","rating":0,"private":0,"password":null}