{"id":"gen8nationaldex-1125382946","p1":"booogeyman","p2":"A","format":"gen8nationaldex","log":"|j|\u2606booogeyman\n|j|\u2606A\n|player|p1|booogeyman|101|1086\n|player|p2|A|101|1185\n|teamsize|p1|6\n|teamsize|p2|6\n|gametype|singles\n|gen|8\n|tier|[Gen 8] National Dex\n|rated|\n|clearpoke\n|poke|p1|Greninja, F|\n|poke|p1|Rotom-Wash|\n|poke|p1|Corviknight, F|\n|poke|p1|Clefable, F|\n|poke|p1|Landorus-Therian, M|\n|poke|p1|Medicham, M|\n|poke|p2|Hatenna, F|\n|poke|p2|Hattrem, F|\n|poke|p2|Hatterene, F|\n|poke|p2|Magnemite, L1|\n|poke|p2|Magnezone|\n|poke|p2|Magneton|\n|rule|HP Percentage Mod: HP is shown in percentages\n|rule|Endless Battle Clause: Forcing endless battles is banned\n|rule|OHKO Clause: OHKO moves are banned\n|rule|Evasion Moves Clause: Evasion moves are banned\n|rule|Species Clause: Limit one of each Pok\u00e9mon\n|rule|Dynamax Clause: You cannot dynamax\n|rule|Sleep Clause Mod: Limit one foe put to sleep\n|teampreview\n|\n|start\n|switch|p1a: Shuriken|Greninja, F|100\/100\n|switch|p2a: GMARRRRS|Magneton|100\/100\n|turn|1\n|\n|move|p1a: Shuriken|U-turn|p2a: GMARRRRS\n|-start|p1a: Shuriken|typechange|Bug|[from] ability: Protean\n|-resisted|p2a: GMARRRRS\n|-damage|p2a: GMARRRRS|77\/100\n|\n|switch|p1a: WishWashiWoosh|Rotom-Wash, shiny|100\/100|[from]move: U-turn\n|move|p2a: GMARRRRS|Volt Switch|p1a: WishWashiWoosh\n|-damage|p1a: WishWashiWoosh|53\/100\n|\n|switch|p2a: GGGGMAARS|Magnemite, L1|100\/100|[from]move: Volt Switch\n|\n|-heal|p1a: WishWashiWoosh|59\/100|[from] item: Leftovers\n|upkeep\n|turn|2\n|\n|move|p2a: GGGGMAARS|Magic Coat|p2a: GGGGMAARS\n|-singleturn|p2a: GGGGMAARS|move: Magic Coat\n|move|p1a: WishWashiWoosh|Volt Switch|p2a: GGGGMAARS\n|-resisted|p2a: GGGGMAARS\n|-ability|p2a: GGGGMAARS|Sturdy\n|-damage|p2a: GGGGMAARS|9\/100\n|-enditem|p2a: GGGGMAARS|Berry Juice\n|-heal|p2a: GGGGMAARS|100\/100|[from] item: Berry Juice\n|\n|switch|p1a: Darknight|Corviknight, F, shiny|100\/100|[from]move: Volt Switch\n|-ability|p1a: Darknight|Pressure\n|\n|upkeep\n|turn|3\n|\n|move|p1a: Darknight|Body Press|p2a: GGGGMAARS\n|-supereffective|p2a: GGGGMAARS\n|-ability|p2a: GGGGMAARS|Sturdy\n|-damage|p2a: GGGGMAARS|9\/100\n|move|p2a: GGGGMAARS|Recycle|p2a: GGGGMAARS\n|-item|p2a: GGGGMAARS|Berry Juice|[from] move: Recycle\n|-enditem|p2a: GGGGMAARS|Berry Juice\n|-heal|p2a: GGGGMAARS|100\/100|[from] item: Berry Juice\n|\n|upkeep\n|turn|4\n|\n|switch|p2a: GMARS|Hatterene, F|100\/100\n|move|p1a: Darknight|Body Press|p2a: GMARS\n|-resisted|p2a: GMARS\n|-damage|p2a: GMARS|95\/100\n|\n|-heal|p2a: GMARS|100\/100|[from] item: Leftovers\n|upkeep\n|turn|5\n|\n|move|p1a: Darknight|U-turn|p2a: GMARS\n|-damage|p2a: GMARS|87\/100\n|inactive|Battle timer is ON: inactive players will automatically lose when time's up. (requested by A)\n|\n|switch|p1a: Goat|Landorus-Therian, M, shiny|100\/100|[from]move: U-turn\n|-ability|p1a: Goat|Intimidate|boost\n|-unboost|p2a: GMARS|atk|1\n|move|p2a: GMARS|Mystical Fire|p1a: Goat\n|-damage|p1a: Goat|63\/100\n|-unboost|p1a: Goat|spa|1\n|\n|-heal|p2a: GMARS|93\/100|[from] item: Leftovers\n|upkeep\n|turn|6\n|\n|move|p1a: Goat|Earthquake|p2a: GMARS\n|-damage|p2a: GMARS|41\/100\n|move|p2a: GMARS|Psychic|p1a: Goat\n|-damage|p1a: Goat|0 fnt\n|faint|p1a: Goat\n|\n|-heal|p2a: GMARS|47\/100|[from] item: Leftovers\n|upkeep\n|-message|booogeyman forfeited.\n|\n|win|A\n|l|\u2606booogeyman\n|raw|booogeyman's rating: 1086 &rarr; <strong>1069<\/strong><br \/>(-17 for losing)\n|raw|A's rating: 1185 &rarr; <strong>1203<\/strong><br \/>(+18 for winning)\n|j|+pikachulover98\n","uploadtime":1591102319,"views":0,"p1id":"booogeyman","p2id":"a","formatid":"gen8nationaldex","rating":1069,"private":0,"password":null}