{"id":"gen8stabmons-1234455672","p1":"The Last Hero","p2":"Chegi","format":"gen8stabmons","log":"|j|\u2606The Last Hero\n|j|\u2606Chegi\n|t:|1606763694\n|player|p1|The Last Hero|acetrainersnow|1000\n|player|p2|Chegi|169|1056\n|teamsize|p1|6\n|teamsize|p2|6\n|gametype|singles\n|gen|8\n|tier|[Gen 8] STABmons\n|rated|\n|clearpoke\n|poke|p1|Roserade, F|\n|poke|p1|Rillaboom, M|\n|poke|p1|Heatran, M|\n|poke|p1|Toxapex, F|\n|poke|p1|Landorus-Therian, M|\n|poke|p1|Sylveon, F|\n|poke|p2|Urshifu-*, M|\n|poke|p2|Zapdos-Galar|\n|poke|p2|Aegislash, F|\n|poke|p2|Mamoswine, M|\n|poke|p2|Corsola-Galar, F|\n|poke|p2|Tapu Bulu|\n|rule|Sleep Clause Mod: Limit one foe put to sleep\n|rule|Species Clause: Limit one of each Pok\u00e9mon\n|rule|OHKO Clause: OHKO moves are banned\n|rule|Evasion Moves Clause: Evasion moves are banned\n|rule|Endless Battle Clause: Forcing endless battles is banned\n|rule|HP Percentage Mod: HP is shown in percentages\n|rule|Dynamax Clause: You cannot dynamax\n|teampreview\n|inactive|Battle timer is ON: inactive players will automatically lose when time's up. (requested by The Last Hero)\n|inactive|Chegi has 120 seconds left.\n|inactive|Chegi has 90 seconds left.\n|inactive|Chegi has 60 seconds left.\n|inactive|Chegi has 30 seconds left.\n|\n|t:|1606763873\n|start\n|switch|p1a: Boomer|Rillaboom, M|100\/100\n|switch|p2a: Mamoswine|Mamoswine, M|100\/100\n|-fieldstart|move: Grassy Terrain|[from] ability: Grassy Surge|[of] p1a: Boomer\n|turn|1\n|inactive|Chegi has 90 seconds left.\n|\n|t:|1606763882\n|switch|p2a: Corsola|Corsola-Galar, F|100\/100\n|move|p1a: Boomer|Grassy Glide|p2a: Corsola\n|-damage|p2a: Corsola|43\/100\n|\n|-heal|p2a: Corsola|49\/100|[from] Grassy Terrain\n|upkeep\n|turn|2\n|j| Mark K\n|inactive|Chegi has 90 seconds left.\n|\n|t:|1606763892\n|switch|p2a: Zapdos|Zapdos-Galar|100\/100\n|move|p1a: Boomer|Grassy Glide|p2a: Zapdos\n|-resisted|p2a: Zapdos\n|-damage|p2a: Zapdos|58\/100\n|\n|upkeep\n|turn|3\n|\n|t:|1606763896\n|switch|p1a: Crown|Toxapex, F|100\/100\n|move|p2a: Zapdos|Dragon Ascent|p1a: Crown\n|-damage|p1a: Crown|43\/100\n|-unboost|p2a: Zapdos|def|1\n|-unboost|p2a: Zapdos|spd|1\n|-damage|p2a: Zapdos|48\/100|[from] item: Life Orb\n|\n|-heal|p1a: Crown|49\/100|[from] Grassy Terrain\n|upkeep\n|turn|4\n|\n|t:|1606763905\n|switch|p1a: Sylvia|Sylveon, F|100\/100\n|move|p2a: Zapdos|Dragon Ascent|p1a: Sylvia\n|-damage|p1a: Sylvia|40\/100\n|-unboost|p2a: Zapdos|def|1\n|-unboost|p2a: Zapdos|spd|1\n|-damage|p2a: Zapdos|38\/100|[from] item: Life Orb\n|\n|-heal|p1a: Sylvia|46\/100|[from] item: Leftovers\n|-heal|p1a: Sylvia|52\/100|[from] Grassy Terrain\n|upkeep\n|turn|5\n|\n|t:|1606763915\n|switch|p1a: Fire Boss|Heatran, M|100\/100\n|move|p2a: Zapdos|Dragon Ascent|p1a: Fire Boss\n|-resisted|p1a: Fire Boss\n|-damage|p1a: Fire Boss|63\/100\n|-unboost|p2a: Zapdos|def|1\n|-unboost|p2a: Zapdos|spd|1\n|-damage|p2a: Zapdos|28\/100|[from] item: Life Orb\n|\n|-heal|p1a: Fire Boss|69\/100|[from] item: Leftovers\n|-heal|p1a: Fire Boss|75\/100|[from] Grassy Terrain\n|-fieldend|move: Grassy Terrain\n|upkeep\n|turn|6\n|\n|t:|1606763921\n|switch|p1a: Crown|Toxapex, F|83\/100\n|move|p2a: Zapdos|Close Combat|p1a: Crown\n|-resisted|p1a: Crown\n|-damage|p1a: Crown|53\/100\n|-unboost|p2a: Zapdos|def|1\n|-unboost|p2a: Zapdos|spd|1\n|-damage|p2a: Zapdos|18\/100|[from] item: Life Orb\n|\n|upkeep\n|turn|7\n|\n|t:|1606763930\n|switch|p1a: Fire Boss|Heatran, M|75\/100\n|move|p2a: Zapdos|Dragon Ascent|p1a: Fire Boss\n|-resisted|p1a: Fire Boss\n|-damage|p1a: Fire Boss|34\/100\n|-unboost|p2a: Zapdos|def|1\n|-unboost|p2a: Zapdos|spd|1\n|-damage|p2a: Zapdos|8\/100|[from] item: Life Orb\n|\n|-heal|p1a: Fire Boss|40\/100|[from] item: Leftovers\n|upkeep\n|turn|8\n|\n|t:|1606763935\n|switch|p1a: Crown|Toxapex, F|86\/100\n|move|p2a: Zapdos|Dragon Ascent|p1a: Crown\n|-damage|p1a: Crown|23\/100\n|-unboost|p2a: Zapdos|def|1\n|-unboost|p2a: Zapdos|spd|1\n|-damage|p2a: Zapdos|0 fnt|[from] item: Life Orb\n|faint|p2a: Zapdos\n|\n|upkeep\n|\n|t:|1606763946\n|switch|p2a: Urshifu|Urshifu, M|100\/100\n|turn|9\n|\n|t:|1606763948\n|switch|p1a: Landlord|Landorus-Therian, M|100\/100\n|-ability|p1a: Landlord|Intimidate|boost\n|-unboost|p2a: Urshifu|atk|1\n|move|p2a: Urshifu|Wicked Blow|p1a: Landlord\n|-crit|p1a: Landlord\n|-damage|p1a: Landlord|4\/100\n|-damage|p2a: Urshifu|91\/100|[from] item: Life Orb\n|\n|upkeep\n|turn|10\n|c| Mark K|too little too late\n|\n|t:|1606763956\n|switch|p1a: Sylvia|Sylveon, F|52\/100\n|move|p2a: Urshifu|Sucker Punch||[still]\n|-fail|p2a: Urshifu\n|\n|-heal|p1a: Sylvia|58\/100|[from] item: Leftovers\n|upkeep\n|turn|11\n|\n|t:|1606763961\n|move|p2a: Urshifu|U-turn|p1a: Sylvia\n|-resisted|p1a: Sylvia\n|-damage|p1a: Sylvia|50\/100\n|-damage|p2a: Urshifu|81\/100|[from] item: Life Orb\n|\n|t:|1606763967\n|switch|p2a: Aegislash|Aegislash, F|100\/100|[from]move: U-turn\n|move|p1a: Sylvia|Recover|p1a: Sylvia\n|-heal|p1a: Sylvia|99\/100\n|\n|-heal|p1a: Sylvia|100\/100|[from] item: Leftovers\n|upkeep\n|turn|12\n|c|\u2606Chegi|???\n|c|\u2606Chegi|are you high?\n|\n|t:|1606763980\n|switch|p1a: Crown|Toxapex, F|57\/100\n|-formechange|p2a: Aegislash|Aegislash-Blade||[from] ability: Stance Change\n|move|p2a: Aegislash|Sunsteel Strike|p1a: Crown\n|-resisted|p1a: Crown\n|-damage|p1a: Crown|27\/100\n|-damage|p2a: Aegislash|91\/100|[from] item: Life Orb\n|\n|upkeep\n|turn|13\n|\n|t:|1606763991\n|switch|p1a: Landlord|Landorus-Therian, M|4\/100\n|-ability|p1a: Landlord|Intimidate|boost\n|-unboost|p2a: Aegislash|atk|1\n|move|p2a: Aegislash|Spectral Thief|p1a: Landlord\n|-damage|p1a: Landlord|0 fnt\n|-damage|p2a: Aegislash|81\/100|[from] item: Life Orb\n|faint|p1a: Landlord\n|\n|upkeep\n|\n|t:|1606764004\n|switch|p1a: Crown|Toxapex, F|60\/100\n|turn|14\n|\n|t:|1606764009\n|switch|p2a: Corsola|Corsola-Galar, F|49\/100\n|move|p1a: Crown|Flip Turn|p2a: Corsola\n|-damage|p2a: Corsola|39\/100\n|\n|t:|1606764020\n|switch|p1a: Boomer|Rillaboom, M|100\/100|[from]move: Flip Turn\n|-fieldstart|move: Grassy Terrain|[from] ability: Grassy Surge|[of] p1a: Boomer\n|\n|-heal|p2a: Corsola|45\/100|[from] Grassy Terrain\n|upkeep\n|turn|15\n|\n|t:|1606764026\n|switch|p2a: Tapu Bulu|Tapu Bulu|100\/100\n|move|p1a: Boomer|Grassy Glide|p2a: Tapu Bulu\n|-resisted|p2a: Tapu Bulu\n|-damage|p2a: Tapu Bulu|63\/100\n|\n|-heal|p2a: Tapu Bulu|69\/100|[from] Grassy Terrain\n|upkeep\n|turn|16\n|\n|t:|1606764031\n|switch|p1a: Rosy|Roserade, F|100\/100\n|move|p2a: Tapu Bulu|Darkest Lariat|p1a: Rosy\n|-damage|p1a: Rosy|29\/100\n|-damage|p2a: Tapu Bulu|59\/100|[from] item: Life Orb\n|\n|-heal|p1a: Rosy|35\/100|[from] item: Black Sludge\n|-heal|p1a: Rosy|41\/100|[from] Grassy Terrain\n|-heal|p2a: Tapu Bulu|65\/100|[from] Grassy Terrain\n|upkeep\n|turn|17\n|\n|t:|1606764039\n|move|p1a: Rosy|Strength Sap|p2a: Tapu Bulu\n|-unboost|p2a: Tapu Bulu|atk|1\n|-heal|p1a: Rosy|100\/100\n|move|p2a: Tapu Bulu|Darkest Lariat|p1a: Rosy\n|-damage|p1a: Rosy|57\/100\n|-damage|p2a: Tapu Bulu|55\/100|[from] item: Life Orb\n|\n|-heal|p1a: Rosy|63\/100|[from] item: Black Sludge\n|-heal|p1a: Rosy|69\/100|[from] Grassy Terrain\n|-heal|p2a: Tapu Bulu|61\/100|[from] Grassy Terrain\n|upkeep\n|turn|18\n|\n|t:|1606764046\n|switch|p2a: Corsola|Corsola-Galar, F|45\/100\n|move|p1a: Rosy|Spikes|p2a: Corsola\n|-sidestart|p2: Chegi|Spikes\n|\n|-heal|p1a: Rosy|75\/100|[from] item: Black Sludge\n|-heal|p1a: Rosy|81\/100|[from] Grassy Terrain\n|-heal|p2a: Corsola|51\/100|[from] Grassy Terrain\n|-fieldend|move: Grassy Terrain\n|upkeep\n|turn|19\n|\n|t:|1606764052\n|move|p1a: Rosy|Spikes|p2a: Corsola\n|-sidestart|p2: Chegi|Spikes\n|move|p2a: Corsola|Strength Sap|p1a: Rosy\n|-unboost|p1a: Rosy|atk|1\n|-heal|p2a: Corsola|91\/100\n|\n|-heal|p1a: Rosy|87\/100|[from] item: Black Sludge\n|upkeep\n|turn|20\n|\n|t:|1606764057\n|move|p1a: Rosy|Spikes|p2a: Corsola\n|-sidestart|p2: Chegi|Spikes\n|move|p2a: Corsola|Will-O-Wisp|p1a: Rosy\n|-status|p1a: Rosy|brn\n|\n|-heal|p1a: Rosy|94\/100 brn|[from] item: Black Sludge\n|-damage|p1a: Rosy|87\/100 brn|[from] brn\n|upkeep\n|turn|21\n|\n|t:|1606764061\n|move|p1a: Rosy|Apple Acid|p2a: Corsola\n|-damage|p2a: Corsola|71\/100\n|-unboost|p2a: Corsola|spd|1\n|move|p2a: Corsola|Night Shade|p1a: Rosy\n|-damage|p1a: Rosy|49\/100 brn\n|\n|-heal|p1a: Rosy|55\/100 brn|[from] item: Black Sludge\n|-damage|p1a: Rosy|49\/100 brn|[from] brn\n|upkeep\n|turn|22\n|\n|t:|1606764070\n|move|p1a: Rosy|Strength Sap|p2a: Corsola\n|-unboost|p2a: Corsola|atk|1\n|-heal|p1a: Rosy|89\/100 brn\n|move|p2a: Corsola|Haze|p2a: Corsola\n|-clearallboost\n|\n|-heal|p1a: Rosy|95\/100 brn|[from] item: Black Sludge\n|-damage|p1a: Rosy|89\/100 brn|[from] brn\n|upkeep\n|turn|23\n|\n|t:|1606764077\n|move|p1a: Rosy|Sludge Bomb|p2a: Corsola\n|-resisted|p2a: Corsola\n|-damage|p2a: Corsola|60\/100\n|move|p2a: Corsola|Night Shade|p1a: Rosy\n|-damage|p1a: Rosy|50\/100 brn\n|\n|-heal|p1a: Rosy|56\/100 brn|[from] item: Black Sludge\n|-damage|p1a: Rosy|50\/100 brn|[from] brn\n|upkeep\n|turn|24\n|\n|t:|1606764083\n|move|p1a: Rosy|Strength Sap|p2a: Corsola\n|-unboost|p2a: Corsola|atk|1\n|-heal|p1a: Rosy|90\/100 brn\n|move|p2a: Corsola|Night Shade|p1a: Rosy\n|-damage|p1a: Rosy|51\/100 brn\n|\n|-heal|p1a: Rosy|58\/100 brn|[from] item: Black Sludge\n|-damage|p1a: Rosy|51\/100 brn|[from] brn\n|upkeep\n|turn|25\n|\n|t:|1606764087\n|switch|p1a: Crown|Toxapex, F|94\/100\n|move|p2a: Corsola|Night Shade|p1a: Crown\n|-damage|p1a: Crown|61\/100\n|\n|upkeep\n|turn|26\n|\n|t:|1606764092\n|move|p2a: Corsola|Will-O-Wisp|p1a: Crown\n|-status|p1a: Crown|brn\n|move|p1a: Crown|Knock Off|p2a: Corsola\n|-supereffective|p2a: Corsola\n|-damage|p2a: Corsola|49\/100\n|-enditem|p2a: Corsola|Eviolite|[from] move: Knock Off|[of] p1a: Crown\n|\n|-damage|p1a: Crown|55\/100 brn|[from] brn\n|upkeep\n|turn|27\n|\n|t:|1606764098\n|move|p2a: Corsola|Strength Sap|p1a: Crown\n|-unboost|p1a: Crown|atk|1\n|-heal|p2a: Corsola|99\/100\n|move|p1a: Crown|Flip Turn|p2a: Corsola\n|-damage|p2a: Corsola|93\/100\n|\n|t:|1606764106\n|switch|p1a: Rosy|Roserade, F|51\/100|[from]move: Flip Turn\n|\n|-heal|p1a: Rosy|58\/100|[from] item: Black Sludge\n|upkeep\n|turn|28\n|\n|t:|1606764109\n|move|p1a: Rosy|Apple Acid|p2a: Corsola\n|-damage|p2a: Corsola|60\/100\n|-unboost|p2a: Corsola|spd|1\n|-start|p1a: Rosy|Disable|Apple Acid|[from] ability: Cursed Body|[of] p2a: Corsola\n|move|p2a: Corsola|Night Shade|p1a: Rosy\n|-damage|p1a: Rosy|19\/100\n|\n|-heal|p1a: Rosy|25\/100|[from] item: Black Sludge\n|upkeep\n|turn|29\n|\n|t:|1606764120\n|move|p1a: Rosy|Strength Sap|p2a: Corsola\n|-unboost|p2a: Corsola|atk|1\n|-heal|p1a: Rosy|51\/100\n|move|p2a: Corsola|Will-O-Wisp|p1a: Rosy|[miss]\n|-miss|p2a: Corsola|p1a: Rosy\n|\n|-heal|p1a: Rosy|58\/100|[from] item: Black Sludge\n|upkeep\n|turn|30\n|\n|t:|1606764123\n|switch|p1a: Fire Boss|Heatran, M|40\/100\n|move|p2a: Corsola|Strength Sap|p1a: Fire Boss\n|-unboost|p1a: Fire Boss|atk|1\n|-heal|p2a: Corsola|100\/100\n|\n|-heal|p1a: Fire Boss|47\/100|[from] item: Leftovers\n|upkeep\n|turn|31\n|\n|t:|1606764132\n|switch|p1a: Crown|Toxapex, F|88\/100 brn\n|move|p2a: Corsola|Haze|p2a: Corsola\n|-clearallboost\n|\n|-damage|p1a: Crown|82\/100 brn|[from] brn\n|upkeep\n|turn|32\n|\n|t:|1606764135\n|move|p2a: Corsola|Night Shade|p1a: Crown\n|-damage|p1a: Crown|49\/100 brn\n|move|p1a: Crown|Flip Turn|p2a: Corsola\n|-damage|p2a: Corsola|93\/100\n|\n|t:|1606764137\n|switch|p1a: Rosy|Roserade, F|58\/100|[from]move: Flip Turn\n|\n|-heal|p1a: Rosy|64\/100|[from] item: Black Sludge\n|upkeep\n|turn|33\n|\n|t:|1606764141\n|move|p1a: Rosy|Sludge Bomb|p2a: Corsola\n|-resisted|p2a: Corsola\n|-damage|p2a: Corsola|75\/100\n|move|p2a: Corsola|Night Shade|p1a: Rosy\n|-damage|p1a: Rosy|25\/100\n|\n|-heal|p1a: Rosy|32\/100|[from] item: Black Sludge\n|upkeep\n|turn|34\n|\n|t:|1606764144\n|move|p1a: Rosy|Strength Sap|p2a: Corsola\n|-unboost|p2a: Corsola|atk|1\n|-heal|p1a: Rosy|71\/100\n|move|p2a: Corsola|Night Shade|p1a: Rosy\n|-damage|p1a: Rosy|33\/100\n|\n|-heal|p1a: Rosy|39\/100|[from] item: Black Sludge\n|upkeep\n|turn|35\n|\n|t:|1606764151\n|switch|p1a: Sylvia|Sylveon, F|100\/100\n|move|p2a: Corsola|Night Shade|p1a: Sylvia\n|-damage|p1a: Sylvia|75\/100\n|\n|-heal|p1a: Sylvia|81\/100|[from] item: Leftovers\n|upkeep\n|turn|36\n|\n|t:|1606764157\n|move|p1a: Sylvia|Glare|p2a: Corsola\n|-status|p2a: Corsola|par\n|cant|p2a: Corsola|par\n|\n|-heal|p1a: Sylvia|87\/100|[from] item: Leftovers\n|upkeep\n|turn|37\n|\n|t:|1606764161\n|move|p1a: Sylvia|Boomburst|p2a: Corsola\n|-damage|p2a: Corsola|25\/100 par\n|move|p2a: Corsola|Will-O-Wisp|p1a: Sylvia\n|-status|p1a: Sylvia|brn\n|\n|-heal|p1a: Sylvia|93\/100 brn|[from] item: Leftovers\n|-damage|p1a: Sylvia|87\/100 brn|[from] brn\n|upkeep\n|turn|38\n|\n|t:|1606764172\n|switch|p1a: Rosy|Roserade, F|39\/100\n|cant|p2a: Corsola|par\n|\n|-heal|p1a: Rosy|45\/100|[from] item: Black Sludge\n|upkeep\n|turn|39\n|\n|t:|1606764177\n|move|p1a: Rosy|Strength Sap|p2a: Corsola\n|-unboost|p2a: Corsola|atk|1\n|-heal|p1a: Rosy|71\/100\n|move|p2a: Corsola|Strength Sap|p1a: Rosy\n|-unboost|p1a: Rosy|atk|1\n|-heal|p2a: Corsola|65\/100 par\n|\n|-heal|p1a: Rosy|77\/100|[from] item: Black Sludge\n|upkeep\n|turn|40\n|\n|t:|1606764186\n|switch|p2a: Aegislash|Aegislash, F|81\/100\n|-damage|p2a: Aegislash|56\/100|[from] Spikes\n|move|p1a: Rosy|Apple Acid|p2a: Aegislash\n|-resisted|p2a: Aegislash\n|-damage|p2a: Aegislash|40\/100\n|-unboost|p2a: Aegislash|spd|1\n|\n|-heal|p1a: Rosy|83\/100|[from] item: Black Sludge\n|upkeep\n|turn|41\n|\n|t:|1606764193\n|move|p1a: Rosy|Strength Sap|p2a: Aegislash\n|-unboost|p2a: Aegislash|atk|1\n|-heal|p1a: Rosy|100\/100\n|-formechange|p2a: Aegislash|Aegislash-Blade||[from] ability: Stance Change\n|move|p2a: Aegislash|Sunsteel Strike|p1a: Rosy\n|-damage|p1a: Rosy|2\/100\n|-damage|p2a: Aegislash|30\/100|[from] item: Life Orb\n|\n|-heal|p1a: Rosy|8\/100|[from] item: Black Sludge\n|upkeep\n|turn|42\n|\n|t:|1606764197\n|switch|p1a: Crown|Toxapex, F|82\/100 brn\n|move|p2a: Aegislash|Shadow Sneak|p1a: Crown\n|-damage|p1a: Crown|64\/100 brn\n|-damage|p2a: Aegislash|20\/100|[from] item: Life Orb\n|\n|-damage|p1a: Crown|58\/100 brn|[from] brn\n|upkeep\n|turn|43\n|\n|t:|1606764200\n|move|p2a: Aegislash|Spectral Thief|p1a: Crown\n|-damage|p1a: Crown|24\/100 brn\n|-damage|p2a: Aegislash|10\/100|[from] item: Life Orb\n|move|p1a: Crown|Flip Turn|p2a: Aegislash\n|-damage|p2a: Aegislash|0 fnt\n|faint|p2a: Aegislash\n|\n|t:|1606764206\n|switch|p1a: Boomer|Rillaboom, M|100\/100|[from]move: Flip Turn\n|-fieldstart|move: Grassy Terrain|[from] ability: Grassy Surge|[of] p1a: Boomer\n|\n|upkeep\n|\n|t:|1606764219\n|switch|p2a: Urshifu|Urshifu, M|81\/100\n|-damage|p2a: Urshifu|56\/100|[from] Spikes\n|turn|44\n|\n|t:|1606764221\n|move|p2a: Urshifu|Sucker Punch|p1a: Boomer\n|-damage|p1a: Boomer|51\/100\n|-damage|p2a: Urshifu|46\/100|[from] item: Life Orb\n|move|p1a: Boomer|Grassy Glide|p2a: Urshifu\n|-damage|p2a: Urshifu|0 fnt\n|faint|p2a: Urshifu\n|\n|-heal|p1a: Boomer|57\/100|[from] Grassy Terrain\n|upkeep\n|\n|t:|1606764227\n|switch|p2a: Mamoswine|Mamoswine, M|100\/100\n|-damage|p2a: Mamoswine|76\/100|[from] Spikes\n|turn|45\n|\n|t:|1606764231\n|switch|p1a: Fire Boss|Heatran, M|47\/100\n|move|p2a: Mamoswine|Ice Shard|p1a: Fire Boss\n|-resisted|p1a: Fire Boss\n|-damage|p1a: Fire Boss|40\/100\n|-damage|p2a: Mamoswine|66\/100|[from] item: Life Orb\n|\n|-heal|p2a: Mamoswine|72\/100|[from] Grassy Terrain\n|-heal|p1a: Fire Boss|46\/100|[from] item: Leftovers\n|-heal|p1a: Fire Boss|53\/100|[from] Grassy Terrain\n|upkeep\n|turn|46\n|\n|t:|1606764236\n|move|p2a: Mamoswine|Earthquake|p1a: Fire Boss\n|-supereffective|p1a: Fire Boss\n|-damage|p1a: Fire Boss|0 fnt\n|-damage|p2a: Mamoswine|62\/100|[from] item: Life Orb\n|faint|p1a: Fire Boss\n|\n|-heal|p2a: Mamoswine|68\/100|[from] Grassy Terrain\n|upkeep\n|\n|t:|1606764239\n|switch|p1a: Sylvia|Sylveon, F|87\/100 brn\n|turn|47\n|\n|t:|1606764243\n|move|p2a: Mamoswine|Glacial Lance|p1a: Sylvia\n|-damage|p1a: Sylvia|11\/100 brn\n|-damage|p2a: Mamoswine|58\/100|[from] item: Life Orb\n|move|p1a: Sylvia|Glare|p2a: Mamoswine\n|-status|p2a: Mamoswine|par\n|\n|-heal|p1a: Sylvia|18\/100 brn|[from] item: Leftovers\n|-heal|p1a: Sylvia|24\/100 brn|[from] Grassy Terrain\n|-heal|p2a: Mamoswine|64\/100 par|[from] Grassy Terrain\n|-fieldend|move: Grassy Terrain\n|-damage|p1a: Sylvia|18\/100 brn|[from] brn\n|upkeep\n|turn|48\n|\n|t:|1606764254\n|cant|p2a: Mamoswine|par\n|move|p1a: Sylvia|Boomburst|p2a: Mamoswine\n|-damage|p2a: Mamoswine|0 fnt\n|faint|p2a: Mamoswine\n|\n|-heal|p1a: Sylvia|24\/100 brn|[from] item: Leftovers\n|-damage|p1a: Sylvia|18\/100 brn|[from] brn\n|upkeep\n|\n|t:|1606764261\n|switch|p2a: Tapu Bulu|Tapu Bulu|61\/100\n|-damage|p2a: Tapu Bulu|36\/100|[from] Spikes\n|-fieldstart|move: Grassy Terrain|[from] ability: Grassy Surge|[of] p2a: Tapu Bulu\n|turn|49\n|\n|t:|1606764267\n|move|p2a: Tapu Bulu|Horn Leech|p1a: Sylvia\n|-damage|p1a: Sylvia|0 fnt\n|-heal|p2a: Tapu Bulu|48\/100|[from] drain|[of] p1a: Sylvia\n|-damage|p2a: Tapu Bulu|38\/100|[from] item: Life Orb\n|faint|p1a: Sylvia\n|\n|-heal|p2a: Tapu Bulu|44\/100|[from] Grassy Terrain\n|upkeep\n|\n|t:|1606764269\n|switch|p1a: Boomer|Rillaboom, M|57\/100\n|turn|50\n|\n|t:|1606764285\n|move|p2a: Tapu Bulu|Close Combat|p1a: Boomer\n|-damage|p1a: Boomer|0 fnt\n|-unboost|p2a: Tapu Bulu|def|1\n|-unboost|p2a: Tapu Bulu|spd|1\n|-damage|p2a: Tapu Bulu|34\/100|[from] item: Life Orb\n|faint|p1a: Boomer\n|\n|-heal|p2a: Tapu Bulu|40\/100|[from] Grassy Terrain\n|upkeep\n|\n|t:|1606764290\n|switch|p1a: Rosy|Roserade, F|8\/100\n|turn|51\n|\n|t:|1606764293\n|switch|p1a: Crown|Toxapex, F|58\/100 brn\n|move|p2a: Tapu Bulu|Grassy Glide|p1a: Crown\n|-damage|p1a: Crown|11\/100 brn\n|-damage|p2a: Tapu Bulu|30\/100|[from] item: Life Orb\n|\n|-heal|p2a: Tapu Bulu|36\/100|[from] Grassy Terrain\n|-heal|p1a: Crown|17\/100 brn|[from] Grassy Terrain\n|-damage|p1a: Crown|11\/100 brn|[from] brn\n|upkeep\n|turn|52\n|\n|t:|1606764299\n|move|p2a: Tapu Bulu|Grassy Glide|p1a: Crown\n|-damage|p1a: Crown|0 fnt\n|-damage|p2a: Tapu Bulu|26\/100|[from] item: Life Orb\n|faint|p1a: Crown\n|\n|-heal|p2a: Tapu Bulu|33\/100|[from] Grassy Terrain\n|upkeep\n|\n|t:|1606764300\n|switch|p1a: Rosy|Roserade, F|8\/100\n|turn|53\n|\n|t:|1606764302\n|move|p2a: Tapu Bulu|Grassy Glide|p1a: Rosy\n|-resisted|p1a: Rosy\n|-damage|p1a: Rosy|0 fnt\n|-damage|p2a: Tapu Bulu|23\/100|[from] item: Life Orb\n|faint|p1a: Rosy\n|\n|win|Chegi\n|c|\u2606Chegi|too little too late\n|l|\u2606The Last Hero\n||Ladder (probably) updated, but score could not be retrieved (Request timeout).\n","uploadtime":1606764317,"views":18,"p1id":"thelasthero","p2id":"chegi","formatid":"gen8stabmons","rating":0,"private":0,"password":null}