{"id":"gen8ou-1650525971","p1":"LT94JE At","p2":"RTSG tests","format":"gen8ou","log":"|raw|<div class=\"broadcast-blue\"><strong>This battle is required to be public due to a player having a name starting with 'lt94je'.<\/div>\n|j|\u2606LT94JE At\n|j|\u2606RTSG tests\n|t:|1661720409\n|gametype|singles\n|player|p1|LT94JE At|unknown|1627\n|player|p2|RTSG tests|birdkeeper|1620\n|teamsize|p1|6\n|teamsize|p2|6\n|gen|8\n|tier|[Gen 8] OU\n|rated|\n|rule|Sleep Clause Mod: Limit one foe put to sleep\n|rule|Species Clause: Limit one of each Pok\u00e9mon\n|rule|OHKO Clause: OHKO moves are banned\n|rule|Evasion Items Clause: Evasion items are banned\n|rule|Evasion Moves Clause: Evasion moves are banned\n|rule|Endless Battle Clause: Forcing endless battles is banned\n|rule|HP Percentage Mod: HP is shown in percentages\n|rule|Dynamax Clause: You cannot dynamax\n|clearpoke\n|poke|p1|Landorus-Therian, M|\n|poke|p1|Zeraora|\n|poke|p1|Blacephalon|\n|poke|p1|Rillaboom, M|\n|poke|p1|Crawdaunt, M|\n|poke|p1|Corviknight, F|\n|poke|p2|Torkoal, M|\n|poke|p2|Venusaur, M|\n|poke|p2|Heatran, M|\n|poke|p2|Landorus-Therian, M|\n|poke|p2|Entei|\n|poke|p2|Shiftry, M|\n|teampreview\n|inactive|Battle timer is ON: inactive players will automatically lose when time's up. (requested by LT94JE At)\n|\n|t:|1661720418\n|start\n|switch|p1a: Landorus|Landorus-Therian, M|100\/100\n|switch|p2a: Torkoal|Torkoal, M|100\/100\n|-ability|p1a: Landorus|Intimidate|boost\n|-unboost|p2a: Torkoal|atk|1\n|-weather|SunnyDay|[from] ability: Drought|[of] p2a: Torkoal\n|turn|1\n|\n|t:|1661720421\n|switch|p2a: Landorus|Landorus-Therian, M|100\/100\n|-ability|p2a: Landorus|Intimidate|boost\n|-unboost|p1a: Landorus|atk|1\n|move|p1a: Landorus|Earthquake|p2a: Landorus\n|-immune|p2a: Landorus\n|\n|-weather|SunnyDay|[upkeep]\n|upkeep\n|turn|2\n|\n|t:|1661720424\n|move|p1a: Landorus|Stealth Rock|p2a: Landorus\n|-sidestart|p2: RTSG tests|move: Stealth Rock\n|move|p2a: Landorus|Toxic|p1a: Landorus\n|-status|p1a: Landorus|tox\n|\n|-weather|SunnyDay|[upkeep]\n|-damage|p1a: Landorus|95\/100 tox|[from] psn\n|upkeep\n|turn|3\n|\n|t:|1661720428\n|move|p1a: Landorus|Swords Dance|p1a: Landorus\n|-boost|p1a: Landorus|atk|2\n|move|p2a: Landorus|Defog|p1a: Landorus\n|-unboost|p1a: Landorus|evasion|1\n|-sideend|p2: RTSG tests|Stealth Rock|[from] move: Defog|[of] p2a: Landorus\n|\n|-weather|SunnyDay|[upkeep]\n|-damage|p1a: Landorus|83\/100 tox|[from] psn\n|upkeep\n|turn|4\n|\n|t:|1661720433\n|move|p1a: Landorus|Stealth Rock|p2a: Landorus\n|-sidestart|p2: RTSG tests|move: Stealth Rock\n|move|p2a: Landorus|U-turn|p1a: Landorus\n|-resisted|p1a: Landorus\n|-damage|p1a: Landorus|69\/100 tox\n|\n|t:|1661720436\n|switch|p2a: Shiftry|Shiftry, M|100\/100|[from]move: U-turn\n|-damage|p2a: Shiftry|88\/100|[from] Stealth Rock\n|\n|-weather|SunnyDay|[upkeep]\n|-damage|p1a: Landorus|52\/100 tox|[from] psn\n|upkeep\n|turn|5\n|\n|t:|1661720442\n|move|p2a: Shiftry|Knock Off|p1a: Landorus\n|-damage|p1a: Landorus|0 fnt\n|-enditem|p1a: Landorus|Focus Sash|[from] move: Knock Off|[of] p2a: Shiftry\n|faint|p1a: Landorus\n|-damage|p2a: Shiftry|78\/100|[from] item: Life Orb\n|\n|-weather|SunnyDay|[upkeep]\n|upkeep\n|\n|t:|1661720459\n|switch|p1a: Rillaboom|Rillaboom, M|100\/100\n|-fieldstart|move: Grassy Terrain|[from] ability: Grassy Surge|[of] p1a: Rillaboom\n|turn|6\n|\n|t:|1661720471\n|move|p2a: Shiftry|Knock Off|p1a: Rillaboom\n|-damage|p1a: Rillaboom|32\/100\n|-enditem|p1a: Rillaboom|Life Orb|[from] move: Knock Off|[of] p2a: Shiftry\n|-damage|p2a: Shiftry|68\/100|[from] item: Life Orb\n|move|p1a: Rillaboom|Superpower|p2a: Shiftry\n|-supereffective|p2a: Shiftry\n|-damage|p2a: Shiftry|0 fnt\n|-unboost|p1a: Rillaboom|atk|1\n|-unboost|p1a: Rillaboom|def|1\n|faint|p2a: Shiftry\n|\n|-weather|SunnyDay|[upkeep]\n|-heal|p1a: Rillaboom|38\/100|[from] Grassy Terrain\n|upkeep\n|\n|t:|1661720474\n|switch|p2a: Landorus|Landorus-Therian, M|100\/100\n|-damage|p2a: Landorus|88\/100|[from] Stealth Rock\n|-ability|p2a: Landorus|Intimidate|boost\n|-unboost|p1a: Rillaboom|atk|1\n|turn|7\n|\n|t:|1661720479\n|switch|p1a: Crawdaunt|Crawdaunt, M|100\/100\n|move|p2a: Landorus|Defog|p1a: Crawdaunt\n|-unboost|p1a: Crawdaunt|evasion|1\n|-sideend|p2: RTSG tests|Stealth Rock|[from] move: Defog|[of] p2a: Landorus\n|-fieldend|move: Grassy Terrain\n|\n|-weather|SunnyDay|[upkeep]\n|-heal|p2a: Landorus|94\/100|[from] item: Leftovers\n|upkeep\n|turn|8\n|\n|t:|1661720486\n|move|p1a: Crawdaunt|Knock Off|p2a: Landorus\n|-damage|p2a: Landorus|4\/100\n|-enditem|p2a: Landorus|Leftovers|[from] move: Knock Off|[of] p1a: Crawdaunt\n|move|p2a: Landorus|Earthquake|p1a: Crawdaunt\n|-damage|p1a: Crawdaunt|32\/100\n|\n|-weather|none\n|upkeep\n|turn|9\n|\n|t:|1661720491\n|move|p1a: Crawdaunt|Knock Off|p2a: Landorus\n|-damage|p2a: Landorus|0 fnt\n|faint|p2a: Landorus\n|\n|upkeep\n|\n|t:|1661720496\n|switch|p2a: Heatran|Heatran, M|100\/100\n|turn|10\n|\n|t:|1661720503\n|move|p2a: Heatran|Flamethrower|p1a: Crawdaunt\n|-resisted|p1a: Crawdaunt\n|-damage|p1a: Crawdaunt|0 fnt\n|faint|p1a: Crawdaunt\n|\n|upkeep\n|\n|t:|1661720508\n|switch|p1a: Blacephalon|Blacephalon|100\/100\n|turn|11\n|\n|t:|1661720510\n|move|p1a: Blacephalon|Shadow Ball|p2a: Heatran\n|-damage|p2a: Heatran|44\/100\n|-unboost|p2a: Heatran|spd|1\n|move|p2a: Heatran|Flamethrower|p1a: Blacephalon\n|-resisted|p1a: Blacephalon\n|-damage|p1a: Blacephalon|45\/100\n|\n|upkeep\n|turn|12\n|\n|t:|1661720520\n|move|p1a: Blacephalon|Shadow Ball|p2a: Heatran\n|-damage|p2a: Heatran|0 fnt\n|faint|p2a: Heatran\n|-ability|p1a: Blacephalon|Beast Boost|boost\n|-boost|p1a: Blacephalon|spa|1\n|\n|upkeep\n|\n|t:|1661720522\n|switch|p2a: Torkoal|Torkoal, M|100\/100\n|-weather|SunnyDay|[from] ability: Drought|[of] p2a: Torkoal\n|turn|13\n|\n|t:|1661720526\n|move|p1a: Blacephalon|Shadow Ball|p2a: Torkoal\n|-damage|p2a: Torkoal|7\/100\n|move|p2a: Torkoal|Lava Plume|p1a: Blacephalon\n|-resisted|p1a: Blacephalon\n|-damage|p1a: Blacephalon|13\/100\n|\n|-weather|SunnyDay|[upkeep]\n|upkeep\n|turn|14\n|\n|t:|1661720539\n|move|p1a: Blacephalon|Shadow Ball|p2a: Torkoal\n|-damage|p2a: Torkoal|0 fnt\n|faint|p2a: Torkoal\n|-ability|p1a: Blacephalon|Beast Boost|boost\n|-boost|p1a: Blacephalon|spa|1\n|\n|-weather|SunnyDay|[upkeep]\n|upkeep\n|\n|t:|1661720540\n|switch|p2a: Venusaur|Venusaur, M|100\/100\n|turn|15\n|\n|t:|1661720542\n|move|p2a: Venusaur|Weather Ball|p1a: Blacephalon\n|-resisted|p1a: Blacephalon\n|-damage|p1a: Blacephalon|0 fnt\n|faint|p1a: Blacephalon\n|-damage|p2a: Venusaur|91\/100|[from] item: Life Orb\n|\n|-weather|SunnyDay|[upkeep]\n|upkeep\n|\n|t:|1661720545\n|switch|p1a: Zeraora|Zeraora|100\/100\n|turn|16\n|\n|t:|1661720548\n|move|p2a: Venusaur|Growth|p2a: Venusaur\n|-boost|p2a: Venusaur|atk|2\n|-boost|p2a: Venusaur|spa|2\n|move|p1a: Zeraora|Knock Off|p2a: Venusaur\n|-damage|p2a: Venusaur|35\/100\n|-enditem|p2a: Venusaur|Life Orb|[from] move: Knock Off|[of] p1a: Zeraora\n|-damage|p1a: Zeraora|91\/100|[from] item: Life Orb\n|\n|-weather|SunnyDay|[upkeep]\n|upkeep\n|turn|17\n|\n|t:|1661720553\n|move|p2a: Venusaur|Giga Drain|p1a: Zeraora\n|-damage|p1a: Zeraora|5\/100\n|-heal|p2a: Venusaur|80\/100|[from] drain|[of] p1a: Zeraora\n|move|p1a: Zeraora|Knock Off|p2a: Venusaur\n|-damage|p2a: Venusaur|44\/100\n|-damage|p1a: Zeraora|0 fnt|[from] item: Life Orb\n|faint|p1a: Zeraora\n|\n|-weather|SunnyDay|[upkeep]\n|upkeep\n|-message|LT94JE At forfeited.\n|\n|win|RTSG tests\n|raw|LT94JE At's rating: 1627 &rarr; <strong>1607<\/strong><br \/>(-20 for losing)\n|raw|RTSG tests's rating: 1620 &rarr; <strong>1640<\/strong><br \/>(+20 for winning)\n|l|\u2606LT94JE At\n||Ladder isn't responding, score probably updated but might not have (Request timeout).\n","uploadtime":1661720563,"views":24,"p1id":"lt94jeat","p2id":"rtsgtests","formatid":"gen8ou","rating":1607,"private":0,"password":null}