{"id":"gen8ou-1555594713","p1":"Live The Chokes","p2":"fishy8995","format":"gen8ou","log":"|j|\u2606Live The Chokes\n|j|\u2606fishy8995\n|t:|1650233899\n|gametype|singles\n|player|p1|Live The Chokes|nurseryaide|1407\n|player|p2|fishy8995|2|1435\n|teamsize|p1|6\n|teamsize|p2|6\n|gen|8\n|tier|[Gen 8] OU\n|rated|\n|rule|Sleep Clause Mod: Limit one foe put to sleep\n|rule|Species Clause: Limit one of each Pok\u00e9mon\n|rule|OHKO Clause: OHKO moves are banned\n|rule|Evasion Moves Clause: Evasion moves are banned\n|rule|Endless Battle Clause: Forcing endless battles is banned\n|rule|HP Percentage Mod: HP is shown in percentages\n|rule|Dynamax Clause: You cannot dynamax\n|clearpoke\n|poke|p1|Victini|\n|poke|p1|Excadrill, M|\n|poke|p1|Buzzwole|\n|poke|p1|Hydreigon, F|\n|poke|p1|Rotom-Mow|\n|poke|p1|Sylveon, M|\n|poke|p2|Hippowdon, F|\n|poke|p2|Tyranitar, M|\n|poke|p2|Excadrill, F|\n|poke|p2|Dragonite, F|\n|poke|p2|Toxapex, F|\n|poke|p2|Dracozolt|\n|teampreview\n|\n|t:|1650233912\n|start\n|switch|p1a: Rotom|Rotom-Mow|100\/100\n|switch|p2a: Excadrill|Excadrill, F|100\/100\n|turn|1\n|\n|t:|1650233919\n|switch|p1a: Buzzwole|Buzzwole|100\/100\n|switch|p2a: Dragonite|Dragonite, F|100\/100\n|\n|upkeep\n|turn|2\n|\n|t:|1650233923\n|move|p1a: Buzzwole|Ice Punch|p2a: Dragonite\n|-supereffective|p2a: Dragonite\n|-damage|p2a: Dragonite|49\/100\n|move|p2a: Dragonite|Dual Wingbeat|p1a: Buzzwole\n|-supereffective|p1a: Buzzwole\n|-damage|p1a: Buzzwole|46\/100\n|-damage|p2a: Dragonite|33\/100|[from] item: Rocky Helmet|[of] p1a: Buzzwole\n|-supereffective|p1a: Buzzwole\n|-damage|p1a: Buzzwole|0 fnt\n|-damage|p2a: Dragonite|16\/100|[from] item: Rocky Helmet|[of] p1a: Buzzwole\n|faint|p1a: Buzzwole\n|-hitcount|p1: Buzzwole|2\n|\n|upkeep\n|\n|t:|1650233936\n|switch|p1a: Hydreigon|Hydreigon, F|100\/100\n|turn|3\n|\n|t:|1650233941\n|switch|p2a: Toxapex|Toxapex, F|100\/100\n|move|p1a: Hydreigon|Dark Pulse|p2a: Toxapex\n|-damage|p2a: Toxapex|74\/100\n|\n|-heal|p2a: Toxapex|80\/100|[from] item: Black Sludge\n|upkeep\n|turn|4\n|\n|t:|1650233944\n|move|p1a: Hydreigon|Nasty Plot|p1a: Hydreigon\n|-boost|p1a: Hydreigon|spa|2\n|move|p2a: Toxapex|Stockpile|p2a: Toxapex\n|-start|p2a: Toxapex|stockpile1\n|-boost|p2a: Toxapex|def|1\n|-boost|p2a: Toxapex|spd|1\n|\n|-heal|p2a: Toxapex|86\/100|[from] item: Black Sludge\n|upkeep\n|turn|5\n|\n|t:|1650233948\n|move|p1a: Hydreigon|Nasty Plot|p1a: Hydreigon\n|-boost|p1a: Hydreigon|spa|2\n|move|p2a: Toxapex|Toxic|p1a: Hydreigon\n|-status|p1a: Hydreigon|tox\n|\n|-heal|p2a: Toxapex|93\/100|[from] item: Black Sludge\n|-damage|p1a: Hydreigon|94\/100 tox|[from] psn\n|upkeep\n|turn|6\n|\n|t:|1650233953\n|move|p1a: Hydreigon|Earth Power|p2a: Toxapex\n|-supereffective|p2a: Toxapex\n|-damage|p2a: Toxapex|15\/100\n|move|p2a: Toxapex|Recover|p2a: Toxapex\n|-heal|p2a: Toxapex|65\/100\n|\n|-heal|p1a: Hydreigon|100\/100 tox|[from] item: Leftovers\n|-heal|p2a: Toxapex|71\/100|[from] item: Black Sludge\n|-damage|p1a: Hydreigon|88\/100 tox|[from] psn\n|upkeep\n|turn|7\n|\n|t:|1650233957\n|switch|p2a: Dragonite|Dragonite, F|16\/100\n|move|p1a: Hydreigon|Earth Power|p2a: Dragonite\n|-immune|p2a: Dragonite\n|\n|-heal|p1a: Hydreigon|94\/100 tox|[from] item: Leftovers\n|-damage|p1a: Hydreigon|76\/100 tox|[from] psn\n|upkeep\n|turn|8\n|\n|t:|1650233969\n|switch|p2a: Tyranitar|Tyranitar, M|100\/100\n|-weather|Sandstorm|[from] ability: Sand Stream|[of] p2a: Tyranitar\n|move|p1a: Hydreigon|Dark Pulse|p2a: Tyranitar\n|-resisted|p2a: Tyranitar\n|-damage|p2a: Tyranitar|66\/100\n|\n|-weather|Sandstorm|[upkeep]\n|-damage|p1a: Hydreigon|70\/100 tox|[from] Sandstorm\n|-heal|p1a: Hydreigon|76\/100 tox|[from] item: Leftovers\n|-damage|p1a: Hydreigon|51\/100 tox|[from] psn\n|upkeep\n|turn|9\n|\n|t:|1650233978\n|switch|p1a: Excadrill|Excadrill, M|100\/100\n|-ability|p1a: Excadrill|Mold Breaker\n|switch|p2a: Dragonite|Dragonite, F|16\/100\n|\n|-weather|Sandstorm|[upkeep]\n|-damage|p2a: Dragonite|10\/100|[from] Sandstorm\n|upkeep\n|turn|10\n|\n|t:|1650233982\n|move|p2a: Dragonite|Extreme Speed|p1a: Excadrill\n|-resisted|p1a: Excadrill\n|-crit|p1a: Excadrill\n|-damage|p1a: Excadrill|68\/100\n|move|p1a: Excadrill|Rapid Spin|p2a: Dragonite\n|-damage|p2a: Dragonite|0 fnt\n|-boost|p1a: Excadrill|spe|1\n|faint|p2a: Dragonite\n|\n|-weather|Sandstorm|[upkeep]\n|-heal|p1a: Excadrill|74\/100|[from] item: Leftovers\n|upkeep\n|\n|t:|1650233987\n|switch|p2a: Excadrill|Excadrill, F|100\/100\n|turn|11\n|\n|t:|1650233990\n|switch|p1a: Rotom|Rotom-Mow|100\/100\n|move|p2a: Excadrill|Earthquake|p1a: Rotom\n|-immune|p1a: Rotom|[from] ability: Levitate\n|\n|-weather|Sandstorm|[upkeep]\n|-damage|p1a: Rotom|94\/100|[from] Sandstorm\n|upkeep\n|turn|12\n|\n|t:|1650234001\n|switch|p2a: Toxapex|Toxapex, F|100\/100\n|move|p1a: Rotom|Volt Switch|p2a: Toxapex\n|-supereffective|p2a: Toxapex\n|-damage|p2a: Toxapex|61\/100\n|\n|t:|1650234007\n|switch|p1a: Excadrill|Excadrill, M|74\/100|[from]move: Volt Switch\n|-ability|p1a: Excadrill|Mold Breaker\n|\n|-weather|none\n|-heal|p1a: Excadrill|80\/100|[from] item: Leftovers\n|-heal|p2a: Toxapex|67\/100|[from] item: Black Sludge\n|upkeep\n|turn|13\n|\n|t:|1650234010\n|switch|p2a: Hippowdon|Hippowdon, F|100\/100\n|-weather|Sandstorm|[from] ability: Sand Stream|[of] p2a: Hippowdon\n|move|p1a: Excadrill|Earthquake|p2a: Hippowdon\n|-damage|p2a: Hippowdon|76\/100\n|\n|-weather|Sandstorm|[upkeep]\n|-heal|p1a: Excadrill|86\/100|[from] item: Leftovers\n|upkeep\n|turn|14\n|\n|t:|1650234017\n|switch|p1a: Rotom|Rotom-Mow|94\/100\n|move|p2a: Hippowdon|Stealth Rock|p1a: Rotom\n|-sidestart|p1: Live The Chokes|move: Stealth Rock\n|\n|-weather|Sandstorm|[upkeep]\n|-damage|p1a: Rotom|88\/100|[from] Sandstorm\n|upkeep\n|turn|15\n|\n|t:|1650234025\n|move|p1a: Rotom|Trick|p2a: Hippowdon\n|-activate|p1a: Rotom|move: Trick|[of] p2a: Hippowdon\n|-item|p2a: Hippowdon|Choice Scarf|[from] move: Trick\n|-item|p1a: Rotom|Smooth Rock|[from] move: Trick\n|move|p2a: Hippowdon|Toxic|p1a: Rotom\n|-status|p1a: Rotom|tox\n|\n|-weather|Sandstorm|[upkeep]\n|-damage|p1a: Rotom|82\/100 tox|[from] Sandstorm\n|-damage|p1a: Rotom|76\/100 tox|[from] psn\n|upkeep\n|turn|16\n|\n|t:|1650234035\n|switch|p2a: Toxapex|Toxapex, F|100\/100\n|move|p1a: Rotom|Volt Switch|p2a: Toxapex\n|-supereffective|p2a: Toxapex\n|-damage|p2a: Toxapex|62\/100\n|\n|t:|1650234038\n|switch|p1a: Excadrill|Excadrill, M|86\/100|[from]move: Volt Switch\n|-damage|p1a: Excadrill|83\/100|[from] Stealth Rock\n|-ability|p1a: Excadrill|Mold Breaker\n|\n|-weather|Sandstorm|[upkeep]\n|-damage|p2a: Toxapex|56\/100|[from] Sandstorm\n|-heal|p1a: Excadrill|89\/100|[from] item: Leftovers\n|-heal|p2a: Toxapex|62\/100|[from] item: Black Sludge\n|upkeep\n|turn|17\n|\n|t:|1650234042\n|switch|p2a: Hippowdon|Hippowdon, F|76\/100\n|move|p1a: Excadrill|Earthquake|p2a: Hippowdon\n|-damage|p2a: Hippowdon|53\/100\n|\n|-weather|Sandstorm|[upkeep]\n|-heal|p1a: Excadrill|95\/100|[from] item: Leftovers\n|upkeep\n|turn|18\n|\n|t:|1650234049\n|move|p1a: Excadrill|Rapid Spin|p2a: Hippowdon\n|-damage|p2a: Hippowdon|45\/100\n|-boost|p1a: Excadrill|spe|1\n|-sideend|p1: Live The Chokes|Stealth Rock|[from] move: Rapid Spin|[of] p1a: Excadrill\n|move|p2a: Hippowdon|Slack Off|p2a: Hippowdon\n|-heal|p2a: Hippowdon|95\/100\n|\n|-weather|Sandstorm|[upkeep]\n|-heal|p1a: Excadrill|100\/100|[from] item: Leftovers\n|upkeep\n|turn|19\n|\n|t:|1650234053\n|switch|p2a: Toxapex|Toxapex, F|96\/100\n|move|p1a: Excadrill|Earthquake|p2a: Toxapex\n|-supereffective|p2a: Toxapex\n|-damage|p2a: Toxapex|28\/100\n|\n|-weather|Sandstorm|[upkeep]\n|-damage|p2a: Toxapex|22\/100|[from] Sandstorm\n|-heal|p2a: Toxapex|28\/100|[from] item: Black Sludge\n|upkeep\n|turn|20\n|\n|t:|1650234057\n|switch|p2a: Hippowdon|Hippowdon, F|95\/100\n|move|p1a: Excadrill|Earthquake|p2a: Hippowdon\n|-damage|p2a: Hippowdon|70\/100\n|\n|-weather|none\n|upkeep\n|turn|21\n|\n|t:|1650234061\n|switch|p1a: Hydreigon|Hydreigon, F|51\/100 tox\n|move|p2a: Hippowdon|Roar|p1a: Hydreigon\n|drag|p1a: Rotom|Rotom-Mow|76\/100 tox\n|\n|-damage|p1a: Rotom|69\/100 tox|[from] psn\n|upkeep\n|turn|22\n|\n|t:|1650234070\n|switch|p2a: Tyranitar|Tyranitar, M|66\/100\n|-weather|Sandstorm|[from] ability: Sand Stream|[of] p2a: Tyranitar\n|move|p1a: Rotom|Leaf Storm|p2a: Tyranitar\n|-supereffective|p2a: Tyranitar\n|-damage|p2a: Tyranitar|0 fnt\n|-unboost|p1a: Rotom|spa|2\n|faint|p2a: Tyranitar\n|\n|-weather|Sandstorm|[upkeep]\n|-damage|p1a: Rotom|63\/100 tox|[from] Sandstorm\n|-damage|p1a: Rotom|51\/100 tox|[from] psn\n|upkeep\n|\n|t:|1650234076\n|switch|p2a: Dracozolt|Dracozolt|100\/100\n|turn|23\n|\n|t:|1650234085\n|switch|p1a: Sylveon|Sylveon, M, shiny|100\/100\n|move|p2a: Dracozolt|Flamethrower|p1a: Sylveon\n|-damage|p1a: Sylveon|86\/100\n|-damage|p2a: Dracozolt|91\/100|[from] item: Life Orb\n|\n|-weather|Sandstorm|[upkeep]\n|-damage|p1a: Sylveon|80\/100|[from] Sandstorm\n|-heal|p1a: Sylveon|86\/100|[from] item: Leftovers\n|upkeep\n|turn|24\n|\n|t:|1650234094\n|move|p1a: Sylveon|Protect|p1a: Sylveon\n|-singleturn|p1a: Sylveon|Protect\n|move|p2a: Dracozolt|Bolt Beak|p1a: Sylveon\n|-activate|p1a: Sylveon|move: Protect\n|\n|-weather|Sandstorm|[upkeep]\n|-damage|p1a: Sylveon|80\/100|[from] Sandstorm\n|-heal|p1a: Sylveon|86\/100|[from] item: Leftovers\n|upkeep\n|turn|25\n|\n|t:|1650234098\n|move|p2a: Dracozolt|Bolt Beak|p1a: Sylveon\n|-damage|p1a: Sylveon|3\/100\n|-damage|p2a: Dracozolt|81\/100|[from] item: Life Orb\n|move|p1a: Sylveon|Hyper Voice|p2a: Dracozolt\n|-supereffective|p2a: Dracozolt\n|-damage|p2a: Dracozolt|0 fnt\n|faint|p2a: Dracozolt\n|\n|-weather|Sandstorm|[upkeep]\n|-damage|p1a: Sylveon|0 fnt|[from] Sandstorm\n|faint|p1a: Sylveon\n|upkeep\n|\n|t:|1650234109\n|switch|p2a: Excadrill|Excadrill, F|100\/100\n|switch|p1a: Rotom|Rotom-Mow|51\/100 tox\n|turn|26\n|\n|t:|1650234115\n|move|p2a: Excadrill|Swords Dance|p2a: Excadrill\n|-boost|p2a: Excadrill|atk|2\n|move|p1a: Rotom|Leaf Storm|p2a: Excadrill\n|-damage|p2a: Excadrill|18\/100\n|-unboost|p1a: Rotom|spa|2\n|\n|-weather|none\n|-damage|p1a: Rotom|44\/100 tox|[from] psn\n|upkeep\n|turn|27\n|\n|t:|1650234134\n|switch|p1a: Victini|Victini|100\/100\n|switch|p2a: Hippowdon|Hippowdon, F|70\/100\n|-weather|Sandstorm|[from] ability: Sand Stream|[of] p2a: Hippowdon\n|\n|-weather|Sandstorm|[upkeep]\n|-damage|p1a: Victini|94\/100|[from] Sandstorm\n|upkeep\n|turn|28\n|\n|t:|1650234139\n|switch|p2a: Toxapex|Toxapex, F|62\/100\n|move|p1a: Victini|V-create|p2a: Toxapex\n|-resisted|p2a: Toxapex\n|-damage|p2a: Toxapex|33\/100\n|-unboost|p1a: Victini|spe|1\n|-unboost|p1a: Victini|def|1\n|-unboost|p1a: Victini|spd|1\n|\n|-weather|Sandstorm|[upkeep]\n|-damage|p1a: Victini|88\/100|[from] Sandstorm\n|-damage|p2a: Toxapex|27\/100|[from] Sandstorm\n|-heal|p2a: Toxapex|33\/100|[from] item: Black Sludge\n|upkeep\n|turn|29\n|\n|t:|1650234146\n|move|p1a: Victini|Bolt Strike|p2a: Toxapex\n|-supereffective|p2a: Toxapex\n|-damage|p2a: Toxapex|0 fnt\n|faint|p2a: Toxapex\n|\n|-weather|Sandstorm|[upkeep]\n|-damage|p1a: Victini|82\/100|[from] Sandstorm\n|upkeep\n|\n|t:|1650234149\n|switch|p2a: Excadrill|Excadrill, F|18\/100\n|turn|30\n|\n|t:|1650234155\n|move|p2a: Excadrill|Rock Slide|p1a: Victini\n|-supereffective|p1a: Victini\n|-damage|p1a: Victini|0 fnt\n|faint|p1a: Victini\n|\n|-weather|Sandstorm|[upkeep]\n|upkeep\n|\n|t:|1650234159\n|switch|p1a: Rotom|Rotom-Mow|44\/100 tox\n|turn|31\n|\n|t:|1650234164\n|move|p2a: Excadrill|Rock Slide|p1a: Rotom\n|-damage|p1a: Rotom|3\/100 tox\n|move|p1a: Rotom|Leaf Storm|p2a: Excadrill\n|-damage|p2a: Excadrill|0 fnt\n|-unboost|p1a: Rotom|spa|2\n|faint|p2a: Excadrill\n|\n|-weather|none\n|-damage|p1a: Rotom|0 fnt|[from] psn\n|faint|p1a: Rotom\n|upkeep\n|\n|t:|1650234168\n|switch|p1a: Excadrill|Excadrill, M|100\/100\n|switch|p2a: Hippowdon|Hippowdon, F|70\/100\n|-ability|p1a: Excadrill|Mold Breaker\n|-weather|Sandstorm|[from] ability: Sand Stream|[of] p2a: Hippowdon\n|turn|32\n|-message|fishy8995 forfeited.\n|\n|win|Live The Chokes\n|raw|Live The Chokes's rating: 1407 &rarr; <strong>1429<\/strong><br \/>(+22 for winning)\n|raw|fishy8995's rating: 1435 &rarr; <strong>1413<\/strong><br \/>(-22 for losing)\n|l|\u2606fishy8995\n||Ladder isn't responding, score probably updated but might not have (Request timeout).\n","uploadtime":1650234180,"views":28,"p1id":"livethechokes","p2id":"fishy8995","formatid":"gen8ou","rating":1413,"private":0,"password":null}