{"id":"gen8ou-1631741676","p1":"reionatro","p2":"Lt91bb stock972","format":"gen8ou","log":"|j|\u2606reionatro\n|j|\u2606Lt91bb stock972\n|t:|1659573867\n|gametype|singles\n|player|p1|reionatro|2|1844\n|player|p2|Lt91bb stock972|preschooler-gen6|1807\n|teamsize|p1|6\n|teamsize|p2|6\n|gen|8\n|tier|[Gen 8] OU\n|rated|\n|rule|Sleep Clause Mod: Limit one foe put to sleep\n|rule|Species Clause: Limit one of each Pok\u00e9mon\n|rule|OHKO Clause: OHKO moves are banned\n|rule|Evasion Moves Clause: Evasion moves are banned\n|rule|Endless Battle Clause: Forcing endless battles is banned\n|rule|HP Percentage Mod: HP is shown in percentages\n|rule|Dynamax Clause: You cannot dynamax\n|clearpoke\n|poke|p1|Nihilego|\n|poke|p1|Zapdos-Galar|\n|poke|p1|Kartana|\n|poke|p1|Celesteela|\n|poke|p1|Garchomp, F|\n|poke|p1|Tapu Fini|\n|poke|p2|Dragapult, M|\n|poke|p2|Urshifu-*, F|\n|poke|p2|Zapdos|\n|poke|p2|Heatran, M|\n|poke|p2|Slowking, F|\n|poke|p2|Landorus-Therian, M|\n|teampreview\n|c|\u2606reionatro|hf\n|c|\u2606Lt91bb stock972|h_f\n|inactive|Battle timer is ON: inactive players will automatically lose when time's up. (requested by Lt91bb stock972)\n|\n|t:|1659573913\n|start\n|switch|p1a: Kartana|Kartana|100\/100\n|switch|p2a: Urshifu|Urshifu-Rapid-Strike, F|100\/100\n|turn|1\n|\n|t:|1659573926\n|move|p1a: Kartana|Knock Off|p2a: Urshifu\n|-resisted|p2a: Urshifu\n|-damage|p2a: Urshifu|78\/100\n|-enditem|p2a: Urshifu|Protective Pads|[from] move: Knock Off|[of] p1a: Kartana\n|move|p2a: Urshifu|Close Combat|p1a: Kartana\n|-supereffective|p1a: Kartana\n|-damage|p1a: Kartana|0 fnt\n|-unboost|p2a: Urshifu|def|1\n|-unboost|p2a: Urshifu|spd|1\n|faint|p1a: Kartana\n|\n|upkeep\n|inactive|reionatro has 120 seconds left.\n|c|\u2606Lt91bb stock972|test\n|inactive|reionatro has 90 seconds left.\n|\n|t:|1659573983\n|switch|p1a: Tapu Fini|Tapu Fini|100\/100\n|-fieldstart|move: Misty Terrain|[from] ability: Misty Surge|[of] p1a: Tapu Fini\n|turn|2\n|\n|t:|1659573989\n|switch|p2a: Heatran|Heatran, M|100\/100\n|move|p1a: Tapu Fini|Calm Mind|p1a: Tapu Fini\n|-boost|p1a: Tapu Fini|spa|1\n|-boost|p1a: Tapu Fini|spd|1\n|\n|upkeep\n|turn|3\n|\n|t:|1659573995\n|switch|p2a: Zapdos|Zapdos, shiny|100\/100\n|move|p1a: Tapu Fini|Calm Mind|p1a: Tapu Fini\n|-boost|p1a: Tapu Fini|spa|1\n|-boost|p1a: Tapu Fini|spd|1\n|\n|upkeep\n|turn|4\n|inactive|reionatro has 90 seconds left.\n|\n|t:|1659574026\n|move|p2a: Zapdos|Volt Switch|p1a: Tapu Fini\n|-supereffective|p1a: Tapu Fini\n|-damage|p1a: Tapu Fini|69\/100\n|\n|t:|1659574029\n|switch|p2a: Slowking|Slowking, F|100\/100|[from]move: Volt Switch\n|move|p1a: Tapu Fini|Scald|p2a: Slowking\n|-resisted|p2a: Slowking\n|-damage|p2a: Slowking|84\/100\n|-enditem|p2a: Slowking|Eject Button\n|\n|t:|1659574031\n|switch|p2a: Zapdos|Zapdos, shiny|100\/100\n|\n|-heal|p1a: Tapu Fini|75\/100|[from] item: Leftovers\n|upkeep\n|turn|5\n|\n|t:|1659574039\n|move|p2a: Zapdos|Volt Switch|p1a: Tapu Fini\n|-supereffective|p1a: Tapu Fini\n|-damage|p1a: Tapu Fini|44\/100\n|\n|t:|1659574045\n|switch|p2a: Slowking|Slowking, F|100\/100|[from]move: Volt Switch\n|move|p1a: Tapu Fini|Draining Kiss|p2a: Slowking\n|-damage|p2a: Slowking|78\/100\n|-heal|p1a: Tapu Fini|63\/100|[from] drain|[of] p2a: Slowking\n|\n|-heal|p1a: Tapu Fini|69\/100|[from] item: Leftovers\n|upkeep\n|turn|6\n|j| hariyana grande\n|\n|t:|1659574053\n|move|p1a: Tapu Fini|Taunt|p2a: Slowking\n|-start|p2a: Slowking|move: Taunt\n|cant|p2a: Slowking|move: Taunt|Teleport\n|\n|-heal|p1a: Tapu Fini|75\/100|[from] item: Leftovers\n|-fieldend|Misty Terrain\n|upkeep\n|turn|7\n|\n|t:|1659574069\n|switch|p2a: Zapdos|Zapdos, shiny|100\/100\n|move|p1a: Tapu Fini|Calm Mind|p1a: Tapu Fini\n|-boost|p1a: Tapu Fini|spa|1\n|-boost|p1a: Tapu Fini|spd|1\n|\n|-heal|p1a: Tapu Fini|81\/100|[from] item: Leftovers\n|upkeep\n|turn|8\n|\n|t:|1659574074\n|move|p2a: Zapdos|Toxic|p1a: Tapu Fini\n|-status|p1a: Tapu Fini|tox\n|move|p1a: Tapu Fini|Draining Kiss|p2a: Zapdos\n|-damage|p2a: Zapdos|61\/100\n|-heal|p1a: Tapu Fini|100\/100 tox|[from] drain|[of] p2a: Zapdos\n|\n|-damage|p1a: Tapu Fini|94\/100 tox|[from] psn\n|upkeep\n|turn|9\n|inactive|reionatro has 120 seconds left.\n|c|\u2606Lt91bb stock972|rip\n|\n|t:|1659574087\n|move|p2a: Zapdos|Roost|p2a: Zapdos\n|-heal|p2a: Zapdos|100\/100\n|-singleturn|p2a: Zapdos|move: Roost\n|move|p1a: Tapu Fini|Scald|p2a: Zapdos\n|-damage|p2a: Zapdos|29\/100\n|\n|-heal|p1a: Tapu Fini|100\/100 tox|[from] item: Leftovers\n|-damage|p1a: Tapu Fini|88\/100 tox|[from] psn\n|upkeep\n|turn|10\n|inactive|reionatro has 120 seconds left.\n|\n|t:|1659574093\n|move|p2a: Zapdos|Volt Switch|p1a: Tapu Fini\n|-supereffective|p1a: Tapu Fini\n|-damage|p1a: Tapu Fini|65\/100 tox\n|\n|t:|1659574095\n|switch|p2a: Slowking|Slowking, F|100\/100|[from]move: Volt Switch\n|move|p1a: Tapu Fini|Scald|p2a: Slowking\n|-resisted|p2a: Slowking\n|-damage|p2a: Slowking|79\/100\n|-status|p2a: Slowking|brn\n|\n|-heal|p1a: Tapu Fini|71\/100 tox|[from] item: Leftovers\n|-damage|p1a: Tapu Fini|53\/100 tox|[from] psn\n|-damage|p2a: Slowking|73\/100 brn|[from] brn\n|upkeep\n|turn|11\n|\n|t:|1659574101\n|move|p1a: Tapu Fini|Taunt|p2a: Slowking\n|-start|p2a: Slowking|move: Taunt\n|cant|p2a: Slowking|move: Taunt|Teleport\n|\n|-heal|p1a: Tapu Fini|59\/100 tox|[from] item: Leftovers\n|-damage|p1a: Tapu Fini|34\/100 tox|[from] psn\n|-damage|p2a: Slowking|67\/100 brn|[from] brn\n|upkeep\n|turn|12\n|\n|t:|1659574104\n|switch|p2a: Heatran|Heatran, M|100\/100\n|move|p1a: Tapu Fini|Draining Kiss|p2a: Heatran\n|-resisted|p2a: Heatran\n|-damage|p2a: Heatran|93\/100\n|-heal|p1a: Tapu Fini|41\/100 tox|[from] drain|[of] p2a: Heatran\n|\n|-heal|p1a: Tapu Fini|47\/100 tox|[from] item: Leftovers\n|-heal|p2a: Heatran|99\/100|[from] item: Leftovers\n|-damage|p1a: Tapu Fini|17\/100 tox|[from] psn\n|upkeep\n|turn|13\n|\n|t:|1659574109\n|switch|p2a: Slowking|Slowking, F|99\/100 brn\n|move|p1a: Tapu Fini|Scald|p2a: Slowking\n|-resisted|p2a: Slowking\n|-damage|p2a: Slowking|79\/100 brn\n|\n|-heal|p1a: Tapu Fini|23\/100 tox|[from] item: Leftovers\n|-damage|p1a: Tapu Fini|0 fnt|[from] psn\n|faint|p1a: Tapu Fini\n|-damage|p2a: Slowking|73\/100 brn|[from] brn\n|upkeep\n|\n|t:|1659574120\n|switch|p1a: Zapdos|Zapdos-Galar|100\/100\n|turn|14\n|\n|t:|1659574126\n|switch|p2a: Heatran|Heatran, M|99\/100\n|move|p1a: Zapdos|Brave Bird|p2a: Heatran\n|-resisted|p2a: Heatran\n|-damage|p2a: Heatran|68\/100\n|-damage|p1a: Zapdos|88\/100|[from] Recoil\n|\n|-heal|p2a: Heatran|74\/100|[from] item: Leftovers\n|upkeep\n|turn|15\n|\n|t:|1659574141\n|switch|p1a: Garchomp|Garchomp, F|100\/100\n|move|p2a: Heatran|Will-O-Wisp|p1a: Garchomp\n|-status|p1a: Garchomp|brn\n|\n|-heal|p2a: Heatran|80\/100|[from] item: Leftovers\n|-damage|p1a: Garchomp|94\/100 brn|[from] brn\n|upkeep\n|turn|16\n|\n|t:|1659574146\n|switch|p2a: Landorus|Landorus-Therian, M, shiny|100\/100\n|-ability|p2a: Landorus|Intimidate|boost\n|-unboost|p1a: Garchomp|atk|1\n|move|p1a: Garchomp|Stealth Rock|p2a: Landorus\n|-sidestart|p2: Lt91bb stock972|move: Stealth Rock\n|\n|-damage|p1a: Garchomp|88\/100 brn|[from] brn\n|upkeep\n|turn|17\n|\n|t:|1659574150\n|move|p1a: Garchomp|Toxic|p2a: Landorus\n|-status|p2a: Landorus|tox\n|move|p2a: Landorus|Defog|p1a: Garchomp\n|-unboost|p1a: Garchomp|evasion|1\n|-sideend|p2: Lt91bb stock972|Stealth Rock|[from] move: Defog|[of] p2a: Landorus\n|\n|-damage|p2a: Landorus|94\/100 tox|[from] psn\n|-damage|p1a: Garchomp|82\/100 brn|[from] brn\n|upkeep\n|turn|18\n|\n|t:|1659574154\n|move|p1a: Garchomp|Stealth Rock|p2a: Landorus\n|-sidestart|p2: Lt91bb stock972|move: Stealth Rock\n|move|p2a: Landorus|Earthquake|p1a: Garchomp\n|-damage|p1a: Garchomp|40\/100 brn\n|\n|-heal|p2a: Landorus|100\/100 tox|[from] item: Leftovers\n|-damage|p2a: Landorus|88\/100 tox|[from] psn\n|-damage|p1a: Garchomp|34\/100 brn|[from] brn\n|upkeep\n|turn|19\n|\n|t:|1659574158\n|switch|p1a: Zapdos|Zapdos-Galar|88\/100\n|move|p2a: Landorus|U-turn|p1a: Zapdos\n|-resisted|p1a: Zapdos\n|-damage|p1a: Zapdos|82\/100\n|\n|t:|1659574161\n|switch|p2a: Slowking|Slowking, F|100\/100 brn|[from]move: U-turn\n|-damage|p2a: Slowking|88\/100 brn|[from] Stealth Rock\n|\n|-damage|p2a: Slowking|82\/100 brn|[from] brn\n|upkeep\n|turn|20\n|\n|t:|1659574172\n|switch|p2a: Heatran|Heatran, M|80\/100\n|-damage|p2a: Heatran|68\/100|[from] Stealth Rock\n|move|p1a: Zapdos|Brave Bird|p2a: Heatran\n|-resisted|p2a: Heatran\n|-damage|p2a: Heatran|39\/100\n|-damage|p1a: Zapdos|71\/100|[from] Recoil\n|\n|-heal|p2a: Heatran|46\/100|[from] item: Leftovers\n|upkeep\n|turn|21\n|\n|t:|1659574179\n|move|p1a: Zapdos|Brave Bird|p2a: Heatran\n|-resisted|p2a: Heatran\n|-damage|p2a: Heatran|14\/100\n|-status|p1a: Zapdos|brn|[from] ability: Flame Body|[of] p2a: Heatran\n|-damage|p1a: Zapdos|58\/100 brn|[from] Recoil\n|move|p2a: Heatran|Stealth Rock|p1a: Zapdos\n|-sidestart|p1: reionatro|move: Stealth Rock\n|\n|-heal|p2a: Heatran|20\/100|[from] item: Leftovers\n|-damage|p1a: Zapdos|52\/100 brn|[from] brn\n|upkeep\n|turn|22\n|\n|t:|1659574185\n|move|p1a: Zapdos|Brave Bird|p2a: Heatran\n|-resisted|p2a: Heatran\n|-damage|p2a: Heatran|6\/100\n|-damage|p1a: Zapdos|46\/100 brn|[from] Recoil\n|move|p2a: Heatran|Magma Storm|p1a: Zapdos\n|-damage|p1a: Zapdos|0 fnt\n|faint|p1a: Zapdos\n|\n|-heal|p2a: Heatran|12\/100|[from] item: Leftovers\n|upkeep\n|inactive|reionatro has 120 seconds left.\n|\n|t:|1659574218\n|switch|p1a: Nihilego|Nihilego|100\/100\n|-damage|p1a: Nihilego|88\/100|[from] Stealth Rock\n|turn|23\n|inactive|reionatro has 120 seconds left.\n|\n|t:|1659574246\n|move|p1a: Nihilego|Meteor Beam||[still]\n|-prepare|p1a: Nihilego|Meteor Beam\n|-boost|p1a: Nihilego|spa|1\n|-enditem|p1a: Nihilego|Power Herb\n|-anim|p1a: Nihilego|Meteor Beam|p2a: Heatran\n|-damage|p2a: Heatran|0 fnt\n|faint|p2a: Heatran\n|-ability|p1a: Nihilego|Beast Boost|boost\n|-boost|p1a: Nihilego|spe|1\n|\n|upkeep\n|\n|t:|1659574254\n|switch|p2a: Landorus|Landorus-Therian, M, shiny|88\/100 tox\n|-damage|p2a: Landorus|76\/100 tox|[from] Stealth Rock\n|-ability|p2a: Landorus|Intimidate|boost\n|-unboost|p1a: Nihilego|atk|1\n|turn|24\n|\n|t:|1659574269\n|move|p1a: Nihilego|Power Gem|p2a: Landorus\n|-damage|p2a: Landorus|32\/100 tox\n|move|p2a: Landorus|Earthquake|p1a: Nihilego\n|-supereffective|p1a: Nihilego\n|-damage|p1a: Nihilego|0 fnt\n|faint|p1a: Nihilego\n|\n|-heal|p2a: Landorus|38\/100 tox|[from] item: Leftovers\n|-damage|p2a: Landorus|32\/100 tox|[from] psn\n|upkeep\n|\n|t:|1659574275\n|switch|p1a: Celesteela|Celesteela|100\/100\n|-damage|p1a: Celesteela|88\/100|[from] Stealth Rock\n|turn|25\n|\n|t:|1659574281\n|move|p2a: Landorus|Knock Off|p1a: Celesteela\n|-damage|p1a: Celesteela|60\/100\n|-enditem|p1a: Celesteela|Power Herb|[from] move: Knock Off|[of] p2a: Landorus\n|move|p1a: Celesteela|Autotomize|p1a: Celesteela\n|-boost|p1a: Celesteela|spe|2\n|-start|p1a: Celesteela|Autotomize\n|\n|-heal|p2a: Landorus|38\/100 tox|[from] item: Leftovers\n|-damage|p2a: Landorus|26\/100 tox|[from] psn\n|upkeep\n|turn|26\n|\n|t:|1659574302\n|switch|p2a: Slowking|Slowking, F|100\/100 brn\n|-damage|p2a: Slowking|88\/100 brn|[from] Stealth Rock\n|move|p1a: Celesteela|Meteor Beam||[still]\n|-prepare|p1a: Celesteela|Meteor Beam\n|-boost|p1a: Celesteela|spa|1\n|\n|-damage|p2a: Slowking|82\/100 brn|[from] brn\n|upkeep\n|turn|27\n|\n|t:|1659574307\n|move|p1a: Celesteela|Meteor Beam|p2a: Slowking|[from]lockedmove\n|-damage|p2a: Slowking|44\/100 brn\n|move|p2a: Slowking|Scald|p1a: Celesteela\n|-damage|p1a: Celesteela|33\/100\n|\n|-damage|p2a: Slowking|38\/100 brn|[from] brn\n|upkeep\n|turn|28\n|\n|t:|1659574335\n|move|p1a: Celesteela|Air Slash|p2a: Slowking\n|-damage|p2a: Slowking|0 fnt\n|faint|p2a: Slowking\n|-ability|p1a: Celesteela|Beast Boost|boost\n|-boost|p1a: Celesteela|spa|1\n|\n|upkeep\n|inactive|Lt91bb stock972 has 120 seconds left.\n|\n|t:|1659574351\n|switch|p2a: Dragapult|Dragapult, M, shiny|100\/100\n|-damage|p2a: Dragapult|88\/100|[from] Stealth Rock\n|turn|29\n|c|\u2606Lt91bb stock972|my calc\n|c|\u2606Lt91bb stock972|did wrong\n|c|\u2606Lt91bb stock972|wtf\n|c|\u2606reionatro|me too\n|c|\u2606reionatro|i thought i had to flinch lol\n|\n|t:|1659574377\n|move|p1a: Celesteela|Air Slash|p2a: Dragapult\n|-damage|p2a: Dragapult|0 fnt\n|faint|p2a: Dragapult\n|-ability|p1a: Celesteela|Beast Boost|boost\n|-boost|p1a: Celesteela|spa|1\n|\n|upkeep\n|c|\u2606Lt91bb stock972|same\n|-message|Lt91bb stock972 forfeited.\n|\n|win|reionatro\n|raw|reionatro's rating: 1844 &rarr; <strong>1862<\/strong><br \/>(+18 for winning)\n|raw|Lt91bb stock972's rating: 1807 &rarr; <strong>1789<\/strong><br \/>(-18 for losing)\n|l|\u2606Lt91bb stock972\n|c|\u2606reionatro|gg\n||Ladder isn't responding, score probably updated but might not have (Request timeout).\n","uploadtime":1659574390,"views":64,"p1id":"reionatro","p2id":"lt91bbstock972","formatid":"gen8ou","rating":1789,"private":0,"password":null}