{"id":"gen8bdspubers-1540694651","p1":"Ill Leave","p2":"slingshot279","format":"gen8bdspubers","log":"|j|\u2606Ill Leave\n|j|\u2606slingshot279\n|inactive|Battle timer is ON: inactive players will automatically lose when time's up.\n|t:|1648487374\n|gametype|singles\n|player|p1|Ill Leave|janine|\n|player|p2|slingshot279|170|\n|teamsize|p1|6\n|teamsize|p2|6\n|gen|8\n|tier|[Gen 8 BDSP] Ubers\n|rated|Tournament battle\n|rule|Sleep Clause Mod: Limit one foe put to sleep\n|rule|Species Clause: Limit one of each Pok\u00e9mon\n|rule|OHKO Clause: OHKO moves are banned\n|rule|Evasion Moves Clause: Evasion moves are banned\n|rule|Endless Battle Clause: Forcing endless battles is banned\n|rule|HP Percentage Mod: HP is shown in percentages\n|clearpoke\n|poke|p1|Giratina|\n|poke|p1|Weezing, F|\n|poke|p1|Shaymin-Sky|\n|poke|p1|Dialga|\n|poke|p1|Groudon|\n|poke|p1|Arceus-*|\n|poke|p2|Blissey, F|\n|poke|p2|Clefable, F|\n|poke|p2|Forretress, M|\n|poke|p2|Gastrodon, F|\n|poke|p2|Lugia|\n|poke|p2|Quagsire, F|\n|teampreview\n|c|\u2606Ill Leave|man....\n|inactive|Ill Leave has 120 seconds left.\n|\n|t:|1648487404\n|start\n|switch|p1a: Groudon|Groudon|100\/100\n|switch|p2a: Blissey|Blissey, F|100\/100\n|-weather|SunnyDay|[from] ability: Drought|[of] p1a: Groudon\n|turn|1\n|c|\u2606slingshot279|>:)\n|\n|t:|1648487415\n|switch|p2a: Quagsire|Quagsire, F|100\/100\n|move|p1a: Groudon|Earthquake|p2a: Quagsire\n|-damage|p2a: Quagsire|64\/100\n|\n|-weather|SunnyDay|[upkeep]\n|-heal|p2a: Quagsire|71\/100|[from] item: Leftovers\n|upkeep\n|turn|2\n|\n|t:|1648487420\n|move|p1a: Groudon|Stealth Rock|p2a: Quagsire\n|-sidestart|p2: slingshot279|move: Stealth Rock\n|move|p2a: Quagsire|Recover|p2a: Quagsire\n|-heal|p2a: Quagsire|100\/100\n|\n|-weather|SunnyDay|[upkeep]\n|upkeep\n|turn|3\n|\n|t:|1648487424\n|switch|p1a: Weezing|Weezing, F|100\/100\n|move|p2a: Quagsire|Toxic|p1a: Weezing\n|-immune|p1a: Weezing\n|\n|-weather|SunnyDay|[upkeep]\n|upkeep\n|turn|4\n|\n|t:|1648487436\n|switch|p2a: Blissey|Blissey, F|100\/100\n|-damage|p2a: Blissey|88\/100|[from] Stealth Rock\n|move|p1a: Weezing|Toxic|p2a: Blissey\n|-status|p2a: Blissey|tox\n|\n|-weather|SunnyDay|[upkeep]\n|-heal|p2a: Blissey|94\/100 tox|[from] item: Leftovers\n|-damage|p2a: Blissey|88\/100 tox|[from] psn\n|upkeep\n|turn|5\n|\n|t:|1648487440\n|move|p1a: Weezing|Toxic Spikes|p2a: Blissey\n|-sidestart|p2: slingshot279|move: Toxic Spikes\n|move|p2a: Blissey|Stealth Rock|p1a: Weezing\n|-sidestart|p1: Ill Leave|move: Stealth Rock\n|\n|-weather|none\n|-heal|p2a: Blissey|94\/100 tox|[from] item: Leftovers\n|-damage|p2a: Blissey|82\/100 tox|[from] psn\n|upkeep\n|turn|6\n|\n|t:|1648487446\n|switch|p1a: Groudon|Groudon|100\/100\n|-damage|p1a: Groudon|94\/100|[from] Stealth Rock\n|-weather|SunnyDay|[from] ability: Drought|[of] p1a: Groudon\n|-curestatus|p2a: Blissey|tox|[from] ability: Natural Cure\n|switch|p2a: Forretress|Forretress, M|100\/100\n|-damage|p2a: Forretress|88\/100|[from] Stealth Rock\n|\n|-weather|SunnyDay|[upkeep]\n|-heal|p1a: Groudon|100\/100|[from] item: Leftovers\n|-heal|p2a: Forretress|94\/100|[from] item: Leftovers\n|upkeep\n|turn|7\n|\n|t:|1648487453\n|move|p1a: Groudon|Lava Plume|p2a: Forretress\n|-supereffective|p2a: Forretress\n|-damage|p2a: Forretress|0 fnt\n|faint|p2a: Forretress\n|\n|-weather|SunnyDay|[upkeep]\n|upkeep\n|c|\u2606Ill Leave|ty\n|c|\u2606slingshot279|you stinker\n|c|\u2606slingshot279|i didnt know he used fire moves\n|\n|t:|1648487482\n|switch|p2a: Lugia|Lugia|100\/100\n|-damage|p2a: Lugia|75\/100|[from] Stealth Rock\n|turn|8\n|c|\u2606Ill Leave|he doesnt\n|\n|t:|1648487493\n|switch|p1a: Dialga|Dialga|100\/100\n|-damage|p1a: Dialga|94\/100|[from] Stealth Rock\n|-ability|p1a: Dialga|Pressure\n|move|p2a: Lugia|Substitute|p2a: Lugia\n|-start|p2a: Lugia|Substitute\n|-damage|p2a: Lugia|50\/100\n|\n|-weather|SunnyDay|[upkeep]\n|-heal|p2a: Lugia|57\/100|[from] item: Leftovers\n|-heal|p1a: Dialga|100\/100|[from] item: Leftovers\n|upkeep\n|turn|9\n|\n|t:|1648487497\n|move|p2a: Lugia|Roost|p2a: Lugia\n|-heal|p2a: Lugia|100\/100\n|-singleturn|p2a: Lugia|move: Roost\n|move|p1a: Dialga|Substitute|p1a: Dialga\n|-start|p1a: Dialga|Substitute\n|-damage|p1a: Dialga|75\/100\n|\n|-weather|SunnyDay|[upkeep]\n|-heal|p1a: Dialga|82\/100|[from] item: Leftovers\n|upkeep\n|turn|10\n|\n|t:|1648487500\n|move|p2a: Lugia|Calm Mind|p2a: Lugia\n|-boost|p2a: Lugia|spa|1\n|-boost|p2a: Lugia|spd|1\n|move|p1a: Dialga|Bulk Up|p1a: Dialga\n|-boost|p1a: Dialga|atk|1\n|-boost|p1a: Dialga|def|1\n|\n|-weather|none\n|-heal|p1a: Dialga|88\/100|[from] item: Leftovers\n|upkeep\n|turn|11\n|j| jinchacha\n|\n|t:|1648487505\n|move|p2a: Lugia|Calm Mind|p2a: Lugia\n|-boost|p2a: Lugia|spa|1\n|-boost|p2a: Lugia|spd|1\n|move|p1a: Dialga|Dragon Claw|p2a: Lugia\n|-activate|p2a: Lugia|move: Substitute|[damage]\n|\n|-heal|p1a: Dialga|94\/100|[from] item: Leftovers\n|upkeep\n|turn|12\n|\n|t:|1648487512\n|move|p2a: Lugia|Ice Beam|p1a: Dialga\n|-end|p1a: Dialga|Substitute\n|move|p1a: Dialga|Bulk Up|p1a: Dialga\n|-boost|p1a: Dialga|atk|1\n|-boost|p1a: Dialga|def|1\n|\n|-heal|p1a: Dialga|99\/100|[from] item: Leftovers\n|upkeep\n|turn|13\n|l| jinchacha\n|\n|t:|1648487516\n|move|p2a: Lugia|Ice Beam|p1a: Dialga\n|-damage|p1a: Dialga|73\/100\n|move|p1a: Dialga|Dragon Claw|p2a: Lugia\n|-end|p2a: Lugia|Substitute\n|\n|-heal|p1a: Dialga|79\/100|[from] item: Leftovers\n|upkeep\n|turn|14\n|\n|t:|1648487523\n|move|p2a: Lugia|Ice Beam|p1a: Dialga\n|-damage|p1a: Dialga|52\/100\n|move|p1a: Dialga|Dragon Claw|p2a: Lugia\n|-damage|p2a: Lugia|81\/100\n|\n|-heal|p2a: Lugia|87\/100|[from] item: Leftovers\n|-heal|p1a: Dialga|58\/100|[from] item: Leftovers\n|upkeep\n|turn|15\n|\n|t:|1648487529\n|move|p2a: Lugia|Roost|p2a: Lugia\n|-heal|p2a: Lugia|100\/100\n|-singleturn|p2a: Lugia|move: Roost\n|move|p1a: Dialga|Dragon Claw|p2a: Lugia\n|-damage|p2a: Lugia|82\/100\n|\n|-heal|p2a: Lugia|88\/100|[from] item: Leftovers\n|-heal|p1a: Dialga|65\/100|[from] item: Leftovers\n|upkeep\n|turn|16\n|\n|t:|1648487542\n|switch|p1a: Giratina|Giratina|100\/100\n|-damage|p1a: Giratina|88\/100|[from] Stealth Rock\n|-ability|p1a: Giratina|Pressure\n|move|p2a: Lugia|Substitute|p2a: Lugia\n|-start|p2a: Lugia|Substitute\n|-damage|p2a: Lugia|63\/100\n|\n|-heal|p2a: Lugia|69\/100|[from] item: Leftovers\n|-heal|p1a: Giratina|94\/100|[from] item: Leftovers\n|upkeep\n|turn|17\n|\n|t:|1648487544\n|move|p2a: Lugia|Roost|p2a: Lugia\n|-heal|p2a: Lugia|100\/100\n|-singleturn|p2a: Lugia|move: Roost\n|move|p1a: Giratina|Roar|p2a: Lugia\n|drag|p2a: Gastrodon|Gastrodon, F|100\/100\n|-damage|p2a: Gastrodon|94\/100|[from] Stealth Rock\n|-status|p2a: Gastrodon|psn\n|\n|-heal|p1a: Giratina|99\/100|[from] item: Leftovers\n|-heal|p2a: Gastrodon|100\/100 psn|[from] item: Leftovers\n|-damage|p2a: Gastrodon|88\/100 psn|[from] psn\n|upkeep\n|turn|18\n|\n|t:|1648487549\n|move|p1a: Giratina|Calm Mind|p1a: Giratina\n|-boost|p1a: Giratina|spa|1\n|-boost|p1a: Giratina|spd|1\n|move|p2a: Gastrodon|Scald|p1a: Giratina\n|-resisted|p1a: Giratina\n|-damage|p1a: Giratina|96\/100\n|-status|p1a: Giratina|brn\n|\n|-heal|p1a: Giratina|100\/100 brn|[from] item: Leftovers\n|-heal|p2a: Gastrodon|94\/100 psn|[from] item: Leftovers\n|-damage|p2a: Gastrodon|82\/100 psn|[from] psn\n|-damage|p1a: Giratina|94\/100 brn|[from] brn\n|upkeep\n|turn|19\n|\n|t:|1648487561\n|switch|p2a: Quagsire|Quagsire, F|100\/100\n|-status|p2a: Quagsire|psn\n|-damage|p2a: Quagsire|94\/100 psn|[from] Stealth Rock\n|move|p1a: Giratina|Calm Mind|p1a: Giratina\n|-boost|p1a: Giratina|spa|1\n|-boost|p1a: Giratina|spd|1\n|\n|-heal|p1a: Giratina|100\/100 brn|[from] item: Leftovers\n|-heal|p2a: Quagsire|100\/100 psn|[from] item: Leftovers\n|-damage|p2a: Quagsire|88\/100 psn|[from] psn\n|-damage|p1a: Giratina|94\/100 brn|[from] brn\n|upkeep\n|turn|20\n|\n|t:|1648487571\n|move|p1a: Giratina|Hex|p2a: Quagsire\n|-damage|p2a: Quagsire|30\/100 psn\n|move|p2a: Quagsire|Earthquake|p1a: Giratina\n|-damage|p1a: Giratina|80\/100 brn\n|\n|-heal|p1a: Giratina|86\/100 brn|[from] item: Leftovers\n|-heal|p2a: Quagsire|36\/100 psn|[from] item: Leftovers\n|-damage|p2a: Quagsire|24\/100 psn|[from] psn\n|-damage|p1a: Giratina|80\/100 brn|[from] brn\n|upkeep\n|turn|21\n|\n|t:|1648487576\n|move|p1a: Giratina|Hex|p2a: Quagsire\n|-damage|p2a: Quagsire|0 fnt\n|faint|p2a: Quagsire\n|\n|-heal|p1a: Giratina|86\/100 brn|[from] item: Leftovers\n|-damage|p1a: Giratina|80\/100 brn|[from] brn\n|upkeep\n|\n|t:|1648487582\n|switch|p2a: Lugia|Lugia|100\/100\n|-damage|p2a: Lugia|75\/100|[from] Stealth Rock\n|turn|22\n|\n|t:|1648487586\n|move|p2a: Lugia|Roost|p2a: Lugia\n|-heal|p2a: Lugia|100\/100\n|-singleturn|p2a: Lugia|move: Roost\n|move|p1a: Giratina|Hex|p2a: Lugia\n|-supereffective|p2a: Lugia\n|-damage|p2a: Lugia|76\/100\n|\n|-heal|p2a: Lugia|82\/100|[from] item: Leftovers\n|-heal|p1a: Giratina|86\/100 brn|[from] item: Leftovers\n|-damage|p1a: Giratina|80\/100 brn|[from] brn\n|upkeep\n|turn|23\n|\n|t:|1648487593\n|move|p2a: Lugia|Ice Beam|p1a: Giratina\n|-supereffective|p1a: Giratina\n|-damage|p1a: Giratina|71\/100 brn\n|move|p1a: Giratina|Calm Mind|p1a: Giratina\n|-boost|p1a: Giratina|spa|1\n|-boost|p1a: Giratina|spd|1\n|\n|-heal|p2a: Lugia|88\/100|[from] item: Leftovers\n|-heal|p1a: Giratina|77\/100 brn|[from] item: Leftovers\n|-damage|p1a: Giratina|71\/100 brn|[from] brn\n|upkeep\n|turn|24\n|\n|t:|1648487601\n|move|p2a: Lugia|Calm Mind|p2a: Lugia\n|-boost|p2a: Lugia|spa|1\n|-boost|p2a: Lugia|spd|1\n|move|p1a: Giratina|Hex|p2a: Lugia\n|-supereffective|p2a: Lugia\n|-damage|p2a: Lugia|45\/100\n|\n|-heal|p2a: Lugia|51\/100|[from] item: Leftovers\n|-heal|p1a: Giratina|77\/100 brn|[from] item: Leftovers\n|-damage|p1a: Giratina|71\/100 brn|[from] brn\n|upkeep\n|turn|25\n|\n|t:|1648487604\n|move|p2a: Lugia|Roost|p2a: Lugia\n|-heal|p2a: Lugia|100\/100\n|-singleturn|p2a: Lugia|move: Roost\n|move|p1a: Giratina|Roar|p2a: Lugia\n|drag|p2a: Blissey|Blissey, F|82\/100\n|-status|p2a: Blissey|psn\n|-damage|p2a: Blissey|69\/100 psn|[from] Stealth Rock\n|\n|-heal|p1a: Giratina|77\/100 brn|[from] item: Leftovers\n|-heal|p2a: Blissey|76\/100 psn|[from] item: Leftovers\n|-damage|p2a: Blissey|63\/100 psn|[from] psn\n|-damage|p1a: Giratina|71\/100 brn|[from] brn\n|upkeep\n|turn|26\n|\n|t:|1648487608\n|move|p1a: Giratina|Calm Mind|p1a: Giratina\n|-boost|p1a: Giratina|spa|1\n|-boost|p1a: Giratina|spd|1\n|move|p2a: Blissey|Aromatherapy|p2a: Blissey\n|-activate|p2a: Blissey|move: Aromatherapy\n|-curestatus|p2a: Blissey|psn|[msg]\n|-curestatus|p2: Gastrodon|psn|[msg]\n|\n|-heal|p1a: Giratina|77\/100 brn|[from] item: Leftovers\n|-heal|p2a: Blissey|69\/100|[from] item: Leftovers\n|-damage|p1a: Giratina|71\/100 brn|[from] brn\n|upkeep\n|turn|27\n|\n|t:|1648487612\n|switch|p2a: Clefable|Clefable, F|100\/100\n|-status|p2a: Clefable|psn\n|-damage|p2a: Clefable|88\/100 psn|[from] Stealth Rock\n|move|p1a: Giratina|Calm Mind|p1a: Giratina\n|-boost|p1a: Giratina|spa|1\n|-boost|p1a: Giratina|spd|1\n|\n|-heal|p1a: Giratina|77\/100 brn|[from] item: Leftovers\n|-heal|p2a: Clefable|94\/100 psn|[from] item: Leftovers\n|-damage|p2a: Clefable|82\/100 psn|[from] psn\n|-damage|p1a: Giratina|71\/100 brn|[from] brn\n|upkeep\n|turn|28\n|\n|t:|1648487617\n|move|p1a: Giratina|Hex|p2a: Clefable\n|-damage|p2a: Clefable|40\/100 psn\n|move|p2a: Clefable|Moonblast|p1a: Giratina\n|-supereffective|p1a: Giratina\n|-damage|p1a: Giratina|39\/100 brn\n|\n|-heal|p1a: Giratina|45\/100 brn|[from] item: Leftovers\n|-heal|p2a: Clefable|46\/100 psn|[from] item: Leftovers\n|-damage|p2a: Clefable|34\/100 psn|[from] psn\n|-damage|p1a: Giratina|39\/100 brn|[from] brn\n|upkeep\n|turn|29\n|\n|t:|1648487620\n|move|p1a: Giratina|Hex|p2a: Clefable\n|-damage|p2a: Clefable|0 fnt\n|faint|p2a: Clefable\n|\n|-heal|p1a: Giratina|45\/100 brn|[from] item: Leftovers\n|-damage|p1a: Giratina|39\/100 brn|[from] brn\n|upkeep\n|\n|t:|1648487622\n|switch|p2a: Lugia|Lugia|100\/100\n|-damage|p2a: Lugia|75\/100|[from] Stealth Rock\n|turn|30\n|\n|t:|1648487627\n|move|p2a: Lugia|Roost|p2a: Lugia\n|-heal|p2a: Lugia|100\/100\n|-singleturn|p2a: Lugia|move: Roost\n|move|p1a: Giratina|Hex|p2a: Lugia\n|-supereffective|p2a: Lugia\n|-crit|p2a: Lugia\n|-damage|p2a: Lugia|40\/100\n|\n|-heal|p2a: Lugia|46\/100|[from] item: Leftovers\n|-heal|p1a: Giratina|45\/100 brn|[from] item: Leftovers\n|-damage|p1a: Giratina|39\/100 brn|[from] brn\n|upkeep\n|turn|31\n|\n|t:|1648487629\n|move|p2a: Lugia|Roost|p2a: Lugia\n|-heal|p2a: Lugia|96\/100\n|-singleturn|p2a: Lugia|move: Roost\n|move|p1a: Giratina|Hex|p2a: Lugia\n|-supereffective|p2a: Lugia\n|-damage|p2a: Lugia|5\/100\n|\n|-heal|p2a: Lugia|11\/100|[from] item: Leftovers\n|-heal|p1a: Giratina|45\/100 brn|[from] item: Leftovers\n|-damage|p1a: Giratina|39\/100 brn|[from] brn\n|upkeep\n|turn|32\n|\n|t:|1648487632\n|move|p2a: Lugia|Roost|p2a: Lugia\n|-heal|p2a: Lugia|61\/100\n|-singleturn|p2a: Lugia|move: Roost\n|move|p1a: Giratina|Hex|p2a: Lugia\n|-supereffective|p2a: Lugia\n|-damage|p2a: Lugia|0 fnt\n|faint|p2a: Lugia\n|\n|-heal|p1a: Giratina|45\/100 brn|[from] item: Leftovers\n|-damage|p1a: Giratina|39\/100 brn|[from] brn\n|upkeep\n|\n|t:|1648487635\n|switch|p2a: Gastrodon|Gastrodon, F|82\/100\n|-damage|p2a: Gastrodon|76\/100|[from] Stealth Rock\n|-status|p2a: Gastrodon|psn\n|turn|33\n|\n|t:|1648487637\n|move|p1a: Giratina|Hex|p2a: Gastrodon\n|-damage|p2a: Gastrodon|0 fnt\n|faint|p2a: Gastrodon\n|\n|-heal|p1a: Giratina|45\/100 brn|[from] item: Leftovers\n|-damage|p1a: Giratina|39\/100 brn|[from] brn\n|upkeep\n|\n|t:|1648487639\n|switch|p2a: Blissey|Blissey, F|69\/100\n|-damage|p2a: Blissey|57\/100|[from] Stealth Rock\n|-status|p2a: Blissey|psn\n|turn|34\n|\n|t:|1648487641\n|move|p1a: Giratina|Rest|p1a: Giratina\n|-status|p1a: Giratina|slp|[from] move: Rest\n|-heal|p1a: Giratina|100\/100 slp|[silent]\n|move|p2a: Blissey|Soft-Boiled|p2a: Blissey\n|-heal|p2a: Blissey|100\/100 psn\n|\n|-damage|p2a: Blissey|88\/100 psn|[from] psn\n|upkeep\n|turn|35\n|\n|t:|1648487647\n|cant|p1a: Giratina|slp\n|move|p2a: Blissey|Soft-Boiled|p2a: Blissey\n|-heal|p2a: Blissey|100\/100 psn\n|\n|-damage|p2a: Blissey|88\/100 psn|[from] psn\n|upkeep\n|turn|36\n|\n|t:|1648487650\n|cant|p1a: Giratina|slp\n|move|p2a: Blissey|Soft-Boiled|p2a: Blissey\n|-heal|p2a: Blissey|100\/100 psn\n|\n|-damage|p2a: Blissey|88\/100 psn|[from] psn\n|upkeep\n|turn|37\n|\n|t:|1648487652\n|-curestatus|p1a: Giratina|slp|[msg]\n|move|p1a: Giratina|Hex|p2a: Blissey\n|-immune|p2a: Blissey\n|move|p2a: Blissey|Soft-Boiled|p2a: Blissey\n|-heal|p2a: Blissey|100\/100 psn\n|\n|-damage|p2a: Blissey|88\/100 psn|[from] psn\n|upkeep\n|turn|38\n|\n|t:|1648487654\n|move|p1a: Giratina|Calm Mind|p1a: Giratina\n|-boost|p1a: Giratina|spa|1\n|-boost|p1a: Giratina|spd|1\n|move|p2a: Blissey|Soft-Boiled|p2a: Blissey\n|-heal|p2a: Blissey|100\/100 psn\n|\n|-damage|p2a: Blissey|88\/100 psn|[from] psn\n|upkeep\n|turn|39\n|\n|t:|1648487659\n|move|p1a: Giratina|Calm Mind|p1a: Giratina\n|-boost|p1a: Giratina|spa|0\n|-boost|p1a: Giratina|spd|0\n|move|p2a: Blissey|Aromatherapy|p2a: Blissey\n|-activate|p2a: Blissey|move: Aromatherapy\n|-curestatus|p2a: Blissey|psn|[msg]\n|\n|-heal|p2a: Blissey|94\/100|[from] item: Leftovers\n|upkeep\n|turn|40\n|c|\u2606Ill Leave|gg\n|\n|t:|1648487667\n|switch|p1a: Weezing|Weezing, F|100\/100\n|-damage|p1a: Weezing|88\/100|[from] Stealth Rock\n|move|p2a: Blissey|Seismic Toss|p1a: Weezing\n|-damage|p1a: Weezing|58\/100\n|\n|-heal|p1a: Weezing|64\/100|[from] item: Black Sludge\n|-heal|p2a: Blissey|99\/100|[from] item: Leftovers\n|upkeep\n|turn|41\n|\n|t:|1648487670\n|move|p1a: Weezing|Toxic|p2a: Blissey\n|-status|p2a: Blissey|tox\n|move|p2a: Blissey|Seismic Toss|p1a: Weezing\n|-damage|p1a: Weezing|34\/100\n|\n|-heal|p1a: Weezing|40\/100|[from] item: Black Sludge\n|-heal|p2a: Blissey|100\/100 tox|[from] item: Leftovers\n|-damage|p2a: Blissey|94\/100 tox|[from] psn\n|upkeep\n|turn|42\n|\n|t:|1648487672\n|move|p1a: Weezing|Pain Split|p2a: Blissey\n|-sethp|p2a: Blissey|58\/100 tox|[from] move: Pain Split|[silent]\n|-sethp|p1a: Weezing|100\/100|[from] move: Pain Split\n|move|p2a: Blissey|Seismic Toss|p1a: Weezing\n|-damage|p1a: Weezing|71\/100\n|\n|-heal|p1a: Weezing|77\/100|[from] item: Black Sludge\n|-heal|p2a: Blissey|64\/100 tox|[from] item: Leftovers\n|-damage|p2a: Blissey|51\/100 tox|[from] psn\n|upkeep\n|turn|43\n|\n|t:|1648487676\n|move|p1a: Weezing|Sludge Bomb|p2a: Blissey\n|-damage|p2a: Blissey|43\/100 tox\n|move|p2a: Blissey|Aromatherapy|p2a: Blissey\n|-activate|p2a: Blissey|move: Aromatherapy\n|-curestatus|p2a: Blissey|tox|[msg]\n|\n|-heal|p1a: Weezing|83\/100|[from] item: Black Sludge\n|-heal|p2a: Blissey|49\/100|[from] item: Leftovers\n|upkeep\n|turn|44\n|\n|t:|1648487679\n|move|p1a: Weezing|Toxic|p2a: Blissey\n|-status|p2a: Blissey|tox\n|move|p2a: Blissey|Soft-Boiled|p2a: Blissey\n|-heal|p2a: Blissey|99\/100 tox\n|\n|-heal|p1a: Weezing|89\/100|[from] item: Black Sludge\n|-heal|p2a: Blissey|100\/100 tox|[from] item: Leftovers\n|-damage|p2a: Blissey|94\/100 tox|[from] psn\n|upkeep\n|turn|45\n|\n|t:|1648487682\n|move|p1a: Weezing|Sludge Bomb|p2a: Blissey\n|-damage|p2a: Blissey|86\/100 tox\n|move|p2a: Blissey|Aromatherapy|p2a: Blissey\n|-activate|p2a: Blissey|move: Aromatherapy\n|-curestatus|p2a: Blissey|tox|[msg]\n|\n|-heal|p1a: Weezing|95\/100|[from] item: Black Sludge\n|-heal|p2a: Blissey|92\/100|[from] item: Leftovers\n|upkeep\n|turn|46\n|\n|t:|1648487684\n|move|p1a: Weezing|Toxic|p2a: Blissey\n|-status|p2a: Blissey|tox\n|move|p2a: Blissey|Seismic Toss|p1a: Weezing\n|-damage|p1a: Weezing|65\/100\n|\n|-heal|p1a: Weezing|71\/100|[from] item: Black Sludge\n|-heal|p2a: Blissey|98\/100 tox|[from] item: Leftovers\n|-damage|p2a: Blissey|92\/100 tox|[from] psn\n|upkeep\n|turn|47\n|\n|t:|1648487686\n|move|p1a: Weezing|Sludge Bomb|p2a: Blissey\n|-damage|p2a: Blissey|83\/100 tox\n|move|p2a: Blissey|Seismic Toss|p1a: Weezing\n|-damage|p1a: Weezing|41\/100\n|\n|-heal|p1a: Weezing|47\/100|[from] item: Black Sludge\n|-heal|p2a: Blissey|89\/100 tox|[from] item: Leftovers\n|-damage|p2a: Blissey|77\/100 tox|[from] psn\n|upkeep\n|turn|48\n|\n|t:|1648487688\n|move|p1a: Weezing|Pain Split|p2a: Blissey\n|-sethp|p2a: Blissey|50\/100 tox|[from] move: Pain Split|[silent]\n|-sethp|p1a: Weezing|98\/100|[from] move: Pain Split\n|move|p2a: Blissey|Seismic Toss|p1a: Weezing\n|-damage|p1a: Weezing|68\/100\n|\n|-heal|p1a: Weezing|74\/100|[from] item: Black Sludge\n|-heal|p2a: Blissey|57\/100 tox|[from] item: Leftovers\n|-damage|p2a: Blissey|38\/100 tox|[from] psn\n|upkeep\n|turn|49\n|\n|t:|1648487692\n|move|p1a: Weezing|Sludge Bomb|p2a: Blissey\n|-damage|p2a: Blissey|30\/100 tox\n|move|p2a: Blissey|Aromatherapy|p2a: Blissey\n|-activate|p2a: Blissey|move: Aromatherapy\n|-curestatus|p2a: Blissey|tox|[msg]\n|\n|-heal|p1a: Weezing|80\/100|[from] item: Black Sludge\n|-heal|p2a: Blissey|36\/100|[from] item: Leftovers\n|upkeep\n|turn|50\n|\n|t:|1648487694\n|move|p1a: Weezing|Toxic|p2a: Blissey\n|-status|p2a: Blissey|tox\n|move|p2a: Blissey|Soft-Boiled|p2a: Blissey\n|-heal|p2a: Blissey|86\/100 tox\n|\n|-heal|p1a: Weezing|86\/100|[from] item: Black Sludge\n|-heal|p2a: Blissey|92\/100 tox|[from] item: Leftovers\n|-damage|p2a: Blissey|86\/100 tox|[from] psn\n|upkeep\n|turn|51\n|\n|t:|1648487697\n|move|p1a: Weezing|Sludge Bomb|p2a: Blissey\n|-damage|p2a: Blissey|78\/100 tox\n|move|p2a: Blissey|Seismic Toss|p1a: Weezing\n|-damage|p1a: Weezing|56\/100\n|\n|-heal|p1a: Weezing|62\/100|[from] item: Black Sludge\n|-heal|p2a: Blissey|84\/100 tox|[from] item: Leftovers\n|-damage|p2a: Blissey|72\/100 tox|[from] psn\n|upkeep\n|turn|52\n|\n|t:|1648487703\n|move|p1a: Weezing|Pain Split|p2a: Blissey\n|-sethp|p2a: Blissey|52\/100 tox|[from] move: Pain Split|[silent]\n|-sethp|p1a: Weezing|100\/100|[from] move: Pain Split\n|move|p2a: Blissey|Seismic Toss|p1a: Weezing\n|-damage|p1a: Weezing|71\/100\n|\n|-heal|p1a: Weezing|77\/100|[from] item: Black Sludge\n|-heal|p2a: Blissey|58\/100 tox|[from] item: Leftovers\n|-damage|p2a: Blissey|40\/100 tox|[from] psn\n|upkeep\n|turn|53\n|\n|t:|1648487707\n|move|p1a: Weezing|Sludge Bomb|p2a: Blissey\n|-damage|p2a: Blissey|31\/100 tox\n|move|p2a: Blissey|Aromatherapy|p2a: Blissey\n|-activate|p2a: Blissey|move: Aromatherapy\n|-curestatus|p2a: Blissey|tox|[msg]\n|\n|-heal|p1a: Weezing|83\/100|[from] item: Black Sludge\n|-heal|p2a: Blissey|38\/100|[from] item: Leftovers\n|upkeep\n|turn|54\n|\n|t:|1648487710\n|move|p1a: Weezing|Toxic|p2a: Blissey\n|-status|p2a: Blissey|tox\n|move|p2a: Blissey|Seismic Toss|p1a: Weezing\n|-damage|p1a: Weezing|53\/100\n|\n|-heal|p1a: Weezing|59\/100|[from] item: Black Sludge\n|-heal|p2a: Blissey|44\/100 tox|[from] item: Leftovers\n|-damage|p2a: Blissey|38\/100 tox|[from] psn\n|upkeep\n|turn|55\n|\n|t:|1648487714\n|move|p1a: Weezing|Sludge Bomb|p2a: Blissey\n|-damage|p2a: Blissey|29\/100 tox\n|move|p2a: Blissey|Seismic Toss|p1a: Weezing\n|-damage|p1a: Weezing|29\/100\n|\n|-heal|p1a: Weezing|35\/100|[from] item: Black Sludge\n|-heal|p2a: Blissey|35\/100 tox|[from] item: Leftovers\n|-damage|p2a: Blissey|23\/100 tox|[from] psn\n|upkeep\n|turn|56\n|\n|t:|1648487716\n|move|p1a: Weezing|Pain Split|p2a: Blissey\n|-sethp|p2a: Blissey|20\/100 tox|[from] move: Pain Split|[silent]\n|-sethp|p1a: Weezing|39\/100|[from] move: Pain Split\n|move|p2a: Blissey|Aromatherapy|p2a: Blissey\n|-activate|p2a: Blissey|move: Aromatherapy\n|-curestatus|p2a: Blissey|tox|[msg]\n|\n|-heal|p1a: Weezing|45\/100|[from] item: Black Sludge\n|-heal|p2a: Blissey|26\/100|[from] item: Leftovers\n|upkeep\n|turn|57\n|\n|t:|1648487720\n|move|p1a: Weezing|Toxic|p2a: Blissey\n|-status|p2a: Blissey|tox\n|move|p2a: Blissey|Seismic Toss|p1a: Weezing\n|-damage|p1a: Weezing|15\/100\n|\n|-heal|p1a: Weezing|21\/100|[from] item: Black Sludge\n|-heal|p2a: Blissey|33\/100 tox|[from] item: Leftovers\n|-damage|p2a: Blissey|26\/100 tox|[from] psn\n|upkeep\n|turn|58\n|-message|slingshot279 forfeited.\n|\n|win|Ill Leave\n|n|\u2606Ill Leave|illleave\n|n|\u2606slingshot279|slingshot279\n","uploadtime":1648487722,"views":90,"p1id":"illleave","p2id":"slingshot279","formatid":"gen8bdspubers","rating":0,"private":0,"password":null}