{"id":"gen8bdspou-1466644883","p1":"VirginJimmy99","p2":"Snitch Killer","format":"gen8bdspou","log":"|html|<div class=\"broadcast-blue\"><strong>[Gen 8 BDSP] OU is currently suspecting Latios! For information on how to participate check out the <a href=\"https:\/\/www.smogon.com\/forums\/threads\/np-bdsp-ou-suspect-process-round-1-mr-blue-sky.3694109\/\">suspect thread<\/a>.<\/strong><\/div>\n|j|\u2606VirginJimmy99\n|j|\u2606Snitch Killer\n|t:|1638649641\n|gametype|singles\n|player|p1|VirginJimmy99|rocketgrunt|1376\n|player|p2|Snitch Killer|wattson|1405\n|teamsize|p1|6\n|teamsize|p2|6\n|gen|8\n|tier|[Gen 8 BDSP] OU\n|rated|\n|rule|Sleep Clause Mod: Limit one foe put to sleep\n|rule|Species Clause: Limit one of each Pok\u00e9mon\n|rule|OHKO Clause: OHKO moves are banned\n|rule|Evasion Moves Clause: Evasion moves are banned\n|rule|Endless Battle Clause: Forcing endless battles is banned\n|rule|HP Percentage Mod: HP is shown in percentages\n|clearpoke\n|poke|p1|Wigglytuff, M|\n|poke|p1|Skarmory, F|\n|poke|p1|Starmie|\n|poke|p1|Infernape, M|\n|poke|p1|Staraptor, F|\n|poke|p1|Magnezone|\n|poke|p2|Gliscor, M|\n|poke|p2|Infernape, F|\n|poke|p2|Dragonite, F|\n|poke|p2|Scizor, F|\n|poke|p2|Swampert, F|\n|poke|p2|Clefable, F|\n|teampreview\n|\n|t:|1638649693\n|start\n|switch|p1a: Skarmory|Skarmory, F|100\/100\n|switch|p2a: Dragonite|Dragonite, F|100\/100\n|turn|1\n|\n|t:|1638649704\n|switch|p2a: Swampert|Swampert, F, shiny|100\/100\n|move|p1a: Skarmory|Spikes|p2a: Swampert\n|-sidestart|p2: Snitch Killer|Spikes\n|\n|upkeep\n|turn|2\n|\n|t:|1638649707\n|move|p1a: Skarmory|Spikes|p2a: Swampert\n|-sidestart|p2: Snitch Killer|Spikes\n|move|p2a: Swampert|Stealth Rock|p1a: Skarmory\n|-sidestart|p1: VirginJimmy99|move: Stealth Rock\n|\n|upkeep\n|turn|3\n|\n|t:|1638649710\n|move|p1a: Skarmory|Spikes|p2a: Swampert\n|-sidestart|p2: Snitch Killer|Spikes\n|move|p2a: Swampert|Scald|p1a: Skarmory\n|-damage|p1a: Skarmory|77\/100\n|\n|-heal|p1a: Skarmory|83\/100|[from] item: Leftovers\n|upkeep\n|turn|4\n|inactive|Battle timer is ON: inactive players will automatically lose when time's up. (requested by Snitch Killer)\n|\n|t:|1638649714\n|move|p2a: Swampert|Scald|p1a: Skarmory\n|-damage|p1a: Skarmory|59\/100\n|move|p1a: Skarmory|Whirlwind|p2a: Swampert\n|drag|p2a: Clefable|Clefable, F, shiny|100\/100\n|-damage|p2a: Clefable|76\/100|[from] Spikes\n|\n|-heal|p1a: Skarmory|65\/100|[from] item: Leftovers\n|-heal|p2a: Clefable|82\/100|[from] item: Leftovers\n|upkeep\n|turn|5\n|\n|t:|1638649718\n|move|p2a: Clefable|Flamethrower|p1a: Skarmory\n|-supereffective|p1a: Skarmory\n|-damage|p1a: Skarmory|29\/100\n|move|p1a: Skarmory|Whirlwind|p2a: Clefable\n|drag|p2a: Dragonite|Dragonite, F|100\/100\n|\n|-heal|p1a: Skarmory|35\/100|[from] item: Leftovers\n|upkeep\n|turn|6\n|\n|t:|1638649724\n|move|p2a: Dragonite|Fire Punch|p1a: Skarmory\n|-supereffective|p1a: Skarmory\n|-damage|p1a: Skarmory|0 fnt\n|faint|p1a: Skarmory\n|\n|upkeep\n|\n|t:|1638649730\n|switch|p1a: Starmie|Starmie|100\/100\n|-damage|p1a: Starmie|88\/100|[from] Stealth Rock\n|turn|7\n|\n|t:|1638649740\n|switch|p2a: Swampert|Swampert, F, shiny|100\/100\n|-damage|p2a: Swampert|75\/100|[from] Spikes\n|move|p1a: Starmie|Rapid Spin|p2a: Swampert\n|-damage|p2a: Swampert|63\/100\n|-boost|p1a: Starmie|spe|1\n|-sideend|p1: VirginJimmy99|Stealth Rock|[from] move: Rapid Spin|[of] p1a: Starmie\n|-damage|p1a: Starmie|78\/100|[from] item: Life Orb\n|\n|-heal|p2a: Swampert|70\/100|[from] item: Leftovers\n|upkeep\n|turn|8\n|\n|t:|1638649747\n|move|p1a: Starmie|Hydro Pump|p2a: Swampert\n|-damage|p2a: Swampert|27\/100\n|-damage|p1a: Starmie|68\/100|[from] item: Life Orb\n|move|p2a: Swampert|Earthquake|p1a: Starmie\n|-damage|p1a: Starmie|9\/100\n|\n|-heal|p2a: Swampert|33\/100|[from] item: Leftovers\n|upkeep\n|turn|9\n|\n|t:|1638649761\n|switch|p2a: Clefable|Clefable, F, shiny|82\/100\n|-damage|p2a: Clefable|57\/100|[from] Spikes\n|move|p1a: Starmie|Hydro Pump|p2a: Clefable\n|-damage|p2a: Clefable|0 fnt\n|faint|p2a: Clefable\n|-damage|p1a: Starmie|0 fnt|[from] item: Life Orb\n|faint|p1a: Starmie\n|\n|upkeep\n|\n|t:|1638649768\n|switch|p1a: Wigglytuff|Wigglytuff, M|100\/100\n|switch|p2a: Scizor|Scizor, F, shiny|100\/100\n|-damage|p2a: Scizor|75\/100|[from] Spikes\n|turn|10\n|\n|t:|1638649770\n|move|p1a: Wigglytuff|Flamethrower|p2a: Scizor\n|-supereffective|p2a: Scizor\n|-damage|p2a: Scizor|0 fnt\n|faint|p2a: Scizor\n|\n|upkeep\n|\n|t:|1638649776\n|switch|p2a: Gliscor|Gliscor, M|100\/100\n|turn|11\n|\n|t:|1638649783\n|move|p2a: Gliscor|Swords Dance|p2a: Gliscor\n|-boost|p2a: Gliscor|atk|2\n|move|p1a: Wigglytuff|Ice Beam|p2a: Gliscor\n|-supereffective|p2a: Gliscor\n|-damage|p2a: Gliscor|0 fnt\n|faint|p2a: Gliscor\n|\n|upkeep\n|\n|t:|1638649787\n|switch|p2a: Dragonite|Dragonite, F|100\/100\n|turn|12\n|\n|t:|1638649790\n|move|p2a: Dragonite|Earthquake|p1a: Wigglytuff\n|-damage|p1a: Wigglytuff|18\/100\n|move|p1a: Wigglytuff|Ice Beam|p2a: Dragonite\n|-supereffective|p2a: Dragonite\n|-damage|p2a: Dragonite|47\/100\n|-status|p2a: Dragonite|frz\n|\n|upkeep\n|turn|13\n|\n|t:|1638649796\n|cant|p2a: Dragonite|frz\n|move|p1a: Wigglytuff|Stealth Rock|p2a: Dragonite\n|-sidestart|p2: Snitch Killer|move: Stealth Rock\n|\n|upkeep\n|turn|14\n|\n|t:|1638649798\n|-curestatus|p2a: Dragonite|frz|[msg]\n|move|p2a: Dragonite|Earthquake|p1a: Wigglytuff\n|-damage|p1a: Wigglytuff|0 fnt\n|faint|p1a: Wigglytuff\n|\n|upkeep\n|\n|t:|1638649801\n|switch|p1a: Staraptor|Staraptor, F|100\/100\n|turn|15\n|\n|t:|1638649808\n|switch|p2a: Swampert|Swampert, F, shiny|33\/100\n|-damage|p2a: Swampert|8\/100|[from] Spikes\n|-damage|p2a: Swampert|2\/100|[from] Stealth Rock\n|move|p1a: Staraptor|Brave Bird|p2a: Swampert\n|-damage|p2a: Swampert|0 fnt\n|faint|p2a: Swampert\n|-damage|p1a: Staraptor|99\/100|[from] Recoil\n|\n|upkeep\n|\n|t:|1638649814\n|switch|p2a: Infernape|Infernape, F|100\/100\n|-damage|p2a: Infernape|88\/100|[from] Stealth Rock\n|-damage|p2a: Infernape|63\/100|[from] Spikes\n|turn|16\n|\n|t:|1638649820\n|move|p2a: Infernape|Close Combat|p1a: Staraptor\n|-damage|p1a: Staraptor|28\/100\n|-unboost|p2a: Infernape|def|1\n|-unboost|p2a: Infernape|spd|1\n|move|p1a: Staraptor|Brave Bird|p2a: Infernape\n|-supereffective|p2a: Infernape\n|-damage|p2a: Infernape|0 fnt\n|faint|p2a: Infernape\n|-damage|p1a: Staraptor|8\/100|[from] Recoil\n|\n|upkeep\n|\n|t:|1638649824\n|switch|p2a: Dragonite|Dragonite, F|47\/100\n|-damage|p2a: Dragonite|22\/100|[from] Stealth Rock\n|turn|17\n|\n|t:|1638649833\n|move|p2a: Dragonite|Extreme Speed|p1a: Staraptor\n|-damage|p1a: Staraptor|0 fnt\n|faint|p1a: Staraptor\n|\n|upkeep\n|\n|t:|1638649837\n|switch|p1a: Infernape|Infernape, M|100\/100\n|turn|18\n|\n|t:|1638649839\n|move|p2a: Dragonite|Extreme Speed|p1a: Infernape\n|-damage|p1a: Infernape|23\/100\n|move|p1a: Infernape|Close Combat|p2a: Dragonite\n|-resisted|p2a: Dragonite\n|-damage|p2a: Dragonite|0 fnt\n|-unboost|p1a: Infernape|def|1\n|-unboost|p1a: Infernape|spd|1\n|faint|p2a: Dragonite\n|\n|win|VirginJimmy99\n|raw|VirginJimmy99's rating: 1376 &rarr; <strong>1398<\/strong><br \/>(+22 for winning)\n|raw|Snitch Killer's rating: 1405 &rarr; <strong>1383<\/strong><br \/>(-22 for losing)\n|c|\u2606VirginJimmy99|gg\n|l|\u2606Snitch Killer\n||Ladder isn't responding, score probably updated but might not have (Request timeout).\n","uploadtime":1638649849,"views":11,"p1id":"virginjimmy99","p2id":"snitchkiller","formatid":"gen8bdspou","rating":1383,"private":0,"password":null}