{"id":"gen8nationaldexag-1568628890","p1":"Sir Fresh","p2":"REN_IG_VGC","format":"gen8nationaldexag","log":"|j|\u2606Sir Fresh\n|j|\u2606REN_IG_VGC\n|t:|1651796249\n|gametype|singles\n|player|p1|Sir Fresh|palmer|\n|player|p2|REN_IG_VGC|169|\n|teamsize|p1|6\n|teamsize|p2|6\n|gen|8\n|tier|[Gen 8] National Dex AG\n|rule|HP Percentage Mod: HP is shown in percentages\n|rule|Endless Battle Clause: Forcing endless battles is banned\n|clearpoke\n|poke|p1|Kyogre|\n|poke|p1|Kartana|\n|poke|p1|Gliscor, M|\n|poke|p1|Gardevoir, F|\n|poke|p1|Porygon2|\n|poke|p1|Tapu Koko|\n|poke|p2|Groudon|\n|poke|p2|Greninja, F|\n|poke|p2|Rillaboom, M|\n|poke|p2|Kyurem|\n|poke|p2|Clefable, M|\n|poke|p2|Aerodactyl, M|\n|teampreview\n|\n|t:|1651796270\n|start\n|switch|p1a: Tapu Koko|Tapu Koko|100\/100\n|switch|p2a: Greninja|Greninja, F|100\/100\n|-fieldstart|move: Electric Terrain|[from] ability: Electric Surge|[of] p1a: Tapu Koko\n|turn|1\n|\n|t:|1651796276\n|switch|p1a: Porygon2|Porygon2|100\/100\n|-ability|p1a: Porygon2|Protean|[from] ability: Trace|[of] p2a: Greninja\n|move|p2a: Greninja|U-turn|p1a: Porygon2\n|-start|p2a: Greninja|typechange|Bug|[from] ability: Protean\n|-damage|p1a: Porygon2|86\/100\n|\n|t:|1651796285\n|switch|p2a: Groudon|Groudon|100\/100|[from]move: U-turn\n|detailschange|p2a: Groudon|Groudon-Primal\n|-primal|p2a: Groudon\n|-weather|DesolateLand|[from] ability: Desolate Land|[of] p2a: Groudon\n|\n|-weather|DesolateLand|[upkeep]\n|upkeep\n|turn|2\n|\n|t:|1651796289\n|move|p2a: Groudon|Swords Dance|p2a: Groudon\n|-boost|p2a: Groudon|atk|2\n|move|p1a: Porygon2|Foul Play|p2a: Groudon\n|-start|p1a: Porygon2|typechange|Dark|[from] ability: Protean\n|-damage|p2a: Groudon|20\/100\n|\n|-weather|DesolateLand|[upkeep]\n|upkeep\n|turn|3\n|\n|t:|1651796296\n|switch|p1a: Gliscor|Gliscor, M|100\/100\n|move|p2a: Groudon|Heat Crash|p1a: Gliscor\n|-damage|p1a: Gliscor|0 fnt\n|faint|p1a: Gliscor\n|\n|-weather|DesolateLand|[upkeep]\n|upkeep\n|\n|t:|1651796308\n|switch|p1a: Gardevoir|Gardevoir, F|100\/100\n|-ability|p1a: Gardevoir|Desolate Land|[from] ability: Trace|[of] p2a: Groudon\n|turn|4\n|\n|t:|1651796316\n|switch|p2a: Rillaboom|Rillaboom, M|100\/100\n|-fieldstart|move: Grassy Terrain|[from] ability: Grassy Surge|[of] p2a: Rillaboom\n|detailschange|p1a: Gardevoir|Gardevoir-Mega, F\n|-mega|p1a: Gardevoir|Gardevoir|Gardevoirite\n|-weather|none\n|move|p1a: Gardevoir|Hyper Voice|p2a: Rillaboom\n|-damage|p2a: Rillaboom|56\/100\n|\n|-heal|p2a: Rillaboom|62\/100|[from] Grassy Terrain\n|upkeep\n|turn|5\n|\n|t:|1651796339\n|move|p1a: Gardevoir|Mystical Fire|p2a: Rillaboom\n|-supereffective|p2a: Rillaboom\n|-damage|p2a: Rillaboom|21\/100\n|-unboost|p2a: Rillaboom|spa|1\n|move|p2a: Rillaboom|Wood Hammer|p1a: Gardevoir\n|-damage|p1a: Gardevoir|0 fnt\n|faint|p1a: Gardevoir\n|-damage|p2a: Rillaboom|0 fnt|[from] Recoil\n|faint|p2a: Rillaboom\n|\n|upkeep\n|\n|t:|1651796350\n|switch|p1a: Tapu Koko|Tapu Koko|100\/100\n|switch|p2a: Greninja|Greninja, F|100\/100\n|-fieldstart|move: Electric Terrain|[from] ability: Electric Surge|[of] p1a: Tapu Koko\n|turn|6\n|\n|t:|1651796357\n|switch|p1a: Porygon2|Porygon2|86\/100\n|-ability|p1a: Porygon2|Protean|[from] ability: Trace|[of] p2a: Greninja\n|move|p2a: Greninja|U-turn|p1a: Porygon2\n|-start|p2a: Greninja|typechange|Bug|[from] ability: Protean\n|-damage|p1a: Porygon2|73\/100\n|\n|t:|1651796365\n|switch|p2a: Groudon|Groudon-Primal|20\/100|[from]move: U-turn\n|-weather|DesolateLand|[from] ability: Desolate Land|[of] p2a: Groudon\n|\n|-weather|DesolateLand|[upkeep]\n|upkeep\n|turn|7\n|\n|t:|1651796370\n|move|p2a: Groudon|Heat Crash|p1a: Porygon2\n|-damage|p1a: Porygon2|0 fnt\n|faint|p1a: Porygon2\n|\n|-weather|DesolateLand|[upkeep]\n|upkeep\n|\n|t:|1651796374\n|switch|p1a: Kartana|Kartana|100\/100\n|turn|8\n|\n|t:|1651796380\n|move|p1a: Kartana|Leaf Blade|p2a: Groudon\n|-damage|p2a: Groudon|0 fnt\n|faint|p2a: Groudon\n|-weather|none\n|-ability|p1a: Kartana|Beast Boost|boost\n|-boost|p1a: Kartana|atk|1\n|\n|upkeep\n|\n|t:|1651796384\n|switch|p2a: Greninja|Greninja, F|100\/100\n|turn|9\n|\n|t:|1651796388\n|move|p2a: Greninja|Ice Beam|p1a: Kartana\n|-start|p2a: Greninja|typechange|Ice|[from] ability: Protean\n|-damage|p1a: Kartana|0 fnt\n|faint|p1a: Kartana\n|\n|upkeep\n|\n|t:|1651796394\n|switch|p1a: Kyogre|Kyogre|100\/100\n|detailschange|p1a: Kyogre|Kyogre-Primal\n|-primal|p1a: Kyogre\n|-weather|PrimordialSea|[from] ability: Primordial Sea|[of] p1a: Kyogre\n|turn|10\n|\n|t:|1651796401\n|switch|p2a: Kyurem|Kyurem|100\/100\n|-ability|p2a: Kyurem|Pressure\n|move|p1a: Kyogre|Water Spout|p2a: Kyurem\n|-resisted|p2a: Kyurem\n|-damage|p2a: Kyurem|27\/100\n|\n|-weather|PrimordialSea|[upkeep]\n|-fieldend|move: Electric Terrain\n|upkeep\n|turn|11\n|\n|t:|1651796409\n|move|p2a: Kyurem|Substitute|p2a: Kyurem\n|-start|p2a: Kyurem|Substitute\n|-damage|p2a: Kyurem|2\/100\n|move|p1a: Kyogre|Ice Beam|p2a: Kyurem\n|-end|p2a: Kyurem|Substitute\n|\n|-weather|PrimordialSea|[upkeep]\n|upkeep\n|turn|12\n|\n|t:|1651796418\n|move|p2a: Kyurem|Freeze-Dry|p1a: Kyogre\n|-supereffective|p1a: Kyogre\n|-damage|p1a: Kyogre|45\/100\n|move|p1a: Kyogre|Ice Beam|p2a: Kyurem\n|-damage|p2a: Kyurem|0 fnt\n|faint|p2a: Kyurem\n|\n|-weather|PrimordialSea|[upkeep]\n|upkeep\n|\n|t:|1651796433\n|switch|p2a: Greninja|Greninja, F|100\/100\n|turn|13\n|\n|t:|1651796435\n|move|p2a: Greninja|Grass Knot|p1a: Kyogre\n|-start|p2a: Greninja|typechange|Grass|[from] ability: Protean\n|-supereffective|p1a: Kyogre\n|-damage|p1a: Kyogre|0 fnt\n|faint|p1a: Kyogre\n|-weather|none\n|\n|upkeep\n|\n|t:|1651796438\n|switch|p1a: Tapu Koko|Tapu Koko|100\/100\n|-fieldstart|move: Electric Terrain|[from] ability: Electric Surge|[of] p1a: Tapu Koko\n|turn|14\n|\n|t:|1651796444\n|switch|p2a: Clefable|Clefable, M|100\/100\n|move|p1a: Tapu Koko|Thunder Punch|p2a: Clefable\n|-damage|p2a: Clefable|61\/100\n|-status|p2a: Clefable|par\n|\n|-heal|p2a: Clefable|68\/100 par|[from] item: Leftovers\n|upkeep\n|turn|15\n|c|\u2606Sir Fresh|Gg\n|\n|t:|1651796450\n|-zpower|p1a: Tapu Koko\n|move|p1a: Tapu Koko|Guardian of Alola|p2a: Clefable|[zeffect]\n|-damage|p2a: Clefable|17\/100 par\n|cant|p2a: Clefable|par\n|\n|-heal|p2a: Clefable|23\/100 par|[from] item: Leftovers\n|upkeep\n|turn|16\n|\n|t:|1651796456\n|move|p1a: Tapu Koko|Thunder Punch|p2a: Clefable\n|-damage|p2a: Clefable|0 fnt\n|faint|p2a: Clefable\n|\n|upkeep\n|\n|t:|1651796459\n|switch|p2a: Aerodactyl|Aerodactyl, M|100\/100\n|turn|17\n|\n|t:|1651796463\n|detailschange|p2a: Aerodactyl|Aerodactyl-Mega, M\n|-mega|p2a: Aerodactyl|Aerodactyl|Aerodactylite\n|move|p2a: Aerodactyl|Earthquake|p1a: Tapu Koko\n|-supereffective|p1a: Tapu Koko\n|-damage|p1a: Tapu Koko|0 fnt\n|faint|p1a: Tapu Koko\n|\n|win|REN_IG_VGC\n","uploadtime":1651796468,"views":8,"p1id":"sirfresh","p2id":"renigvgc","formatid":"gen8nationaldexag","rating":0,"private":0,"password":null}