{"id":"gen8ou-1632783350","p1":"LT92PF PDC","p2":"Daevank5","format":"gen8ou","log":"|j|\u2606LT92PF PDC\n|j|\u2606Daevank5\n|t:|1659701918\n|gametype|singles\n|player|p1|LT92PF PDC|#splxiiityrants|1692\n|player|p2|Daevank5|101|1690\n|teamsize|p1|6\n|teamsize|p2|6\n|gen|8\n|tier|[Gen 8] OU\n|rated|\n|rule|Sleep Clause Mod: Limit one foe put to sleep\n|rule|Species Clause: Limit one of each Pok\u00e9mon\n|rule|OHKO Clause: OHKO moves are banned\n|rule|Evasion Items Clause: Evasion items are banned\n|rule|Evasion Moves Clause: Evasion moves are banned\n|rule|Endless Battle Clause: Forcing endless battles is banned\n|rule|HP Percentage Mod: HP is shown in percentages\n|rule|Dynamax Clause: You cannot dynamax\n|clearpoke\n|poke|p1|Garchomp, F|\n|poke|p1|Dragapult, M|\n|poke|p1|Heatran, M|\n|poke|p1|Scizor, F|\n|poke|p1|Weavile, M|\n|poke|p1|Zapdos|\n|poke|p2|Glastrier|\n|poke|p2|Rotom-Wash|\n|poke|p2|Dragonite, F|\n|poke|p2|Landorus-Therian, M|\n|poke|p2|Kartana|\n|poke|p2|Tapu Lele|\n|teampreview\n|c|\u2606Daevank5|Wait\n|c|\u2606Daevank5|is rhis\n|c|\u2606Daevank5|THE\n|c|\u2606Daevank5|PDC\n|j| JiminyRickets\n|inactive|Battle timer is ON: inactive players will automatically lose when time's up. (requested by Daevank5)\n|j| zReptar\n|inactive|LT92PF PDC has 120 seconds left.\n|c|\u2606LT92PF PDC|unfortunately it is\n|\n|t:|1659702003\n|start\n|switch|p1a: Zapdos|Zapdos|100\/100\n|switch|p2a: Tapu Lele|Tapu Lele|100\/100\n|-fieldstart|move: Psychic Terrain|[from] ability: Psychic Surge|[of] p2a: Tapu Lele\n|turn|1\n|c|\u2606Daevank5|Oh no\n|c|\u2606Daevank5|thats really not good\n|c|\u2606Daevank5|Not\n|c|\u2606Daevank5|THE\n|c|\u2606Daevank5|PalkiaDialgaClash\n|inactive|Daevank5 has 120 seconds left.\n|c|\u2606LT92PF PDC|indeed\n|j| LT92PF RL\n|c|\u2606Daevank5|Sorry to use your government name there\n|\n|t:|1659702053\n|switch|p2a: Rotom|Rotom-Wash|100\/100\n|move|p1a: Zapdos|Volt Switch|p2a: Rotom\n|-damage|p2a: Rotom|73\/100\n|j| xray\n|\n|t:|1659702066\n|switch|p1a: Dragapult|Dragapult, M|100\/100|[from]move: Volt Switch\n|\n|-heal|p2a: Rotom|79\/100|[from] item: Leftovers\n|upkeep\n|turn|2\n|c|\u2606LT92PF PDC|all good\n|\n|t:|1659702073\n|switch|p2a: Tapu Lele|Tapu Lele|100\/100\n|move|p1a: Dragapult|Dragon Darts|p2a: Tapu Lele\n|-immune|p2a: Tapu Lele\n|\n|upkeep\n|turn|3\n|c|\u2606LT92PF PDC|ppl don't recognize me anymore\n|\n|t:|1659702078\n|switch|p2a: Landorus|Landorus-Therian, M|100\/100\n|-ability|p2a: Landorus|Intimidate|boost\n|-fail|p1a: Dragapult|unboost|[from] ability: Clear Body|[of] p1a: Dragapult\n|switch|p1a: Heatran|Heatran, M|100\/100\n|-item|p1a: Heatran|Air Balloon\n|\n|upkeep\n|turn|4\n|\n|t:|1659702081\n|move|p1a: Heatran|Stealth Rock|p2a: Landorus\n|-sidestart|p2: Daevank5|move: Stealth Rock\n|move|p2a: Landorus|U-turn|p1a: Heatran\n|-resisted|p1a: Heatran\n|-damage|p1a: Heatran|95\/100\n|-enditem|p1a: Heatran|Air Balloon\n|\n|t:|1659702088\n|switch|p2a: Rotom|Rotom-Wash|79\/100|[from]move: U-turn\n|-damage|p2a: Rotom|67\/100|[from] Stealth Rock\n|\n|-heal|p2a: Rotom|73\/100|[from] item: Leftovers\n|upkeep\n|turn|5\n|c| xray|THE PDC SHOW\n|\n|t:|1659702109\n|switch|p1a: Zapdos|Zapdos|100\/100\n|move|p2a: Rotom|Hydro Pump|p1a: Zapdos\n|-damage|p1a: Zapdos|65\/100\n|\n|-heal|p2a: Rotom|79\/100|[from] item: Leftovers\n|-fieldend|move: Psychic Terrain\n|upkeep\n|turn|6\n|\n|t:|1659702113\n|move|p1a: Zapdos|Roost|p1a: Zapdos\n|-heal|p1a: Zapdos|100\/100\n|-singleturn|p1a: Zapdos|move: Roost\n|move|p2a: Rotom|Defog|p1a: Zapdos\n|-unboost|p1a: Zapdos|evasion|1\n|-sideend|p2: Daevank5|Stealth Rock|[from] move: Defog|[of] p2a: Rotom\n|\n|-heal|p2a: Rotom|85\/100|[from] item: Leftovers\n|upkeep\n|turn|7\n|c|\u2606LT92PF PDC|where do u think the pdc show comes from\n|\n|t:|1659702120\n|switch|p2a: Landorus|Landorus-Therian, M|100\/100\n|-ability|p2a: Landorus|Intimidate|boost\n|-unboost|p1a: Zapdos|atk|1\n|move|p1a: Zapdos|Discharge|p2a: Landorus\n|-immune|p2a: Landorus\n|\n|upkeep\n|turn|8\n|\n|t:|1659702129\n|move|p1a: Zapdos|Hurricane|p2a: Landorus\n|-damage|p2a: Landorus|59\/100\n|-start|p2a: Landorus|confusion\n|-activate|p2a: Landorus|confusion\n|-damage|p2a: Landorus|46\/100|[from] confusion\n|\n|-heal|p2a: Landorus|52\/100|[from] item: Leftovers\n|upkeep\n|turn|9\n|\n|t:|1659702158\n|move|p1a: Zapdos|Hurricane|p2a: Landorus\n|-damage|p2a: Landorus|14\/100\n|-activate|p2a: Landorus|confusion\n|move|p2a: Landorus|Toxic|p1a: Zapdos\n|-status|p1a: Zapdos|tox\n|\n|-heal|p2a: Landorus|20\/100|[from] item: Leftovers\n|-damage|p1a: Zapdos|94\/100 tox|[from] psn\n|upkeep\n|turn|10\n|\n|t:|1659702167\n|switch|p2a: Rotom|Rotom-Wash|85\/100\n|move|p1a: Zapdos|Volt Switch|p2a: Rotom\n|-damage|p2a: Rotom|56\/100\n|c|\u2606Daevank5|Woah\n|c|\u2606Daevank5|All the lads r here\n|c|\u2606Daevank5|xray as well\n|\n|t:|1659702186\n|switch|p1a: Dragapult|Dragapult, M|100\/100|[from]move: Volt Switch\n|\n|-heal|p2a: Rotom|62\/100|[from] item: Leftovers\n|upkeep\n|turn|11\n|\n|t:|1659702194\n|move|p1a: Dragapult|Dragon Dance|p1a: Dragapult\n|-boost|p1a: Dragapult|atk|1\n|-boost|p1a: Dragapult|spe|1\n|move|p2a: Rotom|Will-O-Wisp|p1a: Dragapult\n|-status|p1a: Dragapult|brn\n|\n|-heal|p2a: Rotom|68\/100|[from] item: Leftovers\n|-damage|p1a: Dragapult|94\/100 brn|[from] brn\n|upkeep\n|turn|12\n|\n|t:|1659702209\n|switch|p2a: Glastrier|Glastrier|100\/100\n|move|p1a: Dragapult|Phantom Force||[still]\n|-prepare|p1a: Dragapult|Phantom Force\n|\n|-damage|p1a: Dragapult|88\/100 brn|[from] brn\n|upkeep\n|turn|13\n|\n|t:|1659702211\n|move|p1a: Dragapult|Phantom Force|p2a: Glastrier|[from]lockedmove\n|-damage|p2a: Glastrier|69\/100\n|move|p2a: Glastrier|Icicle Crash|p1a: Dragapult\n|-supereffective|p1a: Dragapult\n|-damage|p1a: Dragapult|0 fnt\n|faint|p1a: Dragapult\n|-ability|p2a: Glastrier|Chilling Neigh|boost\n|-boost|p2a: Glastrier|atk|1\n|\n|upkeep\n|n| Acura RL|lt92pfrl\n|\n|t:|1659702218\n|switch|p1a: Heatran|Heatran, M|95\/100\n|turn|14\n|inactive|Daevank5 has 120 seconds left.\n|\n|t:|1659702275\n|switch|p2a: Rotom|Rotom-Wash|68\/100\n|move|p1a: Heatran|Magma Storm|p2a: Rotom|[miss]\n|-miss|p1a: Heatran|p2a: Rotom\n|\n|-heal|p2a: Rotom|75\/100|[from] item: Leftovers\n|upkeep\n|turn|15\n|\n|t:|1659702281\n|switch|p1a: Zapdos|Zapdos|94\/100 tox\n|move|p2a: Rotom|Hydro Pump|p1a: Zapdos\n|-damage|p1a: Zapdos|57\/100 tox\n|\n|-heal|p2a: Rotom|81\/100|[from] item: Leftovers\n|-damage|p1a: Zapdos|51\/100 tox|[from] psn\n|upkeep\n|turn|16\n|\n|t:|1659702304\n|move|p1a: Zapdos|Discharge|p2a: Rotom\n|-damage|p2a: Rotom|51\/100\n|move|p2a: Rotom|Volt Switch|p1a: Zapdos\n|-damage|p1a: Zapdos|25\/100 tox\n|inactive|Daevank5 has 90 seconds left.\n|\n|t:|1659702321\n|switch|p2a: Landorus|Landorus-Therian, M|20\/100|[from]move: Volt Switch\n|-ability|p2a: Landorus|Intimidate|boost\n|-unboost|p1a: Zapdos|atk|1\n|\n|-heal|p2a: Landorus|26\/100|[from] item: Leftovers\n|-damage|p1a: Zapdos|13\/100 tox|[from] psn\n|upkeep\n|turn|17\n|\n|t:|1659702323\n|move|p1a: Zapdos|Roost|p1a: Zapdos\n|-heal|p1a: Zapdos|63\/100 tox\n|-singleturn|p1a: Zapdos|move: Roost\n|move|p2a: Landorus|Earthquake|p1a: Zapdos\n|-supereffective|p1a: Zapdos\n|-damage|p1a: Zapdos|0 fnt\n|faint|p1a: Zapdos\n|\n|-heal|p2a: Landorus|32\/100|[from] item: Leftovers\n|upkeep\n|\n|t:|1659702328\n|switch|p1a: Weavile|Weavile, M|100\/100\n|-ability|p1a: Weavile|Pressure\n|turn|18\n|\n|t:|1659702333\n|move|p1a: Weavile|Knock Off|p2a: Landorus\n|-damage|p2a: Landorus|0 fnt\n|-enditem|p2a: Landorus|Leftovers|[from] move: Knock Off|[of] p1a: Weavile\n|faint|p2a: Landorus\n|\n|upkeep\n|inactive|Daevank5 has 90 seconds left.\n|\n|t:|1659702360\n|switch|p2a: Glastrier|Glastrier|69\/100\n|turn|19\n|\n|t:|1659702365\n|switch|p1a: Heatran|Heatran, M|95\/100\n|move|p2a: Glastrier|Close Combat|p1a: Heatran\n|-supereffective|p1a: Heatran\n|-damage|p1a: Heatran|2\/100\n|-unboost|p2a: Glastrier|def|1\n|-unboost|p2a: Glastrier|spd|1\n|\n|upkeep\n|turn|20\n|inactive|Daevank5 has 90 seconds left.\n|\n|t:|1659702383\n|move|p1a: Heatran|Stealth Rock|p2a: Glastrier\n|-sidestart|p2: Daevank5|move: Stealth Rock\n|move|p2a: Glastrier|Close Combat|p1a: Heatran\n|-supereffective|p1a: Heatran\n|-damage|p1a: Heatran|0 fnt\n|-unboost|p2a: Glastrier|def|1\n|-unboost|p2a: Glastrier|spd|1\n|faint|p1a: Heatran\n|-ability|p2a: Glastrier|Chilling Neigh|boost\n|-boost|p2a: Glastrier|atk|1\n|\n|upkeep\n|\n|t:|1659702387\n|switch|p1a: Scizor|Scizor, F|100\/100\n|turn|21\n|\n|t:|1659702393\n|move|p1a: Scizor|Bullet Punch|p2a: Glastrier\n|-supereffective|p2a: Glastrier\n|-damage|p2a: Glastrier|0 fnt\n|faint|p2a: Glastrier\n|\n|upkeep\n|\n|t:|1659702398\n|switch|p2a: Rotom|Rotom-Wash|51\/100\n|-damage|p2a: Rotom|38\/100|[from] Stealth Rock\n|turn|22\n|\n|t:|1659702404\n|move|p2a: Rotom|Will-O-Wisp|p1a: Scizor\n|-status|p1a: Scizor|brn\n|move|p1a: Scizor|Swords Dance|p1a: Scizor\n|-boost|p1a: Scizor|atk|2\n|\n|-heal|p2a: Rotom|45\/100|[from] item: Leftovers\n|-damage|p1a: Scizor|94\/100 brn|[from] brn\n|upkeep\n|turn|23\n|\n|t:|1659702430\n|move|p2a: Rotom|Hydro Pump|p1a: Scizor|[miss]\n|-miss|p2a: Rotom|p1a: Scizor\n|move|p1a: Scizor|Knock Off|p2a: Rotom\n|-damage|p2a: Rotom|6\/100\n|-enditem|p2a: Rotom|Leftovers|[from] move: Knock Off|[of] p1a: Scizor\n|\n|-heal|p1a: Scizor|100\/100 brn|[from] item: Leftovers\n|-damage|p1a: Scizor|94\/100 brn|[from] brn\n|upkeep\n|turn|24\n|\n|t:|1659702439\n|move|p1a: Scizor|Bullet Punch|p2a: Rotom\n|-resisted|p2a: Rotom\n|-crit|p2a: Rotom\n|-damage|p2a: Rotom|0 fnt\n|faint|p2a: Rotom\n|\n|-heal|p1a: Scizor|100\/100 brn|[from] item: Leftovers\n|-damage|p1a: Scizor|94\/100 brn|[from] brn\n|upkeep\n|\n|t:|1659702442\n|switch|p2a: Kartana|Kartana|100\/100\n|-damage|p2a: Kartana|94\/100|[from] Stealth Rock\n|turn|25\n|\n|t:|1659702447\n|move|p2a: Kartana|Knock Off|p1a: Scizor\n|-damage|p1a: Scizor|33\/100 brn\n|-enditem|p1a: Scizor|Leftovers|[from] move: Knock Off|[of] p2a: Kartana\n|move|p1a: Scizor|Knock Off|p2a: Kartana\n|-damage|p2a: Kartana|53\/100\n|-enditem|p2a: Kartana|Choice Band|[from] move: Knock Off|[of] p1a: Scizor\n|\n|-damage|p1a: Scizor|27\/100 brn|[from] brn\n|upkeep\n|turn|26\n|\n|t:|1659702451\n|move|p1a: Scizor|Bullet Punch|p2a: Kartana\n|-resisted|p2a: Kartana\n|-damage|p2a: Kartana|34\/100\n|move|p2a: Kartana|Sacred Sword|p1a: Scizor\n|-damage|p1a: Scizor|0 fnt\n|faint|p1a: Scizor\n|-ability|p2a: Kartana|Beast Boost|boost\n|-boost|p2a: Kartana|atk|1\n|\n|upkeep\n|\n|t:|1659702453\n|switch|p1a: Weavile|Weavile, M|100\/100\n|-ability|p1a: Weavile|Pressure\n|turn|27\n|\n|t:|1659702456\n|move|p1a: Weavile|Triple Axel|p2a: Kartana\n|-damage|p2a: Kartana|24\/100\n|-damage|p2a: Kartana|2\/100\n|-damage|p2a: Kartana|0 fnt\n|faint|p2a: Kartana\n|-hitcount|p2: Kartana|3\n|\n|upkeep\n|\n|t:|1659702458\n|switch|p2a: Tapu Lele|Tapu Lele|100\/100\n|-damage|p2a: Tapu Lele|88\/100|[from] Stealth Rock\n|-fieldstart|move: Psychic Terrain|[from] ability: Psychic Surge|[of] p2a: Tapu Lele\n|turn|28\n|\n|t:|1659702462\n|move|p2a: Tapu Lele|Moonblast|p1a: Weavile\n|-supereffective|p1a: Weavile\n|-damage|p1a: Weavile|0 fnt\n|faint|p1a: Weavile\n|\n|upkeep\n|\n|t:|1659702464\n|switch|p1a: Garchomp|Garchomp, F|100\/100\n|turn|29\n|\n|t:|1659702466\n|move|p2a: Tapu Lele|Moonblast|p1a: Garchomp\n|-supereffective|p1a: Garchomp\n|-enditem|p1a: Garchomp|Roseli Berry|[eat]\n|-enditem|p1a: Garchomp|Roseli Berry|[weaken]\n|-damage|p1a: Garchomp|44\/100\n|-unboost|p1a: Garchomp|spa|1\n|move|p1a: Garchomp|Earthquake|p2a: Tapu Lele\n|-damage|p2a: Tapu Lele|9\/100\n|\n|upkeep\n|turn|30\n|c|\u2606LT92PF PDC|GREAT\n|c|\u2606Daevank5|Woah\n|c|\u2606Daevank5|thats a pretty cool tech\n|c|\u2606Daevank5|ngl\n|inactive|Daevank5 has 120 seconds left.\n|c|\u2606Daevank5|can I just say , it\u2019s actually crazy being able to face you , I remember you from like blunder videos like 6 years ago\n|c|\u2606Daevank5|gg brother\n|c|\u2606LT92PF PDC|gg\n|c|\u2606Daevank5|same with xray\n|c|\u2606LT92PF PDC|yeah i was around\n|c| xray|haha\n|c| xray|nice\n|\n|t:|1659702525\n|move|p2a: Tapu Lele|Moonblast|p1a: Garchomp\n|-supereffective|p1a: Garchomp\n|-damage|p1a: Garchomp|0 fnt\n|faint|p1a: Garchomp\n|\n|win|Daevank5\n|raw|LT92PF PDC's rating: 1706 &rarr; <strong>1685<\/strong><br \/>(-21 for losing)\n|raw|Daevank5's rating: 1690 &rarr; <strong>1711<\/strong><br \/>(+21 for winning)\n|c|\u2606Daevank5|You guys r great\n|c|\u2606Daevank5|gg\n|c| xray|thank you, have a nice day\n|c| xray|:D\n|c|\u2606Daevank5|You too brother :)\n|l| xray\n||Ladder isn't responding, score probably updated but might not have (Request timeout).\n","uploadtime":1659702537,"views":64,"p1id":"lt92pfpdc","p2id":"daevank5","formatid":"gen8ou","rating":1685,"private":0,"password":null}