{"id":"gen8lc-1702387085","p1":"Ceruledges","p2":"apparition affair","format":"gen8lc","log":"|html|<div class=\"broadcast-blue\"><strong>[Gen 8] LC is currently suspecting Magby! For information on how to participate check out the <a href=\"https:\/\/www.smogon.com\/forums\/threads\/lc-suspect-%E2%80%94-the-drum.3709906\/\">suspect thread<\/a>.<\/strong><\/div>\n|j|\u2606Ceruledges\n|j|\u2606apparition affair\n|inactive|Battle timer is ON: inactive players will automatically lose when time's up.\n|t:|1667545205\n|gametype|singles\n|player|p1|Ceruledges|tateandliza-gen6|\n|player|p2|apparition affair|lucas|\n|teamsize|p1|6\n|teamsize|p2|6\n|gen|8\n|tier|[Gen 8] LC\n|rated|Tournament battle\n|rule|Sleep Clause Mod: Limit one foe put to sleep\n|rule|Species Clause: Limit one of each Pok\u00e9mon\n|rule|OHKO Clause: OHKO moves are banned\n|rule|Evasion Items Clause: Evasion items are banned\n|rule|Evasion Moves Clause: Evasion moves are banned\n|rule|Endless Battle Clause: Forcing endless battles is banned\n|rule|HP Percentage Mod: HP is shown in percentages\n|rule|Dynamax Clause: You cannot dynamax\n|clearpoke\n|poke|p1|Dwebble, L5, M|\n|poke|p1|Abra, L5, F|\n|poke|p1|Golett, L5|\n|poke|p1|Timburr, L5, F|\n|poke|p1|Ponyta, L5, F|\n|poke|p1|Grookey, L5, F|\n|poke|p2|Ferroseed, L5, F|\n|poke|p2|Natu, L5, M|\n|poke|p2|Diglett, L5, M|\n|poke|p2|Mienfoo, L5, M|\n|poke|p2|Staryu, L5|\n|poke|p2|Koffing, L5, M|\n|teampreview\n|j|*Lady Monita \u263d\n|j| BB-8-NU\n|inactive|Ceruledges also wants the timer to be on.\n|j| The Bull 007\n|j| Prav1759\n|j| Miss. Lovix_Rouse\u2763\n|\n|t:|1667545219\n|start\n|switch|p1a: Dwebble|Dwebble, L5, M|100\/100\n|switch|p2a: Mienfoo|Mienfoo, L5, M|100\/100\n|turn|1\n|j| Sandman71\n|\n|t:|1667545227\n|move|p2a: Mienfoo|U-turn|p1a: Dwebble\n|-damage|p1a: Dwebble|81\/100\n|-ability|p1a: Dwebble|Weak Armor|boost\n|-unboost|p1a: Dwebble|def|1\n|-boost|p1a: Dwebble|spe|2\n|\n|t:|1667545232\n|switch|p2a: Green Apple|Natu, L5, M|100\/100|[from]move: U-turn\n|move|p1a: Dwebble|Knock Off|p2a: Green Apple\n|-supereffective|p2a: Green Apple\n|-damage|p2a: Green Apple|34\/100\n|-enditem|p2a: Green Apple|Eviolite|[from] move: Knock Off|[of] p1a: Dwebble\n|\n|upkeep\n|turn|2\n|j| JoeUX9\n|\n|t:|1667545235\n|switch|p2a: Mienfoo|Mienfoo, L5, M|100\/100\n|move|p1a: Dwebble|Rock Blast|p2a: Mienfoo\n|-resisted|p2a: Mienfoo\n|-damage|p2a: Mienfoo|96\/100\n|-resisted|p2a: Mienfoo\n|-damage|p2a: Mienfoo|91\/100\n|-resisted|p2a: Mienfoo\n|-damage|p2a: Mienfoo|86\/100\n|-resisted|p2a: Mienfoo\n|-damage|p2a: Mienfoo|81\/100\n|-hitcount|p2a: Mienfoo|4\n|\n|upkeep\n|turn|3\n|\n|t:|1667545238\n|switch|p2a: Green Apple|Natu, L5, M|34\/100\n|move|p1a: Dwebble|Stealth Rock|p2a: Green Apple\n|move|p2a: Green Apple|Stealth Rock|p1a: Dwebble|[from]ability: Magic Bounce\n|-sidestart|p1: Ceruledges|move: Stealth Rock\n|\n|upkeep\n|turn|4\n|\n|t:|1667545242\n|switch|p2a: Mienfoo|Mienfoo, L5, M|100\/100\n|move|p1a: Dwebble|Knock Off|p2a: Mienfoo\n|-resisted|p2a: Mienfoo\n|-damage|p2a: Mienfoo|91\/100\n|-enditem|p2a: Mienfoo|Eviolite|[from] move: Knock Off|[of] p1a: Dwebble\n|\n|upkeep\n|turn|5\n|\n|t:|1667545247\n|move|p1a: Dwebble|Knock Off|p2a: Mienfoo\n|-resisted|p2a: Mienfoo\n|-damage|p2a: Mienfoo|77\/100\n|move|p2a: Mienfoo|High Jump Kick|p1a: Dwebble\n|-damage|p1a: Dwebble|5\/100\n|-ability|p1a: Dwebble|Weak Armor|boost\n|-unboost|p1a: Dwebble|def|1\n|-boost|p1a: Dwebble|spe|2\n|\n|upkeep\n|turn|6\n|\n|t:|1667545254\n|switch|p2a: Green Apple|Natu, L5, M|34\/100\n|move|p1a: Dwebble|Stealth Rock|p2a: Green Apple\n|move|p2a: Green Apple|Stealth Rock||[from]ability: Magic Bounce|[still]\n|-fail|p2a: Green Apple\n|\n|upkeep\n|turn|7\n|\n|t:|1667545256\n|switch|p2a: Mienfoo|Mienfoo, L5, M|100\/100\n|move|p1a: Dwebble|Stealth Rock|p2a: Mienfoo\n|-sidestart|p2: apparition affair|move: Stealth Rock\n|\n|upkeep\n|turn|8\n|\n|t:|1667545260\n|move|p2a: Mienfoo|Fake Out|p1a: Dwebble\n|-resisted|p1a: Dwebble\n|-damage|p1a: Dwebble|0 fnt\n|faint|p1a: Dwebble\n|\n|upkeep\n|\n|t:|1667545264\n|switch|p1a: Abra|Abra, L5, F|100\/100\n|turn|9\n|\n|t:|1667545273\n|switch|p2a: Ferroseed|Ferroseed, L5, F|100\/100\n|-damage|p2a: Ferroseed|96\/100|[from] Stealth Rock\n|move|p1a: Abra|Substitute|p1a: Abra\n|-start|p1a: Abra|Substitute\n|-damage|p1a: Abra|79\/100\n|\n|upkeep\n|turn|10\n|\n|t:|1667545277\n|switch|p1a: Ponyta|Ponyta, L5, F|100\/100\n|-damage|p1a: Ponyta|78\/100|[from] Stealth Rock\n|move|p2a: Ferroseed|Knock Off|p1a: Ponyta\n|-damage|p1a: Ponyta|37\/100\n|-enditem|p1a: Ponyta|Berry Juice|[from] move: Knock Off|[of] p2a: Ferroseed\n|\n|upkeep\n|turn|11\n|\n|t:|1667545283\n|switch|p2a: Staryu|Staryu, L5|100\/100\n|-damage|p2a: Staryu|90\/100|[from] Stealth Rock\n|move|p1a: Ponyta|Flame Charge|p2a: Staryu\n|-resisted|p2a: Staryu\n|-damage|p2a: Staryu|74\/100\n|-boost|p1a: Ponyta|spe|1\n|\n|upkeep\n|turn|12\n|\n|t:|1667545286\n|move|p1a: Ponyta|Wild Charge|p2a: Staryu\n|-supereffective|p2a: Staryu\n|-damage|p2a: Staryu|0 fnt\n|faint|p2a: Staryu\n|-damage|p1a: Ponyta|19\/100|[from] Recoil\n|\n|upkeep\n|\n|t:|1667545289\n|switch|p2a: Mienfoo|Mienfoo, L5, M|100\/100\n|-damage|p2a: Mienfoo|96\/100|[from] Stealth Rock\n|turn|13\n|\n|t:|1667545292\n|move|p2a: Mienfoo|Fake Out|p1a: Ponyta\n|-damage|p1a: Ponyta|0 fnt\n|faint|p1a: Ponyta\n|\n|upkeep\n|j| ETJX\n|\n|t:|1667545298\n|switch|p1a: Abra|Abra, L5, F|79\/100\n|turn|14\n|\n|t:|1667545301\n|switch|p2a: Ferroseed|Ferroseed, L5, F|96\/100\n|-damage|p2a: Ferroseed|91\/100|[from] Stealth Rock\n|move|p1a: Abra|Psychic|p2a: Ferroseed\n|-resisted|p2a: Ferroseed\n|-damage|p2a: Ferroseed|69\/100\n|\n|upkeep\n|turn|15\n|\n|t:|1667545305\n|switch|p1a: Timburr|Timburr, L5, F|100\/100\n|-damage|p1a: Timburr|96\/100|[from] Stealth Rock\n|move|p2a: Ferroseed|Knock Off|p1a: Timburr\n|-resisted|p1a: Timburr\n|-damage|p1a: Timburr|88\/100\n|-enditem|p1a: Timburr|Eviolite|[from] move: Knock Off|[of] p2a: Ferroseed\n|\n|upkeep\n|turn|16\n|j| thebiggestfatnoob\n|\n|t:|1667545311\n|switch|p2a: Koffing|Koffing, L5, M|100\/100\n|-ability|p2a: Koffing|Neutralizing Gas\n|-damage|p2a: Koffing|90\/100|[from] Stealth Rock\n|move|p1a: Timburr|Bulk Up|p1a: Timburr\n|-boost|p1a: Timburr|atk|1\n|-boost|p1a: Timburr|def|1\n|\n|upkeep\n|turn|17\n|\n|t:|1667545314\n|move|p2a: Koffing|Sludge Bomb|p1a: Timburr\n|-damage|p1a: Timburr|25\/100\n|move|p1a: Timburr|Knock Off|p2a: Koffing\n|-damage|p2a: Koffing|50\/100\n|-enditem|p2a: Koffing|Eviolite|[from] move: Knock Off|[of] p1a: Timburr\n|\n|upkeep\n|turn|18\n|\n|t:|1667545324\n|switch|p1a: Golett|Golett, L5|100\/100\n|-damage|p1a: Golett|96\/100|[from] Stealth Rock\n|move|p2a: Koffing|Sludge Bomb|p1a: Golett\n|-resisted|p1a: Golett\n|-damage|p1a: Golett|82\/100\n|\n|upkeep\n|turn|19\n|\n|t:|1667545334\n|move|p1a: Golett|Dynamic Punch|p2a: Koffing\n|-resisted|p2a: Koffing\n|-damage|p2a: Koffing|30\/100\n|-start|p2a: Koffing|confusion\n|-activate|p2a: Koffing|confusion\n|move|p2a: Koffing|Sludge Bomb|p1a: Golett\n|-resisted|p1a: Golett\n|-damage|p1a: Golett|69\/100\n|\n|upkeep\n|turn|20\n|\n|t:|1667545339\n|move|p1a: Golett|Dynamic Punch|p2a: Koffing|[miss]\n|-miss|p1a: Golett|p2a: Koffing\n|-activate|p2a: Koffing|confusion\n|move|p2a: Koffing|Sludge Bomb|p1a: Golett\n|-resisted|p1a: Golett\n|-damage|p1a: Golett|55\/100\n|\n|upkeep\n|turn|21\n|\n|t:|1667545348\n|move|p1a: Golett|Dynamic Punch|p2a: Koffing|[miss]\n|-miss|p1a: Golett|p2a: Koffing\n|-activate|p2a: Koffing|confusion\n|-damage|p2a: Koffing|20\/100|[from] confusion\n|\n|upkeep\n|turn|22\n|\n|t:|1667545352\n|move|p1a: Golett|Dynamic Punch|p2a: Koffing\n|-resisted|p2a: Koffing\n|-damage|p2a: Koffing|0 fnt\n|faint|p2a: Koffing\n|-end|p2a: Koffing|ability: Neutralizing Gas\n|\n|upkeep\n|\n|t:|1667545356\n|switch|p2a: Mienfoo|Mienfoo, L5, M|100\/100\n|-damage|p2a: Mienfoo|96\/100|[from] Stealth Rock\n|turn|23\n|\n|t:|1667545363\n|move|p1a: Golett|Dynamic Punch|p2a: Mienfoo\n|-damage|p2a: Mienfoo|48\/100\n|-start|p2a: Mienfoo|confusion\n|-activate|p2a: Mienfoo|confusion\n|-damage|p2a: Mienfoo|29\/100|[from] confusion\n|\n|upkeep\n|turn|24\n|\n|t:|1667545369\n|move|p1a: Golett|Dynamic Punch|p2a: Mienfoo\n|-damage|p2a: Mienfoo|0 fnt\n|faint|p2a: Mienfoo\n|\n|upkeep\n|j| TrynBuy\n|\n|t:|1667545386\n|switch|p2a: Diglett|Diglett, L5, M|100\/100\n|-damage|p2a: Diglett|95\/100|[from] Stealth Rock\n|turn|25\n|\n|t:|1667545389\n|move|p1a: Golett|Dynamic Punch|p2a: Diglett\n|-damage|p2a: Diglett|43\/100\n|-start|p2a: Diglett|confusion\n|-activate|p2a: Diglett|confusion\n|-damage|p2a: Diglett|16\/100|[from] confusion\n|\n|upkeep\n|turn|26\n|c|\u2606Ceruledges|mb\n|\n|t:|1667545397\n|-activate|p2a: Diglett|confusion\n|move|p2a: Diglett|Protect|p2a: Diglett\n|-singleturn|p2a: Diglett|Protect\n|move|p1a: Golett|Dynamic Punch|p2a: Diglett\n|-activate|p2a: Diglett|move: Protect\n|\n|upkeep\n|turn|27\n|c|\u2606apparition affair|gg\n|-message|apparition affair forfeited.\n|\n|win|Ceruledges\n|n|\u2606Ceruledges|ceruledges\n|n|\u2606apparition affair|apparitionaffair\n|n|*Lady Monita \u263d|ladymonita\n|n| BB-8-NU|bb8nu\n|n| The Bull 007|thebull007\n|n| Prav1759|prav1759\n|n| Miss. Lovix_Rouse\u2763|misslovixrouse\n|n| Sandman71|sandman71\n|n| JoeUX9|joeux9\n|n| ETJX|etjx\n|n| thebiggestfatnoob|thebiggestfatnoob\n|n| TrynBuy|trynbuy\n","uploadtime":1667545408,"views":9,"p1id":"ceruledges","p2id":"apparitionaffair","formatid":"gen8lc","rating":0,"private":0,"password":null}