{"id":"gen8randombattle-1559964543","p1":"Remzchief","p2":"TehranTyphlosions","format":"gen8randombattle","log":"|j|\u2606Remzchief\n|j|\u2606TehranTyphlosions\n|t:|1650755697\n|gametype|singles\n|player|p1|Remzchief|korrina|1764\n|player|p2|TehranTyphlosions|169|1833\n|teamsize|p1|6\n|teamsize|p2|6\n|gen|8\n|tier|[Gen 8] Random Battle\n|rated|\n|rule|Species Clause: Limit one of each Pok\u00e9mon\n|rule|HP Percentage Mod: HP is shown in percentages\n|rule|Sleep Clause Mod: Limit one foe put to sleep\n|\n|t:|1650755697\n|start\n|switch|p1a: Poliwrath|Poliwrath, L84, F|288\/288\n|switch|p2a: Bewear|Bewear, L82, F|331\/331\n|turn|1\n|inactive|Battle timer is ON: inactive players will automatically lose when time's up. (requested by Remzchief)\n|inactive|Remzchief has 120 seconds left.\n|inactive|Remzchief has 90 seconds left.\n|\n|t:|1650755781\n|move|p1a: Poliwrath|Close Combat|p2a: Bewear\n|-supereffective|p2a: Bewear\n|-damage|p2a: Bewear|156\/331\n|-unboost|p1a: Poliwrath|def|1\n|-unboost|p1a: Poliwrath|spd|1\n|-damage|p1a: Poliwrath|260\/288|[from] item: Life Orb\n|move|p2a: Bewear|Double-Edge|p1a: Poliwrath\n|-damage|p1a: Poliwrath|0 fnt\n|faint|p1a: Poliwrath\n|-damage|p2a: Bewear|70\/331|[from] Recoil\n|-damage|p2a: Bewear|37\/331|[from] item: Life Orb\n|\n|upkeep\n|\n|t:|1650755795\n|switch|p1a: Gardevoir|Gardevoir, L82, F|246\/246\n|-ability|p1a: Gardevoir|Fluffy|[from] ability: Trace|[of] p2a: Bewear\n|turn|2\n|\n|t:|1650755800\n|switch|p2a: Cobalion|Cobalion, L78|270\/270\n|move|p1a: Gardevoir|Substitute|p1a: Gardevoir\n|-start|p1a: Gardevoir|Substitute\n|-damage|p1a: Gardevoir|185\/246\n|\n|-heal|p1a: Gardevoir|200\/246|[from] item: Leftovers\n|upkeep\n|turn|3\n|\n|t:|1650755814\n|move|p2a: Cobalion|Iron Head|p1a: Gardevoir\n|-supereffective|p1a: Gardevoir\n|-end|p1a: Gardevoir|Substitute\n|move|p1a: Gardevoir|Moonblast|p2a: Cobalion\n|-damage|p2a: Cobalion|131\/270\n|\n|-heal|p1a: Gardevoir|215\/246|[from] item: Leftovers\n|upkeep\n|turn|4\n|inactive|Remzchief has 120 seconds left.\n|\n|t:|1650755842\n|move|p2a: Cobalion|Iron Head|p1a: Gardevoir\n|-supereffective|p1a: Gardevoir\n|-damage|p1a: Gardevoir|131\/246\n|move|p1a: Gardevoir|Moonblast|p2a: Cobalion\n|-damage|p2a: Cobalion|0 fnt\n|faint|p2a: Cobalion\n|\n|-heal|p1a: Gardevoir|146\/246|[from] item: Leftovers\n|upkeep\n|inactive|TehranTyphlosions has 120 seconds left.\n|\n|t:|1650755893\n|switch|p2a: Thundurus|Thundurus-Therian, L80, M|258\/258\n|turn|5\n|inactive|Remzchief has 120 seconds left.\n|\n|t:|1650755932\n|move|p2a: Thundurus|Nasty Plot|p2a: Thundurus\n|-boost|p2a: Thundurus|spa|2\n|move|p1a: Gardevoir|Moonblast|p2a: Thundurus\n|-damage|p2a: Thundurus|126\/258\n|-unboost|p2a: Thundurus|spa|1\n|\n|-heal|p1a: Gardevoir|161\/246|[from] item: Leftovers\n|upkeep\n|turn|6\n|inactive|Remzchief has 90 seconds left.\n|\n|t:|1650755948\n|switch|p1a: Ferrothorn|Ferrothorn, L78, M|244\/244\n|move|p2a: Thundurus|Thunderbolt|p1a: Ferrothorn\n|-resisted|p1a: Ferrothorn\n|-damage|p1a: Ferrothorn|168\/244\n|\n|-heal|p1a: Ferrothorn|183\/244|[from] item: Leftovers\n|upkeep\n|turn|7\n|inactive|TehranTyphlosions has 120 seconds left.\n|inactive|Remzchief has 90 seconds left.\n|\n|t:|1650755975\n|switch|p1a: Gardevoir|Gardevoir, L82, F|161\/246\n|-ability|p1a: Gardevoir|Volt Absorb|[from] ability: Trace|[of] p2a: Thundurus\n|move|p2a: Thundurus|Thunderbolt|p1a: Gardevoir\n|-heal|p1a: Gardevoir|222\/246|[from] ability: Volt Absorb|[of] p2a: Thundurus\n|\n|-heal|p1a: Gardevoir|237\/246|[from] item: Leftovers\n|upkeep\n|turn|8\n|inactive|TehranTyphlosions has 120 seconds left.\n|\n|t:|1650755985\n|move|p2a: Thundurus|Grass Knot|p1a: Gardevoir\n|-damage|p1a: Gardevoir|164\/246\n|move|p1a: Gardevoir|Moonblast|p2a: Thundurus\n|-damage|p2a: Thundurus|6\/258\n|-unboost|p2a: Thundurus|spa|1\n|\n|-heal|p1a: Gardevoir|179\/246|[from] item: Leftovers\n|upkeep\n|turn|9\n|inactive|TehranTyphlosions has 120 seconds left.\n|\n|t:|1650755995\n|switch|p2a: Kyogre|Kyogre, L72|263\/263\n|-weather|RainDance|[from] ability: Drizzle|[of] p2a: Kyogre\n|move|p1a: Gardevoir|Moonblast|p2a: Kyogre\n|-damage|p2a: Kyogre|175\/263\n|-unboost|p2a: Kyogre|spa|1\n|\n|-weather|RainDance|[upkeep]\n|-heal|p1a: Gardevoir|194\/246|[from] item: Leftovers\n|-heal|p2a: Kyogre|191\/263|[from] item: Leftovers\n|upkeep\n|turn|10\n|\n|t:|1650756008\n|move|p1a: Gardevoir|Substitute|p1a: Gardevoir\n|-start|p1a: Gardevoir|Substitute\n|-damage|p1a: Gardevoir|133\/246\n|move|p2a: Kyogre|Origin Pulse|p1a: Gardevoir|[miss]\n|-miss|p2a: Kyogre|p1a: Gardevoir\n|\n|-weather|RainDance|[upkeep]\n|-heal|p1a: Gardevoir|148\/246|[from] item: Leftovers\n|-heal|p2a: Kyogre|207\/263|[from] item: Leftovers\n|upkeep\n|turn|11\n|\n|t:|1650756018\n|move|p1a: Gardevoir|Calm Mind|p1a: Gardevoir\n|-boost|p1a: Gardevoir|spa|1\n|-boost|p1a: Gardevoir|spd|1\n|move|p2a: Kyogre|Origin Pulse|p1a: Gardevoir\n|-end|p1a: Gardevoir|Substitute\n|\n|-weather|RainDance|[upkeep]\n|-heal|p1a: Gardevoir|163\/246|[from] item: Leftovers\n|-heal|p2a: Kyogre|223\/263|[from] item: Leftovers\n|upkeep\n|turn|12\n|\n|t:|1650756031\n|move|p1a: Gardevoir|Substitute|p1a: Gardevoir\n|-start|p1a: Gardevoir|Substitute\n|-damage|p1a: Gardevoir|102\/246\n|move|p2a: Kyogre|Calm Mind|p2a: Kyogre\n|-boost|p2a: Kyogre|spa|1\n|-boost|p2a: Kyogre|spd|1\n|\n|-weather|RainDance|[upkeep]\n|-heal|p1a: Gardevoir|117\/246|[from] item: Leftovers\n|-heal|p2a: Kyogre|239\/263|[from] item: Leftovers\n|upkeep\n|turn|13\n|\n|t:|1650756040\n|move|p1a: Gardevoir|Calm Mind|p1a: Gardevoir\n|-boost|p1a: Gardevoir|spa|1\n|-boost|p1a: Gardevoir|spd|1\n|move|p2a: Kyogre|Origin Pulse|p1a: Gardevoir\n|-end|p1a: Gardevoir|Substitute\n|\n|-weather|none\n|-heal|p1a: Gardevoir|132\/246|[from] item: Leftovers\n|-heal|p2a: Kyogre|255\/263|[from] item: Leftovers\n|upkeep\n|turn|14\n|inactive|Remzchief has 90 seconds left.\n|\n|t:|1650756051\n|move|p1a: Gardevoir|Substitute|p1a: Gardevoir\n|-start|p1a: Gardevoir|Substitute\n|-damage|p1a: Gardevoir|71\/246\n|move|p2a: Kyogre|Calm Mind|p2a: Kyogre\n|-boost|p2a: Kyogre|spa|1\n|-boost|p2a: Kyogre|spd|1\n|\n|-heal|p1a: Gardevoir|86\/246|[from] item: Leftovers\n|-heal|p2a: Kyogre|263\/263|[from] item: Leftovers\n|upkeep\n|turn|15\n|inactive|Remzchief has 90 seconds left.\n|\n|t:|1650756061\n|move|p1a: Gardevoir|Calm Mind|p1a: Gardevoir\n|-boost|p1a: Gardevoir|spa|1\n|-boost|p1a: Gardevoir|spd|1\n|move|p2a: Kyogre|Origin Pulse|p1a: Gardevoir\n|-activate|p1a: Gardevoir|move: Substitute|[damage]\n|\n|-heal|p1a: Gardevoir|101\/246|[from] item: Leftovers\n|upkeep\n|turn|16\n|inactive|Remzchief has 90 seconds left.\n|\n|t:|1650756079\n|move|p1a: Gardevoir|Psyshock|p2a: Kyogre\n|-crit|p2a: Kyogre\n|-damage|p2a: Kyogre|0 fnt\n|faint|p2a: Kyogre\n|\n|-heal|p1a: Gardevoir|116\/246|[from] item: Leftovers\n|upkeep\n|-message|TehranTyphlosions forfeited.\n|\n|win|Remzchief\n|raw|Remzchief's rating: 1764 &rarr; <strong>1788<\/strong><br \/>(+24 for winning)\n|raw|TehranTyphlosions's rating: 1833 &rarr; <strong>1809<\/strong><br \/>(-24 for losing)\n|l|\u2606TehranTyphlosions\n","inputlog":">version 0162639e2be10fee1f1935f037788d778e37d0f7\n>start {\"formatid\":\"gen8randombattle\",\"seed\":[11261,38807,21803,36200],\"rated\":\"Rated battle\"}\n>player p1 {\"name\":\"Remzchief\",\"avatar\":\"korrina\",\"rating\":1764,\"seed\":[32174,46975,33488,6798]}\n>player p2 {\"name\":\"TehranTyphlosions\",\"avatar\":\"169\",\"rating\":1833,\"seed\":[3231,51026,39030,42227]}\n>p1 move closecombat\n>p2 move doubleedge\n>p1 switch 4\n>p1 move substitute\n>p2 switch 4\n>p1 move moonblast\n>p2 move ironhead\n>p1 move moonblast\n>p2 move ironhead\n>p2 switch 2\n>p1 move moonblast\n>p2 move nastyplot\n>p1 switch 5\n>p2 move thunderbolt\n>p1 switch 5\n>p2 move thunderbolt\n>p1 move moonblast\n>p2 move grassknot\n>p1 move moonblast\n>p2 switch 3\n>p1 move substitute\n>p2 move originpulse\n>p1 move calmmind\n>p2 move originpulse\n>p1 move substitute\n>p2 move calmmind\n>p1 move calmmind\n>p2 move originpulse\n>p1 move substitute\n>p2 move calmmind\n>p1 move calmmind\n>p2 move originpulse\n>p1 move psyshock\n>p2 move icebeam\n>forcelose p2","uploadtime":1650756089,"views":11,"p1id":"remzchief","p2id":"tehrantyphlosions","formatid":"gen8randombattle","rating":1788,"private":0,"password":null}