{"id":"gen8ou-1643580314","p1":"PokeKingMonotype","p2":"himynametay","format":"gen8ou","log":"|j|\u2606PokeKingMonotype\n|j|\u203dhimynametay\n|inactive|Battle timer is ON: inactive players will automatically lose when time's up.\n|t:|1660950021\n|gametype|singles\n|player|p1|PokeKingMonotype|leon|\n|player|p2|himynametay|elesa-masters|\n|teamsize|p1|6\n|teamsize|p2|6\n|gen|8\n|tier|[Gen 8] OU\n|rated|Tournament battle\n|rule|Sleep Clause Mod: Limit one foe put to sleep\n|rule|Species Clause: Limit one of each Pok\u00e9mon\n|rule|OHKO Clause: OHKO moves are banned\n|rule|Evasion Items Clause: Evasion items are banned\n|rule|Evasion Moves Clause: Evasion moves are banned\n|rule|Endless Battle Clause: Forcing endless battles is banned\n|rule|HP Percentage Mod: HP is shown in percentages\n|rule|Dynamax Clause: You cannot dynamax\n|clearpoke\n|poke|p1|Tapu Koko|\n|poke|p1|Hawlucha, M|\n|poke|p1|Latios, M|\n|poke|p1|Omastar, M|\n|poke|p1|Lycanroc-Dusk, M|\n|poke|p1|Garchomp, M|\n|poke|p2|Landorus-Therian, M|\n|poke|p2|Ferrothorn, M|\n|poke|p2|Urshifu-*, M|\n|poke|p2|Tornadus-Therian, M|\n|poke|p2|Dragapult, M|\n|poke|p2|Tapu Lele|\n|teampreview\n|\n|t:|1660950033\n|start\n|switch|p1a: Tapu Koko|Tapu Koko|100\/100\n|switch|p2a: Urshifu|Urshifu-Rapid-Strike, M|100\/100\n|-fieldstart|move: Electric Terrain|[from] ability: Electric Surge|[of] p1a: Tapu Koko\n|turn|1\n|\n|t:|1660950044\n|switch|p2a: Landorus|Landorus-Therian, M|100\/100\n|-ability|p2a: Landorus|Intimidate|boost\n|-unboost|p1a: Tapu Koko|atk|1\n|move|p1a: Tapu Koko|U-turn|p2a: Landorus\n|-resisted|p2a: Landorus\n|-damage|p2a: Landorus|95\/100\n|\n|t:|1660950052\n|switch|p1a: Lycanroc|Lycanroc-Dusk, M|100\/100|[from]move: U-turn\n|\n|-heal|p2a: Landorus|100\/100|[from] item: Leftovers\n|upkeep\n|turn|2\n|j| maxxxnuel\n|\n|t:|1660950081\n|move|p1a: Lycanroc|Stealth Rock|p2a: Landorus\n|-sidestart|p2: himynametay|move: Stealth Rock\n|move|p2a: Landorus|U-turn|p1a: Lycanroc\n|-damage|p1a: Lycanroc|64\/100\n|\n|t:|1660950091\n|switch|p2a: Dragapult|Dragapult, M|100\/100|[from]move: U-turn\n|-damage|p2a: Dragapult|88\/100|[from] Stealth Rock\n|\n|upkeep\n|turn|3\n|\n|t:|1660950095\n|move|p1a: Lycanroc|Accelerock|p2a: Dragapult\n|-damage|p2a: Dragapult|51\/100\n|move|p2a: Dragapult|Shadow Ball|p1a: Lycanroc\n|-damage|p1a: Lycanroc|0 fnt\n|faint|p1a: Lycanroc\n|\n|upkeep\n|j| AethsK\n|\n|t:|1660950107\n|switch|p1a: Garchomp|Garchomp, M|100\/100\n|turn|4\n|\n|t:|1660950111\n|switch|p2a: Landorus|Landorus-Therian, M|100\/100\n|-damage|p2a: Landorus|88\/100|[from] Stealth Rock\n|-ability|p2a: Landorus|Intimidate|boost\n|-unboost|p1a: Garchomp|atk|1\n|move|p1a: Garchomp|Swords Dance|p1a: Garchomp\n|-boost|p1a: Garchomp|atk|2\n|\n|-heal|p2a: Landorus|94\/100|[from] item: Leftovers\n|upkeep\n|turn|5\n|\n|t:|1660950121\n|switch|p2a: Tapu Lele|Tapu Lele|100\/100\n|-damage|p2a: Tapu Lele|88\/100|[from] Stealth Rock\n|-fieldstart|move: Psychic Terrain|[from] ability: Psychic Surge|[of] p2a: Tapu Lele\n|move|p1a: Garchomp|Swords Dance|p1a: Garchomp\n|-boost|p1a: Garchomp|atk|2\n|\n|upkeep\n|turn|6\n|\n|t:|1660950129\n|move|p2a: Tapu Lele|Moonblast|p1a: Garchomp\n|-supereffective|p1a: Garchomp\n|-damage|p1a: Garchomp|0 fnt\n|faint|p1a: Garchomp\n|\n|upkeep\n|\n|t:|1660950135\n|switch|p1a: Tapu Koko|Tapu Koko|100\/100\n|-fieldstart|move: Electric Terrain|[from] ability: Electric Surge|[of] p1a: Tapu Koko\n|turn|7\n|l| maxxxnuel\n|inactive|himynametay has 120 seconds left.\n|l| AethsK\n|\n|t:|1660950174\n|switch|p2a: Tornadus|Tornadus-Therian, M|100\/100\n|-damage|p2a: Tornadus|75\/100|[from] Stealth Rock\n|move|p1a: Tapu Koko|Light Screen|p1a: Tapu Koko\n|-sidestart|p1: PokeKingMonotype|move: Light Screen\n|\n|upkeep\n|turn|8\n|\n|t:|1660950179\n|move|p1a: Tapu Koko|Taunt|p2a: Tornadus\n|-start|p2a: Tornadus|move: Taunt\n|move|p2a: Tornadus|U-turn|p1a: Tapu Koko\n|-resisted|p1a: Tapu Koko\n|-damage|p1a: Tapu Koko|92\/100\n|\n|t:|1660950181\n|switch|p2a: Tapu Lele|Tapu Lele|88\/100|[from]move: U-turn\n|-damage|p2a: Tapu Lele|76\/100|[from] Stealth Rock\n|-fieldstart|move: Psychic Terrain|[from] ability: Psychic Surge|[of] p2a: Tapu Lele\n|\n|upkeep\n|turn|9\n|\n|t:|1660950185\n|switch|p2a: Landorus|Landorus-Therian, M|94\/100\n|-damage|p2a: Landorus|82\/100|[from] Stealth Rock\n|-ability|p2a: Landorus|Intimidate|boost\n|-unboost|p1a: Tapu Koko|atk|1\n|move|p1a: Tapu Koko|Reflect|p1a: Tapu Koko\n|-sidestart|p1: PokeKingMonotype|Reflect\n|\n|-heal|p2a: Landorus|88\/100|[from] item: Leftovers\n|upkeep\n|turn|10\n|\n|t:|1660950190\n|move|p1a: Tapu Koko|Taunt|p2a: Landorus\n|-start|p2a: Landorus|move: Taunt\n|move|p2a: Landorus|Earthquake|p1a: Tapu Koko\n|-supereffective|p1a: Tapu Koko\n|-damage|p1a: Tapu Koko|41\/100\n|\n|-heal|p2a: Landorus|94\/100|[from] item: Leftovers\n|upkeep\n|turn|11\n|\n|t:|1660950193\n|move|p1a: Tapu Koko|U-turn|p2a: Landorus\n|-resisted|p2a: Landorus\n|-damage|p2a: Landorus|88\/100\n|\n|t:|1660950195\n|switch|p1a: Latios|Latios, M|100\/100|[from]move: U-turn\n|move|p2a: Landorus|U-turn|p1a: Latios\n|-supereffective|p1a: Latios\n|-damage|p1a: Latios|74\/100\n|-enditem|p1a: Latios|Weakness Policy\n|-boost|p1a: Latios|atk|2|[from] item: Weakness Policy\n|-boost|p1a: Latios|spa|2|[from] item: Weakness Policy\n|\n|t:|1660950201\n|switch|p2a: Dragapult|Dragapult, M|51\/100|[from]move: U-turn\n|-damage|p2a: Dragapult|39\/100|[from] Stealth Rock\n|\n|upkeep\n|turn|12\n|\n|t:|1660950227\n|switch|p1a: Tapu Koko|Tapu Koko|41\/100\n|-fieldstart|move: Electric Terrain|[from] ability: Electric Surge|[of] p1a: Tapu Koko\n|move|p2a: Dragapult|Shadow Ball|p1a: Tapu Koko\n|-damage|p1a: Tapu Koko|0 fnt\n|faint|p1a: Tapu Koko\n|\n|upkeep\n|\n|t:|1660950237\n|switch|p1a: Hawlucha|Hawlucha, M, shiny|100\/100\n|-enditem|p1a: Hawlucha|Electric Seed\n|-boost|p1a: Hawlucha|def|1|[from] item: Electric Seed\n|turn|13\n|\n|t:|1660950238\n|move|p1a: Hawlucha|Swords Dance|p1a: Hawlucha\n|-boost|p1a: Hawlucha|atk|2\n|move|p2a: Dragapult|Shadow Ball|p1a: Hawlucha\n|-damage|p1a: Hawlucha|23\/100\n|\n|upkeep\n|turn|14\n|\n|t:|1660950251\n|switch|p2a: Ferrothorn|Ferrothorn, M|100\/100\n|-damage|p2a: Ferrothorn|94\/100|[from] Stealth Rock\n|move|p1a: Hawlucha|Close Combat|p2a: Ferrothorn\n|-supereffective|p2a: Ferrothorn\n|-damage|p2a: Ferrothorn|0 fnt\n|-unboost|p1a: Hawlucha|def|1\n|-unboost|p1a: Hawlucha|spd|1\n|-damage|p1a: Hawlucha|10\/100|[from] ability: Iron Barbs|[of] p2a: Ferrothorn\n|-damage|p1a: Hawlucha|0 fnt|[from] item: Rocky Helmet|[of] p2a: Ferrothorn\n|faint|p2a: Ferrothorn\n|faint|p1a: Hawlucha\n|\n|-sideend|p1: PokeKingMonotype|move: Light Screen\n|upkeep\n|inactive|himynametay has 120 seconds left.\n|\n|t:|1660950296\n|switch|p1a: Omastar|Omastar, M, shiny|100\/100\n|switch|p2a: Dragapult|Dragapult, M|39\/100\n|-damage|p2a: Dragapult|26\/100|[from] Stealth Rock\n|turn|15\n|\n|t:|1660950303\n|move|p2a: Dragapult|Draco Meteor|p1a: Omastar\n|-crit|p1a: Omastar\n|-damage|p1a: Omastar|0 fnt\n|-unboost|p2a: Dragapult|spa|2\n|faint|p1a: Omastar\n|\n|upkeep\n|\n|t:|1660950309\n|switch|p1a: Latios|Latios, M|74\/100\n|turn|16\n|\n|t:|1660950310\n|move|p2a: Dragapult|Draco Meteor|p1a: Latios\n|-supereffective|p1a: Latios\n|-damage|p1a: Latios|0 fnt\n|-unboost|p2a: Dragapult|spa|2\n|faint|p1a: Latios\n|\n|win|himynametay\n|n|\u2606PokeKingMonotype|pokekingmonotype\n|n|\u203dhimynametay|himynametay\n","uploadtime":1660950439,"views":7,"p1id":"pokekingmonotype","p2id":"himynametay","formatid":"gen8ou","rating":0,"private":0,"password":null}