{"id":"gen8bdspou-1660161575","p1":"bizarman","p2":"Playingmobilelol","format":"gen8bdspou","log":"|j|\u2606bizarman\n|j|\u2606Playingmobilelol\n|t:|1662744189\n|gametype|singles\n|player|p1|bizarman|scientist-gen4|1581\n|player|p2|Playingmobilelol|265|1482\n|teamsize|p1|6\n|teamsize|p2|6\n|gen|8\n|tier|[Gen 8 BDSP] OU\n|rated|\n|rule|Sleep Clause Mod: Limit one foe put to sleep\n|rule|Species Clause: Limit one of each Pok\u00e9mon\n|rule|OHKO Clause: OHKO moves are banned\n|rule|Evasion Items Clause: Evasion items are banned\n|rule|Evasion Moves Clause: Evasion moves are banned\n|rule|Endless Battle Clause: Forcing endless battles is banned\n|rule|HP Percentage Mod: HP is shown in percentages\n|clearpoke\n|poke|p1|Bronzong|\n|poke|p1|Cresselia, F|\n|poke|p1|Crawdaunt, F|\n|poke|p1|Machamp, M|\n|poke|p1|Dusknoir, M|\n|poke|p1|Ursaring, F|\n|poke|p2|Skarmory, F|\n|poke|p2|Crawdaunt, M|\n|poke|p2|Dragonite, M|\n|poke|p2|Lucario, M|\n|poke|p2|Alakazam, F|\n|poke|p2|Mismagius, M|\n|teampreview\n|inactive|Battle timer is ON: inactive players will automatically lose when time's up. (requested by Playingmobilelol)\n|inactive|Playingmobilelol has 120 seconds left.\n|\n|t:|1662744223\n|start\n|switch|p1a: Bronzong|Bronzong|100\/100\n|switch|p2a: Skarmory|Skarmory, F|100\/100\n|turn|1\n|\n|t:|1662744230\n|move|p2a: Skarmory|Taunt|p1a: Bronzong\n|-start|p1a: Bronzong|move: Taunt\n|-enditem|p1a: Bronzong|Mental Herb\n|-end|p1a: Bronzong|move: Taunt\n|move|p1a: Bronzong|Trick Room|p1a: Bronzong\n|-fieldstart|move: Trick Room|[of] p1a: Bronzong\n|\n|upkeep\n|turn|2\n|\n|t:|1662744236\n|move|p1a: Bronzong|Stealth Rock|p2a: Skarmory\n|-sidestart|p2: Playingmobilelol|move: Stealth Rock\n|move|p2a: Skarmory|Stealth Rock|p1a: Bronzong\n|-sidestart|p1: bizarman|move: Stealth Rock\n|\n|upkeep\n|turn|3\n|\n|t:|1662744241\n|move|p1a: Bronzong|Explosion|p2a: Skarmory\n|-resisted|p2a: Skarmory\n|-damage|p2a: Skarmory|77\/100\n|faint|p1a: Bronzong\n|move|p2a: Skarmory|Spikes|p1: Bronzong\n|-sidestart|p1: bizarman|Spikes\n|\n|upkeep\n|\n|t:|1662744247\n|switch|p1a: Crawdaunt|Crawdaunt, F|100\/100\n|-damage|p1a: Crawdaunt|88\/100|[from] Stealth Rock\n|-damage|p1a: Crawdaunt|76\/100|[from] Spikes\n|turn|4\n|\n|t:|1662744253\n|move|p1a: Crawdaunt|Knock Off|p2a: Skarmory\n|-damage|p2a: Skarmory|0 fnt\n|-enditem|p2a: Skarmory|Custap Berry|[from] move: Knock Off|[of] p1a: Crawdaunt\n|faint|p2a: Skarmory\n|-damage|p1a: Crawdaunt|66\/100|[from] item: Life Orb\n|\n|upkeep\n|\n|t:|1662744261\n|switch|p2a: Crawdaunt|Crawdaunt, M|100\/100\n|-damage|p2a: Crawdaunt|88\/100|[from] Stealth Rock\n|turn|5\n|j| ForeverAloneXO\n|\n|t:|1662744270\n|move|p1a: Crawdaunt|Knock Off|p2a: Crawdaunt\n|-resisted|p2a: Crawdaunt\n|-damage|p2a: Crawdaunt|20\/100\n|-enditem|p2a: Crawdaunt|Choice Band|[from] move: Knock Off|[of] p1a: Crawdaunt\n|-damage|p1a: Crawdaunt|56\/100|[from] item: Life Orb\n|move|p2a: Crawdaunt|Knock Off|p1a: Crawdaunt\n|-resisted|p1a: Crawdaunt\n|-crit|p1a: Crawdaunt\n|-damage|p1a: Crawdaunt|0 fnt\n|-enditem|p1a: Crawdaunt|Life Orb|[from] move: Knock Off|[of] p2a: Crawdaunt\n|faint|p1a: Crawdaunt\n|\n|-fieldend|move: Trick Room\n|upkeep\n|\n|t:|1662744286\n|switch|p1a: Machamp|Machamp, M|100\/100\n|-damage|p1a: Machamp|94\/100|[from] Stealth Rock\n|-damage|p1a: Machamp|82\/100|[from] Spikes\n|turn|6\n|\n|t:|1662744291\n|move|p2a: Crawdaunt|Crabhammer|p1a: Machamp\n|-damage|p1a: Machamp|10\/100\n|move|p1a: Machamp|Close Combat|p2a: Crawdaunt\n|-supereffective|p2a: Crawdaunt\n|-damage|p2a: Crawdaunt|0 fnt\n|-unboost|p1a: Machamp|def|1\n|-unboost|p1a: Machamp|spd|1\n|faint|p2a: Crawdaunt\n|\n|-status|p1a: Machamp|brn|[from] item: Flame Orb\n|upkeep\n|\n|t:|1662744300\n|switch|p2a: Mismagius|Mismagius, M|100\/100\n|-damage|p2a: Mismagius|88\/100|[from] Stealth Rock\n|turn|7\n|inactive|bizarman has 120 seconds left.\n|\n|t:|1662744331\n|switch|p1a: Ursaring|Ursaring, F|100\/100\n|-damage|p1a: Ursaring|88\/100|[from] Stealth Rock\n|-damage|p1a: Ursaring|76\/100|[from] Spikes\n|move|p2a: Mismagius|Shadow Ball|p1a: Ursaring\n|-immune|p1a: Ursaring\n|\n|-status|p1a: Ursaring|brn|[from] item: Flame Orb\n|upkeep\n|turn|8\n|inactive|bizarman has 120 seconds left.\n|\n|t:|1662744359\n|switch|p1a: Cresselia|Cresselia, F|100\/100\n|-damage|p1a: Cresselia|88\/100|[from] Stealth Rock\n|move|p2a: Mismagius|Shadow Ball|p1a: Cresselia\n|-supereffective|p1a: Cresselia\n|-damage|p1a: Cresselia|46\/100\n|-unboost|p1a: Cresselia|spd|1\n|\n|upkeep\n|turn|9\n|inactive|bizarman has 120 seconds left.\n|c|\u2606bizarman|damn\n|c|\u2606bizarman|gg\n|\n|t:|1662744378\n|move|p2a: Mismagius|Taunt|p1a: Cresselia\n|-start|p1a: Cresselia|move: Taunt\n|cant|p1a: Cresselia|move: Taunt|Trick Room\n|\n|upkeep\n|turn|10\n|inactive|bizarman has 120 seconds left.\n|\n|t:|1662744386\n|switch|p1a: Ursaring|Ursaring, F|76\/100 brn\n|-damage|p1a: Ursaring|64\/100 brn|[from] Stealth Rock\n|-damage|p1a: Ursaring|51\/100 brn|[from] Spikes\n|move|p2a: Mismagius|Nasty Plot|p2a: Mismagius\n|-boost|p2a: Mismagius|spa|2\n|\n|-damage|p1a: Ursaring|45\/100 brn|[from] brn\n|upkeep\n|turn|11\n|\n|t:|1662744396\n|move|p2a: Mismagius|Mystical Fire|p1a: Ursaring\n|-damage|p1a: Ursaring|0 fnt\n|faint|p1a: Ursaring\n|\n|upkeep\n|-message|bizarman forfeited.\n|\n|win|Playingmobilelol\n|raw|bizarman's rating: 1581 &rarr; <strong>1555<\/strong><br \/>(-26 for losing)\n|raw|Playingmobilelol's rating: 1482 &rarr; <strong>1508<\/strong><br \/>(+26 for winning)\n|l|\u2606bizarman\n","uploadtime":1662744402,"views":5,"p1id":"bizarman","p2id":"playingmobilelol","formatid":"gen8bdspou","rating":1508,"private":0,"password":null}