{"id":"gen8bdspru-1522229348","p1":"Eve","p2":"Ill Leave","format":"gen8bdspru","log":"|j|\u2606Eve\n|j|\u2606Ill Leave\n|inactive|Battle timer is ON: inactive players will automatically lose when time's up.\n|t:|1646260012\n|gametype|singles\n|player|p1|Eve|selene|\n|player|p2|Ill Leave|janine|\n|teamsize|p1|6\n|teamsize|p2|6\n|gen|8\n|tier|[Gen 8 BDSP] RU\n|rated|Tournament battle\n|rule|Sleep Clause Mod: Limit one foe put to sleep\n|rule|Species Clause: Limit one of each Pok\u00e9mon\n|rule|OHKO Clause: OHKO moves are banned\n|rule|Evasion Moves Clause: Evasion moves are banned\n|rule|Endless Battle Clause: Forcing endless battles is banned\n|rule|HP Percentage Mod: HP is shown in percentages\n|clearpoke\n|poke|p1|Steelix, F|\n|poke|p1|Sceptile, F|\n|poke|p1|Moltres|\n|poke|p1|Mantine, F|\n|poke|p1|Primeape, F|\n|poke|p1|Tauros, M|\n|poke|p2|Gallade, M|\n|poke|p2|Mesprit|\n|poke|p2|Cacturne, F|\n|poke|p2|Moltres|\n|poke|p2|Mantine, M|\n|poke|p2|Rotom|\n|teampreview\n|j| Bert C\n|j| Lord Falinks\n|j| niche set addict\n|c|\u2606Ill Leave|gl hf\n|c|\u2606Eve|u2\n|j| vroomvroomboom\n|\n|t:|1646260032\n|start\n|switch|p1a: Moltres|Moltres|100\/100\n|switch|p2a: Technitop Sux|Gallade, M|100\/100\n|turn|1\n|\n|t:|1646260039\n|switch|p2a: Rhyperion't|Mantine, M|100\/100\n|move|p1a: Moltres|Fire Blast|p2a: Rhyperion't|[miss]\n|-miss|p1a: Moltres|p2a: Rhyperion't\n|\n|upkeep\n|turn|2\n|j| zephraim\n|\n|t:|1646260047\n|switch|p2a: Ferro-thin|Cacturne, F|100\/100\n|move|p1a: Moltres|Hurricane|p2a: Ferro-thin\n|-supereffective|p2a: Ferro-thin\n|-enditem|p2a: Ferro-thin|Focus Sash\n|-damage|p2a: Ferro-thin|1\/100\n|\n|upkeep\n|turn|3\n|\n|t:|1646260056\n|switch|p2a: Rhyperion't|Mantine, M|100\/100\n|move|p1a: Moltres|U-turn|p2a: Rhyperion't\n|-resisted|p2a: Rhyperion't\n|-damage|p2a: Rhyperion't|94\/100\n|j| BR1E 7Boldore\n|\n|t:|1646260064\n|switch|p1a: Sceptile|Sceptile, F|100\/100|[from]move: U-turn\n|\n|upkeep\n|turn|4\n|\n|t:|1646260071\n|switch|p2a: Cheap Latias|Mesprit|100\/100\n|move|p1a: Sceptile|Rock Slide|p2a: Cheap Latias\n|-damage|p2a: Cheap Latias|86\/100\n|\n|upkeep\n|turn|5\n|j| newme2.1\n|\n|t:|1646260076\n|switch|p1a: Moltres|Moltres|100\/100\n|move|p2a: Cheap Latias|Ice Beam|p1a: Moltres\n|-damage|p1a: Moltres|70\/100\n|\n|upkeep\n|turn|6\n|\n|t:|1646260080\n|move|p1a: Moltres|Roost|p1a: Moltres\n|-heal|p1a: Moltres|100\/100\n|-singleturn|p1a: Moltres|move: Roost\n|move|p2a: Cheap Latias|Thunderbolt|p1a: Moltres\n|-damage|p1a: Moltres|67\/100\n|\n|upkeep\n|turn|7\n|\n|t:|1646260083\n|move|p1a: Moltres|U-turn|p2a: Cheap Latias\n|-supereffective|p2a: Cheap Latias\n|-damage|p2a: Cheap Latias|56\/100\n|\n|t:|1646260087\n|switch|p1a: Steelix|Steelix, F|100\/100|[from]move: U-turn\n|move|p2a: Cheap Latias|Thunderbolt|p1a: Steelix\n|-immune|p1a: Steelix\n|\n|upkeep\n|turn|8\n|\n|t:|1646260090\n|switch|p2a: Ferro-thin|Cacturne, F|1\/100\n|move|p1a: Steelix|Stealth Rock|p2a: Ferro-thin\n|-sidestart|p2: Ill Leave|move: Stealth Rock\n|\n|upkeep\n|turn|9\n|\n|t:|1646260096\n|move|p2a: Ferro-thin|Spikes|p1a: Steelix\n|-sidestart|p1: Eve|Spikes\n|move|p1a: Steelix|Heavy Slam|p2a: Ferro-thin\n|-damage|p2a: Ferro-thin|0 fnt\n|faint|p2a: Ferro-thin\n|\n|upkeep\n|\n|t:|1646260101\n|switch|p2a: Technitop Sux|Gallade, M|100\/100\n|-damage|p2a: Technitop Sux|94\/100|[from] Stealth Rock\n|turn|10\n|l| BR1E 7Boldore\n|c| vroomvroomboom|eve do you think exploud is broken\n|inactive|Eve has 120 seconds left.\n|\n|t:|1646260134\n|switch|p2a: Rhyperion't|Mantine, M|94\/100\n|-damage|p2a: Rhyperion't|69\/100|[from] Stealth Rock\n|switch|p1a: Moltres|Moltres|67\/100\n|\n|upkeep\n|turn|11\n|c|\u2606Eve|unsure\n|\n|t:|1646260149\n|move|p1a: Moltres|U-turn|p2a: Rhyperion't\n|-resisted|p2a: Rhyperion't\n|-damage|p2a: Rhyperion't|63\/100\n|c| vroomvroomboom|really?\n|c| vroomvroomboom|\\\n|\n|t:|1646260152\n|switch|p1a: Mantine|Mantine, F|100\/100|[from]move: U-turn\n|move|p2a: Rhyperion't|Scald|p1a: Mantine\n|-immune|p1a: Mantine|[from] ability: Water Absorb\n|\n|upkeep\n|turn|12\n|c| vroomvroomboom|I think its broken af\n|c|\u2606Eve|fair\n|\n|t:|1646260166\n|switch|p1a: Sceptile|Sceptile, F|100\/100\n|-damage|p1a: Sceptile|88\/100|[from] Spikes\n|move|p2a: Rhyperion't|Roost|p2a: Rhyperion't\n|-heal|p2a: Rhyperion't|100\/100\n|-singleturn|p2a: Rhyperion't|move: Roost\n|\n|upkeep\n|turn|13\n|\n|t:|1646260172\n|move|p1a: Sceptile|Giga Drain|p2a: Rhyperion't\n|-damage|p2a: Rhyperion't|65\/100\n|-heal|p1a: Sceptile|100\/100|[from] drain|[of] p2a: Rhyperion't\n|move|p2a: Rhyperion't|Scald|p1a: Sceptile\n|-resisted|p1a: Sceptile\n|-damage|p1a: Sceptile|86\/100\n|\n|upkeep\n|turn|14\n|c| vroomvroomboom|like there are no counters and barely even any checks\n|\n|t:|1646260180\n|move|p1a: Sceptile|Giga Drain|p2a: Rhyperion't\n|-damage|p2a: Rhyperion't|27\/100\n|-heal|p1a: Sceptile|100\/100|[from] drain|[of] p2a: Rhyperion't\n|move|p2a: Rhyperion't|Roost|p2a: Rhyperion't\n|-heal|p2a: Rhyperion't|77\/100\n|-singleturn|p2a: Rhyperion't|move: Roost\n|\n|upkeep\n|turn|15\n|\n|t:|1646260182\n|move|p1a: Sceptile|Giga Drain|p2a: Rhyperion't\n|-damage|p2a: Rhyperion't|41\/100\n|move|p2a: Rhyperion't|Roost|p2a: Rhyperion't\n|-heal|p2a: Rhyperion't|91\/100\n|-singleturn|p2a: Rhyperion't|move: Roost\n|\n|upkeep\n|turn|16\n|c|\u2606Eve|it's undoubtedly a crazy wallbreaker\n|inactive|Eve has 120 seconds left.\n|c|\u2606Eve|vs offense i think it's genuinely bad though which is a v stark contrast\n|c| vroomvroomboom|I think its def broken\n|\n|t:|1646260227\n|switch|p2a: Technitop Sux|Gallade, M|94\/100\n|-damage|p2a: Technitop Sux|88\/100|[from] Stealth Rock\n|move|p1a: Sceptile|Giga Drain|p2a: Technitop Sux\n|-damage|p2a: Technitop Sux|30\/100\n|\n|-heal|p2a: Technitop Sux|36\/100|[from] item: Leftovers\n|upkeep\n|turn|17\n|\n|t:|1646260234\n|move|p1a: Sceptile|Giga Drain|p2a: Technitop Sux\n|-damage|p2a: Technitop Sux|0 fnt\n|faint|p2a: Technitop Sux\n|\n|upkeep\n|\n|t:|1646260239\n|switch|p2a: Cheap Latias|Mesprit|56\/100\n|-damage|p2a: Cheap Latias|43\/100|[from] Stealth Rock\n|turn|18\n|c| vroomvroomboom|vs offense it gets a kill everytime\n|c|\u2606Eve|i mean so do several mons\n|inactive|Eve has 120 seconds left.\n|c|\u2606Eve|and those can usually live more than exploud can\n|\n|t:|1646260265\n|switch|p1a: Steelix|Steelix, F|100\/100\n|-damage|p1a: Steelix|88\/100|[from] Spikes\n|move|p2a: Cheap Latias|Ice Beam|p1a: Steelix\n|-damage|p1a: Steelix|63\/100\n|-status|p1a: Steelix|frz\n|\n|-heal|p1a: Steelix|69\/100 frz|[from] item: Leftovers\n|upkeep\n|turn|19\n|c| vroomvroomboom|well does mons dont also destroy every other style\n|\n|t:|1646260275\n|move|p2a: Cheap Latias|Psychic|p1a: Steelix\n|-resisted|p1a: Steelix\n|-damage|p1a: Steelix|49\/100 frz\n|cant|p1a: Steelix|frz\n|\n|-heal|p1a: Steelix|56\/100 frz|[from] item: Leftovers\n|upkeep\n|turn|20\n|\n|t:|1646260279\n|move|p2a: Cheap Latias|Ice Beam|p1a: Steelix\n|-damage|p1a: Steelix|33\/100 frz\n|-curestatus|p1a: Steelix|frz|[msg]\n|move|p1a: Steelix|Heavy Slam|p2a: Cheap Latias\n|-damage|p2a: Cheap Latias|6\/100\n|\n|-heal|p1a: Steelix|39\/100|[from] item: Leftovers\n|upkeep\n|turn|21\n|c| vroomvroomboom|anti luck\n|inactive|Eve has 120 seconds left.\n|\n|t:|1646260294\n|switch|p2a: Rhyperion't|Mantine, M|91\/100\n|-damage|p2a: Rhyperion't|66\/100|[from] Stealth Rock\n|move|p1a: Steelix|Heavy Slam|p2a: Rhyperion't\n|-resisted|p2a: Rhyperion't\n|-damage|p2a: Rhyperion't|61\/100\n|\n|-heal|p1a: Steelix|45\/100|[from] item: Leftovers\n|upkeep\n|turn|22\n|\n|t:|1646260299\n|move|p1a: Steelix|Protect|p1a: Steelix\n|-singleturn|p1a: Steelix|Protect\n|move|p2a: Rhyperion't|Scald|p1a: Steelix\n|-activate|p1a: Steelix|move: Protect\n|\n|-heal|p1a: Steelix|51\/100|[from] item: Leftovers\n|upkeep\n|turn|23\n|\n|t:|1646260302\n|switch|p1a: Mantine|Mantine, F|100\/100\n|move|p2a: Rhyperion't|Scald|p1a: Mantine\n|-immune|p1a: Mantine|[from] ability: Water Absorb\n|\n|upkeep\n|turn|24\n|\n|t:|1646260306\n|move|p2a: Rhyperion't|Scald|p1a: Mantine\n|-immune|p1a: Mantine|[from] ability: Water Absorb\n|move|p1a: Mantine|Haze|p1a: Mantine\n|-clearallboost\n|\n|upkeep\n|turn|25\n|\n|t:|1646260308\n|move|p2a: Rhyperion't|Roost|p2a: Rhyperion't\n|-heal|p2a: Rhyperion't|100\/100\n|-singleturn|p2a: Rhyperion't|move: Roost\n|move|p1a: Mantine|Haze|p1a: Mantine\n|-clearallboost\n|\n|upkeep\n|turn|26\n|\n|t:|1646260314\n|switch|p2a: Voltergeist|Rotom|100\/100\n|-damage|p2a: Voltergeist|88\/100|[from] Stealth Rock\n|move|p1a: Mantine|Scald|p2a: Voltergeist\n|-damage|p2a: Voltergeist|48\/100\n|-status|p2a: Voltergeist|brn\n|\n|-damage|p2a: Voltergeist|42\/100 brn|[from] brn\n|upkeep\n|turn|27\n|\n|t:|1646260323\n|switch|p1a: Tauros|Tauros, M|100\/100\n|-damage|p1a: Tauros|88\/100|[from] Spikes\n|move|p2a: Voltergeist|Volt Switch|p1a: Tauros\n|-damage|p1a: Tauros|35\/100\n|\n|t:|1646260332\n|switch|p2a: Rhyperion't|Mantine, M|100\/100|[from]move: Volt Switch\n|-damage|p2a: Rhyperion't|76\/100|[from] Stealth Rock\n|\n|upkeep\n|turn|28\n|\n|t:|1646260334\n|move|p1a: Tauros|Rock Slide|p2a: Rhyperion't\n|-supereffective|p2a: Rhyperion't\n|-enditem|p2a: Rhyperion't|Charti Berry|[eat]\n|-enditem|p2a: Rhyperion't|Charti Berry|[weaken]\n|-damage|p2a: Rhyperion't|46\/100\n|move|p2a: Rhyperion't|Scald|p1a: Tauros\n|-damage|p1a: Tauros|0 fnt\n|faint|p1a: Tauros\n|\n|upkeep\n|c|\u2606Eve|yo.\n|\n|t:|1646260342\n|switch|p1a: Primeape|Primeape, F|100\/100\n|-damage|p1a: Primeape|88\/100|[from] Spikes\n|turn|29\n|c| vroomvroomboom|lol\n|\n|t:|1646260356\n|move|p1a: Primeape|Stone Edge|p2a: Rhyperion't\n|-supereffective|p2a: Rhyperion't\n|-damage|p2a: Rhyperion't|0 fnt\n|faint|p2a: Rhyperion't\n|\n|upkeep\n|\n|t:|1646260366\n|switch|p2a: Tornadus-F|Moltres|100\/100\n|-damage|p2a: Tornadus-F|51\/100|[from] Stealth Rock\n|turn|30\n|\n|t:|1646260375\n|move|p1a: Primeape|Stone Edge|p2a: Tornadus-F|[miss]\n|-miss|p1a: Primeape|p2a: Tornadus-F\n|move|p2a: Tornadus-F|Hurricane|p1a: Primeape\n|-supereffective|p1a: Primeape\n|-damage|p1a: Primeape|0 fnt\n|faint|p1a: Primeape\n|\n|upkeep\n|\n|t:|1646260379\n|switch|p1a: Mantine|Mantine, F|100\/100\n|turn|31\n|\n|t:|1646260383\n|move|p2a: Tornadus-F|Roost|p2a: Tornadus-F\n|-heal|p2a: Tornadus-F|100\/100\n|-singleturn|p2a: Tornadus-F|move: Roost\n|move|p1a: Mantine|Scald|p2a: Tornadus-F\n|-supereffective|p2a: Tornadus-F\n|-damage|p2a: Tornadus-F|55\/100\n|\n|upkeep\n|turn|32\n|c| vroomvroomboom|eve what do you think of specs moltres\n|c|\u2606Eve|idk if it's super necessary, the mon already breaks most things with LO or sharp beak, but it sounds strong for sure\n|inactive|Eve has 120 seconds left.\n|\n|t:|1646260414\n|move|p2a: Tornadus-F|Agility|p2a: Tornadus-F\n|-boost|p2a: Tornadus-F|spe|2\n|move|p1a: Mantine|Scald|p2a: Tornadus-F\n|-supereffective|p2a: Tornadus-F\n|-damage|p2a: Tornadus-F|7\/100\n|\n|upkeep\n|turn|33\n|\n|t:|1646260419\n|move|p2a: Tornadus-F|Roost|p2a: Tornadus-F\n|-heal|p2a: Tornadus-F|57\/100\n|-singleturn|p2a: Tornadus-F|move: Roost\n|move|p1a: Mantine|Scald|p2a: Tornadus-F\n|-supereffective|p2a: Tornadus-F\n|-damage|p2a: Tornadus-F|11\/100\n|\n|upkeep\n|turn|34\n|\n|t:|1646260421\n|move|p2a: Tornadus-F|Roost|p2a: Tornadus-F\n|-heal|p2a: Tornadus-F|61\/100\n|-singleturn|p2a: Tornadus-F|move: Roost\n|move|p1a: Mantine|Scald|p2a: Tornadus-F\n|-supereffective|p2a: Tornadus-F\n|-damage|p2a: Tornadus-F|12\/100\n|\n|upkeep\n|turn|35\n|\n|t:|1646260424\n|move|p2a: Tornadus-F|Roost|p2a: Tornadus-F\n|-heal|p2a: Tornadus-F|62\/100\n|-singleturn|p2a: Tornadus-F|move: Roost\n|move|p1a: Mantine|Scald|p2a: Tornadus-F\n|-supereffective|p2a: Tornadus-F\n|-damage|p2a: Tornadus-F|9\/100\n|\n|upkeep\n|turn|36\n|\n|t:|1646260426\n|move|p2a: Tornadus-F|Hurricane|p1a: Mantine\n|-crit|p1a: Mantine\n|-damage|p1a: Mantine|40\/100\n|move|p1a: Mantine|Scald|p2a: Tornadus-F\n|-supereffective|p2a: Tornadus-F\n|-damage|p2a: Tornadus-F|0 fnt\n|faint|p2a: Tornadus-F\n|\n|-heal|p1a: Mantine|46\/100|[from] item: Leftovers\n|upkeep\n|\n|t:|1646260431\n|switch|p2a: Voltergeist|Rotom|42\/100 brn\n|-damage|p2a: Voltergeist|29\/100 brn|[from] Stealth Rock\n|turn|37\n|\n|t:|1646260435\n|switch|p1a: Sceptile|Sceptile, F|100\/100\n|-damage|p1a: Sceptile|88\/100|[from] Spikes\n|move|p2a: Voltergeist|Volt Switch|p1a: Sceptile\n|-resisted|p1a: Sceptile\n|-damage|p1a: Sceptile|69\/100\n|\n|t:|1646260437\n|switch|p2a: Cheap Latias|Mesprit|6\/100|[from]move: Volt Switch\n|-damage|p2a: Cheap Latias|0 fnt|[from] Stealth Rock\n|faint|p2a: Cheap Latias\n|\n|upkeep\n|\n|t:|1646260438\n|switch|p2a: Voltergeist|Rotom|29\/100 brn\n|-damage|p2a: Voltergeist|17\/100 brn|[from] Stealth Rock\n|turn|38\n|\n|t:|1646260440\n|move|p2a: Voltergeist|Shadow Ball|p1a: Sceptile\n|-damage|p1a: Sceptile|24\/100\n|move|p1a: Sceptile|Giga Drain|p2a: Voltergeist\n|-damage|p2a: Voltergeist|0 fnt\n|-heal|p1a: Sceptile|31\/100|[from] drain|[of] p2a: Voltergeist\n|faint|p2a: Voltergeist\n|\n|win|Eve\n|n|\u2606Eve|eve\n|n|\u2606Ill Leave|illleave\n|n| Bert C|bertc\n|n| Lord Falinks|lordfalinks\n|n| niche set addict|nichesetaddict\n|n| vroomvroomboom|vroomvroomboom\n|n| zephraim|zephraim\n|n| newme2.1|newme21\n|c|\u2606Eve|gg\n|c|\u2606Ill Leave|gg eve wp\n|l| Lord Falinks\n","uploadtime":1646260441,"views":129,"p1id":"eve","p2id":"illleave","formatid":"gen8bdspru","rating":0,"private":0,"password":null}