{"id":"gen8waterparadise-1371159459","p1":"lebanesestinker","p2":"Noahsfire","format":"gen8waterparadise","log":"|j|\u2606lebanesestinker\n|j|\u2606Noahsfire\n|t:|1625513238\n|gametype|singles\n|player|p1|lebanesestinker|policeman|1129\n|player|p2|Noahsfire|n|1140\n|teamsize|p1|6\n|teamsize|p2|6\n|gen|8\n|tier|[Gen 8] Water Paradise\n|rated|\n|rule|Species Clause: Limit one of each Pok\u00e9mon\n|rule|Item Clause: Limit one of each item\n|clearpoke\n|poke|p1|Barbaracle, L50, M|\n|poke|p1|Ludicolo, L50, M|\n|poke|p1|Starmie, L50|\n|poke|p1|Lanturn, L50, F|\n|poke|p1|Sharpedo, L50, F|\n|poke|p1|Gyarados, L50, M|\n|poke|p2|Golduck, L50, F|\n|poke|p2|Lapras, L50, M|\n|poke|p2|Gyarados, L50, F|\n|poke|p2|Lanturn, L50, F|\n|poke|p2|Crawdaunt, L50, F|\n|poke|p2|Dracovish, L50|\n|teampreview|3\n|inactive|Battle timer is ON: inactive players will automatically lose when time's up. (requested by Noahsfire)\n|inactive|lebanesestinker has 120 seconds left.\n|\n|t:|1625513283\n|start\n|switch|p1a: Barbaracle|Barbaracle, L50, M|100\/100\n|switch|p2a: Dracovish|Dracovish, L50|100\/100\n|turn|1\n|\n|t:|1625513305\n|-start|p2a: Dracovish|Dynamax\n|-heal|p2a: Dracovish|100\/100|[silent]\n|move|p2a: Dracovish|Max Quake|p1a: Barbaracle\n|-supereffective|p1a: Barbaracle\n|-damage|p1a: Barbaracle|28\/100\n|-boost|p2a: Dracovish|spd|1\n|move|p1a: Barbaracle|Shell Smash|p1a: Barbaracle\n|-unboost|p1a: Barbaracle|def|1\n|-unboost|p1a: Barbaracle|spd|1\n|-boost|p1a: Barbaracle|atk|2\n|-boost|p1a: Barbaracle|spa|2\n|-boost|p1a: Barbaracle|spe|2\n|\n|upkeep\n|turn|2\n|\n|t:|1625513315\n|move|p1a: Barbaracle|Stone Edge|p2a: Dracovish\n|-crit|p2a: Dracovish\n|-damage|p2a: Dracovish|21\/100\n|move|p2a: Dracovish|Max Rockfall|p1a: Barbaracle\n|-damage|p1a: Barbaracle|0 fnt\n|-weather|Sandstorm\n|faint|p1a: Barbaracle\n|\n|-weather|Sandstorm|[upkeep]\n|upkeep\n|\n|t:|1625513320\n|switch|p1a: Gyarados|Gyarados, L50, M|100\/100\n|turn|3\n|\n|t:|1625513327\n|-start|p1a: Gyarados|Dynamax\n|-heal|p1a: Gyarados|100\/100|[silent]\n|move|p2a: Dracovish|Max Rockfall|p1a: Gyarados\n|-supereffective|p1a: Gyarados\n|-damage|p1a: Gyarados|57\/100\n|move|p1a: Gyarados|Max Airstream|p2a: Dracovish\n|-damage|p2a: Dracovish|0 fnt\n|-boost|p1a: Gyarados|spe|1\n|faint|p2a: Dracovish\n|-ability|p1a: Gyarados|Moxie|boost\n|-boost|p1a: Gyarados|atk|1\n|\n|-weather|Sandstorm|[upkeep]\n|-damage|p1a: Gyarados|54\/100|[from] Sandstorm\n|upkeep\n|\n|t:|1625513342\n|switch|p2a: Lapras|Lapras, L50, M, shiny|100\/100\n|turn|4\n|\n|t:|1625513347\n|move|p1a: Gyarados|Max Overgrowth|p2a: Lapras\n|-supereffective|p2a: Lapras\n|-damage|p2a: Lapras|0 fnt\n|-fieldstart|move: Grassy Terrain\n|faint|p2a: Lapras\n|-ability|p1a: Gyarados|Moxie|boost\n|-boost|p1a: Gyarados|atk|1\n|\n|-weather|Sandstorm|[upkeep]\n|-damage|p1a: Gyarados|51\/100|[from] Sandstorm\n|upkeep\n|\n|t:|1625513355\n|switch|p2a: Crawdaunt|Crawdaunt, L50, F|100\/100\n|turn|5\n|\n|t:|1625513362\n|move|p1a: Gyarados|Max Overgrowth|p2a: Crawdaunt\n|-supereffective|p2a: Crawdaunt\n|-enditem|p2a: Crawdaunt|Focus Sash\n|-damage|p2a: Crawdaunt|1\/100\n|move|p2a: Crawdaunt|Knock Off|p1a: Gyarados\n|-damage|p1a: Gyarados|3\/100\n|-enditem|p1a: Gyarados|Lum Berry|[from] move: Knock Off|[of] p2a: Crawdaunt\n|\n|-weather|Sandstorm|[upkeep]\n|-damage|p1a: Gyarados|0 fnt|[from] Sandstorm\n|-damage|p2a: Crawdaunt|0 fnt|[from] Sandstorm\n|faint|p1a: Gyarados\n|faint|p2a: Crawdaunt\n|\n|win|lebanesestinker\n|upkeep\n|raw|lebanesestinker's rating: 1129 &rarr; <strong>1155<\/strong><br \/>(+26 for winning)\n|raw|Noahsfire's rating: 1140 &rarr; <strong>1114<\/strong><br \/>(-26 for losing)\n|l|\u2606lebanesestinker\n|c|\u2606Noahsfire|gg\n|l|\u2606Noahsfire\n","uploadtime":1625513381,"views":12,"p1id":"lebanesestinker","p2id":"noahsfire","formatid":"gen8waterparadise","rating":1114,"private":0,"password":null}