{"id":"gen8ou-1594368308","p1":"Camalarcos","p2":"fishy8995","format":"gen8ou","log":"|j|\u2606Camalarcos\n|j|\u2606fishy8995\n|t:|1654993230\n|gametype|singles\n|player|p1|Camalarcos|dawn|1583\n|player|p2|fishy8995|101|1725\n|teamsize|p1|6\n|teamsize|p2|6\n|gen|8\n|tier|[Gen 8] OU\n|rated|\n|rule|Sleep Clause Mod: Limit one foe put to sleep\n|rule|Species Clause: Limit one of each Pok\u00e9mon\n|rule|OHKO Clause: OHKO moves are banned\n|rule|Evasion Moves Clause: Evasion moves are banned\n|rule|Endless Battle Clause: Forcing endless battles is banned\n|rule|HP Percentage Mod: HP is shown in percentages\n|rule|Dynamax Clause: You cannot dynamax\n|clearpoke\n|poke|p1|Landorus-Therian, M|\n|poke|p1|Weavile, F|\n|poke|p1|Tornadus-Therian, M|\n|poke|p1|Blacephalon|\n|poke|p1|Heatran, M|\n|poke|p1|Slowbro, F|\n|poke|p2|Hippowdon, F|\n|poke|p2|Tyranitar, M|\n|poke|p2|Excadrill, F|\n|poke|p2|Rotom-Heat|\n|poke|p2|Toxapex, F|\n|poke|p2|Dracozolt|\n|teampreview\n|\n|t:|1654993251\n|start\n|switch|p1a: Tornadus|Tornadus-Therian, M|100\/100\n|switch|p2a: Tyranitar|Tyranitar, M|100\/100\n|-weather|Sandstorm|[from] ability: Sand Stream|[of] p2a: Tyranitar\n|turn|1\n|\n|t:|1654993257\n|move|p1a: Tornadus|U-turn|p2a: Tyranitar\n|-supereffective|p2a: Tyranitar\n|-damage|p2a: Tyranitar|80\/100\n|\n|t:|1654993260\n|switch|p1a: Slowbro|Slowbro, F|100\/100|[from]move: U-turn\n|move|p2a: Tyranitar|Ice Beam|p1a: Slowbro\n|-resisted|p1a: Slowbro\n|-damage|p1a: Slowbro|86\/100\n|-status|p1a: Slowbro|frz\n|\n|-weather|Sandstorm|[upkeep]\n|-damage|p1a: Slowbro|80\/100 frz|[from] Sandstorm\n|upkeep\n|turn|2\n|\n|t:|1654993263\n|move|p2a: Tyranitar|Thunderbolt|p1a: Slowbro\n|-supereffective|p1a: Slowbro\n|-damage|p1a: Slowbro|19\/100 frz\n|-curestatus|p1a: Slowbro|frz|[msg]\n|move|p1a: Slowbro|Body Press|p2a: Tyranitar\n|-supereffective|p2a: Tyranitar\n|-crit|p2a: Tyranitar\n|-damage|p2a: Tyranitar|0 fnt\n|faint|p2a: Tyranitar\n|\n|-weather|Sandstorm|[upkeep]\n|-damage|p1a: Slowbro|13\/100|[from] Sandstorm\n|upkeep\n|\n|t:|1654993269\n|switch|p2a: Rotom|Rotom-Heat|100\/100\n|turn|3\n|j| GROSS SAMPLE TEAM\n|\n|t:|1654993276\n|switch|p1a: Landorus|Landorus-Therian, M|100\/100\n|-ability|p1a: Landorus|Intimidate|boost\n|-unboost|p2a: Rotom|atk|1\n|move|p2a: Rotom|Volt Switch|p1a: Landorus\n|-immune|p1a: Landorus\n|\n|-weather|Sandstorm|[upkeep]\n|-damage|p2a: Rotom|94\/100|[from] Sandstorm\n|upkeep\n|turn|4\n|\n|t:|1654993280\n|move|p2a: Rotom|Trick|p1a: Landorus\n|-activate|p2a: Rotom|move: Trick|[of] p1a: Landorus\n|-item|p1a: Landorus|Ring Target|[from] move: Trick\n|-item|p2a: Rotom|Leftovers|[from] move: Trick\n|move|p1a: Landorus|U-turn|p2a: Rotom\n|-resisted|p2a: Rotom\n|-damage|p2a: Rotom|83\/100\n|\n|t:|1654993303\n|switch|p1a: Slowbro|Slowbro, F|46\/100|[from]move: U-turn\n|\n|-weather|Sandstorm|[upkeep]\n|-damage|p2a: Rotom|77\/100|[from] Sandstorm\n|-damage|p1a: Slowbro|40\/100|[from] Sandstorm\n|-heal|p2a: Rotom|83\/100|[from] item: Leftovers\n|upkeep\n|turn|5\n|\n|t:|1654993310\n|switch|p1a: Landorus|Landorus-Therian, M|100\/100\n|-ability|p1a: Landorus|Intimidate|boost\n|-unboost|p2a: Rotom|atk|1\n|move|p2a: Rotom|Volt Switch|p1a: Landorus\n|-supereffective|p1a: Landorus\n|-damage|p1a: Landorus|58\/100\n|\n|t:|1654993312\n|switch|p2a: Dracozolt|Dracozolt|100\/100|[from]move: Volt Switch\n|\n|-weather|none\n|upkeep\n|turn|6\n|\n|t:|1654993319\n|switch|p2a: Hippowdon|Hippowdon, F|100\/100\n|-weather|Sandstorm|[from] ability: Sand Stream|[of] p2a: Hippowdon\n|move|p1a: Landorus|U-turn|p2a: Hippowdon\n|-damage|p2a: Hippowdon|88\/100\n|\n|t:|1654993326\n|switch|p1a: Weavile|Weavile, F|100\/100|[from]move: U-turn\n|-ability|p1a: Weavile|Pressure\n|\n|-weather|Sandstorm|[upkeep]\n|-damage|p1a: Weavile|94\/100|[from] Sandstorm\n|upkeep\n|turn|7\n|\n|t:|1654993328\n|move|p1a: Weavile|Swords Dance|p1a: Weavile\n|-boost|p1a: Weavile|atk|2\n|move|p2a: Hippowdon|Whirlwind|p1a: Weavile\n|drag|p1a: Heatran|Heatran, M|100\/100\n|-item|p1a: Heatran|Air Balloon\n|\n|-weather|Sandstorm|[upkeep]\n|upkeep\n|turn|8\n|c|\u2606Camalarcos|wtf\n|\n|t:|1654993339\n|move|p1a: Heatran|Eruption|p2a: Hippowdon\n|-damage|p2a: Hippowdon|0 fnt\n|faint|p2a: Hippowdon\n|\n|-weather|Sandstorm|[upkeep]\n|upkeep\n|\n|t:|1654993340\n|switch|p2a: Dracozolt|Dracozolt|100\/100\n|turn|9\n|\n|t:|1654993354\n|switch|p1a: Tornadus|Tornadus-Therian, M|100\/100\n|move|p2a: Dracozolt|Bolt Beak|p1a: Tornadus\n|-supereffective|p1a: Tornadus\n|-damage|p1a: Tornadus|0 fnt\n|faint|p1a: Tornadus\n|-damage|p2a: Dracozolt|91\/100|[from] item: Life Orb\n|\n|-weather|Sandstorm|[upkeep]\n|upkeep\n|\n|t:|1654993361\n|switch|p1a: Landorus|Landorus-Therian, M|58\/100\n|-ability|p1a: Landorus|Intimidate|boost\n|-unboost|p2a: Dracozolt|atk|1\n|turn|10\n|\n|t:|1654993375\n|switch|p1a: Slowbro|Slowbro, F|74\/100\n|move|p2a: Dracozolt|Bolt Beak|p1a: Slowbro\n|-supereffective|p1a: Slowbro\n|-damage|p1a: Slowbro|0 fnt\n|faint|p1a: Slowbro\n|-damage|p2a: Dracozolt|81\/100|[from] item: Life Orb\n|\n|-weather|Sandstorm|[upkeep]\n|upkeep\n|\n|t:|1654993392\n|switch|p1a: Weavile|Weavile, F|94\/100\n|-ability|p1a: Weavile|Pressure\n|turn|11\n|\n|t:|1654993394\n|move|p1a: Weavile|Ice Shard|p2a: Dracozolt\n|-supereffective|p2a: Dracozolt\n|-damage|p2a: Dracozolt|34\/100\n|move|p2a: Dracozolt|Flamethrower|p1a: Weavile\n|-supereffective|p1a: Weavile\n|-damage|p1a: Weavile|31\/100\n|-damage|p2a: Dracozolt|24\/100|[from] item: Life Orb\n|\n|-weather|Sandstorm|[upkeep]\n|-damage|p1a: Weavile|25\/100|[from] Sandstorm\n|upkeep\n|turn|12\n|\n|t:|1654993414\n|switch|p2a: Toxapex|Toxapex, F|100\/100\n|move|p1a: Weavile|Ice Shard|p2a: Toxapex\n|-resisted|p2a: Toxapex\n|-damage|p2a: Toxapex|93\/100\n|\n|-weather|Sandstorm|[upkeep]\n|-damage|p1a: Weavile|19\/100|[from] Sandstorm\n|-damage|p2a: Toxapex|86\/100|[from] Sandstorm\n|-heal|p2a: Toxapex|93\/100|[from] item: Black Sludge\n|upkeep\n|turn|13\n|\n|t:|1654993418\n|move|p1a: Weavile|Knock Off|p2a: Toxapex\n|-damage|p2a: Toxapex|50\/100\n|-enditem|p2a: Toxapex|Black Sludge|[from] move: Knock Off|[of] p1a: Weavile\n|move|p2a: Toxapex|Scald|p1a: Weavile\n|-damage|p1a: Weavile|0 fnt\n|faint|p1a: Weavile\n|\n|-weather|none\n|upkeep\n|\n|t:|1654993428\n|switch|p1a: Heatran|Heatran, M|100\/100\n|-item|p1a: Heatran|Air Balloon\n|turn|14\n|\n|t:|1654993433\n|switch|p2a: Rotom|Rotom-Heat|83\/100\n|move|p1a: Heatran|Earth Power|p2a: Rotom\n|-immune|p2a: Rotom|[from] ability: Levitate\n|\n|-heal|p2a: Rotom|90\/100|[from] item: Leftovers\n|upkeep\n|turn|15\n|\n|t:|1654993438\n|move|p2a: Rotom|Volt Switch|p1a: Heatran\n|-damage|p1a: Heatran|73\/100\n|-enditem|p1a: Heatran|Air Balloon\n|\n|t:|1654993441\n|switch|p2a: Toxapex|Toxapex, F|84\/100|[from]move: Volt Switch\n|move|p1a: Heatran|Stealth Rock|p2a: Toxapex\n|-sidestart|p2: fishy8995|move: Stealth Rock\n|\n|upkeep\n|turn|16\n|\n|t:|1654993449\n|move|p1a: Heatran|Earth Power|p2a: Toxapex\n|-supereffective|p2a: Toxapex\n|-damage|p2a: Toxapex|31\/100\n|move|p2a: Toxapex|Recover|p2a: Toxapex\n|-heal|p2a: Toxapex|81\/100\n|\n|upkeep\n|turn|17\n|\n|t:|1654993455\n|move|p1a: Heatran|Magma Storm|p2a: Toxapex\n|-resisted|p2a: Toxapex\n|-damage|p2a: Toxapex|58\/100\n|-activate|p2a: Toxapex|move: Magma Storm|[of] p1a: Heatran\n|move|p2a: Toxapex|Stockpile|p2a: Toxapex\n|-start|p2a: Toxapex|stockpile1\n|-boost|p2a: Toxapex|def|1\n|-boost|p2a: Toxapex|spd|1\n|\n|-damage|p2a: Toxapex|46\/100|[from] move: Magma Storm|[partiallytrapped]\n|upkeep\n|turn|18\n|\n|t:|1654993459\n|move|p1a: Heatran|Earth Power|p2a: Toxapex\n|-supereffective|p2a: Toxapex\n|-damage|p2a: Toxapex|8\/100\n|-unboost|p2a: Toxapex|spd|1\n|move|p2a: Toxapex|Recover|p2a: Toxapex\n|-heal|p2a: Toxapex|58\/100\n|\n|-damage|p2a: Toxapex|46\/100|[from] move: Magma Storm|[partiallytrapped]\n|upkeep\n|turn|19\n|\n|t:|1654993464\n|move|p1a: Heatran|Earth Power|p2a: Toxapex\n|-supereffective|p2a: Toxapex\n|-damage|p2a: Toxapex|0 fnt\n|faint|p2a: Toxapex\n|\n|upkeep\n|\n|t:|1654993466\n|switch|p2a: Rotom|Rotom-Heat|90\/100\n|-damage|p2a: Rotom|65\/100|[from] Stealth Rock\n|turn|20\n|\n|t:|1654993471\n|move|p2a: Rotom|Defog|p1a: Heatran\n|-unboost|p1a: Heatran|evasion|1\n|-sideend|p2: fishy8995|Stealth Rock|[from] move: Defog|[of] p2a: Rotom\n|move|p1a: Heatran|Magma Storm|p2a: Rotom\n|-resisted|p2a: Rotom\n|-damage|p2a: Rotom|32\/100\n|-activate|p2a: Rotom|move: Magma Storm|[of] p1a: Heatran\n|\n|-heal|p2a: Rotom|38\/100|[from] item: Leftovers\n|-damage|p2a: Rotom|26\/100|[from] move: Magma Storm|[partiallytrapped]\n|upkeep\n|turn|21\n|\n|t:|1654993474\n|move|p2a: Rotom|Volt Switch|p1a: Heatran\n|-damage|p1a: Heatran|47\/100\n|\n|t:|1654993476\n|switch|p2a: Excadrill|Excadrill, F, shiny|100\/100|[from]move: Volt Switch\n|move|p1a: Heatran|Stealth Rock|p2a: Excadrill\n|-sidestart|p2: fishy8995|move: Stealth Rock\n|\n|upkeep\n|turn|22\n|\n|t:|1654993482\n|move|p2a: Excadrill|Earthquake|p1a: Heatran\n|-supereffective|p1a: Heatran\n|-damage|p1a: Heatran|0 fnt\n|faint|p1a: Heatran\n|\n|upkeep\n|\n|t:|1654993489\n|switch|p1a: Blacephalon|Blacephalon|100\/100\n|turn|23\n|\n|t:|1654993491\n|move|p1a: Blacephalon|Flamethrower|p2a: Excadrill\n|-supereffective|p2a: Excadrill\n|-enditem|p2a: Excadrill|Focus Sash\n|-damage|p2a: Excadrill|1\/100\n|move|p2a: Excadrill|Earthquake|p1a: Blacephalon\n|-supereffective|p1a: Blacephalon\n|-damage|p1a: Blacephalon|0 fnt\n|faint|p1a: Blacephalon\n|\n|upkeep\n|\n|t:|1654993495\n|switch|p1a: Landorus|Landorus-Therian, M|58\/100\n|-ability|p1a: Landorus|Intimidate|boost\n|-unboost|p2a: Excadrill|atk|1\n|turn|24\n|\n|t:|1654993499\n|move|p2a: Excadrill|Earthquake|p1a: Landorus\n|-damage|p1a: Landorus|20\/100\n|move|p1a: Landorus|Earthquake|p2a: Excadrill\n|-supereffective|p2a: Excadrill\n|-damage|p2a: Excadrill|0 fnt\n|faint|p2a: Excadrill\n|\n|upkeep\n|\n|t:|1654993503\n|switch|p2a: Rotom|Rotom-Heat|26\/100\n|-damage|p2a: Rotom|1\/100|[from] Stealth Rock\n|turn|25\n|\n|t:|1654993506\n|move|p2a: Rotom|Volt Switch|p1a: Landorus\n|-supereffective|p1a: Landorus\n|-damage|p1a: Landorus|0 fnt\n|faint|p1a: Landorus\n|\n|win|fishy8995\n|raw|Camalarcos's rating: 1583 &rarr; <strong>1569<\/strong><br \/>(-14 for losing)\n|raw|fishy8995's rating: 1700 &rarr; <strong>1714<\/strong><br \/>(+14 for winning)\n|l|\u2606Camalarcos\n|j|\u2606Camalarcos\n|player|p1|Camalarcos|dawn\n|l|\u2606Camalarcos\n|player|p1|\n||Ladder isn't responding, score probably updated but might not have (Request timeout).\n","uploadtime":1654993511,"views":20,"p1id":"camalarcos","p2id":"fishy8995","formatid":"gen8ou","rating":1569,"private":0,"password":null}