{"id":"gen8bdspou-1464945278","p1":"Anibunnysomoney","p2":"LJ Rice","format":"gen8bdspou","log":"|html|<div class=\"broadcast-blue\"><strong>[Gen 8 BDSP] OU is currently suspecting Latios! For information on how to participate check out the <a href=\"https:\/\/www.smogon.com\/forums\/threads\/np-bdsp-ou-suspect-process-round-1-mr-blue-sky.3694109\/\">suspect thread<\/a>.<\/strong><\/div>\n|j|\u2606Anibunnysomoney\n|j|\u2606LJ Rice\n|t:|1638425257\n|gametype|singles\n|player|p1|Anibunnysomoney|265|1141\n|player|p2|LJ Rice|dancer|1057\n|teamsize|p1|6\n|teamsize|p2|6\n|gen|8\n|tier|[Gen 8 BDSP] OU\n|rated|\n|rule|Sleep Clause Mod: Limit one foe put to sleep\n|rule|Species Clause: Limit one of each Pok\u00e9mon\n|rule|OHKO Clause: OHKO moves are banned\n|rule|Evasion Moves Clause: Evasion moves are banned\n|rule|Endless Battle Clause: Forcing endless battles is banned\n|rule|HP Percentage Mod: HP is shown in percentages\n|clearpoke\n|poke|p1|Mew|\n|poke|p1|Dragonite, F|\n|poke|p1|Blastoise, F|\n|poke|p1|Arcanine, F|\n|poke|p1|Jolteon, F|\n|poke|p1|Umbreon, F|\n|poke|p2|Luxray, F|\n|poke|p2|Latios, M|\n|poke|p2|Shuckle, F|\n|poke|p2|Scizor, M|\n|poke|p2|Primeape, M|\n|poke|p2|Gengar, F|\n|teampreview\n|inactive|Battle timer is ON: inactive players will automatically lose when time's up. (requested by LJ Rice)\n|\n|t:|1638425278\n|start\n|switch|p1a: Blastoise|Blastoise, F|100\/100\n|switch|p2a: Shuckle|Shuckle, F|100\/100\n|turn|1\n|\n|t:|1638425291\n|move|p1a: Blastoise|Shell Smash|p1a: Blastoise\n|-unboost|p1a: Blastoise|def|1\n|-unboost|p1a: Blastoise|spd|1\n|-boost|p1a: Blastoise|atk|2\n|-boost|p1a: Blastoise|spa|2\n|-boost|p1a: Blastoise|spe|2\n|-enditem|p1a: Blastoise|White Herb\n|-clearnegativeboost|p1a: Blastoise|[silent]\n|move|p2a: Shuckle|Stealth Rock|p1a: Blastoise\n|-sidestart|p1: Anibunnysomoney|move: Stealth Rock\n|\n|upkeep\n|turn|2\n|\n|t:|1638425302\n|move|p1a: Blastoise|Rapid Spin|p2a: Shuckle\n|-resisted|p2a: Shuckle\n|-damage|p2a: Shuckle|96\/100\n|-boost|p1a: Blastoise|spe|1\n|-sideend|p1: Anibunnysomoney|Stealth Rock|[from] move: Rapid Spin|[of] p1a: Blastoise\n|move|p2a: Shuckle|Final Gambit|p1a: Blastoise\n|-damage|p1a: Blastoise|23\/100\n|faint|p2a: Shuckle\n|\n|upkeep\n|inactive|LJ Rice has 120 seconds left.\n|\n|t:|1638425329\n|switch|p2a: Gengar|Gengar, F|100\/100\n|turn|3\n|\n|t:|1638425334\n|move|p1a: Blastoise|Surf|p2a: Gengar\n|-damage|p2a: Gengar|0 fnt\n|faint|p2a: Gengar\n|\n|upkeep\n|\n|t:|1638425338\n|switch|p2a: Scizor|Scizor, M|100\/100\n|turn|4\n|\n|t:|1638425344\n|move|p2a: Scizor|Quick Attack|p1a: Blastoise\n|-damage|p1a: Blastoise|0 fnt\n|faint|p1a: Blastoise\n|\n|upkeep\n|\n|t:|1638425361\n|switch|p1a: Arcanine|Arcanine, F|100\/100\n|-ability|p1a: Arcanine|Intimidate|boost\n|-unboost|p2a: Scizor|atk|1\n|turn|5\n|\n|t:|1638425377\n|switch|p2a: Latios|Latios, M|100\/100\n|move|p1a: Arcanine|Play Rough|p2a: Latios\n|-supereffective|p2a: Latios\n|-damage|p2a: Latios|0 fnt\n|faint|p2a: Latios\n|-damage|p1a: Arcanine|91\/100|[from] item: Life Orb\n|\n|upkeep\n|\n|t:|1638425392\n|switch|p2a: Primeape|Primeape, M|100\/100\n|turn|6\n|\n|t:|1638425403\n|switch|p1a: Dragonite|Dragonite, F|100\/100\n|move|p2a: Primeape|Stone Edge|p1a: Dragonite\n|-supereffective|p1a: Dragonite\n|-damage|p1a: Dragonite|62\/100\n|\n|upkeep\n|turn|7\n|\n|t:|1638425414\n|switch|p2a: Scizor|Scizor, M|100\/100\n|move|p1a: Dragonite|Dragon Tail|p2a: Scizor\n|-resisted|p2a: Scizor\n|-damage|p2a: Scizor|82\/100\n|drag|p2a: Luxray|Luxray, F|100\/100\n|\n|-status|p2a: Luxray|brn|[from] item: Flame Orb\n|upkeep\n|turn|8\n|\n|t:|1638425434\n|move|p2a: Luxray|Facade|p1a: Dragonite\n|-damage|p1a: Dragonite|0 fnt\n|faint|p1a: Dragonite\n|\n|-damage|p2a: Luxray|95\/100 brn|[from] brn\n|upkeep\n|inactive|Anibunnysomoney has 120 seconds left.\n|\n|t:|1638425461\n|switch|p1a: Mew|Mew|100\/100\n|turn|9\n|\n|t:|1638425476\n|move|p2a: Luxray|Facade|p1a: Mew\n|-damage|p1a: Mew|61\/100\n|move|p1a: Mew|Stealth Rock|p2a: Luxray\n|-sidestart|p2: LJ Rice|move: Stealth Rock\n|\n|-damage|p2a: Luxray|89\/100 brn|[from] brn\n|upkeep\n|turn|10\n|inactive|Anibunnysomoney has 120 seconds left.\n|\n|t:|1638425485\n|move|p2a: Luxray|Facade|p1a: Mew\n|-damage|p1a: Mew|15\/100\n|move|p1a: Mew|U-turn|p2a: Luxray\n|-damage|p2a: Luxray|68\/100 brn\n|inactive|Anibunnysomoney has 120 seconds left.\n|\n|t:|1638425498\n|switch|p1a: Umbreon|Umbreon, F|100\/100|[from]move: U-turn\n|\n|-damage|p2a: Luxray|62\/100 brn|[from] brn\n|upkeep\n|turn|11\n|inactive|Anibunnysomoney has 120 seconds left.\n|\n|t:|1638425514\n|move|p2a: Luxray|Volt Switch|p1a: Umbreon\n|-crit|p1a: Umbreon\n|-damage|p1a: Umbreon|84\/100\n|\n|t:|1638425523\n|switch|p2a: Primeape|Primeape, M|100\/100|[from]move: Volt Switch\n|-damage|p2a: Primeape|94\/100|[from] Stealth Rock\n|move|p1a: Umbreon|Wish|p1a: Umbreon\n|\n|upkeep\n|turn|12\n|inactive|Anibunnysomoney has 120 seconds left.\n|\n|t:|1638425533\n|move|p2a: Primeape|U-turn|p1a: Umbreon\n|-supereffective|p1a: Umbreon\n|-damage|p1a: Umbreon|32\/100\n|\n|t:|1638425541\n|switch|p2a: Scizor|Scizor, M|82\/100|[from]move: U-turn\n|-damage|p2a: Scizor|70\/100|[from] Stealth Rock\n|move|p1a: Umbreon|Yawn|p2a: Scizor\n|-start|p2a: Scizor|move: Yawn|[of] p1a: Umbreon\n|\n|-heal|p1a: Umbreon|82\/100|[from] move: Wish|[wisher] Umbreon\n|-heal|p2a: Scizor|76\/100|[from] item: Leftovers\n|upkeep\n|turn|13\n|inactive|Anibunnysomoney has 120 seconds left.\n|\n|t:|1638425560\n|switch|p2a: Luxray|Luxray, F|62\/100 brn\n|-damage|p2a: Luxray|50\/100 brn|[from] Stealth Rock\n|switch|p1a: Jolteon|Jolteon, F|100\/100\n|\n|-damage|p2a: Luxray|44\/100 brn|[from] brn\n|-status|p1a: Jolteon|brn|[from] item: Flame Orb\n|upkeep\n|turn|14\n|inactive|Anibunnysomoney has 120 seconds left.\n|\n|t:|1638425579\n|move|p1a: Jolteon|Volt Switch|p2a: Luxray\n|-resisted|p2a: Luxray\n|-damage|p2a: Luxray|21\/100 brn\n|\n|t:|1638425583\n|switch|p1a: Umbreon|Umbreon, F|82\/100|[from]move: Volt Switch\n|move|p2a: Luxray|Facade|p1a: Umbreon\n|-damage|p1a: Umbreon|28\/100\n|\n|-damage|p2a: Luxray|15\/100 brn|[from] brn\n|upkeep\n|turn|15\n|\n|t:|1638425596\n|move|p1a: Umbreon|Protect|p1a: Umbreon\n|-singleturn|p1a: Umbreon|Protect\n|move|p2a: Luxray|Facade|p1a: Umbreon\n|-activate|p1a: Umbreon|move: Protect\n|\n|-damage|p2a: Luxray|9\/100 brn|[from] brn\n|upkeep\n|turn|16\n|inactive|Anibunnysomoney has 120 seconds left.\n|\n|t:|1638425618\n|switch|p1a: Mew|Mew|15\/100\n|move|p2a: Luxray|Facade|p1a: Mew\n|-damage|p1a: Mew|0 fnt\n|faint|p1a: Mew\n|\n|-damage|p2a: Luxray|3\/100 brn|[from] brn\n|upkeep\n|\n|t:|1638425633\n|switch|p1a: Jolteon|Jolteon, F|100\/100 brn\n|turn|17\n|\n|t:|1638425643\n|move|p1a: Jolteon|Volt Switch|p2a: Luxray\n|-resisted|p2a: Luxray\n|-damage|p2a: Luxray|0 fnt\n|faint|p2a: Luxray\n|\n|t:|1638425651\n|switch|p1a: Arcanine|Arcanine, F|91\/100|[from]move: Volt Switch\n|\n|upkeep\n|\n|t:|1638425656\n|switch|p2a: Primeape|Primeape, M|94\/100\n|-damage|p2a: Primeape|88\/100|[from] Stealth Rock\n|turn|18\n|inactive|Anibunnysomoney has 120 seconds left.\n|\n|t:|1638425678\n|switch|p1a: Umbreon|Umbreon, F|28\/100\n|move|p2a: Primeape|Stone Edge|p1a: Umbreon\n|-damage|p1a: Umbreon|0 fnt\n|faint|p1a: Umbreon\n|\n|upkeep\n|\n|t:|1638425687\n|switch|p1a: Jolteon|Jolteon, F|100\/100 brn\n|turn|19\n|inactive|Anibunnysomoney has 120 seconds left.\n|\n|t:|1638425712\n|move|p1a: Jolteon|Thunderbolt|p2a: Primeape\n|-damage|p2a: Primeape|7\/100\n|move|p2a: Primeape|Stone Edge|p1a: Jolteon\n|-damage|p1a: Jolteon|21\/100 brn\n|\n|-damage|p1a: Jolteon|15\/100 brn|[from] brn\n|upkeep\n|turn|20\n|\n|t:|1638425725\n|move|p1a: Jolteon|Thunderbolt|p2a: Primeape\n|-damage|p2a: Primeape|0 fnt\n|faint|p2a: Primeape\n|\n|-damage|p1a: Jolteon|9\/100 brn|[from] brn\n|upkeep\n|\n|t:|1638425732\n|switch|p2a: Scizor|Scizor, M|76\/100\n|-damage|p2a: Scizor|64\/100|[from] Stealth Rock\n|turn|21\n|inactive|Anibunnysomoney has 120 seconds left.\n|\n|t:|1638425746\n|move|p1a: Jolteon|Thunder Wave|p2a: Scizor\n|-status|p2a: Scizor|par\n|move|p2a: Scizor|Swords Dance|p2a: Scizor\n|-boost|p2a: Scizor|atk|2\n|\n|-heal|p2a: Scizor|70\/100 par|[from] item: Leftovers\n|-damage|p1a: Jolteon|3\/100 brn|[from] brn\n|upkeep\n|turn|22\n|inactive|Anibunnysomoney has 120 seconds left.\n|\n|t:|1638425757\n|cant|p2a: Scizor|par\n|move|p1a: Jolteon|Thunderbolt|p2a: Scizor\n|-damage|p2a: Scizor|10\/100 par\n|\n|-heal|p2a: Scizor|16\/100 par|[from] item: Leftovers\n|-damage|p1a: Jolteon|0 fnt|[from] brn\n|faint|p1a: Jolteon\n|upkeep\n|\n|t:|1638425766\n|switch|p1a: Arcanine|Arcanine, F|91\/100\n|-ability|p1a: Arcanine|Intimidate|boost\n|-unboost|p2a: Scizor|atk|1\n|turn|23\n|inactive|Anibunnysomoney has 120 seconds left.\n|\n|t:|1638425773\n|move|p1a: Arcanine|Extreme Speed|p2a: Scizor\n|-resisted|p2a: Scizor\n|-damage|p2a: Scizor|0 fnt\n|faint|p2a: Scizor\n|-damage|p1a: Arcanine|81\/100|[from] item: Life Orb\n|\n|win|Anibunnysomoney\n|raw|Anibunnysomoney's rating: 1141 &rarr; <strong>1160<\/strong><br \/>(+19 for winning)\n|raw|LJ Rice's rating: 1057 &rarr; <strong>1043<\/strong><br \/>(-14 for losing)\n|c|\u2606Anibunnysomoney|Gg\n|c|\u2606LJ Rice|Noted\n","uploadtime":1638425786,"views":10,"p1id":"anibunnysomoney","p2id":"ljrice","formatid":"gen8bdspou","rating":1043,"private":0,"password":null}