{"id":"gen8ou-1660683317","p1":"SpoonTheHarpoon","p2":"Capital Cruiser","format":"gen8ou","log":"|j|\u2606SpoonTheHarpoon\n|j|\u2606Capital Cruiser\n|t:|1662800276\n|gametype|singles\n|player|p1|SpoonTheHarpoon|bugcatcher-gen4dp|1447\n|player|p2|Capital Cruiser|cheren-gen5bw2|1501\n|teamsize|p1|6\n|teamsize|p2|6\n|gen|8\n|tier|[Gen 8] OU\n|rated|\n|rule|Sleep Clause Mod: Limit one foe put to sleep\n|rule|Species Clause: Limit one of each Pok\u00e9mon\n|rule|OHKO Clause: OHKO moves are banned\n|rule|Evasion Items Clause: Evasion items are banned\n|rule|Evasion Moves Clause: Evasion moves are banned\n|rule|Endless Battle Clause: Forcing endless battles is banned\n|rule|HP Percentage Mod: HP is shown in percentages\n|rule|Dynamax Clause: You cannot dynamax\n|clearpoke\n|poke|p1|Clefable, M|\n|poke|p1|Heatran, F|\n|poke|p1|Rillaboom, M|\n|poke|p1|Tornadus-Therian, M|\n|poke|p1|Melmetal|\n|poke|p1|Gastrodon-East, F|\n|poke|p2|Dragapult, F|\n|poke|p2|Raikou|\n|poke|p2|Celesteela|\n|poke|p2|Heatran, M|\n|poke|p2|Zapdos|\n|poke|p2|Kartana|\n|teampreview\n|inactive|Battle timer is ON: inactive players will automatically lose when time's up. (requested by Capital Cruiser)\n|\n|t:|1662800297\n|start\n|switch|p1a: Gastrodon|Gastrodon-East, F|100\/100\n|switch|p2a: Heatran|Heatran, M, shiny|100\/100\n|turn|1\n|\n|t:|1662800302\n|switch|p2a: Celesteela|Celesteela, shiny|100\/100\n|move|p1a: Gastrodon|Earth Power|p2a: Celesteela\n|-immune|p2a: Celesteela\n|\n|upkeep\n|turn|2\n|\n|t:|1662800306\n|switch|p1a: Heatran|Heatran, F|100\/100\n|move|p2a: Celesteela|Energy Ball|p1a: Heatran\n|-resisted|p1a: Heatran\n|-damage|p1a: Heatran|95\/100\n|\n|-heal|p1a: Heatran|100\/100|[from] item: Leftovers\n|upkeep\n|turn|3\n|\n|t:|1662800309\n|switch|p2a: Dragapult|Dragapult, F, shiny|100\/100\n|move|p1a: Heatran|Magma Storm|p2a: Dragapult|[miss]\n|-miss|p1a: Heatran|p2a: Dragapult\n|\n|upkeep\n|turn|4\n|\n|t:|1662800314\n|switch|p1a: Clefable|Clefable, M|100\/100\n|move|p2a: Dragapult|Shadow Ball|p1a: Clefable\n|-damage|p1a: Clefable|47\/100\n|\n|upkeep\n|turn|5\n|\n|t:|1662800316\n|switch|p1a: Tornadus|Tornadus-Therian, M|100\/100\n|move|p2a: Dragapult|Shadow Ball|p1a: Tornadus\n|-damage|p1a: Tornadus|36\/100\n|\n|upkeep\n|turn|6\n|\n|t:|1662800322\n|switch|p1a: Gastrodon|Gastrodon-East, F|100\/100\n|move|p2a: Dragapult|Shadow Ball|p1a: Gastrodon\n|-damage|p1a: Gastrodon|61\/100\n|\n|upkeep\n|turn|7\n|c|\u2606Capital Cruiser|lol\n|c|\u2606Capital Cruiser|2 bad plays, no punishment though.\n|\n|t:|1662800346\n|move|p2a: Dragapult|Shadow Ball|p1a: Gastrodon\n|-damage|p1a: Gastrodon|26\/100\n|move|p1a: Gastrodon|Recover|p1a: Gastrodon\n|-heal|p1a: Gastrodon|76\/100\n|\n|upkeep\n|turn|8\n|\n|t:|1662800353\n|move|p2a: Dragapult|Shadow Ball|p1a: Gastrodon\n|-damage|p1a: Gastrodon|35\/100\n|move|p1a: Gastrodon|Recover|p1a: Gastrodon\n|-heal|p1a: Gastrodon|85\/100\n|\n|upkeep\n|turn|9\n|\n|t:|1662800356\n|move|p2a: Dragapult|Shadow Ball|p1a: Gastrodon\n|-damage|p1a: Gastrodon|51\/100\n|move|p1a: Gastrodon|Toxic|p2a: Dragapult\n|-status|p2a: Dragapult|tox\n|\n|-damage|p2a: Dragapult|95\/100 tox|[from] psn\n|upkeep\n|turn|10\n|c|\u2606SpoonTheHarpoon|when?\n|inactive|Capital Cruiser has 120 seconds left.\n|c|\u2606Capital Cruiser|Comes in with clef, gets nuked, makes the brave play going into torn, gets nuke in theory, but regen saves you.\n|inactive|Capital Cruiser has 90 seconds left.\n|c|\u2606Capital Cruiser|Both horrible plays.\n|c|\u2606SpoonTheHarpoon|nah when did I ask\n|c|\u2606Capital Cruiser|\"when\"\n|\n|t:|1662800429\n|move|p2a: Dragapult|Shadow Ball|p1a: Gastrodon\n|-damage|p1a: Gastrodon|13\/100\n|move|p1a: Gastrodon|Recover|p1a: Gastrodon\n|-heal|p1a: Gastrodon|63\/100\n|\n|-damage|p2a: Dragapult|83\/100 tox|[from] psn\n|upkeep\n|turn|11\n|c|\u2606Capital Cruiser|Are you stupid or something?\n|c|\u2606Capital Cruiser|I mean, I know, it's quite obvious, but want to hear from you.\n|inactive|Capital Cruiser has 60 seconds left.\n|\n|t:|1662800462\n|switch|p2a: Celesteela|Celesteela, shiny|100\/100\n|move|p1a: Gastrodon|Recover|p1a: Gastrodon\n|-heal|p1a: Gastrodon|100\/100\n|\n|upkeep\n|turn|12\n|\n|t:|1662800466\n|switch|p1a: Rillaboom|Rillaboom, M|100\/100\n|-fieldstart|move: Grassy Terrain|[from] ability: Grassy Surge|[of] p1a: Rillaboom\n|move|p2a: Celesteela|Leech Seed|p1a: Rillaboom\n|-immune|p1a: Rillaboom\n|\n|upkeep\n|turn|13\n|\n|t:|1662800473\n|switch|p1a: Heatran|Heatran, F|100\/100\n|move|p2a: Celesteela|Leech Seed|p1a: Heatran\n|-start|p1a: Heatran|move: Leech Seed\n|\n|-damage|p1a: Heatran|88\/100|[from] Leech Seed|[of] p2a: Celesteela\n|upkeep\n|turn|14\n|\n|t:|1662800476\n|move|p2a: Celesteela|Protect|p2a: Celesteela\n|-singleturn|p2a: Celesteela|Protect\n|move|p1a: Heatran|Earth Power|p2a: Celesteela\n|-activate|p2a: Celesteela|move: Protect\n|\n|-heal|p1a: Heatran|94\/100|[from] Grassy Terrain\n|-heal|p1a: Heatran|100\/100|[from] item: Leftovers\n|-damage|p1a: Heatran|88\/100|[from] Leech Seed|[of] p2a: Celesteela\n|upkeep\n|turn|15\n|\n|t:|1662800480\n|switch|p2a: Dragapult|Dragapult, F, shiny|83\/100 tox\n|move|p1a: Heatran|Magma Storm|p2a: Dragapult\n|-resisted|p2a: Dragapult\n|-damage|p2a: Dragapult|51\/100 tox\n|-activate|p2a: Dragapult|move: Magma Storm|[of] p1a: Heatran\n|\n|-heal|p2a: Dragapult|57\/100 tox|[from] Grassy Terrain\n|-heal|p1a: Heatran|94\/100|[from] Grassy Terrain\n|-heal|p1a: Heatran|100\/100|[from] item: Leftovers\n|-damage|p1a: Heatran|88\/100|[from] Leech Seed|[of] p2a: Dragapult\n|-heal|p2a: Dragapult|72\/100 tox|[silent]\n|-damage|p2a: Dragapult|66\/100 tox|[from] psn\n|-damage|p2a: Dragapult|54\/100 tox|[from] move: Magma Storm|[partiallytrapped]\n|upkeep\n|turn|16\n|\n|t:|1662800483\n|switch|p1a: Gastrodon|Gastrodon-East, F|100\/100\n|move|p2a: Dragapult|Shadow Ball|p1a: Gastrodon\n|-damage|p1a: Gastrodon|64\/100\n|\n|-heal|p2a: Dragapult|60\/100 tox|[from] Grassy Terrain\n|-heal|p1a: Gastrodon|70\/100|[from] Grassy Terrain\n|-damage|p2a: Dragapult|48\/100 tox|[from] psn\n|-end|p2a: Dragapult|Magma Storm|[partiallytrapped]|[silent]\n|-fieldend|move: Grassy Terrain\n|upkeep\n|turn|17\n|\n|t:|1662800492\n|switch|p2a: Celesteela|Celesteela, shiny|100\/100\n|move|p1a: Gastrodon|Recover|p1a: Gastrodon\n|-heal|p1a: Gastrodon|100\/100\n|\n|upkeep\n|turn|18\n|\n|t:|1662800508\n|switch|p1a: Tornadus|Tornadus-Therian, M|69\/100\n|move|p2a: Celesteela|Air Slash|p1a: Tornadus\n|-damage|p1a: Tornadus|34\/100\n|\n|upkeep\n|turn|19\n|\n|t:|1662800517\n|move|p1a: Tornadus|U-turn|p2a: Celesteela\n|-resisted|p2a: Celesteela\n|-damage|p2a: Celesteela|98\/100\n|\n|t:|1662800522\n|switch|p1a: Heatran|Heatran, F|88\/100|[from]move: U-turn\n|move|p2a: Celesteela|Air Slash|p1a: Heatran\n|-resisted|p1a: Heatran\n|-damage|p1a: Heatran|74\/100\n|\n|-heal|p1a: Heatran|80\/100|[from] item: Leftovers\n|upkeep\n|turn|20\n|\n|t:|1662800531\n|switch|p1a: Gastrodon|Gastrodon-East, F|100\/100\n|move|p2a: Celesteela|Leech Seed|p1a: Gastrodon\n|-start|p1a: Gastrodon|move: Leech Seed\n|\n|-damage|p1a: Gastrodon|88\/100|[from] Leech Seed|[of] p2a: Celesteela\n|-heal|p2a: Celesteela|100\/100|[silent]\n|upkeep\n|turn|21\n|\n|t:|1662800540\n|switch|p2a: Raikou|Raikou, shiny|100\/100\n|-ability|p2a: Raikou|Pressure\n|switch|p1a: Rillaboom|Rillaboom, M|100\/100\n|-fieldstart|move: Grassy Terrain|[from] ability: Grassy Surge|[of] p1a: Rillaboom\n|\n|upkeep\n|turn|22\n|\n|t:|1662800567\n|switch|p2a: Zapdos|Zapdos, shiny|100\/100\n|switch|p1a: Gastrodon|Gastrodon-East, F|88\/100\n|\n|-heal|p1a: Gastrodon|94\/100|[from] Grassy Terrain\n|upkeep\n|turn|23\n|c|\u2606Capital Cruiser|Ah, no wonder this taking forever, on top terrible plays i'm fighting Semi stall.\n|c|\u2606Capital Cruiser|Gg scrub.\n|-message|Capital Cruiser forfeited.\n|\n|win|SpoonTheHarpoon\n|raw|SpoonTheHarpoon's rating: 1447 &rarr; <strong>1470<\/strong><br \/>(+23 for winning)\n|raw|Capital Cruiser's rating: 1501 &rarr; <strong>1478<\/strong><br \/>(-23 for losing)\n|l|\u2606Capital Cruiser\n||Ladder isn't responding, score probably updated but might not have (Request timeout).\n","uploadtime":1662800626,"views":15,"p1id":"spoontheharpoon","p2id":"capitalcruiser","formatid":"gen8ou","rating":1470,"private":0,"password":null}