{"id":"gen8ou-1669316337","p1":"sufy512","p2":"Not Sarcasm","format":"gen8ou","log":"|j|\u2606sufy512\n|j|\u2606Not Sarcasm\n|t:|1663715197\n|gametype|singles\n|player|p1|sufy512|peonia|1616\n|player|p2|Not Sarcasm|169|1604\n|teamsize|p1|6\n|teamsize|p2|6\n|gen|8\n|tier|[Gen 8] OU\n|rated|\n|rule|Sleep Clause Mod: Limit one foe put to sleep\n|rule|Species Clause: Limit one of each Pok\u00e9mon\n|rule|OHKO Clause: OHKO moves are banned\n|rule|Evasion Items Clause: Evasion items are banned\n|rule|Evasion Moves Clause: Evasion moves are banned\n|rule|Endless Battle Clause: Forcing endless battles is banned\n|rule|HP Percentage Mod: HP is shown in percentages\n|rule|Dynamax Clause: You cannot dynamax\n|clearpoke\n|poke|p1|Primarina, M|\n|poke|p1|Zapdos|\n|poke|p1|Garchomp, F|\n|poke|p1|Ferrothorn, M|\n|poke|p1|Weavile, F|\n|poke|p1|Blacephalon|\n|poke|p2|Pelipper, F|\n|poke|p2|Seismitoad, M|\n|poke|p2|Zapdos|\n|poke|p2|Ferrothorn, F|\n|poke|p2|Barraskewda, F|\n|poke|p2|Crawdaunt, F|\n|teampreview\n|inactive|Battle timer is ON: inactive players will automatically lose when time's up. (requested by Not Sarcasm)\n|\n|t:|1663715205\n|start\n|switch|p1a: Primarina|Primarina, M|100\/100\n|switch|p2a: Ferrothorn|Ferrothorn, F|100\/100\n|turn|1\n|\n|t:|1663715219\n|switch|p1a: Zapdos|Zapdos|100\/100\n|move|p2a: Ferrothorn|Knock Off|p1a: Zapdos\n|-damage|p1a: Zapdos|83\/100\n|-status|p2a: Ferrothorn|par|[from] ability: Static|[of] p1a: Zapdos\n|-enditem|p1a: Zapdos|Heavy-Duty Boots|[from] move: Knock Off|[of] p2a: Ferrothorn\n|\n|upkeep\n|turn|2\n|\n|t:|1663715229\n|move|p1a: Zapdos|Heat Wave|p2a: Ferrothorn\n|-supereffective|p2a: Ferrothorn\n|-damage|p2a: Ferrothorn|13\/100 par\n|move|p2a: Ferrothorn|Stealth Rock|p1a: Zapdos\n|-sidestart|p1: sufy512|move: Stealth Rock\n|\n|-heal|p2a: Ferrothorn|19\/100 par|[from] item: Leftovers\n|upkeep\n|turn|3\n|\n|t:|1663715236\n|switch|p2a: Seismitoad|Seismitoad, M|100\/100\n|move|p1a: Zapdos|Defog|p2a: Seismitoad\n|-unboost|p2a: Seismitoad|evasion|1\n|-sideend|p1: sufy512|Stealth Rock|[from] move: Defog|[of] p1a: Zapdos\n|\n|upkeep\n|turn|4\n|\n|t:|1663715242\n|switch|p1a: Ferrothorn|Ferrothorn, M|100\/100\n|move|p2a: Seismitoad|Icy Wind|p1a: Ferrothorn\n|-damage|p1a: Ferrothorn|82\/100\n|-unboost|p1a: Ferrothorn|spe|1\n|-damage|p2a: Seismitoad|91\/100|[from] item: Life Orb\n|\n|-heal|p1a: Ferrothorn|88\/100|[from] item: Leftovers\n|upkeep\n|turn|5\n|\n|t:|1663715266\n|move|p2a: Seismitoad|Focus Blast|p1a: Ferrothorn\n|-supereffective|p1a: Ferrothorn\n|-damage|p1a: Ferrothorn|18\/100\n|-damage|p2a: Seismitoad|81\/100|[from] item: Life Orb\n|move|p1a: Ferrothorn|Power Whip|p2a: Seismitoad\n|-supereffective|p2a: Seismitoad\n|-damage|p2a: Seismitoad|0 fnt\n|faint|p2a: Seismitoad\n|\n|-heal|p1a: Ferrothorn|24\/100|[from] item: Leftovers\n|upkeep\n|\n|t:|1663715278\n|switch|p2a: Let's in the rain|Pelipper, F|100\/100\n|-weather|RainDance|[from] ability: Drizzle|[of] p2a: Let's in the rain\n|turn|6\n|\n|t:|1663715284\n|switch|p1a: Zapdos|Zapdos|83\/100\n|move|p2a: Let's in the rain|Hurricane|p1a: Zapdos\n|-resisted|p1a: Zapdos\n|-damage|p1a: Zapdos|64\/100\n|-start|p1a: Zapdos|confusion\n|\n|-weather|RainDance|[upkeep]\n|upkeep\n|turn|7\n|\n|t:|1663715302\n|switch|p2a: Zapdos|Zapdos|100\/100\n|-activate|p1a: Zapdos|confusion\n|-damage|p1a: Zapdos|58\/100|[from] confusion\n|\n|-weather|RainDance|[upkeep]\n|upkeep\n|turn|8\n|\n|t:|1663715309\n|switch|p1a: Ferrothorn|Ferrothorn, M|24\/100\n|move|p2a: Zapdos|Weather Ball|p1a: Ferrothorn\n|-resisted|p1a: Ferrothorn\n|-damage|p1a: Ferrothorn|3\/100\n|\n|-weather|RainDance|[upkeep]\n|-heal|p1a: Ferrothorn|9\/100|[from] item: Leftovers\n|upkeep\n|turn|9\n|\n|t:|1663715317\n|move|p2a: Zapdos|Weather Ball|p1a: Ferrothorn\n|-resisted|p1a: Ferrothorn\n|-damage|p1a: Ferrothorn|0 fnt\n|faint|p1a: Ferrothorn\n|\n|-weather|RainDance|[upkeep]\n|upkeep\n|\n|t:|1663715326\n|switch|p1a: Weavile|Weavile, F|100\/100\n|-ability|p1a: Weavile|Pressure\n|turn|10\n|inactive|Not Sarcasm has 120 seconds left.\n|\n|t:|1663715364\n|switch|p2a: Ferrothorn|Ferrothorn, F|19\/100 par\n|move|p1a: Weavile|Triple Axel|p2a: Ferrothorn\n|-damage|p2a: Ferrothorn|12\/100 par\n|-damage|p1a: Weavile|88\/100|[from] ability: Iron Barbs|[of] p2a: Ferrothorn\n|-damage|p2a: Ferrothorn|0 fnt\n|-damage|p1a: Weavile|76\/100|[from] ability: Iron Barbs|[of] p2a: Ferrothorn\n|faint|p2a: Ferrothorn\n|-hitcount|p2: Ferrothorn|2\n|\n|-weather|RainDance|[upkeep]\n|upkeep\n|\n|t:|1663715375\n|switch|p2a: Barraskewda|Barraskewda, F|100\/100\n|turn|11\n|\n|t:|1663715380\n|switch|p1a: Blacephalon|Blacephalon|100\/100\n|move|p2a: Barraskewda|Liquidation|p1a: Blacephalon\n|-supereffective|p1a: Blacephalon\n|-damage|p1a: Blacephalon|0 fnt\n|faint|p1a: Blacephalon\n|\n|-weather|RainDance|[upkeep]\n|upkeep\n|\n|t:|1663715385\n|switch|p1a: Primarina|Primarina, M|100\/100\n|turn|12\n|\n|t:|1663715390\n|switch|p2a: Zapdos|Zapdos|100\/100\n|move|p1a: Primarina|Moonblast|p2a: Zapdos\n|-damage|p2a: Zapdos|7\/100\n|-unboost|p2a: Zapdos|spa|1\n|\n|-weather|RainDance|[upkeep]\n|upkeep\n|turn|13\n|\n|t:|1663715398\n|switch|p1a: Garchomp|Garchomp, F|100\/100\n|move|p2a: Zapdos|Thunder|p1a: Garchomp\n|-immune|p1a: Garchomp\n|\n|-weather|none\n|upkeep\n|turn|14\n|\n|t:|1663715405\n|switch|p2a: Let's in the rain|Pelipper, F|100\/100\n|-weather|RainDance|[from] ability: Drizzle|[of] p2a: Let's in the rain\n|move|p1a: Garchomp|Swords Dance|p1a: Garchomp\n|-boost|p1a: Garchomp|atk|2\n|\n|-weather|RainDance|[upkeep]\n|upkeep\n|turn|15\n|\n|t:|1663715413\n|move|p1a: Garchomp|Scale Shot|p2a: Let's in the rain\n|-damage|p2a: Let's in the rain|72\/100\n|-damage|p2a: Let's in the rain|44\/100\n|-damage|p2a: Let's in the rain|18\/100\n|-damage|p2a: Let's in the rain|0 fnt\n|faint|p2a: Let's in the rain\n|-hitcount|p2: Let's in the rain|4\n|-unboost|p1a: Garchomp|def|1\n|-boost|p1a: Garchomp|spe|1\n|\n|-weather|RainDance|[upkeep]\n|upkeep\n|c|\u2606Not Sarcasm|must be nice\n|\n|t:|1663715424\n|switch|p2a: Barraskewda|Barraskewda, F|100\/100\n|turn|16\n|\n|t:|1663715428\n|switch|p1a: Zapdos|Zapdos|58\/100\n|move|p2a: Barraskewda|Liquidation|p1a: Zapdos\n|-damage|p1a: Zapdos|0 fnt\n|-status|p2a: Barraskewda|par|[from] ability: Static|[of] p1a: Zapdos\n|faint|p1a: Zapdos\n|\n|-weather|RainDance|[upkeep]\n|upkeep\n|\n|t:|1663715433\n|switch|p1a: Primarina|Primarina, M|100\/100\n|turn|17\n|c|\u2606Not Sarcasm|must be nice\n|\n|t:|1663715439\n|move|p2a: Barraskewda|Liquidation|p1a: Primarina\n|-resisted|p1a: Primarina\n|-damage|p1a: Primarina|25\/100\n|move|p1a: Primarina|Moonblast|p2a: Barraskewda\n|-damage|p2a: Barraskewda|0 fnt\n|faint|p2a: Barraskewda\n|\n|-weather|RainDance|[upkeep]\n|upkeep\n|j| joeyvn\n|l| joeyvn\n|\n|t:|1663715453\n|switch|p2a: Zapdos|Zapdos|7\/100\n|turn|18\n|\n|t:|1663715467\n|switch|p1a: Garchomp|Garchomp, F|100\/100\n|move|p2a: Zapdos|Hurricane|p1a: Garchomp\n|-damage|p1a: Garchomp|39\/100\n|\n|-weather|RainDance|[upkeep]\n|-heal|p1a: Garchomp|45\/100|[from] item: Leftovers\n|upkeep\n|turn|19\n|c|\u2606sufy512|i think i choked LOL\n|\n|t:|1663715479\n|move|p1a: Garchomp|Scale Shot|p2a: Zapdos\n|-damage|p2a: Zapdos|0 fnt\n|faint|p2a: Zapdos\n|-hitcount|p2: Zapdos|1\n|-unboost|p1a: Garchomp|def|1\n|-boost|p1a: Garchomp|spe|1\n|\n|-weather|RainDance|[upkeep]\n|-heal|p1a: Garchomp|51\/100|[from] item: Leftovers\n|upkeep\n|c|\u2606Not Sarcasm|you did\n|\n|t:|1663715487\n|switch|p2a: Crawdaunt|Crawdaunt, F|100\/100\n|turn|20\n|\n|t:|1663715493\n|switch|p1a: Weavile|Weavile, F|76\/100\n|-ability|p1a: Weavile|Pressure\n|move|p2a: Crawdaunt|Aqua Jet|p1a: Weavile\n|-damage|p1a: Weavile|0 fnt\n|faint|p1a: Weavile\n|-damage|p2a: Crawdaunt|91\/100|[from] item: Life Orb\n|\n|-weather|RainDance|[upkeep]\n|upkeep\n|\n|t:|1663715499\n|switch|p1a: Primarina|Primarina, M|25\/100\n|turn|21\n|\n|t:|1663715503\n|move|p2a: Crawdaunt|Aqua Jet|p1a: Primarina\n|-resisted|p1a: Primarina\n|-damage|p1a: Primarina|0 fnt\n|faint|p1a: Primarina\n|-damage|p2a: Crawdaunt|81\/100|[from] item: Life Orb\n|\n|-weather|none\n|upkeep\n|\n|t:|1663715506\n|switch|p1a: Garchomp|Garchomp, F|51\/100\n|turn|22\n|c|\u2606Not Sarcasm|depends on the roll\n|\n|t:|1663715510\n|move|p2a: Crawdaunt|Aqua Jet|p1a: Garchomp\n|-damage|p1a: Garchomp|15\/100\n|-damage|p2a: Crawdaunt|69\/100|[from] ability: Rough Skin|[of] p1a: Garchomp\n|-damage|p2a: Crawdaunt|59\/100|[from] item: Life Orb\n|move|p1a: Garchomp|Earthquake|p2a: Crawdaunt\n|-damage|p2a: Crawdaunt|0 fnt\n|faint|p2a: Crawdaunt\n|\n|win|sufy512\n|raw|sufy512's rating: 1616 &rarr; <strong>1636<\/strong><br \/>(+20 for winning)\n|raw|Not Sarcasm's rating: 1620 &rarr; <strong>1600<\/strong><br \/>(-20 for losing)\n|c|\u2606sufy512|gg\n|c|\u2606Not Sarcasm|of course\n|l|\u2606Not Sarcasm\n|c|\u2606sufy512|not a roll\n","uploadtime":1663715523,"views":5,"p1id":"sufy512","p2id":"notsarcasm","formatid":"gen8ou","rating":1600,"private":0,"password":null}