{"id":"gen8nationaldex-1592577940","p1":"SirFresh","p2":"TrasheBoi","format":"gen8nationaldex","log":"|j|\u2606SirFresh\n|j|\u2606TrasheBoi\n|t:|1654781294\n|gametype|singles\n|player|p1|SirFresh|palmer|\n|player|p2|TrasheBoi|richboy|\n|teamsize|p1|6\n|teamsize|p2|6\n|gen|8\n|tier|[Gen 8] National Dex\n|rule|HP Percentage Mod: HP is shown in percentages\n|rule|Endless Battle Clause: Forcing endless battles is banned\n|rule|OHKO Clause: OHKO moves are banned\n|rule|Evasion Moves Clause: Evasion moves are banned\n|rule|Species Clause: Limit one of each Pok\u00e9mon\n|rule|Dynamax Clause: You cannot dynamax\n|rule|Sleep Clause Mod: Limit one foe put to sleep\n|clearpoke\n|poke|p1|Politoed, M|\n|poke|p1|Swampert, M|\n|poke|p1|Corviknight, M|\n|poke|p1|Serperior, M|\n|poke|p1|Heliolisk, F|\n|poke|p1|Manaphy|\n|poke|p2|Pelipper, F|\n|poke|p2|Greninja, M|\n|poke|p2|Barraskewda, F|\n|poke|p2|Kyurem|\n|poke|p2|Kartana|\n|poke|p2|Magnezone|\n|teampreview\n|c|\u2606TrasheBoi|glhf\n|c|\u2606SirFresh|Glgf\n|\n|t:|1654781309\n|start\n|switch|p1a: Heliolisk|Heliolisk, F|100\/100\n|switch|p2a: Kyurem|Kyurem|100\/100\n|-ability|p2a: Kyurem|Pressure\n|turn|1\n|\n|t:|1654781318\n|move|p2a: Kyurem|Ice Beam|p1a: Heliolisk\n|-damage|p1a: Heliolisk|40\/100\n|move|p1a: Heliolisk|Focus Blast|p2a: Kyurem|[miss]\n|-miss|p1a: Heliolisk|p2a: Kyurem\n|\n|upkeep\n|turn|2\n|\n|t:|1654781337\n|switch|p2a: Kartana|Kartana|100\/100\n|switch|p1a: Politoed|Politoed, M|100\/100\n|-weather|RainDance|[from] ability: Drizzle|[of] p1a: Politoed\n|\n|-weather|RainDance|[upkeep]\n|upkeep\n|turn|3\n|c|\u2606TrasheBoi|that's a good sign\n|\n|t:|1654781344\n|switch|p2a: Magnezone|Magnezone|100\/100\n|switch|p1a: Corviknight|Corviknight, M|100\/100\n|-ability|p1a: Corviknight|Pressure\n|\n|-weather|RainDance|[upkeep]\n|upkeep\n|turn|4\n|c|\u2606TrasheBoi|that too\n|\n|t:|1654781353\n|move|p1a: Corviknight|Body Press|p2a: Magnezone\n|-supereffective|p2a: Magnezone\n|-damage|p2a: Magnezone|64\/100\n|move|p2a: Magnezone|Thunderbolt|p1a: Corviknight\n|-supereffective|p1a: Corviknight\n|-damage|p1a: Corviknight|0 fnt\n|faint|p1a: Corviknight\n|-damage|p2a: Magnezone|54\/100|[from] item: Life Orb\n|\n|-weather|RainDance|[upkeep]\n|upkeep\n|\n|t:|1654781359\n|switch|p1a: Swampert|Swampert, M|100\/100\n|turn|5\n|\n|t:|1654781372\n|switch|p2a: Pelipper|Pelipper, F|100\/100\n|detailschange|p1a: Swampert|Swampert-Mega, M\n|-mega|p1a: Swampert|Swampert|Swampertite\n|move|p1a: Swampert|Bulk Up|p1a: Swampert\n|-boost|p1a: Swampert|atk|1\n|-boost|p1a: Swampert|def|1\n|\n|-weather|RainDance|[upkeep]\n|upkeep\n|turn|6\n|\n|t:|1654781404\n|move|p1a: Swampert|Liquidation|p2a: Pelipper\n|-resisted|p2a: Pelipper\n|-damage|p2a: Pelipper|53\/100\n|move|p2a: Pelipper|U-turn|p1a: Swampert\n|-damage|p1a: Swampert|95\/100\n|\n|t:|1654781411\n|switch|p2a: Kartana|Kartana|100\/100|[from]move: U-turn\n|\n|-weather|none\n|upkeep\n|turn|7\n|\n|t:|1654781445\n|move|p2a: Kartana|Sacred Sword|p1a: Swampert\n|-damage|p1a: Swampert|58\/100\n|move|p1a: Swampert|Brick Break|p2a: Kartana\n|-supereffective|p2a: Kartana\n|-damage|p2a: Kartana|0 fnt\n|faint|p2a: Kartana\n|\n|upkeep\n|\n|t:|1654781469\n|switch|p2a: Kyurem|Kyurem|100\/100\n|-ability|p2a: Kyurem|Pressure\n|turn|8\n|\n|t:|1654781479\n|switch|p1a: Politoed|Politoed, M|100\/100\n|-weather|RainDance|[from] ability: Drizzle|[of] p1a: Politoed\n|move|p2a: Kyurem|Freeze-Dry|p1a: Politoed\n|-supereffective|p1a: Politoed\n|-crit|p1a: Politoed\n|-damage|p1a: Politoed|33\/100\n|\n|-weather|RainDance|[upkeep]\n|-heal|p1a: Politoed|39\/100|[from] item: Leftovers\n|upkeep\n|turn|9\n|\n|t:|1654781487\n|move|p2a: Kyurem|Freeze-Dry|p1a: Politoed\n|-supereffective|p1a: Politoed\n|-crit|p1a: Politoed\n|-damage|p1a: Politoed|0 fnt\n|faint|p1a: Politoed\n|\n|-weather|RainDance|[upkeep]\n|upkeep\n|c|\u2606TrasheBoi|okay wtf\n|c|\u2606TrasheBoi|i should sac kyurem now\n|\n|t:|1654781534\n|switch|p1a: Swampert|Swampert-Mega, M|58\/100\n|turn|10\n|\n|t:|1654781544\n|switch|p2a: Magnezone|Magnezone|54\/100\n|move|p1a: Swampert|Brick Break|p2a: Magnezone\n|-supereffective|p2a: Magnezone\n|-damage|p2a: Magnezone|11\/100\n|\n|-weather|RainDance|[upkeep]\n|upkeep\n|turn|11\n|\n|t:|1654781556\n|move|p1a: Swampert|Brick Break|p2a: Magnezone\n|-supereffective|p2a: Magnezone\n|-damage|p2a: Magnezone|0 fnt\n|faint|p2a: Magnezone\n|\n|-weather|RainDance|[upkeep]\n|upkeep\n|\n|t:|1654781569\n|switch|p2a: Pelipper|Pelipper, F|53\/100\n|turn|12\n|\n|t:|1654781592\n|move|p1a: Swampert|Liquidation|p2a: Pelipper\n|-resisted|p2a: Pelipper\n|-damage|p2a: Pelipper|21\/100\n|move|p2a: Pelipper|U-turn|p1a: Swampert\n|-damage|p1a: Swampert|50\/100\n|\n|t:|1654781628\n|switch|p2a: Kyurem|Kyurem|100\/100|[from]move: U-turn\n|-ability|p2a: Kyurem|Pressure\n|\n|-weather|none\n|upkeep\n|turn|13\n|\n|t:|1654781634\n|move|p2a: Kyurem|Freeze-Dry|p1a: Swampert\n|-supereffective|p1a: Swampert\n|-damage|p1a: Swampert|0 fnt\n|faint|p1a: Swampert\n|\n|upkeep\n|\n|t:|1654781688\n|switch|p1a: Manaphy|Manaphy|100\/100\n|turn|14\n|\n|t:|1654781737\n|move|p2a: Kyurem|Freeze-Dry|p1a: Manaphy\n|-supereffective|p1a: Manaphy\n|-damage|p1a: Manaphy|40\/100\n|-zpower|p1a: Manaphy\n|move|p1a: Manaphy|Hydro Vortex|p2a: Kyurem|[zeffect]\n|-resisted|p2a: Kyurem\n|-damage|p2a: Kyurem|62\/100\n|\n|upkeep\n|turn|15\n|\n|t:|1654781757\n|move|p2a: Kyurem|Freeze-Dry|p1a: Manaphy\n|-supereffective|p1a: Manaphy\n|-damage|p1a: Manaphy|0 fnt\n|faint|p1a: Manaphy\n|\n|upkeep\n|\n|t:|1654781760\n|switch|p1a: Serperior|Serperior, M|100\/100\n|turn|16\n|\n|t:|1654781763\n|move|p1a: Serperior|Dragon Pulse|p2a: Kyurem\n|-supereffective|p2a: Kyurem\n|-damage|p2a: Kyurem|20\/100\n|move|p2a: Kyurem|Freeze-Dry|p1a: Serperior\n|-supereffective|p1a: Serperior\n|-damage|p1a: Serperior|14\/100\n|\n|upkeep\n|turn|17\n|\n|t:|1654781770\n|move|p1a: Serperior|Dragon Pulse|p2a: Kyurem\n|-supereffective|p2a: Kyurem\n|-damage|p2a: Kyurem|0 fnt\n|faint|p2a: Kyurem\n|\n|upkeep\n|\n|t:|1654781776\n|switch|p2a: Greninja|Greninja, M|100\/100\n|turn|18\n|\n|t:|1654781793\n|switch|p1a: Heliolisk|Heliolisk, F|40\/100\n|move|p2a: Greninja|Dark Pulse|p1a: Heliolisk\n|-damage|p1a: Heliolisk|0 fnt\n|faint|p1a: Heliolisk\n|-activate|p2a: Greninja|ability: Battle Bond\n|detailschange|p2a: Greninja|Greninja-Ash, M\n|-damage|p2a: Greninja|91\/100|[from] item: Life Orb\n|\n|upkeep\n|\n|t:|1654781798\n|switch|p1a: Serperior|Serperior, M|14\/100\n|turn|19\n|\n|t:|1654781802\n|move|p2a: Greninja|Water Shuriken|p1a: Serperior\n|-resisted|p1a: Serperior\n|-damage|p1a: Serperior|5\/100\n|-resisted|p1a: Serperior\n|-damage|p1a: Serperior|0 fnt\n|faint|p1a: Serperior\n|-hitcount|p1: Serperior|2\n|-damage|p2a: Greninja|81\/100|[from] item: Life Orb\n|\n|win|TrasheBoi\n|c|\u2606TrasheBoi|gg\n|c|\u2606SirFresh|Gg\n","uploadtime":1654781815,"views":7,"p1id":"sirfresh","p2id":"trasheboi","formatid":"gen8nationaldex","rating":0,"private":0,"password":null}