{"id":"gen8ou-1683955891","p1":"smoglin doglin","p2":"minimax_ai","format":"gen8ou","log":"|j|\u2606smoglin doglin\n|j|\u2606minimax_ai\n|t:|1665587150\n|gametype|singles\n|player|p1|smoglin doglin|flannery|1679\n|player|p2|minimax_ai|lusamine-nihilego|1660\n|teamsize|p1|6\n|teamsize|p2|6\n|gen|8\n|tier|[Gen 8] OU\n|rated|\n|rule|Sleep Clause Mod: Limit one foe put to sleep\n|rule|Species Clause: Limit one of each Pok\u00e9mon\n|rule|OHKO Clause: OHKO moves are banned\n|rule|Evasion Items Clause: Evasion items are banned\n|rule|Evasion Moves Clause: Evasion moves are banned\n|rule|Endless Battle Clause: Forcing endless battles is banned\n|rule|HP Percentage Mod: HP is shown in percentages\n|rule|Dynamax Clause: You cannot dynamax\n|clearpoke\n|poke|p1|Tyranitar, F|\n|poke|p1|Escavalier, F|\n|poke|p1|Clefable, F|\n|poke|p1|Excadrill, F|\n|poke|p1|Tornadus-Therian, M|\n|poke|p1|Kommo-o, M|\n|poke|p2|Rotom-Wash|\n|poke|p2|Weavile, F|\n|poke|p2|Landorus-Therian, M|\n|poke|p2|Heatran, M|\n|poke|p2|Tangrowth, F|\n|poke|p2|Melmetal|\n|teampreview\n|c|\u2606minimax_ai|hf\n|inactive|Battle timer is ON: inactive players will automatically lose when time's up. (requested by minimax_ai)\n|\n|t:|1665587175\n|start\n|switch|p1a: Tornadus|Tornadus-Therian, M|100\/100\n|switch|p2a: Melmetal|Melmetal|100\/100\n|turn|1\n|j| Youressi\n|\n|t:|1665587180\n|move|p1a: Tornadus|Heat Wave|p2a: Melmetal\n|-supereffective|p2a: Melmetal\n|-damage|p2a: Melmetal|74\/100\n|move|p2a: Melmetal|Double Iron Bash|p1a: Tornadus\n|-damage|p1a: Tornadus|54\/100\n|-damage|p1a: Tornadus|14\/100\n|-hitcount|p1a: Tornadus|2\n|\n|upkeep\n|turn|2\n|j| Swaghetti Barnacle\n|\n|t:|1665587185\n|move|p1a: Tornadus|U-turn|p2a: Melmetal\n|-resisted|p2a: Melmetal\n|-damage|p2a: Melmetal|69\/100\n|l| Swaghetti Barnacle\n|\n|t:|1665587186\n|switch|p1a: Escavalier|Escavalier, F|100\/100|[from]move: U-turn\n|move|p2a: Melmetal|Double Iron Bash|p1a: Escavalier\n|-resisted|p1a: Escavalier\n|-damage|p1a: Escavalier|82\/100\n|-resisted|p1a: Escavalier\n|-damage|p1a: Escavalier|64\/100\n|-hitcount|p1a: Escavalier|2\n|\n|-heal|p1a: Escavalier|70\/100|[from] item: Leftovers\n|upkeep\n|turn|3\n|\n|t:|1665587188\n|move|p1a: Escavalier|Protect|p1a: Escavalier\n|-singleturn|p1a: Escavalier|Protect\n|move|p2a: Melmetal|Double Iron Bash|p1a: Escavalier\n|-activate|p1a: Escavalier|move: Protect\n|\n|-heal|p1a: Escavalier|76\/100|[from] item: Leftovers\n|upkeep\n|turn|4\n|\n|t:|1665587191\n|move|p2a: Melmetal|Double Iron Bash|p1a: Escavalier\n|-resisted|p1a: Escavalier\n|-damage|p1a: Escavalier|59\/100\n|-resisted|p1a: Escavalier\n|-damage|p1a: Escavalier|40\/100\n|-hitcount|p1a: Escavalier|2\n|move|p1a: Escavalier|Knock Off|p2a: Melmetal\n|-damage|p2a: Melmetal|53\/100\n|-enditem|p2a: Melmetal|Assault Vest|[from] move: Knock Off|[of] p1a: Escavalier\n|\n|-heal|p1a: Escavalier|46\/100|[from] item: Leftovers\n|upkeep\n|turn|5\n|\n|t:|1665587193\n|move|p1a: Escavalier|Protect|p1a: Escavalier\n|-singleturn|p1a: Escavalier|Protect\n|move|p2a: Melmetal|Double Iron Bash|p1a: Escavalier\n|-activate|p1a: Escavalier|move: Protect\n|\n|-heal|p1a: Escavalier|53\/100|[from] item: Leftovers\n|upkeep\n|turn|6\n|\n|t:|1665587206\n|move|p2a: Melmetal|Double Iron Bash|p1a: Escavalier\n|-resisted|p1a: Escavalier\n|-damage|p1a: Escavalier|34\/100\n|-resisted|p1a: Escavalier\n|-damage|p1a: Escavalier|16\/100\n|-hitcount|p1a: Escavalier|2\n|cant|p1a: Escavalier|flinch\n|\n|-heal|p1a: Escavalier|22\/100|[from] item: Leftovers\n|upkeep\n|turn|7\n|\n|t:|1665587208\n|move|p1a: Escavalier|Protect|p1a: Escavalier\n|-singleturn|p1a: Escavalier|Protect\n|move|p2a: Melmetal|Double Iron Bash|p1a: Escavalier\n|-activate|p1a: Escavalier|move: Protect\n|\n|-heal|p1a: Escavalier|28\/100|[from] item: Leftovers\n|upkeep\n|turn|8\n|\n|t:|1665587213\n|move|p2a: Melmetal|Double Iron Bash|p1a: Escavalier\n|-resisted|p1a: Escavalier\n|-damage|p1a: Escavalier|10\/100\n|-resisted|p1a: Escavalier\n|-damage|p1a: Escavalier|0 fnt\n|faint|p1a: Escavalier\n|-hitcount|p1: Escavalier|2\n|\n|upkeep\n|\n|t:|1665587215\n|switch|p1a: Kommo-o|Kommo-o, M|100\/100\n|turn|9\n|\n|t:|1665587217\n|move|p1a: Kommo-o|Substitute|p1a: Kommo-o\n|-start|p1a: Kommo-o|Substitute\n|-damage|p1a: Kommo-o|76\/100\n|move|p2a: Melmetal|Ice Punch|p1a: Kommo-o\n|-supereffective|p1a: Kommo-o\n|-crit|p1a: Kommo-o\n|-end|p1a: Kommo-o|Substitute\n|\n|-heal|p1a: Kommo-o|82\/100|[from] item: Leftovers\n|upkeep\n|turn|10\n|\n|t:|1665587219\n|move|p1a: Kommo-o|Iron Defense|p1a: Kommo-o\n|-boost|p1a: Kommo-o|def|2\n|move|p2a: Melmetal|Ice Punch|p1a: Kommo-o\n|-supereffective|p1a: Kommo-o\n|-damage|p1a: Kommo-o|58\/100\n|\n|-heal|p1a: Kommo-o|64\/100|[from] item: Leftovers\n|upkeep\n|turn|11\n|\n|t:|1665587221\n|switch|p2a: landorustherian|Landorus-Therian, M|100\/100\n|-ability|p2a: landorustherian|Intimidate|boost\n|-unboost|p1a: Kommo-o|atk|1\n|move|p1a: Kommo-o|Substitute|p1a: Kommo-o\n|-start|p1a: Kommo-o|Substitute\n|-damage|p1a: Kommo-o|39\/100\n|\n|-heal|p1a: Kommo-o|46\/100|[from] item: Leftovers\n|upkeep\n|turn|12\n|\n|t:|1665587223\n|move|p1a: Kommo-o|Iron Defense|p1a: Kommo-o\n|-boost|p1a: Kommo-o|def|2\n|move|p2a: landorustherian|U-turn|p1a: Kommo-o\n|-resisted|p1a: Kommo-o\n|-activate|p1a: Kommo-o|move: Substitute|[damage]\n|\n|t:|1665587223\n|switch|p2a: rotomwash|Rotom-Wash|100\/100|[from]move: U-turn\n|\n|-heal|p1a: Kommo-o|52\/100|[from] item: Leftovers\n|upkeep\n|turn|13\n|\n|t:|1665587225\n|switch|p2a: landorustherian|Landorus-Therian, M|100\/100\n|-ability|p2a: landorustherian|Intimidate|boost\n|-immune|p1a: Kommo-o\n|move|p1a: Kommo-o|Body Press|p2a: landorustherian\n|-resisted|p2a: landorustherian\n|-damage|p2a: landorustherian|44\/100\n|\n|-heal|p1a: Kommo-o|58\/100|[from] item: Leftovers\n|-heal|p2a: landorustherian|50\/100|[from] item: Leftovers\n|upkeep\n|turn|14\n|\n|t:|1665587230\n|move|p1a: Kommo-o|Body Press|p2a: landorustherian\n|-resisted|p2a: landorustherian\n|-damage|p2a: landorustherian|0 fnt\n|faint|p2a: landorustherian\n|\n|-heal|p1a: Kommo-o|64\/100|[from] item: Leftovers\n|upkeep\n|\n|t:|1665587230\n|switch|p2a: Tangrowth|Tangrowth, F|100\/100\n|turn|15\n|\n|t:|1665587232\n|move|p1a: Kommo-o|Body Press|p2a: Tangrowth\n|-damage|p2a: Tangrowth|32\/100\n|-damage|p1a: Kommo-o|48\/100|[from] item: Rocky Helmet|[of] p2a: Tangrowth\n|move|p2a: Tangrowth|Giga Drain|p1a: Kommo-o\n|-resisted|p1a: Kommo-o\n|-activate|p1a: Kommo-o|move: Substitute|[damage]\n|-heal|p2a: Tangrowth|37\/100|[from] drain|[of] p1a: Kommo-o\n|\n|-heal|p1a: Kommo-o|54\/100|[from] item: Leftovers\n|upkeep\n|turn|16\n|\n|t:|1665587233\n|switch|p2a: rotomwash|Rotom-Wash|100\/100\n|move|p1a: Kommo-o|Body Press|p2a: rotomwash\n|-damage|p2a: rotomwash|0 fnt\n|faint|p2a: rotomwash\n|\n|-heal|p1a: Kommo-o|60\/100|[from] item: Leftovers\n|upkeep\n|\n|t:|1665587233\n|switch|p2a: Tangrowth|Tangrowth, F|71\/100\n|turn|17\n|\n|t:|1665587235\n|switch|p2a: Melmetal|Melmetal|53\/100\n|move|p1a: Kommo-o|Body Press|p2a: Melmetal\n|-supereffective|p2a: Melmetal\n|-damage|p2a: Melmetal|0 fnt\n|faint|p2a: Melmetal\n|\n|-heal|p1a: Kommo-o|66\/100|[from] item: Leftovers\n|upkeep\n|\n|t:|1665587235\n|switch|p2a: Tangrowth|Tangrowth, F|100\/100\n|turn|18\n|\n|t:|1665587236\n|move|p1a: Kommo-o|Body Press|p2a: Tangrowth\n|-damage|p2a: Tangrowth|31\/100\n|-damage|p1a: Kommo-o|50\/100|[from] item: Rocky Helmet|[of] p2a: Tangrowth\n|move|p2a: Tangrowth|Giga Drain|p1a: Kommo-o\n|-resisted|p1a: Kommo-o\n|-end|p1a: Kommo-o|Substitute\n|-heal|p2a: Tangrowth|35\/100|[from] drain|[of] p1a: Kommo-o\n|\n|-heal|p1a: Kommo-o|56\/100|[from] item: Leftovers\n|upkeep\n|turn|19\n|\n|t:|1665587238\n|move|p1a: Kommo-o|Substitute|p1a: Kommo-o\n|-start|p1a: Kommo-o|Substitute\n|-damage|p1a: Kommo-o|31\/100\n|move|p2a: Tangrowth|Sleep Powder|p1a: Kommo-o\n|-immune|p1a: Kommo-o|[from] ability: Overcoat\n|\n|-heal|p1a: Kommo-o|37\/100|[from] item: Leftovers\n|upkeep\n|turn|20\n|\n|t:|1665587239\n|move|p1a: Kommo-o|Body Press|p2a: Tangrowth\n|-damage|p2a: Tangrowth|0 fnt\n|-damage|p1a: Kommo-o|21\/100|[from] item: Rocky Helmet|[of] p2a: Tangrowth\n|faint|p2a: Tangrowth\n|\n|-heal|p1a: Kommo-o|27\/100|[from] item: Leftovers\n|upkeep\n|\n|t:|1665587239\n|switch|p2a: Weavile|Weavile, F|100\/100\n|-ability|p2a: Weavile|Pressure\n|turn|21\n|\n|t:|1665587240\n|move|p2a: Weavile|Triple Axel|p1a: Kommo-o|[miss]\n|-miss|p2a: Weavile|p1a: Kommo-o\n|move|p1a: Kommo-o|Body Press|p2a: Weavile\n|-supereffective|p2a: Weavile\n|-damage|p2a: Weavile|0 fnt\n|faint|p2a: Weavile\n|\n|-heal|p1a: Kommo-o|33\/100|[from] item: Leftovers\n|upkeep\n|\n|t:|1665587241\n|switch|p2a: Heatran|Heatran, M|100\/100\n|-item|p2a: Heatran|Air Balloon\n|turn|22\n|\n|t:|1665587242\n|move|p2a: Heatran|Magma Storm|p1a: Kommo-o|[miss]\n|-miss|p2a: Heatran|p1a: Kommo-o\n|move|p1a: Kommo-o|Body Press|p2a: Heatran\n|-supereffective|p2a: Heatran\n|-damage|p2a: Heatran|0 fnt\n|-enditem|p2a: Heatran|Air Balloon\n|faint|p2a: Heatran\n|\n|win|smoglin doglin\n|raw|smoglin doglin's rating: 1679 &rarr; <strong>1698<\/strong><br \/>(+19 for winning)\n|raw|minimax_ai's rating: 1660 &rarr; <strong>1641<\/strong><br \/>(-19 for losing)\n|c|\u2606minimax_ai|gg\n","uploadtime":1665587243,"views":57,"p1id":"smoglindoglin","p2id":"minimaxai","formatid":"gen8ou","rating":1641,"private":0,"password":null}