{"id":"gen8ou-1684756438","p1":"Soul king0","p2":"Jamario Mariomario","format":"gen8ou","log":"|html|<div class=\"broadcast-blue\"><strong>[Gen 8] OU is currently suspecting Melmetal! For information on how to participate check out the <a href=\"https:\/\/www.smogon.com\/forums\/threads\/np-ss-ou-suspect-process-round-12-monster-mash.3709234\/\">suspect thread<\/a>.<\/strong><\/div>\n|j|\u2606Soul king0\n|j|\u2606Jamario Mariomario\n|t:|1665670724\n|gametype|singles\n|player|p1|Soul king0|265|1513\n|player|p2|Jamario Mariomario|bugcatcher|1482\n|teamsize|p1|6\n|teamsize|p2|6\n|gen|8\n|tier|[Gen 8] OU\n|rated|\n|rule|Sleep Clause Mod: Limit one foe put to sleep\n|rule|Species Clause: Limit one of each Pok\u00e9mon\n|rule|OHKO Clause: OHKO moves are banned\n|rule|Evasion Items Clause: Evasion items are banned\n|rule|Evasion Moves Clause: Evasion moves are banned\n|rule|Endless Battle Clause: Forcing endless battles is banned\n|rule|HP Percentage Mod: HP is shown in percentages\n|rule|Dynamax Clause: You cannot dynamax\n|clearpoke\n|poke|p1|Gengar, F|\n|poke|p1|Cloyster, M|\n|poke|p1|Mew|\n|poke|p1|Bisharp, F|\n|poke|p1|Rillaboom, M|\n|poke|p1|Hawlucha, M|\n|poke|p2|Volcanion|\n|poke|p2|Corviknight, F|\n|poke|p2|Mamoswine, M|\n|poke|p2|Blissey, F|\n|poke|p2|Rillaboom, F|\n|poke|p2|Hydreigon, M|\n|teampreview\n|\n|t:|1665670760\n|start\n|switch|p1a: Gengar|Gengar, F, shiny|100\/100\n|switch|p2a: Rillaboom|Rillaboom, F|100\/100\n|-fieldstart|move: Grassy Terrain|[from] ability: Grassy Surge|[of] p2a: Rillaboom\n|turn|1\n|inactive|Battle timer is ON: inactive players will automatically lose when time's up. (requested by Jamario Mariomario)\n|\n|t:|1665670778\n|switch|p2a: Blissey|Blissey, F|100\/100\n|move|p1a: Gengar|Shadow Ball|p2a: Blissey\n|-immune|p2a: Blissey\n|\n|upkeep\n|turn|2\n|\n|t:|1665670783\n|switch|p2a: Hydreigon|Hydreigon, M|100\/100\n|move|p1a: Gengar|Taunt|p2a: Hydreigon\n|-start|p2a: Hydreigon|move: Taunt\n|\n|upkeep\n|turn|3\n|\n|t:|1665670785\n|move|p1a: Gengar|Focus Blast|p2a: Hydreigon\n|-supereffective|p2a: Hydreigon\n|-damage|p2a: Hydreigon|0 fnt\n|faint|p2a: Hydreigon\n|\n|upkeep\n|\n|t:|1665670791\n|switch|p2a: Mamoswine|Mamoswine, M|100\/100\n|turn|4\n|\n|t:|1665670797\n|move|p1a: Gengar|Focus Blast|p2a: Mamoswine|[miss]\n|-miss|p1a: Gengar|p2a: Mamoswine\n|move|p2a: Mamoswine|High Horsepower|p1a: Gengar\n|-supereffective|p1a: Gengar\n|-enditem|p1a: Gengar|Focus Sash\n|-damage|p1a: Gengar|1\/100\n|-start|p2a: Mamoswine|Disable|High Horsepower|[from] ability: Cursed Body|[of] p1a: Gengar\n|\n|-heal|p1a: Gengar|7\/100|[from] Grassy Terrain\n|upkeep\n|turn|5\n|\n|t:|1665670804\n|move|p2a: Mamoswine|Ice Shard|p1a: Gengar\n|-damage|p1a: Gengar|0 fnt\n|faint|p1a: Gengar\n|\n|-fieldend|move: Grassy Terrain\n|upkeep\n|\n|t:|1665670806\n|switch|p1a: Rillaboom|Rillaboom, M, shiny|100\/100\n|-fieldstart|move: Grassy Terrain|[from] ability: Grassy Surge|[of] p1a: Rillaboom\n|turn|6\n|\n|t:|1665670811\n|move|p1a: Rillaboom|Grassy Glide|p2a: Mamoswine\n|-supereffective|p2a: Mamoswine\n|-enditem|p2a: Mamoswine|Focus Sash\n|-damage|p2a: Mamoswine|1\/100\n|-damage|p1a: Rillaboom|91\/100|[from] item: Life Orb\n|move|p2a: Mamoswine|Stealth Rock|p1a: Rillaboom\n|-sidestart|p1: Soul king0|move: Stealth Rock\n|\n|-heal|p2a: Mamoswine|7\/100|[from] Grassy Terrain\n|-heal|p1a: Rillaboom|97\/100|[from] Grassy Terrain\n|upkeep\n|turn|7\n|\n|t:|1665670815\n|switch|p2a: Corviknight|Corviknight, F|100\/100\n|-ability|p2a: Corviknight|Pressure\n|move|p1a: Rillaboom|Grassy Glide|p2a: Corviknight\n|-resisted|p2a: Corviknight\n|-damage|p2a: Corviknight|90\/100\n|-damage|p1a: Rillaboom|80\/100|[from] item: Rocky Helmet|[of] p2a: Corviknight\n|-damage|p1a: Rillaboom|70\/100|[from] item: Life Orb\n|\n|-heal|p1a: Rillaboom|76\/100|[from] Grassy Terrain\n|upkeep\n|turn|8\n|\n|t:|1665670822\n|switch|p1a: Mew|Mew, shiny|100\/100\n|-damage|p1a: Mew|88\/100|[from] Stealth Rock\n|move|p2a: Corviknight|U-turn|p1a: Mew\n|-supereffective|p1a: Mew\n|-damage|p1a: Mew|62\/100\n|-enditem|p1a: Mew|Red Card|[of] p2a: Corviknight\n|drag|p2a: Rillaboom|Rillaboom, F|100\/100\n|\n|-heal|p1a: Mew|68\/100|[from] Grassy Terrain\n|upkeep\n|turn|9\n|\n|t:|1665670829\n|move|p2a: Rillaboom|Grassy Glide|p1a: Mew\n|-damage|p1a: Mew|9\/100\n|move|p1a: Mew|Stealth Rock|p2a: Rillaboom\n|-sidestart|p2: Jamario Mariomario|move: Stealth Rock\n|\n|-heal|p1a: Mew|16\/100|[from] Grassy Terrain\n|upkeep\n|turn|10\n|\n|t:|1665670838\n|move|p2a: Rillaboom|Grassy Glide|p1a: Mew\n|-damage|p1a: Mew|0 fnt\n|faint|p1a: Mew\n|\n|-fieldend|move: Grassy Terrain\n|upkeep\n|\n|t:|1665670842\n|switch|p1a: Bisharp|Bisharp, F|100\/100\n|-damage|p1a: Bisharp|95\/100|[from] Stealth Rock\n|turn|11\n|\n|t:|1665670845\n|switch|p2a: Mamoswine|Mamoswine, M|7\/100\n|-damage|p2a: Mamoswine|0 fnt|[from] Stealth Rock\n|faint|p2a: Mamoswine\n|move|p1a: Bisharp|Swords Dance|p1a: Bisharp\n|-boost|p1a: Bisharp|atk|2\n|\n|upkeep\n|\n|t:|1665670847\n|switch|p2a: Corviknight|Corviknight, F|90\/100\n|-damage|p2a: Corviknight|78\/100|[from] Stealth Rock\n|-ability|p2a: Corviknight|Pressure\n|turn|12\n|\n|t:|1665670849\n|move|p1a: Bisharp|Knock Off|p2a: Corviknight\n|-crit|p2a: Corviknight\n|-damage|p2a: Corviknight|0 fnt\n|-damage|p1a: Bisharp|78\/100|[from] item: Rocky Helmet|[of] p2a: Corviknight\n|-enditem|p2a: Corviknight|Rocky Helmet|[from] move: Knock Off|[of] p1a: Bisharp\n|faint|p2a: Corviknight\n|\n|upkeep\n|\n|t:|1665670856\n|switch|p2a: Rillaboom|Rillaboom, F|100\/100\n|-damage|p2a: Rillaboom|88\/100|[from] Stealth Rock\n|-fieldstart|move: Grassy Terrain|[from] ability: Grassy Surge|[of] p2a: Rillaboom\n|turn|13\n|\n|t:|1665670859\n|move|p2a: Rillaboom|High Horsepower|p1a: Bisharp|[miss]\n|-miss|p2a: Rillaboom|p1a: Bisharp\n|move|p1a: Bisharp|Knock Off|p2a: Rillaboom\n|-damage|p2a: Rillaboom|0 fnt\n|-enditem|p2a: Rillaboom|Choice Band|[from] move: Knock Off|[of] p1a: Bisharp\n|faint|p2a: Rillaboom\n|\n|-heal|p1a: Bisharp|84\/100|[from] Grassy Terrain\n|upkeep\n|-message|Jamario Mariomario forfeited.\n|\n|win|Soul king0\n|raw|Soul king0's rating: 1533 &rarr; <strong>1550<\/strong><br \/>(+17 for winning)\n|raw|Jamario Mariomario's rating: 1482 &rarr; <strong>1465<\/strong><br \/>(-17 for losing)\n|l|\u2606Jamario Mariomario\n","uploadtime":1665670866,"views":10,"p1id":"soulking0","p2id":"jamariomariomario","formatid":"gen8ou","rating":1465,"private":0,"password":null}