{"id":"gen8bdspou-1539468294","p1":"Im_JaCrispy","p2":"mongwong","format":"gen8bdspou","log":"|j|\u2606Im_JaCrispy\n|j|\u2606mongwong\n|t:|1648332786\n|gametype|singles\n|player|p1|Im_JaCrispy|101|1346\n|player|p2|mongwong|ethan|1445\n|teamsize|p1|6\n|teamsize|p2|6\n|gen|8\n|tier|[Gen 8 BDSP] OU\n|rated|\n|rule|Sleep Clause Mod: Limit one foe put to sleep\n|rule|Species Clause: Limit one of each Pok\u00e9mon\n|rule|OHKO Clause: OHKO moves are banned\n|rule|Evasion Moves Clause: Evasion moves are banned\n|rule|Endless Battle Clause: Forcing endless battles is banned\n|rule|HP Percentage Mod: HP is shown in percentages\n|clearpoke\n|poke|p1|Charizard, F|\n|poke|p1|Blastoise, F|\n|poke|p1|Venusaur, F|\n|poke|p1|Lapras, M|\n|poke|p1|Mew|\n|poke|p1|Pikachu, M|\n|poke|p2|Volbeat, M|\n|poke|p2|Raikou|\n|poke|p2|Scizor, F|\n|poke|p2|Huntail, F|\n|poke|p2|Jirachi|\n|poke|p2|Kingdra, M|\n|teampreview\n|c|\u2606Im_JaCrispy|glhf\n|\n|t:|1648332807\n|start\n|switch|p1a: Charizard|Charizard, F|100\/100\n|switch|p2a: Volbeat|Volbeat, M|100\/100\n|turn|1\n|\n|t:|1648332814\n|move|p2a: Volbeat|Rain Dance|p2a: Volbeat\n|-weather|RainDance\n|move|p1a: Charizard|Fire Blast|p2a: Volbeat\n|-supereffective|p2a: Volbeat\n|-damage|p2a: Volbeat|27\/100\n|\n|-weather|RainDance|[upkeep]\n|upkeep\n|turn|2\n|\n|t:|1648332824\n|switch|p1a: Mew|Mew|100\/100\n|switch|p2a: Kingdra|Kingdra, M|100\/100\n|\n|-weather|RainDance|[upkeep]\n|upkeep\n|turn|3\n|\n|t:|1648332840\n|switch|p1a: Venusaur|Venusaur, F|100\/100\n|move|p2a: Kingdra|Draco Meteor|p1a: Venusaur\n|-damage|p1a: Venusaur|18\/100\n|-unboost|p2a: Kingdra|spa|2\n|\n|-weather|RainDance|[upkeep]\n|-heal|p1a: Venusaur|24\/100|[from] item: Black Sludge\n|upkeep\n|turn|4\n|\n|t:|1648332850\n|move|p2a: Kingdra|Draco Meteor|p1a: Venusaur\n|-damage|p1a: Venusaur|0 fnt\n|-unboost|p2a: Kingdra|spa|2\n|faint|p1a: Venusaur\n|\n|-weather|RainDance|[upkeep]\n|upkeep\n|\n|t:|1648332866\n|switch|p1a: Mew|Mew|100\/100\n|turn|5\n|\n|t:|1648332874\n|switch|p2a: Scizor|Scizor, F|100\/100\n|move|p1a: Mew|Thunder Wave|p2a: Scizor\n|-status|p2a: Scizor|par\n|\n|-weather|RainDance|[upkeep]\n|upkeep\n|turn|6\n|\n|t:|1648332892\n|switch|p1a: Charizard|Charizard, F|100\/100\n|move|p2a: Scizor|U-turn|p1a: Charizard\n|-resisted|p1a: Charizard\n|-damage|p1a: Charizard|85\/100\n|\n|t:|1648332899\n|switch|p2a: Huntail|Huntail, F|100\/100|[from]move: U-turn\n|\n|-weather|RainDance|[upkeep]\n|upkeep\n|turn|7\n|\n|t:|1648332909\n|move|p2a: Huntail|Shell Smash|p2a: Huntail\n|-unboost|p2a: Huntail|def|1\n|-unboost|p2a: Huntail|spd|1\n|-boost|p2a: Huntail|atk|2\n|-boost|p2a: Huntail|spa|2\n|-boost|p2a: Huntail|spe|2\n|move|p1a: Charizard|Focus Blast|p2a: Huntail\n|-enditem|p2a: Huntail|Focus Sash\n|-damage|p2a: Huntail|1\/100\n|-unboost|p2a: Huntail|spd|1\n|\n|-weather|RainDance|[upkeep]\n|upkeep\n|turn|8\n|\n|t:|1648332924\n|switch|p1a: Lapras|Lapras, M|100\/100\n|move|p2a: Huntail|Waterfall|p1a: Lapras\n|-immune|p1a: Lapras|[from] ability: Water Absorb\n|\n|-weather|none\n|upkeep\n|turn|9\n|\n|t:|1648332930\n|move|p1a: Lapras|Ice Shard|p2a: Huntail\n|-resisted|p2a: Huntail\n|-damage|p2a: Huntail|0 fnt\n|faint|p2a: Huntail\n|\n|upkeep\n|\n|t:|1648332934\n|switch|p2a: Raikou|Raikou|100\/100\n|turn|10\n|\n|t:|1648332941\n|switch|p1a: Pikachu|Pikachu, M|100\/100\n|move|p2a: Raikou|Volt Switch|p1a: Pikachu\n|-ability|p1a: Pikachu|Lightning Rod|boost\n|-boost|p1a: Pikachu|spa|1\n|\n|upkeep\n|turn|11\n|\n|t:|1648332950\n|-singleturn|p1a: Pikachu|move: Focus Punch\n|switch|p2a: Scizor|Scizor, F|100\/100 par\n|move|p1a: Pikachu|Focus Punch|p2a: Scizor\n|-damage|p2a: Scizor|44\/100 par\n|\n|-heal|p2a: Scizor|50\/100 par|[from] item: Leftovers\n|upkeep\n|turn|12\n|\n|t:|1648332959\n|switch|p1a: Charizard|Charizard, F|85\/100\n|move|p2a: Scizor|U-turn|p1a: Charizard\n|-resisted|p1a: Charizard\n|-damage|p1a: Charizard|72\/100\n|\n|t:|1648332967\n|switch|p2a: Volbeat|Volbeat, M|27\/100|[from]move: U-turn\n|\n|upkeep\n|turn|13\n|\n|t:|1648332984\n|move|p2a: Volbeat|Rain Dance|p2a: Volbeat\n|-weather|RainDance\n|move|p1a: Charizard|Dragon Pulse|p2a: Volbeat\n|-damage|p2a: Volbeat|0 fnt\n|faint|p2a: Volbeat\n|\n|-weather|RainDance|[upkeep]\n|upkeep\n|\n|t:|1648332993\n|switch|p2a: Raikou|Raikou|100\/100\n|turn|14\n|\n|t:|1648332997\n|switch|p1a: Lapras|Lapras, M|100\/100\n|move|p2a: Raikou|Scald|p1a: Lapras\n|-immune|p1a: Lapras|[from] ability: Water Absorb\n|\n|-weather|RainDance|[upkeep]\n|upkeep\n|turn|15\n|j| BobbySweetASL\n|\n|t:|1648333009\n|switch|p2a: Jirachi|Jirachi|100\/100\n|move|p1a: Lapras|Waterfall|p2a: Jirachi\n|-damage|p2a: Jirachi|69\/100\n|\n|-weather|RainDance|[upkeep]\n|upkeep\n|turn|16\n|\n|t:|1648333026\n|switch|p1a: Mew|Mew|100\/100\n|move|p2a: Jirachi|Stealth Rock|p1a: Mew\n|-sidestart|p1: Im_JaCrispy|move: Stealth Rock\n|\n|-weather|RainDance|[upkeep]\n|upkeep\n|turn|17\n|\n|t:|1648333037\n|move|p1a: Mew|Imprison|p1a: Mew\n|-start|p1a: Mew|move: Imprison\n|move|p2a: Jirachi|U-turn|p1a: Mew\n|-supereffective|p1a: Mew\n|-damage|p1a: Mew|74\/100\n|\n|t:|1648333041\n|switch|p2a: Kingdra|Kingdra, M|100\/100|[from]move: U-turn\n|\n|-weather|RainDance|[upkeep]\n|-heal|p1a: Mew|80\/100|[from] item: Leftovers\n|upkeep\n|turn|18\n|\n|t:|1648333056\n|move|p2a: Kingdra|Draco Meteor|p1a: Mew\n|-damage|p1a: Mew|3\/100\n|-unboost|p2a: Kingdra|spa|2\n|move|p1a: Mew|Transform|p2a: Kingdra\n|-transform|p1a: Mew|p2a: Kingdra\n|\n|-weather|RainDance|[upkeep]\n|-heal|p1a: Mew|10\/100|[from] item: Leftovers\n|upkeep\n|turn|19\n|\n|t:|1648333070\n|switch|p2a: Scizor|Scizor, F|50\/100 par\n|switch|p1a: Blastoise|Blastoise, F|100\/100\n|-damage|p1a: Blastoise|88\/100|[from] Stealth Rock\n|\n|-weather|RainDance|[upkeep]\n|-heal|p1a: Blastoise|94\/100|[from] item: Leftovers\n|-heal|p2a: Scizor|56\/100 par|[from] item: Leftovers\n|upkeep\n|turn|20\n|\n|t:|1648333080\n|move|p1a: Blastoise|Rapid Spin|p2a: Scizor\n|-resisted|p2a: Scizor\n|-damage|p2a: Scizor|52\/100 par\n|-boost|p1a: Blastoise|spe|1\n|-sideend|p1: Im_JaCrispy|Stealth Rock|[from] move: Rapid Spin|[of] p1a: Blastoise\n|move|p2a: Scizor|U-turn|p1a: Blastoise\n|-damage|p1a: Blastoise|52\/100\n|\n|t:|1648333090\n|switch|p2a: Raikou|Raikou|100\/100|[from]move: U-turn\n|\n|-weather|none\n|-heal|p1a: Blastoise|58\/100|[from] item: Leftovers\n|upkeep\n|turn|21\n|\n|t:|1648333095\n|move|p1a: Blastoise|Scald|p2a: Raikou\n|-damage|p2a: Raikou|65\/100\n|move|p2a: Raikou|Volt Switch|p1a: Blastoise\n|-supereffective|p1a: Blastoise\n|-damage|p1a: Blastoise|0 fnt\n|faint|p1a: Blastoise\n|\n|t:|1648333103\n|switch|p2a: Kingdra|Kingdra, M|100\/100|[from]move: Volt Switch\n|\n|upkeep\n|\n|t:|1648333122\n|switch|p1a: Pikachu|Pikachu, M|100\/100\n|turn|22\n|\n|t:|1648333128\n|move|p1a: Pikachu|Substitute|p1a: Pikachu\n|-start|p1a: Pikachu|Substitute\n|-damage|p1a: Pikachu|76\/100\n|move|p2a: Kingdra|Draco Meteor|p1a: Pikachu|[miss]\n|-miss|p2a: Kingdra|p1a: Pikachu\n|\n|upkeep\n|turn|23\n|\n|t:|1648333136\n|switch|p2a: Scizor|Scizor, F|52\/100 par\n|move|p1a: Pikachu|Thunderbolt|p2a: Scizor\n|-damage|p2a: Scizor|0 fnt\n|faint|p2a: Scizor\n|\n|upkeep\n|\n|t:|1648333139\n|switch|p2a: Jirachi|Jirachi|69\/100\n|turn|24\n|\n|t:|1648333150\n|move|p1a: Pikachu|Thunderbolt|p2a: Jirachi\n|-damage|p2a: Jirachi|42\/100\n|move|p2a: Jirachi|Rain Dance|p2a: Jirachi\n|-weather|RainDance\n|\n|-weather|RainDance|[upkeep]\n|upkeep\n|turn|25\n|\n|t:|1648333157\n|-singleturn|p1a: Pikachu|move: Focus Punch\n|move|p2a: Jirachi|U-turn|p1a: Pikachu\n|-end|p1a: Pikachu|Substitute\n|\n|t:|1648333164\n|switch|p2a: Raikou|Raikou|65\/100|[from]move: U-turn\n|move|p1a: Pikachu|Focus Punch|p2a: Raikou\n|-damage|p2a: Raikou|0 fnt\n|faint|p2a: Raikou\n|\n|-weather|RainDance|[upkeep]\n|upkeep\n|\n|t:|1648333166\n|switch|p2a: Kingdra|Kingdra, M|100\/100\n|turn|26\n|\n|t:|1648333185\n|switch|p1a: Mew|Mew|10\/100\n|move|p2a: Kingdra|Draco Meteor|p1a: Mew\n|-damage|p1a: Mew|0 fnt\n|-unboost|p2a: Kingdra|spa|2\n|faint|p1a: Mew\n|\n|-weather|RainDance|[upkeep]\n|upkeep\n|\n|t:|1648333196\n|switch|p1a: Lapras|Lapras, M|100\/100\n|turn|27\n|\n|t:|1648333202\n|move|p2a: Kingdra|Draco Meteor|p1a: Lapras\n|-damage|p1a: Lapras|76\/100\n|-unboost|p2a: Kingdra|spa|2\n|move|p1a: Lapras|Body Slam|p2a: Kingdra\n|-damage|p2a: Kingdra|76\/100\n|\n|-weather|RainDance|[upkeep]\n|-heal|p1a: Lapras|83\/100|[from] item: Leftovers\n|upkeep\n|turn|28\n|\n|t:|1648333214\n|switch|p2a: Jirachi|Jirachi|42\/100\n|move|p1a: Lapras|Body Slam|p2a: Jirachi\n|-resisted|p2a: Jirachi\n|-damage|p2a: Jirachi|35\/100\n|\n|-weather|RainDance|[upkeep]\n|-heal|p1a: Lapras|89\/100|[from] item: Leftovers\n|upkeep\n|turn|29\n|\n|t:|1648333225\n|move|p2a: Jirachi|U-turn|p1a: Lapras\n|-damage|p1a: Lapras|74\/100\n|\n|t:|1648333227\n|switch|p2a: Kingdra|Kingdra, M|76\/100|[from]move: U-turn\n|move|p1a: Lapras|Waterfall|p2a: Kingdra\n|-resisted|p2a: Kingdra\n|-damage|p2a: Kingdra|61\/100\n|\n|-weather|RainDance|[upkeep]\n|-heal|p1a: Lapras|80\/100|[from] item: Leftovers\n|upkeep\n|turn|30\n|\n|t:|1648333235\n|switch|p1a: Charizard|Charizard, F|72\/100\n|move|p2a: Kingdra|Draco Meteor|p1a: Charizard\n|-damage|p1a: Charizard|0 fnt\n|-unboost|p2a: Kingdra|spa|2\n|faint|p1a: Charizard\n|\n|-weather|RainDance|[upkeep]\n|upkeep\n|\n|t:|1648333245\n|switch|p1a: Lapras|Lapras, M|80\/100\n|turn|31\n|\n|t:|1648333252\n|move|p2a: Kingdra|Draco Meteor|p1a: Lapras\n|-damage|p1a: Lapras|56\/100\n|-unboost|p2a: Kingdra|spa|2\n|move|p1a: Lapras|Waterfall|p2a: Kingdra\n|-resisted|p2a: Kingdra\n|-damage|p2a: Kingdra|48\/100\n|\n|-weather|none\n|-heal|p1a: Lapras|62\/100|[from] item: Leftovers\n|upkeep\n|turn|32\n|\n|t:|1648333271\n|switch|p2a: Jirachi|Jirachi|35\/100\n|move|p1a: Lapras|Waterfall|p2a: Jirachi\n|-damage|p2a: Jirachi|12\/100\n|\n|-heal|p1a: Lapras|68\/100|[from] item: Leftovers\n|upkeep\n|turn|33\n|\n|t:|1648333340\n|move|p2a: Jirachi|Healing Wish|p2a: Jirachi\n|faint|p2a: Jirachi\n|move|p1a: Lapras|Waterfall|p2: Jirachi|[notarget]\n|-fail|p1a: Lapras\n|\n|-heal|p1a: Lapras|74\/100|[from] item: Leftovers\n|upkeep\n|\n|t:|1648333344\n|switch|p2a: Kingdra|Kingdra, M|48\/100\n|-heal|p2a: Kingdra|100\/100|[from] move: Healing Wish\n|turn|34\n|\n|t:|1648333352\n|switch|p1a: Pikachu|Pikachu, M|76\/100\n|move|p2a: Kingdra|Ice Beam|p1a: Pikachu\n|-damage|p1a: Pikachu|0 fnt\n|faint|p1a: Pikachu\n|\n|upkeep\n|\n|t:|1648333359\n|switch|p1a: Lapras|Lapras, M|74\/100\n|turn|35\n|\n|t:|1648333364\n|move|p2a: Kingdra|Ice Beam|p1a: Lapras\n|-resisted|p1a: Lapras\n|-damage|p1a: Lapras|68\/100\n|move|p1a: Lapras|Body Slam|p2a: Kingdra\n|-damage|p2a: Kingdra|77\/100\n|-status|p2a: Kingdra|par\n|\n|-heal|p1a: Lapras|74\/100|[from] item: Leftovers\n|upkeep\n|turn|36\n|-message|mongwong forfeited.\n|\n|win|Im_JaCrispy\n|raw|Im_JaCrispy's rating: 1346 &rarr; <strong>1372<\/strong><br \/>(+26 for winning)\n|raw|mongwong's rating: 1445 &rarr; <strong>1419<\/strong><br \/>(-26 for losing)\n|l|\u2606mongwong\n","uploadtime":1648333376,"views":9,"p1id":"imjacrispy","p2id":"mongwong","formatid":"gen8bdspou","rating":1372,"private":0,"password":null}