{"id":"gen8ou-1695095889","p1":"gaenisalbino","p2":"GT350R","format":"gen8ou","log":"|html|<div class=\"broadcast-blue\"><strong>[Gen 8] OU is currently suspecting Melmetal! For information on how to participate check out the <a href=\"https:\/\/www.smogon.com\/forums\/threads\/np-ss-ou-suspect-process-round-12-monster-mash.3709234\/\">suspect thread<\/a>.<\/strong><\/div>\n|j|\u2606gaenisalbino\n|j|\u2606GT350R\n|t:|1666765242\n|gametype|singles\n|player|p1|gaenisalbino|102|1646\n|player|p2|GT350R|gentleman-gen4|1598\n|teamsize|p1|6\n|teamsize|p2|6\n|gen|8\n|tier|[Gen 8] OU\n|rated|\n|rule|Sleep Clause Mod: Limit one foe put to sleep\n|rule|Species Clause: Limit one of each Pok\u00e9mon\n|rule|OHKO Clause: OHKO moves are banned\n|rule|Evasion Items Clause: Evasion items are banned\n|rule|Evasion Moves Clause: Evasion moves are banned\n|rule|Endless Battle Clause: Forcing endless battles is banned\n|rule|HP Percentage Mod: HP is shown in percentages\n|rule|Dynamax Clause: You cannot dynamax\n|clearpoke\n|poke|p1|Landorus-Therian, M|\n|poke|p1|Ferrothorn, M|\n|poke|p1|Kartana|\n|poke|p1|Heatran, M|\n|poke|p1|Clefable, F|\n|poke|p1|Weavile, M|\n|poke|p2|Alakazam, M|\n|poke|p2|Excadrill, M|\n|poke|p2|Kartana|\n|poke|p2|Blaziken, M|\n|poke|p2|Zapdos|\n|poke|p2|Weavile, F|\n|teampreview\n|\n|t:|1666765314\n|start\n|switch|p1a: Landorus|Landorus-Therian, M|100\/100\n|switch|p2a: Excadrill|Excadrill, M|100\/100\n|-ability|p1a: Landorus|Intimidate|boost\n|-unboost|p2a: Excadrill|atk|1\n|-ability|p2a: Excadrill|Mold Breaker\n|turn|1\n|\n|t:|1666765317\n|move|p1a: Landorus|Earthquake|p2a: Excadrill\n|-supereffective|p2a: Excadrill\n|-enditem|p2a: Excadrill|Focus Sash\n|-damage|p2a: Excadrill|1\/100\n|move|p2a: Excadrill|Stealth Rock|p1a: Landorus\n|-sidestart|p1: gaenisalbino|move: Stealth Rock\n|\n|upkeep\n|turn|2\n|\n|t:|1666765321\n|move|p1a: Landorus|Earthquake|p2a: Excadrill\n|-supereffective|p2a: Excadrill\n|-damage|p2a: Excadrill|0 fnt\n|faint|p2a: Excadrill\n|\n|upkeep\n|\n|t:|1666765325\n|switch|p2a: Weavile|Weavile, F|100\/100\n|turn|3\n|\n|t:|1666765329\n|switch|p1a: Ferrothorn|Ferrothorn, M|100\/100\n|-damage|p1a: Ferrothorn|94\/100|[from] Stealth Rock\n|move|p2a: Weavile|Swords Dance|p2a: Weavile\n|-boost|p2a: Weavile|atk|2\n|\n|-heal|p1a: Ferrothorn|100\/100|[from] item: Leftovers\n|upkeep\n|turn|4\n|\n|t:|1666765331\n|move|p2a: Weavile|Triple Axel|p1a: Ferrothorn\n|-damage|p1a: Ferrothorn|84\/100\n|-damage|p2a: Weavile|88\/100|[from] ability: Iron Barbs|[of] p1a: Ferrothorn\n|-damage|p1a: Ferrothorn|53\/100\n|-damage|p2a: Weavile|76\/100|[from] ability: Iron Barbs|[of] p1a: Ferrothorn\n|-damage|p1a: Ferrothorn|8\/100\n|-damage|p2a: Weavile|63\/100|[from] ability: Iron Barbs|[of] p1a: Ferrothorn\n|-hitcount|p1a: Ferrothorn|3\n|-damage|p2a: Weavile|53\/100|[from] item: Life Orb\n|move|p1a: Ferrothorn|Body Press|p2a: Weavile\n|-supereffective|p2a: Weavile\n|-damage|p2a: Weavile|0 fnt\n|faint|p2a: Weavile\n|\n|-heal|p1a: Ferrothorn|15\/100|[from] item: Leftovers\n|upkeep\n|\n|t:|1666765341\n|switch|p2a: Blaziken|Blaziken, M|100\/100\n|turn|5\n|\n|t:|1666765343\n|move|p2a: Blaziken|Swords Dance|p2a: Blaziken\n|-boost|p2a: Blaziken|atk|2\n|move|p1a: Ferrothorn|Body Press|p2a: Blaziken\n|-damage|p2a: Blaziken|53\/100\n|\n|-heal|p1a: Ferrothorn|21\/100|[from] item: Leftovers\n|-ability|p2a: Blaziken|Speed Boost|boost\n|-boost|p2a: Blaziken|spe|1\n|upkeep\n|turn|6\n|j| Kyurem\n|\n|t:|1666765351\n|move|p2a: Blaziken|Close Combat|p1a: Ferrothorn\n|-supereffective|p1a: Ferrothorn\n|-crit|p1a: Ferrothorn\n|-damage|p1a: Ferrothorn|0 fnt\n|-unboost|p2a: Blaziken|def|1\n|-unboost|p2a: Blaziken|spd|1\n|-damage|p2a: Blaziken|41\/100|[from] ability: Iron Barbs|[of] p1a: Ferrothorn\n|faint|p1a: Ferrothorn\n|-damage|p2a: Blaziken|31\/100|[from] item: Life Orb\n|\n|-ability|p2a: Blaziken|Speed Boost|boost\n|-boost|p2a: Blaziken|spe|1\n|upkeep\n|l|\u2606GT350R\n|player|p2|\n|j|\u2606GT350R\n|player|p2|GT350R|gentleman-gen4\n|\n|t:|1666765418\n|switch|p1a: Clefable|Clefable, F|100\/100\n|turn|7\n|\n|t:|1666765421\n|move|p2a: Blaziken|Flare Blitz|p1a: Clefable\n|-damage|p1a: Clefable|0 fnt\n|faint|p1a: Clefable\n|-damage|p2a: Blaziken|0 fnt|[from] Recoil\n|faint|p2a: Blaziken\n|\n|upkeep\n|\n|t:|1666765433\n|switch|p2a: Alakazam|Alakazam, M|100\/100\n|switch|p1a: Landorus|Landorus-Therian, M|100\/100\n|-damage|p1a: Landorus|88\/100|[from] Stealth Rock\n|-ability|p1a: Landorus|Intimidate|boost\n|-unboost|p2a: Alakazam|atk|1\n|turn|8\n|\n|t:|1666765455\n|move|p1a: Landorus|U-turn|p2a: Alakazam\n|-supereffective|p2a: Alakazam\n|-enditem|p2a: Alakazam|Focus Sash\n|-damage|p2a: Alakazam|1\/100\n|\n|t:|1666765459\n|switch|p1a: Weavile|Weavile, M|100\/100|[from]move: U-turn\n|-ability|p1a: Weavile|Pressure\n|move|p2a: Alakazam|Nasty Plot|p2a: Alakazam\n|-boost|p2a: Alakazam|spa|2\n|\n|upkeep\n|turn|9\n|inactive|Battle timer is ON: inactive players will automatically lose when time's up. (requested by gaenisalbino)\n|\n|t:|1666765465\n|move|p1a: Weavile|Ice Shard|p2a: Alakazam\n|-damage|p2a: Alakazam|0 fnt\n|faint|p2a: Alakazam\n|\n|upkeep\n|\n|t:|1666765469\n|switch|p2a: Kartana|Kartana|100\/100\n|turn|10\n|\n|t:|1666765475\n|move|p1a: Weavile|Knock Off|p2a: Kartana\n|-damage|p2a: Kartana|43\/100\n|-enditem|p2a: Kartana|Life Orb|[from] move: Knock Off|[of] p1a: Weavile\n|move|p2a: Kartana|Swords Dance|p2a: Kartana\n|-boost|p2a: Kartana|atk|2\n|\n|upkeep\n|turn|11\n|\n|t:|1666765478\n|move|p1a: Weavile|Triple Axel|p2a: Kartana\n|-damage|p2a: Kartana|31\/100\n|-damage|p2a: Kartana|10\/100\n|-hitcount|p2a: Kartana|2\n|move|p2a: Kartana|Leaf Blade|p1a: Weavile\n|-damage|p1a: Weavile|0 fnt\n|faint|p1a: Weavile\n|-ability|p2a: Kartana|Beast Boost|boost\n|-boost|p2a: Kartana|atk|1\n|\n|upkeep\n|-message|GT350R forfeited.\n|\n|win|gaenisalbino\n|raw|gaenisalbino's rating: 1646 &rarr; <strong>1663<\/strong><br \/>(+17 for winning)\n|raw|GT350R's rating: 1598 &rarr; <strong>1581<\/strong><br \/>(-17 for losing)\n|l|\u2606GT350R\n|c|\u2606gaenisalbino|your team sucks ass lmao, stop using 6 setup mons\n|n|\u203dgaenisalbino|gaenisalbino\n|c|&|\/log gaenisalbino was locked from talking by Artemis (\u2606gaenisalbino: your team sucks ass lmao, stop using 6 setup mons)\n|c|&|\/raw <small>This action was done automatically. Want to learn more about the AI? <a href=\"https:\/\/www.smogon.com\/forums\/threads\/3570628\/#post-9056769\">Visit the information thread<\/a>.<\/small>\n","uploadtime":1666765498,"views":8,"p1id":"gaenisalbino","p2id":"gt350r","formatid":"gen8ou","rating":1581,"private":0,"password":null}