{"id":"gen8nationaldex-1568954900","p1":"Blacksponge","p2":"M1n0j","format":"gen8nationaldex","log":"|j|\u2606Blacksponge\n|j|\u2606M1n0j\n|t:|1651843606\n|gametype|singles\n|player|p1|Blacksponge|lucas|1651\n|player|p2|M1n0j|2|1680\n|teamsize|p1|6\n|teamsize|p2|6\n|gen|8\n|tier|[Gen 8] National Dex\n|rated|\n|rule|HP Percentage Mod: HP is shown in percentages\n|rule|Endless Battle Clause: Forcing endless battles is banned\n|rule|OHKO Clause: OHKO moves are banned\n|rule|Evasion Moves Clause: Evasion moves are banned\n|rule|Species Clause: Limit one of each Pok\u00e9mon\n|rule|Dynamax Clause: You cannot dynamax\n|rule|Sleep Clause Mod: Limit one foe put to sleep\n|clearpoke\n|poke|p1|Garchomp, F|\n|poke|p1|Reuniclus, M|\n|poke|p1|Victini|\n|poke|p1|Kyurem|\n|poke|p1|Corviknight, F|\n|poke|p1|Smeargle, M|\n|poke|p2|Excadrill, F|\n|poke|p2|Victini|\n|poke|p2|Sharpedo, F|\n|poke|p2|Nihilego|\n|poke|p2|Celesteela|\n|poke|p2|Kartana|\n|teampreview\n|inactive|Battle timer is ON: inactive players will automatically lose when time's up. (requested by M1n0j)\n|\n|t:|1651843615\n|start\n|switch|p1a: Garchomp|Garchomp, F|100\/100\n|switch|p2a: Excadrill|Excadrill, F|100\/100\n|-ability|p2a: Excadrill|Mold Breaker\n|turn|1\n|\n|t:|1651843618\n|move|p1a: Garchomp|Earthquake|p2a: Excadrill\n|-supereffective|p2a: Excadrill\n|-enditem|p2a: Excadrill|Focus Sash\n|-damage|p2a: Excadrill|1\/100\n|move|p2a: Excadrill|Stealth Rock|p1a: Garchomp\n|-sidestart|p1: Blacksponge|move: Stealth Rock\n|\n|upkeep\n|turn|2\n|\n|t:|1651843626\n|switch|p2a: Celesteela|Celesteela|100\/100\n|move|p1a: Garchomp|Scale Shot|p2a: Celesteela\n|-resisted|p2a: Celesteela\n|-damage|p2a: Celesteela|93\/100\n|-resisted|p2a: Celesteela\n|-crit|p2a: Celesteela\n|-damage|p2a: Celesteela|83\/100\n|-resisted|p2a: Celesteela\n|-damage|p2a: Celesteela|76\/100\n|-resisted|p2a: Celesteela\n|-damage|p2a: Celesteela|69\/100\n|-resisted|p2a: Celesteela\n|-damage|p2a: Celesteela|62\/100\n|-hitcount|p2a: Celesteela|5\n|-unboost|p1a: Garchomp|def|1\n|-boost|p1a: Garchomp|spe|1\n|\n|upkeep\n|turn|3\n|\n|t:|1651843635\n|detailschange|p1a: Garchomp|Garchomp-Mega, F\n|-mega|p1a: Garchomp|Garchomp|Garchompite\n|move|p1a: Garchomp|Fire Fang|p2a: Celesteela\n|-supereffective|p2a: Celesteela\n|-damage|p2a: Celesteela|6\/100\n|move|p2a: Celesteela|Air Slash|p1a: Garchomp\n|-crit|p1a: Garchomp\n|-damage|p1a: Garchomp|46\/100\n|\n|upkeep\n|turn|4\n|j| hypno bag\n|\n|t:|1651843641\n|move|p1a: Garchomp|Scale Shot|p2a: Celesteela\n|-resisted|p2a: Celesteela\n|-damage|p2a: Celesteela|0 fnt\n|faint|p2a: Celesteela\n|-hitcount|p2: Celesteela|1\n|-unboost|p1a: Garchomp|def|1\n|-boost|p1a: Garchomp|spe|1\n|\n|upkeep\n|\n|t:|1651843647\n|switch|p2a: Kartana|Kartana|100\/100\n|turn|5\n|\n|t:|1651843649\n|move|p1a: Garchomp|Fire Fang|p2a: Kartana\n|-supereffective|p2a: Kartana\n|-damage|p2a: Kartana|0 fnt\n|faint|p2a: Kartana\n|\n|upkeep\n|\n|t:|1651843655\n|switch|p2a: Sharpedo|Sharpedo, F|100\/100\n|turn|6\n|\n|t:|1651843658\n|move|p2a: Sharpedo|Protect|p2a: Sharpedo\n|-singleturn|p2a: Sharpedo|Protect\n|move|p1a: Garchomp|Earthquake|p2a: Sharpedo\n|-activate|p2a: Sharpedo|move: Protect\n|\n|-ability|p2a: Sharpedo|Speed Boost|boost\n|-boost|p2a: Sharpedo|spe|1\n|upkeep\n|turn|7\n|\n|t:|1651843661\n|move|p2a: Sharpedo|Protect||[still]\n|-fail|p2a: Sharpedo\n|move|p1a: Garchomp|Earthquake|p2a: Sharpedo\n|-damage|p2a: Sharpedo|0 fnt\n|faint|p2a: Sharpedo\n|\n|upkeep\n|-message|M1n0j forfeited.\n|\n|win|Blacksponge\n|raw|Blacksponge's rating: 1651 &rarr; <strong>1673<\/strong><br \/>(+22 for winning)\n|raw|M1n0j's rating: 1680 &rarr; <strong>1658<\/strong><br \/>(-22 for losing)\n|l|\u2606M1n0j\n|l| hypno bag\n||Ladder isn't responding, score probably updated but might not have (Request timeout).\n","uploadtime":1651843674,"views":6,"p1id":"blacksponge","p2id":"m1n0j","formatid":"gen8nationaldex","rating":1658,"private":0,"password":null}