{"id":"gen8nationaldexag-1072585249","p1":"magicJDS8","p2":"yhdrslb","format":"gen8nationaldexag","log":"|j|\u2606magicJDS8\n|j|\u2606yhdrslb\n|player|p1|magicJDS8|red-gen1main|1391\n|player|p2|yhdrslb|30|1391\n|teamsize|p1|6\n|teamsize|p2|6\n|gametype|singles\n|gen|8\n|tier|[Gen 8] National Dex AG\n|rated|\n|clearpoke\n|poke|p1|Cinderace, M|\n|poke|p1|Xerneas|\n|poke|p1|Marshadow|\n|poke|p1|Durant, F|\n|poke|p1|Gothitelle, F|\n|poke|p1|Lugia|\n|poke|p2|Espeon, F|\n|poke|p2|Whimsicott, F|\n|poke|p2|Lugia|\n|poke|p2|Smeargle, M|\n|poke|p2|Rayquaza|\n|poke|p2|Giratina|\n|rule|HP Percentage Mod: HP is shown in percentages\n|rule|Endless Battle Clause: Forcing endless battles is banned\n|teampreview\n|inactive|Battle timer is ON: inactive players will automatically lose when time's up. (requested by magicJDS8)\n|\n|start\n|switch|p1a: Cinderace|Cinderace, M|100\/100\n|switch|p2a: Lugia|Lugia|100\/100\n|turn|1\n|\n|move|p1a: Cinderace|Taunt|p2a: Lugia\n|-start|p2a: Lugia|move: Taunt\n|cant|p2a: Lugia|move: Taunt|Toxic\n|\n|upkeep\n|turn|2\n|\n|switch|p2a: Giratina|Giratina|100\/100\n|-ability|p2a: Giratina|Pressure\n|move|p1a: Cinderace|Pyro Ball|p2a: Giratina\n|-resisted|p2a: Giratina\n|-damage|p2a: Giratina|85\/100\n|\n|-heal|p2a: Giratina|92\/100|[from] item: Leftovers\n|upkeep\n|turn|3\n|\n|move|p1a: Cinderace|Pyro Ball|p2a: Giratina|[miss]\n|-miss|p1a: Cinderace|p2a: Giratina\n|move|p2a: Giratina|Dragon Tail|p1a: Cinderace\n|-damage|p1a: Cinderace|74\/100\n|drag|p1a: Durant|Durant, F, shiny|100\/100\n|\n|-heal|p2a: Giratina|98\/100|[from] item: Leftovers\n|upkeep\n|turn|4\n|\n|move|p1a: Durant|Entrainment|p2a: Giratina\n|-endability|p2a: Giratina|Pressure|[from] move: Entrainment\n|-ability|p2a: Giratina|Truant|[from] move: Entrainment\n|move|p2a: Giratina|Will-O-Wisp|p1a: Durant\n|-status|p1a: Durant|brn\n|\n|-heal|p2a: Giratina|100\/100|[from] item: Leftovers\n|-damage|p1a: Durant|94\/100 brn|[from] brn\n|upkeep\n|turn|5\n|\n|switch|p2a: Lugia|Lugia|100\/100\n|cant|p1a: Durant|ability: Truant\n|\n|-damage|p1a: Durant|88\/100 brn|[from] brn\n|upkeep\n|turn|6\n|\n|move|p1a: Durant|Entrainment|p2a: Lugia\n|-endability|p2a: Lugia|Multiscale|[from] move: Entrainment\n|-ability|p2a: Lugia|Truant|[from] move: Entrainment\n|move|p2a: Lugia|Substitute|p2a: Lugia\n|-start|p2a: Lugia|Substitute\n|-damage|p2a: Lugia|76\/100\n|\n|-heal|p2a: Lugia|82\/100|[from] item: Leftovers\n|-damage|p1a: Durant|82\/100 brn|[from] brn\n|upkeep\n|turn|7\n|\n|switch|p1a: Gothitelle|Gothitelle, F, shiny|100\/100\n|switch|p2a: Whimsicott|Whimsicott, F|100\/100\n|\n|upkeep\n|turn|8\n|\n|switch|p1a: Durant|Durant, F, shiny|82\/100 brn\n|move|p2a: Whimsicott|Substitute|p2a: Whimsicott\n|-start|p2a: Whimsicott|Substitute\n|-damage|p2a: Whimsicott|76\/100\n|\n|-damage|p1a: Durant|76\/100 brn|[from] brn\n|upkeep\n|turn|9\n|\n|move|p2a: Whimsicott|Leech Seed|p1a: Durant\n|-start|p1a: Durant|move: Leech Seed\n|move|p1a: Durant|Entrainment||[still]\n|-fail|p1a: Durant\n|\n|-damage|p1a: Durant|63\/100 brn|[from] Leech Seed|[of] p2a: Whimsicott\n|-heal|p2a: Whimsicott|86\/100|[silent]\n|-damage|p1a: Durant|57\/100 brn|[from] brn\n|upkeep\n|turn|10\n|\n|switch|p1a: Marshadow|Marshadow|100\/100\n|move|p2a: Whimsicott|Leech Seed|p1a: Marshadow\n|-start|p1a: Marshadow|move: Leech Seed\n|\n|-damage|p1a: Marshadow|88\/100|[from] Leech Seed|[of] p2a: Whimsicott\n|-heal|p2a: Whimsicott|98\/100|[silent]\n|upkeep\n|turn|11\n|\n|switch|p2a: Smeargle|Smeargle, M|100\/100\n|move|p1a: Marshadow|Spectral Thief|p2a: Smeargle\n|-immune|p2a: Smeargle\n|\n|-damage|p1a: Marshadow|76\/100|[from] Leech Seed|[of] p2a: Smeargle\n|-ability|p2a: Smeargle|Moody|boost\n|-boost|p2a: Smeargle|def|2\n|-unboost|p2a: Smeargle|spd|1\n|upkeep\n|turn|12\n|\n|switch|p2a: Giratina|Giratina|100\/100\n|-ability|p2a: Giratina|Pressure\n|move|p1a: Marshadow|Close Combat|p2a: Giratina\n|-immune|p2a: Giratina\n|\n|-damage|p1a: Marshadow|63\/100|[from] Leech Seed|[of] p2a: Giratina\n|upkeep\n|turn|13\n|\n|move|p1a: Marshadow|Shadow Sneak|p2a: Giratina\n|-supereffective|p2a: Giratina\n|-damage|p2a: Giratina|73\/100\n|move|p2a: Giratina|Will-O-Wisp|p1a: Marshadow\n|-status|p1a: Marshadow|brn\n|\n|-heal|p2a: Giratina|79\/100|[from] item: Leftovers\n|-damage|p1a: Marshadow|51\/100 brn|[from] Leech Seed|[of] p2a: Giratina\n|-heal|p2a: Giratina|87\/100|[silent]\n|-damage|p1a: Marshadow|44\/100 brn|[from] brn\n|upkeep\n|turn|14\n|\n|switch|p2a: Smeargle|Smeargle, M|100\/100\n|move|p1a: Marshadow|Close Combat|p2a: Smeargle\n|-supereffective|p2a: Smeargle\n|-enditem|p2a: Smeargle|Focus Sash\n|-damage|p2a: Smeargle|1\/100\n|-unboost|p1a: Marshadow|def|1\n|-unboost|p1a: Marshadow|spd|1\n|\n|-damage|p1a: Marshadow|32\/100 brn|[from] Leech Seed|[of] p2a: Smeargle\n|-heal|p2a: Smeargle|14\/100|[silent]\n|-damage|p1a: Marshadow|26\/100 brn|[from] brn\n|-ability|p2a: Smeargle|Moody|boost\n|-boost|p2a: Smeargle|def|2\n|-unboost|p2a: Smeargle|spe|1\n|upkeep\n|turn|15\n|\n|move|p1a: Marshadow|Endeavor|p2a: Smeargle\n|-immune|p2a: Smeargle\n|move|p2a: Smeargle|Stealth Rock|p1a: Marshadow\n|-sidestart|p1: magicJDS8|move: Stealth Rock\n|\n|-damage|p1a: Marshadow|13\/100 brn|[from] Leech Seed|[of] p2a: Smeargle\n|-heal|p2a: Smeargle|26\/100|[silent]\n|-damage|p1a: Marshadow|7\/100 brn|[from] brn\n|-ability|p2a: Smeargle|Moody|boost\n|-boost|p2a: Smeargle|atk|2\n|-unboost|p2a: Smeargle|spe|1\n|upkeep\n|turn|16\n|\n|switch|p2a: Giratina|Giratina|87\/100\n|-ability|p2a: Giratina|Pressure\n|move|p1a: Marshadow|Close Combat|p2a: Giratina\n|-immune|p2a: Giratina\n|\n|-heal|p2a: Giratina|93\/100|[from] item: Leftovers\n|-damage|p1a: Marshadow|0 fnt|[from] Leech Seed|[of] p2a: Giratina\n|-heal|p2a: Giratina|97\/100|[silent]\n|faint|p1a: Marshadow\n|upkeep\n|\n|switch|p1a: Durant|Durant, F, shiny|57\/100 brn\n|-damage|p1a: Durant|44\/100 brn|[from] Stealth Rock\n|turn|17\n|\n|move|p1a: Durant|Entrainment|p2a: Giratina\n|-endability|p2a: Giratina|Pressure|[from] move: Entrainment\n|-ability|p2a: Giratina|Truant|[from] move: Entrainment\n|move|p2a: Giratina|Will-O-Wisp|p1a: Durant\n|-fail|p1a: Durant|brn\n|\n|-heal|p2a: Giratina|100\/100|[from] item: Leftovers\n|-damage|p1a: Durant|38\/100 brn|[from] brn\n|upkeep\n|turn|18\n|\n|switch|p2a: Whimsicott|Whimsicott, F|98\/100\n|cant|p1a: Durant|ability: Truant\n|\n|-damage|p1a: Durant|32\/100 brn|[from] brn\n|upkeep\n|turn|19\n|\n|move|p2a: Whimsicott|Leech Seed|p1a: Durant\n|-start|p1a: Durant|move: Leech Seed\n|move|p1a: Durant|Entrainment|p2a: Whimsicott\n|-endability|p2a: Whimsicott|Prankster|[from] move: Entrainment\n|-ability|p2a: Whimsicott|Truant|[from] move: Entrainment\n|\n|-damage|p1a: Durant|20\/100 brn|[from] Leech Seed|[of] p2a: Whimsicott\n|-heal|p2a: Whimsicott|100\/100|[silent]\n|-damage|p1a: Durant|13\/100 brn|[from] brn\n|upkeep\n|turn|20\n|\n|switch|p2a: Giratina|Giratina|100\/100\n|-ability|p2a: Giratina|Pressure\n|cant|p1a: Durant|ability: Truant\n|\n|-damage|p1a: Durant|1\/100 brn|[from] Leech Seed|[of] p2a: Giratina\n|-damage|p1a: Durant|0 fnt|[from] brn\n|faint|p1a: Durant\n|upkeep\n|\n|switch|p1a: Xerneas|Xerneas, shiny|100\/100\n|-damage|p1a: Xerneas|88\/100|[from] Stealth Rock\n|-ability|p1a: Xerneas|Fairy Aura\n|turn|21\n|\n|switch|p2a: Lugia|Lugia|82\/100\n|move|p1a: Xerneas|Geomancy||[still]\n|-prepare|p1a: Xerneas|Geomancy|p1a: Xerneas\n|-enditem|p1a: Xerneas|Power Herb\n|-anim|p1a: Xerneas|Geomancy|p1a: Xerneas\n|-boost|p1a: Xerneas|spa|2\n|-boost|p1a: Xerneas|spd|2\n|-boost|p1a: Xerneas|spe|2\n|\n|-heal|p2a: Lugia|88\/100|[from] item: Leftovers\n|upkeep\n|turn|22\n|\n|-start|p1a: Xerneas|Dynamax\n|-heal|p1a: Xerneas|88\/100|[silent]\n|-start|p2a: Lugia|Dynamax\n|-heal|p2a: Lugia|88\/100|[silent]\n|move|p2a: Lugia|Max Guard|p2a: Lugia\n|-singleturn|p2a: Lugia|Max Guard\n|move|p1a: Xerneas|Max Lightning|p2a: Lugia\n|-activate|p2a: Lugia|move: Max Guard\n|\n|-heal|p2a: Lugia|91\/100|[from] item: Leftovers\n|upkeep\n|turn|23\n|\n|-end|p2a: Lugia|Dynamax\n|-heal|p2a: Lugia|91\/100|[silent]\n|switch|p2a: Smeargle|Smeargle, M|26\/100\n|move|p1a: Xerneas|Max Lightning|p2a: Smeargle\n|-damage|p2a: Smeargle|0 fnt\n|-fieldstart|move: Electric Terrain\n|faint|p2a: Smeargle\n|\n|upkeep\n|\n|switch|p2a: Whimsicott|Whimsicott, F|100\/100\n|turn|24\n|\n|move|p2a: Whimsicott|Substitute|p2a: Whimsicott\n|-start|p2a: Whimsicott|Substitute\n|-damage|p2a: Whimsicott|76\/100\n|move|p1a: Xerneas|Max Starfall|p2a: Whimsicott\n|-end|p2a: Whimsicott|Substitute\n|-fieldstart|move: Misty Terrain\n|\n|-end|p1a: Xerneas|Dynamax\n|-heal|p1a: Xerneas|88\/100|[silent]\n|upkeep\n|turn|25\n|\n|move|p2a: Whimsicott|Substitute|p2a: Whimsicott\n|-start|p2a: Whimsicott|Substitute\n|-damage|p2a: Whimsicott|51\/100\n|move|p1a: Xerneas|Moonblast|p2a: Whimsicott\n|-end|p2a: Whimsicott|Substitute\n|\n|upkeep\n|turn|26\n|\n|move|p2a: Whimsicott|Substitute|p2a: Whimsicott\n|-start|p2a: Whimsicott|Substitute\n|-damage|p2a: Whimsicott|26\/100\n|move|p1a: Xerneas|Moonblast|p2a: Whimsicott\n|-end|p2a: Whimsicott|Substitute\n|\n|upkeep\n|turn|27\n|\n|move|p2a: Whimsicott|Substitute|p2a: Whimsicott\n|-start|p2a: Whimsicott|Substitute\n|-damage|p2a: Whimsicott|1\/100\n|move|p1a: Xerneas|Moonblast|p2a: Whimsicott\n|-end|p2a: Whimsicott|Substitute\n|\n|upkeep\n|turn|28\n|\n|move|p2a: Whimsicott|Switcheroo|p1a: Xerneas\n|-activate|p2a: Whimsicott|move: Trick|[of] p1a: Xerneas\n|-item|p1a: Xerneas|Lagging Tail|[from] move: Switcheroo\n|-enditem|p2a: Whimsicott|Lagging Tail|[silent]|[from] move: Switcheroo\n|move|p1a: Xerneas|Moonblast|p2a: Whimsicott\n|-damage|p2a: Whimsicott|0 fnt\n|faint|p2a: Whimsicott\n|\n|-fieldend|Misty Terrain\n|upkeep\n|c|\u2606magicJDS8|!dt lagging tail\n|raw|<ul class=\"utilichart\"><li class=\"result\"><span class=\"col itemiconcol\"><psicon item=\"laggingtail\"><\/span> <span class=\"col namecol\"><a href=\"https:\/\/dex.pokemonshowdown.com\/items\/laggingtail\">Lagging Tail<\/a><\/span> <span class=\"col itemdesccol\">Holder moves last in its priority bracket.<\/span> <\/li><li style=\"clear:both\"><\/li><\/ul>\n|raw|<font size=\"1\"><font color=\"#686868\">Gen:<\/font> 4&nbsp;|&ThickSpace;<font color=\"#686868\">Fling Base Power:<\/font> 10<\/font>\n\n|inactive|yhdrslb has 120 seconds left.\n|\n|switch|p2a: Rayquaza|Rayquaza|100\/100\n|-ability|p2a: Rayquaza|Air Lock\n|turn|29\n|\n|detailschange|p2a: Rayquaza|Rayquaza-Mega\n|-mega|p2a: Rayquaza|Rayquaza|\n|-weather|DeltaStream|[from] ability: Delta Stream|[of] p2a: Rayquaza\n|move|p2a: Rayquaza|Dragon Ascent|p1a: Xerneas\n|-damage|p1a: Xerneas|5\/100\n|-unboost|p2a: Rayquaza|def|1\n|-unboost|p2a: Rayquaza|spd|1\n|-damage|p2a: Rayquaza|91\/100|[from] item: Life Orb\n|move|p1a: Xerneas|Moonblast|p2a: Rayquaza\n|-supereffective|p2a: Rayquaza\n|-damage|p2a: Rayquaza|0 fnt\n|faint|p2a: Rayquaza\n|-weather|none\n|\n|upkeep\n|\n|switch|p2a: Lugia|Lugia|91\/100\n|turn|30\n|\n|move|p2a: Lugia|Toxic|p1a: Xerneas\n|-status|p1a: Xerneas|tox\n|move|p1a: Xerneas|Moonblast|p2a: Lugia\n|-damage|p2a: Lugia|19\/100\n|\n|-heal|p2a: Lugia|25\/100|[from] item: Leftovers\n|-damage|p1a: Xerneas|0 fnt|[from] psn\n|faint|p1a: Xerneas\n|upkeep\n|\n|switch|p1a: Cinderace|Cinderace, M|74\/100\n|turn|31\n|\n|switch|p2a: Espeon|Espeon, F|100\/100\n|move|p1a: Cinderace|Pyro Ball|p2a: Espeon\n|-damage|p2a: Espeon|0 fnt\n|faint|p2a: Espeon\n|\n|upkeep\n|\n|switch|p2a: Giratina|Giratina|100\/100\n|-ability|p2a: Giratina|Pressure\n|turn|32\n|\n|move|p1a: Cinderace|Court Change|p1a: Cinderace\n|-sideend|p1: magicJDS8|Stealth Rock|[silent]\n|-sidestart|p2: yhdrslb|Stealth Rock|[silent]\n|-activate|p1a: Cinderace|move: Court Change\n|move|p2a: Giratina|Dragon Tail|p1a: Cinderace\n|-crit|p1a: Cinderace\n|-damage|p1a: Cinderace|31\/100\n|drag|p1a: Gothitelle|Gothitelle, F, shiny|100\/100\n|\n|upkeep\n|turn|33\n|\n|switch|p2a: Lugia|Lugia|25\/100\n|-damage|p2a: Lugia|0 fnt|[from] Stealth Rock\n|faint|p2a: Lugia\n|move|p1a: Gothitelle|Protect||[still]\n|-fail|p1a: Gothitelle\n|\n|upkeep\n|\n|switch|p2a: Giratina|Giratina|100\/100\n|-damage|p2a: Giratina|88\/100|[from] Stealth Rock\n|-ability|p2a: Giratina|Pressure\n|turn|34\n|\n|switch|p1a: Lugia|Lugia, shiny|100\/100\n|move|p2a: Giratina|Will-O-Wisp|p1a: Lugia\n|-status|p1a: Lugia|brn\n|\n|-heal|p2a: Giratina|94\/100|[from] item: Leftovers\n|-damage|p1a: Lugia|94\/100 brn|[from] brn\n|upkeep\n|turn|35\n|\n|move|p1a: Lugia|Toxic|p2a: Giratina\n|-status|p2a: Giratina|tox\n|move|p2a: Giratina|Will-O-Wisp|p1a: Lugia\n|-fail|p1a: Lugia|brn\n|\n|-heal|p1a: Lugia|100\/100 brn|[from] item: Leftovers\n|-heal|p2a: Giratina|99\/100 tox|[from] item: Leftovers\n|-damage|p1a: Lugia|94\/100 brn|[from] brn\n|-damage|p2a: Giratina|94\/100 tox|[from] psn\n|upkeep\n|turn|36\n|\n|move|p1a: Lugia|Psychic|p2a: Giratina\n|-damage|p2a: Giratina|80\/100 tox\n|move|p2a: Giratina|Will-O-Wisp|p1a: Lugia|[miss]\n|-miss|p2a: Giratina|p1a: Lugia\n|\n|-heal|p1a: Lugia|100\/100 brn|[from] item: Leftovers\n|-heal|p2a: Giratina|86\/100 tox|[from] item: Leftovers\n|-damage|p1a: Lugia|94\/100 brn|[from] brn\n|-damage|p2a: Giratina|74\/100 tox|[from] psn\n|upkeep\n|turn|37\n|\n|move|p1a: Lugia|Psychic|p2a: Giratina\n|-damage|p2a: Giratina|58\/100 tox\n|move|p2a: Giratina|Will-O-Wisp|p1a: Lugia\n|-fail|p1a: Lugia|brn\n|\n|-heal|p1a: Lugia|100\/100 brn|[from] item: Leftovers\n|-heal|p2a: Giratina|64\/100 tox|[from] item: Leftovers\n|-damage|p1a: Lugia|94\/100 brn|[from] brn\n|-damage|p2a: Giratina|46\/100 tox|[from] psn\n|upkeep\n|turn|38\n|\n|move|p1a: Lugia|Psychic|p2a: Giratina\n|-damage|p2a: Giratina|30\/100 tox\n|move|p2a: Giratina|Rest|p2a: Giratina\n|-status|p2a: Giratina|slp|[from] move: Rest\n|-heal|p2a: Giratina|100\/100 slp|[silent]\n|\n|-heal|p1a: Lugia|100\/100 brn|[from] item: Leftovers\n|-damage|p1a: Lugia|94\/100 brn|[from] brn\n|upkeep\n|turn|39\n|\n|switch|p1a: Cinderace|Cinderace, M|31\/100\n|cant|p2a: Giratina|slp\n|\n|upkeep\n|turn|40\n|\n|move|p1a: Cinderace|Pyro Ball|p2a: Giratina\n|-resisted|p2a: Giratina\n|-damage|p2a: Giratina|75\/100 slp\n|cant|p2a: Giratina|slp\n|\n|-heal|p2a: Giratina|81\/100 slp|[from] item: Leftovers\n|upkeep\n|turn|41\n|\n|move|p1a: Cinderace|Pyro Ball|p2a: Giratina\n|-resisted|p2a: Giratina\n|-damage|p2a: Giratina|56\/100 slp\n|-curestatus|p2a: Giratina|slp|[msg]\n|move|p2a: Giratina|Will-O-Wisp|p1a: Cinderace\n|-immune|p1a: Cinderace\n|\n|-heal|p2a: Giratina|62\/100|[from] item: Leftovers\n|upkeep\n|turn|42\n|\n|move|p1a: Cinderace|Taunt|p2a: Giratina\n|-start|p2a: Giratina|move: Taunt\n|move|p2a: Giratina|Dragon Tail|p1a: Cinderace\n|-damage|p1a: Cinderace|6\/100\n|drag|p1a: Lugia|Lugia, shiny|94\/100 brn\n|\n|-heal|p1a: Lugia|100\/100 brn|[from] item: Leftovers\n|-heal|p2a: Giratina|68\/100|[from] item: Leftovers\n|-damage|p1a: Lugia|94\/100 brn|[from] brn\n|upkeep\n|turn|43\n|\n|move|p1a: Lugia|Toxic|p2a: Giratina|[miss]\n|-miss|p1a: Lugia|p2a: Giratina\n|move|p2a: Giratina|Dragon Tail|p1a: Lugia\n|-damage|p1a: Lugia|84\/100 brn\n|drag|p1a: Gothitelle|Gothitelle, F, shiny|100\/100\n|\n|-heal|p2a: Giratina|74\/100|[from] item: Leftovers\n|upkeep\n|turn|44\n|\n|switch|p1a: Cinderace|Cinderace, M|6\/100\n|move|p2a: Giratina|Dragon Tail|p1a: Cinderace\n|-damage|p1a: Cinderace|0 fnt\n|faint|p1a: Cinderace\n|\n|-heal|p2a: Giratina|80\/100|[from] item: Leftovers\n|-end|p2a: Giratina|move: Taunt\n|upkeep\n|\n|switch|p1a: Lugia|Lugia, shiny|84\/100 brn\n|turn|45\n|\n|move|p1a: Lugia|Toxic|p2a: Giratina\n|-status|p2a: Giratina|tox\n|move|p2a: Giratina|Will-O-Wisp|p1a: Lugia\n|-fail|p1a: Lugia|brn\n|\n|-heal|p1a: Lugia|90\/100 brn|[from] item: Leftovers\n|-heal|p2a: Giratina|87\/100 tox|[from] item: Leftovers\n|-damage|p1a: Lugia|84\/100 brn|[from] brn\n|-damage|p2a: Giratina|80\/100 tox|[from] psn\n|upkeep\n|turn|46\n|\n|switch|p1a: Gothitelle|Gothitelle, F, shiny|100\/100\n|move|p2a: Giratina|Will-O-Wisp|p1a: Gothitelle\n|-status|p1a: Gothitelle|brn\n|\n|-heal|p2a: Giratina|87\/100 tox|[from] item: Leftovers\n|-damage|p2a: Giratina|74\/100 tox|[from] psn\n|-damage|p1a: Gothitelle|94\/100 brn|[from] brn\n|upkeep\n|turn|47\n|\n|move|p2a: Giratina|Will-O-Wisp|p1a: Gothitelle|[miss]\n|-miss|p2a: Giratina|p1a: Gothitelle\n|move|p1a: Gothitelle|Calm Mind|p1a: Gothitelle\n|-boost|p1a: Gothitelle|spa|1\n|-boost|p1a: Gothitelle|spd|1\n|\n|-heal|p2a: Giratina|80\/100 tox|[from] item: Leftovers\n|-damage|p2a: Giratina|62\/100 tox|[from] psn\n|-damage|p1a: Gothitelle|88\/100 brn|[from] brn\n|upkeep\n|turn|48\n|\n|move|p1a: Gothitelle|Calm Mind|p1a: Gothitelle\n|-boost|p1a: Gothitelle|spa|1\n|-boost|p1a: Gothitelle|spd|1\n|move|p2a: Giratina|Dragon Tail|p1a: Gothitelle|[miss]\n|-miss|p2a: Giratina|p1a: Gothitelle\n|\n|-heal|p2a: Giratina|68\/100 tox|[from] item: Leftovers\n|-damage|p2a: Giratina|44\/100 tox|[from] psn\n|-damage|p1a: Gothitelle|82\/100 brn|[from] brn\n|upkeep\n|turn|49\n|\n|move|p2a: Giratina|Rest|p2a: Giratina\n|-status|p2a: Giratina|slp|[from] move: Rest\n|-heal|p2a: Giratina|100\/100 slp|[silent]\n|move|p1a: Gothitelle|Calm Mind|p1a: Gothitelle\n|-boost|p1a: Gothitelle|spa|1\n|-boost|p1a: Gothitelle|spd|1\n|\n|-damage|p1a: Gothitelle|76\/100 brn|[from] brn\n|upkeep\n|turn|50\n|\n|cant|p2a: Giratina|slp\n|move|p1a: Gothitelle|Calm Mind|p1a: Gothitelle\n|-boost|p1a: Gothitelle|spa|1\n|-boost|p1a: Gothitelle|spd|1\n|\n|-damage|p1a: Gothitelle|70\/100 brn|[from] brn\n|upkeep\n|turn|51\n|\n|cant|p2a: Giratina|slp\n|move|p1a: Gothitelle|Stored Power|p2a: Giratina\n|-damage|p2a: Giratina|0 fnt\n|faint|p2a: Giratina\n|\n|win|magicJDS8\n|l|\u2606yhdrslb\n|raw|magicJDS8's rating: 1391 &rarr; <strong>1411<\/strong><br \/>(+20 for winning)\n|raw|yhdrslb's rating: 1391 &rarr; <strong>1371<\/strong><br \/>(-20 for losing)\n","uploadtime":1583204225,"views":4,"p1id":"magicjds8","p2id":"yhdrslb","formatid":"gen8nationaldexag","rating":1371,"private":0,"password":null}