{"id":"gen8ou-1445086920","p1":"Infernoss","p2":"vancouvercarpenter","format":"gen8ou","log":"|j|\u2606Infernoss\n|j|\u203dvancouvercarpenter\n|t:|1635551306\n|gametype|singles\n|player|p1|Infernoss|blue|1837\n|player|p2|vancouvercarpenter|skier|1733\n|teamsize|p1|6\n|teamsize|p2|6\n|gen|8\n|tier|[Gen 8] OU\n|rated|\n|rule|Sleep Clause Mod: Limit one foe put to sleep\n|rule|Species Clause: Limit one of each Pok\u00e9mon\n|rule|OHKO Clause: OHKO moves are banned\n|rule|Evasion Moves Clause: Evasion moves are banned\n|rule|Endless Battle Clause: Forcing endless battles is banned\n|rule|HP Percentage Mod: HP is shown in percentages\n|rule|Dynamax Clause: You cannot dynamax\n|clearpoke\n|poke|p1|Slowbro, M|\n|poke|p1|Garchomp, M|\n|poke|p1|Hatterene, F|\n|poke|p1|Ferrothorn, F|\n|poke|p1|Drampa, M|\n|poke|p1|Marowak-Alola, M|\n|poke|p2|Victini|\n|poke|p2|Bisharp, M|\n|poke|p2|Shuckle, M|\n|poke|p2|Zapdos-Galar|\n|poke|p2|Blacephalon|\n|poke|p2|Nidoking, M|\n|teampreview\n|j| MiniLarry\n|\n|t:|1635551318\n|start\n|switch|p1a: Sharko|Garchomp, M|100\/100\n|switch|p2a: Nidoking|Nidoking, M|100\/100\n|turn|1\n|j| IMSOMALD\n|\n|t:|1635551325\n|switch|p2a: Zapdos|Zapdos-Galar|100\/100\n|move|p1a: Sharko|Earthquake|p2a: Zapdos\n|-immune|p2a: Zapdos\n|\n|upkeep\n|turn|2\n|\n|t:|1635551335\n|move|p1a: Sharko|Stone Edge|p2a: Zapdos\n|-damage|p2a: Zapdos|61\/100\n|move|p2a: Zapdos|Brave Bird|p1a: Sharko\n|-damage|p1a: Sharko|12\/100\n|-damage|p2a: Zapdos|48\/100|[from] ability: Rough Skin|[of] p1a: Sharko\n|-damage|p2a: Zapdos|16\/100|[from] Recoil\n|\n|-heal|p1a: Sharko|18\/100|[from] item: Leftovers\n|upkeep\n|turn|3\n|\n|t:|1635551345\n|move|p1a: Sharko|Scale Shot|p2a: Zapdos\n|-crit|p2a: Zapdos\n|-damage|p2a: Zapdos|0 fnt\n|faint|p2a: Zapdos\n|-hitcount|p2: Zapdos|1\n|-unboost|p1a: Sharko|def|1\n|-boost|p1a: Sharko|spe|1\n|\n|-heal|p1a: Sharko|25\/100|[from] item: Leftovers\n|upkeep\n|\n|t:|1635551355\n|switch|p2a: Bisharp|Bisharp, M|100\/100\n|turn|4\n|\n|t:|1635551359\n|switch|p1a: Sonso|Slowbro, M|100\/100\n|move|p2a: Bisharp|Swords Dance|p2a: Bisharp\n|-boost|p2a: Bisharp|atk|2\n|\n|upkeep\n|turn|5\n|\n|t:|1635551366\n|move|p2a: Bisharp|Knock Off|p1a: Sonso\n|-supereffective|p1a: Sonso\n|-enditem|p1a: Sonso|Colbur Berry|[eat]\n|-enditem|p1a: Sonso|Colbur Berry|[weaken]\n|-damage|p1a: Sonso|23\/100\n|-damage|p2a: Bisharp|91\/100|[from] item: Life Orb\n|move|p1a: Sonso|Body Press|p2a: Bisharp\n|-supereffective|p2a: Bisharp\n|-damage|p2a: Bisharp|0 fnt\n|faint|p2a: Bisharp\n|\n|upkeep\n|j| wbblueish\n|l| wbblueish\n|\n|t:|1635551383\n|switch|p2a: Blacephalon|Blacephalon|100\/100\n|turn|6\n|\n|t:|1635551386\n|switch|p1a: Falkor|Drampa, M, shiny|100\/100\n|move|p2a: Blacephalon|Flamethrower|p1a: Falkor\n|-resisted|p1a: Falkor\n|-damage|p1a: Falkor|59\/100\n|-status|p1a: Falkor|brn\n|\n|-damage|p1a: Falkor|53\/100 brn|[from] brn\n|upkeep\n|turn|7\n|\n|t:|1635551396\n|switch|p2a: Shuckle|Shuckle, M|100\/100\n|move|p1a: Falkor|Roost|p1a: Falkor\n|-heal|p1a: Falkor|100\/100 brn\n|-singleturn|p1a: Falkor|move: Roost\n|\n|-damage|p1a: Falkor|94\/100 brn|[from] brn\n|upkeep\n|turn|8\n|\n|t:|1635551403\n|switch|p1a: Gorra|Hatterene, F, shiny|100\/100\n|move|p2a: Shuckle|Final Gambit|p1a: Gorra\n|-damage|p1a: Gorra|24\/100\n|faint|p2a: Shuckle\n|\n|upkeep\n|\n|t:|1635551407\n|switch|p2a: Nidoking|Nidoking, M|100\/100\n|turn|9\n|\n|t:|1635551417\n|move|p2a: Nidoking|Earth Power|p1a: Gorra\n|-damage|p1a: Gorra|0 fnt\n|faint|p1a: Gorra\n|\n|upkeep\n|\n|t:|1635551422\n|switch|p1a: Sharko|Garchomp, M|25\/100\n|turn|10\n|\n|t:|1635551425\n|move|p1a: Sharko|Earthquake|p2a: Nidoking\n|-supereffective|p2a: Nidoking\n|-damage|p2a: Nidoking|0 fnt\n|faint|p2a: Nidoking\n|\n|-heal|p1a: Sharko|31\/100|[from] item: Leftovers\n|upkeep\n|\n|t:|1635551428\n|switch|p2a: Blacephalon|Blacephalon|100\/100\n|turn|11\n|\n|t:|1635551433\n|switch|p1a: Falkor|Drampa, M, shiny|94\/100 brn\n|move|p2a: Blacephalon|Flamethrower|p1a: Falkor\n|-resisted|p1a: Falkor\n|-damage|p1a: Falkor|55\/100 brn\n|\n|-damage|p1a: Falkor|49\/100 brn|[from] brn\n|upkeep\n|turn|12\n|\n|t:|1635551440\n|move|p2a: Blacephalon|Flamethrower|p1a: Falkor\n|-resisted|p1a: Falkor\n|-damage|p1a: Falkor|7\/100 brn\n|move|p1a: Falkor|Roost|p1a: Falkor\n|-heal|p1a: Falkor|57\/100 brn\n|-singleturn|p1a: Falkor|move: Roost\n|\n|-damage|p1a: Falkor|51\/100 brn|[from] brn\n|upkeep\n|turn|13\n|\n|t:|1635551448\n|move|p2a: Blacephalon|Flamethrower|p1a: Falkor\n|-resisted|p1a: Falkor\n|-damage|p1a: Falkor|11\/100 brn\n|-ability|p1a: Falkor|Berserk|boost\n|-boost|p1a: Falkor|spa|1\n|move|p1a: Falkor|Roost|p1a: Falkor\n|-heal|p1a: Falkor|62\/100 brn\n|-singleturn|p1a: Falkor|move: Roost\n|\n|-damage|p1a: Falkor|55\/100 brn|[from] brn\n|upkeep\n|turn|14\n|\n|t:|1635551456\n|move|p2a: Blacephalon|Flamethrower|p1a: Falkor\n|-resisted|p1a: Falkor\n|-damage|p1a: Falkor|18\/100 brn\n|-ability|p1a: Falkor|Berserk|boost\n|-boost|p1a: Falkor|spa|1\n|move|p1a: Falkor|Thunderbolt|p2a: Blacephalon\n|-damage|p2a: Blacephalon|0 fnt\n|faint|p2a: Blacephalon\n|-damage|p1a: Falkor|8\/100 brn|[from] item: Life Orb\n|\n|-damage|p1a: Falkor|2\/100 brn|[from] brn\n|upkeep\n|l| MiniLarry\n|\n|t:|1635551463\n|switch|p2a: Victini|Victini|100\/100\n|turn|15\n|\n|t:|1635551468\n|move|p2a: Victini|V-create|p1a: Falkor\n|-resisted|p1a: Falkor\n|-damage|p1a: Falkor|0 fnt\n|-unboost|p2a: Victini|spe|1\n|-unboost|p2a: Victini|def|1\n|-unboost|p2a: Victini|spd|1\n|faint|p1a: Falkor\n|\n|upkeep\n|\n|t:|1635551475\n|switch|p1a: Sharko|Garchomp, M|31\/100\n|turn|16\n|inactive|Battle timer is ON: inactive players will automatically lose when time's up. (requested by Infernoss)\n|\n|t:|1635551504\n|move|p1a: Sharko|Earthquake|p2a: Victini\n|-supereffective|p2a: Victini\n|-damage|p2a: Victini|0 fnt\n|faint|p2a: Victini\n|\n|win|Infernoss\n|raw|Infernoss's rating: 1837 &rarr; <strong>1851<\/strong><br \/>(+14 for winning)\n|raw|vancouvercarpenter's rating: 1733 &rarr; <strong>1719<\/strong><br \/>(-14 for losing)\n|l|\u203dvancouvercarpenter\n|l| IMSOMALD\n","uploadtime":1635551762,"views":24,"p1id":"infernoss","p2id":"vancouvercarpenter","formatid":"gen8ou","rating":1719,"private":0,"password":null}