{"id":"gen8customgame-1660038319","p1":"Real Shady","p2":"Elon Musk Rusk","format":"gen8customgame","log":"|j|\u2606Real Shady\n|j|\u2606Elon Musk Rusk\n|t:|1662734814\n|gametype|singles\n|player|p1|Real Shady|red|\n|player|p2|Elon Musk Rusk|102|\n|teamsize|p1|6\n|teamsize|p2|6\n|gen|8\n|tier|[Gen 8] Custom Game\n|clearpoke\n|poke|p1|Vanilluxe, M|\n|poke|p1|Mew|\n|poke|p1|Venusaur-Mega, M|\n|poke|p1|Sylveon, F|\n|poke|p1|Rhydon, M|\n|poke|p1|Hydreigon, M|\n|poke|p2|Gallade-Mega, M|\n|poke|p2|Mandibuzz, F|\n|poke|p2|Goodra, F|\n|poke|p2|Porygon2|\n|poke|p2|Tapu Fini|\n|poke|p2|Swampert, F|\n|teampreview\n|c|\u2606Real Shady|hf\n|c|\u2606Real Shady|we are mega'd already\n|c|\u2606Real Shady|cause its custom\n|c|\u2606Real Shady|lol\n|c|\u2606Real Shady|do u care?\n|\n|t:|1662734881\n|start\n|switch|p1a: Suzzie|Sylveon, F|394\/394\n|switch|p2a: Goodra|Goodra, F|383\/383\n|turn|1\n|\n|t:|1662734892\n|switch|p1a: Mimosa|Venusaur-Mega, M|363\/363\n|move|p2a: Goodra|Sludge Bomb|p1a: Mimosa\n|-damage|p1a: Mimosa|301\/363\n|debug|natural status immunity\n|debug|immune to status\n|debug|move failed because it did nothing\n|\n|upkeep\n|turn|2\n|j| Pinapple321\n|\n|t:|1662734897\n|move|p1a: Mimosa|Knock Off|p2a: Goodra\n|-damage|p2a: Goodra|288\/383\n|-enditem|p2a: Goodra|Assault Vest|[from] move: Knock Off|[of] p1a: Mimosa\n|move|p2a: Goodra|Infestation|p1a: Mimosa\n|-damage|p1a: Mimosa|286\/363\n|-activate|p1a: Mimosa|move: Infestation|[of] p2a: Goodra\n|\n|-damage|p1a: Mimosa|241\/363|[from] move: Infestation|[partiallytrapped]\n|upkeep\n|turn|3\n|\n|t:|1662734904\n|move|p1a: Mimosa|Synthesis|p1a: Mimosa\n|-heal|p1a: Mimosa|363\/363\n|move|p2a: Goodra|Draco Meteor|p1a: Mimosa|[miss]\n|-miss|p2a: Goodra|p1a: Mimosa\n|\n|-damage|p1a: Mimosa|318\/363|[from] move: Infestation|[partiallytrapped]\n|upkeep\n|turn|4\n|\n|t:|1662734913\n|move|p1a: Mimosa|Earth Power|p2a: Goodra\n|-damage|p2a: Goodra|227\/383\n|move|p2a: Goodra|Sludge Bomb|p1a: Mimosa\n|-damage|p1a: Mimosa|250\/363\n|\n|-damage|p1a: Mimosa|205\/363|[from] move: Infestation|[partiallytrapped]\n|upkeep\n|turn|5\n|\n|t:|1662734919\n|move|p1a: Mimosa|Synthesis|p1a: Mimosa\n|-heal|p1a: Mimosa|363\/363\n|move|p2a: Goodra|Draco Meteor|p1a: Mimosa\n|-crit|p1a: Mimosa\n|-damage|p1a: Mimosa|146\/363\n|-unboost|p2a: Goodra|spa|2\n|\n|-damage|p1a: Mimosa|101\/363|[from] move: Infestation|[partiallytrapped]\n|upkeep\n|turn|6\n|\n|t:|1662734926\n|move|p1a: Mimosa|Synthesis|p1a: Mimosa\n|-heal|p1a: Mimosa|282\/363\n|move|p2a: Goodra|Draco Meteor|p1a: Mimosa|[miss]\n|-miss|p2a: Goodra|p1a: Mimosa\n|\n|-damage|p1a: Mimosa|237\/363|[from] move: Infestation|[partiallytrapped]\n|upkeep\n|turn|7\n|\n|t:|1662734935\n|switch|p2a: Gallade|Gallade-Mega, M|295\/295\n|move|p1a: Mimosa|Earth Power|p2a: Gallade\n|-damage|p2a: Gallade|223\/295\n|\n|-end|p1a: Mimosa|Infestation|[partiallytrapped]\n|upkeep\n|turn|8\n|\n|t:|1662734946\n|switch|p1a: Suzzie|Sylveon, F|394\/394\n|move|p2a: Gallade|Knock Off|p1a: Suzzie\n|-resisted|p1a: Suzzie\n|-damage|p1a: Suzzie|323\/394\n|-enditem|p1a: Suzzie|Choice Specs|[from] move: Knock Off|[of] p2a: Gallade\n|\n|upkeep\n|turn|9\n|\n|t:|1662734955\n|switch|p2a: Porygon2|Porygon2|373\/373\n|-ability|p2a: Porygon2|Pixilate|[from] ability: Trace|[of] p1a: Suzzie\n|move|p1a: Suzzie|Baton Pass|p1a: Suzzie\n|c|\u2606Real Shady|no dmax btw lol forgot to say\n|\n|t:|1662734984\n|switch|p1a: Double Scoop|Vanilluxe, M, shiny|313\/313\n|\n|upkeep\n|turn|10\n|\n|t:|1662734992\n|move|p1a: Double Scoop|Toxic|p2a: Porygon2\n|-status|p2a: Porygon2|tox\n|move|p2a: Porygon2|Toxic|p1a: Double Scoop\n|-status|p1a: Double Scoop|tox\n|\n|-damage|p1a: Double Scoop|294\/313 tox|[from] psn\n|-damage|p2a: Porygon2|350\/373 tox|[from] psn\n|upkeep\n|turn|11\n|\n|t:|1662735001\n|move|p1a: Double Scoop|Taunt|p2a: Porygon2\n|-start|p2a: Porygon2|move: Taunt\n|move|p2a: Porygon2|Tri Attack|p1a: Double Scoop\n|-damage|p1a: Double Scoop|210\/313 tox\n|\n|-damage|p1a: Double Scoop|172\/313 tox|[from] psn\n|-damage|p2a: Porygon2|304\/373 tox|[from] psn\n|upkeep\n|turn|12\n|\n|t:|1662735010\n|switch|p2a: Goodra|Goodra, F|227\/383\n|move|p1a: Double Scoop|Frost Breath|p2a: Goodra\n|-supereffective|p2a: Goodra\n|-crit|p2a: Goodra\n|-damage|p2a: Goodra|27\/383\n|\n|-damage|p1a: Double Scoop|115\/313 tox|[from] psn\n|upkeep\n|turn|13\n|\n|t:|1662735028\n|move|p1a: Double Scoop|Frost Breath|p2a: Goodra\n|-supereffective|p2a: Goodra\n|-crit|p2a: Goodra\n|-damage|p2a: Goodra|0 fnt\n|faint|p2a: Goodra\n|\n|-damage|p1a: Double Scoop|39\/313 tox|[from] psn\n|upkeep\n|\n|t:|1662735030\n|switch|p2a: Gallade|Gallade-Mega, M|223\/295\n|turn|14\n|\n|t:|1662735037\n|move|p2a: Gallade|Knock Off|p1a: Double Scoop\n|-damage|p1a: Double Scoop|0 fnt\n|-enditem|p1a: Double Scoop|Heavy-Duty Boots|[from] move: Knock Off|[of] p2a: Gallade\n|faint|p1a: Double Scoop\n|\n|upkeep\n|\n|t:|1662735047\n|switch|p1a: Suzzie|Sylveon, F|323\/394\n|turn|15\n|\n|t:|1662735054\n|switch|p2a: Swampert|Swampert, F|403\/403\n|move|p1a: Suzzie|Hyper Voice|p2a: Swampert\n|-damage|p2a: Swampert|274\/403\n|\n|-heal|p2a: Swampert|299\/403|[from] item: Leftovers\n|upkeep\n|turn|16\n|\n|t:|1662735068\n|move|p2a: Swampert|Flip Turn|p1a: Suzzie\n|-damage|p1a: Suzzie|247\/394\n|\n|t:|1662735072\n|switch|p2a: Porygon2|Porygon2|304\/373 tox\n|-ability|p2a: Porygon2|Pixilate|[from] ability: Trace|[of] p1a: Suzzie\n|move|p1a: Suzzie|Baton Pass|p1a: Suzzie\n|\n|t:|1662735083\n|switch|p1a: Original|Rhydon, M|413\/413\n|\n|-damage|p2a: Porygon2|281\/373 tox|[from] psn\n|upkeep\n|turn|17\n|\n|t:|1662735087\n|move|p2a: Porygon2|Toxic|p1a: Original\n|-status|p1a: Original|tox\n|move|p1a: Original|Stealth Rock|p2a: Porygon2\n|-sidestart|p2: Elon Musk Rusk|move: Stealth Rock\n|\n|-damage|p2a: Porygon2|235\/373 tox|[from] psn\n|-damage|p1a: Original|388\/413 tox|[from] psn\n|upkeep\n|turn|18\n|\n|t:|1662735093\n|move|p2a: Porygon2|Recover|p2a: Porygon2\n|-heal|p2a: Porygon2|373\/373 tox\n|move|p1a: Original|Earthquake|p2a: Porygon2\n|-damage|p2a: Porygon2|273\/373 tox\n|\n|-damage|p2a: Porygon2|204\/373 tox|[from] psn\n|-damage|p1a: Original|338\/413 tox|[from] psn\n|upkeep\n|turn|19\n|\n|t:|1662735100\n|switch|p2a: Tapu Fini|Tapu Fini|343\/343\n|-damage|p2a: Tapu Fini|301\/343|[from] Stealth Rock\n|-fieldstart|move: Misty Terrain|[from] ability: Misty Surge|[of] p2a: Tapu Fini\n|move|p1a: Original|Earthquake|p2a: Tapu Fini\n|-damage|p2a: Tapu Fini|186\/343\n|\n|-heal|p2a: Tapu Fini|207\/343|[from] item: Leftovers\n|-damage|p1a: Original|263\/413 tox|[from] psn\n|upkeep\n|turn|20\n|\n|t:|1662735104\n|switch|p1a: Mimosa|Venusaur-Mega, M|237\/363\n|move|p2a: Tapu Fini|Defog|p1a: Mimosa\n|-unboost|p1a: Mimosa|evasion|1\n|-sideend|p2: Elon Musk Rusk|Stealth Rock|[from] move: Defog|[of] p2a: Tapu Fini\n|-fieldend|Misty Terrain\n|\n|-heal|p2a: Tapu Fini|228\/343|[from] item: Leftovers\n|upkeep\n|turn|21\n|\n|t:|1662735114\n|switch|p2a: Mandibuzz|Mandibuzz, F|423\/423\n|move|p1a: Mimosa|Knock Off|p2a: Mandibuzz\n|-resisted|p2a: Mandibuzz\n|-damage|p2a: Mandibuzz|393\/423\n|-enditem|p2a: Mandibuzz|Heavy-Duty Boots|[from] move: Knock Off|[of] p1a: Mimosa\n|\n|upkeep\n|turn|22\n|\n|t:|1662735120\n|switch|p1a: Rufus|Mew|397\/397\n|move|p2a: Mandibuzz|Brave Bird|p1a: Rufus\n|-damage|p1a: Rufus|309\/397\n|-damage|p2a: Mandibuzz|364\/423|[from] Recoil\n|\n|-heal|p1a: Rufus|333\/397|[from] item: Leftovers\n|upkeep\n|turn|23\n|\n|t:|1662735126\n|move|p1a: Rufus|Taunt|p2a: Mandibuzz\n|-start|p2a: Mandibuzz|move: Taunt\n|move|p2a: Mandibuzz|U-turn|p1a: Rufus\n|-supereffective|p1a: Rufus\n|-damage|p1a: Rufus|261\/397\n|\n|t:|1662735136\n|switch|p2a: Tapu Fini|Tapu Fini|228\/343\n|-fieldstart|move: Misty Terrain|[from] ability: Misty Surge|[of] p2a: Tapu Fini\n|\n|-heal|p1a: Rufus|285\/397|[from] item: Leftovers\n|-heal|p2a: Tapu Fini|249\/343|[from] item: Leftovers\n|upkeep\n|turn|24\n|\n|t:|1662735143\n|switch|p1a: Mimosa|Venusaur-Mega, M|237\/363\n|move|p2a: Tapu Fini|Nature's Madness|p1a: Mimosa\n|-damage|p1a: Mimosa|119\/363\n|\n|-heal|p2a: Tapu Fini|270\/343|[from] item: Leftovers\n|upkeep\n|turn|25\n|\n|t:|1662735148\n|switch|p2a: Gallade|Gallade-Mega, M|223\/295\n|move|p1a: Mimosa|Synthesis|p1a: Mimosa\n|-heal|p1a: Mimosa|300\/363\n|\n|upkeep\n|turn|26\n|\n|t:|1662735156\n|move|p2a: Gallade|Swords Dance|p2a: Gallade\n|-boost|p2a: Gallade|atk|2\n|move|p1a: Mimosa|Giga Drain|p2a: Gallade\n|-damage|p2a: Gallade|127\/295\n|-heal|p1a: Mimosa|348\/363|[from] drain|[of] p2a: Gallade\n|\n|upkeep\n|turn|27\n|\n|t:|1662735165\n|switch|p1a: Baphomet|Hydreigon, M|361\/361\n|move|p2a: Gallade|Zen Headbutt|p1a: Baphomet\n|-immune|p1a: Baphomet\n|\n|-fieldend|Misty Terrain\n|upkeep\n|turn|28\n|\n|t:|1662735173\n|move|p1a: Baphomet|Draco Meteor|p2a: Gallade\n|-damage|p2a: Gallade|0 fnt\n|-unboost|p1a: Baphomet|spa|2\n|faint|p2a: Gallade\n|\n|upkeep\n|\n|t:|1662735177\n|switch|p2a: Tapu Fini|Tapu Fini|270\/343\n|-fieldstart|move: Misty Terrain|[from] ability: Misty Surge|[of] p2a: Tapu Fini\n|turn|29\n|\n|t:|1662735183\n|switch|p1a: Mimosa|Venusaur-Mega, M|348\/363\n|switch|p2a: Mandibuzz|Mandibuzz, F|364\/423\n|\n|upkeep\n|turn|30\n|\n|t:|1662735192\n|switch|p1a: Suzzie|Sylveon, F|247\/394\n|move|p2a: Mandibuzz|U-turn|p1a: Suzzie\n|-resisted|p1a: Suzzie\n|-damage|p1a: Suzzie|227\/394\n|\n|t:|1662735198\n|switch|p2a: Swampert|Swampert, F|299\/403\n|\n|-heal|p2a: Swampert|324\/403|[from] item: Leftovers\n|upkeep\n|turn|31\n|\n|t:|1662735208\n|move|p2a: Swampert|Stealth Rock|p1a: Suzzie\n|-sidestart|p1: Real Shady|move: Stealth Rock\n|move|p1a: Suzzie|Hyper Voice|p2a: Swampert\n|-damage|p2a: Swampert|188\/403\n|\n|-heal|p2a: Swampert|213\/403|[from] item: Leftovers\n|upkeep\n|turn|32\n|\n|t:|1662735218\n|move|p2a: Swampert|High Horsepower|p1a: Suzzie\n|-damage|p1a: Suzzie|107\/394\n|move|p1a: Suzzie|Hyper Voice|p2a: Swampert\n|-damage|p2a: Swampert|90\/403\n|\n|-heal|p2a: Swampert|115\/403|[from] item: Leftovers\n|upkeep\n|turn|33\n|\n|t:|1662735222\n|switch|p1a: Mimosa|Venusaur-Mega, M|348\/363\n|-damage|p1a: Mimosa|303\/363|[from] Stealth Rock\n|move|p2a: Swampert|High Horsepower|p1a: Mimosa\n|-damage|p1a: Mimosa|192\/363\n|\n|-heal|p2a: Swampert|140\/403|[from] item: Leftovers\n|-fieldend|Misty Terrain\n|upkeep\n|turn|34\n|\n|t:|1662735231\n|switch|p2a: Mandibuzz|Mandibuzz, F|364\/423\n|move|p1a: Mimosa|Synthesis|p1a: Mimosa\n|-heal|p1a: Mimosa|363\/363\n|\n|upkeep\n|turn|35\n|\n|t:|1662735235\n|switch|p1a: Original|Rhydon, M|263\/413 tox\n|-damage|p1a: Original|238\/413 tox|[from] Stealth Rock\n|move|p2a: Mandibuzz|U-turn|p1a: Original\n|-damage|p1a: Original|217\/413 tox\n|\n|t:|1662735239\n|switch|p2a: Tapu Fini|Tapu Fini|270\/343\n|-fieldstart|move: Misty Terrain|[from] ability: Misty Surge|[of] p2a: Tapu Fini\n|\n|-heal|p2a: Tapu Fini|291\/343|[from] item: Leftovers\n|-damage|p1a: Original|192\/413 tox|[from] psn\n|upkeep\n|turn|36\n|\n|t:|1662735245\n|switch|p1a: Rufus|Mew|285\/397\n|-damage|p1a: Rufus|236\/397|[from] Stealth Rock\n|move|p2a: Tapu Fini|Surf|p1a: Rufus\n|-damage|p1a: Rufus|134\/397\n|\n|-heal|p1a: Rufus|158\/397|[from] item: Leftovers\n|-heal|p2a: Tapu Fini|312\/343|[from] item: Leftovers\n|upkeep\n|turn|37\n|\n|t:|1662735248\n|move|p1a: Rufus|Roost|p1a: Rufus\n|-heal|p1a: Rufus|357\/397\n|-singleturn|p1a: Rufus|move: Roost\n|move|p2a: Tapu Fini|Nature's Madness|p1a: Rufus\n|-damage|p1a: Rufus|179\/397\n|\n|-heal|p1a: Rufus|203\/397|[from] item: Leftovers\n|-heal|p2a: Tapu Fini|333\/343|[from] item: Leftovers\n|upkeep\n|turn|38\n|\n|t:|1662735255\n|move|p1a: Rufus|Taunt|p2a: Tapu Fini\n|-start|p2a: Tapu Fini|move: Taunt\n|move|p2a: Tapu Fini|Nature's Madness|p1a: Rufus\n|-damage|p1a: Rufus|102\/397\n|\n|-heal|p1a: Rufus|126\/397|[from] item: Leftovers\n|-heal|p2a: Tapu Fini|343\/343|[from] item: Leftovers\n|upkeep\n|turn|39\n|\n|t:|1662735261\n|move|p1a: Rufus|Roost|p1a: Rufus\n|-heal|p1a: Rufus|325\/397\n|-singleturn|p1a: Rufus|move: Roost\n|move|p2a: Tapu Fini|Nature's Madness|p1a: Rufus\n|-damage|p1a: Rufus|163\/397\n|\n|-heal|p1a: Rufus|187\/397|[from] item: Leftovers\n|-fieldend|Misty Terrain\n|upkeep\n|turn|40\n|\n|t:|1662735271\n|move|p1a: Rufus|Will-O-Wisp|p2a: Tapu Fini\n|-status|p2a: Tapu Fini|brn\n|move|p2a: Tapu Fini|Moonblast|p1a: Rufus\n|-damage|p1a: Rufus|75\/397\n|\n|-heal|p1a: Rufus|99\/397|[from] item: Leftovers\n|-damage|p2a: Tapu Fini|322\/343 brn|[from] brn\n|-end|p2a: Tapu Fini|move: Taunt\n|upkeep\n|turn|41\n|\n|t:|1662735277\n|move|p1a: Rufus|Roost|p1a: Rufus\n|-heal|p1a: Rufus|298\/397\n|-singleturn|p1a: Rufus|move: Roost\n|move|p2a: Tapu Fini|Nature's Madness|p1a: Rufus|[miss]\n|-miss|p2a: Tapu Fini|p1a: Rufus\n|\n|-heal|p1a: Rufus|322\/397|[from] item: Leftovers\n|-heal|p2a: Tapu Fini|343\/343 brn|[from] item: Leftovers\n|-damage|p2a: Tapu Fini|322\/343 brn|[from] brn\n|upkeep\n|turn|42\n|\n|t:|1662735282\n|move|p1a: Rufus|Dazzling Gleam|p2a: Tapu Fini\n|-damage|p2a: Tapu Fini|279\/343 brn\n|move|p2a: Tapu Fini|Moonblast|p1a: Rufus\n|-damage|p1a: Rufus|208\/397\n|\n|-heal|p1a: Rufus|232\/397|[from] item: Leftovers\n|-heal|p2a: Tapu Fini|300\/343 brn|[from] item: Leftovers\n|-damage|p2a: Tapu Fini|279\/343 brn|[from] brn\n|upkeep\n|turn|43\n|\n|t:|1662735295\n|switch|p2a: Swampert|Swampert, F|140\/403\n|move|p1a: Rufus|Dazzling Gleam|p2a: Swampert\n|-damage|p2a: Swampert|87\/403\n|\n|-heal|p1a: Rufus|256\/397|[from] item: Leftovers\n|-heal|p2a: Swampert|112\/403|[from] item: Leftovers\n|upkeep\n|turn|44\n|\n|t:|1662735302\n|move|p1a: Rufus|Will-O-Wisp|p2a: Swampert\n|-status|p2a: Swampert|brn\n|move|p2a: Swampert|Flip Turn|p1a: Rufus\n|-damage|p1a: Rufus|223\/397\n|\n|t:|1662735304\n|switch|p2a: Tapu Fini|Tapu Fini|279\/343 brn\n|-fieldstart|move: Misty Terrain|[from] ability: Misty Surge|[of] p2a: Tapu Fini\n|\n|-heal|p1a: Rufus|247\/397|[from] item: Leftovers\n|-heal|p2a: Tapu Fini|300\/343 brn|[from] item: Leftovers\n|-damage|p2a: Tapu Fini|279\/343 brn|[from] brn\n|upkeep\n|turn|45\n|\n|t:|1662735313\n|move|p1a: Rufus|Taunt|p2a: Tapu Fini\n|-start|p2a: Tapu Fini|move: Taunt\n|move|p2a: Tapu Fini|Nature's Madness|p1a: Rufus\n|-damage|p1a: Rufus|124\/397\n|\n|-heal|p1a: Rufus|148\/397|[from] item: Leftovers\n|-heal|p2a: Tapu Fini|300\/343 brn|[from] item: Leftovers\n|-damage|p2a: Tapu Fini|279\/343 brn|[from] brn\n|upkeep\n|turn|46\n|\n|t:|1662735319\n|move|p1a: Rufus|Roost|p1a: Rufus\n|-heal|p1a: Rufus|347\/397\n|-singleturn|p1a: Rufus|move: Roost\n|move|p2a: Tapu Fini|Moonblast|p1a: Rufus\n|-damage|p1a: Rufus|242\/397\n|-unboost|p1a: Rufus|spa|1\n|\n|-heal|p1a: Rufus|266\/397|[from] item: Leftovers\n|-heal|p2a: Tapu Fini|300\/343 brn|[from] item: Leftovers\n|-damage|p2a: Tapu Fini|279\/343 brn|[from] brn\n|upkeep\n|turn|47\n|\n|t:|1662735331\n|switch|p1a: Mimosa|Venusaur-Mega, M|363\/363\n|-damage|p1a: Mimosa|318\/363|[from] Stealth Rock\n|move|p2a: Tapu Fini|Nature's Madness|p1a: Mimosa\n|-damage|p1a: Mimosa|159\/363\n|\n|-heal|p2a: Tapu Fini|300\/343 brn|[from] item: Leftovers\n|-damage|p2a: Tapu Fini|279\/343 brn|[from] brn\n|-end|p2a: Tapu Fini|move: Taunt\n|upkeep\n|turn|48\n|\n|t:|1662735337\n|switch|p2a: Mandibuzz|Mandibuzz, F|364\/423\n|move|p1a: Mimosa|Synthesis|p1a: Mimosa\n|-heal|p1a: Mimosa|340\/363\n|\n|-fieldend|Misty Terrain\n|upkeep\n|turn|49\n|j| Ridd1er\n|\n|t:|1662735344\n|switch|p1a: Baphomet|Hydreigon, M|361\/361\n|-damage|p1a: Baphomet|316\/361|[from] Stealth Rock\n|move|p2a: Mandibuzz|U-turn|p1a: Baphomet\n|-supereffective|p1a: Baphomet\n|-damage|p1a: Baphomet|230\/361\n|\n|t:|1662735350\n|switch|p2a: Tapu Fini|Tapu Fini|279\/343 brn\n|-fieldstart|move: Misty Terrain|[from] ability: Misty Surge|[of] p2a: Tapu Fini\n|\n|-heal|p2a: Tapu Fini|300\/343 brn|[from] item: Leftovers\n|-damage|p2a: Tapu Fini|279\/343 brn|[from] brn\n|upkeep\n|turn|50\n|\n|t:|1662735355\n|move|p1a: Baphomet|U-turn|p2a: Tapu Fini\n|-resisted|p2a: Tapu Fini\n|-damage|p2a: Tapu Fini|259\/343 brn\n|\n|t:|1662735358\n|switch|p1a: Mimosa|Venusaur-Mega, M|340\/363\n|-damage|p1a: Mimosa|295\/363|[from] Stealth Rock\n|move|p2a: Tapu Fini|Moonblast|p1a: Mimosa\n|-resisted|p1a: Mimosa\n|-damage|p1a: Mimosa|256\/363\n|\n|-heal|p2a: Tapu Fini|280\/343 brn|[from] item: Leftovers\n|-damage|p2a: Tapu Fini|259\/343 brn|[from] brn\n|upkeep\n|turn|51\n|\n|t:|1662735369\n|switch|p1a: Rufus|Mew|266\/397\n|-damage|p1a: Rufus|217\/397|[from] Stealth Rock\n|switch|p2a: Mandibuzz|Mandibuzz, F|364\/423\n|\n|-heal|p1a: Rufus|241\/397|[from] item: Leftovers\n|upkeep\n|turn|52\n|\n|t:|1662735378\n|move|p1a: Rufus|Dazzling Gleam|p2a: Mandibuzz\n|-supereffective|p2a: Mandibuzz\n|-damage|p2a: Mandibuzz|256\/423\n|move|p2a: Mandibuzz|U-turn|p1a: Rufus\n|-supereffective|p1a: Rufus\n|-damage|p1a: Rufus|173\/397\n|\n|t:|1662735383\n|switch|p2a: Porygon2|Porygon2|204\/373 tox\n|-ability|p2a: Porygon2|Synchronize|[from] ability: Trace|[of] p1a: Rufus\n|\n|-heal|p1a: Rufus|197\/397|[from] item: Leftovers\n|-damage|p2a: Porygon2|181\/373 tox|[from] psn\n|upkeep\n|turn|53\n|c| Pinapple321|Wait why aren't you guys on sports?\n|\n|t:|1662735391\n|switch|p2a: Mandibuzz|Mandibuzz, F|256\/423\n|move|p1a: Rufus|Taunt|p2a: Mandibuzz\n|-start|p2a: Mandibuzz|move: Taunt\n|\n|-heal|p1a: Rufus|221\/397|[from] item: Leftovers\n|-fieldend|Misty Terrain\n|upkeep\n|turn|54\n|c|\u2606Real Shady|he is on mobile\n|c| Pinapple321|I only just noticed\n|c| Pinapple321|Ahhh\n|\n|t:|1662735401\n|switch|p2a: Swampert|Swampert, F|112\/403 brn\n|move|p1a: Rufus|Will-O-Wisp|p2a: Swampert\n|-fail|p2a: Swampert|brn\n|debug|move failed because it did nothing\n|\n|-heal|p1a: Rufus|245\/397|[from] item: Leftovers\n|-heal|p2a: Swampert|137\/403 brn|[from] item: Leftovers\n|-damage|p2a: Swampert|112\/403 brn|[from] brn\n|upkeep\n|turn|55\n|\n|t:|1662735404\n|move|p1a: Rufus|Dazzling Gleam|p2a: Swampert\n|-damage|p2a: Swampert|62\/403 brn\n|move|p2a: Swampert|Toxic||[still]\n|-status|p1a: Rufus|tox\n|-activate|p1a: Rufus|ability: Synchronize\n|-fail|p1a: Rufus\n|\n|-heal|p1a: Rufus|269\/397 tox|[from] item: Leftovers\n|-heal|p2a: Swampert|87\/403 brn|[from] item: Leftovers\n|-damage|p1a: Rufus|245\/397 tox|[from] psn\n|-damage|p2a: Swampert|62\/403 brn|[from] brn\n|upkeep\n|turn|56\n|\n|t:|1662735415\n|move|p1a: Rufus|Dazzling Gleam|p2a: Swampert\n|-damage|p2a: Swampert|6\/403 brn\n|move|p2a: Swampert|Flip Turn|p1a: Rufus\n|-damage|p1a: Rufus|210\/397 tox\n|c| Pinapple321|Could have just sent a link tbf\n|\n|t:|1662735418\n|switch|p2a: Mandibuzz|Mandibuzz, F|256\/423\n|\n|-heal|p1a: Rufus|234\/397 tox|[from] item: Leftovers\n|-damage|p1a: Rufus|186\/397 tox|[from] psn\n|upkeep\n|turn|57\n|\n|t:|1662735421\n|move|p1a: Rufus|Will-O-Wisp|p2a: Mandibuzz\n|-status|p2a: Mandibuzz|brn\n|move|p2a: Mandibuzz|Roost|p2a: Mandibuzz\n|-heal|p2a: Mandibuzz|423\/423 brn\n|-singleturn|p2a: Mandibuzz|move: Roost\n|\n|-heal|p1a: Rufus|210\/397 tox|[from] item: Leftovers\n|-damage|p1a: Rufus|138\/397 tox|[from] psn\n|-damage|p2a: Mandibuzz|397\/423 brn|[from] brn\n|upkeep\n|turn|58\n|c| Ridd1er|Custom game tho\n|c|\u2606Real Shady|baton pass\n|\n|t:|1662735428\n|switch|p2a: Swampert|Swampert, F|6\/403 brn\n|move|p1a: Rufus|Roost|p1a: Rufus\n|-heal|p1a: Rufus|337\/397 tox\n|-singleturn|p1a: Rufus|move: Roost\n|\n|-heal|p1a: Rufus|361\/397 tox|[from] item: Leftovers\n|-heal|p2a: Swampert|31\/403 brn|[from] item: Leftovers\n|-damage|p1a: Rufus|265\/397 tox|[from] psn\n|-damage|p2a: Swampert|6\/403 brn|[from] brn\n|upkeep\n|turn|59\n|c|\u2606Real Shady|is banned\n|c|\u2606Real Shady|in natdex\n|c|\u2606Real Shady|im sorry\n|\n|t:|1662735441\n|move|p1a: Rufus|Dazzling Gleam|p2a: Swampert\n|-damage|p2a: Swampert|0 fnt\n|faint|p2a: Swampert\n|\n|-heal|p1a: Rufus|289\/397 tox|[from] item: Leftovers\n|-damage|p1a: Rufus|169\/397 tox|[from] psn\n|upkeep\n|\n|t:|1662735443\n|switch|p2a: Tapu Fini|Tapu Fini|259\/343 brn\n|-fieldstart|move: Misty Terrain|[from] ability: Misty Surge|[of] p2a: Tapu Fini\n|turn|60\n|\n|t:|1662735447\n|switch|p1a: Mimosa|Venusaur-Mega, M|256\/363\n|-damage|p1a: Mimosa|211\/363|[from] Stealth Rock\n|move|p2a: Tapu Fini|Nature's Madness|p1a: Mimosa\n|-damage|p1a: Mimosa|106\/363\n|\n|-heal|p2a: Tapu Fini|280\/343 brn|[from] item: Leftovers\n|-damage|p2a: Tapu Fini|259\/343 brn|[from] brn\n|upkeep\n|turn|61\n|\n|t:|1662735453\n|switch|p2a: Mandibuzz|Mandibuzz, F|397\/423 brn\n|move|p1a: Mimosa|Synthesis|p1a: Mimosa\n|-heal|p1a: Mimosa|287\/363\n|\n|-damage|p2a: Mandibuzz|371\/423 brn|[from] brn\n|upkeep\n|turn|62\n|\n|t:|1662735459\n|move|p1a: Mimosa|Giga Drain|p2a: Mandibuzz\n|-resisted|p2a: Mandibuzz\n|-damage|p2a: Mandibuzz|327\/423 brn\n|-heal|p1a: Mimosa|309\/363|[from] drain|[of] p2a: Mandibuzz\n|move|p2a: Mandibuzz|Brave Bird|p1a: Mimosa\n|-supereffective|p1a: Mimosa\n|-damage|p1a: Mimosa|219\/363\n|-damage|p2a: Mandibuzz|297\/423 brn|[from] Recoil\n|\n|-damage|p2a: Mandibuzz|271\/423 brn|[from] brn\n|upkeep\n|turn|63\n|\n|t:|1662735473\n|switch|p1a: Baphomet|Hydreigon, M|230\/361\n|-damage|p1a: Baphomet|185\/361|[from] Stealth Rock\n|move|p2a: Mandibuzz|Brave Bird|p1a: Baphomet\n|-damage|p1a: Baphomet|134\/361\n|-damage|p2a: Mandibuzz|254\/423 brn|[from] Recoil\n|\n|-damage|p2a: Mandibuzz|228\/423 brn|[from] brn\n|upkeep\n|turn|64\n|\n|t:|1662735484\n|move|p1a: Baphomet|U-turn|p2a: Mandibuzz\n|-damage|p2a: Mandibuzz|183\/423 brn\n|\n|t:|1662735486\n|switch|p1a: Original|Rhydon, M|192\/413 tox\n|-damage|p1a: Original|167\/413 tox|[from] Stealth Rock\n|move|p2a: Mandibuzz|Roost|p2a: Mandibuzz\n|-heal|p2a: Mandibuzz|395\/423 brn\n|-singleturn|p2a: Mandibuzz|move: Roost\n|\n|-damage|p1a: Original|142\/413 tox|[from] psn\n|-damage|p2a: Mandibuzz|369\/423 brn|[from] brn\n|-fieldend|Misty Terrain\n|upkeep\n|turn|65\n|\n|t:|1662735492\n|move|p2a: Mandibuzz|U-turn|p1a: Original\n|-damage|p1a: Original|131\/413 tox\n|\n|t:|1662735494\n|switch|p2a: Porygon2|Porygon2|181\/373 tox\n|-ability|p2a: Porygon2|Rock Head|[from] ability: Trace|[of] p1a: Original\n|move|p1a: Original|Stealth Rock|p2a: Porygon2\n|-sidestart|p2: Elon Musk Rusk|move: Stealth Rock\n|\n|-damage|p2a: Porygon2|158\/373 tox|[from] psn\n|-damage|p1a: Original|81\/413 tox|[from] psn\n|upkeep\n|turn|66\n|\n|t:|1662735501\n|move|p2a: Porygon2|Recover|p2a: Porygon2\n|-heal|p2a: Porygon2|345\/373 tox\n|move|p1a: Original|Earthquake|p2a: Porygon2\n|-damage|p2a: Porygon2|231\/373 tox\n|\n|-damage|p2a: Porygon2|185\/373 tox|[from] psn\n|-damage|p1a: Original|6\/413 tox|[from] psn\n|upkeep\n|turn|67\n|c| Ridd1er|I'm rooting for the team with the fairy type that's still alive\n|\n|t:|1662735513\n|switch|p1a: Rufus|Mew|169\/397 tox\n|-damage|p1a: Rufus|120\/397 tox|[from] Stealth Rock\n|move|p2a: Porygon2|Recover|p2a: Porygon2\n|-heal|p2a: Porygon2|372\/373 tox\n|\n|-heal|p1a: Rufus|144\/397 tox|[from] item: Leftovers\n|-damage|p1a: Rufus|120\/397 tox|[from] psn\n|-damage|p2a: Porygon2|303\/373 tox|[from] psn\n|upkeep\n|turn|68\n|\n|t:|1662735522\n|move|p1a: Rufus|Roost|p1a: Rufus\n|-heal|p1a: Rufus|319\/397 tox\n|-singleturn|p1a: Rufus|move: Roost\n|move|p2a: Porygon2|Tri Attack|p1a: Rufus\n|-damage|p1a: Rufus|211\/397 tox\n|\n|-heal|p1a: Rufus|235\/397 tox|[from] item: Leftovers\n|-damage|p1a: Rufus|187\/397 tox|[from] psn\n|-damage|p2a: Porygon2|211\/373 tox|[from] psn\n|upkeep\n|turn|69\n|\n|t:|1662735528\n|switch|p1a: Mimosa|Venusaur-Mega, M|219\/363\n|-damage|p1a: Mimosa|174\/363|[from] Stealth Rock\n|move|p2a: Porygon2|Recover|p2a: Porygon2\n|-heal|p2a: Porygon2|373\/373 tox\n|\n|-damage|p2a: Porygon2|258\/373 tox|[from] psn\n|upkeep\n|turn|70\n|\n|t:|1662735537\n|switch|p1a: Original|Rhydon, M|6\/413 tox\n|-damage|p1a: Original|0 fnt|[from] Stealth Rock\n|faint|p1a: Original\n|move|p2a: Porygon2|Tri Attack|p1: Original|[notarget]\n|-fail|p2a: Porygon2\n|\n|-damage|p2a: Porygon2|120\/373 tox|[from] psn\n|upkeep\n|\n|t:|1662735545\n|switch|p1a: Suzzie|Sylveon, F|107\/394\n|-damage|p1a: Suzzie|58\/394|[from] Stealth Rock\n|turn|71\n|\n|t:|1662735550\n|move|p1a: Suzzie|Hyper Voice|p2a: Porygon2\n|-damage|p2a: Porygon2|42\/373 tox\n|move|p2a: Porygon2|Tri Attack|p1a: Suzzie\n|-damage|p1a: Suzzie|0 fnt\n|faint|p1a: Suzzie\n|\n|-damage|p2a: Porygon2|0 fnt|[from] psn\n|faint|p2a: Porygon2\n|upkeep\n|\n|t:|1662735561\n|switch|p1a: Rufus|Mew|187\/397 tox\n|switch|p2a: Tapu Fini|Tapu Fini|259\/343 brn\n|-damage|p1a: Rufus|138\/397 tox|[from] Stealth Rock\n|-damage|p2a: Tapu Fini|217\/343 brn|[from] Stealth Rock\n|-fieldstart|move: Misty Terrain|[from] ability: Misty Surge|[of] p2a: Tapu Fini\n|turn|72\n|\n|t:|1662735566\n|move|p1a: Rufus|Roost|p1a: Rufus\n|-heal|p1a: Rufus|337\/397 tox\n|-singleturn|p1a: Rufus|move: Roost\n|move|p2a: Tapu Fini|Moonblast|p1a: Rufus\n|-damage|p1a: Rufus|232\/397 tox\n|-unboost|p1a: Rufus|spa|1\n|\n|-heal|p1a: Rufus|256\/397 tox|[from] item: Leftovers\n|-heal|p2a: Tapu Fini|238\/343 brn|[from] item: Leftovers\n|-damage|p1a: Rufus|232\/397 tox|[from] psn\n|-damage|p2a: Tapu Fini|217\/343 brn|[from] brn\n|upkeep\n|turn|73\n|\n|t:|1662735570\n|switch|p1a: Mimosa|Venusaur-Mega, M|174\/363\n|-damage|p1a: Mimosa|129\/363|[from] Stealth Rock\n|move|p2a: Tapu Fini|Defog|p1a: Mimosa\n|-unboost|p1a: Mimosa|evasion|1\n|-sideend|p1: Real Shady|Stealth Rock|[from] move: Defog|[of] p2a: Tapu Fini\n|-sideend|p2: Elon Musk Rusk|Stealth Rock|[from] move: Defog|[of] p2a: Tapu Fini\n|-fieldend|Misty Terrain\n|\n|-heal|p2a: Tapu Fini|238\/343 brn|[from] item: Leftovers\n|-damage|p2a: Tapu Fini|217\/343 brn|[from] brn\n|upkeep\n|turn|74\n|\n|t:|1662735583\n|switch|p1a: Rufus|Mew|232\/397 tox\n|switch|p2a: Mandibuzz|Mandibuzz, F|369\/423 brn\n|\n|-heal|p1a: Rufus|256\/397 tox|[from] item: Leftovers\n|-damage|p1a: Rufus|232\/397 tox|[from] psn\n|-damage|p2a: Mandibuzz|343\/423 brn|[from] brn\n|upkeep\n|turn|75\n|\n|t:|1662735592\n|move|p1a: Rufus|Dazzling Gleam|p2a: Mandibuzz\n|-supereffective|p2a: Mandibuzz\n|-damage|p2a: Mandibuzz|247\/423 brn\n|move|p2a: Mandibuzz|Roost|p2a: Mandibuzz\n|-heal|p2a: Mandibuzz|423\/423 brn\n|-singleturn|p2a: Mandibuzz|move: Roost\n|\n|-heal|p1a: Rufus|256\/397 tox|[from] item: Leftovers\n|-damage|p1a: Rufus|208\/397 tox|[from] psn\n|-damage|p2a: Mandibuzz|397\/423 brn|[from] brn\n|upkeep\n|turn|76\n|\n|t:|1662735600\n|move|p1a: Rufus|Roost|p1a: Rufus\n|-heal|p1a: Rufus|397\/397 tox\n|-singleturn|p1a: Rufus|move: Roost\n|move|p2a: Mandibuzz|U-turn|p1a: Rufus\n|-supereffective|p1a: Rufus\n|-damage|p1a: Rufus|365\/397 tox\n|\n|t:|1662735602\n|switch|p2a: Tapu Fini|Tapu Fini|217\/343 brn\n|-fieldstart|move: Misty Terrain|[from] ability: Misty Surge|[of] p2a: Tapu Fini\n|\n|-heal|p1a: Rufus|389\/397 tox|[from] item: Leftovers\n|-heal|p2a: Tapu Fini|238\/343 brn|[from] item: Leftovers\n|-damage|p1a: Rufus|317\/397 tox|[from] psn\n|-damage|p2a: Tapu Fini|217\/343 brn|[from] brn\n|upkeep\n|turn|77\n|\n|t:|1662735608\n|switch|p1a: Mimosa|Venusaur-Mega, M|129\/363\n|move|p2a: Tapu Fini|Nature's Madness|p1a: Mimosa\n|-damage|p1a: Mimosa|65\/363\n|\n|-heal|p2a: Tapu Fini|238\/343 brn|[from] item: Leftovers\n|-damage|p2a: Tapu Fini|217\/343 brn|[from] brn\n|upkeep\n|turn|78\n|\n|t:|1662735618\n|switch|p2a: Mandibuzz|Mandibuzz, F|397\/423 brn\n|move|p1a: Mimosa|Synthesis|p1a: Mimosa\n|-heal|p1a: Mimosa|246\/363\n|\n|-damage|p2a: Mandibuzz|371\/423 brn|[from] brn\n|upkeep\n|turn|79\n|\n|t:|1662735626\n|switch|p1a: Rufus|Mew|317\/397 tox\n|move|p2a: Mandibuzz|Brave Bird|p1a: Rufus\n|-damage|p1a: Rufus|272\/397 tox\n|-damage|p2a: Mandibuzz|356\/423 brn|[from] Recoil\n|\n|-heal|p1a: Rufus|296\/397 tox|[from] item: Leftovers\n|-damage|p1a: Rufus|272\/397 tox|[from] psn\n|-damage|p2a: Mandibuzz|330\/423 brn|[from] brn\n|upkeep\n|turn|80\n|\n|t:|1662735633\n|move|p1a: Rufus|Taunt|p2a: Mandibuzz\n|-start|p2a: Mandibuzz|move: Taunt\n|cant|p2a: Mandibuzz|move: Taunt|Roost\n|\n|-heal|p1a: Rufus|296\/397 tox|[from] item: Leftovers\n|-damage|p1a: Rufus|248\/397 tox|[from] psn\n|-damage|p2a: Mandibuzz|304\/423 brn|[from] brn\n|-fieldend|Misty Terrain\n|upkeep\n|turn|81\n|\n|t:|1662735636\n|move|p1a: Rufus|Dazzling Gleam|p2a: Mandibuzz\n|-supereffective|p2a: Mandibuzz\n|-damage|p2a: Mandibuzz|206\/423 brn\n|move|p2a: Mandibuzz|U-turn|p1a: Rufus\n|-supereffective|p1a: Rufus\n|-damage|p1a: Rufus|214\/397 tox\n|\n|t:|1662735638\n|switch|p2a: Tapu Fini|Tapu Fini|217\/343 brn\n|-fieldstart|move: Misty Terrain|[from] ability: Misty Surge|[of] p2a: Tapu Fini\n|\n|-heal|p1a: Rufus|238\/397 tox|[from] item: Leftovers\n|-heal|p2a: Tapu Fini|238\/343 brn|[from] item: Leftovers\n|-damage|p1a: Rufus|166\/397 tox|[from] psn\n|-damage|p2a: Tapu Fini|217\/343 brn|[from] brn\n|upkeep\n|turn|82\n|\n|t:|1662735642\n|move|p1a: Rufus|Roost|p1a: Rufus\n|-heal|p1a: Rufus|365\/397 tox\n|-singleturn|p1a: Rufus|move: Roost\n|move|p2a: Tapu Fini|Nature's Madness|p1a: Rufus\n|-damage|p1a: Rufus|183\/397 tox\n|\n|-heal|p1a: Rufus|207\/397 tox|[from] item: Leftovers\n|-heal|p2a: Tapu Fini|238\/343 brn|[from] item: Leftovers\n|-damage|p1a: Rufus|111\/397 tox|[from] psn\n|-damage|p2a: Tapu Fini|217\/343 brn|[from] brn\n|upkeep\n|turn|83\n|\n|t:|1662735645\n|switch|p1a: Mimosa|Venusaur-Mega, M|246\/363\n|move|p2a: Tapu Fini|Moonblast|p1a: Mimosa\n|-resisted|p1a: Mimosa\n|-damage|p1a: Mimosa|210\/363\n|-unboost|p1a: Mimosa|spa|1\n|\n|-heal|p2a: Tapu Fini|238\/343 brn|[from] item: Leftovers\n|-damage|p2a: Tapu Fini|217\/343 brn|[from] brn\n|upkeep\n|turn|84\n|\n|t:|1662735652\n|switch|p2a: Mandibuzz|Mandibuzz, F|206\/423 brn\n|move|p1a: Mimosa|Giga Drain|p2a: Mandibuzz\n|-resisted|p2a: Mandibuzz\n|-damage|p2a: Mandibuzz|175\/423 brn\n|-heal|p1a: Mimosa|226\/363|[from] drain|[of] p2a: Mandibuzz\n|\n|-damage|p2a: Mandibuzz|149\/423 brn|[from] brn\n|upkeep\n|turn|85\n|\n|t:|1662735658\n|switch|p1a: Baphomet|Hydreigon, M|134\/361\n|move|p2a: Mandibuzz|Roost|p2a: Mandibuzz\n|-heal|p2a: Mandibuzz|361\/423 brn\n|-singleturn|p2a: Mandibuzz|move: Roost\n|\n|-damage|p2a: Mandibuzz|335\/423 brn|[from] brn\n|-fieldend|Misty Terrain\n|upkeep\n|turn|86\n|\n|t:|1662735665\n|switch|p2a: Tapu Fini|Tapu Fini|217\/343 brn\n|-fieldstart|move: Misty Terrain|[from] ability: Misty Surge|[of] p2a: Tapu Fini\n|move|p1a: Baphomet|Draco Meteor|p2a: Tapu Fini\n|-immune|p2a: Tapu Fini\n|\n|-heal|p2a: Tapu Fini|238\/343 brn|[from] item: Leftovers\n|-damage|p2a: Tapu Fini|217\/343 brn|[from] brn\n|upkeep\n|turn|87\n|\n|t:|1662735672\n|switch|p1a: Mimosa|Venusaur-Mega, M|226\/363\n|move|p2a: Tapu Fini|Nature's Madness|p1a: Mimosa\n|-damage|p1a: Mimosa|113\/363\n|\n|-heal|p2a: Tapu Fini|238\/343 brn|[from] item: Leftovers\n|-damage|p2a: Tapu Fini|217\/343 brn|[from] brn\n|upkeep\n|turn|88\n|\n|t:|1662735681\n|switch|p1a: Rufus|Mew|111\/397 tox\n|switch|p2a: Mandibuzz|Mandibuzz, F|335\/423 brn\n|\n|-heal|p1a: Rufus|135\/397 tox|[from] item: Leftovers\n|-damage|p1a: Rufus|111\/397 tox|[from] psn\n|-damage|p2a: Mandibuzz|309\/423 brn|[from] brn\n|upkeep\n|turn|89\n|\n|t:|1662735686\n|move|p1a: Rufus|Roost|p1a: Rufus\n|-heal|p1a: Rufus|310\/397 tox\n|-singleturn|p1a: Rufus|move: Roost\n|move|p2a: Mandibuzz|Foul Play|p1a: Rufus\n|-supereffective|p1a: Rufus\n|-damage|p1a: Rufus|238\/397 tox\n|\n|-heal|p1a: Rufus|262\/397 tox|[from] item: Leftovers\n|-damage|p1a: Rufus|214\/397 tox|[from] psn\n|-damage|p2a: Mandibuzz|283\/423 brn|[from] brn\n|upkeep\n|turn|90\n|\n|t:|1662735693\n|move|p1a: Rufus|Dazzling Gleam|p2a: Mandibuzz\n|-supereffective|p2a: Mandibuzz\n|-crit|p2a: Mandibuzz\n|-damage|p2a: Mandibuzz|131\/423 brn\n|move|p2a: Mandibuzz|Roost|p2a: Mandibuzz\n|-heal|p2a: Mandibuzz|343\/423 brn\n|-singleturn|p2a: Mandibuzz|move: Roost\n|\n|-heal|p1a: Rufus|238\/397 tox|[from] item: Leftovers\n|-damage|p1a: Rufus|166\/397 tox|[from] psn\n|-damage|p2a: Mandibuzz|317\/423 brn|[from] brn\n|-fieldend|Misty Terrain\n|upkeep\n|turn|91\n|\n|t:|1662735697\n|move|p1a: Rufus|Roost|p1a: Rufus\n|-heal|p1a: Rufus|365\/397 tox\n|-singleturn|p1a: Rufus|move: Roost\n|move|p2a: Mandibuzz|U-turn|p1a: Rufus\n|-supereffective|p1a: Rufus\n|-damage|p1a: Rufus|331\/397 tox\n|\n|t:|1662735699\n|switch|p2a: Tapu Fini|Tapu Fini|217\/343 brn\n|-fieldstart|move: Misty Terrain|[from] ability: Misty Surge|[of] p2a: Tapu Fini\n|\n|-heal|p1a: Rufus|355\/397 tox|[from] item: Leftovers\n|-heal|p2a: Tapu Fini|238\/343 brn|[from] item: Leftovers\n|-damage|p1a: Rufus|259\/397 tox|[from] psn\n|-damage|p2a: Tapu Fini|217\/343 brn|[from] brn\n|upkeep\n|turn|92\n|\n|t:|1662735709\n|switch|p1a: Mimosa|Venusaur-Mega, M|113\/363\n|move|p2a: Tapu Fini|Nature's Madness|p1a: Mimosa\n|-damage|p1a: Mimosa|57\/363\n|\n|-heal|p2a: Tapu Fini|238\/343 brn|[from] item: Leftovers\n|-damage|p2a: Tapu Fini|217\/343 brn|[from] brn\n|upkeep\n|turn|93\n|\n|t:|1662735714\n|switch|p2a: Mandibuzz|Mandibuzz, F|317\/423 brn\n|move|p1a: Mimosa|Giga Drain|p2a: Mandibuzz\n|-resisted|p2a: Mandibuzz\n|-damage|p2a: Mandibuzz|271\/423 brn\n|-heal|p1a: Mimosa|80\/363|[from] drain|[of] p2a: Mandibuzz\n|\n|-damage|p2a: Mandibuzz|245\/423 brn|[from] brn\n|upkeep\n|turn|94\n|\n|t:|1662735722\n|switch|p1a: Baphomet|Hydreigon, M|134\/361\n|move|p2a: Mandibuzz|Brave Bird|p1a: Baphomet\n|-damage|p1a: Baphomet|77\/361\n|-damage|p2a: Mandibuzz|226\/423 brn|[from] Recoil\n|\n|-damage|p2a: Mandibuzz|200\/423 brn|[from] brn\n|upkeep\n|turn|95\n|\n|t:|1662735729\n|switch|p2a: Tapu Fini|Tapu Fini|217\/343 brn\n|move|p1a: Baphomet|Draco Meteor|p2a: Tapu Fini\n|-immune|p2a: Tapu Fini\n|\n|-heal|p2a: Tapu Fini|238\/343 brn|[from] item: Leftovers\n|-damage|p2a: Tapu Fini|217\/343 brn|[from] brn\n|-fieldend|Misty Terrain\n|upkeep\n|turn|96\n|\n|t:|1662735735\n|switch|p1a: Rufus|Mew|259\/397 tox\n|move|p2a: Tapu Fini|Moonblast|p1a: Rufus\n|-damage|p1a: Rufus|159\/397 tox\n|-unboost|p1a: Rufus|spa|1\n|\n|-heal|p1a: Rufus|183\/397 tox|[from] item: Leftovers\n|-heal|p2a: Tapu Fini|238\/343 brn|[from] item: Leftovers\n|-damage|p1a: Rufus|159\/397 tox|[from] psn\n|-damage|p2a: Tapu Fini|217\/343 brn|[from] brn\n|upkeep\n|turn|97\n|\n|t:|1662735743\n|move|p1a: Rufus|Roost|p1a: Rufus\n|-heal|p1a: Rufus|358\/397 tox\n|-singleturn|p1a: Rufus|move: Roost\n|move|p2a: Tapu Fini|Moonblast|p1a: Rufus\n|-damage|p1a: Rufus|258\/397 tox\n|-unboost|p1a: Rufus|spa|1\n|\n|-heal|p1a: Rufus|282\/397 tox|[from] item: Leftovers\n|-heal|p2a: Tapu Fini|238\/343 brn|[from] item: Leftovers\n|-damage|p1a: Rufus|234\/397 tox|[from] psn\n|-damage|p2a: Tapu Fini|217\/343 brn|[from] brn\n|upkeep\n|turn|98\n|\n|t:|1662735747\n|switch|p1a: Mimosa|Venusaur-Mega, M|80\/363\n|move|p2a: Tapu Fini|Nature's Madness|p1a: Mimosa\n|-damage|p1a: Mimosa|40\/363\n|\n|-heal|p2a: Tapu Fini|238\/343 brn|[from] item: Leftovers\n|-damage|p2a: Tapu Fini|217\/343 brn|[from] brn\n|upkeep\n|turn|99\n|\n|t:|1662735754\n|switch|p2a: Mandibuzz|Mandibuzz, F|200\/423 brn\n|move|p1a: Mimosa|Giga Drain|p2a: Mandibuzz\n|-resisted|p2a: Mandibuzz\n|-crit|p2a: Mandibuzz\n|-damage|p2a: Mandibuzz|137\/423 brn\n|-heal|p1a: Mimosa|72\/363|[from] drain|[of] p2a: Mandibuzz\n|\n|-damage|p2a: Mandibuzz|111\/423 brn|[from] brn\n|upkeep\n|turn|100\n|\n|t:|1662735760\n|move|p1a: Mimosa|Giga Drain|p2a: Mandibuzz\n|-resisted|p2a: Mandibuzz\n|-damage|p2a: Mandibuzz|66\/423 brn\n|-heal|p1a: Mimosa|95\/363|[from] drain|[of] p2a: Mandibuzz\n|move|p2a: Mandibuzz|Roost|p2a: Mandibuzz\n|-heal|p2a: Mandibuzz|278\/423 brn\n|-singleturn|p2a: Mandibuzz|move: Roost\n|\n|-damage|p2a: Mandibuzz|252\/423 brn|[from] brn\n|upkeep\n|turn|101\n|\n|t:|1662735777\n|switch|p1a: Rufus|Mew|234\/397 tox\n|move|p2a: Mandibuzz|Brave Bird|p1a: Rufus\n|-damage|p1a: Rufus|193\/397 tox\n|-damage|p2a: Mandibuzz|238\/423 brn|[from] Recoil\n|\n|-heal|p1a: Rufus|217\/397 tox|[from] item: Leftovers\n|-damage|p1a: Rufus|193\/397 tox|[from] psn\n|-damage|p2a: Mandibuzz|212\/423 brn|[from] brn\n|upkeep\n|turn|102\n|\n|t:|1662735782\n|move|p1a: Rufus|Taunt|p2a: Mandibuzz\n|-start|p2a: Mandibuzz|move: Taunt\n|cant|p2a: Mandibuzz|move: Taunt|Roost\n|\n|-heal|p1a: Rufus|217\/397 tox|[from] item: Leftovers\n|-damage|p1a: Rufus|169\/397 tox|[from] psn\n|-damage|p2a: Mandibuzz|186\/423 brn|[from] brn\n|upkeep\n|turn|103\n|\n|t:|1662735785\n|switch|p2a: Tapu Fini|Tapu Fini|217\/343 brn\n|-fieldstart|move: Misty Terrain|[from] ability: Misty Surge|[of] p2a: Tapu Fini\n|move|p1a: Rufus|Roost|p1a: Rufus\n|-heal|p1a: Rufus|368\/397 tox\n|-singleturn|p1a: Rufus|move: Roost\n|\n|-heal|p1a: Rufus|392\/397 tox|[from] item: Leftovers\n|-heal|p2a: Tapu Fini|238\/343 brn|[from] item: Leftovers\n|-damage|p1a: Rufus|320\/397 tox|[from] psn\n|-damage|p2a: Tapu Fini|217\/343 brn|[from] brn\n|upkeep\n|turn|104\n|\n|t:|1662735796\n|switch|p1a: Mimosa|Venusaur-Mega, M|95\/363\n|move|p2a: Tapu Fini|Moonblast|p1a: Mimosa\n|-resisted|p1a: Mimosa\n|-damage|p1a: Mimosa|61\/363\n|\n|-heal|p2a: Tapu Fini|238\/343 brn|[from] item: Leftovers\n|-damage|p2a: Tapu Fini|217\/343 brn|[from] brn\n|upkeep\n|turn|105\n|\n|t:|1662735803\n|switch|p2a: Mandibuzz|Mandibuzz, F|186\/423 brn\n|move|p1a: Mimosa|Giga Drain|p2a: Mandibuzz\n|-resisted|p2a: Mandibuzz\n|-damage|p2a: Mandibuzz|141\/423 brn\n|-heal|p1a: Mimosa|84\/363|[from] drain|[of] p2a: Mandibuzz\n|\n|-damage|p2a: Mandibuzz|115\/423 brn|[from] brn\n|upkeep\n|turn|106\n|\n|t:|1662735809\n|switch|p1a: Rufus|Mew|320\/397 tox\n|move|p2a: Mandibuzz|Roost|p2a: Mandibuzz\n|-heal|p2a: Mandibuzz|327\/423 brn\n|-singleturn|p2a: Mandibuzz|move: Roost\n|\n|-heal|p1a: Rufus|344\/397 tox|[from] item: Leftovers\n|-damage|p1a: Rufus|320\/397 tox|[from] psn\n|-damage|p2a: Mandibuzz|301\/423 brn|[from] brn\n|upkeep\n|turn|107\n|\n|t:|1662735816\n|move|p1a: Rufus|Taunt|p2a: Mandibuzz\n|-start|p2a: Mandibuzz|move: Taunt\n|move|p2a: Mandibuzz|U-turn|p1a: Rufus\n|-supereffective|p1a: Rufus\n|-damage|p1a: Rufus|289\/397 tox\n|\n|t:|1662735818\n|switch|p2a: Tapu Fini|Tapu Fini|217\/343 brn\n|\n|-heal|p1a: Rufus|313\/397 tox|[from] item: Leftovers\n|-heal|p2a: Tapu Fini|238\/343 brn|[from] item: Leftovers\n|-damage|p1a: Rufus|265\/397 tox|[from] psn\n|-damage|p2a: Tapu Fini|217\/343 brn|[from] brn\n|-fieldend|Misty Terrain\n|upkeep\n|turn|108\n|\n|t:|1662735824\n|move|p1a: Rufus|Dazzling Gleam|p2a: Tapu Fini\n|-damage|p2a: Tapu Fini|174\/343 brn\n|move|p2a: Tapu Fini|Moonblast|p1a: Rufus\n|-damage|p1a: Rufus|151\/397 tox\n|\n|-heal|p1a: Rufus|175\/397 tox|[from] item: Leftovers\n|-heal|p2a: Tapu Fini|195\/343 brn|[from] item: Leftovers\n|-damage|p1a: Rufus|103\/397 tox|[from] psn\n|-damage|p2a: Tapu Fini|174\/343 brn|[from] brn\n|upkeep\n|turn|109\n|\n|t:|1662735830\n|switch|p1a: Mimosa|Venusaur-Mega, M|84\/363\n|move|p2a: Tapu Fini|Nature's Madness|p1a: Mimosa\n|-damage|p1a: Mimosa|42\/363\n|\n|-heal|p2a: Tapu Fini|195\/343 brn|[from] item: Leftovers\n|-damage|p2a: Tapu Fini|174\/343 brn|[from] brn\n|upkeep\n|turn|110\n|\n|t:|1662735834\n|switch|p2a: Mandibuzz|Mandibuzz, F|301\/423 brn\n|move|p1a: Mimosa|Giga Drain|p2a: Mandibuzz\n|-resisted|p2a: Mandibuzz\n|-damage|p2a: Mandibuzz|253\/423 brn\n|-heal|p1a: Mimosa|66\/363|[from] drain|[of] p2a: Mandibuzz\n|\n|-damage|p2a: Mandibuzz|227\/423 brn|[from] brn\n|upkeep\n|turn|111\n|\n|t:|1662735838\n|move|p1a: Mimosa|Giga Drain|p2a: Mandibuzz\n|-resisted|p2a: Mandibuzz\n|-damage|p2a: Mandibuzz|182\/423 brn\n|-heal|p1a: Mimosa|89\/363|[from] drain|[of] p2a: Mandibuzz\n|move|p2a: Mandibuzz|U-turn|p1a: Mimosa\n|-damage|p1a: Mimosa|74\/363\n|\n|t:|1662735840\n|switch|p2a: Tapu Fini|Tapu Fini|174\/343 brn\n|-fieldstart|move: Misty Terrain|[from] ability: Misty Surge|[of] p2a: Tapu Fini\n|\n|-heal|p2a: Tapu Fini|195\/343 brn|[from] item: Leftovers\n|-damage|p2a: Tapu Fini|174\/343 brn|[from] brn\n|upkeep\n|turn|112\n|l| Ridd1er\n|\n|t:|1662735848\n|switch|p2a: Mandibuzz|Mandibuzz, F|182\/423 brn\n|move|p1a: Mimosa|Giga Drain|p2a: Mandibuzz\n|-resisted|p2a: Mandibuzz\n|-damage|p2a: Mandibuzz|140\/423 brn\n|-heal|p1a: Mimosa|95\/363|[from] drain|[of] p2a: Mandibuzz\n|\n|-damage|p2a: Mandibuzz|114\/423 brn|[from] brn\n|upkeep\n|turn|113\n|\n|t:|1662735856\n|move|p1a: Mimosa|Giga Drain|p2a: Mandibuzz\n|-resisted|p2a: Mandibuzz\n|-damage|p2a: Mandibuzz|70\/423 brn\n|-heal|p1a: Mimosa|117\/363|[from] drain|[of] p2a: Mandibuzz\n|move|p2a: Mandibuzz|Roost|p2a: Mandibuzz\n|-heal|p2a: Mandibuzz|282\/423 brn\n|-singleturn|p2a: Mandibuzz|move: Roost\n|\n|-damage|p2a: Mandibuzz|256\/423 brn|[from] brn\n|upkeep\n|turn|114\n|\n|t:|1662735863\n|move|p1a: Mimosa|Giga Drain|p2a: Mandibuzz\n|-resisted|p2a: Mandibuzz\n|-damage|p2a: Mandibuzz|209\/423 brn\n|-heal|p1a: Mimosa|141\/363|[from] drain|[of] p2a: Mandibuzz\n|move|p2a: Mandibuzz|Brave Bird|p1a: Mimosa\n|-supereffective|p1a: Mimosa\n|-damage|p1a: Mimosa|57\/363\n|-damage|p2a: Mandibuzz|181\/423 brn|[from] Recoil\n|\n|-damage|p2a: Mandibuzz|155\/423 brn|[from] brn\n|upkeep\n|turn|115\n|\n|t:|1662735872\n|switch|p1a: Baphomet|Hydreigon, M|77\/361\n|move|p2a: Mandibuzz|Roost|p2a: Mandibuzz\n|-heal|p2a: Mandibuzz|367\/423 brn\n|-singleturn|p2a: Mandibuzz|move: Roost\n|\n|-damage|p2a: Mandibuzz|341\/423 brn|[from] brn\n|-fieldend|Misty Terrain\n|upkeep\n|turn|116\n|\n|t:|1662735878\n|move|p1a: Baphomet|Draco Meteor|p2a: Mandibuzz\n|-damage|p2a: Mandibuzz|163\/423 brn\n|-unboost|p1a: Baphomet|spa|2\n|move|p2a: Mandibuzz|U-turn|p1a: Baphomet\n|-supereffective|p1a: Baphomet\n|-damage|p1a: Baphomet|32\/361\n|\n|t:|1662735880\n|switch|p2a: Tapu Fini|Tapu Fini|174\/343 brn\n|-fieldstart|move: Misty Terrain|[from] ability: Misty Surge|[of] p2a: Tapu Fini\n|\n|-heal|p2a: Tapu Fini|195\/343 brn|[from] item: Leftovers\n|-damage|p2a: Tapu Fini|174\/343 brn|[from] brn\n|upkeep\n|turn|117\n|\n|t:|1662735890\n|move|p1a: Baphomet|Draco Meteor|p2a: Tapu Fini\n|-immune|p2a: Tapu Fini\n|move|p2a: Tapu Fini|Moonblast|p1a: Baphomet\n|-supereffective|p1a: Baphomet\n|-damage|p1a: Baphomet|0 fnt\n|faint|p1a: Baphomet\n|\n|-heal|p2a: Tapu Fini|195\/343 brn|[from] item: Leftovers\n|-damage|p2a: Tapu Fini|174\/343 brn|[from] brn\n|upkeep\n|\n|t:|1662735902\n|switch|p1a: Mimosa|Venusaur-Mega, M|57\/363\n|turn|118\n|\n|t:|1662735909\n|switch|p2a: Mandibuzz|Mandibuzz, F|163\/423 brn\n|move|p1a: Mimosa|Giga Drain|p2a: Mandibuzz\n|-resisted|p2a: Mandibuzz\n|-damage|p2a: Mandibuzz|118\/423 brn\n|-heal|p1a: Mimosa|80\/363|[from] drain|[of] p2a: Mandibuzz\n|\n|-damage|p2a: Mandibuzz|92\/423 brn|[from] brn\n|upkeep\n|turn|119\n|\n|t:|1662735918\n|switch|p1a: Rufus|Mew|103\/397 tox\n|move|p2a: Mandibuzz|Roost|p2a: Mandibuzz\n|-heal|p2a: Mandibuzz|304\/423 brn\n|-singleturn|p2a: Mandibuzz|move: Roost\n|\n|-heal|p1a: Rufus|127\/397 tox|[from] item: Leftovers\n|-damage|p1a: Rufus|103\/397 tox|[from] psn\n|-damage|p2a: Mandibuzz|278\/423 brn|[from] brn\n|upkeep\n|turn|120\n|\n|t:|1662735922\n|move|p1a: Rufus|Roost|p1a: Rufus\n|-heal|p1a: Rufus|302\/397 tox\n|-singleturn|p1a: Rufus|move: Roost\n|move|p2a: Mandibuzz|U-turn|p1a: Rufus\n|-supereffective|p1a: Rufus\n|-damage|p1a: Rufus|269\/397 tox\n|\n|t:|1662735924\n|switch|p2a: Tapu Fini|Tapu Fini|174\/343 brn\n|\n|-heal|p1a: Rufus|293\/397 tox|[from] item: Leftovers\n|-heal|p2a: Tapu Fini|195\/343 brn|[from] item: Leftovers\n|-damage|p1a: Rufus|245\/397 tox|[from] psn\n|-damage|p2a: Tapu Fini|174\/343 brn|[from] brn\n|-fieldend|Misty Terrain\n|upkeep\n|turn|121\n|\n|t:|1662735929\n|switch|p1a: Mimosa|Venusaur-Mega, M|80\/363\n|move|p2a: Tapu Fini|Moonblast|p1a: Mimosa\n|-resisted|p1a: Mimosa\n|-damage|p1a: Mimosa|42\/363\n|\n|-heal|p2a: Tapu Fini|195\/343 brn|[from] item: Leftovers\n|-damage|p2a: Tapu Fini|174\/343 brn|[from] brn\n|upkeep\n|turn|122\n|\n|t:|1662735935\n|switch|p2a: Mandibuzz|Mandibuzz, F|278\/423 brn\n|move|p1a: Mimosa|Giga Drain|p2a: Mandibuzz\n|-resisted|p2a: Mandibuzz\n|-damage|p2a: Mandibuzz|233\/423 brn\n|-heal|p1a: Mimosa|65\/363|[from] drain|[of] p2a: Mandibuzz\n|\n|-damage|p2a: Mandibuzz|207\/423 brn|[from] brn\n|upkeep\n|turn|123\n|\n|t:|1662735943\n|switch|p1a: Rufus|Mew|245\/397 tox\n|move|p2a: Mandibuzz|Foul Play|p1a: Rufus\n|-supereffective|p1a: Rufus\n|-damage|p1a: Rufus|170\/397 tox\n|\n|-heal|p1a: Rufus|194\/397 tox|[from] item: Leftovers\n|-damage|p1a: Rufus|170\/397 tox|[from] psn\n|-damage|p2a: Mandibuzz|181\/423 brn|[from] brn\n|upkeep\n|turn|124\n|\n|t:|1662735947\n|switch|p2a: Tapu Fini|Tapu Fini|174\/343 brn\n|-fieldstart|move: Misty Terrain|[from] ability: Misty Surge|[of] p2a: Tapu Fini\n|move|p1a: Rufus|Dazzling Gleam|p2a: Tapu Fini\n|-damage|p2a: Tapu Fini|133\/343 brn\n|\n|-heal|p1a: Rufus|194\/397 tox|[from] item: Leftovers\n|-heal|p2a: Tapu Fini|154\/343 brn|[from] item: Leftovers\n|-damage|p1a: Rufus|146\/397 tox|[from] psn\n|-damage|p2a: Tapu Fini|133\/343 brn|[from] brn\n|upkeep\n|turn|125\n|\n|t:|1662735953\n|move|p1a: Rufus|Roost|p1a: Rufus\n|-heal|p1a: Rufus|345\/397 tox\n|-singleturn|p1a: Rufus|move: Roost\n|move|p2a: Tapu Fini|Moonblast|p1a: Rufus\n|-damage|p1a: Rufus|245\/397 tox\n|\n|-heal|p1a: Rufus|269\/397 tox|[from] item: Leftovers\n|-heal|p2a: Tapu Fini|154\/343 brn|[from] item: Leftovers\n|-damage|p1a: Rufus|197\/397 tox|[from] psn\n|-damage|p2a: Tapu Fini|133\/343 brn|[from] brn\n|upkeep\n|turn|126\n|\n|t:|1662735961\n|switch|p1a: Mimosa|Venusaur-Mega, M|65\/363\n|move|p2a: Tapu Fini|Moonblast|p1a: Mimosa\n|-resisted|p1a: Mimosa\n|-damage|p1a: Mimosa|29\/363\n|\n|-heal|p2a: Tapu Fini|154\/343 brn|[from] item: Leftovers\n|-damage|p2a: Tapu Fini|133\/343 brn|[from] brn\n|upkeep\n|turn|127\n|\n|t:|1662735968\n|switch|p2a: Mandibuzz|Mandibuzz, F|181\/423 brn\n|move|p1a: Mimosa|Giga Drain|p2a: Mandibuzz\n|-resisted|p2a: Mandibuzz\n|-damage|p2a: Mandibuzz|139\/423 brn\n|-heal|p1a: Mimosa|50\/363|[from] drain|[of] p2a: Mandibuzz\n|\n|-damage|p2a: Mandibuzz|113\/423 brn|[from] brn\n|upkeep\n|turn|128\n|j| Ridd1er\n|\n|t:|1662735973\n|move|p1a: Mimosa|Giga Drain|p2a: Mandibuzz\n|-resisted|p2a: Mandibuzz\n|-damage|p2a: Mandibuzz|67\/423 brn\n|-heal|p1a: Mimosa|73\/363|[from] drain|[of] p2a: Mandibuzz\n|move|p2a: Mandibuzz|Brave Bird|p1a: Mimosa\n|-supereffective|p1a: Mimosa\n|-damage|p1a: Mimosa|0 fnt\n|faint|p1a: Mimosa\n|-damage|p2a: Mandibuzz|43\/423 brn|[from] Recoil\n|\n|-damage|p2a: Mandibuzz|17\/423 brn|[from] brn\n|-fieldend|Misty Terrain\n|upkeep\n|\n|t:|1662735975\n|switch|p1a: Rufus|Mew|197\/397 tox\n|turn|129\n|\n|t:|1662735978\n|move|p1a: Rufus|Dazzling Gleam|p2a: Mandibuzz\n|-supereffective|p2a: Mandibuzz\n|-damage|p2a: Mandibuzz|0 fnt\n|faint|p2a: Mandibuzz\n|\n|-heal|p1a: Rufus|221\/397 tox|[from] item: Leftovers\n|-damage|p1a: Rufus|197\/397 tox|[from] psn\n|upkeep\n|\n|t:|1662735980\n|switch|p2a: Tapu Fini|Tapu Fini|133\/343 brn\n|-fieldstart|move: Misty Terrain|[from] ability: Misty Surge|[of] p2a: Tapu Fini\n|turn|130\n|c|\u2606Real Shady|gg\n|\n|t:|1662735984\n|move|p1a: Rufus|Dazzling Gleam|p2a: Tapu Fini\n|-damage|p2a: Tapu Fini|91\/343 brn\n|move|p2a: Tapu Fini|Moonblast|p1a: Rufus\n|-damage|p1a: Rufus|86\/397 tox\n|\n|-heal|p1a: Rufus|110\/397 tox|[from] item: Leftovers\n|-heal|p2a: Tapu Fini|112\/343 brn|[from] item: Leftovers\n|-damage|p1a: Rufus|62\/397 tox|[from] psn\n|-damage|p2a: Tapu Fini|91\/343 brn|[from] brn\n|upkeep\n|turn|131\n|\n|t:|1662735990\n|move|p1a: Rufus|Dazzling Gleam|p2a: Tapu Fini\n|-damage|p2a: Tapu Fini|48\/343 brn\n|move|p2a: Tapu Fini|Nature's Madness|p1a: Rufus\n|-damage|p1a: Rufus|31\/397 tox\n|\n|-heal|p1a: Rufus|55\/397 tox|[from] item: Leftovers\n|-heal|p2a: Tapu Fini|69\/343 brn|[from] item: Leftovers\n|-damage|p1a: Rufus|0 fnt|[from] psn\n|faint|p1a: Rufus\n|\n|win|Elon Musk Rusk\n|upkeep\n|c|\u2606Elon Musk Rusk|gg\n|l| Pinapple321\n|l| Ridd1er\n","uploadtime":1662736000,"views":19,"p1id":"realshady","p2id":"elonmuskrusk","formatid":"gen8customgame","rating":0,"private":0,"password":null}