{"id":"gen8ou-1668863591","p1":"Free Wifi Hotspot","p2":"minimax_ai","format":"gen8ou","log":"|j|\u2606Free Wifi Hotspot\n|j|\u2606minimax_ai\n|t:|1663678481\n|gametype|singles\n|player|p1|Free Wifi Hotspot|lucas|1551\n|player|p2|minimax_ai|lusamine-nihilego|1489\n|teamsize|p1|6\n|teamsize|p2|6\n|gen|8\n|tier|[Gen 8] OU\n|rated|\n|rule|Sleep Clause Mod: Limit one foe put to sleep\n|rule|Species Clause: Limit one of each Pok\u00e9mon\n|rule|OHKO Clause: OHKO moves are banned\n|rule|Evasion Items Clause: Evasion items are banned\n|rule|Evasion Moves Clause: Evasion moves are banned\n|rule|Endless Battle Clause: Forcing endless battles is banned\n|rule|HP Percentage Mod: HP is shown in percentages\n|rule|Dynamax Clause: You cannot dynamax\n|clearpoke\n|poke|p1|Blacephalon|\n|poke|p1|Keldeo-Resolute|\n|poke|p1|Slowking-Galar, M|\n|poke|p1|Weavile, M|\n|poke|p1|Garchomp, F|\n|poke|p1|Rillaboom, F|\n|poke|p2|Rotom-Wash|\n|poke|p2|Weavile, M|\n|poke|p2|Landorus-Therian, M|\n|poke|p2|Heatran, M|\n|poke|p2|Tangrowth, F|\n|poke|p2|Melmetal|\n|teampreview\n|inactive|Battle timer is ON: inactive players will automatically lose when time's up. (requested by Free Wifi Hotspot)\n|\n|t:|1663678483\n|start\n|switch|p1a: Keldeo|Keldeo-Resolute|100\/100\n|switch|p2a: Melmetal|Melmetal|100\/100\n|turn|1\n|c|\u2606minimax_ai|hf\n|inactive|minimax_ai also wants the timer to be on.\n|\n|t:|1663678486\n|move|p1a: Keldeo|Secret Sword|p2a: Melmetal\n|-supereffective|p2a: Melmetal\n|-damage|p2a: Melmetal|27\/100\n|move|p2a: Melmetal|Thunder Punch|p1a: Keldeo\n|-supereffective|p1a: Keldeo\n|-damage|p1a: Keldeo|22\/100\n|\n|upkeep\n|turn|2\n|\n|t:|1663678492\n|switch|p2a: landorustherian|Landorus-Therian, M|100\/100\n|-ability|p2a: landorustherian|Intimidate|boost\n|-unboost|p1a: Keldeo|atk|1\n|move|p1a: Keldeo|Secret Sword|p2a: landorustherian\n|-resisted|p2a: landorustherian\n|-damage|p2a: landorustherian|71\/100\n|\n|-heal|p2a: landorustherian|77\/100|[from] item: Leftovers\n|upkeep\n|turn|3\n|\n|t:|1663678494\n|switch|p1a: Garchomp|Garchomp, F|100\/100\n|move|p2a: landorustherian|Toxic|p1a: Garchomp\n|-status|p1a: Garchomp|tox\n|\n|-heal|p2a: landorustherian|83\/100|[from] item: Leftovers\n|-damage|p1a: Garchomp|94\/100 tox|[from] psn\n|upkeep\n|turn|4\n|\n|t:|1663678496\n|move|p1a: Garchomp|Stealth Rock|p2a: landorustherian\n|-sidestart|p2: minimax_ai|move: Stealth Rock\n|move|p2a: landorustherian|Earthquake|p1a: Garchomp\n|-damage|p1a: Garchomp|67\/100 tox\n|\n|-heal|p2a: landorustherian|89\/100|[from] item: Leftovers\n|-damage|p1a: Garchomp|55\/100 tox|[from] psn\n|upkeep\n|turn|5\n|\n|t:|1663678500\n|move|p1a: Garchomp|Toxic|p2a: landorustherian|[miss]\n|-miss|p1a: Garchomp|p2a: landorustherian\n|move|p2a: landorustherian|Defog|p1a: Garchomp\n|-unboost|p1a: Garchomp|evasion|1\n|-sideend|p2: minimax_ai|Stealth Rock|[from] move: Defog|[of] p2a: landorustherian\n|\n|-heal|p2a: landorustherian|95\/100|[from] item: Leftovers\n|-damage|p1a: Garchomp|36\/100 tox|[from] psn\n|upkeep\n|turn|6\n|\n|t:|1663678501\n|move|p1a: Garchomp|Toxic|p2a: landorustherian\n|-status|p2a: landorustherian|tox\n|move|p2a: landorustherian|Earthquake|p1a: Garchomp\n|-damage|p1a: Garchomp|7\/100 tox\n|\n|-heal|p2a: landorustherian|100\/100 tox|[from] item: Leftovers\n|-damage|p1a: Garchomp|0 fnt|[from] psn\n|faint|p1a: Garchomp\n|-damage|p2a: landorustherian|94\/100 tox|[from] psn\n|upkeep\n|\n|t:|1663678504\n|switch|p1a: Keldeo|Keldeo-Resolute|22\/100\n|turn|7\n|\n|t:|1663678506\n|switch|p2a: Tangrowth|Tangrowth, F|100\/100\n|move|p1a: Keldeo|Scald|p2a: Tangrowth\n|-resisted|p2a: Tangrowth\n|-damage|p2a: Tangrowth|55\/100\n|\n|upkeep\n|turn|8\n|\n|t:|1663678511\n|switch|p1a: Slowking|Slowking-Galar, M|100\/100\n|move|p2a: Tangrowth|Giga Drain|p1a: Slowking\n|-resisted|p1a: Slowking\n|-damage|p1a: Slowking|93\/100\n|-heal|p2a: Tangrowth|59\/100|[from] drain|[of] p1a: Slowking\n|\n|upkeep\n|turn|9\n|\n|t:|1663678512\n|switch|p2a: Weavile|Weavile, M|100\/100\n|-ability|p2a: Weavile|Pressure\n|move|p1a: Slowking|Sludge Bomb|p2a: Weavile\n|-damage|p2a: Weavile|42\/100\n|-status|p2a: Weavile|psn\n|\n|-damage|p2a: Weavile|29\/100 psn|[from] psn\n|upkeep\n|turn|10\n|\n|t:|1663678517\n|switch|p1a: Keldeo|Keldeo-Resolute|22\/100\n|move|p2a: Weavile|Knock Off|p1a: Keldeo\n|-resisted|p1a: Keldeo\n|-damage|p1a: Keldeo|0 fnt\n|-enditem|p1a: Keldeo|Choice Specs|[from] move: Knock Off|[of] p2a: Weavile\n|faint|p1a: Keldeo\n|\n|-damage|p2a: Weavile|17\/100 psn|[from] psn\n|upkeep\n|\n|t:|1663678522\n|switch|p1a: Blacephalon|Blacephalon|100\/100\n|turn|11\n|\n|t:|1663678523\n|move|p1a: Blacephalon|Shadow Ball|p2a: Weavile\n|-resisted|p2a: Weavile\n|-damage|p2a: Weavile|0 fnt\n|faint|p2a: Weavile\n|-ability|p1a: Blacephalon|Beast Boost|boost\n|-boost|p1a: Blacephalon|spa|1\n|\n|upkeep\n|\n|t:|1663678523\n|switch|p2a: landorustherian|Landorus-Therian, M|94\/100 tox\n|-ability|p2a: landorustherian|Intimidate|boost\n|-unboost|p1a: Blacephalon|atk|1\n|turn|12\n|\n|t:|1663678526\n|switch|p1a: Rillaboom|Rillaboom, F|100\/100\n|-fieldstart|move: Grassy Terrain|[from] ability: Grassy Surge|[of] p1a: Rillaboom\n|move|p2a: landorustherian|Earthquake|p1a: Rillaboom\n|-resisted|p1a: Rillaboom\n|-damage|p1a: Rillaboom|86\/100\n|\n|-heal|p1a: Rillaboom|93\/100|[from] Grassy Terrain\n|-heal|p2a: landorustherian|100\/100 tox|[from] item: Leftovers\n|-damage|p2a: landorustherian|94\/100 tox|[from] psn\n|upkeep\n|turn|13\n|\n|t:|1663678530\n|switch|p2a: Tangrowth|Tangrowth, F|92\/100\n|move|p1a: Rillaboom|Swords Dance|p1a: Rillaboom\n|-boost|p1a: Rillaboom|atk|2\n|\n|-heal|p1a: Rillaboom|99\/100|[from] Grassy Terrain\n|-heal|p2a: Tangrowth|99\/100|[from] Grassy Terrain\n|upkeep\n|turn|14\n|\n|t:|1663678533\n|switch|p1a: Slowking|Slowking-Galar, M|100\/100\n|move|p2a: Tangrowth|Knock Off|p1a: Slowking\n|-supereffective|p1a: Slowking\n|-damage|p1a: Slowking|54\/100\n|-enditem|p1a: Slowking|Assault Vest|[from] move: Knock Off|[of] p2a: Tangrowth\n|\n|-heal|p2a: Tangrowth|100\/100|[from] Grassy Terrain\n|-heal|p1a: Slowking|60\/100|[from] Grassy Terrain\n|upkeep\n|turn|15\n|\n|t:|1663678538\n|switch|p2a: Heatran|Heatran, M|100\/100\n|-item|p2a: Heatran|Air Balloon\n|move|p1a: Slowking|Psychic|p2a: Heatran\n|-resisted|p2a: Heatran\n|-damage|p2a: Heatran|76\/100\n|-enditem|p2a: Heatran|Air Balloon\n|\n|-heal|p2a: Heatran|83\/100|[from] Grassy Terrain\n|-heal|p1a: Slowking|66\/100|[from] Grassy Terrain\n|upkeep\n|turn|16\n|\n|t:|1663678539\n|move|p2a: Heatran|Magma Storm|p1a: Slowking\n|-damage|p1a: Slowking|24\/100\n|-activate|p1a: Slowking|move: Magma Storm|[of] p2a: Heatran\n|move|p1a: Slowking|Scald|p2a: Heatran\n|-supereffective|p2a: Heatran\n|-damage|p2a: Heatran|26\/100\n|\n|-heal|p2a: Heatran|32\/100|[from] Grassy Terrain\n|-heal|p1a: Slowking|30\/100|[from] Grassy Terrain\n|-damage|p1a: Slowking|18\/100|[from] move: Magma Storm|[partiallytrapped]\n|-fieldend|move: Grassy Terrain\n|upkeep\n|turn|17\n|\n|t:|1663678541\n|move|p2a: Heatran|Earth Power|p1a: Slowking\n|-supereffective|p1a: Slowking\n|-damage|p1a: Slowking|0 fnt\n|faint|p1a: Slowking\n|\n|upkeep\n|\n|t:|1663678543\n|switch|p1a: Weavile|Weavile, M|100\/100\n|-ability|p1a: Weavile|Pressure\n|turn|18\n|\n|t:|1663678544\n|move|p1a: Weavile|Low Kick|p2a: Heatran\n|-supereffective|p2a: Heatran\n|-damage|p2a: Heatran|0 fnt\n|faint|p2a: Heatran\n|\n|upkeep\n|\n|t:|1663678544\n|switch|p2a: landorustherian|Landorus-Therian, M|94\/100 tox\n|-ability|p2a: landorustherian|Intimidate|boost\n|-unboost|p1a: Weavile|atk|1\n|turn|19\n|\n|t:|1663678547\n|move|p1a: Weavile|Ice Shard|p2a: landorustherian\n|-supereffective|p2a: landorustherian\n|-damage|p2a: landorustherian|43\/100 tox\n|move|p2a: landorustherian|Toxic|p1a: Weavile|[miss]\n|-miss|p2a: landorustherian|p1a: Weavile\n|\n|-heal|p2a: landorustherian|49\/100 tox|[from] item: Leftovers\n|-damage|p2a: landorustherian|43\/100 tox|[from] psn\n|upkeep\n|turn|20\n|\n|t:|1663678553\n|switch|p2a: rotomwash|Rotom-Wash|100\/100\n|move|p1a: Weavile|Ice Shard|p2a: rotomwash\n|-resisted|p2a: rotomwash\n|-damage|p2a: rotomwash|94\/100\n|\n|-heal|p2a: rotomwash|99\/100|[from] item: Leftovers\n|upkeep\n|turn|21\n|\n|t:|1663678555\n|move|p1a: Weavile|Swords Dance|p1a: Weavile\n|-boost|p1a: Weavile|atk|2\n|move|p2a: rotomwash|Thunderbolt|p1a: Weavile\n|-damage|p1a: Weavile|49\/100\n|\n|-heal|p2a: rotomwash|100\/100|[from] item: Leftovers\n|upkeep\n|turn|22\n|\n|t:|1663678557\n|move|p1a: Weavile|Knock Off|p2a: rotomwash\n|-damage|p2a: rotomwash|29\/100\n|-enditem|p2a: rotomwash|Leftovers|[from] move: Knock Off|[of] p1a: Weavile\n|move|p2a: rotomwash|Thunderbolt|p1a: Weavile\n|-damage|p1a: Weavile|2\/100\n|\n|upkeep\n|turn|23\n|\n|t:|1663678560\n|switch|p2a: landorustherian|Landorus-Therian, M|43\/100 tox\n|-ability|p2a: landorustherian|Intimidate|boost\n|-unboost|p1a: Weavile|atk|1\n|move|p1a: Weavile|Knock Off|p2a: landorustherian\n|-damage|p2a: landorustherian|0 fnt\n|-enditem|p2a: landorustherian|Leftovers|[from] move: Knock Off|[of] p1a: Weavile\n|faint|p2a: landorustherian\n|\n|upkeep\n|\n|t:|1663678560\n|switch|p2a: Tangrowth|Tangrowth, F|100\/100\n|turn|24\n|\n|t:|1663678563\n|move|p1a: Weavile|Knock Off|p2a: Tangrowth\n|-damage|p2a: Tangrowth|74\/100\n|-damage|p1a: Weavile|0 fnt|[from] item: Rocky Helmet|[of] p2a: Tangrowth\n|faint|p1a: Weavile\n|move|p2a: Tangrowth|Knock Off|p1: Weavile|[notarget]\n|-fail|p2a: Tangrowth\n|\n|upkeep\n|\n|t:|1663678569\n|switch|p1a: Blacephalon|Blacephalon|100\/100\n|turn|25\n|\n|t:|1663678573\n|switch|p2a: Melmetal|Melmetal|27\/100\n|move|p1a: Blacephalon|Shadow Ball|p2a: Melmetal\n|-damage|p2a: Melmetal|0 fnt\n|faint|p2a: Melmetal\n|-ability|p1a: Blacephalon|Beast Boost|boost\n|-boost|p1a: Blacephalon|spa|1\n|\n|upkeep\n|\n|t:|1663678573\n|switch|p2a: rotomwash|Rotom-Wash|29\/100\n|turn|26\n|\n|t:|1663678575\n|move|p1a: Blacephalon|Shadow Ball|p2a: rotomwash\n|-damage|p2a: rotomwash|0 fnt\n|faint|p2a: rotomwash\n|-ability|p1a: Blacephalon|Beast Boost|boost\n|-boost|p1a: Blacephalon|spa|1\n|\n|upkeep\n|\n|t:|1663678575\n|switch|p2a: Tangrowth|Tangrowth, F|100\/100\n|turn|27\n|\n|t:|1663678576\n|move|p1a: Blacephalon|Shadow Ball|p2a: Tangrowth\n|-damage|p2a: Tangrowth|0 fnt\n|faint|p2a: Tangrowth\n|\n|win|Free Wifi Hotspot\n|raw|Free Wifi Hotspot's rating: 1551 &rarr; <strong>1567<\/strong><br \/>(+16 for winning)\n|raw|minimax_ai's rating: 1489 &rarr; <strong>1473<\/strong><br \/>(-16 for losing)\n|c|\u2606minimax_ai|gg\n","uploadtime":1663678578,"views":18,"p1id":"freewifihotspot","p2id":"minimaxai","formatid":"gen8ou","rating":1473,"private":0,"password":null}