{"id":"gen8bdspou-1480050215","p1":"Arcangel666","p2":"TrivagoGuy","format":"gen8bdspou","log":"|j|\u2606Arcangel666\n|j|\u2606TrivagoGuy\n|t:|1640493611\n|gametype|singles\n|player|p1|Arcangel666|grimsley|1235\n|player|p2|TrivagoGuy|ruinmaniac|1271\n|teamsize|p1|6\n|teamsize|p2|6\n|gen|8\n|tier|[Gen 8 BDSP] OU\n|rated|\n|rule|Sleep Clause Mod: Limit one foe put to sleep\n|rule|Species Clause: Limit one of each Pok\u00e9mon\n|rule|OHKO Clause: OHKO moves are banned\n|rule|Evasion Moves Clause: Evasion moves are banned\n|rule|Endless Battle Clause: Forcing endless battles is banned\n|rule|HP Percentage Mod: HP is shown in percentages\n|clearpoke\n|poke|p1|Garchomp, M|\n|poke|p1|Weavile, M|\n|poke|p1|Gliscor, M|\n|poke|p1|Infernape, M|\n|poke|p1|Clefable, F|\n|poke|p1|Magnezone|\n|poke|p2|Arcanine, M|\n|poke|p2|Abomasnow, F|\n|poke|p2|Aerodactyl, M|\n|poke|p2|Steelix, M|\n|poke|p2|Tyranitar, M|\n|poke|p2|Alakazam, M|\n|teampreview\n|\n|t:|1640493622\n|start\n|switch|p1a: Weavile|Weavile, M|100\/100\n|switch|p2a: Abomasnow|Abomasnow, F|100\/100\n|-weather|Hail|[from] ability: Snow Warning|[of] p2a: Abomasnow\n|turn|1\n|\n|t:|1640493628\n|switch|p2a: Arcanine|Arcanine, M|100\/100\n|-ability|p2a: Arcanine|Intimidate|boost\n|-unboost|p1a: Weavile|atk|1\n|move|p1a: Weavile|Swords Dance|p1a: Weavile\n|-boost|p1a: Weavile|atk|2\n|\n|-weather|Hail|[upkeep]\n|-damage|p2a: Arcanine|94\/100|[from] Hail\n|upkeep\n|turn|2\n|\n|t:|1640493634\n|move|p1a: Weavile|Throat Chop|p2a: Arcanine\n|-damage|p2a: Arcanine|0 fnt\n|faint|p2a: Arcanine\n|-damage|p1a: Weavile|91\/100|[from] item: Life Orb\n|\n|-weather|Hail|[upkeep]\n|upkeep\n|\n|t:|1640493641\n|switch|p2a: Alakazam|Alakazam, M|100\/100\n|turn|3\n|\n|t:|1640493648\n|switch|p1a: Clefable|Clefable, F|100\/100\n|move|p2a: Alakazam|Focus Blast|p1a: Clefable\n|-resisted|p1a: Clefable\n|-damage|p1a: Clefable|87\/100\n|\n|-weather|Hail|[upkeep]\n|-heal|p1a: Clefable|93\/100|[from] item: Leftovers\n|upkeep\n|turn|4\n|\n|t:|1640493654\n|move|p2a: Alakazam|Nasty Plot|p2a: Alakazam\n|-boost|p2a: Alakazam|spa|2\n|move|p1a: Clefable|Wish|p1a: Clefable\n|\n|-weather|Hail|[upkeep]\n|-heal|p1a: Clefable|99\/100|[from] item: Leftovers\n|upkeep\n|turn|5\n|\n|t:|1640493658\n|move|p2a: Alakazam|Nasty Plot|p2a: Alakazam\n|-boost|p2a: Alakazam|spa|2\n|move|p1a: Clefable|Moonblast|p2a: Alakazam\n|-damage|p2a: Alakazam|59\/100\n|\n|-weather|none\n|-heal|p1a: Clefable|100\/100|[from] move: Wish|[wisher] Clefable\n|upkeep\n|turn|6\n|\n|t:|1640493664\n|move|p2a: Alakazam|Psyshock|p1a: Clefable\n|-damage|p1a: Clefable|0 fnt\n|faint|p1a: Clefable\n|\n|upkeep\n|\n|t:|1640493666\n|switch|p1a: Weavile|Weavile, M|91\/100\n|turn|7\n|\n|t:|1640493671\n|move|p1a: Weavile|Throat Chop|p2a: Alakazam\n|-supereffective|p2a: Alakazam\n|-damage|p2a: Alakazam|0 fnt\n|faint|p2a: Alakazam\n|-damage|p1a: Weavile|81\/100|[from] item: Life Orb\n|\n|upkeep\n|\n|t:|1640493678\n|switch|p2a: Aerodactyl|Aerodactyl, M|100\/100\n|turn|8\n|\n|t:|1640493685\n|move|p1a: Weavile|Ice Shard|p2a: Aerodactyl\n|-supereffective|p2a: Aerodactyl\n|-crit|p2a: Aerodactyl\n|-damage|p2a: Aerodactyl|0 fnt\n|faint|p2a: Aerodactyl\n|-damage|p1a: Weavile|71\/100|[from] item: Life Orb\n|\n|upkeep\n|\n|t:|1640493688\n|switch|p2a: Steelix|Steelix, M|100\/100\n|turn|9\n|\n|t:|1640493692\n|move|p1a: Weavile|Icicle Crash|p2a: Steelix|[miss]\n|-miss|p1a: Weavile|p2a: Steelix\n|move|p2a: Steelix|Gyro Ball|p1a: Weavile\n|-supereffective|p1a: Weavile\n|-damage|p1a: Weavile|0 fnt\n|faint|p1a: Weavile\n|\n|upkeep\n|\n|t:|1640493699\n|switch|p1a: Gliscor|Gliscor, M, shiny|100\/100\n|turn|10\n|\n|t:|1640493702\n|move|p1a: Gliscor|Earthquake|p2a: Steelix\n|-supereffective|p2a: Steelix\n|-damage|p2a: Steelix|67\/100\n|move|p2a: Steelix|Curse|p2a: Steelix\n|-unboost|p2a: Steelix|spe|1\n|-boost|p2a: Steelix|atk|1\n|-boost|p2a: Steelix|def|1\n|\n|-heal|p2a: Steelix|73\/100|[from] item: Leftovers\n|-status|p1a: Gliscor|tox|[from] item: Toxic Orb\n|upkeep\n|turn|11\n|\n|t:|1640493707\n|switch|p1a: Garchomp|Garchomp, M, shiny|100\/100\n|move|p2a: Steelix|Curse|p2a: Steelix\n|-unboost|p2a: Steelix|spe|1\n|-boost|p2a: Steelix|atk|1\n|-boost|p2a: Steelix|def|1\n|\n|-heal|p2a: Steelix|79\/100|[from] item: Leftovers\n|upkeep\n|turn|12\n|\n|t:|1640493710\n|move|p1a: Garchomp|Swords Dance|p1a: Garchomp\n|-boost|p1a: Garchomp|atk|2\n|move|p2a: Steelix|Gyro Ball|p1a: Garchomp\n|-damage|p1a: Garchomp|0 fnt\n|-damage|p2a: Steelix|67\/100|[from] ability: Rough Skin|[of] p1a: Garchomp\n|faint|p1a: Garchomp\n|\n|-heal|p2a: Steelix|73\/100|[from] item: Leftovers\n|upkeep\n|\n|t:|1640493713\n|switch|p1a: Infernape|Infernape, M|100\/100\n|turn|13\n|\n|t:|1640493722\n|move|p1a: Infernape|Close Combat|p2a: Steelix\n|-supereffective|p2a: Steelix\n|-damage|p2a: Steelix|33\/100\n|-unboost|p1a: Infernape|def|1\n|-unboost|p1a: Infernape|spd|1\n|-damage|p1a: Infernape|91\/100|[from] item: Life Orb\n|move|p2a: Steelix|Earthquake|p1a: Infernape\n|-supereffective|p1a: Infernape\n|-damage|p1a: Infernape|0 fnt\n|faint|p1a: Infernape\n|\n|-heal|p2a: Steelix|39\/100|[from] item: Leftovers\n|upkeep\n|\n|t:|1640493726\n|switch|p1a: Magnezone|Magnezone, shiny|100\/100\n|turn|14\n|\n|t:|1640493736\n|move|p1a: Magnezone|Flash Cannon|p2a: Steelix\n|-resisted|p2a: Steelix\n|-damage|p2a: Steelix|12\/100\n|move|p2a: Steelix|Earthquake|p1a: Magnezone\n|-supereffective|p1a: Magnezone\n|-damage|p1a: Magnezone|0 fnt\n|faint|p1a: Magnezone\n|\n|-heal|p2a: Steelix|18\/100|[from] item: Leftovers\n|upkeep\n|\n|t:|1640493738\n|switch|p1a: Gliscor|Gliscor, M, shiny|100\/100 tox\n|turn|15\n|\n|t:|1640493746\n|move|p1a: Gliscor|Earthquake|p2a: Steelix\n|-supereffective|p2a: Steelix\n|-damage|p2a: Steelix|0 fnt\n|faint|p2a: Steelix\n|\n|upkeep\n|\n|t:|1640493749\n|switch|p2a: Abomasnow|Abomasnow, F|100\/100\n|-weather|Hail|[from] ability: Snow Warning|[of] p2a: Abomasnow\n|turn|16\n|\n|t:|1640493752\n|move|p2a: Abomasnow|Blizzard|p1a: Gliscor\n|-supereffective|p1a: Gliscor\n|-damage|p1a: Gliscor|0 fnt\n|faint|p1a: Gliscor\n|\n|win|TrivagoGuy\n|raw|Arcangel666's rating: 1235 &rarr; <strong>1213<\/strong><br \/>(-22 for losing)\n|raw|TrivagoGuy's rating: 1271 &rarr; <strong>1293<\/strong><br \/>(+22 for winning)\n|l|\u2606Arcangel666\n|c|\u2606TrivagoGuy|gg]\n","uploadtime":1640493761,"views":9,"p1id":"arcangel666","p2id":"trivagoguy","formatid":"gen8bdspou","rating":1213,"private":0,"password":null}