{"id":"gen8ou-1222848372","p1":"wsdfg","p2":"Whack Rapper","format":"gen8ou","log":"|j|\u2606wsdfg\n|j|\u2606Whack Rapper\n|t:|1605278744\n|player|p1|wsdfg|burglar|1786\n|player|p2|Whack Rapper|blackbelt-gen1|1791\n|teamsize|p1|6\n|teamsize|p2|6\n|gametype|singles\n|gen|8\n|tier|[Gen 8] OU\n|rated|\n|clearpoke\n|poke|p1|Kyurem-Black|\n|poke|p1|Zygarde|\n|poke|p1|Regieleki|\n|poke|p1|Urshifu-*, M|\n|poke|p1|Magearna|\n|poke|p1|Landorus-Therian, M|\n|poke|p2|Zygarde|\n|poke|p2|Kyurem-Black|\n|poke|p2|Magearna|\n|poke|p2|Heatran, F|\n|poke|p2|Melmetal|\n|poke|p2|Landorus-Therian, M|\n|rule|Sleep Clause Mod: Limit one foe put to sleep\n|rule|Species Clause: Limit one of each Pok\u00e9mon\n|rule|OHKO Clause: OHKO moves are banned\n|rule|Evasion Moves Clause: Evasion moves are banned\n|rule|Endless Battle Clause: Forcing endless battles is banned\n|rule|HP Percentage Mod: HP is shown in percentages\n|rule|Dynamax Clause: You cannot dynamax\n|teampreview\n|\n|t:|1605278787\n|start\n|switch|p1a: Landorus|Landorus-Therian, M|100\/100\n|switch|p2a: SHOFUdaBEATDOWN|Kyurem-Black|100\/100\n|-ability|p1a: Landorus|Intimidate|boost\n|-unboost|p2a: SHOFUdaBEATDOWN|atk|1\n|-ability|p2a: SHOFUdaBEATDOWN|Teravolt\n|turn|1\n|inactive|Battle timer is ON: inactive players will automatically lose when time's up. (requested by Whack Rapper)\n|\n|t:|1605278800\n|switch|p1a: Magearna|Magearna|100\/100\n|move|p2a: SHOFUdaBEATDOWN|Icicle Spear|p1a: Magearna\n|-resisted|p1a: Magearna\n|-damage|p1a: Magearna|96\/100\n|-resisted|p1a: Magearna\n|-damage|p1a: Magearna|91\/100\n|-hitcount|p1a: Magearna|2\n|\n|-heal|p1a: Magearna|97\/100|[from] item: Leftovers\n|upkeep\n|turn|2\n|\n|t:|1605278808\n|switch|p2a: Heatran|Heatran, F|100\/100\n|switch|p1a: Zygarde|Zygarde|100\/100\n|-ability|p1a: Zygarde|Aura Break\n|\n|upkeep\n|turn|3\n|j| Nathx33\n|\n|t:|1605278815\n|switch|p2a: Maki's Therian|Landorus-Therian, M|100\/100\n|-ability|p2a: Maki's Therian|Intimidate|boost\n|-unboost|p1a: Zygarde|atk|1\n|move|p1a: Zygarde|Thousand Arrows|p2a: Maki's Therian\n|-damage|p2a: Maki's Therian|64\/100\n|-start|p2a: Maki's Therian|Smack Down\n|\n|upkeep\n|turn|4\n|\n|t:|1605278822\n|switch|p1a: Landorus|Landorus-Therian, M|100\/100\n|-ability|p1a: Landorus|Intimidate|boost\n|-unboost|p2a: Maki's Therian|atk|1\n|move|p2a: Maki's Therian|U-turn|p1a: Landorus\n|-resisted|p1a: Landorus\n|-damage|p1a: Landorus|91\/100\n|j| I'M AT MY LIMIT!\n|\n|t:|1605278828\n|switch|p2a: Melmetal|Melmetal|100\/100|[from]move: U-turn\n|\n|upkeep\n|turn|5\n|j| si.tole\n|\n|t:|1605278839\n|move|p1a: Landorus|Stealth Rock|p2a: Melmetal\n|-sidestart|p2: Whack Rapper|move: Stealth Rock\n|move|p2a: Melmetal|Ice Punch|p1a: Landorus\n|-supereffective|p1a: Landorus\n|-damage|p1a: Landorus|0 fnt\n|faint|p1a: Landorus\n|\n|upkeep\n|\n|t:|1605278844\n|switch|p1a: Urshifu|Urshifu, M|100\/100\n|turn|6\n|\n|t:|1605278848\n|switch|p2a: Maki's Therian|Landorus-Therian, M|64\/100\n|-damage|p2a: Maki's Therian|52\/100|[from] Stealth Rock\n|-ability|p2a: Maki's Therian|Intimidate|boost\n|-unboost|p1a: Urshifu|atk|1\n|move|p1a: Urshifu|Bulk Up|p1a: Urshifu\n|-boost|p1a: Urshifu|atk|1\n|-boost|p1a: Urshifu|def|1\n|\n|upkeep\n|turn|7\n|\n|t:|1605278856\n|move|p2a: Maki's Therian|Earthquake|p1a: Urshifu\n|-damage|p1a: Urshifu|61\/100\n|move|p1a: Urshifu|Wicked Blow|p2a: Maki's Therian\n|-crit|p2a: Maki's Therian\n|-damage|p2a: Maki's Therian|0 fnt\n|faint|p2a: Maki's Therian\n|\n|upkeep\n|\n|t:|1605278861\n|switch|p2a: celle2p|Zygarde|100\/100\n|-damage|p2a: celle2p|94\/100|[from] Stealth Rock\n|-ability|p2a: celle2p|Aura Break\n|turn|8\n|\n|t:|1605278863\n|move|p1a: Urshifu|Wicked Blow|p2a: celle2p\n|-crit|p2a: celle2p\n|-damage|p2a: celle2p|44\/100\n|move|p2a: celle2p|Glare|p1a: Urshifu\n|-status|p1a: Urshifu|par\n|\n|-heal|p2a: celle2p|50\/100|[from] item: Leftovers\n|upkeep\n|turn|9\n|\n|t:|1605278868\n|move|p2a: celle2p|Thousand Arrows|p1a: Urshifu\n|-crit|p1a: Urshifu\n|-damage|p1a: Urshifu|15\/100 par\n|move|p1a: Urshifu|Wicked Blow|p2a: celle2p\n|-crit|p2a: celle2p\n|-damage|p2a: celle2p|0 fnt\n|faint|p2a: celle2p\n|\n|upkeep\n|\n|t:|1605278875\n|switch|p2a: Magearna|Magearna|100\/100\n|-damage|p2a: Magearna|95\/100|[from] Stealth Rock\n|turn|10\n|j| irgendwasmitmeeem\n|\n|t:|1605278878\n|switch|p1a: Magearna|Magearna|97\/100\n|move|p2a: Magearna|Flash Cannon|p1a: Magearna\n|-damage|p1a: Magearna|76\/100\n|\n|-heal|p2a: Magearna|100\/100|[from] item: Leftovers\n|-heal|p1a: Magearna|82\/100|[from] item: Leftovers\n|upkeep\n|turn|11\n|\n|t:|1605278882\n|switch|p2a: Heatran|Heatran, F|100\/100\n|-damage|p2a: Heatran|88\/100|[from] Stealth Rock\n|move|p1a: Magearna|Calm Mind|p1a: Magearna\n|-boost|p1a: Magearna|spa|1\n|-boost|p1a: Magearna|spd|1\n|\n|-heal|p2a: Heatran|94\/100|[from] item: Leftovers\n|-heal|p1a: Magearna|88\/100|[from] item: Leftovers\n|upkeep\n|turn|12\n|j| LuisZzzzz\n|j| 0wt0rez\n|j| Jfjdkgmsmf\n|\n|t:|1605278891\n|switch|p1a: Urshifu|Urshifu, M|15\/100 par\n|move|p2a: Heatran|Stealth Rock|p1a: Urshifu\n|-sidestart|p1: wsdfg|move: Stealth Rock\n|\n|-heal|p2a: Heatran|100\/100|[from] item: Leftovers\n|upkeep\n|turn|13\n|\n|t:|1605278895\n|move|p1a: Urshifu|Sucker Punch|p2a: Heatran\n|-damage|p2a: Heatran|62\/100\n|move|p2a: Heatran|Earth Power|p1a: Urshifu\n|-damage|p1a: Urshifu|0 fnt\n|faint|p1a: Urshifu\n|\n|-heal|p2a: Heatran|68\/100|[from] item: Leftovers\n|upkeep\n|\n|t:|1605278898\n|switch|p1a: Zygarde|Zygarde|100\/100\n|-damage|p1a: Zygarde|94\/100|[from] Stealth Rock\n|-ability|p1a: Zygarde|Aura Break\n|turn|14\n|j| yiyue\n|j| GGiodecaPRO\n|\n|t:|1605278909\n|move|p1a: Zygarde|Glare|p2a: Heatran\n|-status|p2a: Heatran|par\n|move|p2a: Heatran|Toxic|p1a: Zygarde\n|-status|p1a: Zygarde|tox\n|\n|-heal|p2a: Heatran|74\/100 par|[from] item: Leftovers\n|-damage|p1a: Zygarde|88\/100 tox|[from] psn\n|upkeep\n|turn|15\n|c| Jfjdkgmsmf|Lol both sides have magearna and zygarde, you guys must be pros xD\n|c|\u2606Whack Rapper|quiet noob\n|l| GGiodecaPRO\n|c| Jfjdkgmsmf|I never been so afraid of losing\n|j| pinbrain\n|inactive|Whack Rapper has 120 seconds left.\n|c|\u2606wsdfg|Uhh mag is def not the 2nd strongest mon in the game rn lol\n|l| I'M AT MY LIMIT!\n|c|\u2606wsdfg|kyu b hasnt been banned yet\n|\n|t:|1605278954\n|move|p1a: Zygarde|Thousand Arrows|p2a: Heatran\n|-supereffective|p2a: Heatran\n|-damage|p2a: Heatran|0 fnt\n|faint|p2a: Heatran\n|\n|-damage|p1a: Zygarde|76\/100 tox|[from] psn\n|upkeep\n|\n|t:|1605278957\n|switch|p2a: SHOFUdaBEATDOWN|Kyurem-Black|100\/100\n|-ability|p2a: SHOFUdaBEATDOWN|Teravolt\n|turn|16\n|\n|t:|1605278959\n|move|p1a: Zygarde|Glare|p2a: SHOFUdaBEATDOWN\n|-status|p2a: SHOFUdaBEATDOWN|par\n|move|p2a: SHOFUdaBEATDOWN|Icicle Spear|p1a: Zygarde\n|-supereffective|p1a: Zygarde\n|-damage|p1a: Zygarde|14\/100 tox\n|-supereffective|p1a: Zygarde\n|-damage|p1a: Zygarde|0 fnt\n|-hitcount|p1a: Zygarde|2\n|faint|p1a: Zygarde\n|\n|upkeep\n|\n|t:|1605278962\n|switch|p1a: Magearna|Magearna|88\/100\n|-damage|p1a: Magearna|82\/100|[from] Stealth Rock\n|turn|17\n|\n|t:|1605278965\n|switch|p2a: Melmetal|Melmetal|100\/100\n|-damage|p2a: Melmetal|94\/100|[from] Stealth Rock\n|move|p1a: Magearna|Iron Defense|p1a: Magearna\n|-boost|p1a: Magearna|def|2\n|\n|-heal|p1a: Magearna|88\/100|[from] item: Leftovers\n|upkeep\n|turn|18\n|\n|t:|1605278968\n|move|p1a: Magearna|Iron Defense|p1a: Magearna\n|-boost|p1a: Magearna|def|2\n|move|p2a: Melmetal|Double Iron Bash|p1a: Magearna\n|-damage|p1a: Magearna|79\/100\n|-damage|p1a: Magearna|68\/100\n|-hitcount|p1a: Magearna|2\n|\n|-heal|p1a: Magearna|74\/100|[from] item: Leftovers\n|upkeep\n|turn|19\n|\n|t:|1605278972\n|switch|p2a: Magearna|Magearna|100\/100\n|-damage|p2a: Magearna|95\/100|[from] Stealth Rock\n|move|p1a: Magearna|Calm Mind|p1a: Magearna\n|-boost|p1a: Magearna|spa|1\n|-boost|p1a: Magearna|spd|1\n|\n|-heal|p2a: Magearna|100\/100|[from] item: Leftovers\n|-heal|p1a: Magearna|80\/100|[from] item: Leftovers\n|upkeep\n|turn|20\n|\n|t:|1605278975\n|move|p2a: Magearna|Calm Mind|p2a: Magearna\n|-boost|p2a: Magearna|spa|1\n|-boost|p2a: Magearna|spd|1\n|move|p1a: Magearna|Calm Mind|p1a: Magearna\n|-boost|p1a: Magearna|spa|1\n|-boost|p1a: Magearna|spd|1\n|\n|-heal|p1a: Magearna|86\/100|[from] item: Leftovers\n|upkeep\n|turn|21\n|c| Jfjdkgmsmf|I don\u2019t think they needed to ban magearna, just stored power\n|\n|t:|1605278977\n|move|p2a: Magearna|Calm Mind|p2a: Magearna\n|-boost|p2a: Magearna|spa|1\n|-boost|p2a: Magearna|spd|1\n|move|p1a: Magearna|Calm Mind|p1a: Magearna\n|-boost|p1a: Magearna|spa|1\n|-boost|p1a: Magearna|spd|1\n|\n|-heal|p1a: Magearna|92\/100|[from] item: Leftovers\n|upkeep\n|turn|22\n|\n|t:|1605278979\n|move|p2a: Magearna|Calm Mind|p2a: Magearna\n|-boost|p2a: Magearna|spa|1\n|-boost|p2a: Magearna|spd|1\n|move|p1a: Magearna|Calm Mind|p1a: Magearna\n|-boost|p1a: Magearna|spa|1\n|-boost|p1a: Magearna|spd|1\n|\n|-heal|p1a: Magearna|98\/100|[from] item: Leftovers\n|upkeep\n|turn|23\n|\n|t:|1605278982\n|move|p2a: Magearna|Calm Mind|p2a: Magearna\n|-boost|p2a: Magearna|spa|1\n|-boost|p2a: Magearna|spd|1\n|move|p1a: Magearna|Calm Mind|p1a: Magearna\n|-boost|p1a: Magearna|spa|1\n|-boost|p1a: Magearna|spd|1\n|\n|-heal|p1a: Magearna|100\/100|[from] item: Leftovers\n|upkeep\n|turn|24\n|\n|t:|1605278984\n|move|p2a: Magearna|Calm Mind|p2a: Magearna\n|-boost|p2a: Magearna|spa|1\n|-boost|p2a: Magearna|spd|1\n|move|p1a: Magearna|Calm Mind|p1a: Magearna\n|-boost|p1a: Magearna|spa|1\n|-boost|p1a: Magearna|spd|1\n|\n|upkeep\n|turn|25\n|\n|t:|1605278986\n|move|p2a: Magearna|Calm Mind|p2a: Magearna\n|-boost|p2a: Magearna|spa|1\n|-boost|p2a: Magearna|spd|1\n|move|p1a: Magearna|Stored Power|p2a: Magearna\n|-resisted|p2a: Magearna\n|-damage|p2a: Magearna|59\/100\n|\n|-heal|p2a: Magearna|65\/100|[from] item: Leftovers\n|upkeep\n|turn|26\n|c| Jfjdkgmsmf|treat it like minimize, ban the move\n|\n|t:|1605278995\n|move|p2a: Magearna|Pain Split|p1a: Magearna\n|-sethp|p1a: Magearna|80\/100|[from] move: Pain Split|[silent]\n|-sethp|p2a: Magearna|87\/100|[from] move: Pain Split\n|move|p1a: Magearna|Stored Power|p2a: Magearna\n|-resisted|p2a: Magearna\n|-crit|p2a: Magearna\n|-damage|p2a: Magearna|0 fnt\n|faint|p2a: Magearna\n|\n|-heal|p1a: Magearna|86\/100|[from] item: Leftovers\n|upkeep\n|\n|t:|1605279006\n|switch|p2a: Melmetal|Melmetal|94\/100\n|-damage|p2a: Melmetal|88\/100|[from] Stealth Rock\n|turn|27\n|\n|t:|1605279009\n|move|p1a: Magearna|Stored Power|p2a: Melmetal\n|-resisted|p2a: Melmetal\n|-damage|p2a: Melmetal|0 fnt\n|faint|p2a: Melmetal\n|\n|-heal|p1a: Magearna|92\/100|[from] item: Leftovers\n|upkeep\n|-message|Whack Rapper forfeited.\n|\n|win|wsdfg\n|l|\u2606Whack Rapper\n|l|\u2606wsdfg\n|c| Jfjdkgmsmf|Lol\n|l| Jfjdkgmsmf\n||Ladder (probably) updated, but score could not be retrieved (Request timeout).\n|l| 0wt0rez\n|l| Nathx33\n|l| LuisZzzzz\n|j| LuisZzzzz\n|l| LuisZzzzz\n|l| si.tole\n|l| yiyue\n|j| iijk\n|l| pinbrain\n|l| iijk\n|j| Lena Nitro\n|l| Lena Nitro\n","uploadtime":1605280396,"views":45,"p1id":"wsdfg","p2id":"whackrapper","formatid":"gen8ou","rating":0,"private":0,"password":null}