{"id":"gen8ou-1574823986","p1":"SKIP THE DRIP","p2":"LT7P29 Allistair","format":"gen8ou","log":"|j|\u2606SKIP THE DRIP\n|j|\u2606LT7P29 Allistair\n|t:|1652551454\n|gametype|singles\n|player|p1|SKIP THE DRIP|acerola|1866\n|player|p2|LT7P29 Allistair|2|1890\n|teamsize|p1|6\n|teamsize|p2|6\n|gen|8\n|tier|[Gen 8] OU\n|rated|\n|rule|Sleep Clause Mod: Limit one foe put to sleep\n|rule|Species Clause: Limit one of each Pok\u00e9mon\n|rule|OHKO Clause: OHKO moves are banned\n|rule|Evasion Moves Clause: Evasion moves are banned\n|rule|Endless Battle Clause: Forcing endless battles is banned\n|rule|HP Percentage Mod: HP is shown in percentages\n|rule|Dynamax Clause: You cannot dynamax\n|clearpoke\n|poke|p1|Weavile, F|\n|poke|p1|Kartana|\n|poke|p1|Tapu Koko|\n|poke|p1|Landorus-Therian, M|\n|poke|p1|Slowbro, F|\n|poke|p1|Heatran, F|\n|poke|p2|Mew|\n|poke|p2|Slurpuff, M|\n|poke|p2|Vanilluxe, M|\n|poke|p2|Tapu Fini|\n|poke|p2|Dragapult, F|\n|poke|p2|Jirachi|\n|teampreview\n|c|\u2606SKIP THE DRIP|hf\n|j| Pangominho\n|inactive|Battle timer is ON: inactive players will automatically lose when time's up. (requested by SKIP THE DRIP)\n|c|\u2606LT7P29 Allistair|hey man\n|\n|t:|1652551509\n|start\n|switch|p1a: Landorus|Landorus-Therian, M, shiny|100\/100\n|switch|p2a: Slurpuff|Slurpuff, M|100\/100\n|-ability|p1a: Landorus|Intimidate|boost\n|-unboost|p2a: Slurpuff|atk|1\n|turn|1\n|c|\u2606LT7P29 Allistair|haven't seen you for a while\n|c|\u2606SKIP THE DRIP|ye\n|\n|t:|1652551519\n|move|p1a: Landorus|Earthquake|p2a: Slurpuff\n|-damage|p2a: Slurpuff|55\/100\n|move|p2a: Slurpuff|Sticky Web|p1a: Landorus\n|-sidestart|p1: SKIP THE DRIP|move: Sticky Web\n|\n|upkeep\n|turn|2\n|\n|t:|1652551529\n|move|p1a: Landorus|Defog|p2a: Slurpuff\n|-unboost|p2a: Slurpuff|evasion|1\n|-sideend|p1: SKIP THE DRIP|Sticky Web|[from] move: Defog|[of] p1a: Landorus\n|move|p2a: Slurpuff|Yawn|p1a: Landorus\n|-start|p1a: Landorus|move: Yawn|[of] p2a: Slurpuff\n|\n|upkeep\n|turn|3\n|\n|t:|1652551533\n|move|p1a: Landorus|U-turn|p2a: Slurpuff\n|-resisted|p2a: Slurpuff\n|-damage|p2a: Slurpuff|44\/100\n|\n|t:|1652551535\n|switch|p1a: Kartana|Kartana, shiny|100\/100|[from]move: U-turn\n|move|p2a: Slurpuff|Sticky Web|p1a: Kartana\n|-sidestart|p1: SKIP THE DRIP|move: Sticky Web\n|\n|upkeep\n|turn|4\n|\n|t:|1652551548\n|switch|p2a: Dragapult|Dragapult, F|100\/100\n|move|p1a: Kartana|Leaf Blade|p2a: Dragapult\n|-resisted|p2a: Dragapult\n|-damage|p2a: Dragapult|37\/100\n|\n|upkeep\n|turn|5\n|\n|t:|1652551554\n|switch|p1a: Landorus|Landorus-Therian, M, shiny|100\/100\n|-ability|p1a: Landorus|Intimidate|boost\n|-fail|p2a: Dragapult|unboost|[from] ability: Clear Body|[of] p2a: Dragapult\n|move|p2a: Dragapult|Will-O-Wisp|p1a: Landorus\n|-status|p1a: Landorus|brn\n|\n|-damage|p1a: Landorus|94\/100 brn|[from] brn\n|upkeep\n|turn|6\n|j| idgasab\n|\n|t:|1652551568\n|switch|p2a: Slurpuff|Slurpuff, M|44\/100\n|move|p1a: Landorus|Defog|p2a: Slurpuff\n|-unboost|p2a: Slurpuff|evasion|1\n|-sideend|p1: SKIP THE DRIP|Sticky Web|[from] move: Defog|[of] p1a: Landorus\n|\n|-heal|p1a: Landorus|100\/100 brn|[from] item: Leftovers\n|-damage|p1a: Landorus|94\/100 brn|[from] brn\n|upkeep\n|turn|7\n|\n|t:|1652551573\n|move|p1a: Landorus|Toxic|p2a: Slurpuff\n|-status|p2a: Slurpuff|tox\n|move|p2a: Slurpuff|Sticky Web|p1a: Landorus\n|-sidestart|p1: SKIP THE DRIP|move: Sticky Web\n|\n|-heal|p1a: Landorus|100\/100 brn|[from] item: Leftovers\n|-damage|p2a: Slurpuff|38\/100 tox|[from] psn\n|-damage|p1a: Landorus|94\/100 brn|[from] brn\n|upkeep\n|turn|8\n|\n|t:|1652551581\n|move|p1a: Landorus|Defog|p2a: Slurpuff\n|-unboost|p2a: Slurpuff|evasion|1\n|-sideend|p1: SKIP THE DRIP|Sticky Web|[from] move: Defog|[of] p1a: Landorus\n|move|p2a: Slurpuff|Sticky Web|p1a: Landorus\n|-sidestart|p1: SKIP THE DRIP|move: Sticky Web\n|\n|-heal|p1a: Landorus|100\/100 brn|[from] item: Leftovers\n|-damage|p2a: Slurpuff|25\/100 tox|[from] psn\n|-damage|p1a: Landorus|94\/100 brn|[from] brn\n|upkeep\n|turn|9\n|\n|t:|1652551584\n|move|p1a: Landorus|Defog|p2a: Slurpuff\n|-unboost|p2a: Slurpuff|evasion|1\n|-sideend|p1: SKIP THE DRIP|Sticky Web|[from] move: Defog|[of] p1a: Landorus\n|move|p2a: Slurpuff|Sticky Web|p1a: Landorus\n|-sidestart|p1: SKIP THE DRIP|move: Sticky Web\n|\n|-heal|p1a: Landorus|100\/100 brn|[from] item: Leftovers\n|-damage|p2a: Slurpuff|7\/100 tox|[from] psn\n|-damage|p1a: Landorus|94\/100 brn|[from] brn\n|upkeep\n|turn|10\n|\n|t:|1652551591\n|move|p1a: Landorus|Earthquake|p2a: Slurpuff\n|-damage|p2a: Slurpuff|0 fnt\n|faint|p2a: Slurpuff\n|\n|-heal|p1a: Landorus|100\/100 brn|[from] item: Leftovers\n|-damage|p1a: Landorus|94\/100 brn|[from] brn\n|upkeep\n|\n|t:|1652551594\n|switch|p2a: Vanilluxe|Vanilluxe, M|100\/100\n|-weather|Hail|[from] ability: Snow Warning|[of] p2a: Vanilluxe\n|turn|11\n|\n|t:|1652551598\n|move|p1a: Landorus|Defog|p2a: Vanilluxe\n|-unboost|p2a: Vanilluxe|evasion|1\n|-sideend|p1: SKIP THE DRIP|Sticky Web|[from] move: Defog|[of] p1a: Landorus\n|move|p2a: Vanilluxe|Taunt|p1a: Landorus\n|-start|p1a: Landorus|move: Taunt\n|\n|-weather|Hail|[upkeep]\n|-damage|p1a: Landorus|88\/100 brn|[from] Hail\n|-heal|p1a: Landorus|94\/100 brn|[from] item: Leftovers\n|-damage|p1a: Landorus|88\/100 brn|[from] brn\n|upkeep\n|turn|12\n|c|\u2606LT7P29 Allistair|haha\n|c|\u2606LT7P29 Allistair|okay xD\n|c|\u2606SKIP THE DRIP|xD\n|\n|t:|1652551610\n|move|p1a: Landorus|U-turn|p2a: Vanilluxe\n|-damage|p2a: Vanilluxe|86\/100\n|\n|t:|1652551613\n|switch|p1a: Heatran|Heatran, F, shiny|100\/100|[from]move: U-turn\n|move|p2a: Vanilluxe|Aurora Veil|p2a: Vanilluxe\n|-sidestart|p2: LT7P29 Allistair|move: Aurora Veil\n|\n|-weather|Hail|[upkeep]\n|-damage|p1a: Heatran|94\/100|[from] Hail\n|-heal|p1a: Heatran|100\/100|[from] item: Leftovers\n|upkeep\n|turn|13\n|\n|t:|1652551623\n|switch|p1a: Landorus|Landorus-Therian, M, shiny|88\/100 brn\n|-ability|p1a: Landorus|Intimidate|boost\n|-unboost|p2a: Vanilluxe|atk|1\n|move|p2a: Vanilluxe|Taunt|p1a: Landorus\n|-start|p1a: Landorus|move: Taunt\n|\n|-weather|Hail|[upkeep]\n|-damage|p1a: Landorus|82\/100 brn|[from] Hail\n|-heal|p1a: Landorus|88\/100 brn|[from] item: Leftovers\n|-damage|p1a: Landorus|82\/100 brn|[from] brn\n|upkeep\n|turn|14\n|\n|t:|1652551626\n|move|p1a: Landorus|U-turn|p2a: Vanilluxe\n|-damage|p2a: Vanilluxe|78\/100\n|\n|t:|1652551632\n|switch|p1a: Heatran|Heatran, F, shiny|100\/100|[from]move: U-turn\n|move|p2a: Vanilluxe|Explosion|p1a: Heatran\n|-resisted|p1a: Heatran\n|-damage|p1a: Heatran|79\/100\n|faint|p2a: Vanilluxe\n|\n|-weather|Hail|[upkeep]\n|-damage|p1a: Heatran|73\/100|[from] Hail\n|-heal|p1a: Heatran|79\/100|[from] item: Leftovers\n|upkeep\n|\n|t:|1652551636\n|switch|p2a: Jirachi|Jirachi|100\/100\n|turn|15\n|\n|t:|1652551638\n|move|p2a: Jirachi|Cosmic Power|p2a: Jirachi\n|-boost|p2a: Jirachi|def|1\n|-boost|p2a: Jirachi|spd|1\n|move|p1a: Heatran|Taunt|p2a: Jirachi\n|-start|p2a: Jirachi|move: Taunt\n|\n|-weather|none\n|-heal|p1a: Heatran|85\/100|[from] item: Leftovers\n|upkeep\n|turn|16\n|\n|t:|1652551646\n|switch|p1a: Tapu Koko|Tapu Koko, shiny|100\/100\n|-fieldstart|move: Electric Terrain|[from] ability: Electric Surge|[of] p1a: Tapu Koko\n|move|p2a: Jirachi|Aura Sphere|p1a: Tapu Koko\n|-resisted|p1a: Tapu Koko\n|-damage|p1a: Tapu Koko|84\/100\n|\n|upkeep\n|turn|17\n|\n|t:|1652551649\n|move|p1a: Tapu Koko|Nature's Madness|p2a: Jirachi\n|-damage|p2a: Jirachi|51\/100\n|move|p2a: Jirachi|Stored Power|p1a: Tapu Koko\n|-damage|p1a: Tapu Koko|46\/100\n|\n|upkeep\n|turn|18\n|\n|t:|1652551653\n|move|p1a: Tapu Koko|Volt Switch|p2a: Jirachi\n|-damage|p2a: Jirachi|39\/100\n|\n|t:|1652551658\n|switch|p1a: Heatran|Heatran, F, shiny|85\/100|[from]move: Volt Switch\n|move|p2a: Jirachi|Stored Power|p1a: Heatran\n|-resisted|p1a: Heatran\n|-damage|p1a: Heatran|79\/100\n|\n|-heal|p1a: Heatran|85\/100|[from] item: Leftovers\n|-end|p2a: Jirachi|move: Taunt\n|upkeep\n|turn|19\n|j| Fhfufufhv\n|\n|t:|1652551664\n|move|p2a: Jirachi|Wish|p2a: Jirachi\n|move|p1a: Heatran|Taunt|p2a: Jirachi\n|-start|p2a: Jirachi|move: Taunt\n|\n|-heal|p1a: Heatran|91\/100|[from] item: Leftovers\n|-sideend|p2: LT7P29 Allistair|move: Aurora Veil\n|upkeep\n|turn|20\n|\n|t:|1652551671\n|switch|p1a: Slowbro|Slowbro, F, shiny|100\/100\n|move|p2a: Jirachi|Aura Sphere|p1a: Slowbro\n|-resisted|p1a: Slowbro\n|-damage|p1a: Slowbro|91\/100\n|\n|-heal|p2a: Jirachi|88\/100|[from] move: Wish|[wisher] Jirachi\n|-fieldend|move: Electric Terrain\n|upkeep\n|turn|21\n|j|+MrMagicbuzz\n|\n|t:|1652551679\n|move|p2a: Jirachi|Aura Sphere|p1a: Slowbro\n|-resisted|p1a: Slowbro\n|-damage|p1a: Slowbro|81\/100\n|move|p1a: Slowbro|Teleport|p1a: Slowbro\n|\n|t:|1652551684\n|switch|p1a: Tapu Koko|Tapu Koko, shiny|46\/100|[from]move: Teleport\n|-fieldstart|move: Electric Terrain|[from] ability: Electric Surge|[of] p1a: Tapu Koko\n|\n|upkeep\n|turn|22\n|\n|t:|1652551689\n|move|p1a: Tapu Koko|Volt Switch|p2a: Jirachi\n|-damage|p2a: Jirachi|61\/100\n|\n|t:|1652551691\n|switch|p1a: Weavile|Weavile, F, shiny|100\/100|[from]move: Volt Switch\n|-ability|p1a: Weavile|Pressure\n|move|p2a: Jirachi|Stored Power|p1a: Weavile\n|-immune|p1a: Weavile\n|\n|-end|p2a: Jirachi|move: Taunt\n|upkeep\n|turn|23\n|\n|t:|1652551700\n|switch|p1a: Heatran|Heatran, F, shiny|91\/100\n|move|p2a: Jirachi|Aura Sphere|p1a: Heatran\n|-supereffective|p1a: Heatran\n|-damage|p1a: Heatran|65\/100\n|\n|-heal|p1a: Heatran|71\/100|[from] item: Leftovers\n|upkeep\n|turn|24\n|\n|t:|1652551707\n|move|p2a: Jirachi|Cosmic Power|p2a: Jirachi\n|-boost|p2a: Jirachi|def|1\n|-boost|p2a: Jirachi|spd|1\n|move|p1a: Heatran|Taunt|p2a: Jirachi\n|-start|p2a: Jirachi|move: Taunt\n|\n|-heal|p1a: Heatran|77\/100|[from] item: Leftovers\n|upkeep\n|turn|25\n|\n|t:|1652551715\n|switch|p1a: Tapu Koko|Tapu Koko, shiny|46\/100\n|move|p2a: Jirachi|Aura Sphere|p1a: Tapu Koko\n|-resisted|p1a: Tapu Koko\n|-damage|p1a: Tapu Koko|30\/100\n|\n|-fieldend|move: Electric Terrain\n|upkeep\n|turn|26\n|\n|t:|1652551718\n|move|p1a: Tapu Koko|Nature's Madness|p2a: Jirachi\n|-damage|p2a: Jirachi|31\/100\n|move|p2a: Jirachi|Stored Power|p1a: Tapu Koko\n|-damage|p1a: Tapu Koko|0 fnt\n|faint|p1a: Tapu Koko\n|\n|upkeep\n|\n|t:|1652551720\n|switch|p1a: Kartana|Kartana, shiny|100\/100\n|turn|27\n|j| CALL THE CREW\n|\n|t:|1652551728\n|move|p1a: Kartana|Knock Off|p2a: Jirachi\n|-supereffective|p2a: Jirachi\n|-damage|p2a: Jirachi|0 fnt\n|-enditem|p2a: Jirachi|Weakness Policy|[from] move: Knock Off|[of] p1a: Kartana\n|faint|p2a: Jirachi\n|-ability|p1a: Kartana|Beast Boost|boost\n|-boost|p1a: Kartana|atk|1\n|\n|upkeep\n|\n|t:|1652551731\n|switch|p2a: Tapu Fini|Tapu Fini|100\/100\n|-fieldstart|move: Misty Terrain|[from] ability: Misty Surge|[of] p2a: Tapu Fini\n|turn|28\n|\n|t:|1652551736\n|switch|p1a: Landorus|Landorus-Therian, M, shiny|82\/100 brn\n|-ability|p1a: Landorus|Intimidate|boost\n|-unboost|p2a: Tapu Fini|atk|1\n|move|p2a: Tapu Fini|Calm Mind|p2a: Tapu Fini\n|-boost|p2a: Tapu Fini|spa|1\n|-boost|p2a: Tapu Fini|spd|1\n|\n|-heal|p1a: Landorus|88\/100 brn|[from] item: Leftovers\n|-damage|p1a: Landorus|82\/100 brn|[from] brn\n|upkeep\n|turn|29\n|\n|t:|1652551741\n|move|p1a: Landorus|Defog|p2a: Tapu Fini\n|-unboost|p2a: Tapu Fini|evasion|1\n|-fieldend|Misty Terrain\n|move|p2a: Tapu Fini|Surf|p1a: Landorus\n|-supereffective|p1a: Landorus\n|-damage|p1a: Landorus|0 fnt\n|faint|p1a: Landorus\n|\n|upkeep\n|\n|t:|1652551743\n|switch|p1a: Kartana|Kartana, shiny|100\/100\n|turn|30\n|\n|t:|1652551751\n|switch|p2a: Mew|Mew|100\/100\n|move|p1a: Kartana|Leaf Blade|p2a: Mew\n|-damage|p2a: Mew|21\/100\n|\n|upkeep\n|turn|31\n|inactive|LT7P29 Allistair has 120 seconds left.\n|c|\u2606SKIP THE DRIP|LT7P29 Allistair\n|c|\u2606SKIP THE DRIP|have u tried\n|c|\u2606SKIP THE DRIP|drain punch\n|c|\u2606SKIP THE DRIP|on that rachi\n|inactive|LT7P29 Allistair has 90 seconds left.\n|c|\u2606LT7P29 Allistair|i did !\n|c|\u2606LT7P29 Allistair|genius idea though\n|\n|t:|1652551825\n|move|p1a: Kartana|Leaf Blade|p2a: Mew\n|-damage|p2a: Mew|0 fnt\n|faint|p2a: Mew\n|-ability|p1a: Kartana|Beast Boost|boost\n|-boost|p1a: Kartana|atk|1\n|\n|upkeep\n|\n|t:|1652551827\n|switch|p2a: Dragapult|Dragapult, F|37\/100\n|turn|32\n|\n|t:|1652551835\n|switch|p1a: Heatran|Heatran, F, shiny|77\/100\n|move|p2a: Dragapult|Will-O-Wisp|p1a: Heatran\n|-start|p1a: Heatran|ability: Flash Fire\n|\n|-heal|p1a: Heatran|83\/100|[from] item: Leftovers\n|upkeep\n|turn|33\n|\n|t:|1652551844\n|move|p2a: Dragapult|Dragon Dance|p2a: Dragapult\n|-boost|p2a: Dragapult|atk|1\n|-boost|p2a: Dragapult|spe|1\n|move|p1a: Heatran|Magma Storm|p2a: Dragapult\n|-resisted|p2a: Dragapult\n|-damage|p2a: Dragapult|0 fnt\n|faint|p2a: Dragapult\n|\n|-heal|p1a: Heatran|90\/100|[from] item: Leftovers\n|upkeep\n|c|\u2606LT7P29 Allistair|lol complete missread\n|c|\u2606LT7P29 Allistair|i thought karta is scarf the while time\n|inactive|LT7P29 Allistair has 90 seconds left.\n|j| Mos D.\n|c|\u2606LT7P29 Allistair|but it is band\n|c|\u2606SKIP THE DRIP|ye\n|\n|t:|1652551868\n|switch|p2a: Tapu Fini|Tapu Fini|100\/100\n|-fieldstart|move: Misty Terrain|[from] ability: Misty Surge|[of] p2a: Tapu Fini\n|turn|34\n|c|\u2606SKIP THE DRIP|hard to tell\n|inactive|LT7P29 Allistair has 90 seconds left.\n|c|\u2606SKIP THE DRIP|my version\n|c|\u2606LT7P29 Allistair|no the way you played it suggested scarf\n|\n|t:|1652551890\n|move|p2a: Tapu Fini|Calm Mind|p2a: Tapu Fini\n|-boost|p2a: Tapu Fini|spa|1\n|-boost|p2a: Tapu Fini|spd|1\n|move|p1a: Heatran|Magma Storm|p2a: Tapu Fini\n|-resisted|p2a: Tapu Fini\n|-damage|p2a: Tapu Fini|79\/100\n|-activate|p2a: Tapu Fini|move: Magma Storm|[of] p1a: Heatran\n|\n|-heal|p1a: Heatran|96\/100|[from] item: Leftovers\n|-damage|p2a: Tapu Fini|66\/100|[from] move: Magma Storm|[partiallytrapped]\n|upkeep\n|turn|35\n|c|\u2606SKIP THE DRIP|has drain punch rachi\n|c|\u2606SKIP THE DRIP|and corv\n|c|\u2606SKIP THE DRIP|also i played it like band\n|c|\u2606SKIP THE DRIP|lo\n|\n|t:|1652551909\n|move|p2a: Tapu Fini|Surf|p1a: Heatran\n|-supereffective|p1a: Heatran\n|-damage|p1a: Heatran|26\/100\n|move|p1a: Heatran|Earth Power|p2a: Tapu Fini\n|-damage|p2a: Tapu Fini|49\/100\n|\n|-heal|p1a: Heatran|32\/100|[from] item: Leftovers\n|-damage|p2a: Tapu Fini|36\/100|[from] move: Magma Storm|[partiallytrapped]\n|upkeep\n|turn|36\n|inactive|LT7P29 Allistair has 90 seconds left.\n|c|\u2606LT7P29 Allistair|idk i felt drain punch wasn't too effective\n|c|\u2606LT7P29 Allistair|i couldn't get hp back vs some checks\n|inactive|LT7P29 Allistair has 60 seconds left.\n|c|\u2606SKIP THE DRIP|ye\n|c|\u2606LT7P29 Allistair|actually now that i think about it though\n|c|\u2606SKIP THE DRIP|it's bad vs\n|c|\u2606SKIP THE DRIP|alot of matchups\n|c|\u2606LT7P29 Allistair|idk Xd\n|inactive|LT7P29 Allistair has 30 seconds left.\n|c|\u2606SKIP THE DRIP|but vs the tran matchup\n|c|\u2606SKIP THE DRIP|it's 6-0\n|c|\u2606LT7P29 Allistair|what about the cov ?\n|inactive|LT7P29 Allistair has 20 seconds left.\n|c|\u2606SKIP THE DRIP|corv\n|inactive|LT7P29 Allistair has 15 seconds left.\n|c|\u2606LT7P29 Allistair|i am curious\n|c|\u2606SKIP THE DRIP|is insnae\n|l| Pangominho\n|c|\u2606SKIP THE DRIP|un screens\n|inactive|LT7P29 Allistair has 10 seconds left.\n|c|\u2606SKIP THE DRIP|and webs\n|c|\u2606LT7P29 Allistair|all my tries failed\n|inactive|LT7P29 Allistair has 5 seconds left.\n|-message|LT7P29 Allistair lost due to inactivity.\n|\n|win|SKIP THE DRIP\n|raw|SKIP THE DRIP's rating: 1866 &rarr; <strong>1887<\/strong><br \/>(+21 for winning)\n|raw|LT7P29 Allistair's rating: 1890 &rarr; <strong>1869<\/strong><br \/>(-21 for losing)\n|c|\u2606LT7P29 Allistair|what did you use ?\n|c|\u2606SKIP THE DRIP|i used power trip bb\n|c|\u2606SKIP THE DRIP|and power trip roost\n|c|\u2606SKIP THE DRIP|roost is better\n|c|\u2606SKIP THE DRIP|lemme show u wat i got rn\n|c|\u2606LT7P29 Allistair|sure\n|l|+MrMagicbuzz\n||Ladder isn't responding, score probably updated but might not have (Request timeout).\n|c|\u2606LT7P29 Allistair|i tried it a lot\n|c|\u2606LT7P29 Allistair|but never did anything\n|l| Mos D.\n|l| Fhfufufhv\n","uploadtime":1652552150,"views":22,"p1id":"skipthedrip","p2id":"lt7p29allistair","formatid":"gen8ou","rating":1869,"private":0,"password":null}