{"id":"gen8ou-1653454052","p1":"rooopos","p2":"Nico4437","format":"gen8ou","log":"|j|\u2606rooopos\n|j|\u2606Nico4437\n|t:|1662035055\n|gametype|singles\n|player|p1|rooopos|265|1526\n|player|p2|Nico4437|teamrocket|1556\n|teamsize|p1|6\n|teamsize|p2|6\n|gen|8\n|tier|[Gen 8] OU\n|rated|\n|rule|Sleep Clause Mod: Limit one foe put to sleep\n|rule|Species Clause: Limit one of each Pok\u00e9mon\n|rule|OHKO Clause: OHKO moves are banned\n|rule|Evasion Items Clause: Evasion items are banned\n|rule|Evasion Moves Clause: Evasion moves are banned\n|rule|Endless Battle Clause: Forcing endless battles is banned\n|rule|HP Percentage Mod: HP is shown in percentages\n|rule|Dynamax Clause: You cannot dynamax\n|clearpoke\n|poke|p1|Dragapult, F|\n|poke|p1|Zapdos|\n|poke|p1|Nihilego|\n|poke|p1|Ferrothorn, M|\n|poke|p1|Landorus-Therian, M|\n|poke|p1|Crawdaunt, F|\n|poke|p2|Terrakion|\n|poke|p2|Kartana|\n|poke|p2|Dragonite, M|\n|poke|p2|Cloyster, F|\n|poke|p2|Moltres-Galar|\n|poke|p2|Celesteela|\n|teampreview\n|\n|t:|1662035071\n|start\n|switch|p1a: Dragapult|Dragapult, F|100\/100\n|switch|p2a: Terrakion|Terrakion|100\/100\n|turn|1\n|\n|t:|1662035130\n|move|p1a: Dragapult|U-turn|p2a: Terrakion\n|-resisted|p2a: Terrakion\n|-damage|p2a: Terrakion|91\/100\n|\n|t:|1662035135\n|switch|p1a: Ferrothorn|Ferrothorn, M|100\/100|[from]move: U-turn\n|move|p2a: Terrakion|Stealth Rock|p1a: Ferrothorn\n|-sidestart|p1: rooopos|move: Stealth Rock\n|\n|upkeep\n|turn|2\n|\n|t:|1662035141\n|switch|p1a: Landorus|Landorus-Therian, M|100\/100\n|-damage|p1a: Landorus|88\/100|[from] Stealth Rock\n|-ability|p1a: Landorus|Intimidate|boost\n|-unboost|p2a: Terrakion|atk|1\n|move|p2a: Terrakion|Taunt|p1a: Landorus\n|-start|p1a: Landorus|move: Taunt\n|\n|-heal|p1a: Landorus|94\/100|[from] item: Leftovers\n|upkeep\n|turn|3\n|\n|t:|1662035145\n|move|p2a: Terrakion|Stone Edge|p1a: Landorus\n|-damage|p1a: Landorus|63\/100\n|move|p1a: Landorus|Earthquake|p2a: Terrakion\n|-supereffective|p2a: Terrakion\n|-damage|p2a: Terrakion|0 fnt\n|faint|p2a: Terrakion\n|\n|-heal|p1a: Landorus|69\/100|[from] item: Leftovers\n|upkeep\n|\n|t:|1662035156\n|switch|p2a: Cloyster|Cloyster, F|100\/100\n|turn|4\n|\n|t:|1662035161\n|switch|p1a: Ferrothorn|Ferrothorn, M|100\/100\n|-damage|p1a: Ferrothorn|94\/100|[from] Stealth Rock\n|move|p2a: Cloyster|Shell Smash|p2a: Cloyster\n|-unboost|p2a: Cloyster|def|1\n|-unboost|p2a: Cloyster|spd|1\n|-boost|p2a: Cloyster|atk|2\n|-boost|p2a: Cloyster|spa|2\n|-boost|p2a: Cloyster|spe|2\n|\n|-heal|p1a: Ferrothorn|100\/100|[from] item: Leftovers\n|upkeep\n|turn|5\n|\n|t:|1662035167\n|move|p2a: Cloyster|Icicle Spear|p1a: Ferrothorn\n|-damage|p1a: Ferrothorn|88\/100\n|-damage|p1a: Ferrothorn|76\/100\n|-damage|p1a: Ferrothorn|63\/100\n|-damage|p1a: Ferrothorn|51\/100\n|-damage|p1a: Ferrothorn|37\/100\n|-hitcount|p1a: Ferrothorn|5\n|move|p1a: Ferrothorn|Gyro Ball|p2a: Cloyster\n|-damage|p2a: Cloyster|38\/100\n|\n|-heal|p1a: Ferrothorn|44\/100|[from] item: Leftovers\n|upkeep\n|turn|6\n|\n|t:|1662035174\n|move|p2a: Cloyster|Icicle Spear|p1a: Ferrothorn\n|-damage|p1a: Ferrothorn|31\/100\n|-damage|p1a: Ferrothorn|19\/100\n|-damage|p1a: Ferrothorn|8\/100\n|-damage|p1a: Ferrothorn|0 fnt\n|faint|p1a: Ferrothorn\n|-hitcount|p1: Ferrothorn|4\n|\n|upkeep\n|\n|t:|1662035186\n|switch|p1a: Crawdaunt|Crawdaunt, F|100\/100\n|-damage|p1a: Crawdaunt|88\/100|[from] Stealth Rock\n|turn|7\n|\n|t:|1662035190\n|move|p1a: Crawdaunt|Aqua Jet|p2a: Cloyster\n|-resisted|p2a: Cloyster\n|-damage|p2a: Cloyster|11\/100\n|move|p2a: Cloyster|Rock Blast|p1a: Crawdaunt\n|-damage|p1a: Crawdaunt|68\/100\n|-damage|p1a: Crawdaunt|48\/100\n|-damage|p1a: Crawdaunt|26\/100\n|-damage|p1a: Crawdaunt|7\/100\n|-damage|p1a: Crawdaunt|0 fnt\n|faint|p1a: Crawdaunt\n|-hitcount|p1: Crawdaunt|5\n|\n|upkeep\n|\n|t:|1662035197\n|switch|p1a: Nihilego|Nihilego|100\/100\n|-damage|p1a: Nihilego|88\/100|[from] Stealth Rock\n|turn|8\n|\n|t:|1662035202\n|move|p2a: Cloyster|Liquidation|p1a: Nihilego\n|-supereffective|p1a: Nihilego\n|-damage|p1a: Nihilego|0 fnt\n|faint|p1a: Nihilego\n|\n|upkeep\n|\n|t:|1662035206\n|switch|p1a: Zapdos|Zapdos|100\/100\n|turn|9\n|\n|t:|1662035208\n|move|p2a: Cloyster|Icicle Spear|p1a: Zapdos\n|-supereffective|p1a: Zapdos\n|-damage|p1a: Zapdos|46\/100\n|-supereffective|p1a: Zapdos\n|-damage|p1a: Zapdos|0 fnt\n|faint|p1a: Zapdos\n|-hitcount|p1: Zapdos|2\n|\n|upkeep\n|\n|t:|1662035210\n|switch|p1a: Dragapult|Dragapult, F|100\/100\n|-damage|p1a: Dragapult|88\/100|[from] Stealth Rock\n|turn|10\n|\n|t:|1662035212\n|move|p2a: Cloyster|Icicle Spear|p1a: Dragapult\n|-supereffective|p1a: Dragapult\n|-damage|p1a: Dragapult|30\/100\n|-supereffective|p1a: Dragapult\n|-damage|p1a: Dragapult|0 fnt\n|faint|p1a: Dragapult\n|-hitcount|p1: Dragapult|2\n|\n|upkeep\n|\n|t:|1662035214\n|switch|p1a: Landorus|Landorus-Therian, M|69\/100\n|-damage|p1a: Landorus|57\/100|[from] Stealth Rock\n|-ability|p1a: Landorus|Intimidate|boost\n|-unboost|p2a: Cloyster|atk|1\n|turn|11\n|\n|t:|1662035216\n|move|p2a: Cloyster|Icicle Spear|p1a: Landorus\n|-supereffective|p1a: Landorus\n|-damage|p1a: Landorus|0 fnt\n|faint|p1a: Landorus\n|-hitcount|p1: Landorus|1\n|\n|win|Nico4437\n|raw|rooopos's rating: 1526 &rarr; <strong>1508<\/strong><br \/>(-18 for losing)\n|raw|Nico4437's rating: 1556 &rarr; <strong>1574<\/strong><br \/>(+18 for winning)\n|l|\u2606Nico4437\n","uploadtime":1662035219,"views":26,"p1id":"rooopos","p2id":"nico4437","formatid":"gen8ou","rating":1508,"private":0,"password":null}