{"id":"gen8vgc2020-1190145524","p1":"testing87654321","p2":"bhkg","format":"gen8vgc2020","log":"|j|\u2606testing87654321\n|j|\u2606bhkg\n|t:|1600614544\n|player|p1|testing87654321|170|1673\n|player|p2|bhkg|1|1541\n|teamsize|p1|4\n|teamsize|p2|6\n|gametype|doubles\n|gen|8\n|tier|[Gen 8] VGC 2020\n|rated|\n|clearpoke\n|poke|p1|Tyranitar, L50, M|\n|poke|p1|Excadrill, L50, M|\n|poke|p1|Togekiss, L50, F|\n|poke|p1|Talonflame, L50, M|\n|poke|p2|Toxapex, L50, F|\n|poke|p2|Salazzle, L50, F|\n|poke|p2|Sandaconda, L50, M|\n|poke|p2|Duraludon, L50, M|\n|poke|p2|Togekiss, L50, M|\n|poke|p2|Trevenant, L50, M|\n|rule|Species Clause: Limit one of each Pok\u00e9mon\n|rule|Item Clause: Limit one of each item\n|teampreview|4\n|\n|t:|1600614574\n|start\n|switch|p1a: Excadrill|Excadrill, L50, M|48\/48\n|switch|p1b: Togekiss|Togekiss, L50, F|48\/48\n|switch|p2a: Toxapex|Toxapex, L50, F, shiny|48\/48\n|switch|p2b: Salazzle|Salazzle, L50, F|48\/48\n|-ability|p1a: Excadrill|Mold Breaker\n|turn|1\n|\n|t:|1600614588\n|switch|p1b: Tyranitar|Tyranitar, L50, M|48\/48\n|-weather|Sandstorm|[from] ability: Sand Stream|[of] p1b: Tyranitar\n|-start|p1a: Excadrill|Dynamax\n|-heal|p1a: Excadrill|48\/48|[silent]\n|-start|p2a: Toxapex|Dynamax\n|-heal|p2a: Toxapex|48\/48|[silent]\n|move|p2b: Salazzle|Poison Gas|p1b: Tyranitar|[spread] p1a,p1b\n|-status|p1a: Excadrill|psn\n|-status|p1b: Tyranitar|psn\n|move|p1a: Excadrill|Max Quake|p2b: Salazzle\n|-supereffective|p2b: Salazzle\n|-enditem|p2b: Salazzle|Focus Sash\n|-damage|p2b: Salazzle|1\/48\n|-boost|p1a: Excadrill|spd|1\n|-boost|p1b: Tyranitar|spd|1\n|move|p2a: Toxapex|Max Ooze|p1b: Tyranitar\n|-resisted|p1b: Tyranitar\n|-crit|p1b: Tyranitar\n|-damage|p1b: Tyranitar|38\/48 psn\n|-boost|p2a: Toxapex|spa|1\n|-boost|p2b: Salazzle|spa|1\n|\n|-weather|Sandstorm|[upkeep]\n|-damage|p2b: Salazzle|0 fnt|[from] Sandstorm\n|-damage|p2a: Toxapex|46\/48|[from] Sandstorm\n|faint|p2b: Salazzle\n|-damage|p1a: Excadrill|45\/48 psn|[from] psn\n|-damage|p1b: Tyranitar|32\/48 psn|[from] psn\n|upkeep\n|\n|t:|1600614592\n|switch|p2b: Sandaconda|Sandaconda, L50, M, shiny|48\/48\n|turn|2\n|\n|t:|1600614612\n|move|p1a: Excadrill|Max Steelspike|p2b: Sandaconda\n|-damage|p2b: Sandaconda|19\/48\n|-boost|p1a: Excadrill|def|1\n|-boost|p1b: Tyranitar|def|1\n|move|p2b: Sandaconda|Body Press|p1b: Tyranitar\n|-supereffective|p1b: Tyranitar\n|-damage|p1b: Tyranitar|11\/48 psn\n|-enditem|p1b: Tyranitar|Weakness Policy\n|-boost|p1b: Tyranitar|atk|2|[from] item: Weakness Policy\n|-boost|p1b: Tyranitar|spa|2|[from] item: Weakness Policy\n|move|p1b: Tyranitar|Rock Slide|p2a: Toxapex|[spread] p2a,p2b\n|-resisted|p2b: Sandaconda\n|-damage|p2a: Toxapex|34\/48\n|-damage|p2b: Sandaconda|5\/48\n|move|p2a: Toxapex|Max Geyser|p1a: Excadrill\n|-supereffective|p1a: Excadrill\n|-crit|p1a: Excadrill\n|-damage|p1a: Excadrill|0 fnt\n|-weather|RainDance\n|faint|p1a: Excadrill\n|\n|-weather|RainDance|[upkeep]\n|-damage|p1b: Tyranitar|5\/48 psn|[from] psn\n|upkeep\n|\n|t:|1600614621\n|switch|p1a: Talonflame|Talonflame, L50, M|48\/48\n|turn|3\n|\n|t:|1600614634\n|move|p1a: Talonflame|Tailwind|p1a: Talonflame\n|-sidestart|p1: testing87654321|move: Tailwind\n|move|p1b: Tyranitar|Rock Slide|p2a: Toxapex|[spread] p2a,p2b\n|-resisted|p2b: Sandaconda\n|-damage|p2a: Toxapex|21\/48\n|-damage|p2b: Sandaconda|0 fnt\n|-weather|Sandstorm|[from] ability: Sand Spit|[of] p2b: Sandaconda\n|faint|p2b: Sandaconda\n|move|p2a: Toxapex|Max Geyser|p1a: Talonflame\n|-supereffective|p1a: Talonflame\n|-damage|p1a: Talonflame|0 fnt\n|-weather|RainDance\n|faint|p1a: Talonflame\n|\n|-weather|RainDance|[upkeep]\n|-damage|p1b: Tyranitar|0 fnt|[from] psn\n|faint|p1b: Tyranitar\n|-end|p2a: Toxapex|Dynamax\n|-heal|p2a: Toxapex|21\/48|[silent]\n|upkeep\n|\n|t:|1600614651\n|switch|p2b: Trevenant|Trevenant, L50, M|48\/48\n|switch|p1b: Togekiss|Togekiss, L50, F|48\/48\n|-item|p1b: Togekiss|Scope Lens|[from] ability: Frisk|[of] p2b: Trevenant|[identify]\n|turn|4\n|\n|t:|1600614661\n|move|p1b: Togekiss|Air Slash|p2a: Toxapex\n|-crit|p2a: Toxapex\n|-damage|p2a: Toxapex|0 fnt\n|faint|p2a: Toxapex\n|move|p2b: Trevenant|Trick Room|p2b: Trevenant\n|-fieldstart|move: Trick Room|[of] p2b: Trevenant\n|\n|-weather|RainDance|[upkeep]\n|upkeep\n|turn|5\n|\n|t:|1600614670\n|move|p2b: Trevenant|Poltergeist|p1b: Togekiss\n|-activate|p1b: Togekiss|move: Poltergeist|Scope Lens\n|-damage|p1b: Togekiss|14\/48\n|move|p1b: Togekiss|Air Slash|p2b: Trevenant\n|-supereffective|p2b: Trevenant\n|-crit|p2b: Trevenant\n|-damage|p2b: Trevenant|0 fnt\n|faint|p2b: Trevenant\n|\n|win|testing87654321\n|raw|testing87654321's rating: 1673 &rarr; <strong>1686<\/strong><br \/>(+13 for winning)\n|raw|bhkg's rating: 1541 &rarr; <strong>1528<\/strong><br \/>(-13 for losing)\n","uploadtime":1600614680,"views":8,"p1id":"testing87654321","p2id":"bhkg","formatid":"gen8vgc2020","rating":1528,"private":0,"password":null}