{"id":"gen8ou-1408347515","p1":"siksteen","p2":"Infernoss","format":"gen8ou","log":"|j|\u2606siksteen\n|j|\u2606Infernoss\n|t:|1630531102\n|gametype|singles\n|player|p1|siksteen|drayden|1793\n|player|p2|Infernoss|chili|1684\n|teamsize|p1|6\n|teamsize|p2|6\n|gen|8\n|tier|[Gen 8] OU\n|rated|\n|rule|Sleep Clause Mod: Limit one foe put to sleep\n|rule|Species Clause: Limit one of each Pok\u00e9mon\n|rule|OHKO Clause: OHKO moves are banned\n|rule|Evasion Moves Clause: Evasion moves are banned\n|rule|Endless Battle Clause: Forcing endless battles is banned\n|rule|HP Percentage Mod: HP is shown in percentages\n|rule|Dynamax Clause: You cannot dynamax\n|clearpoke\n|poke|p1|Slowking-Galar, F|\n|poke|p1|Weavile, F|\n|poke|p1|Magnezone|\n|poke|p1|Garchomp, F|\n|poke|p1|Corviknight, M|\n|poke|p1|Decidueye, F|\n|poke|p2|Slowbro, M|\n|poke|p2|Hatterene, F|\n|poke|p2|Marowak-Alola, M|\n|poke|p2|Ferrothorn, F|\n|poke|p2|Garchomp, M|\n|poke|p2|Drampa, F|\n|teampreview\n|\n|t:|1630531175\n|start\n|switch|p1a: Decidueye|Decidueye, F|100\/100\n|switch|p2a: Sonso|Slowbro, M|100\/100\n|turn|1\n|\n|t:|1630531182\n|switch|p2a: Thorns|Ferrothorn, F|100\/100\n|move|p1a: Decidueye|Spirit Shackle|p2a: Thorns\n|-damage|p2a: Thorns|54\/100\n|-activate|p2a: Thorns|trapped\n|\n|-heal|p2a: Thorns|61\/100|[from] item: Leftovers\n|upkeep\n|turn|2\n|\n|t:|1630531193\n|move|p1a: Decidueye|Spirit Shackle|p2a: Thorns\n|-damage|p2a: Thorns|14\/100\n|move|p2a: Thorns|Stealth Rock|p1a: Decidueye\n|-sidestart|p1: siksteen|move: Stealth Rock\n|\n|-heal|p2a: Thorns|21\/100|[from] item: Leftovers\n|upkeep\n|turn|3\n|\n|t:|1630531199\n|move|p1a: Decidueye|Spirit Shackle|p2a: Thorns\n|-damage|p2a: Thorns|0 fnt\n|faint|p2a: Thorns\n|\n|upkeep\n|\n|t:|1630531204\n|switch|p2a: Falko|Drampa, F|100\/100\n|turn|4\n|\n|t:|1630531207\n|switch|p1a: Slowking|Slowking-Galar, F, shiny|100\/100\n|-damage|p1a: Slowking|88\/100|[from] Stealth Rock\n|switch|p2a: Sharpo|Garchomp, M|100\/100\n|\n|upkeep\n|turn|5\n|\n|t:|1630531214\n|switch|p1a: Corviknight|Corviknight, M, shiny|100\/100\n|-damage|p1a: Corviknight|88\/100|[from] Stealth Rock\n|-ability|p1a: Corviknight|Pressure\n|move|p2a: Sharpo|Swords Dance|p2a: Sharpo\n|-boost|p2a: Sharpo|atk|2\n|\n|upkeep\n|turn|6\n|\n|t:|1630531225\n|move|p2a: Sharpo|Scale Shot|p1a: Corviknight\n|-resisted|p1a: Corviknight\n|-damage|p1a: Corviknight|80\/100\n|-resisted|p1a: Corviknight\n|-damage|p1a: Corviknight|72\/100\n|-resisted|p1a: Corviknight\n|-damage|p1a: Corviknight|65\/100\n|-resisted|p1a: Corviknight\n|-crit|p1a: Corviknight\n|-damage|p1a: Corviknight|52\/100\n|-hitcount|p1a: Corviknight|4\n|-unboost|p2a: Sharpo|def|1\n|-boost|p2a: Sharpo|spe|1\n|move|p1a: Corviknight|Roost|p1a: Corviknight\n|-heal|p1a: Corviknight|100\/100\n|-singleturn|p1a: Corviknight|move: Roost\n|\n|upkeep\n|turn|7\n|\n|t:|1630531239\n|move|p2a: Sharpo|Swords Dance|p2a: Sharpo\n|-boost|p2a: Sharpo|atk|2\n|move|p1a: Corviknight|Defog|p2a: Sharpo\n|-unboost|p2a: Sharpo|evasion|1\n|-sideend|p1: siksteen|Stealth Rock|[from] move: Defog|[of] p1a: Corviknight\n|\n|upkeep\n|turn|8\n|\n|t:|1630531245\n|move|p2a: Sharpo|Stone Edge|p1a: Corviknight\n|-damage|p1a: Corviknight|34\/100\n|move|p1a: Corviknight|U-turn|p2a: Sharpo\n|-damage|p2a: Sharpo|78\/100\n|-damage|p1a: Corviknight|22\/100|[from] ability: Rough Skin|[of] p2a: Sharpo\n|\n|t:|1630531247\n|switch|p1a: Weavile|Weavile, F|100\/100|[from]move: U-turn\n|-ability|p1a: Weavile|Pressure\n|\n|-heal|p2a: Sharpo|84\/100|[from] item: Leftovers\n|upkeep\n|turn|9\n|\n|t:|1630531256\n|switch|p2a: Sonso|Slowbro, M|100\/100\n|move|p1a: Weavile|Ice Shard|p2a: Sonso\n|-resisted|p2a: Sonso\n|-damage|p2a: Sonso|95\/100\n|\n|upkeep\n|turn|10\n|\n|t:|1630531262\n|move|p1a: Weavile|Swords Dance|p1a: Weavile\n|-boost|p1a: Weavile|atk|2\n|move|p2a: Sonso|Body Press|p1a: Weavile\n|-supereffective|p1a: Weavile\n|-damage|p1a: Weavile|0 fnt\n|faint|p1a: Weavile\n|\n|upkeep\n|\n|t:|1630531265\n|switch|p1a: Decidueye|Decidueye, F|100\/100\n|turn|11\n|\n|t:|1630531270\n|switch|p1a: Corviknight|Corviknight, M, shiny|22\/100\n|-ability|p1a: Corviknight|Pressure\n|switch|p2a: Falko|Drampa, F|100\/100\n|\n|upkeep\n|turn|12\n|\n|t:|1630531276\n|move|p1a: Corviknight|Roost|p1a: Corviknight\n|-heal|p1a: Corviknight|72\/100\n|-singleturn|p1a: Corviknight|move: Roost\n|move|p2a: Falko|Focus Blast|p1a: Corviknight\n|-supereffective|p1a: Corviknight\n|-damage|p1a: Corviknight|0 fnt\n|faint|p1a: Corviknight\n|-damage|p2a: Falko|91\/100|[from] item: Life Orb\n|\n|upkeep\n|\n|t:|1630531282\n|switch|p1a: Magnezone|Magnezone|100\/100\n|turn|13\n|\n|t:|1630531287\n|switch|p1a: Slowking|Slowking-Galar, F, shiny|100\/100\n|switch|p2a: Sharpo|Garchomp, M|84\/100\n|\n|-heal|p2a: Sharpo|90\/100|[from] item: Leftovers\n|upkeep\n|turn|14\n|\n|t:|1630531294\n|move|p2a: Sharpo|Earthquake|p1a: Slowking\n|-supereffective|p1a: Slowking\n|-damage|p1a: Slowking|0 fnt\n|faint|p1a: Slowking\n|\n|-heal|p2a: Sharpo|96\/100|[from] item: Leftovers\n|upkeep\n|\n|t:|1630531299\n|switch|p1a: Decidueye|Decidueye, F|100\/100\n|turn|15\n|\n|t:|1630531302\n|switch|p2a: Falko|Drampa, F|91\/100\n|move|p1a: Decidueye|Poltergeist|p2a: Falko\n|-immune|p2a: Falko\n|\n|upkeep\n|turn|16\n|\n|t:|1630531308\n|switch|p1a: Magnezone|Magnezone|100\/100\n|move|p2a: Falko|Focus Blast|p1a: Magnezone|[miss]\n|-miss|p2a: Falko|p1a: Magnezone\n|\n|upkeep\n|turn|17\n|\n|t:|1630531319\n|switch|p1a: Garchomp|Garchomp, F, shiny|100\/100\n|move|p2a: Falko|Focus Blast|p1a: Garchomp\n|-crit|p1a: Garchomp\n|-damage|p1a: Garchomp|9\/100\n|-damage|p2a: Falko|81\/100|[from] item: Life Orb\n|\n|-heal|p1a: Garchomp|15\/100|[from] item: Leftovers\n|upkeep\n|turn|18\n|\n|t:|1630531327\n|switch|p2a: Sonso|Slowbro, M|100\/100\n|move|p1a: Garchomp|Stealth Rock|p2a: Sonso\n|-sidestart|p2: Infernoss|move: Stealth Rock\n|\n|-heal|p1a: Garchomp|21\/100|[from] item: Leftovers\n|upkeep\n|turn|19\n|\n|t:|1630531334\n|move|p1a: Garchomp|Protect|p1a: Garchomp\n|-singleturn|p1a: Garchomp|Protect\n|move|p2a: Sonso|Trick Room|p2a: Sonso\n|-fieldstart|move: Trick Room|[of] p2a: Sonso\n|\n|-heal|p1a: Garchomp|27\/100|[from] item: Leftovers\n|upkeep\n|turn|20\n|\n|t:|1630531341\n|switch|p1a: Decidueye|Decidueye, F|100\/100\n|move|p2a: Sonso|Scald|p1a: Decidueye\n|-resisted|p1a: Decidueye\n|-damage|p1a: Decidueye|84\/100\n|\n|upkeep\n|turn|21\n|\n|t:|1630531347\n|switch|p2a: Falko|Drampa, F|81\/100\n|-damage|p2a: Falko|69\/100|[from] Stealth Rock\n|move|p1a: Decidueye|Low Sweep|p2a: Falko\n|-supereffective|p2a: Falko\n|-damage|p2a: Falko|1\/100\n|-unboost|p2a: Falko|spe|1\n|-ability|p2a: Falko|Berserk|boost\n|-boost|p2a: Falko|spa|1\n|\n|upkeep\n|turn|22\n|\n|t:|1630531356\n|switch|p1a: Magnezone|Magnezone|100\/100\n|move|p2a: Falko|Thunderbolt|p1a: Magnezone\n|-resisted|p1a: Magnezone\n|-damage|p1a: Magnezone|57\/100\n|-damage|p2a: Falko|0 fnt|[from] item: Life Orb\n|faint|p2a: Falko\n|\n|upkeep\n|\n|t:|1630531364\n|switch|p2a: Billy B.|Marowak-Alola, M|100\/100\n|-damage|p2a: Billy B.|76\/100|[from] Stealth Rock\n|turn|23\n|\n|t:|1630531368\n|move|p2a: Billy B.|Flare Blitz|p1a: Magnezone\n|-supereffective|p1a: Magnezone\n|-damage|p1a: Magnezone|0 fnt\n|faint|p1a: Magnezone\n|\n|-fieldend|move: Trick Room\n|upkeep\n|\n|t:|1630531370\n|switch|p1a: Decidueye|Decidueye, F|84\/100\n|turn|24\n|\n|t:|1630531410\n|switch|p2a: Sonso|Slowbro, M|100\/100\n|-damage|p2a: Sonso|88\/100|[from] Stealth Rock\n|move|p1a: Decidueye|Poltergeist|p2a: Sonso\n|-activate|p2a: Sonso|move: Poltergeist|Colbur Berry\n|-supereffective|p2a: Sonso\n|-damage|p2a: Sonso|0 fnt\n|faint|p2a: Sonso\n|\n|upkeep\n|\n|t:|1630531429\n|switch|p2a: Hatterene|Hatterene, F|100\/100\n|-damage|p2a: Hatterene|88\/100|[from] Stealth Rock\n|turn|25\n|\n|t:|1630531433\n|move|p1a: Decidueye|Poltergeist|p2a: Hatterene\n|-activate|p2a: Hatterene|move: Poltergeist|Kasib Berry\n|-supereffective|p2a: Hatterene\n|-crit|p2a: Hatterene\n|-enditem|p2a: Hatterene|Kasib Berry|[eat]\n|-enditem|p2a: Hatterene|Kasib Berry|[weaken]\n|-damage|p2a: Hatterene|0 fnt\n|faint|p2a: Hatterene\n|\n|upkeep\n|c|\u2606Infernoss|nice\n|\n|t:|1630531441\n|switch|p2a: Sharpo|Garchomp, M|96\/100\n|-damage|p2a: Sharpo|90\/100|[from] Stealth Rock\n|turn|26\n|\n|t:|1630531458\n|move|p2a: Sharpo|Swords Dance|p2a: Sharpo\n|-boost|p2a: Sharpo|atk|2\n|move|p1a: Decidueye|Poltergeist|p2a: Sharpo\n|-activate|p2a: Sharpo|move: Poltergeist|Leftovers\n|-damage|p2a: Sharpo|10\/100\n|\n|-heal|p2a: Sharpo|16\/100|[from] item: Leftovers\n|upkeep\n|turn|27\n|\n|t:|1630531474\n|switch|p1a: Garchomp|Garchomp, F, shiny|27\/100\n|move|p2a: Sharpo|Scale Shot|p1a: Garchomp\n|-supereffective|p1a: Garchomp\n|-damage|p1a: Garchomp|0 fnt\n|faint|p1a: Garchomp\n|-hitcount|p1: Garchomp|1\n|-unboost|p2a: Sharpo|def|1\n|-boost|p2a: Sharpo|spe|1\n|\n|-heal|p2a: Sharpo|22\/100|[from] item: Leftovers\n|upkeep\n|\n|t:|1630531476\n|switch|p1a: Decidueye|Decidueye, F|84\/100\n|turn|28\n|c|\u2606siksteen|gg\n|\n|t:|1630531492\n|move|p1a: Decidueye|Shadow Sneak|p2a: Sharpo\n|-damage|p2a: Sharpo|0 fnt\n|faint|p2a: Sharpo\n|\n|upkeep\n|\n|t:|1630531495\n|switch|p2a: Billy B.|Marowak-Alola, M|76\/100\n|-damage|p2a: Billy B.|51\/100|[from] Stealth Rock\n|turn|29\n|\n|t:|1630531499\n|move|p1a: Decidueye|Shadow Sneak|p2a: Billy B.\n|-supereffective|p2a: Billy B.\n|-damage|p2a: Billy B.|0 fnt\n|faint|p2a: Billy B.\n|\n|win|siksteen\n|raw|siksteen's rating: 1793 &rarr; <strong>1807<\/strong><br \/>(+14 for winning)\n|raw|Infernoss's rating: 1684 &rarr; <strong>1670<\/strong><br \/>(-14 for losing)\n|l|\u2606Infernoss\n||Ladder isn't responding, score probably updated but might not have (Request timeout).\n","uploadtime":1630531523,"views":42,"p1id":"siksteen","p2id":"infernoss","formatid":"gen8ou","rating":1670,"private":0,"password":null}