{"id":"gen8monotype-1555432970","p1":"Hmffjyff","p2":"bakaboure","format":"gen8monotype","log":"|j|\u2606Hmffjyff\n|j|\u2606bakaboure\n|t:|1650216698\n|gametype|singles\n|player|p1|Hmffjyff|101|1330\n|player|p2|bakaboure|bellelba|1429\n|teamsize|p1|6\n|teamsize|p2|6\n|gen|8\n|tier|[Gen 8] Monotype\n|rated|\n|rule|Same Type Clause: Pok\u00e9mon in a team must share a type\n|rule|Sleep Clause Mod: Limit one foe put to sleep\n|rule|Species Clause: Limit one of each Pok\u00e9mon\n|rule|OHKO Clause: OHKO moves are banned\n|rule|Evasion Moves Clause: Evasion moves are banned\n|rule|Endless Battle Clause: Forcing endless battles is banned\n|rule|HP Percentage Mod: HP is shown in percentages\n|rule|Dynamax Clause: You cannot dynamax\n|clearpoke\n|poke|p1|Cinderace, F|\n|poke|p1|Heatran, F|\n|poke|p1|Torkoal, F|\n|poke|p1|Moltres|\n|poke|p1|Rotom-Heat|\n|poke|p1|Volcanion|\n|poke|p2|Buzzwole|\n|poke|p2|Cobalion|\n|poke|p2|Zapdos-Galar|\n|poke|p2|Toxicroak, M|\n|poke|p2|Keldeo-Resolute|\n|poke|p2|Terrakion|\n|teampreview\n|inactive|Battle timer is ON: inactive players will automatically lose when time's up. (requested by bakaboure)\n|\n|t:|1650216707\n|start\n|switch|p1a: Cinderace|Cinderace, F, shiny|100\/100\n|switch|p2a: Cobalion|Cobalion|100\/100\n|turn|1\n|\n|t:|1650216715\n|move|p1a: Cinderace|Pyro Ball|p2a: Cobalion\n|-supereffective|p2a: Cobalion\n|-damage|p2a: Cobalion|0 fnt\n|faint|p2a: Cobalion\n|\n|upkeep\n|\n|t:|1650216719\n|switch|p2a: Terrakion|Terrakion|100\/100\n|turn|2\n|\n|t:|1650216737\n|switch|p1a: Heatran|Heatran, F, shiny|100\/100\n|move|p2a: Terrakion|Stone Edge|p1a: Heatran\n|-damage|p1a: Heatran|59\/100\n|\n|-heal|p1a: Heatran|65\/100|[from] item: Leftovers\n|upkeep\n|turn|3\n|\n|t:|1650216750\n|switch|p2a: Toxicroak|Toxicroak, M|100\/100\n|move|p1a: Heatran|Magma Storm|p2a: Toxicroak\n|-damage|p2a: Toxicroak|20\/100\n|-activate|p2a: Toxicroak|move: Magma Storm|[of] p1a: Heatran\n|\n|-heal|p1a: Heatran|71\/100|[from] item: Leftovers\n|-damage|p2a: Toxicroak|8\/100|[from] move: Magma Storm|[partiallytrapped]\n|upkeep\n|turn|4\n|\n|t:|1650216760\n|move|p1a: Heatran|Protect|p1a: Heatran\n|-singleturn|p1a: Heatran|Protect\n|move|p2a: Toxicroak|Drain Punch|p1a: Heatran\n|-activate|p1a: Heatran|move: Protect\n|\n|-heal|p1a: Heatran|78\/100|[from] item: Leftovers\n|-damage|p2a: Toxicroak|0 fnt|[from] move: Magma Storm|[partiallytrapped]\n|faint|p2a: Toxicroak\n|upkeep\n|\n|t:|1650216768\n|switch|p2a: Keldeo|Keldeo-Resolute|100\/100\n|turn|5\n|inactive|Hmffjyff has 120 seconds left.\n|\n|t:|1650216813\n|switch|p1a: Volcanion|Volcanion|100\/100\n|move|p2a: Keldeo|Secret Sword|p1a: Volcanion\n|-damage|p1a: Volcanion|45\/100\n|\n|upkeep\n|turn|6\n|\n|t:|1650216824\n|switch|p2a: Terrakion|Terrakion|100\/100\n|move|p1a: Volcanion|Sludge Bomb|p2a: Terrakion\n|-resisted|p2a: Terrakion\n|-damage|p2a: Terrakion|81\/100\n|\n|upkeep\n|turn|7\n|\n|t:|1650216832\n|move|p2a: Terrakion|Earthquake|p1a: Volcanion\n|-supereffective|p1a: Volcanion\n|-damage|p1a: Volcanion|0 fnt\n|faint|p1a: Volcanion\n|\n|upkeep\n|\n|t:|1650216838\n|switch|p1a: Rotom|Rotom-Heat|100\/100\n|turn|8\n|\n|t:|1650216844\n|switch|p2a: Zapdos|Zapdos-Galar|100\/100\n|move|p1a: Rotom|Volt Switch|p2a: Zapdos\n|-supereffective|p2a: Zapdos\n|-damage|p2a: Zapdos|24\/100\n|\n|t:|1650216851\n|switch|p1a: Torkoal|Torkoal, F|100\/100|[from]move: Volt Switch\n|-weather|SunnyDay|[from] ability: Drought|[of] p1a: Torkoal\n|\n|-weather|SunnyDay|[upkeep]\n|upkeep\n|turn|9\n|\n|t:|1650216860\n|switch|p1a: Moltres|Moltres, shiny|100\/100\n|move|p2a: Zapdos|Close Combat|p1a: Moltres\n|-resisted|p1a: Moltres\n|-damage|p1a: Moltres|69\/100\n|-unboost|p2a: Zapdos|def|1\n|-unboost|p2a: Zapdos|spd|1\n|\n|-weather|SunnyDay|[upkeep]\n|upkeep\n|turn|10\n|\n|t:|1650216873\n|move|p2a: Zapdos|Close Combat|p1a: Moltres\n|-resisted|p1a: Moltres\n|-damage|p1a: Moltres|37\/100\n|-unboost|p2a: Zapdos|def|1\n|-unboost|p2a: Zapdos|spd|1\n|-status|p2a: Zapdos|brn|[from] ability: Flame Body|[of] p1a: Moltres\n|move|p1a: Moltres|Toxic||[still]\n|-fail|p1a: Moltres\n|\n|-weather|SunnyDay|[upkeep]\n|-damage|p2a: Zapdos|18\/100 brn|[from] brn\n|upkeep\n|turn|11\n|\n|t:|1650216884\n|move|p2a: Zapdos|Close Combat|p1a: Moltres\n|-resisted|p1a: Moltres\n|-damage|p1a: Moltres|21\/100\n|-unboost|p2a: Zapdos|def|1\n|-unboost|p2a: Zapdos|spd|1\n|move|p1a: Moltres|Roost|p1a: Moltres\n|-heal|p1a: Moltres|71\/100\n|-singleturn|p1a: Moltres|move: Roost\n|\n|-weather|SunnyDay|[upkeep]\n|-damage|p2a: Zapdos|11\/100 brn|[from] brn\n|upkeep\n|turn|12\n|\n|t:|1650216896\n|move|p2a: Zapdos|Close Combat|p1a: Moltres\n|-resisted|p1a: Moltres\n|-crit|p1a: Moltres\n|-damage|p1a: Moltres|48\/100\n|-unboost|p2a: Zapdos|def|1\n|-unboost|p2a: Zapdos|spd|1\n|move|p1a: Moltres|Roost|p1a: Moltres\n|-heal|p1a: Moltres|98\/100\n|-singleturn|p1a: Moltres|move: Roost\n|\n|-weather|none\n|-damage|p2a: Zapdos|5\/100 brn|[from] brn\n|upkeep\n|turn|13\n|\n|t:|1650216908\n|move|p2a: Zapdos|Close Combat|p1a: Moltres\n|-resisted|p1a: Moltres\n|-damage|p1a: Moltres|83\/100\n|-unboost|p2a: Zapdos|def|1\n|-unboost|p2a: Zapdos|spd|1\n|move|p1a: Moltres|Roost|p1a: Moltres\n|-heal|p1a: Moltres|100\/100\n|-singleturn|p1a: Moltres|move: Roost\n|\n|-damage|p2a: Zapdos|0 fnt|[from] brn\n|faint|p2a: Zapdos\n|upkeep\n|\n|t:|1650216918\n|switch|p2a: Keldeo|Keldeo-Resolute|100\/100\n|turn|14\n|\n|t:|1650216935\n|switch|p1a: Torkoal|Torkoal, F|100\/100\n|-weather|SunnyDay|[from] ability: Drought|[of] p1a: Torkoal\n|move|p2a: Keldeo|Scald|p1a: Torkoal\n|-supereffective|p1a: Torkoal\n|-damage|p1a: Torkoal|16\/100\n|\n|-weather|SunnyDay|[upkeep]\n|upkeep\n|turn|15\n|\n|t:|1650216955\n|switch|p2a: Buzzwole|Buzzwole|100\/100\n|move|p1a: Torkoal|Stealth Rock|p2a: Buzzwole\n|-sidestart|p2: bakaboure|move: Stealth Rock\n|\n|-weather|SunnyDay|[upkeep]\n|upkeep\n|turn|16\n|\n|t:|1650216969\n|switch|p1a: Moltres|Moltres, shiny|100\/100\n|move|p2a: Buzzwole|Close Combat|p1a: Moltres\n|-resisted|p1a: Moltres\n|-damage|p1a: Moltres|79\/100\n|-unboost|p2a: Buzzwole|def|1\n|-unboost|p2a: Buzzwole|spd|1\n|-status|p2a: Buzzwole|brn|[from] ability: Flame Body|[of] p1a: Moltres\n|\n|-weather|SunnyDay|[upkeep]\n|-damage|p2a: Buzzwole|94\/100 brn|[from] brn\n|upkeep\n|turn|17\n|j| gamin kader\n|\n|t:|1650216981\n|switch|p2a: Keldeo|Keldeo-Resolute|100\/100\n|-damage|p2a: Keldeo|94\/100|[from] Stealth Rock\n|move|p1a: Moltres|Toxic|p2a: Keldeo\n|-status|p2a: Keldeo|tox\n|\n|-weather|SunnyDay|[upkeep]\n|-damage|p2a: Keldeo|88\/100 tox|[from] psn\n|upkeep\n|turn|18\n|\n|t:|1650216991\n|move|p2a: Keldeo|Flip Turn|p1a: Moltres\n|-supereffective|p1a: Moltres\n|-damage|p1a: Moltres|71\/100\n|\n|t:|1650216996\n|switch|p2a: Terrakion|Terrakion|81\/100|[from]move: Flip Turn\n|-damage|p2a: Terrakion|74\/100|[from] Stealth Rock\n|move|p1a: Moltres|Roost|p1a: Moltres\n|-heal|p1a: Moltres|100\/100\n|-singleturn|p1a: Moltres|move: Roost\n|\n|-weather|none\n|upkeep\n|turn|19\n|\n|t:|1650217006\n|move|p2a: Terrakion|Stone Edge|p1a: Moltres\n|-supereffective|p1a: Moltres\n|-damage|p1a: Moltres|0 fnt\n|faint|p1a: Moltres\n|\n|upkeep\n|\n|t:|1650217012\n|switch|p1a: Heatran|Heatran, F, shiny|78\/100\n|turn|20\n|\n|t:|1650217019\n|switch|p2a: Buzzwole|Buzzwole|94\/100 brn\n|-damage|p2a: Buzzwole|82\/100 brn|[from] Stealth Rock\n|move|p1a: Heatran|Magma Storm|p2a: Buzzwole\n|-supereffective|p2a: Buzzwole\n|-damage|p2a: Buzzwole|0 fnt\n|faint|p2a: Buzzwole\n|\n|-heal|p1a: Heatran|84\/100|[from] item: Leftovers\n|upkeep\n|\n|t:|1650217030\n|switch|p2a: Keldeo|Keldeo-Resolute|88\/100 tox\n|-damage|p2a: Keldeo|82\/100 tox|[from] Stealth Rock\n|turn|21\n|\n|t:|1650217034\n|move|p1a: Heatran|Protect|p1a: Heatran\n|-singleturn|p1a: Heatran|Protect\n|move|p2a: Keldeo|Scald|p1a: Heatran\n|-activate|p1a: Heatran|move: Protect\n|\n|-heal|p1a: Heatran|90\/100|[from] item: Leftovers\n|-damage|p2a: Keldeo|76\/100 tox|[from] psn\n|upkeep\n|turn|22\n|\n|t:|1650217043\n|switch|p1a: Torkoal|Torkoal, F|16\/100\n|-weather|SunnyDay|[from] ability: Drought|[of] p1a: Torkoal\n|move|p2a: Keldeo|Scald|p1a: Torkoal\n|-supereffective|p1a: Torkoal\n|-damage|p1a: Torkoal|0 fnt\n|faint|p1a: Torkoal\n|\n|-weather|SunnyDay|[upkeep]\n|-damage|p2a: Keldeo|63\/100 tox|[from] psn\n|upkeep\n|\n|t:|1650217056\n|switch|p1a: Cinderace|Cinderace, F, shiny|100\/100\n|turn|23\n|\n|t:|1650217063\n|move|p1a: Cinderace|High Jump Kick|p2a: Keldeo\n|-start|p1a: Cinderace|typechange|Fighting|[from] ability: Libero\n|-damage|p2a: Keldeo|0 fnt\n|faint|p2a: Keldeo\n|\n|-weather|SunnyDay|[upkeep]\n|upkeep\n|\n|t:|1650217069\n|switch|p2a: Terrakion|Terrakion|74\/100\n|-damage|p2a: Terrakion|68\/100|[from] Stealth Rock\n|turn|24\n|\n|t:|1650217075\n|move|p2a: Terrakion|Close Combat|p1a: Cinderace\n|-damage|p1a: Cinderace|5\/100\n|-unboost|p2a: Terrakion|def|1\n|-unboost|p2a: Terrakion|spd|1\n|move|p1a: Cinderace|High Jump Kick|p2a: Terrakion|[miss]\n|-miss|p1a: Cinderace|p2a: Terrakion\n|-damage|p1a: Cinderace|0 fnt|[from] highjumpkick\n|faint|p1a: Cinderace\n|\n|-weather|SunnyDay|[upkeep]\n|upkeep\n|\n|t:|1650217088\n|switch|p1a: Rotom|Rotom-Heat|100\/100\n|turn|25\n|\n|t:|1650217094\n|move|p2a: Terrakion|Close Combat|p1a: Rotom\n|-damage|p1a: Rotom|13\/100\n|-unboost|p2a: Terrakion|def|1\n|-unboost|p2a: Terrakion|spd|1\n|move|p1a: Rotom|Volt Switch|p2a: Terrakion\n|-damage|p2a: Terrakion|0 fnt\n|faint|p2a: Terrakion\n|\n|win|Hmffjyff\n|raw|Hmffjyff's rating: 1330 &rarr; <strong>1356<\/strong><br \/>(+26 for winning)\n|raw|bakaboure's rating: 1429 &rarr; <strong>1403<\/strong><br \/>(-26 for losing)\n|l|\u2606bakaboure\n||Ladder isn't responding, score probably updated but might not have (Request timeout).\n","uploadtime":1650217190,"views":9,"p1id":"hmffjyff","p2id":"bakaboure","formatid":"gen8monotype","rating":1356,"private":0,"password":null}