{"id":"gen8ubers-1133577944","p1":"willcoxw","p2":"Neo OU","format":"gen8ubers","log":"|j|\u2606willcoxw\n|j|\u2606Neo OU\n|player|p1|willcoxw|karen|1756\n|player|p2|Neo OU|silver|1347\n|teamsize|p1|6\n|teamsize|p2|6\n|gametype|singles\n|gen|8\n|tier|[Gen 8] Ubers\n|rated|\n|clearpoke\n|poke|p1|Pelipper, M|\n|poke|p1|Drednaw, M|\n|poke|p1|Eternatus|\n|poke|p1|Necrozma-Dusk-Mane|\n|poke|p1|Zekrom|\n|poke|p1|Zacian-Crowned|\n|poke|p2|Zacian-Crowned|\n|poke|p2|Ditto|\n|poke|p2|Hippowdon, M|\n|poke|p2|Hatterene, F|\n|poke|p2|Marshadow|\n|poke|p2|Incineroar, M|\n|rule|Sleep Clause Mod: Limit one foe put to sleep\n|rule|Species Clause: Limit one of each Pok\u00e9mon\n|rule|OHKO Clause: OHKO moves are banned\n|rule|Evasion Moves Clause: Evasion moves are banned\n|rule|Endless Battle Clause: Forcing endless battles is banned\n|rule|HP Percentage Mod: HP is shown in percentages\n|html|Ubers Dynamax Clause: Pok\u00e9mon on the <a href=\"https:\/\/www.smogon.com\/dex\/ss\/formats\/uber\/\">Ubers Dynamax Banlist<\/a> cannot Dynamax.\n|teampreview\n|\n|start\n|switch|p1a: Eternatus|Eternatus|100\/100\n|switch|p2a: Incineroar|Incineroar, M|100\/100\n|-ability|p1a: Eternatus|Pressure\n|-ability|p2a: Incineroar|Intimidate|boost\n|-unboost|p1a: Eternatus|atk|1\n|turn|1\n|\n|move|p1a: Eternatus|Toxic Spikes|p2a: Incineroar\n|-sidestart|p2: Neo OU|move: Toxic Spikes\n|move|p2a: Incineroar|Parting Shot|p1a: Eternatus\n|-unboost|p1a: Eternatus|atk|1\n|-unboost|p1a: Eternatus|spa|1\n|\n|switch|p2a: Hatterene|Hatterene, F|100\/100|[from]move: Parting Shot\n|-status|p2a: Hatterene|psn\n|\n|-damage|p2a: Hatterene|88\/100 psn|[from] psn\n|upkeep\n|turn|2\n|\n|switch|p1a: Pelipper|Pelipper, M|100\/100\n|-weather|RainDance|[from] ability: Drizzle|[of] p1a: Pelipper\n|move|p2a: Hatterene|Trick Room|p2a: Hatterene\n|-fieldstart|move: Trick Room|[of] p2a: Hatterene\n|\n|-weather|RainDance|[upkeep]\n|-heal|p2a: Hatterene|94\/100 psn|[from] item: Leftovers\n|-damage|p2a: Hatterene|82\/100 psn|[from] psn\n|upkeep\n|turn|3\n|\n|-start|p2a: Hatterene|Dynamax\n|-formechange|p2a: Hatterene|Hatterene-Gmax\n|-heal|p2a: Hatterene|82\/100 psn|[silent]\n|move|p2a: Hatterene|Max Mindstorm|p1a: Pelipper\n|-damage|p1a: Pelipper|0 fnt\n|-fieldstart|move: Psychic Terrain\n|faint|p1a: Pelipper\n|\n|-weather|RainDance|[upkeep]\n|-heal|p2a: Hatterene|85\/100 psn|[from] item: Leftovers\n|-damage|p2a: Hatterene|79\/100 psn|[from] psn\n|upkeep\n|\n|switch|p1a: Drednaw|Drednaw, M|100\/100\n|turn|4\n|\n|-start|p1a: Drednaw|Dynamax\n|-formechange|p1a: Drednaw|Drednaw-Gmax\n|-heal|p1a: Drednaw|100\/100|[silent]\n|move|p2a: Hatterene|G-Max Smite|p1a: Drednaw\n|-damage|p1a: Drednaw|49\/100\n|-start|p1a: Drednaw|confusion\n|-activate|p1a: Drednaw|confusion\n|move|p1a: Drednaw|G-Max Stonesurge|p2a: Hatterene\n|-damage|p2a: Hatterene|9\/100 psn\n|-sidestart|p2: Neo OU|move: Stealth Rock\n|-damage|p1a: Drednaw|44\/100|[from] item: Life Orb\n|\n|-weather|RainDance|[upkeep]\n|-heal|p2a: Hatterene|12\/100 psn|[from] item: Leftovers\n|-damage|p2a: Hatterene|6\/100 psn|[from] psn\n|upkeep\n|turn|5\n|\n|move|p2a: Hatterene|G-Max Smite|p1a: Drednaw\n|-damage|p1a: Drednaw|0 fnt\n|faint|p1a: Drednaw\n|\n|-weather|RainDance|[upkeep]\n|-heal|p2a: Hatterene|9\/100 psn|[from] item: Leftovers\n|-damage|p2a: Hatterene|3\/100 psn|[from] psn\n|-end|p2a: Hatterene|Dynamax\n|-formechange|p2a: Hatterene|Hatterene\n|-heal|p2a: Hatterene|3\/100 psn|[silent]\n|upkeep\n|\n|switch|p1a: Necrozma|Necrozma-Dusk-Mane|100\/100\n|turn|6\n|\n|move|p2a: Hatterene|Mystical Fire|p1a: Necrozma\n|-supereffective|p1a: Necrozma\n|-damage|p1a: Necrozma|84\/100\n|-unboost|p1a: Necrozma|spa|1\n|move|p1a: Necrozma|Moonlight|p1a: Necrozma\n|-heal|p1a: Necrozma|100\/100\n|\n|-weather|RainDance|[upkeep]\n|-heal|p2a: Hatterene|9\/100 psn|[from] item: Leftovers\n|-damage|p2a: Hatterene|0 fnt|[from] psn\n|faint|p2a: Hatterene\n|-fieldend|move: Trick Room\n|upkeep\n|\n|switch|p2a: Incineroar|Incineroar, M|100\/100\n|-status|p2a: Incineroar|psn\n|-damage|p2a: Incineroar|76\/100 psn|[from] Stealth Rock\n|-ability|p2a: Incineroar|Intimidate|boost\n|-unboost|p1a: Necrozma|atk|1\n|turn|7\n|\n|move|p1a: Necrozma|Knock Off|p2a: Incineroar\n|-resisted|p2a: Incineroar\n|-damage|p2a: Incineroar|64\/100 psn\n|-enditem|p2a: Incineroar|Iapapa Berry|[from] move: Knock Off|[of] p1a: Necrozma\n|move|p2a: Incineroar|Flare Blitz|p1a: Necrozma\n|-supereffective|p1a: Necrozma\n|-damage|p1a: Necrozma|74\/100\n|-damage|p2a: Incineroar|56\/100 psn|[from] Recoil\n|\n|-weather|RainDance|[upkeep]\n|-heal|p1a: Necrozma|80\/100|[from] item: Leftovers\n|-damage|p2a: Incineroar|43\/100 psn|[from] psn\n|-fieldend|move: Psychic Terrain\n|upkeep\n|turn|8\n|\n|switch|p1a: Eternatus|Eternatus|100\/100\n|-ability|p1a: Eternatus|Pressure\n|move|p2a: Incineroar|Knock Off|p1a: Eternatus\n|-damage|p1a: Eternatus|56\/100\n|-enditem|p1a: Eternatus|Black Sludge|[from] move: Knock Off|[of] p2a: Incineroar\n|\n|-weather|RainDance|[upkeep]\n|-damage|p2a: Incineroar|31\/100 psn|[from] psn\n|upkeep\n|turn|9\n|\n|move|p1a: Eternatus|Toxic Spikes|p2a: Incineroar\n|-sidestart|p2: Neo OU|move: Toxic Spikes\n|move|p2a: Incineroar|Parting Shot|p1a: Eternatus\n|-unboost|p1a: Eternatus|atk|1\n|-unboost|p1a: Eternatus|spa|1\n|\n|switch|p2a: Ditto|Ditto|100\/100|[from]move: Parting Shot\n|-damage|p2a: Ditto|88\/100|[from] Stealth Rock\n|-status|p2a: Ditto|tox\n|-transform|p2a: Ditto|p1a: Eternatus|[from] ability: Imposter\n|-ability|p2a: Ditto|Pressure\n|\n|-weather|none\n|-damage|p2a: Ditto|82\/100 tox|[from] psn\n|upkeep\n|turn|10\n|\n|switch|p1a: Necrozma|Necrozma-Dusk-Mane|80\/100\n|move|p2a: Ditto|Dynamax Cannon|p1a: Necrozma\n|-resisted|p1a: Necrozma\n|-damage|p1a: Necrozma|64\/100\n|\n|-heal|p1a: Necrozma|70\/100|[from] item: Leftovers\n|-damage|p2a: Ditto|70\/100 tox|[from] psn\n|upkeep\n|turn|11\n|\n|switch|p2a: Incineroar|Incineroar, M|31\/100 psn\n|-damage|p2a: Incineroar|6\/100 psn|[from] Stealth Rock\n|-ability|p2a: Incineroar|Intimidate|boost\n|-unboost|p1a: Necrozma|atk|1\n|move|p1a: Necrozma|Moonlight|p1a: Necrozma\n|-heal|p1a: Necrozma|100\/100\n|\n|-damage|p2a: Incineroar|0 fnt|[from] psn\n|faint|p2a: Incineroar\n|upkeep\n|\n|switch|p2a: Hippowdon|Hippowdon, M|100\/100\n|-status|p2a: Hippowdon|tox\n|-damage|p2a: Hippowdon|94\/100 tox|[from] Stealth Rock\n|-weather|Sandstorm|[from] ability: Sand Stream|[of] p2a: Hippowdon\n|turn|12\n|\n|move|p1a: Necrozma|Knock Off|p2a: Hippowdon\n|-damage|p2a: Hippowdon|81\/100 tox\n|-damage|p1a: Necrozma|84\/100|[from] item: Rocky Helmet|[of] p2a: Hippowdon\n|-enditem|p2a: Hippowdon|Rocky Helmet|[from] move: Knock Off|[of] p1a: Necrozma\n|move|p2a: Hippowdon|Earthquake|p1a: Necrozma\n|-supereffective|p1a: Necrozma\n|-damage|p1a: Necrozma|52\/100\n|\n|-weather|Sandstorm|[upkeep]\n|-heal|p1a: Necrozma|58\/100|[from] item: Leftovers\n|-damage|p2a: Hippowdon|75\/100 tox|[from] psn\n|upkeep\n|turn|13\n|\n|move|p1a: Necrozma|Iron Head|p2a: Hippowdon\n|-damage|p2a: Hippowdon|61\/100 tox\n|cant|p2a: Hippowdon|flinch\n|\n|-weather|Sandstorm|[upkeep]\n|-heal|p1a: Necrozma|64\/100|[from] item: Leftovers\n|-damage|p2a: Hippowdon|49\/100 tox|[from] psn\n|upkeep\n|turn|14\n|\n|move|p1a: Necrozma|Moonlight|p1a: Necrozma\n|-heal|p1a: Necrozma|89\/100\n|move|p2a: Hippowdon|Earthquake|p1a: Necrozma\n|-supereffective|p1a: Necrozma\n|-damage|p1a: Necrozma|57\/100\n|\n|-weather|Sandstorm|[upkeep]\n|-heal|p1a: Necrozma|63\/100|[from] item: Leftovers\n|-damage|p2a: Hippowdon|30\/100 tox|[from] psn\n|upkeep\n|turn|15\n|-message|Neo OU forfeited.\n|\n|win|willcoxw\n|l|\u2606Neo OU\n|raw|willcoxw's rating: 1756 &rarr; <strong>1759<\/strong><br \/>(+3 for winning)\n|raw|Neo OU's rating: 1323 &rarr; <strong>1320<\/strong><br \/>(-3 for losing)\n","uploadtime":1592304935,"views":33,"p1id":"willcoxw","p2id":"neoou","formatid":"gen8ubers","rating":1320,"private":0,"password":null}