{"id":"gen8ou-1667797653","p1":"zzbzzbzzb","p2":"machugen","format":"gen8ou","log":"|j|\u2606zzbzzbzzb\n|j|\u2606machugen\n|t:|1663558631\n|gametype|singles\n|player|p1|zzbzzbzzb|169|1461\n|player|p2|machugen|artist|1610\n|teamsize|p1|6\n|teamsize|p2|6\n|gen|8\n|tier|[Gen 8] OU\n|rated|\n|rule|Sleep Clause Mod: Limit one foe put to sleep\n|rule|Species Clause: Limit one of each Pok\u00e9mon\n|rule|OHKO Clause: OHKO moves are banned\n|rule|Evasion Items Clause: Evasion items are banned\n|rule|Evasion Moves Clause: Evasion moves are banned\n|rule|Endless Battle Clause: Forcing endless battles is banned\n|rule|HP Percentage Mod: HP is shown in percentages\n|rule|Dynamax Clause: You cannot dynamax\n|clearpoke\n|poke|p1|Aegislash, F|\n|poke|p1|Zapdos|\n|poke|p1|Melmetal|\n|poke|p1|Landorus-Therian, M|\n|poke|p1|Hydreigon, F|\n|poke|p1|Nihilego|\n|poke|p2|Tapu Lele|\n|poke|p2|Kartana|\n|poke|p2|Magnezone|\n|poke|p2|Tornadus-Therian, M|\n|poke|p2|Landorus-Therian, M|\n|poke|p2|Toxapex, M|\n|teampreview\n|\n|t:|1663558650\n|start\n|switch|p1a: \u571f\u732b|Landorus-Therian, M|100\/100\n|switch|p2a: Landorus|Landorus-Therian, M|100\/100\n|-ability|p2a: Landorus|Intimidate|boost\n|-unboost|p1a: \u571f\u732b|atk|1\n|-ability|p1a: \u571f\u732b|Intimidate|boost\n|-unboost|p2a: Landorus|atk|1\n|turn|1\n|\n|t:|1663558655\n|move|p2a: Landorus|Toxic|p1a: \u571f\u732b\n|-status|p1a: \u571f\u732b|tox\n|move|p1a: \u571f\u732b|Stealth Rock|p2a: Landorus\n|-sidestart|p2: machugen|move: Stealth Rock\n|\n|-damage|p1a: \u571f\u732b|94\/100 tox|[from] psn\n|upkeep\n|turn|2\n|\n|t:|1663558660\n|move|p2a: Landorus|Stealth Rock|p1a: \u571f\u732b\n|-sidestart|p1: zzbzzbzzb|move: Stealth Rock\n|move|p1a: \u571f\u732b|Toxic|p2a: Landorus\n|-status|p2a: Landorus|tox\n|\n|-heal|p1a: \u571f\u732b|100\/100 tox|[from] item: Leftovers\n|-damage|p2a: Landorus|94\/100 tox|[from] psn\n|-damage|p1a: \u571f\u732b|88\/100 tox|[from] psn\n|upkeep\n|turn|3\n|\n|t:|1663558667\n|move|p2a: Landorus|U-turn|p1a: \u571f\u732b\n|-resisted|p1a: \u571f\u732b\n|-damage|p1a: \u571f\u732b|81\/100 tox\n|\n|t:|1663558668\n|switch|p2a: Toxapex|Toxapex, M|100\/100|[from]move: U-turn\n|-damage|p2a: Toxapex|88\/100|[from] Stealth Rock\n|move|p1a: \u571f\u732b|Defog|p2a: Toxapex\n|-unboost|p2a: Toxapex|evasion|1\n|-sideend|p2: machugen|Stealth Rock|[from] move: Defog|[of] p1a: \u571f\u732b\n|-sideend|p1: zzbzzbzzb|Stealth Rock|[from] move: Defog|[of] p1a: \u571f\u732b\n|\n|-heal|p1a: \u571f\u732b|87\/100 tox|[from] item: Leftovers\n|-damage|p1a: \u571f\u732b|69\/100 tox|[from] psn\n|upkeep\n|turn|4\n|\n|t:|1663558672\n|move|p1a: \u571f\u732b|Stealth Rock|p2a: Toxapex\n|-sidestart|p2: machugen|move: Stealth Rock\n|move|p2a: Toxapex|Knock Off|p1a: \u571f\u732b\n|-damage|p1a: \u571f\u732b|53\/100 tox\n|-enditem|p1a: \u571f\u732b|Leftovers|[from] move: Knock Off|[of] p2a: Toxapex\n|\n|-damage|p1a: \u571f\u732b|29\/100 tox|[from] psn\n|upkeep\n|turn|5\n|\n|t:|1663558679\n|switch|p1a: \u4e3a\u4eba\u65b9\u6b63|Zapdos|100\/100\n|move|p2a: Toxapex|Knock Off|p1a: \u4e3a\u4eba\u65b9\u6b63\n|-damage|p1a: \u4e3a\u4eba\u65b9\u6b63|90\/100\n|-enditem|p1a: \u4e3a\u4eba\u65b9\u6b63|Heavy-Duty Boots|[from] move: Knock Off|[of] p2a: Toxapex\n|\n|upkeep\n|turn|6\n|\n|t:|1663558687\n|move|p1a: \u4e3a\u4eba\u65b9\u6b63|Volt Switch|p2a: Toxapex\n|-supereffective|p2a: Toxapex\n|-damage|p2a: Toxapex|39\/100\n|\n|t:|1663558690\n|switch|p1a: \u571f\u732b|Landorus-Therian, M|29\/100 tox|[from]move: Volt Switch\n|-ability|p1a: \u571f\u732b|Intimidate|boost\n|-unboost|p2a: Toxapex|atk|1\n|move|p2a: Toxapex|Toxic|p1a: \u571f\u732b\n|-fail|p1a: \u571f\u732b|tox\n|\n|-damage|p1a: \u571f\u732b|23\/100 tox|[from] psn\n|upkeep\n|turn|7\n|\n|t:|1663558693\n|switch|p2a: Landorus|Landorus-Therian, M|94\/100 tox\n|-damage|p2a: Landorus|82\/100 tox|[from] Stealth Rock\n|-ability|p2a: Landorus|Intimidate|boost\n|-unboost|p1a: \u571f\u732b|atk|1\n|move|p1a: \u571f\u732b|Earthquake|p2a: Landorus\n|-immune|p2a: Landorus\n|\n|-heal|p2a: Landorus|88\/100 tox|[from] item: Leftovers\n|-damage|p2a: Landorus|82\/100 tox|[from] psn\n|-damage|p1a: \u571f\u732b|11\/100 tox|[from] psn\n|upkeep\n|turn|8\n|\n|t:|1663558701\n|switch|p1a: \u4e3a\u4eba\u65b9\u6b63|Zapdos|90\/100\n|move|p2a: Landorus|Stealth Rock|p1a: \u4e3a\u4eba\u65b9\u6b63\n|-sidestart|p1: zzbzzbzzb|move: Stealth Rock\n|\n|-heal|p2a: Landorus|88\/100 tox|[from] item: Leftovers\n|-damage|p2a: Landorus|76\/100 tox|[from] psn\n|upkeep\n|turn|9\n|\n|t:|1663558708\n|switch|p2a: Toxapex|Toxapex, M|72\/100\n|-damage|p2a: Toxapex|60\/100|[from] Stealth Rock\n|move|p1a: \u4e3a\u4eba\u65b9\u6b63|Toxic|p2a: Toxapex\n|-immune|p2a: Toxapex\n|\n|upkeep\n|turn|10\n|\n|t:|1663558712\n|move|p1a: \u4e3a\u4eba\u65b9\u6b63|Volt Switch|p2a: Toxapex\n|-supereffective|p2a: Toxapex\n|-damage|p2a: Toxapex|14\/100\n|\n|t:|1663558715\n|switch|p1a: \u5251\u76fe|Aegislash, F|100\/100|[from]move: Volt Switch\n|-damage|p1a: \u5251\u76fe|94\/100|[from] Stealth Rock\n|move|p2a: Toxapex|Recover|p2a: Toxapex\n|-heal|p2a: Toxapex|64\/100\n|\n|upkeep\n|turn|11\n|\n|t:|1663558721\n|-formechange|p1a: \u5251\u76fe|Aegislash-Blade||[from] ability: Stance Change\n|move|p1a: \u5251\u76fe|Shadow Claw|p2a: Toxapex\n|-damage|p2a: Toxapex|28\/100\n|-damage|p1a: \u5251\u76fe|78\/100|[from] item: Rocky Helmet|[of] p2a: Toxapex\n|move|p2a: Toxapex|Knock Off|p1a: \u5251\u76fe\n|-supereffective|p1a: \u5251\u76fe\n|-damage|p1a: \u5251\u76fe|13\/100\n|-enditem|p1a: \u5251\u76fe|Choice Band|[from] move: Knock Off|[of] p2a: Toxapex\n|\n|upkeep\n|turn|12\n|\n|t:|1663558731\n|switch|p2a: Tornadus|Tornadus-Therian, M|100\/100\n|move|p1a: \u5251\u76fe|Shadow Claw|p2a: Tornadus\n|-damage|p2a: Tornadus|59\/100\n|\n|upkeep\n|turn|13\n|\n|t:|1663558736\n|move|p1a: \u5251\u76fe|Shadow Sneak|p2a: Tornadus\n|-damage|p2a: Tornadus|34\/100\n|move|p2a: Tornadus|Defog|p1a: \u5251\u76fe\n|-unboost|p1a: \u5251\u76fe|evasion|1\n|-sideend|p1: zzbzzbzzb|Stealth Rock|[from] move: Defog|[of] p2a: Tornadus\n|-sideend|p2: machugen|Stealth Rock|[from] move: Defog|[of] p2a: Tornadus\n|\n|upkeep\n|turn|14\n|\n|t:|1663558741\n|switch|p2a: Toxapex|Toxapex, M|62\/100\n|move|p1a: \u5251\u76fe|Shadow Sneak|p2a: Toxapex\n|-crit|p2a: Toxapex\n|-damage|p2a: Toxapex|41\/100\n|-damage|p1a: \u5251\u76fe|0 fnt|[from] item: Rocky Helmet|[of] p2a: Toxapex\n|faint|p1a: \u5251\u76fe\n|\n|upkeep\n|\n|t:|1663558749\n|switch|p1a: \u6076\u9f99|Hydreigon, F, shiny|100\/100\n|turn|15\n|\n|t:|1663558755\n|move|p1a: \u6076\u9f99|Nasty Plot|p1a: \u6076\u9f99\n|-boost|p1a: \u6076\u9f99|spa|2\n|move|p2a: Toxapex|Toxic|p1a: \u6076\u9f99\n|-status|p1a: \u6076\u9f99|tox\n|\n|-damage|p1a: \u6076\u9f99|94\/100 tox|[from] psn\n|upkeep\n|turn|16\n|\n|t:|1663558759\n|move|p1a: \u6076\u9f99|Earth Power|p2a: Toxapex\n|-supereffective|p2a: Toxapex\n|-damage|p2a: Toxapex|0 fnt\n|faint|p2a: Toxapex\n|-damage|p1a: \u6076\u9f99|85\/100 tox|[from] item: Life Orb\n|\n|-damage|p1a: \u6076\u9f99|72\/100 tox|[from] psn\n|upkeep\n|\n|t:|1663558765\n|switch|p2a: Tornadus|Tornadus-Therian, M|67\/100\n|turn|17\n|\n|t:|1663558774\n|move|p2a: Tornadus|U-turn|p1a: \u6076\u9f99\n|-supereffective|p1a: \u6076\u9f99\n|-damage|p1a: \u6076\u9f99|37\/100 tox\n|\n|t:|1663558776\n|switch|p2a: Landorus|Landorus-Therian, M|76\/100 tox|[from]move: U-turn\n|-ability|p2a: Landorus|Intimidate|boost\n|-unboost|p1a: \u6076\u9f99|atk|1\n|move|p1a: \u6076\u9f99|Draco Meteor|p2a: Landorus|[miss]\n|-miss|p1a: \u6076\u9f99|p2a: Landorus\n|\n|-heal|p2a: Landorus|82\/100 tox|[from] item: Leftovers\n|-damage|p1a: \u6076\u9f99|19\/100 tox|[from] psn\n|-damage|p2a: Landorus|76\/100 tox|[from] psn\n|upkeep\n|turn|18\n|\n|t:|1663558785\n|switch|p2a: Tornadus|Tornadus-Therian, M|100\/100\n|move|p1a: \u6076\u9f99|Draco Meteor|p2a: Tornadus\n|-damage|p2a: Tornadus|0 fnt\n|-unboost|p1a: \u6076\u9f99|spa|2\n|faint|p2a: Tornadus\n|-damage|p1a: \u6076\u9f99|9\/100 tox|[from] item: Life Orb\n|\n|-damage|p1a: \u6076\u9f99|0 fnt|[from] psn\n|faint|p1a: \u6076\u9f99\n|upkeep\n|\n|t:|1663558795\n|switch|p2a: Tapu Lele|Tapu Lele|100\/100\n|switch|p1a: \u4e3a\u4eba\u65b9\u6b63|Zapdos|90\/100\n|-fieldstart|move: Psychic Terrain|[from] ability: Psychic Surge|[of] p2a: Tapu Lele\n|turn|19\n|\n|t:|1663558800\n|move|p2a: Tapu Lele|Psychic|p1a: \u4e3a\u4eba\u65b9\u6b63\n|-damage|p1a: \u4e3a\u4eba\u65b9\u6b63|0 fnt\n|faint|p1a: \u4e3a\u4eba\u65b9\u6b63\n|\n|upkeep\n|\n|t:|1663558804\n|switch|p1a: \u5854\u7237|Melmetal|100\/100\n|turn|20\n|\n|t:|1663558811\n|switch|p2a: Magnezone|Magnezone|100\/100\n|-item|p2a: Magnezone|Air Balloon\n|move|p1a: \u5854\u7237|Earthquake|p2a: Magnezone\n|-immune|p2a: Magnezone\n|\n|upkeep\n|turn|21\n|\n|t:|1663558817\n|move|p2a: Magnezone|Iron Defense|p2a: Magnezone\n|-boost|p2a: Magnezone|def|2\n|move|p1a: \u5854\u7237|Double Iron Bash|p2a: Magnezone\n|-resisted|p2a: Magnezone\n|-damage|p2a: Magnezone|96\/100\n|-enditem|p2a: Magnezone|Air Balloon\n|-resisted|p2a: Magnezone\n|-damage|p2a: Magnezone|93\/100\n|-hitcount|p2a: Magnezone|2\n|\n|upkeep\n|turn|22\n|\n|t:|1663558820\n|move|p2a: Magnezone|Magnet Rise|p2a: Magnezone\n|-start|p2a: Magnezone|Magnet Rise\n|move|p1a: \u5854\u7237|Earthquake|p2a: Magnezone\n|-immune|p2a: Magnezone\n|\n|upkeep\n|turn|23\n|\n|t:|1663558825\n|move|p2a: Magnezone|Iron Defense|p2a: Magnezone\n|-boost|p2a: Magnezone|def|2\n|move|p1a: \u5854\u7237|Double Iron Bash|p2a: Magnezone\n|-resisted|p2a: Magnezone\n|-damage|p2a: Magnezone|90\/100\n|-resisted|p2a: Magnezone\n|-damage|p2a: Magnezone|87\/100\n|-hitcount|p2a: Magnezone|2\n|\n|-fieldend|move: Psychic Terrain\n|upkeep\n|turn|24\n|\n|t:|1663558828\n|move|p2a: Magnezone|Iron Defense|p2a: Magnezone\n|-boost|p2a: Magnezone|def|2\n|move|p1a: \u5854\u7237|Double Iron Bash|p2a: Magnezone\n|-resisted|p2a: Magnezone\n|-damage|p2a: Magnezone|86\/100\n|-resisted|p2a: Magnezone\n|-damage|p2a: Magnezone|84\/100\n|-hitcount|p2a: Magnezone|2\n|\n|upkeep\n|turn|25\n|\n|t:|1663558832\n|move|p2a: Magnezone|Body Press|p1a: \u5854\u7237\n|-supereffective|p1a: \u5854\u7237\n|-damage|p1a: \u5854\u7237|0 fnt\n|faint|p1a: \u5854\u7237\n|\n|upkeep\n|\n|t:|1663558835\n|switch|p1a: \u8389\u8389\u827e|Nihilego, shiny|100\/100\n|turn|26\n|\n|t:|1663558840\n|move|p1a: \u8389\u8389\u827e|Meteor Beam||[still]\n|-prepare|p1a: \u8389\u8389\u827e|Meteor Beam\n|-boost|p1a: \u8389\u8389\u827e|spa|1\n|-enditem|p1a: \u8389\u8389\u827e|Power Herb\n|-anim|p1a: \u8389\u8389\u827e|Meteor Beam|p2a: Magnezone\n|-resisted|p2a: Magnezone\n|-damage|p2a: Magnezone|37\/100\n|move|p2a: Magnezone|Body Press|p1a: \u8389\u8389\u827e\n|-damage|p1a: \u8389\u8389\u827e|0 fnt\n|faint|p1a: \u8389\u8389\u827e\n|\n|-end|p2a: Magnezone|Magnet Rise\n|upkeep\n|-message|zzbzzbzzb forfeited.\n|\n|win|machugen\n|raw|zzbzzbzzb's rating: 1461 &rarr; <strong>1449<\/strong><br \/>(-12 for losing)\n|raw|machugen's rating: 1610 &rarr; <strong>1622<\/strong><br \/>(+12 for winning)\n|l|\u2606zzbzzbzzb\n","uploadtime":1663558849,"views":21,"p1id":"zzbzzbzzb","p2id":"machugen","formatid":"gen8ou","rating":1449,"private":0,"password":null}