{"id":"gen8ou-1628574429","p1":"Jakkkkkka","p2":"LT91BB Storm","format":"gen8ou","log":"|raw|<div class=\"broadcast-blue\"><strong>This battle is required to be public due to a player having a name starting with 'lt91bb'.<\/div>\n|j|\u2606Jakkkkkka\n|j|\u2606LT91BB Storm\n|t:|1659195602\n|gametype|singles\n|player|p1|Jakkkkkka|norman|1784\n|player|p2|LT91BB Storm|#wcop2021latinamerica|1913\n|teamsize|p1|6\n|teamsize|p2|6\n|gen|8\n|tier|[Gen 8] OU\n|rated|\n|rule|Sleep Clause Mod: Limit one foe put to sleep\n|rule|Species Clause: Limit one of each Pok\u00e9mon\n|rule|OHKO Clause: OHKO moves are banned\n|rule|Evasion Moves Clause: Evasion moves are banned\n|rule|Endless Battle Clause: Forcing endless battles is banned\n|rule|HP Percentage Mod: HP is shown in percentages\n|rule|Dynamax Clause: You cannot dynamax\n|clearpoke\n|poke|p1|Alakazam, F|\n|poke|p1|Zapdos-Galar|\n|poke|p1|Cobalion|\n|poke|p1|Heatran, M|\n|poke|p1|Dragapult, F|\n|poke|p1|Rillaboom, M|\n|poke|p2|Regieleki|\n|poke|p2|Landorus-Therian, M|\n|poke|p2|Skarmory, M|\n|poke|p2|Slowking-Galar, M|\n|poke|p2|Toxapex, M|\n|poke|p2|Weavile, M|\n|teampreview\n|\n|t:|1659195611\n|start\n|switch|p1a: Cobalion|Cobalion|100\/100\n|switch|p2a: Enten|Landorus-Therian, M, shiny|100\/100\n|-ability|p2a: Enten|Intimidate|boost\n|-unboost|p1a: Cobalion|atk|1\n|turn|1\n|\n|t:|1659195619\n|move|p1a: Cobalion|Taunt|p2a: Enten\n|-start|p2a: Enten|move: Taunt\n|cant|p2a: Enten|move: Taunt|Stealth Rock\n|\n|upkeep\n|turn|2\n|j| LT91BB qtipsa\n|j| lzaaaaa\n|j| AcrOne\n|\n|t:|1659195624\n|move|p1a: Cobalion|Stealth Rock|p2a: Enten\n|-sidestart|p2: LT91BB Storm|move: Stealth Rock\n|move|p2a: Enten|Earthquake|p1a: Cobalion\n|-supereffective|p1a: Cobalion\n|-damage|p1a: Cobalion|18\/100\n|\n|upkeep\n|turn|3\n|j| LT91BB ownerdoor\n|j| CallMePrimal\n|j| Ernstbusch\n|j| DrasticLightning\n|j| vaguelone\n|j| marsandback\n|\n|t:|1659195629\n|switch|p1a: Zapdos|Zapdos-Galar|100\/100\n|move|p2a: Enten|U-turn|p1a: Zapdos\n|-resisted|p1a: Zapdos\n|-crit|p1a: Zapdos\n|-damage|p1a: Zapdos|91\/100\n|j| LT91BB Tace\n|\n|t:|1659195632\n|switch|p2a: Transistor|Regieleki, shiny|100\/100|[from]move: U-turn\n|\n|upkeep\n|turn|4\n|j| Trannos\n|j| Bleach\n|j| Djfjfjgkf\n|\n|t:|1659195639\n|move|p2a: Transistor|Volt Switch|p1a: Zapdos\n|-supereffective|p1a: Zapdos\n|-damage|p1a: Zapdos|0 fnt\n|faint|p1a: Zapdos\n|j| Separation\n|j|+susciety\n|j| Venositile\n|j| LT91BB Suf\n|j| lt91bb fenomeno\n|j| LT91BB Attr\n|j| We Three Kings\n|j| Heinrich Kemmler\n|l| Djfjfjgkf\n|j| Mournfinale\n|l| We Three Kings\n|l| Bleach\n|inactive|Battle timer is ON: inactive players will automatically lose when time's up. (requested by Jakkkkkka)\n|j| Drunkensailer\n|l| Heinrich Kemmler\n|l| LT91BB Attr\n|j| LT91BB Dasher\n|j| Bbeeaa\n|\n|t:|1659195689\n|switch|p2a: Enten|Landorus-Therian, M, shiny|100\/100|[from]move: Volt Switch\n|-damage|p2a: Enten|88\/100|[from] Stealth Rock\n|\n|-heal|p2a: Enten|94\/100|[from] item: Leftovers\n|upkeep\n|j| regnite \u25d5\u203f\u25d5\n|j| poopootest\n|\n|t:|1659195703\n|switch|p1a: Rillaboom|Rillaboom, M|100\/100\n|-fieldstart|move: Grassy Terrain|[from] ability: Grassy Surge|[of] p1a: Rillaboom\n|turn|5\n|j| CALL THE CREW\n|\n|t:|1659195715\n|move|p1a: Rillaboom|Swords Dance|p1a: Rillaboom\n|-boost|p1a: Rillaboom|atk|2\n|move|p2a: Enten|U-turn|p1a: Rillaboom\n|-supereffective|p1a: Rillaboom\n|-damage|p1a: Rillaboom|53\/100\n|\n|t:|1659195719\n|switch|p2a: Raptor|Skarmory, M, shiny|100\/100|[from]move: U-turn\n|-damage|p2a: Raptor|88\/100|[from] Stealth Rock\n|\n|-heal|p1a: Rillaboom|59\/100|[from] Grassy Terrain\n|upkeep\n|turn|6\n|\n|t:|1659195725\n|move|p1a: Rillaboom|Drain Punch|p2a: Raptor\n|-damage|p2a: Raptor|43\/100\n|-heal|p1a: Rillaboom|81\/100|[from] drain|[of] p2a: Raptor\n|-damage|p1a: Rillaboom|65\/100|[from] item: Rocky Helmet|[of] p2a: Raptor\n|-damage|p1a: Rillaboom|55\/100|[from] item: Life Orb\n|move|p2a: Raptor|Body Press|p1a: Rillaboom\n|-damage|p1a: Rillaboom|17\/100\n|\n|-heal|p1a: Rillaboom|23\/100|[from] Grassy Terrain\n|upkeep\n|turn|7\n|j| fvffdfd\n|\n|t:|1659195739\n|move|p1a: Rillaboom|Swords Dance|p1a: Rillaboom\n|-boost|p1a: Rillaboom|atk|2\n|move|p2a: Raptor|Body Press|p1a: Rillaboom\n|-damage|p1a: Rillaboom|0 fnt\n|faint|p1a: Rillaboom\n|\n|upkeep\n|j| Swag like Ohio\n|j| Bleach\n|\n|t:|1659195752\n|switch|p1a: Heatran|Heatran, M|100\/100\n|turn|8\n|l| Bleach\n|\n|t:|1659195756\n|switch|p2a: Serpentine|Toxapex, M, shiny|100\/100\n|-damage|p2a: Serpentine|88\/100|[from] Stealth Rock\n|move|p1a: Heatran|Eruption|p2a: Serpentine\n|-resisted|p2a: Serpentine\n|-damage|p2a: Serpentine|44\/100\n|\n|-heal|p2a: Serpentine|50\/100|[from] Grassy Terrain\n|upkeep\n|turn|9\n|\n|t:|1659195765\n|move|p1a: Heatran|Eruption|p2a: Serpentine\n|-resisted|p2a: Serpentine\n|-damage|p2a: Serpentine|10\/100\n|move|p2a: Serpentine|Recover|p2a: Serpentine\n|-heal|p2a: Serpentine|60\/100\n|\n|-heal|p2a: Serpentine|66\/100|[from] Grassy Terrain\n|-fieldend|move: Grassy Terrain\n|upkeep\n|turn|10\n|j| Accidere \u2601@!\n|l| lt91bb fenomeno\n|\n|t:|1659195777\n|move|p1a: Heatran|Eruption|p2a: Serpentine\n|-resisted|p2a: Serpentine\n|-damage|p2a: Serpentine|20\/100\n|move|p2a: Serpentine|Recover|p2a: Serpentine\n|-heal|p2a: Serpentine|70\/100\n|\n|upkeep\n|turn|11\n|\n|t:|1659195784\n|switch|p1a: Alakazam|Alakazam, F|100\/100\n|move|p2a: Serpentine|Recover|p2a: Serpentine\n|-heal|p2a: Serpentine|100\/100\n|\n|upkeep\n|turn|12\n|j| lt91bb fenomeno\n|\n|t:|1659195791\n|move|p1a: Alakazam|Thunder Wave|p2a: Serpentine\n|-status|p2a: Serpentine|par\n|move|p2a: Serpentine|Knock Off|p1a: Alakazam\n|-supereffective|p1a: Alakazam\n|-damage|p1a: Alakazam|27\/100\n|-enditem|p1a: Alakazam|Focus Sash|[from] move: Knock Off|[of] p2a: Serpentine\n|\n|upkeep\n|turn|13\n|j| zReptar\n|\n|t:|1659195798\n|move|p1a: Alakazam|Psychic|p2a: Serpentine\n|-supereffective|p2a: Serpentine\n|-damage|p2a: Serpentine|31\/100 par\n|-unboost|p2a: Serpentine|spd|1\n|cant|p2a: Serpentine|par\n|\n|upkeep\n|turn|14\n|\n|t:|1659195804\n|switch|p2a: Mantra|Slowking-Galar, M, shiny|100\/100\n|-damage|p2a: Mantra|88\/100|[from] Stealth Rock\n|move|p1a: Alakazam|Focus Blast|p2a: Mantra\n|-resisted|p2a: Mantra\n|-damage|p2a: Mantra|82\/100\n|\n|upkeep\n|turn|15\n|\n|t:|1659195814\n|move|p1a: Alakazam|Thunder Wave|p2a: Mantra\n|-status|p2a: Mantra|par\n|move|p2a: Mantra|Psyshock|p1a: Alakazam\n|-resisted|p1a: Alakazam\n|-damage|p1a: Alakazam|0 fnt\n|faint|p1a: Alakazam\n|\n|upkeep\n|l| zReptar\n|\n|t:|1659195822\n|switch|p1a: Heatran|Heatran, M|100\/100\n|turn|16\n|\n|t:|1659195832\n|move|p1a: Heatran|Eruption|p2a: Mantra\n|-damage|p2a: Mantra|11\/100 par\n|move|p2a: Mantra|Psyshock|p1a: Heatran\n|-resisted|p1a: Heatran\n|-damage|p1a: Heatran|81\/100\n|\n|upkeep\n|turn|17\n|l| LT91BB Tace\n|-message|Jakkkkkka forfeited.\n|\n|win|LT91BB Storm\n|raw|Jakkkkkka's rating: 1784 &rarr; <strong>1772<\/strong><br \/>(-12 for losing)\n|raw|LT91BB Storm's rating: 1931 &rarr; <strong>1943<\/strong><br \/>(+12 for winning)\n|l|\u2606Jakkkkkka\n|l| poopootest\n|l|\u2606LT91BB Storm\n|l| Venositile\n|l|+susciety\n|l| Trannos\n|l| Separation\n|l| LT91BB ownerdoor\n||Ladder isn't responding, score probably updated but might not have (Request timeout).\n|l| Mournfinale\n|l| CallMePrimal\n|l| CALL THE CREW\n|l| DrasticLightning\n|l| LT91BB Suf\n|l| LT91BB qtipsa\n|j| Yahtze\n|n| holddatlllll|marsandback\n","uploadtime":1659196029,"views":65,"p1id":"jakkkkkka","p2id":"lt91bbstorm","formatid":"gen8ou","rating":1772,"private":0,"password":null}