{"id":"gen8doublesou-1668641796","p1":"EVERYOPPSHOT","p2":"papiloco","format":"gen8doublesou","log":"|j|\u2606EVERYOPPSHOT\n|j|\u2606papiloco\n|t:|1663961771\n|gametype|doubles\n|player|p1|EVERYOPPSHOT|wallace-gen3|\n|player|p2|papiloco|#omplxtempertyrantrums|\n|teamsize|p1|6\n|teamsize|p2|6\n|gen|8\n|tier|[Gen 8] Doubles OU\n|rule|Species Clause: Limit one of each Pok\u00e9mon\n|rule|OHKO Clause: OHKO moves are banned\n|rule|Evasion Moves Clause: Evasion moves are banned\n|rule|Gravity Sleep Clause: The combination of sleep-inducing moves with imperfect accuracy and Gravity or Gigantamax Orbeetle are banned\n|rule|Endless Battle Clause: Forcing endless battles is banned\n|rule|HP Percentage Mod: HP is shown in percentages\n|rule|Dynamax Clause: You cannot dynamax\n|rule|Swagger Clause: Swagger is banned\n|clearpoke\n|poke|p1|Celesteela|\n|poke|p1|Kyurem-Black|\n|poke|p1|Rillaboom, M|\n|poke|p1|Dracovish|\n|poke|p1|Tyranitar, M|\n|poke|p1|Incineroar, F|\n|poke|p2|Kyurem-Black|\n|poke|p2|Genesect|\n|poke|p2|Incineroar, M|\n|poke|p2|Zygarde|\n|poke|p2|Rillaboom, F|\n|poke|p2|Mew|\n|teampreview\n|c|\u2606EVERYOPPSHOT|gl\n|c|\u2606papiloco|hf\n|\n|t:|1663961823\n|start\n|switch|p1a: Kyurem|Kyurem-Black|100\/100\n|switch|p1b: Incineroar|Incineroar, F|100\/100\n|switch|p2a: Genesect|Genesect, shiny|100\/100\n|switch|p2b: Mew|Mew|100\/100\n|-ability|p2a: Genesect|Download|boost\n|-boost|p2a: Genesect|atk|1\n|-ability|p1a: Kyurem|Teravolt\n|-ability|p1b: Incineroar|Intimidate|boost\n|-unboost|p2a: Genesect|atk|1\n|-unboost|p2b: Mew|atk|1\n|turn|1\n|\n|t:|1663961835\n|move|p2b: Mew|Fake Out|p1b: Incineroar\n|-damage|p1b: Incineroar|96\/100\n|cant|p1b: Incineroar|flinch\n|move|p2a: Genesect|Iron Head|p1a: Kyurem\n|-supereffective|p1a: Kyurem\n|-crit|p1a: Kyurem\n|-damage|p1a: Kyurem|8\/100\n|move|p1a: Kyurem|Dragon Dance|p1a: Kyurem\n|-boost|p1a: Kyurem|atk|1\n|-boost|p1a: Kyurem|spe|1\n|\n|upkeep\n|turn|2\n|\n|t:|1663961854\n|switch|p2a: Incineroar|Incineroar, M|100\/100\n|-ability|p2a: Incineroar|Intimidate|boost\n|-unboost|p1a: Kyurem|atk|1\n|-unboost|p1b: Incineroar|atk|1\n|move|p1a: Kyurem|Protect|p1a: Kyurem\n|-singleturn|p1a: Kyurem|Protect\n|move|p2b: Mew|Stealth Rock|p1a: Kyurem\n|-sidestart|p1: EVERYOPPSHOT|move: Stealth Rock\n|move|p1b: Incineroar|Parting Shot|p2a: Incineroar\n|-unboost|p2a: Incineroar|atk|1\n|-unboost|p2a: Incineroar|spa|1\n|\n|t:|1663961857\n|switch|p1b: Rillaboom|Rillaboom, M|100\/100|[from]move: Parting Shot\n|-damage|p1b: Rillaboom|88\/100|[from] Stealth Rock\n|-fieldstart|move: Grassy Terrain|[from] ability: Grassy Surge|[of] p1b: Rillaboom\n|\n|-heal|p1a: Kyurem|14\/100|[from] Grassy Terrain\n|-heal|p1b: Rillaboom|94\/100|[from] Grassy Terrain\n|upkeep\n|turn|3\n|\n|t:|1663961874\n|move|p1b: Rillaboom|Fake Out|p2a: Incineroar\n|-damage|p2a: Incineroar|86\/100\n|move|p1a: Kyurem|Icicle Spear|p2b: Mew\n|-damage|p2b: Mew|85\/100\n|-damage|p2b: Mew|68\/100\n|-damage|p2b: Mew|51\/100\n|-damage|p2b: Mew|34\/100\n|-hitcount|p2b: Mew|4\n|move|p2b: Mew|Psychic|p1a: Kyurem\n|-damage|p1a: Kyurem|0 fnt\n|faint|p1a: Kyurem\n|cant|p2a: Incineroar|flinch\n|\n|-heal|p2b: Mew|41\/100|[from] Grassy Terrain\n|-heal|p1b: Rillaboom|100\/100|[from] Grassy Terrain\n|-heal|p2a: Incineroar|92\/100|[from] Grassy Terrain\n|upkeep\n|\n|t:|1663961884\n|switch|p1a: Dracovish|Dracovish|100\/100\n|-damage|p1a: Dracovish|88\/100|[from] Stealth Rock\n|turn|4\n|\n|t:|1663961920\n|switch|p2b: Rillaboom|Rillaboom, F|100\/100\n|switch|p2a: Kyurem|Kyurem-Black|100\/100\n|-ability|p2a: Kyurem|Teravolt\n|move|p1a: Dracovish|Fishious Rend|p2a: Kyurem\n|-resisted|p2a: Kyurem\n|-damage|p2a: Kyurem|38\/100\n|move|p1b: Rillaboom|U-turn|p2b: Rillaboom\n|-supereffective|p2b: Rillaboom\n|-damage|p2b: Rillaboom|60\/100\n|\n|t:|1663961925\n|switch|p1b: Incineroar|Incineroar, F|96\/100|[from]move: U-turn\n|-damage|p1b: Incineroar|71\/100|[from] Stealth Rock\n|-ability|p1b: Incineroar|Intimidate|boost\n|-unboost|p2a: Kyurem|atk|1\n|-unboost|p2b: Rillaboom|atk|1\n|\n|-heal|p2a: Kyurem|45\/100|[from] Grassy Terrain\n|-heal|p1a: Dracovish|94\/100|[from] Grassy Terrain\n|-heal|p2b: Rillaboom|66\/100|[from] Grassy Terrain\n|-heal|p1b: Incineroar|77\/100|[from] Grassy Terrain\n|upkeep\n|turn|5\n|\n|t:|1663961953\n|move|p2b: Rillaboom|Fake Out|p1b: Incineroar\n|-damage|p1b: Incineroar|69\/100\n|cant|p1b: Incineroar|flinch\n|move|p2a: Kyurem|Freeze-Dry|p1a: Dracovish\n|-supereffective|p1a: Dracovish\n|-damage|p1a: Dracovish|0 fnt\n|faint|p1a: Dracovish\n|\n|-heal|p2a: Kyurem|51\/100|[from] Grassy Terrain\n|-heal|p2b: Rillaboom|72\/100|[from] Grassy Terrain\n|-heal|p1b: Incineroar|75\/100|[from] Grassy Terrain\n|upkeep\n|\n|t:|1663961960\n|switch|p1a: Celesteela|Celesteela|100\/100\n|-damage|p1a: Celesteela|88\/100|[from] Stealth Rock\n|turn|6\n|\n|t:|1663961976\n|move|p2a: Kyurem|Earth Power|p1b: Incineroar\n|-supereffective|p1b: Incineroar\n|-damage|p1b: Incineroar|33\/100\n|move|p2b: Rillaboom|Superpower|p1b: Incineroar\n|-supereffective|p1b: Incineroar\n|-damage|p1b: Incineroar|0 fnt\n|-unboost|p2b: Rillaboom|atk|1\n|-unboost|p2b: Rillaboom|def|1\n|faint|p1b: Incineroar\n|move|p1a: Celesteela|Meteor Beam||[still]\n|-prepare|p1a: Celesteela|Meteor Beam\n|-boost|p1a: Celesteela|spa|1\n|-enditem|p1a: Celesteela|Power Herb\n|-anim|p1a: Celesteela|Meteor Beam|p2a: Kyurem\n|-supereffective|p2a: Kyurem\n|-damage|p2a: Kyurem|0 fnt\n|faint|p2a: Kyurem\n|-ability|p1a: Celesteela|Beast Boost|boost\n|-boost|p1a: Celesteela|spa|1\n|\n|-heal|p2b: Rillaboom|78\/100|[from] Grassy Terrain\n|-fieldend|move: Grassy Terrain\n|upkeep\n|\n|t:|1663961992\n|switch|p2a: Mew|Mew|41\/100\n|switch|p1b: Tyranitar|Tyranitar, M|100\/100\n|-damage|p1b: Tyranitar|88\/100|[from] Stealth Rock\n|-weather|Sandstorm|[from] ability: Sand Stream|[of] p1b: Tyranitar\n|turn|7\n|\n|t:|1663962002\n|switch|p2b: Incineroar|Incineroar, M|92\/100\n|-ability|p2b: Incineroar|Intimidate|boost\n|-unboost|p1a: Celesteela|atk|1\n|-unboost|p1b: Tyranitar|atk|1\n|move|p2a: Mew|Fake Out|p1a: Celesteela\n|-resisted|p1a: Celesteela\n|-damage|p1a: Celesteela|85\/100\n|move|p1b: Tyranitar|Crunch|p2a: Mew\n|-supereffective|p2a: Mew\n|-damage|p2a: Mew|0 fnt\n|faint|p2a: Mew\n|cant|p1a: Celesteela|flinch\n|\n|-weather|Sandstorm|[upkeep]\n|-damage|p2b: Incineroar|86\/100|[from] Sandstorm\n|upkeep\n|\n|t:|1663962034\n|switch|p2a: Zygarde|Zygarde|100\/100\n|-ability|p2a: Zygarde|Aura Break\n|turn|8\n|\n|t:|1663962049\n|move|p1a: Celesteela|Wide Guard|p1a: Celesteela\n|-singleturn|p1a: Celesteela|Wide Guard\n|move|p2a: Zygarde|Thousand Arrows|p1b: Tyranitar|[spread] \n|-activate|p1a: Celesteela|move: Wide Guard\n|-activate|p1b: Tyranitar|move: Wide Guard\n|move|p2b: Incineroar|Flare Blitz|p1b: Tyranitar\n|-resisted|p1b: Tyranitar\n|-damage|p1b: Tyranitar|71\/100\n|-damage|p2b: Incineroar|81\/100|[from] Recoil\n|move|p1b: Tyranitar|Crunch|p2a: Zygarde\n|-damage|p2a: Zygarde|78\/100\n|-unboost|p2a: Zygarde|def|1\n|\n|-weather|Sandstorm|[upkeep]\n|-damage|p2b: Incineroar|75\/100|[from] Sandstorm\n|upkeep\n|turn|9\n|\n|t:|1663962066\n|move|p2a: Zygarde|Superpower|p1b: Tyranitar\n|-supereffective|p1b: Tyranitar\n|-damage|p1b: Tyranitar|0 fnt\n|-unboost|p2a: Zygarde|atk|1\n|-unboost|p2a: Zygarde|def|1\n|faint|p1b: Tyranitar\n|move|p2b: Incineroar|Flare Blitz|p1a: Celesteela\n|-supereffective|p1a: Celesteela\n|-damage|p1a: Celesteela|6\/100\n|-damage|p2b: Incineroar|48\/100|[from] Recoil\n|move|p1a: Celesteela|Air Slash|p2b: Incineroar\n|-damage|p2b: Incineroar|0 fnt\n|faint|p2b: Incineroar\n|-ability|p1a: Celesteela|Beast Boost|boost\n|-boost|p1a: Celesteela|spa|1\n|\n|-weather|Sandstorm|[upkeep]\n|upkeep\n|\n|t:|1663962082\n|switch|p2b: Genesect|Genesect, shiny|100\/100\n|switch|p1b: Rillaboom|Rillaboom, M|100\/100\n|-ability|p2b: Genesect|Download|boost\n|-boost|p2b: Genesect|spa|1\n|-damage|p1b: Rillaboom|88\/100|[from] Stealth Rock\n|-fieldstart|move: Grassy Terrain|[from] ability: Grassy Surge|[of] p1b: Rillaboom\n|turn|10\n|\n|t:|1663962089\n|move|p1b: Rillaboom|Grassy Glide|p2a: Zygarde\n|-damage|p2a: Zygarde|7\/100\n|move|p2b: Genesect|Flamethrower|p1a: Celesteela\n|-supereffective|p1a: Celesteela\n|-damage|p1a: Celesteela|0 fnt\n|faint|p1a: Celesteela\n|move|p2a: Zygarde|Superpower|p1b: Rillaboom\n|-crit|p1b: Rillaboom\n|-damage|p1b: Rillaboom|34\/100\n|-unboost|p2a: Zygarde|atk|1\n|-unboost|p2a: Zygarde|def|1\n|-enditem|p1b: Rillaboom|Sitrus Berry|[eat]\n|-heal|p1b: Rillaboom|59\/100|[from] item: Sitrus Berry\n|\n|-weather|Sandstorm|[upkeep]\n|-damage|p1b: Rillaboom|53\/100|[from] Sandstorm\n|-heal|p2a: Zygarde|13\/100|[from] Grassy Terrain\n|-heal|p1b: Rillaboom|59\/100|[from] Grassy Terrain\n|upkeep\n|turn|11\n|c|\u2606EVERYOPPSHOT|gg\n|c|\u2606papiloco|gg\n|\n|t:|1663962104\n|move|p1b: Rillaboom|Grassy Glide|p2a: Zygarde\n|-damage|p2a: Zygarde|0 fnt\n|faint|p2a: Zygarde\n|move|p2b: Genesect|Flamethrower|p1b: Rillaboom\n|-supereffective|p1b: Rillaboom\n|-damage|p1b: Rillaboom|0 fnt\n|faint|p1b: Rillaboom\n|\n|win|papiloco\n","uploadtime":1663962107,"views":26,"p1id":"everyoppshot","p2id":"papiloco","formatid":"gen8doublesou","rating":0,"private":0,"password":null}