{"id":"gen8ou-1064920443","p1":"Lessker123","p2":"Walletinspector62","format":"gen8ou","log":"|j|\u2606Lessker123\n|j|\u2606Walletinspector62\n|player|p1|Lessker123|koga|1383\n|player|p2|Walletinspector62|2|1413\n|teamsize|p1|6\n|teamsize|p2|6\n|gametype|singles\n|gen|8\n|tier|[Gen 8] OU\n|rated|\n|clearpoke\n|poke|p1|Sylveon, F|\n|poke|p1|Obstagoon, M|\n|poke|p1|Dragapult, M|\n|poke|p1|Cobalion|\n|poke|p1|Rotom-Mow|\n|poke|p1|Seismitoad, M|\n|poke|p2|Meltan|\n|poke|p2|Primarina, M|\n|poke|p2|Excadrill, M|\n|poke|p2|Rotom-Mow|\n|poke|p2|Kommo-o, M|\n|poke|p2|Mandibuzz, F|\n|rule|Sleep Clause Mod: Limit one foe put to sleep\n|rule|Species Clause: Limit one of each Pok\u00e9mon\n|rule|OHKO Clause: OHKO moves are banned\n|rule|Evasion Moves Clause: Evasion moves are banned\n|rule|Endless Battle Clause: Forcing endless battles is banned\n|rule|HP Percentage Mod: HP is shown in percentages\n|rule|Dynamax Clause: You cannot dynamax\n|teampreview\n|\n|start\n|switch|p1a: Obstagoon|Obstagoon, M, shiny|100\/100\n|switch|p2a: Rotom|Rotom-Mow|100\/100\n|turn|1\n|inactive|Battle timer is ON: inactive players will automatically lose when time's up. (requested by Lessker123)\n|\n|move|p1a: Obstagoon|Knock Off|p2a: Rotom\n|-damage|p2a: Rotom|49\/100\n|-enditem|p2a: Rotom|Leftovers|[from] move: Knock Off|[of] p1a: Obstagoon\n|move|p2a: Rotom|Thunder Wave|p1a: Obstagoon\n|-status|p1a: Obstagoon|par\n|\n|upkeep\n|turn|2\n|\n|move|p2a: Rotom|Volt Switch|p1a: Obstagoon\n|-damage|p1a: Obstagoon|60\/100 par\n|\n|switch|p2a: Kommo-o|Kommo-o, M|100\/100|[from]move: Volt Switch\n|move|p1a: Obstagoon|Facade|p2a: Kommo-o\n|-damage|p2a: Kommo-o|50\/100\n|\n|-heal|p2a: Kommo-o|57\/100|[from] item: Leftovers\n|upkeep\n|turn|3\n|\n|move|p2a: Kommo-o|Stealth Rock|p1a: Obstagoon\n|-sidestart|p1: Lessker123|move: Stealth Rock\n|move|p1a: Obstagoon|Parting Shot|p2a: Kommo-o\n|-unboost|p2a: Kommo-o|atk|1\n|-unboost|p2a: Kommo-o|spa|1\n|\n|switch|p1a: Rotom|Rotom-Mow, shiny|100\/100|[from]move: Parting Shot\n|-damage|p1a: Rotom|88\/100|[from] Stealth Rock\n|\n|-heal|p1a: Rotom|94\/100|[from] item: Leftovers\n|-heal|p2a: Kommo-o|63\/100|[from] item: Leftovers\n|upkeep\n|turn|4\n|inactive|Walletinspector62 has 120 seconds left.\n|\n|move|p1a: Rotom|Leaf Storm|p2a: Kommo-o\n|-resisted|p2a: Kommo-o\n|-damage|p2a: Kommo-o|35\/100\n|-unboost|p1a: Rotom|spa|2\n|move|p2a: Kommo-o|Poison Jab|p1a: Rotom\n|-supereffective|p1a: Rotom\n|-damage|p1a: Rotom|56\/100\n|-status|p1a: Rotom|psn\n|\n|-heal|p1a: Rotom|62\/100 psn|[from] item: Leftovers\n|-heal|p2a: Kommo-o|41\/100|[from] item: Leftovers\n|-damage|p1a: Rotom|50\/100 psn|[from] psn\n|upkeep\n|turn|5\n|\n|switch|p2a: Meltan|Meltan|100\/100\n|move|p1a: Rotom|Volt Switch|p2a: Meltan\n|-damage|p2a: Meltan|61\/100\n|\n|switch|p1a: Seismitoad|Seismitoad, M|100\/100|[from]move: Volt Switch\n|-damage|p1a: Seismitoad|94\/100|[from] Stealth Rock\n|\n|-heal|p1a: Seismitoad|100\/100|[from] item: Leftovers\n|upkeep\n|turn|6\n|\n|move|p1a: Seismitoad|Earth Power|p2a: Meltan\n|-supereffective|p2a: Meltan\n|-damage|p2a: Meltan|0 fnt\n|faint|p2a: Meltan\n|\n|upkeep\n|\n|switch|p2a: Rotom|Rotom-Mow|49\/100\n|turn|7\n|\n|switch|p1a: Rotom|Rotom-Mow, shiny|50\/100 psn\n|-damage|p1a: Rotom|37\/100 psn|[from] Stealth Rock\n|move|p2a: Rotom|Leaf Storm|p1a: Rotom\n|-resisted|p1a: Rotom\n|-damage|p1a: Rotom|0 fnt\n|-unboost|p2a: Rotom|spa|2\n|faint|p1a: Rotom\n|\n|upkeep\n|\n|switch|p1a: Dragapult|Dragapult, M, shiny|100\/100\n|-damage|p1a: Dragapult|88\/100|[from] Stealth Rock\n|turn|8\n|\n|switch|p2a: Mandibuzz|Mandibuzz, F|100\/100\n|move|p1a: Dragapult|Dragon Dance|p1a: Dragapult\n|-boost|p1a: Dragapult|atk|1\n|-boost|p1a: Dragapult|spe|1\n|\n|upkeep\n|turn|9\n|\n|move|p1a: Dragapult|U-turn|p2a: Mandibuzz\n|-damage|p2a: Mandibuzz|77\/100\n|-damage|p1a: Dragapult|72\/100|[from] item: Rocky Helmet|[of] p2a: Mandibuzz\n|\n|switch|p1a: Cobalion|Cobalion, shiny|100\/100|[from]move: U-turn\n|-damage|p1a: Cobalion|97\/100|[from] Stealth Rock\n|move|p2a: Mandibuzz|Foul Play|p1a: Cobalion\n|-resisted|p1a: Cobalion\n|-damage|p1a: Cobalion|81\/100\n|-ability|p1a: Cobalion|Justified|boost\n|-boost|p1a: Cobalion|atk|1\n|\n|-heal|p1a: Cobalion|87\/100|[from] item: Leftovers\n|upkeep\n|turn|10\n|\n|switch|p2a: Rotom|Rotom-Mow|49\/100\n|move|p1a: Cobalion|Stone Edge|p2a: Rotom\n|-damage|p2a: Rotom|0 fnt\n|faint|p2a: Rotom\n|\n|-heal|p1a: Cobalion|94\/100|[from] item: Leftovers\n|upkeep\n|\n|switch|p2a: Primarina|Primarina, M|100\/100\n|turn|11\n|\n|move|p1a: Cobalion|Iron Head|p2a: Primarina\n|-damage|p2a: Primarina|40\/100\n|cant|p2a: Primarina|flinch\n|\n|-heal|p1a: Cobalion|99\/100|[from] item: Leftovers\n|upkeep\n|turn|12\n|\n|move|p1a: Cobalion|Iron Head|p2a: Primarina\n|-damage|p2a: Primarina|0 fnt\n|faint|p2a: Primarina\n|\n|-heal|p1a: Cobalion|100\/100|[from] item: Leftovers\n|upkeep\n|\n|switch|p2a: Kommo-o|Kommo-o, M|41\/100\n|turn|13\n|\n|move|p1a: Cobalion|Close Combat|p2a: Kommo-o\n|-damage|p2a: Kommo-o|1\/100\n|-unboost|p1a: Cobalion|def|1\n|-unboost|p1a: Cobalion|spd|1\n|move|p2a: Kommo-o|Close Combat|p1a: Cobalion\n|-supereffective|p1a: Cobalion\n|-damage|p1a: Cobalion|0 fnt\n|-unboost|p2a: Kommo-o|def|1\n|-unboost|p2a: Kommo-o|spd|1\n|faint|p1a: Cobalion\n|\n|-heal|p2a: Kommo-o|7\/100|[from] item: Leftovers\n|upkeep\n|\n|switch|p1a: Sylveon|Sylveon, F, shiny|100\/100\n|-damage|p1a: Sylveon|88\/100|[from] Stealth Rock\n|turn|14\n|\n|switch|p2a: Excadrill|Excadrill, M|100\/100\n|-ability|p2a: Excadrill|Mold Breaker\n|move|p1a: Sylveon|Quick Attack|p2a: Excadrill\n|-resisted|p2a: Excadrill\n|-damage|p2a: Excadrill|92\/100\n|\n|upkeep\n|turn|15\n|\n|switch|p1a: Obstagoon|Obstagoon, M, shiny|60\/100 par\n|-damage|p1a: Obstagoon|48\/100 par|[from] Stealth Rock\n|move|p2a: Excadrill|Iron Head|p1a: Obstagoon\n|-damage|p1a: Obstagoon|0 fnt\n|-damage|p2a: Excadrill|82\/100|[from] item: Life Orb\n|faint|p1a: Obstagoon\n|\n|upkeep\n|\n|switch|p1a: Seismitoad|Seismitoad, M|100\/100\n|-damage|p1a: Seismitoad|94\/100|[from] Stealth Rock\n|turn|16\n|\n|switch|p2a: Kommo-o|Kommo-o, M|7\/100\n|move|p1a: Seismitoad|Earth Power|p2a: Kommo-o\n|-damage|p2a: Kommo-o|0 fnt\n|faint|p2a: Kommo-o\n|\n|-heal|p1a: Seismitoad|100\/100|[from] item: Leftovers\n|upkeep\n|\n|switch|p2a: Mandibuzz|Mandibuzz, F|77\/100\n|turn|17\n|\n|switch|p1a: Sylveon|Sylveon, F, shiny|88\/100\n|-damage|p1a: Sylveon|76\/100|[from] Stealth Rock\n|move|p2a: Mandibuzz|Foul Play|p1a: Sylveon\n|-resisted|p1a: Sylveon\n|-damage|p1a: Sylveon|62\/100\n|\n|upkeep\n|turn|18\n|\n|move|p2a: Mandibuzz|U-turn|p1a: Sylveon\n|-resisted|p1a: Sylveon\n|-damage|p1a: Sylveon|55\/100\n|\n|switch|p2a: Excadrill|Excadrill, M|82\/100|[from]move: U-turn\n|-ability|p2a: Excadrill|Mold Breaker\n|move|p1a: Sylveon|Draining Kiss|p2a: Excadrill\n|-resisted|p2a: Excadrill\n|-damage|p2a: Excadrill|65\/100\n|-heal|p1a: Sylveon|67\/100|[from] drain|[of] p2a: Excadrill\n|\n|upkeep\n|turn|19\n|\n|switch|p1a: Dragapult|Dragapult, M, shiny|72\/100\n|-damage|p1a: Dragapult|59\/100|[from] Stealth Rock\n|move|p2a: Excadrill|Iron Head|p1a: Dragapult\n|-damage|p1a: Dragapult|0 fnt\n|-damage|p2a: Excadrill|55\/100|[from] item: Life Orb\n|faint|p1a: Dragapult\n|\n|upkeep\n|\n|switch|p1a: Seismitoad|Seismitoad, M|100\/100\n|-damage|p1a: Seismitoad|94\/100|[from] Stealth Rock\n|turn|20\n|\n|switch|p2a: Mandibuzz|Mandibuzz, F|77\/100\n|move|p1a: Seismitoad|Scald|p2a: Mandibuzz\n|-damage|p2a: Mandibuzz|46\/100\n|\n|-heal|p1a: Seismitoad|100\/100|[from] item: Leftovers\n|upkeep\n|turn|21\n|\n|switch|p1a: Sylveon|Sylveon, F, shiny|67\/100\n|-damage|p1a: Sylveon|54\/100|[from] Stealth Rock\n|move|p2a: Mandibuzz|U-turn|p1a: Sylveon\n|-resisted|p1a: Sylveon\n|-damage|p1a: Sylveon|48\/100\n|\n|switch|p2a: Excadrill|Excadrill, M|55\/100|[from]move: U-turn\n|-ability|p2a: Excadrill|Mold Breaker\n|\n|upkeep\n|turn|22\n|\n|move|p1a: Sylveon|Quick Attack|p2a: Excadrill\n|-resisted|p2a: Excadrill\n|-damage|p2a: Excadrill|46\/100\n|move|p2a: Excadrill|Earthquake|p1a: Sylveon\n|-damage|p1a: Sylveon|0 fnt\n|-damage|p2a: Excadrill|37\/100|[from] item: Life Orb\n|faint|p1a: Sylveon\n|\n|upkeep\n|\n|switch|p1a: Seismitoad|Seismitoad, M|100\/100\n|-damage|p1a: Seismitoad|94\/100|[from] Stealth Rock\n|turn|23\n|\n|move|p2a: Excadrill|Earthquake|p1a: Seismitoad\n|-damage|p1a: Seismitoad|26\/100\n|-damage|p2a: Excadrill|27\/100|[from] item: Life Orb\n|move|p1a: Seismitoad|Scald|p2a: Excadrill\n|-supereffective|p2a: Excadrill\n|-damage|p2a: Excadrill|0 fnt\n|faint|p2a: Excadrill\n|\n|-heal|p1a: Seismitoad|32\/100|[from] item: Leftovers\n|upkeep\n|\n|switch|p2a: Mandibuzz|Mandibuzz, F|46\/100\n|turn|24\n|\n|move|p2a: Mandibuzz|Roost|p2a: Mandibuzz\n|-heal|p2a: Mandibuzz|96\/100\n|-singleturn|p2a: Mandibuzz|move: Roost\n|move|p1a: Seismitoad|Icy Wind|p2a: Mandibuzz\n|-damage|p2a: Mandibuzz|84\/100\n|-unboost|p2a: Mandibuzz|spe|1\n|\n|-heal|p1a: Seismitoad|38\/100|[from] item: Leftovers\n|upkeep\n|turn|25\n|\n|move|p1a: Seismitoad|Scald|p2a: Mandibuzz\n|-damage|p2a: Mandibuzz|57\/100\n|-status|p2a: Mandibuzz|brn\n|move|p2a: Mandibuzz|Foul Play|p1a: Seismitoad\n|-damage|p1a: Seismitoad|26\/100\n|\n|-heal|p1a: Seismitoad|32\/100|[from] item: Leftovers\n|-damage|p2a: Mandibuzz|51\/100 brn|[from] brn\n|upkeep\n|turn|26\n|\n|move|p1a: Seismitoad|Icy Wind|p2a: Mandibuzz\n|-supereffective|p2a: Mandibuzz\n|-damage|p2a: Mandibuzz|25\/100 brn\n|-unboost|p2a: Mandibuzz|spe|1\n|move|p2a: Mandibuzz|Roost|p2a: Mandibuzz\n|-heal|p2a: Mandibuzz|75\/100 brn\n|-singleturn|p2a: Mandibuzz|move: Roost\n|\n|-heal|p1a: Seismitoad|38\/100|[from] item: Leftovers\n|-damage|p2a: Mandibuzz|69\/100 brn|[from] brn\n|upkeep\n|turn|27\n|\n|move|p1a: Seismitoad|Scald|p2a: Mandibuzz\n|-damage|p2a: Mandibuzz|41\/100 brn\n|move|p2a: Mandibuzz|Roost|p2a: Mandibuzz\n|-heal|p2a: Mandibuzz|91\/100 brn\n|-singleturn|p2a: Mandibuzz|move: Roost\n|\n|-heal|p1a: Seismitoad|44\/100|[from] item: Leftovers\n|-damage|p2a: Mandibuzz|85\/100 brn|[from] brn\n|upkeep\n|turn|28\n|\n|move|p1a: Seismitoad|Scald|p2a: Mandibuzz\n|-damage|p2a: Mandibuzz|58\/100 brn\n|move|p2a: Mandibuzz|Foul Play|p1a: Seismitoad\n|-damage|p1a: Seismitoad|31\/100\n|\n|-heal|p1a: Seismitoad|37\/100|[from] item: Leftovers\n|-damage|p2a: Mandibuzz|52\/100 brn|[from] brn\n|upkeep\n|turn|29\n|\n|move|p1a: Seismitoad|Icy Wind|p2a: Mandibuzz\n|-supereffective|p2a: Mandibuzz\n|-damage|p2a: Mandibuzz|26\/100 brn\n|-unboost|p2a: Mandibuzz|spe|1\n|move|p2a: Mandibuzz|Roost|p2a: Mandibuzz\n|-heal|p2a: Mandibuzz|76\/100 brn\n|-singleturn|p2a: Mandibuzz|move: Roost\n|\n|-heal|p1a: Seismitoad|43\/100|[from] item: Leftovers\n|-damage|p2a: Mandibuzz|70\/100 brn|[from] brn\n|upkeep\n|turn|30\n|\n|move|p1a: Seismitoad|Icy Wind|p2a: Mandibuzz\n|-supereffective|p2a: Mandibuzz\n|-damage|p2a: Mandibuzz|44\/100 brn\n|-unboost|p2a: Mandibuzz|spe|1\n|move|p2a: Mandibuzz|Roost|p2a: Mandibuzz\n|-heal|p2a: Mandibuzz|94\/100 brn\n|-singleturn|p2a: Mandibuzz|move: Roost\n|\n|-heal|p1a: Seismitoad|49\/100|[from] item: Leftovers\n|-damage|p2a: Mandibuzz|88\/100 brn|[from] brn\n|upkeep\n|turn|31\n|\n|move|p1a: Seismitoad|Icy Wind|p2a: Mandibuzz\n|-supereffective|p2a: Mandibuzz\n|-damage|p2a: Mandibuzz|63\/100 brn\n|-unboost|p2a: Mandibuzz|spe|1\n|move|p2a: Mandibuzz|Foul Play|p1a: Seismitoad\n|-damage|p1a: Seismitoad|36\/100\n|\n|-heal|p1a: Seismitoad|42\/100|[from] item: Leftovers\n|-damage|p2a: Mandibuzz|56\/100 brn|[from] brn\n|upkeep\n|turn|32\n|\n|move|p1a: Seismitoad|Scald|p2a: Mandibuzz\n|-damage|p2a: Mandibuzz|28\/100 brn\n|move|p2a: Mandibuzz|Foul Play|p1a: Seismitoad\n|-damage|p1a: Seismitoad|30\/100\n|\n|-heal|p1a: Seismitoad|36\/100|[from] item: Leftovers\n|-damage|p2a: Mandibuzz|22\/100 brn|[from] brn\n|upkeep\n|turn|33\n|\n|move|p1a: Seismitoad|Scald|p2a: Mandibuzz\n|-damage|p2a: Mandibuzz|0 fnt\n|faint|p2a: Mandibuzz\n|\n|win|Lessker123\n","uploadtime":1581978070,"views":4,"p1id":"lessker123","p2id":"walletinspector62","formatid":"gen8ou","rating":0,"private":0,"password":null}