{"id":"gen8bdspou-1457754256","p1":"85792195wwww","p2":"i know im horrible","format":"gen8bdspou","log":"|j|\u260685792195wwww\n|j|\u2606i know im horrible\n|t:|1637418427\n|gametype|singles\n|player|p1|85792195wwww|lady|1312\n|player|p2|i know im horrible|102|1363\n|teamsize|p1|6\n|teamsize|p2|6\n|gen|8\n|tier|[Gen 8 BDSP] OU\n|rated|\n|rule|Sleep Clause Mod: Limit one foe put to sleep\n|rule|Species Clause: Limit one of each Pok\u00e9mon\n|rule|OHKO Clause: OHKO moves are banned\n|rule|Evasion Moves Clause: Evasion moves are banned\n|rule|Endless Battle Clause: Forcing endless battles is banned\n|rule|HP Percentage Mod: HP is shown in percentages\n|clearpoke\n|poke|p1|Mamoswine, M|\n|poke|p1|Clefable, M|\n|poke|p1|Kabutops, F|\n|poke|p1|Pelipper, F|\n|poke|p1|Alakazam, F|\n|poke|p1|Manaphy|\n|poke|p2|Abomasnow, M|\n|poke|p2|Metagross|\n|poke|p2|Azelf|\n|poke|p2|Heracross, M|\n|poke|p2|Gyarados, F|\n|poke|p2|Salamence, F|\n|teampreview\n|\n|t:|1637418437\n|start\n|switch|p1a: Alakazam|Alakazam, F|100\/100\n|switch|p2a: Azelf|Azelf|100\/100\n|turn|1\n|\n|t:|1637418443\n|move|p1a: Alakazam|Shadow Ball|p2a: Azelf\n|-supereffective|p2a: Azelf\n|-damage|p2a: Azelf|0 fnt\n|faint|p2a: Azelf\n|\n|upkeep\n|\n|t:|1637418455\n|switch|p2a: Heracross|Heracross, M|100\/100\n|turn|2\n|j| lanceiscute\n|\n|t:|1637418462\n|switch|p1a: Clefable|Clefable, M|100\/100\n|move|p2a: Heracross|Stone Edge|p1a: Clefable\n|-damage|p1a: Clefable|76\/100\n|\n|-heal|p1a: Clefable|83\/100|[from] item: Leftovers\n|upkeep\n|turn|3\n|l| lanceiscute\n|\n|t:|1637418476\n|switch|p2a: Metagross|Metagross|100\/100\n|switch|p1a: Mamoswine|Mamoswine, M|100\/100\n|\n|upkeep\n|turn|4\n|\n|t:|1637418483\n|switch|p2a: Gyarados|Gyarados, F|100\/100\n|move|p1a: Mamoswine|Earthquake|p2a: Gyarados\n|-immune|p2a: Gyarados\n|\n|upkeep\n|turn|5\n|\n|t:|1637418491\n|move|p1a: Mamoswine|Freeze-Dry|p2a: Gyarados\n|-supereffective|p2a: Gyarados\n|-damage|p2a: Gyarados|6\/100\n|-status|p2a: Gyarados|frz\n|-damage|p1a: Mamoswine|91\/100|[from] item: Life Orb\n|cant|p2a: Gyarados|frz\n|\n|-heal|p2a: Gyarados|12\/100 frz|[from] item: Leftovers\n|upkeep\n|turn|6\n|\n|t:|1637418503\n|move|p1a: Mamoswine|Ice Shard|p2a: Gyarados\n|-damage|p2a: Gyarados|0 fnt\n|faint|p2a: Gyarados\n|-damage|p1a: Mamoswine|81\/100|[from] item: Life Orb\n|\n|upkeep\n|\n|t:|1637418507\n|switch|p2a: Heracross|Heracross, M|100\/100\n|turn|7\n|\n|t:|1637418511\n|switch|p2a: Metagross|Metagross|100\/100\n|switch|p1a: Pelipper|Pelipper, F|100\/100\n|-weather|RainDance|[from] ability: Drizzle|[of] p1a: Pelipper\n|\n|-weather|RainDance|[upkeep]\n|upkeep\n|turn|8\n|\n|t:|1637418522\n|move|p2a: Metagross|Agility|p2a: Metagross\n|-boost|p2a: Metagross|spe|2\n|move|p1a: Pelipper|Scald|p2a: Metagross\n|-damage|p2a: Metagross|48\/100\n|-status|p2a: Metagross|brn\n|\n|-weather|RainDance|[upkeep]\n|-heal|p2a: Metagross|54\/100 brn|[from] item: Leftovers\n|-damage|p2a: Metagross|48\/100 brn|[from] brn\n|upkeep\n|turn|9\n|c|\u2606i know im horrible|all luck\n|-message|i know im horrible forfeited.\n|\n|win|85792195wwww\n|raw|85792195wwww's rating: 1312 &rarr; <strong>1335<\/strong><br \/>(+23 for winning)\n|raw|i know im horrible's rating: 1363 &rarr; <strong>1340<\/strong><br \/>(-23 for losing)\n|l|\u2606i know im horrible\n","uploadtime":1637418538,"views":17,"p1id":"85792195wwww","p2id":"iknowimhorrible","formatid":"gen8bdspou","rating":1335,"private":0,"password":null}