{"id":"gen8purehackmons-1056976254","p1":"K3ppr","p2":"ferromolybdenum","format":"gen8purehackmons","log":"|j|\u2606K3ppr\n|j|\u2606ferromolybdenum\n|player|p1|K3ppr|koga|1322\n|player|p2|ferromolybdenum|lucas|1265\n|teamsize|p1|6\n|teamsize|p2|6\n|gametype|singles\n|gen|8\n|tier|[Gen 8] Pure Hackmons\n|rated|\n|clearpoke\n|poke|p1|Eternatus-Eternamax|\n|poke|p1|Eternatus-Eternamax|\n|poke|p1|Dragapult, M|\n|poke|p1|Eternatus-Eternamax|\n|poke|p1|Kyurem-White|\n|poke|p1|Zacian-Crowned|\n|poke|p2|Zeraora|\n|poke|p2|Ninjask, M|\n|poke|p2|Eternatus-Eternamax|\n|poke|p2|Bewear, M|\n|poke|p2|Eternatus-Eternamax|\n|poke|p2|Ninjask, F|\n|rule|HP Percentage Mod: HP is shown in percentages\n|rule|Endless Battle Clause: Forcing endless battles is banned\n|teampreview\n|\n|start\n|switch|p1a: Zacian|Zacian-Crowned|100\/100\n|switch|p2a: Eternatus-Eternama|Eternatus-Eternamax|100\/100\n|-ability|p1a: Zacian|Neutralizing Gas\n|turn|1\n|\n|switch|p1a: Eternatus-Eternama|Eternatus-Eternamax|100\/100\n|move|p2a: Eternatus-Eternama|Stealth Rock|p1a: Eternatus-Eternama\n|-sidestart|p1: K3ppr|move: Stealth Rock\n|\n|upkeep\n|turn|2\n|\n|move|p1a: Eternatus-Eternama|Gastro Acid|p2a: Eternatus-Eternama\n|move|p2a: Eternatus-Eternama|Gastro Acid|p1a: Eternatus-Eternama|[from]Magic Bounce\n|-endability|p1a: Eternatus-Eternama\n|move|p2a: Eternatus-Eternama|Spikes|p1a: Eternatus-Eternama\n|-sidestart|p1: K3ppr|Spikes\n|\n|upkeep\n|turn|3\n|\n|move|p2a: Eternatus-Eternama|Spikes|p1a: Eternatus-Eternama\n|-sidestart|p1: K3ppr|Spikes\n|move|p1a: Eternatus-Eternama|Perish Song|p1a: Eternatus-Eternama\n|-start|p1a: Eternatus-Eternama|perish3|[silent]\n|-start|p2a: Eternatus-Eternama|perish3|[silent]\n|-fieldactivate|move: Perish Song\n|\n|-start|p2a: Eternatus-Eternama|perish3\n|-start|p1a: Eternatus-Eternama|perish3\n|upkeep\n|turn|4\n|\n|move|p2a: Eternatus-Eternama|Spikes|p1a: Eternatus-Eternama\n|-sidestart|p1: K3ppr|Spikes\n|move|p1a: Eternatus-Eternama|Stealth Rock|p2a: Eternatus-Eternama\n|move|p2a: Eternatus-Eternama|Stealth Rock||[from]Magic Bounce|[still]\n|-fail|p2a: Eternatus-Eternama\n|\n|-start|p2a: Eternatus-Eternama|perish2\n|-start|p1a: Eternatus-Eternama|perish2\n|upkeep\n|turn|5\n|\n|move|p1a: Eternatus-Eternama|Stealth Rock|p2a: Eternatus-Eternama\n|move|p2a: Eternatus-Eternama|Stealth Rock||[from]Magic Bounce|[still]\n|-fail|p2a: Eternatus-Eternama\n|move|p2a: Eternatus-Eternama|U-turn|p1a: Eternatus-Eternama\n|-resisted|p1a: Eternatus-Eternama\n|-damage|p1a: Eternatus-Eternama|99\/100\n|\n|switch|p2a: Ninjask|Ninjask, M|100\/100|[from]move: U-turn\n|-ability|p2a: Ninjask|Comatose\n|\n|-start|p1a: Eternatus-Eternama|perish1\n|upkeep\n|turn|6\n|\n|switch|p1a: Zacian|Zacian-Crowned|100\/100\n|-ability|p1a: Zacian|Neutralizing Gas\n|-damage|p1a: Zacian|94\/100|[from] Stealth Rock\n|-damage|p1a: Zacian|69\/100|[from] Spikes\n|move|p2a: Ninjask|Sleep Talk|p2a: Ninjask\n|move|p2a: Ninjask|Whirlwind|p1a: Zacian|[from]Sleep Talk\n|-ability|p2a: Ninjask|Comatose\n|drag|p1a: Dragapult|Dragapult, M|100\/100\n|-damage|p1a: Dragapult|88\/100|[from] Stealth Rock\n|-damage|p1a: Dragapult|63\/100|[from] Spikes\n|\n|upkeep\n|turn|7\n|\n|move|p2a: Ninjask|Sleep Talk|p2a: Ninjask\n|move|p2a: Ninjask|Whirlwind|p1a: Dragapult|[from]Sleep Talk\n|drag|p1a: Eternatus-Eternama|Eternatus-Eternamax|100\/100\n|-damage|p1a: Eternatus-Eternama|88\/100|[from] Stealth Rock\n|-damage|p1a: Eternatus-Eternama|63\/100|[from] Spikes\n|\n|upkeep\n|turn|8\n|\n|move|p2a: Ninjask|Sleep Talk|p2a: Ninjask\n|move|p2a: Ninjask|Whirlwind|p1a: Eternatus-Eternama|[from]Sleep Talk\n|drag|p1a: Eternatus-Eternama|Eternatus-Eternamax|100\/100\n|-damage|p1a: Eternatus-Eternama|88\/100|[from] Stealth Rock\n|-damage|p1a: Eternatus-Eternama|63\/100|[from] Spikes\n|\n|upkeep\n|turn|9\n|\n|move|p2a: Ninjask|Sleep Talk|p2a: Ninjask\n|move|p2a: Ninjask|Whirlwind|p1a: Eternatus-Eternama|[from]Sleep Talk\n|drag|p1a: Zacian|Zacian-Crowned|69\/100\n|-ability|p1a: Zacian|Neutralizing Gas\n|-damage|p1a: Zacian|63\/100|[from] Stealth Rock\n|-damage|p1a: Zacian|38\/100|[from] Spikes\n|\n|upkeep\n|turn|10\n|\n|move|p2a: Ninjask|Sleep Talk|p2a: Ninjask\n|move|p2a: Ninjask|Whirlwind|p1a: Zacian|[from]Sleep Talk\n|-ability|p2a: Ninjask|Comatose\n|drag|p1a: Eternatus-Eternama|Eternatus-Eternamax|99\/100\n|-damage|p1a: Eternatus-Eternama|86\/100|[from] Stealth Rock\n|-damage|p1a: Eternatus-Eternama|62\/100|[from] Spikes\n|\n|upkeep\n|turn|11\n|\n|move|p2a: Ninjask|Sleep Talk|p2a: Ninjask\n|move|p2a: Ninjask|Whirlwind|p1a: Eternatus-Eternama|[from]Sleep Talk\n|drag|p1a: Kyurem|Kyurem-White|100\/100\n|-ability|p1a: Kyurem|Neutralizing Gas\n|-damage|p1a: Kyurem|76\/100|[from] Stealth Rock\n|-damage|p1a: Kyurem|51\/100|[from] Spikes\n|\n|upkeep\n|turn|12\n|\n|-start|p1a: Kyurem|Dynamax\n|-heal|p1a: Kyurem|51\/100|[silent]\n|move|p2a: Ninjask|Sleep Talk|p2a: Ninjask\n|move|p2a: Ninjask|Whirlwind|p1a: Kyurem|[from]Sleep Talk\n|-block|p1a: Kyurem|Dynamax\n|move|p1a: Kyurem|Max Hailstorm|p2a: Ninjask\n|-supereffective|p2a: Ninjask\n|-damage|p2a: Ninjask|0 fnt\n|-weather|Hail\n|faint|p2a: Ninjask\n|\n|-weather|Hail|[upkeep]\n|upkeep\n|\n|switch|p2a: Bewear|Bewear, M|100\/100\n|turn|13\n|\n|move|p1a: Kyurem|Max Guard|p1a: Kyurem\n|-singleturn|p1a: Kyurem|Max Guard\n|move|p2a: Bewear|Mach Punch|p1a: Kyurem\n|-activate|p1a: Kyurem|move: Max Guard\n|\n|-weather|Hail|[upkeep]\n|-damage|p2a: Bewear|94\/100|[from] Hail\n|upkeep\n|turn|14\n|\n|move|p2a: Bewear|Mach Punch|p1a: Kyurem\n|-supereffective|p1a: Kyurem\n|-damage|p1a: Kyurem|33\/100\n|-damage|p2a: Bewear|85\/100|[from] item: Life Orb\n|move|p1a: Kyurem|Max Hailstorm|p2a: Bewear\n|-damage|p2a: Bewear|0 fnt\n|faint|p2a: Bewear\n|\n|-weather|Hail|[upkeep]\n|-end|p1a: Kyurem|Dynamax\n|-heal|p1a: Kyurem|33\/100|[silent]\n|upkeep\n|\n|switch|p2a: Ninjask|Ninjask, F|100\/100\n|-ability|p2a: Ninjask|Comatose\n|turn|15\n|\n|move|p2a: Ninjask|Sleep Talk|p2a: Ninjask\n|move|p2a: Ninjask|Whirlwind|p1a: Kyurem|[from]Sleep Talk\n|-ability|p2a: Ninjask|Comatose\n|drag|p1a: Zacian|Zacian-Crowned|38\/100\n|-ability|p1a: Zacian|Neutralizing Gas\n|-damage|p1a: Zacian|32\/100|[from] Stealth Rock\n|-damage|p1a: Zacian|7\/100|[from] Spikes\n|\n|-weather|Hail|[upkeep]\n|-damage|p2a: Ninjask|94\/100|[from] Hail\n|-damage|p1a: Zacian|1\/100|[from] Hail\n|upkeep\n|turn|16\n|\n|move|p2a: Ninjask|Sleep Talk|p2a: Ninjask\n|move|p2a: Ninjask|Whirlwind|p1a: Zacian|[from]Sleep Talk\n|-ability|p2a: Ninjask|Comatose\n|drag|p1a: Eternatus-Eternama|Eternatus-Eternamax|63\/100\n|-damage|p1a: Eternatus-Eternama|38\/100|[from] Spikes\n|-damage|p1a: Eternatus-Eternama|26\/100|[from] Stealth Rock\n|\n|-weather|none\n|upkeep\n|turn|17\n|-message|K3ppr forfeited.\n|\n|win|ferromolybdenum\n|l|\u2606K3ppr\n|raw|K3ppr's rating: 1322 &rarr; <strong>1299<\/strong><br \/>(-23 for losing)\n|raw|ferromolybdenum's rating: 1265 &rarr; <strong>1294<\/strong><br \/>(+29 for winning)\n","uploadtime":1580692633,"views":18,"p1id":"k3ppr","p2id":"ferromolybdenum","formatid":"gen8purehackmons","rating":1294,"private":0,"password":null}