{"id":"gen8nationaldex-1525505812","p1":"Raider3323","p2":"Hikari-miyako","format":"gen8nationaldex","log":"|html|<div class=\"broadcast-blue\"><strong>[Gen 8] National Dex is currently suspecting Dragapult! For information on how to participate check out the <a href=\"https:\/\/www.smogon.com\/forums\/threads\/national-dex-suspect-test-14-ghost-girl.3697927\/\">suspect thread<\/a>.<\/strong><\/div>\n|j|\u2606Raider3323\n|j|\u2606Hikari-miyako\n|t:|1646668721\n|gametype|singles\n|player|p1|Raider3323|102|1768\n|player|p2|Hikari-miyako|ariana|1894\n|teamsize|p1|6\n|teamsize|p2|6\n|gen|8\n|tier|[Gen 8] National Dex\n|rated|\n|rule|HP Percentage Mod: HP is shown in percentages\n|rule|Endless Battle Clause: Forcing endless battles is banned\n|rule|OHKO Clause: OHKO moves are banned\n|rule|Evasion Moves Clause: Evasion moves are banned\n|rule|Species Clause: Limit one of each Pok\u00e9mon\n|rule|Dynamax Clause: You cannot dynamax\n|rule|Sleep Clause Mod: Limit one foe put to sleep\n|clearpoke\n|poke|p1|Toxapex, M|\n|poke|p1|Jirachi|\n|poke|p1|Raikou|\n|poke|p1|Gliscor, M|\n|poke|p1|Ferrothorn, M|\n|poke|p1|Kartana|\n|poke|p2|Aegislash, M|\n|poke|p2|Diancie|\n|poke|p2|Thundurus, M|\n|poke|p2|Bisharp, F|\n|poke|p2|Serperior, M|\n|poke|p2|Dragapult, F|\n|teampreview\n|\n|t:|1646668726\n|start\n|switch|p1a: Toxapex|Toxapex, M, shiny|100\/100\n|switch|p2a: Bisharp|Bisharp, F|100\/100\n|turn|1\n|\n|t:|1646668731\n|switch|p2a: Thundurus|Thundurus, M|100\/100\n|move|p1a: Toxapex|Scald|p2a: Thundurus\n|-crit|p2a: Thundurus\n|-damage|p2a: Thundurus|67\/100\n|\n|upkeep\n|turn|2\n|\n|t:|1646668734\n|move|p2a: Thundurus|Thunderbolt|p1a: Toxapex\n|-supereffective|p1a: Toxapex\n|-damage|p1a: Toxapex|24\/100\n|-damage|p2a: Thundurus|58\/100|[from] item: Life Orb\n|move|p1a: Toxapex|Toxic|p2a: Thundurus\n|-status|p2a: Thundurus|tox\n|\n|-heal|p1a: Toxapex|30\/100|[from] item: Black Sludge\n|-damage|p2a: Thundurus|52\/100 tox|[from] psn\n|upkeep\n|turn|3\n|\n|t:|1646668742\n|switch|p1a: Raikou|Raikou, shiny|100\/100\n|-ability|p1a: Raikou|Pressure\n|move|p2a: Thundurus|Thunderbolt|p1a: Raikou\n|-resisted|p1a: Raikou\n|-damage|p1a: Raikou|67\/100\n|-damage|p2a: Thundurus|42\/100 tox|[from] item: Life Orb\n|\n|-heal|p1a: Raikou|73\/100|[from] item: Leftovers\n|-damage|p2a: Thundurus|30\/100 tox|[from] psn\n|upkeep\n|turn|4\n|\n|t:|1646668747\n|switch|p2a: Dragapult|Dragapult, F|100\/100\n|move|p1a: Raikou|Hidden Power|p2a: Dragapult\n|-supereffective|p2a: Dragapult\n|-damage|p2a: Dragapult|44\/100\n|\n|-heal|p1a: Raikou|79\/100|[from] item: Leftovers\n|upkeep\n|turn|5\n|\n|t:|1646668750\n|switch|p1a: Toxapex|Toxapex, M, shiny|63\/100\n|move|p2a: Dragapult|Dragon Darts|p1a: Toxapex\n|-damage|p1a: Toxapex|37\/100\n|-anim|p2a: Dragapult|Dragon Darts|p1a: Toxapex\n|-damage|p1a: Toxapex|11\/100\n|-damage|p2a: Dragapult|35\/100|[from] item: Life Orb\n|\n|-heal|p1a: Toxapex|18\/100|[from] item: Black Sludge\n|upkeep\n|turn|6\n|\n|t:|1646668754\n|switch|p1a: Ferrothorn|Ferrothorn, M, shiny|100\/100\n|move|p2a: Dragapult|Fire Blast|p1a: Ferrothorn\n|-supereffective|p1a: Ferrothorn\n|-damage|p1a: Ferrothorn|0 fnt\n|faint|p1a: Ferrothorn\n|-damage|p2a: Dragapult|25\/100|[from] item: Life Orb\n|\n|upkeep\n|\n|t:|1646668756\n|switch|p1a: Kartana|Kartana|100\/100\n|turn|7\n|\n|t:|1646668760\n|switch|p2a: Diancie|Diancie|100\/100\n|move|p1a: Kartana|Knock Off|p2a: Diancie\n|-resisted|p2a: Diancie\n|-damage|p2a: Diancie|84\/100\n|\n|upkeep\n|turn|8\n|\n|t:|1646668763\n|switch|p1a: Toxapex|Toxapex, M, shiny|51\/100\n|detailschange|p2a: Diancie|Diancie-Mega\n|-mega|p2a: Diancie|Diancie|Diancite\n|move|p2a: Diancie|Diamond Storm|p1a: Toxapex\n|-damage|p1a: Toxapex|8\/100\n|-boost|p2a: Diancie|def|2\n|\n|-heal|p1a: Toxapex|15\/100|[from] item: Black Sludge\n|upkeep\n|turn|9\n|\n|t:|1646668766\n|move|p2a: Diancie|Diamond Storm|p1a: Toxapex\n|-damage|p1a: Toxapex|0 fnt\n|faint|p1a: Toxapex\n|\n|upkeep\n|\n|t:|1646668769\n|switch|p1a: Kartana|Kartana|100\/100\n|turn|10\n|\n|t:|1646668773\n|switch|p2a: Aegislash|Aegislash, M|100\/100\n|move|p1a: Kartana|Smart Strike|p2a: Aegislash\n|-resisted|p2a: Aegislash\n|-damage|p2a: Aegislash|83\/100\n|\n|upkeep\n|turn|11\n|\n|t:|1646668775\n|switch|p1a: Gliscor|Gliscor, M|100\/100\n|-formechange|p2a: Aegislash|Aegislash-Blade||[from] ability: Stance Change\n|move|p2a: Aegislash|Shadow Ball|p1a: Gliscor\n|-damage|p1a: Gliscor|45\/100\n|\n|-status|p1a: Gliscor|tox|[from] item: Toxic Orb\n|upkeep\n|turn|12\n|\n|t:|1646668778\n|switch|p2a: Thundurus|Thundurus, M|30\/100 tox\n|move|p1a: Gliscor|Stealth Rock|p2a: Thundurus\n|-sidestart|p2: Hikari-miyako|move: Stealth Rock\n|\n|-damage|p2a: Thundurus|24\/100 tox|[from] psn\n|-heal|p1a: Gliscor|58\/100 tox|[from] ability: Poison Heal\n|upkeep\n|turn|13\n|\n|t:|1646668783\n|move|p2a: Thundurus|Hidden Power|p1a: Gliscor\n|-supereffective|p1a: Gliscor\n|-damage|p1a: Gliscor|0 fnt\n|faint|p1a: Gliscor\n|-damage|p2a: Thundurus|14\/100 tox|[from] item: Life Orb\n|\n|-damage|p2a: Thundurus|2\/100 tox|[from] psn\n|upkeep\n|\n|t:|1646668785\n|switch|p1a: Raikou|Raikou, shiny|79\/100\n|-ability|p1a: Raikou|Pressure\n|turn|14\n|\n|t:|1646668787\n|move|p1a: Raikou|Calm Mind|p1a: Raikou\n|-boost|p1a: Raikou|spa|1\n|-boost|p1a: Raikou|spd|1\n|move|p2a: Thundurus|Hidden Power|p1a: Raikou\n|-damage|p1a: Raikou|59\/100\n|-damage|p2a: Thundurus|0 fnt|[from] item: Life Orb\n|faint|p2a: Thundurus\n|\n|-heal|p1a: Raikou|66\/100|[from] item: Leftovers\n|upkeep\n|\n|t:|1646668790\n|switch|p2a: Dragapult|Dragapult, F|25\/100\n|-damage|p2a: Dragapult|12\/100|[from] Stealth Rock\n|turn|15\n|\n|t:|1646668792\n|move|p2a: Dragapult|Dragon Darts|p1a: Raikou\n|-damage|p1a: Raikou|23\/100\n|-anim|p2a: Dragapult|Dragon Darts|p1a: Raikou\n|-damage|p1a: Raikou|0 fnt\n|faint|p1a: Raikou\n|-damage|p2a: Dragapult|3\/100|[from] item: Life Orb\n|\n|upkeep\n|\n|t:|1646668795\n|switch|p1a: Kartana|Kartana|100\/100\n|turn|16\n|\n|t:|1646668797\n|move|p2a: Dragapult|Sucker Punch|p1a: Kartana\n|-damage|p1a: Kartana|69\/100\n|-damage|p2a: Dragapult|0 fnt|[from] item: Life Orb\n|faint|p2a: Dragapult\n|move|p1a: Kartana|Smart Strike|p2: Dragapult|[notarget]\n|-fail|p1a: Kartana\n|\n|upkeep\n|\n|t:|1646668800\n|switch|p2a: Aegislash|Aegislash, M|83\/100\n|-damage|p2a: Aegislash|77\/100|[from] Stealth Rock\n|turn|17\n|\n|t:|1646668804\n|move|p1a: Kartana|Smart Strike|p2a: Aegislash\n|-resisted|p2a: Aegislash\n|-damage|p2a: Aegislash|58\/100\n|-formechange|p2a: Aegislash|Aegislash-Blade||[from] ability: Stance Change\n|move|p2a: Aegislash|Shadow Ball|p1a: Kartana\n|-damage|p1a: Kartana|0 fnt\n|faint|p1a: Kartana\n|\n|upkeep\n|\n|t:|1646668807\n|switch|p1a: Jirachi|Jirachi, shiny|100\/100\n|turn|18\n|\n|t:|1646668810\n|-zpower|p1a: Jirachi\n|move|p1a: Jirachi|Z-Happy Hour|p1a: Jirachi|[anim]Happy Hour\n|-boost|p1a: Jirachi|atk|1|[zeffect]\n|-boost|p1a: Jirachi|def|1|[zeffect]\n|-boost|p1a: Jirachi|spa|1|[zeffect]\n|-boost|p1a: Jirachi|spd|1|[zeffect]\n|-boost|p1a: Jirachi|spe|1|[zeffect]\n|move|p2a: Aegislash|Shadow Ball|p1a: Jirachi\n|-supereffective|p1a: Jirachi\n|-damage|p1a: Jirachi|26\/100\n|\n|upkeep\n|turn|19\n|\n|t:|1646668812\n|move|p2a: Aegislash|Shadow Sneak|p1a: Jirachi\n|-supereffective|p1a: Jirachi\n|-damage|p1a: Jirachi|1\/100\n|move|p1a: Jirachi|Stored Power|p2a: Aegislash\n|-resisted|p2a: Aegislash\n|-damage|p2a: Aegislash|0 fnt\n|faint|p2a: Aegislash\n|\n|upkeep\n|\n|t:|1646668817\n|switch|p2a: Bisharp|Bisharp, F|100\/100\n|-damage|p2a: Bisharp|95\/100|[from] Stealth Rock\n|turn|20\n|\n|t:|1646668822\n|move|p2a: Bisharp|Sucker Punch||[still]\n|-fail|p2a: Bisharp\n|move|p1a: Jirachi|Happy Hour|p1a: Jirachi\n|\n|upkeep\n|turn|21\n|\n|t:|1646668825\n|move|p2a: Bisharp|Sucker Punch||[still]\n|-fail|p2a: Bisharp\n|move|p1a: Jirachi|Happy Hour|p1a: Jirachi\n|\n|upkeep\n|turn|22\n|\n|t:|1646668827\n|move|p1a: Jirachi|Happy Hour|p1a: Jirachi\n|move|p2a: Bisharp|Knock Off|p1a: Jirachi\n|-supereffective|p1a: Jirachi\n|-damage|p1a: Jirachi|0 fnt\n|faint|p1a: Jirachi\n|\n|win|Hikari-miyako\n|raw|Raider3323's rating: 1768 &rarr; <strong>1755<\/strong><br \/>(-13 for losing)\n|raw|Hikari-miyako's rating: 1894 &rarr; <strong>1907<\/strong><br \/>(+13 for winning)\n|c|\u2606Raider3323|gg\n|c|\u2606Hikari-miyako|gg\n|l|\u2606Raider3323\n","uploadtime":1646668833,"views":18,"p1id":"raider3323","p2id":"hikarimiyako","formatid":"gen8nationaldex","rating":1755,"private":0,"password":null}