{"id":"gen8ou-1692685749","p1":"Cocol54","p2":"LT94JE Allistair","format":"gen8ou","log":"|html|<div class=\"broadcast-blue\"><strong>[Gen 8] OU is currently suspecting Melmetal! For information on how to participate check out the <a href=\"https:\/\/www.smogon.com\/forums\/threads\/np-ss-ou-suspect-process-round-12-monster-mash.3709234\/\">suspect thread<\/a>.<\/strong><\/div>\n|j|\u2606Cocol54\n|j|\u2606LT94JE Allistair\n|t:|1666520747\n|gametype|singles\n|player|p1|Cocol54|cynthia-gen4|1521\n|player|p2|LT94JE Allistair|2|1764\n|teamsize|p1|6\n|teamsize|p2|6\n|gen|8\n|tier|[Gen 8] OU\n|rated|\n|rule|Sleep Clause Mod: Limit one foe put to sleep\n|rule|Species Clause: Limit one of each Pok\u00e9mon\n|rule|OHKO Clause: OHKO moves are banned\n|rule|Evasion Items Clause: Evasion items are banned\n|rule|Evasion Moves Clause: Evasion moves are banned\n|rule|Endless Battle Clause: Forcing endless battles is banned\n|rule|HP Percentage Mod: HP is shown in percentages\n|rule|Dynamax Clause: You cannot dynamax\n|clearpoke\n|poke|p1|Tapu Lele|\n|poke|p1|Blacephalon|\n|poke|p1|Nidoking, M|\n|poke|p1|Weavile, F|\n|poke|p1|Zapdos|\n|poke|p1|Rillaboom, M|\n|poke|p2|Mew|\n|poke|p2|Slurpuff, F|\n|poke|p2|Vanilluxe, M|\n|poke|p2|Jirachi|\n|poke|p2|Slowking-Galar, M|\n|poke|p2|Tapu Fini|\n|teampreview\n|inactive|Battle timer is ON: inactive players will automatically lose when time's up. (requested by Cocol54)\n|inactive|LT94JE Allistair has 120 seconds left.\n|j| 0SiegeWarfare\n|inactive|LT94JE Allistair has 90 seconds left.\n|j| Kyurem\n|inactive|LT94JE Allistair has 60 seconds left.\n|c| 0SiegeWarfare|weavile\n|c| 0SiegeWarfare|:s\n|j| Ran Kob\n|inactive|LT94JE Allistair has 30 seconds left.\n|inactive|LT94JE Allistair has 20 seconds left.\n|inactive|LT94JE Allistair has 15 seconds left.\n|inactive|LT94JE Allistair has 10 seconds left.\n|\n|t:|1666520895\n|start\n|switch|p1a: Weavile|Weavile, F|100\/100\n|switch|p2a: Vanilluxe|Vanilluxe, M|100\/100\n|-ability|p1a: Weavile|Pressure\n|-weather|Hail|[from] ability: Snow Warning|[of] p2a: Vanilluxe\n|turn|1\n|\n|t:|1666520906\n|move|p1a: Weavile|Knock Off|p2a: Vanilluxe\n|-damage|p2a: Vanilluxe|38\/100\n|-enditem|p2a: Vanilluxe|Light Clay|[from] move: Knock Off|[of] p1a: Weavile\n|move|p2a: Vanilluxe|Aurora Veil|p2a: Vanilluxe\n|-sidestart|p2: LT94JE Allistair|move: Aurora Veil\n|\n|-weather|Hail|[upkeep]\n|upkeep\n|turn|2\n|c|\u2606LT94JE Allistair|that was close\n|\n|t:|1666520920\n|move|p1a: Weavile|Swords Dance|p1a: Weavile\n|-boost|p1a: Weavile|atk|2\n|move|p2a: Vanilluxe|Explosion|p1a: Weavile\n|-damage|p1a: Weavile|0 fnt\n|faint|p2a: Vanilluxe\n|faint|p1a: Weavile\n|\n|-weather|Hail|[upkeep]\n|upkeep\n|c| 0SiegeWarfare|well\n|c| 0SiegeWarfare|the path is free\n|inactive|Cocol54 has 120 seconds left.\n|c|\u2606LT94JE Allistair|hmm still pretty hard\n|\n|t:|1666520973\n|switch|p1a: Blacephalon|Blacephalon|100\/100\n|switch|p2a: Slurpuff|Slurpuff, F|100\/100\n|turn|3\n|\n|t:|1666520983\n|move|p1a: Blacephalon|Flame Charge|p2a: Slurpuff\n|-damage|p2a: Slurpuff|92\/100\n|-boost|p1a: Blacephalon|spe|1\n|move|p2a: Slurpuff|Sticky Web|p1a: Blacephalon\n|-sidestart|p1: Cocol54|move: Sticky Web\n|\n|-weather|Hail|[upkeep]\n|-damage|p1a: Blacephalon|94\/100|[from] Hail\n|-damage|p2a: Slurpuff|86\/100|[from] Hail\n|upkeep\n|turn|4\n|\n|t:|1666520993\n|move|p1a: Blacephalon|Shadow Ball|p2a: Slurpuff\n|-damage|p2a: Slurpuff|40\/100\n|move|p2a: Slurpuff|Yawn|p1a: Blacephalon\n|-start|p1a: Blacephalon|move: Yawn|[of] p2a: Slurpuff\n|\n|-weather|Hail|[upkeep]\n|-damage|p1a: Blacephalon|88\/100|[from] Hail\n|-damage|p2a: Slurpuff|34\/100|[from] Hail\n|upkeep\n|turn|5\n|\n|t:|1666521003\n|switch|p1a: Zapdos|Zapdos|100\/100\n|move|p2a: Slurpuff|Misty Explosion|p1a: Zapdos\n|-damage|p1a: Zapdos|73\/100\n|faint|p2a: Slurpuff\n|\n|-weather|none\n|-sideend|p2: LT94JE Allistair|move: Aurora Veil\n|upkeep\n|\n|t:|1666521010\n|switch|p2a: Mew|Mew|100\/100\n|turn|6\n|\n|t:|1666521015\n|move|p2a: Mew|Taunt|p1a: Zapdos\n|-start|p1a: Zapdos|move: Taunt\n|cant|p1a: Zapdos|move: Taunt|Defog\n|\n|upkeep\n|turn|7\n|\n|t:|1666521019\n|move|p2a: Mew|Cosmic Power|p2a: Mew\n|-boost|p2a: Mew|def|1\n|-boost|p2a: Mew|spd|1\n|move|p1a: Zapdos|Hurricane|p2a: Mew|[miss]\n|-miss|p1a: Zapdos|p2a: Mew\n|\n|upkeep\n|turn|8\n|j| Oh So Cynical\n|\n|t:|1666521026\n|move|p2a: Mew|Cosmic Power|p2a: Mew\n|-boost|p2a: Mew|def|1\n|-boost|p2a: Mew|spd|1\n|move|p1a: Zapdos|Volt Switch|p2a: Mew\n|-damage|p2a: Mew|87\/100\n|\n|t:|1666521034\n|switch|p1a: Blacephalon|Blacephalon|88\/100|[from]move: Volt Switch\n|\n|upkeep\n|turn|9\n|\n|t:|1666521050\n|move|p1a: Blacephalon|Shadow Ball|p2a: Mew\n|-supereffective|p2a: Mew\n|-damage|p2a: Mew|48\/100\n|-enditem|p2a: Mew|Weakness Policy\n|-boost|p2a: Mew|atk|2|[from] item: Weakness Policy\n|-boost|p2a: Mew|spa|2|[from] item: Weakness Policy\n|move|p2a: Mew|Taunt|p1a: Blacephalon\n|-start|p1a: Blacephalon|move: Taunt\n|\n|upkeep\n|turn|10\n|c|\u2606LT94JE Allistair|fuck\n|\n|t:|1666521062\n|move|p1a: Blacephalon|Shadow Ball|p2a: Mew\n|-supereffective|p2a: Mew\n|-damage|p2a: Mew|7\/100\n|move|p2a: Mew|Stored Power|p1a: Blacephalon\n|-damage|p1a: Blacephalon|0 fnt\n|faint|p1a: Blacephalon\n|\n|upkeep\n|\n|t:|1666521069\n|switch|p1a: Rillaboom|Rillaboom, M|100\/100\n|-activate|p1a: Rillaboom|move: Sticky Web\n|-unboost|p1a: Rillaboom|spe|1\n|-fieldstart|move: Grassy Terrain|[from] ability: Grassy Surge|[of] p1a: Rillaboom\n|turn|11\n|\n|t:|1666521075\n|move|p1a: Rillaboom|Grassy Glide|p2a: Mew\n|-damage|p2a: Mew|0 fnt\n|faint|p2a: Mew\n|\n|upkeep\n|\n|t:|1666521079\n|switch|p2a: Jirachi|Jirachi|100\/100\n|turn|12\n|\n|t:|1666521086\n|switch|p1a: Nidoking|Nidoking, M|100\/100\n|-activate|p1a: Nidoking|move: Sticky Web\n|-unboost|p1a: Nidoking|spe|1\n|move|p2a: Jirachi|Cosmic Power|p2a: Jirachi\n|-boost|p2a: Jirachi|def|1\n|-boost|p2a: Jirachi|spd|1\n|\n|upkeep\n|turn|13\n|\n|t:|1666521094\n|move|p2a: Jirachi|Wish|p2a: Jirachi\n|move|p1a: Nidoking|Earth Power|p2a: Jirachi\n|-supereffective|p2a: Jirachi\n|-damage|p2a: Jirachi|20\/100\n|-enditem|p2a: Jirachi|Weakness Policy\n|-boost|p2a: Jirachi|atk|2|[from] item: Weakness Policy\n|-boost|p2a: Jirachi|spa|2|[from] item: Weakness Policy\n|\n|-heal|p2a: Jirachi|26\/100|[from] Grassy Terrain\n|upkeep\n|turn|14\n|\n|t:|1666521103\n|move|p2a: Jirachi|Stored Power|p1a: Nidoking\n|-supereffective|p1a: Nidoking\n|-damage|p1a: Nidoking|0 fnt\n|faint|p1a: Nidoking\n|\n|-heal|p2a: Jirachi|76\/100|[from] move: Wish|[wisher] Jirachi\n|-heal|p2a: Jirachi|82\/100|[from] Grassy Terrain\n|upkeep\n|inactive|Cocol54 has 120 seconds left.\n|j| cypherstest\n|\n|t:|1666521158\n|switch|p1a: Rillaboom|Rillaboom, M|100\/100\n|-activate|p1a: Rillaboom|move: Sticky Web\n|-unboost|p1a: Rillaboom|spe|1\n|turn|15\n|\n|t:|1666521164\n|move|p2a: Jirachi|Stored Power|p1a: Rillaboom\n|-damage|p1a: Rillaboom|0 fnt\n|faint|p1a: Rillaboom\n|\n|-heal|p2a: Jirachi|88\/100|[from] Grassy Terrain\n|-fieldend|move: Grassy Terrain\n|upkeep\n|-message|Cocol54 forfeited.\n|\n|win|LT94JE Allistair\n|raw|Cocol54's rating: 1521 &rarr; <strong>1513<\/strong><br \/>(-8 for losing)\n|raw|LT94JE Allistair's rating: 1764 &rarr; <strong>1772<\/strong><br \/>(+8 for winning)\n|l|\u2606Cocol54\n|l| cypherstest\n|l| 0SiegeWarfare\n|l|\u2606LT94JE Allistair\n|l| Ran Kob\n","uploadtime":1666521179,"views":8,"p1id":"cocol54","p2id":"lt94jeallistair","formatid":"gen8ou","rating":1513,"private":0,"password":null}