{"id":"gen8nationaldexmonotype-1196191999","p1":"Trogba Trogba","p2":"idksus","format":"gen8nationaldexmonotype","log":"|j|\u2606Trogba Trogba\n|j|\u2606idksus\n|t:|1601565098\n|player|p1|Trogba Trogba|lance|\n|player|p2|idksus|lana|\n|teamsize|p1|6\n|teamsize|p2|6\n|gametype|singles\n|gen|8\n|tier|[Gen 8] National Dex Monotype\n|rated|Tournament battle\n|clearpoke\n|poke|p1|Landorus-Therian, M|\n|poke|p1|Tornadus-Therian, M|\n|poke|p1|Zapdos|\n|poke|p1|Celesteela|\n|poke|p1|Charizard, M|\n|poke|p1|Dragonite, M|\n|poke|p2|Silvally-*|\n|poke|p2|Scizor, M|\n|poke|p2|Araquanid, F|\n|poke|p2|Vikavolt, F|\n|poke|p2|Volcarona, M|\n|poke|p2|Scyther, F|\n|rule|HP Percentage Mod: HP is shown in percentages\n|rule|Endless Battle Clause: Forcing endless battles is banned\n|rule|OHKO Clause: OHKO moves are banned\n|rule|Evasion Moves Clause: Evasion moves are banned\n|rule|Species Clause: Limit one of each Pok\u00e9mon\n|rule|Dynamax Clause: You cannot dynamax\n|rule|Sleep Clause Mod: Limit one foe put to sleep\n|rule|Same Type Clause: Pok\u00e9mon in a team must share a type\n|teampreview\n|inactive|Battle timer is ON: inactive players will automatically lose when time's up. (requested by idksus)\n|\n|t:|1601565115\n|start\n|switch|p1a: Tornadus|Tornadus-Therian, M|100\/100\n|switch|p2a: Vikavolt|Vikavolt, F|100\/100\n|turn|1\n|\n|t:|1601565128\n|move|p1a: Tornadus|U-turn|p2a: Vikavolt\n|-damage|p2a: Vikavolt|89\/100\n|\n|t:|1601565130\n|switch|p1a: Landorus|Landorus-Therian, M|100\/100|[from]move: U-turn\n|-ability|p1a: Landorus|Intimidate|boost\n|-unboost|p2a: Vikavolt|atk|1\n|move|p2a: Vikavolt|Thunderbolt|p1a: Landorus\n|-immune|p1a: Landorus\n|\n|upkeep\n|turn|2\n|\n|t:|1601565142\n|move|p1a: Landorus|Stealth Rock|p2a: Vikavolt\n|-sidestart|p2: idksus|move: Stealth Rock\n|move|p2a: Vikavolt|Energy Ball|p1a: Landorus\n|-damage|p1a: Landorus|62\/100\n|\n|upkeep\n|turn|3\n|\n|t:|1601565152\n|switch|p1a: Tornadus|Tornadus-Therian, M|100\/100\n|move|p2a: Vikavolt|Sticky Web|p1a: Tornadus\n|-sidestart|p1: Trogba Trogba|move: Sticky Web\n|\n|upkeep\n|turn|4\n|c|\u2606Trogba Trogba|?\n|\n|t:|1601565165\n|move|p1a: Tornadus|U-turn|p2a: Vikavolt\n|-damage|p2a: Vikavolt|78\/100\n|\n|t:|1601565166\n|switch|p1a: Landorus|Landorus-Therian, M|62\/100|[from]move: U-turn\n|-ability|p1a: Landorus|Intimidate|boost\n|-unboost|p2a: Vikavolt|atk|1\n|move|p2a: Vikavolt|Energy Ball|p1a: Landorus\n|-damage|p1a: Landorus|26\/100\n|\n|upkeep\n|turn|5\n|\n|t:|1601565184\n|move|p1a: Landorus|Knock Off|p2a: Vikavolt\n|-damage|p2a: Vikavolt|50\/100\n|-enditem|p2a: Vikavolt|Expert Belt|[from] move: Knock Off|[of] p1a: Landorus\n|move|p2a: Vikavolt|Energy Ball|p1a: Landorus\n|-damage|p1a: Landorus|0 fnt\n|faint|p1a: Landorus\n|\n|upkeep\n|\n|t:|1601565188\n|switch|p1a: Charizard|Charizard, M|100\/100\n|turn|6\n|\n|t:|1601565196\n|detailschange|p1a: Charizard|Charizard-Mega-Y, M\n|-mega|p1a: Charizard|Charizard|Charizardite Y\n|-weather|SunnyDay|[from] ability: Drought|[of] p1a: Charizard\n|move|p1a: Charizard|Flamethrower|p2a: Vikavolt\n|-supereffective|p2a: Vikavolt\n|-damage|p2a: Vikavolt|0 fnt\n|faint|p2a: Vikavolt\n|\n|-weather|SunnyDay|[upkeep]\n|upkeep\n|\n|t:|1601565206\n|switch|p2a: Araquanid|Araquanid, F|100\/100\n|-damage|p2a: Araquanid|76\/100|[from] Stealth Rock\n|turn|7\n|\n|t:|1601565215\n|switch|p1a: Zapdos|Zapdos|100\/100\n|move|p2a: Araquanid|Mirror Coat||[still]\n|-fail|p2a: Araquanid\n|\n|-weather|SunnyDay|[upkeep]\n|upkeep\n|turn|8\n|\n|t:|1601565224\n|move|p1a: Zapdos|Volt Switch|p2a: Araquanid\n|-supereffective|p2a: Araquanid\n|-damage|p2a: Araquanid|29\/100\n|\n|t:|1601565229\n|switch|p1a: Celesteela|Celesteela|100\/100|[from]move: Volt Switch\n|move|p2a: Araquanid|Crunch|p1a: Celesteela\n|-damage|p1a: Celesteela|86\/100\n|\n|-weather|SunnyDay|[upkeep]\n|-heal|p1a: Celesteela|92\/100|[from] item: Leftovers\n|upkeep\n|turn|9\n|\n|t:|1601565238\n|move|p1a: Celesteela|Leech Seed|p2a: Araquanid\n|-start|p2a: Araquanid|move: Leech Seed\n|move|p2a: Araquanid|Leech Life|p1a: Celesteela\n|-resisted|p1a: Celesteela\n|-damage|p1a: Celesteela|86\/100\n|-heal|p2a: Araquanid|33\/100|[from] drain|[of] p1a: Celesteela\n|\n|-weather|SunnyDay|[upkeep]\n|-heal|p1a: Celesteela|92\/100|[from] item: Leftovers\n|-damage|p2a: Araquanid|20\/100|[from] Leech Seed|[of] p1a: Celesteela\n|-heal|p1a: Celesteela|100\/100|[silent]\n|upkeep\n|turn|10\n|\n|t:|1601565251\n|move|p1a: Celesteela|Protect|p1a: Celesteela\n|-singleturn|p1a: Celesteela|Protect\n|move|p2a: Araquanid|Liquidation|p1a: Celesteela\n|-activate|p1a: Celesteela|move: Protect\n|\n|-weather|none\n|-damage|p2a: Araquanid|8\/100|[from] Leech Seed|[of] p1a: Celesteela\n|upkeep\n|turn|11\n|\n|t:|1601565266\n|move|p1a: Celesteela|Heavy Slam|p2a: Araquanid\n|-resisted|p2a: Araquanid\n|-damage|p2a: Araquanid|0 fnt\n|faint|p2a: Araquanid\n|-ability|p1a: Celesteela|Beast Boost|boost\n|-boost|p1a: Celesteela|spd|1\n|\n|upkeep\n|\n|t:|1601565274\n|switch|p2a: Volcarona|Volcarona, M|100\/100\n|turn|12\n|\n|t:|1601565286\n|move|p2a: Volcarona|Fiery Dance|p1a: Celesteela\n|-supereffective|p1a: Celesteela\n|-damage|p1a: Celesteela|63\/100\n|move|p1a: Celesteela|Toxic|p2a: Volcarona\n|-status|p2a: Volcarona|tox\n|\n|-heal|p1a: Celesteela|69\/100|[from] item: Leftovers\n|-damage|p2a: Volcarona|94\/100 tox|[from] psn\n|upkeep\n|turn|13\n|\n|t:|1601565296\n|move|p1a: Celesteela|Protect|p1a: Celesteela\n|-singleturn|p1a: Celesteela|Protect\n|move|p2a: Volcarona|Fiery Dance|p1a: Celesteela\n|-activate|p1a: Celesteela|move: Protect\n|\n|-heal|p1a: Celesteela|75\/100|[from] item: Leftovers\n|-damage|p2a: Volcarona|82\/100 tox|[from] psn\n|upkeep\n|turn|14\n|\n|t:|1601565306\n|move|p2a: Volcarona|Fiery Dance|p1a: Celesteela\n|-supereffective|p1a: Celesteela\n|-damage|p1a: Celesteela|37\/100\n|move|p1a: Celesteela|Leech Seed|p2a: Volcarona\n|-start|p2a: Volcarona|move: Leech Seed\n|\n|-heal|p1a: Celesteela|43\/100|[from] item: Leftovers\n|-damage|p2a: Volcarona|70\/100 tox|[from] Leech Seed|[of] p1a: Celesteela\n|-heal|p1a: Celesteela|52\/100|[silent]\n|-damage|p2a: Volcarona|52\/100 tox|[from] psn\n|upkeep\n|turn|15\n|\n|t:|1601565321\n|move|p2a: Volcarona|Fiery Dance|p1a: Celesteela\n|-supereffective|p1a: Celesteela\n|-damage|p1a: Celesteela|17\/100\n|-boost|p2a: Volcarona|spa|1\n|move|p1a: Celesteela|Heavy Slam|p2a: Volcarona\n|-resisted|p2a: Volcarona\n|-damage|p2a: Volcarona|21\/100 tox\n|\n|-heal|p1a: Celesteela|23\/100|[from] item: Leftovers\n|-damage|p2a: Volcarona|9\/100 tox|[from] Leech Seed|[of] p1a: Celesteela\n|-heal|p1a: Celesteela|32\/100|[silent]\n|-damage|p2a: Volcarona|0 fnt|[from] psn\n|faint|p2a: Volcarona\n|upkeep\n|\n|t:|1601565335\n|switch|p2a: Scyther|Scyther, F|100\/100\n|-damage|p2a: Scyther|51\/100|[from] Stealth Rock\n|turn|16\n|c|\u2606idksus|I think this is the end for me\n|c|\u2606idksus|GGs\n|inactive|Trogba Trogba has 120 seconds left.\n|\n|t:|1601565385\n|move|p2a: Scyther|Psycho Cut|p1a: Celesteela\n|-resisted|p1a: Celesteela\n|-damage|p1a: Celesteela|24\/100\n|move|p1a: Celesteela|Heavy Slam|p2a: Scyther\n|-damage|p2a: Scyther|13\/100\n|\n|-heal|p1a: Celesteela|30\/100|[from] item: Leftovers\n|upkeep\n|turn|17\n|\n|t:|1601565393\n|move|p2a: Scyther|X-Scissor|p1a: Celesteela\n|-resisted|p1a: Celesteela\n|-damage|p1a: Celesteela|22\/100\n|move|p1a: Celesteela|Heavy Slam|p2a: Scyther\n|-damage|p2a: Scyther|0 fnt\n|faint|p2a: Scyther\n|-ability|p1a: Celesteela|Beast Boost|boost\n|-boost|p1a: Celesteela|spd|1\n|\n|-heal|p1a: Celesteela|28\/100|[from] item: Leftovers\n|upkeep\n|\n|t:|1601565406\n|switch|p2a: Silvally|Silvally-Bug|100\/100\n|-damage|p2a: Silvally|76\/100|[from] Stealth Rock\n|turn|18\n|\n|t:|1601565412\n|move|p2a: Silvally|Flamethrower|p1a: Celesteela\n|-supereffective|p1a: Celesteela\n|-damage|p1a: Celesteela|12\/100\n|move|p1a: Celesteela|Heavy Slam|p2a: Silvally\n|-damage|p2a: Silvally|22\/100\n|\n|-heal|p1a: Celesteela|18\/100|[from] item: Leftovers\n|upkeep\n|turn|19\n|\n|t:|1601565420\n|move|p1a: Celesteela|Protect|p1a: Celesteela\n|-singleturn|p1a: Celesteela|Protect\n|move|p2a: Silvally|Flamethrower|p1a: Celesteela\n|-activate|p1a: Celesteela|move: Protect\n|\n|-heal|p1a: Celesteela|24\/100|[from] item: Leftovers\n|upkeep\n|turn|20\n|\n|t:|1601565428\n|move|p2a: Silvally|Flamethrower|p1a: Celesteela\n|-supereffective|p1a: Celesteela\n|-damage|p1a: Celesteela|9\/100\n|move|p1a: Celesteela|Heavy Slam|p2a: Silvally\n|-damage|p2a: Silvally|0 fnt\n|faint|p2a: Silvally\n|-ability|p1a: Celesteela|Beast Boost|boost\n|-boost|p1a: Celesteela|spd|1\n|\n|-heal|p1a: Celesteela|15\/100|[from] item: Leftovers\n|upkeep\n|\n|t:|1601565439\n|switch|p2a: Scizor|Scizor, M|100\/100\n|-damage|p2a: Scizor|88\/100|[from] Stealth Rock\n|turn|21\n|\n|t:|1601565444\n|switch|p1a: Dragonite|Dragonite, M|100\/100\n|move|p2a: Scizor|Curse|p2a: Scizor\n|-unboost|p2a: Scizor|spe|1\n|-boost|p2a: Scizor|atk|1\n|-boost|p2a: Scizor|def|1\n|\n|-heal|p2a: Scizor|94\/100|[from] item: Leftovers\n|upkeep\n|turn|22\n|\n|t:|1601565455\n|move|p1a: Dragonite|Fire Punch|p2a: Scizor\n|-supereffective|p2a: Scizor\n|-damage|p2a: Scizor|2\/100\n|move|p2a: Scizor|Knock Off|p1a: Dragonite\n|-damage|p1a: Dragonite|78\/100\n|-enditem|p1a: Dragonite|Choice Band|[from] move: Knock Off|[of] p2a: Scizor\n|\n|-heal|p2a: Scizor|8\/100|[from] item: Leftovers\n|upkeep\n|turn|23\n|\n|t:|1601565471\n|move|p2a: Scizor|Protect|p2a: Scizor\n|-singleturn|p2a: Scizor|Protect\n|move|p1a: Dragonite|Extreme Speed|p2a: Scizor\n|-activate|p2a: Scizor|move: Protect\n|\n|-heal|p2a: Scizor|14\/100|[from] item: Leftovers\n|upkeep\n|turn|24\n|\n|t:|1601565480\n|move|p1a: Dragonite|Fire Punch|p2a: Scizor\n|-supereffective|p2a: Scizor\n|-damage|p2a: Scizor|0 fnt\n|faint|p2a: Scizor\n|\n|win|Trogba Trogba\n|l|\u2606Trogba Trogba\n","uploadtime":1601565520,"views":11,"p1id":"trogbatrogba","p2id":"idksus","formatid":"gen8nationaldexmonotype","rating":0,"private":0,"password":null}