{"id":"gen8ou-1662640458","p1":"thepoopidoopi","p2":"RggV_YT","format":"gen8ou","log":"|j|\u2606thepoopidoopi\n|j|\u2606RggV_YT\n|t:|1663011064\n|gametype|singles\n|player|p1|thepoopidoopi|swimmerfjp-gen2|1581\n|player|p2|RggV_YT|scientist-gen4|1769\n|teamsize|p1|6\n|teamsize|p2|6\n|gen|8\n|tier|[Gen 8] OU\n|rated|\n|rule|Sleep Clause Mod: Limit one foe put to sleep\n|rule|Species Clause: Limit one of each Pok\u00e9mon\n|rule|OHKO Clause: OHKO moves are banned\n|rule|Evasion Items Clause: Evasion items are banned\n|rule|Evasion Moves Clause: Evasion moves are banned\n|rule|Endless Battle Clause: Forcing endless battles is banned\n|rule|HP Percentage Mod: HP is shown in percentages\n|rule|Dynamax Clause: You cannot dynamax\n|clearpoke\n|poke|p1|Landorus-Therian, M|\n|poke|p1|Ferrothorn, M|\n|poke|p1|Urshifu-*, M|\n|poke|p1|Tornadus-Therian, M|\n|poke|p1|Dragapult, F|\n|poke|p1|Tapu Lele|\n|poke|p2|Politoed, M|\n|poke|p2|Heliolisk, F|\n|poke|p2|Kingdra, M|\n|poke|p2|Mudsdale, F|\n|poke|p2|Scizor, M|\n|poke|p2|Victini|\n|teampreview\n|inactive|Battle timer is ON: inactive players will automatically lose when time's up. (requested by RggV_YT)\n|\n|t:|1663011079\n|start\n|switch|p1a: Tornadus|Tornadus-Therian, M|100\/100\n|switch|p2a: Victini|Victini|100\/100\n|turn|1\n|\n|t:|1663011082\n|move|p1a: Tornadus|Knock Off|p2a: Victini\n|-supereffective|p2a: Victini\n|-damage|p2a: Victini|63\/100\n|-enditem|p2a: Victini|Choice Band|[from] move: Knock Off|[of] p1a: Tornadus\n|move|p2a: Victini|Bolt Strike|p1a: Tornadus\n|-supereffective|p1a: Tornadus\n|-damage|p1a: Tornadus|27\/100\n|\n|upkeep\n|turn|2\n|\n|t:|1663011091\n|move|p1a: Tornadus|U-turn|p2a: Victini\n|-damage|p2a: Victini|49\/100\n|\n|t:|1663011094\n|switch|p1a: Landorus|Landorus-Therian, M|100\/100|[from]move: U-turn\n|-ability|p1a: Landorus|Intimidate|boost\n|-unboost|p2a: Victini|atk|1\n|move|p2a: Victini|U-turn|p1a: Landorus\n|-resisted|p1a: Landorus\n|-damage|p1a: Landorus|94\/100\n|\n|t:|1663011097\n|switch|p2a: Politoed|Politoed, M|100\/100|[from]move: U-turn\n|-weather|RainDance|[from] ability: Drizzle|[of] p2a: Politoed\n|\n|-weather|RainDance|[upkeep]\n|-heal|p1a: Landorus|99\/100|[from] item: Leftovers\n|upkeep\n|turn|3\n|\n|t:|1663011100\n|switch|p1a: Ferrothorn|Ferrothorn, M|100\/100\n|move|p2a: Politoed|Scald|p1a: Ferrothorn\n|-resisted|p1a: Ferrothorn\n|-damage|p1a: Ferrothorn|84\/100\n|\n|-weather|RainDance|[upkeep]\n|upkeep\n|turn|4\n|\n|t:|1663011103\n|move|p2a: Politoed|Scald|p1a: Ferrothorn\n|-resisted|p1a: Ferrothorn\n|-damage|p1a: Ferrothorn|68\/100\n|move|p1a: Ferrothorn|Leech Seed|p2a: Politoed\n|-start|p2a: Politoed|move: Leech Seed\n|\n|-weather|RainDance|[upkeep]\n|-damage|p2a: Politoed|88\/100|[from] Leech Seed|[of] p1a: Ferrothorn\n|-heal|p1a: Ferrothorn|82\/100|[silent]\n|upkeep\n|turn|5\n|\n|t:|1663011111\n|switch|p2a: Scizor|Scizor, M|100\/100\n|move|p1a: Ferrothorn|Leech Seed|p2a: Scizor\n|-start|p2a: Scizor|move: Leech Seed\n|\n|-weather|RainDance|[upkeep]\n|-damage|p2a: Scizor|88\/100|[from] Leech Seed|[of] p1a: Ferrothorn\n|-heal|p1a: Ferrothorn|93\/100|[silent]\n|upkeep\n|turn|6\n|\n|t:|1663011115\n|move|p2a: Scizor|Knock Off|p1a: Ferrothorn\n|-damage|p1a: Ferrothorn|72\/100\n|-damage|p2a: Scizor|75\/100|[from] ability: Iron Barbs|[of] p1a: Ferrothorn\n|-damage|p2a: Scizor|59\/100|[from] item: Rocky Helmet|[of] p1a: Ferrothorn\n|-enditem|p1a: Ferrothorn|Rocky Helmet|[from] move: Knock Off|[of] p2a: Scizor\n|move|p1a: Ferrothorn|Knock Off|p2a: Scizor\n|-damage|p2a: Scizor|37\/100\n|-enditem|p2a: Scizor|Leftovers|[from] move: Knock Off|[of] p1a: Ferrothorn\n|\n|-weather|RainDance|[upkeep]\n|-damage|p2a: Scizor|25\/100|[from] Leech Seed|[of] p1a: Ferrothorn\n|-heal|p1a: Ferrothorn|83\/100|[silent]\n|upkeep\n|turn|7\n|\n|t:|1663011122\n|move|p2a: Scizor|Roost|p2a: Scizor\n|-heal|p2a: Scizor|75\/100\n|-singleturn|p2a: Scizor|move: Roost\n|move|p1a: Ferrothorn|Stealth Rock|p2a: Scizor\n|-sidestart|p2: RggV_YT|move: Stealth Rock\n|\n|-weather|RainDance|[upkeep]\n|-damage|p2a: Scizor|62\/100|[from] Leech Seed|[of] p1a: Ferrothorn\n|-heal|p1a: Ferrothorn|94\/100|[silent]\n|upkeep\n|turn|8\n|\n|t:|1663011125\n|move|p2a: Scizor|Defog|p1a: Ferrothorn\n|-unboost|p1a: Ferrothorn|evasion|1\n|-sideend|p2: RggV_YT|Stealth Rock|[from] move: Defog|[of] p2a: Scizor\n|move|p1a: Ferrothorn|Knock Off|p2a: Scizor\n|-damage|p2a: Scizor|49\/100\n|\n|-weather|RainDance|[upkeep]\n|-damage|p2a: Scizor|36\/100|[from] Leech Seed|[of] p1a: Ferrothorn\n|-heal|p1a: Ferrothorn|100\/100|[silent]\n|upkeep\n|turn|9\n|\n|t:|1663011129\n|switch|p2a: Victini|Victini|49\/100\n|switch|p1a: Urshifu|Urshifu-Rapid-Strike, M|100\/100\n|\n|-weather|none\n|upkeep\n|turn|10\n|\n|t:|1663011135\n|switch|p2a: Heliolisk|Heliolisk, F|100\/100\n|switch|p1a: Landorus|Landorus-Therian, M|99\/100\n|-ability|p1a: Landorus|Intimidate|boost\n|-unboost|p2a: Heliolisk|atk|1\n|\n|-heal|p1a: Landorus|100\/100|[from] item: Leftovers\n|upkeep\n|turn|11\n|\n|t:|1663011139\n|move|p2a: Heliolisk|Surf|p1a: Landorus\n|-supereffective|p1a: Landorus\n|-damage|p1a: Landorus|47\/100\n|-damage|p2a: Heliolisk|91\/100|[from] item: Life Orb\n|move|p1a: Landorus|Earthquake|p2a: Heliolisk\n|-supereffective|p2a: Heliolisk\n|-damage|p2a: Heliolisk|0 fnt\n|faint|p2a: Heliolisk\n|\n|-heal|p1a: Landorus|53\/100|[from] item: Leftovers\n|upkeep\n|\n|t:|1663011143\n|switch|p2a: Victini|Victini|49\/100\n|turn|12\n|\n|t:|1663011148\n|switch|p1a: Dragapult|Dragapult, F|100\/100\n|move|p2a: Victini|V-create|p1a: Dragapult\n|-resisted|p1a: Dragapult\n|-damage|p1a: Dragapult|45\/100\n|-unboost|p2a: Victini|spe|1\n|-unboost|p2a: Victini|def|1\n|-unboost|p2a: Victini|spd|1\n|\n|upkeep\n|turn|13\n|\n|t:|1663011152\n|switch|p2a: Mudsdale|Mudsdale, F, shiny|100\/100\n|move|p1a: Dragapult|Shadow Ball|p2a: Mudsdale\n|-damage|p2a: Mudsdale|50\/100\n|-unboost|p2a: Mudsdale|spd|1\n|-ability|p2a: Mudsdale|Stamina|boost\n|-boost|p2a: Mudsdale|def|1\n|\n|-heal|p2a: Mudsdale|57\/100|[from] item: Leftovers\n|upkeep\n|turn|14\n|\n|t:|1663011159\n|move|p1a: Dragapult|Shadow Ball|p2a: Mudsdale\n|-damage|p2a: Mudsdale|0 fnt\n|faint|p2a: Mudsdale\n|\n|upkeep\n|\n|t:|1663011162\n|switch|p2a: Scizor|Scizor, M|36\/100\n|turn|15\n|\n|t:|1663011165\n|move|p2a: Scizor|Bullet Punch|p1a: Dragapult\n|-damage|p1a: Dragapult|0 fnt\n|faint|p1a: Dragapult\n|\n|upkeep\n|\n|t:|1663011171\n|switch|p1a: Urshifu|Urshifu-Rapid-Strike, M|100\/100\n|turn|16\n|\n|t:|1663011177\n|move|p2a: Scizor|Bullet Punch|p1a: Urshifu\n|-resisted|p1a: Urshifu\n|-damage|p1a: Urshifu|83\/100\n|move|p1a: Urshifu|Close Combat|p2a: Scizor\n|-damage|p2a: Scizor|0 fnt\n|-unboost|p1a: Urshifu|def|1\n|-unboost|p1a: Urshifu|spd|1\n|faint|p2a: Scizor\n|\n|upkeep\n|\n|t:|1663011180\n|switch|p2a: Victini|Victini|49\/100\n|turn|17\n|\n|t:|1663011192\n|move|p1a: Urshifu|Aqua Jet|p2a: Victini\n|-supereffective|p2a: Victini\n|-damage|p2a: Victini|6\/100\n|move|p2a: Victini|V-create|p1a: Urshifu\n|-resisted|p1a: Urshifu\n|-damage|p1a: Urshifu|22\/100\n|-unboost|p2a: Victini|spe|1\n|-unboost|p2a: Victini|def|1\n|-unboost|p2a: Victini|spd|1\n|\n|upkeep\n|turn|18\n|\n|t:|1663011203\n|switch|p2a: Politoed|Politoed, M|88\/100\n|-weather|RainDance|[from] ability: Drizzle|[of] p2a: Politoed\n|move|p1a: Urshifu|Aqua Jet|p2a: Politoed\n|-resisted|p2a: Politoed\n|-damage|p2a: Politoed|74\/100\n|\n|-weather|RainDance|[upkeep]\n|upkeep\n|turn|19\n|\n|t:|1663011207\n|switch|p2a: Victini|Victini|6\/100\n|move|p1a: Urshifu|Close Combat|p2a: Victini\n|-resisted|p2a: Victini\n|-damage|p2a: Victini|0 fnt\n|-unboost|p1a: Urshifu|def|1\n|-unboost|p1a: Urshifu|spd|1\n|faint|p2a: Victini\n|\n|-weather|RainDance|[upkeep]\n|upkeep\n|\n|t:|1663011208\n|switch|p2a: Kingdra|Kingdra, M|100\/100\n|turn|20\n|\n|t:|1663011214\n|move|p2a: Kingdra|Surf|p1a: Urshifu\n|-resisted|p1a: Urshifu\n|-damage|p1a: Urshifu|0 fnt\n|faint|p1a: Urshifu\n|\n|-weather|RainDance|[upkeep]\n|upkeep\n|\n|t:|1663011216\n|switch|p1a: Ferrothorn|Ferrothorn, M|100\/100\n|turn|21\n|\n|t:|1663011219\n|move|p2a: Kingdra|Surf|p1a: Ferrothorn\n|-resisted|p1a: Ferrothorn\n|-damage|p1a: Ferrothorn|64\/100\n|move|p1a: Ferrothorn|Leech Seed|p2a: Kingdra\n|-start|p2a: Kingdra|move: Leech Seed\n|\n|-weather|RainDance|[upkeep]\n|-damage|p2a: Kingdra|88\/100|[from] Leech Seed|[of] p1a: Ferrothorn\n|-heal|p1a: Ferrothorn|74\/100|[silent]\n|upkeep\n|turn|22\n|\n|t:|1663011225\n|switch|p2a: Politoed|Politoed, M|74\/100\n|move|p1a: Ferrothorn|Knock Off|p2a: Politoed\n|-damage|p2a: Politoed|59\/100\n|-enditem|p2a: Politoed|Damp Rock|[from] move: Knock Off|[of] p1a: Ferrothorn\n|\n|-weather|RainDance|[upkeep]\n|upkeep\n|turn|23\n|\n|t:|1663011230\n|switch|p1a: Tornadus|Tornadus-Therian, M|60\/100\n|move|p2a: Politoed|Scald|p1a: Tornadus\n|-damage|p1a: Tornadus|36\/100\n|\n|-weather|RainDance|[upkeep]\n|upkeep\n|turn|24\n|\n|t:|1663011238\n|switch|p2a: Kingdra|Kingdra, M|88\/100\n|move|p1a: Tornadus|Hurricane|p2a: Kingdra\n|-damage|p2a: Kingdra|35\/100\n|-start|p2a: Kingdra|confusion\n|\n|-weather|RainDance|[upkeep]\n|upkeep\n|turn|25\n|\n|t:|1663011251\n|switch|p1a: Landorus|Landorus-Therian, M|53\/100\n|-ability|p1a: Landorus|Intimidate|boost\n|-unboost|p2a: Kingdra|atk|1\n|-activate|p2a: Kingdra|confusion\n|-damage|p2a: Kingdra|29\/100|[from] confusion\n|\n|-weather|none\n|-heal|p1a: Landorus|59\/100|[from] item: Leftovers\n|upkeep\n|turn|26\n|\n|t:|1663011255\n|-activate|p2a: Kingdra|confusion\n|move|p2a: Kingdra|Hydro Pump|p1a: Landorus\n|-supereffective|p1a: Landorus\n|-damage|p1a: Landorus|0 fnt\n|faint|p1a: Landorus\n|\n|upkeep\n|\n|t:|1663011259\n|switch|p1a: Tapu Lele|Tapu Lele|100\/100\n|-fieldstart|move: Psychic Terrain|[from] ability: Psychic Surge|[of] p1a: Tapu Lele\n|turn|27\n|\n|t:|1663011261\n|switch|p2a: Politoed|Politoed, M|59\/100\n|-weather|RainDance|[from] ability: Drizzle|[of] p2a: Politoed\n|move|p1a: Tapu Lele|Psyshock|p2a: Politoed\n|-damage|p2a: Politoed|11\/100\n|\n|-weather|RainDance|[upkeep]\n|upkeep\n|turn|28\n|\n|t:|1663011263\n|move|p1a: Tapu Lele|Psyshock|p2a: Politoed\n|-damage|p2a: Politoed|0 fnt\n|faint|p2a: Politoed\n|\n|-weather|RainDance|[upkeep]\n|upkeep\n|\n|t:|1663011265\n|switch|p2a: Kingdra|Kingdra, M|29\/100\n|turn|29\n|\n|t:|1663011268\n|move|p2a: Kingdra|Hydro Pump|p1a: Tapu Lele\n|-damage|p1a: Tapu Lele|0 fnt\n|faint|p1a: Tapu Lele\n|\n|-weather|RainDance|[upkeep]\n|upkeep\n|\n|t:|1663011270\n|switch|p1a: Tornadus|Tornadus-Therian, M|69\/100\n|turn|30\n|\n|t:|1663011272\n|move|p2a: Kingdra|Hydro Pump|p1a: Tornadus\n|-damage|p1a: Tornadus|0 fnt\n|faint|p1a: Tornadus\n|\n|-weather|RainDance|[upkeep]\n|upkeep\n|\n|t:|1663011275\n|switch|p1a: Ferrothorn|Ferrothorn, M|74\/100\n|turn|31\n|\n|t:|1663011277\n|move|p2a: Kingdra|Hydro Pump|p1a: Ferrothorn\n|-resisted|p1a: Ferrothorn\n|-damage|p1a: Ferrothorn|29\/100\n|move|p1a: Ferrothorn|Knock Off|p2a: Kingdra\n|-damage|p2a: Kingdra|2\/100\n|-enditem|p2a: Kingdra|Choice Specs|[from] move: Knock Off|[of] p1a: Ferrothorn\n|\n|-weather|none\n|-fieldend|move: Psychic Terrain\n|upkeep\n|turn|32\n|\n|t:|1663011299\n|move|p2a: Kingdra|Draco Meteor|p1a: Ferrothorn\n|-resisted|p1a: Ferrothorn\n|-damage|p1a: Ferrothorn|4\/100\n|-unboost|p2a: Kingdra|spa|2\n|move|p1a: Ferrothorn|Knock Off|p2a: Kingdra\n|-crit|p2a: Kingdra\n|-damage|p2a: Kingdra|0 fnt\n|faint|p2a: Kingdra\n|\n|win|thepoopidoopi\n|raw|thepoopidoopi's rating: 1581 &rarr; <strong>1611<\/strong><br \/>(+30 for winning)\n|raw|RggV_YT's rating: 1769 &rarr; <strong>1739<\/strong><br \/>(-30 for losing)\n|c|\u2606thepoopidoopi|gg\n|l|\u2606RggV_YT\n||Ladder isn't responding, score probably updated but might not have (Request timeout).\n","uploadtime":1663011315,"views":47,"p1id":"thepoopidoopi","p2id":"rggvyt","formatid":"gen8ou","rating":1611,"private":0,"password":null}