{"id":"gen8monotype-1289299830","p1":"X-Wing Fighter","p2":"KokoCinco","format":"gen8monotype","log":"|j|\u2606X-Wing Fighter\n|j|\u2606KokoCinco\n|t:|1614221841\n|player|p1|X-Wing Fighter|hilbert-dueldisk|\n|player|p2|KokoCinco|boarder|\n|teamsize|p1|6\n|teamsize|p2|6\n|gametype|singles\n|gen|8\n|tier|[Gen 8] Monotype\n|rated|Tournament battle\n|rule|Same Type Clause: Pok\u00e9mon in a team must share a type\n|clearpoke\n|poke|p1|Regieleki|\n|poke|p1|Tapu Koko|\n|poke|p1|Rotom-Wash|\n|poke|p1|Zapdos|\n|poke|p1|Zeraora|\n|poke|p1|Magnezone|\n|poke|p2|Urshifu-*, F|\n|poke|p2|Slowking, F|\n|poke|p2|Pelipper, M|\n|poke|p2|Barraskewda, F|\n|poke|p2|Swampert, F|\n|poke|p2|Tapu Fini|\n|rule|Sleep Clause Mod: Limit one foe put to sleep\n|rule|Species Clause: Limit one of each Pok\u00e9mon\n|rule|OHKO Clause: OHKO moves are banned\n|rule|Evasion Moves Clause: Evasion moves are banned\n|rule|Endless Battle Clause: Forcing endless battles is banned\n|rule|HP Percentage Mod: HP is shown in percentages\n|rule|Dynamax Clause: You cannot dynamax\n|teampreview\n|j|*Lady Monita\n|j| Judacha\n|j| Eeveekid10\n|j| Alphons123\n|j| Dazelel\n|j| bcham\n|c| Judacha|a\n|c|\u2606X-Wing Fighter|another mono water lmfao\n|j| Marise Christmas\n|c| Eeveekid10|Wait not again\n|j| KingPanTheMan\n|j| Geamxd\n|l| Marise Christmas\n|c| bcham|AND KOKO IS A WATER PLAYER TOO\n|c| Judacha|Oh no...\n|c| bcham|im so salty dude\n|j| Sceptile kid 12\n|j| Pokemoncooltime\n|j| Pikazebra\n|c|\u2606KokoCinco|damn lol, well good luck\n|c| bcham|I would have destroyed you koko\n|l| Sceptile kid 12\n|c| bcham|win or i will be disappoint X-Wing Fighter :p\n|c|\u2606X-Wing Fighter|okay at least he doesnt have vish\n|j|^HannahHeliolisk\n|c| Eeveekid10|XD\n|c| bcham|still an aggressive water team\n|c|\u2606X-Wing Fighter|bcham hopefully i dont disconnect\n|j| Vacave\n|\n|t:|1614221904\n|start\n|switch|p1a: Rotom|Rotom-Wash|100\/100\n|switch|p2a: Swampert|Swampert, F|100\/100\n|turn|1\n|c| bcham|i hope so too\n|\n|t:|1614221911\n|move|p1a: Rotom|Hydro Pump|p2a: Swampert\n|-damage|p2a: Swampert|76\/100\n|move|p2a: Swampert|Stealth Rock|p1a: Rotom\n|-sidestart|p1: X-Wing Fighter|move: Stealth Rock\n|\n|-heal|p2a: Swampert|83\/100|[from] item: Leftovers\n|upkeep\n|turn|2\n|\n|t:|1614221914\n|move|p1a: Rotom|Will-O-Wisp|p2a: Swampert|[miss]\n|-miss|p1a: Rotom|p2a: Swampert\n|move|p2a: Swampert|Roar|p1a: Rotom\n|drag|p1a: Magnezone|Magnezone|100\/100\n|-damage|p1a: Magnezone|95\/100|[from] Stealth Rock\n|-item|p1a: Magnezone|Air Balloon\n|\n|-heal|p2a: Swampert|89\/100|[from] item: Leftovers\n|upkeep\n|turn|3\n|\n|t:|1614221920\n|switch|p1a: Rotom|Rotom-Wash|100\/100\n|-damage|p1a: Rotom|88\/100|[from] Stealth Rock\n|move|p2a: Swampert|Flip Turn|p1a: Rotom\n|-resisted|p1a: Rotom\n|-damage|p1a: Rotom|79\/100\n|c| Pokemoncooltime|Goodl uck\n|\n|t:|1614221930\n|switch|p2a: Slowking|Slowking, F|100\/100|[from]move: Flip Turn\n|\n|-heal|p1a: Rotom|85\/100|[from] item: Leftovers\n|upkeep\n|turn|4\n|c| bcham|he doesn't know :p\n|\n|t:|1614221940\n|move|p1a: Rotom|Volt Switch|p2a: Slowking\n|-supereffective|p2a: Slowking\n|-damage|p2a: Slowking|70\/100\n|c| bcham|they*\n|\n|t:|1614221947\n|switch|p1a: Zeraora|Zeraora|100\/100|[from]move: Volt Switch\n|-damage|p1a: Zeraora|88\/100|[from] Stealth Rock\n|move|p2a: Slowking|Future Sight|p1a: Zeraora\n|-start|p2a: Slowking|move: Future Sight\n|\n|upkeep\n|turn|5\n|\n|t:|1614221953\n|switch|p2a: Swampert|Swampert, F|89\/100\n|move|p1a: Zeraora|Knock Off|p2a: Swampert\n|-damage|p2a: Swampert|44\/100\n|-enditem|p2a: Swampert|Leftovers|[from] move: Knock Off|[of] p1a: Zeraora\n|\n|upkeep\n|turn|6\n|\n|t:|1614221965\n|switch|p1a: Zapdos|Zapdos|100\/100\n|move|p2a: Swampert|Flip Turn|p1a: Zapdos\n|-damage|p1a: Zapdos|75\/100\n|j| 0_0 Tmm2\n|\n|t:|1614221971\n|switch|p2a: Urshifu|Urshifu-Rapid-Strike, F|100\/100|[from]move: Flip Turn\n|\n|-end|p1a: Zapdos|move: Future Sight\n|-damage|p1a: Zapdos|43\/100\n|upkeep\n|turn|7\n|c| Eeveekid10|O_o\n|\n|t:|1614221982\n|switch|p1a: Rotom|Rotom-Wash|85\/100\n|-damage|p1a: Rotom|73\/100|[from] Stealth Rock\n|move|p2a: Urshifu|Surging Strikes|p1a: Rotom\n|-resisted|p1a: Rotom\n|-crit|p1a: Rotom\n|-damage|p1a: Rotom|61\/100\n|-resisted|p1a: Rotom\n|-crit|p1a: Rotom\n|-damage|p1a: Rotom|49\/100\n|-resisted|p1a: Rotom\n|-crit|p1a: Rotom\n|-damage|p1a: Rotom|38\/100\n|-hitcount|p1a: Rotom|3\n|\n|-heal|p1a: Rotom|44\/100|[from] item: Leftovers\n|upkeep\n|turn|8\n|j| Deadrattata\n|\n|t:|1614221991\n|switch|p2a: Slowking|Slowking, F|100\/100\n|move|p1a: Rotom|Pain Split|p2a: Slowking\n|-sethp|p2a: Slowking|67\/100|[from] move: Pain Split|[silent]\n|-sethp|p1a: Rotom|87\/100|[from] move: Pain Split\n|\n|-heal|p1a: Rotom|93\/100|[from] item: Leftovers\n|upkeep\n|turn|9\n|\n|t:|1614221996\n|move|p1a: Rotom|Volt Switch|p2a: Slowking\n|-supereffective|p2a: Slowking\n|-damage|p2a: Slowking|39\/100\n|\n|t:|1614222000\n|switch|p1a: Zapdos|Zapdos|43\/100|[from]move: Volt Switch\n|move|p2a: Slowking|Future Sight|p1a: Zapdos\n|-start|p2a: Slowking|move: Future Sight\n|\n|upkeep\n|turn|10\n|l| Pikazebra\n|\n|t:|1614222020\n|move|p1a: Zapdos|Roost|p1a: Zapdos\n|-heal|p1a: Zapdos|93\/100\n|-singleturn|p1a: Zapdos|move: Roost\n|move|p2a: Slowking|Teleport|p2a: Slowking\n|\n|t:|1614222031\n|switch|p2a: Pelipper|Pelipper, M|100\/100|[from]move: Teleport\n|-weather|RainDance|[from] ability: Drizzle|[of] p2a: Pelipper\n|\n|-weather|RainDance|[upkeep]\n|upkeep\n|turn|11\n|\n|t:|1614222035\n|switch|p2a: Swampert|Swampert, F|44\/100\n|move|p1a: Zapdos|Volt Switch|p2a: Swampert\n|-immune|p2a: Swampert\n|\n|-weather|RainDance|[upkeep]\n|-end|p1a: Zapdos|move: Future Sight\n|-damage|p1a: Zapdos|63\/100\n|upkeep\n|turn|12\n|\n|t:|1614222039\n|move|p1a: Zapdos|Defog|p2a: Swampert\n|-unboost|p2a: Swampert|evasion|1\n|-sideend|p1: X-Wing Fighter|Stealth Rock|[from] move: Defog|[of] p1a: Zapdos\n|move|p2a: Swampert|Flip Turn|p1a: Zapdos\n|-damage|p1a: Zapdos|31\/100\n|\n|t:|1614222044\n|switch|p2a: Urshifu|Urshifu-Rapid-Strike, F|100\/100|[from]move: Flip Turn\n|\n|-weather|RainDance|[upkeep]\n|upkeep\n|turn|13\n|\n|t:|1614222047\n|switch|p1a: Rotom|Rotom-Wash|93\/100\n|move|p2a: Urshifu|Surging Strikes|p1a: Rotom\n|-resisted|p1a: Rotom\n|-crit|p1a: Rotom\n|-damage|p1a: Rotom|76\/100\n|-resisted|p1a: Rotom\n|-crit|p1a: Rotom\n|-damage|p1a: Rotom|58\/100\n|-resisted|p1a: Rotom\n|-crit|p1a: Rotom\n|-damage|p1a: Rotom|41\/100\n|-hitcount|p1a: Rotom|3\n|\n|-weather|RainDance|[upkeep]\n|-heal|p1a: Rotom|47\/100|[from] item: Leftovers\n|upkeep\n|turn|14\n|\n|t:|1614222055\n|switch|p1a: Zapdos|Zapdos|31\/100\n|move|p2a: Urshifu|Surging Strikes|p1a: Zapdos\n|-crit|p1a: Zapdos\n|-damage|p1a: Zapdos|0 fnt\n|-hitcount|p1a: Zapdos|1\n|faint|p1a: Zapdos\n|\n|-weather|none\n|upkeep\n|c|\u2606X-Wing Fighter|ah no static\n|c|\u2606X-Wing Fighter|rip\n|\n|t:|1614222070\n|switch|p1a: Zeraora|Zeraora|88\/100\n|turn|15\n|\n|t:|1614222081\n|switch|p2a: Slowking|Slowking, F|73\/100\n|move|p1a: Zeraora|Close Combat|p2a: Slowking\n|-resisted|p2a: Slowking\n|-damage|p2a: Slowking|42\/100\n|-unboost|p1a: Zeraora|def|1\n|-unboost|p1a: Zeraora|spd|1\n|\n|upkeep\n|turn|16\n|c| Eeveekid10|Rip nonetheless\n|\n|t:|1614222087\n|switch|p1a: Tapu Koko|Tapu Koko|100\/100\n|-fieldstart|move: Electric Terrain|[from] ability: Electric Surge|[of] p1a: Tapu Koko\n|switch|p2a: Swampert|Swampert, F|44\/100\n|\n|upkeep\n|turn|17\n|j| PiXelBro489\n|c| PiXelBro489|eevee which country do u live ?\n|c| bcham|cmon x you've got this\n|\n|t:|1614222116\n|switch|p2a: Slowking|Slowking, F|75\/100\n|move|p1a: Tapu Koko|U-turn|p2a: Slowking\n|-supereffective|p2a: Slowking\n|-damage|p2a: Slowking|41\/100\n|\n|t:|1614222122\n|switch|p1a: Zeraora|Zeraora|88\/100|[from]move: U-turn\n|\n|upkeep\n|turn|18\n|j| desyeer\n|\n|t:|1614222135\n|switch|p2a: Swampert|Swampert, F|44\/100\n|move|p1a: Zeraora|Knock Off|p2a: Swampert\n|-crit|p2a: Swampert\n|-damage|p2a: Swampert|2\/100\n|\n|upkeep\n|turn|19\n|\n|t:|1614222146\n|move|p1a: Zeraora|Knock Off|p2a: Swampert\n|-damage|p2a: Swampert|0 fnt\n|faint|p2a: Swampert\n|\n|upkeep\n|\n|t:|1614222154\n|switch|p2a: Pelipper|Pelipper, M|100\/100\n|-weather|RainDance|[from] ability: Drizzle|[of] p2a: Pelipper\n|turn|20\n|j| sanvimar040913\n|\n|t:|1614222192\n|switch|p1a: Magnezone|Magnezone|95\/100\n|-item|p1a: Magnezone|Air Balloon\n|move|p2a: Pelipper|U-turn|p1a: Magnezone\n|-resisted|p1a: Magnezone\n|-damage|p1a: Magnezone|90\/100\n|-enditem|p1a: Magnezone|Air Balloon\n|\n|t:|1614222210\n|switch|p2a: Urshifu|Urshifu-Rapid-Strike, F|100\/100|[from]move: U-turn\n|\n|-weather|RainDance|[upkeep]\n|-fieldend|move: Electric Terrain\n|upkeep\n|turn|21\n|l| Alphons123\n|\n|t:|1614222218\n|move|p2a: Urshifu|Surging Strikes|p1a: Magnezone\n|-crit|p1a: Magnezone\n|-damage|p1a: Magnezone|46\/100\n|-crit|p1a: Magnezone\n|-damage|p1a: Magnezone|3\/100\n|-crit|p1a: Magnezone\n|-damage|p1a: Magnezone|0 fnt\n|-hitcount|p1a: Magnezone|3\n|faint|p1a: Magnezone\n|\n|-weather|RainDance|[upkeep]\n|upkeep\n|j| Alphons123\n|j| Unknown671\n|j| dr should\n|j| DrewCareysFeet\n|l| dr should\n|\n|t:|1614222250\n|switch|p1a: Regieleki|Regieleki|100\/100\n|turn|22\n|\n|t:|1614222262\n|switch|p2a: Slowking|Slowking, F|75\/100\n|move|p1a: Regieleki|Thunderbolt|p2a: Slowking\n|-supereffective|p2a: Slowking\n|-damage|p2a: Slowking|0 fnt\n|faint|p2a: Slowking\n|\n|-weather|RainDance|[upkeep]\n|upkeep\n|\n|t:|1614222265\n|switch|p2a: Barraskewda|Barraskewda, F|100\/100\n|turn|23\n|c| bcham|skwskwskw\n|\n|t:|1614222279\n|switch|p1a: Zeraora|Zeraora|88\/100\n|move|p2a: Barraskewda|Waterfall|p1a: Zeraora\n|-damage|p1a: Zeraora|0 fnt\n|faint|p1a: Zeraora\n|\n|-weather|RainDance|[upkeep]\n|upkeep\n|\n|t:|1614222281\n|switch|p1a: Rotom|Rotom-Wash|47\/100\n|turn|24\n|\n|t:|1614222287\n|switch|p2a: Tapu Fini|Tapu Fini|100\/100\n|-fieldstart|move: Misty Terrain|[from] ability: Misty Surge|[of] p2a: Tapu Fini\n|move|p1a: Rotom|Pain Split|p2a: Tapu Fini\n|-sethp|p2a: Tapu Fini|76\/100|[from] move: Pain Split|[silent]\n|-sethp|p1a: Rotom|70\/100|[from] move: Pain Split\n|\n|-weather|none\n|-heal|p1a: Rotom|76\/100|[from] item: Leftovers\n|upkeep\n|turn|25\n|\n|t:|1614222292\n|switch|p1a: Tapu Koko|Tapu Koko|100\/100\n|-fieldstart|move: Electric Terrain|[from] ability: Electric Surge|[of] p1a: Tapu Koko\n|move|p2a: Tapu Fini|Moonblast|p1a: Tapu Koko\n|-damage|p1a: Tapu Koko|39\/100\n|\n|upkeep\n|turn|26\n|\n|t:|1614222294\n|move|p2a: Tapu Fini|Moonblast|p1a: Tapu Koko\n|-damage|p1a: Tapu Koko|0 fnt\n|faint|p1a: Tapu Koko\n|\n|upkeep\n|\n|t:|1614222296\n|switch|p1a: Regieleki|Regieleki|100\/100\n|turn|27\n|c| Dazelel|getem\n|\n|t:|1614222314\n|move|p1a: Regieleki|Thunderbolt|p2a: Tapu Fini\n|-supereffective|p2a: Tapu Fini\n|-damage|p2a: Tapu Fini|0 fnt\n|faint|p2a: Tapu Fini\n|\n|upkeep\n|\n|t:|1614222318\n|switch|p2a: Pelipper|Pelipper, M|100\/100\n|-weather|RainDance|[from] ability: Drizzle|[of] p2a: Pelipper\n|turn|28\n|\n|t:|1614222321\n|move|p1a: Regieleki|Thunderbolt|p2a: Pelipper\n|-supereffective|p2a: Pelipper\n|-damage|p2a: Pelipper|0 fnt\n|faint|p2a: Pelipper\n|\n|-weather|RainDance|[upkeep]\n|upkeep\n|\n|t:|1614222323\n|switch|p2a: Barraskewda|Barraskewda, F|100\/100\n|turn|29\n|l| PiXelBro489\n|c| bcham|yo am i dced?\n|c| Eeveekid10|Idk\n|c| bcham|oh they're calcing\n|l| sanvimar040913\n|c| Eeveekid10|I am also calcing\n|c|\u2606X-Wing Fighter|shit\n|c|\u2606X-Wing Fighter|i lose\n|c|\u2606X-Wing Fighter|i think\n|c| bcham|i'm not, i'm curious\n|l| Alphons123\n|c| Eeveekid10|As far as i know,eleki dies to liquidation\n|j| uncountablyInfinit\n|l| Pokemoncooltime\n|c|\u2606X-Wing Fighter|i cant live 2 CC from skewda\n|\n|t:|1614222459\n|move|p2a: Barraskewda|Flip Turn|p1a: Regieleki\n|-damage|p1a: Regieleki|0 fnt\n|faint|p1a: Regieleki\n|\n|t:|1614222462\n|switch|p2a: Urshifu|Urshifu-Rapid-Strike, F|100\/100|[from]move: Flip Turn\n|\n|-weather|RainDance|[upkeep]\n|-fieldend|move: Electric Terrain\n|upkeep\n|c| Unknown671|I don't think u can lose\n|c| Unknown671|Nvm\n|c|\u2606X-Wing Fighter|really\n|j| Marise Christmas\n|\n|t:|1614222472\n|switch|p1a: Rotom|Rotom-Wash|76\/100\n|turn|30\n|\n|t:|1614222476\n|move|p2a: Urshifu|Close Combat|p1a: Rotom\n|-damage|p1a: Rotom|3\/100\n|-unboost|p2a: Urshifu|def|1\n|-unboost|p2a: Urshifu|spd|1\n|move|p1a: Rotom|Pain Split|p2a: Urshifu\n|-sethp|p2a: Urshifu|52\/100|[from] move: Pain Split|[silent]\n|-sethp|p1a: Rotom|58\/100|[from] move: Pain Split\n|\n|-weather|RainDance|[upkeep]\n|-heal|p1a: Rotom|64\/100|[from] item: Leftovers\n|upkeep\n|turn|31\n|\n|t:|1614222480\n|move|p2a: Urshifu|Close Combat|p1a: Rotom\n|-damage|p1a: Rotom|0 fnt\n|-unboost|p2a: Urshifu|def|1\n|-unboost|p2a: Urshifu|spd|1\n|faint|p1a: Rotom\n|\n|win|KokoCinco\n|n|\u2606X-Wing Fighter|xwingfighter\n|n|\u2606KokoCinco|kokocinco\n|n|*Lady Monita|ladymonita\n|n| Judacha|judacha\n|n| Eeveekid10|eeveekid10\n|n| Dazelel|dazelel\n|n| bcham|bcham\n|n| KingPanTheMan|kingpantheman\n|n| Geamxd|geamxd\n|n| HannahHeliolisk|hannahheliolisk\n|n| Vacave|vacave\n|n| 0_0 Tmm2|00tmm2\n|n| Deadrattata|deadrattata\n|n| desyeer|desyeer\n|n| Unknown671|unknown671\n|n| DrewCareysFeet|drewcareysfeet\n|n| uncountablyInfinit|uncountablyinfinit\n|n| Marise Christmas|marisechristmas\n","uploadtime":1614222481,"views":19,"p1id":"xwingfighter","p2id":"kokocinco","formatid":"gen8monotype","rating":0,"private":0,"password":null}