{"id":"gen8ou-1662887230","p1":"Wade V Roe","p2":"Diameter\u272fXtreme","format":"gen8ou","log":"|j|\u2606Wade V Roe\n|j|\u2606Diameter\u272fXtreme\n|t:|1663033910\n|gametype|singles\n|player|p1|Wade V Roe|rocketgrunt|1447\n|player|p2|Diameter\u272fXtreme|twins-gen4|1548\n|teamsize|p1|6\n|teamsize|p2|6\n|gen|8\n|tier|[Gen 8] OU\n|rated|\n|rule|Sleep Clause Mod: Limit one foe put to sleep\n|rule|Species Clause: Limit one of each Pok\u00e9mon\n|rule|OHKO Clause: OHKO moves are banned\n|rule|Evasion Items Clause: Evasion items are banned\n|rule|Evasion Moves Clause: Evasion moves are banned\n|rule|Endless Battle Clause: Forcing endless battles is banned\n|rule|HP Percentage Mod: HP is shown in percentages\n|rule|Dynamax Clause: You cannot dynamax\n|clearpoke\n|poke|p1|Moltres-Galar|\n|poke|p1|Excadrill, M|\n|poke|p1|Tapu Fini|\n|poke|p1|Polteageist-Antique|\n|poke|p1|Kartana|\n|poke|p1|Volcarona, F|\n|poke|p2|Melmetal|\n|poke|p2|Zeraora|\n|poke|p2|Tapu Lele|\n|poke|p2|Blissey, F|\n|poke|p2|Dragonite, F|\n|poke|p2|Clefable, M|\n|teampreview\n|inactive|Battle timer is ON: inactive players will automatically lose when time's up. (requested by Wade V Roe)\n|\n|t:|1663033944\n|start\n|switch|p1a: Excadrill|Excadrill, M, shiny|100\/100\n|switch|p2a: Zeraora|Zeraora|100\/100\n|-ability|p1a: Excadrill|Mold Breaker\n|turn|1\n|\n|t:|1663033960\n|switch|p2a: Dragonite|Dragonite, F|100\/100\n|move|p1a: Excadrill|Rapid Spin|p2a: Dragonite\n|-damage|p2a: Dragonite|89\/100\n|-boost|p1a: Excadrill|spe|1\n|\n|upkeep\n|turn|2\n|\n|t:|1663033964\n|move|p1a: Excadrill|Stealth Rock|p2a: Dragonite\n|-sidestart|p2: Diameter\u272fXtreme|move: Stealth Rock\n|move|p2a: Dragonite|Earthquake|p1a: Excadrill\n|-supereffective|p1a: Excadrill\n|-damage|p1a: Excadrill|1\/100\n|\n|upkeep\n|turn|3\n|\n|t:|1663033967\n|move|p1a: Excadrill|Steel Beam|p2a: Dragonite\n|-damage|p2a: Dragonite|63\/100\n|-damage|p1a: Excadrill|0 fnt|[from] mindblown\n|faint|p1a: Excadrill\n|move|p2a: Dragonite|Defog|p1: Excadrill|[notarget]\n|-fail|p2a: Dragonite\n|\n|upkeep\n|\n|t:|1663033977\n|switch|p1a: Polteageist|Polteageist-Antique|100\/100\n|turn|4\n|\n|t:|1663033979\n|move|p1a: Polteageist|Shell Smash|p1a: Polteageist\n|-unboost|p1a: Polteageist|def|1\n|-unboost|p1a: Polteageist|spd|1\n|-boost|p1a: Polteageist|atk|2\n|-boost|p1a: Polteageist|spa|2\n|-boost|p1a: Polteageist|spe|2\n|move|p2a: Dragonite|Thunder Wave|p1a: Polteageist\n|-status|p1a: Polteageist|par\n|\n|upkeep\n|turn|5\n|\n|t:|1663033987\n|switch|p2a: Tapu Lele|Tapu Lele|100\/100\n|-damage|p2a: Tapu Lele|88\/100|[from] Stealth Rock\n|-fieldstart|move: Psychic Terrain|[from] ability: Psychic Surge|[of] p2a: Tapu Lele\n|cant|p1a: Polteageist|par\n|\n|upkeep\n|turn|6\n|\n|t:|1663033989\n|move|p2a: Tapu Lele|Psychic|p1a: Polteageist\n|-enditem|p1a: Polteageist|Focus Sash\n|-damage|p1a: Polteageist|1\/100 par\n|move|p1a: Polteageist|Shadow Ball|p2a: Tapu Lele\n|-supereffective|p2a: Tapu Lele\n|-damage|p2a: Tapu Lele|0 fnt\n|faint|p2a: Tapu Lele\n|\n|upkeep\n|\n|t:|1663033994\n|switch|p2a: Zeraora|Zeraora|100\/100\n|turn|7\n|\n|t:|1663033996\n|move|p2a: Zeraora|Volt Switch|p1a: Polteageist\n|-damage|p1a: Polteageist|0 fnt\n|faint|p1a: Polteageist\n|\n|t:|1663033998\n|switch|p2a: Dragonite|Dragonite, F|63\/100|[from]move: Volt Switch\n|\n|upkeep\n|\n|t:|1663034008\n|switch|p1a: Volcarona|Volcarona, F|100\/100\n|turn|8\n|\n|t:|1663034013\n|move|p1a: Volcarona|Quiver Dance|p1a: Volcarona\n|-boost|p1a: Volcarona|spa|1\n|-boost|p1a: Volcarona|spd|1\n|-boost|p1a: Volcarona|spe|1\n|move|p2a: Dragonite|Thunder Wave|p1a: Volcarona\n|-status|p1a: Volcarona|par\n|\n|upkeep\n|turn|9\n|\n|t:|1663034015\n|cant|p1a: Volcarona|par\n|move|p2a: Dragonite|Defog|p1a: Volcarona\n|-unboost|p1a: Volcarona|evasion|1\n|-sideend|p2: Diameter\u272fXtreme|Stealth Rock|[from] move: Defog|[of] p2a: Dragonite\n|-fieldend|move: Psychic Terrain\n|\n|upkeep\n|turn|10\n|\n|t:|1663034017\n|move|p1a: Volcarona|Psychic|p2a: Dragonite\n|-damage|p2a: Dragonite|18\/100\n|move|p2a: Dragonite|Roost|p2a: Dragonite\n|-heal|p2a: Dragonite|68\/100\n|-singleturn|p2a: Dragonite|move: Roost\n|\n|upkeep\n|turn|11\n|\n|t:|1663034019\n|move|p1a: Volcarona|Psychic|p2a: Dragonite\n|-damage|p2a: Dragonite|23\/100\n|move|p2a: Dragonite|Roost|p2a: Dragonite\n|-heal|p2a: Dragonite|73\/100\n|-singleturn|p2a: Dragonite|move: Roost\n|\n|upkeep\n|turn|12\n|\n|t:|1663034021\n|cant|p1a: Volcarona|par\n|move|p2a: Dragonite|Roost|p2a: Dragonite\n|-heal|p2a: Dragonite|100\/100\n|-singleturn|p2a: Dragonite|move: Roost\n|\n|upkeep\n|turn|13\n|\n|t:|1663034023\n|switch|p2a: Clefable|Clefable, M|100\/100\n|move|p1a: Volcarona|Psychic|p2a: Clefable\n|-damage|p2a: Clefable|67\/100\n|\n|-heal|p2a: Clefable|73\/100|[from] item: Leftovers\n|upkeep\n|turn|14\n|\n|t:|1663034026\n|move|p1a: Volcarona|Flamethrower|p2a: Clefable\n|-damage|p2a: Clefable|24\/100\n|move|p2a: Clefable|Calm Mind|p2a: Clefable\n|-boost|p2a: Clefable|spa|1\n|-boost|p2a: Clefable|spd|1\n|\n|-heal|p2a: Clefable|30\/100|[from] item: Leftovers\n|upkeep\n|turn|15\n|\n|t:|1663034028\n|move|p1a: Volcarona|Flamethrower|p2a: Clefable\n|-damage|p2a: Clefable|0 fnt\n|faint|p2a: Clefable\n|\n|upkeep\n|\n|t:|1663034035\n|switch|p2a: Zeraora|Zeraora|100\/100\n|turn|16\n|\n|t:|1663034038\n|move|p2a: Zeraora|Plasma Fists|p1a: Volcarona\n|-damage|p1a: Volcarona|22\/100 par\n|-fieldactivate|move: Ion Deluge\n|-hint|Normal-type moves become Electric-type after using Plasma Fists.\n|move|p1a: Volcarona|Flamethrower|p2a: Zeraora\n|-damage|p2a: Zeraora|0 fnt\n|faint|p2a: Zeraora\n|\n|upkeep\n|\n|t:|1663034042\n|switch|p2a: Blissey|Blissey, F|100\/100\n|turn|17\n|\n|t:|1663034046\n|move|p1a: Volcarona|Psychic|p2a: Blissey\n|-damage|p2a: Blissey|82\/100\n|move|p2a: Blissey|Seismic Toss|p1a: Volcarona\n|-damage|p1a: Volcarona|0 fnt\n|faint|p1a: Volcarona\n|\n|upkeep\n|\n|t:|1663034049\n|switch|p1a: Kartana|Kartana, shiny|100\/100\n|turn|18\n|\n|t:|1663034062\n|move|p1a: Kartana|Swords Dance|p1a: Kartana\n|-boost|p1a: Kartana|atk|2\n|move|p2a: Blissey|Thunder Wave|p1a: Kartana\n|-status|p1a: Kartana|par\n|\n|upkeep\n|turn|19\n|\n|t:|1663034064\n|switch|p2a: Dragonite|Dragonite, F|100\/100\n|move|p1a: Kartana|Swords Dance|p1a: Kartana\n|-boost|p1a: Kartana|atk|2\n|\n|upkeep\n|turn|20\n|\n|t:|1663034067\n|move|p2a: Dragonite|Earthquake|p1a: Kartana\n|-damage|p1a: Kartana|75\/100 par\n|cant|p1a: Kartana|par\n|\n|upkeep\n|turn|21\n|\n|t:|1663034073\n|switch|p2a: Melmetal|Melmetal|100\/100\n|cant|p1a: Kartana|par\n|\n|upkeep\n|turn|22\n|\n|t:|1663034076\n|cant|p1a: Kartana|par\n|move|p2a: Melmetal|Superpower|p1a: Kartana\n|-supereffective|p1a: Kartana\n|-enditem|p1a: Kartana|Chople Berry|[eat]\n|-enditem|p1a: Kartana|Chople Berry|[weaken]\n|-damage|p1a: Kartana|9\/100 par\n|-unboost|p2a: Melmetal|atk|1\n|-unboost|p2a: Melmetal|def|1\n|\n|upkeep\n|turn|23\n|c|\u2606Diameter\u272fXtreme|mb\n|\n|t:|1663034080\n|move|p1a: Kartana|Sacred Sword|p2a: Melmetal\n|-supereffective|p2a: Melmetal\n|-damage|p2a: Melmetal|0 fnt\n|faint|p2a: Melmetal\n|-ability|p1a: Kartana|Beast Boost|boost\n|-boost|p1a: Kartana|spe|1\n|\n|upkeep\n|\n|t:|1663034082\n|switch|p2a: Dragonite|Dragonite, F|100\/100\n|turn|24\n|c|\u2606Wade V Roe|all good\n|\n|t:|1663034090\n|move|p1a: Kartana|Psycho Cut|p2a: Dragonite\n|-damage|p2a: Dragonite|78\/100\n|move|p2a: Dragonite|Earthquake|p1a: Kartana\n|-damage|p1a: Kartana|0 fnt\n|faint|p1a: Kartana\n|\n|upkeep\n|\n|t:|1663034095\n|switch|p1a: Tapu Fini|Tapu Fini, shiny|100\/100\n|-fieldstart|move: Misty Terrain|[from] ability: Misty Surge|[of] p1a: Tapu Fini\n|turn|25\n|\n|t:|1663034098\n|switch|p2a: Blissey|Blissey, F|82\/100\n|move|p1a: Tapu Fini|Substitute|p1a: Tapu Fini\n|-start|p1a: Tapu Fini|Substitute\n|-damage|p1a: Tapu Fini|76\/100\n|\n|-heal|p1a: Tapu Fini|82\/100|[from] item: Leftovers\n|upkeep\n|turn|26\n|\n|t:|1663034099\n|move|p1a: Tapu Fini|Calm Mind|p1a: Tapu Fini\n|-boost|p1a: Tapu Fini|spa|1\n|-boost|p1a: Tapu Fini|spd|1\n|move|p2a: Blissey|Seismic Toss|p1a: Tapu Fini\n|-end|p1a: Tapu Fini|Substitute\n|\n|-heal|p1a: Tapu Fini|88\/100|[from] item: Leftovers\n|upkeep\n|turn|27\n|\n|t:|1663034101\n|move|p1a: Tapu Fini|Calm Mind|p1a: Tapu Fini\n|-boost|p1a: Tapu Fini|spa|1\n|-boost|p1a: Tapu Fini|spd|1\n|move|p2a: Blissey|Seismic Toss|p1a: Tapu Fini\n|-damage|p1a: Tapu Fini|59\/100\n|\n|-heal|p1a: Tapu Fini|65\/100|[from] item: Leftovers\n|upkeep\n|turn|28\n|\n|t:|1663034104\n|move|p1a: Tapu Fini|Calm Mind|p1a: Tapu Fini\n|-boost|p1a: Tapu Fini|spa|1\n|-boost|p1a: Tapu Fini|spd|1\n|move|p2a: Blissey|Seismic Toss|p1a: Tapu Fini\n|-damage|p1a: Tapu Fini|36\/100\n|\n|-heal|p1a: Tapu Fini|42\/100|[from] item: Leftovers\n|upkeep\n|turn|29\n|\n|t:|1663034105\n|move|p1a: Tapu Fini|Draining Kiss|p2a: Blissey\n|-damage|p2a: Blissey|67\/100\n|-heal|p1a: Tapu Fini|65\/100|[from] drain|[of] p2a: Blissey\n|move|p2a: Blissey|Seismic Toss|p1a: Tapu Fini\n|-damage|p1a: Tapu Fini|36\/100\n|\n|-heal|p1a: Tapu Fini|42\/100|[from] item: Leftovers\n|-fieldend|Misty Terrain\n|upkeep\n|turn|30\n|\n|t:|1663034108\n|move|p1a: Tapu Fini|Substitute|p1a: Tapu Fini\n|-start|p1a: Tapu Fini|Substitute\n|-damage|p1a: Tapu Fini|17\/100\n|move|p2a: Blissey|Thunder Wave||[still]\n|-fail|p2a: Blissey\n|\n|-heal|p1a: Tapu Fini|23\/100|[from] item: Leftovers\n|upkeep\n|turn|31\n|\n|t:|1663034110\n|move|p1a: Tapu Fini|Draining Kiss|p2a: Blissey\n|-damage|p2a: Blissey|52\/100\n|-heal|p1a: Tapu Fini|47\/100|[from] drain|[of] p2a: Blissey\n|move|p2a: Blissey|Seismic Toss|p1a: Tapu Fini\n|-end|p1a: Tapu Fini|Substitute\n|\n|-heal|p1a: Tapu Fini|53\/100|[from] item: Leftovers\n|upkeep\n|turn|32\n|\n|t:|1663034112\n|move|p1a: Tapu Fini|Draining Kiss|p2a: Blissey\n|-damage|p2a: Blissey|36\/100\n|-heal|p1a: Tapu Fini|79\/100|[from] drain|[of] p2a: Blissey\n|move|p2a: Blissey|Seismic Toss|p1a: Tapu Fini\n|-damage|p1a: Tapu Fini|49\/100\n|\n|-heal|p1a: Tapu Fini|56\/100|[from] item: Leftovers\n|upkeep\n|turn|33\n|\n|t:|1663034115\n|move|p1a: Tapu Fini|Substitute|p1a: Tapu Fini\n|-start|p1a: Tapu Fini|Substitute\n|-damage|p1a: Tapu Fini|31\/100\n|move|p2a: Blissey|Seismic Toss|p1a: Tapu Fini\n|-end|p1a: Tapu Fini|Substitute\n|\n|-heal|p1a: Tapu Fini|37\/100|[from] item: Leftovers\n|upkeep\n|turn|34\n|\n|t:|1663034117\n|move|p1a: Tapu Fini|Draining Kiss|p2a: Blissey\n|-damage|p2a: Blissey|20\/100\n|-heal|p1a: Tapu Fini|61\/100|[from] drain|[of] p2a: Blissey\n|move|p2a: Blissey|Soft-Boiled|p2a: Blissey\n|-heal|p2a: Blissey|70\/100\n|\n|-heal|p1a: Tapu Fini|68\/100|[from] item: Leftovers\n|upkeep\n|turn|35\n|\n|t:|1663034121\n|move|p1a: Tapu Fini|Substitute|p1a: Tapu Fini\n|-start|p1a: Tapu Fini|Substitute\n|-damage|p1a: Tapu Fini|43\/100\n|move|p2a: Blissey|Seismic Toss|p1a: Tapu Fini\n|-end|p1a: Tapu Fini|Substitute\n|\n|-heal|p1a: Tapu Fini|49\/100|[from] item: Leftovers\n|upkeep\n|turn|36\n|\n|t:|1663034122\n|move|p1a: Tapu Fini|Draining Kiss|p2a: Blissey\n|-damage|p2a: Blissey|54\/100\n|-heal|p1a: Tapu Fini|74\/100|[from] drain|[of] p2a: Blissey\n|move|p2a: Blissey|Thunder Wave|p1a: Tapu Fini\n|-status|p1a: Tapu Fini|par\n|\n|-heal|p1a: Tapu Fini|80\/100 par|[from] item: Leftovers\n|upkeep\n|turn|37\n|\n|t:|1663034126\n|move|p2a: Blissey|Soft-Boiled|p2a: Blissey\n|-heal|p2a: Blissey|100\/100\n|move|p1a: Tapu Fini|Draining Kiss|p2a: Blissey\n|-damage|p2a: Blissey|85\/100\n|-heal|p1a: Tapu Fini|100\/100 par|[from] drain|[of] p2a: Blissey\n|\n|upkeep\n|turn|38\n|\n|t:|1663034128\n|move|p2a: Blissey|Seismic Toss|p1a: Tapu Fini\n|-damage|p1a: Tapu Fini|71\/100 par\n|cant|p1a: Tapu Fini|par\n|\n|-heal|p1a: Tapu Fini|77\/100 par|[from] item: Leftovers\n|upkeep\n|turn|39\n|\n|t:|1663034131\n|move|p2a: Blissey|Seismic Toss|p1a: Tapu Fini\n|-damage|p1a: Tapu Fini|48\/100 par\n|move|p1a: Tapu Fini|Calm Mind|p1a: Tapu Fini\n|-boost|p1a: Tapu Fini|spa|1\n|-boost|p1a: Tapu Fini|spd|1\n|\n|-heal|p1a: Tapu Fini|54\/100 par|[from] item: Leftovers\n|upkeep\n|turn|40\n|\n|t:|1663034132\n|move|p2a: Blissey|Seismic Toss|p1a: Tapu Fini\n|-damage|p1a: Tapu Fini|25\/100 par\n|move|p1a: Tapu Fini|Draining Kiss|p2a: Blissey\n|-damage|p2a: Blissey|68\/100\n|-heal|p1a: Tapu Fini|52\/100 par|[from] drain|[of] p2a: Blissey\n|\n|-heal|p1a: Tapu Fini|58\/100 par|[from] item: Leftovers\n|upkeep\n|turn|41\n|\n|t:|1663034134\n|move|p2a: Blissey|Seismic Toss|p1a: Tapu Fini\n|-damage|p1a: Tapu Fini|28\/100 par\n|move|p1a: Tapu Fini|Draining Kiss|p2a: Blissey\n|-damage|p2a: Blissey|50\/100\n|-heal|p1a: Tapu Fini|56\/100 par|[from] drain|[of] p2a: Blissey\n|\n|-heal|p1a: Tapu Fini|62\/100 par|[from] item: Leftovers\n|upkeep\n|turn|42\n|\n|t:|1663034138\n|move|p2a: Blissey|Seismic Toss|p1a: Tapu Fini\n|-damage|p1a: Tapu Fini|33\/100 par\n|move|p1a: Tapu Fini|Calm Mind|p1a: Tapu Fini\n|-boost|p1a: Tapu Fini|spa|1\n|-boost|p1a: Tapu Fini|spd|1\n|\n|-heal|p1a: Tapu Fini|39\/100 par|[from] item: Leftovers\n|upkeep\n|turn|43\n|\n|t:|1663034142\n|move|p2a: Blissey|Seismic Toss|p1a: Tapu Fini\n|-damage|p1a: Tapu Fini|10\/100 par\n|move|p1a: Tapu Fini|Draining Kiss|p2a: Blissey\n|-damage|p2a: Blissey|30\/100\n|-heal|p1a: Tapu Fini|40\/100 par|[from] drain|[of] p2a: Blissey\n|\n|-heal|p1a: Tapu Fini|47\/100 par|[from] item: Leftovers\n|upkeep\n|turn|44\n|\n|t:|1663034144\n|move|p2a: Blissey|Soft-Boiled|p2a: Blissey\n|-heal|p2a: Blissey|80\/100\n|move|p1a: Tapu Fini|Scald|p2a: Blissey\n|-damage|p2a: Blissey|49\/100\n|-status|p2a: Blissey|brn\n|\n|-heal|p1a: Tapu Fini|53\/100 par|[from] item: Leftovers\n|-damage|p2a: Blissey|43\/100 brn|[from] brn\n|upkeep\n|turn|45\n|\n|t:|1663034147\n|move|p2a: Blissey|Seismic Toss|p1a: Tapu Fini\n|-damage|p1a: Tapu Fini|24\/100 par\n|move|p1a: Tapu Fini|Scald|p2a: Blissey\n|-damage|p2a: Blissey|7\/100 brn\n|\n|-heal|p1a: Tapu Fini|30\/100 par|[from] item: Leftovers\n|-damage|p2a: Blissey|1\/100 brn|[from] brn\n|upkeep\n|turn|46\n|\n|t:|1663034149\n|move|p2a: Blissey|Soft-Boiled|p2a: Blissey\n|-heal|p2a: Blissey|51\/100 brn\n|cant|p1a: Tapu Fini|par\n|\n|-heal|p1a: Tapu Fini|36\/100 par|[from] item: Leftovers\n|-damage|p2a: Blissey|45\/100 brn|[from] brn\n|upkeep\n|turn|47\n|\n|t:|1663034152\n|move|p2a: Blissey|Seismic Toss|p1a: Tapu Fini\n|-damage|p1a: Tapu Fini|7\/100 par\n|move|p1a: Tapu Fini|Draining Kiss|p2a: Blissey\n|-damage|p2a: Blissey|23\/100 brn\n|-heal|p1a: Tapu Fini|42\/100 par|[from] drain|[of] p2a: Blissey\n|\n|-heal|p1a: Tapu Fini|48\/100 par|[from] item: Leftovers\n|-damage|p2a: Blissey|16\/100 brn|[from] brn\n|upkeep\n|turn|48\n|\n|t:|1663034160\n|move|p2a: Blissey|Soft-Boiled|p2a: Blissey\n|-heal|p2a: Blissey|66\/100 brn\n|move|p1a: Tapu Fini|Draining Kiss|p2a: Blissey\n|-damage|p2a: Blissey|46\/100 brn\n|-heal|p1a: Tapu Fini|79\/100 par|[from] drain|[of] p2a: Blissey\n|\n|-heal|p1a: Tapu Fini|85\/100 par|[from] item: Leftovers\n|-damage|p2a: Blissey|40\/100 brn|[from] brn\n|upkeep\n|turn|49\n|\n|t:|1663034163\n|move|p2a: Blissey|Seismic Toss|p1a: Tapu Fini\n|-damage|p1a: Tapu Fini|56\/100 par\n|move|p1a: Tapu Fini|Calm Mind|p1a: Tapu Fini\n|-boost|p1a: Tapu Fini|spa|1\n|-boost|p1a: Tapu Fini|spd|1\n|\n|-heal|p1a: Tapu Fini|62\/100 par|[from] item: Leftovers\n|-damage|p2a: Blissey|34\/100 brn|[from] brn\n|upkeep\n|turn|50\n|\n|t:|1663034165\n|move|p2a: Blissey|Seismic Toss|p1a: Tapu Fini\n|-damage|p1a: Tapu Fini|33\/100 par\n|move|p1a: Tapu Fini|Scald|p2a: Blissey\n|-damage|p2a: Blissey|0 fnt\n|faint|p2a: Blissey\n|\n|-heal|p1a: Tapu Fini|39\/100 par|[from] item: Leftovers\n|upkeep\n|\n|t:|1663034167\n|switch|p2a: Dragonite|Dragonite, F|78\/100\n|turn|51\n|\n|t:|1663034168\n|move|p2a: Dragonite|Earthquake|p1a: Tapu Fini\n|-damage|p1a: Tapu Fini|20\/100 par\n|move|p1a: Tapu Fini|Draining Kiss|p2a: Dragonite\n|-supereffective|p2a: Dragonite\n|-damage|p2a: Dragonite|0 fnt\n|-heal|p1a: Tapu Fini|85\/100 par|[from] drain|[of] p2a: Dragonite\n|faint|p2a: Dragonite\n|\n|win|Wade V Roe\n|raw|Wade V Roe's rating: 1447 &rarr; <strong>1473<\/strong><br \/>(+26 for winning)\n|raw|Diameter\u272fXtreme's rating: 1548 &rarr; <strong>1522<\/strong><br \/>(-26 for losing)\n|l|\u2606Diameter\u272fXtreme\n||Ladder isn't responding, score probably updated but might not have (Request timeout).\n","uploadtime":1663034171,"views":9,"p1id":"wadevroe","p2id":"diameterxtreme","formatid":"gen8ou","rating":1473,"private":0,"password":null}