{"id":"gen8ubers-1697689404","p1":"xasahbae","p2":"draghi in trip","format":"gen8ubers","log":"|j|\u2606xasahbae\n|j|\u2606draghi in trip\n|inactive|Battle timer is ON: inactive players will automatically lose when time's up.\n|t:|1667025995\n|gametype|singles\n|player|p1|xasahbae|clerkf|\n|player|p2|draghi in trip|169|\n|teamsize|p1|6\n|teamsize|p2|6\n|gen|8\n|tier|[Gen 8] Ubers\n|rated|Tournament battle\n|rule|Sleep Clause Mod: Limit one foe put to sleep\n|rule|Species Clause: Limit one of each Pok\u00e9mon\n|rule|OHKO Clause: OHKO moves are banned\n|rule|Evasion Items Clause: Evasion items are banned\n|rule|Evasion Moves Clause: Evasion moves are banned\n|rule|Endless Battle Clause: Forcing endless battles is banned\n|rule|HP Percentage Mod: HP is shown in percentages\n|rule|Dynamax Clause: You cannot dynamax\n|clearpoke\n|poke|p1|Slurpuff, M|\n|poke|p1|Eternatus|\n|poke|p1|Yveltal|\n|poke|p1|Necrozma-Dusk-Mane|\n|poke|p1|Ditto|\n|poke|p1|Calyrex-Shadow|\n|poke|p2|Slurpuff, F|\n|poke|p2|Cloyster, F|\n|poke|p2|Yveltal|\n|poke|p2|Necrozma-Dusk-Mane|\n|poke|p2|Eternatus|\n|poke|p2|Groudon|\n|teampreview\n|j|*Lady Monita \u263d\n|inactive|xasahbae has 120 seconds left.\n|\n|t:|1667026034\n|start\n|switch|p1a: LE DONNE|Slurpuff, M|100\/100\n|switch|p2a: Slurpuff|Slurpuff, F|100\/100\n|turn|1\n|\n|t:|1667026042\n|switch|p2a: Cloyster|Cloyster, F|100\/100\n|move|p1a: LE DONNE|Magic Coat|p1a: LE DONNE\n|-singleturn|p1a: LE DONNE|move: Magic Coat\n|\n|upkeep\n|turn|2\n|\n|t:|1667026049\n|move|p1a: LE DONNE|Sticky Web|p2a: Cloyster\n|-sidestart|p2: draghi in trip|move: Sticky Web\n|move|p2a: Cloyster|Shell Smash|p2a: Cloyster\n|-unboost|p2a: Cloyster|def|1\n|-unboost|p2a: Cloyster|spd|1\n|-boost|p2a: Cloyster|atk|2\n|-boost|p2a: Cloyster|spa|2\n|-boost|p2a: Cloyster|spe|2\n|\n|upkeep\n|turn|3\n|\n|t:|1667026062\n|move|p2a: Cloyster|Icicle Spear|p1a: LE DONNE\n|-damage|p1a: LE DONNE|57\/100\n|-damage|p1a: LE DONNE|18\/100\n|-damage|p1a: LE DONNE|0 fnt\n|faint|p1a: LE DONNE\n|-hitcount|p1: LE DONNE|3\n|\n|upkeep\n|\n|t:|1667026068\n|switch|p1a: BRUTTO FIGLIO DI|Necrozma-Dusk-Mane|100\/100\n|turn|4\n|\n|t:|1667026073\n|move|p2a: Cloyster|Icicle Spear|p1a: BRUTTO FIGLIO DI\n|-resisted|p1a: BRUTTO FIGLIO DI\n|-damage|p1a: BRUTTO FIGLIO DI|92\/100\n|-resisted|p1a: BRUTTO FIGLIO DI\n|-damage|p1a: BRUTTO FIGLIO DI|82\/100\n|-resisted|p1a: BRUTTO FIGLIO DI\n|-damage|p1a: BRUTTO FIGLIO DI|72\/100\n|-resisted|p1a: BRUTTO FIGLIO DI\n|-damage|p1a: BRUTTO FIGLIO DI|63\/100\n|-resisted|p1a: BRUTTO FIGLIO DI\n|-damage|p1a: BRUTTO FIGLIO DI|54\/100\n|-hitcount|p1a: BRUTTO FIGLIO DI|5\n|move|p1a: BRUTTO FIGLIO DI|Sunsteel Strike|p2a: Cloyster\n|-damage|p2a: Cloyster|0 fnt\n|faint|p2a: Cloyster\n|-damage|p1a: BRUTTO FIGLIO DI|44\/100|[from] item: Life Orb\n|\n|upkeep\n|\n|t:|1667026084\n|switch|p2a: Yveltal|Yveltal|100\/100\n|-ability|p2a: Yveltal|Dark Aura\n|turn|5\n|\n|t:|1667026090\n|move|p2a: Yveltal|Sucker Punch|p1a: BRUTTO FIGLIO DI\n|-supereffective|p1a: BRUTTO FIGLIO DI\n|-damage|p1a: BRUTTO FIGLIO DI|0 fnt\n|faint|p1a: BRUTTO FIGLIO DI\n|-damage|p2a: Yveltal|91\/100|[from] item: Life Orb\n|\n|upkeep\n|\n|t:|1667026097\n|switch|p1a: ALIENO|Eternatus|100\/100\n|-ability|p1a: ALIENO|Pressure\n|turn|6\n|\n|t:|1667026101\n|switch|p2a: Groudon|Groudon|100\/100\n|-activate|p2a: Groudon|move: Sticky Web\n|-unboost|p2a: Groudon|spe|1\n|-weather|SunnyDay|[from] ability: Drought|[of] p2a: Groudon\n|move|p1a: ALIENO|Meteor Beam||[still]\n|-prepare|p1a: ALIENO|Meteor Beam\n|-boost|p1a: ALIENO|spa|1\n|-enditem|p1a: ALIENO|Power Herb\n|-anim|p1a: ALIENO|Meteor Beam|p2a: Groudon\n|-resisted|p2a: Groudon\n|-damage|p2a: Groudon|65\/100\n|\n|-weather|SunnyDay|[upkeep]\n|-heal|p2a: Groudon|71\/100|[from] item: Leftovers\n|upkeep\n|turn|7\n|\n|t:|1667026105\n|move|p1a: ALIENO|Dynamax Cannon|p2a: Groudon\n|-damage|p2a: Groudon|0 fnt\n|faint|p2a: Groudon\n|\n|-weather|SunnyDay|[upkeep]\n|upkeep\n|\n|t:|1667026110\n|switch|p2a: Slurpuff|Slurpuff, F|100\/100\n|-activate|p2a: Slurpuff|move: Sticky Web\n|-unboost|p2a: Slurpuff|spe|1\n|turn|8\n|\n|t:|1667026117\n|move|p1a: ALIENO|Flamethrower|p2a: Slurpuff\n|-enditem|p2a: Slurpuff|Focus Sash\n|-damage|p2a: Slurpuff|1\/100\n|move|p2a: Slurpuff|Sticky Web|p1a: ALIENO\n|-sidestart|p1: xasahbae|move: Sticky Web\n|\n|-weather|SunnyDay|[upkeep]\n|upkeep\n|turn|9\n|\n|t:|1667026122\n|move|p1a: ALIENO|Flamethrower|p2a: Slurpuff\n|-damage|p2a: Slurpuff|0 fnt\n|faint|p2a: Slurpuff\n|\n|-weather|SunnyDay|[upkeep]\n|upkeep\n|\n|t:|1667026128\n|switch|p2a: Necrozma|Necrozma-Dusk-Mane|100\/100\n|-activate|p2a: Necrozma|move: Sticky Web\n|-unboost|p2a: Necrozma|spe|1\n|turn|10\n|\n|t:|1667026131\n|move|p1a: ALIENO|Flamethrower|p2a: Necrozma\n|-supereffective|p2a: Necrozma\n|-damage|p2a: Necrozma|0 fnt\n|faint|p2a: Necrozma\n|\n|-weather|none\n|upkeep\n|\n|t:|1667026136\n|switch|p2a: Yveltal|Yveltal|91\/100\n|-ability|p2a: Yveltal|Dark Aura\n|turn|11\n|\n|t:|1667026140\n|move|p1a: ALIENO|Dynamax Cannon|p2a: Yveltal\n|-damage|p2a: Yveltal|10\/100\n|move|p2a: Yveltal|Dark Pulse|p1a: ALIENO\n|-damage|p1a: ALIENO|42\/100\n|-damage|p2a: Yveltal|0 fnt|[from] item: Life Orb\n|faint|p2a: Yveltal\n|\n|upkeep\n|\n|t:|1667026143\n|switch|p2a: Eternatus|Eternatus|100\/100\n|-activate|p2a: Eternatus|move: Sticky Web\n|-unboost|p2a: Eternatus|spe|1\n|-ability|p2a: Eternatus|Pressure\n|turn|12\n|\n|t:|1667026145\n|move|p1a: ALIENO|Dynamax Cannon|p2a: Eternatus\n|-supereffective|p2a: Eternatus\n|-damage|p2a: Eternatus|0 fnt\n|faint|p2a: Eternatus\n|\n|win|xasahbae\n|n|\u2606xasahbae|xasahbae\n|n|\u2606draghi in trip|draghiintrip\n|n|*Lady Monita \u263d|ladymonita\n|l|*Lady Monita \u263d\n","uploadtime":1667026150,"views":8,"p1id":"xasahbae","p2id":"draghiintrip","formatid":"gen8ubers","rating":0,"private":0,"password":null}