{"id":"gen8ou-1678877820","p1":"pengpeng2333","p2":"Foolish Shogun","format":"gen8ou","log":"|j|\u2606pengpeng2333\n|j|\u2606Foolish Shogun\n|t:|1665035828\n|gametype|singles\n|player|p1|pengpeng2333|roxie|1546\n|player|p2|Foolish Shogun|ghetsis-gen5bw|1601\n|teamsize|p1|6\n|teamsize|p2|6\n|gen|8\n|tier|[Gen 8] OU\n|rated|\n|rule|Sleep Clause Mod: Limit one foe put to sleep\n|rule|Species Clause: Limit one of each Pok\u00e9mon\n|rule|OHKO Clause: OHKO moves are banned\n|rule|Evasion Items Clause: Evasion items are banned\n|rule|Evasion Moves Clause: Evasion moves are banned\n|rule|Endless Battle Clause: Forcing endless battles is banned\n|rule|HP Percentage Mod: HP is shown in percentages\n|rule|Dynamax Clause: You cannot dynamax\n|clearpoke\n|poke|p1|Tyranitar, F|\n|poke|p1|Corviknight, F|\n|poke|p1|Dragapult, F|\n|poke|p1|Excadrill, F|\n|poke|p1|Moltres-Galar|\n|poke|p1|Grimmsnarl, M|\n|poke|p2|Araquanid, M|\n|poke|p2|Nidoking, M|\n|poke|p2|Urshifu-*, F|\n|poke|p2|Zapdos-Galar|\n|poke|p2|Heatran, M|\n|poke|p2|Dragapult, M|\n|teampreview\n|inactive|Battle timer is ON: inactive players will automatically lose when time's up. (requested by pengpeng2333)\n|\n|t:|1665035847\n|start\n|switch|p1a: Grimmsnarl|Grimmsnarl, M|100\/100\n|switch|p2a: Araquanid|Araquanid, M|100\/100\n|turn|1\n|\n|t:|1665035851\n|move|p1a: Grimmsnarl|Reflect|p1a: Grimmsnarl\n|-sidestart|p1: pengpeng2333|Reflect\n|move|p2a: Araquanid|Liquidation|p1a: Grimmsnarl\n|-damage|p1a: Grimmsnarl|30\/100\n|\n|upkeep\n|turn|2\n|\n|t:|1665035855\n|move|p1a: Grimmsnarl|Light Screen|p1a: Grimmsnarl\n|-sidestart|p1: pengpeng2333|move: Light Screen\n|move|p2a: Araquanid|Liquidation|p1a: Grimmsnarl\n|-damage|p1a: Grimmsnarl|0 fnt\n|faint|p1a: Grimmsnarl\n|\n|upkeep\n|\n|t:|1665035868\n|switch|p1a: Tyranitar|Tyranitar, F|100\/100\n|-weather|Sandstorm|[from] ability: Sand Stream|[of] p1a: Tyranitar\n|turn|3\n|\n|t:|1665035873\n|move|p1a: Tyranitar|Stone Edge|p2a: Araquanid\n|-supereffective|p2a: Araquanid\n|-damage|p2a: Araquanid|0 fnt\n|faint|p2a: Araquanid\n|\n|-weather|Sandstorm|[upkeep]\n|upkeep\n|\n|t:|1665035875\n|switch|p2a: Urshifu|Urshifu-Rapid-Strike, F|100\/100\n|turn|4\n|\n|t:|1665035885\n|move|p2a: Urshifu|U-turn|p1a: Tyranitar\n|-supereffective|p1a: Tyranitar\n|-damage|p1a: Tyranitar|64\/100\n|-enditem|p1a: Tyranitar|Weakness Policy\n|-boost|p1a: Tyranitar|atk|2|[from] item: Weakness Policy\n|-boost|p1a: Tyranitar|spa|2|[from] item: Weakness Policy\n|\n|t:|1665035890\n|switch|p2a: Heatran|Heatran, M|100\/100|[from]move: U-turn\n|move|p1a: Tyranitar|Stone Edge|p2a: Heatran\n|-damage|p2a: Heatran|0 fnt\n|faint|p2a: Heatran\n|\n|-weather|Sandstorm|[upkeep]\n|upkeep\n|\n|t:|1665035893\n|switch|p2a: Urshifu|Urshifu-Rapid-Strike, F|100\/100\n|turn|5\n|\n|t:|1665035899\n|move|p2a: Urshifu|Surging Strikes|p1a: Tyranitar\n|-supereffective|p1a: Tyranitar\n|-crit|p1a: Tyranitar\n|-damage|p1a: Tyranitar|4\/100\n|-supereffective|p1a: Tyranitar\n|-crit|p1a: Tyranitar\n|-damage|p1a: Tyranitar|0 fnt\n|faint|p1a: Tyranitar\n|-hitcount|p1: Tyranitar|2\n|\n|-weather|Sandstorm|[upkeep]\n|-damage|p2a: Urshifu|94\/100|[from] Sandstorm\n|upkeep\n|\n|t:|1665035910\n|switch|p1a: Dragapult|Dragapult, F|100\/100\n|turn|6\n|\n|t:|1665035918\n|move|p1a: Dragapult|Dragon Darts|p2a: Urshifu\n|-damage|p2a: Urshifu|69\/100\n|-anim|p1a: Dragapult|Dragon Darts|p2a: Urshifu\n|-damage|p2a: Urshifu|43\/100\n|move|p2a: Urshifu|Surging Strikes|p1a: Dragapult\n|-resisted|p1a: Dragapult\n|-crit|p1a: Dragapult\n|-damage|p1a: Dragapult|81\/100\n|-resisted|p1a: Dragapult\n|-crit|p1a: Dragapult\n|-damage|p1a: Dragapult|60\/100\n|-resisted|p1a: Dragapult\n|-crit|p1a: Dragapult\n|-damage|p1a: Dragapult|40\/100\n|-hitcount|p1a: Dragapult|3\n|\n|-weather|Sandstorm|[upkeep]\n|-damage|p1a: Dragapult|34\/100|[from] Sandstorm\n|-damage|p2a: Urshifu|37\/100|[from] Sandstorm\n|upkeep\n|turn|7\n|j| beergoggles\n|inactive|Foolish Shogun has 120 seconds left.\n|\n|t:|1665035975\n|switch|p2a: Dragapult|Dragapult, M|100\/100\n|move|p1a: Dragapult|Dragon Darts|p2a: Dragapult\n|-supereffective|p2a: Dragapult\n|-damage|p2a: Dragapult|12\/100\n|-anim|p1a: Dragapult|Dragon Darts|p2a: Dragapult\n|-supereffective|p2a: Dragapult\n|-damage|p2a: Dragapult|0 fnt\n|faint|p2a: Dragapult\n|\n|-weather|none\n|upkeep\n|\n|t:|1665035976\n|switch|p2a: Zapdos|Zapdos-Galar|100\/100\n|turn|8\n|\n|t:|1665035994\n|switch|p1a: Corviknight|Corviknight, F|100\/100\n|-ability|p1a: Corviknight|Pressure\n|move|p2a: Zapdos|Brave Bird|p1a: Corviknight\n|-resisted|p1a: Corviknight\n|-damage|p1a: Corviknight|89\/100\n|-damage|p2a: Zapdos|96\/100|[from] Recoil\n|\n|-sideend|p1: pengpeng2333|Reflect\n|upkeep\n|turn|9\n|\n|t:|1665036024\n|switch|p2a: Nidoking|Nidoking, M|100\/100\n|move|p1a: Corviknight|Bulk Up|p1a: Corviknight\n|-boost|p1a: Corviknight|atk|1\n|-boost|p1a: Corviknight|def|1\n|\n|-sideend|p1: pengpeng2333|move: Light Screen\n|upkeep\n|turn|10\n|\n|t:|1665036028\n|move|p2a: Nidoking|Flamethrower|p1a: Corviknight\n|-supereffective|p1a: Corviknight\n|-damage|p1a: Corviknight|36\/100\n|-enditem|p1a: Corviknight|Weakness Policy\n|-boost|p1a: Corviknight|atk|2|[from] item: Weakness Policy\n|-boost|p1a: Corviknight|spa|2|[from] item: Weakness Policy\n|move|p1a: Corviknight|Agility|p1a: Corviknight\n|-boost|p1a: Corviknight|spe|2\n|\n|upkeep\n|turn|11\n|\n|t:|1665036033\n|move|p1a: Corviknight|Power Trip|p2a: Nidoking\n|-damage|p2a: Nidoking|0 fnt\n|faint|p2a: Nidoking\n|\n|upkeep\n|\n|t:|1665036035\n|switch|p2a: Zapdos|Zapdos-Galar|96\/100\n|turn|12\n|\n|t:|1665036044\n|move|p2a: Zapdos|Close Combat|p1a: Corviknight\n|-damage|p1a: Corviknight|0 fnt\n|-unboost|p2a: Zapdos|def|1\n|-unboost|p2a: Zapdos|spd|1\n|faint|p1a: Corviknight\n|\n|upkeep\n|\n|t:|1665036048\n|switch|p1a: Dragapult|Dragapult, F|34\/100\n|turn|13\n|\n|t:|1665036064\n|switch|p2a: Urshifu|Urshifu-Rapid-Strike, F|37\/100\n|switch|p1a: Moltres|Moltres-Galar|100\/100\n|\n|upkeep\n|turn|14\n|\n|t:|1665036068\n|move|p2a: Urshifu|Surging Strikes|p1a: Moltres\n|-crit|p1a: Moltres\n|-damage|p1a: Moltres|64\/100\n|-crit|p1a: Moltres\n|-damage|p1a: Moltres|26\/100\n|-crit|p1a: Moltres\n|-damage|p1a: Moltres|0 fnt\n|faint|p1a: Moltres\n|-hitcount|p1: Moltres|3\n|\n|upkeep\n|\n|t:|1665036075\n|switch|p1a: Dragapult|Dragapult, F|34\/100\n|turn|15\n|\n|t:|1665036079\n|move|p1a: Dragapult|Dragon Darts|p2a: Urshifu\n|-damage|p2a: Urshifu|11\/100\n|-anim|p1a: Dragapult|Dragon Darts|p2a: Urshifu\n|-damage|p2a: Urshifu|0 fnt\n|faint|p2a: Urshifu\n|\n|upkeep\n|\n|t:|1665036080\n|switch|p2a: Zapdos|Zapdos-Galar|96\/100\n|turn|16\n|\n|t:|1665036084\n|switch|p1a: Excadrill|Excadrill, F|100\/100\n|move|p2a: Zapdos|Stomping Tantrum|p1a: Excadrill\n|-supereffective|p1a: Excadrill\n|-damage|p1a: Excadrill|46\/100\n|-enditem|p1a: Excadrill|Weakness Policy\n|-boost|p1a: Excadrill|atk|2|[from] item: Weakness Policy\n|-boost|p1a: Excadrill|spa|2|[from] item: Weakness Policy\n|\n|upkeep\n|turn|17\n|\n|t:|1665036092\n|move|p2a: Zapdos|Stomping Tantrum|p1a: Excadrill\n|-supereffective|p1a: Excadrill\n|-damage|p1a: Excadrill|0 fnt\n|faint|p1a: Excadrill\n|\n|upkeep\n|\n|t:|1665036095\n|switch|p1a: Dragapult|Dragapult, F|34\/100\n|turn|18\n|\n|t:|1665036104\n|move|p2a: Zapdos|Stomping Tantrum|p1a: Dragapult\n|-damage|p1a: Dragapult|0 fnt\n|faint|p1a: Dragapult\n|\n|win|Foolish Shogun\n|raw|pengpeng2333's rating: 1546 &rarr; <strong>1529<\/strong><br \/>(-17 for losing)\n|raw|Foolish Shogun's rating: 1601 &rarr; <strong>1618<\/strong><br \/>(+17 for winning)\n|l|\u2606pengpeng2333\n|l|\u2606Foolish Shogun\n","uploadtime":1665036475,"views":12,"p1id":"pengpeng2333","p2id":"foolishshogun","formatid":"gen8ou","rating":1529,"private":0,"password":null}