{"id":"gen8nationaldex-1200563222","p1":"Daunzu","p2":"FIRE LORD AESON!","format":"gen8nationaldex","log":"|j|\u2606Daunzu\n|j|\u2606FIRE LORD AESON!\n|t:|1602265095\n|player|p1|Daunzu|ingo|1532\n|player|p2|FIRE LORD AESON!|red-gen1|1630\n|teamsize|p1|6\n|teamsize|p2|6\n|gametype|singles\n|gen|8\n|tier|[Gen 8] National Dex\n|rated|\n|clearpoke\n|poke|p1|Landorus-Therian, M|\n|poke|p1|Slowbro, M|\n|poke|p1|Garchomp, M|\n|poke|p1|Heatran, M|\n|poke|p1|Gardevoir, M|\n|poke|p1|Tapu Fini|\n|poke|p2|Torkoal, F|\n|poke|p2|Hydreigon, M|\n|poke|p2|Hatterene, F|\n|poke|p2|Charizard, F|\n|poke|p2|Kommo-o, M|\n|poke|p2|Cinderace, F|\n|rule|HP Percentage Mod: HP is shown in percentages\n|rule|Endless Battle Clause: Forcing endless battles is banned\n|rule|OHKO Clause: OHKO moves are banned\n|rule|Evasion Moves Clause: Evasion moves are banned\n|rule|Species Clause: Limit one of each Pok\u00e9mon\n|rule|Dynamax Clause: You cannot dynamax\n|rule|Sleep Clause Mod: Limit one foe put to sleep\n|teampreview\n|\n|t:|1602265118\n|start\n|switch|p1a: Heatran|Heatran, M|100\/100\n|switch|p2a: \ud83d\udd25#WINNIN\ud83d\udd25|Cinderace, F|100\/100\n|turn|1\n|\n|t:|1602265140\n|switch|p2a: \u2600\ufe0fRESPECT SUN!\u2600\ufe0f|Torkoal, F, shiny|100\/100\n|-weather|SunnyDay|[from] ability: Drought|[of] p2a: \u2600\ufe0fRESPECT SUN!\u2600\ufe0f\n|switch|p1a: Landorus|Landorus-Therian, M|100\/100\n|-ability|p1a: Landorus|Intimidate|boost\n|-unboost|p2a: \u2600\ufe0fRESPECT SUN!\u2600\ufe0f|atk|1\n|\n|-weather|SunnyDay|[upkeep]\n|upkeep\n|turn|2\n|\n|t:|1602265144\n|move|p1a: Landorus|Stealth Rock|p2a: \u2600\ufe0fRESPECT SUN!\u2600\ufe0f\n|-sidestart|p2: FIRE LORD AESON!|move: Stealth Rock\n|move|p2a: \u2600\ufe0fRESPECT SUN!\u2600\ufe0f|Stealth Rock|p1a: Landorus\n|-sidestart|p1: Daunzu|move: Stealth Rock\n|\n|-weather|SunnyDay|[upkeep]\n|upkeep\n|turn|3\n|l|\u2606FIRE LORD AESON!\n|player|p2|\n|j|\u2606FIRE LORD AESON!\n|player|p2|FIRE LORD AESON!|red-gen1\n|\n|t:|1602265187\n|move|p1a: Landorus|Earthquake|p2a: \u2600\ufe0fRESPECT SUN!\u2600\ufe0f\n|-supereffective|p2a: \u2600\ufe0fRESPECT SUN!\u2600\ufe0f\n|-damage|p2a: \u2600\ufe0fRESPECT SUN!\u2600\ufe0f|32\/100\n|move|p2a: \u2600\ufe0fRESPECT SUN!\u2600\ufe0f|Rapid Spin|p1a: Landorus\n|-damage|p1a: Landorus|96\/100\n|-boost|p2a: \u2600\ufe0fRESPECT SUN!\u2600\ufe0f|spe|1\n|-sideend|p2: FIRE LORD AESON!|Stealth Rock|[from] move: Rapid Spin|[of] p2a: \u2600\ufe0fRESPECT SUN!\u2600\ufe0f\n|\n|-weather|SunnyDay|[upkeep]\n|-heal|p1a: Landorus|100\/100|[from] item: Leftovers\n|upkeep\n|turn|4\n|\n|t:|1602265196\n|switch|p2a: SEXY AESON UTUBE??|Hatterene, F|100\/100\n|move|p1a: Landorus|Knock Off|p2a: SEXY AESON UTUBE??\n|-crit|p2a: SEXY AESON UTUBE??\n|-damage|p2a: SEXY AESON UTUBE??|46\/100\n|-enditem|p2a: SEXY AESON UTUBE??|Metronome|[from] move: Knock Off|[of] p1a: Landorus\n|\n|-weather|SunnyDay|[upkeep]\n|upkeep\n|turn|5\n|\n|t:|1602265200\n|move|p1a: Landorus|Earthquake|p2a: SEXY AESON UTUBE??\n|-damage|p2a: SEXY AESON UTUBE??|0 fnt\n|faint|p2a: SEXY AESON UTUBE??\n|\n|-weather|SunnyDay|[upkeep]\n|upkeep\n|\n|t:|1602265215\n|switch|p2a: \ud83d\udd25ROAD 2 RESPECT\ud83d\udd25|Charizard, F|100\/100\n|turn|6\n|\n|t:|1602265231\n|switch|p1a: Heatran|Heatran, M|100\/100\n|-damage|p1a: Heatran|88\/100|[from] Stealth Rock\n|move|p2a: \ud83d\udd25ROAD 2 RESPECT\ud83d\udd25|Flame Charge|p1a: Heatran\n|-start|p1a: Heatran|ability: Flash Fire\n|\n|-weather|SunnyDay|[upkeep]\n|-damage|p2a: \ud83d\udd25ROAD 2 RESPECT\ud83d\udd25|88\/100|[from] ability: Solar Power|[of] p2a: \ud83d\udd25ROAD 2 RESPECT\ud83d\udd25\n|-heal|p1a: Heatran|94\/100|[from] item: Leftovers\n|upkeep\n|turn|7\n|\n|t:|1602265236\n|move|p2a: \ud83d\udd25ROAD 2 RESPECT\ud83d\udd25|Focus Blast|p1a: Heatran|[miss]\n|-miss|p2a: \ud83d\udd25ROAD 2 RESPECT\ud83d\udd25|p1a: Heatran\n|move|p1a: Heatran|Stealth Rock|p2a: \ud83d\udd25ROAD 2 RESPECT\ud83d\udd25\n|-sidestart|p2: FIRE LORD AESON!|move: Stealth Rock\n|\n|-weather|SunnyDay|[upkeep]\n|-damage|p2a: \ud83d\udd25ROAD 2 RESPECT\ud83d\udd25|76\/100|[from] ability: Solar Power|[of] p2a: \ud83d\udd25ROAD 2 RESPECT\ud83d\udd25\n|-heal|p1a: Heatran|100\/100|[from] item: Leftovers\n|upkeep\n|turn|8\n|\n|t:|1602265245\n|move|p2a: \ud83d\udd25ROAD 2 RESPECT\ud83d\udd25|Focus Blast|p1a: Heatran|[miss]\n|-miss|p2a: \ud83d\udd25ROAD 2 RESPECT\ud83d\udd25|p1a: Heatran\n|move|p1a: Heatran|Ancient Power|p2a: \ud83d\udd25ROAD 2 RESPECT\ud83d\udd25\n|-supereffective|p2a: \ud83d\udd25ROAD 2 RESPECT\ud83d\udd25\n|-damage|p2a: \ud83d\udd25ROAD 2 RESPECT\ud83d\udd25|0 fnt\n|faint|p2a: \ud83d\udd25ROAD 2 RESPECT\ud83d\udd25\n|\n|-weather|none\n|upkeep\n|\n|t:|1602265266\n|switch|p2a: AESON \u2600\ufe0f SCORSESE|Kommo-o, M|100\/100\n|-damage|p2a: AESON \u2600\ufe0f SCORSESE|94\/100|[from] Stealth Rock\n|turn|9\n|\n|t:|1602265271\n|-end|p1a: Heatran|ability: Flash Fire|[silent]\n|switch|p1a: Landorus|Landorus-Therian, M|100\/100\n|-damage|p1a: Landorus|88\/100|[from] Stealth Rock\n|-ability|p1a: Landorus|Intimidate|boost\n|-unboost|p2a: AESON \u2600\ufe0f SCORSESE|atk|1\n|move|p2a: AESON \u2600\ufe0f SCORSESE|Clangorous Soul|p2a: AESON \u2600\ufe0f SCORSESE\n|-boost|p2a: AESON \u2600\ufe0f SCORSESE|atk|1\n|-boost|p2a: AESON \u2600\ufe0f SCORSESE|def|1\n|-boost|p2a: AESON \u2600\ufe0f SCORSESE|spa|1\n|-boost|p2a: AESON \u2600\ufe0f SCORSESE|spd|1\n|-boost|p2a: AESON \u2600\ufe0f SCORSESE|spe|1\n|-damage|p2a: AESON \u2600\ufe0f SCORSESE|61\/100\n|\n|-heal|p1a: Landorus|94\/100|[from] item: Leftovers\n|upkeep\n|turn|10\n|\n|t:|1602265297\n|move|p2a: AESON \u2600\ufe0f SCORSESE|Clangorous Soul|p2a: AESON \u2600\ufe0f SCORSESE\n|-boost|p2a: AESON \u2600\ufe0f SCORSESE|atk|1\n|-boost|p2a: AESON \u2600\ufe0f SCORSESE|def|1\n|-boost|p2a: AESON \u2600\ufe0f SCORSESE|spa|1\n|-boost|p2a: AESON \u2600\ufe0f SCORSESE|spd|1\n|-boost|p2a: AESON \u2600\ufe0f SCORSESE|spe|1\n|-damage|p2a: AESON \u2600\ufe0f SCORSESE|28\/100\n|move|p1a: Landorus|Earthquake|p2a: AESON \u2600\ufe0f SCORSESE\n|-damage|p2a: AESON \u2600\ufe0f SCORSESE|4\/100\n|\n|-heal|p1a: Landorus|99\/100|[from] item: Leftovers\n|upkeep\n|turn|11\n|\n|t:|1602265307\n|-zpower|p2a: AESON \u2600\ufe0f SCORSESE\n|move|p2a: AESON \u2600\ufe0f SCORSESE|Clangorous Soulblaze|p1a: Landorus|[zeffect]\n|-damage|p1a: Landorus|0 fnt\n|-boost|p2a: AESON \u2600\ufe0f SCORSESE|atk|1\n|-boost|p2a: AESON \u2600\ufe0f SCORSESE|def|1\n|-boost|p2a: AESON \u2600\ufe0f SCORSESE|spa|1\n|-boost|p2a: AESON \u2600\ufe0f SCORSESE|spd|1\n|-boost|p2a: AESON \u2600\ufe0f SCORSESE|spe|1\n|faint|p1a: Landorus\n|\n|upkeep\n|\n|t:|1602265321\n|switch|p1a: Slowbro|Slowbro, M|100\/100\n|-damage|p1a: Slowbro|88\/100|[from] Stealth Rock\n|turn|12\n|\n|t:|1602265327\n|move|p2a: AESON \u2600\ufe0f SCORSESE|Clanging Scales|p1a: Slowbro\n|-damage|p1a: Slowbro|0 fnt\n|-unboost|p2a: AESON \u2600\ufe0f SCORSESE|def|1\n|faint|p1a: Slowbro\n|\n|upkeep\n|\n|t:|1602265334\n|switch|p1a: Tapu Fini|Tapu Fini|100\/100\n|-damage|p1a: Tapu Fini|88\/100|[from] Stealth Rock\n|-fieldstart|move: Misty Terrain|[from] ability: Misty Surge|[of] p1a: Tapu Fini\n|turn|13\n|l|\u2606FIRE LORD AESON!\n|player|p2|\n|j|\u2606FIRE LORD AESON!\n|player|p2|FIRE LORD AESON!|red-gen1\n|\n|t:|1602265386\n|move|p2a: AESON \u2600\ufe0f SCORSESE|Poison Jab|p1a: Tapu Fini\n|-supereffective|p1a: Tapu Fini\n|-damage|p1a: Tapu Fini|10\/100\n|move|p1a: Tapu Fini|Moonblast|p2a: AESON \u2600\ufe0f SCORSESE\n|-supereffective|p2a: AESON \u2600\ufe0f SCORSESE\n|-damage|p2a: AESON \u2600\ufe0f SCORSESE|0 fnt\n|faint|p2a: AESON \u2600\ufe0f SCORSESE\n|\n|-heal|p1a: Tapu Fini|16\/100|[from] item: Leftovers\n|upkeep\n|inactive|Battle timer is ON: inactive players will automatically lose when time's up. (requested by Daunzu)\n|\n|t:|1602265423\n|switch|p2a: \ud83d\udd25#WINNIN\ud83d\udd25|Cinderace, F|100\/100\n|-damage|p2a: \ud83d\udd25#WINNIN\ud83d\udd25|76\/100|[from] Stealth Rock\n|turn|14\n|\n|t:|1602265427\n|switch|p1a: Heatran|Heatran, M|100\/100\n|-damage|p1a: Heatran|88\/100|[from] Stealth Rock\n|move|p2a: \ud83d\udd25#WINNIN\ud83d\udd25|Zen Headbutt|p1a: Heatran\n|-start|p2a: \ud83d\udd25#WINNIN\ud83d\udd25|typechange|Psychic|[from] ability: Libero\n|-resisted|p1a: Heatran\n|-damage|p1a: Heatran|69\/100\n|-damage|p2a: \ud83d\udd25#WINNIN\ud83d\udd25|66\/100|[from] item: Life Orb\n|\n|-heal|p1a: Heatran|75\/100|[from] item: Leftovers\n|upkeep\n|turn|15\n|\n|t:|1602265445\n|move|p2a: \ud83d\udd25#WINNIN\ud83d\udd25|Sucker Punch|p1a: Heatran\n|-start|p2a: \ud83d\udd25#WINNIN\ud83d\udd25|typechange|Dark|[from] ability: Libero\n|-damage|p1a: Heatran|41\/100\n|-damage|p2a: \ud83d\udd25#WINNIN\ud83d\udd25|56\/100|[from] item: Life Orb\n|move|p1a: Heatran|Ancient Power|p2a: \ud83d\udd25#WINNIN\ud83d\udd25\n|-damage|p2a: \ud83d\udd25#WINNIN\ud83d\udd25|32\/100\n|\n|-heal|p1a: Heatran|47\/100|[from] item: Leftovers\n|upkeep\n|turn|16\n|\n|t:|1602265458\n|move|p2a: \ud83d\udd25#WINNIN\ud83d\udd25|Zen Headbutt|p1a: Heatran\n|-start|p2a: \ud83d\udd25#WINNIN\ud83d\udd25|typechange|Psychic|[from] ability: Libero\n|-resisted|p1a: Heatran\n|-damage|p1a: Heatran|24\/100\n|-damage|p2a: \ud83d\udd25#WINNIN\ud83d\udd25|22\/100|[from] item: Life Orb\n|cant|p1a: Heatran|flinch\n|\n|-heal|p1a: Heatran|30\/100|[from] item: Leftovers\n|upkeep\n|turn|17\n|\n|t:|1602265473\n|move|p2a: \ud83d\udd25#WINNIN\ud83d\udd25|Zen Headbutt|p1a: Heatran\n|-resisted|p1a: Heatran\n|-damage|p1a: Heatran|10\/100\n|-damage|p2a: \ud83d\udd25#WINNIN\ud83d\udd25|12\/100|[from] item: Life Orb\n|move|p1a: Heatran|Lava Plume|p2a: \ud83d\udd25#WINNIN\ud83d\udd25\n|-crit|p2a: \ud83d\udd25#WINNIN\ud83d\udd25\n|-damage|p2a: \ud83d\udd25#WINNIN\ud83d\udd25|0 fnt\n|faint|p2a: \ud83d\udd25#WINNIN\ud83d\udd25\n|\n|-heal|p1a: Heatran|16\/100|[from] item: Leftovers\n|-fieldend|Misty Terrain\n|upkeep\n|\n|t:|1602265483\n|switch|p2a: NEW AESON VID!\ud83c\udf19|Hydreigon, M|100\/100\n|-damage|p2a: NEW AESON VID!\ud83c\udf19|88\/100|[from] Stealth Rock\n|turn|18\n|\n|t:|1602265486\n|move|p2a: NEW AESON VID!\ud83c\udf19|Substitute|p2a: NEW AESON VID!\ud83c\udf19\n|-start|p2a: NEW AESON VID!\ud83c\udf19|Substitute\n|-damage|p2a: NEW AESON VID!\ud83c\udf19|63\/100\n|move|p1a: Heatran|Lava Plume|p2a: NEW AESON VID!\ud83c\udf19\n|-resisted|p2a: NEW AESON VID!\ud83c\udf19\n|-activate|p2a: NEW AESON VID!\ud83c\udf19|move: Substitute|[damage]\n|\n|-heal|p2a: NEW AESON VID!\ud83c\udf19|69\/100|[from] item: Leftovers\n|-heal|p1a: Heatran|23\/100|[from] item: Leftovers\n|upkeep\n|turn|19\n|\n|t:|1602265496\n|move|p2a: NEW AESON VID!\ud83c\udf19|Dragon Dance|p2a: NEW AESON VID!\ud83c\udf19\n|-boost|p2a: NEW AESON VID!\ud83c\udf19|atk|1\n|-boost|p2a: NEW AESON VID!\ud83c\udf19|spe|1\n|move|p1a: Heatran|Lava Plume|p2a: NEW AESON VID!\ud83c\udf19\n|-resisted|p2a: NEW AESON VID!\ud83c\udf19\n|-end|p2a: NEW AESON VID!\ud83c\udf19|Substitute\n|\n|-heal|p2a: NEW AESON VID!\ud83c\udf19|76\/100|[from] item: Leftovers\n|-heal|p1a: Heatran|29\/100|[from] item: Leftovers\n|upkeep\n|turn|20\n|\n|t:|1602265509\n|switch|p1a: Tapu Fini|Tapu Fini|16\/100\n|-damage|p1a: Tapu Fini|4\/100|[from] Stealth Rock\n|-fieldstart|move: Misty Terrain|[from] ability: Misty Surge|[of] p1a: Tapu Fini\n|move|p2a: NEW AESON VID!\ud83c\udf19|Substitute|p2a: NEW AESON VID!\ud83c\udf19\n|-start|p2a: NEW AESON VID!\ud83c\udf19|Substitute\n|-damage|p2a: NEW AESON VID!\ud83c\udf19|51\/100\n|\n|-heal|p2a: NEW AESON VID!\ud83c\udf19|57\/100|[from] item: Leftovers\n|-heal|p1a: Tapu Fini|10\/100|[from] item: Leftovers\n|upkeep\n|turn|21\n|l|\u2606FIRE LORD AESON!\n|inactive|FIRE LORD AESON! disconnected and has a minute to reconnect!\n|player|p2|\n|j|\u2606FIRE LORD AESON!\n|inactive|FIRE LORD AESON! reconnected and has 105 seconds left.\n|player|p2|FIRE LORD AESON!|red-gen1\n|\n|t:|1602265565\n|move|p2a: NEW AESON VID!\ud83c\udf19|Crunch|p1a: Tapu Fini\n|-resisted|p1a: Tapu Fini\n|-damage|p1a: Tapu Fini|0 fnt\n|faint|p1a: Tapu Fini\n|\n|-heal|p2a: NEW AESON VID!\ud83c\udf19|63\/100|[from] item: Leftovers\n|upkeep\n|\n|t:|1602265573\n|switch|p1a: Garchomp|Garchomp, M|100\/100\n|-damage|p1a: Garchomp|94\/100|[from] Stealth Rock\n|turn|22\n|inactive|FIRE LORD AESON! has 90 seconds left.\n|\n|t:|1602265601\n|move|p2a: NEW AESON VID!\ud83c\udf19|Dragon Dance|p2a: NEW AESON VID!\ud83c\udf19\n|-boost|p2a: NEW AESON VID!\ud83c\udf19|atk|1\n|-boost|p2a: NEW AESON VID!\ud83c\udf19|spe|1\n|move|p1a: Garchomp|Dragon Claw|p2a: NEW AESON VID!\ud83c\udf19\n|-supereffective|p2a: NEW AESON VID!\ud83c\udf19\n|-end|p2a: NEW AESON VID!\ud83c\udf19|Substitute\n|\n|-heal|p2a: NEW AESON VID!\ud83c\udf19|69\/100|[from] item: Leftovers\n|-heal|p1a: Garchomp|100\/100|[from] item: Leftovers\n|upkeep\n|turn|23\n|inactive|FIRE LORD AESON! has 90 seconds left.\n|\n|t:|1602265612\n|move|p2a: NEW AESON VID!\ud83c\udf19|Crunch|p1a: Garchomp\n|-crit|p1a: Garchomp\n|-damage|p1a: Garchomp|0 fnt\n|-damage|p2a: NEW AESON VID!\ud83c\udf19|57\/100|[from] ability: Rough Skin|[of] p1a: Garchomp\n|faint|p1a: Garchomp\n|\n|-heal|p2a: NEW AESON VID!\ud83c\udf19|63\/100|[from] item: Leftovers\n|upkeep\n|j| Boi 240\n|\n|t:|1602265616\n|switch|p1a: Gardevoir|Gardevoir, M|100\/100\n|-damage|p1a: Gardevoir|88\/100|[from] Stealth Rock\n|-ability|p1a: Gardevoir|Levitate|[from] ability: Trace|[of] p2a: NEW AESON VID!\ud83c\udf19\n|turn|24\n|c|\u2606FIRE LORD AESON!|WOW\n|c|\u2606FIRE LORD AESON!|Lololol\n|inactive|FIRE LORD AESON! has 90 seconds left.\n|l|\u2606FIRE LORD AESON!\n|inactive|FIRE LORD AESON! disconnected and has a minute to reconnect!\n|player|p2|\n|inactive|FIRE LORD AESON! has 30 seconds to reconnect!\n|j|\u2606FIRE LORD AESON!\n|inactive|FIRE LORD AESON! reconnected and has 45 seconds left.\n|player|p2|FIRE LORD AESON!|red-gen1\n|inactive|FIRE LORD AESON! has 30 seconds left.\n|c|\u2606FIRE LORD AESON!|Jesus christ SD...\n|c|\u2606FIRE LORD AESON!|Sorry ass website man lol\n|inactive|FIRE LORD AESON! has 20 seconds left.\n|\n|t:|1602265696\n|detailschange|p1a: Gardevoir|Gardevoir-Mega, M\n|-mega|p1a: Gardevoir|Gardevoir|Gardevoirite\n|move|p2a: NEW AESON VID!\ud83c\udf19|Crunch|p1a: Gardevoir\n|-damage|p1a: Gardevoir|0 fnt\n|faint|p1a: Gardevoir\n|\n|-heal|p2a: NEW AESON VID!\ud83c\udf19|69\/100|[from] item: Leftovers\n|-fieldend|Misty Terrain\n|upkeep\n|inactive|FIRE LORD AESON! has 25 seconds left this turn.\n|\n|t:|1602265702\n|switch|p1a: Heatran|Heatran, M|29\/100\n|-damage|p1a: Heatran|16\/100|[from] Stealth Rock\n|turn|25\n|inactive|FIRE LORD AESON! has 30 seconds left.\n|c|\u2606Daunzu|all good dude\n|c|\u2606FIRE LORD AESON!|GG man\n|c|\u2606Daunzu|gg\n|inactive|FIRE LORD AESON! has 20 seconds left.\n|-message|Daunzu forfeited.\n|\n|win|FIRE LORD AESON!\n|inactive|FIRE LORD AESON! has 25 seconds left this turn.\n|l|\u2606Daunzu\n|l|\u2606FIRE LORD AESON!\n|j|\u2606FIRE LORD AESON!\n|player|p2|FIRE LORD AESON!|red-gen1\n||Ladder (probably) updated, but score could not be retrieved (Request timeout).\n|l|\u2606FIRE LORD AESON!\n|player|p2|\n|j|\u2606FIRE LORD AESON!\n|player|p2|FIRE LORD AESON!|red-gen1\n","uploadtime":1602265740,"views":11,"p1id":"daunzu","p2id":"firelordaeson","formatid":"gen8nationaldex","rating":0,"private":0,"password":null}