{"id":"gen8ou-1233413577","p1":"Burnt Bright","p2":"Omari P Heat Alt","format":"gen8ou","log":"|j|\u2606Burnt Bright\n|j|\u2606Omari P Heat Alt\n|t:|1606615256\n|player|p1|Burnt Bright|parasollady-gen4|1870\n|player|p2|Omari P Heat Alt|pokemonrangerf|1717\n|teamsize|p1|6\n|teamsize|p2|6\n|gametype|singles\n|gen|8\n|tier|[Gen 8] OU\n|rated|\n|clearpoke\n|poke|p1|Rillaboom, F|\n|poke|p1|Magearna|\n|poke|p1|Salamence, F|\n|poke|p1|Swampert, M|\n|poke|p1|Zeraora|\n|poke|p1|Latios, M|\n|poke|p2|Noctowl, F|\n|poke|p2|Mandibuzz, F|\n|poke|p2|Tapu Koko|\n|poke|p2|Nidoking, M|\n|poke|p2|Tapu Lele|\n|poke|p2|Blaziken, M|\n|rule|Sleep Clause Mod: Limit one foe put to sleep\n|rule|Species Clause: Limit one of each Pok\u00e9mon\n|rule|OHKO Clause: OHKO moves are banned\n|rule|Evasion Moves Clause: Evasion moves are banned\n|rule|Endless Battle Clause: Forcing endless battles is banned\n|rule|HP Percentage Mod: HP is shown in percentages\n|rule|Dynamax Clause: You cannot dynamax\n|teampreview\n|j| hailarctozolt\n|j| Zombini62\n|inactive|Battle timer is ON: inactive players will automatically lose when time's up. (requested by Omari P Heat Alt)\n|\n|t:|1606615278\n|start\n|switch|p1a: Swampert|Swampert, M|100\/100\n|switch|p2a: Nidoking|Nidoking, M|100\/100\n|turn|1\n|\n|t:|1606615281\n|move|p2a: Nidoking|Stealth Rock|p1a: Swampert\n|-sidestart|p1: Burnt Bright|move: Stealth Rock\n|move|p1a: Swampert|Flip Turn|p2a: Nidoking\n|-supereffective|p2a: Nidoking\n|-damage|p2a: Nidoking|38\/100\n|\n|t:|1606615289\n|switch|p1a: Latios|Latios, M|100\/100|[from]move: Flip Turn\n|-damage|p1a: Latios|88\/100|[from] Stealth Rock\n|\n|upkeep\n|turn|2\n|j| Yinza\n|\n|t:|1606615303\n|move|p1a: Latios|Draco Meteor|p2a: Nidoking\n|-damage|p2a: Nidoking|0 fnt\n|-unboost|p1a: Latios|spa|2\n|-damage|p1a: Latios|78\/100|[from] item: Life Orb\n|faint|p2a: Nidoking\n|\n|upkeep\n|\n|t:|1606615312\n|switch|p2a: Tapu Lele|Tapu Lele|100\/100\n|-fieldstart|move: Psychic Terrain|[from] ability: Psychic Surge|[of] p2a: Tapu Lele\n|turn|3\n|j| Burnt Bright gay\n|c| Burnt Bright gay|i am gay\n|l| Burnt Bright gay\n|\n|t:|1606615322\n|switch|p1a: Magearna|Magearna|100\/100\n|-damage|p1a: Magearna|94\/100|[from] Stealth Rock\n|move|p2a: Tapu Lele|Psyshock|p1a: Magearna\n|-resisted|p1a: Magearna\n|-damage|p1a: Magearna|64\/100\n|\n|-heal|p1a: Magearna|71\/100|[from] item: Leftovers\n|upkeep\n|turn|4\n|j| Vessev\n|\n|t:|1606615327\n|move|p2a: Tapu Lele|Psychic|p1a: Magearna\n|-resisted|p1a: Magearna\n|-damage|p1a: Magearna|38\/100\n|move|p1a: Magearna|Draining Kiss|p2a: Tapu Lele\n|-damage|p2a: Tapu Lele|72\/100\n|-heal|p1a: Magearna|55\/100|[from] drain|[of] p2a: Tapu Lele\n|\n|-heal|p1a: Magearna|61\/100|[from] item: Leftovers\n|upkeep\n|turn|5\n|j| Skylink42\n|\n|t:|1606615345\n|switch|p2a: Blaziken|Blaziken, M|100\/100\n|move|p1a: Magearna|Draining Kiss|p2a: Blaziken\n|-damage|p2a: Blaziken|51\/100\n|-heal|p1a: Magearna|92\/100|[from] drain|[of] p2a: Blaziken\n|\n|-heal|p1a: Magearna|99\/100|[from] item: Leftovers\n|upkeep\n|turn|6\n|\n|t:|1606615350\n|switch|p1a: Salamence|Salamence, F|100\/100\n|-ability|p1a: Salamence|Intimidate|boost\n|-unboost|p2a: Blaziken|atk|1\n|move|p2a: Blaziken|Work Up|p2a: Blaziken\n|-boost|p2a: Blaziken|atk|1\n|-boost|p2a: Blaziken|spa|1\n|\n|-ability|p2a: Blaziken|Speed Boost|boost\n|-boost|p2a: Blaziken|spe|1\n|upkeep\n|turn|7\n|\n|t:|1606615354\n|move|p2a: Blaziken|Fire Blast|p1a: Salamence\n|-resisted|p1a: Salamence\n|-damage|p1a: Salamence|55\/100\n|move|p1a: Salamence|Breaking Swipe|p2a: Blaziken\n|-damage|p2a: Blaziken|7\/100\n|-unboost|p2a: Blaziken|atk|1\n|\n|-fieldend|move: Psychic Terrain\n|-ability|p2a: Blaziken|Speed Boost|boost\n|-boost|p2a: Blaziken|spe|1\n|upkeep\n|turn|8\n|\n|t:|1606615360\n|move|p2a: Blaziken|Fire Blast|p1a: Salamence|[miss]\n|-miss|p2a: Blaziken|p1a: Salamence\n|move|p1a: Salamence|Defog|p2a: Blaziken\n|-unboost|p2a: Blaziken|evasion|1\n|-sideend|p1: Burnt Bright|Stealth Rock|[from] move: Defog|[of] p1a: Salamence\n|\n|-ability|p2a: Blaziken|Speed Boost|boost\n|-boost|p2a: Blaziken|spe|1\n|upkeep\n|turn|9\n|\n|t:|1606615362\n|move|p2a: Blaziken|Fire Blast|p1a: Salamence\n|-resisted|p1a: Salamence\n|-damage|p1a: Salamence|10\/100\n|move|p1a: Salamence|Roost|p1a: Salamence\n|-heal|p1a: Salamence|60\/100\n|-singleturn|p1a: Salamence|move: Roost\n|\n|-ability|p2a: Blaziken|Speed Boost|boost\n|-boost|p2a: Blaziken|spe|1\n|upkeep\n|turn|10\n|\n|t:|1606615366\n|move|p2a: Blaziken|Fire Blast|p1a: Salamence|[miss]\n|-miss|p2a: Blaziken|p1a: Salamence\n|move|p1a: Salamence|Roost|p1a: Salamence\n|-heal|p1a: Salamence|100\/100\n|-singleturn|p1a: Salamence|move: Roost\n|\n|-ability|p2a: Blaziken|Speed Boost|boost\n|-boost|p2a: Blaziken|spe|1\n|upkeep\n|turn|11\n|\n|t:|1606615369\n|move|p2a: Blaziken|Fire Blast|p1a: Salamence\n|-resisted|p1a: Salamence\n|-damage|p1a: Salamence|52\/100\n|-status|p1a: Salamence|brn\n|move|p1a: Salamence|Flamethrower|p2a: Blaziken\n|-resisted|p2a: Blaziken\n|-damage|p2a: Blaziken|0 fnt\n|faint|p2a: Blaziken\n|\n|-damage|p1a: Salamence|46\/100 brn|[from] brn\n|upkeep\n|\n|t:|1606615379\n|switch|p2a: Noctowl|Noctowl, F|100\/100\n|turn|12\n|\n|t:|1606615384\n|switch|p1a: Swampert|Swampert, M|100\/100\n|move|p2a: Noctowl|Nasty Plot|p2a: Noctowl\n|-boost|p2a: Noctowl|spa|2\n|\n|upkeep\n|turn|13\n|j| IchavaGuava4001\n|\n|t:|1606615396\n|move|p2a: Noctowl|Hurricane|p1a: Swampert\n|-damage|p1a: Swampert|33\/100\n|-start|p1a: Swampert|confusion\n|-activate|p1a: Swampert|confusion\n|move|p1a: Swampert|Toxic|p2a: Noctowl\n|-status|p2a: Noctowl|tox\n|\n|-heal|p1a: Swampert|40\/100|[from] item: Leftovers\n|-damage|p2a: Noctowl|94\/100 tox|[from] psn\n|upkeep\n|turn|14\n|j| SenatoroTogekiss\n|\n|t:|1606615401\n|switch|p1a: Salamence|Salamence, F|46\/100 brn\n|-ability|p1a: Salamence|Intimidate|boost\n|-unboost|p2a: Noctowl|atk|1\n|move|p2a: Noctowl|Hurricane|p1a: Salamence|[miss]\n|-miss|p2a: Noctowl|p1a: Salamence\n|\n|-heal|p2a: Noctowl|100\/100 tox|[from] item: Leftovers\n|-damage|p1a: Salamence|40\/100 brn|[from] brn\n|-damage|p2a: Noctowl|88\/100 tox|[from] psn\n|upkeep\n|turn|15\n|l| Skylink42\n|\n|t:|1606615407\n|move|p1a: Salamence|Breaking Swipe|p2a: Noctowl\n|-damage|p2a: Noctowl|66\/100 tox\n|-unboost|p2a: Noctowl|atk|1\n|move|p2a: Noctowl|Hurricane|p1a: Salamence|[miss]\n|-miss|p2a: Noctowl|p1a: Salamence\n|\n|-heal|p2a: Noctowl|72\/100 tox|[from] item: Leftovers\n|-damage|p1a: Salamence|34\/100 brn|[from] brn\n|-damage|p2a: Noctowl|54\/100 tox|[from] psn\n|upkeep\n|turn|16\n|j| hgjkhgkgk\n|\n|t:|1606615412\n|move|p1a: Salamence|Roost|p1a: Salamence\n|-heal|p1a: Salamence|85\/100 brn\n|-singleturn|p1a: Salamence|move: Roost\n|move|p2a: Noctowl|Psychic|p1a: Salamence\n|-damage|p1a: Salamence|27\/100 brn\n|\n|-heal|p2a: Noctowl|60\/100 tox|[from] item: Leftovers\n|-damage|p1a: Salamence|21\/100 brn|[from] brn\n|-damage|p2a: Noctowl|36\/100 tox|[from] psn\n|upkeep\n|turn|17\n|\n|t:|1606615417\n|move|p1a: Salamence|Roost|p1a: Salamence\n|-heal|p1a: Salamence|71\/100 brn\n|-singleturn|p1a: Salamence|move: Roost\n|move|p2a: Noctowl|Hurricane|p1a: Salamence|[miss]\n|-miss|p2a: Noctowl|p1a: Salamence\n|\n|-heal|p2a: Noctowl|42\/100 tox|[from] item: Leftovers\n|-damage|p1a: Salamence|65\/100 brn|[from] brn\n|-damage|p2a: Noctowl|12\/100 tox|[from] psn\n|upkeep\n|turn|18\n|c|\u2606Omari P Heat Alt|ok\n|c|\u2606Omari P Heat Alt|lmao\n|c|\u2606Omari P Heat Alt|copme on\n|\n|t:|1606615433\n|switch|p2a: Tapu Lele|Tapu Lele|72\/100\n|-fieldstart|move: Psychic Terrain|[from] ability: Psychic Surge|[of] p2a: Tapu Lele\n|move|p1a: Salamence|Breaking Swipe|p2a: Tapu Lele\n|-immune|p2a: Tapu Lele\n|\n|-damage|p1a: Salamence|59\/100 brn|[from] brn\n|upkeep\n|turn|19\n|\n|t:|1606615440\n|move|p2a: Tapu Lele|Psychic|p1a: Salamence\n|-crit|p1a: Salamence\n|-damage|p1a: Salamence|0 fnt\n|faint|p1a: Salamence\n|\n|upkeep\n|\n|t:|1606615448\n|switch|p1a: Rillaboom|Rillaboom, F|100\/100\n|-fieldstart|move: Grassy Terrain|[from] ability: Grassy Surge|[of] p1a: Rillaboom\n|turn|20\n|l| Zombini62\n|\n|t:|1606615454\n|switch|p2a: Mandibuzz|Mandibuzz, F|100\/100\n|move|p1a: Rillaboom|U-turn|p2a: Mandibuzz\n|-damage|p2a: Mandibuzz|76\/100\n|-damage|p1a: Rillaboom|84\/100|[from] item: Rocky Helmet|[of] p2a: Mandibuzz\n|j| SebusWebus\n|\n|t:|1606615460\n|switch|p1a: Zeraora|Zeraora|100\/100|[from]move: U-turn\n|\n|upkeep\n|turn|21\n|\n|t:|1606615476\n|switch|p2a: Noctowl|Noctowl, F|12\/100 tox\n|move|p1a: Zeraora|Volt Switch|p2a: Noctowl\n|-supereffective|p2a: Noctowl\n|-damage|p2a: Noctowl|0 fnt\n|faint|p2a: Noctowl\n|\n|t:|1606615478\n|switch|p1a: Swampert|Swampert, M|40\/100|[from]move: Volt Switch\n|\n|-heal|p1a: Swampert|46\/100|[from] item: Leftovers\n|-heal|p1a: Swampert|52\/100|[from] Grassy Terrain\n|upkeep\n|\n|t:|1606615481\n|switch|p2a: Tapu Lele|Tapu Lele|72\/100\n|-fieldstart|move: Psychic Terrain|[from] ability: Psychic Surge|[of] p2a: Tapu Lele\n|turn|22\n|l| IchavaGuava4001\n|\n|t:|1606615485\n|switch|p1a: Magearna|Magearna|99\/100\n|move|p2a: Tapu Lele|Psychic|p1a: Magearna\n|-resisted|p1a: Magearna\n|-damage|p1a: Magearna|66\/100\n|\n|-heal|p1a: Magearna|72\/100|[from] item: Leftovers\n|upkeep\n|turn|23\n|j| lrres\n|j| tigers jaw\n|\n|t:|1606615510\n|move|p2a: Tapu Lele|Psychic|p1a: Magearna\n|-resisted|p1a: Magearna\n|-damage|p1a: Magearna|40\/100\n|move|p1a: Magearna|Draining Kiss|p2a: Tapu Lele\n|-damage|p2a: Tapu Lele|40\/100\n|-heal|p1a: Magearna|58\/100|[from] drain|[of] p2a: Tapu Lele\n|\n|-heal|p1a: Magearna|64\/100|[from] item: Leftovers\n|upkeep\n|turn|24\n|\n|t:|1606615521\n|move|p2a: Tapu Lele|Psychic|p1a: Magearna\n|-resisted|p1a: Magearna\n|-damage|p1a: Magearna|28\/100\n|move|p1a: Magearna|Thunderbolt|p2a: Tapu Lele\n|-damage|p2a: Tapu Lele|5\/100\n|\n|-heal|p1a: Magearna|34\/100|[from] item: Leftovers\n|upkeep\n|turn|25\n|\n|t:|1606615531\n|switch|p1a: Latios|Latios, M|78\/100\n|move|p2a: Tapu Lele|Psychic|p1a: Latios\n|-resisted|p1a: Latios\n|-damage|p1a: Latios|33\/100\n|\n|upkeep\n|turn|26\n|\n|t:|1606615557\n|move|p1a: Latios|Mystical Fire|p2a: Tapu Lele\n|-damage|p2a: Tapu Lele|0 fnt\n|-damage|p1a: Latios|23\/100|[from] item: Life Orb\n|faint|p2a: Tapu Lele\n|\n|-fieldend|move: Psychic Terrain\n|upkeep\n|j| My main man ban\n|\n|t:|1606615559\n|switch|p2a: Tapu Koko|Tapu Koko|100\/100\n|-fieldstart|move: Electric Terrain|[from] ability: Electric Surge|[of] p2a: Tapu Koko\n|turn|27\n|\n|t:|1606615563\n|move|p2a: Tapu Koko|Grass Knot|p1a: Latios\n|-resisted|p1a: Latios\n|-damage|p1a: Latios|13\/100\n|move|p1a: Latios|Psychic|p2a: Tapu Koko\n|-damage|p2a: Tapu Koko|0 fnt\n|-damage|p1a: Latios|3\/100|[from] item: Life Orb\n|faint|p2a: Tapu Koko\n|\n|upkeep\n|l| SebusWebus\n|c|\u2606Omari P Heat Alt|gg\n|-message|Omari P Heat Alt forfeited.\n|\n|win|Burnt Bright\n|l|\u2606Omari P Heat Alt\n|l| tigers jaw\n|l|\u2606Burnt Bright\n|l| lrres\n|raw|Burnt Bright's rating: 1851 &rarr; <strong>1864<\/strong><br \/>(+13 for winning)\n|raw|Omari P Heat Alt's rating: 1717 &rarr; <strong>1705<\/strong><br \/>(-12 for losing)\n|l| My main man ban\n","uploadtime":1606615648,"views":16,"p1id":"burntbright","p2id":"omaripheatalt","formatid":"gen8ou","rating":1705,"private":0,"password":null}