{"id":"gen8ou-1699344121","p1":"Shinjou Akane","p2":"ZAINE SASSON","format":"gen8ou","log":"|j|\u2606Shinjou Akane\n|j|\u2606ZAINE SASSON\n|t:|1667229688\n|gametype|singles\n|player|p1|Shinjou Akane|elesa-gen5bw2|1687\n|player|p2|ZAINE SASSON|ethan-masters|1663\n|teamsize|p1|6\n|teamsize|p2|6\n|gen|8\n|tier|[Gen 8] OU\n|rated|\n|rule|Sleep Clause Mod: Limit one foe put to sleep\n|rule|Species Clause: Limit one of each Pok\u00e9mon\n|rule|OHKO Clause: OHKO moves are banned\n|rule|Evasion Items Clause: Evasion items are banned\n|rule|Evasion Moves Clause: Evasion moves are banned\n|rule|Endless Battle Clause: Forcing endless battles is banned\n|rule|HP Percentage Mod: HP is shown in percentages\n|rule|Dynamax Clause: You cannot dynamax\n|clearpoke\n|poke|p1|Tapu Lele|\n|poke|p1|Blacephalon|\n|poke|p1|Tyranitar, M|\n|poke|p1|Landorus-Therian, M|\n|poke|p1|Corviknight, M|\n|poke|p1|Toxapex, F|\n|poke|p2|Slowking-Galar, F|\n|poke|p2|Landorus-Therian, M|\n|poke|p2|Ferrothorn, F|\n|poke|p2|Dragapult, M|\n|poke|p2|Zapdos-Galar|\n|poke|p2|Rotom-Wash|\n|teampreview\n|inactive|Battle timer is ON: inactive players will automatically lose when time's up. (requested by ZAINE SASSON)\n|j| Tegalik\n|j| Mr. Globlin\n|j| DKHD\n|\n|t:|1667229717\n|start\n|switch|p1a: Tapu Lele|Tapu Lele|100\/100\n|switch|p2a: Dragapult|Dragapult, M|100\/100\n|-fieldstart|move: Psychic Terrain|[from] ability: Psychic Surge|[of] p1a: Tapu Lele\n|turn|1\n|\n|t:|1667229728\n|switch|p2a: Slowking|Slowking-Galar, F|100\/100\n|move|p1a: Tapu Lele|Future Sight|p2a: Slowking\n|-start|p1a: Tapu Lele|move: Future Sight\n|\n|upkeep\n|turn|2\n|j| Pokemon Perfection\n|\n|t:|1667229742\n|switch|p1a: Tyranitar|Tyranitar, M|100\/100\n|-weather|Sandstorm|[from] ability: Sand Stream|[of] p1a: Tyranitar\n|switch|p2a: Zapdos|Zapdos-Galar|100\/100\n|\n|-weather|Sandstorm|[upkeep]\n|-damage|p2a: Zapdos|94\/100|[from] Sandstorm\n|upkeep\n|turn|3\n|\n|t:|1667229752\n|move|p2a: Zapdos|U-turn|p1a: Tyranitar\n|-supereffective|p1a: Tyranitar\n|-damage|p1a: Tyranitar|34\/100\n|\n|t:|1667229761\n|switch|p2a: Ferrothorn|Ferrothorn, F|100\/100|[from]move: U-turn\n|move|p1a: Tyranitar|Crunch|p2a: Ferrothorn\n|-damage|p2a: Ferrothorn|62\/100\n|-damage|p1a: Tyranitar|21\/100|[from] ability: Iron Barbs|[of] p2a: Ferrothorn\n|\n|-weather|Sandstorm|[upkeep]\n|-end|p2a: Ferrothorn|move: Future Sight\n|-resisted|p2a: Ferrothorn\n|-damage|p2a: Ferrothorn|25\/100\n|-heal|p2a: Ferrothorn|31\/100|[from] item: Leftovers\n|upkeep\n|turn|4\n|j| Gyosoph\n|\n|t:|1667229770\n|switch|p2a: Zapdos|Zapdos-Galar|94\/100\n|move|p1a: Tyranitar|Crunch|p2a: Zapdos\n|-resisted|p2a: Zapdos\n|-damage|p2a: Zapdos|56\/100\n|\n|-weather|Sandstorm|[upkeep]\n|-damage|p2a: Zapdos|49\/100|[from] Sandstorm\n|upkeep\n|turn|5\n|\n|t:|1667229776\n|switch|p1a: Toxapex|Toxapex, F|100\/100\n|move|p2a: Zapdos|U-turn|p1a: Toxapex\n|-resisted|p1a: Toxapex\n|-damage|p1a: Toxapex|90\/100\n|-enditem|p1a: Toxapex|Eject Button\n|\n|t:|1667229780\n|switch|p1a: Tapu Lele|Tapu Lele|100\/100\n|\n|-weather|Sandstorm|[upkeep]\n|-damage|p1a: Tapu Lele|94\/100|[from] Sandstorm\n|-damage|p2a: Zapdos|43\/100|[from] Sandstorm\n|-fieldend|move: Psychic Terrain\n|upkeep\n|turn|6\n|\n|t:|1667229789\n|switch|p2a: Landorus|Landorus-Therian, M|100\/100\n|-ability|p2a: Landorus|Intimidate|boost\n|-unboost|p1a: Tapu Lele|atk|1\n|move|p1a: Tapu Lele|Future Sight|p2a: Landorus\n|-start|p1a: Tapu Lele|move: Future Sight\n|\n|-weather|none\n|upkeep\n|turn|7\n|j| oRinNeGa7V1\n|l| DKHD\n|\n|t:|1667229795\n|switch|p1a: Corviknight|Corviknight, M|100\/100\n|-ability|p1a: Corviknight|Pressure\n|move|p2a: Landorus|Stealth Rock|p1a: Corviknight\n|-sidestart|p1: Shinjou Akane|move: Stealth Rock\n|\n|upkeep\n|turn|8\n|\n|t:|1667229805\n|switch|p2a: Rotom|Rotom-Wash|100\/100\n|move|p1a: Corviknight|Defog|p2a: Rotom\n|-unboost|p2a: Rotom|evasion|1\n|-sideend|p1: Shinjou Akane|Stealth Rock|[from] move: Defog|[of] p1a: Corviknight\n|\n|-end|p2a: Rotom|move: Future Sight\n|-damage|p2a: Rotom|45\/100\n|-heal|p2a: Rotom|51\/100|[from] item: Leftovers\n|upkeep\n|turn|9\n|\n|t:|1667229815\n|move|p2a: Rotom|Pain Split|p1a: Corviknight\n|-sethp|p1a: Corviknight|70\/100|[from] move: Pain Split|[silent]\n|-sethp|p2a: Rotom|92\/100|[from] move: Pain Split\n|move|p1a: Corviknight|U-turn|p2a: Rotom\n|-damage|p2a: Rotom|76\/100\n|\n|t:|1667229825\n|switch|p1a: Tapu Lele|Tapu Lele|94\/100|[from]move: U-turn\n|-fieldstart|move: Psychic Terrain|[from] ability: Psychic Surge|[of] p1a: Tapu Lele\n|\n|-heal|p2a: Rotom|82\/100|[from] item: Leftovers\n|upkeep\n|turn|10\n|\n|t:|1667229831\n|switch|p2a: Landorus|Landorus-Therian, M|100\/100\n|-ability|p2a: Landorus|Intimidate|boost\n|-unboost|p1a: Tapu Lele|atk|1\n|move|p1a: Tapu Lele|Psychic|p2a: Landorus\n|-damage|p2a: Landorus|51\/100\n|\n|-heal|p2a: Landorus|57\/100|[from] item: Leftovers\n|upkeep\n|turn|11\n|\n|t:|1667229837\n|move|p1a: Tapu Lele|Psychic|p2a: Landorus\n|-damage|p2a: Landorus|8\/100\n|move|p2a: Landorus|Stealth Rock|p1a: Tapu Lele\n|-sidestart|p1: Shinjou Akane|move: Stealth Rock\n|\n|-heal|p2a: Landorus|14\/100|[from] item: Leftovers\n|upkeep\n|turn|12\n|\n|t:|1667229841\n|switch|p2a: Slowking|Slowking-Galar, F|100\/100\n|move|p1a: Tapu Lele|Psychic|p2a: Slowking\n|-damage|p2a: Slowking|73\/100\n|\n|upkeep\n|turn|13\n|\n|t:|1667229845\n|switch|p1a: Landorus|Landorus-Therian, M|100\/100\n|-damage|p1a: Landorus|88\/100|[from] Stealth Rock\n|-ability|p1a: Landorus|Intimidate|boost\n|-unboost|p2a: Slowking|atk|1\n|move|p2a: Slowking|Future Sight|p1a: Landorus\n|-start|p2a: Slowking|move: Future Sight\n|\n|-heal|p1a: Landorus|94\/100|[from] item: Leftovers\n|-fieldend|move: Psychic Terrain\n|upkeep\n|turn|14\n|\n|t:|1667229849\n|move|p1a: Landorus|Stealth Rock|p2a: Slowking\n|-sidestart|p2: ZAINE SASSON|move: Stealth Rock\n|move|p2a: Slowking|Ice Beam|p1a: Landorus\n|-supereffective|p1a: Landorus\n|-damage|p1a: Landorus|8\/100\n|\n|-heal|p1a: Landorus|14\/100|[from] item: Leftovers\n|upkeep\n|turn|15\n|\n|t:|1667229867\n|switch|p2a: Ferrothorn|Ferrothorn, F|31\/100\n|-damage|p2a: Ferrothorn|25\/100|[from] Stealth Rock\n|move|p1a: Landorus|Knock Off|p2a: Ferrothorn\n|-damage|p2a: Ferrothorn|5\/100\n|-damage|p1a: Landorus|2\/100|[from] ability: Iron Barbs|[of] p2a: Ferrothorn\n|-enditem|p2a: Ferrothorn|Leftovers|[from] move: Knock Off|[of] p1a: Landorus\n|\n|-end|p1a: Landorus|move: Future Sight\n|-damage|p1a: Landorus|0 fnt\n|faint|p1a: Landorus\n|upkeep\n|\n|t:|1667229875\n|switch|p1a: Blacephalon|Blacephalon|100\/100\n|-damage|p1a: Blacephalon|76\/100|[from] Stealth Rock\n|turn|16\n|\n|t:|1667229884\n|move|p1a: Blacephalon|Shadow Ball|p2a: Ferrothorn\n|-damage|p2a: Ferrothorn|0 fnt\n|faint|p2a: Ferrothorn\n|-ability|p1a: Blacephalon|Beast Boost|boost\n|-boost|p1a: Blacephalon|spa|1\n|\n|upkeep\n|\n|t:|1667229890\n|switch|p2a: Dragapult|Dragapult, M|100\/100\n|-damage|p2a: Dragapult|88\/100|[from] Stealth Rock\n|turn|17\n|\n|t:|1667229896\n|switch|p1a: Toxapex|Toxapex, F|100\/100\n|-damage|p1a: Toxapex|88\/100|[from] Stealth Rock\n|move|p2a: Dragapult|Shadow Ball|p1a: Toxapex\n|-damage|p1a: Toxapex|42\/100\n|\n|upkeep\n|turn|18\n|\n|t:|1667229903\n|move|p2a: Dragapult|Shadow Ball|p1a: Toxapex\n|-damage|p1a: Toxapex|0 fnt\n|faint|p1a: Toxapex\n|\n|upkeep\n|\n|t:|1667229906\n|switch|p1a: Tapu Lele|Tapu Lele|94\/100\n|-damage|p1a: Tapu Lele|82\/100|[from] Stealth Rock\n|-fieldstart|move: Psychic Terrain|[from] ability: Psychic Surge|[of] p1a: Tapu Lele\n|turn|19\n|\n|t:|1667229918\n|switch|p1a: Tyranitar|Tyranitar, M|21\/100\n|-damage|p1a: Tyranitar|9\/100|[from] Stealth Rock\n|-weather|Sandstorm|[from] ability: Sand Stream|[of] p1a: Tyranitar\n|switch|p2a: Landorus|Landorus-Therian, M|14\/100\n|-damage|p2a: Landorus|2\/100|[from] Stealth Rock\n|-ability|p2a: Landorus|Intimidate|boost\n|-unboost|p1a: Tyranitar|atk|1\n|\n|-weather|Sandstorm|[upkeep]\n|-heal|p2a: Landorus|8\/100|[from] item: Leftovers\n|upkeep\n|turn|20\n|\n|t:|1667229925\n|move|p2a: Landorus|Earthquake|p1a: Tyranitar\n|-supereffective|p1a: Tyranitar\n|-damage|p1a: Tyranitar|0 fnt\n|faint|p1a: Tyranitar\n|\n|-weather|Sandstorm|[upkeep]\n|-heal|p2a: Landorus|14\/100|[from] item: Leftovers\n|upkeep\n|\n|t:|1667229930\n|switch|p1a: Blacephalon|Blacephalon|76\/100\n|-damage|p1a: Blacephalon|51\/100|[from] Stealth Rock\n|turn|21\n|\n|t:|1667229935\n|move|p1a: Blacephalon|Shadow Ball|p2a: Landorus\n|-damage|p2a: Landorus|0 fnt\n|faint|p2a: Landorus\n|-ability|p1a: Blacephalon|Beast Boost|boost\n|-boost|p1a: Blacephalon|spa|1\n|\n|-weather|Sandstorm|[upkeep]\n|-damage|p1a: Blacephalon|45\/100|[from] Sandstorm\n|upkeep\n|\n|t:|1667229937\n|switch|p2a: Dragapult|Dragapult, M|88\/100\n|-damage|p2a: Dragapult|76\/100|[from] Stealth Rock\n|turn|22\n|\n|t:|1667229943\n|switch|p1a: Corviknight|Corviknight, M|70\/100\n|-damage|p1a: Corviknight|58\/100|[from] Stealth Rock\n|-ability|p1a: Corviknight|Pressure\n|move|p2a: Dragapult|Shadow Ball|p1a: Corviknight\n|-damage|p1a: Corviknight|0 fnt\n|faint|p1a: Corviknight\n|\n|-weather|Sandstorm|[upkeep]\n|-damage|p2a: Dragapult|70\/100|[from] Sandstorm\n|upkeep\n|\n|t:|1667229944\n|switch|p1a: Tapu Lele|Tapu Lele|82\/100\n|-damage|p1a: Tapu Lele|70\/100|[from] Stealth Rock\n|turn|23\n|\n|t:|1667229950\n|switch|p2a: Zapdos|Zapdos-Galar|43\/100\n|-damage|p2a: Zapdos|31\/100|[from] Stealth Rock\n|move|p1a: Tapu Lele|Future Sight|p2a: Zapdos\n|-start|p1a: Tapu Lele|move: Future Sight\n|\n|-weather|none\n|-fieldend|move: Psychic Terrain\n|upkeep\n|turn|24\n|\n|t:|1667229958\n|switch|p1a: Blacephalon|Blacephalon|45\/100\n|-damage|p1a: Blacephalon|20\/100|[from] Stealth Rock\n|move|p2a: Zapdos|Brave Bird|p1a: Blacephalon\n|-damage|p1a: Blacephalon|0 fnt\n|faint|p1a: Blacephalon\n|-damage|p2a: Zapdos|26\/100|[from] Recoil\n|\n|upkeep\n|-message|Shinjou Akane forfeited.\n|\n|win|ZAINE SASSON\n|raw|Shinjou Akane's rating: 1687 &rarr; <strong>1666<\/strong><br \/>(-21 for losing)\n|raw|ZAINE SASSON's rating: 1663 &rarr; <strong>1684<\/strong><br \/>(+21 for winning)\n|l|\u2606Shinjou Akane\n","uploadtime":1667229969,"views":6,"p1id":"shinjouakane","p2id":"zainesasson","formatid":"gen8ou","rating":1666,"private":0,"password":null}