{"id":"gen8ou-1627017233","p1":"himynametay","p2":"LT91BB EDG","format":"gen8ou","log":"|raw|<div class=\"broadcast-blue\"><strong>This battle is required to be public due to a player having a name starting with 'lt91bb'.<\/div>\n|j|\u203dhimynametay\n|j|\u2606LT91BB EDG\n|t:|1659008389\n|gametype|singles\n|player|p1|himynametay|elesa|1492\n|player|p2|LT91BB EDG|elesa|1500\n|teamsize|p1|6\n|teamsize|p2|6\n|gen|8\n|tier|[Gen 8] OU\n|rated|\n|rule|Sleep Clause Mod: Limit one foe put to sleep\n|rule|Species Clause: Limit one of each Pok\u00e9mon\n|rule|OHKO Clause: OHKO moves are banned\n|rule|Evasion Moves Clause: Evasion moves are banned\n|rule|Endless Battle Clause: Forcing endless battles is banned\n|rule|HP Percentage Mod: HP is shown in percentages\n|rule|Dynamax Clause: You cannot dynamax\n|clearpoke\n|poke|p1|Landorus-Therian, M|\n|poke|p1|Ferrothorn, M|\n|poke|p1|Urshifu-*, F|\n|poke|p1|Tornadus-Therian, M|\n|poke|p1|Dragapult, F|\n|poke|p1|Tapu Lele|\n|poke|p2|Heatran, F|\n|poke|p2|Slowbro, F|\n|poke|p2|Urshifu-*, M|\n|poke|p2|Landorus-Therian, M|\n|poke|p2|Volcarona, F|\n|poke|p2|Dragapult, M|\n|teampreview\n|inactive|Battle timer is ON: inactive players will automatically lose when time's up. (requested by LT91BB EDG)\n|inactive|himynametay has 120 seconds left.\n|\n|t:|1659008433\n|start\n|switch|p1a: Urshifu|Urshifu-Rapid-Strike, F|100\/100\n|switch|p2a: Heatran|Heatran, F|100\/100\n|turn|1\n|\n|t:|1659008437\n|switch|p2a: Slowbro|Slowbro, F, shiny|100\/100\n|move|p1a: Urshifu|U-turn|p2a: Slowbro\n|-supereffective|p2a: Slowbro\n|-damage|p2a: Slowbro|68\/100\n|\n|t:|1659008440\n|switch|p1a: Dragapult|Dragapult, F|100\/100|[from]move: U-turn\n|\n|upkeep\n|turn|2\n|\n|t:|1659008445\n|switch|p2a: Heatran|Heatran, F|100\/100\n|move|p1a: Dragapult|U-turn|p2a: Heatran\n|-resisted|p2a: Heatran\n|-damage|p2a: Heatran|97\/100\n|\n|t:|1659008448\n|switch|p1a: Urshifu|Urshifu-Rapid-Strike, F|100\/100|[from]move: U-turn\n|\n|-heal|p2a: Heatran|100\/100|[from] item: Leftovers\n|upkeep\n|turn|3\n|\n|t:|1659008452\n|switch|p2a: Slowbro|Slowbro, F, shiny|100\/100\n|move|p1a: Urshifu|Surging Strikes|p2a: Slowbro\n|-resisted|p2a: Slowbro\n|-crit|p2a: Slowbro\n|-damage|p2a: Slowbro|94\/100\n|-resisted|p2a: Slowbro\n|-crit|p2a: Slowbro\n|-damage|p2a: Slowbro|89\/100\n|-resisted|p2a: Slowbro\n|-crit|p2a: Slowbro\n|-damage|p2a: Slowbro|82\/100\n|-hitcount|p2a: Slowbro|3\n|\n|upkeep\n|turn|4\n|\n|t:|1659008465\n|move|p1a: Urshifu|U-turn|p2a: Slowbro\n|-supereffective|p2a: Slowbro\n|-damage|p2a: Slowbro|53\/100\n|\n|t:|1659008468\n|switch|p1a: Tapu Lele|Tapu Lele|100\/100|[from]move: U-turn\n|-fieldstart|move: Psychic Terrain|[from] ability: Psychic Surge|[of] p1a: Tapu Lele\n|move|p2a: Slowbro|Future Sight|p1a: Tapu Lele\n|-start|p2a: Slowbro|move: Future Sight\n|\n|upkeep\n|turn|5\n|\n|t:|1659008475\n|switch|p2a: Heatran|Heatran, F|100\/100\n|move|p1a: Tapu Lele|Focus Blast|p2a: Heatran|[miss]\n|-miss|p1a: Tapu Lele|p2a: Heatran\n|\n|upkeep\n|turn|6\n|\n|t:|1659008482\n|switch|p1a: Ferrothorn|Ferrothorn, M|100\/100\n|move|p2a: Heatran|Stealth Rock|p1a: Ferrothorn\n|-sidestart|p1: himynametay|move: Stealth Rock\n|\n|-end|p1a: Ferrothorn|move: Future Sight\n|-resisted|p1a: Ferrothorn\n|-damage|p1a: Ferrothorn|77\/100\n|upkeep\n|turn|7\n|\n|t:|1659008491\n|switch|p1a: Urshifu|Urshifu-Rapid-Strike, F|100\/100\n|-damage|p1a: Urshifu|94\/100|[from] Stealth Rock\n|move|p2a: Heatran|Magma Storm|p1a: Urshifu|[miss]\n|-miss|p2a: Heatran|p1a: Urshifu\n|\n|upkeep\n|turn|8\n|\n|t:|1659008497\n|move|p1a: Urshifu|Surging Strikes|p2a: Heatran\n|-supereffective|p2a: Heatran\n|-crit|p2a: Heatran\n|-damage|p2a: Heatran|63\/100\n|-supereffective|p2a: Heatran\n|-crit|p2a: Heatran\n|-damage|p2a: Heatran|26\/100\n|-supereffective|p2a: Heatran\n|-crit|p2a: Heatran\n|-damage|p2a: Heatran|0 fnt\n|faint|p2a: Heatran\n|-hitcount|p2: Heatran|3\n|\n|-fieldend|move: Psychic Terrain\n|upkeep\n|\n|t:|1659008502\n|switch|p2a: \u706b\u795e\u55ef\u554a~|Volcarona, F, shiny|100\/100\n|turn|9\n|\n|t:|1659008506\n|move|p2a: \u706b\u795e\u55ef\u554a~|Psychic|p1a: Urshifu\n|-supereffective|p1a: Urshifu\n|-damage|p1a: Urshifu|0 fnt\n|faint|p1a: Urshifu\n|\n|upkeep\n|\n|t:|1659008508\n|switch|p1a: Landorus|Landorus-Therian, M|100\/100\n|-damage|p1a: Landorus|88\/100|[from] Stealth Rock\n|-ability|p1a: Landorus|Intimidate|boost\n|-unboost|p2a: \u706b\u795e\u55ef\u554a~|atk|1\n|turn|10\n|\n|t:|1659008514\n|switch|p2a: Landorus|Landorus-Therian, M|100\/100\n|-ability|p2a: Landorus|Intimidate|boost\n|-unboost|p1a: Landorus|atk|1\n|move|p1a: Landorus|Toxic|p2a: Landorus\n|-status|p2a: Landorus|tox\n|\n|-heal|p1a: Landorus|94\/100|[from] item: Leftovers\n|-damage|p2a: Landorus|94\/100 tox|[from] psn\n|upkeep\n|turn|11\n|\n|t:|1659008518\n|move|p2a: Landorus|Swords Dance|p2a: Landorus\n|-boost|p2a: Landorus|atk|2\n|move|p1a: Landorus|Defog|p2a: Landorus\n|-unboost|p2a: Landorus|evasion|1\n|-sideend|p1: himynametay|Stealth Rock|[from] move: Defog|[of] p1a: Landorus\n|\n|-heal|p1a: Landorus|99\/100|[from] item: Leftovers\n|-damage|p2a: Landorus|82\/100 tox|[from] psn\n|upkeep\n|turn|12\n|\n|t:|1659008524\n|switch|p1a: Ferrothorn|Ferrothorn, M|77\/100\n|move|p2a: Landorus|Stone Edge|p1a: Ferrothorn\n|-resisted|p1a: Ferrothorn\n|-damage|p1a: Ferrothorn|55\/100\n|\n|-damage|p2a: Landorus|64\/100 tox|[from] psn\n|upkeep\n|turn|13\n|\n|t:|1659008527\n|switch|p1a: Tornadus|Tornadus-Therian, M|100\/100\n|move|p2a: Landorus|Stone Edge|p1a: Tornadus|[miss]\n|-miss|p2a: Landorus|p1a: Tornadus\n|\n|-damage|p2a: Landorus|40\/100 tox|[from] psn\n|upkeep\n|turn|14\n|\n|t:|1659008533\n|move|p1a: Tornadus|Icy Wind|p2a: Landorus\n|-supereffective|p2a: Landorus\n|-damage|p2a: Landorus|0 fnt\n|faint|p2a: Landorus\n|\n|upkeep\n|\n|t:|1659008540\n|switch|p2a: Dragapult|Dragapult, M|100\/100\n|turn|15\n|\n|t:|1659008543\n|move|p2a: Dragapult|Shadow Ball|p1a: Tornadus\n|-damage|p1a: Tornadus|76\/100\n|move|p1a: Tornadus|Knock Off|p2a: Dragapult\n|-supereffective|p2a: Dragapult\n|-damage|p2a: Dragapult|50\/100\n|-enditem|p2a: Dragapult|Choice Scarf|[from] move: Knock Off|[of] p1a: Tornadus\n|\n|upkeep\n|turn|16\n|\n|t:|1659008551\n|move|p2a: Dragapult|Draco Meteor|p1a: Tornadus\n|-damage|p1a: Tornadus|34\/100\n|-unboost|p2a: Dragapult|spa|2\n|move|p1a: Tornadus|Knock Off|p2a: Dragapult\n|-supereffective|p2a: Dragapult\n|-damage|p2a: Dragapult|15\/100\n|\n|upkeep\n|turn|17\n|\n|t:|1659008558\n|move|p2a: Dragapult|U-turn|p1a: Tornadus\n|-resisted|p1a: Tornadus\n|-crit|p1a: Tornadus\n|-damage|p1a: Tornadus|21\/100\n|\n|t:|1659008561\n|switch|p2a: Slowbro|Slowbro, F, shiny|87\/100|[from]move: U-turn\n|move|p1a: Tornadus|U-turn|p2a: Slowbro\n|-supereffective|p2a: Slowbro\n|-damage|p2a: Slowbro|69\/100\n|-damage|p1a: Tornadus|4\/100|[from] item: Rocky Helmet|[of] p2a: Slowbro\n|\n|t:|1659008566\n|switch|p1a: Tapu Lele|Tapu Lele|100\/100|[from]move: U-turn\n|-fieldstart|move: Psychic Terrain|[from] ability: Psychic Surge|[of] p1a: Tapu Lele\n|\n|upkeep\n|turn|18\n|\n|t:|1659008571\n|move|p1a: Tapu Lele|Future Sight|p2a: Slowbro\n|-start|p1a: Tapu Lele|move: Future Sight\n|move|p2a: Slowbro|Teleport|p2a: Slowbro\n|\n|t:|1659008574\n|switch|p2a: Dragapult|Dragapult, M|15\/100|[from]move: Teleport\n|\n|upkeep\n|turn|19\n|\n|t:|1659008580\n|switch|p1a: Ferrothorn|Ferrothorn, M|55\/100\n|move|p2a: Dragapult|Shadow Ball|p1a: Ferrothorn\n|-damage|p1a: Ferrothorn|24\/100\n|\n|upkeep\n|turn|20\n|\n|t:|1659008583\n|move|p2a: Dragapult|Shadow Ball|p1a: Ferrothorn\n|-damage|p1a: Ferrothorn|0 fnt\n|faint|p1a: Ferrothorn\n|\n|-end|p2a: Dragapult|move: Future Sight\n|-damage|p2a: Dragapult|0 fnt\n|faint|p2a: Dragapult\n|upkeep\n|\n|t:|1659008591\n|switch|p2a: Urshifu|Urshifu-Rapid-Strike, M|100\/100\n|switch|p1a: Dragapult|Dragapult, F|100\/100\n|turn|21\n|\n|t:|1659008594\n|move|p1a: Dragapult|Shadow Ball|p2a: Urshifu\n|-damage|p2a: Urshifu|25\/100\n|-unboost|p2a: Urshifu|spd|1\n|move|p2a: Urshifu|Surging Strikes|p1a: Dragapult\n|-resisted|p1a: Dragapult\n|-crit|p1a: Dragapult\n|-damage|p1a: Dragapult|80\/100\n|-resisted|p1a: Dragapult\n|-crit|p1a: Dragapult\n|-damage|p1a: Dragapult|59\/100\n|-resisted|p1a: Dragapult\n|-crit|p1a: Dragapult\n|-damage|p1a: Dragapult|40\/100\n|-hitcount|p1a: Dragapult|3\n|\n|-fieldend|move: Psychic Terrain\n|upkeep\n|turn|22\n|\n|t:|1659008598\n|move|p1a: Dragapult|Shadow Ball|p2a: Urshifu\n|-damage|p2a: Urshifu|0 fnt\n|faint|p2a: Urshifu\n|\n|upkeep\n|\n|t:|1659008600\n|switch|p2a: \u706b\u795e\u55ef\u554a~|Volcarona, F, shiny|100\/100\n|turn|23\n|\n|t:|1659008602\n|move|p1a: Dragapult|Shadow Ball|p2a: \u706b\u795e\u55ef\u554a~\n|-damage|p2a: \u706b\u795e\u55ef\u554a~|45\/100\n|move|p2a: \u706b\u795e\u55ef\u554a~|Quiver Dance|p2a: \u706b\u795e\u55ef\u554a~\n|-boost|p2a: \u706b\u795e\u55ef\u554a~|spa|1\n|-boost|p2a: \u706b\u795e\u55ef\u554a~|spd|1\n|-boost|p2a: \u706b\u795e\u55ef\u554a~|spe|1\n|\n|upkeep\n|turn|24\n|\n|t:|1659008607\n|move|p2a: \u706b\u795e\u55ef\u554a~|Psychic|p1a: Dragapult\n|-damage|p1a: Dragapult|0 fnt\n|faint|p1a: Dragapult\n|\n|upkeep\n|\n|t:|1659008609\n|switch|p1a: Landorus|Landorus-Therian, M|99\/100\n|-ability|p1a: Landorus|Intimidate|boost\n|-unboost|p2a: \u706b\u795e\u55ef\u554a~|atk|1\n|turn|25\n|\n|t:|1659008613\n|move|p2a: \u706b\u795e\u55ef\u554a~|Fire Blast|p1a: Landorus\n|-damage|p1a: Landorus|30\/100\n|move|p1a: Landorus|Earthquake|p2a: \u706b\u795e\u55ef\u554a~\n|-crit|p2a: \u706b\u795e\u55ef\u554a~\n|-damage|p2a: \u706b\u795e\u55ef\u554a~|0 fnt\n|faint|p2a: \u706b\u795e\u55ef\u554a~\n|\n|-heal|p1a: Landorus|36\/100|[from] item: Leftovers\n|upkeep\n|-message|LT91BB EDG forfeited.\n|\n|win|himynametay\n|raw|himynametay's rating: 1492 &rarr; <strong>1512<\/strong><br \/>(+20 for winning)\n|raw|LT91BB EDG's rating: 1500 &rarr; <strong>1480<\/strong><br \/>(-20 for losing)\n|l|\u2606LT91BB EDG\n|l|\u203dhimynametay\n|j|\u203dhimynametay\n|player|p1|himynametay|elesa\n","uploadtime":1659008624,"views":15,"p1id":"himynametay","p2id":"lt91bbedg","formatid":"gen8ou","rating":1480,"private":0,"password":null}