{"id":"gen8nationaldex-1682527304","p1":"toonarctozolt","p2":"SilvReaper","format":"gen8nationaldex","log":"|j|\u2606toonarctozolt\n|j|\u2606SilvReaper\n|t:|1665432578\n|gametype|singles\n|player|p1|toonarctozolt|youngster-gen4dp|1000\n|player|p2|SilvReaper|colress|1000\n|teamsize|p1|6\n|teamsize|p2|6\n|gen|8\n|tier|[Gen 8] National Dex\n|rated|\n|rule|HP Percentage Mod: HP is shown in percentages\n|rule|Endless Battle Clause: Forcing endless battles is banned\n|rule|OHKO Clause: OHKO moves are banned\n|rule|Evasion Moves Clause: Evasion moves are banned\n|rule|Species Clause: Limit one of each Pok\u00e9mon\n|rule|Dynamax Clause: You cannot dynamax\n|rule|Sleep Clause Mod: Limit one foe put to sleep\n|clearpoke\n|poke|p1|Gengar, F|\n|poke|p1|Staraptor, F|\n|poke|p1|Ribombee, M|\n|poke|p1|Gardevoir, F|\n|poke|p1|Celesteela|\n|poke|p1|Garchomp, F|\n|poke|p2|Magnezone|\n|poke|p2|Klinklang|\n|poke|p2|Beheeyem, M|\n|poke|p2|Metagross|\n|poke|p2|Porygon-Z|\n|poke|p2|Muk-Alola, M|\n|teampreview\n|\n|t:|1665432605\n|start\n|switch|p1a: Gengar|Gengar, F|100\/100\n|switch|p2a: Muk|Muk-Alola, M|100\/100\n|turn|1\n|\n|t:|1665432615\n|move|p2a: Muk|Shadow Sneak|p1a: Gengar\n|-supereffective|p1a: Gengar\n|-damage|p1a: Gengar|49\/100\n|-start|p2a: Muk|Disable|Shadow Sneak|[from] ability: Cursed Body|[of] p1a: Gengar\n|move|p1a: Gengar|Substitute|p1a: Gengar\n|-start|p1a: Gengar|Substitute\n|-damage|p1a: Gengar|24\/100\n|\n|upkeep\n|turn|2\n|\n|t:|1665432626\n|-zpower|p1a: Gengar\n|move|p1a: Gengar|All-Out Pummeling|p2a: Muk|[zeffect]\n|-damage|p2a: Muk|44\/100\n|-enditem|p2a: Muk|Liechi Berry|[eat]\n|-boost|p2a: Muk|atk|1|[from] item: Liechi Berry\n|move|p2a: Muk|Stone Edge|p1a: Gengar\n|-end|p1a: Gengar|Substitute\n|\n|upkeep\n|turn|3\n|\n|t:|1665432639\n|switch|p1a: Garchomp|Garchomp, F|100\/100\n|move|p2a: Muk|Crunch|p1a: Garchomp\n|-damage|p1a: Garchomp|61\/100\n|-damage|p2a: Muk|31\/100|[from] ability: Rough Skin|[of] p1a: Garchomp\n|-damage|p2a: Muk|15\/100|[from] item: Rocky Helmet|[of] p1a: Garchomp\n|\n|upkeep\n|turn|4\n|\n|t:|1665432663\n|switch|p2a: Porygon-Z|Porygon-Z|100\/100\n|move|p1a: Garchomp|Stealth Rock|p2a: Porygon-Z\n|-sidestart|p2: SilvReaper|move: Stealth Rock\n|\n|upkeep\n|turn|5\n|\n|t:|1665432670\n|move|p1a: Garchomp|Toxic|p2a: Porygon-Z|[miss]\n|-miss|p1a: Garchomp|p2a: Porygon-Z\n|move|p2a: Porygon-Z|Ice Beam|p1a: Garchomp\n|-supereffective|p1a: Garchomp\n|-damage|p1a: Garchomp|0 fnt\n|faint|p1a: Garchomp\n|\n|upkeep\n|\n|t:|1665432680\n|switch|p1a: Staraptor|Staraptor, F|100\/100\n|turn|6\n|\n|t:|1665432684\n|move|p1a: Staraptor|Close Combat|p2a: Porygon-Z\n|-supereffective|p2a: Porygon-Z\n|-damage|p2a: Porygon-Z|1\/100\n|-unboost|p1a: Staraptor|def|1\n|-unboost|p1a: Staraptor|spd|1\n|move|p2a: Porygon-Z|Charge Beam|p1a: Staraptor\n|-supereffective|p1a: Staraptor\n|-damage|p1a: Staraptor|0 fnt\n|-boost|p2a: Porygon-Z|spa|1\n|faint|p1a: Staraptor\n|\n|upkeep\n|\n|t:|1665432706\n|switch|p1a: Ribombee|Ribombee, M|100\/100\n|turn|7\n|\n|t:|1665432717\n|move|p1a: Ribombee|Sticky Web|p2a: Porygon-Z\n|-sidestart|p2: SilvReaper|move: Sticky Web\n|move|p2a: Porygon-Z|Ice Beam|p1a: Ribombee\n|-damage|p1a: Ribombee|11\/100\n|\n|upkeep\n|turn|8\n|\n|t:|1665432724\n|move|p1a: Ribombee|U-turn|p2a: Porygon-Z\n|-damage|p2a: Porygon-Z|0 fnt\n|faint|p2a: Porygon-Z\n|\n|t:|1665432731\n|switch|p1a: Gengar|Gengar, F|24\/100|[from]move: U-turn\n|\n|upkeep\n|\n|t:|1665432747\n|switch|p2a: Beheeyem|Beheeyem, M|100\/100\n|-damage|p2a: Beheeyem|88\/100|[from] Stealth Rock\n|-activate|p2a: Beheeyem|move: Sticky Web\n|-unboost|p2a: Beheeyem|spe|1\n|turn|9\n|\n|t:|1665432767\n|move|p1a: Gengar|Shadow Ball|p2a: Beheeyem\n|-supereffective|p2a: Beheeyem\n|-damage|p2a: Beheeyem|6\/100\n|move|p2a: Beheeyem|Calm Mind|p2a: Beheeyem\n|-boost|p2a: Beheeyem|spa|1\n|-boost|p2a: Beheeyem|spd|1\n|\n|-heal|p2a: Beheeyem|12\/100|[from] item: Leftovers\n|upkeep\n|turn|10\n|\n|t:|1665432777\n|move|p1a: Gengar|Shadow Ball|p2a: Beheeyem\n|-supereffective|p2a: Beheeyem\n|-damage|p2a: Beheeyem|0 fnt\n|faint|p2a: Beheeyem\n|\n|upkeep\n|\n|t:|1665432793\n|switch|p2a: Magnezone|Magnezone|100\/100\n|-damage|p2a: Magnezone|94\/100|[from] Stealth Rock\n|-activate|p2a: Magnezone|move: Sticky Web\n|-unboost|p2a: Magnezone|spe|1\n|turn|11\n|\n|t:|1665432820\n|move|p1a: Gengar|Focus Blast|p2a: Magnezone\n|-supereffective|p2a: Magnezone\n|-damage|p2a: Magnezone|37\/100\n|move|p2a: Magnezone|Volt Switch|p1a: Gengar\n|-damage|p1a: Gengar|0 fnt\n|faint|p1a: Gengar\n|\n|t:|1665432828\n|switch|p2a: Klinklang|Klinklang|100\/100|[from]move: Volt Switch\n|-damage|p2a: Klinklang|94\/100|[from] Stealth Rock\n|-item|p2a: Klinklang|Air Balloon\n|\n|upkeep\n|\n|t:|1665432838\n|switch|p1a: Celesteela|Celesteela|100\/100\n|turn|12\n|\n|t:|1665432855\n|move|p2a: Klinklang|Wild Charge|p1a: Celesteela\n|-supereffective|p1a: Celesteela\n|-damage|p1a: Celesteela|52\/100\n|-damage|p2a: Klinklang|76\/100|[from] Recoil\n|move|p1a: Celesteela|Flamethrower|p2a: Klinklang\n|-supereffective|p2a: Klinklang\n|-damage|p2a: Klinklang|14\/100\n|-status|p2a: Klinklang|brn\n|-enditem|p2a: Klinklang|Air Balloon\n|\n|-heal|p1a: Celesteela|58\/100|[from] item: Leftovers\n|-damage|p2a: Klinklang|8\/100 brn|[from] brn\n|upkeep\n|turn|13\n|\n|t:|1665432867\n|switch|p1a: Ribombee|Ribombee, M|11\/100\n|move|p2a: Klinklang|Wild Charge|p1a: Ribombee\n|-damage|p1a: Ribombee|0 fnt\n|faint|p1a: Ribombee\n|-damage|p2a: Klinklang|5\/100 brn|[from] Recoil\n|\n|-damage|p2a: Klinklang|0 fnt|[from] brn\n|faint|p2a: Klinklang\n|upkeep\n|\n|t:|1665432879\n|switch|p1a: Gardevoir|Gardevoir, F|100\/100\n|switch|p2a: Magnezone|Magnezone|37\/100\n|-ability|p1a: Gardevoir|Analytic|[from] ability: Trace|[of] p2a: Magnezone\n|-damage|p2a: Magnezone|31\/100|[from] Stealth Rock\n|-activate|p2a: Magnezone|move: Sticky Web\n|-unboost|p2a: Magnezone|spe|1\n|turn|14\n|inactive|Battle timer is ON: inactive players will automatically lose when time's up. (requested by SilvReaper)\n|inactive|toonarctozolt has 120 seconds left.\n|inactive|toonarctozolt has 90 seconds left.\n|inactive|toonarctozolt has 60 seconds left.\n|inactive|toonarctozolt has 30 seconds left.\n|inactive|toonarctozolt has 20 seconds left.\n|\n|t:|1665433061\n|detailschange|p1a: Gardevoir|Gardevoir-Mega, F\n|-mega|p1a: Gardevoir|Gardevoir|Gardevoirite\n|move|p1a: Gardevoir|Focus Blast|p2a: Magnezone\n|-supereffective|p2a: Magnezone\n|-damage|p2a: Magnezone|0 fnt\n|faint|p2a: Magnezone\n|\n|upkeep\n|\n|t:|1665433080\n|switch|p2a: Metagross|Metagross|100\/100\n|-damage|p2a: Metagross|94\/100|[from] Stealth Rock\n|-activate|p2a: Metagross|move: Sticky Web\n|-fail|p2a: Metagross|unboost|[from] ability: Clear Body|[of] p2a: Metagross\n|turn|15\n|inactive|toonarctozolt has 90 seconds left.\n|inactive|toonarctozolt has 60 seconds left.\n|inactive|toonarctozolt has 30 seconds left.\n|\n|t:|1665433152\n|switch|p1a: Celesteela|Celesteela|58\/100\n|move|p2a: Metagross|Meteor Mash|p1a: Celesteela\n|-resisted|p1a: Celesteela\n|-damage|p1a: Celesteela|35\/100\n|-boost|p2a: Metagross|atk|1\n|\n|-heal|p1a: Celesteela|41\/100|[from] item: Leftovers\n|upkeep\n|turn|16\n|inactive|toonarctozolt has 30 seconds left.\n|inactive|toonarctozolt has 20 seconds left.\n|inactive|toonarctozolt has 15 seconds left.\n|inactive|toonarctozolt has 10 seconds left.\n|\n|t:|1665433179\n|move|p2a: Metagross|Rock Slide|p1a: Celesteela\n|-damage|p1a: Celesteela|2\/100\n|move|p1a: Celesteela|Flamethrower|p2a: Metagross\n|-supereffective|p2a: Metagross\n|-damage|p2a: Metagross|45\/100\n|\n|-heal|p1a: Celesteela|8\/100|[from] item: Leftovers\n|upkeep\n|turn|17\n|inactive|toonarctozolt has 20 seconds left this turn.\n|inactive|toonarctozolt has 15 seconds left.\n|\n|t:|1665433189\n|move|p2a: Metagross|Meteor Mash|p1a: Celesteela\n|-resisted|p1a: Celesteela\n|-crit|p1a: Celesteela\n|-damage|p1a: Celesteela|0 fnt\n|faint|p1a: Celesteela\n|\n|upkeep\n|inactive|toonarctozolt has 20 seconds left this turn.\n|\n|t:|1665433191\n|switch|p1a: Gardevoir|Gardevoir-Mega, F|100\/100\n|turn|18\n|inactive|toonarctozolt has 30 seconds left this turn.\n|inactive|toonarctozolt has 20 seconds left.\n|inactive|toonarctozolt has 15 seconds left.\n|\n|t:|1665433208\n|move|p1a: Gardevoir|Focus Blast|p2a: Metagross|[miss]\n|-miss|p1a: Gardevoir|p2a: Metagross\n|move|p2a: Metagross|Meteor Mash|p1a: Gardevoir\n|-supereffective|p1a: Gardevoir\n|-damage|p1a: Gardevoir|0 fnt\n|faint|p1a: Gardevoir\n|\n|win|SilvReaper\n|inactive|toonarctozolt has 20 seconds left this turn.\n|raw|toonarctozolt's rating: 1000 &rarr; <strong>1000<\/strong><br \/>(+0 for losing)\n|raw|SilvReaper's rating: 1000 &rarr; <strong>1040<\/strong><br \/>(+40 for winning)\n||Ladder isn't responding, score probably updated but might not have (Request timeout).\n","uploadtime":1665433263,"views":3,"p1id":"toonarctozolt","p2id":"silvreaper","formatid":"gen8nationaldex","rating":1000,"private":0,"password":null}