{"id":"gen8nationaldex-1449589917","p1":"Hikari-miyako","p2":"Espana3411","format":"gen8nationaldex","log":"|j|\u2606Hikari-miyako\n|j|\u2606Espana3411\n|t:|1636154293\n|gametype|singles\n|player|p1|Hikari-miyako|ariana|1649\n|player|p2|Espana3411|266|1714\n|teamsize|p1|6\n|teamsize|p2|6\n|gen|8\n|tier|[Gen 8] National Dex\n|rated|\n|rule|HP Percentage Mod: HP is shown in percentages\n|rule|Endless Battle Clause: Forcing endless battles is banned\n|rule|OHKO Clause: OHKO moves are banned\n|rule|Evasion Moves Clause: Evasion moves are banned\n|rule|Species Clause: Limit one of each Pok\u00e9mon\n|rule|Dynamax Clause: You cannot dynamax\n|rule|Sleep Clause Mod: Limit one foe put to sleep\n|clearpoke\n|poke|p1|Aegislash, M|\n|poke|p1|Diancie|\n|poke|p1|Thundurus, M|\n|poke|p1|Greninja, M|\n|poke|p1|Bisharp, M|\n|poke|p1|Serperior, F|\n|poke|p2|Ditto|\n|poke|p2|Rillaboom, M|\n|poke|p2|Slowking-Galar, M|\n|poke|p2|Tapu Fini|\n|poke|p2|Blaziken, M|\n|poke|p2|Diancie|\n|teampreview\n|inactive|Battle timer is ON: inactive players will automatically lose when time's up. (requested by Hikari-miyako)\n|\n|t:|1636154313\n|start\n|switch|p1a: Bisharp|Bisharp, M|100\/100\n|switch|p2a: Rillaboom|Rillaboom, M|100\/100\n|-fieldstart|move: Grassy Terrain|[from] ability: Grassy Surge|[of] p2a: Rillaboom\n|turn|1\n|\n|t:|1636154319\n|move|p2a: Rillaboom|U-turn|p1a: Bisharp\n|-damage|p1a: Bisharp|58\/100\n|inactive|Espana3411 has 120 seconds left.\n|\n|t:|1636154355\n|switch|p2a: Diancie|Diancie|100\/100|[from]move: U-turn\n|move|p1a: Bisharp|Stealth Rock|p2a: Diancie\n|-sidestart|p2: Espana3411|move: Stealth Rock\n|\n|-heal|p1a: Bisharp|64\/100|[from] Grassy Terrain\n|upkeep\n|turn|2\n|\n|t:|1636154363\n|switch|p1a: Thundurus|Thundurus, M|100\/100\n|detailschange|p2a: Diancie|Diancie-Mega\n|-mega|p2a: Diancie|Diancie|Diancite\n|move|p2a: Diancie|Mystical Fire|p1a: Thundurus\n|-damage|p1a: Thundurus|67\/100\n|-unboost|p1a: Thundurus|spa|1\n|\n|upkeep\n|turn|3\n|\n|t:|1636154370\n|switch|p1a: Diancie|Diancie|100\/100\n|move|p2a: Diancie|Diamond Storm|p1a: Diancie\n|-damage|p1a: Diancie|38\/100\n|-boost|p2a: Diancie|def|2\n|\n|-heal|p1a: Diancie|44\/100|[from] Grassy Terrain\n|upkeep\n|turn|4\n|inactive|Espana3411 has 120 seconds left.\n|\n|t:|1636154399\n|switch|p2a: Slowking|Slowking-Galar, M|100\/100\n|-damage|p2a: Slowking|88\/100|[from] Stealth Rock\n|detailschange|p1a: Diancie|Diancie-Mega\n|-mega|p1a: Diancie|Diancie|Diancite\n|move|p1a: Diancie|Earth Power|p2a: Slowking\n|-supereffective|p2a: Slowking\n|-damage|p2a: Slowking|46\/100\n|\n|-heal|p1a: Diancie|51\/100|[from] Grassy Terrain\n|-heal|p2a: Slowking|53\/100|[from] Grassy Terrain\n|upkeep\n|turn|5\n|\n|t:|1636154407\n|move|p1a: Diancie|Diamond Storm|p2a: Slowking|[miss]\n|-miss|p1a: Diancie|p2a: Slowking\n|move|p2a: Slowking|Future Sight|p1a: Diancie\n|-start|p2a: Slowking|move: Future Sight\n|\n|-heal|p1a: Diancie|57\/100|[from] Grassy Terrain\n|-heal|p2a: Slowking|59\/100|[from] Grassy Terrain\n|-fieldend|move: Grassy Terrain\n|upkeep\n|turn|6\n|\n|t:|1636154412\n|switch|p2a: Rillaboom|Rillaboom, M|100\/100\n|-damage|p2a: Rillaboom|88\/100|[from] Stealth Rock\n|-fieldstart|move: Grassy Terrain|[from] ability: Grassy Surge|[of] p2a: Rillaboom\n|move|p1a: Diancie|Diamond Storm|p2a: Rillaboom\n|-crit|p2a: Rillaboom\n|-damage|p2a: Rillaboom|16\/100\n|-boost|p1a: Diancie|def|2\n|\n|-heal|p1a: Diancie|63\/100|[from] Grassy Terrain\n|-heal|p2a: Rillaboom|22\/100|[from] Grassy Terrain\n|upkeep\n|turn|7\n|\n|t:|1636154416\n|switch|p1a: Aegislash|Aegislash, M|100\/100\n|move|p2a: Rillaboom|Grassy Glide|p1a: Aegislash\n|-resisted|p1a: Aegislash\n|-damage|p1a: Aegislash|69\/100\n|\n|-end|p1a: Aegislash|move: Future Sight\n|-resisted|p1a: Aegislash\n|-damage|p1a: Aegislash|46\/100\n|-heal|p2a: Rillaboom|28\/100|[from] Grassy Terrain\n|-heal|p1a: Aegislash|52\/100|[from] Grassy Terrain\n|upkeep\n|turn|8\n|\n|t:|1636154436\n|switch|p2a: Tapu Fini|Tapu Fini|100\/100\n|-damage|p2a: Tapu Fini|88\/100|[from] Stealth Rock\n|-fieldstart|move: Misty Terrain|[from] ability: Misty Surge|[of] p2a: Tapu Fini\n|-formechange|p1a: Aegislash|Aegislash-Blade||[from] ability: Stance Change\n|move|p1a: Aegislash|Shadow Ball|p2a: Tapu Fini\n|-damage|p2a: Tapu Fini|52\/100\n|\n|-heal|p2a: Tapu Fini|58\/100|[from] item: Leftovers\n|upkeep\n|turn|9\n|\n|t:|1636154440\n|-formechange|p1a: Aegislash|Aegislash||[from] ability: Stance Change\n|move|p1a: Aegislash|King's Shield|p1a: Aegislash\n|-singleturn|p1a: Aegislash|Protect\n|move|p2a: Tapu Fini|Surf|p1a: Aegislash\n|-activate|p1a: Aegislash|move: Protect\n|\n|-heal|p2a: Tapu Fini|64\/100|[from] item: Leftovers\n|upkeep\n|turn|10\n|\n|t:|1636154444\n|switch|p1a: Serperior|Serperior, F|100\/100\n|move|p2a: Tapu Fini|Surf|p1a: Serperior\n|-resisted|p1a: Serperior\n|-damage|p1a: Serperior|83\/100\n|\n|-heal|p2a: Tapu Fini|70\/100|[from] item: Leftovers\n|upkeep\n|turn|11\n|\n|t:|1636154461\n|switch|p2a: Slowking|Slowking-Galar, M|92\/100\n|-damage|p2a: Slowking|79\/100|[from] Stealth Rock\n|move|p1a: Serperior|Leaf Storm|p2a: Slowking\n|-resisted|p2a: Slowking\n|-crit|p2a: Slowking\n|-damage|p2a: Slowking|58\/100\n|-boost|p1a: Serperior|spa|2\n|\n|upkeep\n|turn|12\n|\n|t:|1636154464\n|switch|p1a: Bisharp|Bisharp, M|64\/100\n|move|p2a: Slowking|Sludge Bomb|p1a: Bisharp\n|-immune|p1a: Bisharp\n|\n|-fieldend|Misty Terrain\n|upkeep\n|turn|13\n|\n|t:|1636154468\n|switch|p2a: Tapu Fini|Tapu Fini|70\/100\n|-damage|p2a: Tapu Fini|58\/100|[from] Stealth Rock\n|-fieldstart|move: Misty Terrain|[from] ability: Misty Surge|[of] p2a: Tapu Fini\n|move|p1a: Bisharp|Knock Off|p2a: Tapu Fini\n|-resisted|p2a: Tapu Fini\n|-damage|p2a: Tapu Fini|40\/100\n|-enditem|p2a: Tapu Fini|Leftovers|[from] move: Knock Off|[of] p1a: Bisharp\n|\n|upkeep\n|turn|14\n|\n|t:|1636154472\n|switch|p1a: Aegislash|Aegislash, M|52\/100\n|move|p2a: Tapu Fini|Draining Kiss|p1a: Aegislash\n|-resisted|p1a: Aegislash\n|-damage|p1a: Aegislash|46\/100\n|-heal|p2a: Tapu Fini|45\/100|[from] drain|[of] p1a: Aegislash\n|\n|upkeep\n|turn|15\n|\n|t:|1636154485\n|move|p2a: Tapu Fini|Surf|p1a: Aegislash\n|-damage|p1a: Aegislash|22\/100\n|-formechange|p1a: Aegislash|Aegislash-Blade||[from] ability: Stance Change\n|move|p1a: Aegislash|Shadow Ball|p2a: Tapu Fini\n|-crit|p2a: Tapu Fini\n|-damage|p2a: Tapu Fini|0 fnt\n|faint|p2a: Tapu Fini\n|\n|upkeep\n|\n|t:|1636154498\n|switch|p2a: Diancie|Diancie-Mega|100\/100\n|-damage|p2a: Diancie|88\/100|[from] Stealth Rock\n|turn|16\n|\n|t:|1636154503\n|move|p1a: Aegislash|Shadow Sneak|p2a: Diancie\n|-damage|p2a: Diancie|63\/100\n|move|p2a: Diancie|Mystical Fire|p1a: Aegislash\n|-supereffective|p1a: Aegislash\n|-damage|p1a: Aegislash|0 fnt\n|faint|p1a: Aegislash\n|\n|upkeep\n|\n|t:|1636154506\n|switch|p1a: Greninja|Greninja, M|100\/100\n|turn|17\n|\n|t:|1636154514\n|switch|p2a: Slowking|Slowking-Galar, M|91\/100\n|-damage|p2a: Slowking|79\/100|[from] Stealth Rock\n|move|p1a: Greninja|U-turn|p2a: Slowking\n|-damage|p2a: Slowking|62\/100\n|\n|t:|1636154517\n|switch|p1a: Bisharp|Bisharp, M|64\/100|[from]move: U-turn\n|\n|-fieldend|Misty Terrain\n|upkeep\n|turn|18\n|inactive|Espana3411 has 120 seconds left.\n|j| TheSlackAttack\n|\n|t:|1636154560\n|switch|p2a: Diancie|Diancie-Mega|63\/100\n|-damage|p2a: Diancie|50\/100|[from] Stealth Rock\n|move|p1a: Bisharp|Iron Head|p2a: Diancie\n|-supereffective|p2a: Diancie\n|-damage|p2a: Diancie|0 fnt\n|faint|p2a: Diancie\n|\n|upkeep\n|\n|t:|1636154563\n|switch|p2a: Blaziken|Blaziken, M|100\/100\n|-damage|p2a: Blaziken|88\/100|[from] Stealth Rock\n|turn|19\n|inactive|Espana3411 has 120 seconds left.\n|\n|t:|1636154570\n|switch|p1a: Thundurus|Thundurus, M|67\/100\n|move|p2a: Blaziken|Flare Blitz|p1a: Thundurus\n|-damage|p1a: Thundurus|0 fnt\n|faint|p1a: Thundurus\n|-damage|p2a: Blaziken|66\/100|[from] Recoil\n|\n|-ability|p2a: Blaziken|Speed Boost|boost\n|-boost|p2a: Blaziken|spe|1\n|upkeep\n|\n|t:|1636154572\n|switch|p1a: Greninja|Greninja, M|100\/100\n|turn|20\n|\n|t:|1636154577\n|move|p2a: Blaziken|Protect|p2a: Blaziken\n|-singleturn|p2a: Blaziken|Protect\n|move|p1a: Greninja|Water Shuriken|p2a: Blaziken\n|-activate|p2a: Blaziken|move: Protect\n|\n|-ability|p2a: Blaziken|Speed Boost|boost\n|-boost|p2a: Blaziken|spe|1\n|upkeep\n|turn|21\n|\n|t:|1636154581\n|switch|p2a: Slowking|Slowking-Galar, M|95\/100\n|-damage|p2a: Slowking|83\/100|[from] Stealth Rock\n|move|p1a: Greninja|Water Shuriken|p2a: Slowking\n|-damage|p2a: Slowking|77\/100\n|-damage|p2a: Slowking|73\/100\n|-damage|p2a: Slowking|67\/100\n|-hitcount|p2a: Slowking|3\n|\n|upkeep\n|turn|22\n|\n|t:|1636154585\n|switch|p1a: Diancie|Diancie-Mega|63\/100\n|move|p2a: Slowking|Focus Blast|p1a: Diancie\n|-damage|p1a: Diancie|11\/100\n|\n|upkeep\n|turn|23\n|\n|t:|1636154593\n|move|p1a: Diancie|Diamond Storm|p2a: Slowking\n|-damage|p2a: Slowking|12\/100\n|move|p2a: Slowking|Sludge Bomb|p1a: Diancie\n|-damage|p1a: Diancie|0 fnt\n|faint|p1a: Diancie\n|\n|upkeep\n|\n|t:|1636154597\n|switch|p1a: Greninja|Greninja, M|100\/100\n|turn|24\n|\n|t:|1636154602\n|switch|p2a: Ditto|Ditto|100\/100\n|-damage|p2a: Ditto|88\/100|[from] Stealth Rock\n|-transform|p2a: Ditto|p1a: Greninja|[from] ability: Imposter\n|move|p1a: Greninja|Dark Pulse|p2a: Ditto\n|-resisted|p2a: Ditto\n|-damage|p2a: Ditto|46\/100\n|\n|upkeep\n|turn|25\n|\n|t:|1636154608\n|switch|p1a: Bisharp|Bisharp, M|64\/100\n|move|p2a: Ditto|U-turn|p1a: Bisharp\n|-damage|p1a: Bisharp|49\/100\n|inactive|Espana3411 has 120 seconds left.\n|l| TheSlackAttack\n|\n|t:|1636154661\n|switch|p2a: Blaziken|Blaziken, M|66\/100|[from]move: U-turn\n|-damage|p2a: Blaziken|54\/100|[from] Stealth Rock\n|\n|upkeep\n|turn|26\n|\n|t:|1636154664\n|move|p1a: Bisharp|Sucker Punch|p2a: Blaziken\n|-resisted|p2a: Blaziken\n|-crit|p2a: Blaziken\n|-damage|p2a: Blaziken|10\/100\n|move|p2a: Blaziken|Close Combat|p1a: Bisharp\n|-supereffective|p1a: Bisharp\n|-damage|p1a: Bisharp|0 fnt\n|-unboost|p2a: Blaziken|def|1\n|-unboost|p2a: Blaziken|spd|1\n|faint|p1a: Bisharp\n|\n|-ability|p2a: Blaziken|Speed Boost|boost\n|-boost|p2a: Blaziken|spe|1\n|upkeep\n|\n|t:|1636154667\n|switch|p1a: Greninja|Greninja, M|100\/100\n|turn|27\n|inactive|Espana3411 has 120 seconds left.\n|\n|t:|1636154679\n|switch|p2a: Slowking|Slowking-Galar, M|45\/100\n|-damage|p2a: Slowking|33\/100|[from] Stealth Rock\n|move|p1a: Greninja|Water Shuriken|p2a: Slowking\n|-damage|p2a: Slowking|27\/100\n|-damage|p2a: Slowking|22\/100\n|-hitcount|p2a: Slowking|2\n|\n|upkeep\n|turn|28\n|\n|t:|1636154683\n|switch|p2a: Blaziken|Blaziken, M|10\/100\n|-damage|p2a: Blaziken|0 fnt|[from] Stealth Rock\n|faint|p2a: Blaziken\n|move|p1a: Greninja|Water Shuriken|p2: Blaziken|[notarget]\n|-fail|p1a: Greninja\n|\n|upkeep\n|\n|t:|1636154686\n|switch|p2a: Slowking|Slowking-Galar, M|55\/100\n|-damage|p2a: Slowking|43\/100|[from] Stealth Rock\n|turn|29\n|\n|t:|1636154688\n|switch|p1a: Serperior|Serperior, F|83\/100\n|move|p2a: Slowking|Sludge Bomb|p1a: Serperior\n|-supereffective|p1a: Serperior\n|-damage|p1a: Serperior|0 fnt\n|faint|p1a: Serperior\n|\n|upkeep\n|\n|t:|1636154691\n|switch|p1a: Greninja|Greninja, M|100\/100\n|turn|30\n|\n|t:|1636154694\n|move|p1a: Greninja|Water Shuriken|p2a: Slowking\n|-damage|p2a: Slowking|37\/100\n|-damage|p2a: Slowking|32\/100\n|-damage|p2a: Slowking|27\/100\n|-damage|p2a: Slowking|21\/100\n|-hitcount|p2a: Slowking|4\n|move|p2a: Slowking|Sludge Bomb|p1a: Greninja\n|-damage|p1a: Greninja|23\/100\n|\n|upkeep\n|turn|31\n|\n|t:|1636154697\n|move|p1a: Greninja|Water Shuriken|p2a: Slowking\n|-damage|p2a: Slowking|16\/100\n|-damage|p2a: Slowking|11\/100\n|-damage|p2a: Slowking|6\/100\n|-damage|p2a: Slowking|0 fnt\n|faint|p2a: Slowking\n|-activate|p1a: Greninja|ability: Battle Bond\n|detailschange|p1a: Greninja|Greninja-Ash, M\n|-hitcount|p2: Slowking|4\n|\n|upkeep\n|\n|t:|1636154700\n|switch|p2a: Ditto|Ditto|46\/100\n|-damage|p2a: Ditto|34\/100|[from] Stealth Rock\n|-transform|p2a: Ditto|p1a: Greninja|[from] ability: Imposter\n|turn|32\n|\n|t:|1636154703\n|move|p2a: Ditto|Water Shuriken|p1a: Greninja\n|-resisted|p1a: Greninja\n|-damage|p1a: Greninja|16\/100\n|-resisted|p1a: Greninja\n|-damage|p1a: Greninja|10\/100\n|-hitcount|p1a: Greninja|2\n|move|p1a: Greninja|Water Shuriken|p2a: Ditto\n|-resisted|p2a: Ditto\n|-damage|p2a: Ditto|19\/100\n|-resisted|p2a: Ditto\n|-damage|p2a: Ditto|5\/100\n|-resisted|p2a: Ditto\n|-damage|p2a: Ditto|0 fnt\n|faint|p2a: Ditto\n|-hitcount|p2: Ditto|3\n|\n|upkeep\n|j| VictiniIsKami\n|\n|t:|1636154707\n|switch|p2a: Rillaboom|Rillaboom, M|28\/100\n|-damage|p2a: Rillaboom|16\/100|[from] Stealth Rock\n|-fieldstart|move: Grassy Terrain|[from] ability: Grassy Surge|[of] p2a: Rillaboom\n|turn|33\n|\n|t:|1636154710\n|move|p1a: Greninja|Water Shuriken|p2a: Rillaboom\n|-resisted|p2a: Rillaboom\n|-damage|p2a: Rillaboom|7\/100\n|-resisted|p2a: Rillaboom\n|-damage|p2a: Rillaboom|0 fnt\n|faint|p2a: Rillaboom\n|-hitcount|p2: Rillaboom|2\n|\n|win|Hikari-miyako\n|raw|Hikari-miyako's rating: 1649 &rarr; <strong>1673<\/strong><br \/>(+24 for winning)\n|raw|Espana3411's rating: 1714 &rarr; <strong>1690<\/strong><br \/>(-24 for losing)\n|l|\u2606Espana3411\n|l|\u2606Hikari-miyako\n","uploadtime":1636154730,"views":16,"p1id":"hikarimiyako","p2id":"espana3411","formatid":"gen8nationaldex","rating":1673,"private":0,"password":null}