{"id":"gen8randombattle-1475671650","p1":"OldBoyASM","p2":"Haliax7259","format":"gen8randombattle","log":"|j|\u2606OldBoyASM\n|j|\u2606Haliax7259\n|t:|1639830387\n|gametype|singles\n|player|p1|OldBoyASM|169|1773\n|player|p2|Haliax7259|grimsley|1796\n|teamsize|p1|6\n|teamsize|p2|6\n|gen|8\n|tier|[Gen 8] Random Battle\n|rated|\n|rule|Species Clause: Limit one of each Pok\u00e9mon\n|rule|HP Percentage Mod: HP is shown in percentages\n|rule|Sleep Clause Mod: Limit one foe put to sleep\n|\n|t:|1639830387\n|start\n|switch|p1a: Hitmonchan|Hitmonchan, L86, M|226\/226\n|switch|p2a: Pyukumuku|Pyukumuku, L84, M|230\/230\n|turn|1\n|\n|t:|1639830400\n|switch|p1a: Articuno|Articuno, L84|288\/288\n|-ability|p1a: Articuno|Pressure\n|move|p2a: Pyukumuku|Toxic|p1a: Articuno\n|-status|p1a: Articuno|tox\n|\n|-damage|p1a: Articuno|270\/288 tox|[from] psn\n|upkeep\n|turn|2\n|inactive|Battle timer is ON: inactive players will automatically lose when time's up. (requested by OldBoyASM)\n|\n|t:|1639830406\n|switch|p2a: Dialga|Dialga, L74|270\/270\n|-ability|p2a: Dialga|Pressure\n|move|p1a: Articuno|Toxic|p2a: Dialga|[miss]\n|-miss|p1a: Articuno|p2a: Dialga\n|\n|-damage|p1a: Articuno|234\/288 tox|[from] psn\n|upkeep\n|turn|3\n|\n|t:|1639830411\n|move|p1a: Articuno|Heal Bell|p1a: Articuno\n|-activate|p1a: Articuno|move: Heal Bell\n|-curestatus|p1a: Articuno|tox|[msg]\n|move|p2a: Dialga|Stealth Rock|p1a: Articuno\n|-sidestart|p1: OldBoyASM|move: Stealth Rock\n|\n|upkeep\n|turn|4\n|\n|t:|1639830419\n|switch|p1a: Hitmonchan|Hitmonchan, L86, M|226\/226\n|-damage|p1a: Hitmonchan|212\/226|[from] Stealth Rock\n|move|p2a: Dialga|Flash Cannon|p1a: Hitmonchan\n|-damage|p1a: Hitmonchan|131\/226\n|\n|-heal|p1a: Hitmonchan|145\/226|[from] item: Leftovers\n|upkeep\n|turn|5\n|\n|t:|1639830423\n|switch|p2a: Slowbro|Slowbro-Galar, L86, F|304\/304\n|move|p1a: Hitmonchan|Rapid Spin|p2a: Slowbro\n|-damage|p2a: Slowbro|268\/304\n|-boost|p1a: Hitmonchan|spe|1\n|-sideend|p1: OldBoyASM|Stealth Rock|[from] move: Rapid Spin|[of] p1a: Hitmonchan\n|\n|-heal|p1a: Hitmonchan|159\/226|[from] item: Leftovers\n|upkeep\n|turn|6\n|\n|t:|1639830433\n|switch|p1a: Porygon2|Porygon2, L82|274\/274\n|-ability|p1a: Porygon2|Regenerator|[from] ability: Trace|[of] p2a: Slowbro\n|move|p2a: Slowbro|Trick|p1a: Porygon2\n|-activate|p2a: Slowbro|move: Trick|[of] p1a: Porygon2\n|-item|p1a: Porygon2|Choice Specs|[from] move: Trick\n|-item|p2a: Slowbro|Eviolite|[from] move: Trick\n|\n|upkeep\n|turn|7\n|\n|t:|1639830445\n|switch|p2a: Dialga|Dialga, L74|270\/270\n|-ability|p2a: Dialga|Pressure\n|move|p1a: Porygon2|Tri Attack|p2a: Dialga\n|-resisted|p2a: Dialga\n|-damage|p2a: Dialga|204\/270\n|\n|-heal|p2a: Dialga|220\/270|[from] item: Leftovers\n|upkeep\n|turn|8\n|\n|t:|1639830451\n|move|p2a: Dialga|Flash Cannon|p1a: Porygon2\n|-damage|p1a: Porygon2|175\/274\n|move|p1a: Porygon2|Tri Attack|p2a: Dialga\n|-resisted|p2a: Dialga\n|-damage|p2a: Dialga|160\/270\n|\n|-heal|p2a: Dialga|176\/270|[from] item: Leftovers\n|upkeep\n|turn|9\n|\n|t:|1639830455\n|move|p2a: Dialga|Flash Cannon|p1a: Porygon2\n|-damage|p1a: Porygon2|91\/274\n|move|p1a: Porygon2|Tri Attack|p2a: Dialga\n|-resisted|p2a: Dialga\n|-damage|p2a: Dialga|114\/270\n|\n|-heal|p2a: Dialga|130\/270|[from] item: Leftovers\n|upkeep\n|turn|10\n|\n|t:|1639830462\n|switch|p1a: Blacephalon|Blacephalon, L80|215\/215\n|move|p2a: Dialga|Draco Meteor|p1a: Blacephalon\n|-damage|p1a: Blacephalon|32\/215\n|-unboost|p2a: Dialga|spa|2\n|\n|-heal|p2a: Dialga|146\/270|[from] item: Leftovers\n|upkeep\n|turn|11\n|\n|t:|1639830469\n|switch|p2a: Pyukumuku|Pyukumuku, L84, M|230\/230\n|move|p1a: Blacephalon|Shadow Ball|p2a: Pyukumuku\n|-damage|p2a: Pyukumuku|123\/230\n|-damage|p1a: Blacephalon|11\/215|[from] item: Life Orb\n|\n|-heal|p2a: Pyukumuku|137\/230|[from] item: Leftovers\n|upkeep\n|turn|12\n|\n|t:|1639830479\n|switch|p1a: Porygon2|Porygon2, L82|182\/274\n|-ability|p1a: Porygon2|Unaware|[from] ability: Trace|[of] p2a: Pyukumuku\n|move|p2a: Pyukumuku|Recover|p2a: Pyukumuku\n|-heal|p2a: Pyukumuku|230\/230\n|\n|upkeep\n|turn|13\n|\n|t:|1639830485\n|move|p1a: Porygon2|Toxic|p2a: Pyukumuku\n|-status|p2a: Pyukumuku|tox\n|move|p2a: Pyukumuku|Mirror Coat||[still]\n|-fail|p2a: Pyukumuku\n|\n|-damage|p2a: Pyukumuku|216\/230 tox|[from] psn\n|upkeep\n|turn|14\n|\n|t:|1639830491\n|switch|p1a: Articuno|Articuno, L84|234\/288\n|-ability|p1a: Articuno|Pressure\n|switch|p2a: Dialga|Dialga, L74|146\/270\n|-ability|p2a: Dialga|Pressure\n|\n|-heal|p2a: Dialga|162\/270|[from] item: Leftovers\n|upkeep\n|turn|15\n|\n|t:|1639830501\n|move|p1a: Articuno|Freeze-Dry|p2a: Dialga\n|-damage|p2a: Dialga|92\/270\n|move|p2a: Dialga|Flash Cannon|p1a: Articuno\n|-supereffective|p1a: Articuno\n|-crit|p1a: Articuno\n|-damage|p1a: Articuno|22\/288\n|\n|-heal|p2a: Dialga|108\/270|[from] item: Leftovers\n|upkeep\n|turn|16\n|\n|t:|1639830509\n|switch|p1a: Slowbro|Slowbro-Galar, L86, F|304\/304\n|move|p2a: Dialga|Stealth Rock|p1a: Slowbro\n|-sidestart|p1: OldBoyASM|move: Stealth Rock\n|\n|-heal|p2a: Dialga|124\/270|[from] item: Leftovers\n|upkeep\n|turn|17\n|\n|t:|1639830517\n|switch|p2a: Slowbro|Slowbro-Galar, L86, F|304\/304\n|move|p1a: Slowbro|Psychic|p2a: Slowbro\n|-damage|p2a: Slowbro|151\/304\n|-damage|p1a: Slowbro|274\/304|[from] item: Life Orb\n|\n|upkeep\n|turn|18\n|\n|t:|1639830529\n|move|p2a: Slowbro|Psychic|p1a: Slowbro\n|-damage|p1a: Slowbro|160\/304\n|move|p1a: Slowbro|Psychic|p2a: Slowbro\n|-damage|p2a: Slowbro|0 fnt\n|faint|p2a: Slowbro\n|-damage|p1a: Slowbro|130\/304|[from] item: Life Orb\n|\n|upkeep\n|\n|t:|1639830536\n|switch|p2a: Dialga|Dialga, L74|124\/270\n|-ability|p2a: Dialga|Pressure\n|turn|19\n|\n|t:|1639830539\n|switch|p1a: Blacephalon|Blacephalon, L80|11\/215\n|-damage|p1a: Blacephalon|0 fnt|[from] Stealth Rock\n|faint|p1a: Blacephalon\n|move|p2a: Dialga|Draco Meteor|p1: Blacephalon|[notarget]\n|-fail|p2a: Dialga\n|\n|-heal|p2a: Dialga|140\/270|[from] item: Leftovers\n|upkeep\n|\n|t:|1639830541\n|switch|p1a: Hitmonchan|Hitmonchan, L86, M|159\/226\n|-damage|p1a: Hitmonchan|145\/226|[from] Stealth Rock\n|turn|20\n|\n|t:|1639830546\n|switch|p2a: Golisopod|Golisopod, L84, F|263\/263\n|move|p1a: Hitmonchan|Rapid Spin|p2a: Golisopod\n|-damage|p2a: Golisopod|236\/263\n|-boost|p1a: Hitmonchan|spe|1\n|-sideend|p1: OldBoyASM|Stealth Rock|[from] move: Rapid Spin|[of] p1a: Hitmonchan\n|\n|-heal|p1a: Hitmonchan|159\/226|[from] item: Leftovers\n|upkeep\n|turn|21\n|\n|t:|1639830553\n|move|p1a: Hitmonchan|Bulk Up|p1a: Hitmonchan\n|-boost|p1a: Hitmonchan|atk|1\n|-boost|p1a: Hitmonchan|def|1\n|move|p2a: Golisopod|Liquidation|p1a: Hitmonchan\n|-damage|p1a: Hitmonchan|78\/226\n|\n|-heal|p1a: Hitmonchan|92\/226|[from] item: Leftovers\n|upkeep\n|turn|22\n|\n|t:|1639830559\n|move|p1a: Hitmonchan|Drain Punch|p2a: Golisopod\n|-resisted|p2a: Golisopod\n|-damage|p2a: Golisopod|182\/263\n|-heal|p1a: Hitmonchan|119\/226|[from] drain|[of] p2a: Golisopod\n|move|p2a: Golisopod|Liquidation|p1a: Hitmonchan\n|-damage|p1a: Hitmonchan|47\/226\n|\n|-heal|p1a: Hitmonchan|61\/226|[from] item: Leftovers\n|upkeep\n|turn|23\n|\n|t:|1639830565\n|move|p1a: Hitmonchan|Drain Punch|p2a: Golisopod\n|-resisted|p2a: Golisopod\n|-damage|p2a: Golisopod|125\/263\n|-heal|p1a: Hitmonchan|90\/226|[from] drain|[of] p2a: Golisopod\n|-activate|p2a: Golisopod|ability: Emergency Exit\n|\n|t:|1639830575\n|switch|p2a: Pyukumuku|Pyukumuku, L84, M|216\/230 tox\n|\n|-heal|p1a: Hitmonchan|104\/226|[from] item: Leftovers\n|-heal|p2a: Pyukumuku|230\/230 tox|[from] item: Leftovers\n|-damage|p2a: Pyukumuku|216\/230 tox|[from] psn\n|upkeep\n|turn|24\n|\n|t:|1639830584\n|switch|p1a: Slowbro|Slowbro-Galar, L86, F|231\/304\n|move|p2a: Pyukumuku|Toxic|p1a: Slowbro\n|-immune|p1a: Slowbro\n|\n|-heal|p2a: Pyukumuku|230\/230 tox|[from] item: Leftovers\n|-damage|p2a: Pyukumuku|202\/230 tox|[from] psn\n|upkeep\n|turn|25\n|\n|t:|1639830593\n|move|p2a: Pyukumuku|Mirror Coat||[still]\n|-fail|p2a: Pyukumuku\n|move|p1a: Slowbro|Trick Room|p1a: Slowbro\n|-fieldstart|move: Trick Room|[of] p1a: Slowbro\n|\n|-heal|p2a: Pyukumuku|216\/230 tox|[from] item: Leftovers\n|-damage|p2a: Pyukumuku|174\/230 tox|[from] psn\n|upkeep\n|turn|26\n|\n|t:|1639830606\n|move|p2a: Pyukumuku|Recover|p2a: Pyukumuku\n|-heal|p2a: Pyukumuku|230\/230 tox\n|move|p1a: Slowbro|Trick Room|p1a: Slowbro\n|-fieldend|move: Trick Room\n|\n|-damage|p2a: Pyukumuku|174\/230 tox|[from] psn\n|upkeep\n|turn|27\n|\n|t:|1639830613\n|switch|p2a: Dialga|Dialga, L74|140\/270\n|-ability|p2a: Dialga|Pressure\n|move|p1a: Slowbro|Trick Room|p1a: Slowbro\n|-fieldstart|move: Trick Room|[of] p1a: Slowbro\n|\n|-heal|p2a: Dialga|156\/270|[from] item: Leftovers\n|upkeep\n|turn|28\n|\n|t:|1639830619\n|move|p1a: Slowbro|Flamethrower|p2a: Dialga\n|-damage|p2a: Dialga|66\/270\n|-damage|p1a: Slowbro|201\/304|[from] item: Life Orb\n|move|p2a: Dialga|Flash Cannon|p1a: Slowbro\n|-damage|p1a: Slowbro|89\/304\n|-unboost|p1a: Slowbro|spd|1\n|\n|-heal|p2a: Dialga|82\/270|[from] item: Leftovers\n|upkeep\n|turn|29\n|\n|t:|1639830634\n|switch|p2a: Golisopod|Golisopod, L84, F|125\/263\n|move|p1a: Slowbro|Flamethrower|p2a: Golisopod\n|-damage|p2a: Golisopod|39\/263\n|-damage|p1a: Slowbro|59\/304|[from] item: Life Orb\n|\n|upkeep\n|turn|30\n|\n|t:|1639830640\n|switch|p1a: Hitmonchan|Hitmonchan, L86, M|104\/226\n|move|p2a: Golisopod|First Impression|p1a: Hitmonchan\n|-resisted|p1a: Hitmonchan\n|-damage|p1a: Hitmonchan|44\/226\n|\n|-heal|p1a: Hitmonchan|58\/226|[from] item: Leftovers\n|upkeep\n|turn|31\n|\n|t:|1639830644\n|switch|p1a: Articuno|Articuno, L84|22\/288\n|-ability|p1a: Articuno|Pressure\n|move|p2a: Golisopod|Liquidation|p1a: Articuno\n|-damage|p1a: Articuno|0 fnt\n|faint|p1a: Articuno\n|\n|-fieldend|move: Trick Room\n|upkeep\n|\n|t:|1639830651\n|switch|p1a: Hitmonchan|Hitmonchan, L86, M|58\/226\n|turn|32\n|\n|t:|1639830654\n|move|p1a: Hitmonchan|Drain Punch|p2a: Golisopod\n|-resisted|p2a: Golisopod\n|-damage|p2a: Golisopod|3\/263\n|-heal|p1a: Hitmonchan|76\/226|[from] drain|[of] p2a: Golisopod\n|move|p2a: Golisopod|Liquidation|p1a: Hitmonchan\n|-damage|p1a: Hitmonchan|0 fnt\n|faint|p1a: Hitmonchan\n|\n|upkeep\n|\n|t:|1639830662\n|switch|p1a: Sigilyph|Sigilyph, L83, F|255\/255\n|turn|33\n|\n|t:|1639830668\n|switch|p2a: Dialga|Dialga, L74|82\/270\n|-ability|p2a: Dialga|Pressure\n|move|p1a: Sigilyph|Air Slash|p2a: Dialga\n|-resisted|p2a: Dialga\n|-damage|p2a: Dialga|27\/270\n|\n|-heal|p2a: Dialga|43\/270|[from] item: Leftovers\n|upkeep\n|turn|34\n|\n|t:|1639830674\n|move|p1a: Sigilyph|Heat Wave|p2a: Dialga\n|-crit|p2a: Dialga\n|-damage|p2a: Dialga|0 fnt\n|faint|p2a: Dialga\n|\n|upkeep\n|\n|t:|1639830684\n|switch|p2a: Golisopod|Golisopod, L84, F|3\/263\n|turn|35\n|\n|t:|1639830689\n|move|p2a: Golisopod|First Impression|p1a: Sigilyph\n|-damage|p1a: Sigilyph|128\/255\n|move|p1a: Sigilyph|Air Slash|p2a: Golisopod\n|-supereffective|p2a: Golisopod\n|-damage|p2a: Golisopod|0 fnt\n|faint|p2a: Golisopod\n|\n|upkeep\n|\n|t:|1639830693\n|switch|p2a: Regirock|Regirock, L85|275\/275\n|turn|36\n|\n|t:|1639830709\n|switch|p1a: Porygon2|Porygon2, L82|182\/274\n|-ability|p1a: Porygon2|Sturdy|[from] ability: Trace|[of] p2a: Regirock\n|move|p2a: Regirock|Rock Slide|p1a: Porygon2\n|-crit|p1a: Porygon2\n|-damage|p1a: Porygon2|52\/274\n|\n|upkeep\n|turn|37\n|\n|t:|1639830714\n|switch|p2a: Pyukumuku|Pyukumuku, L84, M|174\/230 tox\n|move|p1a: Porygon2|Toxic|p2a: Pyukumuku\n|-fail|p2a: Pyukumuku|tox\n|\n|-heal|p2a: Pyukumuku|188\/230 tox|[from] item: Leftovers\n|-damage|p2a: Pyukumuku|174\/230 tox|[from] psn\n|upkeep\n|turn|38\n|\n|t:|1639830723\n|switch|p1a: Slowbro|Slowbro-Galar, L86, F|160\/304\n|switch|p2a: Regirock|Regirock, L85|275\/275\n|\n|upkeep\n|turn|39\n|\n|t:|1639830731\n|move|p2a: Regirock|Earthquake|p1a: Slowbro\n|-supereffective|p1a: Slowbro\n|-damage|p1a: Slowbro|8\/304\n|move|p1a: Slowbro|Psychic|p2a: Regirock\n|-damage|p2a: Regirock|150\/275\n|-damage|p1a: Slowbro|0 fnt|[from] item: Life Orb\n|faint|p1a: Slowbro\n|\n|upkeep\n|\n|t:|1639830735\n|switch|p1a: Sigilyph|Sigilyph, L83, F|128\/255\n|turn|40\n|\n|t:|1639830741\n|-start|p1a: Sigilyph|Dynamax\n|-heal|p1a: Sigilyph|256\/510|[silent]\n|-start|p2a: Regirock|Dynamax\n|-heal|p2a: Regirock|300\/550|[silent]\n|move|p1a: Sigilyph|Max Mindstorm|p2a: Regirock\n|-damage|p2a: Regirock|147\/550\n|-fieldstart|move: Psychic Terrain\n|move|p2a: Regirock|Max Rockfall|p1a: Sigilyph\n|-supereffective|p1a: Sigilyph\n|-damage|p1a: Sigilyph|0 fnt\n|-weather|Sandstorm\n|faint|p1a: Sigilyph\n|\n|-weather|Sandstorm|[upkeep]\n|upkeep\n|\n|t:|1639830744\n|switch|p1a: Porygon2|Porygon2, L82|52\/274\n|-ability|p1a: Porygon2|Sturdy|[from] ability: Trace|[of] p2a: Regirock\n|turn|41\n|-message|OldBoyASM forfeited.\n|\n|win|Haliax7259\n|raw|OldBoyASM's rating: 1773 &rarr; <strong>1754<\/strong><br \/>(-19 for losing)\n|raw|Haliax7259's rating: 1796 &rarr; <strong>1815<\/strong><br \/>(+19 for winning)\n|l|\u2606OldBoyASM\n|c|\u2606Haliax7259|gg\n","inputlog":">version 8cd7bf65408a0766bdec49749cc8f40d14bcb3f6\n>start {\"formatid\":\"gen8randombattle\",\"seed\":[37086,9561,52038,59974],\"rated\":\"Rated battle\"}\n>player p1 {\"name\":\"OldBoyASM\",\"avatar\":\"169\",\"rating\":1773,\"seed\":[63942,62600,58790,37217]}\n>player p2 {\"name\":\"Haliax7259\",\"avatar\":\"grimsley\",\"rating\":1796,\"seed\":[55427,50590,3082,19122]}\n>p1 switch 3\n>p2 move toxic\n>p1 move toxic\n>p2 switch 3\n>p1 move healbell\n>p2 move stealthrock\n>p1 switch 3\n>p2 move flashcannon\n>p1 move rapidspin\n>p2 switch 4\n>p1 switch 5\n>p2 move trick\n>p1 move triattack\n>p2 switch 4\n>p1 move triattack\n>p2 move flashcannon\n>p1 move triattack\n>p2 move flashcannon\n>p1 switch 6\n>p2 move dracometeor\n>p1 move shadowball\n>p2 switch 3\n>p1 switch 6\n>p2 move recover\n>p1 move toxic\n>p2 move mirrorcoat\n>p1 switch 3\n>p2 switch 3\n>p1 move freezedry\n>p2 move flashcannon\n>p1 switch 2\n>p2 move stealthrock\n>p1 move psychic\n>p2 switch 4\n>p1 move psychic\n>p2 move psychic\n>p2 switch 4\n>p1 switch 6\n>p2 move dracometeor\n>p1 switch 5\n>p1 move rapidspin\n>p2 switch 6\n>p1 move bulkup\n>p2 move liquidation\n>p1 move drainpunch\n>p2 move liquidation\n>p1 move drainpunch\n>p2 move liquidation\n>p2 switch 3\n>p1 switch 6\n>p2 move toxic\n>p1 move trickroom\n>p2 move mirrorcoat\n>p1 move trickroom\n>p2 move recover\n>p1 move trickroom\n>p2 switch 6\n>p1 move flamethrower\n>p2 move flashcannon\n>p1 move flamethrower\n>p2 switch 3\n>p1 switch 6\n>p2 move firstimpression\n>p1 switch 2\n>p2 move liquidation\n>p1 switch 2\n>p1 move drainpunch\n>p2 move liquidation\n>p1 switch 4\n>p1 move airslash\n>p2 switch 3\n>p1 move heatwave\n>p2 move stealthrock\n>p2 switch 3\n>p1 move airslash\n>p2 move firstimpression\n>p2 switch 5\n>p1 switch 3\n>p2 move rockslide\n>p1 move toxic\n>p2 switch 6\n>p1 switch 6\n>p2 switch 6\n>p1 move psychic\n>p2 move earthquake\n>p1 switch 3\n>p1 move psychic dynamax\n>p2 move rockslide dynamax\n>p1 switch 6\n>forcelose p1","uploadtime":1639830768,"views":5,"p1id":"oldboyasm","p2id":"haliax7259","formatid":"gen8randombattle","rating":1754,"private":0,"password":null}