{"id":"gen8ou-1320897223","p1":"Brifye","p2":"pokemonkorea co kr","format":"gen8ou","log":"|html|<div class=\"broadcast-blue\"><strong>[Gen 8] OU is currently suspecting Zamazenta-Crowned! For information on how to participate check out the <a href=\"https:\/\/www.smogon.com\/forums\/threads\/np-ss-ou-suspect-process-round-10-royals.3681787\/\">suspect thread<\/a>.<\/strong><\/div>\n|j|\u2606Brifye\n|j|\u2606pokemonkorea co kr\n|t:|1618340623\n|gametype|singles\n|player|p1|Brifye|blackbelt-gen4dp|1472\n|player|p2|pokemonkorea co kr|blue|1518\n|teamsize|p1|6\n|teamsize|p2|6\n|gen|8\n|tier|[Gen 8] OU\n|rated|\n|clearpoke\n|poke|p1|Heatran, M|\n|poke|p1|Latios, M|\n|poke|p1|Tapu Koko|\n|poke|p1|Landorus-Therian, M|\n|poke|p1|Azumarill, F|\n|poke|p1|Zeraora|\n|poke|p2|Heatran, F|\n|poke|p2|Zeraora|\n|poke|p2|Corviknight, M|\n|poke|p2|Slowking, M|\n|poke|p2|Landorus-Therian, M|\n|poke|p2|Clefable, F|\n|rule|Sleep Clause Mod: Limit one foe put to sleep\n|rule|Species Clause: Limit one of each Pok\u00e9mon\n|rule|OHKO Clause: OHKO moves are banned\n|rule|Evasion Moves Clause: Evasion moves are banned\n|rule|Endless Battle Clause: Forcing endless battles is banned\n|rule|HP Percentage Mod: HP is shown in percentages\n|rule|Dynamax Clause: You cannot dynamax\n|teampreview\n|\n|t:|1618340632\n|start\n|switch|p1a: Latios|Latios, M|100\/100\n|switch|p2a: Clefable|Clefable, F|100\/100\n|turn|1\n|\n|t:|1618340637\n|move|p1a: Latios|Thunder Wave|p2a: Clefable\n|-status|p2a: Clefable|par\n|move|p2a: Clefable|Stealth Rock|p1a: Latios\n|-sidestart|p1: Brifye|move: Stealth Rock\n|\n|upkeep\n|turn|2\n|\n|t:|1618340655\n|switch|p1a: Azumarill|Azumarill, F|100\/100\n|-damage|p1a: Azumarill|88\/100|[from] Stealth Rock\n|move|p2a: Clefable|Knock Off|p1a: Azumarill\n|-resisted|p1a: Azumarill\n|-damage|p1a: Azumarill|79\/100\n|-enditem|p1a: Azumarill|Sitrus Berry|[from] move: Knock Off|[of] p2a: Clefable\n|\n|upkeep\n|turn|3\n|\n|t:|1618340678\n|move|p1a: Azumarill|Belly Drum|p1a: Azumarill\n|-damage|p1a: Azumarill|29\/100\n|-setboost|p1a: Azumarill|atk|6|[from] move: Belly Drum\n|cant|p2a: Clefable|par\n|\n|upkeep\n|turn|4\n|\n|t:|1618340695\n|switch|p2a: Slowking|Slowking, M|100\/100\n|move|p1a: Azumarill|Play Rough|p2a: Slowking\n|-damage|p2a: Slowking|0 fnt\n|faint|p2a: Slowking\n|\n|upkeep\n|\n|t:|1618340698\n|switch|p2a: Corviknight|Corviknight, M|100\/100\n|-ability|p2a: Corviknight|Pressure\n|turn|5\n|\n|t:|1618340704\n|move|p1a: Azumarill|Knock Off|p2a: Corviknight\n|-damage|p2a: Corviknight|4\/100\n|-enditem|p2a: Corviknight|Leftovers|[from] move: Knock Off|[of] p1a: Azumarill\n|move|p2a: Corviknight|Brave Bird|p1a: Azumarill\n|-damage|p1a: Azumarill|0 fnt\n|-damage|p2a: Corviknight|0 fnt|[from] Recoil\n|faint|p1a: Azumarill\n|faint|p2a: Corviknight\n|\n|upkeep\n|\n|t:|1618340719\n|switch|p1a: Latios|Latios, M|100\/100\n|switch|p2a: Landorus|Landorus-Therian, M|100\/100\n|-damage|p1a: Latios|88\/100|[from] Stealth Rock\n|-ability|p2a: Landorus|Intimidate|boost\n|-unboost|p1a: Latios|atk|1\n|turn|6\n|\n|t:|1618340725\n|switch|p2a: Clefable|Clefable, F|100\/100 par\n|move|p1a: Latios|Surf|p2a: Clefable\n|-crit|p2a: Clefable\n|-damage|p2a: Clefable|56\/100 par\n|-damage|p1a: Latios|78\/100|[from] item: Life Orb\n|\n|-heal|p2a: Clefable|62\/100 par|[from] item: Leftovers\n|upkeep\n|turn|7\n|\n|t:|1618340737\n|switch|p1a: Landorus|Landorus-Therian, M|100\/100\n|-damage|p1a: Landorus|88\/100|[from] Stealth Rock\n|-ability|p1a: Landorus|Intimidate|boost\n|-unboost|p2a: Clefable|atk|1\n|cant|p2a: Clefable|par\n|\n|-heal|p2a: Clefable|68\/100 par|[from] item: Leftovers\n|upkeep\n|turn|8\n|\n|t:|1618340748\n|move|p1a: Landorus|Stealth Rock|p2a: Clefable\n|-sidestart|p2: pokemonkorea co kr|move: Stealth Rock\n|move|p2a: Clefable|Soft-Boiled|p2a: Clefable\n|-heal|p2a: Clefable|100\/100 par\n|\n|upkeep\n|turn|9\n|\n|t:|1618340755\n|move|p1a: Landorus|Earthquake|p2a: Clefable\n|-damage|p2a: Clefable|52\/100 par\n|move|p2a: Clefable|Knock Off|p1a: Landorus\n|-damage|p1a: Landorus|77\/100\n|-enditem|p1a: Landorus|Focus Sash|[from] move: Knock Off|[of] p2a: Clefable\n|\n|-heal|p2a: Clefable|58\/100 par|[from] item: Leftovers\n|upkeep\n|turn|10\n|\n|t:|1618340763\n|move|p1a: Landorus|Rock Slide|p2a: Clefable\n|-damage|p2a: Clefable|31\/100 par\n|move|p2a: Clefable|Soft-Boiled|p2a: Clefable\n|-heal|p2a: Clefable|81\/100 par\n|\n|-heal|p2a: Clefable|87\/100 par|[from] item: Leftovers\n|upkeep\n|turn|11\n|\n|t:|1618340773\n|switch|p2a: Landorus|Landorus-Therian, M|100\/100\n|-damage|p2a: Landorus|88\/100|[from] Stealth Rock\n|-ability|p2a: Landorus|Intimidate|boost\n|-unboost|p1a: Landorus|atk|1\n|move|p1a: Landorus|Earthquake|p2a: Landorus\n|-immune|p2a: Landorus\n|\n|upkeep\n|turn|12\n|\n|t:|1618340783\n|move|p1a: Landorus|Rock Slide|p2a: Landorus\n|-damage|p2a: Landorus|67\/100\n|cant|p2a: Landorus|flinch\n|\n|upkeep\n|turn|13\n|\n|t:|1618340788\n|move|p2a: Landorus|Swords Dance|p2a: Landorus\n|-boost|p2a: Landorus|atk|2\n|move|p1a: Landorus|Rock Slide|p2a: Landorus\n|-damage|p2a: Landorus|44\/100\n|\n|upkeep\n|turn|14\n|\n|t:|1618340794\n|move|p1a: Landorus|Rock Slide|p2a: Landorus\n|-damage|p2a: Landorus|20\/100\n|cant|p2a: Landorus|flinch\n|\n|upkeep\n|turn|15\n|\n|t:|1618340799\n|move|p1a: Landorus|Rock Slide|p2a: Landorus\n|-damage|p2a: Landorus|0 fnt\n|faint|p2a: Landorus\n|\n|upkeep\n|\n|t:|1618340804\n|switch|p2a: Zeraora|Zeraora|100\/100\n|turn|16\n|-message|pokemonkorea co kr forfeited.\n|\n|win|Brifye\n|raw|Brifye's rating: 1472 &rarr; <strong>1495<\/strong><br \/>(+23 for winning)\n|raw|pokemonkorea co kr's rating: 1518 &rarr; <strong>1495<\/strong><br \/>(-23 for losing)\n|l|\u2606pokemonkorea co kr\n|j|\u2606pokemonkorea co kr\n|player|p2|pokemonkorea co kr|blue\n","uploadtime":1618340811,"views":15,"p1id":"brifye","p2id":"pokemonkoreacokr","formatid":"gen8ou","rating":1495,"private":0,"password":null}