{"id":"gen8nationaldex-1699742000","p1":"misplayin","p2":"MetalBendZen","format":"gen8nationaldex","log":"|j|\u2606misplayin\n|j|\u2606MetalBendZen\n|t:|1667263675\n|gametype|singles\n|player|p1|misplayin|bugsy|\n|player|p2|MetalBendZen|benga|\n|teamsize|p1|6\n|teamsize|p2|6\n|gen|8\n|tier|[Gen 8] National Dex\n|rule|HP Percentage Mod: HP is shown in percentages\n|rule|Endless Battle Clause: Forcing endless battles is banned\n|rule|OHKO Clause: OHKO moves are banned\n|rule|Evasion Moves Clause: Evasion moves are banned\n|rule|Species Clause: Limit one of each Pok\u00e9mon\n|rule|Dynamax Clause: You cannot dynamax\n|rule|Sleep Clause Mod: Limit one foe put to sleep\n|clearpoke\n|poke|p1|Gallade, M|\n|poke|p1|Slowbro, M|\n|poke|p1|Zeraora|\n|poke|p1|Heatran, F|\n|poke|p1|Kartana|\n|poke|p1|Hydreigon, F|\n|poke|p2|Melmetal|\n|poke|p2|Cresselia, F|\n|poke|p2|Camerupt, F|\n|poke|p2|Porygon2|\n|poke|p2|Marowak-Alola, F|\n|poke|p2|Hatterene, F|\n|teampreview\n|inactive|Battle timer is ON: inactive players will automatically lose when time's up. (requested by misplayin)\n|j| Firelord Term\n|j| ops idk\n|inactive|misplayin has 270 seconds left.\n|inactive|MetalBendZen has 270 seconds left.\n|c| Firelord Term|camerupt looks scary LOL\n|inactive|misplayin has 240 seconds left.\n|inactive|MetalBendZen has 240 seconds left.\n|\n|t:|1667263739\n|start\n|switch|p1a: Heatran|Heatran, F|100\/100\n|switch|p2a: Melmetal|Melmetal|100\/100\n|turn|1\n|\n|t:|1667263744\n|switch|p2a: Porygon2|Porygon2|100\/100\n|-ability|p2a: Porygon2|Download|boost\n|-boost|p2a: Porygon2|atk|1\n|move|p1a: Heatran|Magma Storm|p2a: Porygon2|[miss]\n|-miss|p1a: Heatran|p2a: Porygon2\n|\n|upkeep\n|turn|2\n|c|\u2606misplayin|hella\n|\n|t:|1667263770\n|move|p1a: Heatran|Toxic|p2a: Porygon2\n|-status|p2a: Porygon2|tox\n|move|p2a: Porygon2|Trick Room|p2a: Porygon2\n|-fieldstart|move: Trick Room|[of] p2a: Porygon2\n|\n|-damage|p2a: Porygon2|94\/100 tox|[from] psn\n|upkeep\n|turn|3\n|inactive|MetalBendZen has 270 seconds left.\n|\n|t:|1667263798\n|switch|p2a: Camerupt|Camerupt, F|100\/100\n|move|p1a: Heatran|Stealth Rock|p2a: Camerupt\n|-sidestart|p2: MetalBendZen|move: Stealth Rock\n|\n|upkeep\n|turn|4\n|\n|t:|1667263813\n|switch|p1a: Hydreigon|Hydreigon, F|100\/100\n|detailschange|p2a: Camerupt|Camerupt-Mega, F\n|-mega|p2a: Camerupt|Camerupt|Cameruptite\n|move|p2a: Camerupt|Flash Cannon|p1a: Hydreigon\n|-damage|p1a: Hydreigon|53\/100\n|\n|upkeep\n|turn|5\n|inactive|MetalBendZen has 240 seconds left.\n|inactive|misplayin has 270 seconds left.\n|\n|t:|1667263887\n|move|p2a: Camerupt|Eruption|p1a: Hydreigon\n|-resisted|p1a: Hydreigon\n|-damage|p1a: Hydreigon|5\/100\n|move|p1a: Hydreigon|Roost|p1a: Hydreigon\n|-heal|p1a: Hydreigon|55\/100\n|-singleturn|p1a: Hydreigon|move: Roost\n|\n|upkeep\n|turn|6\n|inactive|MetalBendZen has 240 seconds left.\n|\n|t:|1667263901\n|switch|p2a: Porygon2|Porygon2|94\/100 tox\n|-damage|p2a: Porygon2|82\/100 tox|[from] Stealth Rock\n|-ability|p2a: Porygon2|Download|boost\n|-boost|p2a: Porygon2|atk|1\n|move|p1a: Hydreigon|Roost|p1a: Hydreigon\n|-heal|p1a: Hydreigon|100\/100\n|-singleturn|p1a: Hydreigon|move: Roost\n|\n|-damage|p2a: Porygon2|76\/100 tox|[from] psn\n|-fieldend|move: Trick Room\n|upkeep\n|turn|7\n|\n|t:|1667263910\n|switch|p1a: Heatran|Heatran, F|100\/100\n|move|p2a: Porygon2|Trick Room|p2a: Porygon2\n|-fieldstart|move: Trick Room|[of] p2a: Porygon2\n|\n|-damage|p2a: Porygon2|64\/100 tox|[from] psn\n|upkeep\n|turn|8\n|inactive|MetalBendZen has 240 seconds left.\n|\n|t:|1667263933\n|switch|p2a: Marowak|Marowak-Alola, F|100\/100\n|-damage|p2a: Marowak|76\/100|[from] Stealth Rock\n|move|p1a: Heatran|Magma Storm|p2a: Marowak\n|-resisted|p2a: Marowak\n|-damage|p2a: Marowak|47\/100\n|-activate|p2a: Marowak|move: Magma Storm|[of] p1a: Heatran\n|\n|-damage|p2a: Marowak|35\/100|[from] move: Magma Storm|[partiallytrapped]\n|upkeep\n|turn|9\n|inactive|MetalBendZen has 240 seconds left.\n|\n|t:|1667263944\n|switch|p1a: Hydreigon|Hydreigon, F|100\/100\n|move|p2a: Marowak|Flare Blitz|p1a: Hydreigon\n|-resisted|p1a: Hydreigon\n|-damage|p1a: Hydreigon|42\/100\n|-status|p1a: Hydreigon|brn\n|\n|-damage|p1a: Hydreigon|36\/100 brn|[from] brn\n|-end|p2a: Marowak|Magma Storm|[partiallytrapped]|[silent]\n|upkeep\n|turn|10\n|inactive|misplayin has 270 seconds left.\n|\n|t:|1667263967\n|switch|p1a: Kartana|Kartana|100\/100\n|move|p2a: Marowak|Poltergeist|p1a: Kartana\n|-activate|p1a: Kartana|move: Poltergeist|Choice Scarf\n|-damage|p1a: Kartana|0 fnt\n|faint|p1a: Kartana\n|\n|upkeep\n|\n|t:|1667263978\n|switch|p1a: Heatran|Heatran, F|100\/100\n|turn|11\n|\n|t:|1667263992\n|switch|p1a: Zeraora|Zeraora|100\/100\n|move|p2a: Marowak|Poltergeist|p1a: Zeraora|[miss]\n|-miss|p2a: Marowak|p1a: Zeraora\n|\n|-fieldend|move: Trick Room\n|upkeep\n|turn|12\n|c| ops idk|NOOOO\n|c| ops idk|NOOOOOOOO\n|\n|t:|1667264002\n|switch|p2a: Cresselia|Cresselia, F|100\/100\n|-damage|p2a: Cresselia|88\/100|[from] Stealth Rock\n|move|p1a: Zeraora|Knock Off|p2a: Cresselia\n|-supereffective|p2a: Cresselia\n|-damage|p2a: Cresselia|47\/100\n|-enditem|p2a: Cresselia|Leftovers|[from] move: Knock Off|[of] p1a: Zeraora\n|\n|upkeep\n|turn|13\n|c| Firelord Term|unfort\n|c|\u2606misplayin|srry :\/\n|\n|t:|1667264011\n|move|p1a: Zeraora|Plasma Fists|p2a: Cresselia\n|-damage|p2a: Cresselia|14\/100\n|-fieldactivate|move: Ion Deluge\n|-hint|Normal-type moves become Electric-type after using Plasma Fists.\n|move|p2a: Cresselia|Moonlight|p2a: Cresselia\n|-heal|p2a: Cresselia|64\/100\n|\n|upkeep\n|turn|14\n|c|\u2606MetalBendZen|all good\n|inactive|MetalBendZen has 270 seconds left.\n|\n|t:|1667264018\n|move|p1a: Zeraora|Volt Switch|p2a: Cresselia\n|-damage|p2a: Cresselia|54\/100\n|\n|t:|1667264022\n|switch|p1a: Heatran|Heatran, F|100\/100|[from]move: Volt Switch\n|move|p2a: Cresselia|Moonlight|p2a: Cresselia\n|-heal|p2a: Cresselia|100\/100\n|\n|upkeep\n|turn|15\n|\n|t:|1667264029\n|switch|p2a: Camerupt|Camerupt-Mega, F|100\/100\n|-damage|p2a: Camerupt|88\/100|[from] Stealth Rock\n|move|p1a: Heatran|Magma Storm|p2a: Camerupt\n|-resisted|p2a: Camerupt\n|-damage|p2a: Camerupt|69\/100\n|-activate|p2a: Camerupt|move: Magma Storm|[of] p1a: Heatran\n|\n|-damage|p2a: Camerupt|56\/100|[from] move: Magma Storm|[partiallytrapped]\n|upkeep\n|turn|16\n|\n|t:|1667264036\n|switch|p1a: Slowbro|Slowbro, M|100\/100\n|move|p2a: Camerupt|Earth Power|p1a: Slowbro\n|-damage|p1a: Slowbro|21\/100\n|\n|-end|p2a: Camerupt|Magma Storm|[partiallytrapped]|[silent]\n|upkeep\n|turn|17\n|\n|t:|1667264042\n|switch|p2a: Porygon2|Porygon2|64\/100 tox\n|-damage|p2a: Porygon2|51\/100 tox|[from] Stealth Rock\n|-ability|p2a: Porygon2|Download|boost\n|-boost|p2a: Porygon2|spa|1\n|move|p1a: Slowbro|Scald|p2a: Porygon2\n|-damage|p2a: Porygon2|38\/100 tox\n|\n|-damage|p2a: Porygon2|32\/100 tox|[from] psn\n|upkeep\n|turn|18\n|\n|t:|1667264049\n|switch|p1a: Zeraora|Zeraora|100\/100\n|move|p2a: Porygon2|Trick Room|p2a: Porygon2\n|-fieldstart|move: Trick Room|[of] p2a: Porygon2\n|\n|-damage|p2a: Porygon2|19\/100 tox|[from] psn\n|upkeep\n|turn|19\n|\n|t:|1667264068\n|switch|p2a: Camerupt|Camerupt-Mega, F|56\/100\n|-damage|p2a: Camerupt|44\/100|[from] Stealth Rock\n|move|p1a: Zeraora|Plasma Fists|p2a: Camerupt\n|-immune|p2a: Camerupt\n|\n|upkeep\n|turn|20\n|\n|t:|1667264081\n|switch|p1a: Heatran|Heatran, F|100\/100\n|move|p2a: Camerupt|Earth Power|p1a: Heatran\n|-supereffective|p1a: Heatran\n|-damage|p1a: Heatran|0 fnt\n|faint|p1a: Heatran\n|\n|upkeep\n|c|\u2606misplayin|hes in my headddd\n|c| Firelord Term|gg\n|c|\u2606MetalBendZen|hehehehe\n|c| ops idk|hes in your head\n|\n|t:|1667264102\n|switch|p1a: Zeraora|Zeraora|100\/100\n|turn|21\n|inactive|misplayin has 270 seconds left.\n|\n|t:|1667264118\n|switch|p1a: Slowbro|Slowbro, M|55\/100\n|move|p2a: Camerupt|Flamethrower|p1a: Slowbro\n|-resisted|p1a: Slowbro\n|-damage|p1a: Slowbro|14\/100\n|\n|upkeep\n|turn|22\n|c| Firelord Term|flamethrower doing 41 to slowbro is crazy\n|c| Firelord Term|LOL\n|\n|t:|1667264147\n|move|p2a: Camerupt|Flamethrower|p1a: Slowbro\n|-resisted|p1a: Slowbro\n|-damage|p1a: Slowbro|0 fnt\n|faint|p1a: Slowbro\n|\n|-fieldend|move: Trick Room\n|upkeep\n|\n|t:|1667264150\n|switch|p1a: Hydreigon|Hydreigon, F|36\/100 brn\n|turn|23\n|\n|t:|1667264156\n|switch|p2a: Melmetal|Melmetal|100\/100\n|-damage|p2a: Melmetal|94\/100|[from] Stealth Rock\n|move|p1a: Hydreigon|Nasty Plot|p1a: Hydreigon\n|-boost|p1a: Hydreigon|spa|2\n|\n|-damage|p1a: Hydreigon|30\/100 brn|[from] brn\n|upkeep\n|turn|24\n|\n|t:|1667264161\n|-zpower|p1a: Hydreigon\n|move|p1a: Hydreigon|Tectonic Rage|p2a: Melmetal|[zeffect]\n|-supereffective|p2a: Melmetal\n|-damage|p2a: Melmetal|0 fnt\n|faint|p2a: Melmetal\n|\n|-damage|p1a: Hydreigon|24\/100 brn|[from] brn\n|upkeep\n|\n|t:|1667264185\n|switch|p2a: Hatterene|Hatterene, F|100\/100\n|-damage|p2a: Hatterene|88\/100|[from] Stealth Rock\n|turn|25\n|c| Firelord Term|hydreigon just won i think\n|\n|t:|1667264203\n|move|p1a: Hydreigon|Dark Pulse|p2a: Hatterene\n|-damage|p2a: Hatterene|4\/100\n|move|p2a: Hatterene|Trick Room|p2a: Hatterene\n|-fieldstart|move: Trick Room|[of] p2a: Hatterene\n|\n|-heal|p2a: Hatterene|10\/100|[from] item: Leftovers\n|-damage|p1a: Hydreigon|18\/100 brn|[from] brn\n|upkeep\n|turn|26\n|c| Firelord Term|ohh\n|c|\u2606misplayin|nah i choked\n|c| Firelord Term|crazy\n|c|\u2606MetalBendZen|not quite\n|\n|t:|1667264217\n|move|p2a: Hatterene|Dazzling Gleam|p1a: Hydreigon\n|-supereffective|p1a: Hydreigon\n|-damage|p1a: Hydreigon|0 fnt\n|faint|p1a: Hydreigon\n|\n|-heal|p2a: Hatterene|16\/100|[from] item: Leftovers\n|upkeep\n|c|\u2606MetalBendZen|I almost threw\n|\n|t:|1667264222\n|switch|p1a: Gallade|Gallade, M|100\/100\n|turn|27\n|c| ops idk|facts\n|c| ops idk|you did\n|\n|t:|1667264225\n|switch|p1a: Zeraora|Zeraora|100\/100\n|move|p2a: Hatterene|Dazzling Gleam|p1a: Zeraora\n|-damage|p1a: Zeraora|40\/100\n|\n|-heal|p2a: Hatterene|22\/100|[from] item: Leftovers\n|upkeep\n|turn|28\n|c| ops idk|lmao\n|\n|t:|1667264234\n|move|p2a: Hatterene|Dazzling Gleam|p1a: Zeraora\n|-damage|p1a: Zeraora|0 fnt\n|faint|p1a: Zeraora\n|\n|-heal|p2a: Hatterene|28\/100|[from] item: Leftovers\n|upkeep\n|\n|t:|1667264236\n|switch|p1a: Gallade|Gallade, M|100\/100\n|turn|29\n|c|\u2606MetalBendZen|I forgot z moves were legal\n|\n|t:|1667264241\n|detailschange|p1a: Gallade|Gallade-Mega, M\n|-mega|p1a: Gallade|Gallade|Galladite\n|move|p2a: Hatterene|Dazzling Gleam|p1a: Gallade\n|-supereffective|p1a: Gallade\n|-damage|p1a: Gallade|0 fnt\n|faint|p1a: Gallade\n|\n|win|MetalBendZen\n|c| Firelord Term|if hatt died you wouldnt have almost thrown you WOULD have thrown lmao\n|c|\u2606misplayin|ggs man\n|c|\u2606MetalBendZen|gas\n|c|\u2606MetalBendZen|ggs\n|c|\u2606MetalBendZen|those were some fun games\n|c| Firelord Term|gg\n","uploadtime":1667264263,"views":6,"p1id":"misplayin","p2id":"metalbendzen","formatid":"gen8nationaldex","rating":0,"private":0,"password":null}