{"id":"gen8bdspou-1498518703","p1":"ktsk","p2":"Anibunnysomoney","format":"gen8bdspou","log":"|j|\u2606ktsk\n|j|\u2606Anibunnysomoney\n|t:|1643161733\n|gametype|singles\n|player|p1|ktsk|bugcatcher-gen4dp|\n|player|p2|Anibunnysomoney|bugcatcher-gen4dp|\n|teamsize|p1|6\n|teamsize|p2|6\n|gen|8\n|tier|[Gen 8 BDSP] OU\n|rule|Sleep Clause Mod: Limit one foe put to sleep\n|rule|Species Clause: Limit one of each Pok\u00e9mon\n|rule|OHKO Clause: OHKO moves are banned\n|rule|Evasion Moves Clause: Evasion moves are banned\n|rule|Endless Battle Clause: Forcing endless battles is banned\n|rule|HP Percentage Mod: HP is shown in percentages\n|clearpoke\n|poke|p1|Scizor, M|\n|poke|p1|Starmie|\n|poke|p1|Roserade, M|\n|poke|p1|Quagsire, M|\n|poke|p1|Heracross, M|\n|poke|p1|Yanmega, F|\n|poke|p2|Gallade, M|\n|poke|p2|Flygon, M|\n|poke|p2|Entei|\n|poke|p2|Azumarill, F|\n|poke|p2|Magnezone|\n|poke|p2|Honchkrow, F|\n|teampreview\n|c|\u2606ktsk|peep my avaatear\n|\n|t:|1643161820\n|start\n|switch|p1a: Yanmega|Yanmega, F|100\/100\n|switch|p2a: Gallade|Gallade, M|100\/100\n|turn|1\n|c|\u2606ktsk|dammmm\n|\n|t:|1643161872\n|switch|p1a: Quagsire|Quagsire, M|100\/100\n|move|p2a: Gallade|Rock Slide|p1a: Quagsire\n|-resisted|p1a: Quagsire\n|-damage|p1a: Quagsire|93\/100\n|\n|-heal|p1a: Quagsire|99\/100|[from] item: Leftovers\n|upkeep\n|turn|2\n|c|\u2606ktsk|tahnk god\n|\n|t:|1643161904\n|move|p2a: Gallade|Knock Off|p1a: Quagsire\n|-damage|p1a: Quagsire|79\/100\n|-enditem|p1a: Quagsire|Leftovers|[from] move: Knock Off|[of] p2a: Gallade\n|move|p1a: Quagsire|Scald|p2a: Gallade\n|-damage|p2a: Gallade|89\/100\n|\n|upkeep\n|turn|3\n|\n|t:|1643161922\n|switch|p2a: Flygon|Flygon, M|100\/100\n|move|p1a: Quagsire|Scald|p2a: Flygon\n|-damage|p2a: Flygon|77\/100\n|\n|upkeep\n|turn|4\n|\n|t:|1643161988\n|move|p2a: Flygon|Giga Drain|p1a: Quagsire\n|-supereffective|p1a: Quagsire\n|-damage|p1a: Quagsire|0 fnt\n|-heal|p2a: Flygon|100\/100|[from] drain|[of] p1a: Quagsire\n|faint|p1a: Quagsire\n|\n|upkeep\n|\n|t:|1643162019\n|switch|p1a: Yanmega|Yanmega, F|100\/100\n|turn|5\n|\n|t:|1643162024\n|switch|p2a: Gallade|Gallade, M|89\/100\n|move|p1a: Yanmega|Bug Buzz|p2a: Gallade\n|-damage|p2a: Gallade|48\/100\n|\n|upkeep\n|turn|6\n|j| Ozanax\n|c|\u2606Anibunnysomoney|Lmao somebody calc for me\n|c|\u2606ktsk|its ai im swapping\n|c|\u2606ktsk|no calc\n|c|\u2606Anibunnysomoney|My bad lol had to peep\n|c|\u2606Anibunnysomoney|Shook lmaoo\n|c|\u2606ktsk|lolol\n|c|\u2606Anibunnysomoney|Bruh I can\u2019t figure out what set hits for 40.6 lmao\n|c|\u2606ktsk|lol\n|\n|t:|1643162357\n|switch|p1a: Scizor|Scizor, M|100\/100\n|move|p2a: Gallade|Rock Slide|p1a: Scizor\n|-damage|p1a: Scizor|79\/100\n|\n|upkeep\n|turn|7\n|\n|t:|1643162375\n|move|p2a: Gallade|Will-O-Wisp|p1a: Scizor\n|-status|p1a: Scizor|brn\n|move|p1a: Scizor|U-turn|p2a: Gallade\n|-damage|p2a: Gallade|4\/100\n|\n|t:|1643162409\n|switch|p1a: Yanmega|Yanmega, F|100\/100|[from]move: U-turn\n|\n|upkeep\n|turn|8\n|c|\u2606Anibunnysomoney|Sheesh that\u2019s after a burn lol\n|-enditem|p2a: Gallade|Custap Berry|[eat]\n|-activate|p2a: Gallade|item: Custap Berry|[consumed]\n|\n|t:|1643162417\n|move|p2a: Gallade|Rock Slide|p1a: Yanmega\n|-supereffective|p1a: Yanmega\n|-damage|p1a: Yanmega|5\/100\n|cant|p1a: Yanmega|flinch\n|\n|upkeep\n|turn|9\n|\n|t:|1643162429\n|move|p1a: Yanmega|Bug Buzz|p2a: Gallade\n|-damage|p2a: Gallade|0 fnt\n|faint|p2a: Gallade\n|\n|upkeep\n|c|\u2606Anibunnysomoney|No ohko :(\n|\n|t:|1643162465\n|switch|p2a: Entei|Entei|100\/100\n|turn|10\n|\n|t:|1643162473\n|switch|p1a: Scizor|Scizor, M|79\/100 brn\n|move|p2a: Entei|Extreme Speed|p1a: Scizor\n|-resisted|p1a: Scizor\n|-damage|p1a: Scizor|66\/100 brn\n|\n|-damage|p1a: Scizor|60\/100 brn|[from] brn\n|upkeep\n|turn|11\n|\n|t:|1643162485\n|move|p2a: Entei|Sacred Fire|p1a: Scizor\n|-supereffective|p1a: Scizor\n|-damage|p1a: Scizor|0 fnt\n|faint|p1a: Scizor\n|\n|upkeep\n|\n|t:|1643162493\n|switch|p1a: Starmie|Starmie|100\/100\n|turn|12\n|\n|t:|1643162570\n|switch|p2a: Azumarill|Azumarill, F|100\/100\n|move|p1a: Starmie|Hydro Pump|p2a: Azumarill|[miss]\n|-miss|p1a: Starmie|p2a: Azumarill\n|\n|upkeep\n|turn|13\n|c|\u2606ktsk|gg\n|c|\u2606Anibunnysomoney|Loll\n|c|\u2606Anibunnysomoney|Doesn\u2019t tbolt kill regardless?\n|c|\u2606Anibunnysomoney|So doesnt matter\n|c|\u2606Anibunnysomoney|Unless he choiced \ud83d\udc40\n|\n|t:|1643162736\n|switch|p1a: Roserade|Roserade, M|100\/100\n|move|p2a: Azumarill|Play Rough|p1a: Roserade\n|-resisted|p1a: Roserade\n|-damage|p1a: Roserade|19\/100\n|\n|-heal|p1a: Roserade|25\/100|[from] item: Black Sludge\n|upkeep\n|turn|14\n|\n|t:|1643162835\n|switch|p2a: Honchkrow|Honchkrow, F|100\/100\n|move|p1a: Roserade|Sleep Powder|p2a: Honchkrow|[miss]\n|-miss|p1a: Roserade|p2a: Honchkrow\n|\n|-heal|p1a: Roserade|31\/100|[from] item: Black Sludge\n|upkeep\n|turn|15\n|\n|t:|1643162879\n|move|p1a: Roserade|Sleep Powder|p2a: Honchkrow\n|-immune|p2a: Honchkrow|[from] ability: Insomnia\n|move|p2a: Honchkrow|Night Slash|p1a: Roserade\n|-damage|p1a: Roserade|0 fnt\n|faint|p1a: Roserade\n|\n|upkeep\n|\n|t:|1643162892\n|switch|p1a: Starmie|Starmie|100\/100\n|turn|16\n|\n|t:|1643162900\n|move|p2a: Honchkrow|Sucker Punch|p1a: Starmie\n|-supereffective|p1a: Starmie\n|-damage|p1a: Starmie|0 fnt\n|faint|p1a: Starmie\n|\n|upkeep\n|-message|ktsk forfeited.\n|\n|win|Anibunnysomoney\n|c| Ozanax|wow\n|c|\u2606Anibunnysomoney|Gg fam\n|c|\u2606Anibunnysomoney|Rough misses\n|j| High Ranker\n|l|\u2606Anibunnysomoney\n|j|\u2606Anibunnysomoney\n|player|p2|Anibunnysomoney|bugcatcher-gen4dp\n|l|\u2606Anibunnysomoney\n|player|p2|\n|l|\u2606ktsk\n|j|\u2606Anibunnysomoney\n|player|p2|Anibunnysomoney|bugcatcher-gen4dp\n","uploadtime":1643164027,"views":18,"p1id":"ktsk","p2id":"anibunnysomoney","formatid":"gen8bdspou","rating":0,"private":0,"password":null}