{"id":"gen8ou-1257478683","p1":"keep6ftplaya","p2":"roboPOKE","format":"gen8ou","log":"|html|<div class=\"broadcast-blue\"><strong>[Gen 8] OU is currently suspecting Urshifu-S! For information on how to participate check out the <a href=\"https:\/\/www.smogon.com\/forums\/threads\/np-ss-ou-suspect-process-round-8-aint-no-rest-for-the-wicked.3675310\/\">suspect thread<\/a>.<\/strong><\/div>\n|j|\u2606keep6ftplaya\n|j|\u2606roboPOKE\n|t:|1610008570\n|player|p1|keep6ftplaya|psychic-gen2|1740\n|player|p2|roboPOKE|265|1795\n|teamsize|p1|6\n|teamsize|p2|6\n|gametype|singles\n|gen|8\n|tier|[Gen 8] OU\n|rated|\n|clearpoke\n|poke|p1|Cinderace, F|\n|poke|p1|Slowbro, M|\n|poke|p1|Zapdos|\n|poke|p1|Landorus-Therian, M|\n|poke|p1|Magearna|\n|poke|p1|Clefable, F|\n|poke|p2|Sandaconda, F|\n|poke|p2|Excadrill, F|\n|poke|p2|Ninetales-Alola, F|\n|poke|p2|Magearna|\n|poke|p2|Zygarde-10%|\n|poke|p2|Buzzwole|\n|rule|Sleep Clause Mod: Limit one foe put to sleep\n|rule|Species Clause: Limit one of each Pok\u00e9mon\n|rule|OHKO Clause: OHKO moves are banned\n|rule|Evasion Moves Clause: Evasion moves are banned\n|rule|Endless Battle Clause: Forcing endless battles is banned\n|rule|HP Percentage Mod: HP is shown in percentages\n|rule|Dynamax Clause: You cannot dynamax\n|teampreview\n|inactive|Battle timer is ON: inactive players will automatically lose when time's up. (requested by roboPOKE)\n|j| Meister Bator\n|\n|t:|1610008597\n|start\n|switch|p1a: Slowbro|Slowbro, M|100\/100\n|switch|p2a: Sandaconda|Sandaconda, F|100\/100\n|turn|1\n|\n|t:|1610008605\n|move|p2a: Sandaconda|Glare|p1a: Slowbro\n|-status|p1a: Slowbro|par\n|move|p1a: Slowbro|Scald|p2a: Sandaconda\n|-supereffective|p2a: Sandaconda\n|-damage|p2a: Sandaconda|36\/100\n|-weather|Sandstorm|[from] ability: Sand Spit|[of] p2a: Sandaconda\n|\n|-weather|Sandstorm|[upkeep]\n|-damage|p1a: Slowbro|94\/100 par|[from] Sandstorm\n|upkeep\n|turn|2\n|\n|t:|1610008608\n|move|p2a: Sandaconda|Stealth Rock|p1a: Slowbro\n|-sidestart|p1: keep6ftplaya|move: Stealth Rock\n|move|p1a: Slowbro|Teleport|p1a: Slowbro\n|\n|t:|1610008619\n|switch|p1a: Landorus|Landorus-Therian, M, shiny|100\/100|[from]move: Teleport\n|-damage|p1a: Landorus|88\/100|[from] Stealth Rock\n|-ability|p1a: Landorus|Intimidate|boost\n|-unboost|p2a: Sandaconda|atk|1\n|\n|-weather|Sandstorm|[upkeep]\n|-heal|p1a: Landorus|94\/100|[from] item: Leftovers\n|upkeep\n|turn|3\n|\n|t:|1610008622\n|switch|p2a: Buzzwole|Buzzwole|100\/100\n|move|p1a: Landorus|U-turn|p2a: Buzzwole\n|-resisted|p2a: Buzzwole\n|-damage|p2a: Buzzwole|92\/100\n|\n|t:|1610008625\n|switch|p1a: Slowbro|Slowbro, M|100\/100 par|[from]move: U-turn\n|-damage|p1a: Slowbro|88\/100 par|[from] Stealth Rock\n|\n|-weather|Sandstorm|[upkeep]\n|-damage|p2a: Buzzwole|86\/100|[from] Sandstorm\n|-damage|p1a: Slowbro|82\/100 par|[from] Sandstorm\n|-heal|p2a: Buzzwole|92\/100|[from] item: Leftovers\n|upkeep\n|turn|4\n|\n|t:|1610008630\n|switch|p2a: Ninetales|Ninetales-Alola, F|100\/100\n|-weather|Hail|[from] ability: Snow Warning|[of] p2a: Ninetales\n|move|p1a: Slowbro|Future Sight|p2a: Ninetales\n|-start|p1a: Slowbro|move: Future Sight\n|\n|-weather|Hail|[upkeep]\n|-damage|p1a: Slowbro|76\/100 par|[from] Hail\n|upkeep\n|turn|5\n|\n|t:|1610008637\n|switch|p1a: Magearna|Magearna|100\/100\n|-damage|p1a: Magearna|94\/100|[from] Stealth Rock\n|move|p2a: Ninetales|Freeze-Dry|p1a: Magearna\n|-resisted|p1a: Magearna\n|-damage|p1a: Magearna|85\/100\n|\n|-weather|Hail|[upkeep]\n|-damage|p1a: Magearna|79\/100|[from] Hail\n|upkeep\n|turn|6\n|\n|t:|1610008646\n|move|p2a: Ninetales|Aurora Veil|p2a: Ninetales\n|-sidestart|p2: roboPOKE|move: Aurora Veil\n|move|p1a: Magearna|Focus Blast|p2a: Ninetales\n|-damage|p2a: Ninetales|67\/100\n|\n|-weather|Hail|[upkeep]\n|-damage|p1a: Magearna|73\/100|[from] Hail\n|-end|p2a: Ninetales|move: Future Sight\n|-damage|p2a: Ninetales|26\/100\n|upkeep\n|turn|7\n|\n|t:|1610008651\n|switch|p2a: Sandaconda|Sandaconda, F|36\/100\n|move|p1a: Magearna|Focus Blast|p2a: Sandaconda|[miss]\n|-miss|p1a: Magearna|p2a: Sandaconda\n|\n|-weather|Hail|[upkeep]\n|-damage|p2a: Sandaconda|30\/100|[from] Hail\n|-damage|p1a: Magearna|67\/100|[from] Hail\n|upkeep\n|turn|8\n|\n|t:|1610008654\n|move|p2a: Sandaconda|Rock Tomb|p1a: Magearna\n|-resisted|p1a: Magearna\n|-damage|p1a: Magearna|61\/100\n|-unboost|p1a: Magearna|spe|1\n|move|p1a: Magearna|Focus Blast|p2a: Sandaconda\n|-crit|p2a: Sandaconda\n|-damage|p2a: Sandaconda|0 fnt\n|-weather|Sandstorm|[from] ability: Sand Spit|[of] p2a: Sandaconda\n|faint|p2a: Sandaconda\n|-ability|p1a: Magearna|Soul-Heart|boost\n|-boost|p1a: Magearna|spa|1\n|\n|-weather|Sandstorm|[upkeep]\n|upkeep\n|\n|t:|1610008657\n|switch|p2a: Excadrill|Excadrill, F|100\/100\n|turn|9\n|\n|t:|1610008659\n|switch|p1a: Landorus|Landorus-Therian, M, shiny|94\/100\n|-damage|p1a: Landorus|82\/100|[from] Stealth Rock\n|-ability|p1a: Landorus|Intimidate|boost\n|-unboost|p2a: Excadrill|atk|1\n|move|p2a: Excadrill|Swords Dance|p2a: Excadrill\n|-boost|p2a: Excadrill|atk|2\n|\n|-weather|Sandstorm|[upkeep]\n|-heal|p1a: Landorus|88\/100|[from] item: Leftovers\n|upkeep\n|turn|10\n|\n|t:|1610008661\n|move|p2a: Excadrill|Iron Head|p1a: Landorus\n|-damage|p1a: Landorus|0 fnt\n|-damage|p2a: Excadrill|91\/100|[from] item: Life Orb\n|faint|p1a: Landorus\n|\n|-weather|Sandstorm|[upkeep]\n|upkeep\n|\n|t:|1610008666\n|switch|p1a: Slowbro|Slowbro, M|100\/100 par\n|-damage|p1a: Slowbro|88\/100 par|[from] Stealth Rock\n|turn|11\n|\n|t:|1610008668\n|move|p2a: Excadrill|Earthquake|p1a: Slowbro\n|-damage|p1a: Slowbro|20\/100 par\n|-damage|p2a: Excadrill|81\/100|[from] item: Life Orb\n|move|p1a: Slowbro|Scald|p2a: Excadrill\n|-supereffective|p2a: Excadrill\n|-crit|p2a: Excadrill\n|-damage|p2a: Excadrill|0 fnt\n|faint|p2a: Excadrill\n|\n|-weather|Sandstorm|[upkeep]\n|-damage|p1a: Slowbro|13\/100 par|[from] Sandstorm\n|upkeep\n|\n|t:|1610008675\n|switch|p2a: Buzzwole|Buzzwole|92\/100\n|turn|12\n|c|\u2606keep6ftplaya|thats fucked\n|c|\u2606keep6ftplaya|mb dude\n|\n|t:|1610008681\n|switch|p1a: Zapdos|Zapdos|100\/100\n|move|p2a: Buzzwole|Bulk Up|p2a: Buzzwole\n|-boost|p2a: Buzzwole|atk|1\n|-boost|p2a: Buzzwole|def|1\n|\n|-weather|Sandstorm|[upkeep]\n|-damage|p1a: Zapdos|94\/100|[from] Sandstorm\n|-damage|p2a: Buzzwole|86\/100|[from] Sandstorm\n|-heal|p2a: Buzzwole|92\/100|[from] item: Leftovers\n|upkeep\n|turn|13\n|\n|t:|1610008685\n|switch|p1a: Slowbro|Slowbro, M|47\/100 par\n|-damage|p1a: Slowbro|34\/100 par|[from] Stealth Rock\n|switch|p2a: Magearna|Magearna|100\/100\n|\n|-weather|Sandstorm|[upkeep]\n|-damage|p1a: Slowbro|28\/100 par|[from] Sandstorm\n|-sideend|p2: roboPOKE|move: Aurora Veil\n|upkeep\n|turn|14\n|\n|t:|1610008695\n|switch|p1a: Magearna|Magearna|61\/100\n|-damage|p1a: Magearna|55\/100|[from] Stealth Rock\n|move|p2a: Magearna|Thunderbolt|p1a: Magearna\n|-damage|p1a: Magearna|28\/100\n|\n|-weather|Sandstorm|[upkeep]\n|upkeep\n|turn|15\n|\n|t:|1610008698\n|move|p1a: Magearna|Flash Cannon|p2a: Magearna\n|-damage|p2a: Magearna|61\/100\n|move|p2a: Magearna|Flash Cannon|p1a: Magearna\n|-damage|p1a: Magearna|0 fnt\n|faint|p1a: Magearna\n|-ability|p2a: Magearna|Soul-Heart|boost\n|-boost|p2a: Magearna|spa|1\n|\n|-weather|none\n|upkeep\n|\n|t:|1610008702\n|switch|p1a: Cinderace|Cinderace, F|100\/100\n|turn|16\n|\n|t:|1610008704\n|switch|p2a: Buzzwole|Buzzwole|92\/100\n|move|p1a: Cinderace|Pyro Ball|p2a: Buzzwole\n|-supereffective|p2a: Buzzwole\n|-damage|p2a: Buzzwole|20\/100\n|\n|-heal|p2a: Buzzwole|26\/100|[from] item: Leftovers\n|upkeep\n|turn|17\n|\n|t:|1610008707\n|move|p1a: Cinderace|Pyro Ball|p2a: Buzzwole\n|-supereffective|p2a: Buzzwole\n|-damage|p2a: Buzzwole|0 fnt\n|faint|p2a: Buzzwole\n|\n|upkeep\n|\n|t:|1610008710\n|switch|p2a: Zygarde|Zygarde-10%|100\/100\n|-ability|p2a: Zygarde|Aura Break\n|turn|18\n|\n|t:|1610008717\n|move|p1a: Cinderace|U-turn|p2a: Zygarde\n|-start|p1a: Cinderace|typechange|Bug|[from] ability: Libero\n|-damage|p2a: Zygarde|53\/100\n|\n|t:|1610008719\n|switch|p1a: Clefable|Clefable, F, shiny|100\/100|[from]move: U-turn\n|-damage|p1a: Clefable|88\/100|[from] Stealth Rock\n|move|p2a: Zygarde|Thousand Arrows|p1a: Clefable\n|-damage|p1a: Clefable|55\/100\n|\n|-heal|p2a: Zygarde|59\/100|[from] item: Leftovers\n|-heal|p1a: Clefable|61\/100|[from] item: Leftovers\n|upkeep\n|turn|19\n|\n|t:|1610008725\n|move|p2a: Zygarde|Thousand Arrows|p1a: Clefable\n|-damage|p1a: Clefable|27\/100\n|move|p1a: Clefable|Moonblast|p2a: Zygarde\n|-supereffective|p2a: Zygarde\n|-damage|p2a: Zygarde|0 fnt\n|faint|p2a: Zygarde\n|\n|-heal|p1a: Clefable|33\/100|[from] item: Leftovers\n|upkeep\n|\n|t:|1610008728\n|switch|p2a: Ninetales|Ninetales-Alola, F|26\/100\n|-weather|Hail|[from] ability: Snow Warning|[of] p2a: Ninetales\n|turn|20\n|\n|t:|1610008730\n|move|p2a: Ninetales|Aurora Veil|p2a: Ninetales\n|-sidestart|p2: roboPOKE|move: Aurora Veil\n|move|p1a: Clefable|Soft-Boiled|p1a: Clefable\n|-heal|p1a: Clefable|83\/100\n|\n|-weather|Hail|[upkeep]\n|-damage|p1a: Clefable|77\/100|[from] Hail\n|-heal|p1a: Clefable|83\/100|[from] item: Leftovers\n|upkeep\n|turn|21\n|\n|t:|1610008733\n|move|p2a: Ninetales|Hypnosis|p1a: Clefable|[miss]\n|-miss|p2a: Ninetales|p1a: Clefable\n|move|p1a: Clefable|Calm Mind|p1a: Clefable\n|-boost|p1a: Clefable|spa|1\n|-boost|p1a: Clefable|spd|1\n|\n|-weather|Hail|[upkeep]\n|-damage|p1a: Clefable|77\/100|[from] Hail\n|-heal|p1a: Clefable|83\/100|[from] item: Leftovers\n|upkeep\n|turn|22\n|j| general_newb\n|\n|t:|1610008738\n|switch|p2a: Magearna|Magearna|61\/100\n|move|p1a: Clefable|Calm Mind|p1a: Clefable\n|-boost|p1a: Clefable|spa|1\n|-boost|p1a: Clefable|spd|1\n|\n|-weather|Hail|[upkeep]\n|-damage|p2a: Magearna|55\/100|[from] Hail\n|-damage|p1a: Clefable|77\/100|[from] Hail\n|-heal|p1a: Clefable|83\/100|[from] item: Leftovers\n|upkeep\n|turn|23\n|\n|t:|1610008742\n|move|p2a: Magearna|Flash Cannon|p1a: Clefable\n|-supereffective|p1a: Clefable\n|-crit|p1a: Clefable\n|-damage|p1a: Clefable|0 fnt\n|faint|p1a: Clefable\n|-ability|p2a: Magearna|Soul-Heart|boost\n|-boost|p2a: Magearna|spa|1\n|\n|-weather|Hail|[upkeep]\n|-damage|p2a: Magearna|49\/100|[from] Hail\n|upkeep\n|j| thatboigreedy\n|\n|t:|1610008744\n|switch|p1a: Cinderace|Cinderace, F|100\/100\n|turn|24\n|\n|t:|1610008748\n|move|p1a: Cinderace|U-turn|p2a: Magearna\n|-start|p1a: Cinderace|typechange|Bug|[from] ability: Libero\n|-resisted|p2a: Magearna\n|-crit|p2a: Magearna\n|-damage|p2a: Magearna|39\/100\n|\n|t:|1610008750\n|switch|p1a: Zapdos|Zapdos|94\/100|[from]move: U-turn\n|move|p2a: Magearna|Thunderbolt|p1a: Zapdos\n|-damage|p1a: Zapdos|61\/100\n|\n|-weather|none\n|upkeep\n|turn|25\n|\n|t:|1610008752\n|move|p1a: Zapdos|Discharge|p2a: Magearna\n|-damage|p2a: Magearna|30\/100\n|move|p2a: Magearna|Draining Kiss|p1a: Zapdos\n|-damage|p1a: Zapdos|29\/100\n|-heal|p2a: Magearna|55\/100|[from] drain|[of] p1a: Zapdos\n|\n|upkeep\n|turn|26\n|\n|t:|1610008760\n|move|p1a: Zapdos|Roost|p1a: Zapdos\n|-heal|p1a: Zapdos|80\/100\n|-singleturn|p1a: Zapdos|move: Roost\n|move|p2a: Magearna|Draining Kiss|p1a: Zapdos\n|-damage|p1a: Zapdos|47\/100\n|-heal|p2a: Magearna|80\/100|[from] drain|[of] p1a: Zapdos\n|\n|upkeep\n|turn|27\n|\n|t:|1610008763\n|move|p1a: Zapdos|Discharge|p2a: Magearna\n|-crit|p2a: Magearna\n|-damage|p2a: Magearna|50\/100\n|move|p2a: Magearna|Draining Kiss|p1a: Zapdos\n|-damage|p1a: Zapdos|17\/100\n|-heal|p2a: Magearna|74\/100|[from] drain|[of] p1a: Zapdos\n|-status|p2a: Magearna|par|[from] ability: Static|[of] p1a: Zapdos\n|\n|-sideend|p2: roboPOKE|move: Aurora Veil\n|upkeep\n|turn|28\n|j| Balaymask\n|\n|t:|1610008779\n|switch|p1a: Cinderace|Cinderace, F|100\/100\n|switch|p2a: Ninetales|Ninetales-Alola, F|26\/100\n|-weather|Hail|[from] ability: Snow Warning|[of] p2a: Ninetales\n|\n|-weather|Hail|[upkeep]\n|-damage|p1a: Cinderace|95\/100|[from] Hail\n|upkeep\n|turn|29\n|\n|t:|1610008783\n|move|p1a: Cinderace|Pyro Ball|p2a: Ninetales|[miss]\n|-miss|p1a: Cinderace|p2a: Ninetales\n|move|p2a: Ninetales|Aurora Veil|p2a: Ninetales\n|-sidestart|p2: roboPOKE|move: Aurora Veil\n|\n|-weather|Hail|[upkeep]\n|-damage|p1a: Cinderace|89\/100|[from] Hail\n|upkeep\n|turn|30\n|\n|t:|1610008786\n|move|p1a: Cinderace|Pyro Ball|p2a: Ninetales\n|-supereffective|p2a: Ninetales\n|-damage|p2a: Ninetales|0 fnt\n|faint|p2a: Ninetales\n|\n|-weather|Hail|[upkeep]\n|-damage|p1a: Cinderace|83\/100|[from] Hail\n|upkeep\n|\n|t:|1610008787\n|switch|p2a: Magearna|Magearna|74\/100 par\n|turn|31\n|\n|t:|1610008789\n|move|p1a: Cinderace|Pyro Ball|p2a: Magearna\n|-supereffective|p2a: Magearna\n|-damage|p2a: Magearna|25\/100 par\n|move|p2a: Magearna|Thunderbolt|p1a: Cinderace\n|-damage|p1a: Cinderace|29\/100\n|\n|-weather|Hail|[upkeep]\n|-damage|p1a: Cinderace|23\/100|[from] Hail\n|-damage|p2a: Magearna|19\/100 par|[from] Hail\n|upkeep\n|turn|32\n|\n|t:|1610008794\n|move|p1a: Cinderace|Pyro Ball|p2a: Magearna\n|-supereffective|p2a: Magearna\n|-damage|p2a: Magearna|0 fnt\n|faint|p2a: Magearna\n|\n|win|keep6ftplaya\n|c|\u2606keep6ftplaya|gg\n|l| general_newb\n|c|\u2606roboPOKE|gg\n","uploadtime":1610008803,"views":38,"p1id":"keep6ftplaya","p2id":"robopoke","formatid":"gen8ou","rating":0,"private":0,"password":null}