{"id":"gen8uu-1682661286","p1":"luigigordovermelho","p2":"misplayin","format":"gen8uu","log":"|j|\u2606luigigordovermelho\n|j|\u2606misplayin\n|t:|1665444913\n|gametype|singles\n|player|p1|luigigordovermelho|ingo|1153\n|player|p2|misplayin|pokemonrangerf-gen4|1448\n|teamsize|p1|6\n|teamsize|p2|6\n|gen|8\n|tier|[Gen 8] UU\n|rated|\n|rule|Sleep Clause Mod: Limit one foe put to sleep\n|rule|Species Clause: Limit one of each Pok\u00e9mon\n|rule|OHKO Clause: OHKO moves are banned\n|rule|Evasion Items Clause: Evasion items are banned\n|rule|Evasion Moves Clause: Evasion moves are banned\n|rule|Endless Battle Clause: Forcing endless battles is banned\n|rule|HP Percentage Mod: HP is shown in percentages\n|rule|Dynamax Clause: You cannot dynamax\n|clearpoke\n|poke|p1|Regieleki|\n|poke|p1|Shuckle, M|\n|poke|p1|Hydreigon, M|\n|poke|p1|Chansey, F|\n|poke|p1|Excadrill, M|\n|poke|p1|Necrozma|\n|poke|p2|Politoed, M|\n|poke|p2|Kingdra, M|\n|poke|p2|Amoonguss, M|\n|poke|p2|Salamence, F|\n|poke|p2|Skarmory, F|\n|poke|p2|Diggersby, F|\n|teampreview\n|inactive|Battle timer is ON: inactive players will automatically lose when time's up. (requested by misplayin)\n|\n|t:|1665444926\n|start\n|switch|p1a: Hydreigon|Hydreigon, M, shiny|100\/100\n|switch|p2a: Politoed|Politoed, M|100\/100\n|-weather|RainDance|[from] ability: Drizzle|[of] p2a: Politoed\n|turn|1\n|\n|t:|1665444934\n|switch|p2a: Amoonguss|Amoonguss, M, shiny|100\/100\n|move|p1a: Hydreigon|Dark Pulse|p2a: Amoonguss\n|-damage|p2a: Amoonguss|73\/100\n|\n|-weather|RainDance|[upkeep]\n|-heal|p2a: Amoonguss|79\/100|[from] item: Black Sludge\n|upkeep\n|turn|2\n|\n|t:|1665444942\n|switch|p1a: Shuckle|Shuckle, M|100\/100\n|move|p2a: Amoonguss|Spore|p1a: Shuckle\n|-status|p1a: Shuckle|slp|[from] move: Spore\n|\n|-weather|RainDance|[upkeep]\n|-heal|p2a: Amoonguss|85\/100|[from] item: Black Sludge\n|upkeep\n|turn|3\n|\n|t:|1665444950\n|switch|p2a: Kingdra|Kingdra, M|100\/100\n|cant|p1a: Shuckle|slp\n|\n|-weather|RainDance|[upkeep]\n|upkeep\n|turn|4\n|inactive|luigigordovermelho has 120 seconds left.\n|\n|t:|1665444981\n|move|p2a: Kingdra|Flip Turn|p1a: Shuckle\n|-supereffective|p1a: Shuckle\n|-damage|p1a: Shuckle|61\/100 slp\n|\n|t:|1665444991\n|switch|p2a: Skarmory|Skarmory, F|100\/100|[from]move: Flip Turn\n|cant|p1a: Shuckle|slp\n|\n|-weather|RainDance|[upkeep]\n|-heal|p1a: Shuckle|67\/100 slp|[from] item: Leftovers\n|upkeep\n|turn|5\n|\n|t:|1665444999\n|switch|p1a: Necrozma|Necrozma|100\/100\n|move|p2a: Skarmory|Taunt|p1a: Necrozma\n|-start|p1a: Necrozma|move: Taunt\n|\n|-weather|RainDance|[upkeep]\n|upkeep\n|turn|6\n|\n|t:|1665445006\n|move|p1a: Necrozma|Heat Wave|p2a: Skarmory\n|-supereffective|p2a: Skarmory\n|-damage|p2a: Skarmory|57\/100\n|move|p2a: Skarmory|Spikes|p1a: Necrozma\n|-sidestart|p1: luigigordovermelho|Spikes\n|\n|-weather|RainDance|[upkeep]\n|upkeep\n|turn|7\n|\n|t:|1665445012\n|switch|p2a: Kingdra|Kingdra, M|100\/100\n|move|p1a: Necrozma|Heat Wave|p2a: Kingdra\n|-resisted|p2a: Kingdra\n|-damage|p2a: Kingdra|95\/100\n|\n|-weather|RainDance|[upkeep]\n|-end|p1a: Necrozma|move: Taunt\n|upkeep\n|turn|8\n|\n|t:|1665445032\n|move|p2a: Kingdra|Surf|p1a: Necrozma\n|-damage|p1a: Necrozma|0 fnt\n|faint|p1a: Necrozma\n|\n|-weather|none\n|upkeep\n|\n|t:|1665445043\n|switch|p1a: Regieleki|Regieleki|100\/100\n|-damage|p1a: Regieleki|88\/100|[from] Spikes\n|turn|9\n|\n|t:|1665445049\n|switch|p1a: Shuckle|Shuckle, M|67\/100 slp\n|-damage|p1a: Shuckle|55\/100 slp|[from] Spikes\n|switch|p2a: Diggersby|Diggersby, F|100\/100\n|\n|-heal|p1a: Shuckle|61\/100 slp|[from] item: Leftovers\n|upkeep\n|turn|10\n|\n|t:|1665445057\n|move|p2a: Diggersby|Earthquake|p1a: Shuckle\n|-damage|p1a: Shuckle|0 fnt\n|faint|p1a: Shuckle\n|\n|upkeep\n|\n|t:|1665445062\n|switch|p1a: Excadrill|Excadrill, M|100\/100\n|-item|p1a: Excadrill|Air Balloon\n|turn|11\n|\n|t:|1665445067\n|switch|p2a: Skarmory|Skarmory, F|57\/100\n|move|p1a: Excadrill|Rapid Spin|p2a: Skarmory\n|-resisted|p2a: Skarmory\n|-damage|p2a: Skarmory|51\/100\n|-boost|p1a: Excadrill|spe|1\n|-damage|p1a: Excadrill|84\/100|[from] item: Rocky Helmet|[of] p2a: Skarmory\n|-sideend|p1: luigigordovermelho|Spikes|[from] move: Rapid Spin|[of] p1a: Excadrill\n|\n|upkeep\n|turn|12\n|\n|t:|1665445075\n|move|p1a: Excadrill|Iron Head|p2a: Skarmory\n|-resisted|p2a: Skarmory\n|-damage|p2a: Skarmory|37\/100\n|-damage|p1a: Excadrill|67\/100|[from] item: Rocky Helmet|[of] p2a: Skarmory\n|cant|p2a: Skarmory|flinch\n|\n|upkeep\n|turn|13\n|\n|t:|1665445083\n|switch|p1a: Hydreigon|Hydreigon, M, shiny|100\/100\n|move|p2a: Skarmory|Body Press|p1a: Hydreigon\n|-supereffective|p1a: Hydreigon\n|-damage|p1a: Hydreigon|33\/100\n|\n|upkeep\n|turn|14\n|\n|t:|1665445089\n|switch|p2a: Amoonguss|Amoonguss, M, shiny|100\/100\n|move|p1a: Hydreigon|Draco Meteor|p2a: Amoonguss\n|-damage|p2a: Amoonguss|52\/100\n|-unboost|p1a: Hydreigon|spa|2\n|\n|-heal|p2a: Amoonguss|58\/100|[from] item: Black Sludge\n|upkeep\n|turn|15\n|\n|t:|1665445098\n|switch|p1a: Excadrill|Excadrill, M|67\/100\n|-item|p1a: Excadrill|Air Balloon\n|move|p2a: Amoonguss|Spore|p1a: Excadrill\n|-status|p1a: Excadrill|slp|[from] move: Spore\n|\n|-heal|p2a: Amoonguss|64\/100|[from] item: Black Sludge\n|upkeep\n|turn|16\n|\n|t:|1665445120\n|switch|p1a: Regieleki|Regieleki|88\/100\n|switch|p2a: Politoed|Politoed, M|100\/100\n|-weather|RainDance|[from] ability: Drizzle|[of] p2a: Politoed\n|\n|-weather|RainDance|[upkeep]\n|upkeep\n|turn|17\n|\n|t:|1665445129\n|switch|p2a: Diggersby|Diggersby, F|100\/100\n|move|p1a: Regieleki|Thunderbolt|p2a: Diggersby\n|-immune|p2a: Diggersby\n|\n|-weather|RainDance|[upkeep]\n|upkeep\n|turn|18\n|\n|t:|1665445136\n|switch|p1a: Excadrill|Excadrill, M|67\/100 slp\n|-item|p1a: Excadrill|Air Balloon\n|move|p2a: Diggersby|U-turn|p1a: Excadrill\n|-resisted|p1a: Excadrill\n|-damage|p1a: Excadrill|37\/100 slp\n|-enditem|p1a: Excadrill|Air Balloon\n|-message|luigigordovermelho forfeited.\n|\n|win|misplayin\n|raw|luigigordovermelho's rating: 1153 &rarr; <strong>1145<\/strong><br \/>(-8 for losing)\n|raw|misplayin's rating: 1448 &rarr; <strong>1454<\/strong><br \/>(+6 for winning)\n|l|\u2606luigigordovermelho\n||Ladder isn't responding, score probably updated but might not have (Request timeout).\n","uploadtime":1665445150,"views":15,"p1id":"luigigordovermelho","p2id":"misplayin","formatid":"gen8uu","rating":1145,"private":0,"password":null}