{"id":"gen8randombattle-1338533147","p1":"DjezzeMwoan","p2":"Arceuuus","format":"gen8randombattle","log":"|j|\u2606DjezzeMwoan\n|j|\u2606Arceuuus\n|t:|1620736908\n|gametype|singles\n|player|p1|DjezzeMwoan|52|2085\n|player|p2|Arceuuus|riley|1995\n|teamsize|p1|6\n|teamsize|p2|6\n|gen|8\n|tier|[Gen 8] Random Battle\n|rated|\n|rule|Species Clause: Limit one of each Pok\u00e9mon\n|rule|HP Percentage Mod: HP is shown in percentages\n|rule|Sleep Clause Mod: Limit one foe put to sleep\n|\n|t:|1620736908\n|start\n|switch|p1a: Aggron|Aggron, L84, F|255\/255\n|switch|p2a: Gourgeist|Gourgeist-Large, L84, M|263\/263\n|-item|p1a: Aggron|Air Balloon|[from] ability: Frisk|[of] p2a: Gourgeist|[identify]\n|-item|p1a: Aggron|Air Balloon\n|turn|1\n|\n|t:|1620736928\n|switch|p1a: Pelipper|Pelipper, L86, M|243\/243\n|-weather|RainDance|[from] ability: Drizzle|[of] p1a: Pelipper\n|move|p2a: Gourgeist|Poltergeist|p1a: Pelipper\n|-activate|p1a: Pelipper|move: Poltergeist|Heavy-Duty Boots\n|-damage|p1a: Pelipper|109\/243\n|-damage|p2a: Gourgeist|237\/263|[from] item: Life Orb\n|\n|-weather|RainDance|[upkeep]\n|upkeep\n|turn|2\n|\n|t:|1620736937\n|move|p2a: Gourgeist|Poltergeist|p1a: Pelipper\n|-activate|p1a: Pelipper|move: Poltergeist|Heavy-Duty Boots\n|-damage|p1a: Pelipper|0 fnt\n|faint|p1a: Pelipper\n|-damage|p2a: Gourgeist|211\/263|[from] item: Life Orb\n|\n|-weather|RainDance|[upkeep]\n|upkeep\n|\n|t:|1620736944\n|switch|p1a: Decidueye|Decidueye, L86, M|274\/274\n|turn|3\n|\n|t:|1620736963\n|move|p1a: Decidueye|Poltergeist|p2a: Gourgeist\n|-activate|p2a: Gourgeist|move: Poltergeist|Life Orb\n|-supereffective|p2a: Gourgeist\n|-damage|p2a: Gourgeist|0 fnt\n|faint|p2a: Gourgeist\n|\n|-weather|RainDance|[upkeep]\n|upkeep\n|\n|t:|1620736982\n|switch|p2a: Toxapex|Toxapex, L82, F|216\/216\n|turn|4\n|inactive|Battle timer is ON: inactive players will automatically lose when time's up. (requested by DjezzeMwoan)\n|\n|t:|1620736991\n|switch|p1a: Vanilluxe|Vanilluxe, L82, F|251\/251\n|-weather|Hail|[from] ability: Snow Warning|[of] p1a: Vanilluxe\n|move|p2a: Toxapex|Scald|p1a: Vanilluxe\n|-damage|p1a: Vanilluxe|215\/251\n|\n|-weather|Hail|[upkeep]\n|-damage|p2a: Toxapex|203\/216|[from] Hail\n|-heal|p2a: Toxapex|216\/216|[from] item: Black Sludge\n|upkeep\n|turn|5\n|\n|t:|1620736996\n|move|p1a: Vanilluxe|Freeze-Dry|p2a: Toxapex\n|-supereffective|p2a: Toxapex\n|-damage|p2a: Toxapex|112\/216\n|move|p2a: Toxapex|Toxic|p1a: Vanilluxe\n|-status|p1a: Vanilluxe|tox\n|\n|-weather|Hail|[upkeep]\n|-damage|p2a: Toxapex|99\/216|[from] Hail\n|-heal|p2a: Toxapex|112\/216|[from] item: Black Sludge\n|-damage|p1a: Vanilluxe|200\/251 tox|[from] psn\n|upkeep\n|turn|6\n|\n|t:|1620737003\n|switch|p2a: Centiskorch|Centiskorch, L84, F|305\/305\n|move|p1a: Vanilluxe|Explosion|p2a: Centiskorch\n|-damage|p2a: Centiskorch|102\/305\n|faint|p1a: Vanilluxe\n|\n|-weather|Hail|[upkeep]\n|-damage|p2a: Centiskorch|83\/305|[from] Hail\n|upkeep\n|\n|t:|1620737010\n|switch|p1a: Decidueye|Decidueye, L86, M|274\/274\n|turn|7\n|\n|t:|1620737014\n|move|p1a: Decidueye|Poltergeist|p2a: Centiskorch\n|-activate|p2a: Centiskorch|move: Poltergeist|Heavy-Duty Boots\n|-damage|p2a: Centiskorch|0 fnt\n|faint|p2a: Centiskorch\n|\n|-weather|Hail|[upkeep]\n|-damage|p1a: Decidueye|257\/274|[from] Hail\n|upkeep\n|\n|t:|1620737018\n|switch|p2a: Rayquaza|Rayquaza, L74|277\/277\n|-ability|p2a: Rayquaza|Air Lock\n|turn|8\n|\n|t:|1620737044\n|move|p2a: Rayquaza|Dragon Ascent|p1a: Decidueye\n|-supereffective|p1a: Decidueye\n|-damage|p1a: Decidueye|0 fnt\n|-unboost|p2a: Rayquaza|def|1\n|-unboost|p2a: Rayquaza|spd|1\n|faint|p1a: Decidueye\n|\n|-weather|none\n|upkeep\n|\n|t:|1620737046\n|switch|p1a: Aggron|Aggron, L84, F|255\/255\n|-item|p1a: Aggron|Air Balloon\n|turn|9\n|\n|t:|1620737051\n|switch|p2a: Barraskewda|Barraskewda, L80, F|229\/229\n|move|p1a: Aggron|Head Smash|p2a: Barraskewda\n|-damage|p2a: Barraskewda|0 fnt\n|faint|p2a: Barraskewda\n|\n|upkeep\n|\n|t:|1620737060\n|switch|p2a: Toxapex|Toxapex, L82, F|184\/216\n|turn|10\n|\n|t:|1620737064\n|switch|p1a: Thundurus|Thundurus, L80, M|258\/258\n|move|p2a: Toxapex|Scald|p1a: Thundurus\n|-damage|p1a: Thundurus|200\/258\n|-status|p1a: Thundurus|brn\n|\n|-heal|p2a: Toxapex|197\/216|[from] item: Black Sludge\n|-damage|p1a: Thundurus|184\/258 brn|[from] brn\n|upkeep\n|turn|11\n|\n|t:|1620737070\n|switch|p2a: Coalossal|Coalossal, L86, M|329\/329\n|move|p1a: Thundurus|Thunderbolt|p2a: Coalossal\n|-damage|p2a: Coalossal|187\/329\n|-status|p2a: Coalossal|par\n|-damage|p1a: Thundurus|159\/258 brn|[from] item: Life Orb\n|\n|-damage|p1a: Thundurus|143\/258 brn|[from] brn\n|upkeep\n|turn|12\n|\n|t:|1620737076\n|switch|p1a: Dialga|Dialga, L74|270\/270\n|-ability|p1a: Dialga|Pressure\n|move|p2a: Coalossal|Overheat|p1a: Dialga\n|-damage|p1a: Dialga|152\/270\n|-unboost|p2a: Coalossal|spa|2\n|\n|-heal|p1a: Dialga|168\/270|[from] item: Leftovers\n|upkeep\n|turn|13\n|\n|t:|1620737088\n|switch|p2a: Toxapex|Toxapex, L82, F|216\/216\n|move|p1a: Dialga|Stealth Rock|p2a: Toxapex\n|-sidestart|p2: Arceuuus|move: Stealth Rock\n|\n|-heal|p1a: Dialga|184\/270|[from] item: Leftovers\n|upkeep\n|turn|14\n|\n|t:|1620737095\n|move|p1a: Dialga|Thunderbolt|p2a: Toxapex\n|-supereffective|p2a: Toxapex\n|-damage|p2a: Toxapex|112\/216\n|move|p2a: Toxapex|Scald|p1a: Dialga\n|-resisted|p1a: Dialga\n|-damage|p1a: Dialga|157\/270\n|-status|p1a: Dialga|brn\n|\n|-heal|p1a: Dialga|173\/270 brn|[from] item: Leftovers\n|-heal|p2a: Toxapex|125\/216|[from] item: Black Sludge\n|-damage|p1a: Dialga|157\/270 brn|[from] brn\n|upkeep\n|turn|15\n|\n|t:|1620737098\n|move|p1a: Dialga|Thunderbolt|p2a: Toxapex\n|-supereffective|p2a: Toxapex\n|-damage|p2a: Toxapex|29\/216\n|move|p2a: Toxapex|Recover|p2a: Toxapex\n|-heal|p2a: Toxapex|137\/216\n|\n|-heal|p1a: Dialga|173\/270 brn|[from] item: Leftovers\n|-heal|p2a: Toxapex|150\/216|[from] item: Black Sludge\n|-damage|p1a: Dialga|157\/270 brn|[from] brn\n|upkeep\n|turn|16\n|\n|t:|1620737102\n|switch|p2a: Coalossal|Coalossal, L86, M|187\/329 par\n|move|p1a: Dialga|Thunderbolt|p2a: Coalossal\n|-damage|p2a: Coalossal|118\/329 par\n|\n|-heal|p1a: Dialga|173\/270 brn|[from] item: Leftovers\n|-damage|p1a: Dialga|157\/270 brn|[from] brn\n|upkeep\n|turn|17\n|\n|t:|1620737110\n|move|p1a: Dialga|Thunderbolt|p2a: Coalossal\n|-damage|p2a: Coalossal|47\/329 par\n|move|p2a: Coalossal|Overheat|p1a: Dialga|[miss]\n|-miss|p2a: Coalossal|p1a: Dialga\n|\n|-heal|p1a: Dialga|173\/270 brn|[from] item: Leftovers\n|-damage|p1a: Dialga|157\/270 brn|[from] brn\n|upkeep\n|turn|18\n|\n|t:|1620737115\n|move|p1a: Dialga|Thunderbolt|p2a: Coalossal\n|-damage|p2a: Coalossal|0 fnt\n|faint|p2a: Coalossal\n|\n|-heal|p1a: Dialga|173\/270 brn|[from] item: Leftovers\n|-damage|p1a: Dialga|157\/270 brn|[from] brn\n|upkeep\n|\n|t:|1620737118\n|switch|p2a: Rayquaza|Rayquaza, L74|277\/277\n|-ability|p2a: Rayquaza|Air Lock\n|turn|19\n|\n|t:|1620737125\n|-start|p2a: Rayquaza|Dynamax\n|-heal|p2a: Rayquaza|554\/554|[silent]\n|move|p2a: Rayquaza|Max Quake|p1a: Dialga\n|-supereffective|p1a: Dialga\n|-damage|p1a: Dialga|0 fnt\n|-boost|p2a: Rayquaza|spd|1\n|faint|p1a: Dialga\n|\n|upkeep\n|\n|t:|1620737129\n|switch|p1a: Aggron|Aggron, L84, F|255\/255\n|-item|p1a: Aggron|Air Balloon\n|turn|20\n|\n|t:|1620737136\n|-start|p1a: Aggron|Dynamax\n|-heal|p1a: Aggron|510\/510|[silent]\n|move|p1a: Aggron|Max Guard|p1a: Aggron\n|-singleturn|p1a: Aggron|Max Guard\n|move|p2a: Rayquaza|Max Airstream|p1a: Aggron\n|-activate|p1a: Aggron|move: Max Guard\n|\n|upkeep\n|turn|21\n|\n|t:|1620737146\n|move|p2a: Rayquaza|Max Airstream|p1a: Aggron\n|-resisted|p1a: Aggron\n|-damage|p1a: Aggron|489\/510\n|-boost|p2a: Rayquaza|spe|1\n|-enditem|p1a: Aggron|Air Balloon\n|move|p1a: Aggron|Max Rockfall|p2a: Rayquaza\n|-supereffective|p2a: Rayquaza\n|-damage|p2a: Rayquaza|138\/554\n|-weather|Sandstorm\n|\n|-weather|Sandstorm|[upkeep]\n|-end|p2a: Rayquaza|Dynamax\n|-heal|p2a: Rayquaza|69\/277|[silent]\n|upkeep\n|turn|22\n|\n|t:|1620737158\n|switch|p2a: Toxapex|Toxapex, L82, F|216\/216\n|-damage|p2a: Toxapex|189\/216|[from] Stealth Rock\n|move|p1a: Aggron|Max Rockfall|p2a: Toxapex\n|-crit|p2a: Toxapex\n|-damage|p2a: Toxapex|3\/216\n|\n|-weather|Sandstorm|[upkeep]\n|-damage|p2a: Toxapex|0 fnt|[from] Sandstorm\n|faint|p2a: Toxapex\n|-end|p1a: Aggron|Dynamax\n|-heal|p1a: Aggron|245\/255|[silent]\n|upkeep\n|\n|t:|1620737169\n|switch|p2a: Rayquaza|Rayquaza, L74|69\/277\n|-ability|p2a: Rayquaza|Air Lock\n|turn|23\n|\n|t:|1620737173\n|move|p2a: Rayquaza|Swords Dance|p2a: Rayquaza\n|-boost|p2a: Rayquaza|atk|2\n|move|p1a: Aggron|Heavy Slam|p2a: Rayquaza\n|-damage|p2a: Rayquaza|12\/277\n|\n|-weather|Sandstorm|[upkeep]\n|upkeep\n|turn|24\n|\n|t:|1620737182\n|move|p2a: Rayquaza|Earthquake|p1a: Aggron\n|-supereffective|p1a: Aggron\n|-damage|p1a: Aggron|0 fnt\n|faint|p1a: Aggron\n|\n|-weather|Sandstorm|[upkeep]\n|upkeep\n|\n|t:|1620737185\n|switch|p1a: Thundurus|Thundurus, L80, M|143\/258 brn\n|turn|25\n|\n|t:|1620737191\n|move|p2a: Rayquaza|Extreme Speed|p1a: Thundurus\n|-damage|p1a: Thundurus|0 fnt\n|faint|p1a: Thundurus\n|\n|win|Arceuuus\n|raw|DjezzeMwoan's rating: 2085 &rarr; <strong>2060<\/strong><br \/>(-25 for losing)\n|raw|Arceuuus's rating: 1995 &rarr; <strong>2020<\/strong><br \/>(+25 for winning)\n|l|\u2606DjezzeMwoan\n","inputlog":">version 2864b6dd8735d7e525ae5a582dd92718bc5a8e39\n>start {\"formatid\":\"gen8randombattle\",\"seed\":[63622,45371,31776,1252],\"rated\":\"Rated battle\"}\n>player p1 {\"name\":\"DjezzeMwoan\",\"avatar\":\"52\",\"rating\":2085,\"seed\":[56256,55005,40177,50159]}\n>player p2 {\"name\":\"Arceuuus\",\"avatar\":\"riley\",\"rating\":1995,\"seed\":[22749,62716,42164,63911]}\n>p1 switch 2\n>p2 move poltergeist\n>p1 move hurricane\n>p2 move poltergeist\n>p1 switch 4\n>p1 move poltergeist\n>p2 move poltergeist\n>p2 switch 6\n>p1 switch 3\n>p2 move scald\n>p1 move freezedry\n>p2 move toxic\n>p1 move explosion\n>p2 switch 5\n>p1 switch 3\n>p1 move poltergeist\n>p2 move firelash\n>p2 switch 2\n>p1 move poltergeist\n>p2 move dragonascent\n>p1 switch 2\n>p1 move headsmash\n>p2 switch 3\n>p2 switch 5\n>p1 switch 5\n>p2 move scald\n>p1 move thunderbolt\n>p2 switch 4\n>p1 switch 6\n>p2 move overheat\n>p1 move stealthrock\n>p2 switch 4\n>p1 move thunderbolt\n>p2 move scald\n>p1 move thunderbolt\n>p2 move recover\n>p1 move thunderbolt\n>p2 switch 4\n>p1 move thunderbolt\n>p2 move overheat\n>p1 move thunderbolt\n>p2 move overheat\n>p2 switch 3\n>p1 move dracometeor\n>p2 move earthquake dynamax\n>p1 switch 5\n>p1 move rockpolish dynamax\n>p2 move dragonascent dynamax\n>p1 move headsmash dynamax\n>p2 move dragonascent dynamax\n>p1 move headsmash dynamax\n>p2 switch 4\n>p2 switch 4\n>p1 move heavyslam\n>p2 move swordsdance\n>p1 move heavyslam\n>p2 move earthquake\n>p1 switch 6\n>p1 move thunderbolt\n>p2 move extremespeed","uploadtime":1620737198,"views":22,"p1id":"djezzemwoan","p2id":"arceuuus","formatid":"gen8randombattle","rating":2020,"private":0,"password":null}