{"id":"gen8ou-1690797342","p1":"ecall","p2":"machugen","format":"gen8ou","log":"|html|<div class=\"broadcast-blue\"><strong>[Gen 8] OU is currently suspecting Melmetal! For information on how to participate check out the <a href=\"https:\/\/www.smogon.com\/forums\/threads\/np-ss-ou-suspect-process-round-12-monster-mash.3709234\/\">suspect thread<\/a>.<\/strong><\/div>\n|j|\u2606ecall\n|j|\u2606machugen\n|t:|1666304628\n|gametype|singles\n|player|p1|ecall|265|1601\n|player|p2|machugen|koga-gen1|1766\n|teamsize|p1|6\n|teamsize|p2|6\n|gen|8\n|tier|[Gen 8] OU\n|rated|\n|rule|Sleep Clause Mod: Limit one foe put to sleep\n|rule|Species Clause: Limit one of each Pok\u00e9mon\n|rule|OHKO Clause: OHKO moves are banned\n|rule|Evasion Items Clause: Evasion items are banned\n|rule|Evasion Moves Clause: Evasion moves are banned\n|rule|Endless Battle Clause: Forcing endless battles is banned\n|rule|HP Percentage Mod: HP is shown in percentages\n|rule|Dynamax Clause: You cannot dynamax\n|clearpoke\n|poke|p1|Weavile, M|\n|poke|p1|Melmetal|\n|poke|p1|Kartana|\n|poke|p1|Dragonite, M|\n|poke|p1|Landorus-Therian, M|\n|poke|p1|Rhyperior, M|\n|poke|p2|Rillaboom, M|\n|poke|p2|Kartana|\n|poke|p2|Melmetal|\n|poke|p2|Zapdos|\n|poke|p2|Gastrodon-East, F|\n|poke|p2|Clefable, F|\n|teampreview\n|\n|t:|1666304647\n|start\n|switch|p1a: Weavile|Weavile, M|100\/100\n|switch|p2a: Kartana|Kartana, shiny|100\/100\n|-ability|p1a: Weavile|Pressure\n|turn|1\n|\n|t:|1666304659\n|switch|p1a: Dragonite|Dragonite, M|100\/100\n|move|p2a: Kartana|Knock Off|p1a: Dragonite\n|-damage|p1a: Dragonite|52\/100\n|-enditem|p1a: Dragonite|Heavy-Duty Boots|[from] move: Knock Off|[of] p2a: Kartana\n|\n|upkeep\n|turn|2\n|\n|t:|1666304668\n|switch|p2a: Clefable|Clefable, F, shiny|100\/100\n|move|p1a: Dragonite|Dragon Dance|p1a: Dragonite\n|-boost|p1a: Dragonite|atk|1\n|-boost|p1a: Dragonite|spe|1\n|\n|upkeep\n|turn|3\n|\n|t:|1666304671\n|move|p1a: Dragonite|Roost|p1a: Dragonite\n|-heal|p1a: Dragonite|100\/100\n|-singleturn|p1a: Dragonite|move: Roost\n|move|p2a: Clefable|Moonblast|p1a: Dragonite\n|-supereffective|p1a: Dragonite\n|-damage|p1a: Dragonite|29\/100\n|\n|upkeep\n|turn|4\n|\n|t:|1666304679\n|move|p1a: Dragonite|Earthquake|p2a: Clefable\n|-damage|p2a: Clefable|58\/100\n|move|p2a: Clefable|Thunder Wave|p1a: Dragonite\n|-status|p1a: Dragonite|par\n|\n|upkeep\n|turn|5\n|\n|t:|1666304686\n|move|p1a: Dragonite|Earthquake|p2a: Clefable\n|-damage|p2a: Clefable|11\/100\n|move|p2a: Clefable|Soft-Boiled|p2a: Clefable\n|-heal|p2a: Clefable|61\/100\n|\n|upkeep\n|turn|6\n|\n|t:|1666304690\n|move|p1a: Dragonite|Dragon Dance|p1a: Dragonite\n|-boost|p1a: Dragonite|atk|1\n|-boost|p1a: Dragonite|spe|1\n|move|p2a: Clefable|Soft-Boiled|p2a: Clefable\n|-heal|p2a: Clefable|100\/100\n|\n|upkeep\n|turn|7\n|\n|t:|1666304692\n|move|p1a: Dragonite|Earthquake|p2a: Clefable\n|-damage|p2a: Clefable|39\/100\n|move|p2a: Clefable|Moonblast|p1a: Dragonite\n|-supereffective|p1a: Dragonite\n|-damage|p1a: Dragonite|0 fnt\n|faint|p1a: Dragonite\n|\n|upkeep\n|\n|t:|1666304709\n|switch|p1a: Melmetal|Melmetal|100\/100\n|turn|8\n|\n|t:|1666304721\n|move|p2a: Clefable|Thunder Wave|p1a: Melmetal\n|-status|p1a: Melmetal|par\n|move|p1a: Melmetal|Double Iron Bash|p2a: Clefable\n|-supereffective|p2a: Clefable\n|-damage|p2a: Clefable|0 fnt\n|-damage|p1a: Melmetal|84\/100 par|[from] item: Rocky Helmet|[of] p2a: Clefable\n|faint|p2a: Clefable\n|-hitcount|p2: Clefable|1\n|\n|upkeep\n|\n|t:|1666304730\n|switch|p2a: Gastrodon|Gastrodon-East, F, shiny|100\/100\n|turn|9\n|\n|t:|1666304735\n|move|p2a: Gastrodon|Scald|p1a: Melmetal\n|-damage|p1a: Melmetal|59\/100 par\n|move|p1a: Melmetal|Double Iron Bash|p2a: Gastrodon\n|-resisted|p2a: Gastrodon\n|-damage|p2a: Gastrodon|66\/100\n|-resisted|p2a: Gastrodon\n|-damage|p2a: Gastrodon|31\/100\n|-hitcount|p2a: Gastrodon|2\n|\n|-heal|p2a: Gastrodon|37\/100|[from] item: Leftovers\n|upkeep\n|turn|10\n|\n|t:|1666304743\n|move|p2a: Gastrodon|Recover|p2a: Gastrodon\n|-heal|p2a: Gastrodon|88\/100\n|cant|p1a: Melmetal|par\n|\n|-heal|p2a: Gastrodon|94\/100|[from] item: Leftovers\n|upkeep\n|turn|11\n|\n|t:|1666304747\n|move|p2a: Gastrodon|Protect|p2a: Gastrodon\n|-singleturn|p2a: Gastrodon|Protect\n|move|p1a: Melmetal|Double Iron Bash|p2a: Gastrodon\n|-activate|p2a: Gastrodon|move: Protect\n|\n|-heal|p2a: Gastrodon|99\/100|[from] item: Leftovers\n|upkeep\n|turn|12\n|\n|t:|1666304752\n|switch|p2a: Zapdos|Zapdos, shiny|100\/100\n|move|p1a: Melmetal|Double Iron Bash|p2a: Zapdos\n|-resisted|p2a: Zapdos\n|-damage|p2a: Zapdos|75\/100\n|-resisted|p2a: Zapdos\n|-damage|p2a: Zapdos|51\/100\n|-hitcount|p2a: Zapdos|2\n|\n|upkeep\n|turn|13\n|\n|t:|1666304759\n|switch|p1a: Rhyperior|Rhyperior, M|100\/100\n|move|p2a: Zapdos|Roost|p2a: Zapdos\n|-heal|p2a: Zapdos|100\/100\n|-singleturn|p2a: Zapdos|move: Roost\n|\n|upkeep\n|turn|14\n|\n|t:|1666304770\n|switch|p2a: Rillaboom|Rillaboom, M, shiny|100\/100\n|-fieldstart|move: Grassy Terrain|[from] ability: Grassy Surge|[of] p2a: Rillaboom\n|move|p1a: Rhyperior|Stealth Rock|p2a: Rillaboom\n|-sidestart|p2: machugen|move: Stealth Rock\n|\n|upkeep\n|turn|15\n|\n|t:|1666304778\n|switch|p1a: Melmetal|Melmetal|59\/100 par\n|move|p2a: Rillaboom|Swords Dance|p2a: Rillaboom\n|-boost|p2a: Rillaboom|atk|2\n|\n|-heal|p1a: Melmetal|65\/100 par|[from] Grassy Terrain\n|upkeep\n|turn|16\n|\n|t:|1666304782\n|move|p2a: Rillaboom|Drain Punch|p1a: Melmetal\n|-supereffective|p1a: Melmetal\n|-damage|p1a: Melmetal|2\/100 par\n|move|p1a: Melmetal|Double Iron Bash|p2a: Rillaboom\n|-damage|p2a: Rillaboom|36\/100\n|-damage|p2a: Rillaboom|0 fnt\n|faint|p2a: Rillaboom\n|-hitcount|p2: Rillaboom|2\n|\n|-heal|p1a: Melmetal|8\/100 par|[from] Grassy Terrain\n|upkeep\n|\n|t:|1666304786\n|switch|p2a: Kartana|Kartana, shiny|100\/100\n|-damage|p2a: Kartana|94\/100|[from] Stealth Rock\n|turn|17\n|\n|t:|1666304795\n|move|p2a: Kartana|Knock Off|p1a: Melmetal\n|-damage|p1a: Melmetal|0 fnt\n|-enditem|p1a: Melmetal|Choice Band|[from] move: Knock Off|[of] p2a: Kartana\n|faint|p1a: Melmetal\n|-ability|p2a: Kartana|Beast Boost|boost\n|-boost|p2a: Kartana|atk|1\n|\n|-heal|p2a: Kartana|100\/100|[from] Grassy Terrain\n|upkeep\n|\n|t:|1666304798\n|switch|p1a: Weavile|Weavile, M|100\/100\n|-ability|p1a: Weavile|Pressure\n|turn|18\n|\n|t:|1666304807\n|switch|p2a: Gastrodon|Gastrodon-East, F, shiny|99\/100\n|-damage|p2a: Gastrodon|94\/100|[from] Stealth Rock\n|move|p1a: Weavile|Knock Off|p2a: Gastrodon\n|-damage|p2a: Gastrodon|13\/100\n|-enditem|p2a: Gastrodon|Leftovers|[from] move: Knock Off|[of] p1a: Weavile\n|\n|-heal|p2a: Gastrodon|19\/100|[from] Grassy Terrain\n|-fieldend|move: Grassy Terrain\n|upkeep\n|turn|19\n|\n|t:|1666304813\n|move|p1a: Weavile|Knock Off|p2a: Gastrodon\n|-damage|p2a: Gastrodon|0 fnt\n|faint|p2a: Gastrodon\n|\n|upkeep\n|\n|t:|1666304817\n|switch|p2a: Melmetal|Melmetal, shiny|100\/100\n|-damage|p2a: Melmetal|94\/100|[from] Stealth Rock\n|turn|20\n|\n|t:|1666304827\n|switch|p1a: Landorus|Landorus-Therian, M|100\/100\n|-ability|p1a: Landorus|Intimidate|boost\n|-unboost|p2a: Melmetal|atk|1\n|move|p2a: Melmetal|Double Iron Bash|p1a: Landorus\n|-damage|p1a: Landorus|69\/100\n|-damage|p1a: Landorus|37\/100\n|-hitcount|p1a: Landorus|2\n|\n|-heal|p1a: Landorus|43\/100|[from] item: Leftovers\n|-heal|p2a: Melmetal|100\/100|[from] item: Leftovers\n|upkeep\n|turn|21\n|\n|t:|1666304832\n|move|p1a: Landorus|Earthquake|p2a: Melmetal\n|-supereffective|p2a: Melmetal\n|-damage|p2a: Melmetal|37\/100\n|move|p2a: Melmetal|Double Iron Bash|p1a: Landorus\n|-damage|p1a: Landorus|9\/100\n|-damage|p1a: Landorus|0 fnt\n|faint|p1a: Landorus\n|-hitcount|p1: Landorus|2\n|\n|-heal|p2a: Melmetal|43\/100|[from] item: Leftovers\n|upkeep\n|\n|t:|1666304842\n|switch|p1a: Weavile|Weavile, M|100\/100\n|-ability|p1a: Weavile|Pressure\n|turn|22\n|\n|t:|1666304845\n|move|p2a: Melmetal|Protect|p2a: Melmetal\n|-singleturn|p2a: Melmetal|Protect\n|move|p1a: Weavile|Knock Off|p2a: Melmetal\n|-activate|p2a: Melmetal|move: Protect\n|\n|-heal|p2a: Melmetal|49\/100|[from] item: Leftovers\n|upkeep\n|turn|23\n|\n|t:|1666304847\n|switch|p2a: Zapdos|Zapdos, shiny|100\/100\n|move|p1a: Weavile|Knock Off|p2a: Zapdos\n|-damage|p2a: Zapdos|45\/100\n|-enditem|p2a: Zapdos|Heavy-Duty Boots|[from] move: Knock Off|[of] p1a: Weavile\n|\n|upkeep\n|turn|24\n|\n|t:|1666304855\n|switch|p1a: Rhyperior|Rhyperior, M|100\/100\n|move|p2a: Zapdos|Defog|p1a: Rhyperior\n|-unboost|p1a: Rhyperior|evasion|1\n|-sideend|p2: machugen|Stealth Rock|[from] move: Defog|[of] p2a: Zapdos\n|\n|upkeep\n|turn|25\n|\n|t:|1666304868\n|move|p2a: Zapdos|Roost|p2a: Zapdos\n|-heal|p2a: Zapdos|95\/100\n|-singleturn|p2a: Zapdos|move: Roost\n|move|p1a: Rhyperior|Earthquake|p2a: Zapdos\n|-supereffective|p2a: Zapdos\n|-damage|p2a: Zapdos|3\/100\n|\n|upkeep\n|turn|26\n|\n|t:|1666304874\n|move|p2a: Zapdos|Roost|p2a: Zapdos\n|-heal|p2a: Zapdos|53\/100\n|-singleturn|p2a: Zapdos|move: Roost\n|move|p1a: Rhyperior|Stealth Rock|p2a: Zapdos\n|-sidestart|p2: machugen|move: Stealth Rock\n|\n|upkeep\n|turn|27\n|\n|t:|1666304878\n|move|p2a: Zapdos|Defog|p1a: Rhyperior\n|-unboost|p1a: Rhyperior|evasion|1\n|-sideend|p2: machugen|Stealth Rock|[from] move: Defog|[of] p2a: Zapdos\n|move|p1a: Rhyperior|Earthquake|p2a: Zapdos\n|-immune|p2a: Zapdos\n|\n|upkeep\n|turn|28\n|\n|t:|1666304880\n|switch|p2a: Melmetal|Melmetal, shiny|49\/100\n|move|p1a: Rhyperior|Stealth Rock|p2a: Melmetal\n|-sidestart|p2: machugen|move: Stealth Rock\n|\n|-heal|p2a: Melmetal|56\/100|[from] item: Leftovers\n|upkeep\n|turn|29\n|\n|t:|1666304883\n|move|p2a: Melmetal|Double Iron Bash|p1a: Rhyperior\n|-supereffective|p1a: Rhyperior\n|-damage|p1a: Rhyperior|63\/100\n|-supereffective|p1a: Rhyperior\n|-damage|p1a: Rhyperior|22\/100\n|-hitcount|p1a: Rhyperior|2\n|cant|p1a: Rhyperior|flinch\n|\n|-heal|p2a: Melmetal|62\/100|[from] item: Leftovers\n|-heal|p1a: Rhyperior|29\/100|[from] item: Leftovers\n|upkeep\n|turn|30\n|\n|t:|1666304888\n|move|p2a: Melmetal|Double Iron Bash|p1a: Rhyperior\n|-supereffective|p1a: Rhyperior\n|-damage|p1a: Rhyperior|0 fnt\n|faint|p1a: Rhyperior\n|-hitcount|p1: Rhyperior|1\n|\n|-heal|p2a: Melmetal|68\/100|[from] item: Leftovers\n|upkeep\n|\n|t:|1666304895\n|switch|p1a: Kartana|Kartana|100\/100\n|turn|31\n|-message|ecall forfeited.\n|\n|win|machugen\n|raw|ecall's rating: 1601 &rarr; <strong>1590<\/strong><br \/>(-11 for losing)\n|raw|machugen's rating: 1766 &rarr; <strong>1777<\/strong><br \/>(+11 for winning)\n|l|\u2606ecall\n","uploadtime":1666304901,"views":4,"p1id":"ecall","p2id":"machugen","formatid":"gen8ou","rating":1590,"private":0,"password":null}