{"id":"gen8nationaldex-1566460951","p1":"Dave8_RA","p2":"Fastpitchkiller","format":"gen8nationaldex","log":"|j|\u2606Dave8_RA\n|j|\u2606Fastpitchkiller\n|t:|1651548301\n|gametype|singles\n|player|p1|Dave8_RA|266|\n|player|p2|Fastpitchkiller|169|\n|teamsize|p1|6\n|teamsize|p2|6\n|gen|8\n|tier|[Gen 8] National Dex\n|rule|HP Percentage Mod: HP is shown in percentages\n|rule|Endless Battle Clause: Forcing endless battles is banned\n|rule|OHKO Clause: OHKO moves are banned\n|rule|Evasion Moves Clause: Evasion moves are banned\n|rule|Species Clause: Limit one of each Pok\u00e9mon\n|rule|Dynamax Clause: You cannot dynamax\n|rule|Sleep Clause Mod: Limit one foe put to sleep\n|clearpoke\n|poke|p1|Venusaur, F|\n|poke|p1|Skarmory, M|\n|poke|p1|Chansey, F|\n|poke|p1|Victini|\n|poke|p1|Kommo-o, F|\n|poke|p1|Kartana|\n|poke|p2|Greninja, M|\n|poke|p2|Zapdos|\n|poke|p2|Mawile, M|\n|poke|p2|Slowbro, M|\n|poke|p2|Tyranitar, F|\n|poke|p2|Kommo-o, M|\n|teampreview\n|\n|t:|1651548354\n|start\n|switch|p1a: Victini|Victini|100\/100\n|switch|p2a: Zapdos|Zapdos|100\/100\n|turn|1\n|\n|t:|1651548374\n|switch|p1a: Chansey|Chansey, F|100\/100\n|move|p2a: Zapdos|Volt Switch|p1a: Chansey\n|-damage|p1a: Chansey|92\/100\n|\n|t:|1651548387\n|switch|p2a: Mawile|Mawile, M|100\/100|[from]move: Volt Switch\n|-ability|p2a: Mawile|Intimidate|boost\n|-unboost|p1a: Chansey|atk|1\n|\n|upkeep\n|turn|2\n|\n|t:|1651548401\n|switch|p1a: Skarmory|Skarmory, M|100\/100\n|move|p2a: Mawile|Knock Off|p1a: Skarmory\n|-damage|p1a: Skarmory|86\/100\n|-damage|p2a: Mawile|84\/100|[from] item: Rocky Helmet|[of] p1a: Skarmory\n|-enditem|p1a: Skarmory|Rocky Helmet|[from] move: Knock Off|[of] p2a: Mawile\n|\n|upkeep\n|turn|3\n|\n|t:|1651548429\n|switch|p2a: Zapdos|Zapdos|100\/100\n|move|p1a: Skarmory|Body Press|p2a: Zapdos\n|-resisted|p2a: Zapdos\n|-damage|p2a: Zapdos|90\/100\n|-status|p1a: Skarmory|par|[from] ability: Static|[of] p2a: Zapdos\n|\n|upkeep\n|turn|4\n|\n|t:|1651548457\n|switch|p1a: Venusaur|Venusaur, F|100\/100\n|move|p2a: Zapdos|Volt Switch|p1a: Venusaur\n|-resisted|p1a: Venusaur\n|-damage|p1a: Venusaur|91\/100\n|\n|t:|1651548469\n|switch|p2a: Tyranitar|Tyranitar, F|100\/100|[from]move: Volt Switch\n|-weather|Sandstorm|[from] ability: Sand Stream|[of] p2a: Tyranitar\n|\n|-weather|Sandstorm|[upkeep]\n|-damage|p1a: Venusaur|85\/100|[from] Sandstorm\n|upkeep\n|turn|5\n|\n|t:|1651548481\n|switch|p2a: Zapdos|Zapdos|90\/100\n|detailschange|p1a: Venusaur|Venusaur-Mega, F\n|-mega|p1a: Venusaur|Venusaur|Venusaurite\n|move|p1a: Venusaur|Leech Seed|p2a: Zapdos\n|-start|p2a: Zapdos|move: Leech Seed\n|\n|-weather|Sandstorm|[upkeep]\n|-damage|p2a: Zapdos|84\/100|[from] Sandstorm\n|-damage|p1a: Venusaur|79\/100|[from] Sandstorm\n|-damage|p2a: Zapdos|71\/100|[from] Leech Seed|[of] p1a: Venusaur\n|-heal|p1a: Venusaur|92\/100|[silent]\n|upkeep\n|turn|6\n|\n|t:|1651548497\n|move|p2a: Zapdos|Heat Wave|p1a: Venusaur\n|-supereffective|p1a: Venusaur\n|-damage|p1a: Venusaur|76\/100\n|move|p1a: Venusaur|Sludge Bomb|p2a: Zapdos\n|-damage|p2a: Zapdos|34\/100\n|\n|-weather|Sandstorm|[upkeep]\n|-damage|p2a: Zapdos|28\/100|[from] Sandstorm\n|-damage|p1a: Venusaur|70\/100|[from] Sandstorm\n|-damage|p2a: Zapdos|15\/100|[from] Leech Seed|[of] p1a: Venusaur\n|-heal|p1a: Venusaur|83\/100|[silent]\n|upkeep\n|turn|7\n|\n|t:|1651548512\n|move|p2a: Zapdos|Volt Switch|p1a: Venusaur\n|-resisted|p1a: Venusaur\n|-damage|p1a: Venusaur|73\/100\n|\n|t:|1651548516\n|switch|p2a: Tyranitar|Tyranitar, F|100\/100|[from]move: Volt Switch\n|move|p1a: Venusaur|Sludge Bomb|p2a: Tyranitar\n|-resisted|p2a: Tyranitar\n|-damage|p2a: Tyranitar|93\/100\n|\n|-weather|Sandstorm|[upkeep]\n|-damage|p1a: Venusaur|67\/100|[from] Sandstorm\n|-heal|p2a: Tyranitar|99\/100|[from] item: Leftovers\n|upkeep\n|turn|8\n|\n|t:|1651548528\n|move|p1a: Venusaur|Leech Seed|p2a: Tyranitar|[miss]\n|-miss|p1a: Venusaur|p2a: Tyranitar\n|move|p2a: Tyranitar|Stealth Rock|p1a: Venusaur\n|-sidestart|p1: Dave8_RA|move: Stealth Rock\n|\n|-weather|none\n|-heal|p2a: Tyranitar|100\/100|[from] item: Leftovers\n|upkeep\n|turn|9\n|\n|t:|1651548550\n|move|p1a: Venusaur|Giga Drain|p2a: Tyranitar\n|-supereffective|p2a: Tyranitar\n|-damage|p2a: Tyranitar|64\/100\n|-heal|p1a: Venusaur|87\/100|[from] drain|[of] p2a: Tyranitar\n|move|p2a: Tyranitar|Rock Blast|p1a: Venusaur\n|-damage|p1a: Venusaur|78\/100\n|-damage|p1a: Venusaur|70\/100\n|-hitcount|p1a: Venusaur|2\n|\n|-heal|p2a: Tyranitar|71\/100|[from] item: Leftovers\n|upkeep\n|turn|10\n|\n|t:|1651548569\n|switch|p2a: Zapdos|Zapdos|15\/100\n|move|p1a: Venusaur|Sludge Bomb|p2a: Zapdos\n|-damage|p2a: Zapdos|0 fnt\n|faint|p2a: Zapdos\n|\n|upkeep\n|\n|t:|1651548593\n|switch|p2a: Mawile|Mawile, M|84\/100\n|-ability|p2a: Mawile|Intimidate|boost\n|-unboost|p1a: Venusaur|atk|1\n|turn|11\n|\n|t:|1651548608\n|detailschange|p2a: Mawile|Mawile-Mega, M\n|-mega|p2a: Mawile|Mawile|Mawilite\n|move|p1a: Venusaur|Leech Seed|p2a: Mawile\n|-start|p2a: Mawile|move: Leech Seed\n|move|p2a: Mawile|Swords Dance|p2a: Mawile\n|-boost|p2a: Mawile|atk|2\n|\n|-damage|p2a: Mawile|71\/100|[from] Leech Seed|[of] p1a: Venusaur\n|-heal|p1a: Venusaur|79\/100|[silent]\n|upkeep\n|turn|12\n|\n|t:|1651548627\n|switch|p1a: Skarmory|Skarmory, M|86\/100 par\n|-damage|p1a: Skarmory|73\/100 par|[from] Stealth Rock\n|move|p2a: Mawile|Knock Off|p1a: Skarmory\n|-damage|p1a: Skarmory|22\/100 par\n|\n|-damage|p2a: Mawile|59\/100|[from] Leech Seed|[of] p1a: Skarmory\n|-heal|p1a: Skarmory|32\/100 par|[silent]\n|upkeep\n|turn|13\n|\n|t:|1651548641\n|move|p2a: Mawile|Knock Off|p1a: Skarmory\n|-damage|p1a: Skarmory|0 fnt\n|faint|p1a: Skarmory\n|\n|upkeep\n|\n|t:|1651548683\n|switch|p1a: Victini|Victini|100\/100\n|-damage|p1a: Victini|76\/100|[from] Stealth Rock\n|turn|14\n|\n|t:|1651548713\n|switch|p1a: Kartana|Kartana|100\/100\n|-damage|p1a: Kartana|94\/100|[from] Stealth Rock\n|move|p2a: Mawile|Knock Off|p1a: Kartana\n|-damage|p1a: Kartana|0 fnt\n|-enditem|p1a: Kartana|Focus Sash|[from] move: Knock Off|[of] p2a: Mawile\n|faint|p1a: Kartana\n|\n|upkeep\n|\n|t:|1651548728\n|switch|p1a: Victini|Victini|76\/100\n|-damage|p1a: Victini|51\/100|[from] Stealth Rock\n|turn|15\n|\n|t:|1651548740\n|move|p2a: Mawile|Sucker Punch|p1a: Victini\n|-supereffective|p1a: Victini\n|-damage|p1a: Victini|0 fnt\n|faint|p1a: Victini\n|\n|upkeep\n|\n|t:|1651548747\n|switch|p1a: Chansey|Chansey, F|92\/100\n|-damage|p1a: Chansey|80\/100|[from] Stealth Rock\n|turn|16\n|\n|t:|1651548753\n|move|p2a: Mawile|Knock Off|p1a: Chansey\n|-damage|p1a: Chansey|0 fnt\n|-enditem|p1a: Chansey|Eviolite|[from] move: Knock Off|[of] p2a: Mawile\n|faint|p1a: Chansey\n|\n|upkeep\n|\n|t:|1651548767\n|switch|p1a: Kommo-o|Kommo-o, F|100\/100\n|-damage|p1a: Kommo-o|94\/100|[from] Stealth Rock\n|turn|17\n|\n|t:|1651548776\n|move|p1a: Kommo-o|Flamethrower|p2a: Mawile\n|-supereffective|p2a: Mawile\n|-damage|p2a: Mawile|0 fnt\n|faint|p2a: Mawile\n|\n|upkeep\n|\n|t:|1651548792\n|switch|p2a: Greninja|Greninja, M|100\/100\n|turn|18\n|\n|t:|1651548802\n|switch|p1a: Venusaur|Venusaur-Mega, F|79\/100\n|-damage|p1a: Venusaur|66\/100|[from] Stealth Rock\n|move|p2a: Greninja|Ice Beam|p1a: Venusaur\n|-supereffective|p1a: Venusaur\n|-damage|p1a: Venusaur|41\/100\n|\n|upkeep\n|turn|19\n|\n|t:|1651548815\n|switch|p2a: Kommo-o|Kommo-o, M|100\/100\n|move|p1a: Venusaur|Synthesis|p1a: Venusaur\n|-heal|p1a: Venusaur|91\/100\n|\n|upkeep\n|turn|20\n|\n|t:|1651548826\n|move|p2a: Kommo-o|Clangorous Soul|p2a: Kommo-o\n|-boost|p2a: Kommo-o|atk|1\n|-boost|p2a: Kommo-o|def|1\n|-boost|p2a: Kommo-o|spa|1\n|-boost|p2a: Kommo-o|spd|1\n|-boost|p2a: Kommo-o|spe|1\n|-damage|p2a: Kommo-o|68\/100\n|move|p1a: Venusaur|Leech Seed|p2a: Kommo-o\n|-start|p2a: Kommo-o|move: Leech Seed\n|\n|-damage|p2a: Kommo-o|55\/100|[from] Leech Seed|[of] p1a: Venusaur\n|-heal|p1a: Venusaur|100\/100|[silent]\n|upkeep\n|turn|21\n|\n|t:|1651548847\n|-zpower|p2a: Kommo-o\n|move|p2a: Kommo-o|Clangorous Soulblaze|p1a: Venusaur|[zeffect]\n|-damage|p1a: Venusaur|33\/100\n|-boost|p2a: Kommo-o|atk|1\n|-boost|p2a: Kommo-o|def|1\n|-boost|p2a: Kommo-o|spa|1\n|-boost|p2a: Kommo-o|spd|1\n|-boost|p2a: Kommo-o|spe|1\n|move|p1a: Venusaur|Synthesis|p1a: Venusaur\n|-heal|p1a: Venusaur|83\/100\n|\n|-damage|p2a: Kommo-o|43\/100|[from] Leech Seed|[of] p1a: Venusaur\n|-heal|p1a: Venusaur|93\/100|[silent]\n|upkeep\n|turn|22\n|\n|t:|1651548880\n|move|p2a: Kommo-o|Clanging Scales|p1a: Venusaur\n|-crit|p1a: Venusaur\n|-damage|p1a: Venusaur|4\/100\n|-unboost|p2a: Kommo-o|def|1\n|move|p1a: Venusaur|Synthesis|p1a: Venusaur\n|-heal|p1a: Venusaur|54\/100\n|\n|-damage|p2a: Kommo-o|30\/100|[from] Leech Seed|[of] p1a: Venusaur\n|-heal|p1a: Venusaur|64\/100|[silent]\n|upkeep\n|turn|23\n|\n|t:|1651548903\n|move|p2a: Kommo-o|Clanging Scales|p1a: Venusaur\n|-damage|p1a: Venusaur|10\/100\n|-unboost|p2a: Kommo-o|def|1\n|move|p1a: Venusaur|Synthesis|p1a: Venusaur\n|-heal|p1a: Venusaur|60\/100\n|\n|-damage|p2a: Kommo-o|18\/100|[from] Leech Seed|[of] p1a: Venusaur\n|-heal|p1a: Venusaur|70\/100|[silent]\n|upkeep\n|turn|24\n|\n|t:|1651548918\n|move|p2a: Kommo-o|Clanging Scales|p1a: Venusaur\n|-damage|p1a: Venusaur|12\/100\n|-unboost|p2a: Kommo-o|def|1\n|move|p1a: Venusaur|Synthesis|p1a: Venusaur\n|-heal|p1a: Venusaur|62\/100\n|\n|-damage|p2a: Kommo-o|6\/100|[from] Leech Seed|[of] p1a: Venusaur\n|-heal|p1a: Venusaur|72\/100|[silent]\n|upkeep\n|turn|25\n|\n|t:|1651548929\n|move|p2a: Kommo-o|Clanging Scales|p1a: Venusaur\n|-damage|p1a: Venusaur|18\/100\n|-unboost|p2a: Kommo-o|def|1\n|move|p1a: Venusaur|Synthesis|p1a: Venusaur\n|-heal|p1a: Venusaur|68\/100\n|\n|-damage|p2a: Kommo-o|0 fnt|[from] Leech Seed|[of] p1a: Venusaur\n|-heal|p1a: Venusaur|72\/100|[silent]\n|faint|p2a: Kommo-o\n|upkeep\n|\n|t:|1651548939\n|switch|p2a: Slowbro|Slowbro, M|100\/100\n|turn|26\n|\n|t:|1651548951\n|move|p1a: Venusaur|Leech Seed|p2a: Slowbro\n|-start|p2a: Slowbro|move: Leech Seed\n|move|p2a: Slowbro|Future Sight|p1a: Venusaur\n|-start|p2a: Slowbro|move: Future Sight\n|\n|-damage|p2a: Slowbro|88\/100|[from] Leech Seed|[of] p1a: Venusaur\n|-heal|p1a: Venusaur|86\/100|[silent]\n|upkeep\n|turn|27\n|\n|t:|1651548966\n|switch|p1a: Kommo-o|Kommo-o, F|94\/100\n|-damage|p1a: Kommo-o|88\/100|[from] Stealth Rock\n|move|p2a: Slowbro|Teleport|p2a: Slowbro\n|\n|t:|1651548971\n|switch|p2a: Greninja|Greninja, M|100\/100|[from]move: Teleport\n|\n|upkeep\n|turn|28\n|\n|t:|1651548983\n|move|p2a: Greninja|Ice Beam|p1a: Kommo-o\n|-supereffective|p1a: Kommo-o\n|-damage|p1a: Kommo-o|0 fnt\n|faint|p1a: Kommo-o\n|-activate|p2a: Greninja|ability: Battle Bond\n|detailschange|p2a: Greninja|Greninja-Ash, M\n|\n|-hint|Future Sight did not hit because the target is fainted.\n|upkeep\n|\n|t:|1651548992\n|switch|p1a: Venusaur|Venusaur-Mega, F|86\/100\n|-damage|p1a: Venusaur|74\/100|[from] Stealth Rock\n|turn|29\n|\n|t:|1651548998\n|switch|p2a: Tyranitar|Tyranitar, F|71\/100\n|-weather|Sandstorm|[from] ability: Sand Stream|[of] p2a: Tyranitar\n|move|p1a: Venusaur|Giga Drain|p2a: Tyranitar\n|-supereffective|p2a: Tyranitar\n|-damage|p2a: Tyranitar|45\/100\n|-heal|p1a: Venusaur|88\/100|[from] drain|[of] p2a: Tyranitar\n|\n|-weather|Sandstorm|[upkeep]\n|-damage|p1a: Venusaur|82\/100|[from] Sandstorm\n|-heal|p2a: Tyranitar|51\/100|[from] item: Leftovers\n|upkeep\n|turn|30\n|\n|t:|1651549014\n|move|p1a: Venusaur|Giga Drain|p2a: Tyranitar\n|-supereffective|p2a: Tyranitar\n|-damage|p2a: Tyranitar|28\/100\n|-heal|p1a: Venusaur|95\/100|[from] drain|[of] p2a: Tyranitar\n|move|p2a: Tyranitar|Rock Blast|p1a: Venusaur\n|-damage|p1a: Venusaur|86\/100\n|-damage|p1a: Venusaur|76\/100\n|-damage|p1a: Venusaur|67\/100\n|-hitcount|p1a: Venusaur|3\n|\n|-weather|Sandstorm|[upkeep]\n|-damage|p1a: Venusaur|61\/100|[from] Sandstorm\n|-heal|p2a: Tyranitar|34\/100|[from] item: Leftovers\n|upkeep\n|turn|31\n|\n|t:|1651549029\n|move|p1a: Venusaur|Giga Drain|p2a: Tyranitar\n|-supereffective|p2a: Tyranitar\n|-damage|p2a: Tyranitar|7\/100\n|-heal|p1a: Venusaur|75\/100|[from] drain|[of] p2a: Tyranitar\n|move|p2a: Tyranitar|Rock Blast|p1a: Venusaur\n|-damage|p1a: Venusaur|66\/100\n|-damage|p1a: Venusaur|57\/100\n|-damage|p1a: Venusaur|47\/100\n|-damage|p1a: Venusaur|37\/100\n|-hitcount|p1a: Venusaur|4\n|\n|-weather|Sandstorm|[upkeep]\n|-damage|p1a: Venusaur|31\/100|[from] Sandstorm\n|-heal|p2a: Tyranitar|13\/100|[from] item: Leftovers\n|upkeep\n|turn|32\n|\n|t:|1651549045\n|move|p1a: Venusaur|Synthesis|p1a: Venusaur\n|-heal|p1a: Venusaur|56\/100\n|move|p2a: Tyranitar|Rock Blast|p1a: Venusaur\n|-damage|p1a: Venusaur|48\/100\n|-damage|p1a: Venusaur|39\/100\n|-damage|p1a: Venusaur|31\/100\n|-damage|p1a: Venusaur|22\/100\n|-damage|p1a: Venusaur|12\/100\n|-hitcount|p1a: Venusaur|5\n|\n|-weather|Sandstorm|[upkeep]\n|-damage|p1a: Venusaur|6\/100|[from] Sandstorm\n|-heal|p2a: Tyranitar|20\/100|[from] item: Leftovers\n|upkeep\n|turn|33\n|\n|t:|1651549064\n|move|p1a: Venusaur|Synthesis|p1a: Venusaur\n|-heal|p1a: Venusaur|31\/100\n|move|p2a: Tyranitar|Rock Blast|p1a: Venusaur\n|-damage|p1a: Venusaur|22\/100\n|-damage|p1a: Venusaur|13\/100\n|-hitcount|p1a: Venusaur|2\n|\n|-weather|none\n|-heal|p2a: Tyranitar|26\/100|[from] item: Leftovers\n|upkeep\n|turn|34\n|\n|t:|1651549082\n|move|p1a: Venusaur|Giga Drain|p2a: Tyranitar\n|-supereffective|p2a: Tyranitar\n|-damage|p2a: Tyranitar|0 fnt\n|-heal|p1a: Venusaur|27\/100|[from] drain|[of] p2a: Tyranitar\n|faint|p2a: Tyranitar\n|\n|upkeep\n|\n|t:|1651549088\n|switch|p2a: Greninja|Greninja-Ash, M|100\/100\n|turn|35\n|\n|t:|1651549092\n|move|p2a: Greninja|Ice Beam|p1a: Venusaur\n|-supereffective|p1a: Venusaur\n|-damage|p1a: Venusaur|0 fnt\n|faint|p1a: Venusaur\n|\n|win|Fastpitchkiller\n|l|\u2606Fastpitchkiller\n|l|\u2606Dave8_RA\n","uploadtime":1651549100,"views":17,"p1id":"dave8ra","p2id":"fastpitchkiller","formatid":"gen8nationaldex","rating":0,"private":0,"password":null}