{"id":"gen8ru-1571640820","p1":"xSkelly34","p2":"Eeveekid10","format":"gen8ru","log":"|j|\u2606xSkelly34\n|j|\u2606Eeveekid10\n|inactive|Battle timer is ON: inactive players will automatically lose when time's up.\n|t:|1652183414\n|gametype|singles\n|player|p1|xSkelly34|bugsy|\n|player|p2|Eeveekid10|elaine|\n|teamsize|p1|6\n|teamsize|p2|6\n|gen|8\n|tier|[Gen 8] RU\n|rated|Tournament battle\n|rule|Sleep Clause Mod: Limit one foe put to sleep\n|rule|Species Clause: Limit one of each Pok\u00e9mon\n|rule|OHKO Clause: OHKO moves are banned\n|rule|Evasion Moves Clause: Evasion moves are banned\n|rule|Endless Battle Clause: Forcing endless battles is banned\n|rule|HP Percentage Mod: HP is shown in percentages\n|rule|Dynamax Clause: You cannot dynamax\n|clearpoke\n|poke|p1|Cresselia, F|\n|poke|p1|Suicune|\n|poke|p1|Registeel|\n|poke|p1|Nidoqueen, F|\n|poke|p1|Heracross, M|\n|poke|p1|Noivern, F|\n|poke|p2|Celebi|\n|poke|p2|Lucario, F|\n|poke|p2|Gastrodon, M|\n|poke|p2|Registeel|\n|poke|p2|Crobat, M|\n|poke|p2|Salazzle, F|\n|teampreview\n|j|*Lady Monita \u273f\n|inactive|Eeveekid10 also wants the timer to be on.\n|\n|t:|1652183430\n|start\n|switch|p1a: Heracross|Heracross, M|100\/100\n|switch|p2a: Crobat|Crobat, M|100\/100\n|turn|1\n|c|\u2606Eeveekid10|Dude\n|c|\u2606Eeveekid10|I remember losing to this\n|\n|t:|1652183438\n|switch|p1a: Suicune|Suicune|100\/100\n|-ability|p1a: Suicune|Pressure\n|move|p2a: Crobat|Brave Bird|p1a: Suicune\n|-damage|p1a: Suicune|72\/100\n|-damage|p2a: Crobat|90\/100|[from] Recoil\n|\n|-heal|p1a: Suicune|78\/100|[from] item: Leftovers\n|upkeep\n|turn|2\n|\n|t:|1652183450\n|move|p2a: Crobat|U-turn|p1a: Suicune\n|-damage|p1a: Suicune|68\/100\n|\n|t:|1652183477\n|switch|p2a: Celebi|Celebi|100\/100|[from]move: U-turn\n|move|p1a: Suicune|Calm Mind|p1a: Suicune\n|-boost|p1a: Suicune|spa|1\n|-boost|p1a: Suicune|spd|1\n|\n|-heal|p1a: Suicune|74\/100|[from] item: Leftovers\n|upkeep\n|turn|3\n|inactive|xSkelly34 has 120 seconds left.\n|inactive|Eeveekid10 has 120 seconds left.\n|inactive|xSkelly34 has 90 seconds left.\n|\n|t:|1652183550\n|switch|p2a: Gastrodon|Gastrodon, M|100\/100\n|switch|p1a: Cresselia|Cresselia, F|100\/100\n|\n|upkeep\n|turn|4\n|inactive|Eeveekid10 has 120 seconds left.\n|\n|t:|1652183571\n|move|p1a: Cresselia|Trick|p2a: Gastrodon\n|-activate|p1a: Cresselia|move: Trick|[of] p2a: Gastrodon\n|-item|p2a: Gastrodon|Choice Scarf|[from] move: Trick\n|-item|p1a: Cresselia|Leftovers|[from] move: Trick\n|move|p2a: Gastrodon|Clear Smog|p1a: Cresselia\n|-damage|p1a: Cresselia|93\/100\n|-clearboost|p1a: Cresselia\n|\n|-heal|p1a: Cresselia|99\/100|[from] item: Leftovers\n|upkeep\n|turn|5\n|inactive|xSkelly34 has 90 seconds left.\n|\n|t:|1652183582\n|switch|p1a: Nidoqueen|Nidoqueen, F|100\/100\n|move|p2a: Gastrodon|Clear Smog|p1a: Nidoqueen\n|-resisted|p1a: Nidoqueen\n|-damage|p1a: Nidoqueen|97\/100\n|-clearboost|p1a: Nidoqueen\n|\n|upkeep\n|turn|6\n|inactive|xSkelly34 has 90 seconds left.\n|inactive|Eeveekid10 has 120 seconds left.\n|\n|t:|1652183595\n|switch|p2a: Celebi|Celebi|100\/100\n|move|p1a: Nidoqueen|Toxic Spikes|p2a: Celebi\n|-sidestart|p2: Eeveekid10|move: Toxic Spikes\n|\n|upkeep\n|turn|7\n|inactive|Eeveekid10 has 120 seconds left.\n|\n|t:|1652183605\n|switch|p1a: Noivern|Noivern, F|100\/100\n|move|p2a: Celebi|Nasty Plot|p2a: Celebi\n|-boost|p2a: Celebi|spa|2\n|\n|upkeep\n|turn|8\n|inactive|xSkelly34 has 90 seconds left.\n|\n|t:|1652183627\n|switch|p2a: Registeel|Registeel|100\/100\n|move|p1a: Noivern|Hurricane|p2a: Registeel\n|-resisted|p2a: Registeel\n|-damage|p2a: Registeel|89\/100\n|\n|-heal|p2a: Registeel|95\/100|[from] item: Leftovers\n|upkeep\n|turn|9\n|c|\u2606Eeveekid10|Just realised that 5\/6 of my team isnt affected by tspikes\n|inactive|Eeveekid10 has 120 seconds left.\n|\n|t:|1652183643\n|switch|p1a: Heracross|Heracross, M|100\/100\n|move|p2a: Registeel|Stealth Rock|p1a: Heracross\n|-sidestart|p1: xSkelly34|move: Stealth Rock\n|\n|-heal|p2a: Registeel|100\/100|[from] item: Leftovers\n|-status|p1a: Heracross|brn|[from] item: Flame Orb\n|upkeep\n|turn|10\n|\n|t:|1652183652\n|move|p2a: Registeel|Protect|p2a: Registeel\n|-singleturn|p2a: Registeel|Protect\n|move|p1a: Heracross|Knock Off|p2a: Registeel\n|-activate|p2a: Registeel|move: Protect\n|\n|-damage|p1a: Heracross|95\/100 brn|[from] brn\n|upkeep\n|turn|11\n|inactive|xSkelly34 has 90 seconds left.\n|\n|t:|1652183674\n|switch|p2a: Lucario|Lucario, F|100\/100\n|move|p1a: Heracross|Close Combat|p2a: Lucario\n|-supereffective|p2a: Lucario\n|-crit|p2a: Lucario\n|-enditem|p2a: Lucario|Chople Berry|[eat]\n|-enditem|p2a: Lucario|Chople Berry|[weaken]\n|-damage|p2a: Lucario|0 fnt\n|-unboost|p1a: Heracross|def|1\n|-unboost|p1a: Heracross|spd|1\n|faint|p2a: Lucario\n|\n|-damage|p1a: Heracross|89\/100 brn|[from] brn\n|upkeep\n|j| Fart Stinky\n|c|\u2606Eeveekid10|Crit mattered\n|c|\u2606Eeveekid10|Right\n|c| Fart Stinky|Eeveekid10\n|\n|t:|1652183690\n|switch|p2a: Salazzle|Salazzle, F|100\/100\n|-sideend|p2: Eeveekid10|move: Toxic Spikes|[of] p2a: Salazzle\n|turn|12\n|c|\u2606xSkelly34|easily\n|\n|t:|1652183698\n|switch|p1a: Nidoqueen|Nidoqueen, F|97\/100\n|-damage|p1a: Nidoqueen|91\/100|[from] Stealth Rock\n|move|p2a: Salazzle|Flamethrower|p1a: Nidoqueen\n|-damage|p1a: Nidoqueen|43\/100\n|\n|upkeep\n|turn|13\n|j| Han_Sama\n|\n|t:|1652183718\n|switch|p1a: Noivern|Noivern, F|100\/100\n|move|p2a: Salazzle|Flamethrower|p1a: Noivern\n|-resisted|p1a: Noivern\n|-damage|p1a: Noivern|72\/100\n|-status|p1a: Noivern|brn\n|\n|-damage|p1a: Noivern|65\/100 brn|[from] brn\n|upkeep\n|turn|14\n|l| Han_Sama\n|\n|t:|1652183746\n|move|p2a: Salazzle|Sludge Bomb|p1a: Noivern\n|-damage|p1a: Noivern|12\/100 brn\n|move|p1a: Noivern|Draco Meteor|p2a: Salazzle\n|-damage|p2a: Salazzle|6\/100\n|-unboost|p1a: Noivern|spa|2\n|\n|-damage|p1a: Noivern|6\/100 brn|[from] brn\n|upkeep\n|turn|15\n|\n|t:|1652183752\n|move|p2a: Salazzle|Flamethrower|p1a: Noivern\n|-resisted|p1a: Noivern\n|-damage|p1a: Noivern|0 fnt\n|faint|p1a: Noivern\n|\n|upkeep\n|inactive|xSkelly34 has 90 seconds left.\n|inactive|xSkelly34 has 60 seconds left.\n|inactive|xSkelly34 has 30 seconds left.\n|\n|t:|1652183843\n|switch|p1a: Suicune|Suicune|74\/100\n|-damage|p1a: Suicune|61\/100|[from] Stealth Rock\n|-ability|p1a: Suicune|Pressure\n|turn|16\n|\n|t:|1652183859\n|switch|p2a: Celebi|Celebi|100\/100\n|move|p1a: Suicune|Scald|p2a: Celebi\n|-resisted|p2a: Celebi\n|-damage|p2a: Celebi|89\/100\n|-status|p2a: Celebi|brn\n|\n|-heal|p1a: Suicune|68\/100|[from] item: Leftovers\n|-damage|p2a: Celebi|83\/100 brn|[from] brn\n|upkeep\n|turn|17\n|\n|t:|1652183869\n|switch|p1a: Registeel|Registeel|100\/100\n|-damage|p1a: Registeel|94\/100|[from] Stealth Rock\n|move|p2a: Celebi|Nasty Plot|p2a: Celebi\n|-boost|p2a: Celebi|spa|2\n|\n|-damage|p2a: Celebi|77\/100 brn|[from] brn\n|upkeep\n|turn|18\n|\n|t:|1652183873\n|move|p2a: Celebi|Earth Power|p1a: Registeel\n|-supereffective|p1a: Registeel\n|-damage|p1a: Registeel|6\/100\n|-damage|p2a: Celebi|67\/100 brn|[from] item: Life Orb\n|move|p1a: Registeel|Amnesia|p1a: Registeel\n|-boost|p1a: Registeel|spd|2\n|\n|-damage|p2a: Celebi|61\/100 brn|[from] brn\n|upkeep\n|turn|19\n|\n|t:|1652183878\n|switch|p1a: Cresselia|Cresselia, F|99\/100\n|-damage|p1a: Cresselia|86\/100|[from] Stealth Rock\n|move|p2a: Celebi|Earth Power|p1a: Cresselia\n|-immune|p1a: Cresselia|[from] ability: Levitate\n|\n|-heal|p1a: Cresselia|92\/100|[from] item: Leftovers\n|-damage|p2a: Celebi|54\/100 brn|[from] brn\n|upkeep\n|turn|20\n|\n|t:|1652183883\n|move|p2a: Celebi|Recover|p2a: Celebi\n|-heal|p2a: Celebi|100\/100 brn\n|move|p1a: Cresselia|Moonblast|p2a: Celebi\n|-damage|p2a: Celebi|77\/100 brn\n|\n|-heal|p1a: Cresselia|98\/100|[from] item: Leftovers\n|-damage|p2a: Celebi|70\/100 brn|[from] brn\n|upkeep\n|turn|21\n|\n|t:|1652183893\n|-curestatus|p2a: Celebi|brn|[from] ability: Natural Cure\n|switch|p2a: Crobat|Crobat, M|90\/100\n|move|p1a: Cresselia|Moonblast|p2a: Crobat\n|-resisted|p2a: Crobat\n|-damage|p2a: Crobat|77\/100\n|-unboost|p2a: Crobat|spa|1\n|\n|-heal|p1a: Cresselia|100\/100|[from] item: Leftovers\n|upkeep\n|turn|22\n|\n|t:|1652183896\n|move|p2a: Crobat|U-turn|p1a: Cresselia\n|-supereffective|p1a: Cresselia\n|-damage|p1a: Cresselia|76\/100\n|\n|t:|1652183902\n|switch|p2a: Celebi|Celebi|70\/100|[from]move: U-turn\n|move|p1a: Cresselia|Lunar Dance|p1a: Cresselia\n|faint|p1a: Cresselia\n|\n|upkeep\n|\n|t:|1652183905\n|switch|p1a: Registeel|Registeel|6\/100\n|-heal|p1a: Registeel|100\/100|[from] move: Lunar Dance\n|-damage|p1a: Registeel|94\/100|[from] Stealth Rock\n|turn|23\n|\n|t:|1652183914\n|switch|p2a: Gastrodon|Gastrodon, M|100\/100\n|move|p1a: Registeel|Amnesia|p1a: Registeel\n|-boost|p1a: Registeel|spd|2\n|\n|upkeep\n|turn|24\n|\n|t:|1652183917\n|switch|p2a: Salazzle|Salazzle, F|6\/100\n|move|p1a: Registeel|Amnesia|p1a: Registeel\n|-boost|p1a: Registeel|spd|2\n|\n|upkeep\n|turn|25\n|\n|t:|1652183928\n|move|p2a: Salazzle|Taunt|p1a: Registeel\n|-start|p1a: Registeel|move: Taunt\n|cant|p1a: Registeel|move: Taunt|Iron Defense\n|\n|upkeep\n|turn|26\n|inactive|Eeveekid10 has 120 seconds left.\n|inactive|Eeveekid10 has 90 seconds left.\n|inactive|Eeveekid10 has 60 seconds left.\n|\n|t:|1652184021\n|move|p2a: Salazzle|Nasty Plot|p2a: Salazzle\n|-boost|p2a: Salazzle|spa|2\n|move|p1a: Registeel|Body Press|p2a: Salazzle\n|-resisted|p2a: Salazzle\n|-damage|p2a: Salazzle|0 fnt\n|faint|p2a: Salazzle\n|\n|upkeep\n|\n|t:|1652184024\n|switch|p2a: Celebi|Celebi|70\/100\n|turn|27\n|\n|t:|1652184029\n|move|p2a: Celebi|Nasty Plot|p2a: Celebi\n|-boost|p2a: Celebi|spa|2\n|move|p1a: Registeel|Body Press|p2a: Celebi\n|-resisted|p2a: Celebi\n|-damage|p2a: Celebi|55\/100\n|\n|-end|p1a: Registeel|move: Taunt\n|upkeep\n|turn|28\n|\n|t:|1652184033\n|move|p2a: Celebi|Nasty Plot|p2a: Celebi\n|-boost|p2a: Celebi|spa|2\n|move|p1a: Registeel|Amnesia|p1a: Registeel\n|-boost|p1a: Registeel|spd|2\n|\n|upkeep\n|turn|29\n|\n|t:|1652184035\n|move|p2a: Celebi|Nasty Plot|p2a: Celebi\n|-boost|p2a: Celebi|spa|2\n|move|p1a: Registeel|Iron Defense|p1a: Registeel\n|-boost|p1a: Registeel|def|2\n|\n|upkeep\n|turn|30\n|\n|t:|1652184042\n|move|p2a: Celebi|Recover|p2a: Celebi\n|-heal|p2a: Celebi|100\/100\n|move|p1a: Registeel|Body Press|p2a: Celebi\n|-resisted|p2a: Celebi\n|-damage|p2a: Celebi|69\/100\n|\n|upkeep\n|turn|31\n|inactive|Eeveekid10 has 90 seconds left.\n|\n|t:|1652184070\n|move|p2a: Celebi|Earth Power|p1a: Registeel\n|-supereffective|p1a: Registeel\n|-damage|p1a: Registeel|49\/100\n|-damage|p2a: Celebi|59\/100|[from] item: Life Orb\n|move|p1a: Registeel|Body Press|p2a: Celebi\n|-resisted|p2a: Celebi\n|-damage|p2a: Celebi|28\/100\n|\n|upkeep\n|turn|32\n|\n|t:|1652184079\n|move|p2a: Celebi|Recover|p2a: Celebi\n|-heal|p2a: Celebi|78\/100\n|move|p1a: Registeel|Iron Defense|p1a: Registeel\n|-boost|p1a: Registeel|def|2\n|\n|upkeep\n|turn|33\n|\n|t:|1652184081\n|move|p2a: Celebi|Earth Power|p1a: Registeel\n|-supereffective|p1a: Registeel\n|-damage|p1a: Registeel|4\/100\n|-damage|p2a: Celebi|68\/100|[from] item: Life Orb\n|move|p1a: Registeel|Body Press|p2a: Celebi\n|-resisted|p2a: Celebi\n|-damage|p2a: Celebi|16\/100\n|\n|upkeep\n|turn|34\n|\n|t:|1652184085\n|move|p2a: Celebi|Earth Power|p1a: Registeel\n|-supereffective|p1a: Registeel\n|-crit|p1a: Registeel\n|-damage|p1a: Registeel|0 fnt\n|faint|p1a: Registeel\n|-damage|p2a: Celebi|6\/100|[from] item: Life Orb\n|\n|upkeep\n|\n|t:|1652184091\n|switch|p1a: Nidoqueen|Nidoqueen, F|43\/100\n|-damage|p1a: Nidoqueen|37\/100|[from] Stealth Rock\n|turn|35\n|\n|t:|1652184098\n|move|p2a: Celebi|Recover|p2a: Celebi\n|-heal|p2a: Celebi|56\/100\n|move|p1a: Nidoqueen|Ice Beam|p2a: Celebi\n|-supereffective|p2a: Celebi\n|-damage|p2a: Celebi|6\/100\n|\n|upkeep\n|turn|36\n|\n|t:|1652184109\n|move|p2a: Celebi|Psychic|p1a: Nidoqueen\n|-supereffective|p1a: Nidoqueen\n|-damage|p1a: Nidoqueen|0 fnt\n|faint|p1a: Nidoqueen\n|-damage|p2a: Celebi|0 fnt|[from] item: Life Orb\n|faint|p2a: Celebi\n|\n|upkeep\n|\n|t:|1652184117\n|switch|p2a: Crobat|Crobat, M|77\/100\n|switch|p1a: Suicune|Suicune|68\/100\n|-damage|p1a: Suicune|55\/100|[from] Stealth Rock\n|-ability|p1a: Suicune|Pressure\n|turn|37\n|\n|t:|1652184122\n|move|p1a: Suicune|Protect|p1a: Suicune\n|-singleturn|p1a: Suicune|Protect\n|move|p2a: Crobat|U-turn|p1a: Suicune\n|-activate|p1a: Suicune|move: Protect\n|\n|-heal|p1a: Suicune|61\/100|[from] item: Leftovers\n|upkeep\n|turn|38\n|\n|t:|1652184139\n|move|p2a: Crobat|Brave Bird|p1a: Suicune\n|-damage|p1a: Suicune|32\/100\n|-damage|p2a: Crobat|67\/100|[from] Recoil\n|move|p1a: Suicune|Calm Mind|p1a: Suicune\n|-boost|p1a: Suicune|spa|1\n|-boost|p1a: Suicune|spd|1\n|\n|-heal|p1a: Suicune|38\/100|[from] item: Leftovers\n|upkeep\n|turn|39\n|\n|t:|1652184145\n|move|p1a: Suicune|Protect|p1a: Suicune\n|-singleturn|p1a: Suicune|Protect\n|move|p2a: Crobat|U-turn|p1a: Suicune\n|-activate|p1a: Suicune|move: Protect\n|\n|-heal|p1a: Suicune|44\/100|[from] item: Leftovers\n|upkeep\n|turn|40\n|\n|t:|1652184150\n|move|p2a: Crobat|U-turn|p1a: Suicune\n|-damage|p1a: Suicune|33\/100\n|\n|t:|1652184153\n|switch|p2a: Gastrodon|Gastrodon, M|100\/100|[from]move: U-turn\n|move|p1a: Suicune|Scald|p2a: Gastrodon\n|-ability|p2a: Gastrodon|Storm Drain|boost\n|-boost|p2a: Gastrodon|spa|1\n|\n|-heal|p1a: Suicune|39\/100|[from] item: Leftovers\n|upkeep\n|turn|41\n|\n|t:|1652184159\n|move|p1a: Suicune|Substitute|p1a: Suicune\n|-start|p1a: Suicune|Substitute\n|-damage|p1a: Suicune|14\/100\n|move|p2a: Gastrodon|Clear Smog|p1a: Suicune\n|-activate|p1a: Suicune|move: Substitute|[damage]\n|\n|-heal|p1a: Suicune|20\/100|[from] item: Leftovers\n|upkeep\n|turn|42\n|\n|t:|1652184167\n|switch|p2a: Crobat|Crobat, M|67\/100\n|move|p1a: Suicune|Calm Mind|p1a: Suicune\n|-boost|p1a: Suicune|spa|1\n|-boost|p1a: Suicune|spd|1\n|\n|-heal|p1a: Suicune|26\/100|[from] item: Leftovers\n|upkeep\n|turn|43\n|\n|t:|1652184169\n|move|p1a: Suicune|Protect|p1a: Suicune\n|-singleturn|p1a: Suicune|Protect\n|move|p2a: Crobat|Brave Bird|p1a: Suicune\n|-activate|p1a: Suicune|move: Protect\n|\n|-heal|p1a: Suicune|32\/100|[from] item: Leftovers\n|upkeep\n|turn|44\n|inactive|xSkelly34 has 120 seconds left.\n|\n|t:|1652184202\n|move|p2a: Crobat|Brave Bird|p1a: Suicune\n|-damage|p1a: Suicune|6\/100\n|-damage|p2a: Crobat|57\/100|[from] Recoil\n|move|p1a: Suicune|Scald|p2a: Crobat\n|-damage|p2a: Crobat|0 fnt\n|faint|p2a: Crobat\n|\n|-heal|p1a: Suicune|12\/100|[from] item: Leftovers\n|upkeep\n|\n|t:|1652184215\n|switch|p2a: Registeel|Registeel|100\/100\n|turn|45\n|\n|t:|1652184217\n|switch|p2a: Gastrodon|Gastrodon, M|100\/100\n|move|p1a: Suicune|Protect||[still]\n|-fail|p1a: Suicune\n|\n|-heal|p1a: Suicune|19\/100|[from] item: Leftovers\n|upkeep\n|turn|46\n|\n|t:|1652184218\n|switch|p2a: Registeel|Registeel|100\/100\n|move|p1a: Suicune|Protect||[still]\n|-fail|p1a: Suicune\n|\n|-heal|p1a: Suicune|25\/100|[from] item: Leftovers\n|upkeep\n|turn|47\n|\n|t:|1652184220\n|switch|p2a: Gastrodon|Gastrodon, M|100\/100\n|move|p1a: Suicune|Protect||[still]\n|-fail|p1a: Suicune\n|\n|-heal|p1a: Suicune|31\/100|[from] item: Leftovers\n|upkeep\n|turn|48\n|\n|t:|1652184225\n|move|p1a: Suicune|Protect|p1a: Suicune\n|-singleturn|p1a: Suicune|Protect\n|move|p2a: Gastrodon|Earth Power|p1a: Suicune\n|-activate|p1a: Suicune|move: Protect\n|\n|-heal|p1a: Suicune|37\/100|[from] item: Leftovers\n|upkeep\n|turn|49\n|\n|t:|1652184227\n|switch|p2a: Registeel|Registeel|100\/100\n|move|p1a: Suicune|Calm Mind|p1a: Suicune\n|-boost|p1a: Suicune|spa|1\n|-boost|p1a: Suicune|spd|1\n|\n|-heal|p1a: Suicune|43\/100|[from] item: Leftovers\n|upkeep\n|turn|50\n|\n|t:|1652184229\n|switch|p2a: Gastrodon|Gastrodon, M|100\/100\n|move|p1a: Suicune|Calm Mind|p1a: Suicune\n|-boost|p1a: Suicune|spa|1\n|-boost|p1a: Suicune|spd|1\n|\n|-heal|p1a: Suicune|50\/100|[from] item: Leftovers\n|upkeep\n|turn|51\n|\n|t:|1652184232\n|switch|p2a: Registeel|Registeel|100\/100\n|move|p1a: Suicune|Calm Mind|p1a: Suicune\n|-boost|p1a: Suicune|spa|1\n|-boost|p1a: Suicune|spd|1\n|\n|-heal|p1a: Suicune|56\/100|[from] item: Leftovers\n|upkeep\n|turn|52\n|\n|t:|1652184235\n|switch|p2a: Gastrodon|Gastrodon, M|100\/100\n|move|p1a: Suicune|Calm Mind|p1a: Suicune\n|-boost|p1a: Suicune|spa|1\n|-boost|p1a: Suicune|spd|1\n|\n|-heal|p1a: Suicune|62\/100|[from] item: Leftovers\n|upkeep\n|turn|53\n|\n|t:|1652184237\n|move|p1a: Suicune|Scald|p2a: Gastrodon\n|-ability|p2a: Gastrodon|Storm Drain|boost\n|-boost|p2a: Gastrodon|spa|1\n|move|p2a: Gastrodon|Clear Smog|p1a: Suicune\n|-activate|p1a: Suicune|move: Substitute|[damage]\n|\n|-heal|p1a: Suicune|68\/100|[from] item: Leftovers\n|upkeep\n|turn|54\n|\n|t:|1652184240\n|move|p1a: Suicune|Scald|p2a: Gastrodon\n|-ability|p2a: Gastrodon|Storm Drain|boost\n|-boost|p2a: Gastrodon|spa|1\n|move|p2a: Gastrodon|Clear Smog|p1a: Suicune\n|-activate|p1a: Suicune|move: Substitute|[damage]\n|\n|-heal|p1a: Suicune|74\/100|[from] item: Leftovers\n|upkeep\n|turn|55\n|\n|t:|1652184242\n|move|p1a: Suicune|Scald|p2a: Gastrodon\n|-ability|p2a: Gastrodon|Storm Drain|boost\n|-boost|p2a: Gastrodon|spa|1\n|move|p2a: Gastrodon|Clear Smog|p1a: Suicune\n|-activate|p1a: Suicune|move: Substitute|[damage]\n|\n|-heal|p1a: Suicune|80\/100|[from] item: Leftovers\n|upkeep\n|turn|56\n|\n|t:|1652184245\n|move|p1a: Suicune|Scald|p2a: Gastrodon\n|-ability|p2a: Gastrodon|Storm Drain|boost\n|-boost|p2a: Gastrodon|spa|1\n|move|p2a: Gastrodon|Clear Smog|p1a: Suicune\n|-end|p1a: Suicune|Substitute\n|\n|-heal|p1a: Suicune|87\/100|[from] item: Leftovers\n|upkeep\n|turn|57\n|\n|t:|1652184249\n|move|p1a: Suicune|Substitute|p1a: Suicune\n|-start|p1a: Suicune|Substitute\n|-damage|p1a: Suicune|62\/100\n|move|p2a: Gastrodon|Clear Smog|p1a: Suicune\n|-activate|p1a: Suicune|move: Substitute|[damage]\n|\n|-heal|p1a: Suicune|68\/100|[from] item: Leftovers\n|upkeep\n|turn|58\n|\n|t:|1652184271\n|move|p1a: Suicune|Calm Mind|p1a: Suicune\n|-boost|p1a: Suicune|spa|0\n|-boost|p1a: Suicune|spd|0\n|move|p2a: Gastrodon|Clear Smog|p1a: Suicune\n|-activate|p1a: Suicune|move: Substitute|[damage]\n|\n|-heal|p1a: Suicune|74\/100|[from] item: Leftovers\n|upkeep\n|turn|59\n|inactive|Eeveekid10 has 120 seconds left.\n|inactive|Eeveekid10 has 90 seconds left.\n|\n|t:|1652184352\n|move|p1a: Suicune|Scald|p2a: Gastrodon\n|-ability|p2a: Gastrodon|Storm Drain|boost\n|-boost|p2a: Gastrodon|spa|1\n|move|p2a: Gastrodon|Clear Smog|p1a: Suicune\n|-activate|p1a: Suicune|move: Substitute|[damage]\n|\n|-heal|p1a: Suicune|80\/100|[from] item: Leftovers\n|upkeep\n|turn|60\n|\n|t:|1652184358\n|move|p1a: Suicune|Scald|p2a: Gastrodon\n|-ability|p2a: Gastrodon|Storm Drain|boost\n|-boost|p2a: Gastrodon|spa|1\n|move|p2a: Gastrodon|Clear Smog|p1a: Suicune\n|-end|p1a: Suicune|Substitute\n|\n|-heal|p1a: Suicune|86\/100|[from] item: Leftovers\n|upkeep\n|turn|61\n|\n|t:|1652184360\n|move|p1a: Suicune|Substitute|p1a: Suicune\n|-start|p1a: Suicune|Substitute\n|-damage|p1a: Suicune|61\/100\n|move|p2a: Gastrodon|Clear Smog|p1a: Suicune\n|-activate|p1a: Suicune|move: Substitute|[damage]\n|\n|-heal|p1a: Suicune|68\/100|[from] item: Leftovers\n|upkeep\n|turn|62\n|\n|t:|1652184362\n|move|p1a: Suicune|Scald|p2a: Gastrodon\n|-immune|p2a: Gastrodon|[from] ability: Storm Drain\n|move|p2a: Gastrodon|Clear Smog|p1a: Suicune\n|-activate|p1a: Suicune|move: Substitute|[damage]\n|\n|-heal|p1a: Suicune|74\/100|[from] item: Leftovers\n|upkeep\n|turn|63\n|\n|t:|1652184366\n|switch|p2a: Registeel|Registeel|100\/100\n|move|p1a: Suicune|Scald|p2a: Registeel\n|-damage|p2a: Registeel|49\/100\n|\n|-heal|p1a: Suicune|80\/100|[from] item: Leftovers\n|-heal|p2a: Registeel|55\/100|[from] item: Leftovers\n|upkeep\n|turn|64\n|\n|t:|1652184373\n|move|p2a: Registeel|Protect|p2a: Registeel\n|-singleturn|p2a: Registeel|Protect\n|move|p1a: Suicune|Scald|p2a: Registeel\n|-activate|p2a: Registeel|move: Protect\n|\n|-heal|p1a: Suicune|86\/100|[from] item: Leftovers\n|-heal|p2a: Registeel|61\/100|[from] item: Leftovers\n|upkeep\n|turn|65\n|\n|t:|1652184376\n|switch|p2a: Gastrodon|Gastrodon, M|100\/100\n|move|p1a: Suicune|Calm Mind|p1a: Suicune\n|-boost|p1a: Suicune|spa|0\n|-boost|p1a: Suicune|spd|0\n|\n|-heal|p1a: Suicune|92\/100|[from] item: Leftovers\n|upkeep\n|turn|66\n|\n|t:|1652184387\n|move|p1a: Suicune|Calm Mind|p1a: Suicune\n|-boost|p1a: Suicune|spa|0\n|-boost|p1a: Suicune|spd|0\n|move|p2a: Gastrodon|Earth Power|p1a: Suicune\n|-activate|p1a: Suicune|move: Substitute|[damage]\n|\n|-heal|p1a: Suicune|99\/100|[from] item: Leftovers\n|upkeep\n|turn|67\n|\n|t:|1652184391\n|move|p1a: Suicune|Calm Mind|p1a: Suicune\n|-boost|p1a: Suicune|spa|0\n|-boost|p1a: Suicune|spd|0\n|move|p2a: Gastrodon|Earth Power|p1a: Suicune\n|-end|p1a: Suicune|Substitute\n|\n|-heal|p1a: Suicune|100\/100|[from] item: Leftovers\n|upkeep\n|turn|68\n|\n|t:|1652184402\n|move|p1a: Suicune|Substitute|p1a: Suicune\n|-start|p1a: Suicune|Substitute\n|-damage|p1a: Suicune|75\/100\n|move|p2a: Gastrodon|Earth Power|p1a: Suicune\n|-activate|p1a: Suicune|move: Substitute|[damage]\n|\n|-heal|p1a: Suicune|82\/100|[from] item: Leftovers\n|upkeep\n|turn|69\n|\n|t:|1652184405\n|switch|p2a: Registeel|Registeel|61\/100\n|move|p1a: Suicune|Calm Mind|p1a: Suicune\n|-boost|p1a: Suicune|spa|0\n|-boost|p1a: Suicune|spd|0\n|\n|-heal|p1a: Suicune|88\/100|[from] item: Leftovers\n|-heal|p2a: Registeel|68\/100|[from] item: Leftovers\n|upkeep\n|turn|70\n|\n|t:|1652184409\n|switch|p1a: Heracross|Heracross, M|89\/100 brn\n|-damage|p1a: Heracross|76\/100 brn|[from] Stealth Rock\n|move|p2a: Registeel|Protect||[still]\n|-fail|p2a: Registeel\n|\n|-heal|p2a: Registeel|74\/100|[from] item: Leftovers\n|-damage|p1a: Heracross|70\/100 brn|[from] brn\n|upkeep\n|turn|71\n|\n|t:|1652184421\n|switch|p2a: Gastrodon|Gastrodon, M|100\/100\n|move|p1a: Heracross|Close Combat|p2a: Gastrodon\n|-damage|p2a: Gastrodon|29\/100\n|-unboost|p1a: Heracross|def|1\n|-unboost|p1a: Heracross|spd|1\n|\n|-damage|p1a: Heracross|64\/100 brn|[from] brn\n|upkeep\n|turn|72\n|\n|t:|1652184426\n|move|p1a: Heracross|Close Combat|p2a: Gastrodon\n|-damage|p2a: Gastrodon|0 fnt\n|-unboost|p1a: Heracross|def|1\n|-unboost|p1a: Heracross|spd|1\n|faint|p2a: Gastrodon\n|\n|-damage|p1a: Heracross|58\/100 brn|[from] brn\n|upkeep\n|\n|t:|1652184427\n|switch|p2a: Registeel|Registeel|74\/100\n|turn|73\n|\n|t:|1652184429\n|move|p2a: Registeel|Protect|p2a: Registeel\n|-singleturn|p2a: Registeel|Protect\n|move|p1a: Heracross|Close Combat|p2a: Registeel\n|-activate|p2a: Registeel|move: Protect\n|\n|-heal|p2a: Registeel|80\/100|[from] item: Leftovers\n|-damage|p1a: Heracross|52\/100 brn|[from] brn\n|upkeep\n|turn|74\n|\n|t:|1652184433\n|move|p1a: Heracross|Close Combat|p2a: Registeel\n|-supereffective|p2a: Registeel\n|-damage|p2a: Registeel|0 fnt\n|-unboost|p1a: Heracross|def|1\n|-unboost|p1a: Heracross|spd|1\n|faint|p2a: Registeel\n|\n|win|xSkelly34\n|n|\u2606xSkelly34|xskelly34\n|n|\u2606Eeveekid10|eeveekid10\n|n|*Lady Monita \u273f|ladymonita\n|n| Fart Stinky|fartstinky\n|l|*Lady Monita \u273f\n|l|\u2606xSkelly34\n|c|\u2606Eeveekid10|Gg\n","uploadtime":1652184441,"views":16,"p1id":"xskelly34","p2id":"eeveekid10","formatid":"gen8ru","rating":0,"private":0,"password":null}