{"id":"gen8ou-1690942024","p1":"cows123p","p2":"minimax_ai","format":"gen8ou","log":"|html|<div class=\"broadcast-blue\"><strong>[Gen 8] OU is currently suspecting Melmetal! For information on how to participate check out the <a href=\"https:\/\/www.smogon.com\/forums\/threads\/np-ss-ou-suspect-process-round-12-monster-mash.3709234\/\">suspect thread<\/a>.<\/strong><\/div>\n|j|\u2606cows123p\n|j|\u2606minimax_ai\n|t:|1666319916\n|gametype|singles\n|player|p1|cows123p|twins-gen4dp|1571\n|player|p2|minimax_ai|lusamine-nihilego|1503\n|teamsize|p1|6\n|teamsize|p2|6\n|gen|8\n|tier|[Gen 8] OU\n|rated|\n|rule|Sleep Clause Mod: Limit one foe put to sleep\n|rule|Species Clause: Limit one of each Pok\u00e9mon\n|rule|OHKO Clause: OHKO moves are banned\n|rule|Evasion Items Clause: Evasion items are banned\n|rule|Evasion Moves Clause: Evasion moves are banned\n|rule|Endless Battle Clause: Forcing endless battles is banned\n|rule|HP Percentage Mod: HP is shown in percentages\n|rule|Dynamax Clause: You cannot dynamax\n|clearpoke\n|poke|p1|Diggersby, M|\n|poke|p1|Tapu Lele|\n|poke|p1|Ribombee, F|\n|poke|p1|Urshifu-*, F|\n|poke|p1|Heatran, M|\n|poke|p1|Kartana|\n|poke|p2|Rotom-Wash|\n|poke|p2|Weavile, F|\n|poke|p2|Landorus-Therian, M|\n|poke|p2|Heatran, M|\n|poke|p2|Tangrowth, F|\n|poke|p2|Melmetal|\n|teampreview\n|c|\u2606minimax_ai|hf\n|inactive|Battle timer is ON: inactive players will automatically lose when time's up. (requested by minimax_ai)\n|\n|t:|1666319922\n|start\n|switch|p1a: Ribombee|Ribombee, F|100\/100\n|switch|p2a: landorustherian|Landorus-Therian, M|100\/100\n|-ability|p2a: landorustherian|Intimidate|boost\n|-unboost|p1a: Ribombee|atk|1\n|turn|1\n|\n|t:|1666319928\n|move|p1a: Ribombee|Sticky Web|p2a: landorustherian\n|-sidestart|p2: minimax_ai|move: Sticky Web\n|move|p2a: landorustherian|Earthquake|p1a: Ribombee\n|-resisted|p1a: Ribombee\n|-damage|p1a: Ribombee|55\/100\n|\n|upkeep\n|turn|2\n|\n|t:|1666319937\n|move|p1a: Ribombee|Sticky Web||[still]\n|-fail|p1a: Ribombee\n|move|p2a: landorustherian|Defog|p1a: Ribombee\n|-unboost|p1a: Ribombee|evasion|1\n|-sideend|p2: minimax_ai|Sticky Web|[from] move: Defog|[of] p2a: landorustherian\n|\n|upkeep\n|turn|3\n|\n|t:|1666319943\n|move|p1a: Ribombee|Sticky Web|p2a: landorustherian\n|-sidestart|p2: minimax_ai|move: Sticky Web\n|move|p2a: landorustherian|Earthquake|p1a: Ribombee\n|-resisted|p1a: Ribombee\n|-damage|p1a: Ribombee|5\/100\n|\n|upkeep\n|turn|4\n|\n|t:|1666319947\n|move|p1a: Ribombee|Sticky Web||[still]\n|-fail|p1a: Ribombee\n|move|p2a: landorustherian|Defog|p1a: Ribombee\n|-unboost|p1a: Ribombee|evasion|1\n|-sideend|p2: minimax_ai|Sticky Web|[from] move: Defog|[of] p2a: landorustherian\n|\n|upkeep\n|turn|5\n|\n|t:|1666319952\n|move|p1a: Ribombee|Sticky Web|p2a: landorustherian\n|-sidestart|p2: minimax_ai|move: Sticky Web\n|move|p2a: landorustherian|Earthquake|p1a: Ribombee\n|-resisted|p1a: Ribombee\n|-damage|p1a: Ribombee|0 fnt\n|faint|p1a: Ribombee\n|\n|upkeep\n|\n|t:|1666319958\n|switch|p1a: Urshifu|Urshifu-Rapid-Strike, F|100\/100\n|turn|6\n|\n|t:|1666319962\n|switch|p2a: Tangrowth|Tangrowth, F|100\/100\n|-activate|p2a: Tangrowth|move: Sticky Web\n|-unboost|p2a: Tangrowth|spe|1\n|move|p1a: Urshifu|Surging Strikes|p2a: Tangrowth\n|-resisted|p2a: Tangrowth\n|-crit|p2a: Tangrowth\n|-damage|p2a: Tangrowth|93\/100\n|-damage|p1a: Urshifu|84\/100|[from] item: Rocky Helmet|[of] p2a: Tangrowth\n|-resisted|p2a: Tangrowth\n|-crit|p2a: Tangrowth\n|-damage|p2a: Tangrowth|85\/100\n|-damage|p1a: Urshifu|68\/100|[from] item: Rocky Helmet|[of] p2a: Tangrowth\n|-resisted|p2a: Tangrowth\n|-crit|p2a: Tangrowth\n|-damage|p2a: Tangrowth|78\/100\n|-damage|p1a: Urshifu|51\/100|[from] item: Rocky Helmet|[of] p2a: Tangrowth\n|-hitcount|p2a: Tangrowth|3\n|\n|upkeep\n|turn|7\n|\n|t:|1666319978\n|switch|p1a: Heatran|Heatran, M|100\/100\n|move|p2a: Tangrowth|Knock Off|p1a: Heatran\n|-damage|p1a: Heatran|78\/100\n|-enditem|p1a: Heatran|Charcoal|[from] move: Knock Off|[of] p2a: Tangrowth\n|\n|upkeep\n|turn|8\n|\n|t:|1666319987\n|switch|p2a: landorustherian|Landorus-Therian, M|100\/100\n|-ability|p2a: landorustherian|Intimidate|boost\n|-unboost|p1a: Heatran|atk|1\n|move|p1a: Heatran|Eruption|p2a: landorustherian\n|-damage|p2a: landorustherian|59\/100\n|\n|-heal|p2a: landorustherian|65\/100|[from] item: Leftovers\n|upkeep\n|turn|9\n|\n|t:|1666319994\n|move|p1a: Heatran|Eruption|p2a: landorustherian\n|-damage|p2a: landorustherian|23\/100\n|move|p2a: landorustherian|Earthquake|p1a: Heatran\n|-supereffective|p1a: Heatran\n|-damage|p1a: Heatran|0 fnt\n|faint|p1a: Heatran\n|\n|-heal|p2a: landorustherian|29\/100|[from] item: Leftovers\n|upkeep\n|\n|t:|1666320007\n|switch|p1a: Tapu Lele|Tapu Lele|100\/100\n|-fieldstart|move: Psychic Terrain|[from] ability: Psychic Surge|[of] p1a: Tapu Lele\n|turn|10\n|\n|t:|1666320012\n|switch|p2a: Melmetal|Melmetal|100\/100\n|-activate|p2a: Melmetal|move: Sticky Web\n|-unboost|p2a: Melmetal|spe|1\n|move|p1a: Tapu Lele|Moonblast|p2a: Melmetal\n|-resisted|p2a: Melmetal\n|-damage|p2a: Melmetal|81\/100\n|\n|upkeep\n|turn|11\n|\n|t:|1666320026\n|switch|p1a: Urshifu|Urshifu-Rapid-Strike, F|51\/100\n|move|p2a: Melmetal|Double Iron Bash|p1a: Urshifu\n|-resisted|p1a: Urshifu\n|-damage|p1a: Urshifu|32\/100\n|-resisted|p1a: Urshifu\n|-damage|p1a: Urshifu|12\/100\n|-hitcount|p1a: Urshifu|2\n|\n|upkeep\n|turn|12\n|\n|t:|1666320033\n|switch|p2a: Tangrowth|Tangrowth, F|100\/100\n|-activate|p2a: Tangrowth|move: Sticky Web\n|-unboost|p2a: Tangrowth|spe|1\n|move|p1a: Urshifu|Close Combat|p2a: Tangrowth\n|-damage|p2a: Tangrowth|50\/100\n|-unboost|p1a: Urshifu|def|1\n|-unboost|p1a: Urshifu|spd|1\n|-damage|p1a: Urshifu|0 fnt|[from] item: Rocky Helmet|[of] p2a: Tangrowth\n|faint|p1a: Urshifu\n|\n|upkeep\n|\n|t:|1666320043\n|switch|p1a: Tapu Lele|Tapu Lele|100\/100\n|turn|13\n|\n|t:|1666320047\n|switch|p2a: Melmetal|Melmetal|81\/100\n|-activate|p2a: Melmetal|move: Sticky Web\n|-unboost|p2a: Melmetal|spe|1\n|move|p1a: Tapu Lele|Focus Blast|p2a: Melmetal\n|-supereffective|p2a: Melmetal\n|-damage|p2a: Melmetal|19\/100\n|\n|upkeep\n|turn|14\n|\n|t:|1666320054\n|move|p1a: Tapu Lele|Focus Blast|p2a: Melmetal\n|-supereffective|p2a: Melmetal\n|-damage|p2a: Melmetal|0 fnt\n|faint|p2a: Melmetal\n|\n|-fieldend|move: Psychic Terrain\n|upkeep\n|\n|t:|1666320054\n|switch|p2a: landorustherian|Landorus-Therian, M|29\/100\n|-ability|p2a: landorustherian|Intimidate|boost\n|-unboost|p1a: Tapu Lele|atk|1\n|turn|15\n|\n|t:|1666320062\n|move|p1a: Tapu Lele|Focus Blast|p2a: landorustherian\n|-resisted|p2a: landorustherian\n|-damage|p2a: landorustherian|7\/100\n|move|p2a: landorustherian|Earthquake|p1a: Tapu Lele\n|-damage|p1a: Tapu Lele|29\/100\n|\n|-heal|p2a: landorustherian|13\/100|[from] item: Leftovers\n|upkeep\n|turn|16\n|\n|t:|1666320069\n|move|p1a: Tapu Lele|Focus Blast|p2a: landorustherian\n|-resisted|p2a: landorustherian\n|-damage|p2a: landorustherian|0 fnt\n|faint|p2a: landorustherian\n|\n|upkeep\n|\n|t:|1666320069\n|switch|p2a: rotomwash|Rotom-Wash|100\/100\n|turn|17\n|\n|t:|1666320075\n|switch|p1a: Kartana|Kartana|100\/100\n|move|p2a: rotomwash|Thunderbolt|p1a: Kartana\n|-resisted|p1a: Kartana\n|-damage|p1a: Kartana|47\/100\n|\n|upkeep\n|turn|18\n|\n|t:|1666320081\n|switch|p1a: Tapu Lele|Tapu Lele|29\/100\n|-fieldstart|move: Psychic Terrain|[from] ability: Psychic Surge|[of] p1a: Tapu Lele\n|switch|p2a: Tangrowth|Tangrowth, F|84\/100\n|-activate|p2a: Tangrowth|move: Sticky Web\n|-unboost|p2a: Tangrowth|spe|1\n|\n|upkeep\n|turn|19\n|\n|t:|1666320091\n|switch|p2a: rotomwash|Rotom-Wash|100\/100\n|move|p1a: Tapu Lele|Moonblast|p2a: rotomwash\n|-damage|p2a: rotomwash|15\/100\n|\n|-heal|p2a: rotomwash|22\/100|[from] item: Leftovers\n|upkeep\n|turn|20\n|\n|t:|1666320097\n|switch|p2a: Heatran|Heatran, M|100\/100\n|-item|p2a: Heatran|Air Balloon\n|move|p1a: Tapu Lele|Moonblast|p2a: Heatran\n|-resisted|p2a: Heatran\n|-crit|p2a: Heatran\n|-damage|p2a: Heatran|73\/100\n|-unboost|p2a: Heatran|spa|1\n|-enditem|p2a: Heatran|Air Balloon\n|\n|upkeep\n|turn|21\n|\n|t:|1666320107\n|switch|p1a: Diggersby|Diggersby, M|100\/100\n|move|p2a: Heatran|Magma Storm|p1a: Diggersby\n|-damage|p1a: Diggersby|51\/100\n|-activate|p1a: Diggersby|move: Magma Storm|[of] p2a: Heatran\n|\n|-damage|p1a: Diggersby|39\/100|[from] move: Magma Storm|[partiallytrapped]\n|upkeep\n|turn|22\n|\n|t:|1666320114\n|switch|p2a: Tangrowth|Tangrowth, F|100\/100\n|-activate|p2a: Tangrowth|move: Sticky Web\n|-unboost|p2a: Tangrowth|spe|1\n|move|p1a: Diggersby|Body Slam|p2a: Tangrowth\n|-damage|p2a: Tangrowth|62\/100\n|-damage|p1a: Diggersby|22\/100|[from] item: Rocky Helmet|[of] p2a: Tangrowth\n|\n|-end|p1a: Diggersby|Magma Storm|[partiallytrapped]|[silent]\n|-fieldend|move: Psychic Terrain\n|upkeep\n|turn|23\n|\n|t:|1666320123\n|move|p1a: Diggersby|Body Slam|p2a: Tangrowth\n|-damage|p2a: Tangrowth|22\/100\n|-status|p2a: Tangrowth|par\n|-damage|p1a: Diggersby|6\/100|[from] item: Rocky Helmet|[of] p2a: Tangrowth\n|move|p2a: Tangrowth|Giga Drain|p1a: Diggersby\n|-supereffective|p1a: Diggersby\n|-damage|p1a: Diggersby|0 fnt\n|-heal|p2a: Tangrowth|25\/100 par|[from] drain|[of] p1a: Diggersby\n|faint|p1a: Diggersby\n|\n|upkeep\n|\n|t:|1666320133\n|switch|p1a: Kartana|Kartana|47\/100\n|turn|24\n|\n|t:|1666320135\n|move|p1a: Kartana|Sacred Sword|p2a: Tangrowth\n|-damage|p2a: Tangrowth|2\/100 par\n|-damage|p1a: Kartana|31\/100|[from] item: Rocky Helmet|[of] p2a: Tangrowth\n|move|p2a: Tangrowth|Giga Drain|p1a: Kartana\n|-resisted|p1a: Kartana\n|-damage|p1a: Kartana|9\/100\n|-heal|p2a: Tangrowth|9\/100 par|[from] drain|[of] p1a: Kartana\n|\n|upkeep\n|turn|25\n|\n|t:|1666320143\n|switch|p1a: Tapu Lele|Tapu Lele|29\/100\n|-fieldstart|move: Psychic Terrain|[from] ability: Psychic Surge|[of] p1a: Tapu Lele\n|move|p2a: Tangrowth|Giga Drain|p1a: Tapu Lele\n|-damage|p1a: Tapu Lele|0 fnt\n|-heal|p2a: Tangrowth|19\/100 par|[from] drain|[of] p1a: Tapu Lele\n|faint|p1a: Tapu Lele\n|\n|upkeep\n|-message|cows123p forfeited.\n|\n|win|minimax_ai\n|raw|cows123p's rating: 1571 &rarr; <strong>1547<\/strong><br \/>(-24 for losing)\n|raw|minimax_ai's rating: 1503 &rarr; <strong>1527<\/strong><br \/>(+24 for winning)\n|c|\u2606minimax_ai|gg\n|l|\u2606cows123p\n","uploadtime":1666320153,"views":1,"p1id":"cows123p","p2id":"minimaxai","formatid":"gen8ou","rating":1527,"private":0,"password":null}