{"id":"gen8ou-1634585890","p1":"LT92PF El Mainer","p2":"j_albacino023","format":"gen8ou","log":"|raw|<div class=\"broadcast-blue\"><strong>This battle is required to be public due to a player having a name starting with 'lt92pf'.<\/div>\n|j|\u203dLT92PF El Mainer\n|j|\u2606j_albacino023\n|t:|1659914738\n|gametype|singles\n|player|p1|LT92PF El Mainer|#ssdivlindworms|2022\n|player|p2|j_albacino023|265|1923\n|teamsize|p1|6\n|teamsize|p2|6\n|gen|8\n|tier|[Gen 8] OU\n|rated|\n|rule|Sleep Clause Mod: Limit one foe put to sleep\n|rule|Species Clause: Limit one of each Pok\u00e9mon\n|rule|OHKO Clause: OHKO moves are banned\n|rule|Evasion Items Clause: Evasion items are banned\n|rule|Evasion Moves Clause: Evasion moves are banned\n|rule|Endless Battle Clause: Forcing endless battles is banned\n|rule|HP Percentage Mod: HP is shown in percentages\n|rule|Dynamax Clause: You cannot dynamax\n|clearpoke\n|poke|p1|Slowking-Galar, M|\n|poke|p1|Rotom-Wash|\n|poke|p1|Garchomp, M|\n|poke|p1|Tornadus-Therian, M|\n|poke|p1|Ferrothorn, M|\n|poke|p1|Weavile, M|\n|poke|p2|Ferrothorn, F|\n|poke|p2|Rotom-Wash|\n|poke|p2|Tyranitar, M|\n|poke|p2|Excadrill, F|\n|poke|p2|Clefable, M|\n|poke|p2|Dragapult, M|\n|teampreview\n|j| AmygdalanResponse\n|\n|t:|1659914761\n|start\n|switch|p1a: Rotom|Rotom-Wash|100\/100\n|switch|p2a: Rotom|Rotom-Wash|100\/100\n|turn|1\n|\n|t:|1659914765\n|move|p2a: Rotom|Toxic|p1a: Rotom\n|-status|p1a: Rotom|tox\n|move|p1a: Rotom|Will-O-Wisp|p2a: Rotom\n|-status|p2a: Rotom|brn\n|\n|-damage|p1a: Rotom|95\/100 tox|[from] psn\n|-damage|p2a: Rotom|94\/100 brn|[from] brn\n|upkeep\n|turn|2\n|\n|t:|1659914769\n|move|p2a: Rotom|Volt Switch|p1a: Rotom\n|-damage|p1a: Rotom|71\/100 tox\n|\n|t:|1659914770\n|switch|p2a: Clefable|Clefable, M|100\/100|[from]move: Volt Switch\n|move|p1a: Rotom|Volt Switch|p2a: Clefable\n|-damage|p2a: Clefable|79\/100\n|j| BabyPigsAreLaughin\n|\n|t:|1659914774\n|switch|p1a: Slowking|Slowking-Galar, M|100\/100|[from]move: Volt Switch\n|\n|upkeep\n|turn|3\n|\n|t:|1659914778\n|move|p2a: Clefable|Knock Off|p1a: Slowking\n|-supereffective|p1a: Slowking\n|-damage|p1a: Slowking|79\/100\n|-enditem|p1a: Slowking|Black Sludge|[from] move: Knock Off|[of] p2a: Clefable\n|move|p1a: Slowking|Sludge Bomb|p2a: Clefable\n|-supereffective|p2a: Clefable\n|-damage|p2a: Clefable|18\/100\n|-status|p2a: Clefable|psn\n|\n|upkeep\n|turn|4\n|\n|t:|1659914784\n|switch|p2a: Tyranitar|Tyranitar, M|100\/100\n|-weather|Sandstorm|[from] ability: Sand Stream|[of] p2a: Tyranitar\n|move|p1a: Slowking|Sludge Bomb|p2a: Tyranitar\n|-resisted|p2a: Tyranitar\n|-damage|p2a: Tyranitar|90\/100\n|\n|-weather|Sandstorm|[upkeep]\n|-damage|p1a: Slowking|73\/100|[from] Sandstorm\n|upkeep\n|turn|5\n|j| Tace\n|\n|t:|1659914789\n|switch|p2a: Clefable|Clefable, M|18\/100 psn\n|switch|p1a: Ferrothorn|Ferrothorn, M|100\/100\n|\n|-weather|Sandstorm|[upkeep]\n|upkeep\n|turn|6\n|\n|t:|1659914792\n|move|p2a: Clefable|Soft-Boiled|p2a: Clefable\n|-heal|p2a: Clefable|68\/100 psn\n|move|p1a: Ferrothorn|Knock Off|p2a: Clefable\n|-resisted|p2a: Clefable\n|-damage|p2a: Clefable|60\/100 psn\n|-damage|p1a: Ferrothorn|84\/100|[from] item: Rocky Helmet|[of] p2a: Clefable\n|-enditem|p2a: Clefable|Rocky Helmet|[from] move: Knock Off|[of] p1a: Ferrothorn\n|\n|-weather|Sandstorm|[upkeep]\n|upkeep\n|turn|7\n|j| pokemon pervert\n|\n|t:|1659914795\n|move|p2a: Clefable|Stealth Rock|p1a: Ferrothorn\n|-sidestart|p1: LT92PF El Mainer|move: Stealth Rock\n|move|p1a: Ferrothorn|Gyro Ball|p2a: Clefable\n|-supereffective|p2a: Clefable\n|-damage|p2a: Clefable|14\/100 psn\n|\n|-weather|Sandstorm|[upkeep]\n|upkeep\n|turn|8\n|\n|t:|1659914800\n|move|p2a: Clefable|Soft-Boiled|p2a: Clefable\n|-heal|p2a: Clefable|64\/100 psn\n|move|p1a: Ferrothorn|Gyro Ball|p2a: Clefable\n|-supereffective|p2a: Clefable\n|-damage|p2a: Clefable|16\/100 psn\n|\n|-weather|none\n|upkeep\n|turn|9\n|\n|t:|1659914804\n|move|p2a: Clefable|Soft-Boiled|p2a: Clefable\n|-heal|p2a: Clefable|66\/100 psn\n|move|p1a: Ferrothorn|Gyro Ball|p2a: Clefable\n|-supereffective|p2a: Clefable\n|-damage|p2a: Clefable|20\/100 psn\n|\n|upkeep\n|turn|10\n|j| coeur de le ciel\n|j| LT92PF PDC\n|\n|t:|1659914806\n|switch|p1a: Slowking|Slowking-Galar, M|100\/100\n|-damage|p1a: Slowking|88\/100|[from] Stealth Rock\n|move|p2a: Clefable|Soft-Boiled|p2a: Clefable\n|-heal|p2a: Clefable|70\/100 psn\n|\n|upkeep\n|turn|11\n|j| LT92PF ACR1\n|\n|t:|1659914815\n|switch|p2a: Dragapult|Dragapult, M|100\/100\n|move|p1a: Slowking|Psychic|p2a: Dragapult\n|-damage|p2a: Dragapult|53\/100\n|-unboost|p2a: Dragapult|spd|1\n|\n|upkeep\n|turn|12\n|\n|t:|1659914821\n|switch|p1a: Tornadus|Tornadus-Therian, M|100\/100\n|move|p2a: Dragapult|Draco Meteor|p1a: Tornadus\n|-damage|p1a: Tornadus|18\/100\n|-unboost|p2a: Dragapult|spa|2\n|\n|upkeep\n|turn|13\n|j| Skip The Drip\n|\n|t:|1659914829\n|switch|p2a: Ferrothorn|Ferrothorn, F|100\/100\n|switch|p1a: Ferrothorn|Ferrothorn, M|84\/100\n|-damage|p1a: Ferrothorn|78\/100|[from] Stealth Rock\n|\n|upkeep\n|turn|14\n|\n|t:|1659914835\n|switch|p1a: Tornadus|Tornadus-Therian, M|52\/100\n|move|p2a: Ferrothorn|Spikes|p1a: Tornadus\n|-sidestart|p1: LT92PF El Mainer|Spikes\n|\n|upkeep\n|turn|15\n|j| JuniorGyn\n|\n|t:|1659914839\n|switch|p2a: Rotom|Rotom-Wash|94\/100 brn\n|move|p1a: Tornadus|Defog|p2a: Rotom\n|-unboost|p2a: Rotom|evasion|1\n|-sideend|p1: LT92PF El Mainer|Spikes|[from] move: Defog|[of] p1a: Tornadus\n|-sideend|p1: LT92PF El Mainer|Stealth Rock|[from] move: Defog|[of] p1a: Tornadus\n|\n|-heal|p2a: Rotom|100\/100 brn|[from] item: Leftovers\n|-damage|p2a: Rotom|94\/100 brn|[from] brn\n|upkeep\n|turn|16\n|\n|t:|1659914843\n|move|p1a: Tornadus|U-turn|p2a: Rotom\n|-damage|p2a: Rotom|79\/100 brn\n|\n|t:|1659914845\n|switch|p1a: Slowking|Slowking-Galar, M|100\/100|[from]move: U-turn\n|move|p2a: Rotom|Volt Switch|p1a: Slowking\n|-damage|p1a: Slowking|79\/100\n|j| LT92PF EMPIR3\n|\n|t:|1659914848\n|switch|p2a: Dragapult|Dragapult, M|53\/100|[from]move: Volt Switch\n|\n|upkeep\n|turn|17\n|\n|t:|1659914852\n|switch|p1a: Tornadus|Tornadus-Therian, M|85\/100\n|move|p2a: Dragapult|Shadow Ball|p1a: Tornadus\n|-damage|p1a: Tornadus|28\/100\n|-unboost|p1a: Tornadus|spd|1\n|\n|upkeep\n|turn|18\n|l| LT92PF EMPIR3\n|\n|t:|1659914855\n|switch|p1a: Weavile|Weavile, M|100\/100\n|-ability|p1a: Weavile|Pressure\n|move|p2a: Dragapult|Shadow Ball|p1a: Weavile\n|-resisted|p1a: Weavile\n|-damage|p1a: Weavile|62\/100\n|-unboost|p1a: Weavile|spd|1\n|\n|upkeep\n|turn|19\n|\n|t:|1659914860\n|switch|p1a: Garchomp|Garchomp, M|100\/100\n|switch|p2a: Ferrothorn|Ferrothorn, F|100\/100\n|\n|upkeep\n|turn|20\n|\n|t:|1659914862\n|move|p1a: Garchomp|Swords Dance|p1a: Garchomp\n|-boost|p1a: Garchomp|atk|2\n|move|p2a: Ferrothorn|Spikes|p1a: Garchomp\n|-sidestart|p1: LT92PF El Mainer|Spikes\n|\n|upkeep\n|turn|21\n|\n|t:|1659914868\n|move|p1a: Garchomp|Scale Shot|p2a: Ferrothorn\n|-resisted|p2a: Ferrothorn\n|-damage|p2a: Ferrothorn|93\/100\n|-resisted|p2a: Ferrothorn\n|-damage|p2a: Ferrothorn|85\/100\n|-resisted|p2a: Ferrothorn\n|-damage|p2a: Ferrothorn|79\/100\n|-resisted|p2a: Ferrothorn\n|-damage|p2a: Ferrothorn|71\/100\n|-resisted|p2a: Ferrothorn\n|-damage|p2a: Ferrothorn|64\/100\n|-hitcount|p2a: Ferrothorn|5\n|-unboost|p1a: Garchomp|def|1\n|-boost|p1a: Garchomp|spe|1\n|move|p2a: Ferrothorn|Iron Defense|p2a: Ferrothorn\n|-boost|p2a: Ferrothorn|def|2\n|\n|-heal|p2a: Ferrothorn|70\/100|[from] item: Leftovers\n|upkeep\n|turn|22\n|\n|t:|1659914871\n|move|p1a: Garchomp|Fire Fang|p2a: Ferrothorn\n|-supereffective|p2a: Ferrothorn\n|-damage|p2a: Ferrothorn|18\/100\n|-status|p2a: Ferrothorn|brn\n|-damage|p1a: Garchomp|88\/100|[from] ability: Iron Barbs|[of] p2a: Ferrothorn\n|move|p2a: Ferrothorn|Body Press|p1a: Garchomp\n|-damage|p1a: Garchomp|40\/100\n|-damage|p2a: Ferrothorn|6\/100 brn|[from] ability: Rough Skin|[of] p1a: Garchomp\n|\n|-heal|p1a: Garchomp|46\/100|[from] item: Leftovers\n|-heal|p2a: Ferrothorn|12\/100 brn|[from] item: Leftovers\n|-damage|p2a: Ferrothorn|6\/100 brn|[from] brn\n|upkeep\n|turn|23\n|j| hbhvhjv\n|\n|t:|1659914917\n|switch|p2a: Tyranitar|Tyranitar, M|90\/100\n|-weather|Sandstorm|[from] ability: Sand Stream|[of] p2a: Tyranitar\n|move|p1a: Garchomp|Scale Shot|p2a: Tyranitar\n|-damage|p2a: Tyranitar|67\/100\n|-damage|p2a: Tyranitar|44\/100\n|-damage|p2a: Tyranitar|20\/100\n|-damage|p2a: Tyranitar|0 fnt\n|faint|p2a: Tyranitar\n|-hitcount|p2: Tyranitar|4\n|-unboost|p1a: Garchomp|def|1\n|-boost|p1a: Garchomp|spe|1\n|\n|-weather|Sandstorm|[upkeep]\n|-heal|p1a: Garchomp|52\/100|[from] item: Leftovers\n|upkeep\n|\n|t:|1659914919\n|switch|p2a: Excadrill|Excadrill, F|100\/100\n|turn|24\n|\n|t:|1659914926\n|move|p1a: Garchomp|Earthquake|p2a: Excadrill\n|-supereffective|p2a: Excadrill\n|-damage|p2a: Excadrill|0 fnt\n|faint|p2a: Excadrill\n|\n|-weather|Sandstorm|[upkeep]\n|-heal|p1a: Garchomp|58\/100|[from] item: Leftovers\n|upkeep\n|-message|j_albacino023 forfeited.\n|\n|win|LT92PF El Mainer\n|raw|LT92PF El Mainer's rating: 2022 &rarr; <strong>2036<\/strong><br \/>(+14 for winning)\n|raw|j_albacino023's rating: 1923 &rarr; <strong>1909<\/strong><br \/>(-14 for losing)\n|l|\u2606j_albacino023\n|l| coeur de le ciel\n|l|\u203dLT92PF El Mainer\n|l| Skip The Drip\n|l| LT92PF ACR1\n|l| Tace\n|l| pokemon pervert\n||Ladder isn't responding, score probably updated but might not have (Request timeout).\n|l| JuniorGyn\n|j| London Beats\n|l| LT92PF PDC\n","uploadtime":1659915161,"views":130,"p1id":"lt92pfelmainer","p2id":"jalbacino023","formatid":"gen8ou","rating":1909,"private":0,"password":null}