{"id":"gen8ou-1125612363","p1":"Jameskeziahdelaney","p2":"GORAN EL DRACO","format":"gen8ou","log":"|j|\u2606Jameskeziahdelaney\n|j|\u2606GORAN EL DRACO\n|player|p1|Jameskeziahdelaney|giovanni|1785\n|player|p2|GORAN EL DRACO|n|1765\n|teamsize|p1|6\n|teamsize|p2|6\n|gametype|singles\n|gen|8\n|tier|[Gen 8] OU\n|rated|\n|clearpoke\n|poke|p1|Bisharp, M|\n|poke|p1|Zeraora|\n|poke|p1|Kommo-o, M|\n|poke|p1|Grimmsnarl, M|\n|poke|p1|Mew|\n|poke|p1|Keldeo-Resolute|\n|poke|p2|Torkoal, M|\n|poke|p2|Rillaboom, F|\n|poke|p2|Primarina, F|\n|poke|p2|Zeraora|\n|poke|p2|Hawlucha, M|\n|poke|p2|Venusaur, F|\n|rule|Sleep Clause Mod: Limit one foe put to sleep\n|rule|Species Clause: Limit one of each Pok\u00e9mon\n|rule|OHKO Clause: OHKO moves are banned\n|rule|Evasion Moves Clause: Evasion moves are banned\n|rule|Endless Battle Clause: Forcing endless battles is banned\n|rule|HP Percentage Mod: HP is shown in percentages\n|rule|Dynamax Clause: You cannot dynamax\n|teampreview\n|\n|start\n|switch|p1a: Keldeo|Keldeo-Resolute|100\/100\n|switch|p2a: Zeraora|Zeraora|100\/100\n|turn|1\n|\n|switch|p1a: Zeraora|Zeraora|100\/100\n|move|p2a: Zeraora|Plasma Fists|p1a: Zeraora\n|-immune|p1a: Zeraora|[from] ability: Volt Absorb\n|\n|upkeep\n|turn|2\n|\n|switch|p2a: Torkoal|Torkoal, M|100\/100\n|-weather|SunnyDay|[from] ability: Drought|[of] p2a: Torkoal\n|switch|p1a: Kommo-o|Kommo-o, M|100\/100\n|\n|-weather|SunnyDay|[upkeep]\n|upkeep\n|turn|3\n|\n|move|p1a: Kommo-o|Clangorous Soul|p1a: Kommo-o\n|-boost|p1a: Kommo-o|atk|1\n|-boost|p1a: Kommo-o|def|1\n|-boost|p1a: Kommo-o|spa|1\n|-boost|p1a: Kommo-o|spd|1\n|-boost|p1a: Kommo-o|spe|1\n|-damage|p1a: Kommo-o|68\/100\n|-enditem|p1a: Kommo-o|Throat Spray\n|-boost|p1a: Kommo-o|spa|1|[from] item: Throat Spray\n|move|p2a: Torkoal|Stealth Rock|p1a: Kommo-o\n|-sidestart|p1: Jameskeziahdelaney|move: Stealth Rock\n|\n|-weather|SunnyDay|[upkeep]\n|upkeep\n|turn|4\n|\n|move|p1a: Kommo-o|Flash Cannon|p2a: Torkoal\n|-resisted|p2a: Torkoal\n|-damage|p2a: Torkoal|70\/100\n|move|p2a: Torkoal|Yawn|p1a: Kommo-o\n|-start|p1a: Kommo-o|move: Yawn|[of] p2a: Torkoal\n|\n|-weather|SunnyDay|[upkeep]\n|upkeep\n|turn|5\n|\n|switch|p2a: Primarina|Primarina, F|100\/100\n|move|p1a: Kommo-o|Clanging Scales|p2a: Primarina\n|-immune|p2a: Primarina\n|\n|-weather|SunnyDay|[upkeep]\n|-end|p1a: Kommo-o|move: Yawn|[silent]\n|-status|p1a: Kommo-o|slp\n|upkeep\n|turn|6\n|\n|switch|p1a: Zeraora|Zeraora|100\/100\n|-damage|p1a: Zeraora|88\/100|[from] Stealth Rock\n|move|p2a: Primarina|Moonblast|p1a: Zeraora\n|-damage|p1a: Zeraora|22\/100\n|\n|-weather|none\n|-heal|p1a: Zeraora|28\/100|[from] item: Leftovers\n|upkeep\n|turn|7\n|\n|switch|p2a: Torkoal|Torkoal, M|70\/100\n|-weather|SunnyDay|[from] ability: Drought|[of] p2a: Torkoal\n|move|p1a: Zeraora|Plasma Fists|p2a: Torkoal\n|-damage|p2a: Torkoal|42\/100\n|-fieldactivate|move: Ion Deluge\n|\n|-weather|SunnyDay|[upkeep]\n|-heal|p1a: Zeraora|34\/100|[from] item: Leftovers\n|upkeep\n|turn|8\n|\n|move|p1a: Zeraora|Bulk Up|p1a: Zeraora\n|-boost|p1a: Zeraora|atk|1\n|-boost|p1a: Zeraora|def|1\n|move|p2a: Torkoal|Lava Plume|p1a: Zeraora\n|-damage|p1a: Zeraora|0 fnt\n|faint|p1a: Zeraora\n|\n|-weather|SunnyDay|[upkeep]\n|upkeep\n|\n|switch|p1a: Kommo-o|Kommo-o, M|68\/100 slp\n|-damage|p1a: Kommo-o|61\/100 slp|[from] Stealth Rock\n|turn|9\n|j| phys2000\n|\n|switch|p2a: Primarina|Primarina, F|100\/100\n|cant|p1a: Kommo-o|slp\n|\n|-weather|SunnyDay|[upkeep]\n|upkeep\n|turn|10\n|\n|-curestatus|p1a: Kommo-o|slp|[msg]\n|move|p1a: Kommo-o|Flash Cannon|p2a: Primarina\n|-damage|p2a: Primarina|77\/100\n|-unboost|p2a: Primarina|spd|1\n|move|p2a: Primarina|Calm Mind|p2a: Primarina\n|-boost|p2a: Primarina|spa|1\n|-boost|p2a: Primarina|spd|1\n|\n|-weather|SunnyDay|[upkeep]\n|-heal|p2a: Primarina|84\/100|[from] item: Leftovers\n|upkeep\n|turn|11\n|\n|move|p1a: Kommo-o|Clanging Scales|p2a: Primarina\n|-immune|p2a: Primarina\n|move|p2a: Primarina|Calm Mind|p2a: Primarina\n|-boost|p2a: Primarina|spa|1\n|-boost|p2a: Primarina|spd|1\n|\n|-weather|none\n|-heal|p2a: Primarina|90\/100|[from] item: Leftovers\n|upkeep\n|turn|12\n|\n|move|p1a: Kommo-o|Clangorous Soul|p1a: Kommo-o\n|-boost|p1a: Kommo-o|atk|1\n|-boost|p1a: Kommo-o|def|1\n|-boost|p1a: Kommo-o|spa|1\n|-boost|p1a: Kommo-o|spd|1\n|-boost|p1a: Kommo-o|spe|1\n|-damage|p1a: Kommo-o|28\/100\n|move|p2a: Primarina|Substitute|p2a: Primarina\n|-start|p2a: Primarina|Substitute\n|-damage|p2a: Primarina|65\/100\n|\n|-heal|p2a: Primarina|71\/100|[from] item: Leftovers\n|upkeep\n|turn|13\n|j|+lord death man\n|\n|move|p1a: Kommo-o|Flash Cannon|p2a: Primarina\n|-activate|p2a: Primarina|move: Substitute|[damage]\n|move|p2a: Primarina|Calm Mind|p2a: Primarina\n|-boost|p2a: Primarina|spa|1\n|-boost|p2a: Primarina|spd|1\n|\n|-heal|p2a: Primarina|77\/100|[from] item: Leftovers\n|upkeep\n|turn|14\n|\n|move|p1a: Kommo-o|Flash Cannon|p2a: Primarina\n|-end|p2a: Primarina|Substitute\n|move|p2a: Primarina|Calm Mind|p2a: Primarina\n|-boost|p2a: Primarina|spa|1\n|-boost|p2a: Primarina|spd|1\n|\n|-heal|p2a: Primarina|83\/100|[from] item: Leftovers\n|upkeep\n|turn|15\n|\n|switch|p1a: Bisharp|Bisharp, M|100\/100\n|-damage|p1a: Bisharp|94\/100|[from] Stealth Rock\n|move|p2a: Primarina|Substitute|p2a: Primarina\n|-start|p2a: Primarina|Substitute\n|-damage|p2a: Primarina|58\/100\n|\n|-heal|p2a: Primarina|64\/100|[from] item: Leftovers\n|upkeep\n|turn|16\n|\n|move|p1a: Bisharp|Knock Off|p2a: Primarina\n|-resisted|p2a: Primarina\n|-end|p2a: Primarina|Substitute\n|-damage|p1a: Bisharp|84\/100|[from] item: Life Orb\n|move|p2a: Primarina|Scald|p1a: Bisharp\n|-damage|p1a: Bisharp|0 fnt\n|faint|p1a: Bisharp\n|\n|-heal|p2a: Primarina|70\/100|[from] item: Leftovers\n|upkeep\n|-message|Jameskeziahdelaney forfeited.\n|\n|win|GORAN EL DRACO\n|l|\u2606Jameskeziahdelaney\n|l|+lord death man\n||Ladder (probably) updated, but score could not be retrieved (Response not received).\n|l|\u2606GORAN EL DRACO\n","uploadtime":1591130624,"views":12,"p1id":"jameskeziahdelaney","p2id":"goraneldraco","formatid":"gen8ou","rating":0,"private":0,"password":null}