{"id":"gen8battlefactory-1671054559","p1":"BiteSizeEgg","p2":"IronFlashGaming","format":"gen8battlefactory","log":"|j|\u2606BiteSizeEgg\n|j|\u2606IronFlashGaming\n|t:|1664224709\n|gametype|singles\n|player|p1|BiteSizeEgg|1|1500\n|player|p2|IronFlashGaming|170|1441\n|teamsize|p1|6\n|teamsize|p2|6\n|gen|8\n|tier|[Gen 8] Battle Factory\n|rated|\n|rule|Sleep Clause Mod: Limit one foe put to sleep\n|rule|Species Clause: Limit one of each Pok\u00e9mon\n|rule|OHKO Clause: OHKO moves are banned\n|rule|Evasion Items Clause: Evasion items are banned\n|rule|Evasion Moves Clause: Evasion moves are banned\n|rule|Endless Battle Clause: Forcing endless battles is banned\n|rule|HP Percentage Mod: HP is shown in percentages\n|rule|Dynamax Clause: You cannot dynamax\n|clearpoke\n|poke|p1|Pawniard, L5, F|\n|poke|p1|Staryu, L5|\n|poke|p1|Cottonee, L5, F|\n|poke|p1|Skrelp, L5, M|\n|poke|p1|Abra, L5, F|\n|poke|p1|Larvesta, L5, F|\n|poke|p2|Slowpoke, L5, F|\n|poke|p2|Grookey, L5, F|\n|poke|p2|Mienfoo, L5, F|\n|poke|p2|Pawniard, L5, M|\n|poke|p2|Morelull, L5, F|\n|poke|p2|Diglett, L5, F|\n|teampreview\n|inactive|Battle timer is ON: inactive players will automatically lose when time's up. (requested by IronFlashGaming)\n|inactive|BiteSizeEgg also wants the timer to be on.\n|inactive|IronFlashGaming has 120 seconds left.\n|\n|t:|1664224747\n|start\n|switch|p1a: Larvesta|Larvesta, L5, F|23\/23\n|switch|p2a: Pawniard|Pawniard, L5, M|21\/21\n|turn|1\n|\n|t:|1664224754\n|switch|p2a: Slowpoke|Slowpoke, L5, F|27\/27\n|move|p1a: Larvesta|Will-O-Wisp|p2a: Slowpoke\n|-status|p2a: Slowpoke|brn\n|\n|-damage|p2a: Slowpoke|26\/27 brn|[from] brn\n|upkeep\n|turn|2\n|\n|t:|1664224759\n|move|p1a: Larvesta|U-turn|p2a: Slowpoke\n|-supereffective|p2a: Slowpoke\n|-damage|p2a: Slowpoke|14\/27 brn\n|\n|t:|1664224777\n|switch|p1a: Staryu|Staryu, L5|21\/21\n|move|p2a: Slowpoke|Thunder Wave|p1a: Staryu\n|-status|p1a: Staryu|par\n|\n|-damage|p2a: Slowpoke|13\/27 brn|[from] brn\n|upkeep\n|turn|3\n|\n|t:|1664224787\n|-curestatus|p1a: Staryu|par|[from] ability: Natural Cure\n|switch|p1a: Cottonee|Cottonee, L5, F|21\/21\n|move|p2a: Slowpoke|Slack Off|p2a: Slowpoke\n|-heal|p2a: Slowpoke|27\/27 brn\n|\n|-damage|p2a: Slowpoke|26\/27 brn|[from] brn\n|upkeep\n|turn|4\n|\n|t:|1664224804\n|switch|p2a: Grookey|Grookey, L5, F|21\/21\n|-fieldstart|move: Grassy Terrain|[from] ability: Grassy Surge|[of] p2a: Grookey\n|move|p1a: Cottonee|Knock Off|p2a: Grookey\n|-damage|p2a: Grookey|15\/21\n|-enditem|p2a: Grookey|Life Orb|[from] move: Knock Off|[of] p1a: Cottonee\n|\n|-heal|p2a: Grookey|16\/21|[from] Grassy Terrain\n|upkeep\n|turn|5\n|\n|t:|1664224812\n|move|p2a: Grookey|Knock Off|p1a: Cottonee\n|-resisted|p1a: Cottonee\n|-damage|p1a: Cottonee|19\/21\n|-enditem|p1a: Cottonee|Eviolite|[from] move: Knock Off|[of] p2a: Grookey\n|move|p1a: Cottonee|Dazzling Gleam|p2a: Grookey\n|-damage|p2a: Grookey|6\/21\n|\n|-heal|p1a: Cottonee|20\/21|[from] Grassy Terrain\n|-heal|p2a: Grookey|7\/21|[from] Grassy Terrain\n|upkeep\n|turn|6\n|\n|t:|1664224819\n|switch|p2a: Morelull|Morelull, L5, F|23\/23\n|move|p1a: Cottonee|Dazzling Gleam|p2a: Morelull\n|-damage|p2a: Morelull|19\/23\n|\n|-heal|p1a: Cottonee|21\/21|[from] Grassy Terrain\n|-heal|p2a: Morelull|20\/23|[from] Grassy Terrain\n|upkeep\n|turn|7\n|\n|t:|1664224824\n|move|p1a: Cottonee|Knock Off|p2a: Morelull\n|-resisted|p2a: Morelull\n|-damage|p2a: Morelull|19\/23\n|-enditem|p2a: Morelull|Eviolite|[from] move: Knock Off|[of] p1a: Cottonee\n|move|p2a: Morelull|Moonblast|p1a: Cottonee\n|-damage|p1a: Cottonee|8\/21\n|\n|-heal|p1a: Cottonee|9\/21|[from] Grassy Terrain\n|-heal|p2a: Morelull|20\/23|[from] Grassy Terrain\n|upkeep\n|turn|8\n|\n|t:|1664224832\n|switch|p1a: Larvesta|Larvesta, L5, F|23\/23\n|move|p2a: Morelull|Spore|p1a: Larvesta\n|-status|p1a: Larvesta|slp|[from] move: Spore\n|\n|-heal|p2a: Morelull|21\/23|[from] Grassy Terrain\n|-fieldend|move: Grassy Terrain\n|upkeep\n|turn|9\n|\n|t:|1664224835\n|switch|p2a: Pawniard|Pawniard, L5, M|21\/21\n|cant|p1a: Larvesta|slp\n|\n|upkeep\n|turn|10\n|\n|t:|1664224840\n|cant|p1a: Larvesta|slp\n|move|p2a: Pawniard|Knock Off|p1a: Larvesta\n|-damage|p1a: Larvesta|13\/23 slp\n|-enditem|p1a: Larvesta|Eviolite|[from] move: Knock Off|[of] p2a: Pawniard\n|\n|upkeep\n|turn|11\n|\n|t:|1664224843\n|-curestatus|p1a: Larvesta|slp|[msg]\n|move|p1a: Larvesta|Morning Sun|p1a: Larvesta\n|-heal|p1a: Larvesta|23\/23\n|move|p2a: Pawniard|Stealth Rock|p1a: Larvesta\n|-sidestart|p1: BiteSizeEgg|move: Stealth Rock\n|\n|upkeep\n|turn|12\n|\n|t:|1664224848\n|switch|p2a: Slowpoke|Slowpoke, L5, F|27\/27 brn\n|move|p1a: Larvesta|Flare Blitz|p2a: Slowpoke\n|-resisted|p2a: Slowpoke\n|-damage|p2a: Slowpoke|22\/27 brn\n|-damage|p1a: Larvesta|21\/23|[from] Recoil\n|\n|-damage|p2a: Slowpoke|21\/27 brn|[from] brn\n|upkeep\n|turn|13\n|\n|t:|1664224857\n|move|p1a: Larvesta|U-turn|p2a: Slowpoke\n|-supereffective|p2a: Slowpoke\n|-damage|p2a: Slowpoke|9\/27 brn\n|\n|t:|1664224860\n|switch|p1a: Staryu|Staryu, L5|21\/21\n|-damage|p1a: Staryu|19\/21|[from] Stealth Rock\n|move|p2a: Slowpoke|Scald|p1a: Staryu\n|-resisted|p1a: Staryu\n|-damage|p1a: Staryu|16\/21\n|\n|-damage|p2a: Slowpoke|8\/27 brn|[from] brn\n|upkeep\n|turn|14\n|\n|t:|1664224864\n|move|p1a: Staryu|Rapid Spin|p2a: Slowpoke\n|-damage|p2a: Slowpoke|6\/27 brn\n|-boost|p1a: Staryu|spe|1\n|-sideend|p1: BiteSizeEgg|Stealth Rock|[from] move: Rapid Spin|[of] p1a: Staryu\n|move|p2a: Slowpoke|Teleport|p2a: Slowpoke\n|\n|t:|1664224876\n|switch|p2a: Pawniard|Pawniard, L5, M|21\/21\n|\n|upkeep\n|turn|15\n|\n|t:|1664224879\n|switch|p1a: Larvesta|Larvesta, L5, F|21\/23\n|move|p2a: Pawniard|Stealth Rock|p1a: Larvesta\n|-sidestart|p1: BiteSizeEgg|move: Stealth Rock\n|\n|upkeep\n|turn|16\n|\n|t:|1664224895\n|switch|p2a: Morelull|Morelull, L5, F|21\/23\n|move|p1a: Larvesta|Flare Blitz|p2a: Morelull\n|-supereffective|p2a: Morelull\n|-crit|p2a: Morelull\n|-damage|p2a: Morelull|0 fnt\n|-status|p1a: Larvesta|par|[from] ability: Effect Spore|[of] p2a: Morelull\n|faint|p2a: Morelull\n|-damage|p1a: Larvesta|14\/23 par|[from] Recoil\n|\n|upkeep\n|\n|t:|1664224905\n|switch|p2a: Diglett|Diglett, L5, F|18\/18\n|turn|17\n|\n|t:|1664224907\n|move|p2a: Diglett|Earthquake|p1a: Larvesta\n|-damage|p1a: Larvesta|2\/23 par\n|move|p1a: Larvesta|U-turn|p2a: Diglett\n|-damage|p2a: Diglett|8\/18\n|\n|t:|1664224912\n|switch|p1a: Staryu|Staryu, L5|16\/21\n|-damage|p1a: Staryu|14\/21|[from] Stealth Rock\n|\n|upkeep\n|turn|18\n|\n|t:|1664224922\n|move|p2a: Diglett|Earthquake|p1a: Staryu\n|-damage|p1a: Staryu|7\/21\n|move|p1a: Staryu|Rapid Spin|p2a: Diglett\n|-damage|p2a: Diglett|5\/18\n|-boost|p1a: Staryu|spe|1\n|-sideend|p1: BiteSizeEgg|Stealth Rock|[from] move: Rapid Spin|[of] p1a: Staryu\n|\n|upkeep\n|turn|19\n|\n|t:|1664224928\n|switch|p2a: Slowpoke|Slowpoke, L5, F|15\/27 brn\n|move|p1a: Staryu|Recover|p1a: Staryu\n|-heal|p1a: Staryu|18\/21\n|\n|-damage|p2a: Slowpoke|14\/27 brn|[from] brn\n|upkeep\n|turn|20\n|\n|t:|1664224937\n|switch|p1a: Pawniard|Pawniard, L5, F|21\/21\n|move|p2a: Slowpoke|Teleport|p2a: Slowpoke\n|\n|t:|1664224943\n|switch|p2a: Mienfoo|Mienfoo, L5, F|21\/21\n|\n|upkeep\n|turn|21\n|\n|t:|1664224950\n|switch|p1a: Larvesta|Larvesta, L5, F|2\/23 par\n|move|p2a: Mienfoo|Close Combat|p1a: Larvesta\n|-resisted|p1a: Larvesta\n|-damage|p1a: Larvesta|0 fnt\n|-unboost|p2a: Mienfoo|def|1\n|-unboost|p2a: Mienfoo|spd|1\n|faint|p1a: Larvesta\n|\n|upkeep\n|\n|t:|1664224961\n|switch|p1a: Skrelp|Skrelp, L5, M|23\/23\n|turn|22\n|\n|t:|1664224972\n|switch|p2a: Pawniard|Pawniard, L5, M|21\/21\n|move|p1a: Skrelp|Toxic Spikes|p2a: Pawniard\n|-sidestart|p2: IronFlashGaming|move: Toxic Spikes\n|\n|upkeep\n|turn|23\n|\n|t:|1664224980\n|move|p2a: Pawniard|Knock Off|p1a: Skrelp\n|-damage|p1a: Skrelp|13\/23\n|-enditem|p1a: Skrelp|Eviolite|[from] move: Knock Off|[of] p2a: Pawniard\n|move|p1a: Skrelp|Hydro Pump|p2a: Pawniard\n|-damage|p2a: Pawniard|5\/21\n|\n|upkeep\n|turn|24\n|\n|t:|1664224990\n|move|p2a: Pawniard|Stealth Rock|p1a: Skrelp\n|-sidestart|p1: BiteSizeEgg|move: Stealth Rock\n|move|p1a: Skrelp|Flip Turn|p2a: Pawniard\n|-damage|p2a: Pawniard|0 fnt\n|faint|p2a: Pawniard\n|\n|t:|1664225001\n|switch|p1a: Pawniard|Pawniard, L5, F|21\/21\n|-damage|p1a: Pawniard|20\/21|[from] Stealth Rock\n|\n|upkeep\n|\n|t:|1664225008\n|switch|p2a: Mienfoo|Mienfoo, L5, F|21\/21\n|-status|p2a: Mienfoo|psn\n|turn|25\n|\n|t:|1664225013\n|switch|p1a: Cottonee|Cottonee, L5, F|9\/21\n|-damage|p1a: Cottonee|7\/21|[from] Stealth Rock\n|move|p2a: Mienfoo|Close Combat|p1a: Cottonee\n|-resisted|p1a: Cottonee\n|-damage|p1a: Cottonee|0 fnt\n|-unboost|p2a: Mienfoo|def|1\n|-unboost|p2a: Mienfoo|spd|1\n|faint|p1a: Cottonee\n|\n|-damage|p2a: Mienfoo|19\/21 psn|[from] psn\n|upkeep\n|\n|t:|1664225015\n|switch|p1a: Abra|Abra, L5, F|19\/19\n|turn|26\n|\n|t:|1664225040\n|switch|p2a: Diglett|Diglett, L5, F|5\/18\n|-status|p2a: Diglett|psn\n|move|p1a: Abra|Substitute|p1a: Abra\n|-start|p1a: Abra|Substitute\n|-damage|p1a: Abra|15\/19\n|\n|-damage|p2a: Diglett|3\/18 psn|[from] psn\n|upkeep\n|turn|27\n|\n|t:|1664225045\n|move|p2a: Diglett|Beat Up|p1a: Abra\n|-supereffective|p1a: Abra\n|-end|p1a: Abra|Substitute\n|-supereffective|p1a: Abra\n|-damage|p1a: Abra|11\/19\n|-hitcount|p1a: Abra|2\n|move|p1a: Abra|Psychic|p2a: Diglett\n|-damage|p2a: Diglett|0 fnt\n|faint|p2a: Diglett\n|\n|upkeep\n|\n|t:|1664225055\n|switch|p2a: Mienfoo|Mienfoo, L5, F|19\/21 psn\n|turn|28\n|\n|t:|1664225059\n|switch|p1a: Skrelp|Skrelp, L5, M|13\/23\n|-damage|p1a: Skrelp|11\/23|[from] Stealth Rock\n|move|p2a: Mienfoo|U-turn|p1a: Skrelp\n|-resisted|p1a: Skrelp\n|-damage|p1a: Skrelp|8\/23\n|\n|t:|1664225062\n|switch|p2a: Grookey|Grookey, L5, F|7\/21\n|-status|p2a: Grookey|psn\n|-fieldstart|move: Grassy Terrain|[from] ability: Grassy Surge|[of] p2a: Grookey\n|\n|-heal|p2a: Grookey|8\/21 psn|[from] Grassy Terrain\n|-heal|p1a: Skrelp|9\/23|[from] Grassy Terrain\n|-damage|p2a: Grookey|6\/21 psn|[from] psn\n|upkeep\n|turn|29\n|\n|t:|1664225070\n|move|p2a: Grookey|Grassy Glide|p1a: Skrelp\n|-damage|p1a: Skrelp|0 fnt\n|faint|p1a: Skrelp\n|\n|-heal|p2a: Grookey|7\/21 psn|[from] Grassy Terrain\n|-damage|p2a: Grookey|5\/21 psn|[from] psn\n|upkeep\n|\n|t:|1664225071\n|switch|p1a: Pawniard|Pawniard, L5, F|20\/21\n|-damage|p1a: Pawniard|19\/21|[from] Stealth Rock\n|turn|30\n|\n|t:|1664225076\n|move|p1a: Pawniard|Sucker Punch|p2a: Grookey\n|-crit|p2a: Grookey\n|-damage|p2a: Grookey|0 fnt\n|faint|p2a: Grookey\n|\n|-heal|p1a: Pawniard|20\/21|[from] Grassy Terrain\n|upkeep\n|\n|t:|1664225079\n|switch|p2a: Mienfoo|Mienfoo, L5, F|19\/21 psn\n|turn|31\n|\n|t:|1664225087\n|switch|p1a: Staryu|Staryu, L5|18\/21\n|-damage|p1a: Staryu|16\/21|[from] Stealth Rock\n|move|p2a: Mienfoo|Close Combat|p1a: Staryu\n|-damage|p1a: Staryu|3\/21\n|-unboost|p2a: Mienfoo|def|1\n|-unboost|p2a: Mienfoo|spd|1\n|\n|-heal|p2a: Mienfoo|20\/21 psn|[from] Grassy Terrain\n|-heal|p1a: Staryu|4\/21|[from] Grassy Terrain\n|-damage|p2a: Mienfoo|18\/21 psn|[from] psn\n|upkeep\n|turn|32\n|\n|t:|1664225089\n|move|p2a: Mienfoo|Close Combat|p1a: Staryu\n|-damage|p1a: Staryu|0 fnt\n|-unboost|p2a: Mienfoo|def|1\n|-unboost|p2a: Mienfoo|spd|1\n|faint|p1a: Staryu\n|\n|-heal|p2a: Mienfoo|19\/21 psn|[from] Grassy Terrain\n|-damage|p2a: Mienfoo|17\/21 psn|[from] psn\n|-fieldend|move: Grassy Terrain\n|upkeep\n|\n|t:|1664225095\n|switch|p1a: Abra|Abra, L5, F|11\/19\n|turn|33\n|\n|t:|1664225099\n|switch|p2a: Slowpoke|Slowpoke, L5, F|23\/27 brn\n|move|p1a: Abra|Psychic|p2a: Slowpoke\n|-resisted|p2a: Slowpoke\n|-damage|p2a: Slowpoke|15\/27 brn\n|\n|-damage|p2a: Slowpoke|14\/27 brn|[from] brn\n|upkeep\n|turn|34\n|\n|t:|1664225101\n|move|p1a: Abra|Shadow Ball|p2a: Slowpoke\n|-supereffective|p2a: Slowpoke\n|-damage|p2a: Slowpoke|0 fnt\n|faint|p2a: Slowpoke\n|\n|upkeep\n|\n|t:|1664225104\n|switch|p2a: Mienfoo|Mienfoo, L5, F|17\/21 psn\n|turn|35\n|\n|t:|1664225110\n|move|p2a: Mienfoo|High Jump Kick|p1a: Abra\n|-resisted|p1a: Abra\n|-damage|p1a: Abra|0 fnt\n|faint|p1a: Abra\n|\n|-damage|p2a: Mienfoo|15\/21 psn|[from] psn\n|upkeep\n|\n|t:|1664225113\n|switch|p1a: Pawniard|Pawniard, L5, F|20\/21\n|-damage|p1a: Pawniard|19\/21|[from] Stealth Rock\n|turn|36\n|\n|t:|1664225116\n|move|p2a: Mienfoo|High Jump Kick|p1a: Pawniard|[miss]\n|-miss|p2a: Mienfoo|p1a: Pawniard\n|-damage|p2a: Mienfoo|5\/21 psn|[from] highjumpkick\n|move|p1a: Pawniard|Iron Head|p2a: Mienfoo\n|-damage|p2a: Mienfoo|0 fnt\n|faint|p2a: Mienfoo\n|\n|win|BiteSizeEgg\n|raw|BiteSizeEgg's rating: 1500 &rarr; <strong>1517<\/strong><br \/>(+17 for winning)\n|raw|IronFlashGaming's rating: 1441 &rarr; <strong>1424<\/strong><br \/>(-17 for losing)\n|l|\u2606BiteSizeEgg\n","uploadtime":1664225135,"views":4,"p1id":"bitesizeegg","p2id":"ironflashgaming","formatid":"gen8battlefactory","rating":1424,"private":0,"password":null}