{"id":"gen8bdspou-1667382624","p1":"Snipesssss","p2":"bizarman","format":"gen8bdspou","log":"|j|\u2606Snipesssss\n|j|\u2606bizarman\n|t:|1663517802\n|gametype|singles\n|player|p1|Snipesssss|265|1228\n|player|p2|bizarman|scientist-gen4|1541\n|teamsize|p1|6\n|teamsize|p2|6\n|gen|8\n|tier|[Gen 8 BDSP] OU\n|rated|\n|rule|Sleep Clause Mod: Limit one foe put to sleep\n|rule|Species Clause: Limit one of each Pok\u00e9mon\n|rule|OHKO Clause: OHKO moves are banned\n|rule|Evasion Items Clause: Evasion items are banned\n|rule|Evasion Moves Clause: Evasion moves are banned\n|rule|Endless Battle Clause: Forcing endless battles is banned\n|rule|HP Percentage Mod: HP is shown in percentages\n|clearpoke\n|poke|p1|Breloom, M|\n|poke|p1|Heatran, F|\n|poke|p1|Clefable, F|\n|poke|p1|Latias, F|\n|poke|p1|Mew|\n|poke|p1|Skarmory, F|\n|poke|p2|Azelf|\n|poke|p2|Togekiss, M|\n|poke|p2|Scizor, M|\n|poke|p2|Dragonite, M|\n|poke|p2|Lucario, M|\n|poke|p2|Starmie|\n|teampreview\n|\n|t:|1663517816\n|start\n|switch|p1a: Heatran|Heatran, F|100\/100\n|switch|p2a: Azelf|Azelf|100\/100\n|turn|1\n|inactive|Battle timer is ON: inactive players will automatically lose when time's up. (requested by bizarman)\n|\n|t:|1663517821\n|move|p2a: Azelf|Stealth Rock|p1a: Heatran\n|-sidestart|p1: Snipesssss|move: Stealth Rock\n|move|p1a: Heatran|Magma Storm|p2a: Azelf\n|-damage|p2a: Azelf|27\/100\n|-activate|p2a: Azelf|move: Magma Storm|[of] p1a: Heatran\n|\n|-damage|p2a: Azelf|15\/100|[from] move: Magma Storm|[partiallytrapped]\n|upkeep\n|turn|2\n|\n|t:|1663517828\n|move|p2a: Azelf|Taunt|p1a: Heatran\n|-start|p1a: Heatran|move: Taunt\n|cant|p1a: Heatran|move: Taunt|Stealth Rock\n|\n|-damage|p2a: Azelf|2\/100|[from] move: Magma Storm|[partiallytrapped]\n|upkeep\n|turn|3\n|j| Oakh\n|\n|t:|1663517833\n|move|p2a: Azelf|Explosion|p1a: Heatran\n|-resisted|p1a: Heatran\n|-damage|p1a: Heatran|73\/100\n|faint|p2a: Azelf\n|move|p1a: Heatran|Magma Storm|p2: Azelf|[notarget]\n|-fail|p1a: Heatran\n|\n|-heal|p1a: Heatran|80\/100|[from] item: Leftovers\n|upkeep\n|\n|t:|1663517841\n|switch|p2a: Starmie|Starmie|100\/100\n|turn|4\n|\n|t:|1663517848\n|switch|p1a: Mew|Mew|100\/100\n|-damage|p1a: Mew|88\/100|[from] Stealth Rock\n|move|p2a: Starmie|Hydro Pump|p1a: Mew\n|-damage|p1a: Mew|36\/100\n|-damage|p2a: Starmie|91\/100|[from] item: Life Orb\n|\n|-heal|p1a: Mew|42\/100|[from] item: Leftovers\n|upkeep\n|turn|5\n|\n|t:|1663517870\n|move|p2a: Starmie|Hydro Pump|p1a: Mew\n|-damage|p1a: Mew|0 fnt\n|faint|p1a: Mew\n|-damage|p2a: Starmie|81\/100|[from] item: Life Orb\n|\n|upkeep\n|\n|t:|1663517873\n|switch|p1a: Breloom|Breloom, M|100\/100\n|-damage|p1a: Breloom|94\/100|[from] Stealth Rock\n|turn|6\n|c|\u2606Snipesssss|damn son\n|c|\u2606Snipesssss|that mew is all sp def too\n|\n|t:|1663517903\n|move|p2a: Starmie|Ice Beam|p1a: Breloom\n|-supereffective|p1a: Breloom\n|-damage|p1a: Breloom|0 fnt\n|faint|p1a: Breloom\n|-damage|p2a: Starmie|71\/100|[from] item: Life Orb\n|\n|upkeep\n|c|\u2606Snipesssss|that breloom is scarf too XDDDD\n|\n|t:|1663517915\n|switch|p1a: Clefable|Clefable, F|100\/100\n|-damage|p1a: Clefable|88\/100|[from] Stealth Rock\n|turn|7\n|\n|t:|1663517931\n|switch|p2a: Scizor|Scizor, M|100\/100\n|move|p1a: Clefable|Calm Mind|p1a: Clefable\n|-boost|p1a: Clefable|spa|1\n|-boost|p1a: Clefable|spd|1\n|\n|-heal|p1a: Clefable|94\/100|[from] item: Leftovers\n|upkeep\n|turn|8\n|\n|t:|1663517938\n|switch|p1a: Heatran|Heatran, F|80\/100\n|-damage|p1a: Heatran|67\/100|[from] Stealth Rock\n|move|p2a: Scizor|Bullet Punch|p1a: Heatran\n|-resisted|p1a: Heatran\n|-damage|p1a: Heatran|59\/100\n|-status|p2a: Scizor|brn|[from] ability: Flame Body|[of] p1a: Heatran\n|\n|-heal|p1a: Heatran|65\/100|[from] item: Leftovers\n|-damage|p2a: Scizor|94\/100 brn|[from] brn\n|upkeep\n|turn|9\n|\n|t:|1663517950\n|move|p2a: Scizor|U-turn|p1a: Heatran\n|-resisted|p1a: Heatran\n|-damage|p1a: Heatran|61\/100\n|\n|t:|1663517960\n|switch|p2a: Starmie|Starmie|71\/100|[from]move: U-turn\n|move|p1a: Heatran|Stealth Rock|p2a: Starmie\n|-sidestart|p2: bizarman|move: Stealth Rock\n|\n|-heal|p1a: Heatran|67\/100|[from] item: Leftovers\n|upkeep\n|turn|10\n|\n|t:|1663517984\n|move|p2a: Starmie|Rapid Spin|p1a: Heatran\n|-resisted|p1a: Heatran\n|-damage|p1a: Heatran|63\/100\n|-boost|p2a: Starmie|spe|1\n|-sideend|p2: bizarman|Stealth Rock|[from] move: Rapid Spin|[of] p2a: Starmie\n|-damage|p2a: Starmie|61\/100|[from] item: Life Orb\n|move|p1a: Heatran|Roar|p2a: Starmie\n|drag|p2a: Lucario|Lucario, M|100\/100\n|\n|-heal|p1a: Heatran|69\/100|[from] item: Leftovers\n|upkeep\n|turn|11\n|j| YungDuwang\n|\n|t:|1663517994\n|switch|p1a: Skarmory|Skarmory, F|100\/100\n|-damage|p1a: Skarmory|88\/100|[from] Stealth Rock\n|move|p2a: Lucario|Close Combat|p1a: Skarmory\n|-damage|p1a: Skarmory|42\/100\n|-unboost|p2a: Lucario|def|1\n|-unboost|p2a: Lucario|spd|1\n|-damage|p2a: Lucario|91\/100|[from] item: Life Orb\n|\n|-heal|p1a: Skarmory|48\/100|[from] item: Leftovers\n|upkeep\n|turn|12\n|\n|t:|1663518005\n|switch|p2a: Starmie|Starmie|61\/100\n|move|p1a: Skarmory|Roost|p1a: Skarmory\n|-heal|p1a: Skarmory|98\/100\n|-singleturn|p1a: Skarmory|move: Roost\n|\n|-heal|p1a: Skarmory|100\/100|[from] item: Leftovers\n|upkeep\n|turn|13\n|\n|t:|1663518012\n|move|p2a: Starmie|Thunderbolt|p1a: Skarmory\n|-supereffective|p1a: Skarmory\n|-damage|p1a: Skarmory|11\/100\n|-damage|p2a: Starmie|51\/100|[from] item: Life Orb\n|move|p1a: Skarmory|Brave Bird|p2a: Starmie\n|-damage|p2a: Starmie|0 fnt\n|faint|p2a: Starmie\n|-damage|p1a: Skarmory|0 fnt|[from] Recoil\n|faint|p1a: Skarmory\n|\n|upkeep\n|\n|t:|1663518033\n|switch|p2a: Lucario|Lucario, M|91\/100\n|switch|p1a: Clefable|Clefable, F|94\/100\n|-damage|p1a: Clefable|82\/100|[from] Stealth Rock\n|turn|14\n|\n|t:|1663518052\n|move|p2a: Lucario|Meteor Mash|p1a: Clefable\n|-supereffective|p1a: Clefable\n|-damage|p1a: Clefable|0 fnt\n|-boost|p2a: Lucario|atk|1\n|faint|p1a: Clefable\n|-damage|p2a: Lucario|81\/100|[from] item: Life Orb\n|\n|upkeep\n|\n|t:|1663518055\n|switch|p1a: Heatran|Heatran, F|69\/100\n|-damage|p1a: Heatran|56\/100|[from] Stealth Rock\n|turn|15\n|\n|t:|1663518061\n|move|p2a: Lucario|Close Combat|p1a: Heatran\n|-supereffective|p1a: Heatran\n|-damage|p1a: Heatran|0 fnt\n|-unboost|p2a: Lucario|def|1\n|-unboost|p2a: Lucario|spd|1\n|faint|p1a: Heatran\n|-damage|p2a: Lucario|71\/100|[from] item: Life Orb\n|\n|upkeep\n|\n|t:|1663518063\n|switch|p1a: Latias|Latias, F|100\/100\n|-damage|p1a: Latias|88\/100|[from] Stealth Rock\n|turn|16\n|\n|t:|1663518071\n|move|p2a: Lucario|Extreme Speed|p1a: Latias\n|-damage|p1a: Latias|29\/100\n|-damage|p2a: Lucario|61\/100|[from] item: Life Orb\n|move|p1a: Latias|Calm Mind|p1a: Latias\n|-boost|p1a: Latias|spa|1\n|-boost|p1a: Latias|spd|1\n|\n|upkeep\n|turn|17\n|\n|t:|1663518078\n|move|p2a: Lucario|Extreme Speed|p1a: Latias\n|-damage|p1a: Latias|0 fnt\n|faint|p1a: Latias\n|-damage|p2a: Lucario|51\/100|[from] item: Life Orb\n|\n|win|bizarman\n|raw|Snipesssss's rating: 1228 &rarr; <strong>1221<\/strong><br \/>(-7 for losing)\n|raw|bizarman's rating: 1541 &rarr; <strong>1547<\/strong><br \/>(+6 for winning)\n|c|\u2606bizarman|gg\n","uploadtime":1663518088,"views":2,"p1id":"snipesssss","p2id":"bizarman","formatid":"gen8bdspou","rating":1221,"private":0,"password":null}