{"id":"gen8ou-1633792824","p1":"adioxxn","p2":"Forwards","format":"gen8ou","log":"|j|\u2606adioxxn\n|j|\u2606Forwards\n|t:|1659819627\n|gametype|singles\n|player|p1|adioxxn|dawn-gen4pt|1461\n|player|p2|Forwards|infielder|1453\n|teamsize|p1|6\n|teamsize|p2|6\n|gen|8\n|tier|[Gen 8] OU\n|rated|\n|rule|Sleep Clause Mod: Limit one foe put to sleep\n|rule|Species Clause: Limit one of each Pok\u00e9mon\n|rule|OHKO Clause: OHKO moves are banned\n|rule|Evasion Items Clause: Evasion items are banned\n|rule|Evasion Moves Clause: Evasion moves are banned\n|rule|Endless Battle Clause: Forcing endless battles is banned\n|rule|HP Percentage Mod: HP is shown in percentages\n|rule|Dynamax Clause: You cannot dynamax\n|clearpoke\n|poke|p1|Gengar, M|\n|poke|p1|Cloyster, M|\n|poke|p1|Mew|\n|poke|p1|Bisharp, M|\n|poke|p1|Rillaboom, M|\n|poke|p1|Hawlucha, M|\n|poke|p2|Ninetales-Alola, F|\n|poke|p2|Nihilego|\n|poke|p2|Blacephalon|\n|poke|p2|Kartana|\n|poke|p2|Celesteela|\n|poke|p2|Buzzwole|\n|teampreview\n|inactive|Battle timer is ON: inactive players will automatically lose when time's up. (requested by Forwards)\n|\n|t:|1659819635\n|start\n|switch|p1a: Mew|Mew, shiny|100\/100\n|switch|p2a: Ninetales|Ninetales-Alola, F|100\/100\n|-weather|Hail|[from] ability: Snow Warning|[of] p2a: Ninetales\n|turn|1\n|\n|t:|1659819644\n|move|p2a: Ninetales|Aurora Veil|p2a: Ninetales\n|-sidestart|p2: Forwards|move: Aurora Veil\n|move|p1a: Mew|Stealth Rock|p2a: Ninetales\n|-sidestart|p2: Forwards|move: Stealth Rock\n|\n|-weather|Hail|[upkeep]\n|-damage|p1a: Mew|94\/100|[from] Hail\n|upkeep\n|turn|2\n|\n|t:|1659819649\n|move|p2a: Ninetales|Encore|p1a: Mew\n|-start|p1a: Mew|Encore\n|move|p1a: Mew|Stealth Rock||[still]\n|-fail|p1a: Mew\n|\n|-weather|Hail|[upkeep]\n|-damage|p1a: Mew|88\/100|[from] Hail\n|upkeep\n|turn|3\n|\n|t:|1659819654\n|switch|p2a: Celesteela|Celesteela|100\/100\n|-damage|p2a: Celesteela|88\/100|[from] Stealth Rock\n|switch|p1a: Bisharp|Bisharp, M, shiny|100\/100\n|\n|-weather|Hail|[upkeep]\n|-damage|p1a: Bisharp|95\/100|[from] Hail\n|-damage|p2a: Celesteela|82\/100|[from] Hail\n|upkeep\n|turn|4\n|\n|t:|1659819667\n|move|p1a: Bisharp|Knock Off|p2a: Celesteela\n|-damage|p2a: Celesteela|54\/100\n|-enditem|p2a: Celesteela|Power Herb|[from] move: Knock Off|[of] p1a: Bisharp\n|move|p2a: Celesteela|Autotomize|p2a: Celesteela\n|-boost|p2a: Celesteela|spe|2\n|-start|p2a: Celesteela|Autotomize\n|\n|-weather|Hail|[upkeep]\n|-damage|p2a: Celesteela|48\/100|[from] Hail\n|-damage|p1a: Bisharp|89\/100|[from] Hail\n|upkeep\n|turn|5\n|\n|t:|1659819671\n|switch|p1a: Mew|Mew, shiny|88\/100\n|move|p2a: Celesteela|Flamethrower|p1a: Mew\n|-damage|p1a: Mew|63\/100\n|-enditem|p1a: Mew|Red Card|[of] p2a: Celesteela\n|drag|p2a: Ninetales|Ninetales-Alola, F|100\/100\n|-damage|p2a: Ninetales|76\/100|[from] Stealth Rock\n|\n|-weather|none\n|upkeep\n|turn|6\n|\n|t:|1659819689\n|switch|p2a: Celesteela|Celesteela|48\/100\n|-damage|p2a: Celesteela|36\/100|[from] Stealth Rock\n|move|p1a: Mew|Spikes|p2a: Celesteela\n|-sidestart|p2: Forwards|Spikes\n|\n|upkeep\n|turn|7\n|\n|t:|1659819696\n|move|p1a: Mew|Taunt|p2a: Celesteela\n|-start|p2a: Celesteela|move: Taunt\n|cant|p2a: Celesteela|move: Taunt|Autotomize\n|\n|upkeep\n|turn|8\n|\n|t:|1659819703\n|move|p1a: Mew|Spikes|p2a: Celesteela\n|-sidestart|p2: Forwards|Spikes\n|move|p2a: Celesteela|Air Slash|p1a: Mew\n|-damage|p1a: Mew|30\/100\n|\n|-sideend|p2: Forwards|move: Aurora Veil\n|upkeep\n|turn|9\n|\n|t:|1659819708\n|move|p1a: Mew|Explosion|p2a: Celesteela\n|-resisted|p2a: Celesteela\n|-damage|p2a: Celesteela|9\/100\n|faint|p1a: Mew\n|move|p2a: Celesteela|Air Slash|p1: Mew|[notarget]\n|-fail|p2a: Celesteela\n|\n|-end|p2a: Celesteela|move: Taunt\n|upkeep\n|\n|t:|1659819720\n|switch|p1a: Bisharp|Bisharp, M, shiny|89\/100\n|turn|10\n|\n|t:|1659819726\n|move|p1a: Bisharp|Knock Off|p2a: Celesteela\n|-damage|p2a: Celesteela|0 fnt\n|faint|p2a: Celesteela\n|\n|upkeep\n|\n|t:|1659819729\n|switch|p2a: Buzzwole|Buzzwole|100\/100\n|-damage|p2a: Buzzwole|88\/100|[from] Stealth Rock\n|-damage|p2a: Buzzwole|71\/100|[from] Spikes\n|turn|11\n|\n|t:|1659819736\n|switch|p1a: Gengar|Gengar, M, shiny|100\/100\n|move|p2a: Buzzwole|Dynamic Punch|p1a: Gengar\n|-immune|p1a: Gengar\n|\n|upkeep\n|turn|12\n|\n|t:|1659819742\n|switch|p2a: Ninetales|Ninetales-Alola, F|76\/100\n|-damage|p2a: Ninetales|51\/100|[from] Stealth Rock\n|-damage|p2a: Ninetales|34\/100|[from] Spikes\n|-weather|Hail|[from] ability: Snow Warning|[of] p2a: Ninetales\n|move|p1a: Gengar|Shadow Ball|p2a: Ninetales\n|-damage|p2a: Ninetales|0 fnt\n|faint|p2a: Ninetales\n|\n|-weather|Hail|[upkeep]\n|-damage|p1a: Gengar|94\/100|[from] Hail\n|upkeep\n|\n|t:|1659819746\n|switch|p2a: Nihilego|Nihilego|100\/100\n|-damage|p2a: Nihilego|88\/100|[from] Stealth Rock\n|-damage|p2a: Nihilego|72\/100|[from] Spikes\n|turn|13\n|\n|t:|1659819764\n|move|p1a: Gengar|Destiny Bond|p1a: Gengar\n|-singlemove|p1a: Gengar|Destiny Bond\n|move|p2a: Nihilego|Meteor Beam||[still]\n|-prepare|p2a: Nihilego|Meteor Beam\n|-boost|p2a: Nihilego|spa|1\n|-enditem|p2a: Nihilego|Power Herb\n|-anim|p2a: Nihilego|Meteor Beam|p1a: Gengar\n|-damage|p1a: Gengar|0 fnt\n|-start|p2a: Nihilego|Disable|Meteor Beam|[from] ability: Cursed Body|[of] p1a: Gengar\n|faint|p1a: Gengar\n|-activate|p1a: Gengar|move: Destiny Bond\n|faint|p2a: Nihilego\n|\n|-weather|Hail|[upkeep]\n|upkeep\n|-message|Forwards forfeited.\n|\n|win|adioxxn\n|raw|adioxxn's rating: 1461 &rarr; <strong>1481<\/strong><br \/>(+20 for winning)\n|raw|Forwards's rating: 1453 &rarr; <strong>1433<\/strong><br \/>(-20 for losing)\n|l|\u2606Forwards\n||Ladder isn't responding, score probably updated but might not have (Request timeout).\n","uploadtime":1659819790,"views":28,"p1id":"adioxxn","p2id":"forwards","formatid":"gen8ou","rating":1433,"private":0,"password":null}