{"id":"gen8nationaldex-1187831417","p1":"kura97","p2":"Daunzu","format":"gen8nationaldex","log":"|j|\u2606kura97\n|j|\u2606Daunzu\n|t:|1600253778\n|player|p1|kura97|lucas|1845\n|player|p2|Daunzu|ingo|1644\n|teamsize|p1|6\n|teamsize|p2|6\n|gametype|singles\n|gen|8\n|tier|[Gen 8] National Dex\n|rated|\n|clearpoke\n|poke|p1|Excadrill, M|\n|poke|p1|Grimmsnarl, M|\n|poke|p1|Dragapult, M|\n|poke|p1|Magearna|\n|poke|p1|Rillaboom, F|\n|poke|p1|Gyarados, F|\n|poke|p2|Charizard, F|\n|poke|p2|Latios, M|\n|poke|p2|Victini|\n|poke|p2|Slowbro, M|\n|poke|p2|Landorus-Therian, M|\n|poke|p2|Tapu Fini|\n|rule|HP Percentage Mod: HP is shown in percentages\n|rule|Endless Battle Clause: Forcing endless battles is banned\n|rule|OHKO Clause: OHKO moves are banned\n|rule|Evasion Moves Clause: Evasion moves are banned\n|rule|Species Clause: Limit one of each Pok\u00e9mon\n|rule|Dynamax Clause: You cannot dynamax\n|rule|Sleep Clause Mod: Limit one foe put to sleep\n|teampreview\n|inactive|Battle timer is ON: inactive players will automatically lose when time's up. (requested by kura97)\n|\n|t:|1600253785\n|start\n|switch|p1a: Excadrill|Excadrill, M|100\/100\n|switch|p2a: Tapu Fini|Tapu Fini|100\/100\n|-ability|p1a: Excadrill|Mold Breaker\n|-fieldstart|move: Misty Terrain|[from] ability: Misty Surge|[of] p2a: Tapu Fini\n|turn|1\n|\n|t:|1600253792\n|switch|p2a: Slowbro|Slowbro, M|100\/100\n|move|p1a: Excadrill|Stealth Rock|p2a: Slowbro\n|-sidestart|p2: Daunzu|move: Stealth Rock\n|\n|upkeep\n|turn|2\n|\n|t:|1600253795\n|switch|p1a: Grimmsnarl|Grimmsnarl, M|100\/100\n|move|p2a: Slowbro|Scald|p1a: Grimmsnarl\n|-damage|p1a: Grimmsnarl|73\/100\n|\n|upkeep\n|turn|3\n|\n|t:|1600253801\n|move|p1a: Grimmsnarl|Light Screen|p1a: Grimmsnarl\n|-sidestart|p1: kura97|move: Light Screen\n|move|p2a: Slowbro|Scald|p1a: Grimmsnarl\n|-damage|p1a: Grimmsnarl|61\/100\n|\n|upkeep\n|turn|4\n|\n|t:|1600253806\n|move|p1a: Grimmsnarl|Reflect|p1a: Grimmsnarl\n|-sidestart|p1: kura97|Reflect\n|move|p2a: Slowbro|Teleport|p2a: Slowbro\n|\n|t:|1600253808\n|switch|p2a: Tapu Fini|Tapu Fini|100\/100|[from]move: Teleport\n|-damage|p2a: Tapu Fini|88\/100|[from] Stealth Rock\n|\n|-heal|p2a: Tapu Fini|94\/100|[from] item: Leftovers\n|upkeep\n|turn|5\n|\n|t:|1600253812\n|move|p1a: Grimmsnarl|Taunt|p2a: Tapu Fini\n|-start|p2a: Tapu Fini|move: Taunt\n|cant|p2a: Tapu Fini|move: Taunt|Defog\n|\n|-heal|p2a: Tapu Fini|99\/100|[from] item: Leftovers\n|-fieldend|Misty Terrain\n|upkeep\n|turn|6\n|\n|t:|1600253815\n|move|p2a: Tapu Fini|Nature's Madness|p1a: Grimmsnarl\n|-damage|p1a: Grimmsnarl|31\/100\n|move|p1a: Grimmsnarl|Spirit Break|p2a: Tapu Fini\n|-damage|p2a: Tapu Fini|75\/100\n|-unboost|p2a: Tapu Fini|spa|1\n|\n|-heal|p2a: Tapu Fini|81\/100|[from] item: Leftovers\n|upkeep\n|turn|7\n|\n|t:|1600253823\n|switch|p2a: Slowbro|Slowbro, M|100\/100\n|-damage|p2a: Slowbro|88\/100|[from] Stealth Rock\n|move|p1a: Grimmsnarl|Spirit Break|p2a: Slowbro\n|-damage|p2a: Slowbro|70\/100\n|-unboost|p2a: Slowbro|spa|1\n|-damage|p1a: Grimmsnarl|14\/100|[from] item: Rocky Helmet|[of] p2a: Slowbro\n|\n|upkeep\n|turn|8\n|\n|t:|1600253827\n|move|p1a: Grimmsnarl|Taunt|p2a: Slowbro\n|-start|p2a: Slowbro|move: Taunt\n|cant|p2a: Slowbro|move: Taunt|Teleport\n|\n|upkeep\n|turn|9\n|\n|t:|1600253831\n|switch|p2a: Tapu Fini|Tapu Fini|81\/100\n|-damage|p2a: Tapu Fini|69\/100|[from] Stealth Rock\n|-fieldstart|move: Misty Terrain|[from] ability: Misty Surge|[of] p2a: Tapu Fini\n|move|p1a: Grimmsnarl|Spirit Break|p2a: Tapu Fini\n|-damage|p2a: Tapu Fini|41\/100\n|-unboost|p2a: Tapu Fini|spa|1\n|\n|-heal|p2a: Tapu Fini|47\/100|[from] item: Leftovers\n|upkeep\n|turn|10\n|\n|t:|1600253835\n|move|p1a: Grimmsnarl|Taunt|p2a: Tapu Fini\n|-start|p2a: Tapu Fini|move: Taunt\n|move|p2a: Tapu Fini|Moonblast|p1a: Grimmsnarl\n|-supereffective|p1a: Grimmsnarl\n|-damage|p1a: Grimmsnarl|0 fnt\n|faint|p1a: Grimmsnarl\n|\n|-heal|p2a: Tapu Fini|53\/100|[from] item: Leftovers\n|-sideend|p1: kura97|move: Light Screen\n|upkeep\n|\n|t:|1600253864\n|switch|p1a: Rillaboom|Rillaboom, F|100\/100\n|-fieldstart|move: Grassy Terrain|[from] ability: Grassy Surge|[of] p1a: Rillaboom\n|turn|11\n|\n|t:|1600253868\n|switch|p2a: Landorus|Landorus-Therian, M|100\/100\n|-damage|p2a: Landorus|88\/100|[from] Stealth Rock\n|-ability|p2a: Landorus|Intimidate|boost\n|-unboost|p1a: Rillaboom|atk|1\n|move|p1a: Rillaboom|Swords Dance|p1a: Rillaboom\n|-boost|p1a: Rillaboom|atk|2\n|\n|-heal|p2a: Landorus|94\/100|[from] item: Leftovers\n|-sideend|p1: kura97|Reflect\n|upkeep\n|turn|12\n|\n|t:|1600253871\n|move|p1a: Rillaboom|Grassy Glide|p2a: Landorus\n|-crit|p2a: Landorus\n|-damage|p2a: Landorus|0 fnt\n|-damage|p1a: Rillaboom|91\/100|[from] item: Life Orb\n|faint|p2a: Landorus\n|\n|-heal|p1a: Rillaboom|97\/100|[from] Grassy Terrain\n|upkeep\n|\n|t:|1600253877\n|switch|p2a: Latios|Latios, M|100\/100\n|-damage|p2a: Latios|88\/100|[from] Stealth Rock\n|turn|13\n|\n|t:|1600253892\n|move|p1a: Rillaboom|Grassy Glide|p2a: Latios\n|-resisted|p2a: Latios\n|-damage|p2a: Latios|21\/100\n|-damage|p1a: Rillaboom|87\/100|[from] item: Life Orb\n|move|p2a: Latios|Defog|p1a: Rillaboom\n|-unboost|p1a: Rillaboom|evasion|1\n|-sideend|p2: Daunzu|Stealth Rock|[from] move: Defog|[of] p2a: Latios\n|-fieldend|move: Grassy Terrain\n|\n|upkeep\n|turn|14\n|\n|t:|1600253898\n|switch|p1a: Excadrill|Excadrill, M|100\/100\n|-ability|p1a: Excadrill|Mold Breaker\n|move|p2a: Latios|Draco Meteor|p1a: Excadrill\n|-resisted|p1a: Excadrill\n|-damage|p1a: Excadrill|50\/100\n|-unboost|p2a: Latios|spa|2\n|\n|upkeep\n|turn|15\n|\n|t:|1600253903\n|switch|p2a: Charizard|Charizard, F|100\/100\n|move|p1a: Excadrill|Stealth Rock|p2a: Charizard\n|-sidestart|p2: Daunzu|move: Stealth Rock\n|\n|upkeep\n|turn|16\n|\n|t:|1600253905\n|detailschange|p2a: Charizard|Charizard-Mega-Y, F\n|-mega|p2a: Charizard|Charizard|Charizardite Y\n|-weather|SunnyDay|[from] ability: Drought|[of] p2a: Charizard\n|move|p2a: Charizard|Flamethrower|p1a: Excadrill\n|-supereffective|p1a: Excadrill\n|-damage|p1a: Excadrill|0 fnt\n|faint|p1a: Excadrill\n|\n|-weather|SunnyDay|[upkeep]\n|upkeep\n|\n|t:|1600253919\n|switch|p1a: Dragapult|Dragapult, M|100\/100\n|turn|17\n|\n|t:|1600253928\n|move|p1a: Dragapult|Dragon Dance|p1a: Dragapult\n|-boost|p1a: Dragapult|atk|1\n|-boost|p1a: Dragapult|spe|1\n|move|p2a: Charizard|Air Slash|p1a: Dragapult\n|-damage|p1a: Dragapult|36\/100\n|\n|-weather|SunnyDay|[upkeep]\n|upkeep\n|turn|18\n|\n|t:|1600253953\n|switch|p2a: Tapu Fini|Tapu Fini|53\/100\n|-damage|p2a: Tapu Fini|40\/100|[from] Stealth Rock\n|-fieldstart|move: Misty Terrain|[from] ability: Misty Surge|[of] p2a: Tapu Fini\n|move|p1a: Dragapult|Dragon Darts|p2a: Tapu Fini\n|-immune|p2a: Tapu Fini\n|\n|-weather|SunnyDay|[upkeep]\n|-heal|p2a: Tapu Fini|46\/100|[from] item: Leftovers\n|upkeep\n|turn|19\n|\n|t:|1600253964\n|switch|p2a: Latios|Latios, M|21\/100\n|-damage|p2a: Latios|9\/100|[from] Stealth Rock\n|-zpower|p1a: Dragapult\n|move|p1a: Dragapult|Never-Ending Nightmare|p2a: Latios|[zeffect]\n|-supereffective|p2a: Latios\n|-damage|p2a: Latios|0 fnt\n|faint|p2a: Latios\n|\n|-weather|SunnyDay|[upkeep]\n|upkeep\n|\n|t:|1600253968\n|switch|p2a: Slowbro|Slowbro, M|100\/100\n|-damage|p2a: Slowbro|88\/100|[from] Stealth Rock\n|turn|20\n|\n|t:|1600253971\n|move|p1a: Dragapult|Substitute|p1a: Dragapult\n|-start|p1a: Dragapult|Substitute\n|-damage|p1a: Dragapult|11\/100\n|move|p2a: Slowbro|Scald|p1a: Dragapult\n|-resisted|p1a: Dragapult\n|-activate|p1a: Dragapult|move: Substitute|[damage]\n|\n|-weather|none\n|upkeep\n|turn|21\n|\n|t:|1600253979\n|move|p1a: Dragapult|Dragon Dance|p1a: Dragapult\n|-boost|p1a: Dragapult|atk|1\n|-boost|p1a: Dragapult|spe|1\n|move|p2a: Slowbro|Scald|p1a: Dragapult\n|-resisted|p1a: Dragapult\n|-end|p1a: Dragapult|Substitute\n|\n|upkeep\n|turn|22\n|\n|t:|1600253983\n|move|p1a: Dragapult|Dragon Darts|p2a: Slowbro\n|-damage|p2a: Slowbro|73\/100\n|-anim|p1a: Dragapult|Dragon Darts|p2a: Slowbro\n|-damage|p2a: Slowbro|57\/100\n|move|p2a: Slowbro|Scald|p1a: Dragapult\n|-resisted|p1a: Dragapult\n|-damage|p1a: Dragapult|0 fnt\n|faint|p1a: Dragapult\n|\n|-fieldend|Misty Terrain\n|upkeep\n|\n|t:|1600253991\n|switch|p1a: Gyarados|Gyarados, F|100\/100\n|-ability|p1a: Gyarados|Intimidate|boost\n|-unboost|p2a: Slowbro|atk|1\n|turn|23\n|\n|t:|1600253993\n|move|p1a: Gyarados|Substitute|p1a: Gyarados\n|-start|p1a: Gyarados|Substitute\n|-damage|p1a: Gyarados|76\/100\n|move|p2a: Slowbro|Thunder Wave||[still]\n|-fail|p2a: Slowbro\n|\n|upkeep\n|turn|24\n|\n|t:|1600254020\n|move|p1a: Gyarados|Dragon Dance|p1a: Gyarados\n|-boost|p1a: Gyarados|atk|1\n|-boost|p1a: Gyarados|spe|1\n|move|p2a: Slowbro|Teleport|p2a: Slowbro\n|\n|t:|1600254023\n|switch|p2a: Tapu Fini|Tapu Fini|46\/100|[from]move: Teleport\n|-damage|p2a: Tapu Fini|34\/100|[from] Stealth Rock\n|-fieldstart|move: Misty Terrain|[from] ability: Misty Surge|[of] p2a: Tapu Fini\n|\n|-heal|p2a: Tapu Fini|40\/100|[from] item: Leftovers\n|upkeep\n|turn|25\n|\n|t:|1600254027\n|move|p1a: Gyarados|Waterfall|p2a: Tapu Fini\n|-resisted|p2a: Tapu Fini\n|-damage|p2a: Tapu Fini|13\/100\n|move|p2a: Tapu Fini|Moonblast|p1a: Gyarados\n|-end|p1a: Gyarados|Substitute\n|\n|-heal|p2a: Tapu Fini|19\/100|[from] item: Leftovers\n|upkeep\n|turn|26\n|\n|t:|1600254037\n|move|p1a: Gyarados|Waterfall|p2a: Tapu Fini\n|-resisted|p2a: Tapu Fini\n|-damage|p2a: Tapu Fini|0 fnt\n|faint|p2a: Tapu Fini\n|\n|upkeep\n|\n|t:|1600254042\n|switch|p2a: Victini|Victini|100\/100\n|-damage|p2a: Victini|76\/100|[from] Stealth Rock\n|turn|27\n|\n|t:|1600254056\n|detailschange|p1a: Gyarados|Gyarados-Mega, F\n|-mega|p1a: Gyarados|Gyarados|Gyaradosite\n|-ability|p1a: Gyarados|Mold Breaker\n|move|p2a: Victini|Fusion Bolt|p1a: Gyarados\n|-supereffective|p1a: Gyarados\n|-damage|p1a: Gyarados|18\/100\n|move|p1a: Gyarados|Crunch|p2a: Victini\n|-supereffective|p2a: Victini\n|-damage|p2a: Victini|0 fnt\n|faint|p2a: Victini\n|\n|upkeep\n|\n|t:|1600254062\n|switch|p2a: Slowbro|Slowbro, M|91\/100\n|-damage|p2a: Slowbro|78\/100|[from] Stealth Rock\n|turn|28\n|\n|t:|1600254068\n|move|p1a: Gyarados|Crunch|p2a: Slowbro\n|-supereffective|p2a: Slowbro\n|-damage|p2a: Slowbro|0 fnt\n|-damage|p1a: Gyarados|1\/100|[from] item: Rocky Helmet|[of] p2a: Slowbro\n|faint|p2a: Slowbro\n|\n|-fieldend|Misty Terrain\n|upkeep\n|\n|t:|1600254072\n|switch|p2a: Charizard|Charizard-Mega-Y, F|100\/100\n|-damage|p2a: Charizard|50\/100|[from] Stealth Rock\n|-weather|SunnyDay|[from] ability: Drought|[of] p2a: Charizard\n|turn|29\n|-message|Daunzu forfeited.\n|\n|win|kura97\n|l|\u2606Daunzu\n|raw|kura97's rating: 1845 &rarr; <strong>1854<\/strong><br \/>(+9 for winning)\n|raw|Daunzu's rating: 1624 &rarr; <strong>1615<\/strong><br \/>(-9 for losing)\n|l|\u2606kura97\n","uploadtime":1600254085,"views":29,"p1id":"kura97","p2id":"daunzu","formatid":"gen8nationaldex","rating":1615,"private":0,"password":null}