{"id":"gen8ou-1706410225","p1":"quixana","p2":"CocoBiceps","format":"gen8ou","log":"|j|\u2606quixana\n|j|\u2606CocoBiceps\n|t:|1667987021\n|gametype|singles\n|player|p1|quixana|1|1821\n|player|p2|CocoBiceps|byron|1714\n|teamsize|p1|6\n|teamsize|p2|6\n|gen|8\n|tier|[Gen 8] OU\n|rated|\n|rule|Sleep Clause Mod: Limit one foe put to sleep\n|rule|Species Clause: Limit one of each Pok\u00e9mon\n|rule|OHKO Clause: OHKO moves are banned\n|rule|Evasion Items Clause: Evasion items are banned\n|rule|Evasion Moves Clause: Evasion moves are banned\n|rule|Endless Battle Clause: Forcing endless battles is banned\n|rule|HP Percentage Mod: HP is shown in percentages\n|rule|Dynamax Clause: You cannot dynamax\n|clearpoke\n|poke|p1|Kartana|\n|poke|p1|Buzzwole|\n|poke|p1|Tapu Lele|\n|poke|p1|Landorus-Therian, M|\n|poke|p1|Slowbro, F|\n|poke|p1|Blissey, F|\n|poke|p2|Tyranitar, M|\n|poke|p2|Landorus-Therian, M|\n|poke|p2|Slowbro, M|\n|poke|p2|Tornadus-Therian, M|\n|poke|p2|Volcanion|\n|poke|p2|Excadrill, M|\n|teampreview\n|j| broked on bricks\n|\n|t:|1667987062\n|start\n|switch|p1a: Slowbro|Slowbro, F, shiny|100\/100\n|switch|p2a: Volcanion|Volcanion|100\/100\n|turn|1\n|\n|t:|1667987075\n|switch|p2a: Tyranitar|Tyranitar, M|100\/100\n|-weather|Sandstorm|[from] ability: Sand Stream|[of] p2a: Tyranitar\n|move|p1a: Slowbro|Teleport|p1a: Slowbro\n|\n|t:|1667987091\n|switch|p1a: Kartana|Kartana|100\/100|[from]move: Teleport\n|\n|-weather|Sandstorm|[upkeep]\n|upkeep\n|turn|2\n|\n|t:|1667987132\n|switch|p2a: Tornadus|Tornadus-Therian, M|100\/100\n|move|p1a: Kartana|Leaf Blade|p2a: Tornadus\n|-resisted|p2a: Tornadus\n|-damage|p2a: Tornadus|52\/100\n|\n|-weather|Sandstorm|[upkeep]\n|-damage|p2a: Tornadus|46\/100|[from] Sandstorm\n|upkeep\n|turn|3\n|\n|t:|1667987140\n|switch|p2a: Landorus|Landorus-Therian, M|100\/100\n|-ability|p2a: Landorus|Intimidate|boost\n|-unboost|p1a: Kartana|atk|1\n|switch|p1a: Slowbro|Slowbro, F, shiny|100\/100\n|\n|-weather|Sandstorm|[upkeep]\n|-damage|p1a: Slowbro|94\/100|[from] Sandstorm\n|upkeep\n|turn|4\n|j| mandada90\n|j| Ctannn\n|\n|t:|1667987146\n|move|p2a: Landorus|Stealth Rock|p1a: Slowbro\n|-sidestart|p1: quixana|move: Stealth Rock\n|move|p1a: Slowbro|Teleport|p1a: Slowbro\n|\n|t:|1667987171\n|switch|p1a: Landorus|Landorus-Therian, M|100\/100|[from]move: Teleport\n|-damage|p1a: Landorus|88\/100|[from] Stealth Rock\n|-ability|p1a: Landorus|Intimidate|boost\n|-unboost|p2a: Landorus|atk|1\n|\n|-weather|Sandstorm|[upkeep]\n|-heal|p1a: Landorus|94\/100|[from] item: Leftovers\n|upkeep\n|turn|5\n|l| Ctannn\n|inactive|Battle timer is ON: inactive players will automatically lose when time's up. (requested by CocoBiceps)\n|\n|t:|1667987239\n|move|p2a: Landorus|Knock Off|p1a: Landorus\n|-damage|p1a: Landorus|74\/100\n|-enditem|p1a: Landorus|Leftovers|[from] move: Knock Off|[of] p2a: Landorus\n|move|p1a: Landorus|Defog|p2a: Landorus\n|-unboost|p2a: Landorus|evasion|1\n|-sideend|p1: quixana|Stealth Rock|[from] move: Defog|[of] p1a: Landorus\n|\n|-weather|none\n|upkeep\n|turn|6\n|\n|t:|1667987248\n|move|p2a: Landorus|Stealth Rock|p1a: Landorus\n|-sidestart|p1: quixana|move: Stealth Rock\n|move|p1a: Landorus|Stone Edge|p2a: Landorus\n|-damage|p2a: Landorus|69\/100\n|\n|-heal|p2a: Landorus|75\/100|[from] item: Leftovers\n|upkeep\n|turn|7\n|\n|t:|1667987253\n|move|p2a: Landorus|U-turn|p1a: Landorus\n|-resisted|p1a: Landorus\n|-damage|p1a: Landorus|66\/100\n|\n|t:|1667987256\n|switch|p2a: Volcanion|Volcanion|100\/100|[from]move: U-turn\n|move|p1a: Landorus|Defog|p2a: Volcanion\n|-unboost|p2a: Volcanion|evasion|1\n|-sideend|p1: quixana|Stealth Rock|[from] move: Defog|[of] p1a: Landorus\n|\n|upkeep\n|turn|8\n|\n|t:|1667987260\n|switch|p1a: Blissey|Blissey, F|100\/100\n|move|p2a: Volcanion|Steam Eruption|p1a: Blissey\n|-damage|p1a: Blissey|81\/100\n|\n|upkeep\n|turn|9\n|\n|t:|1667987268\n|switch|p2a: Tyranitar|Tyranitar, M|100\/100\n|-weather|Sandstorm|[from] ability: Sand Stream|[of] p2a: Tyranitar\n|move|p1a: Blissey|Stealth Rock|p2a: Tyranitar\n|-sidestart|p2: CocoBiceps|move: Stealth Rock\n|\n|-weather|Sandstorm|[upkeep]\n|-damage|p1a: Blissey|75\/100|[from] Sandstorm\n|upkeep\n|turn|10\n|l| mandada90\n|\n|t:|1667987278\n|switch|p1a: Buzzwole|Buzzwole|100\/100\n|move|p2a: Tyranitar|Stone Edge|p1a: Buzzwole\n|-damage|p1a: Buzzwole|41\/100\n|\n|-weather|Sandstorm|[upkeep]\n|-damage|p1a: Buzzwole|35\/100|[from] Sandstorm\n|upkeep\n|turn|11\n|\n|t:|1667987286\n|switch|p2a: Slowbro|Slowbro, M|100\/100\n|-damage|p2a: Slowbro|88\/100|[from] Stealth Rock\n|move|p1a: Buzzwole|Leech Life|p2a: Slowbro\n|-supereffective|p2a: Slowbro\n|-crit|p2a: Slowbro\n|-damage|p2a: Slowbro|4\/100\n|-heal|p1a: Buzzwole|82\/100|[from] drain|[of] p2a: Slowbro\n|\n|-weather|Sandstorm|[upkeep]\n|-damage|p1a: Buzzwole|75\/100|[from] Sandstorm\n|-damage|p2a: Slowbro|0 fnt|[from] Sandstorm\n|faint|p2a: Slowbro\n|upkeep\n|j| mandada90\n|\n|t:|1667987290\n|switch|p2a: Volcanion|Volcanion|100\/100\n|turn|12\n|\n|t:|1667987298\n|switch|p1a: Blissey|Blissey, F|75\/100\n|move|p2a: Volcanion|Defog|p1a: Blissey\n|-unboost|p1a: Blissey|evasion|1\n|-sideend|p2: CocoBiceps|Stealth Rock|[from] move: Defog|[of] p2a: Volcanion\n|\n|-weather|Sandstorm|[upkeep]\n|-damage|p2a: Volcanion|95\/100|[from] Sandstorm\n|-damage|p1a: Blissey|69\/100|[from] Sandstorm\n|upkeep\n|turn|13\n|inactive|quixana has 120 seconds left.\n|\n|t:|1667987353\n|switch|p2a: Tyranitar|Tyranitar, M|100\/100\n|switch|p1a: Kartana|Kartana|100\/100\n|\n|-weather|none\n|upkeep\n|turn|14\n|\n|t:|1667987360\n|switch|p2a: Landorus|Landorus-Therian, M|75\/100\n|-ability|p2a: Landorus|Intimidate|boost\n|-unboost|p1a: Kartana|atk|1\n|move|p1a: Kartana|Smart Strike|p2a: Landorus\n|-damage|p2a: Landorus|30\/100\n|\n|-heal|p2a: Landorus|36\/100|[from] item: Leftovers\n|upkeep\n|turn|15\n|j| Ctannn\n|inactive|quixana has 90 seconds left.\n|\n|t:|1667987395\n|switch|p1a: Slowbro|Slowbro, F, shiny|100\/100\n|switch|p2a: Volcanion|Volcanion|95\/100\n|\n|upkeep\n|turn|16\n|\n|t:|1667987399\n|switch|p2a: Tyranitar|Tyranitar, M|100\/100\n|-weather|Sandstorm|[from] ability: Sand Stream|[of] p2a: Tyranitar\n|move|p1a: Slowbro|Teleport|p1a: Slowbro\n|\n|t:|1667987402\n|switch|p1a: Kartana|Kartana|100\/100|[from]move: Teleport\n|\n|-weather|Sandstorm|[upkeep]\n|upkeep\n|turn|17\n|\n|t:|1667987406\n|switch|p2a: Tornadus|Tornadus-Therian, M|79\/100\n|move|p1a: Kartana|Leaf Blade|p2a: Tornadus\n|-resisted|p2a: Tornadus\n|-damage|p2a: Tornadus|31\/100\n|\n|-weather|Sandstorm|[upkeep]\n|-damage|p2a: Tornadus|24\/100|[from] Sandstorm\n|upkeep\n|turn|18\n|l| mandada90\n|\n|t:|1667987418\n|switch|p1a: Slowbro|Slowbro, F, shiny|100\/100\n|move|p2a: Tornadus|Heat Wave|p1a: Slowbro\n|-resisted|p1a: Slowbro\n|-damage|p1a: Slowbro|89\/100\n|\n|-weather|Sandstorm|[upkeep]\n|-damage|p2a: Tornadus|18\/100|[from] Sandstorm\n|-damage|p1a: Slowbro|83\/100|[from] Sandstorm\n|upkeep\n|turn|19\n|\n|t:|1667987425\n|move|p2a: Tornadus|U-turn|p1a: Slowbro\n|-supereffective|p1a: Slowbro\n|-damage|p1a: Slowbro|66\/100\n|-damage|p2a: Tornadus|2\/100|[from] item: Rocky Helmet|[of] p1a: Slowbro\n|\n|t:|1667987430\n|switch|p2a: Tyranitar|Tyranitar, M|100\/100|[from]move: U-turn\n|move|p1a: Slowbro|Teleport|p1a: Slowbro\n|\n|t:|1667987441\n|switch|p1a: Kartana|Kartana|100\/100|[from]move: Teleport\n|\n|-weather|Sandstorm|[upkeep]\n|upkeep\n|turn|20\n|\n|t:|1667987446\n|switch|p2a: Volcanion|Volcanion|95\/100\n|move|p1a: Kartana|Leaf Blade|p2a: Volcanion\n|-damage|p2a: Volcanion|0 fnt\n|faint|p2a: Volcanion\n|-ability|p1a: Kartana|Beast Boost|boost\n|-boost|p1a: Kartana|atk|1\n|\n|-weather|none\n|upkeep\n|\n|t:|1667987458\n|switch|p2a: Landorus|Landorus-Therian, M|36\/100\n|-ability|p2a: Landorus|Intimidate|boost\n|-unboost|p1a: Kartana|atk|1\n|turn|21\n|\n|t:|1667987464\n|move|p1a: Kartana|Leaf Blade|p2a: Landorus\n|-damage|p2a: Landorus|0 fnt\n|faint|p2a: Landorus\n|-ability|p1a: Kartana|Beast Boost|boost\n|-boost|p1a: Kartana|atk|1\n|\n|upkeep\n|\n|t:|1667987466\n|switch|p2a: Tyranitar|Tyranitar, M|100\/100\n|-weather|Sandstorm|[from] ability: Sand Stream|[of] p2a: Tyranitar\n|turn|22\n|-message|CocoBiceps forfeited.\n|\n|win|quixana\n|raw|quixana's rating: 1821 &rarr; <strong>1835<\/strong><br \/>(+14 for winning)\n|raw|CocoBiceps's rating: 1714 &rarr; <strong>1700<\/strong><br \/>(-14 for losing)\n|l|\u2606CocoBiceps\n|l| broked on bricks\n||Ladder isn't responding, score probably updated but might not have (Request timeout).\n","uploadtime":1667987477,"views":5,"p1id":"quixana","p2id":"cocobiceps","formatid":"gen8ou","rating":1700,"private":0,"password":null}