{"id":"gen8ou-1703835242","p1":"Archerdagoat","p2":"minimax_ai","format":"gen8ou","log":"|j|\u2606Archerdagoat\n|j|\u203dminimax_ai\n|t:|1667701601\n|gametype|singles\n|player|p1|Archerdagoat|170|1477\n|player|p2|minimax_ai|169|1480\n|teamsize|p1|6\n|teamsize|p2|6\n|gen|8\n|tier|[Gen 8] OU\n|rated|\n|rule|Sleep Clause Mod: Limit one foe put to sleep\n|rule|Species Clause: Limit one of each Pok\u00e9mon\n|rule|OHKO Clause: OHKO moves are banned\n|rule|Evasion Items Clause: Evasion items are banned\n|rule|Evasion Moves Clause: Evasion moves are banned\n|rule|Endless Battle Clause: Forcing endless battles is banned\n|rule|HP Percentage Mod: HP is shown in percentages\n|rule|Dynamax Clause: You cannot dynamax\n|clearpoke\n|poke|p1|Chansey, F|\n|poke|p1|Zapdos|\n|poke|p1|Clefable, M|\n|poke|p1|Volcarona, M|\n|poke|p1|Slowbro, M|\n|poke|p1|Ferrothorn, F|\n|poke|p2|Rotom-Wash|\n|poke|p2|Weavile, F|\n|poke|p2|Landorus-Therian, M|\n|poke|p2|Heatran, M|\n|poke|p2|Tangrowth, M|\n|poke|p2|Melmetal|\n|teampreview\n|inactive|Battle timer is ON: inactive players will automatically lose when time's up. (requested by minimax_ai)\n|\n|t:|1667701605\n|start\n|switch|p1a: Ferrothorn|Ferrothorn, F|100\/100\n|switch|p2a: Heatran|Heatran, M|100\/100\n|-item|p2a: Heatran|Air Balloon\n|turn|1\n|\n|t:|1667701609\n|move|p2a: Heatran|Magma Storm|p1a: Ferrothorn\n|-supereffective|p1a: Ferrothorn\n|-damage|p1a: Ferrothorn|0 fnt\n|faint|p1a: Ferrothorn\n|\n|upkeep\n|\n|t:|1667701612\n|switch|p1a: Slowbro|Slowbro, M|100\/100\n|turn|2\n|\n|t:|1667701615\n|move|p2a: Heatran|Stealth Rock|p1a: Slowbro\n|-sidestart|p1: Archerdagoat|move: Stealth Rock\n|move|p1a: Slowbro|Scald|p2a: Heatran\n|-supereffective|p2a: Heatran\n|-damage|p2a: Heatran|48\/100\n|-enditem|p2a: Heatran|Air Balloon\n|\n|upkeep\n|turn|3\n|\n|t:|1667701617\n|switch|p2a: Rotom|Rotom-Wash|100\/100\n|move|p1a: Slowbro|Scald|p2a: Rotom\n|-resisted|p2a: Rotom\n|-damage|p2a: Rotom|86\/100\n|\n|-heal|p2a: Rotom|92\/100|[from] item: Leftovers\n|upkeep\n|turn|4\n|\n|t:|1667701621\n|move|p2a: Rotom|Nasty Plot|p2a: Rotom\n|-boost|p2a: Rotom|spa|2\n|move|p1a: Slowbro|Slack Off||[still]\n|-fail|p1a: Slowbro|heal\n|\n|-heal|p2a: Rotom|99\/100|[from] item: Leftovers\n|upkeep\n|turn|5\n|\n|t:|1667701623\n|switch|p1a: Clefable|Clefable, M|100\/100\n|-damage|p1a: Clefable|88\/100|[from] Stealth Rock\n|move|p2a: Rotom|Nasty Plot|p2a: Rotom\n|-boost|p2a: Rotom|spa|2\n|\n|-heal|p2a: Rotom|100\/100|[from] item: Leftovers\n|-heal|p1a: Clefable|94\/100|[from] item: Leftovers\n|upkeep\n|turn|6\n|\n|t:|1667701625\n|move|p2a: Rotom|Thunderbolt|p1a: Clefable\n|-damage|p1a: Clefable|63\/100\n|move|p1a: Clefable|Wish|p1a: Clefable\n|\n|-heal|p1a: Clefable|70\/100|[from] item: Leftovers\n|upkeep\n|turn|7\n|\n|t:|1667701629\n|move|p2a: Rotom|Thunderbolt|p1a: Clefable\n|-damage|p1a: Clefable|38\/100\n|move|p1a: Clefable|Calm Mind|p1a: Clefable\n|-boost|p1a: Clefable|spa|1\n|-boost|p1a: Clefable|spd|1\n|\n|-heal|p1a: Clefable|88\/100|[from] move: Wish|[wisher] Clefable\n|-heal|p1a: Clefable|94\/100|[from] item: Leftovers\n|upkeep\n|turn|8\n|\n|t:|1667701634\n|move|p2a: Rotom|Thunderbolt|p1a: Clefable\n|-damage|p1a: Clefable|71\/100\n|move|p1a: Clefable|Moonblast|p2a: Rotom\n|-damage|p2a: Rotom|52\/100\n|\n|-heal|p2a: Rotom|58\/100|[from] item: Leftovers\n|-heal|p1a: Clefable|77\/100|[from] item: Leftovers\n|upkeep\n|turn|9\n|\n|t:|1667701639\n|move|p2a: Rotom|Thunderbolt|p1a: Clefable\n|-damage|p1a: Clefable|55\/100\n|move|p1a: Clefable|Wish|p1a: Clefable\n|\n|-heal|p2a: Rotom|64\/100|[from] item: Leftovers\n|-heal|p1a: Clefable|61\/100|[from] item: Leftovers\n|upkeep\n|turn|10\n|\n|t:|1667701642\n|move|p2a: Rotom|Thunderbolt|p1a: Clefable\n|-damage|p1a: Clefable|39\/100\n|-status|p1a: Clefable|par\n|move|p1a: Clefable|Moonblast|p2a: Rotom\n|-damage|p2a: Rotom|15\/100\n|\n|-heal|p1a: Clefable|89\/100 par|[from] move: Wish|[wisher] Clefable\n|-heal|p2a: Rotom|21\/100|[from] item: Leftovers\n|-heal|p1a: Clefable|95\/100 par|[from] item: Leftovers\n|upkeep\n|turn|11\n|\n|t:|1667701644\n|move|p2a: Rotom|Pain Split|p1a: Clefable\n|-sethp|p1a: Clefable|56\/100 par|[from] move: Pain Split|[silent]\n|-sethp|p2a: Rotom|72\/100|[from] move: Pain Split\n|move|p1a: Clefable|Moonblast|p2a: Rotom\n|-damage|p2a: Rotom|24\/100\n|\n|-heal|p2a: Rotom|30\/100|[from] item: Leftovers\n|-heal|p1a: Clefable|62\/100 par|[from] item: Leftovers\n|upkeep\n|turn|12\n|\n|t:|1667701646\n|move|p2a: Rotom|Thunderbolt|p1a: Clefable\n|-damage|p1a: Clefable|40\/100 par\n|move|p1a: Clefable|Wish|p1a: Clefable\n|\n|-heal|p2a: Rotom|37\/100|[from] item: Leftovers\n|-heal|p1a: Clefable|46\/100 par|[from] item: Leftovers\n|upkeep\n|turn|13\n|\n|t:|1667701651\n|move|p2a: Rotom|Thunderbolt|p1a: Clefable\n|-damage|p1a: Clefable|26\/100 par\n|cant|p1a: Clefable|par\n|\n|-heal|p1a: Clefable|76\/100 par|[from] move: Wish|[wisher] Clefable\n|-heal|p2a: Rotom|43\/100|[from] item: Leftovers\n|-heal|p1a: Clefable|82\/100 par|[from] item: Leftovers\n|upkeep\n|turn|14\n|\n|t:|1667701653\n|move|p2a: Rotom|Pain Split|p1a: Clefable\n|-sethp|p1a: Clefable|58\/100 par|[from] move: Pain Split|[silent]\n|-sethp|p2a: Rotom|75\/100|[from] move: Pain Split\n|move|p1a: Clefable|Calm Mind|p1a: Clefable\n|-boost|p1a: Clefable|spa|1\n|-boost|p1a: Clefable|spd|1\n|\n|-heal|p2a: Rotom|81\/100|[from] item: Leftovers\n|-heal|p1a: Clefable|64\/100 par|[from] item: Leftovers\n|upkeep\n|turn|15\n|\n|t:|1667701655\n|move|p2a: Rotom|Thunderbolt|p1a: Clefable\n|-damage|p1a: Clefable|46\/100 par\n|move|p1a: Clefable|Wish|p1a: Clefable\n|\n|-heal|p2a: Rotom|87\/100|[from] item: Leftovers\n|-heal|p1a: Clefable|52\/100 par|[from] item: Leftovers\n|upkeep\n|turn|16\n|\n|t:|1667701661\n|move|p2a: Rotom|Hydro Pump|p1a: Clefable|[miss]\n|-miss|p2a: Rotom|p1a: Clefable\n|cant|p1a: Clefable|par\n|\n|-heal|p1a: Clefable|100\/100 par|[from] move: Wish|[wisher] Clefable\n|-heal|p2a: Rotom|93\/100|[from] item: Leftovers\n|upkeep\n|turn|17\n|\n|t:|1667701666\n|move|p2a: Rotom|Hydro Pump|p1a: Clefable\n|-damage|p1a: Clefable|81\/100 par\n|move|p1a: Clefable|Calm Mind|p1a: Clefable\n|-boost|p1a: Clefable|spa|1\n|-boost|p1a: Clefable|spd|1\n|\n|-heal|p2a: Rotom|99\/100|[from] item: Leftovers\n|-heal|p1a: Clefable|88\/100 par|[from] item: Leftovers\n|upkeep\n|turn|18\n|\n|t:|1667701669\n|move|p2a: Rotom|Hydro Pump|p1a: Clefable\n|-damage|p1a: Clefable|69\/100 par\n|move|p1a: Clefable|Wish|p1a: Clefable\n|\n|-heal|p2a: Rotom|100\/100|[from] item: Leftovers\n|-heal|p1a: Clefable|75\/100 par|[from] item: Leftovers\n|upkeep\n|turn|19\n|\n|t:|1667701671\n|switch|p2a: Melmetal|Melmetal|100\/100\n|move|p1a: Clefable|Calm Mind|p1a: Clefable\n|-boost|p1a: Clefable|spa|1\n|-boost|p1a: Clefable|spd|1\n|\n|-heal|p1a: Clefable|100\/100 par|[from] move: Wish|[wisher] Clefable\n|upkeep\n|turn|20\n|\n|t:|1667701674\n|switch|p1a: Zapdos|Zapdos|100\/100\n|-damage|p1a: Zapdos|75\/100|[from] Stealth Rock\n|move|p2a: Melmetal|Double Iron Bash|p1a: Zapdos\n|-resisted|p1a: Zapdos\n|-damage|p1a: Zapdos|62\/100\n|-resisted|p1a: Zapdos\n|-crit|p1a: Zapdos\n|-damage|p1a: Zapdos|39\/100\n|-hitcount|p1a: Zapdos|2\n|\n|-heal|p1a: Zapdos|45\/100|[from] item: Leftovers\n|upkeep\n|turn|21\n|\n|t:|1667701675\n|switch|p2a: Weavile|Weavile, F|100\/100\n|-ability|p2a: Weavile|Pressure\n|move|p1a: Zapdos|Defog|p2a: Weavile\n|-unboost|p2a: Weavile|evasion|1\n|-sideend|p1: Archerdagoat|Stealth Rock|[from] move: Defog|[of] p1a: Zapdos\n|\n|-heal|p1a: Zapdos|52\/100|[from] item: Leftovers\n|upkeep\n|turn|22\n|\n|t:|1667701679\n|move|p2a: Weavile|Triple Axel|p1a: Zapdos\n|-supereffective|p1a: Zapdos\n|-damage|p1a: Zapdos|31\/100\n|-status|p2a: Weavile|par|[from] ability: Static|[of] p1a: Zapdos\n|-supereffective|p1a: Zapdos\n|-damage|p1a: Zapdos|0 fnt\n|faint|p1a: Zapdos\n|-hitcount|p1: Zapdos|2\n|\n|upkeep\n|\n|t:|1667701683\n|switch|p1a: Volcarona|Volcarona, M|100\/100\n|turn|23\n|\n|t:|1667701685\n|switch|p2a: Landorus|Landorus-Therian, M|100\/100\n|-ability|p2a: Landorus|Intimidate|boost\n|-unboost|p1a: Volcarona|atk|1\n|move|p1a: Volcarona|Quiver Dance|p1a: Volcarona\n|-boost|p1a: Volcarona|spa|1\n|-boost|p1a: Volcarona|spd|1\n|-boost|p1a: Volcarona|spe|1\n|\n|upkeep\n|turn|24\n|\n|t:|1667701688\n|move|p1a: Volcarona|Psychic|p2a: Landorus\n|-damage|p2a: Landorus|46\/100\n|-damage|p1a: Volcarona|91\/100|[from] item: Life Orb\n|move|p2a: Landorus|Earthquake|p1a: Volcarona\n|-damage|p1a: Volcarona|16\/100\n|\n|-heal|p2a: Landorus|52\/100|[from] item: Leftovers\n|upkeep\n|turn|25\n|\n|t:|1667701691\n|switch|p2a: Heatran|Heatran, M|48\/100\n|move|p1a: Volcarona|Psychic|p2a: Heatran\n|-resisted|p2a: Heatran\n|-damage|p2a: Heatran|14\/100\n|-damage|p1a: Volcarona|6\/100|[from] item: Life Orb\n|\n|upkeep\n|turn|26\n|\n|t:|1667701696\n|move|p1a: Volcarona|Giga Drain|p2a: Heatran\n|-resisted|p2a: Heatran\n|-crit|p2a: Heatran\n|-damage|p2a: Heatran|0 fnt\n|-heal|p1a: Volcarona|13\/100|[from] drain|[of] p2a: Heatran\n|faint|p2a: Heatran\n|-damage|p1a: Volcarona|3\/100|[from] item: Life Orb\n|\n|upkeep\n|\n|t:|1667701696\n|switch|p2a: Weavile|Weavile, F|100\/100 par\n|-ability|p2a: Weavile|Pressure\n|turn|27\n|\n|t:|1667701699\n|move|p2a: Weavile|Ice Shard|p1a: Volcarona\n|-resisted|p1a: Volcarona\n|-damage|p1a: Volcarona|0 fnt\n|faint|p1a: Volcarona\n|\n|upkeep\n|-message|Archerdagoat forfeited.\n|\n|win|minimax_ai\n|raw|Archerdagoat's rating: 1477 &rarr; <strong>1457<\/strong><br \/>(-20 for losing)\n|raw|minimax_ai's rating: 1480 &rarr; <strong>1500<\/strong><br \/>(+20 for winning)\n|l|\u2606Archerdagoat\n","uploadtime":1667701708,"views":5,"p1id":"archerdagoat","p2id":"minimaxai","formatid":"gen8ou","rating":1457,"private":0,"password":null}