{"id":"gen8ou-1564856215","p1":"HOF69","p2":"superweeb64","format":"gen8ou","log":"|j|\u2606HOF69\n|j|\u2606superweeb64\n|t:|1651348891\n|gametype|singles\n|player|p1|HOF69|red|1802\n|player|p2|superweeb64|dancer|1933\n|teamsize|p1|6\n|teamsize|p2|6\n|gen|8\n|tier|[Gen 8] OU\n|rated|\n|rule|Sleep Clause Mod: Limit one foe put to sleep\n|rule|Species Clause: Limit one of each Pok\u00e9mon\n|rule|OHKO Clause: OHKO moves are banned\n|rule|Evasion Moves Clause: Evasion moves are banned\n|rule|Endless Battle Clause: Forcing endless battles is banned\n|rule|HP Percentage Mod: HP is shown in percentages\n|rule|Dynamax Clause: You cannot dynamax\n|clearpoke\n|poke|p1|Blacephalon|\n|poke|p1|Gengar, M|\n|poke|p1|Kartana|\n|poke|p1|Tapu Lele|\n|poke|p1|Krookodile, M|\n|poke|p1|Landorus-Therian, M|\n|poke|p2|Moltres-Galar|\n|poke|p2|Aegislash, M|\n|poke|p2|Buzzwole|\n|poke|p2|Latios, M|\n|poke|p2|Landorus-Therian, M|\n|poke|p2|Bisharp, M|\n|teampreview\n|\n|t:|1651348897\n|start\n|switch|p1a: Krookodile|Krookodile, M|100\/100\n|switch|p2a: Bisharp|Bisharp, M|100\/100\n|-ability|p1a: Krookodile|Intimidate|boost\n|-unboost|p2a: Bisharp|atk|1\n|-ability|p2a: Bisharp|Defiant\n|-boost|p2a: Bisharp|atk|2\n|turn|1\n|\n|t:|1651348901\n|switch|p2a: Landorus|Landorus-Therian, M|100\/100\n|-ability|p2a: Landorus|Intimidate|boost\n|-unboost|p1a: Krookodile|atk|1\n|move|p1a: Krookodile|Earthquake|p2a: Landorus\n|-immune|p2a: Landorus\n|\n|upkeep\n|turn|2\n|\n|t:|1651348905\n|move|p1a: Krookodile|Taunt|p2a: Landorus\n|-start|p2a: Landorus|move: Taunt\n|move|p2a: Landorus|Earthquake|p1a: Krookodile\n|-damage|p1a: Krookodile|35\/100\n|\n|upkeep\n|turn|3\n|\n|t:|1651348910\n|move|p1a: Krookodile|Stealth Rock|p2a: Landorus\n|-sidestart|p2: superweeb64|move: Stealth Rock\n|move|p2a: Landorus|Earthquake|p1a: Krookodile\n|-damage|p1a: Krookodile|0 fnt\n|faint|p1a: Krookodile\n|\n|upkeep\n|j| god multiface\n|\n|t:|1651348914\n|switch|p1a: Landorus|Landorus-Therian, M|100\/100\n|-ability|p1a: Landorus|Intimidate|boost\n|-unboost|p2a: Landorus|atk|1\n|turn|4\n|\n|t:|1651348919\n|move|p2a: Landorus|Smack Down|p1a: Landorus\n|-damage|p1a: Landorus|87\/100\n|-start|p1a: Landorus|Smack Down\n|move|p1a: Landorus|U-turn|p2a: Landorus\n|-resisted|p2a: Landorus\n|-damage|p2a: Landorus|86\/100\n|\n|t:|1651348923\n|switch|p1a: Tapu Lele|Tapu Lele|100\/100|[from]move: U-turn\n|-fieldstart|move: Psychic Terrain|[from] ability: Psychic Surge|[of] p1a: Tapu Lele\n|\n|-end|p2a: Landorus|move: Taunt\n|upkeep\n|turn|5\n|\n|t:|1651348925\n|switch|p2a: Aegislash|Aegislash, M|100\/100\n|-damage|p2a: Aegislash|94\/100|[from] Stealth Rock\n|move|p1a: Tapu Lele|Psyshock|p2a: Aegislash\n|-resisted|p2a: Aegislash\n|-damage|p2a: Aegislash|67\/100\n|\n|upkeep\n|turn|6\n|j| ppev\n|\n|t:|1651348929\n|switch|p1a: Landorus|Landorus-Therian, M|87\/100\n|-ability|p1a: Landorus|Intimidate|boost\n|-unboost|p2a: Aegislash|atk|1\n|-formechange|p2a: Aegislash|Aegislash-Blade||[from] ability: Stance Change\n|move|p2a: Aegislash|Shadow Ball|p1a: Landorus\n|-damage|p1a: Landorus|55\/100\n|\n|upkeep\n|turn|7\n|\n|t:|1651348932\n|-formechange|p2a: Aegislash|Aegislash||[from] ability: Stance Change\n|move|p2a: Aegislash|King's Shield|p2a: Aegislash\n|-singleturn|p2a: Aegislash|Protect\n|move|p1a: Landorus|U-turn|p2a: Aegislash\n|-activate|p2a: Aegislash|move: Protect\n|-unboost|p1a: Landorus|atk|1\n|\n|upkeep\n|turn|8\n|\n|t:|1651348935\n|move|p1a: Landorus|U-turn|p2a: Aegislash\n|-resisted|p2a: Aegislash\n|-damage|p2a: Aegislash|64\/100\n|\n|t:|1651348937\n|switch|p1a: Tapu Lele|Tapu Lele|100\/100|[from]move: U-turn\n|-formechange|p2a: Aegislash|Aegislash-Blade||[from] ability: Stance Change\n|move|p2a: Aegislash|Shadow Ball|p1a: Tapu Lele\n|-supereffective|p1a: Tapu Lele\n|-damage|p1a: Tapu Lele|0 fnt\n|faint|p1a: Tapu Lele\n|\n|-fieldend|move: Psychic Terrain\n|upkeep\n|\n|t:|1651348939\n|switch|p1a: Landorus|Landorus-Therian, M|55\/100\n|-ability|p1a: Landorus|Intimidate|boost\n|-unboost|p2a: Aegislash|atk|1\n|turn|9\n|\n|t:|1651348947\n|switch|p2a: Landorus|Landorus-Therian, M|86\/100\n|-damage|p2a: Landorus|74\/100|[from] Stealth Rock\n|-ability|p2a: Landorus|Intimidate|boost\n|-unboost|p1a: Landorus|atk|1\n|move|p1a: Landorus|U-turn|p2a: Landorus\n|-resisted|p2a: Landorus\n|-damage|p2a: Landorus|64\/100\n|\n|t:|1651348952\n|switch|p1a: Kartana|Kartana|100\/100|[from]move: U-turn\n|\n|upkeep\n|turn|10\n|\n|t:|1651348960\n|switch|p1a: Gengar|Gengar, M, shiny|100\/100\n|switch|p2a: Buzzwole|Buzzwole|100\/100\n|-damage|p2a: Buzzwole|88\/100|[from] Stealth Rock\n|\n|upkeep\n|turn|11\n|\n|t:|1651348965\n|switch|p2a: Bisharp|Bisharp, M|100\/100\n|-damage|p2a: Bisharp|94\/100|[from] Stealth Rock\n|move|p1a: Gengar|Shadow Ball|p2a: Bisharp\n|-resisted|p2a: Bisharp\n|-damage|p2a: Bisharp|76\/100\n|-unboost|p2a: Bisharp|spd|1\n|-ability|p2a: Bisharp|Defiant\n|-boost|p2a: Bisharp|atk|2\n|\n|upkeep\n|turn|12\n|\n|t:|1651348969\n|move|p1a: Gengar|Focus Blast|p2a: Bisharp\n|-supereffective|p2a: Bisharp\n|-damage|p2a: Bisharp|0 fnt\n|faint|p2a: Bisharp\n|\n|upkeep\n|l| ppev\n|j| ppev\n|\n|t:|1651348992\n|switch|p2a: Moltres|Moltres-Galar|100\/100\n|turn|13\n|\n|t:|1651349000\n|move|p1a: Gengar|Taunt|p2a: Moltres\n|-start|p2a: Moltres|move: Taunt\n|cant|p2a: Moltres|move: Taunt|Agility\n|\n|upkeep\n|turn|14\n|\n|t:|1651349003\n|move|p1a: Gengar|Sludge Wave|p2a: Moltres\n|-damage|p2a: Moltres|59\/100\n|move|p2a: Moltres|Fiery Wrath|p1a: Gengar\n|-supereffective|p1a: Gengar\n|-enditem|p1a: Gengar|Focus Sash\n|-damage|p1a: Gengar|1\/100\n|\n|upkeep\n|turn|15\n|\n|t:|1651349007\n|move|p1a: Gengar|Sludge Wave|p2a: Moltres\n|-damage|p2a: Moltres|14\/100\n|-ability|p2a: Moltres|Berserk|boost\n|-boost|p2a: Moltres|spa|1\n|move|p2a: Moltres|Fiery Wrath|p1a: Gengar\n|-supereffective|p1a: Gengar\n|-damage|p1a: Gengar|0 fnt\n|-start|p2a: Moltres|Disable|Fiery Wrath|[from] ability: Cursed Body|[of] p1a: Gengar\n|faint|p1a: Gengar\n|\n|-end|p2a: Moltres|move: Taunt\n|upkeep\n|\n|t:|1651349016\n|switch|p1a: Blacephalon|Blacephalon|100\/100\n|turn|16\n|\n|t:|1651349022\n|move|p1a: Blacephalon|Shadow Ball|p2a: Moltres\n|-resisted|p2a: Moltres\n|-damage|p2a: Moltres|0 fnt\n|faint|p2a: Moltres\n|-ability|p1a: Blacephalon|Beast Boost|boost\n|-boost|p1a: Blacephalon|spa|1\n|\n|upkeep\n|\n|t:|1651349025\n|switch|p2a: Latios|Latios, M|100\/100\n|-damage|p2a: Latios|88\/100|[from] Stealth Rock\n|turn|17\n|\n|t:|1651349029\n|move|p1a: Blacephalon|Shadow Ball|p2a: Latios\n|-supereffective|p2a: Latios\n|-damage|p2a: Latios|0 fnt\n|faint|p2a: Latios\n|-ability|p1a: Blacephalon|Beast Boost|boost\n|-boost|p1a: Blacephalon|spa|1\n|\n|upkeep\n|-message|superweeb64 forfeited.\n|\n|win|HOF69\n|raw|HOF69's rating: 1802 &rarr; <strong>1829<\/strong><br \/>(+27 for winning)\n|raw|superweeb64's rating: 1933 &rarr; <strong>1906<\/strong><br \/>(-27 for losing)\n|l|\u2606superweeb64\n|j| coeur de ciel\n|l| god multiface\n|l| ppev\n||Ladder isn't responding, score probably updated but might not have (Request timeout).\n","uploadtime":1651349036,"views":124,"p1id":"hof69","p2id":"superweeb64","formatid":"gen8ou","rating":1829,"private":0,"password":null}