{"id":"gen8ou-1204487377","p1":"BizarreSlime","p2":"glaed13","format":"gen8ou","log":"|j|\u2606BizarreSlime\n|j|\u2606glaed13\n|t:|1602904293\n|player|p1|BizarreSlime|283|1301\n|player|p2|glaed13|cheren-gen5bw2|1341\n|teamsize|p1|6\n|teamsize|p2|6\n|gametype|singles\n|gen|8\n|tier|[Gen 8] OU\n|rated|\n|clearpoke\n|poke|p1|Scyther, M|\n|poke|p1|Mandibuzz, F|\n|poke|p1|Urshifu-*, M|\n|poke|p1|Kyurem|\n|poke|p1|Clefable, M|\n|poke|p1|Rotom-Heat|\n|poke|p2|Klefki, F|\n|poke|p2|Salazzle, F|\n|poke|p2|Conkeldurr, M|\n|poke|p2|Inteleon, M|\n|poke|p2|Morpeko, M|\n|poke|p2|Kommo-o, M|\n|rule|Sleep Clause Mod: Limit one foe put to sleep\n|rule|Species Clause: Limit one of each Pok\u00e9mon\n|rule|OHKO Clause: OHKO moves are banned\n|rule|Evasion Moves Clause: Evasion moves are banned\n|rule|Endless Battle Clause: Forcing endless battles is banned\n|rule|HP Percentage Mod: HP is shown in percentages\n|rule|Dynamax Clause: You cannot dynamax\n|teampreview\n|inactive|Battle timer is ON: inactive players will automatically lose when time's up. (requested by glaed13)\n|\n|t:|1602904309\n|start\n|switch|p1a: Rotom|Rotom-Heat|100\/100\n|switch|p2a: Conkeldurr|Conkeldurr, M|100\/100\n|turn|1\n|\n|t:|1602904318\n|move|p1a: Rotom|Volt Switch|p2a: Conkeldurr\n|-damage|p2a: Conkeldurr|69\/100\n|\n|t:|1602904324\n|switch|p1a: Clefable|Clefable, M|100\/100|[from]move: Volt Switch\n|move|p2a: Conkeldurr|Drain Punch|p1a: Clefable\n|-resisted|p1a: Clefable\n|-damage|p1a: Clefable|82\/100\n|-heal|p2a: Conkeldurr|78\/100|[from] drain|[of] p1a: Clefable\n|\n|-status|p2a: Conkeldurr|brn|[from] item: Flame Orb\n|upkeep\n|turn|2\n|\n|t:|1602904338\n|switch|p2a: Klefki|Klefki, F|100\/100\n|move|p1a: Clefable|Moonblast|p2a: Klefki\n|-resisted|p2a: Klefki\n|-damage|p2a: Klefki|78\/100\n|\n|upkeep\n|turn|3\n|\n|t:|1602904349\n|move|p2a: Klefki|Light Screen|p2a: Klefki\n|-sidestart|p2: glaed13|move: Light Screen\n|move|p1a: Clefable|Flamethrower|p2a: Klefki\n|-supereffective|p2a: Klefki\n|-damage|p2a: Klefki|50\/100\n|\n|upkeep\n|turn|4\n|\n|t:|1602904357\n|switch|p1a: Mandibuzz|Mandibuzz, F|100\/100\n|move|p2a: Klefki|Reflect|p2a: Klefki\n|-sidestart|p2: glaed13|Reflect\n|\n|upkeep\n|turn|5\n|\n|t:|1602904372\n|switch|p2a: Kommo-o|Kommo-o, M|100\/100\n|move|p1a: Mandibuzz|Defog|p2a: Kommo-o\n|-unboost|p2a: Kommo-o|evasion|1\n|-sideend|p2: glaed13|Reflect\n|-sideend|p2: glaed13|move: Light Screen\n|\n|upkeep\n|turn|6\n|\n|t:|1602904380\n|move|p2a: Kommo-o|Clangorous Soul|p2a: Kommo-o\n|-boost|p2a: Kommo-o|atk|1\n|-boost|p2a: Kommo-o|def|1\n|-boost|p2a: Kommo-o|spa|1\n|-boost|p2a: Kommo-o|spd|1\n|-boost|p2a: Kommo-o|spe|1\n|-damage|p2a: Kommo-o|68\/100\n|-enditem|p2a: Kommo-o|Throat Spray\n|-boost|p2a: Kommo-o|spa|1|[from] item: Throat Spray\n|move|p1a: Mandibuzz|U-turn|p2a: Kommo-o\n|-resisted|p2a: Kommo-o\n|-damage|p2a: Kommo-o|64\/100\n|\n|t:|1602904398\n|switch|p1a: Clefable|Clefable, M|82\/100|[from]move: U-turn\n|\n|upkeep\n|turn|7\n|\n|t:|1602904403\n|move|p2a: Kommo-o|Flash Cannon|p1a: Clefable\n|-supereffective|p1a: Clefable\n|-damage|p1a: Clefable|0 fnt\n|faint|p1a: Clefable\n|\n|upkeep\n|\n|t:|1602904415\n|switch|p1a: Rotom|Rotom-Heat|100\/100\n|turn|8\n|\n|t:|1602904419\n|move|p2a: Kommo-o|Clanging Scales|p1a: Rotom\n|-damage|p1a: Rotom|15\/100\n|-unboost|p2a: Kommo-o|def|1\n|move|p1a: Rotom|Toxic|p2a: Kommo-o\n|-status|p2a: Kommo-o|tox\n|\n|-damage|p2a: Kommo-o|58\/100 tox|[from] psn\n|upkeep\n|turn|9\n|\n|t:|1602904432\n|move|p2a: Kommo-o|Flamethrower|p1a: Rotom\n|-resisted|p1a: Rotom\n|-damage|p1a: Rotom|0 fnt\n|faint|p1a: Rotom\n|\n|-damage|p2a: Kommo-o|46\/100 tox|[from] psn\n|upkeep\n|\n|t:|1602904447\n|switch|p1a: Mandibuzz|Mandibuzz, F|100\/100\n|turn|10\n|\n|t:|1602904456\n|move|p2a: Kommo-o|Clanging Scales|p1a: Mandibuzz\n|-damage|p1a: Mandibuzz|30\/100\n|-unboost|p2a: Kommo-o|def|1\n|move|p1a: Mandibuzz|Roost|p1a: Mandibuzz\n|-heal|p1a: Mandibuzz|80\/100\n|-singleturn|p1a: Mandibuzz|move: Roost\n|\n|-damage|p2a: Kommo-o|27\/100 tox|[from] psn\n|upkeep\n|turn|11\n|\n|t:|1602904474\n|switch|p2a: Morpeko|Morpeko, M|100\/100\n|move|p1a: Mandibuzz|U-turn|p2a: Morpeko\n|-supereffective|p2a: Morpeko\n|-damage|p2a: Morpeko|57\/100\n|\n|t:|1602904480\n|switch|p1a: Kyurem|Kyurem|100\/100|[from]move: U-turn\n|-ability|p1a: Kyurem|Pressure\n|\n|-formechange|p2a: Morpeko|Morpeko-Hangry||[from] ability: Hunger Switch\n|upkeep\n|turn|12\n|\n|t:|1602904489\n|move|p2a: Morpeko|Aura Wheel|p1a: Kyurem\n|-damage|p1a: Kyurem|54\/100\n|-boost|p2a: Morpeko|spe|1\n|move|p1a: Kyurem|Ice Beam|p2a: Morpeko\n|-damage|p2a: Morpeko|0 fnt\n|faint|p2a: Morpeko\n|\n|upkeep\n|\n|t:|1602904501\n|switch|p2a: Klefki|Klefki, F|50\/100\n|turn|13\n|\n|t:|1602904505\n|move|p2a: Klefki|Light Screen|p2a: Klefki\n|-sidestart|p2: glaed13|move: Light Screen\n|move|p1a: Kyurem|Ice Beam|p2a: Klefki\n|-resisted|p2a: Klefki\n|-damage|p2a: Klefki|28\/100\n|\n|upkeep\n|turn|14\n|\n|t:|1602904512\n|switch|p1a: Mandibuzz|Mandibuzz, F|80\/100\n|move|p2a: Klefki|Dazzling Gleam|p1a: Mandibuzz\n|-supereffective|p1a: Mandibuzz\n|-damage|p1a: Mandibuzz|31\/100\n|\n|upkeep\n|turn|15\n|\n|t:|1602904519\n|move|p1a: Mandibuzz|Defog|p2a: Klefki\n|-unboost|p2a: Klefki|evasion|1\n|-sideend|p2: glaed13|move: Light Screen\n|move|p2a: Klefki|Dazzling Gleam|p1a: Mandibuzz\n|-supereffective|p1a: Mandibuzz\n|-damage|p1a: Mandibuzz|0 fnt\n|faint|p1a: Mandibuzz\n|\n|upkeep\n|\n|t:|1602904528\n|switch|p1a: Urshifu|Urshifu-Rapid-Strike, M|100\/100\n|turn|16\n|\n|t:|1602904536\n|move|p1a: Urshifu|Surging Strikes|p2a: Klefki\n|-crit|p2a: Klefki\n|-damage|p2a: Klefki|0 fnt\n|-hitcount|p2a: Klefki|1\n|faint|p2a: Klefki\n|\n|upkeep\n|\n|t:|1602904543\n|switch|p2a: Conkeldurr|Conkeldurr, M|78\/100 brn\n|turn|17\n|\n|t:|1602904547\n|move|p1a: Urshifu|Surging Strikes|p2a: Conkeldurr\n|-crit|p2a: Conkeldurr\n|-damage|p2a: Conkeldurr|51\/100 brn\n|-crit|p2a: Conkeldurr\n|-damage|p2a: Conkeldurr|23\/100 brn\n|-crit|p2a: Conkeldurr\n|-damage|p2a: Conkeldurr|0 fnt\n|-hitcount|p2a: Conkeldurr|3\n|faint|p2a: Conkeldurr\n|\n|upkeep\n|\n|t:|1602904561\n|switch|p2a: Salazzle|Salazzle, F, shiny|100\/100\n|turn|18\n|\n|t:|1602904566\n|move|p2a: Salazzle|Sludge Wave|p1a: Urshifu\n|-damage|p1a: Urshifu|38\/100\n|move|p1a: Urshifu|Surging Strikes|p2a: Salazzle\n|-supereffective|p2a: Salazzle\n|-crit|p2a: Salazzle\n|-damage|p2a: Salazzle|0 fnt\n|-hitcount|p2a: Salazzle|1\n|faint|p2a: Salazzle\n|\n|upkeep\n|\n|t:|1602904575\n|switch|p2a: Inteleon|Inteleon, M|100\/100\n|turn|19\n|\n|t:|1602904581\n|move|p2a: Inteleon|Snipe Shot|p1a: Urshifu\n|-resisted|p1a: Urshifu\n|-damage|p1a: Urshifu|3\/100\n|move|p1a: Urshifu|Surging Strikes|p2a: Inteleon\n|-resisted|p2a: Inteleon\n|-crit|p2a: Inteleon\n|-damage|p2a: Inteleon|72\/100\n|-resisted|p2a: Inteleon\n|-crit|p2a: Inteleon\n|-damage|p2a: Inteleon|42\/100\n|-resisted|p2a: Inteleon\n|-crit|p2a: Inteleon\n|-damage|p2a: Inteleon|15\/100\n|-hitcount|p2a: Inteleon|3\n|\n|upkeep\n|turn|20\n|\n|t:|1602904592\n|switch|p1a: Kyurem|Kyurem|54\/100\n|-ability|p1a: Kyurem|Pressure\n|move|p2a: Inteleon|Sucker Punch||[still]\n|-fail|p2a: Inteleon\n|\n|upkeep\n|turn|21\n|\n|t:|1602904599\n|move|p2a: Inteleon|Ice Beam|p1a: Kyurem\n|-damage|p1a: Kyurem|21\/100\n|move|p1a: Kyurem|Freeze-Dry|p2a: Inteleon\n|-supereffective|p2a: Inteleon\n|-damage|p2a: Inteleon|0 fnt\n|faint|p2a: Inteleon\n|\n|upkeep\n|\n|t:|1602904604\n|switch|p2a: Kommo-o|Kommo-o, M|27\/100 tox\n|turn|22\n|\n|t:|1602904607\n|move|p2a: Kommo-o|Flash Cannon|p1a: Kyurem\n|-supereffective|p1a: Kyurem\n|-damage|p1a: Kyurem|0 fnt\n|faint|p1a: Kyurem\n|\n|-damage|p2a: Kommo-o|21\/100 tox|[from] psn\n|upkeep\n|\n|t:|1602904610\n|switch|p1a: Urshifu|Urshifu-Rapid-Strike, M|3\/100\n|turn|23\n|\n|t:|1602904616\n|move|p1a: Urshifu|Aqua Jet|p2a: Kommo-o\n|-resisted|p2a: Kommo-o\n|-damage|p2a: Kommo-o|6\/100 tox\n|move|p2a: Kommo-o|Flash Cannon|p1a: Urshifu\n|-resisted|p1a: Urshifu\n|-crit|p1a: Urshifu\n|-damage|p1a: Urshifu|0 fnt\n|faint|p1a: Urshifu\n|\n|-damage|p2a: Kommo-o|0 fnt|[from] psn\n|faint|p2a: Kommo-o\n|\n|win|BizarreSlime\n|upkeep\n|c|\u2606BizarreSlime|gg\n|raw|BizarreSlime's rating: 1301 &rarr; <strong>1324<\/strong><br \/>(+23 for winning)\n|raw|glaed13's rating: 1341 &rarr; <strong>1319<\/strong><br \/>(-22 for losing)\n|l|\u2606glaed13\n","uploadtime":1602904633,"views":0,"p1id":"bizarreslime","p2id":"glaed13","formatid":"gen8ou","rating":1319,"private":0,"password":null}