{"id":"gen8bdspou-1488629146","p1":"Uspsartoria","p2":"Hgfhhfghfff","format":"gen8bdspou","log":"|j|\u2606Uspsartoria\n|j|\u2606Hgfhhfghfff\n|t:|1641792150\n|gametype|singles\n|player|p1|Uspsartoria|clerkf|1226\n|player|p2|Hgfhhfghfff|2|1334\n|teamsize|p1|6\n|teamsize|p2|6\n|gen|8\n|tier|[Gen 8 BDSP] OU\n|rated|\n|rule|Sleep Clause Mod: Limit one foe put to sleep\n|rule|Species Clause: Limit one of each Pok\u00e9mon\n|rule|OHKO Clause: OHKO moves are banned\n|rule|Evasion Moves Clause: Evasion moves are banned\n|rule|Endless Battle Clause: Forcing endless battles is banned\n|rule|HP Percentage Mod: HP is shown in percentages\n|clearpoke\n|poke|p1|Lucario, M|\n|poke|p1|Jolteon, F|\n|poke|p1|Heatran, M|\n|poke|p1|Azumarill, M|\n|poke|p1|Rotom-Wash|\n|poke|p1|Togekiss, M|\n|poke|p2|Jirachi|\n|poke|p2|Tropius, M|\n|poke|p2|Azumarill, M|\n|poke|p2|Donphan, M|\n|poke|p2|Starmie|\n|poke|p2|Ursaring, M|\n|teampreview\n|inactive|Battle timer is ON: inactive players will automatically lose when time's up. (requested by Uspsartoria)\n|j| MelloJello3\n|l| MelloJello3\n|\n|t:|1641792161\n|start\n|switch|p1a: Jolteon|Jolteon, F|100\/100\n|switch|p2a: Donphan|Donphan, M|100\/100\n|turn|1\n|\n|t:|1641792177\n|switch|p1a: Rotom|Rotom-Wash|100\/100\n|move|p2a: Donphan|Stealth Rock|p1a: Rotom\n|-sidestart|p1: Uspsartoria|move: Stealth Rock\n|\n|upkeep\n|turn|2\n|\n|t:|1641792191\n|switch|p2a: Jirachi|Jirachi|100\/100\n|move|p1a: Rotom|Hydro Pump|p2a: Jirachi\n|-damage|p2a: Jirachi|66\/100\n|\n|-heal|p2a: Jirachi|73\/100|[from] item: Leftovers\n|upkeep\n|turn|3\n|\n|t:|1641792198\n|move|p2a: Jirachi|Doom Desire|p1a: Rotom\n|-start|p2a: Jirachi|Doom Desire\n|move|p1a: Rotom|Thunder Wave|p2a: Jirachi\n|-status|p2a: Jirachi|par\n|\n|-heal|p2a: Jirachi|79\/100 par|[from] item: Leftovers\n|upkeep\n|turn|4\n|\n|t:|1641792221\n|move|p1a: Rotom|Hydro Pump|p2a: Jirachi\n|-damage|p2a: Jirachi|46\/100 par\n|move|p2a: Jirachi|U-turn|p1a: Rotom\n|-damage|p1a: Rotom|84\/100\n|\n|t:|1641792227\n|switch|p2a: Ursaring|Ursaring, M|100\/100|[from]move: U-turn\n|\n|-heal|p1a: Rotom|90\/100|[from] item: Leftovers\n|-status|p2a: Ursaring|tox|[from] item: Toxic Orb\n|upkeep\n|turn|5\n|\n|t:|1641792249\n|move|p2a: Ursaring|Swords Dance|p2a: Ursaring\n|-boost|p2a: Ursaring|atk|2\n|move|p1a: Rotom|Hydro Pump|p2a: Ursaring\n|-damage|p2a: Ursaring|26\/100 tox\n|\n|-end|p1a: Rotom|move: Doom Desire\n|-resisted|p1a: Rotom\n|-damage|p1a: Rotom|77\/100\n|-heal|p1a: Rotom|83\/100|[from] item: Leftovers\n|-damage|p2a: Ursaring|20\/100 tox|[from] psn\n|upkeep\n|turn|6\n|inactive|Uspsartoria has 120 seconds left.\n|\n|t:|1641792269\n|switch|p1a: Heatran|Heatran, M|100\/100\n|-damage|p1a: Heatran|88\/100|[from] Stealth Rock\n|move|p2a: Ursaring|Facade|p1a: Heatran\n|-resisted|p1a: Heatran\n|-damage|p1a: Heatran|27\/100\n|\n|-heal|p1a: Heatran|33\/100|[from] item: Leftovers\n|-damage|p2a: Ursaring|8\/100 tox|[from] psn\n|upkeep\n|turn|7\n|inactive|Uspsartoria has 120 seconds left.\n|\n|t:|1641792283\n|switch|p2a: Starmie|Starmie|100\/100\n|move|p1a: Heatran|Stealth Rock|p2a: Starmie\n|-sidestart|p2: Hgfhhfghfff|move: Stealth Rock\n|\n|-heal|p1a: Heatran|39\/100|[from] item: Leftovers\n|upkeep\n|turn|8\n|inactive|Uspsartoria has 120 seconds left.\n|\n|t:|1641792301\n|switch|p1a: Rotom|Rotom-Wash|83\/100\n|-damage|p1a: Rotom|71\/100|[from] Stealth Rock\n|move|p2a: Starmie|Hydro Pump|p1a: Rotom\n|-resisted|p1a: Rotom\n|-damage|p1a: Rotom|27\/100\n|-damage|p2a: Starmie|91\/100|[from] item: Life Orb\n|\n|-heal|p1a: Rotom|33\/100|[from] item: Leftovers\n|upkeep\n|turn|9\n|inactive|Uspsartoria has 120 seconds left.\n|\n|t:|1641792313\n|move|p2a: Starmie|Psychic|p1a: Rotom\n|-damage|p1a: Rotom|0 fnt\n|faint|p1a: Rotom\n|-damage|p2a: Starmie|81\/100|[from] item: Life Orb\n|\n|upkeep\n|\n|t:|1641792322\n|switch|p1a: Jolteon|Jolteon, F|100\/100\n|-damage|p1a: Jolteon|88\/100|[from] Stealth Rock\n|turn|10\n|\n|t:|1641792326\n|switch|p2a: Tropius|Tropius, M|100\/100\n|-damage|p2a: Tropius|75\/100|[from] Stealth Rock\n|move|p1a: Jolteon|Wish|p1a: Jolteon\n|\n|upkeep\n|turn|11\n|\n|t:|1641792340\n|switch|p1a: Heatran|Heatran, M|39\/100\n|-damage|p1a: Heatran|27\/100|[from] Stealth Rock\n|move|p2a: Tropius|Substitute|p2a: Tropius\n|-start|p2a: Tropius|Substitute\n|-damage|p2a: Tropius|50\/100\n|-enditem|p2a: Tropius|Sitrus Berry|[eat]\n|-heal|p2a: Tropius|75\/100|[from] item: Sitrus Berry\n|\n|-heal|p1a: Heatran|66\/100|[from] move: Wish|[wisher] Jolteon\n|-heal|p1a: Heatran|72\/100|[from] item: Leftovers\n|upkeep\n|turn|12\n|\n|t:|1641792356\n|move|p1a: Heatran|Magma Storm|p2a: Tropius\n|-supereffective|p2a: Tropius\n|-end|p2a: Tropius|Substitute\n|move|p2a: Tropius|Leech Seed|p1a: Heatran\n|-start|p1a: Heatran|move: Leech Seed\n|\n|-heal|p1a: Heatran|78\/100|[from] item: Leftovers\n|-damage|p1a: Heatran|65\/100|[from] Leech Seed|[of] p2a: Tropius\n|-heal|p2a: Tropius|87\/100|[silent]\n|-item|p2a: Tropius|Sitrus Berry|[from] ability: Harvest\n|upkeep\n|turn|13\n|\n|t:|1641792363\n|switch|p2a: Azumarill|Azumarill, M|100\/100\n|-damage|p2a: Azumarill|88\/100|[from] Stealth Rock\n|move|p1a: Heatran|Magma Storm|p2a: Azumarill\n|-resisted|p2a: Azumarill\n|-damage|p2a: Azumarill|56\/100\n|-activate|p2a: Azumarill|move: Magma Storm|[of] p1a: Heatran\n|\n|-heal|p1a: Heatran|71\/100|[from] item: Leftovers\n|-heal|p2a: Azumarill|62\/100|[from] item: Leftovers\n|-damage|p1a: Heatran|59\/100|[from] Leech Seed|[of] p2a: Azumarill\n|-heal|p2a: Azumarill|73\/100|[silent]\n|-damage|p2a: Azumarill|61\/100|[from] move: Magma Storm|[partiallytrapped]\n|upkeep\n|turn|14\n|\n|t:|1641792382\n|move|p1a: Heatran|Magma Storm|p2a: Azumarill\n|-resisted|p2a: Azumarill\n|-damage|p2a: Azumarill|30\/100\n|move|p2a: Azumarill|Play Rough|p1a: Heatran\n|-resisted|p1a: Heatran\n|-crit|p1a: Heatran\n|-damage|p1a: Heatran|40\/100\n|\n|-heal|p1a: Heatran|46\/100|[from] item: Leftovers\n|-heal|p2a: Azumarill|36\/100|[from] item: Leftovers\n|-damage|p1a: Heatran|34\/100|[from] Leech Seed|[of] p2a: Azumarill\n|-heal|p2a: Azumarill|47\/100|[silent]\n|-damage|p2a: Azumarill|35\/100|[from] move: Magma Storm|[partiallytrapped]\n|upkeep\n|turn|15\n|\n|t:|1641792398\n|move|p2a: Azumarill|Aqua Jet|p1a: Heatran\n|-supereffective|p1a: Heatran\n|-damage|p1a: Heatran|0 fnt\n|-status|p2a: Azumarill|brn|[from] ability: Flame Body|[of] p1a: Heatran\n|faint|p1a: Heatran\n|\n|-heal|p2a: Azumarill|41\/100 brn|[from] item: Leftovers\n|-damage|p2a: Azumarill|35\/100 brn|[from] brn\n|-end|p2a: Azumarill|Magma Storm|[partiallytrapped]|[silent]\n|upkeep\n|inactive|Uspsartoria has 120 seconds left.\n|\n|t:|1641792416\n|switch|p1a: Azumarill|Azumarill, M|100\/100\n|-damage|p1a: Azumarill|88\/100|[from] Stealth Rock\n|turn|16\n|inactive|Uspsartoria has 120 seconds left.\n|\n|t:|1641792429\n|move|p2a: Azumarill|Perish Song|p2a: Azumarill\n|-start|p1a: Azumarill|perish3|[silent]\n|-start|p2a: Azumarill|perish3|[silent]\n|-fieldactivate|move: Perish Song\n|move|p1a: Azumarill|Play Rough|p2a: Azumarill\n|-damage|p2a: Azumarill|0 fnt\n|faint|p2a: Azumarill\n|\n|-start|p1a: Azumarill|perish3\n|upkeep\n|\n|t:|1641792445\n|switch|p2a: Jirachi|Jirachi|46\/100 par\n|-damage|p2a: Jirachi|40\/100 par|[from] Stealth Rock\n|turn|17\n|\n|t:|1641792450\n|move|p1a: Azumarill|Belly Drum|p1a: Azumarill\n|-damage|p1a: Azumarill|38\/100\n|-setboost|p1a: Azumarill|atk|6|[from] move: Belly Drum\n|-enditem|p1a: Azumarill|Sitrus Berry|[eat]\n|-heal|p1a: Azumarill|63\/100|[from] item: Sitrus Berry\n|move|p2a: Jirachi|Healing Wish|p2a: Jirachi\n|faint|p2a: Jirachi\n|\n|-start|p1a: Azumarill|perish2\n|upkeep\n|\n|t:|1641792461\n|switch|p2a: Ursaring|Ursaring, M|8\/100 tox\n|-heal|p2a: Ursaring|100\/100|[from] move: Healing Wish\n|-damage|p2a: Ursaring|88\/100|[from] Stealth Rock\n|turn|18\n|\n|t:|1641792467\n|move|p2a: Ursaring|Protect|p2a: Ursaring\n|-singleturn|p2a: Ursaring|Protect\n|move|p1a: Azumarill|Aqua Jet|p2a: Ursaring\n|-activate|p2a: Ursaring|move: Protect\n|\n|-start|p1a: Azumarill|perish1\n|-status|p2a: Ursaring|tox|[from] item: Toxic Orb\n|upkeep\n|turn|19\n|\n|t:|1641792489\n|switch|p2a: Tropius|Tropius, M|87\/100\n|-damage|p2a: Tropius|62\/100|[from] Stealth Rock\n|switch|p1a: Togekiss|Togekiss, M|100\/100\n|-damage|p1a: Togekiss|76\/100|[from] Stealth Rock\n|\n|upkeep\n|turn|20\n|\n|t:|1641792502\n|move|p1a: Togekiss|Air Slash|p2a: Tropius\n|-supereffective|p2a: Tropius\n|-damage|p2a: Tropius|0 fnt\n|faint|p2a: Tropius\n|\n|upkeep\n|\n|t:|1641792507\n|switch|p2a: Starmie|Starmie|81\/100\n|-damage|p2a: Starmie|68\/100|[from] Stealth Rock\n|turn|21\n|\n|t:|1641792512\n|move|p1a: Togekiss|Air Slash|p2a: Starmie\n|-damage|p2a: Starmie|6\/100\n|cant|p2a: Starmie|flinch\n|\n|upkeep\n|turn|22\n|\n|t:|1641792519\n|move|p1a: Togekiss|Air Slash|p2a: Starmie\n|-damage|p2a: Starmie|0 fnt\n|faint|p2a: Starmie\n|\n|upkeep\n|\n|t:|1641792522\n|switch|p2a: Donphan|Donphan, M|100\/100\n|-damage|p2a: Donphan|94\/100|[from] Stealth Rock\n|turn|23\n|\n|t:|1641792528\n|switch|p1a: Azumarill|Azumarill, M|63\/100\n|-damage|p1a: Azumarill|51\/100|[from] Stealth Rock\n|move|p2a: Donphan|Ice Shard|p1a: Azumarill\n|-resisted|p1a: Azumarill\n|-damage|p1a: Azumarill|44\/100\n|\n|-heal|p2a: Donphan|100\/100|[from] item: Leftovers\n|upkeep\n|turn|24\n|\n|t:|1641792536\n|move|p1a: Azumarill|Aqua Jet|p2a: Donphan\n|-supereffective|p2a: Donphan\n|-damage|p2a: Donphan|63\/100\n|move|p2a: Donphan|Rapid Spin|p1a: Azumarill\n|-damage|p1a: Azumarill|26\/100\n|-boost|p2a: Donphan|spe|1\n|-sideend|p2: Hgfhhfghfff|Stealth Rock|[from] move: Rapid Spin|[of] p2a: Donphan\n|\n|-heal|p2a: Donphan|69\/100|[from] item: Leftovers\n|upkeep\n|turn|25\n|\n|t:|1641792543\n|move|p1a: Azumarill|Aqua Jet|p2a: Donphan\n|-supereffective|p2a: Donphan\n|-damage|p2a: Donphan|27\/100\n|move|p2a: Donphan|Earthquake|p1a: Azumarill\n|-damage|p1a: Azumarill|0 fnt\n|faint|p1a: Azumarill\n|\n|-heal|p2a: Donphan|33\/100|[from] item: Leftovers\n|upkeep\n|\n|t:|1641792557\n|switch|p1a: Jolteon|Jolteon, F|88\/100\n|-damage|p1a: Jolteon|76\/100|[from] Stealth Rock\n|turn|26\n|\n|t:|1641792567\n|switch|p2a: Ursaring|Ursaring, M|88\/100 tox\n|move|p1a: Jolteon|Shadow Ball|p2a: Ursaring\n|-immune|p2a: Ursaring\n|\n|-damage|p2a: Ursaring|82\/100 tox|[from] psn\n|upkeep\n|turn|27\n|\n|t:|1641792577\n|switch|p1a: Lucario|Lucario, M, shiny|100\/100\n|-damage|p1a: Lucario|98\/100|[from] Stealth Rock\n|move|p2a: Ursaring|Earthquake|p1a: Lucario\n|-supereffective|p1a: Lucario\n|-damage|p1a: Lucario|0 fnt\n|faint|p1a: Lucario\n|\n|-damage|p2a: Ursaring|69\/100 tox|[from] psn\n|upkeep\n|\n|t:|1641792581\n|switch|p1a: Togekiss|Togekiss, M|76\/100\n|-damage|p1a: Togekiss|51\/100|[from] Stealth Rock\n|turn|28\n|\n|t:|1641792601\n|move|p1a: Togekiss|Air Slash|p2a: Ursaring\n|-damage|p2a: Ursaring|15\/100 tox\n|cant|p2a: Ursaring|flinch\n|\n|-damage|p2a: Ursaring|0 fnt|[from] psn\n|faint|p2a: Ursaring\n|upkeep\n|\n|t:|1641792606\n|switch|p2a: Donphan|Donphan, M|33\/100\n|turn|29\n|\n|t:|1641792611\n|move|p2a: Donphan|Ice Shard|p1a: Togekiss\n|-supereffective|p1a: Togekiss\n|-damage|p1a: Togekiss|18\/100\n|move|p1a: Togekiss|Air Slash|p2a: Donphan\n|-damage|p2a: Donphan|0 fnt\n|faint|p2a: Donphan\n|\n|win|Uspsartoria\n|raw|Uspsartoria's rating: 1226 &rarr; <strong>1259<\/strong><br \/>(+33 for winning)\n|raw|Hgfhhfghfff's rating: 1334 &rarr; <strong>1308<\/strong><br \/>(-26 for losing)\n|l|\u2606Hgfhhfghfff\n","uploadtime":1641792627,"views":8,"p1id":"uspsartoria","p2id":"hgfhhfghfff","formatid":"gen8bdspou","rating":1259,"private":0,"password":null}