{"id":"gen8ou-1665524097","p1":"broked on bricks","p2":"altairu2pieces","format":"gen8ou","log":"|j|\u2606broked on bricks\n|j|\u2606altairu2pieces\n|t:|1663308270\n|gametype|singles\n|player|p1|broked on bricks|265|1501\n|player|p2|altairu2pieces|1|1602\n|teamsize|p1|6\n|teamsize|p2|6\n|gen|8\n|tier|[Gen 8] OU\n|rated|\n|rule|Sleep Clause Mod: Limit one foe put to sleep\n|rule|Species Clause: Limit one of each Pok\u00e9mon\n|rule|OHKO Clause: OHKO moves are banned\n|rule|Evasion Items Clause: Evasion items are banned\n|rule|Evasion Moves Clause: Evasion moves are banned\n|rule|Endless Battle Clause: Forcing endless battles is banned\n|rule|HP Percentage Mod: HP is shown in percentages\n|rule|Dynamax Clause: You cannot dynamax\n|clearpoke\n|poke|p1|Venusaur, F|\n|poke|p1|Heatran, M|\n|poke|p1|Darmanitan, F|\n|poke|p1|Torkoal, M|\n|poke|p1|Mandibuzz, F|\n|poke|p1|Garchomp, F|\n|poke|p2|Hatterene, F|\n|poke|p2|Volcarona, M|\n|poke|p2|Kartana|\n|poke|p2|Moltres-Galar|\n|poke|p2|Seismitoad, M|\n|poke|p2|Excadrill, F|\n|teampreview\n|inactive|Battle timer is ON: inactive players will automatically lose when time's up. (requested by altairu2pieces)\n|c|\u2606broked on bricks|glhf\n|c|\u2606broked on bricks|altairu2pieces\n|inactive|broked on bricks has 120 seconds left.\n|inactive|altairu2pieces has 120 seconds left.\n|\n|t:|1663308312\n|start\n|switch|p1a: Virgin Sharpedo|Garchomp, F|100\/100\n|switch|p2a: Hatterene|Hatterene, F|100\/100\n|turn|1\n|\n|t:|1663308319\n|switch|p1a: Heatran|Heatran, M|100\/100\n|move|p2a: Hatterene|Dazzling Gleam|p1a: Heatran\n|-resisted|p1a: Heatran\n|-damage|p1a: Heatran|90\/100\n|\n|upkeep\n|turn|2\n|\n|t:|1663308341\n|switch|p2a: Seismitoad|Seismitoad, M|100\/100\n|move|p1a: Heatran|Eruption|p2a: Seismitoad\n|-resisted|p2a: Seismitoad\n|-damage|p2a: Seismitoad|55\/100\n|\n|-heal|p2a: Seismitoad|61\/100|[from] item: Leftovers\n|upkeep\n|turn|3\n|\n|t:|1663308349\n|move|p1a: Heatran|Eruption|p2a: Seismitoad\n|-resisted|p2a: Seismitoad\n|-damage|p2a: Seismitoad|16\/100\n|move|p2a: Seismitoad|Stealth Rock|p1a: Heatran\n|-sidestart|p1: broked on bricks|move: Stealth Rock\n|\n|-heal|p2a: Seismitoad|23\/100|[from] item: Leftovers\n|upkeep\n|turn|4\n|\n|t:|1663308353\n|move|p1a: Heatran|Eruption|p2a: Seismitoad\n|-resisted|p2a: Seismitoad\n|-damage|p2a: Seismitoad|0 fnt\n|faint|p2a: Seismitoad\n|\n|upkeep\n|\n|t:|1663308377\n|switch|p2a: Kartana|Kartana|100\/100\n|turn|5\n|\n|t:|1663308390\n|move|p2a: Kartana|Sacred Sword|p1a: Heatran\n|-supereffective|p1a: Heatran\n|-damage|p1a: Heatran|4\/100\n|move|p1a: Heatran|Eruption|p2a: Kartana\n|-supereffective|p2a: Kartana\n|-damage|p2a: Kartana|39\/100\n|\n|upkeep\n|turn|6\n|c|\u2606altairu2pieces|lol whats the base power on that?\n|c|\u2606broked on bricks|5\n|inactive|broked on bricks has 120 seconds left.\n|c|\u2606broked on bricks|no joke\n|\n|t:|1663308423\n|switch|p1a: Beans Saranghae|Torkoal, M|100\/100\n|-damage|p1a: Beans Saranghae|76\/100|[from] Stealth Rock\n|-weather|SunnyDay|[from] ability: Drought|[of] p1a: Beans Saranghae\n|move|p2a: Kartana|Sacred Sword|p1a: Beans Saranghae\n|-damage|p1a: Beans Saranghae|52\/100\n|\n|-weather|SunnyDay|[upkeep]\n|upkeep\n|turn|7\n|\n|t:|1663308441\n|switch|p2a: Hatterene|Hatterene, F|100\/100\n|move|p1a: Beans Saranghae|Rapid Spin|p2a: Hatterene\n|-damage|p2a: Hatterene|90\/100\n|-boost|p1a: Beans Saranghae|spe|1\n|-sideend|p1: broked on bricks|Stealth Rock|[from] move: Rapid Spin|[of] p1a: Beans Saranghae\n|\n|-weather|SunnyDay|[upkeep]\n|upkeep\n|turn|8\n|\n|t:|1663308463\n|switch|p1a: Heatran|Heatran, M|4\/100\n|move|p2a: Hatterene|Shadow Ball|p1a: Heatran\n|-damage|p1a: Heatran|0 fnt\n|faint|p1a: Heatran\n|\n|-weather|SunnyDay|[upkeep]\n|upkeep\n|\n|t:|1663308470\n|switch|p1a: Elmo|Darmanitan, F|100\/100\n|turn|9\n|inactive|altairu2pieces has 120 seconds left.\n|\n|t:|1663308491\n|switch|p2a: Excadrill|Excadrill, F|100\/100\n|-ability|p2a: Excadrill|Mold Breaker\n|move|p1a: Elmo|Flare Blitz|p2a: Excadrill\n|-supereffective|p2a: Excadrill\n|-damage|p2a: Excadrill|0 fnt\n|faint|p2a: Excadrill\n|-damage|p1a: Elmo|67\/100|[from] Recoil\n|\n|-weather|SunnyDay|[upkeep]\n|upkeep\n|inactive|altairu2pieces has 120 seconds left.\n|\n|t:|1663308498\n|switch|p2a: Kartana|Kartana|39\/100\n|turn|10\n|\n|t:|1663308509\n|switch|p1a: RIP Omari frfr|Mandibuzz, F, shiny|100\/100\n|move|p2a: Kartana|Knock Off|p1a: RIP Omari frfr\n|-resisted|p1a: RIP Omari frfr\n|-damage|p1a: RIP Omari frfr|86\/100\n|-damage|p2a: Kartana|22\/100|[from] item: Rocky Helmet|[of] p1a: RIP Omari frfr\n|-enditem|p1a: RIP Omari frfr|Rocky Helmet|[from] move: Knock Off|[of] p2a: Kartana\n|\n|-weather|SunnyDay|[upkeep]\n|upkeep\n|turn|11\n|\n|t:|1663308519\n|switch|p2a: Hatterene|Hatterene, F|90\/100\n|move|p1a: RIP Omari frfr|Toxic|p2a: Hatterene\n|move|p2a: Hatterene|Toxic|p1a: RIP Omari frfr|[from]ability: Magic Bounce\n|-status|p1a: RIP Omari frfr|tox\n|\n|-weather|SunnyDay|[upkeep]\n|-damage|p1a: RIP Omari frfr|80\/100 tox|[from] psn\n|upkeep\n|turn|12\n|c|\u2606broked on bricks|wp\n|inactive|altairu2pieces has 120 seconds left.\n|c|\u2606altairu2pieces|ty\n|\n|t:|1663308555\n|switch|p1a: Virgin Sharpedo|Garchomp, F|100\/100\n|move|p2a: Hatterene|Magic Powder|p1a: Virgin Sharpedo\n|-start|p1a: Virgin Sharpedo|typechange|Psychic\n|\n|-weather|SunnyDay|[upkeep]\n|upkeep\n|turn|13\n|c|\u2606broked on bricks|I have to prevent molt and volcarona from setting up there so yeah what else am I gonna click actually\n|c|\u2606broked on bricks|you're smart\n|inactive|broked on bricks has 120 seconds left.\n|inactive|altairu2pieces has 90 seconds left.\n|c|\u2606broked on bricks|now what are you about to do here\n|c|\u2606altairu2pieces|do u hve u-turn?\n|c|\u2606broked on bricks|nah\n|c|\u2606altairu2pieces|i ssee\n|\n|t:|1663308601\n|move|p1a: Virgin Sharpedo|Stone Edge|p2a: Hatterene\n|-damage|p2a: Hatterene|47\/100\n|-damage|p1a: Virgin Sharpedo|91\/100|[from] item: Life Orb\n|move|p2a: Hatterene|Shadow Ball|p1a: Virgin Sharpedo\n|-supereffective|p1a: Virgin Sharpedo\n|-damage|p1a: Virgin Sharpedo|22\/100\n|\n|-weather|none\n|upkeep\n|turn|14\n|\n|t:|1663308612\n|move|p1a: Virgin Sharpedo|Swords Dance|p1a: Virgin Sharpedo\n|-boost|p1a: Virgin Sharpedo|atk|2\n|move|p2a: Hatterene|Shadow Ball|p1a: Virgin Sharpedo\n|-supereffective|p1a: Virgin Sharpedo\n|-damage|p1a: Virgin Sharpedo|0 fnt\n|faint|p1a: Virgin Sharpedo\n|\n|upkeep\n|\n|t:|1663308615\n|switch|p1a: Elmo|Darmanitan, F|67\/100\n|turn|15\n|inactive|altairu2pieces has 60 seconds left.\n|\n|t:|1663308642\n|move|p1a: Elmo|Flare Blitz|p2a: Hatterene\n|-damage|p2a: Hatterene|0 fnt\n|faint|p2a: Hatterene\n|-damage|p1a: Elmo|53\/100|[from] Recoil\n|\n|upkeep\n|\n|t:|1663308645\n|switch|p2a: Moltres|Moltres-Galar|100\/100\n|turn|16\n|inactive|broked on bricks has 120 seconds left.\n|\n|t:|1663308665\n|move|p1a: Elmo|Rock Slide|p2a: Moltres\n|-supereffective|p2a: Moltres\n|-damage|p2a: Moltres|0 fnt\n|faint|p2a: Moltres\n|\n|upkeep\n|inactive|altairu2pieces has 60 seconds left.\n|\n|t:|1663308682\n|switch|p2a: Volcarona|Volcarona, M|100\/100\n|turn|17\n|\n|t:|1663308687\n|move|p2a: Volcarona|Psychic|p1a: Elmo\n|-damage|p1a: Elmo|1\/100\n|move|p1a: Elmo|Flare Blitz|p2a: Volcarona\n|-damage|p2a: Volcarona|0 fnt\n|faint|p2a: Volcarona\n|-damage|p1a: Elmo|0 fnt|[from] Recoil\n|faint|p1a: Elmo\n|\n|upkeep\n|c|\u2606altairu2pieces|gg\n|c|\u2606broked on bricks|ggs\n|-message|altairu2pieces forfeited.\n|\n|win|broked on bricks\n|raw|broked on bricks's rating: 1501 &rarr; <strong>1527<\/strong><br \/>(+26 for winning)\n|raw|altairu2pieces's rating: 1602 &rarr; <strong>1576<\/strong><br \/>(-26 for losing)\n|l|\u2606altairu2pieces\n","uploadtime":1663308702,"views":6,"p1id":"brokedonbricks","p2id":"altairu2pieces","formatid":"gen8ou","rating":1527,"private":0,"password":null}