{"id":"gen8mixandmega-1704909366","p1":"MoonGirlll\u2661","p2":"Faygos","format":"gen8mixandmega","log":"|j|\u2606MoonGirlll\u2661\n|j|\u2606Faygos\n|inactive|Battle timer is ON: inactive players will automatically lose when time's up.\n|t:|1667833718\n|gametype|singles\n|player|p1|MoonGirlll\u2661|furisodegirl-blue|\n|player|p2|Faygos|101|\n|teamsize|p1|6\n|teamsize|p2|6\n|gen|8\n|tier|[Gen 8] Mix and Mega\n|rated|Tournament battle\n|rule|Species Clause: Limit one of each Pok\u00e9mon\n|rule|OHKO Clause: OHKO moves are banned\n|rule|Evasion Moves Clause: Evasion moves are banned\n|rule|Endless Battle Clause: Forcing endless battles is banned\n|rule|Dynamax Clause: You cannot dynamax\n|rule|HP Percentage Mod: HP is shown in percentages\n|rule|Sleep Clause Mod: Limit one foe put to sleep\n|clearpoke\n|poke|p1|Spectrier|\n|poke|p1|Tyranitar, F|\n|poke|p1|Landorus-Therian, M|\n|poke|p1|Barraskewda, F|\n|poke|p1|Magearna|\n|poke|p1|Entei|\n|poke|p2|Reshiram|\n|poke|p2|Tapu Koko|\n|poke|p2|Solgaleo|\n|poke|p2|Excadrill, F|\n|poke|p2|Tapu Fini|\n|poke|p2|Milotic, F|\n|teampreview\n|inactive|Faygos also wants the timer to be on.\n|j|%Clastia\n|j| Shing'n Streets\n|c|\u2606MoonGirlll\u2661|glhf\n|j| Gabobandorf\n|c|\u2606Faygos|yt\n|\n|t:|1667833734\n|start\n|switch|p1a: Spectrier|Spectrier|100\/100\n|switch|p2a: Tapu Fini|Tapu Fini|100\/100\n|-fieldstart|move: Misty Terrain|[from] ability: Misty Surge|[of] p2a: Tapu Fini\n|turn|1\n|\n|t:|1667833742\n|detailschange|p2a: Tapu Fini|Tapu Fini\n|-mega|p2a: Tapu Fini|Tapu Fini|Alakazite\n|-start|p2a: Tapu Fini|Alakazite|[silent]\n|-ability|p2a: Tapu Fini|Grim Neigh|[from] ability: Trace|[of] p1a: Spectrier\n|move|p1a: Spectrier|Nasty Plot|p1a: Spectrier\n|-boost|p1a: Spectrier|spa|2\n|move|p2a: Tapu Fini|Scald|p1a: Spectrier\n|-damage|p1a: Spectrier|59\/100\n|\n|upkeep\n|turn|2\n|c|%Clastia|why is there a fini now axzel\n|j|@iapt\n|c|\u2606Faygos|?\n|j|+Sulo\n|\n|t:|1667833762\n|detailschange|p1a: Spectrier|Spectrier\n|-mega|p1a: Spectrier|Spectrier|Absolite\n|-start|p1a: Spectrier|Absolite|[silent]\n|move|p1a: Spectrier|Shadow Ball|p2a: Tapu Fini\n|-damage|p2a: Tapu Fini|22\/100\n|move|p2a: Tapu Fini|Scald|p1a: Spectrier\n|-damage|p1a: Spectrier|19\/100\n|\n|upkeep\n|turn|3\n|\n|t:|1667833777\n|move|p1a: Spectrier|Shadow Ball|p2a: Tapu Fini\n|-damage|p2a: Tapu Fini|0 fnt\n|faint|p2a: Tapu Fini\n|\n|upkeep\n|\n|t:|1667833785\n|switch|p2a: Milotic|Milotic, F|100\/100\n|turn|4\n|\n|t:|1667833788\n|detailschange|p2a: Milotic|Milotic, F\n|-mega|p2a: Milotic|Milotic|Sablenite\n|-start|p2a: Milotic|Sablenite|[silent]\n|move|p1a: Spectrier|Shadow Ball|p2a: Milotic\n|-damage|p2a: Milotic|50\/100\n|-unboost|p2a: Milotic|spd|1\n|move|p2a: Milotic|Scald|p1a: Spectrier\n|-damage|p1a: Spectrier|0 fnt\n|faint|p1a: Spectrier\n|\n|upkeep\n|c|%Clastia|why was it alakazite fini\n|\n|t:|1667833800\n|switch|p1a: Magearna|Magearna|100\/100\n|turn|5\n|\n|t:|1667833804\n|-end|p2a: Milotic|Sablenite|[silent]\n|switch|p2a: Reshiram|Reshiram|100\/100\n|-ability|p2a: Reshiram|Turboblaze\n|detailschange|p1a: Magearna|Magearna\n|-mega|p1a: Magearna|Magearna|Manectite\n|-ability|p1a: Magearna|Intimidate|boost\n|-unboost|p2a: Reshiram|atk|1\n|-start|p1a: Magearna|Manectite|[silent]\n|move|p1a: Magearna|Volt Switch|p2a: Reshiram\n|-resisted|p2a: Reshiram\n|-damage|p2a: Reshiram|94\/100\n|\n|t:|1667833808\n|-end|p1a: Magearna|Manectite|[silent]\n|switch|p1a: Old Lion|Landorus-Therian, M|100\/100|[from]move: Volt Switch\n|-ability|p1a: Old Lion|Intimidate|boost\n|-unboost|p2a: Reshiram|atk|1\n|\n|-fieldend|Misty Terrain\n|upkeep\n|turn|6\n|\n|t:|1667833815\n|switch|p2a: Milotic|Milotic, F|50\/100\n|-start|p2a: Milotic|Sablenite|[silent]\n|detailschange|p1a: Old Lion|Landorus-Therian, M\n|-mega|p1a: Old Lion|Landorus|Salamencite\n|-start|p1a: Old Lion|Salamencite|[silent]\n|move|p1a: Old Lion|Earthquake|p2a: Milotic\n|-damage|p2a: Milotic|18\/100\n|\n|upkeep\n|turn|7\n|\n|t:|1667833819\n|move|p1a: Old Lion|Body Slam|p2a: Milotic\n|-damage|p2a: Milotic|0 fnt\n|faint|p2a: Milotic\n|\n|upkeep\n|\n|t:|1667833826\n|switch|p2a: Excadrill|Excadrill, F|100\/100\n|-ability|p2a: Excadrill|Mold Breaker\n|turn|8\n|\n|t:|1667833830\n|detailschange|p2a: Excadrill|Excadrill, F\n|-mega|p2a: Excadrill|Excadrill|Latiasite\n|-start|p2a: Excadrill|Latiasite|[silent]\n|move|p1a: Old Lion|Body Slam|p2a: Excadrill\n|-resisted|p2a: Excadrill\n|-damage|p2a: Excadrill|73\/100\n|-status|p2a: Excadrill|par\n|cant|p2a: Excadrill|par\n|\n|upkeep\n|turn|9\n|\n|t:|1667833840\n|move|p1a: Old Lion|Body Slam|p2a: Excadrill\n|-resisted|p2a: Excadrill\n|-damage|p2a: Excadrill|48\/100 par\n|move|p2a: Excadrill|Stealth Rock|p1a: Old Lion\n|-sidestart|p1: MoonGirlll\u2661|move: Stealth Rock\n|\n|upkeep\n|turn|10\n|j| Lighht\n|\n|t:|1667833844\n|move|p1a: Old Lion|Body Slam|p2a: Excadrill\n|-resisted|p2a: Excadrill\n|-damage|p2a: Excadrill|22\/100 par\n|move|p2a: Excadrill|Iron Head|p1a: Old Lion\n|-damage|p1a: Old Lion|66\/100\n|\n|upkeep\n|turn|11\n|j| Redflix\n|\n|t:|1667833849\n|move|p1a: Old Lion|Body Slam|p2a: Excadrill\n|-resisted|p2a: Excadrill\n|-damage|p2a: Excadrill|0 fnt\n|faint|p2a: Excadrill\n|\n|upkeep\n|\n|t:|1667833851\n|switch|p2a: Solgaleo|Solgaleo|100\/100\n|turn|12\n|\n|t:|1667833854\n|detailschange|p2a: Solgaleo|Solgaleo\n|-mega|p2a: Solgaleo|Solgaleo|Aerodactylite\n|-start|p2a: Solgaleo|Aerodactylite|[silent]\n|move|p1a: Old Lion|Earthquake|p2a: Solgaleo\n|-supereffective|p2a: Solgaleo\n|-damage|p2a: Solgaleo|20\/100\n|move|p2a: Solgaleo|Sunsteel Strike|p1a: Old Lion\n|-damage|p1a: Old Lion|0 fnt\n|faint|p1a: Old Lion\n|\n|upkeep\n|\n|t:|1667833863\n|switch|p1a: Barraskewda|Barraskewda, F|100\/100\n|-damage|p1a: Barraskewda|88\/100|[from] Stealth Rock\n|turn|13\n|\n|t:|1667833877\n|-end|p2a: Solgaleo|Aerodactylite|[silent]\n|switch|p2a: Reshiram|Reshiram|94\/100\n|-ability|p2a: Reshiram|Turboblaze\n|detailschange|p1a: Barraskewda|Barraskewda, F\n|-mega|p1a: Barraskewda|Barraskewda|Metagrossite\n|-start|p1a: Barraskewda|Metagrossite|[silent]\n|move|p1a: Barraskewda|Crunch|p2a: Reshiram\n|-damage|p2a: Reshiram|67\/100\n|\n|upkeep\n|turn|14\n|\n|t:|1667833881\n|move|p1a: Barraskewda|Liquidation|p2a: Reshiram\n|-damage|p2a: Reshiram|27\/100\n|move|p2a: Reshiram|Roost|p2a: Reshiram\n|-heal|p2a: Reshiram|77\/100\n|-singleturn|p2a: Reshiram|move: Roost\n|\n|upkeep\n|turn|15\n|\n|t:|1667833888\n|move|p1a: Barraskewda|Liquidation|p2a: Reshiram\n|-damage|p2a: Reshiram|36\/100\n|move|p2a: Reshiram|Roost|p2a: Reshiram\n|-heal|p2a: Reshiram|86\/100\n|-singleturn|p2a: Reshiram|move: Roost\n|\n|upkeep\n|turn|16\n|\n|t:|1667833891\n|move|p1a: Barraskewda|Liquidation|p2a: Reshiram\n|-damage|p2a: Reshiram|42\/100\n|move|p2a: Reshiram|Toxic|p1a: Barraskewda\n|-status|p1a: Barraskewda|tox\n|\n|-damage|p1a: Barraskewda|82\/100 tox|[from] psn\n|upkeep\n|turn|17\n|\n|t:|1667833894\n|move|p1a: Barraskewda|Liquidation|p2a: Reshiram\n|-damage|p2a: Reshiram|0 fnt\n|faint|p2a: Reshiram\n|\n|-damage|p1a: Barraskewda|70\/100 tox|[from] psn\n|upkeep\n|j| ponchlake\n|\n|t:|1667833897\n|switch|p2a: Tapu Koko|Tapu Koko|100\/100\n|-fieldstart|move: Electric Terrain|[from] ability: Electric Surge|[of] p2a: Tapu Koko\n|turn|18\n|\n|t:|1667833903\n|detailschange|p2a: Tapu Koko|Tapu Koko\n|-mega|p2a: Tapu Koko|Tapu Koko|Manectite\n|-ability|p2a: Tapu Koko|Intimidate|boost\n|-unboost|p1a: Barraskewda|atk|1\n|-start|p2a: Tapu Koko|Manectite|[silent]\n|move|p1a: Barraskewda|Liquidation|p2a: Tapu Koko\n|-damage|p2a: Tapu Koko|65\/100\n|move|p2a: Tapu Koko|Roost|p2a: Tapu Koko\n|-heal|p2a: Tapu Koko|100\/100\n|-singleturn|p2a: Tapu Koko|move: Roost\n|\n|-damage|p1a: Barraskewda|52\/100 tox|[from] psn\n|upkeep\n|turn|19\n|\n|t:|1667833910\n|-end|p1a: Barraskewda|Metagrossite|[silent]\n|switch|p1a: Magearna|Magearna|100\/100\n|-start|p1a: Magearna|Manectite|[silent]\n|-damage|p1a: Magearna|95\/100|[from] Stealth Rock\n|-ability|p1a: Magearna|Intimidate|boost\n|-unboost|p2a: Tapu Koko|atk|1\n|move|p2a: Tapu Koko|Calm Mind|p2a: Tapu Koko\n|-boost|p2a: Tapu Koko|spa|1\n|-boost|p2a: Tapu Koko|spd|1\n|\n|upkeep\n|turn|20\n|c| Lighht|def drop :D\n|\n|t:|1667833914\n|move|p2a: Tapu Koko|Calm Mind|p2a: Tapu Koko\n|-boost|p2a: Tapu Koko|spa|1\n|-boost|p2a: Tapu Koko|spd|1\n|move|p1a: Magearna|Fleur Cannon|p2a: Tapu Koko\n|-damage|p2a: Tapu Koko|71\/100\n|-unboost|p1a: Magearna|spa|2\n|\n|upkeep\n|turn|21\n|j|%KaenSoul\n|\n|t:|1667833921\n|move|p2a: Tapu Koko|Calm Mind|p2a: Tapu Koko\n|-boost|p2a: Tapu Koko|spa|1\n|-boost|p2a: Tapu Koko|spd|1\n|move|p1a: Magearna|Volt Switch|p2a: Tapu Koko\n|-resisted|p2a: Tapu Koko\n|-damage|p2a: Tapu Koko|68\/100\n|\n|t:|1667833938\n|-end|p1a: Magearna|Manectite|[silent]\n|switch|p1a: Barraskewda|Barraskewda, F|52\/100 tox|[from]move: Volt Switch\n|-start|p1a: Barraskewda|Metagrossite|[silent]\n|-damage|p1a: Barraskewda|40\/100 tox|[from] Stealth Rock\n|\n|-damage|p1a: Barraskewda|34\/100 tox|[from] psn\n|upkeep\n|turn|22\n|\n|t:|1667833946\n|move|p1a: Barraskewda|Liquidation|p2a: Tapu Koko\n|-damage|p2a: Tapu Koko|16\/100\n|move|p2a: Tapu Koko|Roost|p2a: Tapu Koko\n|-heal|p2a: Tapu Koko|66\/100\n|-singleturn|p2a: Tapu Koko|move: Roost\n|\n|-damage|p1a: Barraskewda|21\/100 tox|[from] psn\n|-fieldend|move: Electric Terrain\n|upkeep\n|turn|23\n|\n|t:|1667833953\n|move|p1a: Barraskewda|Liquidation|p2a: Tapu Koko\n|-damage|p2a: Tapu Koko|15\/100\n|-unboost|p2a: Tapu Koko|def|1\n|move|p2a: Tapu Koko|Roost|p2a: Tapu Koko\n|-heal|p2a: Tapu Koko|65\/100\n|-singleturn|p2a: Tapu Koko|move: Roost\n|\n|-damage|p1a: Barraskewda|3\/100 tox|[from] psn\n|upkeep\n|turn|24\n|c|\u2606MoonGirlll\u2661|nice\n|c|\u2606Faygos|gg\n|c| Lighht|:)\n|c|\u2606MoonGirlll\u2661|gg\n|c| Lighht|gg\n|\n|t:|1667833975\n|move|p1a: Barraskewda|Liquidation|p2a: Tapu Koko\n|-damage|p2a: Tapu Koko|0 fnt\n|faint|p2a: Tapu Koko\n|\n|-damage|p1a: Barraskewda|0 fnt|[from] psn\n|faint|p1a: Barraskewda\n|upkeep\n|\n|t:|1667833981\n|switch|p1a: Entei|Entei, shiny|100\/100\n|switch|p2a: Solgaleo|Solgaleo|20\/100\n|-start|p2a: Solgaleo|Aerodactylite|[silent]\n|-damage|p1a: Entei|76\/100|[from] Stealth Rock\n|-ability|p1a: Entei|Pressure\n|turn|25\n|\n|t:|1667833998\n|detailschange|p1a: Entei|Entei, shiny\n|-mega|p1a: Entei|Entei|Altarianite\n|-start|p1a: Entei|Altarianite|[silent]\n|-start|p1a: Entei|typechange|Fire\/Fairy|[silent]\n|move|p2a: Solgaleo|Sunsteel Strike|p1a: Entei\n|-damage|p1a: Entei|0 fnt\n|faint|p1a: Entei\n|\n|upkeep\n|\n|t:|1667834002\n|switch|p1a: Land Shark|Tyranitar, F|100\/100\n|-damage|p1a: Land Shark|88\/100|[from] Stealth Rock\n|-weather|Sandstorm|[from] ability: Sand Stream|[of] p1a: Land Shark\n|turn|26\n|c|\u2606MoonGirlll\u2661|..\n|\n|t:|1667834009\n|detailschange|p1a: Land Shark|Tyranitar, F\n|-mega|p1a: Land Shark|Tyranitar|Pinsirite\n|-start|p1a: Land Shark|Pinsirite|[silent]\n|-start|p1a: Land Shark|typechange|Rock\/Flying|[silent]\n|move|p2a: Solgaleo|Sunsteel Strike|p1a: Land Shark\n|-supereffective|p1a: Land Shark\n|-damage|p1a: Land Shark|0 fnt\n|faint|p1a: Land Shark\n|\n|-weather|Sandstorm|[upkeep]\n|upkeep\n|\n|t:|1667834012\n|switch|p1a: Magearna|Magearna|95\/100\n|-start|p1a: Magearna|Manectite|[silent]\n|-damage|p1a: Magearna|89\/100|[from] Stealth Rock\n|-ability|p1a: Magearna|Intimidate|boost\n|-unboost|p2a: Solgaleo|atk|1\n|turn|27\n|c| Lighht|wait-\n|\n|t:|1667834018\n|move|p2a: Solgaleo|Morning Sun|p2a: Solgaleo\n|-heal|p2a: Solgaleo|46\/100\n|move|p1a: Magearna|Fleur Cannon|p2a: Solgaleo\n|-resisted|p2a: Solgaleo\n|-damage|p2a: Solgaleo|22\/100\n|-unboost|p1a: Magearna|spa|2\n|\n|-weather|Sandstorm|[upkeep]\n|upkeep\n|turn|28\n|\n|t:|1667834021\n|move|p2a: Solgaleo|Morning Sun|p2a: Solgaleo\n|-heal|p2a: Solgaleo|47\/100\n|move|p1a: Magearna|Calm Mind|p1a: Magearna\n|-boost|p1a: Magearna|spa|1\n|-boost|p1a: Magearna|spd|1\n|\n|-weather|Sandstorm|[upkeep]\n|upkeep\n|turn|29\n|\n|t:|1667834026\n|move|p2a: Solgaleo|Morning Sun|p2a: Solgaleo\n|-heal|p2a: Solgaleo|72\/100\n|move|p1a: Magearna|Calm Mind|p1a: Magearna\n|-boost|p1a: Magearna|spa|1\n|-boost|p1a: Magearna|spd|1\n|\n|-weather|Sandstorm|[upkeep]\n|upkeep\n|turn|30\n|c| ponchlake|bm-ing gone wrong\n|\n|t:|1667834033\n|move|p2a: Solgaleo|Flare Blitz|p1a: Magearna\n|-supereffective|p1a: Magearna\n|-damage|p1a: Magearna|7\/100\n|-damage|p2a: Solgaleo|52\/100|[from] Recoil\n|move|p1a: Magearna|Calm Mind|p1a: Magearna\n|-boost|p1a: Magearna|spa|1\n|-boost|p1a: Magearna|spd|1\n|\n|-weather|none\n|upkeep\n|turn|31\n|j| IExistInAUniverse\n|c|\u2606MoonGirlll\u2661|gg\n|l| IExistInAUniverse\n|\n|t:|1667834040\n|move|p2a: Solgaleo|Flare Blitz|p1a: Magearna\n|-supereffective|p1a: Magearna\n|-damage|p1a: Magearna|0 fnt\n|faint|p1a: Magearna\n|-damage|p2a: Solgaleo|51\/100|[from] Recoil\n|\n|win|Faygos\n|n|\u2606MoonGirlll\u2661|moongirlll\n|n|\u2606Faygos|faygos\n|n| Clastia|clastia\n|n| Shing'n Streets|shingnstreets\n|n| Gabobandorf|gabobandorf\n|n|+iapt|iapt\n|n|+Sulo|sulo\n|n| Lighht|lighht\n|n| Redflix|redflix\n|n| ponchlake|ponchlake\n|n| KaenSoul|kaensoul\n","uploadtime":1667834041,"views":7,"p1id":"moongirlll","p2id":"faygos","formatid":"gen8mixandmega","rating":0,"private":0,"password":null}