{"id":"gen8waterparadise-1371144022","p1":"lebanesestinker","p2":"AgentOcelot #001","format":"gen8waterparadise","log":"|j|\u2606lebanesestinker\n|j|\u2606AgentOcelot #001\n|t:|1625511541\n|gametype|singles\n|player|p1|lebanesestinker|policeman|1119\n|player|p2|AgentOcelot #001|169|1075\n|teamsize|p1|6\n|teamsize|p2|6\n|gen|8\n|tier|[Gen 8] Water Paradise\n|rated|\n|rule|Species Clause: Limit one of each Pok\u00e9mon\n|rule|Item Clause: Limit one of each item\n|clearpoke\n|poke|p1|Barbaracle, L50, F|\n|poke|p1|Ludicolo, L50, F|\n|poke|p1|Starmie, L50|\n|poke|p1|Lanturn, L50, F|\n|poke|p1|Sharpedo, L50, M|\n|poke|p1|Gyarados, L50, F|\n|poke|p2|Lapras, L50, F|\n|poke|p2|Toxapex, L50, F|\n|poke|p2|Gyarados, L50, M|\n|poke|p2|Ludicolo, L50, M|\n|poke|p2|Arctovish, L50|\n|poke|p2|Rotom-Wash, L50|\n|teampreview|3\n|inactive|Battle timer is ON: inactive players will automatically lose when time's up. (requested by AgentOcelot #001)\n|\n|t:|1625511584\n|start\n|switch|p1a: Lanturn|Lanturn, L50, F|100\/100\n|switch|p2a: xQc|Rotom-Wash, L50|100\/100\n|turn|1\n|\n|t:|1625511597\n|move|p2a: xQc|Light Screen|p2a: xQc\n|-sidestart|p2: AgentOcelot #001|move: Light Screen\n|move|p1a: Lanturn|Thunderbolt|p2a: xQc\n|-damage|p2a: xQc|82\/100\n|\n|upkeep\n|turn|2\n|\n|t:|1625511603\n|move|p2a: xQc|Will-O-Wisp|p1a: Lanturn\n|-status|p1a: Lanturn|brn\n|move|p1a: Lanturn|Thunderbolt|p2a: xQc\n|-crit|p2a: xQc\n|-damage|p2a: xQc|31\/100\n|\n|-damage|p1a: Lanturn|94\/100 brn|[from] brn\n|upkeep\n|turn|3\n|\n|t:|1625511632\n|move|p2a: xQc|Reflect|p2a: xQc\n|-sidestart|p2: AgentOcelot #001|Reflect\n|move|p1a: Lanturn|Thunderbolt|p2a: xQc\n|-damage|p2a: xQc|16\/100\n|\n|-damage|p1a: Lanturn|88\/100 brn|[from] brn\n|upkeep\n|turn|4\n|inactive|AgentOcelot #001 has 120 seconds left.\n|\n|t:|1625511649\n|move|p2a: xQc|Light Screen||[still]\n|-fail|p2a: xQc\n|move|p1a: Lanturn|Scald|p2a: xQc\n|-resisted|p2a: xQc\n|-damage|p2a: xQc|8\/100\n|\n|-damage|p1a: Lanturn|82\/100 brn|[from] brn\n|upkeep\n|turn|5\n|\n|t:|1625511658\n|move|p2a: xQc|Light Screen||[still]\n|-fail|p2a: xQc\n|move|p1a: Lanturn|Volt Switch|p2a: xQc\n|-damage|p2a: xQc|0 fnt\n|faint|p2a: xQc\n|\n|t:|1625511662\n|switch|p1a: Gyarados|Gyarados, L50, F|100\/100|[from]move: Volt Switch\n|\n|-sideend|p2: AgentOcelot #001|move: Light Screen\n|upkeep\n|\n|t:|1625511667\n|switch|p2a: Valkyrae|Arctovish, L50|100\/100\n|turn|6\n|\n|t:|1625511691\n|switch|p1a: Lanturn|Lanturn, L50, F|82\/100 brn\n|move|p2a: Valkyrae|Freeze-Dry|p1a: Lanturn\n|-supereffective|p1a: Lanturn\n|-damage|p1a: Lanturn|27\/100 brn\n|\n|-damage|p1a: Lanturn|21\/100 brn|[from] brn\n|upkeep\n|turn|7\n|\n|t:|1625511699\n|move|p2a: Valkyrae|Hail|p2a: Valkyrae\n|-weather|Hail\n|move|p1a: Lanturn|Thunderbolt|p2a: Valkyrae\n|-supereffective|p2a: Valkyrae\n|-damage|p2a: Valkyrae|44\/100\n|\n|-weather|Hail|[upkeep]\n|-damage|p1a: Lanturn|15\/100 brn|[from] Hail\n|-damage|p1a: Lanturn|9\/100 brn|[from] brn\n|-sideend|p2: AgentOcelot #001|Reflect\n|upkeep\n|turn|8\n|\n|t:|1625511710\n|move|p2a: Valkyrae|Aurora Veil|p2a: Valkyrae\n|-sidestart|p2: AgentOcelot #001|move: Aurora Veil\n|move|p1a: Lanturn|Thunderbolt|p2a: Valkyrae\n|-supereffective|p2a: Valkyrae\n|-damage|p2a: Valkyrae|12\/100\n|-status|p2a: Valkyrae|par\n|-enditem|p2a: Valkyrae|Lum Berry|[eat]\n|-curestatus|p2a: Valkyrae|par|[msg]\n|\n|-weather|Hail|[upkeep]\n|-damage|p1a: Lanturn|3\/100 brn|[from] Hail\n|-damage|p1a: Lanturn|0 fnt|[from] brn\n|faint|p1a: Lanturn\n|upkeep\n|\n|t:|1625511722\n|switch|p1a: Gyarados|Gyarados, L50, F|100\/100\n|turn|9\n|\n|t:|1625511728\n|-start|p1a: Gyarados|Dynamax\n|-heal|p1a: Gyarados|100\/100|[silent]\n|move|p2a: Valkyrae|Freeze-Dry|p1a: Gyarados\n|-supereffective|p1a: Gyarados\n|-damage|p1a: Gyarados|40\/100\n|move|p1a: Gyarados|Max Airstream|p2a: Valkyrae\n|-damage|p2a: Valkyrae|0 fnt\n|-boost|p1a: Gyarados|spe|1\n|faint|p2a: Valkyrae\n|-ability|p1a: Gyarados|Moxie|boost\n|-boost|p1a: Gyarados|atk|1\n|\n|-weather|Hail|[upkeep]\n|-damage|p1a: Gyarados|38\/100|[from] Hail\n|upkeep\n|\n|t:|1625511741\n|switch|p2a: Dream|Gyarados, L50, M|100\/100\n|turn|10\n|\n|t:|1625511749\n|-start|p2a: Dream|Dynamax\n|-heal|p2a: Dream|100\/100|[silent]\n|move|p1a: Gyarados|Max Rockfall|p2a: Dream\n|-supereffective|p2a: Dream\n|-damage|p2a: Dream|57\/100\n|-weather|Sandstorm\n|move|p2a: Dream|Max Airstream|p1a: Gyarados\n|-damage|p1a: Gyarados|0 fnt\n|-boost|p2a: Dream|spe|1\n|faint|p1a: Gyarados\n|-ability|p2a: Dream|Moxie|boost\n|-boost|p2a: Dream|atk|1\n|\n|-weather|Sandstorm|[upkeep]\n|-damage|p2a: Dream|55\/100|[from] Sandstorm\n|upkeep\n|\n|t:|1625511755\n|switch|p1a: Barbaracle|Barbaracle, L50, F|100\/100\n|turn|11\n|\n|t:|1625511772\n|move|p2a: Dream|Max Overgrowth|p1a: Barbaracle\n|-supereffective|p1a: Barbaracle\n|-enditem|p1a: Barbaracle|Focus Sash\n|-damage|p1a: Barbaracle|1\/100\n|-fieldstart|move: Grassy Terrain\n|move|p1a: Barbaracle|Shell Smash|p1a: Barbaracle\n|-unboost|p1a: Barbaracle|def|1\n|-unboost|p1a: Barbaracle|spd|1\n|-boost|p1a: Barbaracle|atk|2\n|-boost|p1a: Barbaracle|spa|2\n|-boost|p1a: Barbaracle|spe|2\n|\n|-weather|Sandstorm|[upkeep]\n|-damage|p2a: Dream|52\/100|[from] Sandstorm\n|-heal|p1a: Barbaracle|7\/100|[from] Grassy Terrain\n|upkeep\n|turn|12\n|\n|t:|1625511790\n|move|p1a: Barbaracle|Stone Edge|p2a: Dream\n|-supereffective|p2a: Dream\n|-damage|p2a: Dream|0 fnt\n|faint|p2a: Dream\n|\n|win|lebanesestinker\n|raw|lebanesestinker's rating: 1119 &rarr; <strong>1141<\/strong><br \/>(+22 for winning)\n|raw|AgentOcelot #001's rating: 1075 &rarr; <strong>1056<\/strong><br \/>(-19 for losing)\n|l|\u2606AgentOcelot #001\n|l|\u2606lebanesestinker\n||Ladder isn't responding, score probably updated but might not have (Request timeout).\n","uploadtime":1625511841,"views":3,"p1id":"lebanesestinker","p2id":"agentocelot001","formatid":"gen8waterparadise","rating":1056,"private":0,"password":null}