{"id":"gen8ou-1631543857","p1":"reionatro","p2":"dragonitenb","format":"gen8ou","log":"|j|\u2606reionatro\n|j|\u2606dragonitenb\n|t:|1659553694\n|gametype|singles\n|player|p1|reionatro|1|1777\n|player|p2|dragonitenb|pokefan-gen4|1849\n|teamsize|p1|6\n|teamsize|p2|6\n|gen|8\n|tier|[Gen 8] OU\n|rated|\n|rule|Sleep Clause Mod: Limit one foe put to sleep\n|rule|Species Clause: Limit one of each Pok\u00e9mon\n|rule|OHKO Clause: OHKO moves are banned\n|rule|Evasion Moves Clause: Evasion moves are banned\n|rule|Endless Battle Clause: Forcing endless battles is banned\n|rule|HP Percentage Mod: HP is shown in percentages\n|rule|Dynamax Clause: You cannot dynamax\n|clearpoke\n|poke|p1|Nihilego|\n|poke|p1|Zapdos-Galar|\n|poke|p1|Kartana|\n|poke|p1|Celesteela|\n|poke|p1|Garchomp, M|\n|poke|p1|Tapu Fini|\n|poke|p2|Dragapult, M|\n|poke|p2|Tapu Fini|\n|poke|p2|Blacephalon|\n|poke|p2|Tapu Lele|\n|poke|p2|Landorus-Therian, M|\n|poke|p2|Melmetal|\n|teampreview\n|c|\u2606reionatro|hf\n|c|\u2606dragonitenb|hf\n|\n|t:|1659553728\n|start\n|switch|p1a: Kartana|Kartana|100\/100\n|switch|p2a: Dragapult|Dragapult, M|100\/100\n|turn|1\n|\n|t:|1659553735\n|switch|p2a: Landorus|Landorus-Therian, M|100\/100\n|-ability|p2a: Landorus|Intimidate|boost\n|-unboost|p1a: Kartana|atk|1\n|move|p1a: Kartana|Knock Off|p2a: Landorus\n|-damage|p2a: Landorus|72\/100\n|-enditem|p2a: Landorus|Leftovers|[from] move: Knock Off|[of] p1a: Kartana\n|\n|upkeep\n|turn|2\n|\n|t:|1659553760\n|switch|p1a: Tapu Fini|Tapu Fini|100\/100\n|-fieldstart|move: Misty Terrain|[from] ability: Misty Surge|[of] p1a: Tapu Fini\n|move|p2a: Landorus|Stealth Rock|p1a: Tapu Fini\n|-sidestart|p1: reionatro|move: Stealth Rock\n|\n|upkeep\n|turn|3\n|\n|t:|1659553767\n|switch|p2a: Tapu Lele|Tapu Lele|100\/100\n|-fieldstart|move: Psychic Terrain|[from] ability: Psychic Surge|[of] p2a: Tapu Lele\n|move|p1a: Tapu Fini|Scald|p2a: Tapu Lele\n|-damage|p2a: Tapu Lele|73\/100\n|-status|p2a: Tapu Lele|brn\n|\n|-damage|p2a: Tapu Lele|67\/100 brn|[from] brn\n|upkeep\n|turn|4\n|\n|t:|1659553799\n|move|p2a: Tapu Lele|Psychic|p1a: Tapu Fini\n|-damage|p1a: Tapu Fini|16\/100\n|move|p1a: Tapu Fini|Calm Mind|p1a: Tapu Fini\n|-boost|p1a: Tapu Fini|spa|1\n|-boost|p1a: Tapu Fini|spd|1\n|\n|-heal|p1a: Tapu Fini|22\/100|[from] item: Leftovers\n|-damage|p2a: Tapu Lele|61\/100 brn|[from] brn\n|upkeep\n|turn|5\n|\n|t:|1659553810\n|move|p2a: Tapu Lele|Psychic|p1a: Tapu Fini\n|-damage|p1a: Tapu Fini|0 fnt\n|faint|p1a: Tapu Fini\n|\n|-damage|p2a: Tapu Lele|55\/100 brn|[from] brn\n|upkeep\n|\n|t:|1659553832\n|switch|p1a: Garchomp|Garchomp, M|100\/100\n|-damage|p1a: Garchomp|94\/100|[from] Stealth Rock\n|turn|6\n|\n|t:|1659553836\n|move|p1a: Garchomp|Earthquake|p2a: Tapu Lele\n|-damage|p2a: Tapu Lele|0 fnt\n|faint|p2a: Tapu Lele\n|\n|upkeep\n|\n|t:|1659553844\n|switch|p2a: Dragapult|Dragapult, M|100\/100\n|turn|7\n|\n|t:|1659553858\n|switch|p1a: Zapdos|Zapdos-Galar|100\/100\n|-damage|p1a: Zapdos|88\/100|[from] Stealth Rock\n|move|p2a: Dragapult|Shadow Ball|p1a: Zapdos\n|-damage|p1a: Zapdos|26\/100\n|\n|-fieldend|move: Psychic Terrain\n|upkeep\n|turn|8\n|\n|t:|1659553877\n|switch|p1a: Nihilego|Nihilego|100\/100\n|-damage|p1a: Nihilego|88\/100|[from] Stealth Rock\n|move|p2a: Dragapult|Shadow Ball|p1a: Nihilego\n|-damage|p1a: Nihilego|46\/100\n|-unboost|p1a: Nihilego|spd|1\n|\n|upkeep\n|turn|9\n|\n|t:|1659553885\n|switch|p1a: Zapdos|Zapdos-Galar|26\/100\n|-damage|p1a: Zapdos|14\/100|[from] Stealth Rock\n|move|p2a: Dragapult|Shadow Ball|p1a: Zapdos\n|-crit|p1a: Zapdos\n|-damage|p1a: Zapdos|0 fnt\n|faint|p1a: Zapdos\n|\n|upkeep\n|\n|t:|1659553886\n|switch|p1a: Kartana|Kartana|100\/100\n|-damage|p1a: Kartana|94\/100|[from] Stealth Rock\n|turn|10\n|\n|t:|1659553893\n|switch|p2a: Landorus|Landorus-Therian, M|72\/100\n|-ability|p2a: Landorus|Intimidate|boost\n|-unboost|p1a: Kartana|atk|1\n|move|p1a: Kartana|Knock Off|p2a: Landorus\n|-damage|p2a: Landorus|54\/100\n|\n|upkeep\n|turn|11\n|\n|t:|1659553903\n|switch|p1a: Celesteela|Celesteela|100\/100\n|-damage|p1a: Celesteela|88\/100|[from] Stealth Rock\n|switch|p2a: Dragapult|Dragapult, M|100\/100\n|\n|upkeep\n|turn|12\n|\n|t:|1659553918\n|switch|p1a: Nihilego|Nihilego|46\/100\n|-damage|p1a: Nihilego|34\/100|[from] Stealth Rock\n|move|p2a: Dragapult|Shadow Ball|p1a: Nihilego\n|-damage|p1a: Nihilego|0 fnt\n|faint|p1a: Nihilego\n|\n|upkeep\n|j| zagirl\n|\n|t:|1659553972\n|switch|p1a: Kartana|Kartana|94\/100\n|-damage|p1a: Kartana|88\/100|[from] Stealth Rock\n|turn|13\n|\n|t:|1659553975\n|switch|p2a: Landorus|Landorus-Therian, M|54\/100\n|-ability|p2a: Landorus|Intimidate|boost\n|-unboost|p1a: Kartana|atk|1\n|move|p1a: Kartana|Knock Off|p2a: Landorus\n|-damage|p2a: Landorus|35\/100\n|\n|upkeep\n|turn|14\n|\n|t:|1659553983\n|move|p1a: Kartana|Knock Off|p2a: Landorus\n|-damage|p2a: Landorus|16\/100\n|move|p2a: Landorus|U-turn|p1a: Kartana\n|-damage|p1a: Kartana|62\/100\n|\n|t:|1659553990\n|switch|p2a: Tapu Fini|Tapu Fini|100\/100|[from]move: U-turn\n|-fieldstart|move: Misty Terrain|[from] ability: Misty Surge|[of] p2a: Tapu Fini\n|\n|upkeep\n|turn|15\n|\n|t:|1659554001\n|switch|p1a: Garchomp|Garchomp, M|94\/100\n|-damage|p1a: Garchomp|88\/100|[from] Stealth Rock\n|move|p2a: Tapu Fini|Surf|p1a: Garchomp\n|-damage|p1a: Garchomp|52\/100\n|\n|upkeep\n|turn|16\n|\n|t:|1659554007\n|move|p2a: Tapu Fini|Surf|p1a: Garchomp\n|-damage|p1a: Garchomp|14\/100\n|move|p1a: Garchomp|Stealth Rock|p2a: Tapu Fini\n|-sidestart|p2: dragonitenb|move: Stealth Rock\n|\n|upkeep\n|turn|17\n|\n|t:|1659554012\n|move|p2a: Tapu Fini|Surf|p1a: Garchomp\n|-crit|p1a: Garchomp\n|-damage|p1a: Garchomp|0 fnt\n|faint|p1a: Garchomp\n|\n|upkeep\n|\n|t:|1659554027\n|switch|p1a: Celesteela|Celesteela|88\/100\n|-damage|p1a: Celesteela|76\/100|[from] Stealth Rock\n|turn|18\n|\n|t:|1659554042\n|move|p2a: Tapu Fini|Surf|p1a: Celesteela\n|-damage|p1a: Celesteela|35\/100\n|move|p1a: Celesteela|Autotomize|p1a: Celesteela\n|-boost|p1a: Celesteela|spe|2\n|-start|p1a: Celesteela|Autotomize\n|\n|-fieldend|Misty Terrain\n|upkeep\n|turn|19\n|\n|t:|1659554052\n|move|p1a: Celesteela|Meteor Beam||[still]\n|-prepare|p1a: Celesteela|Meteor Beam\n|-boost|p1a: Celesteela|spa|1\n|-enditem|p1a: Celesteela|Power Herb\n|-anim|p1a: Celesteela|Meteor Beam|p2a: Tapu Fini\n|-damage|p2a: Tapu Fini|39\/100\n|move|p2a: Tapu Fini|Surf|p1a: Celesteela\n|-damage|p1a: Celesteela|0 fnt\n|faint|p1a: Celesteela\n|\n|upkeep\n|\n|t:|1659554061\n|switch|p1a: Kartana|Kartana|62\/100\n|-damage|p1a: Kartana|56\/100|[from] Stealth Rock\n|turn|20\n|\n|t:|1659554066\n|move|p1a: Kartana|Sacred Sword|p2a: Tapu Fini\n|-resisted|p2a: Tapu Fini\n|-damage|p2a: Tapu Fini|16\/100\n|move|p2a: Tapu Fini|Surf|p1a: Kartana\n|-resisted|p1a: Kartana\n|-crit|p1a: Kartana\n|-damage|p1a: Kartana|0 fnt\n|faint|p1a: Kartana\n|\n|win|dragonitenb\n|raw|reionatro's rating: 1777 &rarr; <strong>1761<\/strong><br \/>(-16 for losing)\n|raw|dragonitenb's rating: 1849 &rarr; <strong>1865<\/strong><br \/>(+16 for winning)\n|c|\u2606reionatro|gg\n|c|\u2606dragonitenb|gg\n|l|\u2606reionatro\n|l| zagirl\n||Ladder isn't responding, score probably updated but might not have (Request timeout).\n","uploadtime":1659554076,"views":77,"p1id":"reionatro","p2id":"dragonitenb","formatid":"gen8ou","rating":1761,"private":0,"password":null}