{"id":"gen8uu-1357624162","p1":"UULT84z G14","p2":"Jakkkkkka","format":"gen8uu","log":"|raw|<div class=\"broadcast-blue\"><strong>This battle is required to be public due to a player having a name starting with 'uult84z'.<\/div>\n|j|\u2606UULT84z G14\n|j|\u2606Jakkkkkka\n|t:|1623518084\n|gametype|singles\n|player|p1|UULT84z G14|gambler|1536\n|player|p2|Jakkkkkka|lance|1472\n|teamsize|p1|6\n|teamsize|p2|6\n|gen|8\n|tier|[Gen 8] UU\n|rated|\n|rule|Sleep Clause Mod: Limit one foe put to sleep\n|rule|Species Clause: Limit one of each Pok\u00e9mon\n|rule|OHKO Clause: OHKO moves are banned\n|rule|Evasion Moves Clause: Evasion moves are banned\n|rule|Endless Battle Clause: Forcing endless battles is banned\n|rule|HP Percentage Mod: HP is shown in percentages\n|rule|Dynamax Clause: You cannot dynamax\n|clearpoke\n|poke|p1|Zygarde-10%|\n|poke|p1|Tapu Bulu|\n|poke|p1|Jirachi|\n|poke|p1|Moltres|\n|poke|p1|Rotom-Wash|\n|poke|p1|Buzzwole|\n|poke|p2|Tangrowth, F|\n|poke|p2|Kommo-o, F|\n|poke|p2|Primarina, M|\n|poke|p2|Moltres|\n|poke|p2|Thundurus-Therian, M|\n|poke|p2|Scizor, F|\n|teampreview\n|inactive|Battle timer is ON: inactive players will automatically lose when time's up. (requested by Jakkkkkka)\n|\n|t:|1623518124\n|start\n|switch|p1a: Gate To Paradise|Jirachi|100\/100\n|switch|p2a: Scizor|Scizor, F|100\/100\n|turn|1\n|\n|t:|1623518139\n|move|p1a: Gate To Paradise|U-turn|p2a: Scizor\n|-resisted|p2a: Scizor\n|-damage|p2a: Scizor|94\/100\n|\n|t:|1623518143\n|switch|p1a: School Days|Moltres|100\/100|[from]move: U-turn\n|move|p2a: Scizor|U-turn|p1a: School Days\n|-resisted|p1a: School Days\n|-damage|p1a: School Days|95\/100\n|-status|p2a: Scizor|brn|[from] ability: Flame Body|[of] p1a: School Days\n|\n|t:|1623518150\n|switch|p2a: Primarina|Primarina, M|100\/100|[from]move: U-turn\n|\n|upkeep\n|turn|2\n|\n|t:|1623518159\n|move|p1a: School Days|U-turn|p2a: Primarina\n|-resisted|p2a: Primarina\n|-damage|p2a: Primarina|95\/100\n|\n|t:|1623518161\n|switch|p1a: DreamOfButterfly|Tapu Bulu|100\/100|[from]move: U-turn\n|-fieldstart|move: Grassy Terrain|[from] ability: Grassy Surge|[of] p1a: DreamOfButterfly\n|move|p2a: Primarina|Scald|p1a: DreamOfButterfly\n|-resisted|p1a: DreamOfButterfly\n|-damage|p1a: DreamOfButterfly|87\/100\n|-status|p1a: DreamOfButterfly|brn\n|\n|-heal|p1a: DreamOfButterfly|94\/100 brn|[from] Grassy Terrain\n|-heal|p1a: DreamOfButterfly|99\/100 brn|[from] item: Leftovers\n|-heal|p2a: Primarina|100\/100|[from] Grassy Terrain\n|-damage|p1a: DreamOfButterfly|94\/100 brn|[from] brn\n|upkeep\n|turn|3\n|j| UULT84z T\n|l| UULT84z T\n|\n|t:|1623518175\n|switch|p1a: Gate To Paradise|Jirachi|100\/100\n|switch|p2a: Moltres|Moltres|100\/100\n|\n|upkeep\n|turn|4\n|\n|t:|1623518181\n|switch|p1a: A Lone Prayer|Rotom-Wash|100\/100\n|move|p2a: Moltres|Toxic|p1a: A Lone Prayer\n|-status|p1a: A Lone Prayer|tox\n|\n|-damage|p1a: A Lone Prayer|95\/100 tox|[from] psn\n|upkeep\n|turn|5\n|\n|t:|1623518188\n|switch|p2a: Tangrowth|Tangrowth, F|100\/100\n|move|p1a: A Lone Prayer|Volt Switch|p2a: Tangrowth\n|-resisted|p2a: Tangrowth\n|-damage|p2a: Tangrowth|93\/100\n|\n|t:|1623518193\n|switch|p1a: Twisted Revenge|Buzzwole|100\/100|[from]move: Volt Switch\n|\n|-heal|p2a: Tangrowth|99\/100|[from] Grassy Terrain\n|upkeep\n|turn|6\n|\n|t:|1623518200\n|switch|p2a: Moltres|Moltres|100\/100\n|move|p1a: Twisted Revenge|Poison Jab|p2a: Moltres\n|-damage|p2a: Moltres|57\/100\n|-status|p1a: Twisted Revenge|brn|[from] ability: Flame Body|[of] p2a: Moltres\n|\n|-damage|p1a: Twisted Revenge|94\/100 brn|[from] brn\n|-fieldend|move: Grassy Terrain\n|upkeep\n|turn|7\n|\n|t:|1623518210\n|switch|p1a: Pandora|Zygarde-10%|100\/100\n|-ability|p1a: Pandora|Aura Break\n|move|p2a: Moltres|Roost|p2a: Moltres\n|-heal|p2a: Moltres|100\/100\n|-singleturn|p2a: Moltres|move: Roost\n|\n|upkeep\n|turn|8\n|\n|t:|1623518218\n|switch|p2a: Primarina|Primarina, M|100\/100\n|move|p1a: Pandora|Toxic|p2a: Primarina\n|-status|p2a: Primarina|tox\n|\n|-damage|p2a: Primarina|94\/100 tox|[from] psn\n|upkeep\n|turn|9\n|j| fushunha\n|\n|t:|1623518225\n|switch|p1a: DreamOfButterfly|Tapu Bulu|94\/100 brn\n|-fieldstart|move: Grassy Terrain|[from] ability: Grassy Surge|[of] p1a: DreamOfButterfly\n|move|p2a: Primarina|Draining Kiss|p1a: DreamOfButterfly\n|-damage|p1a: DreamOfButterfly|76\/100 brn\n|-heal|p2a: Primarina|100\/100 tox|[from] drain|[of] p1a: DreamOfButterfly\n|\n|-heal|p1a: DreamOfButterfly|82\/100 brn|[from] Grassy Terrain\n|-heal|p1a: DreamOfButterfly|88\/100 brn|[from] item: Leftovers\n|-damage|p2a: Primarina|88\/100 tox|[from] psn\n|-damage|p1a: DreamOfButterfly|82\/100 brn|[from] brn\n|upkeep\n|turn|10\n|\n|t:|1623518242\n|switch|p2a: Scizor|Scizor, F|94\/100 brn\n|move|p1a: DreamOfButterfly|Stone Edge|p2a: Scizor\n|-damage|p2a: Scizor|82\/100 brn\n|\n|-heal|p1a: DreamOfButterfly|88\/100 brn|[from] Grassy Terrain\n|-heal|p1a: DreamOfButterfly|94\/100 brn|[from] item: Leftovers\n|-heal|p2a: Scizor|89\/100 brn|[from] Grassy Terrain\n|-heal|p2a: Scizor|95\/100 brn|[from] item: Leftovers\n|-damage|p1a: DreamOfButterfly|88\/100 brn|[from] brn\n|-damage|p2a: Scizor|89\/100 brn|[from] brn\n|upkeep\n|turn|11\n|\n|t:|1623518253\n|switch|p1a: School Days|Moltres|95\/100\n|move|p2a: Scizor|U-turn|p1a: School Days\n|-resisted|p1a: School Days\n|-damage|p1a: School Days|92\/100\n|\n|t:|1623518272\n|switch|p2a: Thundurus|Thundurus-Therian, M|100\/100|[from]move: U-turn\n|\n|upkeep\n|turn|12\n|j| weuoizxcmn\n|\n|t:|1623518303\n|switch|p1a: Pandora|Zygarde-10%|100\/100\n|-ability|p1a: Pandora|Aura Break\n|move|p2a: Thundurus|Psychic|p1a: Pandora\n|-damage|p1a: Pandora|50\/100\n|\n|-heal|p1a: Pandora|56\/100|[from] Grassy Terrain\n|upkeep\n|turn|13\n|\n|t:|1623518310\n|move|p2a: Thundurus|Psychic|p1a: Pandora\n|-damage|p1a: Pandora|0 fnt\n|faint|p1a: Pandora\n|\n|-fieldend|move: Grassy Terrain\n|upkeep\n|\n|t:|1623518313\n|switch|p1a: Gate To Paradise|Jirachi|100\/100\n|turn|14\n|\n|t:|1623518320\n|switch|p2a: Moltres|Moltres|100\/100\n|move|p1a: Gate To Paradise|Stealth Rock|p2a: Moltres\n|-sidestart|p2: Jakkkkkka|move: Stealth Rock\n|\n|upkeep\n|turn|15\n|\n|t:|1623518326\n|move|p1a: Gate To Paradise|U-turn|p2a: Moltres\n|-resisted|p2a: Moltres\n|-damage|p2a: Moltres|96\/100\n|-status|p1a: Gate To Paradise|brn|[from] ability: Flame Body|[of] p2a: Moltres\n|\n|t:|1623518329\n|switch|p1a: A Lone Prayer|Rotom-Wash|95\/100 tox|[from]move: U-turn\n|move|p2a: Moltres|Flamethrower|p1a: A Lone Prayer\n|-resisted|p1a: A Lone Prayer\n|-damage|p1a: A Lone Prayer|74\/100 tox\n|\n|-heal|p1a: A Lone Prayer|80\/100 tox|[from] item: Leftovers\n|-damage|p1a: A Lone Prayer|74\/100 tox|[from] psn\n|upkeep\n|turn|16\n|\n|t:|1623518339\n|switch|p2a: Tangrowth|Tangrowth, F|100\/100\n|-damage|p2a: Tangrowth|88\/100|[from] Stealth Rock\n|move|p1a: A Lone Prayer|Nasty Plot|p1a: A Lone Prayer\n|-boost|p1a: A Lone Prayer|spa|2\n|\n|-heal|p1a: A Lone Prayer|80\/100 tox|[from] item: Leftovers\n|-damage|p1a: A Lone Prayer|68\/100 tox|[from] psn\n|upkeep\n|turn|17\n|\n|t:|1623518348\n|move|p1a: A Lone Prayer|Volt Switch|p2a: Tangrowth\n|-resisted|p2a: Tangrowth\n|-damage|p2a: Tangrowth|72\/100\n|\n|t:|1623518351\n|switch|p1a: School Days|Moltres|92\/100|[from]move: Volt Switch\n|move|p2a: Tangrowth|Giga Drain|p1a: School Days\n|-resisted|p1a: School Days\n|-damage|p1a: School Days|85\/100\n|-heal|p2a: Tangrowth|76\/100|[from] drain|[of] p1a: School Days\n|\n|upkeep\n|turn|18\n|\n|t:|1623518358\n|move|p1a: School Days|U-turn|p2a: Tangrowth\n|-supereffective|p2a: Tangrowth\n|-damage|p2a: Tangrowth|56\/100\n|\n|t:|1623518362\n|switch|p1a: Gate To Paradise|Jirachi|100\/100 brn|[from]move: U-turn\n|move|p2a: Tangrowth|Sludge Bomb|p1a: Gate To Paradise\n|-immune|p1a: Gate To Paradise\n|\n|-damage|p1a: Gate To Paradise|94\/100 brn|[from] brn\n|upkeep\n|turn|19\n|\n|t:|1623518371\n|move|p1a: Gate To Paradise|U-turn|p2a: Tangrowth\n|-supereffective|p2a: Tangrowth\n|-crit|p2a: Tangrowth\n|-damage|p2a: Tangrowth|39\/100\n|\n|t:|1623518373\n|switch|p1a: Twisted Revenge|Buzzwole|94\/100 brn|[from]move: U-turn\n|move|p2a: Tangrowth|Knock Off|p1a: Twisted Revenge\n|-resisted|p1a: Twisted Revenge\n|-damage|p1a: Twisted Revenge|86\/100 brn\n|-enditem|p1a: Twisted Revenge|Choice Band|[from] move: Knock Off|[of] p2a: Tangrowth\n|\n|-damage|p1a: Twisted Revenge|80\/100 brn|[from] brn\n|upkeep\n|turn|20\n|\n|t:|1623518382\n|switch|p2a: Scizor|Scizor, F|89\/100 brn\n|-damage|p2a: Scizor|76\/100 brn|[from] Stealth Rock\n|move|p1a: Twisted Revenge|Poison Jab|p2a: Scizor\n|-immune|p2a: Scizor\n|\n|-heal|p2a: Scizor|82\/100 brn|[from] item: Leftovers\n|-damage|p1a: Twisted Revenge|74\/100 brn|[from] brn\n|-damage|p2a: Scizor|76\/100 brn|[from] brn\n|upkeep\n|turn|21\n|\n|t:|1623518391\n|switch|p1a: School Days|Moltres|85\/100\n|move|p2a: Scizor|U-turn|p1a: School Days\n|-resisted|p1a: School Days\n|-damage|p1a: School Days|83\/100\n|\n|t:|1623518399\n|switch|p2a: Thundurus|Thundurus-Therian, M|100\/100|[from]move: U-turn\n|-damage|p2a: Thundurus|76\/100|[from] Stealth Rock\n|\n|upkeep\n|turn|22\n|\n|t:|1623518408\n|switch|p1a: Gate To Paradise|Jirachi|94\/100 brn\n|move|p2a: Thundurus|Volt Switch|p1a: Gate To Paradise\n|-damage|p1a: Gate To Paradise|61\/100 brn\n|\n|t:|1623518428\n|switch|p2a: Moltres|Moltres|96\/100|[from]move: Volt Switch\n|\n|-heal|p1a: Gate To Paradise|68\/100 brn|[from] item: Leftovers\n|-damage|p1a: Gate To Paradise|61\/100 brn|[from] brn\n|upkeep\n|turn|23\n|\n|t:|1623518435\n|move|p1a: Gate To Paradise|Body Slam|p2a: Moltres\n|-damage|p2a: Moltres|87\/100\n|-status|p2a: Moltres|par\n|cant|p2a: Moltres|par\n|\n|-heal|p1a: Gate To Paradise|68\/100 brn|[from] item: Leftovers\n|-damage|p1a: Gate To Paradise|61\/100 brn|[from] brn\n|upkeep\n|turn|24\n|\n|t:|1623518444\n|move|p1a: Gate To Paradise|U-turn|p2a: Moltres\n|-resisted|p2a: Moltres\n|-crit|p2a: Moltres\n|-damage|p2a: Moltres|84\/100 par\n|\n|t:|1623518446\n|switch|p1a: DreamOfButterfly|Tapu Bulu|88\/100 brn|[from]move: U-turn\n|-fieldstart|move: Grassy Terrain|[from] ability: Grassy Surge|[of] p1a: DreamOfButterfly\n|move|p2a: Moltres|Flamethrower|p1a: DreamOfButterfly\n|-supereffective|p1a: DreamOfButterfly\n|-damage|p1a: DreamOfButterfly|25\/100 brn\n|\n|-heal|p1a: DreamOfButterfly|31\/100 brn|[from] Grassy Terrain\n|-heal|p1a: DreamOfButterfly|37\/100 brn|[from] item: Leftovers\n|-damage|p1a: DreamOfButterfly|31\/100 brn|[from] brn\n|upkeep\n|turn|25\n|\n|t:|1623518457\n|switch|p1a: School Days|Moltres|83\/100\n|move|p2a: Moltres|Flamethrower|p1a: School Days\n|-resisted|p1a: School Days\n|-damage|p1a: School Days|63\/100\n|\n|upkeep\n|turn|26\n|\n|t:|1623518463\n|move|p1a: School Days|U-turn|p2a: Moltres\n|-resisted|p2a: Moltres\n|-damage|p2a: Moltres|81\/100 par\n|\n|t:|1623518465\n|switch|p1a: A Lone Prayer|Rotom-Wash|68\/100 tox|[from]move: U-turn\n|move|p2a: Moltres|Toxic|p1a: A Lone Prayer\n|-fail|p1a: A Lone Prayer|tox\n|\n|-heal|p1a: A Lone Prayer|74\/100 tox|[from] item: Leftovers\n|-damage|p1a: A Lone Prayer|68\/100 tox|[from] psn\n|upkeep\n|turn|27\n|\n|t:|1623518474\n|switch|p2a: Thundurus|Thundurus-Therian, M|76\/100\n|-damage|p2a: Thundurus|51\/100|[from] Stealth Rock\n|move|p1a: A Lone Prayer|Volt Switch|p2a: Thundurus\n|-heal|p2a: Thundurus|76\/100|[from] ability: Volt Absorb|[of] p1a: A Lone Prayer\n|\n|-heal|p1a: A Lone Prayer|74\/100 tox|[from] item: Leftovers\n|-damage|p1a: A Lone Prayer|62\/100 tox|[from] psn\n|upkeep\n|turn|28\n|\n|t:|1623518487\n|switch|p1a: Gate To Paradise|Jirachi|61\/100 brn\n|move|p2a: Thundurus|Thunderbolt|p1a: Gate To Paradise\n|-crit|p1a: Gate To Paradise\n|-damage|p1a: Gate To Paradise|0 fnt\n|faint|p1a: Gate To Paradise\n|\n|-fieldend|move: Grassy Terrain\n|upkeep\n|\n|t:|1623518497\n|switch|p1a: DreamOfButterfly|Tapu Bulu|31\/100 brn\n|-fieldstart|move: Grassy Terrain|[from] ability: Grassy Surge|[of] p1a: DreamOfButterfly\n|turn|29\n|\n|t:|1623518503\n|move|p2a: Thundurus|Thunderbolt|p1a: DreamOfButterfly\n|-resisted|p1a: DreamOfButterfly\n|-damage|p1a: DreamOfButterfly|11\/100 brn\n|move|p1a: DreamOfButterfly|Stone Edge|p2a: Thundurus\n|-supereffective|p2a: Thundurus\n|-damage|p2a: Thundurus|33\/100\n|\n|-heal|p1a: DreamOfButterfly|17\/100 brn|[from] Grassy Terrain\n|-heal|p1a: DreamOfButterfly|23\/100 brn|[from] item: Leftovers\n|-damage|p1a: DreamOfButterfly|17\/100 brn|[from] brn\n|upkeep\n|turn|30\n|\n|t:|1623518519\n|move|p2a: Thundurus|Thunderbolt|p1a: DreamOfButterfly\n|-resisted|p1a: DreamOfButterfly\n|-damage|p1a: DreamOfButterfly|0 fnt\n|faint|p1a: DreamOfButterfly\n|\n|upkeep\n|\n|t:|1623518522\n|switch|p1a: A Lone Prayer|Rotom-Wash|62\/100 tox\n|turn|31\n|\n|t:|1623518531\n|switch|p2a: Tangrowth|Tangrowth, F|72\/100\n|-damage|p2a: Tangrowth|60\/100|[from] Stealth Rock\n|move|p1a: A Lone Prayer|Hydro Pump|p2a: Tangrowth\n|-resisted|p2a: Tangrowth\n|-damage|p2a: Tangrowth|48\/100\n|\n|-heal|p1a: A Lone Prayer|68\/100 tox|[from] item: Leftovers\n|-heal|p2a: Tangrowth|54\/100|[from] Grassy Terrain\n|-damage|p1a: A Lone Prayer|62\/100 tox|[from] psn\n|upkeep\n|turn|32\n|inactive|UULT84z G14 has 120 seconds left.\n|\n|t:|1623518574\n|switch|p2a: Thundurus|Thundurus-Therian, M|33\/100\n|-damage|p2a: Thundurus|8\/100|[from] Stealth Rock\n|move|p1a: A Lone Prayer|Volt Switch|p2a: Thundurus\n|-heal|p2a: Thundurus|33\/100|[from] ability: Volt Absorb|[of] p1a: A Lone Prayer\n|\n|-heal|p1a: A Lone Prayer|68\/100 tox|[from] item: Leftovers\n|-damage|p1a: A Lone Prayer|56\/100 tox|[from] psn\n|upkeep\n|turn|33\n|\n|t:|1623518583\n|move|p2a: Thundurus|Volt Switch|p1a: A Lone Prayer\n|-crit|p1a: A Lone Prayer\n|-damage|p1a: A Lone Prayer|0 fnt\n|faint|p1a: A Lone Prayer\n|-message|UULT84z G14 forfeited.\n|\n|win|Jakkkkkka\n|raw|UULT84z G14's rating: 1536 &rarr; <strong>1512<\/strong><br \/>(-24 for losing)\n|raw|Jakkkkkka's rating: 1472 &rarr; <strong>1496<\/strong><br \/>(+24 for winning)\n|l|\u2606UULT84z G14\n|j| jeza.p\n|l| jeza.p\n|j| wyn\n|l| fushunha\n|l| wyn\n|j| fushunha\n|l| fushunha\n","uploadtime":1623518725,"views":12,"p1id":"uult84zg14","p2id":"jakkkkkka","formatid":"gen8uu","rating":1496,"private":0,"password":null}