{"id":"gen8nationaldex-1460694367","p1":"Alu9204","p2":"ShadeDoll","format":"gen8nationaldex","log":"|j|\u2606Alu9204\n|j|\u2606ShadeDoll\n|t:|1637832142\n|gametype|singles\n|player|p1|Alu9204|burglar|1462\n|player|p2|ShadeDoll|giovanni|1391\n|teamsize|p1|6\n|teamsize|p2|6\n|gen|8\n|tier|[Gen 8] National Dex\n|rated|\n|rule|HP Percentage Mod: HP is shown in percentages\n|rule|Endless Battle Clause: Forcing endless battles is banned\n|rule|OHKO Clause: OHKO moves are banned\n|rule|Evasion Moves Clause: Evasion moves are banned\n|rule|Species Clause: Limit one of each Pok\u00e9mon\n|rule|Dynamax Clause: You cannot dynamax\n|rule|Sleep Clause Mod: Limit one foe put to sleep\n|clearpoke\n|poke|p1|Breloom, M|\n|poke|p1|Landorus-Therian, M|\n|poke|p1|Weavile, F|\n|poke|p1|Corviknight, F|\n|poke|p1|Zapdos-Galar|\n|poke|p1|Latios, M|\n|poke|p2|Aegislash, M|\n|poke|p2|Chandelure, F|\n|poke|p2|Banette, M|\n|poke|p2|Mimikyu, M|\n|poke|p2|Gengar, M|\n|poke|p2|Porygon-Z|\n|teampreview\n|inactive|Battle timer is ON: inactive players will automatically lose when time's up. (requested by Alu9204)\n|\n|t:|1637832157\n|start\n|switch|p1a: Breloom|Breloom, M|100\/100\n|switch|p2a: Frog Arsonist|Chandelure, F, shiny|100\/100\n|turn|1\n|\n|t:|1637832164\n|move|p2a: Frog Arsonist|Overheat|p1a: Breloom\n|-supereffective|p1a: Breloom\n|-enditem|p1a: Breloom|Focus Sash\n|-damage|p1a: Breloom|1\/100\n|-unboost|p2a: Frog Arsonist|spa|2\n|move|p1a: Breloom|Spore|p2a: Frog Arsonist\n|-status|p2a: Frog Arsonist|slp|[from] move: Spore\n|\n|upkeep\n|turn|2\n|\n|t:|1637832177\n|cant|p2a: Frog Arsonist|slp\n|move|p1a: Breloom|Rock Tomb|p2a: Frog Arsonist\n|-supereffective|p2a: Frog Arsonist\n|-damage|p2a: Frog Arsonist|12\/100 slp\n|-unboost|p2a: Frog Arsonist|spe|1\n|\n|upkeep\n|turn|3\n|\n|t:|1637832188\n|switch|p2a: Knight in Rag|Mimikyu, M, shiny|100\/100\n|move|p1a: Breloom|Rock Tomb|p2a: Knight in Rag\n|-activate|p2a: Knight in Rag|ability: Disguise\n|-damage|p2a: Knight in Rag|100\/100\n|-unboost|p2a: Knight in Rag|spe|1\n|detailschange|p2a: Knight in Rag|Mimikyu-Busted, M, shiny\n|-damage|p2a: Knight in Rag|88\/100|[from] pokemon: Mimikyu-Busted\n|\n|upkeep\n|turn|4\n|\n|t:|1637832197\n|switch|p1a: Landorus|Landorus-Therian, M|100\/100\n|-ability|p1a: Landorus|Intimidate|boost\n|-unboost|p2a: Knight in Rag|atk|1\n|move|p2a: Knight in Rag|Shadow Sneak|p1a: Landorus\n|-damage|p1a: Landorus|91\/100\n|\n|-heal|p1a: Landorus|97\/100|[from] item: Leftovers\n|upkeep\n|turn|5\n|\n|t:|1637832202\n|switch|p2a: Deproblemator|Banette, M|100\/100\n|-item|p1a: Landorus|Leftovers|[from] ability: Frisk|[of] p2a: Deproblemator|[identify]\n|move|p1a: Landorus|Stealth Rock|p2a: Deproblemator\n|-sidestart|p2: ShadeDoll|move: Stealth Rock\n|\n|-heal|p1a: Landorus|100\/100|[from] item: Leftovers\n|upkeep\n|turn|6\n|\n|t:|1637832210\n|detailschange|p2a: Deproblemator|Banette-Mega, M\n|-mega|p2a: Deproblemator|Banette|Banettite\n|move|p2a: Deproblemator|Taunt|p1a: Landorus\n|-start|p1a: Landorus|move: Taunt\n|cant|p1a: Landorus|move: Taunt|Toxic\n|\n|upkeep\n|turn|7\n|\n|t:|1637832218\n|move|p2a: Deproblemator|Shadow Sneak|p1a: Landorus\n|-damage|p1a: Landorus|80\/100\n|move|p1a: Landorus|U-turn|p2a: Deproblemator\n|-resisted|p2a: Deproblemator\n|-damage|p2a: Deproblemator|84\/100\n|\n|t:|1637832223\n|switch|p1a: Weavile|Weavile, F|100\/100|[from]move: U-turn\n|-ability|p1a: Weavile|Pressure\n|\n|upkeep\n|turn|8\n|\n|t:|1637832230\n|move|p2a: Deproblemator|Destiny Bond|p2a: Deproblemator\n|-singlemove|p2a: Deproblemator|Destiny Bond\n|move|p1a: Weavile|Knock Off|p2a: Deproblemator\n|-supereffective|p2a: Deproblemator\n|-damage|p2a: Deproblemator|2\/100\n|\n|upkeep\n|turn|9\n|\n|t:|1637832236\n|switch|p1a: Breloom|Breloom, M|1\/100\n|move|p2a: Deproblemator|Infestation|p1a: Breloom\n|-damage|p1a: Breloom|0 fnt\n|faint|p1a: Breloom\n|\n|upkeep\n|\n|t:|1637832246\n|switch|p1a: Weavile|Weavile, F|100\/100\n|-ability|p1a: Weavile|Pressure\n|turn|10\n|\n|t:|1637832250\n|move|p1a: Weavile|Ice Shard|p2a: Deproblemator\n|-damage|p2a: Deproblemator|0 fnt\n|faint|p2a: Deproblemator\n|\n|upkeep\n|\n|t:|1637832254\n|switch|p2a: Sword n' Shield|Aegislash, M, shiny|100\/100\n|-damage|p2a: Sword n' Shield|94\/100|[from] Stealth Rock\n|-item|p2a: Sword n' Shield|Air Balloon\n|turn|11\n|\n|t:|1637832267\n|move|p2a: Sword n' Shield|King's Shield|p2a: Sword n' Shield\n|-singleturn|p2a: Sword n' Shield|Protect\n|move|p1a: Weavile|Swords Dance|p1a: Weavile\n|-boost|p1a: Weavile|atk|2\n|\n|upkeep\n|turn|12\n|\n|t:|1637832273\n|switch|p2a: Frog Arsonist|Chandelure, F, shiny|12\/100 slp\n|-damage|p2a: Frog Arsonist|0 fnt|[from] Stealth Rock\n|faint|p2a: Frog Arsonist\n|move|p1a: Weavile|Knock Off|p2: Frog Arsonist|[notarget]\n|-fail|p1a: Weavile\n|\n|upkeep\n|\n|t:|1637832284\n|switch|p2a: Knight in Rag|Mimikyu-Busted, M, shiny|88\/100\n|-damage|p2a: Knight in Rag|76\/100|[from] Stealth Rock\n|turn|13\n|\n|t:|1637832289\n|move|p1a: Weavile|Triple Axel|p2a: Knight in Rag|[miss]\n|-miss|p1a: Weavile|p2a: Knight in Rag\n|move|p2a: Knight in Rag|Drain Punch|p1a: Weavile\n|-supereffective|p1a: Weavile\n|-damage|p1a: Weavile|0 fnt\n|-heal|p2a: Knight in Rag|100\/100|[from] drain|[of] p1a: Weavile\n|faint|p1a: Weavile\n|\n|upkeep\n|\n|t:|1637832293\n|switch|p1a: Zapdos|Zapdos-Galar|100\/100\n|turn|14\n|\n|t:|1637832302\n|move|p1a: Zapdos|Brave Bird|p2a: Knight in Rag\n|-damage|p2a: Knight in Rag|0 fnt\n|faint|p2a: Knight in Rag\n|-damage|p1a: Zapdos|75\/100|[from] Recoil\n|\n|upkeep\n|\n|t:|1637832307\n|switch|p2a: Sword n' Shield|Aegislash, M, shiny|94\/100\n|-damage|p2a: Sword n' Shield|88\/100|[from] Stealth Rock\n|-item|p2a: Sword n' Shield|Air Balloon\n|turn|15\n|\n|t:|1637832319\n|switch|p1a: Corviknight|Corviknight, F|100\/100\n|-ability|p1a: Corviknight|Pressure\n|move|p2a: Sword n' Shield|King's Shield||[still]\n|-fail|p2a: Sword n' Shield\n|\n|upkeep\n|turn|16\n|\n|t:|1637832329\n|move|p1a: Corviknight|U-turn|p2a: Sword n' Shield\n|-resisted|p2a: Sword n' Shield\n|-damage|p2a: Sword n' Shield|86\/100\n|-enditem|p2a: Sword n' Shield|Air Balloon\n|\n|t:|1637832335\n|switch|p1a: Landorus|Landorus-Therian, M|80\/100|[from]move: U-turn\n|-ability|p1a: Landorus|Intimidate|boost\n|-unboost|p2a: Sword n' Shield|atk|1\n|move|p2a: Sword n' Shield|Swords Dance|p2a: Sword n' Shield\n|-boost|p2a: Sword n' Shield|atk|2\n|\n|-heal|p1a: Landorus|86\/100|[from] item: Leftovers\n|upkeep\n|turn|17\n|\n|t:|1637832351\n|move|p2a: Sword n' Shield|King's Shield|p2a: Sword n' Shield\n|-singleturn|p2a: Sword n' Shield|Protect\n|move|p1a: Landorus|Earthquake|p2a: Sword n' Shield\n|-activate|p2a: Sword n' Shield|move: Protect\n|\n|-heal|p1a: Landorus|92\/100|[from] item: Leftovers\n|upkeep\n|turn|18\n|\n|t:|1637832356\n|move|p1a: Landorus|Earthquake|p2a: Sword n' Shield\n|-supereffective|p2a: Sword n' Shield\n|-damage|p2a: Sword n' Shield|4\/100\n|-formechange|p2a: Sword n' Shield|Aegislash-Blade||[from] ability: Stance Change\n|move|p2a: Sword n' Shield|Sacred Sword|p1a: Landorus\n|-resisted|p1a: Landorus\n|-damage|p1a: Landorus|72\/100\n|\n|-heal|p1a: Landorus|78\/100|[from] item: Leftovers\n|upkeep\n|turn|19\n|\n|t:|1637832367\n|move|p2a: Sword n' Shield|Shadow Sneak|p1a: Landorus\n|-damage|p1a: Landorus|47\/100\n|move|p1a: Landorus|Earthquake|p2a: Sword n' Shield\n|-supereffective|p2a: Sword n' Shield\n|-damage|p2a: Sword n' Shield|0 fnt\n|faint|p2a: Sword n' Shield\n|\n|-heal|p1a: Landorus|53\/100|[from] item: Leftovers\n|upkeep\n|\n|t:|1637832370\n|switch|p2a: The Power of Z|Porygon-Z, shiny|100\/100\n|-damage|p2a: The Power of Z|88\/100|[from] Stealth Rock\n|turn|20\n|\n|t:|1637832396\n|-zpower|p2a: The Power of Z\n|move|p2a: The Power of Z|Z-Conversion|p2a: The Power of Z|[anim]Conversion\n|-boost|p2a: The Power of Z|atk|1|[zeffect]\n|-boost|p2a: The Power of Z|def|1|[zeffect]\n|-boost|p2a: The Power of Z|spa|1|[zeffect]\n|-boost|p2a: The Power of Z|spd|1|[zeffect]\n|-boost|p2a: The Power of Z|spe|1|[zeffect]\n|-start|p2a: The Power of Z|typechange|Ghost\n|move|p1a: Landorus|Toxic|p2a: The Power of Z\n|-status|p2a: The Power of Z|tox\n|\n|-heal|p1a: Landorus|59\/100|[from] item: Leftovers\n|-damage|p2a: The Power of Z|82\/100 tox|[from] psn\n|upkeep\n|turn|21\n|\n|t:|1637832419\n|switch|p1a: Corviknight|Corviknight, F|100\/100\n|-ability|p1a: Corviknight|Pressure\n|move|p2a: The Power of Z|Shadow Ball|p1a: Corviknight\n|-damage|p1a: Corviknight|44\/100\n|\n|-damage|p2a: The Power of Z|70\/100 tox|[from] psn\n|upkeep\n|turn|22\n|\n|t:|1637832430\n|move|p2a: The Power of Z|Shadow Ball|p1a: Corviknight\n|-damage|p1a: Corviknight|0 fnt\n|faint|p1a: Corviknight\n|\n|-damage|p2a: The Power of Z|52\/100 tox|[from] psn\n|upkeep\n|\n|t:|1637832443\n|switch|p1a: Zapdos|Zapdos-Galar|75\/100\n|turn|23\n|\n|t:|1637832447\n|move|p2a: The Power of Z|Shadow Ball|p1a: Zapdos\n|-damage|p1a: Zapdos|0 fnt\n|faint|p1a: Zapdos\n|\n|-damage|p2a: The Power of Z|27\/100 tox|[from] psn\n|upkeep\n|\n|t:|1637832459\n|switch|p1a: Landorus|Landorus-Therian, M|59\/100\n|-ability|p1a: Landorus|Intimidate|boost\n|-unboost|p2a: The Power of Z|atk|1\n|turn|24\n|\n|t:|1637832464\n|move|p2a: The Power of Z|Shadow Ball|p1a: Landorus\n|-damage|p1a: Landorus|0 fnt\n|faint|p1a: Landorus\n|\n|-damage|p2a: The Power of Z|0 fnt|[from] psn\n|faint|p2a: The Power of Z\n|upkeep\n|\n|t:|1637832472\n|switch|p2a: Fatall|Gengar, M, shiny|100\/100\n|switch|p1a: Latios|Latios, M|100\/100\n|-damage|p2a: Fatall|88\/100|[from] Stealth Rock\n|turn|25\n|\n|t:|1637832480\n|detailschange|p1a: Latios|Latios-Mega, M\n|-mega|p1a: Latios|Latios|Latiosite\n|move|p2a: Fatall|Shadow Ball|p1a: Latios\n|-supereffective|p1a: Latios\n|-damage|p1a: Latios|0 fnt\n|faint|p1a: Latios\n|-damage|p2a: Fatall|78\/100|[from] item: Life Orb\n|\n|win|ShadeDoll\n|raw|Alu9204's rating: 1462 &rarr; <strong>1438<\/strong><br \/>(-24 for losing)\n|raw|ShadeDoll's rating: 1391 &rarr; <strong>1415<\/strong><br \/>(+24 for winning)\n|c|\u2606ShadeDoll|gg\n|l|\u2606ShadeDoll\n|j|\u2606ShadeDoll\n|player|p2|ShadeDoll|giovanni\n||Ladder isn't responding, score probably updated but might not have (Request timeout).\n","uploadtime":1637832519,"views":9,"p1id":"alu9204","p2id":"shadedoll","formatid":"gen8nationaldex","rating":1415,"private":0,"password":null}