{"id":"gen8nationaldex-1641374088","p1":"FleetFoxxx","p2":"Frosti Plays","format":"gen8nationaldex","log":"|j|\u2606FleetFoxxx\n|j|\u2606Frosti Plays\n|t:|1660697867\n|gametype|singles\n|player|p1|FleetFoxxx|flannery|\n|player|p2|Frosti Plays|veteran|\n|teamsize|p1|6\n|teamsize|p2|6\n|gen|8\n|tier|[Gen 8] National Dex\n|rule|HP Percentage Mod: HP is shown in percentages\n|rule|Endless Battle Clause: Forcing endless battles is banned\n|rule|OHKO Clause: OHKO moves are banned\n|rule|Evasion Moves Clause: Evasion moves are banned\n|rule|Species Clause: Limit one of each Pok\u00e9mon\n|rule|Dynamax Clause: You cannot dynamax\n|rule|Sleep Clause Mod: Limit one foe put to sleep\n|clearpoke\n|poke|p1|Bisharp, M|\n|poke|p1|Banette, F|\n|poke|p1|Galvantula, M|\n|poke|p1|Whimsicott, F|\n|poke|p1|Togetic, F|\n|poke|p1|Runerigus, M|\n|poke|p2|Vaporeon, F|\n|poke|p2|Rotom-Mow|\n|poke|p2|Metagross|\n|poke|p2|Silvally-*|\n|poke|p2|Tyrantrum, F|\n|poke|p2|Togetic, F|\n|teampreview\n|c|\u2606Frosti Plays|glhf!\n|c|\u2606FleetFoxxx|gl hf c:\n|j|+111ace111\n|\n|t:|1660697895\n|start\n|switch|p1a: Galvantula|Galvantula, M|100\/100\n|switch|p2a: Gligamesh|Tyrantrum, F|100\/100\n|turn|1\n|j| deathbypudding\n|\n|t:|1660697902\n|switch|p1a: Runerigus|Runerigus, M|100\/100\n|move|p2a: Gligamesh|Head Smash|p1a: Runerigus\n|-resisted|p1a: Runerigus\n|-damage|p1a: Runerigus|79\/100\n|-activate|p1a: Runerigus|ability: Wandering Spirit|Rock Head|Wandering Spirit|[of] p2a: Gligamesh\n|-damage|p2a: Gligamesh|89\/100|[from] Recoil\n|\n|-heal|p1a: Runerigus|85\/100|[from] item: Leftovers\n|upkeep\n|turn|2\n|\n|t:|1660697913\n|switch|p2a: Dr. Eggman|Togetic, F, shiny|100\/100\n|move|p1a: Runerigus|Stealth Rock|p2a: Dr. Eggman\n|-sidestart|p2: Frosti Plays|move: Stealth Rock\n|\n|-heal|p1a: Runerigus|91\/100|[from] item: Leftovers\n|upkeep\n|turn|3\n|\n|t:|1660697921\n|switch|p1a: Galvantula|Galvantula, M|100\/100\n|move|p2a: Dr. Eggman|Defog|p1a: Galvantula\n|-unboost|p1a: Galvantula|evasion|1\n|-sideend|p2: Frosti Plays|Stealth Rock|[from] move: Defog|[of] p2a: Dr. Eggman\n|\n|upkeep\n|turn|4\n|\n|t:|1660697938\n|move|p1a: Galvantula|Thunder|p2a: Dr. Eggman\n|-supereffective|p2a: Dr. Eggman\n|-damage|p2a: Dr. Eggman|52\/100\n|move|p2a: Dr. Eggman|Flamethrower|p1a: Galvantula\n|-supereffective|p1a: Galvantula\n|-crit|p1a: Galvantula\n|-damage|p1a: Galvantula|7\/100\n|\n|upkeep\n|turn|5\n|j| blissymaster\n|\n|t:|1660697950\n|move|p1a: Galvantula|Volt Switch|p2a: Dr. Eggman\n|-supereffective|p2a: Dr. Eggman\n|-damage|p2a: Dr. Eggman|23\/100\n|\n|t:|1660697954\n|switch|p1a: Banette|Banette, F|100\/100|[from]move: Volt Switch\n|move|p2a: Dr. Eggman|Roost|p2a: Dr. Eggman\n|-heal|p2a: Dr. Eggman|73\/100\n|-singleturn|p2a: Dr. Eggman|move: Roost\n|\n|upkeep\n|turn|6\n|j| Charkhil\n|c| deathbypudding|pfffff\n|\n|t:|1660697981\n|switch|p2a: Nox|Silvally-Dark|100\/100\n|detailschange|p1a: Banette|Banette-Mega, F\n|-mega|p1a: Banette|Banette|Banettite\n|move|p1a: Banette|Gunk Shot|p2a: Nox\n|-damage|p2a: Nox|60\/100\n|-status|p2a: Nox|psn\n|\n|-damage|p2a: Nox|48\/100 psn|[from] psn\n|upkeep\n|turn|7\n|j| sh0shin\n|\n|t:|1660698057\n|switch|p2a: Aqualad|Vaporeon, F|100\/100\n|switch|p1a: Togetic|Togetic, F|100\/100\n|\n|upkeep\n|turn|8\n|\n|t:|1660698066\n|switch|p2a: Watson|Metagross, shiny|100\/100\n|move|p1a: Togetic|Toxic|p2a: Watson\n|-immune|p2a: Watson\n|\n|upkeep\n|turn|9\n|j| yes munchlax\n|\n|t:|1660698086\n|switch|p1a: Runerigus|Runerigus, M|91\/100\n|move|p2a: Watson|Stealth Rock|p1a: Runerigus\n|-sidestart|p1: FleetFoxxx|move: Stealth Rock\n|\n|-heal|p1a: Runerigus|97\/100|[from] item: Leftovers\n|upkeep\n|turn|10\n|l| yes munchlax\n|\n|t:|1660698095\n|switch|p2a: Dr. Eggman|Togetic, F, shiny|73\/100\n|move|p1a: Runerigus|Stealth Rock|p2a: Dr. Eggman\n|-sidestart|p2: Frosti Plays|move: Stealth Rock\n|\n|-heal|p1a: Runerigus|100\/100|[from] item: Leftovers\n|upkeep\n|turn|11\n|\n|t:|1660698103\n|switch|p1a: Banette|Banette-Mega, F|100\/100\n|-damage|p1a: Banette|88\/100|[from] Stealth Rock\n|move|p2a: Dr. Eggman|Defog|p1a: Banette\n|-unboost|p1a: Banette|evasion|1\n|-sideend|p1: FleetFoxxx|Stealth Rock|[from] move: Defog|[of] p2a: Dr. Eggman\n|-sideend|p2: Frosti Plays|Stealth Rock|[from] move: Defog|[of] p2a: Dr. Eggman\n|\n|upkeep\n|turn|12\n|\n|t:|1660698156\n|switch|p2a: Aqualad|Vaporeon, F|100\/100\n|move|p1a: Banette|Shadow Claw|p2a: Aqualad\n|-damage|p2a: Aqualad|68\/100\n|\n|-heal|p2a: Aqualad|74\/100|[from] item: Leftovers\n|upkeep\n|turn|13\n|\n|t:|1660698170\n|switch|p1a: Whimsicott|Whimsicott, F|100\/100\n|move|p2a: Aqualad|Heal Bell|p2a: Aqualad\n|-activate|p2a: Aqualad|move: Heal Bell\n|-curestatus|p2: Nox|psn|[msg]\n|\n|-heal|p2a: Aqualad|81\/100|[from] item: Leftovers\n|upkeep\n|turn|14\n|\n|t:|1660698178\n|switch|p2a: Watson|Metagross, shiny|100\/100\n|move|p1a: Whimsicott|Leech Seed|p2a: Watson\n|-start|p2a: Watson|move: Leech Seed\n|\n|-damage|p2a: Watson|88\/100|[from] Leech Seed|[of] p1a: Whimsicott\n|upkeep\n|turn|15\n|\n|t:|1660698193\n|switch|p1a: Runerigus|Runerigus, M|100\/100\n|switch|p2a: Aqualad|Vaporeon, F|81\/100\n|\n|-heal|p2a: Aqualad|87\/100|[from] item: Leftovers\n|upkeep\n|turn|16\n|\n|t:|1660698201\n|switch|p1a: Whimsicott|Whimsicott, F|100\/100\n|move|p2a: Aqualad|Wish|p2a: Aqualad\n|\n|-heal|p2a: Aqualad|93\/100|[from] item: Leftovers\n|upkeep\n|turn|17\n|j| Bugsileus\n|\n|t:|1660698212\n|switch|p2a: Dr. Eggman|Togetic, F, shiny|73\/100\n|move|p1a: Whimsicott|Leech Seed|p2a: Dr. Eggman\n|-start|p2a: Dr. Eggman|move: Leech Seed\n|\n|-heal|p2a: Dr. Eggman|100\/100|[from] move: Wish|[wisher] Aqualad\n|-damage|p2a: Dr. Eggman|88\/100|[from] Leech Seed|[of] p1a: Whimsicott\n|upkeep\n|turn|18\n|\n|t:|1660698225\n|switch|p1a: Banette|Banette-Mega, F|88\/100\n|move|p2a: Dr. Eggman|Flamethrower|p1a: Banette\n|-damage|p1a: Banette|69\/100\n|\n|-damage|p2a: Dr. Eggman|76\/100|[from] Leech Seed|[of] p1a: Banette\n|-heal|p1a: Banette|80\/100|[silent]\n|upkeep\n|turn|19\n|\n|t:|1660698235\n|switch|p2a: Aqualad|Vaporeon, F|93\/100\n|move|p1a: Banette|Shadow Claw|p2a: Aqualad\n|-damage|p2a: Aqualad|61\/100\n|\n|-heal|p2a: Aqualad|67\/100|[from] item: Leftovers\n|upkeep\n|turn|20\n|\n|t:|1660698258\n|move|p1a: Banette|Shadow Claw|p2a: Aqualad\n|-damage|p2a: Aqualad|34\/100\n|move|p2a: Aqualad|Wish|p2a: Aqualad\n|\n|-heal|p2a: Aqualad|40\/100|[from] item: Leftovers\n|upkeep\n|turn|21\n|\n|t:|1660698283\n|switch|p1a: Galvantula|Galvantula, M|7\/100\n|move|p2a: Aqualad|Scald|p1a: Galvantula\n|-damage|p1a: Galvantula|0 fnt\n|faint|p1a: Galvantula\n|\n|-heal|p2a: Aqualad|90\/100|[from] move: Wish|[wisher] Aqualad\n|-heal|p2a: Aqualad|96\/100|[from] item: Leftovers\n|upkeep\n|\n|t:|1660698290\n|switch|p1a: Bisharp|Bisharp, M|100\/100\n|turn|22\n|\n|t:|1660698319\n|move|p2a: Aqualad|Protect|p2a: Aqualad\n|-singleturn|p2a: Aqualad|Protect\n|move|p1a: Bisharp|Swords Dance|p1a: Bisharp\n|-boost|p1a: Bisharp|atk|2\n|\n|-heal|p2a: Aqualad|100\/100|[from] item: Leftovers\n|upkeep\n|turn|23\n|\n|t:|1660698342\n|move|p1a: Bisharp|Knock Off|p2a: Aqualad\n|-damage|p2a: Aqualad|0 fnt\n|-enditem|p2a: Aqualad|Leftovers|[from] move: Knock Off|[of] p1a: Bisharp\n|faint|p2a: Aqualad\n|-damage|p1a: Bisharp|91\/100|[from] item: Life Orb\n|\n|upkeep\n|\n|t:|1660698416\n|switch|p2a: Nox|Silvally-Dark|48\/100\n|turn|24\n|\n|t:|1660698426\n|switch|p1a: Togetic|Togetic, F|100\/100\n|move|p2a: Nox|Flamethrower|p1a: Togetic\n|-damage|p1a: Togetic|87\/100\n|\n|upkeep\n|turn|25\n|l| Bugsileus\n|\n|t:|1660698441\n|switch|p2a: Watson|Metagross, shiny|88\/100\n|move|p1a: Togetic|Flamethrower|p2a: Watson\n|-supereffective|p2a: Watson\n|-damage|p2a: Watson|54\/100\n|\n|-heal|p2a: Watson|60\/100|[from] item: Leftovers\n|upkeep\n|turn|26\n|\n|t:|1660698463\n|switch|p1a: Runerigus|Runerigus, M|100\/100\n|move|p2a: Watson|Meteor Mash|p1a: Runerigus\n|-damage|p1a: Runerigus|71\/100\n|-activate|p1a: Runerigus|ability: Wandering Spirit|Clear Body|Wandering Spirit|[of] p2a: Watson\n|\n|-heal|p2a: Watson|66\/100|[from] item: Leftovers\n|-heal|p1a: Runerigus|78\/100|[from] item: Leftovers\n|upkeep\n|turn|27\n|\n|t:|1660698474\n|switch|p2a: Nox|Silvally-Dark|48\/100\n|move|p1a: Runerigus|Poltergeist|p2a: Nox\n|-activate|p2a: Nox|move: Poltergeist|Dark Memory\n|-resisted|p2a: Nox\n|-crit|p2a: Nox\n|-damage|p2a: Nox|27\/100\n|\n|-heal|p1a: Runerigus|84\/100|[from] item: Leftovers\n|upkeep\n|turn|28\n|\n|t:|1660698505\n|switch|p2a: Dr. Eggman|Togetic, F, shiny|76\/100\n|move|p1a: Runerigus|Body Press|p2a: Dr. Eggman\n|-resisted|p2a: Dr. Eggman\n|-damage|p2a: Dr. Eggman|69\/100\n|\n|-heal|p1a: Runerigus|90\/100|[from] item: Leftovers\n|upkeep\n|turn|29\n|\n|t:|1660698522\n|move|p2a: Dr. Eggman|Flamethrower|p1a: Runerigus\n|-damage|p1a: Runerigus|73\/100\n|move|p1a: Runerigus|Will-O-Wisp|p2a: Dr. Eggman\n|-status|p2a: Dr. Eggman|brn\n|\n|-heal|p1a: Runerigus|79\/100|[from] item: Leftovers\n|-damage|p2a: Dr. Eggman|63\/100 brn|[from] brn\n|upkeep\n|turn|30\n|\n|t:|1660698533\n|move|p2a: Dr. Eggman|Flamethrower|p1a: Runerigus\n|-damage|p1a: Runerigus|63\/100\n|move|p1a: Runerigus|Stealth Rock|p2a: Dr. Eggman\n|-sidestart|p2: Frosti Plays|move: Stealth Rock\n|\n|-heal|p1a: Runerigus|69\/100|[from] item: Leftovers\n|-damage|p2a: Dr. Eggman|57\/100 brn|[from] brn\n|upkeep\n|turn|31\n|\n|t:|1660698543\n|move|p2a: Dr. Eggman|Defog|p1a: Runerigus\n|-fail|p1a: Runerigus|unboost|[from] ability: Clear Body|[of] p1a: Runerigus\n|-sideend|p2: Frosti Plays|Stealth Rock|[from] move: Defog|[of] p2a: Dr. Eggman\n|move|p1a: Runerigus|Poltergeist|p2a: Dr. Eggman|[miss]\n|-miss|p1a: Runerigus|p2a: Dr. Eggman\n|\n|-heal|p1a: Runerigus|75\/100|[from] item: Leftovers\n|-damage|p2a: Dr. Eggman|51\/100 brn|[from] brn\n|upkeep\n|turn|32\n|\n|t:|1660698553\n|move|p2a: Dr. Eggman|Roost|p2a: Dr. Eggman\n|-heal|p2a: Dr. Eggman|100\/100 brn\n|-singleturn|p2a: Dr. Eggman|move: Roost\n|move|p1a: Runerigus|Stealth Rock|p2a: Dr. Eggman\n|-sidestart|p2: Frosti Plays|move: Stealth Rock\n|\n|-heal|p1a: Runerigus|81\/100|[from] item: Leftovers\n|-damage|p2a: Dr. Eggman|94\/100 brn|[from] brn\n|upkeep\n|turn|33\n|\n|t:|1660698562\n|move|p2a: Dr. Eggman|Defog|p1a: Runerigus\n|-fail|p1a: Runerigus|unboost|[from] ability: Clear Body|[of] p1a: Runerigus\n|-sideend|p2: Frosti Plays|Stealth Rock|[from] move: Defog|[of] p2a: Dr. Eggman\n|move|p1a: Runerigus|Poltergeist|p2a: Dr. Eggman\n|-activate|p2a: Dr. Eggman|move: Poltergeist|Eviolite\n|-damage|p2a: Dr. Eggman|63\/100 brn\n|\n|-heal|p1a: Runerigus|88\/100|[from] item: Leftovers\n|-damage|p2a: Dr. Eggman|57\/100 brn|[from] brn\n|upkeep\n|turn|34\n|\n|t:|1660698576\n|move|p2a: Dr. Eggman|Flamethrower|p1a: Runerigus\n|-damage|p1a: Runerigus|71\/100\n|move|p1a: Runerigus|Poltergeist|p2a: Dr. Eggman\n|-activate|p2a: Dr. Eggman|move: Poltergeist|Eviolite\n|-damage|p2a: Dr. Eggman|24\/100 brn\n|\n|-heal|p1a: Runerigus|77\/100|[from] item: Leftovers\n|-damage|p2a: Dr. Eggman|18\/100 brn|[from] brn\n|upkeep\n|turn|35\n|\n|t:|1660698586\n|switch|p1a: Banette|Banette-Mega, F|80\/100\n|move|p2a: Dr. Eggman|Roost|p2a: Dr. Eggman\n|-heal|p2a: Dr. Eggman|68\/100 brn\n|-singleturn|p2a: Dr. Eggman|move: Roost\n|\n|-damage|p2a: Dr. Eggman|62\/100 brn|[from] brn\n|upkeep\n|turn|36\n|\n|t:|1660698642\n|switch|p2a: Gligamesh|Tyrantrum, F|89\/100\n|move|p1a: Banette|Gunk Shot|p2a: Gligamesh\n|-resisted|p2a: Gligamesh\n|-damage|p2a: Gligamesh|61\/100\n|\n|upkeep\n|turn|37\n|\n|t:|1660698665\n|switch|p1a: Runerigus|Runerigus, M|77\/100\n|move|p2a: Gligamesh|Crunch|p1a: Runerigus\n|-supereffective|p1a: Runerigus\n|-damage|p1a: Runerigus|49\/100\n|-activate|p1a: Runerigus|ability: Wandering Spirit|Rock Head|Wandering Spirit|[of] p2a: Gligamesh\n|\n|-heal|p1a: Runerigus|55\/100|[from] item: Leftovers\n|upkeep\n|turn|38\n|\n|t:|1660698674\n|switch|p2a: Dr. Eggman|Togetic, F, shiny|62\/100 brn\n|move|p1a: Runerigus|Body Press|p2a: Dr. Eggman\n|-resisted|p2a: Dr. Eggman\n|-crit|p2a: Dr. Eggman\n|-damage|p2a: Dr. Eggman|52\/100 brn\n|\n|-heal|p1a: Runerigus|61\/100|[from] item: Leftovers\n|-damage|p2a: Dr. Eggman|46\/100 brn|[from] brn\n|upkeep\n|turn|39\n|j| Bugsileus\n|\n|t:|1660698683\n|move|p2a: Dr. Eggman|Flamethrower|p1a: Runerigus\n|-damage|p1a: Runerigus|44\/100\n|move|p1a: Runerigus|Stealth Rock|p2a: Dr. Eggman\n|-sidestart|p2: Frosti Plays|move: Stealth Rock\n|\n|-heal|p1a: Runerigus|50\/100|[from] item: Leftovers\n|-damage|p2a: Dr. Eggman|40\/100 brn|[from] brn\n|upkeep\n|turn|40\n|j| pretty rave girl\n|\n|t:|1660698693\n|switch|p1a: Banette|Banette-Mega, F|80\/100\n|move|p2a: Dr. Eggman|Defog|p1a: Banette\n|-unboost|p1a: Banette|evasion|1\n|-sideend|p2: Frosti Plays|Stealth Rock|[from] move: Defog|[of] p2a: Dr. Eggman\n|\n|-damage|p2a: Dr. Eggman|34\/100 brn|[from] brn\n|upkeep\n|turn|41\n|\n|t:|1660698704\n|switch|p2a: Gligamesh|Tyrantrum, F|61\/100\n|move|p1a: Banette|Shadow Claw|p2a: Gligamesh\n|-damage|p2a: Gligamesh|16\/100\n|\n|upkeep\n|turn|42\n|c| pretty rave girl|watching cause i have low standards and like pokemon and dota @fleet\n|l| Bugsileus\n|\n|t:|1660698736\n|move|p1a: Banette|Shadow Sneak|p2a: Gligamesh\n|-damage|p2a: Gligamesh|0 fnt\n|faint|p2a: Gligamesh\n|\n|upkeep\n|\n|t:|1660698758\n|switch|p2a: Nox|Silvally-Dark|27\/100\n|turn|43\n|j| Bugsileus\n|\n|t:|1660698763\n|switch|p1a: Togetic|Togetic, F|87\/100\n|move|p2a: Nox|Multi-Attack|p1a: Togetic\n|-resisted|p1a: Togetic\n|-damage|p1a: Togetic|76\/100\n|\n|upkeep\n|turn|44\n|\n|t:|1660698770\n|switch|p2a: Watson|Metagross, shiny|66\/100\n|move|p1a: Togetic|Flamethrower|p2a: Watson\n|-supereffective|p2a: Watson\n|-damage|p2a: Watson|30\/100\n|\n|-heal|p2a: Watson|36\/100|[from] item: Leftovers\n|upkeep\n|turn|45\n|\n|t:|1660698792\n|move|p2a: Watson|Meteor Mash|p1a: Togetic\n|-supereffective|p1a: Togetic\n|-damage|p1a: Togetic|19\/100\n|move|p1a: Togetic|Flamethrower|p2a: Watson\n|-supereffective|p2a: Watson\n|-damage|p2a: Watson|0 fnt\n|faint|p2a: Watson\n|\n|upkeep\n|\n|t:|1660698805\n|switch|p2a: Gaiavolt|Rotom-Mow|100\/100\n|turn|46\n|c| Bugsileus|Togodtic\n|\n|t:|1660698827\n|move|p2a: Gaiavolt|Nasty Plot|p2a: Gaiavolt\n|-boost|p2a: Gaiavolt|spa|2\n|move|p1a: Togetic|Toxic|p2a: Gaiavolt\n|-status|p2a: Gaiavolt|tox\n|\n|-damage|p2a: Gaiavolt|94\/100 tox|[from] psn\n|upkeep\n|turn|47\n|l| Bugsileus\n|\n|t:|1660698878\n|-zpower|p2a: Gaiavolt\n|move|p2a: Gaiavolt|Bloom Doom|p1a: Togetic|[zeffect]\n|-resisted|p1a: Togetic\n|-damage|p1a: Togetic|0 fnt\n|faint|p1a: Togetic\n|\n|-damage|p2a: Gaiavolt|82\/100 tox|[from] psn\n|upkeep\n|l| deathbypudding\n|j| Bugsileus\n|\n|t:|1660698923\n|switch|p1a: Banette|Banette-Mega, F|80\/100\n|turn|48\n|\n|t:|1660698938\n|move|p1a: Banette|Shadow Sneak|p2a: Gaiavolt\n|-damage|p2a: Gaiavolt|43\/100 tox\n|move|p2a: Gaiavolt|Discharge|p1a: Banette\n|-damage|p1a: Banette|0 fnt\n|faint|p1a: Banette\n|\n|-damage|p2a: Gaiavolt|24\/100 tox|[from] psn\n|upkeep\n|\n|t:|1660698945\n|switch|p1a: Whimsicott|Whimsicott, F|100\/100\n|turn|49\n|\n|t:|1660698973\n|switch|p2a: Dr. Eggman|Togetic, F, shiny|34\/100 brn\n|move|p1a: Whimsicott|Moonblast|p2a: Dr. Eggman\n|-damage|p2a: Dr. Eggman|15\/100 brn\n|\n|-damage|p2a: Dr. Eggman|9\/100 brn|[from] brn\n|upkeep\n|turn|50\n|\n|t:|1660698985\n|move|p1a: Whimsicott|Moonblast|p2a: Dr. Eggman\n|-damage|p2a: Dr. Eggman|0 fnt\n|faint|p2a: Dr. Eggman\n|\n|upkeep\n|\n|t:|1660698993\n|switch|p2a: Gaiavolt|Rotom-Mow|24\/100 tox\n|turn|51\n|c|\u2606Frosti Plays|gg\n|\n|t:|1660698998\n|move|p1a: Whimsicott|Moonblast|p2a: Gaiavolt\n|-damage|p2a: Gaiavolt|0 fnt\n|faint|p2a: Gaiavolt\n|\n|upkeep\n|c|\u2606FleetFoxxx|gg\n|\n|t:|1660699003\n|switch|p2a: Nox|Silvally-Dark|27\/100\n|turn|52\n|c|\u2606FleetFoxxx|was very fun\n|\n|t:|1660699006\n|move|p1a: Whimsicott|Moonblast|p2a: Nox\n|-supereffective|p2a: Nox\n|-damage|p2a: Nox|0 fnt\n|faint|p2a: Nox\n|\n|win|FleetFoxxx\n|c| Bugsileus|GGs folks\n|c| Bugsileus|And praise togetic for felling the demon metagross\n|l| sh0shin\n|c| Bugsileus|Signed, rock trainer\n|l| Bugsileus\n|l| blissymaster\n|j| sh0shin\n|l| sh0shin\n","uploadtime":1660699026,"views":14,"p1id":"fleetfoxxx","p2id":"frostiplays","formatid":"gen8nationaldex","rating":0,"private":0,"password":null}