{"id":"gen8randombattle-1103686786","p1":"gkouri","p2":"Pokefreak77","format":"gen8randombattle","log":"|j|\u2606gkouri\n|j|\u2606Pokefreak77\n|player|p1|gkouri|163|1842\n|player|p2|Pokefreak77|101|1866\n|teamsize|p1|6\n|teamsize|p2|6\n|gametype|singles\n|gen|8\n|tier|[Gen 8] Random Battle\n|rated|\n|rule|Species Clause: Limit one of each Pok\u00e9mon\n|rule|HP Percentage Mod: HP is shown in percentages\n|rule|Sleep Clause Mod: Limit one foe put to sleep\n|\n|start\n|switch|p1a: Froslass|Froslass, L86, F|261\/261\n|switch|p2a: Delibird|Delibird, M|251\/251\n|turn|1\n|\n|move|p1a: Froslass|Ice Beam|p2a: Delibird\n|-damage|p2a: Delibird|128\/251\n|move|p2a: Delibird|Spikes|p1a: Froslass\n|-sidestart|p1: gkouri|Spikes\n|\n|upkeep\n|turn|2\n|inactive|Battle timer is ON: inactive players will automatically lose when time's up. (requested by gkouri)\n|\n|move|p1a: Froslass|Ice Beam|p2a: Delibird\n|-damage|p2a: Delibird|10\/251\n|move|p2a: Delibird|Spikes|p1a: Froslass\n|-sidestart|p1: gkouri|Spikes\n|\n|upkeep\n|turn|3\n|\n|move|p1a: Froslass|Ice Beam|p2a: Delibird\n|-damage|p2a: Delibird|0 fnt\n|faint|p2a: Delibird\n|\n|upkeep\n|\n|switch|p2a: Galvantula|Galvantula, L84, M|255\/255\n|turn|4\n|\n|move|p1a: Froslass|Ice Beam|p2a: Galvantula\n|-damage|p2a: Galvantula|137\/255\n|move|p2a: Galvantula|Sticky Web|p1a: Froslass\n|-sidestart|p1: gkouri|move: Sticky Web\n|\n|upkeep\n|turn|5\n|\n|move|p1a: Froslass|Ice Beam|p2a: Galvantula\n|-damage|p2a: Galvantula|14\/255\n|move|p2a: Galvantula|Thunder|p1a: Froslass\n|-damage|p1a: Froslass|89\/261\n|-start|p2a: Galvantula|Disable|Thunder|[from] ability: Cursed Body|[of] p1a: Froslass\n|-damage|p2a: Galvantula|0 fnt|[from] item: Life Orb\n|faint|p2a: Galvantula\n|\n|upkeep\n|\n|switch|p2a: Zacian|Zacian-Crowned, L72|251\/251\n|-ability|p2a: Zacian|Intrepid Sword|boost\n|-boost|p2a: Zacian|atk|1\n|turn|6\n|\n|move|p2a: Zacian|Crunch|p1a: Froslass\n|-supereffective|p1a: Froslass\n|-damage|p1a: Froslass|0 fnt\n|faint|p1a: Froslass\n|\n|upkeep\n|\n|switch|p1a: Meowstic|Meowstic, L88, M|274\/274\n|-damage|p1a: Meowstic|229\/274|[from] Spikes\n|-activate|p1a: Meowstic|move: Sticky Web\n|-unboost|p1a: Meowstic|spe|1\n|turn|7\n|\n|switch|p2a: Bisharp|Bisharp, L80, M|235\/235\n|move|p1a: Meowstic|Thunder Wave|p2a: Bisharp\n|-hint|Since gen 7, Dark is immune to Prankster moves.\n|-immune|p2a: Bisharp\n|\n|upkeep\n|turn|8\n|\n|move|p1a: Meowstic|Reflect|p1a: Meowstic\n|-sidestart|p1: gkouri|Reflect\n|move|p2a: Bisharp|Knock Off|p1a: Meowstic\n|-supereffective|p1a: Meowstic\n|-damage|p1a: Meowstic|57\/274\n|-enditem|p1a: Meowstic|Light Clay|[from] move: Knock Off|[of] p2a: Bisharp\n|-damage|p2a: Bisharp|212\/235|[from] item: Life Orb\n|\n|upkeep\n|turn|9\n|\n|switch|p1a: Melmetal|Melmetal, L72|313\/313\n|-activate|p1a: Melmetal|move: Sticky Web\n|-unboost|p1a: Melmetal|spe|1\n|-damage|p1a: Melmetal|261\/313|[from] Spikes\n|move|p2a: Bisharp|Swords Dance|p2a: Bisharp\n|-boost|p2a: Bisharp|atk|2\n|\n|upkeep\n|turn|10\n|\n|switch|p2a: Bewear|Bewear, L84, F|339\/339\n|-start|p1a: Melmetal|Dynamax\n|-heal|p1a: Melmetal|522\/626|[silent]\n|move|p1a: Melmetal|Max Knuckle|p2a: Bewear\n|-supereffective|p2a: Bewear\n|-damage|p2a: Bewear|185\/339\n|-boost|p1a: Melmetal|atk|1\n|\n|upkeep\n|turn|11\n|inactive|Pokefreak77 has 120 seconds left.\n|\n|-start|p2a: Bewear|Dynamax\n|-heal|p2a: Bewear|370\/678|[silent]\n|move|p2a: Bewear|Max Knuckle|p1a: Melmetal\n|-supereffective|p1a: Melmetal\n|-damage|p1a: Melmetal|420\/626\n|-boost|p2a: Bewear|atk|1\n|move|p1a: Melmetal|Max Knuckle|p2a: Bewear\n|-supereffective|p2a: Bewear\n|-crit|p2a: Bewear\n|-damage|p2a: Bewear|34\/678\n|-boost|p1a: Melmetal|atk|1\n|\n|upkeep\n|turn|12\n|inactive|Pokefreak77 has 120 seconds left.\n|\n|move|p2a: Bewear|Max Knuckle|p1a: Melmetal\n|-supereffective|p1a: Melmetal\n|-damage|p1a: Melmetal|279\/626\n|-boost|p2a: Bewear|atk|1\n|move|p1a: Melmetal|Max Knuckle|p2a: Bewear\n|-supereffective|p2a: Bewear\n|-damage|p2a: Bewear|0 fnt\n|-boost|p1a: Melmetal|atk|1\n|faint|p2a: Bewear\n|\n|-end|p1a: Melmetal|Dynamax\n|-heal|p1a: Melmetal|140\/313|[silent]\n|upkeep\n|\n|switch|p2a: Tapu Lele|Tapu Lele, L80|243\/243\n|-fieldstart|move: Psychic Terrain|[from] ability: Psychic Surge|[of] p2a: Tapu Lele\n|turn|13\n|\n|move|p2a: Tapu Lele|Psychic|p1a: Melmetal\n|-resisted|p1a: Melmetal\n|-damage|p1a: Melmetal|36\/313\n|move|p1a: Melmetal|Earthquake|p2a: Tapu Lele\n|-damage|p2a: Tapu Lele|0 fnt\n|faint|p2a: Tapu Lele\n|\n|upkeep\n|\n|switch|p2a: Bisharp|Bisharp, L80, M|212\/235\n|turn|14\n|\n|move|p2a: Bisharp|Knock Off|p1a: Melmetal\n|-damage|p1a: Melmetal|0 fnt\n|-enditem|p1a: Melmetal|Choice Band|[from] move: Knock Off|[of] p2a: Bisharp\n|-damage|p2a: Bisharp|189\/235|[from] item: Life Orb\n|faint|p1a: Melmetal\n|\n|upkeep\n|\n|switch|p1a: Galvantula|Galvantula, L84, F|255\/255\n|-activate|p1a: Galvantula|move: Sticky Web\n|-unboost|p1a: Galvantula|spe|1\n|-damage|p1a: Galvantula|213\/255|[from] Spikes\n|turn|15\n|\n|move|p2a: Bisharp|Swords Dance|p2a: Bisharp\n|-boost|p2a: Bisharp|atk|2\n|move|p1a: Galvantula|Thunder|p2a: Bisharp\n|-damage|p2a: Bisharp|16\/235\n|-damage|p1a: Galvantula|188\/255|[from] item: Life Orb\n|\n|-sideend|p1: gkouri|Reflect\n|upkeep\n|turn|16\n|\n|move|p2a: Bisharp|Knock Off|p1a: Galvantula\n|-damage|p1a: Galvantula|0 fnt\n|-enditem|p1a: Galvantula|Life Orb|[from] move: Knock Off|[of] p2a: Bisharp\n|-damage|p2a: Bisharp|0 fnt|[from] item: Life Orb\n|faint|p1a: Galvantula\n|faint|p2a: Bisharp\n|\n|upkeep\n|\n|switch|p1a: Meowstic|Meowstic, L88, M|57\/274\n|switch|p2a: Zacian|Zacian-Crowned, L72|251\/251\n|-ability|p2a: Zacian|Intrepid Sword|boost\n|-boost|p2a: Zacian|atk|1\n|-activate|p1a: Meowstic|move: Sticky Web\n|-unboost|p1a: Meowstic|spe|1\n|-damage|p1a: Meowstic|12\/274|[from] Spikes\n|turn|17\n|\n|move|p1a: Meowstic|Thunder Wave|p2a: Zacian\n|-activate|p2a: Zacian|move: Psychic Terrain\n|move|p2a: Zacian|Crunch|p1a: Meowstic\n|-supereffective|p1a: Meowstic\n|-damage|p1a: Meowstic|0 fnt\n|faint|p1a: Meowstic\n|\n|-fieldend|move: Psychic Terrain\n|upkeep\n|\n|switch|p1a: Ferrothorn|Ferrothorn, L80, M|250\/250\n|-damage|p1a: Ferrothorn|209\/250|[from] Spikes\n|-activate|p1a: Ferrothorn|move: Sticky Web\n|-unboost|p1a: Ferrothorn|spe|1\n|turn|18\n|\n|move|p2a: Zacian|Swords Dance|p2a: Zacian\n|-boost|p2a: Zacian|atk|2\n|move|p1a: Ferrothorn|Leech Seed|p2a: Zacian\n|-start|p2a: Zacian|move: Leech Seed\n|\n|-heal|p1a: Ferrothorn|224\/250|[from] item: Leftovers\n|-damage|p2a: Zacian|220\/251|[from] Leech Seed|[of] p1a: Ferrothorn\n|-heal|p1a: Ferrothorn|250\/250|[silent]\n|upkeep\n|turn|19\n|\n|move|p2a: Zacian|Swords Dance|p2a: Zacian\n|-boost|p2a: Zacian|atk|2\n|move|p1a: Ferrothorn|Power Whip|p2a: Zacian\n|-resisted|p2a: Zacian\n|-damage|p2a: Zacian|169\/251\n|\n|-damage|p2a: Zacian|138\/251|[from] Leech Seed|[of] p1a: Ferrothorn\n|upkeep\n|turn|20\n|\n|move|p1a: Ferrothorn|Protect|p1a: Ferrothorn\n|-singleturn|p1a: Ferrothorn|Protect\n|move|p2a: Zacian|Behemoth Blade|p1a: Ferrothorn\n|-activate|p1a: Ferrothorn|move: Protect\n|\n|-damage|p2a: Zacian|107\/251|[from] Leech Seed|[of] p1a: Ferrothorn\n|upkeep\n|turn|21\n|\n|switch|p1a: Kyurem|Kyurem, L80|331\/331\n|-activate|p1a: Kyurem|move: Sticky Web\n|-unboost|p1a: Kyurem|spe|1\n|-damage|p1a: Kyurem|276\/331|[from] Spikes\n|-ability|p1a: Kyurem|Pressure\n|move|p2a: Zacian|Crunch|p1a: Kyurem\n|-damage|p1a: Kyurem|29\/331\n|\n|-damage|p2a: Zacian|76\/251|[from] Leech Seed|[of] p1a: Kyurem\n|-heal|p1a: Kyurem|60\/331|[silent]\n|upkeep\n|turn|22\n|\n|move|p2a: Zacian|Behemoth Blade|p1a: Kyurem\n|-supereffective|p1a: Kyurem\n|-damage|p1a: Kyurem|0 fnt\n|faint|p1a: Kyurem\n|\n|upkeep\n|\n|switch|p1a: Ferrothorn|Ferrothorn, L80, M|250\/250\n|-damage|p1a: Ferrothorn|209\/250|[from] Spikes\n|-activate|p1a: Ferrothorn|move: Sticky Web\n|-unboost|p1a: Ferrothorn|spe|1\n|turn|23\n|\n|move|p1a: Ferrothorn|Protect|p1a: Ferrothorn\n|-singleturn|p1a: Ferrothorn|Protect\n|move|p2a: Zacian|Swords Dance|p2a: Zacian\n|-boost|p2a: Zacian|atk|1\n|\n|-heal|p1a: Ferrothorn|224\/250|[from] item: Leftovers\n|-damage|p2a: Zacian|45\/251|[from] Leech Seed|[of] p1a: Ferrothorn\n|-heal|p1a: Ferrothorn|250\/250|[silent]\n|upkeep\n|turn|24\n|\n|move|p2a: Zacian|Crunch|p1a: Ferrothorn\n|-damage|p1a: Ferrothorn|40\/250\n|-unboost|p1a: Ferrothorn|def|1\n|-damage|p2a: Zacian|14\/251|[from] ability: Iron Barbs|[of] p1a: Ferrothorn\n|move|p1a: Ferrothorn|Power Whip|p2a: Zacian\n|-resisted|p2a: Zacian\n|-damage|p2a: Zacian|0 fnt\n|faint|p2a: Zacian\n|\n|win|gkouri\n|l|\u2606Pokefreak77\n|raw|gkouri's rating: 1842 &rarr; <strong>1865<\/strong><br \/>(+23 for winning)\n|raw|Pokefreak77's rating: 1888 &rarr; <strong>1865<\/strong><br \/>(-23 for losing)\n","inputlog":">version 0ff5d5c20b581e7bd57a8b66170a7864af3d008c\n>version-origin 31a81a91a29015c7ca09f498fa9831b52e8e4288\n>start {\"formatid\":\"gen8randombattle\",\"seed\":[11641,32928,11683,48966],\"rated\":\"Rated battle\"}\n>player p1 {\"name\":\"gkouri\",\"avatar\":\"163\",\"team\":\"\",\"rating\":1842,\"seed\":[24619,40940,24737,56504]}\n>player p2 {\"name\":\"Pokefreak77\",\"avatar\":\"101\",\"team\":\"\",\"rating\":1866,\"seed\":[44595,55034,55438,3318]}\n>p1 move icebeam\n>p2 move spikes\n>p1 move icebeam\n>p2 move spikes\n>p1 move icebeam\n>p2 move spikes\n>p2 switch 3\n>p1 move icebeam\n>p2 move stickyweb\n>p1 move icebeam\n>p2 move thunder\n>p2 switch 2\n>p1 move willowisp\n>p2 move crunch\n>p1 switch 6\n>p1 move thunderwave\n>p2 switch 4\n>p1 move reflect\n>p2 move knockoff\n>p1 switch 5\n>p2 move swordsdance\n>p1 move superpower dynamax\n>p2 switch 6\n>p1 move superpower dynamax\n>p2 move closecombat dynamax\n>p1 move superpower dynamax\n>p2 move closecombat dynamax\n>p2 switch 5\n>p1 move earthquake\n>p2 move psychic\n>p2 switch 6\n>p1 move earthquake\n>p2 move knockoff\n>p1 switch 4\n>p1 move thunder\n>p2 move swordsdance\n>p1 move thunder\n>p2 move knockoff\n>p1 switch 5\n>p2 switch 4\n>p1 move thunderwave\n>p2 move crunch\n>p1 switch 3\n>p1 move leechseed\n>p2 move swordsdance\n>p1 move powerwhip\n>p2 move swordsdance\n>p1 move protect\n>p2 move behemothblade\n>p1 switch 2\n>p2 move crunch\n>p1 move icebeam\n>p2 move behemothblade\n>p1 switch 2\n>p1 move protect\n>p2 move swordsdance\n>p1 move powerwhip\n>p2 move crunch","uploadtime":1587915286,"views":5,"p1id":"gkouri","p2id":"pokefreak77","formatid":"gen8randombattle","rating":1865,"private":0,"password":null}