{"id":"gen8ou-1692225343","p1":"Te me Kalm-as","p2":"Kwaga","format":"gen8ou","log":"|html|<div class=\"broadcast-blue\"><strong>[Gen 8] OU is currently suspecting Melmetal! For information on how to participate check out the <a href=\"https:\/\/www.smogon.com\/forums\/threads\/np-ss-ou-suspect-process-round-12-monster-mash.3709234\/\">suspect thread<\/a>.<\/strong><\/div>\n|j|\u2606Te me Kalm-as\n|j|\u2606Kwaga\n|t:|1666463644\n|gametype|singles\n|player|p1|Te me Kalm-as|iris|1641\n|player|p2|Kwaga|brock-gen1rb|1657\n|teamsize|p1|6\n|teamsize|p2|6\n|gen|8\n|tier|[Gen 8] OU\n|rated|\n|rule|Sleep Clause Mod: Limit one foe put to sleep\n|rule|Species Clause: Limit one of each Pok\u00e9mon\n|rule|OHKO Clause: OHKO moves are banned\n|rule|Evasion Items Clause: Evasion items are banned\n|rule|Evasion Moves Clause: Evasion moves are banned\n|rule|Endless Battle Clause: Forcing endless battles is banned\n|rule|HP Percentage Mod: HP is shown in percentages\n|rule|Dynamax Clause: You cannot dynamax\n|clearpoke\n|poke|p1|Umbreon, F|\n|poke|p1|Dragapult, M|\n|poke|p1|Corviknight, F|\n|poke|p1|Toxapex, M|\n|poke|p1|Hippowdon, M|\n|poke|p1|Excadrill, M|\n|poke|p2|Tapu Lele|\n|poke|p2|Alakazam, M|\n|poke|p2|Moltres-Galar|\n|poke|p2|Toxapex, M|\n|poke|p2|Ferrothorn, M|\n|poke|p2|Landorus-Therian, M|\n|teampreview\n|\n|t:|1666463653\n|start\n|switch|p1a: Moto Moto|Hippowdon, M|100\/100\n|switch|p2a: Tapu Lele|Tapu Lele, shiny|100\/100\n|-fieldstart|move: Psychic Terrain|[from] ability: Psychic Surge|[of] p2a: Tapu Lele\n|-weather|Sandstorm|[from] ability: Sand Stream|[of] p1a: Moto Moto\n|turn|1\n|\n|t:|1666463656\n|move|p2a: Tapu Lele|Psyshock|p1a: Moto Moto\n|-damage|p1a: Moto Moto|40\/100\n|move|p1a: Moto Moto|Toxic|p2a: Tapu Lele\n|-status|p2a: Tapu Lele|tox\n|\n|-weather|Sandstorm|[upkeep]\n|-damage|p2a: Tapu Lele|94\/100 tox|[from] Sandstorm\n|-heal|p1a: Moto Moto|46\/100|[from] item: Leftovers\n|-damage|p2a: Tapu Lele|88\/100 tox|[from] psn\n|upkeep\n|turn|2\n|\n|t:|1666463662\n|switch|p2a: Ferrothorn|Ferrothorn, M|100\/100\n|switch|p1a: Else\u00f1or deLa noche|Corviknight, F, shiny|100\/100\n|-ability|p1a: Else\u00f1or deLa noche|Pressure\n|\n|-weather|Sandstorm|[upkeep]\n|upkeep\n|turn|3\n|\n|t:|1666463664\n|move|p1a: Else\u00f1or deLa noche|Body Press|p2a: Ferrothorn\n|-supereffective|p2a: Ferrothorn\n|-damage|p2a: Ferrothorn|62\/100\n|-damage|p1a: Else\u00f1or deLa noche|88\/100|[from] ability: Iron Barbs|[of] p2a: Ferrothorn\n|move|p2a: Ferrothorn|Stealth Rock|p1a: Else\u00f1or deLa noche\n|-sidestart|p1: Te me Kalm-as|move: Stealth Rock\n|\n|-weather|Sandstorm|[upkeep]\n|-heal|p2a: Ferrothorn|68\/100|[from] item: Leftovers\n|upkeep\n|turn|4\n|\n|t:|1666463668\n|move|p1a: Else\u00f1or deLa noche|Defog|p2a: Ferrothorn\n|-unboost|p2a: Ferrothorn|evasion|1\n|-sideend|p1: Te me Kalm-as|Stealth Rock|[from] move: Defog|[of] p1a: Else\u00f1or deLa noche\n|-fieldend|move: Psychic Terrain\n|move|p2a: Ferrothorn|Leech Seed|p1a: Else\u00f1or deLa noche\n|-start|p1a: Else\u00f1or deLa noche|move: Leech Seed\n|\n|-weather|Sandstorm|[upkeep]\n|-heal|p2a: Ferrothorn|74\/100|[from] item: Leftovers\n|-damage|p1a: Else\u00f1or deLa noche|76\/100|[from] Leech Seed|[of] p2a: Ferrothorn\n|-heal|p2a: Ferrothorn|88\/100|[silent]\n|upkeep\n|turn|5\n|\n|t:|1666463670\n|move|p1a: Else\u00f1or deLa noche|U-turn|p2a: Ferrothorn\n|-crit|p2a: Ferrothorn\n|-damage|p2a: Ferrothorn|72\/100\n|-damage|p1a: Else\u00f1or deLa noche|64\/100|[from] ability: Iron Barbs|[of] p2a: Ferrothorn\n|\n|t:|1666463673\n|switch|p1a: UmbreOFF|Umbreon, F, shiny|100\/100|[from]move: U-turn\n|move|p2a: Ferrothorn|Stealth Rock|p1a: UmbreOFF\n|-sidestart|p1: Te me Kalm-as|move: Stealth Rock\n|\n|-weather|none\n|-heal|p2a: Ferrothorn|78\/100|[from] item: Leftovers\n|upkeep\n|turn|6\n|\n|t:|1666463677\n|move|p1a: UmbreOFF|Wish|p1a: UmbreOFF\n|move|p2a: Ferrothorn|Leech Seed|p1a: UmbreOFF\n|-start|p1a: UmbreOFF|move: Leech Seed\n|\n|-heal|p2a: Ferrothorn|84\/100|[from] item: Leftovers\n|-damage|p1a: UmbreOFF|88\/100|[from] Leech Seed|[of] p2a: Ferrothorn\n|-heal|p2a: Ferrothorn|98\/100|[silent]\n|upkeep\n|turn|7\n|\n|t:|1666463681\n|switch|p1a: Else\u00f1or deLa noche|Corviknight, F, shiny|64\/100\n|-damage|p1a: Else\u00f1or deLa noche|51\/100|[from] Stealth Rock\n|-ability|p1a: Else\u00f1or deLa noche|Pressure\n|move|p2a: Ferrothorn|Knock Off|p1a: Else\u00f1or deLa noche\n|-damage|p1a: Else\u00f1or deLa noche|38\/100\n|-damage|p2a: Ferrothorn|81\/100|[from] item: Rocky Helmet|[of] p1a: Else\u00f1or deLa noche\n|-enditem|p1a: Else\u00f1or deLa noche|Rocky Helmet|[from] move: Knock Off|[of] p2a: Ferrothorn\n|\n|-heal|p1a: Else\u00f1or deLa noche|87\/100|[from] move: Wish|[wisher] UmbreOFF\n|-heal|p2a: Ferrothorn|87\/100|[from] item: Leftovers\n|upkeep\n|turn|8\n|\n|t:|1666463684\n|switch|p2a: Toxapex|Toxapex, M|100\/100\n|move|p1a: Else\u00f1or deLa noche|Defog|p2a: Toxapex\n|-unboost|p2a: Toxapex|evasion|1\n|-sideend|p1: Te me Kalm-as|Stealth Rock|[from] move: Defog|[of] p1a: Else\u00f1or deLa noche\n|\n|upkeep\n|turn|9\n|\n|t:|1666463687\n|move|p1a: Else\u00f1or deLa noche|U-turn|p2a: Toxapex\n|-resisted|p2a: Toxapex\n|-damage|p2a: Toxapex|96\/100\n|-enditem|p2a: Toxapex|Eject Button\n|\n|t:|1666463700\n|switch|p2a: Moltres|Moltres-Galar|100\/100\n|\n|upkeep\n|turn|10\n|\n|t:|1666463709\n|move|p2a: Moltres|Nasty Plot|p2a: Moltres\n|-boost|p2a: Moltres|spa|2\n|move|p1a: Else\u00f1or deLa noche|U-turn|p2a: Moltres\n|-damage|p2a: Moltres|86\/100\n|\n|t:|1666463714\n|switch|p1a: Mi ex|Toxapex, M|100\/100|[from]move: U-turn\n|\n|upkeep\n|turn|11\n|\n|t:|1666463717\n|move|p2a: Moltres|Fiery Wrath|p1a: Mi ex\n|-damage|p1a: Mi ex|45\/100\n|-enditem|p1a: Mi ex|Eject Button\n|\n|t:|1666463719\n|switch|p1a: UmbreOFF|Umbreon, F, shiny|88\/100\n|\n|-heal|p1a: UmbreOFF|94\/100|[from] item: Leftovers\n|upkeep\n|turn|12\n|\n|t:|1666463722\n|move|p2a: Moltres|Agility|p2a: Moltres\n|-boost|p2a: Moltres|spe|2\n|move|p1a: UmbreOFF|Wish|p1a: UmbreOFF\n|\n|-heal|p1a: UmbreOFF|99\/100|[from] item: Leftovers\n|upkeep\n|turn|13\n|\n|t:|1666463725\n|switch|p1a: Mi ex|Toxapex, M|78\/100\n|move|p2a: Moltres|Nasty Plot|p2a: Moltres\n|-boost|p2a: Moltres|spa|2\n|\n|-heal|p1a: Mi ex|100\/100|[from] move: Wish|[wisher] UmbreOFF\n|upkeep\n|turn|14\n|\n|t:|1666463728\n|move|p2a: Moltres|Fiery Wrath|p1a: Mi ex\n|-damage|p1a: Mi ex|21\/100\n|move|p1a: Mi ex|Haze|p1a: Mi ex\n|-clearallboost\n|\n|upkeep\n|turn|15\n|\n|t:|1666463735\n|move|p2a: Moltres|Nasty Plot|p2a: Moltres\n|-boost|p2a: Moltres|spa|2\n|move|p1a: Mi ex|Recover|p1a: Mi ex\n|-heal|p1a: Mi ex|71\/100\n|\n|upkeep\n|turn|16\n|\n|t:|1666463737\n|move|p2a: Moltres|Fiery Wrath|p1a: Mi ex\n|-damage|p1a: Mi ex|11\/100\n|cant|p1a: Mi ex|flinch\n|\n|upkeep\n|turn|17\n|\n|t:|1666463748\n|move|p2a: Moltres|Fiery Wrath|p1a: Mi ex\n|-damage|p1a: Mi ex|0 fnt\n|faint|p1a: Mi ex\n|\n|upkeep\n|\n|t:|1666463756\n|switch|p1a: Moto Moto|Hippowdon, M|46\/100\n|-weather|Sandstorm|[from] ability: Sand Stream|[of] p1a: Moto Moto\n|turn|18\n|\n|t:|1666463759\n|switch|p1a: UmbreOFF|Umbreon, F, shiny|99\/100\n|move|p2a: Moltres|Fiery Wrath|p1a: UmbreOFF\n|-resisted|p1a: UmbreOFF\n|-damage|p1a: UmbreOFF|73\/100\n|\n|-weather|Sandstorm|[upkeep]\n|-damage|p2a: Moltres|80\/100|[from] Sandstorm\n|-damage|p1a: UmbreOFF|66\/100|[from] Sandstorm\n|-heal|p1a: UmbreOFF|73\/100|[from] item: Leftovers\n|upkeep\n|turn|19\n|\n|t:|1666463762\n|switch|p1a: Excadrill|Excadrill, M|100\/100\n|-item|p1a: Excadrill|Air Balloon\n|move|p2a: Moltres|Agility|p2a: Moltres\n|-boost|p2a: Moltres|spe|2\n|\n|-weather|Sandstorm|[upkeep]\n|-damage|p2a: Moltres|74\/100|[from] Sandstorm\n|upkeep\n|turn|20\n|\n|t:|1666463766\n|move|p1a: Excadrill|Iron Head|p2a: Moltres\n|-damage|p2a: Moltres|27\/100\n|-ability|p2a: Moltres|Berserk|boost\n|-boost|p2a: Moltres|spa|1\n|move|p2a: Moltres|Fiery Wrath|p1a: Excadrill\n|-damage|p1a: Excadrill|0 fnt\n|-enditem|p1a: Excadrill|Air Balloon\n|faint|p1a: Excadrill\n|\n|-weather|Sandstorm|[upkeep]\n|-damage|p2a: Moltres|21\/100|[from] Sandstorm\n|upkeep\n|-message|Te me Kalm-as forfeited.\n|\n|win|Kwaga\n|raw|Te me Kalm-as's rating: 1641 &rarr; <strong>1622<\/strong><br \/>(-19 for losing)\n|raw|Kwaga's rating: 1657 &rarr; <strong>1676<\/strong><br \/>(+19 for winning)\n|l|\u2606Te me Kalm-as\n","uploadtime":1666463784,"views":9,"p1id":"temekalmas","p2id":"kwaga","formatid":"gen8ou","rating":1622,"private":0,"password":null}