{"id":"gen8randombattle-1317218131","p1":"GrovyleRocks","p2":"TehranTyphlosions","format":"gen8randombattle","log":"|j|\u2606GrovyleRocks\n|j|\u2606TehranTyphlosions\n|t:|1617839336\n|gametype|singles\n|player|p1|GrovyleRocks|102|1767\n|player|p2|TehranTyphlosions|clair|1720\n|teamsize|p1|6\n|teamsize|p2|6\n|gen|8\n|tier|[Gen 8] Random Battle\n|rated|\n|rule|Species Clause: Limit one of each Pok\u00e9mon\n|rule|HP Percentage Mod: HP is shown in percentages\n|rule|Sleep Clause Mod: Limit one foe put to sleep\n|\n|t:|1617839336\n|start\n|switch|p1a: Mantine|Mantine, L86, F|286\/286\n|switch|p2a: Gengar|Gengar, L80, M|227\/227\n|turn|1\n|inactive|Battle timer is ON: inactive players will automatically lose when time's up. (requested by GrovyleRocks)\n|\n|t:|1617839350\n|switch|p2a: Ferrothorn|Ferrothorn, L78, M|244\/244\n|move|p1a: Mantine|Scald|p2a: Ferrothorn\n|-resisted|p2a: Ferrothorn\n|-damage|p2a: Ferrothorn|209\/244\n|-status|p2a: Ferrothorn|brn\n|\n|-heal|p2a: Ferrothorn|224\/244 brn|[from] item: Leftovers\n|-damage|p2a: Ferrothorn|209\/244 brn|[from] brn\n|upkeep\n|turn|2\n|inactive|GrovyleRocks has 120 seconds left.\n|\n|t:|1617839383\n|switch|p1a: Grapploct|Grapploct, L86, F|278\/278\n|move|p2a: Ferrothorn|Stealth Rock|p1a: Grapploct\n|-sidestart|p1: GrovyleRocks|move: Stealth Rock\n|\n|-heal|p2a: Ferrothorn|224\/244 brn|[from] item: Leftovers\n|-damage|p2a: Ferrothorn|209\/244 brn|[from] brn\n|upkeep\n|turn|3\n|\n|t:|1617839398\n|switch|p2a: Genesect|Genesect, L74|227\/227\n|-ability|p2a: Genesect|Download|boost\n|-boost|p2a: Genesect|spa|1\n|move|p1a: Grapploct|Bulk Up|p1a: Grapploct\n|-boost|p1a: Grapploct|atk|1\n|-boost|p1a: Grapploct|def|1\n|\n|upkeep\n|turn|4\n|\n|t:|1617839407\n|move|p2a: Genesect|Thunderbolt|p1a: Grapploct\n|-damage|p1a: Grapploct|184\/278\n|move|p1a: Grapploct|Drain Punch|p2a: Genesect\n|-damage|p2a: Genesect|13\/227\n|-heal|p1a: Grapploct|278\/278|[from] drain|[of] p2a: Genesect\n|-damage|p1a: Grapploct|251\/278|[from] item: Life Orb\n|\n|upkeep\n|turn|5\n|\n|t:|1617839416\n|move|p2a: Genesect|Thunderbolt|p1a: Grapploct\n|-damage|p1a: Grapploct|166\/278\n|move|p1a: Grapploct|Drain Punch|p2a: Genesect\n|-damage|p2a: Genesect|0 fnt\n|-heal|p1a: Grapploct|173\/278|[from] drain|[of] p2a: Genesect\n|-damage|p1a: Grapploct|146\/278|[from] item: Life Orb\n|faint|p2a: Genesect\n|\n|upkeep\n|\n|t:|1617839419\n|switch|p2a: Gengar|Gengar, L80, M|227\/227\n|turn|6\n|\n|t:|1617839430\n|move|p2a: Gengar|Sludge Wave|p1a: Grapploct\n|-damage|p1a: Grapploct|20\/278\n|move|p1a: Grapploct|Ice Punch|p2a: Gengar\n|-damage|p2a: Gengar|67\/227\n|-damage|p1a: Grapploct|0 fnt|[from] item: Life Orb\n|faint|p1a: Grapploct\n|\n|upkeep\n|inactive|GrovyleRocks has 120 seconds left.\n|inactive|GrovyleRocks has 90 seconds left.\n|\n|t:|1617839493\n|switch|p1a: Moltres|Moltres-Galar, L76|262\/262\n|-damage|p1a: Moltres|197\/262|[from] Stealth Rock\n|turn|7\n|inactive|GrovyleRocks has 90 seconds left.\n|\n|t:|1617839498\n|move|p2a: Gengar|Sludge Wave|p1a: Moltres\n|-damage|p1a: Moltres|95\/262\n|-ability|p1a: Moltres|Berserk|boost\n|-boost|p1a: Moltres|spa|1\n|move|p1a: Moltres|Nasty Plot|p1a: Moltres\n|-boost|p1a: Moltres|spa|2\n|\n|upkeep\n|turn|8\n|\n|t:|1617839507\n|move|p2a: Gengar|Sludge Wave|p1a: Moltres\n|-crit|p1a: Moltres\n|-damage|p1a: Moltres|0 fnt\n|faint|p1a: Moltres\n|\n|upkeep\n|inactive|GrovyleRocks has 90 seconds left.\n|\n|t:|1617839542\n|switch|p1a: Mantine|Mantine, L86, F|286\/286\n|turn|9\n|\n|t:|1617839547\n|switch|p2a: Ferrothorn|Ferrothorn, L78, M|209\/244 brn\n|move|p1a: Mantine|Hurricane|p2a: Ferrothorn|[miss]\n|-miss|p1a: Mantine|p2a: Ferrothorn\n|\n|-heal|p2a: Ferrothorn|224\/244 brn|[from] item: Leftovers\n|-damage|p2a: Ferrothorn|209\/244 brn|[from] brn\n|upkeep\n|turn|10\n|\n|t:|1617839556\n|move|p1a: Mantine|Hurricane|p2a: Ferrothorn\n|-damage|p2a: Ferrothorn|116\/244 brn\n|-start|p2a: Ferrothorn|confusion\n|-activate|p2a: Ferrothorn|confusion\n|-damage|p2a: Ferrothorn|106\/244 brn|[from] confusion\n|\n|-heal|p2a: Ferrothorn|121\/244 brn|[from] item: Leftovers\n|-damage|p2a: Ferrothorn|106\/244 brn|[from] brn\n|upkeep\n|turn|11\n|inactive|GrovyleRocks has 90 seconds left.\n|\n|t:|1617839566\n|move|p1a: Mantine|Hurricane|p2a: Ferrothorn\n|-damage|p2a: Ferrothorn|16\/244 brn\n|-activate|p2a: Ferrothorn|confusion\n|move|p2a: Ferrothorn|Knock Off|p1a: Mantine\n|-damage|p1a: Mantine|254\/286\n|-enditem|p1a: Mantine|Heavy-Duty Boots|[from] move: Knock Off|[of] p2a: Ferrothorn\n|\n|-heal|p2a: Ferrothorn|31\/244 brn|[from] item: Leftovers\n|-damage|p2a: Ferrothorn|16\/244 brn|[from] brn\n|upkeep\n|turn|12\n|inactive|GrovyleRocks has 90 seconds left.\n|\n|t:|1617839577\n|move|p1a: Mantine|Hurricane|p2a: Ferrothorn\n|-damage|p2a: Ferrothorn|0 fnt\n|faint|p2a: Ferrothorn\n|\n|upkeep\n|\n|t:|1617839579\n|switch|p2a: Audino|Audino, L88, M|325\/325\n|turn|13\n|\n|t:|1617839586\n|move|p1a: Mantine|Toxic|p2a: Audino|[miss]\n|-miss|p1a: Mantine|p2a: Audino\n|move|p2a: Audino|Toxic|p1a: Mantine\n|-status|p1a: Mantine|tox\n|\n|-damage|p1a: Mantine|237\/286 tox|[from] psn\n|upkeep\n|turn|14\n|\n|t:|1617839597\n|switch|p1a: Weezing|Weezing-Galar, L86, M|252\/252\n|-damage|p1a: Weezing|221\/252|[from] Stealth Rock\n|move|p2a: Audino|Protect||[still]\n|-fail|p2a: Audino\n|\n|-heal|p1a: Weezing|236\/252|[from] item: Black Sludge\n|upkeep\n|turn|15\n|\n|t:|1617839609\n|switch|p2a: Incineroar|Incineroar, L80, M|283\/283\n|-ability|p2a: Incineroar|Intimidate|boost\n|-unboost|p1a: Weezing|atk|1\n|move|p1a: Weezing|Defog|p2a: Incineroar\n|-unboost|p2a: Incineroar|evasion|1\n|-sideend|p1: GrovyleRocks|Stealth Rock|[from] move: Defog|[of] p1a: Weezing\n|\n|-heal|p1a: Weezing|251\/252|[from] item: Black Sludge\n|upkeep\n|turn|16\n|inactive|GrovyleRocks has 90 seconds left.\n|\n|t:|1617839633\n|switch|p1a: Drampa|Drampa, L86, F|274\/274\n|move|p2a: Incineroar|Knock Off|p1a: Drampa\n|-damage|p1a: Drampa|169\/274\n|-enditem|p1a: Drampa|Leftovers|[from] move: Knock Off|[of] p2a: Incineroar\n|\n|upkeep\n|turn|17\n|inactive|GrovyleRocks has 90 seconds left.\n|\n|t:|1617839640\n|switch|p2a: Audino|Audino, L88, M|325\/325\n|move|p1a: Drampa|Glare|p2a: Audino\n|-status|p2a: Audino|par\n|\n|upkeep\n|turn|18\n|\n|t:|1617839647\n|move|p1a: Drampa|Hyper Voice|p2a: Audino\n|-damage|p2a: Audino|196\/325 par\n|move|p2a: Audino|Knock Off|p1a: Drampa\n|-damage|p1a: Drampa|133\/274\n|-ability|p1a: Drampa|Berserk|boost\n|-boost|p1a: Drampa|spa|1\n|\n|-heal|p2a: Audino|216\/325 par|[from] item: Leftovers\n|upkeep\n|turn|19\n|\n|t:|1617839656\n|move|p1a: Drampa|Hyper Voice|p2a: Audino\n|-damage|p2a: Audino|42\/325 par\n|move|p2a: Audino|Toxic|p1a: Drampa\n|-status|p1a: Drampa|tox\n|\n|-heal|p2a: Audino|62\/325 par|[from] item: Leftovers\n|-damage|p1a: Drampa|116\/274 tox|[from] psn\n|upkeep\n|turn|20\n|\n|t:|1617839668\n|move|p2a: Audino|Protect|p2a: Audino\n|-singleturn|p2a: Audino|Protect\n|move|p1a: Drampa|Roost|p1a: Drampa\n|-heal|p1a: Drampa|253\/274 tox\n|-singleturn|p1a: Drampa|move: Roost\n|\n|-heal|p2a: Audino|82\/325 par|[from] item: Leftovers\n|-damage|p1a: Drampa|219\/274 tox|[from] psn\n|upkeep\n|turn|21\n|\n|t:|1617839677\n|switch|p2a: Gengar|Gengar, L80, M|67\/227\n|move|p1a: Drampa|Hyper Voice|p2a: Gengar\n|-immune|p2a: Gengar\n|\n|-damage|p1a: Drampa|168\/274 tox|[from] psn\n|upkeep\n|turn|22\n|\n|t:|1617839685\n|move|p2a: Gengar|Focus Blast|p1a: Drampa|[miss]\n|-miss|p2a: Gengar|p1a: Drampa\n|move|p1a: Drampa|Draco Meteor|p2a: Gengar\n|-damage|p2a: Gengar|0 fnt\n|-unboost|p1a: Drampa|spa|2\n|faint|p2a: Gengar\n|\n|-damage|p1a: Drampa|100\/274 tox|[from] psn\n|upkeep\n|\n|t:|1617839699\n|switch|p2a: Incineroar|Incineroar, L80, M|283\/283\n|-ability|p2a: Incineroar|Intimidate|boost\n|-unboost|p1a: Drampa|atk|1\n|turn|23\n|\n|t:|1617839707\n|-start|p2a: Incineroar|Dynamax\n|-heal|p2a: Incineroar|566\/566|[silent]\n|move|p2a: Incineroar|Max Darkness|p1a: Drampa\n|-damage|p1a: Drampa|0 fnt\n|faint|p1a: Drampa\n|\n|upkeep\n|inactive|GrovyleRocks has 120 seconds left.\n|\n|t:|1617839736\n|switch|p1a: Weezing|Weezing-Galar, L86, M|251\/252\n|turn|24\n|\n|t:|1617839744\n|-start|p1a: Weezing|Dynamax\n|-heal|p1a: Weezing|502\/504|[silent]\n|move|p1a: Weezing|Max Ooze|p2a: Incineroar\n|-damage|p2a: Incineroar|479\/566\n|-boost|p1a: Weezing|spa|1\n|move|p2a: Incineroar|Max Flare|p1a: Weezing\n|-damage|p1a: Weezing|378\/504\n|-weather|SunnyDay\n|\n|-weather|SunnyDay|[upkeep]\n|-heal|p1a: Weezing|393\/504|[from] item: Black Sludge\n|upkeep\n|turn|25\n|\n|t:|1617839759\n|move|p1a: Weezing|Max Guard|p1a: Weezing\n|-singleturn|p1a: Weezing|Max Guard\n|move|p2a: Incineroar|Max Flare|p1a: Weezing\n|-activate|p1a: Weezing|move: Max Guard\n|\n|-weather|SunnyDay|[upkeep]\n|-heal|p1a: Weezing|408\/504|[from] item: Black Sludge\n|-end|p2a: Incineroar|Dynamax\n|-heal|p2a: Incineroar|240\/283|[silent]\n|upkeep\n|turn|26\n|\n|t:|1617839768\n|move|p1a: Weezing|Max Ooze|p2a: Incineroar\n|-damage|p2a: Incineroar|110\/283\n|-boost|p1a: Weezing|spa|1\n|move|p2a: Incineroar|Flare Blitz|p1a: Weezing\n|-damage|p1a: Weezing|260\/504\n|-damage|p2a: Incineroar|61\/283|[from] Recoil\n|\n|-weather|SunnyDay|[upkeep]\n|-heal|p1a: Weezing|275\/504|[from] item: Black Sludge\n|-end|p1a: Weezing|Dynamax\n|-heal|p1a: Weezing|138\/252|[silent]\n|upkeep\n|turn|27\n|inactive|GrovyleRocks has 120 seconds left.\n|\n|t:|1617839782\n|move|p1a: Weezing|Sludge Bomb|p2a: Incineroar\n|-damage|p2a: Incineroar|0 fnt\n|faint|p2a: Incineroar\n|\n|-weather|SunnyDay|[upkeep]\n|-heal|p1a: Weezing|153\/252|[from] item: Black Sludge\n|upkeep\n|\n|t:|1617839784\n|switch|p2a: Audino|Audino, L88, M|190\/325 par\n|turn|28\n|inactive|GrovyleRocks has 120 seconds left.\n|\n|t:|1617839794\n|move|p1a: Weezing|Sludge Bomb|p2a: Audino\n|-damage|p2a: Audino|10\/325 par\n|move|p2a: Audino|Wish|p2a: Audino\n|\n|-weather|none\n|-heal|p1a: Weezing|168\/252|[from] item: Black Sludge\n|-heal|p2a: Audino|30\/325 par|[from] item: Leftovers\n|upkeep\n|turn|29\n|\n|t:|1617839804\n|switch|p2a: Kyurem|Kyurem-Black, L74|307\/307\n|-ability|p2a: Kyurem|Teravolt\n|move|p1a: Weezing|Sludge Bomb|p2a: Kyurem\n|-damage|p2a: Kyurem|102\/307\n|\n|-heal|p2a: Kyurem|264\/307|[from] move: Wish|[wisher] Audino\n|-heal|p1a: Weezing|183\/252|[from] item: Black Sludge\n|upkeep\n|turn|30\n|\n|t:|1617839815\n|move|p2a: Kyurem|Dragon Dance|p2a: Kyurem\n|-boost|p2a: Kyurem|atk|1\n|-boost|p2a: Kyurem|spe|1\n|move|p1a: Weezing|Strange Steam|p2a: Kyurem\n|-supereffective|p2a: Kyurem\n|-damage|p2a: Kyurem|0 fnt\n|faint|p2a: Kyurem\n|\n|-heal|p1a: Weezing|198\/252|[from] item: Black Sludge\n|upkeep\n|-message|TehranTyphlosions forfeited.\n|\n|win|GrovyleRocks\n|raw|GrovyleRocks's rating: 1767 &rarr; <strong>1784<\/strong><br \/>(+17 for winning)\n|raw|TehranTyphlosions's rating: 1720 &rarr; <strong>1703<\/strong><br \/>(-17 for losing)\n|l|\u2606TehranTyphlosions\n","inputlog":">version 3b1d3844ddde4f6d59a3f64687be3227f959124f\n>start {\"formatid\":\"gen8randombattle\",\"seed\":[14987,14261,29384,56040],\"rated\":\"Rated battle\"}\n>player p1 {\"name\":\"GrovyleRocks\",\"avatar\":\"102\",\"rating\":1767,\"seed\":[16196,61569,23055,13979]}\n>player p2 {\"name\":\"TehranTyphlosions\",\"avatar\":\"clair\",\"rating\":1720,\"seed\":[47758,2692,51232,64213]}\n>p1 move scald\n>p2 switch 4\n>p1 switch 6\n>p2 move stealthrock\n>p1 move bulkup\n>p2 switch 5\n>p1 move drainpunch\n>p2 move thunderbolt\n>p1 move drainpunch\n>p2 move thunderbolt\n>p2 switch 4\n>p1 move icepunch\n>p2 move sludgewave\n>p1 switch 3\n>p1 move nastyplot\n>p2 move sludgewave\n>p1 move rest\n>p2 move sludgewave\n>p1 switch 6\n>p1 move hurricane\n>p2 switch 5\n>p1 move hurricane\n>p2 move knockoff\n>p1 move hurricane\n>p2 move knockoff\n>p1 move hurricane\n>p2 move powerwhip\n>p2 switch 6\n>p1 move toxic\n>p2 move toxic\n>p1 switch 4\n>p2 move protect\n>p1 move defog\n>p2 switch 3\n>p1 switch 2\n>p2 move knockoff\n>p1 move glare\n>p2 switch 3\n>p1 move hypervoice\n>p2 move knockoff\n>p1 move hypervoice\n>p2 move toxic\n>p1 move roost\n>p2 move protect\n>p1 move hypervoice\n>p2 switch 5\n>p1 move dracometeor\n>p2 move focusblast\n>p2 switch 3\n>p1 move glare\n>p2 move knockoff dynamax\n>p1 switch 2\n>p1 move sludgebomb dynamax\n>p2 move flareblitz dynamax\n>p1 move willowisp dynamax\n>p2 move flareblitz dynamax\n>p1 move sludgebomb dynamax\n>p2 move flareblitz\n>p1 move sludgebomb\n>p2 move flareblitz\n>p2 switch 5\n>p1 move sludgebomb\n>p2 move wish\n>p1 move sludgebomb\n>p2 switch 2\n>p1 move strangesteam\n>p2 move dragondance\n>forcelose p2","uploadtime":1617839827,"views":8,"p1id":"grovylerocks","p2id":"tehrantyphlosions","formatid":"gen8randombattle","rating":1703,"private":0,"password":null}