{"id":"gen8nationaldex-1484686384","p1":"Prepeeee","p2":"Kikoobuster","format":"gen8nationaldex","log":"|j|\u203dPrepeeee\n|j|\u2606Kikoobuster\n|t:|1641233394\n|gametype|singles\n|player|p1|Prepeeee|policeman|1569\n|player|p2|Kikoobuster|n|1538\n|teamsize|p1|6\n|teamsize|p2|6\n|gen|8\n|tier|[Gen 8] National Dex\n|rated|\n|rule|HP Percentage Mod: HP is shown in percentages\n|rule|Endless Battle Clause: Forcing endless battles is banned\n|rule|OHKO Clause: OHKO moves are banned\n|rule|Evasion Moves Clause: Evasion moves are banned\n|rule|Species Clause: Limit one of each Pok\u00e9mon\n|rule|Dynamax Clause: You cannot dynamax\n|rule|Sleep Clause Mod: Limit one foe put to sleep\n|clearpoke\n|poke|p1|Drapion, F|\n|poke|p1|Chansey, F|\n|poke|p1|Gliscor, F|\n|poke|p1|Victini|\n|poke|p1|Keldeo-Resolute|\n|poke|p1|Diancie|\n|poke|p2|Sandaconda, M|\n|poke|p2|Excadrill, M|\n|poke|p2|Lycanroc, F|\n|poke|p2|Breloom, F|\n|poke|p2|Pinsir, M|\n|poke|p2|Tyranitar, F|\n|teampreview\n|inactive|Battle timer is ON: inactive players will automatically lose when time's up. (requested by Prepeeee)\n|\n|t:|1641233399\n|start\n|switch|p1a: Drapion|Drapion, F|100\/100\n|switch|p2a: Sandaconda|Sandaconda, M|100\/100\n|turn|1\n|\n|t:|1641233406\n|-zpower|p1a: Drapion\n|move|p1a: Drapion|Z-Acupressure|p1a: Drapion|[anim]Acupressure\n|-start|p1a: Drapion|move: Focus Energy|[zeffect]\n|-boost|p1a: Drapion|def|2\n|move|p2a: Sandaconda|Earthquake|p1a: Drapion\n|-supereffective|p1a: Drapion\n|-damage|p1a: Drapion|58\/100\n|\n|upkeep\n|turn|2\n|\n|t:|1641233414\n|move|p1a: Drapion|Acupressure|p1a: Drapion\n|-boost|p1a: Drapion|def|2\n|move|p2a: Sandaconda|Glare|p1a: Drapion\n|-status|p1a: Drapion|par\n|\n|upkeep\n|turn|3\n|\n|t:|1641233420\n|move|p2a: Sandaconda|Earthquake|p1a: Drapion\n|-supereffective|p1a: Drapion\n|-damage|p1a: Drapion|29\/100 par\n|move|p1a: Drapion|Acupressure|p1a: Drapion\n|-boost|p1a: Drapion|def|2\n|\n|upkeep\n|turn|4\n|\n|t:|1641233425\n|move|p2a: Sandaconda|Earthquake|p1a: Drapion\n|-supereffective|p1a: Drapion\n|-damage|p1a: Drapion|10\/100 par\n|move|p1a: Drapion|Acupressure|p1a: Drapion\n|-boost|p1a: Drapion|atk|2\n|\n|upkeep\n|turn|5\n|\n|t:|1641233428\n|move|p2a: Sandaconda|Earthquake|p1a: Drapion\n|-supereffective|p1a: Drapion\n|-damage|p1a: Drapion|0 fnt\n|faint|p1a: Drapion\n|\n|upkeep\n|\n|t:|1641233431\n|switch|p1a: Keldeo|Keldeo-Resolute|100\/100\n|turn|6\n|\n|t:|1641233434\n|switch|p2a: Tyranitar|Tyranitar, F|100\/100\n|-weather|Sandstorm|[from] ability: Sand Stream|[of] p2a: Tyranitar\n|move|p1a: Keldeo|Hydro Pump|p2a: Tyranitar\n|-supereffective|p2a: Tyranitar\n|-damage|p2a: Tyranitar|56\/100\n|\n|-weather|Sandstorm|[upkeep]\n|-damage|p1a: Keldeo|94\/100|[from] Sandstorm\n|upkeep\n|turn|7\n|\n|t:|1641233440\n|switch|p1a: Diancie|Diancie|100\/100\n|move|p2a: Tyranitar|Stone Edge|p1a: Diancie|[miss]\n|-miss|p2a: Tyranitar|p1a: Diancie\n|\n|-weather|Sandstorm|[upkeep]\n|upkeep\n|turn|8\n|\n|t:|1641233450\n|detailschange|p1a: Diancie|Diancie-Mega\n|-mega|p1a: Diancie|Diancie|Diancite\n|move|p1a: Diancie|Moonblast|p2a: Tyranitar\n|-supereffective|p2a: Tyranitar\n|-damage|p2a: Tyranitar|26\/100\n|-unboost|p2a: Tyranitar|spa|1\n|move|p2a: Tyranitar|Earthquake|p1a: Diancie\n|-supereffective|p1a: Diancie\n|-damage|p1a: Diancie|14\/100\n|\n|-weather|Sandstorm|[upkeep]\n|upkeep\n|turn|9\n|\n|t:|1641233455\n|switch|p2a: Excadrill|Excadrill, M|100\/100\n|move|p1a: Diancie|Moonblast|p2a: Excadrill\n|-resisted|p2a: Excadrill\n|-damage|p2a: Excadrill|59\/100\n|\n|-weather|Sandstorm|[upkeep]\n|upkeep\n|turn|10\n|\n|t:|1641233459\n|switch|p1a: Gliscor|Gliscor, F|100\/100\n|move|p2a: Excadrill|Iron Head|p1a: Gliscor\n|-damage|p1a: Gliscor|77\/100\n|\n|-weather|none\n|-status|p1a: Gliscor|tox|[from] item: Toxic Orb\n|upkeep\n|turn|11\n|\n|t:|1641233463\n|switch|p2a: Sandaconda|Sandaconda, M|100\/100\n|move|p1a: Gliscor|U-turn|p2a: Sandaconda\n|-damage|p2a: Sandaconda|92\/100\n|-weather|Sandstorm|[from] ability: Sand Spit|[of] p2a: Sandaconda\n|\n|t:|1641233465\n|switch|p1a: Keldeo|Keldeo-Resolute|94\/100|[from]move: U-turn\n|\n|-weather|Sandstorm|[upkeep]\n|-damage|p1a: Keldeo|88\/100|[from] Sandstorm\n|upkeep\n|turn|12\n|\n|t:|1641233469\n|move|p1a: Keldeo|Hydro Pump|p2a: Sandaconda\n|-supereffective|p2a: Sandaconda\n|-crit|p2a: Sandaconda\n|-damage|p2a: Sandaconda|0 fnt\n|faint|p2a: Sandaconda\n|\n|-weather|Sandstorm|[upkeep]\n|-damage|p1a: Keldeo|82\/100|[from] Sandstorm\n|upkeep\n|\n|t:|1641233476\n|switch|p2a: Lycanroc|Lycanroc, F|100\/100\n|turn|13\n|\n|t:|1641233481\n|move|p2a: Lycanroc|Play Rough|p1a: Keldeo|[miss]\n|-miss|p2a: Lycanroc|p1a: Keldeo\n|move|p1a: Keldeo|Hydro Pump|p2a: Lycanroc\n|-supereffective|p2a: Lycanroc\n|-damage|p2a: Lycanroc|0 fnt\n|faint|p2a: Lycanroc\n|\n|-weather|Sandstorm|[upkeep]\n|-damage|p1a: Keldeo|76\/100|[from] Sandstorm\n|upkeep\n|\n|t:|1641233493\n|switch|p2a: Breloom|Breloom, F|100\/100\n|turn|14\n|\n|t:|1641233503\n|switch|p1a: Diancie|Diancie-Mega|14\/100\n|move|p2a: Breloom|Spore|p1a: Diancie\n|move|p1a: Diancie|Spore|p2a: Breloom|[from]ability: Magic Bounce\n|-immune|p2a: Breloom\n|\n|-weather|Sandstorm|[upkeep]\n|-damage|p2a: Breloom|94\/100|[from] Sandstorm\n|-status|p2a: Breloom|tox|[from] item: Toxic Orb\n|upkeep\n|turn|15\n|\n|t:|1641233517\n|switch|p1a: Victini|Victini|100\/100\n|move|p2a: Breloom|Substitute|p2a: Breloom\n|-start|p2a: Breloom|Substitute\n|-damage|p2a: Breloom|69\/100 tox\n|\n|-weather|none\n|-heal|p2a: Breloom|82\/100 tox|[from] ability: Poison Heal\n|upkeep\n|turn|16\n|\n|t:|1641233521\n|move|p1a: Victini|Zen Headbutt|p2a: Breloom\n|-supereffective|p2a: Breloom\n|-end|p2a: Breloom|Substitute\n|move|p2a: Breloom|Spore|p1a: Victini\n|-status|p1a: Victini|slp|[from] move: Spore\n|\n|-heal|p2a: Breloom|94\/100 tox|[from] ability: Poison Heal\n|upkeep\n|turn|17\n|\n|t:|1641233526\n|cant|p1a: Victini|slp\n|move|p2a: Breloom|Substitute|p2a: Breloom\n|-start|p2a: Breloom|Substitute\n|-damage|p2a: Breloom|69\/100 tox\n|\n|-heal|p2a: Breloom|82\/100 tox|[from] ability: Poison Heal\n|upkeep\n|turn|18\n|\n|t:|1641233528\n|cant|p1a: Victini|slp\n|move|p2a: Breloom|Leech Seed|p1a: Victini\n|-start|p1a: Victini|move: Leech Seed\n|\n|-damage|p1a: Victini|88\/100 slp|[from] Leech Seed|[of] p2a: Breloom\n|-heal|p2a: Breloom|95\/100 tox|[silent]\n|-heal|p2a: Breloom|100\/100 tox|[from] ability: Poison Heal\n|upkeep\n|turn|19\n|\n|t:|1641233533\n|switch|p1a: Gliscor|Gliscor, F|77\/100 tox\n|move|p2a: Breloom|Spore||[still]\n|-fail|p2a: Breloom\n|\n|-heal|p1a: Gliscor|89\/100 tox|[from] ability: Poison Heal\n|upkeep\n|turn|20\n|\n|t:|1641233537\n|-singleturn|p2a: Breloom|move: Focus Punch\n|move|p1a: Gliscor|Earthquake|p2a: Breloom\n|-resisted|p2a: Breloom\n|-activate|p2a: Breloom|move: Substitute|[damage]\n|move|p2a: Breloom|Focus Punch|p1a: Gliscor\n|-resisted|p1a: Gliscor\n|-damage|p1a: Gliscor|71\/100 tox\n|\n|-heal|p1a: Gliscor|83\/100 tox|[from] ability: Poison Heal\n|upkeep\n|turn|21\n|\n|t:|1641233548\n|move|p1a: Gliscor|Earthquake|p2a: Breloom\n|-resisted|p2a: Breloom\n|-end|p2a: Breloom|Substitute\n|move|p2a: Breloom|Leech Seed|p1a: Gliscor|[miss]\n|-miss|p2a: Breloom|p1a: Gliscor\n|\n|-heal|p1a: Gliscor|95\/100 tox|[from] ability: Poison Heal\n|upkeep\n|turn|22\n|\n|t:|1641233553\n|move|p1a: Gliscor|U-turn|p2a: Breloom\n|-damage|p2a: Breloom|80\/100 tox\n|\n|t:|1641233559\n|switch|p1a: Diancie|Diancie-Mega|14\/100|[from]move: U-turn\n|move|p2a: Breloom|Substitute|p2a: Breloom\n|-start|p2a: Breloom|Substitute\n|-damage|p2a: Breloom|55\/100 tox\n|\n|-heal|p2a: Breloom|67\/100 tox|[from] ability: Poison Heal\n|upkeep\n|turn|23\n|\n|t:|1641233564\n|-singleturn|p2a: Breloom|move: Focus Punch\n|move|p1a: Diancie|Moonblast|p2a: Breloom\n|-supereffective|p2a: Breloom\n|-end|p2a: Breloom|Substitute\n|move|p2a: Breloom|Focus Punch|p1a: Diancie\n|-damage|p1a: Diancie|0 fnt\n|faint|p1a: Diancie\n|\n|-heal|p2a: Breloom|80\/100 tox|[from] ability: Poison Heal\n|upkeep\n|\n|t:|1641233567\n|switch|p1a: Keldeo|Keldeo-Resolute|76\/100\n|turn|24\n|\n|t:|1641233574\n|switch|p2a: Tyranitar|Tyranitar, F|26\/100\n|-weather|Sandstorm|[from] ability: Sand Stream|[of] p2a: Tyranitar\n|move|p1a: Keldeo|Secret Sword|p2a: Tyranitar\n|-supereffective|p2a: Tyranitar\n|-damage|p2a: Tyranitar|0 fnt\n|faint|p2a: Tyranitar\n|\n|-weather|Sandstorm|[upkeep]\n|-damage|p1a: Keldeo|70\/100|[from] Sandstorm\n|upkeep\n|\n|t:|1641233576\n|switch|p2a: Excadrill|Excadrill, M|59\/100\n|turn|25\n|\n|t:|1641233582\n|-zpower|p2a: Excadrill\n|move|p2a: Excadrill|Breakneck Blitz|p1a: Keldeo|[zeffect]\n|-damage|p1a: Keldeo|0 fnt\n|faint|p1a: Keldeo\n|\n|-weather|Sandstorm|[upkeep]\n|upkeep\n|\n|t:|1641233586\n|switch|p1a: Gliscor|Gliscor, F|95\/100 tox\n|turn|26\n|\n|t:|1641233592\n|move|p2a: Excadrill|Iron Head|p1a: Gliscor\n|-damage|p1a: Gliscor|69\/100 tox\n|cant|p1a: Gliscor|flinch\n|\n|-weather|Sandstorm|[upkeep]\n|-heal|p1a: Gliscor|82\/100 tox|[from] ability: Poison Heal\n|upkeep\n|turn|27\n|\n|t:|1641233595\n|move|p2a: Excadrill|Iron Head|p1a: Gliscor\n|-damage|p1a: Gliscor|55\/100 tox\n|cant|p1a: Gliscor|flinch\n|\n|-weather|Sandstorm|[upkeep]\n|-heal|p1a: Gliscor|68\/100 tox|[from] ability: Poison Heal\n|upkeep\n|turn|28\n|\n|t:|1641233597\n|move|p2a: Excadrill|Iron Head|p1a: Gliscor\n|-damage|p1a: Gliscor|41\/100 tox\n|move|p1a: Gliscor|Roost|p1a: Gliscor\n|-heal|p1a: Gliscor|91\/100 tox\n|-singleturn|p1a: Gliscor|move: Roost\n|\n|-weather|none\n|-heal|p1a: Gliscor|100\/100 tox|[from] ability: Poison Heal\n|upkeep\n|turn|29\n|\n|t:|1641233599\n|move|p2a: Excadrill|Iron Head|p1a: Gliscor\n|-damage|p1a: Gliscor|73\/100 tox\n|move|p1a: Gliscor|Earthquake|p2a: Excadrill\n|-supereffective|p2a: Excadrill\n|-damage|p2a: Excadrill|0 fnt\n|faint|p2a: Excadrill\n|\n|-heal|p1a: Gliscor|86\/100 tox|[from] ability: Poison Heal\n|upkeep\n|\n|t:|1641233604\n|switch|p2a: Breloom|Breloom, F|80\/100 tox\n|turn|30\n|\n|t:|1641233607\n|move|p1a: Gliscor|Earthquake|p2a: Breloom\n|-resisted|p2a: Breloom\n|-damage|p2a: Breloom|58\/100 tox\n|move|p2a: Breloom|Substitute|p2a: Breloom\n|-start|p2a: Breloom|Substitute\n|-damage|p2a: Breloom|33\/100 tox\n|\n|-heal|p1a: Gliscor|98\/100 tox|[from] ability: Poison Heal\n|-heal|p2a: Breloom|45\/100 tox|[from] ability: Poison Heal\n|upkeep\n|turn|31\n|\n|t:|1641233610\n|move|p1a: Gliscor|Earthquake|p2a: Breloom\n|-resisted|p2a: Breloom\n|-activate|p2a: Breloom|move: Substitute|[damage]\n|move|p2a: Breloom|Leech Seed|p1a: Gliscor|[miss]\n|-miss|p2a: Breloom|p1a: Gliscor\n|\n|-heal|p1a: Gliscor|100\/100 tox|[from] ability: Poison Heal\n|-heal|p2a: Breloom|58\/100 tox|[from] ability: Poison Heal\n|upkeep\n|turn|32\n|\n|t:|1641233616\n|move|p1a: Gliscor|Earthquake|p2a: Breloom\n|-resisted|p2a: Breloom\n|-end|p2a: Breloom|Substitute\n|move|p2a: Breloom|Leech Seed|p1a: Gliscor|[miss]\n|-miss|p2a: Breloom|p1a: Gliscor\n|\n|-heal|p2a: Breloom|70\/100 tox|[from] ability: Poison Heal\n|upkeep\n|turn|33\n|c|\u2606Kikoobuster|what?\n|\n|t:|1641233627\n|move|p1a: Gliscor|Earthquake|p2a: Breloom\n|-resisted|p2a: Breloom\n|-damage|p2a: Breloom|47\/100 tox\n|move|p2a: Breloom|Substitute|p2a: Breloom\n|-start|p2a: Breloom|Substitute\n|-damage|p2a: Breloom|22\/100 tox\n|\n|-heal|p2a: Breloom|35\/100 tox|[from] ability: Poison Heal\n|upkeep\n|turn|34\n|\n|t:|1641233629\n|move|p1a: Gliscor|Earthquake|p2a: Breloom\n|-resisted|p2a: Breloom\n|-activate|p2a: Breloom|move: Substitute|[damage]\n|move|p2a: Breloom|Leech Seed|p1a: Gliscor|[miss]\n|-miss|p2a: Breloom|p1a: Gliscor\n|\n|-heal|p2a: Breloom|47\/100 tox|[from] ability: Poison Heal\n|upkeep\n|turn|35\n|\n|t:|1641233644\n|move|p1a: Gliscor|Earthquake|p2a: Breloom\n|-resisted|p2a: Breloom\n|-end|p2a: Breloom|Substitute\n|move|p2a: Breloom|Leech Seed|p1a: Gliscor|[miss]\n|-miss|p2a: Breloom|p1a: Gliscor\n|\n|-heal|p2a: Breloom|60\/100 tox|[from] ability: Poison Heal\n|upkeep\n|turn|36\n|c|\u2606Kikoobuster|why?\n|\n|t:|1641233668\n|move|p1a: Gliscor|Earthquake|p2a: Breloom\n|-resisted|p2a: Breloom\n|-damage|p2a: Breloom|39\/100 tox\n|move|p2a: Breloom|Substitute|p2a: Breloom\n|-start|p2a: Breloom|Substitute\n|-damage|p2a: Breloom|14\/100 tox\n|\n|-heal|p2a: Breloom|27\/100 tox|[from] ability: Poison Heal\n|upkeep\n|turn|37\n|\n|t:|1641233673\n|move|p1a: Gliscor|Earthquake|p2a: Breloom\n|-resisted|p2a: Breloom\n|-activate|p2a: Breloom|move: Substitute|[damage]\n|move|p2a: Breloom|Leech Seed|p1a: Gliscor\n|-start|p1a: Gliscor|move: Leech Seed\n|\n|-damage|p1a: Gliscor|88\/100 tox|[from] Leech Seed|[of] p2a: Breloom\n|-heal|p2a: Breloom|40\/100 tox|[silent]\n|-heal|p1a: Gliscor|100\/100 tox|[from] ability: Poison Heal\n|-heal|p2a: Breloom|53\/100 tox|[from] ability: Poison Heal\n|upkeep\n|turn|38\n|-message|Prepeeee forfeited.\n|\n|win|Kikoobuster\n|raw|Prepeeee's rating: 1569 &rarr; <strong>1547<\/strong><br \/>(-22 for losing)\n|raw|Kikoobuster's rating: 1538 &rarr; <strong>1560<\/strong><br \/>(+22 for winning)\n|l|\u203dPrepeeee\n||Ladder isn't responding, score probably updated but might not have (Request timeout).\n","uploadtime":1641233701,"views":14,"p1id":"prepeeee","p2id":"kikoobuster","formatid":"gen8nationaldex","rating":1547,"private":0,"password":null}