{"id":"gen8ou-1631006193","p1":"reionatro","p2":"LT91BB ES","format":"gen8ou","log":"|raw|<div class=\"broadcast-blue\"><strong>This battle is required to be public due to a player having a name starting with 'lt91bb'.<\/div>\n|j|\u2606reionatro\n|j|\u2606LT91BB ES\n|t:|1659486687\n|gametype|singles\n|player|p1|reionatro|265|1799\n|player|p2|LT91BB ES|archer|1909\n|teamsize|p1|6\n|teamsize|p2|6\n|gen|8\n|tier|[Gen 8] OU\n|rated|\n|rule|Sleep Clause Mod: Limit one foe put to sleep\n|rule|Species Clause: Limit one of each Pok\u00e9mon\n|rule|OHKO Clause: OHKO moves are banned\n|rule|Evasion Moves Clause: Evasion moves are banned\n|rule|Endless Battle Clause: Forcing endless battles is banned\n|rule|HP Percentage Mod: HP is shown in percentages\n|rule|Dynamax Clause: You cannot dynamax\n|clearpoke\n|poke|p1|Nihilego|\n|poke|p1|Zapdos-Galar|\n|poke|p1|Kartana|\n|poke|p1|Celesteela|\n|poke|p1|Garchomp, F|\n|poke|p1|Tapu Fini|\n|poke|p2|Kartana|\n|poke|p2|Excadrill, M|\n|poke|p2|Mamoswine, M|\n|poke|p2|Urshifu-*, M|\n|poke|p2|Zapdos|\n|poke|p2|Hydreigon, F|\n|teampreview\n|c|\u2606reionatro|hf\n|\n|t:|1659486705\n|start\n|switch|p1a: Kartana|Kartana|100\/100\n|switch|p2a: NORTHERN IMPACT|Mamoswine, M|100\/100\n|turn|1\n|\n|t:|1659486719\n|switch|p2a: LET IT SHINE|Zapdos|100\/100\n|move|p1a: Kartana|Leaf Blade|p2a: LET IT SHINE\n|-resisted|p2a: LET IT SHINE\n|-damage|p2a: LET IT SHINE|64\/100\n|\n|upkeep\n|turn|2\n|inactive|Battle timer is ON: inactive players will automatically lose when time's up. (requested by LT91BB ES)\n|\n|t:|1659486752\n|switch|p1a: Garchomp|Garchomp, F|100\/100\n|move|p2a: LET IT SHINE|Hurricane|p1a: Garchomp\n|-damage|p1a: Garchomp|52\/100\n|\n|upkeep\n|turn|3\n|\n|t:|1659486762\n|switch|p2a: NORTHERN IMPACT|Mamoswine, M|100\/100\n|move|p1a: Garchomp|Toxic|p2a: NORTHERN IMPACT\n|-status|p2a: NORTHERN IMPACT|tox\n|\n|-damage|p2a: NORTHERN IMPACT|94\/100 tox|[from] psn\n|upkeep\n|turn|4\n|\n|t:|1659486769\n|switch|p1a: Tapu Fini|Tapu Fini|100\/100\n|-fieldstart|move: Misty Terrain|[from] ability: Misty Surge|[of] p1a: Tapu Fini\n|move|p2a: NORTHERN IMPACT|Stealth Rock|p1a: Tapu Fini\n|-sidestart|p1: reionatro|move: Stealth Rock\n|\n|-damage|p2a: NORTHERN IMPACT|82\/100 tox|[from] psn\n|upkeep\n|turn|5\n|j| LT91BB Livio\n|\n|t:|1659486793\n|move|p2a: NORTHERN IMPACT|Earthquake|p1a: Tapu Fini\n|-damage|p1a: Tapu Fini|60\/100\n|move|p1a: Tapu Fini|Scald|p2a: NORTHERN IMPACT\n|-supereffective|p2a: NORTHERN IMPACT\n|-damage|p2a: NORTHERN IMPACT|9\/100 tox\n|\n|-heal|p1a: Tapu Fini|66\/100|[from] item: Leftovers\n|-damage|p2a: NORTHERN IMPACT|0 fnt|[from] psn\n|faint|p2a: NORTHERN IMPACT\n|upkeep\n|\n|t:|1659486804\n|switch|p2a: SPARTACUS|Kartana|100\/100\n|turn|6\n|inactive|reionatro has 120 seconds left.\n|inactive|reionatro has 90 seconds left.\n|\n|t:|1659486868\n|switch|p1a: Garchomp|Garchomp, F|52\/100\n|-damage|p1a: Garchomp|45\/100|[from] Stealth Rock\n|move|p2a: SPARTACUS|Leaf Blade|p1a: Garchomp\n|-damage|p1a: Garchomp|0 fnt\n|-damage|p2a: SPARTACUS|88\/100|[from] ability: Rough Skin|[of] p1a: Garchomp\n|-damage|p2a: SPARTACUS|72\/100|[from] item: Rocky Helmet|[of] p1a: Garchomp\n|faint|p1a: Garchomp\n|-ability|p2a: SPARTACUS|Beast Boost|boost\n|-boost|p2a: SPARTACUS|atk|1\n|\n|upkeep\n|\n|t:|1659486896\n|switch|p1a: Celesteela|Celesteela|100\/100\n|-damage|p1a: Celesteela|88\/100|[from] Stealth Rock\n|turn|7\n|\n|t:|1659486903\n|switch|p2a: YAMATA|Hydreigon, F|100\/100\n|move|p1a: Celesteela|Autotomize|p1a: Celesteela\n|-boost|p1a: Celesteela|spe|2\n|-start|p1a: Celesteela|Autotomize\n|\n|upkeep\n|turn|8\n|inactive|reionatro has 60 seconds left.\n|j| LT91BB Futility\n|\n|t:|1659486928\n|switch|p1a: Tapu Fini|Tapu Fini|66\/100\n|-damage|p1a: Tapu Fini|54\/100|[from] Stealth Rock\n|move|p2a: YAMATA|Dark Pulse|p1a: Tapu Fini\n|-resisted|p1a: Tapu Fini\n|-damage|p1a: Tapu Fini|33\/100\n|-damage|p2a: YAMATA|91\/100|[from] item: Life Orb\n|\n|-heal|p1a: Tapu Fini|40\/100|[from] item: Leftovers\n|-fieldend|Misty Terrain\n|upkeep\n|turn|9\n|l| LT91BB Futility\n|inactive|reionatro has 60 seconds left.\n|\n|t:|1659486951\n|move|p2a: YAMATA|Flash Cannon|p1a: Tapu Fini\n|-damage|p1a: Tapu Fini|9\/100\n|-damage|p2a: YAMATA|81\/100|[from] item: Life Orb\n|move|p1a: Tapu Fini|Scald|p2a: YAMATA\n|-resisted|p2a: YAMATA\n|-damage|p2a: YAMATA|64\/100\n|\n|-heal|p1a: Tapu Fini|15\/100|[from] item: Leftovers\n|upkeep\n|turn|10\n|\n|t:|1659486960\n|move|p2a: YAMATA|Dark Pulse|p1a: Tapu Fini\n|-resisted|p1a: Tapu Fini\n|-damage|p1a: Tapu Fini|0 fnt\n|faint|p1a: Tapu Fini\n|-damage|p2a: YAMATA|54\/100|[from] item: Life Orb\n|\n|upkeep\n|inactive|reionatro has 60 seconds left.\n|\n|t:|1659486991\n|switch|p1a: Zapdos|Zapdos-Galar|100\/100\n|-damage|p1a: Zapdos|88\/100|[from] Stealth Rock\n|turn|11\n|\n|t:|1659486995\n|move|p1a: Zapdos|U-turn|p2a: YAMATA\n|-supereffective|p2a: YAMATA\n|-damage|p2a: YAMATA|0 fnt\n|faint|p2a: YAMATA\n|\n|t:|1659487015\n|switch|p1a: Kartana|Kartana|100\/100|[from]move: U-turn\n|-damage|p1a: Kartana|94\/100|[from] Stealth Rock\n|\n|upkeep\n|inactive|LT91BB ES has 120 seconds left.\n|\n|t:|1659487049\n|switch|p2a: LET IT SHINE|Zapdos|64\/100\n|turn|12\n|inactive|reionatro has 30 seconds left.\n|\n|t:|1659487075\n|move|p1a: Kartana|Knock Off|p2a: LET IT SHINE\n|-damage|p2a: LET IT SHINE|7\/100\n|-enditem|p2a: LET IT SHINE|Heavy-Duty Boots|[from] move: Knock Off|[of] p1a: Kartana\n|move|p2a: LET IT SHINE|Volt Switch|p1a: Kartana\n|-resisted|p1a: Kartana\n|-damage|p1a: Kartana|36\/100\n|inactive|reionatro has 30 seconds left this turn.\n|\n|t:|1659487083\n|switch|p2a: SPARTACUS|Kartana|72\/100|[from]move: Volt Switch\n|\n|upkeep\n|turn|13\n|\n|t:|1659487088\n|move|p1a: Kartana|Knock Off|p2a: SPARTACUS\n|-damage|p2a: SPARTACUS|22\/100\n|-enditem|p2a: SPARTACUS|Choice Scarf|[from] move: Knock Off|[of] p1a: Kartana\n|move|p2a: SPARTACUS|Sacred Sword|p1a: Kartana\n|-supereffective|p1a: Kartana\n|-damage|p1a: Kartana|0 fnt\n|faint|p1a: Kartana\n|-ability|p2a: SPARTACUS|Beast Boost|boost\n|-boost|p2a: SPARTACUS|atk|1\n|\n|upkeep\n|inactive|reionatro has 30 seconds left.\n|inactive|reionatro has 20 seconds left.\n|inactive|reionatro has 15 seconds left.\n|\n|t:|1659487114\n|switch|p1a: Zapdos|Zapdos-Galar|88\/100\n|-damage|p1a: Zapdos|76\/100|[from] Stealth Rock\n|turn|14\n|inactive|reionatro has 25 seconds left this turn.\n|inactive|reionatro has 20 seconds left.\n|\n|t:|1659487124\n|switch|p2a: BIG MOLE|Excadrill, M|100\/100\n|-ability|p2a: BIG MOLE|Mold Breaker\n|move|p1a: Zapdos|Brave Bird|p2a: BIG MOLE\n|-resisted|p2a: BIG MOLE\n|-damage|p2a: BIG MOLE|46\/100\n|-damage|p1a: Zapdos|56\/100|[from] Recoil\n|\n|upkeep\n|turn|15\n|inactive|reionatro has 30 seconds left this turn.\n|inactive|reionatro has 20 seconds left.\n|\n|t:|1659487137\n|switch|p1a: Nihilego|Nihilego|100\/100\n|-damage|p1a: Nihilego|88\/100|[from] Stealth Rock\n|move|p2a: BIG MOLE|Iron Head|p1a: Nihilego\n|-supereffective|p1a: Nihilego\n|-damage|p1a: Nihilego|0 fnt\n|faint|p1a: Nihilego\n|\n|upkeep\n|inactive|reionatro has 25 seconds left this turn.\n|\n|t:|1659487140\n|switch|p1a: Celesteela|Celesteela|88\/100\n|-damage|p1a: Celesteela|76\/100|[from] Stealth Rock\n|turn|16\n|\n|t:|1659487151\n|move|p2a: BIG MOLE|Iron Head|p1a: Celesteela\n|-resisted|p1a: Celesteela\n|-damage|p1a: Celesteela|57\/100\n|cant|p1a: Celesteela|flinch\n|\n|upkeep\n|turn|17\n|\n|t:|1659487157\n|move|p2a: BIG MOLE|Iron Head|p1a: Celesteela\n|-resisted|p1a: Celesteela\n|-damage|p1a: Celesteela|40\/100\n|move|p1a: Celesteela|Autotomize|p1a: Celesteela\n|-boost|p1a: Celesteela|spe|2\n|-start|p1a: Celesteela|Autotomize\n|\n|upkeep\n|turn|18\n|\n|t:|1659487165\n|move|p1a: Celesteela|Flamethrower|p2a: BIG MOLE\n|-supereffective|p2a: BIG MOLE\n|-damage|p2a: BIG MOLE|0 fnt\n|faint|p2a: BIG MOLE\n|-ability|p1a: Celesteela|Beast Boost|boost\n|-boost|p1a: Celesteela|spa|1\n|\n|upkeep\n|\n|t:|1659487167\n|switch|p2a: SHION|Urshifu-Rapid-Strike, M|100\/100\n|turn|19\n|\n|t:|1659487172\n|move|p1a: Celesteela|Air Slash|p2a: SHION\n|-supereffective|p2a: SHION\n|-damage|p2a: SHION|0 fnt\n|faint|p2a: SHION\n|-ability|p1a: Celesteela|Beast Boost|boost\n|-boost|p1a: Celesteela|spa|1\n|\n|upkeep\n|-message|LT91BB ES forfeited.\n|\n|win|reionatro\n|raw|reionatro's rating: 1799 &rarr; <strong>1825<\/strong><br \/>(+26 for winning)\n|raw|LT91BB ES's rating: 1909 &rarr; <strong>1883<\/strong><br \/>(-26 for losing)\n|l|\u2606LT91BB ES\n|c|\u2606reionatro|gg\n","uploadtime":1659487185,"views":71,"p1id":"reionatro","p2id":"lt91bbes","formatid":"gen8ou","rating":1825,"private":0,"password":null}