{"id":"gen8ubers-1098799468","p1":"willcoxw","p2":"noiret","format":"gen8ubers","log":"|j|\u2606willcoxw\n|j|\u2606noiret\n|player|p1|willcoxw|clair|1667\n|player|p2|noiret|1|1423\n|teamsize|p1|6\n|teamsize|p2|6\n|gametype|singles\n|gen|8\n|tier|[Gen 8] Ubers\n|rated|\n|clearpoke\n|poke|p1|Ninjask, M|\n|poke|p1|Jirachi|\n|poke|p1|Vaporeon, M|\n|poke|p1|Dubwool, M|\n|poke|p1|Necrozma-Dusk-Mane|\n|poke|p1|Dragapult, M|\n|poke|p2|Necrozma-Dusk-Mane|\n|poke|p2|Lunala|\n|poke|p2|Mew|\n|poke|p2|Zekrom|\n|poke|p2|Gyarados, F|\n|poke|p2|Mandibuzz, F|\n|rule|Sleep Clause Mod: Limit one foe put to sleep\n|rule|Species Clause: Limit one of each Pok\u00e9mon\n|rule|OHKO Clause: OHKO moves are banned\n|rule|Evasion Moves Clause: Evasion moves are banned\n|rule|Endless Battle Clause: Forcing endless battles is banned\n|rule|HP Percentage Mod: HP is shown in percentages\n|html|Ubers Dynamax Clause: Pok\u00e9mon on the <a href=\"https:\/\/www.smogon.com\/dex\/ss\/formats\/uber\/\">Ubers Dynamax Banlist<\/a> cannot Dynamax.\n|teampreview\n|\n|start\n|switch|p1a: Ninjask|Ninjask, M|100\/100\n|switch|p2a: Mew|Mew|100\/100\n|turn|1\n|\n|move|p1a: Ninjask|Substitute|p1a: Ninjask\n|-start|p1a: Ninjask|Substitute\n|-damage|p1a: Ninjask|76\/100\n|move|p2a: Mew|Taunt|p1a: Ninjask\n|-start|p1a: Ninjask|move: Taunt\n|\n|-heal|p1a: Ninjask|82\/100|[from] item: Leftovers\n|-ability|p1a: Ninjask|Speed Boost|boost\n|-boost|p1a: Ninjask|spe|1\n|upkeep\n|turn|2\n|\n|-activate|p1a: Ninjask|move: Struggle\n|move|p1a: Ninjask|Struggle|p2a: Mew\n|-damage|p2a: Mew|93\/100\n|-damage|p1a: Ninjask|57\/100|[from] recoil\n|move|p2a: Mew|Stealth Rock|p1a: Ninjask\n|-sidestart|p1: willcoxw|move: Stealth Rock\n|\n|-heal|p1a: Ninjask|63\/100|[from] item: Leftovers\n|-ability|p1a: Ninjask|Speed Boost|boost\n|-boost|p1a: Ninjask|spe|1\n|upkeep\n|turn|3\n|\n|-activate|p1a: Ninjask|move: Struggle\n|move|p1a: Ninjask|Struggle|p2a: Mew\n|-damage|p2a: Mew|86\/100\n|-damage|p1a: Ninjask|38\/100|[from] recoil\n|move|p2a: Mew|Spikes|p1a: Ninjask\n|-sidestart|p1: willcoxw|Spikes\n|\n|-heal|p1a: Ninjask|44\/100|[from] item: Leftovers\n|-ability|p1a: Ninjask|Speed Boost|boost\n|-boost|p1a: Ninjask|spe|1\n|upkeep\n|turn|4\n|\n|-activate|p1a: Ninjask|move: Struggle\n|move|p1a: Ninjask|Struggle|p2a: Mew\n|-damage|p2a: Mew|79\/100\n|-damage|p1a: Ninjask|19\/100|[from] recoil\n|move|p2a: Mew|Spikes|p1a: Ninjask\n|-sidestart|p1: willcoxw|Spikes\n|\n|-heal|p1a: Ninjask|25\/100|[from] item: Leftovers\n|-end|p1a: Ninjask|move: Taunt\n|-ability|p1a: Ninjask|Speed Boost|boost\n|-boost|p1a: Ninjask|spe|1\n|upkeep\n|turn|5\n|\n|move|p1a: Ninjask|Baton Pass|p1a: Ninjask\n|\n|switch|p1a: Dragapult|Dragapult, M|100\/100|[from]move: Baton Pass\n|-damage|p1a: Dragapult|88\/100|[from] Stealth Rock\n|-damage|p1a: Dragapult|72\/100|[from] Spikes\n|move|p2a: Mew|Taunt|p1a: Dragapult\n|-start|p1a: Dragapult|move: Taunt\n|\n|upkeep\n|turn|6\n|\n|move|p1a: Dragapult|Dragon Darts|p2a: Mew\n|-damage|p2a: Mew|58\/100\n|-anim|p1a: Dragapult|Dragon Darts|p2a: Mew\n|-crit|p2a: Mew\n|-damage|p2a: Mew|29\/100\n|move|p2a: Mew|Spikes|p1a: Dragapult\n|-sidestart|p1: willcoxw|Spikes\n|\n|upkeep\n|turn|7\n|\n|move|p1a: Dragapult|Dragon Darts|p2a: Mew\n|-damage|p2a: Mew|3\/100\n|-anim|p1a: Dragapult|Dragon Darts|p2a: Mew\n|-damage|p2a: Mew|0 fnt\n|faint|p2a: Mew\n|\n|-end|p1a: Dragapult|move: Taunt\n|upkeep\n|\n|switch|p2a: Mandibuzz|Mandibuzz, F|100\/100\n|turn|8\n|\n|move|p1a: Dragapult|Dragon Darts|p2a: Mandibuzz\n|-damage|p2a: Mandibuzz|79\/100\n|-anim|p1a: Dragapult|Dragon Darts|p2a: Mandibuzz\n|-damage|p2a: Mandibuzz|57\/100\n|move|p2a: Mandibuzz|Foul Play|p1a: Dragapult\n|-supereffective|p1a: Dragapult\n|-end|p1a: Dragapult|Substitute\n|\n|upkeep\n|turn|9\n|\n|move|p1a: Dragapult|Disable|p2a: Mandibuzz\n|-start|p2a: Mandibuzz|Disable|Foul Play\n|cant|p2a: Mandibuzz|Disable|Foul Play\n|\n|upkeep\n|turn|10\n|\n|move|p1a: Dragapult|Dragon Darts|p2a: Mandibuzz\n|-damage|p2a: Mandibuzz|42\/100\n|-anim|p1a: Dragapult|Dragon Darts|p2a: Mandibuzz\n|-damage|p2a: Mandibuzz|28\/100\n|move|p2a: Mandibuzz|Roost|p2a: Mandibuzz\n|-heal|p2a: Mandibuzz|78\/100\n|-singleturn|p2a: Mandibuzz|move: Roost\n|\n|upkeep\n|turn|11\n|\n|move|p1a: Dragapult|Dragon Darts|p2a: Mandibuzz\n|-damage|p2a: Mandibuzz|60\/100\n|-anim|p1a: Dragapult|Dragon Darts|p2a: Mandibuzz\n|-damage|p2a: Mandibuzz|44\/100\n|move|p2a: Mandibuzz|Toxic|p1a: Dragapult\n|-status|p1a: Dragapult|tox\n|\n|-damage|p1a: Dragapult|66\/100 tox|[from] psn\n|upkeep\n|turn|12\n|\n|move|p1a: Dragapult|Dragon Darts|p2a: Mandibuzz\n|-damage|p2a: Mandibuzz|24\/100\n|-anim|p1a: Dragapult|Dragon Darts|p2a: Mandibuzz\n|-damage|p2a: Mandibuzz|2\/100\n|move|p2a: Mandibuzz|Roost|p2a: Mandibuzz\n|-heal|p2a: Mandibuzz|52\/100\n|-singleturn|p2a: Mandibuzz|move: Roost\n|\n|-damage|p1a: Dragapult|54\/100 tox|[from] psn\n|-end|p2a: Mandibuzz|Disable\n|upkeep\n|turn|13\n|\n|move|p1a: Dragapult|Dragon Darts|p2a: Mandibuzz\n|-damage|p2a: Mandibuzz|30\/100\n|-anim|p1a: Dragapult|Dragon Darts|p2a: Mandibuzz\n|-damage|p2a: Mandibuzz|6\/100\n|move|p2a: Mandibuzz|Roost|p2a: Mandibuzz\n|-heal|p2a: Mandibuzz|56\/100\n|-singleturn|p2a: Mandibuzz|move: Roost\n|\n|-damage|p1a: Dragapult|36\/100 tox|[from] psn\n|upkeep\n|turn|14\n|\n|move|p1a: Dragapult|Dragon Darts|p2a: Mandibuzz\n|-damage|p2a: Mandibuzz|30\/100\n|-anim|p1a: Dragapult|Dragon Darts|p2a: Mandibuzz\n|-damage|p2a: Mandibuzz|5\/100\n|move|p2a: Mandibuzz|Roost|p2a: Mandibuzz\n|-heal|p2a: Mandibuzz|55\/100\n|-singleturn|p2a: Mandibuzz|move: Roost\n|\n|-damage|p1a: Dragapult|12\/100 tox|[from] psn\n|upkeep\n|turn|15\n|j| Fx7R\n|\n|move|p1a: Dragapult|Dragon Darts|p2a: Mandibuzz\n|-damage|p2a: Mandibuzz|25\/100\n|-anim|p1a: Dragapult|Dragon Darts|p2a: Mandibuzz\n|-damage|p2a: Mandibuzz|0 fnt\n|faint|p2a: Mandibuzz\n|\n|-damage|p1a: Dragapult|0 fnt|[from] psn\n|faint|p1a: Dragapult\n|upkeep\n|\n|switch|p1a: Jirachi|Jirachi|100\/100\n|switch|p2a: Gyarados|Gyarados, F|100\/100\n|-damage|p1a: Jirachi|75\/100|[from] Spikes\n|-damage|p1a: Jirachi|69\/100|[from] Stealth Rock\n|-ability|p2a: Gyarados|Intimidate|boost\n|-unboost|p1a: Jirachi|atk|1\n|turn|16\n|\n|move|p1a: Jirachi|Cosmic Power|p1a: Jirachi\n|-boost|p1a: Jirachi|def|1\n|-boost|p1a: Jirachi|spd|1\n|move|p2a: Gyarados|Substitute|p2a: Gyarados\n|-start|p2a: Gyarados|Substitute\n|-damage|p2a: Gyarados|76\/100\n|\n|-heal|p1a: Jirachi|75\/100|[from] item: Leftovers\n|-heal|p2a: Gyarados|82\/100|[from] item: Leftovers\n|upkeep\n|turn|17\n|\n|move|p1a: Jirachi|Cosmic Power|p1a: Jirachi\n|-boost|p1a: Jirachi|def|1\n|-boost|p1a: Jirachi|spd|1\n|move|p2a: Gyarados|Dragon Dance|p2a: Gyarados\n|-boost|p2a: Gyarados|atk|1\n|-boost|p2a: Gyarados|spe|1\n|\n|-heal|p2a: Gyarados|88\/100|[from] item: Leftovers\n|-heal|p1a: Jirachi|82\/100|[from] item: Leftovers\n|upkeep\n|turn|18\n|-message|willcoxw forfeited.\n|\n|win|noiret\n|l|\u2606willcoxw\n|raw|willcoxw's rating: 1667 &rarr; <strong>1635<\/strong><br \/>(-32 for losing)\n|raw|noiret's rating: 1424 &rarr; <strong>1456<\/strong><br \/>(+32 for winning)\n","uploadtime":1587200415,"views":19,"p1id":"willcoxw","p2id":"noiret","formatid":"gen8ubers","rating":1456,"private":0,"password":null}