{"id":"gen8ou-1446845836","p1":"colougrash","p2":"wsdfg","format":"gen8ou","log":"|j|\u2606colougrash\n|j|\u2606wsdfg\n|t:|1635799234\n|gametype|singles\n|player|p1|colougrash|2|1391\n|player|p2|wsdfg|burglar|1428\n|teamsize|p1|6\n|teamsize|p2|6\n|gen|8\n|tier|[Gen 8] OU\n|rated|\n|rule|Sleep Clause Mod: Limit one foe put to sleep\n|rule|Species Clause: Limit one of each Pok\u00e9mon\n|rule|OHKO Clause: OHKO moves are banned\n|rule|Evasion Moves Clause: Evasion moves are banned\n|rule|Endless Battle Clause: Forcing endless battles is banned\n|rule|HP Percentage Mod: HP is shown in percentages\n|rule|Dynamax Clause: You cannot dynamax\n|clearpoke\n|poke|p1|Hippowdon, F|\n|poke|p1|Victini|\n|poke|p1|Ferrothorn, M|\n|poke|p1|Slowking-Galar, M|\n|poke|p1|Landorus-Therian, M|\n|poke|p1|Corviknight, M|\n|poke|p2|Slowking-Galar, M|\n|poke|p2|Weavile, F|\n|poke|p2|Magnezone|\n|poke|p2|Garchomp, M|\n|poke|p2|Corviknight, M|\n|poke|p2|Urshifu-*, F|\n|teampreview\n|inactive|Battle timer is ON: inactive players will automatically lose when time's up. (requested by colougrash)\n|\n|t:|1635799254\n|start\n|switch|p1a: Hippowdon|Hippowdon, F|100\/100\n|switch|p2a: Urshifu|Urshifu-Rapid-Strike, F|100\/100\n|-weather|Sandstorm|[from] ability: Sand Stream|[of] p1a: Hippowdon\n|turn|1\n|\n|t:|1635799276\n|switch|p2a: Magnezone|Magnezone|100\/100\n|move|p1a: Hippowdon|Earthquake|p2a: Magnezone\n|-supereffective|p2a: Magnezone\n|-damage|p2a: Magnezone|0 fnt\n|faint|p2a: Magnezone\n|\n|-weather|Sandstorm|[upkeep]\n|upkeep\n|\n|t:|1635799279\n|switch|p2a: Urshifu|Urshifu-Rapid-Strike, F|100\/100\n|turn|2\n|\n|t:|1635799287\n|switch|p1a: Corviknight|Corviknight, M|100\/100\n|-ability|p1a: Corviknight|Pressure\n|move|p2a: Urshifu|U-turn|p1a: Corviknight\n|-resisted|p1a: Corviknight\n|-damage|p1a: Corviknight|94\/100\n|\n|t:|1635799295\n|switch|p2a: Garchomp|Garchomp, M, shiny|100\/100|[from]move: U-turn\n|\n|-weather|Sandstorm|[upkeep]\n|-heal|p1a: Corviknight|99\/100|[from] item: Leftovers\n|upkeep\n|turn|3\n|\n|t:|1635799301\n|move|p2a: Garchomp|Stealth Rock|p1a: Corviknight\n|-sidestart|p1: colougrash|move: Stealth Rock\n|move|p1a: Corviknight|U-turn|p2a: Garchomp\n|-damage|p2a: Garchomp|90\/100\n|-damage|p1a: Corviknight|88\/100|[from] ability: Rough Skin|[of] p2a: Garchomp\n|inactive|colougrash has 120 seconds left.\n|inactive|colougrash has 90 seconds left.\n|\n|t:|1635799363\n|switch|p1a: Victini|Victini|100\/100|[from]move: U-turn\n|-damage|p1a: Victini|76\/100|[from] Stealth Rock\n|\n|-weather|Sandstorm|[upkeep]\n|-damage|p1a: Victini|69\/100|[from] Sandstorm\n|-heal|p2a: Garchomp|96\/100|[from] item: Leftovers\n|upkeep\n|turn|4\n|\n|t:|1635799367\n|move|p2a: Garchomp|Protect|p2a: Garchomp\n|-singleturn|p2a: Garchomp|Protect\n|move|p1a: Victini|Glaciate|p2a: Garchomp\n|-activate|p2a: Garchomp|move: Protect\n|\n|-weather|Sandstorm|[upkeep]\n|-damage|p1a: Victini|63\/100|[from] Sandstorm\n|-heal|p2a: Garchomp|100\/100|[from] item: Leftovers\n|upkeep\n|turn|5\n|\n|t:|1635799373\n|move|p1a: Victini|Glaciate|p2a: Garchomp\n|-supereffective|p2a: Garchomp\n|-damage|p2a: Garchomp|0 fnt\n|faint|p2a: Garchomp\n|\n|-weather|none\n|upkeep\n|\n|t:|1635799376\n|switch|p2a: Weavile|Weavile, F|100\/100\n|-ability|p2a: Weavile|Pressure\n|turn|6\n|inactive|colougrash has 120 seconds left.\n|\n|t:|1635799383\n|switch|p1a: Ferrothorn|Ferrothorn, M|100\/100\n|-damage|p1a: Ferrothorn|94\/100|[from] Stealth Rock\n|move|p2a: Weavile|Swords Dance|p2a: Weavile\n|-boost|p2a: Weavile|atk|2\n|\n|-heal|p1a: Ferrothorn|100\/100|[from] item: Leftovers\n|upkeep\n|turn|7\n|\n|t:|1635799388\n|switch|p2a: Urshifu|Urshifu-Rapid-Strike, F|100\/100\n|move|p1a: Ferrothorn|Body Press|p2a: Urshifu\n|-damage|p2a: Urshifu|70\/100\n|\n|upkeep\n|turn|8\n|\n|t:|1635799396\n|switch|p1a: Slowking|Slowking-Galar, M|100\/100\n|-damage|p1a: Slowking|88\/100|[from] Stealth Rock\n|move|p2a: Urshifu|U-turn|p1a: Slowking\n|-damage|p1a: Slowking|53\/100\n|\n|t:|1635799399\n|switch|p2a: Weavile|Weavile, F|100\/100|[from]move: U-turn\n|-ability|p2a: Weavile|Pressure\n|\n|upkeep\n|turn|9\n|\n|t:|1635799402\n|move|p2a: Weavile|Knock Off|p1a: Slowking\n|-supereffective|p1a: Slowking\n|-damage|p1a: Slowking|0 fnt\n|-enditem|p1a: Slowking|Assault Vest|[from] move: Knock Off|[of] p2a: Weavile\n|faint|p1a: Slowking\n|\n|upkeep\n|\n|t:|1635799410\n|switch|p1a: Corviknight|Corviknight, M|88\/100\n|-damage|p1a: Corviknight|76\/100|[from] Stealth Rock\n|-ability|p1a: Corviknight|Pressure\n|turn|10\n|\n|t:|1635799414\n|switch|p2a: Corviknight|Corviknight, M, shiny|100\/100\n|-ability|p2a: Corviknight|Pressure\n|move|p1a: Corviknight|Defog|p2a: Corviknight\n|-unboost|p2a: Corviknight|evasion|1\n|-sideend|p1: colougrash|Stealth Rock|[from] move: Defog|[of] p1a: Corviknight\n|\n|-heal|p1a: Corviknight|82\/100|[from] item: Leftovers\n|upkeep\n|turn|11\n|\n|t:|1635799417\n|move|p2a: Corviknight|U-turn|p1a: Corviknight\n|-resisted|p1a: Corviknight\n|-damage|p1a: Corviknight|79\/100\n|\n|t:|1635799420\n|switch|p2a: Urshifu|Urshifu-Rapid-Strike, F|70\/100|[from]move: U-turn\n|move|p1a: Corviknight|U-turn|p2a: Urshifu\n|-resisted|p2a: Urshifu\n|-damage|p2a: Urshifu|63\/100\n|\n|t:|1635799429\n|switch|p1a: Victini|Victini|63\/100|[from]move: U-turn\n|\n|upkeep\n|turn|12\n|\n|t:|1635799435\n|switch|p1a: Ferrothorn|Ferrothorn, M|100\/100\n|move|p2a: Urshifu|Aqua Jet|p1a: Ferrothorn\n|-resisted|p1a: Ferrothorn\n|-damage|p1a: Ferrothorn|91\/100\n|-damage|p2a: Urshifu|51\/100|[from] ability: Iron Barbs|[of] p1a: Ferrothorn\n|\n|-heal|p1a: Ferrothorn|97\/100|[from] item: Leftovers\n|upkeep\n|turn|13\n|\n|t:|1635799443\n|switch|p2a: Slowking|Slowking-Galar, M, shiny|100\/100\n|move|p1a: Ferrothorn|Knock Off|p2a: Slowking\n|-supereffective|p2a: Slowking\n|-damage|p2a: Slowking|53\/100\n|-enditem|p2a: Slowking|Assault Vest|[from] move: Knock Off|[of] p1a: Ferrothorn\n|\n|-heal|p1a: Ferrothorn|100\/100|[from] item: Leftovers\n|upkeep\n|turn|14\n|\n|t:|1635799462\n|switch|p1a: Victini|Victini|63\/100\n|move|p2a: Slowking|Flamethrower|p1a: Victini\n|-resisted|p1a: Victini\n|-crit|p1a: Victini\n|-damage|p1a: Victini|41\/100\n|\n|upkeep\n|turn|15\n|\n|t:|1635799468\n|move|p1a: Victini|Blue Flare|p2a: Slowking\n|-damage|p2a: Slowking|0 fnt\n|faint|p2a: Slowking\n|\n|upkeep\n|\n|t:|1635799470\n|switch|p2a: Weavile|Weavile, F|100\/100\n|-ability|p2a: Weavile|Pressure\n|turn|16\n|\n|t:|1635799474\n|switch|p1a: Ferrothorn|Ferrothorn, M|100\/100\n|move|p2a: Weavile|Knock Off|p1a: Ferrothorn\n|-damage|p1a: Ferrothorn|70\/100\n|-damage|p2a: Weavile|88\/100|[from] ability: Iron Barbs|[of] p1a: Ferrothorn\n|-enditem|p1a: Ferrothorn|Leftovers|[from] move: Knock Off|[of] p2a: Weavile\n|\n|upkeep\n|turn|17\n|\n|t:|1635799479\n|switch|p2a: Urshifu|Urshifu-Rapid-Strike, F|51\/100\n|move|p1a: Ferrothorn|Leech Seed|p2a: Urshifu\n|-start|p2a: Urshifu|move: Leech Seed\n|\n|-damage|p2a: Urshifu|38\/100|[from] Leech Seed|[of] p1a: Ferrothorn\n|-heal|p1a: Ferrothorn|82\/100|[silent]\n|upkeep\n|turn|18\n|\n|t:|1635799486\n|switch|p1a: Landorus|Landorus-Therian, M|100\/100\n|-ability|p1a: Landorus|Intimidate|boost\n|-unboost|p2a: Urshifu|atk|1\n|move|p2a: Urshifu|Close Combat|p1a: Landorus\n|-resisted|p1a: Landorus\n|-damage|p1a: Landorus|72\/100\n|-unboost|p2a: Urshifu|def|1\n|-unboost|p2a: Urshifu|spd|1\n|\n|-heal|p1a: Landorus|78\/100|[from] item: Leftovers\n|-damage|p2a: Urshifu|26\/100|[from] Leech Seed|[of] p1a: Landorus\n|-heal|p1a: Landorus|89\/100|[silent]\n|upkeep\n|turn|19\n|\n|t:|1635799490\n|switch|p2a: Corviknight|Corviknight, M, shiny|100\/100\n|-ability|p2a: Corviknight|Pressure\n|move|p1a: Landorus|Stealth Rock|p2a: Corviknight\n|-sidestart|p2: wsdfg|move: Stealth Rock\n|\n|-heal|p1a: Landorus|95\/100|[from] item: Leftovers\n|upkeep\n|turn|20\n|\n|t:|1635799494\n|move|p1a: Landorus|U-turn|p2a: Corviknight\n|-resisted|p2a: Corviknight\n|-damage|p2a: Corviknight|97\/100\n|-damage|p1a: Landorus|78\/100|[from] item: Rocky Helmet|[of] p2a: Corviknight\n|\n|t:|1635799502\n|switch|p1a: Victini|Victini|41\/100|[from]move: U-turn\n|move|p2a: Corviknight|U-turn|p1a: Victini\n|-damage|p1a: Victini|26\/100\n|\n|t:|1635799506\n|switch|p2a: Weavile|Weavile, F|88\/100|[from]move: U-turn\n|-ability|p2a: Weavile|Pressure\n|\n|upkeep\n|turn|21\n|\n|t:|1635799517\n|switch|p1a: Corviknight|Corviknight, M|79\/100\n|-ability|p1a: Corviknight|Pressure\n|move|p2a: Weavile|Knock Off|p1a: Corviknight\n|-damage|p1a: Corviknight|43\/100\n|-enditem|p1a: Corviknight|Leftovers|[from] move: Knock Off|[of] p2a: Weavile\n|\n|upkeep\n|turn|22\n|\n|t:|1635799523\n|move|p2a: Weavile|Swords Dance|p2a: Weavile\n|-boost|p2a: Weavile|atk|2\n|move|p1a: Corviknight|Roost|p1a: Corviknight\n|-heal|p1a: Corviknight|93\/100\n|-singleturn|p1a: Corviknight|move: Roost\n|\n|upkeep\n|turn|23\n|\n|t:|1635799527\n|move|p2a: Weavile|Triple Axel|p1a: Corviknight\n|-damage|p1a: Corviknight|79\/100\n|-damage|p1a: Corviknight|53\/100\n|-damage|p1a: Corviknight|13\/100\n|-hitcount|p1a: Corviknight|3\n|move|p1a: Corviknight|Body Press|p2a: Weavile\n|-supereffective|p2a: Weavile\n|-damage|p2a: Weavile|0 fnt\n|faint|p2a: Weavile\n|\n|upkeep\n|-message|wsdfg forfeited.\n|\n|win|colougrash\n|raw|colougrash's rating: 1391 &rarr; <strong>1413<\/strong><br \/>(+22 for winning)\n|raw|wsdfg's rating: 1428 &rarr; <strong>1406<\/strong><br \/>(-22 for losing)\n|l|\u2606wsdfg\n||Ladder isn't responding, score probably updated but might not have (Request timeout).\n","uploadtime":1635799542,"views":5,"p1id":"colougrash","p2id":"wsdfg","formatid":"gen8ou","rating":1406,"private":0,"password":null}