{"id":"gen8ou-1684473626","p1":"Kwaga","p2":"RggV_YT","format":"gen8ou","log":"|html|<div class=\"broadcast-blue\"><strong>[Gen 8] OU is currently suspecting Melmetal! For information on how to participate check out the <a href=\"https:\/\/www.smogon.com\/forums\/threads\/np-ss-ou-suspect-process-round-12-monster-mash.3709234\/\">suspect thread<\/a>.<\/strong><\/div>\n|j|\u2606Kwaga\n|j|\u2606RggV_YT\n|t:|1665634789\n|gametype|singles\n|player|p1|Kwaga|koga-gen1|1744\n|player|p2|RggV_YT|scientist-gen4|1918\n|teamsize|p1|6\n|teamsize|p2|6\n|gen|8\n|tier|[Gen 8] OU\n|rated|\n|rule|Sleep Clause Mod: Limit one foe put to sleep\n|rule|Species Clause: Limit one of each Pok\u00e9mon\n|rule|OHKO Clause: OHKO moves are banned\n|rule|Evasion Items Clause: Evasion items are banned\n|rule|Evasion Moves Clause: Evasion moves are banned\n|rule|Endless Battle Clause: Forcing endless battles is banned\n|rule|HP Percentage Mod: HP is shown in percentages\n|rule|Dynamax Clause: You cannot dynamax\n|clearpoke\n|poke|p1|Urshifu-*, F|\n|poke|p1|Nihilego|\n|poke|p1|Heatran, M|\n|poke|p1|Slowking, F|\n|poke|p1|Mandibuzz, F|\n|poke|p1|Landorus-Therian, M|\n|poke|p2|Tapu Koko|\n|poke|p2|Landorus-Therian, M|\n|poke|p2|Melmetal|\n|poke|p2|Kartana|\n|poke|p2|Nihilego|\n|poke|p2|Dragonite, M|\n|teampreview\n|inactive|Battle timer is ON: inactive players will automatically lose when time's up. (requested by RggV_YT)\n|j| weirdbrothers\n|j| LordDarkSkin\n|inactive|RggV_YT has 120 seconds left.\n|l| LordDarkSkin\n|\n|t:|1665634836\n|start\n|switch|p1a: Landorus|Landorus-Therian, M|100\/100\n|switch|p2a: Quintessa|Tapu Koko, shiny|100\/100\n|-fieldstart|move: Electric Terrain|[from] ability: Electric Surge|[of] p2a: Quintessa\n|-ability|p1a: Landorus|Intimidate|boost\n|-unboost|p2a: Quintessa|atk|1\n|turn|1\n|\n|t:|1665634855\n|switch|p2a: Enten|Landorus-Therian, M, shiny|100\/100\n|-ability|p2a: Enten|Intimidate|boost\n|-unboost|p1a: Landorus|atk|1\n|move|p1a: Landorus|Substitute|p1a: Landorus\n|-start|p1a: Landorus|Substitute\n|-damage|p1a: Landorus|76\/100\n|\n|-heal|p1a: Landorus|82\/100|[from] item: Leftovers\n|upkeep\n|turn|2\n|\n|t:|1665634858\n|move|p2a: Enten|Smack Down|p1a: Landorus\n|-activate|p1a: Landorus|move: Substitute|[damage]\n|move|p1a: Landorus|Swords Dance|p1a: Landorus\n|-boost|p1a: Landorus|atk|2\n|\n|-heal|p1a: Landorus|88\/100|[from] item: Leftovers\n|upkeep\n|turn|3\n|\n|t:|1665634861\n|move|p2a: Enten|Smack Down|p1a: Landorus\n|-end|p1a: Landorus|Substitute\n|move|p1a: Landorus|Swords Dance|p1a: Landorus\n|-boost|p1a: Landorus|atk|2\n|\n|-heal|p1a: Landorus|94\/100|[from] item: Leftovers\n|upkeep\n|turn|4\n|\n|t:|1665634866\n|move|p2a: Enten|U-turn|p1a: Landorus\n|-resisted|p1a: Landorus\n|-damage|p1a: Landorus|80\/100\n|\n|t:|1665634869\n|switch|p2a: Leviathan|Dragonite, M, shiny|100\/100|[from]move: U-turn\n|move|p1a: Landorus|Substitute|p1a: Landorus\n|-start|p1a: Landorus|Substitute\n|-damage|p1a: Landorus|56\/100\n|\n|-heal|p1a: Landorus|62\/100|[from] item: Leftovers\n|upkeep\n|turn|5\n|\n|t:|1665634872\n|move|p1a: Landorus|Stone Edge|p2a: Leviathan\n|-supereffective|p2a: Leviathan\n|-damage|p2a: Leviathan|0 fnt\n|faint|p2a: Leviathan\n|\n|-heal|p1a: Landorus|68\/100|[from] item: Leftovers\n|-fieldend|move: Electric Terrain\n|upkeep\n|\n|t:|1665634889\n|switch|p2a: Celestial Ray|Nihilego, shiny|100\/100\n|turn|6\n|\n|t:|1665634892\n|move|p2a: Celestial Ray|Power Gem|p1a: Landorus\n|-end|p1a: Landorus|Substitute\n|move|p1a: Landorus|Earthquake|p2a: Celestial Ray\n|-supereffective|p2a: Celestial Ray\n|-damage|p2a: Celestial Ray|0 fnt\n|faint|p2a: Celestial Ray\n|\n|-heal|p1a: Landorus|74\/100|[from] item: Leftovers\n|upkeep\n|\n|t:|1665634896\n|switch|p2a: Deathstroke|Kartana, shiny|100\/100\n|turn|7\n|\n|t:|1665634897\n|switch|p1a: Mandibuzz|Mandibuzz, F|100\/100\n|move|p2a: Deathstroke|Leaf Blade|p1a: Mandibuzz\n|-resisted|p1a: Mandibuzz\n|-damage|p1a: Mandibuzz|80\/100\n|\n|upkeep\n|turn|8\n|\n|t:|1665634901\n|switch|p2a: Quintessa|Tapu Koko, shiny|100\/100\n|-fieldstart|move: Electric Terrain|[from] ability: Electric Surge|[of] p2a: Quintessa\n|move|p1a: Mandibuzz|U-turn|p2a: Quintessa\n|-resisted|p2a: Quintessa\n|-damage|p2a: Quintessa|93\/100\n|\n|t:|1665634903\n|switch|p1a: Landorus|Landorus-Therian, M|74\/100|[from]move: U-turn\n|-ability|p1a: Landorus|Intimidate|boost\n|-unboost|p2a: Quintessa|atk|1\n|\n|-heal|p1a: Landorus|79\/100|[from] item: Leftovers\n|upkeep\n|turn|9\n|\n|t:|1665634907\n|switch|p2a: Deathstroke|Kartana, shiny|100\/100\n|move|p1a: Landorus|Earthquake|p2a: Deathstroke\n|-damage|p2a: Deathstroke|42\/100\n|\n|-heal|p1a: Landorus|85\/100|[from] item: Leftovers\n|upkeep\n|turn|10\n|\n|t:|1665634920\n|switch|p2a: Quintessa|Tapu Koko, shiny|93\/100\n|move|p1a: Landorus|Earthquake|p2a: Quintessa\n|-supereffective|p2a: Quintessa\n|-damage|p2a: Quintessa|0 fnt\n|faint|p2a: Quintessa\n|\n|-heal|p1a: Landorus|91\/100|[from] item: Leftovers\n|upkeep\n|\n|t:|1665634923\n|switch|p2a: Enten|Landorus-Therian, M, shiny|100\/100\n|-ability|p2a: Enten|Intimidate|boost\n|-unboost|p1a: Landorus|atk|1\n|turn|11\n|\n|t:|1665634926\n|move|p2a: Enten|Smack Down|p1a: Landorus\n|-damage|p1a: Landorus|69\/100\n|-start|p1a: Landorus|Smack Down\n|move|p1a: Landorus|Substitute|p1a: Landorus\n|-start|p1a: Landorus|Substitute\n|-damage|p1a: Landorus|44\/100\n|\n|-heal|p1a: Landorus|50\/100|[from] item: Leftovers\n|upkeep\n|turn|12\n|\n|t:|1665634929\n|move|p2a: Enten|Earthquake|p1a: Landorus\n|-end|p1a: Landorus|Substitute\n|move|p1a: Landorus|Swords Dance|p1a: Landorus\n|-boost|p1a: Landorus|atk|2\n|\n|-heal|p1a: Landorus|56\/100|[from] item: Leftovers\n|-fieldend|move: Electric Terrain\n|upkeep\n|turn|13\n|\n|t:|1665634931\n|switch|p1a: Mandibuzz|Mandibuzz, F|80\/100\n|move|p2a: Enten|Earthquake|p1a: Mandibuzz\n|-immune|p1a: Mandibuzz\n|\n|upkeep\n|turn|14\n|\n|t:|1665634934\n|move|p2a: Enten|Smack Down|p1a: Mandibuzz\n|-supereffective|p1a: Mandibuzz\n|-damage|p1a: Mandibuzz|54\/100\n|-start|p1a: Mandibuzz|Smack Down\n|move|p1a: Mandibuzz|Foul Play|p2a: Enten\n|-damage|p2a: Enten|37\/100\n|\n|upkeep\n|turn|15\n|\n|t:|1665634938\n|switch|p1a: Urshifu|Urshifu-Rapid-Strike, F|100\/100\n|move|p2a: Enten|U-turn|p1a: Urshifu\n|-resisted|p1a: Urshifu\n|-damage|p1a: Urshifu|87\/100\n|\n|t:|1665634941\n|switch|p2a: Deathstroke|Kartana, shiny|42\/100|[from]move: U-turn\n|\n|upkeep\n|turn|16\n|\n|t:|1665634947\n|switch|p1a: Slowking|Slowking, F|100\/100\n|move|p2a: Deathstroke|Sacred Sword|p1a: Slowking\n|-resisted|p1a: Slowking\n|-damage|p1a: Slowking|82\/100\n|\n|upkeep\n|turn|17\n|c|\u2606RggV_YT|Gg\n|-message|RggV_YT forfeited.\n|\n|win|Kwaga\n|raw|Kwaga's rating: 1744 &rarr; <strong>1773<\/strong><br \/>(+29 for winning)\n|raw|RggV_YT's rating: 1918 &rarr; <strong>1889<\/strong><br \/>(-29 for losing)\n|c|\u2606Kwaga|gg\n","uploadtime":1665634958,"views":25,"p1id":"kwaga","p2id":"rggvyt","formatid":"gen8ou","rating":1773,"private":0,"password":null}