{"id":"gen8nationaldex-1525549169","p1":"Hikari-miyako","p2":"AgencyIsOwn","format":"gen8nationaldex","log":"|html|<div class=\"broadcast-blue\"><strong>[Gen 8] National Dex is currently suspecting Dragapult! For information on how to participate check out the <a href=\"https:\/\/www.smogon.com\/forums\/threads\/national-dex-suspect-test-14-ghost-girl.3697927\/\">suspect thread<\/a>.<\/strong><\/div>\n|j|\u2606Hikari-miyako\n|j|\u2606AgencyIsOwn\n|t:|1646672507\n|gametype|singles\n|player|p1|Hikari-miyako|ariana|1861\n|player|p2|AgencyIsOwn|zinnia|1813\n|teamsize|p1|6\n|teamsize|p2|6\n|gen|8\n|tier|[Gen 8] National Dex\n|rated|\n|rule|HP Percentage Mod: HP is shown in percentages\n|rule|Endless Battle Clause: Forcing endless battles is banned\n|rule|OHKO Clause: OHKO moves are banned\n|rule|Evasion Moves Clause: Evasion moves are banned\n|rule|Species Clause: Limit one of each Pok\u00e9mon\n|rule|Dynamax Clause: You cannot dynamax\n|rule|Sleep Clause Mod: Limit one foe put to sleep\n|clearpoke\n|poke|p1|Aegislash, F|\n|poke|p1|Diancie|\n|poke|p1|Thundurus, M|\n|poke|p1|Bisharp, M|\n|poke|p1|Serperior, M|\n|poke|p1|Dragapult, M|\n|poke|p2|Hoopa-Unbound|\n|poke|p2|Manectric, M|\n|poke|p2|Greninja, M|\n|poke|p2|Aegislash, F|\n|poke|p2|Landorus-Therian, M|\n|poke|p2|Volcanion|\n|teampreview\n|\n|t:|1646672522\n|start\n|switch|p1a: Bisharp|Bisharp, M|100\/100\n|switch|p2a: Landorus|Landorus-Therian, M, shiny|100\/100\n|-ability|p2a: Landorus|Intimidate|boost\n|-unboost|p1a: Bisharp|atk|1\n|-ability|p1a: Bisharp|Defiant\n|-boost|p1a: Bisharp|atk|2\n|turn|1\n|inactive|Battle timer is ON: inactive players will automatically lose when time's up. (requested by Hikari-miyako)\n|\n|t:|1646672525\n|move|p2a: Landorus|Earthquake|p1a: Bisharp\n|-supereffective|p1a: Bisharp\n|-damage|p1a: Bisharp|8\/100\n|move|p1a: Bisharp|Knock Off|p2a: Landorus\n|-damage|p2a: Landorus|48\/100\n|-enditem|p2a: Landorus|Leftovers|[from] move: Knock Off|[of] p1a: Bisharp\n|\n|upkeep\n|turn|2\n|\n|t:|1646672529\n|move|p2a: Landorus|U-turn|p1a: Bisharp\n|-damage|p1a: Bisharp|0 fnt\n|faint|p1a: Bisharp\n|\n|t:|1646672546\n|switch|p2a: Volcanion|Volcanion|100\/100|[from]move: U-turn\n|\n|upkeep\n|\n|t:|1646672573\n|switch|p1a: Thundurus|Thundurus, M|100\/100\n|turn|3\n|\n|t:|1646672580\n|switch|p2a: Manectric|Manectric, M, shiny|100\/100\n|move|p1a: Thundurus|Hidden Power|p2a: Manectric\n|-damage|p2a: Manectric|54\/100\n|-damage|p1a: Thundurus|91\/100|[from] item: Life Orb\n|\n|upkeep\n|turn|4\n|\n|t:|1646672586\n|detailschange|p2a: Manectric|Manectric-Mega, M, shiny\n|-mega|p2a: Manectric|Manectric|Manectite\n|-ability|p2a: Manectric|Intimidate|boost\n|-unboost|p1a: Thundurus|atk|1\n|move|p2a: Manectric|Volt Switch|p1a: Thundurus\n|-damage|p1a: Thundurus|39\/100\n|\n|t:|1646672595\n|switch|p2a: Landorus|Landorus-Therian, M, shiny|48\/100|[from]move: Volt Switch\n|-ability|p2a: Landorus|Intimidate|boost\n|-unboost|p1a: Thundurus|atk|1\n|move|p1a: Thundurus|Thunderbolt|p2a: Landorus\n|-immune|p2a: Landorus\n|\n|upkeep\n|turn|5\n|\n|t:|1646672623\n|switch|p2a: Manectric|Manectric-Mega, M, shiny|54\/100\n|-ability|p2a: Manectric|Intimidate|boost\n|-unboost|p1a: Thundurus|atk|1\n|move|p1a: Thundurus|Hidden Power|p2a: Manectric\n|-damage|p2a: Manectric|18\/100\n|-damage|p1a: Thundurus|30\/100|[from] item: Life Orb\n|\n|upkeep\n|turn|6\n|\n|t:|1646672631\n|move|p2a: Manectric|Volt Switch|p1a: Thundurus\n|-damage|p1a: Thundurus|0 fnt\n|faint|p1a: Thundurus\n|\n|t:|1646672652\n|switch|p2a: Greninja|Greninja, M|100\/100|[from]move: Volt Switch\n|\n|upkeep\n|\n|t:|1646672657\n|switch|p1a: Aegislash|Aegislash, F|100\/100\n|turn|7\n|\n|t:|1646672661\n|move|p2a: Greninja|U-turn|p1a: Aegislash\n|-start|p2a: Greninja|typechange|Bug|[from] ability: Protean\n|-resisted|p1a: Aegislash\n|-damage|p1a: Aegislash|95\/100\n|\n|t:|1646672666\n|switch|p2a: Landorus|Landorus-Therian, M, shiny|48\/100|[from]move: U-turn\n|-ability|p2a: Landorus|Intimidate|boost\n|-unboost|p1a: Aegislash|atk|1\n|-formechange|p1a: Aegislash|Aegislash-Blade||[from] ability: Stance Change\n|move|p1a: Aegislash|Shadow Ball|p2a: Landorus\n|-damage|p2a: Landorus|0 fnt\n|faint|p2a: Landorus\n|\n|upkeep\n|\n|t:|1646672670\n|switch|p2a: Volcanion|Volcanion|100\/100\n|turn|8\n|\n|t:|1646672676\n|-formechange|p1a: Aegislash|Aegislash||[from] ability: Stance Change\n|move|p1a: Aegislash|King's Shield|p1a: Aegislash\n|-singleturn|p1a: Aegislash|Protect\n|move|p2a: Volcanion|Flamethrower|p1a: Aegislash\n|-activate|p1a: Aegislash|move: Protect\n|\n|upkeep\n|turn|9\n|\n|t:|1646672684\n|move|p2a: Volcanion|Steam Eruption|p1a: Aegislash\n|-damage|p1a: Aegislash|42\/100\n|-formechange|p1a: Aegislash|Aegislash-Blade||[from] ability: Stance Change\n|move|p1a: Aegislash|Shadow Ball|p2a: Volcanion\n|-damage|p2a: Volcanion|52\/100\n|\n|-heal|p2a: Volcanion|58\/100|[from] item: Leftovers\n|upkeep\n|turn|10\n|\n|t:|1646672691\n|switch|p1a: Diancie|Diancie|100\/100\n|move|p2a: Volcanion|Flamethrower|p1a: Diancie\n|-resisted|p1a: Diancie\n|-damage|p1a: Diancie|74\/100\n|\n|-heal|p2a: Volcanion|64\/100|[from] item: Leftovers\n|upkeep\n|turn|11\n|\n|t:|1646672704\n|detailschange|p1a: Diancie|Diancie-Mega\n|-mega|p1a: Diancie|Diancie|Diancite\n|move|p1a: Diancie|Diamond Storm|p2a: Volcanion\n|-supereffective|p2a: Volcanion\n|-damage|p2a: Volcanion|0 fnt\n|-boost|p1a: Diancie|def|2\n|faint|p2a: Volcanion\n|\n|upkeep\n|\n|t:|1646672709\n|switch|p2a: Manectric|Manectric-Mega, M, shiny|18\/100\n|-ability|p2a: Manectric|Intimidate|boost\n|-unboost|p1a: Diancie|atk|1\n|turn|12\n|\n|t:|1646672717\n|move|p2a: Manectric|Thunderbolt|p1a: Diancie\n|-damage|p1a: Diancie|8\/100\n|move|p1a: Diancie|Mystical Fire|p2a: Manectric\n|-damage|p2a: Manectric|0 fnt\n|faint|p2a: Manectric\n|\n|upkeep\n|\n|t:|1646672723\n|switch|p2a: Greninja|Greninja, M|100\/100\n|turn|13\n|\n|t:|1646672729\n|switch|p1a: Aegislash|Aegislash, F|42\/100\n|move|p2a: Greninja|Ice Beam|p1a: Aegislash\n|-start|p2a: Greninja|typechange|Ice|[from] ability: Protean\n|-resisted|p1a: Aegislash\n|-damage|p1a: Aegislash|31\/100\n|\n|upkeep\n|turn|14\n|\n|t:|1646672737\n|switch|p2a: Hoopa|Hoopa-Unbound|100\/100\n|-formechange|p1a: Aegislash|Aegislash-Blade||[from] ability: Stance Change\n|move|p1a: Aegislash|Shadow Ball|p2a: Hoopa\n|-damage|p2a: Hoopa|55\/100\n|\n|upkeep\n|turn|15\n|\n|t:|1646672752\n|switch|p1a: Serperior|Serperior, M|100\/100\n|move|p2a: Hoopa|Hyperspace Fury|p1a: Serperior\n|-damage|p1a: Serperior|0 fnt\n|-unboost|p2a: Hoopa|def|1\n|faint|p1a: Serperior\n|\n|upkeep\n|\n|t:|1646672755\n|switch|p1a: Diancie|Diancie-Mega|8\/100\n|turn|16\n|\n|t:|1646672762\n|switch|p2a: Aegislash|Aegislash, F|100\/100\n|move|p1a: Diancie|Moonblast|p2a: Aegislash\n|-resisted|p2a: Aegislash\n|-damage|p2a: Aegislash|83\/100\n|-unboost|p2a: Aegislash|spa|1\n|\n|-heal|p2a: Aegislash|89\/100|[from] item: Leftovers\n|upkeep\n|turn|17\n|\n|t:|1646672766\n|move|p2a: Aegislash|King's Shield|p2a: Aegislash\n|-singleturn|p2a: Aegislash|Protect\n|move|p1a: Diancie|Mystical Fire|p2a: Aegislash\n|-activate|p2a: Aegislash|move: Protect\n|\n|-heal|p2a: Aegislash|95\/100|[from] item: Leftovers\n|upkeep\n|turn|18\n|\n|t:|1646672770\n|switch|p2a: Greninja|Greninja, M|100\/100\n|move|p1a: Diancie|Mystical Fire|p2a: Greninja\n|-resisted|p2a: Greninja\n|-damage|p2a: Greninja|75\/100\n|-unboost|p2a: Greninja|spa|1\n|\n|upkeep\n|turn|19\n|\n|t:|1646672777\n|move|p2a: Greninja|U-turn|p1a: Diancie\n|-start|p2a: Greninja|typechange|Bug|[from] ability: Protean\n|-resisted|p1a: Diancie\n|-damage|p1a: Diancie|0 fnt\n|faint|p1a: Diancie\n|\n|t:|1646672786\n|switch|p2a: Aegislash|Aegislash, F|95\/100|[from]move: U-turn\n|\n|-heal|p2a: Aegislash|100\/100|[from] item: Leftovers\n|upkeep\n|\n|t:|1646672788\n|switch|p1a: Aegislash|Aegislash, F|31\/100\n|turn|20\n|\n|t:|1646672794\n|-formechange|p1a: Aegislash|Aegislash-Blade||[from] ability: Stance Change\n|move|p1a: Aegislash|Shadow Sneak|p2a: Aegislash\n|-supereffective|p2a: Aegislash\n|-damage|p2a: Aegislash|71\/100\n|-formechange|p2a: Aegislash|Aegislash-Blade||[from] ability: Stance Change\n|move|p2a: Aegislash|Shadow Ball|p1a: Aegislash\n|-supereffective|p1a: Aegislash\n|-damage|p1a: Aegislash|0 fnt\n|faint|p1a: Aegislash\n|\n|-heal|p2a: Aegislash|77\/100|[from] item: Leftovers\n|upkeep\n|\n|t:|1646672797\n|switch|p1a: Dragapult|Dragapult, M|100\/100\n|turn|21\n|\n|t:|1646672804\n|switch|p2a: Hoopa|Hoopa-Unbound|55\/100\n|move|p1a: Dragapult|Fire Blast|p2a: Hoopa|[miss]\n|-miss|p1a: Dragapult|p2a: Hoopa\n|\n|upkeep\n|turn|22\n|\n|t:|1646672806\n|move|p1a: Dragapult|Dragon Darts|p2a: Hoopa\n|-damage|p2a: Hoopa|4\/100\n|-anim|p1a: Dragapult|Dragon Darts|p2a: Hoopa\n|-damage|p2a: Hoopa|0 fnt\n|faint|p2a: Hoopa\n|-damage|p1a: Dragapult|91\/100|[from] item: Life Orb\n|\n|upkeep\n|\n|t:|1646672809\n|switch|p2a: Greninja|Greninja, M|75\/100\n|turn|23\n|\n|t:|1646672812\n|move|p2a: Greninja|Ice Beam|p1a: Dragapult\n|-start|p2a: Greninja|typechange|Ice|[from] ability: Protean\n|-supereffective|p1a: Dragapult\n|-damage|p1a: Dragapult|1\/100\n|move|p1a: Dragapult|Dragon Darts|p2a: Greninja\n|-damage|p2a: Greninja|19\/100\n|-anim|p1a: Dragapult|Dragon Darts|p2a: Greninja\n|-damage|p2a: Greninja|0 fnt\n|faint|p2a: Greninja\n|-damage|p1a: Dragapult|0 fnt|[from] item: Life Orb\n|faint|p1a: Dragapult\n|\n|win|AgencyIsOwn\n|raw|Hikari-miyako's rating: 1861 &rarr; <strong>1838<\/strong><br \/>(-23 for losing)\n|raw|AgencyIsOwn's rating: 1813 &rarr; <strong>1836<\/strong><br \/>(+23 for winning)\n|l|\u2606Hikari-miyako\n|c|\u2606AgencyIsOwn|gg\n||Ladder isn't responding, score probably updated but might not have (Request timeout).\n","uploadtime":1646672830,"views":64,"p1id":"hikarimiyako","p2id":"agencyisown","formatid":"gen8nationaldex","rating":1836,"private":0,"password":null}