{"id":"gen8nationaldex-1536521244","p1":"fishy8995","p2":"Pokegenius30","format":"gen8nationaldex","log":"|j|\u2606fishy8995\n|j|\u2606Pokegenius30\n|t:|1647990489\n|gametype|singles\n|player|p1|fishy8995|102|1597\n|player|p2|Pokegenius30|lucas|1694\n|teamsize|p1|6\n|teamsize|p2|6\n|gen|8\n|tier|[Gen 8] National Dex\n|rated|\n|rule|HP Percentage Mod: HP is shown in percentages\n|rule|Endless Battle Clause: Forcing endless battles is banned\n|rule|OHKO Clause: OHKO moves are banned\n|rule|Evasion Moves Clause: Evasion moves are banned\n|rule|Species Clause: Limit one of each Pok\u00e9mon\n|rule|Dynamax Clause: You cannot dynamax\n|rule|Sleep Clause Mod: Limit one foe put to sleep\n|clearpoke\n|poke|p1|Hippowdon, M|\n|poke|p1|Tyranitar, F|\n|poke|p1|Excadrill, F|\n|poke|p1|Yanmega, F|\n|poke|p1|Toxapex, F|\n|poke|p1|Dracozolt|\n|poke|p2|Tyranitar, M|\n|poke|p2|Mimikyu, M|\n|poke|p2|Rillaboom, M|\n|poke|p2|Smeargle, M|\n|poke|p2|Excadrill, F|\n|poke|p2|Magneton|\n|teampreview\n|inactive|Battle timer is ON: inactive players will automatically lose when time's up. (requested by Pokegenius30)\n|\n|t:|1647990497\n|start\n|switch|p1a: Yanmega|Yanmega, F|100\/100\n|switch|p2a: Smeargle|Smeargle, M|100\/100\n|turn|1\n|\n|t:|1647990511\n|switch|p2a: Tyranitar|Tyranitar, M|100\/100\n|-weather|Sandstorm|[from] ability: Sand Stream|[of] p2a: Tyranitar\n|move|p1a: Yanmega|Air Slash|p2a: Tyranitar\n|-resisted|p2a: Tyranitar\n|-damage|p2a: Tyranitar|90\/100\n|\n|-weather|Sandstorm|[upkeep]\n|-damage|p1a: Yanmega|94\/100|[from] Sandstorm\n|-ability|p1a: Yanmega|Speed Boost|boost\n|-boost|p1a: Yanmega|spe|1\n|upkeep\n|turn|2\n|\n|t:|1647990525\n|switch|p1a: Hippowdon|Hippowdon, M|100\/100\n|move|p2a: Tyranitar|Stealth Rock|p1a: Hippowdon\n|-sidestart|p1: fishy8995|move: Stealth Rock\n|\n|-weather|Sandstorm|[upkeep]\n|upkeep\n|turn|3\n|\n|t:|1647990532\n|switch|p2a: Rillaboom|Rillaboom, M|100\/100\n|-fieldstart|move: Grassy Terrain|[from] ability: Grassy Surge|[of] p2a: Rillaboom\n|move|p1a: Hippowdon|Stealth Rock|p2a: Rillaboom\n|-sidestart|p2: Pokegenius30|move: Stealth Rock\n|\n|-weather|Sandstorm|[upkeep]\n|-damage|p2a: Rillaboom|94\/100|[from] Sandstorm\n|-heal|p2a: Rillaboom|100\/100|[from] Grassy Terrain\n|upkeep\n|turn|4\n|\n|t:|1647990543\n|switch|p1a: Yanmega|Yanmega, F|94\/100\n|move|p2a: Rillaboom|Knock Off|p1a: Yanmega\n|-damage|p1a: Yanmega|29\/100\n|-enditem|p1a: Yanmega|Heavy-Duty Boots|[from] move: Knock Off|[of] p2a: Rillaboom\n|\n|-weather|Sandstorm|[upkeep]\n|-damage|p1a: Yanmega|22\/100|[from] Sandstorm\n|-damage|p2a: Rillaboom|94\/100|[from] Sandstorm\n|-heal|p2a: Rillaboom|100\/100|[from] Grassy Terrain\n|upkeep\n|turn|5\n|\n|t:|1647990554\n|switch|p2a: Excadrill|Excadrill, F|100\/100\n|-damage|p2a: Excadrill|97\/100|[from] Stealth Rock\n|move|p1a: Yanmega|Bug Buzz|p2a: Excadrill\n|-resisted|p2a: Excadrill\n|-damage|p2a: Excadrill|64\/100\n|\n|-weather|none\n|-heal|p2a: Excadrill|71\/100|[from] Grassy Terrain\n|-ability|p1a: Yanmega|Speed Boost|boost\n|-boost|p1a: Yanmega|spe|1\n|upkeep\n|turn|6\n|\n|t:|1647990565\n|move|p1a: Yanmega|Defog|p2a: Excadrill\n|-unboost|p2a: Excadrill|evasion|1\n|-sideend|p2: Pokegenius30|Stealth Rock|[from] move: Defog|[of] p1a: Yanmega\n|-sideend|p1: fishy8995|Stealth Rock|[from] move: Defog|[of] p1a: Yanmega\n|-fieldend|move: Grassy Terrain\n|move|p2a: Excadrill|Rapid Spin|p1a: Yanmega\n|-damage|p1a: Yanmega|0 fnt\n|-boost|p2a: Excadrill|spe|1\n|faint|p1a: Yanmega\n|\n|upkeep\n|\n|t:|1647990571\n|switch|p1a: Excadrill|Excadrill, F|100\/100\n|turn|7\n|\n|t:|1647990577\n|move|p2a: Excadrill|High Horsepower|p1a: Excadrill\n|-supereffective|p1a: Excadrill\n|-enditem|p1a: Excadrill|Focus Sash\n|-damage|p1a: Excadrill|1\/100\n|move|p1a: Excadrill|Earthquake|p2a: Excadrill\n|-supereffective|p2a: Excadrill\n|-damage|p2a: Excadrill|0 fnt\n|faint|p2a: Excadrill\n|\n|upkeep\n|\n|t:|1647990587\n|switch|p2a: Magneton|Magneton|100\/100\n|turn|8\n|\n|t:|1647990606\n|move|p2a: Magneton|Hidden Power|p1a: Excadrill\n|-supereffective|p1a: Excadrill\n|-damage|p1a: Excadrill|0 fnt\n|faint|p1a: Excadrill\n|\n|upkeep\n|\n|t:|1647990610\n|switch|p1a: Hippowdon|Hippowdon, M|100\/100\n|-weather|Sandstorm|[from] ability: Sand Stream|[of] p1a: Hippowdon\n|turn|9\n|\n|t:|1647990618\n|switch|p2a: Rillaboom|Rillaboom, M|100\/100\n|-fieldstart|move: Grassy Terrain|[from] ability: Grassy Surge|[of] p2a: Rillaboom\n|move|p1a: Hippowdon|Toxic|p2a: Rillaboom\n|-status|p2a: Rillaboom|tox\n|\n|-weather|Sandstorm|[upkeep]\n|-damage|p2a: Rillaboom|94\/100 tox|[from] Sandstorm\n|-heal|p2a: Rillaboom|100\/100 tox|[from] Grassy Terrain\n|-damage|p2a: Rillaboom|94\/100 tox|[from] psn\n|upkeep\n|turn|10\n|\n|t:|1647990631\n|move|p2a: Rillaboom|Grassy Glide|p1a: Hippowdon\n|-supereffective|p1a: Hippowdon\n|-damage|p1a: Hippowdon|18\/100\n|move|p1a: Hippowdon|Roar|p2a: Rillaboom\n|drag|p2a: Smeargle|Smeargle, M|100\/100\n|\n|-weather|Sandstorm|[upkeep]\n|-damage|p2a: Smeargle|95\/100|[from] Sandstorm\n|-heal|p2a: Smeargle|100\/100|[from] Grassy Terrain\n|-heal|p1a: Hippowdon|24\/100|[from] Grassy Terrain\n|upkeep\n|turn|11\n|\n|t:|1647990646\n|move|p2a: Smeargle|Spore|p1a: Hippowdon\n|-status|p1a: Hippowdon|slp|[from] move: Spore\n|cant|p1a: Hippowdon|slp\n|\n|-weather|Sandstorm|[upkeep]\n|-damage|p2a: Smeargle|95\/100|[from] Sandstorm\n|-heal|p2a: Smeargle|100\/100|[from] Grassy Terrain\n|-heal|p1a: Hippowdon|30\/100 slp|[from] Grassy Terrain\n|upkeep\n|turn|12\n|\n|t:|1647990665\n|switch|p1a: Dracozolt|Dracozolt|100\/100\n|move|p2a: Smeargle|Infestation|p1a: Dracozolt\n|-damage|p1a: Dracozolt|98\/100\n|-activate|p1a: Dracozolt|move: Infestation|[of] p2a: Smeargle\n|\n|-weather|Sandstorm|[upkeep]\n|-damage|p2a: Smeargle|95\/100|[from] Sandstorm\n|-heal|p1a: Dracozolt|100\/100|[from] Grassy Terrain\n|-heal|p2a: Smeargle|100\/100|[from] Grassy Terrain\n|-damage|p1a: Dracozolt|88\/100|[from] move: Infestation|[partiallytrapped]\n|upkeep\n|turn|13\n|\n|t:|1647990679\n|move|p1a: Dracozolt|Bolt Beak|p2a: Smeargle\n|-enditem|p2a: Smeargle|Focus Sash\n|-damage|p2a: Smeargle|1\/100\n|-damage|p1a: Dracozolt|78\/100|[from] item: Life Orb\n|move|p2a: Smeargle|Perish Song|p2a: Smeargle\n|-start|p1a: Dracozolt|perish3|[silent]\n|-start|p2a: Smeargle|perish3|[silent]\n|-fieldactivate|move: Perish Song\n|\n|-weather|Sandstorm|[upkeep]\n|-damage|p2a: Smeargle|0 fnt|[from] Sandstorm\n|faint|p2a: Smeargle\n|-heal|p1a: Dracozolt|84\/100|[from] Grassy Terrain\n|-end|p1a: Dracozolt|Infestation|[partiallytrapped]|[silent]\n|-start|p1a: Dracozolt|perish3\n|-fieldend|move: Grassy Terrain\n|upkeep\n|inactive|Pokegenius30 has 120 seconds left.\n|\n|t:|1647990717\n|switch|p2a: Mimikyu|Mimikyu, M|100\/100\n|turn|14\n|\n|t:|1647990724\n|switch|p1a: Toxapex|Toxapex, F|100\/100\n|switch|p2a: Tyranitar|Tyranitar, M|90\/100\n|\n|-weather|Sandstorm|[upkeep]\n|-damage|p1a: Toxapex|94\/100|[from] Sandstorm\n|-heal|p1a: Toxapex|100\/100|[from] item: Black Sludge\n|upkeep\n|turn|15\n|inactive|Pokegenius30 has 120 seconds left.\n|\n|t:|1647990735\n|move|p2a: Tyranitar|Stealth Rock|p1a: Toxapex\n|-sidestart|p1: fishy8995|move: Stealth Rock\n|move|p1a: Toxapex|Stockpile|p1a: Toxapex\n|-start|p1a: Toxapex|stockpile1\n|-boost|p1a: Toxapex|def|1\n|-boost|p1a: Toxapex|spd|1\n|\n|-weather|Sandstorm|[upkeep]\n|-damage|p1a: Toxapex|94\/100|[from] Sandstorm\n|-heal|p1a: Toxapex|100\/100|[from] item: Black Sludge\n|upkeep\n|turn|16\n|inactive|Pokegenius30 has 120 seconds left.\n|\n|t:|1647990746\n|switch|p2a: Mimikyu|Mimikyu, M|100\/100\n|move|p1a: Toxapex|Scald|p2a: Mimikyu\n|-activate|p2a: Mimikyu|ability: Disguise\n|-damage|p2a: Mimikyu|100\/100\n|-status|p2a: Mimikyu|brn\n|detailschange|p2a: Mimikyu|Mimikyu-Busted, M\n|-damage|p2a: Mimikyu|88\/100 brn|[from] pokemon: Mimikyu-Busted\n|-enditem|p2a: Mimikyu|Eject Button\n|\n|t:|1647990761\n|switch|p2a: Magneton|Magneton|100\/100\n|\n|-weather|none\n|upkeep\n|turn|17\n|\n|t:|1647990775\n|move|p2a: Magneton|Volt Switch|p1a: Toxapex\n|-supereffective|p1a: Toxapex\n|-damage|p1a: Toxapex|73\/100\n|\n|t:|1647990780\n|switch|p2a: Mimikyu|Mimikyu-Busted, M|88\/100 brn|[from]move: Volt Switch\n|move|p1a: Toxapex|Stockpile|p1a: Toxapex\n|-start|p1a: Toxapex|stockpile2\n|-boost|p1a: Toxapex|def|1\n|-boost|p1a: Toxapex|spd|1\n|\n|-heal|p1a: Toxapex|79\/100|[from] item: Black Sludge\n|-damage|p2a: Mimikyu|82\/100 brn|[from] brn\n|upkeep\n|turn|18\n|inactive|Pokegenius30 has 120 seconds left.\n|inactive|fishy8995 has 120 seconds left.\n|\n|t:|1647990818\n|move|p2a: Mimikyu|Curse|p1a: Toxapex\n|-start|p1a: Toxapex|Curse|[of] p2a: Mimikyu\n|-damage|p2a: Mimikyu|32\/100 brn\n|move|p1a: Toxapex|Scald|p2a: Mimikyu\n|-damage|p2a: Mimikyu|15\/100 brn\n|\n|-heal|p1a: Toxapex|85\/100|[from] item: Black Sludge\n|-damage|p2a: Mimikyu|9\/100 brn|[from] brn\n|-damage|p1a: Toxapex|60\/100|[from] Curse\n|upkeep\n|turn|19\n|inactive|Pokegenius30 has 120 seconds left.\n|\n|t:|1647990830\n|move|p2a: Mimikyu|Pain Split|p1a: Toxapex\n|-sethp|p1a: Toxapex|34\/100|[from] move: Pain Split|[silent]\n|-sethp|p2a: Mimikyu|41\/100 brn|[from] move: Pain Split\n|move|p1a: Toxapex|Recover|p1a: Toxapex\n|-heal|p1a: Toxapex|84\/100\n|\n|-heal|p1a: Toxapex|90\/100|[from] item: Black Sludge\n|-damage|p2a: Mimikyu|35\/100 brn|[from] brn\n|-damage|p1a: Toxapex|65\/100|[from] Curse\n|upkeep\n|turn|20\n|inactive|Pokegenius30 has 120 seconds left.\n|inactive|fishy8995 has 120 seconds left.\n|\n|t:|1647990858\n|move|p2a: Mimikyu|Pain Split|p1a: Toxapex\n|-sethp|p1a: Toxapex|47\/100|[from] move: Pain Split|[silent]\n|-sethp|p2a: Mimikyu|57\/100 brn|[from] move: Pain Split\n|move|p1a: Toxapex|Recover|p1a: Toxapex\n|-heal|p1a: Toxapex|97\/100\n|\n|-heal|p1a: Toxapex|100\/100|[from] item: Black Sludge\n|-damage|p2a: Mimikyu|51\/100 brn|[from] brn\n|-damage|p1a: Toxapex|75\/100|[from] Curse\n|upkeep\n|turn|21\n|j| Babyshark974\n|inactive|Pokegenius30 has 120 seconds left.\n|\n|t:|1647990869\n|move|p2a: Mimikyu|Substitute|p2a: Mimikyu\n|-start|p2a: Mimikyu|Substitute\n|-damage|p2a: Mimikyu|26\/100 brn\n|move|p1a: Toxapex|Scald|p2a: Mimikyu\n|-activate|p2a: Mimikyu|move: Substitute|[damage]\n|\n|-heal|p1a: Toxapex|82\/100|[from] item: Black Sludge\n|-damage|p2a: Mimikyu|20\/100 brn|[from] brn\n|-damage|p1a: Toxapex|57\/100|[from] Curse\n|upkeep\n|turn|22\n|inactive|Pokegenius30 has 120 seconds left.\n|\n|t:|1647990880\n|move|p2a: Mimikyu|Pain Split|p1a: Toxapex\n|-sethp|p1a: Toxapex|37\/100|[from] move: Pain Split|[silent]\n|-sethp|p2a: Mimikyu|44\/100 brn|[from] move: Pain Split\n|move|p1a: Toxapex|Scald|p2a: Mimikyu\n|-end|p2a: Mimikyu|Substitute\n|\n|-heal|p1a: Toxapex|43\/100|[from] item: Black Sludge\n|-damage|p2a: Mimikyu|38\/100 brn|[from] brn\n|-damage|p1a: Toxapex|18\/100|[from] Curse\n|upkeep\n|turn|23\n|inactive|Pokegenius30 has 120 seconds left.\n|\n|t:|1647990892\n|move|p2a: Mimikyu|Substitute|p2a: Mimikyu\n|-start|p2a: Mimikyu|Substitute\n|-damage|p2a: Mimikyu|14\/100 brn\n|move|p1a: Toxapex|Recover|p1a: Toxapex\n|-heal|p1a: Toxapex|68\/100\n|\n|-heal|p1a: Toxapex|74\/100|[from] item: Black Sludge\n|-damage|p2a: Mimikyu|8\/100 brn|[from] brn\n|-damage|p1a: Toxapex|49\/100|[from] Curse\n|upkeep\n|turn|24\n|inactive|Pokegenius30 has 120 seconds left.\n|\n|t:|1647990903\n|move|p2a: Mimikyu|Pain Split|p1a: Toxapex\n|-sethp|p1a: Toxapex|28\/100|[from] move: Pain Split|[silent]\n|-sethp|p2a: Mimikyu|34\/100 brn|[from] move: Pain Split\n|move|p1a: Toxapex|Recover|p1a: Toxapex\n|-heal|p1a: Toxapex|78\/100\n|\n|-heal|p1a: Toxapex|84\/100|[from] item: Black Sludge\n|-damage|p2a: Mimikyu|28\/100 brn|[from] brn\n|-damage|p1a: Toxapex|59\/100|[from] Curse\n|upkeep\n|turn|25\n|inactive|Pokegenius30 has 120 seconds left.\n|\n|t:|1647990915\n|move|p2a: Mimikyu|Pain Split|p1a: Toxapex\n|-sethp|p1a: Toxapex|41\/100|[from] move: Pain Split|[silent]\n|-sethp|p2a: Mimikyu|50\/100 brn|[from] move: Pain Split\n|move|p1a: Toxapex|Scald|p2a: Mimikyu\n|-activate|p2a: Mimikyu|move: Substitute|[damage]\n|\n|-heal|p1a: Toxapex|47\/100|[from] item: Black Sludge\n|-damage|p2a: Mimikyu|44\/100 brn|[from] brn\n|-damage|p1a: Toxapex|22\/100|[from] Curse\n|upkeep\n|turn|26\n|inactive|Pokegenius30 has 120 seconds left.\n|\n|t:|1647990928\n|move|p2a: Mimikyu|Toxic|p1a: Toxapex\n|-immune|p1a: Toxapex\n|move|p1a: Toxapex|Recover|p1a: Toxapex\n|-heal|p1a: Toxapex|72\/100\n|\n|-heal|p1a: Toxapex|78\/100|[from] item: Black Sludge\n|-damage|p2a: Mimikyu|38\/100 brn|[from] brn\n|-damage|p1a: Toxapex|53\/100|[from] Curse\n|upkeep\n|turn|27\n|inactive|Pokegenius30 has 120 seconds left.\n|\n|t:|1647990938\n|move|p2a: Mimikyu|Pain Split|p1a: Toxapex\n|-sethp|p1a: Toxapex|42\/100|[from] move: Pain Split|[silent]\n|-sethp|p2a: Mimikyu|51\/100 brn|[from] move: Pain Split\n|move|p1a: Toxapex|Scald|p2a: Mimikyu\n|-end|p2a: Mimikyu|Substitute\n|\n|-heal|p1a: Toxapex|49\/100|[from] item: Black Sludge\n|-damage|p2a: Mimikyu|45\/100 brn|[from] brn\n|-damage|p1a: Toxapex|24\/100|[from] Curse\n|upkeep\n|turn|28\n|inactive|Pokegenius30 has 120 seconds left.\n|\n|t:|1647990950\n|move|p2a: Mimikyu|Substitute|p2a: Mimikyu\n|-start|p2a: Mimikyu|Substitute\n|-damage|p2a: Mimikyu|20\/100 brn\n|move|p1a: Toxapex|Recover|p1a: Toxapex\n|-heal|p1a: Toxapex|74\/100\n|\n|-heal|p1a: Toxapex|80\/100|[from] item: Black Sludge\n|-damage|p2a: Mimikyu|14\/100 brn|[from] brn\n|-damage|p1a: Toxapex|55\/100|[from] Curse\n|upkeep\n|turn|29\n|inactive|Pokegenius30 has 120 seconds left.\n|\n|t:|1647990962\n|move|p2a: Mimikyu|Pain Split|p1a: Toxapex\n|-sethp|p1a: Toxapex|33\/100|[from] move: Pain Split|[silent]\n|-sethp|p2a: Mimikyu|40\/100 brn|[from] move: Pain Split\n|move|p1a: Toxapex|Scald|p2a: Mimikyu\n|-activate|p2a: Mimikyu|move: Substitute|[damage]\n|\n|-heal|p1a: Toxapex|40\/100|[from] item: Black Sludge\n|-damage|p2a: Mimikyu|34\/100 brn|[from] brn\n|-damage|p1a: Toxapex|15\/100|[from] Curse\n|upkeep\n|turn|30\n|inactive|Pokegenius30 has 120 seconds left.\n|\n|t:|1647990977\n|switch|p2a: Rillaboom|Rillaboom, M|94\/100 tox\n|-fieldstart|move: Grassy Terrain|[from] ability: Grassy Surge|[of] p2a: Rillaboom\n|move|p1a: Toxapex|Recover|p1a: Toxapex\n|-heal|p1a: Toxapex|65\/100\n|\n|-heal|p2a: Rillaboom|100\/100 tox|[from] Grassy Terrain\n|-heal|p1a: Toxapex|71\/100|[from] Grassy Terrain\n|-heal|p1a: Toxapex|77\/100|[from] item: Black Sludge\n|-damage|p2a: Rillaboom|94\/100 tox|[from] psn\n|-damage|p1a: Toxapex|52\/100|[from] Curse\n|upkeep\n|turn|31\n|\n|t:|1647990990\n|move|p2a: Rillaboom|Knock Off|p1a: Toxapex\n|-damage|p1a: Toxapex|32\/100\n|-enditem|p1a: Toxapex|Black Sludge|[from] move: Knock Off|[of] p2a: Rillaboom\n|move|p1a: Toxapex|Recover|p1a: Toxapex\n|-heal|p1a: Toxapex|82\/100\n|\n|-heal|p2a: Rillaboom|100\/100 tox|[from] Grassy Terrain\n|-heal|p1a: Toxapex|88\/100|[from] Grassy Terrain\n|-damage|p2a: Rillaboom|88\/100 tox|[from] psn\n|-damage|p1a: Toxapex|63\/100|[from] Curse\n|upkeep\n|turn|32\n|\n|t:|1647991003\n|switch|p2a: Mimikyu|Mimikyu-Busted, M|34\/100 brn\n|move|p1a: Toxapex|Recover|p1a: Toxapex\n|-heal|p1a: Toxapex|100\/100\n|\n|-heal|p2a: Mimikyu|40\/100 brn|[from] Grassy Terrain\n|-damage|p2a: Mimikyu|34\/100 brn|[from] brn\n|-damage|p1a: Toxapex|75\/100|[from] Curse\n|upkeep\n|turn|33\n|\n|t:|1647991017\n|switch|p1a: Hippowdon|Hippowdon, M|30\/100 slp\n|-damage|p1a: Hippowdon|24\/100 slp|[from] Stealth Rock\n|-weather|Sandstorm|[from] ability: Sand Stream|[of] p1a: Hippowdon\n|move|p2a: Mimikyu|Pain Split|p1a: Hippowdon\n|-sethp|p1a: Hippowdon|22\/100 slp|[from] move: Pain Split|[silent]\n|-sethp|p2a: Mimikyu|37\/100 brn|[from] move: Pain Split\n|\n|-weather|Sandstorm|[upkeep]\n|-damage|p2a: Mimikyu|31\/100 brn|[from] Sandstorm\n|-heal|p2a: Mimikyu|37\/100 brn|[from] Grassy Terrain\n|-heal|p1a: Hippowdon|28\/100 slp|[from] Grassy Terrain\n|-damage|p2a: Mimikyu|31\/100 brn|[from] brn\n|upkeep\n|turn|34\n|\n|t:|1647991032\n|switch|p2a: Rillaboom|Rillaboom, M|88\/100 tox\n|cant|p1a: Hippowdon|slp\n|\n|-weather|Sandstorm|[upkeep]\n|-damage|p2a: Rillaboom|82\/100 tox|[from] Sandstorm\n|-heal|p2a: Rillaboom|88\/100 tox|[from] Grassy Terrain\n|-heal|p1a: Hippowdon|35\/100 slp|[from] Grassy Terrain\n|-damage|p2a: Rillaboom|82\/100 tox|[from] psn\n|-fieldend|move: Grassy Terrain\n|upkeep\n|turn|35\n|\n|t:|1647991044\n|move|p2a: Rillaboom|U-turn|p1a: Hippowdon\n|-damage|p1a: Hippowdon|14\/100 slp\n|\n|t:|1647991046\n|switch|p2a: Tyranitar|Tyranitar, M|90\/100|[from]move: U-turn\n|cant|p1a: Hippowdon|slp\n|\n|-weather|Sandstorm|[upkeep]\n|upkeep\n|turn|36\n|\n|t:|1647991054\n|-curestatus|p1a: Hippowdon|slp|[msg]\n|move|p1a: Hippowdon|Stealth Rock|p2a: Tyranitar\n|-sidestart|p2: Pokegenius30|move: Stealth Rock\n|move|p2a: Tyranitar|Ice Beam|p1a: Hippowdon\n|-supereffective|p1a: Hippowdon\n|-damage|p1a: Hippowdon|0 fnt\n|faint|p1a: Hippowdon\n|\n|-weather|Sandstorm|[upkeep]\n|upkeep\n|\n|t:|1647991065\n|switch|p1a: Dracozolt|Dracozolt|84\/100\n|-damage|p1a: Dracozolt|72\/100|[from] Stealth Rock\n|turn|37\n|\n|t:|1647991074\n|move|p1a: Dracozolt|Bolt Beak|p2a: Tyranitar\n|-damage|p2a: Tyranitar|0 fnt\n|faint|p2a: Tyranitar\n|-damage|p1a: Dracozolt|62\/100|[from] item: Life Orb\n|\n|-weather|Sandstorm|[upkeep]\n|upkeep\n|\n|t:|1647991081\n|switch|p2a: Rillaboom|Rillaboom, M|82\/100 tox\n|-damage|p2a: Rillaboom|70\/100 tox|[from] Stealth Rock\n|-fieldstart|move: Grassy Terrain|[from] ability: Grassy Surge|[of] p2a: Rillaboom\n|turn|38\n|\n|t:|1647991087\n|move|p2a: Rillaboom|Grassy Glide|p1a: Dracozolt\n|-resisted|p1a: Dracozolt\n|-damage|p1a: Dracozolt|20\/100\n|move|p1a: Dracozolt|Flamethrower|p2a: Rillaboom\n|-supereffective|p2a: Rillaboom\n|-damage|p2a: Rillaboom|12\/100 tox\n|-damage|p1a: Dracozolt|10\/100|[from] item: Life Orb\n|\n|-weather|Sandstorm|[upkeep]\n|-damage|p2a: Rillaboom|5\/100 tox|[from] Sandstorm\n|-heal|p1a: Dracozolt|16\/100|[from] Grassy Terrain\n|-heal|p2a: Rillaboom|12\/100 tox|[from] Grassy Terrain\n|-damage|p2a: Rillaboom|5\/100 tox|[from] psn\n|upkeep\n|turn|39\n|\n|t:|1647991101\n|switch|p1a: Toxapex|Toxapex, F|100\/100\n|-damage|p1a: Toxapex|88\/100|[from] Stealth Rock\n|move|p2a: Rillaboom|Grassy Glide|p1a: Toxapex\n|-damage|p1a: Toxapex|32\/100\n|\n|-weather|Sandstorm|[upkeep]\n|-damage|p2a: Rillaboom|0 fnt|[from] Sandstorm\n|-damage|p1a: Toxapex|26\/100|[from] Sandstorm\n|faint|p2a: Rillaboom\n|-heal|p1a: Toxapex|32\/100|[from] Grassy Terrain\n|upkeep\n|\n|t:|1647991114\n|switch|p2a: Magneton|Magneton|100\/100\n|-damage|p2a: Magneton|94\/100|[from] Stealth Rock\n|turn|40\n|\n|t:|1647991118\n|move|p2a: Magneton|Volt Switch|p1a: Toxapex\n|-supereffective|p1a: Toxapex\n|-damage|p1a: Toxapex|0 fnt\n|faint|p1a: Toxapex\n|\n|t:|1647991123\n|switch|p2a: Mimikyu|Mimikyu-Busted, M|31\/100 brn|[from]move: Volt Switch\n|-damage|p2a: Mimikyu|18\/100 brn|[from] Stealth Rock\n|\n|-weather|none\n|-heal|p2a: Mimikyu|24\/100 brn|[from] Grassy Terrain\n|-damage|p2a: Mimikyu|18\/100 brn|[from] brn\n|upkeep\n|\n|t:|1647991131\n|switch|p1a: Tyranitar|Tyranitar, F|100\/100\n|-damage|p1a: Tyranitar|88\/100|[from] Stealth Rock\n|-weather|Sandstorm|[from] ability: Sand Stream|[of] p1a: Tyranitar\n|turn|41\n|\n|t:|1647991136\n|detailschange|p1a: Tyranitar|Tyranitar-Mega, F\n|-mega|p1a: Tyranitar|Tyranitar|Tyranitarite\n|move|p2a: Mimikyu|Pain Split|p1a: Tyranitar\n|-sethp|p1a: Tyranitar|50\/100|[from] move: Pain Split|[silent]\n|-sethp|p2a: Mimikyu|80\/100 brn|[from] move: Pain Split\n|move|p1a: Tyranitar|Dragon Dance|p1a: Tyranitar\n|-boost|p1a: Tyranitar|atk|1\n|-boost|p1a: Tyranitar|spe|1\n|\n|-weather|Sandstorm|[upkeep]\n|-damage|p2a: Mimikyu|74\/100 brn|[from] Sandstorm\n|-heal|p2a: Mimikyu|80\/100 brn|[from] Grassy Terrain\n|-heal|p1a: Tyranitar|56\/100|[from] Grassy Terrain\n|-damage|p2a: Mimikyu|74\/100 brn|[from] brn\n|upkeep\n|turn|42\n|\n|t:|1647991151\n|move|p2a: Mimikyu|Curse|p1a: Tyranitar\n|-start|p1a: Tyranitar|Curse|[of] p2a: Mimikyu\n|-damage|p2a: Mimikyu|24\/100 brn\n|move|p1a: Tyranitar|Stone Edge|p2a: Mimikyu\n|-damage|p2a: Mimikyu|0 fnt\n|faint|p2a: Mimikyu\n|\n|-weather|Sandstorm|[upkeep]\n|-heal|p1a: Tyranitar|62\/100|[from] Grassy Terrain\n|-damage|p1a: Tyranitar|37\/100|[from] Curse\n|-fieldend|move: Grassy Terrain\n|upkeep\n|\n|t:|1647991163\n|switch|p2a: Magneton|Magneton|94\/100\n|-damage|p2a: Magneton|88\/100|[from] Stealth Rock\n|turn|43\n|\n|t:|1647991168\n|move|p2a: Magneton|Steel Beam|p1a: Tyranitar\n|-supereffective|p1a: Tyranitar\n|-damage|p1a: Tyranitar|0 fnt\n|-damage|p2a: Magneton|38\/100|[from] mindblown\n|faint|p1a: Tyranitar\n|\n|-weather|Sandstorm|[upkeep]\n|upkeep\n|\n|t:|1647991171\n|switch|p1a: Dracozolt|Dracozolt|16\/100\n|-damage|p1a: Dracozolt|4\/100|[from] Stealth Rock\n|turn|44\n|\n|t:|1647991178\n|move|p1a: Dracozolt|Earthquake|p2a: Magneton\n|-supereffective|p2a: Magneton\n|-crit|p2a: Magneton\n|-damage|p2a: Magneton|0 fnt\n|faint|p2a: Magneton\n|-damage|p1a: Dracozolt|0 fnt|[from] item: Life Orb\n|faint|p1a: Dracozolt\n|\n|win|fishy8995\n|raw|fishy8995's rating: 1578 &rarr; <strong>1604<\/strong><br \/>(+26 for winning)\n|raw|Pokegenius30's rating: 1694 &rarr; <strong>1668<\/strong><br \/>(-26 for losing)\n","uploadtime":1647991189,"views":13,"p1id":"fishy8995","p2id":"pokegenius30","formatid":"gen8nationaldex","rating":1604,"private":0,"password":null}