{"id":"gen8ou-1682127161","p1":"minimax_ai","p2":"smoglin doglin","format":"gen8ou","log":"|j|\u2606minimax_ai\n|j|\u2606smoglin doglin\n|t:|1665395067\n|gametype|singles\n|player|p1|minimax_ai|lusamine-nihilego|1658\n|player|p2|smoglin doglin|flannery|1686\n|teamsize|p1|6\n|teamsize|p2|6\n|gen|8\n|tier|[Gen 8] OU\n|rated|\n|rule|Sleep Clause Mod: Limit one foe put to sleep\n|rule|Species Clause: Limit one of each Pok\u00e9mon\n|rule|OHKO Clause: OHKO moves are banned\n|rule|Evasion Items Clause: Evasion items are banned\n|rule|Evasion Moves Clause: Evasion moves are banned\n|rule|Endless Battle Clause: Forcing endless battles is banned\n|rule|HP Percentage Mod: HP is shown in percentages\n|rule|Dynamax Clause: You cannot dynamax\n|clearpoke\n|poke|p1|Rotom-Wash|\n|poke|p1|Weavile, M|\n|poke|p1|Landorus-Therian, M|\n|poke|p1|Heatran, M|\n|poke|p1|Tangrowth, M|\n|poke|p1|Melmetal|\n|poke|p2|Escavalier, M|\n|poke|p2|Excadrill, M|\n|poke|p2|Slowbro, M|\n|poke|p2|Tyranitar, M|\n|poke|p2|Tornadus-Therian, M|\n|poke|p2|Kommo-o, M|\n|teampreview\n|c|\u2606minimax_ai|hf\n|inactive|Battle timer is ON: inactive players will automatically lose when time's up. (requested by minimax_ai)\n|\n|t:|1665395081\n|start\n|switch|p1a: Melmetal|Melmetal|100\/100\n|switch|p2a: Kommo-o|Kommo-o, M|100\/100\n|turn|1\n|j| likely-lad\n|\n|t:|1665395084\n|switch|p2a: Slowbro|Slowbro, M|100\/100\n|move|p1a: Melmetal|Double Iron Bash|p2a: Slowbro\n|-resisted|p2a: Slowbro\n|-damage|p2a: Slowbro|88\/100\n|-damage|p1a: Melmetal|84\/100|[from] item: Rocky Helmet|[of] p2a: Slowbro\n|-resisted|p2a: Slowbro\n|-crit|p2a: Slowbro\n|-damage|p2a: Slowbro|71\/100\n|-damage|p1a: Melmetal|67\/100|[from] item: Rocky Helmet|[of] p2a: Slowbro\n|-hitcount|p2a: Slowbro|2\n|\n|upkeep\n|turn|2\n|\n|t:|1665395086\n|move|p1a: Melmetal|Double Iron Bash|p2a: Slowbro\n|-resisted|p2a: Slowbro\n|-damage|p2a: Slowbro|59\/100\n|-damage|p1a: Melmetal|51\/100|[from] item: Rocky Helmet|[of] p2a: Slowbro\n|-resisted|p2a: Slowbro\n|-damage|p2a: Slowbro|47\/100\n|-damage|p1a: Melmetal|34\/100|[from] item: Rocky Helmet|[of] p2a: Slowbro\n|-hitcount|p2a: Slowbro|2\n|move|p2a: Slowbro|Teleport|p2a: Slowbro\n|\n|t:|1665395088\n|switch|p2a: Kommo-o|Kommo-o, M|100\/100|[from]move: Teleport\n|\n|upkeep\n|turn|3\n|\n|t:|1665395090\n|switch|p1a: landorustherian|Landorus-Therian, M|100\/100\n|-ability|p1a: landorustherian|Intimidate|boost\n|-unboost|p2a: Kommo-o|atk|1\n|move|p2a: Kommo-o|Body Press|p1a: landorustherian\n|-resisted|p1a: landorustherian\n|-damage|p1a: landorustherian|80\/100\n|\n|-heal|p1a: landorustherian|86\/100|[from] item: Leftovers\n|upkeep\n|turn|4\n|\n|t:|1665395092\n|move|p2a: Kommo-o|Toxic|p1a: landorustherian\n|-status|p1a: landorustherian|tox\n|move|p1a: landorustherian|Toxic|p2a: Kommo-o\n|-status|p2a: Kommo-o|tox\n|\n|-heal|p1a: landorustherian|92\/100 tox|[from] item: Leftovers\n|-damage|p2a: Kommo-o|94\/100 tox|[from] psn\n|-damage|p1a: landorustherian|86\/100 tox|[from] psn\n|upkeep\n|turn|5\n|\n|t:|1665395093\n|move|p2a: Kommo-o|Stealth Rock|p1a: landorustherian\n|-sidestart|p1: minimax_ai|move: Stealth Rock\n|move|p1a: landorustherian|Earthquake|p2a: Kommo-o\n|-damage|p2a: Kommo-o|62\/100 tox\n|\n|-heal|p2a: Kommo-o|68\/100 tox|[from] item: Leftovers\n|-heal|p1a: landorustherian|92\/100 tox|[from] item: Leftovers\n|-damage|p2a: Kommo-o|56\/100 tox|[from] psn\n|-damage|p1a: landorustherian|80\/100 tox|[from] psn\n|upkeep\n|turn|6\n|j| haaduki\n|\n|t:|1665395103\n|switch|p2a: Tyranitar|Tyranitar, M|100\/100\n|-weather|Sandstorm|[from] ability: Sand Stream|[of] p2a: Tyranitar\n|move|p1a: landorustherian|Defog|p2a: Tyranitar\n|-unboost|p2a: Tyranitar|evasion|1\n|-sideend|p1: minimax_ai|Stealth Rock|[from] move: Defog|[of] p1a: landorustherian\n|\n|-weather|Sandstorm|[upkeep]\n|-heal|p1a: landorustherian|86\/100 tox|[from] item: Leftovers\n|-damage|p1a: landorustherian|67\/100 tox|[from] psn\n|upkeep\n|turn|7\n|\n|t:|1665395106\n|switch|p1a: Tangrowth|Tangrowth, M|100\/100\n|move|p2a: Tyranitar|Ice Punch|p1a: Tangrowth\n|-supereffective|p1a: Tangrowth\n|-damage|p1a: Tangrowth|52\/100\n|-damage|p2a: Tyranitar|84\/100|[from] item: Rocky Helmet|[of] p1a: Tangrowth\n|\n|-weather|Sandstorm|[upkeep]\n|-damage|p1a: Tangrowth|46\/100|[from] Sandstorm\n|upkeep\n|turn|8\n|j| last07\n|\n|t:|1665395110\n|switch|p2a: Kommo-o|Kommo-o, M|56\/100 tox\n|switch|p1a: rotomwash|Rotom-Wash|100\/100\n|\n|-weather|Sandstorm|[upkeep]\n|-damage|p1a: rotomwash|94\/100|[from] Sandstorm\n|-damage|p2a: Kommo-o|49\/100 tox|[from] Sandstorm\n|-heal|p1a: rotomwash|100\/100|[from] item: Leftovers\n|-heal|p2a: Kommo-o|56\/100 tox|[from] item: Leftovers\n|-damage|p2a: Kommo-o|49\/100 tox|[from] psn\n|upkeep\n|turn|9\n|\n|t:|1665395112\n|move|p1a: rotomwash|Nasty Plot|p1a: rotomwash\n|-boost|p1a: rotomwash|spa|2\n|move|p2a: Kommo-o|Stealth Rock|p1a: rotomwash\n|-sidestart|p1: minimax_ai|move: Stealth Rock\n|\n|-weather|Sandstorm|[upkeep]\n|-damage|p1a: rotomwash|94\/100|[from] Sandstorm\n|-damage|p2a: Kommo-o|43\/100 tox|[from] Sandstorm\n|-heal|p1a: rotomwash|100\/100|[from] item: Leftovers\n|-heal|p2a: Kommo-o|49\/100 tox|[from] item: Leftovers\n|-damage|p2a: Kommo-o|37\/100 tox|[from] psn\n|upkeep\n|turn|10\n|\n|t:|1665395114\n|move|p1a: rotomwash|Hydro Pump|p2a: Kommo-o\n|-resisted|p2a: Kommo-o\n|-damage|p2a: Kommo-o|0 fnt\n|faint|p2a: Kommo-o\n|\n|-weather|none\n|upkeep\n|l| haaduki\n|\n|t:|1665395119\n|switch|p2a: Escavalier|Escavalier, M|100\/100\n|turn|11\n|\n|t:|1665395127\n|move|p1a: rotomwash|Thunderbolt|p2a: Escavalier\n|-damage|p2a: Escavalier|22\/100\n|move|p2a: Escavalier|Megahorn|p1a: rotomwash\n|-damage|p1a: rotomwash|21\/100\n|\n|-heal|p1a: rotomwash|27\/100|[from] item: Leftovers\n|-heal|p2a: Escavalier|28\/100|[from] item: Leftovers\n|upkeep\n|turn|12\n|\n|t:|1665395132\n|switch|p2a: Tyranitar|Tyranitar, M|84\/100\n|-weather|Sandstorm|[from] ability: Sand Stream|[of] p2a: Tyranitar\n|move|p1a: rotomwash|Hydro Pump|p2a: Tyranitar\n|-supereffective|p2a: Tyranitar\n|-damage|p2a: Tyranitar|0 fnt\n|faint|p2a: Tyranitar\n|\n|-weather|Sandstorm|[upkeep]\n|-damage|p1a: rotomwash|21\/100|[from] Sandstorm\n|-heal|p1a: rotomwash|27\/100|[from] item: Leftovers\n|upkeep\n|\n|t:|1665395136\n|switch|p2a: Excadrill|Excadrill, M|100\/100\n|turn|13\n|\n|t:|1665395137\n|switch|p1a: Heatran|Heatran, M|100\/100\n|-damage|p1a: Heatran|88\/100|[from] Stealth Rock\n|-item|p1a: Heatran|Air Balloon\n|move|p2a: Excadrill|Rock Slide|p1a: Heatran\n|-damage|p1a: Heatran|59\/100\n|-enditem|p1a: Heatran|Air Balloon\n|\n|-weather|Sandstorm|[upkeep]\n|upkeep\n|turn|14\n|\n|t:|1665395140\n|switch|p1a: Tangrowth|Tangrowth, M|79\/100\n|-damage|p1a: Tangrowth|67\/100|[from] Stealth Rock\n|move|p2a: Excadrill|Earthquake|p1a: Tangrowth\n|-resisted|p1a: Tangrowth\n|-damage|p1a: Tangrowth|53\/100\n|\n|-weather|Sandstorm|[upkeep]\n|-damage|p1a: Tangrowth|47\/100|[from] Sandstorm\n|upkeep\n|turn|15\n|j| Mojoo\n|\n|t:|1665395146\n|switch|p2a: Escavalier|Escavalier, M|28\/100\n|move|p1a: Tangrowth|Giga Drain|p2a: Escavalier\n|-resisted|p2a: Escavalier\n|-damage|p2a: Escavalier|20\/100\n|-heal|p1a: Tangrowth|50\/100|[from] drain|[of] p2a: Escavalier\n|\n|-weather|Sandstorm|[upkeep]\n|-damage|p1a: Tangrowth|44\/100|[from] Sandstorm\n|-heal|p2a: Escavalier|26\/100|[from] item: Leftovers\n|upkeep\n|turn|16\n|\n|t:|1665395150\n|move|p1a: Tangrowth|Focus Blast|p2a: Escavalier|[miss]\n|-miss|p1a: Tangrowth|p2a: Escavalier\n|move|p2a: Escavalier|Megahorn|p1a: Tangrowth\n|-supereffective|p1a: Tangrowth\n|-damage|p1a: Tangrowth|0 fnt\n|-damage|p2a: Escavalier|10\/100|[from] item: Rocky Helmet|[of] p1a: Tangrowth\n|faint|p1a: Tangrowth\n|\n|-weather|none\n|-heal|p2a: Escavalier|16\/100|[from] item: Leftovers\n|upkeep\n|\n|t:|1665395150\n|switch|p1a: Weavile|Weavile, M|100\/100\n|-damage|p1a: Weavile|76\/100|[from] Stealth Rock\n|-ability|p1a: Weavile|Pressure\n|turn|17\n|\n|t:|1665395154\n|move|p1a: Weavile|Knock Off|p2a: Escavalier\n|-damage|p2a: Escavalier|0 fnt\n|-enditem|p2a: Escavalier|Leftovers|[from] move: Knock Off|[of] p1a: Weavile\n|faint|p2a: Escavalier\n|\n|upkeep\n|\n|t:|1665395164\n|switch|p2a: Slowbro|Slowbro, M|80\/100\n|turn|18\n|\n|t:|1665395166\n|move|p1a: Weavile|Knock Off|p2a: Slowbro\n|-supereffective|p2a: Slowbro\n|-damage|p2a: Slowbro|0 fnt\n|-damage|p1a: Weavile|59\/100|[from] item: Rocky Helmet|[of] p2a: Slowbro\n|-enditem|p2a: Slowbro|Rocky Helmet|[from] move: Knock Off|[of] p1a: Weavile\n|faint|p2a: Slowbro\n|\n|upkeep\n|\n|t:|1665395169\n|switch|p2a: Tornadus|Tornadus-Therian, M|100\/100\n|turn|19\n|\n|t:|1665395171\n|move|p1a: Weavile|Knock Off|p2a: Tornadus\n|-damage|p2a: Tornadus|23\/100\n|-enditem|p2a: Tornadus|Heavy-Duty Boots|[from] move: Knock Off|[of] p1a: Weavile\n|move|p2a: Tornadus|Hurricane|p1a: Weavile\n|-damage|p1a: Weavile|4\/100\n|\n|upkeep\n|turn|20\n|\n|t:|1665395178\n|move|p1a: Weavile|Knock Off|p2a: Tornadus\n|-damage|p2a: Tornadus|0 fnt\n|faint|p2a: Tornadus\n|\n|upkeep\n|\n|t:|1665395183\n|switch|p2a: Excadrill|Excadrill, M|100\/100\n|turn|21\n|\n|t:|1665395187\n|move|p1a: Weavile|Knock Off|p2a: Excadrill\n|-crit|p2a: Excadrill\n|-damage|p2a: Excadrill|0 fnt\n|-enditem|p2a: Excadrill|Leftovers|[from] move: Knock Off|[of] p1a: Weavile\n|faint|p2a: Excadrill\n|\n|win|minimax_ai\n|raw|minimax_ai's rating: 1658 &rarr; <strong>1680<\/strong><br \/>(+22 for winning)\n|raw|smoglin doglin's rating: 1686 &rarr; <strong>1664<\/strong><br \/>(-22 for losing)\n|c|\u2606minimax_ai|gg\n","uploadtime":1665395188,"views":27,"p1id":"minimaxai","p2id":"smoglindoglin","formatid":"gen8ou","rating":1664,"private":0,"password":null}