{"id":"gen8hackmonscup-1687548921","p1":"IIIodyne","p2":"Puggle1119","format":"gen8hackmonscup","log":"|j|\u2606IIIodyne\n|j|\u2606Puggle1119\n|inactive|Battle timer is ON: inactive players will automatically lose when time's up.\n|t:|1665972512\n|gametype|singles\n|player|p1|IIIodyne|102|\n|player|p2|Puggle1119|alder|\n|teamsize|p1|24\n|teamsize|p2|24\n|gen|8\n|tier|[Gen 8] Hackmons Cup\n|rated|Tournament battle\n|rule|HP Percentage Mod: HP is shown in percentages\n|rule|Inverse Mod: Weaknesses become resistances, while resistances and immunities become weaknesses.\n|rule|Species Clause: Limit one of each Pok\u00e9mon\n|rule|OHKO Clause: OHKO moves are banned\n|rule|Evasion Moves Clause: Evasion moves are banned\n|rule|Endless Battle Clause: Forcing endless battles is banned\n|rule|Dynamax Clause: You cannot dynamax\n|rule|Sleep Clause Mod: Limit one foe put to sleep\n|rule|Camomons Mod: Pok\u00e9mon have their types set to match their first two moves.\n|rule|Scalemons Mod: Every Pokemon's stats, barring HP, are scaled to come as close to a BST of 600 as possible\n|clearpoke\n|poke|p1|Aurorus, L73, M|\n|poke|p1|Cramorant, L76, F|\n|poke|p1|Sealeo, L80, F|\n|poke|p1|Dusclops, L76, M|\n|poke|p1|Relicanth, L74, M|\n|poke|p1|Lickilicky, L73, F|\n|poke|p1|Koffing, L85, F|\n|poke|p1|Shellos, L86, M|\n|poke|p1|Grovyle, L80, F|\n|poke|p1|Xurkitree, L71|\n|poke|p1|Aromatisse, L77, F|\n|poke|p1|Malamar, L75, F|\n|poke|p1|Mamoswine, L73, M|\n|poke|p1|Celesteela, L70|\n|poke|p1|Caterpie, L99, M|\n|poke|p1|Grubbin, L89, M|\n|poke|p1|Hoothoot, L92, F|\n|poke|p1|Cinccino, L76, F|\n|poke|p1|Thievul, L77, F|\n|poke|p1|Obstagoon, L72, M|\n|poke|p1|Duskull, L89, F|\n|poke|p1|Zapdos-Galar, L70|\n|poke|p1|Cottonee, L90, F|\n|poke|p1|Herdier, L82, M|\n|poke|p2|Tauros, L74, M|\n|poke|p2|Aromatisse, L77, M|\n|poke|p2|Roserade, L73, F|\n|poke|p2|Diggersby, L78, F|\n|poke|p2|Dusknoir, L72, F|\n|poke|p2|Zapdos-Galar, L70|\n|poke|p2|Wooper, L97, F|\n|poke|p2|Stoutland, L74, F|\n|poke|p2|Barbaracle, L74, F|\n|poke|p2|Scrafty, L74, M|\n|poke|p2|Lairon, L78, F|\n|poke|p2|Poliwrath, L73, F|\n|poke|p2|Tapu Lele, L70|\n|poke|p2|Dratini, L89, F|\n|poke|p2|Excadrill, L74, M|\n|poke|p2|Krookodile, L73, F|\n|poke|p2|Cofagrigus, L75, M|\n|poke|p2|Palossand, L75, M|\n|poke|p2|Farfetch\u2019d, L82, M|\n|poke|p2|Koffing, L85, M|\n|poke|p2|Alcremie, L74, F|\n|poke|p2|Mudkip, L88, M|\n|poke|p2|Slowbro, L75, M|\n|poke|p2|Rowlet, L87, M|\n|teampreview|6\n|c|\u2606IIIodyne|hf\n|j| mr.rogers3\n|inactive|IIIodyne has 120 seconds left.\n|inactive|Puggle1119 has 120 seconds left.\n|l| mr.rogers3\n|inactive|IIIodyne has 90 seconds left.\n|inactive|Puggle1119 has 90 seconds left.\n|j| CulturedChimp\n|inactive|IIIodyne has 60 seconds left.\n|inactive|Puggle1119 has 60 seconds left.\n|inactive|IIIodyne has 30 seconds left.\n|inactive|IIIodyne has 20 seconds left.\n|\n|t:|1665972646\n|start\n|switch|p1a: Aromatisse|Aromatisse, L76, F|231\/231\n|switch|p2a: Slowbro|Slowbro, L75, M|253\/253\n|-start|p1a: Aromatisse|typechange|Normal\/Ghost|[silent]\n|-start|p2a: Slowbro|typechange|Normal\/Electric|[silent]\n|-start|p1a: Aromatisse|typechange|Normal\/Ghost|[silent]\n|-start|p2a: Slowbro|typechange|Normal\/Electric|[silent]\n|turn|1\n|inactive|Puggle1119 has 90 seconds left.\n|inactive|IIIodyne has 60 seconds left.\n|\n|t:|1665972683\n|move|p1a: Aromatisse|Psychic|p2a: Slowbro\n|-damage|p2a: Slowbro|192\/253\n|move|p2a: Slowbro|Mega Kick|p1a: Aromatisse\n|-damage|p1a: Aromatisse|83\/231\n|replace|p1a: Cinccino|Cinccino, L76, F\n|-end|p1a: Cinccino|Illusion\n|\n|upkeep\n|-start|p1a: Cinccino|typechange|Normal\/Fighting|[silent]\n|turn|2\n|inactive|IIIodyne has 60 seconds left.\n|\n|t:|1665972697\n|move|p1a: Cinccino|Double Hit|p2a: Slowbro\n|-damage|p2a: Slowbro|165\/253\n|-damage|p2a: Slowbro|137\/253\n|-hitcount|p2a: Slowbro|2\n|move|p2a: Slowbro|Mega Kick|p1a: Cinccino\n|-damage|p1a: Cinccino|0 fnt\n|faint|p1a: Cinccino\n|\n|upkeep\n|\n|t:|1665972703\n|switch|p1a: Cottonee|Cottonee, L90, F|199\/199\n|-start|p1a: Cottonee|typechange|Dark\/Ghost|[silent]\n|-ability|p1a: Cottonee|Dauntless Shield|boost\n|-boost|p1a: Cottonee|def|1\n|-start|p1a: Cottonee|typechange|Dark\/Ghost|[silent]\n|turn|3\n|inactive|IIIodyne has 60 seconds left.\n|inactive|Puggle1119 has 90 seconds left.\n|\n|t:|1665972722\n|move|p1a: Cottonee|Spirit Shackle|p2a: Slowbro\n|-supereffective|p2a: Slowbro\n|-damage|p2a: Slowbro|39\/253\n|-activate|p2a: Slowbro|trapped\n|move|p2a: Slowbro|Mega Kick|p1a: Cottonee\n|-supereffective|p1a: Cottonee\n|-damage|p1a: Cottonee|103\/199\n|\n|upkeep\n|turn|4\n|\n|t:|1665972732\n|move|p1a: Cottonee|Spirit Shackle|p2a: Slowbro\n|-supereffective|p2a: Slowbro\n|-damage|p2a: Slowbro|0 fnt\n|faint|p2a: Slowbro\n|\n|upkeep\n|\n|t:|1665972742\n|switch|p2a: Lairon|Lairon, L74, F|217\/217\n|-start|p2a: Lairon|typechange|Ground\/Water|[silent]\n|-start|p2a: Lairon|typechange|Ground\/Water|[silent]\n|turn|5\n|inactive|IIIodyne has 60 seconds left.\n|inactive|Puggle1119 has 90 seconds left.\n|j| dogwater me\n|\n|t:|1665972773\n|move|p1a: Cottonee|Spirit Shackle|p2a: Lairon\n|-damage|p2a: Lairon|153\/217\n|-activate|p2a: Lairon|trapped\n|replace|p2a: Barbaracle|Barbaracle, L74, F\n|-end|p2a: Barbaracle|Illusion\n|move|p2a: Barbaracle|Electroweb|p1a: Cottonee\n|-damage|p1a: Cottonee|79\/199\n|-unboost|p1a: Cottonee|spe|1\n|\n|upkeep\n|-start|p2a: Barbaracle|typechange|Dragon\/Electric|[silent]\n|turn|6\n|l| dogwater me\n|inactive|IIIodyne has 60 seconds left.\n|inactive|Puggle1119 has 60 seconds left.\n|\n|t:|1665972790\n|move|p1a: Cottonee|Assurance|p2a: Barbaracle\n|-damage|p2a: Barbaracle|110\/217\n|move|p2a: Barbaracle|Nuzzle|p1a: Cottonee\n|-damage|p1a: Cottonee|69\/199\n|-status|p1a: Cottonee|par\n|\n|upkeep\n|turn|7\n|inactive|Puggle1119 has 60 seconds left.\n|\n|t:|1665972800\n|move|p2a: Barbaracle|Eternabeam|p1a: Cottonee\n|-damage|p1a: Cottonee|0 fnt\n|-mustrecharge|p2a: Barbaracle\n|faint|p1a: Cottonee\n|\n|upkeep\n|inactive|IIIodyne has 60 seconds left.\n|\n|t:|1665972814\n|switch|p1a: Thievul|Thievul, L77, F|229\/229\n|-ability|p1a: Thievul|Dauntless Shield|boost\n|-boost|p1a: Thievul|def|1\n|-start|p1a: Thievul|typechange|Poison\/Normal|[silent]\n|-start|p1a: Thievul|typechange|Poison\/Normal|[silent]\n|turn|8\n|\n|t:|1665972816\n|switch|p1a: Grovyle|Grovyle, L80, F|231\/231\n|-ability|p1a: Grovyle|Dauntless Shield|boost\n|-boost|p1a: Grovyle|def|1\n|-start|p1a: Grovyle|typechange|Fire\/Psychic|[silent]\n|cant|p2a: Barbaracle|recharge\n|\n|upkeep\n|-start|p1a: Grovyle|typechange|Fire\/Psychic|[silent]\n|turn|9\n|\n|t:|1665972823\n|switch|p1a: Aurorus|Aurorus, L73, M|302\/302\n|-ability|p1a: Aurorus|Dauntless Shield|boost\n|-boost|p1a: Aurorus|def|1\n|-start|p1a: Aurorus|typechange|Ground\/Fire|[silent]\n|move|p2a: Barbaracle|Eternabeam|p1a: Aurorus\n|-damage|p1a: Aurorus|208\/302\n|-mustrecharge|p2a: Barbaracle\n|\n|upkeep\n|-start|p1a: Aurorus|typechange|Ground\/Fire|[silent]\n|turn|10\n|\n|t:|1665972831\n|switch|p1a: Aromatisse|Aromatisse, L77, F|265\/265\n|-ability|p1a: Aromatisse|Dauntless Shield|boost\n|-boost|p1a: Aromatisse|def|1\n|-start|p1a: Aromatisse|typechange|Normal\/Ghost|[silent]\n|cant|p2a: Barbaracle|recharge\n|\n|upkeep\n|turn|11\n|\n|t:|1665972841\n|move|p2a: Barbaracle|Nuzzle|p1a: Aromatisse\n|-damage|p1a: Aromatisse|250\/265\n|-status|p1a: Aromatisse|par\n|move|p1a: Aromatisse|Torment|p2a: Barbaracle\n|-start|p2a: Barbaracle|Torment\n|\n|upkeep\n|turn|12\n|inactive|Puggle1119 has 90 seconds left.\n|\n|t:|1665972860\n|switch|p2a: Diggersby|Diggersby, L78, F|247\/247\n|-start|p2a: Diggersby|typechange|Ground\/Normal|[silent]\n|-curestatus|p1a: Aromatisse|par|[from] ability: Natural Cure\n|switch|p1a: Aurorus|Aurorus, L73, M|208\/302\n|-ability|p1a: Aurorus|Dauntless Shield|boost\n|-boost|p1a: Aurorus|def|1\n|-start|p1a: Aurorus|typechange|Ground\/Fire|[silent]\n|\n|upkeep\n|-start|p1a: Aurorus|typechange|Ground\/Fire|[silent]\n|-start|p2a: Diggersby|typechange|Ground\/Normal|[silent]\n|turn|13\n|inactive|Puggle1119 has 90 seconds left.\n|j| wiiiu\n|\n|t:|1665972877\n|move|p2a: Diggersby|Icicle Spear|p1a: Aurorus\n|-damage|p1a: Aurorus|195\/302\n|-damage|p1a: Aurorus|181\/302\n|-damage|p1a: Aurorus|167\/302\n|-damage|p1a: Aurorus|154\/302\n|-damage|p1a: Aurorus|141\/302\n|-hitcount|p1a: Aurorus|5\n|move|p1a: Aurorus|Leech Life|p2a: Diggersby\n|-damage|p2a: Diggersby|205\/247\n|-heal|p1a: Aurorus|162\/302|[from] drain|[of] p2a: Diggersby\n|\n|upkeep\n|turn|14\n|\n|t:|1665972891\n|move|p2a: Diggersby|Role Play|p1a: Aurorus\n|-endability|p2a: Diggersby|Skill Link|[from] move: Role Play\n|-ability|p2a: Diggersby|Quick Draw|[from] move: Role Play|[of] p1a: Aurorus\n|move|p1a: Aurorus|Shore Up|p1a: Aurorus\n|-heal|p1a: Aurorus|302\/302\n|\n|upkeep\n|turn|15\n|j| cryoxetic\n|inactive|Puggle1119 has 90 seconds left.\n|-activate|p1a: Aurorus|ability: Quick Draw\n|\n|t:|1665972911\n|switch|p2a: Lairon|Lairon, L78, F|217\/217\n|-start|p2a: Lairon|typechange|Ground\/Water|[silent]\n|move|p1a: Aurorus|Burn Up|p2a: Lairon\n|-supereffective|p2a: Lairon\n|-damage|p2a: Lairon|0 fnt\n|-start|p1a: Aurorus|typechange|Ground\/???|[from] move: Burn Up\n|faint|p2a: Lairon\n|\n|upkeep\n|inactive|Puggle1119 has 90 seconds left.\n|\n|t:|1665972923\n|switch|p2a: Aromatisse|Aromatisse, L77, M|279\/279\n|-start|p2a: Aromatisse|typechange|Poison\/Ground|[silent]\n|-start|p2a: Aromatisse|typechange|Poison\/Ground|[silent]\n|turn|16\n|-activate|p1a: Aurorus|ability: Quick Draw\n|\n|t:|1665972930\n|move|p1a: Aurorus|Leech Life|p2a: Aromatisse\n|-supereffective|p2a: Aromatisse\n|-damage|p2a: Aromatisse|243\/279\n|-damage|p1a: Aurorus|265\/302|[from] ability: Rough Skin|[of] p2a: Aromatisse\n|move|p2a: Aromatisse|Fissure|p1a: Aurorus\n|-damage|p1a: Aurorus|0 fnt\n|faint|p1a: Aurorus\n|-ohko\n|\n|upkeep\n|\n|t:|1665972945\n|switch|p1a: Grovyle|Grovyle, L80, F|231\/231\n|-ability|p1a: Grovyle|Dauntless Shield|boost\n|-boost|p1a: Grovyle|def|1\n|-start|p1a: Grovyle|typechange|Fire\/Psychic|[silent]\n|-start|p1a: Grovyle|typechange|Fire\/Psychic|[silent]\n|turn|17\n|\n|t:|1665972961\n|move|p1a: Grovyle|Fiery Dance|p2a: Aromatisse\n|-damage|p2a: Aromatisse|33\/279\n|move|p2a: Aromatisse|Fissure|p1a: Grovyle\n|-immune|p1a: Grovyle|[ohko]\n|\n|upkeep\n|turn|18\n|\n|t:|1665972984\n|switch|p2a: Diggersby|Diggersby, L78, F|205\/247\n|-start|p2a: Diggersby|typechange|Ground\/Normal|[silent]\n|move|p1a: Grovyle|Fiery Dance|p2a: Diggersby\n|-damage|p2a: Diggersby|25\/247\n|\n|upkeep\n|-start|p2a: Diggersby|typechange|Ground\/Normal|[silent]\n|turn|19\n|l| cryoxetic\n|\n|t:|1665972993\n|move|p1a: Grovyle|Fiery Dance|p2a: Diggersby\n|-damage|p2a: Diggersby|0 fnt\n|-boost|p1a: Grovyle|spa|1\n|faint|p2a: Diggersby\n|\n|upkeep\n|\n|t:|1665973002\n|switch|p2a: Aromatisse|Aromatisse, L74, M|110\/217\n|-start|p2a: Aromatisse|typechange|Poison\/Ground|[silent]\n|-start|p2a: Aromatisse|typechange|Poison\/Ground|[silent]\n|turn|20\n|\n|t:|1665973006\n|move|p1a: Grovyle|Fiery Dance|p2a: Aromatisse\n|-supereffective|p2a: Aromatisse\n|-damage|p2a: Aromatisse|0 fnt\n|replace|p2a: Barbaracle|Barbaracle, L74, F\n|-end|p2a: Barbaracle|Illusion\n|faint|p2a: Barbaracle\n|\n|upkeep\n|\n|t:|1665973009\n|switch|p2a: Rowlet|Rowlet, L87, M|260\/260\n|-start|p2a: Rowlet|typechange|Normal|[silent]\n|-start|p2a: Rowlet|typechange|Normal|[silent]\n|turn|21\n|-activate|p1a: Grovyle|ability: Quick Draw\n|\n|t:|1665973015\n|move|p1a: Grovyle|Fiery Dance|p2a: Rowlet\n|-damage|p2a: Rowlet|0 fnt\n|-boost|p1a: Grovyle|spa|1\n|faint|p2a: Rowlet\n|\n|upkeep\n|\n|t:|1665973019\n|switch|p2a: Aromatisse|Aromatisse, L77, M|33\/279\n|-start|p2a: Aromatisse|typechange|Poison\/Ground|[silent]\n|turn|22\n|-activate|p1a: Grovyle|ability: Quick Draw\n|\n|t:|1665973026\n|move|p1a: Grovyle|Fiery Dance|p2a: Aromatisse\n|-damage|p2a: Aromatisse|0 fnt\n|-boost|p1a: Grovyle|spa|1\n|faint|p2a: Aromatisse\n|\n|win|IIIodyne\n|n|\u2606IIIodyne|iiiodyne\n|n|\u2606Puggle1119|puggle1119\n|n| CulturedChimp|culturedchimp\n|n| wiiiu|wiiiu\n|c|\u2606IIIodyne|gg\n","uploadtime":1665973034,"views":11,"p1id":"iiiodyne","p2id":"puggle1119","formatid":"gen8hackmonscup","rating":0,"private":0,"password":null}