{"id":"gen8nationaldex-1628586942","p1":"taffy2001","p2":"legitteambuilder","format":"gen8nationaldex","log":"|j|\u2606taffy2001\n|j|\u2606legitteambuilder\n|t:|1659196968\n|gametype|singles\n|player|p1|taffy2001|2|1571\n|player|p2|legitteambuilder|cyrus|1712\n|teamsize|p1|6\n|teamsize|p2|6\n|gen|8\n|tier|[Gen 8] National Dex\n|rated|\n|rule|HP Percentage Mod: HP is shown in percentages\n|rule|Endless Battle Clause: Forcing endless battles is banned\n|rule|OHKO Clause: OHKO moves are banned\n|rule|Evasion Moves Clause: Evasion moves are banned\n|rule|Species Clause: Limit one of each Pok\u00e9mon\n|rule|Dynamax Clause: You cannot dynamax\n|rule|Sleep Clause Mod: Limit one foe put to sleep\n|clearpoke\n|poke|p1|Lopunny, F|\n|poke|p1|Slowbro, M|\n|poke|p1|Kartana|\n|poke|p1|Landorus-Therian, M|\n|poke|p1|Chansey, F|\n|poke|p1|Greninja, M|\n|poke|p2|Ninetales-Alola, F|\n|poke|p2|Tyranitar, M|\n|poke|p2|Volcarona, M|\n|poke|p2|Landorus-Therian, M|\n|poke|p2|Mawile, F|\n|poke|p2|Azumarill, M|\n|teampreview\n|inactive|Battle timer is ON: inactive players will automatically lose when time's up. (requested by legitteambuilder)\n|inactive|taffy2001 has 120 seconds left.\n|inactive|legitteambuilder has 120 seconds left.\n|\n|t:|1659197008\n|start\n|switch|p1a: Chansey|Chansey, F, shiny|100\/100\n|switch|p2a: hit em below|Landorus-Therian, M|100\/100\n|-ability|p2a: hit em below|Intimidate|boost\n|-unboost|p1a: Chansey|atk|1\n|turn|1\n|\n|t:|1659197013\n|move|p2a: hit em below|Stealth Rock|p1a: Chansey\n|-sidestart|p1: taffy2001|move: Stealth Rock\n|move|p1a: Chansey|Stealth Rock|p2a: hit em below\n|-sidestart|p2: legitteambuilder|move: Stealth Rock\n|\n|upkeep\n|turn|2\n|\n|t:|1659197018\n|move|p2a: hit em below|Swords Dance|p2a: hit em below\n|-boost|p2a: hit em below|atk|2\n|move|p1a: Chansey|Teleport|p1a: Chansey\n|\n|t:|1659197022\n|switch|p1a: Landorus|Landorus-Therian, M, shiny|100\/100|[from]move: Teleport\n|-damage|p1a: Landorus|88\/100|[from] Stealth Rock\n|-ability|p1a: Landorus|Intimidate|boost\n|-unboost|p2a: hit em below|atk|1\n|\n|-heal|p1a: Landorus|94\/100|[from] item: Leftovers\n|upkeep\n|turn|3\n|\n|t:|1659197033\n|-zpower|p2a: hit em below\n|move|p2a: hit em below|Breakneck Blitz|p1a: Landorus|[zeffect]\n|-damage|p1a: Landorus|12\/100\n|move|p1a: Landorus|U-turn|p2a: hit em below\n|-resisted|p2a: hit em below\n|-damage|p2a: hit em below|88\/100\n|\n|t:|1659197038\n|switch|p1a: Greninja|Greninja, M|100\/100|[from]move: U-turn\n|-damage|p1a: Greninja|88\/100|[from] Stealth Rock\n|\n|upkeep\n|turn|4\n|\n|t:|1659197043\n|switch|p2a: golden shower|Azumarill, M|100\/100\n|-damage|p2a: golden shower|88\/100|[from] Stealth Rock\n|move|p1a: Greninja|Hydro Pump|p2a: golden shower\n|-resisted|p2a: golden shower\n|-damage|p2a: golden shower|46\/100\n|-enditem|p2a: golden shower|Sitrus Berry|[eat]\n|-heal|p2a: golden shower|71\/100|[from] item: Sitrus Berry\n|\n|upkeep\n|turn|5\n|\n|t:|1659197056\n|switch|p1a: Kartana|Kartana|100\/100\n|-damage|p1a: Kartana|94\/100|[from] Stealth Rock\n|move|p2a: golden shower|Knock Off|p1a: Kartana\n|-damage|p1a: Kartana|54\/100\n|-enditem|p1a: Kartana|Choice Scarf|[from] move: Knock Off|[of] p2a: golden shower\n|\n|upkeep\n|turn|6\n|\n|t:|1659197069\n|switch|p2a: Volcarona|Volcarona, M|100\/100\n|move|p1a: Kartana|Leaf Blade|p2a: Volcarona\n|-resisted|p2a: Volcarona\n|-damage|p2a: Volcarona|84\/100\n|\n|upkeep\n|turn|7\n|\n|t:|1659197082\n|switch|p1a: Chansey|Chansey, F, shiny|100\/100\n|-damage|p1a: Chansey|88\/100|[from] Stealth Rock\n|switch|p2a: hit em below|Landorus-Therian, M|88\/100\n|-damage|p2a: hit em below|76\/100|[from] Stealth Rock\n|-ability|p2a: hit em below|Intimidate|boost\n|-unboost|p1a: Chansey|atk|1\n|\n|upkeep\n|turn|8\n|j| MiThree\n|\n|t:|1659197094\n|switch|p2a: golden shower|Azumarill, M|71\/100\n|-damage|p2a: golden shower|59\/100|[from] Stealth Rock\n|move|p1a: Chansey|Teleport|p1a: Chansey\n|\n|t:|1659197115\n|switch|p1a: Kartana|Kartana|54\/100|[from]move: Teleport\n|-damage|p1a: Kartana|48\/100|[from] Stealth Rock\n|\n|upkeep\n|turn|9\n|\n|t:|1659197123\n|move|p1a: Kartana|Leaf Blade|p2a: golden shower\n|-supereffective|p2a: golden shower\n|-crit|p2a: golden shower\n|-damage|p2a: golden shower|0 fnt\n|faint|p2a: golden shower\n|-ability|p1a: Kartana|Beast Boost|boost\n|-boost|p1a: Kartana|atk|1\n|\n|upkeep\n|\n|t:|1659197128\n|switch|p2a: Volcarona|Volcarona, M|84\/100\n|turn|10\n|\n|t:|1659197132\n|move|p1a: Kartana|Knock Off|p2a: Volcarona\n|-damage|p2a: Volcarona|13\/100\n|-enditem|p2a: Volcarona|Heavy-Duty Boots|[from] move: Knock Off|[of] p1a: Kartana\n|move|p2a: Volcarona|Quiver Dance|p2a: Volcarona\n|-boost|p2a: Volcarona|spa|1\n|-boost|p2a: Volcarona|spd|1\n|-boost|p2a: Volcarona|spe|1\n|\n|upkeep\n|turn|11\n|\n|t:|1659197143\n|move|p2a: Volcarona|Roost|p2a: Volcarona\n|-heal|p2a: Volcarona|63\/100\n|-singleturn|p2a: Volcarona|move: Roost\n|move|p1a: Kartana|Knock Off|p2a: Volcarona\n|-damage|p2a: Volcarona|17\/100\n|\n|upkeep\n|turn|12\n|\n|t:|1659197152\n|move|p2a: Volcarona|Flamethrower|p1a: Kartana\n|-supereffective|p1a: Kartana\n|-damage|p1a: Kartana|0 fnt\n|faint|p1a: Kartana\n|\n|upkeep\n|\n|t:|1659197158\n|switch|p1a: Greninja|Greninja, M|88\/100\n|-damage|p1a: Greninja|76\/100|[from] Stealth Rock\n|turn|13\n|inactive|legitteambuilder has 120 seconds left.\n|\n|t:|1659197188\n|move|p1a: Greninja|Water Shuriken|p2a: Volcarona\n|-supereffective|p2a: Volcarona\n|-damage|p2a: Volcarona|6\/100\n|-supereffective|p2a: Volcarona\n|-damage|p2a: Volcarona|0 fnt\n|faint|p2a: Volcarona\n|-activate|p1a: Greninja|ability: Battle Bond\n|detailschange|p1a: Greninja|Greninja-Ash, M\n|-hitcount|p2: Volcarona|2\n|\n|upkeep\n|\n|t:|1659197193\n|switch|p2a: Ninetales|Ninetales-Alola, F|100\/100\n|-damage|p2a: Ninetales|76\/100|[from] Stealth Rock\n|-weather|Hail|[from] ability: Snow Warning|[of] p2a: Ninetales\n|turn|14\n|\n|t:|1659197206\n|switch|p1a: Chansey|Chansey, F, shiny|88\/100\n|-damage|p1a: Chansey|76\/100|[from] Stealth Rock\n|move|p2a: Ninetales|Aurora Veil|p2a: Ninetales\n|-sidestart|p2: legitteambuilder|move: Aurora Veil\n|\n|-weather|Hail|[upkeep]\n|-damage|p1a: Chansey|70\/100|[from] Hail\n|upkeep\n|turn|15\n|\n|t:|1659197223\n|move|p2a: Ninetales|Safeguard|p2a: Ninetales\n|-sidestart|p2: legitteambuilder|Safeguard\n|move|p1a: Chansey|Teleport|p1a: Chansey\n|\n|t:|1659197228\n|switch|p1a: Slowbro|Slowbro, M|100\/100|[from]move: Teleport\n|-damage|p1a: Slowbro|88\/100|[from] Stealth Rock\n|\n|-weather|Hail|[upkeep]\n|-damage|p1a: Slowbro|82\/100|[from] Hail\n|upkeep\n|turn|16\n|\n|t:|1659197247\n|switch|p1a: Chansey|Chansey, F, shiny|70\/100\n|-damage|p1a: Chansey|57\/100|[from] Stealth Rock\n|move|p2a: Ninetales|Freeze-Dry|p1a: Chansey\n|-damage|p1a: Chansey|51\/100\n|\n|-weather|Hail|[upkeep]\n|-damage|p1a: Chansey|45\/100|[from] Hail\n|upkeep\n|turn|17\n|\n|t:|1659197253\n|switch|p2a: Mawile|Mawile, F, shiny|100\/100\n|-damage|p2a: Mawile|94\/100|[from] Stealth Rock\n|-ability|p2a: Mawile|Intimidate|boost\n|-unboost|p1a: Chansey|atk|1\n|move|p1a: Chansey|Soft-Boiled|p1a: Chansey\n|-heal|p1a: Chansey|95\/100\n|\n|-weather|Hail|[upkeep]\n|-damage|p2a: Mawile|88\/100|[from] Hail\n|-damage|p1a: Chansey|89\/100|[from] Hail\n|upkeep\n|turn|18\n|\n|t:|1659197266\n|move|p2a: Mawile|Swords Dance|p2a: Mawile\n|-boost|p2a: Mawile|atk|2\n|move|p1a: Chansey|Seismic Toss|p2a: Mawile\n|-damage|p2a: Mawile|50\/100\n|\n|-weather|none\n|upkeep\n|turn|19\n|\n|t:|1659197277\n|switch|p1a: Landorus|Landorus-Therian, M, shiny|12\/100\n|-damage|p1a: Landorus|0 fnt|[from] Stealth Rock\n|faint|p1a: Landorus\n|detailschange|p2a: Mawile|Mawile-Mega, F, shiny\n|-mega|p2a: Mawile|Mawile|Mawilite\n|move|p2a: Mawile|Play Rough|p1: Landorus|[notarget]\n|-fail|p2a: Mawile\n|\n|-sideend|p2: legitteambuilder|Safeguard\n|upkeep\n|\n|t:|1659197288\n|switch|p1a: Greninja|Greninja-Ash, M|76\/100\n|-damage|p1a: Greninja|64\/100|[from] Stealth Rock\n|turn|20\n|\n|t:|1659197307\n|move|p1a: Greninja|Water Shuriken|p2a: Mawile\n|-damage|p2a: Mawile|38\/100\n|-damage|p2a: Mawile|27\/100\n|-damage|p2a: Mawile|15\/100\n|-hitcount|p2a: Mawile|3\n|move|p2a: Mawile|Sucker Punch||[still]\n|-fail|p2a: Mawile\n|\n|upkeep\n|turn|21\n|inactive|legitteambuilder has 120 seconds left.\n|\n|t:|1659197334\n|move|p1a: Greninja|Water Shuriken|p2a: Mawile\n|-damage|p2a: Mawile|3\/100\n|-damage|p2a: Mawile|0 fnt\n|faint|p2a: Mawile\n|-hitcount|p2: Mawile|2\n|\n|-sideend|p2: legitteambuilder|move: Aurora Veil\n|upkeep\n|\n|t:|1659197336\n|switch|p2a: Ninetales|Ninetales-Alola, F|76\/100\n|-damage|p2a: Ninetales|51\/100|[from] Stealth Rock\n|-weather|Hail|[from] ability: Snow Warning|[of] p2a: Ninetales\n|turn|22\n|\n|t:|1659197342\n|switch|p1a: Chansey|Chansey, F, shiny|89\/100\n|-damage|p1a: Chansey|76\/100|[from] Stealth Rock\n|move|p2a: Ninetales|Aurora Veil|p2a: Ninetales\n|-sidestart|p2: legitteambuilder|move: Aurora Veil\n|\n|-weather|Hail|[upkeep]\n|-damage|p1a: Chansey|70\/100|[from] Hail\n|upkeep\n|turn|23\n|\n|t:|1659197352\n|switch|p2a: Dont let me|Tyranitar, M|100\/100\n|-damage|p2a: Dont let me|88\/100|[from] Stealth Rock\n|-weather|Sandstorm|[from] ability: Sand Stream|[of] p2a: Dont let me\n|move|p1a: Chansey|Seismic Toss|p2a: Dont let me\n|-damage|p2a: Dont let me|59\/100\n|\n|-weather|Sandstorm|[upkeep]\n|-damage|p1a: Chansey|64\/100|[from] Sandstorm\n|upkeep\n|turn|24\n|\n|t:|1659197360\n|move|p2a: Dont let me|Rock Polish|p2a: Dont let me\n|-boost|p2a: Dont let me|spe|2\n|move|p1a: Chansey|Seismic Toss|p2a: Dont let me\n|-damage|p2a: Dont let me|30\/100\n|\n|-weather|Sandstorm|[upkeep]\n|-damage|p1a: Chansey|58\/100|[from] Sandstorm\n|upkeep\n|turn|25\n|\n|t:|1659197367\n|move|p2a: Dont let me|Stone Edge|p1a: Chansey\n|-damage|p1a: Chansey|23\/100\n|move|p1a: Chansey|Seismic Toss|p2a: Dont let me\n|-damage|p2a: Dont let me|0 fnt\n|faint|p2a: Dont let me\n|\n|-weather|Sandstorm|[upkeep]\n|-damage|p1a: Chansey|17\/100|[from] Sandstorm\n|upkeep\n|-message|legitteambuilder forfeited.\n|\n|win|taffy2001\n|raw|taffy2001's rating: 1571 &rarr; <strong>1600<\/strong><br \/>(+29 for winning)\n|raw|legitteambuilder's rating: 1730 &rarr; <strong>1701<\/strong><br \/>(-29 for losing)\n|l|\u2606legitteambuilder\n||Ladder isn't responding, score probably updated but might not have (Request timeout).\n","uploadtime":1659197382,"views":5,"p1id":"taffy2001","p2id":"legitteambuilder","formatid":"gen8nationaldex","rating":1600,"private":0,"password":null}