{"id":"gen8nationaldex-1191032886","p1":"Commando 55","p2":"Grape Gatorade","format":"gen8nationaldex","log":"|j|\u2606Commando 55\n|j|\u2606Grape Gatorade\n|t:|1600748521\n|player|p1|Commando 55|iris-gen5bw2|1606\n|player|p2|Grape Gatorade|nate|1550\n|teamsize|p1|6\n|teamsize|p2|6\n|gametype|singles\n|gen|8\n|tier|[Gen 8] National Dex\n|rated|\n|clearpoke\n|poke|p1|Cinderace, M|\n|poke|p1|Greninja, M|\n|poke|p1|Vaporeon, M|\n|poke|p1|Ferrothorn, F|\n|poke|p1|Zapdos|\n|poke|p1|Diancie|\n|poke|p2|Pelipper, M|\n|poke|p2|Dracovish|\n|poke|p2|Swampert, M|\n|poke|p2|Magearna|\n|poke|p2|Galvantula, M|\n|poke|p2|Rillaboom, F|\n|rule|HP Percentage Mod: HP is shown in percentages\n|rule|Endless Battle Clause: Forcing endless battles is banned\n|rule|OHKO Clause: OHKO moves are banned\n|rule|Evasion Moves Clause: Evasion moves are banned\n|rule|Species Clause: Limit one of each Pok\u00e9mon\n|rule|Dynamax Clause: You cannot dynamax\n|rule|Sleep Clause Mod: Limit one foe put to sleep\n|teampreview\n|inactive|Battle timer is ON: inactive players will automatically lose when time's up. (requested by Commando 55)\n|\n|t:|1600748536\n|start\n|switch|p1a: Cinderace|Cinderace, M, shiny|100\/100\n|switch|p2a: Press (A) button|Dracovish, shiny|100\/100\n|turn|1\n|\n|t:|1600748542\n|switch|p1a: Vaporeon|Vaporeon, M|100\/100\n|move|p2a: Press (A) button|Fishious Rend|p1a: Vaporeon\n|-immune|p1a: Vaporeon|[from] ability: Water Absorb\n|\n|upkeep\n|turn|2\n|\n|t:|1600748547\n|switch|p2a: Galvantula|Galvantula, M|100\/100\n|move|p1a: Vaporeon|Flip Turn|p2a: Galvantula\n|-damage|p2a: Galvantula|73\/100\n|\n|t:|1600748550\n|switch|p1a: Cinderace|Cinderace, M, shiny|100\/100|[from]move: Flip Turn\n|\n|upkeep\n|turn|3\n|\n|t:|1600748558\n|switch|p2a: Pelipper|Pelipper, M|100\/100\n|-weather|RainDance|[from] ability: Drizzle|[of] p2a: Pelipper\n|move|p1a: Cinderace|Pyro Ball|p2a: Pelipper\n|-resisted|p2a: Pelipper\n|-damage|p2a: Pelipper|83\/100\n|-damage|p1a: Cinderace|91\/100|[from] item: Life Orb\n|\n|-weather|RainDance|[upkeep]\n|upkeep\n|turn|4\n|\n|t:|1600748564\n|move|p1a: Cinderace|Electro Ball|p2a: Pelipper\n|-start|p1a: Cinderace|typechange|Electric|[from] ability: Libero\n|-supereffective|p2a: Pelipper\n|-damage|p2a: Pelipper|0 fnt\n|-damage|p1a: Cinderace|81\/100|[from] item: Life Orb\n|faint|p2a: Pelipper\n|\n|-weather|RainDance|[upkeep]\n|upkeep\n|inactive|Grape Gatorade has 120 seconds left.\n|\n|t:|1600748618\n|switch|p2a: Swampert|Swampert, M|100\/100\n|turn|5\n|\n|t:|1600748626\n|switch|p1a: Vaporeon|Vaporeon, M|100\/100\n|detailschange|p2a: Swampert|Swampert-Mega, M\n|-mega|p2a: Swampert|Swampert|Swampertite\n|move|p2a: Swampert|Power-Up Punch|p1a: Vaporeon\n|-damage|p1a: Vaporeon|88\/100\n|-boost|p2a: Swampert|atk|1\n|\n|-weather|RainDance|[upkeep]\n|-heal|p1a: Vaporeon|94\/100|[from] item: Leftovers\n|upkeep\n|turn|6\n|\n|t:|1600748638\n|move|p1a: Vaporeon|Protect|p1a: Vaporeon\n|-singleturn|p1a: Vaporeon|Protect\n|move|p2a: Swampert|Earthquake|p1a: Vaporeon\n|-activate|p1a: Vaporeon|move: Protect\n|\n|-weather|RainDance|[upkeep]\n|-heal|p1a: Vaporeon|99\/100|[from] item: Leftovers\n|upkeep\n|turn|7\n|\n|t:|1600748653\n|switch|p1a: Diancie|Diancie|100\/100\n|move|p2a: Swampert|Power-Up Punch|p1a: Diancie\n|-damage|p1a: Diancie|71\/100\n|-boost|p2a: Swampert|atk|1\n|\n|-weather|RainDance|[upkeep]\n|upkeep\n|turn|8\n|\n|t:|1600748659\n|detailschange|p1a: Diancie|Diancie-Mega\n|-mega|p1a: Diancie|Diancie|Diancite\n|move|p2a: Swampert|Earthquake|p1a: Diancie\n|-supereffective|p1a: Diancie\n|-damage|p1a: Diancie|0 fnt\n|faint|p1a: Diancie\n|\n|-weather|RainDance|[upkeep]\n|upkeep\n|\n|t:|1600748661\n|switch|p1a: Ferrothorn|Ferrothorn, F|100\/100\n|turn|9\n|\n|t:|1600748664\n|move|p2a: Swampert|Earthquake|p1a: Ferrothorn\n|-damage|p1a: Ferrothorn|0 fnt\n|faint|p1a: Ferrothorn\n|\n|-weather|RainDance|[upkeep]\n|upkeep\n|j| isoptera\n|\n|t:|1600748686\n|switch|p1a: Zapdos|Zapdos|100\/100\n|turn|10\n|inactive|Commando 55 has 120 seconds left.\n|l|\u2606Commando 55\n|inactive|Commando 55 disconnected and has a minute to reconnect!\n|player|p1|\n|j|\u2606Commando 55\n|inactive|Commando 55 reconnected and has 110 seconds left.\n|player|p1|Commando 55|iris-gen5bw2\n|\n|t:|1600748720\n|move|p2a: Swampert|Ice Punch|p1a: Zapdos\n|-supereffective|p1a: Zapdos\n|-crit|p1a: Zapdos\n|-damage|p1a: Zapdos|0 fnt\n|faint|p1a: Zapdos\n|\n|-weather|none\n|upkeep\n|\n|t:|1600748727\n|switch|p1a: Greninja|Greninja, M, shiny|100\/100\n|turn|11\n|\n|t:|1600748736\n|move|p1a: Greninja|Dark Pulse|p2a: Swampert\n|-start|p1a: Greninja|typechange|Dark|[from] ability: Protean\n|-damage|p2a: Swampert|58\/100\n|-damage|p1a: Greninja|91\/100|[from] item: Life Orb\n|move|p2a: Swampert|Earthquake|p1a: Greninja\n|-damage|p1a: Greninja|0 fnt\n|faint|p1a: Greninja\n|\n|upkeep\n|\n|t:|1600748743\n|switch|p1a: Cinderace|Cinderace, M, shiny|81\/100\n|turn|12\n|\n|t:|1600748750\n|move|p1a: Cinderace|High Jump Kick|p2a: Swampert\n|-start|p1a: Cinderace|typechange|Fighting|[from] ability: Libero\n|-damage|p2a: Swampert|0 fnt\n|-damage|p1a: Cinderace|71\/100|[from] item: Life Orb\n|faint|p2a: Swampert\n|\n|upkeep\n|\n|t:|1600748764\n|switch|p2a: Press (A) button|Dracovish, shiny|100\/100\n|turn|13\n|\n|t:|1600748767\n|switch|p1a: Vaporeon|Vaporeon, M|99\/100\n|move|p2a: Press (A) button|Outrage|p1a: Vaporeon\n|-damage|p1a: Vaporeon|46\/100\n|\n|-heal|p1a: Vaporeon|52\/100|[from] item: Leftovers\n|upkeep\n|turn|14\n|\n|t:|1600748771\n|move|p1a: Vaporeon|Protect|p1a: Vaporeon\n|-singleturn|p1a: Vaporeon|Protect\n|move|p2a: Press (A) button|Outrage|p1a: Vaporeon|[from]lockedmove\n|-activate|p1a: Vaporeon|move: Protect\n|-start|p2a: Press (A) button|confusion|[fatigue]\n|\n|-heal|p1a: Vaporeon|58\/100|[from] item: Leftovers\n|upkeep\n|turn|15\n|\n|t:|1600748775\n|switch|p2a: Galvantula|Galvantula, M|73\/100\n|move|p1a: Vaporeon|Wish|p1a: Vaporeon\n|\n|-heal|p1a: Vaporeon|65\/100|[from] item: Leftovers\n|upkeep\n|turn|16\n|\n|t:|1600748786\n|switch|p1a: Cinderace|Cinderace, M, shiny|71\/100\n|move|p2a: Galvantula|Sticky Web|p1a: Cinderace\n|-sidestart|p1: Commando 55|move: Sticky Web\n|\n|-heal|p1a: Cinderace|100\/100|[from] move: Wish|[wisher] Vaporeon\n|upkeep\n|turn|17\n|\n|t:|1600748795\n|switch|p2a: Press (A) button|Dracovish, shiny|100\/100\n|move|p1a: Cinderace|Pyro Ball|p2a: Press (A) button\n|-resisted|p2a: Press (A) button\n|-damage|p2a: Press (A) button|82\/100\n|-damage|p1a: Cinderace|91\/100|[from] item: Life Orb\n|\n|upkeep\n|turn|18\n|\n|t:|1600748804\n|move|p1a: Cinderace|High Jump Kick|p2a: Press (A) button\n|-start|p1a: Cinderace|typechange|Fighting|[from] ability: Libero\n|-damage|p2a: Press (A) button|8\/100\n|-damage|p1a: Cinderace|81\/100|[from] item: Life Orb\n|move|p2a: Press (A) button|Outrage|p1a: Cinderace\n|-damage|p1a: Cinderace|0 fnt\n|faint|p1a: Cinderace\n|\n|upkeep\n|\n|t:|1600748811\n|switch|p1a: Vaporeon|Vaporeon, M|65\/100\n|-activate|p1a: Vaporeon|move: Sticky Web\n|-unboost|p1a: Vaporeon|spe|1\n|turn|19\n|\n|t:|1600748817\n|move|p1a: Vaporeon|Protect|p1a: Vaporeon\n|-singleturn|p1a: Vaporeon|Protect\n|move|p2a: Press (A) button|Outrage|p1a: Vaporeon|[from]lockedmove\n|-activate|p1a: Vaporeon|move: Protect\n|\n|-heal|p1a: Vaporeon|71\/100|[from] item: Leftovers\n|upkeep\n|turn|20\n|\n|t:|1600748820\n|move|p2a: Press (A) button|Outrage|p1a: Vaporeon\n|-damage|p1a: Vaporeon|16\/100\n|move|p1a: Vaporeon|Wish|p1a: Vaporeon\n|\n|-heal|p1a: Vaporeon|22\/100|[from] item: Leftovers\n|upkeep\n|turn|21\n|\n|t:|1600748826\n|move|p1a: Vaporeon|Protect|p1a: Vaporeon\n|-singleturn|p1a: Vaporeon|Protect\n|move|p2a: Press (A) button|Outrage|p1a: Vaporeon|[from]lockedmove\n|-activate|p1a: Vaporeon|move: Protect\n|\n|-heal|p1a: Vaporeon|72\/100|[from] move: Wish|[wisher] Vaporeon\n|-heal|p1a: Vaporeon|79\/100|[from] item: Leftovers\n|upkeep\n|turn|22\n|\n|t:|1600748829\n|move|p2a: Press (A) button|Outrage|p1a: Vaporeon\n|-damage|p1a: Vaporeon|29\/100\n|move|p1a: Vaporeon|Wish|p1a: Vaporeon\n|\n|-heal|p1a: Vaporeon|35\/100|[from] item: Leftovers\n|upkeep\n|turn|23\n|\n|t:|1600748833\n|move|p1a: Vaporeon|Protect|p1a: Vaporeon\n|-singleturn|p1a: Vaporeon|Protect\n|move|p2a: Press (A) button|Outrage|p1a: Vaporeon|[from]lockedmove\n|-activate|p1a: Vaporeon|move: Protect\n|\n|-heal|p1a: Vaporeon|85\/100|[from] move: Wish|[wisher] Vaporeon\n|-heal|p1a: Vaporeon|91\/100|[from] item: Leftovers\n|upkeep\n|turn|24\n|\n|t:|1600748836\n|move|p2a: Press (A) button|Outrage|p1a: Vaporeon\n|-damage|p1a: Vaporeon|37\/100\n|move|p1a: Vaporeon|Wish|p1a: Vaporeon\n|\n|-heal|p1a: Vaporeon|43\/100|[from] item: Leftovers\n|upkeep\n|turn|25\n|\n|t:|1600748839\n|move|p1a: Vaporeon|Protect|p1a: Vaporeon\n|-singleturn|p1a: Vaporeon|Protect\n|move|p2a: Press (A) button|Outrage|p1a: Vaporeon|[from]lockedmove\n|-activate|p1a: Vaporeon|move: Protect\n|-start|p2a: Press (A) button|confusion|[fatigue]\n|\n|-heal|p1a: Vaporeon|93\/100|[from] move: Wish|[wisher] Vaporeon\n|-heal|p1a: Vaporeon|99\/100|[from] item: Leftovers\n|upkeep\n|turn|26\n|\n|t:|1600748845\n|-activate|p2a: Press (A) button|confusion\n|move|p2a: Press (A) button|Outrage|p1a: Vaporeon\n|-damage|p1a: Vaporeon|51\/100\n|move|p1a: Vaporeon|Scald|p2a: Press (A) button\n|-resisted|p2a: Press (A) button\n|-damage|p2a: Press (A) button|0 fnt\n|faint|p2a: Press (A) button\n|\n|-heal|p1a: Vaporeon|57\/100|[from] item: Leftovers\n|upkeep\n|\n|t:|1600748858\n|switch|p2a: Rillaboom|Rillaboom, F|100\/100\n|-fieldstart|move: Grassy Terrain|[from] ability: Grassy Surge|[of] p2a: Rillaboom\n|turn|27\n|\n|t:|1600748860\n|move|p1a: Vaporeon|Protect|p1a: Vaporeon\n|-singleturn|p1a: Vaporeon|Protect\n|move|p2a: Rillaboom|Swords Dance|p2a: Rillaboom\n|-boost|p2a: Rillaboom|atk|2\n|\n|-heal|p1a: Vaporeon|63\/100|[from] item: Leftovers\n|-heal|p1a: Vaporeon|70\/100|[from] Grassy Terrain\n|upkeep\n|turn|28\n|-message|Commando 55 forfeited.\n|\n|win|Grape Gatorade\n|l|\u2606Commando 55\n|raw|Commando 55's rating: 1606 &rarr; <strong>1583<\/strong><br \/>(-23 for losing)\n|raw|Grape Gatorade's rating: 1550 &rarr; <strong>1573<\/strong><br \/>(+23 for winning)\n","uploadtime":1600748872,"views":9,"p1id":"commando55","p2id":"grapegatorade","formatid":"gen8nationaldex","rating":1573,"private":0,"password":null}