{"id":"gen8battlefactory-1667369515","p1":"Mimikyu Stardust","p2":"Bucciarati1","format":"gen8battlefactory","log":"|j|\u2606Mimikyu Stardust\n|j|\u2606Bucciarati1\n|inactive|Battle timer is ON: inactive players will automatically lose when time's up.\n|t:|1663516599\n|gametype|singles\n|player|p1|Mimikyu Stardust|#mimikyustardust|\n|player|p2|Bucciarati1|aetherfoundation|\n|teamsize|p1|6\n|teamsize|p2|6\n|gen|8\n|tier|[Gen 8] Battle Factory\n|rated|Tournament battle\n|rule|Sleep Clause Mod: Limit one foe put to sleep\n|rule|Species Clause: Limit one of each Pok\u00e9mon\n|rule|OHKO Clause: OHKO moves are banned\n|rule|Evasion Items Clause: Evasion items are banned\n|rule|Evasion Moves Clause: Evasion moves are banned\n|rule|Endless Battle Clause: Forcing endless battles is banned\n|rule|HP Percentage Mod: HP is shown in percentages\n|rule|Dynamax Clause: You cannot dynamax\n|clearpoke\n|poke|p1|Tyranitar, M|\n|poke|p1|Yveltal|\n|poke|p1|Blissey, F|\n|poke|p1|Zekrom|\n|poke|p1|Magearna|\n|poke|p1|Eternatus|\n|poke|p2|Groudon|\n|poke|p2|Calyrex-Shadow|\n|poke|p2|Toxapex, M|\n|poke|p2|Rayquaza|\n|poke|p2|Yveltal|\n|poke|p2|Kyurem-Black|\n|teampreview\n|j| qxfn143\n|j| Rubiaa\n|\n|t:|1663516628\n|start\n|switch|p1a: Tyranitar|Tyranitar, M|404\/404\n|switch|p2a: Toxapex|Toxapex, M|303\/303\n|-weather|Sandstorm|[from] ability: Sand Stream|[of] p1a: Tyranitar\n|turn|1\n|\n|t:|1663516644\n|move|p1a: Tyranitar|Stealth Rock|p2a: Toxapex\n|-sidestart|p2: Bucciarati1|move: Stealth Rock\n|move|p2a: Toxapex|Toxic Spikes|p1a: Tyranitar\n|-sidestart|p1: Mimikyu Stardust|move: Toxic Spikes\n|\n|-weather|Sandstorm|[upkeep]\n|-damage|p2a: Toxapex|285\/303|[from] Sandstorm\n|upkeep\n|turn|2\n|\n|t:|1663516649\n|move|p1a: Tyranitar|Thunder Wave|p2a: Toxapex|[miss]\n|-miss|p1a: Tyranitar|p2a: Toxapex\n|move|p2a: Toxapex|Toxic Spikes|p1a: Tyranitar\n|-sidestart|p1: Mimikyu Stardust|move: Toxic Spikes\n|\n|-weather|Sandstorm|[upkeep]\n|-damage|p2a: Toxapex|267\/303|[from] Sandstorm\n|upkeep\n|turn|3\n|\n|t:|1663516652\n|move|p1a: Tyranitar|Thunder Wave|p2a: Toxapex\n|-status|p2a: Toxapex|par\n|move|p2a: Toxapex|Toxic|p1a: Tyranitar\n|-status|p1a: Tyranitar|tox\n|\n|-weather|Sandstorm|[upkeep]\n|-damage|p2a: Toxapex|249\/303 par|[from] Sandstorm\n|-damage|p1a: Tyranitar|379\/404 tox|[from] psn\n|upkeep\n|turn|4\n|\n|t:|1663516662\n|switch|p1a: Eternatus|Eternatus|431\/431\n|-sideend|p1: Mimikyu Stardust|move: Toxic Spikes|[of] p1a: Eternatus\n|-ability|p1a: Eternatus|Pressure\n|move|p2a: Toxapex|Knock Off|p1a: Eternatus\n|-damage|p1a: Eternatus|379\/431\n|-enditem|p1a: Eternatus|Power Herb|[from] move: Knock Off|[of] p2a: Toxapex\n|\n|-weather|Sandstorm|[upkeep]\n|-damage|p1a: Eternatus|353\/431|[from] Sandstorm\n|-damage|p2a: Toxapex|231\/303 par|[from] Sandstorm\n|upkeep\n|turn|5\n|\n|t:|1663516683\n|switch|p2a: Yveltal|Yveltal|456\/456\n|-damage|p2a: Yveltal|342\/456|[from] Stealth Rock\n|-ability|p2a: Yveltal|Dark Aura\n|move|p1a: Eternatus|Meteor Beam||[still]\n|-prepare|p1a: Eternatus|Meteor Beam\n|-boost|p1a: Eternatus|spa|1\n|\n|-weather|none\n|upkeep\n|turn|6\n|\n|t:|1663516706\n|switch|p2a: Toxapex|Toxapex, M|303\/303 par\n|-damage|p2a: Toxapex|266\/303 par|[from] Stealth Rock\n|move|p1a: Eternatus|Meteor Beam|p2a: Toxapex|[from]lockedmove\n|-damage|p2a: Toxapex|129\/303 par\n|\n|upkeep\n|turn|7\n|\n|t:|1663516714\n|move|p1a: Eternatus|Dynamax Cannon|p2a: Toxapex\n|-damage|p2a: Toxapex|0 fnt\n|faint|p2a: Toxapex\n|\n|upkeep\n|inactive|Bucciarati1 has 120 seconds left.\n|\n|t:|1663516743\n|switch|p2a: Yveltal|Yveltal|342\/456\n|-damage|p2a: Yveltal|228\/456|[from] Stealth Rock\n|-ability|p2a: Yveltal|Dark Aura\n|turn|8\n|\n|t:|1663516761\n|move|p2a: Yveltal|Foul Play|p1a: Eternatus\n|-crit|p1a: Eternatus\n|-damage|p1a: Eternatus|196\/431\n|move|p1a: Eternatus|Dynamax Cannon|p2a: Yveltal\n|-damage|p2a: Yveltal|0 fnt\n|faint|p2a: Yveltal\n|\n|upkeep\n|j|%Sww-Suwa\n|inactive|Bucciarati1 has 120 seconds left.\n|\n|t:|1663516775\n|switch|p2a: Groudon|Groudon|404\/404\n|-damage|p2a: Groudon|379\/404|[from] Stealth Rock\n|-weather|SunnyDay|[from] ability: Drought|[of] p2a: Groudon\n|turn|9\n|\n|t:|1663516792\n|move|p1a: Eternatus|Dynamax Cannon|p2a: Groudon\n|-damage|p2a: Groudon|132\/404\n|move|p2a: Groudon|Precipice Blades|p1a: Eternatus\n|-supereffective|p1a: Eternatus\n|-damage|p1a: Eternatus|0 fnt\n|faint|p1a: Eternatus\n|\n|-weather|SunnyDay|[upkeep]\n|-heal|p2a: Groudon|157\/404|[from] item: Leftovers\n|upkeep\n|\n|t:|1663516795\n|switch|p1a: Yveltal|Yveltal|455\/455\n|-ability|p1a: Yveltal|Dark Aura\n|turn|10\n|\n|t:|1663516802\n|move|p1a: Yveltal|Knock Off|p2a: Groudon\n|-damage|p2a: Groudon|45\/404\n|-enditem|p2a: Groudon|Leftovers|[from] move: Knock Off|[of] p1a: Yveltal\n|move|p2a: Groudon|Stone Edge|p1a: Yveltal\n|-supereffective|p1a: Yveltal\n|-damage|p1a: Yveltal|225\/455\n|\n|-weather|SunnyDay|[upkeep]\n|upkeep\n|turn|11\n|\n|t:|1663516820\n|move|p1a: Yveltal|Roost|p1a: Yveltal\n|-heal|p1a: Yveltal|453\/455\n|-singleturn|p1a: Yveltal|move: Roost\n|move|p2a: Groudon|Stone Edge|p1a: Yveltal\n|-damage|p1a: Yveltal|352\/455\n|\n|-weather|SunnyDay|[upkeep]\n|upkeep\n|turn|12\n|\n|t:|1663516826\n|move|p1a: Yveltal|Knock Off|p2a: Groudon\n|-damage|p2a: Groudon|0 fnt\n|faint|p2a: Groudon\n|\n|-weather|SunnyDay|[upkeep]\n|upkeep\n|\n|t:|1663516829\n|switch|p2a: Kyurem|Kyurem-Black|391\/391\n|-damage|p2a: Kyurem|294\/391|[from] Stealth Rock\n|-ability|p2a: Kyurem|Teravolt\n|turn|13\n|inactive|Mimikyu Stardust has 120 seconds left.\n|\n|t:|1663516865\n|switch|p1a: Tyranitar|Tyranitar, M|379\/404 tox\n|-weather|Sandstorm|[from] ability: Sand Stream|[of] p1a: Tyranitar\n|move|p2a: Kyurem|Icicle Spear|p1a: Tyranitar\n|-damage|p1a: Tyranitar|309\/404 tox\n|-damage|p1a: Tyranitar|249\/404 tox\n|-hitcount|p1a: Tyranitar|2\n|-damage|p2a: Kyurem|255\/391|[from] item: Life Orb\n|\n|-weather|Sandstorm|[upkeep]\n|-damage|p2a: Kyurem|231\/391|[from] Sandstorm\n|-damage|p1a: Tyranitar|224\/404 tox|[from] psn\n|upkeep\n|turn|14\n|l|%Sww-Suwa\n|\n|t:|1663516878\n|switch|p2a: Rayquaza|Rayquaza|351\/351\n|-damage|p2a: Rayquaza|264\/351|[from] Stealth Rock\n|-ability|p2a: Rayquaza|Air Lock\n|move|p1a: Tyranitar|Rock Blast|p2a: Rayquaza\n|-supereffective|p2a: Rayquaza\n|-damage|p2a: Rayquaza|178\/351\n|-supereffective|p2a: Rayquaza\n|-damage|p2a: Rayquaza|98\/351\n|-supereffective|p2a: Rayquaza\n|-damage|p2a: Rayquaza|8\/351\n|-hitcount|p2a: Rayquaza|3\n|\n|-weather|Sandstorm|[upkeep]\n|-damage|p1a: Tyranitar|174\/404 tox|[from] psn\n|upkeep\n|turn|15\n|inactive|Mimikyu Stardust has 120 seconds left.\n|\n|t:|1663516901\n|switch|p1a: Magearna|Magearna|364\/364\n|move|p2a: Rayquaza|Draco Meteor|p1a: Magearna\n|-immune|p1a: Magearna\n|\n|-weather|Sandstorm|[upkeep]\n|upkeep\n|turn|16\n|\n|t:|1663516904\n|move|p2a: Rayquaza|V-create|p1a: Magearna\n|-supereffective|p1a: Magearna\n|-damage|p1a: Magearna|0 fnt\n|-unboost|p2a: Rayquaza|spe|1\n|-unboost|p2a: Rayquaza|def|1\n|-unboost|p2a: Rayquaza|spd|1\n|faint|p1a: Magearna\n|-damage|p2a: Rayquaza|0 fnt|[from] item: Life Orb\n|faint|p2a: Rayquaza\n|\n|-weather|Sandstorm|[upkeep]\n|upkeep\n|inactive|Mimikyu Stardust has 120 seconds left.\n|\n|t:|1663516942\n|switch|p2a: Kyurem|Kyurem-Black|231\/391\n|switch|p1a: Yveltal|Yveltal|352\/455\n|-damage|p2a: Kyurem|134\/391|[from] Stealth Rock\n|-ability|p2a: Kyurem|Teravolt\n|-ability|p1a: Yveltal|Dark Aura\n|turn|17\n|\n|t:|1663516949\n|move|p1a: Yveltal|Sucker Punch|p2a: Kyurem\n|-damage|p2a: Kyurem|0 fnt\n|faint|p2a: Kyurem\n|\n|-weather|none\n|upkeep\n|\n|t:|1663516950\n|switch|p2a: Calyrex|Calyrex-Shadow|353\/353\n|-ability|p2a: Calyrex|As One\n|-ability|p2a: Calyrex|Unnerve\n|-damage|p2a: Calyrex|309\/353|[from] Stealth Rock\n|turn|18\n|\n|t:|1663516953\n|move|p2a: Calyrex|Substitute|p2a: Calyrex\n|-start|p2a: Calyrex|Substitute\n|-damage|p2a: Calyrex|221\/353\n|move|p1a: Yveltal|Knock Off|p2a: Calyrex\n|-supereffective|p2a: Calyrex\n|-end|p2a: Calyrex|Substitute\n|\n|upkeep\n|turn|19\n|\n|t:|1663516957\n|move|p2a: Calyrex|Disable|p1a: Yveltal\n|-start|p1a: Yveltal|Disable|Knock Off\n|cant|p1a: Yveltal|Disable|Knock Off\n|\n|upkeep\n|turn|20\n|\n|t:|1663516961\n|switch|p1a: Tyranitar|Tyranitar, M|174\/404 tox\n|-weather|Sandstorm|[from] ability: Sand Stream|[of] p1a: Tyranitar\n|move|p2a: Calyrex|Substitute|p2a: Calyrex\n|-start|p2a: Calyrex|Substitute\n|-damage|p2a: Calyrex|133\/353\n|\n|-weather|Sandstorm|[upkeep]\n|-damage|p2a: Calyrex|111\/353|[from] Sandstorm\n|-damage|p1a: Tyranitar|149\/404 tox|[from] psn\n|upkeep\n|turn|21\n|\n|t:|1663516969\n|move|p2a: Calyrex|Astral Barrage|p1a: Tyranitar\n|-resisted|p1a: Tyranitar\n|-damage|p1a: Tyranitar|94\/404 tox\n|move|p1a: Tyranitar|Rock Blast|p2a: Calyrex\n|-activate|p2a: Calyrex|move: Substitute|[damage]\n|-activate|p2a: Calyrex|move: Substitute|[damage]\n|-end|p2a: Calyrex|Substitute\n|-hitcount|p2a: Calyrex|3\n|\n|-weather|Sandstorm|[upkeep]\n|-damage|p2a: Calyrex|89\/353|[from] Sandstorm\n|-damage|p1a: Tyranitar|44\/404 tox|[from] psn\n|upkeep\n|turn|22\n|-message|Bucciarati1 forfeited.\n|\n|win|Mimikyu Stardust\n|n|\u2606Mimikyu Stardust|mimikyustardust\n|n|\u2606Bucciarati1|bucciarati1\n|n| qxfn143|qxfn143\n|n| Rubiaa|rubiaa\n|l|\u2606Bucciarati1\n|l|\u2606Mimikyu Stardust\n|l| qxfn143\n|l| Rubiaa\n","uploadtime":1663517266,"views":4,"p1id":"mimikyustardust","p2id":"bucciarati1","formatid":"gen8battlefactory","rating":0,"private":0,"password":null}