{"id":"gen8ou-1154367062","p1":"winter lanterns","p2":"beiyingaluckynoob","format":"gen8ou","log":"|j|\u2606winter lanterns\n|j|\u2606beiyingaluckynoob\n|player|p1|winter lanterns|169|1898\n|player|p2|beiyingaluckynoob|101|1716\n|teamsize|p1|6\n|teamsize|p2|6\n|gametype|singles\n|gen|8\n|tier|[Gen 8] OU\n|rated|\n|clearpoke\n|poke|p1|Excadrill, F|\n|poke|p1|Dragapult, M|\n|poke|p1|Cinderace, F|\n|poke|p1|Magearna|\n|poke|p1|Zeraora|\n|poke|p1|Rillaboom, M|\n|poke|p2|Rillaboom, F|\n|poke|p2|Cinderace, F|\n|poke|p2|Hippowdon, F|\n|poke|p2|Hydreigon, M|\n|poke|p2|Toxapex, F|\n|poke|p2|Pikachu, F|\n|rule|Sleep Clause Mod: Limit one foe put to sleep\n|rule|Species Clause: Limit one of each Pok\u00e9mon\n|rule|OHKO Clause: OHKO moves are banned\n|rule|Evasion Moves Clause: Evasion moves are banned\n|rule|Endless Battle Clause: Forcing endless battles is banned\n|rule|HP Percentage Mod: HP is shown in percentages\n|rule|Dynamax Clause: You cannot dynamax\n|teampreview\n|inactive|Battle timer is ON: inactive players will automatically lose when time's up. (requested by beiyingaluckynoob)\n|j| shiduixinhao5\n|\n|start\n|switch|p1a: Excadrill|Excadrill, F|100\/100\n|switch|p2a: Hippowdon|Hippowdon, F|100\/100\n|-ability|p1a: Excadrill|Mold Breaker\n|-weather|Sandstorm|[from] ability: Sand Stream|[of] p2a: Hippowdon\n|turn|1\n|j| Chans3y\n|\n|move|p1a: Excadrill|Stealth Rock|p2a: Hippowdon\n|-sidestart|p2: beiyingaluckynoob|move: Stealth Rock\n|move|p2a: Hippowdon|Stealth Rock|p1a: Excadrill\n|-sidestart|p1: winter lanterns|move: Stealth Rock\n|\n|-weather|Sandstorm|[upkeep]\n|upkeep\n|turn|2\n|\n|move|p1a: Excadrill|Rapid Spin|p2a: Hippowdon\n|-damage|p2a: Hippowdon|91\/100\n|-boost|p1a: Excadrill|spe|1\n|-damage|p1a: Excadrill|84\/100|[from] item: Rocky Helmet|[of] p2a: Hippowdon\n|-sideend|p1: winter lanterns|Stealth Rock|[from] move: Rapid Spin|[of] p1a: Excadrill\n|move|p2a: Hippowdon|High Horsepower|p1a: Excadrill\n|-supereffective|p1a: Excadrill\n|-damage|p1a: Excadrill|0 fnt\n|faint|p1a: Excadrill\n|\n|-weather|Sandstorm|[upkeep]\n|upkeep\n|\n|switch|p1a: Rillaboom|Rillaboom, M|100\/100\n|-fieldstart|move: Grassy Terrain|[from] ability: Grassy Surge|[of] p1a: Rillaboom\n|-enditem|p1a: Rillaboom|Grassy Seed\n|-boost|p1a: Rillaboom|def|1|[from] item: Grassy Seed\n|turn|3\n|l| Chans3y\n|\n|move|p1a: Rillaboom|Swords Dance|p1a: Rillaboom\n|-boost|p1a: Rillaboom|atk|2\n|move|p2a: Hippowdon|Whirlwind|p1a: Rillaboom\n|drag|p1a: Magearna|Magearna|100\/100\n|\n|-weather|Sandstorm|[upkeep]\n|-heal|p2a: Hippowdon|97\/100|[from] Grassy Terrain\n|upkeep\n|turn|4\n|j| Chans3y\n|\n|move|p1a: Magearna|Flash Cannon|p2a: Hippowdon\n|-damage|p2a: Hippowdon|54\/100\n|move|p2a: Hippowdon|Slack Off|p2a: Hippowdon\n|-heal|p2a: Hippowdon|100\/100\n|\n|-weather|Sandstorm|[upkeep]\n|upkeep\n|turn|5\n|\n|move|p1a: Magearna|Flash Cannon|p2a: Hippowdon\n|-damage|p2a: Hippowdon|58\/100\n|move|p2a: Hippowdon|High Horsepower|p1a: Magearna\n|-supereffective|p1a: Magearna\n|-damage|p1a: Magearna|23\/100\n|-enditem|p1a: Magearna|Weakness Policy\n|-boost|p1a: Magearna|atk|2|[from] item: Weakness Policy\n|-boost|p1a: Magearna|spa|2|[from] item: Weakness Policy\n|\n|-weather|none\n|-heal|p1a: Magearna|29\/100|[from] Grassy Terrain\n|-heal|p2a: Hippowdon|64\/100|[from] Grassy Terrain\n|upkeep\n|turn|6\n|j| monday999\n|\n|move|p1a: Magearna|Agility|p1a: Magearna\n|-boost|p1a: Magearna|spe|2\n|move|p2a: Hippowdon|High Horsepower|p1a: Magearna\n|-supereffective|p1a: Magearna\n|-damage|p1a: Magearna|0 fnt\n|faint|p1a: Magearna\n|\n|-heal|p2a: Hippowdon|70\/100|[from] Grassy Terrain\n|upkeep\n|\n|switch|p1a: Rillaboom|Rillaboom, M|100\/100\n|turn|7\n|\n|move|p1a: Rillaboom|Grassy Glide|p2a: Hippowdon\n|-supereffective|p2a: Hippowdon\n|-damage|p2a: Hippowdon|23\/100\n|-damage|p1a: Rillaboom|84\/100|[from] item: Rocky Helmet|[of] p2a: Hippowdon\n|move|p2a: Hippowdon|Whirlwind|p1a: Rillaboom\n|drag|p1a: Cinderace|Cinderace, F|100\/100\n|\n|-heal|p2a: Hippowdon|29\/100|[from] Grassy Terrain\n|-fieldend|move: Grassy Terrain\n|upkeep\n|turn|8\n|\n|move|p1a: Cinderace|Pyro Ball|p2a: Hippowdon\n|-damage|p2a: Hippowdon|0 fnt\n|faint|p2a: Hippowdon\n|\n|upkeep\n|j| ShadowPork\n|j|\u203dtombradycheater\n|j| Forever Evil KT\n|\n|switch|p2a: Toxapex|Toxapex, F|100\/100\n|-damage|p2a: Toxapex|88\/100|[from] Stealth Rock\n|turn|9\n|\n|move|p1a: Cinderace|Zen Headbutt|p2a: Toxapex\n|-start|p1a: Cinderace|typechange|Psychic|[from] ability: Libero\n|-supereffective|p2a: Toxapex\n|-damage|p2a: Toxapex|36\/100\n|move|p2a: Toxapex|Scald|p1a: Cinderace\n|-damage|p1a: Cinderace|75\/100\n|\n|-heal|p2a: Toxapex|42\/100|[from] item: Black Sludge\n|upkeep\n|turn|10\n|\n|switch|p2a: Hydreigon|Hydreigon, M|100\/100\n|-damage|p2a: Hydreigon|88\/100|[from] Stealth Rock\n|move|p1a: Cinderace|Zen Headbutt|p2a: Hydreigon\n|-immune|p2a: Hydreigon\n|\n|-heal|p2a: Hydreigon|94\/100|[from] item: Leftovers\n|upkeep\n|turn|11\n|\n|switch|p2a: Toxapex|Toxapex, F|75\/100\n|-damage|p2a: Toxapex|63\/100|[from] Stealth Rock\n|move|p1a: Cinderace|Gunk Shot|p2a: Toxapex\n|-start|p1a: Cinderace|typechange|Poison|[from] ability: Libero\n|-resisted|p2a: Toxapex\n|-damage|p2a: Toxapex|42\/100\n|\n|-heal|p2a: Toxapex|48\/100|[from] item: Black Sludge\n|upkeep\n|turn|12\n|j| XTRTux\n|j| fdfdddddddd\n|\n|switch|p2a: Hydreigon|Hydreigon, M|94\/100\n|-damage|p2a: Hydreigon|82\/100|[from] Stealth Rock\n|move|p1a: Cinderace|Zen Headbutt|p2a: Hydreigon\n|-start|p1a: Cinderace|typechange|Psychic|[from] ability: Libero\n|-immune|p2a: Hydreigon\n|\n|-heal|p2a: Hydreigon|88\/100|[from] item: Leftovers\n|upkeep\n|turn|13\n|\n|move|p1a: Cinderace|Gunk Shot|p2a: Hydreigon\n|-start|p1a: Cinderace|typechange|Poison|[from] ability: Libero\n|-damage|p2a: Hydreigon|25\/100\n|-status|p2a: Hydreigon|psn\n|move|p2a: Hydreigon|Dark Pulse|p1a: Cinderace\n|-damage|p1a: Cinderace|30\/100\n|\n|-heal|p2a: Hydreigon|31\/100 psn|[from] item: Leftovers\n|-damage|p2a: Hydreigon|18\/100 psn|[from] psn\n|upkeep\n|turn|14\n|j| yugiohvn\n|\n|move|p1a: Cinderace|Pyro Ball|p2a: Hydreigon\n|-start|p1a: Cinderace|typechange|Fire|[from] ability: Libero\n|-resisted|p2a: Hydreigon\n|-damage|p2a: Hydreigon|0 fnt\n|faint|p2a: Hydreigon\n|\n|upkeep\n|\n|switch|p2a: Pikachu|Pikachu, F|100\/100\n|-damage|p2a: Pikachu|88\/100|[from] Stealth Rock\n|turn|15\n|l| yugiohvn\n|\n|move|p2a: Pikachu|Extreme Speed|p1a: Cinderace\n|-damage|p1a: Cinderace|1\/100\n|move|p1a: Cinderace|Pyro Ball|p2a: Pikachu\n|-damage|p2a: Pikachu|0 fnt\n|faint|p2a: Pikachu\n|\n|upkeep\n|j| Kyurem\n|\n|switch|p2a: Cinderace|Cinderace, F|100\/100\n|turn|16\n|\n|move|p2a: Cinderace|Sucker Punch|p1a: Cinderace\n|-start|p2a: Cinderace|typechange|Dark|[from] ability: Libero\n|-damage|p1a: Cinderace|0 fnt\n|faint|p1a: Cinderace\n|\n|upkeep\n|\n|switch|p1a: Zeraora|Zeraora|100\/100\n|turn|17\n|l| Chans3y\n|\n|switch|p2a: Toxapex|Toxapex, F|81\/100\n|-damage|p2a: Toxapex|69\/100|[from] Stealth Rock\n|move|p1a: Zeraora|Bulk Up|p1a: Zeraora\n|-boost|p1a: Zeraora|atk|1\n|-boost|p1a: Zeraora|def|1\n|\n|-heal|p2a: Toxapex|75\/100|[from] item: Black Sludge\n|upkeep\n|turn|18\n|\n|move|p1a: Zeraora|Plasma Fists|p2a: Toxapex\n|-supereffective|p2a: Toxapex\n|-damage|p2a: Toxapex|0 fnt\n|-fieldactivate|move: Ion Deluge\n|faint|p2a: Toxapex\n|\n|upkeep\n|\n|switch|p2a: Rillaboom|Rillaboom, F|100\/100\n|-damage|p2a: Rillaboom|88\/100|[from] Stealth Rock\n|-fieldstart|move: Grassy Terrain|[from] ability: Grassy Surge|[of] p2a: Rillaboom\n|turn|19\n|\n|move|p1a: Zeraora|Knock Off|p2a: Rillaboom\n|-damage|p2a: Rillaboom|39\/100\n|-enditem|p2a: Rillaboom|Life Orb|[from] move: Knock Off|[of] p1a: Zeraora\n|move|p2a: Rillaboom|High Horsepower|p1a: Zeraora\n|-supereffective|p1a: Zeraora\n|-damage|p1a: Zeraora|44\/100\n|\n|-heal|p1a: Zeraora|50\/100|[from] Grassy Terrain\n|-heal|p2a: Rillaboom|45\/100|[from] Grassy Terrain\n|upkeep\n|turn|20\n|\n|switch|p1a: Dragapult|Dragapult, M|100\/100\n|move|p2a: Rillaboom|Grassy Glide|p1a: Dragapult\n|-resisted|p1a: Dragapult\n|-damage|p1a: Dragapult|64\/100\n|\n|-heal|p1a: Dragapult|70\/100|[from] Grassy Terrain\n|-heal|p2a: Rillaboom|52\/100|[from] Grassy Terrain\n|upkeep\n|turn|21\n|\n|move|p2a: Rillaboom|Grassy Glide|p1a: Dragapult\n|-resisted|p1a: Dragapult\n|-damage|p1a: Dragapult|33\/100\n|move|p1a: Dragapult|Dragon Darts|p2a: Rillaboom\n|-damage|p2a: Rillaboom|11\/100\n|-anim|p1a: Dragapult|Dragon Darts|p2a: Rillaboom\n|-damage|p2a: Rillaboom|0 fnt\n|-damage|p1a: Dragapult|23\/100|[from] item: Life Orb\n|faint|p2a: Rillaboom\n|\n|-heal|p1a: Dragapult|29\/100|[from] Grassy Terrain\n|upkeep\n|\n|switch|p2a: Cinderace|Cinderace, F|100\/100\n|turn|22\n|\n|move|p1a: Dragapult|Dragon Dance|p1a: Dragapult\n|-boost|p1a: Dragapult|atk|1\n|-boost|p1a: Dragapult|spe|1\n|move|p2a: Cinderace|Pyro Ball|p1a: Dragapult\n|-resisted|p1a: Dragapult\n|-crit|p1a: Dragapult\n|-damage|p1a: Dragapult|0 fnt\n|faint|p1a: Dragapult\n|\n|upkeep\n|\n|switch|p1a: Zeraora|Zeraora|50\/100\n|turn|23\n|\n|move|p1a: Zeraora|Bulk Up|p1a: Zeraora\n|-boost|p1a: Zeraora|atk|1\n|-boost|p1a: Zeraora|def|1\n|move|p2a: Cinderace|Pyro Ball|p1a: Zeraora\n|-damage|p1a: Zeraora|0 fnt\n|faint|p1a: Zeraora\n|\n|-fieldend|move: Grassy Terrain\n|upkeep\n|\n|switch|p1a: Rillaboom|Rillaboom, M|84\/100\n|-fieldstart|move: Grassy Terrain|[from] ability: Grassy Surge|[of] p1a: Rillaboom\n|turn|24\n|j| susciety\n|\n|move|p2a: Cinderace|Pyro Ball|p1a: Rillaboom\n|-supereffective|p1a: Rillaboom\n|-damage|p1a: Rillaboom|0 fnt\n|faint|p1a: Rillaboom\n|\n|win|beiyingaluckynoob\n|l|\u2606winter lanterns\n|raw|winter lanterns's rating: 1898 &rarr; <strong>1868<\/strong><br \/>(-30 for losing)\n|raw|beiyingaluckynoob's rating: 1700 &rarr; <strong>1730<\/strong><br \/>(+30 for winning)\n|l|\u203dtombradycheater\n|l| monday999\n|l|\u2606beiyingaluckynoob\n|l| Forever Evil KT\n|l| susciety\n|l| fdfdddddddd\n","uploadtime":1595228404,"views":25,"p1id":"winterlanterns","p2id":"beiyingaluckynoob","formatid":"gen8ou","rating":1730,"private":0,"password":null}