{"id":"gen8ou-1674752448","p1":"Weaselfie","p2":"CLOYSTERDEEZNUTS","format":"gen8ou","log":"|j|\u2606Weaselfie\n|j|\u2606CLOYSTERDEEZNUTS\n|inactive|Battle timer is ON: inactive players will automatically lose when time's up.\n|t:|1664597421\n|gametype|singles\n|player|p1|Weaselfie|nate|\n|player|p2|CLOYSTERDEEZNUTS|cynthia|\n|teamsize|p1|6\n|teamsize|p2|6\n|gen|8\n|tier|[Gen 8] OU\n|rated|Tournament battle\n|rule|Sleep Clause Mod: Limit one foe put to sleep\n|rule|Species Clause: Limit one of each Pok\u00e9mon\n|rule|OHKO Clause: OHKO moves are banned\n|rule|Evasion Items Clause: Evasion items are banned\n|rule|Evasion Moves Clause: Evasion moves are banned\n|rule|Endless Battle Clause: Forcing endless battles is banned\n|rule|HP Percentage Mod: HP is shown in percentages\n|rule|Dynamax Clause: You cannot dynamax\n|clearpoke\n|poke|p1|Kartana|\n|poke|p1|Buzzwole|\n|poke|p1|Tapu Koko|\n|poke|p1|Garchomp, M|\n|poke|p1|Melmetal|\n|poke|p1|Tornadus-Therian, M|\n|poke|p2|Mew|\n|poke|p2|Weavile, F|\n|poke|p2|Celesteela|\n|poke|p2|Crawdaunt, F|\n|poke|p2|Garchomp, M|\n|poke|p2|Blacephalon|\n|teampreview\n|inactive|CLOYSTERDEEZNUTS also wants the timer to be on.\n|j| stunfisk2140\n|\n|t:|1664597433\n|start\n|switch|p1a: Melmetal|Melmetal|100\/100\n|switch|p2a: Mew|Mew, shiny|100\/100\n|turn|1\n|j| purple13\n|j| erfsdfsdfsd\n|inactive|Weaselfie has 120 seconds left.\n|\n|t:|1664597483\n|move|p2a: Mew|Spikes|p1a: Melmetal\n|-sidestart|p1: Weaselfie|Spikes\n|move|p1a: Melmetal|Double Iron Bash|p2a: Mew\n|-damage|p2a: Mew|62\/100\n|-damage|p2a: Mew|27\/100\n|-hitcount|p2a: Mew|2\n|\n|upkeep\n|turn|2\n|j| Crealed\n|\n|t:|1664597491\n|move|p2a: Mew|Stealth Rock|p1a: Melmetal\n|-sidestart|p1: Weaselfie|move: Stealth Rock\n|move|p1a: Melmetal|Double Iron Bash|p2a: Mew\n|-damage|p2a: Mew|0 fnt\n|faint|p2a: Mew\n|-hitcount|p2: Mew|1\n|\n|upkeep\n|\n|t:|1664597493\n|switch|p2a: Blacephalon|Blacephalon, shiny|100\/100\n|turn|3\n|\n|t:|1664597497\n|switch|p1a: Garchomp|Garchomp, M|100\/100\n|-damage|p1a: Garchomp|88\/100|[from] Spikes\n|-damage|p1a: Garchomp|82\/100|[from] Stealth Rock\n|move|p2a: Blacephalon|Flamethrower|p1a: Garchomp\n|-resisted|p1a: Garchomp\n|-damage|p1a: Garchomp|55\/100\n|\n|-heal|p1a: Garchomp|61\/100|[from] item: Leftovers\n|upkeep\n|turn|4\n|j| IamMFA\n|\n|t:|1664597500\n|switch|p2a: Weavile|Weavile, F, shiny|100\/100\n|-ability|p2a: Weavile|Pressure\n|switch|p1a: Tornadus|Tornadus-Therian, M|100\/100\n|\n|upkeep\n|turn|5\n|\n|t:|1664597505\n|move|p1a: Tornadus|Defog|p2a: Weavile\n|-unboost|p2a: Weavile|evasion|1\n|-sideend|p1: Weaselfie|Spikes|[from] move: Defog|[of] p1a: Tornadus\n|-sideend|p1: Weaselfie|Stealth Rock|[from] move: Defog|[of] p1a: Tornadus\n|move|p2a: Weavile|Triple Axel|p1a: Tornadus\n|-supereffective|p1a: Tornadus\n|-damage|p1a: Tornadus|70\/100\n|-supereffective|p1a: Tornadus\n|-damage|p1a: Tornadus|17\/100\n|-supereffective|p1a: Tornadus\n|-damage|p1a: Tornadus|0 fnt\n|faint|p1a: Tornadus\n|-hitcount|p1: Tornadus|3\n|-damage|p2a: Weavile|91\/100|[from] item: Life Orb\n|\n|upkeep\n|\n|t:|1664597511\n|switch|p1a: Buzzwole|Buzzwole|100\/100\n|turn|6\n|\n|t:|1664597514\n|switch|p2a: Blacephalon|Blacephalon, shiny|100\/100\n|move|p1a: Buzzwole|Leech Life|p2a: Blacephalon\n|-resisted|p2a: Blacephalon\n|-damage|p2a: Blacephalon|63\/100\n|\n|upkeep\n|turn|7\n|\n|t:|1664597520\n|switch|p1a: Melmetal|Melmetal|100\/100\n|move|p2a: Blacephalon|Shadow Ball|p1a: Melmetal\n|-damage|p1a: Melmetal|59\/100\n|\n|-heal|p1a: Melmetal|65\/100|[from] item: Leftovers\n|upkeep\n|turn|8\n|\n|t:|1664597526\n|switch|p2a: Crawdaunt|Crawdaunt, F, shiny|100\/100\n|move|p1a: Melmetal|Double Iron Bash|p2a: Crawdaunt\n|-resisted|p2a: Crawdaunt\n|-crit|p2a: Crawdaunt\n|-damage|p2a: Crawdaunt|48\/100\n|-resisted|p2a: Crawdaunt\n|-damage|p2a: Crawdaunt|13\/100\n|-hitcount|p2a: Crawdaunt|2\n|\n|-heal|p1a: Melmetal|71\/100|[from] item: Leftovers\n|upkeep\n|turn|9\n|\n|t:|1664597531\n|switch|p1a: Buzzwole|Buzzwole|100\/100\n|move|p2a: Crawdaunt|Knock Off|p1a: Buzzwole\n|-resisted|p1a: Buzzwole\n|-crit|p1a: Buzzwole\n|-damage|p1a: Buzzwole|53\/100\n|-enditem|p1a: Buzzwole|Choice Band|[from] move: Knock Off|[of] p2a: Crawdaunt\n|-damage|p2a: Crawdaunt|3\/100|[from] item: Life Orb\n|\n|upkeep\n|turn|10\n|\n|t:|1664597536\n|move|p2a: Crawdaunt|Aqua Jet|p1a: Buzzwole\n|-damage|p1a: Buzzwole|25\/100\n|-damage|p2a: Crawdaunt|0 fnt|[from] item: Life Orb\n|faint|p2a: Crawdaunt\n|move|p1a: Buzzwole|Leech Life|p2: Crawdaunt|[notarget]\n|-fail|p1a: Buzzwole\n|\n|upkeep\n|\n|t:|1664597538\n|switch|p2a: Blacephalon|Blacephalon, shiny|63\/100\n|turn|11\n|\n|t:|1664597543\n|move|p2a: Blacephalon|Shadow Ball|p1a: Buzzwole\n|-damage|p1a: Buzzwole|0 fnt\n|faint|p1a: Buzzwole\n|-ability|p2a: Blacephalon|Beast Boost|boost\n|-boost|p2a: Blacephalon|spa|1\n|\n|upkeep\n|\n|t:|1664597546\n|switch|p1a: Melmetal|Melmetal|71\/100\n|turn|12\n|j| Rx156hgt\n|\n|t:|1664597561\n|switch|p2a: Weavile|Weavile, F, shiny|91\/100\n|-ability|p2a: Weavile|Pressure\n|move|p1a: Melmetal|Protect||[still]\n|-fail|p1a: Melmetal\n|\n|-heal|p1a: Melmetal|77\/100|[from] item: Leftovers\n|upkeep\n|turn|13\n|\n|t:|1664597569\n|move|p2a: Weavile|Knock Off|p1a: Melmetal\n|-damage|p1a: Melmetal|40\/100\n|-enditem|p1a: Melmetal|Leftovers|[from] move: Knock Off|[of] p2a: Weavile\n|-damage|p2a: Weavile|81\/100|[from] item: Life Orb\n|move|p1a: Melmetal|Double Iron Bash|p2a: Weavile\n|-supereffective|p2a: Weavile\n|-damage|p2a: Weavile|0 fnt\n|faint|p2a: Weavile\n|-hitcount|p2: Weavile|1\n|\n|upkeep\n|\n|t:|1664597582\n|switch|p2a: Celesteela|Celesteela, shiny|100\/100\n|turn|14\n|j| nimed beatches\n|\n|t:|1664597585\n|switch|p1a: Tapu Koko|Tapu Koko|100\/100\n|-fieldstart|move: Electric Terrain|[from] ability: Electric Surge|[of] p1a: Tapu Koko\n|move|p2a: Celesteela|Flamethrower|p1a: Tapu Koko\n|-damage|p1a: Tapu Koko|56\/100\n|\n|upkeep\n|turn|15\n|j| miracle~666\n|\n|t:|1664597594\n|switch|p2a: Garchomp|Garchomp, M, shiny|100\/100\n|move|p1a: Tapu Koko|Calm Mind|p1a: Tapu Koko\n|-boost|p1a: Tapu Koko|spa|1\n|-boost|p1a: Tapu Koko|spd|1\n|\n|upkeep\n|turn|16\n|\n|t:|1664597599\n|move|p1a: Tapu Koko|Dazzling Gleam|p2a: Garchomp\n|-supereffective|p2a: Garchomp\n|-damage|p2a: Garchomp|0 fnt\n|faint|p2a: Garchomp\n|\n|upkeep\n|\n|t:|1664597600\n|switch|p2a: Blacephalon|Blacephalon, shiny|63\/100\n|turn|17\n|\n|t:|1664597602\n|move|p2a: Blacephalon|Flamethrower|p1a: Tapu Koko\n|-damage|p1a: Tapu Koko|0 fnt\n|faint|p1a: Tapu Koko\n|-ability|p2a: Blacephalon|Beast Boost|boost\n|-boost|p2a: Blacephalon|spa|1\n|\n|upkeep\n|\n|t:|1664597606\n|switch|p1a: Garchomp|Garchomp, M|61\/100\n|turn|18\n|\n|t:|1664597609\n|switch|p2a: Celesteela|Celesteela, shiny|100\/100\n|move|p1a: Garchomp|Stealth Rock|p2a: Celesteela\n|-sidestart|p2: CLOYSTERDEEZNUTS|move: Stealth Rock\n|\n|-heal|p1a: Garchomp|67\/100|[from] item: Leftovers\n|-fieldend|move: Electric Terrain\n|upkeep\n|turn|19\n|\n|t:|1664597612\n|switch|p1a: Kartana|Kartana|100\/100\n|move|p2a: Celesteela|Autotomize|p2a: Celesteela\n|-boost|p2a: Celesteela|spe|2\n|-start|p2a: Celesteela|Autotomize\n|\n|upkeep\n|turn|20\n|\n|t:|1664597613\n|move|p2a: Celesteela|Flamethrower|p1a: Kartana\n|-supereffective|p1a: Kartana\n|-damage|p1a: Kartana|0 fnt\n|faint|p1a: Kartana\n|-ability|p2a: Celesteela|Beast Boost|boost\n|-boost|p2a: Celesteela|spa|1\n|\n|upkeep\n|j| zaypher\n|\n|t:|1664597615\n|switch|p1a: Melmetal|Melmetal|40\/100\n|turn|21\n|\n|t:|1664597624\n|move|p1a: Melmetal|Protect|p1a: Melmetal\n|-singleturn|p1a: Melmetal|Protect\n|move|p2a: Celesteela|Flamethrower|p1a: Melmetal\n|-activate|p1a: Melmetal|move: Protect\n|\n|upkeep\n|turn|22\n|\n|t:|1664597627\n|move|p2a: Celesteela|Flamethrower|p1a: Melmetal\n|-supereffective|p1a: Melmetal\n|-damage|p1a: Melmetal|0 fnt\n|faint|p1a: Melmetal\n|-ability|p2a: Celesteela|Beast Boost|boost\n|-boost|p2a: Celesteela|spa|1\n|\n|upkeep\n|j| BonkFace\n|c|\u2606Weaselfie|Fuck I messed up\n|-message|Weaselfie forfeited.\n|\n|win|CLOYSTERDEEZNUTS\n|n|\u2606Weaselfie|weaselfie\n|n|\u2606CLOYSTERDEEZNUTS|cloysterdeeznuts\n|n| stunfisk2140|stunfisk2140\n|n| purple13|purple13\n|n| erfsdfsdfsd|erfsdfsdfsd\n|n| Crealed|crealed\n|n| IamMFA|iammfa\n|n| Rx156hgt|rx156hgt\n|n| nimed beatches|nimedbeatches\n|n| miracle~666|miracle666\n|n| zaypher|zaypher\n|n| BonkFace|bonkface\n|l|\u2606Weaselfie\n","uploadtime":1664597648,"views":168,"p1id":"weaselfie","p2id":"cloysterdeeznuts","formatid":"gen8ou","rating":0,"private":0,"password":null}