{"id":"gen8ou-1679643416","p1":"EEEEEvolto","p2":"SE01","format":"gen8ou","log":"|j|\u2606EEEEEvolto\n|j|\u2606SE01\n|t:|1665109442\n|gametype|singles\n|player|p1|EEEEEvolto|266|1673\n|player|p2|SE01|266|1562\n|teamsize|p1|6\n|teamsize|p2|6\n|gen|8\n|tier|[Gen 8] OU\n|rated|\n|rule|Sleep Clause Mod: Limit one foe put to sleep\n|rule|Species Clause: Limit one of each Pok\u00e9mon\n|rule|OHKO Clause: OHKO moves are banned\n|rule|Evasion Items Clause: Evasion items are banned\n|rule|Evasion Moves Clause: Evasion moves are banned\n|rule|Endless Battle Clause: Forcing endless battles is banned\n|rule|HP Percentage Mod: HP is shown in percentages\n|rule|Dynamax Clause: You cannot dynamax\n|clearpoke\n|poke|p1|Mew|\n|poke|p1|Weavile, F|\n|poke|p1|Celesteela|\n|poke|p1|Garchomp, F|\n|poke|p1|Blacephalon|\n|poke|p1|Crawdaunt, M|\n|poke|p2|Urshifu-*, M|\n|poke|p2|Tapu Koko|\n|poke|p2|Bisharp, M|\n|poke|p2|Zapdos-Galar|\n|poke|p2|Ferrothorn, F|\n|poke|p2|Garchomp, M|\n|teampreview\n|inactive|Battle timer is ON: inactive players will automatically lose when time's up. (requested by SE01)\n|\n|t:|1665109449\n|start\n|switch|p1a: Blacephalon|Blacephalon, shiny|100\/100\n|switch|p2a: Bisharp|Bisharp, M|100\/100\n|turn|1\n|\n|t:|1665109454\n|move|p2a: Bisharp|Sucker Punch|p1a: Blacephalon\n|-supereffective|p1a: Blacephalon\n|-damage|p1a: Blacephalon|0 fnt\n|faint|p1a: Blacephalon\n|\n|upkeep\n|\n|t:|1665109459\n|switch|p1a: Celesteela|Celesteela, shiny|100\/100\n|turn|2\n|\n|t:|1665109477\n|move|p2a: Bisharp|Knock Off|p1a: Celesteela\n|-damage|p1a: Celesteela|36\/100\n|-enditem|p1a: Celesteela|Power Herb|[from] move: Knock Off|[of] p2a: Bisharp\n|move|p1a: Celesteela|Autotomize|p1a: Celesteela\n|-boost|p1a: Celesteela|spe|2\n|-start|p1a: Celesteela|Autotomize\n|\n|upkeep\n|turn|3\n|\n|t:|1665109484\n|move|p2a: Bisharp|Sucker Punch|p1a: Celesteela\n|-damage|p1a: Celesteela|0 fnt\n|faint|p1a: Celesteela\n|\n|upkeep\n|\n|t:|1665109487\n|switch|p1a: Garchomp|Garchomp, F, shiny|100\/100\n|turn|4\n|\n|t:|1665109491\n|move|p1a: Garchomp|Earthquake|p2a: Bisharp\n|-supereffective|p2a: Bisharp\n|-damage|p2a: Bisharp|0 fnt\n|faint|p2a: Bisharp\n|\n|upkeep\n|inactive|SE01 has 120 seconds left.\n|\n|t:|1665109536\n|switch|p2a: Urshifu|Urshifu-Rapid-Strike, M|100\/100\n|turn|5\n|\n|t:|1665109542\n|switch|p1a: Mew|Mew, shiny|100\/100\n|move|p2a: Urshifu|Iron Defense|p2a: Urshifu\n|-boost|p2a: Urshifu|def|2\n|\n|upkeep\n|turn|6\n|\n|t:|1665109546\n|move|p1a: Mew|Thunder Wave|p2a: Urshifu\n|-status|p2a: Urshifu|par\n|move|p2a: Urshifu|Substitute|p2a: Urshifu\n|-start|p2a: Urshifu|Substitute\n|-damage|p2a: Urshifu|76\/100 par\n|\n|-heal|p2a: Urshifu|82\/100 par|[from] item: Leftovers\n|upkeep\n|turn|7\n|\n|t:|1665109551\n|move|p1a: Mew|Stealth Rock|p2a: Urshifu\n|-sidestart|p2: SE01|move: Stealth Rock\n|move|p2a: Urshifu|Iron Defense|p2a: Urshifu\n|-boost|p2a: Urshifu|def|2\n|\n|-heal|p2a: Urshifu|88\/100 par|[from] item: Leftovers\n|upkeep\n|turn|8\n|\n|t:|1665109555\n|move|p1a: Mew|Stealth Rock||[still]\n|-fail|p1a: Mew\n|move|p2a: Urshifu|Iron Defense|p2a: Urshifu\n|-boost|p2a: Urshifu|def|2\n|\n|-heal|p2a: Urshifu|94\/100 par|[from] item: Leftovers\n|upkeep\n|turn|9\n|\n|t:|1665109560\n|move|p1a: Mew|Spikes|p2a: Urshifu\n|-sidestart|p2: SE01|Spikes\n|move|p2a: Urshifu|Body Press|p1a: Mew\n|-resisted|p1a: Mew\n|-damage|p1a: Mew|37\/100\n|\n|-heal|p2a: Urshifu|100\/100 par|[from] item: Leftovers\n|upkeep\n|turn|10\n|\n|t:|1665109562\n|move|p1a: Mew|Spikes|p2a: Urshifu\n|-sidestart|p2: SE01|Spikes\n|move|p2a: Urshifu|Body Press|p1a: Mew\n|-resisted|p1a: Mew\n|-damage|p1a: Mew|0 fnt\n|faint|p1a: Mew\n|\n|upkeep\n|\n|t:|1665109565\n|switch|p1a: Garchomp|Garchomp, F, shiny|100\/100\n|turn|11\n|\n|t:|1665109568\n|move|p1a: Garchomp|Scale Shot|p2a: Urshifu\n|-activate|p2a: Urshifu|move: Substitute|[damage]\n|-activate|p2a: Urshifu|move: Substitute|[damage]\n|-hitcount|p2a: Urshifu|2\n|-unboost|p1a: Garchomp|def|1\n|-boost|p1a: Garchomp|spe|1\n|cant|p2a: Urshifu|par\n|\n|upkeep\n|turn|12\n|\n|t:|1665109575\n|move|p1a: Garchomp|Swords Dance|p1a: Garchomp\n|-boost|p1a: Garchomp|atk|2\n|move|p2a: Urshifu|Substitute|p2a: Urshifu\n|-fail|p2a: Urshifu|move: Substitute\n|\n|upkeep\n|turn|13\n|\n|t:|1665109581\n|move|p1a: Garchomp|Earthquake|p2a: Urshifu\n|-activate|p2a: Urshifu|move: Substitute|[damage]\n|move|p2a: Urshifu|Body Press|p1a: Garchomp\n|-damage|p1a: Garchomp|0 fnt\n|-damage|p2a: Urshifu|88\/100 par|[from] ability: Rough Skin|[of] p1a: Garchomp\n|faint|p1a: Garchomp\n|\n|-heal|p2a: Urshifu|94\/100 par|[from] item: Leftovers\n|upkeep\n|-message|EEEEEvolto forfeited.\n|\n|win|SE01\n|raw|EEEEEvolto's rating: 1673 &rarr; <strong>1647<\/strong><br \/>(-26 for losing)\n|raw|SE01's rating: 1562 &rarr; <strong>1588<\/strong><br \/>(+26 for winning)\n|l|\u2606EEEEEvolto\n||Ladder isn't responding, score probably updated but might not have (Request timeout).\n","uploadtime":1665109592,"views":9,"p1id":"eeeeevolto","p2id":"se01","formatid":"gen8ou","rating":1588,"private":0,"password":null}