{"id":"gen8battlefactory-1704895235","p1":"xppp","p2":"Delibird Heart","format":"gen8battlefactory","log":"|j|\u2606xppp\n|j|\u2606Delibird Heart\n|inactive|Battle timer is ON: inactive players will automatically lose when time's up.\n|t:|1667832564\n|gametype|singles\n|player|p1|xppp|sabi|\n|player|p2|Delibird Heart|guitarist-gen4|\n|teamsize|p1|6\n|teamsize|p2|6\n|gen|8\n|tier|[Gen 8] Battle Factory\n|rated|Tournament battle\n|rule|Sleep Clause Mod: Limit one foe put to sleep\n|rule|Species Clause: Limit one of each Pok\u00e9mon\n|rule|OHKO Clause: OHKO moves are banned\n|rule|Evasion Items Clause: Evasion items are banned\n|rule|Evasion Moves Clause: Evasion moves are banned\n|rule|Endless Battle Clause: Forcing endless battles is banned\n|rule|HP Percentage Mod: HP is shown in percentages\n|rule|Dynamax Clause: You cannot dynamax\n|clearpoke\n|poke|p1|Hydreigon, F|\n|poke|p1|Rotom-Wash|\n|poke|p1|Excadrill, M|\n|poke|p1|Tapu Fini|\n|poke|p1|Zeraora|\n|poke|p1|Clefable, M|\n|poke|p2|Zapdos|\n|poke|p2|Jirachi|\n|poke|p2|Hippowdon, F|\n|poke|p2|Slowking, M|\n|poke|p2|Rillaboom, F|\n|poke|p2|Toxapex, F|\n|teampreview\n|inactive|Delibird Heart also wants the timer to be on.\n|j| Pikablu007\n|l| Pikablu007\n|j| GengarAdept\n|\n|t:|1667832584\n|start\n|switch|p1a: Zeraora|Zeraora|318\/318\n|switch|p2a: Hippowdon|Hippowdon, F|420\/420\n|-weather|Sandstorm|[from] ability: Sand Stream|[of] p2a: Hippowdon\n|turn|1\n|\n|t:|1667832600\n|switch|p1a: Rotom|Rotom-Wash|304\/304\n|move|p2a: Hippowdon|Earthquake|p1a: Rotom\n|-immune|p1a: Rotom|[from] ability: Levitate\n|\n|-weather|Sandstorm|[upkeep]\n|-damage|p1a: Rotom|285\/304|[from] Sandstorm\n|-heal|p1a: Rotom|304\/304|[from] item: Leftovers\n|upkeep\n|turn|2\n|\n|t:|1667832617\n|move|p1a: Rotom|Will-O-Wisp|p2a: Hippowdon\n|-status|p2a: Hippowdon|brn\n|move|p2a: Hippowdon|Stealth Rock|p1a: Rotom\n|-sidestart|p1: xppp|move: Stealth Rock\n|\n|-weather|Sandstorm|[upkeep]\n|-damage|p1a: Rotom|285\/304|[from] Sandstorm\n|-heal|p1a: Rotom|304\/304|[from] item: Leftovers\n|-damage|p2a: Hippowdon|394\/420 brn|[from] brn\n|upkeep\n|turn|3\n|\n|t:|1667832622\n|move|p1a: Rotom|Hydro Pump|p2a: Hippowdon\n|-supereffective|p2a: Hippowdon\n|-damage|p2a: Hippowdon|154\/420 brn\n|move|p2a: Hippowdon|Toxic|p1a: Rotom\n|-status|p1a: Rotom|tox\n|\n|-weather|Sandstorm|[upkeep]\n|-damage|p1a: Rotom|285\/304 tox|[from] Sandstorm\n|-heal|p1a: Rotom|304\/304 tox|[from] item: Leftovers\n|-heal|p2a: Hippowdon|180\/420 brn|[from] item: Leftovers\n|-damage|p1a: Rotom|285\/304 tox|[from] psn\n|-damage|p2a: Hippowdon|154\/420 brn|[from] brn\n|upkeep\n|turn|4\n|\n|t:|1667832627\n|move|p1a: Rotom|Volt Switch|p2a: Hippowdon\n|-immune|p2a: Hippowdon\n|move|p2a: Hippowdon|Slack Off|p2a: Hippowdon\n|-heal|p2a: Hippowdon|364\/420 brn\n|\n|-weather|Sandstorm|[upkeep]\n|-damage|p1a: Rotom|266\/304 tox|[from] Sandstorm\n|-heal|p1a: Rotom|285\/304 tox|[from] item: Leftovers\n|-heal|p2a: Hippowdon|390\/420 brn|[from] item: Leftovers\n|-damage|p1a: Rotom|247\/304 tox|[from] psn\n|-damage|p2a: Hippowdon|364\/420 brn|[from] brn\n|upkeep\n|turn|5\n|\n|t:|1667832644\n|move|p1a: Rotom|Hydro Pump|p2a: Hippowdon\n|-supereffective|p2a: Hippowdon\n|-damage|p2a: Hippowdon|104\/420 brn\n|move|p2a: Hippowdon|Slack Off|p2a: Hippowdon\n|-heal|p2a: Hippowdon|314\/420 brn\n|\n|-weather|none\n|-heal|p1a: Rotom|266\/304 tox|[from] item: Leftovers\n|-heal|p2a: Hippowdon|340\/420 brn|[from] item: Leftovers\n|-damage|p1a: Rotom|209\/304 tox|[from] psn\n|-damage|p2a: Hippowdon|314\/420 brn|[from] brn\n|upkeep\n|turn|6\n|j| stone zorm\n|\n|t:|1667832654\n|switch|p1a: Tapu Fini|Tapu Fini|344\/344\n|-damage|p1a: Tapu Fini|301\/344|[from] Stealth Rock\n|-fieldstart|move: Misty Terrain|[from] ability: Misty Surge|[of] p1a: Tapu Fini\n|move|p2a: Hippowdon|Slack Off|p2a: Hippowdon\n|-heal|p2a: Hippowdon|420\/420 brn\n|\n|-heal|p1a: Tapu Fini|322\/344|[from] item: Leftovers\n|-damage|p2a: Hippowdon|394\/420 brn|[from] brn\n|upkeep\n|turn|7\n|\n|t:|1667832659\n|switch|p2a: Toxapex|Toxapex, F|304\/304\n|move|p1a: Tapu Fini|Taunt|p2a: Toxapex\n|-start|p2a: Toxapex|move: Taunt\n|\n|-heal|p1a: Tapu Fini|343\/344|[from] item: Leftovers\n|upkeep\n|turn|8\n|\n|t:|1667832671\n|switch|p1a: Excadrill|Excadrill, M|361\/361\n|-damage|p1a: Excadrill|350\/361|[from] Stealth Rock\n|-ability|p1a: Excadrill|Mold Breaker\n|switch|p2a: Rillaboom|Rillaboom, F|342\/342\n|-fieldstart|move: Grassy Terrain|[from] ability: Grassy Surge|[of] p2a: Rillaboom\n|\n|-heal|p1a: Excadrill|361\/361|[from] Grassy Terrain\n|upkeep\n|turn|9\n|\n|t:|1667832678\n|move|p1a: Excadrill|Rapid Spin|p2a: Rillaboom\n|-damage|p2a: Rillaboom|286\/342\n|-boost|p1a: Excadrill|spe|1\n|-sideend|p1: xppp|Stealth Rock|[from] move: Rapid Spin|[of] p1a: Excadrill\n|move|p2a: Rillaboom|Wood Hammer|p1a: Excadrill\n|-damage|p1a: Excadrill|0 fnt\n|faint|p1a: Excadrill\n|-damage|p2a: Rillaboom|167\/342|[from] Recoil\n|\n|-heal|p2a: Rillaboom|188\/342|[from] Grassy Terrain\n|upkeep\n|\n|t:|1667832689\n|switch|p1a: Hydreigon|Hydreigon, F|326\/326\n|turn|10\n|\n|t:|1667832713\n|switch|p2a: Toxapex|Toxapex, F|304\/304\n|move|p1a: Hydreigon|Nasty Plot|p1a: Hydreigon\n|-boost|p1a: Hydreigon|spa|2\n|\n|upkeep\n|turn|11\n|\n|t:|1667832719\n|move|p1a: Hydreigon|Dark Pulse|p2a: Toxapex\n|-damage|p2a: Toxapex|39\/304\n|-damage|p1a: Hydreigon|294\/326|[from] item: Life Orb\n|move|p2a: Toxapex|Haze|p2a: Toxapex\n|-clearallboost\n|\n|-heal|p2a: Toxapex|58\/304|[from] Grassy Terrain\n|-heal|p2a: Toxapex|77\/304|[from] item: Black Sludge\n|upkeep\n|turn|12\n|\n|t:|1667832732\n|move|p1a: Hydreigon|Dark Pulse|p2a: Toxapex\n|-damage|p2a: Toxapex|0 fnt\n|faint|p2a: Toxapex\n|-damage|p1a: Hydreigon|262\/326|[from] item: Life Orb\n|\n|-fieldend|move: Grassy Terrain\n|upkeep\n|c|\u2606Delibird Heart|they straight up gave me a team that loses to hydrei on the spot lmaooo\n|\n|t:|1667832749\n|switch|p2a: Jirachi|Jirachi|404\/404\n|turn|13\n|\n|t:|1667832755\n|switch|p1a: Rotom|Rotom-Wash|209\/304 tox\n|move|p2a: Jirachi|Body Slam|p1a: Rotom\n|-damage|p1a: Rotom|150\/304 tox\n|\n|-heal|p1a: Rotom|169\/304 tox|[from] item: Leftovers\n|-damage|p1a: Rotom|150\/304 tox|[from] psn\n|upkeep\n|turn|14\n|\n|t:|1667832761\n|move|p2a: Jirachi|Protect|p2a: Jirachi\n|-singleturn|p2a: Jirachi|Protect\n|move|p1a: Rotom|Volt Switch|p2a: Jirachi\n|-activate|p2a: Jirachi|move: Protect\n|\n|-heal|p1a: Rotom|169\/304 tox|[from] item: Leftovers\n|-damage|p1a: Rotom|131\/304 tox|[from] psn\n|upkeep\n|turn|15\n|\n|t:|1667832766\n|move|p2a: Jirachi|Wish|p2a: Jirachi\n|move|p1a: Rotom|Hydro Pump|p2a: Jirachi\n|-damage|p2a: Jirachi|296\/404\n|\n|-heal|p2a: Jirachi|321\/404|[from] item: Leftovers\n|-heal|p1a: Rotom|150\/304 tox|[from] item: Leftovers\n|-damage|p1a: Rotom|93\/304 tox|[from] psn\n|upkeep\n|turn|16\n|\n|t:|1667832775\n|switch|p1a: Zeraora|Zeraora|318\/318\n|move|p2a: Jirachi|Body Slam|p1a: Zeraora\n|-damage|p1a: Zeraora|230\/318\n|\n|-heal|p2a: Jirachi|404\/404|[from] move: Wish|[wisher] Jirachi\n|upkeep\n|turn|17\n|\n|t:|1667832782\n|switch|p2a: Hippowdon|Hippowdon, F|394\/420 brn\n|-weather|Sandstorm|[from] ability: Sand Stream|[of] p2a: Hippowdon\n|move|p1a: Zeraora|Knock Off|p2a: Hippowdon\n|-damage|p2a: Hippowdon|306\/420 brn\n|-enditem|p2a: Hippowdon|Leftovers|[from] move: Knock Off|[of] p1a: Zeraora\n|\n|-weather|Sandstorm|[upkeep]\n|-damage|p1a: Zeraora|211\/318|[from] Sandstorm\n|-damage|p2a: Hippowdon|280\/420 brn|[from] brn\n|upkeep\n|turn|18\n|\n|t:|1667832796\n|switch|p1a: Tapu Fini|Tapu Fini|343\/344\n|-fieldstart|move: Misty Terrain|[from] ability: Misty Surge|[of] p1a: Tapu Fini\n|move|p2a: Hippowdon|Stealth Rock|p1a: Tapu Fini\n|-sidestart|p1: xppp|move: Stealth Rock\n|\n|-weather|Sandstorm|[upkeep]\n|-damage|p1a: Tapu Fini|322\/344|[from] Sandstorm\n|-heal|p1a: Tapu Fini|343\/344|[from] item: Leftovers\n|-damage|p2a: Hippowdon|254\/420 brn|[from] brn\n|upkeep\n|turn|19\n|\n|t:|1667832807\n|switch|p2a: Rillaboom|Rillaboom, F|188\/342\n|-fieldstart|move: Grassy Terrain|[from] ability: Grassy Surge|[of] p2a: Rillaboom\n|move|p1a: Tapu Fini|Scald|p2a: Rillaboom\n|-resisted|p2a: Rillaboom\n|-crit|p2a: Rillaboom\n|-damage|p2a: Rillaboom|95\/342\n|-status|p2a: Rillaboom|brn\n|\n|-weather|Sandstorm|[upkeep]\n|-damage|p2a: Rillaboom|74\/342 brn|[from] Sandstorm\n|-damage|p1a: Tapu Fini|322\/344|[from] Sandstorm\n|-heal|p2a: Rillaboom|95\/342 brn|[from] Grassy Terrain\n|-heal|p1a: Tapu Fini|343\/344|[from] Grassy Terrain\n|-heal|p1a: Tapu Fini|344\/344|[from] item: Leftovers\n|-damage|p2a: Rillaboom|74\/342 brn|[from] brn\n|upkeep\n|turn|20\n|\n|t:|1667832823\n|move|p2a: Rillaboom|Wood Hammer|p1a: Tapu Fini\n|-supereffective|p1a: Tapu Fini\n|-damage|p1a: Tapu Fini|29\/344\n|-damage|p2a: Rillaboom|0 fnt|[from] Recoil\n|faint|p2a: Rillaboom\n|move|p1a: Tapu Fini|Draining Kiss|p2: Rillaboom|[notarget]\n|-fail|p1a: Tapu Fini\n|\n|-weather|Sandstorm|[upkeep]\n|-damage|p1a: Tapu Fini|8\/344|[from] Sandstorm\n|-heal|p1a: Tapu Fini|29\/344|[from] Grassy Terrain\n|-heal|p1a: Tapu Fini|50\/344|[from] item: Leftovers\n|upkeep\n|\n|t:|1667832833\n|switch|p2a: Jirachi|Jirachi|404\/404\n|turn|21\n|\n|t:|1667832839\n|switch|p1a: Rotom|Rotom-Wash|93\/304 tox\n|-damage|p1a: Rotom|55\/304 tox|[from] Stealth Rock\n|move|p2a: Jirachi|Iron Head|p1a: Rotom\n|-resisted|p1a: Rotom\n|-damage|p1a: Rotom|34\/304 tox\n|\n|-weather|none\n|-heal|p1a: Rotom|53\/304 tox|[from] item: Leftovers\n|-damage|p1a: Rotom|34\/304 tox|[from] psn\n|upkeep\n|turn|22\n|j| RuparajanT\n|\n|t:|1667832845\n|move|p2a: Jirachi|Protect|p2a: Jirachi\n|-singleturn|p2a: Jirachi|Protect\n|move|p1a: Rotom|Pain Split|p2a: Jirachi\n|-activate|p2a: Jirachi|move: Protect\n|\n|-heal|p1a: Rotom|53\/304 tox|[from] item: Leftovers\n|-damage|p1a: Rotom|15\/304 tox|[from] psn\n|upkeep\n|turn|23\n|l| RuparajanT\n|\n|t:|1667832850\n|move|p2a: Jirachi|Wish|p2a: Jirachi\n|move|p1a: Rotom|Pain Split|p2a: Jirachi\n|-sethp|p2a: Jirachi|209\/404|[from] move: Pain Split|[silent]\n|-sethp|p1a: Rotom|209\/304 tox|[from] move: Pain Split\n|\n|-heal|p2a: Jirachi|234\/404|[from] Grassy Terrain\n|-heal|p2a: Jirachi|259\/404|[from] item: Leftovers\n|-heal|p1a: Rotom|228\/304 tox|[from] item: Leftovers\n|-damage|p1a: Rotom|171\/304 tox|[from] psn\n|-fieldend|move: Grassy Terrain\n|upkeep\n|turn|24\n|\n|t:|1667832865\n|move|p2a: Jirachi|Body Slam|p1a: Rotom\n|-damage|p1a: Rotom|104\/304 tox\n|move|p1a: Rotom|Will-O-Wisp|p2a: Jirachi\n|-status|p2a: Jirachi|brn\n|\n|-heal|p2a: Jirachi|404\/404 brn|[from] move: Wish|[wisher] Jirachi\n|-heal|p1a: Rotom|123\/304 tox|[from] item: Leftovers\n|-damage|p1a: Rotom|47\/304 tox|[from] psn\n|-damage|p2a: Jirachi|379\/404 brn|[from] brn\n|upkeep\n|turn|25\n|\n|t:|1667832871\n|switch|p1a: Clefable|Clefable, M|394\/394\n|move|p2a: Jirachi|Wish|p2a: Jirachi\n|\n|-heal|p2a: Jirachi|404\/404 brn|[from] item: Leftovers\n|-damage|p2a: Jirachi|379\/404 brn|[from] brn\n|upkeep\n|turn|26\n|\n|t:|1667832878\n|move|p2a: Jirachi|Body Slam|p1a: Clefable\n|-damage|p1a: Clefable|365\/394\n|-status|p1a: Clefable|par\n|move|p1a: Clefable|Calm Mind|p1a: Clefable\n|-boost|p1a: Clefable|spa|1\n|-boost|p1a: Clefable|spd|1\n|\n|-heal|p2a: Jirachi|404\/404 brn|[from] move: Wish|[wisher] Jirachi\n|-damage|p2a: Jirachi|379\/404 brn|[from] brn\n|upkeep\n|turn|27\n|\n|t:|1667832882\n|move|p2a: Jirachi|Iron Head|p1a: Clefable\n|-supereffective|p1a: Clefable\n|-damage|p1a: Clefable|281\/394 par\n|move|p1a: Clefable|Calm Mind|p1a: Clefable\n|-boost|p1a: Clefable|spa|1\n|-boost|p1a: Clefable|spd|1\n|\n|-heal|p2a: Jirachi|404\/404 brn|[from] item: Leftovers\n|-damage|p2a: Jirachi|379\/404 brn|[from] brn\n|upkeep\n|turn|28\n|\n|t:|1667832885\n|move|p2a: Jirachi|Iron Head|p1a: Clefable\n|-supereffective|p1a: Clefable\n|-damage|p1a: Clefable|185\/394 par\n|cant|p1a: Clefable|par\n|\n|-heal|p2a: Jirachi|404\/404 brn|[from] item: Leftovers\n|-damage|p2a: Jirachi|379\/404 brn|[from] brn\n|upkeep\n|turn|29\n|\n|t:|1667832887\n|move|p2a: Jirachi|Iron Head|p1a: Clefable\n|-supereffective|p1a: Clefable\n|-damage|p1a: Clefable|98\/394 par\n|move|p1a: Clefable|Soft-Boiled|p1a: Clefable\n|-heal|p1a: Clefable|295\/394 par\n|\n|-heal|p2a: Jirachi|404\/404 brn|[from] item: Leftovers\n|-damage|p2a: Jirachi|379\/404 brn|[from] brn\n|upkeep\n|turn|30\n|\n|t:|1667832890\n|move|p2a: Jirachi|Iron Head|p1a: Clefable\n|-supereffective|p1a: Clefable\n|-crit|p1a: Clefable\n|-damage|p1a: Clefable|171\/394 par\n|move|p1a: Clefable|Calm Mind|p1a: Clefable\n|-boost|p1a: Clefable|spa|1\n|-boost|p1a: Clefable|spd|1\n|\n|-heal|p2a: Jirachi|404\/404 brn|[from] item: Leftovers\n|-damage|p2a: Jirachi|379\/404 brn|[from] brn\n|upkeep\n|turn|31\n|\n|t:|1667832892\n|move|p2a: Jirachi|Iron Head|p1a: Clefable\n|-supereffective|p1a: Clefable\n|-damage|p1a: Clefable|78\/394 par\n|cant|p1a: Clefable|par\n|\n|-heal|p2a: Jirachi|404\/404 brn|[from] item: Leftovers\n|-damage|p2a: Jirachi|379\/404 brn|[from] brn\n|upkeep\n|turn|32\n|\n|t:|1667832894\n|move|p2a: Jirachi|Iron Head|p1a: Clefable\n|-supereffective|p1a: Clefable\n|-damage|p1a: Clefable|0 fnt\n|faint|p1a: Clefable\n|\n|-heal|p2a: Jirachi|404\/404 brn|[from] item: Leftovers\n|-damage|p2a: Jirachi|379\/404 brn|[from] brn\n|upkeep\n|\n|t:|1667832897\n|switch|p1a: Hydreigon|Hydreigon, F|262\/326\n|-damage|p1a: Hydreigon|222\/326|[from] Stealth Rock\n|turn|33\n|\n|t:|1667832905\n|move|p1a: Hydreigon|Dark Pulse|p2a: Jirachi\n|-supereffective|p2a: Jirachi\n|-damage|p2a: Jirachi|119\/404 brn\n|-damage|p1a: Hydreigon|190\/326|[from] item: Life Orb\n|move|p2a: Jirachi|Body Slam|p1a: Hydreigon\n|-damage|p1a: Hydreigon|156\/326\n|-status|p1a: Hydreigon|par\n|\n|-heal|p2a: Jirachi|144\/404 brn|[from] item: Leftovers\n|-damage|p2a: Jirachi|119\/404 brn|[from] brn\n|upkeep\n|turn|34\n|\n|t:|1667832915\n|move|p2a: Jirachi|Wish|p2a: Jirachi\n|move|p1a: Hydreigon|Roost|p1a: Hydreigon\n|-heal|p1a: Hydreigon|319\/326 par\n|-singleturn|p1a: Hydreigon|move: Roost\n|\n|-heal|p2a: Jirachi|144\/404 brn|[from] item: Leftovers\n|-damage|p2a: Jirachi|119\/404 brn|[from] brn\n|upkeep\n|turn|35\n|\n|t:|1667832920\n|move|p2a: Jirachi|Iron Head|p1a: Hydreigon\n|-crit|p1a: Hydreigon\n|-damage|p1a: Hydreigon|241\/326 par\n|cant|p1a: Hydreigon|flinch\n|\n|-heal|p2a: Jirachi|321\/404 brn|[from] move: Wish|[wisher] Jirachi\n|-heal|p2a: Jirachi|346\/404 brn|[from] item: Leftovers\n|-damage|p2a: Jirachi|321\/404 brn|[from] brn\n|upkeep\n|turn|36\n|\n|t:|1667832925\n|move|p2a: Jirachi|Iron Head|p1a: Hydreigon\n|-damage|p1a: Hydreigon|188\/326 par\n|cant|p1a: Hydreigon|flinch\n|\n|-heal|p2a: Jirachi|346\/404 brn|[from] item: Leftovers\n|-damage|p2a: Jirachi|321\/404 brn|[from] brn\n|upkeep\n|turn|37\n|\n|t:|1667832927\n|move|p2a: Jirachi|Iron Head|p1a: Hydreigon\n|-damage|p1a: Hydreigon|137\/326 par\n|cant|p1a: Hydreigon|flinch\n|\n|-heal|p2a: Jirachi|346\/404 brn|[from] item: Leftovers\n|-damage|p2a: Jirachi|321\/404 brn|[from] brn\n|upkeep\n|turn|38\n|\n|t:|1667832929\n|move|p2a: Jirachi|Iron Head|p1a: Hydreigon\n|-damage|p1a: Hydreigon|83\/326 par\n|cant|p1a: Hydreigon|flinch\n|\n|-heal|p2a: Jirachi|346\/404 brn|[from] item: Leftovers\n|-damage|p2a: Jirachi|321\/404 brn|[from] brn\n|upkeep\n|turn|39\n|\n|t:|1667832932\n|move|p2a: Jirachi|Iron Head|p1a: Hydreigon\n|-damage|p1a: Hydreigon|29\/326 par\n|cant|p1a: Hydreigon|flinch\n|\n|-heal|p2a: Jirachi|346\/404 brn|[from] item: Leftovers\n|-damage|p2a: Jirachi|321\/404 brn|[from] brn\n|upkeep\n|turn|40\n|\n|t:|1667832936\n|move|p2a: Jirachi|Iron Head|p1a: Hydreigon\n|-damage|p1a: Hydreigon|0 fnt\n|faint|p1a: Hydreigon\n|\n|-heal|p2a: Jirachi|346\/404 brn|[from] item: Leftovers\n|-damage|p2a: Jirachi|321\/404 brn|[from] brn\n|upkeep\n|\n|t:|1667832938\n|switch|p1a: Zeraora|Zeraora|211\/318\n|turn|41\n|c|\u2606Delibird Heart|jirachi ubers ???\n|c|\u2606Delibird Heart|triple ubers ???\n|c|\u2606xppp|XD\n|\n|t:|1667832957\n|switch|p2a: Hippowdon|Hippowdon, F|254\/420 brn\n|-weather|Sandstorm|[from] ability: Sand Stream|[of] p2a: Hippowdon\n|move|p1a: Zeraora|Knock Off|p2a: Hippowdon\n|-damage|p2a: Hippowdon|198\/420 brn\n|\n|-weather|Sandstorm|[upkeep]\n|-damage|p1a: Zeraora|192\/318|[from] Sandstorm\n|-damage|p2a: Hippowdon|172\/420 brn|[from] brn\n|upkeep\n|turn|42\n|\n|t:|1667832964\n|move|p1a: Zeraora|Close Combat|p2a: Hippowdon\n|-damage|p2a: Hippowdon|59\/420 brn\n|-unboost|p1a: Zeraora|def|1\n|-unboost|p1a: Zeraora|spd|1\n|move|p2a: Hippowdon|Slack Off|p2a: Hippowdon\n|-heal|p2a: Hippowdon|269\/420 brn\n|\n|-weather|Sandstorm|[upkeep]\n|-damage|p1a: Zeraora|173\/318|[from] Sandstorm\n|-damage|p2a: Hippowdon|243\/420 brn|[from] brn\n|upkeep\n|turn|43\n|\n|t:|1667832970\n|switch|p1a: Tapu Fini|Tapu Fini|50\/344\n|-damage|p1a: Tapu Fini|7\/344|[from] Stealth Rock\n|-fieldstart|move: Misty Terrain|[from] ability: Misty Surge|[of] p1a: Tapu Fini\n|move|p2a: Hippowdon|Slack Off|p2a: Hippowdon\n|-heal|p2a: Hippowdon|420\/420 brn\n|\n|-weather|Sandstorm|[upkeep]\n|-damage|p1a: Tapu Fini|0 fnt|[from] Sandstorm\n|faint|p1a: Tapu Fini\n|-damage|p2a: Hippowdon|394\/420 brn|[from] brn\n|upkeep\n|\n|t:|1667832973\n|switch|p1a: Rotom|Rotom-Wash|47\/304 tox\n|-damage|p1a: Rotom|9\/304 tox|[from] Stealth Rock\n|turn|44\n|c|\u2606xppp|gg\n|c|\u2606Delibird Heart|gg\n|-message|xppp forfeited.\n|\n|win|Delibird Heart\n|n|\u2606xppp|xppp\n|n|\u2606Delibird Heart|delibirdheart\n|n| GengarAdept|gengaradept\n|n| stone zorm|stonezorm\n|l|\u2606Delibird Heart\n|l| GengarAdept\n","uploadtime":1667832986,"views":4,"p1id":"xppp","p2id":"delibirdheart","formatid":"gen8battlefactory","rating":0,"private":0,"password":null}