{"id":"gen8ou-1661974343","p1":"IDontFeelAnything","p2":"dracaufeu shiny","format":"gen8ou","log":"|j|\u2606IDontFeelAnything\n|j|\u2606dracaufeu shiny\n|t:|1662939406\n|gametype|singles\n|player|p1|IDontFeelAnything|pilot|1457\n|player|p2|dracaufeu shiny|red|1508\n|teamsize|p1|6\n|teamsize|p2|6\n|gen|8\n|tier|[Gen 8] OU\n|rated|\n|rule|Sleep Clause Mod: Limit one foe put to sleep\n|rule|Species Clause: Limit one of each Pok\u00e9mon\n|rule|OHKO Clause: OHKO moves are banned\n|rule|Evasion Items Clause: Evasion items are banned\n|rule|Evasion Moves Clause: Evasion moves are banned\n|rule|Endless Battle Clause: Forcing endless battles is banned\n|rule|HP Percentage Mod: HP is shown in percentages\n|rule|Dynamax Clause: You cannot dynamax\n|clearpoke\n|poke|p1|Heatran, M|\n|poke|p1|Toxapex, M|\n|poke|p1|Corviknight, F|\n|poke|p1|Hippowdon, M|\n|poke|p1|Victini|\n|poke|p1|Tapu Lele|\n|poke|p2|Haxorus, F|\n|poke|p2|Corviknight, M|\n|poke|p2|Blissey, F|\n|poke|p2|Zeraora|\n|poke|p2|Slowbro, F|\n|poke|p2|Landorus-Therian, M|\n|teampreview\n|c|\u2606IDontFeelAnything|gl broski\n|inactive|Battle timer is ON: inactive players will automatically lose when time's up. (requested by dracaufeu shiny)\n|\n|t:|1662939438\n|start\n|switch|p1a: Victini|Victini|100\/100\n|switch|p2a: Landorus|Landorus-Therian, M|100\/100\n|-ability|p2a: Landorus|Intimidate|boost\n|-unboost|p1a: Victini|atk|1\n|turn|1\n|\n|t:|1662939452\n|switch|p1a: Corviknight|Corviknight, F|100\/100\n|switch|p2a: Slowbro|Slowbro, F|100\/100\n|\n|upkeep\n|turn|2\n|\n|t:|1662939457\n|move|p1a: Corviknight|U-turn|p2a: Slowbro\n|-supereffective|p2a: Slowbro\n|-crit|p2a: Slowbro\n|-damage|p2a: Slowbro|76\/100\n|\n|t:|1662939459\n|switch|p1a: Victini|Victini|100\/100|[from]move: U-turn\n|move|p2a: Slowbro|Future Sight|p1a: Victini\n|-start|p2a: Slowbro|move: Future Sight\n|\n|upkeep\n|turn|3\n|\n|t:|1662939463\n|switch|p2a: Blissey|Blissey, F|100\/100\n|move|p1a: Victini|Bolt Strike|p2a: Blissey\n|-damage|p2a: Blissey|52\/100\n|\n|upkeep\n|turn|4\n|\n|t:|1662939468\n|switch|p1a: Corviknight|Corviknight, F|100\/100\n|switch|p2a: Landorus|Landorus-Therian, M|100\/100\n|-ability|p2a: Landorus|Intimidate|boost\n|-ability|p1a: Corviknight|Mirror Armor\n|-unboost|p2a: Landorus|atk|1\n|\n|-end|p1a: Corviknight|move: Future Sight\n|-resisted|p1a: Corviknight\n|-damage|p1a: Corviknight|80\/100\n|-heal|p1a: Corviknight|86\/100|[from] item: Leftovers\n|upkeep\n|turn|5\n|\n|t:|1662939472\n|move|p1a: Corviknight|Roost|p1a: Corviknight\n|-heal|p1a: Corviknight|100\/100\n|-singleturn|p1a: Corviknight|move: Roost\n|move|p2a: Landorus|Stealth Rock|p1a: Corviknight\n|-sidestart|p1: IDontFeelAnything|move: Stealth Rock\n|\n|upkeep\n|turn|6\n|\n|t:|1662939476\n|switch|p2a: Blissey|Blissey, F|52\/100\n|move|p1a: Corviknight|Defog|p2a: Blissey\n|-unboost|p2a: Blissey|evasion|1\n|-sideend|p1: IDontFeelAnything|Stealth Rock|[from] move: Defog|[of] p1a: Corviknight\n|\n|upkeep\n|turn|7\n|\n|t:|1662939480\n|move|p1a: Corviknight|Body Press|p2a: Blissey\n|-supereffective|p2a: Blissey\n|-damage|p2a: Blissey|8\/100\n|move|p2a: Blissey|Soft-Boiled|p2a: Blissey\n|-heal|p2a: Blissey|58\/100\n|\n|upkeep\n|turn|8\n|\n|t:|1662939484\n|move|p1a: Corviknight|U-turn|p2a: Blissey\n|-damage|p2a: Blissey|46\/100\n|\n|t:|1662939486\n|switch|p1a: Victini|Victini|100\/100|[from]move: U-turn\n|move|p2a: Blissey|Soft-Boiled|p2a: Blissey\n|-heal|p2a: Blissey|96\/100\n|\n|upkeep\n|turn|9\n|\n|t:|1662939490\n|move|p1a: Victini|V-create|p2a: Blissey\n|-crit|p2a: Blissey\n|-damage|p2a: Blissey|0 fnt\n|-unboost|p1a: Victini|spe|1\n|-unboost|p1a: Victini|def|1\n|-unboost|p1a: Victini|spd|1\n|faint|p2a: Blissey\n|\n|upkeep\n|\n|t:|1662939494\n|switch|p2a: Haxorus|Haxorus, F|100\/100\n|-ability|p2a: Haxorus|Mold Breaker\n|turn|10\n|\n|t:|1662939500\n|switch|p1a: Toxapex|Toxapex, M|100\/100\n|move|p2a: Haxorus|Close Combat|p1a: Toxapex\n|-resisted|p1a: Toxapex\n|-damage|p1a: Toxapex|79\/100\n|-unboost|p2a: Haxorus|def|1\n|-unboost|p2a: Haxorus|spd|1\n|\n|-heal|p1a: Toxapex|85\/100|[from] item: Black Sludge\n|upkeep\n|turn|11\n|\n|t:|1662939504\n|switch|p2a: Slowbro|Slowbro, F|100\/100\n|move|p1a: Toxapex|Knock Off|p2a: Slowbro\n|-supereffective|p2a: Slowbro\n|-damage|p2a: Slowbro|82\/100\n|-enditem|p2a: Slowbro|Heavy-Duty Boots|[from] move: Knock Off|[of] p1a: Toxapex\n|\n|-heal|p1a: Toxapex|91\/100|[from] item: Black Sludge\n|upkeep\n|turn|12\n|\n|t:|1662939514\n|switch|p1a: Hippowdon|Hippowdon, M|100\/100\n|-weather|Sandstorm|[from] ability: Sand Stream|[of] p1a: Hippowdon\n|move|p2a: Slowbro|Future Sight|p1a: Hippowdon\n|-start|p2a: Slowbro|move: Future Sight\n|\n|-weather|Sandstorm|[upkeep]\n|-damage|p2a: Slowbro|76\/100|[from] Sandstorm\n|upkeep\n|turn|13\n|\n|t:|1662939517\n|move|p1a: Hippowdon|Stealth Rock|p2a: Slowbro\n|-sidestart|p2: dracaufeu shiny|move: Stealth Rock\n|move|p2a: Slowbro|Teleport|p2a: Slowbro\n|\n|t:|1662939521\n|switch|p2a: Haxorus|Haxorus, F|100\/100|[from]move: Teleport\n|-damage|p2a: Haxorus|88\/100|[from] Stealth Rock\n|-ability|p2a: Haxorus|Mold Breaker\n|\n|-weather|Sandstorm|[upkeep]\n|-damage|p2a: Haxorus|82\/100|[from] Sandstorm\n|upkeep\n|turn|14\n|\n|t:|1662939525\n|switch|p1a: Corviknight|Corviknight, F|100\/100\n|move|p2a: Haxorus|Outrage|p1a: Corviknight\n|-resisted|p1a: Corviknight\n|-damage|p1a: Corviknight|67\/100\n|\n|-weather|Sandstorm|[upkeep]\n|-damage|p2a: Haxorus|76\/100|[from] Sandstorm\n|-end|p1a: Corviknight|move: Future Sight\n|-resisted|p1a: Corviknight\n|-damage|p1a: Corviknight|48\/100\n|-heal|p1a: Corviknight|54\/100|[from] item: Leftovers\n|upkeep\n|turn|15\n|\n|t:|1662939528\n|move|p2a: Haxorus|Outrage|p1a: Corviknight|[from]lockedmove\n|-resisted|p1a: Corviknight\n|-damage|p1a: Corviknight|20\/100\n|move|p1a: Corviknight|Roost|p1a: Corviknight\n|-heal|p1a: Corviknight|70\/100\n|-singleturn|p1a: Corviknight|move: Roost\n|\n|-weather|Sandstorm|[upkeep]\n|-damage|p2a: Haxorus|70\/100|[from] Sandstorm\n|-heal|p1a: Corviknight|76\/100|[from] item: Leftovers\n|upkeep\n|turn|16\n|\n|t:|1662939531\n|switch|p1a: Tapu Lele|Tapu Lele|100\/100\n|-fieldstart|move: Psychic Terrain|[from] ability: Psychic Surge|[of] p1a: Tapu Lele\n|move|p2a: Haxorus|Outrage|p1a: Tapu Lele|[from]lockedmove\n|-immune|p1a: Tapu Lele\n|-start|p2a: Haxorus|confusion|[fatigue]\n|\n|-weather|none\n|upkeep\n|turn|17\n|\n|t:|1662939538\n|switch|p2a: Slowbro|Slowbro, F|100\/100\n|-damage|p2a: Slowbro|88\/100|[from] Stealth Rock\n|move|p1a: Tapu Lele|Thunderbolt|p2a: Slowbro\n|-supereffective|p2a: Slowbro\n|-damage|p2a: Slowbro|23\/100\n|\n|upkeep\n|turn|18\n|\n|t:|1662939548\n|switch|p1a: Hippowdon|Hippowdon, M|100\/100\n|-weather|Sandstorm|[from] ability: Sand Stream|[of] p1a: Hippowdon\n|switch|p2a: Landorus|Landorus-Therian, M|100\/100\n|-damage|p2a: Landorus|88\/100|[from] Stealth Rock\n|-ability|p2a: Landorus|Intimidate|boost\n|-unboost|p1a: Hippowdon|atk|1\n|\n|-weather|Sandstorm|[upkeep]\n|-heal|p2a: Landorus|94\/100|[from] item: Leftovers\n|upkeep\n|turn|19\n|\n|t:|1662939554\n|switch|p1a: Victini|Victini|100\/100\n|move|p2a: Landorus|Toxic|p1a: Victini\n|-status|p1a: Victini|tox\n|\n|-weather|Sandstorm|[upkeep]\n|-damage|p1a: Victini|94\/100 tox|[from] Sandstorm\n|-heal|p2a: Landorus|99\/100|[from] item: Leftovers\n|-damage|p1a: Victini|88\/100 tox|[from] psn\n|upkeep\n|turn|20\n|\n|t:|1662939558\n|switch|p1a: Hippowdon|Hippowdon, M|100\/100\n|move|p2a: Landorus|Stealth Rock|p1a: Hippowdon\n|-sidestart|p1: IDontFeelAnything|move: Stealth Rock\n|\n|-weather|Sandstorm|[upkeep]\n|-heal|p2a: Landorus|100\/100|[from] item: Leftovers\n|-fieldend|move: Psychic Terrain\n|upkeep\n|turn|21\n|\n|t:|1662939561\n|move|p2a: Landorus|Toxic|p1a: Hippowdon\n|-status|p1a: Hippowdon|tox\n|move|p1a: Hippowdon|Toxic|p2a: Landorus\n|-status|p2a: Landorus|tox\n|\n|-weather|Sandstorm|[upkeep]\n|-damage|p2a: Landorus|94\/100 tox|[from] psn\n|-damage|p1a: Hippowdon|94\/100 tox|[from] psn\n|upkeep\n|turn|22\n|\n|t:|1662939565\n|switch|p1a: Corviknight|Corviknight, F|76\/100\n|-damage|p1a: Corviknight|64\/100|[from] Stealth Rock\n|move|p2a: Landorus|Earthquake|p1a: Corviknight\n|-immune|p1a: Corviknight\n|\n|-weather|none\n|-heal|p1a: Corviknight|70\/100|[from] item: Leftovers\n|-heal|p2a: Landorus|100\/100 tox|[from] item: Leftovers\n|-damage|p2a: Landorus|88\/100 tox|[from] psn\n|upkeep\n|turn|23\n|\n|t:|1662939568\n|move|p1a: Corviknight|Defog|p2a: Landorus\n|-unboost|p2a: Landorus|evasion|1\n|-sideend|p2: dracaufeu shiny|Stealth Rock|[from] move: Defog|[of] p1a: Corviknight\n|-sideend|p1: IDontFeelAnything|Stealth Rock|[from] move: Defog|[of] p1a: Corviknight\n|move|p2a: Landorus|U-turn|p1a: Corviknight\n|-resisted|p1a: Corviknight\n|-damage|p1a: Corviknight|67\/100\n|\n|t:|1662939573\n|switch|p2a: Zeraora|Zeraora|100\/100|[from]move: U-turn\n|\n|-heal|p1a: Corviknight|73\/100|[from] item: Leftovers\n|upkeep\n|turn|24\n|\n|t:|1662939576\n|switch|p1a: Hippowdon|Hippowdon, M|94\/100 tox\n|-weather|Sandstorm|[from] ability: Sand Stream|[of] p1a: Hippowdon\n|move|p2a: Zeraora|Knock Off|p1a: Hippowdon\n|-damage|p1a: Hippowdon|73\/100 tox\n|-enditem|p1a: Hippowdon|Leftovers|[from] move: Knock Off|[of] p2a: Zeraora\n|\n|-weather|Sandstorm|[upkeep]\n|-damage|p2a: Zeraora|95\/100|[from] Sandstorm\n|-damage|p1a: Hippowdon|67\/100 tox|[from] psn\n|upkeep\n|turn|25\n|\n|t:|1662939582\n|switch|p2a: Slowbro|Slowbro, F|56\/100\n|move|p1a: Hippowdon|Slack Off|p1a: Hippowdon\n|-heal|p1a: Hippowdon|100\/100 tox\n|\n|-weather|Sandstorm|[upkeep]\n|-damage|p2a: Slowbro|50\/100|[from] Sandstorm\n|-damage|p1a: Hippowdon|88\/100 tox|[from] psn\n|upkeep\n|turn|26\n|\n|t:|1662939585\n|move|p1a: Hippowdon|Toxic|p2a: Slowbro\n|-status|p2a: Slowbro|tox\n|move|p2a: Slowbro|Slack Off|p2a: Slowbro\n|-heal|p2a: Slowbro|99\/100 tox\n|\n|-weather|Sandstorm|[upkeep]\n|-damage|p2a: Slowbro|94\/100 tox|[from] Sandstorm\n|-damage|p1a: Hippowdon|70\/100 tox|[from] psn\n|-damage|p2a: Slowbro|88\/100 tox|[from] psn\n|upkeep\n|turn|27\n|\n|t:|1662939590\n|move|p1a: Hippowdon|Stealth Rock|p2a: Slowbro\n|-sidestart|p2: dracaufeu shiny|move: Stealth Rock\n|move|p2a: Slowbro|Teleport|p2a: Slowbro\n|\n|t:|1662939594\n|switch|p2a: Haxorus|Haxorus, F|70\/100|[from]move: Teleport\n|-damage|p2a: Haxorus|57\/100|[from] Stealth Rock\n|-ability|p2a: Haxorus|Mold Breaker\n|\n|-weather|Sandstorm|[upkeep]\n|-damage|p2a: Haxorus|51\/100|[from] Sandstorm\n|-damage|p1a: Hippowdon|45\/100 tox|[from] psn\n|upkeep\n|turn|28\n|\n|t:|1662939599\n|switch|p2a: Corviknight|Corviknight, M|100\/100\n|-damage|p2a: Corviknight|88\/100|[from] Stealth Rock\n|-ability|p2a: Corviknight|Pressure\n|switch|p1a: Toxapex|Toxapex, M|100\/100\n|\n|-weather|none\n|upkeep\n|turn|29\n|\n|t:|1662939602\n|move|p2a: Corviknight|U-turn|p1a: Toxapex\n|-resisted|p1a: Toxapex\n|-damage|p1a: Toxapex|96\/100\n|\n|t:|1662939604\n|switch|p2a: Slowbro|Slowbro, F|100\/100 tox|[from]move: U-turn\n|-damage|p2a: Slowbro|88\/100 tox|[from] Stealth Rock\n|move|p1a: Toxapex|Knock Off|p2a: Slowbro\n|-supereffective|p2a: Slowbro\n|-damage|p2a: Slowbro|76\/100 tox\n|\n|-heal|p1a: Toxapex|100\/100|[from] item: Black Sludge\n|-damage|p2a: Slowbro|70\/100 tox|[from] psn\n|upkeep\n|turn|30\n|\n|t:|1662939609\n|switch|p1a: Victini|Victini|88\/100 tox\n|move|p2a: Slowbro|Future Sight|p1a: Victini\n|-start|p2a: Slowbro|move: Future Sight\n|\n|-damage|p1a: Victini|82\/100 tox|[from] psn\n|-damage|p2a: Slowbro|58\/100 tox|[from] psn\n|upkeep\n|turn|31\n|\n|t:|1662939615\n|switch|p2a: Landorus|Landorus-Therian, M|88\/100 tox\n|-damage|p2a: Landorus|76\/100 tox|[from] Stealth Rock\n|-ability|p2a: Landorus|Intimidate|boost\n|-unboost|p1a: Victini|atk|1\n|move|p1a: Victini|V-create|p2a: Landorus\n|-damage|p2a: Landorus|2\/100 tox\n|-unboost|p1a: Victini|spe|1\n|-unboost|p1a: Victini|def|1\n|-unboost|p1a: Victini|spd|1\n|\n|-heal|p2a: Landorus|8\/100 tox|[from] item: Leftovers\n|-damage|p1a: Victini|70\/100 tox|[from] psn\n|-damage|p2a: Landorus|2\/100 tox|[from] psn\n|upkeep\n|turn|32\n|\n|t:|1662939618\n|switch|p1a: Corviknight|Corviknight, F|73\/100\n|move|p2a: Landorus|Earthquake|p1a: Corviknight\n|-immune|p1a: Corviknight\n|\n|-end|p1a: Corviknight|move: Future Sight\n|-resisted|p1a: Corviknight\n|-damage|p1a: Corviknight|54\/100\n|-heal|p1a: Corviknight|60\/100|[from] item: Leftovers\n|-heal|p2a: Landorus|8\/100 tox|[from] item: Leftovers\n|-damage|p2a: Landorus|0 fnt|[from] psn\n|faint|p2a: Landorus\n|upkeep\n|\n|t:|1662939623\n|switch|p2a: Zeraora|Zeraora|95\/100\n|turn|33\n|\n|t:|1662939639\n|move|p2a: Zeraora|Plasma Fists|p1a: Corviknight\n|-supereffective|p1a: Corviknight\n|-damage|p1a: Corviknight|6\/100\n|-fieldactivate|move: Ion Deluge\n|-hint|Normal-type moves become Electric-type after using Plasma Fists.\n|move|p1a: Corviknight|Roost|p1a: Corviknight\n|-heal|p1a: Corviknight|56\/100\n|-singleturn|p1a: Corviknight|move: Roost\n|\n|-heal|p1a: Corviknight|62\/100|[from] item: Leftovers\n|upkeep\n|turn|34\n|\n|t:|1662939645\n|move|p2a: Zeraora|Volt Switch|p1a: Corviknight\n|-supereffective|p1a: Corviknight\n|-damage|p1a: Corviknight|17\/100\n|\n|t:|1662939650\n|switch|p2a: Slowbro|Slowbro, F|91\/100 tox|[from]move: Volt Switch\n|-damage|p2a: Slowbro|78\/100 tox|[from] Stealth Rock\n|move|p1a: Corviknight|Roost|p1a: Corviknight\n|-heal|p1a: Corviknight|67\/100\n|-singleturn|p1a: Corviknight|move: Roost\n|\n|-heal|p1a: Corviknight|73\/100|[from] item: Leftovers\n|-damage|p2a: Slowbro|72\/100 tox|[from] psn\n|upkeep\n|turn|35\n|\n|t:|1662939655\n|move|p1a: Corviknight|U-turn|p2a: Slowbro\n|-supereffective|p2a: Slowbro\n|-damage|p2a: Slowbro|56\/100 tox\n|\n|t:|1662939657\n|switch|p1a: Hippowdon|Hippowdon, M|45\/100 tox|[from]move: U-turn\n|-weather|Sandstorm|[from] ability: Sand Stream|[of] p1a: Hippowdon\n|move|p2a: Slowbro|Teleport|p2a: Slowbro\n|\n|t:|1662939660\n|switch|p2a: Haxorus|Haxorus, F|51\/100|[from]move: Teleport\n|-damage|p2a: Haxorus|39\/100|[from] Stealth Rock\n|-ability|p2a: Haxorus|Mold Breaker\n|\n|-weather|Sandstorm|[upkeep]\n|-damage|p2a: Haxorus|33\/100|[from] Sandstorm\n|-damage|p1a: Hippowdon|39\/100 tox|[from] psn\n|upkeep\n|turn|36\n|\n|t:|1662939663\n|switch|p1a: Toxapex|Toxapex, M|100\/100\n|move|p2a: Haxorus|Close Combat|p1a: Toxapex\n|-resisted|p1a: Toxapex\n|-damage|p1a: Toxapex|80\/100\n|-unboost|p2a: Haxorus|def|1\n|-unboost|p2a: Haxorus|spd|1\n|\n|-weather|Sandstorm|[upkeep]\n|-damage|p2a: Haxorus|27\/100|[from] Sandstorm\n|-damage|p1a: Toxapex|74\/100|[from] Sandstorm\n|-heal|p1a: Toxapex|80\/100|[from] item: Black Sludge\n|upkeep\n|turn|37\n|\n|t:|1662939668\n|switch|p2a: Corviknight|Corviknight, M|88\/100\n|-damage|p2a: Corviknight|76\/100|[from] Stealth Rock\n|-ability|p2a: Corviknight|Pressure\n|move|p1a: Toxapex|Knock Off|p2a: Corviknight\n|-damage|p2a: Corviknight|66\/100\n|-damage|p1a: Toxapex|63\/100|[from] item: Rocky Helmet|[of] p2a: Corviknight\n|-enditem|p2a: Corviknight|Rocky Helmet|[from] move: Knock Off|[of] p1a: Toxapex\n|\n|-weather|Sandstorm|[upkeep]\n|-damage|p1a: Toxapex|57\/100|[from] Sandstorm\n|-heal|p1a: Toxapex|63\/100|[from] item: Black Sludge\n|upkeep\n|turn|38\n|\n|t:|1662939680\n|move|p1a: Toxapex|Baneful Bunker|p1a: Toxapex\n|-singleturn|p1a: Toxapex|move: Protect\n|move|p2a: Corviknight|Defog|p1a: Toxapex\n|-activate|p1a: Toxapex|move: Protect\n|\n|-weather|Sandstorm|[upkeep]\n|-damage|p1a: Toxapex|57\/100|[from] Sandstorm\n|-heal|p1a: Toxapex|63\/100|[from] item: Black Sludge\n|upkeep\n|turn|39\n|\n|t:|1662939686\n|switch|p1a: Hippowdon|Hippowdon, M|39\/100 tox\n|move|p2a: Corviknight|U-turn|p1a: Hippowdon\n|-damage|p1a: Hippowdon|28\/100 tox\n|\n|t:|1662939690\n|switch|p2a: Haxorus|Haxorus, F|27\/100|[from]move: U-turn\n|-damage|p2a: Haxorus|14\/100|[from] Stealth Rock\n|-ability|p2a: Haxorus|Mold Breaker\n|\n|-weather|none\n|-damage|p1a: Hippowdon|22\/100 tox|[from] psn\n|upkeep\n|turn|40\n|c|\u2606IDontFeelAnything|wp\n|\n|t:|1662939693\n|switch|p1a: Toxapex|Toxapex, M|97\/100\n|move|p2a: Haxorus|Earthquake|p1a: Toxapex\n|-supereffective|p1a: Toxapex\n|-damage|p1a: Toxapex|22\/100\n|\n|-heal|p1a: Toxapex|28\/100|[from] item: Black Sludge\n|upkeep\n|turn|41\n|\n|t:|1662939698\n|switch|p2a: Zeraora|Zeraora|95\/100\n|switch|p1a: Corviknight|Corviknight, F|73\/100\n|\n|-heal|p1a: Corviknight|79\/100|[from] item: Leftovers\n|upkeep\n|turn|42\n|\n|t:|1662939702\n|move|p2a: Zeraora|Volt Switch|p1a: Corviknight\n|-supereffective|p1a: Corviknight\n|-crit|p1a: Corviknight\n|-damage|p1a: Corviknight|16\/100\n|\n|t:|1662939707\n|switch|p2a: Corviknight|Corviknight, M|66\/100|[from]move: Volt Switch\n|-damage|p2a: Corviknight|54\/100|[from] Stealth Rock\n|-ability|p2a: Corviknight|Pressure\n|move|p1a: Corviknight|Roost|p1a: Corviknight\n|-heal|p1a: Corviknight|66\/100\n|-singleturn|p1a: Corviknight|move: Roost\n|\n|-heal|p1a: Corviknight|72\/100|[from] item: Leftovers\n|upkeep\n|turn|43\n|\n|t:|1662939711\n|move|p2a: Corviknight|Defog|p1a: Corviknight\n|-ability|p1a: Corviknight|Mirror Armor\n|-unboost|p2a: Corviknight|evasion|1\n|-sideend|p2: dracaufeu shiny|Stealth Rock|[from] move: Defog|[of] p2a: Corviknight\n|move|p1a: Corviknight|U-turn|p2a: Corviknight\n|-resisted|p2a: Corviknight\n|-damage|p2a: Corviknight|52\/100\n|\n|t:|1662939713\n|switch|p1a: Hippowdon|Hippowdon, M|22\/100 tox|[from]move: U-turn\n|-weather|Sandstorm|[from] ability: Sand Stream|[of] p1a: Hippowdon\n|\n|-weather|Sandstorm|[upkeep]\n|-damage|p1a: Hippowdon|16\/100 tox|[from] psn\n|upkeep\n|turn|44\n|\n|t:|1662939715\n|move|p2a: Corviknight|Body Press|p1a: Hippowdon\n|-damage|p1a: Hippowdon|0 fnt\n|faint|p1a: Hippowdon\n|\n|-weather|Sandstorm|[upkeep]\n|upkeep\n|\n|t:|1662939717\n|switch|p1a: Victini|Victini|70\/100 tox\n|turn|45\n|\n|t:|1662939720\n|switch|p2a: Slowbro|Slowbro, F|89\/100 tox\n|move|p1a: Victini|Bolt Strike|p2a: Slowbro\n|-supereffective|p2a: Slowbro\n|-damage|p2a: Slowbro|29\/100 tox\n|\n|-weather|Sandstorm|[upkeep]\n|-damage|p1a: Victini|64\/100 tox|[from] Sandstorm\n|-damage|p2a: Slowbro|23\/100 tox|[from] Sandstorm\n|-damage|p1a: Victini|57\/100 tox|[from] psn\n|-damage|p2a: Slowbro|17\/100 tox|[from] psn\n|upkeep\n|turn|46\n|\n|t:|1662939732\n|switch|p2a: Zeraora|Zeraora|95\/100\n|move|p1a: Victini|Bolt Strike|p2a: Zeraora\n|-heal|p2a: Zeraora|100\/100|[from] ability: Volt Absorb|[of] p1a: Victini\n|\n|-weather|Sandstorm|[upkeep]\n|-damage|p2a: Zeraora|95\/100|[from] Sandstorm\n|-damage|p1a: Victini|51\/100 tox|[from] Sandstorm\n|-damage|p1a: Victini|39\/100 tox|[from] psn\n|upkeep\n|turn|47\n|\n|t:|1662939738\n|switch|p1a: Toxapex|Toxapex, M|61\/100\n|move|p2a: Zeraora|Knock Off|p1a: Toxapex\n|-damage|p1a: Toxapex|42\/100\n|-enditem|p1a: Toxapex|Black Sludge|[from] move: Knock Off|[of] p2a: Zeraora\n|\n|-weather|none\n|upkeep\n|turn|48\n|\n|t:|1662939741\n|move|p1a: Toxapex|Baneful Bunker|p1a: Toxapex\n|-singleturn|p1a: Toxapex|move: Protect\n|move|p2a: Zeraora|Plasma Fists|p1a: Toxapex\n|-activate|p1a: Toxapex|move: Protect\n|-status|p2a: Zeraora|psn\n|\n|-damage|p2a: Zeraora|82\/100 psn|[from] psn\n|upkeep\n|turn|49\n|\n|t:|1662939747\n|switch|p1a: Corviknight|Corviknight, F|72\/100\n|move|p2a: Zeraora|Plasma Fists|p1a: Corviknight\n|-supereffective|p1a: Corviknight\n|-damage|p1a: Corviknight|15\/100\n|-fieldactivate|move: Ion Deluge\n|-hint|Normal-type moves become Electric-type after using Plasma Fists.\n|\n|-heal|p1a: Corviknight|22\/100|[from] item: Leftovers\n|-damage|p2a: Zeraora|70\/100 psn|[from] psn\n|upkeep\n|turn|50\n|\n|t:|1662939755\n|switch|p1a: Heatran|Heatran, M|100\/100\n|move|p2a: Zeraora|Volt Switch|p1a: Heatran\n|-damage|p1a: Heatran|86\/100\n|\n|t:|1662939759\n|switch|p2a: Haxorus|Haxorus, F|14\/100|[from]move: Volt Switch\n|-ability|p2a: Haxorus|Mold Breaker\n|\n|-heal|p1a: Heatran|92\/100|[from] item: Leftovers\n|upkeep\n|turn|51\n|\n|t:|1662939762\n|switch|p1a: Corviknight|Corviknight, F|22\/100\n|move|p2a: Haxorus|Close Combat|p1a: Corviknight\n|-damage|p1a: Corviknight|0 fnt\n|-unboost|p2a: Haxorus|def|1\n|-unboost|p2a: Haxorus|spd|1\n|faint|p1a: Corviknight\n|\n|upkeep\n|\n|t:|1662939765\n|switch|p1a: Tapu Lele|Tapu Lele|100\/100\n|-fieldstart|move: Psychic Terrain|[from] ability: Psychic Surge|[of] p1a: Tapu Lele\n|turn|52\n|\n|t:|1662939785\n|move|p1a: Tapu Lele|Psychic|p2a: Haxorus\n|-damage|p2a: Haxorus|0 fnt\n|faint|p2a: Haxorus\n|\n|upkeep\n|\n|t:|1662939788\n|switch|p2a: Corviknight|Corviknight, M|52\/100\n|-ability|p2a: Corviknight|Pressure\n|turn|53\n|\n|t:|1662939794\n|switch|p1a: Victini|Victini|39\/100 tox\n|move|p2a: Corviknight|Roost|p2a: Corviknight\n|-heal|p2a: Corviknight|100\/100\n|-singleturn|p2a: Corviknight|move: Roost\n|\n|-damage|p1a: Victini|33\/100 tox|[from] psn\n|upkeep\n|turn|54\n|\n|t:|1662939800\n|switch|p2a: Slowbro|Slowbro, F|50\/100 tox\n|move|p1a: Victini|V-create|p2a: Slowbro\n|-resisted|p2a: Slowbro\n|-damage|p2a: Slowbro|15\/100 tox\n|-unboost|p1a: Victini|spe|1\n|-unboost|p1a: Victini|def|1\n|-unboost|p1a: Victini|spd|1\n|\n|-damage|p1a: Victini|20\/100 tox|[from] psn\n|-damage|p2a: Slowbro|9\/100 tox|[from] psn\n|upkeep\n|turn|55\n|\n|t:|1662939804\n|move|p1a: Victini|V-create|p2a: Slowbro\n|-resisted|p2a: Slowbro\n|-damage|p2a: Slowbro|0 fnt\n|-unboost|p1a: Victini|spe|1\n|-unboost|p1a: Victini|def|1\n|-unboost|p1a: Victini|spd|1\n|faint|p2a: Slowbro\n|\n|-damage|p1a: Victini|2\/100 tox|[from] psn\n|upkeep\n|\n|t:|1662939807\n|switch|p2a: Zeraora|Zeraora|70\/100 psn\n|turn|56\n|\n|t:|1662939810\n|move|p2a: Zeraora|Volt Switch|p1a: Victini\n|-damage|p1a: Victini|0 fnt\n|faint|p1a: Victini\n|\n|t:|1662939812\n|switch|p2a: Corviknight|Corviknight, M|100\/100|[from]move: Volt Switch\n|-ability|p2a: Corviknight|Pressure\n|\n|-fieldend|move: Psychic Terrain\n|upkeep\n|\n|t:|1662939819\n|switch|p1a: Toxapex|Toxapex, M|75\/100\n|turn|57\n|\n|t:|1662939824\n|switch|p2a: Zeraora|Zeraora|70\/100 psn\n|switch|p1a: Heatran|Heatran, M|92\/100\n|\n|-heal|p1a: Heatran|99\/100|[from] item: Leftovers\n|-damage|p2a: Zeraora|58\/100 psn|[from] psn\n|upkeep\n|turn|58\n|\n|t:|1662939829\n|move|p1a: Heatran|Protect|p1a: Heatran\n|-singleturn|p1a: Heatran|Protect\n|move|p2a: Zeraora|Close Combat|p1a: Heatran\n|-activate|p1a: Heatran|move: Protect\n|\n|-heal|p1a: Heatran|100\/100|[from] item: Leftovers\n|-damage|p2a: Zeraora|45\/100 psn|[from] psn\n|upkeep\n|turn|59\n|\n|t:|1662939834\n|switch|p1a: Toxapex|Toxapex, M|100\/100\n|move|p2a: Zeraora|Volt Switch|p1a: Toxapex\n|-supereffective|p1a: Toxapex\n|-damage|p1a: Toxapex|62\/100\n|\n|t:|1662939836\n|switch|p2a: Corviknight|Corviknight, M|100\/100|[from]move: Volt Switch\n|-ability|p2a: Corviknight|Pressure\n|\n|upkeep\n|turn|60\n|\n|t:|1662939838\n|move|p2a: Corviknight|U-turn|p1a: Toxapex\n|-resisted|p1a: Toxapex\n|-damage|p1a: Toxapex|58\/100\n|\n|t:|1662939840\n|switch|p2a: Zeraora|Zeraora|45\/100 psn|[from]move: U-turn\n|move|p1a: Toxapex|Recover|p1a: Toxapex\n|-heal|p1a: Toxapex|100\/100\n|\n|-damage|p2a: Zeraora|33\/100 psn|[from] psn\n|upkeep\n|turn|61\n|\n|t:|1662939847\n|move|p1a: Toxapex|Baneful Bunker|p1a: Toxapex\n|-singleturn|p1a: Toxapex|move: Protect\n|move|p2a: Zeraora|Plasma Fists|p1a: Toxapex\n|-activate|p1a: Toxapex|move: Protect\n|\n|-damage|p2a: Zeraora|21\/100 psn|[from] psn\n|upkeep\n|turn|62\n|\n|t:|1662939851\n|move|p2a: Zeraora|Plasma Fists|p1a: Toxapex\n|-supereffective|p1a: Toxapex\n|-damage|p1a: Toxapex|43\/100\n|-fieldactivate|move: Ion Deluge\n|-hint|Normal-type moves become Electric-type after using Plasma Fists.\n|move|p1a: Toxapex|Knock Off|p2a: Zeraora\n|-damage|p2a: Zeraora|0 fnt\n|-enditem|p2a: Zeraora|Heavy-Duty Boots|[from] move: Knock Off|[of] p1a: Toxapex\n|faint|p2a: Zeraora\n|\n|upkeep\n|\n|t:|1662939855\n|switch|p2a: Corviknight|Corviknight, M|100\/100\n|-ability|p2a: Corviknight|Pressure\n|turn|63\n|c|\u2606IDontFeelAnything|gg\n|\n|t:|1662939861\n|move|p2a: Corviknight|Body Press|p1a: Toxapex\n|-resisted|p1a: Toxapex\n|-damage|p1a: Toxapex|35\/100\n|move|p1a: Toxapex|Recover|p1a: Toxapex\n|-heal|p1a: Toxapex|85\/100\n|\n|upkeep\n|turn|64\n|\n|t:|1662939863\n|switch|p1a: Heatran|Heatran, M|100\/100\n|move|p2a: Corviknight|Body Press|p1a: Heatran\n|-supereffective|p1a: Heatran\n|-damage|p1a: Heatran|57\/100\n|\n|-heal|p1a: Heatran|63\/100|[from] item: Leftovers\n|upkeep\n|turn|65\n|\n|t:|1662939865\n|move|p1a: Heatran|Magma Storm|p2a: Corviknight\n|-supereffective|p2a: Corviknight\n|-damage|p2a: Corviknight|12\/100\n|-activate|p2a: Corviknight|move: Magma Storm|[of] p1a: Heatran\n|move|p2a: Corviknight|Body Press|p1a: Heatran\n|-supereffective|p1a: Heatran\n|-damage|p1a: Heatran|17\/100\n|\n|-heal|p1a: Heatran|23\/100|[from] item: Leftovers\n|-damage|p2a: Corviknight|0 fnt|[from] move: Magma Storm|[partiallytrapped]\n|faint|p2a: Corviknight\n|\n|win|IDontFeelAnything\n|upkeep\n|raw|IDontFeelAnything's rating: 1457 &rarr; <strong>1480<\/strong><br \/>(+23 for winning)\n|raw|dracaufeu shiny's rating: 1508 &rarr; <strong>1485<\/strong><br \/>(-23 for losing)\n|l|\u2606dracaufeu shiny\n|j|\u2606dracaufeu shiny\n|player|p2|dracaufeu shiny|red\n|l|\u2606dracaufeu shiny\n|player|p2|\n|j| ilovecake1\n|j| Ultra Saberstorm\n|j| Currently building\n|j| bhkg\n||Ladder isn't responding, score probably updated but might not have (Request timeout).\n","uploadtime":1662939883,"views":7,"p1id":"idontfeelanything","p2id":"dracaufeushiny","formatid":"gen8ou","rating":1480,"private":0,"password":null}