{"id":"gen8nationaldexag-1545003110","p1":"Rediyu","p2":"CamperJoe","format":"gen8nationaldexag","log":"|j|\u2606Rediyu\n|j|\u2606CamperJoe\n|t:|1648987174\n|gametype|singles\n|player|p1|Rediyu|guitarist|\n|player|p2|CamperJoe|2|\n|teamsize|p1|6\n|teamsize|p2|6\n|gen|8\n|tier|[Gen 8] National Dex AG\n|rule|HP Percentage Mod: HP is shown in percentages\n|rule|Endless Battle Clause: Forcing endless battles is banned\n|clearpoke\n|poke|p1|Azumarill, F|\n|poke|p1|Lucario, F|\n|poke|p1|Clefable, M|\n|poke|p1|Blissey, F|\n|poke|p1|Snorlax, F|\n|poke|p1|Roserade, F|\n|poke|p2|Torkoal, F|\n|poke|p2|Primeape, M|\n|poke|p2|Electivire, M|\n|poke|p2|Ferrothorn, M|\n|poke|p2|Tornadus-Therian, M|\n|poke|p2|Sceptile, F|\n|teampreview\n|j| isrrael120\n|c|\u2606CamperJoe|glhf\n|c|\u2606Rediyu|u2\n|\n|t:|1648987282\n|start\n|switch|p1a: Maru|Clefable, M|100\/100\n|switch|p2a: Ferrothorn|Ferrothorn, M|100\/100\n|turn|1\n|\n|t:|1648987291\n|move|p1a: Maru|Flamethrower|p2a: Ferrothorn\n|-supereffective|p2a: Ferrothorn\n|-damage|p2a: Ferrothorn|38\/100\n|move|p2a: Ferrothorn|Swords Dance|p2a: Ferrothorn\n|-boost|p2a: Ferrothorn|atk|2\n|\n|upkeep\n|turn|2\n|\n|t:|1648987356\n|switch|p2a: Torkoal|Torkoal, F|100\/100\n|-weather|SunnyDay|[from] ability: Drought|[of] p2a: Torkoal\n|move|p1a: Maru|Flamethrower|p2a: Torkoal\n|-resisted|p2a: Torkoal\n|-damage|p2a: Torkoal|82\/100\n|\n|-weather|SunnyDay|[upkeep]\n|-heal|p2a: Torkoal|88\/100|[from] item: Leftovers\n|upkeep\n|turn|3\n|\n|t:|1648987368\n|move|p1a: Maru|Stealth Rock|p2a: Torkoal\n|-sidestart|p2: CamperJoe|move: Stealth Rock\n|move|p2a: Torkoal|Stealth Rock|p1a: Maru\n|-sidestart|p1: Rediyu|move: Stealth Rock\n|\n|-weather|SunnyDay|[upkeep]\n|-heal|p2a: Torkoal|94\/100|[from] item: Leftovers\n|upkeep\n|turn|4\n|\n|t:|1648987388\n|switch|p1a: Sophie|Blissey, F|100\/100\n|-damage|p1a: Sophie|88\/100|[from] Stealth Rock\n|move|p2a: Torkoal|Rapid Spin|p1a: Sophie\n|-damage|p1a: Sophie|80\/100\n|-boost|p2a: Torkoal|spe|1\n|-sideend|p2: CamperJoe|Stealth Rock|[from] move: Rapid Spin|[of] p2a: Torkoal\n|\n|-weather|SunnyDay|[upkeep]\n|-heal|p1a: Sophie|86\/100|[from] item: Leftovers\n|-heal|p2a: Torkoal|99\/100|[from] item: Leftovers\n|upkeep\n|turn|5\n|\n|t:|1648987398\n|move|p1a: Sophie|Reflect|p1a: Sophie\n|-sidestart|p1: Rediyu|Reflect\n|move|p2a: Torkoal|Body Press|p1a: Sophie\n|-supereffective|p1a: Sophie\n|-damage|p1a: Sophie|59\/100\n|\n|-weather|SunnyDay|[upkeep]\n|-heal|p1a: Sophie|65\/100|[from] item: Leftovers\n|-heal|p2a: Torkoal|100\/100|[from] item: Leftovers\n|upkeep\n|turn|6\n|\n|t:|1648987415\n|switch|p2a: Tornadus|Tornadus-Therian, M|100\/100\n|move|p1a: Sophie|Light Screen|p1a: Sophie\n|-sidestart|p1: Rediyu|move: Light Screen\n|\n|-weather|none\n|-heal|p1a: Sophie|71\/100|[from] item: Leftovers\n|upkeep\n|turn|7\n|\n|t:|1648987421\n|move|p2a: Tornadus|Brick Break|p1a: Sophie\n|-sideend|p1: Rediyu|Reflect\n|-sideend|p1: Rediyu|move: Light Screen\n|-supereffective|p1a: Sophie\n|-damage|p1a: Sophie|44\/100\n|move|p1a: Sophie|Teleport|p1a: Sophie\n|\n|t:|1648987481\n|switch|p1a: Maru|Clefable, M|100\/100|[from]move: Teleport\n|-damage|p1a: Maru|88\/100|[from] Stealth Rock\n|\n|upkeep\n|turn|8\n|\n|t:|1648987490\n|move|p2a: Tornadus|Taunt|p1a: Maru\n|-start|p1a: Maru|move: Taunt\n|cant|p1a: Maru|move: Taunt|Stealth Rock\n|\n|upkeep\n|turn|9\n|\n|t:|1648987494\n|move|p2a: Tornadus|U-turn|p1a: Maru\n|-resisted|p1a: Maru\n|-damage|p1a: Maru|82\/100\n|\n|t:|1648987504\n|switch|p2a: Primeape|Primeape, M|100\/100|[from]move: U-turn\n|move|p1a: Maru|Moonblast|p2a: Primeape\n|-supereffective|p2a: Primeape\n|-enditem|p2a: Primeape|Focus Sash\n|-damage|p2a: Primeape|1\/100\n|\n|upkeep\n|turn|10\n|\n|t:|1648987626\n|move|p2a: Primeape|Poison Jab|p1a: Maru\n|-supereffective|p1a: Maru\n|-damage|p1a: Maru|45\/100\n|move|p1a: Maru|Moonblast|p2a: Primeape\n|-supereffective|p2a: Primeape\n|-damage|p2a: Primeape|0 fnt\n|faint|p2a: Primeape\n|\n|-end|p1a: Maru|move: Taunt\n|upkeep\n|\n|t:|1648987712\n|switch|p2a: Electivire|Electivire, M|100\/100\n|turn|11\n|\n|t:|1648987760\n|move|p2a: Electivire|Earthquake|p1a: Maru\n|-damage|p1a: Maru|18\/100\n|move|p1a: Maru|Soft-Boiled|p1a: Maru\n|-heal|p1a: Maru|68\/100\n|\n|upkeep\n|turn|12\n|\n|t:|1648987800\n|switch|p2a: Torkoal|Torkoal, F|100\/100\n|-weather|SunnyDay|[from] ability: Drought|[of] p2a: Torkoal\n|move|p1a: Maru|Soft-Boiled|p1a: Maru\n|-heal|p1a: Maru|100\/100\n|\n|-weather|SunnyDay|[upkeep]\n|upkeep\n|turn|13\n|\n|t:|1648987827\n|move|p1a: Maru|Moonblast|p2a: Torkoal\n|-resisted|p2a: Torkoal\n|-damage|p2a: Torkoal|80\/100\n|-unboost|p2a: Torkoal|spa|1\n|move|p2a: Torkoal|Clear Smog|p1a: Maru\n|-supereffective|p1a: Maru\n|-damage|p1a: Maru|81\/100\n|-clearboost|p1a: Maru\n|\n|-weather|SunnyDay|[upkeep]\n|-heal|p2a: Torkoal|86\/100|[from] item: Leftovers\n|upkeep\n|turn|14\n|\n|t:|1648987855\n|move|p1a: Maru|Moonblast|p2a: Torkoal\n|-resisted|p2a: Torkoal\n|-damage|p2a: Torkoal|66\/100\n|move|p2a: Torkoal|Clear Smog|p1a: Maru\n|-supereffective|p1a: Maru\n|-damage|p1a: Maru|63\/100\n|-clearboost|p1a: Maru\n|\n|-weather|SunnyDay|[upkeep]\n|-heal|p2a: Torkoal|73\/100|[from] item: Leftovers\n|upkeep\n|turn|15\n|\n|t:|1648987866\n|move|p1a: Maru|Soft-Boiled|p1a: Maru\n|-heal|p1a: Maru|100\/100\n|move|p2a: Torkoal|Clear Smog|p1a: Maru\n|-supereffective|p1a: Maru\n|-damage|p1a: Maru|81\/100\n|-clearboost|p1a: Maru\n|\n|-weather|SunnyDay|[upkeep]\n|-heal|p2a: Torkoal|79\/100|[from] item: Leftovers\n|upkeep\n|turn|16\n|\n|t:|1648987892\n|move|p1a: Maru|Flamethrower|p2a: Torkoal\n|-resisted|p2a: Torkoal\n|-damage|p2a: Torkoal|59\/100\n|move|p2a: Torkoal|Clear Smog|p1a: Maru\n|-supereffective|p1a: Maru\n|-damage|p1a: Maru|64\/100\n|-clearboost|p1a: Maru\n|\n|-weather|none\n|-heal|p2a: Torkoal|65\/100|[from] item: Leftovers\n|upkeep\n|turn|17\n|\n|t:|1648987906\n|move|p1a: Maru|Moonblast|p2a: Torkoal\n|-resisted|p2a: Torkoal\n|-damage|p2a: Torkoal|45\/100\n|move|p2a: Torkoal|Clear Smog|p1a: Maru\n|-supereffective|p1a: Maru\n|-damage|p1a: Maru|46\/100\n|-clearboost|p1a: Maru\n|\n|-heal|p2a: Torkoal|51\/100|[from] item: Leftovers\n|upkeep\n|turn|18\n|\n|t:|1648987915\n|move|p1a: Maru|Soft-Boiled|p1a: Maru\n|-heal|p1a: Maru|96\/100\n|move|p2a: Torkoal|Clear Smog|p1a: Maru\n|-supereffective|p1a: Maru\n|-crit|p1a: Maru\n|-damage|p1a: Maru|69\/100\n|-clearboost|p1a: Maru\n|\n|-heal|p2a: Torkoal|57\/100|[from] item: Leftovers\n|upkeep\n|turn|19\n|\n|t:|1648987928\n|move|p1a: Maru|Moonblast|p2a: Torkoal\n|-resisted|p2a: Torkoal\n|-damage|p2a: Torkoal|37\/100\n|move|p2a: Torkoal|Clear Smog|p1a: Maru\n|-supereffective|p1a: Maru\n|-damage|p1a: Maru|49\/100\n|-clearboost|p1a: Maru\n|\n|-heal|p2a: Torkoal|43\/100|[from] item: Leftovers\n|upkeep\n|turn|20\n|\n|t:|1648987937\n|move|p1a: Maru|Soft-Boiled|p1a: Maru\n|-heal|p1a: Maru|99\/100\n|move|p2a: Torkoal|Clear Smog|p1a: Maru\n|-supereffective|p1a: Maru\n|-damage|p1a: Maru|79\/100\n|-clearboost|p1a: Maru\n|\n|-heal|p2a: Torkoal|49\/100|[from] item: Leftovers\n|upkeep\n|turn|21\n|\n|t:|1648987947\n|move|p1a: Maru|Moonblast|p2a: Torkoal\n|-resisted|p2a: Torkoal\n|-damage|p2a: Torkoal|29\/100\n|move|p2a: Torkoal|Clear Smog|p1a: Maru\n|-supereffective|p1a: Maru\n|-damage|p1a: Maru|59\/100\n|-clearboost|p1a: Maru\n|\n|-heal|p2a: Torkoal|35\/100|[from] item: Leftovers\n|upkeep\n|turn|22\n|\n|t:|1648987956\n|move|p1a: Maru|Moonblast|p2a: Torkoal\n|-resisted|p2a: Torkoal\n|-damage|p2a: Torkoal|15\/100\n|move|p2a: Torkoal|Body Press|p1a: Maru\n|-resisted|p1a: Maru\n|-damage|p1a: Maru|46\/100\n|\n|-heal|p2a: Torkoal|21\/100|[from] item: Leftovers\n|upkeep\n|turn|23\n|\n|t:|1648987964\n|move|p1a: Maru|Soft-Boiled|p1a: Maru\n|-heal|p1a: Maru|96\/100\n|move|p2a: Torkoal|Clear Smog|p1a: Maru\n|-supereffective|p1a: Maru\n|-damage|p1a: Maru|78\/100\n|-clearboost|p1a: Maru\n|\n|-heal|p2a: Torkoal|27\/100|[from] item: Leftovers\n|upkeep\n|turn|24\n|\n|t:|1648987975\n|move|p1a: Maru|Moonblast|p2a: Torkoal\n|-resisted|p2a: Torkoal\n|-damage|p2a: Torkoal|6\/100\n|-unboost|p2a: Torkoal|spa|1\n|move|p2a: Torkoal|Clear Smog|p1a: Maru\n|-supereffective|p1a: Maru\n|-damage|p1a: Maru|59\/100\n|-clearboost|p1a: Maru\n|\n|-heal|p2a: Torkoal|12\/100|[from] item: Leftovers\n|upkeep\n|turn|25\n|\n|t:|1648987985\n|move|p1a: Maru|Soft-Boiled|p1a: Maru\n|-heal|p1a: Maru|100\/100\n|move|p2a: Torkoal|Clear Smog|p1a: Maru\n|-supereffective|p1a: Maru\n|-damage|p1a: Maru|81\/100\n|-clearboost|p1a: Maru\n|\n|-heal|p2a: Torkoal|19\/100|[from] item: Leftovers\n|upkeep\n|turn|26\n|\n|t:|1648987993\n|move|p1a: Maru|Moonblast|p2a: Torkoal\n|-resisted|p2a: Torkoal\n|-damage|p2a: Torkoal|0 fnt\n|faint|p2a: Torkoal\n|\n|upkeep\n|\n|t:|1648988008\n|switch|p2a: Sceptile|Sceptile, F|100\/100\n|turn|27\n|\n|t:|1648988020\n|-zpower|p2a: Sceptile\n|move|p2a: Sceptile|Bloom Doom|p1a: Maru|[zeffect]\n|-damage|p1a: Maru|3\/100\n|move|p1a: Maru|Flamethrower|p2a: Sceptile\n|-supereffective|p2a: Sceptile\n|-damage|p2a: Sceptile|45\/100\n|\n|upkeep\n|turn|28\n|\n|t:|1648988053\n|switch|p1a: Rivas|Roserade, F|100\/100\n|-damage|p1a: Rivas|88\/100|[from] Stealth Rock\n|move|p2a: Sceptile|Brick Break|p1a: Rivas\n|-resisted|p1a: Rivas\n|-damage|p1a: Rivas|79\/100\n|\n|upkeep\n|turn|29\n|\n|t:|1648988117\n|switch|p2a: Electivire|Electivire, M|100\/100\n|move|p1a: Rivas|Spikes|p2a: Electivire\n|-sidestart|p2: CamperJoe|Spikes\n|\n|upkeep\n|turn|30\n|\n|t:|1648988150\n|switch|p1a: Maru|Clefable, M|3\/100\n|-damage|p1a: Maru|0 fnt|[from] Stealth Rock\n|faint|p1a: Maru\n|move|p2a: Electivire|Wild Charge|p1: Maru|[notarget]\n|-fail|p2a: Electivire\n|\n|upkeep\n|\n|t:|1648988156\n|switch|p1a: Rivas|Roserade, F|79\/100\n|-damage|p1a: Rivas|66\/100|[from] Stealth Rock\n|turn|31\n|\n|t:|1648988220\n|move|p2a: Electivire|Wild Charge|p1a: Rivas\n|-resisted|p1a: Rivas\n|-damage|p1a: Rivas|30\/100\n|-damage|p2a: Electivire|91\/100|[from] Recoil\n|move|p1a: Rivas|Sludge Bomb|p2a: Electivire\n|-damage|p2a: Electivire|36\/100\n|\n|upkeep\n|turn|32\n|\n|t:|1648988246\n|switch|p1a: Sophie|Blissey, F|44\/100\n|-damage|p1a: Sophie|31\/100|[from] Stealth Rock\n|move|p2a: Electivire|Wild Charge|p1a: Sophie\n|-damage|p1a: Sophie|0 fnt\n|faint|p1a: Sophie\n|-damage|p2a: Electivire|17\/100|[from] Recoil\n|\n|upkeep\n|\n|t:|1648988256\n|switch|p1a: Lin|Lucario, F|100\/100\n|-damage|p1a: Lin|98\/100|[from] Stealth Rock\n|turn|33\n|\n|t:|1648988268\n|switch|p2a: Tornadus|Tornadus-Therian, M|100\/100\n|move|p1a: Lin|Extreme Speed|p2a: Tornadus\n|-damage|p2a: Tornadus|59\/100\n|-damage|p1a: Lin|88\/100|[from] item: Life Orb\n|\n|upkeep\n|turn|34\n|\n|t:|1648988303\n|switch|p1a: Rivas|Roserade, F|30\/100\n|-damage|p1a: Rivas|18\/100|[from] Stealth Rock\n|move|p2a: Tornadus|Brick Break|p1a: Rivas\n|-resisted|p1a: Rivas\n|-damage|p1a: Rivas|5\/100\n|\n|upkeep\n|turn|35\n|\n|t:|1648988311\n|move|p1a: Rivas|Sludge Bomb|p2a: Tornadus\n|-damage|p2a: Tornadus|29\/100\n|move|p2a: Tornadus|Brick Break|p1a: Rivas\n|-resisted|p1a: Rivas\n|-damage|p1a: Rivas|0 fnt\n|faint|p1a: Rivas\n|\n|upkeep\n|\n|t:|1648988359\n|switch|p1a: Lin|Lucario, F|88\/100\n|-damage|p1a: Lin|85\/100|[from] Stealth Rock\n|turn|36\n|\n|t:|1648988382\n|move|p2a: Tornadus|Brick Break|p1a: Lin\n|-supereffective|p1a: Lin\n|-damage|p1a: Lin|31\/100\n|move|p1a: Lin|Swords Dance|p1a: Lin\n|-boost|p1a: Lin|atk|2\n|\n|upkeep\n|turn|37\n|\n|t:|1648988388\n|move|p1a: Lin|Extreme Speed|p2a: Tornadus\n|-damage|p2a: Tornadus|0 fnt\n|faint|p2a: Tornadus\n|-damage|p1a: Lin|21\/100|[from] item: Life Orb\n|\n|upkeep\n|\n|t:|1648988430\n|switch|p2a: Sceptile|Sceptile, F|45\/100\n|-damage|p2a: Sceptile|33\/100|[from] Spikes\n|turn|38\n|\n|t:|1648988439\n|move|p1a: Lin|Extreme Speed|p2a: Sceptile\n|-damage|p2a: Sceptile|0 fnt\n|faint|p2a: Sceptile\n|-damage|p1a: Lin|11\/100|[from] item: Life Orb\n|\n|upkeep\n|\n|t:|1648988447\n|switch|p2a: Ferrothorn|Ferrothorn, M|38\/100\n|-damage|p2a: Ferrothorn|25\/100|[from] Spikes\n|turn|39\n|\n|t:|1648988456\n|switch|p1a: Vio|Snorlax, F|100\/100\n|-damage|p1a: Vio|88\/100|[from] Stealth Rock\n|move|p2a: Ferrothorn|Iron Head|p1a: Vio\n|-damage|p1a: Vio|57\/100\n|-damage|p2a: Ferrothorn|16\/100|[from] item: Life Orb\n|\n|upkeep\n|turn|40\n|\n|t:|1648988466\n|move|p1a: Vio|Fire Punch|p2a: Ferrothorn\n|-supereffective|p2a: Ferrothorn\n|-damage|p2a: Ferrothorn|0 fnt\n|-damage|p1a: Vio|45\/100|[from] ability: Iron Barbs|[of] p2a: Ferrothorn\n|-enditem|p1a: Vio|Aguav Berry|[eat]\n|-heal|p1a: Vio|78\/100|[from] item: Aguav Berry\n|faint|p2a: Ferrothorn\n|\n|upkeep\n|\n|t:|1648988473\n|switch|p2a: Electivire|Electivire, M|17\/100\n|-damage|p2a: Electivire|4\/100|[from] Spikes\n|turn|41\n|\n|t:|1648988496\n|switch|p1a: Leen|Azumarill, F|100\/100\n|-damage|p1a: Leen|88\/100|[from] Stealth Rock\n|move|p2a: Electivire|Brick Break|p1a: Leen\n|-resisted|p1a: Leen\n|-damage|p1a: Leen|73\/100\n|\n|upkeep\n|turn|42\n|\n|t:|1648988503\n|move|p1a: Leen|Aqua Jet|p2a: Electivire\n|-damage|p2a: Electivire|0 fnt\n|faint|p2a: Electivire\n|\n|win|Rediyu\n|c|\u2606Rediyu|gg\n|c|\u2606CamperJoe|gg\n","uploadtime":1648988514,"views":11,"p1id":"rediyu","p2id":"camperjoe","formatid":"gen8nationaldexag","rating":0,"private":0,"password":null}