{"id":"gen8uu-1103462876","p1":"pokemonisfun","p2":"GORAN EL DRACO","format":"gen8uu","log":"|j|\u2606pokemonisfun\n|j|\u2606GORAN EL DRACO\n|player|p1|pokemonisfun|preschoolerf|1824\n|player|p2|GORAN EL DRACO|76|1533\n|teamsize|p1|6\n|teamsize|p2|6\n|gametype|singles\n|gen|8\n|tier|[Gen 8] UU\n|rated|\n|clearpoke\n|poke|p1|Celebi|\n|poke|p1|Umbreon, M|\n|poke|p1|Noivern, F|\n|poke|p1|Arcanine, F|\n|poke|p1|Quagsire, M|\n|poke|p1|Reuniclus, F|\n|poke|p2|Noivern, F|\n|poke|p2|Torkoal, M|\n|poke|p2|Venusaur, F|\n|poke|p2|Darmanitan, M|\n|poke|p2|Haxorus, M|\n|poke|p2|Sirfetch'd, F|\n|rule|Sleep Clause Mod: Limit one foe put to sleep\n|rule|Species Clause: Limit one of each Pok\u00e9mon\n|rule|OHKO Clause: OHKO moves are banned\n|rule|Evasion Moves Clause: Evasion moves are banned\n|rule|Endless Battle Clause: Forcing endless battles is banned\n|rule|HP Percentage Mod: HP is shown in percentages\n|rule|Dynamax Clause: You cannot dynamax\n|teampreview\n|c|\u2606GORAN EL DRACO|u have a mental illness\n|inactive|Battle timer is ON: inactive players will automatically lose when time's up. (requested by GORAN EL DRACO)\n|inactive|pokemonisfun has 120 seconds left.\n|\n|start\n|switch|p1a: batzy watzy|Noivern, F|100\/100\n|switch|p2a: Sirfetch'd|Sirfetch'd, F|100\/100\n|-item|p2a: Sirfetch'd|Choice Band|[from] ability: Frisk|[of] p1a: batzy watzy|[identify]\n|turn|1\n|\n|switch|p2a: Noivern|Noivern, F|100\/100\n|move|p1a: batzy watzy|Air Slash|p2a: Noivern\n|-damage|p2a: Noivern|74\/100\n|\n|upkeep\n|turn|2\n|\n|switch|p1a: umby wumby|Umbreon, M|100\/100\n|move|p2a: Noivern|U-turn|p1a: umby wumby\n|-supereffective|p1a: umby wumby\n|-damage|p1a: umby wumby|82\/100\n|\n|switch|p2a: Sirfetch'd|Sirfetch'd, F|100\/100|[from]move: U-turn\n|\n|-heal|p1a: umby wumby|88\/100|[from] item: Leftovers\n|upkeep\n|turn|3\n|\n|move|p1a: umby wumby|Protect|p1a: umby wumby\n|-singleturn|p1a: umby wumby|Protect\n|move|p2a: Sirfetch'd|Close Combat|p1a: umby wumby\n|-activate|p1a: umby wumby|move: Protect\n|\n|-heal|p1a: umby wumby|94\/100|[from] item: Leftovers\n|upkeep\n|turn|4\n|\n|switch|p1a: funion onion|Celebi|100\/100\n|move|p2a: Sirfetch'd|Close Combat|p1a: funion onion\n|-resisted|p1a: funion onion\n|-damage|p1a: funion onion|66\/100\n|-unboost|p2a: Sirfetch'd|def|1\n|-unboost|p2a: Sirfetch'd|spd|1\n|\n|upkeep\n|turn|5\n|\n|switch|p2a: Torkoal|Torkoal, M|100\/100\n|-weather|SunnyDay|[from] ability: Drought|[of] p2a: Torkoal\n|move|p1a: funion onion|Recover|p1a: funion onion\n|-heal|p1a: funion onion|100\/100\n|\n|-weather|SunnyDay|[upkeep]\n|upkeep\n|turn|6\n|\n|switch|p1a: batzy watzy|Noivern, F|100\/100\n|-item|p2a: Torkoal|Heat Rock|[from] ability: Frisk|[of] p1a: batzy watzy|[identify]\n|move|p2a: Torkoal|Stealth Rock|p1a: batzy watzy\n|-sidestart|p1: pokemonisfun|move: Stealth Rock\n|\n|-weather|SunnyDay|[upkeep]\n|upkeep\n|turn|7\n|\n|move|p1a: batzy watzy|Air Slash|p2a: Torkoal|[miss]\n|-miss|p1a: batzy watzy|p2a: Torkoal\n|move|p2a: Torkoal|Yawn|p1a: batzy watzy\n|-start|p1a: batzy watzy|move: Yawn|[of] p2a: Torkoal\n|\n|-weather|SunnyDay|[upkeep]\n|upkeep\n|turn|8\n|\n|switch|p1a: umby wumby|Umbreon, M|94\/100\n|-damage|p1a: umby wumby|82\/100|[from] Stealth Rock\n|switch|p2a: Darmanitan|Darmanitan, M|100\/100\n|\n|-weather|SunnyDay|[upkeep]\n|-heal|p1a: umby wumby|88\/100|[from] item: Leftovers\n|upkeep\n|turn|9\n|\n|move|p1a: umby wumby|Protect|p1a: umby wumby\n|-singleturn|p1a: umby wumby|Protect\n|move|p2a: Darmanitan|Flare Blitz|p1a: umby wumby\n|-activate|p1a: umby wumby|move: Protect\n|\n|-weather|SunnyDay|[upkeep]\n|-heal|p1a: umby wumby|94\/100|[from] item: Leftovers\n|upkeep\n|turn|10\n|\n|switch|p1a: woofy woof|Arcanine, F|100\/100\n|-ability|p1a: woofy woof|Intimidate|boost\n|-unboost|p2a: Darmanitan|atk|1\n|move|p2a: Darmanitan|Flare Blitz|p1a: woofy woof\n|-resisted|p1a: woofy woof\n|-crit|p1a: woofy woof\n|-damage|p1a: woofy woof|27\/100\n|-damage|p2a: Darmanitan|74\/100|[from] Recoil\n|\n|-weather|SunnyDay|[upkeep]\n|upkeep\n|turn|11\n|\n|switch|p1a: batzy watzy|Noivern, F|100\/100\n|-item|p2a: Darmanitan|Choice Scarf|[from] ability: Frisk|[of] p1a: batzy watzy|[identify]\n|move|p2a: Darmanitan|Flare Blitz|p1a: batzy watzy\n|-resisted|p1a: batzy watzy\n|-damage|p1a: batzy watzy|45\/100\n|-damage|p2a: Darmanitan|55\/100|[from] Recoil\n|\n|-weather|SunnyDay|[upkeep]\n|upkeep\n|turn|12\n|\n|switch|p1a: muddy buddy|Quagsire, M|100\/100\n|-damage|p1a: muddy buddy|94\/100|[from] Stealth Rock\n|move|p2a: Darmanitan|Flare Blitz|p1a: muddy buddy\n|-resisted|p1a: muddy buddy\n|-damage|p1a: muddy buddy|43\/100\n|-damage|p2a: Darmanitan|36\/100|[from] Recoil\n|\n|-weather|none\n|-heal|p1a: muddy buddy|49\/100|[from] item: Leftovers\n|upkeep\n|turn|13\n|\n|switch|p2a: Sirfetch'd|Sirfetch'd, F|100\/100\n|move|p1a: muddy buddy|Recover|p1a: muddy buddy\n|-heal|p1a: muddy buddy|99\/100\n|\n|-heal|p1a: muddy buddy|100\/100|[from] item: Leftovers\n|upkeep\n|turn|14\n|\n|switch|p1a: funion onion|Celebi|100\/100\n|-damage|p1a: funion onion|88\/100|[from] Stealth Rock\n|move|p2a: Sirfetch'd|Close Combat|p1a: funion onion\n|-resisted|p1a: funion onion\n|-damage|p1a: funion onion|56\/100\n|-unboost|p2a: Sirfetch'd|def|1\n|-unboost|p2a: Sirfetch'd|spd|1\n|\n|upkeep\n|turn|15\n|\n|switch|p2a: Noivern|Noivern, F|74\/100\n|move|p1a: funion onion|Stealth Rock|p2a: Noivern\n|-sidestart|p2: GORAN EL DRACO|move: Stealth Rock\n|\n|upkeep\n|turn|16\n|\n|switch|p1a: umby wumby|Umbreon, M|94\/100\n|-damage|p1a: umby wumby|82\/100|[from] Stealth Rock\n|move|p2a: Noivern|Defog|p1a: umby wumby\n|-unboost|p1a: umby wumby|evasion|1\n|-sideend|p1: pokemonisfun|Stealth Rock|[from] move: Defog|[of] p2a: Noivern\n|-sideend|p2: GORAN EL DRACO|Stealth Rock|[from] move: Defog|[of] p2a: Noivern\n|\n|-heal|p1a: umby wumby|88\/100|[from] item: Leftovers\n|upkeep\n|turn|17\n|\n|move|p1a: umby wumby|Protect|p1a: umby wumby\n|-singleturn|p1a: umby wumby|Protect\n|move|p2a: Noivern|U-turn|p1a: umby wumby\n|-activate|p1a: umby wumby|move: Protect\n|\n|-heal|p1a: umby wumby|94\/100|[from] item: Leftovers\n|upkeep\n|turn|18\n|\n|move|p2a: Noivern|U-turn|p1a: umby wumby\n|-supereffective|p1a: umby wumby\n|-damage|p1a: umby wumby|77\/100\n|\n|switch|p2a: Sirfetch'd|Sirfetch'd, F|100\/100|[from]move: U-turn\n|move|p1a: umby wumby|Wish|p1a: umby wumby\n|\n|-heal|p1a: umby wumby|83\/100|[from] item: Leftovers\n|upkeep\n|turn|19\n|\n|switch|p1a: funion onion|Celebi|56\/100\n|move|p2a: Sirfetch'd|Close Combat|p1a: funion onion\n|-resisted|p1a: funion onion\n|-damage|p1a: funion onion|23\/100\n|-unboost|p2a: Sirfetch'd|def|1\n|-unboost|p2a: Sirfetch'd|spd|1\n|\n|-heal|p1a: funion onion|72\/100|[from] move: Wish|[wisher] umby wumby\n|upkeep\n|turn|20\n|\n|switch|p2a: Noivern|Noivern, F|74\/100\n|move|p1a: funion onion|Stealth Rock|p2a: Noivern\n|-sidestart|p2: GORAN EL DRACO|move: Stealth Rock\n|\n|upkeep\n|turn|21\n|\n|switch|p1a: umby wumby|Umbreon, M|83\/100\n|move|p2a: Noivern|Defog|p1a: umby wumby\n|-unboost|p1a: umby wumby|evasion|1\n|-sideend|p2: GORAN EL DRACO|Stealth Rock|[from] move: Defog|[of] p2a: Noivern\n|\n|-heal|p1a: umby wumby|89\/100|[from] item: Leftovers\n|upkeep\n|turn|22\n|\n|move|p2a: Noivern|U-turn|p1a: umby wumby\n|-supereffective|p1a: umby wumby\n|-damage|p1a: umby wumby|70\/100\n|\n|switch|p2a: Sirfetch'd|Sirfetch'd, F|100\/100|[from]move: U-turn\n|move|p1a: umby wumby|Foul Play|p2a: Sirfetch'd\n|-resisted|p2a: Sirfetch'd\n|-damage|p2a: Sirfetch'd|65\/100\n|\n|-heal|p1a: umby wumby|76\/100|[from] item: Leftovers\n|upkeep\n|turn|23\n|\n|move|p1a: umby wumby|Protect|p1a: umby wumby\n|-singleturn|p1a: umby wumby|Protect\n|move|p2a: Sirfetch'd|Close Combat|p1a: umby wumby\n|-activate|p1a: umby wumby|move: Protect\n|\n|-heal|p1a: umby wumby|82\/100|[from] item: Leftovers\n|upkeep\n|turn|24\n|\n|switch|p2a: Darmanitan|Darmanitan, M|36\/100\n|switch|p1a: funion onion|Celebi|72\/100\n|\n|upkeep\n|turn|25\n|\n|switch|p1a: muddy buddy|Quagsire, M|100\/100\n|move|p2a: Darmanitan|U-turn|p1a: muddy buddy\n|-damage|p1a: muddy buddy|81\/100\n|\n|switch|p2a: Sirfetch'd|Sirfetch'd, F|65\/100|[from]move: U-turn\n|\n|-heal|p1a: muddy buddy|88\/100|[from] item: Leftovers\n|upkeep\n|turn|26\n|\n|move|p2a: Sirfetch'd|Brave Bird|p1a: muddy buddy\n|-damage|p1a: muddy buddy|41\/100\n|-damage|p2a: Sirfetch'd|45\/100|[from] Recoil\n|move|p1a: muddy buddy|Recover|p1a: muddy buddy\n|-heal|p1a: muddy buddy|91\/100\n|\n|-heal|p1a: muddy buddy|97\/100|[from] item: Leftovers\n|upkeep\n|turn|27\n|\n|switch|p2a: Torkoal|Torkoal, M|100\/100\n|-weather|SunnyDay|[from] ability: Drought|[of] p2a: Torkoal\n|move|p1a: muddy buddy|Scald|p2a: Torkoal\n|-supereffective|p2a: Torkoal\n|-damage|p2a: Torkoal|80\/100\n|\n|-weather|SunnyDay|[upkeep]\n|-heal|p1a: muddy buddy|100\/100|[from] item: Leftovers\n|upkeep\n|turn|28\n|\n|switch|p1a: woofy woof|Arcanine, F|27\/100\n|-ability|p1a: woofy woof|Intimidate|boost\n|-unboost|p2a: Torkoal|atk|1\n|switch|p2a: Venusaur|Venusaur, F|100\/100\n|\n|-weather|SunnyDay|[upkeep]\n|upkeep\n|turn|29\n|\n|switch|p1a: jelly belly|Reuniclus, F|100\/100\n|move|p2a: Venusaur|Sludge Bomb|p1a: jelly belly\n|-damage|p1a: jelly belly|77\/100\n|-status|p1a: jelly belly|psn\n|-damage|p2a: Venusaur|91\/100|[from] item: Life Orb\n|\n|-weather|SunnyDay|[upkeep]\n|-damage|p1a: jelly belly|64\/100 psn|[from] psn\n|upkeep\n|turn|30\n|\n|switch|p2a: Noivern|Noivern, F|74\/100\n|move|p1a: jelly belly|Psychic|p2a: Noivern\n|-damage|p2a: Noivern|37\/100\n|\n|-weather|SunnyDay|[upkeep]\n|-damage|p1a: jelly belly|52\/100 psn|[from] psn\n|upkeep\n|turn|31\n|j| kevin porter\n|\n|switch|p1a: umby wumby|Umbreon, M|82\/100\n|move|p2a: Noivern|Roost|p2a: Noivern\n|-heal|p2a: Noivern|87\/100\n|-singleturn|p2a: Noivern|move: Roost\n|\n|-weather|SunnyDay|[upkeep]\n|-heal|p1a: umby wumby|88\/100|[from] item: Leftovers\n|upkeep\n|turn|32\n|\n|move|p2a: Noivern|U-turn|p1a: umby wumby\n|-supereffective|p1a: umby wumby\n|-damage|p1a: umby wumby|71\/100\n|\n|switch|p2a: Haxorus|Haxorus, M|100\/100|[from]move: U-turn\n|-ability|p2a: Haxorus|Mold Breaker\n|move|p1a: umby wumby|Heal Bell|p1a: umby wumby\n|-activate|p1a: umby wumby|move: Heal Bell\n|-curestatus|p1: jelly belly|psn|[msg]\n|\n|-weather|SunnyDay|[upkeep]\n|-heal|p1a: umby wumby|77\/100|[from] item: Leftovers\n|upkeep\n|turn|33\n|\n|move|p2a: Haxorus|Dragon Claw|p1a: umby wumby\n|-damage|p1a: umby wumby|38\/100\n|move|p1a: umby wumby|Foul Play|p2a: Haxorus\n|-damage|p2a: Haxorus|27\/100\n|\n|-weather|SunnyDay|[upkeep]\n|-heal|p1a: umby wumby|44\/100|[from] item: Leftovers\n|upkeep\n|turn|34\n|\n|move|p2a: Haxorus|Dragon Claw|p1a: umby wumby\n|-damage|p1a: umby wumby|0 fnt\n|faint|p1a: umby wumby\n|\n|-weather|none\n|upkeep\n|\n|switch|p1a: funion onion|Celebi|72\/100\n|turn|35\n|\n|switch|p2a: Noivern|Noivern, F|87\/100\n|move|p1a: funion onion|Recover|p1a: funion onion\n|-heal|p1a: funion onion|100\/100\n|\n|upkeep\n|turn|36\n|\n|switch|p1a: jelly belly|Reuniclus, F|85\/100\n|move|p2a: Noivern|U-turn|p1a: jelly belly\n|-supereffective|p1a: jelly belly\n|-damage|p1a: jelly belly|64\/100\n|\n|switch|p2a: Darmanitan|Darmanitan, M|36\/100|[from]move: U-turn\n|\n|upkeep\n|turn|37\n|\n|switch|p1a: muddy buddy|Quagsire, M|100\/100\n|move|p2a: Darmanitan|U-turn|p1a: muddy buddy\n|-damage|p1a: muddy buddy|82\/100\n|j| salsa van\n|\n|switch|p2a: Torkoal|Torkoal, M|80\/100|[from]move: U-turn\n|-weather|SunnyDay|[from] ability: Drought|[of] p2a: Torkoal\n|\n|-weather|SunnyDay|[upkeep]\n|-heal|p1a: muddy buddy|88\/100|[from] item: Leftovers\n|upkeep\n|turn|38\n|\n|switch|p1a: woofy woof|Arcanine, F|27\/100\n|-ability|p1a: woofy woof|Intimidate|boost\n|-unboost|p2a: Torkoal|atk|1\n|move|p2a: Torkoal|Yawn|p1a: woofy woof\n|-start|p1a: woofy woof|move: Yawn|[of] p2a: Torkoal\n|\n|-weather|SunnyDay|[upkeep]\n|upkeep\n|turn|39\n|\n|move|p1a: woofy woof|Morning Sun|p1a: woofy woof\n|-heal|p1a: woofy woof|94\/100\n|move|p2a: Torkoal|Stealth Rock|p1a: woofy woof\n|-sidestart|p1: pokemonisfun|move: Stealth Rock\n|\n|-weather|SunnyDay|[upkeep]\n|-end|p1a: woofy woof|move: Yawn|[silent]\n|-status|p1a: woofy woof|slp\n|upkeep\n|turn|40\n|\n|switch|p2a: Venusaur|Venusaur, F|91\/100\n|cant|p1a: woofy woof|slp\n|\n|-weather|SunnyDay|[upkeep]\n|upkeep\n|turn|41\n|\n|switch|p1a: jelly belly|Reuniclus, F|97\/100\n|-damage|p1a: jelly belly|85\/100|[from] Stealth Rock\n|move|p2a: Venusaur|Sludge Bomb|p1a: jelly belly\n|-crit|p1a: jelly belly\n|-damage|p1a: jelly belly|46\/100\n|-damage|p2a: Venusaur|81\/100|[from] item: Life Orb\n|\n|-weather|SunnyDay|[upkeep]\n|upkeep\n|turn|42\n|\n|switch|p2a: Noivern|Noivern, F|87\/100\n|move|p1a: jelly belly|Psychic|p2a: Noivern\n|-damage|p2a: Noivern|54\/100\n|-unboost|p2a: Noivern|spd|1\n|\n|-weather|SunnyDay|[upkeep]\n|upkeep\n|turn|43\n|\n|move|p2a: Noivern|U-turn|p1a: jelly belly\n|-supereffective|p1a: jelly belly\n|-damage|p1a: jelly belly|23\/100\n|\n|switch|p2a: Haxorus|Haxorus, M|27\/100|[from]move: U-turn\n|-ability|p2a: Haxorus|Mold Breaker\n|move|p1a: jelly belly|Psychic|p2a: Haxorus\n|-damage|p2a: Haxorus|0 fnt\n|faint|p2a: Haxorus\n|\n|-weather|SunnyDay|[upkeep]\n|upkeep\n|\n|switch|p2a: Sirfetch'd|Sirfetch'd, F|45\/100\n|turn|44\n|\n|switch|p1a: funion onion|Celebi|100\/100\n|-damage|p1a: funion onion|88\/100|[from] Stealth Rock\n|move|p2a: Sirfetch'd|Close Combat|p1a: funion onion\n|-resisted|p1a: funion onion\n|-crit|p1a: funion onion\n|-damage|p1a: funion onion|35\/100\n|-unboost|p2a: Sirfetch'd|def|1\n|-unboost|p2a: Sirfetch'd|spd|1\n|\n|-weather|none\n|upkeep\n|turn|45\n|\n|switch|p2a: Noivern|Noivern, F|54\/100\n|move|p1a: funion onion|Recover|p1a: funion onion\n|-heal|p1a: funion onion|85\/100\n|\n|upkeep\n|turn|46\n|\n|move|p2a: Noivern|U-turn|p1a: funion onion\n|-supereffective|p1a: funion onion\n|-damage|p1a: funion onion|59\/100\n|\n|switch|p2a: Torkoal|Torkoal, M|80\/100|[from]move: U-turn\n|-weather|SunnyDay|[from] ability: Drought|[of] p2a: Torkoal\n|move|p1a: funion onion|Recover|p1a: funion onion\n|-heal|p1a: funion onion|100\/100\n|\n|-weather|SunnyDay|[upkeep]\n|upkeep\n|turn|47\n|\n|switch|p1a: batzy watzy|Noivern, F|45\/100\n|-item|p2a: Torkoal|Heat Rock|[from] ability: Frisk|[of] p1a: batzy watzy|[identify]\n|switch|p2a: Darmanitan|Darmanitan, M|36\/100\n|\n|-weather|SunnyDay|[upkeep]\n|upkeep\n|turn|48\n|\n|switch|p1a: muddy buddy|Quagsire, M|88\/100\n|-damage|p1a: muddy buddy|82\/100|[from] Stealth Rock\n|move|p2a: Darmanitan|U-turn|p1a: muddy buddy\n|-damage|p1a: muddy buddy|61\/100\n|\n|switch|p2a: Venusaur|Venusaur, F|81\/100|[from]move: U-turn\n|\n|-weather|SunnyDay|[upkeep]\n|-heal|p1a: muddy buddy|67\/100|[from] item: Leftovers\n|upkeep\n|turn|49\n|\n|move|p2a: Venusaur|Growth|p2a: Venusaur\n|-boost|p2a: Venusaur|atk|2\n|-boost|p2a: Venusaur|spa|2\n|move|p1a: muddy buddy|Haze|p1a: muddy buddy\n|-clearallboost\n|\n|-weather|SunnyDay|[upkeep]\n|-heal|p1a: muddy buddy|73\/100|[from] item: Leftovers\n|upkeep\n|turn|50\n|\n|move|p2a: Venusaur|Growth|p2a: Venusaur\n|-boost|p2a: Venusaur|atk|2\n|-boost|p2a: Venusaur|spa|2\n|move|p1a: muddy buddy|Haze|p1a: muddy buddy\n|-clearallboost\n|\n|-weather|SunnyDay|[upkeep]\n|-heal|p1a: muddy buddy|79\/100|[from] item: Leftovers\n|upkeep\n|turn|51\n|\n|move|p2a: Venusaur|Growth|p2a: Venusaur\n|-boost|p2a: Venusaur|atk|2\n|-boost|p2a: Venusaur|spa|2\n|move|p1a: muddy buddy|Haze|p1a: muddy buddy\n|-clearallboost\n|\n|-weather|SunnyDay|[upkeep]\n|-heal|p1a: muddy buddy|85\/100|[from] item: Leftovers\n|upkeep\n|turn|52\n|\n|switch|p1a: batzy watzy|Noivern, F|45\/100\n|-item|p2a: Venusaur|Life Orb|[from] ability: Frisk|[of] p1a: batzy watzy|[identify]\n|move|p2a: Venusaur|Growth|p2a: Venusaur\n|-boost|p2a: Venusaur|atk|2\n|-boost|p2a: Venusaur|spa|2\n|\n|-weather|SunnyDay|[upkeep]\n|upkeep\n|turn|53\n|\n|switch|p1a: muddy buddy|Quagsire, M|85\/100\n|-damage|p1a: muddy buddy|79\/100|[from] Stealth Rock\n|move|p2a: Venusaur|Weather Ball|p1a: muddy buddy\n|-resisted|p1a: muddy buddy\n|-damage|p1a: muddy buddy|42\/100\n|-damage|p2a: Venusaur|71\/100|[from] item: Life Orb\n|\n|-weather|none\n|-heal|p1a: muddy buddy|48\/100|[from] item: Leftovers\n|upkeep\n|turn|54\n|\n|switch|p1a: batzy watzy|Noivern, F|45\/100\n|-item|p2a: Venusaur|Life Orb|[from] ability: Frisk|[of] p1a: batzy watzy|[identify]\n|move|p2a: Venusaur|Giga Drain|p1a: batzy watzy\n|-resisted|p1a: batzy watzy\n|-damage|p1a: batzy watzy|20\/100\n|-heal|p2a: Venusaur|86\/100|[from] drain|[of] p1a: batzy watzy\n|-damage|p2a: Venusaur|76\/100|[from] item: Life Orb\n|\n|upkeep\n|turn|55\n|\n|switch|p2a: Noivern|Noivern, F|54\/100\n|move|p1a: batzy watzy|Air Slash|p2a: Noivern\n|-damage|p2a: Noivern|27\/100\n|\n|upkeep\n|turn|56\n|\n|switch|p1a: jelly belly|Reuniclus, F|57\/100\n|-damage|p1a: jelly belly|44\/100|[from] Stealth Rock\n|move|p2a: Noivern|Draco Meteor|p1a: jelly belly\n|-damage|p1a: jelly belly|25\/100\n|-unboost|p2a: Noivern|spa|2\n|\n|upkeep\n|turn|57\n|\n|switch|p1a: funion onion|Celebi|100\/100\n|-damage|p1a: funion onion|88\/100|[from] Stealth Rock\n|move|p2a: Noivern|U-turn|p1a: funion onion\n|-supereffective|p1a: funion onion\n|-damage|p1a: funion onion|61\/100\n|\n|switch|p2a: Darmanitan|Darmanitan, M|36\/100|[from]move: U-turn\n|\n|upkeep\n|turn|58\n|\n|switch|p1a: woofy woof|Arcanine, F|94\/100 slp\n|-ability|p1a: woofy woof|Intimidate|boost\n|-unboost|p2a: Darmanitan|atk|1\n|move|p2a: Darmanitan|U-turn|p1a: woofy woof\n|-resisted|p1a: woofy woof\n|-damage|p1a: woofy woof|87\/100 slp\n|\n|switch|p2a: Sirfetch'd|Sirfetch'd, F|45\/100|[from]move: U-turn\n|\n|upkeep\n|turn|59\n|\n|switch|p1a: funion onion|Celebi|61\/100\n|-damage|p1a: funion onion|49\/100|[from] Stealth Rock\n|move|p2a: Sirfetch'd|Close Combat|p1a: funion onion\n|-resisted|p1a: funion onion\n|-crit|p1a: funion onion\n|-damage|p1a: funion onion|4\/100\n|-unboost|p2a: Sirfetch'd|def|1\n|-unboost|p2a: Sirfetch'd|spd|1\n|\n|upkeep\n|turn|60\n|\n|switch|p2a: Torkoal|Torkoal, M|80\/100\n|-weather|SunnyDay|[from] ability: Drought|[of] p2a: Torkoal\n|move|p1a: funion onion|Recover|p1a: funion onion\n|-heal|p1a: funion onion|54\/100\n|\n|-weather|SunnyDay|[upkeep]\n|upkeep\n|turn|61\n|\n|switch|p1a: jelly belly|Reuniclus, F|58\/100\n|-damage|p1a: jelly belly|46\/100|[from] Stealth Rock\n|switch|p2a: Darmanitan|Darmanitan, M|36\/100\n|\n|-weather|SunnyDay|[upkeep]\n|upkeep\n|turn|62\n|\n|switch|p1a: woofy woof|Arcanine, F|87\/100 slp\n|-ability|p1a: woofy woof|Intimidate|boost\n|-unboost|p2a: Darmanitan|atk|1\n|move|p2a: Darmanitan|U-turn|p1a: woofy woof\n|-resisted|p1a: woofy woof\n|-damage|p1a: woofy woof|80\/100 slp\n|l| kevin porter\n|\n|switch|p2a: Sirfetch'd|Sirfetch'd, F|45\/100|[from]move: U-turn\n|\n|-weather|SunnyDay|[upkeep]\n|upkeep\n|turn|63\n|\n|-curestatus|p1a: woofy woof|slp|[msg]\n|move|p1a: woofy woof|Flamethrower|p2a: Sirfetch'd\n|-damage|p2a: Sirfetch'd|0 fnt\n|faint|p2a: Sirfetch'd\n|\n|-weather|SunnyDay|[upkeep]\n|upkeep\n|j| kevin porter\n|\n|switch|p2a: Darmanitan|Darmanitan, M|36\/100\n|turn|64\n|\n|move|p2a: Darmanitan|U-turn|p1a: woofy woof\n|-resisted|p1a: woofy woof\n|-damage|p1a: woofy woof|69\/100\n|\n|switch|p2a: Noivern|Noivern, F|27\/100|[from]move: U-turn\n|move|p1a: woofy woof|Flamethrower|p2a: Noivern\n|-resisted|p2a: Noivern\n|-damage|p2a: Noivern|5\/100\n|\n|-weather|SunnyDay|[upkeep]\n|upkeep\n|turn|65\n|\n|move|p2a: Noivern|U-turn|p1a: woofy woof\n|-resisted|p1a: woofy woof\n|-damage|p1a: woofy woof|65\/100\n|\n|switch|p2a: Torkoal|Torkoal, M|80\/100|[from]move: U-turn\n|move|p1a: woofy woof|Toxic|p2a: Torkoal\n|-status|p2a: Torkoal|tox\n|\n|-weather|SunnyDay|[upkeep]\n|-damage|p2a: Torkoal|73\/100 tox|[from] psn\n|upkeep\n|turn|66\n|\n|switch|p2a: Darmanitan|Darmanitan, M|36\/100\n|move|p1a: woofy woof|Morning Sun|p1a: woofy woof\n|-heal|p1a: woofy woof|100\/100\n|\n|-weather|SunnyDay|[upkeep]\n|upkeep\n|turn|67\n|\n|move|p2a: Darmanitan|Earthquake|p1a: woofy woof\n|-supereffective|p1a: woofy woof\n|-damage|p1a: woofy woof|40\/100\n|move|p1a: woofy woof|Flamethrower|p2a: Darmanitan\n|-resisted|p2a: Darmanitan\n|-crit|p2a: Darmanitan\n|-damage|p2a: Darmanitan|0 fnt\n|faint|p2a: Darmanitan\n|\n|-weather|none\n|upkeep\n|\n|switch|p2a: Noivern|Noivern, F|5\/100\n|turn|68\n|\n|switch|p1a: jelly belly|Reuniclus, F|79\/100\n|-damage|p1a: jelly belly|67\/100|[from] Stealth Rock\n|move|p2a: Noivern|U-turn|p1a: jelly belly\n|-supereffective|p1a: jelly belly\n|-damage|p1a: jelly belly|45\/100\n|\n|switch|p2a: Torkoal|Torkoal, M|73\/100 tox|[from]move: U-turn\n|-weather|SunnyDay|[from] ability: Drought|[of] p2a: Torkoal\n|\n|-weather|SunnyDay|[upkeep]\n|-damage|p2a: Torkoal|67\/100 tox|[from] psn\n|upkeep\n|turn|69\n|\n|switch|p1a: woofy woof|Arcanine, F|40\/100\n|-ability|p1a: woofy woof|Intimidate|boost\n|-unboost|p2a: Torkoal|atk|1\n|move|p2a: Torkoal|Yawn|p1a: woofy woof\n|-start|p1a: woofy woof|move: Yawn|[of] p2a: Torkoal\n|\n|-weather|SunnyDay|[upkeep]\n|-damage|p2a: Torkoal|55\/100 tox|[from] psn\n|upkeep\n|turn|70\n|\n|switch|p1a: batzy watzy|Noivern, F|20\/100\n|-item|p2a: Torkoal|Heat Rock|[from] ability: Frisk|[of] p1a: batzy watzy|[identify]\n|switch|p2a: Venusaur|Venusaur, F|76\/100\n|\n|-weather|SunnyDay|[upkeep]\n|upkeep\n|turn|71\n|\n|move|p2a: Venusaur|Growth|p2a: Venusaur\n|-boost|p2a: Venusaur|atk|2\n|-boost|p2a: Venusaur|spa|2\n|move|p1a: batzy watzy|Flamethrower|p2a: Venusaur\n|-supereffective|p2a: Venusaur\n|-damage|p2a: Venusaur|3\/100\n|\n|-weather|SunnyDay|[upkeep]\n|upkeep\n|turn|72\n|\n|move|p2a: Venusaur|Giga Drain|p1a: batzy watzy\n|-resisted|p1a: batzy watzy\n|-damage|p1a: batzy watzy|0 fnt\n|-heal|p2a: Venusaur|16\/100|[from] drain|[of] p1a: batzy watzy\n|-damage|p2a: Venusaur|6\/100|[from] item: Life Orb\n|faint|p1a: batzy watzy\n|\n|-weather|SunnyDay|[upkeep]\n|upkeep\n|\n|switch|p1a: jelly belly|Reuniclus, F|78\/100\n|-damage|p1a: jelly belly|66\/100|[from] Stealth Rock\n|turn|73\n|\n|move|p2a: Venusaur|Giga Drain|p1a: jelly belly\n|-damage|p1a: jelly belly|25\/100\n|-heal|p2a: Venusaur|35\/100|[from] drain|[of] p1a: jelly belly\n|-damage|p2a: Venusaur|25\/100|[from] item: Life Orb\n|move|p1a: jelly belly|Psychic|p2a: Venusaur\n|-supereffective|p2a: Venusaur\n|-damage|p2a: Venusaur|0 fnt\n|faint|p2a: Venusaur\n|\n|-weather|SunnyDay|[upkeep]\n|upkeep\n|\n|switch|p2a: Noivern|Noivern, F|5\/100\n|turn|74\n|c|\u2606GORAN EL DRACO|zzzzzzzzzzzzz\n|n|!GORAN EL DRACO|goraneldraco\n|-message|GORAN EL DRACO forfeited.\n|\n|win|pokemonisfun\n|l|!GORAN EL DRACO\n|raw|pokemonisfun's rating: 1824 &rarr; <strong>1831<\/strong><br \/>(+7 for winning)\n|raw|GORAN EL DRACO's rating: 1533 &rarr; <strong>1527<\/strong><br \/>(-6 for losing)\n","uploadtime":1587873242,"views":226,"p1id":"pokemonisfun","p2id":"goraneldraco","formatid":"gen8uu","rating":1527,"private":0,"password":null}