{"id":"gen8ou-1569438493","p1":"andrewm0n","p2":"imchokingrn","format":"gen8ou","log":"|j|\u2606andrewm0n\n|j|\u2606imchokingrn\n|t:|1651892660\n|gametype|singles\n|player|p1|andrewm0n|swimmerf|1652\n|player|p2|imchokingrn|backpacker|1729\n|teamsize|p1|6\n|teamsize|p2|6\n|gen|8\n|tier|[Gen 8] OU\n|rated|\n|rule|Sleep Clause Mod: Limit one foe put to sleep\n|rule|Species Clause: Limit one of each Pok\u00e9mon\n|rule|OHKO Clause: OHKO moves are banned\n|rule|Evasion Moves Clause: Evasion moves are banned\n|rule|Endless Battle Clause: Forcing endless battles is banned\n|rule|HP Percentage Mod: HP is shown in percentages\n|rule|Dynamax Clause: You cannot dynamax\n|clearpoke\n|poke|p1|Blaziken, M|\n|poke|p1|Clefable, F|\n|poke|p1|Slowbro-Galar, M|\n|poke|p1|Corviknight, M|\n|poke|p1|Seismitoad, M|\n|poke|p1|Persian-Alola, F|\n|poke|p2|Tornadus-Therian, M|\n|poke|p2|Slowbro, F|\n|poke|p2|Excadrill, M|\n|poke|p2|Ferrothorn, F|\n|poke|p2|Tyranitar, M|\n|poke|p2|Nidoking, M|\n|teampreview\n|j| GGeorgie\n|inactive|Battle timer is ON: inactive players will automatically lose when time's up. (requested by andrewm0n)\n|inactive|imchokingrn has 120 seconds left.\n|\n|t:|1651892762\n|start\n|switch|p1a: Persian|Persian-Alola, F|100\/100\n|switch|p2a: Tornadus|Tornadus-Therian, M|100\/100\n|turn|1\n|\n|t:|1651892772\n|move|p1a: Persian|Parting Shot|p2a: Tornadus\n|-unboost|p2a: Tornadus|atk|1\n|-unboost|p2a: Tornadus|spa|1\n|\n|t:|1651892774\n|switch|p1a: Corviknight|Corviknight, M|100\/100|[from]move: Parting Shot\n|-ability|p1a: Corviknight|Pressure\n|move|p2a: Tornadus|Knock Off|p1a: Corviknight\n|-damage|p1a: Corviknight|90\/100\n|-damage|p2a: Tornadus|84\/100|[from] item: Rocky Helmet|[of] p1a: Corviknight\n|-enditem|p1a: Corviknight|Rocky Helmet|[from] move: Knock Off|[of] p2a: Tornadus\n|\n|upkeep\n|turn|2\n|\n|t:|1651892785\n|move|p2a: Tornadus|U-turn|p1a: Corviknight\n|-resisted|p1a: Corviknight\n|-damage|p1a: Corviknight|88\/100\n|\n|t:|1651892787\n|switch|p2a: Slowbro|Slowbro, F|100\/100|[from]move: U-turn\n|move|p1a: Corviknight|U-turn|p2a: Slowbro\n|-supereffective|p2a: Slowbro\n|-damage|p2a: Slowbro|83\/100\n|-damage|p1a: Corviknight|72\/100|[from] item: Rocky Helmet|[of] p2a: Slowbro\n|\n|t:|1651892811\n|switch|p1a: Seismitoad|Seismitoad, M|100\/100|[from]move: U-turn\n|\n|upkeep\n|turn|3\n|\n|t:|1651892817\n|switch|p2a: Tornadus|Tornadus-Therian, M|100\/100\n|move|p1a: Seismitoad|Stealth Rock|p2a: Tornadus\n|-sidestart|p2: imchokingrn|move: Stealth Rock\n|\n|upkeep\n|turn|4\n|\n|t:|1651892826\n|move|p2a: Tornadus|U-turn|p1a: Seismitoad\n|-damage|p1a: Seismitoad|89\/100\n|\n|t:|1651892829\n|switch|p2a: Ferrothorn|Ferrothorn, F|100\/100|[from]move: U-turn\n|-damage|p2a: Ferrothorn|95\/100|[from] Stealth Rock\n|move|p1a: Seismitoad|Knock Off|p2a: Ferrothorn\n|-damage|p2a: Ferrothorn|83\/100\n|-damage|p1a: Seismitoad|77\/100|[from] ability: Iron Barbs|[of] p2a: Ferrothorn\n|-enditem|p2a: Ferrothorn|Leftovers|[from] move: Knock Off|[of] p1a: Seismitoad\n|\n|-heal|p1a: Seismitoad|83\/100|[from] item: Leftovers\n|upkeep\n|turn|5\n|\n|t:|1651892840\n|switch|p1a: Blaziken|Blaziken, M|100\/100\n|move|p2a: Ferrothorn|Knock Off|p1a: Blaziken\n|-resisted|p1a: Blaziken\n|-damage|p1a: Blaziken|86\/100\n|-enditem|p1a: Blaziken|Leftovers|[from] move: Knock Off|[of] p2a: Ferrothorn\n|\n|upkeep\n|turn|6\n|\n|t:|1651892851\n|switch|p1a: Seismitoad|Seismitoad, M|83\/100\n|switch|p2a: Slowbro|Slowbro, F|100\/100\n|-damage|p2a: Slowbro|88\/100|[from] Stealth Rock\n|\n|-heal|p1a: Seismitoad|89\/100|[from] item: Leftovers\n|upkeep\n|turn|7\n|\n|t:|1651892856\n|switch|p2a: Ferrothorn|Ferrothorn, F|83\/100\n|-damage|p2a: Ferrothorn|77\/100|[from] Stealth Rock\n|move|p1a: Seismitoad|Earth Power|p2a: Ferrothorn\n|-damage|p2a: Ferrothorn|53\/100\n|\n|-heal|p1a: Seismitoad|95\/100|[from] item: Leftovers\n|upkeep\n|turn|8\n|\n|t:|1651892864\n|move|p1a: Seismitoad|Earth Power|p2a: Ferrothorn\n|-damage|p2a: Ferrothorn|31\/100\n|move|p2a: Ferrothorn|Leech Seed|p1a: Seismitoad\n|-start|p1a: Seismitoad|move: Leech Seed\n|\n|-heal|p1a: Seismitoad|100\/100|[from] item: Leftovers\n|-damage|p1a: Seismitoad|88\/100|[from] Leech Seed|[of] p2a: Ferrothorn\n|-heal|p2a: Ferrothorn|46\/100|[silent]\n|upkeep\n|turn|9\n|\n|t:|1651892870\n|switch|p1a: Blaziken|Blaziken, M|86\/100\n|move|p2a: Ferrothorn|Knock Off|p1a: Blaziken\n|-resisted|p1a: Blaziken\n|-damage|p1a: Blaziken|74\/100\n|\n|upkeep\n|turn|10\n|\n|t:|1651892879\n|switch|p1a: Seismitoad|Seismitoad, M|88\/100\n|switch|p2a: Slowbro|Slowbro, F|100\/100\n|-damage|p2a: Slowbro|88\/100|[from] Stealth Rock\n|\n|-heal|p1a: Seismitoad|94\/100|[from] item: Leftovers\n|upkeep\n|turn|11\n|\n|t:|1651892884\n|move|p1a: Seismitoad|Earth Power|p2a: Slowbro\n|-damage|p2a: Slowbro|63\/100\n|move|p2a: Slowbro|Future Sight|p1a: Seismitoad\n|-start|p2a: Slowbro|move: Future Sight\n|\n|-heal|p1a: Seismitoad|99\/100|[from] item: Leftovers\n|upkeep\n|turn|12\n|\n|t:|1651892887\n|move|p1a: Seismitoad|Knock Off|p2a: Slowbro\n|-supereffective|p2a: Slowbro\n|-damage|p2a: Slowbro|36\/100\n|-damage|p1a: Seismitoad|84\/100|[from] item: Rocky Helmet|[of] p2a: Slowbro\n|-enditem|p2a: Slowbro|Rocky Helmet|[from] move: Knock Off|[of] p1a: Seismitoad\n|move|p2a: Slowbro|Teleport|p2a: Slowbro\n|\n|t:|1651892897\n|switch|p2a: Ferrothorn|Ferrothorn, F|46\/100|[from]move: Teleport\n|-damage|p2a: Ferrothorn|40\/100|[from] Stealth Rock\n|\n|-heal|p1a: Seismitoad|90\/100|[from] item: Leftovers\n|upkeep\n|turn|13\n|\n|t:|1651892914\n|move|p1a: Seismitoad|Earth Power|p2a: Ferrothorn\n|-damage|p2a: Ferrothorn|16\/100\n|move|p2a: Ferrothorn|Leech Seed|p1a: Seismitoad\n|-start|p1a: Seismitoad|move: Leech Seed\n|\n|-end|p1a: Seismitoad|move: Future Sight\n|-damage|p1a: Seismitoad|52\/100\n|-heal|p1a: Seismitoad|58\/100|[from] item: Leftovers\n|-damage|p1a: Seismitoad|46\/100|[from] Leech Seed|[of] p2a: Ferrothorn\n|-heal|p2a: Ferrothorn|31\/100|[silent]\n|upkeep\n|turn|14\n|\n|t:|1651892927\n|switch|p1a: Blaziken|Blaziken, M|74\/100\n|move|p2a: Ferrothorn|Spikes|p1a: Blaziken\n|-sidestart|p1: andrewm0n|Spikes\n|\n|upkeep\n|turn|15\n|inactive|andrewm0n has 120 seconds left.\n|\n|t:|1651892957\n|move|p1a: Blaziken|Swords Dance|p1a: Blaziken\n|-boost|p1a: Blaziken|atk|2\n|move|p2a: Ferrothorn|Body Press|p1a: Blaziken\n|-damage|p1a: Blaziken|28\/100\n|\n|-ability|p1a: Blaziken|Speed Boost|boost\n|-boost|p1a: Blaziken|spe|1\n|upkeep\n|turn|16\n|j| amln\n|\n|t:|1651892971\n|move|p1a: Blaziken|Close Combat|p2a: Ferrothorn\n|-supereffective|p2a: Ferrothorn\n|-damage|p2a: Ferrothorn|0 fnt\n|-unboost|p1a: Blaziken|def|1\n|-unboost|p1a: Blaziken|spd|1\n|-damage|p1a: Blaziken|16\/100|[from] ability: Iron Barbs|[of] p2a: Ferrothorn\n|faint|p2a: Ferrothorn\n|\n|-ability|p1a: Blaziken|Speed Boost|boost\n|-boost|p1a: Blaziken|spe|1\n|upkeep\n|j| CT4096\n|j| Dino doggie\n|inactive|imchokingrn has 120 seconds left.\n|inactive|imchokingrn has 90 seconds left.\n|\n|t:|1651893028\n|switch|p2a: Slowbro|Slowbro, F|70\/100\n|-damage|p2a: Slowbro|57\/100|[from] Stealth Rock\n|turn|17\n|inactive|imchokingrn has 90 seconds left.\n|\n|t:|1651893053\n|switch|p1a: Corviknight|Corviknight, M|72\/100\n|-ability|p1a: Corviknight|Pressure\n|switch|p2a: Tornadus|Tornadus-Therian, M|100\/100\n|\n|upkeep\n|turn|18\n|j| Sauromon\n|l| Dino doggie\n|inactive|andrewm0n has 120 seconds left.\n|\n|t:|1651893086\n|move|p2a: Tornadus|Heat Wave|p1a: Corviknight\n|-supereffective|p1a: Corviknight\n|-damage|p1a: Corviknight|32\/100\n|move|p1a: Corviknight|U-turn|p2a: Tornadus\n|-resisted|p2a: Tornadus\n|-damage|p2a: Tornadus|93\/100\n|\n|t:|1651893093\n|switch|p1a: Seismitoad|Seismitoad, M|46\/100|[from]move: U-turn\n|-damage|p1a: Seismitoad|33\/100|[from] Spikes\n|\n|-heal|p1a: Seismitoad|39\/100|[from] item: Leftovers\n|upkeep\n|turn|19\n|\n|t:|1651893112\n|move|p2a: Tornadus|U-turn|p1a: Seismitoad\n|-damage|p1a: Seismitoad|27\/100\n|\n|t:|1651893114\n|switch|p2a: Slowbro|Slowbro, F|90\/100|[from]move: U-turn\n|-damage|p2a: Slowbro|78\/100|[from] Stealth Rock\n|move|p1a: Seismitoad|Knock Off|p2a: Slowbro\n|-supereffective|p2a: Slowbro\n|-damage|p2a: Slowbro|59\/100\n|\n|-heal|p1a: Seismitoad|33\/100|[from] item: Leftovers\n|upkeep\n|turn|20\n|inactive|andrewm0n has 120 seconds left.\n|\n|t:|1651893137\n|move|p1a: Seismitoad|Toxic|p2a: Slowbro\n|-status|p2a: Slowbro|tox\n|move|p2a: Slowbro|Slack Off|p2a: Slowbro\n|-heal|p2a: Slowbro|100\/100 tox\n|\n|-heal|p1a: Seismitoad|39\/100|[from] item: Leftovers\n|-damage|p2a: Slowbro|94\/100 tox|[from] psn\n|upkeep\n|turn|21\n|\n|t:|1651893140\n|move|p1a: Seismitoad|Earth Power|p2a: Slowbro\n|-damage|p2a: Slowbro|69\/100 tox\n|move|p2a: Slowbro|Future Sight|p1a: Seismitoad\n|-start|p2a: Slowbro|move: Future Sight\n|\n|-heal|p1a: Seismitoad|45\/100|[from] item: Leftovers\n|-damage|p2a: Slowbro|56\/100 tox|[from] psn\n|upkeep\n|turn|22\n|\n|t:|1651893144\n|move|p1a: Seismitoad|Earth Power|p2a: Slowbro\n|-damage|p2a: Slowbro|30\/100 tox\n|move|p2a: Slowbro|Teleport|p2a: Slowbro\n|inactive|imchokingrn has 90 seconds left.\n|l| CT4096\n|\n|t:|1651893190\n|switch|p2a: Nidoking|Nidoking, M|100\/100|[from]move: Teleport\n|-damage|p2a: Nidoking|95\/100|[from] Stealth Rock\n|\n|-heal|p1a: Seismitoad|51\/100|[from] item: Leftovers\n|upkeep\n|turn|23\n|j| fearlessgod\n|l| fearlessgod\n|inactive|andrewm0n has 120 seconds left.\n|\n|t:|1651893224\n|switch|p1a: Corviknight|Corviknight, M|32\/100\n|-ability|p1a: Corviknight|Pressure\n|move|p2a: Nidoking|Earth Power|p1a: Corviknight\n|-immune|p1a: Corviknight\n|\n|-end|p1a: Corviknight|move: Future Sight\n|-resisted|p1a: Corviknight\n|-damage|p1a: Corviknight|16\/100\n|upkeep\n|turn|24\n|\n|t:|1651893230\n|move|p2a: Nidoking|Flamethrower|p1a: Corviknight\n|-supereffective|p1a: Corviknight\n|-damage|p1a: Corviknight|0 fnt\n|faint|p1a: Corviknight\n|\n|upkeep\n|\n|t:|1651893239\n|switch|p1a: Slowbro|Slowbro-Galar, M|100\/100\n|-damage|p1a: Slowbro|88\/100|[from] Spikes\n|turn|25\n|inactive|imchokingrn has 90 seconds left.\n|inactive|imchokingrn has 60 seconds left.\n|\n|t:|1651893282\n|switch|p2a: Tyranitar|Tyranitar, M|100\/100\n|-damage|p2a: Tyranitar|88\/100|[from] Stealth Rock\n|-weather|Sandstorm|[from] ability: Sand Stream|[of] p2a: Tyranitar\n|move|p1a: Slowbro|Earthquake|p2a: Tyranitar\n|-supereffective|p2a: Tyranitar\n|-damage|p2a: Tyranitar|48\/100\n|\n|-weather|Sandstorm|[upkeep]\n|-damage|p1a: Slowbro|82\/100|[from] Sandstorm\n|-heal|p2a: Tyranitar|54\/100|[from] item: Leftovers\n|upkeep\n|turn|26\n|\n|t:|1651893290\n|move|p2a: Tyranitar|Earthquake|p1a: Slowbro\n|-supereffective|p1a: Slowbro\n|-damage|p1a: Slowbro|33\/100\n|move|p1a: Slowbro|Earthquake|p2a: Tyranitar\n|-supereffective|p2a: Tyranitar\n|-damage|p2a: Tyranitar|12\/100\n|\n|-weather|Sandstorm|[upkeep]\n|-damage|p1a: Slowbro|27\/100|[from] Sandstorm\n|-heal|p2a: Tyranitar|18\/100|[from] item: Leftovers\n|upkeep\n|turn|27\n|\n|t:|1651893297\n|switch|p1a: Persian|Persian-Alola, F|100\/100\n|-damage|p1a: Persian|88\/100|[from] Spikes\n|move|p2a: Tyranitar|Earthquake|p1a: Persian\n|-damage|p1a: Persian|67\/100\n|\n|-weather|Sandstorm|[upkeep]\n|-damage|p1a: Persian|61\/100|[from] Sandstorm\n|-heal|p2a: Tyranitar|24\/100|[from] item: Leftovers\n|upkeep\n|turn|28\n|\n|t:|1651893300\n|move|p1a: Persian|Foul Play|p2a: Tyranitar\n|-resisted|p2a: Tyranitar\n|-damage|p2a: Tyranitar|8\/100\n|move|p2a: Tyranitar|Stealth Rock|p1a: Persian\n|-sidestart|p1: andrewm0n|move: Stealth Rock\n|\n|-weather|Sandstorm|[upkeep]\n|-damage|p1a: Persian|55\/100|[from] Sandstorm\n|-heal|p2a: Tyranitar|14\/100|[from] item: Leftovers\n|upkeep\n|turn|29\n|\n|t:|1651893305\n|switch|p2a: Tornadus|Tornadus-Therian, M|100\/100\n|move|p1a: Persian|Foul Play|p2a: Tornadus\n|-damage|p2a: Tornadus|70\/100\n|\n|-weather|none\n|upkeep\n|turn|30\n|inactive|imchokingrn has 90 seconds left.\n|\n|t:|1651893316\n|move|p1a: Persian|Foul Play|p2a: Tornadus\n|-damage|p2a: Tornadus|39\/100\n|move|p2a: Tornadus|Knock Off|p1a: Persian\n|-resisted|p1a: Persian\n|-crit|p1a: Persian\n|-damage|p1a: Persian|45\/100\n|-enditem|p1a: Persian|Choice Scarf|[from] move: Knock Off|[of] p2a: Tornadus\n|\n|upkeep\n|turn|31\n|\n|t:|1651893324\n|move|p1a: Persian|Switcheroo|p2a: Tornadus\n|-activate|p1a: Persian|move: Trick|[of] p2a: Tornadus\n|-enditem|p2a: Tornadus|Heavy-Duty Boots|[silent]|[from] move: Switcheroo\n|-item|p1a: Persian|Heavy-Duty Boots|[from] move: Switcheroo\n|move|p2a: Tornadus|U-turn|p1a: Persian\n|-supereffective|p1a: Persian\n|-damage|p1a: Persian|25\/100\n|inactive|imchokingrn has 90 seconds left.\n|\n|t:|1651893344\n|switch|p2a: Tyranitar|Tyranitar, M|14\/100|[from]move: U-turn\n|-damage|p2a: Tyranitar|2\/100|[from] Stealth Rock\n|-weather|Sandstorm|[from] ability: Sand Stream|[of] p2a: Tyranitar\n|\n|-weather|Sandstorm|[upkeep]\n|-damage|p1a: Persian|19\/100|[from] Sandstorm\n|-heal|p2a: Tyranitar|8\/100|[from] item: Leftovers\n|upkeep\n|turn|32\n|\n|t:|1651893347\n|move|p1a: Persian|Foul Play|p2a: Tyranitar\n|-resisted|p2a: Tyranitar\n|-damage|p2a: Tyranitar|0 fnt\n|faint|p2a: Tyranitar\n|\n|-weather|Sandstorm|[upkeep]\n|-damage|p1a: Persian|13\/100|[from] Sandstorm\n|upkeep\n|\n|t:|1651893349\n|switch|p2a: Excadrill|Excadrill, M|100\/100\n|-damage|p2a: Excadrill|97\/100|[from] Stealth Rock\n|turn|33\n|\n|t:|1651893356\n|move|p2a: Excadrill|Rapid Spin|p1a: Persian\n|-damage|p1a: Persian|1\/100\n|-boost|p2a: Excadrill|spe|1\n|-sideend|p2: imchokingrn|Stealth Rock|[from] move: Rapid Spin|[of] p2a: Excadrill\n|move|p1a: Persian|Foul Play|p2a: Excadrill\n|-damage|p2a: Excadrill|22\/100\n|\n|-weather|Sandstorm|[upkeep]\n|-damage|p1a: Persian|0 fnt|[from] Sandstorm\n|faint|p1a: Persian\n|-heal|p2a: Excadrill|28\/100|[from] item: Leftovers\n|upkeep\n|\n|t:|1651893369\n|switch|p1a: Seismitoad|Seismitoad, M|51\/100\n|-damage|p1a: Seismitoad|45\/100|[from] Stealth Rock\n|-damage|p1a: Seismitoad|32\/100|[from] Spikes\n|turn|34\n|c|\u2606andrewm0n|gg\n|-message|andrewm0n forfeited.\n|\n|win|imchokingrn\n|raw|andrewm0n's rating: 1652 &rarr; <strong>1636<\/strong><br \/>(-16 for losing)\n|raw|imchokingrn's rating: 1729 &rarr; <strong>1745<\/strong><br \/>(+16 for winning)\n|l|\u2606andrewm0n\n|l| GGeorgie\n","uploadtime":1651893379,"views":43,"p1id":"andrewm0n","p2id":"imchokingrn","formatid":"gen8ou","rating":1636,"private":0,"password":null}