{"id":"gen8ou-1694191077","p1":"Siriusjoking","p2":"jeandonis02","format":"gen8ou","log":"|html|<div class=\"broadcast-blue\"><strong>[Gen 8] OU is currently suspecting Melmetal! For information on how to participate check out the <a href=\"https:\/\/www.smogon.com\/forums\/threads\/np-ss-ou-suspect-process-round-12-monster-mash.3709234\/\">suspect thread<\/a>.<\/strong><\/div>\n|j|\u203dSiriusjoking\n|j|\u2606jeandonis02\n|t:|1666674962\n|gametype|singles\n|player|p1|Siriusjoking|cynthia-gen4|1449\n|player|p2|jeandonis02|lucas|1562\n|teamsize|p1|6\n|teamsize|p2|6\n|gen|8\n|tier|[Gen 8] OU\n|rated|\n|rule|Sleep Clause Mod: Limit one foe put to sleep\n|rule|Species Clause: Limit one of each Pok\u00e9mon\n|rule|OHKO Clause: OHKO moves are banned\n|rule|Evasion Items Clause: Evasion items are banned\n|rule|Evasion Moves Clause: Evasion moves are banned\n|rule|Endless Battle Clause: Forcing endless battles is banned\n|rule|HP Percentage Mod: HP is shown in percentages\n|rule|Dynamax Clause: You cannot dynamax\n|clearpoke\n|poke|p1|Tyranitar, M|\n|poke|p1|Dracozolt|\n|poke|p1|Corviknight, M|\n|poke|p1|Nihilego|\n|poke|p1|Landorus-Therian, M|\n|poke|p1|Slowbro, F|\n|poke|p2|Zeraora|\n|poke|p2|Toxapex, F|\n|poke|p2|Garchomp, M|\n|poke|p2|Rotom-Wash|\n|poke|p2|Ferrothorn, F|\n|poke|p2|Charizard, F|\n|teampreview\n|inactive|Battle timer is ON: inactive players will automatically lose when time's up. (requested by jeandonis02)\n|\n|t:|1666674971\n|start\n|switch|p1a: Tyranitar|Tyranitar, M|100\/100\n|switch|p2a: Rotom|Rotom-Wash|100\/100\n|-weather|Sandstorm|[from] ability: Sand Stream|[of] p1a: Tyranitar\n|turn|1\n|inactive|Siriusjoking has 120 seconds left.\n|\n|t:|1666675004\n|switch|p1a: Nihilego|Nihilego|100\/100\n|move|p2a: Rotom|Will-O-Wisp|p1a: Nihilego\n|-status|p1a: Nihilego|brn\n|\n|-weather|Sandstorm|[upkeep]\n|-damage|p2a: Rotom|94\/100|[from] Sandstorm\n|-heal|p2a: Rotom|100\/100|[from] item: Leftovers\n|-damage|p1a: Nihilego|94\/100 brn|[from] brn\n|upkeep\n|turn|2\n|\n|t:|1666675010\n|switch|p1a: Dracozolt|Dracozolt|100\/100\n|switch|p2a: Toxapex|Toxapex, F|100\/100\n|\n|-weather|Sandstorm|[upkeep]\n|-damage|p2a: Toxapex|94\/100|[from] Sandstorm\n|-heal|p2a: Toxapex|100\/100|[from] item: Black Sludge\n|upkeep\n|turn|3\n|\n|t:|1666675017\n|move|p1a: Dracozolt|Bolt Beak|p2a: Toxapex\n|-supereffective|p2a: Toxapex\n|-damage|p2a: Toxapex|0 fnt\n|faint|p2a: Toxapex\n|-damage|p1a: Dracozolt|91\/100|[from] item: Life Orb\n|\n|-weather|Sandstorm|[upkeep]\n|upkeep\n|\n|t:|1666675023\n|switch|p2a: Zeraora|Zeraora|100\/100\n|turn|4\n|inactive|Siriusjoking has 120 seconds left.\n|\n|t:|1666675060\n|move|p1a: Dracozolt|Earth Power|p2a: Zeraora\n|-supereffective|p2a: Zeraora\n|-damage|p2a: Zeraora|22\/100\n|-damage|p1a: Dracozolt|81\/100|[from] item: Life Orb\n|move|p2a: Zeraora|Play Rough|p1a: Dracozolt\n|-supereffective|p1a: Dracozolt\n|-damage|p1a: Dracozolt|18\/100\n|\n|-weather|Sandstorm|[upkeep]\n|-damage|p2a: Zeraora|16\/100|[from] Sandstorm\n|upkeep\n|turn|5\n|\n|t:|1666675071\n|move|p1a: Dracozolt|Earth Power|p2a: Zeraora\n|-supereffective|p2a: Zeraora\n|-damage|p2a: Zeraora|0 fnt\n|faint|p2a: Zeraora\n|-damage|p1a: Dracozolt|8\/100|[from] item: Life Orb\n|\n|-weather|none\n|upkeep\n|\n|t:|1666675074\n|switch|p2a: Garchomp|Garchomp, M|100\/100\n|turn|6\n|inactive|Siriusjoking has 120 seconds left.\n|\n|t:|1666675083\n|switch|p1a: Slowbro|Slowbro, F|100\/100\n|move|p2a: Garchomp|Fire Fang|p1a: Slowbro\n|-resisted|p1a: Slowbro\n|-damage|p1a: Slowbro|91\/100\n|-damage|p2a: Garchomp|84\/100|[from] item: Rocky Helmet|[of] p1a: Slowbro\n|\n|upkeep\n|turn|7\n|\n|t:|1666675087\n|switch|p2a: Rotom|Rotom-Wash|100\/100\n|move|p1a: Slowbro|Future Sight|p2a: Rotom\n|-start|p1a: Slowbro|move: Future Sight\n|\n|upkeep\n|turn|8\n|\n|t:|1666675092\n|move|p2a: Rotom|Hydro Pump|p1a: Slowbro\n|-resisted|p1a: Slowbro\n|-damage|p1a: Slowbro|72\/100\n|move|p1a: Slowbro|Teleport|p1a: Slowbro\n|\n|t:|1666675106\n|switch|p1a: Nihilego|Nihilego|94\/100 brn|[from]move: Teleport\n|\n|-damage|p1a: Nihilego|88\/100 brn|[from] brn\n|upkeep\n|turn|9\n|\n|t:|1666675112\n|move|p1a: Nihilego|Meteor Beam||[still]\n|-prepare|p1a: Nihilego|Meteor Beam\n|-boost|p1a: Nihilego|spa|1\n|-enditem|p1a: Nihilego|Power Herb\n|-anim|p1a: Nihilego|Meteor Beam|p2a: Rotom\n|-damage|p2a: Rotom|22\/100\n|move|p2a: Rotom|Hydro Pump|p1a: Nihilego\n|-supereffective|p1a: Nihilego\n|-damage|p1a: Nihilego|33\/100 brn\n|\n|-end|p2a: Rotom|move: Future Sight\n|-damage|p2a: Rotom|0 fnt\n|faint|p2a: Rotom\n|-damage|p1a: Nihilego|26\/100 brn|[from] brn\n|upkeep\n|\n|t:|1666675118\n|switch|p2a: Garchomp|Garchomp, M|84\/100\n|turn|10\n|\n|t:|1666675125\n|move|p1a: Nihilego|Power Gem|p2a: Garchomp\n|-resisted|p2a: Garchomp\n|-damage|p2a: Garchomp|51\/100\n|move|p2a: Garchomp|Iron Head|p1a: Nihilego\n|-supereffective|p1a: Nihilego\n|-damage|p1a: Nihilego|0 fnt\n|faint|p1a: Nihilego\n|\n|upkeep\n|\n|t:|1666675144\n|switch|p1a: Landorus|Landorus-Therian, M|100\/100\n|-ability|p1a: Landorus|Intimidate|boost\n|-unboost|p2a: Garchomp|atk|1\n|turn|11\n|\n|t:|1666675149\n|switch|p2a: Ferrothorn|Ferrothorn, F|100\/100\n|move|p1a: Landorus|Earthquake|p2a: Ferrothorn\n|-damage|p2a: Ferrothorn|72\/100\n|\n|upkeep\n|turn|12\n|\n|t:|1666675153\n|switch|p1a: Tyranitar|Tyranitar, M|100\/100\n|-weather|Sandstorm|[from] ability: Sand Stream|[of] p1a: Tyranitar\n|move|p2a: Ferrothorn|Leech Seed|p1a: Tyranitar\n|-start|p1a: Tyranitar|move: Leech Seed\n|\n|-weather|Sandstorm|[upkeep]\n|-damage|p1a: Tyranitar|88\/100|[from] Leech Seed|[of] p2a: Ferrothorn\n|-heal|p2a: Ferrothorn|86\/100|[silent]\n|upkeep\n|turn|13\n|\n|t:|1666675157\n|switch|p2a: Garchomp|Garchomp, M|51\/100\n|move|p1a: Tyranitar|Fire Blast|p2a: Garchomp\n|-resisted|p2a: Garchomp\n|-damage|p2a: Garchomp|32\/100\n|\n|-weather|Sandstorm|[upkeep]\n|-damage|p1a: Tyranitar|76\/100|[from] Leech Seed|[of] p2a: Garchomp\n|-heal|p2a: Garchomp|46\/100|[silent]\n|upkeep\n|turn|14\n|\n|t:|1666675163\n|switch|p2a: Ferrothorn|Ferrothorn, F|86\/100\n|switch|p1a: Landorus|Landorus-Therian, M|100\/100\n|-ability|p1a: Landorus|Intimidate|boost\n|-unboost|p2a: Ferrothorn|atk|1\n|\n|-weather|Sandstorm|[upkeep]\n|upkeep\n|turn|15\n|\n|t:|1666675173\n|switch|p1a: Slowbro|Slowbro, F|100\/100\n|move|p2a: Ferrothorn|Stealth Rock|p1a: Slowbro\n|-sidestart|p1: Siriusjoking|move: Stealth Rock\n|\n|-weather|Sandstorm|[upkeep]\n|-damage|p1a: Slowbro|94\/100|[from] Sandstorm\n|upkeep\n|turn|16\n|\n|t:|1666675177\n|move|p2a: Ferrothorn|Thunder Wave|p1a: Slowbro\n|-status|p1a: Slowbro|par\n|move|p1a: Slowbro|Teleport|p1a: Slowbro\n|\n|t:|1666675185\n|switch|p1a: Tyranitar|Tyranitar, M|76\/100|[from]move: Teleport\n|-damage|p1a: Tyranitar|63\/100|[from] Stealth Rock\n|\n|-weather|none\n|upkeep\n|turn|17\n|\n|t:|1666675190\n|move|p1a: Tyranitar|Fire Blast|p2a: Ferrothorn\n|-supereffective|p2a: Ferrothorn\n|-damage|p2a: Ferrothorn|0 fnt\n|faint|p2a: Ferrothorn\n|\n|upkeep\n|\n|t:|1666675192\n|switch|p2a: Garchomp|Garchomp, M|46\/100\n|turn|18\n|\n|t:|1666675198\n|switch|p1a: Slowbro|Slowbro, F|100\/100 par\n|-damage|p1a: Slowbro|88\/100 par|[from] Stealth Rock\n|move|p2a: Garchomp|Outrage|p1a: Slowbro\n|-damage|p1a: Slowbro|30\/100 par\n|-damage|p2a: Garchomp|29\/100|[from] item: Rocky Helmet|[of] p1a: Slowbro\n|\n|upkeep\n|turn|19\n|\n|t:|1666675212\n|switch|p1a: Landorus|Landorus-Therian, M|100\/100\n|-damage|p1a: Landorus|88\/100|[from] Stealth Rock\n|-ability|p1a: Landorus|Intimidate|boost\n|-unboost|p2a: Garchomp|atk|1\n|move|p2a: Garchomp|Outrage|p1a: Landorus|[from]lockedmove\n|-damage|p1a: Landorus|25\/100\n|\n|upkeep\n|turn|20\n|\n|t:|1666675222\n|switch|p1a: Slowbro|Slowbro, F|63\/100 par\n|-damage|p1a: Slowbro|51\/100 par|[from] Stealth Rock\n|move|p2a: Garchomp|Outrage|p1a: Slowbro|[from]lockedmove\n|-damage|p1a: Slowbro|15\/100 par\n|-damage|p2a: Garchomp|13\/100|[from] item: Rocky Helmet|[of] p1a: Slowbro\n|-start|p2a: Garchomp|confusion|[fatigue]\n|\n|upkeep\n|turn|21\n|\n|t:|1666675229\n|switch|p2a: Charizard|Charizard, F|100\/100\n|move|p1a: Slowbro|Scald|p2a: Charizard\n|-supereffective|p2a: Charizard\n|-damage|p2a: Charizard|39\/100\n|-enditem|p2a: Charizard|Sitrus Berry|[eat]\n|-heal|p2a: Charizard|64\/100|[from] item: Sitrus Berry\n|\n|upkeep\n|turn|22\n|\n|t:|1666675232\n|move|p2a: Charizard|Belly Drum|p2a: Charizard\n|-damage|p2a: Charizard|14\/100\n|-setboost|p2a: Charizard|atk|6|[from] move: Belly Drum\n|cant|p1a: Slowbro|par\n|\n|upkeep\n|turn|23\n|\n|t:|1666675239\n|move|p2a: Charizard|Roost|p2a: Charizard\n|-heal|p2a: Charizard|64\/100\n|-singleturn|p2a: Charizard|move: Roost\n|move|p1a: Slowbro|Teleport|p1a: Slowbro\n|\n|t:|1666675245\n|switch|p1a: Tyranitar|Tyranitar, M|63\/100|[from]move: Teleport\n|-damage|p1a: Tyranitar|51\/100|[from] Stealth Rock\n|-weather|Sandstorm|[from] ability: Sand Stream|[of] p1a: Tyranitar\n|\n|-weather|Sandstorm|[upkeep]\n|-damage|p2a: Charizard|57\/100|[from] Sandstorm\n|upkeep\n|turn|24\n|\n|t:|1666675251\n|move|p2a: Charizard|Acrobatics|p1a: Tyranitar\n|-resisted|p1a: Tyranitar\n|-damage|p1a: Tyranitar|0 fnt\n|faint|p1a: Tyranitar\n|\n|-weather|Sandstorm|[upkeep]\n|-damage|p2a: Charizard|51\/100|[from] Sandstorm\n|upkeep\n|\n|t:|1666675275\n|switch|p1a: Slowbro|Slowbro, F|48\/100 par\n|-damage|p1a: Slowbro|36\/100 par|[from] Stealth Rock\n|turn|25\n|\n|t:|1666675278\n|move|p2a: Charizard|Acrobatics|p1a: Slowbro\n|-damage|p1a: Slowbro|0 fnt\n|-damage|p2a: Charizard|35\/100|[from] item: Rocky Helmet|[of] p1a: Slowbro\n|faint|p1a: Slowbro\n|\n|-weather|Sandstorm|[upkeep]\n|-damage|p2a: Charizard|28\/100|[from] Sandstorm\n|upkeep\n|\n|t:|1666675287\n|switch|p1a: Corviknight|Corviknight, M|100\/100\n|-damage|p1a: Corviknight|88\/100|[from] Stealth Rock\n|turn|26\n|\n|t:|1666675289\n|move|p2a: Charizard|Flame Charge|p1a: Corviknight\n|-supereffective|p1a: Corviknight\n|-damage|p1a: Corviknight|0 fnt\n|-boost|p2a: Charizard|spe|1\n|faint|p1a: Corviknight\n|\n|-weather|Sandstorm|[upkeep]\n|-damage|p2a: Charizard|22\/100|[from] Sandstorm\n|upkeep\n|\n|t:|1666675294\n|switch|p1a: Landorus|Landorus-Therian, M|25\/100\n|-damage|p1a: Landorus|12\/100|[from] Stealth Rock\n|-ability|p1a: Landorus|Intimidate|boost\n|-unboost|p2a: Charizard|atk|1\n|turn|27\n|\n|t:|1666675305\n|move|p2a: Charizard|Flame Charge|p1a: Landorus\n|-damage|p1a: Landorus|0 fnt\n|-boost|p2a: Charizard|spe|1\n|faint|p1a: Landorus\n|\n|-weather|none\n|upkeep\n|\n|t:|1666675309\n|switch|p1a: Dracozolt|Dracozolt|8\/100\n|-damage|p1a: Dracozolt|0 fnt|[from] Stealth Rock\n|faint|p1a: Dracozolt\n|\n|win|jeandonis02\n|raw|Siriusjoking's rating: 1449 &rarr; <strong>1435<\/strong><br \/>(-14 for losing)\n|raw|jeandonis02's rating: 1562 &rarr; <strong>1576<\/strong><br \/>(+14 for winning)\n|l|\u203dSiriusjoking\n","uploadtime":1666675343,"views":10,"p1id":"siriusjoking","p2id":"jeandonis02","formatid":"gen8ou","rating":1435,"private":0,"password":null}