{"id":"gen8ou-1706970869","p1":"JimmyRivas","p2":"minimax_ai","format":"gen8ou","log":"|j|\u2606JimmyRivas\n|j|\u2606minimax_ai\n|t:|1668037581\n|gametype|singles\n|player|p1|JimmyRivas|gambler|1443\n|player|p2|minimax_ai|169|1459\n|teamsize|p1|6\n|teamsize|p2|6\n|gen|8\n|tier|[Gen 8] OU\n|rated|\n|rule|Sleep Clause Mod: Limit one foe put to sleep\n|rule|Species Clause: Limit one of each Pok\u00e9mon\n|rule|OHKO Clause: OHKO moves are banned\n|rule|Evasion Items Clause: Evasion items are banned\n|rule|Evasion Moves Clause: Evasion moves are banned\n|rule|Endless Battle Clause: Forcing endless battles is banned\n|rule|HP Percentage Mod: HP is shown in percentages\n|rule|Dynamax Clause: You cannot dynamax\n|clearpoke\n|poke|p1|Ninetales-Alola, M|\n|poke|p1|Heatran, M|\n|poke|p1|Landorus-Therian, M|\n|poke|p1|Tapu Fini|\n|poke|p1|Arctozolt|\n|poke|p1|Kartana|\n|poke|p2|Rotom-Wash|\n|poke|p2|Weavile, F|\n|poke|p2|Landorus-Therian, M|\n|poke|p2|Heatran, M|\n|poke|p2|Tangrowth, M|\n|poke|p2|Melmetal|\n|teampreview\n|c|\u2606minimax_ai|hf\n|inactive|Battle timer is ON: inactive players will automatically lose when time's up. (requested by minimax_ai)\n|\n|t:|1668037596\n|start\n|switch|p1a: Deathstroke|Kartana, shiny|100\/100\n|switch|p2a: Melmetal|Melmetal|100\/100\n|turn|1\n|\n|t:|1668037603\n|switch|p2a: Tangrowth|Tangrowth, M|100\/100\n|move|p1a: Deathstroke|Knock Off|p2a: Tangrowth\n|-damage|p2a: Tangrowth|76\/100\n|-damage|p1a: Deathstroke|84\/100|[from] item: Rocky Helmet|[of] p2a: Tangrowth\n|-enditem|p2a: Tangrowth|Rocky Helmet|[from] move: Knock Off|[of] p1a: Deathstroke\n|\n|upkeep\n|turn|2\n|\n|t:|1668037617\n|switch|p1a: Enten|Landorus-Therian, M, shiny|100\/100\n|-ability|p1a: Enten|Intimidate|boost\n|-unboost|p2a: Tangrowth|atk|1\n|switch|p2a: Melmetal|Melmetal|100\/100\n|\n|upkeep\n|turn|3\n|\n|t:|1668037622\n|move|p1a: Enten|U-turn|p2a: Melmetal\n|-resisted|p2a: Melmetal\n|-damage|p2a: Melmetal|94\/100\n|\n|t:|1668037631\n|switch|p1a: Raven|Tapu Fini, shiny|100\/100|[from]move: U-turn\n|-fieldstart|move: Misty Terrain|[from] ability: Misty Surge|[of] p1a: Raven\n|move|p2a: Melmetal|Ice Punch|p1a: Raven\n|-resisted|p1a: Raven\n|-damage|p1a: Raven|89\/100\n|\n|-heal|p1a: Raven|95\/100|[from] item: Leftovers\n|upkeep\n|turn|4\n|\n|t:|1668037647\n|switch|p1a: Enten|Landorus-Therian, M, shiny|100\/100\n|-ability|p1a: Enten|Intimidate|boost\n|-unboost|p2a: Melmetal|atk|1\n|move|p2a: Melmetal|Double Iron Bash|p1a: Enten\n|-damage|p1a: Enten|75\/100\n|-damage|p1a: Enten|50\/100\n|-hitcount|p1a: Enten|2\n|\n|-heal|p1a: Enten|56\/100|[from] item: Leftovers\n|upkeep\n|turn|5\n|\n|t:|1668037654\n|switch|p2a: Heatran|Heatran, M|100\/100\n|-item|p2a: Heatran|Air Balloon\n|move|p1a: Enten|Earthquake|p2a: Heatran\n|-immune|p2a: Heatran\n|\n|-heal|p1a: Enten|62\/100|[from] item: Leftovers\n|upkeep\n|turn|6\n|\n|t:|1668037658\n|move|p2a: Heatran|Stealth Rock|p1a: Enten\n|-sidestart|p1: JimmyRivas|move: Stealth Rock\n|move|p1a: Enten|Knock Off|p2a: Heatran\n|-damage|p2a: Heatran|70\/100\n|-enditem|p2a: Heatran|Air Balloon\n|\n|-heal|p1a: Enten|68\/100|[from] item: Leftovers\n|upkeep\n|turn|7\n|\n|t:|1668037661\n|switch|p2a: rotomwash|Rotom-Wash|100\/100\n|move|p1a: Enten|U-turn|p2a: rotomwash\n|-damage|p2a: rotomwash|78\/100\n|\n|t:|1668037668\n|switch|p1a: Deathstroke|Kartana, shiny|84\/100|[from]move: U-turn\n|-damage|p1a: Deathstroke|78\/100|[from] Stealth Rock\n|\n|-heal|p2a: rotomwash|84\/100|[from] item: Leftovers\n|-fieldend|Misty Terrain\n|upkeep\n|turn|8\n|\n|t:|1668037672\n|switch|p2a: landorustherian|Landorus-Therian, M|100\/100\n|-ability|p2a: landorustherian|Intimidate|boost\n|-unboost|p1a: Deathstroke|atk|1\n|move|p1a: Deathstroke|Knock Off|p2a: landorustherian\n|-damage|p2a: landorustherian|73\/100\n|-enditem|p2a: landorustherian|Leftovers|[from] move: Knock Off|[of] p1a: Deathstroke\n|\n|upkeep\n|turn|9\n|\n|t:|1668037679\n|switch|p1a: Enten|Landorus-Therian, M, shiny|68\/100\n|-damage|p1a: Enten|56\/100|[from] Stealth Rock\n|-ability|p1a: Enten|Intimidate|boost\n|-unboost|p2a: landorustherian|atk|1\n|switch|p2a: Melmetal|Melmetal|94\/100\n|\n|-heal|p1a: Enten|62\/100|[from] item: Leftovers\n|upkeep\n|turn|10\n|\n|t:|1668037682\n|move|p1a: Enten|Defog|p2a: Melmetal\n|-unboost|p2a: Melmetal|evasion|1\n|-sideend|p1: JimmyRivas|Stealth Rock|[from] move: Defog|[of] p1a: Enten\n|move|p2a: Melmetal|Double Iron Bash|p1a: Enten\n|-damage|p1a: Enten|21\/100\n|-damage|p1a: Enten|0 fnt\n|faint|p1a: Enten\n|-hitcount|p1: Enten|2\n|\n|upkeep\n|\n|t:|1668037691\n|switch|p1a: Chaos|Heatran, M|100\/100\n|-item|p1a: Chaos|Air Balloon\n|turn|11\n|\n|t:|1668037694\n|switch|p2a: rotomwash|Rotom-Wash|84\/100\n|move|p1a: Chaos|Earth Power|p2a: rotomwash\n|-immune|p2a: rotomwash|[from] ability: Levitate\n|\n|-heal|p2a: rotomwash|90\/100|[from] item: Leftovers\n|upkeep\n|turn|12\n|\n|t:|1668037700\n|switch|p1a: Frozen Soul|Ninetales-Alola, M, shiny|100\/100\n|-weather|Hail|[from] ability: Snow Warning|[of] p1a: Frozen Soul\n|move|p2a: rotomwash|Hydro Pump|p1a: Frozen Soul\n|-damage|p1a: Frozen Soul|58\/100\n|\n|-weather|Hail|[upkeep]\n|-damage|p2a: rotomwash|84\/100|[from] Hail\n|-heal|p2a: rotomwash|90\/100|[from] item: Leftovers\n|upkeep\n|turn|13\n|\n|t:|1668037709\n|switch|p2a: Melmetal|Melmetal|94\/100\n|move|p1a: Frozen Soul|Aurora Veil|p1a: Frozen Soul\n|-sidestart|p1: JimmyRivas|move: Aurora Veil\n|\n|-weather|Hail|[upkeep]\n|-damage|p2a: Melmetal|88\/100|[from] Hail\n|upkeep\n|turn|14\n|\n|t:|1668037713\n|move|p1a: Frozen Soul|Hypnosis|p2a: Melmetal\n|-status|p2a: Melmetal|slp|[from] move: Hypnosis\n|cant|p2a: Melmetal|slp\n|\n|-weather|Hail|[upkeep]\n|-damage|p2a: Melmetal|82\/100 slp|[from] Hail\n|upkeep\n|turn|15\n|\n|t:|1668037729\n|switch|p1a: Chaos|Heatran, M|100\/100\n|-item|p1a: Chaos|Air Balloon\n|-curestatus|p2a: Melmetal|slp|[msg]\n|move|p2a: Melmetal|Thunder Punch|p1a: Chaos\n|-damage|p1a: Chaos|83\/100\n|-enditem|p1a: Chaos|Air Balloon\n|\n|-weather|Hail|[upkeep]\n|-damage|p1a: Chaos|76\/100|[from] Hail\n|-damage|p2a: Melmetal|76\/100|[from] Hail\n|upkeep\n|turn|16\n|\n|t:|1668037732\n|switch|p2a: rotomwash|Rotom-Wash|90\/100\n|move|p1a: Chaos|Magma Storm|p2a: rotomwash\n|-resisted|p2a: rotomwash\n|-damage|p2a: rotomwash|61\/100\n|-activate|p2a: rotomwash|move: Magma Storm|[of] p1a: Chaos\n|\n|-weather|Hail|[upkeep]\n|-damage|p1a: Chaos|70\/100|[from] Hail\n|-damage|p2a: rotomwash|55\/100|[from] Hail\n|-heal|p2a: rotomwash|61\/100|[from] item: Leftovers\n|-damage|p2a: rotomwash|49\/100|[from] move: Magma Storm|[partiallytrapped]\n|upkeep\n|turn|17\n|\n|t:|1668037738\n|move|p1a: Chaos|Stealth Rock|p2a: rotomwash\n|-sidestart|p2: minimax_ai|move: Stealth Rock\n|move|p2a: rotomwash|Pain Split|p1a: Chaos\n|-sethp|p1a: Chaos|58\/100|[from] move: Pain Split|[silent]\n|-sethp|p2a: rotomwash|62\/100|[from] move: Pain Split\n|\n|-weather|Hail|[upkeep]\n|-damage|p1a: Chaos|52\/100|[from] Hail\n|-damage|p2a: rotomwash|55\/100|[from] Hail\n|-heal|p2a: rotomwash|62\/100|[from] item: Leftovers\n|-damage|p2a: rotomwash|49\/100|[from] move: Magma Storm|[partiallytrapped]\n|-sideend|p1: JimmyRivas|move: Aurora Veil\n|upkeep\n|turn|18\n|\n|t:|1668037746\n|switch|p1a: Frozen Soul|Ninetales-Alola, M, shiny|58\/100\n|move|p2a: rotomwash|Hydro Pump|p1a: Frozen Soul\n|-damage|p1a: Frozen Soul|17\/100\n|\n|-weather|Hail|[upkeep]\n|-damage|p2a: rotomwash|43\/100|[from] Hail\n|-heal|p2a: rotomwash|49\/100|[from] item: Leftovers\n|-end|p2a: rotomwash|Magma Storm|[partiallytrapped]|[silent]\n|upkeep\n|turn|19\n|\n|t:|1668037753\n|switch|p2a: Melmetal|Melmetal|76\/100\n|-damage|p2a: Melmetal|69\/100|[from] Stealth Rock\n|move|p1a: Frozen Soul|Aurora Veil|p1a: Frozen Soul\n|-sidestart|p1: JimmyRivas|move: Aurora Veil\n|\n|-weather|none\n|upkeep\n|turn|20\n|\n|t:|1668037761\n|switch|p1a: Deathstroke|Kartana, shiny|78\/100\n|move|p2a: Melmetal|Ice Punch|p1a: Deathstroke\n|-damage|p1a: Deathstroke|60\/100\n|-status|p1a: Deathstroke|frz\n|\n|upkeep\n|turn|21\n|\n|t:|1668037769\n|cant|p1a: Deathstroke|frz\n|move|p2a: Melmetal|Double Iron Bash|p1a: Deathstroke\n|-resisted|p1a: Deathstroke\n|-damage|p1a: Deathstroke|49\/100 frz\n|-resisted|p1a: Deathstroke\n|-damage|p1a: Deathstroke|39\/100 frz\n|-hitcount|p1a: Deathstroke|2\n|\n|upkeep\n|turn|22\n|\n|t:|1668037776\n|cant|p1a: Deathstroke|frz\n|move|p2a: Melmetal|Double Iron Bash|p1a: Deathstroke\n|-resisted|p1a: Deathstroke\n|-damage|p1a: Deathstroke|28\/100 frz\n|-resisted|p1a: Deathstroke\n|-damage|p1a: Deathstroke|16\/100 frz\n|-hitcount|p1a: Deathstroke|2\n|\n|upkeep\n|turn|23\n|\n|t:|1668037780\n|cant|p1a: Deathstroke|frz\n|move|p2a: Melmetal|Double Iron Bash|p1a: Deathstroke\n|-resisted|p1a: Deathstroke\n|-damage|p1a: Deathstroke|5\/100 frz\n|-resisted|p1a: Deathstroke\n|-damage|p1a: Deathstroke|0 fnt\n|faint|p1a: Deathstroke\n|-hitcount|p1: Deathstroke|2\n|\n|-sideend|p1: JimmyRivas|move: Aurora Veil\n|upkeep\n|\n|t:|1668037784\n|switch|p1a: Chaos|Heatran, M|52\/100\n|turn|24\n|\n|t:|1668037787\n|move|p1a: Chaos|Magma Storm|p2a: Melmetal|[miss]\n|-miss|p1a: Chaos|p2a: Melmetal\n|move|p2a: Melmetal|Earthquake|p1a: Chaos\n|-supereffective|p1a: Chaos\n|-damage|p1a: Chaos|0 fnt\n|faint|p1a: Chaos\n|\n|upkeep\n|\n|t:|1668037790\n|switch|p1a: Frozen Soul|Ninetales-Alola, M, shiny|17\/100\n|-weather|Hail|[from] ability: Snow Warning|[of] p1a: Frozen Soul\n|turn|25\n|\n|t:|1668037793\n|move|p1a: Frozen Soul|Aurora Veil|p1a: Frozen Soul\n|-sidestart|p1: JimmyRivas|move: Aurora Veil\n|move|p2a: Melmetal|Double Iron Bash|p1a: Frozen Soul\n|-supereffective|p1a: Frozen Soul\n|-damage|p1a: Frozen Soul|0 fnt\n|faint|p1a: Frozen Soul\n|-hitcount|p1: Frozen Soul|1\n|\n|-weather|Hail|[upkeep]\n|-damage|p2a: Melmetal|63\/100|[from] Hail\n|upkeep\n|\n|t:|1668037795\n|switch|p1a: Destroyer|Arctozolt, shiny|100\/100\n|turn|26\n|\n|t:|1668037797\n|move|p1a: Destroyer|Low Kick|p2a: Melmetal\n|-supereffective|p2a: Melmetal\n|-damage|p2a: Melmetal|22\/100\n|move|p2a: Melmetal|Double Iron Bash|p1a: Destroyer\n|-damage|p1a: Destroyer|76\/100\n|-damage|p1a: Destroyer|51\/100\n|-hitcount|p1a: Destroyer|2\n|\n|-weather|Hail|[upkeep]\n|-damage|p2a: Melmetal|16\/100|[from] Hail\n|upkeep\n|turn|27\n|\n|t:|1668037803\n|move|p1a: Destroyer|Bolt Beak|p2a: Melmetal\n|-damage|p2a: Melmetal|0 fnt\n|faint|p2a: Melmetal\n|\n|-weather|Hail|[upkeep]\n|upkeep\n|\n|t:|1668037803\n|switch|p2a: landorustherian|Landorus-Therian, M|73\/100\n|-damage|p2a: landorustherian|61\/100|[from] Stealth Rock\n|-ability|p2a: landorustherian|Intimidate|boost\n|-unboost|p1a: Destroyer|atk|1\n|turn|28\n|\n|t:|1668037806\n|switch|p2a: rotomwash|Rotom-Wash|49\/100\n|-damage|p2a: rotomwash|37\/100|[from] Stealth Rock\n|move|p1a: Destroyer|Blizzard|p2a: rotomwash\n|-resisted|p2a: rotomwash\n|-damage|p2a: rotomwash|19\/100\n|-status|p2a: rotomwash|frz\n|\n|-weather|Hail|[upkeep]\n|-damage|p2a: rotomwash|13\/100 frz|[from] Hail\n|-heal|p2a: rotomwash|19\/100 frz|[from] item: Leftovers\n|upkeep\n|turn|29\n|\n|t:|1668037809\n|move|p1a: Destroyer|Freeze-Dry|p2a: rotomwash\n|-supereffective|p2a: rotomwash\n|-damage|p2a: rotomwash|0 fnt\n|faint|p2a: rotomwash\n|\n|-weather|Hail|[upkeep]\n|-sideend|p1: JimmyRivas|move: Aurora Veil\n|upkeep\n|\n|t:|1668037809\n|switch|p2a: Heatran|Heatran, M|70\/100\n|-damage|p2a: Heatran|57\/100|[from] Stealth Rock\n|turn|30\n|\n|t:|1668037814\n|switch|p1a: Raven|Tapu Fini, shiny|95\/100\n|-fieldstart|move: Misty Terrain|[from] ability: Misty Surge|[of] p1a: Raven\n|move|p2a: Heatran|Magma Storm|p1a: Raven|[miss]\n|-miss|p2a: Heatran|p1a: Raven\n|\n|-weather|Hail|[upkeep]\n|-damage|p2a: Heatran|51\/100|[from] Hail\n|-damage|p1a: Raven|89\/100|[from] Hail\n|-heal|p1a: Raven|95\/100|[from] item: Leftovers\n|upkeep\n|turn|31\n|\n|t:|1668037820\n|move|p2a: Heatran|Magma Storm|p1a: Raven\n|-resisted|p1a: Raven\n|-damage|p1a: Raven|71\/100\n|-activate|p1a: Raven|move: Magma Storm|[of] p2a: Heatran\n|move|p1a: Raven|Calm Mind|p1a: Raven\n|-boost|p1a: Raven|spa|1\n|-boost|p1a: Raven|spd|1\n|\n|-weather|Hail|[upkeep]\n|-damage|p2a: Heatran|45\/100|[from] Hail\n|-damage|p1a: Raven|65\/100|[from] Hail\n|-heal|p1a: Raven|71\/100|[from] item: Leftovers\n|-damage|p1a: Raven|59\/100|[from] move: Magma Storm|[partiallytrapped]\n|upkeep\n|turn|32\n|\n|t:|1668037825\n|switch|p2a: Tangrowth|Tangrowth, M|100\/100\n|-damage|p2a: Tangrowth|88\/100|[from] Stealth Rock\n|move|p1a: Raven|Surf|p2a: Tangrowth\n|-resisted|p2a: Tangrowth\n|-damage|p2a: Tangrowth|55\/100\n|\n|-weather|none\n|-heal|p1a: Raven|65\/100|[from] item: Leftovers\n|-end|p1a: Raven|Magma Storm|[partiallytrapped]|[silent]\n|upkeep\n|turn|33\n|\n|t:|1668037830\n|switch|p2a: landorustherian|Landorus-Therian, M|61\/100\n|-damage|p2a: landorustherian|48\/100|[from] Stealth Rock\n|-ability|p2a: landorustherian|Intimidate|boost\n|-unboost|p1a: Raven|atk|1\n|move|p1a: Raven|Calm Mind|p1a: Raven\n|-boost|p1a: Raven|spa|1\n|-boost|p1a: Raven|spd|1\n|\n|-heal|p1a: Raven|71\/100|[from] item: Leftovers\n|upkeep\n|turn|34\n|\n|t:|1668037834\n|switch|p2a: Heatran|Heatran, M|45\/100\n|-damage|p2a: Heatran|33\/100|[from] Stealth Rock\n|move|p1a: Raven|Draining Kiss|p2a: Heatran\n|-resisted|p2a: Heatran\n|-damage|p2a: Heatran|24\/100\n|-heal|p1a: Raven|78\/100|[from] drain|[of] p2a: Heatran\n|\n|-heal|p1a: Raven|85\/100|[from] item: Leftovers\n|-fieldend|Misty Terrain\n|upkeep\n|turn|35\n|\n|t:|1668037838\n|move|p2a: Heatran|Magma Storm|p1a: Raven\n|-resisted|p1a: Raven\n|-damage|p1a: Raven|74\/100\n|-activate|p1a: Raven|move: Magma Storm|[of] p2a: Heatran\n|move|p1a: Raven|Surf|p2a: Heatran\n|-supereffective|p2a: Heatran\n|-damage|p2a: Heatran|0 fnt\n|faint|p2a: Heatran\n|\n|-heal|p1a: Raven|80\/100|[from] item: Leftovers\n|-end|p1a: Raven|Magma Storm|[partiallytrapped]|[silent]\n|upkeep\n|\n|t:|1668037838\n|switch|p2a: Tangrowth|Tangrowth, M|88\/100\n|-damage|p2a: Tangrowth|76\/100|[from] Stealth Rock\n|turn|36\n|\n|t:|1668037841\n|move|p1a: Raven|Draining Kiss|p2a: Tangrowth\n|-damage|p2a: Tangrowth|26\/100\n|-heal|p1a: Raven|100\/100|[from] drain|[of] p2a: Tangrowth\n|move|p2a: Tangrowth|Sleep Powder|p1a: Raven|[miss]\n|-miss|p2a: Tangrowth|p1a: Raven\n|\n|upkeep\n|turn|37\n|\n|t:|1668037846\n|move|p1a: Raven|Draining Kiss|p2a: Tangrowth\n|-damage|p2a: Tangrowth|0 fnt\n|faint|p2a: Tangrowth\n|\n|upkeep\n|\n|t:|1668037846\n|switch|p2a: landorustherian|Landorus-Therian, M|48\/100\n|-damage|p2a: landorustherian|36\/100|[from] Stealth Rock\n|-ability|p2a: landorustherian|Intimidate|boost\n|-unboost|p1a: Raven|atk|1\n|turn|38\n|\n|t:|1668037850\n|move|p1a: Raven|Surf|p2a: landorustherian\n|-supereffective|p2a: landorustherian\n|-damage|p2a: landorustherian|0 fnt\n|faint|p2a: landorustherian\n|\n|upkeep\n|\n|t:|1668037850\n|switch|p2a: Weavile|Weavile, F|100\/100\n|-damage|p2a: Weavile|76\/100|[from] Stealth Rock\n|-ability|p2a: Weavile|Pressure\n|turn|39\n|\n|t:|1668037852\n|move|p2a: Weavile|Knock Off|p1a: Raven\n|-resisted|p1a: Raven\n|-damage|p1a: Raven|76\/100\n|-enditem|p1a: Raven|Leftovers|[from] move: Knock Off|[of] p2a: Weavile\n|move|p1a: Raven|Draining Kiss|p2a: Weavile\n|-supereffective|p2a: Weavile\n|-damage|p2a: Weavile|0 fnt\n|-heal|p1a: Raven|100\/100|[from] drain|[of] p2a: Weavile\n|faint|p2a: Weavile\n|\n|win|JimmyRivas\n|raw|JimmyRivas's rating: 1443 &rarr; <strong>1464<\/strong><br \/>(+21 for winning)\n|raw|minimax_ai's rating: 1459 &rarr; <strong>1438<\/strong><br \/>(-21 for losing)\n|c|\u2606minimax_ai|gg\n|c|\u2606JimmyRivas|gg\n|l|\u2606minimax_ai\n||Ladder isn't responding, score probably updated but might not have (Request timeout).\n","uploadtime":1668037854,"views":3,"p1id":"jimmyrivas","p2id":"minimaxai","formatid":"gen8ou","rating":1438,"private":0,"password":null}