{"id":"gen8ou-1608383608","p1":"dracaufeu shiny","p2":"pokken111","format":"gen8ou","log":"|j|\u2606dracaufeu shiny\n|j|\u2606pokken111\n|t:|1656713687\n|gametype|singles\n|player|p1|dracaufeu shiny|red|1416\n|player|p2|pokken111|dahlia|1422\n|teamsize|p1|6\n|teamsize|p2|6\n|gen|8\n|tier|[Gen 8] OU\n|rated|\n|rule|Sleep Clause Mod: Limit one foe put to sleep\n|rule|Species Clause: Limit one of each Pok\u00e9mon\n|rule|OHKO Clause: OHKO moves are banned\n|rule|Evasion Moves Clause: Evasion moves are banned\n|rule|Endless Battle Clause: Forcing endless battles is banned\n|rule|HP Percentage Mod: HP is shown in percentages\n|rule|Dynamax Clause: You cannot dynamax\n|clearpoke\n|poke|p1|Tapu Lele|\n|poke|p1|Kartana|\n|poke|p1|Magnezone|\n|poke|p1|Toxapex, M|\n|poke|p1|Landorus-Therian, M|\n|poke|p1|Mandibuzz, F|\n|poke|p2|Ninetales-Alola, F|\n|poke|p2|Dragapult, F|\n|poke|p2|Heatran, F|\n|poke|p2|Weavile, F|\n|poke|p2|Moltres-Galar|\n|poke|p2|Cloyster, F|\n|teampreview\n|inactive|Battle timer is ON: inactive players will automatically lose when time's up. (requested by dracaufeu shiny)\n|\n|t:|1656713721\n|start\n|switch|p1a: Magnezone|Magnezone|100\/100\n|switch|p2a: Heatran|Heatran, F|100\/100\n|-item|p2a: Heatran|Air Balloon\n|turn|1\n|\n|t:|1656713749\n|move|p2a: Heatran|Eruption|p1a: Magnezone\n|-supereffective|p1a: Magnezone\n|-damage|p1a: Magnezone|0 fnt\n|faint|p1a: Magnezone\n|\n|upkeep\n|\n|t:|1656713755\n|switch|p1a: Toxapex|Toxapex, M|100\/100\n|turn|2\n|\n|t:|1656713760\n|move|p2a: Heatran|Stealth Rock|p1a: Toxapex\n|-sidestart|p1: dracaufeu shiny|move: Stealth Rock\n|move|p1a: Toxapex|Knock Off|p2a: Heatran\n|-damage|p2a: Heatran|84\/100\n|-enditem|p2a: Heatran|Air Balloon\n|\n|upkeep\n|turn|3\n|\n|t:|1656713768\n|switch|p1a: Landorus|Landorus-Therian, M|100\/100\n|-damage|p1a: Landorus|88\/100|[from] Stealth Rock\n|-ability|p1a: Landorus|Intimidate|boost\n|-unboost|p2a: Heatran|atk|1\n|move|p2a: Heatran|Magma Storm|p1a: Landorus|[miss]\n|-miss|p2a: Heatran|p1a: Landorus\n|\n|-heal|p1a: Landorus|94\/100|[from] item: Leftovers\n|upkeep\n|turn|4\n|\n|t:|1656713780\n|move|p2a: Heatran|Eruption|p1a: Landorus\n|-damage|p1a: Landorus|44\/100\n|move|p1a: Landorus|Stealth Rock|p2a: Heatran\n|-sidestart|p2: pokken111|move: Stealth Rock\n|\n|-heal|p1a: Landorus|50\/100|[from] item: Leftovers\n|upkeep\n|turn|5\n|\n|t:|1656713789\n|move|p2a: Heatran|Eruption|p1a: Landorus\n|-damage|p1a: Landorus|5\/100\n|move|p1a: Landorus|Earthquake|p2a: Heatran\n|-supereffective|p2a: Heatran\n|-damage|p2a: Heatran|0 fnt\n|faint|p2a: Heatran\n|\n|-heal|p1a: Landorus|11\/100|[from] item: Leftovers\n|upkeep\n|inactive|pokken111 has 120 seconds left.\n|inactive|pokken111 has 90 seconds left.\n|\n|t:|1656713857\n|switch|p2a: Weavile|Weavile, F|100\/100\n|-ability|p2a: Weavile|Pressure\n|turn|6\n|\n|t:|1656713867\n|move|p2a: Weavile|Knock Off|p1a: Landorus\n|-damage|p1a: Landorus|0 fnt\n|-enditem|p1a: Landorus|Leftovers|[from] move: Knock Off|[of] p2a: Weavile\n|faint|p1a: Landorus\n|\n|upkeep\n|\n|t:|1656713874\n|switch|p1a: Tapu Lele|Tapu Lele|100\/100\n|-damage|p1a: Tapu Lele|88\/100|[from] Stealth Rock\n|-fieldstart|move: Psychic Terrain|[from] ability: Psychic Surge|[of] p1a: Tapu Lele\n|turn|7\n|\n|t:|1656713885\n|move|p1a: Tapu Lele|Moonblast|p2a: Weavile\n|-supereffective|p2a: Weavile\n|-damage|p2a: Weavile|0 fnt\n|faint|p2a: Weavile\n|\n|upkeep\n|\n|t:|1656713890\n|switch|p2a: Ninetales|Ninetales-Alola, F|100\/100\n|-damage|p2a: Ninetales|76\/100|[from] Stealth Rock\n|-weather|Hail|[from] ability: Snow Warning|[of] p2a: Ninetales\n|turn|8\n|\n|t:|1656713896\n|move|p1a: Tapu Lele|Moonblast|p2a: Ninetales\n|-damage|p2a: Ninetales|29\/100\n|move|p2a: Ninetales|Aurora Veil|p2a: Ninetales\n|-sidestart|p2: pokken111|move: Aurora Veil\n|\n|-weather|Hail|[upkeep]\n|-damage|p1a: Tapu Lele|82\/100|[from] Hail\n|upkeep\n|turn|9\n|\n|t:|1656713907\n|move|p1a: Tapu Lele|Moonblast|p2a: Ninetales\n|-damage|p2a: Ninetales|3\/100\n|move|p2a: Ninetales|Freeze-Dry|p1a: Tapu Lele\n|-damage|p1a: Tapu Lele|62\/100\n|\n|-weather|Hail|[upkeep]\n|-damage|p1a: Tapu Lele|56\/100|[from] Hail\n|upkeep\n|turn|10\n|\n|t:|1656713917\n|move|p1a: Tapu Lele|Moonblast|p2a: Ninetales\n|-damage|p2a: Ninetales|0 fnt\n|faint|p2a: Ninetales\n|\n|-weather|Hail|[upkeep]\n|-damage|p1a: Tapu Lele|50\/100|[from] Hail\n|upkeep\n|\n|t:|1656713930\n|switch|p2a: Moltres|Moltres-Galar|100\/100\n|-damage|p2a: Moltres|76\/100|[from] Stealth Rock\n|turn|11\n|\n|t:|1656713935\n|move|p1a: Tapu Lele|Moonblast|p2a: Moltres\n|-supereffective|p2a: Moltres\n|-damage|p2a: Moltres|29\/100\n|-enditem|p2a: Moltres|Weakness Policy\n|-boost|p2a: Moltres|atk|2|[from] item: Weakness Policy\n|-boost|p2a: Moltres|spa|2|[from] item: Weakness Policy\n|-ability|p2a: Moltres|Berserk|boost\n|-boost|p2a: Moltres|spa|1\n|move|p2a: Moltres|Agility|p2a: Moltres\n|-boost|p2a: Moltres|spe|2\n|\n|-weather|Hail|[upkeep]\n|-damage|p2a: Moltres|23\/100|[from] Hail\n|-damage|p1a: Tapu Lele|44\/100|[from] Hail\n|-fieldend|move: Psychic Terrain\n|upkeep\n|turn|12\n|\n|t:|1656713954\n|switch|p1a: Mandibuzz|Mandibuzz, F|100\/100\n|move|p2a: Moltres|Fiery Wrath|p1a: Mandibuzz\n|-resisted|p1a: Mandibuzz\n|-damage|p1a: Mandibuzz|61\/100\n|\n|-weather|none\n|upkeep\n|turn|13\n|\n|t:|1656713962\n|move|p2a: Moltres|Hurricane|p1a: Mandibuzz\n|-damage|p1a: Mandibuzz|0 fnt\n|faint|p1a: Mandibuzz\n|\n|upkeep\n|\n|t:|1656713968\n|switch|p1a: Toxapex|Toxapex, M|100\/100\n|-damage|p1a: Toxapex|88\/100|[from] Stealth Rock\n|turn|14\n|\n|t:|1656713974\n|move|p2a: Moltres|Fiery Wrath|p1a: Toxapex\n|-damage|p1a: Toxapex|0 fnt\n|faint|p1a: Toxapex\n|\n|upkeep\n|-message|dracaufeu shiny forfeited.\n|\n|win|pokken111\n|raw|dracaufeu shiny's rating: 1416 &rarr; <strong>1396<\/strong><br \/>(-20 for losing)\n|raw|pokken111's rating: 1422 &rarr; <strong>1442<\/strong><br \/>(+20 for winning)\n|l|\u2606dracaufeu shiny\n","uploadtime":1656713981,"views":10,"p1id":"dracaufeushiny","p2id":"pokken111","formatid":"gen8ou","rating":1396,"private":0,"password":null}