{"id":"gen8ou-1599136288","p1":"2(H2O)-Alt","p2":"Force_ten","format":"gen8ou","log":"|j|\u26062(H2O)-Alt\n|j|\u2606Force_ten\n|t:|1655577012\n|gametype|singles\n|player|p1|2(H2O)-Alt|lady|1722\n|player|p2|Force_ten|102|1610\n|teamsize|p1|6\n|teamsize|p2|6\n|gen|8\n|tier|[Gen 8] OU\n|rated|\n|rule|Sleep Clause Mod: Limit one foe put to sleep\n|rule|Species Clause: Limit one of each Pok\u00e9mon\n|rule|OHKO Clause: OHKO moves are banned\n|rule|Evasion Moves Clause: Evasion moves are banned\n|rule|Endless Battle Clause: Forcing endless battles is banned\n|rule|HP Percentage Mod: HP is shown in percentages\n|rule|Dynamax Clause: You cannot dynamax\n|clearpoke\n|poke|p1|Tapu Lele|\n|poke|p1|Victini|\n|poke|p1|Melmetal|\n|poke|p1|Landorus-Therian, M|\n|poke|p1|Urshifu-*, M|\n|poke|p1|Dragonite, M|\n|poke|p2|Tornadus-Therian, M|\n|poke|p2|Ferrothorn, F|\n|poke|p2|Landorus-Therian, M|\n|poke|p2|Volcanion|\n|poke|p2|Kartana|\n|poke|p2|Corviknight, M|\n|teampreview\n|\n|t:|1655577021\n|start\n|switch|p1a: Landorus|Landorus-Therian, M|100\/100\n|switch|p2a: Tornadus|Tornadus-Therian, M|100\/100\n|-ability|p1a: Landorus|Intimidate|boost\n|-unboost|p2a: Tornadus|atk|1\n|turn|1\n|inactive|Battle timer is ON: inactive players will automatically lose when time's up. (requested by 2(H2O)-Alt)\n|\n|t:|1655577025\n|move|p2a: Tornadus|Knock Off|p1a: Landorus\n|-damage|p1a: Landorus|87\/100\n|-enditem|p1a: Landorus|Leftovers|[from] move: Knock Off|[of] p2a: Tornadus\n|move|p1a: Landorus|Toxic|p2a: Tornadus\n|-status|p2a: Tornadus|tox\n|\n|-damage|p2a: Tornadus|94\/100 tox|[from] psn\n|upkeep\n|turn|2\n|\n|t:|1655577028\n|move|p2a: Tornadus|U-turn|p1a: Landorus\n|-resisted|p1a: Landorus\n|-damage|p1a: Landorus|82\/100\n|\n|t:|1655577030\n|switch|p2a: Ferrothorn|Ferrothorn, F|100\/100|[from]move: U-turn\n|move|p1a: Landorus|U-turn|p2a: Ferrothorn\n|-damage|p2a: Ferrothorn|86\/100\n|-damage|p1a: Landorus|70\/100|[from] ability: Iron Barbs|[of] p2a: Ferrothorn\n|\n|t:|1655577033\n|switch|p1a: Tapu Lele|Tapu Lele|100\/100|[from]move: U-turn\n|-fieldstart|move: Psychic Terrain|[from] ability: Psychic Surge|[of] p1a: Tapu Lele\n|\n|-heal|p2a: Ferrothorn|92\/100|[from] item: Leftovers\n|upkeep\n|turn|3\n|\n|t:|1655577037\n|switch|p2a: Tornadus|Tornadus-Therian, M|100\/100 tox\n|move|p1a: Tapu Lele|Future Sight|p2a: Tornadus\n|-start|p1a: Tapu Lele|move: Future Sight\n|\n|-damage|p2a: Tornadus|94\/100 tox|[from] psn\n|upkeep\n|turn|4\n|\n|t:|1655577039\n|switch|p1a: Melmetal|Melmetal|100\/100\n|move|p2a: Tornadus|U-turn|p1a: Melmetal\n|-resisted|p1a: Melmetal\n|-damage|p1a: Melmetal|96\/100\n|\n|t:|1655577041\n|switch|p2a: Volcanion|Volcanion|100\/100|[from]move: U-turn\n|\n|upkeep\n|turn|5\n|\n|t:|1655577046\n|switch|p1a: Dragonite|Dragonite, M|100\/100\n|move|p2a: Volcanion|Steam Eruption|p1a: Dragonite\n|-resisted|p1a: Dragonite\n|-damage|p1a: Dragonite|83\/100\n|\n|-end|p2a: Volcanion|move: Future Sight\n|-crit|p2a: Volcanion\n|-damage|p2a: Volcanion|0 fnt\n|faint|p2a: Volcanion\n|upkeep\n|\n|t:|1655577064\n|switch|p2a: Landorus|Landorus-Therian, M|100\/100\n|-ability|p2a: Landorus|Intimidate|boost\n|-unboost|p1a: Dragonite|atk|1\n|turn|6\n|j| 3443tr3t43\n|\n|t:|1655577067\n|switch|p1a: Landorus|Landorus-Therian, M|70\/100\n|-ability|p1a: Landorus|Intimidate|boost\n|-unboost|p2a: Landorus|atk|1\n|move|p2a: Landorus|Stealth Rock|p1a: Landorus\n|-sidestart|p1: 2(H2O)-Alt|move: Stealth Rock\n|\n|-fieldend|move: Psychic Terrain\n|upkeep\n|turn|7\n|\n|t:|1655577074\n|move|p2a: Landorus|Toxic|p1a: Landorus\n|-status|p1a: Landorus|tox\n|move|p1a: Landorus|Toxic|p2a: Landorus\n|-status|p2a: Landorus|tox\n|\n|-damage|p2a: Landorus|94\/100 tox|[from] psn\n|-damage|p1a: Landorus|64\/100 tox|[from] psn\n|upkeep\n|turn|8\n|\n|t:|1655577077\n|move|p2a: Landorus|U-turn|p1a: Landorus\n|-resisted|p1a: Landorus\n|-damage|p1a: Landorus|57\/100 tox\n|\n|t:|1655577078\n|switch|p2a: Ferrothorn|Ferrothorn, F|92\/100|[from]move: U-turn\n|move|p1a: Landorus|Defog|p2a: Ferrothorn\n|-unboost|p2a: Ferrothorn|evasion|1\n|-sideend|p1: 2(H2O)-Alt|Stealth Rock|[from] move: Defog|[of] p1a: Landorus\n|\n|-heal|p2a: Ferrothorn|98\/100|[from] item: Leftovers\n|-damage|p1a: Landorus|45\/100 tox|[from] psn\n|upkeep\n|turn|9\n|\n|t:|1655577082\n|switch|p1a: Victini|Victini|100\/100\n|move|p2a: Ferrothorn|Knock Off|p1a: Victini\n|-supereffective|p1a: Victini\n|-damage|p1a: Victini|51\/100\n|-enditem|p1a: Victini|Heavy-Duty Boots|[from] move: Knock Off|[of] p2a: Ferrothorn\n|\n|-heal|p2a: Ferrothorn|100\/100|[from] item: Leftovers\n|upkeep\n|turn|10\n|\n|t:|1655577086\n|switch|p2a: Landorus|Landorus-Therian, M|94\/100 tox\n|-ability|p2a: Landorus|Intimidate|boost\n|-unboost|p1a: Victini|atk|1\n|move|p1a: Victini|V-create|p2a: Landorus\n|-damage|p2a: Landorus|48\/100 tox\n|-unboost|p1a: Victini|spe|1\n|-unboost|p1a: Victini|def|1\n|-unboost|p1a: Victini|spd|1\n|\n|-heal|p2a: Landorus|54\/100 tox|[from] item: Leftovers\n|-damage|p2a: Landorus|48\/100 tox|[from] psn\n|upkeep\n|turn|11\n|\n|t:|1655577090\n|switch|p1a: Landorus|Landorus-Therian, M|45\/100 tox\n|-ability|p1a: Landorus|Intimidate|boost\n|-unboost|p2a: Landorus|atk|1\n|move|p2a: Landorus|Stealth Rock|p1a: Landorus\n|-sidestart|p1: 2(H2O)-Alt|move: Stealth Rock\n|\n|-heal|p2a: Landorus|54\/100 tox|[from] item: Leftovers\n|-damage|p2a: Landorus|42\/100 tox|[from] psn\n|-damage|p1a: Landorus|39\/100 tox|[from] psn\n|upkeep\n|turn|12\n|\n|t:|1655577094\n|switch|p2a: Kartana|Kartana|100\/100\n|move|p1a: Landorus|Defog|p2a: Kartana\n|-unboost|p2a: Kartana|evasion|1\n|-sideend|p1: 2(H2O)-Alt|Stealth Rock|[from] move: Defog|[of] p1a: Landorus\n|\n|-damage|p1a: Landorus|27\/100 tox|[from] psn\n|upkeep\n|turn|13\n|\n|t:|1655577098\n|switch|p1a: Dragonite|Dragonite, M|83\/100\n|move|p2a: Kartana|Knock Off|p1a: Dragonite\n|-damage|p1a: Dragonite|29\/100\n|-enditem|p1a: Dragonite|Heavy-Duty Boots|[from] move: Knock Off|[of] p2a: Kartana\n|\n|upkeep\n|turn|14\n|l| 3443tr3t43\n|\n|t:|1655577106\n|switch|p1a: Urshifu|Urshifu-Rapid-Strike, M|100\/100\n|move|p2a: Kartana|Knock Off|p1a: Urshifu\n|-resisted|p1a: Urshifu\n|-damage|p1a: Urshifu|70\/100\n|-enditem|p1a: Urshifu|Choice Band|[from] move: Knock Off|[of] p2a: Kartana\n|\n|upkeep\n|turn|15\n|\n|t:|1655577110\n|switch|p2a: Corviknight|Corviknight, M|100\/100\n|-ability|p2a: Corviknight|Pressure\n|move|p1a: Urshifu|U-turn|p2a: Corviknight\n|-resisted|p2a: Corviknight\n|-damage|p2a: Corviknight|97\/100\n|-damage|p1a: Urshifu|53\/100|[from] item: Rocky Helmet|[of] p2a: Corviknight\n|\n|t:|1655577113\n|switch|p1a: Dragonite|Dragonite, M|29\/100|[from]move: U-turn\n|\n|upkeep\n|turn|16\n|\n|t:|1655577116\n|move|p1a: Dragonite|Roost|p1a: Dragonite\n|-heal|p1a: Dragonite|79\/100\n|-singleturn|p1a: Dragonite|move: Roost\n|move|p2a: Corviknight|U-turn|p1a: Dragonite\n|-damage|p1a: Dragonite|68\/100\n|\n|t:|1655577118\n|switch|p2a: Kartana|Kartana|100\/100|[from]move: U-turn\n|\n|upkeep\n|turn|17\n|\n|t:|1655577122\n|move|p2a: Kartana|Smart Strike|p1a: Dragonite\n|-damage|p1a: Dragonite|2\/100\n|move|p1a: Dragonite|Roost|p1a: Dragonite\n|-heal|p1a: Dragonite|52\/100\n|-singleturn|p1a: Dragonite|move: Roost\n|\n|upkeep\n|turn|18\n|\n|t:|1655577128\n|switch|p2a: Landorus|Landorus-Therian, M|42\/100 tox\n|-ability|p2a: Landorus|Intimidate|boost\n|-unboost|p1a: Dragonite|atk|1\n|switch|p1a: Melmetal|Melmetal|96\/100\n|\n|-heal|p2a: Landorus|48\/100 tox|[from] item: Leftovers\n|-damage|p2a: Landorus|42\/100 tox|[from] psn\n|upkeep\n|turn|19\n|\n|t:|1655577132\n|switch|p1a: Landorus|Landorus-Therian, M|27\/100 tox\n|-ability|p1a: Landorus|Intimidate|boost\n|-unboost|p2a: Landorus|atk|1\n|move|p2a: Landorus|Stealth Rock|p1a: Landorus\n|-sidestart|p1: 2(H2O)-Alt|move: Stealth Rock\n|\n|-heal|p2a: Landorus|48\/100 tox|[from] item: Leftovers\n|-damage|p2a: Landorus|36\/100 tox|[from] psn\n|-damage|p1a: Landorus|21\/100 tox|[from] psn\n|upkeep\n|turn|20\n|\n|t:|1655577134\n|switch|p2a: Kartana|Kartana|100\/100\n|move|p1a: Landorus|Defog|p2a: Kartana\n|-unboost|p2a: Kartana|evasion|1\n|-sideend|p1: 2(H2O)-Alt|Stealth Rock|[from] move: Defog|[of] p1a: Landorus\n|\n|-damage|p1a: Landorus|9\/100 tox|[from] psn\n|upkeep\n|turn|21\n|\n|t:|1655577138\n|switch|p1a: Melmetal|Melmetal|96\/100\n|move|p2a: Kartana|Knock Off|p1a: Melmetal\n|-damage|p1a: Melmetal|57\/100\n|-enditem|p1a: Melmetal|Assault Vest|[from] move: Knock Off|[of] p2a: Kartana\n|\n|upkeep\n|turn|22\n|\n|t:|1655577144\n|switch|p2a: Ferrothorn|Ferrothorn, F|100\/100\n|switch|p1a: Victini|Victini|51\/100\n|\n|upkeep\n|turn|23\n|\n|t:|1655577148\n|switch|p2a: Landorus|Landorus-Therian, M|36\/100 tox\n|-ability|p2a: Landorus|Intimidate|boost\n|-unboost|p1a: Victini|atk|1\n|move|p1a: Victini|V-create|p2a: Landorus\n|-damage|p2a: Landorus|0 fnt\n|-unboost|p1a: Victini|spe|1\n|-unboost|p1a: Victini|def|1\n|-unboost|p1a: Victini|spd|1\n|faint|p2a: Landorus\n|\n|upkeep\n|\n|t:|1655577150\n|switch|p2a: Kartana|Kartana|100\/100\n|turn|24\n|\n|t:|1655577154\n|switch|p1a: Melmetal|Melmetal|57\/100\n|move|p2a: Kartana|Knock Off|p1a: Melmetal\n|-damage|p1a: Melmetal|30\/100\n|\n|upkeep\n|turn|25\n|\n|t:|1655577159\n|switch|p2a: Corviknight|Corviknight, M|97\/100\n|-ability|p2a: Corviknight|Pressure\n|move|p1a: Melmetal|Earthquake|p2a: Corviknight\n|-immune|p2a: Corviknight\n|\n|upkeep\n|turn|26\n|\n|t:|1655577162\n|switch|p1a: Landorus|Landorus-Therian, M|9\/100 tox\n|-ability|p1a: Landorus|Intimidate|boost\n|-unboost|p2a: Corviknight|atk|1\n|move|p2a: Corviknight|U-turn|p1a: Landorus\n|-resisted|p1a: Landorus\n|-damage|p1a: Landorus|4\/100 tox\n|\n|t:|1655577164\n|switch|p2a: Kartana|Kartana|100\/100|[from]move: U-turn\n|\n|-damage|p1a: Landorus|0 fnt|[from] psn\n|faint|p1a: Landorus\n|upkeep\n|\n|t:|1655577169\n|switch|p1a: Dragonite|Dragonite, M|52\/100\n|turn|27\n|\n|t:|1655577171\n|switch|p1a: Melmetal|Melmetal|30\/100\n|move|p2a: Kartana|Smart Strike|p1a: Melmetal\n|-resisted|p1a: Melmetal\n|-damage|p1a: Melmetal|8\/100\n|\n|upkeep\n|turn|28\n|\n|t:|1655577181\n|move|p2a: Kartana|Smart Strike|p1a: Melmetal\n|-resisted|p1a: Melmetal\n|-damage|p1a: Melmetal|0 fnt\n|faint|p1a: Melmetal\n|-ability|p2a: Kartana|Beast Boost|boost\n|-boost|p2a: Kartana|atk|1\n|\n|upkeep\n|\n|t:|1655577182\n|switch|p1a: Urshifu|Urshifu-Rapid-Strike, M|53\/100\n|turn|29\n|\n|t:|1655577186\n|switch|p2a: Corviknight|Corviknight, M|97\/100\n|-ability|p2a: Corviknight|Pressure\n|move|p1a: Urshifu|Surging Strikes|p2a: Corviknight\n|-crit|p2a: Corviknight\n|-damage|p2a: Corviknight|85\/100\n|-damage|p1a: Urshifu|37\/100|[from] item: Rocky Helmet|[of] p2a: Corviknight\n|-crit|p2a: Corviknight\n|-damage|p2a: Corviknight|74\/100\n|-damage|p1a: Urshifu|20\/100|[from] item: Rocky Helmet|[of] p2a: Corviknight\n|-crit|p2a: Corviknight\n|-damage|p2a: Corviknight|62\/100\n|-damage|p1a: Urshifu|4\/100|[from] item: Rocky Helmet|[of] p2a: Corviknight\n|-hitcount|p2a: Corviknight|3\n|\n|upkeep\n|turn|30\n|\n|t:|1655577190\n|switch|p1a: Victini|Victini|51\/100\n|move|p2a: Corviknight|U-turn|p1a: Victini\n|-damage|p1a: Victini|34\/100\n|\n|t:|1655577193\n|switch|p2a: Kartana|Kartana|100\/100|[from]move: U-turn\n|\n|upkeep\n|turn|31\n|j| nemuns\n|\n|t:|1655577199\n|switch|p1a: Urshifu|Urshifu-Rapid-Strike, M|4\/100\n|move|p2a: Kartana|Knock Off|p1a: Urshifu\n|-resisted|p1a: Urshifu\n|-damage|p1a: Urshifu|0 fnt\n|faint|p1a: Urshifu\n|-ability|p2a: Kartana|Beast Boost|boost\n|-boost|p2a: Kartana|atk|1\n|\n|upkeep\n|\n|t:|1655577201\n|switch|p1a: Tapu Lele|Tapu Lele|100\/100\n|-fieldstart|move: Psychic Terrain|[from] ability: Psychic Surge|[of] p1a: Tapu Lele\n|turn|32\n|\n|t:|1655577204\n|switch|p1a: Victini|Victini|34\/100\n|switch|p2a: Ferrothorn|Ferrothorn, F|100\/100\n|\n|upkeep\n|turn|33\n|\n|t:|1655577208\n|switch|p2a: Corviknight|Corviknight, M|62\/100\n|-ability|p2a: Corviknight|Pressure\n|move|p1a: Victini|V-create|p2a: Corviknight\n|-supereffective|p2a: Corviknight\n|-crit|p2a: Corviknight\n|-damage|p2a: Corviknight|0 fnt\n|-unboost|p1a: Victini|spe|1\n|-unboost|p1a: Victini|def|1\n|-unboost|p1a: Victini|spd|1\n|-damage|p1a: Victini|17\/100|[from] item: Rocky Helmet|[of] p2a: Corviknight\n|faint|p2a: Corviknight\n|\n|upkeep\n|\n|t:|1655577211\n|switch|p2a: Kartana|Kartana|100\/100\n|turn|34\n|\n|t:|1655577217\n|move|p2a: Kartana|Smart Strike|p1a: Victini\n|-resisted|p1a: Victini\n|-damage|p1a: Victini|0 fnt\n|faint|p1a: Victini\n|-ability|p2a: Kartana|Beast Boost|boost\n|-boost|p2a: Kartana|atk|1\n|\n|upkeep\n|\n|t:|1655577219\n|switch|p1a: Tapu Lele|Tapu Lele|100\/100\n|turn|35\n|\n|t:|1655577226\n|switch|p2a: Tornadus|Tornadus-Therian, M|100\/100 tox\n|move|p1a: Tapu Lele|Moonblast|p2a: Tornadus\n|-damage|p2a: Tornadus|73\/100 tox\n|\n|-damage|p2a: Tornadus|67\/100 tox|[from] psn\n|upkeep\n|turn|36\n|\n|t:|1655577231\n|move|p1a: Tapu Lele|Moonblast|p2a: Tornadus\n|-damage|p2a: Tornadus|40\/100 tox\n|-unboost|p2a: Tornadus|spa|1\n|move|p2a: Tornadus|Knock Off|p1a: Tapu Lele\n|-damage|p1a: Tapu Lele|71\/100\n|-enditem|p1a: Tapu Lele|Choice Scarf|[from] move: Knock Off|[of] p2a: Tornadus\n|\n|-damage|p2a: Tornadus|28\/100 tox|[from] psn\n|-fieldend|move: Psychic Terrain\n|upkeep\n|turn|37\n|\n|t:|1655577238\n|switch|p1a: Dragonite|Dragonite, M|52\/100\n|move|p2a: Tornadus|U-turn|p1a: Dragonite\n|-resisted|p1a: Dragonite\n|-damage|p1a: Dragonite|46\/100\n|\n|t:|1655577240\n|switch|p2a: Kartana|Kartana|100\/100|[from]move: U-turn\n|\n|upkeep\n|turn|38\n|\n|t:|1655577242\n|move|p2a: Kartana|Smart Strike|p1a: Dragonite\n|-damage|p1a: Dragonite|0 fnt\n|faint|p1a: Dragonite\n|-ability|p2a: Kartana|Beast Boost|boost\n|-boost|p2a: Kartana|atk|1\n|\n|upkeep\n|-message|2(H2O)-Alt forfeited.\n|\n|win|Force_ten\n|raw|2(H2O)-Alt's rating: 1722 &rarr; <strong>1696<\/strong><br \/>(-26 for losing)\n|raw|Force_ten's rating: 1610 &rarr; <strong>1636<\/strong><br \/>(+26 for winning)\n|l|\u26062(H2O)-Alt\n|l| nemuns\n||Ladder isn't responding, score probably updated but might not have (Request timeout).\n","uploadtime":1655577260,"views":74,"p1id":"2h2oalt","p2id":"forceten","formatid":"gen8ou","rating":1636,"private":0,"password":null}