{"id":"gen8ou-1654006658","p1":"Capital Cruiser","p2":"minimax_ai","format":"gen8ou","log":"|j|\u203dCapital Cruiser\n|j|\u2606minimax_ai\n|t:|1662083245\n|gametype|singles\n|player|p1|Capital Cruiser|cheren-gen5bw2|1416\n|player|p2|minimax_ai|lusamine-nihilego|1407\n|teamsize|p1|6\n|teamsize|p2|6\n|gen|8\n|tier|[Gen 8] OU\n|rated|\n|rule|Sleep Clause Mod: Limit one foe put to sleep\n|rule|Species Clause: Limit one of each Pok\u00e9mon\n|rule|OHKO Clause: OHKO moves are banned\n|rule|Evasion Items Clause: Evasion items are banned\n|rule|Evasion Moves Clause: Evasion moves are banned\n|rule|Endless Battle Clause: Forcing endless battles is banned\n|rule|HP Percentage Mod: HP is shown in percentages\n|rule|Dynamax Clause: You cannot dynamax\n|clearpoke\n|poke|p1|Slowking-Galar, M|\n|poke|p1|Dragonite, F|\n|poke|p1|Kartana|\n|poke|p1|Heatran, M|\n|poke|p1|Corviknight, F|\n|poke|p1|Dragapult, F|\n|poke|p2|Rotom-Wash|\n|poke|p2|Weavile, F|\n|poke|p2|Landorus-Therian, M|\n|poke|p2|Heatran, M|\n|poke|p2|Tangrowth, F|\n|poke|p2|Melmetal|\n|teampreview\n|inactive|Battle timer is ON: inactive players will automatically lose when time's up. (requested by Capital Cruiser)\n|c|\u2606minimax_ai|hf\n|inactive|minimax_ai also wants the timer to be on.\n|\n|t:|1662083255\n|start\n|switch|p1a: Dragapult|Dragapult, F, shiny|100\/100\n|switch|p2a: Melmetal|Melmetal|100\/100\n|turn|1\n|\n|t:|1662083259\n|switch|p1a: Corviknight|Corviknight, F, shiny|100\/100\n|-ability|p1a: Corviknight|Pressure\n|move|p2a: Melmetal|Ice Punch|p1a: Corviknight\n|-damage|p1a: Corviknight|80\/100\n|-damage|p2a: Melmetal|84\/100|[from] item: Rocky Helmet|[of] p1a: Corviknight\n|\n|upkeep\n|turn|2\n|\n|t:|1662083265\n|switch|p1a: Slowking|Slowking-Galar, M, shiny|100\/100\n|move|p2a: Melmetal|Thunder Punch|p1a: Slowking\n|-damage|p1a: Slowking|72\/100\n|\n|-heal|p1a: Slowking|78\/100|[from] item: Black Sludge\n|upkeep\n|turn|3\n|\n|t:|1662083269\n|switch|p1a: Corviknight|Corviknight, F, shiny|80\/100\n|-ability|p1a: Corviknight|Pressure\n|move|p2a: Melmetal|Double Iron Bash|p1a: Corviknight\n|-resisted|p1a: Corviknight\n|-damage|p1a: Corviknight|68\/100\n|-damage|p2a: Melmetal|67\/100|[from] item: Rocky Helmet|[of] p1a: Corviknight\n|-resisted|p1a: Corviknight\n|-damage|p1a: Corviknight|55\/100\n|-damage|p2a: Melmetal|51\/100|[from] item: Rocky Helmet|[of] p1a: Corviknight\n|-hitcount|p1a: Corviknight|2\n|\n|upkeep\n|turn|4\n|\n|t:|1662083271\n|move|p1a: Corviknight|Roost|p1a: Corviknight\n|-heal|p1a: Corviknight|100\/100\n|-singleturn|p1a: Corviknight|move: Roost\n|move|p2a: Melmetal|Thunder Punch|p1a: Corviknight\n|-damage|p1a: Corviknight|80\/100\n|-damage|p2a: Melmetal|34\/100|[from] item: Rocky Helmet|[of] p1a: Corviknight\n|\n|upkeep\n|turn|5\n|\n|t:|1662083276\n|move|p1a: Corviknight|Bulk Up|p1a: Corviknight\n|-boost|p1a: Corviknight|atk|1\n|-boost|p1a: Corviknight|def|1\n|move|p2a: Melmetal|Thunder Punch|p1a: Corviknight\n|-supereffective|p1a: Corviknight\n|-damage|p1a: Corviknight|52\/100\n|-damage|p2a: Melmetal|18\/100|[from] item: Rocky Helmet|[of] p1a: Corviknight\n|\n|upkeep\n|turn|6\n|\n|t:|1662083278\n|switch|p2a: Heatran|Heatran, M|100\/100\n|-item|p2a: Heatran|Air Balloon\n|move|p1a: Corviknight|Roost|p1a: Corviknight\n|-heal|p1a: Corviknight|100\/100\n|-singleturn|p1a: Corviknight|move: Roost\n|\n|upkeep\n|turn|7\n|\n|t:|1662083286\n|switch|p1a: Dragapult|Dragapult, F, shiny|100\/100\n|move|p2a: Heatran|Stealth Rock|p1a: Dragapult\n|-sidestart|p1: Capital Cruiser|move: Stealth Rock\n|\n|upkeep\n|turn|8\n|\n|t:|1662083290\n|move|p1a: Dragapult|Shadow Ball|p2a: Heatran\n|-damage|p2a: Heatran|47\/100\n|-enditem|p2a: Heatran|Air Balloon\n|move|p2a: Heatran|Magma Storm|p1a: Dragapult\n|-resisted|p1a: Dragapult\n|-damage|p1a: Dragapult|65\/100\n|-activate|p1a: Dragapult|move: Magma Storm|[of] p2a: Heatran\n|\n|-damage|p1a: Dragapult|52\/100|[from] move: Magma Storm|[partiallytrapped]\n|upkeep\n|turn|9\n|\n|t:|1662083294\n|switch|p2a: Weavile|Weavile, F|100\/100\n|-ability|p2a: Weavile|Pressure\n|move|p1a: Dragapult|Shadow Ball|p2a: Weavile\n|-resisted|p2a: Weavile\n|-damage|p2a: Weavile|58\/100\n|\n|-end|p1a: Dragapult|Magma Storm|[partiallytrapped]|[silent]\n|upkeep\n|turn|10\n|\n|t:|1662083297\n|switch|p1a: Corviknight|Corviknight, F, shiny|100\/100\n|-damage|p1a: Corviknight|88\/100|[from] Stealth Rock\n|-ability|p1a: Corviknight|Pressure\n|move|p2a: Weavile|Triple Axel|p1a: Corviknight\n|-damage|p1a: Corviknight|79\/100\n|-damage|p2a: Weavile|42\/100|[from] item: Rocky Helmet|[of] p1a: Corviknight\n|-damage|p1a: Corviknight|62\/100\n|-damage|p2a: Weavile|25\/100|[from] item: Rocky Helmet|[of] p1a: Corviknight\n|-damage|p1a: Corviknight|35\/100\n|-damage|p2a: Weavile|9\/100|[from] item: Rocky Helmet|[of] p1a: Corviknight\n|-hitcount|p1a: Corviknight|3\n|\n|upkeep\n|turn|11\n|\n|t:|1662083300\n|move|p2a: Weavile|Triple Axel|p1a: Corviknight\n|-damage|p1a: Corviknight|26\/100\n|-damage|p2a: Weavile|0 fnt|[from] item: Rocky Helmet|[of] p1a: Corviknight\n|faint|p2a: Weavile\n|-hitcount|p1a: Corviknight|1\n|move|p1a: Corviknight|Roost|p1a: Corviknight\n|-heal|p1a: Corviknight|76\/100\n|-singleturn|p1a: Corviknight|move: Roost\n|\n|upkeep\n|\n|t:|1662083300\n|switch|p2a: rotomwash|Rotom-Wash|100\/100\n|turn|12\n|\n|t:|1662083304\n|switch|p1a: Slowking|Slowking-Galar, M, shiny|78\/100\n|-damage|p1a: Slowking|66\/100|[from] Stealth Rock\n|move|p2a: rotomwash|Thunderbolt|p1a: Slowking\n|-damage|p1a: Slowking|37\/100\n|\n|-heal|p1a: Slowking|43\/100|[from] item: Black Sludge\n|upkeep\n|turn|13\n|\n|t:|1662083307\n|move|p2a: rotomwash|Thunderbolt|p1a: Slowking\n|-damage|p1a: Slowking|16\/100\n|move|p1a: Slowking|Slack Off|p1a: Slowking\n|-heal|p1a: Slowking|66\/100\n|\n|-heal|p1a: Slowking|72\/100|[from] item: Black Sludge\n|upkeep\n|turn|14\n|\n|t:|1662083313\n|move|p2a: rotomwash|Nasty Plot|p2a: rotomwash\n|-boost|p2a: rotomwash|spa|2\n|move|p1a: Slowking|Trick|p2a: rotomwash\n|-activate|p1a: Slowking|move: Trick|[of] p2a: rotomwash\n|-item|p2a: rotomwash|Black Sludge|[from] move: Trick\n|-item|p1a: Slowking|Leftovers|[from] move: Trick\n|\n|-damage|p2a: rotomwash|88\/100|[from] item: Black Sludge\n|-heal|p1a: Slowking|78\/100|[from] item: Leftovers\n|upkeep\n|turn|15\n|\n|t:|1662083319\n|move|p2a: rotomwash|Hydro Pump|p1a: Slowking\n|-damage|p1a: Slowking|8\/100\n|move|p1a: Slowking|Future Sight|p2a: rotomwash\n|-start|p1a: Slowking|move: Future Sight\n|\n|-damage|p2a: rotomwash|75\/100|[from] item: Black Sludge\n|-heal|p1a: Slowking|14\/100|[from] item: Leftovers\n|upkeep\n|turn|16\n|inactive|Capital Cruiser has 120 seconds left.\n|\n|t:|1662083351\n|move|p2a: rotomwash|Thunderbolt|p1a: Slowking\n|-damage|p1a: Slowking|0 fnt\n|faint|p1a: Slowking\n|\n|-damage|p2a: rotomwash|63\/100|[from] item: Black Sludge\n|upkeep\n|inactive|Capital Cruiser has 120 seconds left.\n|\n|t:|1662083356\n|switch|p1a: Dragapult|Dragapult, F, shiny|52\/100\n|-damage|p1a: Dragapult|40\/100|[from] Stealth Rock\n|turn|17\n|\n|t:|1662083358\n|switch|p2a: Melmetal|Melmetal|18\/100\n|move|p1a: Dragapult|Shadow Ball|p2a: Melmetal\n|-damage|p2a: Melmetal|0 fnt\n|faint|p2a: Melmetal\n|\n|-hint|Future Sight did not hit because the target is fainted.\n|upkeep\n|\n|t:|1662083358\n|switch|p2a: Tangrowth|Tangrowth, F|100\/100\n|turn|18\n|\n|t:|1662083364\n|switch|p1a: Corviknight|Corviknight, F, shiny|76\/100\n|-damage|p1a: Corviknight|63\/100|[from] Stealth Rock\n|-ability|p1a: Corviknight|Pressure\n|move|p2a: Tangrowth|Knock Off|p1a: Corviknight\n|-damage|p1a: Corviknight|51\/100\n|-damage|p2a: Tangrowth|84\/100|[from] item: Rocky Helmet|[of] p1a: Corviknight\n|-enditem|p1a: Corviknight|Rocky Helmet|[from] move: Knock Off|[of] p2a: Tangrowth\n|\n|upkeep\n|turn|19\n|\n|t:|1662083366\n|move|p1a: Corviknight|Defog|p2a: Tangrowth\n|-unboost|p2a: Tangrowth|evasion|1\n|-sideend|p1: Capital Cruiser|Stealth Rock|[from] move: Defog|[of] p1a: Corviknight\n|move|p2a: Tangrowth|Focus Blast|p1a: Corviknight\n|-damage|p1a: Corviknight|23\/100\n|\n|upkeep\n|turn|20\n|\n|t:|1662083377\n|move|p1a: Corviknight|Roost|p1a: Corviknight\n|-heal|p1a: Corviknight|73\/100\n|-singleturn|p1a: Corviknight|move: Roost\n|move|p2a: Tangrowth|Sleep Powder|p1a: Corviknight\n|-status|p1a: Corviknight|slp|[from] move: Sleep Powder\n|\n|upkeep\n|turn|21\n|\n|t:|1662083382\n|switch|p1a: Dragonite|Dragonite, F, shiny|100\/100\n|switch|p2a: rotomwash|Rotom-Wash|63\/100\n|\n|-damage|p2a: rotomwash|50\/100|[from] item: Black Sludge\n|upkeep\n|turn|22\n|\n|t:|1662083387\n|move|p2a: rotomwash|Pain Split|p1a: Dragonite\n|-sethp|p1a: Dragonite|73\/100|[from] move: Pain Split|[silent]\n|-sethp|p2a: rotomwash|81\/100|[from] move: Pain Split\n|move|p1a: Dragonite|Dragon Claw|p2a: rotomwash\n|-damage|p2a: rotomwash|37\/100\n|\n|-damage|p2a: rotomwash|24\/100|[from] item: Black Sludge\n|upkeep\n|turn|23\n|\n|t:|1662083391\n|move|p1a: Dragonite|Extreme Speed|p2a: rotomwash\n|-damage|p2a: rotomwash|0 fnt\n|faint|p2a: rotomwash\n|\n|upkeep\n|\n|t:|1662083391\n|switch|p2a: landorustherian|Landorus-Therian, M|100\/100\n|-ability|p2a: landorustherian|Intimidate|boost\n|-unboost|p1a: Dragonite|atk|1\n|turn|24\n|\n|t:|1662083397\n|switch|p1a: Corviknight|Corviknight, F, shiny|73\/100 slp\n|-ability|p1a: Corviknight|Pressure\n|move|p2a: landorustherian|Toxic||[still]\n|-fail|p2a: landorustherian\n|\n|upkeep\n|turn|25\n|\n|t:|1662083404\n|switch|p1a: Dragapult|Dragapult, F, shiny|40\/100\n|move|p2a: landorustherian|Defog|p1a: Dragapult\n|-unboost|p1a: Dragapult|evasion|1\n|\n|upkeep\n|turn|26\n|\n|t:|1662083412\n|move|p1a: Dragapult|Surf|p2a: landorustherian\n|-supereffective|p2a: landorustherian\n|-damage|p2a: landorustherian|33\/100\n|move|p2a: landorustherian|Earthquake|p1a: Dragapult\n|-damage|p1a: Dragapult|0 fnt\n|faint|p1a: Dragapult\n|\n|-heal|p2a: landorustherian|39\/100|[from] item: Leftovers\n|upkeep\n|\n|t:|1662083416\n|switch|p1a: Kartana|Kartana, shiny|100\/100\n|turn|27\n|\n|t:|1662083418\n|switch|p2a: Tangrowth|Tangrowth, F|100\/100\n|move|p1a: Kartana|Knock Off|p2a: Tangrowth\n|-damage|p2a: Tangrowth|77\/100\n|-damage|p1a: Kartana|84\/100|[from] item: Rocky Helmet|[of] p2a: Tangrowth\n|-enditem|p2a: Tangrowth|Rocky Helmet|[from] move: Knock Off|[of] p1a: Kartana\n|\n|upkeep\n|turn|28\n|\n|t:|1662083422\n|switch|p1a: Dragonite|Dragonite, F, shiny|73\/100\n|move|p2a: Tangrowth|Focus Blast|p1a: Dragonite\n|-resisted|p1a: Dragonite\n|-damage|p1a: Dragonite|58\/100\n|\n|upkeep\n|turn|29\n|\n|t:|1662083425\n|switch|p2a: landorustherian|Landorus-Therian, M|39\/100\n|-ability|p2a: landorustherian|Intimidate|boost\n|-unboost|p1a: Dragonite|atk|1\n|move|p1a: Dragonite|Dual Wingbeat|p2a: landorustherian\n|-damage|p2a: landorustherian|25\/100\n|-damage|p2a: landorustherian|12\/100\n|-hitcount|p2a: landorustherian|2\n|\n|-heal|p2a: landorustherian|18\/100|[from] item: Leftovers\n|upkeep\n|turn|30\n|\n|t:|1662083430\n|switch|p2a: Heatran|Heatran, M|47\/100\n|switch|p1a: Corviknight|Corviknight, F, shiny|73\/100 slp\n|-ability|p1a: Corviknight|Pressure\n|\n|upkeep\n|turn|31\n|\n|t:|1662083460\n|switch|p1a: Dragonite|Dragonite, F, shiny|58\/100\n|move|p2a: Heatran|Earth Power|p1a: Dragonite\n|-immune|p1a: Dragonite\n|\n|upkeep\n|turn|32\n|\n|t:|1662083470\n|move|p2a: Heatran|Stealth Rock|p1a: Dragonite\n|-sidestart|p1: Capital Cruiser|move: Stealth Rock\n|move|p1a: Dragonite|Roost|p1a: Dragonite\n|-heal|p1a: Dragonite|100\/100\n|-singleturn|p1a: Dragonite|move: Roost\n|\n|upkeep\n|turn|33\n|\n|t:|1662083472\n|move|p2a: Heatran|Magma Storm|p1a: Dragonite\n|-resisted|p1a: Dragonite\n|-damage|p1a: Dragonite|88\/100\n|-activate|p1a: Dragonite|move: Magma Storm|[of] p2a: Heatran\n|move|p1a: Dragonite|Dragon Claw|p2a: Heatran\n|-resisted|p2a: Heatran\n|-damage|p2a: Heatran|26\/100\n|\n|-damage|p1a: Dragonite|75\/100|[from] move: Magma Storm|[partiallytrapped]\n|upkeep\n|turn|34\n|\n|t:|1662083476\n|move|p2a: Heatran|Magma Storm|p1a: Dragonite\n|-resisted|p1a: Dragonite\n|-damage|p1a: Dragonite|51\/100\n|move|p1a: Dragonite|Dragon Claw|p2a: Heatran\n|-resisted|p2a: Heatran\n|-damage|p2a: Heatran|3\/100\n|\n|-damage|p1a: Dragonite|38\/100|[from] move: Magma Storm|[partiallytrapped]\n|upkeep\n|turn|35\n|\n|t:|1662083478\n|move|p1a: Dragonite|Extreme Speed|p2a: Heatran\n|-resisted|p2a: Heatran\n|-damage|p2a: Heatran|0 fnt\n|faint|p2a: Heatran\n|\n|-end|p1a: Dragonite|Magma Storm|[partiallytrapped]|[silent]\n|upkeep\n|\n|t:|1662083479\n|switch|p2a: Tangrowth|Tangrowth, F|100\/100\n|turn|36\n|\n|t:|1662083482\n|move|p1a: Dragonite|Roost|p1a: Dragonite\n|-heal|p1a: Dragonite|88\/100\n|-singleturn|p1a: Dragonite|move: Roost\n|move|p2a: Tangrowth|Knock Off|p1a: Dragonite\n|-damage|p1a: Dragonite|71\/100\n|-enditem|p1a: Dragonite|Heavy-Duty Boots|[from] move: Knock Off|[of] p2a: Tangrowth\n|\n|upkeep\n|turn|37\n|\n|t:|1662083485\n|move|p1a: Dragonite|Dual Wingbeat|p2a: Tangrowth\n|-supereffective|p2a: Tangrowth\n|-damage|p2a: Tangrowth|76\/100\n|-supereffective|p2a: Tangrowth\n|-damage|p2a: Tangrowth|52\/100\n|-hitcount|p2a: Tangrowth|2\n|move|p2a: Tangrowth|Giga Drain|p1a: Dragonite\n|-resisted|p1a: Dragonite\n|-damage|p1a: Dragonite|65\/100\n|-heal|p2a: Tangrowth|55\/100|[from] drain|[of] p1a: Dragonite\n|\n|upkeep\n|turn|38\n|\n|t:|1662083500\n|switch|p2a: landorustherian|Landorus-Therian, M|18\/100\n|-ability|p2a: landorustherian|Intimidate|boost\n|-unboost|p1a: Dragonite|atk|1\n|move|p1a: Dragonite|Dual Wingbeat|p2a: landorustherian\n|-damage|p2a: landorustherian|5\/100\n|-crit|p2a: landorustherian\n|-damage|p2a: landorustherian|0 fnt\n|faint|p2a: landorustherian\n|-hitcount|p2: landorustherian|2\n|\n|upkeep\n|\n|t:|1662083500\n|switch|p2a: Tangrowth|Tangrowth, F|88\/100\n|turn|39\n|\n|t:|1662083504\n|switch|p1a: Heatran|Heatran, M, shiny|100\/100\n|-damage|p1a: Heatran|88\/100|[from] Stealth Rock\n|move|p2a: Tangrowth|Focus Blast|p1a: Heatran\n|-supereffective|p1a: Heatran\n|-damage|p1a: Heatran|51\/100\n|\n|-heal|p1a: Heatran|57\/100|[from] item: Leftovers\n|upkeep\n|turn|40\n|\n|t:|1662083506\n|move|p1a: Heatran|Lava Plume|p2a: Tangrowth\n|-supereffective|p2a: Tangrowth\n|-damage|p2a: Tangrowth|0 fnt\n|faint|p2a: Tangrowth\n|\n|win|Capital Cruiser\n|raw|Capital Cruiser's rating: 1416 &rarr; <strong>1435<\/strong><br \/>(+19 for winning)\n|raw|minimax_ai's rating: 1407 &rarr; <strong>1388<\/strong><br \/>(-19 for losing)\n|c|\u2606minimax_ai|gg\n","uploadtime":1662083508,"views":7,"p1id":"capitalcruiser","p2id":"minimaxai","formatid":"gen8ou","rating":1388,"private":0,"password":null}