{"id":"gen8ou-1230685658","p1":"glaed13","p2":"Acey 2B!","format":"gen8ou","log":"|j|\u2606glaed13\n|j|\u2606Acey 2B!\n|t:|1606250809\n|player|p1|glaed13|cheren-gen5bw2|1794\n|player|p2|Acey 2B!|elesa|1744\n|teamsize|p1|6\n|teamsize|p2|6\n|gametype|singles\n|gen|8\n|tier|[Gen 8] OU\n|rated|\n|clearpoke\n|poke|p1|Blaziken, M|\n|poke|p1|Klefki, F|\n|poke|p1|Ninetales, M|\n|poke|p1|Zapdos-Galar|\n|poke|p1|Cinderace, F|\n|poke|p1|Garchomp, F|\n|poke|p2|Shuckle, F|\n|poke|p2|Bisharp, M|\n|poke|p2|Landorus-Therian, M|\n|poke|p2|Latios, M|\n|poke|p2|Blacephalon|\n|poke|p2|Pheromosa|\n|rule|Sleep Clause Mod: Limit one foe put to sleep\n|rule|Species Clause: Limit one of each Pok\u00e9mon\n|rule|OHKO Clause: OHKO moves are banned\n|rule|Evasion Moves Clause: Evasion moves are banned\n|rule|Endless Battle Clause: Forcing endless battles is banned\n|rule|HP Percentage Mod: HP is shown in percentages\n|rule|Dynamax Clause: You cannot dynamax\n|teampreview\n|inactive|Battle timer is ON: inactive players will automatically lose when time's up. (requested by glaed13)\n|\n|t:|1606250815\n|start\n|switch|p1a: Zapdos|Zapdos-Galar|100\/100\n|switch|p2a: Shuckle|Shuckle, F|100\/100\n|turn|1\n|\n|t:|1606250822\n|move|p1a: Zapdos|Taunt|p2a: Shuckle\n|-start|p2a: Shuckle|move: Taunt\n|-enditem|p2a: Shuckle|Mental Herb\n|-end|p2a: Shuckle|move: Taunt\n|move|p2a: Shuckle|Stealth Rock|p1a: Zapdos\n|-sidestart|p1: glaed13|move: Stealth Rock\n|\n|upkeep\n|turn|2\n|\n|t:|1606250829\n|move|p1a: Zapdos|Taunt|p2a: Shuckle\n|-start|p2a: Shuckle|move: Taunt\n|move|p2a: Shuckle|Infestation|p1a: Zapdos\n|-resisted|p1a: Zapdos\n|-damage|p1a: Zapdos|99\/100\n|-activate|p1a: Zapdos|move: Infestation|[of] p2a: Shuckle\n|\n|-damage|p1a: Zapdos|88\/100|[from] move: Infestation|[partiallytrapped]\n|upkeep\n|turn|3\n|j| TestingSubject909\n|\n|t:|1606250840\n|switch|p2a: Blacephalon|Blacephalon|100\/100\n|move|p1a: Zapdos|Thunderous Kick|p2a: Blacephalon\n|-immune|p2a: Blacephalon\n|\n|-end|p1a: Zapdos|Infestation|[partiallytrapped]|[silent]\n|upkeep\n|turn|4\n|l| TestingSubject909\n|\n|t:|1606250847\n|move|p2a: Blacephalon|Flamethrower|p1a: Zapdos\n|-damage|p1a: Zapdos|38\/100\n|move|p1a: Zapdos|Throat Chop|p2a: Blacephalon\n|-supereffective|p2a: Blacephalon\n|-damage|p2a: Blacephalon|0 fnt\n|faint|p2a: Blacephalon\n|\n|upkeep\n|\n|t:|1606250851\n|switch|p2a: Latios|Latios, M|100\/100\n|turn|5\n|\n|t:|1606250858\n|switch|p1a: Klefki|Klefki, F, shiny|100\/100\n|-damage|p1a: Klefki|94\/100|[from] Stealth Rock\n|move|p2a: Latios|Psychic|p1a: Klefki\n|-resisted|p1a: Klefki\n|-damage|p1a: Klefki|61\/100\n|-damage|p2a: Latios|91\/100|[from] item: Life Orb\n|\n|upkeep\n|turn|6\n|j| Vessev\n|\n|t:|1606250863\n|switch|p2a: Shuckle|Shuckle, F|100\/100\n|move|p1a: Klefki|Defog|p2a: Shuckle\n|-unboost|p2a: Shuckle|evasion|1\n|-sideend|p1: glaed13|Stealth Rock|[from] move: Defog|[of] p1a: Klefki\n|\n|upkeep\n|turn|7\n|j| BrothaOptions\n|j| TestingSubject909\n|j| Adrift00\n|j| BASEDSAVAGE\n|\n|t:|1606250892\n|switch|p1a: Blaziken|Blaziken, M|100\/100\n|move|p2a: Shuckle|Infestation|p1a: Blaziken\n|-resisted|p1a: Blaziken\n|-damage|p1a: Blaziken|99\/100\n|-activate|p1a: Blaziken|move: Infestation|[of] p2a: Shuckle\n|\n|-damage|p1a: Blaziken|88\/100|[from] move: Infestation|[partiallytrapped]\n|upkeep\n|turn|8\n|\n|t:|1606250902\n|move|p1a: Blaziken|Swords Dance|p1a: Blaziken\n|-boost|p1a: Blaziken|atk|2\n|move|p2a: Shuckle|Encore|p1a: Blaziken\n|-start|p1a: Blaziken|Encore\n|\n|-damage|p1a: Blaziken|75\/100|[from] move: Infestation|[partiallytrapped]\n|-ability|p1a: Blaziken|Speed Boost|boost\n|-boost|p1a: Blaziken|spe|1\n|upkeep\n|turn|9\n|\n|t:|1606250909\n|move|p1a: Blaziken|Swords Dance|p1a: Blaziken\n|-boost|p1a: Blaziken|atk|2\n|move|p2a: Shuckle|Stealth Rock|p1a: Blaziken\n|-sidestart|p1: glaed13|move: Stealth Rock\n|\n|-damage|p1a: Blaziken|63\/100|[from] move: Infestation|[partiallytrapped]\n|-ability|p1a: Blaziken|Speed Boost|boost\n|-boost|p1a: Blaziken|spe|1\n|upkeep\n|turn|10\n|\n|t:|1606250912\n|switch|p2a: Landorus|Landorus-Therian, M|100\/100\n|-ability|p2a: Landorus|Intimidate|boost\n|-unboost|p1a: Blaziken|atk|1\n|move|p1a: Blaziken|Swords Dance|p1a: Blaziken\n|-boost|p1a: Blaziken|atk|2\n|\n|-end|p1a: Blaziken|Infestation|[partiallytrapped]|[silent]\n|-ability|p1a: Blaziken|Speed Boost|boost\n|-boost|p1a: Blaziken|spe|1\n|upkeep\n|turn|11\n|\n|t:|1606250916\n|switch|p1a: Zapdos|Zapdos-Galar|38\/100\n|-damage|p1a: Zapdos|26\/100|[from] Stealth Rock\n|move|p2a: Landorus|Earthquake|p1a: Zapdos\n|-immune|p1a: Zapdos\n|\n|upkeep\n|turn|12\n|\n|t:|1606250921\n|move|p1a: Zapdos|Acrobatics|p2a: Landorus\n|-damage|p2a: Landorus|36\/100\n|move|p2a: Landorus|Fly||[still]\n|-prepare|p2a: Landorus|Fly\n|-enditem|p2a: Landorus|Power Herb\n|-anim|p2a: Landorus|Fly|p1a: Zapdos\n|-supereffective|p1a: Zapdos\n|-damage|p1a: Zapdos|0 fnt\n|faint|p1a: Zapdos\n|\n|upkeep\n|j| PatedeCarrefour\n|\n|t:|1606250931\n|switch|p1a: Klefki|Klefki, F, shiny|61\/100\n|-damage|p1a: Klefki|55\/100|[from] Stealth Rock\n|turn|13\n|\n|t:|1606250933\n|move|p1a: Klefki|Defog|p2a: Landorus\n|-unboost|p2a: Landorus|evasion|1\n|-sideend|p1: glaed13|Stealth Rock|[from] move: Defog|[of] p1a: Klefki\n|move|p2a: Landorus|Earthquake|p1a: Klefki\n|-supereffective|p1a: Klefki\n|-damage|p1a: Klefki|0 fnt\n|faint|p1a: Klefki\n|\n|upkeep\n|\n|t:|1606250943\n|switch|p1a: Cinderace|Cinderace, F|100\/100\n|turn|14\n|\n|t:|1606250948\n|switch|p2a: Shuckle|Shuckle, F|100\/100\n|move|p1a: Cinderace|Pyro Ball|p2a: Shuckle\n|-damage|p2a: Shuckle|64\/100\n|\n|upkeep\n|turn|15\n|\n|t:|1606250958\n|move|p1a: Cinderace|Bulk Up|p1a: Cinderace\n|-start|p1a: Cinderace|typechange|Fighting|[from] ability: Libero\n|-boost|p1a: Cinderace|atk|1\n|-boost|p1a: Cinderace|def|1\n|move|p2a: Shuckle|Stealth Rock|p1a: Cinderace\n|-sidestart|p1: glaed13|move: Stealth Rock\n|\n|upkeep\n|turn|16\n|j| 4jw0bjw09rjb\n|\n|t:|1606250977\n|move|p1a: Cinderace|Pyro Ball|p2a: Shuckle\n|-start|p1a: Cinderace|typechange|Fire|[from] ability: Libero\n|-damage|p2a: Shuckle|14\/100\n|move|p2a: Shuckle|Encore|p1a: Cinderace\n|-start|p1a: Cinderace|Encore\n|\n|upkeep\n|turn|17\n|\n|t:|1606250985\n|move|p1a: Cinderace|Pyro Ball|p2a: Shuckle\n|-damage|p2a: Shuckle|0 fnt\n|faint|p2a: Shuckle\n|\n|upkeep\n|\n|t:|1606250987\n|switch|p2a: Latios|Latios, M|91\/100\n|turn|18\n|l| 4jw0bjw09rjb\n|\n|t:|1606251014\n|switch|p1a: Blaziken|Blaziken, M|63\/100\n|-damage|p1a: Blaziken|51\/100|[from] Stealth Rock\n|move|p2a: Latios|Draco Meteor|p1a: Blaziken\n|-damage|p1a: Blaziken|0 fnt\n|-unboost|p2a: Latios|spa|2\n|-damage|p2a: Latios|81\/100|[from] item: Life Orb\n|faint|p1a: Blaziken\n|\n|upkeep\n|j| General Woo\n|\n|t:|1606251020\n|switch|p1a: Cinderace|Cinderace, F|100\/100\n|-damage|p1a: Cinderace|76\/100|[from] Stealth Rock\n|turn|19\n|\n|t:|1606251025\n|move|p2a: Latios|Psychic|p1a: Cinderace\n|-damage|p1a: Cinderace|32\/100\n|-damage|p2a: Latios|71\/100|[from] item: Life Orb\n|move|p1a: Cinderace|Bulk Up|p1a: Cinderace\n|-start|p1a: Cinderace|typechange|Fighting|[from] ability: Libero\n|-boost|p1a: Cinderace|atk|1\n|-boost|p1a: Cinderace|def|1\n|\n|upkeep\n|turn|20\n|j| sdmag\n|\n|t:|1606251035\n|switch|p2a: Landorus|Landorus-Therian, M|36\/100\n|-ability|p2a: Landorus|Intimidate|boost\n|-unboost|p1a: Cinderace|atk|1\n|move|p1a: Cinderace|Sucker Punch||[still]\n|-fail|p1a: Cinderace\n|\n|upkeep\n|turn|21\n|j| ljafdlkjf\n|\n|t:|1606251041\n|move|p1a: Cinderace|Pyro Ball|p2a: Landorus\n|-start|p1a: Cinderace|typechange|Fire|[from] ability: Libero\n|-damage|p2a: Landorus|0 fnt\n|faint|p2a: Landorus\n|\n|upkeep\n|\n|t:|1606251042\n|switch|p2a: Latios|Latios, M|71\/100\n|turn|22\n|\n|t:|1606251050\n|switch|p2a: Bisharp|Bisharp, M|100\/100\n|move|p1a: Cinderace|Sucker Punch||[still]\n|-fail|p1a: Cinderace\n|\n|upkeep\n|turn|23\n|\n|t:|1606251058\n|move|p2a: Bisharp|Sucker Punch|p1a: Cinderace\n|-crit|p1a: Cinderace\n|-damage|p1a: Cinderace|0 fnt\n|faint|p1a: Cinderace\n|\n|upkeep\n|\n|t:|1606251080\n|switch|p1a: Ninetales|Ninetales, M|100\/100\n|-damage|p1a: Ninetales|76\/100|[from] Stealth Rock\n|-weather|SunnyDay|[from] ability: Drought|[of] p1a: Ninetales\n|turn|24\n|\n|t:|1606251090\n|move|p2a: Bisharp|Sucker Punch|p1a: Ninetales\n|-damage|p1a: Ninetales|9\/100\n|move|p1a: Ninetales|Flamethrower|p2a: Bisharp\n|-supereffective|p2a: Bisharp\n|-damage|p2a: Bisharp|0 fnt\n|faint|p2a: Bisharp\n|\n|-weather|SunnyDay|[upkeep]\n|upkeep\n|\n|t:|1606251092\n|switch|p2a: Pheromosa|Pheromosa|100\/100\n|turn|25\n|\n|t:|1606251105\n|move|p2a: Pheromosa|Close Combat|p1a: Ninetales\n|-damage|p1a: Ninetales|0 fnt\n|-unboost|p2a: Pheromosa|def|1\n|-unboost|p2a: Pheromosa|spd|1\n|faint|p1a: Ninetales\n|-ability|p2a: Pheromosa|Beast Boost|boost\n|-boost|p2a: Pheromosa|spe|1\n|\n|-weather|SunnyDay|[upkeep]\n|upkeep\n|\n|t:|1606251108\n|switch|p1a: Garchomp|Garchomp, F|100\/100\n|-damage|p1a: Garchomp|94\/100|[from] Stealth Rock\n|turn|26\n|\n|t:|1606251110\n|move|p2a: Pheromosa|Close Combat|p1a: Garchomp\n|-damage|p1a: Garchomp|0 fnt\n|-unboost|p2a: Pheromosa|def|1\n|-unboost|p2a: Pheromosa|spd|1\n|-damage|p2a: Pheromosa|88\/100|[from] ability: Rough Skin|[of] p1a: Garchomp\n|faint|p1a: Garchomp\n|\n|win|Acey 2B!\n|l| ljafdlkjf\n|l| Adrift00\n|l| PatedeCarrefour\n|l| TestingSubject909\n|l| sdmag\n","uploadtime":1606251114,"views":60,"p1id":"glaed13","p2id":"acey2b","formatid":"gen8ou","rating":0,"private":0,"password":null}