{"id":"gen8almostanyability-1458258893","p1":"quagsgone\u30c4","p2":"gostop","format":"gen8almostanyability","log":"|j|\u2606quagsgone\u30c4\n|j|\u2606gostop\n|t:|1637498192\n|gametype|singles\n|player|p1|quagsgone\u30c4|skier|\n|player|p2|gostop|swimmer-gen4dp|\n|teamsize|p1|6\n|teamsize|p2|6\n|gen|8\n|tier|[Gen 8] Almost Any Ability\n|rule|Species Clause: Limit one of each Pok\u00e9mon\n|rule|2 Ability Clause: Limit two of each ability\n|rule|OHKO Clause: OHKO moves are banned\n|rule|Evasion Moves Clause: Evasion moves are banned\n|rule|HP Percentage Mod: HP is shown in percentages\n|rule|Dynamax Clause: You cannot dynamax\n|rule|Sleep Clause: Sleep-inducing moves are banned\n|rule|Endless Battle Clause: Forcing endless battles is banned\n|clearpoke\n|poke|p1|Zarude|\n|poke|p1|Corviknight, M|\n|poke|p1|Blacephalon|\n|poke|p1|Garchomp, F|\n|poke|p1|Diancie|\n|poke|p1|Tapu Fini|\n|poke|p2|Chansey, F|\n|poke|p2|Trubbish, L1, F|\n|poke|p2|Hippowdon, F|\n|poke|p2|Toxapex, F|\n|poke|p2|Tyranitar, F|\n|poke|p2|Corviknight, F|\n|teampreview\n|c|\u2606quagsgone\u30c4|hf\n|c|\u2606gostop|gl\n|c|\u2606quagsgone\u30c4|is it hidden?\n|c|\u2606gostop|yep\n|j| Ivar57\n|c|\u2606gostop|sry\n|c|\u2606quagsgone\u30c4|np\n|c|\u2606gostop|\/log gostop made this room public.\n|j| Lasen\n|j| JAMKRE\n|j|+Greybaum\n|c|+Greybaum|go quags oml!\n|j| Epouse me\n|\n|t:|1637498285\n|start\n|switch|p1a: Tapu Fini|Tapu Fini|100\/100\n|switch|p2a: Toxapex|Toxapex, F|100\/100\n|-ability|p2a: Toxapex|Turboblaze\n|turn|1\n|c| JAMKRE|go gostop\uff01\n|\n|t:|1637498296\n|move|p1a: Tapu Fini|Trick|p2a: Toxapex\n|-activate|p1a: Tapu Fini|move: Trick|[of] p2a: Toxapex\n|-item|p2a: Toxapex|Choice Scarf|[from] move: Trick\n|-item|p1a: Tapu Fini|Black Sludge|[from] move: Trick\n|move|p2a: Toxapex|Toxic Spikes|p1a: Tapu Fini\n|-sidestart|p1: quagsgone\u30c4|move: Toxic Spikes\n|\n|-damage|p1a: Tapu Fini|88\/100|[from] item: Black Sludge\n|upkeep\n|turn|2\n|j| Caitlyn Kirraman\n|l| JAMKRE\n|\n|t:|1637498324\n|switch|p1a: Corviknight|Corviknight, M|100\/100\n|move|p2a: Toxapex|Toxic Spikes|p1a: Corviknight\n|-sidestart|p1: quagsgone\u30c4|move: Toxic Spikes\n|\n|upkeep\n|turn|3\n|j| Madara\n|j|%sparksblade\n|j| JAMKRE\n|\n|t:|1637498352\n|switch|p2a: Corviknight|Corviknight, F|100\/100\n|move|p1a: Corviknight|Defog|p2a: Corviknight\n|-unboost|p2a: Corviknight|evasion|1\n|-sideend|p1: quagsgone\u30c4|Toxic Spikes|[from] move: Defog|[of] p1a: Corviknight\n|\n|upkeep\n|turn|4\n|\n|t:|1637498362\n|move|p2a: Corviknight|Bulk Up|p2a: Corviknight\n|-boost|p2a: Corviknight|atk|1\n|-boost|p2a: Corviknight|def|1\n|move|p1a: Corviknight|U-turn|p2a: Corviknight\n|-resisted|p2a: Corviknight\n|-damage|p2a: Corviknight|98\/100\n|\n|t:|1637498375\n|switch|p1a: Tapu Fini|Tapu Fini|100\/100|[from]move: U-turn\n|\n|-damage|p1a: Tapu Fini|88\/100|[from] item: Black Sludge\n|-heal|p2a: Corviknight|100\/100|[from] item: Leftovers\n|upkeep\n|turn|5\n|j| TrueNora\n|l| Epouse me\n|\n|t:|1637498381\n|switch|p2a: Toxapex|Toxapex, F|100\/100\n|-ability|p2a: Toxapex|Turboblaze\n|move|p1a: Tapu Fini|Scald|p2a: Toxapex\n|-resisted|p2a: Toxapex\n|-damage|p2a: Toxapex|89\/100\n|\n|-damage|p1a: Tapu Fini|75\/100|[from] item: Black Sludge\n|upkeep\n|turn|6\n|\n|t:|1637498393\n|move|p1a: Tapu Fini|Scald|p2a: Toxapex\n|-resisted|p2a: Toxapex\n|-damage|p2a: Toxapex|78\/100\n|move|p2a: Toxapex|Toxic Spikes|p1a: Tapu Fini\n|-sidestart|p1: quagsgone\u30c4|move: Toxic Spikes\n|\n|-damage|p1a: Tapu Fini|63\/100|[from] item: Black Sludge\n|upkeep\n|turn|7\n|\n|t:|1637498399\n|switch|p1a: Corviknight|Corviknight, M|100\/100\n|move|p2a: Toxapex|Toxic Spikes|p1a: Corviknight\n|-sidestart|p1: quagsgone\u30c4|move: Toxic Spikes\n|\n|upkeep\n|turn|8\n|\n|t:|1637498407\n|switch|p2a: Corviknight|Corviknight, F|100\/100\n|move|p1a: Corviknight|Defog|p2a: Corviknight\n|-unboost|p2a: Corviknight|evasion|1\n|-sideend|p1: quagsgone\u30c4|Toxic Spikes|[from] move: Defog|[of] p1a: Corviknight\n|\n|upkeep\n|turn|9\n|\n|t:|1637498427\n|move|p2a: Corviknight|Bulk Up|p2a: Corviknight\n|-boost|p2a: Corviknight|atk|1\n|-boost|p2a: Corviknight|def|1\n|move|p1a: Corviknight|U-turn|p2a: Corviknight\n|-resisted|p2a: Corviknight\n|-damage|p2a: Corviknight|98\/100\n|\n|t:|1637498439\n|switch|p1a: Blacephalon|Blacephalon|100\/100|[from]move: U-turn\n|\n|-heal|p2a: Corviknight|100\/100|[from] item: Leftovers\n|upkeep\n|turn|10\n|l| JAMKRE\n|\n|t:|1637498444\n|switch|p1a: Tapu Fini|Tapu Fini|96\/100\n|switch|p2a: Tyranitar|Tyranitar, F|100\/100\n|\n|-damage|p1a: Tapu Fini|84\/100|[from] item: Black Sludge\n|upkeep\n|turn|11\n|\n|t:|1637498455\n|switch|p2a: Chansey|Chansey, F|100\/100\n|move|p1a: Tapu Fini|Scald|p2a: Chansey\n|-damage|p2a: Chansey|92\/100\n|\n|-damage|p1a: Tapu Fini|71\/100|[from] item: Black Sludge\n|upkeep\n|turn|12\n|j| JAMKRE\n|j| jerryl309\n|\n|t:|1637498463\n|switch|p2a: Toxapex|Toxapex, F|78\/100\n|-ability|p2a: Toxapex|Turboblaze\n|move|p1a: Tapu Fini|Scald|p2a: Toxapex\n|-resisted|p2a: Toxapex\n|-damage|p2a: Toxapex|68\/100\n|\n|-damage|p1a: Tapu Fini|59\/100|[from] item: Black Sludge\n|upkeep\n|turn|13\n|j| aesf\n|j| Advt\n|\n|t:|1637498487\n|move|p1a: Tapu Fini|Scald|p2a: Toxapex\n|-resisted|p2a: Toxapex\n|-crit|p2a: Toxapex\n|-damage|p2a: Toxapex|52\/100\n|move|p2a: Toxapex|Toxic Spikes|p1a: Tapu Fini\n|-sidestart|p1: quagsgone\u30c4|move: Toxic Spikes\n|\n|-damage|p1a: Tapu Fini|46\/100|[from] item: Black Sludge\n|upkeep\n|turn|14\n|\n|t:|1637498491\n|switch|p1a: Corviknight|Corviknight, M|100\/100\n|switch|p2a: Chansey|Chansey, F|92\/100\n|\n|upkeep\n|turn|15\n|j|+stresh\n|c| Advt|trubish moment\n|\n|t:|1637498517\n|switch|p2a: Corviknight|Corviknight, F|100\/100\n|move|p1a: Corviknight|Defog|p2a: Corviknight\n|-unboost|p2a: Corviknight|evasion|1\n|-sideend|p1: quagsgone\u30c4|Toxic Spikes|[from] move: Defog|[of] p1a: Corviknight\n|\n|upkeep\n|turn|16\n|l| Advt\n|j| Advt\n|\n|t:|1637498534\n|move|p2a: Corviknight|Bulk Up|p2a: Corviknight\n|-boost|p2a: Corviknight|atk|1\n|-boost|p2a: Corviknight|def|1\n|move|p1a: Corviknight|U-turn|p2a: Corviknight\n|-resisted|p2a: Corviknight\n|-damage|p2a: Corviknight|98\/100\n|\n|t:|1637498539\n|switch|p1a: Tapu Fini|Tapu Fini|79\/100|[from]move: U-turn\n|\n|-damage|p1a: Tapu Fini|67\/100|[from] item: Black Sludge\n|-heal|p2a: Corviknight|100\/100|[from] item: Leftovers\n|upkeep\n|turn|17\n|\n|t:|1637498545\n|switch|p2a: Toxapex|Toxapex, F|52\/100\n|-ability|p2a: Toxapex|Turboblaze\n|move|p1a: Tapu Fini|Scald|p2a: Toxapex\n|-resisted|p2a: Toxapex\n|-damage|p2a: Toxapex|41\/100\n|\n|-damage|p1a: Tapu Fini|54\/100|[from] item: Black Sludge\n|upkeep\n|turn|18\n|\n|t:|1637498571\n|move|p1a: Tapu Fini|Scald|p2a: Toxapex\n|-resisted|p2a: Toxapex\n|-damage|p2a: Toxapex|31\/100\n|move|p2a: Toxapex|Sludge Bomb|p1a: Tapu Fini\n|-supereffective|p1a: Tapu Fini\n|-damage|p1a: Tapu Fini|26\/100\n|\n|-damage|p1a: Tapu Fini|14\/100|[from] item: Black Sludge\n|upkeep\n|turn|19\n|\n|t:|1637498583\n|switch|p1a: Corviknight|Corviknight, M|100\/100\n|move|p2a: Toxapex|Sludge Bomb|p1a: Corviknight\n|-immune|p1a: Corviknight\n|\n|upkeep\n|turn|20\n|\n|t:|1637498587\n|switch|p2a: Corviknight|Corviknight, F|100\/100\n|move|p1a: Corviknight|U-turn|p2a: Corviknight\n|-resisted|p2a: Corviknight\n|-damage|p2a: Corviknight|97\/100\n|\n|t:|1637498597\n|switch|p1a: Garchomp|Garchomp, F|100\/100|[from]move: U-turn\n|\n|-heal|p2a: Corviknight|100\/100|[from] item: Leftovers\n|upkeep\n|turn|21\n|\n|t:|1637498612\n|switch|p2a: Chansey|Chansey, F|92\/100\n|move|p1a: Garchomp|Swords Dance|p1a: Garchomp\n|-boost|p1a: Garchomp|atk|2\n|\n|upkeep\n|turn|22\n|\n|t:|1637498654\n|switch|p1a: Corviknight|Corviknight, M|100\/100\n|move|p2a: Chansey|Teleport|p2a: Chansey\n|j| AGCL6 Swas\n|j| cscl\n|j| LeBarBURR\n|\n|t:|1637498698\n|switch|p2a: Corviknight|Corviknight, F|100\/100|[from]move: Teleport\n|\n|upkeep\n|turn|23\n|\n|t:|1637498703\n|move|p2a: Corviknight|Bulk Up|p2a: Corviknight\n|-boost|p2a: Corviknight|atk|1\n|-boost|p2a: Corviknight|def|1\n|move|p1a: Corviknight|U-turn|p2a: Corviknight\n|-resisted|p2a: Corviknight\n|-damage|p2a: Corviknight|99\/100\n|\n|t:|1637498705\n|switch|p1a: Tapu Fini|Tapu Fini|47\/100|[from]move: U-turn\n|\n|-damage|p1a: Tapu Fini|35\/100|[from] item: Black Sludge\n|-heal|p2a: Corviknight|100\/100|[from] item: Leftovers\n|upkeep\n|turn|24\n|\n|t:|1637498719\n|switch|p1a: Corviknight|Corviknight, M|100\/100\n|switch|p2a: Toxapex|Toxapex, F|31\/100\n|-ability|p2a: Toxapex|Turboblaze\n|\n|upkeep\n|turn|25\n|\n|t:|1637498723\n|switch|p2a: Corviknight|Corviknight, F|100\/100\n|move|p1a: Corviknight|U-turn|p2a: Corviknight\n|-resisted|p2a: Corviknight\n|-damage|p2a: Corviknight|98\/100\n|\n|t:|1637498726\n|switch|p1a: Tapu Fini|Tapu Fini|68\/100|[from]move: U-turn\n|\n|-damage|p1a: Tapu Fini|55\/100|[from] item: Black Sludge\n|-heal|p2a: Corviknight|100\/100|[from] item: Leftovers\n|upkeep\n|turn|26\n|\n|t:|1637498733\n|switch|p2a: Toxapex|Toxapex, F|31\/100\n|-ability|p2a: Toxapex|Turboblaze\n|move|p1a: Tapu Fini|Scald|p2a: Toxapex\n|-resisted|p2a: Toxapex\n|-damage|p2a: Toxapex|20\/100\n|\n|-damage|p1a: Tapu Fini|43\/100|[from] item: Black Sludge\n|upkeep\n|turn|27\n|\n|t:|1637498748\n|move|p1a: Tapu Fini|Scald|p2a: Toxapex\n|-resisted|p2a: Toxapex\n|-damage|p2a: Toxapex|10\/100\n|-status|p2a: Toxapex|brn\n|move|p2a: Toxapex|Recover|p2a: Toxapex\n|-heal|p2a: Toxapex|60\/100 brn\n|\n|-damage|p1a: Tapu Fini|30\/100|[from] item: Black Sludge\n|-damage|p2a: Toxapex|54\/100 brn|[from] brn\n|upkeep\n|turn|28\n|\n|t:|1637498758\n|switch|p1a: Garchomp|Garchomp, F|100\/100\n|move|p2a: Toxapex|Recover|p2a: Toxapex\n|-heal|p2a: Toxapex|100\/100 brn\n|\n|-damage|p2a: Toxapex|94\/100 brn|[from] brn\n|upkeep\n|turn|29\n|\n|t:|1637498805\n|switch|p2a: Hippowdon|Hippowdon, F|100\/100\n|-ability|p2a: Hippowdon|Intimidate|boost\n|-unboost|p1a: Garchomp|atk|1\n|move|p1a: Garchomp|Toxic|p2a: Hippowdon\n|-status|p2a: Hippowdon|tox\n|\n|-damage|p2a: Hippowdon|94\/100 tox|[from] psn\n|upkeep\n|turn|30\n|j| Ashes Tears\n|\n|t:|1637498829\n|switch|p1a: Corviknight|Corviknight, M|100\/100\n|switch|p2a: Chansey|Chansey, F|92\/100\n|\n|upkeep\n|turn|31\n|\n|t:|1637498834\n|move|p2a: Chansey|Heal Bell|p2a: Chansey\n|-activate|p2a: Chansey|move: Heal Bell\n|-curestatus|p2: Toxapex|brn|[msg]\n|-curestatus|p2: Hippowdon|tox|[msg]\n|move|p1a: Corviknight|U-turn|p2a: Chansey\n|-damage|p2a: Chansey|83\/100\n|\n|t:|1637498852\n|switch|p1a: Zarude|Zarude|100\/100|[from]move: U-turn\n|-fieldstart|move: Grassy Terrain|[from] ability: Grassy Surge|[of] p1a: Zarude\n|\n|-heal|p2a: Chansey|89\/100|[from] Grassy Terrain\n|upkeep\n|turn|32\n|l| LeBarBURR\n|\n|t:|1637498896\n|switch|p2a: Corviknight|Corviknight, F|100\/100\n|move|p1a: Zarude|Close Combat|p2a: Corviknight\n|-damage|p2a: Corviknight|51\/100\n|-unboost|p1a: Zarude|def|1\n|-unboost|p1a: Zarude|spd|1\n|\n|-heal|p2a: Corviknight|57\/100|[from] item: Leftovers\n|upkeep\n|turn|33\n|j|+The Number Man\n|\n|t:|1637498909\n|switch|p1a: Garchomp|Garchomp, F|100\/100\n|move|p2a: Corviknight|Roost|p2a: Corviknight\n|-heal|p2a: Corviknight|100\/100\n|-singleturn|p2a: Corviknight|move: Roost\n|\n|upkeep\n|turn|34\n|l|+The Number Man\n|j| LeBarBURR\n|j| Jjstar69\n|l| JAMKRE\n|j| Little Luvie\u30cc\u30aa\n|c|\u2606quagsgone\u30c4|gotta turn it on sry. lmk if bad connection\n|inactive|Battle timer is ON: inactive players will automatically lose when time's up. (requested by quagsgone\u30c4)\n|\n|t:|1637498970\n|move|p1a: Garchomp|Toxic|p2a: Corviknight\n|-immune|p2a: Corviknight\n|move|p2a: Corviknight|Bulk Up|p2a: Corviknight\n|-boost|p2a: Corviknight|atk|1\n|-boost|p2a: Corviknight|def|1\n|\n|upkeep\n|turn|35\n|c| Jjstar69|Any wanna battle\n|j| JAMKRE\n|\n|t:|1637498981\n|move|p1a: Garchomp|Swords Dance|p1a: Garchomp\n|-boost|p1a: Garchomp|atk|2\n|move|p2a: Corviknight|Bulk Up|p2a: Corviknight\n|-boost|p2a: Corviknight|atk|1\n|-boost|p2a: Corviknight|def|1\n|\n|-fieldend|move: Grassy Terrain\n|upkeep\n|turn|36\n|\n|t:|1637498993\n|move|p1a: Garchomp|Swords Dance|p1a: Garchomp\n|-boost|p1a: Garchomp|atk|2\n|move|p2a: Corviknight|Power Trip|p1a: Garchomp\n|-damage|p1a: Garchomp|63\/100\n|\n|-heal|p1a: Garchomp|69\/100|[from] item: Leftovers\n|upkeep\n|turn|37\n|\n|t:|1637499011\n|move|p1a: Garchomp|Fire Fang|p2a: Corviknight\n|-supereffective|p2a: Corviknight\n|-damage|p2a: Corviknight|42\/100\n|move|p2a: Corviknight|Power Trip|p1a: Garchomp\n|-damage|p1a: Garchomp|30\/100\n|\n|-heal|p1a: Garchomp|36\/100|[from] item: Leftovers\n|-heal|p2a: Corviknight|48\/100|[from] item: Leftovers\n|upkeep\n|turn|38\n|inactive|gostop has 270 seconds left.\n|\n|t:|1637499054\n|switch|p2a: Trubbish|Trubbish, L1, F, shiny|100\/100\n|move|p1a: Garchomp|Fire Fang|p2a: Trubbish\n|-ability|p2a: Trubbish|Sturdy\n|-damage|p2a: Trubbish|9\/100\n|-enditem|p2a: Trubbish|Berry Juice\n|-heal|p2a: Trubbish|100\/100|[from] item: Berry Juice\n|\n|-heal|p1a: Garchomp|42\/100|[from] item: Leftovers\n|upkeep\n|turn|39\n|j|+Dragonillis\n|inactive|quagsgone\u30c4 has 270 seconds left.\n|\n|t:|1637499102\n|switch|p1a: Corviknight|Corviknight, M|100\/100\n|move|p2a: Trubbish|Recycle|p2a: Trubbish\n|-item|p2a: Trubbish|Berry Juice|[from] move: Recycle\n|\n|upkeep\n|turn|40\n|l| JAMKRE\n|c|\u2606quagsgone\u30c4|fire\n|\n|t:|1637499122\n|switch|p2a: Tyranitar|Tyranitar, F|100\/100\n|move|p1a: Corviknight|U-turn|p2a: Tyranitar\n|-supereffective|p2a: Tyranitar\n|-damage|p2a: Tyranitar|79\/100\n|j| JAMKRE\n|\n|t:|1637499128\n|switch|p1a: Zarude|Zarude|100\/100|[from]move: U-turn\n|-fieldstart|move: Grassy Terrain|[from] ability: Grassy Surge|[of] p1a: Zarude\n|\n|-heal|p2a: Tyranitar|85\/100|[from] Grassy Terrain\n|upkeep\n|turn|41\n|j| Gman\n|inactive|quagsgone\u30c4 has 270 seconds left.\n|inactive|gostop has 240 seconds left.\n|l| Advt\n|\n|t:|1637499159\n|switch|p2a: Trubbish|Trubbish, L1, F, shiny|100\/100\n|move|p1a: Zarude|U-turn|p2a: Trubbish\n|-resisted|p2a: Trubbish\n|-ability|p2a: Trubbish|Sturdy\n|-damage|p2a: Trubbish|9\/100\n|-enditem|p2a: Trubbish|Berry Juice\n|-heal|p2a: Trubbish|100\/100|[from] item: Berry Juice\n|\n|t:|1637499163\n|switch|p1a: Diancie|Diancie|100\/100|[from]move: U-turn\n|\n|upkeep\n|turn|42\n|inactive|gostop has 240 seconds left.\n|l|%sparksblade\n|j|%sparksblade\n|\n|t:|1637499188\n|switch|p2a: Chansey|Chansey, F|89\/100\n|move|p1a: Diancie|Sand Tomb|p2a: Chansey\n|-damage|p2a: Chansey|83\/100\n|-activate|p2a: Chansey|move: Sand Tomb|[of] p1a: Diancie\n|\n|-heal|p2a: Chansey|89\/100|[from] Grassy Terrain\n|-damage|p2a: Chansey|77\/100|[from] move: Sand Tomb|[partiallytrapped]\n|upkeep\n|turn|43\n|inactive|quagsgone\u30c4 has 270 seconds left.\n|\n|t:|1637499208\n|move|p1a: Diancie|Body Press|p2a: Chansey\n|-supereffective|p2a: Chansey\n|-damage|p2a: Chansey|36\/100\n|move|p2a: Chansey|Soft-Boiled|p2a: Chansey\n|-heal|p2a: Chansey|86\/100\n|\n|-heal|p2a: Chansey|92\/100|[from] Grassy Terrain\n|-damage|p2a: Chansey|80\/100|[from] move: Sand Tomb|[partiallytrapped]\n|upkeep\n|turn|44\n|l| Jjstar69\n|j| Advt\n|\n|t:|1637499216\n|move|p1a: Diancie|Diamond Storm|p2a: Chansey\n|-damage|p2a: Chansey|58\/100\n|-boost|p1a: Diancie|def|2\n|move|p2a: Chansey|Soft-Boiled|p2a: Chansey\n|-heal|p2a: Chansey|100\/100\n|\n|-damage|p2a: Chansey|88\/100|[from] move: Sand Tomb|[partiallytrapped]\n|-fieldend|move: Grassy Terrain\n|upkeep\n|turn|45\n|\n|t:|1637499223\n|move|p1a: Diancie|Body Press|p2a: Chansey\n|-supereffective|p2a: Chansey\n|-damage|p2a: Chansey|5\/100\n|move|p2a: Chansey|Teleport|p2a: Chansey\n|\n|t:|1637499252\n|switch|p2a: Hippowdon|Hippowdon, F|94\/100|[from]move: Teleport\n|-ability|p2a: Hippowdon|Intimidate|boost\n|-unboost|p1a: Diancie|atk|1\n|\n|-heal|p2a: Hippowdon|100\/100|[from] item: Leftovers\n|upkeep\n|turn|46\n|l|+Dragonillis\n|\n|t:|1637499264\n|move|p1a: Diancie|Protect|p1a: Diancie\n|-singleturn|p1a: Diancie|Protect\n|move|p2a: Hippowdon|Earthquake|p1a: Diancie\n|-activate|p1a: Diancie|move: Protect\n|\n|upkeep\n|turn|47\n|j| Osake@!\n|\n|t:|1637499291\n|move|p1a: Diancie|Body Press|p2a: Hippowdon\n|-damage|p2a: Hippowdon|69\/100\n|move|p2a: Hippowdon|Toxic|p1a: Diancie\n|-status|p1a: Diancie|tox\n|\n|-heal|p2a: Hippowdon|75\/100|[from] item: Leftovers\n|-damage|p1a: Diancie|94\/100 tox|[from] psn\n|upkeep\n|turn|48\n|\n|t:|1637499305\n|switch|p1a: Corviknight|Corviknight, M|100\/100\n|move|p2a: Hippowdon|Earthquake|p1a: Corviknight\n|-immune|p1a: Corviknight\n|\n|-heal|p2a: Hippowdon|81\/100|[from] item: Leftovers\n|upkeep\n|turn|49\n|l| JAMKRE\n|\n|t:|1637499316\n|move|p2a: Hippowdon|Toxic|p1a: Corviknight\n|-immune|p1a: Corviknight\n|move|p1a: Corviknight|Brave Bird|p2a: Hippowdon\n|-damage|p2a: Hippowdon|61\/100\n|-damage|p1a: Corviknight|93\/100|[from] Recoil\n|\n|-heal|p2a: Hippowdon|67\/100|[from] item: Leftovers\n|upkeep\n|turn|50\n|\n|t:|1637499324\n|move|p2a: Hippowdon|Slack Off|p2a: Hippowdon\n|-heal|p2a: Hippowdon|100\/100\n|move|p1a: Corviknight|U-turn|p2a: Hippowdon\n|-damage|p2a: Hippowdon|93\/100\n|\n|t:|1637499327\n|switch|p1a: Zarude|Zarude|100\/100|[from]move: U-turn\n|-fieldstart|move: Grassy Terrain|[from] ability: Grassy Surge|[of] p1a: Zarude\n|\n|-heal|p2a: Hippowdon|99\/100|[from] Grassy Terrain\n|-heal|p2a: Hippowdon|100\/100|[from] item: Leftovers\n|upkeep\n|turn|51\n|j|+Dragonillis\n|l| cscl\n|inactive|gostop has 210 seconds left.\n|inactive|quagsgone\u30c4 has 270 seconds left.\n|\n|t:|1637499369\n|switch|p2a: Chansey|Chansey, F|5\/100\n|move|p1a: Zarude|Grassy Glide|p2a: Chansey\n|-damage|p2a: Chansey|0 fnt\n|faint|p2a: Chansey\n|\n|upkeep\n|j| JAMKRE\n|n| Osake|osake\n|\n|t:|1637499378\n|switch|p2a: Corviknight|Corviknight, F|48\/100\n|turn|52\n|\n|t:|1637499383\n|switch|p1a: Garchomp|Garchomp, F|76\/100\n|move|p2a: Corviknight|Roost|p2a: Corviknight\n|-heal|p2a: Corviknight|98\/100\n|-singleturn|p2a: Corviknight|move: Roost\n|\n|-heal|p1a: Garchomp|82\/100|[from] Grassy Terrain\n|-heal|p1a: Garchomp|88\/100|[from] item: Leftovers\n|-heal|p2a: Corviknight|100\/100|[from] Grassy Terrain\n|upkeep\n|turn|53\n|inactive|gostop has 210 seconds left.\n|\n|t:|1637499407\n|switch|p2a: Hippowdon|Hippowdon, F|100\/100\n|-ability|p2a: Hippowdon|Intimidate|boost\n|-unboost|p1a: Garchomp|atk|1\n|move|p1a: Garchomp|Fire Fang|p2a: Hippowdon|[miss]\n|-miss|p1a: Garchomp|p2a: Hippowdon\n|\n|-heal|p1a: Garchomp|94\/100|[from] Grassy Terrain\n|-heal|p1a: Garchomp|99\/100|[from] item: Leftovers\n|upkeep\n|turn|54\n|\n|t:|1637499422\n|switch|p1a: Corviknight|Corviknight, M|93\/100\n|move|p2a: Hippowdon|Toxic|p1a: Corviknight\n|-immune|p1a: Corviknight\n|\n|-fieldend|move: Grassy Terrain\n|upkeep\n|turn|55\n|\n|t:|1637499433\n|move|p1a: Corviknight|Brave Bird|p2a: Hippowdon\n|-damage|p2a: Hippowdon|79\/100\n|-damage|p1a: Corviknight|86\/100|[from] Recoil\n|move|p2a: Hippowdon|Roar|p1a: Corviknight\n|drag|p1a: Blacephalon|Blacephalon|100\/100\n|\n|-heal|p2a: Hippowdon|85\/100|[from] item: Leftovers\n|upkeep\n|turn|56\n|l| JAMKRE\n|\n|t:|1637499442\n|switch|p1a: Corviknight|Corviknight, M|86\/100\n|switch|p2a: Tyranitar|Tyranitar, F|100\/100\n|\n|upkeep\n|turn|57\n|\n|t:|1637499452\n|move|p1a: Corviknight|U-turn|p2a: Tyranitar\n|-supereffective|p2a: Tyranitar\n|-damage|p2a: Tyranitar|78\/100\n|\n|t:|1637499456\n|switch|p1a: Tapu Fini|Tapu Fini|63\/100|[from]move: U-turn\n|move|p2a: Tyranitar|Dragon Tail|p1a: Tapu Fini\n|-immune|p1a: Tapu Fini\n|\n|-damage|p1a: Tapu Fini|51\/100|[from] item: Black Sludge\n|upkeep\n|turn|58\n|inactive|gostop has 210 seconds left.\n|\n|t:|1637499467\n|move|p1a: Tapu Fini|Scald|p2a: Tyranitar\n|-supereffective|p2a: Tyranitar\n|-damage|p2a: Tyranitar|54\/100\n|move|p2a: Tyranitar|Rock Slide|p1a: Tapu Fini\n|-damage|p1a: Tapu Fini|19\/100\n|\n|-damage|p1a: Tapu Fini|6\/100|[from] item: Black Sludge\n|upkeep\n|turn|59\n|j| JAMKRE\n|inactive|gostop has 210 seconds left.\n|\n|t:|1637499482\n|switch|p1a: Corviknight|Corviknight, M|86\/100\n|move|p2a: Tyranitar|Dragon Tail|p1a: Corviknight\n|-resisted|p1a: Corviknight\n|-damage|p1a: Corviknight|80\/100\n|-damage|p2a: Tyranitar|37\/100|[from] item: Rocky Helmet|[of] p1a: Corviknight\n|-activate|p1a: Corviknight|ability: Wandering Spirit|Regenerator|Wandering Spirit|[of] p2a: Tyranitar\n|drag|p1a: Diancie|Diancie|94\/100 tox\n|\n|-heal|p1a: Diancie|100\/100 tox|[from] item: Leftovers\n|-damage|p1a: Diancie|94\/100 tox|[from] psn\n|upkeep\n|turn|60\n|inactive|gostop has 210 seconds left.\n|\n|t:|1637499494\n|switch|p2a: Hippowdon|Hippowdon, F|85\/100\n|-ability|p2a: Hippowdon|Intimidate|boost\n|-unboost|p1a: Diancie|atk|1\n|switch|p1a: Zarude|Zarude|100\/100\n|-fieldstart|move: Grassy Terrain|[from] ability: Grassy Surge|[of] p1a: Zarude\n|\n|-heal|p2a: Hippowdon|91\/100|[from] Grassy Terrain\n|-heal|p2a: Hippowdon|98\/100|[from] item: Leftovers\n|upkeep\n|turn|61\n|inactive|gostop has 210 seconds left.\n|\n|t:|1637499507\n|switch|p2a: Corviknight|Corviknight, F|100\/100\n|move|p1a: Zarude|U-turn|p2a: Corviknight\n|-resisted|p2a: Corviknight\n|-damage|p2a: Corviknight|92\/100\n|\n|t:|1637499510\n|switch|p1a: Garchomp|Garchomp, F|100\/100|[from]move: U-turn\n|\n|-heal|p2a: Corviknight|98\/100|[from] item: Leftovers\n|upkeep\n|turn|62\n|inactive|gostop has 210 seconds left.\n|j|+The Number Man\n|l|+Dragonillis\n|l|+The Number Man\n|j|+Dragonillis\n|c| Lasen|quag pls win so that uhuhuhuhuhu stops nagging me about you being a \"slow winner\"\n|\n|t:|1637499543\n|switch|p2a: Hippowdon|Hippowdon, F|98\/100\n|-ability|p2a: Hippowdon|Intimidate|boost\n|-unboost|p1a: Garchomp|atk|1\n|move|p1a: Garchomp|Fire Fang|p2a: Hippowdon\n|-damage|p2a: Hippowdon|89\/100\n|\n|-heal|p2a: Hippowdon|95\/100|[from] Grassy Terrain\n|-heal|p2a: Hippowdon|100\/100|[from] item: Leftovers\n|upkeep\n|turn|63\n|\n|t:|1637499560\n|switch|p1a: Corviknight|Corviknight, M|100\/100\n|switch|p2a: Tyranitar|Tyranitar, F|37\/100\n|\n|-heal|p2a: Tyranitar|43\/100|[from] Grassy Terrain\n|upkeep\n|turn|64\n|c| aesf|hes optimal widdit\n|inactive|gostop has 180 seconds left.\n|\n|t:|1637499592\n|move|p1a: Corviknight|U-turn|p2a: Tyranitar\n|-supereffective|p2a: Tyranitar\n|-damage|p2a: Tyranitar|21\/100\n|\n|t:|1637499599\n|switch|p1a: Zarude|Zarude|100\/100|[from]move: U-turn\n|move|p2a: Tyranitar|Counter|p1a: Zarude\n|-damage|p1a: Zarude|49\/100\n|\n|-heal|p1a: Zarude|55\/100|[from] Grassy Terrain\n|-heal|p2a: Tyranitar|27\/100|[from] Grassy Terrain\n|-fieldend|move: Grassy Terrain\n|upkeep\n|turn|65\n|\n|t:|1637499610\n|switch|p2a: Corviknight|Corviknight, F|98\/100\n|move|p1a: Zarude|Close Combat|p2a: Corviknight\n|-damage|p2a: Corviknight|47\/100\n|-unboost|p1a: Zarude|def|1\n|-unboost|p1a: Zarude|spd|1\n|\n|-heal|p2a: Corviknight|53\/100|[from] item: Leftovers\n|upkeep\n|turn|66\n|inactive|gostop has 180 seconds left.\n|\n|t:|1637499620\n|switch|p1a: Garchomp|Garchomp, F|100\/100\n|move|p2a: Corviknight|Roost|p2a: Corviknight\n|-heal|p2a: Corviknight|100\/100\n|-singleturn|p2a: Corviknight|move: Roost\n|\n|upkeep\n|turn|67\n|inactive|gostop has 180 seconds left.\n|\n|t:|1637499640\n|switch|p2a: Hippowdon|Hippowdon, F|100\/100\n|-ability|p2a: Hippowdon|Intimidate|boost\n|-unboost|p1a: Garchomp|atk|1\n|move|p1a: Garchomp|Toxic|p2a: Hippowdon\n|-status|p2a: Hippowdon|tox\n|\n|-damage|p2a: Hippowdon|94\/100 tox|[from] psn\n|upkeep\n|turn|68\n|\n|t:|1637499652\n|switch|p1a: Corviknight|Corviknight, M|100\/100\n|switch|p2a: Corviknight|Corviknight, F|100\/100\n|\n|upkeep\n|turn|69\n|\n|t:|1637499663\n|move|p2a: Corviknight|Bulk Up|p2a: Corviknight\n|-boost|p2a: Corviknight|atk|1\n|-boost|p2a: Corviknight|def|1\n|move|p1a: Corviknight|U-turn|p2a: Corviknight\n|-resisted|p2a: Corviknight\n|-damage|p2a: Corviknight|98\/100\n|\n|t:|1637499665\n|switch|p1a: Garchomp|Garchomp, F|100\/100|[from]move: U-turn\n|\n|-heal|p2a: Corviknight|100\/100|[from] item: Leftovers\n|upkeep\n|turn|70\n|inactive|gostop has 180 seconds left.\n|\n|t:|1637499683\n|switch|p2a: Trubbish|Trubbish, L1, F, shiny|100\/100\n|move|p1a: Garchomp|Swords Dance|p1a: Garchomp\n|-boost|p1a: Garchomp|atk|2\n|\n|upkeep\n|turn|71\n|j| MAMP\n|\n|t:|1637499707\n|switch|p1a: Zarude|Zarude|55\/100\n|-fieldstart|move: Grassy Terrain|[from] ability: Grassy Surge|[of] p1a: Zarude\n|move|p2a: Trubbish|Pain Split|p1a: Zarude\n|-sethp|p1a: Zarude|30\/100|[from] move: Pain Split|[silent]\n|-sethp|p2a: Trubbish|100\/100|[from] move: Pain Split\n|\n|-heal|p1a: Zarude|36\/100|[from] Grassy Terrain\n|upkeep\n|turn|72\n|inactive|gostop has 180 seconds left.\n|inactive|quagsgone\u30c4 has 270 seconds left.\n|\n|t:|1637499728\n|move|p2a: Trubbish|Protect|p2a: Trubbish\n|-singleturn|p2a: Trubbish|Protect\n|move|p1a: Zarude|U-turn|p2a: Trubbish\n|-activate|p2a: Trubbish|move: Protect\n|\n|-heal|p1a: Zarude|42\/100|[from] Grassy Terrain\n|upkeep\n|turn|73\n|l|+stresh\n|\n|t:|1637499744\n|move|p1a: Zarude|U-turn|p2a: Trubbish\n|-resisted|p2a: Trubbish\n|-crit|p2a: Trubbish\n|-ability|p2a: Trubbish|Sturdy\n|-damage|p2a: Trubbish|9\/100\n|\n|t:|1637499756\n|switch|p1a: Corviknight|Corviknight, M|100\/100|[from]move: U-turn\n|move|p2a: Trubbish|Pain Split|p1a: Corviknight\n|-sethp|p1a: Corviknight|51\/100|[from] move: Pain Split|[silent]\n|-sethp|p2a: Trubbish|100\/100|[from] move: Pain Split\n|\n|upkeep\n|turn|74\n|\n|t:|1637499773\n|move|p1a: Corviknight|Roost|p1a: Corviknight\n|-heal|p1a: Corviknight|100\/100\n|-singleturn|p1a: Corviknight|move: Roost\n|move|p2a: Trubbish|Recycle|p2a: Trubbish\n|-item|p2a: Trubbish|Berry Juice|[from] move: Recycle\n|\n|upkeep\n|turn|75\n|inactive|quagsgone\u30c4 has 270 seconds left.\n|j| a salamence \u30c4\n|inactive|gostop has 150 seconds left.\n|\n|t:|1637499802\n|move|p2a: Trubbish|Protect|p2a: Trubbish\n|-singleturn|p2a: Trubbish|Protect\n|move|p1a: Corviknight|Brave Bird|p2a: Trubbish\n|-activate|p2a: Trubbish|move: Protect\n|\n|-fieldend|move: Grassy Terrain\n|upkeep\n|turn|76\n|l| a salamence \u30c4\n|l| JAMKRE\n|\n|t:|1637499810\n|move|p1a: Corviknight|Brave Bird|p2a: Trubbish\n|-ability|p2a: Trubbish|Sturdy\n|-damage|p2a: Trubbish|9\/100\n|-enditem|p2a: Trubbish|Berry Juice\n|-heal|p2a: Trubbish|100\/100|[from] item: Berry Juice\n|-damage|p1a: Corviknight|99\/100|[from] Recoil\n|move|p2a: Trubbish|Recycle|p2a: Trubbish\n|-item|p2a: Trubbish|Berry Juice|[from] move: Recycle\n|\n|upkeep\n|turn|77\n|\n|t:|1637499818\n|move|p1a: Corviknight|U-turn|p2a: Trubbish\n|-resisted|p2a: Trubbish\n|-ability|p2a: Trubbish|Sturdy\n|-damage|p2a: Trubbish|9\/100\n|-enditem|p2a: Trubbish|Berry Juice\n|-heal|p2a: Trubbish|100\/100|[from] item: Berry Juice\n|\n|t:|1637499831\n|switch|p1a: Zarude|Zarude|42\/100|[from]move: U-turn\n|-fieldstart|move: Grassy Terrain|[from] ability: Grassy Surge|[of] p1a: Zarude\n|move|p2a: Trubbish|Recycle|p2a: Trubbish\n|-item|p2a: Trubbish|Berry Juice|[from] move: Recycle\n|\n|-heal|p1a: Zarude|48\/100|[from] Grassy Terrain\n|upkeep\n|turn|78\n|l| jerryl309\n|\n|t:|1637499839\n|move|p1a: Zarude|U-turn|p2a: Trubbish\n|-resisted|p2a: Trubbish\n|-ability|p2a: Trubbish|Sturdy\n|-damage|p2a: Trubbish|9\/100\n|-enditem|p2a: Trubbish|Berry Juice\n|-heal|p2a: Trubbish|100\/100|[from] item: Berry Juice\n|j| Jqlove\n|\n|t:|1637499843\n|switch|p1a: Corviknight|Corviknight, M|99\/100|[from]move: U-turn\n|move|p2a: Trubbish|Pain Split|p1a: Corviknight\n|-sethp|p1a: Corviknight|51\/100|[from] move: Pain Split|[silent]\n|-sethp|p2a: Trubbish|100\/100|[from] move: Pain Split\n|\n|upkeep\n|turn|79\n|inactive|gostop has 180 seconds left.\n|\n|t:|1637499857\n|switch|p1a: Zarude|Zarude|48\/100\n|move|p2a: Trubbish|Recycle|p2a: Trubbish\n|-item|p2a: Trubbish|Berry Juice|[from] move: Recycle\n|\n|-heal|p1a: Zarude|53\/100|[from] Grassy Terrain\n|upkeep\n|turn|80\n|inactive|gostop has 180 seconds left.\n|\n|t:|1637499866\n|move|p2a: Trubbish|Protect|p2a: Trubbish\n|-singleturn|p2a: Trubbish|Protect\n|move|p1a: Zarude|U-turn|p2a: Trubbish\n|-activate|p2a: Trubbish|move: Protect\n|\n|-heal|p1a: Zarude|59\/100|[from] Grassy Terrain\n|upkeep\n|turn|81\n|j|+The Number Man\n|inactive|gostop has 180 seconds left.\n|\n|t:|1637499880\n|move|p1a: Zarude|U-turn|p2a: Trubbish\n|-resisted|p2a: Trubbish\n|-ability|p2a: Trubbish|Sturdy\n|-damage|p2a: Trubbish|9\/100\n|-enditem|p2a: Trubbish|Berry Juice\n|-heal|p2a: Trubbish|100\/100|[from] item: Berry Juice\n|\n|t:|1637499883\n|switch|p1a: Corviknight|Corviknight, M|51\/100|[from]move: U-turn\n|move|p2a: Trubbish|Pain Split|p1a: Corviknight\n|-sethp|p1a: Corviknight|27\/100|[from] move: Pain Split|[silent]\n|-sethp|p2a: Trubbish|100\/100|[from] move: Pain Split\n|\n|-fieldend|move: Grassy Terrain\n|upkeep\n|turn|82\n|\n|t:|1637499890\n|move|p1a: Corviknight|Roost|p1a: Corviknight\n|-heal|p1a: Corviknight|77\/100\n|-singleturn|p1a: Corviknight|move: Roost\n|move|p2a: Trubbish|Recycle|p2a: Trubbish\n|-item|p2a: Trubbish|Berry Juice|[from] move: Recycle\n|\n|upkeep\n|turn|83\n|\n|t:|1637499899\n|switch|p2a: Corviknight|Corviknight, F|100\/100\n|move|p1a: Corviknight|Brave Bird|p2a: Corviknight\n|-resisted|p2a: Corviknight\n|-damage|p2a: Corviknight|86\/100\n|-damage|p1a: Corviknight|73\/100|[from] Recoil\n|\n|-heal|p2a: Corviknight|92\/100|[from] item: Leftovers\n|upkeep\n|turn|84\n|j| Thinkerino\n|\n|t:|1637499909\n|switch|p1a: Garchomp|Garchomp, F|100\/100\n|move|p2a: Corviknight|Bulk Up|p2a: Corviknight\n|-boost|p2a: Corviknight|atk|1\n|-boost|p2a: Corviknight|def|1\n|\n|-heal|p2a: Corviknight|99\/100|[from] item: Leftovers\n|upkeep\n|turn|85\n|\n|t:|1637499928\n|move|p1a: Garchomp|Swords Dance|p1a: Garchomp\n|-boost|p1a: Garchomp|atk|2\n|move|p2a: Corviknight|Bulk Up|p2a: Corviknight\n|-boost|p2a: Corviknight|atk|1\n|-boost|p2a: Corviknight|def|1\n|\n|-heal|p2a: Corviknight|100\/100|[from] item: Leftovers\n|upkeep\n|turn|86\n|\n|t:|1637499945\n|move|p1a: Garchomp|Swords Dance|p1a: Garchomp\n|-boost|p1a: Garchomp|atk|2\n|move|p2a: Corviknight|Bulk Up|p2a: Corviknight\n|-boost|p2a: Corviknight|atk|1\n|-boost|p2a: Corviknight|def|1\n|\n|upkeep\n|turn|87\n|j| JAMKRE\n|l|+The Number Man\n|inactive|gostop has 180 seconds left.\n|\n|t:|1637499967\n|move|p1a: Garchomp|Fire Fang|p2a: Corviknight\n|-supereffective|p2a: Corviknight\n|-damage|p2a: Corviknight|52\/100\n|move|p2a: Corviknight|Power Trip|p1a: Garchomp\n|-damage|p1a: Garchomp|38\/100\n|\n|-heal|p1a: Garchomp|44\/100|[from] item: Leftovers\n|-heal|p2a: Corviknight|59\/100|[from] item: Leftovers\n|upkeep\n|turn|88\n|inactive|gostop has 180 seconds left.\n|j|+The Number Man\n|\n|t:|1637499998\n|switch|p1a: Corviknight|Corviknight, M|73\/100\n|move|p2a: Corviknight|Roost|p2a: Corviknight\n|-heal|p2a: Corviknight|100\/100\n|-singleturn|p2a: Corviknight|move: Roost\n|\n|upkeep\n|turn|89\n|l| Thinkerino\n|\n|t:|1637500008\n|move|p2a: Corviknight|Bulk Up|p2a: Corviknight\n|-boost|p2a: Corviknight|atk|1\n|-boost|p2a: Corviknight|def|1\n|move|p1a: Corviknight|Roost|p1a: Corviknight\n|-heal|p1a: Corviknight|100\/100\n|-singleturn|p1a: Corviknight|move: Roost\n|\n|upkeep\n|turn|90\n|\n|t:|1637500013\n|move|p2a: Corviknight|Power Trip|p1a: Corviknight\n|-damage|p1a: Corviknight|35\/100\n|-damage|p2a: Corviknight|84\/100|[from] item: Rocky Helmet|[of] p1a: Corviknight\n|-activate|p1a: Corviknight|ability: Wandering Spirit|Volt Absorb|Wandering Spirit|[of] p2a: Corviknight\n|move|p1a: Corviknight|U-turn|p2a: Corviknight\n|-resisted|p2a: Corviknight\n|-damage|p2a: Corviknight|83\/100\n|-activate|p2a: Corviknight|ability: Wandering Spirit|Volt Absorb|Wandering Spirit|[of] p1a: Corviknight\n|l| Little Luvie\u30cc\u30aa\n|l| JAMKRE\n|\n|t:|1637500018\n|switch|p1a: Blacephalon|Blacephalon|100\/100|[from]move: U-turn\n|\n|-heal|p2a: Corviknight|89\/100|[from] item: Leftovers\n|upkeep\n|turn|91\n|inactive|gostop has 180 seconds left.\n|\n|t:|1637500038\n|switch|p2a: Tyranitar|Tyranitar, F|61\/100\n|move|p1a: Blacephalon|Mind Blown|p2a: Tyranitar\n|-resisted|p2a: Tyranitar\n|-damage|p2a: Tyranitar|34\/100\n|\n|upkeep\n|turn|92\n|l| Advt\n|j| Little Luvie\u30cc\u30aa\n|inactive|gostop has 150 seconds left.\n|\n|t:|1637500063\n|switch|p1a: Garchomp|Garchomp, F|78\/100\n|move|p2a: Tyranitar|Rock Slide|p1a: Garchomp\n|-resisted|p1a: Garchomp\n|-damage|p1a: Garchomp|63\/100\n|\n|-heal|p1a: Garchomp|69\/100|[from] item: Leftovers\n|upkeep\n|turn|93\n|l| Little Luvie\u30cc\u30aa\n|inactive|gostop has 150 seconds left.\n|inactive|quagsgone\u30c4 has 270 seconds left.\n|\n|t:|1637500101\n|switch|p2a: Trubbish|Trubbish, L1, F, shiny|100\/100\n|move|p1a: Garchomp|Fire Fang|p2a: Trubbish\n|-ability|p2a: Trubbish|Sturdy\n|-damage|p2a: Trubbish|9\/100\n|-enditem|p2a: Trubbish|Berry Juice\n|-heal|p2a: Trubbish|100\/100|[from] item: Berry Juice\n|\n|-heal|p1a: Garchomp|75\/100|[from] item: Leftovers\n|upkeep\n|turn|94\n|\n|t:|1637500106\n|move|p1a: Garchomp|Fire Fang|p2a: Trubbish\n|-ability|p2a: Trubbish|Sturdy\n|-damage|p2a: Trubbish|9\/100\n|move|p2a: Trubbish|Pain Split|p1a: Garchomp\n|-sethp|p1a: Garchomp|38\/100|[from] move: Pain Split|[silent]\n|-sethp|p2a: Trubbish|100\/100|[from] move: Pain Split\n|\n|-heal|p1a: Garchomp|44\/100|[from] item: Leftovers\n|upkeep\n|turn|95\n|j| Binacle Pinnacle\n|\n|t:|1637500114\n|switch|p1a: Corviknight|Corviknight, M|35\/100\n|move|p2a: Trubbish|Pain Split|p1a: Corviknight\n|-sethp|p1a: Corviknight|19\/100|[from] move: Pain Split|[silent]\n|-sethp|p2a: Trubbish|100\/100|[from] move: Pain Split\n|\n|upkeep\n|turn|96\n|j| Advt\n|\n|t:|1637500124\n|move|p1a: Corviknight|Roost|p1a: Corviknight\n|-heal|p1a: Corviknight|69\/100\n|-singleturn|p1a: Corviknight|move: Roost\n|move|p2a: Trubbish|Recycle|p2a: Trubbish\n|-item|p2a: Trubbish|Berry Juice|[from] move: Recycle\n|\n|upkeep\n|turn|97\n|j| JAMKRE\n|\n|t:|1637500153\n|switch|p2a: Tyranitar|Tyranitar, F|67\/100\n|move|p1a: Corviknight|U-turn|p2a: Tyranitar\n|-supereffective|p2a: Tyranitar\n|-damage|p2a: Tyranitar|45\/100\n|\n|t:|1637500158\n|switch|p1a: Zarude|Zarude|59\/100|[from]move: U-turn\n|-fieldstart|move: Grassy Terrain|[from] ability: Grassy Surge|[of] p1a: Zarude\n|\n|-heal|p1a: Zarude|65\/100|[from] Grassy Terrain\n|-heal|p2a: Tyranitar|52\/100|[from] Grassy Terrain\n|upkeep\n|turn|98\n|\n|t:|1637500171\n|switch|p2a: Toxapex|Toxapex, F|94\/100\n|-ability|p2a: Toxapex|Turboblaze\n|move|p1a: Zarude|U-turn|p2a: Toxapex\n|-resisted|p2a: Toxapex\n|-damage|p2a: Toxapex|82\/100\n|l| TrueNora\n|\n|t:|1637500183\n|switch|p1a: Garchomp|Garchomp, F|77\/100|[from]move: U-turn\n|\n|-heal|p1a: Garchomp|84\/100|[from] Grassy Terrain\n|-heal|p1a: Garchomp|90\/100|[from] item: Leftovers\n|-heal|p2a: Toxapex|88\/100|[from] Grassy Terrain\n|upkeep\n|turn|99\n|l| Advt\n|inactive|gostop has 120 seconds left.\n|\n|t:|1637500217\n|switch|p1a: Corviknight|Corviknight, M|69\/100\n|switch|p2a: Hippowdon|Hippowdon, F|94\/100 tox\n|-ability|p2a: Hippowdon|Intimidate|boost\n|-unboost|p1a: Corviknight|atk|1\n|\n|-heal|p2a: Hippowdon|100\/100 tox|[from] Grassy Terrain\n|-damage|p2a: Hippowdon|94\/100 tox|[from] psn\n|upkeep\n|turn|100\n|inactive|gostop has 120 seconds left.\n|\n|t:|1637500239\n|switch|p2a: Corviknight|Corviknight, F|89\/100\n|move|p1a: Corviknight|Roost|p1a: Corviknight\n|-heal|p1a: Corviknight|100\/100\n|-singleturn|p1a: Corviknight|move: Roost\n|\n|-heal|p2a: Corviknight|96\/100|[from] item: Leftovers\n|upkeep\n|turn|101\n|inactive|gostop has 120 seconds left.\n|\n|t:|1637500251\n|move|p2a: Corviknight|Bulk Up|p2a: Corviknight\n|-boost|p2a: Corviknight|atk|1\n|-boost|p2a: Corviknight|def|1\n|move|p1a: Corviknight|U-turn|p2a: Corviknight\n|-resisted|p2a: Corviknight\n|-damage|p2a: Corviknight|94\/100\n|\n|t:|1637500254\n|switch|p1a: Blacephalon|Blacephalon|100\/100|[from]move: U-turn\n|\n|-heal|p2a: Corviknight|100\/100|[from] item: Leftovers\n|-fieldend|move: Grassy Terrain\n|upkeep\n|turn|102\n|\n|t:|1637500266\n|switch|p1a: Garchomp|Garchomp, F|100\/100\n|switch|p2a: Tyranitar|Tyranitar, F|85\/100\n|\n|upkeep\n|turn|103\n|l| JAMKRE\n|\n|t:|1637500272\n|switch|p1a: Corviknight|Corviknight, M|100\/100\n|move|p2a: Tyranitar|Dragon Tail|p1a: Corviknight\n|-resisted|p1a: Corviknight\n|-damage|p1a: Corviknight|95\/100\n|-damage|p2a: Tyranitar|68\/100|[from] item: Rocky Helmet|[of] p1a: Corviknight\n|-activate|p1a: Corviknight|ability: Wandering Spirit|Regenerator|Wandering Spirit|[of] p2a: Tyranitar\n|drag|p1a: Tapu Fini|Tapu Fini|39\/100\n|\n|-damage|p1a: Tapu Fini|27\/100|[from] item: Black Sludge\n|upkeep\n|turn|104\n|\n|t:|1637500283\n|switch|p1a: Zarude|Zarude|65\/100\n|-fieldstart|move: Grassy Terrain|[from] ability: Grassy Surge|[of] p1a: Zarude\n|switch|p2a: Toxapex|Toxapex, F|88\/100\n|-ability|p2a: Toxapex|Turboblaze\n|\n|-heal|p1a: Zarude|71\/100|[from] Grassy Terrain\n|-heal|p2a: Toxapex|95\/100|[from] Grassy Terrain\n|upkeep\n|turn|105\n|l| AGCL6 Swas\n|\n|t:|1637500308\n|move|p1a: Zarude|U-turn|p2a: Toxapex\n|-resisted|p2a: Toxapex\n|-damage|p2a: Toxapex|84\/100\n|\n|t:|1637500310\n|switch|p1a: Corviknight|Corviknight, M|100\/100|[from]move: U-turn\n|move|p2a: Toxapex|Toxic Spikes|p1a: Corviknight\n|-sidestart|p1: quagsgone\u30c4|move: Toxic Spikes\n|\n|-heal|p2a: Toxapex|90\/100|[from] Grassy Terrain\n|upkeep\n|turn|106\n|j| JAMKRE\n|\n|t:|1637500317\n|switch|p2a: Corviknight|Corviknight, F|100\/100\n|move|p1a: Corviknight|Defog|p2a: Corviknight\n|-unboost|p2a: Corviknight|evasion|1\n|-sideend|p1: quagsgone\u30c4|Toxic Spikes|[from] move: Defog|[of] p1a: Corviknight\n|-fieldend|move: Grassy Terrain\n|\n|upkeep\n|turn|107\n|j| Advt\n|\n|t:|1637500330\n|move|p2a: Corviknight|Bulk Up|p2a: Corviknight\n|-boost|p2a: Corviknight|atk|1\n|-boost|p2a: Corviknight|def|1\n|move|p1a: Corviknight|U-turn|p2a: Corviknight\n|-resisted|p2a: Corviknight\n|-damage|p2a: Corviknight|98\/100\n|\n|t:|1637500333\n|switch|p1a: Blacephalon|Blacephalon|100\/100|[from]move: U-turn\n|\n|-heal|p2a: Corviknight|100\/100|[from] item: Leftovers\n|upkeep\n|turn|108\n|inactive|gostop has 150 seconds left.\n|\n|t:|1637500340\n|switch|p1a: Garchomp|Garchomp, F|100\/100\n|switch|p2a: Tyranitar|Tyranitar, F|68\/100\n|\n|upkeep\n|turn|109\n|inactive|gostop has 150 seconds left.\n|\n|t:|1637500365\n|switch|p2a: Hippowdon|Hippowdon, F|94\/100 tox\n|-ability|p2a: Hippowdon|Intimidate|boost\n|-unboost|p1a: Garchomp|atk|1\n|move|p1a: Garchomp|Fire Fang|p2a: Hippowdon\n|-damage|p2a: Hippowdon|86\/100 tox\n|\n|-heal|p2a: Hippowdon|92\/100 tox|[from] item: Leftovers\n|-damage|p2a: Hippowdon|86\/100 tox|[from] psn\n|upkeep\n|turn|110\n|inactive|gostop has 150 seconds left.\n|\n|t:|1637500384\n|switch|p1a: Corviknight|Corviknight, M|100\/100\n|switch|p2a: Corviknight|Corviknight, F|100\/100\n|\n|upkeep\n|turn|111\n|inactive|gostop has 150 seconds left.\n|\n|t:|1637500390\n|switch|p1a: Blacephalon|Blacephalon|100\/100\n|move|p2a: Corviknight|Bulk Up|p2a: Corviknight\n|-boost|p2a: Corviknight|atk|1\n|-boost|p2a: Corviknight|def|1\n|\n|upkeep\n|turn|112\n|\n|t:|1637500394\n|switch|p1a: Garchomp|Garchomp, F|100\/100\n|switch|p2a: Tyranitar|Tyranitar, F|100\/100\n|\n|upkeep\n|turn|113\n|\n|t:|1637500397\n|switch|p1a: Corviknight|Corviknight, M|100\/100\n|move|p2a: Tyranitar|Dragon Tail|p1a: Corviknight\n|-resisted|p1a: Corviknight\n|-damage|p1a: Corviknight|95\/100\n|-damage|p2a: Tyranitar|84\/100|[from] item: Rocky Helmet|[of] p1a: Corviknight\n|-activate|p1a: Corviknight|ability: Wandering Spirit|Regenerator|Wandering Spirit|[of] p2a: Tyranitar\n|drag|p1a: Zarude|Zarude|71\/100\n|-fieldstart|move: Grassy Terrain|[from] ability: Grassy Surge|[of] p1a: Zarude\n|\n|-heal|p1a: Zarude|77\/100|[from] Grassy Terrain\n|-heal|p2a: Tyranitar|90\/100|[from] Grassy Terrain\n|upkeep\n|turn|114\n|l|+The Number Man\n|\n|t:|1637500410\n|switch|p2a: Corviknight|Corviknight, F|100\/100\n|move|p1a: Zarude|Close Combat|p2a: Corviknight\n|-damage|p2a: Corviknight|51\/100\n|-unboost|p1a: Zarude|def|1\n|-unboost|p1a: Zarude|spd|1\n|\n|-heal|p1a: Zarude|83\/100|[from] Grassy Terrain\n|-heal|p2a: Corviknight|57\/100|[from] item: Leftovers\n|upkeep\n|turn|115\n|inactive|gostop has 180 seconds left.\n|\n|t:|1637500423\n|switch|p1a: Tapu Fini|Tapu Fini|60\/100\n|move|p2a: Corviknight|Roost|p2a: Corviknight\n|-heal|p2a: Corviknight|100\/100\n|-singleturn|p2a: Corviknight|move: Roost\n|\n|-heal|p1a: Tapu Fini|66\/100|[from] Grassy Terrain\n|-damage|p1a: Tapu Fini|53\/100|[from] item: Black Sludge\n|upkeep\n|turn|116\n|\n|t:|1637500427\n|switch|p2a: Toxapex|Toxapex, F|90\/100\n|-ability|p2a: Toxapex|Turboblaze\n|move|p1a: Tapu Fini|Scald|p2a: Toxapex\n|-resisted|p2a: Toxapex\n|-damage|p2a: Toxapex|80\/100\n|\n|-heal|p1a: Tapu Fini|60\/100|[from] Grassy Terrain\n|-damage|p1a: Tapu Fini|47\/100|[from] item: Black Sludge\n|-heal|p2a: Toxapex|86\/100|[from] Grassy Terrain\n|upkeep\n|turn|117\n|\n|t:|1637500432\n|switch|p1a: Corviknight|Corviknight, M|100\/100\n|move|p2a: Toxapex|Toxic Spikes|p1a: Corviknight\n|-sidestart|p1: quagsgone\u30c4|move: Toxic Spikes\n|\n|-heal|p2a: Toxapex|92\/100|[from] Grassy Terrain\n|-fieldend|move: Grassy Terrain\n|upkeep\n|turn|118\n|\n|t:|1637500445\n|switch|p2a: Corviknight|Corviknight, F|100\/100\n|move|p1a: Corviknight|Defog|p2a: Corviknight\n|-unboost|p2a: Corviknight|evasion|1\n|-sideend|p1: quagsgone\u30c4|Toxic Spikes|[from] move: Defog|[of] p1a: Corviknight\n|\n|upkeep\n|turn|119\n|\n|t:|1637500451\n|switch|p1a: Tapu Fini|Tapu Fini|80\/100\n|move|p2a: Corviknight|Bulk Up|p2a: Corviknight\n|-boost|p2a: Corviknight|atk|1\n|-boost|p2a: Corviknight|def|1\n|\n|-damage|p1a: Tapu Fini|68\/100|[from] item: Black Sludge\n|upkeep\n|turn|120\n|\n|t:|1637500460\n|switch|p2a: Toxapex|Toxapex, F|92\/100\n|-ability|p2a: Toxapex|Turboblaze\n|move|p1a: Tapu Fini|Scald|p2a: Toxapex\n|-resisted|p2a: Toxapex\n|-damage|p2a: Toxapex|80\/100\n|\n|-damage|p1a: Tapu Fini|55\/100|[from] item: Black Sludge\n|upkeep\n|turn|121\n|\n|t:|1637500466\n|switch|p1a: Corviknight|Corviknight, M|100\/100\n|move|p2a: Toxapex|Toxic Spikes|p1a: Corviknight\n|-sidestart|p1: quagsgone\u30c4|move: Toxic Spikes\n|\n|upkeep\n|turn|122\n|inactive|gostop has 210 seconds left.\n|\n|t:|1637500473\n|switch|p2a: Corviknight|Corviknight, F|100\/100\n|move|p1a: Corviknight|Defog|p2a: Corviknight\n|-unboost|p2a: Corviknight|evasion|1\n|-sideend|p1: quagsgone\u30c4|Toxic Spikes|[from] move: Defog|[of] p1a: Corviknight\n|\n|upkeep\n|turn|123\n|inactive|gostop has 210 seconds left.\n|\n|t:|1637500485\n|switch|p1a: Tapu Fini|Tapu Fini|88\/100\n|move|p2a: Corviknight|Bulk Up|p2a: Corviknight\n|-boost|p2a: Corviknight|atk|1\n|-boost|p2a: Corviknight|def|1\n|\n|-damage|p1a: Tapu Fini|76\/100|[from] item: Black Sludge\n|upkeep\n|turn|124\n|\n|t:|1637500489\n|switch|p2a: Toxapex|Toxapex, F|80\/100\n|-ability|p2a: Toxapex|Turboblaze\n|move|p1a: Tapu Fini|Scald|p2a: Toxapex\n|-resisted|p2a: Toxapex\n|-damage|p2a: Toxapex|70\/100\n|-status|p2a: Toxapex|brn\n|\n|-damage|p1a: Tapu Fini|63\/100|[from] item: Black Sludge\n|-damage|p2a: Toxapex|64\/100 brn|[from] brn\n|upkeep\n|turn|125\n|\n|t:|1637500495\n|switch|p1a: Corviknight|Corviknight, M|100\/100\n|move|p2a: Toxapex|Toxic Spikes|p1a: Corviknight\n|-sidestart|p1: quagsgone\u30c4|move: Toxic Spikes\n|\n|-damage|p2a: Toxapex|57\/100 brn|[from] brn\n|upkeep\n|turn|126\n|j| UnnerfTalonflame\n|\n|t:|1637500506\n|switch|p2a: Tyranitar|Tyranitar, F|90\/100\n|move|p1a: Corviknight|Defog|p2a: Tyranitar\n|-unboost|p2a: Tyranitar|evasion|1\n|-sideend|p1: quagsgone\u30c4|Toxic Spikes|[from] move: Defog|[of] p1a: Corviknight\n|\n|upkeep\n|turn|127\n|\n|t:|1637500519\n|switch|p1a: Zarude|Zarude|83\/100\n|-fieldstart|move: Grassy Terrain|[from] ability: Grassy Surge|[of] p1a: Zarude\n|move|p2a: Tyranitar|Counter||[still]\n|-fail|p2a: Tyranitar\n|\n|-heal|p1a: Zarude|89\/100|[from] Grassy Terrain\n|-heal|p2a: Tyranitar|96\/100|[from] Grassy Terrain\n|upkeep\n|turn|128\n|inactive|gostop has 240 seconds left.\n|l| Advt\n|\n|t:|1637500529\n|switch|p2a: Corviknight|Corviknight, F|100\/100\n|move|p1a: Zarude|U-turn|p2a: Corviknight\n|-resisted|p2a: Corviknight\n|-damage|p2a: Corviknight|93\/100\n|\n|t:|1637500537\n|switch|p1a: Garchomp|Garchomp, F|100\/100|[from]move: U-turn\n|\n|-heal|p2a: Corviknight|99\/100|[from] item: Leftovers\n|upkeep\n|turn|129\n|\n|t:|1637500548\n|switch|p2a: Hippowdon|Hippowdon, F|86\/100 tox\n|-ability|p2a: Hippowdon|Intimidate|boost\n|-unboost|p1a: Garchomp|atk|1\n|move|p1a: Garchomp|Fire Fang|p2a: Hippowdon\n|-damage|p2a: Hippowdon|77\/100 tox\n|\n|-heal|p2a: Hippowdon|83\/100 tox|[from] Grassy Terrain\n|-heal|p2a: Hippowdon|89\/100 tox|[from] item: Leftovers\n|-damage|p2a: Hippowdon|83\/100 tox|[from] psn\n|upkeep\n|turn|130\n|inactive|gostop has 240 seconds left.\n|l| UnnerfTalonflame\n|\n|t:|1637500568\n|switch|p1a: Corviknight|Corviknight, M|100\/100\n|switch|p2a: Tyranitar|Tyranitar, F|100\/100\n|\n|upkeep\n|turn|131\n|j| LA FRANCE VAINCERA\n|inactive|gostop has 240 seconds left.\n|\n|t:|1637500577\n|switch|p1a: Tapu Fini|Tapu Fini|96\/100\n|move|p2a: Tyranitar|Dragon Tail|p1a: Tapu Fini\n|-immune|p1a: Tapu Fini\n|\n|-heal|p1a: Tapu Fini|100\/100|[from] Grassy Terrain\n|-damage|p1a: Tapu Fini|88\/100|[from] item: Black Sludge\n|-fieldend|move: Grassy Terrain\n|upkeep\n|turn|132\n|\n|t:|1637500583\n|switch|p2a: Toxapex|Toxapex, F|57\/100 brn\n|-ability|p2a: Toxapex|Turboblaze\n|move|p1a: Tapu Fini|Scald|p2a: Toxapex\n|-resisted|p2a: Toxapex\n|-damage|p2a: Toxapex|47\/100 brn\n|\n|-damage|p1a: Tapu Fini|75\/100|[from] item: Black Sludge\n|-damage|p2a: Toxapex|40\/100 brn|[from] brn\n|upkeep\n|turn|133\n|\n|t:|1637500595\n|switch|p1a: Diancie|Diancie|94\/100 tox\n|move|p2a: Toxapex|Recover|p2a: Toxapex\n|-heal|p2a: Toxapex|90\/100 brn\n|\n|-heal|p1a: Diancie|100\/100 tox|[from] item: Leftovers\n|-damage|p1a: Diancie|94\/100 tox|[from] psn\n|-damage|p2a: Toxapex|84\/100 brn|[from] brn\n|upkeep\n|turn|134\n|inactive|gostop has 240 seconds left.\n|\n|t:|1637500631\n|switch|p1a: Blacephalon|Blacephalon|100\/100\n|switch|p2a: Corviknight|Corviknight, F|99\/100\n|\n|-heal|p2a: Corviknight|100\/100|[from] item: Leftovers\n|upkeep\n|turn|135\n|\n|t:|1637500638\n|switch|p1a: Garchomp|Garchomp, F|100\/100\n|switch|p2a: Tyranitar|Tyranitar, F|100\/100\n|\n|upkeep\n|turn|136\n|inactive|gostop has 240 seconds left.\n|\n|t:|1637500650\n|switch|p2a: Hippowdon|Hippowdon, F|83\/100 tox\n|-ability|p2a: Hippowdon|Intimidate|boost\n|-unboost|p1a: Garchomp|atk|1\n|move|p1a: Garchomp|Toxic|p2a: Hippowdon\n|-fail|p2a: Hippowdon|tox\n|\n|-heal|p2a: Hippowdon|89\/100 tox|[from] item: Leftovers\n|-damage|p2a: Hippowdon|83\/100 tox|[from] psn\n|upkeep\n|turn|137\n|inactive|gostop has 240 seconds left.\n|\n|t:|1637500662\n|switch|p1a: Corviknight|Corviknight, M|100\/100\n|switch|p2a: Corviknight|Corviknight, F|100\/100\n|\n|upkeep\n|turn|138\n|inactive|gostop has 240 seconds left.\n|\n|t:|1637500680\n|switch|p2a: Tyranitar|Tyranitar, F|100\/100\n|switch|p1a: Tapu Fini|Tapu Fini|100\/100\n|\n|-damage|p1a: Tapu Fini|88\/100|[from] item: Black Sludge\n|upkeep\n|turn|139\n|inactive|gostop has 240 seconds left.\n|\n|t:|1637500690\n|switch|p2a: Toxapex|Toxapex, F|84\/100 brn\n|-ability|p2a: Toxapex|Turboblaze\n|move|p1a: Tapu Fini|Scald|p2a: Toxapex\n|-resisted|p2a: Toxapex\n|-damage|p2a: Toxapex|73\/100 brn\n|\n|-damage|p1a: Tapu Fini|75\/100|[from] item: Black Sludge\n|-damage|p2a: Toxapex|66\/100 brn|[from] brn\n|upkeep\n|turn|140\n|inactive|gostop has 240 seconds left.\n|\n|t:|1637500703\n|move|p1a: Tapu Fini|Moonblast|p2a: Toxapex\n|-resisted|p2a: Toxapex\n|-damage|p2a: Toxapex|54\/100 brn\n|move|p2a: Toxapex|Toxic Spikes|p1a: Tapu Fini\n|-sidestart|p1: quagsgone\u30c4|move: Toxic Spikes\n|\n|-damage|p1a: Tapu Fini|63\/100|[from] item: Black Sludge\n|-damage|p2a: Toxapex|48\/100 brn|[from] brn\n|upkeep\n|turn|141\n|\n|t:|1637500712\n|switch|p2a: Tyranitar|Tyranitar, F|100\/100\n|move|p1a: Tapu Fini|Scald|p2a: Tyranitar\n|-supereffective|p2a: Tyranitar\n|-damage|p2a: Tyranitar|78\/100\n|\n|-damage|p1a: Tapu Fini|50\/100|[from] item: Black Sludge\n|upkeep\n|turn|142\n|\n|t:|1637500716\n|switch|p1a: Corviknight|Corviknight, M|100\/100\n|switch|p2a: Toxapex|Toxapex, F|48\/100 brn\n|-ability|p2a: Toxapex|Turboblaze\n|\n|-damage|p2a: Toxapex|42\/100 brn|[from] brn\n|upkeep\n|turn|143\n|\n|t:|1637500724\n|switch|p1a: Diancie|Diancie|94\/100 tox\n|move|p2a: Toxapex|Recover|p2a: Toxapex\n|-heal|p2a: Toxapex|92\/100 brn\n|\n|-heal|p1a: Diancie|100\/100 tox|[from] item: Leftovers\n|-damage|p1a: Diancie|94\/100 tox|[from] psn\n|-damage|p2a: Toxapex|85\/100 brn|[from] brn\n|upkeep\n|turn|144\n|inactive|gostop has 270 seconds left.\n|\n|t:|1637500739\n|switch|p1a: Blacephalon|Blacephalon|100\/100\n|-status|p1a: Blacephalon|psn\n|switch|p2a: Corviknight|Corviknight, F|100\/100\n|\n|upkeep\n|turn|145\n|inactive|gostop has 270 seconds left.\n|\n|t:|1637500748\n|switch|p1a: Corviknight|Corviknight, M|100\/100\n|switch|p2a: Tyranitar|Tyranitar, F|100\/100\n|\n|upkeep\n|turn|146\n|inactive|gostop has 270 seconds left.\n|\n|t:|1637500764\n|move|p1a: Corviknight|Defog|p2a: Tyranitar\n|-unboost|p2a: Tyranitar|evasion|1\n|-sideend|p1: quagsgone\u30c4|Toxic Spikes|[from] move: Defog|[of] p1a: Corviknight\n|move|p2a: Tyranitar|Dragon Tail|p1a: Corviknight\n|-resisted|p1a: Corviknight\n|-damage|p1a: Corviknight|95\/100\n|-damage|p2a: Tyranitar|84\/100|[from] item: Rocky Helmet|[of] p1a: Corviknight\n|-activate|p1a: Corviknight|ability: Wandering Spirit|Regenerator|Wandering Spirit|[of] p2a: Tyranitar\n|drag|p1a: Garchomp|Garchomp, F|100\/100\n|\n|upkeep\n|turn|147\n|inactive|gostop has 270 seconds left.\n|\n|t:|1637500779\n|switch|p2a: Hippowdon|Hippowdon, F|83\/100 tox\n|-ability|p2a: Hippowdon|Intimidate|boost\n|-unboost|p1a: Garchomp|atk|1\n|move|p1a: Garchomp|Swords Dance|p1a: Garchomp\n|-boost|p1a: Garchomp|atk|2\n|\n|-heal|p2a: Hippowdon|89\/100 tox|[from] item: Leftovers\n|-damage|p2a: Hippowdon|83\/100 tox|[from] psn\n|upkeep\n|turn|148\n|\n|t:|1637500787\n|switch|p1a: Corviknight|Corviknight, M|100\/100\n|move|p2a: Hippowdon|Toxic|p1a: Corviknight\n|-immune|p1a: Corviknight\n|\n|-heal|p2a: Hippowdon|89\/100 tox|[from] item: Leftovers\n|-damage|p2a: Hippowdon|77\/100 tox|[from] psn\n|upkeep\n|turn|149\n|\n|t:|1637500799\n|switch|p2a: Corviknight|Corviknight, F|100\/100\n|switch|p1a: Zarude|Zarude|89\/100\n|-fieldstart|move: Grassy Terrain|[from] ability: Grassy Surge|[of] p1a: Zarude\n|\n|-heal|p1a: Zarude|95\/100|[from] Grassy Terrain\n|upkeep\n|turn|150\n|inactive|gostop has 270 seconds left.\n|\n|t:|1637500820\n|switch|p1a: Blacephalon|Blacephalon|100\/100 psn\n|move|p2a: Corviknight|Bulk Up|p2a: Corviknight\n|-boost|p2a: Corviknight|atk|1\n|-boost|p2a: Corviknight|def|1\n|\n|upkeep\n|turn|151\n|\n|t:|1637500823\n|switch|p2a: Tyranitar|Tyranitar, F|84\/100\n|move|p1a: Blacephalon|Mind Blown|p2a: Tyranitar\n|-resisted|p2a: Tyranitar\n|-damage|p2a: Tyranitar|60\/100\n|\n|-heal|p2a: Tyranitar|66\/100|[from] Grassy Terrain\n|upkeep\n|turn|152\n|\n|t:|1637500833\n|switch|p1a: Corviknight|Corviknight, M|100\/100\n|switch|p2a: Corviknight|Corviknight, F|100\/100\n|\n|upkeep\n|turn|153\n|l| MAMP\n|\n|t:|1637500843\n|switch|p2a: Tyranitar|Tyranitar, F|99\/100\n|switch|p1a: Tapu Fini|Tapu Fini|84\/100\n|\n|-heal|p1a: Tapu Fini|90\/100|[from] Grassy Terrain\n|-damage|p1a: Tapu Fini|77\/100|[from] item: Black Sludge\n|-heal|p2a: Tyranitar|100\/100|[from] Grassy Terrain\n|-fieldend|move: Grassy Terrain\n|upkeep\n|turn|154\n|\n|t:|1637500852\n|switch|p2a: Toxapex|Toxapex, F|85\/100 brn\n|-ability|p2a: Toxapex|Turboblaze\n|move|p1a: Tapu Fini|Moonblast|p2a: Toxapex\n|-resisted|p2a: Toxapex\n|-damage|p2a: Toxapex|72\/100 brn\n|\n|-damage|p1a: Tapu Fini|65\/100|[from] item: Black Sludge\n|-damage|p2a: Toxapex|65\/100 brn|[from] brn\n|upkeep\n|turn|155\n|\n|t:|1637500863\n|move|p1a: Tapu Fini|Moonblast|p2a: Toxapex\n|-resisted|p2a: Toxapex\n|-damage|p2a: Toxapex|52\/100 brn\n|move|p2a: Toxapex|Toxic Spikes|p1a: Tapu Fini\n|-sidestart|p1: quagsgone\u30c4|move: Toxic Spikes\n|\n|-damage|p1a: Tapu Fini|52\/100|[from] item: Black Sludge\n|-damage|p2a: Toxapex|46\/100 brn|[from] brn\n|upkeep\n|turn|156\n|\n|t:|1637500882\n|move|p1a: Tapu Fini|Trick|p2a: Toxapex\n|-activate|p1a: Tapu Fini|move: Trick|[of] p2a: Toxapex\n|-item|p2a: Toxapex|Black Sludge|[from] move: Trick\n|-item|p1a: Tapu Fini|Choice Scarf|[from] move: Trick\n|move|p2a: Toxapex|Toxic Spikes|p1a: Tapu Fini\n|-sidestart|p1: quagsgone\u30c4|move: Toxic Spikes\n|\n|-heal|p2a: Toxapex|52\/100 brn|[from] item: Black Sludge\n|-damage|p2a: Toxapex|46\/100 brn|[from] brn\n|upkeep\n|turn|157\n|\n|t:|1637500899\n|move|p1a: Tapu Fini|Knock Off|p2a: Toxapex\n|-damage|p2a: Toxapex|36\/100 brn\n|-enditem|p2a: Toxapex|Black Sludge|[from] move: Knock Off|[of] p1a: Tapu Fini\n|move|p2a: Toxapex|Sludge Bomb|p1a: Tapu Fini\n|-supereffective|p1a: Tapu Fini\n|-damage|p1a: Tapu Fini|25\/100\n|\n|-damage|p2a: Toxapex|30\/100 brn|[from] brn\n|upkeep\n|turn|158\n|\n|t:|1637500908\n|switch|p1a: Corviknight|Corviknight, M|100\/100\n|move|p2a: Toxapex|Recover|p2a: Toxapex\n|-heal|p2a: Toxapex|80\/100 brn\n|\n|-damage|p2a: Toxapex|74\/100 brn|[from] brn\n|upkeep\n|turn|159\n|j| P.Otaku \u262f\n|\n|t:|1637500920\n|switch|p1a: Diancie|Diancie|94\/100 tox\n|move|p2a: Toxapex|Infestation|p1a: Diancie\n|-resisted|p1a: Diancie\n|-damage|p1a: Diancie|93\/100 tox\n|-activate|p1a: Diancie|move: Infestation|[of] p2a: Toxapex\n|\n|-heal|p1a: Diancie|99\/100 tox|[from] item: Leftovers\n|-damage|p1a: Diancie|93\/100 tox|[from] psn\n|-damage|p2a: Toxapex|67\/100 brn|[from] brn\n|-damage|p1a: Diancie|81\/100 tox|[from] move: Infestation|[partiallytrapped]\n|upkeep\n|turn|160\n|l| P.Otaku \u262f\n|\n|t:|1637500940\n|switch|p2a: Hippowdon|Hippowdon, F|77\/100 tox\n|-ability|p2a: Hippowdon|Intimidate|boost\n|-unboost|p1a: Diancie|atk|1\n|move|p1a: Diancie|Diamond Storm|p2a: Hippowdon\n|-resisted|p2a: Hippowdon\n|-damage|p2a: Hippowdon|71\/100 tox\n|-boost|p1a: Diancie|def|2\n|\n|-heal|p1a: Diancie|87\/100 tox|[from] item: Leftovers\n|-heal|p2a: Hippowdon|77\/100 tox|[from] item: Leftovers\n|-damage|p1a: Diancie|75\/100 tox|[from] psn\n|-damage|p2a: Hippowdon|71\/100 tox|[from] psn\n|-end|p1a: Diancie|Infestation|[partiallytrapped]|[silent]\n|upkeep\n|turn|161\n|\n|t:|1637500950\n|move|p1a: Diancie|Sand Tomb|p2a: Hippowdon\n|-damage|p2a: Hippowdon|68\/100 tox\n|-activate|p2a: Hippowdon|move: Sand Tomb|[of] p1a: Diancie\n|move|p2a: Hippowdon|Slack Off|p2a: Hippowdon\n|-heal|p2a: Hippowdon|100\/100 tox\n|\n|-heal|p1a: Diancie|81\/100 tox|[from] item: Leftovers\n|-damage|p1a: Diancie|62\/100 tox|[from] psn\n|-damage|p2a: Hippowdon|88\/100 tox|[from] psn\n|-damage|p2a: Hippowdon|76\/100 tox|[from] move: Sand Tomb|[partiallytrapped]\n|upkeep\n|turn|162\n|\n|t:|1637500959\n|move|p1a: Diancie|Body Press|p2a: Hippowdon\n|-crit|p2a: Hippowdon\n|-damage|p2a: Hippowdon|27\/100 tox\n|move|p2a: Hippowdon|Earthquake|p1a: Diancie\n|-supereffective|p1a: Diancie\n|-damage|p1a: Diancie|36\/100 tox\n|\n|-heal|p1a: Diancie|42\/100 tox|[from] item: Leftovers\n|-heal|p2a: Hippowdon|33\/100 tox|[from] item: Leftovers\n|-damage|p1a: Diancie|17\/100 tox|[from] psn\n|-damage|p2a: Hippowdon|15\/100 tox|[from] psn\n|-damage|p2a: Hippowdon|2\/100 tox|[from] move: Sand Tomb|[partiallytrapped]\n|upkeep\n|turn|163\n|\n|t:|1637500973\n|move|p1a: Diancie|Body Press|p2a: Hippowdon\n|-damage|p2a: Hippowdon|0 fnt\n|faint|p2a: Hippowdon\n|\n|-heal|p1a: Diancie|23\/100 tox|[from] item: Leftovers\n|-damage|p1a: Diancie|0 fnt|[from] psn\n|faint|p1a: Diancie\n|upkeep\n|l|+Dragonillis\n|\n|t:|1637500985\n|switch|p1a: Corviknight|Corviknight, M|100\/100\n|switch|p2a: Toxapex|Toxapex, F|67\/100 brn\n|-ability|p2a: Toxapex|Turboblaze\n|turn|164\n|\n|t:|1637500996\n|move|p1a: Corviknight|Defog|p2a: Toxapex\n|-unboost|p2a: Toxapex|evasion|1\n|-sideend|p1: quagsgone\u30c4|Toxic Spikes|[from] move: Defog|[of] p1a: Corviknight\n|move|p2a: Toxapex|Recover|p2a: Toxapex\n|-heal|p2a: Toxapex|100\/100 brn\n|\n|-damage|p2a: Toxapex|94\/100 brn|[from] brn\n|upkeep\n|turn|165\n|j| UnnerfTalonflame\n|\n|t:|1637501009\n|switch|p1a: Blacephalon|Blacephalon|100\/100 psn\n|move|p2a: Toxapex|Toxic Spikes|p1a: Blacephalon\n|-sidestart|p1: quagsgone\u30c4|move: Toxic Spikes\n|\n|-damage|p2a: Toxapex|88\/100 brn|[from] brn\n|upkeep\n|turn|166\n|j| cscl\n|\n|t:|1637501018\n|switch|p2a: Tyranitar|Tyranitar, F|100\/100\n|move|p1a: Blacephalon|Shadow Ball|p2a: Tyranitar\n|-resisted|p2a: Tyranitar\n|-damage|p2a: Tyranitar|86\/100\n|\n|upkeep\n|turn|167\n|l| UnnerfTalonflame\n|\n|t:|1637501034\n|switch|p1a: Tapu Fini|Tapu Fini|59\/100\n|-status|p1a: Tapu Fini|psn\n|move|p2a: Tyranitar|Earthquake|p1a: Tapu Fini\n|-damage|p1a: Tapu Fini|30\/100 psn\n|\n|-damage|p1a: Tapu Fini|17\/100 psn|[from] psn\n|upkeep\n|turn|168\n|j|+Dragonillis\n|inactive|quagsgone\u30c4 has 270 seconds left.\n|inactive|gostop has 270 seconds left.\n|j| atha\n|\n|t:|1637501063\n|switch|p1a: Corviknight|Corviknight, M|100\/100\n|move|p2a: Tyranitar|Earthquake|p1a: Corviknight\n|-immune|p1a: Corviknight\n|\n|upkeep\n|turn|169\n|\n|t:|1637501067\n|switch|p2a: Toxapex|Toxapex, F|88\/100 brn\n|-ability|p2a: Toxapex|Turboblaze\n|move|p1a: Corviknight|Defog|p2a: Toxapex\n|-unboost|p2a: Toxapex|evasion|1\n|-sideend|p1: quagsgone\u30c4|Toxic Spikes|[from] move: Defog|[of] p1a: Corviknight\n|\n|-damage|p2a: Toxapex|82\/100 brn|[from] brn\n|upkeep\n|turn|170\n|\n|t:|1637501073\n|switch|p1a: Blacephalon|Blacephalon|100\/100 psn\n|move|p2a: Toxapex|Toxic Spikes|p1a: Blacephalon\n|-sidestart|p1: quagsgone\u30c4|move: Toxic Spikes\n|\n|-damage|p2a: Toxapex|75\/100 brn|[from] brn\n|upkeep\n|turn|171\n|\n|t:|1637501081\n|switch|p1a: Corviknight|Corviknight, M|100\/100\n|switch|p2a: Tyranitar|Tyranitar, F|100\/100\n|\n|upkeep\n|turn|172\n|c| atha|what.\n|\n|t:|1637501095\n|switch|p2a: Toxapex|Toxapex, F|75\/100 brn\n|-ability|p2a: Toxapex|Turboblaze\n|move|p1a: Corviknight|Defog|p2a: Toxapex\n|-unboost|p2a: Toxapex|evasion|1\n|-sideend|p1: quagsgone\u30c4|Toxic Spikes|[from] move: Defog|[of] p1a: Corviknight\n|\n|-damage|p2a: Toxapex|69\/100 brn|[from] brn\n|upkeep\n|turn|173\n|\n|t:|1637501113\n|switch|p1a: Zarude|Zarude|95\/100\n|-fieldstart|move: Grassy Terrain|[from] ability: Grassy Surge|[of] p1a: Zarude\n|move|p2a: Toxapex|Recover|p2a: Toxapex\n|-heal|p2a: Toxapex|100\/100 brn\n|\n|-heal|p1a: Zarude|100\/100|[from] Grassy Terrain\n|-damage|p2a: Toxapex|94\/100 brn|[from] brn\n|upkeep\n|turn|174\n|l| LeBarBURR\n|\n|t:|1637501126\n|move|p1a: Zarude|Grassy Glide|p2a: Toxapex\n|-damage|p2a: Toxapex|48\/100 brn\n|move|p2a: Toxapex|Toxic Spikes|p1a: Zarude\n|-sidestart|p1: quagsgone\u30c4|move: Toxic Spikes\n|\n|-heal|p2a: Toxapex|54\/100 brn|[from] Grassy Terrain\n|-damage|p2a: Toxapex|48\/100 brn|[from] brn\n|upkeep\n|turn|175\n|\n|t:|1637501137\n|switch|p1a: Tapu Fini|Tapu Fini|50\/100 psn\n|move|p2a: Toxapex|Recover|p2a: Toxapex\n|-heal|p2a: Toxapex|98\/100 brn\n|\n|-heal|p1a: Tapu Fini|57\/100 psn|[from] Grassy Terrain\n|-heal|p2a: Toxapex|100\/100 brn|[from] Grassy Terrain\n|-damage|p1a: Tapu Fini|44\/100 psn|[from] psn\n|-damage|p2a: Toxapex|94\/100 brn|[from] brn\n|upkeep\n|turn|176\n|j| UnnerfTalonflame\n|\n|t:|1637501154\n|switch|p1a: Corviknight|Corviknight, M|100\/100\n|move|p2a: Toxapex|Sludge Bomb|p1a: Corviknight\n|-immune|p1a: Corviknight\n|\n|-heal|p2a: Toxapex|100\/100 brn|[from] Grassy Terrain\n|-damage|p2a: Toxapex|94\/100 brn|[from] brn\n|upkeep\n|turn|177\n|\n|t:|1637501166\n|move|p1a: Corviknight|Defog|p2a: Toxapex\n|-unboost|p2a: Toxapex|evasion|1\n|-sideend|p1: quagsgone\u30c4|Toxic Spikes|[from] move: Defog|[of] p1a: Corviknight\n|-fieldend|move: Grassy Terrain\n|move|p2a: Toxapex|Infestation|p1a: Corviknight\n|-resisted|p1a: Corviknight\n|-damage|p1a: Corviknight|99\/100\n|-activate|p1a: Corviknight|move: Infestation|[of] p2a: Toxapex\n|-damage|p2a: Toxapex|78\/100 brn|[from] item: Rocky Helmet|[of] p1a: Corviknight\n|-activate|p1a: Corviknight|ability: Wandering Spirit|Turboblaze|Wandering Spirit|[of] p2a: Toxapex\n|-ability|p1a: Corviknight|Turboblaze\n|\n|-damage|p2a: Toxapex|72\/100 brn|[from] brn\n|-damage|p1a: Corviknight|87\/100|[from] move: Infestation|[partiallytrapped]\n|upkeep\n|turn|178\n|inactive|gostop has 270 seconds left.\n|\n|t:|1637501197\n|move|p1a: Corviknight|U-turn|p2a: Toxapex\n|-resisted|p2a: Toxapex\n|-damage|p2a: Toxapex|67\/100 brn\n|-activate|p2a: Toxapex|ability: Wandering Spirit|Turboblaze|Wandering Spirit|[of] p1a: Corviknight\n|-ability|p2a: Toxapex|Turboblaze\n|\n|t:|1637501199\n|switch|p1a: Zarude|Zarude|100\/100|[from]move: U-turn\n|-fieldstart|move: Grassy Terrain|[from] ability: Grassy Surge|[of] p1a: Zarude\n|move|p2a: Toxapex|Sludge Bomb|p1a: Zarude\n|-supereffective|p1a: Zarude\n|-damage|p1a: Zarude|61\/100\n|\n|-heal|p1a: Zarude|67\/100|[from] Grassy Terrain\n|-heal|p2a: Toxapex|73\/100 brn|[from] Grassy Terrain\n|-damage|p2a: Toxapex|67\/100 brn|[from] brn\n|upkeep\n|turn|179\n|\n|t:|1637501214\n|move|p1a: Zarude|Grassy Glide|p2a: Toxapex\n|-damage|p2a: Toxapex|23\/100 brn\n|move|p2a: Toxapex|Recover|p2a: Toxapex\n|-heal|p2a: Toxapex|73\/100 brn\n|\n|-heal|p1a: Zarude|73\/100|[from] Grassy Terrain\n|-heal|p2a: Toxapex|79\/100 brn|[from] Grassy Terrain\n|-damage|p2a: Toxapex|73\/100 brn|[from] brn\n|upkeep\n|turn|180\n|\n|t:|1637501224\n|switch|p2a: Corviknight|Corviknight, F|100\/100\n|move|p1a: Zarude|Grassy Glide|p2a: Corviknight\n|-resisted|p2a: Corviknight\n|-crit|p2a: Corviknight\n|-damage|p2a: Corviknight|78\/100\n|\n|-heal|p1a: Zarude|79\/100|[from] Grassy Terrain\n|-heal|p2a: Corviknight|84\/100|[from] item: Leftovers\n|upkeep\n|turn|181\n|\n|t:|1637501238\n|switch|p1a: Tapu Fini|Tapu Fini|77\/100 psn\n|move|p2a: Corviknight|Bulk Up|p2a: Corviknight\n|-boost|p2a: Corviknight|atk|1\n|-boost|p2a: Corviknight|def|1\n|\n|-heal|p1a: Tapu Fini|83\/100 psn|[from] Grassy Terrain\n|-heal|p2a: Corviknight|90\/100|[from] item: Leftovers\n|-damage|p1a: Tapu Fini|71\/100 psn|[from] psn\n|upkeep\n|turn|182\n|\n|t:|1637501251\n|switch|p2a: Toxapex|Toxapex, F|73\/100 brn\n|-ability|p2a: Toxapex|Turboblaze\n|move|p1a: Tapu Fini|Trick|p2a: Toxapex\n|-activate|p1a: Tapu Fini|move: Trick|[of] p2a: Toxapex\n|-item|p2a: Toxapex|Choice Scarf|[from] move: Trick\n|-enditem|p1a: Tapu Fini|Choice Scarf|[silent]|[from] move: Trick\n|\n|-heal|p1a: Tapu Fini|77\/100 psn|[from] Grassy Terrain\n|-heal|p2a: Toxapex|79\/100 brn|[from] Grassy Terrain\n|-damage|p1a: Tapu Fini|64\/100 psn|[from] psn\n|-damage|p2a: Toxapex|73\/100 brn|[from] brn\n|-fieldend|move: Grassy Terrain\n|upkeep\n|turn|183\n|l|+Dragonillis\n|l| UnnerfTalonflame\n|inactive|gostop has 270 seconds left.\n|\n|t:|1637501267\n|switch|p1a: Blacephalon|Blacephalon|100\/100 psn\n|move|p2a: Toxapex|Toxic Spikes|p1a: Blacephalon\n|-sidestart|p1: quagsgone\u30c4|move: Toxic Spikes\n|\n|-damage|p2a: Toxapex|67\/100 brn|[from] brn\n|upkeep\n|turn|184\n|j|+Dragonillis\n|\n|t:|1637501274\n|switch|p1a: Corviknight|Corviknight, M|87\/100\n|switch|p2a: Tyranitar|Tyranitar, F|100\/100\n|\n|upkeep\n|turn|185\n|l| JAMKRE\n|inactive|gostop has 270 seconds left.\n|\n|t:|1637501290\n|switch|p2a: Corviknight|Corviknight, F|90\/100\n|move|p1a: Corviknight|Defog|p2a: Corviknight\n|-unboost|p2a: Corviknight|evasion|1\n|-sideend|p1: quagsgone\u30c4|Toxic Spikes|[from] move: Defog|[of] p1a: Corviknight\n|\n|-heal|p2a: Corviknight|96\/100|[from] item: Leftovers\n|upkeep\n|turn|186\n|\n|t:|1637501298\n|switch|p1a: Tapu Fini|Tapu Fini|98\/100 psn\n|move|p2a: Corviknight|Bulk Up|p2a: Corviknight\n|-boost|p2a: Corviknight|atk|1\n|-boost|p2a: Corviknight|def|1\n|\n|-heal|p2a: Corviknight|100\/100|[from] item: Leftovers\n|-damage|p1a: Tapu Fini|85\/100 psn|[from] psn\n|upkeep\n|turn|187\n|inactive|gostop has 270 seconds left.\n|\n|t:|1637501322\n|switch|p2a: Toxapex|Toxapex, F|67\/100 brn\n|-ability|p2a: Toxapex|Turboblaze\n|move|p1a: Tapu Fini|Scald|p2a: Toxapex\n|-resisted|p2a: Toxapex\n|-damage|p2a: Toxapex|56\/100 brn\n|\n|-damage|p1a: Tapu Fini|73\/100 psn|[from] psn\n|-damage|p2a: Toxapex|50\/100 brn|[from] brn\n|upkeep\n|turn|188\n|\n|t:|1637501327\n|switch|p1a: Zarude|Zarude|79\/100\n|-fieldstart|move: Grassy Terrain|[from] ability: Grassy Surge|[of] p1a: Zarude\n|move|p2a: Toxapex|Recover|p2a: Toxapex\n|-heal|p2a: Toxapex|99\/100 brn\n|\n|-heal|p1a: Zarude|85\/100|[from] Grassy Terrain\n|-heal|p2a: Toxapex|100\/100 brn|[from] Grassy Terrain\n|-damage|p2a: Toxapex|94\/100 brn|[from] brn\n|upkeep\n|turn|189\n|\n|t:|1637501338\n|switch|p2a: Corviknight|Corviknight, F|100\/100\n|move|p1a: Zarude|U-turn|p2a: Corviknight\n|-resisted|p2a: Corviknight\n|-damage|p2a: Corviknight|93\/100\n|\n|t:|1637501340\n|switch|p1a: Garchomp|Garchomp, F|100\/100|[from]move: U-turn\n|\n|-heal|p2a: Corviknight|99\/100|[from] item: Leftovers\n|upkeep\n|turn|190\n|j| UnnerfTalonflame\n|l| UnnerfTalonflame\n|\n|t:|1637501364\n|switch|p2a: Tyranitar|Tyranitar, F|100\/100\n|move|p1a: Garchomp|Fire Fang|p2a: Tyranitar\n|-resisted|p2a: Tyranitar\n|-damage|p2a: Tyranitar|92\/100\n|\n|-heal|p2a: Tyranitar|98\/100|[from] Grassy Terrain\n|upkeep\n|turn|191\n|\n|t:|1637501374\n|move|p1a: Garchomp|Fire Fang|p2a: Tyranitar\n|-resisted|p2a: Tyranitar\n|-damage|p2a: Tyranitar|89\/100\n|cant|p2a: Tyranitar|flinch\n|\n|-heal|p2a: Tyranitar|95\/100|[from] Grassy Terrain\n|upkeep\n|turn|192\n|j| JAMKRE\n|\n|t:|1637501383\n|move|p1a: Garchomp|Toxic|p2a: Tyranitar\n|-status|p2a: Tyranitar|tox\n|move|p2a: Tyranitar|Dragon Tail|p1a: Garchomp|[miss]\n|-miss|p2a: Tyranitar|p1a: Garchomp\n|\n|-heal|p2a: Tyranitar|100\/100 tox|[from] Grassy Terrain\n|-damage|p2a: Tyranitar|94\/100 tox|[from] psn\n|-fieldend|move: Grassy Terrain\n|upkeep\n|turn|193\n|\n|t:|1637501391\n|switch|p1a: Corviknight|Corviknight, M|87\/100\n|move|p2a: Tyranitar|Dragon Tail|p1a: Corviknight\n|-resisted|p1a: Corviknight\n|-damage|p1a: Corviknight|81\/100\n|-damage|p2a: Tyranitar|78\/100 tox|[from] item: Rocky Helmet|[of] p1a: Corviknight\n|-activate|p1a: Corviknight|ability: Wandering Spirit|Regenerator|Wandering Spirit|[of] p2a: Tyranitar\n|drag|p1a: Blacephalon|Blacephalon|100\/100 psn\n|\n|-damage|p2a: Tyranitar|65\/100 tox|[from] psn\n|upkeep\n|turn|194\n|j| UnnerfTalonflame\n|\n|t:|1637501401\n|switch|p1a: Garchomp|Garchomp, F|100\/100\n|switch|p2a: Corviknight|Corviknight, F|99\/100\n|\n|-heal|p2a: Corviknight|100\/100|[from] item: Leftovers\n|upkeep\n|turn|195\n|\n|t:|1637501415\n|switch|p2a: Tyranitar|Tyranitar, F|65\/100 tox\n|move|p1a: Garchomp|Swords Dance|p1a: Garchomp\n|-boost|p1a: Garchomp|atk|2\n|\n|-damage|p2a: Tyranitar|59\/100 tox|[from] psn\n|upkeep\n|turn|196\n|\n|t:|1637501434\n|switch|p2a: Trubbish|Trubbish, L1, F, shiny|100\/100\n|move|p1a: Garchomp|Fire Fang|p2a: Trubbish\n|-ability|p2a: Trubbish|Sturdy\n|-damage|p2a: Trubbish|9\/100\n|-enditem|p2a: Trubbish|Berry Juice\n|-heal|p2a: Trubbish|100\/100|[from] item: Berry Juice\n|\n|upkeep\n|turn|197\n|j| drekion11\n|\n|t:|1637501442\n|switch|p1a: Tapu Fini|Tapu Fini|100\/100 psn\n|move|p2a: Trubbish|Pain Split|p1a: Tapu Fini\n|-sethp|p1a: Tapu Fini|52\/100 psn|[from] move: Pain Split|[silent]\n|-sethp|p2a: Trubbish|100\/100|[from] move: Pain Split\n|\n|-damage|p1a: Tapu Fini|40\/100 psn|[from] psn\n|upkeep\n|turn|198\n|l| UnnerfTalonflame\n|\n|t:|1637501456\n|switch|p1a: Blacephalon|Blacephalon|100\/100 psn\n|move|p2a: Trubbish|Protect||[still]\n|-fail|p2a: Trubbish\n|\n|upkeep\n|turn|199\n|l| cscl\n|\n|t:|1637501471\n|switch|p1a: Zarude|Zarude|85\/100\n|-fieldstart|move: Grassy Terrain|[from] ability: Grassy Surge|[of] p1a: Zarude\n|move|p2a: Trubbish|Protect||[still]\n|-fail|p2a: Trubbish\n|\n|-heal|p1a: Zarude|91\/100|[from] Grassy Terrain\n|upkeep\n|turn|200\n|\n|t:|1637501478\n|switch|p1a: Tapu Fini|Tapu Fini|73\/100 psn\n|move|p2a: Trubbish|Pain Split|p1a: Tapu Fini\n|-sethp|p1a: Tapu Fini|38\/100 psn|[from] move: Pain Split|[silent]\n|-sethp|p2a: Trubbish|100\/100|[from] move: Pain Split\n|\n|-heal|p1a: Tapu Fini|44\/100 psn|[from] Grassy Terrain\n|-damage|p1a: Tapu Fini|32\/100 psn|[from] psn\n|upkeep\n|turn|201\n|\n|t:|1637501498\n|switch|p2a: Toxapex|Toxapex, F|94\/100 brn\n|-ability|p2a: Toxapex|Turboblaze\n|move|p1a: Tapu Fini|Scald|p2a: Toxapex\n|-resisted|p2a: Toxapex\n|-damage|p2a: Toxapex|83\/100 brn\n|\n|-heal|p1a: Tapu Fini|38\/100 psn|[from] Grassy Terrain\n|-heal|p2a: Toxapex|90\/100 brn|[from] Grassy Terrain\n|-damage|p1a: Tapu Fini|25\/100 psn|[from] psn\n|-damage|p2a: Toxapex|83\/100 brn|[from] brn\n|upkeep\n|turn|202\n|j| drphdbj\n|\n|t:|1637501513\n|switch|p1a: Corviknight|Corviknight, M|100\/100\n|move|p2a: Toxapex|Toxic Spikes|p1a: Corviknight\n|-sidestart|p1: quagsgone\u30c4|move: Toxic Spikes\n|\n|-heal|p2a: Toxapex|90\/100 brn|[from] Grassy Terrain\n|-damage|p2a: Toxapex|83\/100 brn|[from] brn\n|upkeep\n|turn|203\n|l| JAMKRE\n|\n|t:|1637501528\n|switch|p2a: Trubbish|Trubbish, L1, F, shiny|100\/100\n|move|p1a: Corviknight|Defog|p2a: Trubbish\n|-unboost|p2a: Trubbish|evasion|1\n|-sideend|p1: quagsgone\u30c4|Toxic Spikes|[from] move: Defog|[of] p1a: Corviknight\n|-fieldend|move: Grassy Terrain\n|\n|upkeep\n|turn|204\n|\n|t:|1637501537\n|move|p1a: Corviknight|U-turn|p2a: Trubbish\n|-resisted|p2a: Trubbish\n|-ability|p2a: Trubbish|Sturdy\n|-damage|p2a: Trubbish|9\/100\n|\n|t:|1637501540\n|switch|p1a: Zarude|Zarude|91\/100|[from]move: U-turn\n|-fieldstart|move: Grassy Terrain|[from] ability: Grassy Surge|[of] p1a: Zarude\n|move|p2a: Trubbish|Pain Split|p1a: Zarude\n|-sethp|p1a: Zarude|46\/100|[from] move: Pain Split|[silent]\n|-sethp|p2a: Trubbish|100\/100|[from] move: Pain Split\n|\n|-heal|p1a: Zarude|52\/100|[from] Grassy Terrain\n|upkeep\n|turn|205\n|\n|t:|1637501550\n|move|p1a: Zarude|U-turn|p2a: Trubbish\n|-resisted|p2a: Trubbish\n|-ability|p2a: Trubbish|Sturdy\n|-damage|p2a: Trubbish|9\/100\n|\n|t:|1637501557\n|switch|p1a: Garchomp|Garchomp, F|100\/100|[from]move: U-turn\n|move|p2a: Trubbish|Pain Split|p1a: Garchomp\n|-sethp|p1a: Garchomp|50\/100|[from] move: Pain Split|[silent]\n|-sethp|p2a: Trubbish|100\/100|[from] move: Pain Split\n|\n|-heal|p1a: Garchomp|57\/100|[from] Grassy Terrain\n|-heal|p1a: Garchomp|63\/100|[from] item: Leftovers\n|upkeep\n|turn|206\n|j|+The Number Man\n|inactive|gostop has 270 seconds left.\n|\n|t:|1637501591\n|switch|p1a: Tapu Fini|Tapu Fini|59\/100 psn\n|move|p2a: Trubbish|Pain Split|p1a: Tapu Fini\n|-sethp|p1a: Tapu Fini|31\/100 psn|[from] move: Pain Split|[silent]\n|-sethp|p2a: Trubbish|100\/100|[from] move: Pain Split\n|\n|-heal|p1a: Tapu Fini|37\/100 psn|[from] Grassy Terrain\n|-damage|p1a: Tapu Fini|25\/100 psn|[from] psn\n|upkeep\n|turn|207\n|j| a cool fish\n|j| Pokefrench2.0\n|\n|t:|1637501601\n|switch|p1a: Zarude|Zarude|52\/100\n|move|p2a: Trubbish|Protect||[still]\n|-fail|p2a: Trubbish\n|\n|-heal|p1a: Zarude|58\/100|[from] Grassy Terrain\n|upkeep\n|turn|208\n|\n|t:|1637501605\n|move|p1a: Zarude|U-turn|p2a: Trubbish\n|-resisted|p2a: Trubbish\n|-ability|p2a: Trubbish|Sturdy\n|-damage|p2a: Trubbish|9\/100\n|\n|t:|1637501607\n|switch|p1a: Tapu Fini|Tapu Fini|58\/100 psn|[from]move: U-turn\n|move|p2a: Trubbish|Pain Split|p1a: Tapu Fini\n|-sethp|p1a: Tapu Fini|29\/100 psn|[from] move: Pain Split|[silent]\n|-sethp|p2a: Trubbish|100\/100|[from] move: Pain Split\n|\n|-heal|p1a: Tapu Fini|35\/100 psn|[from] Grassy Terrain\n|-damage|p1a: Tapu Fini|23\/100 psn|[from] psn\n|-fieldend|move: Grassy Terrain\n|upkeep\n|turn|209\n|\n|t:|1637501618\n|switch|p1a: Zarude|Zarude|58\/100\n|-fieldstart|move: Grassy Terrain|[from] ability: Grassy Surge|[of] p1a: Zarude\n|move|p2a: Trubbish|Pain Split|p1a: Zarude\n|-sethp|p1a: Zarude|31\/100|[from] move: Pain Split|[silent]\n|-sethp|p2a: Trubbish|100\/100|[from] move: Pain Split\n|\n|-heal|p1a: Zarude|37\/100|[from] Grassy Terrain\n|upkeep\n|turn|210\n|\n|t:|1637501630\n|move|p1a: Zarude|U-turn|p2a: Trubbish\n|-resisted|p2a: Trubbish\n|-ability|p2a: Trubbish|Sturdy\n|-damage|p2a: Trubbish|9\/100\n|c|\u2606quagsgone\u30c4|god I wish I had rocks on this\n|\n|t:|1637501645\n|switch|p1a: Tapu Fini|Tapu Fini|56\/100 psn|[from]move: U-turn\n|move|p2a: Trubbish|Pain Split|p1a: Tapu Fini\n|-sethp|p1a: Tapu Fini|28\/100 psn|[from] move: Pain Split|[silent]\n|-sethp|p2a: Trubbish|100\/100|[from] move: Pain Split\n|\n|-heal|p1a: Tapu Fini|35\/100 psn|[from] Grassy Terrain\n|-damage|p1a: Tapu Fini|22\/100 psn|[from] psn\n|upkeep\n|turn|211\n|c| Lasen|this team doesn't rock\n|c| Lasen|neither does\n|c|+Greybaum|this team doesn't stealth\n|\n|t:|1637501662\n|move|p1a: Tapu Fini|Scald|p2a: Trubbish\n|-ability|p2a: Trubbish|Sturdy\n|-damage|p2a: Trubbish|9\/100\n|move|p2a: Trubbish|Recycle|p2a: Trubbish\n|-item|p2a: Trubbish|Berry Juice|[from] move: Recycle\n|-enditem|p2a: Trubbish|Berry Juice\n|-heal|p2a: Trubbish|100\/100|[from] item: Berry Juice\n|\n|-heal|p1a: Tapu Fini|28\/100 psn|[from] Grassy Terrain\n|-damage|p1a: Tapu Fini|16\/100 psn|[from] psn\n|upkeep\n|turn|212\n|c| Lasen|haha!\n|\n|t:|1637501674\n|switch|p1a: Corviknight|Corviknight, M|100\/100\n|move|p2a: Trubbish|Toxic|p1a: Corviknight\n|-immune|p1a: Corviknight\n|\n|upkeep\n|turn|213\n|\n|t:|1637501683\n|move|p1a: Corviknight|U-turn|p2a: Trubbish\n|-resisted|p2a: Trubbish\n|-ability|p2a: Trubbish|Sturdy\n|-damage|p2a: Trubbish|9\/100\n|\n|t:|1637501686\n|switch|p1a: Zarude|Zarude|37\/100|[from]move: U-turn\n|move|p2a: Trubbish|Recycle|p2a: Trubbish\n|-item|p2a: Trubbish|Berry Juice|[from] move: Recycle\n|-enditem|p2a: Trubbish|Berry Juice\n|-heal|p2a: Trubbish|100\/100|[from] item: Berry Juice\n|\n|-heal|p1a: Zarude|43\/100|[from] Grassy Terrain\n|-fieldend|move: Grassy Terrain\n|upkeep\n|turn|214\n|\n|t:|1637501700\n|switch|p1a: Tapu Fini|Tapu Fini|49\/100 psn\n|move|p2a: Trubbish|Pain Split|p1a: Tapu Fini\n|-sethp|p1a: Tapu Fini|26\/100 psn|[from] move: Pain Split|[silent]\n|-sethp|p2a: Trubbish|100\/100|[from] move: Pain Split\n|\n|-damage|p1a: Tapu Fini|14\/100 psn|[from] psn\n|upkeep\n|turn|215\n|\n|t:|1637501712\n|switch|p1a: Corviknight|Corviknight, M|100\/100\n|move|p2a: Trubbish|Toxic|p1a: Corviknight\n|-immune|p1a: Corviknight\n|\n|upkeep\n|turn|216\n|\n|t:|1637501724\n|switch|p1a: Tapu Fini|Tapu Fini|47\/100 psn\n|move|p2a: Trubbish|Pain Split|p1a: Tapu Fini\n|-sethp|p1a: Tapu Fini|25\/100 psn|[from] move: Pain Split|[silent]\n|-sethp|p2a: Trubbish|100\/100|[from] move: Pain Split\n|\n|-damage|p1a: Tapu Fini|13\/100 psn|[from] psn\n|upkeep\n|turn|217\n|\n|t:|1637501734\n|switch|p1a: Corviknight|Corviknight, M|100\/100\n|move|p2a: Trubbish|Pain Split|p1a: Corviknight\n|-sethp|p1a: Corviknight|52\/100|[from] move: Pain Split|[silent]\n|-sethp|p2a: Trubbish|100\/100|[from] move: Pain Split\n|\n|upkeep\n|turn|218\n|\n|t:|1637501741\n|switch|p1a: Tapu Fini|Tapu Fini|46\/100 psn\n|move|p2a: Trubbish|Pain Split|p1a: Tapu Fini\n|-sethp|p1a: Tapu Fini|25\/100 psn|[from] move: Pain Split|[silent]\n|-sethp|p2a: Trubbish|100\/100|[from] move: Pain Split\n|\n|-damage|p1a: Tapu Fini|12\/100 psn|[from] psn\n|upkeep\n|turn|219\n|\n|t:|1637501748\n|switch|p1a: Corviknight|Corviknight, M|52\/100\n|move|p2a: Trubbish|Recycle|p2a: Trubbish\n|-item|p2a: Trubbish|Berry Juice|[from] move: Recycle\n|\n|upkeep\n|turn|220\n|inactive|gostop has 270 seconds left.\n|\n|t:|1637501783\n|switch|p1a: Tapu Fini|Tapu Fini|46\/100 psn\n|switch|p2a: Corviknight|Corviknight, F|100\/100\n|\n|-damage|p1a: Tapu Fini|33\/100 psn|[from] psn\n|upkeep\n|turn|221\n|inactive|gostop has 270 seconds left.\n|\n|t:|1637501793\n|switch|p1a: Blacephalon|Blacephalon|100\/100 psn\n|move|p2a: Corviknight|Bulk Up|p2a: Corviknight\n|-boost|p2a: Corviknight|atk|1\n|-boost|p2a: Corviknight|def|1\n|\n|upkeep\n|turn|222\n|\n|t:|1637501796\n|switch|p2a: Tyranitar|Tyranitar, F|92\/100 tox\n|move|p1a: Blacephalon|Mind Blown|p2a: Tyranitar\n|-resisted|p2a: Tyranitar\n|-damage|p2a: Tyranitar|68\/100 tox\n|\n|-damage|p2a: Tyranitar|62\/100 tox|[from] psn\n|upkeep\n|turn|223\n|\n|t:|1637501804\n|switch|p1a: Garchomp|Garchomp, F|96\/100\n|switch|p2a: Corviknight|Corviknight, F|100\/100\n|\n|-heal|p1a: Garchomp|100\/100|[from] item: Leftovers\n|upkeep\n|turn|224\n|l| Pokefrench2.0\n|l|+The Number Man\n|j|+The Number Man\n|inactive|gostop has 270 seconds left.\n|\n|t:|1637501829\n|switch|p2a: Tyranitar|Tyranitar, F|95\/100 tox\n|move|p1a: Garchomp|Swords Dance|p1a: Garchomp\n|-boost|p1a: Garchomp|atk|2\n|\n|-damage|p2a: Tyranitar|89\/100 tox|[from] psn\n|upkeep\n|turn|225\n|\n|t:|1637501833\n|move|p1a: Garchomp|Fire Fang|p2a: Tyranitar\n|-resisted|p2a: Tyranitar\n|-damage|p2a: Tyranitar|71\/100 tox\n|cant|p2a: Tyranitar|flinch\n|\n|-damage|p2a: Tyranitar|59\/100 tox|[from] psn\n|upkeep\n|turn|226\n|\n|t:|1637501838\n|move|p1a: Garchomp|Fire Fang|p2a: Tyranitar\n|-resisted|p2a: Tyranitar\n|-damage|p2a: Tyranitar|39\/100 tox\n|move|p2a: Tyranitar|Dragon Tail|p1a: Garchomp\n|-supereffective|p1a: Garchomp\n|-damage|p1a: Garchomp|69\/100\n|drag|p1a: Tapu Fini|Tapu Fini|66\/100 psn\n|\n|-damage|p1a: Tapu Fini|54\/100 psn|[from] psn\n|-damage|p2a: Tyranitar|21\/100 tox|[from] psn\n|upkeep\n|turn|227\n|l|+The Number Man\n|\n|t:|1637501852\n|switch|p1a: Garchomp|Garchomp, F|100\/100\n|switch|p2a: Toxapex|Toxapex, F|83\/100 brn\n|-ability|p2a: Toxapex|Turboblaze\n|\n|-damage|p2a: Toxapex|77\/100 brn|[from] brn\n|upkeep\n|turn|228\n|\n|t:|1637501870\n|move|p1a: Garchomp|Fire Fang|p2a: Toxapex\n|-resisted|p2a: Toxapex\n|-damage|p2a: Toxapex|70\/100 brn\n|move|p2a: Toxapex|Sludge Bomb|p1a: Garchomp\n|-resisted|p1a: Garchomp\n|-damage|p1a: Garchomp|92\/100\n|-status|p1a: Garchomp|psn\n|\n|-heal|p1a: Garchomp|98\/100 psn|[from] item: Leftovers\n|-damage|p1a: Garchomp|85\/100 psn|[from] psn\n|-damage|p2a: Toxapex|64\/100 brn|[from] brn\n|upkeep\n|turn|229\n|\n|t:|1637501880\n|switch|p2a: Tyranitar|Tyranitar, F|54\/100 tox\n|move|p1a: Garchomp|Fire Fang|p2a: Tyranitar\n|-resisted|p2a: Tyranitar\n|-damage|p2a: Tyranitar|45\/100 tox\n|\n|-heal|p1a: Garchomp|92\/100 psn|[from] item: Leftovers\n|-damage|p1a: Garchomp|79\/100 psn|[from] psn\n|-damage|p2a: Tyranitar|38\/100 tox|[from] psn\n|upkeep\n|turn|230\n|j|+The Number Man\n|inactive|gostop has 270 seconds left.\n|l|+The Number Man\n|j| UnnerfTalonflame\n|j|+The Number Man\n|\n|t:|1637501935\n|move|p1a: Garchomp|Earthquake|p2a: Tyranitar\n|-supereffective|p2a: Tyranitar\n|-damage|p2a: Tyranitar|0 fnt\n|faint|p2a: Tyranitar\n|\n|-heal|p1a: Garchomp|85\/100 psn|[from] item: Leftovers\n|-damage|p1a: Garchomp|73\/100 psn|[from] psn\n|upkeep\n|inactive|gostop has 240 seconds left.\n|l| UnnerfTalonflame\n|l|+The Number Man\n|\n|t:|1637501963\n|switch|p2a: Trubbish|Trubbish, L1, F, shiny|100\/100\n|turn|231\n|\n|t:|1637501969\n|move|p1a: Garchomp|Fire Fang|p2a: Trubbish|[miss]\n|-miss|p1a: Garchomp|p2a: Trubbish\n|move|p2a: Trubbish|Pain Split|p1a: Garchomp\n|-sethp|p1a: Garchomp|38\/100 psn|[from] move: Pain Split|[silent]\n|-sethp|p2a: Trubbish|100\/100|[from] move: Pain Split\n|\n|-heal|p1a: Garchomp|44\/100 psn|[from] item: Leftovers\n|-damage|p1a: Garchomp|32\/100 psn|[from] psn\n|upkeep\n|turn|232\n|c|\u2606quagsgone\u30c4|god this thing\n|j|+The Number Man\n|\n|t:|1637501981\n|switch|p1a: Tapu Fini|Tapu Fini|87\/100 psn\n|move|p2a: Trubbish|Recycle||[still]\n|-fail|p2a: Trubbish\n|\n|-damage|p1a: Tapu Fini|74\/100 psn|[from] psn\n|upkeep\n|turn|233\n|l|+The Number Man\n|l| Jqlove\n|\n|t:|1637501998\n|move|p1a: Tapu Fini|Scald|p2a: Trubbish\n|-ability|p2a: Trubbish|Sturdy\n|-damage|p2a: Trubbish|9\/100\n|-enditem|p2a: Trubbish|Berry Juice\n|-heal|p2a: Trubbish|100\/100|[from] item: Berry Juice\n|move|p2a: Trubbish|Pain Split|p1a: Tapu Fini\n|-sethp|p1a: Tapu Fini|39\/100 psn|[from] move: Pain Split|[silent]\n|-sethp|p2a: Trubbish|100\/100|[from] move: Pain Split\n|\n|-damage|p1a: Tapu Fini|27\/100 psn|[from] psn\n|upkeep\n|turn|234\n|\n|t:|1637502003\n|move|p1a: Tapu Fini|Scald|p2a: Trubbish\n|-ability|p2a: Trubbish|Sturdy\n|-damage|p2a: Trubbish|9\/100\n|move|p2a: Trubbish|Pain Split|p1a: Tapu Fini\n|-sethp|p1a: Tapu Fini|14\/100 psn|[from] move: Pain Split|[silent]\n|-sethp|p2a: Trubbish|100\/100|[from] move: Pain Split\n|\n|-damage|p1a: Tapu Fini|1\/100 psn|[from] psn\n|upkeep\n|turn|235\n|j|+The Number Man\n|c|\u2606quagsgone\u30c4|;_;\n|\n|t:|1637502011\n|switch|p1a: Corviknight|Corviknight, M|52\/100\n|move|p2a: Trubbish|Pain Split|p1a: Corviknight\n|-sethp|p1a: Corviknight|28\/100|[from] move: Pain Split|[silent]\n|-sethp|p2a: Trubbish|100\/100|[from] move: Pain Split\n|\n|upkeep\n|turn|236\n|inactive|gostop has 240 seconds left.\n|l| drphdbj\n|\n|t:|1637502037\n|switch|p2a: Corviknight|Corviknight, F|100\/100\n|move|p1a: Corviknight|Roost|p1a: Corviknight\n|-heal|p1a: Corviknight|78\/100\n|-singleturn|p1a: Corviknight|move: Roost\n|\n|upkeep\n|turn|237\n|\n|t:|1637502048\n|move|p2a: Corviknight|Bulk Up|p2a: Corviknight\n|-boost|p2a: Corviknight|atk|1\n|-boost|p2a: Corviknight|def|1\n|move|p1a: Corviknight|U-turn|p2a: Corviknight\n|-resisted|p2a: Corviknight\n|-damage|p2a: Corviknight|98\/100\n|\n|t:|1637502051\n|switch|p1a: Blacephalon|Blacephalon|100\/100 psn|[from]move: U-turn\n|\n|-heal|p2a: Corviknight|100\/100|[from] item: Leftovers\n|upkeep\n|turn|238\n|\n|t:|1637502057\n|move|p1a: Blacephalon|Mind Blown|p2a: Corviknight\n|-supereffective|p2a: Corviknight\n|-damage|p2a: Corviknight|0 fnt\n|faint|p2a: Corviknight\n|\n|upkeep\n|c|\u2606gostop|gg\u3001\n|c|\u2606quagsgone\u30c4|gg\n|-message|gostop forfeited.\n|\n|win|quagsgone\u30c4\n|l|+The Number Man\n|l| Madara\n|l|%sparksblade\n","uploadtime":1637502069,"views":763,"p1id":"quagsgone","p2id":"gostop","formatid":"gen8almostanyability","rating":0,"private":0,"password":null}