{"id":"gen8ou-1285739100","p1":"Ussewa","p2":"Brifye","format":"gen8ou","log":"|j|\u2606Ussewa\n|j|\u2606Brifye\n|t:|1613755337\n|player|p1|Ussewa|roughneck|1436\n|player|p2|Brifye|blackbelt-gen4dp|1448\n|teamsize|p1|6\n|teamsize|p2|6\n|gametype|singles\n|gen|8\n|tier|[Gen 8] OU\n|rated|\n|clearpoke\n|poke|p1|Latios, M|\n|poke|p1|Garchomp, F|\n|poke|p1|Tapu Fini|\n|poke|p1|Heatran, F|\n|poke|p1|Corviknight, F|\n|poke|p1|Zeraora|\n|poke|p2|Blaziken, M|\n|poke|p2|Tapu Koko|\n|poke|p2|Zapdos|\n|poke|p2|Slowbro, M|\n|poke|p2|Melmetal|\n|poke|p2|Garchomp, M|\n|rule|Sleep Clause Mod: Limit one foe put to sleep\n|rule|Species Clause: Limit one of each Pok\u00e9mon\n|rule|OHKO Clause: OHKO moves are banned\n|rule|Evasion Moves Clause: Evasion moves are banned\n|rule|Endless Battle Clause: Forcing endless battles is banned\n|rule|HP Percentage Mod: HP is shown in percentages\n|rule|Dynamax Clause: You cannot dynamax\n|teampreview\n|\n|t:|1613755353\n|start\n|switch|p1a: Tapu Fini|Tapu Fini|100\/100\n|switch|p2a: Slowbro|Slowbro, M|100\/100\n|-fieldstart|move: Misty Terrain|[from] ability: Misty Surge|[of] p1a: Tapu Fini\n|turn|1\n|\n|t:|1613755366\n|move|p1a: Tapu Fini|Taunt|p2a: Slowbro\n|-start|p2a: Slowbro|move: Taunt\n|move|p2a: Slowbro|Future Sight|p1a: Tapu Fini\n|-start|p2a: Slowbro|move: Future Sight\n|\n|upkeep\n|turn|2\n|\n|t:|1613755371\n|move|p1a: Tapu Fini|Calm Mind|p1a: Tapu Fini\n|-boost|p1a: Tapu Fini|spa|1\n|-boost|p1a: Tapu Fini|spd|1\n|move|p2a: Slowbro|Scald|p1a: Tapu Fini\n|-resisted|p1a: Tapu Fini\n|-damage|p1a: Tapu Fini|94\/100\n|\n|-heal|p1a: Tapu Fini|99\/100|[from] item: Leftovers\n|upkeep\n|turn|3\n|\n|t:|1613755380\n|switch|p2a: Tapu Koko|Tapu Koko|100\/100\n|-fieldstart|move: Electric Terrain|[from] ability: Electric Surge|[of] p2a: Tapu Koko\n|move|p1a: Tapu Fini|Calm Mind|p1a: Tapu Fini\n|-boost|p1a: Tapu Fini|spa|1\n|-boost|p1a: Tapu Fini|spd|1\n|\n|-end|p1a: Tapu Fini|move: Future Sight\n|-damage|p1a: Tapu Fini|84\/100\n|-heal|p1a: Tapu Fini|90\/100|[from] item: Leftovers\n|upkeep\n|turn|4\n|\n|t:|1613755390\n|move|p2a: Tapu Koko|Wild Charge|p1a: Tapu Fini\n|-supereffective|p1a: Tapu Fini\n|-damage|p1a: Tapu Fini|26\/100\n|-damage|p2a: Tapu Koko|84\/100|[from] Recoil\n|move|p1a: Tapu Fini|Draining Kiss|p2a: Tapu Koko\n|-damage|p2a: Tapu Koko|42\/100\n|-heal|p1a: Tapu Fini|58\/100|[from] drain|[of] p2a: Tapu Koko\n|\n|-heal|p1a: Tapu Fini|64\/100|[from] item: Leftovers\n|upkeep\n|turn|5\n|\n|t:|1613755409\n|move|p2a: Tapu Koko|Wild Charge|p1a: Tapu Fini\n|-supereffective|p1a: Tapu Fini\n|-damage|p1a: Tapu Fini|0 fnt\n|-damage|p2a: Tapu Koko|26\/100|[from] Recoil\n|faint|p1a: Tapu Fini\n|\n|upkeep\n|\n|t:|1613755416\n|switch|p1a: Zeraora|Zeraora|100\/100\n|turn|6\n|\n|t:|1613755421\n|switch|p2a: Garchomp|Garchomp, M|100\/100\n|move|p1a: Zeraora|Knock Off|p2a: Garchomp\n|-damage|p2a: Garchomp|78\/100\n|-damage|p1a: Zeraora|88\/100|[from] ability: Rough Skin|[of] p2a: Garchomp\n|-damage|p1a: Zeraora|72\/100|[from] item: Rocky Helmet|[of] p2a: Garchomp\n|-enditem|p2a: Garchomp|Rocky Helmet|[from] move: Knock Off|[of] p1a: Zeraora\n|\n|upkeep\n|turn|7\n|\n|t:|1613755433\n|switch|p1a: Corviknight|Corviknight, F|100\/100\n|-ability|p1a: Corviknight|Pressure\n|move|p2a: Garchomp|Stealth Rock|p1a: Corviknight\n|-sidestart|p1: Ussewa|move: Stealth Rock\n|\n|-fieldend|move: Electric Terrain\n|upkeep\n|turn|8\n|\n|t:|1613755442\n|switch|p2a: Slowbro|Slowbro, M|100\/100\n|move|p1a: Corviknight|U-turn|p2a: Slowbro\n|-supereffective|p2a: Slowbro\n|-damage|p2a: Slowbro|83\/100\n|\n|t:|1613755460\n|switch|p1a: Garchomp|Garchomp, F|100\/100|[from]move: U-turn\n|-damage|p1a: Garchomp|94\/100|[from] Stealth Rock\n|\n|upkeep\n|turn|9\n|\n|t:|1613755465\n|move|p1a: Garchomp|Stealth Rock|p2a: Slowbro\n|-sidestart|p2: Brifye|move: Stealth Rock\n|move|p2a: Slowbro|Scald|p1a: Garchomp\n|-damage|p1a: Garchomp|63\/100\n|\n|upkeep\n|turn|10\n|\n|t:|1613755470\n|move|p1a: Garchomp|Toxic|p2a: Slowbro\n|-status|p2a: Slowbro|tox\n|move|p2a: Slowbro|Future Sight|p1a: Garchomp\n|-start|p2a: Slowbro|move: Future Sight\n|\n|-damage|p2a: Slowbro|77\/100 tox|[from] psn\n|upkeep\n|turn|11\n|\n|t:|1613755475\n|move|p1a: Garchomp|Earthquake|p2a: Slowbro\n|-damage|p2a: Slowbro|47\/100 tox\n|move|p2a: Slowbro|Scald|p1a: Garchomp\n|-crit|p1a: Garchomp\n|-damage|p1a: Garchomp|19\/100\n|\n|-damage|p2a: Slowbro|35\/100 tox|[from] psn\n|upkeep\n|turn|12\n|\n|t:|1613755483\n|move|p1a: Garchomp|Toxic|p2a: Slowbro\n|-fail|p2a: Slowbro|tox\n|move|p2a: Slowbro|Teleport|p2a: Slowbro\n|\n|t:|1613755490\n|switch|p2a: Zapdos|Zapdos|100\/100|[from]move: Teleport\n|\n|-end|p1a: Garchomp|move: Future Sight\n|-damage|p1a: Garchomp|0 fnt\n|upkeep\n|faint|p1a: Garchomp\n|\n|t:|1613755503\n|switch|p1a: Latios|Latios, M|100\/100\n|-damage|p1a: Latios|88\/100|[from] Stealth Rock\n|turn|13\n|\n|t:|1613755510\n|move|p1a: Latios|Ice Beam|p2a: Zapdos\n|-supereffective|p2a: Zapdos\n|-damage|p2a: Zapdos|19\/100\n|-damage|p1a: Latios|78\/100|[from] item: Life Orb\n|move|p2a: Zapdos|Roost|p2a: Zapdos\n|-heal|p2a: Zapdos|69\/100\n|-singleturn|p2a: Zapdos|move: Roost\n|\n|upkeep\n|turn|14\n|\n|t:|1613755522\n|switch|p2a: Melmetal|Melmetal|100\/100\n|-damage|p2a: Melmetal|94\/100|[from] Stealth Rock\n|move|p1a: Latios|Aura Sphere|p2a: Melmetal\n|-supereffective|p2a: Melmetal\n|-damage|p2a: Melmetal|57\/100\n|-damage|p1a: Latios|68\/100|[from] item: Life Orb\n|\n|upkeep\n|turn|15\n|\n|t:|1613755533\n|switch|p1a: Corviknight|Corviknight, F|100\/100\n|-damage|p1a: Corviknight|88\/100|[from] Stealth Rock\n|-ability|p1a: Corviknight|Pressure\n|move|p2a: Melmetal|Ice Punch|p1a: Corviknight\n|-damage|p1a: Corviknight|65\/100\n|\n|-heal|p1a: Corviknight|71\/100|[from] item: Leftovers\n|upkeep\n|turn|16\n|\n|t:|1613755542\n|switch|p2a: Slowbro|Slowbro, M|68\/100 tox\n|move|p1a: Corviknight|U-turn|p2a: Slowbro\n|-supereffective|p2a: Slowbro\n|-damage|p2a: Slowbro|49\/100 tox\n|\n|t:|1613755548\n|switch|p1a: Zeraora|Zeraora|72\/100|[from]move: U-turn\n|\n|-damage|p2a: Slowbro|43\/100 tox|[from] psn\n|upkeep\n|turn|17\n|\n|t:|1613755561\n|switch|p2a: Garchomp|Garchomp, M|78\/100\n|-damage|p2a: Garchomp|71\/100|[from] Stealth Rock\n|move|p1a: Zeraora|Play Rough|p2a: Garchomp\n|-supereffective|p2a: Garchomp\n|-damage|p2a: Garchomp|32\/100\n|-unboost|p2a: Garchomp|atk|1\n|-damage|p1a: Zeraora|59\/100|[from] ability: Rough Skin|[of] p2a: Garchomp\n|\n|upkeep\n|turn|18\n|\n|t:|1613755584\n|move|p1a: Zeraora|Play Rough|p2a: Garchomp\n|-supereffective|p2a: Garchomp\n|-damage|p2a: Garchomp|0 fnt\n|-damage|p1a: Zeraora|47\/100|[from] ability: Rough Skin|[of] p2a: Garchomp\n|faint|p2a: Garchomp\n|\n|upkeep\n|\n|t:|1613755592\n|switch|p2a: Tapu Koko|Tapu Koko|26\/100\n|-damage|p2a: Tapu Koko|14\/100|[from] Stealth Rock\n|-fieldstart|move: Electric Terrain|[from] ability: Electric Surge|[of] p2a: Tapu Koko\n|turn|19\n|\n|t:|1613755601\n|move|p1a: Zeraora|Plasma Fists|p2a: Tapu Koko\n|-resisted|p2a: Tapu Koko\n|-damage|p2a: Tapu Koko|0 fnt\n|-fieldactivate|move: Ion Deluge\n|faint|p2a: Tapu Koko\n|\n|upkeep\n|\n|t:|1613755607\n|switch|p2a: Zapdos|Zapdos|69\/100\n|turn|20\n|\n|t:|1613755611\n|move|p1a: Zeraora|Plasma Fists|p2a: Zapdos\n|-damage|p2a: Zapdos|18\/100\n|-fieldactivate|move: Ion Deluge\n|move|p2a: Zapdos|Volt Switch|p1a: Zeraora\n|-heal|p1a: Zeraora|72\/100|[from] ability: Volt Absorb|[of] p2a: Zapdos\n|\n|upkeep\n|turn|21\n|c|\u2606Ussewa|._.\n|c|\u2606Brifye|I failed on it sorry :\/\n|-message|Brifye forfeited.\n|l|\u2606Brifye\n|player|p2|\n|\n|win|Ussewa\n||Ladder (probably) updated, but score could not be retrieved (Request timeout).\n","uploadtime":1613755636,"views":14,"p1id":"ussewa","p2id":"brifye","formatid":"gen8ou","rating":0,"private":0,"password":null}