{"id":"gen8ru-1414814163","p1":"Sheeplol","p2":"Arcangel666","format":"gen8ru","log":"|html|<div class=\"broadcast-blue\"><strong>[Gen 8] RU is currently suspecting Durant! For information on how to participate check out the <a href=\"https:\/\/www.smogon.com\/forums\/threads\/np-ru-stage-9-hit-or-miss-durant-suspect-test.3690288\/\">suspect thread<\/a>.<\/strong><\/div>\n|j|\u2606Sheeplol\n|j|\u2606Arcangel666\n|t:|1631390028\n|gametype|singles\n|player|p1|Sheeplol|hugh|1134\n|player|p2|Arcangel666|grimsley|1324\n|teamsize|p1|6\n|teamsize|p2|6\n|gen|8\n|tier|[Gen 8] RU\n|rated|\n|rule|Sleep Clause Mod: Limit one foe put to sleep\n|rule|Species Clause: Limit one of each Pok\u00e9mon\n|rule|OHKO Clause: OHKO moves are banned\n|rule|Evasion Moves Clause: Evasion moves are banned\n|rule|Endless Battle Clause: Forcing endless battles is banned\n|rule|HP Percentage Mod: HP is shown in percentages\n|rule|Dynamax Clause: You cannot dynamax\n|clearpoke\n|poke|p1|Cloyster, M|\n|poke|p1|Durant, F|\n|poke|p1|Reuniclus, M|\n|poke|p1|Sharpedo, F|\n|poke|p1|Chandelure, M|\n|poke|p1|Raikou|\n|poke|p2|Entei|\n|poke|p2|Roserade, F|\n|poke|p2|Togekiss, F|\n|poke|p2|Necrozma|\n|poke|p2|Golisopod, M|\n|poke|p2|Registeel|\n|teampreview\n|\n|t:|1631390037\n|start\n|switch|p1a: Sharpedo|Sharpedo, F|100\/100\n|switch|p2a: Golisopod|Golisopod, M, shiny|100\/100\n|turn|1\n|\n|t:|1631390042\n|switch|p1a: Chandelure|Chandelure, M|100\/100\n|move|p2a: Golisopod|First Impression|p1a: Chandelure\n|-resisted|p1a: Chandelure\n|-damage|p1a: Chandelure|88\/100\n|\n|upkeep\n|turn|2\n|\n|t:|1631390048\n|move|p1a: Chandelure|Flamethrower|p2a: Golisopod\n|-damage|p2a: Golisopod|45\/100\n|-activate|p2a: Golisopod|ability: Emergency Exit\n|\n|t:|1631390053\n|switch|p2a: Entei|Entei, shiny|100\/100\n|\n|upkeep\n|turn|3\n|\n|t:|1631390067\n|switch|p1a: Sharpedo|Sharpedo, F|100\/100\n|move|p2a: Entei|Stone Edge|p1a: Sharpedo\n|-crit|p1a: Sharpedo\n|-enditem|p1a: Sharpedo|Focus Sash\n|-damage|p1a: Sharpedo|1\/100\n|\n|upkeep\n|turn|4\n|\n|t:|1631390074\n|switch|p2a: Golisopod|Golisopod, M, shiny|45\/100\n|move|p1a: Sharpedo|Liquidation|p2a: Golisopod\n|-resisted|p2a: Golisopod\n|-crit|p2a: Golisopod\n|-damage|p2a: Golisopod|26\/100\n|-damage|p1a: Sharpedo|0 fnt|[from] item: Rocky Helmet|[of] p2a: Golisopod\n|faint|p1a: Sharpedo\n|\n|upkeep\n|\n|t:|1631390081\n|switch|p1a: Durant|Durant, F|100\/100\n|turn|5\n|\n|t:|1631390084\n|switch|p2a: Registeel|Registeel, shiny|100\/100\n|move|p1a: Durant|First Impression|p2a: Registeel\n|-resisted|p2a: Registeel\n|-damage|p2a: Registeel|73\/100\n|-damage|p1a: Durant|91\/100|[from] item: Life Orb\n|\n|-heal|p2a: Registeel|79\/100|[from] item: Leftovers\n|upkeep\n|turn|6\n|\n|t:|1631390097\n|switch|p1a: Chandelure|Chandelure, M|88\/100\n|switch|p2a: Golisopod|Golisopod, M, shiny|26\/100\n|\n|upkeep\n|turn|7\n|\n|t:|1631390126\n|move|p2a: Golisopod|Aqua Jet|p1a: Chandelure\n|-supereffective|p1a: Chandelure\n|-crit|p1a: Chandelure\n|-damage|p1a: Chandelure|16\/100\n|move|p1a: Chandelure|Flamethrower|p2a: Golisopod\n|-damage|p2a: Golisopod|0 fnt\n|faint|p2a: Golisopod\n|\n|upkeep\n|\n|t:|1631390133\n|switch|p2a: Entei|Entei, shiny|100\/100\n|turn|8\n|\n|t:|1631390140\n|switch|p1a: Reuniclus|Reuniclus, M|100\/100\n|move|p2a: Entei|Stone Edge|p1a: Reuniclus\n|-damage|p1a: Reuniclus|51\/100\n|\n|-heal|p1a: Reuniclus|57\/100|[from] item: Leftovers\n|upkeep\n|turn|9\n|\n|t:|1631390147\n|switch|p2a: Togekiss|Togekiss, F, shiny|100\/100\n|move|p1a: Reuniclus|Trick Room|p1a: Reuniclus\n|-fieldstart|move: Trick Room|[of] p1a: Reuniclus\n|\n|-heal|p1a: Reuniclus|63\/100|[from] item: Leftovers\n|upkeep\n|turn|10\n|\n|t:|1631390151\n|move|p1a: Reuniclus|Psyshock|p2a: Togekiss\n|-damage|p2a: Togekiss|55\/100\n|move|p2a: Togekiss|Thunder Wave|p1a: Reuniclus\n|-status|p1a: Reuniclus|par\n|\n|-heal|p1a: Reuniclus|69\/100 par|[from] item: Leftovers\n|upkeep\n|turn|11\n|\n|t:|1631390156\n|cant|p1a: Reuniclus|par\n|move|p2a: Togekiss|Roost|p2a: Togekiss\n|-heal|p2a: Togekiss|100\/100\n|-singleturn|p2a: Togekiss|move: Roost\n|\n|-heal|p1a: Reuniclus|75\/100 par|[from] item: Leftovers\n|upkeep\n|turn|12\n|\n|t:|1631390160\n|move|p1a: Reuniclus|Psyshock|p2a: Togekiss\n|-damage|p2a: Togekiss|57\/100\n|move|p2a: Togekiss|Air Slash|p1a: Reuniclus\n|-damage|p1a: Reuniclus|50\/100 par\n|\n|-heal|p1a: Reuniclus|56\/100 par|[from] item: Leftovers\n|upkeep\n|turn|13\n|\n|t:|1631390165\n|cant|p1a: Reuniclus|par\n|move|p2a: Togekiss|Roost|p2a: Togekiss\n|-heal|p2a: Togekiss|100\/100\n|-singleturn|p2a: Togekiss|move: Roost\n|\n|-heal|p1a: Reuniclus|62\/100 par|[from] item: Leftovers\n|-fieldend|move: Trick Room\n|upkeep\n|turn|14\n|\n|t:|1631390168\n|switch|p1a: Raikou|Raikou|100\/100\n|-ability|p1a: Raikou|Pressure\n|move|p2a: Togekiss|Thunder Wave|p1a: Raikou\n|-immune|p1a: Raikou\n|\n|upkeep\n|turn|15\n|\n|t:|1631390171\n|switch|p2a: Roserade|Roserade, F, shiny|100\/100\n|move|p1a: Raikou|Thunderbolt|p2a: Roserade\n|-resisted|p2a: Roserade\n|-damage|p2a: Roserade|73\/100\n|\n|-heal|p2a: Roserade|79\/100|[from] item: Black Sludge\n|upkeep\n|turn|16\n|\n|t:|1631390178\n|switch|p1a: Reuniclus|Reuniclus, M|62\/100 par\n|move|p2a: Roserade|Giga Drain|p1a: Reuniclus\n|-damage|p1a: Reuniclus|30\/100 par\n|-heal|p2a: Roserade|100\/100|[from] drain|[of] p1a: Reuniclus\n|\n|-heal|p1a: Reuniclus|36\/100 par|[from] item: Leftovers\n|upkeep\n|turn|17\n|\n|t:|1631390183\n|move|p2a: Roserade|Sludge Bomb|p1a: Reuniclus\n|-damage|p1a: Reuniclus|0 fnt\n|faint|p1a: Reuniclus\n|\n|upkeep\n|\n|t:|1631390186\n|switch|p1a: Durant|Durant, F|91\/100\n|turn|18\n|\n|t:|1631390189\n|switch|p2a: Registeel|Registeel, shiny|79\/100\n|move|p1a: Durant|First Impression|p2a: Registeel\n|-resisted|p2a: Registeel\n|-crit|p2a: Registeel\n|-damage|p2a: Registeel|41\/100\n|-damage|p1a: Durant|81\/100|[from] item: Life Orb\n|\n|-heal|p2a: Registeel|47\/100|[from] item: Leftovers\n|upkeep\n|turn|19\n|\n|t:|1631390195\n|move|p1a: Durant|Rock Slide|p2a: Registeel|[miss]\n|-miss|p1a: Durant|p2a: Registeel\n|move|p2a: Registeel|Stealth Rock|p1a: Durant\n|-sidestart|p1: Sheeplol|move: Stealth Rock\n|\n|-heal|p2a: Registeel|53\/100|[from] item: Leftovers\n|upkeep\n|turn|20\n|\n|t:|1631390198\n|move|p1a: Durant|Hone Claws|p1a: Durant\n|-boost|p1a: Durant|atk|1\n|-boost|p1a: Durant|accuracy|1\n|move|p2a: Registeel|Body Press|p1a: Durant\n|-damage|p1a: Durant|51\/100\n|\n|-heal|p2a: Registeel|59\/100|[from] item: Leftovers\n|upkeep\n|turn|21\n|\n|t:|1631390203\n|move|p1a: Durant|Iron Head|p2a: Registeel\n|-resisted|p2a: Registeel\n|-damage|p2a: Registeel|24\/100\n|-damage|p1a: Durant|41\/100|[from] item: Life Orb\n|cant|p2a: Registeel|flinch\n|\n|-heal|p2a: Registeel|30\/100|[from] item: Leftovers\n|upkeep\n|turn|22\n|\n|t:|1631390207\n|move|p1a: Durant|Iron Head|p2a: Registeel\n|-resisted|p2a: Registeel\n|-damage|p2a: Registeel|0 fnt\n|faint|p2a: Registeel\n|-damage|p1a: Durant|32\/100|[from] item: Life Orb\n|\n|upkeep\n|\n|t:|1631390212\n|switch|p2a: Entei|Entei, shiny|100\/100\n|turn|23\n|\n|t:|1631390216\n|move|p1a: Durant|Rock Slide|p2a: Entei\n|-supereffective|p2a: Entei\n|-damage|p2a: Entei|0 fnt\n|faint|p2a: Entei\n|-damage|p1a: Durant|22\/100|[from] item: Life Orb\n|\n|upkeep\n|\n|t:|1631390220\n|switch|p2a: Roserade|Roserade, F, shiny|100\/100\n|turn|24\n|\n|t:|1631390236\n|move|p1a: Durant|Iron Head|p2a: Roserade\n|-damage|p2a: Roserade|0 fnt\n|faint|p2a: Roserade\n|-damage|p1a: Durant|12\/100|[from] item: Life Orb\n|\n|upkeep\n|\n|t:|1631390240\n|switch|p2a: Necrozma|Necrozma, shiny|100\/100\n|turn|25\n|\n|t:|1631390247\n|move|p1a: Durant|Iron Head|p2a: Necrozma\n|-damage|p2a: Necrozma|0 fnt\n|faint|p2a: Necrozma\n|-damage|p1a: Durant|2\/100|[from] item: Life Orb\n|\n|upkeep\n|\n|t:|1631390249\n|switch|p2a: Togekiss|Togekiss, F, shiny|100\/100\n|turn|26\n|\n|t:|1631390252\n|move|p1a: Durant|Iron Head|p2a: Togekiss\n|-supereffective|p2a: Togekiss\n|-damage|p2a: Togekiss|0 fnt\n|faint|p2a: Togekiss\n|-damage|p1a: Durant|0 fnt|[from] item: Life Orb\n|faint|p1a: Durant\n|\n|win|Sheeplol\n|raw|Sheeplol's rating: 1134 &rarr; <strong>1171<\/strong><br \/>(+37 for winning)\n|raw|Arcangel666's rating: 1324 &rarr; <strong>1294<\/strong><br \/>(-30 for losing)\n","uploadtime":1631390255,"views":22,"p1id":"sheeplol","p2id":"arcangel666","formatid":"gen8ru","rating":1171,"private":0,"password":null}