{"id":"gen8nfe-1562191020","p1":"hello n00b","p2":"xskelly34","format":"gen8nfe","log":"|j|\u2606hello n00b\n|j|\u2606xskelly34\n|inactive|Battle timer is ON: inactive players will automatically lose when time's up.\n|t:|1651026184\n|gametype|singles\n|player|p1|hello n00b|#scl1platoon|\n|player|p2|xskelly34|bugsy|\n|teamsize|p1|6\n|teamsize|p2|6\n|gen|8\n|tier|[Gen 8] NFE\n|rated|Tournament battle\n|rule|Sleep Clause Mod: Limit one foe put to sleep\n|rule|Species Clause: Limit one of each Pok\u00e9mon\n|rule|OHKO Clause: OHKO moves are banned\n|rule|Evasion Moves Clause: Evasion moves are banned\n|rule|Endless Battle Clause: Forcing endless battles is banned\n|rule|HP Percentage Mod: HP is shown in percentages\n|rule|Dynamax Clause: You cannot dynamax\n|clearpoke\n|poke|p1|Piloswine, F|\n|poke|p1|Duosion, F|\n|poke|p1|Raboot, M|\n|poke|p1|Electabuzz, M|\n|poke|p1|Koffing, M|\n|poke|p1|Gurdurr, M|\n|poke|p2|Raboot, F|\n|poke|p2|Electabuzz, F|\n|poke|p2|Vullaby, F|\n|poke|p2|Wartortle, F|\n|poke|p2|Piloswine, M|\n|poke|p2|Roselia, F|\n|teampreview\n|j|*Lady Monita \u273f\n|j| BB-8-NU\n|j| JA M0RANT\n|j|%Jadino bambino\n|j| Demykunst\n|j|@Crunchman\n|inactive|hello n00b has 120 seconds left.\n|j| Alessio2009\n|\n|t:|1651026217\n|start\n|switch|p1a: Raboot|Raboot, M|100\/100\n|switch|p2a: Raboot|Raboot, F|100\/100\n|turn|1\n|j| A-sepower\n|\n|t:|1651026244\n|switch|p2a: Wartortle|Wartortle, F|100\/100\n|move|p1a: Raboot|High Jump Kick|p2a: Wartortle\n|-start|p1a: Raboot|typechange|Fighting|[from] ability: Libero\n|-crit|p2a: Wartortle\n|-damage|p2a: Wartortle|35\/100\n|\n|upkeep\n|turn|2\n|inactive|hello n00b has 120 seconds left.\n|j| dantito\n|j| aquy\n|j| roughskin sharpedo\n|inactive|hello n00b has 90 seconds left.\n|\n|t:|1651026295\n|switch|p2a: Roselia|Roselia, F|100\/100\n|move|p1a: Raboot|High Jump Kick|p2a: Roselia\n|-resisted|p2a: Roselia\n|-damage|p2a: Roselia|64\/100\n|-status|p1a: Raboot|psn|[from] ability: Poison Point|[of] p2a: Roselia\n|\n|-damage|p1a: Raboot|88\/100 psn|[from] psn\n|upkeep\n|turn|3\n|inactive|hello n00b has 90 seconds left.\n|l| A-sepower\n|l| dantito\n|\n|t:|1651026325\n|switch|p1a: Duosion|Duosion, F|100\/100\n|move|p2a: Roselia|Synthesis|p2a: Roselia\n|-heal|p2a: Roselia|100\/100\n|\n|upkeep\n|turn|4\n|j| A-sepower\n|\n|t:|1651026332\n|switch|p2a: Vullaby|Vullaby, F|100\/100\n|move|p1a: Duosion|Future Sight|p2a: Vullaby\n|-start|p1a: Duosion|move: Future Sight\n|\n|upkeep\n|turn|5\n|j|@sirmrwhale@!\n|\n|t:|1651026353\n|switch|p1a: Piloswine|Piloswine, F|100\/100\n|move|p2a: Vullaby|Knock Off|p1a: Piloswine\n|-damage|p1a: Piloswine|86\/100\n|-enditem|p1a: Piloswine|Eviolite|[from] move: Knock Off|[of] p2a: Vullaby\n|\n|upkeep\n|turn|6\n|\n|t:|1651026366\n|move|p2a: Vullaby|Roost||[still]\n|-fail|p2a: Vullaby|heal\n|move|p1a: Piloswine|Icicle Crash|p2a: Vullaby\n|-supereffective|p2a: Vullaby\n|-damage|p2a: Vullaby|46\/100\n|\n|-end|p2a: Vullaby|move: Future Sight\n|-immune|p2a: Vullaby\n|upkeep\n|turn|7\n|\n|t:|1651026374\n|move|p2a: Vullaby|Roost|p2a: Vullaby\n|-heal|p2a: Vullaby|96\/100\n|-singleturn|p2a: Vullaby|move: Roost\n|move|p1a: Piloswine|Stealth Rock|p2a: Vullaby\n|-sidestart|p2: xskelly34|move: Stealth Rock\n|\n|upkeep\n|turn|8\n|inactive|hello n00b has 90 seconds left.\n|\n|t:|1651026381\n|move|p2a: Vullaby|Defog|p1a: Piloswine\n|-unboost|p1a: Piloswine|evasion|1\n|-sideend|p2: xskelly34|Stealth Rock|[from] move: Defog|[of] p2a: Vullaby\n|move|p1a: Piloswine|Icicle Crash|p2a: Vullaby|[miss]\n|-miss|p1a: Piloswine|p2a: Vullaby\n|\n|upkeep\n|turn|9\n|\n|t:|1651026386\n|move|p2a: Vullaby|U-turn|p1a: Piloswine\n|-crit|p1a: Piloswine\n|-damage|p1a: Piloswine|71\/100\n|\n|t:|1651026398\n|switch|p2a: Piloswine|Piloswine, M|100\/100|[from]move: U-turn\n|move|p1a: Piloswine|Stealth Rock|p2a: Piloswine\n|-sidestart|p2: xskelly34|move: Stealth Rock\n|\n|upkeep\n|turn|10\n|j| dantito\n|\n|t:|1651026404\n|switch|p1a: Gurdurr|Gurdurr, M|100\/100\n|move|p2a: Piloswine|Stealth Rock|p1a: Gurdurr\n|-sidestart|p1: hello n00b|move: Stealth Rock\n|\n|upkeep\n|turn|11\n|j| Grand Empress\n|\n|t:|1651026409\n|switch|p2a: Roselia|Roselia, F|100\/100\n|-damage|p2a: Roselia|88\/100|[from] Stealth Rock\n|move|p1a: Gurdurr|Knock Off|p2a: Roselia\n|-damage|p2a: Roselia|63\/100\n|-enditem|p2a: Roselia|Eviolite|[from] move: Knock Off|[of] p1a: Gurdurr\n|\n|upkeep\n|turn|12\n|j| NemesisOP69\n|\n|t:|1651026419\n|switch|p1a: Duosion|Duosion, F|100\/100\n|-damage|p1a: Duosion|88\/100|[from] Stealth Rock\n|move|p2a: Roselia|Synthesis|p2a: Roselia\n|-heal|p2a: Roselia|100\/100\n|\n|upkeep\n|turn|13\n|\n|t:|1651026429\n|switch|p2a: Vullaby|Vullaby, F|96\/100\n|-damage|p2a: Vullaby|71\/100|[from] Stealth Rock\n|move|p1a: Duosion|Future Sight|p2a: Vullaby\n|-start|p1a: Duosion|move: Future Sight\n|\n|upkeep\n|turn|14\n|\n|t:|1651026434\n|switch|p1a: Piloswine|Piloswine, F|71\/100\n|-damage|p1a: Piloswine|59\/100|[from] Stealth Rock\n|move|p2a: Vullaby|U-turn|p1a: Piloswine\n|-damage|p1a: Piloswine|48\/100\n|\n|t:|1651026437\n|switch|p2a: Piloswine|Piloswine, M|100\/100|[from]move: U-turn\n|-damage|p2a: Piloswine|88\/100|[from] Stealth Rock\n|\n|upkeep\n|turn|15\n|\n|t:|1651026442\n|switch|p1a: Gurdurr|Gurdurr, M|100\/100\n|-damage|p1a: Gurdurr|94\/100|[from] Stealth Rock\n|move|p2a: Piloswine|Earthquake|p1a: Gurdurr\n|-damage|p1a: Gurdurr|65\/100\n|\n|-end|p2a: Piloswine|move: Future Sight\n|-damage|p2a: Piloswine|40\/100\n|upkeep\n|turn|16\n|\n|t:|1651026454\n|switch|p2a: Roselia|Roselia, F|100\/100\n|-damage|p2a: Roselia|88\/100|[from] Stealth Rock\n|move|p1a: Gurdurr|Drain Punch|p2a: Roselia\n|-resisted|p2a: Roselia\n|-damage|p2a: Roselia|63\/100\n|-heal|p1a: Gurdurr|75\/100|[from] drain|[of] p2a: Roselia\n|\n|upkeep\n|turn|17\n|j| Futz the Fruit\n|\n|t:|1651026462\n|switch|p1a: Duosion|Duosion, F|100\/100\n|-damage|p1a: Duosion|88\/100|[from] Stealth Rock\n|move|p2a: Roselia|Spikes|p1a: Duosion\n|-sidestart|p1: hello n00b|Spikes\n|\n|upkeep\n|turn|18\n|\n|t:|1651026467\n|switch|p2a: Vullaby|Vullaby, F|71\/100\n|-damage|p2a: Vullaby|46\/100|[from] Stealth Rock\n|move|p1a: Duosion|Future Sight|p2a: Vullaby\n|-start|p1a: Duosion|move: Future Sight\n|\n|upkeep\n|turn|19\n|\n|t:|1651026475\n|switch|p1a: Electabuzz|Electabuzz, M|100\/100\n|-damage|p1a: Electabuzz|88\/100|[from] Stealth Rock\n|-damage|p1a: Electabuzz|76\/100|[from] Spikes\n|move|p2a: Vullaby|Roost|p2a: Vullaby\n|-heal|p2a: Vullaby|96\/100\n|-singleturn|p2a: Vullaby|move: Roost\n|\n|upkeep\n|turn|20\n|\n|t:|1651026481\n|switch|p2a: Wartortle|Wartortle, F|35\/100\n|-damage|p2a: Wartortle|23\/100|[from] Stealth Rock\n|move|p1a: Electabuzz|Thunderbolt|p2a: Wartortle\n|-supereffective|p2a: Wartortle\n|-damage|p2a: Wartortle|0 fnt\n|faint|p2a: Wartortle\n|\n|-hint|Future Sight did not hit because the target is fainted.\n|upkeep\n|\n|t:|1651026488\n|switch|p2a: Roselia|Roselia, F|63\/100\n|-damage|p2a: Roselia|51\/100|[from] Stealth Rock\n|turn|21\n|\n|t:|1651026491\n|move|p1a: Electabuzz|Volt Switch|p2a: Roselia\n|-resisted|p2a: Roselia\n|-damage|p2a: Roselia|33\/100\n|\n|t:|1651026495\n|switch|p1a: Raboot|Raboot, M|88\/100 psn|[from]move: Volt Switch\n|-damage|p1a: Raboot|76\/100 psn|[from] Spikes\n|-damage|p1a: Raboot|51\/100 psn|[from] Stealth Rock\n|move|p2a: Roselia|Synthesis|p2a: Roselia\n|-heal|p2a: Roselia|83\/100\n|\n|-damage|p1a: Raboot|39\/100 psn|[from] psn\n|upkeep\n|turn|22\n|j| envi kevin\n|\n|t:|1651026504\n|switch|p2a: Piloswine|Piloswine, M|40\/100\n|-damage|p2a: Piloswine|28\/100|[from] Stealth Rock\n|move|p1a: Raboot|Flare Blitz|p2a: Piloswine\n|-supereffective|p2a: Piloswine\n|-damage|p2a: Piloswine|0 fnt\n|faint|p2a: Piloswine\n|-damage|p1a: Raboot|27\/100 psn|[from] Recoil\n|\n|-damage|p1a: Raboot|15\/100 psn|[from] psn\n|upkeep\n|\n|t:|1651026512\n|switch|p2a: Electabuzz|Electabuzz, F|100\/100\n|-damage|p2a: Electabuzz|88\/100|[from] Stealth Rock\n|turn|23\n|\n|t:|1651026521\n|move|p2a: Electabuzz|Thunderbolt|p1a: Raboot\n|-damage|p1a: Raboot|0 fnt\n|faint|p1a: Raboot\n|\n|upkeep\n|\n|t:|1651026523\n|switch|p1a: Duosion|Duosion, F|100\/100\n|-damage|p1a: Duosion|88\/100|[from] Stealth Rock\n|-damage|p1a: Duosion|76\/100|[from] Spikes\n|turn|24\n|\n|t:|1651026528\n|move|p2a: Electabuzz|Volt Switch|p1a: Duosion\n|-damage|p1a: Duosion|52\/100\n|\n|t:|1651026530\n|switch|p2a: Vullaby|Vullaby, F|96\/100|[from]move: Volt Switch\n|-damage|p2a: Vullaby|71\/100|[from] Stealth Rock\n|move|p1a: Duosion|Future Sight|p2a: Vullaby\n|-start|p1a: Duosion|move: Future Sight\n|\n|upkeep\n|turn|25\n|\n|t:|1651026549\n|switch|p1a: Piloswine|Piloswine, F|48\/100\n|-damage|p1a: Piloswine|35\/100|[from] Spikes\n|-damage|p1a: Piloswine|23\/100|[from] Stealth Rock\n|move|p2a: Vullaby|Knock Off|p1a: Piloswine\n|-damage|p1a: Piloswine|10\/100\n|\n|upkeep\n|turn|26\n|\n|t:|1651026562\n|move|p2a: Vullaby|Roost|p2a: Vullaby\n|-heal|p2a: Vullaby|100\/100\n|-singleturn|p2a: Vullaby|move: Roost\n|move|p1a: Piloswine|High Horsepower|p2a: Vullaby\n|-damage|p2a: Vullaby|65\/100\n|\n|-end|p2a: Vullaby|move: Future Sight\n|-immune|p2a: Vullaby\n|upkeep\n|turn|27\n|\n|t:|1651026568\n|move|p1a: Piloswine|Ice Shard|p2a: Vullaby\n|-supereffective|p2a: Vullaby\n|-damage|p2a: Vullaby|38\/100\n|move|p2a: Vullaby|Roost|p2a: Vullaby\n|-heal|p2a: Vullaby|88\/100\n|-singleturn|p2a: Vullaby|move: Roost\n|\n|upkeep\n|turn|28\n|j| rthftj\n|\n|t:|1651026572\n|move|p1a: Piloswine|Ice Shard|p2a: Vullaby\n|-supereffective|p2a: Vullaby\n|-damage|p2a: Vullaby|62\/100\n|move|p2a: Vullaby|Knock Off|p1a: Piloswine\n|-damage|p1a: Piloswine|0 fnt\n|faint|p1a: Piloswine\n|\n|upkeep\n|\n|t:|1651026577\n|switch|p1a: Electabuzz|Electabuzz, M|76\/100\n|-damage|p1a: Electabuzz|64\/100|[from] Stealth Rock\n|-damage|p1a: Electabuzz|52\/100|[from] Spikes\n|turn|29\n|\n|t:|1651026588\n|switch|p2a: Electabuzz|Electabuzz, F|88\/100\n|-damage|p2a: Electabuzz|76\/100|[from] Stealth Rock\n|move|p1a: Electabuzz|Thunderbolt|p2a: Electabuzz\n|-resisted|p2a: Electabuzz\n|-damage|p2a: Electabuzz|60\/100\n|\n|upkeep\n|turn|30\n|j| PokeArt2004\u2764\n|j| Ace's Laddering\n|\n|t:|1651026600\n|switch|p2a: Roselia|Roselia, F|83\/100\n|-damage|p2a: Roselia|70\/100|[from] Stealth Rock\n|move|p1a: Electabuzz|Toxic|p2a: Roselia\n|-immune|p2a: Roselia\n|\n|upkeep\n|turn|31\n|\n|t:|1651026627\n|move|p1a: Electabuzz|Volt Switch|p2a: Roselia\n|-resisted|p2a: Roselia\n|-damage|p2a: Roselia|50\/100\n|\n|t:|1651026630\n|switch|p1a: Duosion|Duosion, F|85\/100|[from]move: Volt Switch\n|-damage|p1a: Duosion|73\/100|[from] Spikes\n|-damage|p1a: Duosion|60\/100|[from] Stealth Rock\n|move|p2a: Roselia|Synthesis|p2a: Roselia\n|-heal|p2a: Roselia|100\/100\n|\n|upkeep\n|turn|32\n|\n|t:|1651026639\n|switch|p2a: Vullaby|Vullaby, F|62\/100\n|-damage|p2a: Vullaby|37\/100|[from] Stealth Rock\n|move|p1a: Duosion|Future Sight|p2a: Vullaby\n|-start|p1a: Duosion|move: Future Sight\n|\n|upkeep\n|turn|33\n|\n|t:|1651026646\n|switch|p1a: Electabuzz|Electabuzz, M|52\/100\n|-damage|p1a: Electabuzz|40\/100|[from] Stealth Rock\n|-damage|p1a: Electabuzz|27\/100|[from] Spikes\n|move|p2a: Vullaby|Knock Off|p1a: Electabuzz\n|-damage|p1a: Electabuzz|0 fnt\n|-status|p2a: Vullaby|par|[from] ability: Static|[of] p1a: Electabuzz\n|-enditem|p1a: Electabuzz|Eviolite|[from] move: Knock Off|[of] p2a: Vullaby\n|faint|p1a: Electabuzz\n|\n|upkeep\n|j| venson04\n|\n|t:|1651026660\n|switch|p1a: Gurdurr|Gurdurr, M|75\/100\n|-damage|p1a: Gurdurr|69\/100|[from] Stealth Rock\n|-damage|p1a: Gurdurr|57\/100|[from] Spikes\n|turn|34\n|\n|t:|1651026674\n|switch|p2a: Roselia|Roselia, F|100\/100\n|-damage|p2a: Roselia|88\/100|[from] Stealth Rock\n|move|p1a: Gurdurr|Drain Punch|p2a: Roselia\n|-resisted|p2a: Roselia\n|-damage|p2a: Roselia|63\/100\n|-heal|p1a: Gurdurr|67\/100|[from] drain|[of] p2a: Roselia\n|-status|p1a: Gurdurr|psn|[from] ability: Poison Point|[of] p2a: Roselia\n|\n|-end|p2a: Roselia|move: Future Sight\n|-supereffective|p2a: Roselia\n|-damage|p2a: Roselia|0 fnt\n|faint|p2a: Roselia\n|-damage|p1a: Gurdurr|55\/100 psn|[from] psn\n|upkeep\n|\n|t:|1651026684\n|switch|p2a: Raboot|Raboot, F|100\/100\n|-damage|p2a: Raboot|76\/100|[from] Stealth Rock\n|turn|35\n|\n|t:|1651026699\n|move|p2a: Raboot|Flare Blitz|p1a: Gurdurr\n|-damage|p1a: Gurdurr|15\/100 psn\n|-damage|p2a: Raboot|58\/100|[from] Recoil\n|move|p1a: Gurdurr|Drain Punch|p2a: Raboot\n|-damage|p2a: Raboot|0 fnt\n|-heal|p1a: Gurdurr|36\/100 psn|[from] drain|[of] p2a: Raboot\n|faint|p2a: Raboot\n|\n|-damage|p1a: Gurdurr|24\/100 psn|[from] psn\n|upkeep\n|\n|t:|1651026704\n|switch|p2a: Electabuzz|Electabuzz, F|60\/100\n|-damage|p2a: Electabuzz|47\/100|[from] Stealth Rock\n|turn|36\n|l| JA M0RANT\n|\n|t:|1651026707\n|move|p1a: Gurdurr|Mach Punch|p2a: Electabuzz\n|-damage|p2a: Electabuzz|22\/100\n|move|p2a: Electabuzz|Thunderbolt|p1a: Gurdurr\n|-damage|p1a: Gurdurr|0 fnt\n|faint|p1a: Gurdurr\n|\n|upkeep\n|\n|t:|1651026713\n|switch|p1a: Duosion|Duosion, F|94\/100\n|-damage|p1a: Duosion|81\/100|[from] Spikes\n|-damage|p1a: Duosion|69\/100|[from] Stealth Rock\n|turn|37\n|l| NemesisOP69\n|\n|t:|1651026743\n|move|p2a: Electabuzz|Toxic|p1a: Duosion|[miss]\n|-miss|p2a: Electabuzz|p1a: Duosion\n|move|p1a: Duosion|Shadow Ball|p2a: Electabuzz\n|-damage|p2a: Electabuzz|0 fnt\n|faint|p2a: Electabuzz\n|\n|upkeep\n|j| SlammedGranned\n|\n|t:|1651026746\n|switch|p2a: Vullaby|Vullaby, F|37\/100 par\n|-damage|p2a: Vullaby|12\/100 par|[from] Stealth Rock\n|turn|38\n|\n|t:|1651026748\n|switch|p1a: Koffing|Koffing, M|100\/100\n|-ability|p1a: Koffing|Neutralizing Gas\n|-damage|p1a: Koffing|88\/100|[from] Stealth Rock\n|-damage|p1a: Koffing|76\/100|[from] Spikes\n|move|p2a: Vullaby|Roost|p2a: Vullaby\n|-heal|p2a: Vullaby|62\/100 par\n|-singleturn|p2a: Vullaby|move: Roost\n|\n|upkeep\n|turn|39\n|\n|t:|1651026755\n|move|p1a: Koffing|Sludge Bomb|p2a: Vullaby\n|-damage|p2a: Vullaby|50\/100 par\n|move|p2a: Vullaby|Roost|p2a: Vullaby\n|-heal|p2a: Vullaby|99\/100 par\n|-singleturn|p2a: Vullaby|move: Roost\n|\n|upkeep\n|turn|40\n|\n|t:|1651026761\n|move|p1a: Koffing|Sludge Bomb|p2a: Vullaby\n|-damage|p2a: Vullaby|87\/100 par\n|move|p2a: Vullaby|Knock Off|p1a: Koffing\n|-damage|p1a: Koffing|63\/100\n|-enditem|p1a: Koffing|Eviolite|[from] move: Knock Off|[of] p2a: Vullaby\n|\n|upkeep\n|turn|41\n|\n|t:|1651026766\n|move|p1a: Koffing|Sludge Bomb|p2a: Vullaby\n|-damage|p2a: Vullaby|73\/100 par\n|move|p2a: Vullaby|Knock Off|p1a: Koffing\n|-damage|p1a: Koffing|51\/100\n|\n|upkeep\n|turn|42\n|\n|t:|1651026770\n|move|p1a: Koffing|Sludge Bomb|p2a: Vullaby\n|-damage|p2a: Vullaby|60\/100 par\n|move|p2a: Vullaby|Knock Off|p1a: Koffing\n|-damage|p1a: Koffing|39\/100\n|\n|upkeep\n|turn|43\n|\n|t:|1651026777\n|move|p1a: Koffing|Toxic Spikes|p2a: Vullaby\n|-sidestart|p2: xskelly34|move: Toxic Spikes\n|move|p2a: Vullaby|Knock Off|p1a: Koffing\n|-damage|p1a: Koffing|26\/100\n|\n|upkeep\n|turn|44\n|\n|t:|1651026780\n|move|p1a: Koffing|Toxic Spikes|p2a: Vullaby\n|-sidestart|p2: xskelly34|move: Toxic Spikes\n|move|p2a: Vullaby|Knock Off|p1a: Koffing\n|-damage|p1a: Koffing|13\/100\n|\n|upkeep\n|turn|45\n|\n|t:|1651026784\n|move|p1a: Koffing|Pain Split|p2a: Vullaby\n|-sethp|p2a: Vullaby|35\/100 par|[from] move: Pain Split|[silent]\n|-sethp|p1a: Koffing|42\/100|[from] move: Pain Split\n|move|p2a: Vullaby|Knock Off|p1a: Koffing\n|-damage|p1a: Koffing|30\/100\n|\n|upkeep\n|turn|46\n|\n|t:|1651026788\n|move|p1a: Koffing|Sludge Bomb|p2a: Vullaby\n|-damage|p2a: Vullaby|23\/100 par\n|move|p2a: Vullaby|Knock Off|p1a: Koffing\n|-damage|p1a: Koffing|18\/100\n|\n|upkeep\n|turn|47\n|\n|t:|1651026792\n|move|p1a: Koffing|Sludge Bomb|p2a: Vullaby\n|-damage|p2a: Vullaby|10\/100 par\n|move|p2a: Vullaby|Roost|p2a: Vullaby\n|-heal|p2a: Vullaby|60\/100 par\n|-singleturn|p2a: Vullaby|move: Roost\n|\n|upkeep\n|turn|48\n|j| Psyfox654\n|\n|t:|1651026801\n|move|p1a: Koffing|Pain Split|p2a: Vullaby\n|-sethp|p2a: Vullaby|37\/100 par|[from] move: Pain Split|[silent]\n|-sethp|p1a: Koffing|45\/100|[from] move: Pain Split\n|cant|p2a: Vullaby|par\n|\n|upkeep\n|turn|49\n|\n|t:|1651026808\n|move|p1a: Koffing|Sludge Bomb|p2a: Vullaby\n|-damage|p2a: Vullaby|25\/100 par\n|move|p2a: Vullaby|Roost|p2a: Vullaby\n|-heal|p2a: Vullaby|75\/100 par\n|-singleturn|p2a: Vullaby|move: Roost\n|\n|upkeep\n|turn|50\n|j| Terror Fang\u30c4\n|\n|t:|1651026812\n|move|p1a: Koffing|Toxic Spikes||[still]\n|-fail|p1a: Koffing\n|move|p2a: Vullaby|Defog|p1a: Koffing\n|-unboost|p1a: Koffing|evasion|1\n|-sideend|p1: hello n00b|Spikes|[from] move: Defog|[of] p2a: Vullaby\n|-sideend|p1: hello n00b|Stealth Rock|[from] move: Defog|[of] p2a: Vullaby\n|-sideend|p2: xskelly34|Toxic Spikes|[from] move: Defog|[of] p2a: Vullaby\n|-sideend|p2: xskelly34|Stealth Rock|[from] move: Defog|[of] p2a: Vullaby\n|\n|upkeep\n|turn|51\n|\n|t:|1651026815\n|move|p1a: Koffing|Toxic Spikes|p2a: Vullaby\n|-sidestart|p2: xskelly34|move: Toxic Spikes\n|move|p2a: Vullaby|U-turn|p1a: Koffing\n|-resisted|p1a: Koffing\n|-damage|p1a: Koffing|41\/100\n|\n|upkeep\n|turn|52\n|\n|t:|1651026818\n|move|p1a: Koffing|Toxic Spikes|p2a: Vullaby\n|-sidestart|p2: xskelly34|move: Toxic Spikes\n|move|p2a: Vullaby|U-turn|p1a: Koffing\n|-resisted|p1a: Koffing\n|-crit|p1a: Koffing\n|-damage|p1a: Koffing|34\/100\n|\n|upkeep\n|turn|53\n|\n|t:|1651026820\n|move|p1a: Koffing|Toxic Spikes||[still]\n|-fail|p1a: Koffing\n|cant|p2a: Vullaby|par\n|\n|upkeep\n|turn|54\n|\n|t:|1651026822\n|move|p1a: Koffing|Toxic Spikes||[still]\n|-fail|p1a: Koffing\n|move|p2a: Vullaby|U-turn|p1a: Koffing\n|-resisted|p1a: Koffing\n|-damage|p1a: Koffing|29\/100\n|\n|upkeep\n|turn|55\n|\n|t:|1651026823\n|move|p1a: Koffing|Toxic Spikes||[still]\n|-fail|p1a: Koffing\n|move|p2a: Vullaby|U-turn|p1a: Koffing\n|-resisted|p1a: Koffing\n|-damage|p1a: Koffing|25\/100\n|\n|upkeep\n|turn|56\n|\n|t:|1651026825\n|move|p1a: Koffing|Toxic Spikes||[still]\n|-fail|p1a: Koffing\n|move|p2a: Vullaby|U-turn|p1a: Koffing\n|-resisted|p1a: Koffing\n|-damage|p1a: Koffing|20\/100\n|\n|upkeep\n|turn|57\n|\n|t:|1651026826\n|move|p1a: Koffing|Toxic Spikes||[still]\n|-fail|p1a: Koffing\n|cant|p2a: Vullaby|par\n|\n|upkeep\n|turn|58\n|\n|t:|1651026829\n|move|p1a: Koffing|Toxic Spikes||[still]\n|-fail|p1a: Koffing\n|cant|p2a: Vullaby|par\n|\n|upkeep\n|turn|59\n|\n|t:|1651026831\n|move|p1a: Koffing|Toxic Spikes||[still]\n|-fail|p1a: Koffing\n|move|p2a: Vullaby|Knock Off|p1a: Koffing\n|-damage|p1a: Koffing|8\/100\n|\n|upkeep\n|turn|60\n|\n|t:|1651026834\n|move|p1a: Koffing|Pain Split|p2a: Vullaby\n|-sethp|p2a: Vullaby|40\/100 par|[from] move: Pain Split|[silent]\n|-sethp|p1a: Koffing|49\/100|[from] move: Pain Split\n|move|p2a: Vullaby|Roost|p2a: Vullaby\n|-heal|p2a: Vullaby|90\/100 par\n|-singleturn|p2a: Vullaby|move: Roost\n|\n|upkeep\n|turn|61\n|l| dantito\n|\n|t:|1651026838\n|move|p1a: Koffing|Toxic Spikes||[still]\n|-fail|p1a: Koffing\n|cant|p2a: Vullaby|par\n|\n|upkeep\n|turn|62\n|l| Psyfox654\n|\n|t:|1651026841\n|move|p1a: Koffing|Toxic Spikes||[still]\n|-fail|p1a: Koffing\n|move|p2a: Vullaby|Defog|p1a: Koffing\n|-unboost|p1a: Koffing|evasion|1\n|-sideend|p2: xskelly34|Toxic Spikes|[from] move: Defog|[of] p2a: Vullaby\n|\n|upkeep\n|turn|63\n|\n|t:|1651026843\n|move|p1a: Koffing|Toxic Spikes|p2a: Vullaby\n|-sidestart|p2: xskelly34|move: Toxic Spikes\n|move|p2a: Vullaby|Defog|p1a: Koffing\n|-unboost|p1a: Koffing|evasion|1\n|-sideend|p2: xskelly34|Toxic Spikes|[from] move: Defog|[of] p2a: Vullaby\n|\n|upkeep\n|turn|64\n|l| SlammedGranned\n|\n|t:|1651026846\n|move|p1a: Koffing|Toxic Spikes|p2a: Vullaby\n|-sidestart|p2: xskelly34|move: Toxic Spikes\n|move|p2a: Vullaby|Defog|p1a: Koffing\n|-unboost|p1a: Koffing|evasion|1\n|-sideend|p2: xskelly34|Toxic Spikes|[from] move: Defog|[of] p2a: Vullaby\n|\n|upkeep\n|turn|65\n|j| MegaBrando\n|\n|t:|1651026847\n|move|p1a: Koffing|Toxic Spikes|p2a: Vullaby\n|-sidestart|p2: xskelly34|move: Toxic Spikes\n|move|p2a: Vullaby|Defog|p1a: Koffing\n|-unboost|p1a: Koffing|evasion|1\n|-sideend|p2: xskelly34|Toxic Spikes|[from] move: Defog|[of] p2a: Vullaby\n|\n|upkeep\n|turn|66\n|\n|t:|1651026850\n|move|p1a: Koffing|Toxic Spikes|p2a: Vullaby\n|-sidestart|p2: xskelly34|move: Toxic Spikes\n|move|p2a: Vullaby|Defog|p1a: Koffing\n|-unboost|p1a: Koffing|evasion|1\n|-sideend|p2: xskelly34|Toxic Spikes|[from] move: Defog|[of] p2a: Vullaby\n|\n|upkeep\n|turn|67\n|\n|t:|1651026852\n|move|p1a: Koffing|Toxic Spikes|p2a: Vullaby\n|-sidestart|p2: xskelly34|move: Toxic Spikes\n|move|p2a: Vullaby|Defog|p1a: Koffing\n|-unboost|p1a: Koffing|evasion|0\n|-sideend|p2: xskelly34|Toxic Spikes|[from] move: Defog|[of] p2a: Vullaby\n|\n|upkeep\n|turn|68\n|\n|t:|1651026854\n|move|p1a: Koffing|Toxic Spikes|p2a: Vullaby\n|-sidestart|p2: xskelly34|move: Toxic Spikes\n|cant|p2a: Vullaby|par\n|\n|upkeep\n|turn|69\n|j| dantito\n|\n|t:|1651026856\n|move|p1a: Koffing|Toxic Spikes|p2a: Vullaby\n|-sidestart|p2: xskelly34|move: Toxic Spikes\n|move|p2a: Vullaby|Defog|p1a: Koffing\n|-unboost|p1a: Koffing|evasion|0\n|-sideend|p2: xskelly34|Toxic Spikes|[from] move: Defog|[of] p2a: Vullaby\n|\n|upkeep\n|turn|70\n|\n|t:|1651026858\n|move|p1a: Koffing|Toxic Spikes|p2a: Vullaby\n|-sidestart|p2: xskelly34|move: Toxic Spikes\n|move|p2a: Vullaby|Defog|p1a: Koffing\n|-unboost|p1a: Koffing|evasion|0\n|-sideend|p2: xskelly34|Toxic Spikes|[from] move: Defog|[of] p2a: Vullaby\n|\n|upkeep\n|turn|71\n|j| Greether4\n|\n|t:|1651026859\n|move|p1a: Koffing|Toxic Spikes|p2a: Vullaby\n|-sidestart|p2: xskelly34|move: Toxic Spikes\n|move|p2a: Vullaby|Defog|p1a: Koffing\n|-unboost|p1a: Koffing|evasion|0\n|-sideend|p2: xskelly34|Toxic Spikes|[from] move: Defog|[of] p2a: Vullaby\n|\n|upkeep\n|turn|72\n|\n|t:|1651026860\n|move|p1a: Koffing|Toxic Spikes|p2a: Vullaby\n|-sidestart|p2: xskelly34|move: Toxic Spikes\n|move|p2a: Vullaby|Defog|p1a: Koffing\n|-unboost|p1a: Koffing|evasion|0\n|-sideend|p2: xskelly34|Toxic Spikes|[from] move: Defog|[of] p2a: Vullaby\n|\n|upkeep\n|turn|73\n|\n|t:|1651026862\n|move|p1a: Koffing|Toxic Spikes|p2a: Vullaby\n|-sidestart|p2: xskelly34|move: Toxic Spikes\n|move|p2a: Vullaby|Defog|p1a: Koffing\n|-unboost|p1a: Koffing|evasion|0\n|-sideend|p2: xskelly34|Toxic Spikes|[from] move: Defog|[of] p2a: Vullaby\n|\n|upkeep\n|turn|74\n|\n|t:|1651026864\n|move|p1a: Koffing|Toxic Spikes|p2a: Vullaby\n|-sidestart|p2: xskelly34|move: Toxic Spikes\n|move|p2a: Vullaby|Defog|p1a: Koffing\n|-unboost|p1a: Koffing|evasion|0\n|-sideend|p2: xskelly34|Toxic Spikes|[from] move: Defog|[of] p2a: Vullaby\n|\n|upkeep\n|turn|75\n|\n|t:|1651026865\n|-end|p1a: Koffing|ability: Neutralizing Gas\n|switch|p1a: Duosion|Duosion, F|100\/100\n|move|p2a: Vullaby|Defog|p1a: Duosion\n|-unboost|p1a: Duosion|evasion|1\n|\n|upkeep\n|turn|76\n|\n|t:|1651026867\n|switch|p1a: Koffing|Koffing, M|49\/100\n|-ability|p1a: Koffing|Neutralizing Gas\n|move|p2a: Vullaby|Knock Off|p1a: Koffing\n|-damage|p1a: Koffing|36\/100\n|\n|upkeep\n|turn|77\n|\n|t:|1651026870\n|move|p1a: Koffing|Toxic Spikes|p2a: Vullaby\n|-sidestart|p2: xskelly34|move: Toxic Spikes\n|move|p2a: Vullaby|Defog|p1a: Koffing\n|-unboost|p1a: Koffing|evasion|1\n|-sideend|p2: xskelly34|Toxic Spikes|[from] move: Defog|[of] p2a: Vullaby\n|\n|upkeep\n|turn|78\n|\n|t:|1651026872\n|move|p1a: Koffing|Toxic Spikes|p2a: Vullaby\n|-sidestart|p2: xskelly34|move: Toxic Spikes\n|move|p2a: Vullaby|Defog|p1a: Koffing\n|-unboost|p1a: Koffing|evasion|1\n|-sideend|p2: xskelly34|Toxic Spikes|[from] move: Defog|[of] p2a: Vullaby\n|\n|upkeep\n|turn|79\n|\n|t:|1651026874\n|-end|p1a: Koffing|ability: Neutralizing Gas\n|switch|p1a: Duosion|Duosion, F|100\/100\n|move|p2a: Vullaby|Defog|p1a: Duosion\n|-unboost|p1a: Duosion|evasion|1\n|\n|upkeep\n|turn|80\n|\n|t:|1651026875\n|switch|p1a: Koffing|Koffing, M|36\/100\n|-ability|p1a: Koffing|Neutralizing Gas\n|cant|p2a: Vullaby|par\n|\n|upkeep\n|turn|81\n|\n|t:|1651026877\n|move|p1a: Koffing|Toxic Spikes|p2a: Vullaby\n|-sidestart|p2: xskelly34|move: Toxic Spikes\n|move|p2a: Vullaby|Defog|p1a: Koffing\n|-unboost|p1a: Koffing|evasion|1\n|-sideend|p2: xskelly34|Toxic Spikes|[from] move: Defog|[of] p2a: Vullaby\n|\n|upkeep\n|turn|82\n|\n|t:|1651026879\n|move|p1a: Koffing|Toxic Spikes|p2a: Vullaby\n|-sidestart|p2: xskelly34|move: Toxic Spikes\n|move|p2a: Vullaby|Knock Off|p1a: Koffing\n|-damage|p1a: Koffing|23\/100\n|\n|upkeep\n|turn|83\n|\n|t:|1651026882\n|move|p1a: Koffing|Pain Split|p2a: Vullaby\n|-sethp|p2a: Vullaby|55\/100 par|[from] move: Pain Split|[silent]\n|-sethp|p1a: Koffing|66\/100|[from] move: Pain Split\n|move|p2a: Vullaby|Defog|p1a: Koffing\n|-unboost|p1a: Koffing|evasion|1\n|-sideend|p2: xskelly34|Toxic Spikes|[from] move: Defog|[of] p2a: Vullaby\n|\n|upkeep\n|turn|84\n|\n|t:|1651026886\n|-end|p1a: Koffing|ability: Neutralizing Gas\n|switch|p1a: Duosion|Duosion, F|100\/100\n|move|p2a: Vullaby|Knock Off|p1a: Duosion\n|-supereffective|p1a: Duosion\n|-damage|p1a: Duosion|62\/100\n|-enditem|p1a: Duosion|Eviolite|[from] move: Knock Off|[of] p2a: Vullaby\n|\n|upkeep\n|turn|85\n|\n|t:|1651026890\n|switch|p1a: Koffing|Koffing, M|66\/100\n|-ability|p1a: Koffing|Neutralizing Gas\n|move|p2a: Vullaby|U-turn|p1a: Koffing\n|-resisted|p1a: Koffing\n|-damage|p1a: Koffing|62\/100\n|\n|upkeep\n|turn|86\n|l| MegaBrando\n|\n|t:|1651026892\n|move|p1a: Koffing|Toxic Spikes|p2a: Vullaby\n|-sidestart|p2: xskelly34|move: Toxic Spikes\n|move|p2a: Vullaby|U-turn|p1a: Koffing\n|-resisted|p1a: Koffing\n|-damage|p1a: Koffing|58\/100\n|\n|upkeep\n|turn|87\n|\n|t:|1651026894\n|-end|p1a: Koffing|ability: Neutralizing Gas\n|switch|p1a: Duosion|Duosion, F|95\/100\n|move|p2a: Vullaby|Knock Off|p1a: Duosion\n|-supereffective|p1a: Duosion\n|-damage|p1a: Duosion|52\/100\n|\n|upkeep\n|turn|88\n|\n|t:|1651026897\n|switch|p1a: Koffing|Koffing, M|58\/100\n|-ability|p1a: Koffing|Neutralizing Gas\n|move|p2a: Vullaby|U-turn|p1a: Koffing\n|-resisted|p1a: Koffing\n|-damage|p1a: Koffing|53\/100\n|\n|upkeep\n|turn|89\n|\n|t:|1651026906\n|-end|p1a: Koffing|ability: Neutralizing Gas\n|switch|p1a: Duosion|Duosion, F|85\/100\n|cant|p2a: Vullaby|par\n|\n|upkeep\n|turn|90\n|\n|t:|1651026908\n|switch|p1a: Koffing|Koffing, M|53\/100\n|-ability|p1a: Koffing|Neutralizing Gas\n|cant|p2a: Vullaby|par\n|\n|upkeep\n|turn|91\n|\n|t:|1651026910\n|-end|p1a: Koffing|ability: Neutralizing Gas\n|switch|p1a: Duosion|Duosion, F|100\/100\n|move|p2a: Vullaby|U-turn|p1a: Duosion\n|-supereffective|p1a: Duosion\n|-damage|p1a: Duosion|72\/100\n|\n|upkeep\n|turn|92\n|\n|t:|1651026911\n|switch|p1a: Koffing|Koffing, M|53\/100\n|-ability|p1a: Koffing|Neutralizing Gas\n|cant|p2a: Vullaby|par\n|\n|upkeep\n|turn|93\n|\n|t:|1651026913\n|-end|p1a: Koffing|ability: Neutralizing Gas\n|switch|p1a: Duosion|Duosion, F|100\/100\n|cant|p2a: Vullaby|par\n|\n|upkeep\n|turn|94\n|\n|t:|1651026915\n|switch|p1a: Koffing|Koffing, M|53\/100\n|-ability|p1a: Koffing|Neutralizing Gas\n|move|p2a: Vullaby|U-turn|p1a: Koffing\n|-resisted|p1a: Koffing\n|-damage|p1a: Koffing|48\/100\n|\n|upkeep\n|turn|95\n|\n|t:|1651026916\n|-end|p1a: Koffing|ability: Neutralizing Gas\n|switch|p1a: Duosion|Duosion, F|100\/100\n|move|p2a: Vullaby|U-turn|p1a: Duosion\n|-supereffective|p1a: Duosion\n|-damage|p1a: Duosion|72\/100\n|\n|upkeep\n|turn|96\n|\n|t:|1651026919\n|switch|p1a: Koffing|Koffing, M|48\/100\n|-ability|p1a: Koffing|Neutralizing Gas\n|cant|p2a: Vullaby|par\n|\n|upkeep\n|turn|97\n|\n|t:|1651026921\n|-end|p1a: Koffing|ability: Neutralizing Gas\n|switch|p1a: Duosion|Duosion, F|100\/100\n|move|p2a: Vullaby|U-turn|p1a: Duosion\n|-supereffective|p1a: Duosion\n|-damage|p1a: Duosion|70\/100\n|\n|upkeep\n|turn|98\n|\n|t:|1651026922\n|switch|p1a: Koffing|Koffing, M|48\/100\n|-ability|p1a: Koffing|Neutralizing Gas\n|move|p2a: Vullaby|U-turn|p1a: Koffing\n|-resisted|p1a: Koffing\n|-damage|p1a: Koffing|43\/100\n|\n|upkeep\n|turn|99\n|\n|t:|1651026924\n|-end|p1a: Koffing|ability: Neutralizing Gas\n|switch|p1a: Duosion|Duosion, F|100\/100\n|cant|p2a: Vullaby|par\n|\n|upkeep\n|turn|100\n|\n|t:|1651026926\n|switch|p1a: Koffing|Koffing, M|43\/100\n|-ability|p1a: Koffing|Neutralizing Gas\n|move|p2a: Vullaby|U-turn|p1a: Koffing\n|-resisted|p1a: Koffing\n|-damage|p1a: Koffing|39\/100\n|\n|upkeep\n|turn|101\n|\n|t:|1651026928\n|-end|p1a: Koffing|ability: Neutralizing Gas\n|switch|p1a: Duosion|Duosion, F|100\/100\n|move|p2a: Vullaby|U-turn|p1a: Duosion\n|-supereffective|p1a: Duosion\n|-damage|p1a: Duosion|71\/100\n|\n|upkeep\n|turn|102\n|\n|t:|1651026929\n|switch|p1a: Koffing|Koffing, M|39\/100\n|-ability|p1a: Koffing|Neutralizing Gas\n|move|p2a: Vullaby|U-turn|p1a: Koffing\n|-resisted|p1a: Koffing\n|-damage|p1a: Koffing|34\/100\n|\n|upkeep\n|turn|103\n|\n|t:|1651026931\n|-end|p1a: Koffing|ability: Neutralizing Gas\n|switch|p1a: Duosion|Duosion, F|100\/100\n|move|p2a: Vullaby|U-turn|p1a: Duosion\n|-supereffective|p1a: Duosion\n|-damage|p1a: Duosion|72\/100\n|\n|upkeep\n|turn|104\n|\n|t:|1651026932\n|switch|p1a: Koffing|Koffing, M|34\/100\n|-ability|p1a: Koffing|Neutralizing Gas\n|move|p2a: Vullaby|U-turn|p1a: Koffing\n|-resisted|p1a: Koffing\n|-damage|p1a: Koffing|29\/100\n|\n|upkeep\n|turn|105\n|\n|t:|1651026933\n|move|p1a: Koffing|Pain Split|p2a: Vullaby\n|-sethp|p2a: Vullaby|39\/100 par|[from] move: Pain Split|[silent]\n|-sethp|p1a: Koffing|48\/100|[from] move: Pain Split\n|cant|p2a: Vullaby|par\n|\n|upkeep\n|turn|106\n|\n|t:|1651026936\n|move|p1a: Koffing|Sludge Bomb|p2a: Vullaby\n|-damage|p2a: Vullaby|26\/100 par\n|move|p2a: Vullaby|U-turn|p1a: Koffing\n|-resisted|p1a: Koffing\n|-damage|p1a: Koffing|43\/100\n|\n|upkeep\n|turn|107\n|\n|t:|1651026938\n|move|p1a: Koffing|Sludge Bomb|p2a: Vullaby\n|-damage|p2a: Vullaby|13\/100 par\n|move|p2a: Vullaby|Roost|p2a: Vullaby\n|-heal|p2a: Vullaby|63\/100 par\n|-singleturn|p2a: Vullaby|move: Roost\n|\n|upkeep\n|turn|108\n|\n|t:|1651026941\n|move|p1a: Koffing|Toxic Spikes|p2a: Vullaby\n|-sidestart|p2: xskelly34|move: Toxic Spikes\n|move|p2a: Vullaby|U-turn|p1a: Koffing\n|-resisted|p1a: Koffing\n|-crit|p1a: Koffing\n|-damage|p1a: Koffing|36\/100\n|\n|upkeep\n|turn|109\n|\n|t:|1651026944\n|move|p1a: Koffing|Will-O-Wisp||[still]\n|-fail|p1a: Koffing\n|move|p2a: Vullaby|Defog|p1a: Koffing\n|-unboost|p1a: Koffing|evasion|1\n|-sideend|p2: xskelly34|Toxic Spikes|[from] move: Defog|[of] p2a: Vullaby\n|\n|upkeep\n|turn|110\n|\n|t:|1651026946\n|move|p1a: Koffing|Will-O-Wisp|p2a: Vullaby|[miss]\n|-miss|p1a: Koffing|p2a: Vullaby\n|move|p2a: Vullaby|Defog|p1a: Koffing\n|-unboost|p1a: Koffing|evasion|1\n|\n|upkeep\n|turn|111\n|\n|t:|1651026950\n|move|p1a: Koffing|Will-O-Wisp||[still]\n|-fail|p1a: Koffing\n|move|p2a: Vullaby|Defog|p1a: Koffing\n|-unboost|p1a: Koffing|evasion|1\n|\n|upkeep\n|turn|112\n|\n|t:|1651026952\n|move|p1a: Koffing|Will-O-Wisp||[still]\n|-fail|p1a: Koffing\n|move|p2a: Vullaby|Defog|p1a: Koffing\n|-unboost|p1a: Koffing|evasion|1\n|\n|upkeep\n|turn|113\n|\n|t:|1651026954\n|move|p1a: Koffing|Will-O-Wisp||[still]\n|-fail|p1a: Koffing\n|cant|p2a: Vullaby|par\n|\n|upkeep\n|turn|114\n|\n|t:|1651026955\n|move|p1a: Koffing|Will-O-Wisp||[still]\n|-fail|p1a: Koffing\n|cant|p2a: Vullaby|par\n|\n|upkeep\n|turn|115\n|\n|t:|1651026956\n|move|p1a: Koffing|Will-O-Wisp||[still]\n|-fail|p1a: Koffing\n|move|p2a: Vullaby|U-turn|p1a: Koffing\n|-resisted|p1a: Koffing\n|-damage|p1a: Koffing|32\/100\n|\n|upkeep\n|turn|116\n|\n|t:|1651026958\n|move|p1a: Koffing|Will-O-Wisp||[still]\n|-fail|p1a: Koffing\n|move|p2a: Vullaby|U-turn|p1a: Koffing\n|-resisted|p1a: Koffing\n|-crit|p1a: Koffing\n|-damage|p1a: Koffing|25\/100\n|\n|upkeep\n|turn|117\n|\n|t:|1651026960\n|move|p1a: Koffing|Will-O-Wisp||[still]\n|-fail|p1a: Koffing\n|move|p2a: Vullaby|U-turn|p1a: Koffing\n|-resisted|p1a: Koffing\n|-damage|p1a: Koffing|21\/100\n|\n|upkeep\n|turn|118\n|\n|t:|1651026961\n|move|p1a: Koffing|Pain Split|p2a: Vullaby\n|-sethp|p2a: Vullaby|40\/100 par|[from] move: Pain Split|[silent]\n|-sethp|p1a: Koffing|48\/100|[from] move: Pain Split\n|move|p2a: Vullaby|U-turn|p1a: Koffing\n|-resisted|p1a: Koffing\n|-damage|p1a: Koffing|44\/100\n|\n|upkeep\n|turn|119\n|\n|t:|1651026963\n|move|p1a: Koffing|Will-O-Wisp||[still]\n|-fail|p1a: Koffing\n|move|p2a: Vullaby|U-turn|p1a: Koffing\n|-resisted|p1a: Koffing\n|-damage|p1a: Koffing|40\/100\n|\n|upkeep\n|turn|120\n|\n|t:|1651026964\n|move|p1a: Koffing|Will-O-Wisp||[still]\n|-fail|p1a: Koffing\n|move|p2a: Vullaby|U-turn|p1a: Koffing\n|-resisted|p1a: Koffing\n|-damage|p1a: Koffing|35\/100\n|\n|upkeep\n|turn|121\n|\n|t:|1651026965\n|move|p1a: Koffing|Will-O-Wisp||[still]\n|-fail|p1a: Koffing\n|move|p2a: Vullaby|U-turn|p1a: Koffing\n|-resisted|p1a: Koffing\n|-damage|p1a: Koffing|31\/100\n|\n|upkeep\n|turn|122\n|\n|t:|1651026968\n|move|p1a: Koffing|Sludge Bomb|p2a: Vullaby\n|-damage|p2a: Vullaby|28\/100 par\n|move|p2a: Vullaby|U-turn|p1a: Koffing\n|-resisted|p1a: Koffing\n|-damage|p1a: Koffing|26\/100\n|\n|upkeep\n|turn|123\n|\n|t:|1651026970\n|move|p1a: Koffing|Sludge Bomb|p2a: Vullaby\n|-damage|p2a: Vullaby|14\/100 par\n|move|p2a: Vullaby|Roost|p2a: Vullaby\n|-heal|p2a: Vullaby|64\/100 par\n|-singleturn|p2a: Vullaby|move: Roost\n|\n|upkeep\n|turn|124\n|\n|t:|1651026973\n|move|p1a: Koffing|Pain Split|p2a: Vullaby\n|-sethp|p2a: Vullaby|43\/100 par|[from] move: Pain Split|[silent]\n|-sethp|p1a: Koffing|52\/100|[from] move: Pain Split\n|move|p2a: Vullaby|U-turn|p1a: Koffing\n|-resisted|p1a: Koffing\n|-damage|p1a: Koffing|47\/100\n|\n|upkeep\n|turn|125\n|\n|t:|1651026979\n|move|p1a: Koffing|Will-O-Wisp|p2a: Vullaby|[miss]\n|-miss|p1a: Koffing|p2a: Vullaby\n|cant|p2a: Vullaby|par\n|\n|upkeep\n|turn|126\n|\n|t:|1651026981\n|-end|p1a: Koffing|ability: Neutralizing Gas\n|switch|p1a: Duosion|Duosion, F|100\/100\n|cant|p2a: Vullaby|par\n|\n|upkeep\n|turn|127\n|\n|t:|1651026983\n|switch|p1a: Koffing|Koffing, M|47\/100\n|-ability|p1a: Koffing|Neutralizing Gas\n|cant|p2a: Vullaby|par\n|\n|upkeep\n|turn|128\n|\n|t:|1651026985\n|-end|p1a: Koffing|ability: Neutralizing Gas\n|switch|p1a: Duosion|Duosion, F|100\/100\n|move|p2a: Vullaby|Roost|p2a: Vullaby\n|-heal|p2a: Vullaby|93\/100 par\n|-singleturn|p2a: Vullaby|move: Roost\n|\n|upkeep\n|turn|129\n|\n|t:|1651026987\n|switch|p1a: Koffing|Koffing, M|47\/100\n|-ability|p1a: Koffing|Neutralizing Gas\n|move|p2a: Vullaby|Knock Off|p1a: Koffing\n|-damage|p1a: Koffing|33\/100\n|\n|upkeep\n|turn|130\n|\n|t:|1651026989\n|-end|p1a: Koffing|ability: Neutralizing Gas\n|switch|p1a: Duosion|Duosion, F|100\/100\n|move|p2a: Vullaby|Knock Off|p1a: Duosion\n|-supereffective|p1a: Duosion\n|-damage|p1a: Duosion|60\/100\n|\n|upkeep\n|turn|131\n|\n|t:|1651026991\n|switch|p1a: Koffing|Koffing, M|33\/100\n|-ability|p1a: Koffing|Neutralizing Gas\n|move|p2a: Vullaby|Knock Off|p1a: Koffing\n|-damage|p1a: Koffing|20\/100\n|\n|upkeep\n|turn|132\n|\n|t:|1651026993\n|move|p1a: Koffing|Pain Split|p2a: Vullaby\n|-sethp|p2a: Vullaby|55\/100 par|[from] move: Pain Split|[silent]\n|-sethp|p1a: Koffing|66\/100|[from] move: Pain Split\n|move|p2a: Vullaby|Knock Off|p1a: Koffing\n|-damage|p1a: Koffing|53\/100\n|\n|upkeep\n|turn|133\n|\n|t:|1651026995\n|-end|p1a: Koffing|ability: Neutralizing Gas\n|switch|p1a: Duosion|Duosion, F|94\/100\n|cant|p2a: Vullaby|par\n|\n|upkeep\n|turn|134\n|\n|t:|1651026997\n|switch|p1a: Koffing|Koffing, M|53\/100\n|-ability|p1a: Koffing|Neutralizing Gas\n|cant|p2a: Vullaby|par\n|\n|upkeep\n|turn|135\n|\n|t:|1651026999\n|-end|p1a: Koffing|ability: Neutralizing Gas\n|switch|p1a: Duosion|Duosion, F|100\/100\n|move|p2a: Vullaby|Knock Off|p1a: Duosion\n|-supereffective|p1a: Duosion\n|-damage|p1a: Duosion|57\/100\n|\n|upkeep\n|turn|136\n|\n|t:|1651027000\n|switch|p1a: Koffing|Koffing, M|53\/100\n|-ability|p1a: Koffing|Neutralizing Gas\n|move|p2a: Vullaby|Knock Off|p1a: Koffing\n|-damage|p1a: Koffing|41\/100\n|\n|upkeep\n|turn|137\n|\n|t:|1651027001\n|-end|p1a: Koffing|ability: Neutralizing Gas\n|switch|p1a: Duosion|Duosion, F|91\/100\n|cant|p2a: Vullaby|par\n|\n|upkeep\n|turn|138\n|\n|t:|1651027003\n|switch|p1a: Koffing|Koffing, M|41\/100\n|-ability|p1a: Koffing|Neutralizing Gas\n|move|p2a: Vullaby|Knock Off|p1a: Koffing\n|-damage|p1a: Koffing|28\/100\n|\n|upkeep\n|turn|139\n|\n|t:|1651027004\n|move|p1a: Koffing|Pain Split|p2a: Vullaby\n|-sethp|p2a: Vullaby|39\/100 par|[from] move: Pain Split|[silent]\n|-sethp|p1a: Koffing|47\/100|[from] move: Pain Split\n|move|p2a: Vullaby|Knock Off|p1a: Koffing\n|-damage|p1a: Koffing|35\/100\n|\n|upkeep\n|turn|140\n|\n|t:|1651027006\n|move|p1a: Koffing|Sludge Bomb|p2a: Vullaby\n|-damage|p2a: Vullaby|25\/100 par\n|cant|p2a: Vullaby|par\n|\n|upkeep\n|turn|141\n|\n|t:|1651027009\n|move|p1a: Koffing|Sludge Bomb|p2a: Vullaby\n|-damage|p2a: Vullaby|13\/100 par\n|move|p2a: Vullaby|Roost|p2a: Vullaby\n|-heal|p2a: Vullaby|63\/100 par\n|-singleturn|p2a: Vullaby|move: Roost\n|\n|upkeep\n|turn|142\n|\n|t:|1651027012\n|move|p1a: Koffing|Pain Split|p2a: Vullaby\n|-sethp|p2a: Vullaby|46\/100 par|[from] move: Pain Split|[silent]\n|-sethp|p1a: Koffing|56\/100|[from] move: Pain Split\n|cant|p2a: Vullaby|par\n|\n|upkeep\n|turn|143\n|\n|t:|1651027014\n|-end|p1a: Koffing|ability: Neutralizing Gas\n|switch|p1a: Duosion|Duosion, F|100\/100\n|move|p2a: Vullaby|Knock Off|p1a: Duosion\n|-supereffective|p1a: Duosion\n|-damage|p1a: Duosion|59\/100\n|\n|upkeep\n|turn|144\n|\n|t:|1651027015\n|move|p1a: Duosion|Recover|p1a: Duosion\n|-heal|p1a: Duosion|100\/100\n|move|p2a: Vullaby|Knock Off|p1a: Duosion\n|-supereffective|p1a: Duosion\n|-damage|p1a: Duosion|61\/100\n|\n|upkeep\n|turn|145\n|\n|t:|1651027017\n|move|p1a: Duosion|Recover|p1a: Duosion\n|-heal|p1a: Duosion|100\/100\n|cant|p2a: Vullaby|par\n|\n|upkeep\n|turn|146\n|\n|t:|1651027019\n|move|p1a: Duosion|Recover||[still]\n|-fail|p1a: Duosion|heal\n|cant|p2a: Vullaby|par\n|\n|upkeep\n|turn|147\n|l| Alessio2009\n|l| venson04\n|-message|xskelly34 forfeited.\n|\n|win|hello n00b\n|n|\u2606hello n00b|hellon00b\n|n|\u2606xskelly34|xskelly34\n|n|*Lady Monita \u273f|ladymonita\n|n| BB-8-NU|bb8nu\n|n| Jadino bambino|jadinobambino\n|n| Demykunst|demykunst\n|n| Crunchman|crunchman\n|n| aquy|aquy\n|n| roughskin sharpedo|roughskinsharpedo\n|n| A-sepower|asepower\n|n| sirmrwhale@!|sirmrwhale\n|n| Grand Empress|grandempress\n|n| Futz the Fruit|futzthefruit\n|n| envi kevin|envikevin\n|n| rthftj|rthftj\n|n| PokeArt2004\u2764|pokeart2004\n|n| Ace's Laddering|acesladdering\n|n| Terror Fang\u30c4|terrorfang\n|n| dantito|dantito\n|n| Greether4|greether4\n","uploadtime":1651027029,"views":3,"p1id":"hellon00b","p2id":"xskelly34","formatid":"gen8nfe","rating":0,"private":0,"password":null}