{"id":"gen8ou-1115570165","p1":"TryHonesty","p2":"Storm Zone","format":"gen8ou","log":"|j|\u2606TryHonesty\n|j|\u2606Storm Zone\n|player|p1|TryHonesty|266|1714\n|player|p2|Storm Zone|zinnia|1745\n|teamsize|p1|6\n|teamsize|p2|6\n|gametype|singles\n|gen|8\n|tier|[Gen 8] OU\n|rated|\n|clearpoke\n|poke|p1|Aegislash, F|\n|poke|p1|Dragapult, F|\n|poke|p1|Conkeldurr, F|\n|poke|p1|Bisharp, F|\n|poke|p1|Ferrothorn, F|\n|poke|p1|Excadrill, M|\n|poke|p2|Seismitoad, M|\n|poke|p2|Cinderace, M|\n|poke|p2|Toxtricity, M|\n|poke|p2|Sigilyph, M|\n|poke|p2|Kommo-o, M|\n|poke|p2|Whimsicott, F|\n|rule|Sleep Clause Mod: Limit one foe put to sleep\n|rule|Species Clause: Limit one of each Pok\u00e9mon\n|rule|OHKO Clause: OHKO moves are banned\n|rule|Evasion Moves Clause: Evasion moves are banned\n|rule|Endless Battle Clause: Forcing endless battles is banned\n|rule|HP Percentage Mod: HP is shown in percentages\n|rule|Dynamax Clause: You cannot dynamax\n|teampreview\n|j| Dollynho Coach\n|j| LoganUnderFire\n|\n|start\n|switch|p1a: Ferrothorn|Ferrothorn, F|100\/100\n|switch|p2a: Liberacy|Cinderace, M|100\/100\n|turn|1\n|\n|switch|p1a: Dragapult|Dragapult, F|100\/100\n|move|p2a: Liberacy|Pyro Ball|p1a: Dragapult\n|-resisted|p1a: Dragapult\n|-damage|p1a: Dragapult|60\/100\n|\n|upkeep\n|turn|2\n|\n|switch|p2a: Annie|Whimsicott, F|100\/100\n|move|p1a: Dragapult|Dragon Dance|p1a: Dragapult\n|-boost|p1a: Dragapult|atk|1\n|-boost|p1a: Dragapult|spe|1\n|\n|upkeep\n|turn|3\n|j| not saas\n|j| sadKEK Sadge\n|\n|move|p2a: Annie|Switcheroo|p1a: Dragapult\n|-activate|p2a: Annie|move: Trick|[of] p1a: Dragapult\n|-item|p1a: Dragapult|Choice Scarf|[from] move: Switcheroo\n|-item|p2a: Annie|Life Orb|[from] move: Switcheroo\n|move|p1a: Dragapult|Phantom Force||[still]\n|-prepare|p1a: Dragapult|Phantom Force|p2a: Annie\n|\n|upkeep\n|turn|4\n|\n|move|p1a: Dragapult|Phantom Force|p2a: Annie|[from]lockedmove\n|-crit|p2a: Annie\n|-damage|p2a: Annie|0 fnt\n|faint|p2a: Annie\n|\n|upkeep\n|\n|switch|p2a: Globox|Seismitoad, M|100\/100\n|turn|5\n|\n|move|p1a: Dragapult|Phantom Force||[still]\n|-prepare|p1a: Dragapult|Phantom Force|p2a: Globox\n|move|p2a: Globox|Stealth Rock|p1a: Dragapult\n|-sidestart|p1: TryHonesty|move: Stealth Rock\n|\n|upkeep\n|turn|6\n|\n|move|p1a: Dragapult|Phantom Force|p2a: Globox|[from]lockedmove\n|-damage|p2a: Globox|44\/100\n|move|p2a: Globox|Earthquake|p1a: Dragapult\n|-damage|p1a: Dragapult|12\/100\n|\n|-heal|p2a: Globox|50\/100|[from] item: Leftovers\n|upkeep\n|turn|7\n|inactive|Battle timer is ON: inactive players will automatically lose when time's up. (requested by TryHonesty)\n|\n|move|p1a: Dragapult|Phantom Force||[still]\n|-prepare|p1a: Dragapult|Phantom Force|p2a: Globox\n|move|p2a: Globox|Earthquake|p1a: Dragapult|[miss]\n|-miss|p2a: Globox|p1a: Dragapult\n|\n|-heal|p2a: Globox|56\/100|[from] item: Leftovers\n|upkeep\n|turn|8\n|\n|move|p1a: Dragapult|Phantom Force|p2a: Globox|[from]lockedmove\n|-damage|p2a: Globox|6\/100\n|move|p2a: Globox|Earthquake|p1a: Dragapult\n|-damage|p1a: Dragapult|0 fnt\n|faint|p1a: Dragapult\n|\n|-heal|p2a: Globox|12\/100|[from] item: Leftovers\n|upkeep\n|\n|switch|p1a: Ferrothorn|Ferrothorn, F|100\/100\n|-damage|p1a: Ferrothorn|95\/100|[from] Stealth Rock\n|turn|9\n|\n|switch|p2a: Cyclops|Sigilyph, M|100\/100\n|switch|p1a: Excadrill|Excadrill, M|100\/100\n|-damage|p1a: Excadrill|97\/100|[from] Stealth Rock\n|-ability|p1a: Excadrill|Mold Breaker\n|\n|upkeep\n|turn|10\n|\n|move|p1a: Excadrill|Iron Head|p2a: Cyclops\n|-damage|p2a: Cyclops|35\/100\n|move|p2a: Cyclops|Heat Wave|p1a: Excadrill\n|-supereffective|p1a: Excadrill\n|-damage|p1a: Excadrill|0 fnt\n|faint|p1a: Excadrill\n|\n|upkeep\n|\n|switch|p1a: Bisharp|Bisharp, F|100\/100\n|-damage|p1a: Bisharp|95\/100|[from] Stealth Rock\n|turn|11\n|\n|switch|p2a: Globox|Seismitoad, M|12\/100\n|move|p1a: Bisharp|Swords Dance|p1a: Bisharp\n|-boost|p1a: Bisharp|atk|2\n|\n|-heal|p2a: Globox|18\/100|[from] item: Leftovers\n|upkeep\n|turn|12\n|\n|move|p1a: Bisharp|Knock Off|p2a: Globox\n|-damage|p2a: Globox|0 fnt\n|-enditem|p2a: Globox|Leftovers|[from] move: Knock Off|[of] p1a: Bisharp\n|-damage|p1a: Bisharp|85\/100|[from] item: Life Orb\n|faint|p2a: Globox\n|\n|upkeep\n|\n|switch|p2a: Freddie Mercury|Kommo-o, M|100\/100\n|turn|13\n|\n|move|p2a: Freddie Mercury|Earthquake|p1a: Bisharp\n|-supereffective|p1a: Bisharp\n|-damage|p1a: Bisharp|0 fnt\n|faint|p1a: Bisharp\n|\n|upkeep\n|\n|switch|p1a: Ferrothorn|Ferrothorn, F|95\/100\n|-damage|p1a: Ferrothorn|89\/100|[from] Stealth Rock\n|turn|14\n|\n|move|p2a: Freddie Mercury|Dragon Dance|p2a: Freddie Mercury\n|-boost|p2a: Freddie Mercury|atk|1\n|-boost|p2a: Freddie Mercury|spe|1\n|move|p1a: Ferrothorn|Stealth Rock|p2a: Freddie Mercury\n|-sidestart|p2: Storm Zone|move: Stealth Rock\n|\n|upkeep\n|turn|15\n|\n|move|p2a: Freddie Mercury|Close Combat|p1a: Ferrothorn\n|-supereffective|p1a: Ferrothorn\n|-damage|p1a: Ferrothorn|0 fnt\n|-unboost|p2a: Freddie Mercury|def|1\n|-unboost|p2a: Freddie Mercury|spd|1\n|-damage|p2a: Freddie Mercury|88\/100|[from] ability: Iron Barbs|[of] p1a: Ferrothorn\n|-damage|p2a: Freddie Mercury|72\/100|[from] item: Rocky Helmet|[of] p1a: Ferrothorn\n|faint|p1a: Ferrothorn\n|\n|upkeep\n|\n|switch|p1a: Conkeldurr|Conkeldurr, F|100\/100\n|-damage|p1a: Conkeldurr|94\/100|[from] Stealth Rock\n|turn|16\n|\n|move|p2a: Freddie Mercury|Close Combat|p1a: Conkeldurr\n|-damage|p1a: Conkeldurr|24\/100\n|-unboost|p2a: Freddie Mercury|def|1\n|-unboost|p2a: Freddie Mercury|spd|1\n|move|p1a: Conkeldurr|Close Combat|p2a: Freddie Mercury\n|-damage|p2a: Freddie Mercury|0 fnt\n|-unboost|p1a: Conkeldurr|def|1\n|-unboost|p1a: Conkeldurr|spd|1\n|faint|p2a: Freddie Mercury\n|\n|-status|p1a: Conkeldurr|brn|[from] item: Flame Orb\n|upkeep\n|\n|switch|p2a: Kurt Cobain|Toxtricity, M|100\/100\n|-damage|p2a: Kurt Cobain|88\/100|[from] Stealth Rock\n|turn|17\n|\n|move|p1a: Conkeldurr|Mach Punch|p2a: Kurt Cobain\n|-resisted|p2a: Kurt Cobain\n|-damage|p2a: Kurt Cobain|59\/100\n|move|p2a: Kurt Cobain|Overdrive|p1a: Conkeldurr\n|-damage|p1a: Conkeldurr|0 fnt\n|-enditem|p2a: Kurt Cobain|Throat Spray\n|-boost|p2a: Kurt Cobain|spa|1|[from] item: Throat Spray\n|faint|p1a: Conkeldurr\n|\n|upkeep\n|\n|switch|p1a: Aegislash|Aegislash, F|100\/100\n|-damage|p1a: Aegislash|94\/100|[from] Stealth Rock\n|turn|18\n|\n|-formechange|p1a: Aegislash|Aegislash-Blade||[from] ability: Stance Change\n|move|p1a: Aegislash|Shadow Sneak|p2a: Kurt Cobain\n|-damage|p2a: Kurt Cobain|32\/100\n|move|p2a: Kurt Cobain|Overdrive|p1a: Aegislash\n|-damage|p1a: Aegislash|0 fnt\n|faint|p1a: Aegislash\n|\n|win|Storm Zone\n","uploadtime":1589612765,"views":190,"p1id":"tryhonesty","p2id":"stormzone","formatid":"gen8ou","rating":0,"private":0,"password":null}