{"id":"gen8monotyperandombattle-1103942771","p1":"yhdrslb","p2":"BroccoliPalace","format":"gen8monotyperandombattle","log":"|j|\u2606yhdrslb\n|j|\u2606BroccoliPalace\n|player|p1|yhdrslb|30|1564\n|player|p2|BroccoliPalace|dexio|1444\n|teamsize|p1|6\n|teamsize|p2|6\n|gametype|singles\n|gen|8\n|tier|[Gen 8] Monotype Random Battle\n|rated|\n|rule|Same Type Clause: Pok\u00e9mon in a team must share a type\n|rule|HP Percentage Mod: HP is shown in percentages\n|rule|Sleep Clause Mod: Limit one foe put to sleep\n|\n|start\n|switch|p1a: Jirachi|Jirachi, L80|291\/291\n|switch|p2a: Terrakion|Terrakion, L80|277\/277\n|turn|1\n|inactive|Battle timer is ON: inactive players will automatically lose when time's up. (requested by BroccoliPalace)\n|\n|move|p2a: Terrakion|Earthquake|p1a: Jirachi\n|-supereffective|p1a: Jirachi\n|-damage|p1a: Jirachi|88\/291\n|-damage|p2a: Terrakion|250\/277|[from] item: Life Orb\n|move|p1a: Jirachi|Iron Head|p2a: Terrakion\n|-supereffective|p2a: Terrakion\n|-damage|p2a: Terrakion|92\/277\n|\n|-heal|p1a: Jirachi|106\/291|[from] item: Leftovers\n|upkeep\n|turn|2\n|j|\u203dmechfuture\n|\n|switch|p1a: Ferrothorn|Ferrothorn, L80, M|250\/250\n|move|p2a: Terrakion|Earthquake|p1a: Ferrothorn\n|-damage|p1a: Ferrothorn|167\/250\n|-damage|p2a: Terrakion|65\/277|[from] item: Life Orb\n|\n|-heal|p1a: Ferrothorn|182\/250|[from] item: Leftovers\n|upkeep\n|turn|3\n|\n|switch|p1a: Aegislash|Aegislash, L80, F|227\/227\n|move|p2a: Terrakion|Close Combat|p1a: Aegislash\n|-immune|p1a: Aegislash\n|\n|upkeep\n|turn|4\n|\n|-formechange|p1a: Aegislash|Aegislash-Blade||[from] ability: Stance Change\n|move|p1a: Aegislash|Shadow Sneak|p2a: Terrakion\n|-damage|p2a: Terrakion|0 fnt\n|-damage|p1a: Aegislash|205\/227|[from] item: Life Orb\n|faint|p2a: Terrakion\n|\n|upkeep\n|\n|switch|p2a: Shuckle|Shuckle, L88, M|178\/178\n|turn|5\n|\n|switch|p1a: Ferrothorn|Ferrothorn, L80, M|182\/250\n|move|p2a: Shuckle|Sticky Web|p1a: Ferrothorn\n|-sidestart|p1: yhdrslb|move: Sticky Web\n|\n|-heal|p1a: Ferrothorn|197\/250|[from] item: Leftovers\n|upkeep\n|turn|6\n|\n|move|p2a: Shuckle|Encore||[still]\n|-fail|p2a: Shuckle\n|move|p1a: Ferrothorn|Spikes|p2a: Shuckle\n|-sidestart|p2: BroccoliPalace|Spikes\n|\n|-heal|p1a: Ferrothorn|212\/250|[from] item: Leftovers\n|upkeep\n|turn|7\n|\n|switch|p1a: Aegislash|Aegislash, L80, F|205\/227\n|-activate|p1a: Aegislash|move: Sticky Web\n|-unboost|p1a: Aegislash|spe|1\n|move|p2a: Shuckle|Stealth Rock|p1a: Aegislash\n|-sidestart|p1: yhdrslb|move: Stealth Rock\n|\n|upkeep\n|turn|8\n|\n|-formechange|p1a: Aegislash|Aegislash-Blade||[from] ability: Stance Change\n|move|p1a: Aegislash|Iron Head|p2a: Shuckle\n|-supereffective|p2a: Shuckle\n|-damage|p2a: Shuckle|53\/178\n|-damage|p1a: Aegislash|183\/227|[from] item: Life Orb\n|cant|p2a: Shuckle|flinch\n|\n|upkeep\n|turn|9\n|\n|move|p1a: Aegislash|Iron Head|p2a: Shuckle\n|-supereffective|p2a: Shuckle\n|-damage|p2a: Shuckle|0 fnt\n|-damage|p1a: Aegislash|161\/227|[from] item: Life Orb\n|faint|p2a: Shuckle\n|\n|upkeep\n|\n|switch|p2a: Barbaracle|Barbaracle, L84, F|258\/258\n|-damage|p2a: Barbaracle|226\/258|[from] Spikes\n|turn|10\n|\n|move|p2a: Barbaracle|Shell Smash|p2a: Barbaracle\n|-unboost|p2a: Barbaracle|def|1\n|-unboost|p2a: Barbaracle|spd|1\n|-boost|p2a: Barbaracle|atk|2\n|-boost|p2a: Barbaracle|spa|2\n|-boost|p2a: Barbaracle|spe|2\n|-enditem|p2a: Barbaracle|White Herb\n|-clearnegativeboost|p2a: Barbaracle|[silent]\n|move|p1a: Aegislash|Close Combat|p2a: Barbaracle\n|-supereffective|p2a: Barbaracle\n|-damage|p2a: Barbaracle|8\/258\n|-unboost|p1a: Aegislash|def|1\n|-unboost|p1a: Aegislash|spd|1\n|-damage|p1a: Aegislash|139\/227|[from] item: Life Orb\n|\n|upkeep\n|turn|11\n|\n|move|p1a: Aegislash|Shadow Sneak|p2a: Barbaracle\n|-damage|p2a: Barbaracle|0 fnt\n|-damage|p1a: Aegislash|117\/227|[from] item: Life Orb\n|faint|p2a: Barbaracle\n|\n|upkeep\n|\n|switch|p2a: Crustle|Crustle, L86, F|261\/261\n|turn|12\n|\n|move|p2a: Crustle|Earthquake|p1a: Aegislash\n|-supereffective|p1a: Aegislash\n|-damage|p1a: Aegislash|0 fnt\n|faint|p1a: Aegislash\n|\n|upkeep\n|\n|switch|p1a: Klinklang|Klinklang, L86|243\/243\n|-activate|p1a: Klinklang|move: Sticky Web\n|-fail|p1a: Klinklang|unboost|[from] ability: Clear Body|[of] p1a: Klinklang\n|-damage|p1a: Klinklang|228\/243|[from] Stealth Rock\n|turn|13\n|\n|move|p1a: Klinklang|Shift Gear|p1a: Klinklang\n|-boost|p1a: Klinklang|spe|2\n|-boost|p1a: Klinklang|atk|1\n|move|p2a: Crustle|Shell Smash|p2a: Crustle\n|-unboost|p2a: Crustle|def|1\n|-unboost|p2a: Crustle|spd|1\n|-boost|p2a: Crustle|atk|2\n|-boost|p2a: Crustle|spa|2\n|-boost|p2a: Crustle|spe|2\n|\n|-heal|p1a: Klinklang|243\/243|[from] item: Leftovers\n|upkeep\n|turn|14\n|\n|-start|p1a: Klinklang|Dynamax\n|-heal|p1a: Klinklang|486\/486|[silent]\n|-start|p2a: Crustle|Dynamax\n|-heal|p2a: Crustle|522\/522|[silent]\n|move|p1a: Klinklang|Max Steelspike|p2a: Crustle\n|-supereffective|p2a: Crustle\n|-damage|p2a: Crustle|54\/522\n|-boost|p1a: Klinklang|def|1\n|move|p2a: Crustle|Max Quake|p1a: Klinklang\n|-supereffective|p1a: Klinklang\n|-damage|p1a: Klinklang|268\/486\n|-boost|p2a: Crustle|spd|1\n|\n|-heal|p1a: Klinklang|283\/486|[from] item: Leftovers\n|upkeep\n|turn|15\n|\n|move|p2a: Crustle|Max Guard|p2a: Crustle\n|-singleturn|p2a: Crustle|Max Guard\n|move|p1a: Klinklang|Max Steelspike|p2a: Crustle\n|-activate|p2a: Crustle|move: Max Guard\n|\n|-heal|p1a: Klinklang|298\/486|[from] item: Leftovers\n|upkeep\n|turn|16\n|\n|move|p1a: Klinklang|Max Steelspike|p2a: Crustle\n|-supereffective|p2a: Crustle\n|-damage|p2a: Crustle|0 fnt\n|-boost|p1a: Klinklang|def|1\n|faint|p2a: Crustle\n|\n|-heal|p1a: Klinklang|313\/486|[from] item: Leftovers\n|-end|p1a: Klinklang|Dynamax\n|-heal|p1a: Klinklang|157\/243|[silent]\n|upkeep\n|\n|switch|p2a: Gigalith|Gigalith, L82, F|274\/274\n|-damage|p2a: Gigalith|240\/274|[from] Spikes\n|-weather|Sandstorm|[from] ability: Sand Stream|[of] p2a: Gigalith\n|turn|17\n|\n|move|p1a: Klinklang|Gear Grind|p2a: Gigalith\n|-supereffective|p2a: Gigalith\n|-damage|p2a: Gigalith|108\/274\n|-supereffective|p2a: Gigalith\n|-damage|p2a: Gigalith|0 fnt\n|-hitcount|p2a: Gigalith|2\n|faint|p2a: Gigalith\n|\n|-weather|Sandstorm|[upkeep]\n|-heal|p1a: Klinklang|172\/243|[from] item: Leftovers\n|upkeep\n|\n|switch|p2a: Aurorus|Aurorus, L84, F|343\/343\n|-damage|p2a: Aurorus|301\/343|[from] Spikes\n|turn|18\n|\n|move|p1a: Klinklang|Gear Grind|p2a: Aurorus\n|-supereffective|p2a: Aurorus\n|-damage|p2a: Aurorus|0 fnt\n|-hitcount|p2a: Aurorus|1\n|faint|p2a: Aurorus\n|\n|win|yhdrslb\n|l|\u2606BroccoliPalace\n|l|\u203dmechfuture\n|raw|yhdrslb's rating: 1545 &rarr; <strong>1559<\/strong><br \/>(+14 for winning)\n|raw|BroccoliPalace's rating: 1444 &rarr; <strong>1430<\/strong><br \/>(-14 for losing)\n","inputlog":">version 0ff5d5c20b581e7bd57a8b66170a7864af3d008c\n>version-origin 31a81a91a29015c7ca09f498fa9831b52e8e4288\n>start {\"formatid\":\"gen8monotyperandombattle\",\"seed\":[63953,51269,2542,52539],\"rated\":\"Rated battle\"}\n>player p1 {\"name\":\"yhdrslb\",\"avatar\":\"30\",\"team\":\"\",\"rating\":1564,\"seed\":[15158,63439,52634,4067]}\n>player p2 {\"name\":\"BroccoliPalace\",\"avatar\":\"dexio\",\"team\":\"\",\"rating\":1444,\"seed\":[13839,30422,54817,37306]}\n>p1 move ironhead\n>p2 move earthquake\n>p1 switch 4\n>p2 move earthquake\n>p1 switch 5\n>p2 move closecombat\n>p1 move shadowsneak\n>p2 move earthquake\n>p2 switch 6\n>p1 switch 5\n>p2 move stickyweb\n>p1 move spikes\n>p2 move encore\n>p1 switch 5\n>p2 move stealthrock\n>p1 move ironhead\n>p2 move infestation\n>p1 move ironhead\n>p2 move infestation\n>p2 switch 5\n>p1 move closecombat\n>p2 move shellsmash\n>p1 move shadowsneak\n>p2 move liquidation\n>p2 switch 4\n>p1 move ironhead\n>p2 move earthquake\n>p1 switch 2\n>p1 move shiftgear\n>p2 move shellsmash\n>p1 move geargrind dynamax\n>p2 move earthquake dynamax\n>p1 move geargrind dynamax\n>p2 move shellsmash dynamax\n>p1 move geargrind dynamax\n>p2 move earthquake dynamax\n>p2 switch 2\n>p1 move geargrind\n>p2 move earthquake\n>p2 switch 3\n>p1 move geargrind\n>p2 move earthpower","uploadtime":1587945258,"views":4,"p1id":"yhdrslb","p2id":"broccolipalace","formatid":"gen8monotyperandombattle","rating":1430,"private":0,"password":null}