{"id":"gen8nationaldexag-1071011590","p1":"jim22","p2":"yhdrslb","format":"gen8nationaldexag","log":"|j|\u2606jim22\n|j|\u2606yhdrslb\n|player|p1|jim22|101|1583\n|player|p2|yhdrslb|30|1472\n|teamsize|p1|6\n|teamsize|p2|6\n|gametype|singles\n|gen|8\n|tier|[Gen 8] National Dex AG\n|rated|\n|clearpoke\n|poke|p1|Zygarde|\n|poke|p1|Ditto|\n|poke|p1|Xerneas|\n|poke|p1|Rayquaza|\n|poke|p1|Clefable, F|\n|poke|p1|Solgaleo|\n|poke|p2|Espeon, M|\n|poke|p2|Whimsicott, M|\n|poke|p2|Lugia|\n|poke|p2|Smeargle, F|\n|poke|p2|Rayquaza|\n|poke|p2|Giratina|\n|rule|HP Percentage Mod: HP is shown in percentages\n|rule|Endless Battle Clause: Forcing endless battles is banned\n|teampreview\n|inactive|Battle timer is ON: inactive players will automatically lose when time's up. (requested by jim22)\n|\n|start\n|switch|p1a: Zygarde|Zygarde|100\/100\n|switch|p2a: Smeargle|Smeargle, F|100\/100\n|turn|1\n|\n|switch|p2a: Lugia|Lugia|100\/100\n|move|p1a: Zygarde|Substitute|p1a: Zygarde\n|-start|p1a: Zygarde|Substitute\n|-damage|p1a: Zygarde|75\/100\n|\n|upkeep\n|turn|2\n|\n|move|p1a: Zygarde|Thousand Arrows|p2a: Lugia\n|-damage|p2a: Lugia|90\/100\n|-start|p2a: Lugia|Smack Down\n|move|p2a: Lugia|Whirlwind|p1a: Zygarde\n|drag|p1a: Ditto|Ditto|100\/100\n|-transform|p1a: Ditto|p2a: Lugia|[from] ability: Imposter\n|\n|-heal|p2a: Lugia|96\/100|[from] item: Leftovers\n|upkeep\n|turn|3\n|\n|switch|p2a: Espeon|Espeon, M|100\/100\n|move|p1a: Ditto|Toxic|p2a: Espeon\n|move|p2a: Espeon|Toxic|p1a: Ditto|[from]Magic Bounce\n|-status|p1a: Ditto|tox\n|\n|-damage|p1a: Ditto|94\/100 tox|[from] psn\n|upkeep\n|turn|4\n|\n|switch|p1a: Solgaleo|Solgaleo|100\/100\n|move|p2a: Espeon|Reflect|p2a: Espeon\n|-sidestart|p2: yhdrslb|Reflect\n|\n|upkeep\n|turn|5\n|\n|switch|p2a: Giratina|Giratina|100\/100\n|-ability|p2a: Giratina|Pressure\n|switch|p1a: Clefable|Clefable, F|100\/100\n|\n|upkeep\n|turn|6\n|\n|switch|p2a: Espeon|Espeon, M|100\/100\n|move|p1a: Clefable|Stealth Rock|p2a: Espeon\n|move|p2a: Espeon|Stealth Rock|p1a: Clefable|[from]Magic Bounce\n|-sidestart|p1: jim22|move: Stealth Rock\n|\n|upkeep\n|turn|7\n|\n|move|p2a: Espeon|Toxic|p1a: Clefable\n|-status|p1a: Clefable|tox\n|move|p1a: Clefable|Moonblast|p2a: Espeon\n|-damage|p2a: Espeon|61\/100\n|-unboost|p2a: Espeon|spa|1\n|\n|upkeep\n|turn|8\n|\n|switch|p2a: Lugia|Lugia|96\/100\n|move|p1a: Clefable|Moonblast|p2a: Lugia\n|-damage|p2a: Lugia|76\/100\n|\n|-heal|p2a: Lugia|82\/100|[from] item: Leftovers\n|-sideend|p2: yhdrslb|Reflect\n|upkeep\n|turn|9\n|\n|switch|p2a: Espeon|Espeon, M|61\/100\n|move|p1a: Clefable|Stealth Rock|p2a: Espeon\n|move|p2a: Espeon|Stealth Rock||[from]Magic Bounce|[still]\n|-fail|p2a: Espeon\n|\n|upkeep\n|turn|10\n|\n|move|p2a: Espeon|Trick|p1a: Clefable\n|-activate|p2a: Espeon|move: Trick|[of] p1a: Clefable\n|-item|p1a: Clefable|Choice Scarf|[from] move: Trick\n|-item|p2a: Espeon|Focus Sash|[from] move: Trick\n|move|p1a: Clefable|Moonblast|p2a: Espeon\n|-damage|p2a: Espeon|17\/100\n|\n|upkeep\n|turn|11\n|\n|switch|p2a: Lugia|Lugia|82\/100\n|move|p1a: Clefable|Moonblast|p2a: Lugia\n|-damage|p2a: Lugia|61\/100\n|\n|-heal|p2a: Lugia|67\/100|[from] item: Leftovers\n|upkeep\n|turn|12\n|\n|switch|p1a: Zygarde|Zygarde|75\/100\n|-damage|p1a: Zygarde|69\/100|[from] Stealth Rock\n|move|p2a: Lugia|Toxic|p1a: Zygarde\n|-status|p1a: Zygarde|tox\n|-enditem|p1a: Zygarde|Lum Berry|[eat]\n|-curestatus|p1a: Zygarde|tox|[msg]\n|\n|-heal|p2a: Lugia|73\/100|[from] item: Leftovers\n|upkeep\n|turn|13\n|\n|move|p1a: Zygarde|Dragon Dance|p1a: Zygarde\n|-boost|p1a: Zygarde|atk|1\n|-boost|p1a: Zygarde|spe|1\n|move|p2a: Lugia|Toxic|p1a: Zygarde\n|-status|p1a: Zygarde|tox\n|\n|-heal|p2a: Lugia|80\/100|[from] item: Leftovers\n|-damage|p1a: Zygarde|63\/100 tox|[from] psn\n|upkeep\n|turn|14\n|\n|move|p1a: Zygarde|Thousand Arrows|p2a: Lugia\n|-damage|p2a: Lugia|44\/100\n|-start|p2a: Lugia|Smack Down\n|move|p2a: Lugia|Roost|p2a: Lugia\n|-heal|p2a: Lugia|94\/100\n|-singleturn|p2a: Lugia|move: Roost\n|\n|-heal|p2a: Lugia|100\/100|[from] item: Leftovers\n|-damage|p1a: Zygarde|51\/100 tox|[from] psn\n|upkeep\n|turn|15\n|\n|move|p1a: Zygarde|Rest|p1a: Zygarde\n|-status|p1a: Zygarde|slp|[from] move: Rest\n|-heal|p1a: Zygarde|100\/100 slp|[silent]\n|move|p2a: Lugia|Whirlwind|p1a: Zygarde\n|drag|p1a: Rayquaza|Rayquaza|100\/100\n|-damage|p1a: Rayquaza|76\/100|[from] Stealth Rock\n|-ability|p1a: Rayquaza|Air Lock\n|\n|upkeep\n|turn|16\n|\n|switch|p1a: Zygarde|Zygarde|100\/100 slp\n|-damage|p1a: Zygarde|94\/100 slp|[from] Stealth Rock\n|move|p2a: Lugia|Toxic||[still]\n|-fail|p2a: Lugia\n|\n|upkeep\n|turn|17\n|\n|switch|p2a: Rayquaza|Rayquaza|100\/100\n|-ability|p2a: Rayquaza|Air Lock\n|cant|p1a: Zygarde|slp\n|\n|upkeep\n|turn|18\n|\n|detailschange|p2a: Rayquaza|Rayquaza-Mega\n|-mega|p2a: Rayquaza|Rayquaza|\n|-weather|DeltaStream|[from] ability: Delta Stream|[of] p2a: Rayquaza\n|move|p2a: Rayquaza|Dragon Ascent|p1a: Zygarde\n|-damage|p1a: Zygarde|0 fnt\n|-unboost|p2a: Rayquaza|def|1\n|-unboost|p2a: Rayquaza|spd|1\n|-damage|p2a: Rayquaza|91\/100|[from] item: Life Orb\n|faint|p1a: Zygarde\n|\n|-weather|DeltaStream|[upkeep]\n|upkeep\n|\n|switch|p1a: Clefable|Clefable, F|100\/100 tox\n|turn|19\n|\n|-weather|none\n|switch|p2a: Lugia|Lugia|100\/100\n|move|p1a: Clefable|Counter||[still]\n|-fail|p1a: Clefable\n|\n|upkeep\n|turn|20\n|\n|switch|p1a: Solgaleo|Solgaleo|100\/100\n|-damage|p1a: Solgaleo|94\/100|[from] Stealth Rock\n|move|p2a: Lugia|Toxic|p1a: Solgaleo\n|-immune|p1a: Solgaleo\n|\n|upkeep\n|turn|21\n|\n|switch|p2a: Giratina|Giratina|100\/100\n|-ability|p2a: Giratina|Pressure\n|move|p1a: Solgaleo|Toxic|p2a: Giratina\n|-status|p2a: Giratina|tox\n|\n|-damage|p2a: Giratina|94\/100 tox|[from] psn\n|upkeep\n|turn|22\n|\n|move|p1a: Solgaleo|Metal Burst||[still]\n|-fail|p1a: Solgaleo\n|move|p2a: Giratina|Will-O-Wisp|p1a: Solgaleo|[miss]\n|-miss|p2a: Giratina|p1a: Solgaleo\n|\n|-heal|p2a: Giratina|100\/100 tox|[from] item: Leftovers\n|-damage|p2a: Giratina|88\/100 tox|[from] psn\n|upkeep\n|turn|23\n|\n|switch|p1a: Clefable|Clefable, F|100\/100 tox\n|move|p2a: Giratina|Will-O-Wisp||[still]\n|-fail|p2a: Giratina\n|\n|-heal|p2a: Giratina|94\/100 tox|[from] item: Leftovers\n|-damage|p2a: Giratina|76\/100 tox|[from] psn\n|upkeep\n|turn|24\n|\n|move|p1a: Clefable|Stealth Rock|p2a: Giratina\n|-sidestart|p2: yhdrslb|move: Stealth Rock\n|move|p2a: Giratina|Rest|p2a: Giratina\n|-status|p2a: Giratina|slp|[from] move: Rest\n|-heal|p2a: Giratina|100\/100 slp|[silent]\n|\n|upkeep\n|turn|25\n|\n|switch|p1a: Xerneas|Xerneas|100\/100\n|-damage|p1a: Xerneas|88\/100|[from] Stealth Rock\n|-ability|p1a: Xerneas|Fairy Aura\n|switch|p2a: Whimsicott|Whimsicott, M|100\/100\n|-damage|p2a: Whimsicott|88\/100|[from] Stealth Rock\n|\n|upkeep\n|turn|26\n|inactive|jim22 has 120 seconds left.\n|\n|move|p2a: Whimsicott|Leech Seed|p1a: Xerneas\n|-start|p1a: Xerneas|move: Leech Seed\n|move|p1a: Xerneas|Moonblast|p2a: Whimsicott\n|-damage|p2a: Whimsicott|0 fnt\n|faint|p2a: Whimsicott\n|\n|upkeep\n|\n|switch|p2a: Lugia|Lugia|100\/100\n|-damage|p2a: Lugia|76\/100|[from] Stealth Rock\n|turn|27\n|\n|switch|p1a: Clefable|Clefable, F|100\/100 tox\n|move|p2a: Lugia|Roost|p2a: Lugia\n|-heal|p2a: Lugia|100\/100\n|-singleturn|p2a: Lugia|move: Roost\n|\n|upkeep\n|turn|28\n|\n|move|p1a: Clefable|Moonblast|p2a: Lugia\n|-damage|p2a: Lugia|90\/100\n|move|p2a: Lugia|Substitute|p2a: Lugia\n|-start|p2a: Lugia|Substitute\n|-damage|p2a: Lugia|65\/100\n|\n|-heal|p2a: Lugia|71\/100|[from] item: Leftovers\n|upkeep\n|turn|29\n|inactive|jim22 has 120 seconds left.\n|\n|move|p1a: Clefable|Moonblast|p2a: Lugia\n|-activate|p2a: Lugia|move: Substitute|[damage]\n|move|p2a: Lugia|Whirlwind|p1a: Clefable\n|drag|p1a: Rayquaza|Rayquaza|76\/100\n|-damage|p1a: Rayquaza|51\/100|[from] Stealth Rock\n|-ability|p1a: Rayquaza|Air Lock\n|\n|-heal|p2a: Lugia|77\/100|[from] item: Leftovers\n|upkeep\n|turn|30\n|inactive|jim22 has 120 seconds left.\n|\n|detailschange|p1a: Rayquaza|Rayquaza-Mega\n|-mega|p1a: Rayquaza|Rayquaza|\n|-weather|DeltaStream|[from] ability: Delta Stream|[of] p1a: Rayquaza\n|move|p1a: Rayquaza|Dragon Ascent|p2a: Lugia\n|-end|p2a: Lugia|Substitute\n|-unboost|p1a: Rayquaza|def|1\n|-unboost|p1a: Rayquaza|spd|1\n|move|p2a: Lugia|Whirlwind|p1a: Rayquaza\n|-weather|none\n|drag|p1a: Clefable|Clefable, F|100\/100 tox\n|\n|-heal|p2a: Lugia|83\/100|[from] item: Leftovers\n|upkeep\n|turn|31\n|inactive|jim22 has 120 seconds left.\n|\n|move|p1a: Clefable|Moonblast|p2a: Lugia\n|-damage|p2a: Lugia|61\/100\n|move|p2a: Lugia|Substitute|p2a: Lugia\n|-start|p2a: Lugia|Substitute\n|-damage|p2a: Lugia|36\/100\n|\n|-heal|p2a: Lugia|42\/100|[from] item: Leftovers\n|upkeep\n|turn|32\n|inactive|jim22 has 120 seconds left.\n|\n|switch|p1a: Rayquaza|Rayquaza-Mega|51\/100\n|-damage|p1a: Rayquaza|26\/100|[from] Stealth Rock\n|-weather|DeltaStream|[from] ability: Delta Stream|[of] p1a: Rayquaza\n|move|p2a: Lugia|Roost|p2a: Lugia\n|-heal|p2a: Lugia|92\/100\n|-singleturn|p2a: Lugia|move: Roost\n|\n|-weather|DeltaStream|[upkeep]\n|-heal|p2a: Lugia|98\/100|[from] item: Leftovers\n|upkeep\n|turn|33\n|inactive|jim22 has 120 seconds left.\n|\n|move|p1a: Rayquaza|Dragon Ascent|p2a: Lugia\n|-end|p2a: Lugia|Substitute\n|-unboost|p1a: Rayquaza|def|1\n|-unboost|p1a: Rayquaza|spd|1\n|move|p2a: Lugia|Toxic|p1a: Rayquaza\n|-status|p1a: Rayquaza|tox\n|\n|-weather|DeltaStream|[upkeep]\n|-heal|p2a: Lugia|100\/100|[from] item: Leftovers\n|-damage|p1a: Rayquaza|20\/100 tox|[from] psn\n|upkeep\n|turn|34\n|inactive|jim22 has 120 seconds left.\n|\n|move|p1a: Rayquaza|Dragon Ascent|p2a: Lugia\n|-damage|p2a: Lugia|80\/100\n|-unboost|p1a: Rayquaza|def|1\n|-unboost|p1a: Rayquaza|spd|1\n|move|p2a: Lugia|Substitute|p2a: Lugia\n|-start|p2a: Lugia|Substitute\n|-damage|p2a: Lugia|55\/100\n|\n|-weather|DeltaStream|[upkeep]\n|-heal|p2a: Lugia|61\/100|[from] item: Leftovers\n|-damage|p1a: Rayquaza|8\/100 tox|[from] psn\n|upkeep\n|turn|35\n|\n|move|p1a: Rayquaza|Dragon Ascent|p2a: Lugia\n|-end|p2a: Lugia|Substitute\n|-unboost|p1a: Rayquaza|def|1\n|-unboost|p1a: Rayquaza|spd|1\n|move|p2a: Lugia|Roost|p2a: Lugia\n|-heal|p2a: Lugia|100\/100\n|-singleturn|p2a: Lugia|move: Roost\n|\n|-weather|DeltaStream|[upkeep]\n|-damage|p1a: Rayquaza|0 fnt|[from] psn\n|faint|p1a: Rayquaza\n|-weather|none\n|upkeep\n|\n|switch|p1a: Solgaleo|Solgaleo|94\/100\n|-damage|p1a: Solgaleo|88\/100|[from] Stealth Rock\n|turn|36\n|\n|move|p1a: Solgaleo|Toxic|p2a: Lugia|[miss]\n|-miss|p1a: Solgaleo|p2a: Lugia\n|move|p2a: Lugia|Substitute|p2a: Lugia\n|-start|p2a: Lugia|Substitute\n|-damage|p2a: Lugia|76\/100\n|\n|-heal|p2a: Lugia|82\/100|[from] item: Leftovers\n|upkeep\n|turn|37\n|inactive|jim22 has 120 seconds left.\n|c|\u2606jim22|ofc that missed\n|c|\u2606yhdrslb|its aight I got heal bell in the back\n|\n|switch|p1a: Clefable|Clefable, F|100\/100 tox\n|move|p2a: Lugia|Whirlwind|p1a: Clefable\n|drag|p1a: Xerneas|Xerneas|88\/100\n|-damage|p1a: Xerneas|76\/100|[from] Stealth Rock\n|-ability|p1a: Xerneas|Fairy Aura\n|\n|-heal|p2a: Lugia|88\/100|[from] item: Leftovers\n|upkeep\n|turn|38\n|\n|move|p2a: Lugia|Toxic|p1a: Xerneas\n|-status|p1a: Xerneas|tox\n|move|p1a: Xerneas|Moonblast|p2a: Lugia\n|-end|p2a: Lugia|Substitute\n|\n|-heal|p2a: Lugia|94\/100|[from] item: Leftovers\n|-damage|p1a: Xerneas|70\/100 tox|[from] psn\n|upkeep\n|turn|39\n|\n|-start|p1a: Xerneas|Dynamax\n|-heal|p1a: Xerneas|70\/100 tox|[silent]\n|move|p2a: Lugia|Substitute|p2a: Lugia\n|-start|p2a: Lugia|Substitute\n|-damage|p2a: Lugia|69\/100\n|move|p1a: Xerneas|Max Lightning|p2a: Lugia\n|-supereffective|p2a: Lugia\n|-end|p2a: Lugia|Substitute\n|-fieldstart|move: Electric Terrain\n|\n|-heal|p2a: Lugia|75\/100|[from] item: Leftovers\n|-damage|p1a: Xerneas|64\/100 tox|[from] psn\n|upkeep\n|turn|40\n|\n|move|p2a: Lugia|Substitute|p2a: Lugia\n|-start|p2a: Lugia|Substitute\n|-damage|p2a: Lugia|50\/100\n|move|p1a: Xerneas|Max Lightning|p2a: Lugia\n|-supereffective|p2a: Lugia\n|-end|p2a: Lugia|Substitute\n|\n|-heal|p2a: Lugia|56\/100|[from] item: Leftovers\n|-damage|p1a: Xerneas|54\/100 tox|[from] psn\n|upkeep\n|turn|41\n|\n|move|p2a: Lugia|Roost|p2a: Lugia\n|-heal|p2a: Lugia|100\/100\n|-singleturn|p2a: Lugia|move: Roost\n|move|p1a: Xerneas|Max Starfall|p2a: Lugia\n|-damage|p2a: Lugia|72\/100\n|-fieldstart|move: Misty Terrain\n|\n|-heal|p2a: Lugia|78\/100|[from] item: Leftovers\n|-damage|p1a: Xerneas|42\/100 tox|[from] psn\n|-end|p1a: Xerneas|Dynamax\n|-heal|p1a: Xerneas|42\/100 tox|[silent]\n|upkeep\n|turn|42\n|\n|move|p2a: Lugia|Substitute|p2a: Lugia\n|-start|p2a: Lugia|Substitute\n|-damage|p2a: Lugia|54\/100\n|move|p1a: Xerneas|Thunderbolt|p2a: Lugia\n|-supereffective|p2a: Lugia\n|-end|p2a: Lugia|Substitute\n|\n|-heal|p2a: Lugia|60\/100|[from] item: Leftovers\n|-damage|p1a: Xerneas|11\/100 tox|[from] psn\n|upkeep\n|turn|43\n|\n|move|p2a: Lugia|Roost|p2a: Lugia\n|-heal|p2a: Lugia|100\/100\n|-singleturn|p2a: Lugia|move: Roost\n|move|p1a: Xerneas|Thunderbolt|p2a: Lugia\n|-damage|p2a: Lugia|91\/100\n|\n|-heal|p2a: Lugia|98\/100|[from] item: Leftovers\n|-damage|p1a: Xerneas|0 fnt|[from] psn\n|faint|p1a: Xerneas\n|upkeep\n|inactive|jim22 has 90 seconds left.\n|\n|switch|p1a: Ditto|Ditto|94\/100 tox\n|-damage|p1a: Ditto|82\/100 tox|[from] Stealth Rock\n|-transform|p1a: Ditto|p2a: Lugia|[from] ability: Imposter\n|turn|44\n|\n|switch|p2a: Giratina|Giratina|100\/100 slp\n|-damage|p2a: Giratina|88\/100 slp|[from] Stealth Rock\n|-ability|p2a: Giratina|Pressure\n|move|p1a: Ditto|Toxic||[still]\n|-fail|p1a: Ditto\n|\n|-heal|p2a: Giratina|94\/100 slp|[from] item: Leftovers\n|-damage|p1a: Ditto|76\/100 tox|[from] psn\n|upkeep\n|turn|45\n|-message|jim22 forfeited.\n|\n|win|yhdrslb\n|l|\u2606jim22\n","uploadtime":1582941683,"views":38,"p1id":"jim22","p2id":"yhdrslb","formatid":"gen8nationaldexag","rating":0,"private":0,"password":null}