{"id":"gen8nationaldexag-1648053496","p1":"CamperJoe","p2":"Rediyu","format":"gen8nationaldexag","log":"|j|\u2606CamperJoe\n|j|\u2606Rediyu\n|t:|1661446866\n|gametype|singles\n|player|p1|CamperJoe|brycen|\n|player|p2|Rediyu|guitarist|\n|teamsize|p1|6\n|teamsize|p2|6\n|gen|8\n|tier|[Gen 8] National Dex AG\n|rule|HP Percentage Mod: HP is shown in percentages\n|rule|Endless Battle Clause: Forcing endless battles is banned\n|clearpoke\n|poke|p1|Jirachi|\n|poke|p1|Rotom-Wash|\n|poke|p1|Accelgor, F|\n|poke|p1|Garchomp, F|\n|poke|p1|Crawdaunt, F|\n|poke|p1|Torkoal, M|\n|poke|p2|Spectrier|\n|poke|p2|Donphan, M|\n|poke|p2|Shaymin|\n|poke|p2|Suicune|\n|poke|p2|Absol, M|\n|poke|p2|Sylveon, F|\n|teampreview\n|c|\u2606Rediyu|gl hf\n|c|\u2606CamperJoe|gl hf\n|\n|t:|1661446899\n|start\n|switch|p1a: Jirachi|Jirachi, shiny|100\/100\n|switch|p2a: Ghost Ponny|Spectrier|100\/100\n|turn|1\n|\n|t:|1661446929\n|switch|p1a: Crawdaunt|Crawdaunt, F|100\/100\n|move|p2a: Ghost Ponny|Shadow Ball|p1a: Crawdaunt\n|-resisted|p1a: Crawdaunt\n|-damage|p1a: Crawdaunt|64\/100\n|-unboost|p1a: Crawdaunt|spd|1\n|\n|upkeep\n|turn|2\n|\n|t:|1661446955\n|switch|p2a: Fairy Eve|Sylveon, F|100\/100\n|move|p1a: Crawdaunt|Crunch|p2a: Fairy Eve\n|-resisted|p2a: Fairy Eve\n|-damage|p2a: Fairy Eve|82\/100\n|\n|-heal|p2a: Fairy Eve|88\/100|[from] item: Leftovers\n|upkeep\n|turn|3\n|\n|t:|1661447000\n|switch|p2a: Ghost Ponny|Spectrier|100\/100\n|switch|p1a: Jirachi|Jirachi, shiny|100\/100\n|\n|upkeep\n|turn|4\n|\n|t:|1661447047\n|move|p2a: Ghost Ponny|Shadow Ball|p1a: Jirachi\n|-supereffective|p1a: Jirachi\n|-damage|p1a: Jirachi|0 fnt\n|faint|p1a: Jirachi\n|-ability|p2a: Ghost Ponny|Grim Neigh|boost\n|-boost|p2a: Ghost Ponny|spa|1\n|\n|upkeep\n|\n|t:|1661447077\n|switch|p1a: Garchomp|Garchomp, F|100\/100\n|turn|5\n|\n|t:|1661447084\n|detailschange|p1a: Garchomp|Garchomp-Mega, F\n|-mega|p1a: Garchomp|Garchomp|Garchompite\n|move|p2a: Ghost Ponny|Shadow Ball|p1a: Garchomp\n|-damage|p1a: Garchomp|3\/100\n|move|p1a: Garchomp|Shadow Claw|p2a: Ghost Ponny\n|-supereffective|p2a: Ghost Ponny\n|-damage|p2a: Ghost Ponny|10\/100\n|\n|upkeep\n|turn|6\n|\n|t:|1661447097\n|move|p2a: Ghost Ponny|Shadow Ball|p1a: Garchomp\n|-damage|p1a: Garchomp|0 fnt\n|faint|p1a: Garchomp\n|-ability|p2a: Ghost Ponny|Grim Neigh|boost\n|-boost|p2a: Ghost Ponny|spa|1\n|\n|upkeep\n|\n|t:|1661447103\n|switch|p1a: Crawdaunt|Crawdaunt, F|64\/100\n|turn|7\n|\n|t:|1661447122\n|switch|p2a: Grass Igel|Shaymin|100\/100\n|move|p1a: Crawdaunt|Aqua Jet|p2a: Grass Igel\n|-resisted|p2a: Grass Igel\n|-crit|p2a: Grass Igel\n|-damage|p2a: Grass Igel|87\/100\n|\n|-heal|p2a: Grass Igel|93\/100|[from] item: Leftovers\n|upkeep\n|turn|8\n|\n|t:|1661447132\n|switch|p1a: Torkoal|Torkoal, M|100\/100\n|move|p2a: Grass Igel|Toxic|p1a: Torkoal\n|-status|p1a: Torkoal|tox\n|\n|-heal|p2a: Grass Igel|99\/100|[from] item: Leftovers\n|-damage|p1a: Torkoal|94\/100 tox|[from] psn\n|upkeep\n|turn|9\n|\n|t:|1661447149\n|switch|p2a: Water Eis|Suicune|100\/100\n|-ability|p2a: Water Eis|Pressure\n|move|p1a: Torkoal|Lava Plume|p2a: Water Eis\n|-resisted|p2a: Water Eis\n|-damage|p2a: Water Eis|92\/100\n|\n|-damage|p1a: Torkoal|82\/100 tox|[from] psn\n|upkeep\n|turn|10\n|\n|t:|1661447159\n|switch|p1a: Rotom|Rotom-Wash|100\/100\n|move|p2a: Water Eis|Toxic|p1a: Rotom\n|-status|p1a: Rotom|tox\n|\n|-damage|p1a: Rotom|94\/100 tox|[from] psn\n|upkeep\n|turn|11\n|\n|t:|1661447171\n|switch|p2a: Grass Igel|Shaymin|99\/100\n|move|p1a: Rotom|Hydro Pump|p2a: Grass Igel\n|-resisted|p2a: Grass Igel\n|-damage|p2a: Grass Igel|83\/100\n|\n|-heal|p2a: Grass Igel|89\/100|[from] item: Leftovers\n|-damage|p1a: Rotom|82\/100 tox|[from] psn\n|upkeep\n|turn|12\n|\n|t:|1661447213\n|move|p2a: Grass Igel|Energy Ball|p1a: Rotom\n|-supereffective|p1a: Rotom\n|-damage|p1a: Rotom|14\/100 tox\n|move|p1a: Rotom|Thunder|p2a: Grass Igel\n|-resisted|p2a: Grass Igel\n|-damage|p2a: Grass Igel|73\/100\n|\n|-heal|p2a: Grass Igel|80\/100|[from] item: Leftovers\n|-damage|p1a: Rotom|0 fnt|[from] psn\n|faint|p1a: Rotom\n|upkeep\n|\n|t:|1661447224\n|switch|p1a: Accelgor|Accelgor, F|100\/100\n|turn|13\n|\n|t:|1661447234\n|switch|p2a: Fairy Eve|Sylveon, F|88\/100\n|move|p1a: Accelgor|Bug Buzz|p2a: Fairy Eve\n|-resisted|p2a: Fairy Eve\n|-damage|p2a: Fairy Eve|67\/100\n|\n|-heal|p2a: Fairy Eve|73\/100|[from] item: Leftovers\n|upkeep\n|turn|14\n|\n|t:|1661447243\n|switch|p1a: Torkoal|Torkoal, M|82\/100 tox\n|move|p2a: Fairy Eve|Hyper Voice|p1a: Torkoal\n|-resisted|p1a: Torkoal\n|-damage|p1a: Torkoal|55\/100 tox\n|\n|-heal|p2a: Fairy Eve|79\/100|[from] item: Leftovers\n|-damage|p1a: Torkoal|48\/100 tox|[from] psn\n|upkeep\n|turn|15\n|\n|t:|1661447253\n|move|p2a: Fairy Eve|Protect|p2a: Fairy Eve\n|-singleturn|p2a: Fairy Eve|Protect\n|move|p1a: Torkoal|Clear Smog|p2a: Fairy Eve\n|-activate|p2a: Fairy Eve|move: Protect\n|\n|-heal|p2a: Fairy Eve|85\/100|[from] item: Leftovers\n|-damage|p1a: Torkoal|36\/100 tox|[from] psn\n|upkeep\n|turn|16\n|\n|t:|1661447265\n|move|p2a: Fairy Eve|Wish|p2a: Fairy Eve\n|move|p1a: Torkoal|Clear Smog|p2a: Fairy Eve\n|-supereffective|p2a: Fairy Eve\n|-damage|p2a: Fairy Eve|70\/100\n|-clearboost|p2a: Fairy Eve\n|\n|-heal|p2a: Fairy Eve|76\/100|[from] item: Leftovers\n|-damage|p1a: Torkoal|18\/100 tox|[from] psn\n|upkeep\n|turn|17\n|\n|t:|1661447287\n|switch|p2a: Water Eis|Suicune|92\/100\n|-ability|p2a: Water Eis|Pressure\n|switch|p1a: Accelgor|Accelgor, F|100\/100\n|\n|-heal|p2a: Water Eis|100\/100|[from] move: Wish|[wisher] Fairy Eve\n|upkeep\n|turn|18\n|\n|t:|1661447298\n|move|p1a: Accelgor|U-turn|p2a: Water Eis\n|-damage|p2a: Water Eis|91\/100\n|-damage|p1a: Accelgor|84\/100|[from] item: Rocky Helmet|[of] p2a: Water Eis\n|\n|t:|1661447313\n|switch|p1a: Crawdaunt|Crawdaunt, F|64\/100|[from]move: U-turn\n|move|p2a: Water Eis|Scald|p1a: Crawdaunt\n|-resisted|p1a: Crawdaunt\n|-damage|p1a: Crawdaunt|49\/100\n|\n|upkeep\n|turn|19\n|\n|t:|1661447324\n|move|p2a: Water Eis|Toxic|p1a: Crawdaunt\n|-status|p1a: Crawdaunt|tox\n|move|p1a: Crawdaunt|Crunch|p2a: Water Eis\n|-damage|p2a: Water Eis|68\/100\n|-damage|p1a: Crawdaunt|32\/100 tox|[from] item: Rocky Helmet|[of] p2a: Water Eis\n|\n|-damage|p1a: Crawdaunt|26\/100 tox|[from] psn\n|upkeep\n|turn|20\n|\n|t:|1661447334\n|move|p2a: Water Eis|Scald|p1a: Crawdaunt\n|-resisted|p1a: Crawdaunt\n|-damage|p1a: Crawdaunt|12\/100 tox\n|move|p1a: Crawdaunt|Crunch|p2a: Water Eis\n|-damage|p2a: Water Eis|44\/100\n|-unboost|p2a: Water Eis|def|1\n|-damage|p1a: Crawdaunt|0 fnt|[from] item: Rocky Helmet|[of] p2a: Water Eis\n|faint|p1a: Crawdaunt\n|\n|upkeep\n|\n|t:|1661447345\n|switch|p1a: Accelgor|Accelgor, F|84\/100\n|turn|21\n|\n|t:|1661447347\n|switch|p2a: Fairy Eve|Sylveon, F|76\/100\n|move|p1a: Accelgor|Sludge Bomb|p2a: Fairy Eve\n|-supereffective|p2a: Fairy Eve\n|-damage|p2a: Fairy Eve|18\/100\n|\n|-heal|p2a: Fairy Eve|24\/100|[from] item: Leftovers\n|upkeep\n|turn|22\n|\n|t:|1661447354\n|move|p2a: Fairy Eve|Protect|p2a: Fairy Eve\n|-singleturn|p2a: Fairy Eve|Protect\n|move|p1a: Accelgor|Sludge Bomb|p2a: Fairy Eve\n|-activate|p2a: Fairy Eve|move: Protect\n|\n|-heal|p2a: Fairy Eve|30\/100|[from] item: Leftovers\n|upkeep\n|turn|23\n|\n|t:|1661447362\n|switch|p2a: Ground Dumbo|Donphan, M|100\/100\n|move|p1a: Accelgor|Sludge Bomb|p2a: Ground Dumbo\n|-resisted|p2a: Ground Dumbo\n|-damage|p2a: Ground Dumbo|69\/100\n|\n|-heal|p2a: Ground Dumbo|75\/100|[from] item: Leftovers\n|upkeep\n|turn|24\n|\n|t:|1661447371\n|switch|p1a: Torkoal|Torkoal, M|18\/100 tox\n|move|p2a: Ground Dumbo|Stealth Rock|p1a: Torkoal\n|-sidestart|p1: CamperJoe|move: Stealth Rock\n|\n|-heal|p2a: Ground Dumbo|81\/100|[from] item: Leftovers\n|-damage|p1a: Torkoal|12\/100 tox|[from] psn\n|upkeep\n|turn|25\n|\n|t:|1661447382\n|move|p2a: Ground Dumbo|Earthquake|p1a: Torkoal\n|-supereffective|p1a: Torkoal\n|-damage|p1a: Torkoal|0 fnt\n|faint|p1a: Torkoal\n|\n|-heal|p2a: Ground Dumbo|87\/100|[from] item: Leftovers\n|upkeep\n|\n|t:|1661447388\n|switch|p1a: Accelgor|Accelgor, F|84\/100\n|-damage|p1a: Accelgor|59\/100|[from] Stealth Rock\n|turn|26\n|\n|t:|1661447399\n|move|p1a: Accelgor|Focus Blast|p2a: Ground Dumbo\n|-damage|p2a: Ground Dumbo|12\/100\n|move|p2a: Ground Dumbo|Knock Off|p1a: Accelgor\n|-damage|p1a: Accelgor|0 fnt\n|-enditem|p1a: Accelgor|Choice Specs|[from] move: Knock Off|[of] p2a: Ground Dumbo\n|faint|p1a: Accelgor\n|\n|win|Rediyu\n|c|\u2606Rediyu|gg\n|c|\u2606CamperJoe|gg\n","uploadtime":1661447410,"views":11,"p1id":"camperjoe","p2id":"rediyu","formatid":"gen8nationaldexag","rating":0,"private":0,"password":null}