{"id":"gen8cap-1694835189","p1":"mummypikachu","p2":"Capital Cruiser","format":"gen8cap","log":"|j|\u2606mummypikachu\n|j|\u203dCapital Cruiser\n|t:|1666734839\n|gametype|singles\n|player|p1|mummypikachu|265|1000\n|player|p2|Capital Cruiser|cheren-gen5bw2|1218\n|teamsize|p1|6\n|teamsize|p2|6\n|gen|8\n|tier|[Gen 8] CAP\n|rated|\n|rule|Sleep Clause Mod: Limit one foe put to sleep\n|rule|Species Clause: Limit one of each Pok\u00e9mon\n|rule|OHKO Clause: OHKO moves are banned\n|rule|Evasion Items Clause: Evasion items are banned\n|rule|Evasion Moves Clause: Evasion moves are banned\n|rule|Endless Battle Clause: Forcing endless battles is banned\n|rule|HP Percentage Mod: HP is shown in percentages\n|rule|Dynamax Clause: You cannot dynamax\n|clearpoke\n|poke|p1|Kitsunoh, M|\n|poke|p1|Miasmaw, F|\n|poke|p1|Saharaja, M|\n|poke|p1|Caribolt, F|\n|poke|p1|Crucibelle, F|\n|poke|p1|Venomicon-Epilogue|\n|poke|p2|Porygon-Z|\n|poke|p2|Venomicon-Epilogue|\n|poke|p2|Swampert, M|\n|poke|p2|Heatran, F|\n|poke|p2|Tapu Fini|\n|poke|p2|Dragapult, F|\n|teampreview\n|inactive|Battle timer is ON: inactive players will automatically lose when time's up. (requested by Capital Cruiser)\n|\n|t:|1666734848\n|start\n|switch|p1a: Saharaja|Saharaja, M|100\/100\n|switch|p2a: Swampert|Swampert, M, shiny|100\/100\n|turn|1\n|\n|t:|1666734857\n|move|p1a: Saharaja|Horn Leech|p2a: Swampert\n|-supereffective|p2a: Swampert\n|-damage|p2a: Swampert|11\/100\n|move|p2a: Swampert|Ice Punch|p1a: Saharaja\n|-supereffective|p1a: Saharaja\n|-damage|p1a: Saharaja|24\/100\n|\n|-heal|p1a: Saharaja|30\/100|[from] item: Leftovers\n|upkeep\n|turn|2\n|\n|t:|1666734868\n|switch|p2a: Dragapult|Dragapult, F, shiny|100\/100\n|move|p1a: Saharaja|Horn Leech|p2a: Dragapult\n|-resisted|p2a: Dragapult\n|-damage|p2a: Dragapult|84\/100\n|-heal|p1a: Saharaja|38\/100|[from] drain|[of] p2a: Dragapult\n|\n|-heal|p1a: Saharaja|44\/100|[from] item: Leftovers\n|upkeep\n|turn|3\n|\n|t:|1666734876\n|move|p2a: Dragapult|Shadow Ball|p1a: Saharaja\n|-damage|p1a: Saharaja|14\/100\n|-unboost|p1a: Saharaja|spd|1\n|move|p1a: Saharaja|Diamond Storm|p2a: Dragapult\n|-crit|p2a: Dragapult\n|-damage|p2a: Dragapult|17\/100\n|\n|-heal|p1a: Saharaja|20\/100|[from] item: Leftovers\n|upkeep\n|turn|4\n|\n|t:|1666734885\n|move|p2a: Dragapult|Shadow Ball|p1a: Saharaja\n|-damage|p1a: Saharaja|0 fnt\n|faint|p1a: Saharaja\n|\n|upkeep\n|\n|t:|1666734892\n|switch|p1a: Crucibelle|Crucibelle, F|100\/100\n|turn|5\n|\n|t:|1666734899\n|switch|p2a: Heatran|Heatran, F, shiny|100\/100\n|move|p1a: Crucibelle|Stealth Rock|p2a: Heatran\n|-sidestart|p2: Capital Cruiser|move: Stealth Rock\n|\n|upkeep\n|turn|6\n|\n|t:|1666734905\n|move|p1a: Crucibelle|U-turn|p2a: Heatran\n|-resisted|p2a: Heatran\n|-damage|p2a: Heatran|95\/100\n|\n|t:|1666734916\n|switch|p1a: Kitsunoh|Kitsunoh, M|100\/100|[from]move: U-turn\n|move|p2a: Heatran|Stealth Rock|p1a: Kitsunoh\n|-sidestart|p1: mummypikachu|move: Stealth Rock\n|\n|upkeep\n|turn|7\n|\n|t:|1666734930\n|move|p1a: Kitsunoh|Knock Off|p2a: Heatran\n|-damage|p2a: Heatran|64\/100\n|-enditem|p2a: Heatran|Iapapa Berry|[from] move: Knock Off|[of] p1a: Kitsunoh\n|-damage|p1a: Kitsunoh|91\/100|[from] item: Life Orb\n|move|p2a: Heatran|Lava Plume|p1a: Kitsunoh\n|-supereffective|p1a: Kitsunoh\n|-damage|p1a: Kitsunoh|0 fnt\n|faint|p1a: Kitsunoh\n|\n|upkeep\n|\n|t:|1666734942\n|switch|p1a: Miasmaw|Miasmaw, F|100\/100\n|-ability|p1a: Miasmaw|Neutralizing Gas\n|-damage|p1a: Miasmaw|76\/100|[from] Stealth Rock\n|turn|8\n|\n|t:|1666734947\n|switch|p2a: Swampert|Swampert, M, shiny|11\/100\n|-damage|p2a: Swampert|5\/100|[from] Stealth Rock\n|move|p1a: Miasmaw|Earthquake|p2a: Swampert\n|-damage|p2a: Swampert|0 fnt\n|faint|p2a: Swampert\n|\n|upkeep\n|\n|t:|1666734962\n|switch|p2a: Venomicon|Venomicon-Epilogue|100\/100\n|-damage|p2a: Venomicon|76\/100|[from] Stealth Rock\n|turn|9\n|\n|t:|1666734972\n|move|p2a: Venomicon|Substitute|p2a: Venomicon\n|-start|p2a: Venomicon|Substitute\n|-damage|p2a: Venomicon|51\/100\n|move|p1a: Miasmaw|U-turn|p2a: Venomicon\n|-resisted|p2a: Venomicon\n|-activate|p2a: Venomicon|move: Substitute|[damage]\n|\n|t:|1666734981\n|-end|p1a: Miasmaw|ability: Neutralizing Gas\n|switch|p1a: Venomicon|Venomicon-Epilogue|100\/100|[from]move: U-turn\n|-damage|p1a: Venomicon|76\/100|[from] Stealth Rock\n|\n|upkeep\n|turn|10\n|\n|t:|1666734990\n|move|p1a: Venomicon|Knock Off|p2a: Venomicon\n|-end|p2a: Venomicon|Substitute\n|move|p2a: Venomicon|Poison Jab|p1a: Venomicon\n|-resisted|p1a: Venomicon\n|-damage|p1a: Venomicon|25\/100\n|\n|upkeep\n|turn|11\n|\n|t:|1666734995\n|move|p2a: Venomicon|Drill Peck|p1a: Venomicon\n|-damage|p1a: Venomicon|0 fnt\n|faint|p1a: Venomicon\n|\n|upkeep\n|\n|t:|1666735008\n|switch|p1a: Crucibelle|Crucibelle, F|100\/100\n|turn|12\n|\n|t:|1666735017\n|switch|p2a: Heatran|Heatran, F, shiny|64\/100\n|-damage|p2a: Heatran|52\/100|[from] Stealth Rock\n|move|p1a: Crucibelle|Iron Head|p2a: Heatran\n|-resisted|p2a: Heatran\n|-damage|p2a: Heatran|46\/100\n|\n|upkeep\n|turn|13\n|\n|t:|1666735027\n|move|p1a: Crucibelle|U-turn|p2a: Heatran\n|-resisted|p2a: Heatran\n|-damage|p2a: Heatran|41\/100\n|\n|t:|1666735032\n|switch|p1a: Caribolt|Caribolt, F|100\/100|[from]move: U-turn\n|-damage|p1a: Caribolt|88\/100|[from] Stealth Rock\n|move|p2a: Heatran|Lava Plume|p1a: Caribolt\n|-supereffective|p1a: Caribolt\n|-damage|p1a: Caribolt|0 fnt\n|faint|p1a: Caribolt\n|\n|upkeep\n|\n|t:|1666735042\n|switch|p1a: Crucibelle|Crucibelle, F|100\/100\n|turn|14\n|\n|t:|1666735057\n|move|p1a: Crucibelle|Iron Head|p2a: Heatran\n|-resisted|p2a: Heatran\n|-damage|p2a: Heatran|36\/100\n|move|p2a: Heatran|Lava Plume|p1a: Crucibelle\n|-resisted|p1a: Crucibelle\n|-damage|p1a: Crucibelle|84\/100\n|\n|upkeep\n|turn|15\n|\n|t:|1666735063\n|move|p1a: Crucibelle|Gunk Shot|p2a: Heatran\n|-immune|p2a: Heatran\n|move|p2a: Heatran|Lava Plume|p1a: Crucibelle\n|-resisted|p1a: Crucibelle\n|-damage|p1a: Crucibelle|67\/100\n|-status|p1a: Crucibelle|brn\n|\n|-damage|p1a: Crucibelle|61\/100 brn|[from] brn\n|upkeep\n|turn|16\n|\n|t:|1666735091\n|move|p1a: Crucibelle|Iron Head|p2a: Heatran\n|-resisted|p2a: Heatran\n|-damage|p2a: Heatran|33\/100\n|cant|p2a: Heatran|flinch\n|\n|-damage|p1a: Crucibelle|55\/100 brn|[from] brn\n|upkeep\n|turn|17\n|inactive|mummypikachu has 120 seconds left.\n|inactive|mummypikachu has 90 seconds left.\n|\n|t:|1666735163\n|move|p1a: Crucibelle|Iron Head|p2a: Heatran\n|-resisted|p2a: Heatran\n|-damage|p2a: Heatran|31\/100\n|cant|p2a: Heatran|flinch\n|\n|-damage|p1a: Crucibelle|49\/100 brn|[from] brn\n|upkeep\n|turn|18\n|\n|t:|1666735167\n|move|p1a: Crucibelle|Iron Head|p2a: Heatran\n|-resisted|p2a: Heatran\n|-damage|p2a: Heatran|28\/100\n|cant|p2a: Heatran|flinch\n|\n|-damage|p1a: Crucibelle|43\/100 brn|[from] brn\n|upkeep\n|turn|19\n|\n|t:|1666735169\n|move|p1a: Crucibelle|Iron Head|p2a: Heatran\n|-resisted|p2a: Heatran\n|-damage|p2a: Heatran|25\/100\n|cant|p2a: Heatran|flinch\n|\n|-damage|p1a: Crucibelle|37\/100 brn|[from] brn\n|upkeep\n|turn|20\n|\n|t:|1666735173\n|move|p1a: Crucibelle|Iron Head|p2a: Heatran\n|-resisted|p2a: Heatran\n|-damage|p2a: Heatran|23\/100\n|cant|p2a: Heatran|flinch\n|\n|-damage|p1a: Crucibelle|31\/100 brn|[from] brn\n|upkeep\n|turn|21\n|\n|t:|1666735176\n|move|p1a: Crucibelle|Iron Head|p2a: Heatran\n|-resisted|p2a: Heatran\n|-damage|p2a: Heatran|20\/100\n|cant|p2a: Heatran|flinch\n|\n|-damage|p1a: Crucibelle|25\/100 brn|[from] brn\n|upkeep\n|turn|22\n|c|\u2606mummypikachu|Oh my goodness\n|inactive|mummypikachu has 120 seconds left.\n|c|\u2606mummypikachu|Im so sorry\n|\n|t:|1666735192\n|move|p1a: Crucibelle|Iron Head|p2a: Heatran\n|-resisted|p2a: Heatran\n|-damage|p2a: Heatran|17\/100\n|move|p2a: Heatran|Lava Plume|p1a: Crucibelle\n|-resisted|p1a: Crucibelle\n|-damage|p1a: Crucibelle|8\/100 brn\n|\n|-damage|p1a: Crucibelle|2\/100 brn|[from] brn\n|upkeep\n|turn|23\n|inactive|mummypikachu has 120 seconds left.\n|\n|t:|1666735198\n|move|p1a: Crucibelle|U-turn|p2a: Heatran\n|-resisted|p2a: Heatran\n|-damage|p2a: Heatran|15\/100\n|\n|t:|1666735201\n|switch|p1a: Miasmaw|Miasmaw, F|76\/100|[from]move: U-turn\n|-ability|p1a: Miasmaw|Neutralizing Gas\n|-damage|p1a: Miasmaw|51\/100|[from] Stealth Rock\n|move|p2a: Heatran|Lava Plume|p1a: Miasmaw\n|-damage|p1a: Miasmaw|25\/100\n|-status|p1a: Miasmaw|brn\n|\n|-damage|p1a: Miasmaw|19\/100 brn|[from] brn\n|upkeep\n|turn|24\n|\n|t:|1666735206\n|move|p1a: Miasmaw|Earthquake|p2a: Heatran\n|-supereffective|p2a: Heatran\n|-damage|p2a: Heatran|0 fnt\n|faint|p2a: Heatran\n|\n|-damage|p1a: Miasmaw|13\/100 brn|[from] brn\n|upkeep\n|\n|t:|1666735209\n|switch|p2a: Porygon-Z|Porygon-Z, shiny|100\/100\n|-damage|p2a: Porygon-Z|88\/100|[from] Stealth Rock\n|turn|25\n|\n|t:|1666735225\n|move|p1a: Miasmaw|Megahorn|p2a: Porygon-Z\n|-damage|p2a: Porygon-Z|41\/100\n|move|p2a: Porygon-Z|Ice Beam|p1a: Miasmaw\n|-supereffective|p1a: Miasmaw\n|-damage|p1a: Miasmaw|0 fnt\n|faint|p1a: Miasmaw\n|-end|p1a: Miasmaw|ability: Neutralizing Gas\n|\n|upkeep\n|\n|t:|1666735229\n|switch|p1a: Crucibelle|Crucibelle, F|35\/100 brn\n|turn|26\n|\n|t:|1666735239\n|move|p2a: Porygon-Z|Ice Beam|p1a: Crucibelle\n|-damage|p1a: Crucibelle|0 fnt\n|faint|p1a: Crucibelle\n|\n|win|Capital Cruiser\n|raw|mummypikachu's rating: 1000 &rarr; <strong>1000<\/strong><br \/>(+0 for losing)\n|raw|Capital Cruiser's rating: 1202 &rarr; <strong>1214<\/strong><br \/>(+12 for winning)\n|l|\u203dCapital Cruiser\n|c|\u2606mummypikachu|Ggs\n","uploadtime":1666735252,"views":15,"p1id":"mummypikachu","p2id":"capitalcruiser","formatid":"gen8cap","rating":1000,"private":0,"password":null}