{"id":"gen8nationaldex-1571131905","p1":"CokoiZ","p2":"Fastpitchkiller","format":"gen8nationaldex","log":"|j|\u2606CokoiZ\n|j|\u2606Fastpitchkiller\n|t:|1652118439\n|gametype|singles\n|player|p1|CokoiZ|265|1499\n|player|p2|Fastpitchkiller|1|1627\n|teamsize|p1|6\n|teamsize|p2|6\n|gen|8\n|tier|[Gen 8] National Dex\n|rated|\n|rule|HP Percentage Mod: HP is shown in percentages\n|rule|Endless Battle Clause: Forcing endless battles is banned\n|rule|OHKO Clause: OHKO moves are banned\n|rule|Evasion Moves Clause: Evasion moves are banned\n|rule|Species Clause: Limit one of each Pok\u00e9mon\n|rule|Dynamax Clause: You cannot dynamax\n|rule|Sleep Clause Mod: Limit one foe put to sleep\n|clearpoke\n|poke|p1|Xurkitree|\n|poke|p1|Altaria, M|\n|poke|p1|Latias, F|\n|poke|p1|Landorus-Therian, M|\n|poke|p1|Magnezone|\n|poke|p1|Haxorus, M|\n|poke|p2|Greninja, M|\n|poke|p2|Zapdos|\n|poke|p2|Mawile, F|\n|poke|p2|Slowbro, F|\n|poke|p2|Tyranitar, F|\n|poke|p2|Kommo-o, M|\n|teampreview\n|inactive|Battle timer is ON: inactive players will automatically lose when time's up. (requested by CokoiZ)\n|\n|t:|1652118459\n|start\n|switch|p1a: Magnezone|Magnezone|100\/100\n|switch|p2a: Greninja|Greninja, M|100\/100\n|turn|1\n|\n|t:|1652118466\n|switch|p2a: Tyranitar|Tyranitar, F|100\/100\n|-weather|Sandstorm|[from] ability: Sand Stream|[of] p2a: Tyranitar\n|move|p1a: Magnezone|Volt Switch|p2a: Tyranitar\n|-damage|p2a: Tyranitar|86\/100\n|\n|t:|1652118478\n|switch|p1a: Xurkitree|Xurkitree|100\/100|[from]move: Volt Switch\n|\n|-weather|Sandstorm|[upkeep]\n|-damage|p1a: Xurkitree|94\/100|[from] Sandstorm\n|-heal|p2a: Tyranitar|92\/100|[from] item: Leftovers\n|upkeep\n|turn|2\n|\n|t:|1652118487\n|move|p1a: Xurkitree|Hypnosis|p2a: Tyranitar\n|-status|p2a: Tyranitar|slp|[from] move: Hypnosis\n|cant|p2a: Tyranitar|slp\n|\n|-weather|Sandstorm|[upkeep]\n|-damage|p1a: Xurkitree|88\/100|[from] Sandstorm\n|-heal|p2a: Tyranitar|99\/100 slp|[from] item: Leftovers\n|upkeep\n|turn|3\n|\n|t:|1652118496\n|switch|p1a: Landorus|Landorus-Therian, M|100\/100\n|-ability|p1a: Landorus|Intimidate|boost\n|-unboost|p2a: Tyranitar|atk|1\n|switch|p2a: Kommo-o|Kommo-o, M|100\/100\n|\n|-weather|Sandstorm|[upkeep]\n|-damage|p2a: Kommo-o|94\/100|[from] Sandstorm\n|upkeep\n|turn|4\n|\n|t:|1652118510\n|move|p2a: Kommo-o|Boomburst|p1a: Landorus\n|-damage|p1a: Landorus|69\/100\n|move|p1a: Landorus|Earthquake|p2a: Kommo-o\n|-damage|p2a: Kommo-o|50\/100\n|\n|-weather|Sandstorm|[upkeep]\n|-damage|p2a: Kommo-o|43\/100|[from] Sandstorm\n|upkeep\n|turn|5\n|\n|t:|1652118519\n|switch|p2a: Slowbro|Slowbro, F|100\/100\n|move|p1a: Landorus|Stealth Rock|p2a: Slowbro\n|-sidestart|p2: Fastpitchkiller|move: Stealth Rock\n|\n|-weather|none\n|upkeep\n|turn|6\n|\n|t:|1652118526\n|move|p1a: Landorus|U-turn|p2a: Slowbro\n|-supereffective|p2a: Slowbro\n|-damage|p2a: Slowbro|73\/100\n|-damage|p1a: Landorus|52\/100|[from] item: Rocky Helmet|[of] p2a: Slowbro\n|\n|t:|1652118533\n|switch|p1a: Magnezone|Magnezone|100\/100|[from]move: U-turn\n|move|p2a: Slowbro|Teleport|p2a: Slowbro\n|\n|t:|1652118539\n|switch|p2a: Kommo-o|Kommo-o, M|43\/100|[from]move: Teleport\n|-damage|p2a: Kommo-o|37\/100|[from] Stealth Rock\n|\n|upkeep\n|turn|7\n|\n|t:|1652118545\n|move|p1a: Magnezone|Flash Cannon|p2a: Kommo-o\n|-damage|p2a: Kommo-o|0 fnt\n|faint|p2a: Kommo-o\n|\n|upkeep\n|\n|t:|1652118552\n|switch|p2a: Zapdos|Zapdos|100\/100\n|turn|8\n|\n|t:|1652118566\n|switch|p1a: Haxorus|Haxorus, M|100\/100\n|-ability|p1a: Haxorus|Mold Breaker\n|move|p2a: Zapdos|Heat Wave|p1a: Haxorus\n|-resisted|p1a: Haxorus\n|-damage|p1a: Haxorus|78\/100\n|\n|upkeep\n|turn|9\n|\n|t:|1652118579\n|move|p1a: Haxorus|Dragon Dance|p1a: Haxorus\n|-boost|p1a: Haxorus|atk|1\n|-boost|p1a: Haxorus|spe|1\n|move|p2a: Zapdos|Defog|p1a: Haxorus\n|-unboost|p1a: Haxorus|evasion|1\n|-sideend|p2: Fastpitchkiller|Stealth Rock|[from] move: Defog|[of] p2a: Zapdos\n|\n|upkeep\n|turn|10\n|\n|t:|1652118586\n|switch|p2a: Slowbro|Slowbro, F|100\/100\n|move|p1a: Haxorus|Dragon Claw|p2a: Slowbro\n|-damage|p2a: Slowbro|55\/100\n|-damage|p1a: Haxorus|62\/100|[from] item: Rocky Helmet|[of] p2a: Slowbro\n|\n|upkeep\n|turn|11\n|\n|t:|1652118594\n|move|p1a: Haxorus|Dragon Dance|p1a: Haxorus\n|-boost|p1a: Haxorus|atk|1\n|-boost|p1a: Haxorus|spe|1\n|move|p2a: Slowbro|Scald|p1a: Haxorus\n|-resisted|p1a: Haxorus\n|-damage|p1a: Haxorus|41\/100\n|\n|upkeep\n|turn|12\n|\n|t:|1652118602\n|move|p1a: Haxorus|Dragon Claw|p2a: Slowbro\n|-damage|p2a: Slowbro|0 fnt\n|-damage|p1a: Haxorus|25\/100|[from] item: Rocky Helmet|[of] p2a: Slowbro\n|faint|p2a: Slowbro\n|\n|upkeep\n|\n|t:|1652118609\n|switch|p2a: Greninja|Greninja, M|100\/100\n|turn|13\n|\n|t:|1652118614\n|move|p2a: Greninja|Water Shuriken|p1a: Haxorus\n|-resisted|p1a: Haxorus\n|-damage|p1a: Haxorus|18\/100\n|-resisted|p1a: Haxorus\n|-damage|p1a: Haxorus|9\/100\n|-resisted|p1a: Haxorus\n|-damage|p1a: Haxorus|1\/100\n|-resisted|p1a: Haxorus\n|-damage|p1a: Haxorus|0 fnt\n|faint|p1a: Haxorus\n|-activate|p2a: Greninja|ability: Battle Bond\n|detailschange|p2a: Greninja|Greninja-Ash, M\n|-hitcount|p1: Haxorus|4\n|\n|upkeep\n|\n|t:|1652118622\n|switch|p1a: Magnezone|Magnezone|100\/100\n|turn|14\n|\n|t:|1652118628\n|switch|p2a: Tyranitar|Tyranitar, F|99\/100 slp\n|-weather|Sandstorm|[from] ability: Sand Stream|[of] p2a: Tyranitar\n|move|p1a: Magnezone|Volt Switch|p2a: Tyranitar\n|-damage|p2a: Tyranitar|83\/100 slp\n|\n|t:|1652118632\n|switch|p1a: Altaria|Altaria, M|100\/100|[from]move: Volt Switch\n|\n|-weather|Sandstorm|[upkeep]\n|-damage|p1a: Altaria|94\/100|[from] Sandstorm\n|-heal|p2a: Tyranitar|90\/100 slp|[from] item: Leftovers\n|upkeep\n|turn|15\n|\n|t:|1652118642\n|switch|p2a: Mawile|Mawile, F|100\/100\n|-ability|p2a: Mawile|Intimidate|boost\n|-unboost|p1a: Altaria|atk|1\n|detailschange|p1a: Altaria|Altaria-Mega, M\n|-mega|p1a: Altaria|Altaria|Altarianite\n|move|p1a: Altaria|Dragon Dance|p1a: Altaria\n|-boost|p1a: Altaria|atk|1\n|-boost|p1a: Altaria|spe|1\n|\n|-weather|Sandstorm|[upkeep]\n|-damage|p1a: Altaria|88\/100|[from] Sandstorm\n|upkeep\n|turn|16\n|\n|t:|1652118655\n|detailschange|p2a: Mawile|Mawile-Mega, F\n|-mega|p2a: Mawile|Mawile|Mawilite\n|move|p1a: Altaria|Fire Blast|p2a: Mawile\n|-supereffective|p2a: Mawile\n|-damage|p2a: Mawile|22\/100\n|move|p2a: Mawile|Knock Off|p1a: Altaria\n|-resisted|p1a: Altaria\n|-damage|p1a: Altaria|66\/100\n|\n|-weather|Sandstorm|[upkeep]\n|-damage|p1a: Altaria|60\/100|[from] Sandstorm\n|upkeep\n|turn|17\n|\n|t:|1652118666\n|move|p1a: Altaria|Earthquake|p2a: Mawile\n|-supereffective|p2a: Mawile\n|-damage|p2a: Mawile|0 fnt\n|faint|p2a: Mawile\n|\n|-weather|Sandstorm|[upkeep]\n|-damage|p1a: Altaria|54\/100|[from] Sandstorm\n|upkeep\n|\n|t:|1652118675\n|switch|p2a: Zapdos|Zapdos|100\/100\n|turn|18\n|\n|t:|1652118686\n|move|p1a: Altaria|Body Slam|p2a: Zapdos\n|-damage|p2a: Zapdos|64\/100\n|move|p2a: Zapdos|Heat Wave|p1a: Altaria\n|-resisted|p1a: Altaria\n|-damage|p1a: Altaria|36\/100\n|\n|-weather|none\n|upkeep\n|turn|19\n|\n|t:|1652118695\n|move|p1a: Altaria|Body Slam|p2a: Zapdos\n|-damage|p2a: Zapdos|31\/100\n|-status|p1a: Altaria|par|[from] ability: Static|[of] p2a: Zapdos\n|move|p2a: Zapdos|Heat Wave|p1a: Altaria\n|-resisted|p1a: Altaria\n|-damage|p1a: Altaria|20\/100 par\n|\n|upkeep\n|turn|20\n|\n|t:|1652118704\n|move|p2a: Zapdos|Roost|p2a: Zapdos\n|-heal|p2a: Zapdos|81\/100\n|-singleturn|p2a: Zapdos|move: Roost\n|move|p1a: Altaria|Body Slam|p2a: Zapdos\n|-crit|p2a: Zapdos\n|-damage|p2a: Zapdos|31\/100\n|\n|upkeep\n|turn|21\n|\n|t:|1652118712\n|move|p2a: Zapdos|Roost|p2a: Zapdos\n|-heal|p2a: Zapdos|81\/100\n|-singleturn|p2a: Zapdos|move: Roost\n|move|p1a: Altaria|Earthquake|p2a: Zapdos\n|-supereffective|p2a: Zapdos\n|-damage|p2a: Zapdos|37\/100\n|\n|upkeep\n|turn|22\n|\n|t:|1652118723\n|move|p2a: Zapdos|Roost|p2a: Zapdos\n|-heal|p2a: Zapdos|87\/100\n|-singleturn|p2a: Zapdos|move: Roost\n|move|p1a: Altaria|Dragon Dance|p1a: Altaria\n|-boost|p1a: Altaria|atk|1\n|-boost|p1a: Altaria|spe|1\n|\n|upkeep\n|turn|23\n|\n|t:|1652118733\n|cant|p1a: Altaria|par\n|move|p2a: Zapdos|Heat Wave|p1a: Altaria\n|-resisted|p1a: Altaria\n|-damage|p1a: Altaria|4\/100 par\n|\n|upkeep\n|turn|24\n|\n|t:|1652118741\n|switch|p2a: Tyranitar|Tyranitar, F|90\/100 slp\n|-weather|Sandstorm|[from] ability: Sand Stream|[of] p2a: Tyranitar\n|move|p1a: Altaria|Body Slam|p2a: Tyranitar\n|-supereffective|p2a: Tyranitar\n|-damage|p2a: Tyranitar|0 fnt\n|faint|p2a: Tyranitar\n|\n|-weather|Sandstorm|[upkeep]\n|-damage|p1a: Altaria|0 fnt|[from] Sandstorm\n|faint|p1a: Altaria\n|upkeep\n|\n|t:|1652118758\n|switch|p1a: Magnezone|Magnezone|100\/100\n|switch|p2a: Greninja|Greninja-Ash, M|100\/100\n|turn|25\n|\n|t:|1652118765\n|move|p2a: Greninja|Hydro Pump|p1a: Magnezone|[miss]\n|-miss|p2a: Greninja|p1a: Magnezone\n|move|p1a: Magnezone|Volt Switch|p2a: Greninja\n|-supereffective|p2a: Greninja\n|-damage|p2a: Greninja|0 fnt\n|faint|p2a: Greninja\n|-message|Fastpitchkiller forfeited.\n|\n|win|CokoiZ\n|raw|CokoiZ's rating: 1499 &rarr; <strong>1526<\/strong><br \/>(+27 for winning)\n|raw|Fastpitchkiller's rating: 1627 &rarr; <strong>1600<\/strong><br \/>(-27 for losing)\n|l|\u2606Fastpitchkiller\n","uploadtime":1652118781,"views":7,"p1id":"cokoiz","p2id":"fastpitchkiller","formatid":"gen8nationaldex","rating":1526,"private":0,"password":null}