{"id":"gen8ou-1402425348","p1":"fosdfo","p2":"korean eboy","format":"gen8ou","log":"|j|\u2606fosdfo\n|j|\u203dkorean eboy\n|t:|1629753763\n|gametype|singles\n|player|p1|fosdfo|1|1520\n|player|p2|korean eboy|veteranf|1520\n|teamsize|p1|6\n|teamsize|p2|6\n|gen|8\n|tier|[Gen 8] OU\n|rated|\n|rule|Sleep Clause Mod: Limit one foe put to sleep\n|rule|Species Clause: Limit one of each Pok\u00e9mon\n|rule|OHKO Clause: OHKO moves are banned\n|rule|Evasion Moves Clause: Evasion moves are banned\n|rule|Endless Battle Clause: Forcing endless battles is banned\n|rule|HP Percentage Mod: HP is shown in percentages\n|rule|Dynamax Clause: You cannot dynamax\n|clearpoke\n|poke|p1|Landorus-Therian, M|\n|poke|p1|Tapu Fini|\n|poke|p1|Magnezone|\n|poke|p1|Melmetal|\n|poke|p1|Tapu Lele|\n|poke|p1|Blacephalon|\n|poke|p2|Melmetal|\n|poke|p2|Zapdos|\n|poke|p2|Garchomp, M|\n|poke|p2|Tapu Fini|\n|poke|p2|Buzzwole|\n|poke|p2|Kartana|\n|teampreview\n|inactive|Battle timer is ON: inactive players will automatically lose when time's up. (requested by fosdfo)\n|j| rougailsaucisse\n|\n|t:|1629753771\n|start\n|switch|p1a: Blacephalon|Blacephalon|100\/100\n|switch|p2a: Garchomp|Garchomp, M|100\/100\n|turn|1\n|\n|t:|1629753776\n|switch|p1a: Tapu Fini|Tapu Fini|100\/100\n|-fieldstart|move: Misty Terrain|[from] ability: Misty Surge|[of] p1a: Tapu Fini\n|move|p2a: Garchomp|Earthquake|p1a: Tapu Fini\n|-damage|p1a: Tapu Fini|64\/100\n|-damage|p2a: Garchomp|91\/100|[from] item: Life Orb\n|\n|-heal|p1a: Tapu Fini|70\/100|[from] item: Leftovers\n|upkeep\n|turn|2\n|\n|t:|1629753784\n|switch|p2a: Melmetal|Melmetal|100\/100\n|move|p1a: Tapu Fini|Moonblast|p2a: Melmetal\n|-resisted|p2a: Melmetal\n|-damage|p2a: Melmetal|89\/100\n|\n|-heal|p1a: Tapu Fini|76\/100|[from] item: Leftovers\n|upkeep\n|turn|3\n|\n|t:|1629753797\n|switch|p1a: Magnezone|Magnezone|100\/100\n|move|p2a: Melmetal|Double Iron Bash|p1a: Magnezone\n|-resisted|p1a: Magnezone\n|-damage|p1a: Magnezone|92\/100\n|-resisted|p1a: Magnezone\n|-damage|p1a: Magnezone|84\/100\n|-hitcount|p1a: Magnezone|2\n|\n|-heal|p1a: Magnezone|90\/100|[from] item: Leftovers\n|upkeep\n|turn|4\n|\n|t:|1629753810\n|switch|p1a: Landorus|Landorus-Therian, M|100\/100\n|-ability|p1a: Landorus|Intimidate|boost\n|-unboost|p2a: Melmetal|atk|1\n|move|p2a: Melmetal|Double Iron Bash|p1a: Landorus\n|-damage|p1a: Landorus|71\/100\n|-damage|p1a: Landorus|38\/100\n|-hitcount|p1a: Landorus|2\n|\n|-heal|p1a: Landorus|45\/100|[from] item: Leftovers\n|upkeep\n|turn|5\n|\n|t:|1629753816\n|move|p1a: Landorus|U-turn|p2a: Melmetal\n|-resisted|p2a: Melmetal\n|-damage|p2a: Melmetal|82\/100\n|\n|t:|1629753837\n|switch|p1a: Magnezone|Magnezone|90\/100|[from]move: U-turn\n|move|p2a: Melmetal|Double Iron Bash|p1a: Magnezone\n|-resisted|p1a: Magnezone\n|-damage|p1a: Magnezone|85\/100\n|-resisted|p1a: Magnezone\n|-damage|p1a: Magnezone|80\/100\n|-hitcount|p1a: Magnezone|2\n|\n|-heal|p1a: Magnezone|86\/100|[from] item: Leftovers\n|-fieldend|Misty Terrain\n|upkeep\n|turn|6\n|\n|t:|1629753849\n|move|p1a: Magnezone|Substitute|p1a: Magnezone\n|-start|p1a: Magnezone|Substitute\n|-damage|p1a: Magnezone|61\/100\n|move|p2a: Melmetal|Double Iron Bash|p1a: Magnezone\n|-resisted|p1a: Magnezone\n|-activate|p1a: Magnezone|move: Substitute|[damage]\n|-resisted|p1a: Magnezone\n|-activate|p1a: Magnezone|move: Substitute|[damage]\n|-hitcount|p1a: Magnezone|2\n|\n|-heal|p1a: Magnezone|67\/100|[from] item: Leftovers\n|upkeep\n|turn|7\n|\n|t:|1629753858\n|move|p1a: Magnezone|Iron Defense|p1a: Magnezone\n|-boost|p1a: Magnezone|def|2\n|move|p2a: Melmetal|Superpower|p1a: Magnezone\n|-supereffective|p1a: Magnezone\n|-end|p1a: Magnezone|Substitute\n|-unboost|p2a: Melmetal|atk|1\n|-unboost|p2a: Melmetal|def|1\n|\n|-heal|p1a: Magnezone|73\/100|[from] item: Leftovers\n|upkeep\n|turn|8\n|\n|t:|1629753870\n|move|p1a: Magnezone|Iron Defense|p1a: Magnezone\n|-boost|p1a: Magnezone|def|2\n|move|p2a: Melmetal|Superpower|p1a: Magnezone\n|-supereffective|p1a: Magnezone\n|-damage|p1a: Magnezone|61\/100\n|-unboost|p2a: Melmetal|atk|1\n|-unboost|p2a: Melmetal|def|1\n|\n|-heal|p1a: Magnezone|67\/100|[from] item: Leftovers\n|upkeep\n|turn|9\n|\n|t:|1629753873\n|move|p1a: Magnezone|Substitute|p1a: Magnezone\n|-start|p1a: Magnezone|Substitute\n|-damage|p1a: Magnezone|42\/100\n|move|p2a: Melmetal|Superpower|p1a: Magnezone\n|-supereffective|p1a: Magnezone\n|-activate|p1a: Magnezone|move: Substitute|[damage]\n|-unboost|p2a: Melmetal|atk|1\n|-unboost|p2a: Melmetal|def|1\n|\n|-heal|p1a: Magnezone|48\/100|[from] item: Leftovers\n|upkeep\n|turn|10\n|\n|t:|1629753875\n|move|p1a: Magnezone|Iron Defense|p1a: Magnezone\n|-boost|p1a: Magnezone|def|2\n|move|p2a: Melmetal|Superpower|p1a: Magnezone\n|-supereffective|p1a: Magnezone\n|-crit|p1a: Magnezone\n|-end|p1a: Magnezone|Substitute\n|-unboost|p2a: Melmetal|atk|1\n|-unboost|p2a: Melmetal|def|1\n|\n|-heal|p1a: Magnezone|54\/100|[from] item: Leftovers\n|upkeep\n|turn|11\n|\n|t:|1629753895\n|move|p1a: Magnezone|Substitute|p1a: Magnezone\n|-start|p1a: Magnezone|Substitute\n|-damage|p1a: Magnezone|29\/100\n|move|p2a: Melmetal|Superpower|p1a: Magnezone\n|-supereffective|p1a: Magnezone\n|-activate|p1a: Magnezone|move: Substitute|[damage]\n|-unboost|p2a: Melmetal|atk|1\n|-unboost|p2a: Melmetal|def|1\n|\n|-heal|p1a: Magnezone|35\/100|[from] item: Leftovers\n|upkeep\n|turn|12\n|\n|t:|1629753903\n|move|p1a: Magnezone|Body Press|p2a: Melmetal\n|-supereffective|p2a: Melmetal\n|-damage|p2a: Melmetal|0 fnt\n|faint|p2a: Melmetal\n|\n|-heal|p1a: Magnezone|41\/100|[from] item: Leftovers\n|upkeep\n|\n|t:|1629753918\n|switch|p2a: Garchomp|Garchomp, M|91\/100\n|turn|13\n|\n|t:|1629753932\n|move|p2a: Garchomp|Earthquake|p1a: Magnezone\n|-supereffective|p1a: Magnezone\n|-end|p1a: Magnezone|Substitute\n|-damage|p2a: Garchomp|81\/100|[from] item: Life Orb\n|move|p1a: Magnezone|Body Press|p2a: Garchomp\n|-damage|p2a: Garchomp|0 fnt\n|-damage|p1a: Magnezone|29\/100|[from] ability: Rough Skin|[of] p2a: Garchomp\n|faint|p2a: Garchomp\n|\n|-heal|p1a: Magnezone|35\/100|[from] item: Leftovers\n|upkeep\n|\n|t:|1629753944\n|switch|p2a: Kartana|Kartana|100\/100\n|turn|14\n|inactive|fosdfo has 120 seconds left.\n|\n|t:|1629753986\n|move|p2a: Kartana|Sacred Sword|p1a: Magnezone\n|-supereffective|p1a: Magnezone\n|-damage|p1a: Magnezone|0 fnt\n|faint|p1a: Magnezone\n|-ability|p2a: Kartana|Beast Boost|boost\n|-boost|p2a: Kartana|atk|1\n|\n|upkeep\n|\n|t:|1629754007\n|switch|p1a: Tapu Lele|Tapu Lele|100\/100\n|-fieldstart|move: Psychic Terrain|[from] ability: Psychic Surge|[of] p1a: Tapu Lele\n|turn|15\n|\n|t:|1629754017\n|switch|p2a: Tapu Fini|Tapu Fini, shiny|100\/100\n|-fieldstart|move: Misty Terrain|[from] ability: Misty Surge|[of] p2a: Tapu Fini\n|move|p1a: Tapu Lele|Psychic|p2a: Tapu Fini\n|-crit|p2a: Tapu Fini\n|-damage|p2a: Tapu Fini|18\/100\n|\n|-heal|p2a: Tapu Fini|24\/100|[from] item: Leftovers\n|upkeep\n|turn|16\n|\n|t:|1629754025\n|move|p1a: Tapu Lele|Psychic|p2a: Tapu Fini\n|-damage|p2a: Tapu Fini|0 fnt\n|faint|p2a: Tapu Fini\n|\n|upkeep\n|\n|t:|1629754055\n|switch|p2a: Kartana|Kartana|100\/100\n|turn|17\n|l| rougailsaucisse\n|\n|t:|1629754063\n|switch|p1a: Landorus|Landorus-Therian, M|45\/100\n|-ability|p1a: Landorus|Intimidate|boost\n|-unboost|p2a: Kartana|atk|1\n|-enditem|p2a: Kartana|Adrenaline Orb\n|-boost|p2a: Kartana|spe|1|[from] item: Adrenaline Orb\n|move|p2a: Kartana|Leaf Blade|p1a: Landorus\n|-damage|p1a: Landorus|7\/100\n|\n|-heal|p1a: Landorus|13\/100|[from] item: Leftovers\n|upkeep\n|turn|18\n|\n|t:|1629754071\n|switch|p1a: Melmetal|Melmetal|100\/100\n|move|p2a: Kartana|Swords Dance|p2a: Kartana\n|-boost|p2a: Kartana|atk|2\n|\n|upkeep\n|turn|19\n|\n|t:|1629754074\n|move|p2a: Kartana|Sacred Sword|p1a: Melmetal\n|-supereffective|p1a: Melmetal\n|-damage|p1a: Melmetal|27\/100\n|move|p1a: Melmetal|Earthquake|p2a: Kartana\n|-damage|p2a: Kartana|60\/100\n|\n|-fieldend|Misty Terrain\n|upkeep\n|turn|20\n|\n|t:|1629754077\n|move|p2a: Kartana|Sacred Sword|p1a: Melmetal\n|-supereffective|p1a: Melmetal\n|-damage|p1a: Melmetal|0 fnt\n|faint|p1a: Melmetal\n|-ability|p2a: Kartana|Beast Boost|boost\n|-boost|p2a: Kartana|atk|1\n|\n|upkeep\n|c|\u2606fosdfo|gg\n|-message|fosdfo forfeited.\n|\n|win|korean eboy\n|raw|fosdfo's rating: 1539 &rarr; <strong>1518<\/strong><br \/>(-21 for losing)\n|raw|korean eboy's rating: 1520 &rarr; <strong>1541<\/strong><br \/>(+21 for winning)\n|l|\u2606fosdfo\n","uploadtime":1629754088,"views":113,"p1id":"fosdfo","p2id":"koreaneboy","formatid":"gen8ou","rating":1518,"private":0,"password":null}