{"id":"gen8nationaldex-1536557263","p1":"Hoenn Militian","p2":"fishy8995","format":"gen8nationaldex","log":"|j|\u2606Hoenn Militian\n|j|\u2606fishy8995\n|t:|1647994314\n|gametype|singles\n|player|p1|Hoenn Militian|ingo|1569\n|player|p2|fishy8995|102|1570\n|teamsize|p1|6\n|teamsize|p2|6\n|gen|8\n|tier|[Gen 8] National Dex\n|rated|\n|rule|HP Percentage Mod: HP is shown in percentages\n|rule|Endless Battle Clause: Forcing endless battles is banned\n|rule|OHKO Clause: OHKO moves are banned\n|rule|Evasion Moves Clause: Evasion moves are banned\n|rule|Species Clause: Limit one of each Pok\u00e9mon\n|rule|Dynamax Clause: You cannot dynamax\n|rule|Sleep Clause Mod: Limit one foe put to sleep\n|clearpoke\n|poke|p1|Blissey, F|\n|poke|p1|Ditto|\n|poke|p1|Lopunny, F|\n|poke|p1|Toxapex, F|\n|poke|p1|Aggron, F|\n|poke|p1|Ferrothorn, F|\n|poke|p2|Hippowdon, M|\n|poke|p2|Tyranitar, F|\n|poke|p2|Excadrill, M|\n|poke|p2|Yanmega, M|\n|poke|p2|Toxapex, F|\n|poke|p2|Dracozolt|\n|teampreview\n|\n|t:|1647994326\n|start\n|switch|p1a: Aggron|Aggron, F|100\/100\n|switch|p2a: Tyranitar|Tyranitar, F|100\/100\n|-weather|Sandstorm|[from] ability: Sand Stream|[of] p2a: Tyranitar\n|turn|1\n|\n|t:|1647994339\n|switch|p2a: Hippowdon|Hippowdon, M|100\/100\n|detailschange|p1a: Aggron|Aggron-Mega, F\n|-mega|p1a: Aggron|Aggron|Aggronite\n|move|p1a: Aggron|Iron Defense|p1a: Aggron\n|-boost|p1a: Aggron|def|2\n|\n|-weather|Sandstorm|[upkeep]\n|upkeep\n|turn|2\n|\n|t:|1647994351\n|move|p1a: Aggron|Iron Defense|p1a: Aggron\n|-boost|p1a: Aggron|def|2\n|move|p2a: Hippowdon|Stealth Rock|p1a: Aggron\n|-sidestart|p1: Hoenn Militian|move: Stealth Rock\n|\n|-weather|Sandstorm|[upkeep]\n|upkeep\n|turn|3\n|\n|t:|1647994357\n|move|p1a: Aggron|Body Press|p2a: Hippowdon\n|-damage|p2a: Hippowdon|25\/100\n|move|p2a: Hippowdon|Roar|p1a: Aggron\n|drag|p1a: Ditto|Ditto|100\/100\n|-damage|p1a: Ditto|88\/100|[from] Stealth Rock\n|-transform|p1a: Ditto|p2a: Hippowdon|[from] ability: Imposter\n|\n|-weather|Sandstorm|[upkeep]\n|upkeep\n|turn|4\n|\n|t:|1647994368\n|switch|p1a: Aggron|Aggron-Mega, F|100\/100\n|-damage|p1a: Aggron|94\/100|[from] Stealth Rock\n|move|p2a: Hippowdon|Toxic|p1a: Aggron\n|-immune|p1a: Aggron\n|\n|-weather|Sandstorm|[upkeep]\n|upkeep\n|turn|5\n|\n|t:|1647994379\n|move|p1a: Aggron|Body Press|p2a: Hippowdon\n|-damage|p2a: Hippowdon|1\/100\n|move|p2a: Hippowdon|Slack Off|p2a: Hippowdon\n|-heal|p2a: Hippowdon|51\/100\n|\n|-weather|none\n|upkeep\n|turn|6\n|\n|t:|1647994387\n|move|p1a: Aggron|Iron Defense|p1a: Aggron\n|-boost|p1a: Aggron|def|2\n|move|p2a: Hippowdon|Slack Off|p2a: Hippowdon\n|-heal|p2a: Hippowdon|100\/100\n|\n|upkeep\n|turn|7\n|\n|t:|1647994394\n|move|p1a: Aggron|Body Press|p2a: Hippowdon\n|-damage|p2a: Hippowdon|48\/100\n|move|p2a: Hippowdon|Roar|p1a: Aggron\n|drag|p1a: Blissey|Blissey, F|100\/100\n|\n|upkeep\n|turn|8\n|\n|t:|1647994401\n|switch|p2a: Tyranitar|Tyranitar, F|100\/100\n|-weather|Sandstorm|[from] ability: Sand Stream|[of] p2a: Tyranitar\n|move|p1a: Blissey|Stealth Rock|p2a: Tyranitar\n|-sidestart|p2: fishy8995|move: Stealth Rock\n|\n|-weather|Sandstorm|[upkeep]\n|-damage|p1a: Blissey|94\/100|[from] Sandstorm\n|upkeep\n|turn|9\n|\n|t:|1647994410\n|switch|p1a: Ferrothorn|Ferrothorn, F|100\/100\n|-damage|p1a: Ferrothorn|94\/100|[from] Stealth Rock\n|detailschange|p2a: Tyranitar|Tyranitar-Mega, F\n|-mega|p2a: Tyranitar|Tyranitar|Tyranitarite\n|move|p2a: Tyranitar|Dragon Dance|p2a: Tyranitar\n|-boost|p2a: Tyranitar|atk|1\n|-boost|p2a: Tyranitar|spe|1\n|\n|-weather|Sandstorm|[upkeep]\n|-heal|p1a: Ferrothorn|100\/100|[from] item: Leftovers\n|upkeep\n|turn|10\n|\n|t:|1647994422\n|move|p2a: Tyranitar|Fire Punch|p1a: Ferrothorn\n|-supereffective|p1a: Ferrothorn\n|-damage|p1a: Ferrothorn|0 fnt\n|-damage|p2a: Tyranitar|88\/100|[from] ability: Iron Barbs|[of] p1a: Ferrothorn\n|faint|p1a: Ferrothorn\n|\n|-weather|Sandstorm|[upkeep]\n|upkeep\n|\n|t:|1647994428\n|switch|p1a: Aggron|Aggron-Mega, F|94\/100\n|-damage|p1a: Aggron|88\/100|[from] Stealth Rock\n|turn|11\n|inactive|Battle timer is ON: inactive players will automatically lose when time's up. (requested by Hoenn Militian)\n|\n|t:|1647994447\n|switch|p2a: Hippowdon|Hippowdon, M|48\/100\n|-damage|p2a: Hippowdon|42\/100|[from] Stealth Rock\n|move|p1a: Aggron|Body Press|p2a: Hippowdon\n|-damage|p2a: Hippowdon|18\/100\n|\n|-weather|Sandstorm|[upkeep]\n|upkeep\n|turn|12\n|\n|t:|1647994472\n|switch|p2a: Toxapex|Toxapex, F|100\/100\n|-damage|p2a: Toxapex|88\/100|[from] Stealth Rock\n|move|p1a: Aggron|Body Press|p2a: Toxapex\n|-resisted|p2a: Toxapex\n|-damage|p2a: Toxapex|69\/100\n|\n|-weather|none\n|-heal|p2a: Toxapex|75\/100|[from] item: Black Sludge\n|upkeep\n|turn|13\n|\n|t:|1647994481\n|switch|p1a: Lopunny|Lopunny, F|100\/100\n|-damage|p1a: Lopunny|88\/100|[from] Stealth Rock\n|move|p2a: Toxapex|Stockpile|p2a: Toxapex\n|-start|p2a: Toxapex|stockpile1\n|-boost|p2a: Toxapex|def|1\n|-boost|p2a: Toxapex|spd|1\n|\n|-heal|p2a: Toxapex|81\/100|[from] item: Black Sludge\n|upkeep\n|turn|14\n|\n|t:|1647994491\n|move|p1a: Lopunny|Switcheroo|p2a: Toxapex\n|-activate|p1a: Lopunny|move: Trick|[of] p2a: Toxapex\n|-item|p2a: Toxapex|Assault Vest|[from] move: Switcheroo\n|-item|p1a: Lopunny|Black Sludge|[from] move: Switcheroo\n|move|p2a: Toxapex|Toxic|p1a: Lopunny\n|-status|p1a: Lopunny|tox\n|\n|-damage|p1a: Lopunny|82\/100 tox|[from] psn\n|upkeep\n|turn|15\n|\n|t:|1647994498\n|move|p1a: Lopunny|U-turn|p2a: Toxapex\n|-resisted|p2a: Toxapex\n|-damage|p2a: Toxapex|78\/100\n|\n|t:|1647994506\n|switch|p1a: Toxapex|Toxapex, F|100\/100|[from]move: U-turn\n|-damage|p1a: Toxapex|88\/100|[from] Stealth Rock\n|move|p2a: Toxapex|Scald|p1a: Toxapex\n|-resisted|p1a: Toxapex\n|-damage|p1a: Toxapex|82\/100\n|\n|upkeep\n|turn|16\n|\n|t:|1647994520\n|switch|p2a: Hippowdon|Hippowdon, M|18\/100\n|-damage|p2a: Hippowdon|11\/100|[from] Stealth Rock\n|-weather|Sandstorm|[from] ability: Sand Stream|[of] p2a: Hippowdon\n|move|p1a: Toxapex|Toxic Spikes|p2a: Hippowdon\n|-sidestart|p2: fishy8995|move: Toxic Spikes\n|\n|-weather|Sandstorm|[upkeep]\n|-damage|p1a: Toxapex|75\/100|[from] Sandstorm\n|upkeep\n|turn|17\n|\n|t:|1647994528\n|move|p2a: Hippowdon|Slack Off|p2a: Hippowdon\n|-heal|p2a: Hippowdon|61\/100\n|move|p1a: Toxapex|Scald|p2a: Hippowdon\n|-supereffective|p2a: Hippowdon\n|-damage|p2a: Hippowdon|29\/100\n|-status|p2a: Hippowdon|brn\n|\n|-weather|Sandstorm|[upkeep]\n|-damage|p1a: Toxapex|69\/100|[from] Sandstorm\n|-damage|p2a: Hippowdon|22\/100 brn|[from] brn\n|upkeep\n|turn|18\n|\n|t:|1647994539\n|move|p2a: Hippowdon|Slack Off|p2a: Hippowdon\n|-heal|p2a: Hippowdon|72\/100 brn\n|move|p1a: Toxapex|Recover|p1a: Toxapex\n|-heal|p1a: Toxapex|100\/100\n|\n|-weather|Sandstorm|[upkeep]\n|-damage|p1a: Toxapex|94\/100|[from] Sandstorm\n|-damage|p2a: Hippowdon|66\/100 brn|[from] brn\n|upkeep\n|turn|19\n|\n|t:|1647994549\n|move|p2a: Hippowdon|Slack Off|p2a: Hippowdon\n|-heal|p2a: Hippowdon|100\/100 brn\n|move|p1a: Toxapex|Scald|p2a: Hippowdon\n|-supereffective|p2a: Hippowdon\n|-damage|p2a: Hippowdon|67\/100 brn\n|\n|-weather|Sandstorm|[upkeep]\n|-damage|p1a: Toxapex|88\/100|[from] Sandstorm\n|-damage|p2a: Hippowdon|61\/100 brn|[from] brn\n|upkeep\n|turn|20\n|\n|t:|1647994562\n|move|p2a: Hippowdon|Slack Off|p2a: Hippowdon\n|-heal|p2a: Hippowdon|100\/100 brn\n|move|p1a: Toxapex|Scald|p2a: Hippowdon\n|-supereffective|p2a: Hippowdon\n|-damage|p2a: Hippowdon|66\/100 brn\n|\n|-weather|Sandstorm|[upkeep]\n|-damage|p1a: Toxapex|82\/100|[from] Sandstorm\n|-damage|p2a: Hippowdon|60\/100 brn|[from] brn\n|upkeep\n|turn|21\n|\n|t:|1647994573\n|switch|p2a: Toxapex|Toxapex, F|100\/100\n|-sideend|p2: fishy8995|move: Toxic Spikes|[of] p2a: Toxapex\n|-damage|p2a: Toxapex|88\/100|[from] Stealth Rock\n|move|p1a: Toxapex|Toxic Spikes|p2a: Toxapex\n|-sidestart|p2: fishy8995|move: Toxic Spikes\n|\n|-weather|Sandstorm|[upkeep]\n|-damage|p2a: Toxapex|82\/100|[from] Sandstorm\n|-damage|p1a: Toxapex|75\/100|[from] Sandstorm\n|upkeep\n|turn|22\n|\n|t:|1647994581\n|switch|p2a: Yanmega|Yanmega, M|100\/100\n|switch|p1a: Blissey|Blissey, F|94\/100\n|\n|-weather|Sandstorm|[upkeep]\n|-damage|p2a: Yanmega|94\/100|[from] Sandstorm\n|-damage|p1a: Blissey|88\/100|[from] Sandstorm\n|upkeep\n|turn|23\n|\n|t:|1647994590\n|move|p2a: Yanmega|Defog|p1a: Blissey\n|-unboost|p1a: Blissey|evasion|1\n|-sideend|p1: Hoenn Militian|Stealth Rock|[from] move: Defog|[of] p2a: Yanmega\n|-sideend|p2: fishy8995|Toxic Spikes|[from] move: Defog|[of] p2a: Yanmega\n|-sideend|p2: fishy8995|Stealth Rock|[from] move: Defog|[of] p2a: Yanmega\n|move|p1a: Blissey|Seismic Toss|p2a: Yanmega\n|-damage|p2a: Yanmega|63\/100\n|\n|-weather|none\n|-ability|p2a: Yanmega|Speed Boost|boost\n|-boost|p2a: Yanmega|spe|1\n|upkeep\n|turn|24\n|\n|t:|1647994599\n|switch|p2a: Dracozolt|Dracozolt|100\/100\n|move|p1a: Blissey|Seismic Toss|p2a: Dracozolt\n|-damage|p2a: Dracozolt|69\/100\n|\n|upkeep\n|turn|25\n|\n|t:|1647994605\n|move|p1a: Blissey|Protect|p1a: Blissey\n|-singleturn|p1a: Blissey|Protect\n|move|p2a: Dracozolt|Bolt Beak|p1a: Blissey\n|-activate|p1a: Blissey|move: Protect\n|\n|upkeep\n|turn|26\n|\n|t:|1647994612\n|switch|p1a: Aggron|Aggron-Mega, F|88\/100\n|move|p2a: Dracozolt|Bolt Beak|p1a: Aggron\n|-damage|p1a: Aggron|46\/100\n|-damage|p2a: Dracozolt|59\/100|[from] item: Life Orb\n|\n|upkeep\n|turn|27\n|\n|t:|1647994625\n|switch|p2a: Hippowdon|Hippowdon, M|60\/100 brn\n|-weather|Sandstorm|[from] ability: Sand Stream|[of] p2a: Hippowdon\n|move|p1a: Aggron|Rest|p1a: Aggron\n|-status|p1a: Aggron|slp|[from] move: Rest\n|-heal|p1a: Aggron|100\/100 slp|[silent]\n|\n|-weather|Sandstorm|[upkeep]\n|-damage|p2a: Hippowdon|53\/100 brn|[from] brn\n|upkeep\n|turn|28\n|\n|t:|1647994635\n|switch|p2a: Excadrill|Excadrill, M|100\/100\n|cant|p1a: Aggron|slp\n|\n|-weather|Sandstorm|[upkeep]\n|upkeep\n|turn|29\n|\n|t:|1647994642\n|move|p2a: Excadrill|Earthquake|p1a: Aggron\n|-supereffective|p1a: Aggron\n|-damage|p1a: Aggron|66\/100 slp\n|cant|p1a: Aggron|slp\n|\n|-weather|Sandstorm|[upkeep]\n|upkeep\n|turn|30\n|\n|t:|1647994652\n|move|p2a: Excadrill|Swords Dance|p2a: Excadrill\n|-boost|p2a: Excadrill|atk|2\n|-curestatus|p1a: Aggron|slp|[msg]\n|move|p1a: Aggron|Body Press|p2a: Excadrill\n|-supereffective|p2a: Excadrill\n|-enditem|p2a: Excadrill|Focus Sash\n|-damage|p2a: Excadrill|1\/100\n|\n|-weather|Sandstorm|[upkeep]\n|upkeep\n|turn|31\n|\n|t:|1647994662\n|switch|p1a: Lopunny|Lopunny, F|82\/100 tox\n|move|p2a: Excadrill|Earthquake|p1a: Lopunny\n|-damage|p1a: Lopunny|0 fnt\n|faint|p1a: Lopunny\n|\n|-weather|Sandstorm|[upkeep]\n|upkeep\n|\n|t:|1647994670\n|switch|p1a: Ditto|Ditto|88\/100\n|-transform|p1a: Ditto|p2a: Excadrill|[from] ability: Imposter\n|turn|32\n|\n|t:|1647994684\n|switch|p2a: Toxapex|Toxapex, F|100\/100\n|move|p1a: Ditto|Iron Head|p2a: Toxapex\n|-resisted|p2a: Toxapex\n|-damage|p2a: Toxapex|62\/100\n|\n|-weather|Sandstorm|[upkeep]\n|-damage|p2a: Toxapex|56\/100|[from] Sandstorm\n|upkeep\n|turn|33\n|\n|t:|1647994692\n|move|p1a: Ditto|Iron Head|p2a: Toxapex\n|-resisted|p2a: Toxapex\n|-damage|p2a: Toxapex|17\/100\n|move|p2a: Toxapex|Scald|p1a: Ditto\n|-supereffective|p1a: Ditto\n|-damage|p1a: Ditto|34\/100\n|\n|-weather|Sandstorm|[upkeep]\n|-damage|p2a: Toxapex|10\/100|[from] Sandstorm\n|upkeep\n|turn|34\n|\n|t:|1647994704\n|move|p1a: Ditto|Iron Head|p2a: Toxapex\n|-resisted|p2a: Toxapex\n|-damage|p2a: Toxapex|0 fnt\n|faint|p2a: Toxapex\n|\n|-weather|none\n|upkeep\n|\n|t:|1647994706\n|switch|p2a: Hippowdon|Hippowdon, M|53\/100 brn\n|-weather|Sandstorm|[from] ability: Sand Stream|[of] p2a: Hippowdon\n|turn|35\n|\n|t:|1647994719\n|switch|p1a: Blissey|Blissey, F|88\/100\n|move|p2a: Hippowdon|Roar|p1a: Blissey\n|drag|p1a: Toxapex|Toxapex, F|100\/100\n|\n|-weather|Sandstorm|[upkeep]\n|-damage|p1a: Toxapex|94\/100|[from] Sandstorm\n|-damage|p2a: Hippowdon|47\/100 brn|[from] brn\n|upkeep\n|turn|36\n|\n|t:|1647994728\n|move|p2a: Hippowdon|Slack Off|p2a: Hippowdon\n|-heal|p2a: Hippowdon|97\/100 brn\n|move|p1a: Toxapex|Toxic Spikes|p2a: Hippowdon\n|-sidestart|p2: fishy8995|move: Toxic Spikes\n|\n|-weather|Sandstorm|[upkeep]\n|-damage|p1a: Toxapex|88\/100|[from] Sandstorm\n|-damage|p2a: Hippowdon|91\/100 brn|[from] brn\n|upkeep\n|turn|37\n|\n|t:|1647994735\n|move|p2a: Hippowdon|Stealth Rock|p1a: Toxapex\n|-sidestart|p1: Hoenn Militian|move: Stealth Rock\n|move|p1a: Toxapex|Scald|p2a: Hippowdon\n|-supereffective|p2a: Hippowdon\n|-damage|p2a: Hippowdon|55\/100 brn\n|\n|-weather|Sandstorm|[upkeep]\n|-damage|p1a: Toxapex|82\/100|[from] Sandstorm\n|-damage|p2a: Hippowdon|49\/100 brn|[from] brn\n|upkeep\n|turn|38\n|\n|t:|1647994744\n|switch|p2a: Excadrill|Excadrill, M|1\/100\n|move|p1a: Toxapex|Scald|p2a: Excadrill\n|-supereffective|p2a: Excadrill\n|-damage|p2a: Excadrill|0 fnt\n|faint|p2a: Excadrill\n|\n|-weather|Sandstorm|[upkeep]\n|-damage|p1a: Toxapex|75\/100|[from] Sandstorm\n|upkeep\n|\n|t:|1647994747\n|switch|p2a: Yanmega|Yanmega, M|63\/100\n|turn|39\n|\n|t:|1647994755\n|move|p2a: Yanmega|Defog|p1a: Toxapex\n|-unboost|p1a: Toxapex|evasion|1\n|-sideend|p1: Hoenn Militian|Stealth Rock|[from] move: Defog|[of] p2a: Yanmega\n|-sideend|p2: fishy8995|Toxic Spikes|[from] move: Defog|[of] p2a: Yanmega\n|move|p1a: Toxapex|Scald|p2a: Yanmega\n|-damage|p2a: Yanmega|36\/100\n|\n|-weather|Sandstorm|[upkeep]\n|-damage|p2a: Yanmega|29\/100|[from] Sandstorm\n|-damage|p1a: Toxapex|69\/100|[from] Sandstorm\n|-ability|p2a: Yanmega|Speed Boost|boost\n|-boost|p2a: Yanmega|spe|1\n|upkeep\n|turn|40\n|\n|t:|1647994766\n|switch|p2a: Dracozolt|Dracozolt|59\/100\n|move|p1a: Toxapex|Scald|p2a: Dracozolt\n|-resisted|p2a: Dracozolt\n|-damage|p2a: Dracozolt|46\/100\n|\n|-weather|Sandstorm|[upkeep]\n|-damage|p1a: Toxapex|63\/100|[from] Sandstorm\n|upkeep\n|turn|41\n|\n|t:|1647994780\n|move|p2a: Dracozolt|Bolt Beak|p1a: Toxapex\n|-supereffective|p1a: Toxapex\n|-damage|p1a: Toxapex|0 fnt\n|faint|p1a: Toxapex\n|-damage|p2a: Dracozolt|36\/100|[from] item: Life Orb\n|\n|-weather|Sandstorm|[upkeep]\n|upkeep\n|\n|t:|1647994786\n|switch|p1a: Ditto|Ditto|34\/100\n|-transform|p1a: Ditto|p2a: Dracozolt|[from] ability: Imposter\n|turn|42\n|\n|t:|1647994797\n|switch|p2a: Yanmega|Yanmega, M|29\/100\n|move|p1a: Ditto|Dragon Claw|p2a: Yanmega\n|-damage|p2a: Yanmega|0 fnt\n|faint|p2a: Yanmega\n|\n|-weather|none\n|upkeep\n|\n|t:|1647994801\n|switch|p2a: Tyranitar|Tyranitar-Mega, F|88\/100\n|-weather|Sandstorm|[from] ability: Sand Stream|[of] p2a: Tyranitar\n|turn|43\n|\n|t:|1647994820\n|switch|p1a: Blissey|Blissey, F|88\/100\n|move|p2a: Tyranitar|Fire Punch|p1a: Blissey\n|-damage|p1a: Blissey|29\/100\n|\n|-weather|Sandstorm|[upkeep]\n|-damage|p1a: Blissey|23\/100|[from] Sandstorm\n|upkeep\n|turn|44\n|\n|t:|1647994834\n|move|p2a: Tyranitar|Fire Punch|p1a: Blissey\n|-crit|p1a: Blissey\n|-damage|p1a: Blissey|0 fnt\n|faint|p1a: Blissey\n|\n|-weather|Sandstorm|[upkeep]\n|upkeep\n|\n|t:|1647994840\n|switch|p1a: Aggron|Aggron-Mega, F|66\/100\n|turn|45\n|\n|t:|1647994843\n|move|p2a: Tyranitar|Fire Punch|p1a: Aggron\n|-supereffective|p1a: Aggron\n|-damage|p1a: Aggron|48\/100\n|move|p1a: Aggron|Body Press|p2a: Tyranitar\n|-supereffective|p2a: Tyranitar\n|-damage|p2a: Tyranitar|0 fnt\n|faint|p2a: Tyranitar\n|\n|-weather|Sandstorm|[upkeep]\n|upkeep\n|\n|t:|1647994855\n|switch|p2a: Dracozolt|Dracozolt|36\/100\n|turn|46\n|\n|t:|1647994859\n|move|p2a: Dracozolt|Bolt Beak|p1a: Aggron\n|-damage|p1a: Aggron|8\/100\n|-damage|p2a: Dracozolt|26\/100|[from] item: Life Orb\n|move|p1a: Aggron|Body Press|p2a: Dracozolt\n|-damage|p2a: Dracozolt|0 fnt\n|faint|p2a: Dracozolt\n|\n|-weather|Sandstorm|[upkeep]\n|upkeep\n|\n|t:|1647994862\n|switch|p2a: Hippowdon|Hippowdon, M|49\/100 brn\n|turn|47\n|\n|t:|1647994870\n|move|p1a: Aggron|Rest|p1a: Aggron\n|-status|p1a: Aggron|slp|[from] move: Rest\n|-heal|p1a: Aggron|100\/100 slp|[silent]\n|move|p2a: Hippowdon|Slack Off|p2a: Hippowdon\n|-heal|p2a: Hippowdon|99\/100 brn\n|\n|-weather|none\n|-damage|p2a: Hippowdon|92\/100 brn|[from] brn\n|upkeep\n|turn|48\n|\n|t:|1647994880\n|cant|p1a: Aggron|slp\n|move|p2a: Hippowdon|Stealth Rock|p1a: Aggron\n|-sidestart|p1: Hoenn Militian|move: Stealth Rock\n|\n|-damage|p2a: Hippowdon|86\/100 brn|[from] brn\n|upkeep\n|turn|49\n|\n|t:|1647994886\n|cant|p1a: Aggron|slp\n|move|p2a: Hippowdon|Roar|p1a: Aggron\n|drag|p1a: Ditto|Ditto|34\/100\n|-damage|p1a: Ditto|22\/100|[from] Stealth Rock\n|-transform|p1a: Ditto|p2a: Hippowdon|[from] ability: Imposter\n|-weather|Sandstorm|[from] ability: Sand Stream|[of] p1a: Ditto\n|\n|-weather|Sandstorm|[upkeep]\n|-damage|p2a: Hippowdon|80\/100 brn|[from] brn\n|upkeep\n|turn|50\n|-message|fishy8995 forfeited.\n|\n|win|Hoenn Militian\n|raw|Hoenn Militian's rating: 1569 &rarr; <strong>1589<\/strong><br \/>(+20 for winning)\n|raw|fishy8995's rating: 1570 &rarr; <strong>1550<\/strong><br \/>(-20 for losing)\n|l|\u2606fishy8995\n||Ladder isn't responding, score probably updated but might not have (Request timeout).\n","uploadtime":1647994917,"views":20,"p1id":"hoennmilitian","p2id":"fishy8995","formatid":"gen8nationaldex","rating":1550,"private":0,"password":null}