{"id":"gen8randombattle-1537833129","p1":"BBOBRULESALL","p2":"BigL91","format":"gen8randombattle","log":"|j|\u2606BBOBRULESALL\n|j|\u2606BigL91\n|t:|1648140970\n|gametype|singles\n|player|p1|BBOBRULESALL|n|1127\n|player|p2|BigL91|petrel|1126\n|teamsize|p1|6\n|teamsize|p2|6\n|gen|8\n|tier|[Gen 8] Random Battle\n|rated|\n|rule|Species Clause: Limit one of each Pok\u00e9mon\n|rule|HP Percentage Mod: HP is shown in percentages\n|rule|Sleep Clause Mod: Limit one foe put to sleep\n|\n|t:|1648140970\n|start\n|switch|p1a: Heracross|Heracross, L82, M|265\/265\n|switch|p2a: Amoonguss|Amoonguss, L84, M|329\/329\n|turn|1\n|\n|t:|1648140983\n|move|p1a: Heracross|Knock Off|p2a: Amoonguss\n|-damage|p2a: Amoonguss|234\/329\n|-enditem|p2a: Amoonguss|Black Sludge|[from] move: Knock Off|[of] p1a: Heracross\n|move|p2a: Amoonguss|Toxic|p1a: Heracross\n|-status|p1a: Heracross|tox\n|\n|-damage|p1a: Heracross|249\/265 tox|[from] psn\n|upkeep\n|turn|2\n|\n|t:|1648141000\n|move|p1a: Heracross|Facade|p2a: Amoonguss\n|-damage|p2a: Amoonguss|19\/329\n|move|p2a: Amoonguss|Sludge Bomb|p1a: Heracross\n|-damage|p1a: Heracross|168\/265 tox\n|\n|-damage|p1a: Heracross|136\/265 tox|[from] psn\n|upkeep\n|turn|3\n|\n|t:|1648141011\n|switch|p2a: Golisopod|Golisopod, L84, F|263\/263\n|move|p1a: Heracross|Facade|p2a: Golisopod\n|-damage|p2a: Golisopod|144\/263\n|\n|-damage|p1a: Heracross|88\/265 tox|[from] psn\n|upkeep\n|turn|4\n|\n|t:|1648141019\n|move|p2a: Golisopod|First Impression|p1a: Heracross\n|-resisted|p1a: Heracross\n|-damage|p1a: Heracross|19\/265 tox\n|move|p1a: Heracross|Facade|p2a: Golisopod\n|-damage|p2a: Golisopod|17\/263\n|-activate|p2a: Golisopod|ability: Emergency Exit\n|\n|t:|1648141024\n|switch|p2a: Amoonguss|Amoonguss, L84, M|128\/329\n|\n|-damage|p1a: Heracross|0 fnt|[from] psn\n|faint|p1a: Heracross\n|upkeep\n|\n|t:|1648141054\n|switch|p1a: Octillery|Octillery, L86, M|269\/269\n|turn|5\n|\n|t:|1648141062\n|switch|p2a: Golisopod|Golisopod, L84, F|17\/263\n|move|p1a: Octillery|Fire Blast|p2a: Golisopod\n|-damage|p2a: Golisopod|0 fnt\n|faint|p2a: Golisopod\n|\n|-ability|p1a: Octillery|Moody|boost\n|-boost|p1a: Octillery|spe|2\n|-unboost|p1a: Octillery|spa|1\n|upkeep\n|\n|t:|1648141071\n|switch|p2a: Exploud|Exploud, L84, F|312\/312\n|turn|6\n|\n|t:|1648141083\n|move|p1a: Octillery|Hydro Pump|p2a: Exploud\n|-damage|p2a: Exploud|216\/312\n|move|p2a: Exploud|Boomburst|p1a: Octillery\n|-damage|p1a: Octillery|55\/269\n|\n|-heal|p1a: Octillery|71\/269|[from] item: Leftovers\n|-ability|p1a: Octillery|Moody|boost\n|-boost|p1a: Octillery|atk|2\n|-unboost|p1a: Octillery|spe|1\n|upkeep\n|turn|7\n|\n|t:|1648141096\n|move|p1a: Octillery|Hydro Pump|p2a: Exploud|[miss]\n|-miss|p1a: Octillery|p2a: Exploud\n|move|p2a: Exploud|Boomburst|p1a: Octillery\n|-damage|p1a: Octillery|0 fnt\n|faint|p1a: Octillery\n|\n|upkeep\n|\n|t:|1648141099\n|switch|p1a: Passimian|Passimian, L82, M|298\/298\n|turn|8\n|\n|t:|1648141105\n|switch|p2a: Amoonguss|Amoonguss, L84, M|237\/329\n|move|p1a: Passimian|Close Combat|p2a: Amoonguss\n|-resisted|p2a: Amoonguss\n|-crit|p2a: Amoonguss\n|-damage|p2a: Amoonguss|53\/329\n|-unboost|p1a: Passimian|def|1\n|-unboost|p1a: Passimian|spd|1\n|\n|upkeep\n|turn|9\n|\n|t:|1648141121\n|switch|p2a: Dragonite|Dragonite, L75, M|260\/260\n|move|p1a: Passimian|Close Combat|p2a: Dragonite\n|-resisted|p2a: Dragonite\n|-damage|p2a: Dragonite|203\/260\n|-unboost|p1a: Passimian|def|1\n|-unboost|p1a: Passimian|spd|1\n|\n|upkeep\n|turn|10\n|\n|t:|1648141168\n|switch|p1a: Porygon-Z|Porygon-Z, L80|267\/267\n|move|p2a: Dragonite|Dragon Dance|p2a: Dragonite\n|-boost|p2a: Dragonite|atk|1\n|-boost|p2a: Dragonite|spe|1\n|\n|upkeep\n|turn|11\n|\n|t:|1648141176\n|move|p2a: Dragonite|Outrage|p1a: Porygon-Z\n|-damage|p1a: Porygon-Z|23\/267\n|move|p1a: Porygon-Z|Tri Attack|p2a: Dragonite\n|-damage|p2a: Dragonite|37\/260\n|-damage|p1a: Porygon-Z|0 fnt|[from] item: Life Orb\n|faint|p1a: Porygon-Z\n|\n|upkeep\n|\n|t:|1648141187\n|switch|p1a: Tentacruel|Tentacruel, L84, F|272\/272\n|turn|12\n|\n|t:|1648141199\n|move|p2a: Dragonite|Outrage|p1a: Tentacruel|[from]lockedmove\n|-damage|p1a: Tentacruel|29\/272\n|-start|p2a: Dragonite|confusion|[fatigue]\n|move|p1a: Tentacruel|Scald|p2a: Dragonite\n|-resisted|p2a: Dragonite\n|-damage|p2a: Dragonite|0 fnt\n|faint|p2a: Dragonite\n|\n|-heal|p1a: Tentacruel|46\/272|[from] item: Black Sludge\n|upkeep\n|\n|t:|1648141214\n|switch|p2a: Exploud|Exploud, L84, F|216\/312\n|turn|13\n|\n|t:|1648141229\n|move|p1a: Tentacruel|Toxic Spikes|p2a: Exploud\n|-sidestart|p2: BigL91|move: Toxic Spikes\n|move|p2a: Exploud|Boomburst|p1a: Tentacruel\n|-damage|p1a: Tentacruel|0 fnt\n|faint|p1a: Tentacruel\n|\n|upkeep\n|\n|t:|1648141231\n|switch|p1a: Passimian|Passimian, L82, M|298\/298\n|turn|14\n|\n|t:|1648141263\n|move|p1a: Passimian|Close Combat|p2a: Exploud\n|-supereffective|p2a: Exploud\n|-damage|p2a: Exploud|0 fnt\n|-unboost|p1a: Passimian|def|1\n|-unboost|p1a: Passimian|spd|1\n|faint|p2a: Exploud\n|\n|upkeep\n|\n|t:|1648141267\n|switch|p2a: Amoonguss|Amoonguss, L84, M|162\/329\n|-sideend|p2: BigL91|move: Toxic Spikes|[of] p2a: Amoonguss\n|turn|15\n|\n|t:|1648141301\n|-start|p1a: Passimian|Dynamax\n|-heal|p1a: Passimian|596\/596|[silent]\n|move|p1a: Passimian|Max Flutterby|p2a: Amoonguss\n|-crit|p2a: Amoonguss\n|-damage|p2a: Amoonguss|0 fnt\n|faint|p2a: Amoonguss\n|\n|upkeep\n|\n|t:|1648141309\n|switch|p2a: Sandslash|Sandslash, L86, F|269\/269\n|turn|16\n|\n|t:|1648141320\n|move|p1a: Passimian|Max Knuckle|p2a: Sandslash\n|-damage|p2a: Sandslash|172\/269\n|-boost|p1a: Passimian|atk|1\n|move|p2a: Sandslash|Knock Off|p1a: Passimian\n|-resisted|p1a: Passimian\n|-damage|p1a: Passimian|522\/596\n|-enditem|p1a: Passimian|Choice Band|[from] move: Knock Off|[of] p2a: Sandslash\n|-damage|p2a: Sandslash|146\/269|[from] item: Life Orb\n|\n|upkeep\n|turn|17\n|\n|t:|1648141333\n|move|p1a: Passimian|Max Knuckle|p2a: Sandslash\n|-damage|p2a: Sandslash|5\/269\n|-boost|p1a: Passimian|atk|1\n|move|p2a: Sandslash|Earthquake|p1a: Passimian\n|-damage|p1a: Passimian|280\/596\n|-damage|p2a: Sandslash|0 fnt|[from] item: Life Orb\n|faint|p2a: Sandslash\n|\n|-end|p1a: Passimian|Dynamax\n|-heal|p1a: Passimian|140\/298|[silent]\n|upkeep\n|\n|t:|1648141338\n|switch|p2a: Terrakion|Terrakion, L78|270\/270\n|turn|18\n|\n|t:|1648141351\n|move|p2a: Terrakion|Earthquake|p1a: Passimian\n|-damage|p1a: Passimian|1\/298\n|-damage|p2a: Terrakion|243\/270|[from] item: Life Orb\n|move|p1a: Passimian|Close Combat|p2a: Terrakion\n|-supereffective|p2a: Terrakion\n|-damage|p2a: Terrakion|0 fnt\n|-unboost|p1a: Passimian|def|1\n|-unboost|p1a: Passimian|spd|1\n|faint|p2a: Terrakion\n|\n|win|BBOBRULESALL\n|raw|BBOBRULESALL's rating: 1127 &rarr; <strong>1152<\/strong><br \/>(+25 for winning)\n|raw|BigL91's rating: 1126 &rarr; <strong>1101<\/strong><br \/>(-25 for losing)\n|l|\u2606BBOBRULESALL\n|l|\u2606BigL91\n|j|\u2606BigL91\n|player|p2|BigL91|petrel\n","inputlog":">version 3e3f7f95ced453fb6569d65c347856b0466abcfd\n>start {\"formatid\":\"gen8randombattle\",\"seed\":[8361,44510,12376,53073],\"rated\":\"Rated battle\"}\n>player p1 {\"name\":\"BBOBRULESALL\",\"avatar\":\"n\",\"rating\":1127,\"seed\":[65240,572,56805,373]}\n>player p2 {\"name\":\"BigL91\",\"avatar\":\"petrel\",\"rating\":1126,\"seed\":[56047,16897,11576,13113]}\n>p1 move knockoff\n>p2 move toxic\n>p1 move facade\n>p2 move sludgebomb\n>p1 move facade\n>p2 switch 2\n>p1 move facade\n>p2 move firstimpression\n>p2 switch 2\n>p1 switch 2\n>p1 move fireblast\n>p2 switch 2\n>p2 switch 4\n>p1 move hydropump\n>p2 move boomburst\n>p1 move hydropump\n>p2 move boomburst\n>p1 switch 6\n>p1 move closecombat\n>p2 switch 2\n>p1 move closecombat\n>p2 switch 6\n>p1 switch 5\n>p2 move dragondance\n>p1 move triattack\n>p2 move outrage\n>p1 switch 3\n>p1 move scald\n>p2 move outrage\n>p2 switch 2\n>p1 move toxicspikes\n>p2 move boomburst\n>p1 switch 5\n>p1 move closecombat\n>p2 move boomburst\n>p2 switch 6\n>p1 move uturn dynamax\n>p2 move spore\n>p2 switch 5\n>p1 move closecombat dynamax\n>p2 move knockoff\n>p1 move closecombat dynamax\n>p2 move earthquake\n>p2 switch 3\n>p1 move closecombat\n>p2 move earthquake","uploadtime":1648141378,"views":7,"p1id":"bbobrulesall","p2id":"bigl91","formatid":"gen8randombattle","rating":1101,"private":0,"password":null}