{"id":"gen8ubers-1265956675","p1":"LolzMachine","p2":"SkittlesAreEpic","format":"gen8ubers","log":"|j|\u2606LolzMachine\n|j|\u2606SkittlesAreEpic\n|t:|1611149883\n|player|p1|LolzMachine|294|1585\n|player|p2|SkittlesAreEpic|acetrainerf-gen4dp|1405\n|teamsize|p1|6\n|teamsize|p2|6\n|gametype|singles\n|gen|8\n|tier|[Gen 8] Ubers\n|rated|\n|clearpoke\n|poke|p1|Necrozma-Dawn-Wings|\n|poke|p1|Calyrex-Shadow|\n|poke|p1|Groudon|\n|poke|p1|Kyogre|\n|poke|p1|Regieleki|\n|poke|p1|Yveltal|\n|poke|p2|Eternatus|\n|poke|p2|Kyogre|\n|poke|p2|Necrozma-Dusk-Mane|\n|poke|p2|Yveltal|\n|poke|p2|Xerneas|\n|poke|p2|Aegislash, F|\n|rule|Sleep Clause Mod: Limit one foe put to sleep\n|rule|Species Clause: Limit one of each Pok\u00e9mon\n|rule|OHKO Clause: OHKO moves are banned\n|rule|Evasion Moves Clause: Evasion moves are banned\n|rule|Endless Battle Clause: Forcing endless battles is banned\n|rule|HP Percentage Mod: HP is shown in percentages\n|rule|Dynamax Clause: You cannot dynamax\n|teampreview\n|inactive|Battle timer is ON: inactive players will automatically lose when time's up. (requested by SkittlesAreEpic)\n|\n|t:|1611149915\n|start\n|switch|p1a: Regieleki|Regieleki|100\/100\n|switch|p2a: Yveltal|Yveltal|100\/100\n|-ability|p2a: Yveltal|Dark Aura\n|turn|1\n|\n|t:|1611149922\n|switch|p1a: Kyogre|Kyogre|100\/100\n|-weather|RainDance|[from] ability: Drizzle|[of] p1a: Kyogre\n|switch|p2a: Eternatus|Eternatus|100\/100\n|-ability|p2a: Eternatus|Pressure\n|\n|-weather|RainDance|[upkeep]\n|upkeep\n|turn|2\n|\n|t:|1611149925\n|move|p1a: Kyogre|Ice Beam|p2a: Eternatus\n|-supereffective|p2a: Eternatus\n|-damage|p2a: Eternatus|64\/100\n|move|p2a: Eternatus|Toxic Spikes|p1a: Kyogre\n|-sidestart|p1: LolzMachine|move: Toxic Spikes\n|\n|-weather|RainDance|[upkeep]\n|-heal|p2a: Eternatus|70\/100|[from] item: Black Sludge\n|upkeep\n|turn|3\n|\n|t:|1611149928\n|move|p1a: Kyogre|Ice Beam|p2a: Eternatus\n|-supereffective|p2a: Eternatus\n|-damage|p2a: Eternatus|34\/100\n|move|p2a: Eternatus|Toxic Spikes|p1a: Kyogre\n|-sidestart|p1: LolzMachine|move: Toxic Spikes\n|\n|-weather|RainDance|[upkeep]\n|-heal|p2a: Eternatus|41\/100|[from] item: Black Sludge\n|upkeep\n|turn|4\n|\n|t:|1611149931\n|move|p1a: Kyogre|Ice Beam|p2a: Eternatus\n|-supereffective|p2a: Eternatus\n|-damage|p2a: Eternatus|1\/100\n|move|p2a: Eternatus|Recover|p2a: Eternatus\n|-heal|p2a: Eternatus|51\/100\n|\n|-weather|RainDance|[upkeep]\n|-heal|p2a: Eternatus|57\/100|[from] item: Black Sludge\n|upkeep\n|turn|5\n|\n|t:|1611149933\n|move|p1a: Kyogre|Ice Beam|p2a: Eternatus\n|-supereffective|p2a: Eternatus\n|-damage|p2a: Eternatus|22\/100\n|move|p2a: Eternatus|Recover|p2a: Eternatus\n|-heal|p2a: Eternatus|72\/100\n|\n|-weather|none\n|-heal|p2a: Eternatus|78\/100|[from] item: Black Sludge\n|upkeep\n|turn|6\n|\n|t:|1611149937\n|move|p1a: Kyogre|Ice Beam|p2a: Eternatus\n|-supereffective|p2a: Eternatus\n|-damage|p2a: Eternatus|40\/100\n|move|p2a: Eternatus|Recover|p2a: Eternatus\n|-heal|p2a: Eternatus|90\/100\n|\n|-heal|p2a: Eternatus|96\/100|[from] item: Black Sludge\n|upkeep\n|turn|7\n|\n|t:|1611149940\n|move|p1a: Kyogre|Ice Beam|p2a: Eternatus\n|-supereffective|p2a: Eternatus\n|-damage|p2a: Eternatus|57\/100\n|move|p2a: Eternatus|Recover|p2a: Eternatus\n|-heal|p2a: Eternatus|100\/100\n|\n|upkeep\n|turn|8\n|j| FREE ZACIAN-C\n|\n|t:|1611149942\n|move|p1a: Kyogre|Ice Beam|p2a: Eternatus\n|-supereffective|p2a: Eternatus\n|-damage|p2a: Eternatus|65\/100\n|-status|p2a: Eternatus|frz\n|cant|p2a: Eternatus|frz\n|\n|-heal|p2a: Eternatus|72\/100 frz|[from] item: Black Sludge\n|upkeep\n|turn|9\n|\n|t:|1611149947\n|switch|p1a: Groudon|Groudon|100\/100\n|-status|p1a: Groudon|tox\n|-enditem|p1a: Groudon|Lum Berry|[eat]\n|-curestatus|p1a: Groudon|tox|[msg]\n|-weather|SunnyDay|[from] ability: Drought|[of] p1a: Groudon\n|cant|p2a: Eternatus|frz\n|\n|-weather|SunnyDay|[upkeep]\n|-heal|p2a: Eternatus|78\/100 frz|[from] item: Black Sludge\n|upkeep\n|turn|10\n|\n|t:|1611149958\n|switch|p2a: Yveltal|Yveltal|100\/100\n|-ability|p2a: Yveltal|Dark Aura\n|move|p1a: Groudon|Stealth Rock|p2a: Yveltal\n|-sidestart|p2: SkittlesAreEpic|move: Stealth Rock\n|\n|-weather|SunnyDay|[upkeep]\n|upkeep\n|turn|11\n|c| FREE ZACIAN-C|lum groudon\n|c| FREE ZACIAN-C|woah\n|\n|t:|1611149966\n|move|p1a: Groudon|Stone Edge|p2a: Yveltal\n|-supereffective|p2a: Yveltal\n|-damage|p2a: Yveltal|48\/100\n|move|p2a: Yveltal|Taunt|p1a: Groudon\n|-start|p1a: Groudon|move: Taunt\n|\n|-weather|SunnyDay|[upkeep]\n|upkeep\n|turn|12\n|\n|t:|1611149971\n|move|p1a: Groudon|Stone Edge|p2a: Yveltal\n|-supereffective|p2a: Yveltal\n|-damage|p2a: Yveltal|0 fnt\n|faint|p2a: Yveltal\n|\n|-weather|SunnyDay|[upkeep]\n|upkeep\n|\n|t:|1611149979\n|switch|p2a: Kyogre|Kyogre|100\/100\n|-damage|p2a: Kyogre|88\/100|[from] Stealth Rock\n|-weather|RainDance|[from] ability: Drizzle|[of] p2a: Kyogre\n|turn|13\n|\n|t:|1611149983\n|switch|p1a: Kyogre|Kyogre|100\/100\n|-status|p1a: Kyogre|tox\n|move|p2a: Kyogre|Thunder|p1a: Kyogre\n|-supereffective|p1a: Kyogre\n|-damage|p1a: Kyogre|38\/100 tox\n|\n|-weather|RainDance|[upkeep]\n|-damage|p1a: Kyogre|32\/100 tox|[from] psn\n|upkeep\n|turn|14\n|\n|t:|1611149993\n|switch|p2a: Necrozma|Necrozma-Dusk-Mane|100\/100\n|-damage|p2a: Necrozma|94\/100|[from] Stealth Rock\n|move|p1a: Kyogre|Surf|p2a: Necrozma\n|-damage|p2a: Necrozma|37\/100\n|\n|-weather|RainDance|[upkeep]\n|-heal|p2a: Necrozma|43\/100|[from] item: Leftovers\n|-damage|p1a: Kyogre|19\/100 tox|[from] psn\n|upkeep\n|turn|15\n|\n|t:|1611149999\n|switch|p2a: Eternatus|Eternatus|78\/100 frz\n|-damage|p2a: Eternatus|65\/100 frz|[from] Stealth Rock\n|-ability|p2a: Eternatus|Pressure\n|move|p1a: Kyogre|Surf|p2a: Eternatus\n|-resisted|p2a: Eternatus\n|-damage|p2a: Eternatus|45\/100 frz\n|\n|-weather|RainDance|[upkeep]\n|-heal|p2a: Eternatus|51\/100 frz|[from] item: Black Sludge\n|-damage|p1a: Kyogre|1\/100 tox|[from] psn\n|upkeep\n|turn|16\n|\n|t:|1611150002\n|move|p1a: Kyogre|Surf|p2a: Eternatus\n|-resisted|p2a: Eternatus\n|-damage|p2a: Eternatus|31\/100 frz\n|cant|p2a: Eternatus|frz\n|\n|-weather|RainDance|[upkeep]\n|-heal|p2a: Eternatus|37\/100 frz|[from] item: Black Sludge\n|-damage|p1a: Kyogre|0 fnt|[from] psn\n|faint|p1a: Kyogre\n|upkeep\n|\n|t:|1611150005\n|switch|p1a: Groudon|Groudon|100\/100\n|-status|p1a: Groudon|tox\n|-weather|SunnyDay|[from] ability: Drought|[of] p1a: Groudon\n|turn|17\n|\n|t:|1611150010\n|cant|p2a: Eternatus|frz\n|move|p1a: Groudon|Earthquake|p2a: Eternatus\n|-supereffective|p2a: Eternatus\n|-damage|p2a: Eternatus|0 fnt\n|faint|p2a: Eternatus\n|\n|-weather|SunnyDay|[upkeep]\n|-damage|p1a: Groudon|94\/100 tox|[from] psn\n|upkeep\n|\n|t:|1611150014\n|switch|p2a: Kyogre|Kyogre|88\/100\n|-damage|p2a: Kyogre|76\/100|[from] Stealth Rock\n|-weather|RainDance|[from] ability: Drizzle|[of] p2a: Kyogre\n|turn|18\n|\n|t:|1611150022\n|move|p2a: Kyogre|Origin Pulse|p1a: Groudon|[miss]\n|-miss|p2a: Kyogre|p1a: Groudon\n|move|p1a: Groudon|Earthquake|p2a: Kyogre\n|-damage|p2a: Kyogre|23\/100\n|\n|-weather|RainDance|[upkeep]\n|-damage|p1a: Groudon|82\/100 tox|[from] psn\n|upkeep\n|turn|19\n|\n|t:|1611150025\n|move|p2a: Kyogre|Origin Pulse|p1a: Groudon\n|-supereffective|p1a: Groudon\n|-damage|p1a: Groudon|0 fnt\n|faint|p1a: Groudon\n|\n|-weather|RainDance|[upkeep]\n|upkeep\n|\n|t:|1611150027\n|switch|p1a: Regieleki|Regieleki|100\/100\n|-status|p1a: Regieleki|tox\n|turn|20\n|\n|t:|1611150032\n|switch|p2a: Necrozma|Necrozma-Dusk-Mane|43\/100\n|-damage|p2a: Necrozma|37\/100|[from] Stealth Rock\n|move|p1a: Regieleki|Volt Switch|p2a: Necrozma\n|-damage|p2a: Necrozma|0 fnt\n|faint|p2a: Necrozma\n|\n|t:|1611150035\n|switch|p1a: Yveltal|Yveltal|100\/100|[from]move: Volt Switch\n|-ability|p1a: Yveltal|Dark Aura\n|\n|-weather|RainDance|[upkeep]\n|upkeep\n|\n|t:|1611150038\n|switch|p2a: Xerneas|Xerneas|100\/100\n|-damage|p2a: Xerneas|88\/100|[from] Stealth Rock\n|-ability|p2a: Xerneas|Fairy Aura\n|turn|21\n|\n|t:|1611150041\n|move|p1a: Yveltal|Taunt|p2a: Xerneas\n|-start|p2a: Xerneas|move: Taunt\n|cant|p2a: Xerneas|move: Taunt|Geomancy\n|\n|-weather|RainDance|[upkeep]\n|upkeep\n|turn|22\n|\n|t:|1611150044\n|move|p1a: Yveltal|Oblivion Wing|p2a: Xerneas\n|-damage|p2a: Xerneas|51\/100\n|move|p2a: Xerneas|Moonblast|p1a: Yveltal\n|-supereffective|p1a: Yveltal\n|-damage|p1a: Yveltal|0 fnt\n|faint|p1a: Yveltal\n|\n|-weather|none\n|upkeep\n|\n|t:|1611150046\n|switch|p1a: Regieleki|Regieleki|100\/100 tox\n|turn|23\n|\n|t:|1611150053\n|switch|p2a: Kyogre|Kyogre|23\/100\n|-damage|p2a: Kyogre|10\/100|[from] Stealth Rock\n|-weather|RainDance|[from] ability: Drizzle|[of] p2a: Kyogre\n|move|p1a: Regieleki|Volt Switch|p2a: Kyogre\n|-supereffective|p2a: Kyogre\n|-damage|p2a: Kyogre|0 fnt\n|faint|p2a: Kyogre\n|\n|t:|1611150060\n|switch|p1a: Calyrex|Calyrex-Shadow|100\/100|[from]move: Volt Switch\n|-ability|p1a: Calyrex|As One\n|-ability|p1a: Calyrex|Unnerve|p2: SkittlesAreEpic\n|-status|p1a: Calyrex|tox\n|\n|-weather|RainDance|[upkeep]\n|-damage|p1a: Calyrex|94\/100 tox|[from] psn\n|upkeep\n|\n|t:|1611150064\n|switch|p2a: Aegislash|Aegislash, F|100\/100\n|-damage|p2a: Aegislash|94\/100|[from] Stealth Rock\n|turn|24\n|\n|t:|1611150066\n|-formechange|p2a: Aegislash|Aegislash-Blade||[from] ability: Stance Change\n|move|p2a: Aegislash|Shadow Sneak|p1a: Calyrex\n|-supereffective|p1a: Calyrex\n|-damage|p1a: Calyrex|9\/100 tox\n|move|p1a: Calyrex|Astral Barrage|p2a: Aegislash\n|-supereffective|p2a: Aegislash\n|-damage|p2a: Aegislash|0 fnt\n|faint|p2a: Aegislash\n|-ability|p1a: Calyrex|Grim Neigh|boost\n|-boost|p1a: Calyrex|spa|1\n|\n|-weather|RainDance|[upkeep]\n|-damage|p1a: Calyrex|0 fnt|[from] psn\n|faint|p1a: Calyrex\n|upkeep\n|\n|t:|1611150075\n|switch|p1a: Regieleki|Regieleki|100\/100 tox\n|switch|p2a: Xerneas|Xerneas|51\/100\n|-damage|p2a: Xerneas|38\/100|[from] Stealth Rock\n|-ability|p2a: Xerneas|Fairy Aura\n|turn|25\n|-message|SkittlesAreEpic forfeited.\n|\n|win|LolzMachine\n|raw|LolzMachine's rating: 1592 &rarr; <strong>1602<\/strong><br \/>(+10 for winning)\n|raw|SkittlesAreEpic's rating: 1405 &rarr; <strong>1395<\/strong><br \/>(-10 for losing)\n","uploadtime":1611150124,"views":6,"p1id":"lolzmachine","p2id":"skittlesareepic","formatid":"gen8ubers","rating":1395,"private":0,"password":null}