{"id":"gen8almostanyability-1662023753","p1":"Faygos","p2":"Miki327","format":"gen8almostanyability","log":"|j|\u2606Faygos\n|j|\u2606Miki327\n|t:|1662944273\n|gametype|singles\n|player|p1|Faygos|1|\n|player|p2|Miki327|silver|\n|teamsize|p1|6\n|teamsize|p2|6\n|gen|8\n|tier|[Gen 8] Almost Any Ability\n|rated|Tournament battle\n|rule|Species Clause: Limit one of each Pok\u00e9mon\n|rule|OHKO Clause: OHKO moves are banned\n|rule|Evasion Moves Clause: Evasion moves are banned\n|rule|Endless Battle Clause: Forcing endless battles is banned\n|rule|Dynamax Clause: You cannot dynamax\n|rule|HP Percentage Mod: HP is shown in percentages\n|rule|2 Ability Clause: Limit two of each ability\n|rule|Sleep Clause: Sleep-inducing moves are banned\n|rule|Tier Shift Mod: Pok\u00e9mon get stat buffs depending on their tier, excluding HP.\n|clearpoke\n|poke|p1|Togedemaru, M|\n|poke|p1|Ho-Oh|\n|poke|p1|Haunter, F|\n|poke|p1|Aromatisse, F|\n|poke|p1|Palossand, F|\n|poke|p1|Silvally-*|\n|poke|p2|Charizard, M|\n|poke|p2|Mantine, F|\n|poke|p2|Cofagrigus, M|\n|poke|p2|Crustle, M|\n|poke|p2|Jynx, F|\n|poke|p2|Golisopod, F|\n|teampreview\n|j|%Iolanthe\n|inactive|Battle timer is ON: inactive players will automatically lose when time's up. (requested by Faygos)\n|j|#RICEMAN\n|c|#RICEMAN|this will be spicy\n|j| oaklies\n|\n|t:|1662944295\n|start\n|switch|p1a: Palossand|Palossand, F|100\/100\n|switch|p2a: Charizard|Charizard, M|100\/100\n|-weather|DesolateLand|[from] ability: Desolate Land|[of] p2a: Charizard\n|turn|1\n|l|%Iolanthe\n|\n|t:|1662944303\n|-weather|none\n|switch|p2a: Crustle|Crustle, M|100\/100\n|switch|p1a: Silvally|Silvally-Dragon|100\/100\n|\n|upkeep\n|turn|2\n|\n|t:|1662944311\n|move|p1a: Silvally|U-turn|p2a: Crustle\n|-damage|p2a: Crustle|87\/100\n|\n|t:|1662944319\n|switch|p1a: Palossand|Palossand, F|100\/100|[from]move: U-turn\n|move|p2a: Crustle|Knock Off|p1a: Palossand\n|-supereffective|p1a: Palossand\n|-damage|p1a: Palossand|63\/100\n|-damage|p2a: Crustle|71\/100|[from] item: Rocky Helmet|[of] p1a: Palossand\n|-enditem|p1a: Palossand|Rocky Helmet|[from] move: Knock Off|[of] p2a: Crustle\n|\n|upkeep\n|turn|3\n|\n|t:|1662944337\n|move|p2a: Crustle|Shell Smash|p2a: Crustle\n|-unboost|p2a: Crustle|def|1\n|-unboost|p2a: Crustle|spd|1\n|-boost|p2a: Crustle|atk|2\n|-boost|p2a: Crustle|spa|2\n|-boost|p2a: Crustle|spe|2\n|-enditem|p2a: Crustle|White Herb\n|-clearnegativeboost|p2a: Crustle|[silent]\n|move|p1a: Palossand|Shore Up|p1a: Palossand\n|-heal|p1a: Palossand|100\/100\n|\n|upkeep\n|turn|4\n|c|\u2606Faygos|i lost\n|c|\u2606Faygos|gg\n|\n|t:|1662944351\n|switch|p1a: Aromatisse|Aromatisse, F|100\/100\n|-ability|p1a: Aromatisse|Dauntless Shield|boost\n|-boost|p1a: Aromatisse|def|1\n|move|p2a: Crustle|Earthquake|p1a: Aromatisse\n|-damage|p1a: Aromatisse|69\/100\n|\n|-heal|p1a: Aromatisse|75\/100|[from] item: Leftovers\n|upkeep\n|turn|5\n|c|\u2606Faygos|nvm\n|\n|t:|1662944360\n|move|p2a: Crustle|Rock Blast|p1a: Aromatisse\n|-damage|p1a: Aromatisse|64\/100\n|-damage|p1a: Aromatisse|52\/100\n|-damage|p1a: Aromatisse|39\/100\n|-damage|p1a: Aromatisse|27\/100\n|-damage|p1a: Aromatisse|15\/100\n|-hitcount|p1a: Aromatisse|5\n|move|p1a: Aromatisse|Wish|p1a: Aromatisse\n|\n|-heal|p1a: Aromatisse|21\/100|[from] item: Leftovers\n|upkeep\n|turn|6\n|\n|t:|1662944369\n|move|p1a: Aromatisse|Protect|p1a: Aromatisse\n|-singleturn|p1a: Aromatisse|Protect\n|move|p2a: Crustle|Shell Smash|p2a: Crustle\n|-unboost|p2a: Crustle|def|1\n|-unboost|p2a: Crustle|spd|1\n|-boost|p2a: Crustle|atk|2\n|-boost|p2a: Crustle|spa|2\n|-boost|p2a: Crustle|spe|2\n|\n|-heal|p1a: Aromatisse|71\/100|[from] move: Wish|[wisher] Aromatisse\n|-heal|p1a: Aromatisse|77\/100|[from] item: Leftovers\n|upkeep\n|turn|7\n|\n|t:|1662944379\n|switch|p1a: Palossand|Palossand, F|100\/100\n|move|p2a: Crustle|Rock Blast|p1a: Palossand\n|-resisted|p1a: Palossand\n|-damage|p1a: Palossand|89\/100\n|-resisted|p1a: Palossand\n|-damage|p1a: Palossand|78\/100\n|-hitcount|p1a: Palossand|2\n|\n|upkeep\n|turn|8\n|\n|t:|1662944388\n|move|p2a: Crustle|Knock Off|p1a: Palossand\n|-supereffective|p1a: Palossand\n|-damage|p1a: Palossand|0 fnt\n|faint|p1a: Palossand\n|\n|upkeep\n|\n|t:|1662944404\n|switch|p1a: Ho-Oh|Ho-Oh|100\/100\n|turn|9\n|\n|t:|1662944408\n|move|p2a: Crustle|Rock Blast|p1a: Ho-Oh\n|-supereffective|p1a: Ho-Oh\n|-damage|p1a: Ho-Oh|0 fnt\n|faint|p1a: Ho-Oh\n|-hitcount|p1: Ho-Oh|1\n|\n|upkeep\n|\n|t:|1662944412\n|switch|p1a: Togedemaru|Togedemaru, M|100\/100\n|turn|10\n|\n|t:|1662944415\n|move|p2a: Crustle|Earthquake|p1a: Togedemaru\n|-supereffective|p1a: Togedemaru\n|-damage|p1a: Togedemaru|0 fnt\n|faint|p1a: Togedemaru\n|\n|upkeep\n|\n|t:|1662944418\n|switch|p1a: Silvally|Silvally-Dragon|100\/100\n|turn|11\n|\n|t:|1662944420\n|move|p2a: Crustle|Rock Blast|p1a: Silvally\n|-crit|p1a: Silvally\n|-damage|p1a: Silvally|55\/100\n|-damage|p1a: Silvally|23\/100\n|-damage|p1a: Silvally|0 fnt\n|faint|p1a: Silvally\n|-hitcount|p1: Silvally|3\n|\n|upkeep\n|\n|t:|1662944422\n|switch|p1a: Haunter|Haunter, F|100\/100\n|turn|12\n|\n|t:|1662944429\n|move|p2a: Crustle|Rock Blast|p1a: Haunter\n|-damage|p1a: Haunter|25\/100\n|-damage|p1a: Haunter|0 fnt\n|faint|p1a: Haunter\n|-hitcount|p1: Haunter|2\n|\n|upkeep\n|\n|t:|1662944432\n|switch|p1a: Aromatisse|Aromatisse, F|77\/100\n|-ability|p1a: Aromatisse|Dauntless Shield|boost\n|-boost|p1a: Aromatisse|def|1\n|turn|13\n|\n|t:|1662944437\n|move|p2a: Crustle|Rock Blast|p1a: Aromatisse\n|-damage|p1a: Aromatisse|60\/100\n|-damage|p1a: Aromatisse|41\/100\n|-hitcount|p1a: Aromatisse|2\n|move|p1a: Aromatisse|Moonblast|p2a: Crustle\n|-damage|p2a: Crustle|16\/100\n|-unboost|p2a: Crustle|spa|1\n|\n|-heal|p1a: Aromatisse|47\/100|[from] item: Leftovers\n|upkeep\n|turn|14\n|\n|t:|1662944443\n|move|p2a: Crustle|Rock Blast|p1a: Aromatisse\n|-damage|p1a: Aromatisse|30\/100\n|-damage|p1a: Aromatisse|11\/100\n|-hitcount|p1a: Aromatisse|2\n|move|p1a: Aromatisse|Wish|p1a: Aromatisse\n|\n|-heal|p1a: Aromatisse|17\/100|[from] item: Leftovers\n|upkeep\n|turn|15\n|\n|t:|1662944451\n|move|p1a: Aromatisse|Protect|p1a: Aromatisse\n|-singleturn|p1a: Aromatisse|Protect\n|move|p2a: Crustle|Rock Blast|p1a: Aromatisse\n|-activate|p1a: Aromatisse|move: Protect\n|\n|-heal|p1a: Aromatisse|67\/100|[from] move: Wish|[wisher] Aromatisse\n|-heal|p1a: Aromatisse|73\/100|[from] item: Leftovers\n|upkeep\n|turn|16\n|\n|t:|1662944454\n|move|p2a: Crustle|Rock Blast|p1a: Aromatisse\n|-damage|p1a: Aromatisse|54\/100\n|-damage|p1a: Aromatisse|37\/100\n|-damage|p1a: Aromatisse|19\/100\n|-hitcount|p1a: Aromatisse|3\n|move|p1a: Aromatisse|Moonblast|p2a: Crustle\n|-damage|p2a: Crustle|0 fnt\n|faint|p2a: Crustle\n|\n|-heal|p1a: Aromatisse|26\/100|[from] item: Leftovers\n|upkeep\n|\n|t:|1662944463\n|switch|p2a: Charizard|Charizard, M|100\/100\n|-weather|DesolateLand|[from] ability: Desolate Land|[of] p2a: Charizard\n|turn|17\n|l|#RICEMAN\n|c|\u2606Faygos|im ngl\n|c|\u2606Faygos|i thought u were skill link the entire time\n|\n|t:|1662944482\n|move|p2a: Charizard|Weather Ball|p1a: Aromatisse\n|-crit|p1a: Aromatisse\n|-damage|p1a: Aromatisse|0 fnt\n|faint|p1a: Aromatisse\n|\n|win|Miki327\n|n|\u2606Faygos|faygos\n|n|\u2606Miki327|miki327\n|n| oaklies|oaklies\n","uploadtime":1662944483,"views":11,"p1id":"faygos","p2id":"miki327","formatid":"gen8almostanyability","rating":0,"private":0,"password":null}