{"id":"gen8ou-1661267450","p1":"dracaufeu shiny","p2":"emperorcide","format":"gen8ou","log":"|j|\u2606dracaufeu shiny\n|j|\u2606emperorcide\n|t:|1662860752\n|gametype|singles\n|player|p1|dracaufeu shiny|red|1431\n|player|p2|emperorcide|2|1388\n|teamsize|p1|6\n|teamsize|p2|6\n|gen|8\n|tier|[Gen 8] OU\n|rated|\n|rule|Sleep Clause Mod: Limit one foe put to sleep\n|rule|Species Clause: Limit one of each Pok\u00e9mon\n|rule|OHKO Clause: OHKO moves are banned\n|rule|Evasion Items Clause: Evasion items are banned\n|rule|Evasion Moves Clause: Evasion moves are banned\n|rule|Endless Battle Clause: Forcing endless battles is banned\n|rule|HP Percentage Mod: HP is shown in percentages\n|rule|Dynamax Clause: You cannot dynamax\n|clearpoke\n|poke|p1|Heatran, F|\n|poke|p1|Tapu Lele|\n|poke|p1|Landorus-Therian, M|\n|poke|p1|Tornadus-Therian, M|\n|poke|p1|Ferrothorn, M|\n|poke|p1|Dragapult, F|\n|poke|p2|Blacephalon|\n|poke|p2|Garchomp, F|\n|poke|p2|Rillaboom, F|\n|poke|p2|Tyranitar, F|\n|poke|p2|Corviknight, F|\n|poke|p2|Slowking, F|\n|teampreview\n|inactive|Battle timer is ON: inactive players will automatically lose when time's up. (requested by emperorcide)\n|\n|t:|1662860762\n|start\n|switch|p1a: Tornadus|Tornadus-Therian, M|100\/100\n|switch|p2a: Tyranitar|Tyranitar, F|100\/100\n|-weather|Sandstorm|[from] ability: Sand Stream|[of] p2a: Tyranitar\n|turn|1\n|\n|t:|1662860765\n|move|p1a: Tornadus|U-turn|p2a: Tyranitar\n|-supereffective|p2a: Tyranitar\n|-damage|p2a: Tyranitar|77\/100\n|\n|t:|1662860768\n|switch|p1a: Ferrothorn|Ferrothorn, M|100\/100|[from]move: U-turn\n|move|p2a: Tyranitar|Stealth Rock|p1a: Ferrothorn\n|-sidestart|p1: dracaufeu shiny|move: Stealth Rock\n|\n|-weather|Sandstorm|[upkeep]\n|-heal|p2a: Tyranitar|83\/100|[from] item: Leftovers\n|upkeep\n|turn|2\n|\n|t:|1662860772\n|move|p2a: Tyranitar|Fire Blast|p1a: Ferrothorn\n|-supereffective|p1a: Ferrothorn\n|-damage|p1a: Ferrothorn|0 fnt\n|faint|p1a: Ferrothorn\n|\n|-weather|Sandstorm|[upkeep]\n|-heal|p2a: Tyranitar|90\/100|[from] item: Leftovers\n|upkeep\n|\n|t:|1662860776\n|switch|p1a: Landorus|Landorus-Therian, M|100\/100\n|-damage|p1a: Landorus|88\/100|[from] Stealth Rock\n|-ability|p1a: Landorus|Intimidate|boost\n|-unboost|p2a: Tyranitar|atk|1\n|turn|3\n|\n|t:|1662860780\n|move|p1a: Landorus|Defog|p2a: Tyranitar\n|-unboost|p2a: Tyranitar|evasion|1\n|-sideend|p1: dracaufeu shiny|Stealth Rock|[from] move: Defog|[of] p1a: Landorus\n|move|p2a: Tyranitar|Ice Beam|p1a: Landorus\n|-supereffective|p1a: Landorus\n|-damage|p1a: Landorus|14\/100\n|-status|p1a: Landorus|frz\n|\n|-weather|Sandstorm|[upkeep]\n|-heal|p1a: Landorus|20\/100 frz|[from] item: Leftovers\n|-heal|p2a: Tyranitar|96\/100|[from] item: Leftovers\n|upkeep\n|turn|4\n|\n|t:|1662860787\n|cant|p1a: Landorus|frz\n|move|p2a: Tyranitar|Stealth Rock|p1a: Landorus\n|-sidestart|p1: dracaufeu shiny|move: Stealth Rock\n|\n|-weather|Sandstorm|[upkeep]\n|-heal|p1a: Landorus|26\/100 frz|[from] item: Leftovers\n|-heal|p2a: Tyranitar|100\/100|[from] item: Leftovers\n|upkeep\n|turn|5\n|\n|t:|1662860790\n|cant|p1a: Landorus|frz\n|move|p2a: Tyranitar|Ice Beam|p1a: Landorus\n|-supereffective|p1a: Landorus\n|-damage|p1a: Landorus|0 fnt\n|faint|p1a: Landorus\n|\n|-weather|none\n|upkeep\n|\n|t:|1662860795\n|switch|p1a: Heatran|Heatran, F|100\/100\n|-damage|p1a: Heatran|88\/100|[from] Stealth Rock\n|turn|6\n|\n|t:|1662860800\n|switch|p2a: Slowking|Slowking, F, shiny|100\/100\n|move|p1a: Heatran|Magma Storm|p2a: Slowking\n|-resisted|p2a: Slowking\n|-damage|p2a: Slowking|89\/100\n|-activate|p2a: Slowking|move: Magma Storm|[of] p1a: Heatran\n|\n|-heal|p1a: Heatran|94\/100|[from] item: Leftovers\n|-damage|p2a: Slowking|76\/100|[from] move: Magma Storm|[partiallytrapped]\n|upkeep\n|turn|7\n|\n|t:|1662860805\n|move|p1a: Heatran|Taunt|p2a: Slowking\n|-start|p2a: Slowking|move: Taunt\n|move|p2a: Slowking|Scald|p1a: Heatran\n|-supereffective|p1a: Heatran\n|-damage|p1a: Heatran|57\/100\n|\n|-heal|p1a: Heatran|63\/100|[from] item: Leftovers\n|-damage|p2a: Slowking|64\/100|[from] move: Magma Storm|[partiallytrapped]\n|upkeep\n|turn|8\n|\n|t:|1662860811\n|move|p1a: Heatran|Heavy Slam|p2a: Slowking\n|-resisted|p2a: Slowking\n|-damage|p2a: Slowking|45\/100\n|move|p2a: Slowking|Scald|p1a: Heatran\n|-supereffective|p1a: Heatran\n|-damage|p1a: Heatran|32\/100\n|\n|-heal|p1a: Heatran|38\/100|[from] item: Leftovers\n|-damage|p2a: Slowking|33\/100|[from] move: Magma Storm|[partiallytrapped]\n|upkeep\n|turn|9\n|\n|t:|1662860819\n|move|p1a: Heatran|Earth Power|p2a: Slowking\n|-damage|p2a: Slowking|19\/100\n|move|p2a: Slowking|Scald|p1a: Heatran\n|-supereffective|p1a: Heatran\n|-damage|p1a: Heatran|5\/100\n|\n|-heal|p1a: Heatran|11\/100|[from] item: Leftovers\n|-damage|p2a: Slowking|6\/100|[from] move: Magma Storm|[partiallytrapped]\n|-end|p2a: Slowking|move: Taunt\n|upkeep\n|turn|10\n|\n|t:|1662860833\n|move|p1a: Heatran|Heavy Slam|p2a: Slowking\n|-resisted|p2a: Slowking\n|-damage|p2a: Slowking|0 fnt\n|faint|p2a: Slowking\n|\n|-heal|p1a: Heatran|18\/100|[from] item: Leftovers\n|upkeep\n|\n|t:|1662860842\n|switch|p2a: Garchomp|Garchomp, F|100\/100\n|turn|11\n|\n|t:|1662860846\n|switch|p1a: Tapu Lele|Tapu Lele|100\/100\n|-damage|p1a: Tapu Lele|88\/100|[from] Stealth Rock\n|-fieldstart|move: Psychic Terrain|[from] ability: Psychic Surge|[of] p1a: Tapu Lele\n|move|p2a: Garchomp|Substitute|p2a: Garchomp\n|-start|p2a: Garchomp|Substitute\n|-damage|p2a: Garchomp|76\/100\n|\n|-heal|p2a: Garchomp|82\/100|[from] item: Leftovers\n|upkeep\n|turn|12\n|\n|t:|1662860859\n|move|p1a: Tapu Lele|Moonblast|p2a: Garchomp\n|-supereffective|p2a: Garchomp\n|-end|p2a: Garchomp|Substitute\n|move|p2a: Garchomp|Earthquake|p1a: Tapu Lele\n|-damage|p1a: Tapu Lele|4\/100\n|\n|-heal|p2a: Garchomp|88\/100|[from] item: Leftovers\n|upkeep\n|turn|13\n|\n|t:|1662860875\n|switch|p1a: Heatran|Heatran, F|18\/100\n|-damage|p1a: Heatran|5\/100|[from] Stealth Rock\n|switch|p2a: Tyranitar|Tyranitar, F|100\/100\n|-weather|Sandstorm|[from] ability: Sand Stream|[of] p2a: Tyranitar\n|\n|-weather|Sandstorm|[upkeep]\n|-heal|p1a: Heatran|11\/100|[from] item: Leftovers\n|upkeep\n|turn|14\n|\n|t:|1662860880\n|move|p1a: Heatran|Magma Storm|p2a: Tyranitar|[miss]\n|-miss|p1a: Heatran|p2a: Tyranitar\n|move|p2a: Tyranitar|Earthquake|p1a: Heatran\n|-supereffective|p1a: Heatran\n|-damage|p1a: Heatran|0 fnt\n|faint|p1a: Heatran\n|\n|-weather|Sandstorm|[upkeep]\n|upkeep\n|l|\u2606dracaufeu shiny\n|inactive|dracaufeu shiny disconnected and has a minute to reconnect!\n|player|p1|\n|inactive|dracaufeu shiny has 30 seconds to reconnect!\n|inactive|dracaufeu shiny has 20 seconds to reconnect!\n|inactive|dracaufeu shiny has 15 seconds to reconnect!\n|inactive|dracaufeu shiny has 10 seconds to reconnect!\n|inactive|dracaufeu shiny has 5 seconds to reconnect!\n|-message|dracaufeu shiny lost due to inactivity.\n|\n|win|emperorcide\n|raw|dracaufeu shiny's rating: 1431 &rarr; <strong>1409<\/strong><br \/>(-22 for losing)\n|raw|emperorcide's rating: 1388 &rarr; <strong>1410<\/strong><br \/>(+22 for winning)\n||Ladder isn't responding, score probably updated but might not have (Request timeout).\n","uploadtime":1662860957,"views":18,"p1id":"dracaufeushiny","p2id":"emperorcide","formatid":"gen8ou","rating":1409,"private":0,"password":null}