{"id":"gen8oubeta-1011114523","p1":"Lunar Neo","p2":"Windy sea","format":"gen8oubeta","log":"|j|\u2606Lunar Neo\n|j|\u2606Windy sea\n|player|p1|Lunar Neo|248|1296\n|player|p2|Windy sea|1|1188\n|teamsize|p1|6\n|teamsize|p2|6\n|gametype|singles\n|gen|8\n|tier|[Gen 8] OU (beta)\n|rated|\n|rule|Species Clause: Limit one of each Pok\u00e9mon\n|rule|Moody Clause: Moody is banned\n|rule|OHKO Clause: OHKO moves are banned\n|rule|Evasion Moves Clause: Evasion moves are banned\n|clearpoke\n|poke|p1|Hydreigon, M|item\n|poke|p1|Mamoswine, F|item\n|poke|p1|Aegislash, F|item\n|poke|p1|Clefable, F|item\n|poke|p1|Quagsire, M|item\n|poke|p1|Toxtricity, F|item\n|poke|p2|Flapple, M|item\n|poke|p2|Rotom-Wash|item\n|poke|p2|Clefable, F|item\n|poke|p2|Dragapult, F|item\n|poke|p2|Toxapex, M|item\n|poke|p2|Excadrill, F|item\n|rule|HP Percentage Mod: HP is shown in percentages\n|rule|Endless Battle Clause: Forcing endless battles is banned\n|teampreview\n|inactive|Battle timer is ON: inactive players will automatically lose when time's up. (requested by Lunar Neo)\n|\n|start\n|switch|p1a: Mamoswine|Mamoswine, F|100\/100\n|switch|p2a: Excadrill|Excadrill, F|100\/100\n|-ability|p2a: Excadrill|Mold Breaker\n|turn|1\n|\n|move|p2a: Excadrill|Iron Head|p1a: Mamoswine\n|-supereffective|p1a: Mamoswine\n|-damage|p1a: Mamoswine|0 fnt\n|-damage|p2a: Excadrill|91\/100|[from] item: Life Orb\n|faint|p1a: Mamoswine\n|\n|upkeep\n|\n|switch|p1a: Hydreigon|Hydreigon, M|100\/100\n|turn|2\n|\n|switch|p2a: Clefable|Clefable, F|100\/100\n|move|p1a: Hydreigon|Dark Pulse|p2a: Clefable\n|-resisted|p2a: Clefable\n|-damage|p2a: Clefable|76\/100\n|-damage|p1a: Hydreigon|91\/100|[from] item: Life Orb\n|\n|-heal|p2a: Clefable|82\/100|[from] item: Leftovers\n|upkeep\n|turn|3\n|\n|switch|p1a: Aegislash|Aegislash, F|100\/100\n|move|p2a: Clefable|Stealth Rock|p1a: Aegislash\n|-sidestart|p1: Lunar Neo|move: Stealth Rock\n|\n|-heal|p2a: Clefable|88\/100|[from] item: Leftovers\n|upkeep\n|turn|4\n|\n|switch|p2a: Toxapex|Toxapex, M|100\/100\n|-formechange|p1a: Aegislash|Aegislash-Blade||[from] ability: Stance Change\n|move|p1a: Aegislash|Flash Cannon|p2a: Toxapex\n|-resisted|p2a: Toxapex\n|-damage|p2a: Toxapex|88\/100\n|\n|-heal|p2a: Toxapex|94\/100|[from] item: Black Sludge\n|upkeep\n|turn|5\n|\n|switch|p1a: Toxtricity|Toxtricity, F|100\/100\n|-damage|p1a: Toxtricity|88\/100|[from] Stealth Rock\n|move|p2a: Toxapex|Scald|p1a: Toxtricity\n|-damage|p1a: Toxtricity|64\/100\n|\n|-heal|p2a: Toxapex|100\/100|[from] item: Black Sludge\n|upkeep\n|turn|6\n|\n|switch|p2a: Excadrill|Excadrill, F|91\/100\n|-ability|p2a: Excadrill|Mold Breaker\n|move|p1a: Toxtricity|Boomburst|p2a: Excadrill\n|-resisted|p2a: Excadrill\n|-damage|p2a: Excadrill|13\/100\n|\n|upkeep\n|turn|7\n|\n|switch|p1a: Hydreigon|Hydreigon, M|91\/100\n|-damage|p1a: Hydreigon|78\/100|[from] Stealth Rock\n|move|p2a: Excadrill|Earthquake|p1a: Hydreigon\n|-damage|p1a: Hydreigon|0 fnt\n|-damage|p2a: Excadrill|3\/100|[from] item: Life Orb\n|faint|p1a: Hydreigon\n|\n|upkeep\n|\n|switch|p1a: Quagsire|Quagsire, M|100\/100\n|-damage|p1a: Quagsire|94\/100|[from] Stealth Rock\n|turn|8\n|\n|switch|p2a: Clefable|Clefable, F|88\/100\n|move|p1a: Quagsire|Recover|p1a: Quagsire\n|-heal|p1a: Quagsire|100\/100\n|\n|-heal|p2a: Clefable|94\/100|[from] item: Leftovers\n|upkeep\n|turn|9\n|\n|switch|p2a: Flapple|Flapple, M|100\/100\n|switch|p1a: Aegislash|Aegislash, F|100\/100\n|-damage|p1a: Aegislash|94\/100|[from] Stealth Rock\n|\n|-heal|p1a: Aegislash|100\/100|[from] item: Leftovers\n|upkeep\n|turn|10\n|\n|move|p2a: Flapple|U-turn|p1a: Aegislash\n|-resisted|p1a: Aegislash\n|-damage|p1a: Aegislash|92\/100\n|\n|switch|p2a: Dragapult|Dragapult, F|100\/100|[from]move: U-turn\n|-formechange|p1a: Aegislash|Aegislash-Blade||[from] ability: Stance Change\n|move|p1a: Aegislash|Flash Cannon|p2a: Dragapult\n|-damage|p2a: Dragapult|50\/100\n|\n|-heal|p1a: Aegislash|98\/100|[from] item: Leftovers\n|upkeep\n|turn|11\n|\n|switch|p1a: Clefable|Clefable, F|100\/100\n|-damage|p1a: Clefable|88\/100|[from] Stealth Rock\n|move|p2a: Dragapult|Phantom Force||[still]\n|-prepare|p2a: Dragapult|Phantom Force|p1a: Clefable\n|\n|-heal|p1a: Clefable|94\/100|[from] item: Leftovers\n|upkeep\n|turn|12\n|\n|move|p2a: Dragapult|Phantom Force|p1a: Clefable|[from]lockedmove\n|-damage|p1a: Clefable|40\/100\n|-damage|p2a: Dragapult|40\/100|[from] item: Life Orb\n|move|p1a: Clefable|Moonblast|p2a: Dragapult\n|-supereffective|p2a: Dragapult\n|-damage|p2a: Dragapult|0 fnt\n|faint|p2a: Dragapult\n|\n|-heal|p1a: Clefable|46\/100|[from] item: Leftovers\n|upkeep\n|\n|switch|p2a: Excadrill|Excadrill, F|3\/100\n|-ability|p2a: Excadrill|Mold Breaker\n|turn|13\n|\n|switch|p1a: Quagsire|Quagsire, M|100\/100\n|-damage|p1a: Quagsire|94\/100|[from] Stealth Rock\n|move|p2a: Excadrill|Earthquake|p1a: Quagsire\n|-damage|p1a: Quagsire|44\/100\n|-damage|p2a: Excadrill|0 fnt|[from] item: Life Orb\n|faint|p2a: Excadrill\n|\n|-heal|p1a: Quagsire|50\/100|[from] item: Leftovers\n|upkeep\n|\n|switch|p2a: Flapple|Flapple, M|100\/100\n|turn|14\n|\n|switch|p1a: Aegislash|Aegislash, F|98\/100\n|-damage|p1a: Aegislash|92\/100|[from] Stealth Rock\n|move|p2a: Flapple|Grav Apple|p1a: Aegislash|[miss]\n|-miss|p2a: Flapple|p1a: Aegislash\n|\n|-heal|p1a: Aegislash|98\/100|[from] item: Leftovers\n|upkeep\n|turn|15\n|\n|switch|p1a: Toxtricity|Toxtricity, F|64\/100\n|-damage|p1a: Toxtricity|52\/100|[from] Stealth Rock\n|-start|p2a: Flapple|Dynamax\n|-heal|p2a: Flapple|100\/100|[from] Dynamax\n|move|p2a: Flapple|Max Darkness|p1a: Toxtricity\n|-damage|p1a: Toxtricity|0 fnt\n|faint|p1a: Toxtricity\n|\n|upkeep\n|\n|switch|p1a: Clefable|Clefable, F|46\/100\n|-damage|p1a: Clefable|34\/100|[from] Stealth Rock\n|turn|16\n|\n|-start|p1a: Clefable|Dynamax\n|-heal|p1a: Clefable|34\/100|[from] Dynamax\n|move|p2a: Flapple|Max Overgrowth|p1a: Clefable\n|-damage|p1a: Clefable|0 fnt\n|-fieldstart|move: Grassy Terrain\n|faint|p1a: Clefable\n|\n|upkeep\n|-message|Lunar Neo forfeited.\n|\n|win|Windy sea\n|l|\u2606Lunar Neo\n","uploadtime":1573966721,"views":9,"p1id":"lunarneo","p2id":"windysea","formatid":"gen8oubeta","rating":0,"private":0,"password":null}