{"id":"gen8ou-1300203258","p1":"Cardinal Direction","p2":"hauntersnightmare","format":"gen8ou","log":"|j|\u2606Cardinal Direction\n|j|\u2606hauntersnightmare\n|t:|1615585354\n|player|p1|Cardinal Direction|ghetsis|1494\n|player|p2|hauntersnightmare|102|1510\n|teamsize|p1|6\n|teamsize|p2|6\n|gametype|singles\n|gen|8\n|tier|[Gen 8] OU\n|rated|\n|clearpoke\n|poke|p1|Landorus-Therian, M|\n|poke|p1|Zapdos|\n|poke|p1|Ferrothorn, M|\n|poke|p1|Urshifu-*, F|\n|poke|p1|Tapu Lele|\n|poke|p1|Heatran, M|\n|poke|p2|Dragapult, F|\n|poke|p2|Clefable, M|\n|poke|p2|Heatran, M|\n|poke|p2|Suicune|\n|poke|p2|Rillaboom, F|\n|poke|p2|Mandibuzz, F|\n|rule|Sleep Clause Mod: Limit one foe put to sleep\n|rule|Species Clause: Limit one of each Pok\u00e9mon\n|rule|OHKO Clause: OHKO moves are banned\n|rule|Evasion Moves Clause: Evasion moves are banned\n|rule|Endless Battle Clause: Forcing endless battles is banned\n|rule|HP Percentage Mod: HP is shown in percentages\n|rule|Dynamax Clause: You cannot dynamax\n|teampreview\n|\n|t:|1615585368\n|start\n|switch|p1a: Landorus|Landorus-Therian, M|100\/100\n|switch|p2a: Rillaboom|Rillaboom, F|100\/100\n|-ability|p1a: Landorus|Intimidate|boost\n|-unboost|p2a: Rillaboom|atk|1\n|-fieldstart|move: Grassy Terrain|[from] ability: Grassy Surge|[of] p2a: Rillaboom\n|turn|1\n|\n|t:|1615585372\n|switch|p2a: Mandibuzz|Mandibuzz, F|100\/100\n|move|p1a: Landorus|U-turn|p2a: Mandibuzz\n|-damage|p2a: Mandibuzz|74\/100\n|\n|t:|1615585381\n|switch|p1a: Zapdos|Zapdos|100\/100|[from]move: U-turn\n|\n|upkeep\n|turn|2\n|\n|t:|1615585389\n|switch|p2a: Dragapult|Dragapult, F|100\/100\n|move|p1a: Zapdos|Volt Switch|p2a: Dragapult\n|-resisted|p2a: Dragapult\n|-damage|p2a: Dragapult|84\/100\n|\n|t:|1615585404\n|switch|p1a: Tapu Lele|Tapu Lele|100\/100|[from]move: Volt Switch\n|-fieldstart|move: Psychic Terrain|[from] ability: Psychic Surge|[of] p1a: Tapu Lele\n|\n|-heal|p2a: Dragapult|90\/100|[from] item: Leftovers\n|upkeep\n|turn|3\n|\n|t:|1615585414\n|move|p1a: Tapu Lele|Moonblast|p2a: Dragapult\n|-supereffective|p2a: Dragapult\n|-damage|p2a: Dragapult|0 fnt\n|faint|p2a: Dragapult\n|\n|upkeep\n|\n|t:|1615585419\n|switch|p2a: Heatran|Heatran, M|100\/100\n|turn|4\n|\n|t:|1615585426\n|switch|p1a: Heatran|Heatran, M|100\/100\n|move|p2a: Heatran|Stealth Rock|p1a: Heatran\n|-sidestart|p1: Cardinal Direction|move: Stealth Rock\n|\n|upkeep\n|turn|5\n|\n|t:|1615585428\n|move|p2a: Heatran|Earth Power|p1a: Heatran\n|-supereffective|p1a: Heatran\n|-damage|p1a: Heatran|2\/100\n|move|p1a: Heatran|Earth Power|p2a: Heatran\n|-supereffective|p2a: Heatran\n|-damage|p2a: Heatran|0 fnt\n|faint|p2a: Heatran\n|\n|-heal|p1a: Heatran|8\/100|[from] item: Leftovers\n|upkeep\n|\n|t:|1615585437\n|switch|p2a: Rillaboom|Rillaboom, F|100\/100\n|-fieldstart|move: Grassy Terrain|[from] ability: Grassy Surge|[of] p2a: Rillaboom\n|turn|6\n|\n|t:|1615585440\n|move|p1a: Heatran|Protect|p1a: Heatran\n|-singleturn|p1a: Heatran|Protect\n|move|p2a: Rillaboom|Grassy Glide|p1a: Heatran\n|-activate|p1a: Heatran|move: Protect\n|\n|-heal|p1a: Heatran|14\/100|[from] Grassy Terrain\n|-heal|p1a: Heatran|21\/100|[from] item: Leftovers\n|upkeep\n|turn|7\n|\n|t:|1615585443\n|switch|p1a: Zapdos|Zapdos|100\/100\n|move|p2a: Rillaboom|Knock Off|p1a: Zapdos\n|-damage|p1a: Zapdos|72\/100\n|-status|p2a: Rillaboom|par|[from] ability: Static|[of] p1a: Zapdos\n|-enditem|p1a: Zapdos|Heavy-Duty Boots|[from] move: Knock Off|[of] p2a: Rillaboom\n|\n|upkeep\n|turn|8\n|\n|t:|1615585447\n|move|p1a: Zapdos|Defog|p2a: Rillaboom\n|-unboost|p2a: Rillaboom|evasion|1\n|-sideend|p1: Cardinal Direction|Stealth Rock|[from] move: Defog|[of] p1a: Zapdos\n|-fieldend|move: Grassy Terrain\n|cant|p2a: Rillaboom|par\n|\n|upkeep\n|turn|9\n|\n|t:|1615585454\n|switch|p2a: Clefable|Clefable, M|100\/100\n|move|p1a: Zapdos|Volt Switch|p2a: Clefable\n|-damage|p2a: Clefable|82\/100\n|\n|t:|1615585456\n|switch|p1a: Landorus|Landorus-Therian, M|100\/100|[from]move: Volt Switch\n|-ability|p1a: Landorus|Intimidate|boost\n|-unboost|p2a: Clefable|atk|1\n|\n|upkeep\n|turn|10\n|\n|t:|1615585463\n|move|p1a: Landorus|Earthquake|p2a: Clefable\n|-damage|p2a: Clefable|0 fnt\n|faint|p2a: Clefable\n|\n|upkeep\n|\n|t:|1615585466\n|switch|p2a: Mandibuzz|Mandibuzz, F|74\/100\n|turn|11\n|\n|t:|1615585468\n|switch|p1a: Ferrothorn|Ferrothorn, M|100\/100\n|move|p2a: Mandibuzz|U-turn|p1a: Ferrothorn\n|-damage|p1a: Ferrothorn|93\/100\n|-damage|p2a: Mandibuzz|62\/100|[from] ability: Iron Barbs|[of] p1a: Ferrothorn\n|-damage|p2a: Mandibuzz|45\/100|[from] item: Rocky Helmet|[of] p1a: Ferrothorn\n|\n|t:|1615585471\n|switch|p2a: Suicune|Suicune|100\/100|[from]move: U-turn\n|-ability|p2a: Suicune|Pressure\n|\n|upkeep\n|turn|12\n|\n|t:|1615585474\n|move|p2a: Suicune|Substitute|p2a: Suicune\n|-start|p2a: Suicune|Substitute\n|-damage|p2a: Suicune|75\/100\n|move|p1a: Ferrothorn|Power Whip|p2a: Suicune\n|-supereffective|p2a: Suicune\n|-end|p2a: Suicune|Substitute\n|\n|-heal|p2a: Suicune|82\/100|[from] item: Leftovers\n|upkeep\n|turn|13\n|\n|t:|1615585484\n|move|p2a: Suicune|Protect|p2a: Suicune\n|-singleturn|p2a: Suicune|Protect\n|move|p1a: Ferrothorn|Spikes|p2a: Suicune\n|-sidestart|p2: hauntersnightmare|Spikes\n|\n|-heal|p2a: Suicune|88\/100|[from] item: Leftovers\n|upkeep\n|turn|14\n|\n|t:|1615585488\n|switch|p2a: Mandibuzz|Mandibuzz, F|45\/100\n|move|p1a: Ferrothorn|Power Whip|p2a: Mandibuzz\n|-resisted|p2a: Mandibuzz\n|-damage|p2a: Mandibuzz|31\/100\n|\n|upkeep\n|turn|15\n|\n|t:|1615585494\n|move|p2a: Mandibuzz|Defog|p1a: Ferrothorn\n|-unboost|p1a: Ferrothorn|evasion|1\n|-sideend|p2: hauntersnightmare|Spikes|[from] move: Defog|[of] p2a: Mandibuzz\n|move|p1a: Ferrothorn|Spikes|p2a: Mandibuzz\n|-sidestart|p2: hauntersnightmare|Spikes\n|\n|upkeep\n|turn|16\n|\n|t:|1615585496\n|move|p2a: Mandibuzz|Taunt|p1a: Ferrothorn\n|-start|p1a: Ferrothorn|move: Taunt\n|cant|p1a: Ferrothorn|move: Taunt|Leech Seed\n|\n|upkeep\n|turn|17\n|\n|t:|1615585498\n|switch|p1a: Landorus|Landorus-Therian, M|100\/100\n|-ability|p1a: Landorus|Intimidate|boost\n|-unboost|p2a: Mandibuzz|atk|1\n|move|p2a: Mandibuzz|Defog|p1a: Landorus\n|-unboost|p1a: Landorus|evasion|1\n|-sideend|p2: hauntersnightmare|Spikes|[from] move: Defog|[of] p2a: Mandibuzz\n|\n|upkeep\n|turn|18\n|\n|t:|1615585503\n|switch|p2a: Rillaboom|Rillaboom, F|100\/100 par\n|-fieldstart|move: Grassy Terrain|[from] ability: Grassy Surge|[of] p2a: Rillaboom\n|move|p1a: Landorus|U-turn|p2a: Rillaboom\n|-supereffective|p2a: Rillaboom\n|-damage|p2a: Rillaboom|21\/100 par\n|\n|t:|1615585512\n|switch|p1a: Ferrothorn|Ferrothorn, M|93\/100|[from]move: U-turn\n|\n|-heal|p2a: Rillaboom|27\/100 par|[from] Grassy Terrain\n|-heal|p1a: Ferrothorn|99\/100|[from] Grassy Terrain\n|upkeep\n|turn|19\n|\n|t:|1615585515\n|switch|p2a: Suicune|Suicune|88\/100\n|-ability|p2a: Suicune|Pressure\n|move|p1a: Ferrothorn|Spikes|p2a: Suicune\n|-sidestart|p2: hauntersnightmare|Spikes\n|\n|-heal|p2a: Suicune|94\/100|[from] Grassy Terrain\n|-heal|p2a: Suicune|99\/100|[from] item: Leftovers\n|-heal|p1a: Ferrothorn|100\/100|[from] Grassy Terrain\n|upkeep\n|turn|20\n|\n|t:|1615585521\n|switch|p1a: Zapdos|Zapdos|72\/100\n|move|p2a: Suicune|Protect||[still]\n|-fail|p2a: Suicune\n|\n|-heal|p2a: Suicune|100\/100|[from] Grassy Terrain\n|upkeep\n|turn|21\n|\n|t:|1615585527\n|move|p1a: Zapdos|Volt Switch|p2a: Suicune\n|-supereffective|p2a: Suicune\n|-damage|p2a: Suicune|57\/100\n|\n|t:|1615585530\n|switch|p1a: Landorus|Landorus-Therian, M|100\/100|[from]move: Volt Switch\n|-ability|p1a: Landorus|Intimidate|boost\n|-unboost|p2a: Suicune|atk|1\n|move|p2a: Suicune|Calm Mind|p2a: Suicune\n|-boost|p2a: Suicune|spa|1\n|-boost|p2a: Suicune|spd|1\n|\n|-heal|p2a: Suicune|64\/100|[from] Grassy Terrain\n|-heal|p2a: Suicune|70\/100|[from] item: Leftovers\n|upkeep\n|turn|22\n|\n|t:|1615585534\n|move|p2a: Suicune|Protect|p2a: Suicune\n|-singleturn|p2a: Suicune|Protect\n|move|p1a: Landorus|Earthquake|p2a: Suicune\n|-activate|p2a: Suicune|move: Protect\n|\n|-heal|p2a: Suicune|76\/100|[from] Grassy Terrain\n|-heal|p2a: Suicune|82\/100|[from] item: Leftovers\n|upkeep\n|turn|23\n|\n|t:|1615585536\n|switch|p1a: Zapdos|Zapdos|72\/100\n|move|p2a: Suicune|Scald|p1a: Zapdos\n|-damage|p1a: Zapdos|33\/100\n|\n|-heal|p2a: Suicune|88\/100|[from] Grassy Terrain\n|-heal|p2a: Suicune|95\/100|[from] item: Leftovers\n|upkeep\n|turn|24\n|\n|t:|1615585543\n|move|p1a: Zapdos|Volt Switch|p2a: Suicune\n|-supereffective|p2a: Suicune\n|-damage|p2a: Suicune|69\/100\n|\n|t:|1615585547\n|switch|p1a: Heatran|Heatran, M|21\/100|[from]move: Volt Switch\n|move|p2a: Suicune|Substitute|p2a: Suicune\n|-start|p2a: Suicune|Substitute\n|-damage|p2a: Suicune|44\/100\n|\n|-heal|p1a: Heatran|27\/100|[from] Grassy Terrain\n|-heal|p1a: Heatran|33\/100|[from] item: Leftovers\n|-heal|p2a: Suicune|50\/100|[from] Grassy Terrain\n|-heal|p2a: Suicune|56\/100|[from] item: Leftovers\n|upkeep\n|turn|25\n|\n|t:|1615585553\n|move|p1a: Heatran|Taunt|p2a: Suicune\n|-start|p2a: Suicune|move: Taunt\n|cant|p2a: Suicune|move: Taunt|Calm Mind\n|\n|-heal|p1a: Heatran|39\/100|[from] Grassy Terrain\n|-heal|p1a: Heatran|46\/100|[from] item: Leftovers\n|-heal|p2a: Suicune|62\/100|[from] Grassy Terrain\n|-heal|p2a: Suicune|69\/100|[from] item: Leftovers\n|-fieldend|move: Grassy Terrain\n|upkeep\n|turn|26\n|\n|t:|1615585556\n|move|p1a: Heatran|Earth Power|p2a: Suicune\n|-activate|p2a: Suicune|move: Substitute|[damage]\n|move|p2a: Suicune|Scald|p1a: Heatran\n|-supereffective|p1a: Heatran\n|-damage|p1a: Heatran|0 fnt\n|faint|p1a: Heatran\n|\n|-heal|p2a: Suicune|75\/100|[from] item: Leftovers\n|upkeep\n|\n|t:|1615585560\n|switch|p1a: Zapdos|Zapdos|33\/100\n|turn|27\n|\n|t:|1615585563\n|move|p1a: Zapdos|Volt Switch|p2a: Suicune\n|-supereffective|p2a: Suicune\n|-end|p2a: Suicune|Substitute\n|\n|t:|1615585571\n|switch|p1a: Ferrothorn|Ferrothorn, M|100\/100|[from]move: Volt Switch\n|move|p2a: Suicune|Scald|p1a: Ferrothorn\n|-resisted|p1a: Ferrothorn\n|-damage|p1a: Ferrothorn|84\/100\n|\n|-heal|p2a: Suicune|81\/100|[from] item: Leftovers\n|-end|p2a: Suicune|move: Taunt\n|upkeep\n|turn|28\n|\n|t:|1615585577\n|move|p2a: Suicune|Protect|p2a: Suicune\n|-singleturn|p2a: Suicune|Protect\n|move|p1a: Ferrothorn|Power Whip|p2a: Suicune\n|-activate|p2a: Suicune|move: Protect\n|\n|-heal|p2a: Suicune|87\/100|[from] item: Leftovers\n|upkeep\n|turn|29\n|\n|t:|1615585582\n|move|p2a: Suicune|Substitute|p2a: Suicune\n|-start|p2a: Suicune|Substitute\n|-damage|p2a: Suicune|62\/100\n|move|p1a: Ferrothorn|Power Whip|p2a: Suicune\n|-supereffective|p2a: Suicune\n|-crit|p2a: Suicune\n|-end|p2a: Suicune|Substitute\n|\n|-heal|p2a: Suicune|68\/100|[from] item: Leftovers\n|upkeep\n|turn|30\n|\n|t:|1615585586\n|move|p2a: Suicune|Substitute|p2a: Suicune\n|-start|p2a: Suicune|Substitute\n|-damage|p2a: Suicune|43\/100\n|move|p1a: Ferrothorn|Spikes|p2a: Suicune\n|-sidestart|p2: hauntersnightmare|Spikes\n|\n|-heal|p2a: Suicune|50\/100|[from] item: Leftovers\n|upkeep\n|turn|31\n|\n|t:|1615585590\n|move|p2a: Suicune|Protect|p2a: Suicune\n|-singleturn|p2a: Suicune|Protect\n|move|p1a: Ferrothorn|Gyro Ball|p2a: Suicune\n|-activate|p2a: Suicune|move: Protect\n|\n|-heal|p2a: Suicune|56\/100|[from] item: Leftovers\n|upkeep\n|turn|32\n|\n|t:|1615585601\n|move|p2a: Suicune|Protect||[still]\n|-fail|p2a: Suicune\n|move|p1a: Ferrothorn|Power Whip|p2a: Suicune\n|-supereffective|p2a: Suicune\n|-end|p2a: Suicune|Substitute\n|\n|-heal|p2a: Suicune|62\/100|[from] item: Leftovers\n|upkeep\n|turn|33\n|\n|t:|1615585604\n|switch|p2a: Rillaboom|Rillaboom, F|27\/100 par\n|-damage|p2a: Rillaboom|10\/100 par|[from] Spikes\n|-fieldstart|move: Grassy Terrain|[from] ability: Grassy Surge|[of] p2a: Rillaboom\n|switch|p1a: Zapdos|Zapdos|33\/100\n|\n|-heal|p2a: Rillaboom|17\/100 par|[from] Grassy Terrain\n|upkeep\n|turn|34\n|\n|t:|1615585609\n|cant|p2a: Rillaboom|par\n|move|p1a: Zapdos|Defog|p2a: Rillaboom\n|-unboost|p2a: Rillaboom|evasion|1\n|-sideend|p2: hauntersnightmare|Spikes|[from] move: Defog|[of] p1a: Zapdos\n|-fieldend|move: Grassy Terrain\n|\n|upkeep\n|turn|35\n|\n|t:|1615585613\n|switch|p2a: Mandibuzz|Mandibuzz, F|31\/100\n|move|p1a: Zapdos|Roost|p1a: Zapdos\n|-heal|p1a: Zapdos|83\/100\n|-singleturn|p1a: Zapdos|move: Roost\n|\n|upkeep\n|turn|36\n|\n|t:|1615585618\n|move|p1a: Zapdos|Volt Switch|p2a: Mandibuzz\n|-supereffective|p2a: Mandibuzz\n|-damage|p2a: Mandibuzz|0 fnt\n|faint|p2a: Mandibuzz\n|\n|t:|1615585622\n|switch|p1a: Landorus|Landorus-Therian, M|100\/100|[from]move: Volt Switch\n|\n|upkeep\n|\n|t:|1615585624\n|switch|p2a: Rillaboom|Rillaboom, F|17\/100 par\n|-fieldstart|move: Grassy Terrain|[from] ability: Grassy Surge|[of] p2a: Rillaboom\n|turn|37\n|\n|t:|1615585634\n|move|p1a: Landorus|U-turn|p2a: Rillaboom\n|-supereffective|p2a: Rillaboom\n|-damage|p2a: Rillaboom|0 fnt\n|faint|p2a: Rillaboom\n|\n|t:|1615585645\n|switch|p1a: Tapu Lele|Tapu Lele|100\/100|[from]move: U-turn\n|-fieldstart|move: Psychic Terrain|[from] ability: Psychic Surge|[of] p1a: Tapu Lele\n|\n|upkeep\n|\n|t:|1615585647\n|switch|p2a: Suicune|Suicune|62\/100\n|-ability|p2a: Suicune|Pressure\n|turn|38\n|-message|hauntersnightmare forfeited.\n|\n|win|Cardinal Direction\n|raw|Cardinal Direction's rating: 1494 &rarr; <strong>1515<\/strong><br \/>(+21 for winning)\n|raw|hauntersnightmare's rating: 1510 &rarr; <strong>1489<\/strong><br \/>(-21 for losing)\n|l|\u2606hauntersnightmare\n||Ladder (probably) updated, but score could not be retrieved (Request timeout).\n","uploadtime":1615585660,"views":8,"p1id":"cardinaldirection","p2id":"hauntersnightmare","formatid":"gen8ou","rating":1489,"private":0,"password":null}