{"id":"gen8bdspou-1468585868","p1":"joedippy","p2":"Kikoobuster","format":"gen8bdspou","log":"|html|<div class=\"broadcast-blue\"><strong>[Gen 8 BDSP] OU is currently suspecting Latios! For information on how to participate check out the <a href=\"https:\/\/www.smogon.com\/forums\/threads\/np-bdsp-ou-suspect-process-round-1-mr-blue-sky.3694109\/\">suspect thread<\/a>.<\/strong><\/div>\n|j|\u2606joedippy\n|j|\u2606Kikoobuster\n|t:|1638904948\n|gametype|singles\n|player|p1|joedippy|170|1253\n|player|p2|Kikoobuster|1|1180\n|teamsize|p1|6\n|teamsize|p2|6\n|gen|8\n|tier|[Gen 8 BDSP] OU\n|rated|\n|rule|Sleep Clause Mod: Limit one foe put to sleep\n|rule|Species Clause: Limit one of each Pok\u00e9mon\n|rule|OHKO Clause: OHKO moves are banned\n|rule|Evasion Moves Clause: Evasion moves are banned\n|rule|Endless Battle Clause: Forcing endless battles is banned\n|rule|HP Percentage Mod: HP is shown in percentages\n|clearpoke\n|poke|p1|Gengar, F|\n|poke|p1|Rotom-Wash|\n|poke|p1|Gliscor, M|\n|poke|p1|Garchomp, M|\n|poke|p1|Manaphy|\n|poke|p1|Scizor, F|\n|poke|p2|Aerodactyl, F|\n|poke|p2|Weavile, M|\n|poke|p2|Breloom, M|\n|poke|p2|Togekiss, F|\n|poke|p2|Lucario, M|\n|poke|p2|Gengar, M|\n|teampreview\n|inactive|Battle timer is ON: inactive players will automatically lose when time's up. (requested by Kikoobuster)\n|\n|t:|1638904964\n|start\n|switch|p1a: Rotom|Rotom-Wash, shiny|100\/100\n|switch|p2a: Aerodactyl|Aerodactyl, F|100\/100\n|-ability|p2a: Aerodactyl|Pressure\n|turn|1\n|\n|t:|1638904979\n|move|p2a: Aerodactyl|Stealth Rock|p1a: Rotom\n|-sidestart|p1: joedippy|move: Stealth Rock\n|move|p1a: Rotom|Will-O-Wisp|p2a: Aerodactyl\n|-status|p2a: Aerodactyl|brn\n|\n|-damage|p2a: Aerodactyl|95\/100 brn|[from] brn\n|upkeep\n|turn|2\n|\n|t:|1638904986\n|move|p2a: Aerodactyl|Taunt|p1a: Rotom\n|-start|p1a: Rotom|move: Taunt\n|move|p1a: Rotom|Volt Switch|p2a: Aerodactyl\n|-supereffective|p2a: Aerodactyl\n|-damage|p2a: Aerodactyl|27\/100 brn\n|\n|t:|1638904993\n|switch|p1a: Scizor|Scizor, F|100\/100|[from]move: Volt Switch\n|-damage|p1a: Scizor|88\/100|[from] Stealth Rock\n|\n|-heal|p1a: Scizor|94\/100|[from] item: Leftovers\n|-damage|p2a: Aerodactyl|21\/100 brn|[from] brn\n|upkeep\n|turn|3\n|\n|t:|1638905000\n|move|p1a: Scizor|Bullet Punch|p2a: Aerodactyl\n|-supereffective|p2a: Aerodactyl\n|-damage|p2a: Aerodactyl|0 fnt\n|faint|p2a: Aerodactyl\n|\n|-heal|p1a: Scizor|100\/100|[from] item: Leftovers\n|upkeep\n|\n|t:|1638905003\n|switch|p2a: Breloom|Breloom, M|100\/100\n|turn|4\n|\n|t:|1638905012\n|move|p1a: Scizor|Bullet Punch|p2a: Breloom\n|-damage|p2a: Breloom|54\/100\n|move|p2a: Breloom|Spore|p1a: Scizor\n|-status|p1a: Scizor|slp|[from] move: Spore\n|\n|upkeep\n|turn|5\n|\n|t:|1638905020\n|switch|p1a: Gliscor|Gliscor, M, shiny|100\/100\n|-damage|p1a: Gliscor|88\/100|[from] Stealth Rock\n|move|p2a: Breloom|Bullet Seed|p1a: Gliscor\n|-damage|p1a: Gliscor|74\/100\n|-damage|p1a: Gliscor|61\/100\n|-hitcount|p1a: Gliscor|2\n|\n|-status|p1a: Gliscor|tox|[from] item: Toxic Orb\n|upkeep\n|turn|6\n|\n|t:|1638905030\n|move|p1a: Gliscor|Protect|p1a: Gliscor\n|-singleturn|p1a: Gliscor|Protect\n|move|p2a: Breloom|Swords Dance|p2a: Breloom\n|-boost|p2a: Breloom|atk|2\n|\n|-heal|p1a: Gliscor|74\/100 tox|[from] ability: Poison Heal\n|upkeep\n|turn|7\n|\n|t:|1638905037\n|move|p2a: Breloom|Bullet Seed|p1a: Gliscor\n|-damage|p1a: Gliscor|47\/100 tox\n|-damage|p1a: Gliscor|19\/100 tox\n|-hitcount|p1a: Gliscor|2\n|move|p1a: Gliscor|U-turn|p2a: Breloom\n|-damage|p2a: Breloom|28\/100\n|\n|t:|1638905045\n|switch|p1a: Scizor|Scizor, F|100\/100 slp|[from]move: U-turn\n|-damage|p1a: Scizor|88\/100 slp|[from] Stealth Rock\n|\n|-heal|p1a: Scizor|94\/100 slp|[from] item: Leftovers\n|upkeep\n|turn|8\n|\n|t:|1638905060\n|cant|p1a: Scizor|slp\n|move|p2a: Breloom|Bullet Seed|p1a: Scizor\n|-resisted|p1a: Scizor\n|-damage|p1a: Scizor|84\/100 slp\n|-resisted|p1a: Scizor\n|-damage|p1a: Scizor|73\/100 slp\n|-hitcount|p1a: Scizor|2\n|\n|-heal|p1a: Scizor|79\/100 slp|[from] item: Leftovers\n|upkeep\n|turn|9\n|\n|t:|1638905068\n|move|p2a: Breloom|Mach Punch|p1a: Scizor\n|-crit|p1a: Scizor\n|-damage|p1a: Scizor|0 fnt\n|faint|p1a: Scizor\n|\n|upkeep\n|\n|t:|1638905072\n|switch|p1a: Gengar|Gengar, F|100\/100\n|-damage|p1a: Gengar|88\/100|[from] Stealth Rock\n|turn|10\n|\n|t:|1638905076\n|move|p1a: Gengar|Substitute|p1a: Gengar\n|-start|p1a: Gengar|Substitute\n|-damage|p1a: Gengar|63\/100\n|move|p2a: Breloom|Bullet Seed|p1a: Gengar\n|-resisted|p1a: Gengar\n|-end|p1a: Gengar|Substitute\n|-resisted|p1a: Gengar\n|-damage|p1a: Gengar|20\/100\n|-hitcount|p1a: Gengar|2\n|\n|-heal|p1a: Gengar|27\/100|[from] item: Black Sludge\n|upkeep\n|turn|11\n|\n|t:|1638905087\n|switch|p2a: Weavile|Weavile, M|100\/100\n|-ability|p2a: Weavile|Pressure\n|move|p1a: Gengar|Sludge Bomb|p2a: Weavile\n|-damage|p2a: Weavile|30\/100\n|-status|p2a: Weavile|psn\n|\n|-heal|p1a: Gengar|33\/100|[from] item: Black Sludge\n|-damage|p2a: Weavile|17\/100 psn|[from] psn\n|upkeep\n|turn|12\n|\n|t:|1638905101\n|switch|p1a: Garchomp|Garchomp, M|100\/100\n|-damage|p1a: Garchomp|94\/100|[from] Stealth Rock\n|move|p2a: Weavile|Throat Chop|p1a: Garchomp\n|-damage|p1a: Garchomp|59\/100\n|-start|p1a: Garchomp|Throat Chop|[silent]\n|-damage|p2a: Weavile|5\/100 psn|[from] ability: Rough Skin|[of] p1a: Garchomp\n|-damage|p2a: Weavile|0 fnt|[from] item: Life Orb\n|faint|p2a: Weavile\n|\n|-heal|p1a: Garchomp|65\/100|[from] item: Leftovers\n|upkeep\n|\n|t:|1638905112\n|switch|p2a: Togekiss|Togekiss, F|100\/100\n|turn|13\n|\n|t:|1638905120\n|switch|p1a: Rotom|Rotom-Wash, shiny|100\/100\n|-damage|p1a: Rotom|88\/100|[from] Stealth Rock\n|move|p2a: Togekiss|Air Slash|p1a: Rotom|[miss]\n|-miss|p2a: Togekiss|p1a: Rotom\n|\n|upkeep\n|turn|14\n|\n|t:|1638905128\n|move|p2a: Togekiss|Fire Blast|p1a: Rotom\n|-resisted|p1a: Rotom\n|-damage|p1a: Rotom|74\/100\n|-status|p1a: Rotom|brn\n|move|p1a: Rotom|Volt Switch|p2a: Togekiss\n|-supereffective|p2a: Togekiss\n|-damage|p2a: Togekiss|54\/100\n|\n|t:|1638905140\n|switch|p1a: Gengar|Gengar, F|33\/100|[from]move: Volt Switch\n|-damage|p1a: Gengar|20\/100|[from] Stealth Rock\n|\n|-heal|p1a: Gengar|27\/100|[from] item: Black Sludge\n|upkeep\n|turn|15\n|\n|t:|1638905150\n|move|p1a: Gengar|Sludge Bomb|p2a: Togekiss\n|-supereffective|p2a: Togekiss\n|-damage|p2a: Togekiss|0 fnt\n|faint|p2a: Togekiss\n|\n|-heal|p1a: Gengar|33\/100|[from] item: Black Sludge\n|upkeep\n|\n|t:|1638905153\n|switch|p2a: Gengar|Gengar, M|100\/100\n|turn|16\n|\n|t:|1638905157\n|move|p2a: Gengar|Shadow Ball|p1a: Gengar\n|-supereffective|p1a: Gengar\n|-damage|p1a: Gengar|0 fnt\n|faint|p1a: Gengar\n|\n|upkeep\n|\n|t:|1638905168\n|switch|p1a: Garchomp|Garchomp, M|65\/100\n|-damage|p1a: Garchomp|59\/100|[from] Stealth Rock\n|turn|17\n|\n|t:|1638905172\n|move|p2a: Gengar|Nasty Plot|p2a: Gengar\n|-boost|p2a: Gengar|spa|2\n|move|p1a: Garchomp|Earthquake|p2a: Gengar\n|-supereffective|p2a: Gengar\n|-enditem|p2a: Gengar|Focus Sash\n|-damage|p2a: Gengar|1\/100\n|-start|p1a: Garchomp|Disable|Earthquake|[from] ability: Cursed Body|[of] p2a: Gengar\n|\n|-heal|p1a: Garchomp|65\/100|[from] item: Leftovers\n|upkeep\n|turn|18\n|c|\u2606joedippy|u risked the speed tie eh\n|c|\u2606joedippy|lucky\n|\n|t:|1638905190\n|move|p2a: Gengar|Shadow Ball|p1a: Garchomp\n|-damage|p1a: Garchomp|0 fnt\n|faint|p1a: Garchomp\n|\n|upkeep\n|c|\u2606Kikoobuster|yes\n|\n|t:|1638905198\n|switch|p1a: Manaphy|Manaphy|100\/100\n|-damage|p1a: Manaphy|88\/100|[from] Stealth Rock\n|turn|19\n|\n|t:|1638905204\n|move|p2a: Gengar|Shadow Ball|p1a: Manaphy\n|-damage|p1a: Manaphy|11\/100\n|-unboost|p1a: Manaphy|spd|1\n|move|p1a: Manaphy|Scald|p2a: Gengar\n|-damage|p2a: Gengar|0 fnt\n|-start|p1a: Manaphy|Disable|Scald|[from] ability: Cursed Body|[of] p2a: Gengar\n|faint|p2a: Gengar\n|\n|-heal|p1a: Manaphy|17\/100|[from] item: Leftovers\n|upkeep\n|\n|t:|1638905216\n|switch|p2a: Lucario|Lucario, M|100\/100\n|turn|20\n|\n|t:|1638905223\n|switch|p1a: Rotom|Rotom-Wash, shiny|74\/100 brn\n|-damage|p1a: Rotom|62\/100 brn|[from] Stealth Rock\n|move|p2a: Lucario|Extreme Speed|p1a: Rotom\n|-damage|p1a: Rotom|34\/100 brn\n|\n|-damage|p1a: Rotom|29\/100 brn|[from] brn\n|upkeep\n|turn|21\n|c|\u2606joedippy|and the fire blast burn won u the game\n|c|\u2606joedippy|so lucky\n|c|\u2606joedippy|gg\n|\n|t:|1638905246\n|move|p2a: Lucario|Close Combat|p1a: Rotom\n|-damage|p1a: Rotom|0 fnt\n|-unboost|p2a: Lucario|def|1\n|-unboost|p2a: Lucario|spd|1\n|faint|p1a: Rotom\n|\n|upkeep\n|c|\u2606Kikoobuster|gg\n|\n|t:|1638905253\n|switch|p1a: Gliscor|Gliscor, M, shiny|19\/100 tox\n|-damage|p1a: Gliscor|6\/100 tox|[from] Stealth Rock\n|turn|22\n|\n|t:|1638905257\n|move|p1a: Gliscor|Protect|p1a: Gliscor\n|-singleturn|p1a: Gliscor|Protect\n|move|p2a: Lucario|Extreme Speed|p1a: Gliscor\n|-activate|p1a: Gliscor|move: Protect\n|\n|-heal|p1a: Gliscor|19\/100 tox|[from] ability: Poison Heal\n|upkeep\n|turn|23\n|\n|t:|1638905266\n|move|p1a: Gliscor|Protect|p1a: Gliscor\n|-singleturn|p1a: Gliscor|Protect\n|move|p2a: Lucario|Meteor Mash|p1a: Gliscor\n|-activate|p1a: Gliscor|move: Protect\n|\n|-heal|p1a: Gliscor|31\/100 tox|[from] ability: Poison Heal\n|upkeep\n|turn|24\n|\n|t:|1638905275\n|switch|p2a: Breloom|Breloom, M|28\/100\n|move|p1a: Gliscor|Earthquake|p2a: Breloom\n|-resisted|p2a: Breloom\n|-damage|p2a: Breloom|0 fnt\n|faint|p2a: Breloom\n|\n|-heal|p1a: Gliscor|44\/100 tox|[from] ability: Poison Heal\n|upkeep\n|\n|t:|1638905276\n|switch|p2a: Lucario|Lucario, M|100\/100\n|turn|25\n|\n|t:|1638905285\n|move|p2a: Lucario|Meteor Mash|p1a: Gliscor\n|-damage|p1a: Gliscor|18\/100 tox\n|move|p1a: Gliscor|Earthquake|p2a: Lucario\n|-supereffective|p2a: Lucario\n|-damage|p2a: Lucario|0 fnt\n|faint|p2a: Lucario\n|\n|win|joedippy\n|raw|joedippy's rating: 1253 &rarr; <strong>1273<\/strong><br \/>(+20 for winning)\n|raw|Kikoobuster's rating: 1180 &rarr; <strong>1160<\/strong><br \/>(-20 for losing)\n|c|\u2606Kikoobuster|rip me ;)\n|c|\u2606Kikoobuster|gg\n|c|\u2606joedippy|wow....\n|c|\u2606Kikoobuster|;)\n|l|\u2606Kikoobuster\n||Ladder isn't responding, score probably updated but might not have (Request timeout).\n","uploadtime":1638905299,"views":56,"p1id":"joedippy","p2id":"kikoobuster","formatid":"gen8bdspou","rating":1160,"private":0,"password":null}