{"id":"gen8ou-1300443101","p1":"hauntersnightmare","p2":"Meth addict 2","format":"gen8ou","log":"|j|\u2606hauntersnightmare\n|j|\u2606Meth addict 2\n|t:|1615615675\n|player|p1|hauntersnightmare|2|1501\n|player|p2|Meth addict 2|roughneck|1510\n|teamsize|p1|6\n|teamsize|p2|6\n|gametype|singles\n|gen|8\n|tier|[Gen 8] OU\n|rated|\n|clearpoke\n|poke|p1|Corviknight, M|\n|poke|p1|Chansey, F|\n|poke|p1|Toxapex, M|\n|poke|p1|Hippowdon, F|\n|poke|p1|Clefable, M|\n|poke|p1|Weavile, F|\n|poke|p2|Landorus-Therian, M|\n|poke|p2|Heatran, M|\n|poke|p2|Rillaboom, F|\n|poke|p2|Corviknight, M|\n|poke|p2|Clefable, M|\n|poke|p2|Kyurem|\n|rule|Sleep Clause Mod: Limit one foe put to sleep\n|rule|Species Clause: Limit one of each Pok\u00e9mon\n|rule|OHKO Clause: OHKO moves are banned\n|rule|Evasion Moves Clause: Evasion moves are banned\n|rule|Endless Battle Clause: Forcing endless battles is banned\n|rule|HP Percentage Mod: HP is shown in percentages\n|rule|Dynamax Clause: You cannot dynamax\n|teampreview\n|inactive|Battle timer is ON: inactive players will automatically lose when time's up. (requested by Meth addict 2)\n|j| UnzipsCrogre\n|\n|t:|1615615699\n|start\n|switch|p1a: Clefable|Clefable, M|100\/100\n|switch|p2a: Kyurem|Kyurem|100\/100\n|-ability|p2a: Kyurem|Pressure\n|turn|1\n|\n|t:|1615615704\n|move|p2a: Kyurem|Ice Beam|p1a: Clefable\n|-damage|p1a: Clefable|39\/100\n|move|p1a: Clefable|Stealth Rock|p2a: Kyurem\n|-sidestart|p2: Meth addict 2|move: Stealth Rock\n|\n|upkeep\n|turn|2\n|\n|t:|1615615711\n|switch|p2a: Corviknight|Corviknight, M|100\/100\n|-damage|p2a: Corviknight|88\/100|[from] Stealth Rock\n|-ability|p2a: Corviknight|Pressure\n|switch|p1a: Chansey|Chansey, F|100\/100\n|\n|upkeep\n|turn|3\n|\n|t:|1615615717\n|switch|p1a: Clefable|Clefable, M|39\/100\n|move|p2a: Corviknight|Defog|p1a: Clefable\n|-unboost|p1a: Clefable|evasion|1\n|-sideend|p2: Meth addict 2|Stealth Rock|[from] move: Defog|[of] p2a: Corviknight\n|\n|upkeep\n|turn|4\n|\n|t:|1615615721\n|move|p2a: Corviknight|Brave Bird|p1a: Clefable\n|-damage|p1a: Clefable|12\/100\n|-damage|p2a: Corviknight|79\/100|[from] Recoil\n|move|p1a: Clefable|Soft-Boiled|p1a: Clefable\n|-heal|p1a: Clefable|62\/100\n|\n|upkeep\n|turn|5\n|\n|t:|1615615725\n|move|p2a: Corviknight|U-turn|p1a: Clefable\n|-resisted|p1a: Clefable\n|-damage|p1a: Clefable|56\/100\n|\n|t:|1615615728\n|switch|p2a: Heatran|Heatran, M|100\/100|[from]move: U-turn\n|move|p1a: Clefable|Stealth Rock|p2a: Heatran\n|-sidestart|p2: Meth addict 2|move: Stealth Rock\n|\n|upkeep\n|turn|6\n|\n|t:|1615615733\n|switch|p1a: Hippowdon|Hippowdon, F|100\/100\n|-weather|Sandstorm|[from] ability: Sand Stream|[of] p1a: Hippowdon\n|move|p2a: Heatran|Magma Storm|p1a: Hippowdon|[miss]\n|-miss|p2a: Heatran|p1a: Hippowdon\n|\n|-weather|Sandstorm|[upkeep]\n|upkeep\n|turn|7\n|\n|t:|1615615740\n|switch|p2a: Corviknight|Corviknight, M|79\/100\n|-damage|p2a: Corviknight|67\/100|[from] Stealth Rock\n|-ability|p2a: Corviknight|Pressure\n|move|p1a: Hippowdon|Whirlwind|p2a: Corviknight\n|drag|p2a: Kyurem|Kyurem|100\/100\n|-damage|p2a: Kyurem|76\/100|[from] Stealth Rock\n|-ability|p2a: Kyurem|Pressure\n|\n|-weather|Sandstorm|[upkeep]\n|-damage|p2a: Kyurem|70\/100|[from] Sandstorm\n|upkeep\n|turn|8\n|\n|t:|1615615748\n|switch|p2a: Corviknight|Corviknight, M|67\/100\n|-damage|p2a: Corviknight|54\/100|[from] Stealth Rock\n|-ability|p2a: Corviknight|Pressure\n|switch|p1a: Chansey|Chansey, F|100\/100\n|\n|-weather|Sandstorm|[upkeep]\n|-damage|p1a: Chansey|94\/100|[from] Sandstorm\n|upkeep\n|turn|9\n|\n|t:|1615615752\n|move|p2a: Corviknight|Defog|p1a: Chansey\n|-unboost|p1a: Chansey|evasion|1\n|-sideend|p2: Meth addict 2|Stealth Rock|[from] move: Defog|[of] p2a: Corviknight\n|move|p1a: Chansey|Thunder Wave|p2a: Corviknight\n|-status|p2a: Corviknight|par\n|\n|-weather|Sandstorm|[upkeep]\n|-damage|p1a: Chansey|88\/100|[from] Sandstorm\n|upkeep\n|turn|10\n|\n|t:|1615615755\n|move|p1a: Chansey|Seismic Toss|p2a: Corviknight\n|-damage|p2a: Corviknight|29\/100 par\n|-damage|p1a: Chansey|72\/100|[from] item: Rocky Helmet|[of] p2a: Corviknight\n|move|p2a: Corviknight|U-turn|p1a: Chansey\n|-damage|p1a: Chansey|63\/100\n|\n|t:|1615615770\n|switch|p2a: Heatran|Heatran, M|100\/100|[from]move: U-turn\n|\n|-weather|none\n|upkeep\n|turn|11\n|\n|t:|1615615774\n|switch|p1a: Hippowdon|Hippowdon, F|100\/100\n|-weather|Sandstorm|[from] ability: Sand Stream|[of] p1a: Hippowdon\n|move|p2a: Heatran|Magma Storm|p1a: Hippowdon|[miss]\n|-miss|p2a: Heatran|p1a: Hippowdon\n|\n|-weather|Sandstorm|[upkeep]\n|upkeep\n|turn|12\n|\n|t:|1615615784\n|switch|p2a: Corviknight|Corviknight, M|29\/100 par\n|-ability|p2a: Corviknight|Pressure\n|switch|p1a: Chansey|Chansey, F|63\/100\n|\n|-weather|Sandstorm|[upkeep]\n|-damage|p1a: Chansey|57\/100|[from] Sandstorm\n|upkeep\n|turn|13\n|\n|t:|1615615789\n|switch|p2a: Clefable|Clefable, M|100\/100\n|move|p1a: Chansey|Seismic Toss|p2a: Clefable\n|-damage|p2a: Clefable|75\/100\n|\n|-weather|Sandstorm|[upkeep]\n|-damage|p1a: Chansey|51\/100|[from] Sandstorm\n|-heal|p2a: Clefable|81\/100|[from] item: Leftovers\n|upkeep\n|turn|14\n|\n|t:|1615615792\n|move|p2a: Clefable|Wish|p2a: Clefable\n|move|p1a: Chansey|Soft-Boiled|p1a: Chansey\n|-heal|p1a: Chansey|100\/100\n|\n|-weather|Sandstorm|[upkeep]\n|-damage|p1a: Chansey|94\/100|[from] Sandstorm\n|-heal|p2a: Clefable|87\/100|[from] item: Leftovers\n|upkeep\n|turn|15\n|\n|t:|1615615796\n|switch|p1a: Clefable|Clefable, M|56\/100\n|move|p2a: Clefable|Teleport|p2a: Clefable\n|\n|t:|1615615804\n|switch|p2a: Kyurem|Kyurem|70\/100|[from]move: Teleport\n|-ability|p2a: Kyurem|Pressure\n|\n|-weather|none\n|-heal|p2a: Kyurem|100\/100|[from] move: Wish|[wisher] Clefable\n|upkeep\n|turn|16\n|\n|t:|1615615809\n|switch|p2a: Heatran|Heatran, M|100\/100\n|switch|p1a: Chansey|Chansey, F|94\/100\n|\n|upkeep\n|turn|17\n|\n|t:|1615615813\n|switch|p1a: Hippowdon|Hippowdon, F|100\/100\n|-weather|Sandstorm|[from] ability: Sand Stream|[of] p1a: Hippowdon\n|move|p2a: Heatran|Magma Storm|p1a: Hippowdon\n|-damage|p1a: Hippowdon|71\/100\n|-activate|p1a: Hippowdon|move: Magma Storm|[of] p2a: Heatran\n|\n|-weather|Sandstorm|[upkeep]\n|-heal|p1a: Hippowdon|77\/100|[from] item: Leftovers\n|-damage|p1a: Hippowdon|65\/100|[from] move: Magma Storm|[partiallytrapped]\n|upkeep\n|turn|18\n|\n|t:|1615615826\n|switch|p2a: Rillaboom|Rillaboom, F|100\/100\n|-fieldstart|move: Grassy Terrain|[from] ability: Grassy Surge|[of] p2a: Rillaboom\n|move|p1a: Hippowdon|Earthquake|p2a: Rillaboom\n|-resisted|p2a: Rillaboom\n|-damage|p2a: Rillaboom|91\/100\n|\n|-weather|Sandstorm|[upkeep]\n|-damage|p2a: Rillaboom|85\/100|[from] Sandstorm\n|-heal|p2a: Rillaboom|91\/100|[from] Grassy Terrain\n|-heal|p1a: Hippowdon|71\/100|[from] Grassy Terrain\n|-heal|p1a: Hippowdon|77\/100|[from] item: Leftovers\n|-end|p1a: Hippowdon|Magma Storm|[partiallytrapped]|[silent]\n|upkeep\n|turn|19\n|\n|t:|1615615832\n|switch|p1a: Corviknight|Corviknight, M|100\/100\n|-ability|p1a: Corviknight|Pressure\n|move|p2a: Rillaboom|U-turn|p1a: Corviknight\n|-resisted|p1a: Corviknight\n|-damage|p1a: Corviknight|95\/100\n|-damage|p2a: Rillaboom|74\/100|[from] item: Rocky Helmet|[of] p1a: Corviknight\n|\n|t:|1615615833\n|switch|p2a: Heatran|Heatran, M|100\/100|[from]move: U-turn\n|\n|-weather|Sandstorm|[upkeep]\n|upkeep\n|turn|20\n|\n|t:|1615615837\n|switch|p1a: Hippowdon|Hippowdon, F|77\/100\n|move|p2a: Heatran|Magma Storm|p1a: Hippowdon|[miss]\n|-miss|p2a: Heatran|p1a: Hippowdon\n|\n|-weather|Sandstorm|[upkeep]\n|-heal|p1a: Hippowdon|83\/100|[from] Grassy Terrain\n|-heal|p1a: Hippowdon|90\/100|[from] item: Leftovers\n|upkeep\n|turn|21\n|\n|t:|1615615843\n|switch|p2a: Kyurem|Kyurem|100\/100\n|-ability|p2a: Kyurem|Pressure\n|switch|p1a: Weavile|Weavile, F|100\/100\n|-ability|p1a: Weavile|Pressure\n|\n|-weather|none\n|upkeep\n|turn|22\n|\n|t:|1615615849\n|switch|p2a: Heatran|Heatran, M|100\/100\n|move|p1a: Weavile|Swords Dance|p1a: Weavile\n|-boost|p1a: Weavile|atk|2\n|\n|-fieldend|move: Grassy Terrain\n|upkeep\n|turn|23\n|l| UnzipsCrogre\n|\n|t:|1615615853\n|move|p1a: Weavile|Knock Off|p2a: Heatran\n|-damage|p2a: Heatran|13\/100\n|-enditem|p2a: Heatran|Leftovers|[from] move: Knock Off|[of] p1a: Weavile\n|move|p2a: Heatran|Magma Storm|p1a: Weavile\n|-supereffective|p1a: Weavile\n|-damage|p1a: Weavile|0 fnt\n|faint|p1a: Weavile\n|\n|upkeep\n|\n|t:|1615615864\n|switch|p1a: Chansey|Chansey, F|94\/100\n|turn|24\n|\n|t:|1615615871\n|switch|p2a: Clefable|Clefable, M|87\/100\n|move|p1a: Chansey|Seismic Toss|p2a: Clefable\n|-damage|p2a: Clefable|62\/100\n|\n|-heal|p2a: Clefable|68\/100|[from] item: Leftovers\n|upkeep\n|turn|25\n|\n|t:|1615615880\n|switch|p2a: Landorus|Landorus-Therian, M|100\/100\n|-ability|p2a: Landorus|Intimidate|boost\n|-unboost|p1a: Chansey|atk|1\n|switch|p1a: Clefable|Clefable, M|56\/100\n|\n|upkeep\n|turn|26\n|\n|t:|1615615884\n|move|p2a: Landorus|Earthquake|p1a: Clefable\n|-damage|p1a: Clefable|22\/100\n|move|p1a: Clefable|Stealth Rock|p2a: Landorus\n|-sidestart|p2: Meth addict 2|move: Stealth Rock\n|\n|upkeep\n|turn|27\n|\n|t:|1615615889\n|switch|p1a: Corviknight|Corviknight, M|95\/100\n|-ability|p1a: Corviknight|Pressure\n|move|p2a: Landorus|Knock Off|p1a: Corviknight\n|-damage|p1a: Corviknight|78\/100\n|-damage|p2a: Landorus|84\/100|[from] item: Rocky Helmet|[of] p1a: Corviknight\n|-enditem|p1a: Corviknight|Rocky Helmet|[from] move: Knock Off|[of] p2a: Landorus\n|\n|-heal|p2a: Landorus|90\/100|[from] item: Leftovers\n|upkeep\n|turn|28\n|\n|t:|1615615895\n|move|p2a: Landorus|U-turn|p1a: Corviknight\n|-resisted|p1a: Corviknight\n|-damage|p1a: Corviknight|74\/100\n|\n|t:|1615615897\n|switch|p2a: Clefable|Clefable, M|68\/100|[from]move: U-turn\n|move|p1a: Corviknight|Iron Defense|p1a: Corviknight\n|-boost|p1a: Corviknight|def|2\n|\n|-heal|p2a: Clefable|74\/100|[from] item: Leftovers\n|upkeep\n|turn|29\n|\n|t:|1615615903\n|move|p1a: Corviknight|Iron Defense|p1a: Corviknight\n|-boost|p1a: Corviknight|def|2\n|move|p2a: Clefable|Wish|p2a: Clefable\n|\n|-heal|p2a: Clefable|80\/100|[from] item: Leftovers\n|upkeep\n|turn|30\n|\n|t:|1615615911\n|move|p1a: Corviknight|Body Press|p2a: Clefable\n|-resisted|p2a: Clefable\n|-damage|p2a: Clefable|52\/100\n|move|p2a: Clefable|Teleport|p2a: Clefable\n|\n|t:|1615615914\n|switch|p2a: Heatran|Heatran, M|13\/100|[from]move: Teleport\n|-damage|p2a: Heatran|1\/100|[from] Stealth Rock\n|\n|-heal|p2a: Heatran|52\/100|[from] move: Wish|[wisher] Clefable\n|upkeep\n|turn|31\n|\n|t:|1615615918\n|move|p2a: Heatran|Magma Storm|p1a: Corviknight\n|-supereffective|p1a: Corviknight\n|-damage|p1a: Corviknight|0 fnt\n|faint|p1a: Corviknight\n|\n|upkeep\n|\n|t:|1615615920\n|switch|p1a: Hippowdon|Hippowdon, F|90\/100\n|-weather|Sandstorm|[from] ability: Sand Stream|[of] p1a: Hippowdon\n|turn|32\n|\n|t:|1615615928\n|move|p2a: Heatran|Protect|p2a: Heatran\n|-singleturn|p2a: Heatran|Protect\n|move|p1a: Hippowdon|Whirlwind|p2a: Heatran\n|drag|p2a: Rillaboom|Rillaboom, F|74\/100\n|-damage|p2a: Rillaboom|62\/100|[from] Stealth Rock\n|-fieldstart|move: Grassy Terrain|[from] ability: Grassy Surge|[of] p2a: Rillaboom\n|\n|-weather|Sandstorm|[upkeep]\n|-damage|p2a: Rillaboom|56\/100|[from] Sandstorm\n|-heal|p2a: Rillaboom|62\/100|[from] Grassy Terrain\n|-heal|p1a: Hippowdon|96\/100|[from] Grassy Terrain\n|-heal|p1a: Hippowdon|100\/100|[from] item: Leftovers\n|upkeep\n|turn|33\n|\n|t:|1615615935\n|switch|p1a: Clefable|Clefable, M|22\/100\n|move|p2a: Rillaboom|Wood Hammer|p1a: Clefable\n|-damage|p1a: Clefable|0 fnt\n|-damage|p2a: Rillaboom|54\/100|[from] Recoil\n|faint|p1a: Clefable\n|\n|-weather|Sandstorm|[upkeep]\n|-damage|p2a: Rillaboom|48\/100|[from] Sandstorm\n|-heal|p2a: Rillaboom|54\/100|[from] Grassy Terrain\n|upkeep\n|\n|t:|1615615941\n|switch|p1a: Toxapex|Toxapex, M|100\/100\n|turn|34\n|\n|t:|1615615947\n|switch|p2a: Clefable|Clefable, M|52\/100\n|move|p1a: Toxapex|Toxic Spikes|p2a: Clefable\n|-sidestart|p2: Meth addict 2|move: Toxic Spikes\n|\n|-weather|Sandstorm|[upkeep]\n|-damage|p1a: Toxapex|94\/100|[from] Sandstorm\n|-heal|p2a: Clefable|58\/100|[from] Grassy Terrain\n|-heal|p2a: Clefable|64\/100|[from] item: Leftovers\n|-heal|p1a: Toxapex|100\/100|[from] Grassy Terrain\n|upkeep\n|turn|35\n|\n|t:|1615615950\n|move|p2a: Clefable|Wish|p2a: Clefable\n|move|p1a: Toxapex|Knock Off|p2a: Clefable\n|-resisted|p2a: Clefable\n|-damage|p2a: Clefable|59\/100\n|-enditem|p2a: Clefable|Leftovers|[from] move: Knock Off|[of] p1a: Toxapex\n|\n|-weather|Sandstorm|[upkeep]\n|-damage|p1a: Toxapex|94\/100|[from] Sandstorm\n|-heal|p2a: Clefable|65\/100|[from] Grassy Terrain\n|-heal|p1a: Toxapex|100\/100|[from] Grassy Terrain\n|upkeep\n|turn|36\n|\n|t:|1615615956\n|move|p1a: Toxapex|Toxic Spikes|p2a: Clefable\n|-sidestart|p2: Meth addict 2|move: Toxic Spikes\n|move|p2a: Clefable|Teleport|p2a: Clefable\n|\n|t:|1615615957\n|switch|p2a: Corviknight|Corviknight, M|29\/100 par|[from]move: Teleport\n|-damage|p2a: Corviknight|17\/100 par|[from] Stealth Rock\n|-ability|p2a: Corviknight|Pressure\n|\n|-weather|none\n|-heal|p2a: Corviknight|66\/100 par|[from] move: Wish|[wisher] Clefable\n|-fieldend|move: Grassy Terrain\n|upkeep\n|turn|37\n|\n|t:|1615615963\n|move|p1a: Toxapex|Knock Off|p2a: Corviknight\n|-damage|p2a: Corviknight|57\/100 par\n|-damage|p1a: Toxapex|84\/100|[from] item: Rocky Helmet|[of] p2a: Corviknight\n|-enditem|p2a: Corviknight|Rocky Helmet|[from] move: Knock Off|[of] p1a: Toxapex\n|move|p2a: Corviknight|Defog|p1a: Toxapex\n|-unboost|p1a: Toxapex|evasion|1\n|-sideend|p2: Meth addict 2|Toxic Spikes|[from] move: Defog|[of] p2a: Corviknight\n|-sideend|p2: Meth addict 2|Stealth Rock|[from] move: Defog|[of] p2a: Corviknight\n|\n|-heal|p1a: Toxapex|90\/100|[from] item: Black Sludge\n|upkeep\n|turn|38\n|\n|t:|1615615968\n|switch|p2a: Landorus|Landorus-Therian, M|90\/100\n|-ability|p2a: Landorus|Intimidate|boost\n|-unboost|p1a: Toxapex|atk|1\n|move|p1a: Toxapex|Toxic Spikes|p2a: Landorus\n|-sidestart|p2: Meth addict 2|move: Toxic Spikes\n|\n|-heal|p2a: Landorus|96\/100|[from] item: Leftovers\n|-heal|p1a: Toxapex|97\/100|[from] item: Black Sludge\n|upkeep\n|turn|39\n|\n|t:|1615615973\n|move|p2a: Landorus|Earthquake|p1a: Toxapex\n|-supereffective|p1a: Toxapex\n|-damage|p1a: Toxapex|37\/100\n|move|p1a: Toxapex|Knock Off|p2a: Landorus\n|-damage|p2a: Landorus|88\/100\n|-enditem|p2a: Landorus|Leftovers|[from] move: Knock Off|[of] p1a: Toxapex\n|\n|-heal|p1a: Toxapex|43\/100|[from] item: Black Sludge\n|upkeep\n|turn|40\n|\n|t:|1615615978\n|switch|p1a: Hippowdon|Hippowdon, F|100\/100\n|-weather|Sandstorm|[from] ability: Sand Stream|[of] p1a: Hippowdon\n|move|p2a: Landorus|Knock Off|p1a: Hippowdon\n|-damage|p1a: Hippowdon|79\/100\n|-enditem|p1a: Hippowdon|Leftovers|[from] move: Knock Off|[of] p2a: Landorus\n|\n|-weather|Sandstorm|[upkeep]\n|upkeep\n|turn|41\n|\n|t:|1615615982\n|move|p2a: Landorus|U-turn|p1a: Hippowdon\n|-damage|p1a: Hippowdon|62\/100\n|\n|t:|1615615985\n|switch|p2a: Corviknight|Corviknight, M|57\/100 par|[from]move: U-turn\n|-ability|p2a: Corviknight|Pressure\n|move|p1a: Hippowdon|Toxic||[still]\n|-fail|p1a: Hippowdon\n|\n|-weather|Sandstorm|[upkeep]\n|upkeep\n|turn|42\n|\n|t:|1615615989\n|move|p2a: Corviknight|U-turn|p1a: Hippowdon\n|-damage|p1a: Hippowdon|52\/100\n|\n|t:|1615615991\n|switch|p2a: Clefable|Clefable, M|65\/100|[from]move: U-turn\n|-status|p2a: Clefable|psn\n|move|p1a: Hippowdon|Whirlwind|p2a: Clefable\n|drag|p2a: Kyurem|Kyurem|100\/100\n|-status|p2a: Kyurem|psn\n|-ability|p2a: Kyurem|Pressure\n|\n|-weather|Sandstorm|[upkeep]\n|-damage|p2a: Kyurem|94\/100 psn|[from] Sandstorm\n|-damage|p2a: Kyurem|82\/100 psn|[from] psn\n|upkeep\n|turn|43\n|\n|t:|1615615996\n|switch|p1a: Chansey|Chansey, F|94\/100\n|move|p2a: Kyurem|Freeze-Dry|p1a: Chansey\n|-damage|p1a: Chansey|76\/100\n|\n|-weather|Sandstorm|[upkeep]\n|-damage|p2a: Kyurem|76\/100 psn|[from] Sandstorm\n|-damage|p1a: Chansey|70\/100|[from] Sandstorm\n|-damage|p2a: Kyurem|64\/100 psn|[from] psn\n|upkeep\n|turn|44\n|\n|t:|1615616004\n|switch|p2a: Corviknight|Corviknight, M|57\/100 par\n|-ability|p2a: Corviknight|Pressure\n|switch|p1a: Hippowdon|Hippowdon, F|52\/100\n|\n|-weather|none\n|upkeep\n|turn|45\n|\n|t:|1615616007\n|move|p1a: Hippowdon|Slack Off|p1a: Hippowdon\n|-heal|p1a: Hippowdon|100\/100\n|move|p2a: Corviknight|Defog|p1a: Hippowdon\n|-unboost|p1a: Hippowdon|evasion|1\n|-sideend|p2: Meth addict 2|Toxic Spikes|[from] move: Defog|[of] p2a: Corviknight\n|\n|upkeep\n|turn|46\n|\n|t:|1615616013\n|switch|p1a: Toxapex|Toxapex, M|76\/100\n|move|p2a: Corviknight|Roost|p2a: Corviknight\n|-heal|p2a: Corviknight|100\/100 par\n|-singleturn|p2a: Corviknight|move: Roost\n|\n|-heal|p1a: Toxapex|82\/100|[from] item: Black Sludge\n|upkeep\n|turn|47\n|\n|t:|1615616017\n|switch|p2a: Landorus|Landorus-Therian, M|88\/100\n|-ability|p2a: Landorus|Intimidate|boost\n|-unboost|p1a: Toxapex|atk|1\n|move|p1a: Toxapex|Toxic Spikes|p2a: Landorus\n|-sidestart|p2: Meth addict 2|move: Toxic Spikes\n|\n|-heal|p1a: Toxapex|89\/100|[from] item: Black Sludge\n|upkeep\n|turn|48\n|\n|t:|1615616023\n|switch|p1a: Hippowdon|Hippowdon, F|100\/100\n|-weather|Sandstorm|[from] ability: Sand Stream|[of] p1a: Hippowdon\n|move|p2a: Landorus|U-turn|p1a: Hippowdon\n|-damage|p1a: Hippowdon|85\/100\n|\n|t:|1615616024\n|switch|p2a: Corviknight|Corviknight, M|100\/100 par|[from]move: U-turn\n|-ability|p2a: Corviknight|Pressure\n|\n|-weather|Sandstorm|[upkeep]\n|upkeep\n|turn|49\n|\n|t:|1615616029\n|cant|p2a: Corviknight|par\n|move|p1a: Hippowdon|Whirlwind|p2a: Corviknight\n|drag|p2a: Clefable|Clefable, M|65\/100 psn\n|\n|-weather|Sandstorm|[upkeep]\n|upkeep\n|turn|50\n|\n|t:|1615616032\n|move|p2a: Clefable|Wish|p2a: Clefable\n|move|p1a: Hippowdon|Earthquake|p2a: Clefable\n|-damage|p2a: Clefable|34\/100 psn\n|\n|-weather|Sandstorm|[upkeep]\n|upkeep\n|turn|51\n|\n|t:|1615616044\n|switch|p1a: Toxapex|Toxapex, M|100\/100\n|move|p2a: Clefable|Moonblast|p1a: Toxapex\n|-resisted|p1a: Toxapex\n|-damage|p1a: Toxapex|88\/100\n|\n|-weather|Sandstorm|[upkeep]\n|-damage|p1a: Toxapex|81\/100|[from] Sandstorm\n|-heal|p2a: Clefable|84\/100 psn|[from] move: Wish|[wisher] Clefable\n|-heal|p1a: Toxapex|88\/100|[from] item: Black Sludge\n|upkeep\n|turn|52\n|\n|t:|1615616046\n|move|p2a: Clefable|Wish|p2a: Clefable\n|move|p1a: Toxapex|Toxic Spikes|p2a: Clefable\n|-sidestart|p2: Meth addict 2|move: Toxic Spikes\n|\n|-weather|none\n|-heal|p1a: Toxapex|94\/100|[from] item: Black Sludge\n|upkeep\n|turn|53\n|\n|t:|1615616050\n|switch|p1a: Hippowdon|Hippowdon, F|85\/100\n|-weather|Sandstorm|[from] ability: Sand Stream|[of] p1a: Hippowdon\n|move|p2a: Clefable|Teleport|p2a: Clefable\n|\n|t:|1615616059\n|switch|p2a: Kyurem|Kyurem|64\/100 psn|[from]move: Teleport\n|-ability|p2a: Kyurem|Pressure\n|\n|-weather|Sandstorm|[upkeep]\n|-damage|p2a: Kyurem|58\/100 psn|[from] Sandstorm\n|-heal|p2a: Kyurem|100\/100 psn|[from] move: Wish|[wisher] Clefable\n|-damage|p2a: Kyurem|88\/100 psn|[from] psn\n|upkeep\n|turn|54\n|\n|t:|1615616062\n|switch|p2a: Corviknight|Corviknight, M|100\/100 par\n|-ability|p2a: Corviknight|Pressure\n|switch|p1a: Chansey|Chansey, F|70\/100\n|\n|-weather|Sandstorm|[upkeep]\n|-damage|p1a: Chansey|64\/100|[from] Sandstorm\n|upkeep\n|turn|55\n|\n|t:|1615616065\n|move|p1a: Chansey|Seismic Toss|p2a: Corviknight\n|-damage|p2a: Corviknight|75\/100 par\n|move|p2a: Corviknight|Defog|p1a: Chansey\n|-unboost|p1a: Chansey|evasion|1\n|-sideend|p2: Meth addict 2|Toxic Spikes|[from] move: Defog|[of] p2a: Corviknight\n|\n|-weather|Sandstorm|[upkeep]\n|-damage|p1a: Chansey|58\/100|[from] Sandstorm\n|upkeep\n|turn|56\n|\n|t:|1615616068\n|move|p1a: Chansey|Soft-Boiled|p1a: Chansey\n|-heal|p1a: Chansey|100\/100\n|move|p2a: Corviknight|U-turn|p1a: Chansey\n|-crit|p1a: Chansey\n|-damage|p1a: Chansey|86\/100\n|\n|t:|1615616070\n|switch|p2a: Rillaboom|Rillaboom, F|54\/100|[from]move: U-turn\n|-fieldstart|move: Grassy Terrain|[from] ability: Grassy Surge|[of] p2a: Rillaboom\n|\n|-weather|Sandstorm|[upkeep]\n|-damage|p2a: Rillaboom|48\/100|[from] Sandstorm\n|-damage|p1a: Chansey|80\/100|[from] Sandstorm\n|-heal|p2a: Rillaboom|54\/100|[from] Grassy Terrain\n|-heal|p1a: Chansey|86\/100|[from] Grassy Terrain\n|upkeep\n|turn|57\n|\n|t:|1615616074\n|switch|p1a: Toxapex|Toxapex, M|100\/100\n|move|p2a: Rillaboom|Wood Hammer|p1a: Toxapex\n|-damage|p1a: Toxapex|13\/100\n|-damage|p2a: Rillaboom|28\/100|[from] Recoil\n|\n|-weather|none\n|-heal|p2a: Rillaboom|35\/100|[from] Grassy Terrain\n|-heal|p1a: Toxapex|20\/100|[from] Grassy Terrain\n|-heal|p1a: Toxapex|26\/100|[from] item: Black Sludge\n|upkeep\n|turn|58\n|\n|t:|1615616078\n|switch|p1a: Chansey|Chansey, F|86\/100\n|move|p2a: Rillaboom|Wood Hammer|p1a: Chansey\n|-damage|p1a: Chansey|0 fnt\n|-damage|p2a: Rillaboom|0 fnt|[from] Recoil\n|faint|p1a: Chansey\n|faint|p2a: Rillaboom\n|\n|upkeep\n|-message|hauntersnightmare forfeited.\n|\n|win|Meth addict 2\n|raw|hauntersnightmare's rating: 1501 &rarr; <strong>1482<\/strong><br \/>(-19 for losing)\n|raw|Meth addict 2's rating: 1510 &rarr; <strong>1529<\/strong><br \/>(+19 for winning)\n|l|\u2606hauntersnightmare\n|l|\u2606Meth addict 2\n|raw|hauntersnightmare's rating: 1501 &rarr; <strong>1482<\/strong><br \/>(-19 for losing)\n|raw|Meth addict 2's rating: 1510 &rarr; <strong>1530<\/strong><br \/>(+20 for winning)\n","uploadtime":1615616180,"views":13,"p1id":"hauntersnightmare","p2id":"methaddict2","formatid":"gen8ou","rating":1482,"private":0,"password":null}