{"id":"gen8ubers-1641778798","p1":"Mahathir2010","p2":"Stads","format":"gen8ubers","log":"|j|\u2606Mahathir2010\n|j|\u2606Stads\n|t:|1660750676\n|gametype|singles\n|player|p1|Mahathir2010|rosa|1113\n|player|p2|Stads|2|1404\n|teamsize|p1|6\n|teamsize|p2|6\n|gen|8\n|tier|[Gen 8] Ubers\n|rated|\n|rule|Sleep Clause Mod: Limit one foe put to sleep\n|rule|Species Clause: Limit one of each Pok\u00e9mon\n|rule|OHKO Clause: OHKO moves are banned\n|rule|Evasion Items Clause: Evasion items are banned\n|rule|Evasion Moves Clause: Evasion moves are banned\n|rule|Endless Battle Clause: Forcing endless battles is banned\n|rule|HP Percentage Mod: HP is shown in percentages\n|rule|Dynamax Clause: You cannot dynamax\n|clearpoke\n|poke|p1|Darmanitan-Galar, M|\n|poke|p1|Cinderace, F|\n|poke|p1|Zamazenta-*|\n|poke|p1|Marshadow|\n|poke|p1|Eternatus|\n|poke|p1|Dracovish|\n|poke|p2|Magnezone|\n|poke|p2|Darmanitan-Galar, F|\n|poke|p2|Xerneas-*|\n|poke|p2|Necrozma-Dusk-Mane|\n|poke|p2|Yveltal|\n|poke|p2|Eternatus|\n|teampreview\n|inactive|Battle timer is ON: inactive players will automatically lose when time's up. (requested by Mahathir2010)\n|\n|t:|1660750704\n|start\n|switch|p1a: Darmanitan|Darmanitan-Galar, M|100\/100\n|switch|p2a: Darmanitan|Darmanitan-Galar, F|100\/100\n|turn|1\n|\n|t:|1660750716\n|move|p1a: Darmanitan|Flare Blitz|p2a: Darmanitan\n|-supereffective|p2a: Darmanitan\n|-damage|p2a: Darmanitan|0 fnt\n|faint|p2a: Darmanitan\n|-damage|p1a: Darmanitan|67\/100|[from] Recoil\n|\n|upkeep\n|\n|t:|1660750719\n|switch|p2a: Eternatus|Eternatus|100\/100\n|-ability|p2a: Eternatus|Pressure\n|turn|2\n|\n|t:|1660750730\n|switch|p1a: Zamazenta|Zamazenta-Crowned|100\/100\n|-ability|p1a: Zamazenta|Dauntless Shield|boost\n|-boost|p1a: Zamazenta|def|1\n|move|p2a: Eternatus|Toxic|p1a: Zamazenta\n|-immune|p1a: Zamazenta\n|\n|upkeep\n|turn|3\n|\n|t:|1660750740\n|move|p1a: Zamazenta|Play Rough|p2a: Eternatus\n|-damage|p2a: Eternatus|75\/100\n|move|p2a: Eternatus|Mystical Fire|p1a: Zamazenta\n|-supereffective|p1a: Zamazenta\n|-damage|p1a: Zamazenta|62\/100\n|-unboost|p1a: Zamazenta|spa|1\n|\n|upkeep\n|turn|4\n|\n|t:|1660750750\n|move|p1a: Zamazenta|Behemoth Bash|p2a: Eternatus\n|-damage|p2a: Eternatus|38\/100\n|move|p2a: Eternatus|Recover|p2a: Eternatus\n|-heal|p2a: Eternatus|88\/100\n|\n|upkeep\n|turn|5\n|\n|t:|1660750757\n|switch|p2a: Necrozma|Necrozma-Dusk-Mane|100\/100\n|move|p1a: Zamazenta|Behemoth Bash|p2a: Necrozma\n|-resisted|p2a: Necrozma\n|-damage|p2a: Necrozma|82\/100\n|\n|-heal|p2a: Necrozma|88\/100|[from] item: Leftovers\n|upkeep\n|turn|6\n|\n|t:|1660750773\n|switch|p1a: Dracovish|Dracovish|100\/100\n|move|p2a: Necrozma|Thunder Wave|p1a: Dracovish|[miss]\n|-miss|p2a: Necrozma|p1a: Dracovish\n|\n|-heal|p2a: Necrozma|94\/100|[from] item: Leftovers\n|upkeep\n|turn|7\n|\n|t:|1660750782\n|move|p1a: Dracovish|Fishious Rend|p2a: Necrozma\n|-damage|p2a: Necrozma|19\/100\n|move|p2a: Necrozma|Thunder Wave|p1a: Dracovish\n|-status|p1a: Dracovish|par\n|\n|-heal|p2a: Necrozma|25\/100|[from] item: Leftovers\n|upkeep\n|turn|8\n|\n|t:|1660750792\n|move|p2a: Necrozma|Moonlight|p2a: Necrozma\n|-heal|p2a: Necrozma|75\/100\n|cant|p1a: Dracovish|par\n|\n|-heal|p2a: Necrozma|81\/100|[from] item: Leftovers\n|upkeep\n|turn|9\n|\n|t:|1660750800\n|move|p2a: Necrozma|Stealth Rock|p1a: Dracovish\n|-sidestart|p1: Mahathir2010|move: Stealth Rock\n|cant|p1a: Dracovish|par\n|\n|-heal|p2a: Necrozma|87\/100|[from] item: Leftovers\n|upkeep\n|turn|10\n|\n|t:|1660750808\n|move|p2a: Necrozma|Iron Head|p1a: Dracovish\n|-resisted|p1a: Dracovish\n|-damage|p1a: Dracovish|79\/100 par\n|move|p1a: Dracovish|Fishious Rend|p2a: Necrozma\n|-damage|p2a: Necrozma|50\/100\n|\n|-heal|p2a: Necrozma|56\/100|[from] item: Leftovers\n|upkeep\n|turn|11\n|\n|t:|1660750819\n|move|p2a: Necrozma|Iron Head|p1a: Dracovish\n|-resisted|p1a: Dracovish\n|-damage|p1a: Dracovish|58\/100 par\n|cant|p1a: Dracovish|flinch\n|\n|-heal|p2a: Necrozma|62\/100|[from] item: Leftovers\n|upkeep\n|turn|12\n|\n|t:|1660750831\n|switch|p1a: Cinderace|Cinderace, F|100\/100\n|move|p2a: Necrozma|Iron Head|p1a: Cinderace\n|-resisted|p1a: Cinderace\n|-damage|p1a: Cinderace|69\/100\n|\n|-heal|p2a: Necrozma|68\/100|[from] item: Leftovers\n|upkeep\n|turn|13\n|\n|t:|1660750850\n|switch|p2a: Eternatus|Eternatus|88\/100\n|-ability|p2a: Eternatus|Pressure\n|move|p1a: Cinderace|Pyro Ball|p2a: Eternatus\n|-resisted|p2a: Eternatus\n|-damage|p2a: Eternatus|66\/100\n|\n|upkeep\n|turn|14\n|\n|t:|1660750860\n|move|p1a: Cinderace|Zen Headbutt|p2a: Eternatus\n|-start|p1a: Cinderace|typechange|Psychic|[from] ability: Libero\n|-supereffective|p2a: Eternatus\n|-damage|p2a: Eternatus|2\/100\n|cant|p2a: Eternatus|flinch\n|\n|upkeep\n|turn|15\n|\n|t:|1660750868\n|move|p1a: Cinderace|Zen Headbutt|p2a: Eternatus\n|-supereffective|p2a: Eternatus\n|-damage|p2a: Eternatus|0 fnt\n|faint|p2a: Eternatus\n|\n|upkeep\n|\n|t:|1660750870\n|switch|p2a: Yveltal|Yveltal|100\/100\n|-ability|p2a: Yveltal|Dark Aura\n|turn|16\n|\n|t:|1660750885\n|move|p1a: Cinderace|U-turn|p2a: Yveltal\n|-start|p1a: Cinderace|typechange|Bug|[from] ability: Libero\n|-damage|p2a: Yveltal|77\/100\n|\n|t:|1660750891\n|switch|p1a: Eternatus|Eternatus|100\/100|[from]move: U-turn\n|-damage|p1a: Eternatus|88\/100|[from] Stealth Rock\n|-ability|p1a: Eternatus|Pressure\n|move|p2a: Yveltal|Knock Off|p1a: Eternatus\n|-damage|p1a: Eternatus|42\/100\n|-enditem|p1a: Eternatus|Black Sludge|[from] move: Knock Off|[of] p2a: Yveltal\n|\n|upkeep\n|turn|17\n|\n|t:|1660750904\n|move|p1a: Eternatus|Recover|p1a: Eternatus\n|-heal|p1a: Eternatus|92\/100\n|move|p2a: Yveltal|U-turn|p1a: Eternatus\n|-resisted|p1a: Eternatus\n|-damage|p1a: Eternatus|83\/100\n|\n|t:|1660750907\n|switch|p2a: Necrozma|Necrozma-Dusk-Mane|68\/100|[from]move: U-turn\n|\n|-heal|p2a: Necrozma|74\/100|[from] item: Leftovers\n|upkeep\n|turn|18\n|\n|t:|1660750917\n|move|p1a: Eternatus|Flamethrower|p2a: Necrozma\n|-supereffective|p2a: Necrozma\n|-damage|p2a: Necrozma|47\/100\n|move|p2a: Necrozma|Thunder Wave|p1a: Eternatus\n|-status|p1a: Eternatus|par\n|\n|-heal|p2a: Necrozma|53\/100|[from] item: Leftovers\n|upkeep\n|turn|19\n|\n|t:|1660750933\n|move|p2a: Necrozma|Moonlight|p2a: Necrozma\n|-heal|p2a: Necrozma|100\/100\n|move|p1a: Eternatus|Flamethrower|p2a: Necrozma\n|-supereffective|p2a: Necrozma\n|-damage|p2a: Necrozma|76\/100\n|\n|-heal|p2a: Necrozma|82\/100|[from] item: Leftovers\n|upkeep\n|turn|20\n|\n|t:|1660750947\n|move|p2a: Necrozma|Iron Head|p1a: Eternatus\n|-damage|p1a: Eternatus|48\/100 par\n|cant|p1a: Eternatus|flinch\n|\n|-heal|p2a: Necrozma|88\/100|[from] item: Leftovers\n|upkeep\n|turn|21\n|\n|t:|1660750956\n|move|p2a: Necrozma|Iron Head|p1a: Eternatus\n|-damage|p1a: Eternatus|13\/100 par\n|cant|p1a: Eternatus|par\n|\n|-heal|p2a: Necrozma|94\/100|[from] item: Leftovers\n|upkeep\n|turn|22\n|\n|t:|1660750966\n|move|p2a: Necrozma|Iron Head|p1a: Eternatus\n|-damage|p1a: Eternatus|0 fnt\n|faint|p1a: Eternatus\n|\n|-heal|p2a: Necrozma|100\/100|[from] item: Leftovers\n|upkeep\n|\n|t:|1660750975\n|switch|p1a: Cinderace|Cinderace, F|69\/100\n|turn|23\n|\n|t:|1660750981\n|switch|p2a: Yveltal|Yveltal|77\/100\n|-ability|p2a: Yveltal|Dark Aura\n|move|p1a: Cinderace|Pyro Ball|p2a: Yveltal\n|-damage|p2a: Yveltal|36\/100\n|-status|p2a: Yveltal|brn\n|\n|-damage|p2a: Yveltal|30\/100 brn|[from] brn\n|upkeep\n|turn|24\n|\n|t:|1660750992\n|move|p1a: Cinderace|Pyro Ball|p2a: Yveltal\n|-damage|p2a: Yveltal|0 fnt\n|faint|p2a: Yveltal\n|\n|upkeep\n|\n|t:|1660750997\n|switch|p2a: Necrozma|Necrozma-Dusk-Mane|100\/100\n|turn|25\n|\n|t:|1660751001\n|move|p1a: Cinderace|Pyro Ball|p2a: Necrozma\n|-supereffective|p2a: Necrozma\n|-damage|p2a: Necrozma|44\/100\n|move|p2a: Necrozma|Thunder Wave|p1a: Cinderace\n|-status|p1a: Cinderace|par\n|\n|-heal|p2a: Necrozma|50\/100|[from] item: Leftovers\n|upkeep\n|turn|26\n|\n|t:|1660751011\n|move|p2a: Necrozma|Moonlight|p2a: Necrozma\n|-heal|p2a: Necrozma|99\/100\n|cant|p1a: Cinderace|par\n|\n|-heal|p2a: Necrozma|100\/100|[from] item: Leftovers\n|upkeep\n|turn|27\n|\n|t:|1660751021\n|move|p2a: Necrozma|Iron Head|p1a: Cinderace\n|-resisted|p1a: Cinderace\n|-damage|p1a: Cinderace|38\/100 par\n|cant|p1a: Cinderace|flinch\n|\n|upkeep\n|turn|28\n|\n|t:|1660751031\n|move|p2a: Necrozma|Iron Head|p1a: Cinderace\n|-resisted|p1a: Cinderace\n|-damage|p1a: Cinderace|9\/100 par\n|cant|p1a: Cinderace|flinch\n|\n|upkeep\n|turn|29\n|\n|t:|1660751050\n|move|p2a: Necrozma|Iron Head|p1a: Cinderace\n|-resisted|p1a: Cinderace\n|-damage|p1a: Cinderace|0 fnt\n|faint|p1a: Cinderace\n|\n|upkeep\n|\n|t:|1660751057\n|switch|p1a: Darmanitan|Darmanitan-Galar, M|67\/100\n|-damage|p1a: Darmanitan|43\/100|[from] Stealth Rock\n|turn|30\n|\n|t:|1660751062\n|switch|p2a: Magnezone|Magnezone|100\/100\n|-item|p2a: Magnezone|Air Balloon\n|move|p1a: Darmanitan|Flare Blitz|p2a: Magnezone\n|-supereffective|p2a: Magnezone\n|-damage|p2a: Magnezone|0 fnt\n|-enditem|p2a: Magnezone|Air Balloon\n|faint|p2a: Magnezone\n|-damage|p1a: Darmanitan|16\/100|[from] Recoil\n|\n|upkeep\n|\n|t:|1660751065\n|switch|p2a: Xerneas|Xerneas|100\/100\n|-ability|p2a: Xerneas|Fairy Aura\n|turn|31\n|\n|t:|1660751079\n|switch|p1a: Marshadow|Marshadow|100\/100\n|-damage|p1a: Marshadow|94\/100|[from] Stealth Rock\n|move|p2a: Xerneas|Geomancy||[still]\n|-prepare|p2a: Xerneas|Geomancy\n|-enditem|p2a: Xerneas|Power Herb\n|-anim|p2a: Xerneas|Geomancy|p2a: Xerneas\n|-boost|p2a: Xerneas|spa|2\n|-boost|p2a: Xerneas|spd|2\n|-boost|p2a: Xerneas|spe|2\n|\n|upkeep\n|turn|32\n|\n|t:|1660751091\n|move|p1a: Marshadow|Spectral Thief||[still]\n|-clearpositiveboost|p2a: Xerneas|p1a: Marshadow|move: Spectral Thief\n|-boost|p1a: Marshadow|spa|2\n|-boost|p1a: Marshadow|spd|2\n|-boost|p1a: Marshadow|spe|2\n|-anim|p1a: Marshadow|Spectral Thief|p2a: Xerneas\n|-damage|p2a: Xerneas|64\/100\n|move|p2a: Xerneas|Moonblast|p1a: Marshadow\n|-supereffective|p1a: Marshadow\n|-damage|p1a: Marshadow|17\/100\n|\n|upkeep\n|turn|33\n|\n|t:|1660751106\n|move|p1a: Marshadow|Spectral Thief|p2a: Xerneas\n|-crit|p2a: Xerneas\n|-damage|p2a: Xerneas|9\/100\n|move|p2a: Xerneas|Moonblast|p1a: Marshadow\n|-supereffective|p1a: Marshadow\n|-damage|p1a: Marshadow|0 fnt\n|faint|p1a: Marshadow\n|\n|upkeep\n|\n|t:|1660751120\n|switch|p1a: Darmanitan|Darmanitan-Galar, M|16\/100\n|-damage|p1a: Darmanitan|0 fnt|[from] Stealth Rock\n|faint|p1a: Darmanitan\n|\n|t:|1660751126\n|switch|p1a: Zamazenta|Zamazenta-Crowned|62\/100\n|-damage|p1a: Zamazenta|59\/100|[from] Stealth Rock\n|-ability|p1a: Zamazenta|Dauntless Shield|boost\n|-boost|p1a: Zamazenta|def|1\n|turn|34\n|\n|t:|1660751134\n|move|p1a: Zamazenta|Behemoth Bash|p2a: Xerneas\n|-supereffective|p2a: Xerneas\n|-damage|p2a: Xerneas|0 fnt\n|faint|p2a: Xerneas\n|\n|upkeep\n|\n|t:|1660751137\n|switch|p2a: Necrozma|Necrozma-Dusk-Mane|100\/100\n|turn|35\n|\n|t:|1660751153\n|move|p1a: Zamazenta|Close Combat|p2a: Necrozma\n|-damage|p2a: Necrozma|57\/100\n|-unboost|p1a: Zamazenta|def|1\n|-unboost|p1a: Zamazenta|spd|1\n|move|p2a: Necrozma|Thunder Wave|p1a: Zamazenta\n|-status|p1a: Zamazenta|par\n|\n|-heal|p2a: Necrozma|63\/100|[from] item: Leftovers\n|upkeep\n|turn|36\n|\n|t:|1660751164\n|move|p2a: Necrozma|Iron Head|p1a: Zamazenta\n|-resisted|p1a: Zamazenta\n|-damage|p1a: Zamazenta|42\/100 par\n|move|p1a: Zamazenta|Close Combat|p2a: Necrozma\n|-damage|p2a: Necrozma|19\/100\n|-unboost|p1a: Zamazenta|def|1\n|-unboost|p1a: Zamazenta|spd|1\n|\n|-heal|p2a: Necrozma|25\/100|[from] item: Leftovers\n|upkeep\n|turn|37\n|\n|t:|1660751175\n|move|p2a: Necrozma|Moonlight|p2a: Necrozma\n|-heal|p2a: Necrozma|75\/100\n|move|p1a: Zamazenta|Close Combat|p2a: Necrozma\n|-damage|p2a: Necrozma|28\/100\n|-unboost|p1a: Zamazenta|def|1\n|-unboost|p1a: Zamazenta|spd|1\n|\n|-heal|p2a: Necrozma|34\/100|[from] item: Leftovers\n|upkeep\n|turn|38\n|\n|t:|1660751186\n|move|p2a: Necrozma|Moonlight|p2a: Necrozma\n|-heal|p2a: Necrozma|84\/100\n|move|p1a: Zamazenta|Close Combat|p2a: Necrozma\n|-damage|p2a: Necrozma|38\/100\n|-unboost|p1a: Zamazenta|def|1\n|-unboost|p1a: Zamazenta|spd|1\n|\n|-heal|p2a: Necrozma|44\/100|[from] item: Leftovers\n|upkeep\n|turn|39\n|\n|t:|1660751198\n|switch|p1a: Dracovish|Dracovish|58\/100 par\n|-damage|p1a: Dracovish|46\/100 par|[from] Stealth Rock\n|move|p2a: Necrozma|Moonlight|p2a: Necrozma\n|-heal|p2a: Necrozma|94\/100\n|\n|-heal|p2a: Necrozma|99\/100|[from] item: Leftovers\n|upkeep\n|turn|40\n|\n|t:|1660751214\n|move|p2a: Necrozma|Iron Head|p1a: Dracovish\n|-resisted|p1a: Dracovish\n|-damage|p1a: Dracovish|25\/100 par\n|cant|p1a: Dracovish|par\n|\n|-heal|p2a: Necrozma|100\/100|[from] item: Leftovers\n|upkeep\n|turn|41\n|\n|t:|1660751229\n|move|p2a: Necrozma|Iron Head|p1a: Dracovish\n|-resisted|p1a: Dracovish\n|-damage|p1a: Dracovish|3\/100 par\n|cant|p1a: Dracovish|flinch\n|\n|upkeep\n|turn|42\n|\n|t:|1660751238\n|move|p2a: Necrozma|Iron Head|p1a: Dracovish\n|-resisted|p1a: Dracovish\n|-damage|p1a: Dracovish|0 fnt\n|faint|p1a: Dracovish\n|\n|upkeep\n|\n|t:|1660751245\n|switch|p1a: Zamazenta|Zamazenta-Crowned|42\/100 par\n|-damage|p1a: Zamazenta|39\/100 par|[from] Stealth Rock\n|-ability|p1a: Zamazenta|Dauntless Shield|boost\n|-boost|p1a: Zamazenta|def|1\n|turn|43\n|\n|t:|1660751251\n|move|p2a: Necrozma|Iron Head|p1a: Zamazenta\n|-resisted|p1a: Zamazenta\n|-damage|p1a: Zamazenta|29\/100 par\n|cant|p1a: Zamazenta|flinch\n|\n|upkeep\n|turn|44\n|\n|t:|1660751258\n|move|p2a: Necrozma|Iron Head|p1a: Zamazenta\n|-resisted|p1a: Zamazenta\n|-damage|p1a: Zamazenta|19\/100 par\n|cant|p1a: Zamazenta|par\n|\n|upkeep\n|turn|45\n|\n|t:|1660751265\n|move|p2a: Necrozma|Iron Head|p1a: Zamazenta\n|-resisted|p1a: Zamazenta\n|-damage|p1a: Zamazenta|8\/100 par\n|cant|p1a: Zamazenta|flinch\n|\n|upkeep\n|turn|46\n|c|\u2606Mahathir2010|Fuck fuck fuck fuck\n|n|!Mahathir2010|mahathir2010\n|\n|t:|1660751291\n|move|p2a: Necrozma|Iron Head|p1a: Zamazenta\n|-resisted|p1a: Zamazenta\n|-damage|p1a: Zamazenta|0 fnt\n|faint|p1a: Zamazenta\n|\n|win|Stads\n|raw|Mahathir2010's rating: 1113 &rarr; <strong>1105<\/strong><br \/>(-8 for losing)\n|raw|Stads's rating: 1404 &rarr; <strong>1410<\/strong><br \/>(+6 for winning)\n|l|!Mahathir2010\n||Ladder isn't responding, score probably updated but might not have (Request timeout).\n","uploadtime":1660751280,"views":5,"p1id":"mahathir2010","p2id":"stads","formatid":"gen8ubers","rating":1105,"private":0,"password":null}