{"id":"gen8ou-1347828595","p1":"RTSG tests","p2":"CrzRppr25","format":"gen8ou","log":"|j|\u2606RTSG tests\n|j|\u2606CrzRppr25\n|t:|1622047246\n|gametype|singles\n|player|p1|RTSG tests|hilbert|1369\n|player|p2|CrzRppr25|ingo|1340\n|teamsize|p1|6\n|teamsize|p2|6\n|gen|8\n|tier|[Gen 8] OU\n|rated|\n|rule|Sleep Clause Mod: Limit one foe put to sleep\n|rule|Species Clause: Limit one of each Pok\u00e9mon\n|rule|OHKO Clause: OHKO moves are banned\n|rule|Evasion Moves Clause: Evasion moves are banned\n|rule|Endless Battle Clause: Forcing endless battles is banned\n|rule|HP Percentage Mod: HP is shown in percentages\n|rule|Dynamax Clause: You cannot dynamax\n|clearpoke\n|poke|p1|Sceptile, F|\n|poke|p1|Salamence, F|\n|poke|p1|Excadrill, F|\n|poke|p1|Tapu Koko|\n|poke|p1|Magnezone|\n|poke|p1|Weavile, M|\n|poke|p2|Garchomp, M|\n|poke|p2|Tyranitar, M|\n|poke|p2|Ferrothorn, M|\n|poke|p2|Zapdos|\n|poke|p2|Volcarona, F|\n|poke|p2|Toxapex, M|\n|teampreview\n|inactive|Battle timer is ON: inactive players will automatically lose when time's up. (requested by RTSG tests)\n|\n|t:|1622047261\n|start\n|switch|p1a: Weavile|Weavile, M|100\/100\n|switch|p2a: Ferrothorn|Ferrothorn, M|100\/100\n|-ability|p1a: Weavile|Pressure\n|turn|1\n|\n|t:|1622047267\n|move|p1a: Weavile|Low Kick|p2a: Ferrothorn\n|-supereffective|p2a: Ferrothorn\n|-damage|p2a: Ferrothorn|20\/100\n|-damage|p1a: Weavile|88\/100|[from] ability: Iron Barbs|[of] p2a: Ferrothorn\n|move|p2a: Ferrothorn|Stealth Rock|p1a: Weavile\n|-sidestart|p1: RTSG tests|move: Stealth Rock\n|\n|-heal|p2a: Ferrothorn|26\/100|[from] item: Leftovers\n|upkeep\n|turn|2\n|\n|t:|1622047273\n|switch|p1a: Excadrill|Excadrill, F|100\/100\n|-damage|p1a: Excadrill|97\/100|[from] Stealth Rock\n|-ability|p1a: Excadrill|Mold Breaker\n|move|p2a: Ferrothorn|Protect||[still]\n|-fail|p2a: Ferrothorn\n|\n|-heal|p2a: Ferrothorn|32\/100|[from] item: Leftovers\n|upkeep\n|turn|3\n|\n|t:|1622047277\n|move|p1a: Excadrill|Earthquake|p2a: Ferrothorn\n|-damage|p2a: Ferrothorn|0 fnt\n|faint|p2a: Ferrothorn\n|\n|upkeep\n|\n|t:|1622047283\n|switch|p2a: Garchomp|Garchomp, M|100\/100\n|turn|4\n|\n|t:|1622047289\n|move|p2a: Garchomp|Earthquake|p1a: Excadrill\n|-supereffective|p1a: Excadrill\n|-damage|p1a: Excadrill|0 fnt\n|faint|p1a: Excadrill\n|-damage|p2a: Garchomp|91\/100|[from] item: Life Orb\n|\n|upkeep\n|\n|t:|1622047294\n|switch|p1a: Weavile|Weavile, M|88\/100\n|-damage|p1a: Weavile|63\/100|[from] Stealth Rock\n|-ability|p1a: Weavile|Pressure\n|turn|5\n|\n|t:|1622047300\n|switch|p2a: Tyranitar|Tyranitar, M|100\/100\n|-weather|Sandstorm|[from] ability: Sand Stream|[of] p2a: Tyranitar\n|move|p1a: Weavile|Knock Off|p2a: Tyranitar\n|-resisted|p2a: Tyranitar\n|-damage|p2a: Tyranitar|71\/100\n|-enditem|p2a: Tyranitar|Assault Vest|[from] move: Knock Off|[of] p1a: Weavile\n|\n|-weather|Sandstorm|[upkeep]\n|-damage|p1a: Weavile|57\/100|[from] Sandstorm\n|upkeep\n|turn|6\n|\n|t:|1622047313\n|switch|p1a: Tapu Koko|Tapu Koko|100\/100\n|-damage|p1a: Tapu Koko|88\/100|[from] Stealth Rock\n|-fieldstart|move: Electric Terrain|[from] ability: Electric Surge|[of] p1a: Tapu Koko\n|switch|p2a: Toxapex|Toxapex, M|100\/100\n|\n|-weather|Sandstorm|[upkeep]\n|-damage|p1a: Tapu Koko|82\/100|[from] Sandstorm\n|-damage|p2a: Toxapex|94\/100|[from] Sandstorm\n|-heal|p2a: Toxapex|100\/100|[from] item: Black Sludge\n|upkeep\n|turn|7\n|\n|t:|1622047317\n|move|p2a: Toxapex|Baneful Bunker|p2a: Toxapex\n|-singleturn|p2a: Toxapex|move: Protect\n|move|p1a: Tapu Koko|Volt Switch|p2a: Toxapex\n|-activate|p2a: Toxapex|move: Protect\n|\n|-weather|Sandstorm|[upkeep]\n|-damage|p1a: Tapu Koko|76\/100|[from] Sandstorm\n|-damage|p2a: Toxapex|94\/100|[from] Sandstorm\n|-heal|p2a: Toxapex|100\/100|[from] item: Black Sludge\n|upkeep\n|turn|8\n|\n|t:|1622047325\n|switch|p2a: Garchomp|Garchomp, M|91\/100\n|move|p1a: Tapu Koko|Reflect|p1a: Tapu Koko\n|-sidestart|p1: RTSG tests|Reflect\n|\n|-weather|Sandstorm|[upkeep]\n|-damage|p1a: Tapu Koko|70\/100|[from] Sandstorm\n|upkeep\n|turn|9\n|\n|t:|1622047333\n|switch|p1a: Salamence|Salamence, F|100\/100\n|move|p2a: Garchomp|Earthquake|p1a: Salamence\n|-immune|p1a: Salamence\n|\n|-weather|none\n|upkeep\n|turn|10\n|\n|t:|1622047342\n|switch|p2a: Tyranitar|Tyranitar, M|71\/100\n|-weather|Sandstorm|[from] ability: Sand Stream|[of] p2a: Tyranitar\n|move|p1a: Salamence|Dragon Dance|p1a: Salamence\n|-boost|p1a: Salamence|atk|1\n|-boost|p1a: Salamence|spe|1\n|\n|-weather|Sandstorm|[upkeep]\n|-damage|p1a: Salamence|94\/100|[from] Sandstorm\n|-fieldend|move: Electric Terrain\n|upkeep\n|turn|11\n|\n|t:|1622047348\n|move|p1a: Salamence|Earthquake|p2a: Tyranitar\n|-supereffective|p2a: Tyranitar\n|-damage|p2a: Tyranitar|0 fnt\n|faint|p2a: Tyranitar\n|-ability|p1a: Salamence|Moxie|boost\n|-boost|p1a: Salamence|atk|1\n|\n|-weather|Sandstorm|[upkeep]\n|-damage|p1a: Salamence|88\/100|[from] Sandstorm\n|upkeep\n|\n|t:|1622047355\n|switch|p2a: Toxapex|Toxapex, M|100\/100\n|turn|12\n|\n|t:|1622047358\n|move|p1a: Salamence|Earthquake|p2a: Toxapex\n|-supereffective|p2a: Toxapex\n|-damage|p2a: Toxapex|21\/100\n|move|p2a: Toxapex|Haze|p2a: Toxapex\n|-clearallboost\n|\n|-weather|Sandstorm|[upkeep]\n|-damage|p1a: Salamence|82\/100|[from] Sandstorm\n|-damage|p2a: Toxapex|15\/100|[from] Sandstorm\n|-heal|p2a: Toxapex|21\/100|[from] item: Black Sludge\n|upkeep\n|turn|13\n|\n|t:|1622047362\n|move|p2a: Toxapex|Baneful Bunker|p2a: Toxapex\n|-singleturn|p2a: Toxapex|move: Protect\n|move|p1a: Salamence|Dragon Dance|p1a: Salamence\n|-boost|p1a: Salamence|atk|1\n|-boost|p1a: Salamence|spe|1\n|\n|-weather|Sandstorm|[upkeep]\n|-damage|p1a: Salamence|76\/100|[from] Sandstorm\n|-damage|p2a: Toxapex|15\/100|[from] Sandstorm\n|-heal|p2a: Toxapex|21\/100|[from] item: Black Sludge\n|upkeep\n|turn|14\n|\n|t:|1622047369\n|move|p1a: Salamence|Earthquake|p2a: Toxapex\n|-supereffective|p2a: Toxapex\n|-damage|p2a: Toxapex|0 fnt\n|faint|p2a: Toxapex\n|-ability|p1a: Salamence|Moxie|boost\n|-boost|p1a: Salamence|atk|1\n|\n|-weather|none\n|upkeep\n|\n|t:|1622047380\n|switch|p2a: Zapdos|Zapdos|100\/100\n|-ability|p2a: Zapdos|Pressure\n|turn|15\n|\n|t:|1622047383\n|move|p1a: Salamence|Dual Wingbeat|p2a: Zapdos\n|-resisted|p2a: Zapdos\n|-damage|p2a: Zapdos|85\/100\n|-resisted|p2a: Zapdos\n|-damage|p2a: Zapdos|68\/100\n|-hitcount|p2a: Zapdos|2\n|move|p2a: Zapdos|Hurricane|p1a: Salamence\n|-damage|p1a: Salamence|17\/100\n|\n|-sideend|p1: RTSG tests|Reflect\n|upkeep\n|turn|16\n|\n|t:|1622047393\n|move|p1a: Salamence|Dragon Dance|p1a: Salamence\n|-boost|p1a: Salamence|atk|1\n|-boost|p1a: Salamence|spe|1\n|move|p2a: Zapdos|Thunderbolt|p1a: Salamence\n|-damage|p1a: Salamence|0 fnt\n|faint|p1a: Salamence\n|\n|upkeep\n|\n|t:|1622047399\n|switch|p1a: Tapu Koko|Tapu Koko|70\/100\n|-damage|p1a: Tapu Koko|57\/100|[from] Stealth Rock\n|-fieldstart|move: Electric Terrain|[from] ability: Electric Surge|[of] p1a: Tapu Koko\n|turn|17\n|\n|t:|1622047405\n|switch|p2a: Volcarona|Volcarona, F|100\/100\n|move|p1a: Tapu Koko|Taunt|p2a: Volcarona\n|-start|p2a: Volcarona|move: Taunt\n|\n|upkeep\n|turn|18\n|\n|t:|1622047413\n|move|p1a: Tapu Koko|Light Screen|p1a: Tapu Koko\n|-sidestart|p1: RTSG tests|move: Light Screen\n|move|p2a: Volcarona|Flamethrower|p1a: Tapu Koko\n|-damage|p1a: Tapu Koko|29\/100\n|\n|upkeep\n|turn|19\n|\n|t:|1622047417\n|move|p1a: Tapu Koko|Volt Switch|p2a: Volcarona\n|-damage|p2a: Volcarona|71\/100\n|\n|t:|1622047421\n|switch|p1a: Magnezone|Magnezone|100\/100|[from]move: Volt Switch\n|-damage|p1a: Magnezone|94\/100|[from] Stealth Rock\n|move|p2a: Volcarona|Flamethrower|p1a: Magnezone\n|-supereffective|p1a: Magnezone\n|-damage|p1a: Magnezone|32\/100\n|\n|-end|p2a: Volcarona|move: Taunt\n|upkeep\n|turn|20\n|\n|t:|1622047425\n|move|p2a: Volcarona|Flamethrower|p1a: Magnezone\n|-supereffective|p1a: Magnezone\n|-damage|p1a: Magnezone|0 fnt\n|faint|p1a: Magnezone\n|\n|upkeep\n|\n|t:|1622047429\n|switch|p1a: Sceptile|Sceptile, F|100\/100\n|-damage|p1a: Sceptile|88\/100|[from] Stealth Rock\n|-enditem|p1a: Sceptile|Electric Seed\n|-boost|p1a: Sceptile|def|1|[from] item: Electric Seed\n|turn|21\n|\n|t:|1622047444\n|move|p1a: Sceptile|Acrobatics|p2a: Volcarona\n|-supereffective|p2a: Volcarona\n|-damage|p2a: Volcarona|0 fnt\n|faint|p2a: Volcarona\n|\n|-fieldend|move: Electric Terrain\n|upkeep\n|\n|t:|1622047451\n|switch|p2a: Zapdos|Zapdos|68\/100\n|-ability|p2a: Zapdos|Pressure\n|turn|22\n|\n|t:|1622047453\n|move|p1a: Sceptile|Swords Dance|p1a: Sceptile\n|-boost|p1a: Sceptile|atk|2\n|move|p2a: Zapdos|Hurricane|p1a: Sceptile\n|-supereffective|p1a: Sceptile\n|-damage|p1a: Sceptile|22\/100\n|\n|upkeep\n|turn|23\n|\n|t:|1622047459\n|move|p1a: Sceptile|Leaf Blade|p2a: Zapdos\n|-resisted|p2a: Zapdos\n|-damage|p2a: Zapdos|41\/100\n|move|p2a: Zapdos|Thunderbolt|p1a: Sceptile\n|-resisted|p1a: Sceptile\n|-damage|p1a: Sceptile|9\/100\n|-status|p1a: Sceptile|par\n|\n|upkeep\n|turn|24\n|\n|t:|1622047463\n|cant|p1a: Sceptile|par\n|move|p2a: Zapdos|Thunderbolt|p1a: Sceptile\n|-resisted|p1a: Sceptile\n|-damage|p1a: Sceptile|0 fnt\n|faint|p1a: Sceptile\n|\n|upkeep\n|\n|t:|1622047468\n|switch|p1a: Weavile|Weavile, M|57\/100\n|-damage|p1a: Weavile|32\/100|[from] Stealth Rock\n|-ability|p1a: Weavile|Pressure\n|turn|25\n|\n|t:|1622047473\n|move|p1a: Weavile|Knock Off|p2a: Zapdos\n|-damage|p2a: Zapdos|0 fnt\n|-enditem|p2a: Zapdos|Heavy-Duty Boots|[from] move: Knock Off|[of] p1a: Weavile\n|faint|p2a: Zapdos\n|\n|-sideend|p1: RTSG tests|move: Light Screen\n|upkeep\n|\n|t:|1622047476\n|switch|p2a: Garchomp|Garchomp, M|91\/100\n|turn|26\n|\n|t:|1622047481\n|switch|p1a: Tapu Koko|Tapu Koko|29\/100\n|-damage|p1a: Tapu Koko|17\/100|[from] Stealth Rock\n|-fieldstart|move: Electric Terrain|[from] ability: Electric Surge|[of] p1a: Tapu Koko\n|move|p2a: Garchomp|Fire Blast|p1a: Tapu Koko\n|-damage|p1a: Tapu Koko|0 fnt\n|faint|p1a: Tapu Koko\n|-damage|p2a: Garchomp|81\/100|[from] item: Life Orb\n|\n|upkeep\n|\n|t:|1622047484\n|switch|p1a: Weavile|Weavile, M|32\/100\n|-damage|p1a: Weavile|7\/100|[from] Stealth Rock\n|-ability|p1a: Weavile|Pressure\n|turn|27\n|\n|t:|1622047488\n|move|p1a: Weavile|Ice Shard|p2a: Garchomp\n|-supereffective|p2a: Garchomp\n|-damage|p2a: Garchomp|0 fnt\n|faint|p2a: Garchomp\n|\n|win|RTSG tests\n|raw|RTSG tests's rating: 1369 &rarr; <strong>1387<\/strong><br \/>(+18 for winning)\n|raw|CrzRppr25's rating: 1340 &rarr; <strong>1322<\/strong><br \/>(-18 for losing)\n","uploadtime":1622047493,"views":16,"p1id":"rtsgtests","p2id":"crzrppr25","formatid":"gen8ou","rating":1322,"private":0,"password":null}