{"id":"gen8lc-1590843370","p1":"Ill Leave","p2":"Jazz&thefuton","format":"gen8lc","log":"|j|\u2606Ill Leave\n|j|\u2606Jazz&thefuton\n|t:|1654570420\n|gametype|singles\n|player|p1|Ill Leave|101|1406\n|player|p2|Jazz&thefuton|doctor|1486\n|teamsize|p1|6\n|teamsize|p2|6\n|gen|8\n|tier|[Gen 8] LC\n|rated|\n|rule|Sleep Clause Mod: Limit one foe put to sleep\n|rule|Species Clause: Limit one of each Pok\u00e9mon\n|rule|OHKO Clause: OHKO moves are banned\n|rule|Evasion Moves Clause: Evasion moves are banned\n|rule|Endless Battle Clause: Forcing endless battles is banned\n|rule|HP Percentage Mod: HP is shown in percentages\n|rule|Dynamax Clause: You cannot dynamax\n|clearpoke\n|poke|p1|Mienfoo, L5, M|\n|poke|p1|Sandshrew-Alola, L5, M|\n|poke|p1|Snover, L5, F|\n|poke|p1|Mareanie, L5, M|\n|poke|p1|Diglett, L5, F|\n|poke|p1|Ponyta, L5, F|\n|poke|p2|Abra, L5, F|\n|poke|p2|Anorith, L5, M|\n|poke|p2|Elekid, L5, M|\n|poke|p2|Magby, L5, F|\n|poke|p2|Ponyta, L5, M|\n|poke|p2|Diglett, L5, F|\n|teampreview\n|c|\u2606Jazz&thefuton|Glhf\n|c|\u2606Ill Leave|u2\n|\n|t:|1654570445\n|start\n|switch|p1a: Royal Blue|Mienfoo, L5, M, shiny|100\/100\n|switch|p2a: Ponyta|Ponyta, L5, M|100\/100\n|turn|1\n|\n|t:|1654570450\n|switch|p1a: Muddy Waters|Mareanie, L5, M|100\/100\n|move|p2a: Ponyta|Flare Blitz|p1a: Muddy Waters\n|-resisted|p1a: Muddy Waters\n|-damage|p1a: Muddy Waters|74\/100\n|-damage|p2a: Ponyta|91\/100|[from] Recoil\n|\n|upkeep\n|turn|2\n|\n|t:|1654570456\n|move|p2a: Ponyta|High Horsepower|p1a: Muddy Waters\n|-supereffective|p1a: Muddy Waters\n|-damage|p1a: Muddy Waters|22\/100\n|move|p1a: Muddy Waters|Scald|p2a: Ponyta\n|-supereffective|p2a: Ponyta\n|-damage|p2a: Ponyta|24\/100\n|\n|upkeep\n|turn|3\n|\n|t:|1654570467\n|switch|p1a: Timberline|Snover, L5, F|100\/100\n|-weather|Hail|[from] ability: Snow Warning|[of] p1a: Timberline\n|move|p2a: Ponyta|Wild Charge|p1a: Timberline\n|-resisted|p1a: Timberline\n|-damage|p1a: Timberline|79\/100\n|-damage|p2a: Ponyta|20\/100|[from] Recoil\n|\n|-weather|Hail|[upkeep]\n|-damage|p2a: Ponyta|15\/100|[from] Hail\n|upkeep\n|turn|4\n|\n|t:|1654570473\n|move|p1a: Timberline|Protect|p1a: Timberline\n|-singleturn|p1a: Timberline|Protect\n|move|p2a: Ponyta|Flare Blitz|p1a: Timberline\n|-activate|p1a: Timberline|move: Protect\n|\n|-weather|Hail|[upkeep]\n|-damage|p2a: Ponyta|10\/100|[from] Hail\n|upkeep\n|turn|5\n|\n|t:|1654570476\n|move|p1a: Timberline|Ice Shard|p2a: Ponyta\n|-resisted|p2a: Ponyta\n|-damage|p2a: Ponyta|0 fnt\n|faint|p2a: Ponyta\n|\n|-weather|Hail|[upkeep]\n|upkeep\n|\n|t:|1654570483\n|switch|p2a: Magby|Magby, L5, F|100\/100\n|turn|6\n|\n|t:|1654570489\n|switch|p1a: Arion|Ponyta, L5, F, shiny|100\/100\n|move|p2a: Magby|Belly Drum|p2a: Magby\n|-damage|p2a: Magby|50\/100\n|-setboost|p2a: Magby|atk|6|[from] move: Belly Drum\n|-enditem|p2a: Magby|Berry Juice\n|-heal|p2a: Magby|100\/100|[from] item: Berry Juice\n|\n|-weather|Hail|[upkeep]\n|-damage|p1a: Arion|96\/100|[from] Hail\n|-damage|p2a: Magby|96\/100|[from] Hail\n|upkeep\n|turn|7\n|\n|t:|1654570496\n|move|p2a: Magby|Thunder Punch|p1a: Arion\n|-damage|p1a: Arion|0 fnt\n|faint|p1a: Arion\n|\n|-weather|Hail|[upkeep]\n|-damage|p2a: Magby|91\/100|[from] Hail\n|upkeep\n|\n|t:|1654570505\n|switch|p1a: Brown Sugar|Diglett, L5, F|100\/100\n|turn|8\n|\n|t:|1654570510\n|move|p2a: Magby|Mach Punch|p1a: Brown Sugar\n|-damage|p1a: Brown Sugar|23\/100\n|move|p1a: Brown Sugar|Earthquake|p2a: Magby\n|-supereffective|p2a: Magby\n|-damage|p2a: Magby|0 fnt\n|faint|p2a: Magby\n|\n|-weather|Hail|[upkeep]\n|-damage|p1a: Brown Sugar|17\/100|[from] Hail\n|upkeep\n|\n|t:|1654570515\n|switch|p2a: Anorith|Anorith, L5, M|100\/100\n|turn|9\n|\n|t:|1654570524\n|move|p2a: Anorith|Aqua Jet|p1a: Brown Sugar\n|-supereffective|p1a: Brown Sugar\n|-damage|p1a: Brown Sugar|0 fnt\n|faint|p1a: Brown Sugar\n|\n|-weather|Hail|[upkeep]\n|-damage|p2a: Anorith|96\/100|[from] Hail\n|upkeep\n|\n|t:|1654570530\n|switch|p1a: Muddy Waters|Mareanie, L5, M|53\/100\n|turn|10\n|\n|t:|1654570549\n|switch|p2a: Elekid|Elekid, L5, M|100\/100\n|move|p1a: Muddy Waters|Recover|p1a: Muddy Waters\n|-heal|p1a: Muddy Waters|100\/100\n|\n|-weather|none\n|upkeep\n|turn|11\n|\n|t:|1654570558\n|switch|p1a: Royal Blue|Mienfoo, L5, M, shiny|100\/100\n|move|p2a: Elekid|Thunderbolt|p1a: Royal Blue\n|-damage|p1a: Royal Blue|53\/100\n|\n|upkeep\n|turn|12\n|\n|t:|1654570563\n|move|p2a: Elekid|Psychic|p1a: Royal Blue\n|-supereffective|p1a: Royal Blue\n|-damage|p1a: Royal Blue|0 fnt\n|faint|p1a: Royal Blue\n|\n|upkeep\n|\n|t:|1654570567\n|switch|p1a: Timberline|Snover, L5, F|79\/100\n|-weather|Hail|[from] ability: Snow Warning|[of] p1a: Timberline\n|turn|13\n|\n|t:|1654570574\n|move|p2a: Elekid|Fire Punch|p1a: Timberline\n|-supereffective|p1a: Timberline\n|-damage|p1a: Timberline|0 fnt\n|faint|p1a: Timberline\n|\n|-weather|Hail|[upkeep]\n|-damage|p2a: Elekid|96\/100|[from] Hail\n|upkeep\n|\n|t:|1654570578\n|switch|p1a: Glacier Mesh|Sandshrew-Alola, L5, M|100\/100\n|turn|14\n|\n|t:|1654570594\n|move|p1a: Glacier Mesh|Earthquake|p2a: Elekid\n|-supereffective|p2a: Elekid\n|-damage|p2a: Elekid|10\/100\n|move|p2a: Elekid|Fire Punch|p1a: Glacier Mesh\n|-supereffective|p1a: Glacier Mesh\n|-damage|p1a: Glacier Mesh|10\/100\n|\n|-weather|Hail|[upkeep]\n|-damage|p2a: Elekid|5\/100|[from] Hail\n|upkeep\n|turn|15\n|\n|t:|1654570608\n|move|p1a: Glacier Mesh|Rapid Spin|p2a: Elekid\n|-damage|p2a: Elekid|0 fnt\n|-boost|p1a: Glacier Mesh|spe|1\n|faint|p2a: Elekid\n|\n|-weather|Hail|[upkeep]\n|upkeep\n|\n|t:|1654570614\n|switch|p2a: Anorith|Anorith, L5, M|96\/100\n|turn|16\n|\n|t:|1654570619\n|switch|p1a: Muddy Waters|Mareanie, L5, M|100\/100\n|move|p2a: Anorith|Aqua Jet|p1a: Muddy Waters\n|-resisted|p1a: Muddy Waters\n|-damage|p1a: Muddy Waters|96\/100\n|\n|-weather|Hail|[upkeep]\n|-damage|p2a: Anorith|91\/100|[from] Hail\n|-damage|p1a: Muddy Waters|92\/100|[from] Hail\n|upkeep\n|turn|17\n|\n|t:|1654570625\n|move|p2a: Anorith|Knock Off|p1a: Muddy Waters\n|-damage|p1a: Muddy Waters|61\/100\n|-enditem|p1a: Muddy Waters|Eviolite|[from] move: Knock Off|[of] p2a: Anorith\n|move|p1a: Muddy Waters|Scald|p2a: Anorith\n|-supereffective|p2a: Anorith\n|-damage|p2a: Anorith|5\/100\n|\n|-weather|Hail|[upkeep]\n|-damage|p2a: Anorith|0 fnt|[from] Hail\n|-damage|p1a: Muddy Waters|57\/100|[from] Hail\n|faint|p2a: Anorith\n|upkeep\n|\n|t:|1654570636\n|switch|p2a: Abra|Abra, L5, F|100\/100\n|turn|18\n|\n|t:|1654570641\n|move|p2a: Abra|Psychic|p1a: Muddy Waters\n|-supereffective|p1a: Muddy Waters\n|-damage|p1a: Muddy Waters|0 fnt\n|faint|p1a: Muddy Waters\n|\n|-weather|Hail|[upkeep]\n|upkeep\n|\n|t:|1654570643\n|switch|p1a: Glacier Mesh|Sandshrew-Alola, L5, M|10\/100\n|turn|19\n|\n|t:|1654570651\n|move|p1a: Glacier Mesh|Triple Axel|p2a: Abra\n|-damage|p2a: Abra|69\/100\n|-damage|p2a: Abra|16\/100\n|-damage|p2a: Abra|0 fnt\n|faint|p2a: Abra\n|-hitcount|p2: Abra|3\n|\n|-weather|Hail|[upkeep]\n|upkeep\n|\n|t:|1654570656\n|switch|p2a: Diglett|Diglett, L5, F|100\/100\n|turn|20\n|\n|t:|1654570665\n|move|p1a: Glacier Mesh|Triple Axel|p2a: Diglett\n|-supereffective|p2a: Diglett\n|-damage|p2a: Diglett|30\/100\n|-supereffective|p2a: Diglett\n|-damage|p2a: Diglett|0 fnt\n|faint|p2a: Diglett\n|-hitcount|p2: Diglett|2\n|\n|win|Ill Leave\n|raw|Ill Leave's rating: 1406 &rarr; <strong>1431<\/strong><br \/>(+25 for winning)\n|raw|Jazz&amp;thefuton's rating: 1486 &rarr; <strong>1461<\/strong><br \/>(-25 for losing)\n|c|\u2606Jazz&thefuton|Gg\n|l|\u2606Jazz&thefuton\n|c|\u2606Ill Leave|gg\n||Ladder isn't responding, score probably updated but might not have (Request timeout).\n","uploadtime":1654570702,"views":11,"p1id":"illleave","p2id":"jazzthefuton","formatid":"gen8lc","rating":1431,"private":0,"password":null}