{"id":"gen8revelationmons-1695360634","p1":"Delibird Heart","p2":"Paltham","format":"gen8revelationmons","log":"|j|\u2606Delibird Heart\n|j|\u2606Paltham\n|inactive|Battle timer is ON: inactive players will automatically lose when time's up.\n|t:|1666794656\n|gametype|singles\n|player|p1|Delibird Heart|guitarist-gen4|\n|player|p2|Paltham|170|\n|teamsize|p1|6\n|teamsize|p2|6\n|gen|8\n|tier|[Gen 8] Revelationmons\n|rated|Tournament battle\n|rule|Species Clause: Limit one of each Pok\u00e9mon\n|rule|OHKO Clause: OHKO moves are banned\n|rule|Evasion Moves Clause: Evasion moves are banned\n|rule|Endless Battle Clause: Forcing endless battles is banned\n|rule|Dynamax Clause: You cannot dynamax\n|rule|HP Percentage Mod: HP is shown in percentages\n|rule|Revelationmons Mod: The first moveslots have their types changed to match the Pok\u00e9mon's types\n|rule|Sleep Clause: Sleep-inducing moves are banned\n|clearpoke\n|poke|p1|Landorus-Therian, M|\n|poke|p1|Thundurus, M|\n|poke|p1|Gyarados, M|\n|poke|p1|Victini|\n|poke|p1|Comfey, M|\n|poke|p1|Flygon, M|\n|poke|p2|Terrakion|\n|poke|p2|Victini|\n|poke|p2|Skarmory, M|\n|poke|p2|Blissey, F|\n|poke|p2|Tapu Koko|\n|poke|p2|Kartana|\n|teampreview\n|inactive|Delibird Heart also wants the timer to be on.\n|c|\u2606Paltham|glhf!\n|c|\u2606Delibird Heart|gl hf\n|\n|t:|1666794678\n|start\n|switch|p1a: Landorus|Landorus-Therian, M|100\/100\n|switch|p2a: Terrakion|Terrakion|100\/100\n|-ability|p1a: Landorus|Intimidate|boost\n|-unboost|p2a: Terrakion|atk|1\n|turn|1\n|\n|t:|1666794696\n|move|p2a: Terrakion|Swords Dance|p2a: Terrakion\n|-boost|p2a: Terrakion|atk|2\n|move|p1a: Landorus|Knock Off|p2a: Terrakion\n|-damage|p2a: Terrakion|52\/100\n|-enditem|p2a: Terrakion|Black Belt|[from] move: Knock Off|[of] p1a: Landorus\n|\n|upkeep\n|turn|2\n|\n|t:|1666794706\n|move|p2a: Terrakion|Megahorn|p1a: Landorus\n|-crit|p1a: Landorus\n|-damage|p1a: Landorus|0 fnt\n|faint|p1a: Landorus\n|\n|upkeep\n|\n|t:|1666794711\n|switch|p1a: Thundurus|Thundurus, M|100\/100\n|turn|3\n|\n|t:|1666794716\n|move|p1a: Thundurus|Sludge Wave|p2a: Terrakion\n|-crit|p2a: Terrakion\n|-damage|p2a: Terrakion|0 fnt\n|faint|p2a: Terrakion\n|-damage|p1a: Thundurus|91\/100|[from] item: Life Orb\n|\n|upkeep\n|\n|t:|1666794724\n|switch|p2a: Skarmory|Skarmory, M|100\/100\n|turn|4\n|\n|t:|1666794728\n|move|p1a: Thundurus|Thunderbolt|p2a: Skarmory\n|-supereffective|p2a: Skarmory\n|-ability|p2a: Skarmory|Sturdy\n|-damage|p2a: Skarmory|1\/100\n|-damage|p1a: Thundurus|81\/100|[from] item: Life Orb\n|move|p2a: Skarmory|Iron Defense|p2a: Skarmory\n|-boost|p2a: Skarmory|def|2\n|\n|-heal|p2a: Skarmory|7\/100|[from] item: Leftovers\n|upkeep\n|turn|5\n|\n|t:|1666794740\n|move|p1a: Thundurus|Thunderbolt|p2a: Skarmory\n|-supereffective|p2a: Skarmory\n|-damage|p2a: Skarmory|0 fnt\n|faint|p2a: Skarmory\n|-damage|p1a: Thundurus|71\/100|[from] item: Life Orb\n|\n|upkeep\n|\n|t:|1666794749\n|switch|p2a: Blissey|Blissey, F|100\/100\n|turn|6\n|\n|t:|1666794758\n|switch|p1a: Victini|Victini|100\/100\n|move|p2a: Blissey|Seismic Toss|p1a: Victini\n|-damage|p1a: Victini|71\/100\n|\n|upkeep\n|turn|7\n|\n|t:|1666794778\n|switch|p2a: Tapu Koko|Tapu Koko|100\/100\n|-fieldstart|move: Electric Terrain|[from] ability: Electric Surge|[of] p2a: Tapu Koko\n|move|p1a: Victini|V-create|p2a: Tapu Koko\n|-damage|p2a: Tapu Koko|0 fnt\n|-unboost|p1a: Victini|spe|1\n|-unboost|p1a: Victini|def|1\n|-unboost|p1a: Victini|spd|1\n|faint|p2a: Tapu Koko\n|\n|upkeep\n|\n|t:|1666794789\n|switch|p2a: Victini|Victini|100\/100\n|turn|8\n|inactive|Delibird Heart has 120 seconds left.\n|\n|t:|1666794823\n|switch|p1a: Comfey|Comfey, M|100\/100\n|move|p2a: Victini|Bolt Strike|p1a: Comfey\n|-damage|p1a: Comfey|39\/100\n|\n|-heal|p1a: Comfey|45\/100|[from] item: Leftovers\n|upkeep\n|turn|9\n|inactive|Delibird Heart has 120 seconds left.\n|\n|t:|1666794835\n|move|p1a: Comfey|Giga Drain|p2a: Victini\n|-resisted|p2a: Victini\n|-damage|p2a: Victini|85\/100\n|-heal|p1a: Comfey|54\/100|[from] drain|[of] p2a: Victini\n|move|p2a: Victini|Bolt Strike|p1a: Comfey\n|-damage|p1a: Comfey|0 fnt\n|faint|p1a: Comfey\n|\n|upkeep\n|\n|t:|1666794838\n|switch|p1a: Flygon|Flygon, M|100\/100\n|turn|10\n|\n|t:|1666794845\n|move|p1a: Flygon|U-turn|p2a: Victini\n|-damage|p2a: Victini|66\/100\n|-damage|p1a: Flygon|91\/100|[from] item: Life Orb\n|\n|t:|1666794855\n|switch|p1a: Thundurus|Thundurus, M|71\/100|[from]move: U-turn\n|move|p2a: Victini|Mega Kick|p1a: Thundurus\n|-damage|p1a: Thundurus|0 fnt\n|faint|p1a: Thundurus\n|\n|upkeep\n|\n|t:|1666794862\n|switch|p1a: Flygon|Flygon, M|91\/100\n|turn|11\n|\n|t:|1666794870\n|move|p1a: Flygon|Boomburst|p2a: Victini\n|-supereffective|p2a: Victini\n|-damage|p2a: Victini|0 fnt\n|faint|p2a: Victini\n|-damage|p1a: Flygon|81\/100|[from] item: Life Orb\n|\n|-fieldend|move: Electric Terrain\n|upkeep\n|\n|t:|1666794880\n|switch|p2a: Kartana|Kartana|100\/100\n|turn|12\n|inactive|Paltham has 120 seconds left.\n|\n|t:|1666794916\n|move|p2a: Kartana|Knock Off|p1a: Flygon\n|-damage|p1a: Flygon|0 fnt\n|-enditem|p1a: Flygon|Life Orb|[from] move: Knock Off|[of] p2a: Kartana\n|faint|p1a: Flygon\n|-ability|p2a: Kartana|Beast Boost|boost\n|-boost|p2a: Kartana|atk|1\n|\n|upkeep\n|\n|t:|1666794925\n|switch|p1a: Victini|Victini|71\/100\n|turn|13\n|\n|t:|1666794929\n|move|p1a: Victini|Quick Attack|p2a: Kartana\n|-supereffective|p2a: Kartana\n|-damage|p2a: Kartana|29\/100\n|move|p2a: Kartana|Knock Off|p1a: Victini\n|-resisted|p1a: Victini\n|-damage|p1a: Victini|20\/100\n|-enditem|p1a: Victini|Heavy-Duty Boots|[from] move: Knock Off|[of] p2a: Kartana\n|\n|upkeep\n|turn|14\n|\n|t:|1666794942\n|switch|p2a: Blissey|Blissey, F|100\/100\n|move|p1a: Victini|Quick Attack|p2a: Blissey\n|-damage|p2a: Blissey|84\/100\n|\n|upkeep\n|turn|15\n|\n|t:|1666794954\n|move|p1a: Victini|U-turn|p2a: Blissey\n|-damage|p2a: Blissey|64\/100\n|\n|t:|1666794955\n|switch|p1a: Gyarados|Gyarados, M|100\/100|[from]move: U-turn\n|move|p2a: Blissey|Seismic Toss|p1a: Gyarados\n|-damage|p1a: Gyarados|70\/100\n|\n|upkeep\n|turn|16\n|\n|t:|1666794962\n|move|p1a: Gyarados|Dragon Dance|p1a: Gyarados\n|-boost|p1a: Gyarados|atk|1\n|-boost|p1a: Gyarados|spe|1\n|move|p2a: Blissey|Thunder Wave|p1a: Gyarados\n|-status|p1a: Gyarados|par\n|\n|upkeep\n|turn|17\n|\n|t:|1666794969\n|move|p1a: Gyarados|Double-Edge|p2a: Blissey\n|-damage|p2a: Blissey|0 fnt\n|faint|p2a: Blissey\n|-ability|p1a: Gyarados|Moxie|boost\n|-boost|p1a: Gyarados|atk|1\n|-damage|p1a: Gyarados|25\/100 par|[from] Recoil\n|\n|upkeep\n|\n|t:|1666794976\n|switch|p2a: Kartana|Kartana|29\/100\n|turn|18\n|\n|t:|1666794986\n|move|p2a: Kartana|Knock Off|p1a: Gyarados\n|-resisted|p1a: Gyarados\n|-damage|p1a: Gyarados|0 fnt\n|-enditem|p1a: Gyarados|Heavy-Duty Boots|[from] move: Knock Off|[of] p2a: Kartana\n|faint|p1a: Gyarados\n|-ability|p2a: Kartana|Beast Boost|boost\n|-boost|p2a: Kartana|atk|1\n|\n|upkeep\n|\n|t:|1666794989\n|switch|p1a: Victini|Victini|20\/100\n|turn|19\n|\n|t:|1666794995\n|move|p1a: Victini|Quick Attack|p2a: Kartana\n|-supereffective|p2a: Kartana\n|-damage|p2a: Kartana|0 fnt\n|faint|p2a: Kartana\n|\n|win|Delibird Heart\n|n|\u2606Delibird Heart|delibirdheart\n|n|\u2606Paltham|paltham\n|c|\u2606Delibird Heart|gg\n|l|\u2606Delibird Heart\n|c|\u2606Paltham|ahhhh man ggs\n","uploadtime":1666795013,"views":5,"p1id":"delibirdheart","p2id":"paltham","formatid":"gen8revelationmons","rating":0,"private":0,"password":null}