{"id":"gen8ou-1652750913","p1":"minimax_ai","p2":"rooopos","format":"gen8ou","log":"|j|\u2606minimax_ai\n|j|\u2606rooopos\n|t:|1661958873\n|gametype|singles\n|player|p1|minimax_ai|lusamine-nihilego|1599\n|player|p2|rooopos|1|1541\n|teamsize|p1|6\n|teamsize|p2|6\n|gen|8\n|tier|[Gen 8] OU\n|rated|\n|rule|Sleep Clause Mod: Limit one foe put to sleep\n|rule|Species Clause: Limit one of each Pok\u00e9mon\n|rule|OHKO Clause: OHKO moves are banned\n|rule|Evasion Items Clause: Evasion items are banned\n|rule|Evasion Moves Clause: Evasion moves are banned\n|rule|Endless Battle Clause: Forcing endless battles is banned\n|rule|HP Percentage Mod: HP is shown in percentages\n|rule|Dynamax Clause: You cannot dynamax\n|clearpoke\n|poke|p1|Rotom-Wash|\n|poke|p1|Weavile, M|\n|poke|p1|Landorus-Therian, M|\n|poke|p1|Heatran, M|\n|poke|p1|Tangrowth, F|\n|poke|p1|Melmetal|\n|poke|p2|Landorus-Therian, M|\n|poke|p2|Volcanion|\n|poke|p2|Zapdos|\n|poke|p2|Clefable, M|\n|poke|p2|Ferrothorn, M|\n|poke|p2|Weavile, M|\n|teampreview\n|c|\u2606minimax_ai|hf\n|inactive|Battle timer is ON: inactive players will automatically lose when time's up. (requested by minimax_ai)\n|c|\u2606rooopos|u2\n|inactive|rooopos has 120 seconds left.\n|\n|t:|1661958908\n|start\n|switch|p1a: landorustherian|Landorus-Therian, M|100\/100\n|switch|p2a: Dragon Murderer|Clefable, M, shiny|100\/100\n|-ability|p1a: landorustherian|Intimidate|boost\n|-unboost|p2a: Dragon Murderer|atk|1\n|turn|1\n|\n|t:|1661958914\n|switch|p2a: Hugs for Free|Ferrothorn, M, shiny|100\/100\n|move|p1a: landorustherian|Earthquake|p2a: Hugs for Free\n|-damage|p2a: Hugs for Free|70\/100\n|\n|upkeep\n|turn|2\n|\n|t:|1661958924\n|move|p1a: landorustherian|Earthquake|p2a: Hugs for Free\n|-damage|p2a: Hugs for Free|41\/100\n|move|p2a: Hugs for Free|Leech Seed|p1a: landorustherian\n|-start|p1a: landorustherian|move: Leech Seed\n|\n|-damage|p1a: landorustherian|88\/100|[from] Leech Seed|[of] p2a: Hugs for Free\n|-heal|p2a: Hugs for Free|54\/100|[silent]\n|upkeep\n|turn|3\n|\n|t:|1661958930\n|switch|p2a: Dogo|Landorus-Therian, M, shiny|100\/100\n|-ability|p2a: Dogo|Intimidate|boost\n|-unboost|p1a: landorustherian|atk|1\n|move|p1a: landorustherian|U-turn|p2a: Dogo\n|-resisted|p2a: Dogo\n|-damage|p2a: Dogo|94\/100\n|\n|t:|1661958930\n|switch|p1a: Weavile|Weavile, M|100\/100|[from]move: U-turn\n|-ability|p1a: Weavile|Pressure\n|\n|-heal|p2a: Dogo|99\/100|[from] item: Leftovers\n|upkeep\n|turn|4\n|\n|t:|1661958936\n|switch|p2a: Hugs for Free|Ferrothorn, M, shiny|54\/100\n|move|p1a: Weavile|Triple Axel|p2a: Hugs for Free\n|-damage|p2a: Hugs for Free|46\/100\n|-damage|p1a: Weavile|88\/100|[from] ability: Iron Barbs|[of] p2a: Hugs for Free\n|-damage|p1a: Weavile|72\/100|[from] item: Rocky Helmet|[of] p2a: Hugs for Free\n|-crit|p2a: Hugs for Free\n|-damage|p2a: Hugs for Free|20\/100\n|-damage|p1a: Weavile|59\/100|[from] ability: Iron Barbs|[of] p2a: Hugs for Free\n|-damage|p1a: Weavile|43\/100|[from] item: Rocky Helmet|[of] p2a: Hugs for Free\n|-damage|p2a: Hugs for Free|0 fnt\n|-damage|p1a: Weavile|30\/100|[from] ability: Iron Barbs|[of] p2a: Hugs for Free\n|-damage|p1a: Weavile|14\/100|[from] item: Rocky Helmet|[of] p2a: Hugs for Free\n|faint|p2a: Hugs for Free\n|-hitcount|p2: Hugs for Free|3\n|\n|upkeep\n|\n|t:|1661958942\n|switch|p2a: Dragon Murderer|Clefable, M, shiny|100\/100\n|turn|5\n|\n|t:|1661958944\n|move|p1a: Weavile|Triple Axel|p2a: Dragon Murderer\n|-damage|p2a: Dragon Murderer|87\/100\n|-crit|p2a: Dragon Murderer\n|-damage|p2a: Dragon Murderer|50\/100\n|-damage|p2a: Dragon Murderer|10\/100\n|-hitcount|p2a: Dragon Murderer|3\n|move|p2a: Dragon Murderer|Moonblast|p1a: Weavile\n|-supereffective|p1a: Weavile\n|-damage|p1a: Weavile|0 fnt\n|faint|p1a: Weavile\n|\n|upkeep\n|\n|t:|1661958944\n|switch|p1a: Heatran|Heatran, M|100\/100\n|-item|p1a: Heatran|Air Balloon\n|turn|6\n|\n|t:|1661958948\n|switch|p2a: Krakatoa|Volcanion|100\/100\n|move|p1a: Heatran|Magma Storm|p2a: Krakatoa|[miss]\n|-miss|p1a: Heatran|p2a: Krakatoa\n|\n|upkeep\n|turn|7\n|\n|t:|1661958952\n|switch|p1a: rotomwash|Rotom-Wash|100\/100\n|move|p2a: Krakatoa|Steam Eruption|p1a: rotomwash\n|-resisted|p1a: rotomwash\n|-damage|p1a: rotomwash|51\/100\n|\n|-heal|p1a: rotomwash|57\/100|[from] item: Leftovers\n|upkeep\n|turn|8\n|\n|t:|1661958959\n|move|p1a: rotomwash|Nasty Plot|p1a: rotomwash\n|-boost|p1a: rotomwash|spa|2\n|move|p2a: Krakatoa|Steam Eruption|p1a: rotomwash\n|-resisted|p1a: rotomwash\n|-damage|p1a: rotomwash|9\/100\n|-status|p1a: rotomwash|brn\n|\n|-heal|p1a: rotomwash|16\/100 brn|[from] item: Leftovers\n|-damage|p1a: rotomwash|9\/100 brn|[from] brn\n|upkeep\n|turn|9\n|\n|t:|1661958965\n|switch|p2a: Dogo|Landorus-Therian, M, shiny|99\/100\n|-ability|p2a: Dogo|Intimidate|boost\n|-unboost|p1a: rotomwash|atk|1\n|move|p1a: rotomwash|Pain Split|p2a: Dogo\n|-sethp|p2a: Dogo|54\/100|[from] move: Pain Split|[silent]\n|-sethp|p1a: rotomwash|67\/100 brn|[from] move: Pain Split\n|\n|-heal|p2a: Dogo|60\/100|[from] item: Leftovers\n|-heal|p1a: rotomwash|74\/100 brn|[from] item: Leftovers\n|-damage|p1a: rotomwash|67\/100 brn|[from] brn\n|upkeep\n|turn|10\n|\n|t:|1661958969\n|move|p2a: Dogo|U-turn|p1a: rotomwash\n|-damage|p1a: rotomwash|42\/100 brn\n|\n|t:|1661958973\n|switch|p2a: Krakatoa|Volcanion|100\/100|[from]move: U-turn\n|move|p1a: rotomwash|Hydro Pump|p2a: Krakatoa\n|-immune|p2a: Krakatoa|[from] ability: Water Absorb\n|\n|-heal|p1a: rotomwash|49\/100 brn|[from] item: Leftovers\n|-damage|p1a: rotomwash|42\/100 brn|[from] brn\n|upkeep\n|turn|11\n|\n|t:|1661958975\n|move|p1a: rotomwash|Thunderbolt|p2a: Krakatoa\n|-supereffective|p2a: Krakatoa\n|-damage|p2a: Krakatoa|0 fnt\n|faint|p2a: Krakatoa\n|\n|-heal|p1a: rotomwash|49\/100 brn|[from] item: Leftovers\n|-damage|p1a: rotomwash|42\/100 brn|[from] brn\n|upkeep\n|\n|t:|1661958980\n|switch|p2a: TMafia|Weavile, M, shiny|100\/100\n|-ability|p2a: TMafia|Pressure\n|turn|12\n|\n|t:|1661958982\n|switch|p1a: Melmetal|Melmetal|100\/100\n|move|p2a: TMafia|Knock Off|p1a: Melmetal\n|-damage|p1a: Melmetal|75\/100\n|-enditem|p1a: Melmetal|Assault Vest|[from] move: Knock Off|[of] p2a: TMafia\n|\n|upkeep\n|turn|13\n|\n|t:|1661958986\n|switch|p2a: Douglas|Zapdos, shiny|100\/100\n|move|p1a: Melmetal|Double Iron Bash|p2a: Douglas\n|-resisted|p2a: Douglas\n|-damage|p2a: Douglas|82\/100\n|-resisted|p2a: Douglas\n|-damage|p2a: Douglas|63\/100\n|-hitcount|p2a: Douglas|2\n|\n|upkeep\n|turn|14\n|\n|t:|1661958991\n|switch|p1a: landorustherian|Landorus-Therian, M|88\/100\n|-ability|p1a: landorustherian|Intimidate|boost\n|-unboost|p2a: Douglas|atk|1\n|move|p2a: Douglas|Volt Switch|p1a: landorustherian\n|-immune|p1a: landorustherian\n|\n|-heal|p1a: landorustherian|94\/100|[from] item: Leftovers\n|upkeep\n|turn|15\n|\n|t:|1661958994\n|move|p2a: Douglas|Hurricane|p1a: landorustherian\n|-damage|p1a: landorustherian|54\/100\n|move|p1a: landorustherian|Toxic|p2a: Douglas\n|-status|p2a: Douglas|tox\n|\n|-heal|p1a: landorustherian|60\/100|[from] item: Leftovers\n|-damage|p2a: Douglas|57\/100 tox|[from] psn\n|upkeep\n|turn|16\n|\n|t:|1661958997\n|switch|p1a: Heatran|Heatran, M|100\/100\n|-item|p1a: Heatran|Air Balloon\n|move|p2a: Douglas|Roost|p2a: Douglas\n|-heal|p2a: Douglas|100\/100 tox\n|-singleturn|p2a: Douglas|move: Roost\n|\n|-damage|p2a: Douglas|88\/100 tox|[from] psn\n|upkeep\n|turn|17\n|\n|t:|1661959006\n|move|p1a: Heatran|Eruption|p2a: Douglas\n|-damage|p2a: Douglas|8\/100 tox\n|move|p2a: Douglas|Volt Switch|p1a: Heatran\n|-damage|p1a: Heatran|63\/100\n|-enditem|p1a: Heatran|Air Balloon\n|\n|t:|1661959010\n|switch|p2a: Dogo|Landorus-Therian, M, shiny|60\/100|[from]move: Volt Switch\n|-ability|p2a: Dogo|Intimidate|boost\n|-unboost|p1a: Heatran|atk|1\n|\n|-heal|p2a: Dogo|66\/100|[from] item: Leftovers\n|upkeep\n|turn|18\n|\n|t:|1661959012\n|switch|p1a: rotomwash|Rotom-Wash|42\/100 brn\n|move|p2a: Dogo|Stealth Rock|p1a: rotomwash\n|-sidestart|p1: minimax_ai|move: Stealth Rock\n|\n|-heal|p2a: Dogo|72\/100|[from] item: Leftovers\n|-heal|p1a: rotomwash|49\/100 brn|[from] item: Leftovers\n|-damage|p1a: rotomwash|42\/100 brn|[from] brn\n|upkeep\n|turn|19\n|\n|t:|1661959015\n|move|p2a: Dogo|U-turn|p1a: rotomwash\n|-damage|p1a: rotomwash|20\/100 brn\n|\n|t:|1661959018\n|switch|p2a: Dragon Murderer|Clefable, M, shiny|10\/100|[from]move: U-turn\n|move|p1a: rotomwash|Hydro Pump|p2a: Dragon Murderer\n|-damage|p2a: Dragon Murderer|0 fnt\n|faint|p2a: Dragon Murderer\n|\n|-heal|p1a: rotomwash|26\/100 brn|[from] item: Leftovers\n|-damage|p1a: rotomwash|20\/100 brn|[from] brn\n|upkeep\n|\n|t:|1661959022\n|switch|p2a: TMafia|Weavile, M, shiny|100\/100\n|-ability|p2a: TMafia|Pressure\n|turn|20\n|\n|t:|1661959024\n|switch|p1a: Melmetal|Melmetal|75\/100\n|-damage|p1a: Melmetal|69\/100|[from] Stealth Rock\n|move|p2a: TMafia|Knock Off|p1a: Melmetal\n|-damage|p1a: Melmetal|50\/100\n|\n|upkeep\n|turn|21\n|\n|t:|1661959028\n|switch|p2a: Douglas|Zapdos, shiny|8\/100 tox\n|move|p1a: Melmetal|Ice Punch|p2a: Douglas\n|-supereffective|p2a: Douglas\n|-damage|p2a: Douglas|0 fnt\n|faint|p2a: Douglas\n|\n|upkeep\n|\n|t:|1661959030\n|switch|p2a: Dogo|Landorus-Therian, M, shiny|72\/100\n|-ability|p2a: Dogo|Intimidate|boost\n|-unboost|p1a: Melmetal|atk|1\n|turn|22\n|\n|t:|1661959035\n|switch|p1a: Tangrowth|Tangrowth, F|100\/100\n|-damage|p1a: Tangrowth|88\/100|[from] Stealth Rock\n|move|p2a: Dogo|U-turn|p1a: Tangrowth\n|-supereffective|p1a: Tangrowth\n|-damage|p1a: Tangrowth|63\/100\n|-damage|p2a: Dogo|55\/100|[from] item: Rocky Helmet|[of] p1a: Tangrowth\n|\n|t:|1661959037\n|switch|p2a: TMafia|Weavile, M, shiny|100\/100|[from]move: U-turn\n|-ability|p2a: TMafia|Pressure\n|\n|upkeep\n|turn|23\n|\n|t:|1661959039\n|move|p2a: TMafia|Swords Dance|p2a: TMafia\n|-boost|p2a: TMafia|atk|2\n|move|p1a: Tangrowth|Giga Drain|p2a: TMafia\n|-damage|p2a: TMafia|64\/100\n|-heal|p1a: Tangrowth|76\/100|[from] drain|[of] p2a: TMafia\n|\n|upkeep\n|turn|24\n|\n|t:|1661959046\n|switch|p1a: landorustherian|Landorus-Therian, M|60\/100\n|-damage|p1a: landorustherian|47\/100|[from] Stealth Rock\n|-ability|p1a: landorustherian|Intimidate|boost\n|-unboost|p2a: TMafia|atk|1\n|move|p2a: TMafia|Swords Dance|p2a: TMafia\n|-boost|p2a: TMafia|atk|2\n|\n|-heal|p1a: landorustherian|54\/100|[from] item: Leftovers\n|upkeep\n|turn|25\n|\n|t:|1661959050\n|switch|p1a: rotomwash|Rotom-Wash|20\/100 brn\n|-damage|p1a: rotomwash|8\/100 brn|[from] Stealth Rock\n|move|p2a: TMafia|Knock Off|p1a: rotomwash\n|-damage|p1a: rotomwash|0 fnt\n|-enditem|p1a: rotomwash|Leftovers|[from] move: Knock Off|[of] p2a: TMafia\n|faint|p1a: rotomwash\n|\n|upkeep\n|\n|t:|1661959050\n|switch|p1a: landorustherian|Landorus-Therian, M|54\/100\n|-damage|p1a: landorustherian|41\/100|[from] Stealth Rock\n|-ability|p1a: landorustherian|Intimidate|boost\n|-unboost|p2a: TMafia|atk|1\n|turn|26\n|\n|t:|1661959053\n|move|p2a: TMafia|Knock Off|p1a: landorustherian\n|-damage|p1a: landorustherian|0 fnt\n|-enditem|p1a: landorustherian|Leftovers|[from] move: Knock Off|[of] p2a: TMafia\n|faint|p1a: landorustherian\n|\n|upkeep\n|\n|t:|1661959053\n|switch|p1a: Melmetal|Melmetal|50\/100\n|-damage|p1a: Melmetal|44\/100|[from] Stealth Rock\n|turn|27\n|\n|t:|1661959056\n|move|p2a: TMafia|Knock Off|p1a: Melmetal\n|-damage|p1a: Melmetal|8\/100\n|move|p1a: Melmetal|Double Iron Bash|p2a: TMafia\n|-supereffective|p2a: TMafia\n|-damage|p2a: TMafia|0 fnt\n|faint|p2a: TMafia\n|-hitcount|p2: TMafia|1\n|\n|upkeep\n|\n|t:|1661959061\n|switch|p2a: Dogo|Landorus-Therian, M, shiny|55\/100\n|-ability|p2a: Dogo|Intimidate|boost\n|-unboost|p1a: Melmetal|atk|1\n|turn|28\n|\n|t:|1661959063\n|switch|p1a: Tangrowth|Tangrowth, F|100\/100\n|-damage|p1a: Tangrowth|88\/100|[from] Stealth Rock\n|move|p2a: Dogo|U-turn|p1a: Tangrowth\n|-supereffective|p1a: Tangrowth\n|-damage|p1a: Tangrowth|62\/100\n|-damage|p2a: Dogo|39\/100|[from] item: Rocky Helmet|[of] p1a: Tangrowth\n|\n|-heal|p2a: Dogo|45\/100|[from] item: Leftovers\n|upkeep\n|turn|29\n|\n|t:|1661959066\n|move|p2a: Dogo|U-turn|p1a: Tangrowth\n|-supereffective|p1a: Tangrowth\n|-damage|p1a: Tangrowth|40\/100\n|-damage|p2a: Dogo|28\/100|[from] item: Rocky Helmet|[of] p1a: Tangrowth\n|move|p1a: Tangrowth|Giga Drain|p2a: Dogo\n|-damage|p2a: Dogo|0 fnt\n|-heal|p1a: Tangrowth|53\/100|[from] drain|[of] p2a: Dogo\n|faint|p2a: Dogo\n|\n|win|minimax_ai\n|raw|minimax_ai's rating: 1599 &rarr; <strong>1616<\/strong><br \/>(+17 for winning)\n|raw|rooopos's rating: 1541 &rarr; <strong>1524<\/strong><br \/>(-17 for losing)\n|c|\u2606minimax_ai|gg\n","uploadtime":1661959067,"views":13,"p1id":"minimaxai","p2id":"rooopos","formatid":"gen8ou","rating":1524,"private":0,"password":null}