{"id":"gen8ou-1687309973","p1":"dracaufeu shiny","p2":"minimax_ai","format":"gen8ou","log":"|html|<div class=\"broadcast-blue\"><strong>[Gen 8] OU is currently suspecting Melmetal! For information on how to participate check out the <a href=\"https:\/\/www.smogon.com\/forums\/threads\/np-ss-ou-suspect-process-round-12-monster-mash.3709234\/\">suspect thread<\/a>.<\/strong><\/div>\n|j|\u2606dracaufeu shiny\n|j|\u2606minimax_ai\n|t:|1665948035\n|gametype|singles\n|player|p1|dracaufeu shiny|red|1548\n|player|p2|minimax_ai|lusamine-nihilego|1587\n|teamsize|p1|6\n|teamsize|p2|6\n|gen|8\n|tier|[Gen 8] OU\n|rated|\n|rule|Sleep Clause Mod: Limit one foe put to sleep\n|rule|Species Clause: Limit one of each Pok\u00e9mon\n|rule|OHKO Clause: OHKO moves are banned\n|rule|Evasion Items Clause: Evasion items are banned\n|rule|Evasion Moves Clause: Evasion moves are banned\n|rule|Endless Battle Clause: Forcing endless battles is banned\n|rule|HP Percentage Mod: HP is shown in percentages\n|rule|Dynamax Clause: You cannot dynamax\n|clearpoke\n|poke|p1|Pelipper, M|\n|poke|p1|Tyranitar, M|\n|poke|p1|Ferrothorn, F|\n|poke|p1|Zapdos|\n|poke|p1|Urshifu-*, M|\n|poke|p1|Excadrill, M|\n|poke|p2|Rotom-Wash|\n|poke|p2|Weavile, F|\n|poke|p2|Landorus-Therian, M|\n|poke|p2|Heatran, M|\n|poke|p2|Tangrowth, F|\n|poke|p2|Melmetal|\n|teampreview\n|c|\u2606minimax_ai|hf\n|inactive|Battle timer is ON: inactive players will automatically lose when time's up. (requested by minimax_ai)\n|\n|t:|1665948065\n|start\n|switch|p1a: Zapdos|Zapdos|100\/100\n|switch|p2a: Tangrowth|Tangrowth, F|100\/100\n|turn|1\n|\n|t:|1665948071\n|switch|p2a: landorustherian|Landorus-Therian, M|100\/100\n|-ability|p2a: landorustherian|Intimidate|boost\n|-unboost|p1a: Zapdos|atk|1\n|move|p1a: Zapdos|Hurricane|p2a: landorustherian\n|-damage|p2a: landorustherian|66\/100\n|\n|-heal|p2a: landorustherian|72\/100|[from] item: Leftovers\n|upkeep\n|turn|2\n|\n|t:|1665948087\n|move|p1a: Zapdos|Hurricane|p2a: landorustherian\n|-damage|p2a: landorustherian|39\/100\n|move|p2a: landorustherian|Toxic|p1a: Zapdos\n|-status|p1a: Zapdos|tox\n|\n|-heal|p2a: landorustherian|45\/100|[from] item: Leftovers\n|-damage|p1a: Zapdos|94\/100 tox|[from] psn\n|upkeep\n|turn|3\n|\n|t:|1665948094\n|switch|p1a: Ferrothorn|Ferrothorn, F|100\/100\n|move|p2a: landorustherian|Earthquake|p1a: Ferrothorn\n|-damage|p1a: Ferrothorn|72\/100\n|\n|-heal|p2a: landorustherian|51\/100|[from] item: Leftovers\n|-heal|p1a: Ferrothorn|79\/100|[from] item: Leftovers\n|upkeep\n|turn|4\n|\n|t:|1665948096\n|move|p2a: landorustherian|U-turn|p1a: Ferrothorn\n|-damage|p1a: Ferrothorn|66\/100\n|-damage|p2a: landorustherian|39\/100|[from] ability: Iron Barbs|[of] p1a: Ferrothorn\n|\n|t:|1665948097\n|switch|p2a: Tangrowth|Tangrowth, F|100\/100|[from]move: U-turn\n|move|p1a: Ferrothorn|Stealth Rock|p2a: Tangrowth\n|-sidestart|p2: minimax_ai|move: Stealth Rock\n|\n|-heal|p1a: Ferrothorn|72\/100|[from] item: Leftovers\n|upkeep\n|turn|5\n|\n|t:|1665948100\n|move|p2a: Tangrowth|Giga Drain|p1a: Ferrothorn\n|-resisted|p1a: Ferrothorn\n|-damage|p1a: Ferrothorn|66\/100\n|move|p1a: Ferrothorn|Knock Off|p2a: Tangrowth\n|-damage|p2a: Tangrowth|90\/100\n|-damage|p1a: Ferrothorn|49\/100|[from] item: Rocky Helmet|[of] p2a: Tangrowth\n|-enditem|p2a: Tangrowth|Rocky Helmet|[from] move: Knock Off|[of] p1a: Ferrothorn\n|\n|-heal|p1a: Ferrothorn|55\/100|[from] item: Leftovers\n|upkeep\n|turn|6\n|\n|t:|1665948112\n|switch|p1a: Pelipper|Pelipper, M|100\/100\n|-weather|RainDance|[from] ability: Drizzle|[of] p1a: Pelipper\n|move|p2a: Tangrowth|Focus Blast|p1a: Pelipper\n|-resisted|p1a: Pelipper\n|-damage|p1a: Pelipper|73\/100\n|\n|-weather|RainDance|[upkeep]\n|upkeep\n|turn|7\n|\n|t:|1665948115\n|switch|p2a: Melmetal|Melmetal|100\/100\n|-damage|p2a: Melmetal|94\/100|[from] Stealth Rock\n|move|p1a: Pelipper|Hurricane|p2a: Melmetal\n|-resisted|p2a: Melmetal\n|-damage|p2a: Melmetal|75\/100\n|-start|p2a: Melmetal|confusion\n|\n|-weather|RainDance|[upkeep]\n|upkeep\n|turn|8\n|\n|t:|1665948120\n|switch|p1a: Ferrothorn|Ferrothorn, F|55\/100\n|-activate|p2a: Melmetal|confusion\n|-damage|p2a: Melmetal|66\/100|[from] confusion\n|\n|-weather|RainDance|[upkeep]\n|-heal|p1a: Ferrothorn|62\/100|[from] item: Leftovers\n|upkeep\n|turn|9\n|\n|t:|1665948125\n|-end|p2a: Melmetal|confusion\n|move|p2a: Melmetal|Ice Punch|p1a: Ferrothorn\n|-damage|p1a: Ferrothorn|40\/100\n|-damage|p2a: Melmetal|53\/100|[from] ability: Iron Barbs|[of] p1a: Ferrothorn\n|move|p1a: Ferrothorn|Knock Off|p2a: Melmetal\n|-damage|p2a: Melmetal|41\/100\n|-enditem|p2a: Melmetal|Assault Vest|[from] move: Knock Off|[of] p1a: Ferrothorn\n|\n|-weather|RainDance|[upkeep]\n|-heal|p1a: Ferrothorn|47\/100|[from] item: Leftovers\n|upkeep\n|turn|10\n|\n|t:|1665948132\n|move|p2a: Melmetal|Double Iron Bash|p1a: Ferrothorn\n|-resisted|p1a: Ferrothorn\n|-damage|p1a: Ferrothorn|35\/100\n|-damage|p2a: Melmetal|28\/100|[from] ability: Iron Barbs|[of] p1a: Ferrothorn\n|-resisted|p1a: Ferrothorn\n|-damage|p1a: Ferrothorn|24\/100\n|-damage|p2a: Melmetal|16\/100|[from] ability: Iron Barbs|[of] p1a: Ferrothorn\n|-hitcount|p1a: Ferrothorn|2\n|cant|p1a: Ferrothorn|flinch\n|\n|-weather|none\n|-heal|p1a: Ferrothorn|31\/100|[from] item: Leftovers\n|upkeep\n|turn|11\n|\n|t:|1665948135\n|move|p2a: Melmetal|Double Iron Bash|p1a: Ferrothorn\n|-resisted|p1a: Ferrothorn\n|-damage|p1a: Ferrothorn|20\/100\n|-damage|p2a: Melmetal|3\/100|[from] ability: Iron Barbs|[of] p1a: Ferrothorn\n|-resisted|p1a: Ferrothorn\n|-damage|p1a: Ferrothorn|9\/100\n|-damage|p2a: Melmetal|0 fnt|[from] ability: Iron Barbs|[of] p1a: Ferrothorn\n|faint|p2a: Melmetal\n|-hitcount|p1a: Ferrothorn|2\n|move|p1a: Ferrothorn|Leech Seed|p2: Melmetal|[notarget]\n|-fail|p1a: Ferrothorn\n|\n|-heal|p1a: Ferrothorn|15\/100|[from] item: Leftovers\n|upkeep\n|\n|t:|1665948135\n|switch|p2a: Weavile|Weavile, F|100\/100\n|-damage|p2a: Weavile|76\/100|[from] Stealth Rock\n|-ability|p2a: Weavile|Pressure\n|turn|12\n|\n|t:|1665948139\n|move|p2a: Weavile|Triple Axel|p1a: Ferrothorn\n|-damage|p1a: Ferrothorn|6\/100\n|-damage|p2a: Weavile|63\/100|[from] ability: Iron Barbs|[of] p1a: Ferrothorn\n|-damage|p1a: Ferrothorn|0 fnt\n|-damage|p2a: Weavile|51\/100|[from] ability: Iron Barbs|[of] p1a: Ferrothorn\n|faint|p1a: Ferrothorn\n|-hitcount|p1: Ferrothorn|2\n|\n|upkeep\n|\n|t:|1665948144\n|switch|p1a: Urshifu|Urshifu-Rapid-Strike, M|100\/100\n|turn|13\n|\n|t:|1665948146\n|switch|p2a: Tangrowth|Tangrowth, F|100\/100\n|-damage|p2a: Tangrowth|88\/100|[from] Stealth Rock\n|move|p1a: Urshifu|U-turn|p2a: Tangrowth\n|-supereffective|p2a: Tangrowth\n|-damage|p2a: Tangrowth|63\/100\n|\n|t:|1665948151\n|switch|p1a: Pelipper|Pelipper, M|73\/100|[from]move: U-turn\n|-weather|RainDance|[from] ability: Drizzle|[of] p1a: Pelipper\n|\n|-weather|RainDance|[upkeep]\n|upkeep\n|turn|14\n|\n|t:|1665948153\n|switch|p2a: rotomwash|Rotom-Wash|100\/100\n|-damage|p2a: rotomwash|88\/100|[from] Stealth Rock\n|move|p1a: Pelipper|Hurricane|p2a: rotomwash\n|-resisted|p2a: rotomwash\n|-damage|p2a: rotomwash|48\/100\n|-start|p2a: rotomwash|confusion\n|\n|-weather|RainDance|[upkeep]\n|-heal|p2a: rotomwash|54\/100|[from] item: Leftovers\n|upkeep\n|turn|15\n|\n|t:|1665948161\n|switch|p1a: Excadrill|Excadrill, M|100\/100\n|-activate|p2a: rotomwash|confusion\n|move|p2a: rotomwash|Hydro Pump|p1a: Excadrill\n|-supereffective|p1a: Excadrill\n|-damage|p1a: Excadrill|0 fnt\n|faint|p1a: Excadrill\n|\n|-weather|RainDance|[upkeep]\n|-heal|p2a: rotomwash|60\/100|[from] item: Leftovers\n|upkeep\n|\n|t:|1665948164\n|switch|p1a: Tyranitar|Tyranitar, M|100\/100\n|-weather|Sandstorm|[from] ability: Sand Stream|[of] p1a: Tyranitar\n|turn|16\n|\n|t:|1665948169\n|-end|p2a: rotomwash|confusion\n|move|p2a: rotomwash|Pain Split|p1a: Tyranitar\n|-sethp|p1a: Tyranitar|77\/100|[from] move: Pain Split|[silent]\n|-sethp|p2a: rotomwash|86\/100|[from] move: Pain Split\n|move|p1a: Tyranitar|Crunch|p2a: rotomwash\n|-damage|p2a: rotomwash|14\/100\n|-unboost|p2a: rotomwash|def|1\n|\n|-weather|Sandstorm|[upkeep]\n|-damage|p2a: rotomwash|8\/100|[from] Sandstorm\n|-heal|p2a: rotomwash|14\/100|[from] item: Leftovers\n|upkeep\n|turn|17\n|\n|t:|1665948171\n|move|p2a: rotomwash|Pain Split|p1a: Tyranitar\n|-sethp|p1a: Tyranitar|45\/100|[from] move: Pain Split|[silent]\n|-sethp|p2a: rotomwash|50\/100|[from] move: Pain Split\n|move|p1a: Tyranitar|Crunch|p2a: rotomwash\n|-damage|p2a: rotomwash|0 fnt\n|faint|p2a: rotomwash\n|\n|-weather|Sandstorm|[upkeep]\n|upkeep\n|\n|t:|1665948171\n|switch|p2a: landorustherian|Landorus-Therian, M|39\/100\n|-damage|p2a: landorustherian|26\/100|[from] Stealth Rock\n|-ability|p2a: landorustherian|Intimidate|boost\n|-unboost|p1a: Tyranitar|atk|1\n|turn|18\n|\n|t:|1665948174\n|move|p1a: Tyranitar|Crunch|p2a: landorustherian\n|-damage|p2a: landorustherian|0 fnt\n|faint|p2a: landorustherian\n|\n|-weather|Sandstorm|[upkeep]\n|upkeep\n|\n|t:|1665948174\n|switch|p2a: Weavile|Weavile, F|51\/100\n|-damage|p2a: Weavile|26\/100|[from] Stealth Rock\n|-ability|p2a: Weavile|Pressure\n|turn|19\n|\n|t:|1665948183\n|switch|p1a: Zapdos|Zapdos|94\/100 tox\n|move|p2a: Weavile|Triple Axel|p1a: Zapdos\n|-supereffective|p1a: Zapdos\n|-damage|p1a: Zapdos|72\/100 tox\n|-status|p2a: Weavile|par|[from] ability: Static|[of] p1a: Zapdos\n|-hitcount|p1a: Zapdos|1\n|\n|-weather|Sandstorm|[upkeep]\n|-damage|p1a: Zapdos|66\/100 tox|[from] Sandstorm\n|-damage|p2a: Weavile|20\/100 par|[from] Sandstorm\n|-damage|p1a: Zapdos|60\/100 tox|[from] psn\n|upkeep\n|turn|20\n|\n|t:|1665948187\n|move|p1a: Zapdos|Volt Switch|p2a: Weavile\n|-damage|p2a: Weavile|0 fnt\n|faint|p2a: Weavile\n|\n|t:|1665948192\n|switch|p1a: Pelipper|Pelipper, M|73\/100|[from]move: Volt Switch\n|-weather|RainDance|[from] ability: Drizzle|[of] p1a: Pelipper\n|\n|-weather|RainDance|[upkeep]\n|upkeep\n|\n|t:|1665948192\n|switch|p2a: Heatran|Heatran, M|100\/100\n|-damage|p2a: Heatran|88\/100|[from] Stealth Rock\n|-item|p2a: Heatran|Air Balloon\n|turn|21\n|\n|t:|1665948194\n|move|p2a: Heatran|Eruption|p1a: Pelipper\n|-resisted|p1a: Pelipper\n|-damage|p1a: Pelipper|41\/100\n|move|p1a: Pelipper|Weather Ball|p2a: Heatran\n|-supereffective|p2a: Heatran\n|-crit|p2a: Heatran\n|-damage|p2a: Heatran|0 fnt\n|-enditem|p2a: Heatran|Air Balloon\n|faint|p2a: Heatran\n|\n|-weather|RainDance|[upkeep]\n|upkeep\n|\n|t:|1665948194\n|switch|p2a: Tangrowth|Tangrowth, F|97\/100\n|-damage|p2a: Tangrowth|84\/100|[from] Stealth Rock\n|turn|22\n|\n|t:|1665948199\n|switch|p1a: Tyranitar|Tyranitar, M|45\/100\n|-weather|Sandstorm|[from] ability: Sand Stream|[of] p1a: Tyranitar\n|move|p2a: Tangrowth|Knock Off|p1a: Tyranitar\n|-resisted|p1a: Tyranitar\n|-damage|p1a: Tyranitar|35\/100\n|-enditem|p1a: Tyranitar|Choice Band|[from] move: Knock Off|[of] p2a: Tangrowth\n|\n|-weather|Sandstorm|[upkeep]\n|-damage|p2a: Tangrowth|78\/100|[from] Sandstorm\n|upkeep\n|turn|23\n|\n|t:|1665948202\n|move|p1a: Tyranitar|Fire Punch|p2a: Tangrowth\n|-supereffective|p2a: Tangrowth\n|-damage|p2a: Tangrowth|49\/100\n|move|p2a: Tangrowth|Giga Drain|p1a: Tyranitar\n|-supereffective|p1a: Tyranitar\n|-damage|p1a: Tyranitar|0 fnt\n|-heal|p2a: Tangrowth|63\/100|[from] drain|[of] p1a: Tyranitar\n|faint|p1a: Tyranitar\n|\n|-weather|Sandstorm|[upkeep]\n|-damage|p2a: Tangrowth|57\/100|[from] Sandstorm\n|upkeep\n|\n|t:|1665948207\n|switch|p1a: Pelipper|Pelipper, M|41\/100\n|-weather|RainDance|[from] ability: Drizzle|[of] p1a: Pelipper\n|turn|24\n|\n|t:|1665948209\n|move|p1a: Pelipper|Hurricane|p2a: Tangrowth\n|-supereffective|p2a: Tangrowth\n|-damage|p2a: Tangrowth|0 fnt\n|faint|p2a: Tangrowth\n|\n|win|dracaufeu shiny\n|raw|dracaufeu shiny's rating: 1548 &rarr; <strong>1570<\/strong><br \/>(+22 for winning)\n|raw|minimax_ai's rating: 1587 &rarr; <strong>1565<\/strong><br \/>(-22 for losing)\n|c|\u2606minimax_ai|gg\n|l|\u2606minimax_ai\n||Ladder isn't responding, score probably updated but might not have (Request timeout).\n","uploadtime":1665948211,"views":5,"p1id":"dracaufeushiny","p2id":"minimaxai","formatid":"gen8ou","rating":1565,"private":0,"password":null}