{"id":"gen8ou-1654395181","p1":"MR. MEZA","p2":"Eddierome","format":"gen8ou","log":"|j|\u2606MR. MEZA\n|j|\u2606Eddierome\n|t:|1662135117\n|gametype|singles\n|player|p1|MR. MEZA|ethan-masters|1600\n|player|p2|Eddierome|102|1642\n|teamsize|p1|6\n|teamsize|p2|6\n|gen|8\n|tier|[Gen 8] OU\n|rated|\n|rule|Sleep Clause Mod: Limit one foe put to sleep\n|rule|Species Clause: Limit one of each Pok\u00e9mon\n|rule|OHKO Clause: OHKO moves are banned\n|rule|Evasion Items Clause: Evasion items are banned\n|rule|Evasion Moves Clause: Evasion moves are banned\n|rule|Endless Battle Clause: Forcing endless battles is banned\n|rule|HP Percentage Mod: HP is shown in percentages\n|rule|Dynamax Clause: You cannot dynamax\n|clearpoke\n|poke|p1|Rillaboom, F|\n|poke|p1|Tornadus-Therian, M|\n|poke|p1|Blaziken, M|\n|poke|p1|Melmetal|\n|poke|p1|Garchomp, M|\n|poke|p1|Slowbro, M|\n|poke|p2|Mamoswine, F|\n|poke|p2|Landorus-Therian, M|\n|poke|p2|Zeraora|\n|poke|p2|Mandibuzz, F|\n|poke|p2|Rillaboom, F|\n|poke|p2|Gastrodon, F|\n|teampreview\n|inactive|Battle timer is ON: inactive players will automatically lose when time's up. (requested by MR. MEZA)\n|\n|t:|1662135130\n|start\n|switch|p1a: Slowbro|Slowbro, M|100\/100\n|switch|p2a: Mamoswine|Mamoswine, F|100\/100\n|turn|1\n|\n|t:|1662135135\n|switch|p2a: Gastrodon|Gastrodon, F|100\/100\n|move|p1a: Slowbro|Scald|p2a: Gastrodon\n|-ability|p2a: Gastrodon|Storm Drain|boost\n|-boost|p2a: Gastrodon|spa|1\n|\n|upkeep\n|turn|2\n|\n|t:|1662135144\n|move|p2a: Gastrodon|Toxic|p1a: Slowbro\n|-status|p1a: Slowbro|tox\n|move|p1a: Slowbro|Toxic|p2a: Gastrodon\n|-status|p2a: Gastrodon|tox\n|\n|-damage|p2a: Gastrodon|94\/100 tox|[from] psn\n|-damage|p1a: Slowbro|94\/100 tox|[from] psn\n|upkeep\n|turn|3\n|\n|t:|1662135154\n|move|p2a: Gastrodon|Earth Power|p1a: Slowbro\n|-damage|p1a: Slowbro|46\/100 tox\n|move|p1a: Slowbro|Future Sight|p2a: Gastrodon\n|-start|p1a: Slowbro|move: Future Sight\n|\n|-damage|p2a: Gastrodon|82\/100 tox|[from] psn\n|-damage|p1a: Slowbro|34\/100 tox|[from] psn\n|upkeep\n|turn|4\n|\n|t:|1662135162\n|switch|p1a: Tornadus|Tornadus-Therian, M|100\/100\n|move|p2a: Gastrodon|Scald|p1a: Tornadus\n|-damage|p1a: Tornadus|60\/100\n|\n|-damage|p2a: Gastrodon|64\/100 tox|[from] psn\n|upkeep\n|turn|5\n|\n|t:|1662135171\n|switch|p2a: Mandibuzz|Mandibuzz, F|100\/100\n|move|p1a: Tornadus|U-turn|p2a: Mandibuzz\n|-damage|p2a: Mandibuzz|92\/100\n|\n|t:|1662135181\n|switch|p1a: Garchomp|Garchomp, M|100\/100|[from]move: U-turn\n|\n|-end|p2a: Mandibuzz|move: Future Sight\n|-immune|p2a: Mandibuzz\n|upkeep\n|turn|6\n|\n|t:|1662135187\n|move|p1a: Garchomp|Toxic|p2a: Mandibuzz\n|-status|p2a: Mandibuzz|tox\n|move|p2a: Mandibuzz|Foul Play|p1a: Garchomp\n|-damage|p1a: Garchomp|65\/100\n|-damage|p2a: Mandibuzz|80\/100 tox|[from] ability: Rough Skin|[of] p1a: Garchomp\n|\n|-heal|p1a: Garchomp|71\/100|[from] item: Leftovers\n|-damage|p2a: Mandibuzz|74\/100 tox|[from] psn\n|upkeep\n|turn|7\n|\n|t:|1662135192\n|switch|p1a: Slowbro|Slowbro, M|68\/100 tox\n|switch|p2a: Mamoswine|Mamoswine, F|100\/100\n|\n|-damage|p1a: Slowbro|61\/100 tox|[from] psn\n|upkeep\n|turn|8\n|\n|t:|1662135196\n|move|p2a: Mamoswine|Knock Off|p1a: Slowbro\n|-supereffective|p1a: Slowbro\n|-damage|p1a: Slowbro|11\/100 tox\n|-damage|p2a: Mamoswine|84\/100|[from] item: Rocky Helmet|[of] p1a: Slowbro\n|-enditem|p1a: Slowbro|Rocky Helmet|[from] move: Knock Off|[of] p2a: Mamoswine\n|-damage|p2a: Mamoswine|74\/100|[from] item: Life Orb\n|move|p1a: Slowbro|Scald|p2a: Mamoswine\n|-supereffective|p2a: Mamoswine\n|-damage|p2a: Mamoswine|0 fnt\n|faint|p2a: Mamoswine\n|\n|-damage|p1a: Slowbro|0 fnt|[from] psn\n|faint|p1a: Slowbro\n|upkeep\n|\n|t:|1662135209\n|switch|p2a: Mandibuzz|Mandibuzz, F|74\/100 tox\n|switch|p1a: Garchomp|Garchomp, M|71\/100\n|turn|9\n|\n|t:|1662135215\n|switch|p1a: Tornadus|Tornadus-Therian, M|93\/100\n|switch|p2a: Rillaboom|Rillaboom, F|100\/100\n|-fieldstart|move: Grassy Terrain|[from] ability: Grassy Surge|[of] p2a: Rillaboom\n|\n|upkeep\n|turn|10\n|\n|t:|1662135219\n|switch|p2a: Zeraora|Zeraora|100\/100\n|move|p1a: Tornadus|Heat Wave|p2a: Zeraora\n|-damage|p2a: Zeraora|75\/100\n|\n|-heal|p2a: Zeraora|82\/100|[from] Grassy Terrain\n|-heal|p2a: Zeraora|88\/100|[from] item: Leftovers\n|upkeep\n|turn|11\n|\n|t:|1662135224\n|switch|p2a: Rillaboom|Rillaboom, F|100\/100\n|switch|p1a: Garchomp|Garchomp, M|71\/100\n|\n|-heal|p1a: Garchomp|77\/100|[from] Grassy Terrain\n|-heal|p1a: Garchomp|83\/100|[from] item: Leftovers\n|upkeep\n|turn|12\n|\n|t:|1662135227\n|switch|p1a: Tornadus|Tornadus-Therian, M|100\/100\n|move|p2a: Rillaboom|Wood Hammer|p1a: Tornadus\n|-resisted|p1a: Tornadus\n|-damage|p1a: Tornadus|38\/100\n|-damage|p2a: Rillaboom|79\/100|[from] Recoil\n|\n|-heal|p2a: Rillaboom|85\/100|[from] Grassy Terrain\n|upkeep\n|turn|13\n|j| BKong\n|\n|t:|1662135232\n|move|p1a: Tornadus|U-turn|p2a: Rillaboom\n|-supereffective|p2a: Rillaboom\n|-damage|p2a: Rillaboom|55\/100\n|\n|t:|1662135233\n|switch|p1a: Melmetal|Melmetal|100\/100|[from]move: U-turn\n|move|p2a: Rillaboom|Wood Hammer|p1a: Melmetal\n|-resisted|p1a: Melmetal\n|-damage|p1a: Melmetal|62\/100\n|-damage|p2a: Rillaboom|39\/100|[from] Recoil\n|\n|-heal|p2a: Rillaboom|45\/100|[from] Grassy Terrain\n|-heal|p1a: Melmetal|68\/100|[from] Grassy Terrain\n|-heal|p1a: Melmetal|75\/100|[from] item: Leftovers\n|-fieldend|move: Grassy Terrain\n|upkeep\n|turn|14\n|\n|t:|1662135238\n|switch|p2a: Gastrodon|Gastrodon, F|64\/100 tox\n|move|p1a: Melmetal|Double Iron Bash|p2a: Gastrodon\n|-resisted|p2a: Gastrodon\n|-damage|p2a: Gastrodon|48\/100 tox\n|-damage|p1a: Melmetal|58\/100|[from] item: Rocky Helmet|[of] p2a: Gastrodon\n|-resisted|p2a: Gastrodon\n|-damage|p2a: Gastrodon|31\/100 tox\n|-damage|p1a: Melmetal|41\/100|[from] item: Rocky Helmet|[of] p2a: Gastrodon\n|-hitcount|p2a: Gastrodon|2\n|\n|-heal|p1a: Melmetal|48\/100|[from] item: Leftovers\n|-damage|p2a: Gastrodon|25\/100 tox|[from] psn\n|upkeep\n|turn|15\n|\n|t:|1662135253\n|switch|p1a: Rillaboom|Rillaboom, F|100\/100\n|-fieldstart|move: Grassy Terrain|[from] ability: Grassy Surge|[of] p1a: Rillaboom\n|move|p2a: Gastrodon|Recover|p2a: Gastrodon\n|-heal|p2a: Gastrodon|75\/100 tox\n|\n|-heal|p2a: Gastrodon|81\/100 tox|[from] Grassy Terrain\n|-damage|p2a: Gastrodon|69\/100 tox|[from] psn\n|upkeep\n|turn|16\n|\n|t:|1662135260\n|switch|p1a: Melmetal|Melmetal|48\/100\n|switch|p2a: Mandibuzz|Mandibuzz, F|74\/100 tox\n|\n|-heal|p1a: Melmetal|54\/100|[from] Grassy Terrain\n|-heal|p1a: Melmetal|60\/100|[from] item: Leftovers\n|-damage|p2a: Mandibuzz|68\/100 tox|[from] psn\n|upkeep\n|turn|17\n|\n|t:|1662135274\n|switch|p1a: Tornadus|Tornadus-Therian, M|71\/100\n|move|p2a: Mandibuzz|Foul Play|p1a: Tornadus\n|-crit|p1a: Tornadus\n|-damage|p1a: Tornadus|21\/100\n|\n|-damage|p2a: Mandibuzz|55\/100 tox|[from] psn\n|upkeep\n|turn|18\n|\n|t:|1662135282\n|switch|p1a: Garchomp|Garchomp, M|83\/100\n|move|p2a: Mandibuzz|Roost|p2a: Mandibuzz\n|-heal|p2a: Mandibuzz|100\/100 tox\n|-singleturn|p2a: Mandibuzz|move: Roost\n|\n|-heal|p1a: Garchomp|89\/100|[from] Grassy Terrain\n|-heal|p1a: Garchomp|96\/100|[from] item: Leftovers\n|-damage|p2a: Mandibuzz|82\/100 tox|[from] psn\n|upkeep\n|turn|19\n|\n|t:|1662135286\n|switch|p2a: Gastrodon|Gastrodon, F|69\/100 tox\n|move|p1a: Garchomp|Stealth Rock|p2a: Gastrodon\n|-sidestart|p2: Eddierome|move: Stealth Rock\n|\n|-heal|p1a: Garchomp|100\/100|[from] Grassy Terrain\n|-heal|p2a: Gastrodon|75\/100 tox|[from] Grassy Terrain\n|-damage|p2a: Gastrodon|69\/100 tox|[from] psn\n|-fieldend|move: Grassy Terrain\n|upkeep\n|turn|20\n|\n|t:|1662135294\n|move|p1a: Garchomp|Earthquake|p2a: Gastrodon\n|-damage|p2a: Gastrodon|39\/100 tox\n|move|p2a: Gastrodon|Toxic|p1a: Garchomp\n|-status|p1a: Garchomp|tox\n|\n|-damage|p1a: Garchomp|94\/100 tox|[from] psn\n|-damage|p2a: Gastrodon|27\/100 tox|[from] psn\n|upkeep\n|turn|21\n|\n|t:|1662135307\n|switch|p1a: Melmetal|Melmetal|60\/100\n|switch|p2a: Landorus|Landorus-Therian, M|100\/100\n|-damage|p2a: Landorus|88\/100|[from] Stealth Rock\n|-ability|p2a: Landorus|Intimidate|boost\n|-unboost|p1a: Melmetal|atk|1\n|\n|-heal|p2a: Landorus|94\/100|[from] item: Leftovers\n|-heal|p1a: Melmetal|66\/100|[from] item: Leftovers\n|upkeep\n|turn|22\n|\n|t:|1662135315\n|move|p2a: Landorus|Stealth Rock|p1a: Melmetal\n|-sidestart|p1: MR. MEZA|move: Stealth Rock\n|move|p1a: Melmetal|Double Iron Bash|p2a: Landorus\n|-damage|p2a: Landorus|65\/100\n|-damage|p2a: Landorus|38\/100\n|-hitcount|p2a: Landorus|2\n|\n|-heal|p2a: Landorus|44\/100|[from] item: Leftovers\n|-heal|p1a: Melmetal|73\/100|[from] item: Leftovers\n|upkeep\n|turn|23\n|\n|t:|1662135319\n|move|p2a: Landorus|Earthquake|p1a: Melmetal\n|-supereffective|p1a: Melmetal\n|-damage|p1a: Melmetal|13\/100\n|move|p1a: Melmetal|Double Iron Bash|p2a: Landorus\n|-damage|p2a: Landorus|18\/100\n|-damage|p2a: Landorus|0 fnt\n|faint|p2a: Landorus\n|-hitcount|p2: Landorus|2\n|\n|-heal|p1a: Melmetal|20\/100|[from] item: Leftovers\n|upkeep\n|\n|t:|1662135326\n|switch|p2a: Gastrodon|Gastrodon, F|27\/100 tox\n|-damage|p2a: Gastrodon|21\/100 tox|[from] Stealth Rock\n|turn|24\n|\n|t:|1662135331\n|switch|p1a: Tornadus|Tornadus-Therian, M|54\/100\n|move|p2a: Gastrodon|Recover|p2a: Gastrodon\n|-heal|p2a: Gastrodon|71\/100 tox\n|\n|-damage|p2a: Gastrodon|65\/100 tox|[from] psn\n|upkeep\n|turn|25\n|\n|t:|1662135335\n|switch|p1a: Garchomp|Garchomp, M|94\/100 tox\n|-damage|p1a: Garchomp|88\/100 tox|[from] Stealth Rock\n|move|p2a: Gastrodon|Scald|p1a: Garchomp\n|-damage|p1a: Garchomp|71\/100 tox\n|\n|-heal|p1a: Garchomp|77\/100 tox|[from] item: Leftovers\n|-damage|p1a: Garchomp|71\/100 tox|[from] psn\n|-damage|p2a: Gastrodon|53\/100 tox|[from] psn\n|upkeep\n|turn|26\n|\n|t:|1662135339\n|move|p1a: Garchomp|Earthquake|p2a: Gastrodon\n|-damage|p2a: Gastrodon|21\/100 tox\n|move|p2a: Gastrodon|Recover|p2a: Gastrodon\n|-heal|p2a: Gastrodon|71\/100 tox\n|\n|-heal|p1a: Garchomp|77\/100 tox|[from] item: Leftovers\n|-damage|p1a: Garchomp|64\/100 tox|[from] psn\n|-damage|p2a: Gastrodon|53\/100 tox|[from] psn\n|upkeep\n|turn|27\n|\n|t:|1662135346\n|switch|p1a: Tornadus|Tornadus-Therian, M|88\/100\n|move|p2a: Gastrodon|Scald|p1a: Tornadus\n|-damage|p1a: Tornadus|64\/100\n|\n|-damage|p2a: Gastrodon|29\/100 tox|[from] psn\n|upkeep\n|turn|28\n|\n|t:|1662135354\n|move|p1a: Tornadus|Knock Off|p2a: Gastrodon\n|-damage|p2a: Gastrodon|15\/100 tox\n|-damage|p1a: Tornadus|48\/100|[from] item: Rocky Helmet|[of] p2a: Gastrodon\n|-enditem|p2a: Gastrodon|Rocky Helmet|[from] move: Knock Off|[of] p1a: Tornadus\n|move|p2a: Gastrodon|Scald|p1a: Tornadus\n|-damage|p1a: Tornadus|21\/100\n|\n|-damage|p2a: Gastrodon|0 fnt|[from] psn\n|faint|p2a: Gastrodon\n|upkeep\n|\n|t:|1662135362\n|switch|p2a: Rillaboom|Rillaboom, F|45\/100\n|-damage|p2a: Rillaboom|33\/100|[from] Stealth Rock\n|-fieldstart|move: Grassy Terrain|[from] ability: Grassy Surge|[of] p2a: Rillaboom\n|turn|29\n|\n|t:|1662135367\n|switch|p1a: Melmetal|Melmetal|20\/100\n|-damage|p1a: Melmetal|13\/100|[from] Stealth Rock\n|move|p2a: Rillaboom|Grassy Glide|p1a: Melmetal\n|-resisted|p1a: Melmetal\n|-damage|p1a: Melmetal|0 fnt\n|faint|p1a: Melmetal\n|\n|-heal|p2a: Rillaboom|39\/100|[from] Grassy Terrain\n|upkeep\n|\n|t:|1662135372\n|switch|p1a: Blaziken|Blaziken, M|100\/100\n|-damage|p1a: Blaziken|88\/100|[from] Stealth Rock\n|turn|30\n|\n|t:|1662135375\n|move|p2a: Rillaboom|Grassy Glide|p1a: Blaziken\n|-resisted|p1a: Blaziken\n|-damage|p1a: Blaziken|37\/100\n|move|p1a: Blaziken|Flare Blitz|p2a: Rillaboom\n|-supereffective|p2a: Rillaboom\n|-damage|p2a: Rillaboom|0 fnt\n|faint|p2a: Rillaboom\n|-damage|p1a: Blaziken|24\/100|[from] Recoil\n|\n|-heal|p1a: Blaziken|30\/100|[from] Grassy Terrain\n|-heal|p1a: Blaziken|37\/100|[from] item: Leftovers\n|-ability|p1a: Blaziken|Speed Boost|boost\n|-boost|p1a: Blaziken|spe|1\n|upkeep\n|\n|t:|1662135379\n|switch|p2a: Mandibuzz|Mandibuzz, F|82\/100 tox\n|turn|31\n|inactive|MR. MEZA has 120 seconds left.\n|\n|t:|1662135413\n|move|p1a: Blaziken|Protect|p1a: Blaziken\n|-singleturn|p1a: Blaziken|Protect\n|move|p2a: Mandibuzz|Foul Play|p1a: Blaziken\n|-activate|p1a: Blaziken|move: Protect\n|\n|-heal|p1a: Blaziken|43\/100|[from] Grassy Terrain\n|-heal|p1a: Blaziken|49\/100|[from] item: Leftovers\n|-damage|p2a: Mandibuzz|76\/100 tox|[from] psn\n|-ability|p1a: Blaziken|Speed Boost|boost\n|-boost|p1a: Blaziken|spe|1\n|upkeep\n|turn|32\n|\n|t:|1662135421\n|switch|p1a: Tornadus|Tornadus-Therian, M|54\/100\n|move|p2a: Mandibuzz|Foul Play|p1a: Tornadus\n|-damage|p1a: Tornadus|21\/100\n|\n|-damage|p2a: Mandibuzz|64\/100 tox|[from] psn\n|upkeep\n|turn|33\n|inactive|MR. MEZA has 120 seconds left.\n|\n|t:|1662135444\n|switch|p1a: Rillaboom|Rillaboom, F|100\/100\n|-damage|p1a: Rillaboom|88\/100|[from] Stealth Rock\n|move|p2a: Mandibuzz|Foul Play|p1a: Rillaboom\n|-damage|p1a: Rillaboom|41\/100\n|\n|-heal|p1a: Rillaboom|47\/100|[from] Grassy Terrain\n|-heal|p1a: Rillaboom|54\/100|[from] item: Leftovers\n|-damage|p2a: Mandibuzz|45\/100 tox|[from] psn\n|-fieldend|move: Grassy Terrain\n|upkeep\n|turn|34\n|\n|t:|1662135448\n|move|p1a: Rillaboom|Drain Punch|p2a: Mandibuzz\n|-damage|p2a: Mandibuzz|28\/100 tox\n|-heal|p1a: Rillaboom|63\/100|[from] drain|[of] p2a: Mandibuzz\n|move|p2a: Mandibuzz|U-turn|p1a: Rillaboom\n|-supereffective|p1a: Rillaboom\n|-damage|p1a: Rillaboom|42\/100\n|\n|t:|1662135452\n|switch|p2a: Zeraora|Zeraora|88\/100|[from]move: U-turn\n|-damage|p2a: Zeraora|75\/100|[from] Stealth Rock\n|\n|-heal|p2a: Zeraora|81\/100|[from] item: Leftovers\n|-heal|p1a: Rillaboom|49\/100|[from] item: Leftovers\n|upkeep\n|turn|35\n|\n|t:|1662135455\n|switch|p2a: Mandibuzz|Mandibuzz, F|28\/100 tox\n|switch|p1a: Garchomp|Garchomp, M|64\/100 tox\n|-damage|p1a: Garchomp|58\/100 tox|[from] Stealth Rock\n|\n|-heal|p1a: Garchomp|64\/100 tox|[from] item: Leftovers\n|-damage|p1a: Garchomp|58\/100 tox|[from] psn\n|-damage|p2a: Mandibuzz|22\/100 tox|[from] psn\n|upkeep\n|turn|36\n|\n|t:|1662135468\n|switch|p1a: Blaziken|Blaziken, M|49\/100\n|-damage|p1a: Blaziken|37\/100|[from] Stealth Rock\n|move|p2a: Mandibuzz|Roost|p2a: Mandibuzz\n|-heal|p2a: Mandibuzz|72\/100 tox\n|-singleturn|p2a: Mandibuzz|move: Roost\n|\n|-heal|p1a: Blaziken|43\/100|[from] item: Leftovers\n|-damage|p2a: Mandibuzz|60\/100 tox|[from] psn\n|upkeep\n|turn|37\n|\n|t:|1662135494\n|move|p1a: Blaziken|Close Combat|p2a: Mandibuzz\n|-damage|p2a: Mandibuzz|25\/100 tox\n|-unboost|p1a: Blaziken|def|1\n|-unboost|p1a: Blaziken|spd|1\n|move|p2a: Mandibuzz|Roost|p2a: Mandibuzz\n|-heal|p2a: Mandibuzz|75\/100 tox\n|-singleturn|p2a: Mandibuzz|move: Roost\n|\n|-heal|p1a: Blaziken|49\/100|[from] item: Leftovers\n|-damage|p2a: Mandibuzz|57\/100 tox|[from] psn\n|-ability|p1a: Blaziken|Speed Boost|boost\n|-boost|p1a: Blaziken|spe|1\n|upkeep\n|turn|38\n|\n|t:|1662135507\n|move|p1a: Blaziken|Close Combat|p2a: Mandibuzz\n|-damage|p2a: Mandibuzz|22\/100 tox\n|-unboost|p1a: Blaziken|def|1\n|-unboost|p1a: Blaziken|spd|1\n|move|p2a: Mandibuzz|U-turn|p1a: Blaziken\n|-resisted|p1a: Blaziken\n|-damage|p1a: Blaziken|41\/100\n|\n|t:|1662135510\n|switch|p2a: Zeraora|Zeraora|81\/100|[from]move: U-turn\n|-damage|p2a: Zeraora|69\/100|[from] Stealth Rock\n|\n|-heal|p2a: Zeraora|75\/100|[from] item: Leftovers\n|-heal|p1a: Blaziken|47\/100|[from] item: Leftovers\n|-ability|p1a: Blaziken|Speed Boost|boost\n|-boost|p1a: Blaziken|spe|1\n|upkeep\n|turn|39\n|-message|Eddierome forfeited.\n|\n|win|MR. MEZA\n|raw|MR. MEZA's rating: 1600 &rarr; <strong>1622<\/strong><br \/>(+22 for winning)\n|raw|Eddierome's rating: 1642 &rarr; <strong>1620<\/strong><br \/>(-22 for losing)\n|l|\u2606Eddierome\n","uploadtime":1662135523,"views":5,"p1id":"mrmeza","p2id":"eddierome","formatid":"gen8ou","rating":1620,"private":0,"password":null}