{"id":"gen8ou-1551859528","p1":"Baldissera","p2":"cute pink team","format":"gen8ou","log":"|j|\u2606Baldissera\n|j|\u2606cute pink team\n|t:|1649781863\n|gametype|singles\n|player|p1|Baldissera|leon|1651\n|player|p2|cute pink team|169|1802\n|teamsize|p1|6\n|teamsize|p2|6\n|gen|8\n|tier|[Gen 8] OU\n|rated|\n|rule|Sleep Clause Mod: Limit one foe put to sleep\n|rule|Species Clause: Limit one of each Pok\u00e9mon\n|rule|OHKO Clause: OHKO moves are banned\n|rule|Evasion Moves Clause: Evasion moves are banned\n|rule|Endless Battle Clause: Forcing endless battles is banned\n|rule|HP Percentage Mod: HP is shown in percentages\n|rule|Dynamax Clause: You cannot dynamax\n|clearpoke\n|poke|p1|Exploud, F|\n|poke|p1|Ferrothorn, M|\n|poke|p1|Slowking, M|\n|poke|p1|Buzzwole|\n|poke|p1|Thundurus-Therian, M|\n|poke|p1|Victini|\n|poke|p2|Zapdos|\n|poke|p2|Skarmory, M|\n|poke|p2|Blissey, F|\n|poke|p2|Dragapult, M|\n|poke|p2|Kartana|\n|poke|p2|Tapu Lele|\n|teampreview\n|\n|t:|1649781873\n|start\n|switch|p1a: Exploud|Exploud, F|100\/100\n|switch|p2a: Kartana|Kartana|100\/100\n|turn|1\n|\n|t:|1649781884\n|switch|p2a: Zapdos|Zapdos|100\/100\n|switch|p1a: Buzzwole|Buzzwole|100\/100\n|\n|upkeep\n|turn|2\n|\n|t:|1649781890\n|switch|p1a: Thundurus|Thundurus-Therian, M|100\/100\n|move|p2a: Zapdos|Hurricane|p1a: Thundurus|[miss]\n|-miss|p2a: Zapdos|p1a: Thundurus\n|\n|upkeep\n|turn|3\n|\n|t:|1649781895\n|move|p1a: Thundurus|Discharge|p2a: Zapdos\n|-damage|p2a: Zapdos|48\/100\n|move|p2a: Zapdos|Hurricane|p1a: Thundurus\n|-resisted|p1a: Thundurus\n|-damage|p1a: Thundurus|37\/100\n|-start|p1a: Thundurus|confusion\n|\n|upkeep\n|turn|4\n|\n|t:|1649781903\n|-activate|p1a: Thundurus|confusion\n|move|p1a: Thundurus|U-turn|p2a: Zapdos\n|-resisted|p2a: Zapdos\n|-crit|p2a: Zapdos\n|-damage|p2a: Zapdos|34\/100\n|\n|t:|1649781908\n|switch|p1a: Slowking|Slowking, M|100\/100|[from]move: U-turn\n|move|p2a: Zapdos|Hurricane|p1a: Slowking\n|-damage|p1a: Slowking|48\/100\n|\n|upkeep\n|turn|5\n|j| Regitrump\n|\n|t:|1649781918\n|move|p2a: Zapdos|Hurricane|p1a: Slowking\n|-damage|p1a: Slowking|0 fnt\n|faint|p1a: Slowking\n|\n|upkeep\n|\n|t:|1649781921\n|switch|p1a: Thundurus|Thundurus-Therian, M|37\/100\n|turn|6\n|\n|t:|1649781926\n|switch|p2a: Dragapult|Dragapult, M|100\/100\n|move|p1a: Thundurus|Discharge|p2a: Dragapult\n|-resisted|p2a: Dragapult\n|-damage|p2a: Dragapult|69\/100\n|\n|upkeep\n|turn|7\n|\n|t:|1649781931\n|switch|p1a: Ferrothorn|Ferrothorn, M|100\/100\n|move|p2a: Dragapult|Flamethrower|p1a: Ferrothorn\n|-supereffective|p1a: Ferrothorn\n|-damage|p1a: Ferrothorn|0 fnt\n|faint|p1a: Ferrothorn\n|\n|upkeep\n|\n|t:|1649781936\n|switch|p1a: Exploud|Exploud, F|100\/100\n|turn|8\n|l| Regitrump\n|\n|t:|1649781938\n|switch|p2a: Blissey|Blissey, F|100\/100\n|move|p1a: Exploud|Boomburst|p2a: Blissey\n|-damage|p2a: Blissey|74\/100\n|\n|upkeep\n|turn|9\n|\n|t:|1649781941\n|switch|p1a: Buzzwole|Buzzwole|100\/100\n|switch|p2a: Dragapult|Dragapult, M|69\/100\n|\n|upkeep\n|turn|10\n|\n|t:|1649781945\n|switch|p1a: Victini|Victini|100\/100\n|move|p2a: Dragapult|Draco Meteor|p1a: Victini\n|-damage|p1a: Victini|1\/100\n|-unboost|p2a: Dragapult|spa|2\n|\n|upkeep\n|turn|11\n|\n|t:|1649781957\n|switch|p2a: Zapdos|Zapdos|34\/100\n|move|p1a: Victini|V-create|p2a: Zapdos\n|-damage|p2a: Zapdos|0 fnt\n|-unboost|p1a: Victini|spe|1\n|-unboost|p1a: Victini|def|1\n|-unboost|p1a: Victini|spd|1\n|-status|p1a: Victini|par|[from] ability: Static|[of] p2a: Zapdos\n|faint|p2a: Zapdos\n|\n|upkeep\n|\n|t:|1649781966\n|switch|p2a: Tapu Lele|Tapu Lele|100\/100\n|-fieldstart|move: Psychic Terrain|[from] ability: Psychic Surge|[of] p2a: Tapu Lele\n|turn|12\n|\n|t:|1649781969\n|move|p2a: Tapu Lele|Psychic|p1a: Victini\n|-resisted|p1a: Victini\n|-damage|p1a: Victini|0 fnt\n|faint|p1a: Victini\n|\n|upkeep\n|-message|Baldissera forfeited.\n|\n|win|cute pink team\n|raw|Baldissera's rating: 1651 &rarr; <strong>1639<\/strong><br \/>(-12 for losing)\n|raw|cute pink team's rating: 1802 &rarr; <strong>1814<\/strong><br \/>(+12 for winning)\n|l|\u2606Baldissera\n||Ladder isn't responding, score probably updated but might not have (Request timeout).\n","uploadtime":1649781981,"views":97,"p1id":"baldissera","p2id":"cutepinkteam","formatid":"gen8ou","rating":1639,"private":0,"password":null}