{"id":"gen8randombattle-1706963909","p1":"yghuio8i","p2":"elDiavoLo","format":"gen8randombattle","log":"|j|\u2606yghuio8i\n|j|\u2606elDiavoLo\n|t:|1668036883\n|gametype|singles\n|player|p1|yghuio8i|102|1129\n|player|p2|elDiavoLo|preschooler|1132\n|teamsize|p1|6\n|teamsize|p2|6\n|gen|8\n|tier|[Gen 8] Random Battle\n|rated|\n|rule|Species Clause: Limit one of each Pok\u00e9mon\n|rule|HP Percentage Mod: HP is shown in percentages\n|rule|Sleep Clause Mod: Limit one foe put to sleep\n|\n|t:|1668036883\n|start\n|switch|p1a: Crobat|Crobat, L82, M|274\/274\n|switch|p2a: Heatmor|Heatmor, L90, M|299\/299\n|turn|1\n|inactive|Battle timer is ON: inactive players will automatically lose when time's up. (requested by elDiavoLo)\n|\n|t:|1668036898\n|switch|p2a: Crobat|Crobat, L82, F|274\/274\n|move|p1a: Crobat|Brave Bird|p2a: Crobat\n|-damage|p2a: Crobat|153\/274\n|-damage|p1a: Crobat|234\/274|[from] Recoil\n|\n|upkeep\n|turn|2\n|\n|t:|1668036905\n|move|p1a: Crobat|Taunt|p2a: Crobat\n|-start|p2a: Crobat|move: Taunt\n|cant|p2a: Crobat|move: Taunt|Roost\n|\n|upkeep\n|turn|3\n|\n|t:|1668036917\n|move|p2a: Crobat|Super Fang|p1a: Crobat\n|-damage|p1a: Crobat|117\/274\n|move|p1a: Crobat|Brave Bird|p2a: Crobat\n|-crit|p2a: Crobat\n|-damage|p2a: Crobat|0 fnt\n|faint|p2a: Crobat\n|-damage|p1a: Crobat|67\/274|[from] Recoil\n|\n|upkeep\n|\n|t:|1668036936\n|switch|p2a: Flapple|Flapple, L84, M|255\/255\n|turn|4\n|\n|t:|1668036940\n|move|p2a: Flapple|Sucker Punch||[still]\n|-fail|p2a: Flapple\n|move|p1a: Crobat|Roost|p1a: Crobat\n|-heal|p1a: Crobat|204\/274\n|-singleturn|p1a: Crobat|move: Roost\n|\n|upkeep\n|turn|5\n|\n|t:|1668036944\n|move|p2a: Flapple|Sucker Punch|p1a: Crobat\n|-damage|p1a: Crobat|62\/274\n|move|p1a: Crobat|Brave Bird|p2a: Flapple\n|-supereffective|p2a: Flapple\n|-damage|p2a: Flapple|0 fnt\n|faint|p2a: Flapple\n|-damage|p1a: Crobat|0 fnt|[from] Recoil\n|faint|p1a: Crobat\n|\n|upkeep\n|\n|t:|1668036951\n|switch|p1a: Conkeldurr|Conkeldurr, L80, M|299\/299\n|switch|p2a: Groudon|Groudon, L73|266\/266\n|-weather|SunnyDay|[from] ability: Drought|[of] p2a: Groudon\n|turn|6\n|\n|t:|1668036958\n|move|p2a: Groudon|Swords Dance|p2a: Groudon\n|-boost|p2a: Groudon|atk|2\n|move|p1a: Conkeldurr|Knock Off|p2a: Groudon\n|-damage|p2a: Groudon|203\/266\n|-enditem|p2a: Groudon|Leftovers|[from] move: Knock Off|[of] p1a: Conkeldurr\n|\n|-weather|SunnyDay|[upkeep]\n|-status|p1a: Conkeldurr|brn|[from] item: Flame Orb\n|upkeep\n|turn|7\n|\n|t:|1668036969\n|move|p2a: Groudon|Precipice Blades|p1a: Conkeldurr\n|-crit|p1a: Conkeldurr\n|-damage|p1a: Conkeldurr|0 fnt\n|faint|p1a: Conkeldurr\n|\n|-weather|SunnyDay|[upkeep]\n|upkeep\n|\n|t:|1668036979\n|switch|p1a: Alakazam|Alakazam, L78, M|214\/214\n|turn|8\n|\n|t:|1668036983\n|move|p2a: Groudon|Swords Dance|p2a: Groudon\n|-boost|p2a: Groudon|atk|2\n|move|p1a: Alakazam|Counter||[still]\n|-fail|p1a: Alakazam\n|\n|-weather|SunnyDay|[upkeep]\n|upkeep\n|turn|9\n|\n|t:|1668036988\n|move|p2a: Groudon|Swords Dance|p2a: Groudon\n|-boost|p2a: Groudon|atk|2\n|move|p1a: Alakazam|Counter||[still]\n|-fail|p1a: Alakazam\n|\n|-weather|SunnyDay|[upkeep]\n|upkeep\n|turn|10\n|\n|t:|1668036993\n|move|p2a: Groudon|Swords Dance|p2a: Groudon\n|-boost|p2a: Groudon|atk|0\n|move|p1a: Alakazam|Counter||[still]\n|-fail|p1a: Alakazam\n|\n|-weather|none\n|upkeep\n|turn|11\n|\n|t:|1668037003\n|move|p1a: Alakazam|Psychic|p2a: Groudon\n|-damage|p2a: Groudon|89\/266\n|move|p2a: Groudon|Heat Crash|p1a: Alakazam\n|-enditem|p1a: Alakazam|Focus Sash\n|-damage|p1a: Alakazam|1\/214\n|\n|upkeep\n|turn|12\n|\n|t:|1668037010\n|-start|p2a: Groudon|Dynamax|\n|-heal|p2a: Groudon|178\/532|[silent]\n|move|p1a: Alakazam|Psychic|p2a: Groudon\n|-damage|p2a: Groudon|57\/532\n|move|p2a: Groudon|Max Quake|p1a: Alakazam\n|-damage|p1a: Alakazam|0 fnt\n|-boost|p2a: Groudon|spd|1\n|faint|p1a: Alakazam\n|\n|upkeep\n|\n|t:|1668037015\n|switch|p1a: Sudowoodo|Sudowoodo, L87, M|264\/264\n|turn|13\n|\n|t:|1668037019\n|move|p1a: Sudowoodo|Sucker Punch|p2a: Groudon\n|-damage|p2a: Groudon|11\/532\n|move|p2a: Groudon|Max Flare|p1a: Sudowoodo\n|-resisted|p1a: Sudowoodo\n|-crit|p1a: Sudowoodo\n|-damage|p1a: Sudowoodo|34\/264\n|-weather|SunnyDay\n|\n|-weather|SunnyDay|[upkeep]\n|-heal|p1a: Sudowoodo|50\/264|[from] item: Leftovers\n|upkeep\n|turn|14\n|\n|t:|1668037023\n|move|p2a: Groudon|Max Guard|p2a: Groudon\n|-singleturn|p2a: Groudon|Max Guard\n|move|p1a: Sudowoodo|Sucker Punch||[still]\n|-fail|p1a: Sudowoodo\n|\n|-weather|SunnyDay|[upkeep]\n|-heal|p1a: Sudowoodo|66\/264|[from] item: Leftovers\n|upkeep\n|-end|p2a: Groudon|Dynamax\n|-heal|p2a: Groudon|6\/266|[silent]\n|turn|15\n|\n|t:|1668037027\n|move|p1a: Sudowoodo|Sucker Punch|p2a: Groudon\n|-damage|p2a: Groudon|0 fnt\n|faint|p2a: Groudon\n|\n|-weather|SunnyDay|[upkeep]\n|-heal|p1a: Sudowoodo|82\/264|[from] item: Leftovers\n|upkeep\n|\n|t:|1668037034\n|switch|p2a: Haxorus|Haxorus, L77, F|244\/244\n|-ability|p2a: Haxorus|Mold Breaker\n|turn|16\n|\n|t:|1668037036\n|move|p2a: Haxorus|Dragon Dance|p2a: Haxorus\n|-boost|p2a: Haxorus|atk|1\n|-boost|p2a: Haxorus|spe|1\n|move|p1a: Sudowoodo|Head Smash|p2a: Haxorus\n|-damage|p2a: Haxorus|69\/244\n|\n|-weather|SunnyDay|[upkeep]\n|-heal|p1a: Sudowoodo|98\/264|[from] item: Leftovers\n|upkeep\n|turn|17\n|\n|t:|1668037042\n|move|p1a: Sudowoodo|Sucker Punch||[still]\n|-fail|p1a: Sudowoodo\n|move|p2a: Haxorus|Dragon Dance|p2a: Haxorus\n|-boost|p2a: Haxorus|atk|1\n|-boost|p2a: Haxorus|spe|1\n|\n|-weather|none\n|-heal|p1a: Sudowoodo|114\/264|[from] item: Leftovers\n|upkeep\n|turn|18\n|\n|t:|1668037046\n|move|p2a: Haxorus|Outrage|p1a: Sudowoodo\n|-damage|p1a: Sudowoodo|0 fnt\n|faint|p1a: Sudowoodo\n|-damage|p2a: Haxorus|45\/244|[from] item: Life Orb\n|\n|upkeep\n|\n|t:|1668037049\n|switch|p1a: Exploud|Exploud, L84, M|312\/312\n|turn|19\n|\n|t:|1668037051\n|-start|p1a: Exploud|Dynamax|\n|-heal|p1a: Exploud|624\/624|[silent]\n|move|p2a: Haxorus|Outrage|p1a: Exploud|[from]lockedmove\n|-damage|p1a: Exploud|152\/624\n|-damage|p2a: Haxorus|21\/244|[from] item: Life Orb\n|move|p1a: Exploud|Max Strike|p2a: Haxorus\n|-damage|p2a: Haxorus|0 fnt\n|faint|p2a: Haxorus\n|\n|upkeep\n|\n|t:|1668037059\n|switch|p2a: Golurk|Golurk, L82|280\/280\n|turn|20\n|\n|t:|1668037068\n|move|p1a: Exploud|Max Strike|p2a: Golurk\n|-damage|p2a: Golurk|121\/280\n|-unboost|p2a: Golurk|spe|1\n|move|p2a: Golurk|Earthquake|p1a: Exploud\n|-damage|p1a: Exploud|0 fnt\n|faint|p1a: Exploud\n|-damage|p2a: Golurk|93\/280|[from] item: Life Orb\n|\n|upkeep\n|\n|t:|1668037072\n|switch|p1a: Heatmor|Heatmor, L90, M|299\/299\n|turn|21\n|\n|t:|1668037075\n|switch|p2a: Heatmor|Heatmor, L90, M|299\/299\n|move|p1a: Heatmor|Fire Lash|p2a: Heatmor\n|-start|p2a: Heatmor|ability: Flash Fire\n|\n|upkeep\n|turn|22\n|\n|t:|1668037088\n|move|p2a: Heatmor|Sucker Punch||[still]\n|-fail|p2a: Heatmor\n|move|p1a: Heatmor|Substitute|p1a: Heatmor\n|-start|p1a: Heatmor|Substitute\n|-damage|p1a: Heatmor|225\/299\n|\n|-heal|p1a: Heatmor|243\/299|[from] item: Leftovers\n|upkeep\n|turn|23\n|\n|t:|1668037091\n|move|p1a: Heatmor|Sucker Punch|p2a: Heatmor\n|-damage|p2a: Heatmor|232\/299\n|move|p2a: Heatmor|Giga Drain|p1a: Heatmor\n|-resisted|p1a: Heatmor\n|-activate|p1a: Heatmor|move: Substitute|[damage]\n|-heal|p2a: Heatmor|251\/299|[from] drain|[of] p1a: Heatmor\n|\n|-heal|p1a: Heatmor|261\/299|[from] item: Leftovers\n|upkeep\n|turn|24\n|\n|t:|1668037096\n|move|p2a: Heatmor|Substitute|p2a: Heatmor\n|-start|p2a: Heatmor|Substitute\n|-damage|p2a: Heatmor|177\/299\n|move|p1a: Heatmor|Giga Drain|p2a: Heatmor\n|-resisted|p2a: Heatmor\n|-activate|p2a: Heatmor|move: Substitute|[damage]\n|-heal|p1a: Heatmor|281\/299|[from] drain|[of] p2a: Heatmor\n|\n|-heal|p1a: Heatmor|299\/299|[from] item: Leftovers\n|upkeep\n|turn|25\n|\n|t:|1668037100\n|move|p1a: Heatmor|Sucker Punch|p2a: Heatmor\n|-end|p2a: Heatmor|Substitute\n|move|p2a: Heatmor|Giga Drain|p1a: Heatmor\n|-resisted|p1a: Heatmor\n|-end|p1a: Heatmor|Substitute\n|-heal|p2a: Heatmor|196\/299|[from] drain|[of] p1a: Heatmor\n|\n|upkeep\n|turn|26\n|\n|t:|1668037105\n|move|p2a: Heatmor|Substitute|p2a: Heatmor\n|-start|p2a: Heatmor|Substitute\n|-damage|p2a: Heatmor|122\/299\n|move|p1a: Heatmor|Substitute|p1a: Heatmor\n|-start|p1a: Heatmor|Substitute\n|-damage|p1a: Heatmor|225\/299\n|\n|-heal|p1a: Heatmor|243\/299|[from] item: Leftovers\n|upkeep\n|turn|27\n|\n|t:|1668037110\n|move|p2a: Heatmor|Sucker Punch|p1a: Heatmor\n|-activate|p1a: Heatmor|move: Substitute|[damage]\n|move|p1a: Heatmor|Sucker Punch||[still]\n|-fail|p1a: Heatmor\n|\n|-heal|p1a: Heatmor|261\/299|[from] item: Leftovers\n|upkeep\n|turn|28\n|\n|t:|1668037117\n|move|p2a: Heatmor|Sucker Punch||[still]\n|-fail|p2a: Heatmor\n|move|p1a: Heatmor|Substitute|p1a: Heatmor\n|-fail|p1a: Heatmor|move: Substitute\n|\n|-heal|p1a: Heatmor|279\/299|[from] item: Leftovers\n|upkeep\n|turn|29\n|\n|t:|1668037121\n|move|p1a: Heatmor|Sucker Punch|p2a: Heatmor\n|-activate|p2a: Heatmor|move: Substitute|[damage]\n|move|p2a: Heatmor|Giga Drain|p1a: Heatmor\n|-resisted|p1a: Heatmor\n|-end|p1a: Heatmor|Substitute\n|-heal|p2a: Heatmor|126\/299|[from] drain|[of] p1a: Heatmor\n|\n|-heal|p1a: Heatmor|297\/299|[from] item: Leftovers\n|upkeep\n|turn|30\n|\n|t:|1668037125\n|move|p2a: Heatmor|Sucker Punch||[still]\n|-fail|p2a: Heatmor\n|move|p1a: Heatmor|Substitute|p1a: Heatmor\n|-start|p1a: Heatmor|Substitute\n|-damage|p1a: Heatmor|223\/299\n|\n|-heal|p1a: Heatmor|241\/299|[from] item: Leftovers\n|upkeep\n|turn|31\n|\n|t:|1668037127\n|move|p2a: Heatmor|Giga Drain|p1a: Heatmor\n|-resisted|p1a: Heatmor\n|-activate|p1a: Heatmor|move: Substitute|[damage]\n|-heal|p2a: Heatmor|145\/299|[from] drain|[of] p1a: Heatmor\n|move|p1a: Heatmor|Giga Drain|p2a: Heatmor\n|-resisted|p2a: Heatmor\n|-end|p2a: Heatmor|Substitute\n|-heal|p1a: Heatmor|247\/299|[from] drain|[of] p2a: Heatmor\n|\n|-heal|p1a: Heatmor|265\/299|[from] item: Leftovers\n|upkeep\n|turn|32\n|\n|t:|1668037131\n|move|p2a: Heatmor|Sucker Punch|p1a: Heatmor\n|-end|p1a: Heatmor|Substitute\n|move|p1a: Heatmor|Sucker Punch||[still]\n|-fail|p1a: Heatmor\n|\n|-heal|p1a: Heatmor|283\/299|[from] item: Leftovers\n|upkeep\n|turn|33\n|\n|t:|1668037134\n|move|p2a: Heatmor|Giga Drain|p1a: Heatmor\n|-resisted|p1a: Heatmor\n|-damage|p1a: Heatmor|244\/299\n|-heal|p2a: Heatmor|165\/299|[from] drain|[of] p1a: Heatmor\n|move|p1a: Heatmor|Substitute|p1a: Heatmor\n|-start|p1a: Heatmor|Substitute\n|-damage|p1a: Heatmor|170\/299\n|\n|-heal|p1a: Heatmor|188\/299|[from] item: Leftovers\n|upkeep\n|turn|34\n|\n|t:|1668037139\n|move|p2a: Heatmor|Sucker Punch|p1a: Heatmor\n|-activate|p1a: Heatmor|move: Substitute|[damage]\n|move|p1a: Heatmor|Giga Drain|p2a: Heatmor\n|-resisted|p2a: Heatmor\n|-damage|p2a: Heatmor|131\/299\n|-heal|p1a: Heatmor|205\/299|[from] drain|[of] p2a: Heatmor\n|\n|-heal|p1a: Heatmor|223\/299|[from] item: Leftovers\n|upkeep\n|turn|35\n|\n|t:|1668037143\n|move|p1a: Heatmor|Substitute|p1a: Heatmor\n|-fail|p1a: Heatmor|move: Substitute\n|move|p2a: Heatmor|Giga Drain|p1a: Heatmor\n|-resisted|p1a: Heatmor\n|-end|p1a: Heatmor|Substitute\n|-heal|p2a: Heatmor|137\/299|[from] drain|[of] p1a: Heatmor\n|\n|-heal|p1a: Heatmor|241\/299|[from] item: Leftovers\n|upkeep\n|turn|36\n|\n|t:|1668037146\n|move|p2a: Heatmor|Sucker Punch||[still]\n|-fail|p2a: Heatmor\n|move|p1a: Heatmor|Substitute|p1a: Heatmor\n|-start|p1a: Heatmor|Substitute\n|-damage|p1a: Heatmor|167\/299\n|\n|-heal|p1a: Heatmor|185\/299|[from] item: Leftovers\n|upkeep\n|turn|37\n|\n|t:|1668037150\n|move|p1a: Heatmor|Giga Drain|p2a: Heatmor\n|-resisted|p2a: Heatmor\n|-damage|p2a: Heatmor|102\/299\n|-heal|p1a: Heatmor|203\/299|[from] drain|[of] p2a: Heatmor\n|move|p2a: Heatmor|Fire Lash|p1a: Heatmor\n|-start|p1a: Heatmor|ability: Flash Fire\n|\n|-heal|p1a: Heatmor|221\/299|[from] item: Leftovers\n|upkeep\n|turn|38\n|\n|t:|1668037159\n|move|p1a: Heatmor|Sucker Punch||[still]\n|-fail|p1a: Heatmor\n|move|p2a: Heatmor|Substitute|p2a: Heatmor\n|-start|p2a: Heatmor|Substitute\n|-damage|p2a: Heatmor|28\/299\n|\n|-heal|p1a: Heatmor|239\/299|[from] item: Leftovers\n|upkeep\n|turn|39\n|\n|t:|1668037163\n|move|p2a: Heatmor|Giga Drain|p1a: Heatmor\n|-resisted|p1a: Heatmor\n|-activate|p1a: Heatmor|move: Substitute|[damage]\n|-heal|p2a: Heatmor|49\/299|[from] drain|[of] p1a: Heatmor\n|move|p1a: Heatmor|Giga Drain|p2a: Heatmor\n|-resisted|p2a: Heatmor\n|-activate|p2a: Heatmor|move: Substitute|[damage]\n|-heal|p1a: Heatmor|257\/299|[from] drain|[of] p2a: Heatmor\n|\n|-heal|p1a: Heatmor|275\/299|[from] item: Leftovers\n|upkeep\n|turn|40\n|\n|t:|1668037167\n|move|p2a: Heatmor|Sucker Punch|p1a: Heatmor\n|-end|p1a: Heatmor|Substitute\n|move|p1a: Heatmor|Giga Drain|p2a: Heatmor\n|-resisted|p2a: Heatmor\n|-activate|p2a: Heatmor|move: Substitute|[damage]\n|-heal|p1a: Heatmor|293\/299|[from] drain|[of] p2a: Heatmor\n|\n|-heal|p1a: Heatmor|299\/299|[from] item: Leftovers\n|upkeep\n|turn|41\n|\n|t:|1668037171\n|move|p1a: Heatmor|Substitute|p1a: Heatmor\n|-start|p1a: Heatmor|Substitute\n|-damage|p1a: Heatmor|225\/299\n|move|p2a: Heatmor|Giga Drain|p1a: Heatmor\n|-resisted|p1a: Heatmor\n|-activate|p1a: Heatmor|move: Substitute|[damage]\n|-heal|p2a: Heatmor|68\/299|[from] drain|[of] p1a: Heatmor\n|\n|-heal|p1a: Heatmor|243\/299|[from] item: Leftovers\n|upkeep\n|turn|42\n|\n|t:|1668037175\n|move|p1a: Heatmor|Sucker Punch|p2a: Heatmor\n|-end|p2a: Heatmor|Substitute\n|move|p2a: Heatmor|Giga Drain|p1a: Heatmor\n|-resisted|p1a: Heatmor\n|-activate|p1a: Heatmor|move: Substitute|[damage]\n|-heal|p2a: Heatmor|86\/299|[from] drain|[of] p1a: Heatmor\n|\n|-heal|p1a: Heatmor|261\/299|[from] item: Leftovers\n|upkeep\n|turn|43\n|\n|t:|1668037180\n|move|p1a: Heatmor|Giga Drain|p2a: Heatmor\n|-resisted|p2a: Heatmor\n|-damage|p2a: Heatmor|51\/299\n|-heal|p1a: Heatmor|279\/299|[from] drain|[of] p2a: Heatmor\n|move|p2a: Heatmor|Substitute|p2a: Heatmor\n|-fail|p2a: Heatmor|move: Substitute|[weak]\n|\n|-heal|p1a: Heatmor|297\/299|[from] item: Leftovers\n|upkeep\n|turn|44\n|\n|t:|1668037184\n|move|p1a: Heatmor|Sucker Punch|p2a: Heatmor\n|-damage|p2a: Heatmor|0 fnt\n|faint|p2a: Heatmor\n|\n|-heal|p1a: Heatmor|299\/299|[from] item: Leftovers\n|upkeep\n|\n|t:|1668037187\n|switch|p2a: Golurk|Golurk, L82|93\/280\n|turn|45\n|c|\u2606elDiavoLo|thats bs flash fire should activate on sub you got carried by a dumb mechanic\n|-message|elDiavoLo forfeited.\n|\n|win|yghuio8i\n|raw|yghuio8i's rating: 1129 &rarr; <strong>1154<\/strong><br \/>(+25 for winning)\n|raw|elDiavoLo's rating: 1132 &rarr; <strong>1107<\/strong><br \/>(-25 for losing)\n|l|\u2606elDiavoLo\n||Ladder isn't responding, score probably updated but might not have (Request timeout).\n","inputlog":">version 453a3ad56483cc6a5c08448f6577d394b68621b7\n>start {\"formatid\":\"gen8randombattle\",\"seed\":[19811,31679,37430,10326],\"rated\":\"Rated battle\"}\n>player p1 {\"name\":\"yghuio8i\",\"avatar\":\"102\",\"rating\":1129,\"seed\":[24626,47223,28923,45962]}\n>player p2 {\"name\":\"elDiavoLo\",\"avatar\":\"preschooler\",\"rating\":1132,\"seed\":[14546,9697,31109,50401]}\n>p1 move bravebird\n>p2 switch 3\n>p1 move taunt\n>p2 move roost\n>p1 move bravebird\n>p2 move superfang\n>p2 switch 2\n>p1 move roost\n>p2 move suckerpunch\n>p1 move bravebird\n>p2 move suckerpunch\n>p1 switch 3\n>p2 switch 4\n>p1 move knockoff\n>p2 move swordsdance\n>p1 move closecombat\n>p2 move precipiceblades\n>p1 switch 6\n>p1 move counter\n>p2 move swordsdance\n>p1 move counter\n>p2 move swordsdance\n>p1 move counter\n>p2 move swordsdance\n>p1 move psychic\n>p2 move heatcrash\n>p1 move psychic\n>p2 move precipiceblades dynamax\n>p1 switch 5\n>p1 move suckerpunch\n>p2 move heatcrash dynamax\n>p1 move suckerpunch\n>p2 move swordsdance dynamax\n>p1 move suckerpunch\n>p2 move heatcrash\n>p2 switch 5\n>p1 move headsmash\n>p2 move dragondance\n>p1 move suckerpunch\n>p2 move dragondance\n>p1 move headsmash\n>p2 move outrage\n>p1 switch 4\n>p1 move boomburst dynamax\n>p2 move outrage\n>p2 switch 6\n>p1 move boomburst dynamax\n>p2 move earthquake\n>p1 switch 2\n>p1 move firelash\n>p2 switch 3\n>p1 move substitute\n>p2 move suckerpunch\n>p1 move suckerpunch\n>p2 move gigadrain\n>p1 move gigadrain\n>p2 move substitute\n>p1 move suckerpunch\n>p2 move gigadrain\n>p1 move substitute\n>p2 move substitute\n>p1 move suckerpunch\n>p2 move suckerpunch\n>p1 move substitute\n>p2 move suckerpunch\n>p1 move suckerpunch\n>p2 move gigadrain\n>p1 move substitute\n>p2 move suckerpunch\n>p1 move gigadrain\n>p2 move gigadrain\n>p1 move suckerpunch\n>p2 move suckerpunch\n>p1 move substitute\n>p2 move gigadrain\n>p1 move gigadrain\n>p2 move suckerpunch\n>p1 move substitute\n>p2 move gigadrain\n>p1 move substitute\n>p2 move suckerpunch\n>p1 move gigadrain\n>p2 move firelash\n>p1 move suckerpunch\n>p2 move substitute\n>p1 move gigadrain\n>p2 move gigadrain\n>p1 move gigadrain\n>p2 move suckerpunch\n>p1 move substitute\n>p2 move gigadrain\n>p1 move suckerpunch\n>p2 move gigadrain\n>p1 move gigadrain\n>p2 move substitute\n>p1 move suckerpunch\n>p2 move gigadrain\n>p2 switch 3\n>chat \u2606elDiavoLo|thats bs flash fire should activate on sub you got carried by a dumb mechanic\n>forcelose p2","uploadtime":1668037255,"views":7,"p1id":"yghuio8i","p2id":"eldiavolo","formatid":"gen8randombattle","rating":1107,"private":0,"password":null}