{"id":"gen8ou-1425049837","p1":"Vodyne","p2":"FIREEEE","format":"gen8ou","log":"|j|\u203dVodyne\n|j|\u2606FIREEEE\n|t:|1632780944\n|gametype|singles\n|player|p1|Vodyne|266|1671\n|player|p2|FIREEEE|pokekid|1737\n|teamsize|p1|6\n|teamsize|p2|6\n|gen|8\n|tier|[Gen 8] OU\n|rated|\n|rule|Sleep Clause Mod: Limit one foe put to sleep\n|rule|Species Clause: Limit one of each Pok\u00e9mon\n|rule|OHKO Clause: OHKO moves are banned\n|rule|Evasion Moves Clause: Evasion moves are banned\n|rule|Endless Battle Clause: Forcing endless battles is banned\n|rule|HP Percentage Mod: HP is shown in percentages\n|rule|Dynamax Clause: You cannot dynamax\n|clearpoke\n|poke|p1|Snorlax, F|\n|poke|p1|Suicune|\n|poke|p1|Melmetal|\n|poke|p1|Victini|\n|poke|p1|Landorus-Therian, M|\n|poke|p1|Zapdos|\n|poke|p2|Swampert, F|\n|poke|p2|Dragapult, M|\n|poke|p2|Tapu Fini|\n|poke|p2|Zeraora|\n|poke|p2|Mew|\n|poke|p2|Victini|\n|teampreview\n|inactive|Battle timer is ON: inactive players will automatically lose when time's up. (requested by Vodyne)\n|\n|t:|1632780970\n|start\n|switch|p1a: Landorus|Landorus-Therian, M|100\/100\n|switch|p2a: Tapu Fini|Tapu Fini|100\/100\n|-ability|p1a: Landorus|Intimidate|boost\n|-unboost|p2a: Tapu Fini|atk|1\n|-fieldstart|move: Misty Terrain|[from] ability: Misty Surge|[of] p2a: Tapu Fini\n|turn|1\n|\n|t:|1632780983\n|switch|p1a: Melmetal|Melmetal|100\/100\n|move|p2a: Tapu Fini|Nature's Madness|p1a: Melmetal|[miss]\n|-miss|p2a: Tapu Fini|p1a: Melmetal\n|\n|upkeep\n|turn|2\n|\n|t:|1632780991\n|move|p2a: Tapu Fini|Nature's Madness|p1a: Melmetal|[miss]\n|-miss|p2a: Tapu Fini|p1a: Melmetal\n|move|p1a: Melmetal|Double Iron Bash|p2a: Tapu Fini\n|-damage|p2a: Tapu Fini|70\/100\n|-damage|p2a: Tapu Fini|39\/100\n|-hitcount|p2a: Tapu Fini|2\n|\n|-heal|p2a: Tapu Fini|45\/100|[from] item: Leftovers\n|upkeep\n|turn|3\n|\n|t:|1632780999\n|move|p2a: Tapu Fini|Nature's Madness|p1a: Melmetal|[miss]\n|-miss|p2a: Tapu Fini|p1a: Melmetal\n|move|p1a: Melmetal|Double Iron Bash|p2a: Tapu Fini\n|-damage|p2a: Tapu Fini|17\/100\n|-damage|p2a: Tapu Fini|0 fnt\n|faint|p2a: Tapu Fini\n|-hitcount|p2: Tapu Fini|2\n|\n|upkeep\n|c|\u2606FIREEEE|lol\n|\n|t:|1632781022\n|switch|p2a: Victini|Victini|100\/100\n|turn|4\n|\n|t:|1632781029\n|switch|p1a: Suicune|Suicune|100\/100\n|-ability|p1a: Suicune|Pressure\n|move|p2a: Victini|V-create|p1a: Suicune\n|-resisted|p1a: Suicune\n|-damage|p1a: Suicune|78\/100\n|-unboost|p2a: Victini|spe|1\n|-unboost|p2a: Victini|def|1\n|-unboost|p2a: Victini|spd|1\n|\n|-heal|p1a: Suicune|84\/100|[from] item: Leftovers\n|upkeep\n|turn|5\n|\n|t:|1632781036\n|move|p1a: Suicune|Scald|p2a: Victini\n|-supereffective|p2a: Victini\n|-damage|p2a: Victini|21\/100\n|move|p2a: Victini|Bolt Strike|p1a: Suicune\n|-supereffective|p1a: Suicune\n|-damage|p1a: Suicune|30\/100\n|\n|-heal|p1a: Suicune|37\/100|[from] item: Leftovers\n|-fieldend|Misty Terrain\n|upkeep\n|turn|6\n|\n|t:|1632781043\n|switch|p2a: Dragapult|Dragapult, M|100\/100\n|move|p1a: Suicune|Scald|p2a: Dragapult\n|-resisted|p2a: Dragapult\n|-damage|p2a: Dragapult|83\/100\n|\n|-heal|p1a: Suicune|43\/100|[from] item: Leftovers\n|upkeep\n|turn|7\n|\n|t:|1632781049\n|switch|p1a: Snorlax|Snorlax, F|100\/100\n|move|p2a: Dragapult|Dragon Darts|p1a: Snorlax\n|-damage|p1a: Snorlax|60\/100\n|-anim|p2a: Dragapult|Dragon Darts|p1a: Snorlax\n|-damage|p1a: Snorlax|25\/100\n|\n|-heal|p1a: Snorlax|31\/100|[from] item: Leftovers\n|upkeep\n|turn|8\n|\n|t:|1632781055\n|switch|p1a: Melmetal|Melmetal|100\/100\n|move|p2a: Dragapult|Dragon Darts|p1a: Melmetal\n|-resisted|p1a: Melmetal\n|-damage|p1a: Melmetal|87\/100\n|-anim|p2a: Dragapult|Dragon Darts|p1a: Melmetal\n|-resisted|p1a: Melmetal\n|-damage|p1a: Melmetal|74\/100\n|\n|upkeep\n|turn|9\n|\n|t:|1632781069\n|switch|p2a: Victini|Victini|21\/100\n|move|p1a: Melmetal|Double Iron Bash|p2a: Victini\n|-resisted|p2a: Victini\n|-damage|p2a: Victini|0 fnt\n|faint|p2a: Victini\n|-hitcount|p2: Victini|1\n|\n|upkeep\n|\n|t:|1632781072\n|switch|p2a: Swampert|Swampert, F|100\/100\n|turn|10\n|\n|t:|1632781079\n|switch|p1a: Suicune|Suicune|43\/100\n|-ability|p1a: Suicune|Pressure\n|move|p2a: Swampert|Earthquake|p1a: Suicune\n|-damage|p1a: Suicune|23\/100\n|\n|-heal|p1a: Suicune|29\/100|[from] item: Leftovers\n|upkeep\n|turn|11\n|\n|t:|1632781086\n|move|p1a: Suicune|Rest|p1a: Suicune\n|-status|p1a: Suicune|slp|[from] move: Rest\n|-heal|p1a: Suicune|100\/100 slp|[silent]\n|move|p2a: Swampert|Stealth Rock|p1a: Suicune\n|-sidestart|p1: Vodyne|move: Stealth Rock\n|\n|upkeep\n|turn|12\n|\n|t:|1632781088\n|cant|p1a: Suicune|slp\n|move|p2a: Swampert|Flip Turn|p1a: Suicune\n|-resisted|p1a: Suicune\n|-damage|p1a: Suicune|94\/100 slp\n|\n|t:|1632781094\n|switch|p2a: Zeraora|Zeraora|100\/100|[from]move: Flip Turn\n|\n|-heal|p1a: Suicune|100\/100 slp|[from] item: Leftovers\n|upkeep\n|turn|13\n|\n|t:|1632781097\n|switch|p1a: Landorus|Landorus-Therian, M|100\/100\n|-damage|p1a: Landorus|88\/100|[from] Stealth Rock\n|-ability|p1a: Landorus|Intimidate|boost\n|-unboost|p2a: Zeraora|atk|1\n|move|p2a: Zeraora|Knock Off|p1a: Landorus\n|-damage|p1a: Landorus|64\/100\n|-enditem|p1a: Landorus|Choice Scarf|[from] move: Knock Off|[of] p2a: Zeraora\n|\n|upkeep\n|turn|14\n|\n|t:|1632781107\n|switch|p2a: Swampert|Swampert, F|100\/100\n|move|p1a: Landorus|Earthquake|p2a: Swampert\n|-damage|p2a: Swampert|47\/100\n|\n|-heal|p2a: Swampert|53\/100|[from] item: Leftovers\n|upkeep\n|turn|15\n|\n|t:|1632781110\n|move|p1a: Landorus|Earthquake|p2a: Swampert\n|-damage|p2a: Swampert|5\/100\n|move|p2a: Swampert|Flip Turn|p1a: Landorus\n|-supereffective|p1a: Landorus\n|-damage|p1a: Landorus|0 fnt\n|faint|p1a: Landorus\n|\n|t:|1632781117\n|switch|p2a: Mew|Mew|100\/100|[from]move: Flip Turn\n|\n|upkeep\n|\n|t:|1632781122\n|switch|p1a: Melmetal|Melmetal|74\/100\n|-damage|p1a: Melmetal|68\/100|[from] Stealth Rock\n|turn|16\n|\n|t:|1632781125\n|move|p2a: Mew|Nasty Plot|p2a: Mew\n|-boost|p2a: Mew|spa|2\n|move|p1a: Melmetal|Double Iron Bash|p2a: Mew\n|-crit|p2a: Mew\n|-damage|p2a: Mew|33\/100\n|-damage|p2a: Mew|0 fnt\n|faint|p2a: Mew\n|-hitcount|p2: Mew|2\n|\n|upkeep\n|\n|t:|1632781148\n|switch|p2a: Swampert|Swampert, F|5\/100\n|turn|17\n|\n|t:|1632781154\n|switch|p1a: Suicune|Suicune|100\/100 slp\n|-damage|p1a: Suicune|88\/100 slp|[from] Stealth Rock\n|-ability|p1a: Suicune|Pressure\n|move|p2a: Swampert|Flip Turn|p1a: Suicune\n|-resisted|p1a: Suicune\n|-damage|p1a: Suicune|78\/100 slp\n|\n|t:|1632781156\n|switch|p2a: Zeraora|Zeraora|100\/100|[from]move: Flip Turn\n|\n|-heal|p1a: Suicune|85\/100 slp|[from] item: Leftovers\n|upkeep\n|turn|18\n|\n|t:|1632781163\n|switch|p1a: Snorlax|Snorlax, F|31\/100\n|-damage|p1a: Snorlax|18\/100|[from] Stealth Rock\n|move|p2a: Zeraora|Bulk Up|p2a: Zeraora\n|-boost|p2a: Zeraora|atk|1\n|-boost|p2a: Zeraora|def|1\n|\n|-heal|p1a: Snorlax|25\/100|[from] item: Leftovers\n|upkeep\n|turn|19\n|\n|t:|1632781170\n|move|p2a: Zeraora|Bulk Up|p2a: Zeraora\n|-boost|p2a: Zeraora|atk|1\n|-boost|p2a: Zeraora|def|1\n|move|p1a: Snorlax|Body Slam|p2a: Zeraora\n|-damage|p2a: Zeraora|77\/100\n|\n|-heal|p1a: Snorlax|31\/100|[from] item: Leftovers\n|upkeep\n|turn|20\n|\n|t:|1632781173\n|move|p2a: Zeraora|Bulk Up|p2a: Zeraora\n|-boost|p2a: Zeraora|atk|1\n|-boost|p2a: Zeraora|def|1\n|move|p1a: Snorlax|Body Slam|p2a: Zeraora\n|-damage|p2a: Zeraora|59\/100\n|\n|-heal|p1a: Snorlax|37\/100|[from] item: Leftovers\n|upkeep\n|turn|21\n|\n|t:|1632781176\n|move|p2a: Zeraora|Bulk Up|p2a: Zeraora\n|-boost|p2a: Zeraora|atk|1\n|-boost|p2a: Zeraora|def|1\n|move|p1a: Snorlax|Body Slam|p2a: Zeraora\n|-damage|p2a: Zeraora|45\/100\n|\n|-heal|p1a: Snorlax|43\/100|[from] item: Leftovers\n|upkeep\n|turn|22\n|inactive|FIREEEE has 120 seconds left.\n|\n|t:|1632781219\n|move|p2a: Zeraora|Plasma Fists|p1a: Snorlax\n|-crit|p1a: Snorlax\n|-damage|p1a: Snorlax|0 fnt\n|faint|p1a: Snorlax\n|\n|upkeep\n|\n|t:|1632781240\n|switch|p1a: Zapdos|Zapdos|100\/100\n|turn|23\n|\n|t:|1632781244\n|move|p2a: Zeraora|Plasma Fists|p1a: Zapdos\n|-damage|p1a: Zapdos|0 fnt\n|faint|p1a: Zapdos\n|\n|upkeep\n|\n|t:|1632781250\n|switch|p1a: Victini|Victini|100\/100\n|-damage|p1a: Victini|76\/100|[from] Stealth Rock\n|turn|24\n|\n|t:|1632781252\n|move|p2a: Zeraora|Knock Off|p1a: Victini\n|-supereffective|p1a: Victini\n|-damage|p1a: Victini|0 fnt\n|-enditem|p1a: Victini|Choice Band|[from] move: Knock Off|[of] p2a: Zeraora\n|faint|p1a: Victini\n|\n|upkeep\n|-message|Vodyne forfeited.\n|\n|win|FIREEEE\n|raw|Vodyne's rating: 1671 &rarr; <strong>1655<\/strong><br \/>(-16 for losing)\n|raw|FIREEEE's rating: 1737 &rarr; <strong>1753<\/strong><br \/>(+16 for winning)\n|l|\u203dVodyne\n||Ladder isn't responding, score probably updated but might not have (Request timeout).\n","uploadtime":1632781260,"views":35,"p1id":"vodyne","p2id":"fireeee","formatid":"gen8ou","rating":1655,"private":0,"password":null}