{"id":"gen8ou-1692210037","p1":"Z_winter77","p2":"Kikoobuster","format":"gen8ou","log":"|html|<div class=\"broadcast-blue\"><strong>[Gen 8] OU is currently suspecting Melmetal! For information on how to participate check out the <a href=\"https:\/\/www.smogon.com\/forums\/threads\/np-ss-ou-suspect-process-round-12-monster-mash.3709234\/\">suspect thread<\/a>.<\/strong><\/div>\n|j|\u2606Z_winter77\n|j|\u2606Kikoobuster\n|t:|1666462214\n|gametype|singles\n|player|p1|Z_winter77|169|1375\n|player|p2|Kikoobuster|170|1398\n|teamsize|p1|6\n|teamsize|p2|6\n|gen|8\n|tier|[Gen 8] OU\n|rated|\n|rule|Sleep Clause Mod: Limit one foe put to sleep\n|rule|Species Clause: Limit one of each Pok\u00e9mon\n|rule|OHKO Clause: OHKO moves are banned\n|rule|Evasion Items Clause: Evasion items are banned\n|rule|Evasion Moves Clause: Evasion moves are banned\n|rule|Endless Battle Clause: Forcing endless battles is banned\n|rule|HP Percentage Mod: HP is shown in percentages\n|rule|Dynamax Clause: You cannot dynamax\n|clearpoke\n|poke|p1|Toxapex, M|\n|poke|p1|Blissey, F|\n|poke|p1|Rillaboom, M|\n|poke|p1|Landorus-Therian, M|\n|poke|p1|Blaziken, M|\n|poke|p1|Weavile, M|\n|poke|p2|Ninetales-Alola, F|\n|poke|p2|Thundurus-Therian, M|\n|poke|p2|Toxicroak, F|\n|poke|p2|Mandibuzz, F|\n|poke|p2|Slowking, F|\n|poke|p2|Cobalion|\n|teampreview\n|\n|t:|1666462224\n|start\n|switch|p1a: Weavile|Weavile, M|100\/100\n|switch|p2a: Ninetales|Ninetales-Alola, F|100\/100\n|-ability|p1a: Weavile|Pressure\n|-weather|Hail|[from] ability: Snow Warning|[of] p2a: Ninetales\n|turn|1\n|\n|t:|1666462230\n|move|p1a: Weavile|Fake Out|p2a: Ninetales\n|-damage|p2a: Ninetales|82\/100\n|cant|p2a: Ninetales|flinch\n|\n|-weather|Hail|[upkeep]\n|upkeep\n|turn|2\n|\n|t:|1666462236\n|switch|p1a: Rillaboom|Rillaboom, M|100\/100\n|-fieldstart|move: Grassy Terrain|[from] ability: Grassy Surge|[of] p1a: Rillaboom\n|move|p2a: Ninetales|Aurora Veil|p2a: Ninetales\n|-sidestart|p2: Kikoobuster|move: Aurora Veil\n|\n|-weather|Hail|[upkeep]\n|-damage|p1a: Rillaboom|94\/100|[from] Hail\n|-heal|p2a: Ninetales|88\/100|[from] Grassy Terrain\n|-heal|p1a: Rillaboom|100\/100|[from] Grassy Terrain\n|upkeep\n|turn|3\n|\n|t:|1666462246\n|switch|p2a: Mandibuzz|Mandibuzz, F|100\/100\n|move|p1a: Rillaboom|Grassy Glide|p2a: Mandibuzz\n|-resisted|p2a: Mandibuzz\n|-damage|p2a: Mandibuzz|90\/100\n|\n|-weather|Hail|[upkeep]\n|-damage|p1a: Rillaboom|94\/100|[from] Hail\n|-heal|p1a: Rillaboom|100\/100|[from] Grassy Terrain\n|upkeep\n|turn|4\n|\n|t:|1666462259\n|switch|p1a: Toxapex|Toxapex, M|100\/100\n|move|p2a: Mandibuzz|U-turn|p1a: Toxapex\n|-resisted|p1a: Toxapex\n|-damage|p1a: Toxapex|96\/100\n|\n|t:|1666462274\n|switch|p2a: Ninetales|Ninetales-Alola, F|88\/100|[from]move: U-turn\n|\n|-weather|Hail|[upkeep]\n|-damage|p1a: Toxapex|90\/100|[from] Hail\n|-heal|p2a: Ninetales|94\/100|[from] Grassy Terrain\n|-heal|p1a: Toxapex|96\/100|[from] Grassy Terrain\n|-heal|p1a: Toxapex|100\/100|[from] item: Black Sludge\n|upkeep\n|turn|5\n|\n|t:|1666462279\n|switch|p1a: Blissey|Blissey, F|100\/100\n|move|p2a: Ninetales|Hypnosis|p1a: Blissey|[miss]\n|-miss|p2a: Ninetales|p1a: Blissey\n|\n|-weather|Hail|[upkeep]\n|-damage|p1a: Blissey|94\/100|[from] Hail\n|-heal|p2a: Ninetales|99\/100|[from] Grassy Terrain\n|-heal|p1a: Blissey|100\/100|[from] Grassy Terrain\n|upkeep\n|turn|6\n|\n|t:|1666462315\n|move|p2a: Ninetales|Hypnosis|p1a: Blissey|[miss]\n|-miss|p2a: Ninetales|p1a: Blissey\n|move|p1a: Blissey|Toxic|p2a: Ninetales\n|-status|p2a: Ninetales|tox\n|\n|-weather|Hail|[upkeep]\n|-damage|p1a: Blissey|94\/100|[from] Hail\n|-heal|p2a: Ninetales|100\/100 tox|[from] Grassy Terrain\n|-heal|p1a: Blissey|100\/100|[from] Grassy Terrain\n|-damage|p2a: Ninetales|94\/100 tox|[from] psn\n|-sideend|p2: Kikoobuster|move: Aurora Veil\n|-fieldend|move: Grassy Terrain\n|upkeep\n|turn|7\n|\n|t:|1666462320\n|move|p2a: Ninetales|Hypnosis|p1a: Blissey|[miss]\n|-miss|p2a: Ninetales|p1a: Blissey\n|move|p1a: Blissey|Seismic Toss|p2a: Ninetales\n|-damage|p2a: Ninetales|66\/100 tox\n|\n|-weather|Hail|[upkeep]\n|-damage|p1a: Blissey|94\/100|[from] Hail\n|-heal|p1a: Blissey|100\/100|[from] item: Leftovers\n|-damage|p2a: Ninetales|54\/100 tox|[from] psn\n|upkeep\n|turn|8\n|\n|t:|1666462329\n|move|p1a: Blissey|Protect|p1a: Blissey\n|-singleturn|p1a: Blissey|Protect\n|move|p2a: Ninetales|Aurora Veil|p2a: Ninetales\n|-sidestart|p2: Kikoobuster|move: Aurora Veil\n|\n|-weather|none\n|-damage|p2a: Ninetales|36\/100 tox|[from] psn\n|upkeep\n|turn|9\n|\n|t:|1666462335\n|move|p2a: Ninetales|Hypnosis|p1a: Blissey|[miss]\n|-miss|p2a: Ninetales|p1a: Blissey\n|move|p1a: Blissey|Seismic Toss|p2a: Ninetales\n|-damage|p2a: Ninetales|7\/100 tox\n|\n|-damage|p2a: Ninetales|0 fnt|[from] psn\n|faint|p2a: Ninetales\n|upkeep\n|\n|t:|1666462338\n|switch|p2a: Toxicroak|Toxicroak, F|100\/100\n|-item|p2a: Toxicroak|Air Balloon\n|turn|10\n|\n|t:|1666462346\n|move|p1a: Blissey|Protect|p1a: Blissey\n|-singleturn|p1a: Blissey|Protect\n|move|p2a: Toxicroak|Knock Off|p1a: Blissey\n|-activate|p1a: Blissey|move: Protect\n|\n|upkeep\n|turn|11\n|\n|t:|1666462350\n|switch|p1a: Toxapex|Toxapex, M|100\/100\n|move|p2a: Toxicroak|Swords Dance|p2a: Toxicroak\n|-boost|p2a: Toxicroak|atk|2\n|\n|upkeep\n|turn|12\n|\n|t:|1666462356\n|move|p2a: Toxicroak|Knock Off|p1a: Toxapex\n|-damage|p1a: Toxapex|60\/100\n|-enditem|p1a: Toxapex|Black Sludge|[from] move: Knock Off|[of] p2a: Toxicroak\n|move|p1a: Toxapex|Substitute|p1a: Toxapex\n|-start|p1a: Toxapex|Substitute\n|-damage|p1a: Toxapex|35\/100\n|\n|-sideend|p2: Kikoobuster|move: Aurora Veil\n|upkeep\n|turn|13\n|\n|t:|1666462362\n|move|p2a: Toxicroak|Swords Dance|p2a: Toxicroak\n|-boost|p2a: Toxicroak|atk|2\n|move|p1a: Toxapex|Iron Defense|p1a: Toxapex\n|-boost|p1a: Toxapex|def|2\n|\n|upkeep\n|turn|14\n|\n|t:|1666462366\n|move|p2a: Toxicroak|Knock Off|p1a: Toxapex\n|-activate|p1a: Toxapex|move: Substitute|[damage]\n|move|p1a: Toxapex|Iron Defense|p1a: Toxapex\n|-boost|p1a: Toxapex|def|2\n|\n|upkeep\n|turn|15\n|\n|t:|1666462370\n|move|p2a: Toxicroak|Swords Dance|p2a: Toxicroak\n|-boost|p2a: Toxicroak|atk|2\n|move|p1a: Toxapex|Sludge Bomb|p2a: Toxicroak\n|-resisted|p2a: Toxicroak\n|-damage|p2a: Toxicroak|82\/100\n|-enditem|p2a: Toxicroak|Air Balloon\n|\n|upkeep\n|turn|16\n|\n|t:|1666462382\n|move|p2a: Toxicroak|Poison Jab|p1a: Toxapex\n|-resisted|p1a: Toxapex\n|-end|p1a: Toxapex|Substitute\n|move|p1a: Toxapex|Substitute|p1a: Toxapex\n|-start|p1a: Toxapex|Substitute\n|-damage|p1a: Toxapex|10\/100\n|\n|upkeep\n|turn|17\n|\n|t:|1666462391\n|move|p2a: Toxicroak|Poison Jab|p1a: Toxapex\n|-resisted|p1a: Toxapex\n|-activate|p1a: Toxapex|move: Substitute|[damage]\n|move|p1a: Toxapex|Sludge Bomb|p2a: Toxicroak\n|-resisted|p2a: Toxicroak\n|-damage|p2a: Toxicroak|61\/100\n|\n|upkeep\n|turn|18\n|\n|t:|1666462394\n|move|p2a: Toxicroak|Drain Punch|p1a: Toxapex\n|-resisted|p1a: Toxapex\n|-end|p1a: Toxapex|Substitute\n|-heal|p2a: Toxicroak|65\/100|[from] drain|[of] p1a: Toxapex\n|move|p1a: Toxapex|Sludge Bomb|p2a: Toxicroak\n|-resisted|p2a: Toxicroak\n|-damage|p2a: Toxicroak|44\/100\n|\n|upkeep\n|turn|19\n|\n|t:|1666462413\n|switch|p1a: Landorus|Landorus-Therian, M|100\/100\n|-ability|p1a: Landorus|Intimidate|boost\n|-unboost|p2a: Toxicroak|atk|1\n|move|p2a: Toxicroak|Knock Off|p1a: Landorus\n|-damage|p1a: Landorus|35\/100\n|-enditem|p1a: Landorus|Heavy-Duty Boots|[from] move: Knock Off|[of] p2a: Toxicroak\n|\n|upkeep\n|turn|20\n|\n|t:|1666462433\n|move|p2a: Toxicroak|Poison Jab|p1a: Landorus\n|-resisted|p1a: Landorus\n|-damage|p1a: Landorus|0 fnt\n|faint|p1a: Landorus\n|\n|upkeep\n|\n|t:|1666462439\n|switch|p1a: Blaziken|Blaziken, M|100\/100\n|turn|21\n|\n|t:|1666462460\n|move|p1a: Blaziken|Protect|p1a: Blaziken\n|-singleturn|p1a: Blaziken|Protect\n|move|p2a: Toxicroak|Drain Punch|p1a: Blaziken\n|-activate|p1a: Blaziken|move: Protect\n|\n|-ability|p1a: Blaziken|Speed Boost|boost\n|-boost|p1a: Blaziken|spe|1\n|upkeep\n|turn|22\n|\n|t:|1666462474\n|move|p1a: Blaziken|Close Combat|p2a: Toxicroak\n|-resisted|p2a: Toxicroak\n|-damage|p2a: Toxicroak|0 fnt\n|-unboost|p1a: Blaziken|def|1\n|-unboost|p1a: Blaziken|spd|1\n|faint|p2a: Toxicroak\n|\n|-ability|p1a: Blaziken|Speed Boost|boost\n|-boost|p1a: Blaziken|spe|1\n|upkeep\n|\n|t:|1666462478\n|switch|p2a: Slowking|Slowking, F|100\/100\n|turn|23\n|\n|t:|1666462490\n|switch|p1a: Blissey|Blissey, F|100\/100\n|move|p2a: Slowking|Scald|p1a: Blissey\n|-damage|p1a: Blissey|92\/100\n|\n|-heal|p1a: Blissey|98\/100|[from] item: Leftovers\n|upkeep\n|turn|24\n|inactive|Battle timer is ON: inactive players will automatically lose when time's up. (requested by Kikoobuster)\n|inactive|Z_winter77 has 120 seconds left.\n|\n|t:|1666462581\n|move|p1a: Blissey|Seismic Toss|p2a: Slowking\n|-damage|p2a: Slowking|75\/100\n|-damage|p1a: Blissey|81\/100|[from] item: Rocky Helmet|[of] p2a: Slowking\n|move|p2a: Slowking|Teleport|p2a: Slowking\n|\n|t:|1666462591\n|switch|p2a: Cobalion|Cobalion|100\/100|[from]move: Teleport\n|\n|-heal|p1a: Blissey|87\/100|[from] item: Leftovers\n|upkeep\n|turn|25\n|inactive|Z_winter77 has 120 seconds left.\n|\n|t:|1666462638\n|switch|p1a: Toxapex|Toxapex, M|43\/100\n|move|p2a: Cobalion|Stealth Rock|p1a: Toxapex\n|-sidestart|p1: Z_winter77|move: Stealth Rock\n|\n|upkeep\n|turn|26\n|inactive|Kikoobuster has 120 seconds left.\n|\n|t:|1666462672\n|move|p2a: Cobalion|Volt Switch|p1a: Toxapex\n|-supereffective|p1a: Toxapex\n|-damage|p1a: Toxapex|17\/100\n|\n|t:|1666462675\n|switch|p2a: Thundurus|Thundurus-Therian, M|100\/100|[from]move: Volt Switch\n|move|p1a: Toxapex|Scald|p2a: Thundurus\n|-damage|p2a: Thundurus|72\/100\n|\n|upkeep\n|turn|27\n|inactive|Z_winter77 has 120 seconds left.\n|inactive|Z_winter77 has 90 seconds left.\n|inactive|Z_winter77 has 60 seconds left.\n|\n|t:|1666462767\n|switch|p1a: Blissey|Blissey, F|87\/100\n|-damage|p1a: Blissey|75\/100|[from] Stealth Rock\n|move|p2a: Thundurus|Nasty Plot|p2a: Thundurus\n|-boost|p2a: Thundurus|spa|2\n|\n|-heal|p1a: Blissey|81\/100|[from] item: Leftovers\n|upkeep\n|turn|28\n|\n|t:|1666462789\n|move|p2a: Thundurus|Focus Blast|p1a: Blissey\n|-supereffective|p1a: Blissey\n|-damage|p1a: Blissey|24\/100\n|move|p1a: Blissey|Toxic|p2a: Thundurus\n|-status|p2a: Thundurus|tox\n|\n|-heal|p1a: Blissey|30\/100|[from] item: Leftovers\n|-damage|p2a: Thundurus|66\/100 tox|[from] psn\n|upkeep\n|turn|29\n|\n|t:|1666462796\n|move|p1a: Blissey|Protect|p1a: Blissey\n|-singleturn|p1a: Blissey|Protect\n|move|p2a: Thundurus|Thunderbolt|p1a: Blissey\n|-activate|p1a: Blissey|move: Protect\n|\n|-heal|p1a: Blissey|36\/100|[from] item: Leftovers\n|-damage|p2a: Thundurus|54\/100 tox|[from] psn\n|upkeep\n|turn|30\n|\n|t:|1666462812\n|move|p2a: Thundurus|Focus Blast|p1a: Blissey\n|-supereffective|p1a: Blissey\n|-damage|p1a: Blissey|0 fnt\n|faint|p1a: Blissey\n|\n|-damage|p2a: Thundurus|36\/100 tox|[from] psn\n|upkeep\n|\n|t:|1666462816\n|switch|p1a: Weavile|Weavile, M|100\/100\n|-damage|p1a: Weavile|76\/100|[from] Stealth Rock\n|-ability|p1a: Weavile|Pressure\n|turn|31\n|\n|t:|1666462844\n|move|p1a: Weavile|Fake Out|p2a: Thundurus\n|-damage|p2a: Thundurus|12\/100 tox\n|cant|p2a: Thundurus|flinch\n|\n|-damage|p2a: Thundurus|0 fnt|[from] psn\n|faint|p2a: Thundurus\n|upkeep\n|\n|t:|1666462850\n|switch|p2a: Cobalion|Cobalion|100\/100\n|turn|32\n|inactive|Z_winter77 has 60 seconds left.\n|\n|t:|1666462863\n|switch|p1a: Rillaboom|Rillaboom, M|100\/100\n|-damage|p1a: Rillaboom|88\/100|[from] Stealth Rock\n|-fieldstart|move: Grassy Terrain|[from] ability: Grassy Surge|[of] p1a: Rillaboom\n|move|p2a: Cobalion|Iron Head|p1a: Rillaboom\n|-damage|p1a: Rillaboom|57\/100\n|\n|-heal|p1a: Rillaboom|63\/100|[from] Grassy Terrain\n|upkeep\n|turn|33\n|inactive|Z_winter77 has 60 seconds left.\n|\n|t:|1666462882\n|switch|p2a: Mandibuzz|Mandibuzz, F|90\/100\n|move|p1a: Rillaboom|Knock Off|p2a: Mandibuzz\n|-resisted|p2a: Mandibuzz\n|-damage|p2a: Mandibuzz|74\/100\n|-enditem|p2a: Mandibuzz|Heavy-Duty Boots|[from] move: Knock Off|[of] p1a: Rillaboom\n|\n|-heal|p1a: Rillaboom|69\/100|[from] Grassy Terrain\n|upkeep\n|turn|34\n|\n|t:|1666462891\n|switch|p1a: Toxapex|Toxapex, M|50\/100\n|-damage|p1a: Toxapex|38\/100|[from] Stealth Rock\n|move|p2a: Mandibuzz|Foul Play|p1a: Toxapex\n|-damage|p1a: Toxapex|25\/100\n|\n|-heal|p1a: Toxapex|32\/100|[from] Grassy Terrain\n|upkeep\n|turn|35\n|\n|t:|1666462910\n|move|p2a: Mandibuzz|U-turn|p1a: Toxapex\n|-resisted|p1a: Toxapex\n|-damage|p1a: Toxapex|28\/100\n|\n|t:|1666462913\n|switch|p2a: Slowking|Slowking, F|100\/100|[from]move: U-turn\n|move|p1a: Toxapex|Scald|p2a: Slowking\n|-resisted|p2a: Slowking\n|-damage|p2a: Slowking|94\/100\n|\n|-heal|p1a: Toxapex|34\/100|[from] Grassy Terrain\n|-heal|p2a: Slowking|99\/100|[from] Grassy Terrain\n|upkeep\n|turn|36\n|\n|t:|1666462927\n|switch|p1a: Weavile|Weavile, M|76\/100\n|-damage|p1a: Weavile|51\/100|[from] Stealth Rock\n|-ability|p1a: Weavile|Pressure\n|move|p2a: Slowking|Future Sight|p1a: Weavile\n|-start|p2a: Slowking|move: Future Sight\n|\n|-heal|p1a: Weavile|57\/100|[from] Grassy Terrain\n|-heal|p2a: Slowking|100\/100|[from] Grassy Terrain\n|-fieldend|move: Grassy Terrain\n|upkeep\n|turn|37\n|\n|t:|1666462939\n|switch|p2a: Cobalion|Cobalion|100\/100\n|move|p1a: Weavile|Swords Dance|p1a: Weavile\n|-boost|p1a: Weavile|atk|2\n|\n|upkeep\n|turn|38\n|\n|t:|1666462948\n|move|p1a: Weavile|Knock Off|p2a: Cobalion\n|-resisted|p2a: Cobalion\n|-damage|p2a: Cobalion|58\/100\n|-damage|p1a: Weavile|40\/100|[from] item: Rocky Helmet|[of] p2a: Cobalion\n|-ability|p2a: Cobalion|Justified|boost\n|-boost|p2a: Cobalion|atk|1\n|-enditem|p2a: Cobalion|Rocky Helmet|[from] move: Knock Off|[of] p1a: Weavile\n|move|p2a: Cobalion|Close Combat|p1a: Weavile\n|-supereffective|p1a: Weavile\n|-damage|p1a: Weavile|0 fnt\n|-unboost|p2a: Cobalion|def|1\n|-unboost|p2a: Cobalion|spd|1\n|faint|p1a: Weavile\n|\n|-hint|Future Sight did not hit because the target is fainted.\n|upkeep\n|\n|t:|1666462958\n|switch|p1a: Blaziken|Blaziken, M|100\/100\n|-damage|p1a: Blaziken|88\/100|[from] Stealth Rock\n|turn|39\n|\n|t:|1666462968\n|switch|p2a: Slowking|Slowking, F|100\/100\n|move|p1a: Blaziken|Close Combat|p2a: Slowking\n|-resisted|p2a: Slowking\n|-damage|p2a: Slowking|68\/100\n|-unboost|p1a: Blaziken|def|1\n|-unboost|p1a: Blaziken|spd|1\n|-damage|p1a: Blaziken|72\/100|[from] item: Rocky Helmet|[of] p2a: Slowking\n|\n|-heal|p1a: Blaziken|78\/100|[from] item: Leftovers\n|-ability|p1a: Blaziken|Speed Boost|boost\n|-boost|p1a: Blaziken|spe|1\n|upkeep\n|turn|40\n|inactive|Z_winter77 has 60 seconds left.\n|inactive|Z_winter77 has 30 seconds left.\n|inactive|Z_winter77 has 20 seconds left.\n|inactive|Z_winter77 has 15 seconds left.\n|\n|t:|1666463042\n|switch|p1a: Rillaboom|Rillaboom, M|69\/100\n|-damage|p1a: Rillaboom|57\/100|[from] Stealth Rock\n|-fieldstart|move: Grassy Terrain|[from] ability: Grassy Surge|[of] p1a: Rillaboom\n|move|p2a: Slowking|Slack Off|p2a: Slowking\n|-heal|p2a: Slowking|100\/100\n|\n|-heal|p1a: Rillaboom|63\/100|[from] Grassy Terrain\n|upkeep\n|turn|41\n|inactive|Z_winter77 has 25 seconds left this turn.\n|inactive|Z_winter77 has 20 seconds left.\n|inactive|Z_winter77 has 15 seconds left.\n|\n|t:|1666463053\n|switch|p2a: Cobalion|Cobalion|58\/100\n|move|p1a: Rillaboom|Superpower|p2a: Cobalion\n|-supereffective|p2a: Cobalion\n|-damage|p2a: Cobalion|0 fnt\n|-unboost|p1a: Rillaboom|atk|1\n|-unboost|p1a: Rillaboom|def|1\n|faint|p2a: Cobalion\n|\n|-heal|p1a: Rillaboom|69\/100|[from] Grassy Terrain\n|upkeep\n|inactive|Z_winter77 has 20 seconds left this turn.\n|\n|t:|1666463057\n|switch|p2a: Mandibuzz|Mandibuzz, F|74\/100\n|turn|42\n|inactive|Z_winter77 has 30 seconds left this turn.\n|\n|t:|1666463061\n|switch|p1a: Toxapex|Toxapex, M|67\/100\n|-damage|p1a: Toxapex|55\/100|[from] Stealth Rock\n|move|p2a: Mandibuzz|Foul Play|p1a: Toxapex\n|-damage|p1a: Toxapex|43\/100\n|\n|-heal|p1a: Toxapex|49\/100|[from] Grassy Terrain\n|upkeep\n|turn|43\n|inactive|Z_winter77 has 30 seconds left.\n|\n|t:|1666463075\n|move|p2a: Mandibuzz|U-turn|p1a: Toxapex\n|-resisted|p1a: Toxapex\n|-damage|p1a: Toxapex|45\/100\n|\n|t:|1666463077\n|switch|p2a: Slowking|Slowking, F|100\/100|[from]move: U-turn\n|move|p1a: Toxapex|Substitute|p1a: Toxapex\n|-start|p1a: Toxapex|Substitute\n|-damage|p1a: Toxapex|20\/100\n|\n|-heal|p1a: Toxapex|26\/100|[from] Grassy Terrain\n|upkeep\n|turn|44\n|\n|t:|1666463081\n|move|p1a: Toxapex|Scald|p2a: Slowking\n|-resisted|p2a: Slowking\n|-damage|p2a: Slowking|94\/100\n|move|p2a: Slowking|Future Sight|p1a: Toxapex\n|-start|p2a: Slowking|move: Future Sight\n|\n|-heal|p1a: Toxapex|32\/100|[from] Grassy Terrain\n|-heal|p2a: Slowking|99\/100|[from] Grassy Terrain\n|-fieldend|move: Grassy Terrain\n|upkeep\n|turn|45\n|\n|t:|1666463089\n|move|p1a: Toxapex|Scald|p2a: Slowking\n|-resisted|p2a: Slowking\n|-damage|p2a: Slowking|93\/100\n|-status|p2a: Slowking|brn\n|move|p2a: Slowking|Scald|p1a: Toxapex\n|-resisted|p1a: Toxapex\n|-activate|p1a: Toxapex|move: Substitute|[damage]\n|\n|-damage|p2a: Slowking|87\/100 brn|[from] brn\n|upkeep\n|turn|46\n|\n|t:|1666463104\n|move|p1a: Toxapex|Substitute|p1a: Toxapex\n|-fail|p1a: Toxapex|move: Substitute\n|move|p2a: Slowking|Scald|p1a: Toxapex\n|-resisted|p1a: Toxapex\n|-end|p1a: Toxapex|Substitute\n|\n|-end|p1a: Toxapex|move: Future Sight\n|-supereffective|p1a: Toxapex\n|-damage|p1a: Toxapex|0 fnt\n|faint|p1a: Toxapex\n|-damage|p2a: Slowking|81\/100 brn|[from] brn\n|upkeep\n|\n|t:|1666463108\n|switch|p1a: Rillaboom|Rillaboom, M|69\/100\n|-damage|p1a: Rillaboom|57\/100|[from] Stealth Rock\n|-fieldstart|move: Grassy Terrain|[from] ability: Grassy Surge|[of] p1a: Rillaboom\n|turn|47\n|\n|t:|1666463118\n|switch|p2a: Mandibuzz|Mandibuzz, F|74\/100\n|move|p1a: Rillaboom|Superpower|p2a: Mandibuzz\n|-damage|p2a: Mandibuzz|35\/100\n|-unboost|p1a: Rillaboom|atk|1\n|-unboost|p1a: Rillaboom|def|1\n|\n|-heal|p1a: Rillaboom|63\/100|[from] Grassy Terrain\n|upkeep\n|turn|48\n|inactive|Z_winter77 has 60 seconds left.\n|\n|t:|1666463128\n|switch|p1a: Blaziken|Blaziken, M|78\/100\n|-damage|p1a: Blaziken|65\/100|[from] Stealth Rock\n|switch|p2a: Slowking|Slowking, F|100\/100 brn\n|\n|-heal|p1a: Blaziken|72\/100|[from] Grassy Terrain\n|-heal|p1a: Blaziken|78\/100|[from] item: Leftovers\n|-damage|p2a: Slowking|94\/100 brn|[from] brn\n|upkeep\n|turn|49\n|inactive|Z_winter77 has 60 seconds left.\n|\n|t:|1666463143\n|switch|p1a: Rillaboom|Rillaboom, M|63\/100\n|-damage|p1a: Rillaboom|51\/100|[from] Stealth Rock\n|move|p2a: Slowking|Future Sight|p1a: Rillaboom\n|-start|p2a: Slowking|move: Future Sight\n|\n|-heal|p1a: Rillaboom|57\/100|[from] Grassy Terrain\n|-heal|p2a: Slowking|100\/100 brn|[from] Grassy Terrain\n|-damage|p2a: Slowking|94\/100 brn|[from] brn\n|upkeep\n|turn|50\n|\n|t:|1666463149\n|switch|p2a: Mandibuzz|Mandibuzz, F|35\/100\n|move|p1a: Rillaboom|Grassy Glide|p2a: Mandibuzz\n|-resisted|p2a: Mandibuzz\n|-damage|p2a: Mandibuzz|14\/100\n|\n|-heal|p1a: Rillaboom|63\/100|[from] Grassy Terrain\n|upkeep\n|turn|51\n|\n|t:|1666463158\n|move|p1a: Rillaboom|Grassy Glide|p2a: Mandibuzz\n|-resisted|p2a: Mandibuzz\n|-damage|p2a: Mandibuzz|0 fnt\n|faint|p2a: Mandibuzz\n|\n|-end|p1a: Rillaboom|move: Future Sight\n|-damage|p1a: Rillaboom|20\/100\n|-heal|p1a: Rillaboom|26\/100|[from] Grassy Terrain\n|-fieldend|move: Grassy Terrain\n|upkeep\n|\n|t:|1666463164\n|switch|p2a: Slowking|Slowking, F|100\/100 brn\n|turn|52\n|\n|t:|1666463168\n|switch|p1a: Blaziken|Blaziken, M|78\/100\n|-damage|p1a: Blaziken|65\/100|[from] Stealth Rock\n|move|p2a: Slowking|Future Sight|p1a: Blaziken\n|-start|p2a: Slowking|move: Future Sight\n|\n|-heal|p1a: Blaziken|72\/100|[from] item: Leftovers\n|-damage|p2a: Slowking|94\/100 brn|[from] brn\n|upkeep\n|turn|53\n|\n|t:|1666463177\n|move|p1a: Blaziken|Poison Jab|p2a: Slowking\n|-damage|p2a: Slowking|67\/100 brn\n|-damage|p1a: Blaziken|55\/100|[from] item: Rocky Helmet|[of] p2a: Slowking\n|move|p2a: Slowking|Scald|p1a: Blaziken\n|-supereffective|p1a: Blaziken\n|-damage|p1a: Blaziken|0 fnt\n|faint|p1a: Blaziken\n|\n|-damage|p2a: Slowking|61\/100 brn|[from] brn\n|upkeep\n|\n|t:|1666463184\n|switch|p1a: Rillaboom|Rillaboom, M|26\/100\n|-damage|p1a: Rillaboom|14\/100|[from] Stealth Rock\n|-fieldstart|move: Grassy Terrain|[from] ability: Grassy Surge|[of] p1a: Rillaboom\n|turn|54\n|\n|t:|1666463187\n|move|p1a: Rillaboom|Grassy Glide|p2a: Slowking\n|-supereffective|p2a: Slowking\n|-damage|p2a: Slowking|0 fnt\n|-damage|p1a: Rillaboom|0 fnt|[from] item: Rocky Helmet|[of] p2a: Slowking\n|faint|p2a: Slowking\n|faint|p1a: Rillaboom\n|\n|win|Z_winter77\n|raw|Z_winter77's rating: 1375 &rarr; <strong>1396<\/strong><br \/>(+21 for winning)\n|raw|Kikoobuster's rating: 1398 &rarr; <strong>1377<\/strong><br \/>(-21 for losing)\n|l|\u2606Kikoobuster\n|c|\u2606Z_winter77|gg wp!\n||Ladder isn't responding, score probably updated but might not have (Request timeout).\n","uploadtime":1666463203,"views":6,"p1id":"zwinter77","p2id":"kikoobuster","formatid":"gen8ou","rating":1377,"private":0,"password":null}