{"id":"gen8nationaldex-1197491473","p1":"ittadakimasu","p2":"yhdrslb","format":"gen8nationaldex","log":"|j|\u2606ittadakimasu\n|j|\u2606yhdrslb\n|t:|1601771918\n|player|p1|ittadakimasu|169|1545\n|player|p2|yhdrslb|30|1446\n|teamsize|p1|6\n|teamsize|p2|6\n|gametype|singles\n|gen|8\n|tier|[Gen 8] National Dex\n|rated|\n|clearpoke\n|poke|p1|Heatran, F|\n|poke|p1|Kartana|\n|poke|p1|Excadrill, F|\n|poke|p1|Magearna|\n|poke|p1|Klefki, M|\n|poke|p1|Corviknight, F|\n|poke|p2|Cinderace, M|\n|poke|p2|Landorus-Therian, M|\n|poke|p2|Rillaboom, F|\n|poke|p2|Beedrill, F|\n|poke|p2|Dracovish|\n|poke|p2|Zeraora|\n|rule|HP Percentage Mod: HP is shown in percentages\n|rule|Endless Battle Clause: Forcing endless battles is banned\n|rule|OHKO Clause: OHKO moves are banned\n|rule|Evasion Moves Clause: Evasion moves are banned\n|rule|Species Clause: Limit one of each Pok\u00e9mon\n|rule|Dynamax Clause: You cannot dynamax\n|rule|Sleep Clause Mod: Limit one foe put to sleep\n|teampreview\n|\n|t:|1601771942\n|start\n|switch|p1a: Excadrill|Excadrill, F|100\/100\n|switch|p2a: Beedrill|Beedrill, F|100\/100\n|-ability|p1a: Excadrill|Mold Breaker\n|turn|1\n|j| SpeakSpanish\n|\n|t:|1601771957\n|switch|p1a: Corviknight|Corviknight, F|100\/100\n|-ability|p1a: Corviknight|Pressure\n|detailschange|p2a: Beedrill|Beedrill-Mega, F\n|-mega|p2a: Beedrill|Beedrill|Beedrillite\n|move|p2a: Beedrill|U-turn|p1a: Corviknight\n|-resisted|p1a: Corviknight\n|-damage|p1a: Corviknight|92\/100\n|\n|t:|1601771966\n|switch|p2a: Zeraora|Zeraora|100\/100|[from]move: U-turn\n|\n|-heal|p1a: Corviknight|98\/100|[from] item: Leftovers\n|upkeep\n|turn|2\n|\n|t:|1601771971\n|switch|p2a: Landorus|Landorus-Therian, M|100\/100\n|-ability|p2a: Landorus|Intimidate|boost\n|-unboost|p1a: Corviknight|atk|1\n|switch|p1a: Excadrill|Excadrill, F|100\/100\n|-ability|p1a: Excadrill|Mold Breaker\n|\n|upkeep\n|turn|3\n|\n|t:|1601771980\n|move|p2a: Landorus|Earthquake|p1a: Excadrill\n|-supereffective|p1a: Excadrill\n|-enditem|p1a: Excadrill|Focus Sash\n|-damage|p1a: Excadrill|1\/100\n|move|p1a: Excadrill|Toxic|p2a: Landorus\n|-status|p2a: Landorus|tox\n|\n|-damage|p2a: Landorus|95\/100 tox|[from] psn\n|upkeep\n|turn|4\n|\n|t:|1601771986\n|switch|p2a: Cinderace|Cinderace, M|100\/100\n|switch|p1a: Corviknight|Corviknight, F|98\/100\n|-ability|p1a: Corviknight|Pressure\n|\n|-heal|p1a: Corviknight|100\/100|[from] item: Leftovers\n|upkeep\n|turn|5\n|\n|t:|1601772004\n|switch|p1a: Heatran|Heatran, F|100\/100\n|move|p2a: Cinderace|Pyro Ball|p1a: Heatran\n|-start|p1a: Heatran|ability: Flash Fire\n|\n|upkeep\n|turn|6\n|\n|t:|1601772012\n|move|p2a: Cinderace|Sucker Punch|p1a: Heatran\n|-start|p2a: Cinderace|typechange|Dark|[from] ability: Libero\n|-damage|p1a: Heatran|67\/100\n|move|p1a: Heatran|Earth Power|p2a: Cinderace\n|-damage|p2a: Cinderace|55\/100\n|\n|upkeep\n|turn|7\n|\n|t:|1601772021\n|move|p2a: Cinderace|High Jump Kick|p1a: Heatran\n|-start|p2a: Cinderace|typechange|Fighting|[from] ability: Libero\n|-supereffective|p1a: Heatran\n|-damage|p1a: Heatran|0 fnt\n|faint|p1a: Heatran\n|\n|upkeep\n|\n|t:|1601772053\n|switch|p1a: Kartana|Kartana|100\/100\n|turn|8\n|\n|t:|1601772057\n|switch|p2a: Rillaboom|Rillaboom, F|100\/100\n|-fieldstart|move: Grassy Terrain|[from] ability: Grassy Surge|[of] p2a: Rillaboom\n|move|p1a: Kartana|Leaf Blade|p2a: Rillaboom\n|-resisted|p2a: Rillaboom\n|-damage|p2a: Rillaboom|60\/100\n|\n|-heal|p2a: Rillaboom|66\/100|[from] Grassy Terrain\n|upkeep\n|turn|9\n|\n|t:|1601772067\n|switch|p1a: Corviknight|Corviknight, F|100\/100\n|-ability|p1a: Corviknight|Pressure\n|move|p2a: Rillaboom|Swords Dance|p2a: Rillaboom\n|-boost|p2a: Rillaboom|atk|2\n|\n|-heal|p2a: Rillaboom|72\/100|[from] Grassy Terrain\n|upkeep\n|turn|10\n|\n|t:|1601772072\n|move|p2a: Rillaboom|Drain Punch|p1a: Corviknight\n|-damage|p1a: Corviknight|54\/100\n|-heal|p2a: Rillaboom|99\/100|[from] drain|[of] p1a: Corviknight\n|-damage|p2a: Rillaboom|90\/100|[from] item: Life Orb\n|move|p1a: Corviknight|Brave Bird|p2a: Rillaboom\n|-supereffective|p2a: Rillaboom\n|-damage|p2a: Rillaboom|3\/100\n|-damage|p1a: Corviknight|30\/100|[from] Recoil\n|\n|-heal|p2a: Rillaboom|9\/100|[from] Grassy Terrain\n|-heal|p1a: Corviknight|36\/100|[from] item: Leftovers\n|upkeep\n|turn|11\n|\n|t:|1601772085\n|move|p2a: Rillaboom|Drain Punch|p1a: Corviknight\n|-damage|p1a: Corviknight|0 fnt\n|-heal|p2a: Rillaboom|30\/100|[from] drain|[of] p1a: Corviknight\n|-damage|p2a: Rillaboom|20\/100|[from] item: Life Orb\n|faint|p1a: Corviknight\n|\n|-heal|p2a: Rillaboom|26\/100|[from] Grassy Terrain\n|upkeep\n|\n|t:|1601772096\n|switch|p1a: Kartana|Kartana|100\/100\n|turn|12\n|\n|t:|1601772103\n|move|p2a: Rillaboom|Grassy Glide|p1a: Kartana\n|-resisted|p1a: Kartana\n|-damage|p1a: Kartana|67\/100\n|-damage|p2a: Rillaboom|16\/100|[from] item: Life Orb\n|move|p1a: Kartana|Leaf Blade|p2a: Rillaboom\n|-resisted|p2a: Rillaboom\n|-damage|p2a: Rillaboom|0 fnt\n|faint|p2a: Rillaboom\n|-ability|p1a: Kartana|Beast Boost|boost\n|-boost|p1a: Kartana|atk|1\n|\n|-heal|p1a: Kartana|73\/100|[from] Grassy Terrain\n|-fieldend|move: Grassy Terrain\n|upkeep\n|\n|t:|1601772139\n|switch|p2a: Beedrill|Beedrill-Mega, F|100\/100\n|turn|13\n|\n|t:|1601772145\n|move|p1a: Kartana|Leaf Blade|p2a: Beedrill\n|-resisted|p2a: Beedrill\n|-damage|p2a: Beedrill|44\/100\n|move|p2a: Beedrill|U-turn|p1a: Kartana\n|-damage|p1a: Kartana|15\/100\n|\n|t:|1601772154\n|switch|p2a: Cinderace|Cinderace, M|55\/100|[from]move: U-turn\n|\n|upkeep\n|turn|14\n|\n|t:|1601772158\n|switch|p1a: prueba xd|Klefki, M|100\/100\n|move|p2a: Cinderace|Sucker Punch||[still]\n|-fail|p2a: Cinderace\n|\n|upkeep\n|turn|15\n|\n|t:|1601772165\n|move|p1a: prueba xd|Thunder Wave|p2a: Cinderace\n|-status|p2a: Cinderace|par\n|move|p2a: Cinderace|Court Change||[still]\n|-start|p2a: Cinderace|typechange|Normal|[from] ability: Libero\n|-fail|p2a: Cinderace\n|\n|upkeep\n|turn|16\n|\n|t:|1601772171\n|move|p1a: prueba xd|Foul Play|p2a: Cinderace\n|-damage|p2a: Cinderace|7\/100 par\n|cant|p2a: Cinderace|par\n|\n|upkeep\n|turn|17\n|\n|t:|1601772187\n|move|p2a: Cinderace|Sucker Punch|p1a: prueba xd\n|-start|p2a: Cinderace|typechange|Dark|[from] ability: Libero\n|-resisted|p1a: prueba xd\n|-damage|p1a: prueba xd|86\/100\n|move|p1a: prueba xd|Foul Play|p2a: Cinderace\n|-resisted|p2a: Cinderace\n|-damage|p2a: Cinderace|0 fnt\n|faint|p2a: Cinderace\n|\n|upkeep\n|\n|t:|1601772203\n|switch|p2a: Zeraora|Zeraora|100\/100\n|turn|18\n|\n|t:|1601772207\n|move|p1a: prueba xd|Reflect|p1a: prueba xd\n|-sidestart|p1: ittadakimasu|Reflect\n|move|p2a: Zeraora|Thunderbolt|p1a: prueba xd\n|-damage|p1a: prueba xd|13\/100\n|\n|upkeep\n|turn|19\n|\n|t:|1601772214\n|switch|p2a: Dracovish|Dracovish|100\/100\n|move|p1a: prueba xd|Light Screen|p1a: prueba xd\n|-sidestart|p1: ittadakimasu|move: Light Screen\n|\n|upkeep\n|turn|20\n|\n|t:|1601772216\n|switch|p2a: Zeraora|Zeraora|100\/100\n|move|p1a: prueba xd|Thunder Wave|p2a: Zeraora\n|-immune|p2a: Zeraora|[from] ability: Volt Absorb\n|\n|upkeep\n|turn|21\n|\n|t:|1601772221\n|move|p2a: Zeraora|Volt Switch|p1a: prueba xd\n|-damage|p1a: prueba xd|0 fnt\n|faint|p1a: prueba xd\n|\n|t:|1601772235\n|switch|p2a: Landorus|Landorus-Therian, M|95\/100 tox|[from]move: Volt Switch\n|\n|-damage|p2a: Landorus|89\/100 tox|[from] psn\n|upkeep\n|inactive|Battle timer is ON: inactive players will automatically lose when time's up. (requested by yhdrslb)\n|\n|t:|1601772286\n|switch|p1a: Magearna|Magearna|100\/100\n|turn|22\n|\n|t:|1601772289\n|move|p2a: Landorus|Earthquake|p1a: Magearna\n|-supereffective|p1a: Magearna\n|-damage|p1a: Magearna|32\/100\n|move|p1a: Magearna|Fleur Cannon|p2a: Landorus\n|-damage|p2a: Landorus|22\/100 tox\n|-unboost|p1a: Magearna|spa|2\n|\n|-damage|p2a: Landorus|10\/100 tox|[from] psn\n|upkeep\n|turn|23\n|\n|t:|1601772297\n|switch|p1a: Excadrill|Excadrill, F|1\/100\n|-ability|p1a: Excadrill|Mold Breaker\n|move|p2a: Landorus|Earthquake|p1a: Excadrill\n|-supereffective|p1a: Excadrill\n|-damage|p1a: Excadrill|0 fnt\n|faint|p1a: Excadrill\n|\n|-damage|p2a: Landorus|0 fnt|[from] psn\n|faint|p2a: Landorus\n|upkeep\n|\n|t:|1601772318\n|switch|p2a: Dracovish|Dracovish|100\/100\n|switch|p1a: Kartana|Kartana|15\/100\n|turn|24\n|\n|t:|1601772325\n|move|p1a: Kartana|Leaf Blade|p2a: Dracovish\n|-crit|p2a: Dracovish\n|-damage|p2a: Dracovish|0 fnt\n|faint|p2a: Dracovish\n|-ability|p1a: Kartana|Beast Boost|boost\n|-boost|p1a: Kartana|atk|1\n|\n|upkeep\n|c|\u2606ittadakimasu|olv\n|c|\u2606yhdrslb|smh\n|\n|t:|1601772336\n|switch|p2a: Zeraora|Zeraora|100\/100\n|turn|25\n|\n|t:|1601772340\n|move|p1a: Kartana|Leaf Blade|p2a: Zeraora\n|-crit|p2a: Zeraora\n|-damage|p2a: Zeraora|0 fnt\n|faint|p2a: Zeraora\n|-ability|p1a: Kartana|Beast Boost|boost\n|-boost|p1a: Kartana|atk|1\n|\n|-sideend|p1: ittadakimasu|Reflect\n|upkeep\n|-message|yhdrslb forfeited.\n|\n|win|ittadakimasu\n|l|\u2606yhdrslb\n|c|\u2606ittadakimasu|xd\n|raw|ittadakimasu's rating: 1545 &rarr; <strong>1560<\/strong><br \/>(+15 for winning)\n|raw|yhdrslb's rating: 1447 &rarr; <strong>1432<\/strong><br \/>(-15 for losing)\n","uploadtime":1601772354,"views":16,"p1id":"ittadakimasu","p2id":"yhdrslb","formatid":"gen8nationaldex","rating":1432,"private":0,"password":null}