{"id":"gen8nationaldexmonotype-1581660328","p1":"Alu9204","p2":"Rig0oooo","format":"gen8nationaldexmonotype","log":"|j|\u2606Alu9204\n|j|\u2606Rig0oooo\n|t:|1653392991\n|gametype|singles\n|player|p1|Alu9204|burglar|1522\n|player|p2|Rig0oooo|steven|1499\n|teamsize|p1|6\n|teamsize|p2|6\n|gen|8\n|tier|[Gen 8] National Dex Monotype\n|rated|\n|rule|HP Percentage Mod: HP is shown in percentages\n|rule|Endless Battle Clause: Forcing endless battles is banned\n|rule|Same Type Clause: Pok\u00e9mon in a team must share a type\n|rule|Species Clause: Limit one of each Pok\u00e9mon\n|rule|OHKO Clause: OHKO moves are banned\n|rule|Evasion Moves Clause: Evasion moves are banned\n|rule|Dynamax Clause: You cannot dynamax\n|rule|Sleep Clause Mod: Limit one foe put to sleep\n|clearpoke\n|poke|p1|Infernape, F|\n|poke|p1|Terrakion|\n|poke|p1|Kommo-o, M|\n|poke|p1|Urshifu-*, F|\n|poke|p1|Breloom, F|\n|poke|p1|Gallade, M|\n|poke|p2|Garchomp, F|\n|poke|p2|Kyurem|\n|poke|p2|Kommo-o, F|\n|poke|p2|Altaria, F|\n|poke|p2|Latias, F|\n|poke|p2|Duraludon, M|\n|teampreview\n|inactive|Battle timer is ON: inactive players will automatically lose when time's up. (requested by Alu9204)\n|\n|t:|1653393019\n|start\n|switch|p1a: Infernape|Infernape, F|100\/100\n|switch|p2a: Latias|Latias, F|100\/100\n|turn|1\n|\n|t:|1653393034\n|move|p2a: Latias|Psychic|p1a: Infernape\n|-supereffective|p1a: Infernape\n|-enditem|p1a: Infernape|Focus Sash\n|-damage|p1a: Infernape|1\/100\n|move|p1a: Infernape|Stealth Rock|p2a: Latias\n|-sidestart|p2: Rig0oooo|move: Stealth Rock\n|\n|upkeep\n|turn|2\n|\n|t:|1653393041\n|move|p2a: Latias|Psychic|p1a: Infernape\n|-supereffective|p1a: Infernape\n|-damage|p1a: Infernape|0 fnt\n|faint|p1a: Infernape\n|\n|upkeep\n|\n|t:|1653393046\n|switch|p1a: Terrakion|Terrakion|100\/100\n|turn|3\n|\n|t:|1653393060\n|switch|p2a: Garchomp|Garchomp, F|100\/100\n|-damage|p2a: Garchomp|94\/100|[from] Stealth Rock\n|move|p1a: Terrakion|Megahorn|p2a: Garchomp\n|-damage|p2a: Garchomp|55\/100\n|-damage|p1a: Terrakion|88\/100|[from] ability: Rough Skin|[of] p2a: Garchomp\n|\n|upkeep\n|turn|4\n|\n|t:|1653393068\n|switch|p1a: Urshifu|Urshifu-Rapid-Strike, F|100\/100\n|move|p2a: Garchomp|Earthquake|p1a: Urshifu\n|-damage|p1a: Urshifu|49\/100\n|\n|upkeep\n|turn|5\n|\n|t:|1653393082\n|move|p2a: Garchomp|Earthquake|p1a: Urshifu\n|-damage|p1a: Urshifu|0 fnt\n|faint|p1a: Urshifu\n|\n|upkeep\n|\n|t:|1653393097\n|switch|p1a: Gallade|Gallade, M|100\/100\n|turn|6\n|\n|t:|1653393108\n|detailschange|p1a: Gallade|Gallade-Mega, M\n|-mega|p1a: Gallade|Gallade|Galladite\n|move|p1a: Gallade|Close Combat|p2a: Garchomp\n|-damage|p2a: Garchomp|0 fnt\n|-unboost|p1a: Gallade|def|1\n|-unboost|p1a: Gallade|spd|1\n|-damage|p1a: Gallade|88\/100|[from] ability: Rough Skin|[of] p2a: Garchomp\n|faint|p2a: Garchomp\n|\n|upkeep\n|\n|t:|1653393125\n|switch|p2a: Altaria|Altaria, F|100\/100\n|-damage|p2a: Altaria|76\/100|[from] Stealth Rock\n|turn|7\n|\n|t:|1653393147\n|detailschange|p2a: Altaria|Altaria-Mega, F\n|-mega|p2a: Altaria|Altaria|Altarianite\n|move|p1a: Gallade|Zen Headbutt|p2a: Altaria\n|-damage|p2a: Altaria|17\/100\n|cant|p2a: Altaria|flinch\n|\n|upkeep\n|turn|8\n|\n|t:|1653393155\n|switch|p2a: Latias|Latias, F|100\/100\n|-damage|p2a: Latias|88\/100|[from] Stealth Rock\n|move|p1a: Gallade|Shadow Sneak|p2a: Latias\n|-supereffective|p2a: Latias\n|-damage|p2a: Latias|43\/100\n|\n|upkeep\n|turn|9\n|\n|t:|1653393168\n|switch|p2a: Duraludon|Duraludon, M|100\/100\n|-damage|p2a: Duraludon|94\/100|[from] Stealth Rock\n|move|p1a: Gallade|Shadow Sneak|p2a: Duraludon\n|-damage|p2a: Duraludon|78\/100\n|\n|upkeep\n|turn|10\n|\n|t:|1653393178\n|switch|p1a: Kommo-o|Kommo-o, M|100\/100\n|move|p2a: Duraludon|Draco Meteor|p1a: Kommo-o\n|-supereffective|p1a: Kommo-o\n|-damage|p1a: Kommo-o|0 fnt\n|-unboost|p2a: Duraludon|spa|2\n|faint|p1a: Kommo-o\n|\n|upkeep\n|\n|t:|1653393185\n|switch|p1a: Gallade|Gallade-Mega, M|88\/100\n|turn|11\n|\n|t:|1653393192\n|switch|p2a: Kyurem|Kyurem|100\/100\n|-damage|p2a: Kyurem|76\/100|[from] Stealth Rock\n|-ability|p2a: Kyurem|Pressure\n|move|p1a: Gallade|Swords Dance|p1a: Gallade\n|-boost|p1a: Gallade|atk|2\n|\n|upkeep\n|turn|12\n|\n|t:|1653393201\n|move|p1a: Gallade|Close Combat|p2a: Kyurem\n|-supereffective|p2a: Kyurem\n|-damage|p2a: Kyurem|0 fnt\n|-unboost|p1a: Gallade|def|1\n|-unboost|p1a: Gallade|spd|1\n|faint|p2a: Kyurem\n|\n|upkeep\n|\n|t:|1653393211\n|switch|p2a: Duraludon|Duraludon, M|78\/100\n|-damage|p2a: Duraludon|72\/100|[from] Stealth Rock\n|turn|13\n|\n|t:|1653393215\n|move|p2a: Duraludon|Thunder Wave|p1a: Gallade\n|-status|p1a: Gallade|par\n|cant|p1a: Gallade|par\n|\n|upkeep\n|turn|14\n|\n|t:|1653393228\n|switch|p2a: Latias|Latias, F|43\/100\n|-damage|p2a: Latias|31\/100|[from] Stealth Rock\n|cant|p1a: Gallade|par\n|\n|upkeep\n|turn|15\n|\n|t:|1653393234\n|move|p1a: Gallade|Shadow Sneak|p2a: Latias\n|-supereffective|p2a: Latias\n|-damage|p2a: Latias|0 fnt\n|faint|p2a: Latias\n|\n|upkeep\n|\n|t:|1653393253\n|switch|p2a: Altaria|Altaria-Mega, F|17\/100\n|-damage|p2a: Altaria|5\/100|[from] Stealth Rock\n|turn|16\n|\n|t:|1653393257\n|move|p1a: Gallade|Shadow Sneak|p2a: Altaria\n|-damage|p2a: Altaria|0 fnt\n|faint|p2a: Altaria\n|\n|upkeep\n|\n|t:|1653393260\n|switch|p2a: Kommo-o|Kommo-o, F|100\/100\n|-damage|p2a: Kommo-o|94\/100|[from] Stealth Rock\n|turn|17\n|\n|t:|1653393269\n|-zpower|p2a: Kommo-o\n|move|p2a: Kommo-o|Clangorous Soulblaze|p1a: Gallade|[zeffect]\n|-damage|p1a: Gallade|0 fnt\n|faint|p1a: Gallade\n|-boost|p2a: Kommo-o|atk|1\n|-boost|p2a: Kommo-o|def|1\n|-boost|p2a: Kommo-o|spa|1\n|-boost|p2a: Kommo-o|spd|1\n|-boost|p2a: Kommo-o|spe|1\n|\n|upkeep\n|\n|t:|1653393273\n|switch|p1a: Breloom|Breloom, F|100\/100\n|turn|18\n|\n|t:|1653393279\n|move|p2a: Kommo-o|Flamethrower|p1a: Breloom\n|-supereffective|p1a: Breloom\n|-enditem|p1a: Breloom|Focus Sash\n|-damage|p1a: Breloom|1\/100\n|move|p1a: Breloom|Spore|p2a: Kommo-o\n|-status|p2a: Kommo-o|slp|[from] move: Spore\n|\n|upkeep\n|turn|19\n|\n|t:|1653393287\n|switch|p1a: Terrakion|Terrakion|88\/100\n|cant|p2a: Kommo-o|slp\n|\n|upkeep\n|turn|20\n|\n|t:|1653393291\n|move|p1a: Terrakion|Earthquake|p2a: Kommo-o\n|-damage|p2a: Kommo-o|70\/100 slp\n|-curestatus|p2a: Kommo-o|slp|[msg]\n|move|p2a: Kommo-o|Close Combat|p1a: Terrakion\n|-supereffective|p1a: Terrakion\n|-damage|p1a: Terrakion|0 fnt\n|-unboost|p2a: Kommo-o|def|1\n|-unboost|p2a: Kommo-o|spd|1\n|faint|p1a: Terrakion\n|\n|upkeep\n|\n|t:|1653393295\n|switch|p1a: Breloom|Breloom, F|1\/100\n|turn|21\n|\n|t:|1653393297\n|move|p1a: Breloom|Mach Punch|p2a: Kommo-o\n|-damage|p2a: Kommo-o|35\/100\n|move|p2a: Kommo-o|Flamethrower|p1a: Breloom\n|-supereffective|p1a: Breloom\n|-damage|p1a: Breloom|0 fnt\n|faint|p1a: Breloom\n|\n|win|Rig0oooo\n|raw|Alu9204's rating: 1522 &rarr; <strong>1501<\/strong><br \/>(-21 for losing)\n|raw|Rig0oooo's rating: 1499 &rarr; <strong>1520<\/strong><br \/>(+21 for winning)\n|l|\u2606Alu9204\n|l|\u2606Rig0oooo\n||Ladder isn't responding, score probably updated but might not have (Request timeout).\n","uploadtime":1653393349,"views":6,"p1id":"alu9204","p2id":"rig0oooo","formatid":"gen8nationaldexmonotype","rating":1501,"private":0,"password":null}