{"id":"gen8nationaldex-1591121890","p1":"TestingTesting1","p2":"Ackesh","format":"gen8nationaldex","log":"|j|\u2606TestingTesting1\n|j|\u2606Ackesh\n|t:|1654610454\n|gametype|singles\n|player|p1|TestingTesting1|2|1604\n|player|p2|Ackesh|169|1713\n|teamsize|p1|6\n|teamsize|p2|6\n|gen|8\n|tier|[Gen 8] National Dex\n|rated|\n|rule|HP Percentage Mod: HP is shown in percentages\n|rule|Endless Battle Clause: Forcing endless battles is banned\n|rule|OHKO Clause: OHKO moves are banned\n|rule|Evasion Moves Clause: Evasion moves are banned\n|rule|Species Clause: Limit one of each Pok\u00e9mon\n|rule|Dynamax Clause: You cannot dynamax\n|rule|Sleep Clause Mod: Limit one foe put to sleep\n|clearpoke\n|poke|p1|Blacephalon|\n|poke|p1|Sharpedo, F|\n|poke|p1|Tapu Lele|\n|poke|p1|Gliscor, F|\n|poke|p1|Ferrothorn, F|\n|poke|p1|Rotom-Wash|\n|poke|p2|Victini|\n|poke|p2|Darmanitan, F|\n|poke|p2|Kyurem|\n|poke|p2|Torkoal, F|\n|poke|p2|Landorus-Therian, M|\n|poke|p2|Tapu Bulu|\n|teampreview\n|\n|t:|1654610475\n|start\n|switch|p1a: Gliscor|Gliscor, F|100\/100\n|switch|p2a: Torkoal|Torkoal, F|100\/100\n|-weather|SunnyDay|[from] ability: Drought|[of] p2a: Torkoal\n|turn|1\n|\n|t:|1654610482\n|move|p1a: Gliscor|Swords Dance|p1a: Gliscor\n|-boost|p1a: Gliscor|atk|2\n|move|p2a: Torkoal|Stealth Rock|p1a: Gliscor\n|-sidestart|p1: TestingTesting1|move: Stealth Rock\n|\n|-weather|SunnyDay|[upkeep]\n|-status|p1a: Gliscor|tox|[from] item: Toxic Orb\n|upkeep\n|turn|2\n|\n|t:|1654610491\n|switch|p2a: Landorus|Landorus-Therian, M|100\/100\n|-ability|p2a: Landorus|Intimidate|boost\n|-unboost|p1a: Gliscor|atk|1\n|move|p1a: Gliscor|Earthquake|p2a: Landorus\n|-immune|p2a: Landorus\n|\n|-weather|SunnyDay|[upkeep]\n|upkeep\n|turn|3\n|\n|t:|1654610500\n|move|p1a: Gliscor|Swords Dance|p1a: Gliscor\n|-boost|p1a: Gliscor|atk|2\n|move|p2a: Landorus|U-turn|p1a: Gliscor\n|-resisted|p1a: Gliscor\n|-damage|p1a: Gliscor|92\/100 tox\n|\n|t:|1654610503\n|switch|p2a: Kyurem|Kyurem|100\/100|[from]move: U-turn\n|-ability|p2a: Kyurem|Pressure\n|\n|-weather|SunnyDay|[upkeep]\n|-heal|p1a: Gliscor|100\/100 tox|[from] ability: Poison Heal\n|upkeep\n|turn|4\n|\n|t:|1654610511\n|switch|p1a: Ferrothorn|Ferrothorn, F|100\/100\n|-damage|p1a: Ferrothorn|94\/100|[from] Stealth Rock\n|move|p2a: Kyurem|Freeze-Dry|p1a: Ferrothorn\n|-damage|p1a: Ferrothorn|73\/100\n|\n|-weather|SunnyDay|[upkeep]\n|-heal|p1a: Ferrothorn|79\/100|[from] item: Leftovers\n|upkeep\n|turn|5\n|\n|t:|1654610519\n|move|p2a: Kyurem|Weather Ball|p1a: Ferrothorn\n|-supereffective|p1a: Ferrothorn\n|-damage|p1a: Ferrothorn|0 fnt\n|faint|p1a: Ferrothorn\n|\n|-weather|SunnyDay|[upkeep]\n|upkeep\n|\n|t:|1654610534\n|switch|p1a: Tapu Lele|Tapu Lele|100\/100\n|-damage|p1a: Tapu Lele|88\/100|[from] Stealth Rock\n|-fieldstart|move: Psychic Terrain|[from] ability: Psychic Surge|[of] p1a: Tapu Lele\n|turn|6\n|j| Toxic Facade\n|j| Ragnnis\n|l| Toxic Facade\n|\n|t:|1654610566\n|switch|p2a: Victini|Victini|100\/100\n|move|p1a: Tapu Lele|Moonblast|p2a: Victini\n|-resisted|p2a: Victini\n|-damage|p2a: Victini|74\/100\n|\n|-weather|SunnyDay|[upkeep]\n|upkeep\n|turn|7\n|\n|t:|1654610574\n|switch|p1a: Rotom|Rotom-Wash|100\/100\n|-damage|p1a: Rotom|88\/100|[from] Stealth Rock\n|move|p2a: Victini|U-turn|p1a: Rotom\n|-damage|p1a: Rotom|71\/100\n|\n|t:|1654610580\n|switch|p2a: Kyurem|Kyurem|100\/100|[from]move: U-turn\n|-ability|p2a: Kyurem|Pressure\n|\n|-weather|SunnyDay|[upkeep]\n|-heal|p1a: Rotom|77\/100|[from] item: Leftovers\n|upkeep\n|turn|8\n|-message|TestingTesting1 forfeited.\n|\n|win|Ackesh\n|raw|TestingTesting1's rating: 1604 &rarr; <strong>1590<\/strong><br \/>(-14 for losing)\n|raw|Ackesh's rating: 1713 &rarr; <strong>1727<\/strong><br \/>(+14 for winning)\n|l|\u2606TestingTesting1\n|l| Ragnnis\n||Ladder isn't responding, score probably updated but might not have (Request timeout).\n","uploadtime":1654610585,"views":13,"p1id":"testingtesting1","p2id":"ackesh","formatid":"gen8nationaldex","rating":1590,"private":0,"password":null}