{"id":"gen8ou-1304767944","p1":"DABABYISGOD","p2":"DiameterXtreme","format":"gen8ou","log":"|j|\u203dDABABYISGOD\n|j|\u2606DiameterXtreme\n|t:|1616173544\n|player|p1|DABABYISGOD|xerosic|1603\n|player|p2|DiameterXtreme|jasmine-gen2|1676\n|teamsize|p1|6\n|teamsize|p2|6\n|gametype|singles\n|gen|8\n|tier|[Gen 8] OU\n|rated|\n|clearpoke\n|poke|p1|Dragapult, M|\n|poke|p1|Garchomp, M|\n|poke|p1|Ninetales-Alola, F|\n|poke|p1|Melmetal|\n|poke|p1|Landorus-Therian, M|\n|poke|p1|Volcarona, M|\n|poke|p2|Clefable, M|\n|poke|p2|Reuniclus, M|\n|poke|p2|Salamence, M|\n|poke|p2|Hippowdon, M|\n|poke|p2|Kyurem|\n|poke|p2|Toxapex, F|\n|rule|Sleep Clause Mod: Limit one foe put to sleep\n|rule|Species Clause: Limit one of each Pok\u00e9mon\n|rule|OHKO Clause: OHKO moves are banned\n|rule|Evasion Moves Clause: Evasion moves are banned\n|rule|Endless Battle Clause: Forcing endless battles is banned\n|rule|HP Percentage Mod: HP is shown in percentages\n|rule|Dynamax Clause: You cannot dynamax\n|teampreview\n|j| andrethagiiant\n|inactive|Battle timer is ON: inactive players will automatically lose when time's up. (requested by DABABYISGOD)\n|\n|t:|1616173588\n|start\n|switch|p1a: Volcarona|Volcarona, M|100\/100\n|switch|p2a: Leo|Kyurem|100\/100\n|-ability|p2a: Leo|Pressure\n|turn|1\n|\n|t:|1616173598\n|switch|p2a: Clefable|Clefable, M|100\/100\n|move|p1a: Volcarona|Quiver Dance|p1a: Volcarona\n|-boost|p1a: Volcarona|spa|1\n|-boost|p1a: Volcarona|spd|1\n|-boost|p1a: Volcarona|spe|1\n|\n|upkeep\n|turn|2\n|\n|t:|1616173600\n|move|p1a: Volcarona|Fiery Dance|p2a: Clefable\n|-damage|p2a: Clefable|58\/100\n|move|p2a: Clefable|Calm Mind|p2a: Clefable\n|-boost|p2a: Clefable|spa|1\n|-boost|p2a: Clefable|spd|1\n|\n|-heal|p2a: Clefable|64\/100|[from] item: Leftovers\n|upkeep\n|turn|3\n|\n|t:|1616173604\n|move|p1a: Volcarona|Fiery Dance|p2a: Clefable\n|-damage|p2a: Clefable|37\/100\n|move|p2a: Clefable|Soft-Boiled|p2a: Clefable\n|-heal|p2a: Clefable|87\/100\n|\n|-heal|p2a: Clefable|93\/100|[from] item: Leftovers\n|upkeep\n|turn|4\n|\n|t:|1616173607\n|switch|p1a: Melmetal|Melmetal, shiny|100\/100\n|move|p2a: Clefable|Calm Mind|p2a: Clefable\n|-boost|p2a: Clefable|spa|1\n|-boost|p2a: Clefable|spd|1\n|\n|-heal|p2a: Clefable|99\/100|[from] item: Leftovers\n|upkeep\n|turn|5\n|\n|t:|1616173610\n|switch|p2a: Eros|Salamence, M|100\/100\n|-ability|p2a: Eros|Intimidate|boost\n|-unboost|p1a: Melmetal|atk|1\n|move|p1a: Melmetal|Double Iron Bash|p2a: Eros\n|-damage|p2a: Eros|77\/100\n|-damage|p2a: Eros|54\/100\n|-hitcount|p2a: Eros|2\n|\n|upkeep\n|turn|6\n|\n|t:|1616173617\n|switch|p1a: Ninetales|Ninetales-Alola, F|100\/100\n|-weather|Hail|[from] ability: Snow Warning|[of] p1a: Ninetales\n|move|p2a: Eros|Roost|p2a: Eros\n|-heal|p2a: Eros|100\/100\n|-singleturn|p2a: Eros|move: Roost\n|\n|-weather|Hail|[upkeep]\n|-damage|p2a: Eros|94\/100|[from] Hail\n|upkeep\n|turn|7\n|\n|t:|1616173624\n|switch|p2a: Clefable|Clefable, M|99\/100\n|move|p1a: Ninetales|Aurora Veil|p1a: Ninetales\n|-sidestart|p1: DABABYISGOD|move: Aurora Veil\n|\n|-weather|Hail|[upkeep]\n|-damage|p2a: Clefable|93\/100|[from] Hail\n|-heal|p2a: Clefable|99\/100|[from] item: Leftovers\n|upkeep\n|turn|8\n|\n|t:|1616173630\n|switch|p1a: Melmetal|Melmetal, shiny|100\/100\n|move|p2a: Clefable|Moonblast|p1a: Melmetal\n|-resisted|p1a: Melmetal\n|-damage|p1a: Melmetal|92\/100\n|-unboost|p1a: Melmetal|spa|1\n|\n|-weather|Hail|[upkeep]\n|-damage|p2a: Clefable|93\/100|[from] Hail\n|-damage|p1a: Melmetal|86\/100|[from] Hail\n|-heal|p2a: Clefable|99\/100|[from] item: Leftovers\n|upkeep\n|turn|9\n|\n|t:|1616173650\n|switch|p2a: Eros|Salamence, M|94\/100\n|-ability|p2a: Eros|Intimidate|boost\n|-unboost|p1a: Melmetal|atk|1\n|move|p1a: Melmetal|Toxic|p2a: Eros\n|-status|p2a: Eros|tox\n|\n|-weather|Hail|[upkeep]\n|-damage|p2a: Eros|88\/100 tox|[from] Hail\n|-damage|p1a: Melmetal|80\/100|[from] Hail\n|-damage|p2a: Eros|82\/100 tox|[from] psn\n|upkeep\n|turn|10\n|\n|t:|1616173658\n|switch|p2a: Hippowdon|Hippowdon, M|100\/100\n|-weather|Sandstorm|[from] ability: Sand Stream|[of] p2a: Hippowdon\n|move|p1a: Melmetal|Double Iron Bash|p2a: Hippowdon\n|-damage|p2a: Hippowdon|82\/100\n|-damage|p2a: Hippowdon|64\/100\n|-hitcount|p2a: Hippowdon|2\n|\n|-weather|Sandstorm|[upkeep]\n|-heal|p2a: Hippowdon|70\/100|[from] item: Leftovers\n|upkeep\n|turn|11\n|\n|t:|1616173668\n|move|p2a: Hippowdon|Stealth Rock|p1a: Melmetal\n|-sidestart|p1: DABABYISGOD|move: Stealth Rock\n|move|p1a: Melmetal|Toxic|p2a: Hippowdon\n|-status|p2a: Hippowdon|tox\n|\n|-weather|Sandstorm|[upkeep]\n|-heal|p2a: Hippowdon|76\/100 tox|[from] item: Leftovers\n|-damage|p2a: Hippowdon|70\/100 tox|[from] psn\n|upkeep\n|turn|12\n|\n|t:|1616173676\n|switch|p1a: Landorus|Landorus-Therian, M|100\/100\n|-damage|p1a: Landorus|88\/100|[from] Stealth Rock\n|-ability|p1a: Landorus|Intimidate|boost\n|-unboost|p2a: Hippowdon|atk|1\n|move|p2a: Hippowdon|High Horsepower|p1a: Landorus\n|-immune|p1a: Landorus\n|\n|-weather|Sandstorm|[upkeep]\n|-heal|p2a: Hippowdon|76\/100 tox|[from] item: Leftovers\n|-damage|p2a: Hippowdon|64\/100 tox|[from] psn\n|upkeep\n|turn|13\n|inactive|DABABYISGOD has 120 seconds left.\n|\n|t:|1616173708\n|switch|p2a: Clefable|Clefable, M|99\/100\n|move|p1a: Landorus|Stealth Rock|p2a: Clefable\n|-sidestart|p2: DiameterXtreme|move: Stealth Rock\n|\n|-weather|Sandstorm|[upkeep]\n|-damage|p2a: Clefable|93\/100|[from] Sandstorm\n|-heal|p2a: Clefable|99\/100|[from] item: Leftovers\n|upkeep\n|turn|14\n|\n|t:|1616173712\n|move|p1a: Landorus|Explosion|p2a: Clefable\n|-damage|p2a: Clefable|26\/100\n|faint|p1a: Landorus\n|move|p2a: Clefable|Soft-Boiled|p2a: Clefable\n|-heal|p2a: Clefable|76\/100\n|\n|-weather|none\n|-heal|p2a: Clefable|82\/100|[from] item: Leftovers\n|-sideend|p1: DABABYISGOD|move: Aurora Veil\n|upkeep\n|c|\u2606DiameterXtreme|oops\n|c|\u2606DiameterXtreme|misclick\n|\n|t:|1616173726\n|switch|p1a: Melmetal|Melmetal, shiny|80\/100\n|-damage|p1a: Melmetal|73\/100|[from] Stealth Rock\n|turn|15\n|\n|t:|1616173731\n|switch|p2a: Toxapex|Toxapex, F|100\/100\n|-damage|p2a: Toxapex|88\/100|[from] Stealth Rock\n|move|p1a: Melmetal|Double Iron Bash|p2a: Toxapex\n|-resisted|p2a: Toxapex\n|-damage|p2a: Toxapex|71\/100\n|-resisted|p2a: Toxapex\n|-damage|p2a: Toxapex|54\/100\n|-hitcount|p2a: Toxapex|2\n|\n|-heal|p2a: Toxapex|61\/100|[from] item: Black Sludge\n|upkeep\n|turn|16\n|\n|t:|1616173736\n|move|p1a: Melmetal|Earthquake|p2a: Toxapex\n|-supereffective|p2a: Toxapex\n|-damage|p2a: Toxapex|0 fnt\n|faint|p2a: Toxapex\n|\n|upkeep\n|\n|t:|1616173744\n|switch|p2a: Eros|Salamence, M|82\/100 tox\n|-ability|p2a: Eros|Intimidate|boost\n|-unboost|p1a: Melmetal|atk|1\n|turn|17\n|\n|t:|1616173753\n|switch|p1a: Garchomp|Garchomp, M|100\/100\n|-damage|p1a: Garchomp|94\/100|[from] Stealth Rock\n|move|p2a: Eros|Flamethrower|p1a: Garchomp\n|-resisted|p1a: Garchomp\n|-damage|p1a: Garchomp|82\/100\n|\n|-damage|p2a: Eros|76\/100 tox|[from] psn\n|upkeep\n|turn|18\n|\n|t:|1616173759\n|switch|p2a: Clefable|Clefable, M|82\/100\n|-damage|p2a: Clefable|69\/100|[from] Stealth Rock\n|move|p1a: Garchomp|Earthquake|p2a: Clefable\n|-crit|p2a: Clefable\n|-damage|p2a: Clefable|8\/100\n|\n|-heal|p2a: Clefable|14\/100|[from] item: Leftovers\n|upkeep\n|turn|19\n|\n|t:|1616173769\n|move|p1a: Garchomp|Earthquake|p2a: Clefable\n|-damage|p2a: Clefable|0 fnt\n|faint|p2a: Clefable\n|\n|upkeep\n|\n|t:|1616173771\n|switch|p2a: Leo|Kyurem|100\/100\n|-damage|p2a: Leo|76\/100|[from] Stealth Rock\n|-ability|p2a: Leo|Pressure\n|turn|20\n|\n|t:|1616173777\n|switch|p1a: Ninetales|Ninetales-Alola, F|100\/100\n|-damage|p1a: Ninetales|76\/100|[from] Stealth Rock\n|-weather|Hail|[from] ability: Snow Warning|[of] p1a: Ninetales\n|move|p2a: Leo|Dragon Dance|p2a: Leo\n|-boost|p2a: Leo|atk|1\n|-boost|p2a: Leo|spe|1\n|\n|-weather|Hail|[upkeep]\n|-heal|p2a: Leo|82\/100|[from] item: Leftovers\n|upkeep\n|turn|21\n|\n|t:|1616173785\n|move|p2a: Leo|Substitute|p2a: Leo\n|-start|p2a: Leo|Substitute\n|-damage|p2a: Leo|57\/100\n|move|p1a: Ninetales|Aurora Veil|p1a: Ninetales\n|-sidestart|p1: DABABYISGOD|move: Aurora Veil\n|\n|-weather|Hail|[upkeep]\n|-heal|p2a: Leo|63\/100|[from] item: Leftovers\n|upkeep\n|turn|22\n|\n|t:|1616173787\n|move|p2a: Leo|Dragon Dance|p2a: Leo\n|-boost|p2a: Leo|atk|1\n|-boost|p2a: Leo|spe|1\n|move|p1a: Ninetales|Encore|p2a: Leo\n|-start|p2a: Leo|Encore\n|\n|-weather|Hail|[upkeep]\n|-heal|p2a: Leo|69\/100|[from] item: Leftovers\n|upkeep\n|turn|23\n|\n|t:|1616173789\n|move|p2a: Leo|Dragon Dance|p2a: Leo\n|-boost|p2a: Leo|atk|1\n|-boost|p2a: Leo|spe|1\n|move|p1a: Ninetales|Freeze-Dry|p2a: Leo\n|-activate|p2a: Leo|move: Substitute|[damage]\n|\n|-weather|Hail|[upkeep]\n|-heal|p2a: Leo|75\/100|[from] item: Leftovers\n|upkeep\n|turn|24\n|\n|t:|1616173792\n|move|p2a: Leo|Dragon Dance|p2a: Leo\n|-boost|p2a: Leo|atk|1\n|-boost|p2a: Leo|spe|1\n|move|p1a: Ninetales|Freeze-Dry|p2a: Leo\n|-end|p2a: Leo|Substitute\n|\n|-weather|none\n|-heal|p2a: Leo|81\/100|[from] item: Leftovers\n|upkeep\n|turn|25\n|\n|t:|1616173801\n|move|p2a: Leo|Dragon Dance|p2a: Leo\n|-boost|p2a: Leo|atk|1\n|-boost|p2a: Leo|spe|1\n|move|p1a: Ninetales|Freeze-Dry|p2a: Leo\n|-damage|p2a: Leo|64\/100\n|\n|-heal|p2a: Leo|70\/100|[from] item: Leftovers\n|-end|p2a: Leo|Encore\n|upkeep\n|turn|26\n|\n|t:|1616173809\n|move|p2a: Leo|Icicle Spear|p1a: Ninetales\n|-resisted|p1a: Ninetales\n|-damage|p1a: Ninetales|64\/100\n|-resisted|p1a: Ninetales\n|-damage|p1a: Ninetales|52\/100\n|-resisted|p1a: Ninetales\n|-damage|p1a: Ninetales|39\/100\n|-hitcount|p1a: Ninetales|3\n|move|p1a: Ninetales|Encore|p2a: Leo\n|-start|p2a: Leo|Encore\n|\n|-heal|p2a: Leo|76\/100|[from] item: Leftovers\n|upkeep\n|turn|27\n|\n|t:|1616173817\n|move|p2a: Leo|Icicle Spear|p1a: Ninetales\n|-resisted|p1a: Ninetales\n|-damage|p1a: Ninetales|28\/100\n|-resisted|p1a: Ninetales\n|-crit|p1a: Ninetales\n|-damage|p1a: Ninetales|0 fnt\n|-hitcount|p1a: Ninetales|2\n|faint|p1a: Ninetales\n|\n|-heal|p2a: Leo|82\/100|[from] item: Leftovers\n|upkeep\n|\n|t:|1616173819\n|switch|p1a: Melmetal|Melmetal, shiny|73\/100\n|-damage|p1a: Melmetal|67\/100|[from] Stealth Rock\n|turn|28\n|\n|t:|1616173827\n|move|p2a: Leo|Icicle Spear|p1a: Melmetal\n|-resisted|p1a: Melmetal\n|-damage|p1a: Melmetal|62\/100\n|-resisted|p1a: Melmetal\n|-damage|p1a: Melmetal|57\/100\n|-hitcount|p1a: Melmetal|2\n|move|p1a: Melmetal|Double Iron Bash|p2a: Leo\n|-supereffective|p2a: Leo\n|-damage|p2a: Leo|8\/100\n|-supereffective|p2a: Leo\n|-damage|p2a: Leo|0 fnt\n|-hitcount|p2a: Leo|2\n|faint|p2a: Leo\n|\n|-sideend|p1: DABABYISGOD|move: Aurora Veil\n|upkeep\n|-message|DiameterXtreme forfeited.\n|\n|win|DABABYISGOD\n|l|\u2606DiameterXtreme\n|raw|DABABYISGOD's rating: 1604 &rarr; <strong>1628<\/strong><br \/>(+24 for winning)\n|raw|DiameterXtreme's rating: 1676 &rarr; <strong>1652<\/strong><br \/>(-24 for losing)\n||Ladder isn't responding, score probably updated but might not have (Request timeout).\n","uploadtime":1616173838,"views":28,"p1id":"dababyisgod","p2id":"diameterxtreme","formatid":"gen8ou","rating":1628,"private":0,"password":null}