{"id":"gen8pu-1503057065","p1":"Ivyon","p2":"Uberfiend","format":"gen8pu","log":"|j|\u2606Ivyon\n|j|\u2606Uberfiend\n|t:|1643817591\n|gametype|singles\n|player|p1|Ivyon|blue|1186\n|player|p2|Uberfiend|pokefan-gen4|1345\n|teamsize|p1|6\n|teamsize|p2|6\n|gen|8\n|tier|[Gen 8] PU\n|rated|\n|rule|Sleep Clause Mod: Limit one foe put to sleep\n|rule|Species Clause: Limit one of each Pok\u00e9mon\n|rule|OHKO Clause: OHKO moves are banned\n|rule|Evasion Moves Clause: Evasion moves are banned\n|rule|Endless Battle Clause: Forcing endless battles is banned\n|rule|HP Percentage Mod: HP is shown in percentages\n|rule|Dynamax Clause: You cannot dynamax\n|clearpoke\n|poke|p1|Jolteon, M|\n|poke|p1|Lycanroc, M|\n|poke|p1|Cofagrigus, M|\n|poke|p1|Rotom-Fan|\n|poke|p1|Malamar, M|\n|poke|p1|Swoobat, M|\n|poke|p2|Archeops, F|\n|poke|p2|Druddigon, M|\n|poke|p2|Accelgor, M|\n|poke|p2|Whimsicott, M|\n|poke|p2|Gourgeist-*, M|\n|poke|p2|Hitmontop, M|\n|teampreview\n|\n|t:|1643817600\n|start\n|switch|p1a: Lycanroc|Lycanroc, M, shiny|100\/100\n|switch|p2a: Gourgeist|Gourgeist, M|100\/100\n|-item|p1a: Lycanroc|Focus Sash|[from] ability: Frisk|[of] p2a: Gourgeist|[identify]\n|turn|1\n|\n|t:|1643817605\n|switch|p2a: Druddigon|Druddigon, M|100\/100\n|-ability|p2a: Druddigon|Mold Breaker\n|move|p1a: Lycanroc|Taunt|p2a: Druddigon\n|-start|p2a: Druddigon|move: Taunt\n|-enditem|p2a: Druddigon|Mental Herb\n|-end|p2a: Druddigon|move: Taunt\n|\n|upkeep\n|turn|2\n|\n|t:|1643817614\n|move|p1a: Lycanroc|Stealth Rock|p2a: Druddigon\n|-sidestart|p2: Uberfiend|move: Stealth Rock\n|move|p2a: Druddigon|Dragon Tail|p1a: Lycanroc\n|-damage|p1a: Lycanroc|48\/100\n|drag|p1a: Jolteon|Jolteon, M|100\/100\n|\n|upkeep\n|turn|3\n|\n|t:|1643817622\n|move|p1a: Jolteon|Volt Switch|p2a: Druddigon\n|-resisted|p2a: Druddigon\n|-damage|p2a: Druddigon|71\/100\n|\n|t:|1643817625\n|switch|p1a: Rotom|Rotom-Fan, shiny|100\/100|[from]move: Volt Switch\n|move|p2a: Druddigon|Glare|p1a: Rotom\n|-immune|p1a: Rotom\n|\n|upkeep\n|turn|4\n|\n|t:|1643817630\n|move|p1a: Rotom|Will-O-Wisp|p2a: Druddigon\n|-status|p2a: Druddigon|brn\n|move|p2a: Druddigon|Earthquake|p1a: Rotom\n|-immune|p1a: Rotom\n|\n|-damage|p2a: Druddigon|65\/100 brn|[from] brn\n|upkeep\n|turn|5\n|\n|t:|1643817635\n|move|p1a: Rotom|Air Slash|p2a: Druddigon|[miss]\n|-miss|p1a: Rotom|p2a: Druddigon\n|move|p2a: Druddigon|Earthquake|p1a: Rotom\n|-immune|p1a: Rotom\n|\n|-damage|p2a: Druddigon|59\/100 brn|[from] brn\n|upkeep\n|turn|6\n|\n|t:|1643817638\n|move|p1a: Rotom|Air Slash|p2a: Druddigon\n|-damage|p2a: Druddigon|26\/100 brn\n|move|p2a: Druddigon|Dragon Tail|p1a: Rotom\n|-damage|p1a: Rotom|88\/100\n|drag|p1a: Lycanroc|Lycanroc, M, shiny|48\/100\n|\n|-damage|p2a: Druddigon|19\/100 brn|[from] brn\n|upkeep\n|turn|7\n|\n|t:|1643817646\n|move|p1a: Lycanroc|Stone Edge|p2a: Druddigon\n|-damage|p2a: Druddigon|0 fnt\n|faint|p2a: Druddigon\n|\n|upkeep\n|\n|t:|1643817655\n|switch|p2a: Gourgeist|Gourgeist, M|100\/100\n|-damage|p2a: Gourgeist|88\/100|[from] Stealth Rock\n|-item|p1a: Lycanroc|Focus Sash|[from] ability: Frisk|[of] p2a: Gourgeist|[identify]\n|turn|8\n|\n|t:|1643817664\n|switch|p1a: Rotom|Rotom-Fan, shiny|88\/100\n|move|p2a: Gourgeist|Poltergeist|p1a: Rotom\n|-activate|p1a: Rotom|move: Poltergeist|Heavy-Duty Boots\n|-damage|p1a: Rotom|49\/100\n|\n|upkeep\n|turn|9\n|\n|t:|1643817679\n|switch|p2a: Whimsicott|Whimsicott, M|100\/100\n|-damage|p2a: Whimsicott|88\/100|[from] Stealth Rock\n|move|p1a: Rotom|Will-O-Wisp|p2a: Whimsicott\n|-status|p2a: Whimsicott|brn\n|\n|-damage|p2a: Whimsicott|82\/100 brn|[from] brn\n|upkeep\n|turn|10\n|\n|t:|1643817682\n|move|p2a: Whimsicott|Moonblast|p1a: Rotom\n|-damage|p1a: Rotom|0 fnt\n|faint|p1a: Rotom\n|-damage|p2a: Whimsicott|72\/100 brn|[from] item: Life Orb\n|\n|-damage|p2a: Whimsicott|66\/100 brn|[from] brn\n|upkeep\n|\n|t:|1643817687\n|switch|p1a: Swoobat|Swoobat, M|100\/100\n|turn|11\n|\n|t:|1643817695\n|move|p2a: Whimsicott|Nature Power|p1a: Swoobat\n|move|p2a: Whimsicott|Tri Attack|p1a: Swoobat|[from]move: Nature Power\n|-damage|p1a: Swoobat|45\/100\n|-damage|p2a: Whimsicott|56\/100 brn|[from] item: Life Orb\n|move|p1a: Swoobat|Air Slash|p2a: Whimsicott\n|-supereffective|p2a: Whimsicott\n|-damage|p2a: Whimsicott|0 fnt\n|faint|p2a: Whimsicott\n|\n|upkeep\n|\n|t:|1643817702\n|switch|p2a: Gourgeist|Gourgeist, M|88\/100\n|-damage|p2a: Gourgeist|75\/100|[from] Stealth Rock\n|-item|p1a: Swoobat|Focus Sash|[from] ability: Frisk|[of] p2a: Gourgeist|[identify]\n|turn|12\n|\n|t:|1643817708\n|move|p2a: Gourgeist|Poltergeist|p1a: Swoobat|[miss]\n|-miss|p2a: Gourgeist|p1a: Swoobat\n|move|p1a: Swoobat|Air Slash|p2a: Gourgeist\n|-supereffective|p2a: Gourgeist\n|-damage|p2a: Gourgeist|0 fnt\n|faint|p2a: Gourgeist\n|\n|upkeep\n|\n|t:|1643817712\n|switch|p2a: Hitmontop|Hitmontop, M|100\/100\n|-damage|p2a: Hitmontop|95\/100|[from] Stealth Rock\n|turn|13\n|\n|t:|1643817717\n|move|p1a: Swoobat|Air Slash|p2a: Hitmontop\n|-supereffective|p2a: Hitmontop\n|-damage|p2a: Hitmontop|49\/100\n|move|p2a: Hitmontop|Triple Axel|p1a: Swoobat\n|-supereffective|p1a: Swoobat\n|-damage|p1a: Swoobat|8\/100\n|-hitcount|p1a: Swoobat|1\n|\n|upkeep\n|turn|14\n|\n|t:|1643817726\n|move|p2a: Hitmontop|Mach Punch|p1a: Swoobat\n|-resisted|p1a: Swoobat\n|-damage|p1a: Swoobat|0 fnt\n|faint|p1a: Swoobat\n|\n|upkeep\n|\n|t:|1643817730\n|switch|p1a: Jolteon|Jolteon, M|100\/100\n|turn|15\n|\n|t:|1643817735\n|move|p1a: Jolteon|Volt Switch|p2a: Hitmontop\n|-damage|p2a: Hitmontop|18\/100\n|\n|t:|1643817745\n|switch|p1a: Cofagrigus|Cofagrigus, M, shiny|100\/100|[from]move: Volt Switch\n|move|p2a: Hitmontop|Rapid Spin|p1a: Cofagrigus\n|-immune|p1a: Cofagrigus\n|\n|upkeep\n|turn|16\n|\n|t:|1643817749\n|move|p2a: Hitmontop|Triple Axel|p1a: Cofagrigus|[miss]\n|-miss|p2a: Hitmontop|p1a: Cofagrigus\n|move|p1a: Cofagrigus|Iron Defense|p1a: Cofagrigus\n|-boost|p1a: Cofagrigus|def|2\n|\n|upkeep\n|turn|17\n|c|\u2606Ivyon|man sorry for the hax\n|\n|t:|1643817758\n|move|p2a: Hitmontop|Triple Axel|p1a: Cofagrigus|[miss]\n|-miss|p2a: Hitmontop|p1a: Cofagrigus\n|move|p1a: Cofagrigus|Iron Defense|p1a: Cofagrigus\n|-boost|p1a: Cofagrigus|def|2\n|\n|upkeep\n|turn|18\n|c|\u2606Ivyon|wtf\n|\n|t:|1643817764\n|move|p2a: Hitmontop|Triple Axel|p1a: Cofagrigus\n|-damage|p1a: Cofagrigus|98\/100\n|-activate|p1a: Cofagrigus|ability: Mummy|Technician|[of] p2a: Hitmontop\n|-damage|p1a: Cofagrigus|95\/100\n|-damage|p1a: Cofagrigus|89\/100\n|-hitcount|p1a: Cofagrigus|3\n|move|p1a: Cofagrigus|Body Press|p2a: Hitmontop\n|-crit|p2a: Hitmontop\n|-damage|p2a: Hitmontop|0 fnt\n|faint|p2a: Hitmontop\n|\n|-heal|p1a: Cofagrigus|95\/100|[from] item: Leftovers\n|upkeep\n|c|\u2606Uberfiend|Christ doing his best\n|c|\u2606Ivyon|xDDDDDDDDD\n|\n|t:|1643817774\n|switch|p2a: Archeops|Archeops, F|100\/100\n|-damage|p2a: Archeops|76\/100|[from] Stealth Rock\n|turn|19\n|c|\u2606Ivyon|LMAO\n|\n|t:|1643817785\n|move|p2a: Archeops|Meteor Beam||[still]\n|-prepare|p2a: Archeops|Meteor Beam\n|-boost|p2a: Archeops|spa|1\n|-enditem|p2a: Archeops|Power Herb\n|-anim|p2a: Archeops|Meteor Beam|p1a: Cofagrigus\n|-damage|p1a: Cofagrigus|37\/100\n|move|p1a: Cofagrigus|Body Press|p2a: Archeops\n|-damage|p2a: Archeops|0 fnt\n|faint|p2a: Archeops\n|\n|-heal|p1a: Cofagrigus|43\/100|[from] item: Leftovers\n|upkeep\n|\n|t:|1643817787\n|switch|p2a: Accelgor|Accelgor, M|100\/100\n|-damage|p2a: Accelgor|76\/100|[from] Stealth Rock\n|turn|20\n|\n|t:|1643817791\n|move|p2a: Accelgor|Bug Buzz|p1a: Cofagrigus\n|-resisted|p1a: Cofagrigus\n|-damage|p1a: Cofagrigus|26\/100\n|-enditem|p2a: Accelgor|Throat Spray\n|-boost|p2a: Accelgor|spa|1|[from] item: Throat Spray\n|move|p1a: Cofagrigus|Body Press|p2a: Accelgor\n|-resisted|p2a: Accelgor\n|-damage|p2a: Accelgor|1\/100\n|\n|-heal|p1a: Cofagrigus|32\/100|[from] item: Leftovers\n|upkeep\n|turn|21\n|\n|t:|1643817801\n|move|p2a: Accelgor|Energy Ball|p1a: Cofagrigus\n|-damage|p1a: Cofagrigus|0 fnt\n|faint|p1a: Cofagrigus\n|\n|upkeep\n|\n|t:|1643817809\n|switch|p1a: Jolteon|Jolteon, M|100\/100\n|turn|22\n|\n|t:|1643817812\n|move|p2a: Accelgor|Bug Buzz|p1a: Jolteon\n|-damage|p1a: Jolteon|13\/100\n|move|p1a: Jolteon|Volt Switch|p2a: Accelgor\n|-damage|p2a: Accelgor|0 fnt\n|faint|p2a: Accelgor\n|\n|win|Ivyon\n|raw|Ivyon's rating: 1186 &rarr; <strong>1222<\/strong><br \/>(+36 for winning)\n|raw|Uberfiend's rating: 1345 &rarr; <strong>1316<\/strong><br \/>(-29 for losing)\n|c|\u2606Ivyon|gg thanks for the laugh x)\n|c|\u2606Uberfiend|U2\n|l|\u2606Uberfiend\n||Ladder isn't responding, score probably updated but might not have (Request timeout).\n","uploadtime":1643817832,"views":14,"p1id":"ivyon","p2id":"uberfiend","formatid":"gen8pu","rating":1222,"private":0,"password":null}