{"id":"gen8monotype-1566054415","p1":"xskelly34","p2":"hackmonscup=skill","format":"gen8monotype","log":"|j|\u2606xskelly34\n|j|\u2606hackmonscup=skill\n|inactive|Battle timer is ON: inactive players will automatically lose when time's up.\n|t:|1651506817\n|gametype|singles\n|player|p1|xskelly34|bugsy|\n|player|p2|hackmonscup=skill|blackbelt-gen4dp|\n|teamsize|p1|6\n|teamsize|p2|6\n|gen|8\n|tier|[Gen 8] Monotype\n|rated|Tournament battle\n|rule|Same Type Clause: Pok\u00e9mon in a team must share a type\n|rule|Sleep Clause Mod: Limit one foe put to sleep\n|rule|Species Clause: Limit one of each Pok\u00e9mon\n|rule|OHKO Clause: OHKO moves are banned\n|rule|Evasion Moves Clause: Evasion moves are banned\n|rule|Endless Battle Clause: Forcing endless battles is banned\n|rule|HP Percentage Mod: HP is shown in percentages\n|rule|Dynamax Clause: You cannot dynamax\n|clearpoke\n|poke|p1|Froslass, F|\n|poke|p1|Mimikyu, M|\n|poke|p1|Aegislash, M|\n|poke|p1|Spectrier|\n|poke|p1|Blacephalon|\n|poke|p1|Dragapult, M|\n|poke|p2|Celesteela|\n|poke|p2|Heatran, F|\n|poke|p2|Aegislash, M|\n|poke|p2|Ferrothorn, M|\n|poke|p2|Melmetal|\n|poke|p2|Excadrill, M|\n|teampreview\n|j|*Lady Monita \u273f\n|j| BB-8-NU\n|j| Capt. Jack Rackham\n|j| YoMommasDischarge\n|j| envi kevin\n|j| A-sepower\n|j| guave\n|j| singla41\n|inactive|hackmonscup=skill has 120 seconds left.\n|j| JojoArtemis\n|j| xviiiz\n|\n|t:|1651506865\n|start\n|switch|p1a: Froslass|Froslass, F|100\/100\n|switch|p2a: Melmetal|Melmetal, shiny|100\/100\n|turn|1\n|j| NemesisOP69\n|j| WeazyLillie\n|j| chocojrv\n|\n|t:|1651506879\n|move|p1a: Froslass|Will-O-Wisp|p2a: Melmetal\n|-status|p2a: Melmetal|brn\n|move|p2a: Melmetal|Double Iron Bash|p1a: Froslass\n|-supereffective|p1a: Froslass\n|-damage|p1a: Froslass|46\/100\n|-supereffective|p1a: Froslass\n|-damage|p1a: Froslass|0 fnt\n|faint|p1a: Froslass\n|-hitcount|p1: Froslass|2\n|\n|-damage|p2a: Melmetal|94\/100 brn|[from] brn\n|upkeep\n|l| A-sepower\n|\n|t:|1651506890\n|switch|p1a: Dragapult|Dragapult, M|100\/100\n|turn|2\n|\n|t:|1651506894\n|move|p1a: Dragapult|Substitute|p1a: Dragapult\n|-start|p1a: Dragapult|Substitute\n|-damage|p1a: Dragapult|76\/100\n|move|p2a: Melmetal|Double Iron Bash|p1a: Dragapult\n|-end|p1a: Dragapult|Substitute\n|-damage|p1a: Dragapult|48\/100\n|-hitcount|p1a: Dragapult|2\n|\n|-heal|p1a: Dragapult|53\/100|[from] item: Leftovers\n|-damage|p2a: Melmetal|88\/100 brn|[from] brn\n|upkeep\n|turn|3\n|\n|t:|1651506899\n|switch|p1a: Aegislash|Aegislash, M|100\/100\n|move|p2a: Melmetal|Double Iron Bash|p1a: Aegislash\n|-resisted|p1a: Aegislash\n|-damage|p1a: Aegislash|91\/100\n|-resisted|p1a: Aegislash\n|-damage|p1a: Aegislash|80\/100\n|-hitcount|p1a: Aegislash|2\n|\n|-damage|p2a: Melmetal|82\/100 brn|[from] brn\n|upkeep\n|turn|4\n|l| YoMommasDischarge\n|\n|t:|1651506911\n|switch|p2a: Aegislash|Aegislash, M|100\/100\n|move|p1a: Aegislash|Swords Dance|p1a: Aegislash\n|-boost|p1a: Aegislash|atk|2\n|\n|upkeep\n|turn|5\n|\n|t:|1651506917\n|-formechange|p1a: Aegislash|Aegislash-Blade||[from] ability: Stance Change\n|move|p1a: Aegislash|Shadow Sneak|p2a: Aegislash\n|-supereffective|p2a: Aegislash\n|-damage|p2a: Aegislash|28\/100\n|-formechange|p2a: Aegislash|Aegislash-Blade||[from] ability: Stance Change\n|move|p2a: Aegislash|Shadow Ball|p1a: Aegislash\n|-supereffective|p1a: Aegislash\n|-damage|p1a: Aegislash|0 fnt\n|faint|p1a: Aegislash\n|\n|-heal|p2a: Aegislash|34\/100|[from] item: Leftovers\n|upkeep\n|\n|t:|1651506927\n|switch|p1a: Spectrier|Spectrier|100\/100\n|turn|6\n|\n|t:|1651506935\n|switch|p2a: Celesteela|Celesteela, shiny|100\/100\n|move|p1a: Spectrier|Shadow Ball|p2a: Celesteela\n|-damage|p2a: Celesteela|62\/100\n|\n|upkeep\n|turn|7\n|\n|t:|1651506942\n|move|p1a: Spectrier|Shadow Ball|p2a: Celesteela\n|-damage|p2a: Celesteela|21\/100\n|move|p2a: Celesteela|Flash Cannon|p1a: Spectrier\n|-damage|p1a: Spectrier|55\/100\n|-unboost|p1a: Spectrier|spd|1\n|\n|upkeep\n|turn|8\n|j| PokeArt2004\u2764\n|\n|t:|1651506946\n|move|p1a: Spectrier|Shadow Ball|p2a: Celesteela\n|-damage|p2a: Celesteela|0 fnt\n|faint|p2a: Celesteela\n|-ability|p1a: Spectrier|Grim Neigh|boost\n|-boost|p1a: Spectrier|spa|1\n|\n|upkeep\n|\n|t:|1651506948\n|switch|p2a: Melmetal|Melmetal, shiny|82\/100 brn\n|turn|9\n|\n|t:|1651506950\n|move|p1a: Spectrier|Shadow Ball|p2a: Melmetal\n|-damage|p2a: Melmetal|13\/100 brn\n|move|p2a: Melmetal|Double Iron Bash|p1a: Spectrier\n|-damage|p1a: Spectrier|23\/100\n|-damage|p1a: Spectrier|0 fnt\n|faint|p1a: Spectrier\n|-hitcount|p1: Spectrier|2\n|\n|-damage|p2a: Melmetal|7\/100 brn|[from] brn\n|upkeep\n|\n|t:|1651506955\n|switch|p1a: Blacephalon|Blacephalon|100\/100\n|turn|10\n|\n|t:|1651506959\n|move|p1a: Blacephalon|Shadow Ball|p2a: Melmetal\n|-crit|p2a: Melmetal\n|-damage|p2a: Melmetal|0 fnt\n|faint|p2a: Melmetal\n|-ability|p1a: Blacephalon|Beast Boost|boost\n|-boost|p1a: Blacephalon|spa|1\n|\n|upkeep\n|j| fearlessgod\n|\n|t:|1651506964\n|switch|p2a: Heatran|Heatran, F|100\/100\n|-item|p2a: Heatran|Air Balloon\n|turn|11\n|\n|t:|1651506976\n|move|p1a: Blacephalon|Shadow Ball|p2a: Heatran\n|-damage|p2a: Heatran|47\/100\n|-enditem|p2a: Heatran|Air Balloon\n|move|p2a: Heatran|Earth Power|p1a: Blacephalon\n|-supereffective|p1a: Blacephalon\n|-damage|p1a: Blacephalon|0 fnt\n|faint|p1a: Blacephalon\n|\n|upkeep\n|\n|t:|1651506987\n|switch|p1a: Dragapult|Dragapult, M|53\/100\n|turn|12\n|\n|t:|1651506995\n|move|p1a: Dragapult|Phantom Force||[still]\n|-prepare|p1a: Dragapult|Phantom Force\n|move|p2a: Heatran|Flash Cannon|p1a: Dragapult|[miss]\n|-miss|p2a: Heatran|p1a: Dragapult\n|\n|-heal|p1a: Dragapult|59\/100|[from] item: Leftovers\n|upkeep\n|turn|13\n|\n|t:|1651507002\n|move|p1a: Dragapult|Phantom Force|p2a: Heatran|[from]lockedmove\n|-damage|p2a: Heatran|9\/100\n|move|p2a: Heatran|Flash Cannon|p1a: Dragapult\n|-damage|p1a: Dragapult|0 fnt\n|faint|p1a: Dragapult\n|\n|upkeep\n|\n|t:|1651507005\n|switch|p1a: Mimikyu|Mimikyu, M|100\/100\n|turn|14\n|j| Sadiq Khan\n|\n|t:|1651507013\n|move|p1a: Mimikyu|Shadow Sneak|p2a: Heatran\n|-damage|p2a: Heatran|0 fnt\n|faint|p2a: Heatran\n|-damage|p1a: Mimikyu|91\/100|[from] item: Life Orb\n|\n|upkeep\n|\n|t:|1651507016\n|switch|p2a: Excadrill|Excadrill, M, shiny|100\/100\n|-ability|p2a: Excadrill|Mold Breaker\n|turn|15\n|\n|t:|1651507023\n|move|p1a: Mimikyu|Drain Punch|p2a: Excadrill\n|-supereffective|p2a: Excadrill\n|-damage|p2a: Excadrill|27\/100\n|-heal|p1a: Mimikyu|100\/100|[from] drain|[of] p2a: Excadrill\n|-damage|p1a: Mimikyu|91\/100|[from] item: Life Orb\n|move|p2a: Excadrill|Earthquake|p1a: Mimikyu\n|-damage|p1a: Mimikyu|1\/100\n|\n|upkeep\n|turn|16\n|\n|t:|1651507029\n|switch|p2a: Aegislash|Aegislash, M|34\/100\n|move|p1a: Mimikyu|Drain Punch|p2a: Aegislash\n|-immune|p2a: Aegislash\n|\n|-heal|p2a: Aegislash|41\/100|[from] item: Leftovers\n|upkeep\n|turn|17\n|\n|t:|1651507033\n|move|p1a: Mimikyu|Shadow Sneak|p2a: Aegislash\n|-supereffective|p2a: Aegislash\n|-damage|p2a: Aegislash|9\/100\n|-damage|p1a: Mimikyu|0 fnt|[from] item: Life Orb\n|faint|p1a: Mimikyu\n|\n|win|hackmonscup=skill\n|n|\u2606xskelly34|xskelly34\n|n|\u2606hackmonscup=skill|hackmonscupskill\n|n|*Lady Monita \u273f|ladymonita\n|n| BB-8-NU|bb8nu\n|n| Capt. Jack Rackham|captjackrackham\n|n| envi kevin|envikevin\n|n| guave|guave\n|n| singla41|singla41\n|n| JojoArtemis|jojoartemis\n|n| xviiiz|xviiiz\n|n| NemesisOP69|nemesisop69\n|n| WeazyLillie|weazylillie\n|n| chocojrv|chocojrv\n|n| PokeArt2004\u2764|pokeart2004\n|n| fearlessgod|fearlessgod\n|n| Sadiq Khan|sadiqkhan\n","uploadtime":1651507033,"views":4,"p1id":"xskelly34","p2id":"hackmonscupskill","formatid":"gen8monotype","rating":0,"private":0,"password":null}