{"id":"gen8nu-1610783802","p1":"xasah\u2764bae","p2":"Didi Le Di","format":"gen8nu","log":"|j|\u2606xasah\u2764bae\n|j|\u2606Didi Le Di\n|inactive|Battle timer is ON: inactive players will automatically lose when time's up.\n|t:|1657029960\n|gametype|singles\n|player|p1|xasah\u2764bae|2|\n|player|p2|Didi Le Di|2|\n|teamsize|p1|6\n|teamsize|p2|6\n|gen|8\n|tier|[Gen 8] NU\n|rated|Tournament battle\n|rule|Sleep Clause Mod: Limit one foe put to sleep\n|rule|Species Clause: Limit one of each Pok\u00e9mon\n|rule|OHKO Clause: OHKO moves are banned\n|rule|Evasion Moves Clause: Evasion moves are banned\n|rule|Endless Battle Clause: Forcing endless battles is banned\n|rule|HP Percentage Mod: HP is shown in percentages\n|rule|Dynamax Clause: You cannot dynamax\n|clearpoke\n|poke|p1|Aerodactyl, F|\n|poke|p1|Xatu, F|\n|poke|p1|Glastrier|\n|poke|p1|Decidueye, F|\n|poke|p1|Salazzle, F|\n|poke|p1|Blastoise, F|\n|poke|p2|Diancie|\n|poke|p2|Blastoise, M|\n|poke|p2|Xatu, F|\n|poke|p2|Drapion, M|\n|poke|p2|Passimian, F|\n|poke|p2|Mudsdale, F|\n|teampreview\n|j|*Lady Monita \u2600\n|inactive|xasah\u2764bae has 120 seconds left.\n|inactive|xasah\u2764bae has 90 seconds left.\n|\n|t:|1657030023\n|start\n|switch|p1a: Aerodactyl|Aerodactyl, F|100\/100\n|switch|p2a: Diancie|Diancie|100\/100\n|turn|1\n|\n|t:|1657030036\n|move|p1a: Aerodactyl|Earthquake|p2a: Diancie\n|-supereffective|p2a: Diancie\n|-damage|p2a: Diancie|49\/100\n|move|p2a: Diancie|Diamond Storm|p1a: Aerodactyl\n|-supereffective|p1a: Aerodactyl\n|-enditem|p1a: Aerodactyl|Focus Sash\n|-damage|p1a: Aerodactyl|1\/100\n|-boost|p2a: Diancie|def|2\n|\n|-heal|p2a: Diancie|55\/100|[from] item: Leftovers\n|upkeep\n|turn|2\n|\n|t:|1657030047\n|switch|p2a: Xatu|Xatu, F|100\/100\n|move|p1a: Aerodactyl|Taunt|p2a: Xatu\n|move|p2a: Xatu|Taunt|p1a: Aerodactyl|[from]ability: Magic Bounce\n|-start|p1a: Aerodactyl|move: Taunt\n|\n|upkeep\n|turn|3\n|\n|t:|1657030052\n|switch|p2a: Diancie|Diancie|55\/100\n|move|p1a: Aerodactyl|Rock Blast|p2a: Diancie\n|-damage|p2a: Diancie|46\/100\n|-damage|p2a: Diancie|36\/100\n|-hitcount|p2a: Diancie|2\n|\n|-heal|p2a: Diancie|43\/100|[from] item: Leftovers\n|upkeep\n|turn|4\n|\n|t:|1657030060\n|switch|p2a: Mudsdale|Mudsdale, F|100\/100\n|move|p1a: Aerodactyl|Earthquake|p2a: Mudsdale\n|-damage|p2a: Mudsdale|80\/100\n|-ability|p2a: Mudsdale|Stamina|boost\n|-boost|p2a: Mudsdale|def|1\n|\n|-heal|p2a: Mudsdale|87\/100|[from] item: Leftovers\n|upkeep\n|turn|5\n|\n|t:|1657030071\n|switch|p1a: Xatu|Xatu, F|100\/100\n|move|p2a: Mudsdale|Smack Down|p1a: Xatu\n|-supereffective|p1a: Xatu\n|-damage|p1a: Xatu|72\/100\n|-start|p1a: Xatu|Smack Down\n|\n|-heal|p2a: Mudsdale|93\/100|[from] item: Leftovers\n|upkeep\n|turn|6\n|\n|t:|1657030080\n|switch|p2a: Diancie|Diancie|43\/100\n|move|p1a: Xatu|Teleport|p1a: Xatu\n|\n|t:|1657030082\n|switch|p1a: Aerodactyl|Aerodactyl, F|1\/100|[from]move: Teleport\n|\n|-heal|p2a: Diancie|49\/100|[from] item: Leftovers\n|upkeep\n|turn|7\n|\n|t:|1657030085\n|move|p1a: Aerodactyl|Earthquake|p2a: Diancie\n|-supereffective|p2a: Diancie\n|-damage|p2a: Diancie|1\/100\n|move|p2a: Diancie|Body Press|p1a: Aerodactyl\n|-damage|p1a: Aerodactyl|0 fnt\n|faint|p1a: Aerodactyl\n|\n|-heal|p2a: Diancie|7\/100|[from] item: Leftovers\n|upkeep\n|\n|t:|1657030094\n|switch|p1a: Decidueye|Decidueye, F|100\/100\n|turn|8\n|\n|t:|1657030104\n|move|p1a: Decidueye|Swords Dance|p1a: Decidueye\n|-boost|p1a: Decidueye|atk|2\n|move|p2a: Diancie|Diamond Storm|p1a: Decidueye\n|-damage|p1a: Decidueye|51\/100\n|\n|-heal|p2a: Diancie|13\/100|[from] item: Leftovers\n|upkeep\n|turn|9\n|\n|t:|1657030114\n|move|p1a: Decidueye|Leaf Blade|p2a: Diancie\n|-supereffective|p2a: Diancie\n|-damage|p2a: Diancie|0 fnt\n|faint|p2a: Diancie\n|\n|upkeep\n|\n|t:|1657030124\n|switch|p2a: Drapion|Drapion, M|100\/100\n|turn|10\n|\n|t:|1657030128\n|move|p1a: Decidueye|Shadow Sneak|p2a: Drapion\n|-resisted|p2a: Drapion\n|-damage|p2a: Drapion|74\/100\n|move|p2a: Drapion|Knock Off|p1a: Decidueye\n|-supereffective|p1a: Decidueye\n|-damage|p1a: Decidueye|0 fnt\n|-enditem|p1a: Decidueye|Spell Tag|[from] move: Knock Off|[of] p2a: Drapion\n|faint|p1a: Decidueye\n|\n|-heal|p2a: Drapion|80\/100|[from] item: Black Sludge\n|upkeep\n|\n|t:|1657030132\n|switch|p1a: Glastrier|Glastrier|100\/100\n|turn|11\n|\n|t:|1657030139\n|switch|p2a: Blastoise|Blastoise, M|100\/100\n|move|p1a: Glastrier|Substitute|p1a: Glastrier\n|-start|p1a: Glastrier|Substitute\n|-damage|p1a: Glastrier|75\/100\n|\n|-heal|p1a: Glastrier|82\/100|[from] item: Leftovers\n|upkeep\n|turn|12\n|\n|t:|1657030142\n|move|p2a: Blastoise|Shell Smash|p2a: Blastoise\n|-unboost|p2a: Blastoise|def|1\n|-unboost|p2a: Blastoise|spd|1\n|-boost|p2a: Blastoise|atk|2\n|-boost|p2a: Blastoise|spa|2\n|-boost|p2a: Blastoise|spe|2\n|-enditem|p2a: Blastoise|White Herb\n|-clearnegativeboost|p2a: Blastoise|[silent]\n|move|p1a: Glastrier|Swords Dance|p1a: Glastrier\n|-boost|p1a: Glastrier|atk|2\n|\n|-heal|p1a: Glastrier|88\/100|[from] item: Leftovers\n|upkeep\n|turn|13\n|\n|t:|1657030147\n|move|p2a: Blastoise|Dark Pulse|p1a: Glastrier\n|-end|p1a: Glastrier|Substitute\n|move|p1a: Glastrier|Close Combat|p2a: Blastoise\n|-damage|p2a: Blastoise|15\/100\n|-unboost|p1a: Glastrier|def|1\n|-unboost|p1a: Glastrier|spd|1\n|\n|-heal|p1a: Glastrier|94\/100|[from] item: Leftovers\n|upkeep\n|turn|14\n|\n|t:|1657030155\n|move|p2a: Blastoise|Dark Pulse|p1a: Glastrier\n|-damage|p1a: Glastrier|46\/100\n|cant|p1a: Glastrier|flinch\n|\n|-heal|p1a: Glastrier|52\/100|[from] item: Leftovers\n|upkeep\n|turn|15\n|\n|t:|1657030159\n|move|p2a: Blastoise|Surf|p1a: Glastrier\n|-damage|p1a: Glastrier|0 fnt\n|faint|p1a: Glastrier\n|\n|upkeep\n|\n|t:|1657030165\n|switch|p1a: Salazzle|Salazzle, F|100\/100\n|turn|16\n|\n|t:|1657030168\n|move|p2a: Blastoise|Surf|p1a: Salazzle\n|-supereffective|p1a: Salazzle\n|-enditem|p1a: Salazzle|Focus Sash\n|-damage|p1a: Salazzle|1\/100\n|move|p1a: Salazzle|Flamethrower|p2a: Blastoise\n|-resisted|p2a: Blastoise\n|-damage|p2a: Blastoise|0 fnt\n|faint|p2a: Blastoise\n|\n|upkeep\n|\n|t:|1657030171\n|switch|p2a: Passimian|Passimian, F|100\/100\n|turn|17\n|inactive|xasah\u2764bae has 120 seconds left.\n|\n|t:|1657030210\n|move|p2a: Passimian|U-turn|p1a: Salazzle\n|-resisted|p1a: Salazzle\n|-damage|p1a: Salazzle|0 fnt\n|faint|p1a: Salazzle\n|\n|t:|1657030225\n|switch|p2a: Drapion|Drapion, M|80\/100|[from]move: U-turn\n|\n|-heal|p2a: Drapion|86\/100|[from] item: Black Sludge\n|upkeep\n|\n|t:|1657030230\n|switch|p1a: Blastoise|Blastoise, F|100\/100\n|turn|18\n|\n|t:|1657030232\n|move|p2a: Drapion|Knock Off|p1a: Blastoise\n|-damage|p1a: Blastoise|56\/100\n|-enditem|p1a: Blastoise|White Herb|[from] move: Knock Off|[of] p2a: Drapion\n|move|p1a: Blastoise|Shell Smash|p1a: Blastoise\n|-unboost|p1a: Blastoise|def|1\n|-unboost|p1a: Blastoise|spd|1\n|-boost|p1a: Blastoise|atk|2\n|-boost|p1a: Blastoise|spa|2\n|-boost|p1a: Blastoise|spe|2\n|\n|-heal|p2a: Drapion|92\/100|[from] item: Black Sludge\n|upkeep\n|turn|19\n|\n|t:|1657030241\n|move|p1a: Blastoise|Substitute|p1a: Blastoise\n|-start|p1a: Blastoise|Substitute\n|-damage|p1a: Blastoise|31\/100\n|move|p2a: Drapion|Poison Jab|p1a: Blastoise\n|-end|p1a: Blastoise|Substitute\n|\n|-heal|p2a: Drapion|98\/100|[from] item: Black Sludge\n|upkeep\n|turn|20\n|\n|t:|1657030246\n|move|p1a: Blastoise|Substitute|p1a: Blastoise\n|-start|p1a: Blastoise|Substitute\n|-damage|p1a: Blastoise|7\/100\n|move|p2a: Drapion|Poison Jab|p1a: Blastoise\n|-end|p1a: Blastoise|Substitute\n|\n|-heal|p2a: Drapion|100\/100|[from] item: Black Sludge\n|upkeep\n|turn|21\n|\n|t:|1657030248\n|move|p1a: Blastoise|Surf|p2a: Drapion\n|-damage|p2a: Drapion|0 fnt\n|faint|p2a: Drapion\n|\n|upkeep\n|\n|t:|1657030261\n|switch|p2a: Xatu|Xatu, F|100\/100\n|turn|22\n|inactive|xasah\u2764bae has 120 seconds left.\n|\n|t:|1657030295\n|move|p1a: Blastoise|Surf|p2a: Xatu\n|-damage|p2a: Xatu|0 fnt\n|faint|p2a: Xatu\n|\n|upkeep\n|\n|t:|1657030298\n|switch|p2a: Passimian|Passimian, F|100\/100\n|turn|23\n|\n|t:|1657030301\n|move|p1a: Blastoise|Surf|p2a: Passimian\n|-damage|p2a: Passimian|0 fnt\n|faint|p2a: Passimian\n|\n|upkeep\n|\n|t:|1657030303\n|switch|p2a: Mudsdale|Mudsdale, F|93\/100\n|turn|24\n|c|\u2606xasah\u2764bae|gg\n|\n|t:|1657030306\n|move|p1a: Blastoise|Surf|p2a: Mudsdale\n|-supereffective|p2a: Mudsdale\n|-damage|p2a: Mudsdale|0 fnt\n|faint|p2a: Mudsdale\n|\n|win|xasah\u2764bae\n|n|\u2606xasah\u2764bae|xasahbae\n|n|\u2606Didi Le Di|didiledi\n|n|*Lady Monita \u2600|ladymonita\n|l|*Lady Monita \u2600\n","uploadtime":1657030309,"views":42,"p1id":"xasahbae","p2id":"didiledi","formatid":"gen8nu","rating":0,"private":0,"password":null}