{"id":"gen8ou-1014182615","p1":"mentali59","p2":"hauntersnightmare","format":"gen8ou","log":"|j|\u2606mentali59\n|j|\u2606hauntersnightmare\n|player|p1|mentali59|1|1276\n|player|p2|hauntersnightmare|265|1231\n|teamsize|p1|6\n|teamsize|p2|6\n|gametype|singles\n|gen|8\n|tier|[Gen 8] OU\n|rated|\n|rule|Sleep Clause Mod: Limit one foe put to sleep\n|rule|Species Clause: Limit one of each Pok\u00e9mon\n|rule|OHKO Clause: OHKO moves are banned\n|rule|Moody Clause: Moody is banned\n|rule|Evasion Moves Clause: Evasion moves are banned\n|rule|Endless Battle Clause: Forcing endless battles is banned\n|rule|HP Percentage Mod: HP is shown in percentages\n|clearpoke\n|poke|p1|Corsola-Galar, F|item\n|poke|p1|Darmanitan-Galar, F|item\n|poke|p1|Ditto|item\n|poke|p1|Obstagoon, M|item\n|poke|p1|Corviknight, M|item\n|poke|p1|Dragapult, M|item\n|poke|p2|Barraskewda, M|item\n|poke|p2|Excadrill, F|item\n|poke|p2|Gyarados, F|item\n|poke|p2|Darmanitan-Galar, M|item\n|poke|p2|Aegislash, F|item\n|poke|p2|Cinderace, F|item\n|teampreview\n|\n|start\n|switch|p1a: KISS|Obstagoon, M|100\/100\n|switch|p2a: Excadrill|Excadrill, F|100\/100\n|-ability|p2a: Excadrill|Mold Breaker\n|turn|1\n|\n|move|p1a: KISS|Knock Off|p2a: Excadrill\n|-damage|p2a: Excadrill|48\/100\n|-enditem|p2a: Excadrill|Focus Sash|[from] move: Knock Off|[of] p1a: KISS\n|move|p2a: Excadrill|Stealth Rock|p1a: KISS\n|-sidestart|p1: mentali59|move: Stealth Rock\n|\n|-status|p1a: KISS|brn|[from] item: Flame Orb\n|upkeep\n|turn|2\n|\n|move|p1a: KISS|Knock Off|p2a: Excadrill\n|-damage|p2a: Excadrill|0 fnt\n|faint|p2a: Excadrill\n|\n|-damage|p1a: KISS|94\/100 brn|[from] brn\n|upkeep\n|\n|switch|p2a: Cinderace|Cinderace, F|100\/100\n|turn|3\n|\n|move|p1a: KISS|Obstruct|p1a: KISS\n|-singleturn|p1a: KISS|Protect\n|move|p2a: Cinderace|High Jump Kick|p1a: KISS\n|-activate|p1a: KISS|move: Protect\n|-unboost|p2a: Cinderace|def|2\n|-damage|p2a: Cinderace|51\/100|[from] highjumpkick\n|\n|-damage|p1a: KISS|88\/100 brn|[from] brn\n|upkeep\n|turn|4\n|\n|switch|p1a: Lent-saurien|Dragapult, M|100\/100\n|-damage|p1a: Lent-saurien|88\/100|[from] Stealth Rock\n|move|p2a: Cinderace|High Jump Kick|p1a: Lent-saurien\n|-immune|p1a: Lent-saurien\n|-damage|p2a: Cinderace|1\/100|[from] highjumpkick\n|\n|upkeep\n|turn|5\n|\n|move|p1a: Lent-saurien|Shadow Ball|p2a: Cinderace\n|-damage|p2a: Cinderace|0 fnt\n|faint|p2a: Cinderace\n|\n|upkeep\n|\n|switch|p2a: Aegislash|Aegislash, F|100\/100\n|turn|6\n|\n|move|p1a: Lent-saurien|Shadow Ball|p2a: Aegislash\n|-supereffective|p2a: Aegislash\n|-damage|p2a: Aegislash|22\/100\n|-formechange|p2a: Aegislash|Aegislash-Blade||[from] ability: Stance Change\n|move|p2a: Aegislash|Shadow Ball|p1a: Lent-saurien\n|-supereffective|p1a: Lent-saurien\n|-damage|p1a: Lent-saurien|0 fnt\n|faint|p1a: Lent-saurien\n|\n|upkeep\n|\n|switch|p1a: M\u00e9ta|Ditto, shiny|100\/100\n|-damage|p1a: M\u00e9ta|88\/100|[from] Stealth Rock\n|-transform|p1a: M\u00e9ta|p2a: Aegislash|[from] ability: Imposter\n|turn|7\n|\n|-formechange|p2a: Aegislash|Aegislash||[from] ability: Stance Change\n|move|p2a: Aegislash|King's Shield|p2a: Aegislash\n|-singleturn|p2a: Aegislash|Protect\n|move|p1a: M\u00e9ta|Shadow Ball|p2a: Aegislash\n|-activate|p2a: Aegislash|move: Protect\n|\n|upkeep\n|turn|8\n|\n|switch|p1a: KISS|Obstagoon, M|88\/100 brn\n|-damage|p1a: KISS|76\/100 brn|[from] Stealth Rock\n|-formechange|p2a: Aegislash|Aegislash-Blade||[from] ability: Stance Change\n|move|p2a: Aegislash|Shadow Sneak|p1a: KISS\n|-immune|p1a: KISS\n|\n|-damage|p1a: KISS|70\/100 brn|[from] brn\n|upkeep\n|turn|9\n|\n|move|p1a: KISS|Obstruct|p1a: KISS\n|-singleturn|p1a: KISS|Protect\n|-formechange|p2a: Aegislash|Aegislash||[from] ability: Stance Change\n|move|p2a: Aegislash|King's Shield||[still]\n|-fail|p2a: Aegislash\n|\n|-damage|p1a: KISS|64\/100 brn|[from] brn\n|upkeep\n|turn|10\n|\n|move|p1a: KISS|Knock Off|p2a: Aegislash\n|-supereffective|p2a: Aegislash\n|-damage|p2a: Aegislash|0 fnt\n|-enditem|p2a: Aegislash|Spooky Plate|[from] move: Knock Off|[of] p1a: KISS\n|faint|p2a: Aegislash\n|\n|-damage|p1a: KISS|57\/100 brn|[from] brn\n|upkeep\n|\n|switch|p2a: Gyarados|Gyarados, F|100\/100\n|turn|11\n|\n|move|p1a: KISS|Switcheroo|p2a: Gyarados\n|-activate|p1a: KISS|move: Trick|[of] p2a: Gyarados\n|-item|p2a: Gyarados|Flame Orb|[from] move: Switcheroo\n|-item|p1a: KISS|Damp Rock|[from] move: Switcheroo\n|move|p2a: Gyarados|Dragon Dance|p2a: Gyarados\n|-boost|p2a: Gyarados|atk|1\n|-boost|p2a: Gyarados|spe|1\n|\n|-damage|p1a: KISS|51\/100 brn|[from] brn\n|-status|p2a: Gyarados|brn|[from] item: Flame Orb\n|upkeep\n|turn|12\n|\n|-start|p2a: Gyarados|Dynamax\n|-heal|p2a: Gyarados|100\/100 brn|[from] Dynamax\n|move|p2a: Gyarados|Max Geyser|p1a: KISS\n|-damage|p1a: KISS|3\/100 brn\n|-weather|RainDance\n|move|p1a: KISS|Knock Off|p2a: Gyarados\n|-damage|p2a: Gyarados|65\/100 brn\n|-enditem|p2a: Gyarados|Flame Orb|[from] move: Knock Off|[of] p1a: KISS\n|\n|-weather|RainDance|[upkeep]\n|-damage|p2a: Gyarados|59\/100 brn|[from] brn\n|-damage|p1a: KISS|0 fnt|[from] brn\n|faint|p1a: KISS\n|upkeep\n|\n|switch|p1a: M\u00e9ta|Ditto, shiny|88\/100\n|-damage|p1a: M\u00e9ta|76\/100|[from] Stealth Rock\n|-transform|p1a: M\u00e9ta|p2a: Gyarados|[from] ability: Imposter\n|turn|13\n|\n|-start|p1a: M\u00e9ta|Dynamax\n|-heal|p1a: M\u00e9ta|76\/100|[from] Dynamax\n|move|p2a: Gyarados|Max Airstream|p1a: M\u00e9ta\n|-damage|p1a: M\u00e9ta|42\/100\n|-boost|p2a: Gyarados|spe|1\n|move|p1a: M\u00e9ta|Max Airstream|p2a: Gyarados\n|-damage|p2a: Gyarados|0 fnt\n|-boost|p1a: M\u00e9ta|spe|1\n|faint|p2a: Gyarados\n|-ability|p1a: M\u00e9ta|Moxie|boost\n|-boost|p1a: M\u00e9ta|atk|1\n|\n|-weather|RainDance|[upkeep]\n|upkeep\n|\n|switch|p2a: Barraskewda|Barraskewda, M|100\/100\n|turn|14\n|\n|move|p2a: Barraskewda|Liquidation|p1a: M\u00e9ta\n|-resisted|p1a: M\u00e9ta\n|-damage|p1a: M\u00e9ta|7\/100\n|move|p1a: M\u00e9ta|Max Overgrowth|p2a: Barraskewda\n|-supereffective|p2a: Barraskewda\n|-damage|p2a: Barraskewda|0 fnt\n|-fieldstart|move: Grassy Terrain\n|faint|p2a: Barraskewda\n|-ability|p1a: M\u00e9ta|Moxie|boost\n|-boost|p1a: M\u00e9ta|atk|1\n|\n|-weather|RainDance|[upkeep]\n|upkeep\n|-message|hauntersnightmare forfeited.\n|\n|win|mentali59\n|l|\u2606hauntersnightmare\n","uploadtime":1574374089,"views":12,"p1id":"mentali59","p2id":"hauntersnightmare","formatid":"gen8ou","rating":0,"private":0,"password":null}