{"id":"gen8bdspou-1458221705","p1":"zigza","p2":"i know im horrible","format":"gen8bdspou","log":"|j|\u2606zigza\n|j|\u2606i know im horrible\n|t:|1637490397\n|gametype|singles\n|player|p1|zigza|266|1233\n|player|p2|i know im horrible|170|1269\n|teamsize|p1|6\n|teamsize|p2|6\n|gen|8\n|tier|[Gen 8 BDSP] OU\n|rated|\n|rule|Sleep Clause Mod: Limit one foe put to sleep\n|rule|Species Clause: Limit one of each Pok\u00e9mon\n|rule|OHKO Clause: OHKO moves are banned\n|rule|Evasion Moves Clause: Evasion moves are banned\n|rule|Endless Battle Clause: Forcing endless battles is banned\n|rule|HP Percentage Mod: HP is shown in percentages\n|clearpoke\n|poke|p1|Manaphy|\n|poke|p1|Latios, M|\n|poke|p1|Scizor, M|\n|poke|p1|Magnezone|\n|poke|p1|Gliscor, F|\n|poke|p1|Garchomp, F|\n|poke|p2|Roserade, M|\n|poke|p2|Blissey, F|\n|poke|p2|Skarmory, F|\n|poke|p2|Clefable, F|\n|poke|p2|Mantine, M|\n|poke|p2|Ditto|\n|teampreview\n|\n|t:|1637490408\n|start\n|switch|p1a: Magnezone|Magnezone|100\/100\n|switch|p2a: Ditto|Ditto|100\/100\n|-transform|p2a: Ditto|p1a: Magnezone|[from] ability: Imposter\n|turn|1\n|\n|t:|1637490414\n|move|p2a: Ditto|Volt Switch|p1a: Magnezone\n|-resisted|p1a: Magnezone\n|-crit|p1a: Magnezone\n|-damage|p1a: Magnezone|64\/100\n|\n|t:|1637490424\n|switch|p2a: Roserade|Roserade, M|100\/100|[from]move: Volt Switch\n|move|p1a: Magnezone|Volt Switch|p2a: Roserade\n|-resisted|p2a: Roserade\n|-damage|p2a: Roserade|87\/100\n|\n|t:|1637490431\n|switch|p1a: Latios|Latios, M|100\/100|[from]move: Volt Switch\n|\n|-heal|p2a: Roserade|93\/100|[from] item: Black Sludge\n|upkeep\n|turn|2\n|\n|t:|1637490442\n|switch|p1a: Garchomp|Garchomp, F|100\/100\n|switch|p2a: Blissey|Blissey, F|100\/100\n|\n|upkeep\n|turn|3\n|j| wshknfq\n|\n|t:|1637490450\n|switch|p2a: Clefable|Clefable, F|100\/100\n|move|p1a: Garchomp|Stealth Rock|p2a: Clefable\n|-sidestart|p2: i know im horrible|move: Stealth Rock\n|\n|upkeep\n|turn|4\n|\n|t:|1637490461\n|move|p1a: Garchomp|Earthquake|p2a: Clefable\n|-damage|p2a: Clefable|52\/100\n|-damage|p1a: Garchomp|91\/100|[from] item: Life Orb\n|move|p2a: Clefable|Wish|p2a: Clefable\n|\n|-heal|p2a: Clefable|58\/100|[from] item: Leftovers\n|upkeep\n|turn|5\n|\n|t:|1637490470\n|move|p1a: Garchomp|Fire Blast|p2a: Clefable\n|-damage|p2a: Clefable|31\/100\n|-damage|p1a: Garchomp|81\/100|[from] item: Life Orb\n|move|p2a: Clefable|Moonblast|p1a: Garchomp\n|-supereffective|p1a: Garchomp\n|-damage|p1a: Garchomp|3\/100\n|\n|-heal|p2a: Clefable|81\/100|[from] move: Wish|[wisher] Clefable\n|-heal|p2a: Clefable|88\/100|[from] item: Leftovers\n|upkeep\n|turn|6\n|\n|t:|1637490476\n|switch|p1a: Magnezone|Magnezone|64\/100\n|move|p2a: Clefable|Wish|p2a: Clefable\n|\n|-heal|p1a: Magnezone|70\/100|[from] item: Leftovers\n|-heal|p2a: Clefable|94\/100|[from] item: Leftovers\n|upkeep\n|turn|7\n|\n|t:|1637490485\n|switch|p2a: Roserade|Roserade, M|93\/100\n|-damage|p2a: Roserade|80\/100|[from] Stealth Rock\n|move|p1a: Magnezone|Volt Switch|p2a: Roserade\n|-resisted|p2a: Roserade\n|-damage|p2a: Roserade|68\/100\n|\n|t:|1637490495\n|switch|p1a: Latios|Latios, M|100\/100|[from]move: Volt Switch\n|\n|-heal|p2a: Roserade|100\/100|[from] move: Wish|[wisher] Clefable\n|upkeep\n|turn|8\n|\n|t:|1637490500\n|switch|p2a: Blissey|Blissey, F|100\/100\n|-damage|p2a: Blissey|88\/100|[from] Stealth Rock\n|move|p1a: Latios|Psychic|p2a: Blissey\n|-damage|p2a: Blissey|72\/100\n|\n|-heal|p2a: Blissey|78\/100|[from] item: Leftovers\n|upkeep\n|turn|9\n|\n|t:|1637490508\n|switch|p1a: Manaphy|Manaphy|100\/100\n|switch|p2a: Skarmory|Skarmory, F|100\/100\n|-damage|p2a: Skarmory|88\/100|[from] Stealth Rock\n|\n|-heal|p2a: Skarmory|94\/100|[from] item: Leftovers\n|upkeep\n|turn|10\n|\n|t:|1637490514\n|move|p1a: Manaphy|Tail Glow|p1a: Manaphy\n|-boost|p1a: Manaphy|spa|3\n|move|p2a: Skarmory|Whirlwind|p1a: Manaphy\n|drag|p1a: Scizor|Scizor, M|100\/100\n|\n|-heal|p2a: Skarmory|99\/100|[from] item: Leftovers\n|upkeep\n|turn|11\n|\n|t:|1637490518\n|move|p2a: Skarmory|Defog|p1a: Scizor\n|-unboost|p1a: Scizor|evasion|1\n|-sideend|p2: i know im horrible|Stealth Rock|[from] move: Defog|[of] p2a: Skarmory\n|move|p1a: Scizor|U-turn|p2a: Skarmory\n|-resisted|p2a: Skarmory\n|-damage|p2a: Skarmory|95\/100\n|\n|t:|1637490521\n|switch|p1a: Magnezone|Magnezone|70\/100|[from]move: U-turn\n|\n|-heal|p1a: Magnezone|76\/100|[from] item: Leftovers\n|-heal|p2a: Skarmory|100\/100|[from] item: Leftovers\n|upkeep\n|turn|12\n|\n|t:|1637490540\n|move|p1a: Magnezone|Thunderbolt|p2a: Skarmory\n|-supereffective|p2a: Skarmory\n|-damage|p2a: Skarmory|0 fnt\n|faint|p2a: Skarmory\n|\n|-heal|p1a: Magnezone|82\/100|[from] item: Leftovers\n|upkeep\n|\n|t:|1637490557\n|switch|p2a: Roserade|Roserade, M|100\/100\n|turn|13\n|l|\u2606zigza\n|player|p1|\n|j|\u2606zigza\n|player|p1|zigza|266\n|\n|t:|1637490599\n|move|p1a: Magnezone|Flash Cannon|p2a: Roserade\n|-damage|p2a: Roserade|71\/100\n|move|p2a: Roserade|Toxic Spikes|p1a: Magnezone\n|-sidestart|p1: zigza|move: Toxic Spikes\n|\n|-heal|p1a: Magnezone|88\/100|[from] item: Leftovers\n|-heal|p2a: Roserade|77\/100|[from] item: Black Sludge\n|upkeep\n|turn|14\n|\n|t:|1637490605\n|switch|p1a: Gliscor|Gliscor, F|100\/100\n|move|p2a: Roserade|Leech Seed|p1a: Gliscor\n|-start|p1a: Gliscor|move: Leech Seed\n|\n|-heal|p2a: Roserade|83\/100|[from] item: Black Sludge\n|-damage|p1a: Gliscor|88\/100|[from] Leech Seed|[of] p2a: Roserade\n|-heal|p2a: Roserade|96\/100|[silent]\n|-status|p1a: Gliscor|tox|[from] item: Toxic Orb\n|upkeep\n|turn|15\n|\n|t:|1637490611\n|switch|p2a: Ditto|Ditto|100\/100\n|-transform|p2a: Ditto|p1a: Gliscor|[from] ability: Imposter\n|move|p1a: Gliscor|Knock Off|p2a: Ditto\n|-damage|p2a: Ditto|86\/100\n|-enditem|p2a: Ditto|Leftovers|[from] move: Knock Off|[of] p1a: Gliscor\n|\n|-damage|p1a: Gliscor|76\/100 tox|[from] Leech Seed|[of] p2a: Ditto\n|-heal|p2a: Ditto|99\/100|[silent]\n|-heal|p1a: Gliscor|88\/100 tox|[from] ability: Poison Heal\n|upkeep\n|turn|16\n|\n|t:|1637490619\n|move|p1a: Gliscor|U-turn|p2a: Ditto\n|-resisted|p2a: Ditto\n|-damage|p2a: Ditto|95\/100\n|\n|t:|1637490624\n|switch|p1a: Scizor|Scizor, M|100\/100|[from]move: U-turn\n|move|p2a: Ditto|Knock Off|p1a: Scizor\n|-damage|p1a: Scizor|80\/100\n|-enditem|p1a: Scizor|Leftovers|[from] move: Knock Off|[of] p2a: Ditto\n|\n|upkeep\n|turn|17\n|\n|t:|1637490631\n|switch|p2a: Mantine|Mantine, M|100\/100\n|move|p1a: Scizor|Defog|p2a: Mantine\n|-unboost|p2a: Mantine|evasion|1\n|-sideend|p1: zigza|Toxic Spikes|[from] move: Defog|[of] p1a: Scizor\n|\n|upkeep\n|turn|18\n|\n|t:|1637490636\n|move|p2a: Mantine|Scald|p1a: Scizor\n|-damage|p1a: Scizor|60\/100\n|move|p1a: Scizor|U-turn|p2a: Mantine\n|-resisted|p2a: Mantine\n|-damage|p2a: Mantine|89\/100\n|j| 2pro4u (wrong)\n|\n|t:|1637490640\n|switch|p1a: Magnezone|Magnezone|88\/100|[from]move: U-turn\n|\n|-heal|p1a: Magnezone|94\/100|[from] item: Leftovers\n|-heal|p2a: Mantine|95\/100|[from] item: Leftovers\n|upkeep\n|turn|19\n|\n|t:|1637490645\n|switch|p2a: Blissey|Blissey, F|78\/100\n|move|p1a: Magnezone|Volt Switch|p2a: Blissey\n|-damage|p2a: Blissey|65\/100\n|\n|t:|1637490653\n|switch|p1a: Scizor|Scizor, M|60\/100|[from]move: Volt Switch\n|\n|-heal|p2a: Blissey|71\/100|[from] item: Leftovers\n|upkeep\n|turn|20\n|\n|t:|1637490657\n|move|p1a: Scizor|U-turn|p2a: Blissey\n|-damage|p2a: Blissey|44\/100\n|\n|t:|1637490660\n|switch|p1a: Gliscor|Gliscor, F|88\/100 tox|[from]move: U-turn\n|move|p2a: Blissey|Thunder Wave|p1a: Gliscor\n|-immune|p1a: Gliscor\n|\n|-heal|p2a: Blissey|50\/100|[from] item: Leftovers\n|-heal|p1a: Gliscor|100\/100 tox|[from] ability: Poison Heal\n|upkeep\n|turn|21\n|\n|t:|1637490665\n|move|p1a: Gliscor|Earthquake|p2a: Blissey\n|-damage|p2a: Blissey|21\/100\n|move|p2a: Blissey|Soft-Boiled|p2a: Blissey\n|-heal|p2a: Blissey|71\/100\n|\n|-heal|p2a: Blissey|77\/100|[from] item: Leftovers\n|upkeep\n|turn|22\n|\n|t:|1637490670\n|switch|p2a: Mantine|Mantine, M|95\/100\n|move|p1a: Gliscor|Knock Off|p2a: Mantine\n|-damage|p2a: Mantine|78\/100\n|-enditem|p2a: Mantine|Leftovers|[from] move: Knock Off|[of] p1a: Gliscor\n|\n|upkeep\n|turn|23\n|\n|t:|1637490676\n|move|p1a: Gliscor|U-turn|p2a: Mantine\n|-resisted|p2a: Mantine\n|-damage|p2a: Mantine|71\/100\n|\n|t:|1637490680\n|switch|p1a: Magnezone|Magnezone|94\/100|[from]move: U-turn\n|move|p2a: Mantine|Scald|p1a: Magnezone\n|-damage|p1a: Magnezone|65\/100\n|\n|-heal|p1a: Magnezone|71\/100|[from] item: Leftovers\n|upkeep\n|turn|24\n|\n|t:|1637490685\n|switch|p2a: Blissey|Blissey, F|77\/100\n|move|p1a: Magnezone|Volt Switch|p2a: Blissey\n|-damage|p2a: Blissey|64\/100\n|\n|t:|1637490691\n|switch|p1a: Garchomp|Garchomp, F|3\/100|[from]move: Volt Switch\n|\n|-heal|p2a: Blissey|70\/100|[from] item: Leftovers\n|upkeep\n|turn|25\n|\n|t:|1637490702\n|switch|p1a: Magnezone|Magnezone|71\/100\n|switch|p2a: Mantine|Mantine, M|71\/100\n|\n|-heal|p1a: Magnezone|77\/100|[from] item: Leftovers\n|upkeep\n|turn|26\n|j| DrPepperDude\n|\n|t:|1637490709\n|switch|p2a: Blissey|Blissey, F|70\/100\n|move|p1a: Magnezone|Thunderbolt|p2a: Blissey\n|-damage|p2a: Blissey|52\/100\n|\n|-heal|p1a: Magnezone|83\/100|[from] item: Leftovers\n|-heal|p2a: Blissey|58\/100|[from] item: Leftovers\n|upkeep\n|turn|27\n|\n|t:|1637490716\n|move|p1a: Magnezone|Volt Switch|p2a: Blissey\n|-damage|p2a: Blissey|44\/100\n|\n|t:|1637490719\n|switch|p1a: Gliscor|Gliscor, F|100\/100 tox|[from]move: Volt Switch\n|move|p2a: Blissey|Soft-Boiled|p2a: Blissey\n|-heal|p2a: Blissey|94\/100\n|\n|-heal|p2a: Blissey|99\/100|[from] item: Leftovers\n|upkeep\n|turn|28\n|\n|t:|1637490724\n|switch|p2a: Mantine|Mantine, M|71\/100\n|move|p1a: Gliscor|U-turn|p2a: Mantine\n|-resisted|p2a: Mantine\n|-damage|p2a: Mantine|64\/100\n|\n|t:|1637490726\n|switch|p1a: Magnezone|Magnezone|83\/100|[from]move: U-turn\n|\n|-heal|p1a: Magnezone|89\/100|[from] item: Leftovers\n|upkeep\n|turn|29\n|\n|t:|1637490731\n|switch|p2a: Blissey|Blissey, F|99\/100\n|move|p1a: Magnezone|Volt Switch|p2a: Blissey\n|-damage|p2a: Blissey|87\/100\n|\n|t:|1637490736\n|switch|p1a: Gliscor|Gliscor, F|100\/100 tox|[from]move: Volt Switch\n|\n|-heal|p2a: Blissey|93\/100|[from] item: Leftovers\n|upkeep\n|turn|30\n|\n|t:|1637490743\n|move|p1a: Gliscor|Knock Off|p2a: Blissey\n|-damage|p2a: Blissey|75\/100\n|-enditem|p2a: Blissey|Leftovers|[from] move: Knock Off|[of] p1a: Gliscor\n|move|p2a: Blissey|Seismic Toss|p1a: Gliscor\n|-damage|p1a: Gliscor|71\/100 tox\n|\n|-heal|p1a: Gliscor|83\/100 tox|[from] ability: Poison Heal\n|upkeep\n|turn|31\n|\n|t:|1637490750\n|move|p1a: Gliscor|Earthquake|p2a: Blissey\n|-damage|p2a: Blissey|44\/100\n|move|p2a: Blissey|Soft-Boiled|p2a: Blissey\n|-heal|p2a: Blissey|94\/100\n|\n|-heal|p1a: Gliscor|96\/100 tox|[from] ability: Poison Heal\n|upkeep\n|turn|32\n|\n|t:|1637490763\n|move|p1a: Gliscor|U-turn|p2a: Blissey\n|-damage|p2a: Blissey|81\/100\n|\n|t:|1637490768\n|switch|p1a: Garchomp|Garchomp, F|3\/100|[from]move: U-turn\n|move|p2a: Blissey|Seismic Toss|p1a: Garchomp\n|-damage|p1a: Garchomp|0 fnt\n|-damage|p2a: Blissey|69\/100|[from] ability: Rough Skin|[of] p1a: Garchomp\n|faint|p1a: Garchomp\n|\n|upkeep\n|j| Yvelstall\n|\n|t:|1637490782\n|switch|p1a: Manaphy|Manaphy|100\/100\n|turn|33\n|\n|t:|1637490791\n|move|p1a: Manaphy|Tail Glow|p1a: Manaphy\n|-boost|p1a: Manaphy|spa|3\n|move|p2a: Blissey|Thunder Wave|p1a: Manaphy\n|-status|p1a: Manaphy|par\n|\n|upkeep\n|turn|34\n|\n|t:|1637490795\n|switch|p2a: Mantine|Mantine, M|64\/100\n|move|p1a: Manaphy|Tail Glow|p1a: Manaphy\n|-boost|p1a: Manaphy|spa|3\n|\n|upkeep\n|turn|35\n|l| Yvelstall\n|\n|t:|1637490799\n|move|p2a: Mantine|Haze|p2a: Mantine\n|-clearallboost\n|move|p1a: Manaphy|Energy Ball|p2a: Mantine\n|-crit|p2a: Mantine\n|-damage|p2a: Mantine|38\/100\n|\n|upkeep\n|turn|36\n|\n|t:|1637490805\n|switch|p1a: Magnezone|Magnezone|89\/100\n|move|p2a: Mantine|Roost|p2a: Mantine\n|-heal|p2a: Mantine|88\/100\n|-singleturn|p2a: Mantine|move: Roost\n|\n|-heal|p1a: Magnezone|95\/100|[from] item: Leftovers\n|upkeep\n|turn|37\n|\n|t:|1637490810\n|switch|p2a: Blissey|Blissey, F|69\/100\n|move|p1a: Magnezone|Thunderbolt|p2a: Blissey\n|-damage|p2a: Blissey|52\/100\n|\n|-heal|p1a: Magnezone|100\/100|[from] item: Leftovers\n|upkeep\n|turn|38\n|\n|t:|1637490815\n|switch|p1a: Gliscor|Gliscor, F|96\/100 tox\n|move|p2a: Blissey|Soft-Boiled|p2a: Blissey\n|-heal|p2a: Blissey|100\/100\n|\n|-heal|p1a: Gliscor|100\/100 tox|[from] ability: Poison Heal\n|upkeep\n|turn|39\n|\n|t:|1637490822\n|switch|p2a: Clefable|Clefable, F|94\/100\n|move|p1a: Gliscor|U-turn|p2a: Clefable\n|-resisted|p2a: Clefable\n|-damage|p2a: Clefable|88\/100\n|\n|t:|1637490825\n|switch|p1a: Magnezone|Magnezone|100\/100|[from]move: U-turn\n|\n|-heal|p2a: Clefable|94\/100|[from] item: Leftovers\n|upkeep\n|turn|40\n|\n|t:|1637490832\n|switch|p2a: Roserade|Roserade, M|96\/100\n|move|p1a: Magnezone|Volt Switch|p2a: Roserade\n|-resisted|p2a: Roserade\n|-damage|p2a: Roserade|84\/100\n|\n|t:|1637490836\n|switch|p1a: Latios|Latios, M|100\/100|[from]move: Volt Switch\n|\n|-heal|p2a: Roserade|90\/100|[from] item: Black Sludge\n|upkeep\n|turn|41\n|\n|t:|1637490841\n|switch|p2a: Blissey|Blissey, F|100\/100\n|move|p1a: Latios|Psychic|p2a: Blissey\n|-damage|p2a: Blissey|84\/100\n|-unboost|p2a: Blissey|spd|1\n|\n|upkeep\n|turn|42\n|l|\u2606zigza\n|player|p1|\n|j|\u2606zigza\n|player|p1|zigza|266\n|inactive|Battle timer is ON: inactive players will automatically lose when time's up. (requested by i know im horrible)\n|\n|t:|1637490897\n|switch|p1a: Gliscor|Gliscor, F|100\/100 tox\n|switch|p2a: Roserade|Roserade, M|90\/100\n|\n|-heal|p2a: Roserade|96\/100|[from] item: Black Sludge\n|upkeep\n|turn|43\n|\n|t:|1637490909\n|switch|p2a: Mantine|Mantine, M|88\/100\n|move|p1a: Gliscor|Knock Off|p2a: Mantine\n|-damage|p2a: Mantine|75\/100\n|\n|upkeep\n|turn|44\n|\n|t:|1637490917\n|switch|p1a: Manaphy|Manaphy|100\/100 par\n|move|p2a: Mantine|Scald|p1a: Manaphy\n|-resisted|p1a: Manaphy\n|-damage|p1a: Manaphy|89\/100 par\n|\n|-heal|p1a: Manaphy|95\/100 par|[from] item: Leftovers\n|upkeep\n|turn|45\n|\n|t:|1637490925\n|switch|p2a: Roserade|Roserade, M|96\/100\n|move|p1a: Manaphy|Energy Ball|p2a: Roserade\n|-resisted|p2a: Roserade\n|-damage|p2a: Roserade|92\/100\n|-unboost|p2a: Roserade|spd|1\n|\n|-heal|p2a: Roserade|98\/100|[from] item: Black Sludge\n|-heal|p1a: Manaphy|100\/100 par|[from] item: Leftovers\n|upkeep\n|turn|46\n|\n|t:|1637490929\n|move|p2a: Roserade|Leech Seed|p1a: Manaphy\n|-start|p1a: Manaphy|move: Leech Seed\n|move|p1a: Manaphy|Ice Beam|p2a: Roserade\n|-supereffective|p2a: Roserade\n|-damage|p2a: Roserade|35\/100\n|\n|-heal|p2a: Roserade|41\/100|[from] item: Black Sludge\n|-damage|p1a: Manaphy|88\/100 par|[from] Leech Seed|[of] p2a: Roserade\n|-heal|p2a: Roserade|54\/100|[silent]\n|upkeep\n|turn|47\n|\n|t:|1637490938\n|switch|p2a: Ditto|Ditto|95\/100\n|-transform|p2a: Ditto|p1a: Manaphy|[from] ability: Imposter\n|switch|p1a: Gliscor|Gliscor, F|100\/100 tox\n|\n|upkeep\n|turn|48\n|\n|t:|1637490947\n|switch|p1a: Latios|Latios, M|100\/100\n|move|p2a: Ditto|Ice Beam|p1a: Latios\n|-supereffective|p1a: Latios\n|-damage|p1a: Latios|41\/100\n|\n|upkeep\n|turn|49\n|\n|t:|1637490954\n|switch|p2a: Blissey|Blissey, F|84\/100\n|move|p1a: Latios|Draco Meteor|p2a: Blissey\n|-damage|p2a: Blissey|59\/100\n|-unboost|p1a: Latios|spa|2\n|\n|upkeep\n|turn|50\n|\n|t:|1637490958\n|switch|p1a: Magnezone|Magnezone|100\/100\n|move|p2a: Blissey|Soft-Boiled|p2a: Blissey\n|-heal|p2a: Blissey|100\/100\n|\n|upkeep\n|turn|51\n|\n|t:|1637490966\n|move|p1a: Magnezone|Volt Switch|p2a: Blissey\n|-damage|p2a: Blissey|86\/100\n|\n|t:|1637490969\n|switch|p1a: Scizor|Scizor, M|60\/100|[from]move: Volt Switch\n|move|p2a: Blissey|Seismic Toss|p1a: Scizor\n|-damage|p1a: Scizor|31\/100\n|\n|upkeep\n|turn|52\n|\n|t:|1637490975\n|move|p1a: Scizor|Roost|p1a: Scizor\n|-heal|p1a: Scizor|81\/100\n|-singleturn|p1a: Scizor|move: Roost\n|move|p2a: Blissey|Thunder Wave|p1a: Scizor\n|-status|p1a: Scizor|par\n|\n|upkeep\n|turn|53\n|\n|t:|1637490979\n|move|p2a: Blissey|Seismic Toss|p1a: Scizor\n|-damage|p1a: Scizor|52\/100 par\n|move|p1a: Scizor|U-turn|p2a: Blissey\n|-damage|p2a: Blissey|58\/100\n|\n|t:|1637490982\n|switch|p1a: Gliscor|Gliscor, F|100\/100 tox|[from]move: U-turn\n|\n|upkeep\n|turn|54\n|\n|t:|1637490985\n|move|p1a: Gliscor|Earthquake|p2a: Blissey\n|-damage|p2a: Blissey|30\/100\n|move|p2a: Blissey|Soft-Boiled|p2a: Blissey\n|-heal|p2a: Blissey|80\/100\n|\n|upkeep\n|turn|55\n|\n|t:|1637490989\n|switch|p2a: Mantine|Mantine, M|75\/100\n|move|p1a: Gliscor|Earthquake|p2a: Mantine\n|-immune|p2a: Mantine\n|\n|upkeep\n|turn|56\n|\n|t:|1637490994\n|move|p1a: Gliscor|Earthquake|p2a: Mantine\n|-immune|p2a: Mantine\n|move|p2a: Mantine|Scald|p1a: Gliscor\n|-supereffective|p1a: Gliscor\n|-damage|p1a: Gliscor|45\/100 tox\n|\n|-heal|p1a: Gliscor|58\/100 tox|[from] ability: Poison Heal\n|upkeep\n|turn|57\n|\n|t:|1637490998\n|move|p1a: Gliscor|U-turn|p2a: Mantine\n|-resisted|p2a: Mantine\n|-damage|p2a: Mantine|69\/100\n|\n|t:|1637491001\n|switch|p1a: Magnezone|Magnezone|100\/100|[from]move: U-turn\n|move|p2a: Mantine|Ice Beam|p1a: Magnezone\n|-resisted|p1a: Magnezone\n|-damage|p1a: Magnezone|90\/100\n|\n|-heal|p1a: Magnezone|96\/100|[from] item: Leftovers\n|upkeep\n|turn|58\n|\n|t:|1637491005\n|switch|p1a: Gliscor|Gliscor, F|58\/100 tox\n|switch|p2a: Blissey|Blissey, F|80\/100\n|\n|-heal|p1a: Gliscor|70\/100 tox|[from] ability: Poison Heal\n|upkeep\n|turn|59\n|\n|t:|1637491012\n|switch|p1a: Magnezone|Magnezone|96\/100\n|move|p2a: Blissey|Soft-Boiled|p2a: Blissey\n|-heal|p2a: Blissey|100\/100\n|\n|-heal|p1a: Magnezone|100\/100|[from] item: Leftovers\n|upkeep\n|turn|60\n|\n|t:|1637491023\n|move|p1a: Magnezone|Flash Cannon|p2a: Blissey\n|-damage|p2a: Blissey|84\/100\n|move|p2a: Blissey|Seismic Toss|p1a: Magnezone\n|-damage|p1a: Magnezone|65\/100\n|\n|-heal|p1a: Magnezone|71\/100|[from] item: Leftovers\n|upkeep\n|turn|61\n|\n|t:|1637491029\n|switch|p2a: Roserade|Roserade, M|54\/100\n|move|p1a: Magnezone|Thunderbolt|p2a: Roserade\n|-resisted|p2a: Roserade\n|-damage|p2a: Roserade|37\/100\n|\n|-heal|p1a: Magnezone|77\/100|[from] item: Leftovers\n|-heal|p2a: Roserade|43\/100|[from] item: Black Sludge\n|upkeep\n|turn|62\n|\n|t:|1637491033\n|move|p1a: Magnezone|Flash Cannon|p2a: Roserade\n|-damage|p2a: Roserade|13\/100\n|move|p2a: Roserade|Sleep Powder|p1a: Magnezone|[miss]\n|-miss|p2a: Roserade|p1a: Magnezone\n|\n|-heal|p1a: Magnezone|83\/100|[from] item: Leftovers\n|-heal|p2a: Roserade|19\/100|[from] item: Black Sludge\n|upkeep\n|turn|63\n|\n|t:|1637491041\n|switch|p2a: Blissey|Blissey, F|84\/100\n|move|p1a: Magnezone|Volt Switch|p2a: Blissey\n|-damage|p2a: Blissey|72\/100\n|\n|t:|1637491044\n|switch|p1a: Gliscor|Gliscor, F|70\/100 tox|[from]move: Volt Switch\n|\n|-heal|p1a: Gliscor|83\/100 tox|[from] ability: Poison Heal\n|upkeep\n|turn|64\n|\n|t:|1637491048\n|move|p1a: Gliscor|U-turn|p2a: Blissey\n|-damage|p2a: Blissey|58\/100\n|\n|t:|1637491050\n|switch|p1a: Magnezone|Magnezone|83\/100|[from]move: U-turn\n|move|p2a: Blissey|Seismic Toss|p1a: Magnezone\n|-damage|p1a: Magnezone|48\/100\n|\n|-heal|p1a: Magnezone|54\/100|[from] item: Leftovers\n|upkeep\n|turn|65\n|\n|t:|1637491060\n|move|p1a: Magnezone|Thunderbolt|p2a: Blissey\n|-damage|p2a: Blissey|39\/100\n|move|p2a: Blissey|Soft-Boiled|p2a: Blissey\n|-heal|p2a: Blissey|89\/100\n|\n|-heal|p1a: Magnezone|60\/100|[from] item: Leftovers\n|upkeep\n|turn|66\n|\n|t:|1637491071\n|move|p1a: Magnezone|Volt Switch|p2a: Blissey\n|-damage|p2a: Blissey|76\/100\n|\n|t:|1637491075\n|switch|p1a: Gliscor|Gliscor, F|83\/100 tox|[from]move: Volt Switch\n|move|p2a: Blissey|Seismic Toss|p1a: Gliscor\n|-damage|p1a: Gliscor|53\/100 tox\n|\n|-heal|p1a: Gliscor|65\/100 tox|[from] ability: Poison Heal\n|upkeep\n|turn|67\n|\n|t:|1637491080\n|move|p1a: Gliscor|Earthquake|p2a: Blissey\n|-damage|p2a: Blissey|47\/100\n|move|p2a: Blissey|Seismic Toss|p1a: Gliscor\n|-damage|p1a: Gliscor|36\/100 tox\n|\n|-heal|p1a: Gliscor|48\/100 tox|[from] ability: Poison Heal\n|upkeep\n|turn|68\n|\n|t:|1637491084\n|move|p1a: Gliscor|Earthquake|p2a: Blissey\n|-damage|p2a: Blissey|18\/100\n|move|p2a: Blissey|Soft-Boiled|p2a: Blissey\n|-heal|p2a: Blissey|68\/100\n|\n|-heal|p1a: Gliscor|61\/100 tox|[from] ability: Poison Heal\n|upkeep\n|turn|69\n|\n|t:|1637491092\n|move|p1a: Gliscor|U-turn|p2a: Blissey\n|-damage|p2a: Blissey|55\/100\n|\n|t:|1637491095\n|switch|p1a: Manaphy|Manaphy|88\/100 par|[from]move: U-turn\n|move|p2a: Blissey|Seismic Toss|p1a: Manaphy\n|-damage|p1a: Manaphy|59\/100 par\n|\n|-heal|p1a: Manaphy|65\/100 par|[from] item: Leftovers\n|upkeep\n|turn|70\n|\n|t:|1637491099\n|switch|p2a: Ditto|Ditto|95\/100\n|-transform|p2a: Ditto|p1a: Manaphy|[from] ability: Imposter\n|move|p1a: Manaphy|Tail Glow|p1a: Manaphy\n|-boost|p1a: Manaphy|spa|3\n|\n|-heal|p1a: Manaphy|71\/100 par|[from] item: Leftovers\n|upkeep\n|turn|71\n|\n|t:|1637491109\n|switch|p2a: Clefable|Clefable, F|94\/100\n|move|p1a: Manaphy|Energy Ball|p2a: Clefable\n|-crit|p2a: Clefable\n|-damage|p2a: Clefable|59\/100\n|-unboost|p2a: Clefable|spd|1\n|\n|-heal|p1a: Manaphy|77\/100 par|[from] item: Leftovers\n|-heal|p2a: Clefable|65\/100|[from] item: Leftovers\n|upkeep\n|turn|72\n|\n|t:|1637491115\n|switch|p1a: Magnezone|Magnezone|60\/100\n|move|p2a: Clefable|Wish|p2a: Clefable\n|\n|-heal|p1a: Magnezone|66\/100|[from] item: Leftovers\n|-heal|p2a: Clefable|72\/100|[from] item: Leftovers\n|upkeep\n|turn|73\n|\n|t:|1637491124\n|switch|p2a: Ditto|Ditto|95\/100\n|-transform|p2a: Ditto|p1a: Magnezone|[from] ability: Imposter\n|move|p1a: Magnezone|Flash Cannon|p2a: Ditto\n|-resisted|p2a: Ditto\n|-damage|p2a: Ditto|81\/100\n|\n|-heal|p2a: Ditto|100\/100|[from] move: Wish|[wisher] Clefable\n|-heal|p1a: Magnezone|72\/100|[from] item: Leftovers\n|upkeep\n|turn|74\n|\n|t:|1637491130\n|move|p1a: Magnezone|Protect|p1a: Magnezone\n|-singleturn|p1a: Magnezone|Protect\n|move|p2a: Ditto|Flash Cannon|p1a: Magnezone\n|-activate|p1a: Magnezone|move: Protect\n|\n|-heal|p1a: Magnezone|78\/100|[from] item: Leftovers\n|upkeep\n|turn|75\n|\n|t:|1637491135\n|move|p2a: Ditto|Thunderbolt|p1a: Magnezone\n|-resisted|p1a: Magnezone\n|-damage|p1a: Magnezone|45\/100\n|move|p1a: Magnezone|Volt Switch|p2a: Ditto\n|-resisted|p2a: Ditto\n|-damage|p2a: Ditto|79\/100\n|\n|t:|1637491142\n|switch|p1a: Gliscor|Gliscor, F|61\/100 tox|[from]move: Volt Switch\n|\n|-heal|p1a: Gliscor|73\/100 tox|[from] ability: Poison Heal\n|upkeep\n|turn|76\n|\n|t:|1637491149\n|switch|p1a: Magnezone|Magnezone|45\/100\n|switch|p2a: Mantine|Mantine, M|69\/100\n|\n|-heal|p1a: Magnezone|51\/100|[from] item: Leftovers\n|upkeep\n|turn|77\n|\n|t:|1637491157\n|switch|p2a: Blissey|Blissey, F|55\/100\n|move|p1a: Magnezone|Volt Switch|p2a: Blissey\n|-damage|p2a: Blissey|42\/100\n|\n|t:|1637491161\n|switch|p1a: Gliscor|Gliscor, F|73\/100 tox|[from]move: Volt Switch\n|\n|-heal|p1a: Gliscor|86\/100 tox|[from] ability: Poison Heal\n|upkeep\n|turn|78\n|\n|t:|1637491163\n|move|p1a: Gliscor|Earthquake|p2a: Blissey\n|-damage|p2a: Blissey|12\/100\n|move|p2a: Blissey|Soft-Boiled|p2a: Blissey\n|-heal|p2a: Blissey|62\/100\n|\n|-heal|p1a: Gliscor|98\/100 tox|[from] ability: Poison Heal\n|upkeep\n|turn|79\n|\n|t:|1637491169\n|switch|p2a: Mantine|Mantine, M|69\/100\n|move|p1a: Gliscor|Earthquake|p2a: Mantine\n|-immune|p2a: Mantine\n|\n|-heal|p1a: Gliscor|100\/100 tox|[from] ability: Poison Heal\n|upkeep\n|turn|80\n|\n|t:|1637491173\n|move|p1a: Gliscor|U-turn|p2a: Mantine\n|-resisted|p2a: Mantine\n|-damage|p2a: Mantine|63\/100\n|\n|t:|1637491177\n|switch|p1a: Manaphy|Manaphy|77\/100 par|[from]move: U-turn\n|move|p2a: Mantine|Scald|p1a: Manaphy\n|-resisted|p1a: Manaphy\n|-damage|p1a: Manaphy|65\/100 par\n|\n|-heal|p1a: Manaphy|71\/100 par|[from] item: Leftovers\n|upkeep\n|turn|81\n|l| 2pro4u (wrong)\n|\n|t:|1637491183\n|move|p2a: Mantine|Roost|p2a: Mantine\n|-heal|p2a: Mantine|100\/100\n|-singleturn|p2a: Mantine|move: Roost\n|cant|p1a: Manaphy|par\n|\n|-heal|p1a: Manaphy|77\/100 par|[from] item: Leftovers\n|upkeep\n|turn|82\n|\n|t:|1637491189\n|switch|p2a: Ditto|Ditto|79\/100\n|-transform|p2a: Ditto|p1a: Manaphy|[from] ability: Imposter\n|move|p1a: Manaphy|Energy Ball|p2a: Ditto\n|-supereffective|p2a: Ditto\n|-damage|p2a: Ditto|20\/100\n|\n|-heal|p1a: Manaphy|83\/100 par|[from] item: Leftovers\n|upkeep\n|turn|83\n|\n|t:|1637491192\n|move|p2a: Ditto|Energy Ball|p1a: Manaphy\n|-supereffective|p1a: Manaphy\n|-damage|p1a: Manaphy|30\/100 par\n|cant|p1a: Manaphy|par\n|\n|-heal|p1a: Manaphy|36\/100 par|[from] item: Leftovers\n|upkeep\n|turn|84\n|\n|t:|1637491204\n|switch|p1a: Latios|Latios, M|41\/100\n|move|p2a: Ditto|Energy Ball|p1a: Latios\n|-resisted|p1a: Latios\n|-damage|p1a: Latios|27\/100\n|\n|upkeep\n|turn|85\n|\n|t:|1637491212\n|switch|p1a: Gliscor|Gliscor, F|100\/100 tox\n|switch|p2a: Blissey|Blissey, F|62\/100\n|\n|upkeep\n|turn|86\n|\n|t:|1637491219\n|switch|p2a: Ditto|Ditto|20\/100\n|-transform|p2a: Ditto|p1a: Gliscor|[from] ability: Imposter\n|move|p1a: Gliscor|U-turn|p2a: Ditto\n|-resisted|p2a: Ditto\n|-damage|p2a: Ditto|15\/100\n|\n|t:|1637491223\n|switch|p1a: Latios|Latios, M|27\/100|[from]move: U-turn\n|\n|upkeep\n|turn|87\n|\n|t:|1637491235\n|switch|p2a: Blissey|Blissey, F|62\/100\n|move|p1a: Latios|Psychic|p2a: Blissey\n|-crit|p2a: Blissey\n|-damage|p2a: Blissey|38\/100\n|\n|upkeep\n|turn|88\n|\n|t:|1637491240\n|switch|p2a: Ditto|Ditto|15\/100\n|-transform|p2a: Ditto|p1a: Latios|[from] ability: Imposter\n|move|p1a: Latios|Psychic|p2a: Ditto\n|-resisted|p2a: Ditto\n|-damage|p2a: Ditto|0 fnt\n|faint|p2a: Ditto\n|\n|upkeep\n|\n|t:|1637491245\n|switch|p2a: Blissey|Blissey, F|38\/100\n|turn|89\n|\n|t:|1637491248\n|move|p1a: Latios|Psychic|p2a: Blissey\n|-damage|p2a: Blissey|20\/100\n|-unboost|p2a: Blissey|spd|1\n|move|p2a: Blissey|Soft-Boiled|p2a: Blissey\n|-heal|p2a: Blissey|70\/100\n|\n|upkeep\n|turn|90\n|\n|t:|1637491252\n|move|p1a: Latios|Psychic|p2a: Blissey\n|-damage|p2a: Blissey|43\/100\n|-unboost|p2a: Blissey|spd|1\n|move|p2a: Blissey|Seismic Toss|p1a: Latios\n|-damage|p1a: Latios|0 fnt\n|faint|p1a: Latios\n|\n|upkeep\n|\n|t:|1637491257\n|switch|p1a: Manaphy|Manaphy|36\/100 par\n|turn|91\n|\n|t:|1637491260\n|move|p1a: Manaphy|Tail Glow|p1a: Manaphy\n|-boost|p1a: Manaphy|spa|3\n|move|p2a: Blissey|Seismic Toss|p1a: Manaphy\n|-damage|p1a: Manaphy|7\/100 par\n|\n|-heal|p1a: Manaphy|13\/100 par|[from] item: Leftovers\n|upkeep\n|turn|92\n|\n|t:|1637491266\n|switch|p2a: Mantine|Mantine, M|100\/100\n|move|p1a: Manaphy|Surf|p2a: Mantine\n|-immune|p2a: Mantine|[from] ability: Water Absorb\n|\n|-heal|p1a: Manaphy|19\/100 par|[from] item: Leftovers\n|upkeep\n|turn|93\n|\n|t:|1637491270\n|move|p2a: Mantine|Haze|p2a: Mantine\n|-clearallboost\n|move|p1a: Manaphy|Energy Ball|p2a: Mantine\n|-damage|p2a: Mantine|82\/100\n|\n|-heal|p1a: Manaphy|25\/100 par|[from] item: Leftovers\n|upkeep\n|turn|94\n|\n|t:|1637491273\n|move|p2a: Mantine|Scald|p1a: Manaphy\n|-resisted|p1a: Manaphy\n|-damage|p1a: Manaphy|14\/100 par\n|move|p1a: Manaphy|Energy Ball|p2a: Mantine\n|-damage|p2a: Mantine|65\/100\n|\n|-heal|p1a: Manaphy|20\/100 par|[from] item: Leftovers\n|upkeep\n|turn|95\n|\n|t:|1637491282\n|switch|p1a: Magnezone|Magnezone|51\/100\n|move|p2a: Mantine|Scald|p1a: Magnezone\n|-damage|p1a: Magnezone|23\/100\n|\n|-heal|p1a: Magnezone|29\/100|[from] item: Leftovers\n|upkeep\n|turn|96\n|\n|t:|1637491288\n|switch|p2a: Roserade|Roserade, M|19\/100\n|move|p1a: Magnezone|Thunderbolt|p2a: Roserade\n|-resisted|p2a: Roserade\n|-damage|p2a: Roserade|1\/100\n|\n|-heal|p1a: Magnezone|35\/100|[from] item: Leftovers\n|-heal|p2a: Roserade|7\/100|[from] item: Black Sludge\n|upkeep\n|turn|97\n|\n|t:|1637491292\n|move|p1a: Magnezone|Volt Switch|p2a: Roserade\n|-resisted|p2a: Roserade\n|-damage|p2a: Roserade|0 fnt\n|faint|p2a: Roserade\n|\n|t:|1637491297\n|switch|p1a: Gliscor|Gliscor, F|100\/100 tox|[from]move: Volt Switch\n|\n|upkeep\n|\n|t:|1637491300\n|switch|p2a: Mantine|Mantine, M|65\/100\n|turn|98\n|\n|t:|1637491305\n|switch|p1a: Manaphy|Manaphy|20\/100 par\n|move|p2a: Mantine|Scald|p1a: Manaphy\n|-resisted|p1a: Manaphy\n|-damage|p1a: Manaphy|8\/100 par\n|\n|-heal|p1a: Manaphy|15\/100 par|[from] item: Leftovers\n|upkeep\n|turn|99\n|\n|t:|1637491310\n|move|p2a: Mantine|Scald|p1a: Manaphy\n|-resisted|p1a: Manaphy\n|-damage|p1a: Manaphy|4\/100 par\n|cant|p1a: Manaphy|par\n|\n|-heal|p1a: Manaphy|10\/100 par|[from] item: Leftovers\n|upkeep\n|turn|100\n|\n|t:|1637491314\n|move|p2a: Mantine|Roost|p2a: Mantine\n|-heal|p2a: Mantine|100\/100\n|-singleturn|p2a: Mantine|move: Roost\n|move|p1a: Manaphy|Energy Ball|p2a: Mantine\n|-supereffective|p2a: Mantine\n|-damage|p2a: Mantine|65\/100\n|\n|-heal|p1a: Manaphy|16\/100 par|[from] item: Leftovers\n|upkeep\n|turn|101\n|\n|t:|1637491319\n|move|p2a: Mantine|Scald|p1a: Manaphy\n|-resisted|p1a: Manaphy\n|-damage|p1a: Manaphy|5\/100 par\n|move|p1a: Manaphy|Tail Glow|p1a: Manaphy\n|-boost|p1a: Manaphy|spa|3\n|\n|-heal|p1a: Manaphy|12\/100 par|[from] item: Leftovers\n|upkeep\n|turn|102\n|\n|t:|1637491328\n|switch|p1a: Magnezone|Magnezone|35\/100\n|move|p2a: Mantine|Haze|p2a: Mantine\n|-clearallboost\n|\n|-heal|p1a: Magnezone|41\/100|[from] item: Leftovers\n|upkeep\n|turn|103\n|\n|t:|1637491335\n|switch|p2a: Clefable|Clefable, F|72\/100\n|move|p1a: Magnezone|Thunderbolt|p2a: Clefable\n|-damage|p2a: Clefable|26\/100\n|\n|-heal|p1a: Magnezone|47\/100|[from] item: Leftovers\n|-heal|p2a: Clefable|32\/100|[from] item: Leftovers\n|upkeep\n|turn|104\n|\n|t:|1637491340\n|switch|p2a: Blissey|Blissey, F|43\/100\n|move|p1a: Magnezone|Flash Cannon|p2a: Blissey\n|-damage|p2a: Blissey|28\/100\n|\n|-heal|p1a: Magnezone|53\/100|[from] item: Leftovers\n|upkeep\n|turn|105\n|\n|t:|1637491343\n|move|p1a: Magnezone|Thunderbolt|p2a: Blissey\n|-damage|p2a: Blissey|11\/100\n|move|p2a: Blissey|Soft-Boiled|p2a: Blissey\n|-heal|p2a: Blissey|61\/100\n|\n|-heal|p1a: Magnezone|59\/100|[from] item: Leftovers\n|upkeep\n|turn|106\n|\n|t:|1637491349\n|move|p1a: Magnezone|Volt Switch|p2a: Blissey\n|-damage|p2a: Blissey|47\/100\n|\n|t:|1637491351\n|switch|p1a: Scizor|Scizor, M|52\/100 par|[from]move: Volt Switch\n|move|p2a: Blissey|Seismic Toss|p1a: Scizor\n|-damage|p1a: Scizor|23\/100 par\n|\n|upkeep\n|turn|107\n|\n|t:|1637491355\n|move|p2a: Blissey|Seismic Toss|p1a: Scizor\n|-damage|p1a: Scizor|0 fnt\n|faint|p1a: Scizor\n|\n|upkeep\n|\n|t:|1637491358\n|switch|p1a: Gliscor|Gliscor, F|100\/100 tox\n|turn|108\n|\n|t:|1637491361\n|move|p1a: Gliscor|U-turn|p2a: Blissey\n|-damage|p2a: Blissey|35\/100\n|\n|t:|1637491364\n|switch|p1a: Manaphy|Manaphy|12\/100 par|[from]move: U-turn\n|move|p2a: Blissey|Soft-Boiled|p2a: Blissey\n|-heal|p2a: Blissey|85\/100\n|\n|-heal|p1a: Manaphy|18\/100 par|[from] item: Leftovers\n|upkeep\n|turn|109\n|\n|t:|1637491367\n|switch|p1a: Gliscor|Gliscor, F|100\/100 tox\n|move|p2a: Blissey|Seismic Toss|p1a: Gliscor\n|-damage|p1a: Gliscor|71\/100 tox\n|\n|-heal|p1a: Gliscor|83\/100 tox|[from] ability: Poison Heal\n|upkeep\n|turn|110\n|\n|t:|1637491378\n|move|p1a: Gliscor|Knock Off|p2a: Blissey\n|-damage|p2a: Blissey|72\/100\n|move|p2a: Blissey|Seismic Toss|p1a: Gliscor\n|-damage|p1a: Gliscor|54\/100 tox\n|\n|-heal|p1a: Gliscor|66\/100 tox|[from] ability: Poison Heal\n|upkeep\n|turn|111\n|\n|t:|1637491385\n|switch|p2a: Mantine|Mantine, M|65\/100\n|move|p1a: Gliscor|Knock Off|p2a: Mantine\n|-damage|p2a: Mantine|53\/100\n|\n|-heal|p1a: Gliscor|79\/100 tox|[from] ability: Poison Heal\n|upkeep\n|turn|112\n|\n|t:|1637491389\n|move|p1a: Gliscor|U-turn|p2a: Mantine\n|-resisted|p2a: Mantine\n|-damage|p2a: Mantine|46\/100\n|\n|t:|1637491391\n|switch|p1a: Magnezone|Magnezone|59\/100|[from]move: U-turn\n|move|p2a: Mantine|Roost|p2a: Mantine\n|-heal|p2a: Mantine|96\/100\n|-singleturn|p2a: Mantine|move: Roost\n|\n|-heal|p1a: Magnezone|65\/100|[from] item: Leftovers\n|upkeep\n|turn|113\n|\n|t:|1637491397\n|switch|p2a: Blissey|Blissey, F|72\/100\n|move|p1a: Magnezone|Volt Switch|p2a: Blissey\n|-damage|p2a: Blissey|58\/100\n|\n|t:|1637491399\n|switch|p1a: Gliscor|Gliscor, F|79\/100 tox|[from]move: Volt Switch\n|\n|-heal|p1a: Gliscor|91\/100 tox|[from] ability: Poison Heal\n|upkeep\n|turn|114\n|\n|t:|1637491403\n|move|p1a: Gliscor|Earthquake|p2a: Blissey\n|-damage|p2a: Blissey|29\/100\n|move|p2a: Blissey|Soft-Boiled|p2a: Blissey\n|-heal|p2a: Blissey|79\/100\n|\n|-heal|p1a: Gliscor|100\/100 tox|[from] ability: Poison Heal\n|upkeep\n|turn|115\n|\n|t:|1637491407\n|switch|p1a: Magnezone|Magnezone|65\/100\n|switch|p2a: Mantine|Mantine, M|96\/100\n|\n|-heal|p1a: Magnezone|71\/100|[from] item: Leftovers\n|upkeep\n|turn|116\n|\n|t:|1637491414\n|switch|p2a: Blissey|Blissey, F|79\/100\n|move|p1a: Magnezone|Thunderbolt|p2a: Blissey\n|-damage|p2a: Blissey|62\/100\n|\n|-heal|p1a: Magnezone|77\/100|[from] item: Leftovers\n|upkeep\n|turn|117\n|\n|t:|1637491423\n|move|p1a: Magnezone|Thunderbolt|p2a: Blissey\n|-damage|p2a: Blissey|45\/100\n|move|p2a: Blissey|Soft-Boiled|p2a: Blissey\n|-heal|p2a: Blissey|95\/100\n|\n|-heal|p1a: Magnezone|83\/100|[from] item: Leftovers\n|upkeep\n|turn|118\n|\n|t:|1637491432\n|switch|p1a: Gliscor|Gliscor, F|100\/100 tox\n|switch|p2a: Mantine|Mantine, M|96\/100\n|\n|upkeep\n|turn|119\n|\n|t:|1637491435\n|move|p1a: Gliscor|U-turn|p2a: Mantine\n|-resisted|p2a: Mantine\n|-damage|p2a: Mantine|89\/100\n|\n|t:|1637491437\n|switch|p1a: Manaphy|Manaphy|18\/100 par|[from]move: U-turn\n|move|p2a: Mantine|Scald|p1a: Manaphy\n|-resisted|p1a: Manaphy\n|-damage|p1a: Manaphy|6\/100 par\n|\n|-heal|p1a: Manaphy|12\/100 par|[from] item: Leftovers\n|upkeep\n|turn|120\n|\n|t:|1637491443\n|move|p2a: Mantine|Scald|p1a: Manaphy\n|-resisted|p1a: Manaphy\n|-damage|p1a: Manaphy|1\/100 par\n|cant|p1a: Manaphy|par\n|\n|-heal|p1a: Manaphy|7\/100 par|[from] item: Leftovers\n|upkeep\n|turn|121\n|\n|t:|1637491451\n|move|p2a: Mantine|Scald|p1a: Manaphy\n|-resisted|p1a: Manaphy\n|-damage|p1a: Manaphy|0 fnt\n|faint|p1a: Manaphy\n|\n|upkeep\n|\n|t:|1637491452\n|switch|p1a: Magnezone|Magnezone|83\/100\n|turn|122\n|inactive|i know im horrible has 120 seconds left.\n|c|\u2606zigza|t\n|inactive|i know im horrible has 90 seconds left.\n|\n|t:|1637491530\n|switch|p2a: Blissey|Blissey, F|95\/100\n|move|p1a: Magnezone|Thunderbolt|p2a: Blissey\n|-damage|p2a: Blissey|76\/100\n|\n|-heal|p1a: Magnezone|89\/100|[from] item: Leftovers\n|upkeep\n|turn|123\n|\n|t:|1637491535\n|switch|p2a: Clefable|Clefable, F|32\/100\n|move|p1a: Magnezone|Volt Switch|p2a: Clefable\n|-damage|p2a: Clefable|0 fnt\n|faint|p2a: Clefable\n|\n|t:|1637491538\n|switch|p1a: Gliscor|Gliscor, F|100\/100 tox|[from]move: Volt Switch\n|\n|upkeep\n|\n|t:|1637491541\n|switch|p2a: Mantine|Mantine, M|89\/100\n|turn|124\n|\n|t:|1637491544\n|switch|p1a: Magnezone|Magnezone|89\/100\n|move|p2a: Mantine|Scald|p1a: Magnezone\n|-damage|p1a: Magnezone|57\/100\n|-status|p1a: Magnezone|brn\n|\n|-heal|p1a: Magnezone|63\/100 brn|[from] item: Leftovers\n|-damage|p1a: Magnezone|57\/100 brn|[from] brn\n|upkeep\n|turn|125\n|inactive|i know im horrible has 90 seconds left.\n|\n|t:|1637491556\n|switch|p2a: Blissey|Blissey, F|76\/100\n|move|p1a: Magnezone|Volt Switch|p2a: Blissey\n|-damage|p2a: Blissey|62\/100\n|\n|t:|1637491558\n|switch|p1a: Gliscor|Gliscor, F|100\/100 tox|[from]move: Volt Switch\n|\n|upkeep\n|turn|126\n|\n|t:|1637491563\n|switch|p2a: Mantine|Mantine, M|89\/100\n|move|p1a: Gliscor|U-turn|p2a: Mantine\n|-resisted|p2a: Mantine\n|-damage|p2a: Mantine|83\/100\n|\n|t:|1637491565\n|switch|p1a: Magnezone|Magnezone|57\/100 brn|[from]move: U-turn\n|\n|-heal|p1a: Magnezone|63\/100 brn|[from] item: Leftovers\n|-damage|p1a: Magnezone|57\/100 brn|[from] brn\n|upkeep\n|turn|127\n|\n|t:|1637491570\n|switch|p2a: Blissey|Blissey, F|62\/100\n|move|p1a: Magnezone|Thunderbolt|p2a: Blissey\n|-damage|p2a: Blissey|45\/100\n|\n|-heal|p1a: Magnezone|63\/100 brn|[from] item: Leftovers\n|-damage|p1a: Magnezone|57\/100 brn|[from] brn\n|upkeep\n|turn|128\n|\n|t:|1637491575\n|move|p1a: Magnezone|Volt Switch|p2a: Blissey\n|-damage|p2a: Blissey|31\/100\n|\n|t:|1637491578\n|switch|p1a: Gliscor|Gliscor, F|100\/100 tox|[from]move: Volt Switch\n|move|p2a: Blissey|Seismic Toss|p1a: Gliscor\n|-damage|p1a: Gliscor|71\/100 tox\n|\n|-heal|p1a: Gliscor|83\/100 tox|[from] ability: Poison Heal\n|upkeep\n|turn|129\n|\n|t:|1637491584\n|move|p1a: Gliscor|U-turn|p2a: Blissey\n|-damage|p2a: Blissey|18\/100\n|\n|t:|1637491586\n|switch|p1a: Magnezone|Magnezone|57\/100 brn|[from]move: U-turn\n|move|p2a: Blissey|Soft-Boiled|p2a: Blissey\n|-heal|p2a: Blissey|68\/100\n|\n|-heal|p1a: Magnezone|63\/100 brn|[from] item: Leftovers\n|-damage|p1a: Magnezone|57\/100 brn|[from] brn\n|upkeep\n|turn|130\n|\n|t:|1637491592\n|switch|p1a: Gliscor|Gliscor, F|83\/100 tox\n|move|p2a: Blissey|Seismic Toss|p1a: Gliscor\n|-damage|p1a: Gliscor|54\/100 tox\n|\n|-heal|p1a: Gliscor|66\/100 tox|[from] ability: Poison Heal\n|upkeep\n|turn|131\n|\n|t:|1637491599\n|switch|p2a: Mantine|Mantine, M|83\/100\n|move|p1a: Gliscor|Roost|p1a: Gliscor\n|-heal|p1a: Gliscor|100\/100 tox\n|-singleturn|p1a: Gliscor|move: Roost\n|\n|upkeep\n|turn|132\n|\n|t:|1637491609\n|move|p1a: Gliscor|U-turn|p2a: Mantine\n|-resisted|p2a: Mantine\n|-damage|p2a: Mantine|77\/100\n|\n|t:|1637491612\n|switch|p1a: Magnezone|Magnezone|57\/100 brn|[from]move: U-turn\n|move|p2a: Mantine|Scald|p1a: Magnezone\n|-damage|p1a: Magnezone|27\/100 brn\n|\n|-heal|p1a: Magnezone|33\/100 brn|[from] item: Leftovers\n|-damage|p1a: Magnezone|27\/100 brn|[from] brn\n|upkeep\n|turn|133\n|\n|t:|1637491631\n|move|p1a: Magnezone|Volt Switch|p2a: Mantine\n|-supereffective|p2a: Mantine\n|-damage|p2a: Mantine|0 fnt\n|faint|p2a: Mantine\n|\n|t:|1637491634\n|switch|p1a: Gliscor|Gliscor, F|100\/100 tox|[from]move: Volt Switch\n|\n|upkeep\n|c|\u2606i know im horrible|honestly\n|c|\u2606i know im horrible|you never shouldve been in this game anymore\n|c|\u2606i know im horrible|mag took 4 scalds before burn\n|c|\u2606i know im horrible|and sleep powder was gg\n|c|\u2606i know im horrible|but fuck me ig\n|inactive|i know im horrible has 120 seconds left.\n|-message|i know im horrible forfeited.\n|\n|win|zigza\n|raw|zigza's rating: 1233 &rarr; <strong>1261<\/strong><br \/>(+28 for winning)\n|raw|i know im horrible's rating: 1269 &rarr; <strong>1241<\/strong><br \/>(-28 for losing)\n|l|\u2606i know im horrible\n","uploadtime":1637491669,"views":20,"p1id":"zigza","p2id":"iknowimhorrible","formatid":"gen8bdspou","rating":1241,"private":0,"password":null}