{"id":"gen8almostanyability-1696604875","p1":"IIIodyne","p2":"suloxiv \u266a","format":"gen8almostanyability","log":"|j|\u2606IIIodyne\n|j|\u2606suloxiv \u266a\n|inactive|Battle timer is ON: inactive players will automatically lose when time's up.\n|t:|1666909524\n|gametype|singles\n|player|p1|IIIodyne|102|\n|player|p2|suloxiv \u266a|grace|\n|teamsize|p1|6\n|teamsize|p2|6\n|gen|8\n|tier|[Gen 8] Almost Any Ability\n|rated|Tournament battle\n|rule|Species Clause: Limit one of each Pok\u00e9mon\n|rule|OHKO Clause: OHKO moves are banned\n|rule|Evasion Moves Clause: Evasion moves are banned\n|rule|Endless Battle Clause: Forcing endless battles is banned\n|rule|Dynamax Clause: You cannot dynamax\n|rule|HP Percentage Mod: HP is shown in percentages\n|rule|2 Ability Clause: Limit two of each ability\n|rule|Sleep Clause: Sleep-inducing moves are banned\n|clearpoke\n|poke|p1|Umbreon, M|\n|poke|p1|Jellicent, F|\n|poke|p1|Diancie|\n|poke|p1|Mew|\n|poke|p1|Ferrothorn, F|\n|poke|p1|Stakataka|\n|poke|p2|Doublade, F|\n|poke|p2|Garchomp, F|\n|poke|p2|Tapu Koko|\n|poke|p2|Chansey, F|\n|poke|p2|Slowbro, F|\n|poke|p2|Mandibuzz, F|\n|teampreview\n|inactive|IIIodyne also wants the timer to be on.\n|inactive|suloxiv \u266a also wants the timer to be on.\n|c|\u2606suloxiv \u266a|hf\n|j|%Tea Guzzler\n|j| Slicez862\n|inactive|IIIodyne has 120 seconds left.\n|c|\u2606IIIodyne|u2\n|\n|t:|1666909572\n|start\n|switch|p1a: Ferrothorn|Ferrothorn, F|100\/100\n|switch|p2a: ERASE ME|Garchomp, F|100\/100\n|turn|1\n|\n|t:|1666909579\n|move|p2a: ERASE ME|Stealth Rock|p1a: Ferrothorn\n|-sidestart|p1: IIIodyne|move: Stealth Rock\n|move|p1a: Ferrothorn|Leech Seed|p2a: ERASE ME\n|-start|p2a: ERASE ME|move: Leech Seed\n|\n|-damage|p2a: ERASE ME|88\/100|[from] Leech Seed|[of] p1a: Ferrothorn\n|upkeep\n|turn|2\n|\n|t:|1666909583\n|switch|p2a: RECKLESS DRIVING|Tapu Koko|100\/100\n|move|p1a: Ferrothorn|Stealth Rock|p2a: RECKLESS DRIVING\n|-sidestart|p2: suloxiv \u266a|move: Stealth Rock\n|\n|upkeep\n|turn|3\n|\n|t:|1666909585\n|move|p1a: Ferrothorn|Protect|p1a: Ferrothorn\n|-singleturn|p1a: Ferrothorn|Protect\n|move|p2a: RECKLESS DRIVING|Calm Mind|p2a: RECKLESS DRIVING\n|-boost|p2a: RECKLESS DRIVING|spa|1\n|-boost|p2a: RECKLESS DRIVING|spd|1\n|\n|upkeep\n|turn|4\n|j| Sandchans\n|\n|t:|1666909589\n|move|p2a: RECKLESS DRIVING|Calm Mind|p2a: RECKLESS DRIVING\n|-boost|p2a: RECKLESS DRIVING|spa|1\n|-boost|p2a: RECKLESS DRIVING|spd|1\n|move|p1a: Ferrothorn|Leech Seed|p2a: RECKLESS DRIVING|[miss]\n|-miss|p1a: Ferrothorn|p2a: RECKLESS DRIVING\n|\n|upkeep\n|turn|5\n|\n|t:|1666909592\n|move|p2a: RECKLESS DRIVING|Calm Mind|p2a: RECKLESS DRIVING\n|-boost|p2a: RECKLESS DRIVING|spa|1\n|-boost|p2a: RECKLESS DRIVING|spd|1\n|move|p1a: Ferrothorn|Knock Off|p2a: RECKLESS DRIVING\n|-resisted|p2a: RECKLESS DRIVING\n|-damage|p2a: RECKLESS DRIVING|87\/100\n|-enditem|p2a: RECKLESS DRIVING|Leftovers|[from] move: Knock Off|[of] p1a: Ferrothorn\n|\n|upkeep\n|turn|6\n|\n|t:|1666909596\n|move|p2a: RECKLESS DRIVING|Calm Mind|p2a: RECKLESS DRIVING\n|-boost|p2a: RECKLESS DRIVING|spa|1\n|-boost|p2a: RECKLESS DRIVING|spd|1\n|move|p1a: Ferrothorn|Leech Seed|p2a: RECKLESS DRIVING\n|-start|p2a: RECKLESS DRIVING|move: Leech Seed\n|\n|upkeep\n|turn|7\n|j| Asb04\n|inactive|IIIodyne has 120 seconds left.\n|\n|t:|1666909654\n|move|p2a: RECKLESS DRIVING|Discharge|p1a: Ferrothorn\n|-resisted|p1a: Ferrothorn\n|-damage|p1a: Ferrothorn|75\/100\n|move|p1a: Ferrothorn|Knock Off|p2a: RECKLESS DRIVING\n|-resisted|p2a: RECKLESS DRIVING\n|-damage|p2a: RECKLESS DRIVING|79\/100\n|\n|-heal|p1a: Ferrothorn|81\/100|[from] item: Leftovers\n|upkeep\n|turn|8\n|\n|t:|1666909658\n|move|p2a: RECKLESS DRIVING|Discharge|p1a: Ferrothorn\n|-resisted|p1a: Ferrothorn\n|-damage|p1a: Ferrothorn|56\/100\n|move|p1a: Ferrothorn|Knock Off|p2a: RECKLESS DRIVING\n|-resisted|p2a: RECKLESS DRIVING\n|-damage|p2a: RECKLESS DRIVING|70\/100\n|\n|-heal|p1a: Ferrothorn|62\/100|[from] item: Leftovers\n|upkeep\n|turn|9\n|\n|t:|1666909672\n|move|p2a: RECKLESS DRIVING|Discharge|p1a: Ferrothorn\n|-resisted|p1a: Ferrothorn\n|-damage|p1a: Ferrothorn|32\/100\n|-status|p1a: Ferrothorn|par\n|cant|p1a: Ferrothorn|par\n|\n|-heal|p1a: Ferrothorn|39\/100 par|[from] item: Leftovers\n|upkeep\n|turn|10\n|\n|t:|1666909677\n|move|p2a: RECKLESS DRIVING|Discharge|p1a: Ferrothorn\n|-resisted|p1a: Ferrothorn\n|-damage|p1a: Ferrothorn|9\/100 par\n|cant|p1a: Ferrothorn|par\n|\n|-heal|p1a: Ferrothorn|15\/100 par|[from] item: Leftovers\n|upkeep\n|turn|11\n|\n|t:|1666909680\n|move|p2a: RECKLESS DRIVING|Discharge|p1a: Ferrothorn\n|-resisted|p1a: Ferrothorn\n|-damage|p1a: Ferrothorn|0 fnt\n|faint|p1a: Ferrothorn\n|\n|upkeep\n|l| Asb04\n|j| Asb04\n|\n|t:|1666909684\n|switch|p1a: Diancie|Diancie|100\/100\n|-damage|p1a: Diancie|88\/100|[from] Stealth Rock\n|turn|12\n|j|%spooken' nukem\n|\n|t:|1666909689\n|move|p2a: RECKLESS DRIVING|Discharge|p1a: Diancie\n|-damage|p1a: Diancie|41\/100\n|move|p1a: Diancie|Diamond Storm|p2a: RECKLESS DRIVING\n|-crit|p2a: RECKLESS DRIVING\n|-damage|p2a: RECKLESS DRIVING|0 fnt\n|faint|p2a: RECKLESS DRIVING\n|\n|upkeep\n|c|\u2606suloxiv \u266a|Ok.\n|\n|t:|1666909695\n|switch|p2a: ALL MY GHOSTS|Doublade, F|100\/100\n|-damage|p2a: ALL MY GHOSTS|94\/100|[from] Stealth Rock\n|turn|13\n|c|\u2606IIIodyne|crit didnt matter\n|\n|t:|1666909711\n|move|p1a: Diancie|Mystical Fire|p2a: ALL MY GHOSTS\n|-supereffective|p2a: ALL MY GHOSTS\n|-damage|p2a: ALL MY GHOSTS|58\/100\n|-unboost|p2a: ALL MY GHOSTS|spa|1\n|move|p2a: ALL MY GHOSTS|Iron Head|p1a: Diancie\n|-supereffective|p1a: Diancie\n|-damage|p1a: Diancie|0 fnt\n|faint|p1a: Diancie\n|\n|upkeep\n|c|\u2606suloxiv \u266a|what ability is it\n|c|\u2606IIIodyne|its phsyical dude\n|inactive|IIIodyne has 120 seconds left.\n|c|\u2606IIIodyne|max attack\n|c|\u2606IIIodyne|100 bp + stab\n|\n|t:|1666909758\n|switch|p1a: Umbreon|Umbreon, M|100\/100\n|-damage|p1a: Umbreon|88\/100|[from] Stealth Rock\n|turn|14\n|c|\u2606suloxiv \u266a|i was just asking for the ability...\n|\n|t:|1666909771\n|switch|p2a: WHAT A SHAME|Chansey, F|100\/100\n|move|p1a: Umbreon|Foul Play|p2a: WHAT A SHAME\n|-damage|p2a: WHAT A SHAME|99\/100\n|\n|-heal|p1a: Umbreon|94\/100|[from] item: Leftovers\n|upkeep\n|turn|15\n|c|\u2606IIIodyne|oh\n|c|\u2606IIIodyne|regenerator\n|c|\u2606suloxiv \u266a|oh\n|c| Asb04|252+ Atk Diancie Diamond Storm vs. 0 HP \/ 0 Def Tapu Koko: 171-202 (60.8 - 71.8%) -- guaranteed 2HKO\n|c|\u2606suloxiv \u266a|!showset 3\n|c| suloxiv \u266a|\/raw <div class=\"infobox\">RECKLESS DRIVING (Tapu Koko) @ Leftovers  <br \/>Ability: Magic Guard  <br \/>EVs: 152 HP &#x2f; 104 SpA &#x2f; 252 Spe  <br \/>Timid Nature  <br \/>IVs: 0 Atk  <br \/>- Calm Mind  <br \/>- Roost  <br \/>- Discharge  <br \/>- Dazzling Gleam  <br \/><br \/><\/div>\n|j| CsidNoDyg\n|c|\u2606IIIodyne|ok so mattered for guarantee\n|inactive|IIIodyne has 90 seconds left.\n|c| Asb04|252+ Atk Diancie Diamond Storm vs. 152 HP \/ 0 Def Tapu Koko: 171-202 (53.6 - 63.3%) -- guaranteed 2HKO\n|c|\u2606IIIodyne|but within roll\n|c|\u2606IIIodyne|besides i can kill with prio\n|\n|t:|1666909827\n|switch|p2a: CEILINGS|Slowbro, F|100\/100\n|-damage|p2a: CEILINGS|88\/100|[from] Stealth Rock\n|-ability|p2a: CEILINGS|Dauntless Shield|boost\n|-boost|p2a: CEILINGS|def|1\n|move|p1a: Umbreon|Swagger|p2a: CEILINGS\n|-boost|p2a: CEILINGS|atk|2\n|-start|p2a: CEILINGS|confusion\n|\n|-heal|p1a: Umbreon|100\/100|[from] item: Leftovers\n|-heal|p2a: CEILINGS|94\/100|[from] item: Leftovers\n|upkeep\n|turn|16\n|\n|t:|1666909840\n|move|p1a: Umbreon|Swagger|p2a: CEILINGS|[miss]\n|-miss|p1a: Umbreon|p2a: CEILINGS\n|-activate|p2a: CEILINGS|confusion\n|move|p2a: CEILINGS|Calm Mind|p2a: CEILINGS\n|-boost|p2a: CEILINGS|spa|1\n|-boost|p2a: CEILINGS|spd|1\n|\n|-heal|p2a: CEILINGS|99\/100|[from] item: Leftovers\n|upkeep\n|turn|17\n|\n|t:|1666909844\n|move|p1a: Umbreon|Foul Play|p2a: CEILINGS\n|-supereffective|p2a: CEILINGS\n|-damage|p2a: CEILINGS|57\/100\n|-end|p2a: CEILINGS|confusion\n|move|p2a: CEILINGS|Calm Mind|p2a: CEILINGS\n|-boost|p2a: CEILINGS|spa|1\n|-boost|p2a: CEILINGS|spd|1\n|\n|-heal|p2a: CEILINGS|63\/100|[from] item: Leftovers\n|upkeep\n|turn|18\n|inactive|IIIodyne has 90 seconds left.\n|\n|t:|1666909850\n|move|p1a: Umbreon|Swagger|p2a: CEILINGS|[miss]\n|-miss|p1a: Umbreon|p2a: CEILINGS\n|move|p2a: CEILINGS|Slack Off|p2a: CEILINGS\n|-heal|p2a: CEILINGS|100\/100\n|\n|upkeep\n|turn|19\n|\n|t:|1666909852\n|move|p1a: Umbreon|Swagger|p2a: CEILINGS|[miss]\n|-miss|p1a: Umbreon|p2a: CEILINGS\n|move|p2a: CEILINGS|Scald|p1a: Umbreon\n|-damage|p1a: Umbreon|85\/100\n|-status|p1a: Umbreon|brn\n|\n|-heal|p1a: Umbreon|91\/100 brn|[from] item: Leftovers\n|-damage|p1a: Umbreon|85\/100 brn|[from] brn\n|upkeep\n|turn|20\n|\n|t:|1666909855\n|move|p1a: Umbreon|Swagger|p2a: CEILINGS|[miss]\n|-miss|p1a: Umbreon|p2a: CEILINGS\n|move|p2a: CEILINGS|Scald|p1a: Umbreon\n|-damage|p1a: Umbreon|69\/100 brn\n|\n|-heal|p1a: Umbreon|75\/100 brn|[from] item: Leftovers\n|-damage|p1a: Umbreon|69\/100 brn|[from] brn\n|upkeep\n|turn|21\n|c|\u2606IIIodyne|are you wonder skin?\n|c|\u2606suloxiv \u266a|no\n|c|\u2606IIIodyne|or am i unlucky\n|inactive|IIIodyne has 90 seconds left.\n|\n|t:|1666909885\n|move|p1a: Umbreon|Swagger|p2a: CEILINGS\n|-boost|p2a: CEILINGS|atk|2\n|-start|p2a: CEILINGS|confusion\n|-activate|p2a: CEILINGS|confusion\n|-damage|p2a: CEILINGS|94\/100|[from] confusion\n|\n|-heal|p1a: Umbreon|75\/100 brn|[from] item: Leftovers\n|-heal|p2a: CEILINGS|99\/100|[from] item: Leftovers\n|-damage|p1a: Umbreon|69\/100 brn|[from] brn\n|upkeep\n|turn|22\n|c|\u2606suloxiv \u266a|maybe just the unreal luck\n|\n|t:|1666909894\n|move|p1a: Umbreon|Foul Play|p2a: CEILINGS\n|-supereffective|p2a: CEILINGS\n|-damage|p2a: CEILINGS|66\/100\n|-activate|p2a: CEILINGS|confusion\n|-damage|p2a: CEILINGS|60\/100|[from] confusion\n|\n|-heal|p1a: Umbreon|75\/100 brn|[from] item: Leftovers\n|-heal|p2a: CEILINGS|66\/100|[from] item: Leftovers\n|-damage|p1a: Umbreon|69\/100 brn|[from] brn\n|upkeep\n|turn|23\n|\n|t:|1666909902\n|move|p1a: Umbreon|Foul Play|p2a: CEILINGS\n|-supereffective|p2a: CEILINGS\n|-damage|p2a: CEILINGS|35\/100\n|-activate|p2a: CEILINGS|confusion\n|move|p2a: CEILINGS|Slack Off|p2a: CEILINGS\n|-heal|p2a: CEILINGS|85\/100\n|\n|-heal|p1a: Umbreon|75\/100 brn|[from] item: Leftovers\n|-heal|p2a: CEILINGS|91\/100|[from] item: Leftovers\n|-damage|p1a: Umbreon|69\/100 brn|[from] brn\n|upkeep\n|turn|24\n|\n|t:|1666909911\n|move|p1a: Umbreon|Foul Play|p2a: CEILINGS\n|-supereffective|p2a: CEILINGS\n|-damage|p2a: CEILINGS|55\/100\n|-activate|p2a: CEILINGS|confusion\n|-damage|p2a: CEILINGS|49\/100|[from] confusion\n|\n|-heal|p1a: Umbreon|75\/100 brn|[from] item: Leftovers\n|-heal|p2a: CEILINGS|55\/100|[from] item: Leftovers\n|-damage|p1a: Umbreon|69\/100 brn|[from] brn\n|upkeep\n|turn|25\n|\n|t:|1666909915\n|move|p1a: Umbreon|Foul Play|p2a: CEILINGS\n|-supereffective|p2a: CEILINGS\n|-damage|p2a: CEILINGS|19\/100\n|-end|p2a: CEILINGS|confusion\n|move|p2a: CEILINGS|Slack Off|p2a: CEILINGS\n|-heal|p2a: CEILINGS|69\/100\n|\n|-heal|p1a: Umbreon|75\/100 brn|[from] item: Leftovers\n|-heal|p2a: CEILINGS|75\/100|[from] item: Leftovers\n|-damage|p1a: Umbreon|69\/100 brn|[from] brn\n|upkeep\n|turn|26\n|c|\u2606suloxiv \u266a|!dt swagger\n|raw|<ul class=\"utilichart\"><li class=\"result\"><span class=\"col movenamecol\"><a href=\"https:\/\/dex.pokemonshowdown.com\/moves\/swagger\">Swagger<\/a><\/span> <span class=\"col typecol\"><img src=\"\/\/play.pokemonshowdown.com\/sprites\/types\/Normal.png\" alt=\"Normal\" width=\"32\" height=\"14\"><img src=\"\/\/play.pokemonshowdown.com\/sprites\/categories\/Status.png\" alt=\"Status\" width=\"32\" height=\"14\"><\/span> <span class=\"col widelabelcol\"><em>Accuracy<\/em><br>85%<\/span> <span class=\"col pplabelcol\"><em>PP<\/em><br>24<\/span> <span class=\"col movedesccol\">Raises the target's Attack by 2 and confuses it.<\/span> <\/li><li style=\"clear:both\"><\/li><\/ul>\n|raw|<font size=\"1\"><font color=\"#686868\">Priority:<\/font> 0&nbsp;|&ThickSpace;<font color=\"#686868\">Gen:<\/font> 2&nbsp;|&ThickSpace;&#10003; Bounceable&nbsp;|&ThickSpace;<font color=\"#686868\">Z-Effect:<\/font> Restores negative stat stages to 0&nbsp;|&ThickSpace;<font color=\"#686868\">Target:<\/font> One Adjacent Pok\u00e9mon<\/font>\n\n|\n|t:|1666909923\n|move|p1a: Umbreon|Heal Bell|p1a: Umbreon\n|-activate|p1a: Umbreon|move: Heal Bell\n|-curestatus|p1a: Umbreon|brn|[msg]\n|move|p2a: CEILINGS|Scald|p1a: Umbreon\n|-damage|p1a: Umbreon|53\/100\n|\n|-heal|p1a: Umbreon|59\/100|[from] item: Leftovers\n|-heal|p2a: CEILINGS|81\/100|[from] item: Leftovers\n|upkeep\n|turn|27\n|\n|t:|1666909931\n|switch|p2a: HATE TO BE LAME|Mandibuzz, F|100\/100\n|move|p1a: Umbreon|Swagger|p2a: HATE TO BE LAME\n|-boost|p2a: HATE TO BE LAME|atk|2\n|-start|p2a: HATE TO BE LAME|confusion\n|\n|-heal|p1a: Umbreon|65\/100|[from] item: Leftovers\n|upkeep\n|turn|28\n|l| Asb04\n|\n|t:|1666909936\n|-activate|p2a: HATE TO BE LAME|confusion\n|move|p2a: HATE TO BE LAME|U-turn|p1a: Umbreon\n|-supereffective|p1a: Umbreon\n|-damage|p1a: Umbreon|48\/100\n|\n|t:|1666909939\n|switch|p2a: WHAT A SHAME|Chansey, F|99\/100|[from]move: U-turn\n|move|p1a: Umbreon|Wish|p1a: Umbreon\n|\n|-heal|p1a: Umbreon|54\/100|[from] item: Leftovers\n|upkeep\n|turn|29\n|\n|t:|1666909944\n|move|p1a: Umbreon|Swagger|p2a: WHAT A SHAME|[miss]\n|-miss|p1a: Umbreon|p2a: WHAT A SHAME\n|move|p2a: WHAT A SHAME|Toxic|p1a: Umbreon\n|-status|p1a: Umbreon|tox\n|\n|-heal|p1a: Umbreon|100\/100 tox|[from] move: Wish|[wisher] Umbreon\n|-damage|p1a: Umbreon|94\/100 tox|[from] psn\n|upkeep\n|turn|30\n|\n|t:|1666909953\n|switch|p2a: CEILINGS|Slowbro, F|81\/100\n|-damage|p2a: CEILINGS|68\/100|[from] Stealth Rock\n|-ability|p2a: CEILINGS|Dauntless Shield|boost\n|-boost|p2a: CEILINGS|def|1\n|move|p1a: Umbreon|Swagger|p2a: CEILINGS|[miss]\n|-miss|p1a: Umbreon|p2a: CEILINGS\n|\n|-heal|p1a: Umbreon|100\/100 tox|[from] item: Leftovers\n|-heal|p2a: CEILINGS|74\/100|[from] item: Leftovers\n|-damage|p1a: Umbreon|88\/100 tox|[from] psn\n|upkeep\n|turn|31\n|\n|t:|1666909959\n|move|p1a: Umbreon|Swagger|p2a: CEILINGS|[miss]\n|-miss|p1a: Umbreon|p2a: CEILINGS\n|move|p2a: CEILINGS|Calm Mind|p2a: CEILINGS\n|-boost|p2a: CEILINGS|spa|1\n|-boost|p2a: CEILINGS|spd|1\n|\n|-heal|p1a: Umbreon|94\/100 tox|[from] item: Leftovers\n|-heal|p2a: CEILINGS|80\/100|[from] item: Leftovers\n|-damage|p1a: Umbreon|76\/100 tox|[from] psn\n|upkeep\n|turn|32\n|\n|t:|1666909961\n|move|p1a: Umbreon|Heal Bell|p1a: Umbreon\n|-activate|p1a: Umbreon|move: Heal Bell\n|-curestatus|p1a: Umbreon|tox|[msg]\n|move|p2a: CEILINGS|Calm Mind|p2a: CEILINGS\n|-boost|p2a: CEILINGS|spa|1\n|-boost|p2a: CEILINGS|spd|1\n|\n|-heal|p1a: Umbreon|82\/100|[from] item: Leftovers\n|-heal|p2a: CEILINGS|87\/100|[from] item: Leftovers\n|upkeep\n|turn|33\n|j|+Duckthulhu\n|\n|t:|1666909964\n|move|p1a: Umbreon|Swagger|p2a: CEILINGS\n|-boost|p2a: CEILINGS|atk|2\n|-start|p2a: CEILINGS|confusion\n|-activate|p2a: CEILINGS|confusion\n|move|p2a: CEILINGS|Scald|p1a: Umbreon\n|-crit|p1a: Umbreon\n|-damage|p1a: Umbreon|58\/100\n|\n|-heal|p1a: Umbreon|64\/100|[from] item: Leftovers\n|-heal|p2a: CEILINGS|93\/100|[from] item: Leftovers\n|upkeep\n|turn|34\n|\n|t:|1666909968\n|move|p1a: Umbreon|Swagger|p2a: CEILINGS\n|-boost|p2a: CEILINGS|atk|2\n|-activate|p2a: CEILINGS|confusion\n|move|p2a: CEILINGS|Scald|p1a: Umbreon\n|-damage|p1a: Umbreon|49\/100\n|\n|-heal|p1a: Umbreon|56\/100|[from] item: Leftovers\n|-heal|p2a: CEILINGS|99\/100|[from] item: Leftovers\n|upkeep\n|turn|35\n|\n|t:|1666909972\n|move|p1a: Umbreon|Foul Play|p2a: CEILINGS\n|-supereffective|p2a: CEILINGS\n|-damage|p2a: CEILINGS|26\/100\n|-activate|p2a: CEILINGS|confusion\n|-damage|p2a: CEILINGS|19\/100|[from] confusion\n|\n|-heal|p1a: Umbreon|62\/100|[from] item: Leftovers\n|-heal|p2a: CEILINGS|25\/100|[from] item: Leftovers\n|upkeep\n|turn|36\n|\n|t:|1666909976\n|switch|p2a: WHAT A SHAME|Chansey, F|99\/100\n|move|p1a: Umbreon|Foul Play|p2a: WHAT A SHAME\n|-damage|p2a: WHAT A SHAME|97\/100\n|\n|-heal|p1a: Umbreon|68\/100|[from] item: Leftovers\n|upkeep\n|turn|37\n|c|+Duckthulhu|su**L**oxiv\u266a\n|c|\u2606IIIodyne|hey man i g2g\n|c|\u2606IIIodyne|cya\n|c|\u2606suloxiv \u266a|NAUR\n|-message|IIIodyne forfeited.\n|\n|win|suloxiv \u266a\n|n|\u2606IIIodyne|iiiodyne\n|n|\u2606suloxiv \u266a|suloxiv\n|n| Tea Guzzler|teaguzzler\n|n| Slicez862|slicez862\n|n| Sandchans|sandchans\n|n| spooken' nukem|spookennukem\n|n| CsidNoDyg|csidnodyg\n|n| Duckthulhu|duckthulhu\n","uploadtime":1666909985,"views":9,"p1id":"iiiodyne","p2id":"suloxiv","formatid":"gen8almostanyability","rating":0,"private":0,"password":null}