{"id":"gen8ou-1602748620","p1":"that boy PO","p2":"Down$hift","format":"gen8ou","log":"|j|\u2606that boy PO\n|j|\u2606Down$hift\n|t:|1656012773\n|gametype|singles\n|player|p1|that boy PO|2|1672\n|player|p2|Down$hift|teamrocket|1823\n|teamsize|p1|6\n|teamsize|p2|6\n|gen|8\n|tier|[Gen 8] OU\n|rated|\n|rule|Sleep Clause Mod: Limit one foe put to sleep\n|rule|Species Clause: Limit one of each Pok\u00e9mon\n|rule|OHKO Clause: OHKO moves are banned\n|rule|Evasion Moves Clause: Evasion moves are banned\n|rule|Endless Battle Clause: Forcing endless battles is banned\n|rule|HP Percentage Mod: HP is shown in percentages\n|rule|Dynamax Clause: You cannot dynamax\n|clearpoke\n|poke|p1|Torkoal, F|\n|poke|p1|Jirachi|\n|poke|p1|Venusaur, F|\n|poke|p1|Landorus-Therian, M|\n|poke|p1|Mandibuzz, F|\n|poke|p1|Reuniclus, F|\n|poke|p2|Magnezone|\n|poke|p2|Volcarona, M|\n|poke|p2|Clefable, F|\n|poke|p2|Tornadus-Therian, M|\n|poke|p2|Toxapex, M|\n|poke|p2|Landorus-Therian, M|\n|teampreview\n|c|\u2606Down$hift|Hf\n|inactive|Battle timer is ON: inactive players will automatically lose when time's up. (requested by that boy PO)\n|\n|t:|1656012797\n|start\n|switch|p1a: Jirachi|Jirachi|100\/100\n|switch|p2a: Torn Anus|Tornadus-Therian, M|100\/100\n|turn|1\n|\n|t:|1656012803\n|move|p1a: Jirachi|U-turn|p2a: Torn Anus\n|-resisted|p2a: Torn Anus\n|-damage|p2a: Torn Anus|88\/100\n|\n|t:|1656012807\n|switch|p1a: Landorus|Landorus-Therian, M|100\/100|[from]move: U-turn\n|-ability|p1a: Landorus|Intimidate|boost\n|-unboost|p2a: Torn Anus|atk|1\n|move|p2a: Torn Anus|Taunt|p1a: Landorus\n|-start|p1a: Landorus|move: Taunt\n|\n|upkeep\n|turn|2\n|\n|t:|1656012810\n|move|p2a: Torn Anus|Nasty Plot|p2a: Torn Anus\n|-boost|p2a: Torn Anus|spa|2\n|move|p1a: Landorus|Stone Edge|p2a: Torn Anus\n|-supereffective|p2a: Torn Anus\n|-damage|p2a: Torn Anus|13\/100\n|\n|upkeep\n|turn|3\n|\n|t:|1656012815\n|switch|p2a: Pink Menace|Clefable, F|100\/100\n|switch|p1a: Jirachi|Jirachi|100\/100\n|\n|upkeep\n|turn|4\n|\n|t:|1656012819\n|switch|p2a: Pr\u00e9dast\u00e9rie|Toxapex, M|100\/100\n|move|p1a: Jirachi|U-turn|p2a: Pr\u00e9dast\u00e9rie\n|-resisted|p2a: Pr\u00e9dast\u00e9rie\n|-crit|p2a: Pr\u00e9dast\u00e9rie\n|-damage|p2a: Pr\u00e9dast\u00e9rie|90\/100\n|-enditem|p2a: Pr\u00e9dast\u00e9rie|Eject Button\n|\n|t:|1656012824\n|switch|p2a: Pandemic|Volcarona, M|100\/100\n|\n|upkeep\n|turn|5\n|\n|t:|1656012828\n|switch|p1a: Landorus|Landorus-Therian, M|100\/100\n|-ability|p1a: Landorus|Intimidate|boost\n|-unboost|p2a: Pandemic|atk|1\n|move|p2a: Pandemic|Flamethrower|p1a: Landorus\n|-damage|p1a: Landorus|59\/100\n|\n|-heal|p1a: Landorus|65\/100|[from] item: Leftovers\n|upkeep\n|turn|6\n|\n|t:|1656012834\n|switch|p2a: Pink Menace|Clefable, F|100\/100\n|move|p1a: Landorus|Substitute|p1a: Landorus\n|-start|p1a: Landorus|Substitute\n|-damage|p1a: Landorus|40\/100\n|\n|-heal|p1a: Landorus|46\/100|[from] item: Leftovers\n|upkeep\n|turn|7\n|\n|t:|1656012838\n|move|p1a: Landorus|Earthquake|p2a: Pink Menace\n|-crit|p2a: Pink Menace\n|-damage|p2a: Pink Menace|43\/100\n|move|p2a: Pink Menace|Moonblast|p1a: Landorus\n|-end|p1a: Landorus|Substitute\n|\n|-heal|p1a: Landorus|52\/100|[from] item: Leftovers\n|upkeep\n|turn|8\n|\n|t:|1656012844\n|switch|p1a: Torkoal|Torkoal, F|100\/100\n|-weather|SunnyDay|[from] ability: Drought|[of] p1a: Torkoal\n|move|p2a: Pink Menace|Soft-Boiled|p2a: Pink Menace\n|-heal|p2a: Pink Menace|93\/100\n|\n|-weather|SunnyDay|[upkeep]\n|upkeep\n|turn|9\n|\n|t:|1656012846\n|move|p2a: Pink Menace|Stealth Rock|p1a: Torkoal\n|-sidestart|p1: that boy PO|move: Stealth Rock\n|move|p1a: Torkoal|Eruption|p2a: Pink Menace\n|-damage|p2a: Pink Menace|0 fnt\n|faint|p2a: Pink Menace\n|\n|-weather|SunnyDay|[upkeep]\n|upkeep\n|inactive|Down$hift has 120 seconds left.\n|c|\u2606that boy PO|t\n|inactive|Down$hift has 90 seconds left.\n|\n|t:|1656012935\n|switch|p2a: LandOUrus-T|Landorus-Therian, M|100\/100\n|-ability|p2a: LandOUrus-T|Intimidate|boost\n|-unboost|p1a: Torkoal|atk|1\n|turn|10\n|\n|t:|1656012941\n|switch|p1a: Mandibuzz|Mandibuzz, F|100\/100\n|move|p2a: LandOUrus-T|U-turn|p1a: Mandibuzz\n|-damage|p1a: Mandibuzz|86\/100\n|\n|t:|1656012946\n|switch|p2a: Pandemic|Volcarona, M|100\/100|[from]move: U-turn\n|\n|-weather|SunnyDay|[upkeep]\n|upkeep\n|turn|11\n|\n|t:|1656012951\n|move|p2a: Pandemic|Quiver Dance|p2a: Pandemic\n|-boost|p2a: Pandemic|spa|1\n|-boost|p2a: Pandemic|spd|1\n|-boost|p2a: Pandemic|spe|1\n|move|p1a: Mandibuzz|U-turn|p2a: Pandemic\n|-resisted|p2a: Pandemic\n|-damage|p2a: Pandemic|95\/100\n|\n|t:|1656012961\n|switch|p1a: It\u2019s a baby|Reuniclus, F|100\/100|[from]move: U-turn\n|\n|-weather|SunnyDay|[upkeep]\n|upkeep\n|turn|12\n|\n|t:|1656012964\n|move|p2a: Pandemic|Flamethrower|p1a: It\u2019s a baby\n|-damage|p1a: It\u2019s a baby|24\/100\n|move|p1a: It\u2019s a baby|Trick Room|p1a: It\u2019s a baby\n|-fieldstart|move: Trick Room|[of] p1a: It\u2019s a baby\n|\n|-weather|none\n|upkeep\n|turn|13\n|\n|t:|1656012972\n|move|p1a: It\u2019s a baby|Psychic|p2a: Pandemic\n|-damage|p2a: Pandemic|55\/100\n|move|p2a: Pandemic|Flamethrower|p1a: It\u2019s a baby\n|-damage|p1a: It\u2019s a baby|0 fnt\n|faint|p1a: It\u2019s a baby\n|\n|upkeep\n|\n|t:|1656012975\n|switch|p1a: Landorus|Landorus-Therian, M|52\/100\n|-damage|p1a: Landorus|40\/100|[from] Stealth Rock\n|-ability|p1a: Landorus|Intimidate|boost\n|-unboost|p2a: Pandemic|atk|1\n|turn|14\n|\n|t:|1656012980\n|switch|p2a: LandOUrus-T|Landorus-Therian, M|100\/100\n|-ability|p2a: LandOUrus-T|Intimidate|boost\n|-unboost|p1a: Landorus|atk|1\n|move|p1a: Landorus|Stone Edge|p2a: LandOUrus-T\n|-damage|p2a: LandOUrus-T|77\/100\n|\n|-heal|p1a: Landorus|46\/100|[from] item: Leftovers\n|upkeep\n|turn|15\n|\n|t:|1656012992\n|move|p1a: Landorus|Substitute|p1a: Landorus\n|-start|p1a: Landorus|Substitute\n|-damage|p1a: Landorus|21\/100\n|move|p2a: LandOUrus-T|Stone Edge|p1a: Landorus|[miss]\n|-miss|p2a: LandOUrus-T|p1a: Landorus\n|\n|-heal|p1a: Landorus|27\/100|[from] item: Leftovers\n|upkeep\n|turn|16\n|\n|t:|1656013001\n|move|p1a: Landorus|Swords Dance|p1a: Landorus\n|-boost|p1a: Landorus|atk|2\n|move|p2a: LandOUrus-T|Stone Edge|p1a: Landorus\n|-end|p1a: Landorus|Substitute\n|\n|-heal|p1a: Landorus|33\/100|[from] item: Leftovers\n|-fieldend|move: Trick Room\n|upkeep\n|turn|17\n|\n|t:|1656013009\n|move|p2a: LandOUrus-T|Stone Edge|p1a: Landorus\n|-damage|p1a: Landorus|0 fnt\n|faint|p1a: Landorus\n|\n|upkeep\n|\n|t:|1656013017\n|switch|p1a: Jirachi|Jirachi|100\/100\n|-damage|p1a: Jirachi|94\/100|[from] Stealth Rock\n|turn|18\n|\n|t:|1656013023\n|switch|p2a: Pr\u00e9dast\u00e9rie|Toxapex, M|100\/100\n|move|p1a: Jirachi|U-turn|p2a: Pr\u00e9dast\u00e9rie\n|-resisted|p2a: Pr\u00e9dast\u00e9rie\n|-damage|p2a: Pr\u00e9dast\u00e9rie|93\/100\n|\n|t:|1656013032\n|switch|p1a: Torkoal|Torkoal, F|100\/100|[from]move: U-turn\n|-damage|p1a: Torkoal|76\/100|[from] Stealth Rock\n|-weather|SunnyDay|[from] ability: Drought|[of] p1a: Torkoal\n|\n|-weather|SunnyDay|[upkeep]\n|upkeep\n|turn|19\n|\n|t:|1656013040\n|move|p2a: Pr\u00e9dast\u00e9rie|Knock Off|p1a: Torkoal\n|-damage|p1a: Torkoal|65\/100\n|-enditem|p1a: Torkoal|Choice Specs|[from] move: Knock Off|[of] p2a: Pr\u00e9dast\u00e9rie\n|move|p1a: Torkoal|Stealth Rock|p2a: Pr\u00e9dast\u00e9rie\n|-sidestart|p2: Down$hift|move: Stealth Rock\n|\n|-weather|SunnyDay|[upkeep]\n|upkeep\n|turn|20\n|\n|t:|1656013047\n|switch|p1a: Venusaur|Venusaur, F|100\/100\n|-damage|p1a: Venusaur|88\/100|[from] Stealth Rock\n|move|p2a: Pr\u00e9dast\u00e9rie|Knock Off|p1a: Venusaur\n|-damage|p1a: Venusaur|66\/100\n|-enditem|p1a: Venusaur|Life Orb|[from] move: Knock Off|[of] p2a: Pr\u00e9dast\u00e9rie\n|\n|-weather|SunnyDay|[upkeep]\n|upkeep\n|turn|21\n|\n|t:|1656013053\n|move|p1a: Venusaur|Growth|p1a: Venusaur\n|-boost|p1a: Venusaur|atk|2\n|-boost|p1a: Venusaur|spa|2\n|move|p2a: Pr\u00e9dast\u00e9rie|Haze|p2a: Pr\u00e9dast\u00e9rie\n|-clearallboost\n|\n|-weather|SunnyDay|[upkeep]\n|upkeep\n|turn|22\n|\n|t:|1656013059\n|move|p1a: Venusaur|Earth Power|p2a: Pr\u00e9dast\u00e9rie\n|-supereffective|p2a: Pr\u00e9dast\u00e9rie\n|-damage|p2a: Pr\u00e9dast\u00e9rie|57\/100\n|move|p2a: Pr\u00e9dast\u00e9rie|Haze|p2a: Pr\u00e9dast\u00e9rie\n|-clearallboost\n|\n|-weather|none\n|upkeep\n|turn|23\n|\n|t:|1656013070\n|switch|p2a: Torn Anus|Tornadus-Therian, M|46\/100\n|move|p1a: Venusaur|Giga Drain|p2a: Torn Anus\n|-resisted|p2a: Torn Anus\n|-damage|p2a: Torn Anus|28\/100\n|-heal|p1a: Venusaur|77\/100|[from] drain|[of] p2a: Torn Anus\n|\n|upkeep\n|turn|24\n|\n|t:|1656013076\n|switch|p1a: Jirachi|Jirachi|94\/100\n|-damage|p1a: Jirachi|88\/100|[from] Stealth Rock\n|move|p2a: Torn Anus|Heat Wave|p1a: Jirachi\n|-supereffective|p1a: Jirachi\n|-damage|p1a: Jirachi|40\/100\n|\n|upkeep\n|turn|25\n|\n|t:|1656013081\n|switch|p2a: Pr\u00e9dast\u00e9rie|Toxapex, M|91\/100\n|-damage|p2a: Pr\u00e9dast\u00e9rie|78\/100|[from] Stealth Rock\n|move|p1a: Jirachi|U-turn|p2a: Pr\u00e9dast\u00e9rie\n|-resisted|p2a: Pr\u00e9dast\u00e9rie\n|-damage|p2a: Pr\u00e9dast\u00e9rie|71\/100\n|\n|t:|1656013084\n|switch|p1a: Venusaur|Venusaur, F|77\/100|[from]move: U-turn\n|-damage|p1a: Venusaur|65\/100|[from] Stealth Rock\n|\n|upkeep\n|turn|26\n|\n|t:|1656013093\n|switch|p2a: Torn Anus|Tornadus-Therian, M|61\/100\n|move|p1a: Venusaur|Weather Ball|p2a: Torn Anus\n|-damage|p2a: Torn Anus|46\/100\n|\n|upkeep\n|turn|27\n|-message|that boy PO forfeited.\n|\n|win|Down$hift\n|raw|that boy PO's rating: 1672 &rarr; <strong>1660<\/strong><br \/>(-12 for losing)\n|raw|Down$hift's rating: 1823 &rarr; <strong>1835<\/strong><br \/>(+12 for winning)\n|l|\u2606that boy PO\n|j| Composer Sigma\n|j| L'chonk2\n|j| slingshot279\n|j| htcl (>\u25e1<)\n|c| L'chonk2|sun stall O_O\n||Ladder isn't responding, score probably updated but might not have (Request timeout).\n|l| htcl (>\u25e1<)\n|l| slingshot279\n|l| Composer Sigma\n|l| L'chonk2\n|c|\u2606Down$hift|Wdym sun stall\n|c|\u2606Down$hift|He has 5 offensive mons\n|j| Molpk\n|l| Molpk\n","uploadtime":1656013266,"views":87,"p1id":"thatboypo","p2id":"downhift","formatid":"gen8ou","rating":1660,"private":0,"password":null}