{"id":"gen8anythinggoes-1681238605","p1":"yokobaby","p2":"AGLT5TXTiltMaster","format":"gen8anythinggoes","log":"|raw|<div class=\"broadcast-blue\"><strong>This battle is required to be public due to a player having a name starting with 'aglt5tx'.<\/div>\n|j|\u2606yokobaby\n|j|\u2606AGLT5TXTiltMaster\n|t:|1665285437\n|gametype|singles\n|player|p1|yokobaby|cynthia-masters|1818\n|player|p2|AGLT5TXTiltMaster|swimmer|1913\n|teamsize|p1|6\n|teamsize|p2|6\n|gen|8\n|tier|[Gen 8] Anything Goes\n|rated|\n|rule|HP Percentage Mod: HP is shown in percentages\n|rule|Endless Battle Clause: Forcing endless battles is banned\n|clearpoke\n|poke|p1|Ditto|\n|poke|p1|Kyogre|\n|poke|p1|Ferrothorn, F|\n|poke|p1|Eternatus|\n|poke|p1|Yveltal|\n|poke|p1|Necrozma-Dusk-Mane|\n|poke|p2|Groudon|\n|poke|p2|Grimmsnarl, M|\n|poke|p2|Necrozma-Dusk-Mane|\n|poke|p2|Calyrex-Shadow|\n|poke|p2|Zekrom|\n|poke|p2|Xerneas-*|\n|teampreview\n|inactive|Battle timer is ON: inactive players will automatically lose when time's up. (requested by yokobaby)\n|\n|t:|1665285463\n|start\n|switch|p1a: Kyogre|Kyogre|100\/100\n|switch|p2a: Groudon|Groudon|100\/100\n|-weather|SunnyDay|[from] ability: Drought|[of] p2a: Groudon\n|-weather|RainDance|[from] ability: Drizzle|[of] p1a: Kyogre\n|turn|1\n|\n|t:|1665285477\n|move|p2a: Groudon|Stealth Rock|p1a: Kyogre\n|-sidestart|p1: yokobaby|move: Stealth Rock\n|move|p1a: Kyogre|Substitute|p1a: Kyogre\n|-start|p1a: Kyogre|Substitute\n|-damage|p1a: Kyogre|76\/100\n|\n|-weather|RainDance|[upkeep]\n|-heal|p1a: Kyogre|82\/100|[from] item: Leftovers\n|upkeep\n|turn|2\n|\n|t:|1665285480\n|move|p2a: Groudon|Precipice Blades|p1a: Kyogre\n|-crit|p1a: Kyogre\n|-end|p1a: Kyogre|Substitute\n|move|p1a: Kyogre|Surf|p2a: Groudon\n|-supereffective|p2a: Groudon\n|-enditem|p2a: Groudon|Focus Sash\n|-damage|p2a: Groudon|1\/100\n|\n|-weather|RainDance|[upkeep]\n|-heal|p1a: Kyogre|88\/100|[from] item: Leftovers\n|upkeep\n|turn|3\n|\n|t:|1665285486\n|move|p2a: Groudon|Precipice Blades|p1a: Kyogre\n|-damage|p1a: Kyogre|39\/100\n|move|p1a: Kyogre|Surf|p2a: Groudon\n|-supereffective|p2a: Groudon\n|-damage|p2a: Groudon|0 fnt\n|faint|p2a: Groudon\n|\n|-weather|RainDance|[upkeep]\n|-heal|p1a: Kyogre|46\/100|[from] item: Leftovers\n|upkeep\n|\n|t:|1665285498\n|switch|p2a: Xerneas|Xerneas|100\/100\n|-ability|p2a: Xerneas|Fairy Aura\n|turn|4\n|\n|t:|1665285501\n|move|p2a: Xerneas|Geomancy||[still]\n|-prepare|p2a: Xerneas|Geomancy\n|-enditem|p2a: Xerneas|Power Herb\n|-anim|p2a: Xerneas|Geomancy|p2a: Xerneas\n|-boost|p2a: Xerneas|spa|2\n|-boost|p2a: Xerneas|spd|2\n|-boost|p2a: Xerneas|spe|2\n|move|p1a: Kyogre|Surf|p2a: Xerneas\n|-damage|p2a: Xerneas|73\/100\n|\n|-weather|RainDance|[upkeep]\n|-heal|p1a: Kyogre|52\/100|[from] item: Leftovers\n|upkeep\n|turn|5\n|\n|t:|1665285510\n|move|p2a: Xerneas|Substitute|p2a: Xerneas\n|-start|p2a: Xerneas|Substitute\n|-damage|p2a: Xerneas|48\/100\n|move|p1a: Kyogre|Surf|p2a: Xerneas\n|-end|p2a: Xerneas|Substitute\n|\n|-weather|none\n|-heal|p1a: Kyogre|58\/100|[from] item: Leftovers\n|upkeep\n|turn|6\n|\n|t:|1665285514\n|move|p2a: Xerneas|Substitute|p2a: Xerneas\n|-start|p2a: Xerneas|Substitute\n|-damage|p2a: Xerneas|23\/100\n|move|p1a: Kyogre|Surf|p2a: Xerneas\n|-activate|p2a: Xerneas|move: Substitute|[damage]\n|\n|-heal|p1a: Kyogre|64\/100|[from] item: Leftovers\n|upkeep\n|turn|7\n|\n|t:|1665285517\n|move|p2a: Xerneas|Moonblast|p1a: Kyogre\n|-damage|p1a: Kyogre|0 fnt\n|faint|p1a: Kyogre\n|\n|upkeep\n|\n|t:|1665285520\n|switch|p1a: Necrozma|Necrozma-Dusk-Mane|100\/100\n|-damage|p1a: Necrozma|94\/100|[from] Stealth Rock\n|turn|8\n|j| aglt5tx hand soap\n|\n|t:|1665285523\n|move|p2a: Xerneas|Moonblast|p1a: Necrozma\n|-resisted|p1a: Necrozma\n|-damage|p1a: Necrozma|35\/100\n|move|p1a: Necrozma|Sunsteel Strike|p2a: Xerneas\n|-supereffective|p2a: Xerneas\n|-end|p2a: Xerneas|Substitute\n|\n|upkeep\n|turn|9\n|\n|t:|1665285530\n|move|p2a: Xerneas|Moonblast|p1a: Necrozma\n|-resisted|p1a: Necrozma\n|-damage|p1a: Necrozma|0 fnt\n|faint|p1a: Necrozma\n|\n|upkeep\n|\n|t:|1665285531\n|switch|p1a: Ditto|Ditto|100\/100\n|-damage|p1a: Ditto|88\/100|[from] Stealth Rock\n|-transform|p1a: Ditto|p2a: Xerneas|[from] ability: Imposter\n|-ability|p1a: Ditto|Fairy Aura\n|turn|10\n|j| Kyarumi\n|\n|t:|1665285536\n|-start|p1a: Ditto|Dynamax|\n|-heal|p1a: Ditto|88\/100|[silent]\n|move|p2a: Xerneas|Moonblast|p1a: Ditto\n|-damage|p1a: Ditto|47\/100\n|move|p1a: Ditto|Max Starfall|p2a: Xerneas\n|-damage|p2a: Xerneas|0 fnt\n|-fieldstart|move: Misty Terrain\n|faint|p2a: Xerneas\n|\n|upkeep\n|l| Kyarumi\n|\n|t:|1665285553\n|switch|p2a: Necrozma|Necrozma-Dusk-Mane|100\/100\n|turn|11\n|\n|t:|1665285560\n|-end|p1a: Ditto|Dynamax\n|-heal|p1a: Ditto|48\/100|[silent]\n|switch|p1a: Ferrothorn|Ferrothorn, F|100\/100\n|-damage|p1a: Ferrothorn|94\/100|[from] Stealth Rock\n|-start|p2a: Necrozma|Dynamax|\n|-heal|p2a: Necrozma|100\/100|[silent]\n|move|p2a: Necrozma|Max Steelspike|p1a: Ferrothorn\n|-resisted|p1a: Ferrothorn\n|-damage|p1a: Ferrothorn|72\/100\n|-boost|p2a: Necrozma|def|1\n|\n|-heal|p1a: Ferrothorn|78\/100|[from] item: Leftovers\n|upkeep\n|turn|12\n|\n|t:|1665285566\n|-end|p2a: Necrozma|Dynamax\n|-heal|p2a: Necrozma|100\/100|[silent]\n|switch|p2a: Grimmsnarl|Grimmsnarl, M|100\/100\n|move|p1a: Ferrothorn|Stealth Rock|p2a: Grimmsnarl\n|-sidestart|p2: AGLT5TXTiltMaster|move: Stealth Rock\n|\n|-heal|p1a: Ferrothorn|84\/100|[from] item: Leftovers\n|upkeep\n|turn|13\n|\n|t:|1665285569\n|move|p2a: Grimmsnarl|Taunt|p1a: Ferrothorn\n|-start|p1a: Ferrothorn|move: Taunt\n|move|p1a: Ferrothorn|Body Press|p2a: Grimmsnarl\n|-damage|p2a: Grimmsnarl|75\/100\n|\n|-heal|p1a: Ferrothorn|91\/100|[from] item: Leftovers\n|upkeep\n|turn|14\n|\n|t:|1665285572\n|switch|p2a: Calyrex|Calyrex-Shadow|100\/100\n|-ability|p2a: Calyrex|As One\n|-ability|p2a: Calyrex|Unnerve\n|-damage|p2a: Calyrex|88\/100|[from] Stealth Rock\n|switch|p1a: Yveltal|Yveltal|100\/100\n|-ability|p1a: Yveltal|Dark Aura\n|\n|-fieldend|Misty Terrain\n|upkeep\n|turn|15\n|\n|t:|1665285576\n|switch|p2a: Zekrom|Zekrom|100\/100\n|-damage|p2a: Zekrom|88\/100|[from] Stealth Rock\n|-ability|p2a: Zekrom|Teravolt\n|move|p1a: Yveltal|Knock Off|p2a: Zekrom\n|-damage|p2a: Zekrom|32\/100\n|-enditem|p2a: Zekrom|Leftovers|[from] move: Knock Off|[of] p1a: Yveltal\n|\n|upkeep\n|turn|16\n|\n|t:|1665285581\n|switch|p1a: Ferrothorn|Ferrothorn, F|91\/100\n|-damage|p1a: Ferrothorn|84\/100|[from] Stealth Rock\n|move|p2a: Zekrom|Bolt Strike|p1a: Ferrothorn\n|-resisted|p1a: Ferrothorn\n|-damage|p1a: Ferrothorn|62\/100\n|-status|p1a: Ferrothorn|par\n|-damage|p2a: Zekrom|20\/100|[from] ability: Iron Barbs|[of] p1a: Ferrothorn\n|\n|-heal|p1a: Ferrothorn|68\/100 par|[from] item: Leftovers\n|upkeep\n|turn|17\n|\n|t:|1665285585\n|move|p2a: Zekrom|Bolt Strike|p1a: Ferrothorn|[miss]\n|-miss|p2a: Zekrom|p1a: Ferrothorn\n|move|p1a: Ferrothorn|Leech Seed|p2a: Zekrom\n|-start|p2a: Zekrom|move: Leech Seed\n|\n|-heal|p1a: Ferrothorn|75\/100 par|[from] item: Leftovers\n|-damage|p2a: Zekrom|8\/100|[from] Leech Seed|[of] p1a: Ferrothorn\n|-heal|p1a: Ferrothorn|87\/100 par|[silent]\n|upkeep\n|turn|18\n|\n|t:|1665285591\n|move|p2a: Zekrom|Bolt Strike|p1a: Ferrothorn\n|-resisted|p1a: Ferrothorn\n|-damage|p1a: Ferrothorn|64\/100 par\n|-damage|p2a: Zekrom|0 fnt|[from] ability: Iron Barbs|[of] p1a: Ferrothorn\n|faint|p2a: Zekrom\n|move|p1a: Ferrothorn|Leech Seed|p2: Zekrom|[notarget]\n|-fail|p1a: Ferrothorn\n|\n|-heal|p1a: Ferrothorn|71\/100 par|[from] item: Leftovers\n|upkeep\n|\n|t:|1665285593\n|switch|p2a: Calyrex|Calyrex-Shadow|88\/100\n|-ability|p2a: Calyrex|As One\n|-ability|p2a: Calyrex|Unnerve\n|-damage|p2a: Calyrex|76\/100|[from] Stealth Rock\n|turn|19\n|\n|t:|1665285596\n|switch|p1a: Yveltal|Yveltal|100\/100\n|-ability|p1a: Yveltal|Dark Aura\n|move|p2a: Calyrex|Substitute|p2a: Calyrex\n|-start|p2a: Calyrex|Substitute\n|-damage|p2a: Calyrex|51\/100\n|\n|upkeep\n|turn|20\n|j| GoldenPikachuu\n|\n|t:|1665285598\n|move|p2a: Calyrex|Draining Kiss|p1a: Yveltal\n|-supereffective|p1a: Yveltal\n|-damage|p1a: Yveltal|68\/100\n|-heal|p2a: Calyrex|83\/100|[from] drain|[of] p1a: Yveltal\n|-damage|p2a: Calyrex|73\/100|[from] item: Life Orb\n|move|p1a: Yveltal|Knock Off|p2a: Calyrex\n|-supereffective|p2a: Calyrex\n|-end|p2a: Calyrex|Substitute\n|\n|upkeep\n|turn|21\n|\n|t:|1665285609\n|switch|p2a: Necrozma|Necrozma-Dusk-Mane|100\/100\n|-damage|p2a: Necrozma|95\/100|[from] Stealth Rock\n|move|p1a: Yveltal|Roost|p1a: Yveltal\n|-heal|p1a: Yveltal|100\/100\n|-singleturn|p1a: Yveltal|move: Roost\n|\n|upkeep\n|turn|22\n|\n|t:|1665285613\n|move|p2a: Necrozma|Stone Edge|p1a: Yveltal\n|-supereffective|p1a: Yveltal\n|-crit|p1a: Yveltal\n|-damage|p1a: Yveltal|0 fnt\n|faint|p1a: Yveltal\n|\n|upkeep\n|\n|t:|1665285617\n|switch|p1a: Ferrothorn|Ferrothorn, F|71\/100 par\n|-damage|p1a: Ferrothorn|64\/100 par|[from] Stealth Rock\n|turn|23\n|\n|t:|1665285623\n|switch|p2a: Grimmsnarl|Grimmsnarl, M|75\/100\n|-damage|p2a: Grimmsnarl|62\/100|[from] Stealth Rock\n|cant|p1a: Ferrothorn|par\n|\n|-heal|p1a: Ferrothorn|71\/100 par|[from] item: Leftovers\n|upkeep\n|turn|24\n|\n|t:|1665285626\n|move|p2a: Grimmsnarl|Play Rough|p1a: Ferrothorn\n|-resisted|p1a: Ferrothorn\n|-damage|p1a: Ferrothorn|61\/100 par\n|-unboost|p1a: Ferrothorn|atk|1\n|-damage|p2a: Grimmsnarl|50\/100|[from] ability: Iron Barbs|[of] p1a: Ferrothorn\n|move|p1a: Ferrothorn|Body Press|p2a: Grimmsnarl\n|-damage|p2a: Grimmsnarl|23\/100\n|\n|-heal|p1a: Ferrothorn|67\/100 par|[from] item: Leftovers\n|upkeep\n|turn|25\n|\n|t:|1665285633\n|move|p2a: Grimmsnarl|Light Screen|p2a: Grimmsnarl\n|-sidestart|p2: AGLT5TXTiltMaster|move: Light Screen\n|move|p1a: Ferrothorn|Leech Seed|p2a: Grimmsnarl\n|-start|p2a: Grimmsnarl|move: Leech Seed\n|\n|-heal|p1a: Ferrothorn|74\/100 par|[from] item: Leftovers\n|-damage|p2a: Grimmsnarl|11\/100|[from] Leech Seed|[of] p1a: Ferrothorn\n|-heal|p1a: Ferrothorn|87\/100 par|[silent]\n|upkeep\n|turn|26\n|\n|t:|1665285639\n|switch|p1a: Eternatus|Eternatus|100\/100\n|-ability|p1a: Eternatus|Pressure\n|move|p2a: Grimmsnarl|Reflect|p2a: Grimmsnarl\n|-sidestart|p2: AGLT5TXTiltMaster|Reflect\n|\n|-damage|p2a: Grimmsnarl|0 fnt|[from] Leech Seed|[of] p1a: Eternatus\n|faint|p2a: Grimmsnarl\n|upkeep\n|\n|t:|1665285641\n|switch|p2a: Calyrex|Calyrex-Shadow|73\/100\n|-ability|p2a: Calyrex|As One\n|-ability|p2a: Calyrex|Unnerve\n|-damage|p2a: Calyrex|61\/100|[from] Stealth Rock\n|turn|27\n|\n|t:|1665285644\n|move|p2a: Calyrex|Substitute|p2a: Calyrex\n|-start|p2a: Calyrex|Substitute\n|-damage|p2a: Calyrex|36\/100\n|move|p1a: Eternatus|Dynamax Cannon|p2a: Calyrex\n|-activate|p2a: Calyrex|move: Substitute|[damage]\n|\n|upkeep\n|turn|28\n|\n|t:|1665285649\n|move|p2a: Calyrex|Nasty Plot|p2a: Calyrex\n|-boost|p2a: Calyrex|spa|2\n|move|p1a: Eternatus|Dynamax Cannon|p2a: Calyrex\n|-end|p2a: Calyrex|Substitute\n|\n|upkeep\n|turn|29\n|\n|t:|1665285655\n|move|p2a: Calyrex|Substitute|p2a: Calyrex\n|-start|p2a: Calyrex|Substitute\n|-damage|p2a: Calyrex|11\/100\n|move|p1a: Eternatus|Dynamax Cannon|p2a: Calyrex\n|-end|p2a: Calyrex|Substitute\n|\n|upkeep\n|turn|30\n|\n|t:|1665285661\n|move|p2a: Calyrex|Draining Kiss|p1a: Eternatus\n|-damage|p1a: Eternatus|66\/100\n|-heal|p2a: Calyrex|48\/100|[from] drain|[of] p1a: Eternatus\n|-damage|p2a: Calyrex|38\/100|[from] item: Life Orb\n|move|p1a: Eternatus|Dynamax Cannon|p2a: Calyrex\n|-damage|p2a: Calyrex|14\/100\n|\n|upkeep\n|turn|31\n|\n|t:|1665285669\n|move|p2a: Calyrex|Draining Kiss|p1a: Eternatus\n|-damage|p1a: Eternatus|36\/100\n|-heal|p2a: Calyrex|46\/100|[from] drain|[of] p1a: Eternatus\n|-damage|p2a: Calyrex|36\/100|[from] item: Life Orb\n|move|p1a: Eternatus|Dynamax Cannon|p2a: Calyrex\n|-damage|p2a: Calyrex|11\/100\n|\n|upkeep\n|turn|32\n|\n|t:|1665285673\n|move|p2a: Calyrex|Astral Barrage|p1a: Eternatus\n|-damage|p1a: Eternatus|0 fnt\n|faint|p1a: Eternatus\n|-ability|p2a: Calyrex|Grim Neigh|boost\n|-boost|p2a: Calyrex|spa|1\n|-damage|p2a: Calyrex|1\/100|[from] item: Life Orb\n|\n|-sideend|p2: AGLT5TXTiltMaster|move: Light Screen\n|upkeep\n|\n|t:|1665285676\n|switch|p1a: Ditto|Ditto|48\/100\n|-damage|p1a: Ditto|35\/100|[from] Stealth Rock\n|-transform|p1a: Ditto|p2a: Calyrex|[from] ability: Imposter\n|turn|33\n|\n|t:|1665285678\n|move|p1a: Ditto|Astral Barrage|p2a: Calyrex\n|-supereffective|p2a: Calyrex\n|-damage|p2a: Calyrex|0 fnt\n|faint|p2a: Calyrex\n|-ability|p1a: Ditto|Grim Neigh|boost\n|-boost|p1a: Ditto|spa|1\n|\n|-sideend|p2: AGLT5TXTiltMaster|Reflect\n|upkeep\n|\n|t:|1665285680\n|switch|p2a: Necrozma|Necrozma-Dusk-Mane|95\/100\n|-damage|p2a: Necrozma|89\/100|[from] Stealth Rock\n|turn|34\n|\n|t:|1665285682\n|move|p1a: Ditto|Astral Barrage|p2a: Necrozma\n|-supereffective|p2a: Necrozma\n|-damage|p2a: Necrozma|0 fnt\n|faint|p2a: Necrozma\n|\n|win|yokobaby\n|raw|yokobaby's rating: 1818 &rarr; <strong>1843<\/strong><br \/>(+25 for winning)\n|raw|AGLT5TXTiltMaster's rating: 1913 &rarr; <strong>1888<\/strong><br \/>(-25 for losing)\n|l|\u2606AGLT5TXTiltMaster\n||Ladder isn't responding, score probably updated but might not have (Request timeout).\n","uploadtime":1665285758,"views":27,"p1id":"yokobaby","p2id":"aglt5txtiltmaster","formatid":"gen8anythinggoes","rating":1843,"private":0,"password":null}