{"id":"gen8ou-1676820911","p1":"TheCodGod","p2":"Dindon Ductile","format":"gen8ou","log":"|j|\u2606TheCodGod\n|j|\u2606Dindon Ductile\n|t:|1664826717\n|gametype|singles\n|player|p1|TheCodGod|265|1476\n|player|p2|Dindon Ductile|bruno|1567\n|teamsize|p1|6\n|teamsize|p2|6\n|gen|8\n|tier|[Gen 8] OU\n|rated|\n|rule|Sleep Clause Mod: Limit one foe put to sleep\n|rule|Species Clause: Limit one of each Pok\u00e9mon\n|rule|OHKO Clause: OHKO moves are banned\n|rule|Evasion Items Clause: Evasion items are banned\n|rule|Evasion Moves Clause: Evasion moves are banned\n|rule|Endless Battle Clause: Forcing endless battles is banned\n|rule|HP Percentage Mod: HP is shown in percentages\n|rule|Dynamax Clause: You cannot dynamax\n|clearpoke\n|poke|p1|Melmetal|\n|poke|p1|Tapu Koko|\n|poke|p1|Landorus-Therian, M|\n|poke|p1|Dragonite, F|\n|poke|p1|Corviknight, F|\n|poke|p1|Heatran, F|\n|poke|p2|Melmetal|\n|poke|p2|Tapu Koko|\n|poke|p2|Rillaboom, M|\n|poke|p2|Klefki, M|\n|poke|p2|Landorus-Therian, M|\n|poke|p2|Slowbro, F|\n|teampreview\n|inactive|Battle timer is ON: inactive players will automatically lose when time's up. (requested by TheCodGod)\n|\n|t:|1664826762\n|start\n|switch|p1a: Landorus|Landorus-Therian, M|100\/100\n|switch|p2a: Klefki|Klefki, M|100\/100\n|-ability|p1a: Landorus|Intimidate|boost\n|-unboost|p2a: Klefki|atk|1\n|turn|1\n|\n|t:|1664826778\n|move|p2a: Klefki|Spikes|p1a: Landorus\n|-sidestart|p1: TheCodGod|Spikes\n|move|p1a: Landorus|Earthquake|p2a: Klefki\n|-supereffective|p2a: Klefki\n|-damage|p2a: Klefki|21\/100\n|\n|upkeep\n|turn|2\n|\n|t:|1664826791\n|move|p2a: Klefki|Switcheroo|p1a: Landorus\n|-activate|p2a: Klefki|move: Trick|[of] p1a: Landorus\n|-item|p1a: Landorus|Ring Target|[from] move: Switcheroo\n|-item|p2a: Klefki|Leftovers|[from] move: Switcheroo\n|move|p1a: Landorus|Earthquake|p2a: Klefki\n|-supereffective|p2a: Klefki\n|-damage|p2a: Klefki|0 fnt\n|faint|p2a: Klefki\n|\n|upkeep\n|\n|t:|1664826808\n|switch|p2a: Rillaboom|Rillaboom, M|100\/100\n|turn|3\n|\n|t:|1664826835\n|move|p2a: Rillaboom|U-turn|p1a: Landorus\n|-resisted|p1a: Landorus\n|-damage|p1a: Landorus|85\/100\n|\n|t:|1664826843\n|switch|p2a: Tapu Koko|Tapu Koko|100\/100|[from]move: U-turn\n|-fieldstart|move: Electric Terrain|[from] ability: Electric Surge|[of] p2a: Tapu Koko\n|move|p1a: Landorus|Toxic|p2a: Tapu Koko\n|-status|p2a: Tapu Koko|tox\n|\n|-damage|p2a: Tapu Koko|94\/100 tox|[from] psn\n|upkeep\n|turn|4\n|\n|t:|1664826858\n|switch|p1a: Melmetal|Melmetal|100\/100\n|-damage|p1a: Melmetal|88\/100|[from] Spikes\n|move|p2a: Tapu Koko|Volt Switch|p1a: Melmetal\n|-damage|p1a: Melmetal|59\/100\n|\n|t:|1664826865\n|switch|p2a: Landorus|Landorus-Therian, M|100\/100|[from]move: Volt Switch\n|-ability|p2a: Landorus|Intimidate|boost\n|-unboost|p1a: Melmetal|atk|1\n|\n|upkeep\n|turn|5\n|\n|t:|1664826873\n|switch|p2a: Slowbro|Slowbro, F|100\/100\n|move|p1a: Melmetal|Earthquake|p2a: Slowbro\n|-damage|p2a: Slowbro|86\/100\n|\n|upkeep\n|turn|6\n|\n|t:|1664826880\n|switch|p1a: Tapu Koko|Tapu Koko|100\/100\n|move|p2a: Slowbro|Scald|p1a: Tapu Koko\n|-damage|p1a: Tapu Koko|56\/100\n|\n|upkeep\n|turn|7\n|\n|t:|1664826888\n|switch|p2a: Landorus|Landorus-Therian, M|100\/100\n|-ability|p2a: Landorus|Intimidate|boost\n|-unboost|p1a: Tapu Koko|atk|1\n|move|p1a: Tapu Koko|Dazzling Gleam|p2a: Landorus\n|-damage|p2a: Landorus|74\/100\n|\n|-heal|p2a: Landorus|80\/100|[from] item: Leftovers\n|-fieldend|move: Electric Terrain\n|upkeep\n|turn|8\n|\n|t:|1664826898\n|move|p1a: Tapu Koko|U-turn|p2a: Landorus\n|-resisted|p2a: Landorus\n|-damage|p2a: Landorus|75\/100\n|\n|t:|1664826910\n|switch|p1a: Landorus|Landorus-Therian, M|85\/100|[from]move: U-turn\n|-ability|p1a: Landorus|Intimidate|boost\n|-unboost|p2a: Landorus|atk|1\n|move|p2a: Landorus|U-turn|p1a: Landorus\n|-resisted|p1a: Landorus\n|-damage|p1a: Landorus|80\/100\n|\n|t:|1664826917\n|switch|p2a: Melmetal|Melmetal|100\/100|[from]move: U-turn\n|\n|upkeep\n|turn|9\n|\n|t:|1664826922\n|move|p1a: Landorus|Stealth Rock|p2a: Melmetal\n|-sidestart|p2: Dindon Ductile|move: Stealth Rock\n|move|p2a: Melmetal|Ice Punch|p1a: Landorus\n|-supereffective|p1a: Landorus\n|-damage|p1a: Landorus|0 fnt\n|faint|p1a: Landorus\n|\n|upkeep\n|\n|t:|1664826928\n|switch|p1a: Heatran|Heatran, F|100\/100\n|-item|p1a: Heatran|Air Balloon\n|turn|10\n|\n|t:|1664826946\n|move|p1a: Heatran|Magma Storm|p2a: Melmetal\n|-supereffective|p2a: Melmetal\n|-damage|p2a: Melmetal|54\/100\n|-activate|p2a: Melmetal|move: Magma Storm|[of] p1a: Heatran\n|move|p2a: Melmetal|Thunder Punch|p1a: Heatran\n|-damage|p1a: Heatran|71\/100\n|-status|p1a: Heatran|par\n|-enditem|p1a: Heatran|Air Balloon\n|\n|-damage|p2a: Melmetal|42\/100|[from] move: Magma Storm|[partiallytrapped]\n|upkeep\n|turn|11\n|\n|t:|1664826962\n|cant|p1a: Heatran|par\n|move|p2a: Melmetal|Thunder Punch|p1a: Heatran\n|-damage|p1a: Heatran|40\/100 par\n|\n|-damage|p2a: Melmetal|29\/100|[from] move: Magma Storm|[partiallytrapped]\n|upkeep\n|turn|12\n|\n|t:|1664826974\n|cant|p1a: Heatran|par\n|move|p2a: Melmetal|Thunder Punch|p1a: Heatran\n|-damage|p1a: Heatran|12\/100 par\n|\n|-damage|p2a: Melmetal|17\/100|[from] move: Magma Storm|[partiallytrapped]\n|upkeep\n|turn|13\n|\n|t:|1664826979\n|cant|p1a: Heatran|par\n|move|p2a: Melmetal|Thunder Punch|p1a: Heatran\n|-damage|p1a: Heatran|0 fnt\n|faint|p1a: Heatran\n|\n|-end|p2a: Melmetal|Magma Storm|[partiallytrapped]|[silent]\n|upkeep\n|inactive|TheCodGod has 120 seconds left.\n|\n|t:|1664827017\n|switch|p1a: Tapu Koko|Tapu Koko|56\/100\n|-fieldstart|move: Electric Terrain|[from] ability: Electric Surge|[of] p1a: Tapu Koko\n|turn|14\n|\n|t:|1664827023\n|move|p1a: Tapu Koko|Thunderbolt|p2a: Melmetal\n|-damage|p2a: Melmetal|0 fnt\n|faint|p2a: Melmetal\n|\n|upkeep\n|\n|t:|1664827027\n|switch|p2a: Landorus|Landorus-Therian, M|75\/100\n|-damage|p2a: Landorus|63\/100|[from] Stealth Rock\n|-ability|p2a: Landorus|Intimidate|boost\n|-unboost|p1a: Tapu Koko|atk|1\n|turn|15\n|\n|t:|1664827031\n|move|p1a: Tapu Koko|Dazzling Gleam|p2a: Landorus\n|-damage|p2a: Landorus|38\/100\n|move|p2a: Landorus|U-turn|p1a: Tapu Koko\n|-resisted|p1a: Tapu Koko\n|-damage|p1a: Tapu Koko|41\/100\n|\n|t:|1664827036\n|switch|p2a: Rillaboom|Rillaboom, M|100\/100|[from]move: U-turn\n|-damage|p2a: Rillaboom|88\/100|[from] Stealth Rock\n|\n|upkeep\n|turn|16\n|\n|t:|1664827040\n|move|p1a: Tapu Koko|U-turn|p2a: Rillaboom\n|-supereffective|p2a: Rillaboom\n|-damage|p2a: Rillaboom|63\/100\n|\n|t:|1664827044\n|switch|p1a: Corviknight|Corviknight, F|100\/100|[from]move: U-turn\n|-ability|p1a: Corviknight|Pressure\n|move|p2a: Rillaboom|U-turn|p1a: Corviknight\n|-resisted|p1a: Corviknight\n|-damage|p1a: Corviknight|93\/100\n|\n|t:|1664827048\n|switch|p2a: Tapu Koko|Tapu Koko|94\/100 tox|[from]move: U-turn\n|-damage|p2a: Tapu Koko|82\/100 tox|[from] Stealth Rock\n|\n|-heal|p1a: Corviknight|99\/100|[from] item: Leftovers\n|-damage|p2a: Tapu Koko|76\/100 tox|[from] psn\n|upkeep\n|turn|17\n|\n|t:|1664827058\n|move|p2a: Tapu Koko|Thunderbolt|p1a: Corviknight\n|-supereffective|p1a: Corviknight\n|-damage|p1a: Corviknight|0 fnt\n|faint|p1a: Corviknight\n|\n|-damage|p2a: Tapu Koko|64\/100 tox|[from] psn\n|upkeep\n|\n|t:|1664827066\n|switch|p1a: Melmetal|Melmetal|59\/100\n|-damage|p1a: Melmetal|46\/100|[from] Spikes\n|turn|18\n|\n|t:|1664827077\n|switch|p1a: Tapu Koko|Tapu Koko|41\/100\n|move|p2a: Tapu Koko|Thunderbolt|p1a: Tapu Koko\n|-resisted|p1a: Tapu Koko\n|-damage|p1a: Tapu Koko|0 fnt\n|faint|p1a: Tapu Koko\n|\n|-damage|p2a: Tapu Koko|46\/100 tox|[from] psn\n|-fieldend|move: Electric Terrain\n|upkeep\n|\n|t:|1664827086\n|switch|p1a: Dragonite|Dragonite, F|100\/100\n|turn|19\n|\n|t:|1664827092\n|switch|p2a: Slowbro|Slowbro, F|100\/100\n|-damage|p2a: Slowbro|88\/100|[from] Stealth Rock\n|move|p1a: Dragonite|Dragon Dance|p1a: Dragonite\n|-boost|p1a: Dragonite|atk|1\n|-boost|p1a: Dragonite|spe|1\n|\n|upkeep\n|turn|20\n|\n|t:|1664827096\n|move|p1a: Dragonite|Dragon Dance|p1a: Dragonite\n|-boost|p1a: Dragonite|atk|1\n|-boost|p1a: Dragonite|spe|1\n|move|p2a: Slowbro|Scald|p1a: Dragonite\n|-resisted|p1a: Dragonite\n|-crit|p1a: Dragonite\n|-damage|p1a: Dragonite|90\/100\n|\n|upkeep\n|turn|21\n|\n|t:|1664827102\n|move|p1a: Dragonite|Dragon Dance|p1a: Dragonite\n|-boost|p1a: Dragonite|atk|1\n|-boost|p1a: Dragonite|spe|1\n|move|p2a: Slowbro|Scald|p1a: Dragonite\n|-resisted|p1a: Dragonite\n|-damage|p1a: Dragonite|75\/100\n|\n|upkeep\n|turn|22\n|inactive|TheCodGod has 120 seconds left.\n|\n|t:|1664827134\n|move|p1a: Dragonite|Dual Wingbeat|p2a: Slowbro\n|-damage|p2a: Slowbro|51\/100\n|-damage|p1a: Dragonite|59\/100|[from] item: Rocky Helmet|[of] p2a: Slowbro\n|-damage|p2a: Slowbro|18\/100\n|-damage|p1a: Dragonite|42\/100|[from] item: Rocky Helmet|[of] p2a: Slowbro\n|-hitcount|p2a: Slowbro|2\n|move|p2a: Slowbro|Scald|p1a: Dragonite\n|-resisted|p1a: Dragonite\n|-damage|p1a: Dragonite|27\/100\n|-status|p1a: Dragonite|brn\n|\n|-damage|p1a: Dragonite|20\/100 brn|[from] brn\n|upkeep\n|turn|23\n|\n|t:|1664827146\n|move|p1a: Dragonite|Roost|p1a: Dragonite\n|-heal|p1a: Dragonite|70\/100 brn\n|-singleturn|p1a: Dragonite|move: Roost\n|move|p2a: Slowbro|Slack Off|p2a: Slowbro\n|-heal|p2a: Slowbro|68\/100\n|\n|-damage|p1a: Dragonite|64\/100 brn|[from] brn\n|upkeep\n|turn|24\n|\n|t:|1664827151\n|move|p1a: Dragonite|Roost|p1a: Dragonite\n|-heal|p1a: Dragonite|100\/100 brn\n|-singleturn|p1a: Dragonite|move: Roost\n|move|p2a: Slowbro|Future Sight|p1a: Dragonite\n|-start|p2a: Slowbro|move: Future Sight\n|\n|-damage|p1a: Dragonite|94\/100 brn|[from] brn\n|upkeep\n|turn|25\n|\n|t:|1664827157\n|move|p1a: Dragonite|Dragon Dance|p1a: Dragonite\n|-boost|p1a: Dragonite|atk|1\n|-boost|p1a: Dragonite|spe|1\n|move|p2a: Slowbro|Slack Off|p2a: Slowbro\n|-heal|p2a: Slowbro|100\/100\n|\n|-damage|p1a: Dragonite|88\/100 brn|[from] brn\n|upkeep\n|turn|26\n|\n|t:|1664827161\n|move|p1a: Dragonite|Dragon Dance|p1a: Dragonite\n|-boost|p1a: Dragonite|atk|1\n|-boost|p1a: Dragonite|spe|1\n|move|p2a: Slowbro|Scald|p1a: Dragonite\n|-resisted|p1a: Dragonite\n|-damage|p1a: Dragonite|73\/100 brn\n|\n|-end|p1a: Dragonite|move: Future Sight\n|-damage|p1a: Dragonite|31\/100 brn\n|-damage|p1a: Dragonite|25\/100 brn|[from] brn\n|upkeep\n|turn|27\n|\n|t:|1664827170\n|move|p1a: Dragonite|Roost|p1a: Dragonite\n|-heal|p1a: Dragonite|75\/100 brn\n|-singleturn|p1a: Dragonite|move: Roost\n|move|p2a: Slowbro|Future Sight|p1a: Dragonite\n|-start|p2a: Slowbro|move: Future Sight\n|\n|-damage|p1a: Dragonite|69\/100 brn|[from] brn\n|upkeep\n|turn|28\n|\n|t:|1664827178\n|move|p1a: Dragonite|Roost|p1a: Dragonite\n|-heal|p1a: Dragonite|100\/100 brn\n|-singleturn|p1a: Dragonite|move: Roost\n|move|p2a: Slowbro|Slack Off||[still]\n|-fail|p2a: Slowbro|heal\n|\n|-damage|p1a: Dragonite|94\/100 brn|[from] brn\n|upkeep\n|turn|29\n|\n|t:|1664827185\n|move|p1a: Dragonite|Dragon Dance|p1a: Dragonite\n|-boost|p1a: Dragonite|atk|1\n|-boost|p1a: Dragonite|spe|1\n|move|p2a: Slowbro|Slack Off||[still]\n|-fail|p2a: Slowbro|heal\n|\n|-end|p1a: Dragonite|move: Future Sight\n|-damage|p1a: Dragonite|51\/100 brn\n|-damage|p1a: Dragonite|45\/100 brn|[from] brn\n|upkeep\n|turn|30\n|\n|t:|1664827192\n|move|p1a: Dragonite|Roost|p1a: Dragonite\n|-heal|p1a: Dragonite|95\/100 brn\n|-singleturn|p1a: Dragonite|move: Roost\n|move|p2a: Slowbro|Future Sight|p1a: Dragonite\n|-start|p2a: Slowbro|move: Future Sight\n|\n|-damage|p1a: Dragonite|89\/100 brn|[from] brn\n|upkeep\n|turn|31\n|\n|t:|1664827195\n|move|p1a: Dragonite|Dual Wingbeat|p2a: Slowbro\n|-damage|p2a: Slowbro|72\/100\n|-damage|p1a: Dragonite|73\/100 brn|[from] item: Rocky Helmet|[of] p2a: Slowbro\n|-damage|p2a: Slowbro|47\/100\n|-damage|p1a: Dragonite|56\/100 brn|[from] item: Rocky Helmet|[of] p2a: Slowbro\n|-hitcount|p2a: Slowbro|2\n|move|p2a: Slowbro|Slack Off|p2a: Slowbro\n|-heal|p2a: Slowbro|97\/100\n|\n|-damage|p1a: Dragonite|50\/100 brn|[from] brn\n|upkeep\n|turn|32\n|\n|t:|1664827205\n|move|p1a: Dragonite|Roost|p1a: Dragonite\n|-heal|p1a: Dragonite|99\/100 brn\n|-singleturn|p1a: Dragonite|move: Roost\n|move|p2a: Slowbro|Scald|p1a: Dragonite\n|-resisted|p1a: Dragonite\n|-damage|p1a: Dragonite|86\/100 brn\n|\n|-end|p1a: Dragonite|move: Future Sight\n|-damage|p1a: Dragonite|46\/100 brn\n|-damage|p1a: Dragonite|40\/100 brn|[from] brn\n|upkeep\n|turn|33\n|\n|t:|1664827213\n|move|p1a: Dragonite|Roost|p1a: Dragonite\n|-heal|p1a: Dragonite|90\/100 brn\n|-singleturn|p1a: Dragonite|move: Roost\n|move|p2a: Slowbro|Future Sight|p1a: Dragonite\n|-start|p2a: Slowbro|move: Future Sight\n|\n|-damage|p1a: Dragonite|84\/100 brn|[from] brn\n|upkeep\n|turn|34\n|\n|t:|1664827222\n|move|p1a: Dragonite|Ice Punch|p2a: Slowbro\n|-resisted|p2a: Slowbro\n|-damage|p2a: Slowbro|80\/100\n|-status|p2a: Slowbro|frz\n|-damage|p1a: Dragonite|67\/100 brn|[from] item: Rocky Helmet|[of] p2a: Slowbro\n|cant|p2a: Slowbro|frz\n|\n|-damage|p1a: Dragonite|61\/100 brn|[from] brn\n|upkeep\n|turn|35\n|\n|t:|1664827231\n|move|p1a: Dragonite|Roost|p1a: Dragonite\n|-heal|p1a: Dragonite|100\/100 brn\n|-singleturn|p1a: Dragonite|move: Roost\n|cant|p2a: Slowbro|frz\n|\n|-end|p1a: Dragonite|move: Future Sight\n|-damage|p1a: Dragonite|79\/100 brn\n|-damage|p1a: Dragonite|73\/100 brn|[from] brn\n|upkeep\n|turn|36\n|\n|t:|1664827235\n|move|p1a: Dragonite|Dual Wingbeat|p2a: Slowbro\n|-damage|p2a: Slowbro|52\/100 frz\n|-damage|p1a: Dragonite|57\/100 brn|[from] item: Rocky Helmet|[of] p2a: Slowbro\n|-damage|p2a: Slowbro|25\/100 frz\n|-damage|p1a: Dragonite|40\/100 brn|[from] item: Rocky Helmet|[of] p2a: Slowbro\n|-hitcount|p2a: Slowbro|2\n|cant|p2a: Slowbro|frz\n|\n|-damage|p1a: Dragonite|34\/100 brn|[from] brn\n|upkeep\n|turn|37\n|\n|t:|1664827243\n|switch|p2a: Landorus|Landorus-Therian, M|38\/100\n|-damage|p2a: Landorus|25\/100|[from] Stealth Rock\n|-ability|p2a: Landorus|Intimidate|boost\n|-unboost|p1a: Dragonite|atk|1\n|move|p1a: Dragonite|Roost|p1a: Dragonite\n|-heal|p1a: Dragonite|84\/100 brn\n|-singleturn|p1a: Dragonite|move: Roost\n|\n|-heal|p2a: Landorus|31\/100|[from] item: Leftovers\n|-damage|p1a: Dragonite|78\/100 brn|[from] brn\n|upkeep\n|turn|38\n|\n|t:|1664827251\n|move|p1a: Dragonite|Ice Punch|p2a: Landorus\n|-supereffective|p2a: Landorus\n|-damage|p2a: Landorus|0 fnt\n|faint|p2a: Landorus\n|\n|-damage|p1a: Dragonite|72\/100 brn|[from] brn\n|upkeep\n|\n|t:|1664827254\n|switch|p2a: Slowbro|Slowbro, F|59\/100 frz\n|-damage|p2a: Slowbro|46\/100 frz|[from] Stealth Rock\n|turn|39\n|\n|t:|1664827263\n|move|p1a: Dragonite|Dual Wingbeat|p2a: Slowbro\n|-crit|p2a: Slowbro\n|-damage|p2a: Slowbro|7\/100 frz\n|-damage|p1a: Dragonite|55\/100 brn|[from] item: Rocky Helmet|[of] p2a: Slowbro\n|-damage|p2a: Slowbro|0 fnt\n|-damage|p1a: Dragonite|39\/100 brn|[from] item: Rocky Helmet|[of] p2a: Slowbro\n|faint|p2a: Slowbro\n|-hitcount|p2: Slowbro|2\n|\n|-damage|p1a: Dragonite|33\/100 brn|[from] brn\n|upkeep\n|\n|t:|1664827272\n|switch|p2a: Tapu Koko|Tapu Koko|46\/100 tox\n|-damage|p2a: Tapu Koko|33\/100 tox|[from] Stealth Rock\n|-fieldstart|move: Electric Terrain|[from] ability: Electric Surge|[of] p2a: Tapu Koko\n|turn|40\n|\n|t:|1664827281\n|move|p1a: Dragonite|Ice Punch|p2a: Tapu Koko\n|-damage|p2a: Tapu Koko|0 fnt\n|faint|p2a: Tapu Koko\n|\n|-damage|p1a: Dragonite|27\/100 brn|[from] brn\n|upkeep\n|-message|Dindon Ductile forfeited.\n|\n|win|TheCodGod\n|raw|TheCodGod's rating: 1476 &rarr; <strong>1501<\/strong><br \/>(+25 for winning)\n|raw|Dindon Ductile's rating: 1567 &rarr; <strong>1542<\/strong><br \/>(-25 for losing)\n|l|\u2606Dindon Ductile\n","uploadtime":1664827290,"views":6,"p1id":"thecodgod","p2id":"dindonductile","formatid":"gen8ou","rating":1501,"private":0,"password":null}