{"id":"gen8randombattlemayhem-1606276822","p1":"savemefromme","p2":"Down$hift","format":"gen8randombattlemayhem","log":"|j|\u203dsavemefromme\n|j|\u2606Down$hift\n|t:|1656452824\n|gametype|singles\n|player|p1|savemefromme|steven|1325\n|player|p2|Down$hift|teamrocket|1481\n|teamsize|p1|6\n|teamsize|p2|6\n|gen|8\n|tier|[Gen 8] Random Battle Mayhem\n|rated|\n|rule|Species Clause: Limit one of each Pok\u00e9mon\n|rule|HP Percentage Mod: HP is shown in percentages\n|rule|Sleep Clause Mod: Limit one foe put to sleep\n|rule|Dynamax Clause: You cannot dynamax\n|rule|Camomons Mod: Pok\u00e9mon have their types set to match their first two moves.\n|rule|Inverse Mod: Weaknesses become resistances, while resistances and immunities become weaknesses.\n|rule|Scalemons Mod: Every Pokemon's stats, barring HP, are scaled to come as close to a BST of 600 as possible\n|clearpoke\n|poke|p1|Sableye, L88, F|\n|poke|p1|Appletun, L88, M|\n|poke|p1|Omastar, L87, F|\n|poke|p1|Sandslash, L88, M|\n|poke|p1|Audino, L88, F|\n|poke|p1|Indeedee-F, L86, F|\n|poke|p2|Heatmor, L88, M|\n|poke|p2|Gigalith, L88, M|\n|poke|p2|Excadrill, L82, M|\n|poke|p2|Volcarona, L80, M|\n|poke|p2|Urshifu-*, L76, M|\n|poke|p2|Regigigas, L88|\n|teampreview\n|c|\u2606Down$hift|hf\n|\n|t:|1656452845\n|start\n|switch|p1a: Sableye|Sableye, L88, F|231\/231\n|switch|p2a: Gigalith|Gigalith, L88, M|293\/293\n|-start|p1a: Sableye|typechange|Dark|[silent]\n|-start|p2a: Gigalith|typechange|Fighting\/Rock|[silent]\n|-weather|Sandstorm|[from] ability: Sand Stream|[of] p2a: Gigalith\n|-start|p1a: Sableye|typechange|Dark|[silent]\n|-start|p2a: Gigalith|typechange|Fighting\/Rock|[silent]\n|turn|1\n|\n|t:|1656452872\n|move|p1a: Sableye|Will-O-Wisp|p2a: Gigalith\n|-status|p2a: Gigalith|brn\n|move|p2a: Gigalith|Superpower|p1a: Sableye\n|-resisted|p1a: Sableye\n|-damage|p1a: Sableye|191\/231\n|-unboost|p2a: Gigalith|atk|1\n|-unboost|p2a: Gigalith|def|1\n|\n|-weather|Sandstorm|[upkeep]\n|-damage|p1a: Sableye|177\/231|[from] Sandstorm\n|-heal|p1a: Sableye|191\/231|[from] item: Leftovers\n|-damage|p2a: Gigalith|275\/293 brn|[from] brn\n|upkeep\n|turn|2\n|c|\u2606Down$hift|oops\n|c|\u2606Down$hift|i thought\n|\n|t:|1656452881\n|move|p1a: Sableye|Knock Off|p2a: Gigalith\n|-supereffective|p2a: Gigalith\n|-damage|p2a: Gigalith|41\/293 brn\n|-enditem|p2a: Gigalith|Leftovers|[from] move: Knock Off|[of] p1a: Sableye\n|move|p2a: Gigalith|Stealth Rock|p1a: Sableye\n|-sidestart|p1: savemefromme|move: Stealth Rock\n|\n|-weather|Sandstorm|[upkeep]\n|-damage|p1a: Sableye|177\/231|[from] Sandstorm\n|-heal|p1a: Sableye|191\/231|[from] item: Leftovers\n|-damage|p2a: Gigalith|23\/293 brn|[from] brn\n|upkeep\n|turn|3\n|c|\u2606Down$hift|u were\n|c|\u2606Down$hift|a ghost\n|\n|t:|1656452891\n|move|p1a: Sableye|Knock Off|p2a: Gigalith\n|-supereffective|p2a: Gigalith\n|-damage|p2a: Gigalith|0 fnt\n|faint|p2a: Gigalith\n|\n|-weather|Sandstorm|[upkeep]\n|-damage|p1a: Sableye|177\/231|[from] Sandstorm\n|-heal|p1a: Sableye|191\/231|[from] item: Leftovers\n|upkeep\n|\n|t:|1656452896\n|switch|p2a: Urshifu|Urshifu, L76, M|277\/277\n|-start|p2a: Urshifu|typechange|Fighting\/Dark|[silent]\n|turn|4\n|\n|t:|1656452906\n|move|p2a: Urshifu|Substitute|p2a: Urshifu\n|-start|p2a: Urshifu|Substitute\n|-damage|p2a: Urshifu|208\/277\n|move|p1a: Sableye|Knock Off|p2a: Urshifu\n|-supereffective|p2a: Urshifu\n|-crit|p2a: Urshifu\n|-end|p2a: Urshifu|Substitute\n|\n|-weather|Sandstorm|[upkeep]\n|-damage|p2a: Urshifu|191\/277|[from] Sandstorm\n|-damage|p1a: Sableye|177\/231|[from] Sandstorm\n|-heal|p2a: Urshifu|208\/277|[from] item: Leftovers\n|-heal|p1a: Sableye|191\/231|[from] item: Leftovers\n|upkeep\n|turn|5\n|\n|t:|1656452910\n|move|p2a: Urshifu|Wicked Blow|p1a: Sableye\n|-supereffective|p1a: Sableye\n|-crit|p1a: Sableye\n|-damage|p1a: Sableye|0 fnt\n|faint|p1a: Sableye\n|\n|-weather|none\n|-heal|p2a: Urshifu|225\/277|[from] item: Leftovers\n|upkeep\n|\n|t:|1656452915\n|switch|p1a: Sandslash|Sandslash, L88, M|275\/275\n|-start|p1a: Sandslash|typechange|Normal|[silent]\n|-damage|p1a: Sandslash|241\/275|[from] Stealth Rock\n|-start|p1a: Sandslash|typechange|Normal|[silent]\n|turn|6\n|\n|t:|1656452926\n|move|p1a: Sandslash|Rapid Spin|p2a: Urshifu\n|-damage|p2a: Urshifu|152\/277\n|-boost|p1a: Sandslash|spe|1\n|-sideend|p1: savemefromme|Stealth Rock|[from] move: Rapid Spin|[of] p1a: Sandslash\n|move|p2a: Urshifu|Bulk Up|p2a: Urshifu\n|-boost|p2a: Urshifu|atk|1\n|-boost|p2a: Urshifu|def|1\n|\n|-heal|p1a: Sandslash|258\/275|[from] item: Leftovers\n|-heal|p2a: Urshifu|169\/277|[from] item: Leftovers\n|upkeep\n|turn|7\n|\n|t:|1656452932\n|move|p1a: Sandslash|Knock Off|p2a: Urshifu\n|-supereffective|p2a: Urshifu\n|-damage|p2a: Urshifu|0 fnt\n|-enditem|p2a: Urshifu|Leftovers|[from] move: Knock Off|[of] p1a: Sandslash\n|faint|p2a: Urshifu\n|\n|-heal|p1a: Sandslash|275\/275|[from] item: Leftovers\n|upkeep\n|\n|t:|1656452956\n|switch|p2a: Heatmor|Heatmor, L88, M|293\/293\n|-weather|Sandstorm|[from] ability: Sand Stream|[of] p2a: Heatmor\n|-start|p2a: Heatmor|typechange|Grass\/Normal|[silent]\n|-start|p2a: Heatmor|typechange|Grass\/Normal|[silent]\n|turn|8\n|inactive|Battle timer is ON: inactive players will automatically lose when time's up. (requested by Down$hift)\n|\n|t:|1656453003\n|move|p1a: Sandslash|Earthquake|p2a: Heatmor\n|-supereffective|p2a: Heatmor\n|-damage|p2a: Heatmor|91\/293\n|move|p2a: Heatmor|Giga Drain|p1a: Sandslash\n|-damage|p1a: Sandslash|148\/275\n|-heal|p2a: Heatmor|155\/293|[from] drain|[of] p1a: Sandslash\n|\n|-weather|Sandstorm|[upkeep]\n|-damage|p2a: Heatmor|137\/293|[from] Sandstorm\n|-heal|p1a: Sandslash|165\/275|[from] item: Leftovers\n|upkeep\n|turn|9\n|\n|t:|1656453009\n|move|p2a: Heatmor|Sucker Punch|p1a: Sandslash\n|-damage|p1a: Sandslash|127\/275\n|move|p1a: Sandslash|Earthquake|p2a: Heatmor\n|-supereffective|p2a: Heatmor\n|-damage|p2a: Heatmor|0 fnt\n|faint|p2a: Heatmor\n|\n|-weather|Sandstorm|[upkeep]\n|-heal|p1a: Sandslash|144\/275|[from] item: Leftovers\n|upkeep\n|\n|t:|1656453012\n|switch|p2a: Excadrill|Excadrill, L82, M|315\/315\n|-start|p2a: Excadrill|typechange|Steel\/Rock|[silent]\n|-start|p2a: Excadrill|typechange|Steel\/Rock|[silent]\n|turn|10\n|\n|t:|1656453050\n|move|p1a: Sandslash|Swords Dance|p1a: Sandslash\n|-boost|p1a: Sandslash|atk|2\n|move|p2a: Excadrill|Iron Head|p1a: Sandslash\n|-damage|p1a: Sandslash|53\/275\n|-damage|p2a: Excadrill|284\/315|[from] item: Life Orb\n|\n|-weather|Sandstorm|[upkeep]\n|-heal|p1a: Sandslash|70\/275|[from] item: Leftovers\n|upkeep\n|turn|11\n|\n|t:|1656453061\n|move|p1a: Sandslash|Rapid Spin|p2a: Excadrill\n|-supereffective|p2a: Excadrill\n|-damage|p2a: Excadrill|0 fnt\n|-boost|p1a: Sandslash|spe|1\n|faint|p2a: Excadrill\n|\n|-weather|Sandstorm|[upkeep]\n|-heal|p1a: Sandslash|87\/275|[from] item: Leftovers\n|upkeep\n|\n|t:|1656453064\n|switch|p2a: Volcarona|Volcarona, L80, M|267\/267\n|-start|p2a: Volcarona|typechange|Bug\/Flying|[silent]\n|-start|p2a: Volcarona|typechange|Bug\/Flying|[silent]\n|turn|12\n|\n|t:|1656453074\n|move|p1a: Sandslash|Earthquake|p2a: Volcarona\n|-supereffective|p2a: Volcarona\n|-damage|p2a: Volcarona|0 fnt\n|faint|p2a: Volcarona\n|\n|-weather|none\n|-heal|p1a: Sandslash|104\/275|[from] item: Leftovers\n|upkeep\n|c|\u2606Down$hift|what happened to sand rush\n|c|\u2606Down$hift|i dont get it\n|inactive|Down$hift has 120 seconds left.\n|c|\u2606Down$hift|do u know?\n|c|\u2606Down$hift|im at a loss rn\n|inactive|Down$hift has 90 seconds left.\n|j| M\u203dcom\u203dICS\u203dam\n|\n|t:|1656453143\n|switch|p2a: Regigigas|Regigigas, L88|337\/337\n|-weather|Sandstorm|[from] ability: Sand Stream|[of] p2a: Regigigas\n|-start|p2a: Regigigas|typechange|Normal\/Poison|[silent]\n|-start|p2a: Regigigas|ability: Slow Start\n|-start|p2a: Regigigas|typechange|Normal\/Poison|[silent]\n|turn|13\n|l|\u203dsavemefromme\n|inactive|savemefromme disconnected and has a minute to reconnect!\n|player|p1|\n|j| ghostvein\n|j| PenguinMLESJL\n|inactive|savemefromme has 30 seconds to reconnect!\n|inactive|savemefromme has 20 seconds to reconnect!\n|inactive|savemefromme has 15 seconds to reconnect!\n|inactive|savemefromme has 10 seconds to reconnect!\n|c| M\u203dcom\u203dICS\u203dam|sand rush is working?\n|c|\u2606Down$hift|well fortunately\n|inactive|savemefromme has 5 seconds to reconnect!\n|c|\u2606Down$hift|ohhh he has\n|-message|savemefromme lost due to inactivity.\n|\n|win|Down$hift\n|raw|savemefromme's rating: 1325 &rarr; <strong>1313<\/strong><br \/>(-12 for losing)\n|raw|Down$hift's rating: 1481 &rarr; <strong>1493<\/strong><br \/>(+12 for winning)\n|c|\u2606Down$hift|sand rush\n|c|\u2606Down$hift|oops\n|c|\u2606Down$hift|as well\n|c| M\u203dcom\u203dICS\u203dam|lol\n|l| PenguinMLESJL\n|c|\u2606Down$hift|well fortunately\n|j| aefsrgethet\n|c|\u2606Down$hift|he left\n|l|\u2606Down$hift\n|j|\u203dsavemefromme\n|player|p1|savemefromme|steven\n|n|\u203dsavemefromme|savemefromme\n|l| ghostvein\n|l| M\u203dcom\u203dICS\u203dam\n||Ladder isn't responding, score probably updated but might not have (Request timeout).\n|l| aefsrgethet\n|j| ghostvein\n|n|\u2606savemefromme|savemefromme\n|l| ghostvein\n|j| TheNewBrends11\n","uploadtime":1656453804,"views":2,"p1id":"savemefromme","p2id":"downhift","formatid":"gen8randombattlemayhem","rating":1313,"private":0,"password":null}