{"id":"gen8ou-1208032390","p1":"early_human","p2":"imagayhorse","format":"gen8ou","log":"|j|\u2606early_human\n|j|\u2606imagayhorse\n|t:|1603473603\n|player|p1|early_human|169|1765\n|player|p2|imagayhorse|102|1734\n|teamsize|p1|6\n|teamsize|p2|6\n|gametype|singles\n|gen|8\n|tier|[Gen 8] OU\n|rated|\n|clearpoke\n|poke|p1|Metagross|\n|poke|p1|Tapu Lele|\n|poke|p1|Hawlucha, F|\n|poke|p1|Alakazam, M|\n|poke|p1|Blaziken, M|\n|poke|p1|Aerodactyl, F|\n|poke|p2|Zygarde|\n|poke|p2|Rillaboom, F|\n|poke|p2|Toxapex, F|\n|poke|p2|Magearna|\n|poke|p2|Corviknight, F|\n|poke|p2|Tyranitar, F|\n|rule|Sleep Clause Mod: Limit one foe put to sleep\n|rule|Species Clause: Limit one of each Pok\u00e9mon\n|rule|OHKO Clause: OHKO moves are banned\n|rule|Evasion Moves Clause: Evasion moves are banned\n|rule|Endless Battle Clause: Forcing endless battles is banned\n|rule|HP Percentage Mod: HP is shown in percentages\n|rule|Dynamax Clause: You cannot dynamax\n|teampreview\n|j| Chokst du\n|\n|t:|1603473619\n|start\n|switch|p1a: Aerodactyl|Aerodactyl, F|100\/100\n|switch|p2a: Tyranitar|Tyranitar, F|100\/100\n|-ability|p1a: Aerodactyl|Unnerve|p2: imagayhorse\n|-weather|Sandstorm|[from] ability: Sand Stream|[of] p2a: Tyranitar\n|turn|1\n|c| Chokst du|eher under_human\n|\n|t:|1603473625\n|move|p1a: Aerodactyl|Taunt|p2a: Tyranitar\n|-start|p2a: Tyranitar|move: Taunt\n|move|p2a: Tyranitar|Rock Blast|p1a: Aerodactyl\n|-supereffective|p1a: Aerodactyl\n|-crit|p1a: Aerodactyl\n|-damage|p1a: Aerodactyl|53\/100\n|-supereffective|p1a: Aerodactyl\n|-damage|p1a: Aerodactyl|23\/100\n|-supereffective|p1a: Aerodactyl\n|-damage|p1a: Aerodactyl|0 fnt\n|-hitcount|p1a: Aerodactyl|3\n|faint|p1a: Aerodactyl\n|\n|-weather|Sandstorm|[upkeep]\n|upkeep\n|j| Fantos13\n|\n|t:|1603473634\n|switch|p1a: Blaziken|Blaziken, M|100\/100\n|turn|2\n|j| grovyleisbest\n|j| Vellyraptor\n|\n|t:|1603473640\n|switch|p2a: Zygarde|Zygarde|100\/100\n|-ability|p2a: Zygarde|Aura Break\n|move|p1a: Blaziken|Swords Dance|p1a: Blaziken\n|-boost|p1a: Blaziken|atk|2\n|\n|-weather|Sandstorm|[upkeep]\n|-damage|p1a: Blaziken|95\/100|[from] Sandstorm\n|-ability|p1a: Blaziken|Speed Boost|boost\n|-boost|p1a: Blaziken|spe|1\n|upkeep\n|turn|3\n|\n|t:|1603473642\n|move|p1a: Blaziken|High Jump Kick|p2a: Zygarde\n|-damage|p2a: Zygarde|0 fnt\n|-damage|p1a: Blaziken|85\/100|[from] item: Life Orb\n|faint|p2a: Zygarde\n|\n|-weather|Sandstorm|[upkeep]\n|-damage|p1a: Blaziken|79\/100|[from] Sandstorm\n|-ability|p1a: Blaziken|Speed Boost|boost\n|-boost|p1a: Blaziken|spe|1\n|upkeep\n|\n|t:|1603473648\n|switch|p2a: Rillaboom|Rillaboom, F|100\/100\n|-fieldstart|move: Grassy Terrain|[from] ability: Grassy Surge|[of] p2a: Rillaboom\n|turn|4\n|\n|t:|1603473653\n|switch|p2a: Toxapex|Toxapex, F|100\/100\n|move|p1a: Blaziken|High Jump Kick|p2a: Toxapex\n|-resisted|p2a: Toxapex\n|-damage|p2a: Toxapex|46\/100\n|-damage|p1a: Blaziken|62\/100|[from] item: Rocky Helmet|[of] p2a: Toxapex\n|-damage|p1a: Blaziken|52\/100|[from] item: Life Orb\n|\n|-weather|Sandstorm|[upkeep]\n|-damage|p1a: Blaziken|46\/100|[from] Sandstorm\n|-damage|p2a: Toxapex|40\/100|[from] Sandstorm\n|-heal|p1a: Blaziken|52\/100|[from] Grassy Terrain\n|-heal|p2a: Toxapex|46\/100|[from] Grassy Terrain\n|-ability|p1a: Blaziken|Speed Boost|boost\n|-boost|p1a: Blaziken|spe|1\n|upkeep\n|turn|5\n|j| Eve\n|\n|t:|1603473666\n|move|p1a: Blaziken|High Jump Kick|p2a: Toxapex\n|-resisted|p2a: Toxapex\n|-damage|p2a: Toxapex|0 fnt\n|-damage|p1a: Blaziken|35\/100|[from] item: Rocky Helmet|[of] p2a: Toxapex\n|-damage|p1a: Blaziken|25\/100|[from] item: Life Orb\n|faint|p2a: Toxapex\n|\n|-weather|none\n|-heal|p1a: Blaziken|31\/100|[from] Grassy Terrain\n|-ability|p1a: Blaziken|Speed Boost|boost\n|-boost|p1a: Blaziken|spe|1\n|upkeep\n|\n|t:|1603473668\n|switch|p2a: Rillaboom|Rillaboom, F|100\/100\n|turn|6\n|\n|t:|1603473672\n|switch|p1a: Tapu Lele|Tapu Lele|100\/100\n|-fieldstart|move: Psychic Terrain|[from] ability: Psychic Surge|[of] p1a: Tapu Lele\n|move|p2a: Rillaboom|Grassy Glide|p1a: Tapu Lele\n|-damage|p1a: Tapu Lele|17\/100\n|\n|upkeep\n|turn|7\n|\n|t:|1603473679\n|switch|p1a: Metagross|Metagross|100\/100\n|switch|p2a: Corviknight|Corviknight, F|100\/100\n|-ability|p2a: Corviknight|Pressure\n|\n|upkeep\n|turn|8\n|\n|t:|1603473683\n|move|p1a: Metagross|Agility|p1a: Metagross\n|-boost|p1a: Metagross|spe|2\n|move|p2a: Corviknight|U-turn|p1a: Metagross\n|-damage|p1a: Metagross|88\/100\n|\n|t:|1603473694\n|switch|p2a: Tyranitar|Tyranitar, F|100\/100|[from]move: U-turn\n|-weather|Sandstorm|[from] ability: Sand Stream|[of] p2a: Tyranitar\n|\n|-weather|Sandstorm|[upkeep]\n|upkeep\n|turn|9\n|\n|t:|1603473706\n|switch|p2a: Corviknight|Corviknight, F|100\/100\n|-ability|p2a: Corviknight|Pressure\n|move|p1a: Metagross|Steel Roller|p2a: Corviknight\n|-resisted|p2a: Corviknight\n|-damage|p2a: Corviknight|67\/100\n|-fieldend|move: Psychic Terrain\n|\n|-weather|Sandstorm|[upkeep]\n|-heal|p2a: Corviknight|73\/100|[from] item: Leftovers\n|upkeep\n|turn|10\n|\n|t:|1603473713\n|move|p1a: Metagross|Thunder Punch|p2a: Corviknight\n|-supereffective|p2a: Corviknight\n|-damage|p2a: Corviknight|21\/100\n|move|p2a: Corviknight|Roost|p2a: Corviknight\n|-heal|p2a: Corviknight|71\/100\n|-singleturn|p2a: Corviknight|move: Roost\n|\n|-weather|Sandstorm|[upkeep]\n|-heal|p2a: Corviknight|77\/100|[from] item: Leftovers\n|upkeep\n|turn|11\n|\n|t:|1603473720\n|move|p1a: Metagross|Thunder Punch|p2a: Corviknight\n|-supereffective|p2a: Corviknight\n|-damage|p2a: Corviknight|27\/100\n|move|p2a: Corviknight|Roost|p2a: Corviknight\n|-heal|p2a: Corviknight|77\/100\n|-singleturn|p2a: Corviknight|move: Roost\n|\n|-weather|Sandstorm|[upkeep]\n|-heal|p2a: Corviknight|83\/100|[from] item: Leftovers\n|upkeep\n|turn|12\n|\n|t:|1603473723\n|move|p1a: Metagross|Thunder Punch|p2a: Corviknight\n|-supereffective|p2a: Corviknight\n|-damage|p2a: Corviknight|37\/100\n|move|p2a: Corviknight|Roost|p2a: Corviknight\n|-heal|p2a: Corviknight|87\/100\n|-singleturn|p2a: Corviknight|move: Roost\n|\n|-weather|none\n|-heal|p2a: Corviknight|93\/100|[from] item: Leftovers\n|upkeep\n|turn|13\n|\n|t:|1603473731\n|move|p1a: Metagross|Thunder Punch|p2a: Corviknight\n|-supereffective|p2a: Corviknight\n|-damage|p2a: Corviknight|46\/100\n|-status|p2a: Corviknight|par\n|move|p2a: Corviknight|Roost|p2a: Corviknight\n|-heal|p2a: Corviknight|96\/100 par\n|-singleturn|p2a: Corviknight|move: Roost\n|\n|-heal|p2a: Corviknight|100\/100 par|[from] item: Leftovers\n|upkeep\n|turn|14\n|\n|t:|1603473733\n|move|p1a: Metagross|Thunder Punch|p2a: Corviknight\n|-supereffective|p2a: Corviknight\n|-damage|p2a: Corviknight|49\/100 par\n|cant|p2a: Corviknight|par\n|\n|-heal|p2a: Corviknight|55\/100 par|[from] item: Leftovers\n|upkeep\n|turn|15\n|\n|t:|1603473736\n|move|p1a: Metagross|Thunder Punch|p2a: Corviknight\n|-supereffective|p2a: Corviknight\n|-damage|p2a: Corviknight|11\/100 par\n|move|p2a: Corviknight|Roost|p2a: Corviknight\n|-heal|p2a: Corviknight|61\/100 par\n|-singleturn|p2a: Corviknight|move: Roost\n|\n|-heal|p2a: Corviknight|67\/100 par|[from] item: Leftovers\n|upkeep\n|turn|16\n|j| Siirin\n|\n|t:|1603473740\n|move|p1a: Metagross|Thunder Punch|p2a: Corviknight\n|-supereffective|p2a: Corviknight\n|-damage|p2a: Corviknight|16\/100 par\n|move|p2a: Corviknight|Roost|p2a: Corviknight\n|-heal|p2a: Corviknight|66\/100 par\n|-singleturn|p2a: Corviknight|move: Roost\n|\n|-heal|p2a: Corviknight|73\/100 par|[from] item: Leftovers\n|upkeep\n|turn|17\n|\n|t:|1603473744\n|move|p1a: Metagross|Thunder Punch|p2a: Corviknight\n|-supereffective|p2a: Corviknight\n|-damage|p2a: Corviknight|28\/100 par\n|cant|p2a: Corviknight|par\n|\n|-heal|p2a: Corviknight|34\/100 par|[from] item: Leftovers\n|upkeep\n|turn|18\n|\n|t:|1603473753\n|move|p1a: Metagross|Thunder Punch|p2a: Corviknight\n|-supereffective|p2a: Corviknight\n|-damage|p2a: Corviknight|0 fnt\n|faint|p2a: Corviknight\n|\n|upkeep\n|\n|t:|1603473758\n|switch|p2a: Tyranitar|Tyranitar, F|100\/100\n|-weather|Sandstorm|[from] ability: Sand Stream|[of] p2a: Tyranitar\n|turn|19\n|\n|t:|1603473767\n|switch|p1a: Tapu Lele|Tapu Lele|17\/100\n|-fieldstart|move: Psychic Terrain|[from] ability: Psychic Surge|[of] p1a: Tapu Lele\n|move|p2a: Tyranitar|Thunder Wave|p1a: Tapu Lele\n|-status|p1a: Tapu Lele|par\n|\n|-weather|Sandstorm|[upkeep]\n|-damage|p1a: Tapu Lele|11\/100 par|[from] Sandstorm\n|upkeep\n|turn|20\n|\n|t:|1603473773\n|move|p2a: Tyranitar|Stealth Rock|p1a: Tapu Lele\n|-sidestart|p1: early_human|move: Stealth Rock\n|move|p1a: Tapu Lele|Moonblast|p2a: Tyranitar\n|-supereffective|p2a: Tyranitar\n|-damage|p2a: Tyranitar|38\/100\n|-unboost|p2a: Tyranitar|spa|1\n|\n|-weather|Sandstorm|[upkeep]\n|-damage|p1a: Tapu Lele|5\/100 par|[from] Sandstorm\n|-heal|p2a: Tyranitar|44\/100|[from] item: Leftovers\n|upkeep\n|turn|21\n|\n|t:|1603473779\n|switch|p2a: Magearna|Magearna|100\/100\n|cant|p1a: Tapu Lele|par\n|\n|-weather|Sandstorm|[upkeep]\n|-damage|p1a: Tapu Lele|0 fnt|[from] Sandstorm\n|faint|p1a: Tapu Lele\n|-ability|p2a: Magearna|Soul-Heart|boost\n|-boost|p2a: Magearna|spa|1\n|upkeep\n|\n|t:|1603473781\n|switch|p1a: Metagross|Metagross|88\/100\n|-damage|p1a: Metagross|82\/100|[from] Stealth Rock\n|turn|22\n|\n|t:|1603473809\n|move|p2a: Magearna|Shift Gear|p2a: Magearna\n|-boost|p2a: Magearna|spe|2\n|-boost|p2a: Magearna|atk|1\n|move|p1a: Metagross|Agility|p1a: Metagross\n|-boost|p1a: Metagross|spe|2\n|\n|-weather|Sandstorm|[upkeep]\n|upkeep\n|turn|23\n|\n|t:|1603473815\n|move|p2a: Magearna|Stored Power|p1a: Metagross\n|-resisted|p1a: Metagross\n|-damage|p1a: Metagross|60\/100\n|move|p1a: Metagross|Steel Roller|p2a: Magearna\n|-crit|p2a: Magearna\n|-damage|p2a: Magearna|0 fnt\n|-fieldend|move: Psychic Terrain\n|faint|p2a: Magearna\n|\n|-weather|none\n|upkeep\n|j| uka uka uka\n|\n|t:|1603473823\n|switch|p2a: Tyranitar|Tyranitar, F|44\/100\n|-weather|Sandstorm|[from] ability: Sand Stream|[of] p2a: Tyranitar\n|turn|24\n|j| eleve3\n|\n|t:|1603473839\n|switch|p1a: Hawlucha|Hawlucha, F|100\/100\n|-damage|p1a: Hawlucha|88\/100|[from] Stealth Rock\n|move|p2a: Tyranitar|Crunch|p1a: Hawlucha\n|-resisted|p1a: Hawlucha\n|-damage|p1a: Hawlucha|61\/100\n|\n|-weather|Sandstorm|[upkeep]\n|-damage|p1a: Hawlucha|55\/100|[from] Sandstorm\n|-heal|p2a: Tyranitar|50\/100|[from] item: Leftovers\n|upkeep\n|turn|25\n|j| bpewn\n|\n|t:|1603473843\n|move|p1a: Hawlucha|Close Combat|p2a: Tyranitar\n|-supereffective|p2a: Tyranitar\n|-damage|p2a: Tyranitar|0 fnt\n|-unboost|p1a: Hawlucha|def|1\n|-unboost|p1a: Hawlucha|spd|1\n|faint|p2a: Tyranitar\n|\n|-weather|Sandstorm|[upkeep]\n|-damage|p1a: Hawlucha|49\/100|[from] Sandstorm\n|upkeep\n|\n|t:|1603473845\n|switch|p2a: Rillaboom|Rillaboom, F|100\/100\n|-fieldstart|move: Grassy Terrain|[from] ability: Grassy Surge|[of] p2a: Rillaboom\n|turn|26\n|\n|t:|1603473847\n|move|p2a: Rillaboom|Grassy Glide|p1a: Hawlucha\n|-resisted|p1a: Hawlucha\n|-damage|p1a: Hawlucha|0 fnt\n|faint|p1a: Hawlucha\n|\n|-weather|Sandstorm|[upkeep]\n|-damage|p2a: Rillaboom|94\/100|[from] Sandstorm\n|-heal|p2a: Rillaboom|100\/100|[from] Grassy Terrain\n|upkeep\n|\n|t:|1603473854\n|switch|p1a: Metagross|Metagross|60\/100\n|-damage|p1a: Metagross|54\/100|[from] Stealth Rock\n|turn|27\n|l| Siirin\n|\n|t:|1603473856\n|move|p2a: Rillaboom|Grassy Glide|p1a: Metagross\n|-resisted|p1a: Metagross\n|-damage|p1a: Metagross|25\/100\n|move|p1a: Metagross|Steel Roller|p2a: Rillaboom\n|-damage|p2a: Rillaboom|18\/100\n|-fieldend|move: Grassy Terrain\n|\n|-weather|Sandstorm|[upkeep]\n|-damage|p2a: Rillaboom|11\/100|[from] Sandstorm\n|upkeep\n|turn|28\n|l| bpewn\n|\n|t:|1603473860\n|move|p2a: Rillaboom|Grassy Glide|p1a: Metagross\n|-resisted|p1a: Metagross\n|-damage|p1a: Metagross|2\/100\n|move|p1a: Metagross|Zen Headbutt|p2a: Rillaboom\n|-damage|p2a: Rillaboom|0 fnt\n|faint|p2a: Rillaboom\n|\n|win|early_human\n|l|\u2606imagayhorse\n|j| fcktwave\n|j| rowdyrenga\n|l|fcktwave\n|l| grovyleisbest\n|l| Vellyraptor\n||Ladder (probably) updated, but score could not be retrieved (Request timeout).\n","uploadtime":1603473865,"views":60,"p1id":"earlyhuman","p2id":"imagayhorse","formatid":"gen8ou","rating":0,"private":0,"password":null}