{"id":"gen8bdspou-1473984104","p1":"broinghop","p2":"galarian dragapult","format":"gen8bdspou","log":"|j|\u2606broinghop\n|j|\u2606galarian dragapult\n|t:|1639597488\n|gametype|singles\n|player|p1|broinghop|ninjaboy|1417\n|player|p2|galarian dragapult|170|1458\n|teamsize|p1|6\n|teamsize|p2|6\n|gen|8\n|tier|[Gen 8 BDSP] OU\n|rated|\n|rule|Sleep Clause Mod: Limit one foe put to sleep\n|rule|Species Clause: Limit one of each Pok\u00e9mon\n|rule|OHKO Clause: OHKO moves are banned\n|rule|Evasion Moves Clause: Evasion moves are banned\n|rule|Endless Battle Clause: Forcing endless battles is banned\n|rule|HP Percentage Mod: HP is shown in percentages\n|clearpoke\n|poke|p1|Manaphy|\n|poke|p1|Haunter, M|\n|poke|p1|Gliscor, M|\n|poke|p1|Scizor, M|\n|poke|p1|Infernape, F|\n|poke|p1|Raikou|\n|poke|p2|Gliscor, M|\n|poke|p2|Gengar, M|\n|poke|p2|Slowking, F|\n|poke|p2|Clefable, M|\n|poke|p2|Magnezone|\n|poke|p2|Weavile, M|\n|teampreview\n|\n|t:|1639597511\n|start\n|switch|p1a: SICK DRIFTS|Manaphy|100\/100\n|switch|p2a: Gliscor|Gliscor, M|100\/100\n|turn|1\n|\n|t:|1639597517\n|switch|p2a: Slowking|Slowking, F|100\/100\n|move|p1a: SICK DRIFTS|U-turn|p2a: Slowking\n|-supereffective|p2a: Slowking\n|-damage|p2a: Slowking|72\/100\n|inactive|Battle timer is ON: inactive players will automatically lose when time's up. (requested by galarian dragapult)\n|\n|t:|1639597522\n|switch|p1a: VISE CAPTAIN|Gliscor, M|100\/100|[from]move: U-turn\n|\n|-heal|p2a: Slowking|78\/100|[from] item: Leftovers\n|-status|p1a: VISE CAPTAIN|tox|[from] item: Toxic Orb\n|upkeep\n|turn|2\n|\n|t:|1639597529\n|move|p1a: VISE CAPTAIN|Knock Off|p2a: Slowking\n|-supereffective|p2a: Slowking\n|-damage|p2a: Slowking|37\/100\n|-enditem|p2a: Slowking|Leftovers|[from] move: Knock Off|[of] p1a: VISE CAPTAIN\n|move|p2a: Slowking|Future Sight|p1a: VISE CAPTAIN\n|-start|p2a: Slowking|move: Future Sight\n|\n|upkeep\n|turn|3\n|\n|t:|1639597535\n|switch|p2a: Gliscor|Gliscor, M|100\/100\n|move|p1a: VISE CAPTAIN|Stealth Rock|p2a: Gliscor\n|-sidestart|p2: galarian dragapult|move: Stealth Rock\n|\n|-status|p2a: Gliscor|tox|[from] item: Toxic Orb\n|upkeep\n|turn|4\n|\n|t:|1639597548\n|move|p2a: Gliscor|Defog|p1a: VISE CAPTAIN\n|-unboost|p1a: VISE CAPTAIN|evasion|1\n|-sideend|p2: galarian dragapult|Stealth Rock|[from] move: Defog|[of] p2a: Gliscor\n|move|p1a: VISE CAPTAIN|Knock Off|p2a: Gliscor\n|-damage|p2a: Gliscor|87\/100 tox\n|-enditem|p2a: Gliscor|Toxic Orb|[from] move: Knock Off|[of] p1a: VISE CAPTAIN\n|\n|-end|p1a: VISE CAPTAIN|move: Future Sight\n|-damage|p1a: VISE CAPTAIN|66\/100 tox\n|-heal|p2a: Gliscor|99\/100 tox|[from] ability: Poison Heal\n|-heal|p1a: VISE CAPTAIN|78\/100 tox|[from] ability: Poison Heal\n|upkeep\n|turn|5\n|\n|t:|1639597554\n|switch|p2a: Slowking|Slowking, F|70\/100\n|move|p1a: VISE CAPTAIN|Stealth Rock|p2a: Slowking\n|-sidestart|p2: galarian dragapult|move: Stealth Rock\n|\n|-heal|p1a: VISE CAPTAIN|91\/100 tox|[from] ability: Poison Heal\n|upkeep\n|turn|6\n|\n|t:|1639597560\n|switch|p2a: Gliscor|Gliscor, M|99\/100 tox\n|-damage|p2a: Gliscor|87\/100 tox|[from] Stealth Rock\n|move|p1a: VISE CAPTAIN|U-turn|p2a: Gliscor\n|-resisted|p2a: Gliscor\n|-damage|p2a: Gliscor|82\/100 tox\n|\n|t:|1639597566\n|switch|p1a: SICK DRIFTS|Manaphy|100\/100|[from]move: U-turn\n|\n|-heal|p2a: Gliscor|94\/100 tox|[from] ability: Poison Heal\n|upkeep\n|turn|7\n|\n|t:|1639597571\n|switch|p2a: Slowking|Slowking, F|100\/100\n|-damage|p2a: Slowking|88\/100|[from] Stealth Rock\n|move|p1a: SICK DRIFTS|Ice Beam|p2a: Slowking\n|-resisted|p2a: Slowking\n|-damage|p2a: Slowking|80\/100\n|\n|upkeep\n|turn|8\n|\n|t:|1639597576\n|switch|p1a: DEEZ NUTS|Raikou|100\/100\n|move|p2a: Slowking|Scald|p1a: DEEZ NUTS\n|-damage|p1a: DEEZ NUTS|74\/100\n|\n|-heal|p1a: DEEZ NUTS|80\/100|[from] item: Leftovers\n|upkeep\n|turn|9\n|\n|t:|1639597585\n|move|p1a: DEEZ NUTS|Snarl|p2a: Slowking\n|-supereffective|p2a: Slowking\n|-damage|p2a: Slowking|59\/100\n|-unboost|p2a: Slowking|spa|1\n|move|p2a: Slowking|Scald|p1a: DEEZ NUTS\n|-damage|p1a: DEEZ NUTS|62\/100\n|\n|-heal|p1a: DEEZ NUTS|68\/100|[from] item: Leftovers\n|upkeep\n|turn|10\n|\n|t:|1639597591\n|switch|p2a: Gliscor|Gliscor, M|94\/100 tox\n|-damage|p2a: Gliscor|82\/100 tox|[from] Stealth Rock\n|move|p1a: DEEZ NUTS|Thunderbolt|p2a: Gliscor\n|-immune|p2a: Gliscor\n|\n|-heal|p1a: DEEZ NUTS|75\/100|[from] item: Leftovers\n|-heal|p2a: Gliscor|94\/100 tox|[from] ability: Poison Heal\n|upkeep\n|turn|11\n|\n|t:|1639597604\n|switch|p1a: VISE CAPTAIN|Gliscor, M|91\/100 tox\n|move|p2a: Gliscor|Defog|p1a: VISE CAPTAIN\n|-unboost|p1a: VISE CAPTAIN|evasion|1\n|-sideend|p2: galarian dragapult|Stealth Rock|[from] move: Defog|[of] p2a: Gliscor\n|\n|-heal|p2a: Gliscor|100\/100 tox|[from] ability: Poison Heal\n|-heal|p1a: VISE CAPTAIN|100\/100 tox|[from] ability: Poison Heal\n|upkeep\n|turn|12\n|\n|t:|1639597608\n|switch|p2a: Slowking|Slowking, F|92\/100\n|move|p1a: VISE CAPTAIN|Stealth Rock|p2a: Slowking\n|-sidestart|p2: galarian dragapult|move: Stealth Rock\n|\n|upkeep\n|turn|13\n|\n|t:|1639597613\n|move|p1a: VISE CAPTAIN|U-turn|p2a: Slowking\n|-supereffective|p2a: Slowking\n|-damage|p2a: Slowking|64\/100\n|\n|t:|1639597618\n|switch|p1a: \u30a8\u30ec\u30d6\u30fc|Scizor, M|100\/100|[from]move: U-turn\n|move|p2a: Slowking|Scald|p1a: \u30a8\u30ec\u30d6\u30fc\n|-damage|p1a: \u30a8\u30ec\u30d6\u30fc|79\/100\n|\n|-heal|p1a: \u30a8\u30ec\u30d6\u30fc|85\/100|[from] item: Leftovers\n|upkeep\n|turn|14\n|\n|t:|1639597625\n|switch|p2a: Gliscor|Gliscor, M|100\/100 tox\n|-damage|p2a: Gliscor|88\/100 tox|[from] Stealth Rock\n|move|p1a: \u30a8\u30ec\u30d6\u30fc|U-turn|p2a: Gliscor\n|-resisted|p2a: Gliscor\n|-damage|p2a: Gliscor|79\/100 tox\n|\n|t:|1639597632\n|switch|p1a: SICK DRIFTS|Manaphy|100\/100|[from]move: U-turn\n|\n|-heal|p2a: Gliscor|92\/100 tox|[from] ability: Poison Heal\n|upkeep\n|turn|15\n|\n|t:|1639597637\n|switch|p2a: Slowking|Slowking, F|97\/100\n|-damage|p2a: Slowking|85\/100|[from] Stealth Rock\n|move|p1a: SICK DRIFTS|U-turn|p2a: Slowking\n|-supereffective|p2a: Slowking\n|-damage|p2a: Slowking|55\/100\n|\n|t:|1639597643\n|switch|p1a: \u30a8\u30ec\u30d6\u30fc|Scizor, M|85\/100|[from]move: U-turn\n|\n|-heal|p1a: \u30a8\u30ec\u30d6\u30fc|91\/100|[from] item: Leftovers\n|upkeep\n|turn|16\n|\n|t:|1639597649\n|switch|p2a: Gliscor|Gliscor, M|92\/100 tox\n|-damage|p2a: Gliscor|79\/100 tox|[from] Stealth Rock\n|move|p1a: \u30a8\u30ec\u30d6\u30fc|U-turn|p2a: Gliscor\n|-resisted|p2a: Gliscor\n|-damage|p2a: Gliscor|70\/100 tox\n|\n|t:|1639597655\n|switch|p1a: SICK DRIFTS|Manaphy|100\/100|[from]move: U-turn\n|\n|-heal|p2a: Gliscor|83\/100 tox|[from] ability: Poison Heal\n|upkeep\n|turn|17\n|\n|t:|1639597660\n|switch|p2a: Slowking|Slowking, F|88\/100\n|-damage|p2a: Slowking|76\/100|[from] Stealth Rock\n|move|p1a: SICK DRIFTS|U-turn|p2a: Slowking\n|-supereffective|p2a: Slowking\n|-damage|p2a: Slowking|45\/100\n|\n|t:|1639597669\n|switch|p1a: \u30a8\u30ec\u30d6\u30fc|Scizor, M|91\/100|[from]move: U-turn\n|\n|-heal|p1a: \u30a8\u30ec\u30d6\u30fc|97\/100|[from] item: Leftovers\n|upkeep\n|turn|18\n|\n|t:|1639597675\n|switch|p2a: Gliscor|Gliscor, M|83\/100 tox\n|-damage|p2a: Gliscor|70\/100 tox|[from] Stealth Rock\n|move|p1a: \u30a8\u30ec\u30d6\u30fc|U-turn|p2a: Gliscor\n|-resisted|p2a: Gliscor\n|-damage|p2a: Gliscor|62\/100 tox\n|\n|t:|1639597680\n|switch|p1a: SICK DRIFTS|Manaphy|100\/100|[from]move: U-turn\n|\n|-heal|p2a: Gliscor|75\/100 tox|[from] ability: Poison Heal\n|upkeep\n|turn|19\n|\n|t:|1639597687\n|switch|p2a: Slowking|Slowking, F|78\/100\n|-damage|p2a: Slowking|65\/100|[from] Stealth Rock\n|move|p1a: SICK DRIFTS|Ice Beam|p2a: Slowking\n|-resisted|p2a: Slowking\n|-damage|p2a: Slowking|57\/100\n|\n|upkeep\n|turn|20\n|\n|t:|1639597695\n|switch|p1a: VISE CAPTAIN|Gliscor, M|100\/100 tox\n|move|p2a: Slowking|Slack Off|p2a: Slowking\n|-heal|p2a: Slowking|100\/100\n|\n|upkeep\n|turn|21\n|\n|t:|1639597701\n|move|p1a: VISE CAPTAIN|U-turn|p2a: Slowking\n|-supereffective|p2a: Slowking\n|-crit|p2a: Slowking\n|-damage|p2a: Slowking|56\/100\n|\n|t:|1639597708\n|switch|p1a: \u30a8\u30ec\u30d6\u30fc|Scizor, M|97\/100|[from]move: U-turn\n|move|p2a: Slowking|Scald|p1a: \u30a8\u30ec\u30d6\u30fc\n|-damage|p1a: \u30a8\u30ec\u30d6\u30fc|75\/100\n|\n|-heal|p1a: \u30a8\u30ec\u30d6\u30fc|81\/100|[from] item: Leftovers\n|upkeep\n|turn|22\n|\n|t:|1639597714\n|switch|p2a: Gliscor|Gliscor, M|75\/100 tox\n|-damage|p2a: Gliscor|62\/100 tox|[from] Stealth Rock\n|move|p1a: \u30a8\u30ec\u30d6\u30fc|U-turn|p2a: Gliscor\n|-resisted|p2a: Gliscor\n|-damage|p2a: Gliscor|53\/100 tox\n|\n|t:|1639597717\n|switch|p1a: SICK DRIFTS|Manaphy|100\/100|[from]move: U-turn\n|\n|-heal|p2a: Gliscor|66\/100 tox|[from] ability: Poison Heal\n|upkeep\n|turn|23\n|\n|t:|1639597721\n|move|p1a: SICK DRIFTS|U-turn|p2a: Gliscor\n|-resisted|p2a: Gliscor\n|-damage|p2a: Gliscor|61\/100 tox\n|\n|t:|1639597725\n|switch|p1a: BOBA FETT???|Haunter, M|100\/100|[from]move: U-turn\n|move|p2a: Gliscor|Defog|p1a: BOBA FETT???\n|-unboost|p1a: BOBA FETT???|evasion|1\n|-sideend|p2: galarian dragapult|Stealth Rock|[from] move: Defog|[of] p2a: Gliscor\n|\n|-heal|p2a: Gliscor|74\/100 tox|[from] ability: Poison Heal\n|upkeep\n|turn|24\n|\n|t:|1639597732\n|move|p1a: BOBA FETT???|Hex|p2a: Gliscor\n|-damage|p2a: Gliscor|0 fnt\n|faint|p2a: Gliscor\n|\n|upkeep\n|\n|t:|1639597735\n|switch|p2a: Gengar|Gengar, M|100\/100\n|turn|25\n|\n|t:|1639597742\n|move|p1a: BOBA FETT???|Hex|p2a: Gengar\n|-supereffective|p2a: Gengar\n|-damage|p2a: Gengar|0 fnt\n|faint|p2a: Gengar\n|\n|upkeep\n|-message|galarian dragapult forfeited.\n|\n|win|broinghop\n|raw|broinghop's rating: 1417 &rarr; <strong>1439<\/strong><br \/>(+22 for winning)\n|raw|galarian dragapult's rating: 1458 &rarr; <strong>1436<\/strong><br \/>(-22 for losing)\n|l|\u2606galarian dragapult\n||Ladder isn't responding, score probably updated but might not have (Request timeout).\n","uploadtime":1639597749,"views":16,"p1id":"broinghop","p2id":"galariandragapult","formatid":"gen8bdspou","rating":1436,"private":0,"password":null}