{"id":"gen8ou-1051825020","p1":"IrishSoap","p2":"Del chef","format":"gen8ou","log":"|j|\u2606IrishSoap\n|j|\u2606Del chef\n|player|p1|IrishSoap|101|1696\n|player|p2|Del chef|266|1680\n|teamsize|p1|6\n|teamsize|p2|6\n|gametype|singles\n|gen|8\n|tier|[Gen 8] OU\n|rated|\n|clearpoke\n|poke|p1|Cinderace, F|\n|poke|p1|Hatterene, F|\n|poke|p1|Runerigus, F|\n|poke|p1|Corviknight, F|\n|poke|p1|Dracovish|\n|poke|p1|Obstagoon, M|\n|poke|p2|Hydreigon, M|\n|poke|p2|Ferrothorn, M|\n|poke|p2|Clefable, F|\n|poke|p2|Rotom-Heat|\n|poke|p2|Mandibuzz, F|\n|poke|p2|Aegislash, M|\n|rule|Sleep Clause Mod: Limit one foe put to sleep\n|rule|Species Clause: Limit one of each Pok\u00e9mon\n|rule|OHKO Clause: OHKO moves are banned\n|rule|Evasion Moves Clause: Evasion moves are banned\n|rule|Endless Battle Clause: Forcing endless battles is banned\n|rule|HP Percentage Mod: HP is shown in percentages\n|rule|Dynamax Clause: You cannot dynamax\n|teampreview\n|\n|start\n|switch|p1a: Cinderace|Cinderace, F|100\/100\n|switch|p2a: Mandibuzz|Mandibuzz, F, shiny|100\/100\n|turn|1\n|\n|move|p1a: Cinderace|Pyro Ball|p2a: Mandibuzz\n|-damage|p2a: Mandibuzz|52\/100\n|-damage|p1a: Cinderace|91\/100|[from] item: Life Orb\n|move|p2a: Mandibuzz|U-turn|p1a: Cinderace\n|-resisted|p1a: Cinderace\n|-damage|p1a: Cinderace|82\/100\n|\n|switch|p2a: Hydreigon|Hydreigon, M, shiny|100\/100|[from]move: U-turn\n|\n|upkeep\n|turn|2\n|\n|switch|p1a: Corviknight|Corviknight, F|100\/100\n|-ability|p1a: Corviknight|Pressure\n|move|p2a: Hydreigon|Nasty Plot|p2a: Hydreigon\n|-boost|p2a: Hydreigon|spa|2\n|\n|upkeep\n|turn|3\n|\n|move|p2a: Hydreigon|Flamethrower|p1a: Corviknight\n|-supereffective|p1a: Corviknight\n|-damage|p1a: Corviknight|0 fnt\n|-damage|p2a: Hydreigon|91\/100|[from] item: Life Orb\n|faint|p1a: Corviknight\n|\n|upkeep\n|\n|switch|p1a: Hatterene|Hatterene, F|100\/100\n|turn|4\n|\n|move|p2a: Hydreigon|Flash Cannon|p1a: Hatterene\n|-supereffective|p1a: Hatterene\n|-enditem|p1a: Hatterene|Focus Sash\n|-damage|p1a: Hatterene|1\/100\n|-damage|p2a: Hydreigon|81\/100|[from] item: Life Orb\n|move|p1a: Hatterene|Dazzling Gleam|p2a: Hydreigon\n|-supereffective|p2a: Hydreigon\n|-damage|p2a: Hydreigon|0 fnt\n|faint|p2a: Hydreigon\n|\n|upkeep\n|j| skeb\n|\n|switch|p2a: Rotom|Rotom-Heat, shiny|100\/100\n|turn|5\n|\n|move|p2a: Rotom|Volt Switch|p1a: Hatterene\n|-damage|p1a: Hatterene|0 fnt\n|faint|p1a: Hatterene\n|\n|switch|p2a: Mandibuzz|Mandibuzz, F, shiny|52\/100|[from]move: Volt Switch\n|\n|upkeep\n|\n|switch|p1a: Dracovish|Dracovish|100\/100\n|turn|6\n|\n|switch|p2a: Staller|Ferrothorn, M, shiny|100\/100\n|move|p1a: Dracovish|Fishious Rend|p2a: Staller\n|-resisted|p2a: Staller\n|-damage|p2a: Staller|48\/100\n|-damage|p1a: Dracovish|88\/100|[from] ability: Iron Barbs|[of] p2a: Staller\n|\n|-heal|p2a: Staller|54\/100|[from] item: Leftovers\n|upkeep\n|turn|7\n|\n|switch|p1a: Cinderace|Cinderace, F|82\/100\n|move|p2a: Staller|Leech Seed|p1a: Cinderace\n|-start|p1a: Cinderace|move: Leech Seed\n|\n|-heal|p2a: Staller|61\/100|[from] item: Leftovers\n|-damage|p1a: Cinderace|70\/100|[from] Leech Seed|[of] p2a: Staller\n|-heal|p2a: Staller|71\/100|[silent]\n|upkeep\n|turn|8\n|\n|move|p2a: Staller|Protect|p2a: Staller\n|-singleturn|p2a: Staller|Protect\n|move|p1a: Cinderace|Pyro Ball|p2a: Staller\n|-activate|p2a: Staller|move: Protect\n|\n|-heal|p2a: Staller|77\/100|[from] item: Leftovers\n|-damage|p1a: Cinderace|58\/100|[from] Leech Seed|[of] p2a: Staller\n|-heal|p2a: Staller|88\/100|[silent]\n|upkeep\n|turn|9\n|\n|switch|p2a: Rotom|Rotom-Heat, shiny|100\/100\n|move|p1a: Cinderace|Pyro Ball|p2a: Rotom\n|-resisted|p2a: Rotom\n|-damage|p2a: Rotom|44\/100\n|-damage|p1a: Cinderace|48\/100|[from] item: Life Orb\n|\n|-damage|p1a: Cinderace|36\/100|[from] Leech Seed|[of] p2a: Rotom\n|-heal|p2a: Rotom|60\/100|[silent]\n|upkeep\n|turn|10\n|j| Reallyhighup\n|\n|switch|p2a: Clefable|Clefable, F|100\/100\n|move|p1a: Cinderace|Pyro Ball|p2a: Clefable\n|-damage|p2a: Clefable|13\/100\n|-status|p2a: Clefable|brn\n|-damage|p1a: Cinderace|26\/100|[from] item: Life Orb\n|\n|-heal|p2a: Clefable|19\/100 brn|[from] item: Leftovers\n|-damage|p1a: Cinderace|13\/100|[from] Leech Seed|[of] p2a: Clefable\n|-heal|p2a: Clefable|29\/100 brn|[silent]\n|upkeep\n|turn|11\n|j| 999Elo4Ever\n|\n|move|p2a: Clefable|Protect|p2a: Clefable\n|-singleturn|p2a: Clefable|Protect\n|move|p1a: Cinderace|Pyro Ball|p2a: Clefable\n|-activate|p2a: Clefable|move: Protect\n|\n|-heal|p2a: Clefable|35\/100 brn|[from] item: Leftovers\n|-damage|p1a: Cinderace|1\/100|[from] Leech Seed|[of] p2a: Clefable\n|-heal|p2a: Clefable|44\/100 brn|[silent]\n|upkeep\n|turn|12\n|\n|move|p1a: Cinderace|Pyro Ball|p2a: Clefable\n|-damage|p2a: Clefable|0 fnt\n|-damage|p1a: Cinderace|0 fnt|[from] item: Life Orb\n|faint|p2a: Clefable\n|faint|p1a: Cinderace\n|\n|upkeep\n|\n|switch|p1a: Obstagoon|Obstagoon, M|100\/100\n|switch|p2a: Staller|Ferrothorn, M, shiny|88\/100\n|turn|13\n|\n|move|p1a: Obstagoon|Obstruct|p1a: Obstagoon\n|-singleturn|p1a: Obstagoon|Protect\n|move|p2a: Staller|Leech Seed|p1a: Obstagoon\n|-start|p1a: Obstagoon|move: Leech Seed\n|\n|-heal|p2a: Staller|94\/100|[from] item: Leftovers\n|-damage|p1a: Obstagoon|88\/100|[from] Leech Seed|[of] p2a: Staller\n|-heal|p2a: Staller|100\/100|[silent]\n|-status|p1a: Obstagoon|brn|[from] item: Flame Orb\n|upkeep\n|turn|14\n|\n|move|p2a: Staller|Protect|p2a: Staller\n|-singleturn|p2a: Staller|Protect\n|move|p1a: Obstagoon|Knock Off|p2a: Staller\n|-activate|p2a: Staller|move: Protect\n|\n|-damage|p1a: Obstagoon|76\/100 brn|[from] Leech Seed|[of] p2a: Staller\n|-damage|p1a: Obstagoon|70\/100 brn|[from] brn\n|upkeep\n|turn|15\n|\n|switch|p2a: Mandibuzz|Mandibuzz, F, shiny|52\/100\n|move|p1a: Obstagoon|Knock Off|p2a: Mandibuzz\n|-resisted|p2a: Mandibuzz\n|-damage|p2a: Mandibuzz|36\/100\n|-enditem|p2a: Mandibuzz|Heavy-Duty Boots|[from] move: Knock Off|[of] p1a: Obstagoon\n|\n|-damage|p1a: Obstagoon|58\/100 brn|[from] Leech Seed|[of] p2a: Mandibuzz\n|-heal|p2a: Mandibuzz|46\/100|[silent]\n|-damage|p1a: Obstagoon|52\/100 brn|[from] brn\n|upkeep\n|turn|16\n|\n|switch|p1a: Runerigus|Runerigus, F|100\/100\n|switch|p2a: Staller|Ferrothorn, M, shiny|100\/100\n|\n|upkeep\n|turn|17\n|\n|move|p1a: Runerigus|Stealth Rock|p2a: Staller\n|-sidestart|p2: Del chef|move: Stealth Rock\n|move|p2a: Staller|Leech Seed|p1a: Runerigus\n|-start|p1a: Runerigus|move: Leech Seed\n|\n|-damage|p1a: Runerigus|88\/100|[from] Leech Seed|[of] p2a: Staller\n|upkeep\n|turn|18\n|\n|switch|p1a: Dracovish|Dracovish|88\/100\n|move|p2a: Staller|Protect||[still]\n|-fail|p2a: Staller\n|\n|upkeep\n|turn|19\n|\n|move|p1a: Dracovish|Fishious Rend|p2a: Staller\n|-resisted|p2a: Staller\n|-damage|p2a: Staller|54\/100\n|-damage|p1a: Dracovish|76\/100|[from] ability: Iron Barbs|[of] p2a: Staller\n|move|p2a: Staller|Leech Seed|p1a: Dracovish\n|-start|p1a: Dracovish|move: Leech Seed\n|\n|-heal|p2a: Staller|60\/100|[from] item: Leftovers\n|-damage|p1a: Dracovish|63\/100|[from] Leech Seed|[of] p2a: Staller\n|-heal|p2a: Staller|71\/100|[silent]\n|upkeep\n|turn|20\n|\n|switch|p1a: Obstagoon|Obstagoon, M|52\/100 brn\n|move|p2a: Staller|Power Whip|p1a: Obstagoon\n|-damage|p1a: Obstagoon|11\/100 brn\n|\n|-heal|p2a: Staller|77\/100|[from] item: Leftovers\n|-damage|p1a: Obstagoon|5\/100 brn|[from] brn\n|upkeep\n|turn|21\n|\n|move|p2a: Staller|Protect|p2a: Staller\n|-singleturn|p2a: Staller|Protect\n|move|p1a: Obstagoon|Knock Off|p2a: Staller\n|-activate|p2a: Staller|move: Protect\n|\n|-heal|p2a: Staller|84\/100|[from] item: Leftovers\n|-damage|p1a: Obstagoon|0 fnt|[from] brn\n|faint|p1a: Obstagoon\n|upkeep\n|\n|switch|p1a: Dracovish|Dracovish|63\/100\n|turn|22\n|\n|move|p1a: Dracovish|Fishious Rend|p2a: Staller\n|-resisted|p2a: Staller\n|-damage|p2a: Staller|32\/100\n|-damage|p1a: Dracovish|51\/100|[from] ability: Iron Barbs|[of] p2a: Staller\n|move|p2a: Staller|Leech Seed|p1a: Dracovish\n|-start|p1a: Dracovish|move: Leech Seed\n|\n|-heal|p2a: Staller|38\/100|[from] item: Leftovers\n|-damage|p1a: Dracovish|38\/100|[from] Leech Seed|[of] p2a: Staller\n|-heal|p2a: Staller|49\/100|[silent]\n|upkeep\n|turn|23\n|\n|switch|p1a: Runerigus|Runerigus, F|88\/100\n|move|p2a: Staller|Protect||[still]\n|-fail|p2a: Staller\n|\n|-heal|p1a: Runerigus|94\/100|[from] item: Leftovers\n|-heal|p2a: Staller|56\/100|[from] item: Leftovers\n|upkeep\n|turn|24\n|\n|move|p2a: Staller|Protect|p2a: Staller\n|-singleturn|p2a: Staller|Protect\n|move|p1a: Runerigus|Earthquake|p2a: Staller\n|-activate|p2a: Staller|move: Protect\n|\n|-heal|p1a: Runerigus|100\/100|[from] item: Leftovers\n|-heal|p2a: Staller|62\/100|[from] item: Leftovers\n|upkeep\n|turn|25\n|j|\u203dbuddhist test\n|\n|switch|p2a: Mandibuzz|Mandibuzz, F, shiny|46\/100\n|-damage|p2a: Mandibuzz|21\/100|[from] Stealth Rock\n|move|p1a: Runerigus|Earthquake|p2a: Mandibuzz\n|-immune|p2a: Mandibuzz\n|\n|upkeep\n|turn|26\n|\n|move|p1a: Runerigus|Protect|p1a: Runerigus\n|-singleturn|p1a: Runerigus|Protect\n|move|p2a: Mandibuzz|Roost|p2a: Mandibuzz\n|-heal|p2a: Mandibuzz|71\/100\n|-singleturn|p2a: Mandibuzz|move: Roost\n|\n|upkeep\n|turn|27\n|\n|move|p2a: Mandibuzz|Toxic|p1a: Runerigus\n|-status|p1a: Runerigus|tox\n|move|p1a: Runerigus|Toxic Spikes|p2a: Mandibuzz\n|-sidestart|p2: Del chef|move: Toxic Spikes\n|\n|-damage|p1a: Runerigus|94\/100 tox|[from] psn\n|upkeep\n|turn|28\n|\n|switch|p1a: Dracovish|Dracovish|38\/100\n|move|p2a: Mandibuzz|Roost|p2a: Mandibuzz\n|-heal|p2a: Mandibuzz|100\/100\n|-singleturn|p2a: Mandibuzz|move: Roost\n|\n|upkeep\n|turn|29\n|\n|move|p1a: Dracovish|Fishious Rend|p2a: Mandibuzz\n|-damage|p2a: Mandibuzz|7\/100\n|move|p2a: Mandibuzz|Toxic|p1a: Dracovish\n|-status|p1a: Dracovish|tox\n|\n|-damage|p1a: Dracovish|32\/100 tox|[from] psn\n|upkeep\n|turn|30\n|\n|move|p1a: Dracovish|Fishious Rend|p2a: Mandibuzz\n|-damage|p2a: Mandibuzz|0 fnt\n|faint|p2a: Mandibuzz\n|\n|-damage|p1a: Dracovish|20\/100 tox|[from] psn\n|upkeep\n|\n|switch|p2a: Rotom|Rotom-Heat, shiny|60\/100\n|turn|31\n|\n|move|p2a: Rotom|Volt Switch|p1a: Dracovish\n|-damage|p1a: Dracovish|0 fnt\n|faint|p1a: Dracovish\n|\n|switch|p2a: Staller|Ferrothorn, M, shiny|62\/100|[from]move: Volt Switch\n|-damage|p2a: Staller|56\/100|[from] Stealth Rock\n|\n|-heal|p2a: Staller|62\/100|[from] item: Leftovers\n|upkeep\n|-message|IrishSoap forfeited.\n|\n|win|Del chef\n|raw|IrishSoap's rating: 1696 &rarr; <strong>1675<\/strong><br \/>(-21 for losing)\n|raw|Del chef's rating: 1681 &rarr; <strong>1701<\/strong><br \/>(+20 for winning)\n|l| skeb\n|l|\u2606IrishSoap\n|l|\u2606Del chef\n|l| 999Elo4Ever\n","uploadtime":1579858549,"views":2,"p1id":"irishsoap","p2id":"delchef","formatid":"gen8ou","rating":1675,"private":0,"password":null}