{"id":"gen8almostanyability-1682052846","p1":"ChandosH","p2":"heaven0se","format":"gen8almostanyability","log":"|j|\u2606ChandosH\n|j|\u2606heaven0se\n|t:|1665383570\n|gametype|singles\n|player|p1|ChandosH|n-masters|1391\n|player|p2|heaven0se|266|1296\n|teamsize|p1|6\n|teamsize|p2|6\n|gen|8\n|tier|[Gen 8] Almost Any Ability\n|rated|\n|rule|Species Clause: Limit one of each Pok\u00e9mon\n|rule|OHKO Clause: OHKO moves are banned\n|rule|Evasion Moves Clause: Evasion moves are banned\n|rule|Endless Battle Clause: Forcing endless battles is banned\n|rule|Dynamax Clause: You cannot dynamax\n|rule|HP Percentage Mod: HP is shown in percentages\n|rule|2 Ability Clause: Limit two of each ability\n|rule|Sleep Clause: Sleep-inducing moves are banned\n|clearpoke\n|poke|p1|Mew|\n|poke|p1|Garchomp, F|\n|poke|p1|Tapu Koko|\n|poke|p1|Volcarona, F|\n|poke|p1|Bisharp, F|\n|poke|p1|Azelf|\n|poke|p2|Kangaskhan, F|\n|poke|p2|Pikachu, F|\n|poke|p2|Grimmsnarl, M|\n|poke|p2|Sneasel, M|\n|poke|p2|Chansey, F|\n|poke|p2|Corviknight, M|\n|teampreview\n|inactive|Battle timer is ON: inactive players will automatically lose when time's up. (requested by ChandosH)\n|\n|t:|1665383595\n|start\n|switch|p1a: Mew|Mew|100\/100\n|switch|p2a: KHAN|Kangaskhan, F, shiny|100\/100\n|turn|1\n|\n|t:|1665383601\n|move|p2a: KHAN|Fake Out|p1a: Mew\n|-damage|p1a: Mew|78\/100\n|cant|p1a: Mew|flinch\n|\n|upkeep\n|turn|2\n|\n|t:|1665383611\n|move|p2a: KHAN|Sucker Punch||[still]\n|-fail|p2a: KHAN\n|move|p1a: Mew|Stealth Rock|p2a: KHAN\n|-sidestart|p2: heaven0se|move: Stealth Rock\n|\n|upkeep\n|turn|3\n|\n|t:|1665383618\n|-singleturn|p2a: KHAN|move: Focus Punch\n|move|p1a: Mew|Spikes|p2a: KHAN\n|-sidestart|p2: heaven0se|Spikes\n|move|p2a: KHAN|Focus Punch|p1a: Mew\n|-damage|p1a: Mew|0 fnt\n|faint|p1a: Mew\n|\n|upkeep\n|inactive|ChandosH has 120 seconds left.\n|\n|t:|1665383655\n|switch|p1a: Azelf|Azelf|100\/100\n|-fieldstart|move: Psychic Terrain|[from] ability: Psychic Surge|[of] p1a: Azelf\n|turn|4\n|inactive|ChandosH has 120 seconds left.\n|\n|t:|1665383661\n|switch|p2a: CORV|Corviknight, M, shiny|100\/100\n|-damage|p2a: CORV|88\/100|[from] Stealth Rock\n|move|p1a: Azelf|Trick|p2a: CORV\n|-activate|p1a: Azelf|move: Trick|[of] p2a: CORV\n|-item|p2a: CORV|Choice Scarf|[from] move: Trick\n|-item|p1a: Azelf|Rocky Helmet|[from] move: Trick\n|\n|upkeep\n|turn|5\n|\n|t:|1665383677\n|move|p1a: Azelf|U-turn|p2a: CORV\n|-resisted|p2a: CORV\n|-damage|p2a: CORV|86\/100\n|inactive|ChandosH has 120 seconds left.\n|\n|t:|1665383695\n|switch|p1a: Garchomp|Garchomp, F|100\/100|[from]move: U-turn\n|move|p2a: CORV|Defog|p1a: Garchomp\n|-unboost|p1a: Garchomp|evasion|1\n|-sideend|p2: heaven0se|Spikes|[from] move: Defog|[of] p2a: CORV\n|-sideend|p2: heaven0se|Stealth Rock|[from] move: Defog|[of] p2a: CORV\n|-fieldend|move: Psychic Terrain\n|\n|upkeep\n|turn|6\n|\n|t:|1665383710\n|switch|p2a: GRIMM|Grimmsnarl, M, shiny|100\/100\n|move|p1a: Garchomp|Swords Dance|p1a: Garchomp\n|-boost|p1a: Garchomp|atk|2\n|\n|upkeep\n|turn|7\n|\n|t:|1665383716\n|move|p2a: GRIMM|Fake Out|p1a: Garchomp\n|-supereffective|p1a: Garchomp\n|-damage|p1a: Garchomp|38\/100\n|cant|p1a: Garchomp|flinch\n|\n|upkeep\n|turn|8\n|\n|t:|1665383722\n|move|p2a: GRIMM|Sucker Punch|p1a: Garchomp\n|-damage|p1a: Garchomp|0 fnt\n|faint|p1a: Garchomp\n|\n|upkeep\n|\n|t:|1665383736\n|switch|p1a: Bisharp|Bisharp, F|100\/100\n|-ability|p1a: Bisharp|Dark Aura\n|turn|9\n|\n|t:|1665383741\n|move|p1a: Bisharp|Swords Dance|p1a: Bisharp\n|-boost|p1a: Bisharp|atk|2\n|move|p2a: GRIMM|Body Slam|p1a: Bisharp\n|-damage|p1a: Bisharp|17\/100\n|\n|upkeep\n|turn|10\n|\n|t:|1665383748\n|move|p2a: GRIMM|Sucker Punch|p1a: Bisharp\n|-resisted|p1a: Bisharp\n|-damage|p1a: Bisharp|0 fnt\n|faint|p1a: Bisharp\n|\n|upkeep\n|\n|t:|1665383763\n|switch|p1a: Volcarona|Volcarona, F|100\/100\n|-ability|p1a: Volcarona|Mold Breaker\n|turn|11\n|\n|t:|1665383774\n|switch|p2a: CHANS|Chansey, F, shiny|100\/100\n|move|p1a: Volcarona|Quiver Dance|p1a: Volcarona\n|-boost|p1a: Volcarona|spa|1\n|-boost|p1a: Volcarona|spd|1\n|-boost|p1a: Volcarona|spe|1\n|\n|upkeep\n|turn|12\n|\n|t:|1665383790\n|switch|p1a: Tapu Koko|Tapu Koko|100\/100\n|move|p2a: CHANS|Toxic|p1a: Tapu Koko\n|-status|p1a: Tapu Koko|tox\n|\n|upkeep\n|turn|13\n|\n|t:|1665383797\n|switch|p2a: CORV|Corviknight, M, shiny|86\/100\n|move|p1a: Tapu Koko|Calm Mind|p1a: Tapu Koko\n|-boost|p1a: Tapu Koko|spa|1\n|-boost|p1a: Tapu Koko|spd|1\n|\n|upkeep\n|turn|14\n|\n|t:|1665383806\n|switch|p2a: CHANS|Chansey, F, shiny|100\/100\n|move|p1a: Tapu Koko|Thunderbolt|p2a: CHANS\n|-damage|p2a: CHANS|78\/100\n|\n|upkeep\n|turn|15\n|\n|t:|1665383815\n|move|p1a: Tapu Koko|Calm Mind|p1a: Tapu Koko\n|-boost|p1a: Tapu Koko|spa|1\n|-boost|p1a: Tapu Koko|spd|1\n|move|p2a: CHANS|Teleport|p2a: CHANS\n|\n|t:|1665383835\n|switch|p2a: KHAN|Kangaskhan, F, shiny|100\/100|[from]move: Teleport\n|\n|upkeep\n|turn|16\n|\n|t:|1665383842\n|move|p2a: KHAN|Fake Out|p1a: Tapu Koko\n|-damage|p1a: Tapu Koko|62\/100 tox\n|cant|p1a: Tapu Koko|flinch\n|\n|upkeep\n|turn|17\n|\n|t:|1665383851\n|move|p1a: Tapu Koko|Roost|p1a: Tapu Koko\n|-heal|p1a: Tapu Koko|100\/100 tox\n|-singleturn|p1a: Tapu Koko|move: Roost\n|move|p2a: KHAN|Curse|p2a: KHAN\n|-unboost|p2a: KHAN|spe|1\n|-boost|p2a: KHAN|atk|1\n|-boost|p2a: KHAN|def|1\n|\n|upkeep\n|turn|18\n|\n|t:|1665383858\n|move|p2a: KHAN|Sucker Punch|p1a: Tapu Koko\n|-damage|p1a: Tapu Koko|5\/100 tox\n|move|p1a: Tapu Koko|Thunderbolt|p2a: KHAN\n|-crit|p2a: KHAN\n|-damage|p2a: KHAN|0 fnt\n|faint|p2a: KHAN\n|\n|upkeep\n|inactive|heaven0se has 120 seconds left.\n|\n|t:|1665383897\n|switch|p2a: SNEA|Sneasel, M, shiny|100\/100\n|turn|19\n|inactive|heaven0se has 120 seconds left.\n|\n|t:|1665383907\n|switch|p1a: Volcarona|Volcarona, F|100\/100\n|-ability|p1a: Volcarona|Mold Breaker\n|move|p2a: SNEA|Fake Out|p1a: Volcarona\n|-resisted|p1a: Volcarona\n|-damage|p1a: Volcarona|79\/100\n|\n|upkeep\n|turn|20\n|\n|t:|1665383915\n|switch|p2a: CHANS|Chansey, F, shiny|100\/100\n|move|p1a: Volcarona|Quiver Dance|p1a: Volcarona\n|-boost|p1a: Volcarona|spa|1\n|-boost|p1a: Volcarona|spd|1\n|-boost|p1a: Volcarona|spe|1\n|\n|upkeep\n|turn|21\n|\n|t:|1665383925\n|switch|p1a: Azelf|Azelf|100\/100\n|-fieldstart|move: Psychic Terrain|[from] ability: Psychic Surge|[of] p1a: Azelf\n|move|p2a: CHANS|Teleport|p2a: CHANS\n|\n|t:|1665383939\n|switch|p2a: CORV|Corviknight, M, shiny|86\/100|[from]move: Teleport\n|\n|upkeep\n|turn|22\n|inactive|ChandosH has 120 seconds left.\n|\n|t:|1665383987\n|move|p1a: Azelf|U-turn|p2a: CORV\n|-resisted|p2a: CORV\n|-damage|p2a: CORV|83\/100\n|-status|p1a: Azelf|brn|[from] ability: Flame Body|[of] p2a: CORV\n|inactive|ChandosH has 90 seconds left.\n|inactive|ChandosH has 60 seconds left.\n|inactive|ChandosH has 30 seconds left.\n|\n|t:|1665384076\n|switch|p1a: Volcarona|Volcarona, F|79\/100|[from]move: U-turn\n|-ability|p1a: Volcarona|Mold Breaker\n|move|p2a: CORV|U-turn|p1a: Volcarona\n|-resisted|p1a: Volcarona\n|-damage|p1a: Volcarona|68\/100\n|inactive|ChandosH has 30 seconds left this turn.\n|\n|t:|1665384086\n|switch|p2a: CHANS|Chansey, F, shiny|100\/100|[from]move: U-turn\n|\n|upkeep\n|turn|23\n|inactive|ChandosH has 30 seconds left.\n|inactive|ChandosH has 20 seconds left.\n|inactive|ChandosH has 15 seconds left.\n|inactive|ChandosH has 10 seconds left.\n|\n|t:|1665384120\n|switch|p1a: Azelf|Azelf|100\/100 brn\n|move|p2a: CHANS|Teleport|p2a: CHANS\n|inactive|ChandosH has 15 seconds left this turn.\n|inactive|heaven0se has 120 seconds left.\n|\n|t:|1665384139\n|switch|p2a: GRIMM|Grimmsnarl, M, shiny|100\/100|[from]move: Teleport\n|\n|-damage|p1a: Azelf|94\/100 brn|[from] brn\n|upkeep\n|turn|24\n|inactive|ChandosH has 25 seconds left this turn.\n|inactive|ChandosH has 20 seconds left.\n|\n|t:|1665384149\n|move|p1a: Azelf|U-turn|p2a: GRIMM\n|-damage|p2a: GRIMM|89\/100\n|inactive|ChandosH has 25 seconds left this turn.\n|inactive|ChandosH has 20 seconds left.\n|inactive|ChandosH has 15 seconds left.\n|\n|t:|1665384161\n|switch|p1a: Volcarona|Volcarona, F|68\/100|[from]move: U-turn\n|-ability|p1a: Volcarona|Mold Breaker\n|move|p2a: GRIMM|Body Slam|p1a: Volcarona\n|-resisted|p1a: Volcarona\n|-damage|p1a: Volcarona|17\/100\n|\n|upkeep\n|turn|25\n|inactive|ChandosH has 25 seconds left this turn.\n|inactive|ChandosH has 20 seconds left.\n|inactive|ChandosH has 15 seconds left.\n|inactive|ChandosH has 10 seconds left.\n|\n|t:|1665384181\n|move|p1a: Volcarona|Flamethrower|p2a: GRIMM\n|-damage|p2a: GRIMM|33\/100\n|move|p2a: GRIMM|Body Slam|p1a: Volcarona\n|-resisted|p1a: Volcarona\n|-damage|p1a: Volcarona|0 fnt\n|faint|p1a: Volcarona\n|\n|-fieldend|move: Psychic Terrain\n|upkeep\n|inactive|ChandosH has 15 seconds left this turn.\n|inactive|ChandosH has 10 seconds left.\n|-message|ChandosH forfeited.\n|\n|win|heaven0se\n|inactive|ChandosH has 15 seconds left this turn.\n|raw|ChandosH's rating: 1391 &rarr; <strong>1366<\/strong><br \/>(-25 for losing)\n|raw|heaven0se's rating: 1296 &rarr; <strong>1328<\/strong><br \/>(+32 for winning)\n|l|\u2606ChandosH\n","uploadtime":1665384212,"views":13,"p1id":"chandosh","p2id":"heaven0se","formatid":"gen8almostanyability","rating":1328,"private":0,"password":null}