{"id":"gen8ou-1677928269","p1":"Djpablix","p2":"RggV_YT","format":"gen8ou","log":"|j|\u2606Djpablix\n|j|\u2606RggV_YT\n|t:|1664938716\n|gametype|singles\n|player|p1|Djpablix|hilbert|1791\n|player|p2|RggV_YT|scientist-gen4|1762\n|teamsize|p1|6\n|teamsize|p2|6\n|gen|8\n|tier|[Gen 8] OU\n|rated|\n|rule|Sleep Clause Mod: Limit one foe put to sleep\n|rule|Species Clause: Limit one of each Pok\u00e9mon\n|rule|OHKO Clause: OHKO moves are banned\n|rule|Evasion Items Clause: Evasion items are banned\n|rule|Evasion Moves Clause: Evasion moves are banned\n|rule|Endless Battle Clause: Forcing endless battles is banned\n|rule|HP Percentage Mod: HP is shown in percentages\n|rule|Dynamax Clause: You cannot dynamax\n|clearpoke\n|poke|p1|Gengar, M|\n|poke|p1|Dragapult, M|\n|poke|p1|Blaziken, M|\n|poke|p1|Landorus-Therian, M|\n|poke|p1|Kartana|\n|poke|p1|Latias, F|\n|poke|p2|Politoed, M|\n|poke|p2|Heliolisk, M|\n|poke|p2|Kingdra, F|\n|poke|p2|Mudsdale, F|\n|poke|p2|Scizor, F|\n|poke|p2|Victini|\n|teampreview\n|inactive|Battle timer is ON: inactive players will automatically lose when time's up. (requested by RggV_YT)\n|inactive|RggV_YT has 120 seconds left.\n|\n|t:|1664938756\n|start\n|switch|p1a: Gengar|Gengar, M|100\/100\n|switch|p2a: Politoed|Politoed, M|100\/100\n|-weather|RainDance|[from] ability: Drizzle|[of] p2a: Politoed\n|turn|1\n|\n|t:|1664938766\n|switch|p2a: Scizor|Scizor, F|100\/100\n|move|p1a: Gengar|Trick|p2a: Scizor\n|-activate|p1a: Gengar|move: Trick|[of] p2a: Scizor\n|-item|p2a: Scizor|Choice Scarf|[from] move: Trick\n|-item|p1a: Gengar|Leftovers|[from] move: Trick\n|\n|-weather|RainDance|[upkeep]\n|upkeep\n|turn|2\n|\n|t:|1664938772\n|move|p1a: Gengar|Shadow Ball|p2a: Scizor\n|-damage|p2a: Scizor|47\/100\n|-unboost|p2a: Scizor|spd|1\n|move|p2a: Scizor|Knock Off|p1a: Gengar\n|-supereffective|p1a: Gengar\n|-damage|p1a: Gengar|0 fnt\n|-enditem|p1a: Gengar|Leftovers|[from] move: Knock Off|[of] p2a: Scizor\n|faint|p1a: Gengar\n|\n|-weather|RainDance|[upkeep]\n|upkeep\n|\n|t:|1664938781\n|switch|p1a: Latias|Latias, F|100\/100\n|turn|3\n|\n|t:|1664938784\n|switch|p2a: Victini|Victini|100\/100\n|move|p1a: Latias|Agility|p1a: Latias\n|-boost|p1a: Latias|spe|2\n|\n|-weather|RainDance|[upkeep]\n|upkeep\n|turn|4\n|\n|t:|1664938786\n|move|p1a: Latias|Calm Mind|p1a: Latias\n|-boost|p1a: Latias|spa|1\n|-boost|p1a: Latias|spd|1\n|move|p2a: Victini|Trick|p1a: Latias\n|-activate|p2a: Victini|move: Trick|[of] p1a: Latias\n|-item|p1a: Latias|Choice Band|[from] move: Trick\n|-item|p2a: Victini|Weakness Policy|[from] move: Trick\n|\n|-weather|RainDance|[upkeep]\n|upkeep\n|turn|5\n|\n|t:|1664938793\n|move|p1a: Latias|Stored Power|p2a: Victini\n|-resisted|p2a: Victini\n|-damage|p2a: Victini|62\/100\n|move|p2a: Victini|U-turn|p1a: Latias\n|-supereffective|p1a: Latias\n|-damage|p1a: Latias|56\/100\n|\n|t:|1664938800\n|switch|p2a: Scizor|Scizor, F|47\/100|[from]move: U-turn\n|\n|-weather|RainDance|[upkeep]\n|upkeep\n|turn|6\n|\n|t:|1664938801\n|move|p1a: Latias|Stored Power|p2a: Scizor\n|-resisted|p2a: Scizor\n|-damage|p2a: Scizor|0 fnt\n|faint|p2a: Scizor\n|\n|-weather|RainDance|[upkeep]\n|upkeep\n|\n|t:|1664938807\n|switch|p2a: Victini|Victini|62\/100\n|turn|7\n|\n|t:|1664938814\n|move|p1a: Latias|Stored Power|p2a: Victini\n|-resisted|p2a: Victini\n|-damage|p2a: Victini|22\/100\n|move|p2a: Victini|Bolt Strike|p1a: Latias\n|-resisted|p1a: Latias\n|-damage|p1a: Latias|35\/100\n|\n|-weather|RainDance|[upkeep]\n|upkeep\n|turn|8\n|\n|t:|1664938831\n|move|p1a: Latias|Stored Power|p2a: Victini\n|-resisted|p2a: Victini\n|-damage|p2a: Victini|0 fnt\n|faint|p2a: Victini\n|\n|-weather|none\n|upkeep\n|\n|t:|1664938833\n|switch|p2a: Politoed|Politoed, M|100\/100\n|-weather|RainDance|[from] ability: Drizzle|[of] p2a: Politoed\n|turn|9\n|\n|t:|1664938838\n|move|p1a: Latias|Stored Power|p2a: Politoed\n|-damage|p2a: Politoed|35\/100\n|move|p2a: Politoed|Perish Song|p2a: Politoed\n|-start|p1a: Latias|perish3|[silent]\n|-start|p2a: Politoed|perish3|[silent]\n|-fieldactivate|move: Perish Song\n|\n|-weather|RainDance|[upkeep]\n|-start|p1a: Latias|perish3\n|-start|p2a: Politoed|perish3\n|upkeep\n|turn|10\n|\n|t:|1664938847\n|switch|p2a: Heliolisk|Heliolisk, M|100\/100\n|move|p1a: Latias|Stored Power|p2a: Heliolisk\n|-damage|p2a: Heliolisk|0 fnt\n|faint|p2a: Heliolisk\n|\n|-weather|RainDance|[upkeep]\n|-start|p1a: Latias|perish2\n|upkeep\n|\n|t:|1664938849\n|switch|p2a: Mudsdale|Mudsdale, F, shiny|100\/100\n|turn|11\n|\n|t:|1664938852\n|move|p1a: Latias|Stored Power|p2a: Mudsdale\n|-damage|p2a: Mudsdale|25\/100\n|-ability|p2a: Mudsdale|Stamina|boost\n|-boost|p2a: Mudsdale|def|1\n|move|p2a: Mudsdale|Stealth Rock|p1a: Latias\n|-sidestart|p1: Djpablix|move: Stealth Rock\n|\n|-weather|RainDance|[upkeep]\n|-heal|p2a: Mudsdale|31\/100|[from] item: Leftovers\n|-start|p1a: Latias|perish1\n|upkeep\n|turn|12\n|\n|t:|1664938856\n|move|p1a: Latias|Stored Power|p2a: Mudsdale\n|-damage|p2a: Mudsdale|0 fnt\n|faint|p2a: Mudsdale\n|\n|-weather|RainDance|[upkeep]\n|-start|p1a: Latias|perish0\n|upkeep\n|faint|p1a: Latias\n|\n|t:|1664938861\n|switch|p1a: Blaziken|Blaziken, M|100\/100\n|switch|p2a: Kingdra|Kingdra, F|100\/100\n|-damage|p1a: Blaziken|88\/100|[from] Stealth Rock\n|turn|13\n|\n|t:|1664938868\n|move|p1a: Blaziken|Protect|p1a: Blaziken\n|-singleturn|p1a: Blaziken|Protect\n|move|p2a: Kingdra|Draco Meteor|p1a: Blaziken\n|-activate|p1a: Blaziken|move: Protect\n|\n|-weather|RainDance|[upkeep]\n|-heal|p1a: Blaziken|94\/100|[from] item: Leftovers\n|-ability|p1a: Blaziken|Speed Boost|boost\n|-boost|p1a: Blaziken|spe|1\n|upkeep\n|turn|14\n|\n|t:|1664938872\n|move|p1a: Blaziken|Protect|p1a: Blaziken\n|-singleturn|p1a: Blaziken|Protect\n|move|p2a: Kingdra|Draco Meteor|p1a: Blaziken\n|-activate|p1a: Blaziken|move: Protect\n|\n|-weather|RainDance|[upkeep]\n|-heal|p1a: Blaziken|100\/100|[from] item: Leftovers\n|-ability|p1a: Blaziken|Speed Boost|boost\n|-boost|p1a: Blaziken|spe|1\n|upkeep\n|turn|15\n|\n|t:|1664938877\n|move|p2a: Kingdra|Draco Meteor|p1a: Blaziken\n|-damage|p1a: Blaziken|0 fnt\n|-unboost|p2a: Kingdra|spa|2\n|faint|p1a: Blaziken\n|\n|-weather|RainDance|[upkeep]\n|upkeep\n|\n|t:|1664938881\n|switch|p1a: Kartana|Kartana|100\/100\n|-damage|p1a: Kartana|94\/100|[from] Stealth Rock\n|turn|16\n|\n|t:|1664938883\n|move|p2a: Kingdra|Draco Meteor|p1a: Kartana\n|-resisted|p1a: Kartana\n|-damage|p1a: Kartana|30\/100\n|-unboost|p2a: Kingdra|spa|2\n|move|p1a: Kartana|Swords Dance|p1a: Kartana\n|-boost|p1a: Kartana|atk|2\n|\n|-weather|none\n|upkeep\n|turn|17\n|\n|t:|1664938886\n|switch|p2a: Politoed|Politoed, M|35\/100\n|-weather|RainDance|[from] ability: Drizzle|[of] p2a: Politoed\n|move|p1a: Kartana|Leaf Blade|p2a: Politoed\n|-supereffective|p2a: Politoed\n|-damage|p2a: Politoed|0 fnt\n|faint|p2a: Politoed\n|-ability|p1a: Kartana|Beast Boost|boost\n|-boost|p1a: Kartana|spe|1\n|\n|-weather|RainDance|[upkeep]\n|upkeep\n|\n|t:|1664938888\n|switch|p2a: Kingdra|Kingdra, F|100\/100\n|turn|18\n|c|\u2606RggV_YT|Choked I think\n|\n|t:|1664938897\n|move|p2a: Kingdra|Ice Beam|p1a: Kartana\n|-damage|p1a: Kartana|0 fnt\n|faint|p1a: Kartana\n|\n|-weather|RainDance|[upkeep]\n|upkeep\n|\n|t:|1664938902\n|switch|p1a: Landorus|Landorus-Therian, M|100\/100\n|-damage|p1a: Landorus|88\/100|[from] Stealth Rock\n|-ability|p1a: Landorus|Intimidate|boost\n|-unboost|p2a: Kingdra|atk|1\n|turn|19\n|\n|t:|1664938905\n|move|p2a: Kingdra|Ice Beam|p1a: Landorus\n|-supereffective|p1a: Landorus\n|-enditem|p1a: Landorus|Yache Berry|[eat]\n|-enditem|p1a: Landorus|Yache Berry|[weaken]\n|-damage|p1a: Landorus|0 fnt\n|faint|p1a: Landorus\n|\n|-weather|RainDance|[upkeep]\n|upkeep\n|\n|t:|1664938910\n|switch|p1a: Dragapult|Dragapult, M|100\/100\n|-damage|p1a: Dragapult|88\/100|[from] Stealth Rock\n|turn|20\n|\n|t:|1664938914\n|move|p2a: Kingdra|Ice Beam|p1a: Dragapult\n|-supereffective|p1a: Dragapult\n|-damage|p1a: Dragapult|0 fnt\n|faint|p1a: Dragapult\n|\n|win|RggV_YT\n|raw|Djpablix's rating: 1791 &rarr; <strong>1769<\/strong><br \/>(-22 for losing)\n|raw|RggV_YT's rating: 1762 &rarr; <strong>1784<\/strong><br \/>(+22 for winning)\n","uploadtime":1664938918,"views":27,"p1id":"djpablix","p2id":"rggvyt","formatid":"gen8ou","rating":1769,"private":0,"password":null}