{"id":"gen8ou-1613479978","p1":"Rusl2","p2":"big boss 447","format":"gen8ou","log":"|j|\u2606Rusl2\n|j|\u2606big boss 447\n|t:|1657349207\n|gametype|singles\n|player|p1|Rusl2|palmer|1579\n|player|p2|big boss 447|harlequin|1601\n|teamsize|p1|6\n|teamsize|p2|6\n|gen|8\n|tier|[Gen 8] OU\n|rated|\n|rule|Sleep Clause Mod: Limit one foe put to sleep\n|rule|Species Clause: Limit one of each Pok\u00e9mon\n|rule|OHKO Clause: OHKO moves are banned\n|rule|Evasion Moves Clause: Evasion moves are banned\n|rule|Endless Battle Clause: Forcing endless battles is banned\n|rule|HP Percentage Mod: HP is shown in percentages\n|rule|Dynamax Clause: You cannot dynamax\n|clearpoke\n|poke|p1|Melmetal|\n|poke|p1|Gardevoir, F|\n|poke|p1|Swampert, M|\n|poke|p1|Dragonite, F|\n|poke|p1|Darmanitan, M|\n|poke|p1|Landorus-Therian, M|\n|poke|p2|Obstagoon, F|\n|poke|p2|Victini|\n|poke|p2|Landorus-Therian, M|\n|poke|p2|Volcanion|\n|poke|p2|Zarude|\n|poke|p2|Clefable, F|\n|teampreview\n|inactive|Battle timer is ON: inactive players will automatically lose when time's up. (requested by big boss 447)\n|inactive|big boss 447 has 120 seconds left.\n|\n|t:|1657349244\n|start\n|switch|p1a: Landorus|Landorus-Therian, M|100\/100\n|switch|p2a: Volcanion|Volcanion|100\/100\n|-ability|p1a: Landorus|Intimidate|boost\n|-unboost|p2a: Volcanion|atk|1\n|turn|1\n|inactive|Rusl2 has 120 seconds left.\n|\n|t:|1657349277\n|move|p1a: Landorus|U-turn|p2a: Volcanion\n|-resisted|p2a: Volcanion\n|-damage|p2a: Volcanion|88\/100\n|inactive|Rusl2 has 120 seconds left.\n|\n|t:|1657349283\n|switch|p1a: Gardevoir|Gardevoir, F|100\/100|[from]move: U-turn\n|-ability|p1a: Gardevoir|Water Absorb|[from] ability: Trace|[of] p2a: Volcanion\n|move|p2a: Volcanion|Steam Eruption|p1a: Gardevoir\n|-immune|p1a: Gardevoir|[from] ability: Water Absorb\n|\n|upkeep\n|turn|2\n|\n|t:|1657349291\n|switch|p2a: Victini|Victini|100\/100\n|move|p1a: Gardevoir|Moonblast|p2a: Victini\n|-resisted|p2a: Victini\n|-damage|p2a: Victini|65\/100\n|\n|upkeep\n|turn|3\n|\n|t:|1657349294\n|switch|p1a: Swampert|Swampert, M|100\/100\n|move|p2a: Victini|U-turn|p1a: Swampert\n|-damage|p1a: Swampert|79\/100\n|\n|t:|1657349298\n|switch|p2a: Zarude|Zarude|100\/100|[from]move: U-turn\n|\n|-heal|p1a: Swampert|86\/100|[from] item: Leftovers\n|upkeep\n|turn|4\n|\n|t:|1657349304\n|switch|p1a: Landorus|Landorus-Therian, M|100\/100\n|-ability|p1a: Landorus|Intimidate|boost\n|-unboost|p2a: Zarude|atk|1\n|move|p2a: Zarude|U-turn|p1a: Landorus\n|-resisted|p1a: Landorus\n|-damage|p1a: Landorus|90\/100\n|\n|t:|1657349307\n|switch|p2a: Landorus|Landorus-Therian, M|100\/100|[from]move: U-turn\n|-ability|p2a: Landorus|Intimidate|boost\n|-unboost|p1a: Landorus|atk|1\n|\n|-heal|p1a: Landorus|96\/100|[from] item: Leftovers\n|upkeep\n|turn|5\n|\n|t:|1657349316\n|move|p1a: Landorus|Knock Off|p2a: Landorus\n|-damage|p2a: Landorus|75\/100\n|-damage|p1a: Landorus|79\/100|[from] item: Rocky Helmet|[of] p2a: Landorus\n|-enditem|p2a: Landorus|Rocky Helmet|[from] move: Knock Off|[of] p1a: Landorus\n|move|p2a: Landorus|Toxic|p1a: Landorus\n|-status|p1a: Landorus|tox\n|\n|-heal|p1a: Landorus|85\/100 tox|[from] item: Leftovers\n|-damage|p1a: Landorus|79\/100 tox|[from] psn\n|upkeep\n|turn|6\n|\n|t:|1657349322\n|move|p1a: Landorus|U-turn|p2a: Landorus\n|-resisted|p2a: Landorus\n|-damage|p2a: Landorus|67\/100\n|\n|t:|1657349324\n|switch|p1a: Swampert|Swampert, M|86\/100|[from]move: U-turn\n|move|p2a: Landorus|Stealth Rock|p1a: Swampert\n|-sidestart|p1: Rusl2|move: Stealth Rock\n|\n|-heal|p1a: Swampert|92\/100|[from] item: Leftovers\n|upkeep\n|turn|7\n|\n|t:|1657349326\n|move|p2a: Landorus|Toxic|p1a: Swampert\n|-status|p1a: Swampert|tox\n|move|p1a: Swampert|Stealth Rock|p2a: Landorus\n|-sidestart|p2: big boss 447|move: Stealth Rock\n|\n|-heal|p1a: Swampert|98\/100 tox|[from] item: Leftovers\n|-damage|p1a: Swampert|92\/100 tox|[from] psn\n|upkeep\n|turn|8\n|\n|t:|1657349334\n|move|p2a: Landorus|U-turn|p1a: Swampert\n|-damage|p1a: Swampert|70\/100 tox\n|\n|t:|1657349335\n|switch|p2a: Volcanion|Volcanion|88\/100|[from]move: U-turn\n|-damage|p2a: Volcanion|63\/100|[from] Stealth Rock\n|move|p1a: Swampert|High Horsepower|p2a: Volcanion\n|-supereffective|p2a: Volcanion\n|-damage|p2a: Volcanion|0 fnt\n|faint|p2a: Volcanion\n|\n|-heal|p1a: Swampert|76\/100 tox|[from] item: Leftovers\n|-damage|p1a: Swampert|64\/100 tox|[from] psn\n|upkeep\n|\n|t:|1657349338\n|switch|p2a: Zarude|Zarude|100\/100\n|-damage|p2a: Zarude|88\/100|[from] Stealth Rock\n|turn|9\n|\n|t:|1657349344\n|switch|p1a: Landorus|Landorus-Therian, M|79\/100 tox\n|-damage|p1a: Landorus|67\/100 tox|[from] Stealth Rock\n|-ability|p1a: Landorus|Intimidate|boost\n|-unboost|p2a: Zarude|atk|1\n|move|p2a: Zarude|Darkest Lariat|p1a: Landorus\n|-damage|p1a: Landorus|34\/100 tox\n|\n|-heal|p1a: Landorus|40\/100 tox|[from] item: Leftovers\n|-damage|p1a: Landorus|34\/100 tox|[from] psn\n|upkeep\n|turn|10\n|\n|t:|1657349354\n|switch|p2a: Clefable|Clefable, F|100\/100\n|move|p1a: Landorus|U-turn|p2a: Clefable\n|-resisted|p2a: Clefable\n|-damage|p2a: Clefable|90\/100\n|-damage|p1a: Landorus|17\/100 tox|[from] item: Rocky Helmet|[of] p2a: Clefable\n|\n|t:|1657349361\n|switch|p1a: Darmanitan|Darmanitan, M|100\/100|[from]move: U-turn\n|-damage|p1a: Darmanitan|76\/100|[from] Stealth Rock\n|\n|upkeep\n|turn|11\n|\n|t:|1657349365\n|move|p2a: Clefable|Protect|p2a: Clefable\n|-singleturn|p2a: Clefable|Protect\n|move|p1a: Darmanitan|Flare Blitz|p2a: Clefable\n|-activate|p2a: Clefable|move: Protect\n|\n|upkeep\n|turn|12\n|\n|t:|1657349368\n|move|p1a: Darmanitan|Flare Blitz|p2a: Clefable\n|-damage|p2a: Clefable|0 fnt\n|-damage|p1a: Darmanitan|59\/100|[from] item: Rocky Helmet|[of] p2a: Clefable\n|faint|p2a: Clefable\n|-damage|p1a: Darmanitan|26\/100|[from] Recoil\n|\n|upkeep\n|\n|t:|1657349372\n|switch|p2a: Zarude|Zarude|88\/100\n|-damage|p2a: Zarude|76\/100|[from] Stealth Rock\n|turn|13\n|\n|t:|1657349387\n|switch|p1a: Landorus|Landorus-Therian, M|17\/100 tox\n|-damage|p1a: Landorus|5\/100 tox|[from] Stealth Rock\n|-ability|p1a: Landorus|Intimidate|boost\n|-unboost|p2a: Zarude|atk|1\n|move|p2a: Zarude|Darkest Lariat|p1a: Landorus\n|-damage|p1a: Landorus|0 fnt\n|faint|p1a: Landorus\n|\n|upkeep\n|\n|t:|1657349398\n|switch|p1a: Melmetal|Melmetal|100\/100\n|-damage|p1a: Melmetal|94\/100|[from] Stealth Rock\n|turn|14\n|\n|t:|1657349402\n|switch|p2a: Landorus|Landorus-Therian, M|67\/100\n|-damage|p2a: Landorus|54\/100|[from] Stealth Rock\n|-ability|p2a: Landorus|Intimidate|boost\n|-unboost|p1a: Melmetal|atk|1\n|move|p1a: Melmetal|Double Iron Bash|p2a: Landorus\n|-damage|p2a: Landorus|30\/100\n|-damage|p2a: Landorus|5\/100\n|-hitcount|p2a: Landorus|2\n|\n|-heal|p1a: Melmetal|100\/100|[from] item: Leftovers\n|upkeep\n|turn|15\n|\n|t:|1657349425\n|switch|p1a: Gardevoir|Gardevoir, F|100\/100\n|-damage|p1a: Gardevoir|88\/100|[from] Stealth Rock\n|-ability|p1a: Gardevoir|Intimidate|[from] ability: Trace|[of] p2a: Landorus\n|-ability|p1a: Gardevoir|Intimidate|boost\n|-unboost|p2a: Landorus|atk|1\n|move|p2a: Landorus|Earthquake|p1a: Gardevoir\n|-damage|p1a: Gardevoir|31\/100\n|\n|upkeep\n|turn|16\n|\n|t:|1657349435\n|switch|p2a: Victini|Victini|65\/100\n|move|p1a: Gardevoir|Moonblast|p2a: Victini\n|-resisted|p2a: Victini\n|-damage|p2a: Victini|30\/100\n|-unboost|p2a: Victini|spa|1\n|\n|upkeep\n|turn|17\n|\n|t:|1657349443\n|move|p2a: Victini|Zen Headbutt|p1a: Gardevoir\n|-resisted|p1a: Gardevoir\n|-crit|p1a: Gardevoir\n|-damage|p1a: Gardevoir|0 fnt\n|faint|p1a: Gardevoir\n|\n|upkeep\n|\n|t:|1657349452\n|switch|p1a: Dragonite|Dragonite, F|100\/100\n|turn|18\n|\n|t:|1657349457\n|move|p2a: Victini|U-turn|p1a: Dragonite\n|-resisted|p1a: Dragonite\n|-damage|p1a: Dragonite|94\/100\n|\n|t:|1657349458\n|switch|p2a: Obstagoon|Obstagoon, F|100\/100|[from]move: U-turn\n|-damage|p2a: Obstagoon|88\/100|[from] Stealth Rock\n|move|p1a: Dragonite|Dragon Dance|p1a: Dragonite\n|-boost|p1a: Dragonite|atk|1\n|-boost|p1a: Dragonite|spe|1\n|\n|-status|p2a: Obstagoon|brn|[from] item: Flame Orb\n|upkeep\n|turn|19\n|\n|t:|1657349464\n|move|p1a: Dragonite|Dual Wingbeat|p2a: Obstagoon\n|-damage|p2a: Obstagoon|53\/100 brn\n|-damage|p2a: Obstagoon|15\/100 brn\n|-hitcount|p2a: Obstagoon|2\n|move|p2a: Obstagoon|Facade|p1a: Dragonite\n|-damage|p1a: Dragonite|0 fnt\n|faint|p1a: Dragonite\n|\n|-damage|p2a: Obstagoon|9\/100 brn|[from] brn\n|upkeep\n|\n|t:|1657349478\n|switch|p1a: Swampert|Swampert, M|64\/100 tox\n|-damage|p1a: Swampert|58\/100 tox|[from] Stealth Rock\n|turn|20\n|\n|t:|1657349481\n|move|p1a: Swampert|Protect|p1a: Swampert\n|-singleturn|p1a: Swampert|Protect\n|move|p2a: Obstagoon|Facade|p1a: Swampert\n|-activate|p1a: Swampert|move: Protect\n|\n|-heal|p1a: Swampert|64\/100 tox|[from] item: Leftovers\n|-damage|p1a: Swampert|58\/100 tox|[from] psn\n|-damage|p2a: Obstagoon|3\/100 brn|[from] brn\n|upkeep\n|turn|21\n|\n|t:|1657349487\n|move|p1a: Swampert|Protect||[still]\n|-fail|p1a: Swampert\n|move|p2a: Obstagoon|Close Combat|p1a: Swampert\n|-damage|p1a: Swampert|9\/100 tox\n|-unboost|p2a: Obstagoon|def|1\n|-unboost|p2a: Obstagoon|spd|1\n|\n|-heal|p1a: Swampert|15\/100 tox|[from] item: Leftovers\n|-damage|p1a: Swampert|3\/100 tox|[from] psn\n|-damage|p2a: Obstagoon|0 fnt|[from] brn\n|faint|p2a: Obstagoon\n|upkeep\n|\n|t:|1657349498\n|switch|p2a: Zarude|Zarude|76\/100\n|-damage|p2a: Zarude|64\/100|[from] Stealth Rock\n|turn|22\n|\n|t:|1657349502\n|move|p2a: Zarude|Close Combat|p1a: Swampert\n|-damage|p1a: Swampert|0 fnt\n|-unboost|p2a: Zarude|def|1\n|-unboost|p2a: Zarude|spd|1\n|faint|p1a: Swampert\n|\n|upkeep\n|\n|t:|1657349513\n|switch|p1a: Darmanitan|Darmanitan, M|26\/100\n|-damage|p1a: Darmanitan|1\/100|[from] Stealth Rock\n|turn|23\n|\n|t:|1657349518\n|move|p2a: Zarude|Close Combat|p1a: Darmanitan\n|-damage|p1a: Darmanitan|0 fnt\n|-unboost|p2a: Zarude|def|1\n|-unboost|p2a: Zarude|spd|1\n|faint|p1a: Darmanitan\n|\n|upkeep\n|\n|t:|1657349520\n|switch|p1a: Melmetal|Melmetal|100\/100\n|-damage|p1a: Melmetal|94\/100|[from] Stealth Rock\n|turn|24\n|\n|t:|1657349523\n|move|p2a: Zarude|Close Combat|p1a: Melmetal\n|-supereffective|p1a: Melmetal\n|-damage|p1a: Melmetal|54\/100\n|-unboost|p2a: Zarude|def|1\n|-unboost|p2a: Zarude|spd|1\n|move|p1a: Melmetal|Double Iron Bash|p2a: Zarude\n|-damage|p2a: Zarude|0 fnt\n|faint|p2a: Zarude\n|-hitcount|p2: Zarude|1\n|\n|-heal|p1a: Melmetal|60\/100|[from] item: Leftovers\n|upkeep\n|\n|t:|1657349525\n|switch|p2a: Victini|Victini|30\/100\n|turn|25\n|\n|t:|1657349532\n|move|p1a: Melmetal|Protect|p1a: Melmetal\n|-singleturn|p1a: Melmetal|Protect\n|move|p2a: Victini|V-create|p1a: Melmetal\n|-activate|p1a: Melmetal|move: Protect\n|\n|-heal|p1a: Melmetal|67\/100|[from] item: Leftovers\n|upkeep\n|turn|26\n|\n|t:|1657349550\n|move|p2a: Victini|V-create|p1a: Melmetal\n|-supereffective|p1a: Melmetal\n|-damage|p1a: Melmetal|0 fnt\n|-unboost|p2a: Victini|spe|1\n|-unboost|p2a: Victini|def|1\n|-unboost|p2a: Victini|spd|1\n|faint|p1a: Melmetal\n|\n|win|big boss 447\n|raw|Rusl2's rating: 1579 &rarr; <strong>1560<\/strong><br \/>(-19 for losing)\n|raw|big boss 447's rating: 1601 &rarr; <strong>1620<\/strong><br \/>(+19 for winning)\n|l|\u2606Rusl2\n|c|\u2606big boss 447|gg\n","uploadtime":1657349609,"views":21,"p1id":"rusl2","p2id":"bigboss447","formatid":"gen8ou","rating":1560,"private":0,"password":null}