{"id":"gen8ou-1611069290","p1":"Steve Omelette","p2":"Chokst du","format":"gen8ou","log":"|j|\u2606Steve Omelette\n|j|\u2606Chokst du\n|t:|1657057217\n|gametype|singles\n|player|p1|Steve Omelette|169|1842\n|player|p2|Chokst du|169|1795\n|teamsize|p1|6\n|teamsize|p2|6\n|gen|8\n|tier|[Gen 8] OU\n|rated|\n|rule|Sleep Clause Mod: Limit one foe put to sleep\n|rule|Species Clause: Limit one of each Pok\u00e9mon\n|rule|OHKO Clause: OHKO moves are banned\n|rule|Evasion Moves Clause: Evasion moves are banned\n|rule|Endless Battle Clause: Forcing endless battles is banned\n|rule|HP Percentage Mod: HP is shown in percentages\n|rule|Dynamax Clause: You cannot dynamax\n|clearpoke\n|poke|p1|Ferrothorn, F|\n|poke|p1|Rotom-Wash|\n|poke|p1|Tyranitar, M|\n|poke|p1|Excadrill, F|\n|poke|p1|Clefable, F|\n|poke|p1|Dragapult, F|\n|poke|p2|Clefable, M|\n|poke|p2|Heatran, M|\n|poke|p2|Gastrodon, M|\n|poke|p2|Tornadus-Therian, M|\n|poke|p2|Skarmory, F|\n|poke|p2|Rillaboom, F|\n|teampreview\n|\n|t:|1657057242\n|start\n|switch|p1a: Rotom|Rotom-Wash|100\/100\n|switch|p2a: Tornadus|Tornadus-Therian, M|100\/100\n|turn|1\n|\n|t:|1657057245\n|move|p2a: Tornadus|Knock Off|p1a: Rotom\n|-damage|p1a: Rotom|79\/100\n|-enditem|p1a: Rotom|Leftovers|[from] move: Knock Off|[of] p2a: Tornadus\n|move|p1a: Rotom|Toxic|p2a: Tornadus\n|-status|p2a: Tornadus|tox\n|\n|-damage|p2a: Tornadus|94\/100 tox|[from] psn\n|upkeep\n|turn|2\n|j| CB Bhris Breezy\n|j| Abcdefp\n|\n|t:|1657057249\n|move|p2a: Tornadus|U-turn|p1a: Rotom\n|-damage|p1a: Rotom|63\/100\n|\n|t:|1657057251\n|switch|p2a: Clefable|Clefable, M|100\/100|[from]move: U-turn\n|move|p1a: Rotom|Volt Switch|p2a: Clefable\n|-damage|p2a: Clefable|80\/100\n|\n|t:|1657057254\n|switch|p1a: Tyranitar|Tyranitar, M|100\/100|[from]move: Volt Switch\n|-weather|Sandstorm|[from] ability: Sand Stream|[of] p1a: Tyranitar\n|\n|-weather|Sandstorm|[upkeep]\n|-heal|p2a: Clefable|86\/100|[from] item: Leftovers\n|upkeep\n|turn|3\n|\n|t:|1657057257\n|switch|p2a: Skarmory|Skarmory, F|100\/100\n|move|p1a: Tyranitar|Stone Edge|p2a: Skarmory\n|-damage|p2a: Skarmory|49\/100\n|\n|-weather|Sandstorm|[upkeep]\n|upkeep\n|turn|4\n|\n|t:|1657057265\n|move|p1a: Tyranitar|Stone Edge|p2a: Skarmory\n|-crit|p2a: Skarmory\n|-damage|p2a: Skarmory|0 fnt\n|faint|p2a: Skarmory\n|\n|-weather|Sandstorm|[upkeep]\n|upkeep\n|j| Koren Ikari\n|\n|t:|1657057271\n|switch|p2a: Heatran|Heatran, M|100\/100\n|turn|5\n|\n|t:|1657057277\n|switch|p1a: Rotom|Rotom-Wash|63\/100\n|move|p2a: Heatran|Flash Cannon|p1a: Rotom\n|-resisted|p1a: Rotom\n|-damage|p1a: Rotom|45\/100\n|\n|-weather|Sandstorm|[upkeep]\n|-damage|p1a: Rotom|39\/100|[from] Sandstorm\n|upkeep\n|turn|6\n|\n|t:|1657057280\n|switch|p2a: Clefable|Clefable, M|86\/100\n|move|p1a: Rotom|Pain Split|p2a: Clefable\n|-sethp|p2a: Clefable|58\/100|[from] move: Pain Split|[silent]\n|-sethp|p1a: Rotom|75\/100|[from] move: Pain Split\n|\n|-weather|none\n|-heal|p2a: Clefable|64\/100|[from] item: Leftovers\n|upkeep\n|turn|7\n|\n|t:|1657057283\n|move|p1a: Rotom|Volt Switch|p2a: Clefable\n|-damage|p2a: Clefable|43\/100\n|\n|t:|1657057285\n|switch|p1a: Clefable|Clefable, F|100\/100|[from]move: Volt Switch\n|move|p2a: Clefable|Stealth Rock|p1a: Clefable\n|-sidestart|p1: Steve Omelette|move: Stealth Rock\n|\n|-heal|p2a: Clefable|49\/100|[from] item: Leftovers\n|upkeep\n|turn|8\n|\n|t:|1657057289\n|move|p1a: Clefable|Knock Off|p2a: Clefable\n|-resisted|p2a: Clefable\n|-damage|p2a: Clefable|42\/100\n|-enditem|p2a: Clefable|Leftovers|[from] move: Knock Off|[of] p1a: Clefable\n|move|p2a: Clefable|Soft-Boiled|p2a: Clefable\n|-heal|p2a: Clefable|92\/100\n|\n|upkeep\n|turn|9\n|j| aisudfijafgdfg\n|\n|t:|1657057297\n|switch|p2a: Rillaboom|Rillaboom, F|100\/100\n|-fieldstart|move: Grassy Terrain|[from] ability: Grassy Surge|[of] p2a: Rillaboom\n|move|p1a: Clefable|Stealth Rock|p2a: Rillaboom\n|-sidestart|p2: Chokst du|move: Stealth Rock\n|\n|upkeep\n|turn|10\n|\n|t:|1657057301\n|switch|p1a: Dragapult|Dragapult, F|100\/100\n|-damage|p1a: Dragapult|88\/100|[from] Stealth Rock\n|move|p2a: Rillaboom|Swords Dance|p2a: Rillaboom\n|-boost|p2a: Rillaboom|atk|2\n|\n|-heal|p1a: Dragapult|94\/100|[from] Grassy Terrain\n|upkeep\n|turn|11\n|\n|t:|1657057308\n|move|p1a: Dragapult|Draco Meteor|p2a: Rillaboom\n|-damage|p2a: Rillaboom|4\/100\n|-unboost|p1a: Dragapult|spa|2\n|move|p2a: Rillaboom|Knock Off|p1a: Dragapult\n|-supereffective|p1a: Dragapult\n|-damage|p1a: Dragapult|0 fnt\n|-enditem|p1a: Dragapult|Choice Specs|[from] move: Knock Off|[of] p2a: Rillaboom\n|faint|p1a: Dragapult\n|\n|-heal|p2a: Rillaboom|11\/100|[from] Grassy Terrain\n|-heal|p2a: Rillaboom|17\/100|[from] item: Leftovers\n|upkeep\n|\n|t:|1657057315\n|switch|p1a: Clefable|Clefable, F|100\/100\n|turn|12\n|j| Bloody alfa\n|\n|t:|1657057328\n|switch|p2a: Heatran|Heatran, M|100\/100\n|-damage|p2a: Heatran|88\/100|[from] Stealth Rock\n|move|p1a: Clefable|Knock Off|p2a: Heatran\n|-crit|p2a: Heatran\n|-damage|p2a: Heatran|64\/100\n|-enditem|p2a: Heatran|Choice Specs|[from] move: Knock Off|[of] p1a: Clefable\n|\n|-heal|p2a: Heatran|70\/100|[from] Grassy Terrain\n|upkeep\n|turn|13\n|\n|t:|1657057335\n|switch|p1a: Rotom|Rotom-Wash|75\/100\n|-damage|p1a: Rotom|63\/100|[from] Stealth Rock\n|move|p2a: Heatran|Nature Power|p1a: Rotom\n|move|p2a: Heatran|Energy Ball|p1a: Rotom|[from]move: Nature Power\n|-supereffective|p1a: Rotom\n|-damage|p1a: Rotom|0 fnt\n|faint|p1a: Rotom\n|\n|-heal|p2a: Heatran|77\/100|[from] Grassy Terrain\n|-fieldend|move: Grassy Terrain\n|upkeep\n|\n|t:|1657057338\n|switch|p1a: Tyranitar|Tyranitar, M|100\/100\n|-damage|p1a: Tyranitar|88\/100|[from] Stealth Rock\n|-weather|Sandstorm|[from] ability: Sand Stream|[of] p1a: Tyranitar\n|turn|14\n|\n|t:|1657057360\n|switch|p2a: Rillaboom|Rillaboom, F|17\/100\n|-damage|p2a: Rillaboom|4\/100|[from] Stealth Rock\n|-fieldstart|move: Grassy Terrain|[from] ability: Grassy Surge|[of] p2a: Rillaboom\n|move|p1a: Tyranitar|Stone Edge|p2a: Rillaboom\n|-damage|p2a: Rillaboom|0 fnt\n|faint|p2a: Rillaboom\n|\n|-weather|Sandstorm|[upkeep]\n|-heal|p1a: Tyranitar|94\/100|[from] Grassy Terrain\n|upkeep\n|\n|t:|1657057364\n|switch|p2a: Gastrodon|Gastrodon, M|100\/100\n|turn|15\n|\n|t:|1657057366\n|move|p1a: Tyranitar|Stone Edge|p2a: Gastrodon\n|-resisted|p2a: Gastrodon\n|-damage|p2a: Gastrodon|53\/100\n|move|p2a: Gastrodon|Scald|p1a: Tyranitar\n|-supereffective|p1a: Tyranitar\n|-damage|p1a: Tyranitar|62\/100\n|-status|p1a: Tyranitar|brn\n|\n|-weather|Sandstorm|[upkeep]\n|-heal|p1a: Tyranitar|68\/100 brn|[from] Grassy Terrain\n|-heal|p2a: Gastrodon|59\/100|[from] Grassy Terrain\n|-damage|p1a: Tyranitar|62\/100 brn|[from] brn\n|upkeep\n|turn|16\n|\n|t:|1657057370\n|switch|p1a: Ferrothorn|Ferrothorn, F|100\/100\n|-damage|p1a: Ferrothorn|95\/100|[from] Stealth Rock\n|move|p2a: Gastrodon|Recover|p2a: Gastrodon\n|-heal|p2a: Gastrodon|100\/100\n|\n|-weather|Sandstorm|[upkeep]\n|-heal|p1a: Ferrothorn|100\/100|[from] Grassy Terrain\n|upkeep\n|turn|17\n|\n|t:|1657057375\n|switch|p2a: Clefable|Clefable, M|92\/100\n|move|p1a: Ferrothorn|Body Press|p2a: Clefable\n|-resisted|p2a: Clefable\n|-damage|p2a: Clefable|79\/100\n|\n|-weather|Sandstorm|[upkeep]\n|-heal|p2a: Clefable|85\/100|[from] Grassy Terrain\n|upkeep\n|turn|18\n|\n|t:|1657057379\n|move|p2a: Clefable|Knock Off|p1a: Ferrothorn\n|-damage|p1a: Ferrothorn|91\/100\n|-activate|p1a: Ferrothorn|ability: Iron Barbs\n|-enditem|p1a: Ferrothorn|Leftovers|[from] move: Knock Off|[of] p2a: Clefable\n|move|p1a: Ferrothorn|Body Press|p2a: Clefable\n|-resisted|p2a: Clefable\n|-damage|p2a: Clefable|71\/100\n|\n|-weather|none\n|-heal|p2a: Clefable|77\/100|[from] Grassy Terrain\n|-heal|p1a: Ferrothorn|97\/100|[from] Grassy Terrain\n|-fieldend|move: Grassy Terrain\n|upkeep\n|turn|19\n|\n|t:|1657057382\n|move|p2a: Clefable|Knock Off|p1a: Ferrothorn\n|-damage|p1a: Ferrothorn|91\/100\n|-activate|p1a: Ferrothorn|ability: Iron Barbs\n|move|p1a: Ferrothorn|Spikes|p2a: Clefable\n|-sidestart|p2: Chokst du|Spikes\n|\n|upkeep\n|turn|20\n|\n|t:|1657057387\n|switch|p2a: Tornadus|Tornadus-Therian, M|100\/100 tox\n|switch|p1a: Excadrill|Excadrill, F|100\/100\n|-damage|p1a: Excadrill|97\/100|[from] Stealth Rock\n|\n|-heal|p1a: Excadrill|100\/100|[from] item: Leftovers\n|-damage|p2a: Tornadus|94\/100 tox|[from] psn\n|upkeep\n|turn|21\n|\n|t:|1657057390\n|move|p2a: Tornadus|Knock Off|p1a: Excadrill\n|-damage|p1a: Excadrill|73\/100\n|-enditem|p1a: Excadrill|Leftovers|[from] move: Knock Off|[of] p2a: Tornadus\n|move|p1a: Excadrill|Rapid Spin|p2a: Tornadus\n|-damage|p2a: Tornadus|75\/100 tox\n|-boost|p1a: Excadrill|spe|1\n|-sideend|p1: Steve Omelette|Stealth Rock|[from] move: Rapid Spin|[of] p1a: Excadrill\n|\n|-damage|p2a: Tornadus|63\/100 tox|[from] psn\n|upkeep\n|turn|22\n|\n|t:|1657057397\n|move|p1a: Excadrill|Swords Dance|p1a: Excadrill\n|-boost|p1a: Excadrill|atk|2\n|move|p2a: Tornadus|U-turn|p1a: Excadrill\n|-resisted|p1a: Excadrill\n|-damage|p1a: Excadrill|63\/100\n|j| poopootest\n|\n|t:|1657057400\n|switch|p2a: Gastrodon|Gastrodon, M|100\/100|[from]move: U-turn\n|\n|upkeep\n|turn|23\n|\n|t:|1657057406\n|move|p1a: Excadrill|Iron Head|p2a: Gastrodon\n|-resisted|p2a: Gastrodon\n|-damage|p2a: Gastrodon|58\/100\n|move|p2a: Gastrodon|Earthquake|p1a: Excadrill\n|-supereffective|p1a: Excadrill\n|-damage|p1a: Excadrill|0 fnt\n|faint|p1a: Excadrill\n|\n|upkeep\n|\n|t:|1657057419\n|switch|p1a: Ferrothorn|Ferrothorn, F|91\/100\n|turn|24\n|\n|t:|1657057430\n|switch|p2a: Tornadus|Tornadus-Therian, M|96\/100 tox\n|move|p1a: Ferrothorn|Spikes|p2a: Tornadus\n|-sidestart|p2: Chokst du|Spikes\n|\n|-damage|p2a: Tornadus|90\/100 tox|[from] psn\n|upkeep\n|turn|25\n|\n|t:|1657057433\n|move|p2a: Tornadus|Defog|p1a: Ferrothorn\n|-unboost|p1a: Ferrothorn|evasion|1\n|-sideend|p2: Chokst du|Spikes|[from] move: Defog|[of] p2a: Tornadus\n|-sideend|p2: Chokst du|Stealth Rock|[from] move: Defog|[of] p2a: Tornadus\n|move|p1a: Ferrothorn|Spikes|p2a: Tornadus\n|-sidestart|p2: Chokst du|Spikes\n|\n|-damage|p2a: Tornadus|78\/100 tox|[from] psn\n|upkeep\n|turn|26\n|\n|t:|1657057437\n|move|p2a: Tornadus|Hurricane|p1a: Ferrothorn\n|-damage|p1a: Ferrothorn|55\/100\n|move|p1a: Ferrothorn|Body Press|p2a: Tornadus\n|-resisted|p2a: Tornadus\n|-damage|p2a: Tornadus|62\/100 tox\n|\n|-damage|p2a: Tornadus|44\/100 tox|[from] psn\n|upkeep\n|turn|27\n|\n|t:|1657057444\n|move|p2a: Tornadus|U-turn|p1a: Ferrothorn\n|-damage|p1a: Ferrothorn|47\/100\n|-damage|p2a: Tornadus|32\/100 tox|[from] ability: Iron Barbs|[of] p1a: Ferrothorn\n|\n|t:|1657057445\n|switch|p2a: Clefable|Clefable, M|77\/100|[from]move: U-turn\n|move|p1a: Ferrothorn|Spikes|p2a: Clefable\n|-sidestart|p2: Chokst du|Spikes\n|\n|upkeep\n|turn|28\n|\n|t:|1657057448\n|switch|p1a: Tyranitar|Tyranitar, M|62\/100 brn\n|-weather|Sandstorm|[from] ability: Sand Stream|[of] p1a: Tyranitar\n|move|p2a: Clefable|Stealth Rock|p1a: Tyranitar\n|-sidestart|p1: Steve Omelette|move: Stealth Rock\n|\n|-weather|Sandstorm|[upkeep]\n|-damage|p1a: Tyranitar|56\/100 brn|[from] brn\n|upkeep\n|turn|29\n|\n|t:|1657057451\n|move|p1a: Tyranitar|Heavy Slam|p2a: Clefable\n|-supereffective|p2a: Clefable\n|-damage|p2a: Clefable|16\/100\n|move|p2a: Clefable|Soft-Boiled|p2a: Clefable\n|-heal|p2a: Clefable|66\/100\n|\n|-weather|Sandstorm|[upkeep]\n|-damage|p1a: Tyranitar|50\/100 brn|[from] brn\n|upkeep\n|turn|30\n|\n|t:|1657057457\n|switch|p1a: Ferrothorn|Ferrothorn, F|47\/100\n|-damage|p1a: Ferrothorn|41\/100|[from] Stealth Rock\n|switch|p2a: Gastrodon|Gastrodon, M|58\/100\n|\n|-weather|Sandstorm|[upkeep]\n|upkeep\n|turn|31\n|\n|t:|1657057462\n|switch|p2a: Clefable|Clefable, M|66\/100\n|move|p1a: Ferrothorn|Leech Seed|p2a: Clefable\n|-start|p2a: Clefable|move: Leech Seed\n|\n|-weather|Sandstorm|[upkeep]\n|upkeep\n|turn|32\n|\n|t:|1657057466\n|switch|p1a: Clefable|Clefable, F|100\/100\n|move|p2a: Clefable|Soft-Boiled|p2a: Clefable\n|-heal|p2a: Clefable|100\/100\n|\n|-weather|none\n|upkeep\n|turn|33\n|\n|t:|1657057471\n|switch|p2a: Heatran|Heatran, M|77\/100\n|-damage|p2a: Heatran|60\/100|[from] Spikes\n|move|p1a: Clefable|Moonblast|p2a: Heatran\n|-resisted|p2a: Heatran\n|-damage|p2a: Heatran|53\/100\n|\n|upkeep\n|turn|34\n|\n|t:|1657057474\n|move|p2a: Heatran|Flash Cannon|p1a: Clefable\n|-supereffective|p1a: Clefable\n|-damage|p1a: Clefable|6\/100\n|-unboost|p1a: Clefable|spd|1\n|move|p1a: Clefable|Moonblast|p2a: Heatran\n|-resisted|p2a: Heatran\n|-crit|p2a: Heatran\n|-damage|p2a: Heatran|42\/100\n|\n|upkeep\n|turn|35\n|-message|Steve Omelette forfeited.\n|\n|win|Chokst du\n|raw|Steve Omelette's rating: 1842 &rarr; <strong>1819<\/strong><br \/>(-23 for losing)\n|raw|Chokst du's rating: 1795 &rarr; <strong>1818<\/strong><br \/>(+23 for winning)\n|l|\u2606Steve Omelette\n|l| Abcdefp\n||Ladder isn't responding, score probably updated but might not have (Request timeout).\n","uploadtime":1657057528,"views":78,"p1id":"steveomelette","p2id":"chokstdu","formatid":"gen8ou","rating":1818,"private":0,"password":null}