{"id":"gen8ou-1019730581","p1":"BlackAtmosphere","p2":"TryHonesty","format":"gen8ou","log":"|j|\u2606BlackAtmosphere\n|j|\u2606TryHonesty\n|player|p1|BlackAtmosphere|266|1501\n|player|p2|TryHonesty|170|1408\n|teamsize|p1|6\n|teamsize|p2|6\n|gametype|singles\n|gen|8\n|tier|[Gen 8] OU\n|rated|\n|rule|Sleep Clause Mod: Limit one foe put to sleep\n|rule|Species Clause: Limit one of each Pok\u00e9mon\n|rule|OHKO Clause: OHKO moves are banned\n|rule|Evasion Moves Clause: Evasion moves are banned\n|rule|Endless Battle Clause: Forcing endless battles is banned\n|rule|HP Percentage Mod: HP is shown in percentages\n|clearpoke\n|poke|p1|Seismitoad, M|item\n|poke|p1|Darmanitan-Galar, F|item\n|poke|p1|Ditto|item\n|poke|p1|Dragapult, M|item\n|poke|p1|Pincurchin, F|item\n|poke|p1|Hawlucha, M|item\n|poke|p2|Grimmsnarl, M|item\n|poke|p2|Cinderace, F|item\n|poke|p2|Toxtricity, F|item\n|poke|p2|Diggersby, M|item\n|poke|p2|Dragapult, F|item\n|poke|p2|Polteageist|item\n|teampreview\n|inactive|Battle timer is ON: inactive players will automatically lose when time's up. (requested by TryHonesty)\n|\n|start\n|switch|p1a: Darmanitan|Darmanitan-Galar, F|100\/100\n|switch|p2a: Diggersby|Diggersby, M|100\/100\n|turn|1\n|\n|move|p2a: Diggersby|Quick Attack|p1a: Darmanitan\n|-damage|p1a: Darmanitan|40\/100\n|-damage|p2a: Diggersby|91\/100|[from] item: Life Orb\n|move|p1a: Darmanitan|Icicle Crash|p2a: Diggersby\n|-supereffective|p2a: Diggersby\n|-damage|p2a: Diggersby|0 fnt\n|faint|p2a: Diggersby\n|\n|upkeep\n|\n|switch|p2a: Cinderace|Cinderace, F|100\/100\n|turn|2\n|\n|switch|p1a: Seismitoad|Seismitoad, M|100\/100\n|move|p2a: Cinderace|U-turn|p1a: Seismitoad\n|-damage|p1a: Seismitoad|85\/100\n|\n|switch|p2a: Polteageist|Polteageist|100\/100|[from]move: U-turn\n|\n|-heal|p1a: Seismitoad|91\/100|[from] item: Leftovers\n|upkeep\n|turn|3\n|\n|move|p2a: Polteageist|Shell Smash|p2a: Polteageist\n|-unboost|p2a: Polteageist|def|1\n|-unboost|p2a: Polteageist|spd|1\n|-boost|p2a: Polteageist|atk|2\n|-boost|p2a: Polteageist|spa|2\n|-boost|p2a: Polteageist|spe|2\n|move|p1a: Seismitoad|Scald|p2a: Polteageist\n|-damage|p2a: Polteageist|59\/100\n|-status|p2a: Polteageist|brn\n|\n|-heal|p1a: Seismitoad|97\/100|[from] item: Leftovers\n|-damage|p2a: Polteageist|53\/100 brn|[from] brn\n|upkeep\n|turn|4\n|\n|switch|p1a: Pincurchin|Pincurchin, F|100\/100\n|-fieldstart|move: Electric Terrain|[from] ability: Electric Surge|[of] p1a: Pincurchin\n|move|p2a: Polteageist|Shadow Ball|p1a: Pincurchin\n|-damage|p1a: Pincurchin|0 fnt\n|faint|p1a: Pincurchin\n|\n|-damage|p2a: Polteageist|46\/100 brn|[from] brn\n|upkeep\n|\n|switch|p1a: Ditto|Ditto|100\/100\n|-transform|p1a: Ditto|p2a: Polteageist|[from] ability: Imposter\n|turn|5\n|\n|move|p1a: Ditto|Shadow Ball|p2a: Polteageist\n|-supereffective|p2a: Polteageist\n|-damage|p2a: Polteageist|0 fnt\n|faint|p2a: Polteageist\n|\n|upkeep\n|\n|switch|p2a: Grimmsnarl|Grimmsnarl, M|100\/100\n|turn|6\n|\n|switch|p1a: Seismitoad|Seismitoad, M|97\/100\n|switch|p2a: Toxtricity|Toxtricity, F|100\/100\n|\n|-heal|p1a: Seismitoad|100\/100|[from] item: Leftovers\n|upkeep\n|turn|7\n|\n|move|p2a: Toxtricity|Boomburst|p1a: Seismitoad\n|-damage|p1a: Seismitoad|18\/100\n|-damage|p2a: Toxtricity|91\/100|[from] item: Life Orb\n|move|p1a: Seismitoad|Earth Power|p2a: Toxtricity\n|-supereffective|p2a: Toxtricity\n|-damage|p2a: Toxtricity|0 fnt\n|faint|p2a: Toxtricity\n|\n|-heal|p1a: Seismitoad|24\/100|[from] item: Leftovers\n|upkeep\n|c|\u2606BlackAtmosphere|that shit is so strong\n|\n|switch|p2a: Grimmsnarl|Grimmsnarl, M|100\/100\n|turn|8\n|c|\u2606TryHonesty|ye\n|\n|move|p2a: Grimmsnarl|Bulk Up|p2a: Grimmsnarl\n|-boost|p2a: Grimmsnarl|atk|1\n|-boost|p2a: Grimmsnarl|def|1\n|move|p1a: Seismitoad|Toxic|p2a: Grimmsnarl\n|-status|p2a: Grimmsnarl|tox\n|\n|-heal|p1a: Seismitoad|31\/100|[from] item: Leftovers\n|-damage|p2a: Grimmsnarl|94\/100 tox|[from] psn\n|upkeep\n|turn|9\n|\n|move|p1a: Seismitoad|Stealth Rock|p2a: Grimmsnarl\n|-sidestart|p2: TryHonesty|move: Stealth Rock\n|move|p2a: Grimmsnarl|Spirit Break|p1a: Seismitoad\n|-damage|p1a: Seismitoad|0 fnt\n|-damage|p2a: Grimmsnarl|85\/100 tox|[from] item: Life Orb\n|faint|p1a: Seismitoad\n|\n|-damage|p2a: Grimmsnarl|72\/100 tox|[from] psn\n|upkeep\n|\n|switch|p1a: Ditto|Ditto|100\/100\n|-transform|p1a: Ditto|p2a: Grimmsnarl|[from] ability: Imposter\n|turn|10\n|\n|-start|p2a: Grimmsnarl|Dynamax\n|-heal|p2a: Grimmsnarl|72\/100 tox|[silent]\n|move|p1a: Ditto|Spirit Break|p2a: Grimmsnarl\n|-supereffective|p2a: Grimmsnarl\n|-damage|p2a: Grimmsnarl|20\/100 tox\n|-unboost|p2a: Grimmsnarl|spa|1\n|move|p2a: Grimmsnarl|Max Starfall|p1a: Ditto\n|-supereffective|p1a: Ditto\n|-damage|p1a: Ditto|0 fnt\n|-fieldstart|move: Misty Terrain\n|-damage|p2a: Grimmsnarl|10\/100 tox|[from] item: Life Orb\n|faint|p1a: Ditto\n|\n|-damage|p2a: Grimmsnarl|0 fnt|[from] psn\n|faint|p2a: Grimmsnarl\n|upkeep\n|\n|switch|p2a: Cinderace|Cinderace, F|100\/100\n|switch|p1a: Dragapult|Dragapult, M|100\/100\n|turn|11\n|\n|-start|p1a: Dragapult|Dynamax\n|-heal|p1a: Dragapult|100\/100|[silent]\n|move|p1a: Dragapult|Max Wyrmwind|p2a: Cinderace\n|-damage|p2a: Cinderace|56\/100\n|-unboost|p2a: Cinderace|atk|1\n|move|p2a: Cinderace|Court Change|p2a: Cinderace\n|-sideend|p2: TryHonesty|Stealth Rock|[from] move: Court Change|[of] p2a: Cinderace\n|-sidestart|p1: BlackAtmosphere|move: Stealth Rock\n|\n|upkeep\n|turn|12\n|\n|move|p1a: Dragapult|Max Lightning|p2a: Cinderace\n|-damage|p2a: Cinderace|6\/100\n|-fieldstart|move: Electric Terrain\n|move|p2a: Cinderace|Pyro Ball|p1a: Dragapult|[miss]\n|-miss|p2a: Cinderace|p1a: Dragapult\n|\n|upkeep\n|turn|13\n|\n|move|p1a: Dragapult|Max Wyrmwind|p2a: Cinderace\n|-damage|p2a: Cinderace|0 fnt\n|faint|p2a: Cinderace\n|\n|-end|p1a: Dragapult|Dynamax\n|-heal|p1a: Dragapult|100\/100|[silent]\n|upkeep\n|\n|switch|p2a: Dragapult|Dragapult, F|100\/100\n|turn|14\n|\n|move|p1a: Dragapult|Shadow Ball|p2a: Dragapult\n|-supereffective|p2a: Dragapult\n|-damage|p2a: Dragapult|0 fnt\n|faint|p2a: Dragapult\n|\n|win|BlackAtmosphere\n|c|\u2606BlackAtmosphere|gg\n","uploadtime":1575090008,"views":5,"p1id":"blackatmosphere","p2id":"tryhonesty","formatid":"gen8ou","rating":0,"private":0,"password":null}