{"id":"gen8ou-1672197667","p1":"machugen","p2":"Djpablix","format":"gen8ou","log":"|j|\u2606machugen\n|j|\u2606Djpablix\n|t:|1664338950\n|gametype|singles\n|player|p1|machugen|elesa|1760\n|player|p2|Djpablix|hilbert|1848\n|teamsize|p1|6\n|teamsize|p2|6\n|gen|8\n|tier|[Gen 8] OU\n|rated|\n|rule|Sleep Clause Mod: Limit one foe put to sleep\n|rule|Species Clause: Limit one of each Pok\u00e9mon\n|rule|OHKO Clause: OHKO moves are banned\n|rule|Evasion Items Clause: Evasion items are banned\n|rule|Evasion Moves Clause: Evasion moves are banned\n|rule|Endless Battle Clause: Forcing endless battles is banned\n|rule|HP Percentage Mod: HP is shown in percentages\n|rule|Dynamax Clause: You cannot dynamax\n|clearpoke\n|poke|p1|Melmetal|\n|poke|p1|Weavile, F|\n|poke|p1|Volcanion|\n|poke|p1|Zapdos|\n|poke|p1|Landorus-Therian, M|\n|poke|p1|Kartana|\n|poke|p2|Gengar, M|\n|poke|p2|Dragapult, M|\n|poke|p2|Blaziken, M|\n|poke|p2|Landorus-Therian, M|\n|poke|p2|Kartana|\n|poke|p2|Latias, F|\n|teampreview\n|inactive|Battle timer is ON: inactive players will automatically lose when time's up. (requested by Djpablix)\n|\n|t:|1664338959\n|start\n|switch|p1a: Kartana|Kartana|100\/100\n|switch|p2a: Gengar|Gengar, M|100\/100\n|turn|1\n|\n|t:|1664338961\n|move|p2a: Gengar|Trick|p1a: Kartana\n|-activate|p2a: Gengar|move: Trick|[of] p1a: Kartana\n|-item|p1a: Kartana|Choice Scarf|[from] move: Trick\n|-item|p2a: Gengar|Choice Scarf|[from] move: Trick\n|move|p1a: Kartana|Knock Off|p2a: Gengar\n|-supereffective|p2a: Gengar\n|-damage|p2a: Gengar|0 fnt\n|-enditem|p2a: Gengar|Choice Scarf|[from] move: Knock Off|[of] p1a: Kartana\n|faint|p2a: Gengar\n|-ability|p1a: Kartana|Beast Boost|boost\n|-boost|p1a: Kartana|atk|1\n|\n|upkeep\n|\n|t:|1664338968\n|switch|p2a: Landorus|Landorus-Therian, M|100\/100\n|-ability|p2a: Landorus|Intimidate|boost\n|-unboost|p1a: Kartana|atk|1\n|turn|2\n|\n|t:|1664338971\n|switch|p1a: Weavile|Weavile, F|100\/100\n|-ability|p1a: Weavile|Pressure\n|move|p2a: Landorus|Rock Polish|p2a: Landorus\n|-boost|p2a: Landorus|spe|2\n|\n|upkeep\n|turn|3\n|\n|t:|1664338974\n|move|p1a: Weavile|Ice Shard|p2a: Landorus\n|-supereffective|p2a: Landorus\n|-enditem|p2a: Landorus|Yache Berry|[eat]\n|-enditem|p2a: Landorus|Yache Berry|[weaken]\n|-damage|p2a: Landorus|21\/100\n|move|p2a: Landorus|Earthquake|p1a: Weavile\n|-damage|p1a: Weavile|0 fnt\n|faint|p1a: Weavile\n|\n|upkeep\n|\n|t:|1664338980\n|switch|p1a: Kartana|Kartana|100\/100\n|turn|4\n|\n|t:|1664338986\n|move|p2a: Landorus|Earthquake|p1a: Kartana\n|-damage|p1a: Kartana|38\/100\n|move|p1a: Kartana|Knock Off|p2a: Landorus\n|-crit|p2a: Landorus\n|-damage|p2a: Landorus|0 fnt\n|faint|p2a: Landorus\n|-ability|p1a: Kartana|Beast Boost|boost\n|-boost|p1a: Kartana|atk|1\n|\n|upkeep\n|\n|t:|1664338991\n|switch|p2a: Blaziken|Blaziken, M|100\/100\n|turn|5\n|\n|t:|1664338993\n|switch|p1a: Landorus|Landorus-Therian, M|100\/100\n|-ability|p1a: Landorus|Intimidate|boost\n|-unboost|p2a: Blaziken|atk|1\n|move|p2a: Blaziken|Swords Dance|p2a: Blaziken\n|-boost|p2a: Blaziken|atk|2\n|\n|-ability|p2a: Blaziken|Speed Boost|boost\n|-boost|p2a: Blaziken|spe|1\n|upkeep\n|turn|6\n|\n|t:|1664338996\n|move|p2a: Blaziken|Protect|p2a: Blaziken\n|-singleturn|p2a: Blaziken|Protect\n|move|p1a: Landorus|Earthquake|p2a: Blaziken\n|-activate|p2a: Blaziken|move: Protect\n|\n|-ability|p2a: Blaziken|Speed Boost|boost\n|-boost|p2a: Blaziken|spe|1\n|upkeep\n|turn|7\n|\n|t:|1664338999\n|move|p2a: Blaziken|Flare Blitz|p1a: Landorus\n|-damage|p1a: Landorus|11\/100\n|-damage|p2a: Blaziken|66\/100|[from] Recoil\n|move|p1a: Landorus|Earthquake|p2a: Blaziken\n|-supereffective|p2a: Blaziken\n|-damage|p2a: Blaziken|0 fnt\n|faint|p2a: Blaziken\n|\n|-heal|p1a: Landorus|17\/100|[from] item: Leftovers\n|upkeep\n|\n|t:|1664339008\n|switch|p2a: Kartana|Kartana|100\/100\n|turn|8\n|-activate|p2a: Kartana|item: Quick Claw\n|\n|t:|1664339010\n|switch|p1a: Zapdos|Zapdos|100\/100\n|move|p2a: Kartana|Swords Dance|p2a: Kartana\n|-boost|p2a: Kartana|atk|2\n|\n|upkeep\n|turn|9\n|\n|t:|1664339013\n|move|p2a: Kartana|Knock Off|p1a: Zapdos\n|-damage|p1a: Zapdos|25\/100\n|-enditem|p1a: Zapdos|Heavy-Duty Boots|[from] move: Knock Off|[of] p2a: Kartana\n|move|p1a: Zapdos|Heat Wave|p2a: Kartana\n|-supereffective|p2a: Kartana\n|-damage|p2a: Kartana|0 fnt\n|faint|p2a: Kartana\n|\n|upkeep\n|\n|t:|1664339021\n|switch|p2a: Latias|Latias, F|100\/100\n|turn|10\n|\n|t:|1664339023\n|move|p1a: Zapdos|Volt Switch|p2a: Latias\n|-resisted|p2a: Latias\n|-damage|p2a: Latias|86\/100\n|\n|t:|1664339026\n|switch|p1a: Melmetal|Melmetal|100\/100|[from]move: Volt Switch\n|move|p2a: Latias|Agility|p2a: Latias\n|-boost|p2a: Latias|spe|2\n|\n|upkeep\n|turn|11\n|\n|t:|1664339028\n|move|p2a: Latias|Aura Sphere|p1a: Melmetal\n|-supereffective|p1a: Melmetal\n|-damage|p1a: Melmetal|39\/100\n|move|p1a: Melmetal|Double Iron Bash|p2a: Latias\n|-damage|p2a: Latias|14\/100\n|-damage|p2a: Latias|0 fnt\n|faint|p2a: Latias\n|-hitcount|p2: Latias|2\n|\n|upkeep\n|\n|t:|1664339032\n|switch|p2a: Dragapult|Dragapult, M|100\/100\n|turn|12\n|\n|t:|1664339034\n|move|p2a: Dragapult|Flamethrower|p1a: Melmetal\n|-supereffective|p1a: Melmetal\n|-damage|p1a: Melmetal|0 fnt\n|faint|p1a: Melmetal\n|-damage|p2a: Dragapult|91\/100|[from] item: Life Orb\n|\n|upkeep\n|\n|t:|1664339038\n|switch|p1a: Kartana|Kartana|38\/100\n|turn|13\n|\n|t:|1664339041\n|move|p1a: Kartana|Knock Off|p2a: Dragapult\n|-supereffective|p2a: Dragapult\n|-damage|p2a: Dragapult|0 fnt\n|-enditem|p2a: Dragapult|Life Orb|[from] move: Knock Off|[of] p1a: Kartana\n|faint|p2a: Dragapult\n|\n|win|machugen\n|raw|machugen's rating: 1760 &rarr; <strong>1785<\/strong><br \/>(+25 for winning)\n|raw|Djpablix's rating: 1848 &rarr; <strong>1823<\/strong><br \/>(-25 for losing)\n","uploadtime":1664339044,"views":25,"p1id":"machugen","p2id":"djpablix","formatid":"gen8ou","rating":1785,"private":0,"password":null}