{"id":"gen8ou-1304244522","p1":"Brifye","p2":"Senobleid","format":"gen8ou","log":"|j|\u2606Brifye\n|j|\u2606Senobleid\n|t:|1616102728\n|player|p1|Brifye|blackbelt-gen4dp|1499\n|player|p2|Senobleid|266|1442\n|teamsize|p1|6\n|teamsize|p2|6\n|gametype|singles\n|gen|8\n|tier|[Gen 8] OU\n|rated|\n|clearpoke\n|poke|p1|Tyranitar, F|\n|poke|p1|Dracozolt|\n|poke|p1|Slowbro, F|\n|poke|p1|Moltres|\n|poke|p1|Landorus-Therian, M|\n|poke|p1|Dragapult, M|\n|poke|p2|Landorus-Therian, M|\n|poke|p2|Tapu Fini|\n|poke|p2|Ferrothorn, M|\n|poke|p2|Corviknight, M|\n|poke|p2|Nidoking, M|\n|poke|p2|Clefable, M|\n|rule|Sleep Clause Mod: Limit one foe put to sleep\n|rule|Species Clause: Limit one of each Pok\u00e9mon\n|rule|OHKO Clause: OHKO moves are banned\n|rule|Evasion Moves Clause: Evasion moves are banned\n|rule|Endless Battle Clause: Forcing endless battles is banned\n|rule|HP Percentage Mod: HP is shown in percentages\n|rule|Dynamax Clause: You cannot dynamax\n|teampreview\n|\n|t:|1616102739\n|start\n|switch|p1a: Slowbro|Slowbro, F|100\/100\n|switch|p2a: Tapu Fini|Tapu Fini|100\/100\n|-fieldstart|move: Misty Terrain|[from] ability: Misty Surge|[of] p2a: Tapu Fini\n|turn|1\n|\n|t:|1616102745\n|move|p2a: Tapu Fini|Trick|p1a: Slowbro\n|-activate|p2a: Tapu Fini|move: Trick|[of] p1a: Slowbro\n|-item|p1a: Slowbro|Choice Scarf|[from] move: Trick\n|-item|p2a: Tapu Fini|Rocky Helmet|[from] move: Trick\n|move|p1a: Slowbro|Teleport|p1a: Slowbro\n|\n|t:|1616102751\n|switch|p1a: Dracozolt|Dracozolt|100\/100|[from]move: Teleport\n|\n|upkeep\n|turn|2\n|\n|t:|1616102761\n|switch|p2a: Landorus|Landorus-Therian, M|100\/100\n|-ability|p2a: Landorus|Intimidate|boost\n|-unboost|p1a: Dracozolt|atk|1\n|move|p1a: Dracozolt|Bolt Beak|p2a: Landorus\n|-immune|p2a: Landorus\n|\n|upkeep\n|turn|3\n|\n|t:|1616102771\n|switch|p1a: Landorus|Landorus-Therian, M|100\/100\n|-ability|p1a: Landorus|Intimidate|boost\n|-unboost|p2a: Landorus|atk|1\n|move|p2a: Landorus|Stealth Rock|p1a: Landorus\n|-sidestart|p1: Brifye|move: Stealth Rock\n|\n|upkeep\n|turn|4\n|\n|t:|1616102778\n|move|p2a: Landorus|U-turn|p1a: Landorus\n|-resisted|p1a: Landorus\n|-damage|p1a: Landorus|89\/100\n|\n|t:|1616102781\n|switch|p2a: Ferrothorn|Ferrothorn, M|100\/100|[from]move: U-turn\n|move|p1a: Landorus|U-turn|p2a: Ferrothorn\n|-damage|p2a: Ferrothorn|74\/100\n|-damage|p1a: Landorus|77\/100|[from] ability: Iron Barbs|[of] p2a: Ferrothorn\n|\n|t:|1616102792\n|switch|p1a: Moltres|Moltres|100\/100|[from]move: U-turn\n|\n|-heal|p2a: Ferrothorn|80\/100|[from] item: Leftovers\n|upkeep\n|turn|5\n|\n|t:|1616102802\n|move|p1a: Moltres|Mystical Fire|p2a: Ferrothorn\n|-supereffective|p2a: Ferrothorn\n|-damage|p2a: Ferrothorn|0 fnt\n|faint|p2a: Ferrothorn\n|\n|-fieldend|Misty Terrain\n|upkeep\n|\n|t:|1616102805\n|switch|p2a: Landorus|Landorus-Therian, M|100\/100\n|-ability|p2a: Landorus|Intimidate|boost\n|-unboost|p1a: Moltres|atk|1\n|turn|6\n|\n|t:|1616102810\n|switch|p1a: Landorus|Landorus-Therian, M|77\/100\n|-damage|p1a: Landorus|64\/100|[from] Stealth Rock\n|-ability|p1a: Landorus|Intimidate|boost\n|-unboost|p2a: Landorus|atk|1\n|move|p2a: Landorus|Smack Down|p1a: Landorus\n|-damage|p1a: Landorus|47\/100\n|-start|p1a: Landorus|Smack Down\n|\n|upkeep\n|turn|7\n|\n|t:|1616102821\n|move|p1a: Landorus|Stone Edge|p2a: Landorus\n|-damage|p2a: Landorus|23\/100\n|move|p2a: Landorus|Earthquake|p1a: Landorus\n|-damage|p1a: Landorus|0 fnt\n|faint|p1a: Landorus\n|\n|-heal|p2a: Landorus|29\/100|[from] item: Leftovers\n|upkeep\n|\n|t:|1616102829\n|switch|p1a: Dragapult|Dragapult, M|100\/100\n|-damage|p1a: Dragapult|88\/100|[from] Stealth Rock\n|turn|8\n|\n|t:|1616102838\n|switch|p2a: Tapu Fini|Tapu Fini|100\/100\n|-fieldstart|move: Misty Terrain|[from] ability: Misty Surge|[of] p2a: Tapu Fini\n|move|p1a: Dragapult|Hex|p2a: Tapu Fini\n|-damage|p2a: Tapu Fini|71\/100\n|\n|-heal|p1a: Dragapult|94\/100|[from] item: Leftovers\n|upkeep\n|turn|9\n|\n|t:|1616102847\n|switch|p1a: Slowbro|Slowbro, F|100\/100\n|-damage|p1a: Slowbro|88\/100|[from] Stealth Rock\n|move|p2a: Tapu Fini|Draining Kiss|p1a: Slowbro\n|-damage|p1a: Slowbro|69\/100\n|-heal|p2a: Tapu Fini|91\/100|[from] drain|[of] p1a: Slowbro\n|\n|upkeep\n|turn|10\n|\n|t:|1616102868\n|switch|p2a: Landorus|Landorus-Therian, M|29\/100\n|-ability|p2a: Landorus|Intimidate|boost\n|-unboost|p1a: Slowbro|atk|1\n|move|p1a: Slowbro|Teleport|p1a: Slowbro\n|\n|t:|1616102876\n|switch|p1a: Dragapult|Dragapult, M|94\/100|[from]move: Teleport\n|-damage|p1a: Dragapult|82\/100|[from] Stealth Rock\n|\n|-heal|p1a: Dragapult|88\/100|[from] item: Leftovers\n|-heal|p2a: Landorus|35\/100|[from] item: Leftovers\n|upkeep\n|turn|11\n|\n|t:|1616102886\n|switch|p2a: Tapu Fini|Tapu Fini|91\/100\n|move|p1a: Dragapult|Hex|p2a: Tapu Fini\n|-damage|p2a: Tapu Fini|65\/100\n|\n|-heal|p1a: Dragapult|94\/100|[from] item: Leftovers\n|upkeep\n|turn|12\n|\n|t:|1616102894\n|switch|p1a: Moltres|Moltres|100\/100\n|move|p2a: Tapu Fini|Draining Kiss|p1a: Moltres\n|-resisted|p1a: Moltres\n|-damage|p1a: Moltres|90\/100\n|-heal|p2a: Tapu Fini|75\/100|[from] drain|[of] p1a: Moltres\n|\n|-fieldend|Misty Terrain\n|upkeep\n|turn|13\n|\n|t:|1616102904\n|move|p2a: Tapu Fini|Calm Mind|p2a: Tapu Fini\n|-boost|p2a: Tapu Fini|spa|1\n|-boost|p2a: Tapu Fini|spd|1\n|move|p1a: Moltres|Defog|p2a: Tapu Fini\n|-unboost|p2a: Tapu Fini|evasion|1\n|-sideend|p1: Brifye|Stealth Rock|[from] move: Defog|[of] p1a: Moltres\n|\n|upkeep\n|turn|14\n|\n|t:|1616102913\n|switch|p1a: Tyranitar|Tyranitar, F|100\/100\n|-weather|Sandstorm|[from] ability: Sand Stream|[of] p1a: Tyranitar\n|move|p2a: Tapu Fini|Surf|p1a: Tyranitar\n|-supereffective|p1a: Tyranitar\n|-damage|p1a: Tyranitar|50\/100\n|\n|-weather|Sandstorm|[upkeep]\n|-damage|p2a: Tapu Fini|69\/100|[from] Sandstorm\n|upkeep\n|turn|15\n|\n|t:|1616102922\n|switch|p1a: Slowbro|Slowbro, F|100\/100\n|move|p2a: Tapu Fini|Surf|p1a: Slowbro\n|-resisted|p1a: Slowbro\n|-damage|p1a: Slowbro|74\/100\n|\n|-weather|Sandstorm|[upkeep]\n|-damage|p2a: Tapu Fini|63\/100|[from] Sandstorm\n|-damage|p1a: Slowbro|68\/100|[from] Sandstorm\n|upkeep\n|turn|16\n|\n|t:|1616102930\n|move|p2a: Tapu Fini|Trick|p1a: Slowbro\n|-activate|p2a: Tapu Fini|move: Trick|[of] p1a: Slowbro\n|-item|p1a: Slowbro|Rocky Helmet|[from] move: Trick\n|-item|p2a: Tapu Fini|Choice Scarf|[from] move: Trick\n|move|p1a: Slowbro|Teleport|p1a: Slowbro\n|\n|t:|1616102935\n|switch|p1a: Dracozolt|Dracozolt|100\/100|[from]move: Teleport\n|\n|-weather|Sandstorm|[upkeep]\n|-damage|p2a: Tapu Fini|57\/100|[from] Sandstorm\n|upkeep\n|turn|17\n|\n|t:|1616102942\n|switch|p2a: Landorus|Landorus-Therian, M|35\/100\n|-ability|p2a: Landorus|Intimidate|boost\n|-unboost|p1a: Dracozolt|atk|1\n|move|p1a: Dracozolt|Bolt Beak|p2a: Landorus\n|-immune|p2a: Landorus\n|\n|-weather|Sandstorm|[upkeep]\n|-heal|p2a: Landorus|41\/100|[from] item: Leftovers\n|upkeep\n|turn|18\n|\n|t:|1616102950\n|move|p1a: Dracozolt|Draco Meteor|p2a: Landorus\n|-crit|p2a: Landorus\n|-damage|p2a: Landorus|0 fnt\n|-unboost|p1a: Dracozolt|spa|2\n|-damage|p1a: Dracozolt|91\/100|[from] item: Life Orb\n|faint|p2a: Landorus\n|\n|-weather|Sandstorm|[upkeep]\n|upkeep\n|\n|t:|1616102965\n|switch|p2a: Corviknight|Corviknight, M|100\/100\n|turn|19\n|\n|t:|1616102970\n|switch|p2a: Nidoking|Nidoking, M|100\/100\n|move|p1a: Dracozolt|Bolt Beak|p2a: Nidoking\n|-immune|p2a: Nidoking\n|\n|-weather|Sandstorm|[upkeep]\n|upkeep\n|turn|20\n|\n|t:|1616102982\n|switch|p1a: Slowbro|Slowbro, F|100\/100\n|move|p2a: Nidoking|Earth Power|p1a: Slowbro\n|-damage|p1a: Slowbro|43\/100\n|\n|-weather|Sandstorm|[upkeep]\n|-damage|p1a: Slowbro|37\/100|[from] Sandstorm\n|upkeep\n|turn|21\n|\n|t:|1616102991\n|switch|p1a: Moltres|Moltres|90\/100\n|move|p2a: Nidoking|Sludge Wave|p1a: Moltres\n|-damage|p1a: Moltres|29\/100\n|\n|-weather|none\n|upkeep\n|turn|22\n|\n|t:|1616102999\n|move|p2a: Nidoking|Ice Beam|p1a: Moltres\n|-damage|p1a: Moltres|0 fnt\n|faint|p1a: Moltres\n|\n|upkeep\n|\n|t:|1616103004\n|switch|p1a: Tyranitar|Tyranitar, F|50\/100\n|-weather|Sandstorm|[from] ability: Sand Stream|[of] p1a: Tyranitar\n|turn|23\n|\n|t:|1616103009\n|move|p2a: Nidoking|Earth Power|p1a: Tyranitar\n|-supereffective|p1a: Tyranitar\n|-damage|p1a: Tyranitar|3\/100\n|move|p1a: Tyranitar|Stealth Rock|p2a: Nidoking\n|-sidestart|p2: Senobleid|move: Stealth Rock\n|\n|-weather|Sandstorm|[upkeep]\n|upkeep\n|turn|24\n|\n|t:|1616103016\n|move|p2a: Nidoking|Earth Power|p1a: Tyranitar\n|-supereffective|p1a: Tyranitar\n|-damage|p1a: Tyranitar|0 fnt\n|faint|p1a: Tyranitar\n|\n|-weather|Sandstorm|[upkeep]\n|upkeep\n|\n|t:|1616103022\n|switch|p1a: Dracozolt|Dracozolt|91\/100\n|turn|25\n|\n|t:|1616103030\n|move|p1a: Dracozolt|Earthquake|p2a: Nidoking\n|-supereffective|p2a: Nidoking\n|-damage|p2a: Nidoking|3\/100\n|-damage|p1a: Dracozolt|81\/100|[from] item: Life Orb\n|move|p2a: Nidoking|Ice Beam|p1a: Dracozolt\n|-supereffective|p1a: Dracozolt\n|-damage|p1a: Dracozolt|0 fnt\n|faint|p1a: Dracozolt\n|\n|-weather|Sandstorm|[upkeep]\n|upkeep\n|\n|t:|1616103040\n|switch|p1a: Dragapult|Dragapult, M|94\/100\n|turn|26\n|\n|t:|1616103044\n|move|p1a: Dragapult|U-turn|p2a: Nidoking\n|-resisted|p2a: Nidoking\n|-damage|p2a: Nidoking|0 fnt\n|faint|p2a: Nidoking\n|\n|t:|1616103047\n|switch|p1a: Slowbro|Slowbro, F|70\/100|[from]move: U-turn\n|\n|-weather|Sandstorm|[upkeep]\n|-damage|p1a: Slowbro|64\/100|[from] Sandstorm\n|upkeep\n|\n|t:|1616103049\n|switch|p2a: Tapu Fini|Tapu Fini|57\/100\n|-damage|p2a: Tapu Fini|45\/100|[from] Stealth Rock\n|-fieldstart|move: Misty Terrain|[from] ability: Misty Surge|[of] p2a: Tapu Fini\n|turn|27\n|\n|t:|1616103056\n|move|p2a: Tapu Fini|Trick|p1a: Slowbro\n|-activate|p2a: Tapu Fini|move: Trick|[of] p1a: Slowbro\n|-item|p1a: Slowbro|Choice Scarf|[from] move: Trick\n|-item|p2a: Tapu Fini|Rocky Helmet|[from] move: Trick\n|move|p1a: Slowbro|Teleport|p1a: Slowbro\n|\n|t:|1616103060\n|switch|p1a: Dragapult|Dragapult, M|94\/100|[from]move: Teleport\n|\n|-weather|Sandstorm|[upkeep]\n|-damage|p1a: Dragapult|88\/100|[from] Sandstorm\n|-damage|p2a: Tapu Fini|39\/100|[from] Sandstorm\n|-heal|p1a: Dragapult|94\/100|[from] item: Leftovers\n|upkeep\n|turn|28\n|\n|t:|1616103068\n|move|p1a: Dragapult|Hex|p2a: Tapu Fini\n|-damage|p2a: Tapu Fini|13\/100\n|move|p2a: Tapu Fini|Draining Kiss|p1a: Dragapult\n|-supereffective|p1a: Dragapult\n|-damage|p1a: Dragapult|41\/100\n|-heal|p2a: Tapu Fini|58\/100|[from] drain|[of] p1a: Dragapult\n|\n|-weather|Sandstorm|[upkeep]\n|-damage|p1a: Dragapult|35\/100|[from] Sandstorm\n|-damage|p2a: Tapu Fini|52\/100|[from] Sandstorm\n|-heal|p1a: Dragapult|41\/100|[from] item: Leftovers\n|upkeep\n|turn|29\n|\n|t:|1616103080\n|move|p1a: Dragapult|U-turn|p2a: Tapu Fini\n|-resisted|p2a: Tapu Fini\n|-damage|p2a: Tapu Fini|42\/100\n|-damage|p1a: Dragapult|24\/100|[from] item: Rocky Helmet|[of] p2a: Tapu Fini\n|\n|t:|1616103085\n|switch|p1a: Slowbro|Slowbro, F|97\/100|[from]move: U-turn\n|move|p2a: Tapu Fini|Draining Kiss|p1a: Slowbro\n|-damage|p1a: Slowbro|79\/100\n|-heal|p2a: Tapu Fini|62\/100|[from] drain|[of] p1a: Slowbro\n|\n|-weather|Sandstorm|[upkeep]\n|-damage|p2a: Tapu Fini|56\/100|[from] Sandstorm\n|-damage|p1a: Slowbro|73\/100|[from] Sandstorm\n|upkeep\n|turn|30\n|\n|t:|1616103094\n|move|p2a: Tapu Fini|Calm Mind|p2a: Tapu Fini\n|-boost|p2a: Tapu Fini|spa|1\n|-boost|p2a: Tapu Fini|spd|1\n|move|p1a: Slowbro|Teleport|p1a: Slowbro\n|\n|t:|1616103098\n|switch|p1a: Dragapult|Dragapult, M|24\/100|[from]move: Teleport\n|\n|-weather|none\n|-heal|p1a: Dragapult|30\/100|[from] item: Leftovers\n|upkeep\n|turn|31\n|\n|t:|1616103104\n|move|p1a: Dragapult|U-turn|p2a: Tapu Fini\n|-resisted|p2a: Tapu Fini\n|-damage|p2a: Tapu Fini|46\/100\n|-damage|p1a: Dragapult|14\/100|[from] item: Rocky Helmet|[of] p2a: Tapu Fini\n|\n|t:|1616103109\n|switch|p1a: Slowbro|Slowbro, F|100\/100|[from]move: U-turn\n|move|p2a: Tapu Fini|Draining Kiss|p1a: Slowbro\n|-damage|p1a: Slowbro|71\/100\n|-heal|p2a: Tapu Fini|77\/100|[from] drain|[of] p1a: Slowbro\n|\n|-fieldend|Misty Terrain\n|upkeep\n|turn|32\n|-message|Brifye forfeited.\n|\n|win|Senobleid\n|l|\u2606Brifye\n|raw|Brifye's rating: 1515 &rarr; <strong>1491<\/strong><br \/>(-24 for losing)\n|raw|Senobleid's rating: 1442 &rarr; <strong>1466<\/strong><br \/>(+24 for winning)\n||Ladder isn't responding, score probably updated but might not have (Request timeout).\n|l|\u2606Senobleid\n","uploadtime":1616103349,"views":13,"p1id":"brifye","p2id":"senobleid","formatid":"gen8ou","rating":1466,"private":0,"password":null}