{"id":"gen8bdspou-1486047694","p1":"cump2","p2":"evanendi","format":"gen8bdspou","log":"|j|\u2606cump2\n|j|\u2606evanendi\n|t:|1641419704\n|gametype|singles\n|player|p1|cump2|266|1525\n|player|p2|evanendi|sage|1606\n|teamsize|p1|6\n|teamsize|p2|6\n|gen|8\n|tier|[Gen 8 BDSP] OU\n|rated|\n|rule|Sleep Clause Mod: Limit one foe put to sleep\n|rule|Species Clause: Limit one of each Pok\u00e9mon\n|rule|OHKO Clause: OHKO moves are banned\n|rule|Evasion Moves Clause: Evasion moves are banned\n|rule|Endless Battle Clause: Forcing endless battles is banned\n|rule|HP Percentage Mod: HP is shown in percentages\n|clearpoke\n|poke|p1|Weavile, M|\n|poke|p1|Heatran, M|\n|poke|p1|Garchomp, F|\n|poke|p1|Clefable, F|\n|poke|p1|Rotom-Wash|\n|poke|p1|Scizor, F|\n|poke|p2|Mamoswine, F|\n|poke|p2|Breloom, M|\n|poke|p2|Donphan, F|\n|poke|p2|Azelf|\n|poke|p2|Crawdaunt, F|\n|poke|p2|Scizor, M|\n|teampreview\n|inactive|Battle timer is ON: inactive players will automatically lose when time's up. (requested by evanendi)\n|\n|t:|1641419714\n|start\n|switch|p1a: Weavile|Weavile, M, shiny|100\/100\n|switch|p2a: Donphan|Donphan, F|100\/100\n|-ability|p1a: Weavile|Pressure\n|turn|1\n|\n|t:|1641419717\n|switch|p2a: Scizor|Scizor, M|100\/100\n|move|p1a: Weavile|Icicle Crash|p2a: Scizor\n|-resisted|p2a: Scizor\n|-damage|p2a: Scizor|74\/100\n|-damage|p1a: Weavile|91\/100|[from] item: Life Orb\n|\n|-heal|p2a: Scizor|80\/100|[from] item: Leftovers\n|upkeep\n|turn|2\n|\n|t:|1641419739\n|switch|p1a: Heatran|Heatran, M|100\/100\n|move|p2a: Scizor|U-turn|p1a: Heatran\n|-resisted|p1a: Heatran\n|-damage|p1a: Heatran|95\/100\n|\n|t:|1641419743\n|switch|p2a: Donphan|Donphan, F|100\/100|[from]move: U-turn\n|\n|-heal|p1a: Heatran|100\/100|[from] item: Leftovers\n|upkeep\n|turn|3\n|\n|t:|1641419747\n|switch|p1a: Rotom|Rotom-Wash|100\/100\n|move|p2a: Donphan|Knock Off|p1a: Rotom\n|-damage|p1a: Rotom|73\/100\n|-enditem|p1a: Rotom|Leftovers|[from] move: Knock Off|[of] p2a: Donphan\n|\n|upkeep\n|turn|4\n|\n|t:|1641419749\n|move|p1a: Rotom|Will-O-Wisp|p2a: Donphan\n|-status|p2a: Donphan|brn\n|move|p2a: Donphan|Stealth Rock|p1a: Rotom\n|-sidestart|p1: cump2|move: Stealth Rock\n|\n|-damage|p2a: Donphan|94\/100 brn|[from] brn\n|upkeep\n|turn|5\n|\n|t:|1641419751\n|move|p1a: Rotom|Hydro Pump|p2a: Donphan\n|-supereffective|p2a: Donphan\n|-damage|p2a: Donphan|0 fnt\n|faint|p2a: Donphan\n|\n|upkeep\n|\n|t:|1641419754\n|switch|p2a: Azelf|Azelf|100\/100\n|turn|6\n|\n|t:|1641419757\n|move|p1a: Rotom|Protect|p1a: Rotom\n|-singleturn|p1a: Rotom|Protect\n|move|p2a: Azelf|Energy Ball|p1a: Rotom\n|-activate|p1a: Rotom|move: Protect\n|\n|upkeep\n|turn|7\n|\n|t:|1641419770\n|switch|p1a: Garchomp|Garchomp, F|100\/100\n|-damage|p1a: Garchomp|94\/100|[from] Stealth Rock\n|move|p2a: Azelf|U-turn|p1a: Garchomp\n|-damage|p1a: Garchomp|73\/100\n|-damage|p2a: Azelf|88\/100|[from] ability: Rough Skin|[of] p1a: Garchomp\n|\n|t:|1641419776\n|switch|p2a: Breloom|Breloom, M|100\/100|[from]move: U-turn\n|\n|upkeep\n|turn|8\n|\n|t:|1641419782\n|move|p1a: Garchomp|Outrage|p2a: Breloom\n|-enditem|p2a: Breloom|Focus Sash\n|-damage|p2a: Breloom|1\/100\n|move|p2a: Breloom|Bullet Seed|p1a: Garchomp\n|-damage|p1a: Garchomp|55\/100\n|-damage|p1a: Garchomp|37\/100\n|-damage|p1a: Garchomp|18\/100\n|-hitcount|p1a: Garchomp|3\n|\n|upkeep\n|turn|9\n|\n|t:|1641419785\n|move|p2a: Breloom|Mach Punch|p1a: Garchomp\n|-damage|p1a: Garchomp|0 fnt\n|-damage|p2a: Breloom|0 fnt|[from] ability: Rough Skin|[of] p1a: Garchomp\n|faint|p1a: Garchomp\n|faint|p2a: Breloom\n|\n|upkeep\n|\n|t:|1641419790\n|switch|p1a: Scizor|Scizor, F|100\/100\n|switch|p2a: Crawdaunt|Crawdaunt, F|100\/100\n|-damage|p1a: Scizor|88\/100|[from] Stealth Rock\n|turn|10\n|\n|t:|1641419797\n|switch|p1a: Rotom|Rotom-Wash|73\/100\n|-damage|p1a: Rotom|60\/100|[from] Stealth Rock\n|move|p2a: Crawdaunt|Knock Off|p1a: Rotom\n|-damage|p1a: Rotom|12\/100\n|-damage|p2a: Crawdaunt|91\/100|[from] item: Life Orb\n|\n|upkeep\n|turn|11\n|\n|t:|1641419799\n|move|p2a: Crawdaunt|Aqua Jet|p1a: Rotom\n|-resisted|p1a: Rotom\n|-damage|p1a: Rotom|0 fnt\n|faint|p1a: Rotom\n|-damage|p2a: Crawdaunt|81\/100|[from] item: Life Orb\n|\n|upkeep\n|\n|t:|1641419807\n|switch|p1a: Weavile|Weavile, M, shiny|91\/100\n|-damage|p1a: Weavile|66\/100|[from] Stealth Rock\n|-ability|p1a: Weavile|Pressure\n|turn|12\n|\n|t:|1641419812\n|move|p2a: Crawdaunt|Aqua Jet|p1a: Weavile\n|-damage|p1a: Weavile|0 fnt\n|faint|p1a: Weavile\n|-damage|p2a: Crawdaunt|71\/100|[from] item: Life Orb\n|\n|upkeep\n|\n|t:|1641419822\n|switch|p1a: Scizor|Scizor, F|88\/100\n|-damage|p1a: Scizor|75\/100|[from] Stealth Rock\n|turn|13\n|\n|t:|1641419825\n|move|p2a: Crawdaunt|Knock Off|p1a: Scizor\n|-damage|p1a: Scizor|0 fnt\n|-enditem|p1a: Scizor|Leftovers|[from] move: Knock Off|[of] p2a: Crawdaunt\n|faint|p1a: Scizor\n|-damage|p2a: Crawdaunt|62\/100|[from] item: Life Orb\n|\n|upkeep\n|\n|t:|1641419828\n|switch|p1a: Clefable|Clefable, F|100\/100\n|-damage|p1a: Clefable|88\/100|[from] Stealth Rock\n|turn|14\n|\n|t:|1641419831\n|move|p2a: Crawdaunt|Knock Off|p1a: Clefable\n|-resisted|p1a: Clefable\n|-damage|p1a: Clefable|54\/100\n|-enditem|p1a: Clefable|Leftovers|[from] move: Knock Off|[of] p2a: Crawdaunt\n|-damage|p2a: Crawdaunt|52\/100|[from] item: Life Orb\n|move|p1a: Clefable|Moonblast|p2a: Crawdaunt\n|-supereffective|p2a: Crawdaunt\n|-damage|p2a: Crawdaunt|0 fnt\n|faint|p2a: Crawdaunt\n|\n|upkeep\n|\n|t:|1641419833\n|switch|p2a: Mamoswine|Mamoswine, F|100\/100\n|turn|15\n|\n|t:|1641419838\n|move|p2a: Mamoswine|Icicle Crash|p1a: Clefable\n|-damage|p1a: Clefable|20\/100\n|move|p1a: Clefable|Calm Mind|p1a: Clefable\n|-boost|p1a: Clefable|spa|1\n|-boost|p1a: Clefable|spd|1\n|\n|upkeep\n|turn|16\n|\n|t:|1641419841\n|move|p2a: Mamoswine|Earthquake|p1a: Clefable\n|-damage|p1a: Clefable|0 fnt\n|faint|p1a: Clefable\n|\n|upkeep\n|\n|t:|1641419844\n|switch|p1a: Heatran|Heatran, M|100\/100\n|-damage|p1a: Heatran|88\/100|[from] Stealth Rock\n|turn|17\n|-message|cump2 forfeited.\n|\n|win|evanendi\n|raw|cump2's rating: 1525 &rarr; <strong>1510<\/strong><br \/>(-15 for losing)\n|raw|evanendi's rating: 1606 &rarr; <strong>1621<\/strong><br \/>(+15 for winning)\n|l|\u2606cump2\n|l|\u2606evanendi\n","uploadtime":1641419880,"views":13,"p1id":"cump2","p2id":"evanendi","formatid":"gen8bdspou","rating":1510,"private":0,"password":null}