{"id":"gen8nationaldex-1596851568","p1":"Sensui","p2":"Free Wifi Hotspot","format":"gen8nationaldex","log":"|j|\u2606Sensui\n|j|\u2606Free Wifi Hotspot\n|t:|1655301833\n|gametype|singles\n|player|p1|Sensui|swimmerf-gen4|1550\n|player|p2|Free Wifi Hotspot|102|1634\n|teamsize|p1|6\n|teamsize|p2|6\n|gen|8\n|tier|[Gen 8] National Dex\n|rated|\n|rule|HP Percentage Mod: HP is shown in percentages\n|rule|Endless Battle Clause: Forcing endless battles is banned\n|rule|OHKO Clause: OHKO moves are banned\n|rule|Evasion Moves Clause: Evasion moves are banned\n|rule|Species Clause: Limit one of each Pok\u00e9mon\n|rule|Dynamax Clause: You cannot dynamax\n|rule|Sleep Clause Mod: Limit one foe put to sleep\n|clearpoke\n|poke|p1|Espeon, M|\n|poke|p1|Zeraora|\n|poke|p1|Aegislash, M|\n|poke|p1|Gliscor, F|\n|poke|p1|Volcarona, F|\n|poke|p1|Dragonite, M|\n|poke|p2|Landorus-Therian, M|\n|poke|p2|Medicham, F|\n|poke|p2|Kartana|\n|poke|p2|Victini|\n|poke|p2|Tapu Koko|\n|poke|p2|Ferrothorn, F|\n|teampreview\n|inactive|Battle timer is ON: inactive players will automatically lose when time's up. (requested by Free Wifi Hotspot)\n|\n|t:|1655301843\n|start\n|switch|p1a: Zeraora|Zeraora|100\/100\n|switch|p2a: Victini|Victini|100\/100\n|turn|1\n|\n|t:|1655301849\n|switch|p1a: Gliscor|Gliscor, F, shiny|100\/100\n|move|p2a: Victini|V-create|p1a: Gliscor\n|-damage|p1a: Gliscor|2\/100\n|-unboost|p2a: Victini|spe|1\n|-unboost|p2a: Victini|def|1\n|-unboost|p2a: Victini|spd|1\n|\n|-status|p1a: Gliscor|tox|[from] item: Toxic Orb\n|upkeep\n|turn|2\n|\n|t:|1655301859\n|switch|p2a: Medicham|Medicham, F|100\/100\n|move|p1a: Gliscor|Knock Off|p2a: Medicham\n|-damage|p2a: Medicham|71\/100\n|\n|-heal|p1a: Gliscor|14\/100 tox|[from] ability: Poison Heal\n|upkeep\n|turn|3\n|\n|t:|1655301867\n|switch|p1a: Aegislash|Aegislash, M, shiny|100\/100\n|detailschange|p2a: Medicham|Medicham-Mega, F\n|-mega|p2a: Medicham|Medicham|Medichamite\n|move|p2a: Medicham|Ice Punch|p1a: Aegislash\n|-resisted|p1a: Aegislash\n|-damage|p1a: Aegislash|82\/100\n|\n|-heal|p1a: Aegislash|88\/100|[from] item: Leftovers\n|upkeep\n|turn|4\n|\n|t:|1655301878\n|switch|p2a: Landorus|Landorus-Therian, M|100\/100\n|-ability|p2a: Landorus|Intimidate|boost\n|-unboost|p1a: Aegislash|atk|1\n|switch|p1a: Gliscor|Gliscor, F, shiny|14\/100 tox\n|\n|-heal|p1a: Gliscor|26\/100 tox|[from] ability: Poison Heal\n|upkeep\n|turn|5\n|\n|t:|1655301887\n|move|p1a: Gliscor|Knock Off|p2a: Landorus\n|-damage|p2a: Landorus|84\/100\n|-damage|p1a: Gliscor|10\/100 tox|[from] item: Rocky Helmet|[of] p2a: Landorus\n|-enditem|p2a: Landorus|Rocky Helmet|[from] move: Knock Off|[of] p1a: Gliscor\n|move|p2a: Landorus|Hidden Power|p1a: Gliscor\n|-supereffective|p1a: Gliscor\n|-damage|p1a: Gliscor|0 fnt\n|faint|p1a: Gliscor\n|\n|upkeep\n|\n|t:|1655301897\n|switch|p1a: Zeraora|Zeraora|100\/100\n|turn|6\n|\n|t:|1655301899\n|move|p1a: Zeraora|Hidden Power|p2a: Landorus\n|-supereffective|p2a: Landorus\n|-damage|p2a: Landorus|0 fnt\n|faint|p2a: Landorus\n|-damage|p1a: Zeraora|91\/100|[from] item: Life Orb\n|\n|upkeep\n|\n|t:|1655301909\n|switch|p2a: Ferrothorn|Ferrothorn, F|100\/100\n|turn|7\n|\n|t:|1655301913\n|switch|p1a: Volcarona|Volcarona, F, shiny|100\/100\n|move|p2a: Ferrothorn|Power Whip|p1a: Volcarona\n|-resisted|p1a: Volcarona\n|-damage|p1a: Volcarona|84\/100\n|\n|upkeep\n|turn|8\n|\n|t:|1655301920\n|switch|p2a: Victini|Victini|100\/100\n|move|p1a: Volcarona|Bug Buzz|p2a: Victini\n|-damage|p2a: Victini|54\/100\n|\n|upkeep\n|turn|9\n|\n|t:|1655301932\n|switch|p1a: Espeon|Espeon, M|100\/100\n|move|p2a: Victini|V-create|p1a: Espeon\n|-damage|p1a: Espeon|0 fnt\n|-unboost|p2a: Victini|spe|1\n|-unboost|p2a: Victini|def|1\n|-unboost|p2a: Victini|spd|1\n|faint|p1a: Espeon\n|\n|upkeep\n|\n|t:|1655301943\n|switch|p1a: Zeraora|Zeraora|91\/100\n|turn|10\n|\n|t:|1655301947\n|switch|p1a: Volcarona|Volcarona, F, shiny|84\/100\n|switch|p2a: Ferrothorn|Ferrothorn, F|100\/100\n|\n|upkeep\n|turn|11\n|\n|t:|1655301956\n|switch|p2a: Tapu Koko|Tapu Koko|100\/100\n|-fieldstart|move: Electric Terrain|[from] ability: Electric Surge|[of] p2a: Tapu Koko\n|move|p1a: Volcarona|Bug Buzz|p2a: Tapu Koko\n|-resisted|p2a: Tapu Koko\n|-damage|p2a: Tapu Koko|64\/100\n|\n|upkeep\n|turn|12\n|\n|t:|1655301965\n|switch|p1a: Zeraora|Zeraora|91\/100\n|-zpower|p2a: Tapu Koko\n|move|p2a: Tapu Koko|Gigavolt Havoc|p1a: Zeraora|[zeffect]\n|-heal|p1a: Zeraora|100\/100|[from] ability: Volt Absorb|[of] p2a: Tapu Koko\n|\n|upkeep\n|turn|13\n|\n|t:|1655301974\n|switch|p1a: Volcarona|Volcarona, F, shiny|84\/100\n|switch|p2a: Ferrothorn|Ferrothorn, F|100\/100\n|\n|upkeep\n|turn|14\n|\n|t:|1655301983\n|move|p1a: Volcarona|Fiery Dance|p2a: Ferrothorn\n|-supereffective|p2a: Ferrothorn\n|-damage|p2a: Ferrothorn|0 fnt\n|faint|p2a: Ferrothorn\n|\n|upkeep\n|\n|t:|1655301988\n|switch|p2a: Victini|Victini|54\/100\n|turn|15\n|c|\u2606Sensui|lmao\n|\n|t:|1655301992\n|move|p2a: Victini|V-create|p1a: Volcarona\n|-damage|p1a: Volcarona|0 fnt\n|-unboost|p2a: Victini|spe|1\n|-unboost|p2a: Victini|def|1\n|-unboost|p2a: Victini|spd|1\n|faint|p1a: Volcarona\n|\n|-fieldend|move: Electric Terrain\n|upkeep\n|\n|t:|1655302000\n|switch|p1a: Zeraora|Zeraora|100\/100\n|turn|16\n|\n|t:|1655302004\n|switch|p2a: Tapu Koko|Tapu Koko|64\/100\n|-fieldstart|move: Electric Terrain|[from] ability: Electric Surge|[of] p2a: Tapu Koko\n|move|p1a: Zeraora|Discharge|p2a: Tapu Koko\n|-resisted|p2a: Tapu Koko\n|-damage|p2a: Tapu Koko|15\/100\n|-damage|p1a: Zeraora|91\/100|[from] item: Life Orb\n|\n|upkeep\n|turn|17\n|\n|t:|1655302013\n|move|p1a: Zeraora|Discharge|p2a: Tapu Koko\n|-resisted|p2a: Tapu Koko\n|-damage|p2a: Tapu Koko|0 fnt\n|faint|p2a: Tapu Koko\n|-damage|p1a: Zeraora|81\/100|[from] item: Life Orb\n|\n|upkeep\n|\n|t:|1655302021\n|switch|p2a: Kartana|Kartana|100\/100\n|turn|18\n|\n|t:|1655302025\n|move|p2a: Kartana|Knock Off|p1a: Zeraora\n|-damage|p1a: Zeraora|24\/100\n|-enditem|p1a: Zeraora|Life Orb|[from] move: Knock Off|[of] p2a: Kartana\n|move|p1a: Zeraora|Discharge|p2a: Kartana\n|-resisted|p2a: Kartana\n|-damage|p2a: Kartana|23\/100\n|\n|upkeep\n|turn|19\n|\n|t:|1655302039\n|move|p2a: Kartana|Knock Off|p1a: Zeraora\n|-crit|p1a: Zeraora\n|-damage|p1a: Zeraora|0 fnt\n|faint|p1a: Zeraora\n|-ability|p2a: Kartana|Beast Boost|boost\n|-boost|p2a: Kartana|atk|1\n|\n|upkeep\n|\n|t:|1655302046\n|switch|p1a: Dragonite|Dragonite, M|100\/100\n|turn|20\n|\n|t:|1655302049\n|move|p2a: Kartana|Knock Off|p1a: Dragonite\n|-damage|p1a: Dragonite|67\/100\n|-enditem|p1a: Dragonite|Weakness Policy|[from] move: Knock Off|[of] p2a: Kartana\n|move|p1a: Dragonite|Power-Up Punch|p2a: Kartana\n|-supereffective|p2a: Kartana\n|-damage|p2a: Kartana|0 fnt\n|-boost|p1a: Dragonite|atk|1\n|faint|p2a: Kartana\n|\n|-fieldend|move: Electric Terrain\n|upkeep\n|\n|t:|1655302056\n|switch|p2a: Medicham|Medicham-Mega, F|71\/100\n|turn|21\n|\n|t:|1655302064\n|switch|p2a: Victini|Victini|54\/100\n|switch|p1a: Aegislash|Aegislash, M, shiny|88\/100\n|\n|-heal|p1a: Aegislash|94\/100|[from] item: Leftovers\n|upkeep\n|turn|22\n|c|\u2606Sensui|Trashy team, trashy plays\n|\n|t:|1655302072\n|move|p1a: Aegislash|King's Shield|p1a: Aegislash\n|-singleturn|p1a: Aegislash|Protect\n|move|p2a: Victini|V-create|p1a: Aegislash\n|-activate|p1a: Aegislash|move: Protect\n|-unboost|p2a: Victini|atk|1\n|\n|-heal|p1a: Aegislash|100\/100|[from] item: Leftovers\n|upkeep\n|turn|23\n|\n|t:|1655302081\n|switch|p1a: Dragonite|Dragonite, M|67\/100\n|move|p2a: Victini|V-create|p1a: Dragonite\n|-resisted|p1a: Dragonite\n|-damage|p1a: Dragonite|31\/100\n|-unboost|p2a: Victini|spe|1\n|-unboost|p2a: Victini|def|1\n|-unboost|p2a: Victini|spd|1\n|\n|upkeep\n|turn|24\n|\n|t:|1655302089\n|switch|p2a: Medicham|Medicham-Mega, F|71\/100\n|move|p1a: Dragonite|Extreme Speed|p2a: Medicham\n|-damage|p2a: Medicham|22\/100\n|\n|upkeep\n|turn|25\n|\n|t:|1655302096\n|switch|p1a: Aegislash|Aegislash, M, shiny|100\/100\n|move|p2a: Medicham|Fake Out|p1a: Aegislash\n|-immune|p1a: Aegislash\n|\n|upkeep\n|turn|26\n|j| Amy2603\n|\n|t:|1655302102\n|-formechange|p1a: Aegislash|Aegislash-Blade||[from] ability: Stance Change\n|move|p1a: Aegislash|Shadow Sneak|p2a: Medicham\n|-supereffective|p2a: Medicham\n|-crit|p2a: Medicham\n|-damage|p2a: Medicham|0 fnt\n|faint|p2a: Medicham\n|\n|upkeep\n|\n|t:|1655302103\n|switch|p2a: Victini|Victini|54\/100\n|turn|27\n|\n|t:|1655302115\n|-formechange|p1a: Aegislash|Aegislash||[from] ability: Stance Change\n|move|p1a: Aegislash|King's Shield|p1a: Aegislash\n|-singleturn|p1a: Aegislash|Protect\n|move|p2a: Victini|V-create|p1a: Aegislash\n|-activate|p1a: Aegislash|move: Protect\n|-unboost|p2a: Victini|atk|1\n|\n|upkeep\n|turn|28\n|\n|t:|1655302124\n|switch|p1a: Dragonite|Dragonite, M|31\/100\n|move|p2a: Victini|V-create|p1a: Dragonite\n|-resisted|p1a: Dragonite\n|-damage|p1a: Dragonite|0 fnt\n|-unboost|p2a: Victini|spe|1\n|-unboost|p2a: Victini|def|1\n|-unboost|p2a: Victini|spd|1\n|faint|p1a: Dragonite\n|\n|upkeep\n|\n|t:|1655302133\n|switch|p1a: Aegislash|Aegislash, M, shiny|100\/100\n|turn|29\n|\n|t:|1655302136\n|move|p1a: Aegislash|King's Shield|p1a: Aegislash\n|-singleturn|p1a: Aegislash|Protect\n|move|p2a: Victini|V-create|p1a: Aegislash\n|-activate|p1a: Aegislash|move: Protect\n|-unboost|p2a: Victini|atk|1\n|\n|upkeep\n|turn|30\n|\n|t:|1655302144\n|-activate|p2a: Victini|move: Struggle\n|move|p2a: Victini|Struggle|p1a: Aegislash\n|-damage|p1a: Aegislash|92\/100\n|-damage|p2a: Victini|29\/100|[from] recoil\n|move|p1a: Aegislash|Swords Dance|p1a: Aegislash\n|-boost|p1a: Aegislash|atk|2\n|\n|-heal|p1a: Aegislash|98\/100|[from] item: Leftovers\n|upkeep\n|turn|31\n|c|\u2606Sensui|LMFAO\n|c|\u2606Sensui|HAHAHAHAHA\n|\n|t:|1655302158\n|-activate|p2a: Victini|move: Struggle\n|move|p2a: Victini|Struggle|p1a: Aegislash\n|-damage|p1a: Aegislash|89\/100\n|-damage|p2a: Victini|4\/100|[from] recoil\n|move|p1a: Aegislash|Swords Dance|p1a: Aegislash\n|-boost|p1a: Aegislash|atk|2\n|\n|-heal|p1a: Aegislash|95\/100|[from] item: Leftovers\n|upkeep\n|turn|32\n|c|\u2606Free Wifi Hotspot|Xd\n|\n|t:|1655302175\n|move|p1a: Aegislash|King's Shield|p1a: Aegislash\n|-singleturn|p1a: Aegislash|Protect\n|-activate|p2a: Victini|move: Struggle\n|move|p2a: Victini|Struggle|p1a: Aegislash\n|-activate|p1a: Aegislash|move: Protect\n|-unboost|p2a: Victini|atk|1\n|\n|-heal|p1a: Aegislash|100\/100|[from] item: Leftovers\n|upkeep\n|turn|33\n|\n|t:|1655302184\n|-formechange|p1a: Aegislash|Aegislash-Blade||[from] ability: Stance Change\n|move|p1a: Aegislash|Shadow Sneak|p2a: Victini\n|-supereffective|p2a: Victini\n|-damage|p2a: Victini|0 fnt\n|faint|p2a: Victini\n|\n|win|Sensui\n|raw|Sensui's rating: 1550 &rarr; <strong>1575<\/strong><br \/>(+25 for winning)\n|raw|Free Wifi Hotspot's rating: 1634 &rarr; <strong>1609<\/strong><br \/>(-25 for losing)\n","uploadtime":1655302192,"views":23,"p1id":"sensui","p2id":"freewifihotspot","formatid":"gen8nationaldex","rating":1575,"private":0,"password":null}