{"id":"gen8ou-1168821865","p1":"LT72MS Lio","p2":"Burnt Bright","format":"gen8ou","log":"|raw|<div class=\"broadcast-blue\"><strong>This battle is required to be public due to a player having a name prefixed by 'LT72MS'.<\/div>\n|j|\u2606LT72MS Lio\n|j|\u2606Burnt Bright\n|t:|1597418078\n|player|p1|LT72MS Lio|266|1724\n|player|p2|Burnt Bright|parasollady-gen4|1692\n|teamsize|p1|6\n|teamsize|p2|6\n|gametype|singles\n|gen|8\n|tier|[Gen 8] OU\n|rated|\n|clearpoke\n|poke|p1|Conkeldurr, F|\n|poke|p1|Zeraora|\n|poke|p1|Alakazam, F|\n|poke|p1|Clefable, F|\n|poke|p1|Tangrowth, F|\n|poke|p1|Blissey, F|\n|poke|p2|Dragapult, F|\n|poke|p2|Urshifu-*, F|\n|poke|p2|Kommo-o, M|\n|poke|p2|Mandibuzz, F|\n|poke|p2|Alakazam, F|\n|poke|p2|Excadrill, M|\n|rule|Sleep Clause Mod: Limit one foe put to sleep\n|rule|Species Clause: Limit one of each Pok\u00e9mon\n|rule|OHKO Clause: OHKO moves are banned\n|rule|Evasion Moves Clause: Evasion moves are banned\n|rule|Endless Battle Clause: Forcing endless battles is banned\n|rule|HP Percentage Mod: HP is shown in percentages\n|rule|Dynamax Clause: You cannot dynamax\n|teampreview\n|\n|t:|1597418090\n|start\n|switch|p1a: Conkeldurr|Conkeldurr, F|100\/100\n|switch|p2a: Urshifu|Urshifu, F|100\/100\n|turn|1\n|\n|t:|1597418098\n|switch|p2a: Kommo-o|Kommo-o, M|100\/100\n|switch|p1a: Tangrowth|Tangrowth, F|100\/100\n|\n|upkeep\n|turn|2\n|\n|t:|1597418103\n|switch|p1a: Clefable|Clefable, F|100\/100\n|move|p2a: Kommo-o|Toxic|p1a: Clefable\n|-status|p1a: Clefable|tox\n|\n|upkeep\n|turn|3\n|\n|t:|1597418118\n|switch|p2a: Excadrill|Excadrill, M|100\/100\n|-ability|p2a: Excadrill|Mold Breaker\n|move|p1a: Clefable|Teleport|p1a: Clefable\n|\n|t:|1597418121\n|switch|p1a: Conkeldurr|Conkeldurr, F|100\/100|[from]move: Teleport\n|\n|-status|p1a: Conkeldurr|brn|[from] item: Flame Orb\n|upkeep\n|turn|4\n|\n|t:|1597418127\n|switch|p2a: Kommo-o|Kommo-o, M|100\/100\n|move|p1a: Conkeldurr|Knock Off|p2a: Kommo-o\n|-resisted|p2a: Kommo-o\n|-damage|p2a: Kommo-o|82\/100\n|-enditem|p2a: Kommo-o|Leftovers|[from] move: Knock Off|[of] p1a: Conkeldurr\n|\n|-damage|p1a: Conkeldurr|95\/100 brn|[from] brn\n|upkeep\n|turn|5\n|\n|t:|1597418131\n|move|p2a: Kommo-o|Stealth Rock|p1a: Conkeldurr\n|-sidestart|p1: LT72MS Lio|move: Stealth Rock\n|move|p1a: Conkeldurr|Facade|p2a: Kommo-o\n|-damage|p2a: Kommo-o|27\/100\n|\n|-damage|p1a: Conkeldurr|89\/100 brn|[from] brn\n|upkeep\n|turn|6\n|\n|t:|1597418137\n|switch|p1a: Clefable|Clefable, F|100\/100 tox\n|move|p2a: Kommo-o|Body Press|p1a: Clefable\n|-resisted|p1a: Clefable\n|-damage|p1a: Clefable|84\/100 tox\n|\n|-heal|p1a: Clefable|90\/100 tox|[from] item: Leftovers\n|upkeep\n|turn|7\n|\n|t:|1597418144\n|switch|p2a: Excadrill|Excadrill, M|100\/100\n|-ability|p2a: Excadrill|Mold Breaker\n|move|p1a: Clefable|Teleport|p1a: Clefable\n|\n|t:|1597418146\n|switch|p1a: Tangrowth|Tangrowth, F|100\/100|[from]move: Teleport\n|-damage|p1a: Tangrowth|88\/100|[from] Stealth Rock\n|\n|upkeep\n|turn|8\n|\n|t:|1597418168\n|move|p2a: Excadrill|Iron Head|p1a: Tangrowth\n|-damage|p1a: Tangrowth|67\/100\n|-damage|p2a: Excadrill|84\/100|[from] item: Rocky Helmet|[of] p1a: Tangrowth\n|move|p1a: Tangrowth|Giga Drain|p2a: Excadrill\n|-damage|p2a: Excadrill|47\/100\n|-heal|p1a: Tangrowth|83\/100|[from] drain|[of] p2a: Excadrill\n|\n|-heal|p2a: Excadrill|53\/100|[from] item: Leftovers\n|upkeep\n|turn|9\n|\n|t:|1597418174\n|switch|p2a: Mandibuzz|Mandibuzz, F|100\/100\n|move|p1a: Tangrowth|Knock Off|p2a: Mandibuzz\n|-resisted|p2a: Mandibuzz\n|-damage|p2a: Mandibuzz|92\/100\n|-enditem|p2a: Mandibuzz|Heavy-Duty Boots|[from] move: Knock Off|[of] p1a: Tangrowth\n|\n|upkeep\n|turn|10\n|\n|t:|1597418180\n|move|p2a: Mandibuzz|Brave Bird|p1a: Tangrowth\n|-supereffective|p1a: Tangrowth\n|-damage|p1a: Tangrowth|54\/100\n|-damage|p2a: Mandibuzz|76\/100|[from] item: Rocky Helmet|[of] p1a: Tangrowth\n|-damage|p2a: Mandibuzz|67\/100|[from] Recoil\n|move|p1a: Tangrowth|Sludge Bomb|p2a: Mandibuzz\n|-damage|p2a: Mandibuzz|51\/100\n|-status|p2a: Mandibuzz|psn\n|\n|-damage|p2a: Mandibuzz|39\/100 psn|[from] psn\n|upkeep\n|turn|11\n|-message|Burnt Bright forfeited.\n|\n|win|LT72MS Lio\n|l|\u2606Burnt Bright\n","uploadtime":1597418203,"views":19,"p1id":"lt72mslio","p2id":"burntbright","formatid":"gen8ou","rating":0,"private":0,"password":null}