{"id":"gen8nationaldexag-1110999417","p1":"JoeVee","p2":"willcoxw","format":"gen8nationaldexag","log":"|j|\u2606JoeVee\n|j|\u2606willcoxw\n|player|p1|JoeVee|dragontamer|1572\n|player|p2|willcoxw|karen|1755\n|teamsize|p1|6\n|teamsize|p2|6\n|gametype|singles\n|gen|8\n|tier|[Gen 8] National Dex AG\n|rated|\n|clearpoke\n|poke|p1|Xerneas|\n|poke|p1|Yveltal|\n|poke|p1|Zygarde|\n|poke|p1|Kyogre|\n|poke|p1|Groudon|\n|poke|p1|Necrozma-Dusk-Mane|\n|poke|p2|Zygarde|\n|poke|p2|Zygarde|\n|poke|p2|Necrozma-Dusk-Mane|\n|poke|p2|Groudon|\n|poke|p2|Eternatus|\n|poke|p2|Yveltal|\n|rule|HP Percentage Mod: HP is shown in percentages\n|rule|Endless Battle Clause: Forcing endless battles is banned\n|teampreview\n|\n|start\n|switch|p1a: Groudon|Groudon, shiny|100\/100\n|switch|p2a: Eternatus|Eternatus|100\/100\n|-ability|p2a: Eternatus|Pressure\n|detailschange|p1a: Groudon|Groudon-Primal, shiny\n|-primal|p1a: Groudon\n|-weather|DesolateLand|[from] ability: Desolate Land|[of] p1a: Groudon\n|turn|1\n|\n|move|p2a: Eternatus|Substitute|p2a: Eternatus\n|-start|p2a: Eternatus|Substitute\n|-damage|p2a: Eternatus|76\/100\n|move|p1a: Groudon|Earthquake|p2a: Eternatus\n|-supereffective|p2a: Eternatus\n|-end|p2a: Eternatus|Substitute\n|\n|-weather|DesolateLand|[upkeep]\n|-heal|p2a: Eternatus|82\/100|[from] item: Black Sludge\n|upkeep\n|turn|2\n|\n|move|p2a: Eternatus|Substitute|p2a: Eternatus\n|-start|p2a: Eternatus|Substitute\n|-damage|p2a: Eternatus|57\/100\n|move|p1a: Groudon|Fire Punch|p2a: Eternatus\n|-resisted|p2a: Eternatus\n|-end|p2a: Eternatus|Substitute\n|\n|-weather|DesolateLand|[upkeep]\n|-heal|p2a: Eternatus|63\/100|[from] item: Black Sludge\n|upkeep\n|turn|3\n|\n|switch|p2a: Zygarde|Zygarde|100\/100\n|move|p1a: Groudon|Earthquake|p2a: Zygarde\n|-damage|p2a: Zygarde|73\/100\n|\n|-weather|DesolateLand|[upkeep]\n|-heal|p2a: Zygarde|79\/100|[from] item: Leftovers\n|upkeep\n|turn|4\n|\n|move|p2a: Zygarde|Glare|p1a: Groudon\n|-status|p1a: Groudon|par\n|move|p1a: Groudon|Earthquake|p2a: Zygarde\n|-damage|p2a: Zygarde|48\/100\n|\n|-weather|DesolateLand|[upkeep]\n|-heal|p2a: Zygarde|54\/100|[from] item: Leftovers\n|upkeep\n|turn|5\n|\n|-weather|none\n|switch|p1a: Xerneas|Xerneas|100\/100\n|-ability|p1a: Xerneas|Fairy Aura\n|move|p2a: Zygarde|Substitute|p2a: Zygarde\n|-start|p2a: Zygarde|Substitute\n|-damage|p2a: Zygarde|30\/100\n|\n|-heal|p2a: Zygarde|36\/100|[from] item: Leftovers\n|-activate|p2a: Zygarde|ability: Power Construct\n|detailschange|p2a: Zygarde|Zygarde-Complete\n|-heal|p2a: Zygarde|58\/100|[silent]\n|upkeep\n|turn|6\n|\n|switch|p1a: Groudon|Groudon-Primal, shiny|100\/100 par\n|-weather|DesolateLand|[from] ability: Desolate Land|[of] p1a: Groudon\n|move|p2a: Zygarde|Glare|p1a: Groudon\n|-fail|p1a: Groudon|par\n|\n|-weather|DesolateLand|[upkeep]\n|-heal|p2a: Zygarde|64\/100|[from] item: Leftovers\n|upkeep\n|turn|7\n|\n|move|p2a: Zygarde|Thousand Arrows|p1a: Groudon\n|-supereffective|p1a: Groudon\n|-damage|p1a: Groudon|75\/100 par\n|move|p1a: Groudon|Roar|p2a: Zygarde\n|drag|p2a: Necrozma|Necrozma-Dusk-Mane|100\/100\n|\n|-weather|DesolateLand|[upkeep]\n|upkeep\n|turn|8\n|\n|switch|p2a: Groudon|Groudon|100\/100\n|detailschange|p2a: Groudon|Groudon-Primal\n|-primal|p2a: Groudon\n|move|p1a: Groudon|Fire Punch|p2a: Groudon\n|-resisted|p2a: Groudon\n|-damage|p2a: Groudon|87\/100\n|\n|-weather|DesolateLand|[upkeep]\n|upkeep\n|turn|9\n|\n|switch|p1a: Yveltal|Yveltal|100\/100\n|-ability|p1a: Yveltal|Dark Aura\n|move|p2a: Groudon|Stealth Rock|p1a: Yveltal\n|-sidestart|p1: JoeVee|move: Stealth Rock\n|\n|-weather|DesolateLand|[upkeep]\n|upkeep\n|turn|10\n|\n|move|p1a: Yveltal|Foul Play|p2a: Groudon\n|-damage|p2a: Groudon|54\/100\n|move|p2a: Groudon|Thunder Wave|p1a: Yveltal\n|-status|p1a: Yveltal|par\n|\n|-weather|DesolateLand|[upkeep]\n|upkeep\n|turn|11\n|\n|cant|p1a: Yveltal|par\n|move|p2a: Groudon|Roar|p1a: Yveltal\n|drag|p1a: Xerneas|Xerneas|100\/100\n|-damage|p1a: Xerneas|88\/100|[from] Stealth Rock\n|-ability|p1a: Xerneas|Fairy Aura\n|\n|-weather|DesolateLand|[upkeep]\n|upkeep\n|turn|12\n|\n|move|p1a: Xerneas|Aromatherapy|p1a: Xerneas\n|-activate|p1a: Xerneas|move: Aromatherapy\n|-curestatus|p1: Groudon|par|[msg]\n|-curestatus|p1: Yveltal|par|[msg]\n|move|p2a: Groudon|Roar|p1a: Xerneas\n|drag|p1a: Yveltal|Yveltal|100\/100\n|-damage|p1a: Yveltal|76\/100|[from] Stealth Rock\n|-ability|p1a: Yveltal|Dark Aura\n|\n|-weather|DesolateLand|[upkeep]\n|-heal|p1a: Yveltal|82\/100|[from] item: Leftovers\n|upkeep\n|turn|13\n|\n|move|p1a: Yveltal|Toxic|p2a: Groudon\n|-status|p2a: Groudon|tox\n|move|p2a: Groudon|Thunder Wave|p1a: Yveltal\n|-status|p1a: Yveltal|par\n|\n|-weather|DesolateLand|[upkeep]\n|-heal|p1a: Yveltal|88\/100 par|[from] item: Leftovers\n|-damage|p2a: Groudon|48\/100 tox|[from] psn\n|upkeep\n|turn|14\n|\n|move|p1a: Yveltal|Foul Play|p2a: Groudon\n|-damage|p2a: Groudon|14\/100 tox\n|move|p2a: Groudon|Roar|p1a: Yveltal\n|drag|p1a: Kyogre|Kyogre, shiny|100\/100\n|-damage|p1a: Kyogre|88\/100|[from] Stealth Rock\n|-ability|p1a: Kyogre|Drizzle|[from] desolateland|[fail]\n|detailschange|p1a: Kyogre|Kyogre-Primal, shiny\n|-primal|p1a: Kyogre\n|-weather|PrimordialSea|[from] ability: Primordial Sea|[of] p1a: Kyogre\n|\n|-weather|PrimordialSea|[upkeep]\n|-damage|p2a: Groudon|2\/100 tox|[from] psn\n|upkeep\n|turn|15\n|\n|move|p1a: Kyogre|Liquidation|p2a: Groudon\n|-supereffective|p2a: Groudon\n|-damage|p2a: Groudon|0 fnt\n|faint|p2a: Groudon\n|\n|-weather|PrimordialSea|[upkeep]\n|upkeep\n|\n|switch|p2a: Yveltal|Yveltal|100\/100\n|-ability|p2a: Yveltal|Dark Aura\n|turn|16\n|\n|-weather|none\n|switch|p1a: Xerneas|Xerneas|88\/100\n|-damage|p1a: Xerneas|76\/100|[from] Stealth Rock\n|-ability|p1a: Xerneas|Fairy Aura\n|-start|p2a: Yveltal|Dynamax\n|-heal|p2a: Yveltal|100\/100|[silent]\n|move|p2a: Yveltal|Max Airstream|p1a: Xerneas\n|-damage|p1a: Xerneas|0 fnt\n|-boost|p2a: Yveltal|spe|1\n|-damage|p2a: Yveltal|96\/100|[from] item: Life Orb\n|faint|p1a: Xerneas\n|\n|upkeep\n|\n|switch|p1a: Zygarde|Zygarde|100\/100\n|-damage|p1a: Zygarde|94\/100|[from] Stealth Rock\n|turn|17\n|\n|move|p2a: Yveltal|Max Darkness|p1a: Zygarde\n|-damage|p1a: Zygarde|0 fnt\n|-damage|p2a: Yveltal|91\/100|[from] item: Life Orb\n|faint|p1a: Zygarde\n|\n|upkeep\n|\n|switch|p1a: Groudon|Groudon-Primal, shiny|75\/100\n|-damage|p1a: Groudon|63\/100|[from] Stealth Rock\n|-weather|DesolateLand|[from] ability: Desolate Land|[of] p1a: Groudon\n|turn|18\n|\n|move|p2a: Yveltal|Max Darkness|p1a: Groudon\n|-damage|p1a: Groudon|0 fnt\n|-damage|p2a: Yveltal|86\/100|[from] item: Life Orb\n|faint|p1a: Groudon\n|-weather|none\n|\n|-end|p2a: Yveltal|Dynamax\n|-heal|p2a: Yveltal|86\/100|[silent]\n|upkeep\n|\n|switch|p1a: Kyogre|Kyogre-Primal, shiny|88\/100\n|-damage|p1a: Kyogre|76\/100|[from] Stealth Rock\n|-weather|PrimordialSea|[from] ability: Primordial Sea|[of] p1a: Kyogre\n|turn|19\n|\n|move|p2a: Yveltal|Dark Pulse|p1a: Kyogre\n|-damage|p1a: Kyogre|25\/100\n|-damage|p2a: Yveltal|76\/100|[from] item: Life Orb\n|move|p1a: Kyogre|Liquidation|p2a: Yveltal\n|-damage|p2a: Yveltal|0 fnt\n|faint|p2a: Yveltal\n|\n|-weather|PrimordialSea|[upkeep]\n|upkeep\n|\n|switch|p2a: Zygarde|Zygarde|100\/100\n|turn|20\n|\n|move|p2a: Zygarde|Thousand Arrows|p1a: Kyogre\n|-damage|p1a: Kyogre|0 fnt\n|faint|p1a: Kyogre\n|-weather|none\n|\n|upkeep\n|\n|switch|p1a: Necrozma|Necrozma-Dusk-Mane, shiny|100\/100\n|-damage|p1a: Necrozma|94\/100|[from] Stealth Rock\n|turn|21\n|\n|move|p2a: Zygarde|Substitute|p2a: Zygarde\n|-start|p2a: Zygarde|Substitute\n|-damage|p2a: Zygarde|76\/100\n|move|p1a: Necrozma|Swords Dance|p1a: Necrozma\n|-boost|p1a: Necrozma|atk|2\n|\n|-heal|p2a: Zygarde|82\/100|[from] item: Leftovers\n|upkeep\n|turn|22\n|\n|detailschange|p1a: Necrozma|Necrozma-Ultra, shiny\n|-burst|p1a: Necrozma|Necrozma|Ultranecrozium Z\n|move|p1a: Necrozma|Earthquake|p2a: Zygarde\n|-end|p2a: Zygarde|Substitute\n|move|p2a: Zygarde|Dragon Tail|p1a: Necrozma\n|-supereffective|p1a: Necrozma\n|-damage|p1a: Necrozma|43\/100\n|drag|p1a: Yveltal|Yveltal|88\/100 par\n|-damage|p1a: Yveltal|63\/100 par|[from] Stealth Rock\n|-ability|p1a: Yveltal|Dark Aura\n|\n|-heal|p2a: Zygarde|88\/100|[from] item: Leftovers\n|-heal|p1a: Yveltal|69\/100 par|[from] item: Leftovers\n|upkeep\n|turn|23\n|-message|JoeVee forfeited.\n|\n|win|willcoxw\n|l|\u2606JoeVee\n|l|\u2606willcoxw\n||Ladder (probably) updated, but score could not be retrieved (Response not received).\n|j|\u2606JoeVee\n|player|p1|JoeVee|dragontamer\n","uploadtime":1588949885,"views":12,"p1id":"joevee","p2id":"willcoxw","formatid":"gen8nationaldexag","rating":0,"private":0,"password":null}