{"id":"gen8ou-1463075458","p1":"Jamario Mariomario","p2":"Moth.o","format":"gen8ou","log":"|html|<div class=\"broadcast-blue\"><strong>[Gen 8] OU is currently suspecting Kyurem! For information on how to participate check out the <a href=\"https:\/\/www.smogon.com\/forums\/threads\/np-ss-ou-suspect-process-round-11-break-the-ice.3694129\/\">suspect thread<\/a>.<\/strong><\/div>\n|j|\u2606Jamario Mariomario\n|j|\u2606Moth.o\n|t:|1638188736\n|gametype|singles\n|player|p1|Jamario Mariomario|bugcatcher|1489\n|player|p2|Moth.o|roxie|1419\n|teamsize|p1|6\n|teamsize|p2|6\n|gen|8\n|tier|[Gen 8] OU\n|rated|\n|rule|Sleep Clause Mod: Limit one foe put to sleep\n|rule|Species Clause: Limit one of each Pok\u00e9mon\n|rule|OHKO Clause: OHKO moves are banned\n|rule|Evasion Moves Clause: Evasion moves are banned\n|rule|Endless Battle Clause: Forcing endless battles is banned\n|rule|HP Percentage Mod: HP is shown in percentages\n|rule|Dynamax Clause: You cannot dynamax\n|clearpoke\n|poke|p1|Volcanion|\n|poke|p1|Corviknight, M|\n|poke|p1|Mamoswine, F|\n|poke|p1|Blissey, F|\n|poke|p1|Rillaboom, M|\n|poke|p1|Hydreigon, M|\n|poke|p2|Araquanid, F|\n|poke|p2|Bewear, M|\n|poke|p2|Hydreigon, F|\n|poke|p2|Rapidash-Galar, F|\n|poke|p2|Marowak-Alola, F|\n|poke|p2|Salazzle, F|\n|teampreview\n|inactive|Battle timer is ON: inactive players will automatically lose when time's up. (requested by Jamario Mariomario)\n|c|\u2606Jamario Mariomario|a mini pony\n|\n|t:|1638188760\n|start\n|switch|p1a: Hydreigon|Hydreigon, M|100\/100\n|switch|p2a: Andr\u00f3meda|Araquanid, F|100\/100\n|turn|1\n|\n|t:|1638188769\n|move|p1a: Hydreigon|Draco Meteor|p2a: Andr\u00f3meda\n|-damage|p2a: Andr\u00f3meda|30\/100\n|-unboost|p1a: Hydreigon|spa|2\n|-damage|p1a: Hydreigon|91\/100|[from] item: Life Orb\n|move|p2a: Andr\u00f3meda|Sticky Web|p1a: Hydreigon\n|-sidestart|p1: Jamario Mariomario|move: Sticky Web\n|\n|upkeep\n|turn|2\n|\n|t:|1638188778\n|move|p1a: Hydreigon|Draco Meteor|p2a: Andr\u00f3meda\n|-damage|p2a: Andr\u00f3meda|0 fnt\n|-unboost|p1a: Hydreigon|spa|2\n|faint|p2a: Andr\u00f3meda\n|-damage|p1a: Hydreigon|81\/100|[from] item: Life Orb\n|\n|upkeep\n|\n|t:|1638188790\n|switch|p2a: Salazzle|Salazzle, F, shiny|100\/100\n|turn|3\n|\n|t:|1638188794\n|switch|p1a: Blissey|Blissey, F|100\/100\n|move|p2a: Salazzle|Toxic|p1a: Blissey\n|-status|p1a: Blissey|tox\n|\n|-damage|p1a: Blissey|94\/100 tox|[from] psn\n|upkeep\n|turn|4\n|\n|t:|1638188804\n|switch|p2a: \u00c1tropos|Marowak-Alola, F|100\/100\n|move|p1a: Blissey|Teleport|p1a: Blissey\n|\n|t:|1638188809\n|-curestatus|p1a: Blissey|tox|[from] ability: Natural Cure\n|switch|p1a: Hydreigon|Hydreigon, M|81\/100|[from]move: Teleport\n|\n|upkeep\n|turn|5\n|\n|t:|1638188816\n|switch|p2a: Morgana|Rapidash-Galar, F|100\/100\n|move|p1a: Hydreigon|Dark Pulse|p2a: Morgana\n|-damage|p2a: Morgana|21\/100\n|-damage|p1a: Hydreigon|71\/100|[from] item: Life Orb\n|\n|upkeep\n|turn|6\n|\n|t:|1638188825\n|switch|p1a: Corviknight|Corviknight, M|100\/100\n|-ability|p1a: Corviknight|Pressure\n|move|p2a: Morgana|Low Kick|p1a: Corviknight\n|-damage|p1a: Corviknight|83\/100\n|-damage|p2a: Morgana|4\/100|[from] item: Rocky Helmet|[of] p1a: Corviknight\n|-damage|p2a: Morgana|0 fnt|[from] item: Life Orb\n|faint|p2a: Morgana\n|\n|upkeep\n|\n|t:|1638188837\n|switch|p2a: \u00c1tropos|Marowak-Alola, F|100\/100\n|turn|7\n|\n|t:|1638188845\n|move|p2a: \u00c1tropos|Flame Charge|p1a: Corviknight\n|-supereffective|p1a: Corviknight\n|-damage|p1a: Corviknight|40\/100\n|-boost|p2a: \u00c1tropos|spe|1\n|-damage|p2a: \u00c1tropos|84\/100|[from] item: Rocky Helmet|[of] p1a: Corviknight\n|move|p1a: Corviknight|Defog|p2a: \u00c1tropos\n|-unboost|p2a: \u00c1tropos|evasion|1\n|-sideend|p1: Jamario Mariomario|Sticky Web|[from] move: Defog|[of] p1a: Corviknight\n|\n|upkeep\n|turn|8\n|\n|t:|1638188856\n|switch|p1a: Volcanion|Volcanion|100\/100\n|move|p2a: \u00c1tropos|Swords Dance|p2a: \u00c1tropos\n|-boost|p2a: \u00c1tropos|atk|2\n|\n|upkeep\n|turn|9\n|\n|t:|1638188863\n|switch|p1a: Blissey|Blissey, F|94\/100\n|move|p2a: \u00c1tropos|Bonemerang|p1a: Blissey\n|-damage|p1a: Blissey|54\/100\n|-damage|p1a: Blissey|13\/100\n|-hitcount|p1a: Blissey|2\n|\n|upkeep\n|turn|10\n|\n|t:|1638188871\n|switch|p1a: Corviknight|Corviknight, M|40\/100\n|-ability|p1a: Corviknight|Pressure\n|move|p2a: \u00c1tropos|Flame Charge|p1a: Corviknight\n|-supereffective|p1a: Corviknight\n|-damage|p1a: Corviknight|0 fnt\n|-boost|p2a: \u00c1tropos|spe|1\n|-damage|p2a: \u00c1tropos|68\/100|[from] item: Rocky Helmet|[of] p1a: Corviknight\n|faint|p1a: Corviknight\n|\n|upkeep\n|\n|t:|1638188875\n|switch|p1a: Mamoswine|Mamoswine, F|100\/100\n|turn|11\n|\n|t:|1638188887\n|move|p2a: \u00c1tropos|Bonemerang|p1a: Mamoswine\n|-damage|p1a: Mamoswine|45\/100\n|-damage|p1a: Mamoswine|0 fnt\n|faint|p1a: Mamoswine\n|-hitcount|p1: Mamoswine|2\n|\n|upkeep\n|\n|t:|1638188892\n|switch|p1a: Hydreigon|Hydreigon, M|71\/100\n|turn|12\n|\n|t:|1638188896\n|move|p2a: \u00c1tropos|Shadow Bone|p1a: Hydreigon\n|-resisted|p1a: Hydreigon\n|-damage|p1a: Hydreigon|0 fnt\n|faint|p1a: Hydreigon\n|\n|upkeep\n|\n|t:|1638188900\n|switch|p1a: Rillaboom|Rillaboom, M|100\/100\n|-fieldstart|move: Grassy Terrain|[from] ability: Grassy Surge|[of] p1a: Rillaboom\n|turn|13\n|\n|t:|1638188905\n|move|p1a: Rillaboom|Grassy Glide|p2a: \u00c1tropos\n|-resisted|p2a: \u00c1tropos\n|-damage|p2a: \u00c1tropos|25\/100\n|move|p2a: \u00c1tropos|Flame Charge|p1a: Rillaboom\n|-supereffective|p1a: Rillaboom\n|-damage|p1a: Rillaboom|0 fnt\n|-boost|p2a: \u00c1tropos|spe|1\n|faint|p1a: Rillaboom\n|\n|-heal|p2a: \u00c1tropos|31\/100|[from] Grassy Terrain\n|upkeep\n|-message|Jamario Mariomario forfeited.\n|\n|win|Moth.o\n|raw|Jamario Mariomario's rating: 1489 &rarr; <strong>1465<\/strong><br \/>(-24 for losing)\n|raw|Moth.o's rating: 1419 &rarr; <strong>1443<\/strong><br \/>(+24 for winning)\n|l|\u2606Jamario Mariomario\n","uploadtime":1638188985,"views":12,"p1id":"jamariomariomario","p2id":"motho","formatid":"gen8ou","rating":1443,"private":0,"password":null}