{"id":"gen8bdspou-1660182695","p1":"Labarge","p2":"bizarman","format":"gen8bdspou","log":"|j|\u2606Labarge\n|j|\u2606bizarman\n|t:|1662745812\n|gametype|singles\n|player|p1|Labarge|rocketgruntf|1314\n|player|p2|bizarman|scientist-gen4|1586\n|teamsize|p1|6\n|teamsize|p2|6\n|gen|8\n|tier|[Gen 8 BDSP] OU\n|rated|\n|rule|Sleep Clause Mod: Limit one foe put to sleep\n|rule|Species Clause: Limit one of each Pok\u00e9mon\n|rule|OHKO Clause: OHKO moves are banned\n|rule|Evasion Items Clause: Evasion items are banned\n|rule|Evasion Moves Clause: Evasion moves are banned\n|rule|Endless Battle Clause: Forcing endless battles is banned\n|rule|HP Percentage Mod: HP is shown in percentages\n|clearpoke\n|poke|p1|Heatran, F|\n|poke|p1|Rotom-Wash|\n|poke|p1|Gliscor, M|\n|poke|p1|Scizor, M|\n|poke|p1|Espeon, F|\n|poke|p1|Lapras, F|\n|poke|p2|Bronzong|\n|poke|p2|Cresselia, F|\n|poke|p2|Crawdaunt, F|\n|poke|p2|Machamp, F|\n|poke|p2|Dusknoir, F|\n|poke|p2|Ursaring, F|\n|teampreview\n|inactive|Battle timer is ON: inactive players will automatically lose when time's up. (requested by bizarman)\n|\n|t:|1662745834\n|start\n|switch|p1a: Rotom|Rotom-Wash|100\/100\n|switch|p2a: Bronzong|Bronzong|100\/100\n|turn|1\n|\n|t:|1662745841\n|move|p1a: Rotom|Trick|p2a: Bronzong\n|-activate|p1a: Rotom|move: Trick|[of] p2a: Bronzong\n|-item|p2a: Bronzong|Flame Orb|[from] move: Trick\n|-item|p1a: Rotom|Mental Herb|[from] move: Trick\n|move|p2a: Bronzong|Stealth Rock|p1a: Rotom\n|-sidestart|p1: Labarge|move: Stealth Rock\n|\n|-status|p2a: Bronzong|brn|[from] item: Flame Orb\n|upkeep\n|turn|2\n|\n|t:|1662745851\n|move|p1a: Rotom|Volt Switch|p2a: Bronzong\n|-damage|p2a: Bronzong|85\/100 brn\n|\n|t:|1662745854\n|switch|p1a: Gliscor|Gliscor, M|100\/100|[from]move: Volt Switch\n|-damage|p1a: Gliscor|88\/100|[from] Stealth Rock\n|move|p2a: Bronzong|Trick Room|p2a: Bronzong\n|-fieldstart|move: Trick Room|[of] p2a: Bronzong\n|\n|-damage|p2a: Bronzong|78\/100 brn|[from] brn\n|-status|p1a: Gliscor|tox|[from] item: Toxic Orb\n|upkeep\n|turn|3\n|\n|t:|1662745863\n|switch|p2a: Crawdaunt|Crawdaunt, F|100\/100\n|move|p1a: Gliscor|Knock Off|p2a: Crawdaunt\n|-resisted|p2a: Crawdaunt\n|-damage|p2a: Crawdaunt|89\/100\n|-enditem|p2a: Crawdaunt|Life Orb|[from] move: Knock Off|[of] p1a: Gliscor\n|\n|-heal|p1a: Gliscor|100\/100 tox|[from] ability: Poison Heal\n|upkeep\n|turn|4\n|\n|t:|1662745874\n|switch|p1a: Lapras|Lapras, F|100\/100\n|-damage|p1a: Lapras|75\/100|[from] Stealth Rock\n|move|p2a: Crawdaunt|Crabhammer|p1a: Lapras\n|-heal|p1a: Lapras|100\/100|[from] ability: Water Absorb|[of] p2a: Crawdaunt\n|\n|upkeep\n|turn|5\n|\n|t:|1662745884\n|move|p2a: Crawdaunt|Knock Off|p1a: Lapras\n|-damage|p1a: Lapras|35\/100\n|-enditem|p1a: Lapras|Leftovers|[from] move: Knock Off|[of] p2a: Crawdaunt\n|move|p1a: Lapras|Surf|p2a: Crawdaunt\n|-resisted|p2a: Crawdaunt\n|-damage|p2a: Crawdaunt|66\/100\n|\n|upkeep\n|turn|6\n|\n|t:|1662745892\n|move|p2a: Crawdaunt|Knock Off|p1a: Lapras\n|-damage|p1a: Lapras|0 fnt\n|faint|p1a: Lapras\n|\n|-fieldend|move: Trick Room\n|upkeep\n|\n|t:|1662745897\n|switch|p1a: Rotom|Rotom-Wash|100\/100\n|-damage|p1a: Rotom|88\/100|[from] Stealth Rock\n|turn|7\n|\n|t:|1662745908\n|switch|p2a: Dusknoir|Dusknoir, F|100\/100\n|-ability|p2a: Dusknoir|Pressure\n|move|p1a: Rotom|Volt Switch|p2a: Dusknoir\n|-damage|p2a: Dusknoir|78\/100\n|\n|t:|1662745918\n|switch|p1a: Gliscor|Gliscor, M|100\/100 tox|[from]move: Volt Switch\n|-damage|p1a: Gliscor|88\/100 tox|[from] Stealth Rock\n|\n|-heal|p1a: Gliscor|100\/100 tox|[from] ability: Poison Heal\n|upkeep\n|turn|8\n|\n|t:|1662745925\n|move|p1a: Gliscor|Defog|p2a: Dusknoir\n|-unboost|p2a: Dusknoir|evasion|1\n|-sideend|p1: Labarge|Stealth Rock|[from] move: Defog|[of] p1a: Gliscor\n|move|p2a: Dusknoir|Trick Room|p2a: Dusknoir\n|-fieldstart|move: Trick Room|[of] p2a: Dusknoir\n|\n|upkeep\n|turn|9\n|j| ForeverAloneXO\n|\n|t:|1662745947\n|switch|p2a: Crawdaunt|Crawdaunt, F|66\/100\n|move|p1a: Gliscor|Earthquake|p2a: Crawdaunt\n|-damage|p2a: Crawdaunt|26\/100\n|\n|upkeep\n|turn|10\n|\n|t:|1662745964\n|move|p2a: Crawdaunt|Crabhammer|p1a: Gliscor\n|-supereffective|p1a: Gliscor\n|-crit|p1a: Gliscor\n|-damage|p1a: Gliscor|0 fnt\n|faint|p1a: Gliscor\n|\n|upkeep\n|\n|t:|1662745969\n|switch|p1a: Scizor|Scizor, M|100\/100\n|turn|11\n|\n|t:|1662745976\n|switch|p2a: Machamp|Machamp, F|100\/100\n|move|p1a: Scizor|U-turn|p2a: Machamp\n|-resisted|p2a: Machamp\n|-damage|p2a: Machamp|66\/100\n|\n|t:|1662745981\n|switch|p1a: Rotom|Rotom-Wash|88\/100|[from]move: U-turn\n|\n|-status|p2a: Machamp|brn|[from] item: Flame Orb\n|upkeep\n|turn|12\n|\n|t:|1662745986\n|move|p2a: Machamp|Close Combat|p1a: Rotom\n|-crit|p1a: Rotom\n|-damage|p1a: Rotom|0 fnt\n|-unboost|p2a: Machamp|def|1\n|-unboost|p2a: Machamp|spd|1\n|faint|p1a: Rotom\n|\n|-damage|p2a: Machamp|60\/100 brn|[from] brn\n|-fieldend|move: Trick Room\n|upkeep\n|\n|t:|1662746003\n|switch|p1a: Espeon|Espeon, F|100\/100\n|turn|13\n|\n|t:|1662746009\n|switch|p2a: Cresselia|Cresselia, F|100\/100\n|move|p1a: Espeon|Shadow Ball|p2a: Cresselia\n|-supereffective|p2a: Cresselia\n|-damage|p2a: Cresselia|46\/100\n|\n|upkeep\n|turn|14\n|\n|t:|1662746019\n|switch|p2a: Ursaring|Ursaring, F|100\/100\n|move|p1a: Espeon|Shadow Ball|p2a: Ursaring\n|-immune|p2a: Ursaring\n|\n|-status|p2a: Ursaring|brn|[from] item: Flame Orb\n|upkeep\n|turn|15\n|\n|t:|1662746031\n|switch|p1a: Heatran|Heatran, F|100\/100\n|move|p2a: Ursaring|Earthquake|p1a: Heatran\n|-supereffective|p1a: Heatran\n|-damage|p1a: Heatran|0 fnt\n|faint|p1a: Heatran\n|\n|-damage|p2a: Ursaring|94\/100 brn|[from] brn\n|upkeep\n|l|\u2606Labarge\n|inactive|Labarge disconnected and has a minute to reconnect!\n|player|p1|\n|inactive|Labarge has 30 seconds to reconnect!\n|inactive|Labarge has 20 seconds to reconnect!\n|inactive|Labarge has 15 seconds to reconnect!\n|inactive|Labarge has 10 seconds to reconnect!\n|inactive|Labarge has 5 seconds to reconnect!\n|-message|Labarge lost due to inactivity.\n|\n|win|bizarman\n|raw|Labarge's rating: 1314 &rarr; <strong>1307<\/strong><br \/>(-7 for losing)\n|raw|bizarman's rating: 1586 &rarr; <strong>1593<\/strong><br \/>(+7 for winning)\n|l|\u2606bizarman\n||Ladder isn't responding, score probably updated but might not have (Request timeout).\n","uploadtime":1662746870,"views":13,"p1id":"labarge","p2id":"bizarman","formatid":"gen8bdspou","rating":1307,"private":0,"password":null}