{"id":"gen8monotype-1430660275","p1":"Free Wifi Hotspot","p2":"Neutral OG","format":"gen8monotype","log":"|j|\u2606Free Wifi Hotspot\n|j|\u2606Neutral OG\n|t:|1633563545\n|gametype|singles\n|player|p1|Free Wifi Hotspot|preschoolerf|1398\n|player|p2|Neutral OG|aetherfoundation|1370\n|teamsize|p1|6\n|teamsize|p2|6\n|gen|8\n|tier|[Gen 8] Monotype\n|rated|\n|rule|Same Type Clause: Pok\u00e9mon in a team must share a type\n|rule|Sleep Clause Mod: Limit one foe put to sleep\n|rule|Species Clause: Limit one of each Pok\u00e9mon\n|rule|OHKO Clause: OHKO moves are banned\n|rule|Evasion Moves Clause: Evasion moves are banned\n|rule|Endless Battle Clause: Forcing endless battles is banned\n|rule|HP Percentage Mod: HP is shown in percentages\n|rule|Dynamax Clause: You cannot dynamax\n|clearpoke\n|poke|p1|Garchomp, M|\n|poke|p1|Dragonite, M|\n|poke|p1|Salamence, F|\n|poke|p1|Kyurem|\n|poke|p1|Dragalge, M|\n|poke|p1|Kommo-o, F|\n|poke|p2|Clefable, F|\n|poke|p2|Tapu Fini|\n|poke|p2|Tapu Lele|\n|poke|p2|Weezing-Galar, M|\n|poke|p2|Sylveon, M|\n|poke|p2|Grimmsnarl, M|\n|teampreview\n|inactive|Battle timer is ON: inactive players will automatically lose when time's up. (requested by Free Wifi Hotspot)\n|\n|t:|1633563564\n|start\n|switch|p1a: Kyurem|Kyurem|100\/100\n|switch|p2a: Tapu Lele|Tapu Lele|100\/100\n|-fieldstart|move: Psychic Terrain|[from] ability: Psychic Surge|[of] p2a: Tapu Lele\n|-ability|p1a: Kyurem|Pressure\n|turn|1\n|\n|t:|1633563570\n|move|p2a: Tapu Lele|Moonblast|p1a: Kyurem\n|-supereffective|p1a: Kyurem\n|-damage|p1a: Kyurem|13\/100\n|move|p1a: Kyurem|Ice Beam|p2a: Tapu Lele\n|-damage|p2a: Tapu Lele|23\/100\n|\n|upkeep\n|turn|2\n|\n|t:|1633563576\n|switch|p1a: Dragalge|Dragalge, M|100\/100\n|move|p2a: Tapu Lele|Moonblast|p1a: Dragalge\n|-damage|p1a: Dragalge|66\/100\n|-unboost|p1a: Dragalge|spa|1\n|\n|-heal|p1a: Dragalge|72\/100|[from] item: Black Sludge\n|upkeep\n|turn|3\n|\n|t:|1633563584\n|switch|p2a: Weezing|Weezing-Galar, M|100\/100\n|-ability|p2a: Weezing|Neutralizing Gas\n|move|p1a: Dragalge|Flip Turn|p2a: Weezing\n|-damage|p2a: Weezing|94\/100\n|\n|t:|1633563601\n|switch|p1a: Kyurem|Kyurem|13\/100|[from]move: Flip Turn\n|\n|-heal|p2a: Weezing|99\/100|[from] item: Black Sludge\n|upkeep\n|turn|4\n|\n|t:|1633563606\n|move|p1a: Kyurem|Ice Beam|p2a: Weezing\n|-damage|p2a: Weezing|0 fnt\n|faint|p2a: Weezing\n|-end|p2a: Weezing|ability: Neutralizing Gas\n|-ability|p1a: Kyurem|Pressure\n|\n|upkeep\n|\n|t:|1633563611\n|switch|p2a: Tapu Lele|Tapu Lele|23\/100\n|turn|5\n|j| Mr Ivn\n|\n|t:|1633563615\n|switch|p1a: Dragalge|Dragalge, M|72\/100\n|move|p2a: Tapu Lele|Psychic|p1a: Dragalge\n|-supereffective|p1a: Dragalge\n|-damage|p1a: Dragalge|0 fnt\n|faint|p1a: Dragalge\n|\n|-fieldend|move: Psychic Terrain\n|upkeep\n|\n|t:|1633563627\n|switch|p1a: Salamence|Salamence, F|100\/100\n|turn|6\n|\n|t:|1633563633\n|switch|p2a: Tapu Fini|Tapu Fini|100\/100\n|-fieldstart|move: Misty Terrain|[from] ability: Misty Surge|[of] p2a: Tapu Fini\n|move|p1a: Salamence|Dual Wingbeat|p2a: Tapu Fini\n|-damage|p2a: Tapu Fini|83\/100\n|-damage|p2a: Tapu Fini|68\/100\n|-hitcount|p2a: Tapu Fini|2\n|\n|-heal|p2a: Tapu Fini|74\/100|[from] item: Leftovers\n|upkeep\n|turn|7\n|\n|t:|1633563641\n|switch|p1a: Garchomp|Garchomp, M|100\/100\n|move|p2a: Tapu Fini|Moonblast|p1a: Garchomp\n|-supereffective|p1a: Garchomp\n|-damage|p1a: Garchomp|43\/100\n|\n|-heal|p2a: Tapu Fini|80\/100|[from] item: Leftovers\n|upkeep\n|turn|8\n|\n|t:|1633563647\n|move|p1a: Garchomp|Earthquake|p2a: Tapu Fini\n|-damage|p2a: Tapu Fini|51\/100\n|move|p2a: Tapu Fini|Moonblast|p1a: Garchomp\n|-supereffective|p1a: Garchomp\n|-damage|p1a: Garchomp|0 fnt\n|faint|p1a: Garchomp\n|\n|-heal|p2a: Tapu Fini|57\/100|[from] item: Leftovers\n|upkeep\n|\n|t:|1633563652\n|switch|p1a: Kyurem|Kyurem|13\/100\n|-ability|p1a: Kyurem|Pressure\n|turn|9\n|\n|t:|1633563659\n|move|p1a: Kyurem|Freeze-Dry|p2a: Tapu Fini\n|-supereffective|p2a: Tapu Fini\n|-damage|p2a: Tapu Fini|0 fnt\n|faint|p2a: Tapu Fini\n|\n|upkeep\n|\n|t:|1633563663\n|switch|p2a: Tapu Lele|Tapu Lele|23\/100\n|-fieldstart|move: Psychic Terrain|[from] ability: Psychic Surge|[of] p2a: Tapu Lele\n|turn|10\n|\n|t:|1633563668\n|switch|p1a: Kommo-o|Kommo-o, F|100\/100\n|move|p2a: Tapu Lele|Psychic|p1a: Kommo-o\n|-supereffective|p1a: Kommo-o\n|-damage|p1a: Kommo-o|0 fnt\n|faint|p1a: Kommo-o\n|\n|upkeep\n|\n|t:|1633563672\n|switch|p1a: Salamence|Salamence, F|100\/100\n|turn|11\n|\n|t:|1633563679\n|move|p1a: Salamence|Earthquake|p2a: Tapu Lele\n|-damage|p2a: Tapu Lele|0 fnt\n|faint|p2a: Tapu Lele\n|-ability|p1a: Salamence|Moxie|boost\n|-boost|p1a: Salamence|atk|1\n|\n|upkeep\n|\n|t:|1633563693\n|switch|p2a: Grimmsnarl|Grimmsnarl, M|100\/100\n|turn|12\n|\n|t:|1633563701\n|switch|p1a: Dragonite|Dragonite, M|100\/100\n|move|p2a: Grimmsnarl|Thunder Wave|p1a: Dragonite\n|-status|p1a: Dragonite|par\n|\n|upkeep\n|turn|13\n|\n|t:|1633563710\n|move|p2a: Grimmsnarl|Substitute|p2a: Grimmsnarl\n|-start|p2a: Grimmsnarl|Substitute\n|-damage|p2a: Grimmsnarl|76\/100\n|cant|p1a: Dragonite|par\n|\n|-heal|p2a: Grimmsnarl|82\/100|[from] item: Leftovers\n|upkeep\n|turn|14\n|\n|t:|1633563715\n|switch|p1a: Kyurem|Kyurem|13\/100\n|-ability|p1a: Kyurem|Pressure\n|move|p2a: Grimmsnarl|Bulk Up|p2a: Grimmsnarl\n|-boost|p2a: Grimmsnarl|atk|1\n|-boost|p2a: Grimmsnarl|def|1\n|\n|-heal|p2a: Grimmsnarl|88\/100|[from] item: Leftovers\n|-fieldend|move: Psychic Terrain\n|upkeep\n|turn|15\n|\n|t:|1633563718\n|move|p1a: Kyurem|Ice Beam|p2a: Grimmsnarl\n|-end|p2a: Grimmsnarl|Substitute\n|move|p2a: Grimmsnarl|Spirit Break|p1a: Kyurem\n|-supereffective|p1a: Kyurem\n|-damage|p1a: Kyurem|0 fnt\n|faint|p1a: Kyurem\n|\n|-heal|p2a: Grimmsnarl|94\/100|[from] item: Leftovers\n|upkeep\n|\n|t:|1633563723\n|switch|p1a: Dragonite|Dragonite, M|100\/100 par\n|turn|16\n|l|\u2606Free Wifi Hotspot\n|inactive|Free Wifi Hotspot disconnected and has a minute to reconnect!\n|player|p1|\n|\n|t:|1633563728\n|move|p2a: Grimmsnarl|Substitute|p2a: Grimmsnarl\n|-start|p2a: Grimmsnarl|Substitute\n|-damage|p2a: Grimmsnarl|69\/100\n|move|p1a: Dragonite|Heal Bell|p1a: Dragonite\n|-activate|p1a: Dragonite|move: Heal Bell\n|-curestatus|p1a: Dragonite|par|[msg]\n|\n|-heal|p2a: Grimmsnarl|75\/100|[from] item: Leftovers\n|upkeep\n|turn|17\n|inactive|Free Wifi Hotspot has 30 seconds to reconnect!\n|inactive|Free Wifi Hotspot has 20 seconds to reconnect!\n|inactive|Free Wifi Hotspot has 15 seconds to reconnect!\n|inactive|Free Wifi Hotspot has 10 seconds to reconnect!\n|inactive|Free Wifi Hotspot has 5 seconds to reconnect!\n|-message|Free Wifi Hotspot lost due to inactivity.\n|\n|win|Neutral OG\n|raw|Free Wifi Hotspot's rating: 1398 &rarr; <strong>1376<\/strong><br \/>(-22 for losing)\n|raw|Neutral OG's rating: 1370 &rarr; <strong>1392<\/strong><br \/>(+22 for winning)\n","uploadtime":1633563797,"views":7,"p1id":"freewifihotspot","p2id":"neutralog","formatid":"gen8monotype","rating":1376,"private":0,"password":null}