{"id":"gen8inheritance-1618445638","p1":"DiamondDragon980","p2":"JooshP","format":"gen8inheritance","log":"|j|\u2606DiamondDragon980\n|j|\u2606JooshP\n|t:|1657968106\n|gametype|singles\n|player|p1|DiamondDragon980|brawly|\n|player|p2|JooshP|red|\n|teamsize|p1|6\n|teamsize|p2|1\n|gen|8\n|tier|[Gen 8] Inheritance\n|rule|Species Clause: Limit one of each Pok\u00e9mon\n|rule|OHKO Clause: OHKO moves are banned\n|rule|Evasion Moves Clause: Evasion moves are banned\n|rule|Endless Battle Clause: Forcing endless battles is banned\n|rule|HP Percentage Mod: HP is shown in percentages\n|rule|Sleep Clause: Sleep-inducing moves are banned\n|rule|2 Ability Clause: Limit two of each ability\n|rule|Dynamax Clause: You cannot dynamax\n|clearpoke\n|poke|p1|Archeops, M|\n|poke|p1|Hawlucha, M|\n|poke|p1|Zygarde|\n|poke|p1|Articuno-Galar, F|\n|poke|p1|Keldeo|\n|poke|p1|Buzzwole|\n|poke|p2|Barraskewda, F|\n|teampreview\n|c|\u2606DiamondDragon980|glhf\n|c|\u2606JooshP|lol\n|\n|t:|1657968130\n|start\n|switch|p1a: Zygarde|Zygarde, shiny|100\/100\n|switch|p2a: Barraskewda|Barraskewda, F|100\/100\n|-start|p2a: Barraskewda|Dragonite|[silent]\n|-start|p1a: Zygarde|Salamence|[silent]\n|turn|1\n|\n|t:|1657968137\n|move|p2a: Barraskewda|Dragon Dance|p2a: Barraskewda\n|-boost|p2a: Barraskewda|atk|1\n|-boost|p2a: Barraskewda|spe|1\n|move|p1a: Zygarde|Dragon Dance|p1a: Zygarde\n|-boost|p1a: Zygarde|atk|1\n|-boost|p1a: Zygarde|spe|1\n|\n|upkeep\n|turn|2\n|\n|t:|1657968148\n|move|p2a: Barraskewda|Ice Punch|p1a: Zygarde\n|-supereffective|p1a: Zygarde\n|-damage|p1a: Zygarde|0 fnt\n|faint|p1a: Zygarde\n|\n|upkeep\n|\n|t:|1657968152\n|switch|p1a: Buzzwole|Buzzwole|100\/100\n|-start|p1a: Buzzwole|Falinks|[silent]\n|turn|3\n|\n|t:|1657968154\n|move|p2a: Barraskewda|Dual Wingbeat|p1a: Buzzwole\n|-supereffective|p1a: Buzzwole\n|-damage|p1a: Buzzwole|46\/100\n|-damage|p2a: Barraskewda|84\/100|[from] item: Rocky Helmet|[of] p1a: Buzzwole\n|-supereffective|p1a: Buzzwole\n|-damage|p1a: Buzzwole|0 fnt\n|-damage|p2a: Barraskewda|68\/100|[from] item: Rocky Helmet|[of] p1a: Buzzwole\n|faint|p1a: Buzzwole\n|-hitcount|p1: Buzzwole|2\n|\n|upkeep\n|\n|t:|1657968163\n|switch|p1a: Archeops|Archeops, M|100\/100\n|-start|p1a: Archeops|Tyrantrum|[silent]\n|turn|4\n|\n|t:|1657968167\n|move|p2a: Barraskewda|Ice Punch|p1a: Archeops\n|-supereffective|p1a: Archeops\n|-damage|p1a: Archeops|0 fnt\n|faint|p1a: Archeops\n|\n|upkeep\n|\n|t:|1657968169\n|switch|p1a: Hawlucha|Hawlucha, M|100\/100\n|-start|p1a: Hawlucha|Machamp|[silent]\n|turn|5\n|\n|t:|1657968172\n|move|p2a: Barraskewda|Dual Wingbeat|p1a: Hawlucha\n|-supereffective|p1a: Hawlucha\n|-damage|p1a: Hawlucha|36\/100\n|-supereffective|p1a: Hawlucha\n|-damage|p1a: Hawlucha|0 fnt\n|faint|p1a: Hawlucha\n|-hitcount|p1: Hawlucha|2\n|\n|upkeep\n|c|\u2606DiamondDragon980|wow\n|\n|t:|1657968179\n|switch|p1a: Articuno|Articuno-Galar, F|100\/100\n|-start|p1a: Articuno|Hatenna|[silent]\n|turn|6\n|c|\u2606JooshP|go little fish\n|\n|t:|1657968185\n|move|p2a: Barraskewda|Ice Punch|p1a: Articuno\n|-supereffective|p1a: Articuno\n|-damage|p1a: Articuno|0 fnt\n|faint|p1a: Articuno\n|\n|upkeep\n|\n|t:|1657968187\n|switch|p1a: Keldeo|Keldeo|100\/100\n|-start|p1a: Keldeo|Clawitzer|[silent]\n|turn|7\n|\n|t:|1657968190\n|move|p2a: Barraskewda|Dual Wingbeat|p1a: Keldeo\n|-supereffective|p1a: Keldeo\n|-damage|p1a: Keldeo|47\/100\n|-supereffective|p1a: Keldeo\n|-damage|p1a: Keldeo|0 fnt\n|faint|p1a: Keldeo\n|-hitcount|p1: Keldeo|2\n|\n|win|JooshP\n|c|\u2606DiamondDragon980|well then\n|c|\u2606DiamondDragon980|gg\n","uploadtime":1657968202,"views":5,"p1id":"diamonddragon980","p2id":"jooshp","formatid":"gen8inheritance","rating":0,"private":0,"password":null}