{"id":"gen8nationaldex-1680759233","p1":"Shooriken","p2":"lou dort","format":"gen8nationaldex","log":"|j|\u2606Shooriken\n|j|\u203dlou dort\n|t:|1665236639\n|gametype|singles\n|player|p1|Shooriken|scientist-gen4|\n|player|p2|lou dort|lucas|\n|teamsize|p1|6\n|teamsize|p2|6\n|gen|8\n|tier|[Gen 8] National Dex\n|rule|HP Percentage Mod: HP is shown in percentages\n|rule|Endless Battle Clause: Forcing endless battles is banned\n|rule|OHKO Clause: OHKO moves are banned\n|rule|Evasion Moves Clause: Evasion moves are banned\n|rule|Species Clause: Limit one of each Pok\u00e9mon\n|rule|Dynamax Clause: You cannot dynamax\n|rule|Sleep Clause Mod: Limit one foe put to sleep\n|clearpoke\n|poke|p1|Landorus-Therian, M|\n|poke|p1|Serperior, F|\n|poke|p1|Moltres-Galar|\n|poke|p1|Melmetal|\n|poke|p1|Gyarados, F|\n|poke|p1|Volcarona, M|\n|poke|p2|Tapu Koko|\n|poke|p2|Hawlucha, F|\n|poke|p2|Glalie, F|\n|poke|p2|Tapu Fini|\n|poke|p2|Landorus-Therian, M|\n|poke|p2|Jirachi|\n|teampreview\n|inactive|Battle timer is ON: inactive players will automatically lose when time's up. (requested by lou dort)\n|c|\u2606Shooriken|Hf\n|j| misplayin\n|inactive|Shooriken has 270 seconds left.\n|inactive|lou dort has 270 seconds left.\n|c| misplayin|gl friends\n|\n|t:|1665236688\n|start\n|switch|p1a: Serperior|Serperior, F|100\/100\n|switch|p2a: Glalie|Glalie, F, shiny|100\/100\n|turn|1\n|\n|t:|1665236695\n|switch|p1a: Melmetal|Melmetal|100\/100\n|detailschange|p2a: Glalie|Glalie-Mega, F, shiny\n|-mega|p2a: Glalie|Glalie|Glalitite\n|move|p2a: Glalie|Return|p1a: Melmetal\n|-resisted|p1a: Melmetal\n|-damage|p1a: Melmetal|82\/100\n|\n|upkeep\n|turn|2\n|\n|t:|1665236715\n|switch|p2a: Landorus|Landorus-Therian, M|100\/100\n|-ability|p2a: Landorus|Intimidate|boost\n|-unboost|p1a: Melmetal|atk|1\n|switch|p1a: Volcarona|Volcarona, M|100\/100\n|\n|upkeep\n|turn|3\n|\n|t:|1665236734\n|move|p1a: Volcarona|Flamethrower|p2a: Landorus\n|-damage|p2a: Landorus|51\/100\n|move|p2a: Landorus|Earthquake|p1a: Volcarona\n|-damage|p1a: Volcarona|25\/100\n|\n|upkeep\n|turn|4\n|\n|t:|1665236738\n|move|p1a: Volcarona|Flamethrower|p2a: Landorus\n|-damage|p2a: Landorus|1\/100\n|move|p2a: Landorus|Stealth Rock|p1a: Volcarona\n|-sidestart|p1: Shooriken|move: Stealth Rock\n|\n|upkeep\n|turn|5\n|\n|t:|1665236743\n|move|p1a: Volcarona|Flamethrower|p2a: Landorus\n|-damage|p2a: Landorus|0 fnt\n|faint|p2a: Landorus\n|\n|upkeep\n|\n|t:|1665236749\n|switch|p2a: Tapu Koko|Tapu Koko, shiny|100\/100\n|-fieldstart|move: Electric Terrain|[from] ability: Electric Surge|[of] p2a: Tapu Koko\n|turn|6\n|\n|t:|1665236752\n|move|p2a: Tapu Koko|Hidden Power|p1a: Volcarona\n|-resisted|p1a: Volcarona\n|-damage|p1a: Volcarona|16\/100\n|move|p1a: Volcarona|Flamethrower|p2a: Tapu Koko\n|-damage|p2a: Tapu Koko|27\/100\n|\n|upkeep\n|turn|7\n|\n|t:|1665236755\n|move|p2a: Tapu Koko|Thunderbolt|p1a: Volcarona\n|-damage|p1a: Volcarona|0 fnt\n|faint|p1a: Volcarona\n|\n|upkeep\n|\n|t:|1665236764\n|switch|p1a: Serperior|Serperior, F|100\/100\n|-damage|p1a: Serperior|88\/100|[from] Stealth Rock\n|turn|8\n|\n|t:|1665236769\n|switch|p2a: Jirachi|Jirachi, shiny|100\/100\n|move|p1a: Serperior|Leaf Storm|p2a: Jirachi\n|-resisted|p2a: Jirachi\n|-damage|p2a: Jirachi|76\/100\n|-boost|p1a: Serperior|spa|2\n|\n|upkeep\n|turn|9\n|\n|t:|1665236772\n|move|p1a: Serperior|Hidden Power|p2a: Jirachi\n|-supereffective|p2a: Jirachi\n|-damage|p2a: Jirachi|14\/100\n|-zpower|p2a: Jirachi\n|move|p2a: Jirachi|Z-Happy Hour|p2a: Jirachi|[anim]Happy Hour\n|-boost|p2a: Jirachi|atk|1|[zeffect]\n|-boost|p2a: Jirachi|def|1|[zeffect]\n|-boost|p2a: Jirachi|spa|1|[zeffect]\n|-boost|p2a: Jirachi|spd|1|[zeffect]\n|-boost|p2a: Jirachi|spe|1|[zeffect]\n|\n|upkeep\n|turn|10\n|\n|t:|1665236782\n|move|p2a: Jirachi|Iron Head|p1a: Serperior\n|-damage|p1a: Serperior|40\/100\n|-damage|p2a: Jirachi|0 fnt|[from] item: Rocky Helmet|[of] p1a: Serperior\n|faint|p2a: Jirachi\n|cant|p1a: Serperior|flinch\n|\n|-fieldend|move: Electric Terrain\n|upkeep\n|\n|t:|1665236796\n|switch|p2a: Tapu Koko|Tapu Koko, shiny|27\/100\n|-fieldstart|move: Electric Terrain|[from] ability: Electric Surge|[of] p2a: Tapu Koko\n|turn|11\n|\n|t:|1665236805\n|move|p2a: Tapu Koko|Hidden Power|p1a: Serperior\n|-supereffective|p1a: Serperior\n|-damage|p1a: Serperior|0 fnt\n|faint|p1a: Serperior\n|\n|upkeep\n|\n|t:|1665236831\n|switch|p1a: Gyarados|Gyarados, F|100\/100\n|-damage|p1a: Gyarados|76\/100|[from] Stealth Rock\n|-ability|p1a: Gyarados|Intimidate|boost\n|-unboost|p2a: Tapu Koko|atk|1\n|turn|12\n|\n|t:|1665236834\n|detailschange|p1a: Gyarados|Gyarados-Mega, F\n|-mega|p1a: Gyarados|Gyarados|Gyaradosite\n|-ability|p1a: Gyarados|Mold Breaker\n|move|p2a: Tapu Koko|Roost|p2a: Tapu Koko\n|-heal|p2a: Tapu Koko|77\/100\n|-singleturn|p2a: Tapu Koko|move: Roost\n|move|p1a: Gyarados|Power Whip|p2a: Tapu Koko\n|-damage|p2a: Tapu Koko|12\/100\n|\n|upkeep\n|turn|13\n|\n|t:|1665236847\n|switch|p2a: Hawlucha|Hawlucha, F|100\/100\n|-enditem|p2a: Hawlucha|Electric Seed\n|-boost|p2a: Hawlucha|def|1|[from] item: Electric Seed\n|move|p1a: Gyarados|Dragon Dance|p1a: Gyarados\n|-boost|p1a: Gyarados|atk|1\n|-boost|p1a: Gyarados|spe|1\n|\n|upkeep\n|turn|14\n|\n|t:|1665236853\n|switch|p1a: Landorus|Landorus-Therian, M|100\/100\n|-damage|p1a: Landorus|88\/100|[from] Stealth Rock\n|-ability|p1a: Landorus|Intimidate|boost\n|-unboost|p2a: Hawlucha|atk|1\n|move|p2a: Hawlucha|Substitute|p2a: Hawlucha\n|-start|p2a: Hawlucha|Substitute\n|-damage|p2a: Hawlucha|76\/100\n|\n|upkeep\n|turn|15\n|\n|t:|1665236859\n|move|p2a: Hawlucha|Swords Dance|p2a: Hawlucha\n|-boost|p2a: Hawlucha|atk|2\n|move|p1a: Landorus|Explosion|p2a: Hawlucha\n|-end|p2a: Hawlucha|Substitute\n|faint|p1a: Landorus\n|\n|-fieldend|move: Electric Terrain\n|upkeep\n|\n|t:|1665236861\n|switch|p1a: Melmetal|Melmetal|82\/100\n|-damage|p1a: Melmetal|75\/100|[from] Stealth Rock\n|turn|16\n|\n|t:|1665236863\n|move|p2a: Hawlucha|Close Combat|p1a: Melmetal\n|-supereffective|p1a: Melmetal\n|-enditem|p1a: Melmetal|Chople Berry|[eat]\n|-enditem|p1a: Melmetal|Chople Berry|[weaken]\n|-damage|p1a: Melmetal|24\/100\n|-unboost|p2a: Hawlucha|def|1\n|-unboost|p2a: Hawlucha|spd|1\n|move|p1a: Melmetal|Double Iron Bash|p2a: Hawlucha\n|-damage|p2a: Hawlucha|13\/100\n|-damage|p2a: Hawlucha|0 fnt\n|faint|p2a: Hawlucha\n|-hitcount|p2: Hawlucha|2\n|\n|upkeep\n|\n|t:|1665236869\n|switch|p2a: Tapu Koko|Tapu Koko, shiny|12\/100\n|-fieldstart|move: Electric Terrain|[from] ability: Electric Surge|[of] p2a: Tapu Koko\n|turn|17\n|\n|t:|1665236871\n|move|p2a: Tapu Koko|Thunderbolt|p1a: Melmetal\n|-damage|p1a: Melmetal|0 fnt\n|faint|p1a: Melmetal\n|\n|upkeep\n|\n|t:|1665236874\n|switch|p1a: Moltres|Moltres-Galar|100\/100\n|-damage|p1a: Moltres|76\/100|[from] Stealth Rock\n|turn|18\n|\n|t:|1665236876\n|move|p2a: Tapu Koko|Thunderbolt|p1a: Moltres\n|-supereffective|p1a: Moltres\n|-damage|p1a: Moltres|0 fnt\n|faint|p1a: Moltres\n|\n|upkeep\n|c|\u2606Shooriken|Gg wp\n|c|\u2606Shooriken|Close one\n|\n|t:|1665236885\n|switch|p1a: Gyarados|Gyarados-Mega, F|76\/100\n|-damage|p1a: Gyarados|63\/100|[from] Stealth Rock\n|-ability|p1a: Gyarados|Mold Breaker\n|turn|19\n|\n|t:|1665236887\n|move|p2a: Tapu Koko|Thunderbolt|p1a: Gyarados\n|-supereffective|p1a: Gyarados\n|-damage|p1a: Gyarados|0 fnt\n|faint|p1a: Gyarados\n|\n|win|lou dort\n","uploadtime":1665236892,"views":22,"p1id":"shooriken","p2id":"loudort","formatid":"gen8nationaldex","rating":0,"private":0,"password":null}