{"id":"gen8ou-1347092637","p1":"OldBoyASM","p2":"im tofa","format":"gen8ou","log":"|j|\u2606OldBoyASM\n|j|\u2606im tofa\n|t:|1621949612\n|gametype|singles\n|player|p1|OldBoyASM|170|1628\n|player|p2|im tofa|battlegirl-gen4|1577\n|teamsize|p1|6\n|teamsize|p2|6\n|gen|8\n|tier|[Gen 8] OU\n|rated|\n|rule|Sleep Clause Mod: Limit one foe put to sleep\n|rule|Species Clause: Limit one of each Pok\u00e9mon\n|rule|OHKO Clause: OHKO moves are banned\n|rule|Evasion Moves Clause: Evasion moves are banned\n|rule|Endless Battle Clause: Forcing endless battles is banned\n|rule|HP Percentage Mod: HP is shown in percentages\n|rule|Dynamax Clause: You cannot dynamax\n|clearpoke\n|poke|p1|Bisharp, F|\n|poke|p1|Blacephalon|\n|poke|p1|Rillaboom, F|\n|poke|p1|Zapdos-Galar|\n|poke|p1|Kommo-o, M|\n|poke|p1|Scolipede, M|\n|poke|p2|Heatran, M|\n|poke|p2|Dragonite, M|\n|poke|p2|Scizor, F|\n|poke|p2|Garchomp, F|\n|poke|p2|Urshifu-*, F|\n|poke|p2|Magnezone|\n|teampreview\n|inactive|Battle timer is ON: inactive players will automatically lose when time's up. (requested by OldBoyASM)\n|inactive|im tofa has 120 seconds left.\n|inactive|im tofa has 90 seconds left.\n|\n|t:|1621949696\n|start\n|switch|p1a: Scolipede|Scolipede, M|100\/100\n|switch|p2a: Dragonite|Dragonite, M|100\/100\n|turn|1\n|\n|t:|1621949713\n|move|p1a: Scolipede|Spikes|p2a: Dragonite\n|-sidestart|p2: im tofa|Spikes\n|move|p2a: Dragonite|Earthquake|p1a: Scolipede\n|-damage|p1a: Scolipede|66\/100\n|\n|-ability|p1a: Scolipede|Speed Boost|boost\n|-boost|p1a: Scolipede|spe|1\n|upkeep\n|turn|2\n|\n|t:|1621949719\n|move|p1a: Scolipede|Endeavor|p2a: Dragonite\n|-damage|p2a: Dragonite|55\/100\n|move|p2a: Dragonite|Earthquake|p1a: Scolipede\n|-damage|p1a: Scolipede|33\/100\n|\n|-ability|p1a: Scolipede|Speed Boost|boost\n|-boost|p1a: Scolipede|spe|1\n|upkeep\n|turn|3\n|\n|t:|1621949728\n|move|p1a: Scolipede|Endeavor|p2a: Dragonite\n|-damage|p2a: Dragonite|27\/100\n|move|p2a: Dragonite|Earthquake|p1a: Scolipede\n|-crit|p1a: Scolipede\n|-damage|p1a: Scolipede|0 fnt\n|faint|p1a: Scolipede\n|\n|upkeep\n|\n|t:|1621949735\n|switch|p1a: Blacephalon|Blacephalon|100\/100\n|turn|4\n|\n|t:|1621949751\n|switch|p2a: Heatran|Heatran, M|100\/100\n|-damage|p2a: Heatran|88\/100|[from] Spikes\n|move|p1a: Blacephalon|Shadow Ball|p2a: Heatran\n|-damage|p2a: Heatran|51\/100\n|\n|-heal|p2a: Heatran|57\/100|[from] item: Leftovers\n|upkeep\n|turn|5\n|\n|t:|1621949762\n|move|p1a: Blacephalon|Shadow Ball|p2a: Heatran\n|-damage|p2a: Heatran|24\/100\n|move|p2a: Heatran|Stealth Rock|p1a: Blacephalon\n|-sidestart|p1: OldBoyASM|move: Stealth Rock\n|\n|-heal|p2a: Heatran|30\/100|[from] item: Leftovers\n|upkeep\n|turn|6\n|inactive|im tofa has 120 seconds left.\n|\n|t:|1621949791\n|move|p1a: Blacephalon|Shadow Ball|p2a: Heatran\n|-damage|p2a: Heatran|0 fnt\n|faint|p2a: Heatran\n|-ability|p1a: Blacephalon|Beast Boost|boost\n|-boost|p1a: Blacephalon|spa|1\n|\n|upkeep\n|inactive|im tofa has 120 seconds left.\n|\n|t:|1621949797\n|switch|p2a: Urshifu|Urshifu-Rapid-Strike, F|100\/100\n|-damage|p2a: Urshifu|88\/100|[from] Spikes\n|turn|7\n|\n|t:|1621949800\n|move|p2a: Urshifu|Aqua Jet|p1a: Blacephalon\n|-supereffective|p1a: Blacephalon\n|-damage|p1a: Blacephalon|0 fnt\n|faint|p1a: Blacephalon\n|\n|upkeep\n|\n|t:|1621949804\n|switch|p1a: Rillaboom|Rillaboom, F|100\/100\n|-damage|p1a: Rillaboom|88\/100|[from] Stealth Rock\n|-fieldstart|move: Grassy Terrain|[from] ability: Grassy Surge|[of] p1a: Rillaboom\n|-enditem|p1a: Rillaboom|Grassy Seed\n|-boost|p1a: Rillaboom|def|1|[from] item: Grassy Seed\n|turn|8\n|\n|t:|1621949816\n|switch|p2a: Dragonite|Dragonite, M|27\/100\n|move|p1a: Rillaboom|Swords Dance|p1a: Rillaboom\n|-boost|p1a: Rillaboom|atk|2\n|\n|-heal|p1a: Rillaboom|94\/100|[from] Grassy Terrain\n|upkeep\n|turn|9\n|\n|t:|1621949819\n|move|p1a: Rillaboom|Acrobatics|p2a: Dragonite\n|-damage|p2a: Dragonite|0 fnt\n|faint|p2a: Dragonite\n|\n|-heal|p1a: Rillaboom|100\/100|[from] Grassy Terrain\n|upkeep\n|\n|t:|1621949831\n|switch|p2a: Scizor|Scizor, F|100\/100\n|-damage|p2a: Scizor|88\/100|[from] Spikes\n|turn|10\n|\n|t:|1621949854\n|move|p1a: Rillaboom|Drain Punch|p2a: Scizor\n|-damage|p2a: Scizor|41\/100\n|move|p2a: Scizor|U-turn|p1a: Rillaboom\n|-supereffective|p1a: Rillaboom\n|-damage|p1a: Rillaboom|58\/100\n|\n|t:|1621949867\n|switch|p2a: Garchomp|Garchomp, F|100\/100|[from]move: U-turn\n|-damage|p2a: Garchomp|88\/100|[from] Spikes\n|\n|-heal|p2a: Garchomp|94\/100|[from] Grassy Terrain\n|-heal|p1a: Rillaboom|64\/100|[from] Grassy Terrain\n|upkeep\n|turn|11\n|inactive|im tofa has 120 seconds left.\n|\n|t:|1621949883\n|switch|p2a: Scizor|Scizor, F|41\/100\n|-damage|p2a: Scizor|29\/100|[from] Spikes\n|move|p1a: Rillaboom|Grassy Glide|p2a: Scizor\n|-resisted|p2a: Scizor\n|-damage|p2a: Scizor|6\/100\n|\n|-heal|p1a: Rillaboom|70\/100|[from] Grassy Terrain\n|-heal|p2a: Scizor|12\/100|[from] Grassy Terrain\n|-heal|p2a: Scizor|18\/100|[from] item: Leftovers\n|upkeep\n|turn|12\n|\n|t:|1621949892\n|move|p2a: Scizor|Bullet Punch|p1a: Rillaboom\n|-damage|p1a: Rillaboom|49\/100\n|move|p1a: Rillaboom|Drain Punch|p2a: Scizor\n|-damage|p2a: Scizor|0 fnt\n|-heal|p1a: Rillaboom|58\/100|[from] drain|[of] p2a: Scizor\n|faint|p2a: Scizor\n|\n|-heal|p1a: Rillaboom|64\/100|[from] Grassy Terrain\n|-fieldend|move: Grassy Terrain\n|upkeep\n|\n|t:|1621949902\n|switch|p2a: Urshifu|Urshifu-Rapid-Strike, F|88\/100\n|-damage|p2a: Urshifu|76\/100|[from] Spikes\n|turn|13\n|inactive|im tofa has 120 seconds left.\n|\n|t:|1621949925\n|switch|p1a: Bisharp|Bisharp, F|100\/100\n|-damage|p1a: Bisharp|95\/100|[from] Stealth Rock\n|move|p2a: Urshifu|Close Combat|p1a: Bisharp\n|-supereffective|p1a: Bisharp\n|-damage|p1a: Bisharp|0 fnt\n|-unboost|p2a: Urshifu|def|1\n|-unboost|p2a: Urshifu|spd|1\n|faint|p1a: Bisharp\n|\n|upkeep\n|\n|t:|1621949928\n|switch|p1a: Zapdos|Zapdos-Galar|100\/100\n|-damage|p1a: Zapdos|88\/100|[from] Stealth Rock\n|turn|14\n|inactive|im tofa has 120 seconds left.\n|\n|t:|1621949939\n|switch|p2a: Magnezone|Magnezone|100\/100\n|-damage|p2a: Magnezone|88\/100|[from] Spikes\n|move|p1a: Zapdos|Close Combat|p2a: Magnezone\n|-supereffective|p2a: Magnezone\n|-damage|p2a: Magnezone|0 fnt\n|-unboost|p1a: Zapdos|def|1\n|-unboost|p1a: Zapdos|spd|1\n|faint|p2a: Magnezone\n|\n|upkeep\n|inactive|im tofa has 120 seconds left.\n|\n|t:|1621949955\n|switch|p2a: Garchomp|Garchomp, F|94\/100\n|-damage|p2a: Garchomp|82\/100|[from] Spikes\n|turn|15\n|\n|t:|1621949967\n|move|p1a: Zapdos|Close Combat|p2a: Garchomp\n|-crit|p2a: Garchomp\n|-damage|p2a: Garchomp|0 fnt\n|-unboost|p1a: Zapdos|def|1\n|-unboost|p1a: Zapdos|spd|1\n|-damage|p1a: Zapdos|76\/100|[from] ability: Rough Skin|[of] p2a: Garchomp\n|faint|p2a: Garchomp\n|\n|upkeep\n|\n|t:|1621949975\n|switch|p2a: Urshifu|Urshifu-Rapid-Strike, F|76\/100\n|-damage|p2a: Urshifu|64\/100|[from] Spikes\n|turn|16\n|\n|t:|1621949978\n|move|p2a: Urshifu|Aqua Jet|p1a: Zapdos\n|-damage|p1a: Zapdos|0 fnt\n|faint|p1a: Zapdos\n|\n|upkeep\n|\n|t:|1621949981\n|switch|p1a: Rillaboom|Rillaboom, F|64\/100\n|-damage|p1a: Rillaboom|52\/100|[from] Stealth Rock\n|-fieldstart|move: Grassy Terrain|[from] ability: Grassy Surge|[of] p1a: Rillaboom\n|turn|17\n|\n|t:|1621949984\n|move|p2a: Urshifu|Aqua Jet|p1a: Rillaboom\n|-resisted|p1a: Rillaboom\n|-damage|p1a: Rillaboom|33\/100\n|move|p1a: Rillaboom|Grassy Glide|p2a: Urshifu\n|-supereffective|p2a: Urshifu\n|-damage|p2a: Urshifu|0 fnt\n|faint|p2a: Urshifu\n|\n|win|OldBoyASM\n|raw|OldBoyASM's rating: 1627 &rarr; <strong>1644<\/strong><br \/>(+17 for winning)\n|raw|im tofa's rating: 1577 &rarr; <strong>1560<\/strong><br \/>(-17 for losing)\n|l|\u2606OldBoyASM\n|c|\u2606im tofa|sry\n|c|\u2606im tofa|gg\n","uploadtime":1621949989,"views":50,"p1id":"oldboyasm","p2id":"imtofa","formatid":"gen8ou","rating":1560,"private":0,"password":null}