{"id":"gen8sharedpower-1703911543","p1":"IIIodyne","p2":"kid1318","format":"gen8sharedpower","log":"|j|\u2606IIIodyne\n|j|\u2606kid1318\n|inactive|Battle timer is ON: inactive players will automatically lose when time's up.\n|t:|1667711060\n|gametype|singles\n|player|p1|IIIodyne|jasmine-gen2|\n|player|p2|kid1318|liza|\n|teamsize|p1|6\n|teamsize|p2|6\n|gen|8\n|tier|[Gen 8] Shared Power\n|rated|Tournament battle\n|rule|Species Clause: Limit one of each Pok\u00e9mon\n|rule|OHKO Clause: OHKO moves are banned\n|rule|Evasion Moves Clause: Evasion moves are banned\n|rule|Endless Battle Clause: Forcing endless battles is banned\n|rule|Dynamax Clause: You cannot dynamax\n|rule|HP Percentage Mod: HP is shown in percentages\n|rule|Sleep Clause Mod: Limit one foe put to sleep\n|clearpoke\n|poke|p1|Ferrothorn, F|\n|poke|p1|Mudsdale, F|\n|poke|p1|Heatran, M|\n|poke|p1|Bewear, F|\n|poke|p1|Weezing-Galar, M|\n|poke|p1|Frosmoth, F|\n|poke|p2|Excadrill, F|\n|poke|p2|Celesteela|\n|poke|p2|Gyarados, M|\n|poke|p2|Scizor, M|\n|poke|p2|Azelf|\n|poke|p2|Keldeo-Resolute|\n|teampreview\n|inactive|IIIodyne also wants the timer to be on.\n|inactive|kid1318 also wants the timer to be on.\n|c|\u2606IIIodyne|hf\n|c|\u2606kid1318|u2\n|\n|t:|1667711070\n|start\n|switch|p1a: Mudsdale|Mudsdale, F|100\/100\n|switch|p2a: Gyarados|Gyarados, M|100\/100\n|turn|1\n|inactive|kid1318 has 120 seconds left.\n|\n|t:|1667711101\n|switch|p1a: Bewear|Bewear, F|100\/100\n|move|p2a: Gyarados|Dragon Dance|p2a: Gyarados\n|-boost|p2a: Gyarados|atk|1\n|-boost|p2a: Gyarados|spe|1\n|\n|upkeep\n|turn|2\n|\n|t:|1667711111\n|switch|p2a: Celesteela|Celesteela|100\/100\n|move|p1a: Bewear|Roar|p2a: Celesteela\n|drag|p2a: Scizor|Scizor, M|100\/100\n|\n|upkeep\n|turn|3\n|\n|t:|1667711120\n|switch|p2a: Azelf|Azelf|100\/100\n|switch|p1a: Ferrothorn|Ferrothorn, F|100\/100\n|\n|upkeep\n|turn|4\n|j| Enchidio\n|\n|t:|1667711127\n|switch|p2a: Gyarados|Gyarados, M|100\/100\n|move|p1a: Ferrothorn|Knock Off|p2a: Gyarados\n|-damage|p2a: Gyarados|76\/100\n|-enditem|p2a: Gyarados|Mystic Water|[from] move: Knock Off|[of] p1a: Ferrothorn\n|\n|upkeep\n|turn|5\n|\n|t:|1667711136\n|move|p2a: Gyarados|Dragon Dance|p2a: Gyarados\n|-boost|p2a: Gyarados|atk|1\n|-boost|p2a: Gyarados|spe|1\n|move|p1a: Ferrothorn|Leech Seed|p2a: Gyarados\n|-start|p2a: Gyarados|move: Leech Seed\n|\n|-damage|p2a: Gyarados|64\/100|[from] Leech Seed|[of] p1a: Ferrothorn\n|upkeep\n|turn|6\n|\n|t:|1667711165\n|move|p1a: Ferrothorn|Protect|p1a: Ferrothorn\n|-singleturn|p1a: Ferrothorn|Protect\n|move|p2a: Gyarados|Ice Fang|p1a: Ferrothorn\n|-activate|p1a: Ferrothorn|move: Protect\n|\n|-damage|p2a: Gyarados|51\/100|[from] Leech Seed|[of] p1a: Ferrothorn\n|upkeep\n|turn|7\n|\n|t:|1667711179\n|switch|p2a: Keldeo|Keldeo-Resolute|100\/100\n|switch|p1a: Heatran|Heatran, M|100\/100\n|\n|upkeep\n|turn|8\n|l| Enchidio\n|\n|t:|1667711195\n|switch|p2a: Excadrill|Excadrill, F|100\/100\n|switch|p1a: Frosmoth|Frosmoth, F|100\/100\n|\n|upkeep\n|turn|9\n|inactive|kid1318 has 120 seconds left.\n|inactive|IIIodyne has 120 seconds left.\n|\n|t:|1667711233\n|switch|p1a: Weezing|Weezing-Galar, M|100\/100\n|move|p2a: Excadrill|Rock Tomb|p1a: Weezing\n|-damage|p1a: Weezing|79\/100\n|-unboost|p1a: Weezing|spe|1\n|-ability|p1a: Weezing|Stamina|boost\n|-boost|p1a: Weezing|def|1\n|\n|upkeep\n|turn|10\n|inactive|IIIodyne has 120 seconds left.\n|inactive|kid1318 has 120 seconds left.\n|\n|t:|1667711244\n|switch|p1a: Heatran|Heatran, M|100\/100\n|move|p2a: Excadrill|Earthquake|p1a: Heatran\n|-immune|p1a: Heatran|[from] ability: Levitate\n|\n|upkeep\n|turn|11\n|\n|t:|1667711252\n|switch|p2a: Keldeo|Keldeo-Resolute|100\/100\n|move|p1a: Heatran|Magma Storm|p2a: Keldeo\n|-resisted|p2a: Keldeo\n|-damage|p2a: Keldeo|77\/100\n|-activate|p2a: Keldeo|move: Magma Storm|[of] p1a: Heatran\n|\n|-heal|p2a: Keldeo|83\/100|[from] item: Leftovers\n|-damage|p2a: Keldeo|71\/100|[from] move: Magma Storm|[partiallytrapped]\n|upkeep\n|turn|12\n|inactive|IIIodyne has 120 seconds left.\n|\n|t:|1667711272\n|switch|p1a: Ferrothorn|Ferrothorn, F|100\/100\n|move|p2a: Keldeo|Scald|p1a: Ferrothorn\n|-resisted|p1a: Ferrothorn\n|-damage|p1a: Ferrothorn|93\/100\n|-ability|p1a: Ferrothorn|Stamina|boost\n|-boost|p1a: Ferrothorn|def|1\n|\n|-heal|p2a: Keldeo|77\/100|[from] item: Leftovers\n|-heal|p1a: Ferrothorn|99\/100|[from] item: Leftovers\n|-end|p2a: Keldeo|Magma Storm|[partiallytrapped]|[silent]\n|upkeep\n|turn|13\n|\n|t:|1667711284\n|move|p2a: Keldeo|Secret Sword|p1a: Ferrothorn\n|-supereffective|p1a: Ferrothorn\n|-damage|p1a: Ferrothorn|81\/100\n|-ability|p1a: Ferrothorn|Stamina|boost\n|-boost|p1a: Ferrothorn|def|1\n|move|p1a: Ferrothorn|Knock Off|p2a: Keldeo\n|-resisted|p2a: Keldeo\n|-damage|p2a: Keldeo|64\/100\n|-ability|p2a: Keldeo|Justified|boost\n|-boost|p2a: Keldeo|atk|1\n|-enditem|p2a: Keldeo|Leftovers|[from] move: Knock Off|[of] p1a: Ferrothorn\n|\n|-heal|p1a: Ferrothorn|87\/100|[from] item: Leftovers\n|upkeep\n|turn|14\n|\n|t:|1667711293\n|move|p2a: Keldeo|Calm Mind|p2a: Keldeo\n|-boost|p2a: Keldeo|spa|1\n|-boost|p2a: Keldeo|spd|1\n|move|p1a: Ferrothorn|Leech Seed|p2a: Keldeo\n|-start|p2a: Keldeo|move: Leech Seed\n|\n|-heal|p1a: Ferrothorn|93\/100|[from] item: Leftovers\n|-damage|p2a: Keldeo|52\/100|[from] Leech Seed|[of] p1a: Ferrothorn\n|-heal|p1a: Ferrothorn|100\/100|[silent]\n|upkeep\n|turn|15\n|\n|t:|1667711297\n|move|p1a: Ferrothorn|Protect|p1a: Ferrothorn\n|-singleturn|p1a: Ferrothorn|Protect\n|move|p2a: Keldeo|Calm Mind|p2a: Keldeo\n|-boost|p2a: Keldeo|spa|1\n|-boost|p2a: Keldeo|spd|1\n|\n|-damage|p2a: Keldeo|40\/100|[from] Leech Seed|[of] p1a: Ferrothorn\n|upkeep\n|turn|16\n|\n|t:|1667711301\n|move|p2a: Keldeo|Secret Sword|p1a: Ferrothorn\n|-supereffective|p1a: Ferrothorn\n|-damage|p1a: Ferrothorn|76\/100\n|-ability|p1a: Ferrothorn|Stamina|boost\n|-boost|p1a: Ferrothorn|def|1\n|move|p1a: Ferrothorn|Body Press|p2a: Keldeo\n|-damage|p2a: Keldeo|0 fnt\n|faint|p2a: Keldeo\n|\n|-heal|p1a: Ferrothorn|83\/100|[from] item: Leftovers\n|upkeep\n|\n|t:|1667711308\n|switch|p2a: Celesteela|Celesteela|100\/100\n|turn|17\n|\n|t:|1667711313\n|move|p2a: Celesteela|Fire Blast|p1a: Ferrothorn\n|-start|p1a: Ferrothorn|ability: Flash Fire\n|move|p1a: Ferrothorn|Leech Seed|p2a: Celesteela\n|-start|p2a: Celesteela|move: Leech Seed\n|\n|-heal|p1a: Ferrothorn|89\/100|[from] item: Leftovers\n|-damage|p2a: Celesteela|88\/100|[from] Leech Seed|[of] p1a: Ferrothorn\n|-heal|p1a: Ferrothorn|100\/100|[silent]\n|upkeep\n|turn|18\n|c|\u2606IIIodyne|:)\n|\n|t:|1667711326\n|switch|p2a: Scizor|Scizor, M|100\/100\n|move|p1a: Ferrothorn|Knock Off|p2a: Scizor\n|-damage|p2a: Scizor|74\/100\n|-ability|p2a: Scizor|Justified|boost\n|-boost|p2a: Scizor|atk|1\n|-enditem|p2a: Scizor|Life Orb|[from] move: Knock Off|[of] p1a: Ferrothorn\n|\n|upkeep\n|turn|19\n|\n|t:|1667711353\n|move|p2a: Scizor|Knock Off|p1a: Ferrothorn\n|-damage|p1a: Ferrothorn|93\/100\n|-damage|p2a: Scizor|62\/100|[from] ability: Iron Barbs|[of] p1a: Ferrothorn\n|-ability|p1a: Ferrothorn|Stamina|boost\n|-boost|p1a: Ferrothorn|def|1\n|-enditem|p1a: Ferrothorn|Leftovers|[from] move: Knock Off|[of] p2a: Scizor\n|move|p1a: Ferrothorn|Leech Seed|p2a: Scizor\n|-start|p2a: Scizor|move: Leech Seed\n|\n|-damage|p2a: Scizor|49\/100|[from] Leech Seed|[of] p1a: Ferrothorn\n|-heal|p1a: Ferrothorn|100\/100|[silent]\n|upkeep\n|turn|20\n|c|\u2606kid1318|i dont think even plus 6 aura sphere would do anything\n|c|\u2606IIIodyne|nah\n|\n|t:|1667711373\n|switch|p2a: Azelf|Azelf|100\/100\n|move|p1a: Ferrothorn|Body Press|p2a: Azelf\n|-resisted|p2a: Azelf\n|-damage|p2a: Azelf|30\/100\n|\n|upkeep\n|turn|21\n|\n|t:|1667711378\n|move|p1a: Ferrothorn|Protect|p1a: Ferrothorn\n|-singleturn|p1a: Ferrothorn|Protect\n|move|p2a: Azelf|Flamethrower|p1a: Ferrothorn\n|-activate|p1a: Ferrothorn|move: Protect\n|\n|upkeep\n|turn|22\n|\n|t:|1667711382\n|move|p2a: Azelf|Nasty Plot|p2a: Azelf\n|-boost|p2a: Azelf|spa|2\n|move|p1a: Ferrothorn|Knock Off|p2a: Azelf\n|-supereffective|p2a: Azelf\n|-damage|p2a: Azelf|0 fnt\n|-enditem|p2a: Azelf|Expert Belt|[from] move: Knock Off|[of] p1a: Ferrothorn\n|faint|p2a: Azelf\n|\n|upkeep\n|\n|t:|1667711388\n|switch|p2a: Celesteela|Celesteela|88\/100\n|turn|23\n|\n|t:|1667711416\n|move|p2a: Celesteela|Air Slash|p1a: Ferrothorn\n|-damage|p1a: Ferrothorn|85\/100\n|-ability|p1a: Ferrothorn|Stamina|boost\n|-boost|p1a: Ferrothorn|def|1\n|move|p1a: Ferrothorn|Leech Seed|p2a: Celesteela\n|-start|p2a: Celesteela|move: Leech Seed\n|\n|-damage|p2a: Celesteela|76\/100|[from] Leech Seed|[of] p1a: Ferrothorn\n|-heal|p1a: Ferrothorn|97\/100|[silent]\n|upkeep\n|turn|24\n|\n|t:|1667711430\n|switch|p2a: Excadrill|Excadrill, F|100\/100\n|move|p1a: Ferrothorn|Knock Off|p2a: Excadrill\n|-damage|p2a: Excadrill|73\/100\n|-ability|p2a: Excadrill|Justified|boost\n|-boost|p2a: Excadrill|atk|1\n|-enditem|p2a: Excadrill|Focus Sash|[from] move: Knock Off|[of] p1a: Ferrothorn\n|\n|upkeep\n|turn|25\n|inactive|kid1318 has 120 seconds left.\n|\n|t:|1667711464\n|move|p2a: Excadrill|Earthquake|p1a: Ferrothorn\n|-immune|p1a: Ferrothorn|[from] ability: Levitate\n|move|p1a: Ferrothorn|Body Press|p2a: Excadrill\n|-supereffective|p2a: Excadrill\n|-damage|p2a: Excadrill|0 fnt\n|faint|p2a: Excadrill\n|\n|upkeep\n|\n|t:|1667711473\n|switch|p2a: Scizor|Scizor, M|49\/100\n|turn|26\n|\n|t:|1667711481\n|move|p2a: Scizor|Dual Wingbeat|p1a: Ferrothorn|[miss]\n|-miss|p2a: Scizor|p1a: Ferrothorn\n|move|p1a: Ferrothorn|Body Press|p2a: Scizor\n|-damage|p2a: Scizor|0 fnt\n|faint|p2a: Scizor\n|\n|upkeep\n|\n|t:|1667711484\n|switch|p2a: Gyarados|Gyarados, M|51\/100\n|turn|27\n|\n|t:|1667711491\n|move|p2a: Gyarados|Ice Fang|p1a: Ferrothorn\n|-damage|p1a: Ferrothorn|95\/100\n|-damage|p2a: Gyarados|39\/100|[from] ability: Iron Barbs|[of] p1a: Ferrothorn\n|-ability|p1a: Ferrothorn|Stamina|boost\n|-boost|p1a: Ferrothorn|def|1\n|move|p1a: Ferrothorn|Leech Seed|p2a: Gyarados\n|-start|p2a: Gyarados|move: Leech Seed\n|\n|-damage|p2a: Gyarados|26\/100|[from] Leech Seed|[of] p1a: Ferrothorn\n|-heal|p1a: Ferrothorn|100\/100|[silent]\n|upkeep\n|turn|28\n|c|\u2606IIIodyne|:)))\n|\n|t:|1667711503\n|move|p2a: Gyarados|Dragon Dance|p2a: Gyarados\n|-boost|p2a: Gyarados|atk|1\n|-boost|p2a: Gyarados|spe|1\n|move|p1a: Ferrothorn|Body Press|p2a: Gyarados\n|-resisted|p2a: Gyarados\n|-damage|p2a: Gyarados|0 fnt\n|faint|p2a: Gyarados\n|\n|upkeep\n|-message|kid1318 forfeited.\n|\n|win|IIIodyne\n|n|\u2606IIIodyne|iiiodyne\n|n|\u2606kid1318|kid1318\n","uploadtime":1667711505,"views":7,"p1id":"iiiodyne","p2id":"kid1318","formatid":"gen8sharedpower","rating":0,"private":0,"password":null}