{"id":"gen8ru-1675017002","p1":"JooshP","p2":"DanceOfHearts","format":"gen8ru","log":"|j|\u2606JooshP\n|j|\u2606DanceOfHearts\n|inactive|Battle timer is ON: inactive players will automatically lose when time's up.\n|t:|1664635588\n|gametype|singles\n|player|p1|JooshP|red|\n|player|p2|DanceOfHearts|rosa-masters|\n|teamsize|p1|6\n|teamsize|p2|6\n|gen|8\n|tier|[Gen 8] RU\n|rated|Tournament battle\n|rule|Sleep Clause Mod: Limit one foe put to sleep\n|rule|Species Clause: Limit one of each Pok\u00e9mon\n|rule|OHKO Clause: OHKO moves are banned\n|rule|Evasion Items Clause: Evasion items are banned\n|rule|Evasion Moves Clause: Evasion moves are banned\n|rule|Endless Battle Clause: Forcing endless battles is banned\n|rule|HP Percentage Mod: HP is shown in percentages\n|rule|Dynamax Clause: You cannot dynamax\n|clearpoke\n|poke|p1|Porygon2|\n|poke|p1|Chandelure, M|\n|poke|p1|Seismitoad, M|\n|poke|p1|Goodra, F|\n|poke|p1|Heracross, M|\n|poke|p1|Flygon, F|\n|poke|p2|Reuniclus, M|\n|poke|p2|Nidoqueen, F|\n|poke|p2|Crobat, M|\n|poke|p2|Dhelmise|\n|poke|p2|Klefki, F|\n|poke|p2|Guzzlord|\n|teampreview\n|j|*Lady Monita\n|inactive|DanceOfHearts also wants the timer to be on.\n|inactive|DanceOfHearts has 120 seconds left.\n|\n|t:|1664635621\n|start\n|switch|p1a: Seismitoad|Seismitoad, M|100\/100\n|switch|p2a: Crobat|Crobat, M|100\/100\n|turn|1\n|\n|t:|1664635626\n|move|p2a: Crobat|U-turn|p1a: Seismitoad\n|-damage|p1a: Seismitoad|88\/100\n|\n|t:|1664635630\n|switch|p2a: Dhelmise|Dhelmise|100\/100|[from]move: U-turn\n|move|p1a: Seismitoad|Knock Off|p2a: Dhelmise\n|-supereffective|p2a: Dhelmise\n|-damage|p2a: Dhelmise|52\/100\n|-enditem|p2a: Dhelmise|Heavy-Duty Boots|[from] move: Knock Off|[of] p1a: Seismitoad\n|\n|-heal|p1a: Seismitoad|94\/100|[from] item: Leftovers\n|upkeep\n|turn|2\n|\n|t:|1664635639\n|switch|p1a: Porygon2|Porygon2|100\/100\n|-ability|p1a: Porygon2|Steelworker|[from] ability: Trace|[of] p2a: Dhelmise\n|move|p2a: Dhelmise|Synthesis|p2a: Dhelmise\n|-heal|p2a: Dhelmise|100\/100\n|\n|upkeep\n|turn|3\n|\n|t:|1664635643\n|switch|p2a: Klefki|Klefki, F|100\/100\n|move|p1a: Porygon2|Teleport|p1a: Porygon2\n|\n|t:|1664635648\n|switch|p1a: Flygon|Flygon, F|100\/100|[from]move: Teleport\n|\n|upkeep\n|turn|4\n|\n|t:|1664635656\n|move|p2a: Klefki|Magnet Rise|p2a: Klefki\n|-start|p2a: Klefki|Magnet Rise\n|move|p1a: Flygon|Earthquake|p2a: Klefki\n|-immune|p2a: Klefki\n|\n|upkeep\n|turn|5\n|\n|t:|1664635662\n|switch|p1a: Seismitoad|Seismitoad, M|94\/100\n|move|p2a: Klefki|Spikes|p1a: Seismitoad\n|-sidestart|p1: JooshP|Spikes\n|\n|-heal|p1a: Seismitoad|99\/100|[from] item: Leftovers\n|upkeep\n|turn|6\n|\n|t:|1664635679\n|switch|p2a: Dhelmise|Dhelmise|100\/100\n|move|p1a: Seismitoad|Scald|p2a: Dhelmise\n|-resisted|p2a: Dhelmise\n|-damage|p2a: Dhelmise|88\/100\n|\n|-heal|p1a: Seismitoad|100\/100|[from] item: Leftovers\n|upkeep\n|turn|7\n|\n|t:|1664635690\n|switch|p1a: Porygon2|Porygon2|100\/100\n|-damage|p1a: Porygon2|88\/100|[from] Spikes\n|-ability|p1a: Porygon2|Steelworker|[from] ability: Trace|[of] p2a: Dhelmise\n|move|p2a: Dhelmise|Power Whip|p1a: Porygon2\n|-damage|p1a: Porygon2|46\/100\n|\n|upkeep\n|turn|8\n|\n|t:|1664635705\n|switch|p2a: Guzzlord|Guzzlord|100\/100\n|move|p1a: Porygon2|Ice Beam|p2a: Guzzlord\n|-supereffective|p2a: Guzzlord\n|-damage|p2a: Guzzlord|75\/100\n|-status|p2a: Guzzlord|frz\n|\n|-heal|p2a: Guzzlord|81\/100 frz|[from] item: Leftovers\n|upkeep\n|turn|9\n|\n|t:|1664635715\n|move|p1a: Porygon2|Recover|p1a: Porygon2\n|-heal|p1a: Porygon2|96\/100\n|-curestatus|p2a: Guzzlord|frz|[msg]\n|move|p2a: Guzzlord|Knock Off|p1a: Porygon2\n|-damage|p1a: Porygon2|67\/100\n|-enditem|p1a: Porygon2|Eviolite|[from] move: Knock Off|[of] p2a: Guzzlord\n|\n|-heal|p2a: Guzzlord|87\/100|[from] item: Leftovers\n|upkeep\n|turn|10\n|\n|t:|1664635718\n|move|p1a: Porygon2|Toxic|p2a: Guzzlord\n|-status|p2a: Guzzlord|tox\n|move|p2a: Guzzlord|Toxic|p1a: Porygon2\n|-status|p1a: Porygon2|tox\n|\n|-heal|p2a: Guzzlord|93\/100 tox|[from] item: Leftovers\n|-damage|p1a: Porygon2|61\/100 tox|[from] psn\n|-damage|p2a: Guzzlord|87\/100 tox|[from] psn\n|upkeep\n|turn|11\n|\n|t:|1664635723\n|switch|p2a: Crobat|Crobat, M|100\/100\n|move|p1a: Porygon2|Recover|p1a: Porygon2\n|-heal|p1a: Porygon2|100\/100 tox\n|\n|-damage|p1a: Porygon2|88\/100 tox|[from] psn\n|upkeep\n|turn|12\n|\n|t:|1664635727\n|move|p2a: Crobat|U-turn|p1a: Porygon2\n|-damage|p1a: Porygon2|69\/100 tox\n|\n|t:|1664635730\n|switch|p2a: Klefki|Klefki, F|100\/100|[from]move: U-turn\n|move|p1a: Porygon2|Teleport|p1a: Porygon2\n|\n|t:|1664635736\n|switch|p1a: Seismitoad|Seismitoad, M|100\/100|[from]move: Teleport\n|-damage|p1a: Seismitoad|88\/100|[from] Spikes\n|\n|-heal|p1a: Seismitoad|94\/100|[from] item: Leftovers\n|upkeep\n|turn|13\n|\n|t:|1664635740\n|switch|p2a: Guzzlord|Guzzlord|87\/100 tox\n|move|p1a: Seismitoad|Stealth Rock|p2a: Guzzlord\n|-sidestart|p2: DanceOfHearts|move: Stealth Rock\n|\n|-heal|p1a: Seismitoad|99\/100|[from] item: Leftovers\n|-heal|p2a: Guzzlord|93\/100 tox|[from] item: Leftovers\n|-damage|p2a: Guzzlord|87\/100 tox|[from] psn\n|upkeep\n|turn|14\n|\n|t:|1664635743\n|switch|p1a: Porygon2|Porygon2|69\/100 tox\n|-damage|p1a: Porygon2|57\/100 tox|[from] Spikes\n|-ability|p1a: Porygon2|Beast Boost|[from] ability: Trace|[of] p2a: Guzzlord\n|move|p2a: Guzzlord|Knock Off|p1a: Porygon2\n|-damage|p1a: Porygon2|31\/100 tox\n|\n|-heal|p2a: Guzzlord|93\/100 tox|[from] item: Leftovers\n|-damage|p1a: Porygon2|25\/100 tox|[from] psn\n|-damage|p2a: Guzzlord|81\/100 tox|[from] psn\n|upkeep\n|turn|15\n|\n|t:|1664635752\n|move|p1a: Porygon2|Recover|p1a: Porygon2\n|-heal|p1a: Porygon2|75\/100 tox\n|move|p2a: Guzzlord|Heavy Slam|p1a: Porygon2\n|-damage|p1a: Porygon2|43\/100 tox\n|\n|-heal|p2a: Guzzlord|87\/100 tox|[from] item: Leftovers\n|-damage|p1a: Porygon2|31\/100 tox|[from] psn\n|-damage|p2a: Guzzlord|69\/100 tox|[from] psn\n|upkeep\n|turn|16\n|\n|t:|1664635761\n|switch|p2a: Klefki|Klefki, F|100\/100\n|-damage|p2a: Klefki|95\/100|[from] Stealth Rock\n|move|p1a: Porygon2|Ice Beam|p2a: Klefki\n|-resisted|p2a: Klefki\n|-damage|p2a: Klefki|81\/100\n|\n|-damage|p1a: Porygon2|13\/100 tox|[from] psn\n|upkeep\n|turn|17\n|\n|t:|1664635766\n|move|p2a: Klefki|Spikes|p1a: Porygon2\n|-sidestart|p1: JooshP|Spikes\n|move|p1a: Porygon2|Ice Beam|p2a: Klefki\n|-resisted|p2a: Klefki\n|-damage|p2a: Klefki|69\/100\n|-status|p2a: Klefki|frz\n|\n|-damage|p1a: Porygon2|0 fnt|[from] psn\n|faint|p1a: Porygon2\n|upkeep\n|\n|t:|1664635770\n|switch|p1a: Heracross|Heracross, M|100\/100\n|-damage|p1a: Heracross|84\/100|[from] Spikes\n|turn|18\n|c|\u2606DanceOfHearts|stop that\n|\n|t:|1664635778\n|switch|p2a: Dhelmise|Dhelmise|88\/100\n|-damage|p2a: Dhelmise|75\/100|[from] Stealth Rock\n|move|p1a: Heracross|Stone Edge|p2a: Dhelmise\n|-damage|p2a: Dhelmise|39\/100\n|\n|upkeep\n|turn|19\n|\n|t:|1664635797\n|switch|p1a: Seismitoad|Seismitoad, M|99\/100\n|-damage|p1a: Seismitoad|84\/100|[from] Spikes\n|move|p2a: Dhelmise|Rapid Spin|p1a: Seismitoad\n|-damage|p1a: Seismitoad|71\/100\n|-boost|p2a: Dhelmise|spe|1\n|-sideend|p2: DanceOfHearts|Stealth Rock|[from] move: Rapid Spin|[of] p2a: Dhelmise\n|\n|-heal|p1a: Seismitoad|77\/100|[from] item: Leftovers\n|upkeep\n|turn|20\n|\n|t:|1664635807\n|move|p2a: Dhelmise|Synthesis|p2a: Dhelmise\n|-heal|p2a: Dhelmise|89\/100\n|move|p1a: Seismitoad|Knock Off|p2a: Dhelmise\n|-supereffective|p2a: Dhelmise\n|-damage|p2a: Dhelmise|57\/100\n|\n|-heal|p1a: Seismitoad|83\/100|[from] item: Leftovers\n|upkeep\n|turn|21\n|\n|t:|1664635814\n|switch|p1a: Heracross|Heracross, M|84\/100\n|-damage|p1a: Heracross|67\/100|[from] Spikes\n|move|p2a: Dhelmise|Power Whip|p1a: Heracross\n|-resisted|p1a: Heracross\n|-damage|p1a: Heracross|19\/100\n|\n|upkeep\n|turn|22\n|\n|t:|1664635819\n|switch|p2a: Crobat|Crobat, M|100\/100\n|move|p1a: Heracross|Megahorn|p2a: Crobat\n|-resisted|p2a: Crobat\n|-damage|p2a: Crobat|80\/100\n|\n|upkeep\n|turn|23\n|\n|t:|1664635824\n|switch|p1a: Seismitoad|Seismitoad, M|83\/100\n|-damage|p1a: Seismitoad|66\/100|[from] Spikes\n|move|p2a: Crobat|Brave Bird|p1a: Seismitoad\n|-damage|p1a: Seismitoad|33\/100\n|-damage|p2a: Crobat|65\/100|[from] Recoil\n|\n|-heal|p1a: Seismitoad|39\/100|[from] item: Leftovers\n|upkeep\n|turn|24\n|\n|t:|1664635833\n|move|p2a: Crobat|U-turn|p1a: Seismitoad\n|-damage|p1a: Seismitoad|25\/100\n|\n|t:|1664635836\n|switch|p2a: Klefki|Klefki, F|69\/100 frz|[from]move: U-turn\n|move|p1a: Seismitoad|Stealth Rock|p2a: Klefki\n|-sidestart|p2: DanceOfHearts|move: Stealth Rock\n|\n|-heal|p1a: Seismitoad|31\/100|[from] item: Leftovers\n|upkeep\n|turn|25\n|\n|t:|1664635844\n|-curestatus|p2a: Klefki|frz|[msg]\n|move|p2a: Klefki|Foul Play|p1a: Seismitoad\n|-damage|p1a: Seismitoad|15\/100\n|move|p1a: Seismitoad|Scald|p2a: Klefki\n|-damage|p2a: Klefki|42\/100\n|-status|p2a: Klefki|brn\n|\n|-heal|p1a: Seismitoad|21\/100|[from] item: Leftovers\n|-damage|p2a: Klefki|36\/100 brn|[from] brn\n|upkeep\n|turn|26\n|\n|t:|1664635856\n|move|p2a: Klefki|Spikes|p1a: Seismitoad\n|-sidestart|p1: JooshP|Spikes\n|move|p1a: Seismitoad|Scald|p2a: Klefki\n|-damage|p2a: Klefki|12\/100 brn\n|\n|-heal|p1a: Seismitoad|27\/100|[from] item: Leftovers\n|-damage|p2a: Klefki|6\/100 brn|[from] brn\n|upkeep\n|turn|27\n|\n|t:|1664635870\n|move|p2a: Klefki|Foul Play|p1a: Seismitoad\n|-damage|p1a: Seismitoad|19\/100\n|move|p1a: Seismitoad|Scald|p2a: Klefki\n|-damage|p2a: Klefki|0 fnt\n|faint|p2a: Klefki\n|\n|-heal|p1a: Seismitoad|25\/100|[from] item: Leftovers\n|upkeep\n|\n|t:|1664635873\n|switch|p2a: Dhelmise|Dhelmise|57\/100\n|-damage|p2a: Dhelmise|45\/100|[from] Stealth Rock\n|turn|28\n|\n|t:|1664635877\n|move|p1a: Seismitoad|Scald|p2a: Dhelmise\n|-resisted|p2a: Dhelmise\n|-damage|p2a: Dhelmise|32\/100\n|-status|p2a: Dhelmise|brn\n|move|p2a: Dhelmise|Rapid Spin|p1a: Seismitoad\n|-damage|p1a: Seismitoad|18\/100\n|-boost|p2a: Dhelmise|spe|1\n|-sideend|p2: DanceOfHearts|Stealth Rock|[from] move: Rapid Spin|[of] p2a: Dhelmise\n|\n|-heal|p1a: Seismitoad|24\/100|[from] item: Leftovers\n|-damage|p2a: Dhelmise|26\/100 brn|[from] brn\n|upkeep\n|turn|29\n|\n|t:|1664635882\n|move|p2a: Dhelmise|Synthesis|p2a: Dhelmise\n|-heal|p2a: Dhelmise|76\/100 brn\n|move|p1a: Seismitoad|Stealth Rock|p2a: Dhelmise\n|-sidestart|p2: DanceOfHearts|move: Stealth Rock\n|\n|-heal|p1a: Seismitoad|30\/100|[from] item: Leftovers\n|-damage|p2a: Dhelmise|70\/100 brn|[from] brn\n|upkeep\n|turn|30\n|\n|t:|1664635888\n|switch|p1a: Heracross|Heracross, M|19\/100\n|-damage|p1a: Heracross|0 fnt|[from] Spikes\n|faint|p1a: Heracross\n|move|p2a: Dhelmise|Rapid Spin|p1: Heracross|[notarget]\n|-fail|p2a: Dhelmise\n|\n|-damage|p2a: Dhelmise|64\/100 brn|[from] brn\n|upkeep\n|\n|t:|1664635891\n|switch|p1a: Chandelure|Chandelure, M|100\/100\n|-damage|p1a: Chandelure|76\/100|[from] Spikes\n|turn|31\n|\n|t:|1664635898\n|move|p1a: Chandelure|Shadow Ball|p2a: Dhelmise\n|-supereffective|p2a: Dhelmise\n|-damage|p2a: Dhelmise|0 fnt\n|faint|p2a: Dhelmise\n|\n|upkeep\n|\n|t:|1664635910\n|switch|p2a: Guzzlord|Guzzlord|69\/100 tox\n|-damage|p2a: Guzzlord|56\/100 tox|[from] Stealth Rock\n|turn|32\n|\n|t:|1664635915\n|switch|p1a: Seismitoad|Seismitoad, M|30\/100\n|-damage|p1a: Seismitoad|5\/100|[from] Spikes\n|move|p2a: Guzzlord|Knock Off|p1a: Seismitoad\n|-damage|p1a: Seismitoad|0 fnt\n|-enditem|p1a: Seismitoad|Leftovers|[from] move: Knock Off|[of] p2a: Guzzlord\n|faint|p1a: Seismitoad\n|-ability|p2a: Guzzlord|Beast Boost|boost\n|-boost|p2a: Guzzlord|atk|1\n|\n|-heal|p2a: Guzzlord|63\/100 tox|[from] item: Leftovers\n|-damage|p2a: Guzzlord|56\/100 tox|[from] psn\n|upkeep\n|\n|t:|1664635924\n|switch|p1a: Flygon|Flygon, F|100\/100\n|turn|33\n|inactive|JooshP has 120 seconds left.\n|\n|t:|1664635976\n|move|p1a: Flygon|Dragon Claw|p2a: Guzzlord\n|-supereffective|p2a: Guzzlord\n|-damage|p2a: Guzzlord|0 fnt\n|faint|p2a: Guzzlord\n|\n|upkeep\n|\n|t:|1664635982\n|switch|p2a: Nidoqueen|Nidoqueen, F|100\/100\n|-damage|p2a: Nidoqueen|94\/100|[from] Stealth Rock\n|turn|34\n|\n|t:|1664635987\n|move|p1a: Flygon|Earthquake|p2a: Nidoqueen\n|-supereffective|p2a: Nidoqueen\n|-enditem|p2a: Nidoqueen|Shuca Berry|[eat]\n|-enditem|p2a: Nidoqueen|Shuca Berry|[weaken]\n|-damage|p2a: Nidoqueen|42\/100\n|move|p2a: Nidoqueen|Ice Beam|p1a: Flygon\n|-supereffective|p1a: Flygon\n|-damage|p1a: Flygon|0 fnt\n|faint|p1a: Flygon\n|\n|upkeep\n|\n|t:|1664635991\n|switch|p1a: Chandelure|Chandelure, M|76\/100\n|-damage|p1a: Chandelure|51\/100|[from] Spikes\n|turn|35\n|\n|t:|1664635997\n|move|p1a: Chandelure|Shadow Ball|p2a: Nidoqueen\n|-damage|p2a: Nidoqueen|0 fnt\n|faint|p2a: Nidoqueen\n|\n|upkeep\n|\n|t:|1664635999\n|switch|p2a: Crobat|Crobat, M|65\/100\n|turn|36\n|\n|t:|1664636008\n|switch|p1a: Goodra|Goodra, F|100\/100\n|-damage|p1a: Goodra|76\/100|[from] Spikes\n|move|p2a: Crobat|Toxic|p1a: Goodra\n|-status|p1a: Goodra|tox\n|\n|-damage|p1a: Goodra|69\/100 tox|[from] psn\n|upkeep\n|turn|37\n|\n|t:|1664636011\n|move|p2a: Crobat|U-turn|p1a: Goodra\n|-damage|p1a: Goodra|40\/100 tox\n|\n|t:|1664636013\n|switch|p2a: Reuniclus|Reuniclus, M|100\/100|[from]move: U-turn\n|move|p1a: Goodra|Thunder|p2a: Reuniclus|[miss]\n|-miss|p1a: Goodra|p2a: Reuniclus\n|\n|-damage|p1a: Goodra|28\/100 tox|[from] psn\n|upkeep\n|turn|38\n|\n|t:|1664636016\n|move|p1a: Goodra|Thunder|p2a: Reuniclus|[miss]\n|-miss|p1a: Goodra|p2a: Reuniclus\n|move|p2a: Reuniclus|Shadow Ball|p1a: Goodra\n|-damage|p1a: Goodra|10\/100 tox\n|\n|-damage|p1a: Goodra|0 fnt|[from] psn\n|faint|p1a: Goodra\n|upkeep\n|\n|t:|1664636018\n|switch|p1a: Chandelure|Chandelure, M|51\/100\n|-damage|p1a: Chandelure|26\/100|[from] Spikes\n|turn|39\n|\n|t:|1664636021\n|move|p1a: Chandelure|Shadow Ball|p2a: Reuniclus\n|-supereffective|p2a: Reuniclus\n|-damage|p2a: Reuniclus|0 fnt\n|faint|p2a: Reuniclus\n|\n|upkeep\n|\n|t:|1664636022\n|switch|p2a: Crobat|Crobat, M|65\/100\n|turn|40\n|\n|t:|1664636024\n|move|p2a: Crobat|Brave Bird|p1a: Chandelure\n|-damage|p1a: Chandelure|0 fnt\n|faint|p1a: Chandelure\n|-damage|p2a: Crobat|58\/100|[from] Recoil\n|\n|win|DanceOfHearts\n|n|\u2606JooshP|jooshp\n|n|\u2606DanceOfHearts|danceofhearts\n|n|*Lady Monita|ladymonita\n|l|*Lady Monita\n|c|\u2606JooshP|gg\n|c|\u2606DanceOfHearts|gg\n|l|\u2606JooshP\n","uploadtime":1664636032,"views":18,"p1id":"jooshp","p2id":"danceofhearts","formatid":"gen8ru","rating":0,"private":0,"password":null}