{"id":"gen8monotype-1497800384","p1":"Arcangel666","p2":"winemom87","format":"gen8monotype","log":"|j|\u2606Arcangel666\n|j|\u2606winemom87\n|t:|1643068822\n|gametype|singles\n|player|p1|Arcangel666|grimsley|1513\n|player|p2|winemom87|teacher-gen2|1725\n|teamsize|p1|6\n|teamsize|p2|6\n|gen|8\n|tier|[Gen 8] Monotype\n|rated|\n|rule|Same Type Clause: Pok\u00e9mon in a team must share a type\n|rule|Sleep Clause Mod: Limit one foe put to sleep\n|rule|Species Clause: Limit one of each Pok\u00e9mon\n|rule|OHKO Clause: OHKO moves are banned\n|rule|Evasion Moves Clause: Evasion moves are banned\n|rule|Endless Battle Clause: Forcing endless battles is banned\n|rule|HP Percentage Mod: HP is shown in percentages\n|rule|Dynamax Clause: You cannot dynamax\n|clearpoke\n|poke|p1|Bisharp, M|\n|poke|p1|Grimmsnarl, M|\n|poke|p1|Hydreigon, M|\n|poke|p1|Scrafty, M|\n|poke|p1|Sableye, M|\n|poke|p1|Moltres-Galar|\n|poke|p2|Whimsicott, F|\n|poke|p2|Zarude|\n|poke|p2|Rillaboom, M|\n|poke|p2|Ferrothorn, F|\n|poke|p2|Cradily, F|\n|poke|p2|Celebi|\n|teampreview\n|c|\u2606winemom87|glhf\n|\n|t:|1643068833\n|start\n|switch|p1a: Grimmsnarl|Grimmsnarl, M, shiny|100\/100\n|switch|p2a: UwU|Whimsicott, F, shiny|100\/100\n|turn|1\n|\n|t:|1643068837\n|switch|p2a: Meow Meow|Ferrothorn, F, shiny|100\/100\n|move|p1a: Grimmsnarl|Light Screen|p1a: Grimmsnarl\n|-sidestart|p1: Arcangel666|move: Light Screen\n|\n|upkeep\n|turn|2\n|\n|t:|1643068841\n|move|p1a: Grimmsnarl|Reflect|p1a: Grimmsnarl\n|-sidestart|p1: Arcangel666|Reflect\n|move|p2a: Meow Meow|Gyro Ball|p1a: Grimmsnarl\n|-supereffective|p1a: Grimmsnarl\n|-damage|p1a: Grimmsnarl|59\/100\n|\n|upkeep\n|turn|3\n|\n|t:|1643068844\n|switch|p1a: Hydreigon|Hydreigon, M, shiny|100\/100\n|move|p2a: Meow Meow|Gyro Ball|p1a: Hydreigon\n|-damage|p1a: Hydreigon|73\/100\n|\n|-heal|p1a: Hydreigon|79\/100|[from] item: Leftovers\n|upkeep\n|turn|4\n|\n|t:|1643068851\n|switch|p2a: Wiggle Wiggle|Cradily, F, shiny|100\/100\n|move|p1a: Hydreigon|Substitute|p1a: Hydreigon\n|-start|p1a: Hydreigon|Substitute\n|-damage|p1a: Hydreigon|54\/100\n|\n|-heal|p1a: Hydreigon|60\/100|[from] item: Leftovers\n|upkeep\n|turn|5\n|\n|t:|1643068855\n|move|p1a: Hydreigon|Nasty Plot|p1a: Hydreigon\n|-boost|p1a: Hydreigon|spa|2\n|move|p2a: Wiggle Wiggle|Rock Blast|p1a: Hydreigon\n|-activate|p1a: Hydreigon|move: Substitute|[damage]\n|-activate|p1a: Hydreigon|move: Substitute|[damage]\n|-hitcount|p1a: Hydreigon|2\n|\n|-heal|p1a: Hydreigon|67\/100|[from] item: Leftovers\n|upkeep\n|turn|6\n|\n|t:|1643068860\n|move|p1a: Hydreigon|Dark Pulse|p2a: Wiggle Wiggle\n|-damage|p2a: Wiggle Wiggle|49\/100\n|move|p2a: Wiggle Wiggle|Rock Blast|p1a: Hydreigon\n|-activate|p1a: Hydreigon|move: Substitute|[damage]\n|-activate|p1a: Hydreigon|move: Substitute|[damage]\n|-hitcount|p1a: Hydreigon|2\n|\n|-heal|p1a: Hydreigon|73\/100|[from] item: Leftovers\n|-heal|p2a: Wiggle Wiggle|55\/100|[from] item: Leftovers\n|upkeep\n|turn|7\n|\n|t:|1643068865\n|switch|p2a: Donkey|Zarude|100\/100\n|move|p1a: Hydreigon|Dark Pulse|p2a: Donkey\n|-resisted|p2a: Donkey\n|-damage|p2a: Donkey|57\/100\n|\n|-heal|p1a: Hydreigon|79\/100|[from] item: Leftovers\n|upkeep\n|turn|8\n|\n|t:|1643068867\n|move|p2a: Donkey|Drain Punch|p1a: Hydreigon\n|-supereffective|p1a: Hydreigon\n|-end|p1a: Hydreigon|Substitute\n|-heal|p2a: Donkey|60\/100|[from] drain|[of] p1a: Hydreigon\n|move|p1a: Hydreigon|Flamethrower|p2a: Donkey\n|-supereffective|p2a: Donkey\n|-damage|p2a: Donkey|0 fnt\n|faint|p2a: Donkey\n|\n|-heal|p1a: Hydreigon|85\/100|[from] item: Leftovers\n|-sideend|p1: Arcangel666|move: Light Screen\n|upkeep\n|j| gewwge\n|\n|t:|1643068871\n|switch|p2a: UwU|Whimsicott, F, shiny|100\/100\n|turn|9\n|\n|t:|1643068874\n|switch|p1a: Bisharp|Bisharp, M, shiny|100\/100\n|move|p2a: UwU|Moonblast|p1a: Bisharp\n|-damage|p1a: Bisharp|39\/100\n|\n|-sideend|p1: Arcangel666|Reflect\n|upkeep\n|turn|10\n|\n|t:|1643068879\n|move|p1a: Bisharp|Sucker Punch|p2a: UwU\n|-resisted|p2a: UwU\n|-damage|p2a: UwU|70\/100\n|move|p2a: UwU|Moonblast|p1a: Bisharp\n|-damage|p1a: Bisharp|0 fnt\n|faint|p1a: Bisharp\n|\n|upkeep\n|\n|t:|1643068882\n|switch|p1a: Grimmsnarl|Grimmsnarl, M, shiny|59\/100\n|turn|11\n|\n|t:|1643068885\n|move|p1a: Grimmsnarl|Light Screen|p1a: Grimmsnarl\n|-sidestart|p1: Arcangel666|move: Light Screen\n|move|p2a: UwU|Moonblast|p1a: Grimmsnarl\n|-supereffective|p1a: Grimmsnarl\n|-damage|p1a: Grimmsnarl|13\/100\n|\n|upkeep\n|turn|12\n|\n|t:|1643068890\n|switch|p2a: Meow Meow|Ferrothorn, F, shiny|100\/100\n|move|p1a: Grimmsnarl|Reflect|p1a: Grimmsnarl\n|-sidestart|p1: Arcangel666|Reflect\n|\n|upkeep\n|turn|13\n|\n|t:|1643068896\n|move|p1a: Grimmsnarl|Spirit Break|p2a: Meow Meow\n|-resisted|p2a: Meow Meow\n|-damage|p2a: Meow Meow|89\/100\n|-unboost|p2a: Meow Meow|spa|1\n|-damage|p1a: Grimmsnarl|1\/100|[from] ability: Iron Barbs|[of] p2a: Meow Meow\n|move|p2a: Meow Meow|Leech Seed|p1a: Grimmsnarl|[miss]\n|-miss|p2a: Meow Meow|p1a: Grimmsnarl\n|\n|-heal|p2a: Meow Meow|95\/100|[from] item: Leftovers\n|upkeep\n|turn|14\n|\n|t:|1643068903\n|switch|p2a: Celery|Celebi, shiny|100\/100\n|move|p1a: Grimmsnarl|Spirit Break|p2a: Celery\n|-damage|p2a: Celery|59\/100\n|-unboost|p2a: Celery|spa|1\n|\n|upkeep\n|turn|15\n|\n|t:|1643068909\n|switch|p2a: Meow Meow|Ferrothorn, F, shiny|95\/100\n|move|p1a: Grimmsnarl|Spirit Break|p2a: Meow Meow\n|-resisted|p2a: Meow Meow\n|-damage|p2a: Meow Meow|84\/100\n|-unboost|p2a: Meow Meow|spa|1\n|-damage|p1a: Grimmsnarl|0 fnt|[from] ability: Iron Barbs|[of] p2a: Meow Meow\n|faint|p1a: Grimmsnarl\n|\n|-heal|p2a: Meow Meow|91\/100|[from] item: Leftovers\n|upkeep\n|\n|t:|1643068911\n|switch|p1a: Moltres|Moltres-Galar|100\/100\n|turn|16\n|\n|t:|1643068916\n|move|p1a: Moltres|Agility|p1a: Moltres\n|-boost|p1a: Moltres|spe|2\n|move|p2a: Meow Meow|Gyro Ball|p1a: Moltres\n|-damage|p1a: Moltres|73\/100\n|\n|-heal|p2a: Meow Meow|97\/100|[from] item: Leftovers\n|upkeep\n|turn|17\n|\n|t:|1643068921\n|move|p1a: Moltres|Nasty Plot|p1a: Moltres\n|-boost|p1a: Moltres|spa|2\n|move|p2a: Meow Meow|Leech Seed|p1a: Moltres\n|-start|p1a: Moltres|move: Leech Seed\n|\n|-heal|p2a: Meow Meow|100\/100|[from] item: Leftovers\n|-damage|p1a: Moltres|61\/100|[from] Leech Seed|[of] p2a: Meow Meow\n|upkeep\n|turn|18\n|\n|t:|1643068929\n|move|p1a: Moltres|Fiery Wrath|p2a: Meow Meow\n|-damage|p2a: Meow Meow|26\/100\n|move|p2a: Meow Meow|Gyro Ball|p1a: Moltres\n|-damage|p1a: Moltres|32\/100\n|-ability|p1a: Moltres|Berserk|boost\n|-boost|p1a: Moltres|spa|1\n|\n|-heal|p2a: Meow Meow|32\/100|[from] item: Leftovers\n|-damage|p1a: Moltres|19\/100|[from] Leech Seed|[of] p2a: Meow Meow\n|-heal|p2a: Meow Meow|44\/100|[silent]\n|-sideend|p1: Arcangel666|move: Light Screen\n|upkeep\n|turn|19\n|\n|t:|1643068933\n|move|p2a: Meow Meow|Protect|p2a: Meow Meow\n|-singleturn|p2a: Meow Meow|Protect\n|move|p1a: Moltres|Fiery Wrath|p2a: Meow Meow\n|-activate|p2a: Meow Meow|move: Protect\n|\n|-heal|p2a: Meow Meow|50\/100|[from] item: Leftovers\n|-damage|p1a: Moltres|7\/100|[from] Leech Seed|[of] p2a: Meow Meow\n|-heal|p2a: Meow Meow|61\/100|[silent]\n|-sideend|p1: Arcangel666|Reflect\n|upkeep\n|turn|20\n|\n|t:|1643068949\n|switch|p2a: Celery|Celebi, shiny|59\/100\n|move|p1a: Moltres|Fiery Wrath|p2a: Celery\n|-supereffective|p2a: Celery\n|-damage|p2a: Celery|0 fnt\n|faint|p2a: Celery\n|\n|upkeep\n|\n|t:|1643068951\n|switch|p2a: Diddy|Rillaboom, M|100\/100\n|-fieldstart|move: Grassy Terrain|[from] ability: Grassy Surge|[of] p2a: Diddy\n|turn|21\n|\n|t:|1643068955\n|move|p2a: Diddy|Grassy Glide|p1a: Moltres\n|-resisted|p1a: Moltres\n|-damage|p1a: Moltres|0 fnt\n|faint|p1a: Moltres\n|\n|upkeep\n|\n|t:|1643068957\n|switch|p1a: Hydreigon|Hydreigon, M, shiny|85\/100\n|turn|22\n|\n|t:|1643068961\n|move|p2a: Diddy|Grassy Glide|p1a: Hydreigon\n|-resisted|p1a: Hydreigon\n|-damage|p1a: Hydreigon|39\/100\n|move|p1a: Hydreigon|Substitute|p1a: Hydreigon\n|-start|p1a: Hydreigon|Substitute\n|-damage|p1a: Hydreigon|14\/100\n|\n|-heal|p1a: Hydreigon|20\/100|[from] item: Leftovers\n|upkeep\n|turn|23\n|\n|t:|1643068964\n|move|p2a: Diddy|Grassy Glide|p1a: Hydreigon\n|-resisted|p1a: Hydreigon\n|-end|p1a: Hydreigon|Substitute\n|move|p1a: Hydreigon|Dark Pulse|p2a: Diddy\n|-damage|p2a: Diddy|47\/100\n|\n|-heal|p1a: Hydreigon|26\/100|[from] item: Leftovers\n|-heal|p2a: Diddy|53\/100|[from] Grassy Terrain\n|upkeep\n|turn|24\n|\n|t:|1643068967\n|move|p2a: Diddy|Grassy Glide|p1a: Hydreigon\n|-resisted|p1a: Hydreigon\n|-damage|p1a: Hydreigon|0 fnt\n|faint|p1a: Hydreigon\n|\n|-heal|p2a: Diddy|59\/100|[from] Grassy Terrain\n|upkeep\n|\n|t:|1643068968\n|switch|p1a: Sableye|Sableye, M|100\/100\n|turn|25\n|\n|t:|1643068971\n|switch|p2a: UwU|Whimsicott, F, shiny|70\/100\n|move|p1a: Sableye|Will-O-Wisp|p2a: UwU\n|-status|p2a: UwU|brn\n|\n|-heal|p2a: UwU|76\/100 brn|[from] Grassy Terrain\n|-damage|p2a: UwU|70\/100 brn|[from] brn\n|-fieldend|move: Grassy Terrain\n|upkeep\n|turn|26\n|\n|t:|1643068973\n|move|p2a: UwU|Moonblast|p1a: Sableye\n|-supereffective|p1a: Sableye\n|-damage|p1a: Sableye|13\/100\n|-unboost|p1a: Sableye|spa|1\n|-enditem|p1a: Sableye|Sitrus Berry|[eat]\n|-heal|p1a: Sableye|38\/100|[from] item: Sitrus Berry\n|move|p1a: Sableye|Foul Play|p2a: UwU\n|-resisted|p2a: UwU\n|-damage|p2a: UwU|55\/100 brn\n|\n|-damage|p2a: UwU|48\/100 brn|[from] brn\n|upkeep\n|turn|27\n|\n|t:|1643068977\n|move|p1a: Sableye|Recover|p1a: Sableye\n|-heal|p1a: Sableye|88\/100\n|move|p2a: UwU|Moonblast|p1a: Sableye\n|-supereffective|p1a: Sableye\n|-crit|p1a: Sableye\n|-damage|p1a: Sableye|0 fnt\n|faint|p1a: Sableye\n|\n|-damage|p2a: UwU|42\/100 brn|[from] brn\n|upkeep\n|\n|t:|1643068979\n|switch|p1a: Scrafty|Scrafty, M|100\/100\n|turn|28\n|\n|t:|1643068981\n|move|p2a: UwU|Moonblast|p1a: Scrafty\n|-supereffective|p1a: Scrafty\n|-damage|p1a: Scrafty|0 fnt\n|faint|p1a: Scrafty\n|\n|win|winemom87\n|raw|Arcangel666's rating: 1513 &rarr; <strong>1504<\/strong><br \/>(-9 for losing)\n|raw|winemom87's rating: 1725 &rarr; <strong>1734<\/strong><br \/>(+9 for winning)\n|c|\u2606winemom87|gg\n","uploadtime":1643068985,"views":33,"p1id":"arcangel666","p2id":"winemom87","formatid":"gen8monotype","rating":1504,"private":0,"password":null}