{"id":"gen8nationaldex-1325616725","p1":"Professor Hal","p2":"mongwong","format":"gen8nationaldex","log":"|j|\u2606Professor Hal\n|j|\u2606mongwong\n|t:|1618961428\n|gametype|singles\n|player|p1|Professor Hal|n|1595\n|player|p2|mongwong|silver|1490\n|teamsize|p1|6\n|teamsize|p2|6\n|gen|8\n|tier|[Gen 8] National Dex\n|rated|\n|clearpoke\n|poke|p1|Skarmory, M|\n|poke|p1|Greninja, M|\n|poke|p1|Toxapex, M|\n|poke|p1|Sableye, F|\n|poke|p1|Tapu Bulu|\n|poke|p1|Gliscor, F|\n|poke|p2|Pelipper, M|\n|poke|p2|Swampert, M|\n|poke|p2|Kingdra, F|\n|poke|p2|Xurkitree|\n|poke|p2|Ferrothorn, M|\n|poke|p2|Zapdos|\n|rule|HP Percentage Mod: HP is shown in percentages\n|rule|Endless Battle Clause: Forcing endless battles is banned\n|rule|OHKO Clause: OHKO moves are banned\n|rule|Evasion Moves Clause: Evasion moves are banned\n|rule|Species Clause: Limit one of each Pok\u00e9mon\n|rule|Dynamax Clause: You cannot dynamax\n|rule|Sleep Clause Mod: Limit one foe put to sleep\n|teampreview\n|\n|t:|1618961434\n|start\n|switch|p1a: Tapu Bulu|Tapu Bulu|100\/100\n|switch|p2a: Pelipper|Pelipper, M|100\/100\n|-fieldstart|move: Grassy Terrain|[from] ability: Grassy Surge|[of] p1a: Tapu Bulu\n|-weather|RainDance|[from] ability: Drizzle|[of] p2a: Pelipper\n|turn|1\n|\n|t:|1618961439\n|move|p1a: Tapu Bulu|Horn Leech|p2a: Pelipper\n|-damage|p2a: Pelipper|59\/100\n|move|p2a: Pelipper|U-turn|p1a: Tapu Bulu\n|-damage|p1a: Tapu Bulu|94\/100\n|\n|t:|1618961444\n|switch|p2a: Xurkitree|Xurkitree|100\/100|[from]move: U-turn\n|\n|-weather|RainDance|[upkeep]\n|-heal|p1a: Tapu Bulu|99\/100|[from] Grassy Terrain\n|upkeep\n|turn|2\n|\n|t:|1618961451\n|-zpower|p2a: Xurkitree\n|move|p2a: Xurkitree|Z-Hypnosis|p1a: Tapu Bulu|[anim]Hypnosis|[miss]\n|-boost|p2a: Xurkitree|spe|1|[zeffect]\n|-miss|p2a: Xurkitree|p1a: Tapu Bulu\n|move|p1a: Tapu Bulu|Horn Leech|p2a: Xurkitree\n|-damage|p2a: Xurkitree|11\/100\n|-heal|p1a: Tapu Bulu|100\/100|[from] drain|[of] p2a: Xurkitree\n|\n|-weather|RainDance|[upkeep]\n|-heal|p2a: Xurkitree|17\/100|[from] Grassy Terrain\n|upkeep\n|turn|3\n|\n|t:|1618961461\n|move|p2a: Xurkitree|Hypnosis|p1a: Tapu Bulu|[miss]\n|-miss|p2a: Xurkitree|p1a: Tapu Bulu\n|move|p1a: Tapu Bulu|Horn Leech|p2a: Xurkitree\n|-damage|p2a: Xurkitree|0 fnt\n|faint|p2a: Xurkitree\n|\n|-weather|RainDance|[upkeep]\n|upkeep\n|\n|t:|1618961465\n|switch|p2a: Kingdra|Kingdra, F|100\/100\n|turn|4\n|\n|t:|1618961470\n|move|p2a: Kingdra|Hydro Pump|p1a: Tapu Bulu\n|-resisted|p1a: Tapu Bulu\n|-damage|p1a: Tapu Bulu|39\/100\n|move|p1a: Tapu Bulu|Horn Leech|p2a: Kingdra\n|-damage|p2a: Kingdra|27\/100\n|-heal|p1a: Tapu Bulu|71\/100|[from] drain|[of] p2a: Kingdra\n|\n|-weather|RainDance|[upkeep]\n|-heal|p2a: Kingdra|33\/100|[from] Grassy Terrain\n|-heal|p1a: Tapu Bulu|77\/100|[from] Grassy Terrain\n|upkeep\n|turn|5\n|\n|t:|1618961474\n|move|p2a: Kingdra|Hydro Pump|p1a: Tapu Bulu|[miss]\n|-miss|p2a: Kingdra|p1a: Tapu Bulu\n|move|p1a: Tapu Bulu|Horn Leech|p2a: Kingdra\n|-damage|p2a: Kingdra|0 fnt\n|-heal|p1a: Tapu Bulu|91\/100|[from] drain|[of] p2a: Kingdra\n|faint|p2a: Kingdra\n|\n|-weather|RainDance|[upkeep]\n|-heal|p1a: Tapu Bulu|97\/100|[from] Grassy Terrain\n|-fieldend|move: Grassy Terrain\n|upkeep\n|\n|t:|1618961477\n|switch|p2a: Zapdos|Zapdos|100\/100\n|turn|6\n|c|\u2606Professor Hal|im so sorry\n|\n|t:|1618961483\n|switch|p1a: Toxapex|Toxapex, M|100\/100\n|move|p2a: Zapdos|Hurricane|p1a: Toxapex\n|-damage|p1a: Toxapex|66\/100\n|\n|-weather|RainDance|[upkeep]\n|-heal|p1a: Toxapex|72\/100|[from] item: Black Sludge\n|upkeep\n|turn|7\n|\n|t:|1618961489\n|switch|p1a: Gliscor|Gliscor, F|100\/100\n|move|p2a: Zapdos|Hurricane|p1a: Gliscor\n|-damage|p1a: Gliscor|41\/100\n|\n|-weather|RainDance|[upkeep]\n|-status|p1a: Gliscor|tox|[from] item: Toxic Orb\n|upkeep\n|turn|8\n|\n|t:|1618961495\n|move|p1a: Gliscor|Protect|p1a: Gliscor\n|-singleturn|p1a: Gliscor|Protect\n|move|p2a: Zapdos|Thunder|p1a: Gliscor\n|-activate|p1a: Gliscor|move: Protect\n|\n|-weather|none\n|-heal|p1a: Gliscor|54\/100 tox|[from] ability: Poison Heal\n|upkeep\n|turn|9\n|\n|t:|1618961499\n|switch|p1a: Toxapex|Toxapex, M|100\/100\n|move|p2a: Zapdos|Hurricane|p1a: Toxapex|[miss]\n|-miss|p2a: Zapdos|p1a: Toxapex\n|\n|upkeep\n|turn|10\n|\n|t:|1618961502\n|move|p2a: Zapdos|Thunder|p1a: Toxapex|[miss]\n|-miss|p2a: Zapdos|p1a: Toxapex\n|move|p1a: Toxapex|Poison Jab|p2a: Zapdos\n|-damage|p2a: Zapdos|77\/100\n|\n|upkeep\n|turn|11\n|\n|t:|1618961505\n|move|p2a: Zapdos|Thunder|p1a: Toxapex|[miss]\n|-miss|p2a: Zapdos|p1a: Toxapex\n|move|p1a: Toxapex|Poison Jab|p2a: Zapdos\n|-damage|p2a: Zapdos|53\/100\n|\n|upkeep\n|turn|12\n|\n|t:|1618961507\n|move|p2a: Zapdos|Thunder|p1a: Toxapex\n|-supereffective|p1a: Toxapex\n|-damage|p1a: Toxapex|27\/100\n|move|p1a: Toxapex|Poison Jab|p2a: Zapdos\n|-damage|p2a: Zapdos|33\/100\n|\n|-heal|p1a: Toxapex|33\/100|[from] item: Black Sludge\n|upkeep\n|turn|13\n|\n|t:|1618961512\n|switch|p1a: Tapu Bulu|Tapu Bulu|97\/100\n|-fieldstart|move: Grassy Terrain|[from] ability: Grassy Surge|[of] p1a: Tapu Bulu\n|move|p2a: Zapdos|Hurricane|p1a: Tapu Bulu|[miss]\n|-miss|p2a: Zapdos|p1a: Tapu Bulu\n|\n|-heal|p1a: Tapu Bulu|100\/100|[from] Grassy Terrain\n|upkeep\n|turn|14\n|\n|t:|1618961517\n|move|p2a: Zapdos|Hurricane|p1a: Tapu Bulu|[miss]\n|-miss|p2a: Zapdos|p1a: Tapu Bulu\n|move|p1a: Tapu Bulu|Horn Leech|p2a: Zapdos\n|-resisted|p2a: Zapdos\n|-damage|p2a: Zapdos|0 fnt\n|faint|p2a: Zapdos\n|\n|upkeep\n|c|\u2606Professor Hal|your team is heavily reliant on accuracy\n|c|\u2606Professor Hal|wow\n|c|\u2606mongwong|what the actual fuck\n|c|\u2606Professor Hal|i wouldnt do that\n|\n|t:|1618961536\n|switch|p2a: Pelipper|Pelipper, M|59\/100\n|-weather|RainDance|[from] ability: Drizzle|[of] p2a: Pelipper\n|turn|15\n|\n|t:|1618961543\n|switch|p1a: Toxapex|Toxapex, M|66\/100\n|move|p2a: Pelipper|U-turn|p1a: Toxapex\n|-resisted|p1a: Toxapex\n|-damage|p1a: Toxapex|63\/100\n|\n|t:|1618961546\n|switch|p2a: Swampert|Swampert, M|100\/100|[from]move: U-turn\n|\n|-weather|RainDance|[upkeep]\n|-heal|p1a: Toxapex|69\/100|[from] Grassy Terrain\n|-heal|p1a: Toxapex|75\/100|[from] item: Black Sludge\n|upkeep\n|turn|16\n|\n|t:|1618961549\n|switch|p1a: Gliscor|Gliscor, F|54\/100 tox\n|detailschange|p2a: Swampert|Swampert-Mega, M\n|-mega|p2a: Swampert|Swampert|Swampertite\n|move|p2a: Swampert|Substitute|p2a: Swampert\n|-start|p2a: Swampert|Substitute\n|-damage|p2a: Swampert|76\/100\n|\n|-weather|RainDance|[upkeep]\n|-heal|p2a: Swampert|82\/100|[from] Grassy Terrain\n|-heal|p1a: Gliscor|66\/100 tox|[from] ability: Poison Heal\n|upkeep\n|turn|17\n|\n|t:|1618961551\n|move|p1a: Gliscor|Protect|p1a: Gliscor\n|-singleturn|p1a: Gliscor|Protect\n|move|p2a: Swampert|Waterfall|p1a: Gliscor\n|-activate|p1a: Gliscor|move: Protect\n|\n|-weather|RainDance|[upkeep]\n|-heal|p2a: Swampert|88\/100|[from] Grassy Terrain\n|-fieldend|move: Grassy Terrain\n|-heal|p1a: Gliscor|78\/100 tox|[from] ability: Poison Heal\n|upkeep\n|turn|18\n|\n|t:|1618961565\n|switch|p1a: Toxapex|Toxapex, M|100\/100\n|move|p2a: Swampert|Ice Punch|p1a: Toxapex\n|-resisted|p1a: Toxapex\n|-damage|p1a: Toxapex|90\/100\n|\n|-weather|RainDance|[upkeep]\n|-heal|p1a: Toxapex|96\/100|[from] item: Black Sludge\n|upkeep\n|turn|19\n|\n|t:|1618961570\n|switch|p1a: Gliscor|Gliscor, F|78\/100 tox\n|move|p2a: Swampert|Earthquake|p1a: Gliscor\n|-immune|p1a: Gliscor\n|\n|-weather|RainDance|[upkeep]\n|-heal|p1a: Gliscor|91\/100 tox|[from] ability: Poison Heal\n|upkeep\n|turn|20\n|\n|t:|1618961573\n|move|p1a: Gliscor|Protect|p1a: Gliscor\n|-singleturn|p1a: Gliscor|Protect\n|move|p2a: Swampert|Waterfall|p1a: Gliscor\n|-activate|p1a: Gliscor|move: Protect\n|\n|-weather|RainDance|[upkeep]\n|-heal|p1a: Gliscor|100\/100 tox|[from] ability: Poison Heal\n|upkeep\n|turn|21\n|\n|t:|1618961576\n|move|p2a: Swampert|Earthquake|p1a: Gliscor\n|-immune|p1a: Gliscor\n|move|p1a: Gliscor|U-turn|p2a: Swampert\n|-activate|p2a: Swampert|move: Substitute|[damage]\n|\n|t:|1618961581\n|switch|p1a: Skarmory|Skarmory, M|100\/100|[from]move: U-turn\n|\n|-weather|RainDance|[upkeep]\n|upkeep\n|turn|22\n|\n|t:|1618961585\n|move|p2a: Swampert|Waterfall|p1a: Skarmory\n|-damage|p1a: Skarmory|59\/100\n|-damage|p2a: Swampert|71\/100|[from] item: Rocky Helmet|[of] p1a: Skarmory\n|move|p1a: Skarmory|Roost|p1a: Skarmory\n|-heal|p1a: Skarmory|100\/100\n|-singleturn|p1a: Skarmory|move: Roost\n|\n|-weather|none\n|upkeep\n|turn|23\n|\n|t:|1618961591\n|move|p2a: Swampert|Waterfall|p1a: Skarmory\n|-damage|p1a: Skarmory|73\/100\n|-damage|p2a: Swampert|55\/100|[from] item: Rocky Helmet|[of] p1a: Skarmory\n|move|p1a: Skarmory|Stealth Rock|p2a: Swampert\n|-sidestart|p2: mongwong|move: Stealth Rock\n|\n|upkeep\n|turn|24\n|-message|mongwong forfeited.\n|\n|win|Professor Hal\n|l|\u2606mongwong\n|raw|Professor Hal's rating: 1595 &rarr; <strong>1609<\/strong><br \/>(+14 for winning)\n|raw|mongwong's rating: 1489 &rarr; <strong>1475<\/strong><br \/>(-14 for losing)\n","uploadtime":1618961608,"views":6,"p1id":"professorhal","p2id":"mongwong","formatid":"gen8nationaldex","rating":1475,"private":0,"password":null}