{"id":"gen8bdspou-1493865996","p1":"cump2","p2":"Cho-exciting0","format":"gen8bdspou","log":"|html|<div class=\"broadcast-blue\"><strong>[Gen 8 BDSP] OU is currently suspecting Manaphy! For information on how to participate check out the <a href=\"https:\/\/www.smogon.com\/forums\/threads\/np-bdsp-ou-suspect-process-round-2-afterglow.3696052\/\">suspect thread<\/a>.<\/strong><\/div>\n|j|\u2606cump2\n|j|\u2606Cho-exciting0\n|t:|1642526708\n|gametype|singles\n|player|p1|cump2|gentleman-gen4|1526\n|player|p2|Cho-exciting0|hilbert|1441\n|teamsize|p1|6\n|teamsize|p2|6\n|gen|8\n|tier|[Gen 8 BDSP] OU\n|rated|\n|rule|Sleep Clause Mod: Limit one foe put to sleep\n|rule|Species Clause: Limit one of each Pok\u00e9mon\n|rule|OHKO Clause: OHKO moves are banned\n|rule|Evasion Moves Clause: Evasion moves are banned\n|rule|Endless Battle Clause: Forcing endless battles is banned\n|rule|HP Percentage Mod: HP is shown in percentages\n|clearpoke\n|poke|p1|Scizor, F|\n|poke|p1|Rotom-Wash|\n|poke|p1|Crawdaunt, M|\n|poke|p1|Nidoking, M|\n|poke|p1|Breloom, M|\n|poke|p1|Garchomp, F|\n|poke|p2|Blissey, F|\n|poke|p2|Gliscor, M|\n|poke|p2|Skarmory, F|\n|poke|p2|Slowking, M|\n|poke|p2|Tangrowth, F|\n|poke|p2|Mantine, F|\n|teampreview\n|\n|t:|1642526720\n|start\n|switch|p1a: rot|Rotom-Wash|100\/100\n|switch|p2a: Gliscor|Gliscor, M|100\/100\n|turn|1\n|\n|t:|1642526733\n|move|p2a: Gliscor|Protect|p2a: Gliscor\n|-singleturn|p2a: Gliscor|Protect\n|move|p1a: rot|Will-O-Wisp|p2a: Gliscor\n|-activate|p2a: Gliscor|move: Protect\n|\n|-status|p2a: Gliscor|tox|[from] item: Toxic Orb\n|upkeep\n|turn|2\n|\n|t:|1642526736\n|move|p2a: Gliscor|Substitute|p2a: Gliscor\n|-start|p2a: Gliscor|Substitute\n|-damage|p2a: Gliscor|76\/100 tox\n|move|p1a: rot|Hydro Pump|p2a: Gliscor\n|-supereffective|p2a: Gliscor\n|-end|p2a: Gliscor|Substitute\n|\n|-heal|p2a: Gliscor|88\/100 tox|[from] ability: Poison Heal\n|upkeep\n|turn|3\n|\n|t:|1642526743\n|move|p2a: Gliscor|Protect|p2a: Gliscor\n|-singleturn|p2a: Gliscor|Protect\n|move|p1a: rot|Hydro Pump|p2a: Gliscor\n|-activate|p2a: Gliscor|move: Protect\n|\n|-heal|p2a: Gliscor|100\/100 tox|[from] ability: Poison Heal\n|upkeep\n|turn|4\n|\n|t:|1642526748\n|move|p2a: Gliscor|Substitute|p2a: Gliscor\n|-start|p2a: Gliscor|Substitute\n|-damage|p2a: Gliscor|76\/100 tox\n|move|p1a: rot|Hydro Pump|p2a: Gliscor\n|-supereffective|p2a: Gliscor\n|-end|p2a: Gliscor|Substitute\n|\n|-heal|p2a: Gliscor|88\/100 tox|[from] ability: Poison Heal\n|upkeep\n|turn|5\n|\n|t:|1642526755\n|switch|p1a: daunt|Crawdaunt, M, shiny|100\/100\n|move|p2a: Gliscor|Substitute|p2a: Gliscor\n|-start|p2a: Gliscor|Substitute\n|-damage|p2a: Gliscor|63\/100 tox\n|\n|-heal|p2a: Gliscor|76\/100 tox|[from] ability: Poison Heal\n|upkeep\n|turn|6\n|\n|t:|1642526759\n|move|p1a: daunt|Aqua Jet|p2a: Gliscor\n|-supereffective|p2a: Gliscor\n|-end|p2a: Gliscor|Substitute\n|-damage|p1a: daunt|91\/100|[from] item: Life Orb\n|move|p2a: Gliscor|Knock Off|p1a: daunt\n|-resisted|p1a: daunt\n|-damage|p1a: daunt|76\/100\n|-enditem|p1a: daunt|Life Orb|[from] move: Knock Off|[of] p2a: Gliscor\n|\n|-heal|p2a: Gliscor|88\/100 tox|[from] ability: Poison Heal\n|upkeep\n|turn|7\n|\n|t:|1642526765\n|move|p2a: Gliscor|Protect|p2a: Gliscor\n|-singleturn|p2a: Gliscor|Protect\n|move|p1a: daunt|Aqua Jet|p2a: Gliscor\n|-activate|p2a: Gliscor|move: Protect\n|\n|-heal|p2a: Gliscor|100\/100 tox|[from] ability: Poison Heal\n|upkeep\n|turn|8\n|\n|t:|1642526769\n|switch|p2a: Tangrowth|Tangrowth, F|100\/100\n|move|p1a: daunt|Crabhammer|p2a: Tangrowth\n|-resisted|p2a: Tangrowth\n|-damage|p2a: Tangrowth|81\/100\n|\n|-heal|p2a: Tangrowth|87\/100|[from] item: Leftovers\n|upkeep\n|turn|9\n|\n|t:|1642526771\n|move|p1a: daunt|Sludge Bomb|p2a: Tangrowth\n|-supereffective|p2a: Tangrowth\n|-damage|p2a: Tangrowth|29\/100\n|move|p2a: Tangrowth|Giga Drain|p1a: daunt\n|-supereffective|p1a: daunt\n|-damage|p1a: daunt|0 fnt\n|-heal|p2a: Tangrowth|54\/100|[from] drain|[of] p1a: daunt\n|faint|p1a: daunt\n|\n|-heal|p2a: Tangrowth|61\/100|[from] item: Leftovers\n|upkeep\n|\n|t:|1642526775\n|switch|p1a: king|Nidoking, M, shiny|100\/100\n|turn|10\n|\n|t:|1642526781\n|-singleturn|p1a: king|move: Focus Punch\n|switch|p2a: Mantine|Mantine, F|100\/100\n|move|p1a: king|Focus Punch|p2a: Mantine\n|-resisted|p2a: Mantine\n|-damage|p2a: Mantine|73\/100\n|-damage|p1a: king|91\/100|[from] item: Life Orb\n|\n|-heal|p2a: Mantine|79\/100|[from] item: Leftovers\n|upkeep\n|turn|11\n|\n|t:|1642526788\n|switch|p1a: rot|Rotom-Wash|100\/100\n|switch|p2a: Gliscor|Gliscor, M|100\/100 tox\n|\n|upkeep\n|turn|12\n|\n|t:|1642526792\n|switch|p1a: loom|Breloom, M|100\/100\n|move|p2a: Gliscor|Substitute|p2a: Gliscor\n|-start|p2a: Gliscor|Substitute\n|-damage|p2a: Gliscor|76\/100 tox\n|\n|-heal|p2a: Gliscor|88\/100 tox|[from] ability: Poison Heal\n|-status|p1a: loom|tox|[from] item: Toxic Orb\n|upkeep\n|turn|13\n|\n|t:|1642526795\n|move|p2a: Gliscor|Knock Off|p1a: loom\n|-resisted|p1a: loom\n|-damage|p1a: loom|84\/100 tox\n|-enditem|p1a: loom|Toxic Orb|[from] move: Knock Off|[of] p2a: Gliscor\n|move|p1a: loom|Substitute|p1a: loom\n|-start|p1a: loom|Substitute\n|-damage|p1a: loom|60\/100 tox\n|\n|-heal|p2a: Gliscor|100\/100 tox|[from] ability: Poison Heal\n|-heal|p1a: loom|72\/100 tox|[from] ability: Poison Heal\n|upkeep\n|turn|14\n|\n|t:|1642526801\n|move|p2a: Gliscor|Knock Off|p1a: loom\n|-resisted|p1a: loom\n|-activate|p1a: loom|move: Substitute|[damage]\n|move|p1a: loom|Seed Bomb|p2a: Gliscor\n|-end|p2a: Gliscor|Substitute\n|\n|-heal|p1a: loom|84\/100 tox|[from] ability: Poison Heal\n|upkeep\n|turn|15\n|\n|t:|1642526807\n|move|p2a: Gliscor|Protect|p2a: Gliscor\n|-singleturn|p2a: Gliscor|Protect\n|move|p1a: loom|Seed Bomb|p2a: Gliscor\n|-activate|p2a: Gliscor|move: Protect\n|\n|-heal|p1a: loom|96\/100 tox|[from] ability: Poison Heal\n|upkeep\n|turn|16\n|\n|t:|1642526809\n|move|p2a: Gliscor|Knock Off|p1a: loom\n|-resisted|p1a: loom\n|-activate|p1a: loom|move: Substitute|[damage]\n|move|p1a: loom|Seed Bomb|p2a: Gliscor\n|-damage|p2a: Gliscor|67\/100 tox\n|\n|-heal|p2a: Gliscor|79\/100 tox|[from] ability: Poison Heal\n|-heal|p1a: loom|100\/100 tox|[from] ability: Poison Heal\n|upkeep\n|turn|17\n|\n|t:|1642526818\n|move|p2a: Gliscor|Knock Off|p1a: loom\n|-resisted|p1a: loom\n|-end|p1a: loom|Substitute\n|move|p1a: loom|Spore||[still]\n|-fail|p1a: loom\n|\n|-heal|p2a: Gliscor|91\/100 tox|[from] ability: Poison Heal\n|upkeep\n|turn|18\n|\n|t:|1642526821\n|switch|p2a: Tangrowth|Tangrowth, F|94\/100\n|move|p1a: loom|Substitute|p1a: loom\n|-start|p1a: loom|Substitute\n|-damage|p1a: loom|76\/100 tox\n|\n|-heal|p2a: Tangrowth|99\/100|[from] item: Leftovers\n|-heal|p1a: loom|88\/100 tox|[from] ability: Poison Heal\n|upkeep\n|turn|19\n|\n|t:|1642526825\n|-singleturn|p1a: loom|move: Focus Punch\n|move|p2a: Tangrowth|Sludge Bomb|p1a: loom\n|-supereffective|p1a: loom\n|-end|p1a: loom|Substitute\n|move|p1a: loom|Focus Punch|p2a: Tangrowth\n|-damage|p2a: Tangrowth|54\/100\n|\n|-heal|p2a: Tangrowth|60\/100|[from] item: Leftovers\n|-heal|p1a: loom|99\/100 tox|[from] ability: Poison Heal\n|upkeep\n|turn|20\n|\n|t:|1642526835\n|move|p1a: loom|Substitute|p1a: loom\n|-start|p1a: loom|Substitute\n|-damage|p1a: loom|75\/100 tox\n|move|p2a: Tangrowth|Knock Off|p1a: loom\n|-resisted|p1a: loom\n|-activate|p1a: loom|move: Substitute|[damage]\n|\n|-heal|p2a: Tangrowth|66\/100|[from] item: Leftovers\n|-heal|p1a: loom|88\/100 tox|[from] ability: Poison Heal\n|upkeep\n|turn|21\n|\n|t:|1642526839\n|-singleturn|p1a: loom|move: Focus Punch\n|move|p2a: Tangrowth|Giga Drain|p1a: loom\n|-resisted|p1a: loom\n|-end|p1a: loom|Substitute\n|-heal|p2a: Tangrowth|72\/100|[from] drain|[of] p1a: loom\n|move|p1a: loom|Focus Punch|p2a: Tangrowth\n|-damage|p2a: Tangrowth|25\/100\n|\n|-heal|p2a: Tangrowth|32\/100|[from] item: Leftovers\n|-heal|p1a: loom|99\/100 tox|[from] ability: Poison Heal\n|upkeep\n|turn|22\n|\n|t:|1642526844\n|switch|p1a: king|Nidoking, M, shiny|91\/100\n|move|p2a: Tangrowth|Sludge Bomb|p1a: king\n|-resisted|p1a: king\n|-damage|p1a: king|82\/100\n|\n|-heal|p2a: Tangrowth|38\/100|[from] item: Leftovers\n|upkeep\n|turn|23\n|\n|t:|1642526850\n|switch|p2a: Slowking|Slowking, M|100\/100\n|move|p1a: king|Ice Beam|p2a: Slowking\n|-resisted|p2a: Slowking\n|-damage|p2a: Slowking|83\/100\n|\n|-heal|p2a: Slowking|89\/100|[from] item: Leftovers\n|upkeep\n|turn|24\n|\n|t:|1642526855\n|switch|p1a: loom|Breloom, M|99\/100 tox\n|move|p2a: Slowking|Scald|p1a: loom\n|-resisted|p1a: loom\n|-damage|p1a: loom|67\/100 tox\n|\n|-heal|p2a: Slowking|95\/100|[from] item: Leftovers\n|-heal|p1a: loom|79\/100 tox|[from] ability: Poison Heal\n|upkeep\n|turn|25\n|\n|t:|1642526860\n|-singleturn|p1a: loom|move: Focus Punch\n|switch|p2a: Tangrowth|Tangrowth, F|71\/100\n|move|p1a: loom|Focus Punch|p2a: Tangrowth\n|-damage|p2a: Tangrowth|31\/100\n|\n|-heal|p2a: Tangrowth|37\/100|[from] item: Leftovers\n|-heal|p1a: loom|92\/100 tox|[from] ability: Poison Heal\n|upkeep\n|turn|26\n|\n|t:|1642526867\n|move|p1a: loom|Substitute|p1a: loom\n|-start|p1a: loom|Substitute\n|-damage|p1a: loom|67\/100 tox\n|move|p2a: Tangrowth|Sludge Bomb|p1a: loom\n|-supereffective|p1a: loom\n|-end|p1a: loom|Substitute\n|\n|-heal|p2a: Tangrowth|44\/100|[from] item: Leftovers\n|-heal|p1a: loom|79\/100 tox|[from] ability: Poison Heal\n|upkeep\n|turn|27\n|\n|t:|1642526873\n|switch|p1a: king|Nidoking, M, shiny|82\/100\n|move|p2a: Tangrowth|Sludge Bomb|p1a: king\n|-resisted|p1a: king\n|-crit|p1a: king\n|-damage|p1a: king|68\/100\n|\n|-heal|p2a: Tangrowth|50\/100|[from] item: Leftovers\n|upkeep\n|turn|28\n|\n|t:|1642526882\n|switch|p1a: loom|Breloom, M|79\/100 tox\n|switch|p2a: Slowking|Slowking, M|100\/100\n|\n|-heal|p1a: loom|91\/100 tox|[from] ability: Poison Heal\n|upkeep\n|turn|29\n|\n|t:|1642526887\n|switch|p2a: Tangrowth|Tangrowth, F|83\/100\n|move|p1a: loom|Substitute|p1a: loom\n|-start|p1a: loom|Substitute\n|-damage|p1a: loom|66\/100 tox\n|\n|-heal|p2a: Tangrowth|89\/100|[from] item: Leftovers\n|-heal|p1a: loom|79\/100 tox|[from] ability: Poison Heal\n|upkeep\n|turn|30\n|\n|t:|1642526890\n|-singleturn|p1a: loom|move: Focus Punch\n|move|p2a: Tangrowth|Sludge Bomb|p1a: loom\n|-supereffective|p1a: loom\n|-end|p1a: loom|Substitute\n|move|p1a: loom|Focus Punch|p2a: Tangrowth\n|-damage|p2a: Tangrowth|45\/100\n|\n|-heal|p2a: Tangrowth|51\/100|[from] item: Leftovers\n|-heal|p1a: loom|91\/100 tox|[from] ability: Poison Heal\n|upkeep\n|turn|31\n|\n|t:|1642526894\n|switch|p1a: king|Nidoking, M, shiny|68\/100\n|move|p2a: Tangrowth|Giga Drain|p1a: king\n|-damage|p1a: king|24\/100\n|-heal|p2a: Tangrowth|68\/100|[from] drain|[of] p1a: king\n|\n|-heal|p2a: Tangrowth|74\/100|[from] item: Leftovers\n|upkeep\n|turn|32\n|\n|t:|1642526900\n|switch|p2a: Slowking|Slowking, M|100\/100\n|move|p1a: king|Sludge Wave|p2a: Slowking\n|-damage|p2a: Slowking|46\/100\n|\n|-heal|p2a: Slowking|52\/100|[from] item: Leftovers\n|upkeep\n|turn|33\n|\n|t:|1642526910\n|-singleturn|p1a: king|move: Focus Punch\n|move|p2a: Slowking|Scald|p1a: king\n|-supereffective|p1a: king\n|-damage|p1a: king|0 fnt\n|faint|p1a: king\n|\n|-heal|p2a: Slowking|58\/100|[from] item: Leftovers\n|upkeep\n|\n|t:|1642526917\n|switch|p1a: rot|Rotom-Wash|100\/100\n|turn|34\n|\n|t:|1642526920\n|switch|p2a: Blissey|Blissey, F|100\/100\n|move|p1a: rot|Volt Switch|p2a: Blissey\n|-damage|p2a: Blissey|91\/100\n|-message|cump2 forfeited.\n|\n|win|Cho-exciting0\n|raw|cump2's rating: 1526 &rarr; <strong>1501<\/strong><br \/>(-25 for losing)\n|raw|Cho-exciting0's rating: 1441 &rarr; <strong>1466<\/strong><br \/>(+25 for winning)\n|l|\u2606cump2\n||Ladder isn't responding, score probably updated but might not have (Request timeout).\n","uploadtime":1642526948,"views":14,"p1id":"cump2","p2id":"choexciting0","formatid":"gen8bdspou","rating":1466,"private":0,"password":null}