{"id":"gen8unratedrandombattle-1549011237","p1":"Komssaa99","p2":"A3720","format":"gen8unratedrandombattle","log":"|j|\u2606Komssaa99\n|j|\u2606A3720\n|t:|1649436637\n|gametype|singles\n|player|p1|Komssaa99|harlequin|\n|player|p2|A3720|170|\n|teamsize|p1|6\n|teamsize|p2|6\n|gen|8\n|tier|[Gen 8] Unrated Random Battle\n|rule|Species Clause: Limit one of each Pok\u00e9mon\n|rule|HP Percentage Mod: HP is shown in percentages\n|rule|Sleep Clause Mod: Limit one foe put to sleep\n|\n|t:|1649436637\n|start\n|switch|p1a: Dubwool|Dubwool, L86, F|264\/264\n|switch|p2a: Snorlax|Snorlax, L82, M|397\/397\n|turn|1\n|inactive|Battle timer is ON: inactive players will automatically lose when time's up. (requested by Komssaa99)\n|inactive|A3720 has 120 seconds left.\n|\n|t:|1649436713\n|switch|p2a: Scolipede|Scolipede, L80, F|227\/227\n|move|p1a: Dubwool|Cotton Guard|p1a: Dubwool\n|-boost|p1a: Dubwool|def|3\n|\n|upkeep\n|turn|2\n|\n|t:|1649436730\n|move|p2a: Scolipede|Swords Dance|p2a: Scolipede\n|-boost|p2a: Scolipede|atk|2\n|move|p1a: Dubwool|Body Press|p2a: Scolipede\n|-resisted|p2a: Scolipede\n|-damage|p2a: Scolipede|191\/227\n|\n|-ability|p2a: Scolipede|Speed Boost|boost\n|-boost|p2a: Scolipede|spe|1\n|upkeep\n|turn|3\n|\n|t:|1649436744\n|move|p2a: Scolipede|Swords Dance|p2a: Scolipede\n|-boost|p2a: Scolipede|atk|2\n|move|p1a: Dubwool|Cotton Guard|p1a: Dubwool\n|-boost|p1a: Dubwool|def|3\n|\n|-ability|p2a: Scolipede|Speed Boost|boost\n|-boost|p2a: Scolipede|spe|1\n|upkeep\n|turn|4\n|\n|t:|1649436753\n|move|p2a: Scolipede|Swords Dance|p2a: Scolipede\n|-boost|p2a: Scolipede|atk|2\n|move|p1a: Dubwool|Body Press|p2a: Scolipede\n|-resisted|p2a: Scolipede\n|-damage|p2a: Scolipede|134\/227\n|\n|-ability|p2a: Scolipede|Speed Boost|boost\n|-boost|p2a: Scolipede|spe|1\n|upkeep\n|turn|5\n|\n|t:|1649436762\n|-start|p2a: Scolipede|Dynamax|\n|-heal|p2a: Scolipede|268\/454|[silent]\n|move|p2a: Scolipede|Max Flutterby|p1a: Dubwool\n|-damage|p1a: Dubwool|116\/264\n|-unboost|p1a: Dubwool|spa|1\n|-damage|p2a: Scolipede|246\/454|[from] item: Life Orb\n|move|p1a: Dubwool|Body Press|p2a: Scolipede\n|-resisted|p2a: Scolipede\n|-damage|p2a: Scolipede|179\/454\n|\n|-heal|p1a: Dubwool|132\/264|[from] item: Leftovers\n|-ability|p2a: Scolipede|Speed Boost|boost\n|-boost|p2a: Scolipede|spe|1\n|upkeep\n|turn|6\n|\n|t:|1649436787\n|-start|p1a: Dubwool|Dynamax|\n|-heal|p1a: Dubwool|264\/528|[silent]\n|move|p1a: Dubwool|Max Guard|p1a: Dubwool\n|-singleturn|p1a: Dubwool|Max Guard\n|move|p2a: Scolipede|Max Flutterby|p1a: Dubwool\n|-activate|p1a: Dubwool|move: Max Guard\n|\n|-heal|p1a: Dubwool|280\/528|[from] item: Leftovers\n|-ability|p2a: Scolipede|Speed Boost|boost\n|-boost|p2a: Scolipede|spe|1\n|upkeep\n|turn|7\n|\n|t:|1649436797\n|move|p2a: Scolipede|Max Flutterby|p1a: Dubwool\n|-damage|p1a: Dubwool|119\/528\n|-unboost|p1a: Dubwool|spa|1\n|-damage|p2a: Scolipede|157\/454|[from] item: Life Orb\n|move|p1a: Dubwool|Max Knuckle|p2a: Scolipede\n|-resisted|p2a: Scolipede\n|-damage|p2a: Scolipede|145\/454\n|-boost|p1a: Dubwool|atk|1\n|\n|-heal|p1a: Dubwool|135\/528|[from] item: Leftovers\n|-ability|p2a: Scolipede|Speed Boost|boost\n|-boost|p2a: Scolipede|spe|1\n|-end|p2a: Scolipede|Dynamax\n|-heal|p2a: Scolipede|73\/227|[silent]\n|upkeep\n|turn|8\n|\n|t:|1649436812\n|move|p2a: Scolipede|Megahorn|p1a: Dubwool|[miss]\n|-miss|p2a: Scolipede|p1a: Dubwool\n|move|p1a: Dubwool|Max Knuckle|p2a: Scolipede\n|-resisted|p2a: Scolipede\n|-crit|p2a: Scolipede\n|-damage|p2a: Scolipede|48\/227\n|-boost|p1a: Dubwool|atk|1\n|\n|-heal|p1a: Dubwool|151\/528|[from] item: Leftovers\n|-end|p1a: Dubwool|Dynamax\n|-heal|p1a: Dubwool|76\/264|[silent]\n|upkeep\n|turn|9\n|inactive|Komssaa99 has 120 seconds left.\n|\n|t:|1649436835\n|move|p2a: Scolipede|Megahorn|p1a: Dubwool\n|-damage|p1a: Dubwool|0 fnt\n|faint|p1a: Dubwool\n|-damage|p2a: Scolipede|26\/227|[from] item: Life Orb\n|\n|upkeep\n|inactive|Komssaa99 has 120 seconds left.\n|\n|t:|1649436845\n|switch|p1a: Lucario|Lucario, L82, F|249\/249\n|turn|10\n|\n|t:|1649436856\n|move|p1a: Lucario|Extreme Speed|p2a: Scolipede\n|-damage|p2a: Scolipede|0 fnt\n|faint|p2a: Scolipede\n|-damage|p1a: Lucario|225\/249|[from] item: Life Orb\n|\n|upkeep\n|\n|t:|1649436875\n|switch|p2a: Palkia|Palkia, L74|255\/255\n|-ability|p2a: Palkia|Pressure\n|turn|11\n|\n|t:|1649436894\n|move|p2a: Palkia|Fire Blast|p1a: Lucario\n|-supereffective|p1a: Lucario\n|-damage|p1a: Lucario|15\/249\n|move|p1a: Lucario|Swords Dance|p1a: Lucario\n|-boost|p1a: Lucario|atk|2\n|\n|upkeep\n|turn|12\n|\n|t:|1649436915\n|switch|p2a: Delibird|Delibird, M|252\/252\n|move|p1a: Lucario|Extreme Speed|p2a: Delibird\n|-damage|p2a: Delibird|43\/252\n|-damage|p1a: Lucario|0 fnt|[from] item: Life Orb\n|faint|p1a: Lucario\n|\n|upkeep\n|inactive|Komssaa99 has 120 seconds left.\n|\n|t:|1649436932\n|switch|p1a: Tyranitar|Tyranitar, L78, F|284\/284\n|-weather|Sandstorm|[from] ability: Sand Stream|[of] p1a: Tyranitar\n|turn|13\n|\n|t:|1649436949\n|move|p2a: Delibird|Memento|p1a: Tyranitar\n|-unboost|p1a: Tyranitar|atk|2\n|-unboost|p1a: Tyranitar|spa|2\n|faint|p2a: Delibird\n|move|p1a: Tyranitar|Dragon Dance|p1a: Tyranitar\n|-boost|p1a: Tyranitar|atk|1\n|-boost|p1a: Tyranitar|spe|1\n|\n|-weather|Sandstorm|[upkeep]\n|upkeep\n|\n|t:|1649436969\n|switch|p2a: Melmetal|Melmetal, L74|322\/322\n|turn|14\n|\n|t:|1649436978\n|move|p1a: Tyranitar|Fire Punch|p2a: Melmetal\n|-supereffective|p2a: Melmetal\n|-damage|p2a: Melmetal|256\/322\n|-status|p2a: Melmetal|brn\n|move|p2a: Melmetal|Double Iron Bash|p1a: Tyranitar\n|-supereffective|p1a: Tyranitar\n|-damage|p1a: Tyranitar|182\/284\n|-supereffective|p1a: Tyranitar\n|-damage|p1a: Tyranitar|80\/284\n|-hitcount|p1a: Tyranitar|2\n|\n|-weather|Sandstorm|[upkeep]\n|-damage|p2a: Melmetal|236\/322 brn|[from] brn\n|upkeep\n|turn|15\n|\n|t:|1649437000\n|move|p1a: Tyranitar|Fire Punch|p2a: Melmetal\n|-supereffective|p2a: Melmetal\n|-crit|p2a: Melmetal\n|-damage|p2a: Melmetal|106\/322 brn\n|move|p2a: Melmetal|Double Iron Bash|p1a: Tyranitar\n|-supereffective|p1a: Tyranitar\n|-damage|p1a: Tyranitar|0 fnt\n|faint|p1a: Tyranitar\n|-hitcount|p1: Tyranitar|1\n|\n|-weather|Sandstorm|[upkeep]\n|-damage|p2a: Melmetal|86\/322 brn|[from] brn\n|upkeep\n|inactive|Komssaa99 has 120 seconds left.\n|\n|t:|1649437014\n|switch|p1a: Zygarde|Zygarde, L70|267\/267\n|turn|16\n|\n|t:|1649437028\n|switch|p2a: Zarude|Zarude, L78|292\/292\n|move|p1a: Zygarde|Dragon Dance|p1a: Zygarde\n|-boost|p1a: Zygarde|atk|1\n|-boost|p1a: Zygarde|spe|1\n|\n|-weather|Sandstorm|[upkeep]\n|-damage|p2a: Zarude|274\/292|[from] Sandstorm\n|-heal|p2a: Zarude|292\/292|[from] item: Leftovers\n|upkeep\n|turn|17\n|\n|t:|1649437046\n|move|p1a: Zygarde|Outrage|p2a: Zarude\n|-damage|p2a: Zarude|171\/292\n|move|p2a: Zarude|Bulk Up|p2a: Zarude\n|-boost|p2a: Zarude|atk|1\n|-boost|p2a: Zarude|def|1\n|\n|-weather|none\n|-heal|p2a: Zarude|189\/292|[from] item: Leftovers\n|upkeep\n|turn|18\n|\n|t:|1649437068\n|move|p1a: Zygarde|Outrage|p2a: Zarude|[from]lockedmove\n|-damage|p2a: Zarude|98\/292\n|-start|p1a: Zygarde|confusion|[fatigue]\n|move|p2a: Zarude|Bulk Up|p2a: Zarude\n|-boost|p2a: Zarude|atk|1\n|-boost|p2a: Zarude|def|1\n|\n|-heal|p2a: Zarude|116\/292|[from] item: Leftovers\n|upkeep\n|turn|19\n|\n|t:|1649437082\n|-activate|p1a: Zygarde|confusion\n|move|p1a: Zygarde|Outrage|p2a: Zarude\n|-damage|p2a: Zarude|55\/292\n|move|p2a: Zarude|Power Whip|p1a: Zygarde\n|-damage|p1a: Zygarde|9\/267\n|\n|-heal|p1a: Zygarde|25\/267|[from] item: Leftovers\n|-heal|p2a: Zarude|73\/292|[from] item: Leftovers\n|-activate|p1a: Zygarde|ability: Power Construct\n|detailschange|p1a: Zygarde|Zygarde-Complete, L70\n|-heal|p1a: Zygarde|176\/418|[silent]\n|upkeep\n|turn|20\n|\n|t:|1649437095\n|-end|p1a: Zygarde|confusion\n|move|p1a: Zygarde|Outrage|p2a: Zarude|[from]lockedmove\n|-damage|p2a: Zarude|9\/292\n|-start|p1a: Zygarde|confusion|[fatigue]\n|move|p2a: Zarude|Darkest Lariat|p1a: Zygarde\n|-damage|p1a: Zygarde|7\/418\n|\n|-heal|p1a: Zygarde|33\/418|[from] item: Leftovers\n|-heal|p2a: Zarude|27\/292|[from] item: Leftovers\n|upkeep\n|turn|21\n|inactive|Komssaa99 has 120 seconds left.\n|\n|t:|1649437118\n|-activate|p1a: Zygarde|confusion\n|move|p1a: Zygarde|Outrage|p2a: Zarude\n|-damage|p2a: Zarude|0 fnt\n|faint|p2a: Zarude\n|\n|-heal|p1a: Zygarde|59\/418|[from] item: Leftovers\n|upkeep\n|\n|t:|1649437122\n|switch|p2a: Palkia|Palkia, L74|255\/255\n|-ability|p2a: Palkia|Pressure\n|turn|22\n|\n|t:|1649437129\n|move|p2a: Palkia|Spacial Rend|p1a: Zygarde\n|-supereffective|p1a: Zygarde\n|-damage|p1a: Zygarde|0 fnt\n|faint|p1a: Zygarde\n|\n|upkeep\n|\n|t:|1649437143\n|switch|p1a: Hippowdon|Hippowdon, L80, M|304\/304\n|-weather|Sandstorm|[from] ability: Sand Stream|[of] p1a: Hippowdon\n|turn|23\n|\n|t:|1649437149\n|switch|p2a: Melmetal|Melmetal, L74|86\/322 brn\n|move|p1a: Hippowdon|Toxic||[still]\n|-fail|p1a: Hippowdon\n|\n|-weather|Sandstorm|[upkeep]\n|-damage|p2a: Melmetal|66\/322 brn|[from] brn\n|upkeep\n|turn|24\n|\n|t:|1649437163\n|move|p1a: Hippowdon|Earthquake|p2a: Melmetal\n|-supereffective|p2a: Melmetal\n|-damage|p2a: Melmetal|0 fnt\n|faint|p2a: Melmetal\n|\n|-weather|Sandstorm|[upkeep]\n|upkeep\n|\n|t:|1649437173\n|switch|p2a: Palkia|Palkia, L74|255\/255\n|-ability|p2a: Palkia|Pressure\n|turn|25\n|\n|t:|1649437181\n|switch|p1a: Dracozolt|Dracozolt, L78|268\/268\n|move|p2a: Palkia|Hydro Pump|p1a: Dracozolt|[miss]\n|-miss|p2a: Palkia|p1a: Dracozolt\n|\n|-weather|Sandstorm|[upkeep]\n|-damage|p2a: Palkia|240\/255|[from] Sandstorm\n|-damage|p1a: Dracozolt|252\/268|[from] Sandstorm\n|upkeep\n|turn|26\n|\n|t:|1649437196\n|switch|p2a: Snorlax|Snorlax, L82, M|397\/397\n|move|p1a: Dracozolt|Outrage|p2a: Snorlax|[miss]\n|-miss|p1a: Dracozolt|p2a: Snorlax\n|\n|-weather|Sandstorm|[upkeep]\n|-damage|p1a: Dracozolt|236\/268|[from] Sandstorm\n|-damage|p2a: Snorlax|373\/397|[from] Sandstorm\n|-heal|p2a: Snorlax|397\/397|[from] item: Leftovers\n|upkeep\n|turn|27\n|\n|t:|1649437205\n|move|p1a: Dracozolt|Outrage|p2a: Snorlax\n|-damage|p2a: Snorlax|163\/397\n|move|p2a: Snorlax|Earthquake|p1a: Dracozolt\n|-supereffective|p1a: Dracozolt\n|-damage|p1a: Dracozolt|76\/268\n|\n|-weather|none\n|-heal|p2a: Snorlax|187\/397|[from] item: Leftovers\n|upkeep\n|turn|28\n|\n|t:|1649437214\n|move|p1a: Dracozolt|Outrage|p2a: Snorlax|[from]lockedmove\n|-damage|p2a: Snorlax|0 fnt\n|faint|p2a: Snorlax\n|\n|upkeep\n|\n|t:|1649437216\n|switch|p2a: Palkia|Palkia, L74|240\/255\n|-ability|p2a: Palkia|Pressure\n|turn|29\n|\n|t:|1649437224\n|move|p2a: Palkia|Hydro Pump|p1a: Dracozolt|[miss]\n|-miss|p2a: Palkia|p1a: Dracozolt\n|move|p1a: Dracozolt|Outrage|p2a: Palkia|[from]lockedmove\n|-supereffective|p2a: Palkia\n|-damage|p2a: Palkia|0 fnt\n|faint|p2a: Palkia\n|-start|p1a: Dracozolt|confusion|[fatigue]\n|\n|win|Komssaa99\n|c|\u2606Komssaa99|unlucky\n|c|\u2606Komssaa99|gg\n|c|\u2606A3720|gg\n|l|\u2606Komssaa99\n","inputlog":">version 0162639e2be10fee1f1935f037788d778e37d0f7\n>start {\"formatid\":\"gen8unratedrandombattle\",\"seed\":[59495,43380,43563,17245]}\n>player p1 {\"name\":\"Komssaa99\",\"avatar\":\"harlequin\",\"rating\":0,\"seed\":[52755,46168,57869,44544]}\n>player p2 {\"name\":\"A3720\",\"avatar\":\"170\",\"rating\":0,\"seed\":[15338,61174,35710,15637]}\n>p1 move cottonguard\n>p2 switch 6\n>p1 move bodypress\n>p2 move swordsdance\n>p1 move cottonguard\n>p2 move swordsdance\n>p1 move bodypress\n>p2 move swordsdance\n>p1 move bodypress\n>p2 move megahorn dynamax\n>p1 move rest dynamax\n>p2 move megahorn dynamax\n>p1 move bodypress dynamax\n>p2 move megahorn dynamax\n>p1 move bodypress dynamax\n>p2 move megahorn\n>p1 move rest\n>p2 move megahorn\n>p1 switch 6\n>p1 move extremespeed\n>p2 move earthquake\n>p2 switch 5\n>p1 move swordsdance\n>p2 move fireblast\n>p1 move extremespeed\n>p2 switch 3\n>p1 switch 5\n>p1 move dragondance\n>p2 move memento\n>p2 switch 2\n>p1 move firepunch\n>p2 move doubleironbash\n>p1 move firepunch\n>p2 move doubleironbash\n>p1 switch 4\n>p1 move dragondance\n>p2 switch 4\n>p1 move outrage\n>p2 move bulkup\n>p1 move outrage\n>p2 move bulkup\n>p1 move outrage\n>p2 move powerwhip\n>p1 move outrage\n>p2 move darkestlariat\n>p1 move outrage\n>p2 move darkestlariat\n>p2 switch 3\n>p1 move outrage\n>p2 move spacialrend\n>p1 switch 2\n>p1 move toxic\n>p2 switch 4\n>p1 move earthquake\n>p2 move doubleironbash\n>p2 switch 4\n>p1 switch 3\n>p2 move hydropump\n>p1 move outrage\n>p2 switch 6\n>p1 move outrage\n>p2 move earthquake\n>p1 move outrage\n>p2 move earthquake\n>p2 switch 6\n>p1 move outrage\n>p2 move hydropump","uploadtime":1649437251,"views":2,"p1id":"komssaa99","p2id":"a3720","formatid":"gen8unratedrandombattle","rating":0,"private":0,"password":null}