{"id":"gen8bdspou-1470699318","p1":"Foolish Shogun","p2":"esmash cuatro","format":"gen8bdspou","log":"|html|<div class=\"broadcast-blue\"><strong>[Gen 8 BDSP] OU is currently suspecting Latios! For information on how to participate check out the <a href=\"https:\/\/www.smogon.com\/forums\/threads\/np-bdsp-ou-suspect-process-round-1-mr-blue-sky.3694109\/\">suspect thread<\/a>.<\/strong><\/div>\n|j|\u2606Foolish Shogun\n|j|\u2606esmash cuatro\n|t:|1639167605\n|gametype|singles\n|player|p1|Foolish Shogun|ghetsis-gen5bw|1460\n|player|p2|esmash cuatro|backersf|1391\n|teamsize|p1|6\n|teamsize|p2|6\n|gen|8\n|tier|[Gen 8 BDSP] OU\n|rated|\n|rule|Sleep Clause Mod: Limit one foe put to sleep\n|rule|Species Clause: Limit one of each Pok\u00e9mon\n|rule|OHKO Clause: OHKO moves are banned\n|rule|Evasion Moves Clause: Evasion moves are banned\n|rule|Endless Battle Clause: Forcing endless battles is banned\n|rule|HP Percentage Mod: HP is shown in percentages\n|clearpoke\n|poke|p1|Medicham, F|\n|poke|p1|Empoleon, F|\n|poke|p1|Donphan, M|\n|poke|p1|Gengar, F|\n|poke|p1|Infernape, F|\n|poke|p1|Dragonite, F|\n|poke|p2|Feraligatr, F|\n|poke|p2|Gliscor, M|\n|poke|p2|Blissey, F|\n|poke|p2|Togekiss, M|\n|poke|p2|Alakazam, M|\n|poke|p2|Staraptor, M|\n|teampreview\n|inactive|Battle timer is ON: inactive players will automatically lose when time's up. (requested by esmash cuatro)\n|\n|t:|1639167618\n|start\n|switch|p1a: Medicham|Medicham, F|100\/100\n|switch|p2a: For Glory|Staraptor, M|100\/100\n|turn|1\n|\n|t:|1639167625\n|move|p2a: For Glory|U-turn|p1a: Medicham\n|-damage|p1a: Medicham|56\/100\n|\n|t:|1639167629\n|switch|p2a: Blissey|Blissey, F|100\/100|[from]move: U-turn\n|move|p1a: Medicham|Ice Punch|p2a: Blissey\n|-damage|p2a: Blissey|68\/100\n|-status|p2a: Blissey|frz\n|\n|upkeep\n|turn|2\n|\n|t:|1639167635\n|switch|p1a: Donphan|Donphan, M|100\/100\n|-curestatus|p2a: Blissey|frz|[from] ability: Natural Cure\n|switch|p2a: Feraligatr|Feraligatr, F|100\/100\n|\n|upkeep\n|turn|3\n|\n|t:|1639167640\n|switch|p1a: Medicham|Medicham, F|56\/100\n|move|p2a: Feraligatr|Waterfall|p1a: Medicham\n|-damage|p1a: Medicham|0 fnt\n|faint|p1a: Medicham\n|\n|upkeep\n|\n|t:|1639167648\n|switch|p1a: Empoleon|Empoleon, F|100\/100\n|turn|4\n|\n|t:|1639167652\n|move|p2a: Feraligatr|Dragon Dance|p2a: Feraligatr\n|-boost|p2a: Feraligatr|atk|1\n|-boost|p2a: Feraligatr|spe|1\n|move|p1a: Empoleon|Stealth Rock|p2a: Feraligatr\n|-sidestart|p2: esmash cuatro|move: Stealth Rock\n|\n|upkeep\n|turn|5\n|\n|t:|1639167654\n|move|p2a: Feraligatr|Crunch|p1a: Empoleon\n|-damage|p1a: Empoleon|37\/100\n|move|p1a: Empoleon|Roar|p2a: Feraligatr\n|drag|p2a: Blissey|Blissey, F|68\/100\n|-damage|p2a: Blissey|56\/100|[from] Stealth Rock\n|\n|-heal|p1a: Empoleon|43\/100|[from] item: Leftovers\n|upkeep\n|turn|6\n|\n|t:|1639167661\n|switch|p1a: Infernape|Infernape, F|100\/100\n|move|p2a: Blissey|Stealth Rock|p1a: Infernape\n|-sidestart|p1: Foolish Shogun|move: Stealth Rock\n|\n|upkeep\n|turn|7\n|\n|t:|1639167666\n|move|p1a: Infernape|Flare Blitz|p2a: Blissey\n|-damage|p2a: Blissey|0 fnt\n|faint|p2a: Blissey\n|-damage|p1a: Infernape|56\/100|[from] Recoil\n|\n|upkeep\n|\n|t:|1639167673\n|switch|p2a: Feraligatr|Feraligatr, F|100\/100\n|-damage|p2a: Feraligatr|88\/100|[from] Stealth Rock\n|turn|8\n|\n|t:|1639167679\n|move|p1a: Infernape|Flare Blitz|p2a: Feraligatr\n|-resisted|p2a: Feraligatr\n|-damage|p2a: Feraligatr|42\/100\n|-damage|p1a: Infernape|40\/100|[from] Recoil\n|move|p2a: Feraligatr|Ice Punch|p1a: Infernape\n|-resisted|p1a: Infernape\n|-damage|p1a: Infernape|7\/100\n|\n|upkeep\n|turn|9\n|\n|t:|1639167691\n|move|p1a: Infernape|Flare Blitz|p2a: Feraligatr\n|-resisted|p2a: Feraligatr\n|-damage|p2a: Feraligatr|0 fnt\n|faint|p2a: Feraligatr\n|-damage|p1a: Infernape|0 fnt|[from] Recoil\n|faint|p1a: Infernape\n|\n|upkeep\n|\n|t:|1639167698\n|switch|p1a: Donphan|Donphan, M|100\/100\n|switch|p2a: Alakazam|Alakazam, M|100\/100\n|-damage|p1a: Donphan|94\/100|[from] Stealth Rock\n|turn|10\n|\n|t:|1639167701\n|move|p2a: Alakazam|Psyshock|p1a: Donphan\n|-damage|p1a: Donphan|52\/100\n|move|p1a: Donphan|Rapid Spin|p2a: Alakazam\n|-damage|p2a: Alakazam|54\/100\n|-boost|p1a: Donphan|spe|1\n|-sideend|p1: Foolish Shogun|Stealth Rock|[from] move: Rapid Spin|[of] p1a: Donphan\n|\n|-heal|p1a: Donphan|59\/100|[from] item: Leftovers\n|upkeep\n|turn|11\n|\n|t:|1639167704\n|move|p1a: Donphan|Ice Shard|p2a: Alakazam\n|-damage|p2a: Alakazam|18\/100\n|move|p2a: Alakazam|Psychic|p1a: Donphan\n|-damage|p1a: Donphan|0 fnt\n|faint|p1a: Donphan\n|\n|upkeep\n|\n|t:|1639167713\n|switch|p1a: Empoleon|Empoleon, F|43\/100\n|turn|12\n|\n|t:|1639167716\n|move|p2a: Alakazam|Focus Blast|p1a: Empoleon\n|-supereffective|p1a: Empoleon\n|-damage|p1a: Empoleon|0 fnt\n|faint|p1a: Empoleon\n|\n|upkeep\n|\n|t:|1639167719\n|switch|p1a: Dragonite|Dragonite, F|100\/100\n|turn|13\n|\n|t:|1639167725\n|switch|p2a: Gliscor|Gliscor, M|100\/100\n|-damage|p2a: Gliscor|88\/100|[from] Stealth Rock\n|move|p1a: Dragonite|Extreme Speed|p2a: Gliscor\n|-damage|p2a: Gliscor|55\/100\n|\n|-status|p2a: Gliscor|tox|[from] item: Toxic Orb\n|upkeep\n|turn|14\n|\n|t:|1639167730\n|switch|p1a: Gengar|Gengar, F|100\/100\n|move|p2a: Gliscor|Roost|p2a: Gliscor\n|-heal|p2a: Gliscor|100\/100 tox\n|-singleturn|p2a: Gliscor|move: Roost\n|\n|upkeep\n|turn|15\n|\n|t:|1639167733\n|move|p1a: Gengar|Shadow Ball|p2a: Gliscor\n|-damage|p2a: Gliscor|30\/100 tox\n|-unboost|p2a: Gliscor|spd|1\n|move|p2a: Gliscor|Earthquake|p1a: Gengar\n|-supereffective|p1a: Gengar\n|-damage|p1a: Gengar|0 fnt\n|faint|p1a: Gengar\n|\n|-heal|p2a: Gliscor|42\/100 tox|[from] ability: Poison Heal\n|upkeep\n|\n|t:|1639167735\n|switch|p1a: Dragonite|Dragonite, F|100\/100\n|turn|16\n|\n|t:|1639167738\n|move|p1a: Dragonite|Outrage|p2a: Gliscor\n|-damage|p2a: Gliscor|0 fnt\n|faint|p2a: Gliscor\n|\n|upkeep\n|\n|t:|1639167740\n|switch|p2a: Togekiss|Togekiss, M, shiny|100\/100\n|-damage|p2a: Togekiss|76\/100|[from] Stealth Rock\n|turn|17\n|-message|Foolish Shogun forfeited.\n|\n|win|esmash cuatro\n|raw|Foolish Shogun's rating: 1460 &rarr; <strong>1436<\/strong><br \/>(-24 for losing)\n|raw|esmash cuatro's rating: 1391 &rarr; <strong>1415<\/strong><br \/>(+24 for winning)\n|l|\u2606Foolish Shogun\n","uploadtime":1639167747,"views":6,"p1id":"foolishshogun","p2id":"esmashcuatro","formatid":"gen8bdspou","rating":1415,"private":0,"password":null}