{"id":"gen8mixandmega-1579385422","p1":"Axeloy","p2":"ferromolybdenum","format":"gen8mixandmega","log":"|j|\u2606Axeloy\n|j|\u2606ferromolybdenum\n|inactive|Battle timer is ON: inactive players will automatically lose when time's up.\n|t:|1653091014\n|gametype|singles\n|player|p1|Axeloy|gambler|\n|player|p2|ferromolybdenum|102|\n|teamsize|p1|6\n|teamsize|p2|6\n|gen|8\n|tier|[Gen 8] Mix and Mega\n|rated|Tournament battle\n|rule|Sleep Clause Mod: Limit one foe put to sleep\n|rule|Species Clause: Limit one of each Pok\u00e9mon\n|rule|OHKO Clause: OHKO moves are banned\n|rule|Evasion Moves Clause: Evasion moves are banned\n|rule|Endless Battle Clause: Forcing endless battles is banned\n|rule|HP Percentage Mod: HP is shown in percentages\n|rule|Dynamax Clause: You cannot dynamax\n|clearpoke\n|poke|p1|Arcanine, F|\n|poke|p1|Golisopod, F|\n|poke|p1|Weavile, M|\n|poke|p1|Noivern, F|\n|poke|p1|Gallade, M|\n|poke|p1|Pelipper, M|\n|poke|p2|Buzzwole|\n|poke|p2|Ho-Oh|\n|poke|p2|Groudon|\n|poke|p2|Solgaleo|\n|poke|p2|Slowbro, F|\n|poke|p2|Blissey, F|\n|teampreview\n|inactive|ferromolybdenum also wants the timer to be on.\n|c|\u2606Axeloy|hf\n|\n|t:|1653091022\n|start\n|switch|p1a: Weavile|Weavile, M|100\/100\n|switch|p2a: Extraordinary Girl|Blissey, F|100\/100\n|-ability|p1a: Weavile|Pressure\n|turn|1\n|\n|t:|1653091028\n|switch|p2a: American Idiot|Buzzwole|100\/100\n|detailschange|p1a: Weavile|Weavile, M\n|-mega|p1a: Weavile|Weavile|Heracronite\n|-start|p1a: Weavile|Heracronite|[silent]\n|move|p1a: Weavile|Icicle Spear|p2a: American Idiot\n|-damage|p2a: American Idiot|89\/100\n|-damage|p2a: American Idiot|78\/100\n|-damage|p2a: American Idiot|68\/100\n|-damage|p2a: American Idiot|57\/100\n|-damage|p2a: American Idiot|46\/100\n|-hitcount|p2a: American Idiot|5\n|\n|upkeep\n|turn|2\n|\n|t:|1653091034\n|detailschange|p2a: American Idiot|Buzzwole\n|-mega|p2a: American Idiot|Buzzwole|Aerodactylite\n|-start|p2a: American Idiot|Aerodactylite|[silent]\n|move|p1a: Weavile|Icicle Spear|p2a: American Idiot\n|-damage|p2a: American Idiot|35\/100\n|-damage|p2a: American Idiot|24\/100\n|-damage|p2a: American Idiot|14\/100\n|-crit|p2a: American Idiot\n|-damage|p2a: American Idiot|0 fnt\n|faint|p2a: American Idiot\n|-hitcount|p2: American Idiot|4\n|\n|upkeep\n|\n|t:|1653091039\n|switch|p2a: Letterbomb|Solgaleo|100\/100\n|turn|3\n|\n|t:|1653091044\n|detailschange|p2a: Letterbomb|Solgaleo\n|-mega|p2a: Letterbomb|Solgaleo|Metagrossite\n|-start|p2a: Letterbomb|Metagrossite|[silent]\n|move|p2a: Letterbomb|Sunsteel Strike|p1a: Weavile\n|-supereffective|p1a: Weavile\n|-damage|p1a: Weavile|0 fnt\n|faint|p1a: Weavile\n|\n|upkeep\n|\n|t:|1653091069\n|switch|p1a: Golisopod|Golisopod, F|100\/100\n|turn|4\n|\n|t:|1653091086\n|-end|p2a: Letterbomb|Metagrossite|[silent]\n|switch|p2a: Homecoming|Groudon|100\/100\n|-weather|SunnyDay|[from] ability: Drought|[of] p2a: Homecoming\n|detailschange|p1a: Golisopod|Golisopod, F\n|-mega|p1a: Golisopod|Golisopod|Lucarionite\n|-start|p1a: Golisopod|Lucarionite|[silent]\n|move|p1a: Golisopod|First Impression|p2a: Homecoming\n|-damage|p2a: Homecoming|61\/100\n|\n|-weather|SunnyDay|[upkeep]\n|-heal|p2a: Homecoming|68\/100|[from] item: Leftovers\n|upkeep\n|turn|5\n|\n|t:|1653091095\n|switch|p2a: St. Jimmy|Slowbro, F|100\/100\n|-end|p1a: Golisopod|Lucarionite|[silent]\n|switch|p1a: Arcanine|Arcanine, F|100\/100\n|-ability|p1a: Arcanine|Intimidate|boost\n|-unboost|p2a: St. Jimmy|atk|1\n|\n|-weather|SunnyDay|[upkeep]\n|upkeep\n|turn|6\n|\n|t:|1653091106\n|switch|p1a: Gallade|Gallade, M|100\/100\n|move|p2a: St. Jimmy|Scald|p1a: Gallade\n|-damage|p1a: Gallade|86\/100\n|\n|-weather|SunnyDay|[upkeep]\n|upkeep\n|turn|7\n|\n|t:|1653091117\n|detailschange|p1a: Gallade|Gallade, M\n|-mega|p1a: Gallade|Gallade|Metagrossite\n|-start|p1a: Gallade|Metagrossite|[silent]\n|detailschange|p2a: St. Jimmy|Slowbro, F\n|-mega|p2a: St. Jimmy|Slowbro|Manectite\n|-ability|p2a: St. Jimmy|Intimidate|boost\n|-unboost|p1a: Gallade|atk|1\n|-start|p2a: St. Jimmy|Manectite|[silent]\n|move|p1a: Gallade|Throat Chop|p2a: St. Jimmy\n|-supereffective|p2a: St. Jimmy\n|-damage|p2a: St. Jimmy|74\/100\n|-start|p2a: St. Jimmy|Throat Chop|[silent]\n|move|p2a: St. Jimmy|Teleport|p2a: St. Jimmy\n|\n|t:|1653091121\n|-end|p2a: St. Jimmy|Manectite|[silent]\n|switch|p2a: Holiday|Ho-Oh|100\/100|[from]move: Teleport\n|\n|-weather|SunnyDay|[upkeep]\n|upkeep\n|turn|8\n|\n|t:|1653091128\n|-end|p1a: Gallade|Metagrossite|[silent]\n|switch|p1a: Arcanine|Arcanine, F|100\/100\n|-ability|p1a: Arcanine|Intimidate|boost\n|-unboost|p2a: Holiday|atk|1\n|move|p2a: Holiday|Sacred Fire|p1a: Arcanine\n|-resisted|p1a: Arcanine\n|-damage|p1a: Arcanine|67\/100\n|\n|-weather|none\n|upkeep\n|turn|9\n|\n|t:|1653091136\n|switch|p2a: St. Jimmy|Slowbro, F|74\/100\n|-start|p2a: St. Jimmy|Manectite|[silent]\n|-ability|p2a: St. Jimmy|Intimidate|boost\n|-unboost|p1a: Arcanine|atk|1\n|move|p1a: Arcanine|Morning Sun|p1a: Arcanine\n|-heal|p1a: Arcanine|100\/100\n|\n|upkeep\n|turn|10\n|\n|t:|1653091144\n|switch|p1a: Golisopod|Golisopod, F|100\/100\n|-start|p1a: Golisopod|Lucarionite|[silent]\n|move|p2a: St. Jimmy|Slack Off|p2a: St. Jimmy\n|-heal|p2a: St. Jimmy|100\/100\n|\n|upkeep\n|turn|11\n|\n|t:|1653091148\n|-end|p2a: St. Jimmy|Manectite|[silent]\n|switch|p2a: Holiday|Ho-Oh|100\/100\n|move|p1a: Golisopod|First Impression|p2a: Holiday\n|-resisted|p2a: Holiday\n|-damage|p2a: Holiday|83\/100\n|\n|upkeep\n|turn|12\n|\n|t:|1653091157\n|switch|p2a: St. Jimmy|Slowbro, F|100\/100\n|-start|p2a: St. Jimmy|Manectite|[silent]\n|-ability|p2a: St. Jimmy|Intimidate|boost\n|-unboost|p1a: Golisopod|atk|1\n|move|p1a: Golisopod|Liquidation|p2a: St. Jimmy\n|-resisted|p2a: St. Jimmy\n|-damage|p2a: St. Jimmy|87\/100\n|\n|upkeep\n|turn|13\n|\n|t:|1653091160\n|move|p1a: Golisopod|Leech Life|p2a: St. Jimmy\n|-supereffective|p2a: St. Jimmy\n|-damage|p2a: St. Jimmy|40\/100\n|move|p2a: St. Jimmy|Teleport|p2a: St. Jimmy\n|\n|t:|1653091165\n|-end|p2a: St. Jimmy|Manectite|[silent]\n|switch|p2a: Letterbomb|Solgaleo|100\/100|[from]move: Teleport\n|-start|p2a: Letterbomb|Metagrossite|[silent]\n|\n|upkeep\n|turn|14\n|\n|t:|1653091168\n|-end|p1a: Golisopod|Lucarionite|[silent]\n|switch|p1a: Arcanine|Arcanine, F|100\/100\n|-ability|p1a: Arcanine|Intimidate|boost\n|-unboost|p2a: Letterbomb|atk|1\n|move|p2a: Letterbomb|Psychic Fangs|p1a: Arcanine\n|-damage|p1a: Arcanine|45\/100\n|\n|upkeep\n|turn|15\n|inactive|Axeloy has 120 seconds left.\n|\n|t:|1653091202\n|-end|p2a: Letterbomb|Metagrossite|[silent]\n|switch|p2a: St. Jimmy|Slowbro, F|40\/100\n|-start|p2a: St. Jimmy|Manectite|[silent]\n|-ability|p2a: St. Jimmy|Intimidate|boost\n|-unboost|p1a: Arcanine|atk|1\n|switch|p1a: Gallade|Gallade, M|86\/100\n|-start|p1a: Gallade|Metagrossite|[silent]\n|\n|upkeep\n|turn|16\n|\n|t:|1653091209\n|-end|p2a: St. Jimmy|Manectite|[silent]\n|switch|p2a: Holiday|Ho-Oh|100\/100\n|move|p1a: Gallade|Throat Chop|p2a: Holiday\n|-damage|p2a: Holiday|66\/100\n|-start|p2a: Holiday|Throat Chop|[silent]\n|\n|upkeep\n|turn|17\n|\n|t:|1653091213\n|move|p1a: Gallade|Zen Headbutt|p2a: Holiday\n|-damage|p2a: Holiday|20\/100\n|move|p2a: Holiday|Brave Bird|p1a: Gallade\n|-supereffective|p1a: Gallade\n|-damage|p1a: Gallade|0 fnt\n|faint|p1a: Gallade\n|-damage|p2a: Holiday|1\/100|[from] Recoil\n|\n|-end|p2a: Holiday|Throat Chop|[silent]\n|upkeep\n|\n|t:|1653091223\n|switch|p1a: Golisopod|Golisopod, F|100\/100\n|-start|p1a: Golisopod|Lucarionite|[silent]\n|turn|18\n|\n|t:|1653091227\n|move|p1a: Golisopod|First Impression|p2a: Holiday\n|-resisted|p2a: Holiday\n|-damage|p2a: Holiday|0 fnt\n|faint|p2a: Holiday\n|\n|upkeep\n|\n|t:|1653091232\n|switch|p2a: Letterbomb|Solgaleo|100\/100\n|-start|p2a: Letterbomb|Metagrossite|[silent]\n|turn|19\n|\n|t:|1653091237\n|move|p2a: Letterbomb|Psychic Fangs|p1a: Golisopod\n|-damage|p1a: Golisopod|56\/100\n|move|p1a: Golisopod|Leech Life|p2a: Letterbomb\n|-damage|p2a: Letterbomb|53\/100\n|-heal|p1a: Golisopod|86\/100|[from] drain|[of] p2a: Letterbomb\n|\n|upkeep\n|turn|20\n|\n|t:|1653091245\n|move|p2a: Letterbomb|Morning Sun|p2a: Letterbomb\n|-heal|p2a: Letterbomb|100\/100\n|move|p1a: Golisopod|Leech Life|p2a: Letterbomb\n|-damage|p2a: Letterbomb|50\/100\n|-heal|p1a: Golisopod|100\/100|[from] drain|[of] p2a: Letterbomb\n|\n|upkeep\n|turn|21\n|\n|t:|1653091256\n|-end|p2a: Letterbomb|Metagrossite|[silent]\n|switch|p2a: Homecoming|Groudon|68\/100\n|-weather|SunnyDay|[from] ability: Drought|[of] p2a: Homecoming\n|-end|p1a: Golisopod|Lucarionite|[silent]\n|switch|p1a: Pelipper|Pelipper, M|100\/100\n|-weather|RainDance|[from] ability: Drizzle|[of] p1a: Pelipper\n|\n|-weather|RainDance|[upkeep]\n|-heal|p2a: Homecoming|74\/100|[from] item: Leftovers\n|upkeep\n|turn|22\n|\n|t:|1653091267\n|switch|p2a: Extraordinary Girl|Blissey, F|100\/100\n|move|p1a: Pelipper|Surf|p2a: Extraordinary Girl\n|-damage|p2a: Extraordinary Girl|81\/100\n|\n|-weather|RainDance|[upkeep]\n|upkeep\n|turn|23\n|\n|t:|1653091274\n|switch|p1a: Golisopod|Golisopod, F|100\/100\n|-start|p1a: Golisopod|Lucarionite|[silent]\n|detailschange|p2a: Extraordinary Girl|Blissey, F\n|-mega|p2a: Extraordinary Girl|Blissey|Ampharosite\n|-ability|p2a: Extraordinary Girl|Mold Breaker\n|-start|p2a: Extraordinary Girl|Ampharosite|[silent]\n|-start|p2a: Extraordinary Girl|typechange|Normal\/Dragon|[silent]\n|move|p2a: Extraordinary Girl|Stealth Rock|p1a: Golisopod\n|-sidestart|p1: Axeloy|move: Stealth Rock\n|\n|-weather|RainDance|[upkeep]\n|upkeep\n|turn|24\n|\n|t:|1653091283\n|move|p1a: Golisopod|First Impression|p2a: Extraordinary Girl\n|-damage|p2a: Extraordinary Girl|29\/100\n|move|p2a: Extraordinary Girl|Soft-Boiled|p2a: Extraordinary Girl\n|-heal|p2a: Extraordinary Girl|79\/100\n|\n|-weather|RainDance|[upkeep]\n|upkeep\n|turn|25\n|\n|t:|1653091286\n|move|p1a: Golisopod|Leech Life|p2a: Extraordinary Girl\n|-damage|p2a: Extraordinary Girl|33\/100\n|move|p2a: Extraordinary Girl|Soft-Boiled|p2a: Extraordinary Girl\n|-heal|p2a: Extraordinary Girl|83\/100\n|\n|-weather|none\n|upkeep\n|turn|26\n|\n|t:|1653091299\n|move|p1a: Golisopod|Leech Life|p2a: Extraordinary Girl\n|-damage|p2a: Extraordinary Girl|34\/100\n|move|p2a: Extraordinary Girl|Soft-Boiled|p2a: Extraordinary Girl\n|-heal|p2a: Extraordinary Girl|84\/100\n|\n|upkeep\n|turn|27\n|\n|t:|1653091309\n|-end|p1a: Golisopod|Lucarionite|[silent]\n|switch|p1a: Arcanine|Arcanine, F|45\/100\n|-damage|p1a: Arcanine|20\/100|[from] Stealth Rock\n|-ability|p1a: Arcanine|Intimidate|boost\n|-unboost|p2a: Extraordinary Girl|atk|1\n|move|p2a: Extraordinary Girl|Soft-Boiled|p2a: Extraordinary Girl\n|-heal|p2a: Extraordinary Girl|100\/100\n|\n|upkeep\n|turn|28\n|\n|t:|1653091314\n|-end|p2a: Extraordinary Girl|Ampharosite|[silent]\n|switch|p2a: St. Jimmy|Slowbro, F|40\/100\n|-start|p2a: St. Jimmy|Manectite|[silent]\n|-ability|p2a: St. Jimmy|Intimidate|boost\n|-unboost|p1a: Arcanine|atk|1\n|move|p1a: Arcanine|Morning Sun|p1a: Arcanine\n|-heal|p1a: Arcanine|70\/100\n|\n|upkeep\n|turn|29\n|\n|t:|1653091331\n|switch|p1a: Golisopod|Golisopod, F|100\/100\n|-start|p1a: Golisopod|Lucarionite|[silent]\n|-damage|p1a: Golisopod|76\/100|[from] Stealth Rock\n|move|p2a: St. Jimmy|Slack Off|p2a: St. Jimmy\n|-heal|p2a: St. Jimmy|90\/100\n|\n|upkeep\n|turn|30\n|\n|t:|1653091336\n|-end|p2a: St. Jimmy|Manectite|[silent]\n|switch|p2a: Homecoming|Groudon|74\/100\n|-weather|SunnyDay|[from] ability: Drought|[of] p2a: Homecoming\n|move|p1a: Golisopod|First Impression|p2a: Homecoming\n|-damage|p2a: Homecoming|32\/100\n|\n|-weather|SunnyDay|[upkeep]\n|-heal|p2a: Homecoming|38\/100|[from] item: Leftovers\n|upkeep\n|turn|31\n|\n|t:|1653091344\n|move|p2a: Homecoming|Toxic|p1a: Golisopod|[miss]\n|-miss|p2a: Homecoming|p1a: Golisopod\n|move|p1a: Golisopod|Leech Life|p2a: Homecoming\n|-damage|p2a: Homecoming|2\/100\n|-heal|p1a: Golisopod|98\/100|[from] drain|[of] p2a: Homecoming\n|\n|-weather|SunnyDay|[upkeep]\n|-heal|p2a: Homecoming|8\/100|[from] item: Leftovers\n|upkeep\n|turn|32\n|\n|t:|1653091348\n|move|p1a: Golisopod|Aqua Jet|p2a: Homecoming\n|-supereffective|p2a: Homecoming\n|-damage|p2a: Homecoming|0 fnt\n|faint|p2a: Homecoming\n|\n|-weather|SunnyDay|[upkeep]\n|upkeep\n|\n|t:|1653091351\n|switch|p2a: Extraordinary Girl|Blissey, F|100\/100\n|-start|p2a: Extraordinary Girl|Ampharosite|[silent]\n|-start|p2a: Extraordinary Girl|typechange|Normal\/Dragon|[silent]\n|-ability|p2a: Extraordinary Girl|Mold Breaker\n|turn|33\n|\n|t:|1653091354\n|move|p1a: Golisopod|Leech Life|p2a: Extraordinary Girl\n|-damage|p2a: Extraordinary Girl|58\/100\n|-heal|p1a: Golisopod|100\/100|[from] drain|[of] p2a: Extraordinary Girl\n|move|p2a: Extraordinary Girl|Toxic|p1a: Golisopod\n|-status|p1a: Golisopod|tox\n|\n|-weather|SunnyDay|[upkeep]\n|-damage|p1a: Golisopod|94\/100 tox|[from] psn\n|upkeep\n|turn|34\n|\n|t:|1653091368\n|-end|p1a: Golisopod|Lucarionite|[silent]\n|switch|p1a: Arcanine|Arcanine, F|70\/100\n|-damage|p1a: Arcanine|45\/100|[from] Stealth Rock\n|-ability|p1a: Arcanine|Intimidate|boost\n|-unboost|p2a: Extraordinary Girl|atk|1\n|move|p2a: Extraordinary Girl|Soft-Boiled|p2a: Extraordinary Girl\n|-heal|p2a: Extraordinary Girl|100\/100\n|\n|-weather|none\n|upkeep\n|turn|35\n|\n|t:|1653091371\n|-end|p2a: Extraordinary Girl|Ampharosite|[silent]\n|switch|p2a: St. Jimmy|Slowbro, F|90\/100\n|-start|p2a: St. Jimmy|Manectite|[silent]\n|-ability|p2a: St. Jimmy|Intimidate|boost\n|-unboost|p1a: Arcanine|atk|1\n|move|p1a: Arcanine|Morning Sun|p1a: Arcanine\n|-heal|p1a: Arcanine|95\/100\n|\n|upkeep\n|turn|36\n|inactive|Axeloy has 120 seconds left.\n|inactive|Axeloy has 90 seconds left.\n|\n|t:|1653091434\n|switch|p1a: Golisopod|Golisopod, F|94\/100 tox\n|-start|p1a: Golisopod|Lucarionite|[silent]\n|-damage|p1a: Golisopod|69\/100 tox|[from] Stealth Rock\n|move|p2a: St. Jimmy|Scald|p1a: Golisopod\n|-resisted|p1a: Golisopod\n|-damage|p1a: Golisopod|51\/100 tox\n|\n|-damage|p1a: Golisopod|45\/100 tox|[from] psn\n|upkeep\n|turn|37\n|\n|t:|1653091439\n|-end|p2a: St. Jimmy|Manectite|[silent]\n|switch|p2a: Extraordinary Girl|Blissey, F|100\/100\n|-start|p2a: Extraordinary Girl|Ampharosite|[silent]\n|-start|p2a: Extraordinary Girl|typechange|Normal\/Dragon|[silent]\n|-ability|p2a: Extraordinary Girl|Mold Breaker\n|move|p1a: Golisopod|First Impression|p2a: Extraordinary Girl\n|-damage|p2a: Extraordinary Girl|48\/100\n|\n|-damage|p1a: Golisopod|32\/100 tox|[from] psn\n|upkeep\n|turn|38\n|\n|t:|1653091446\n|move|p1a: Golisopod|Leech Life|p2a: Extraordinary Girl\n|-damage|p2a: Extraordinary Girl|0 fnt\n|-heal|p1a: Golisopod|84\/100 tox|[from] drain|[of] p2a: Extraordinary Girl\n|faint|p2a: Extraordinary Girl\n|\n|-damage|p1a: Golisopod|66\/100 tox|[from] psn\n|upkeep\n|\n|t:|1653091449\n|switch|p2a: St. Jimmy|Slowbro, F|90\/100\n|-start|p2a: St. Jimmy|Manectite|[silent]\n|-ability|p2a: St. Jimmy|Intimidate|boost\n|-unboost|p1a: Golisopod|atk|1\n|turn|39\n|\n|t:|1653091456\n|-end|p1a: Golisopod|Lucarionite|[silent]\n|switch|p1a: Pelipper|Pelipper, M|100\/100\n|-damage|p1a: Pelipper|76\/100|[from] Stealth Rock\n|-weather|RainDance|[from] ability: Drizzle|[of] p1a: Pelipper\n|move|p2a: St. Jimmy|Scald|p1a: Pelipper\n|-resisted|p1a: Pelipper\n|-damage|p1a: Pelipper|31\/100\n|-status|p1a: Pelipper|brn\n|\n|-weather|RainDance|[upkeep]\n|-damage|p1a: Pelipper|25\/100 brn|[from] brn\n|upkeep\n|turn|40\n|inactive|Axeloy has 120 seconds left.\n|\n|t:|1653091463\n|detailschange|p1a: Pelipper|Pelipper, M\n|-mega|p1a: Pelipper|Pelipper|Sceptilite\n|-start|p1a: Pelipper|Sceptilite|[silent]\n|-start|p1a: Pelipper|typechange|Water\/Dragon|[silent]\n|move|p1a: Pelipper|Hurricane|p2a: St. Jimmy\n|-damage|p2a: St. Jimmy|54\/100\n|move|p2a: St. Jimmy|Slack Off|p2a: St. Jimmy\n|-heal|p2a: St. Jimmy|100\/100\n|\n|-weather|RainDance|[upkeep]\n|-damage|p1a: Pelipper|19\/100 brn|[from] brn\n|upkeep\n|turn|41\n|\n|t:|1653091472\n|move|p1a: Pelipper|Twister|p2a: St. Jimmy\n|-damage|p2a: St. Jimmy|82\/100\n|move|p2a: St. Jimmy|Teleport|p2a: St. Jimmy\n|\n|t:|1653091474\n|-end|p2a: St. Jimmy|Manectite|[silent]\n|switch|p2a: Letterbomb|Solgaleo|50\/100|[from]move: Teleport\n|-start|p2a: Letterbomb|Metagrossite|[silent]\n|\n|-weather|RainDance|[upkeep]\n|-damage|p1a: Pelipper|12\/100 brn|[from] brn\n|upkeep\n|turn|42\n|\n|t:|1653091476\n|move|p2a: Letterbomb|Morning Sun|p2a: Letterbomb\n|-heal|p2a: Letterbomb|75\/100\n|move|p1a: Pelipper|Surf|p2a: Letterbomb\n|-damage|p2a: Letterbomb|22\/100\n|\n|-weather|RainDance|[upkeep]\n|-damage|p1a: Pelipper|6\/100 brn|[from] brn\n|upkeep\n|turn|43\n|\n|t:|1653091480\n|move|p2a: Letterbomb|Psychic Fangs|p1a: Pelipper\n|-damage|p1a: Pelipper|0 fnt\n|faint|p1a: Pelipper\n|\n|-weather|none\n|upkeep\n|\n|t:|1653091505\n|switch|p1a: Golisopod|Golisopod, F|66\/100 tox\n|-start|p1a: Golisopod|Lucarionite|[silent]\n|-damage|p1a: Golisopod|41\/100 tox|[from] Stealth Rock\n|turn|44\n|\n|t:|1653091507\n|-end|p2a: Letterbomb|Metagrossite|[silent]\n|switch|p2a: St. Jimmy|Slowbro, F|82\/100\n|-start|p2a: St. Jimmy|Manectite|[silent]\n|-ability|p2a: St. Jimmy|Intimidate|boost\n|-unboost|p1a: Golisopod|atk|1\n|move|p1a: Golisopod|First Impression|p2a: St. Jimmy\n|-supereffective|p2a: St. Jimmy\n|-damage|p2a: St. Jimmy|27\/100\n|\n|-damage|p1a: Golisopod|35\/100 tox|[from] psn\n|upkeep\n|turn|45\n|\n|t:|1653091510\n|move|p1a: Golisopod|Leech Life|p2a: St. Jimmy\n|-supereffective|p2a: St. Jimmy\n|-damage|p2a: St. Jimmy|0 fnt\n|-heal|p1a: Golisopod|51\/100 tox|[from] drain|[of] p2a: St. Jimmy\n|faint|p2a: St. Jimmy\n|\n|-damage|p1a: Golisopod|39\/100 tox|[from] psn\n|upkeep\n|\n|t:|1653091512\n|switch|p2a: Letterbomb|Solgaleo|22\/100\n|-start|p2a: Letterbomb|Metagrossite|[silent]\n|turn|46\n|\n|t:|1653091514\n|-end|p1a: Golisopod|Lucarionite|[silent]\n|switch|p1a: Arcanine|Arcanine, F|95\/100\n|-damage|p1a: Arcanine|70\/100|[from] Stealth Rock\n|-ability|p1a: Arcanine|Intimidate|boost\n|-unboost|p2a: Letterbomb|atk|1\n|move|p2a: Letterbomb|Morning Sun|p2a: Letterbomb\n|-heal|p2a: Letterbomb|72\/100\n|\n|upkeep\n|turn|47\n|\n|t:|1653091519\n|move|p2a: Letterbomb|Psychic Fangs|p1a: Arcanine\n|-damage|p1a: Arcanine|15\/100\n|move|p1a: Arcanine|Morning Sun|p1a: Arcanine\n|-heal|p1a: Arcanine|64\/100\n|\n|upkeep\n|turn|48\n|\n|t:|1653091523\n|detailschange|p1a: Arcanine|Arcanine, F\n|-mega|p1a: Arcanine|Arcanine|Altarianite\n|-start|p1a: Arcanine|Altarianite|[silent]\n|-start|p1a: Arcanine|typechange|Fire\/Fairy|[silent]\n|move|p2a: Letterbomb|Psychic Fangs|p1a: Arcanine\n|-damage|p1a: Arcanine|17\/100\n|move|p1a: Arcanine|Flare Blitz|p2a: Letterbomb\n|-supereffective|p2a: Letterbomb\n|-damage|p2a: Letterbomb|0 fnt\n|faint|p2a: Letterbomb\n|-damage|p1a: Arcanine|0 fnt|[from] Recoil\n|faint|p1a: Arcanine\n|\n|win|Axeloy\n|n|\u2606Axeloy|axeloy\n|n|\u2606ferromolybdenum|ferromolybdenum\n|c|\u2606Axeloy|gg\n","uploadtime":1653091536,"views":7,"p1id":"axeloy","p2id":"ferromolybdenum","formatid":"gen8mixandmega","rating":0,"private":0,"password":null}