{"id":"gen8ou-1572154271","p1":"CoconutCrabs","p2":"quixana","format":"gen8ou","log":"|j|\u2606CoconutCrabs\n|j|\u2606quixana\n|t:|1652232955\n|gametype|singles\n|player|p1|CoconutCrabs|chuck|1764\n|player|p2|quixana|ethan-pokeathlon|1801\n|teamsize|p1|6\n|teamsize|p2|6\n|gen|8\n|tier|[Gen 8] OU\n|rated|\n|rule|Sleep Clause Mod: Limit one foe put to sleep\n|rule|Species Clause: Limit one of each Pok\u00e9mon\n|rule|OHKO Clause: OHKO moves are banned\n|rule|Evasion Moves Clause: Evasion moves are banned\n|rule|Endless Battle Clause: Forcing endless battles is banned\n|rule|HP Percentage Mod: HP is shown in percentages\n|rule|Dynamax Clause: You cannot dynamax\n|clearpoke\n|poke|p1|Tyranitar, M|\n|poke|p1|Excadrill, F|\n|poke|p1|Tornadus-Therian, M|\n|poke|p1|Toxapex, F|\n|poke|p1|Heatran, M|\n|poke|p1|Tangrowth, M|\n|poke|p2|Xatu, F|\n|poke|p2|Corviknight, F|\n|poke|p2|Mandibuzz, F|\n|poke|p2|Quagsire, M|\n|poke|p2|Toxapex, F|\n|poke|p2|Reuniclus, M|\n|teampreview\n|j| DA COME UP\n|j| Sauromon\n|\n|t:|1652232989\n|start\n|switch|p1a: Baby|Toxapex, F|100\/100\n|switch|p2a: Mandibuzz|Mandibuzz, F|100\/100\n|turn|1\n|inactive|Battle timer is ON: inactive players will automatically lose when time's up. (requested by CoconutCrabs)\n|\n|t:|1652233017\n|switch|p2a: Corviknight|Corviknight, F|100\/100\n|-ability|p2a: Corviknight|Pressure\n|move|p1a: Baby|Knock Off|p2a: Corviknight\n|-damage|p2a: Corviknight|91\/100\n|-enditem|p2a: Corviknight|Shed Shell|[from] move: Knock Off|[of] p1a: Baby\n|\n|upkeep\n|turn|2\n|j| ikoero\n|\n|t:|1652233030\n|move|p2a: Corviknight|Body Press|p1a: Baby\n|-resisted|p1a: Baby\n|-damage|p1a: Baby|93\/100\n|-damage|p2a: Corviknight|75\/100|[from] item: Rocky Helmet|[of] p1a: Baby\n|move|p1a: Baby|Scald|p2a: Corviknight\n|-damage|p2a: Corviknight|60\/100\n|-status|p2a: Corviknight|brn\n|\n|-damage|p2a: Corviknight|54\/100 brn|[from] brn\n|upkeep\n|turn|3\n|\n|t:|1652233035\n|move|p2a: Corviknight|Roost|p2a: Corviknight\n|-heal|p2a: Corviknight|100\/100 brn\n|-singleturn|p2a: Corviknight|move: Roost\n|move|p1a: Baby|Knock Off|p2a: Corviknight\n|-damage|p2a: Corviknight|94\/100 brn\n|\n|-damage|p2a: Corviknight|87\/100 brn|[from] brn\n|upkeep\n|turn|4\n|j| mate amargo\n|inactive|quixana has 120 seconds left.\n|c|\u2606CoconutCrabs|you are playing stall hurry tf up\n|c|\u2606quixana|?\n|j| ppev\n|c|\u2606CoconutCrabs|move\n|inactive|quixana has 90 seconds left.\n|c|\u2606CoconutCrabs|click\n|c|\u2606quixana|?\n|l| Sauromon\n|c|\u2606CoconutCrabs|?\n|\n|t:|1652233110\n|move|p2a: Corviknight|Iron Defense|p2a: Corviknight\n|-boost|p2a: Corviknight|def|2\n|move|p1a: Baby|Knock Off|p2a: Corviknight\n|-damage|p2a: Corviknight|84\/100 brn\n|\n|-damage|p2a: Corviknight|78\/100 brn|[from] brn\n|upkeep\n|turn|5\n|j| Sauromon\n|\n|t:|1652233123\n|move|p2a: Corviknight|Body Press|p1a: Baby\n|-resisted|p1a: Baby\n|-damage|p1a: Baby|84\/100\n|-damage|p2a: Corviknight|61\/100 brn|[from] item: Rocky Helmet|[of] p1a: Baby\n|move|p1a: Baby|Haze|p1a: Baby\n|-clearallboost\n|\n|-damage|p2a: Corviknight|55\/100 brn|[from] brn\n|upkeep\n|turn|6\n|\n|t:|1652233127\n|switch|p1a: Pretty|Tangrowth, M|100\/100\n|move|p2a: Corviknight|Roost|p2a: Corviknight\n|-heal|p2a: Corviknight|100\/100 brn\n|-singleturn|p2a: Corviknight|move: Roost\n|\n|-damage|p2a: Corviknight|94\/100 brn|[from] brn\n|upkeep\n|turn|7\n|l| ppev\n|inactive|quixana has 90 seconds left.\n|j| LT_Alt1\n|\n|t:|1652233139\n|switch|p1a: Baby|Toxapex, F|100\/100\n|move|p2a: Corviknight|Iron Defense|p2a: Corviknight\n|-boost|p2a: Corviknight|def|2\n|\n|-damage|p2a: Corviknight|88\/100 brn|[from] brn\n|upkeep\n|turn|8\n|inactive|quixana has 90 seconds left.\n|\n|t:|1652233145\n|switch|p1a: Pretty|Tangrowth, M|100\/100\n|move|p2a: Corviknight|Iron Defense|p2a: Corviknight\n|-boost|p2a: Corviknight|def|2\n|\n|-damage|p2a: Corviknight|82\/100 brn|[from] brn\n|upkeep\n|turn|9\n|inactive|quixana has 90 seconds left.\n|\n|t:|1652233176\n|switch|p1a: Baby|Toxapex, F|100\/100\n|move|p2a: Corviknight|Iron Defense|p2a: Corviknight\n|-boost|p2a: Corviknight|def|2\n|\n|-damage|p2a: Corviknight|75\/100 brn|[from] brn\n|upkeep\n|turn|10\n|\n|t:|1652233181\n|move|p2a: Corviknight|Body Press|p1a: Baby\n|-resisted|p1a: Baby\n|-damage|p1a: Baby|84\/100\n|-damage|p2a: Corviknight|59\/100 brn|[from] item: Rocky Helmet|[of] p1a: Baby\n|move|p1a: Baby|Haze|p1a: Baby\n|-clearallboost\n|\n|-damage|p2a: Corviknight|53\/100 brn|[from] brn\n|upkeep\n|turn|11\n|\n|t:|1652233183\n|switch|p1a: Pretty|Tangrowth, M|100\/100\n|move|p2a: Corviknight|Roost|p2a: Corviknight\n|-heal|p2a: Corviknight|100\/100 brn\n|-singleturn|p2a: Corviknight|move: Roost\n|\n|-damage|p2a: Corviknight|94\/100 brn|[from] brn\n|upkeep\n|turn|12\n|j| ppev\n|inactive|quixana has 90 seconds left.\n|\n|t:|1652233196\n|switch|p2a: Highv0ltag3|Xatu, F|100\/100\n|move|p1a: Pretty|Knock Off|p2a: Highv0ltag3\n|-supereffective|p2a: Highv0ltag3\n|-damage|p2a: Highv0ltag3|45\/100\n|-enditem|p2a: Highv0ltag3|Leftovers|[from] move: Knock Off|[of] p1a: Pretty\n|\n|upkeep\n|turn|13\n|\n|t:|1652233203\n|switch|p1a: Boogers|Tyranitar, M|100\/100\n|-weather|Sandstorm|[from] ability: Sand Stream|[of] p1a: Boogers\n|move|p2a: Highv0ltag3|Roost|p2a: Highv0ltag3\n|-heal|p2a: Highv0ltag3|95\/100\n|-singleturn|p2a: Highv0ltag3|move: Roost\n|\n|-weather|Sandstorm|[upkeep]\n|-damage|p2a: Highv0ltag3|89\/100|[from] Sandstorm\n|upkeep\n|turn|14\n|\n|t:|1652233214\n|switch|p2a: Quagsire|Quagsire, M|100\/100\n|move|p1a: Boogers|Rock Blast|p2a: Quagsire\n|-resisted|p2a: Quagsire\n|-damage|p2a: Quagsire|97\/100\n|-resisted|p2a: Quagsire\n|-damage|p2a: Quagsire|93\/100\n|-hitcount|p2a: Quagsire|2\n|\n|-weather|Sandstorm|[upkeep]\n|-heal|p2a: Quagsire|99\/100|[from] item: Leftovers\n|upkeep\n|turn|15\n|\n|t:|1652233220\n|switch|p1a: Baby|Toxapex, F|100\/100\n|move|p2a: Quagsire|Toxic|p1a: Baby|[miss]\n|-miss|p2a: Quagsire|p1a: Baby\n|\n|-weather|Sandstorm|[upkeep]\n|-damage|p1a: Baby|95\/100|[from] Sandstorm\n|-heal|p2a: Quagsire|100\/100|[from] item: Leftovers\n|upkeep\n|turn|16\n|\n|t:|1652233234\n|switch|p2a: Corviknight|Corviknight, F|94\/100 brn\n|-ability|p2a: Corviknight|Pressure\n|move|p1a: Baby|Knock Off|p2a: Corviknight\n|-damage|p2a: Corviknight|87\/100 brn\n|\n|-weather|Sandstorm|[upkeep]\n|-damage|p1a: Baby|89\/100|[from] Sandstorm\n|-damage|p2a: Corviknight|81\/100 brn|[from] brn\n|upkeep\n|turn|17\n|l| Sauromon\n|\n|t:|1652233243\n|switch|p2a: Highv0ltag3|Xatu, F|89\/100\n|switch|p1a: Pretty|Tangrowth, M|100\/100\n|\n|-weather|none\n|upkeep\n|turn|18\n|\n|t:|1652233247\n|switch|p1a: Boogers|Tyranitar, M|100\/100\n|-weather|Sandstorm|[from] ability: Sand Stream|[of] p1a: Boogers\n|move|p2a: Highv0ltag3|Toxic|p1a: Boogers\n|-status|p1a: Boogers|tox\n|\n|-weather|Sandstorm|[upkeep]\n|-damage|p2a: Highv0ltag3|83\/100|[from] Sandstorm\n|-damage|p1a: Boogers|94\/100 tox|[from] psn\n|upkeep\n|turn|19\n|inactive|quixana has 120 seconds left.\n|\n|t:|1652233253\n|switch|p2a: Corviknight|Corviknight, F|81\/100 brn\n|-ability|p2a: Corviknight|Pressure\n|move|p1a: Boogers|Stealth Rock|p2a: Corviknight\n|-sidestart|p2: quixana|move: Stealth Rock\n|\n|-weather|Sandstorm|[upkeep]\n|-heal|p1a: Boogers|100\/100 tox|[from] item: Leftovers\n|-damage|p1a: Boogers|88\/100 tox|[from] psn\n|-damage|p2a: Corviknight|75\/100 brn|[from] brn\n|upkeep\n|turn|20\n|\n|t:|1652233260\n|switch|p1a: Baby|Toxapex, F|100\/100\n|move|p2a: Corviknight|Defog|p1a: Baby\n|-unboost|p1a: Baby|evasion|1\n|-sideend|p2: quixana|Stealth Rock|[from] move: Defog|[of] p2a: Corviknight\n|\n|-weather|Sandstorm|[upkeep]\n|-damage|p1a: Baby|95\/100|[from] Sandstorm\n|-damage|p2a: Corviknight|69\/100 brn|[from] brn\n|upkeep\n|turn|21\n|\n|t:|1652233269\n|switch|p2a: Highv0ltag3|Xatu, F|83\/100\n|move|p1a: Baby|Knock Off|p2a: Highv0ltag3\n|-supereffective|p2a: Highv0ltag3\n|-damage|p2a: Highv0ltag3|55\/100\n|\n|-weather|Sandstorm|[upkeep]\n|-damage|p2a: Highv0ltag3|49\/100|[from] Sandstorm\n|-damage|p1a: Baby|89\/100|[from] Sandstorm\n|upkeep\n|turn|22\n|\n|t:|1652233275\n|move|p2a: Highv0ltag3|Roost|p2a: Highv0ltag3\n|-heal|p2a: Highv0ltag3|99\/100\n|-singleturn|p2a: Highv0ltag3|move: Roost\n|move|p1a: Baby|Scald|p2a: Highv0ltag3\n|-damage|p2a: Highv0ltag3|84\/100\n|\n|-weather|none\n|upkeep\n|turn|23\n|\n|t:|1652233279\n|switch|p1a: Boogers|Tyranitar, M|88\/100 tox\n|-weather|Sandstorm|[from] ability: Sand Stream|[of] p1a: Boogers\n|move|p2a: Highv0ltag3|Calm Mind|p2a: Highv0ltag3\n|-boost|p2a: Highv0ltag3|spa|1\n|-boost|p2a: Highv0ltag3|spd|1\n|\n|-weather|Sandstorm|[upkeep]\n|-damage|p2a: Highv0ltag3|78\/100|[from] Sandstorm\n|-heal|p1a: Boogers|94\/100 tox|[from] item: Leftovers\n|-damage|p1a: Boogers|88\/100 tox|[from] psn\n|upkeep\n|turn|24\n|\n|t:|1652233284\n|switch|p2a: Corviknight|Corviknight, F|69\/100 brn\n|-ability|p2a: Corviknight|Pressure\n|switch|p1a: Little Man|Heatran, M|100\/100\n|\n|-weather|Sandstorm|[upkeep]\n|-damage|p2a: Corviknight|62\/100 brn|[from] brn\n|upkeep\n|turn|25\n|\n|t:|1652233291\n|switch|p2a: Highv0ltag3|Xatu, F|78\/100\n|move|p1a: Little Man|Earth Power|p2a: Highv0ltag3\n|-immune|p2a: Highv0ltag3\n|\n|-weather|Sandstorm|[upkeep]\n|-damage|p2a: Highv0ltag3|72\/100|[from] Sandstorm\n|upkeep\n|turn|26\n|j| Fugly2\n|\n|t:|1652233297\n|switch|p1a: Baby|Toxapex, F|100\/100\n|move|p2a: Highv0ltag3|Calm Mind|p2a: Highv0ltag3\n|-boost|p2a: Highv0ltag3|spa|1\n|-boost|p2a: Highv0ltag3|spd|1\n|\n|-weather|Sandstorm|[upkeep]\n|-damage|p2a: Highv0ltag3|66\/100|[from] Sandstorm\n|-damage|p1a: Baby|95\/100|[from] Sandstorm\n|upkeep\n|turn|27\n|l| ppev\n|l| Fugly2\n|\n|t:|1652233305\n|switch|p1a: Boogers|Tyranitar, M|88\/100 tox\n|move|p2a: Highv0ltag3|Roost|p2a: Highv0ltag3\n|-heal|p2a: Highv0ltag3|100\/100\n|-singleturn|p2a: Highv0ltag3|move: Roost\n|\n|-weather|none\n|-heal|p1a: Boogers|94\/100 tox|[from] item: Leftovers\n|-damage|p1a: Boogers|88\/100 tox|[from] psn\n|upkeep\n|turn|28\n|\n|t:|1652233311\n|switch|p2a: Corviknight|Corviknight, F|62\/100 brn\n|-ability|p2a: Corviknight|Pressure\n|move|p1a: Boogers|Rock Blast|p2a: Corviknight\n|-damage|p2a: Corviknight|56\/100 brn\n|-damage|p2a: Corviknight|49\/100 brn\n|-damage|p2a: Corviknight|42\/100 brn\n|-damage|p2a: Corviknight|35\/100 brn\n|-hitcount|p2a: Corviknight|4\n|\n|-heal|p1a: Boogers|94\/100 tox|[from] item: Leftovers\n|-damage|p1a: Boogers|82\/100 tox|[from] psn\n|-damage|p2a: Corviknight|29\/100 brn|[from] brn\n|upkeep\n|turn|29\n|\n|t:|1652233318\n|switch|p1a: Paloma|Tornadus-Therian, M|100\/100\n|move|p2a: Corviknight|Roost|p2a: Corviknight\n|-heal|p2a: Corviknight|79\/100 brn\n|-singleturn|p2a: Corviknight|move: Roost\n|\n|-damage|p2a: Corviknight|73\/100 brn|[from] brn\n|upkeep\n|turn|30\n|\n|t:|1652233327\n|switch|p2a: Reuniclus|Reuniclus, M|100\/100\n|move|p1a: Paloma|Heat Wave|p2a: Reuniclus\n|-damage|p2a: Reuniclus|80\/100\n|\n|upkeep\n|turn|31\n|c|\u2606quixana|move\n|c|\u2606quixana|cmon bro\n|inactive|CoconutCrabs has 120 seconds left.\n|c|\u2606quixana|you are playing sand balance\n|c|\u2606quixana|click click click\n|inactive|CoconutCrabs has 90 seconds left.\n|\n|t:|1652233394\n|switch|p1a: Baby|Toxapex, F|100\/100\n|move|p2a: Reuniclus|Knock Off|p1a: Baby\n|-damage|p1a: Baby|92\/100\n|-damage|p2a: Reuniclus|64\/100|[from] item: Rocky Helmet|[of] p1a: Baby\n|-enditem|p1a: Baby|Rocky Helmet|[from] move: Knock Off|[of] p2a: Reuniclus\n|\n|upkeep\n|turn|32\n|inactive|CoconutCrabs has 90 seconds left.\n|\n|t:|1652233400\n|switch|p2a: Highv0ltag3|Xatu, F|100\/100\n|switch|p1a: Boogers|Tyranitar, M|82\/100 tox\n|-weather|Sandstorm|[from] ability: Sand Stream|[of] p1a: Boogers\n|\n|-weather|Sandstorm|[upkeep]\n|-damage|p2a: Highv0ltag3|95\/100|[from] Sandstorm\n|-heal|p1a: Boogers|88\/100 tox|[from] item: Leftovers\n|-damage|p1a: Boogers|82\/100 tox|[from] psn\n|upkeep\n|turn|33\n|\n|t:|1652233405\n|switch|p2a: Corviknight|Corviknight, F|73\/100 brn\n|-ability|p2a: Corviknight|Pressure\n|move|p1a: Boogers|Stealth Rock|p2a: Corviknight\n|-sidestart|p2: quixana|move: Stealth Rock\n|\n|-weather|Sandstorm|[upkeep]\n|-heal|p1a: Boogers|88\/100 tox|[from] item: Leftovers\n|-damage|p1a: Boogers|76\/100 tox|[from] psn\n|-damage|p2a: Corviknight|67\/100 brn|[from] brn\n|upkeep\n|turn|34\n|\n|t:|1652233412\n|switch|p1a: Little Man|Heatran, M|100\/100\n|move|p2a: Corviknight|Defog|p1a: Little Man\n|-unboost|p1a: Little Man|evasion|1\n|-sideend|p2: quixana|Stealth Rock|[from] move: Defog|[of] p2a: Corviknight\n|\n|-weather|Sandstorm|[upkeep]\n|-damage|p2a: Corviknight|60\/100 brn|[from] brn\n|upkeep\n|turn|35\n|\n|t:|1652233423\n|switch|p2a: Reuniclus|Reuniclus, M|97\/100\n|move|p1a: Little Man|Earth Power|p2a: Reuniclus\n|-damage|p2a: Reuniclus|83\/100\n|\n|-weather|Sandstorm|[upkeep]\n|-damage|p2a: Reuniclus|77\/100|[from] Sandstorm\n|upkeep\n|turn|36\n|\n|t:|1652233428\n|switch|p1a: Baby|Toxapex, F|100\/100\n|move|p2a: Reuniclus|Knock Off|p1a: Baby\n|-damage|p1a: Baby|95\/100\n|\n|-weather|none\n|upkeep\n|turn|37\n|\n|t:|1652233442\n|switch|p2a: Highv0ltag3|Xatu, F|95\/100\n|switch|p1a: Paloma|Tornadus-Therian, M|100\/100\n|\n|upkeep\n|turn|38\n|j| regichaad\n|\n|t:|1652233448\n|move|p1a: Paloma|Hurricane|p2a: Highv0ltag3|[miss]\n|-miss|p1a: Paloma|p2a: Highv0ltag3\n|move|p2a: Highv0ltag3|Toxic|p1a: Paloma\n|-status|p1a: Paloma|tox\n|\n|-damage|p1a: Paloma|94\/100 tox|[from] psn\n|upkeep\n|turn|39\n|\n|t:|1652233454\n|move|p1a: Paloma|Hurricane|p2a: Highv0ltag3|[miss]\n|-miss|p1a: Paloma|p2a: Highv0ltag3\n|move|p2a: Highv0ltag3|Calm Mind|p2a: Highv0ltag3\n|-boost|p2a: Highv0ltag3|spa|1\n|-boost|p2a: Highv0ltag3|spd|1\n|\n|-damage|p1a: Paloma|82\/100 tox|[from] psn\n|upkeep\n|turn|40\n|j| BabyPigsAreLaughin\n|inactive|CoconutCrabs has 120 seconds left.\n|inactive|quixana has 120 seconds left.\n|\n|t:|1652233498\n|switch|p2a: Mandibuzz|Mandibuzz, F|100\/100\n|move|p1a: Paloma|Hurricane|p2a: Mandibuzz|[miss]\n|-miss|p1a: Paloma|p2a: Mandibuzz\n|\n|-damage|p1a: Paloma|64\/100 tox|[from] psn\n|upkeep\n|turn|41\n|c|\u2606CoconutCrabs|fuck off\n|-message|CoconutCrabs forfeited.\n|\n|win|quixana\n|raw|CoconutCrabs's rating: 1764 &rarr; <strong>1745<\/strong><br \/>(-19 for losing)\n|raw|quixana's rating: 1777 &rarr; <strong>1796<\/strong><br \/>(+19 for winning)\n|l|\u2606CoconutCrabs\n|l| DA COME UP\n|c|\u2606quixana|gg\n|l| LT_Alt1\n|l| regichaad\n||Ladder isn't responding, score probably updated but might not have (Request timeout).\n","uploadtime":1652233536,"views":126,"p1id":"coconutcrabs","p2id":"quixana","formatid":"gen8ou","rating":1745,"private":0,"password":null}