{"id":"gen8ou-1706169904","p1":"BLOATED_BAGEL","p2":"minimax_ai","format":"gen8ou","log":"|j|\u2606BLOATED_BAGEL\n|j|\u2606minimax_ai\n|t:|1667954308\n|gametype|singles\n|player|p1|BLOATED_BAGEL|266|1741\n|player|p2|minimax_ai|169|1658\n|teamsize|p1|6\n|teamsize|p2|6\n|gen|8\n|tier|[Gen 8] OU\n|rated|\n|rule|Sleep Clause Mod: Limit one foe put to sleep\n|rule|Species Clause: Limit one of each Pok\u00e9mon\n|rule|OHKO Clause: OHKO moves are banned\n|rule|Evasion Items Clause: Evasion items are banned\n|rule|Evasion Moves Clause: Evasion moves are banned\n|rule|Endless Battle Clause: Forcing endless battles is banned\n|rule|HP Percentage Mod: HP is shown in percentages\n|rule|Dynamax Clause: You cannot dynamax\n|clearpoke\n|poke|p1|Landorus-Therian, M|\n|poke|p1|Ferrothorn, M|\n|poke|p1|Urshifu-*, F|\n|poke|p1|Tornadus-Therian, M|\n|poke|p1|Dragapult, M|\n|poke|p1|Tapu Lele|\n|poke|p2|Rotom-Wash|\n|poke|p2|Weavile, M|\n|poke|p2|Landorus-Therian, M|\n|poke|p2|Heatran, M|\n|poke|p2|Tangrowth, F|\n|poke|p2|Melmetal|\n|teampreview\n|c|\u2606minimax_ai|hf\n|inactive|Battle timer is ON: inactive players will automatically lose when time's up. (requested by minimax_ai)\n|c|\u2606BLOATED_BAGEL|u2\n|\n|t:|1667954315\n|start\n|switch|p1a: Urshifu|Urshifu-Rapid-Strike, F|100\/100\n|switch|p2a: landorustherian|Landorus-Therian, M|100\/100\n|-ability|p2a: landorustherian|Intimidate|boost\n|-unboost|p1a: Urshifu|atk|1\n|turn|1\n|\n|t:|1667954317\n|switch|p2a: Tangrowth|Tangrowth, F|100\/100\n|move|p1a: Urshifu|U-turn|p2a: Tangrowth\n|-supereffective|p2a: Tangrowth\n|-damage|p2a: Tangrowth|77\/100\n|-damage|p1a: Urshifu|84\/100|[from] item: Rocky Helmet|[of] p2a: Tangrowth\n|j| Serek94\n|\n|t:|1667954325\n|switch|p1a: Tornadus|Tornadus-Therian, M|100\/100|[from]move: U-turn\n|\n|upkeep\n|turn|2\n|\n|t:|1667954329\n|switch|p2a: Heatran|Heatran, M|100\/100\n|-item|p2a: Heatran|Air Balloon\n|move|p1a: Tornadus|Knock Off|p2a: Heatran\n|-damage|p2a: Heatran|80\/100\n|-enditem|p2a: Heatran|Air Balloon\n|\n|upkeep\n|turn|3\n|\n|t:|1667954336\n|switch|p1a: Landorus|Landorus-Therian, M|100\/100\n|-ability|p1a: Landorus|Intimidate|boost\n|-unboost|p2a: Heatran|atk|1\n|move|p2a: Heatran|Magma Storm|p1a: Landorus|[miss]\n|-miss|p2a: Heatran|p1a: Landorus\n|\n|upkeep\n|turn|4\n|\n|t:|1667954339\n|switch|p2a: Tangrowth|Tangrowth, F|100\/100\n|move|p1a: Landorus|Toxic|p2a: Tangrowth\n|-status|p2a: Tangrowth|tox\n|\n|-damage|p2a: Tangrowth|94\/100 tox|[from] psn\n|upkeep\n|turn|5\n|\n|t:|1667954342\n|switch|p1a: Ferrothorn|Ferrothorn, M|100\/100\n|move|p2a: Tangrowth|Sleep Powder|p1a: Ferrothorn\n|-immune|p1a: Ferrothorn\n|\n|-damage|p2a: Tangrowth|82\/100 tox|[from] psn\n|upkeep\n|turn|6\n|\n|t:|1667954345\n|switch|p2a: landorustherian|Landorus-Therian, M|100\/100\n|-ability|p2a: landorustherian|Intimidate|boost\n|-unboost|p1a: Ferrothorn|atk|1\n|switch|p1a: Dragapult|Dragapult, M|100\/100\n|\n|upkeep\n|turn|7\n|\n|t:|1667954351\n|move|p1a: Dragapult|U-turn|p2a: landorustherian\n|-resisted|p2a: landorustherian\n|-crit|p2a: landorustherian\n|-damage|p2a: landorustherian|89\/100\n|\n|t:|1667954354\n|switch|p1a: Landorus|Landorus-Therian, M|100\/100|[from]move: U-turn\n|-ability|p1a: Landorus|Intimidate|boost\n|-unboost|p2a: landorustherian|atk|1\n|move|p2a: landorustherian|Earthquake|p1a: Landorus\n|-immune|p1a: Landorus\n|\n|-heal|p2a: landorustherian|95\/100|[from] item: Leftovers\n|upkeep\n|turn|8\n|\n|t:|1667954358\n|move|p2a: landorustherian|Toxic|p1a: Landorus\n|-status|p1a: Landorus|tox\n|move|p1a: Landorus|Toxic|p2a: landorustherian\n|-status|p2a: landorustherian|tox\n|\n|-heal|p2a: landorustherian|100\/100 tox|[from] item: Leftovers\n|-damage|p1a: Landorus|94\/100 tox|[from] psn\n|-damage|p2a: landorustherian|94\/100 tox|[from] psn\n|upkeep\n|turn|9\n|\n|t:|1667954360\n|switch|p2a: rotomwash|Rotom-Wash|100\/100\n|move|p1a: Landorus|U-turn|p2a: rotomwash\n|-damage|p2a: rotomwash|77\/100\n|l| Serek94\n|\n|t:|1667954363\n|switch|p1a: Ferrothorn|Ferrothorn, M|100\/100|[from]move: U-turn\n|\n|-heal|p2a: rotomwash|84\/100|[from] item: Leftovers\n|upkeep\n|turn|10\n|\n|t:|1667954367\n|switch|p2a: landorustherian|Landorus-Therian, M|94\/100 tox\n|-ability|p2a: landorustherian|Intimidate|boost\n|-unboost|p1a: Ferrothorn|atk|1\n|move|p1a: Ferrothorn|Stealth Rock|p2a: landorustherian\n|-sidestart|p2: minimax_ai|move: Stealth Rock\n|\n|-heal|p2a: landorustherian|100\/100 tox|[from] item: Leftovers\n|-damage|p2a: landorustherian|94\/100 tox|[from] psn\n|upkeep\n|turn|11\n|\n|t:|1667954370\n|move|p2a: landorustherian|Earthquake|p1a: Ferrothorn\n|-damage|p1a: Ferrothorn|73\/100\n|move|p1a: Ferrothorn|Knock Off|p2a: landorustherian\n|-damage|p2a: landorustherian|80\/100 tox\n|-enditem|p2a: landorustherian|Leftovers|[from] move: Knock Off|[of] p1a: Ferrothorn\n|\n|-damage|p2a: landorustherian|68\/100 tox|[from] psn\n|upkeep\n|turn|12\n|\n|t:|1667954371\n|move|p2a: landorustherian|Defog|p1a: Ferrothorn\n|-unboost|p1a: Ferrothorn|evasion|1\n|-sideend|p2: minimax_ai|Stealth Rock|[from] move: Defog|[of] p2a: landorustherian\n|move|p1a: Ferrothorn|Leech Seed|p2a: landorustherian\n|-start|p2a: landorustherian|move: Leech Seed\n|\n|-damage|p2a: landorustherian|56\/100 tox|[from] Leech Seed|[of] p1a: Ferrothorn\n|-heal|p1a: Ferrothorn|87\/100|[silent]\n|-damage|p2a: landorustherian|38\/100 tox|[from] psn\n|upkeep\n|turn|13\n|\n|t:|1667954373\n|move|p2a: landorustherian|U-turn|p1a: Ferrothorn\n|-damage|p1a: Ferrothorn|74\/100\n|-damage|p2a: landorustherian|25\/100 tox|[from] ability: Iron Barbs|[of] p1a: Ferrothorn\n|-damage|p2a: landorustherian|9\/100 tox|[from] item: Rocky Helmet|[of] p1a: Ferrothorn\n|\n|t:|1667954373\n|switch|p2a: Tangrowth|Tangrowth, F|100\/100 tox|[from]move: U-turn\n|move|p1a: Ferrothorn|Stealth Rock|p2a: Tangrowth\n|-sidestart|p2: minimax_ai|move: Stealth Rock\n|\n|-damage|p2a: Tangrowth|94\/100 tox|[from] psn\n|upkeep\n|turn|14\n|\n|t:|1667954380\n|move|p2a: Tangrowth|Knock Off|p1a: Ferrothorn\n|-damage|p1a: Ferrothorn|61\/100\n|-damage|p2a: Tangrowth|82\/100 tox|[from] ability: Iron Barbs|[of] p1a: Ferrothorn\n|-damage|p2a: Tangrowth|65\/100 tox|[from] item: Rocky Helmet|[of] p1a: Ferrothorn\n|-enditem|p1a: Ferrothorn|Rocky Helmet|[from] move: Knock Off|[of] p2a: Tangrowth\n|move|p1a: Ferrothorn|Knock Off|p2a: Tangrowth\n|-damage|p2a: Tangrowth|58\/100 tox\n|-damage|p1a: Ferrothorn|45\/100|[from] item: Rocky Helmet|[of] p2a: Tangrowth\n|-enditem|p2a: Tangrowth|Rocky Helmet|[from] move: Knock Off|[of] p1a: Ferrothorn\n|\n|-damage|p2a: Tangrowth|46\/100 tox|[from] psn\n|upkeep\n|turn|15\n|\n|t:|1667954383\n|switch|p2a: landorustherian|Landorus-Therian, M|9\/100 tox\n|-damage|p2a: landorustherian|0 fnt|[from] Stealth Rock\n|faint|p2a: landorustherian\n|move|p1a: Ferrothorn|Gyro Ball|p2: landorustherian|[notarget]\n|-fail|p1a: Ferrothorn\n|\n|upkeep\n|\n|t:|1667954383\n|switch|p2a: Heatran|Heatran, M|80\/100\n|-damage|p2a: Heatran|68\/100|[from] Stealth Rock\n|turn|16\n|\n|t:|1667954393\n|switch|p1a: Urshifu|Urshifu-Rapid-Strike, F|84\/100\n|move|p2a: Heatran|Stealth Rock|p1a: Urshifu\n|-sidestart|p1: BLOATED_BAGEL|move: Stealth Rock\n|\n|upkeep\n|turn|17\n|\n|t:|1667954395\n|switch|p2a: Tangrowth|Tangrowth, F|79\/100 tox\n|-damage|p2a: Tangrowth|66\/100 tox|[from] Stealth Rock\n|move|p1a: Urshifu|Close Combat|p2a: Tangrowth\n|-damage|p2a: Tangrowth|20\/100 tox\n|-unboost|p1a: Urshifu|def|1\n|-unboost|p1a: Urshifu|spd|1\n|\n|-damage|p2a: Tangrowth|14\/100 tox|[from] psn\n|upkeep\n|turn|18\n|\n|t:|1667954396\n|move|p1a: Urshifu|Close Combat|p2a: Tangrowth\n|-damage|p2a: Tangrowth|0 fnt\n|-unboost|p1a: Urshifu|def|1\n|-unboost|p1a: Urshifu|spd|1\n|faint|p2a: Tangrowth\n|\n|upkeep\n|\n|t:|1667954396\n|switch|p2a: Melmetal|Melmetal|100\/100\n|-damage|p2a: Melmetal|94\/100|[from] Stealth Rock\n|turn|19\n|\n|t:|1667954398\n|move|p1a: Urshifu|Close Combat|p2a: Melmetal\n|-supereffective|p2a: Melmetal\n|-damage|p2a: Melmetal|0 fnt\n|-unboost|p1a: Urshifu|def|1\n|-unboost|p1a: Urshifu|spd|1\n|faint|p2a: Melmetal\n|\n|upkeep\n|\n|t:|1667954399\n|switch|p2a: Weavile|Weavile, M|100\/100\n|-damage|p2a: Weavile|76\/100|[from] Stealth Rock\n|-ability|p2a: Weavile|Pressure\n|turn|20\n|\n|t:|1667954404\n|switch|p1a: Ferrothorn|Ferrothorn, M|45\/100\n|-damage|p1a: Ferrothorn|38\/100|[from] Stealth Rock\n|move|p2a: Weavile|Triple Axel|p1a: Ferrothorn\n|-damage|p1a: Ferrothorn|30\/100\n|-damage|p2a: Weavile|63\/100|[from] ability: Iron Barbs|[of] p1a: Ferrothorn\n|-damage|p1a: Ferrothorn|13\/100\n|-damage|p2a: Weavile|51\/100|[from] ability: Iron Barbs|[of] p1a: Ferrothorn\n|-damage|p1a: Ferrothorn|0 fnt\n|-damage|p2a: Weavile|38\/100|[from] ability: Iron Barbs|[of] p1a: Ferrothorn\n|faint|p1a: Ferrothorn\n|-hitcount|p1: Ferrothorn|3\n|\n|upkeep\n|\n|t:|1667954418\n|switch|p1a: Dragapult|Dragapult, M|100\/100\n|-damage|p1a: Dragapult|88\/100|[from] Stealth Rock\n|turn|21\n|\n|t:|1667954420\n|move|p1a: Dragapult|U-turn|p2a: Weavile\n|-supereffective|p2a: Weavile\n|-damage|p2a: Weavile|0 fnt\n|faint|p2a: Weavile\n|\n|t:|1667954423\n|switch|p1a: Urshifu|Urshifu-Rapid-Strike, F|84\/100|[from]move: U-turn\n|-damage|p1a: Urshifu|78\/100|[from] Stealth Rock\n|\n|upkeep\n|\n|t:|1667954424\n|switch|p2a: rotomwash|Rotom-Wash|84\/100\n|-damage|p2a: rotomwash|71\/100|[from] Stealth Rock\n|turn|22\n|\n|t:|1667954427\n|move|p1a: Urshifu|U-turn|p2a: rotomwash\n|-damage|p2a: rotomwash|30\/100\n|\n|t:|1667954432\n|switch|p1a: Landorus|Landorus-Therian, M|94\/100 tox|[from]move: U-turn\n|-damage|p1a: Landorus|82\/100 tox|[from] Stealth Rock\n|-ability|p1a: Landorus|Intimidate|boost\n|-unboost|p2a: rotomwash|atk|1\n|move|p2a: rotomwash|Thunderbolt|p1a: Landorus\n|-immune|p1a: Landorus\n|\n|-heal|p2a: rotomwash|36\/100|[from] item: Leftovers\n|-heal|p1a: Landorus|88\/100 tox|[from] item: Leftovers\n|-damage|p1a: Landorus|82\/100 tox|[from] psn\n|upkeep\n|turn|23\n|\n|t:|1667954435\n|move|p2a: rotomwash|Pain Split|p1a: Landorus\n|-sethp|p1a: Landorus|55\/100 tox|[from] move: Pain Split|[silent]\n|-sethp|p2a: rotomwash|70\/100|[from] move: Pain Split\n|move|p1a: Landorus|Earthquake|p2a: rotomwash\n|-immune|p2a: rotomwash|[from] ability: Levitate\n|\n|-heal|p2a: rotomwash|76\/100|[from] item: Leftovers\n|-heal|p1a: Landorus|61\/100 tox|[from] item: Leftovers\n|-damage|p1a: Landorus|49\/100 tox|[from] psn\n|upkeep\n|turn|24\n|\n|t:|1667954436\n|move|p2a: rotomwash|Hydro Pump|p1a: Landorus\n|-supereffective|p1a: Landorus\n|-damage|p1a: Landorus|0 fnt\n|faint|p1a: Landorus\n|\n|-heal|p2a: rotomwash|82\/100|[from] item: Leftovers\n|upkeep\n|\n|t:|1667954438\n|switch|p1a: Urshifu|Urshifu-Rapid-Strike, F|78\/100\n|-damage|p1a: Urshifu|72\/100|[from] Stealth Rock\n|turn|25\n|\n|t:|1667954439\n|move|p1a: Urshifu|Close Combat|p2a: rotomwash\n|-damage|p2a: rotomwash|0 fnt\n|-unboost|p1a: Urshifu|def|1\n|-unboost|p1a: Urshifu|spd|1\n|faint|p2a: rotomwash\n|\n|upkeep\n|\n|t:|1667954439\n|switch|p2a: Heatran|Heatran, M|68\/100\n|-damage|p2a: Heatran|56\/100|[from] Stealth Rock\n|turn|26\n|c|\u2606BLOATED_BAGEL|gg\n|\n|t:|1667954443\n|move|p1a: Urshifu|Close Combat|p2a: Heatran\n|-supereffective|p2a: Heatran\n|-damage|p2a: Heatran|0 fnt\n|-unboost|p1a: Urshifu|def|1\n|-unboost|p1a: Urshifu|spd|1\n|faint|p2a: Heatran\n|\n|win|BLOATED_BAGEL\n|raw|BLOATED_BAGEL's rating: 1741 &rarr; <strong>1755<\/strong><br \/>(+14 for winning)\n|raw|minimax_ai's rating: 1633 &rarr; <strong>1619<\/strong><br \/>(-14 for losing)\n|c|\u2606minimax_ai|gg\n|l|\u2606minimax_ai\n||Ladder isn't responding, score probably updated but might not have (Request timeout).\n","uploadtime":1667954444,"views":4,"p1id":"bloatedbagel","p2id":"minimaxai","formatid":"gen8ou","rating":1619,"private":0,"password":null}