{"id":"gen8nationaldex-1697583200","p1":"1_cv","p2":"Blacksponge","format":"gen8nationaldex","log":"|j|\u26061_cv\n|j|\u2606Blacksponge\n|t:|1667010167\n|gametype|singles\n|player|p1|1_cv|benga|1679\n|player|p2|Blacksponge|lucas|1678\n|teamsize|p1|6\n|teamsize|p2|6\n|gen|8\n|tier|[Gen 8] National Dex\n|rated|\n|rule|HP Percentage Mod: HP is shown in percentages\n|rule|Endless Battle Clause: Forcing endless battles is banned\n|rule|OHKO Clause: OHKO moves are banned\n|rule|Evasion Moves Clause: Evasion moves are banned\n|rule|Species Clause: Limit one of each Pok\u00e9mon\n|rule|Dynamax Clause: You cannot dynamax\n|rule|Sleep Clause Mod: Limit one foe put to sleep\n|clearpoke\n|poke|p1|Lopunny, F|\n|poke|p1|Clefable, F|\n|poke|p1|Weavile, M|\n|poke|p1|Corviknight, M|\n|poke|p1|Gastrodon-East, F|\n|poke|p1|Heatran, M|\n|poke|p2|Charizard, F|\n|poke|p2|Regieleki|\n|poke|p2|Victini|\n|poke|p2|Xatu, F|\n|poke|p2|Weavile, M|\n|poke|p2|Gliscor, F|\n|teampreview\n|\n|t:|1667010187\n|start\n|switch|p1a: TOUKA KIRISHIMA|Lopunny, F|100\/100\n|switch|p2a: Regieleki|Regieleki|100\/100\n|turn|1\n|\n|t:|1667010192\n|switch|p2a: Xatu|Xatu, F|100\/100\n|detailschange|p1a: TOUKA KIRISHIMA|Lopunny-Mega, F\n|-mega|p1a: TOUKA KIRISHIMA|Lopunny|Lopunnite\n|move|p1a: TOUKA KIRISHIMA|U-turn|p2a: Xatu\n|-damage|p2a: Xatu|77\/100\n|-enditem|p2a: Xatu|Eject Button\n|\n|t:|1667010199\n|switch|p2a: Charizard|Charizard, F|100\/100\n|\n|upkeep\n|turn|2\n|\n|t:|1667010202\n|detailschange|p2a: Charizard|Charizard-Mega-Y, F\n|-mega|p2a: Charizard|Charizard|Charizardite Y\n|-weather|SunnyDay|[from] ability: Drought|[of] p2a: Charizard\n|move|p1a: TOUKA KIRISHIMA|U-turn|p2a: Charizard\n|-resisted|p2a: Charizard\n|-damage|p2a: Charizard|91\/100\n|\n|t:|1667010210\n|switch|p1a: SUZUYA JUUZOU|Heatran, M|100\/100|[from]move: U-turn\n|move|p2a: Charizard|Scorching Sands|p1a: SUZUYA JUUZOU\n|-supereffective|p1a: SUZUYA JUUZOU\n|-damage|p1a: SUZUYA JUUZOU|23\/100\n|\n|-weather|SunnyDay|[upkeep]\n|-heal|p1a: SUZUYA JUUZOU|29\/100|[from] item: Leftovers\n|upkeep\n|turn|3\n|\n|t:|1667010216\n|move|p2a: Charizard|Solar Beam||[still]\n|-prepare|p2a: Charizard|Solar Beam\n|-anim|p2a: Charizard|Solar Beam|p1a: SUZUYA JUUZOU\n|-resisted|p1a: SUZUYA JUUZOU\n|-damage|p1a: SUZUYA JUUZOU|21\/100\n|move|p1a: SUZUYA JUUZOU|Toxic|p2a: Charizard\n|-status|p2a: Charizard|tox\n|\n|-weather|SunnyDay|[upkeep]\n|-heal|p1a: SUZUYA JUUZOU|27\/100|[from] item: Leftovers\n|-damage|p2a: Charizard|85\/100 tox|[from] psn\n|upkeep\n|turn|4\n|\n|t:|1667010231\n|switch|p1a: TOUKA KIRISHIMA|Lopunny-Mega, F|100\/100\n|move|p2a: Charizard|Weather Ball|p1a: TOUKA KIRISHIMA\n|-damage|p1a: TOUKA KIRISHIMA|0 fnt\n|faint|p1a: TOUKA KIRISHIMA\n|\n|-weather|SunnyDay|[upkeep]\n|-damage|p2a: Charizard|73\/100 tox|[from] psn\n|upkeep\n|inactive|Battle timer is ON: inactive players will automatically lose when time's up. (requested by Blacksponge)\n|\n|t:|1667010234\n|switch|p1a: KANEKI KEN|Weavile, M|100\/100\n|-ability|p1a: KANEKI KEN|Pressure\n|turn|5\n|\n|t:|1667010241\n|-activate|p2a: Charizard|move: Pursuit\n|move|p1a: KANEKI KEN|Pursuit|p2a: Charizard|[from]Pursuit\n|-damage|p2a: Charizard|0 fnt\n|faint|p2a: Charizard\n|-hint|A Pokemon can't switch between when it runs out of HP and when it faints\n|\n|-weather|SunnyDay|[upkeep]\n|upkeep\n|\n|t:|1667010250\n|switch|p2a: Weavile|Weavile, M|100\/100\n|-ability|p2a: Weavile|Pressure\n|turn|6\n|\n|t:|1667010255\n|switch|p1a: SEIDOU TAKIZAWA|Corviknight, M|100\/100\n|-ability|p1a: SEIDOU TAKIZAWA|Pressure\n|move|p2a: Weavile|Triple Axel|p1a: SEIDOU TAKIZAWA\n|-damage|p1a: SEIDOU TAKIZAWA|88\/100\n|-damage|p1a: SEIDOU TAKIZAWA|64\/100\n|-damage|p1a: SEIDOU TAKIZAWA|28\/100\n|-hitcount|p1a: SEIDOU TAKIZAWA|3\n|\n|-weather|none\n|-heal|p1a: SEIDOU TAKIZAWA|34\/100|[from] item: Leftovers\n|upkeep\n|turn|7\n|\n|t:|1667010260\n|move|p2a: Weavile|Triple Axel|p1a: SEIDOU TAKIZAWA\n|-damage|p1a: SEIDOU TAKIZAWA|23\/100\n|-damage|p1a: SEIDOU TAKIZAWA|0 fnt\n|faint|p1a: SEIDOU TAKIZAWA\n|-hitcount|p1: SEIDOU TAKIZAWA|2\n|\n|upkeep\n|\n|t:|1667010264\n|switch|p1a: HAIRU IHEI|Clefable, F|100\/100\n|turn|8\n|\n|t:|1667010268\n|switch|p2a: Victini|Victini|100\/100\n|move|p1a: HAIRU IHEI|Moonblast|p2a: Victini\n|-resisted|p2a: Victini\n|-damage|p2a: Victini|79\/100\n|\n|upkeep\n|turn|9\n|\n|t:|1667010271\n|switch|p1a: SUZUYA JUUZOU|Heatran, M|27\/100\n|move|p2a: Victini|V-create|p1a: SUZUYA JUUZOU\n|-start|p1a: SUZUYA JUUZOU|ability: Flash Fire\n|\n|-heal|p1a: SUZUYA JUUZOU|34\/100|[from] item: Leftovers\n|upkeep\n|turn|10\n|\n|t:|1667010276\n|switch|p2a: Gliscor|Gliscor, F|100\/100\n|move|p1a: SUZUYA JUUZOU|Magma Storm|p2a: Gliscor\n|-damage|p2a: Gliscor|44\/100\n|-activate|p2a: Gliscor|move: Magma Storm|[of] p1a: SUZUYA JUUZOU\n|\n|-heal|p1a: SUZUYA JUUZOU|40\/100|[from] item: Leftovers\n|-damage|p2a: Gliscor|31\/100|[from] move: Magma Storm|[partiallytrapped]\n|-status|p2a: Gliscor|tox|[from] item: Toxic Orb\n|upkeep\n|turn|11\n|\n|t:|1667010280\n|move|p2a: Gliscor|Earthquake|p1a: SUZUYA JUUZOU\n|-supereffective|p1a: SUZUYA JUUZOU\n|-damage|p1a: SUZUYA JUUZOU|0 fnt\n|faint|p1a: SUZUYA JUUZOU\n|\n|-heal|p2a: Gliscor|44\/100 tox|[from] ability: Poison Heal\n|-end|p2a: Gliscor|Magma Storm|[partiallytrapped]|[silent]\n|upkeep\n|\n|t:|1667010282\n|switch|p1a: KANEKI KEN|Weavile, M|100\/100\n|-ability|p1a: KANEKI KEN|Pressure\n|turn|12\n|\n|t:|1667010284\n|move|p1a: KANEKI KEN|Knock Off|p2a: Gliscor\n|-damage|p2a: Gliscor|0 fnt\n|-enditem|p2a: Gliscor|Toxic Orb|[from] move: Knock Off|[of] p1a: KANEKI KEN\n|faint|p2a: Gliscor\n|\n|upkeep\n|\n|t:|1667010288\n|switch|p2a: Weavile|Weavile, M|100\/100\n|-ability|p2a: Weavile|Pressure\n|turn|13\n|j| TheLindomar\n|\n|t:|1667010295\n|switch|p1a: HAIRU IHEI|Clefable, F|100\/100\n|move|p2a: Weavile|Triple Axel|p1a: HAIRU IHEI\n|-damage|p1a: HAIRU IHEI|88\/100\n|-hitcount|p1a: HAIRU IHEI|1\n|\n|upkeep\n|turn|14\n|l| TheLindomar\n|\n|t:|1667010301\n|switch|p2a: Victini|Victini|79\/100\n|move|p1a: HAIRU IHEI|Moonblast|p2a: Victini\n|-resisted|p2a: Victini\n|-damage|p2a: Victini|58\/100\n|-unboost|p2a: Victini|spa|1\n|\n|upkeep\n|turn|15\n|\n|t:|1667010305\n|switch|p1a: YOSHIMURA ETO|Gastrodon-East, F|100\/100\n|move|p2a: Victini|V-create|p1a: YOSHIMURA ETO\n|-resisted|p1a: YOSHIMURA ETO\n|-damage|p1a: YOSHIMURA ETO|32\/100\n|-unboost|p2a: Victini|spe|1\n|-unboost|p2a: Victini|def|1\n|-unboost|p2a: Victini|spd|1\n|\n|-heal|p1a: YOSHIMURA ETO|38\/100|[from] item: Leftovers\n|upkeep\n|turn|16\n|\n|t:|1667010308\n|move|p2a: Victini|V-create|p1a: YOSHIMURA ETO\n|-resisted|p1a: YOSHIMURA ETO\n|-damage|p1a: YOSHIMURA ETO|0 fnt\n|-unboost|p2a: Victini|spe|1\n|-unboost|p2a: Victini|def|1\n|-unboost|p2a: Victini|spd|1\n|faint|p1a: YOSHIMURA ETO\n|\n|upkeep\n|\n|t:|1667010310\n|switch|p1a: KANEKI KEN|Weavile, M|100\/100\n|-ability|p1a: KANEKI KEN|Pressure\n|turn|17\n|\n|t:|1667010313\n|move|p1a: KANEKI KEN|Pursuit|p2a: Victini\n|-supereffective|p2a: Victini\n|-damage|p2a: Victini|0 fnt\n|faint|p2a: Victini\n|\n|upkeep\n|\n|t:|1667010315\n|switch|p2a: Weavile|Weavile, M|100\/100\n|-ability|p2a: Weavile|Pressure\n|turn|18\n|\n|t:|1667010317\n|switch|p1a: HAIRU IHEI|Clefable, F|88\/100\n|move|p2a: Weavile|Triple Axel|p1a: HAIRU IHEI\n|-damage|p1a: HAIRU IHEI|77\/100\n|-damage|p1a: HAIRU IHEI|54\/100\n|-damage|p1a: HAIRU IHEI|17\/100\n|-hitcount|p1a: HAIRU IHEI|3\n|\n|upkeep\n|turn|19\n|\n|t:|1667010319\n|move|p2a: Weavile|Triple Axel|p1a: HAIRU IHEI\n|-damage|p1a: HAIRU IHEI|5\/100\n|-damage|p1a: HAIRU IHEI|0 fnt\n|faint|p1a: HAIRU IHEI\n|-hitcount|p1: HAIRU IHEI|2\n|\n|upkeep\n|\n|t:|1667010320\n|switch|p1a: KANEKI KEN|Weavile, M|100\/100\n|-ability|p1a: KANEKI KEN|Pressure\n|turn|20\n|\n|t:|1667010333\n|move|p1a: KANEKI KEN|Knock Off|p2a: Weavile\n|-resisted|p2a: Weavile\n|-damage|p2a: Weavile|43\/100\n|-enditem|p2a: Weavile|Choice Band|[from] move: Knock Off|[of] p1a: KANEKI KEN\n|move|p2a: Weavile|Triple Axel|p1a: KANEKI KEN\n|-resisted|p1a: KANEKI KEN\n|-crit|p1a: KANEKI KEN\n|-damage|p1a: KANEKI KEN|88\/100\n|-resisted|p1a: KANEKI KEN\n|-crit|p1a: KANEKI KEN\n|-damage|p1a: KANEKI KEN|64\/100\n|-resisted|p1a: KANEKI KEN\n|-damage|p1a: KANEKI KEN|38\/100\n|-hitcount|p1a: KANEKI KEN|3\n|\n|upkeep\n|turn|21\n|\n|t:|1667010341\n|move|p2a: Weavile|Brick Break|p1a: KANEKI KEN\n|-supereffective|p1a: KANEKI KEN\n|-damage|p1a: KANEKI KEN|0 fnt\n|faint|p1a: KANEKI KEN\n|\n|win|Blacksponge\n|raw|1_cv's rating: 1679 &rarr; <strong>1659<\/strong><br \/>(-20 for losing)\n|raw|Blacksponge's rating: 1678 &rarr; <strong>1698<\/strong><br \/>(+20 for winning)\n|l|\u26061_cv\n","uploadtime":1667010347,"views":11,"p1id":"1cv","p2id":"blacksponge","formatid":"gen8nationaldex","rating":1659,"private":0,"password":null}