{"id":"gen8randombattle-1102585530","p1":"Pokefreak77","p2":"SKRIEGZREX","format":"gen8randombattle","log":"|j|\u2606Pokefreak77\n|j|\u2606SKRIEGZREX\n|player|p1|Pokefreak77|266|1565\n|player|p2|SKRIEGZREX|palmer|1621\n|teamsize|p1|6\n|teamsize|p2|6\n|gametype|singles\n|gen|8\n|tier|[Gen 8] Random Battle\n|rated|\n|rule|Species Clause: Limit one of each Pok\u00e9mon\n|rule|HP Percentage Mod: HP is shown in percentages\n|rule|Sleep Clause Mod: Limit one foe put to sleep\n|\n|start\n|switch|p1a: Solgaleo|Solgaleo, L72|316\/316\n|switch|p2a: Garchomp|Garchomp, L80, M|304\/304\n|turn|1\n|inactive|Battle timer is ON: inactive players will automatically lose when time's up. (requested by Pokefreak77)\n|c|\u2606SKRIEGZREX|Glhf\n|\n|move|p2a: Garchomp|Swords Dance|p2a: Garchomp\n|-boost|p2a: Garchomp|atk|2\n|move|p1a: Solgaleo|Flame Charge|p2a: Garchomp\n|-resisted|p2a: Garchomp\n|-damage|p2a: Garchomp|286\/304\n|-boost|p1a: Solgaleo|spe|1\n|-damage|p1a: Solgaleo|277\/316|[from] ability: Rough Skin|[of] p2a: Garchomp\n|\n|upkeep\n|turn|2\n|\n|-start|p1a: Solgaleo|Dynamax\n|-heal|p1a: Solgaleo|554\/632|[silent]\n|-start|p2a: Garchomp|Dynamax\n|-heal|p2a: Garchomp|572\/608|[silent]\n|move|p1a: Solgaleo|Max Steelspike|p2a: Garchomp\n|-crit|p2a: Garchomp\n|-damage|p2a: Garchomp|364\/608\n|-boost|p1a: Solgaleo|def|1\n|move|p2a: Garchomp|Max Quake|p1a: Solgaleo\n|-supereffective|p1a: Solgaleo\n|-damage|p1a: Solgaleo|134\/632\n|-enditem|p1a: Solgaleo|Weakness Policy\n|-boost|p1a: Solgaleo|atk|2|[from] item: Weakness Policy\n|-boost|p1a: Solgaleo|spa|2|[from] item: Weakness Policy\n|-boost|p2a: Garchomp|spd|1\n|\n|upkeep\n|turn|3\n|\n|move|p2a: Garchomp|Max Guard|p2a: Garchomp\n|-singleturn|p2a: Garchomp|Max Guard\n|move|p1a: Solgaleo|Max Steelspike|p2a: Garchomp\n|-activate|p2a: Garchomp|move: Max Guard\n|\n|upkeep\n|turn|4\n|\n|-end|p2a: Garchomp|Dynamax\n|-heal|p2a: Garchomp|182\/304|[silent]\n|switch|p2a: Durant|Durant, L82, F|229\/229\n|move|p1a: Solgaleo|Max Steelspike|p2a: Durant\n|-resisted|p2a: Durant\n|-damage|p2a: Durant|124\/229\n|-boost|p1a: Solgaleo|def|1\n|\n|-end|p1a: Solgaleo|Dynamax\n|-heal|p1a: Solgaleo|67\/316|[silent]\n|upkeep\n|turn|5\n|\n|switch|p2a: Runerigus|Runerigus, L84, F|235\/235\n|move|p1a: Solgaleo|Flame Charge|p2a: Runerigus\n|-damage|p2a: Runerigus|192\/235\n|-boost|p1a: Solgaleo|spe|1\n|-activate|p2a: Runerigus|ability: Wandering Spirit|Full Metal Body|Wandering Spirit|[of] p1a: Solgaleo\n|\n|-heal|p2a: Runerigus|206\/235|[from] item: Leftovers\n|upkeep\n|turn|6\n|\n|move|p1a: Solgaleo|Sunsteel Strike|p2a: Runerigus\n|-damage|p2a: Runerigus|65\/235\n|move|p2a: Runerigus|Stealth Rock|p1a: Solgaleo\n|-sidestart|p1: Pokefreak77|move: Stealth Rock\n|\n|-heal|p2a: Runerigus|79\/235|[from] item: Leftovers\n|upkeep\n|turn|7\n|\n|move|p1a: Solgaleo|Sunsteel Strike|p2a: Runerigus\n|-damage|p2a: Runerigus|0 fnt\n|faint|p2a: Runerigus\n|\n|upkeep\n|\n|switch|p2a: Grimmsnarl|Grimmsnarl, L80, M|283\/283\n|turn|8\n|\n|move|p2a: Grimmsnarl|Reflect|p2a: Grimmsnarl\n|-sidestart|p2: SKRIEGZREX|Reflect\n|move|p1a: Solgaleo|Sunsteel Strike|p2a: Grimmsnarl\n|-supereffective|p2a: Grimmsnarl\n|-damage|p2a: Grimmsnarl|6\/283\n|\n|upkeep\n|turn|9\n|\n|move|p2a: Grimmsnarl|Light Screen|p2a: Grimmsnarl\n|-sidestart|p2: SKRIEGZREX|move: Light Screen\n|move|p1a: Solgaleo|Flame Charge|p2a: Grimmsnarl\n|-damage|p2a: Grimmsnarl|0 fnt\n|-boost|p1a: Solgaleo|spe|1\n|faint|p2a: Grimmsnarl\n|\n|upkeep\n|\n|switch|p2a: Garchomp|Garchomp, L80, M|182\/304\n|turn|10\n|\n|move|p1a: Solgaleo|Psychic Fangs|p2a: Garchomp\n|-sideend|p2: SKRIEGZREX|Reflect\n|-sideend|p2: SKRIEGZREX|move: Light Screen\n|-damage|p2a: Garchomp|17\/304\n|-damage|p1a: Solgaleo|28\/316|[from] ability: Rough Skin|[of] p2a: Garchomp\n|move|p2a: Garchomp|Earthquake|p1a: Solgaleo\n|-supereffective|p1a: Solgaleo\n|-damage|p1a: Solgaleo|0 fnt\n|faint|p1a: Solgaleo\n|\n|upkeep\n|\n|switch|p1a: Latios|Latios, L80, M|259\/259\n|-damage|p1a: Latios|227\/259|[from] Stealth Rock\n|turn|11\n|\n|switch|p2a: Durant|Durant, L82, F|124\/229\n|move|p1a: Latios|Psyshock|p2a: Durant\n|-resisted|p2a: Durant\n|-damage|p2a: Durant|69\/229\n|-damage|p1a: Latios|202\/259|[from] item: Life Orb\n|\n|upkeep\n|turn|12\n|\n|switch|p1a: Ferrothorn|Ferrothorn, L80, M|250\/250\n|-damage|p1a: Ferrothorn|235\/250|[from] Stealth Rock\n|move|p2a: Durant|Hone Claws|p2a: Durant\n|-boost|p2a: Durant|atk|1\n|-boost|p2a: Durant|accuracy|1\n|\n|-heal|p1a: Ferrothorn|250\/250|[from] item: Leftovers\n|upkeep\n|turn|13\n|\n|move|p2a: Durant|Superpower|p1a: Ferrothorn\n|-supereffective|p1a: Ferrothorn\n|-damage|p1a: Ferrothorn|0 fnt\n|-unboost|p2a: Durant|atk|1\n|-unboost|p2a: Durant|def|1\n|-damage|p2a: Durant|41\/229|[from] ability: Iron Barbs|[of] p1a: Ferrothorn\n|-damage|p2a: Durant|19\/229|[from] item: Life Orb\n|faint|p1a: Ferrothorn\n|\n|upkeep\n|\n|switch|p1a: Lycanroc|Lycanroc-Midnight, L84, F|280\/280\n|-damage|p1a: Lycanroc|245\/280|[from] Stealth Rock\n|turn|14\n|\n|switch|p2a: Garchomp|Garchomp, L80, M|17\/304\n|move|p1a: Lycanroc|Sucker Punch||[still]\n|-fail|p1a: Lycanroc\n|\n|upkeep\n|turn|15\n|\n|move|p1a: Lycanroc|Sucker Punch||[still]\n|-fail|p1a: Lycanroc\n|move|p2a: Garchomp|Swords Dance|p2a: Garchomp\n|-boost|p2a: Garchomp|atk|2\n|\n|upkeep\n|turn|16\n|\n|move|p1a: Lycanroc|Sucker Punch||[still]\n|-fail|p1a: Lycanroc\n|move|p2a: Garchomp|Swords Dance|p2a: Garchomp\n|-boost|p2a: Garchomp|atk|2\n|\n|upkeep\n|turn|17\n|\n|move|p1a: Lycanroc|Sucker Punch||[still]\n|-fail|p1a: Lycanroc\n|move|p2a: Garchomp|Swords Dance|p2a: Garchomp\n|-boost|p2a: Garchomp|atk|2\n|\n|upkeep\n|turn|18\n|\n|move|p1a: Lycanroc|Sucker Punch||[still]\n|-fail|p1a: Lycanroc\n|move|p2a: Garchomp|Swords Dance|p2a: Garchomp\n|-boost|p2a: Garchomp|atk|0\n|\n|upkeep\n|turn|19\n|\n|move|p1a: Lycanroc|Sucker Punch|p2a: Garchomp\n|-damage|p2a: Garchomp|0 fnt\n|-damage|p1a: Lycanroc|210\/280|[from] ability: Rough Skin|[of] p2a: Garchomp\n|faint|p2a: Garchomp\n|\n|upkeep\n|c|\u2606Pokefreak77|goddamn\n|\n|switch|p2a: Celebi|Celebi, L82|298\/298\n|turn|20\n|\n|switch|p2a: Durant|Durant, L82, F|19\/229\n|switch|p1a: Venusaur|Venusaur, L82, F|265\/265\n|-damage|p1a: Venusaur|232\/265|[from] Stealth Rock\n|\n|-heal|p1a: Venusaur|248\/265|[from] item: Black Sludge\n|upkeep\n|turn|21\n|\n|switch|p2a: Mr. Rime|Mr. Rime, L86, M|278\/278\n|switch|p1a: Shedinja|Shedinja|1\/1\n|\n|upkeep\n|turn|22\n|\n|switch|p2a: Durant|Durant, L82, F|19\/229\n|move|p1a: Shedinja|X-Scissor|p2a: Durant\n|-resisted|p2a: Durant\n|-damage|p2a: Durant|0 fnt\n|faint|p2a: Durant\n|\n|upkeep\n|c|\u2606SKRIEGZREX|Gg\n|\n|switch|p2a: Celebi|Celebi, L82|298\/298\n|turn|23\n|\n|switch|p1a: Venusaur|Venusaur, L82, F|248\/265\n|-damage|p1a: Venusaur|215\/265|[from] Stealth Rock\n|move|p2a: Celebi|Earth Power|p1a: Venusaur\n|-damage|p1a: Venusaur|136\/265\n|-unboost|p1a: Venusaur|spd|1\n|\n|-heal|p1a: Venusaur|152\/265|[from] item: Black Sludge\n|upkeep\n|turn|24\n|c|\u2606SKRIEGZREX|Goddamn what lol\n|\n|switch|p2a: Mr. Rime|Mr. Rime, L86, M|278\/278\n|switch|p1a: Latios|Latios, L80, M|202\/259\n|-damage|p1a: Latios|170\/259|[from] Stealth Rock\n|\n|upkeep\n|turn|25\n|\n|switch|p1a: Shedinja|Shedinja|1\/1\n|move|p2a: Mr. Rime|Freeze-Dry|p1a: Shedinja\n|-immune|p1a: Shedinja|[from] ability: Wonder Guard\n|\n|upkeep\n|turn|26\n|c|\u2606SKRIEGZREX|? Not mad just curious\n|\n|move|p2a: Mr. Rime|Freeze-Dry|p1a: Shedinja\n|-immune|p1a: Shedinja|[from] ability: Wonder Guard\n|move|p1a: Shedinja|X-Scissor|p2a: Mr. Rime\n|-supereffective|p2a: Mr. Rime\n|-damage|p2a: Mr. Rime|32\/278\n|\n|upkeep\n|turn|27\n|c|\u2606Pokefreak77|the sucker games lol\n|\n|move|p2a: Mr. Rime|Freeze-Dry|p1a: Shedinja\n|-immune|p1a: Shedinja|[from] ability: Wonder Guard\n|move|p1a: Shedinja|X-Scissor|p2a: Mr. Rime\n|-supereffective|p2a: Mr. Rime\n|-damage|p2a: Mr. Rime|0 fnt\n|faint|p2a: Mr. Rime\n|\n|upkeep\n|\n|switch|p2a: Celebi|Celebi, L82|298\/298\n|turn|28\n|\n|move|p2a: Celebi|Leaf Storm|p1a: Shedinja\n|-immune|p1a: Shedinja|[from] ability: Wonder Guard\n|move|p1a: Shedinja|X-Scissor|p2a: Celebi\n|-supereffective|p2a: Celebi\n|-damage|p2a: Celebi|0 fnt\n|faint|p2a: Celebi\n|\n|win|Pokefreak77\n|c|\u2606SKRIEGZREX|Lol\n|l|\u2606SKRIEGZREX\n||Ladder (probably) updated, but score could not be retrieved (Response not received).\n","inputlog":">version b7745f54272c5aa04d26a5e16ddaea80015942bc\n>start {\"formatid\":\"gen8randombattle\",\"seed\":[3481,30864,12143,22923],\"rated\":\"Rated battle\"}\n>player p1 {\"name\":\"Pokefreak77\",\"avatar\":\"266\",\"team\":\"\",\"rating\":1565,\"seed\":[7041,28428,10475,29203]}\n>player p2 {\"name\":\"SKRIEGZREX\",\"avatar\":\"palmer\",\"team\":\"\",\"rating\":1621,\"seed\":[55348,11430,10199,57325]}\n>p1 move flamecharge\n>p2 move swordsdance\n>p1 move sunsteelstrike dynamax\n>p2 move earthquake dynamax\n>p1 move sunsteelstrike dynamax\n>p2 move swordsdance dynamax\n>p1 move sunsteelstrike dynamax\n>p2 switch 3\n>p1 move flamecharge\n>p2 switch 6\n>p1 move sunsteelstrike\n>p2 move stealthrock\n>p1 move sunsteelstrike\n>p2 move toxicspikes\n>p2 switch 4\n>p1 move sunsteelstrike\n>p2 move reflect\n>p1 move flamecharge\n>p2 move lightscreen\n>p2 switch 3\n>p1 move psychicfangs\n>p2 move earthquake\n>p1 switch 3\n>p1 move psyshock\n>p2 switch 6\n>p1 switch 2\n>p2 move honeclaws\n>p1 move spikes\n>p2 move superpower\n>p1 switch 5\n>p1 move suckerpunch\n>p2 switch 6\n>p1 move suckerpunch\n>p2 move swordsdance\n>p1 move suckerpunch\n>p2 move swordsdance\n>p1 move suckerpunch\n>p2 move swordsdance\n>p1 move suckerpunch\n>p2 move swordsdance\n>p1 move suckerpunch\n>p2 move earthquake\n>p2 switch 2\n>p1 switch 4\n>p2 switch 6\n>p1 switch 6\n>p2 switch 5\n>p1 move xscissor\n>p2 switch 5\n>p2 switch 6\n>p1 switch 6\n>p2 move earthpower\n>p1 switch 2\n>p2 switch 5\n>p1 switch 6\n>p2 move freezedry\n>p1 move xscissor\n>p2 move freezedry\n>p1 move xscissor\n>p2 move freezedry\n>p2 switch 5\n>p1 move xscissor\n>p2 move leafstorm","uploadtime":1587740842,"views":0,"p1id":"pokefreak77","p2id":"skriegzrex","formatid":"gen8randombattle","rating":0,"private":0,"password":null}