{"id":"gen8nationaldex-1670110848","p1":"darkman64","p2":"alanjimenes08","format":"gen8nationaldex","log":"|j|\u2606darkman64\n|j|\u2606alanjimenes08\n|t:|1664129936\n|gametype|singles\n|player|p1|darkman64|juan|\n|player|p2|alanjimenes08|n|\n|teamsize|p1|6\n|teamsize|p2|6\n|gen|8\n|tier|[Gen 8] National Dex\n|rule|HP Percentage Mod: HP is shown in percentages\n|rule|Endless Battle Clause: Forcing endless battles is banned\n|rule|OHKO Clause: OHKO moves are banned\n|rule|Evasion Moves Clause: Evasion moves are banned\n|rule|Species Clause: Limit one of each Pok\u00e9mon\n|rule|Dynamax Clause: You cannot dynamax\n|rule|Sleep Clause Mod: Limit one foe put to sleep\n|clearpoke\n|poke|p1|Toxapex, F|\n|poke|p1|Weavile, M|\n|poke|p1|Landorus-Therian, M|\n|poke|p1|Exeggutor, F|\n|poke|p1|Ninetales, F|\n|poke|p1|Wigglytuff, M|\n|poke|p2|Gengar, M|\n|poke|p2|Blissey, F|\n|poke|p2|Scizor, M|\n|poke|p2|Arcanine, F|\n|poke|p2|Espeon, M|\n|poke|p2|Smeargle, F|\n|teampreview\n|c|\u2606darkman64|que gane el mejor\n|c|\u2606alanjimenes08|yup\n|j| random88888888zero\n|c|\u2606alanjimenes08|que gane el mejor\n|c|\u2606darkman64|y el que tenga mas hax\n|c|\u2606darkman64|dea\n|c|\u2606alanjimenes08|bueno\n|c|\u2606alanjimenes08|hax tener yo\n|c|\u2606alanjimenes08|XD\n|c|\u2606darkman64|xd\n|\n|t:|1664129991\n|start\n|switch|p1a: Landorus|Landorus-Therian, M|100\/100\n|switch|p2a: Smeargle|Smeargle, F|100\/100\n|-ability|p1a: Landorus|Intimidate|boost\n|-fail|p2a: Smeargle|unboost|Attack|[from] ability: Own Tempo|[of] p2a: Smeargle\n|turn|1\n|c|\u2606alanjimenes08|la suerte no es mi fuerte sabes?\n|c|\u2606darkman64|me lo imagino\n|\n|t:|1664130012\n|move|p2a: Smeargle|Spore|p1a: Landorus\n|-status|p1a: Landorus|slp|[from] move: Spore\n|cant|p1a: Landorus|slp\n|\n|upkeep\n|turn|2\n|c|\u2606darkman64|pero el mio0 tampoco\n|\n|t:|1664130022\n|move|p2a: Smeargle|Stealth Rock|p1a: Landorus\n|-sidestart|p1: darkman64|move: Stealth Rock\n|cant|p1a: Landorus|slp\n|\n|upkeep\n|turn|3\n|\n|t:|1664130037\n|switch|p2a: Scizor|Scizor, M|100\/100\n|-curestatus|p1a: Landorus|slp|[msg]\n|move|p1a: Landorus|Defog|p2a: Scizor\n|-unboost|p2a: Scizor|evasion|1\n|-sideend|p1: darkman64|Stealth Rock|[from] move: Defog|[of] p1a: Landorus\n|\n|upkeep\n|turn|4\n|c|\u2606alanjimenes08|a\n|c|\u2606alanjimenes08|XD?\n|\n|t:|1664130053\n|detailschange|p2a: Scizor|Scizor-Mega, M\n|-mega|p2a: Scizor|Scizor|Scizorite\n|move|p1a: Landorus|U-turn|p2a: Scizor\n|-resisted|p2a: Scizor\n|-damage|p2a: Scizor|94\/100\n|c|\u2606darkman64|a?\n|\n|t:|1664130058\n|switch|p1a: Toxapex|Toxapex, F|100\/100|[from]move: U-turn\n|move|p2a: Scizor|U-turn|p1a: Toxapex\n|-resisted|p1a: Toxapex\n|-damage|p1a: Toxapex|89\/100\n|c|\u2606alanjimenes08|pensaba que despertaria al 3er turno\n|c|\u2606darkman64|no es rest\n|c|\u2606darkman64|y pasaron 3 turnos\n|c|\u2606darkman64|creo\n|\n|t:|1664130097\n|switch|p2a: Espeon|Espeon, M|100\/100|[from]move: U-turn\n|\n|-heal|p1a: Toxapex|95\/100|[from] item: Black Sludge\n|upkeep\n|turn|5\n|c|\u2606darkman64|o ese era el tercero\n|\n|t:|1664130111\n|switch|p1a: Exeggutor|Exeggutor, F|100\/100\n|-zpower|p2a: Espeon\n|move|p2a: Espeon|Z-Celebrate|p2a: Espeon|[anim]Celebrate\n|-boost|p2a: Espeon|atk|1|[zeffect]\n|-boost|p2a: Espeon|def|1|[zeffect]\n|-boost|p2a: Espeon|spa|1|[zeffect]\n|-boost|p2a: Espeon|spd|1|[zeffect]\n|-boost|p2a: Espeon|spe|1|[zeffect]\n|-activate|p2a: Espeon|move: Celebrate\n|\n|upkeep\n|turn|6\n|c|\u2606alanjimenes08|creo que era un random\n|c|\u2606alanjimenes08|puede ser 2\n|c|\u2606alanjimenes08|o 3\n|c|\u2606darkman64|si\n|c|\u2606alanjimenes08|pero no mayor\n|c|\u2606darkman64|4\n|c|\u2606darkman64|tambien\n|c|\u2606alanjimenes08|ni idea\n|c|\u2606alanjimenes08|ya eso seria un hax fuerte\n|c|\u2606alanjimenes08|XDDD\n|c|\u2606darkman64|una vez dormi 4 turnos\n|\n|t:|1664130179\n|switch|p1a: Wigglytuff|Wigglytuff, M|100\/100\n|move|p2a: Espeon|Hidden Power|p1a: Wigglytuff\n|-damage|p1a: Wigglytuff|61\/100\n|\n|-heal|p1a: Wigglytuff|68\/100|[from] item: Leftovers\n|upkeep\n|turn|7\n|c|\u2606darkman64|pero pasa en ou1\n|\n|t:|1664130192\n|move|p1a: Wigglytuff|Protect|p1a: Wigglytuff\n|-singleturn|p1a: Wigglytuff|Protect\n|move|p2a: Espeon|Psychic|p1a: Wigglytuff\n|-activate|p1a: Wigglytuff|move: Protect\n|\n|-heal|p1a: Wigglytuff|74\/100|[from] item: Leftovers\n|upkeep\n|turn|8\n|c|\u2606darkman64|principalmente\n|\n|t:|1664130202\n|move|p2a: Espeon|Psychic|p1a: Wigglytuff\n|-damage|p1a: Wigglytuff|0 fnt\n|faint|p1a: Wigglytuff\n|\n|upkeep\n|\n|t:|1664130210\n|switch|p1a: Landorus|Landorus-Therian, M|100\/100\n|-ability|p1a: Landorus|Intimidate|boost\n|-unboost|p2a: Espeon|atk|1\n|turn|9\n|c|\u2606darkman64|hidden hielo y me mato\n|c|\u2606alanjimenes08|XD el espeon es pasado de bueno\n|\n|t:|1664130230\n|switch|p1a: Ninetales|Ninetales, F|100\/100\n|-weather|SunnyDay|[from] ability: Drought|[of] p1a: Ninetales\n|move|p2a: Espeon|Hidden Power|p1a: Ninetales\n|-resisted|p1a: Ninetales\n|-damage|p1a: Ninetales|88\/100\n|\n|-weather|SunnyDay|[upkeep]\n|upkeep\n|turn|10\n|c|\u2606darkman64|si era\n|\n|t:|1664130243\n|move|p2a: Espeon|Psychic|p1a: Ninetales\n|-damage|p1a: Ninetales|37\/100\n|move|p1a: Ninetales|Attract|p2a: Espeon\n|move|p2a: Espeon|Attract|p1a: Ninetales|[from]ability: Magic Bounce\n|-start|p1a: Ninetales|Attract\n|\n|-weather|SunnyDay|[upkeep]\n|upkeep\n|turn|11\n|c|\u2606darkman64|no salio\n|c|\u2606alanjimenes08|XDDD\n|c|\u2606darkman64|como pense\n|\n|t:|1664130260\n|switch|p1a: Weavile|Weavile, M|100\/100\n|-ability|p1a: Weavile|Pressure\n|move|p2a: Espeon|Psychic|p1a: Weavile\n|-immune|p1a: Weavile\n|\n|-weather|SunnyDay|[upkeep]\n|upkeep\n|turn|12\n|\n|t:|1664130269\n|move|p2a: Espeon|Dazzling Gleam|p1a: Weavile\n|-supereffective|p1a: Weavile\n|-damage|p1a: Weavile|0 fnt\n|faint|p1a: Weavile\n|\n|-weather|SunnyDay|[upkeep]\n|upkeep\n|\n|t:|1664130273\n|switch|p1a: Toxapex|Toxapex, F|100\/100\n|turn|13\n|\n|t:|1664130276\n|move|p2a: Espeon|Psychic|p1a: Toxapex\n|-supereffective|p1a: Toxapex\n|-damage|p1a: Toxapex|0 fnt\n|faint|p1a: Toxapex\n|\n|-weather|SunnyDay|[upkeep]\n|upkeep\n|c|\u2606darkman64|no puedo hacer nada\n|c|\u2606darkman64|lets go\n|\n|t:|1664130286\n|switch|p1a: Landorus|Landorus-Therian, M|100\/100\n|-ability|p1a: Landorus|Intimidate|boost\n|-unboost|p2a: Espeon|atk|1\n|turn|14\n|c|\u2606darkman64|gg\n|\n|t:|1664130296\n|move|p2a: Espeon|Hidden Power|p1a: Landorus\n|-supereffective|p1a: Landorus\n|-damage|p1a: Landorus|0 fnt\n|faint|p1a: Landorus\n|\n|-weather|SunnyDay|[upkeep]\n|upkeep\n|\n|t:|1664130299\n|switch|p1a: Exeggutor|Exeggutor, F|100\/100\n|turn|15\n|c|\u2606alanjimenes08|gg\n|\n|t:|1664130307\n|move|p2a: Espeon|Hidden Power|p1a: Exeggutor\n|-supereffective|p1a: Exeggutor\n|-damage|p1a: Exeggutor|37\/100\n|move|p1a: Exeggutor|Giga Drain|p2a: Espeon\n|-damage|p2a: Espeon|74\/100\n|-heal|p1a: Exeggutor|46\/100|[from] drain|[of] p2a: Espeon\n|\n|-weather|SunnyDay|[upkeep]\n|upkeep\n|turn|16\n|\n|t:|1664130313\n|move|p2a: Espeon|Hidden Power|p1a: Exeggutor\n|-supereffective|p1a: Exeggutor\n|-damage|p1a: Exeggutor|0 fnt\n|faint|p1a: Exeggutor\n|\n|-weather|none\n|upkeep\n|\n|t:|1664130314\n|switch|p1a: Ninetales|Ninetales, F|37\/100\n|-weather|SunnyDay|[from] ability: Drought|[of] p1a: Ninetales\n|turn|17\n|\n|t:|1664130317\n|move|p2a: Espeon|Psychic|p1a: Ninetales\n|-damage|p1a: Ninetales|0 fnt\n|faint|p1a: Ninetales\n|\n|win|alanjimenes08\n","uploadtime":1664130321,"views":16,"p1id":"darkman64","p2id":"alanjimenes08","formatid":"gen8nationaldex","rating":0,"private":0,"password":null}