{"id":"gen8ou-1644507712","p1":"EEEEEvolto\u6df1\u6eba","p2":"Acetrainernate90","format":"gen8ou","log":"|j|\u2606EEEEEvolto\u6df1\u6eba\n|j|\u2606Acetrainernate90\n|t:|1661060730\n|gametype|singles\n|player|p1|EEEEEvolto\u6df1\u6eba|1|1495\n|player|p2|Acetrainernate90|brycen|1471\n|teamsize|p1|6\n|teamsize|p2|6\n|gen|8\n|tier|[Gen 8] OU\n|rated|\n|rule|Sleep Clause Mod: Limit one foe put to sleep\n|rule|Species Clause: Limit one of each Pok\u00e9mon\n|rule|OHKO Clause: OHKO moves are banned\n|rule|Evasion Items Clause: Evasion items are banned\n|rule|Evasion Moves Clause: Evasion moves are banned\n|rule|Endless Battle Clause: Forcing endless battles is banned\n|rule|HP Percentage Mod: HP is shown in percentages\n|rule|Dynamax Clause: You cannot dynamax\n|clearpoke\n|poke|p1|Druddigon, M|\n|poke|p1|Togekiss, F|\n|poke|p1|Melmetal|\n|poke|p1|Volcarona, F|\n|poke|p1|Hydreigon, M|\n|poke|p1|Zeraora|\n|poke|p2|Victini|\n|poke|p2|Landorus-Therian, M|\n|poke|p2|Tornadus-Therian, M|\n|poke|p2|Urshifu-*, F|\n|poke|p2|Slowking-Galar, F|\n|poke|p2|Volcarona, F|\n|teampreview\n|inactive|Battle timer is ON: inactive players will automatically lose when time's up. (requested by Acetrainernate90)\n|\n|t:|1661060736\n|start\n|switch|p1a: Druddigon|Druddigon, M|100\/100\n|switch|p2a: Landorus|Landorus-Therian, M|100\/100\n|-ability|p2a: Landorus|Intimidate|boost\n|-unboost|p1a: Druddigon|atk|1\n|-ability|p1a: Druddigon|Mold Breaker\n|turn|1\n|\n|t:|1661060744\n|move|p2a: Landorus|U-turn|p1a: Druddigon\n|-damage|p1a: Druddigon|73\/100\n|\n|t:|1661060747\n|switch|p2a: Urshifu|Urshifu-Rapid-Strike, F|100\/100|[from]move: U-turn\n|move|p1a: Druddigon|Glare|p2a: Urshifu\n|-status|p2a: Urshifu|par\n|\n|upkeep\n|turn|2\n|\n|t:|1661060755\n|move|p1a: Druddigon|Stealth Rock|p2a: Urshifu\n|-sidestart|p2: Acetrainernate90|move: Stealth Rock\n|move|p2a: Urshifu|U-turn|p1a: Druddigon\n|-damage|p1a: Druddigon|34\/100\n|\n|t:|1661060758\n|switch|p2a: Tornadus|Tornadus-Therian, M|100\/100|[from]move: U-turn\n|\n|upkeep\n|turn|3\n|\n|t:|1661060760\n|move|p2a: Tornadus|Hurricane|p1a: Druddigon\n|-damage|p1a: Druddigon|0 fnt\n|faint|p1a: Druddigon\n|\n|upkeep\n|\n|t:|1661060765\n|switch|p1a: Zeraora|Zeraora|100\/100\n|turn|4\n|\n|t:|1661060767\n|move|p1a: Zeraora|Knock Off|p2a: Tornadus\n|-damage|p2a: Tornadus|66\/100\n|-enditem|p2a: Tornadus|Heavy-Duty Boots|[from] move: Knock Off|[of] p1a: Zeraora\n|move|p2a: Tornadus|Defog|p1a: Zeraora\n|-unboost|p1a: Zeraora|evasion|1\n|-sideend|p2: Acetrainernate90|Stealth Rock|[from] move: Defog|[of] p2a: Tornadus\n|\n|upkeep\n|turn|5\n|\n|t:|1661060772\n|switch|p2a: Landorus|Landorus-Therian, M|100\/100\n|-ability|p2a: Landorus|Intimidate|boost\n|-unboost|p1a: Zeraora|atk|1\n|move|p1a: Zeraora|Knock Off|p2a: Landorus\n|-damage|p2a: Landorus|78\/100\n|-enditem|p2a: Landorus|Leftovers|[from] move: Knock Off|[of] p1a: Zeraora\n|\n|upkeep\n|turn|6\n|\n|t:|1661060777\n|switch|p1a: Hydreigon|Hydreigon, M|100\/100\n|move|p2a: Landorus|Stealth Rock|p1a: Hydreigon\n|-sidestart|p1: EEEEEvolto\u6df1\u6eba|move: Stealth Rock\n|\n|upkeep\n|turn|7\n|\n|t:|1661060781\n|move|p1a: Hydreigon|Dark Pulse|p2a: Landorus\n|-damage|p2a: Landorus|15\/100\n|-damage|p1a: Hydreigon|91\/100|[from] item: Life Orb\n|move|p2a: Landorus|Superpower|p1a: Hydreigon\n|-supereffective|p1a: Hydreigon\n|-damage|p1a: Hydreigon|0 fnt\n|-unboost|p2a: Landorus|atk|1\n|-unboost|p2a: Landorus|def|1\n|faint|p1a: Hydreigon\n|\n|upkeep\n|\n|t:|1661060785\n|switch|p1a: Volcarona|Volcarona, F|100\/100\n|turn|8\n|\n|t:|1661060788\n|move|p2a: Landorus|U-turn|p1a: Volcarona\n|-resisted|p1a: Volcarona\n|-damage|p1a: Volcarona|91\/100\n|\n|t:|1661060791\n|switch|p2a: Urshifu|Urshifu-Rapid-Strike, F|100\/100 par|[from]move: U-turn\n|move|p1a: Volcarona|Quiver Dance|p1a: Volcarona\n|-boost|p1a: Volcarona|spa|1\n|-boost|p1a: Volcarona|spd|1\n|-boost|p1a: Volcarona|spe|1\n|\n|upkeep\n|turn|9\n|\n|t:|1661060794\n|move|p1a: Volcarona|Psychic|p2a: Urshifu\n|-supereffective|p2a: Urshifu\n|-damage|p2a: Urshifu|0 fnt\n|faint|p2a: Urshifu\n|\n|upkeep\n|\n|t:|1661060804\n|switch|p2a: Victini|Victini|100\/100\n|turn|10\n|\n|t:|1661060810\n|move|p2a: Victini|Bolt Strike|p1a: Volcarona\n|-damage|p1a: Volcarona|52\/100\n|-status|p1a: Volcarona|par\n|cant|p1a: Volcarona|par\n|\n|upkeep\n|turn|11\n|\n|t:|1661060814\n|move|p2a: Victini|Bolt Strike|p1a: Volcarona|[miss]\n|-miss|p2a: Victini|p1a: Volcarona\n|cant|p1a: Volcarona|par\n|\n|upkeep\n|turn|12\n|\n|t:|1661060816\n|move|p2a: Victini|Bolt Strike|p1a: Volcarona\n|-damage|p1a: Volcarona|10\/100 par\n|cant|p1a: Volcarona|par\n|\n|upkeep\n|turn|13\n|\n|t:|1661060819\n|move|p2a: Victini|Bolt Strike|p1a: Volcarona\n|-damage|p1a: Volcarona|0 fnt\n|faint|p1a: Volcarona\n|\n|upkeep\n|\n|t:|1661060821\n|switch|p1a: Zeraora|Zeraora|100\/100\n|turn|14\n|c|\u2606Acetrainernate90|bruh\n|c|\u2606Acetrainernate90|sorry bout your luck\n|\n|t:|1661060830\n|switch|p2a: Landorus|Landorus-Therian, M|15\/100\n|-ability|p2a: Landorus|Intimidate|boost\n|-unboost|p1a: Zeraora|atk|1\n|move|p1a: Zeraora|Bulk Up|p1a: Zeraora\n|-boost|p1a: Zeraora|atk|1\n|-boost|p1a: Zeraora|def|1\n|\n|upkeep\n|turn|15\n|\n|t:|1661060833\n|move|p1a: Zeraora|Bulk Up|p1a: Zeraora\n|-boost|p1a: Zeraora|atk|1\n|-boost|p1a: Zeraora|def|1\n|move|p2a: Landorus|Earthquake|p1a: Zeraora\n|-supereffective|p1a: Zeraora\n|-damage|p1a: Zeraora|20\/100\n|\n|upkeep\n|turn|16\n|\n|t:|1661060836\n|move|p1a: Zeraora|Knock Off|p2a: Landorus\n|-damage|p2a: Landorus|0 fnt\n|faint|p2a: Landorus\n|\n|upkeep\n|\n|t:|1661060838\n|switch|p2a: Victini|Victini|100\/100\n|turn|17\n|\n|t:|1661060840\n|move|p2a: Victini|V-create|p1a: Zeraora\n|-damage|p1a: Zeraora|0 fnt\n|-unboost|p2a: Victini|spe|1\n|-unboost|p2a: Victini|def|1\n|-unboost|p2a: Victini|spd|1\n|faint|p1a: Zeraora\n|\n|upkeep\n|\n|t:|1661060843\n|switch|p1a: Togekiss|Togekiss, F|100\/100\n|-damage|p1a: Togekiss|75\/100|[from] Stealth Rock\n|turn|18\n|\n|t:|1661060846\n|move|p1a: Togekiss|Trick|p2a: Victini\n|-activate|p1a: Togekiss|move: Trick|[of] p2a: Victini\n|-item|p2a: Victini|Choice Scarf|[from] move: Trick\n|-item|p1a: Togekiss|Choice Scarf|[from] move: Trick\n|move|p2a: Victini|V-create|p1a: Togekiss\n|-damage|p1a: Togekiss|0 fnt\n|-unboost|p2a: Victini|spe|1\n|-unboost|p2a: Victini|def|1\n|-unboost|p2a: Victini|spd|1\n|faint|p1a: Togekiss\n|\n|upkeep\n|-message|EEEEEvolto\u6df1\u6eba forfeited.\n|\n|win|Acetrainernate90\n|raw|EEEEEvolto\u6df1\u6eba's rating: 1495 &rarr; <strong>1474<\/strong><br \/>(-21 for losing)\n|raw|Acetrainernate90's rating: 1471 &rarr; <strong>1492<\/strong><br \/>(+21 for winning)\n|l|\u2606EEEEEvolto\u6df1\u6eba\n","uploadtime":1661060856,"views":16,"p1id":"eeeeevolto","p2id":"acetrainernate90","formatid":"gen8ou","rating":1474,"private":0,"password":null}