{"id":"gen8ou-1665523430","p1":"minimax_ai","p2":"himynametay","format":"gen8ou","log":"|j|\u2606minimax_ai\n|j|\u203dhimynametay\n|t:|1663308152\n|gametype|singles\n|player|p1|minimax_ai|lusamine-nihilego|1597\n|player|p2|himynametay|elesa-masters|1547\n|teamsize|p1|6\n|teamsize|p2|6\n|gen|8\n|tier|[Gen 8] OU\n|rated|\n|rule|Sleep Clause Mod: Limit one foe put to sleep\n|rule|Species Clause: Limit one of each Pok\u00e9mon\n|rule|OHKO Clause: OHKO moves are banned\n|rule|Evasion Items Clause: Evasion items are banned\n|rule|Evasion Moves Clause: Evasion moves are banned\n|rule|Endless Battle Clause: Forcing endless battles is banned\n|rule|HP Percentage Mod: HP is shown in percentages\n|rule|Dynamax Clause: You cannot dynamax\n|clearpoke\n|poke|p1|Rotom-Wash|\n|poke|p1|Weavile, F|\n|poke|p1|Landorus-Therian, M|\n|poke|p1|Heatran, M|\n|poke|p1|Tangrowth, M|\n|poke|p1|Melmetal|\n|poke|p2|Slowking-Galar, F|\n|poke|p2|Urshifu-*, M|\n|poke|p2|Garchomp, F|\n|poke|p2|Weavile, M|\n|poke|p2|Corviknight, F|\n|poke|p2|Rillaboom, M|\n|teampreview\n|c|\u2606minimax_ai|hf\n|inactive|Battle timer is ON: inactive players will automatically lose when time's up. (requested by minimax_ai)\n|\n|t:|1663308162\n|start\n|switch|p1a: landorustherian|Landorus-Therian, M|100\/100\n|switch|p2a: Rillaboom|Rillaboom, M|100\/100\n|-ability|p1a: landorustherian|Intimidate|boost\n|-unboost|p2a: Rillaboom|atk|1\n|-fieldstart|move: Grassy Terrain|[from] ability: Grassy Surge|[of] p2a: Rillaboom\n|turn|1\n|\n|t:|1663308168\n|move|p1a: landorustherian|Toxic|p2a: Rillaboom\n|-status|p2a: Rillaboom|tox\n|move|p2a: Rillaboom|Knock Off|p1a: landorustherian\n|-damage|p1a: landorustherian|78\/100\n|-enditem|p1a: landorustherian|Leftovers|[from] move: Knock Off|[of] p2a: Rillaboom\n|\n|-damage|p2a: Rillaboom|94\/100 tox|[from] psn\n|upkeep\n|turn|2\n|\n|t:|1663308172\n|switch|p2a: Corviknight|Corviknight, F|100\/100\n|-ability|p2a: Corviknight|Pressure\n|move|p1a: landorustherian|U-turn|p2a: Corviknight\n|-resisted|p2a: Corviknight\n|-damage|p2a: Corviknight|97\/100\n|-damage|p1a: landorustherian|62\/100|[from] item: Rocky Helmet|[of] p2a: Corviknight\n|\n|t:|1663308172\n|switch|p1a: Heatran|Heatran, M|100\/100|[from]move: U-turn\n|-item|p1a: Heatran|Air Balloon\n|\n|upkeep\n|turn|3\n|\n|t:|1663308181\n|switch|p2a: Garchomp|Garchomp, F|100\/100\n|move|p1a: Heatran|Eruption|p2a: Garchomp\n|-resisted|p2a: Garchomp\n|-damage|p2a: Garchomp|73\/100\n|\n|-heal|p2a: Garchomp|79\/100|[from] Grassy Terrain\n|-heal|p2a: Garchomp|85\/100|[from] item: Leftovers\n|upkeep\n|turn|4\n|\n|t:|1663308183\n|move|p1a: Heatran|Magma Storm|p2a: Garchomp\n|-resisted|p2a: Garchomp\n|-crit|p2a: Garchomp\n|-damage|p2a: Garchomp|58\/100\n|-activate|p2a: Garchomp|move: Magma Storm|[of] p1a: Heatran\n|move|p2a: Garchomp|Dragon Tail|p1a: Heatran\n|-resisted|p1a: Heatran\n|-damage|p1a: Heatran|88\/100\n|-enditem|p1a: Heatran|Air Balloon\n|drag|p1a: Weavile|Weavile, F|100\/100\n|-ability|p1a: Weavile|Pressure\n|\n|-heal|p2a: Garchomp|64\/100|[from] Grassy Terrain\n|-heal|p2a: Garchomp|70\/100|[from] item: Leftovers\n|-end|p2a: Garchomp|Magma Storm|[partiallytrapped]|[silent]\n|upkeep\n|turn|5\n|\n|t:|1663308190\n|switch|p2a: Corviknight|Corviknight, F|97\/100\n|-ability|p2a: Corviknight|Pressure\n|move|p1a: Weavile|Knock Off|p2a: Corviknight\n|-damage|p2a: Corviknight|54\/100\n|-damage|p1a: Weavile|84\/100|[from] item: Rocky Helmet|[of] p2a: Corviknight\n|-enditem|p2a: Corviknight|Rocky Helmet|[from] move: Knock Off|[of] p1a: Weavile\n|\n|-heal|p1a: Weavile|90\/100|[from] Grassy Terrain\n|-fieldend|move: Grassy Terrain\n|upkeep\n|turn|6\n|\n|t:|1663308193\n|switch|p1a: Tangrowth|Tangrowth, M|100\/100\n|move|p2a: Corviknight|Roost|p2a: Corviknight\n|-heal|p2a: Corviknight|100\/100\n|-singleturn|p2a: Corviknight|move: Roost\n|\n|upkeep\n|turn|7\n|\n|t:|1663308195\n|move|p2a: Corviknight|Brave Bird|p1a: Tangrowth\n|-supereffective|p1a: Tangrowth\n|-damage|p1a: Tangrowth|63\/100\n|-damage|p2a: Corviknight|84\/100|[from] item: Rocky Helmet|[of] p1a: Tangrowth\n|-damage|p2a: Corviknight|71\/100|[from] Recoil\n|move|p1a: Tangrowth|Sleep Powder|p2a: Corviknight\n|-status|p2a: Corviknight|slp|[from] move: Sleep Powder\n|\n|upkeep\n|turn|8\n|\n|t:|1663308200\n|cant|p2a: Corviknight|slp\n|move|p1a: Tangrowth|Giga Drain|p2a: Corviknight\n|-resisted|p2a: Corviknight\n|-damage|p2a: Corviknight|65\/100 slp\n|-heal|p1a: Tangrowth|66\/100|[from] drain|[of] p2a: Corviknight\n|\n|upkeep\n|turn|9\n|\n|t:|1663308203\n|switch|p2a: Slowking|Slowking-Galar, F|100\/100\n|switch|p1a: landorustherian|Landorus-Therian, M|62\/100\n|-ability|p1a: landorustherian|Intimidate|boost\n|-unboost|p2a: Slowking|atk|1\n|\n|upkeep\n|turn|10\n|\n|t:|1663308206\n|move|p1a: landorustherian|Earthquake|p2a: Slowking\n|-supereffective|p2a: Slowking\n|-damage|p2a: Slowking|2\/100\n|move|p2a: Slowking|Future Sight|p1a: landorustherian\n|-start|p2a: Slowking|move: Future Sight\n|\n|upkeep\n|turn|11\n|\n|t:|1663308208\n|switch|p1a: rotomwash|Rotom-Wash|100\/100\n|switch|p2a: Corviknight|Corviknight, F|65\/100 slp\n|-ability|p2a: Corviknight|Pressure\n|\n|upkeep\n|turn|12\n|\n|t:|1663308214\n|switch|p1a: Weavile|Weavile, F|90\/100\n|-ability|p1a: Weavile|Pressure\n|switch|p2a: Garchomp|Garchomp, F|70\/100\n|\n|-end|p1a: Weavile|move: Future Sight\n|-immune|p1a: Weavile\n|-heal|p2a: Garchomp|76\/100|[from] item: Leftovers\n|upkeep\n|turn|13\n|\n|t:|1663308219\n|switch|p2a: Urshifu|Urshifu-Rapid-Strike, M|100\/100\n|move|p1a: Weavile|Triple Axel|p2a: Urshifu\n|-resisted|p2a: Urshifu\n|-damage|p2a: Urshifu|93\/100\n|-resisted|p2a: Urshifu\n|-damage|p2a: Urshifu|78\/100\n|-resisted|p2a: Urshifu\n|-crit|p2a: Urshifu\n|-damage|p2a: Urshifu|47\/100\n|-hitcount|p2a: Urshifu|3\n|\n|upkeep\n|turn|14\n|\n|t:|1663308227\n|switch|p1a: Tangrowth|Tangrowth, M|99\/100\n|switch|p2a: Weavile|Weavile, M|100\/100\n|-ability|p2a: Weavile|Pressure\n|\n|upkeep\n|turn|15\n|\n|t:|1663308230\n|move|p2a: Weavile|Swords Dance|p2a: Weavile\n|-boost|p2a: Weavile|atk|2\n|move|p1a: Tangrowth|Focus Blast|p2a: Weavile|[miss]\n|-miss|p1a: Tangrowth|p2a: Weavile\n|\n|upkeep\n|turn|16\n|\n|t:|1663308232\n|move|p2a: Weavile|Triple Axel|p1a: Tangrowth\n|-supereffective|p1a: Tangrowth\n|-damage|p1a: Tangrowth|77\/100\n|-damage|p2a: Weavile|84\/100|[from] item: Rocky Helmet|[of] p1a: Tangrowth\n|-supereffective|p1a: Tangrowth\n|-damage|p1a: Tangrowth|35\/100\n|-damage|p2a: Weavile|68\/100|[from] item: Rocky Helmet|[of] p1a: Tangrowth\n|-supereffective|p1a: Tangrowth\n|-damage|p1a: Tangrowth|0 fnt\n|-damage|p2a: Weavile|51\/100|[from] item: Rocky Helmet|[of] p1a: Tangrowth\n|faint|p1a: Tangrowth\n|-hitcount|p1: Tangrowth|3\n|\n|upkeep\n|\n|t:|1663308232\n|switch|p1a: Melmetal|Melmetal|100\/100\n|turn|17\n|\n|t:|1663308244\n|move|p2a: Weavile|Knock Off|p1a: Melmetal\n|-damage|p1a: Melmetal|44\/100\n|-enditem|p1a: Melmetal|Assault Vest|[from] move: Knock Off|[of] p2a: Weavile\n|move|p1a: Melmetal|Thunder Punch|p2a: Weavile\n|-damage|p2a: Weavile|0 fnt\n|faint|p2a: Weavile\n|\n|upkeep\n|\n|t:|1663308247\n|switch|p2a: Urshifu|Urshifu-Rapid-Strike, M|47\/100\n|turn|18\n|\n|t:|1663308249\n|move|p2a: Urshifu|Surging Strikes|p1a: Melmetal\n|-crit|p1a: Melmetal\n|-damage|p1a: Melmetal|27\/100\n|-crit|p1a: Melmetal\n|-damage|p1a: Melmetal|9\/100\n|-crit|p1a: Melmetal\n|-damage|p1a: Melmetal|0 fnt\n|faint|p1a: Melmetal\n|-hitcount|p1: Melmetal|3\n|\n|upkeep\n|\n|t:|1663308249\n|switch|p1a: Weavile|Weavile, F|90\/100\n|-ability|p1a: Weavile|Pressure\n|turn|19\n|\n|t:|1663308257\n|move|p1a: Weavile|Low Kick|p2a: Urshifu\n|-damage|p2a: Urshifu|0 fnt\n|faint|p2a: Urshifu\n|\n|upkeep\n|\n|t:|1663308260\n|switch|p2a: Rillaboom|Rillaboom, M|94\/100 tox\n|-fieldstart|move: Grassy Terrain|[from] ability: Grassy Surge|[of] p2a: Rillaboom\n|turn|20\n|\n|t:|1663308264\n|switch|p1a: Heatran|Heatran, M|88\/100\n|move|p2a: Rillaboom|Grassy Glide|p1a: Heatran\n|-resisted|p1a: Heatran\n|-damage|p1a: Heatran|76\/100\n|\n|-heal|p1a: Heatran|82\/100|[from] Grassy Terrain\n|-heal|p2a: Rillaboom|100\/100 tox|[from] Grassy Terrain\n|-damage|p2a: Rillaboom|94\/100 tox|[from] psn\n|upkeep\n|turn|21\n|\n|t:|1663308267\n|switch|p2a: Corviknight|Corviknight, F|65\/100 slp\n|-ability|p2a: Corviknight|Pressure\n|move|p1a: Heatran|Magma Storm|p2a: Corviknight\n|-supereffective|p2a: Corviknight\n|-damage|p2a: Corviknight|0 fnt\n|faint|p2a: Corviknight\n|\n|-heal|p1a: Heatran|88\/100|[from] Grassy Terrain\n|upkeep\n|\n|t:|1663308268\n|switch|p2a: Garchomp|Garchomp, F|76\/100\n|turn|22\n|\n|t:|1663308270\n|switch|p1a: rotomwash|Rotom-Wash|100\/100\n|move|p2a: Garchomp|Stealth Rock|p1a: rotomwash\n|-sidestart|p1: minimax_ai|move: Stealth Rock\n|\n|-heal|p2a: Garchomp|83\/100|[from] Grassy Terrain\n|-heal|p2a: Garchomp|89\/100|[from] item: Leftovers\n|upkeep\n|turn|23\n|\n|t:|1663308272\n|move|p1a: rotomwash|Hydro Pump|p2a: Garchomp\n|-damage|p2a: Garchomp|59\/100\n|move|p2a: Garchomp|Toxic|p1a: rotomwash|[miss]\n|-miss|p2a: Garchomp|p1a: rotomwash\n|\n|-heal|p2a: Garchomp|65\/100|[from] Grassy Terrain\n|-heal|p2a: Garchomp|72\/100|[from] item: Leftovers\n|upkeep\n|turn|24\n|\n|t:|1663308276\n|move|p1a: rotomwash|Hydro Pump|p2a: Garchomp\n|-damage|p2a: Garchomp|44\/100\n|move|p2a: Garchomp|Toxic|p1a: rotomwash\n|-status|p1a: rotomwash|tox\n|\n|-heal|p2a: Garchomp|50\/100|[from] Grassy Terrain\n|-heal|p2a: Garchomp|57\/100|[from] item: Leftovers\n|-damage|p1a: rotomwash|94\/100 tox|[from] psn\n|-fieldend|move: Grassy Terrain\n|upkeep\n|turn|25\n|\n|t:|1663308278\n|switch|p2a: Slowking|Slowking-Galar, F|36\/100\n|move|p1a: rotomwash|Hydro Pump|p2a: Slowking|[miss]\n|-miss|p1a: rotomwash|p2a: Slowking\n|\n|-heal|p1a: rotomwash|100\/100 tox|[from] item: Leftovers\n|-damage|p1a: rotomwash|88\/100 tox|[from] psn\n|upkeep\n|turn|26\n|\n|t:|1663308280\n|switch|p2a: Garchomp|Garchomp, F|57\/100\n|move|p1a: rotomwash|Hydro Pump|p2a: Garchomp|[miss]\n|-miss|p1a: rotomwash|p2a: Garchomp\n|\n|-heal|p1a: rotomwash|94\/100 tox|[from] item: Leftovers\n|-heal|p2a: Garchomp|63\/100|[from] item: Leftovers\n|-damage|p1a: rotomwash|75\/100 tox|[from] psn\n|upkeep\n|turn|27\n|\n|t:|1663308284\n|switch|p2a: Rillaboom|Rillaboom, M|94\/100 tox\n|-fieldstart|move: Grassy Terrain|[from] ability: Grassy Surge|[of] p2a: Rillaboom\n|move|p1a: rotomwash|Hydro Pump|p2a: Rillaboom\n|-resisted|p2a: Rillaboom\n|-damage|p2a: Rillaboom|70\/100 tox\n|\n|-heal|p1a: rotomwash|82\/100 tox|[from] item: Leftovers\n|-heal|p2a: Rillaboom|76\/100 tox|[from] Grassy Terrain\n|-heal|p2a: Rillaboom|82\/100 tox|[from] item: Leftovers\n|-damage|p1a: rotomwash|57\/100 tox|[from] psn\n|-damage|p2a: Rillaboom|76\/100 tox|[from] psn\n|upkeep\n|turn|28\n|\n|t:|1663308286\n|switch|p2a: Garchomp|Garchomp, F|63\/100\n|move|p1a: rotomwash|Hydro Pump|p2a: Garchomp\n|-crit|p2a: Garchomp\n|-damage|p2a: Garchomp|23\/100\n|\n|-heal|p1a: rotomwash|63\/100 tox|[from] item: Leftovers\n|-heal|p2a: Garchomp|29\/100|[from] Grassy Terrain\n|-heal|p2a: Garchomp|35\/100|[from] item: Leftovers\n|-damage|p1a: rotomwash|32\/100 tox|[from] psn\n|upkeep\n|turn|29\n|\n|t:|1663308289\n|switch|p1a: landorustherian|Landorus-Therian, M|62\/100\n|-damage|p1a: landorustherian|49\/100|[from] Stealth Rock\n|-ability|p1a: landorustherian|Intimidate|boost\n|-unboost|p2a: Garchomp|atk|1\n|switch|p2a: Slowking|Slowking-Galar, F|69\/100\n|\n|-heal|p2a: Slowking|75\/100|[from] Grassy Terrain\n|upkeep\n|turn|30\n|\n|t:|1663308294\n|move|p1a: landorustherian|U-turn|p2a: Slowking\n|-damage|p2a: Slowking|52\/100\n|\n|t:|1663308294\n|switch|p1a: Heatran|Heatran, M|88\/100|[from]move: U-turn\n|-damage|p1a: Heatran|76\/100|[from] Stealth Rock\n|move|p2a: Slowking|Scald|p1a: Heatran\n|-supereffective|p1a: Heatran\n|-damage|p1a: Heatran|30\/100\n|\n|-heal|p1a: Heatran|36\/100|[from] Grassy Terrain\n|-heal|p2a: Slowking|58\/100|[from] Grassy Terrain\n|upkeep\n|turn|31\n|\n|t:|1663308298\n|move|p1a: Heatran|Earth Power|p2a: Slowking\n|-supereffective|p2a: Slowking\n|-damage|p2a: Slowking|31\/100\n|move|p2a: Slowking|Scald|p1a: Heatran\n|-supereffective|p1a: Heatran\n|-damage|p1a: Heatran|0 fnt\n|faint|p1a: Heatran\n|\n|-heal|p2a: Slowking|37\/100|[from] Grassy Terrain\n|-fieldend|move: Grassy Terrain\n|upkeep\n|\n|t:|1663308298\n|switch|p1a: Weavile|Weavile, F|90\/100\n|-damage|p1a: Weavile|65\/100|[from] Stealth Rock\n|-ability|p1a: Weavile|Pressure\n|turn|32\n|\n|t:|1663308306\n|move|p1a: Weavile|Triple Axel|p2a: Slowking\n|-damage|p2a: Slowking|21\/100\n|-damage|p2a: Slowking|0 fnt\n|faint|p2a: Slowking\n|-hitcount|p2: Slowking|2\n|\n|upkeep\n|\n|t:|1663308309\n|switch|p2a: Rillaboom|Rillaboom, M|76\/100 tox\n|-fieldstart|move: Grassy Terrain|[from] ability: Grassy Surge|[of] p2a: Rillaboom\n|turn|33\n|\n|t:|1663308310\n|switch|p1a: rotomwash|Rotom-Wash|32\/100 tox\n|-damage|p1a: rotomwash|19\/100 tox|[from] Stealth Rock\n|move|p2a: Rillaboom|Grassy Glide|p1a: rotomwash\n|-supereffective|p1a: rotomwash\n|-damage|p1a: rotomwash|0 fnt\n|faint|p1a: rotomwash\n|\n|-heal|p2a: Rillaboom|82\/100 tox|[from] Grassy Terrain\n|-heal|p2a: Rillaboom|88\/100 tox|[from] item: Leftovers\n|-damage|p2a: Rillaboom|82\/100 tox|[from] psn\n|upkeep\n|\n|t:|1663308310\n|switch|p1a: landorustherian|Landorus-Therian, M|49\/100\n|-damage|p1a: landorustherian|37\/100|[from] Stealth Rock\n|-ability|p1a: landorustherian|Intimidate|boost\n|-unboost|p2a: Rillaboom|atk|1\n|turn|34\n|\n|t:|1663308313\n|move|p2a: Rillaboom|Grassy Glide|p1a: landorustherian\n|-damage|p1a: landorustherian|3\/100\n|move|p1a: landorustherian|Defog|p2a: Rillaboom\n|-unboost|p2a: Rillaboom|evasion|1\n|-sideend|p1: minimax_ai|Stealth Rock|[from] move: Defog|[of] p1a: landorustherian\n|-fieldend|move: Grassy Terrain\n|\n|-heal|p2a: Rillaboom|88\/100 tox|[from] item: Leftovers\n|-damage|p2a: Rillaboom|76\/100 tox|[from] psn\n|upkeep\n|turn|35\n|\n|t:|1663308319\n|switch|p2a: Garchomp|Garchomp, F|35\/100\n|move|p1a: landorustherian|U-turn|p2a: Garchomp\n|-crit|p2a: Garchomp\n|-damage|p2a: Garchomp|8\/100\n|-damage|p1a: landorustherian|0 fnt|[from] ability: Rough Skin|[of] p2a: Garchomp\n|faint|p1a: landorustherian\n|\n|-heal|p2a: Garchomp|15\/100|[from] item: Leftovers\n|upkeep\n|\n|t:|1663308319\n|switch|p1a: Weavile|Weavile, F|65\/100\n|-ability|p1a: Weavile|Pressure\n|turn|36\n|\n|t:|1663308321\n|move|p1a: Weavile|Ice Shard|p2a: Garchomp\n|-supereffective|p2a: Garchomp\n|-damage|p2a: Garchomp|0 fnt\n|faint|p2a: Garchomp\n|\n|upkeep\n|\n|t:|1663308323\n|switch|p2a: Rillaboom|Rillaboom, M|76\/100 tox\n|-fieldstart|move: Grassy Terrain|[from] ability: Grassy Surge|[of] p2a: Rillaboom\n|turn|37\n|\n|t:|1663308324\n|move|p1a: Weavile|Ice Shard|p2a: Rillaboom\n|-supereffective|p2a: Rillaboom\n|-damage|p2a: Rillaboom|22\/100 tox\n|move|p2a: Rillaboom|Grassy Glide|p1a: Weavile\n|-damage|p1a: Weavile|0 fnt\n|faint|p1a: Weavile\n|\n|win|himynametay\n|raw|minimax_ai's rating: 1597 &rarr; <strong>1574<\/strong><br \/>(-23 for losing)\n|raw|himynametay's rating: 1547 &rarr; <strong>1570<\/strong><br \/>(+23 for winning)\n|c|\u2606minimax_ai|gg\n|l|\u2606minimax_ai\n","uploadtime":1663308325,"views":7,"p1id":"minimaxai","p2id":"himynametay","formatid":"gen8ou","rating":1570,"private":0,"password":null}