{"id":"gen8anythinggoes-1675358827","p1":"aglt5gc polt","p2":"yokobaby","format":"gen8anythinggoes","log":"|raw|<div class=\"broadcast-blue\"><strong>This battle is required to be public due to a player having a name starting with 'aglt5gc'.<\/div>\n|j|\u2606aglt5gc polt\n|j|\u2606yokobaby\n|t:|1664668032\n|gametype|singles\n|player|p1|aglt5gc polt|#agplivlionsden|1906\n|player|p2|yokobaby|pokemonrangerf-gen4|1796\n|teamsize|p1|6\n|teamsize|p2|6\n|gen|8\n|tier|[Gen 8] Anything Goes\n|rated|\n|rule|HP Percentage Mod: HP is shown in percentages\n|rule|Endless Battle Clause: Forcing endless battles is banned\n|clearpoke\n|poke|p1|Ditto|\n|poke|p1|Aerodactyl, F|\n|poke|p1|Yveltal|\n|poke|p1|Zygarde|\n|poke|p1|Groudon|\n|poke|p1|Kyogre|\n|poke|p2|Kyogre|\n|poke|p2|Ho-Oh|\n|poke|p2|Landorus-Therian, M|\n|poke|p2|Blissey, F|\n|poke|p2|Yveltal|\n|poke|p2|Necrozma-Dusk-Mane|\n|teampreview\n|inactive|Battle timer is ON: inactive players will automatically lose when time's up. (requested by aglt5gc polt)\n|\n|t:|1664668043\n|start\n|switch|p1a: Aerodactyl|Aerodactyl, F|100\/100\n|switch|p2a: Yveltal|Yveltal|100\/100\n|-ability|p2a: Yveltal|Dark Aura\n|-ability|p1a: Aerodactyl|Pressure\n|turn|1\n|\n|t:|1664668050\n|move|p2a: Yveltal|Knock Off|p1a: Aerodactyl\n|-damage|p1a: Aerodactyl|17\/100\n|-enditem|p1a: Aerodactyl|Focus Sash|[from] move: Knock Off|[of] p2a: Yveltal\n|move|p1a: Aerodactyl|Rock Tomb|p2a: Yveltal\n|-supereffective|p2a: Yveltal\n|-damage|p2a: Yveltal|56\/100\n|-unboost|p2a: Yveltal|spe|1\n|\n|upkeep\n|turn|2\n|j| tenzhii \u5929\u7adc\n|\n|t:|1664668058\n|move|p1a: Aerodactyl|Stealth Rock|p2a: Yveltal\n|-sidestart|p2: yokobaby|move: Stealth Rock\n|move|p2a: Yveltal|Knock Off|p1a: Aerodactyl\n|-damage|p1a: Aerodactyl|0 fnt\n|faint|p1a: Aerodactyl\n|\n|upkeep\n|j| AGLT5GC P\n|\n|t:|1664668070\n|switch|p1a: Kyogre|Kyogre|100\/100\n|-weather|RainDance|[from] ability: Drizzle|[of] p1a: Kyogre\n|turn|3\n|l| tenzhii \u5929\u7adc\n|\n|t:|1664668079\n|switch|p1a: Yveltal|Yveltal|100\/100\n|-ability|p1a: Yveltal|Dark Aura\n|switch|p2a: Blissey|Blissey, F|100\/100\n|-damage|p2a: Blissey|88\/100|[from] Stealth Rock\n|\n|-weather|RainDance|[upkeep]\n|upkeep\n|turn|4\n|\n|t:|1664668088\n|switch|p2a: Landorus|Landorus-Therian, M|100\/100\n|-damage|p2a: Landorus|88\/100|[from] Stealth Rock\n|-ability|p2a: Landorus|Intimidate|boost\n|-unboost|p1a: Yveltal|atk|1\n|move|p1a: Yveltal|Knock Off|p2a: Landorus\n|-crit|p2a: Landorus\n|-damage|p2a: Landorus|0 fnt\n|-enditem|p2a: Landorus|Leftovers|[from] move: Knock Off|[of] p1a: Yveltal\n|faint|p2a: Landorus\n|\n|-weather|RainDance|[upkeep]\n|upkeep\n|\n|t:|1664668092\n|switch|p2a: Ho-Oh|Ho-Oh|100\/100\n|turn|5\n|\n|t:|1664668095\n|move|p1a: Yveltal|Knock Off|p2a: Ho-Oh\n|-damage|p2a: Ho-Oh|48\/100\n|-enditem|p2a: Ho-Oh|Heavy-Duty Boots|[from] move: Knock Off|[of] p1a: Yveltal\n|move|p2a: Ho-Oh|Defog|p1a: Yveltal\n|-unboost|p1a: Yveltal|evasion|1\n|-sideend|p2: yokobaby|Stealth Rock|[from] move: Defog|[of] p2a: Ho-Oh\n|\n|-weather|RainDance|[upkeep]\n|upkeep\n|turn|6\n|\n|t:|1664668099\n|switch|p1a: Kyogre|Kyogre|100\/100\n|move|p2a: Ho-Oh|Thunder Wave|p1a: Kyogre\n|-status|p1a: Kyogre|par\n|\n|-weather|RainDance|[upkeep]\n|upkeep\n|turn|7\n|j| aliyyds\n|\n|t:|1664668109\n|switch|p1a: Groudon|Groudon|100\/100\n|-weather|SunnyDay|[from] ability: Drought|[of] p1a: Groudon\n|switch|p2a: Yveltal|Yveltal|56\/100\n|-ability|p2a: Yveltal|Dark Aura\n|\n|-weather|SunnyDay|[upkeep]\n|upkeep\n|turn|8\n|\n|t:|1664668114\n|switch|p1a: Kyogre|Kyogre|100\/100 par\n|-weather|RainDance|[from] ability: Drizzle|[of] p1a: Kyogre\n|move|p2a: Yveltal|Foul Play|p1a: Kyogre\n|-damage|p1a: Kyogre|61\/100 par\n|\n|-weather|RainDance|[upkeep]\n|upkeep\n|turn|9\n|\n|t:|1664668118\n|switch|p1a: Groudon|Groudon|100\/100\n|-weather|SunnyDay|[from] ability: Drought|[of] p1a: Groudon\n|move|p2a: Yveltal|Foul Play|p1a: Groudon\n|-damage|p1a: Groudon|55\/100\n|\n|-weather|SunnyDay|[upkeep]\n|-heal|p1a: Groudon|61\/100|[from] item: Leftovers\n|upkeep\n|turn|10\n|\n|t:|1664668121\n|switch|p1a: Kyogre|Kyogre|61\/100 par\n|-weather|RainDance|[from] ability: Drizzle|[of] p1a: Kyogre\n|move|p2a: Yveltal|Foul Play|p1a: Kyogre\n|-damage|p1a: Kyogre|25\/100 par\n|\n|-weather|RainDance|[upkeep]\n|upkeep\n|turn|11\n|\n|t:|1664668124\n|move|p2a: Yveltal|Foul Play|p1a: Kyogre\n|-damage|p1a: Kyogre|0 fnt\n|faint|p1a: Kyogre\n|\n|-weather|RainDance|[upkeep]\n|upkeep\n|\n|t:|1664668127\n|switch|p1a: Zygarde|Zygarde|100\/100\n|turn|12\n|\n|t:|1664668137\n|move|p2a: Yveltal|Foul Play|p1a: Zygarde\n|-damage|p1a: Zygarde|50\/100\n|move|p1a: Zygarde|Dragon Dance|p1a: Zygarde\n|-boost|p1a: Zygarde|atk|1\n|-boost|p1a: Zygarde|spe|1\n|\n|-weather|RainDance|[upkeep]\n|-activate|p1a: Zygarde|ability: Power Construct\n|detailschange|p1a: Zygarde|Zygarde-Complete\n|-heal|p1a: Zygarde|69\/100|[silent]\n|upkeep\n|turn|13\n|\n|t:|1664668147\n|-start|p1a: Zygarde|Dynamax|\n|-heal|p1a: Zygarde|69\/100|[silent]\n|move|p2a: Yveltal|Foul Play|p1a: Zygarde\n|-damage|p1a: Zygarde|46\/100\n|move|p1a: Zygarde|Max Wyrmwind|p2a: Yveltal\n|-damage|p2a: Yveltal|0 fnt\n|faint|p2a: Yveltal\n|-damage|p1a: Zygarde|41\/100|[from] item: Life Orb\n|\n|-weather|RainDance|[upkeep]\n|upkeep\n|\n|t:|1664668154\n|switch|p2a: Kyogre|Kyogre|100\/100\n|turn|14\n|\n|t:|1664668159\n|-start|p2a: Kyogre|Dynamax|\n|-heal|p2a: Kyogre|100\/100|[silent]\n|move|p2a: Kyogre|Max Guard|p2a: Kyogre\n|-singleturn|p2a: Kyogre|Max Guard\n|move|p1a: Zygarde|Max Quake|p2a: Kyogre\n|-activate|p2a: Kyogre|move: Max Guard\n|\n|-weather|none\n|upkeep\n|turn|15\n|\n|t:|1664668166\n|move|p1a: Zygarde|Max Quake|p2a: Kyogre\n|-damage|p2a: Kyogre|43\/100\n|-boost|p1a: Zygarde|spd|1\n|-damage|p1a: Zygarde|36\/100|[from] item: Life Orb\n|move|p2a: Kyogre|Max Hailstorm|p1a: Zygarde\n|-supereffective|p1a: Zygarde\n|-damage|p1a: Zygarde|0 fnt\n|-weather|Hail\n|faint|p1a: Zygarde\n|\n|-weather|Hail|[upkeep]\n|-damage|p2a: Kyogre|40\/100|[from] Hail\n|upkeep\n|\n|t:|1664668174\n|switch|p1a: Yveltal|Yveltal|100\/100\n|-ability|p1a: Yveltal|Dark Aura\n|turn|16\n|\n|t:|1664668179\n|move|p1a: Yveltal|Knock Off|p2a: Kyogre\n|-damage|p2a: Kyogre|0 fnt\n|-enditem|p2a: Kyogre|Choice Specs|[from] move: Knock Off|[of] p1a: Yveltal\n|faint|p2a: Kyogre\n|\n|-weather|Hail|[upkeep]\n|-damage|p1a: Yveltal|94\/100|[from] Hail\n|upkeep\n|\n|t:|1664668183\n|switch|p2a: Ho-Oh|Ho-Oh|81\/100\n|turn|17\n|\n|t:|1664668187\n|switch|p1a: Groudon|Groudon|61\/100\n|-weather|SunnyDay|[from] ability: Drought|[of] p1a: Groudon\n|move|p2a: Ho-Oh|Sacred Fire|p1a: Groudon\n|-damage|p1a: Groudon|12\/100\n|-status|p1a: Groudon|brn\n|\n|-weather|SunnyDay|[upkeep]\n|-heal|p1a: Groudon|18\/100 brn|[from] item: Leftovers\n|-damage|p1a: Groudon|12\/100 brn|[from] brn\n|upkeep\n|turn|18\n|\n|t:|1664668198\n|switch|p2a: Necrozma|Necrozma-Dusk-Mane|100\/100\n|move|p1a: Groudon|Rock Tomb|p2a: Necrozma\n|-resisted|p2a: Necrozma\n|-damage|p2a: Necrozma|98\/100\n|-unboost|p2a: Necrozma|spe|1\n|\n|-weather|SunnyDay|[upkeep]\n|-heal|p1a: Groudon|18\/100 brn|[from] item: Leftovers\n|-damage|p1a: Groudon|12\/100 brn|[from] brn\n|upkeep\n|turn|19\n|\n|t:|1664668204\n|switch|p1a: Yveltal|Yveltal|94\/100\n|-ability|p1a: Yveltal|Dark Aura\n|move|p2a: Necrozma|Knock Off|p1a: Yveltal\n|-resisted|p1a: Yveltal\n|-damage|p1a: Yveltal|73\/100\n|-enditem|p1a: Yveltal|Choice Band|[from] move: Knock Off|[of] p2a: Necrozma\n|\n|-weather|SunnyDay|[upkeep]\n|upkeep\n|turn|20\n|\n|t:|1664668208\n|switch|p2a: Ho-Oh|Ho-Oh|100\/100\n|move|p1a: Yveltal|Knock Off|p2a: Ho-Oh\n|-damage|p2a: Ho-Oh|65\/100\n|\n|-weather|SunnyDay|[upkeep]\n|upkeep\n|turn|21\n|\n|t:|1664668229\n|move|p1a: Yveltal|Knock Off|p2a: Ho-Oh\n|-damage|p2a: Ho-Oh|30\/100\n|move|p2a: Ho-Oh|Sacred Fire|p1a: Yveltal\n|-damage|p1a: Yveltal|0 fnt\n|faint|p1a: Yveltal\n|\n|-weather|none\n|upkeep\n|\n|t:|1664668234\n|switch|p1a: Groudon|Groudon|12\/100 brn\n|-weather|SunnyDay|[from] ability: Drought|[of] p1a: Groudon\n|turn|22\n|\n|t:|1664668239\n|switch|p2a: Necrozma|Necrozma-Dusk-Mane|98\/100\n|move|p1a: Groudon|Bulk Up|p1a: Groudon\n|-boost|p1a: Groudon|atk|1\n|-boost|p1a: Groudon|def|1\n|\n|-weather|SunnyDay|[upkeep]\n|-heal|p1a: Groudon|18\/100 brn|[from] item: Leftovers\n|-damage|p1a: Groudon|12\/100 brn|[from] brn\n|upkeep\n|turn|23\n|\n|t:|1664668243\n|move|p1a: Groudon|Precipice Blades|p2a: Necrozma\n|-supereffective|p2a: Necrozma\n|-damage|p2a: Necrozma|61\/100\n|move|p2a: Necrozma|Sunsteel Strike|p1a: Groudon\n|-damage|p1a: Groudon|0 fnt\n|faint|p1a: Groudon\n|\n|-weather|SunnyDay|[upkeep]\n|upkeep\n|-message|aglt5gc polt forfeited.\n|\n|win|yokobaby\n|raw|aglt5gc polt's rating: 1906 &rarr; <strong>1879<\/strong><br \/>(-27 for losing)\n|raw|yokobaby's rating: 1770 &rarr; <strong>1797<\/strong><br \/>(+27 for winning)\n|l|\u2606aglt5gc polt\n|l| AGLT5GC P\n||Ladder isn't responding, score probably updated but might not have (Request timeout).\n","uploadtime":1664668264,"views":7,"p1id":"aglt5gcpolt","p2id":"yokobaby","formatid":"gen8anythinggoes","rating":1797,"private":0,"password":null}