{"id":"gen8ou-1653288986","p1":"Crocodile Gimmicks","p2":"Not Sarcasm","format":"gen8ou","log":"|j|\u203dCrocodile Gimmicks\n|j|\u2606Not Sarcasm\n|t:|1662009871\n|gametype|singles\n|player|p1|Crocodile Gimmicks|marnie|1483\n|player|p2|Not Sarcasm|1|1535\n|teamsize|p1|6\n|teamsize|p2|6\n|gen|8\n|tier|[Gen 8] OU\n|rated|\n|rule|Sleep Clause Mod: Limit one foe put to sleep\n|rule|Species Clause: Limit one of each Pok\u00e9mon\n|rule|OHKO Clause: OHKO moves are banned\n|rule|Evasion Items Clause: Evasion items are banned\n|rule|Evasion Moves Clause: Evasion moves are banned\n|rule|Endless Battle Clause: Forcing endless battles is banned\n|rule|HP Percentage Mod: HP is shown in percentages\n|rule|Dynamax Clause: You cannot dynamax\n|clearpoke\n|poke|p1|Lanturn, F|\n|poke|p1|Tapu Bulu|\n|poke|p1|Heatran, F|\n|poke|p1|Clefable, M|\n|poke|p1|Tornadus-Therian, M|\n|poke|p1|Kartana|\n|poke|p2|Dragapult, M|\n|poke|p2|Melmetal|\n|poke|p2|Garchomp, M|\n|poke|p2|Slowbro, F|\n|poke|p2|Landorus-Therian, M|\n|poke|p2|Tapu Lele|\n|teampreview\n|inactive|Battle timer is ON: inactive players will automatically lose when time's up. (requested by Not Sarcasm)\n|\n|t:|1662009892\n|start\n|switch|p1a: Tornadus|Tornadus-Therian, M|100\/100\n|switch|p2a: Melmetal|Melmetal|100\/100\n|turn|1\n|\n|t:|1662009897\n|move|p1a: Tornadus|U-turn|p2a: Melmetal\n|-resisted|p2a: Melmetal\n|-damage|p2a: Melmetal|96\/100\n|\n|t:|1662009899\n|switch|p1a: Heatran|Heatran, F|100\/100|[from]move: U-turn\n|move|p2a: Melmetal|Toxic|p1a: Heatran\n|-immune|p1a: Heatran\n|\n|-heal|p2a: Melmetal|100\/100|[from] item: Leftovers\n|upkeep\n|turn|2\n|\n|t:|1662009908\n|switch|p1a: Tapu Bulu|Tapu Bulu|100\/100\n|-fieldstart|move: Grassy Terrain|[from] ability: Grassy Surge|[of] p1a: Tapu Bulu\n|move|p2a: Melmetal|Earthquake|p1a: Tapu Bulu\n|-resisted|p1a: Tapu Bulu\n|-damage|p1a: Tapu Bulu|91\/100\n|\n|-heal|p1a: Tapu Bulu|97\/100|[from] Grassy Terrain\n|-heal|p1a: Tapu Bulu|100\/100|[from] item: Leftovers\n|upkeep\n|turn|3\n|\n|t:|1662009917\n|switch|p1a: Heatran|Heatran, F|100\/100\n|move|p2a: Melmetal|Earthquake|p1a: Heatran\n|-supereffective|p1a: Heatran\n|-damage|p1a: Heatran|52\/100\n|\n|-heal|p1a: Heatran|58\/100|[from] Grassy Terrain\n|-heal|p1a: Heatran|64\/100|[from] item: Leftovers\n|upkeep\n|turn|4\n|\n|t:|1662009926\n|switch|p2a: Garchomp|Garchomp, M|100\/100\n|move|p1a: Heatran|Lava Plume|p2a: Garchomp\n|-resisted|p2a: Garchomp\n|-damage|p2a: Garchomp|82\/100\n|\n|-heal|p2a: Garchomp|88\/100|[from] Grassy Terrain\n|-heal|p2a: Garchomp|94\/100|[from] item: Leftovers\n|-heal|p1a: Heatran|70\/100|[from] Grassy Terrain\n|-heal|p1a: Heatran|77\/100|[from] item: Leftovers\n|upkeep\n|turn|5\n|\n|t:|1662009937\n|move|p2a: Garchomp|Swords Dance|p2a: Garchomp\n|-boost|p2a: Garchomp|atk|2\n|move|p1a: Heatran|Toxic|p2a: Garchomp\n|-status|p2a: Garchomp|tox\n|\n|-heal|p2a: Garchomp|99\/100 tox|[from] Grassy Terrain\n|-heal|p2a: Garchomp|100\/100 tox|[from] item: Leftovers\n|-heal|p1a: Heatran|83\/100|[from] Grassy Terrain\n|-heal|p1a: Heatran|89\/100|[from] item: Leftovers\n|-damage|p2a: Garchomp|94\/100 tox|[from] psn\n|upkeep\n|turn|6\n|\n|t:|1662009947\n|move|p1a: Heatran|Protect|p1a: Heatran\n|-singleturn|p1a: Heatran|Protect\n|move|p2a: Garchomp|Swords Dance|p2a: Garchomp\n|-boost|p2a: Garchomp|atk|2\n|\n|-heal|p2a: Garchomp|100\/100 tox|[from] Grassy Terrain\n|-heal|p1a: Heatran|95\/100|[from] Grassy Terrain\n|-heal|p1a: Heatran|100\/100|[from] item: Leftovers\n|-damage|p2a: Garchomp|88\/100 tox|[from] psn\n|-fieldend|move: Grassy Terrain\n|upkeep\n|turn|7\n|\n|t:|1662009958\n|move|p2a: Garchomp|Fire Fang|p1a: Heatran\n|-damage|p1a: Heatran|61\/100\n|move|p1a: Heatran|Lava Plume|p2a: Garchomp\n|-resisted|p2a: Garchomp\n|-damage|p2a: Garchomp|68\/100 tox\n|\n|-heal|p2a: Garchomp|74\/100 tox|[from] item: Leftovers\n|-heal|p1a: Heatran|67\/100|[from] item: Leftovers\n|-damage|p2a: Garchomp|55\/100 tox|[from] psn\n|upkeep\n|turn|8\n|c|\u2606Not Sarcasm|come on kid\n|\n|t:|1662009968\n|move|p1a: Heatran|Protect|p1a: Heatran\n|-singleturn|p1a: Heatran|Protect\n|move|p2a: Garchomp|Swords Dance|p2a: Garchomp\n|-boost|p2a: Garchomp|atk|2\n|\n|-heal|p2a: Garchomp|62\/100 tox|[from] item: Leftovers\n|-heal|p1a: Heatran|73\/100|[from] item: Leftovers\n|-damage|p2a: Garchomp|37\/100 tox|[from] psn\n|upkeep\n|turn|9\n|\n|t:|1662009976\n|switch|p1a: Tapu Bulu|Tapu Bulu|100\/100\n|-fieldstart|move: Grassy Terrain|[from] ability: Grassy Surge|[of] p1a: Tapu Bulu\n|move|p2a: Garchomp|Scale Shot|p1a: Tapu Bulu\n|-immune|p1a: Tapu Bulu\n|\n|-heal|p2a: Garchomp|43\/100 tox|[from] Grassy Terrain\n|-heal|p2a: Garchomp|49\/100 tox|[from] item: Leftovers\n|-damage|p2a: Garchomp|18\/100 tox|[from] psn\n|upkeep\n|turn|10\n|c|\u2606Not Sarcasm|fucking low ladder\n|\n|t:|1662009987\n|switch|p2a: Melmetal|Melmetal|100\/100\n|switch|p1a: Heatran|Heatran, F|73\/100\n|\n|-heal|p1a: Heatran|79\/100|[from] Grassy Terrain\n|-heal|p1a: Heatran|86\/100|[from] item: Leftovers\n|upkeep\n|turn|11\n|\n|t:|1662010001\n|switch|p2a: Garchomp|Garchomp, M|18\/100 tox\n|move|p1a: Heatran|Lava Plume|p2a: Garchomp\n|-resisted|p2a: Garchomp\n|-damage|p2a: Garchomp|0 fnt\n|faint|p2a: Garchomp\n|\n|-heal|p1a: Heatran|92\/100|[from] Grassy Terrain\n|-heal|p1a: Heatran|98\/100|[from] item: Leftovers\n|upkeep\n|\n|t:|1662010010\n|switch|p2a: Landorus|Landorus-Therian, M|100\/100\n|-ability|p2a: Landorus|Intimidate|boost\n|-unboost|p1a: Heatran|atk|1\n|turn|12\n|\n|t:|1662010014\n|move|p2a: Landorus|Stealth Rock|p1a: Heatran\n|-sidestart|p1: Crocodile Gimmicks|move: Stealth Rock\n|move|p1a: Heatran|Toxic|p2a: Landorus\n|-status|p2a: Landorus|tox\n|\n|-heal|p1a: Heatran|100\/100|[from] Grassy Terrain\n|-damage|p2a: Landorus|94\/100 tox|[from] psn\n|upkeep\n|turn|13\n|c|\u2606Not Sarcasm|you gonna stay in on everything huh?\n|\n|t:|1662010024\n|move|p1a: Heatran|Protect|p1a: Heatran\n|-singleturn|p1a: Heatran|Protect\n|move|p2a: Landorus|Earthquake|p1a: Heatran\n|-activate|p1a: Heatran|move: Protect\n|\n|-heal|p2a: Landorus|100\/100 tox|[from] item: Leftovers\n|-damage|p2a: Landorus|88\/100 tox|[from] psn\n|-fieldend|move: Grassy Terrain\n|upkeep\n|turn|14\n|\n|t:|1662010033\n|switch|p1a: Tornadus|Tornadus-Therian, M|100\/100\n|move|p2a: Landorus|U-turn|p1a: Tornadus\n|-resisted|p1a: Tornadus\n|-damage|p1a: Tornadus|90\/100\n|\n|t:|1662010039\n|switch|p2a: Dragapult|Dragapult, M|100\/100|[from]move: U-turn\n|\n|upkeep\n|turn|15\n|\n|t:|1662010043\n|move|p2a: Dragapult|Dragon Darts|p1a: Tornadus\n|-damage|p1a: Tornadus|51\/100\n|-anim|p2a: Dragapult|Dragon Darts|p1a: Tornadus\n|-damage|p1a: Tornadus|13\/100\n|move|p1a: Tornadus|Defog|p2a: Dragapult\n|-fail|p2a: Dragapult|unboost|[from] ability: Clear Body|[of] p2a: Dragapult\n|-sideend|p1: Crocodile Gimmicks|Stealth Rock|[from] move: Defog|[of] p1a: Tornadus\n|\n|upkeep\n|turn|16\n|\n|t:|1662010055\n|switch|p2a: Tapu Lele|Tapu Lele|100\/100\n|-fieldstart|move: Psychic Terrain|[from] ability: Psychic Surge|[of] p2a: Tapu Lele\n|switch|p1a: Heatran|Heatran, F|100\/100\n|\n|upkeep\n|turn|17\n|\n|t:|1662010061\n|move|p1a: Heatran|Protect|p1a: Heatran\n|-singleturn|p1a: Heatran|Protect\n|move|p2a: Tapu Lele|Focus Blast|p1a: Heatran\n|-activate|p1a: Heatran|move: Protect\n|\n|upkeep\n|turn|18\n|c|\u2606Not Sarcasm|fucking loser\n|\n|t:|1662010067\n|switch|p1a: Clefable|Clefable, M|100\/100\n|move|p2a: Tapu Lele|Focus Blast|p1a: Clefable|[miss]\n|-miss|p2a: Tapu Lele|p1a: Clefable\n|\n|upkeep\n|turn|19\n|\n|t:|1662010073\n|switch|p2a: Melmetal|Melmetal|100\/100\n|move|p1a: Clefable|Teleport|p1a: Clefable\n|\n|t:|1662010084\n|switch|p1a: Kartana|Kartana|100\/100|[from]move: Teleport\n|\n|upkeep\n|turn|20\n|\n|t:|1662010088\n|move|p1a: Kartana|Knock Off|p2a: Melmetal\n|-damage|p2a: Melmetal|62\/100\n|-enditem|p2a: Melmetal|Leftovers|[from] move: Knock Off|[of] p1a: Kartana\n|move|p2a: Melmetal|Earthquake|p1a: Kartana\n|-damage|p1a: Kartana|61\/100\n|\n|-fieldend|move: Psychic Terrain\n|upkeep\n|turn|21\n|\n|t:|1662010097\n|switch|p1a: Tapu Bulu|Tapu Bulu|100\/100\n|-fieldstart|move: Grassy Terrain|[from] ability: Grassy Surge|[of] p1a: Tapu Bulu\n|move|p2a: Melmetal|Double Iron Bash|p1a: Tapu Bulu\n|-supereffective|p1a: Tapu Bulu\n|-damage|p1a: Tapu Bulu|17\/100\n|-supereffective|p1a: Tapu Bulu\n|-damage|p1a: Tapu Bulu|0 fnt\n|faint|p1a: Tapu Bulu\n|-hitcount|p1: Tapu Bulu|2\n|\n|-heal|p2a: Melmetal|68\/100|[from] Grassy Terrain\n|upkeep\n|\n|t:|1662010100\n|switch|p1a: Heatran|Heatran, F|100\/100\n|turn|22\n|\n|t:|1662010109\n|move|p2a: Melmetal|Protect|p2a: Melmetal\n|-singleturn|p2a: Melmetal|Protect\n|move|p1a: Heatran|Stealth Rock|p2a: Melmetal\n|-sidestart|p2: Not Sarcasm|move: Stealth Rock\n|\n|-heal|p2a: Melmetal|74\/100|[from] Grassy Terrain\n|upkeep\n|turn|23\n|\n|t:|1662010115\n|move|p1a: Heatran|Lava Plume|p2a: Melmetal\n|-supereffective|p2a: Melmetal\n|-damage|p2a: Melmetal|14\/100\n|move|p2a: Melmetal|Earthquake|p1a: Heatran\n|-supereffective|p1a: Heatran\n|-damage|p1a: Heatran|51\/100\n|\n|-heal|p1a: Heatran|57\/100|[from] Grassy Terrain\n|-heal|p1a: Heatran|63\/100|[from] item: Leftovers\n|-heal|p2a: Melmetal|20\/100|[from] Grassy Terrain\n|upkeep\n|turn|24\n|\n|t:|1662010125\n|move|p2a: Melmetal|Protect|p2a: Melmetal\n|-singleturn|p2a: Melmetal|Protect\n|move|p1a: Heatran|Lava Plume|p2a: Melmetal\n|-activate|p2a: Melmetal|move: Protect\n|\n|-heal|p1a: Heatran|69\/100|[from] Grassy Terrain\n|-heal|p1a: Heatran|76\/100|[from] item: Leftovers\n|-heal|p2a: Melmetal|26\/100|[from] Grassy Terrain\n|upkeep\n|turn|25\n|\n|t:|1662010134\n|switch|p2a: Slowbro|Slowbro, F|100\/100\n|move|p1a: Heatran|Lava Plume|p2a: Slowbro\n|-resisted|p2a: Slowbro\n|-damage|p2a: Slowbro|82\/100\n|\n|-heal|p1a: Heatran|82\/100|[from] Grassy Terrain\n|-heal|p1a: Heatran|88\/100|[from] item: Leftovers\n|-heal|p2a: Slowbro|88\/100|[from] Grassy Terrain\n|-fieldend|move: Grassy Terrain\n|upkeep\n|turn|26\n|\n|t:|1662010144\n|switch|p1a: Clefable|Clefable, M|100\/100\n|move|p2a: Slowbro|Teleport|p2a: Slowbro\n|\n|t:|1662010148\n|switch|p2a: Melmetal|Melmetal|26\/100|[from]move: Teleport\n|-damage|p2a: Melmetal|20\/100|[from] Stealth Rock\n|\n|upkeep\n|turn|27\n|\n|t:|1662010153\n|move|p1a: Clefable|Protect|p1a: Clefable\n|-singleturn|p1a: Clefable|Protect\n|move|p2a: Melmetal|Earthquake|p1a: Clefable\n|-activate|p1a: Clefable|move: Protect\n|\n|upkeep\n|turn|28\n|\n|t:|1662010158\n|switch|p1a: Kartana|Kartana|61\/100\n|move|p2a: Melmetal|Earthquake|p1a: Kartana\n|-damage|p1a: Kartana|18\/100\n|\n|upkeep\n|turn|29\n|\n|t:|1662010168\n|move|p2a: Melmetal|Protect|p2a: Melmetal\n|-singleturn|p2a: Melmetal|Protect\n|move|p1a: Kartana|Knock Off|p2a: Melmetal\n|-activate|p2a: Melmetal|move: Protect\n|\n|upkeep\n|turn|30\n|\n|t:|1662010177\n|switch|p2a: Landorus|Landorus-Therian, M|88\/100 tox\n|-damage|p2a: Landorus|76\/100 tox|[from] Stealth Rock\n|-ability|p2a: Landorus|Intimidate|boost\n|-unboost|p1a: Kartana|atk|1\n|move|p1a: Kartana|Knock Off|p2a: Landorus\n|-damage|p2a: Landorus|36\/100 tox\n|-enditem|p2a: Landorus|Leftovers|[from] move: Knock Off|[of] p1a: Kartana\n|\n|-damage|p2a: Landorus|30\/100 tox|[from] psn\n|upkeep\n|turn|31\n|inactive|Crocodile Gimmicks has 120 seconds left.\n|\n|t:|1662010231\n|switch|p1a: Tornadus|Tornadus-Therian, M|46\/100\n|move|p2a: Landorus|Defog|p1a: Tornadus\n|-unboost|p1a: Tornadus|evasion|1\n|-sideend|p2: Not Sarcasm|Stealth Rock|[from] move: Defog|[of] p2a: Landorus\n|\n|-damage|p2a: Landorus|18\/100 tox|[from] psn\n|upkeep\n|turn|32\n|inactive|Not Sarcasm has 120 seconds left.\n|\n|t:|1662010263\n|move|p1a: Tornadus|Hurricane|p2a: Landorus\n|-crit|p2a: Landorus\n|-damage|p2a: Landorus|0 fnt\n|faint|p2a: Landorus\n|\n|upkeep\n|inactive|Not Sarcasm has 120 seconds left.\n|\n|t:|1662010268\n|switch|p2a: Tapu Lele|Tapu Lele|100\/100\n|-fieldstart|move: Psychic Terrain|[from] ability: Psychic Surge|[of] p2a: Tapu Lele\n|turn|33\n|\n|t:|1662010273\n|switch|p1a: Clefable|Clefable, M|100\/100\n|move|p2a: Tapu Lele|Focus Blast|p1a: Clefable\n|-resisted|p1a: Clefable\n|-damage|p1a: Clefable|87\/100\n|\n|-heal|p1a: Clefable|93\/100|[from] item: Leftovers\n|upkeep\n|turn|34\n|c|\u2606Not Sarcasm|this virgin is a god\n|\n|t:|1662010286\n|switch|p2a: Slowbro|Slowbro, F|100\/100\n|move|p1a: Clefable|Teleport|p1a: Clefable\n|\n|t:|1662010300\n|switch|p1a: Kartana|Kartana|18\/100|[from]move: Teleport\n|\n|upkeep\n|turn|35\n|inactive|Not Sarcasm has 120 seconds left.\n|\n|t:|1662010333\n|move|p1a: Kartana|Leaf Blade|p2a: Slowbro\n|-supereffective|p2a: Slowbro\n|-damage|p2a: Slowbro|0 fnt\n|faint|p2a: Slowbro\n|-ability|p1a: Kartana|Beast Boost|boost\n|-boost|p1a: Kartana|atk|1\n|\n|upkeep\n|\n|t:|1662010339\n|switch|p2a: Dragapult|Dragapult, M|100\/100\n|turn|36\n|\n|t:|1662010343\n|switch|p1a: Heatran|Heatran, F|88\/100\n|move|p2a: Dragapult|U-turn|p1a: Heatran\n|-resisted|p1a: Heatran\n|-damage|p1a: Heatran|83\/100\n|-message|Not Sarcasm forfeited.\n|\n|win|Crocodile Gimmicks\n|raw|Crocodile Gimmicks's rating: 1483 &rarr; <strong>1506<\/strong><br \/>(+23 for winning)\n|raw|Not Sarcasm's rating: 1535 &rarr; <strong>1512<\/strong><br \/>(-23 for losing)\n|l|\u2606Not Sarcasm\n","uploadtime":1662010065,"views":20,"p1id":"crocodilegimmicks","p2id":"notsarcasm","formatid":"gen8ou","rating":1506,"private":0,"password":null}