{"id":"gen8monotype-1556485843","p1":"Droppa","p2":"Allelaja","format":"gen8monotype","log":"|j|\u2606Droppa\n|j|\u2606Allelaja\n|t:|1650341909\n|gametype|singles\n|player|p1|Droppa|clemont|1440\n|player|p2|Allelaja|170|1506\n|teamsize|p1|6\n|teamsize|p2|6\n|gen|8\n|tier|[Gen 8] Monotype\n|rated|\n|rule|Same Type Clause: Pok\u00e9mon in a team must share a type\n|rule|Sleep Clause Mod: Limit one foe put to sleep\n|rule|Species Clause: Limit one of each Pok\u00e9mon\n|rule|OHKO Clause: OHKO moves are banned\n|rule|Evasion Moves Clause: Evasion moves are banned\n|rule|Endless Battle Clause: Forcing endless battles is banned\n|rule|HP Percentage Mod: HP is shown in percentages\n|rule|Dynamax Clause: You cannot dynamax\n|clearpoke\n|poke|p1|Torkoal, M|\n|poke|p1|Cinderace, F|\n|poke|p1|Volcarona, M|\n|poke|p1|Flareon, F|\n|poke|p1|Victini|\n|poke|p1|Blacephalon|\n|poke|p2|Torkoal, F|\n|poke|p2|Cinderace, M|\n|poke|p2|Volcarona, F|\n|poke|p2|Heatran, M|\n|poke|p2|Victini|\n|poke|p2|Blacephalon|\n|teampreview\n|inactive|Battle timer is ON: inactive players will automatically lose when time's up. (requested by Allelaja)\n|\n|t:|1650341921\n|start\n|switch|p1a: Torkoal|Torkoal, M|100\/100\n|switch|p2a: Victini|Victini|100\/100\n|-weather|SunnyDay|[from] ability: Drought|[of] p1a: Torkoal\n|turn|1\n|\n|t:|1650341941\n|move|p2a: Victini|Trick|p1a: Torkoal\n|-activate|p2a: Victini|move: Trick|[of] p1a: Torkoal\n|-item|p1a: Torkoal|Choice Band|[from] move: Trick\n|-item|p2a: Victini|Heat Rock|[from] move: Trick\n|move|p1a: Torkoal|Yawn|p2a: Victini\n|-start|p2a: Victini|move: Yawn|[of] p1a: Torkoal\n|\n|-weather|SunnyDay|[upkeep]\n|upkeep\n|turn|2\n|\n|t:|1650341948\n|switch|p1a: Victini|Victini|100\/100\n|move|p2a: Victini|U-turn|p1a: Victini\n|-damage|p1a: Victini|81\/100\n|\n|t:|1650341952\n|switch|p2a: Blacephalon|Blacephalon|100\/100|[from]move: U-turn\n|\n|-weather|SunnyDay|[upkeep]\n|upkeep\n|turn|3\n|\n|t:|1650341957\n|move|p2a: Blacephalon|Shadow Ball|p1a: Victini\n|-supereffective|p1a: Victini\n|-damage|p1a: Victini|0 fnt\n|faint|p1a: Victini\n|-ability|p2a: Blacephalon|Beast Boost|boost\n|-boost|p2a: Blacephalon|spa|1\n|\n|-weather|SunnyDay|[upkeep]\n|upkeep\n|\n|t:|1650341963\n|switch|p1a: Blacephalon|Blacephalon|100\/100\n|turn|4\n|\n|t:|1650341966\n|move|p1a: Blacephalon|Shadow Ball|p2a: Blacephalon\n|-supereffective|p2a: Blacephalon\n|-damage|p2a: Blacephalon|0 fnt\n|faint|p2a: Blacephalon\n|-ability|p1a: Blacephalon|Beast Boost|boost\n|-boost|p1a: Blacephalon|spa|1\n|\n|-weather|SunnyDay|[upkeep]\n|upkeep\n|\n|t:|1650341970\n|switch|p2a: Heatran|Heatran, M|100\/100\n|-item|p2a: Heatran|Air Balloon\n|turn|5\n|\n|t:|1650341972\n|move|p1a: Blacephalon|Shadow Ball|p2a: Heatran\n|-damage|p2a: Heatran|30\/100\n|-unboost|p2a: Heatran|spd|1\n|-enditem|p2a: Heatran|Air Balloon\n|move|p2a: Heatran|Earth Power|p1a: Blacephalon\n|-supereffective|p1a: Blacephalon\n|-damage|p1a: Blacephalon|0 fnt\n|faint|p1a: Blacephalon\n|\n|-weather|SunnyDay|[upkeep]\n|upkeep\n|\n|t:|1650341981\n|switch|p1a: Flareon|Flareon, F|100\/100\n|-item|p1a: Flareon|Air Balloon\n|turn|6\n|\n|t:|1650341986\n|move|p2a: Heatran|Magma Storm|p1a: Flareon\n|-start|p1a: Flareon|ability: Flash Fire\n|move|p1a: Flareon|Superpower|p2a: Heatran\n|-supereffective|p2a: Heatran\n|-damage|p2a: Heatran|0 fnt\n|-unboost|p1a: Flareon|atk|1\n|-unboost|p1a: Flareon|def|1\n|faint|p2a: Heatran\n|\n|-weather|SunnyDay|[upkeep]\n|upkeep\n|\n|t:|1650342000\n|switch|p2a: Torkoal|Torkoal, F|100\/100\n|turn|7\n|\n|t:|1650342006\n|move|p1a: Flareon|Flare Blitz|p2a: Torkoal\n|-resisted|p2a: Torkoal\n|-crit|p2a: Torkoal\n|-damage|p2a: Torkoal|35\/100\n|-damage|p1a: Flareon|73\/100|[from] Recoil\n|move|p2a: Torkoal|Stealth Rock|p1a: Flareon\n|-sidestart|p1: Droppa|move: Stealth Rock\n|\n|-weather|SunnyDay|[upkeep]\n|upkeep\n|turn|8\n|\n|t:|1650342011\n|move|p1a: Flareon|Copycat|p1a: Flareon\n|move|p1a: Flareon|Stealth Rock|p2a: Torkoal|[from]move: Copycat\n|-sidestart|p2: Allelaja|move: Stealth Rock\n|move|p2a: Torkoal|Yawn|p1a: Flareon\n|-start|p1a: Flareon|move: Yawn|[of] p2a: Torkoal\n|\n|-weather|none\n|upkeep\n|turn|9\n|\n|t:|1650342019\n|move|p1a: Flareon|Copycat|p1a: Flareon\n|move|p1a: Flareon|Yawn|p2a: Torkoal|[from]move: Copycat\n|-start|p2a: Torkoal|move: Yawn|[of] p1a: Flareon\n|move|p2a: Torkoal|Rapid Spin|p1a: Flareon\n|-damage|p1a: Flareon|49\/100\n|-boost|p2a: Torkoal|spe|1\n|-enditem|p1a: Flareon|Air Balloon\n|-sideend|p2: Allelaja|Stealth Rock|[from] move: Rapid Spin|[of] p2a: Torkoal\n|\n|-end|p1a: Flareon|move: Yawn|[silent]\n|-status|p1a: Flareon|slp\n|upkeep\n|turn|10\n|\n|t:|1650342029\n|switch|p2a: Volcarona|Volcarona, F|100\/100\n|cant|p1a: Flareon|slp\n|\n|upkeep\n|turn|11\n|\n|t:|1650342035\n|move|p2a: Volcarona|Substitute|p2a: Volcarona\n|-start|p2a: Volcarona|Substitute\n|-damage|p2a: Volcarona|76\/100\n|-curestatus|p1a: Flareon|slp|[msg]\n|move|p1a: Flareon|Copycat|p1a: Flareon\n|move|p1a: Flareon|Substitute|p1a: Flareon|[from]move: Copycat\n|-start|p1a: Flareon|Substitute\n|-damage|p1a: Flareon|24\/100\n|\n|upkeep\n|turn|12\n|\n|t:|1650342045\n|move|p2a: Volcarona|Psychic|p1a: Flareon\n|-end|p1a: Flareon|Substitute\n|move|p1a: Flareon|Flare Blitz|p2a: Volcarona\n|-end|p2a: Volcarona|Substitute\n|-damage|p1a: Flareon|15\/100|[from] Recoil|[of] p2a: Volcarona\n|\n|upkeep\n|turn|13\n|\n|t:|1650342055\n|move|p2a: Volcarona|Psychic|p1a: Flareon\n|-damage|p1a: Flareon|0 fnt\n|faint|p1a: Flareon\n|\n|upkeep\n|\n|t:|1650342061\n|switch|p1a: Volcarona|Volcarona, M|100\/100\n|turn|14\n|\n|t:|1650342066\n|move|p1a: Volcarona|Quiver Dance|p1a: Volcarona\n|-boost|p1a: Volcarona|spa|1\n|-boost|p1a: Volcarona|spd|1\n|-boost|p1a: Volcarona|spe|1\n|move|p2a: Volcarona|Quiver Dance|p2a: Volcarona\n|-boost|p2a: Volcarona|spa|1\n|-boost|p2a: Volcarona|spd|1\n|-boost|p2a: Volcarona|spe|1\n|\n|upkeep\n|turn|15\n|\n|t:|1650342069\n|move|p2a: Volcarona|Quiver Dance|p2a: Volcarona\n|-boost|p2a: Volcarona|spa|1\n|-boost|p2a: Volcarona|spd|1\n|-boost|p2a: Volcarona|spe|1\n|move|p1a: Volcarona|Quiver Dance|p1a: Volcarona\n|-boost|p1a: Volcarona|spa|1\n|-boost|p1a: Volcarona|spd|1\n|-boost|p1a: Volcarona|spe|1\n|\n|upkeep\n|turn|16\n|\n|t:|1650342074\n|move|p1a: Volcarona|Quiver Dance|p1a: Volcarona\n|-boost|p1a: Volcarona|spa|1\n|-boost|p1a: Volcarona|spd|1\n|-boost|p1a: Volcarona|spe|1\n|move|p2a: Volcarona|Quiver Dance|p2a: Volcarona\n|-boost|p2a: Volcarona|spa|1\n|-boost|p2a: Volcarona|spd|1\n|-boost|p2a: Volcarona|spe|1\n|\n|upkeep\n|turn|17\n|\n|t:|1650342078\n|move|p1a: Volcarona|Quiver Dance|p1a: Volcarona\n|-boost|p1a: Volcarona|spa|1\n|-boost|p1a: Volcarona|spd|1\n|-boost|p1a: Volcarona|spe|1\n|move|p2a: Volcarona|Quiver Dance|p2a: Volcarona\n|-boost|p2a: Volcarona|spa|1\n|-boost|p2a: Volcarona|spd|1\n|-boost|p2a: Volcarona|spe|1\n|\n|upkeep\n|turn|18\n|\n|t:|1650342080\n|move|p1a: Volcarona|Quiver Dance|p1a: Volcarona\n|-boost|p1a: Volcarona|spa|1\n|-boost|p1a: Volcarona|spd|1\n|-boost|p1a: Volcarona|spe|1\n|move|p2a: Volcarona|Quiver Dance|p2a: Volcarona\n|-boost|p2a: Volcarona|spa|1\n|-boost|p2a: Volcarona|spd|1\n|-boost|p2a: Volcarona|spe|1\n|\n|upkeep\n|turn|19\n|\n|t:|1650342082\n|move|p2a: Volcarona|Quiver Dance|p2a: Volcarona\n|-boost|p2a: Volcarona|spa|1\n|-boost|p2a: Volcarona|spd|1\n|-boost|p2a: Volcarona|spe|1\n|move|p1a: Volcarona|Quiver Dance|p1a: Volcarona\n|-boost|p1a: Volcarona|spa|1\n|-boost|p1a: Volcarona|spd|1\n|-boost|p1a: Volcarona|spe|1\n|\n|upkeep\n|turn|20\n|\n|t:|1650342087\n|move|p2a: Volcarona|Fire Blast|p1a: Volcarona\n|-damage|p1a: Volcarona|40\/100\n|move|p1a: Volcarona|Fire Blast|p2a: Volcarona\n|-damage|p2a: Volcarona|18\/100\n|\n|upkeep\n|turn|21\n|\n|t:|1650342093\n|move|p2a: Volcarona|Fire Blast|p1a: Volcarona\n|-damage|p1a: Volcarona|0 fnt\n|faint|p1a: Volcarona\n|\n|upkeep\n|\n|t:|1650342097\n|switch|p1a: Cinderace|Cinderace, F|100\/100\n|turn|22\n|\n|t:|1650342099\n|move|p1a: Cinderace|Sucker Punch||[still]\n|-fail|p1a: Cinderace\n|move|p2a: Volcarona|Substitute|p2a: Volcarona\n|-fail|p2a: Volcarona|move: Substitute|[weak]\n|\n|upkeep\n|turn|23\n|\n|t:|1650342101\n|move|p1a: Cinderace|Sucker Punch||[still]\n|-fail|p1a: Cinderace\n|move|p2a: Volcarona|Quiver Dance|p2a: Volcarona\n|-boost|p2a: Volcarona|spa|0\n|-boost|p2a: Volcarona|spd|0\n|-boost|p2a: Volcarona|spe|0\n|\n|upkeep\n|turn|24\n|\n|t:|1650342103\n|move|p1a: Cinderace|Sucker Punch||[still]\n|-fail|p1a: Cinderace\n|move|p2a: Volcarona|Quiver Dance|p2a: Volcarona\n|-boost|p2a: Volcarona|spa|0\n|-boost|p2a: Volcarona|spd|0\n|-boost|p2a: Volcarona|spe|0\n|\n|upkeep\n|turn|25\n|\n|t:|1650342105\n|move|p2a: Volcarona|Quiver Dance|p2a: Volcarona\n|-boost|p2a: Volcarona|spa|0\n|-boost|p2a: Volcarona|spd|0\n|-boost|p2a: Volcarona|spe|0\n|move|p1a: Cinderace|Pyro Ball|p2a: Volcarona|[miss]\n|-miss|p1a: Cinderace|p2a: Volcarona\n|\n|upkeep\n|turn|26\n|\n|t:|1650342109\n|move|p1a: Cinderace|Sucker Punch||[still]\n|-fail|p1a: Cinderace\n|move|p2a: Volcarona|Quiver Dance|p2a: Volcarona\n|-boost|p2a: Volcarona|spa|0\n|-boost|p2a: Volcarona|spd|0\n|-boost|p2a: Volcarona|spe|0\n|\n|upkeep\n|turn|27\n|\n|t:|1650342111\n|move|p1a: Cinderace|Sucker Punch||[still]\n|-fail|p1a: Cinderace\n|move|p2a: Volcarona|Quiver Dance|p2a: Volcarona\n|-boost|p2a: Volcarona|spa|0\n|-boost|p2a: Volcarona|spd|0\n|-boost|p2a: Volcarona|spe|0\n|\n|upkeep\n|turn|28\n|\n|t:|1650342113\n|move|p1a: Cinderace|Sucker Punch|p2a: Volcarona\n|-start|p1a: Cinderace|typechange|Dark|[from] ability: Libero\n|-damage|p2a: Volcarona|0 fnt\n|faint|p2a: Volcarona\n|\n|upkeep\n|\n|t:|1650342119\n|switch|p2a: Torkoal|Torkoal, F|35\/100\n|-weather|SunnyDay|[from] ability: Drought|[of] p2a: Torkoal\n|turn|29\n|\n|t:|1650342126\n|move|p1a: Cinderace|Pyro Ball|p2a: Torkoal\n|-start|p1a: Cinderace|typechange|Fire|[from] ability: Libero\n|-resisted|p2a: Torkoal\n|-damage|p2a: Torkoal|8\/100\n|move|p2a: Torkoal|Yawn|p1a: Cinderace\n|-start|p1a: Cinderace|move: Yawn|[of] p2a: Torkoal\n|\n|-weather|SunnyDay|[upkeep]\n|upkeep\n|turn|30\n|\n|t:|1650342131\n|switch|p1a: Torkoal|Torkoal, M|100\/100\n|-damage|p1a: Torkoal|76\/100|[from] Stealth Rock\n|switch|p2a: Cinderace|Cinderace, M|100\/100\n|\n|-weather|SunnyDay|[upkeep]\n|upkeep\n|turn|31\n|\n|t:|1650342135\n|move|p2a: Cinderace|Bulk Up|p2a: Cinderace\n|-start|p2a: Cinderace|typechange|Fighting|[from] ability: Libero\n|-boost|p2a: Cinderace|atk|1\n|-boost|p2a: Cinderace|def|1\n|move|p1a: Torkoal|Yawn|p2a: Cinderace\n|-start|p2a: Cinderace|move: Yawn|[of] p1a: Torkoal\n|\n|-weather|SunnyDay|[upkeep]\n|upkeep\n|turn|32\n|\n|t:|1650342141\n|switch|p2a: Torkoal|Torkoal, F|8\/100\n|switch|p1a: Cinderace|Cinderace, F|100\/100\n|\n|-weather|SunnyDay|[upkeep]\n|upkeep\n|turn|33\n|\n|t:|1650342145\n|move|p1a: Cinderace|Pyro Ball|p2a: Torkoal\n|-resisted|p2a: Torkoal\n|-damage|p2a: Torkoal|0 fnt\n|faint|p2a: Torkoal\n|\n|-weather|SunnyDay|[upkeep]\n|upkeep\n|\n|t:|1650342152\n|switch|p2a: Cinderace|Cinderace, M|100\/100\n|turn|34\n|\n|t:|1650342155\n|move|p2a: Cinderace|Pyro Ball|p1a: Cinderace\n|-resisted|p1a: Cinderace\n|-damage|p1a: Cinderace|39\/100\n|move|p1a: Cinderace|Bulk Up|p1a: Cinderace\n|-start|p1a: Cinderace|typechange|Fighting|[from] ability: Libero\n|-boost|p1a: Cinderace|atk|1\n|-boost|p1a: Cinderace|def|1\n|\n|-weather|SunnyDay|[upkeep]\n|upkeep\n|turn|35\n|\n|t:|1650342160\n|move|p2a: Cinderace|Pyro Ball|p1a: Cinderace\n|-damage|p1a: Cinderace|0 fnt\n|faint|p1a: Cinderace\n|\n|-weather|SunnyDay|[upkeep]\n|upkeep\n|\n|t:|1650342164\n|switch|p1a: Torkoal|Torkoal, M|76\/100\n|-damage|p1a: Torkoal|51\/100|[from] Stealth Rock\n|turn|36\n|\n|t:|1650342167\n|move|p2a: Cinderace|High Jump Kick|p1a: Torkoal\n|-start|p2a: Cinderace|typechange|Fighting|[from] ability: Libero\n|-damage|p1a: Torkoal|18\/100\n|move|p1a: Torkoal|Lava Plume|p2a: Cinderace\n|-damage|p2a: Cinderace|48\/100\n|\n|-weather|none\n|upkeep\n|turn|37\n|\n|t:|1650342176\n|move|p2a: Cinderace|High Jump Kick|p1a: Torkoal\n|-crit|p1a: Torkoal\n|-damage|p1a: Torkoal|0 fnt\n|faint|p1a: Torkoal\n|\n|win|Allelaja\n|raw|Droppa's rating: 1440 &rarr; <strong>1424<\/strong><br \/>(-16 for losing)\n|raw|Allelaja's rating: 1506 &rarr; <strong>1522<\/strong><br \/>(+16 for winning)\n|c|\u2606Allelaja|Gg\n|l|\u2606Allelaja\n|c|\u2606Droppa|gg\n","uploadtime":1650342189,"views":6,"p1id":"droppa","p2id":"allelaja","formatid":"gen8monotype","rating":1424,"private":0,"password":null}