{"id":"gen8ou-1660677805","p1":"Capital Cruiser","p2":"minimax_ai","format":"gen8ou","log":"|j|\u2606Capital Cruiser\n|j|\u2606minimax_ai\n|t:|1662799385\n|gametype|singles\n|player|p1|Capital Cruiser|cheren-gen5bw2|1450\n|player|p2|minimax_ai|lusamine-nihilego|1492\n|teamsize|p1|6\n|teamsize|p2|6\n|gen|8\n|tier|[Gen 8] OU\n|rated|\n|rule|Sleep Clause Mod: Limit one foe put to sleep\n|rule|Species Clause: Limit one of each Pok\u00e9mon\n|rule|OHKO Clause: OHKO moves are banned\n|rule|Evasion Items Clause: Evasion items are banned\n|rule|Evasion Moves Clause: Evasion moves are banned\n|rule|Endless Battle Clause: Forcing endless battles is banned\n|rule|HP Percentage Mod: HP is shown in percentages\n|rule|Dynamax Clause: You cannot dynamax\n|clearpoke\n|poke|p1|Dragapult, F|\n|poke|p1|Zeraora|\n|poke|p1|Celesteela|\n|poke|p1|Heatran, F|\n|poke|p1|Zapdos|\n|poke|p1|Kartana|\n|poke|p2|Rotom-Wash|\n|poke|p2|Weavile, F|\n|poke|p2|Landorus-Therian, M|\n|poke|p2|Heatran, M|\n|poke|p2|Tangrowth, M|\n|poke|p2|Melmetal|\n|teampreview\n|inactive|Battle timer is ON: inactive players will automatically lose when time's up. (requested by Capital Cruiser)\n|c|\u2606minimax_ai|hf\n|inactive|minimax_ai also wants the timer to be on.\n|\n|t:|1662799394\n|start\n|switch|p1a: Kartana|Kartana, shiny|100\/100\n|switch|p2a: Melmetal|Melmetal|100\/100\n|turn|1\n|\n|t:|1662799397\n|switch|p1a: Zapdos|Zapdos, shiny|100\/100\n|move|p2a: Melmetal|Double Iron Bash|p1a: Zapdos\n|-resisted|p1a: Zapdos\n|-damage|p1a: Zapdos|86\/100\n|-status|p2a: Melmetal|par|[from] ability: Static|[of] p1a: Zapdos\n|-resisted|p1a: Zapdos\n|-damage|p1a: Zapdos|73\/100\n|-hitcount|p1a: Zapdos|2\n|\n|upkeep\n|turn|2\n|\n|t:|1662799400\n|move|p1a: Zapdos|Hurricane|p2a: Melmetal\n|-resisted|p2a: Melmetal\n|-damage|p2a: Melmetal|89\/100 par\n|move|p2a: Melmetal|Double Iron Bash|p1a: Zapdos\n|-resisted|p1a: Zapdos\n|-damage|p1a: Zapdos|58\/100\n|-resisted|p1a: Zapdos\n|-damage|p1a: Zapdos|44\/100\n|-hitcount|p1a: Zapdos|2\n|\n|upkeep\n|turn|3\n|\n|t:|1662799405\n|move|p1a: Zapdos|Roost|p1a: Zapdos\n|-heal|p1a: Zapdos|94\/100\n|-singleturn|p1a: Zapdos|move: Roost\n|cant|p2a: Melmetal|par\n|\n|upkeep\n|turn|4\n|\n|t:|1662799407\n|move|p1a: Zapdos|Thunderbolt|p2a: Melmetal\n|-damage|p2a: Melmetal|67\/100 par\n|move|p2a: Melmetal|Double Iron Bash|p1a: Zapdos\n|-resisted|p1a: Zapdos\n|-damage|p1a: Zapdos|79\/100\n|-resisted|p1a: Zapdos\n|-damage|p1a: Zapdos|65\/100\n|-hitcount|p1a: Zapdos|2\n|\n|upkeep\n|turn|5\n|\n|t:|1662799412\n|move|p1a: Zapdos|Roost|p1a: Zapdos\n|-heal|p1a: Zapdos|100\/100\n|-singleturn|p1a: Zapdos|move: Roost\n|move|p2a: Melmetal|Ice Punch|p1a: Zapdos\n|-damage|p1a: Zapdos|75\/100\n|\n|upkeep\n|turn|6\n|\n|t:|1662799414\n|move|p1a: Zapdos|Thunderbolt|p2a: Melmetal\n|-damage|p2a: Melmetal|49\/100 par\n|move|p2a: Melmetal|Ice Punch|p1a: Zapdos\n|-supereffective|p1a: Zapdos\n|-damage|p1a: Zapdos|26\/100\n|\n|upkeep\n|turn|7\n|\n|t:|1662799417\n|move|p1a: Zapdos|Roost|p1a: Zapdos\n|-heal|p1a: Zapdos|76\/100\n|-singleturn|p1a: Zapdos|move: Roost\n|cant|p2a: Melmetal|par\n|\n|upkeep\n|turn|8\n|\n|t:|1662799420\n|move|p1a: Zapdos|Thunderbolt|p2a: Melmetal\n|-damage|p2a: Melmetal|29\/100 par\n|move|p2a: Melmetal|Thunder Punch|p1a: Zapdos\n|-damage|p1a: Zapdos|51\/100\n|\n|upkeep\n|turn|9\n|\n|t:|1662799422\n|move|p1a: Zapdos|Roost|p1a: Zapdos\n|-heal|p1a: Zapdos|100\/100\n|-singleturn|p1a: Zapdos|move: Roost\n|move|p2a: Melmetal|Ice Punch|p1a: Zapdos\n|-damage|p1a: Zapdos|76\/100\n|\n|upkeep\n|turn|10\n|\n|t:|1662799424\n|move|p1a: Zapdos|Thunderbolt|p2a: Melmetal\n|-damage|p2a: Melmetal|9\/100 par\n|move|p2a: Melmetal|Ice Punch|p1a: Zapdos\n|-supereffective|p1a: Zapdos\n|-damage|p1a: Zapdos|30\/100\n|\n|upkeep\n|turn|11\n|\n|t:|1662799426\n|switch|p2a: Weavile|Weavile, F|100\/100\n|-ability|p2a: Weavile|Pressure\n|move|p1a: Zapdos|Roost|p1a: Zapdos\n|-heal|p1a: Zapdos|80\/100\n|-singleturn|p1a: Zapdos|move: Roost\n|\n|upkeep\n|turn|12\n|\n|t:|1662799434\n|switch|p1a: Celesteela|Celesteela, shiny|100\/100\n|move|p2a: Weavile|Knock Off|p1a: Celesteela\n|-damage|p1a: Celesteela|41\/100\n|-enditem|p1a: Celesteela|Iapapa Berry|[from] move: Knock Off|[of] p2a: Weavile\n|\n|upkeep\n|turn|13\n|\n|t:|1662799442\n|switch|p2a: landorustherian|Landorus-Therian, M|100\/100\n|-ability|p2a: landorustherian|Intimidate|boost\n|-unboost|p1a: Celesteela|atk|1\n|move|p1a: Celesteela|Leech Seed|p2a: landorustherian\n|-start|p2a: landorustherian|move: Leech Seed\n|\n|-damage|p2a: landorustherian|88\/100|[from] Leech Seed|[of] p1a: Celesteela\n|-heal|p1a: Celesteela|54\/100|[silent]\n|upkeep\n|turn|14\n|\n|t:|1662799445\n|move|p2a: landorustherian|U-turn|p1a: Celesteela\n|-resisted|p1a: Celesteela\n|-damage|p1a: Celesteela|50\/100\n|\n|t:|1662799445\n|switch|p2a: Heatran|Heatran, M|100\/100|[from]move: U-turn\n|-item|p2a: Heatran|Air Balloon\n|move|p1a: Celesteela|Air Slash|p2a: Heatran\n|-resisted|p2a: Heatran\n|-damage|p2a: Heatran|81\/100\n|-enditem|p2a: Heatran|Air Balloon\n|\n|upkeep\n|turn|15\n|\n|t:|1662799452\n|switch|p1a: Dragapult|Dragapult, F, shiny|100\/100\n|move|p2a: Heatran|Stealth Rock|p1a: Dragapult\n|-sidestart|p1: Capital Cruiser|move: Stealth Rock\n|\n|upkeep\n|turn|16\n|\n|t:|1662799457\n|move|p1a: Dragapult|Shadow Ball|p2a: Heatran\n|-damage|p2a: Heatran|22\/100\n|-unboost|p2a: Heatran|spd|1\n|move|p2a: Heatran|Magma Storm|p1a: Dragapult|[miss]\n|-miss|p2a: Heatran|p1a: Dragapult\n|\n|upkeep\n|turn|17\n|\n|t:|1662799460\n|switch|p2a: Weavile|Weavile, F|100\/100\n|-ability|p2a: Weavile|Pressure\n|move|p1a: Dragapult|Shadow Ball|p2a: Weavile\n|-resisted|p2a: Weavile\n|-damage|p2a: Weavile|61\/100\n|\n|upkeep\n|turn|18\n|\n|t:|1662799463\n|switch|p1a: Celesteela|Celesteela, shiny|50\/100\n|-damage|p1a: Celesteela|38\/100|[from] Stealth Rock\n|move|p2a: Weavile|Knock Off|p1a: Celesteela\n|-damage|p1a: Celesteela|0 fnt\n|faint|p1a: Celesteela\n|\n|upkeep\n|\n|t:|1662799484\n|switch|p1a: Zapdos|Zapdos, shiny|80\/100\n|turn|19\n|\n|t:|1662799486\n|switch|p1a: Dragapult|Dragapult, F, shiny|100\/100\n|-damage|p1a: Dragapult|88\/100|[from] Stealth Rock\n|move|p2a: Weavile|Knock Off|p1a: Dragapult\n|-supereffective|p1a: Dragapult\n|-damage|p1a: Dragapult|0 fnt\n|-enditem|p1a: Dragapult|Choice Specs|[from] move: Knock Off|[of] p2a: Weavile\n|faint|p1a: Dragapult\n|\n|upkeep\n|c|\u2606Capital Cruiser|lol\n|-message|Capital Cruiser forfeited.\n|\n|win|minimax_ai\n|raw|Capital Cruiser's rating: 1450 &rarr; <strong>1432<\/strong><br \/>(-18 for losing)\n|raw|minimax_ai's rating: 1492 &rarr; <strong>1510<\/strong><br \/>(+18 for winning)\n|c|\u2606minimax_ai|gg\n|l|\u2606Capital Cruiser\n","uploadtime":1662799495,"views":2,"p1id":"capitalcruiser","p2id":"minimaxai","formatid":"gen8ou","rating":1432,"private":0,"password":null}