{"id":"gen8nationaldex-1669769866","p1":"Oficial Matute","p2":"Ferrothornail\u8349\u94a2\u7532","format":"gen8nationaldex","log":"|j|\u2606Oficial Matute\n|j|\u2606Ferrothornail\u8349\u94a2\u7532\n|t:|1664089064\n|gametype|singles\n|player|p1|Oficial Matute|policeman|1480\n|player|p2|Ferrothornail\u8349\u94a2\u7532|lillie|1484\n|teamsize|p1|6\n|teamsize|p2|6\n|gen|8\n|tier|[Gen 8] National Dex\n|rated|\n|rule|HP Percentage Mod: HP is shown in percentages\n|rule|Endless Battle Clause: Forcing endless battles is banned\n|rule|OHKO Clause: OHKO moves are banned\n|rule|Evasion Moves Clause: Evasion moves are banned\n|rule|Species Clause: Limit one of each Pok\u00e9mon\n|rule|Dynamax Clause: You cannot dynamax\n|rule|Sleep Clause Mod: Limit one foe put to sleep\n|clearpoke\n|poke|p1|Kommo-o, M|\n|poke|p1|Noivern, F|\n|poke|p1|Salamence, F|\n|poke|p1|Dragonite, F|\n|poke|p1|Flygon, F|\n|poke|p1|Zygarde-10%|\n|poke|p2|Hatterene, F|\n|poke|p2|Cresselia, F|\n|poke|p2|Porygon2|\n|poke|p2|Aegislash, M|\n|poke|p2|Melmetal|\n|poke|p2|Camerupt, F|\n|teampreview\n|inactive|Battle timer is ON: inactive players will automatically lose when time's up. (requested by Oficial Matute)\n|\n|t:|1664089070\n|start\n|switch|p1a: Jul 'Mdama|Noivern, F|100\/100\n|switch|p2a: Hatterene|Hatterene, F|100\/100\n|-item|p2a: Hatterene|Focus Sash|[from] ability: Frisk|[of] p1a: Jul 'Mdama|[identify]\n|turn|1\n|\n|t:|1664089078\n|move|p1a: Jul 'Mdama|Switcheroo|p2a: Hatterene\n|-activate|p1a: Jul 'Mdama|move: Trick|[of] p2a: Hatterene\n|-item|p2a: Hatterene|Choice Specs|[from] move: Switcheroo\n|-item|p1a: Jul 'Mdama|Focus Sash|[from] move: Switcheroo\n|move|p2a: Hatterene|Trick Room|p2a: Hatterene\n|-fieldstart|move: Trick Room|[of] p2a: Hatterene\n|\n|upkeep\n|turn|2\n|\n|t:|1664089086\n|switch|p2a: Aegislash|Aegislash, M|100\/100\n|move|p1a: Jul 'Mdama|Flamethrower|p2a: Aegislash\n|-supereffective|p2a: Aegislash\n|-damage|p2a: Aegislash|60\/100\n|\n|upkeep\n|turn|3\n|\n|t:|1664089093\n|-formechange|p2a: Aegislash|Aegislash-Blade||[from] ability: Stance Change\n|move|p2a: Aegislash|Shadow Claw|p1a: Jul 'Mdama\n|-damage|p1a: Jul 'Mdama|48\/100\n|move|p1a: Jul 'Mdama|Flamethrower|p2a: Aegislash\n|-supereffective|p2a: Aegislash\n|-damage|p2a: Aegislash|0 fnt\n|faint|p2a: Aegislash\n|\n|upkeep\n|\n|t:|1664089096\n|switch|p2a: Melmetal|Melmetal|100\/100\n|turn|4\n|\n|t:|1664089106\n|move|p2a: Melmetal|Ice Punch|p1a: Jul 'Mdama\n|-supereffective|p1a: Jul 'Mdama\n|-damage|p1a: Jul 'Mdama|0 fnt\n|faint|p1a: Jul 'Mdama\n|\n|upkeep\n|\n|t:|1664089116\n|switch|p1a: Sesa 'Refumee|Dragonite, F|100\/100\n|turn|5\n|\n|t:|1664089122\n|move|p2a: Melmetal|Ice Punch|p1a: Sesa 'Refumee\n|-supereffective|p1a: Sesa 'Refumee\n|-damage|p1a: Sesa 'Refumee|0 fnt\n|faint|p1a: Sesa 'Refumee\n|\n|-fieldend|move: Trick Room\n|upkeep\n|\n|t:|1664089128\n|switch|p1a: Jega 'Rdomnai|Zygarde-10%|100\/100\n|-ability|p1a: Jega 'Rdomnai|Aura Break\n|turn|6\n|\n|t:|1664089134\n|move|p1a: Jega 'Rdomnai|Thousand Arrows|p2a: Melmetal\n|-supereffective|p2a: Melmetal\n|-damage|p2a: Melmetal|44\/100\n|move|p2a: Melmetal|Ice Punch|p1a: Jega 'Rdomnai\n|-supereffective|p1a: Jega 'Rdomnai\n|-damage|p1a: Jega 'Rdomnai|0 fnt\n|faint|p1a: Jega 'Rdomnai\n|\n|upkeep\n|\n|t:|1664089146\n|switch|p1a: Thel 'Vadam|Kommo-o, M|100\/100\n|turn|7\n|\n|t:|1664089150\n|switch|p2a: Hatterene|Hatterene, F|100\/100\n|move|p1a: Thel 'Vadam|Clangorous Soul|p1a: Thel 'Vadam\n|-boost|p1a: Thel 'Vadam|atk|1\n|-boost|p1a: Thel 'Vadam|def|1\n|-boost|p1a: Thel 'Vadam|spa|1\n|-boost|p1a: Thel 'Vadam|spd|1\n|-boost|p1a: Thel 'Vadam|spe|1\n|-damage|p1a: Thel 'Vadam|68\/100\n|\n|upkeep\n|turn|8\n|\n|t:|1664089160\n|move|p1a: Thel 'Vadam|Clangorous Soul|p1a: Thel 'Vadam\n|-boost|p1a: Thel 'Vadam|atk|1\n|-boost|p1a: Thel 'Vadam|def|1\n|-boost|p1a: Thel 'Vadam|spa|1\n|-boost|p1a: Thel 'Vadam|spd|1\n|-boost|p1a: Thel 'Vadam|spe|1\n|-damage|p1a: Thel 'Vadam|35\/100\n|move|p2a: Hatterene|Trick Room|p2a: Hatterene\n|-fieldstart|move: Trick Room|[of] p2a: Hatterene\n|\n|upkeep\n|turn|9\n|\n|t:|1664089169\n|switch|p2a: Camerupt|Camerupt, F|100\/100\n|move|p1a: Thel 'Vadam|Drain Punch|p2a: Camerupt\n|-damage|p2a: Camerupt|29\/100\n|-heal|p1a: Thel 'Vadam|77\/100|[from] drain|[of] p2a: Camerupt\n|\n|upkeep\n|turn|10\n|\n|t:|1664089178\n|detailschange|p2a: Camerupt|Camerupt-Mega, F\n|-mega|p2a: Camerupt|Camerupt|Cameruptite\n|move|p2a: Camerupt|Earth Power|p1a: Thel 'Vadam\n|-damage|p1a: Thel 'Vadam|37\/100\n|move|p1a: Thel 'Vadam|Drain Punch|p2a: Camerupt\n|-damage|p2a: Camerupt|0 fnt\n|-heal|p1a: Thel 'Vadam|54\/100|[from] drain|[of] p2a: Camerupt\n|faint|p2a: Camerupt\n|\n|upkeep\n|\n|t:|1664089180\n|switch|p2a: Melmetal|Melmetal|44\/100\n|turn|11\n|\n|t:|1664089190\n|move|p2a: Melmetal|Double Iron Bash|p1a: Thel 'Vadam\n|-damage|p1a: Thel 'Vadam|20\/100\n|-damage|p1a: Thel 'Vadam|0 fnt\n|faint|p1a: Thel 'Vadam\n|-hitcount|p1: Thel 'Vadam|2\n|\n|upkeep\n|\n|t:|1664089197\n|switch|p1a: Let 'Volir|Flygon, F|100\/100\n|turn|12\n|\n|t:|1664089200\n|move|p2a: Melmetal|Double Iron Bash|p1a: Let 'Volir\n|-damage|p1a: Let 'Volir|10\/100\n|-damage|p1a: Let 'Volir|0 fnt\n|faint|p1a: Let 'Volir\n|-hitcount|p1: Let 'Volir|2\n|\n|-fieldend|move: Trick Room\n|upkeep\n|\n|t:|1664089207\n|switch|p1a: Rtas 'Vadum|Salamence, F|100\/100\n|turn|13\n|\n|t:|1664089211\n|move|p1a: Rtas 'Vadum|Dragon Dance|p1a: Rtas 'Vadum\n|-boost|p1a: Rtas 'Vadum|atk|1\n|-boost|p1a: Rtas 'Vadum|spe|1\n|move|p2a: Melmetal|Double Iron Bash|p1a: Rtas 'Vadum\n|-crit|p1a: Rtas 'Vadum\n|-enditem|p1a: Rtas 'Vadum|Focus Sash\n|-damage|p1a: Rtas 'Vadum|1\/100\n|-damage|p1a: Rtas 'Vadum|0 fnt\n|faint|p1a: Rtas 'Vadum\n|-hitcount|p1: Rtas 'Vadum|2\n|\n|win|Ferrothornail\u8349\u94a2\u7532\n|raw|Oficial Matute's rating: 1480 &rarr; <strong>1460<\/strong><br \/>(-20 for losing)\n|raw|Ferrothornail\u8349\u94a2\u7532's rating: 1484 &rarr; <strong>1504<\/strong><br \/>(+20 for winning)\n|l|\u2606Oficial Matute\n","uploadtime":1664089224,"views":8,"p1id":"oficialmatute","p2id":"ferrothornail","formatid":"gen8nationaldex","rating":1460,"private":0,"password":null}