{"id":"gen8almostanyability-1673280674","p1":"Oryen","p2":"ETJX","format":"gen8almostanyability","log":"|j|\u2606Oryen\n|j|\u2606ETJX\n|inactive|Battle timer is ON: inactive players will automatically lose when time's up.\n|t:|1664456314\n|gametype|singles\n|player|p1|Oryen|lucas|\n|player|p2|ETJX|cyclist|\n|teamsize|p1|3\n|teamsize|p2|3\n|gen|8\n|tier|[Gen 8] Almost Any Ability\n|rated|Tournament battle\n|rule|Species Clause: Limit one of each Pok\u00e9mon\n|rule|OHKO Clause: OHKO moves are banned\n|rule|Evasion Moves Clause: Evasion moves are banned\n|rule|Endless Battle Clause: Forcing endless battles is banned\n|rule|Dynamax Clause: You cannot dynamax\n|rule|HP Percentage Mod: HP is shown in percentages\n|rule|2 Ability Clause: Limit two of each ability\n|rule|Sleep Clause: Sleep-inducing moves are banned\n|clearpoke\n|poke|p1|Decidueye, F|\n|poke|p1|Slurpuff, M|\n|poke|p1|Kommo-o, F|\n|poke|p2|Inteleon, M|\n|poke|p2|Snorlax, M|\n|poke|p2|Garchomp, M|\n|teampreview\n|j|*Lady Monita\n|inactive|ETJX also wants the timer to be on.\n|c|\u2606ETJX|Gl\n|j| Bonnie Bees\n|c|\u2606Oryen|u2\n|\n|t:|1664456338\n|start\n|switch|p1a: Decidueye|Decidueye, F|100\/100\n|switch|p2a: Garchomp|Garchomp, M|100\/100\n|-fieldstart|move: Grassy Terrain|[from] ability: Grassy Surge|[of] p1a: Decidueye\n|turn|1\n|\n|t:|1664456347\n|move|p1a: Decidueye|Grassy Glide|p2a: Garchomp\n|-damage|p2a: Garchomp|30\/100\n|move|p2a: Garchomp|Swords Dance|p2a: Garchomp\n|-boost|p2a: Garchomp|atk|2\n|\n|-heal|p2a: Garchomp|37\/100|[from] Grassy Terrain\n|upkeep\n|turn|2\n|j| Youwishyoulive\n|\n|t:|1664456350\n|move|p1a: Decidueye|Grassy Glide|p2a: Garchomp\n|-damage|p2a: Garchomp|0 fnt\n|faint|p2a: Garchomp\n|\n|upkeep\n|l| Bonnie Bees\n|\n|t:|1664456352\n|switch|p2a: Snorlax|Snorlax, M|100\/100\n|turn|3\n|j| ban123456\n|\n|t:|1664456355\n|move|p1a: Decidueye|Grassy Glide|p2a: Snorlax\n|-damage|p2a: Snorlax|36\/100\n|move|p2a: Snorlax|Curse|p2a: Snorlax\n|-unboost|p2a: Snorlax|spe|1\n|-boost|p2a: Snorlax|atk|1\n|-boost|p2a: Snorlax|def|1\n|\n|-heal|p2a: Snorlax|42\/100|[from] Grassy Terrain\n|-heal|p2a: Snorlax|48\/100|[from] item: Leftovers\n|upkeep\n|turn|4\n|\n|t:|1664456359\n|move|p1a: Decidueye|Grassy Glide|p2a: Snorlax\n|-damage|p2a: Snorlax|2\/100\n|move|p2a: Snorlax|Rest|p2a: Snorlax\n|-status|p2a: Snorlax|slp|[from] move: Rest\n|-heal|p2a: Snorlax|100\/100 slp|[silent]\n|\n|upkeep\n|turn|5\n|\n|t:|1664456363\n|move|p1a: Decidueye|Grassy Glide|p2a: Snorlax\n|-damage|p2a: Snorlax|55\/100 slp\n|cant|p2a: Snorlax|slp\n|\n|-heal|p2a: Snorlax|61\/100 slp|[from] Grassy Terrain\n|-heal|p2a: Snorlax|67\/100 slp|[from] item: Leftovers\n|-fieldend|move: Grassy Terrain\n|upkeep\n|turn|6\n|j| tofu toes\n|\n|t:|1664456371\n|switch|p1a: Slurpuff|Slurpuff, M|100\/100\n|-curestatus|p2a: Snorlax|slp|[msg]\n|move|p2a: Snorlax|Fire Punch|p1a: Slurpuff\n|-damage|p1a: Slurpuff|59\/100\n|\n|-heal|p1a: Slurpuff|66\/100|[from] item: Leftovers\n|-heal|p2a: Snorlax|74\/100|[from] item: Leftovers\n|upkeep\n|turn|7\n|j| Burning-Guard\n|l| Burning-Guard\n|j| Arcanine1929\n|inactive|ETJX has 120 seconds left.\n|\n|t:|1664456407\n|move|p1a: Slurpuff|Cotton Guard|p1a: Slurpuff\n|-boost|p1a: Slurpuff|def|3\n|move|p2a: Snorlax|Body Slam|p1a: Slurpuff\n|-damage|p1a: Slurpuff|36\/100\n|\n|-heal|p1a: Slurpuff|42\/100|[from] item: Leftovers\n|-heal|p2a: Snorlax|80\/100|[from] item: Leftovers\n|upkeep\n|turn|8\n|\n|t:|1664456409\n|move|p1a: Slurpuff|Cotton Guard|p1a: Slurpuff\n|-boost|p1a: Slurpuff|def|3\n|move|p2a: Snorlax|Curse|p2a: Snorlax\n|-unboost|p2a: Snorlax|spe|1\n|-boost|p2a: Snorlax|atk|1\n|-boost|p2a: Snorlax|def|1\n|\n|-heal|p1a: Slurpuff|48\/100|[from] item: Leftovers\n|-heal|p2a: Snorlax|86\/100|[from] item: Leftovers\n|upkeep\n|turn|9\n|\n|t:|1664456412\n|move|p1a: Slurpuff|Calm Mind|p1a: Slurpuff\n|-boost|p1a: Slurpuff|spa|1\n|-boost|p1a: Slurpuff|spd|1\n|move|p2a: Snorlax|Body Slam|p1a: Slurpuff\n|-damage|p1a: Slurpuff|26\/100\n|\n|-heal|p1a: Slurpuff|32\/100|[from] item: Leftovers\n|-heal|p2a: Snorlax|92\/100|[from] item: Leftovers\n|upkeep\n|turn|10\n|\n|t:|1664456414\n|move|p1a: Slurpuff|Calm Mind|p1a: Slurpuff\n|-boost|p1a: Slurpuff|spa|1\n|-boost|p1a: Slurpuff|spd|1\n|move|p2a: Snorlax|Body Slam|p1a: Slurpuff\n|-damage|p1a: Slurpuff|8\/100\n|\n|-heal|p1a: Slurpuff|15\/100|[from] item: Leftovers\n|-heal|p2a: Snorlax|98\/100|[from] item: Leftovers\n|upkeep\n|turn|11\n|\n|t:|1664456424\n|move|p1a: Slurpuff|Draining Kiss|p2a: Snorlax\n|-damage|p2a: Snorlax|81\/100\n|-heal|p1a: Slurpuff|33\/100|[from] drain|[of] p2a: Snorlax\n|move|p2a: Snorlax|Body Slam|p1a: Slurpuff\n|-damage|p1a: Slurpuff|9\/100\n|-status|p1a: Slurpuff|par\n|\n|-heal|p1a: Slurpuff|15\/100 par|[from] item: Leftovers\n|-heal|p2a: Snorlax|87\/100|[from] item: Leftovers\n|upkeep\n|turn|12\n|\n|t:|1664456429\n|cant|p1a: Slurpuff|par\n|move|p2a: Snorlax|Curse|p2a: Snorlax\n|-unboost|p2a: Snorlax|spe|1\n|-boost|p2a: Snorlax|atk|1\n|-boost|p2a: Snorlax|def|1\n|\n|-heal|p1a: Slurpuff|21\/100 par|[from] item: Leftovers\n|-heal|p2a: Snorlax|93\/100|[from] item: Leftovers\n|upkeep\n|turn|13\n|\n|t:|1664456432\n|cant|p1a: Slurpuff|par\n|move|p2a: Snorlax|Curse|p2a: Snorlax\n|-unboost|p2a: Snorlax|spe|1\n|-boost|p2a: Snorlax|atk|1\n|-boost|p2a: Snorlax|def|1\n|\n|-heal|p1a: Slurpuff|28\/100 par|[from] item: Leftovers\n|-heal|p2a: Snorlax|99\/100|[from] item: Leftovers\n|upkeep\n|turn|14\n|\n|t:|1664456436\n|move|p1a: Slurpuff|Draining Kiss|p2a: Snorlax\n|-damage|p2a: Snorlax|82\/100\n|-heal|p1a: Slurpuff|46\/100 par|[from] drain|[of] p2a: Snorlax\n|move|p2a: Snorlax|Body Slam|p1a: Slurpuff\n|-damage|p1a: Slurpuff|11\/100 par\n|\n|-heal|p1a: Slurpuff|17\/100 par|[from] item: Leftovers\n|-heal|p2a: Snorlax|88\/100|[from] item: Leftovers\n|upkeep\n|turn|15\n|\n|t:|1664456441\n|cant|p1a: Slurpuff|par\n|move|p2a: Snorlax|Curse|p2a: Snorlax\n|-unboost|p2a: Snorlax|spe|1\n|-boost|p2a: Snorlax|atk|1\n|-boost|p2a: Snorlax|def|1\n|\n|-heal|p1a: Slurpuff|24\/100 par|[from] item: Leftovers\n|-heal|p2a: Snorlax|95\/100|[from] item: Leftovers\n|upkeep\n|turn|16\n|c|\u2606Oryen|damn man\n|\n|t:|1664456448\n|cant|p1a: Slurpuff|par\n|move|p2a: Snorlax|Curse|p2a: Snorlax\n|-unboost|p2a: Snorlax|spe|1\n|-boost|p2a: Snorlax|atk|1\n|-boost|p2a: Snorlax|def|1\n|\n|-heal|p1a: Slurpuff|30\/100 par|[from] item: Leftovers\n|-heal|p2a: Snorlax|100\/100|[from] item: Leftovers\n|upkeep\n|turn|17\n|c|\u2606Oryen|lol\n|c|\u2606Oryen|o well\n|\n|t:|1664456456\n|cant|p1a: Slurpuff|par\n|move|p2a: Snorlax|Body Slam|p1a: Slurpuff\n|-damage|p1a: Slurpuff|0 fnt\n|faint|p1a: Slurpuff\n|\n|upkeep\n|c| Arcanine1929|wow\n|c| Arcanine1929|gg\n|\n|t:|1664456468\n|switch|p1a: Kommo-o|Kommo-o, F|100\/100\n|turn|18\n|l|\u2606ETJX\n|inactive|ETJX disconnected and has a minute to reconnect!\n|player|p2|\n|l| ban123456\n|c| Arcanine1929|ummm\n|inactive|ETJX has 30 seconds to reconnect!\n|c| Arcanine1929|wow....\n|j|\u2606ETJX\n|inactive|ETJX reconnected and has 95 seconds left.\n|player|p2|ETJX|cyclist\n|inactive|ETJX has 90 seconds left.\n|\n|t:|1664456529\n|move|p1a: Kommo-o|Close Combat|p2a: Snorlax\n|-supereffective|p2a: Snorlax\n|-damage|p2a: Snorlax|77\/100\n|-unboost|p1a: Kommo-o|def|1\n|-unboost|p1a: Kommo-o|spd|1\n|move|p2a: Snorlax|Body Slam|p1a: Kommo-o\n|-damage|p1a: Kommo-o|0 fnt\n|faint|p1a: Kommo-o\n|\n|-heal|p2a: Snorlax|83\/100|[from] item: Leftovers\n|upkeep\n|j| critlord14\n|\n|t:|1664456538\n|switch|p1a: Decidueye|Decidueye, F|100\/100\n|-fieldstart|move: Grassy Terrain|[from] ability: Grassy Surge|[of] p1a: Decidueye\n|turn|19\n|c| critlord14|woah\n|j| ghdorah\n|\n|t:|1664456552\n|move|p1a: Decidueye|Grassy Glide|p2a: Snorlax\n|-damage|p2a: Snorlax|68\/100\n|move|p2a: Snorlax|Fire Punch|p1a: Decidueye\n|-supereffective|p1a: Decidueye\n|-damage|p1a: Decidueye|0 fnt\n|faint|p1a: Decidueye\n|\n|win|ETJX\n|n|\u2606Oryen|oryen\n|n|*Lady Monita|ladymonita\n|n| Youwishyoulive|youwishyoulive\n|n| tofu toes|tofutoes\n|n| Arcanine1929|arcanine1929\n|n|\u2606ETJX|etjx\n|n| critlord14|critlord14\n|n| ghdorah|ghdorah\n","uploadtime":1664456553,"views":9,"p1id":"oryen","p2id":"etjx","formatid":"gen8almostanyability","rating":0,"private":0,"password":null}