{"id":"gen8ou-1065996852","p1":"ferromolybdenum","p2":"perfect imperfect","format":"gen8ou","log":"|j|\u2606ferromolybdenum\n|j|\u2606perfect imperfect\n|player|p1|ferromolybdenum|lucas|1680\n|player|p2|perfect imperfect|102|1726\n|teamsize|p1|6\n|teamsize|p2|6\n|gametype|singles\n|gen|8\n|tier|[Gen 8] OU\n|rated|\n|clearpoke\n|poke|p1|Terrakion|\n|poke|p1|Gengar, M|\n|poke|p1|Clefable, M|\n|poke|p1|Corviknight, F|\n|poke|p1|Zeraora|\n|poke|p1|Seismitoad, M|\n|poke|p2|Ninetales-Alola, F|\n|poke|p2|Terrakion|\n|poke|p2|Hawlucha, F|\n|poke|p2|Weezing-Galar, F|\n|poke|p2|Ferrothorn, F|\n|poke|p2|Bisharp, F|\n|rule|Sleep Clause Mod: Limit one foe put to sleep\n|rule|Species Clause: Limit one of each Pok\u00e9mon\n|rule|OHKO Clause: OHKO moves are banned\n|rule|Evasion Moves Clause: Evasion moves are banned\n|rule|Endless Battle Clause: Forcing endless battles is banned\n|rule|HP Percentage Mod: HP is shown in percentages\n|rule|Dynamax Clause: You cannot dynamax\n|teampreview\n|inactive|Battle timer is ON: inactive players will automatically lose when time's up. (requested by perfect imperfect)\n|\n|start\n|switch|p1a: Zeraora|Zeraora|100\/100\n|switch|p2a: Weezing|Weezing-Galar, F|100\/100\n|-fieldstart|move: Misty Terrain|[from] ability: Misty Surge|[of] p2a: Weezing\n|turn|1\n|\n|switch|p1a: Clefable|Clefable, M|100\/100\n|switch|p2a: Ferrothorn|Ferrothorn, F|100\/100\n|\n|upkeep\n|turn|2\n|\n|switch|p1a: Corviknight|Corviknight, F|100\/100\n|-ability|p1a: Corviknight|Pressure\n|switch|p2a: Weezing|Weezing-Galar, F|100\/100\n|\n|upkeep\n|turn|3\n|\n|switch|p2a: Ferrothorn|Ferrothorn, F|100\/100\n|move|p1a: Corviknight|Brave Bird|p2a: Ferrothorn\n|-damage|p2a: Ferrothorn|79\/100\n|-damage|p1a: Corviknight|88\/100|[from] ability: Iron Barbs|[of] p2a: Ferrothorn\n|-damage|p1a: Corviknight|71\/100|[from] item: Rocky Helmet|[of] p2a: Ferrothorn\n|-damage|p1a: Corviknight|65\/100|[from] Recoil\n|\n|-heal|p1a: Corviknight|71\/100|[from] item: Leftovers\n|upkeep\n|turn|4\n|\n|move|p1a: Corviknight|Body Press|p2a: Ferrothorn\n|-supereffective|p2a: Ferrothorn\n|-damage|p2a: Ferrothorn|49\/100\n|-damage|p1a: Corviknight|59\/100|[from] ability: Iron Barbs|[of] p2a: Ferrothorn\n|-damage|p1a: Corviknight|42\/100|[from] item: Rocky Helmet|[of] p2a: Ferrothorn\n|move|p2a: Ferrothorn|Stealth Rock|p1a: Corviknight\n|-sidestart|p1: ferromolybdenum|move: Stealth Rock\n|\n|-heal|p1a: Corviknight|49\/100|[from] item: Leftovers\n|upkeep\n|turn|5\n|\n|switch|p2a: Bisharp|Bisharp, F|100\/100\n|move|p1a: Corviknight|Roost|p1a: Corviknight\n|-heal|p1a: Corviknight|99\/100\n|-singleturn|p1a: Corviknight|move: Roost\n|\n|-heal|p1a: Corviknight|100\/100|[from] item: Leftovers\n|upkeep\n|turn|6\n|\n|switch|p2a: Ferrothorn|Ferrothorn, F|49\/100\n|move|p1a: Corviknight|Body Press|p2a: Ferrothorn\n|-supereffective|p2a: Ferrothorn\n|-damage|p2a: Ferrothorn|18\/100\n|-damage|p1a: Corviknight|88\/100|[from] ability: Iron Barbs|[of] p2a: Ferrothorn\n|-damage|p1a: Corviknight|71\/100|[from] item: Rocky Helmet|[of] p2a: Ferrothorn\n|\n|-heal|p1a: Corviknight|78\/100|[from] item: Leftovers\n|upkeep\n|turn|7\n|\n|move|p1a: Corviknight|Body Press|p2a: Ferrothorn\n|-supereffective|p2a: Ferrothorn\n|-damage|p2a: Ferrothorn|0 fnt\n|-damage|p1a: Corviknight|65\/100|[from] ability: Iron Barbs|[of] p2a: Ferrothorn\n|-damage|p1a: Corviknight|49\/100|[from] item: Rocky Helmet|[of] p2a: Ferrothorn\n|faint|p2a: Ferrothorn\n|\n|-heal|p1a: Corviknight|55\/100|[from] item: Leftovers\n|upkeep\n|\n|switch|p2a: Terrakion|Terrakion|100\/100\n|turn|8\n|\n|switch|p1a: Seismitoad|Seismitoad, M|100\/100\n|-damage|p1a: Seismitoad|94\/100|[from] Stealth Rock\n|move|p2a: Terrakion|Rock Polish|p2a: Terrakion\n|-boost|p2a: Terrakion|spe|2\n|\n|-heal|p1a: Seismitoad|100\/100|[from] item: Leftovers\n|-fieldend|Misty Terrain\n|upkeep\n|turn|9\n|\n|move|p2a: Terrakion|Swords Dance|p2a: Terrakion\n|-boost|p2a: Terrakion|atk|2\n|move|p1a: Seismitoad|Scald|p2a: Terrakion\n|-supereffective|p2a: Terrakion\n|-damage|p2a: Terrakion|55\/100\n|-enditem|p2a: Terrakion|Weakness Policy\n|-boost|p2a: Terrakion|atk|2|[from] item: Weakness Policy\n|-boost|p2a: Terrakion|spa|2|[from] item: Weakness Policy\n|\n|upkeep\n|turn|10\n|\n|move|p2a: Terrakion|Close Combat|p1a: Seismitoad\n|-damage|p1a: Seismitoad|0 fnt\n|-unboost|p2a: Terrakion|def|1\n|-unboost|p2a: Terrakion|spd|1\n|faint|p1a: Seismitoad\n|\n|upkeep\n|\n|switch|p1a: Clefable|Clefable, M|100\/100\n|turn|11\n|\n|move|p2a: Terrakion|Stone Edge|p1a: Clefable\n|-damage|p1a: Clefable|0 fnt\n|faint|p1a: Clefable\n|\n|upkeep\n|\n|switch|p1a: Gengar|Gengar, M|100\/100\n|-damage|p1a: Gengar|88\/100|[from] Stealth Rock\n|turn|12\n|\n|move|p2a: Terrakion|Stone Edge|p1a: Gengar\n|-damage|p1a: Gengar|0 fnt\n|faint|p1a: Gengar\n|\n|upkeep\n|\n|switch|p1a: Zeraora|Zeraora|100\/100\n|-damage|p1a: Zeraora|88\/100|[from] Stealth Rock\n|turn|13\n|\n|move|p2a: Terrakion|Close Combat|p1a: Zeraora\n|-damage|p1a: Zeraora|0 fnt\n|-unboost|p2a: Terrakion|def|1\n|-unboost|p2a: Terrakion|spd|1\n|faint|p1a: Zeraora\n|\n|upkeep\n|-message|ferromolybdenum forfeited.\n|\n|win|perfect imperfect\n|l|\u2606ferromolybdenum\n","uploadtime":1582145013,"views":14,"p1id":"ferromolybdenum","p2id":"perfectimperfect","formatid":"gen8ou","rating":0,"private":0,"password":null}