{"id":"gen8ubers-1265442369","p1":"G142","p2":"I'M AT MY LIMIT","format":"gen8ubers","log":"|j|\u2606G142\n|j|\u2606I'M AT MY LIMIT\n|t:|1611080916\n|player|p1|G142|169|1275\n|player|p2|I'M AT MY LIMIT|hilbert|1360\n|teamsize|p1|6\n|teamsize|p2|6\n|gametype|singles\n|gen|8\n|tier|[Gen 8] Ubers\n|rated|\n|clearpoke\n|poke|p1|Torkoal, M|\n|poke|p1|Celesteela|\n|poke|p1|Blissey, F|\n|poke|p1|Groudon|\n|poke|p1|Xerneas|\n|poke|p1|Lugia|\n|poke|p2|Blissey, F|\n|poke|p2|Yveltal|\n|poke|p2|Zygarde|\n|poke|p2|Calyrex-Shadow|\n|poke|p2|Ferrothorn, M|\n|poke|p2|Quagsire, F|\n|rule|Sleep Clause Mod: Limit one foe put to sleep\n|rule|Species Clause: Limit one of each Pok\u00e9mon\n|rule|OHKO Clause: OHKO moves are banned\n|rule|Evasion Moves Clause: Evasion moves are banned\n|rule|Endless Battle Clause: Forcing endless battles is banned\n|rule|HP Percentage Mod: HP is shown in percentages\n|rule|Dynamax Clause: You cannot dynamax\n|teampreview\n|inactive|Battle timer is ON: inactive players will automatically lose when time's up. (requested by I'M AT MY LIMIT)\n|\n|t:|1611080939\n|start\n|switch|p1a: Celesteela|Celesteela|100\/100\n|switch|p2a: Calyrex|Calyrex-Shadow|100\/100\n|-ability|p2a: Calyrex|As One\n|-ability|p2a: Calyrex|Unnerve|p1: G142\n|turn|1\n|\n|t:|1611080951\n|move|p2a: Calyrex|Substitute|p2a: Calyrex\n|-start|p2a: Calyrex|Substitute\n|-damage|p2a: Calyrex|76\/100\n|move|p1a: Celesteela|Flamethrower|p2a: Calyrex\n|-activate|p2a: Calyrex|move: Substitute|[damage]\n|\n|-heal|p2a: Calyrex|82\/100|[from] item: Leftovers\n|upkeep\n|turn|2\n|\n|t:|1611080960\n|switch|p1a: Groudon|Groudon|100\/100\n|-weather|SunnyDay|[from] ability: Drought|[of] p1a: Groudon\n|move|p2a: Calyrex|Leech Seed|p1a: Groudon\n|-start|p1a: Groudon|move: Leech Seed\n|\n|-weather|SunnyDay|[upkeep]\n|-heal|p2a: Calyrex|88\/100|[from] item: Leftovers\n|-damage|p1a: Groudon|88\/100|[from] Leech Seed|[of] p2a: Calyrex\n|-heal|p2a: Calyrex|99\/100|[silent]\n|upkeep\n|turn|3\n|\n|t:|1611080982\n|move|p2a: Calyrex|Astral Barrage|p1a: Groudon\n|-damage|p1a: Groudon|47\/100\n|move|p1a: Groudon|Fire Punch|p2a: Calyrex\n|-end|p2a: Calyrex|Substitute\n|\n|-weather|SunnyDay|[upkeep]\n|-heal|p2a: Calyrex|100\/100|[from] item: Leftovers\n|-damage|p1a: Groudon|34\/100|[from] Leech Seed|[of] p2a: Calyrex\n|upkeep\n|turn|4\n|\n|t:|1611080997\n|switch|p1a: Xerneas|Xerneas, shiny|100\/100\n|-ability|p1a: Xerneas|Fairy Aura\n|move|p2a: Calyrex|Substitute|p2a: Calyrex\n|-start|p2a: Calyrex|Substitute\n|-damage|p2a: Calyrex|76\/100\n|\n|-weather|SunnyDay|[upkeep]\n|-heal|p2a: Calyrex|82\/100|[from] item: Leftovers\n|upkeep\n|turn|5\n|\n|t:|1611081007\n|move|p2a: Calyrex|Leech Seed|p1a: Xerneas|[miss]\n|-miss|p2a: Calyrex|p1a: Xerneas\n|move|p1a: Xerneas|Moonblast|p2a: Calyrex\n|-end|p2a: Calyrex|Substitute\n|\n|-weather|SunnyDay|[upkeep]\n|-heal|p2a: Calyrex|88\/100|[from] item: Leftovers\n|upkeep\n|turn|6\n|\n|t:|1611081026\n|switch|p2a: Blissey|Blissey, F|100\/100\n|move|p1a: Xerneas|Moonblast|p2a: Blissey\n|-damage|p2a: Blissey|81\/100\n|\n|-weather|none\n|upkeep\n|turn|7\n|\n|t:|1611081035\n|move|p1a: Xerneas|Focus Blast|p2a: Blissey\n|-supereffective|p2a: Blissey\n|-damage|p2a: Blissey|53\/100\n|move|p2a: Blissey|Teleport|p2a: Blissey\n|\n|t:|1611081041\n|switch|p2a: Ferrothorn|Ferrothorn, M|100\/100|[from]move: Teleport\n|\n|upkeep\n|turn|8\n|\n|t:|1611081049\n|switch|p1a: Blissey|Blissey, F, shiny|100\/100\n|switch|p2a: Blissey|Blissey, F|53\/100\n|\n|upkeep\n|turn|9\n|\n|t:|1611081061\n|move|p2a: Blissey|Stealth Rock|p1a: Blissey\n|-sidestart|p1: G142|move: Stealth Rock\n|move|p1a: Blissey|Wish|p1a: Blissey\n|\n|upkeep\n|turn|10\n|\n|t:|1611081067\n|switch|p1a: Groudon|Groudon|34\/100\n|-damage|p1a: Groudon|28\/100|[from] Stealth Rock\n|-weather|SunnyDay|[from] ability: Drought|[of] p1a: Groudon\n|move|p2a: Blissey|Seismic Toss|p1a: Groudon\n|-damage|p1a: Groudon|0 fnt\n|faint|p1a: Groudon\n|\n|-weather|SunnyDay|[upkeep]\n|upkeep\n|\n|t:|1611081085\n|switch|p1a: Torkoal|Torkoal, M, shiny|100\/100\n|-damage|p1a: Torkoal|75\/100|[from] Stealth Rock\n|turn|11\n|\n|t:|1611081090\n|switch|p2a: Quagsire|Quagsire, F|100\/100\n|move|p1a: Torkoal|Rapid Spin|p2a: Quagsire\n|-damage|p2a: Quagsire|94\/100\n|-boost|p1a: Torkoal|spe|1\n|-sideend|p1: G142|Stealth Rock|[from] move: Rapid Spin|[of] p1a: Torkoal\n|\n|-weather|SunnyDay|[upkeep]\n|-heal|p2a: Quagsire|99\/100|[from] item: Leftovers\n|upkeep\n|turn|12\n|\n|t:|1611081108\n|switch|p1a: Xerneas|Xerneas, shiny|100\/100\n|-ability|p1a: Xerneas|Fairy Aura\n|move|p2a: Quagsire|Toxic|p1a: Xerneas\n|-status|p1a: Xerneas|tox\n|\n|-weather|SunnyDay|[upkeep]\n|-heal|p2a: Quagsire|100\/100|[from] item: Leftovers\n|-damage|p1a: Xerneas|94\/100 tox|[from] psn\n|upkeep\n|turn|13\n|\n|t:|1611081119\n|switch|p1a: Blissey|Blissey, F, shiny|100\/100\n|switch|p2a: Blissey|Blissey, F|53\/100\n|\n|-weather|SunnyDay|[upkeep]\n|upkeep\n|turn|14\n|\n|t:|1611081137\n|move|p2a: Blissey|Stealth Rock|p1a: Blissey\n|-sidestart|p1: G142|move: Stealth Rock\n|move|p1a: Blissey|Toxic|p2a: Blissey\n|-status|p2a: Blissey|tox\n|\n|-weather|none\n|-damage|p2a: Blissey|46\/100 tox|[from] psn\n|upkeep\n|turn|15\n|\n|t:|1611081146\n|move|p1a: Blissey|Aromatherapy|p1a: Blissey\n|-activate|p1a: Blissey|move: Aromatherapy\n|-curestatus|p1: Xerneas|tox|[msg]\n|move|p2a: Blissey|Teleport|p2a: Blissey\n|\n|t:|1611081165\n|switch|p2a: Calyrex|Calyrex-Shadow|88\/100|[from]move: Teleport\n|-ability|p2a: Calyrex|As One\n|-ability|p2a: Calyrex|Unnerve|p1: G142\n|\n|-heal|p2a: Calyrex|94\/100|[from] item: Leftovers\n|upkeep\n|turn|16\n|\n|t:|1611081177\n|move|p2a: Calyrex|Substitute|p2a: Calyrex\n|-start|p2a: Calyrex|Substitute\n|-damage|p2a: Calyrex|69\/100\n|move|p1a: Blissey|Wish|p1a: Blissey\n|\n|-heal|p2a: Calyrex|75\/100|[from] item: Leftovers\n|upkeep\n|turn|17\n|\n|t:|1611081185\n|switch|p1a: Torkoal|Torkoal, M, shiny|75\/100\n|-damage|p1a: Torkoal|50\/100|[from] Stealth Rock\n|-weather|SunnyDay|[from] ability: Drought|[of] p1a: Torkoal\n|move|p2a: Calyrex|Leech Seed|p1a: Torkoal\n|-start|p1a: Torkoal|move: Leech Seed\n|\n|-weather|SunnyDay|[upkeep]\n|-heal|p1a: Torkoal|100\/100|[from] move: Wish|[wisher] Blissey\n|-heal|p2a: Calyrex|81\/100|[from] item: Leftovers\n|-damage|p1a: Torkoal|88\/100|[from] Leech Seed|[of] p2a: Calyrex\n|-heal|p2a: Calyrex|94\/100|[silent]\n|upkeep\n|turn|18\n|\n|t:|1611081205\n|switch|p1a: Blissey|Blissey, F, shiny|100\/100\n|-damage|p1a: Blissey|88\/100|[from] Stealth Rock\n|move|p2a: Calyrex|Nasty Plot|p2a: Calyrex\n|-boost|p2a: Calyrex|spa|2\n|\n|-weather|SunnyDay|[upkeep]\n|-heal|p2a: Calyrex|99\/100|[from] item: Leftovers\n|-heal|p1a: Blissey|94\/100|[from] item: Leftovers\n|upkeep\n|turn|19\n|\n|t:|1611081223\n|move|p2a: Calyrex|Leech Seed|p1a: Blissey\n|-start|p1a: Blissey|move: Leech Seed\n|move|p1a: Blissey|Wish|p1a: Blissey\n|\n|-weather|SunnyDay|[upkeep]\n|-heal|p2a: Calyrex|100\/100|[from] item: Leftovers\n|-heal|p1a: Blissey|99\/100|[from] item: Leftovers\n|-damage|p1a: Blissey|88\/100|[from] Leech Seed|[of] p2a: Calyrex\n|upkeep\n|turn|20\n|\n|t:|1611081234\n|switch|p1a: Xerneas|Xerneas, shiny|94\/100\n|-damage|p1a: Xerneas|82\/100|[from] Stealth Rock\n|-ability|p1a: Xerneas|Fairy Aura\n|move|p2a: Calyrex|Astral Barrage|p1a: Xerneas\n|-damage|p1a: Xerneas|0 fnt\n|faint|p1a: Xerneas\n|-ability|p2a: Calyrex|Grim Neigh|boost\n|-boost|p2a: Calyrex|spa|1\n|\n|-weather|SunnyDay|[upkeep]\n|upkeep\n|inactive|G142 has 120 seconds left.\n|\n|t:|1611081254\n|switch|p1a: Blissey|Blissey, F, shiny|88\/100\n|-damage|p1a: Blissey|75\/100|[from] Stealth Rock\n|turn|21\n|\n|t:|1611081258\n|move|p2a: Calyrex|Leech Seed|p1a: Blissey\n|-start|p1a: Blissey|move: Leech Seed\n|move|p1a: Blissey|Wish|p1a: Blissey\n|\n|-weather|none\n|-heal|p1a: Blissey|82\/100|[from] item: Leftovers\n|-damage|p1a: Blissey|69\/100|[from] Leech Seed|[of] p2a: Calyrex\n|upkeep\n|turn|22\n|\n|t:|1611081266\n|move|p1a: Blissey|Protect|p1a: Blissey\n|-singleturn|p1a: Blissey|Protect\n|move|p2a: Calyrex|Astral Barrage|p1a: Blissey\n|-activate|p1a: Blissey|move: Protect\n|\n|-heal|p1a: Blissey|100\/100|[from] move: Wish|[wisher] Blissey\n|-damage|p1a: Blissey|88\/100|[from] Leech Seed|[of] p2a: Calyrex\n|upkeep\n|turn|23\n|\n|t:|1611081279\n|move|p2a: Calyrex|Nasty Plot|p2a: Calyrex\n|-boost|p2a: Calyrex|spa|2\n|move|p1a: Blissey|Toxic||[still]\n|-fail|p1a: Blissey\n|\n|-heal|p1a: Blissey|94\/100|[from] item: Leftovers\n|-damage|p1a: Blissey|82\/100|[from] Leech Seed|[of] p2a: Calyrex\n|upkeep\n|turn|24\n|\n|t:|1611081303\n|move|p2a: Calyrex|Nasty Plot|p2a: Calyrex\n|-boost|p2a: Calyrex|spa|1\n|move|p1a: Blissey|Toxic||[still]\n|-fail|p1a: Blissey\n|\n|-heal|p1a: Blissey|88\/100|[from] item: Leftovers\n|-damage|p1a: Blissey|75\/100|[from] Leech Seed|[of] p2a: Calyrex\n|upkeep\n|turn|25\n|\n|t:|1611081313\n|move|p2a: Calyrex|Nasty Plot|p2a: Calyrex\n|-boost|p2a: Calyrex|spa|0\n|move|p1a: Blissey|Toxic||[still]\n|-fail|p1a: Blissey\n|\n|-heal|p1a: Blissey|82\/100|[from] item: Leftovers\n|-damage|p1a: Blissey|69\/100|[from] Leech Seed|[of] p2a: Calyrex\n|upkeep\n|turn|26\n|\n|t:|1611081324\n|move|p2a: Calyrex|Nasty Plot|p2a: Calyrex\n|-boost|p2a: Calyrex|spa|0\n|move|p1a: Blissey|Toxic|p2a: Calyrex|[miss]\n|-miss|p1a: Blissey|p2a: Calyrex\n|\n|-heal|p1a: Blissey|75\/100|[from] item: Leftovers\n|-damage|p1a: Blissey|63\/100|[from] Leech Seed|[of] p2a: Calyrex\n|upkeep\n|turn|27\n|\n|t:|1611081334\n|move|p2a: Calyrex|Nasty Plot|p2a: Calyrex\n|-boost|p2a: Calyrex|spa|0\n|move|p1a: Blissey|Wish|p1a: Blissey\n|\n|-heal|p1a: Blissey|69\/100|[from] item: Leftovers\n|-damage|p1a: Blissey|57\/100|[from] Leech Seed|[of] p2a: Calyrex\n|upkeep\n|turn|28\n|inactive|I'M AT MY LIMIT has 120 seconds left.\n|\n|t:|1611081369\n|move|p2a: Calyrex|Nasty Plot|p2a: Calyrex\n|-boost|p2a: Calyrex|spa|0\n|move|p1a: Blissey|Toxic||[still]\n|-fail|p1a: Blissey\n|\n|-heal|p1a: Blissey|100\/100|[from] move: Wish|[wisher] Blissey\n|-damage|p1a: Blissey|88\/100|[from] Leech Seed|[of] p2a: Calyrex\n|upkeep\n|turn|29\n|\n|t:|1611081381\n|move|p2a: Calyrex|Nasty Plot|p2a: Calyrex\n|-boost|p2a: Calyrex|spa|0\n|move|p1a: Blissey|Toxic|p2a: Calyrex|[miss]\n|-miss|p1a: Blissey|p2a: Calyrex\n|\n|-heal|p1a: Blissey|94\/100|[from] item: Leftovers\n|-damage|p1a: Blissey|82\/100|[from] Leech Seed|[of] p2a: Calyrex\n|upkeep\n|turn|30\n|inactive|I'M AT MY LIMIT has 120 seconds left.\n|\n|t:|1611081405\n|switch|p1a: Celesteela|Celesteela|100\/100\n|-damage|p1a: Celesteela|88\/100|[from] Stealth Rock\n|move|p2a: Calyrex|Nasty Plot|p2a: Calyrex\n|-boost|p2a: Calyrex|spa|0\n|\n|-heal|p1a: Celesteela|94\/100|[from] item: Leftovers\n|upkeep\n|turn|31\n|\n|t:|1611081417\n|move|p1a: Celesteela|Protect|p1a: Celesteela\n|-singleturn|p1a: Celesteela|Protect\n|move|p2a: Calyrex|Leech Seed|p1a: Celesteela\n|-activate|p1a: Celesteela|move: Protect\n|\n|-heal|p1a: Celesteela|99\/100|[from] item: Leftovers\n|upkeep\n|turn|32\n|\n|t:|1611081425\n|move|p2a: Calyrex|Leech Seed|p1a: Celesteela\n|-start|p1a: Celesteela|move: Leech Seed\n|move|p1a: Celesteela|Flamethrower|p2a: Calyrex\n|-activate|p2a: Calyrex|move: Substitute|[damage]\n|\n|-heal|p1a: Celesteela|100\/100|[from] item: Leftovers\n|-damage|p1a: Celesteela|88\/100|[from] Leech Seed|[of] p2a: Calyrex\n|upkeep\n|turn|33\n|\n|t:|1611081437\n|move|p1a: Celesteela|Protect|p1a: Celesteela\n|-singleturn|p1a: Celesteela|Protect\n|move|p2a: Calyrex|Substitute|p2a: Calyrex\n|-fail|p2a: Calyrex|move: Substitute\n|\n|-heal|p1a: Celesteela|94\/100|[from] item: Leftovers\n|-damage|p1a: Celesteela|82\/100|[from] Leech Seed|[of] p2a: Calyrex\n|upkeep\n|turn|34\n|\n|t:|1611081447\n|switch|p1a: Blissey|Blissey, F, shiny|82\/100\n|-damage|p1a: Blissey|69\/100|[from] Stealth Rock\n|move|p2a: Calyrex|Substitute|p2a: Calyrex\n|-fail|p2a: Calyrex|move: Substitute\n|\n|-heal|p1a: Blissey|75\/100|[from] item: Leftovers\n|upkeep\n|turn|35\n|\n|t:|1611081457\n|switch|p2a: Ferrothorn|Ferrothorn, M|100\/100\n|move|p1a: Blissey|Protect||[still]\n|-fail|p1a: Blissey\n|\n|-heal|p1a: Blissey|82\/100|[from] item: Leftovers\n|upkeep\n|turn|36\n|\n|t:|1611081465\n|move|p1a: Blissey|Wish|p1a: Blissey\n|move|p2a: Ferrothorn|Leech Seed|p1a: Blissey\n|-start|p1a: Blissey|move: Leech Seed\n|\n|-heal|p1a: Blissey|88\/100|[from] item: Leftovers\n|-damage|p1a: Blissey|75\/100|[from] Leech Seed|[of] p2a: Ferrothorn\n|upkeep\n|turn|37\n|\n|t:|1611081490\n|switch|p1a: Lugia|Lugia, shiny|100\/100\n|-damage|p1a: Lugia|75\/100|[from] Stealth Rock\n|switch|p2a: Blissey|Blissey, F|46\/100\n|\n|-heal|p1a: Lugia|100\/100|[from] move: Wish|[wisher] Blissey\n|upkeep\n|turn|38\n|\n|t:|1611081512\n|move|p1a: Lugia|Calm Mind|p1a: Lugia\n|-boost|p1a: Lugia|spa|1\n|-boost|p1a: Lugia|spd|1\n|move|p2a: Blissey|Toxic|p1a: Lugia|[miss]\n|-miss|p2a: Blissey|p1a: Lugia\n|\n|upkeep\n|turn|39\n|\n|t:|1611081523\n|move|p1a: Lugia|Aeroblast|p2a: Blissey\n|-damage|p2a: Blissey|32\/100\n|move|p2a: Blissey|Toxic|p1a: Lugia\n|-status|p1a: Lugia|tox\n|\n|-damage|p1a: Lugia|94\/100 tox|[from] psn\n|upkeep\n|turn|40\n|\n|t:|1611081533\n|move|p1a: Lugia|Toxic|p2a: Blissey\n|-status|p2a: Blissey|tox\n|move|p2a: Blissey|Teleport|p2a: Blissey\n|\n|t:|1611081558\n|-curestatus|p2a: Blissey|tox|[from] ability: Natural Cure\n|switch|p2a: Yveltal|Yveltal|100\/100|[from]move: Teleport\n|-ability|p2a: Yveltal|Dark Aura\n|\n|-heal|p1a: Lugia|100\/100 tox|[from] item: Leftovers\n|-damage|p1a: Lugia|88\/100 tox|[from] psn\n|upkeep\n|turn|41\n|\n|t:|1611081570\n|switch|p2a: Ferrothorn|Ferrothorn, M|100\/100\n|switch|p1a: Celesteela|Celesteela|82\/100\n|-damage|p1a: Celesteela|70\/100|[from] Stealth Rock\n|\n|-heal|p1a: Celesteela|76\/100|[from] item: Leftovers\n|upkeep\n|turn|42\n|\n|t:|1611081581\n|switch|p2a: Yveltal|Yveltal|100\/100\n|-ability|p2a: Yveltal|Dark Aura\n|move|p1a: Celesteela|Leech Seed|p2a: Yveltal\n|-start|p2a: Yveltal|move: Leech Seed\n|\n|-heal|p1a: Celesteela|82\/100|[from] item: Leftovers\n|-damage|p2a: Yveltal|88\/100|[from] Leech Seed|[of] p1a: Celesteela\n|-heal|p1a: Celesteela|96\/100|[silent]\n|upkeep\n|turn|43\n|\n|t:|1611081591\n|move|p1a: Celesteela|Protect|p1a: Celesteela\n|-singleturn|p1a: Celesteela|Protect\n|move|p2a: Yveltal|U-turn|p1a: Celesteela\n|-activate|p1a: Celesteela|move: Protect\n|\n|-heal|p1a: Celesteela|100\/100|[from] item: Leftovers\n|-damage|p2a: Yveltal|75\/100|[from] Leech Seed|[of] p1a: Celesteela\n|upkeep\n|turn|44\n|\n|t:|1611081602\n|move|p2a: Yveltal|U-turn|p1a: Celesteela\n|-resisted|p1a: Celesteela\n|-damage|p1a: Celesteela|97\/100\n|\n|t:|1611081604\n|switch|p2a: Ferrothorn|Ferrothorn, M|100\/100|[from]move: U-turn\n|move|p1a: Celesteela|Leech Seed|p2a: Ferrothorn\n|-immune|p2a: Ferrothorn\n|\n|-heal|p1a: Celesteela|100\/100|[from] item: Leftovers\n|upkeep\n|turn|45\n|\n|t:|1611081613\n|switch|p2a: Blissey|Blissey, F|32\/100\n|move|p1a: Celesteela|Toxic|p2a: Blissey\n|-status|p2a: Blissey|tox\n|\n|-damage|p2a: Blissey|26\/100 tox|[from] psn\n|upkeep\n|turn|46\n|\n|t:|1611081630\n|move|p1a: Celesteela|Leech Seed|p2a: Blissey\n|-start|p2a: Blissey|move: Leech Seed\n|move|p2a: Blissey|Teleport|p2a: Blissey\n|\n|t:|1611081632\n|-curestatus|p2a: Blissey|tox|[from] ability: Natural Cure\n|switch|p2a: Zygarde|Zygarde|100\/100|[from]move: Teleport\n|\n|upkeep\n|turn|47\n|\n|t:|1611081647\n|switch|p1a: Blissey|Blissey, F, shiny|75\/100\n|-damage|p1a: Blissey|63\/100|[from] Stealth Rock\n|move|p2a: Zygarde|Glare|p1a: Blissey\n|-status|p1a: Blissey|par\n|\n|-heal|p1a: Blissey|69\/100 par|[from] item: Leftovers\n|upkeep\n|turn|48\n|\n|t:|1611081656\n|switch|p2a: Ferrothorn|Ferrothorn, M|100\/100\n|move|p1a: Blissey|Toxic|p2a: Ferrothorn|[miss]\n|-miss|p1a: Blissey|p2a: Ferrothorn\n|\n|-heal|p1a: Blissey|75\/100 par|[from] item: Leftovers\n|upkeep\n|turn|49\n|\n|t:|1611081668\n|move|p2a: Ferrothorn|Spikes|p1a: Blissey\n|-sidestart|p1: G142|Spikes\n|move|p1a: Blissey|Aromatherapy|p1a: Blissey\n|-activate|p1a: Blissey|move: Aromatherapy\n|-curestatus|p1a: Blissey|par|[msg]\n|-curestatus|p1: Lugia|tox|[msg]\n|\n|-heal|p1a: Blissey|81\/100|[from] item: Leftovers\n|upkeep\n|turn|50\n|inactive|I'M AT MY LIMIT has 120 seconds left.\n|\n|t:|1611081712\n|move|p1a: Blissey|Wish|p1a: Blissey\n|move|p2a: Ferrothorn|Power Whip|p1a: Blissey\n|-crit|p1a: Blissey\n|-damage|p1a: Blissey|26\/100\n|\n|-heal|p1a: Blissey|32\/100|[from] item: Leftovers\n|upkeep\n|turn|51\n|\n|t:|1611081738\n|move|p1a: Blissey|Protect|p1a: Blissey\n|-singleturn|p1a: Blissey|Protect\n|move|p2a: Ferrothorn|Power Whip|p1a: Blissey\n|-activate|p1a: Blissey|move: Protect\n|\n|-heal|p1a: Blissey|82\/100|[from] move: Wish|[wisher] Blissey\n|-heal|p1a: Blissey|89\/100|[from] item: Leftovers\n|upkeep\n|turn|52\n|\n|t:|1611081755\n|move|p1a: Blissey|Wish|p1a: Blissey\n|move|p2a: Ferrothorn|Spikes|p1a: Blissey\n|-sidestart|p1: G142|Spikes\n|\n|-heal|p1a: Blissey|95\/100|[from] item: Leftovers\n|upkeep\n|turn|53\n|\n|t:|1611081765\n|switch|p1a: Torkoal|Torkoal, M, shiny|88\/100\n|-damage|p1a: Torkoal|63\/100|[from] Stealth Rock\n|-damage|p1a: Torkoal|46\/100|[from] Spikes\n|-weather|SunnyDay|[from] ability: Drought|[of] p1a: Torkoal\n|switch|p2a: Calyrex|Calyrex-Shadow|100\/100\n|-ability|p2a: Calyrex|As One\n|-ability|p2a: Calyrex|Unnerve|p1: G142\n|\n|-weather|SunnyDay|[upkeep]\n|-heal|p1a: Torkoal|100\/100|[from] move: Wish|[wisher] Blissey\n|upkeep\n|turn|54\n|\n|t:|1611081781\n|move|p2a: Calyrex|Substitute|p2a: Calyrex\n|-start|p2a: Calyrex|Substitute\n|-damage|p2a: Calyrex|76\/100\n|move|p1a: Torkoal|Stealth Rock|p2a: Calyrex\n|-sidestart|p2: I'M AT MY LIMIT|move: Stealth Rock\n|\n|-weather|SunnyDay|[upkeep]\n|-heal|p2a: Calyrex|82\/100|[from] item: Leftovers\n|upkeep\n|turn|55\n|inactive|G142 has 120 seconds left.\n|\n|t:|1611081799\n|switch|p1a: Blissey|Blissey, F, shiny|95\/100\n|-damage|p1a: Blissey|78\/100|[from] Spikes\n|-damage|p1a: Blissey|66\/100|[from] Stealth Rock\n|move|p2a: Calyrex|Nasty Plot|p2a: Calyrex\n|-boost|p2a: Calyrex|spa|2\n|\n|-weather|SunnyDay|[upkeep]\n|-heal|p2a: Calyrex|88\/100|[from] item: Leftovers\n|-heal|p1a: Blissey|72\/100|[from] item: Leftovers\n|upkeep\n|turn|56\n|inactive|G142 has 120 seconds left.\n|\n|t:|1611081816\n|move|p2a: Calyrex|Leech Seed|p1a: Blissey|[miss]\n|-miss|p2a: Calyrex|p1a: Blissey\n|move|p1a: Blissey|Toxic||[still]\n|-fail|p1a: Blissey\n|\n|-weather|SunnyDay|[upkeep]\n|-heal|p2a: Calyrex|94\/100|[from] item: Leftovers\n|-heal|p1a: Blissey|78\/100|[from] item: Leftovers\n|upkeep\n|turn|57\n|c|\u2606I'M AT MY LIMIT|Gg btw\n|inactive|G142 has 120 seconds left.\n|\n|t:|1611081825\n|move|p1a: Blissey|Protect|p1a: Blissey\n|-singleturn|p1a: Blissey|Protect\n|move|p2a: Calyrex|Nasty Plot|p2a: Calyrex\n|-boost|p2a: Calyrex|spa|2\n|\n|-weather|none\n|-heal|p2a: Calyrex|99\/100|[from] item: Leftovers\n|-heal|p1a: Blissey|84\/100|[from] item: Leftovers\n|upkeep\n|turn|58\n|inactive|G142 has 120 seconds left.\n|\n|t:|1611081846\n|move|p1a: Blissey|Protect|p1a: Blissey\n|-singleturn|p1a: Blissey|Protect\n|move|p2a: Calyrex|Nasty Plot|p2a: Calyrex\n|-boost|p2a: Calyrex|spa|2\n|\n|-heal|p2a: Calyrex|100\/100|[from] item: Leftovers\n|-heal|p1a: Blissey|90\/100|[from] item: Leftovers\n|upkeep\n|turn|59\n|\n|t:|1611081858\n|move|p1a: Blissey|Protect||[still]\n|-fail|p1a: Blissey\n|move|p2a: Calyrex|Astral Barrage|p1a: Blissey\n|-immune|p1a: Blissey\n|\n|-heal|p1a: Blissey|96\/100|[from] item: Leftovers\n|upkeep\n|turn|60\n|\n|t:|1611081868\n|move|p1a: Blissey|Protect|p1a: Blissey\n|-singleturn|p1a: Blissey|Protect\n|move|p2a: Calyrex|Nasty Plot|p2a: Calyrex\n|-boost|p2a: Calyrex|spa|0\n|\n|-heal|p1a: Blissey|100\/100|[from] item: Leftovers\n|upkeep\n|turn|61\n|inactive|G142 has 120 seconds left.\n|\n|t:|1611081878\n|move|p1a: Blissey|Protect||[still]\n|-fail|p1a: Blissey\n|move|p2a: Calyrex|Nasty Plot|p2a: Calyrex\n|-boost|p2a: Calyrex|spa|0\n|\n|upkeep\n|turn|62\n|\n|t:|1611081894\n|move|p2a: Calyrex|Nasty Plot|p2a: Calyrex\n|-boost|p2a: Calyrex|spa|0\n|move|p1a: Blissey|Wish|p1a: Blissey\n|\n|upkeep\n|turn|63\n|inactive|G142 has 120 seconds left.\n|\n|t:|1611081928\n|move|p2a: Calyrex|Nasty Plot|p2a: Calyrex\n|-boost|p2a: Calyrex|spa|0\n|move|p1a: Blissey|Aromatherapy||[still]\n|-activate|p1a: Blissey|move: Aromatherapy\n|-fail|p1a: Blissey\n|\n|upkeep\n|turn|64\n|inactive|G142 has 120 seconds left.\n|\n|t:|1611081952\n|move|p2a: Calyrex|Substitute|p2a: Calyrex\n|-fail|p2a: Calyrex|move: Substitute\n|move|p1a: Blissey|Toxic||[still]\n|-fail|p1a: Blissey\n|\n|upkeep\n|turn|65\n|\n|t:|1611081975\n|move|p1a: Blissey|Protect|p1a: Blissey\n|-singleturn|p1a: Blissey|Protect\n|move|p2a: Calyrex|Nasty Plot|p2a: Calyrex\n|-boost|p2a: Calyrex|spa|0\n|\n|upkeep\n|turn|66\n|inactive|I'M AT MY LIMIT has 120 seconds left.\n|\n|t:|1611081995\n|switch|p1a: Celesteela|Celesteela|100\/100\n|-damage|p1a: Celesteela|88\/100|[from] Stealth Rock\n|move|p2a: Calyrex|Nasty Plot|p2a: Calyrex\n|-boost|p2a: Calyrex|spa|0\n|\n|-heal|p1a: Celesteela|94\/100|[from] item: Leftovers\n|upkeep\n|turn|67\n|\n|t:|1611082009\n|move|p1a: Celesteela|Protect|p1a: Celesteela\n|-singleturn|p1a: Celesteela|Protect\n|move|p2a: Calyrex|Leech Seed|p1a: Celesteela\n|-activate|p1a: Celesteela|move: Protect\n|\n|-heal|p1a: Celesteela|99\/100|[from] item: Leftovers\n|upkeep\n|turn|68\n|\n|t:|1611082017\n|switch|p1a: Blissey|Blissey, F, shiny|100\/100\n|-damage|p1a: Blissey|88\/100|[from] Stealth Rock\n|-damage|p1a: Blissey|71\/100|[from] Spikes\n|move|p2a: Calyrex|Leech Seed|p1a: Blissey\n|-start|p1a: Blissey|move: Leech Seed\n|\n|-heal|p1a: Blissey|78\/100|[from] item: Leftovers\n|-damage|p1a: Blissey|65\/100|[from] Leech Seed|[of] p2a: Calyrex\n|upkeep\n|turn|69\n|inactive|G142 has 120 seconds left.\n|inactive|I'M AT MY LIMIT has 120 seconds left.\n|\n|t:|1611082060\n|move|p2a: Calyrex|Nasty Plot|p2a: Calyrex\n|-boost|p2a: Calyrex|spa|0\n|move|p1a: Blissey|Wish|p1a: Blissey\n|\n|-heal|p1a: Blissey|71\/100|[from] item: Leftovers\n|-damage|p1a: Blissey|59\/100|[from] Leech Seed|[of] p2a: Calyrex\n|upkeep\n|turn|70\n|inactive|G142 has 120 seconds left.\n|\n|t:|1611082075\n|switch|p2a: Ferrothorn|Ferrothorn, M|100\/100\n|-damage|p2a: Ferrothorn|94\/100|[from] Stealth Rock\n|switch|p1a: Lugia|Lugia, shiny|88\/100\n|-damage|p1a: Lugia|63\/100|[from] Stealth Rock\n|\n|-heal|p1a: Lugia|100\/100|[from] move: Wish|[wisher] Blissey\n|-heal|p2a: Ferrothorn|100\/100|[from] item: Leftovers\n|upkeep\n|turn|71\n|inactive|G142 has 120 seconds left.\n|\n|t:|1611082091\n|move|p1a: Lugia|Calm Mind|p1a: Lugia\n|-boost|p1a: Lugia|spa|1\n|-boost|p1a: Lugia|spd|1\n|move|p2a: Ferrothorn|Leech Seed|p1a: Lugia\n|-start|p1a: Lugia|move: Leech Seed\n|\n|-damage|p1a: Lugia|88\/100|[from] Leech Seed|[of] p2a: Ferrothorn\n|upkeep\n|turn|72\n|\n|t:|1611082100\n|switch|p2a: Yveltal|Yveltal|75\/100\n|-ability|p2a: Yveltal|Dark Aura\n|move|p1a: Lugia|Calm Mind|p1a: Lugia\n|-boost|p1a: Lugia|spa|1\n|-boost|p1a: Lugia|spd|1\n|\n|-heal|p1a: Lugia|94\/100|[from] item: Leftovers\n|-damage|p1a: Lugia|82\/100|[from] Leech Seed|[of] p2a: Yveltal\n|-heal|p2a: Yveltal|87\/100|[silent]\n|upkeep\n|turn|73\n|inactive|G142 has 120 seconds left.\n|\n|t:|1611082113\n|move|p2a: Yveltal|Knock Off|p1a: Lugia\n|-supereffective|p1a: Lugia\n|-damage|p1a: Lugia|19\/100\n|-enditem|p1a: Lugia|Leftovers|[from] move: Knock Off|[of] p2a: Yveltal\n|move|p1a: Lugia|Toxic|p2a: Yveltal\n|-status|p2a: Yveltal|tox\n|\n|-damage|p1a: Lugia|7\/100|[from] Leech Seed|[of] p2a: Yveltal\n|-heal|p2a: Yveltal|98\/100 tox|[silent]\n|-damage|p2a: Yveltal|92\/100 tox|[from] psn\n|upkeep\n|turn|74\n|inactive|G142 has 120 seconds left.\n|\n|t:|1611082126\n|move|p2a: Yveltal|U-turn|p1a: Lugia\n|-crit|p1a: Lugia\n|-damage|p1a: Lugia|0 fnt\n|faint|p1a: Lugia\n|inactive|I'M AT MY LIMIT has 120 seconds left.\n|\n|t:|1611082139\n|switch|p2a: Ferrothorn|Ferrothorn, M|100\/100|[from]move: U-turn\n|-damage|p2a: Ferrothorn|94\/100|[from] Stealth Rock\n|\n|-heal|p2a: Ferrothorn|100\/100|[from] item: Leftovers\n|upkeep\n|inactive|G142 has 120 seconds left.\n|\n|t:|1611082147\n|switch|p1a: Blissey|Blissey, F, shiny|59\/100\n|-damage|p1a: Blissey|46\/100|[from] Stealth Rock\n|-damage|p1a: Blissey|30\/100|[from] Spikes\n|turn|75\n|inactive|G142 has 120 seconds left.\n|\n|t:|1611082157\n|move|p1a: Blissey|Protect|p1a: Blissey\n|-singleturn|p1a: Blissey|Protect\n|move|p2a: Ferrothorn|Power Whip|p1a: Blissey\n|-activate|p1a: Blissey|move: Protect\n|\n|-heal|p1a: Blissey|36\/100|[from] item: Leftovers\n|upkeep\n|turn|76\n|\n|t:|1611082167\n|move|p1a: Blissey|Wish|p1a: Blissey\n|move|p2a: Ferrothorn|Leech Seed|p1a: Blissey\n|-start|p1a: Blissey|move: Leech Seed\n|\n|-heal|p1a: Blissey|42\/100|[from] item: Leftovers\n|-damage|p1a: Blissey|29\/100|[from] Leech Seed|[of] p2a: Ferrothorn\n|upkeep\n|turn|77\n|\n|t:|1611082175\n|move|p1a: Blissey|Protect|p1a: Blissey\n|-singleturn|p1a: Blissey|Protect\n|move|p2a: Ferrothorn|Spikes|p1a: Blissey\n|-sidestart|p1: G142|Spikes\n|\n|-heal|p1a: Blissey|79\/100|[from] move: Wish|[wisher] Blissey\n|-heal|p1a: Blissey|86\/100|[from] item: Leftovers\n|-damage|p1a: Blissey|73\/100|[from] Leech Seed|[of] p2a: Ferrothorn\n|upkeep\n|turn|78\n|\n|t:|1611082185\n|move|p1a: Blissey|Wish|p1a: Blissey\n|move|p2a: Ferrothorn|Power Whip|p1a: Blissey\n|-damage|p1a: Blissey|40\/100\n|\n|-heal|p1a: Blissey|46\/100|[from] item: Leftovers\n|-damage|p1a: Blissey|34\/100|[from] Leech Seed|[of] p2a: Ferrothorn\n|upkeep\n|turn|79\n|\n|t:|1611082194\n|switch|p2a: Yveltal|Yveltal|92\/100 tox\n|-ability|p2a: Yveltal|Dark Aura\n|move|p1a: Blissey|Protect||[still]\n|-fail|p1a: Blissey\n|\n|-heal|p1a: Blissey|84\/100|[from] move: Wish|[wisher] Blissey\n|-heal|p1a: Blissey|90\/100|[from] item: Leftovers\n|-damage|p1a: Blissey|77\/100|[from] Leech Seed|[of] p2a: Yveltal\n|-heal|p2a: Yveltal|100\/100 tox|[silent]\n|-damage|p2a: Yveltal|94\/100 tox|[from] psn\n|upkeep\n|turn|80\n|\n|t:|1611082207\n|move|p1a: Blissey|Protect|p1a: Blissey\n|-singleturn|p1a: Blissey|Protect\n|move|p2a: Yveltal|Knock Off|p1a: Blissey\n|-activate|p1a: Blissey|move: Protect\n|\n|-heal|p1a: Blissey|83\/100|[from] item: Leftovers\n|-damage|p1a: Blissey|71\/100|[from] Leech Seed|[of] p2a: Yveltal\n|-heal|p2a: Yveltal|100\/100 tox|[silent]\n|-damage|p2a: Yveltal|88\/100 tox|[from] psn\n|upkeep\n|turn|81\n|\n|t:|1611082217\n|move|p2a: Yveltal|Knock Off|p1a: Blissey\n|-damage|p1a: Blissey|20\/100\n|-enditem|p1a: Blissey|Leftovers|[from] move: Knock Off|[of] p2a: Yveltal\n|move|p1a: Blissey|Wish|p1a: Blissey\n|\n|-damage|p1a: Blissey|8\/100|[from] Leech Seed|[of] p2a: Yveltal\n|-heal|p2a: Yveltal|100\/100 tox|[silent]\n|-damage|p2a: Yveltal|82\/100 tox|[from] psn\n|upkeep\n|turn|82\n|\n|t:|1611082229\n|switch|p1a: Torkoal|Torkoal, M, shiny|100\/100\n|-damage|p1a: Torkoal|75\/100|[from] Spikes\n|-damage|p1a: Torkoal|50\/100|[from] Stealth Rock\n|-weather|SunnyDay|[from] ability: Drought|[of] p1a: Torkoal\n|move|p2a: Yveltal|U-turn|p1a: Torkoal\n|-resisted|p1a: Torkoal\n|-damage|p1a: Torkoal|43\/100\n|\n|t:|1611082232\n|switch|p2a: Calyrex|Calyrex-Shadow|100\/100|[from]move: U-turn\n|-ability|p2a: Calyrex|As One\n|-ability|p2a: Calyrex|Unnerve|p1: G142\n|-damage|p2a: Calyrex|88\/100|[from] Stealth Rock\n|\n|-weather|SunnyDay|[upkeep]\n|-heal|p1a: Torkoal|100\/100|[from] move: Wish|[wisher] Blissey\n|-heal|p2a: Calyrex|94\/100|[from] item: Leftovers\n|upkeep\n|turn|83\n|c|\u2606I'M AT MY LIMIT|Gg LOL\n|\n|t:|1611082254\n|move|p2a: Calyrex|Substitute|p2a: Calyrex\n|-start|p2a: Calyrex|Substitute\n|-damage|p2a: Calyrex|69\/100\n|move|p1a: Torkoal|Will-O-Wisp||[still]\n|-fail|p1a: Torkoal\n|\n|-weather|SunnyDay|[upkeep]\n|-heal|p2a: Calyrex|76\/100|[from] item: Leftovers\n|upkeep\n|turn|84\n|\n|t:|1611082262\n|move|p2a: Calyrex|Nasty Plot|p2a: Calyrex\n|-boost|p2a: Calyrex|spa|2\n|move|p1a: Torkoal|Rapid Spin|p2a: Calyrex\n|-immune|p2a: Calyrex\n|\n|-weather|SunnyDay|[upkeep]\n|-heal|p2a: Calyrex|82\/100|[from] item: Leftovers\n|upkeep\n|turn|85\n|\n|t:|1611082271\n|move|p2a: Calyrex|Nasty Plot|p2a: Calyrex\n|-boost|p2a: Calyrex|spa|2\n|move|p1a: Torkoal|Rapid Spin|p2a: Calyrex\n|-immune|p2a: Calyrex\n|\n|-weather|SunnyDay|[upkeep]\n|-heal|p2a: Calyrex|88\/100|[from] item: Leftovers\n|upkeep\n|turn|86\n|\n|t:|1611082281\n|move|p2a: Calyrex|Astral Barrage|p1a: Torkoal\n|-enditem|p1a: Torkoal|Focus Sash\n|-damage|p1a: Torkoal|1\/100\n|move|p1a: Torkoal|Clear Smog|p2a: Calyrex\n|-resisted|p2a: Calyrex\n|-activate|p2a: Calyrex|move: Substitute|[damage]\n|\n|-weather|none\n|-heal|p2a: Calyrex|94\/100|[from] item: Leftovers\n|upkeep\n|turn|87\n|\n|t:|1611082292\n|move|p2a: Calyrex|Leech Seed|p1a: Torkoal\n|-start|p1a: Torkoal|move: Leech Seed\n|move|p1a: Torkoal|Clear Smog|p2a: Calyrex\n|-resisted|p2a: Calyrex\n|-activate|p2a: Calyrex|move: Substitute|[damage]\n|\n|-heal|p2a: Calyrex|99\/100|[from] item: Leftovers\n|-damage|p1a: Torkoal|0 fnt|[from] Leech Seed|[of] p2a: Calyrex\n|-heal|p2a: Calyrex|100\/100|[silent]\n|faint|p1a: Torkoal\n|upkeep\n|\n|t:|1611082303\n|switch|p1a: Celesteela|Celesteela|99\/100\n|-damage|p1a: Celesteela|88\/100|[from] Stealth Rock\n|turn|88\n|\n|t:|1611082308\n|move|p2a: Calyrex|Astral Barrage|p1a: Celesteela\n|-damage|p1a: Celesteela|0 fnt\n|faint|p1a: Celesteela\n|-ability|p2a: Calyrex|Grim Neigh|boost\n|-boost|p2a: Calyrex|spa|1\n|\n|upkeep\n|\n|t:|1611082316\n|switch|p1a: Blissey|Blissey, F, shiny|8\/100\n|-damage|p1a: Blissey|0 fnt|[from] Spikes\n|faint|p1a: Blissey\n|\n|win|I'M AT MY LIMIT\n|l|\u2606G142\n||Ladder (probably) updated, but score could not be retrieved (Request timeout).\n","uploadtime":1611082402,"views":9,"p1id":"g142","p2id":"imatmylimit","formatid":"gen8ubers","rating":0,"private":0,"password":null}