{"id":"gen8nfe-1596351729","p1":"Unviabriel","p2":"Ho3nConfirm3d","format":"gen8nfe","log":"|j|\u2606Unviabriel\n|j|\u2606Ho3nConfirm3d\n|t:|1655236761\n|gametype|singles\n|player|p1|Unviabriel|shauntal|\n|player|p2|Ho3nConfirm3d|#ho3nconfirm3d|\n|teamsize|p1|6\n|teamsize|p2|6\n|gen|8\n|tier|[Gen 8] NFE\n|rule|Sleep Clause Mod: Limit one foe put to sleep\n|rule|Species Clause: Limit one of each Pok\u00e9mon\n|rule|OHKO Clause: OHKO moves are banned\n|rule|Evasion Moves Clause: Evasion moves are banned\n|rule|Endless Battle Clause: Forcing endless battles is banned\n|rule|HP Percentage Mod: HP is shown in percentages\n|rule|Dynamax Clause: You cannot dynamax\n|clearpoke\n|poke|p1|Corsola-Galar, F|\n|poke|p1|Roselia, F|\n|poke|p1|Piloswine, F|\n|poke|p1|Morgrem, M|\n|poke|p1|Gurdurr, F|\n|poke|p1|Electabuzz, F|\n|poke|p2|Raboot, M|\n|poke|p2|Thwackey, M|\n|poke|p2|Piloswine, M|\n|poke|p2|Wartortle, M|\n|poke|p2|Hakamo-o, M|\n|poke|p2|Fraxure, F|\n|teampreview\n|c|\u2606Unviabriel|glhf\n|inactive|Battle timer is ON: inactive players will automatically lose when time's up. (requested by Ho3nConfirm3d)\n|inactive|Unviabriel has 270 seconds left.\n|\n|t:|1655236819\n|start\n|switch|p1a: Gurdurr|Gurdurr, F|100\/100\n|switch|p2a: Thwackey|Thwackey, M|100\/100\n|-fieldstart|move: Grassy Terrain|[from] ability: Grassy Surge|[of] p2a: Thwackey\n|-enditem|p2a: Thwackey|Grassy Seed\n|-boost|p2a: Thwackey|def|1|[from] item: Grassy Seed\n|turn|1\n|inactive|Unviabriel has 270 seconds left.\n|inactive|Unviabriel has 240 seconds left.\n|inactive|Unviabriel has 210 seconds left.\n|inactive|Unviabriel has 180 seconds left.\n|\n|t:|1655236941\n|move|p2a: Thwackey|Swords Dance|p2a: Thwackey\n|-boost|p2a: Thwackey|atk|2\n|move|p1a: Gurdurr|Drain Punch|p2a: Thwackey\n|-damage|p2a: Thwackey|62\/100\n|\n|-heal|p2a: Thwackey|68\/100|[from] Grassy Terrain\n|upkeep\n|turn|2\n|inactive|Unviabriel has 180 seconds left.\n|inactive|Unviabriel has 150 seconds left.\n|\n|t:|1655236999\n|move|p2a: Thwackey|Acrobatics|p1a: Gurdurr\n|-supereffective|p1a: Gurdurr\n|-damage|p1a: Gurdurr|23\/100\n|move|p1a: Gurdurr|Defog|p2a: Thwackey\n|-unboost|p2a: Thwackey|evasion|1\n|-fieldend|move: Grassy Terrain\n|\n|upkeep\n|turn|3\n|\n|t:|1655237016\n|move|p1a: Gurdurr|Mach Punch|p2a: Thwackey\n|-damage|p2a: Thwackey|46\/100\n|move|p2a: Thwackey|Acrobatics|p1a: Gurdurr\n|-supereffective|p1a: Gurdurr\n|-damage|p1a: Gurdurr|0 fnt\n|faint|p1a: Gurdurr\n|\n|upkeep\n|inactive|Unviabriel has 120 seconds left.\n|\n|t:|1655237046\n|switch|p1a: Electabuzz|Electabuzz, F|100\/100\n|turn|4\n|\n|t:|1655237058\n|switch|p2a: Hakamo-o|Hakamo-o, M|100\/100\n|move|p1a: Electabuzz|Focus Blast|p2a: Hakamo-o\n|-immune|p2a: Hakamo-o|[from] ability: Bulletproof\n|\n|upkeep\n|turn|5\n|\n|t:|1655237070\n|switch|p2a: Piloswine|Piloswine, M|100\/100\n|move|p1a: Electabuzz|Volt Switch|p2a: Piloswine\n|-immune|p2a: Piloswine\n|\n|upkeep\n|turn|6\n|inactive|Unviabriel has 90 seconds left.\n|\n|t:|1655237107\n|switch|p1a: Corsola|Corsola-Galar, F|100\/100\n|move|p2a: Piloswine|High Horsepower|p1a: Corsola\n|-damage|p1a: Corsola|76\/100\n|\n|upkeep\n|turn|7\n|inactive|Unviabriel has 90 seconds left.\n|\n|t:|1655237121\n|move|p2a: Piloswine|Stealth Rock|p1a: Corsola\n|-sidestart|p1: Unviabriel|move: Stealth Rock\n|move|p1a: Corsola|Whirlpool|p2a: Piloswine\n|-supereffective|p2a: Piloswine\n|-damage|p2a: Piloswine|91\/100\n|-activate|p2a: Piloswine|move: Whirlpool|[of] p1a: Corsola\n|\n|-damage|p2a: Piloswine|78\/100|[from] move: Whirlpool|[partiallytrapped]\n|upkeep\n|turn|8\n|inactive|Unviabriel has 90 seconds left.\n|\n|t:|1655237137\n|move|p2a: Piloswine|Icicle Crash|p1a: Corsola\n|-damage|p1a: Corsola|55\/100\n|-start|p2a: Piloswine|Disable|Icicle Crash|[from] ability: Cursed Body|[of] p1a: Corsola\n|cant|p1a: Corsola|flinch\n|\n|-damage|p2a: Piloswine|66\/100|[from] move: Whirlpool|[partiallytrapped]\n|upkeep\n|turn|9\n|\n|t:|1655237144\n|move|p2a: Piloswine|High Horsepower|p1a: Corsola\n|-damage|p1a: Corsola|30\/100\n|move|p1a: Corsola|Strength Sap|p2a: Piloswine\n|-unboost|p2a: Piloswine|atk|1\n|-heal|p1a: Corsola|100\/100\n|\n|-damage|p2a: Piloswine|53\/100|[from] move: Whirlpool|[partiallytrapped]\n|upkeep\n|turn|10\n|inactive|Unviabriel has 90 seconds left.\n|\n|t:|1655237151\n|move|p2a: Piloswine|High Horsepower|p1a: Corsola\n|-damage|p1a: Corsola|86\/100\n|move|p1a: Corsola|Night Shade|p2a: Piloswine\n|-damage|p2a: Piloswine|29\/100\n|\n|-damage|p2a: Piloswine|16\/100|[from] move: Whirlpool|[partiallytrapped]\n|upkeep\n|turn|11\n|inactive|Unviabriel has 90 seconds left.\n|inactive|Unviabriel has 60 seconds left.\n|\n|t:|1655237197\n|move|p2a: Piloswine|High Horsepower|p1a: Corsola\n|-damage|p1a: Corsola|71\/100\n|move|p1a: Corsola|Strength Sap|p2a: Piloswine\n|-unboost|p2a: Piloswine|atk|1\n|-heal|p1a: Corsola|100\/100\n|\n|-damage|p2a: Piloswine|4\/100|[from] move: Whirlpool|[partiallytrapped]\n|-end|p2a: Piloswine|Disable\n|upkeep\n|turn|12\n|inactive|Unviabriel has 60 seconds left.\n|\n|t:|1655237216\n|move|p2a: Piloswine|Icicle Crash|p1a: Corsola\n|-damage|p1a: Corsola|88\/100\n|-start|p2a: Piloswine|Disable|Icicle Crash|[from] ability: Cursed Body|[of] p1a: Corsola\n|cant|p1a: Corsola|flinch\n|\n|-end|p2a: Piloswine|Whirlpool|[partiallytrapped]\n|upkeep\n|turn|13\n|inactive|Unviabriel has 30 seconds left.\n|\n|t:|1655237255\n|switch|p2a: Fraxure|Fraxure, F|100\/100\n|-ability|p2a: Fraxure|Mold Breaker\n|move|p1a: Corsola|Whirlpool|p2a: Fraxure\n|-resisted|p2a: Fraxure\n|-damage|p2a: Fraxure|97\/100\n|-activate|p2a: Fraxure|move: Whirlpool|[of] p1a: Corsola\n|\n|-damage|p2a: Fraxure|84\/100|[from] move: Whirlpool|[partiallytrapped]\n|upkeep\n|turn|14\n|inactive|Unviabriel has 30 seconds left.\n|\n|t:|1655237270\n|move|p2a: Fraxure|Taunt|p1a: Corsola\n|-start|p1a: Corsola|move: Taunt\n|cant|p1a: Corsola|move: Taunt|Strength Sap\n|\n|-damage|p2a: Fraxure|72\/100|[from] move: Whirlpool|[partiallytrapped]\n|upkeep\n|turn|15\n|inactive|Unviabriel has 30 seconds left.\n|\n|t:|1655237284\n|move|p2a: Fraxure|Swords Dance|p2a: Fraxure\n|-boost|p2a: Fraxure|atk|2\n|move|p1a: Corsola|Night Shade|p2a: Fraxure\n|-damage|p2a: Fraxure|35\/100\n|\n|-damage|p2a: Fraxure|23\/100|[from] move: Whirlpool|[partiallytrapped]\n|upkeep\n|turn|16\n|inactive|Unviabriel has 30 seconds left.\n|\n|t:|1655237298\n|move|p2a: Fraxure|Outrage|p1a: Corsola\n|-damage|p1a: Corsola|22\/100\n|move|p1a: Corsola|Night Shade|p2a: Fraxure\n|-damage|p2a: Fraxure|0 fnt\n|faint|p2a: Fraxure\n|\n|-end|p1a: Corsola|move: Taunt\n|upkeep\n|inactive|Unviabriel has 30 seconds left this turn.\n|\n|t:|1655237307\n|switch|p2a: Thwackey|Thwackey, M|46\/100\n|-fieldstart|move: Grassy Terrain|[from] ability: Grassy Surge|[of] p2a: Thwackey\n|turn|17\n|inactive|Unviabriel has 30 seconds left.\n|\n|t:|1655237327\n|move|p2a: Thwackey|Knock Off|p1a: Corsola\n|-supereffective|p1a: Corsola\n|-damage|p1a: Corsola|0 fnt\n|-enditem|p1a: Corsola|Eviolite|[from] move: Knock Off|[of] p2a: Thwackey\n|faint|p1a: Corsola\n|\n|-heal|p2a: Thwackey|52\/100|[from] Grassy Terrain\n|upkeep\n|inactive|Unviabriel has 30 seconds left this turn.\n|inactive|Unviabriel has 20 seconds left.\n|inactive|Unviabriel has 15 seconds left.\n|\n|t:|1655237344\n|switch|p1a: Piloswine|Piloswine, F|100\/100\n|-damage|p1a: Piloswine|88\/100|[from] Stealth Rock\n|turn|18\n|inactive|Unviabriel has 25 seconds left this turn.\n|inactive|Unviabriel has 20 seconds left.\n|\n|t:|1655237354\n|switch|p2a: Wartortle|Wartortle, M|100\/100\n|move|p1a: Piloswine|Icicle Crash|p2a: Wartortle\n|-resisted|p2a: Wartortle\n|-damage|p2a: Wartortle|82\/100\n|\n|-heal|p2a: Wartortle|88\/100|[from] Grassy Terrain\n|-heal|p1a: Piloswine|94\/100|[from] Grassy Terrain\n|upkeep\n|turn|19\n|inactive|Unviabriel has 30 seconds left this turn.\n|inactive|Unviabriel has 20 seconds left.\n|\n|t:|1655237365\n|switch|p1a: Roselia|Roselia, F|100\/100\n|-damage|p1a: Roselia|88\/100|[from] Stealth Rock\n|move|p2a: Wartortle|Shell Smash|p2a: Wartortle\n|-unboost|p2a: Wartortle|def|1\n|-unboost|p2a: Wartortle|spd|1\n|-boost|p2a: Wartortle|atk|2\n|-boost|p2a: Wartortle|spa|2\n|-boost|p2a: Wartortle|spe|2\n|\n|-heal|p2a: Wartortle|94\/100|[from] Grassy Terrain\n|-heal|p1a: Roselia|94\/100|[from] Grassy Terrain\n|upkeep\n|turn|20\n|inactive|Unviabriel has 30 seconds left this turn.\n|\n|t:|1655237371\n|move|p2a: Wartortle|Ice Beam|p1a: Roselia\n|-supereffective|p1a: Roselia\n|-damage|p1a: Roselia|31\/100\n|-status|p1a: Roselia|frz\n|cant|p1a: Roselia|frz\n|\n|-heal|p2a: Wartortle|100\/100|[from] Grassy Terrain\n|-heal|p1a: Roselia|37\/100 frz|[from] Grassy Terrain\n|upkeep\n|turn|21\n|inactive|Unviabriel has 30 seconds left.\n|c|\u2606Unviabriel|welp\n|inactive|Unviabriel has 20 seconds left.\n|\n|t:|1655237387\n|move|p2a: Wartortle|Ice Beam|p1a: Roselia\n|-supereffective|p1a: Roselia\n|-damage|p1a: Roselia|0 fnt\n|faint|p1a: Roselia\n|\n|-fieldend|move: Grassy Terrain\n|upkeep\n|inactive|Unviabriel has 25 seconds left this turn.\n|c|\u2606Unviabriel|ggs\n|-message|Unviabriel forfeited.\n|\n|win|Ho3nConfirm3d\n|inactive|Unviabriel has 30 seconds left this turn.\n","uploadtime":1655237398,"views":262,"p1id":"unviabriel","p2id":"ho3nconfirm3d","formatid":"gen8nfe","rating":0,"private":0,"password":null}