{"id":"gen8battlefactory-1669357419","p1":"Eclipse77","p2":"Gibby77","format":"gen8battlefactory","log":"|j|\u2606Eclipse77\n|j|\u2606Gibby77\n|t:|1663719351\n|gametype|singles\n|player|p1|Eclipse77|101|1149\n|player|p2|Gibby77|265|1067\n|teamsize|p1|6\n|teamsize|p2|6\n|gen|8\n|tier|[Gen 8] Battle Factory\n|rated|\n|rule|Sleep Clause Mod: Limit one foe put to sleep\n|rule|Species Clause: Limit one of each Pok\u00e9mon\n|rule|OHKO Clause: OHKO moves are banned\n|rule|Evasion Items Clause: Evasion items are banned\n|rule|Evasion Moves Clause: Evasion moves are banned\n|rule|Endless Battle Clause: Forcing endless battles is banned\n|rule|HP Percentage Mod: HP is shown in percentages\n|rule|Dynamax Clause: You cannot dynamax\n|clearpoke\n|poke|p1|Golett, L5|\n|poke|p1|Trubbish, L5, F|\n|poke|p1|Natu, L5, F|\n|poke|p1|Munchlax, L5, F|\n|poke|p1|Foongus, L5, M|\n|poke|p1|Onix, L5, F|\n|poke|p2|Ponyta-Galar, L5, M|\n|poke|p2|Hippopotas, L5, M|\n|poke|p2|Morelull, L5, M|\n|poke|p2|Salandit, L5, M|\n|poke|p2|Anorith, L5, F|\n|poke|p2|Shellder, L5, M|\n|teampreview\n|inactive|Battle timer is ON: inactive players will automatically lose when time's up. (requested by Eclipse77)\n|\n|t:|1663719401\n|start\n|switch|p1a: Golett|Golett, L5|22\/22\n|switch|p2a: Shellder|Shellder, L5, M|20\/20\n|turn|1\n|l|\u2606Eclipse77\n|inactive|Eclipse77 disconnected and has a minute to reconnect!\n|player|p1|\n|j|\u2606Eclipse77\n|inactive|Eclipse77 reconnected and has 125 seconds left.\n|player|p1|Eclipse77|101\n|inactive|Eclipse77 has 120 seconds left.\n|\n|t:|1663719436\n|switch|p1a: Foongus|Foongus, L5, M|25\/25\n|move|p2a: Shellder|Shell Smash|p2a: Shellder\n|-unboost|p2a: Shellder|def|1\n|-unboost|p2a: Shellder|spd|1\n|-boost|p2a: Shellder|atk|2\n|-boost|p2a: Shellder|spa|2\n|-boost|p2a: Shellder|spe|2\n|\n|upkeep\n|turn|2\n|\n|t:|1663719445\n|move|p2a: Shellder|Icicle Spear|p1a: Foongus\n|-supereffective|p1a: Foongus\n|-damage|p1a: Foongus|17\/25\n|-supereffective|p1a: Foongus\n|-crit|p1a: Foongus\n|-damage|p1a: Foongus|3\/25\n|-supereffective|p1a: Foongus\n|-damage|p1a: Foongus|0 fnt\n|faint|p1a: Foongus\n|-hitcount|p1: Foongus|3\n|\n|upkeep\n|\n|t:|1663719452\n|switch|p1a: Trubbish|Trubbish, L5, F|23\/23\n|turn|3\n|\n|t:|1663719463\n|move|p2a: Shellder|Icicle Spear|p1a: Trubbish\n|-damage|p1a: Trubbish|18\/23\n|-damage|p1a: Trubbish|13\/23\n|-damage|p1a: Trubbish|8\/23\n|-enditem|p1a: Trubbish|Berry Juice\n|-heal|p1a: Trubbish|23\/23|[from] item: Berry Juice\n|-damage|p1a: Trubbish|18\/23\n|-damage|p1a: Trubbish|13\/23\n|-hitcount|p1a: Trubbish|5\n|move|p1a: Trubbish|Drain Punch|p2a: Shellder\n|-damage|p2a: Shellder|15\/20\n|-heal|p1a: Trubbish|16\/23|[from] drain|[of] p2a: Shellder\n|\n|upkeep\n|turn|4\n|\n|t:|1663719474\n|move|p2a: Shellder|Icicle Spear|p1a: Trubbish\n|-damage|p1a: Trubbish|11\/23\n|-damage|p1a: Trubbish|6\/23\n|-damage|p1a: Trubbish|1\/23\n|-damage|p1a: Trubbish|0 fnt\n|faint|p1a: Trubbish\n|-hitcount|p1: Trubbish|4\n|\n|upkeep\n|\n|t:|1663719477\n|switch|p1a: Munchlax|Munchlax, L5, F|30\/30\n|turn|5\n|\n|t:|1663719492\n|move|p2a: Shellder|Rock Blast|p1a: Munchlax\n|-damage|p1a: Munchlax|25\/30\n|-damage|p1a: Munchlax|19\/30\n|-damage|p1a: Munchlax|14\/30\n|-enditem|p1a: Munchlax|Berry Juice\n|-heal|p1a: Munchlax|30\/30|[from] item: Berry Juice\n|-damage|p1a: Munchlax|25\/30\n|-damage|p1a: Munchlax|20\/30\n|-hitcount|p1a: Munchlax|5\n|move|p1a: Munchlax|Body Slam|p2a: Shellder\n|-damage|p2a: Shellder|5\/20\n|\n|upkeep\n|turn|6\n|\n|t:|1663719503\n|move|p2a: Shellder|Rock Blast|p1a: Munchlax\n|-crit|p1a: Munchlax\n|-damage|p1a: Munchlax|13\/30\n|-damage|p1a: Munchlax|8\/30\n|-damage|p1a: Munchlax|3\/30\n|-damage|p1a: Munchlax|0 fnt\n|faint|p1a: Munchlax\n|-hitcount|p1: Munchlax|4\n|\n|upkeep\n|\n|t:|1663719512\n|switch|p1a: Onix|Onix, L5, F|21\/21\n|turn|7\n|\n|t:|1663719521\n|move|p2a: Shellder|Icicle Spear|p1a: Onix\n|-supereffective|p1a: Onix\n|-crit|p1a: Onix\n|-damage|p1a: Onix|9\/21\n|-enditem|p1a: Onix|Berry Juice\n|-heal|p1a: Onix|21\/21|[from] item: Berry Juice\n|-supereffective|p1a: Onix\n|-damage|p1a: Onix|13\/21\n|-supereffective|p1a: Onix\n|-damage|p1a: Onix|5\/21\n|-supereffective|p1a: Onix\n|-damage|p1a: Onix|0 fnt\n|faint|p1a: Onix\n|-hitcount|p1: Onix|4\n|\n|upkeep\n|-message|Eclipse77 forfeited.\n|\n|win|Gibby77\n|raw|Eclipse77's rating: 1149 &rarr; <strong>1118<\/strong><br \/>(-31 for losing)\n|raw|Gibby77's rating: 1067 &rarr; <strong>1104<\/strong><br \/>(+37 for winning)\n|l|\u2606Eclipse77\n","uploadtime":1663719533,"views":5,"p1id":"eclipse77","p2id":"gibby77","formatid":"gen8battlefactory","rating":1104,"private":0,"password":null}