{"id":"gen8bdspou-1660178435","p1":"Bernie776","p2":"bizarman","format":"gen8bdspou","log":"|j|\u2606Bernie776\n|j|\u2606bizarman\n|t:|1662745479\n|gametype|singles\n|player|p1|Bernie776|rood|1385\n|player|p2|bizarman|scientist-gen4|1576\n|teamsize|p1|6\n|teamsize|p2|6\n|gen|8\n|tier|[Gen 8 BDSP] OU\n|rated|\n|rule|Sleep Clause Mod: Limit one foe put to sleep\n|rule|Species Clause: Limit one of each Pok\u00e9mon\n|rule|OHKO Clause: OHKO moves are banned\n|rule|Evasion Items Clause: Evasion items are banned\n|rule|Evasion Moves Clause: Evasion moves are banned\n|rule|Endless Battle Clause: Forcing endless battles is banned\n|rule|HP Percentage Mod: HP is shown in percentages\n|clearpoke\n|poke|p1|Infernape, M|\n|poke|p1|Scizor, M|\n|poke|p1|Latias, F|\n|poke|p1|Garchomp, M|\n|poke|p1|Starmie|\n|poke|p1|Roserade, M|\n|poke|p2|Bronzong|\n|poke|p2|Cresselia, F|\n|poke|p2|Crawdaunt, M|\n|poke|p2|Machamp, F|\n|poke|p2|Dusknoir, M|\n|poke|p2|Ursaring, M|\n|teampreview\n|\n|t:|1662745487\n|start\n|switch|p1a: Scizor|Scizor, M|100\/100\n|switch|p2a: Dusknoir|Dusknoir, M|100\/100\n|-ability|p2a: Dusknoir|Pressure\n|turn|1\n|\n|t:|1662745495\n|move|p1a: Scizor|U-turn|p2a: Dusknoir\n|-resisted|p2a: Dusknoir\n|-damage|p2a: Dusknoir|87\/100\n|inactive|Battle timer is ON: inactive players will automatically lose when time's up. (requested by bizarman)\n|\n|t:|1662745501\n|switch|p1a: Roserade|Roserade, M|100\/100|[from]move: U-turn\n|move|p2a: Dusknoir|Trick Room|p2a: Dusknoir\n|-fieldstart|move: Trick Room|[of] p2a: Dusknoir\n|\n|upkeep\n|turn|2\n|\n|t:|1662745511\n|switch|p2a: Machamp|Machamp, F|100\/100\n|move|p1a: Roserade|Spikes|p2a: Machamp\n|-sidestart|p2: bizarman|Spikes\n|\n|-status|p2a: Machamp|brn|[from] item: Flame Orb\n|upkeep\n|turn|3\n|\n|t:|1662745522\n|switch|p1a: Scizor|Scizor, M|100\/100\n|move|p2a: Machamp|Ice Punch|p1a: Scizor\n|-resisted|p1a: Scizor\n|-crit|p1a: Scizor\n|-damage|p1a: Scizor|70\/100\n|\n|-heal|p1a: Scizor|76\/100|[from] item: Leftovers\n|-damage|p2a: Machamp|94\/100 brn|[from] brn\n|upkeep\n|turn|4\n|\n|t:|1662745532\n|move|p2a: Machamp|Knock Off|p1a: Scizor\n|-damage|p1a: Scizor|21\/100\n|-enditem|p1a: Scizor|Leftovers|[from] move: Knock Off|[of] p2a: Machamp\n|move|p1a: Scizor|U-turn|p2a: Machamp\n|-resisted|p2a: Machamp\n|-crit|p2a: Machamp\n|-damage|p2a: Machamp|64\/100 brn\n|\n|t:|1662745543\n|switch|p1a: Starmie|Starmie|100\/100|[from]move: U-turn\n|\n|-damage|p2a: Machamp|58\/100 brn|[from] brn\n|upkeep\n|turn|5\n|\n|t:|1662745551\n|move|p2a: Machamp|Facade|p1a: Starmie\n|-damage|p1a: Starmie|7\/100\n|move|p1a: Starmie|Hydro Pump|p2a: Machamp\n|-damage|p2a: Machamp|15\/100 brn\n|\n|-heal|p1a: Starmie|13\/100|[from] item: Leftovers\n|-damage|p2a: Machamp|9\/100 brn|[from] brn\n|-fieldend|move: Trick Room\n|upkeep\n|turn|6\n|\n|t:|1662745569\n|switch|p2a: Cresselia|Cresselia, F|100\/100\n|move|p1a: Starmie|Recover|p1a: Starmie\n|-heal|p1a: Starmie|63\/100\n|\n|-heal|p1a: Starmie|69\/100|[from] item: Leftovers\n|upkeep\n|turn|7\n|\n|t:|1662745578\n|switch|p1a: Scizor|Scizor, M|21\/100\n|move|p2a: Cresselia|Trick Room|p2a: Cresselia\n|-fieldstart|move: Trick Room|[of] p2a: Cresselia\n|\n|upkeep\n|turn|8\n|\n|t:|1662745584\n|switch|p2a: Crawdaunt|Crawdaunt, M|100\/100\n|-damage|p2a: Crawdaunt|88\/100|[from] Spikes\n|move|p1a: Scizor|Roost|p1a: Scizor\n|-heal|p1a: Scizor|71\/100\n|-singleturn|p1a: Scizor|move: Roost\n|\n|upkeep\n|turn|9\n|\n|t:|1662745594\n|move|p2a: Crawdaunt|Knock Off|p1a: Scizor\n|-damage|p1a: Scizor|10\/100\n|-damage|p2a: Crawdaunt|78\/100|[from] item: Life Orb\n|move|p1a: Scizor|U-turn|p2a: Crawdaunt\n|-supereffective|p2a: Crawdaunt\n|-damage|p2a: Crawdaunt|0 fnt\n|faint|p2a: Crawdaunt\n|\n|t:|1662745612\n|switch|p1a: Garchomp|Garchomp, M|100\/100|[from]move: U-turn\n|\n|upkeep\n|\n|t:|1662745620\n|switch|p2a: Ursaring|Ursaring, M|100\/100\n|-damage|p2a: Ursaring|88\/100|[from] Spikes\n|turn|10\n|\n|t:|1662745630\n|move|p2a: Ursaring|Swords Dance|p2a: Ursaring\n|-boost|p2a: Ursaring|atk|2\n|move|p1a: Garchomp|Outrage|p2a: Ursaring\n|-damage|p2a: Ursaring|12\/100\n|\n|-status|p2a: Ursaring|brn|[from] item: Flame Orb\n|upkeep\n|turn|11\n|\n|t:|1662745639\n|move|p2a: Ursaring|Facade|p1a: Garchomp\n|-damage|p1a: Garchomp|0 fnt\n|-damage|p2a: Ursaring|0 fnt|[from] ability: Rough Skin|[of] p1a: Garchomp\n|faint|p1a: Garchomp\n|faint|p2a: Ursaring\n|\n|-fieldend|move: Trick Room\n|upkeep\n|\n|t:|1662745650\n|switch|p1a: Infernape|Infernape, M|100\/100\n|switch|p2a: Cresselia|Cresselia, F|100\/100\n|turn|12\n|\n|t:|1662745655\n|move|p1a: Infernape|U-turn|p2a: Cresselia\n|-supereffective|p2a: Cresselia\n|-damage|p2a: Cresselia|69\/100\n|\n|t:|1662745659\n|switch|p1a: Latias|Latias, F|100\/100|[from]move: U-turn\n|move|p2a: Cresselia|Trick Room|p2a: Cresselia\n|-fieldstart|move: Trick Room|[of] p2a: Cresselia\n|\n|upkeep\n|turn|13\n|\n|t:|1662745666\n|move|p2a: Cresselia|Lunar Dance|p2a: Cresselia\n|faint|p2a: Cresselia\n|move|p1a: Latias|Thunderbolt|p2: Cresselia|[notarget]\n|-fail|p1a: Latias\n|\n|upkeep\n|\n|t:|1662745671\n|switch|p2a: Machamp|Machamp, F|9\/100 brn\n|-heal|p2a: Machamp|100\/100|[from] move: Lunar Dance\n|-damage|p2a: Machamp|88\/100|[from] Spikes\n|turn|14\n|\n|t:|1662745685\n|switch|p1a: Starmie|Starmie|69\/100\n|move|p2a: Machamp|Knock Off|p1a: Starmie\n|-supereffective|p1a: Starmie\n|-damage|p1a: Starmie|0 fnt\n|-enditem|p1a: Starmie|Leftovers|[from] move: Knock Off|[of] p2a: Machamp\n|faint|p1a: Starmie\n|\n|-status|p2a: Machamp|brn|[from] item: Flame Orb\n|upkeep\n|\n|t:|1662745696\n|switch|p1a: Roserade|Roserade, M|100\/100\n|turn|15\n|\n|t:|1662745698\n|move|p2a: Machamp|Ice Punch|p1a: Roserade\n|-supereffective|p1a: Roserade\n|-damage|p1a: Roserade|0 fnt\n|faint|p1a: Roserade\n|\n|-damage|p2a: Machamp|82\/100 brn|[from] brn\n|upkeep\n|\n|t:|1662745710\n|switch|p1a: Infernape|Infernape, M|100\/100\n|turn|16\n|\n|t:|1662745715\n|move|p2a: Machamp|Close Combat|p1a: Infernape\n|-damage|p1a: Infernape|0 fnt\n|-unboost|p2a: Machamp|def|1\n|-unboost|p2a: Machamp|spd|1\n|faint|p1a: Infernape\n|\n|-damage|p2a: Machamp|76\/100 brn|[from] brn\n|-fieldend|move: Trick Room\n|upkeep\n|\n|t:|1662745723\n|switch|p1a: Latias|Latias, F|100\/100\n|turn|17\n|\n|t:|1662745726\n|switch|p2a: Bronzong|Bronzong|100\/100\n|move|p1a: Latias|Psychic|p2a: Bronzong\n|-resisted|p2a: Bronzong\n|-damage|p2a: Bronzong|90\/100\n|\n|upkeep\n|turn|18\n|-message|Bernie776 forfeited.\n|\n|win|bizarman\n|raw|Bernie776's rating: 1385 &rarr; <strong>1375<\/strong><br \/>(-10 for losing)\n|raw|bizarman's rating: 1576 &rarr; <strong>1586<\/strong><br \/>(+10 for winning)\n|l|\u2606Bernie776\n|c|\u2606bizarman|gg\n|l|\u2606bizarman\n||Ladder isn't responding, score probably updated but might not have (Request timeout).\n","uploadtime":1662745919,"views":3,"p1id":"bernie776","p2id":"bizarman","formatid":"gen8bdspou","rating":1375,"private":0,"password":null}