{"id":"gen8nationaldexag-1613958324","p1":"SirFresh","p2":"ThatOneGuy08","format":"gen8nationaldexag","log":"|j|\u2606SirFresh\n|j|\u2606ThatOneGuy08\n|t:|1657411632\n|gametype|singles\n|player|p1|SirFresh|palmer|\n|player|p2|ThatOneGuy08|rosa|\n|teamsize|p1|6\n|teamsize|p2|6\n|gen|8\n|tier|[Gen 8] National Dex AG\n|rule|HP Percentage Mod: HP is shown in percentages\n|rule|Endless Battle Clause: Forcing endless battles is banned\n|clearpoke\n|poke|p1|Greninja, M|\n|poke|p1|Necrozma-Dusk-Mane|\n|poke|p1|Porygon2|\n|poke|p1|Gliscor, M|\n|poke|p1|Kartana|\n|poke|p1|Gardevoir, F|\n|poke|p2|Victreebel, F|\n|poke|p2|Kartana|\n|poke|p2|Rillaboom, F|\n|poke|p2|Whimsicott, M|\n|poke|p2|Torkoal, F|\n|poke|p2|Toxapex, F|\n|teampreview\n|inactive|Battle timer is ON: inactive players will automatically lose when time's up. (requested by ThatOneGuy08)\n|c|\u2606SirFresh|Glhf\n|c|\u2606ThatOneGuy08|Glhf\n|\n|t:|1657411647\n|start\n|switch|p1a: Greninja|Greninja, M|100\/100\n|switch|p2a: Kartana|Kartana|100\/100\n|turn|1\n|\n|t:|1657411657\n|switch|p1a: Gliscor|Gliscor, M|100\/100\n|move|p2a: Kartana|X-Scissor|p1a: Gliscor\n|-resisted|p1a: Gliscor\n|-damage|p1a: Gliscor|85\/100\n|\n|-status|p1a: Gliscor|tox|[from] item: Toxic Orb\n|upkeep\n|turn|2\n|\n|t:|1657411663\n|switch|p2a: Toxapex|Toxapex, F|100\/100\n|move|p1a: Gliscor|Stealth Rock|p2a: Toxapex\n|-sidestart|p2: ThatOneGuy08|move: Stealth Rock\n|\n|-heal|p1a: Gliscor|97\/100 tox|[from] ability: Poison Heal\n|upkeep\n|turn|3\n|\n|t:|1657411669\n|switch|p1a: Gardevoir|Gardevoir, F|100\/100\n|-ability|p1a: Gardevoir|Regenerator|[from] ability: Trace|[of] p2a: Toxapex\n|move|p2a: Toxapex|Ice Beam|p1a: Gardevoir\n|-damage|p1a: Gardevoir|80\/100\n|\n|upkeep\n|turn|4\n|\n|t:|1657411677\n|move|p2a: Toxapex|Baneful Bunker|p2a: Toxapex\n|-singleturn|p2a: Toxapex|move: Protect\n|move|p1a: Gardevoir|Psyshock|p2a: Toxapex\n|-activate|p2a: Toxapex|move: Protect\n|\n|upkeep\n|turn|5\n|\n|t:|1657411685\n|move|p1a: Gardevoir|Psyshock|p2a: Toxapex\n|-supereffective|p2a: Toxapex\n|-damage|p2a: Toxapex|37\/100\n|move|p2a: Toxapex|Toxic Spikes|p1a: Gardevoir\n|-sidestart|p1: SirFresh|move: Toxic Spikes\n|\n|-heal|p2a: Toxapex|43\/100|[from] item: Black Sludge\n|upkeep\n|turn|6\n|\n|t:|1657411697\n|switch|p2a: Kartana|Kartana|100\/100\n|-damage|p2a: Kartana|94\/100|[from] Stealth Rock\n|move|p1a: Gardevoir|Calm Mind|p1a: Gardevoir\n|-boost|p1a: Gardevoir|spa|1\n|-boost|p1a: Gardevoir|spd|1\n|\n|upkeep\n|turn|7\n|\n|t:|1657411702\n|switch|p1a: Gliscor|Gliscor, M|97\/100 tox\n|move|p2a: Kartana|Smart Strike|p1a: Gliscor\n|-damage|p1a: Gliscor|56\/100 tox\n|\n|-heal|p1a: Gliscor|69\/100 tox|[from] ability: Poison Heal\n|upkeep\n|turn|8\n|\n|t:|1657411713\n|switch|p2a: Whimsicott|Whimsicott, M|100\/100\n|-damage|p2a: Whimsicott|88\/100|[from] Stealth Rock\n|move|p1a: Gliscor|Knock Off|p2a: Whimsicott\n|-resisted|p2a: Whimsicott\n|-damage|p2a: Whimsicott|79\/100\n|-enditem|p2a: Whimsicott|Heat Rock|[from] move: Knock Off|[of] p1a: Gliscor\n|\n|-heal|p1a: Gliscor|81\/100 tox|[from] ability: Poison Heal\n|upkeep\n|turn|9\n|\n|t:|1657411720\n|move|p2a: Whimsicott|Leech Seed|p1a: Gliscor|[miss]\n|-miss|p2a: Whimsicott|p1a: Gliscor\n|move|p1a: Gliscor|Defog|p2a: Whimsicott\n|-unboost|p2a: Whimsicott|evasion|1\n|-sideend|p2: ThatOneGuy08|Stealth Rock|[from] move: Defog|[of] p1a: Gliscor\n|-sideend|p1: SirFresh|Toxic Spikes|[from] move: Defog|[of] p1a: Gliscor\n|\n|-heal|p1a: Gliscor|94\/100 tox|[from] ability: Poison Heal\n|upkeep\n|turn|10\n|\n|t:|1657411727\n|move|p2a: Whimsicott|Leech Seed|p1a: Gliscor\n|-start|p1a: Gliscor|move: Leech Seed\n|move|p1a: Gliscor|Stealth Rock|p2a: Whimsicott\n|-sidestart|p2: ThatOneGuy08|move: Stealth Rock\n|\n|-damage|p1a: Gliscor|81\/100 tox|[from] Leech Seed|[of] p2a: Whimsicott\n|-heal|p2a: Whimsicott|92\/100|[silent]\n|-heal|p1a: Gliscor|94\/100 tox|[from] ability: Poison Heal\n|upkeep\n|turn|11\n|\n|t:|1657411733\n|switch|p1a: Kartana|Kartana|100\/100\n|move|p2a: Whimsicott|Tailwind|p2a: Whimsicott\n|-sidestart|p2: ThatOneGuy08|move: Tailwind\n|\n|upkeep\n|turn|12\n|j| Carter_Beauford\n|\n|t:|1657411748\n|switch|p2a: Torkoal|Torkoal, F|100\/100\n|-weather|SunnyDay|[from] ability: Drought|[of] p2a: Torkoal\n|move|p1a: Kartana|Psycho Cut|p2a: Torkoal\n|-damage|p2a: Torkoal|74\/100\n|\n|-weather|SunnyDay|[upkeep]\n|upkeep\n|turn|13\n|\n|t:|1657411757\n|switch|p1a: Porygon2|Porygon2|100\/100\n|-ability|p1a: Porygon2|Drought|[from] ability: Trace|[of] p2a: Torkoal\n|move|p2a: Torkoal|Stealth Rock|p1a: Porygon2\n|-sidestart|p1: SirFresh|move: Stealth Rock\n|\n|-weather|SunnyDay|[upkeep]\n|upkeep\n|turn|14\n|\n|t:|1657411764\n|move|p1a: Porygon2|Reflect|p1a: Porygon2\n|-sidestart|p1: SirFresh|Reflect\n|move|p2a: Torkoal|Yawn|p1a: Porygon2\n|-start|p1a: Porygon2|move: Yawn|[of] p2a: Torkoal\n|\n|-weather|SunnyDay|[upkeep]\n|-sideend|p2: ThatOneGuy08|move: Tailwind\n|upkeep\n|turn|15\n|\n|t:|1657411771\n|switch|p2a: Toxapex|Toxapex, F|76\/100\n|-damage|p2a: Toxapex|64\/100|[from] Stealth Rock\n|move|p1a: Porygon2|Teleport|p1a: Porygon2\n|\n|t:|1657411780\n|switch|p1a: Gardevoir|Gardevoir, F|100\/100|[from]move: Teleport\n|-damage|p1a: Gardevoir|88\/100|[from] Stealth Rock\n|-ability|p1a: Gardevoir|Regenerator|[from] ability: Trace|[of] p2a: Toxapex\n|\n|-weather|SunnyDay|[upkeep]\n|-heal|p2a: Toxapex|70\/100|[from] item: Black Sludge\n|upkeep\n|turn|16\n|\n|t:|1657411791\n|switch|p2a: Whimsicott|Whimsicott, M|92\/100\n|-damage|p2a: Whimsicott|80\/100|[from] Stealth Rock\n|move|p1a: Gardevoir|Calm Mind|p1a: Gardevoir\n|-boost|p1a: Gardevoir|spa|1\n|-boost|p1a: Gardevoir|spd|1\n|\n|-weather|none\n|upkeep\n|turn|17\n|\n|t:|1657411796\n|move|p2a: Whimsicott|Leech Seed|p1a: Gardevoir\n|-start|p1a: Gardevoir|move: Leech Seed\n|move|p1a: Gardevoir|Mystical Fire|p2a: Whimsicott\n|-supereffective|p2a: Whimsicott\n|-damage|p2a: Whimsicott|0 fnt\n|faint|p2a: Whimsicott\n|\n|upkeep\n|\n|t:|1657411807\n|switch|p2a: Torkoal|Torkoal, F|74\/100\n|-weather|SunnyDay|[from] ability: Drought|[of] p2a: Torkoal\n|turn|18\n|\n|t:|1657411816\n|switch|p1a: Gliscor|Gliscor, M|94\/100 tox\n|-damage|p1a: Gliscor|81\/100 tox|[from] Stealth Rock\n|move|p2a: Torkoal|Gyro Ball|p1a: Gliscor\n|-damage|p1a: Gliscor|69\/100 tox\n|\n|-weather|SunnyDay|[upkeep]\n|-heal|p1a: Gliscor|81\/100 tox|[from] ability: Poison Heal\n|-sideend|p1: SirFresh|Reflect\n|upkeep\n|turn|19\n|\n|t:|1657411822\n|move|p1a: Gliscor|Knock Off|p2a: Torkoal\n|-damage|p2a: Torkoal|58\/100\n|-enditem|p2a: Torkoal|Heavy-Duty Boots|[from] move: Knock Off|[of] p1a: Gliscor\n|move|p2a: Torkoal|Stone Edge|p1a: Gliscor\n|-damage|p1a: Gliscor|63\/100 tox\n|\n|-weather|SunnyDay|[upkeep]\n|-heal|p1a: Gliscor|75\/100 tox|[from] ability: Poison Heal\n|upkeep\n|turn|20\n|\n|t:|1657411843\n|switch|p2a: Kartana|Kartana|94\/100\n|-damage|p2a: Kartana|88\/100|[from] Stealth Rock\n|move|p1a: Gliscor|Knock Off|p2a: Kartana\n|-damage|p2a: Kartana|65\/100\n|-enditem|p2a: Kartana|Choice Band|[from] move: Knock Off|[of] p1a: Gliscor\n|\n|-weather|SunnyDay|[upkeep]\n|-heal|p1a: Gliscor|88\/100 tox|[from] ability: Poison Heal\n|upkeep\n|turn|21\n|\n|t:|1657411852\n|move|p2a: Kartana|Solar Blade||[still]\n|-prepare|p2a: Kartana|Solar Blade\n|-anim|p2a: Kartana|Solar Blade|p1a: Gliscor\n|-damage|p1a: Gliscor|41\/100 tox\n|move|p1a: Gliscor|Knock Off|p2a: Kartana\n|-damage|p2a: Kartana|50\/100\n|\n|-weather|SunnyDay|[upkeep]\n|-heal|p1a: Gliscor|53\/100 tox|[from] ability: Poison Heal\n|upkeep\n|turn|22\n|\n|t:|1657411864\n|move|p2a: Kartana|Solar Blade||[still]\n|-prepare|p2a: Kartana|Solar Blade\n|-anim|p2a: Kartana|Solar Blade|p1a: Gliscor\n|-damage|p1a: Gliscor|2\/100 tox\n|move|p1a: Gliscor|Roost|p1a: Gliscor\n|-heal|p1a: Gliscor|52\/100 tox\n|-singleturn|p1a: Gliscor|move: Roost\n|\n|-weather|none\n|-heal|p1a: Gliscor|65\/100 tox|[from] ability: Poison Heal\n|upkeep\n|turn|23\n|\n|t:|1657411882\n|switch|p2a: Toxapex|Toxapex, F|100\/100\n|-damage|p2a: Toxapex|88\/100|[from] Stealth Rock\n|move|p1a: Gliscor|Knock Off|p2a: Toxapex\n|-damage|p2a: Toxapex|71\/100\n|-enditem|p2a: Toxapex|Black Sludge|[from] move: Knock Off|[of] p1a: Gliscor\n|\n|-heal|p1a: Gliscor|77\/100 tox|[from] ability: Poison Heal\n|upkeep\n|turn|24\n|\n|t:|1657411892\n|switch|p1a: Greninja|Greninja, M|100\/100\n|-damage|p1a: Greninja|88\/100|[from] Stealth Rock\n|move|p2a: Toxapex|Ice Beam|p1a: Greninja\n|-resisted|p1a: Greninja\n|-damage|p1a: Greninja|71\/100\n|\n|upkeep\n|turn|25\n|\n|t:|1657411900\n|move|p1a: Greninja|Dark Pulse|p2a: Toxapex\n|-start|p1a: Greninja|typechange|Dark|[from] ability: Protean\n|-damage|p2a: Toxapex|25\/100\n|move|p2a: Toxapex|Scald|p1a: Greninja\n|-damage|p1a: Greninja|33\/100\n|-status|p1a: Greninja|brn\n|\n|-damage|p1a: Greninja|27\/100 brn|[from] brn\n|upkeep\n|turn|26\n|\n|t:|1657411908\n|move|p2a: Toxapex|Baneful Bunker|p2a: Toxapex\n|-singleturn|p2a: Toxapex|move: Protect\n|move|p1a: Greninja|Dark Pulse|p2a: Toxapex\n|-activate|p2a: Toxapex|move: Protect\n|\n|-damage|p1a: Greninja|21\/100 brn|[from] brn\n|upkeep\n|turn|27\n|\n|t:|1657411917\n|move|p2a: Toxapex|Baneful Bunker|p2a: Toxapex\n|-singleturn|p2a: Toxapex|move: Protect\n|move|p1a: Greninja|Dark Pulse|p2a: Toxapex\n|-activate|p2a: Toxapex|move: Protect\n|\n|-damage|p1a: Greninja|15\/100 brn|[from] brn\n|upkeep\n|turn|28\n|\n|t:|1657411926\n|move|p1a: Greninja|Dark Pulse|p2a: Toxapex\n|-damage|p2a: Toxapex|0 fnt\n|faint|p2a: Toxapex\n|\n|-damage|p1a: Greninja|9\/100 brn|[from] brn\n|upkeep\n|\n|t:|1657411933\n|switch|p2a: Rillaboom|Rillaboom, F|100\/100\n|-damage|p2a: Rillaboom|88\/100|[from] Stealth Rock\n|-fieldstart|move: Grassy Terrain|[from] ability: Grassy Surge|[of] p2a: Rillaboom\n|turn|29\n|\n|t:|1657411950\n|move|p2a: Rillaboom|Grassy Glide|p1a: Greninja\n|-damage|p1a: Greninja|0 fnt\n|faint|p1a: Greninja\n|-damage|p2a: Rillaboom|78\/100|[from] item: Life Orb\n|\n|-heal|p2a: Rillaboom|84\/100|[from] Grassy Terrain\n|upkeep\n|\n|t:|1657411967\n|switch|p1a: Kartana|Kartana|100\/100\n|-damage|p1a: Kartana|94\/100|[from] Stealth Rock\n|turn|30\n|inactive|SirFresh has 270 seconds left.\n|\n|t:|1657411990\n|-start|p1a: Kartana|Dynamax|\n|-heal|p1a: Kartana|94\/100|[silent]\n|move|p1a: Kartana|Max Airstream|p2a: Rillaboom\n|-supereffective|p2a: Rillaboom\n|-damage|p2a: Rillaboom|0 fnt\n|-boost|p1a: Kartana|spe|1\n|faint|p2a: Rillaboom\n|-ability|p1a: Kartana|Beast Boost|boost\n|-boost|p1a: Kartana|atk|1\n|\n|-heal|p1a: Kartana|97\/100|[from] Grassy Terrain\n|upkeep\n|\n|t:|1657412000\n|switch|p2a: Torkoal|Torkoal, F|58\/100\n|-damage|p2a: Torkoal|33\/100|[from] Stealth Rock\n|-weather|SunnyDay|[from] ability: Drought|[of] p2a: Torkoal\n|turn|31\n|\n|t:|1657412009\n|move|p1a: Kartana|Max Airstream|p2a: Torkoal\n|-damage|p2a: Torkoal|0 fnt\n|-boost|p1a: Kartana|spe|1\n|faint|p2a: Torkoal\n|-ability|p1a: Kartana|Beast Boost|boost\n|-boost|p1a: Kartana|atk|1\n|\n|-weather|SunnyDay|[upkeep]\n|-heal|p1a: Kartana|100\/100|[from] Grassy Terrain\n|upkeep\n|\n|t:|1657412013\n|switch|p2a: Victreebel|Victreebel, F|100\/100\n|-damage|p2a: Victreebel|88\/100|[from] Stealth Rock\n|turn|32\n|\n|t:|1657412020\n|-start|p2a: Victreebel|Dynamax|\n|-heal|p2a: Victreebel|88\/100|[silent]\n|move|p1a: Kartana|Max Mindstorm|p2a: Victreebel\n|-supereffective|p2a: Victreebel\n|-damage|p2a: Victreebel|0 fnt\n|-fieldstart|move: Psychic Terrain\n|faint|p2a: Victreebel\n|-ability|p1a: Kartana|Beast Boost|boost\n|-boost|p1a: Kartana|atk|1\n|\n|-weather|SunnyDay|[upkeep]\n|upkeep\n|\n|t:|1657412023\n|switch|p2a: Kartana|Kartana|50\/100\n|-damage|p2a: Kartana|43\/100|[from] Stealth Rock\n|-end|p1a: Kartana|Dynamax\n|-heal|p1a: Kartana|100\/100|[silent]\n|turn|33\n|c|\u2606ThatOneGuy08|GG\n|\n|t:|1657412027\n|move|p1a: Kartana|Sacred Sword|p2a: Kartana\n|-supereffective|p2a: Kartana\n|-damage|p2a: Kartana|0 fnt\n|faint|p2a: Kartana\n|\n|win|SirFresh\n|c|\u2606SirFresh|Gg\n","uploadtime":1657412031,"views":3,"p1id":"sirfresh","p2id":"thatoneguy08","formatid":"gen8nationaldexag","rating":0,"private":0,"password":null}