{"id":"gen8uu-1143949983","p1":"The Last Hero","p2":"charmdi","format":"gen8uu","log":"|j|\u2606The Last Hero\n|j|\u2606charmdi\n|player|p1|The Last Hero|acetrainersnow|1606\n|player|p2|charmdi|argenta|1498\n|teamsize|p1|6\n|teamsize|p2|6\n|gametype|singles\n|gen|8\n|tier|[Gen 8] UU\n|rated|\n|clearpoke\n|poke|p1|Kyurem|\n|poke|p1|Aegislash, M|\n|poke|p1|Weezing-Galar, M|\n|poke|p1|Umbreon, M|\n|poke|p1|Poliwrath, M|\n|poke|p1|Rhyperior, M|\n|poke|p2|Krookodile, F|\n|poke|p2|Barbaracle, F|\n|poke|p2|Skarmory, F|\n|poke|p2|Blissey, F|\n|poke|p2|Dusknoir, F|\n|poke|p2|Druddigon, F|\n|rule|Sleep Clause Mod: Limit one foe put to sleep\n|rule|Species Clause: Limit one of each Pok\u00e9mon\n|rule|OHKO Clause: OHKO moves are banned\n|rule|Evasion Moves Clause: Evasion moves are banned\n|rule|Endless Battle Clause: Forcing endless battles is banned\n|rule|HP Percentage Mod: HP is shown in percentages\n|rule|Dynamax Clause: You cannot dynamax\n|teampreview\n|inactive|Battle timer is ON: inactive players will automatically lose when time's up. (requested by charmdi)\n|inactive|The Last Hero has 120 seconds left.\n|inactive|The Last Hero has 90 seconds left.\n|inactive|The Last Hero has 60 seconds left.\n|\n|start\n|switch|p1a: Rathalos|Kyurem|100\/100\n|switch|p2a: Druddigon|Druddigon, F|100\/100\n|-ability|p1a: Rathalos|Pressure\n|turn|1\n|\n|switch|p2a: Blissey|Blissey, F|100\/100\n|move|p1a: Rathalos|Substitute|p1a: Rathalos\n|-start|p1a: Rathalos|Substitute\n|-damage|p1a: Rathalos|76\/100\n|\n|upkeep\n|turn|2\n|\n|move|p1a: Rathalos|Ice Beam|p2a: Blissey\n|-damage|p2a: Blissey|86\/100\n|move|p2a: Blissey|Seismic Toss|p1a: Rathalos\n|-activate|p1a: Rathalos|move: Substitute|[damage]\n|\n|-heal|p2a: Blissey|92\/100|[from] item: Leftovers\n|upkeep\n|turn|3\n|\n|move|p1a: Rathalos|Roost|p1a: Rathalos\n|-heal|p1a: Rathalos|100\/100\n|-singleturn|p1a: Rathalos|move: Roost\n|move|p2a: Blissey|Seismic Toss|p1a: Rathalos\n|-end|p1a: Rathalos|Substitute\n|\n|-heal|p2a: Blissey|98\/100|[from] item: Leftovers\n|upkeep\n|turn|4\n|\n|move|p1a: Rathalos|Substitute|p1a: Rathalos\n|-start|p1a: Rathalos|Substitute\n|-damage|p1a: Rathalos|76\/100\n|move|p2a: Blissey|Seismic Toss|p1a: Rathalos\n|-activate|p1a: Rathalos|move: Substitute|[damage]\n|\n|-heal|p2a: Blissey|100\/100|[from] item: Leftovers\n|upkeep\n|turn|5\n|\n|move|p1a: Rathalos|Earth Power|p2a: Blissey\n|-damage|p2a: Blissey|90\/100\n|move|p2a: Blissey|Seismic Toss|p1a: Rathalos\n|-end|p1a: Rathalos|Substitute\n|\n|-heal|p2a: Blissey|96\/100|[from] item: Leftovers\n|upkeep\n|turn|6\n|\n|move|p1a: Rathalos|Substitute|p1a: Rathalos\n|-start|p1a: Rathalos|Substitute\n|-damage|p1a: Rathalos|51\/100\n|move|p2a: Blissey|Seismic Toss|p1a: Rathalos\n|-activate|p1a: Rathalos|move: Substitute|[damage]\n|\n|-heal|p2a: Blissey|100\/100|[from] item: Leftovers\n|upkeep\n|turn|7\n|\n|move|p1a: Rathalos|Roost|p1a: Rathalos\n|-heal|p1a: Rathalos|100\/100\n|-singleturn|p1a: Rathalos|move: Roost\n|move|p2a: Blissey|Seismic Toss|p1a: Rathalos\n|-end|p1a: Rathalos|Substitute\n|\n|upkeep\n|turn|8\n|inactive|The Last Hero has 120 seconds left.\n|inactive|The Last Hero has 90 seconds left.\n|\n|move|p1a: Rathalos|Substitute|p1a: Rathalos\n|-start|p1a: Rathalos|Substitute\n|-damage|p1a: Rathalos|76\/100\n|move|p2a: Blissey|Seismic Toss|p1a: Rathalos\n|-activate|p1a: Rathalos|move: Substitute|[damage]\n|\n|upkeep\n|turn|9\n|\n|move|p1a: Rathalos|Earth Power|p2a: Blissey\n|-damage|p2a: Blissey|90\/100\n|-unboost|p2a: Blissey|spd|1\n|move|p2a: Blissey|Seismic Toss|p1a: Rathalos\n|-end|p1a: Rathalos|Substitute\n|\n|-heal|p2a: Blissey|96\/100|[from] item: Leftovers\n|upkeep\n|turn|10\n|\n|move|p1a: Rathalos|Ice Beam|p2a: Blissey\n|-damage|p2a: Blissey|71\/100\n|move|p2a: Blissey|Seismic Toss|p1a: Rathalos\n|-damage|p1a: Rathalos|51\/100\n|\n|-heal|p2a: Blissey|77\/100|[from] item: Leftovers\n|upkeep\n|turn|11\n|\n|move|p1a: Rathalos|Substitute|p1a: Rathalos\n|-start|p1a: Rathalos|Substitute\n|-damage|p1a: Rathalos|26\/100\n|move|p2a: Blissey|Thunder Wave||[still]\n|-fail|p2a: Blissey\n|\n|-heal|p2a: Blissey|83\/100|[from] item: Leftovers\n|upkeep\n|turn|12\n|\n|move|p1a: Rathalos|Roost|p1a: Rathalos\n|-heal|p1a: Rathalos|76\/100\n|-singleturn|p1a: Rathalos|move: Roost\n|move|p2a: Blissey|Seismic Toss|p1a: Rathalos\n|-activate|p1a: Rathalos|move: Substitute|[damage]\n|\n|-heal|p2a: Blissey|89\/100|[from] item: Leftovers\n|upkeep\n|turn|13\n|\n|move|p1a: Rathalos|Earth Power|p2a: Blissey\n|-damage|p2a: Blissey|75\/100\n|move|p2a: Blissey|Seismic Toss|p1a: Rathalos\n|-end|p1a: Rathalos|Substitute\n|\n|-heal|p2a: Blissey|81\/100|[from] item: Leftovers\n|upkeep\n|turn|14\n|\n|move|p1a: Rathalos|Substitute|p1a: Rathalos\n|-start|p1a: Rathalos|Substitute\n|-damage|p1a: Rathalos|51\/100\n|move|p2a: Blissey|Seismic Toss|p1a: Rathalos\n|-activate|p1a: Rathalos|move: Substitute|[damage]\n|\n|-heal|p2a: Blissey|87\/100|[from] item: Leftovers\n|upkeep\n|turn|15\n|\n|move|p1a: Rathalos|Roost|p1a: Rathalos\n|-heal|p1a: Rathalos|100\/100\n|-singleturn|p1a: Rathalos|move: Roost\n|move|p2a: Blissey|Seismic Toss|p1a: Rathalos\n|-end|p1a: Rathalos|Substitute\n|\n|-heal|p2a: Blissey|93\/100|[from] item: Leftovers\n|upkeep\n|turn|16\n|\n|move|p1a: Rathalos|Substitute|p1a: Rathalos\n|-start|p1a: Rathalos|Substitute\n|-damage|p1a: Rathalos|76\/100\n|move|p2a: Blissey|Wish|p2a: Blissey\n|\n|-heal|p2a: Blissey|99\/100|[from] item: Leftovers\n|upkeep\n|turn|17\n|\n|switch|p2a: Dusknoir|Dusknoir, F|100\/100\n|-ability|p2a: Dusknoir|Pressure\n|move|p1a: Rathalos|Ice Beam|p2a: Dusknoir\n|-damage|p2a: Dusknoir|58\/100\n|\n|-heal|p2a: Dusknoir|100\/100|[from] move: Wish|[wisher] Blissey\n|upkeep\n|turn|18\n|\n|move|p1a: Rathalos|Ice Beam|p2a: Dusknoir\n|-damage|p2a: Dusknoir|59\/100\n|move|p2a: Dusknoir|Poltergeist|p1a: Rathalos\n|-activate|p1a: Rathalos|move: Poltergeist|Heavy-Duty Boots\n|-end|p1a: Rathalos|Substitute\n|\n|-heal|p2a: Dusknoir|65\/100|[from] item: Leftovers\n|upkeep\n|turn|19\n|\n|move|p1a: Rathalos|Ice Beam|p2a: Dusknoir\n|-damage|p2a: Dusknoir|25\/100\n|-status|p2a: Dusknoir|frz\n|-curestatus|p2a: Dusknoir|frz|[msg]\n|move|p2a: Dusknoir|Power-Up Punch|p1a: Rathalos\n|-supereffective|p1a: Rathalos\n|-damage|p1a: Rathalos|51\/100\n|-boost|p2a: Dusknoir|atk|1\n|\n|-heal|p2a: Dusknoir|31\/100|[from] item: Leftovers\n|upkeep\n|turn|20\n|\n|move|p2a: Dusknoir|Shadow Sneak|p1a: Rathalos\n|-damage|p1a: Rathalos|26\/100\n|move|p1a: Rathalos|Ice Beam|p2a: Dusknoir\n|-damage|p2a: Dusknoir|0 fnt\n|faint|p2a: Dusknoir\n|\n|upkeep\n|\n|switch|p2a: Skarmory|Skarmory, F|100\/100\n|turn|21\n|\n|move|p1a: Rathalos|Substitute|p1a: Rathalos\n|-start|p1a: Rathalos|Substitute\n|-damage|p1a: Rathalos|1\/100\n|move|p2a: Skarmory|Iron Head|p1a: Rathalos\n|-supereffective|p1a: Rathalos\n|-end|p1a: Rathalos|Substitute\n|\n|upkeep\n|turn|22\n|\n|move|p1a: Rathalos|Roost|p1a: Rathalos\n|-heal|p1a: Rathalos|51\/100\n|-singleturn|p1a: Rathalos|move: Roost\n|move|p2a: Skarmory|Iron Head|p1a: Rathalos\n|-supereffective|p1a: Rathalos\n|-damage|p1a: Rathalos|9\/100\n|\n|upkeep\n|turn|23\n|\n|move|p1a: Rathalos|Roost|p1a: Rathalos\n|-heal|p1a: Rathalos|59\/100\n|-singleturn|p1a: Rathalos|move: Roost\n|move|p2a: Skarmory|Iron Head|p1a: Rathalos\n|-supereffective|p1a: Rathalos\n|-damage|p1a: Rathalos|17\/100\n|\n|upkeep\n|turn|24\n|\n|move|p1a: Rathalos|Roost|p1a: Rathalos\n|-heal|p1a: Rathalos|67\/100\n|-singleturn|p1a: Rathalos|move: Roost\n|move|p2a: Skarmory|Iron Head|p1a: Rathalos\n|-supereffective|p1a: Rathalos\n|-damage|p1a: Rathalos|24\/100\n|\n|upkeep\n|turn|25\n|\n|move|p1a: Rathalos|Roost|p1a: Rathalos\n|-heal|p1a: Rathalos|75\/100\n|-singleturn|p1a: Rathalos|move: Roost\n|move|p2a: Skarmory|Iron Head|p1a: Rathalos\n|-supereffective|p1a: Rathalos\n|-damage|p1a: Rathalos|36\/100\n|\n|upkeep\n|turn|26\n|\n|move|p1a: Rathalos|Roost|p1a: Rathalos\n|-heal|p1a: Rathalos|86\/100\n|-singleturn|p1a: Rathalos|move: Roost\n|move|p2a: Skarmory|Iron Head|p1a: Rathalos\n|-supereffective|p1a: Rathalos\n|-damage|p1a: Rathalos|47\/100\n|\n|upkeep\n|turn|27\n|\n|switch|p1a: Demon Sword|Aegislash, M|100\/100\n|move|p2a: Skarmory|Iron Head|p1a: Demon Sword\n|-resisted|p1a: Demon Sword\n|-crit|p1a: Demon Sword\n|-damage|p1a: Demon Sword|86\/100\n|\n|-heal|p1a: Demon Sword|92\/100|[from] item: Leftovers\n|upkeep\n|turn|28\n|\n|move|p2a: Skarmory|Spikes|p1a: Demon Sword\n|-sidestart|p1: The Last Hero|Spikes\n|move|p1a: Demon Sword|Substitute|p1a: Demon Sword\n|-start|p1a: Demon Sword|Substitute\n|-damage|p1a: Demon Sword|68\/100\n|\n|-heal|p1a: Demon Sword|74\/100|[from] item: Leftovers\n|upkeep\n|turn|29\n|\n|switch|p2a: Druddigon|Druddigon, F|100\/100\n|-formechange|p1a: Demon Sword|Aegislash-Blade||[from] ability: Stance Change\n|move|p1a: Demon Sword|Shadow Ball|p2a: Druddigon\n|-damage|p2a: Druddigon|64\/100\n|\n|-heal|p1a: Demon Sword|80\/100|[from] item: Leftovers\n|-heal|p2a: Druddigon|71\/100|[from] item: Leftovers\n|upkeep\n|turn|30\n|\n|move|p1a: Demon Sword|Toxic|p2a: Druddigon\n|-status|p2a: Druddigon|tox\n|move|p2a: Druddigon|Stealth Rock|p1a: Demon Sword\n|-sidestart|p1: The Last Hero|move: Stealth Rock\n|\n|-heal|p1a: Demon Sword|86\/100|[from] item: Leftovers\n|-heal|p2a: Druddigon|77\/100 tox|[from] item: Leftovers\n|-damage|p2a: Druddigon|71\/100 tox|[from] psn\n|upkeep\n|turn|31\n|\n|move|p1a: Demon Sword|Shadow Ball|p2a: Druddigon\n|-damage|p2a: Druddigon|35\/100 tox\n|move|p2a: Druddigon|Taunt|p1a: Demon Sword\n|-start|p1a: Demon Sword|move: Taunt\n|\n|-heal|p1a: Demon Sword|92\/100|[from] item: Leftovers\n|-heal|p2a: Druddigon|41\/100 tox|[from] item: Leftovers\n|-damage|p2a: Druddigon|28\/100 tox|[from] psn\n|upkeep\n|turn|32\n|\n|switch|p2a: Krookodile|Krookodile, F|100\/100\n|move|p1a: Demon Sword|Shadow Ball|p2a: Krookodile\n|-resisted|p2a: Krookodile\n|-damage|p2a: Krookodile|75\/100\n|\n|-heal|p1a: Demon Sword|99\/100|[from] item: Leftovers\n|upkeep\n|turn|33\n|\n|move|p2a: Krookodile|Earthquake|p1a: Demon Sword\n|-supereffective|p1a: Demon Sword\n|-end|p1a: Demon Sword|Substitute\n|-damage|p2a: Krookodile|65\/100|[from] item: Life Orb\n|move|p1a: Demon Sword|Shadow Ball|p2a: Krookodile\n|-resisted|p2a: Krookodile\n|-damage|p2a: Krookodile|40\/100\n|\n|-heal|p1a: Demon Sword|100\/100|[from] item: Leftovers\n|upkeep\n|turn|34\n|\n|switch|p1a: Smogon?|Weezing-Galar, M|100\/100\n|-damage|p1a: Smogon?|88\/100|[from] Stealth Rock\n|move|p2a: Krookodile|Iron Tail|p1a: Smogon?\n|-supereffective|p1a: Smogon?\n|-damage|p1a: Smogon?|25\/100\n|-damage|p2a: Krookodile|30\/100|[from] item: Life Orb\n|\n|-heal|p1a: Smogon?|31\/100|[from] item: Black Sludge\n|upkeep\n|turn|35\n|\n|switch|p1a: PoliCorrupto|Poliwrath, M|100\/100\n|-damage|p1a: PoliCorrupto|88\/100|[from] Spikes\n|-damage|p1a: PoliCorrupto|82\/100|[from] Stealth Rock\n|move|p2a: Krookodile|Knock Off|p1a: PoliCorrupto\n|-resisted|p1a: PoliCorrupto\n|-damage|p1a: PoliCorrupto|60\/100\n|-damage|p2a: Krookodile|13\/100|[from] item: Rocky Helmet|[of] p1a: PoliCorrupto\n|-enditem|p1a: PoliCorrupto|Rocky Helmet|[from] move: Knock Off|[of] p2a: Krookodile\n|-damage|p2a: Krookodile|4\/100|[from] item: Life Orb\n|\n|upkeep\n|turn|36\n|\n|move|p2a: Krookodile|Earthquake|p1a: PoliCorrupto\n|-damage|p1a: PoliCorrupto|19\/100\n|-damage|p2a: Krookodile|0 fnt|[from] item: Life Orb\n|faint|p2a: Krookodile\n|move|p1a: PoliCorrupto|Rest|p1a: PoliCorrupto\n|-status|p1a: PoliCorrupto|slp|[from] move: Rest\n|-heal|p1a: PoliCorrupto|100\/100 slp|[silent]\n|\n|upkeep\n|\n|switch|p2a: Barbaracle|Barbaracle, F|100\/100\n|turn|37\n|\n|move|p2a: Barbaracle|Shell Smash|p2a: Barbaracle\n|-unboost|p2a: Barbaracle|def|1\n|-unboost|p2a: Barbaracle|spd|1\n|-boost|p2a: Barbaracle|atk|2\n|-boost|p2a: Barbaracle|spa|2\n|-boost|p2a: Barbaracle|spe|2\n|cant|p1a: PoliCorrupto|slp\n|move|p1a: PoliCorrupto|Sleep Talk|p1a: PoliCorrupto\n|move|p1a: PoliCorrupto|Scald|p2a: Barbaracle|[from]Sleep Talk\n|-damage|p2a: Barbaracle|62\/100\n|\n|upkeep\n|turn|38\n|\n|move|p2a: Barbaracle|Earthquake|p1a: PoliCorrupto\n|-damage|p1a: PoliCorrupto|57\/100 slp\n|cant|p1a: PoliCorrupto|slp\n|move|p1a: PoliCorrupto|Sleep Talk|p1a: PoliCorrupto\n|move|p1a: PoliCorrupto|Rest|p1a: PoliCorrupto|[from]Sleep Talk\n|-fail|p1a: PoliCorrupto\n|\n|upkeep\n|turn|39\n|\n|move|p2a: Barbaracle|Stone Edge|p1a: PoliCorrupto\n|-resisted|p1a: PoliCorrupto\n|-crit|p1a: PoliCorrupto\n|-damage|p1a: PoliCorrupto|9\/100 slp\n|-curestatus|p1a: PoliCorrupto|slp|[msg]\n|move|p1a: PoliCorrupto|Rest|p1a: PoliCorrupto\n|-status|p1a: PoliCorrupto|slp|[from] move: Rest\n|-heal|p1a: PoliCorrupto|100\/100 slp|[silent]\n|\n|upkeep\n|turn|40\n|\n|move|p2a: Barbaracle|Shell Smash|p2a: Barbaracle\n|-unboost|p2a: Barbaracle|def|1\n|-unboost|p2a: Barbaracle|spd|1\n|-boost|p2a: Barbaracle|atk|2\n|-boost|p2a: Barbaracle|spa|2\n|-boost|p2a: Barbaracle|spe|2\n|cant|p1a: PoliCorrupto|slp\n|move|p1a: PoliCorrupto|Sleep Talk|p1a: PoliCorrupto\n|move|p1a: PoliCorrupto|Rest|p1a: PoliCorrupto|[from]Sleep Talk\n|-fail|p1a: PoliCorrupto|heal\n|\n|upkeep\n|turn|41\n|\n|move|p2a: Barbaracle|Earthquake|p1a: PoliCorrupto\n|-damage|p1a: PoliCorrupto|35\/100 slp\n|cant|p1a: PoliCorrupto|slp\n|move|p1a: PoliCorrupto|Sleep Talk|p1a: PoliCorrupto\n|move|p1a: PoliCorrupto|Scald|p2a: Barbaracle|[from]Sleep Talk\n|-damage|p2a: Barbaracle|4\/100\n|\n|upkeep\n|turn|42\n|\n|move|p2a: Barbaracle|Earthquake|p1a: PoliCorrupto\n|-damage|p1a: PoliCorrupto|0 fnt\n|faint|p1a: PoliCorrupto\n|\n|upkeep\n|\n|switch|p1a: Dark Eeveeto|Umbreon, M|100\/100\n|-damage|p1a: Dark Eeveeto|88\/100|[from] Stealth Rock\n|-damage|p1a: Dark Eeveeto|76\/100|[from] Spikes\n|turn|43\n|\n|move|p1a: Dark Eeveeto|Protect|p1a: Dark Eeveeto\n|-singleturn|p1a: Dark Eeveeto|Protect\n|move|p2a: Barbaracle|Liquidation|p1a: Dark Eeveeto\n|-activate|p1a: Dark Eeveeto|move: Protect\n|\n|-heal|p1a: Dark Eeveeto|82\/100|[from] item: Leftovers\n|upkeep\n|turn|44\n|\n|move|p2a: Barbaracle|Liquidation|p1a: Dark Eeveeto\n|-damage|p1a: Dark Eeveeto|0 fnt\n|faint|p1a: Dark Eeveeto\n|\n|upkeep\n|-message|The Last Hero forfeited.\n|\n|win|charmdi\n|l|\u2606The Last Hero\n","uploadtime":1593720328,"views":50,"p1id":"thelasthero","p2id":"charmdi","formatid":"gen8uu","rating":0,"private":0,"password":null}