{"id":"gen8vgc2022-1702257068","p1":"Darkman64","p2":"Halloween day","format":"gen8vgc2022","log":"|j|\u2606Darkman64\n|j|\u2606Halloween day\n|t:|1667526468\n|gametype|doubles\n|player|p1|Darkman64|juan|1363\n|player|p2|Halloween day|2|1313\n|teamsize|p1|6\n|teamsize|p2|6\n|gen|8\n|tier|[Gen 8] VGC 2022\n|rated|\n|rule|Species Clause: Limit one of each Pok\u00e9mon\n|rule|Item Clause: Limit one of each item\n|clearpoke\n|poke|p1|Zacian-*, L50|\n|poke|p1|Indeedee-F, L50, F|\n|poke|p1|Kyogre, L50|\n|poke|p1|Incineroar, L50, F|\n|poke|p1|Landorus-Therian, L50, M|\n|poke|p1|Rillaboom, L50, F|\n|poke|p2|Kyogre, L50|\n|poke|p2|Incineroar, L50, F|\n|poke|p2|Zacian-*, L50|\n|poke|p2|Whimsicott, L50, F|\n|poke|p2|Thundurus, L50, M|\n|poke|p2|Seismitoad, L50, F|\n|teampreview|4\n|\n|t:|1667526516\n|start\n|switch|p1a: SANCTUARY|Rillaboom, L50, F|100\/100\n|switch|p1b: UPGRADE|Zacian-Crowned, L50|100\/100\n|switch|p2a: Kyogre|Kyogre, L50|100\/100\n|switch|p2b: Thundurus|Thundurus, L50, M|100\/100\n|-ability|p1b: UPGRADE|Intrepid Sword|boost\n|-boost|p1b: UPGRADE|atk|1\n|-weather|RainDance|[from] ability: Drizzle|[of] p2a: Kyogre\n|-fieldstart|move: Grassy Terrain|[from] ability: Grassy Surge|[of] p1a: SANCTUARY\n|turn|1\n|\n|t:|1667526548\n|switch|p2a: Incineroar|Incineroar, L50, F|100\/100\n|-ability|p2a: Incineroar|Intimidate|boost\n|-unboost|p1a: SANCTUARY|atk|1\n|-unboost|p1b: UPGRADE|atk|1\n|-start|p2b: Thundurus|Dynamax|\n|-heal|p2b: Thundurus|100\/100|[silent]\n|move|p1a: SANCTUARY|Fake Out|p2b: Thundurus\n|-damage|p2b: Thundurus|93\/100\n|move|p1b: UPGRADE|Behemoth Blade|p2b: Thundurus\n|-resisted|p2b: Thundurus\n|-damage|p2b: Thundurus|46\/100\n|move|p2b: Thundurus|Max Airstream|p1a: SANCTUARY\n|-supereffective|p1a: SANCTUARY\n|-damage|p1a: SANCTUARY|0 fnt\n|-boost|p2a: Incineroar|spe|1\n|-boost|p2b: Thundurus|spe|1\n|faint|p1a: SANCTUARY\n|\n|-weather|RainDance|[upkeep]\n|upkeep\n|\n|t:|1667526553\n|switch|p1a: GIMME LOVE|Indeedee-F, L50, F|100\/100\n|-fieldstart|move: Psychic Terrain|[from] ability: Psychic Surge|[of] p1a: GIMME LOVE\n|-enditem|p1a: GIMME LOVE|Psychic Seed\n|-boost|p1a: GIMME LOVE|spd|1|[from] item: Psychic Seed\n|turn|2\n|\n|t:|1667526583\n|move|p1a: GIMME LOVE|Follow Me|p1a: GIMME LOVE\n|-singleturn|p1a: GIMME LOVE|move: Follow Me\n|move|p2b: Thundurus|Max Airstream|p1a: GIMME LOVE\n|-damage|p1a: GIMME LOVE|36\/100\n|-boost|p2a: Incineroar|spe|1\n|-boost|p2b: Thundurus|spe|1\n|move|p1b: UPGRADE|Behemoth Blade|p2b: Thundurus\n|-resisted|p2b: Thundurus\n|-damage|p2b: Thundurus|0 fnt\n|faint|p2b: Thundurus\n|move|p2a: Incineroar|Throat Chop|p1a: GIMME LOVE\n|-supereffective|p1a: GIMME LOVE\n|-damage|p1a: GIMME LOVE|0 fnt\n|faint|p1a: GIMME LOVE\n|\n|-weather|RainDance|[upkeep]\n|upkeep\n|\n|t:|1667526609\n|switch|p2b: Zacian|Zacian-Crowned, L50, shiny|100\/100\n|switch|p1a: NITROUS|Incineroar, L50, F|100\/100\n|-ability|p2b: Zacian|Intrepid Sword|boost\n|-boost|p2b: Zacian|atk|1\n|-ability|p1a: NITROUS|Intimidate|boost\n|-unboost|p2a: Incineroar|atk|1\n|-unboost|p2b: Zacian|atk|1\n|turn|3\n|\n|t:|1667526624\n|move|p2b: Zacian|Protect|p2b: Zacian\n|-singleturn|p2b: Zacian|Protect\n|move|p1a: NITROUS|Fake Out|p2a: Incineroar\n|-activate|p2a: Incineroar|move: Psychic Terrain\n|move|p1b: UPGRADE|Sacred Sword|p2a: Incineroar\n|-supereffective|p2a: Incineroar\n|-damage|p2a: Incineroar|28\/100\n|move|p2a: Incineroar|Parting Shot|p1b: UPGRADE\n|-unboost|p1b: UPGRADE|atk|1\n|-unboost|p1b: UPGRADE|spa|1\n|\n|t:|1667526635\n|switch|p2a: Kyogre|Kyogre, L50|100\/100|[from]move: Parting Shot\n|\n|-weather|RainDance|[upkeep]\n|upkeep\n|turn|4\n|\n|t:|1667526645\n|switch|p2b: Incineroar|Incineroar, L50, F|28\/100\n|-ability|p2b: Incineroar|Intimidate|boost\n|-unboost|p1a: NITROUS|atk|1\n|-unboost|p1b: UPGRADE|atk|1\n|-start|p1a: NITROUS|Dynamax|\n|-heal|p1a: NITROUS|100\/100|[silent]\n|move|p1a: NITROUS|Max Guard|p1a: NITROUS\n|-singleturn|p1a: NITROUS|Max Guard\n|move|p1b: UPGRADE|Behemoth Blade|p2a: Kyogre\n|-resisted|p2a: Kyogre\n|-damage|p2a: Kyogre|82\/100\n|move|p2a: Kyogre|Origin Pulse|p1b: UPGRADE|[spread] p1b\n|-activate|p1a: NITROUS|move: Max Guard\n|-damage|p1b: UPGRADE|30\/100\n|\n|-weather|RainDance|[upkeep]\n|upkeep\n|turn|5\n|\n|t:|1667526667\n|move|p1b: UPGRADE|Sacred Sword|p2a: Kyogre\n|-damage|p2a: Kyogre|61\/100\n|move|p2a: Kyogre|Origin Pulse|p1a: NITROUS|[spread] p1a,p1b\n|-supereffective|p1a: NITROUS\n|-damage|p1a: NITROUS|33\/100\n|-damage|p1b: UPGRADE|0 fnt\n|faint|p1b: UPGRADE\n|move|p1a: NITROUS|Max Flare|p2b: Incineroar\n|-resisted|p2b: Incineroar\n|-damage|p2b: Incineroar|20\/100\n|-weather|SunnyDay\n|move|p2b: Incineroar|Parting Shot|p1a: NITROUS\n|-unboost|p1a: NITROUS|atk|1\n|-unboost|p1a: NITROUS|spa|1\n|\n|t:|1667526682\n|switch|p2b: Zacian|Zacian-Crowned, L50, shiny|100\/100|[from]move: Parting Shot\n|-ability|p2b: Zacian|Intrepid Sword|boost\n|-boost|p2b: Zacian|atk|1\n|\n|-weather|SunnyDay|[upkeep]\n|upkeep\n|turn|6\n|\n|t:|1667526694\n|switch|p2a: Incineroar|Incineroar, L50, F|20\/100\n|-ability|p2a: Incineroar|Intimidate|boost\n|-unboost|p1a: NITROUS|atk|1\n|move|p2b: Zacian|Sacred Sword|p1a: NITROUS\n|-supereffective|p1a: NITROUS\n|-crit|p1a: NITROUS\n|-damage|p1a: NITROUS|0 fnt\n|faint|p1a: NITROUS\n|\n|win|Halloween day\n|raw|Darkman64's rating: 1389 &rarr; <strong>1365<\/strong><br \/>(-24 for losing)\n|raw|Halloween day's rating: 1313 &rarr; <strong>1337<\/strong><br \/>(+24 for winning)\n|c|\u2606Darkman64|gg\n|l|\u2606Darkman64\n||Ladder isn't responding, score probably updated but might not have (Request timeout).\n","uploadtime":1667526858,"views":10,"p1id":"darkman64","p2id":"halloweenday","formatid":"gen8vgc2022","rating":1337,"private":0,"password":null}