{"id":"gen8ou-1665017906","p1":"depreggas","p2":"broked on bricks","format":"gen8ou","log":"|j|\u2606depreggas\n|j|\u2606broked on bricks\n|t:|1663258637\n|gametype|singles\n|player|p1|depreggas|266|1464\n|player|p2|broked on bricks|morty-gen2|1501\n|teamsize|p1|6\n|teamsize|p2|6\n|gen|8\n|tier|[Gen 8] OU\n|rated|\n|rule|Sleep Clause Mod: Limit one foe put to sleep\n|rule|Species Clause: Limit one of each Pok\u00e9mon\n|rule|OHKO Clause: OHKO moves are banned\n|rule|Evasion Items Clause: Evasion items are banned\n|rule|Evasion Moves Clause: Evasion moves are banned\n|rule|Endless Battle Clause: Forcing endless battles is banned\n|rule|HP Percentage Mod: HP is shown in percentages\n|rule|Dynamax Clause: You cannot dynamax\n|clearpoke\n|poke|p1|Weavile, M|\n|poke|p1|Toxapex, F|\n|poke|p1|Landorus-Therian, M|\n|poke|p1|Heatran, M|\n|poke|p1|Rillaboom, M|\n|poke|p1|Clefable, F|\n|poke|p2|Venusaur, M|\n|poke|p2|Victini|\n|poke|p2|Darmanitan, F|\n|poke|p2|Torkoal, F|\n|poke|p2|Mandibuzz, F|\n|poke|p2|Garchomp, M|\n|teampreview\n|c|\u2606broked on bricks|glhf\n|inactive|Battle timer is ON: inactive players will automatically lose when time's up. (requested by broked on bricks)\n|c|\u2606depreggas|u2\n|\n|t:|1663258654\n|start\n|switch|p1a: Kirby|Clefable, F|100\/100\n|switch|p2a: Elmo|Darmanitan, F|100\/100\n|turn|1\n|\n|t:|1663258666\n|move|p2a: Elmo|Flare Blitz|p1a: Kirby\n|-damage|p1a: Kirby|0 fnt\n|faint|p1a: Kirby\n|-damage|p2a: Elmo|63\/100|[from] Recoil\n|\n|upkeep\n|\n|t:|1663258679\n|switch|p1a: 0.67x Atk|Landorus-Therian, M|100\/100\n|-ability|p1a: 0.67x Atk|Intimidate|boost\n|-unboost|p2a: Elmo|atk|1\n|turn|2\n|\n|t:|1663258689\n|move|p2a: Elmo|Flare Blitz|p1a: 0.67x Atk\n|-damage|p1a: 0.67x Atk|4\/100\n|-damage|p2a: Elmo|47\/100|[from] item: Rocky Helmet|[of] p1a: 0.67x Atk\n|-damage|p2a: Elmo|12\/100|[from] Recoil\n|move|p1a: 0.67x Atk|U-turn|p2a: Elmo\n|-resisted|p2a: Elmo\n|-damage|p2a: Elmo|0 fnt\n|faint|p2a: Elmo\n|\n|t:|1663258697\n|switch|p1a: Pexatox|Toxapex, F|100\/100|[from]move: U-turn\n|\n|upkeep\n|c|\u2606depreggas|tf is your darmanitan on\n|\n|t:|1663258713\n|switch|p2a: Virgin Sharpedo|Garchomp, M|100\/100\n|turn|3\n|c|\u2606broked on bricks|gaming supplements\n|c|\u2606depreggas|respect it\n|\n|t:|1663258728\n|move|p2a: Virgin Sharpedo|Swords Dance|p2a: Virgin Sharpedo\n|-boost|p2a: Virgin Sharpedo|atk|2\n|move|p1a: Pexatox|Toxic|p2a: Virgin Sharpedo\n|-status|p2a: Virgin Sharpedo|tox\n|\n|-damage|p2a: Virgin Sharpedo|94\/100 tox|[from] psn\n|upkeep\n|turn|4\n|\n|t:|1663258736\n|move|p2a: Virgin Sharpedo|Stone Edge|p1a: Pexatox\n|-damage|p1a: Pexatox|42\/100\n|-damage|p2a: Virgin Sharpedo|85\/100 tox|[from] item: Life Orb\n|move|p1a: Pexatox|Haze|p1a: Pexatox\n|-clearallboost\n|\n|-heal|p1a: Pexatox|49\/100|[from] item: Black Sludge\n|-damage|p2a: Virgin Sharpedo|72\/100 tox|[from] psn\n|upkeep\n|turn|5\n|\n|t:|1663258745\n|move|p2a: Virgin Sharpedo|Earthquake|p1a: Pexatox\n|-supereffective|p1a: Pexatox\n|-damage|p1a: Pexatox|0 fnt\n|faint|p1a: Pexatox\n|-damage|p2a: Virgin Sharpedo|62\/100 tox|[from] item: Life Orb\n|\n|-damage|p2a: Virgin Sharpedo|44\/100 tox|[from] psn\n|upkeep\n|\n|t:|1663258765\n|switch|p1a: Grass Monke|Rillaboom, M|100\/100\n|-fieldstart|move: Grassy Terrain|[from] ability: Grassy Surge|[of] p1a: Grass Monke\n|turn|6\n|\n|t:|1663258770\n|switch|p2a: RIP Omari frfr|Mandibuzz, F, shiny|100\/100\n|move|p1a: Grass Monke|Grassy Glide|p2a: RIP Omari frfr\n|-resisted|p2a: RIP Omari frfr\n|-damage|p2a: RIP Omari frfr|85\/100\n|-damage|p1a: Grass Monke|84\/100|[from] item: Rocky Helmet|[of] p2a: RIP Omari frfr\n|\n|-heal|p1a: Grass Monke|90\/100|[from] Grassy Terrain\n|-heal|p1a: Grass Monke|96\/100|[from] item: Leftovers\n|upkeep\n|turn|7\n|\n|t:|1663258798\n|switch|p1a: 0.67x Atk|Landorus-Therian, M|4\/100\n|-ability|p1a: 0.67x Atk|Intimidate|boost\n|-unboost|p2a: RIP Omari frfr|atk|1\n|switch|p2a: Virgin Sharpedo|Garchomp, M|44\/100 tox\n|\n|-heal|p2a: Virgin Sharpedo|50\/100 tox|[from] Grassy Terrain\n|-damage|p2a: Virgin Sharpedo|44\/100 tox|[from] psn\n|upkeep\n|turn|8\n|\n|t:|1663258808\n|move|p2a: Virgin Sharpedo|Scale Shot|p1a: 0.67x Atk\n|-damage|p1a: 0.67x Atk|0 fnt\n|faint|p1a: 0.67x Atk\n|-hitcount|p1: 0.67x Atk|1\n|-unboost|p2a: Virgin Sharpedo|def|1\n|-boost|p2a: Virgin Sharpedo|spe|1\n|-damage|p2a: Virgin Sharpedo|34\/100 tox|[from] item: Life Orb\n|\n|-heal|p2a: Virgin Sharpedo|40\/100 tox|[from] Grassy Terrain\n|-damage|p2a: Virgin Sharpedo|28\/100 tox|[from] psn\n|upkeep\n|\n|t:|1663258818\n|switch|p1a: Grass Monke|Rillaboom, M|96\/100\n|turn|9\n|\n|t:|1663258823\n|switch|p2a: RIP Omari frfr|Mandibuzz, F, shiny|85\/100\n|move|p1a: Grass Monke|Swords Dance|p1a: Grass Monke\n|-boost|p1a: Grass Monke|atk|2\n|\n|-heal|p1a: Grass Monke|100\/100|[from] Grassy Terrain\n|upkeep\n|turn|10\n|\n|t:|1663258835\n|move|p1a: Grass Monke|Superpower|p2a: RIP Omari frfr\n|-damage|p2a: RIP Omari frfr|32\/100\n|-unboost|p1a: Grass Monke|atk|1\n|-unboost|p1a: Grass Monke|def|1\n|-damage|p1a: Grass Monke|84\/100|[from] item: Rocky Helmet|[of] p2a: RIP Omari frfr\n|move|p2a: RIP Omari frfr|Roost|p2a: RIP Omari frfr\n|-heal|p2a: RIP Omari frfr|82\/100\n|-singleturn|p2a: RIP Omari frfr|move: Roost\n|\n|-heal|p1a: Grass Monke|90\/100|[from] Grassy Terrain\n|-heal|p1a: Grass Monke|96\/100|[from] item: Leftovers\n|-heal|p2a: RIP Omari frfr|88\/100|[from] Grassy Terrain\n|-fieldend|move: Grassy Terrain\n|upkeep\n|turn|11\n|\n|t:|1663258849\n|switch|p1a: Nigel|Heatran, M|100\/100\n|-item|p1a: Nigel|Air Balloon\n|move|p2a: RIP Omari frfr|Foul Play|p1a: Nigel\n|-damage|p1a: Nigel|81\/100\n|-enditem|p1a: Nigel|Air Balloon\n|\n|upkeep\n|turn|12\n|\n|t:|1663258856\n|switch|p2a: Virgin Sharpedo|Garchomp, M|28\/100 tox\n|move|p1a: Nigel|Magma Storm|p2a: Virgin Sharpedo\n|-resisted|p2a: Virgin Sharpedo\n|-damage|p2a: Virgin Sharpedo|5\/100 tox\n|-activate|p2a: Virgin Sharpedo|move: Magma Storm|[of] p1a: Nigel\n|\n|-damage|p2a: Virgin Sharpedo|0 fnt|[from] psn\n|faint|p2a: Virgin Sharpedo\n|upkeep\n|\n|t:|1663258864\n|switch|p2a: SAW GAS|Torkoal, F|100\/100\n|-weather|SunnyDay|[from] ability: Drought|[of] p2a: SAW GAS\n|turn|13\n|\n|t:|1663258878\n|move|p1a: Nigel|Earth Power|p2a: SAW GAS\n|-supereffective|p2a: SAW GAS\n|-damage|p2a: SAW GAS|29\/100\n|move|p2a: SAW GAS|Body Press|p1a: Nigel\n|-supereffective|p1a: Nigel\n|-damage|p1a: Nigel|28\/100\n|\n|-weather|SunnyDay|[upkeep]\n|upkeep\n|turn|14\n|\n|t:|1663258889\n|switch|p2a: Greenusaur|Venusaur, M, shiny|100\/100\n|move|p1a: Nigel|Magma Storm|p2a: Greenusaur\n|-supereffective|p2a: Greenusaur\n|-damage|p2a: Greenusaur|0 fnt\n|faint|p2a: Greenusaur\n|\n|-weather|SunnyDay|[upkeep]\n|upkeep\n|\n|t:|1663258897\n|switch|p2a: Fart Excavator|Victini|100\/100\n|turn|15\n|\n|t:|1663258915\n|move|p1a: Nigel|Protect|p1a: Nigel\n|-singleturn|p1a: Nigel|Protect\n|move|p2a: Fart Excavator|Brick Break|p1a: Nigel\n|-activate|p1a: Nigel|move: Protect\n|\n|-weather|SunnyDay|[upkeep]\n|upkeep\n|turn|16\n|\n|t:|1663258937\n|switch|p1a: Grass Monke|Rillaboom, M|96\/100\n|-fieldstart|move: Grassy Terrain|[from] ability: Grassy Surge|[of] p1a: Grass Monke\n|move|p2a: Fart Excavator|Brick Break|p1a: Grass Monke\n|-damage|p1a: Grass Monke|74\/100\n|\n|-weather|SunnyDay|[upkeep]\n|-heal|p1a: Grass Monke|80\/100|[from] Grassy Terrain\n|-heal|p1a: Grass Monke|86\/100|[from] item: Leftovers\n|upkeep\n|turn|17\n|inactive|depreggas has 120 seconds left.\n|\n|t:|1663258963\n|switch|p2a: RIP Omari frfr|Mandibuzz, F, shiny|88\/100\n|move|p1a: Grass Monke|Swords Dance|p1a: Grass Monke\n|-boost|p1a: Grass Monke|atk|2\n|\n|-weather|SunnyDay|[upkeep]\n|-heal|p1a: Grass Monke|92\/100|[from] Grassy Terrain\n|-heal|p1a: Grass Monke|99\/100|[from] item: Leftovers\n|upkeep\n|turn|18\n|\n|t:|1663258986\n|move|p1a: Grass Monke|Swords Dance|p1a: Grass Monke\n|-boost|p1a: Grass Monke|atk|2\n|move|p2a: RIP Omari frfr|Foul Play|p1a: Grass Monke\n|-damage|p1a: Grass Monke|0 fnt\n|faint|p1a: Grass Monke\n|\n|-weather|SunnyDay|[upkeep]\n|upkeep\n|inactive|depreggas has 90 seconds left.\n|\n|t:|1663259009\n|switch|p1a: We-emo-vile|Weavile, M|100\/100\n|-ability|p1a: We-emo-vile|Pressure\n|turn|19\n|inactive|broked on bricks has 120 seconds left.\n|\n|t:|1663259041\n|move|p1a: We-emo-vile|Knock Off|p2a: RIP Omari frfr\n|-resisted|p2a: RIP Omari frfr\n|-damage|p2a: RIP Omari frfr|64\/100\n|-damage|p1a: We-emo-vile|84\/100|[from] item: Rocky Helmet|[of] p2a: RIP Omari frfr\n|-enditem|p2a: RIP Omari frfr|Rocky Helmet|[from] move: Knock Off|[of] p1a: We-emo-vile\n|move|p2a: RIP Omari frfr|Foul Play|p1a: We-emo-vile\n|-resisted|p1a: We-emo-vile\n|-damage|p1a: We-emo-vile|39\/100\n|\n|-weather|SunnyDay|[upkeep]\n|-heal|p1a: We-emo-vile|45\/100|[from] Grassy Terrain\n|upkeep\n|turn|20\n|inactive|broked on bricks has 120 seconds left.\n|\n|t:|1663259055\n|switch|p1a: Nigel|Heatran, M|28\/100\n|switch|p2a: Fart Excavator|Victini|100\/100\n|\n|-weather|none\n|-heal|p1a: Nigel|35\/100|[from] Grassy Terrain\n|-fieldend|move: Grassy Terrain\n|upkeep\n|turn|21\n|\n|t:|1663259064\n|move|p2a: Fart Excavator|Brick Break|p1a: Nigel\n|-supereffective|p1a: Nigel\n|-damage|p1a: Nigel|0 fnt\n|faint|p1a: Nigel\n|\n|upkeep\n|c|\u2606depreggas|ok ggs\n|c|\u2606broked on bricks|gg\n|\n|t:|1663259076\n|switch|p1a: We-emo-vile|Weavile, M|45\/100\n|-ability|p1a: We-emo-vile|Pressure\n|turn|22\n|\n|t:|1663259081\n|move|p2a: Fart Excavator|Brick Break|p1a: We-emo-vile\n|-supereffective|p1a: We-emo-vile\n|-damage|p1a: We-emo-vile|0 fnt\n|faint|p1a: We-emo-vile\n|\n|win|broked on bricks\n|raw|depreggas's rating: 1464 &rarr; <strong>1446<\/strong><br \/>(-18 for losing)\n|raw|broked on bricks's rating: 1501 &rarr; <strong>1519<\/strong><br \/>(+18 for winning)\n|l|\u2606depreggas\n||Ladder isn't responding, score probably updated but might not have (Request timeout).\n","uploadtime":1663259109,"views":6,"p1id":"depreggas","p2id":"brokedonbricks","formatid":"gen8ou","rating":1446,"private":0,"password":null}