{"id":"gen8ou-1569059768","p1":"ChurlishMan","p2":"bakaboure","format":"gen8ou","log":"|j|\u2606ChurlishMan\n|j|\u2606bakaboure\n|t:|1651852682\n|gametype|singles\n|player|p1|ChurlishMan|pokemonbreederf-gen4|1571\n|player|p2|bakaboure|bellelba|1614\n|teamsize|p1|6\n|teamsize|p2|6\n|gen|8\n|tier|[Gen 8] OU\n|rated|\n|rule|Sleep Clause Mod: Limit one foe put to sleep\n|rule|Species Clause: Limit one of each Pok\u00e9mon\n|rule|OHKO Clause: OHKO moves are banned\n|rule|Evasion Moves Clause: Evasion moves are banned\n|rule|Endless Battle Clause: Forcing endless battles is banned\n|rule|HP Percentage Mod: HP is shown in percentages\n|rule|Dynamax Clause: You cannot dynamax\n|clearpoke\n|poke|p1|Excadrill, M|\n|poke|p1|Dragapult, F|\n|poke|p1|Tyranitar, M|\n|poke|p1|Slowbro, M|\n|poke|p1|Corviknight, M|\n|poke|p1|Rillaboom, M|\n|poke|p2|Hatterene, F|\n|poke|p2|Crawdaunt, F|\n|poke|p2|Melmetal|\n|poke|p2|Marowak-Alola, M|\n|poke|p2|Cresselia, F|\n|poke|p2|Porygon2|\n|teampreview\n|inactive|Battle timer is ON: inactive players will automatically lose when time's up. (requested by bakaboure)\n|\n|t:|1651852699\n|start\n|switch|p1a: Corviknight|Corviknight, M|100\/100\n|switch|p2a: Hatterene|Hatterene, F|100\/100\n|turn|1\n|\n|t:|1651852707\n|move|p1a: Corviknight|Bulk Up|p1a: Corviknight\n|-boost|p1a: Corviknight|atk|1\n|-boost|p1a: Corviknight|def|1\n|move|p2a: Hatterene|Mystical Fire|p1a: Corviknight\n|-supereffective|p1a: Corviknight\n|-damage|p1a: Corviknight|61\/100\n|-ability|p1a: Corviknight|Mirror Armor\n|-unboost|p2a: Hatterene|spa|1\n|\n|-heal|p1a: Corviknight|68\/100|[from] item: Leftovers\n|upkeep\n|turn|2\n|\n|t:|1651852720\n|switch|p2a: Crawdaunt|Crawdaunt, F|100\/100\n|move|p1a: Corviknight|Bulk Up|p1a: Corviknight\n|-boost|p1a: Corviknight|atk|1\n|-boost|p1a: Corviknight|def|1\n|\n|-heal|p1a: Corviknight|74\/100|[from] item: Leftovers\n|upkeep\n|turn|3\n|\n|t:|1651852732\n|move|p1a: Corviknight|Roost|p1a: Corviknight\n|-heal|p1a: Corviknight|100\/100\n|-singleturn|p1a: Corviknight|move: Roost\n|move|p2a: Crawdaunt|Knock Off|p1a: Corviknight\n|-damage|p1a: Corviknight|61\/100\n|-enditem|p1a: Corviknight|Leftovers|[from] move: Knock Off|[of] p2a: Crawdaunt\n|-damage|p2a: Crawdaunt|90\/100|[from] item: Life Orb\n|\n|upkeep\n|turn|4\n|\n|t:|1651852742\n|move|p1a: Corviknight|Roost|p1a: Corviknight\n|-heal|p1a: Corviknight|100\/100\n|-singleturn|p1a: Corviknight|move: Roost\n|move|p2a: Crawdaunt|Swords Dance|p2a: Crawdaunt\n|-boost|p2a: Crawdaunt|atk|2\n|\n|upkeep\n|turn|5\n|\n|t:|1651852750\n|move|p1a: Corviknight|Brave Bird|p2a: Crawdaunt\n|-damage|p2a: Crawdaunt|3\/100\n|-damage|p1a: Corviknight|77\/100|[from] Recoil\n|move|p2a: Crawdaunt|Crabhammer|p1a: Corviknight\n|-damage|p1a: Corviknight|4\/100\n|-damage|p2a: Crawdaunt|0 fnt|[from] item: Life Orb\n|faint|p2a: Crawdaunt\n|\n|upkeep\n|\n|t:|1651852760\n|switch|p2a: Melmetal|Melmetal|100\/100\n|turn|6\n|\n|t:|1651852763\n|move|p1a: Corviknight|Roost|p1a: Corviknight\n|-heal|p1a: Corviknight|54\/100\n|-singleturn|p1a: Corviknight|move: Roost\n|move|p2a: Melmetal|Thunder Punch|p1a: Corviknight\n|-damage|p1a: Corviknight|30\/100\n|\n|upkeep\n|turn|7\n|\n|t:|1651852773\n|move|p1a: Corviknight|Bulk Up|p1a: Corviknight\n|-boost|p1a: Corviknight|atk|1\n|-boost|p1a: Corviknight|def|1\n|move|p2a: Melmetal|Thunder Punch|p1a: Corviknight\n|-supereffective|p1a: Corviknight\n|-damage|p1a: Corviknight|0 fnt\n|faint|p1a: Corviknight\n|\n|upkeep\n|\n|t:|1651852785\n|switch|p1a: Rillaboom|Rillaboom, M|100\/100\n|-fieldstart|move: Grassy Terrain|[from] ability: Grassy Surge|[of] p1a: Rillaboom\n|turn|8\n|\n|t:|1651852791\n|move|p1a: Rillaboom|Knock Off|p2a: Melmetal\n|-damage|p2a: Melmetal|73\/100\n|-enditem|p2a: Melmetal|Choice Band|[from] move: Knock Off|[of] p1a: Rillaboom\n|move|p2a: Melmetal|Thunder Punch|p1a: Rillaboom\n|-resisted|p1a: Rillaboom\n|-damage|p1a: Rillaboom|80\/100\n|\n|-heal|p1a: Rillaboom|86\/100|[from] Grassy Terrain\n|-heal|p2a: Melmetal|79\/100|[from] Grassy Terrain\n|upkeep\n|turn|9\n|\n|t:|1651852805\n|switch|p1a: Slowbro|Slowbro, M|100\/100\n|move|p2a: Melmetal|Double Iron Bash|p1a: Slowbro\n|-resisted|p1a: Slowbro\n|-damage|p1a: Slowbro|88\/100\n|-damage|p2a: Melmetal|63\/100|[from] item: Rocky Helmet|[of] p1a: Slowbro\n|-resisted|p1a: Slowbro\n|-crit|p1a: Slowbro\n|-damage|p1a: Slowbro|68\/100\n|-damage|p2a: Melmetal|46\/100|[from] item: Rocky Helmet|[of] p1a: Slowbro\n|-hitcount|p1a: Slowbro|2\n|\n|-heal|p1a: Slowbro|74\/100|[from] Grassy Terrain\n|-heal|p2a: Melmetal|52\/100|[from] Grassy Terrain\n|upkeep\n|turn|10\n|\n|t:|1651852818\n|move|p2a: Melmetal|Thunder Punch|p1a: Slowbro\n|-supereffective|p1a: Slowbro\n|-damage|p1a: Slowbro|29\/100\n|-damage|p2a: Melmetal|36\/100|[from] item: Rocky Helmet|[of] p1a: Slowbro\n|move|p1a: Slowbro|Teleport|p1a: Slowbro\n|\n|t:|1651852836\n|switch|p1a: Dragapult|Dragapult, F|100\/100|[from]move: Teleport\n|\n|-heal|p2a: Melmetal|42\/100|[from] Grassy Terrain\n|upkeep\n|turn|11\n|\n|t:|1651852845\n|switch|p2a: Porygon2|Porygon2|100\/100\n|-ability|p2a: Porygon2|Infiltrator|[from] ability: Trace|[of] p1a: Dragapult\n|move|p1a: Dragapult|U-turn|p2a: Porygon2\n|-damage|p2a: Porygon2|89\/100\n|\n|t:|1651852865\n|switch|p1a: Tyranitar|Tyranitar, M, shiny|100\/100|[from]move: U-turn\n|-weather|Sandstorm|[from] ability: Sand Stream|[of] p1a: Tyranitar\n|\n|-weather|Sandstorm|[upkeep]\n|-damage|p2a: Porygon2|83\/100|[from] Sandstorm\n|-heal|p2a: Porygon2|89\/100|[from] Grassy Terrain\n|upkeep\n|turn|12\n|\n|t:|1651852875\n|move|p1a: Tyranitar|Stealth Rock|p2a: Porygon2\n|-sidestart|p2: bakaboure|move: Stealth Rock\n|move|p2a: Porygon2|Trick Room|p2a: Porygon2\n|-fieldstart|move: Trick Room|[of] p2a: Porygon2\n|\n|-weather|Sandstorm|[upkeep]\n|-damage|p2a: Porygon2|83\/100|[from] Sandstorm\n|-heal|p2a: Porygon2|89\/100|[from] Grassy Terrain\n|-fieldend|move: Grassy Terrain\n|upkeep\n|turn|13\n|j| MoonWeasel\n|\n|t:|1651852884\n|move|p1a: Tyranitar|Rock Blast|p2a: Porygon2\n|-damage|p2a: Porygon2|82\/100\n|-damage|p2a: Porygon2|75\/100\n|-damage|p2a: Porygon2|67\/100\n|-hitcount|p2a: Porygon2|3\n|move|p2a: Porygon2|Teleport|p2a: Porygon2\n|\n|t:|1651852890\n|switch|p2a: Melmetal|Melmetal|42\/100|[from]move: Teleport\n|-damage|p2a: Melmetal|36\/100|[from] Stealth Rock\n|\n|-weather|Sandstorm|[upkeep]\n|upkeep\n|turn|14\n|\n|t:|1651852898\n|switch|p1a: Slowbro|Slowbro, M|62\/100\n|move|p2a: Melmetal|Thunder Punch|p1a: Slowbro\n|-supereffective|p1a: Slowbro\n|-damage|p1a: Slowbro|19\/100\n|-damage|p2a: Melmetal|19\/100|[from] item: Rocky Helmet|[of] p1a: Slowbro\n|\n|-weather|Sandstorm|[upkeep]\n|-damage|p1a: Slowbro|13\/100|[from] Sandstorm\n|upkeep\n|turn|15\n|\n|t:|1651852908\n|switch|p1a: Excadrill|Excadrill, M, shiny|100\/100\n|move|p2a: Melmetal|Double Iron Bash|p1a: Excadrill\n|-resisted|p1a: Excadrill\n|-damage|p1a: Excadrill|71\/100\n|-resisted|p1a: Excadrill\n|-damage|p1a: Excadrill|39\/100\n|-hitcount|p1a: Excadrill|2\n|\n|-weather|none\n|-heal|p1a: Excadrill|45\/100|[from] item: Leftovers\n|upkeep\n|turn|16\n|\n|t:|1651852920\n|switch|p1a: Slowbro|Slowbro, M|46\/100\n|move|p2a: Melmetal|Earthquake|p1a: Slowbro\n|-damage|p1a: Slowbro|21\/100\n|\n|-fieldend|move: Trick Room\n|upkeep\n|turn|17\n|inactive|ChurlishMan has 120 seconds left.\n|inactive|bakaboure has 120 seconds left.\n|\n|t:|1651852973\n|switch|p2a: Hatterene|Hatterene, F|100\/100\n|-damage|p2a: Hatterene|88\/100|[from] Stealth Rock\n|move|p1a: Slowbro|Scald|p2a: Hatterene\n|-damage|p2a: Hatterene|59\/100\n|\n|upkeep\n|turn|18\n|inactive|ChurlishMan has 120 seconds left.\n|\n|t:|1651852986\n|switch|p1a: Rillaboom|Rillaboom, M|86\/100\n|-fieldstart|move: Grassy Terrain|[from] ability: Grassy Surge|[of] p1a: Rillaboom\n|move|p2a: Hatterene|Trick Room|p2a: Hatterene\n|-fieldstart|move: Trick Room|[of] p2a: Hatterene\n|\n|-heal|p2a: Hatterene|65\/100|[from] Grassy Terrain\n|-heal|p1a: Rillaboom|93\/100|[from] Grassy Terrain\n|upkeep\n|turn|19\n|\n|t:|1651852996\n|move|p1a: Rillaboom|Grassy Glide|p2a: Hatterene\n|-damage|p2a: Hatterene|0 fnt\n|faint|p2a: Hatterene\n|\n|-heal|p1a: Rillaboom|99\/100|[from] Grassy Terrain\n|upkeep\n|\n|t:|1651853002\n|switch|p2a: Marowak|Marowak-Alola, M|100\/100\n|-damage|p2a: Marowak|75\/100|[from] Stealth Rock\n|turn|20\n|l| MoonWeasel\n|\n|t:|1651853015\n|switch|p1a: Slowbro|Slowbro, M|54\/100\n|move|p2a: Marowak|Flare Blitz|p1a: Slowbro\n|-resisted|p1a: Slowbro\n|-damage|p1a: Slowbro|23\/100\n|-damage|p2a: Marowak|59\/100|[from] item: Rocky Helmet|[of] p1a: Slowbro\n|\n|-heal|p2a: Marowak|65\/100|[from] Grassy Terrain\n|-heal|p1a: Slowbro|29\/100|[from] Grassy Terrain\n|upkeep\n|turn|21\n|\n|t:|1651853031\n|switch|p1a: Tyranitar|Tyranitar, M, shiny|100\/100\n|-weather|Sandstorm|[from] ability: Sand Stream|[of] p1a: Tyranitar\n|move|p2a: Marowak|Swords Dance|p2a: Marowak\n|-boost|p2a: Marowak|atk|2\n|\n|-weather|Sandstorm|[upkeep]\n|-damage|p2a: Marowak|59\/100|[from] Sandstorm\n|-heal|p2a: Marowak|65\/100|[from] Grassy Terrain\n|upkeep\n|turn|22\n|\n|t:|1651853043\n|switch|p1a: Slowbro|Slowbro, M|62\/100\n|move|p2a: Marowak|Earthquake|p1a: Slowbro\n|-damage|p1a: Slowbro|29\/100\n|\n|-weather|Sandstorm|[upkeep]\n|-damage|p2a: Marowak|59\/100|[from] Sandstorm\n|-damage|p1a: Slowbro|23\/100|[from] Sandstorm\n|-heal|p2a: Marowak|65\/100|[from] Grassy Terrain\n|-heal|p1a: Slowbro|29\/100|[from] Grassy Terrain\n|-fieldend|move: Trick Room\n|-fieldend|move: Grassy Terrain\n|upkeep\n|turn|23\n|\n|t:|1651853055\n|move|p1a: Slowbro|Scald|p2a: Marowak\n|-supereffective|p2a: Marowak\n|-damage|p2a: Marowak|0 fnt\n|faint|p2a: Marowak\n|\n|-weather|Sandstorm|[upkeep]\n|-damage|p1a: Slowbro|23\/100|[from] Sandstorm\n|upkeep\n|\n|t:|1651853063\n|switch|p2a: Cresselia|Cresselia, F|100\/100\n|-damage|p2a: Cresselia|88\/100|[from] Stealth Rock\n|turn|24\n|\n|t:|1651853069\n|move|p1a: Slowbro|Slack Off|p1a: Slowbro\n|-heal|p1a: Slowbro|73\/100\n|move|p2a: Cresselia|Trick Room|p2a: Cresselia\n|-fieldstart|move: Trick Room|[of] p2a: Cresselia\n|\n|-weather|Sandstorm|[upkeep]\n|-damage|p1a: Slowbro|67\/100|[from] Sandstorm\n|-damage|p2a: Cresselia|82\/100|[from] Sandstorm\n|upkeep\n|turn|25\n|\n|t:|1651853077\n|move|p2a: Cresselia|Lunar Dance|p2a: Cresselia\n|faint|p2a: Cresselia\n|move|p1a: Slowbro|Teleport|p1a: Slowbro\n|\n|t:|1651853093\n|switch|p1a: Excadrill|Excadrill, M, shiny|45\/100|[from]move: Teleport\n|\n|-weather|none\n|-heal|p1a: Excadrill|51\/100|[from] item: Leftovers\n|upkeep\n|\n|t:|1651853098\n|switch|p2a: Melmetal|Melmetal|19\/100\n|-heal|p2a: Melmetal|100\/100|[from] move: Lunar Dance\n|-damage|p2a: Melmetal|94\/100|[from] Stealth Rock\n|turn|26\n|\n|t:|1651853105\n|switch|p1a: Slowbro|Slowbro, M|99\/100\n|move|p2a: Melmetal|Thunder Punch|p1a: Slowbro\n|-supereffective|p1a: Slowbro\n|-damage|p1a: Slowbro|60\/100\n|-damage|p2a: Melmetal|78\/100|[from] item: Rocky Helmet|[of] p1a: Slowbro\n|\n|upkeep\n|turn|27\n|-message|bakaboure forfeited.\n|\n|win|ChurlishMan\n|raw|ChurlishMan's rating: 1571 &rarr; <strong>1593<\/strong><br \/>(+22 for winning)\n|raw|bakaboure's rating: 1614 &rarr; <strong>1592<\/strong><br \/>(-22 for losing)\n|l|\u2606bakaboure\n||Ladder isn't responding, score probably updated but might not have (Request timeout).\n","uploadtime":1651853120,"views":89,"p1id":"churlishman","p2id":"bakaboure","formatid":"gen8ou","rating":1592,"private":0,"password":null}