{"id":"gen8ou-1163513154","p1":"TartarianSauce","p2":"Ban lando t guy jk","format":"gen8ou","log":"|j|\u2606TartarianSauce\n|j|\u2606Ban lando t guy jk\n|t:|1596601648\n|player|p1|TartarianSauce|buck|1529\n|player|p2|Ban lando t guy jk|kimonogirl|1502\n|teamsize|p1|6\n|teamsize|p2|6\n|gametype|singles\n|gen|8\n|tier|[Gen 8] OU\n|rated|\n|html|<div class=\"broadcast-blue\"><strong>OU is currently suspecting Magearna! For information on how to participate check out the <a href=\"https:\/\/www.smogon.com\/forums\/threads\/3667669\/\">suspect thread<\/a>.<\/strong><\/div>\n|clearpoke\n|poke|p1|Weavile, M|\n|poke|p1|Kommo-o, M|\n|poke|p1|Aegislash, M|\n|poke|p1|Rotom-Heat|\n|poke|p1|Urshifu-*, M|\n|poke|p1|Whimsicott, F|\n|poke|p2|Azumarill, M|\n|poke|p2|Urshifu-*, F|\n|poke|p2|Dragalge, F|\n|poke|p2|Cinderace, M|\n|poke|p2|Aegislash, F|\n|poke|p2|Terrakion|\n|rule|Sleep Clause Mod: Limit one foe put to sleep\n|rule|Species Clause: Limit one of each Pok\u00e9mon\n|rule|OHKO Clause: OHKO moves are banned\n|rule|Evasion Moves Clause: Evasion moves are banned\n|rule|Endless Battle Clause: Forcing endless battles is banned\n|rule|HP Percentage Mod: HP is shown in percentages\n|rule|Dynamax Clause: You cannot dynamax\n|teampreview\n|inactive|Battle timer is ON: inactive players will automatically lose when time's up. (requested by Ban lando t guy jk)\n|j| I LOVE D ynamax\n|\n|t:|1596601658\n|start\n|switch|p1a: Kommo-o|Kommo-o, M|100\/100\n|switch|p2a: Terrakion|Terrakion|100\/100\n|turn|1\n|\n|t:|1596601664\n|move|p2a: Terrakion|Stealth Rock|p1a: Kommo-o\n|-sidestart|p1: TartarianSauce|move: Stealth Rock\n|move|p1a: Kommo-o|Body Press|p2a: Terrakion\n|-supereffective|p2a: Terrakion\n|-crit|p2a: Terrakion\n|-enditem|p2a: Terrakion|Focus Sash\n|-damage|p2a: Terrakion|1\/100\n|\n|upkeep\n|turn|2\n|\n|t:|1596601673\n|move|p2a: Terrakion|Close Combat|p1a: Kommo-o\n|-damage|p1a: Kommo-o|64\/100\n|-unboost|p2a: Terrakion|def|1\n|-unboost|p2a: Terrakion|spd|1\n|-damage|p2a: Terrakion|0 fnt|[from] item: Rocky Helmet|[of] p1a: Kommo-o\n|faint|p2a: Terrakion\n|move|p1a: Kommo-o|Body Press|p2: Terrakion|[notarget]\n|-fail|p1a: Kommo-o\n|\n|upkeep\n|\n|t:|1596601678\n|switch|p2a: Cinderace|Cinderace, M|100\/100\n|turn|3\n|\n|t:|1596601686\n|move|p2a: Cinderace|Zen Headbutt|p1a: Kommo-o\n|-start|p2a: Cinderace|typechange|Psychic|[from] ability: Libero\n|-supereffective|p1a: Kommo-o\n|-damage|p1a: Kommo-o|15\/100\n|-damage|p2a: Cinderace|84\/100|[from] item: Rocky Helmet|[of] p1a: Kommo-o\n|cant|p1a: Kommo-o|flinch\n|\n|upkeep\n|turn|4\n|\n|t:|1596601698\n|move|p2a: Cinderace|U-turn|p1a: Kommo-o\n|-start|p2a: Cinderace|typechange|Bug|[from] ability: Libero\n|-resisted|p1a: Kommo-o\n|-damage|p1a: Kommo-o|3\/100\n|-damage|p2a: Cinderace|67\/100|[from] item: Rocky Helmet|[of] p1a: Kommo-o\n|\n|t:|1596601707\n|switch|p2a: Aegislash|Aegislash, F|100\/100|[from]move: U-turn\n|move|p1a: Kommo-o|Stealth Rock|p2a: Aegislash\n|-sidestart|p2: Ban lando t guy jk|move: Stealth Rock\n|\n|upkeep\n|turn|5\n|\n|t:|1596601720\n|switch|p1a: Rotom|Rotom-Heat|100\/100\n|-formechange|p2a: Aegislash|Aegislash-Blade||[from] ability: Stance Change\n|move|p2a: Aegislash|Shadow Sneak|p1a: Rotom\n|-damage|p1a: Rotom|82\/100\n|\n|upkeep\n|turn|6\n|\n|t:|1596601733\n|switch|p2a: Dragalge|Dragalge, F|100\/100\n|-damage|p2a: Dragalge|88\/100|[from] Stealth Rock\n|move|p1a: Rotom|Overheat|p2a: Dragalge\n|-resisted|p2a: Dragalge\n|-damage|p2a: Dragalge|67\/100\n|-unboost|p1a: Rotom|spa|2\n|\n|upkeep\n|turn|7\n|\n|t:|1596601744\n|switch|p1a: Kommo-o|Kommo-o, M|3\/100\n|-damage|p1a: Kommo-o|0 fnt|[from] Stealth Rock\n|faint|p1a: Kommo-o\n|move|p2a: Dragalge|Toxic Spikes|p1: Kommo-o\n|-sidestart|p1: TartarianSauce|move: Toxic Spikes\n|\n|upkeep\n|\n|t:|1596601752\n|switch|p1a: Urshifu|Urshifu, M|100\/100\n|-status|p1a: Urshifu|psn\n|-damage|p1a: Urshifu|94\/100 psn|[from] Stealth Rock\n|turn|8\n|\n|t:|1596601762\n|switch|p2a: Aegislash|Aegislash, F|100\/100\n|-damage|p2a: Aegislash|94\/100|[from] Stealth Rock\n|move|p1a: Urshifu|Wicked Blow|p2a: Aegislash\n|-supereffective|p2a: Aegislash\n|-crit|p2a: Aegislash\n|-damage|p2a: Aegislash|0 fnt\n|faint|p2a: Aegislash\n|\n|-damage|p1a: Urshifu|82\/100 psn|[from] psn\n|upkeep\n|\n|t:|1596601771\n|switch|p2a: Azumarill|Azumarill, M|100\/100\n|-damage|p2a: Azumarill|88\/100|[from] Stealth Rock\n|turn|9\n|\n|t:|1596601776\n|move|p1a: Urshifu|Wicked Blow|p2a: Azumarill\n|-resisted|p2a: Azumarill\n|-crit|p2a: Azumarill\n|-damage|p2a: Azumarill|31\/100\n|-enditem|p2a: Azumarill|Sitrus Berry|[eat]\n|-heal|p2a: Azumarill|56\/100|[from] item: Sitrus Berry\n|move|p2a: Azumarill|Belly Drum|p2a: Azumarill\n|-damage|p2a: Azumarill|6\/100\n|-setboost|p2a: Azumarill|atk|6|[from] move: Belly Drum\n|\n|-damage|p1a: Urshifu|70\/100 psn|[from] psn\n|upkeep\n|turn|10\n|\n|t:|1596601795\n|switch|p1a: Weavile|Weavile, M|100\/100\n|-damage|p1a: Weavile|76\/100|[from] Stealth Rock\n|-status|p1a: Weavile|psn\n|-ability|p1a: Weavile|Pressure\n|move|p2a: Azumarill|Aqua Jet|p1a: Weavile\n|-damage|p1a: Weavile|0 fnt\n|faint|p1a: Weavile\n|\n|upkeep\n|\n|t:|1596601805\n|switch|p1a: Whimsicott|Whimsicott, F|100\/100\n|-status|p1a: Whimsicott|psn\n|-damage|p1a: Whimsicott|88\/100 psn|[from] Stealth Rock\n|turn|11\n|l|\u2606Ban lando t guy jk\n|inactive|Ban lando t guy jk disconnected and has a minute to reconnect!\n|player|p2|\n|j|\u2606Ban lando t guy jk\n|inactive|Ban lando t guy jk reconnected and has 135 seconds left.\n|player|p2|Ban lando t guy jk|kimonogirl\n|\n|t:|1596601832\n|move|p2a: Azumarill|Aqua Jet|p1a: Whimsicott\n|-resisted|p1a: Whimsicott\n|-damage|p1a: Whimsicott|24\/100 psn\n|move|p1a: Whimsicott|Moonblast|p2a: Azumarill\n|-damage|p2a: Azumarill|0 fnt\n|faint|p2a: Azumarill\n|\n|-heal|p1a: Whimsicott|30\/100 psn|[from] item: Leftovers\n|-damage|p1a: Whimsicott|18\/100 psn|[from] psn\n|upkeep\n|inactive|Ban lando t guy jk has 120 seconds left.\n|\n|t:|1596601849\n|switch|p2a: Cinderace|Cinderace, M|67\/100\n|turn|12\n|\n|t:|1596601861\n|move|p1a: Whimsicott|Stun Spore|p2a: Cinderace|[miss]\n|-miss|p1a: Whimsicott|p2a: Cinderace\n|move|p2a: Cinderace|U-turn|p1a: Whimsicott\n|-start|p2a: Cinderace|typechange|Bug|[from] ability: Libero\n|-damage|p1a: Whimsicott|0 fnt\n|faint|p1a: Whimsicott\n|\n|t:|1596601870\n|switch|p2a: Dragalge|Dragalge, F|67\/100|[from]move: U-turn\n|-damage|p2a: Dragalge|54\/100|[from] Stealth Rock\n|\n|upkeep\n|\n|t:|1596601875\n|switch|p1a: Urshifu|Urshifu, M|70\/100 psn\n|-damage|p1a: Urshifu|64\/100 psn|[from] Stealth Rock\n|turn|13\n|\n|t:|1596601881\n|move|p1a: Urshifu|Wicked Blow|p2a: Dragalge\n|-crit|p2a: Dragalge\n|-damage|p2a: Dragalge|0 fnt\n|faint|p2a: Dragalge\n|\n|-damage|p1a: Urshifu|51\/100 psn|[from] psn\n|upkeep\n|\n|t:|1596601885\n|switch|p2a: Urshifu|Urshifu, F|100\/100\n|-damage|p2a: Urshifu|94\/100|[from] Stealth Rock\n|turn|14\n|\n|t:|1596601891\n|switch|p1a: Full ev's in luck|Aegislash, M|100\/100\n|-damage|p1a: Full ev's in luck|94\/100|[from] Stealth Rock\n|move|p2a: Urshifu|Wicked Blow|p1a: Full ev's in luck\n|-supereffective|p1a: Full ev's in luck\n|-crit|p1a: Full ev's in luck\n|-damage|p1a: Full ev's in luck|0 fnt\n|faint|p1a: Full ev's in luck\n|\n|upkeep\n|\n|t:|1596601899\n|switch|p1a: Urshifu|Urshifu, M|51\/100 psn\n|-damage|p1a: Urshifu|45\/100 psn|[from] Stealth Rock\n|turn|15\n|l|\u2606Ban lando t guy jk\n|inactive|Ban lando t guy jk disconnected and has a minute to reconnect!\n|player|p2|\n|j|\u2606Ban lando t guy jk\n|inactive|Ban lando t guy jk reconnected and has 130 seconds left.\n|player|p2|Ban lando t guy jk|kimonogirl\n|inactive|Ban lando t guy jk has 120 seconds left.\n|\n|t:|1596601931\n|move|p2a: Urshifu|Wicked Blow|p1a: Urshifu\n|-resisted|p1a: Urshifu\n|-crit|p1a: Urshifu\n|-damage|p1a: Urshifu|23\/100 psn\n|move|p1a: Urshifu|Close Combat|p2a: Urshifu\n|-supereffective|p2a: Urshifu\n|-damage|p2a: Urshifu|0 fnt\n|-unboost|p1a: Urshifu|def|1\n|-unboost|p1a: Urshifu|spd|1\n|faint|p2a: Urshifu\n|\n|-damage|p1a: Urshifu|11\/100 psn|[from] psn\n|upkeep\n|inactive|Ban lando t guy jk has 120 seconds left.\n|\n|t:|1596601936\n|switch|p2a: Cinderace|Cinderace, M|67\/100\n|turn|16\n|\n|t:|1596601954\n|move|p2a: Cinderace|Sucker Punch|p1a: Urshifu\n|-start|p2a: Cinderace|typechange|Dark|[from] ability: Libero\n|-resisted|p1a: Urshifu\n|-damage|p1a: Urshifu|0 fnt\n|faint|p1a: Urshifu\n|\n|upkeep\n|\n|t:|1596601961\n|switch|p1a: Rotom|Rotom-Heat|82\/100\n|turn|17\n|\n|t:|1596601974\n|move|p2a: Cinderace|Zen Headbutt|p1a: Rotom\n|-start|p2a: Cinderace|typechange|Psychic|[from] ability: Libero\n|-damage|p1a: Rotom|38\/100\n|cant|p1a: Rotom|flinch\n|\n|upkeep\n|turn|18\n|\n|t:|1596601983\n|move|p2a: Cinderace|Zen Headbutt|p1a: Rotom\n|-damage|p1a: Rotom|0 fnt\n|faint|p1a: Rotom\n|\n|win|Ban lando t guy jk\n|l|ilovedynamax\n|raw|TartarianSauce's rating: 1529 &rarr; <strong>1508<\/strong><br \/>(-21 for losing)\n|raw|Ban lando t guy jk's rating: 1502 &rarr; <strong>1523<\/strong><br \/>(+21 for winning)\n|l|\u2606TartarianSauce\n","uploadtime":1596602003,"views":8,"p1id":"tartariansauce","p2id":"banlandotguyjk","formatid":"gen8ou","rating":1508,"private":0,"password":null}