{"id":"gen8ou-1697172522","p1":"LT94JE Allistair","p2":"andrewm0n","format":"gen8ou","log":"|j|\u2606LT94JE Allistair\n|j|\u2606andrewm0n\n|t:|1666972871\n|gametype|singles\n|player|p1|LT94JE Allistair|169|1785\n|player|p2|andrewm0n|swimmerf|1864\n|teamsize|p1|6\n|teamsize|p2|6\n|gen|8\n|tier|[Gen 8] OU\n|rated|\n|rule|Sleep Clause Mod: Limit one foe put to sleep\n|rule|Species Clause: Limit one of each Pok\u00e9mon\n|rule|OHKO Clause: OHKO moves are banned\n|rule|Evasion Items Clause: Evasion items are banned\n|rule|Evasion Moves Clause: Evasion moves are banned\n|rule|Endless Battle Clause: Forcing endless battles is banned\n|rule|HP Percentage Mod: HP is shown in percentages\n|rule|Dynamax Clause: You cannot dynamax\n|clearpoke\n|poke|p1|Mew|\n|poke|p1|Slurpuff, M|\n|poke|p1|Vanilluxe, M|\n|poke|p1|Jirachi|\n|poke|p1|Weavile, M|\n|poke|p1|Blacephalon|\n|poke|p2|Blaziken, M|\n|poke|p2|Clefable, F|\n|poke|p2|Corviknight, M|\n|poke|p2|Seismitoad, M|\n|poke|p2|Tyranitar, M|\n|poke|p2|Slowbro-Galar, M|\n|teampreview\n|\n|t:|1666972885\n|start\n|switch|p1a: Slurpuff|Slurpuff, M|100\/100\n|switch|p2a: Tyranitar|Tyranitar, M|100\/100\n|-weather|Sandstorm|[from] ability: Sand Stream|[of] p2a: Tyranitar\n|turn|1\n|j| hzcsysm\n|\n|t:|1666972903\n|move|p1a: Slurpuff|Sticky Web|p2a: Tyranitar\n|-sidestart|p2: andrewm0n|move: Sticky Web\n|move|p2a: Tyranitar|Stone Edge|p1a: Slurpuff\n|-damage|p1a: Slurpuff|29\/100\n|\n|-weather|Sandstorm|[upkeep]\n|-damage|p1a: Slurpuff|23\/100|[from] Sandstorm\n|upkeep\n|turn|2\n|\n|t:|1666972935\n|switch|p2a: Corviknight|Corviknight, M|100\/100\n|move|p1a: Slurpuff|Magic Coat|p1a: Slurpuff\n|-singleturn|p1a: Slurpuff|move: Magic Coat\n|\n|-weather|Sandstorm|[upkeep]\n|-damage|p1a: Slurpuff|17\/100|[from] Sandstorm\n|upkeep\n|turn|3\n|l| hzcsysm\n|\n|t:|1666972941\n|move|p1a: Slurpuff|Misty Explosion|p2a: Corviknight\n|-resisted|p2a: Corviknight\n|-damage|p2a: Corviknight|88\/100\n|faint|p1a: Slurpuff\n|move|p2a: Corviknight|Defog|p1: Slurpuff|[notarget]\n|-fail|p2a: Corviknight\n|\n|-weather|Sandstorm|[upkeep]\n|upkeep\n|\n|t:|1666972944\n|switch|p1a: Blacephalon|Blacephalon|100\/100\n|turn|4\n|\n|t:|1666972948\n|switch|p2a: Tyranitar|Tyranitar, M|100\/100\n|-activate|p2a: Tyranitar|move: Sticky Web\n|-unboost|p2a: Tyranitar|spe|1\n|move|p1a: Blacephalon|Taunt|p2a: Tyranitar\n|-start|p2a: Tyranitar|move: Taunt\n|\n|-weather|Sandstorm|[upkeep]\n|-damage|p1a: Blacephalon|94\/100|[from] Sandstorm\n|upkeep\n|turn|5\n|\n|t:|1666972953\n|move|p1a: Blacephalon|Flamethrower|p2a: Tyranitar\n|-resisted|p2a: Tyranitar\n|-damage|p2a: Tyranitar|83\/100\n|move|p2a: Tyranitar|Crunch|p1a: Blacephalon\n|-supereffective|p1a: Blacephalon\n|-crit|p1a: Blacephalon\n|-damage|p1a: Blacephalon|0 fnt\n|faint|p1a: Blacephalon\n|\n|-weather|none\n|upkeep\n|\n|t:|1666972957\n|switch|p1a: Vanilluxe|Vanilluxe, M|100\/100\n|-weather|Hail|[from] ability: Snow Warning|[of] p1a: Vanilluxe\n|turn|6\n|\n|t:|1666972975\n|switch|p2a: Slowbro|Slowbro-Galar, M|100\/100\n|-activate|p2a: Slowbro|move: Sticky Web\n|-unboost|p2a: Slowbro|spe|1\n|move|p1a: Vanilluxe|Aurora Veil|p1a: Vanilluxe\n|-sidestart|p1: LT94JE Allistair|move: Aurora Veil\n|\n|-weather|Hail|[upkeep]\n|-damage|p2a: Slowbro|94\/100|[from] Hail\n|upkeep\n|turn|7\n|\n|t:|1666972980\n|switch|p2a: Corviknight|Corviknight, M|88\/100\n|move|p1a: Vanilluxe|Taunt|p2a: Corviknight\n|-start|p2a: Corviknight|move: Taunt\n|\n|-weather|Hail|[upkeep]\n|-damage|p2a: Corviknight|82\/100|[from] Hail\n|upkeep\n|turn|8\n|\n|t:|1666972983\n|move|p1a: Vanilluxe|Explosion|p2a: Corviknight\n|-resisted|p2a: Corviknight\n|-damage|p2a: Corviknight|60\/100\n|faint|p1a: Vanilluxe\n|move|p2a: Corviknight|U-turn|p1: Vanilluxe|[notarget]\n|-fail|p2a: Corviknight\n|\n|-weather|Hail|[upkeep]\n|-damage|p2a: Corviknight|54\/100|[from] Hail\n|upkeep\n|\n|t:|1666972996\n|switch|p1a: Jirachi|Jirachi|100\/100\n|turn|9\n|\n|t:|1666972999\n|move|p1a: Jirachi|Cosmic Power|p1a: Jirachi\n|-boost|p1a: Jirachi|def|1\n|-boost|p1a: Jirachi|spd|1\n|move|p2a: Corviknight|U-turn|p1a: Jirachi\n|-damage|p1a: Jirachi|96\/100\n|\n|t:|1666973001\n|switch|p2a: Tyranitar|Tyranitar, M|83\/100|[from]move: U-turn\n|-activate|p2a: Tyranitar|move: Sticky Web\n|-unboost|p2a: Tyranitar|spe|1\n|-weather|Sandstorm|[from] ability: Sand Stream|[of] p2a: Tyranitar\n|\n|-weather|Sandstorm|[upkeep]\n|upkeep\n|turn|10\n|\n|t:|1666973005\n|move|p1a: Jirachi|Wish|p1a: Jirachi\n|move|p2a: Tyranitar|Crunch|p1a: Jirachi\n|-supereffective|p1a: Jirachi\n|-damage|p1a: Jirachi|52\/100\n|-enditem|p1a: Jirachi|Weakness Policy\n|-boost|p1a: Jirachi|atk|2|[from] item: Weakness Policy\n|-boost|p1a: Jirachi|spa|2|[from] item: Weakness Policy\n|\n|-weather|Sandstorm|[upkeep]\n|upkeep\n|turn|11\n|j| charqe Q\n|\n|t:|1666973009\n|move|p1a: Jirachi|Aura Sphere|p2a: Tyranitar\n|-supereffective|p2a: Tyranitar\n|-damage|p2a: Tyranitar|0 fnt\n|faint|p2a: Tyranitar\n|\n|-weather|Sandstorm|[upkeep]\n|-heal|p1a: Jirachi|100\/100|[from] move: Wish|[wisher] Jirachi\n|upkeep\n|-message|andrewm0n forfeited.\n|\n|win|LT94JE Allistair\n|raw|LT94JE Allistair's rating: 1785 &rarr; <strong>1809<\/strong><br \/>(+24 for winning)\n|raw|andrewm0n's rating: 1864 &rarr; <strong>1840<\/strong><br \/>(-24 for losing)\n|l|\u2606andrewm0n\n|l|\u2606LT94JE Allistair\n","uploadtime":1666973033,"views":20,"p1id":"lt94jeallistair","p2id":"andrewm0n","formatid":"gen8ou","rating":1809,"private":0,"password":null}