{"id":"gen8ou-1147247508","p1":"AlkagenCUintania","p2":"mongwong","format":"gen8ou","log":"|j|\u2606AlkagenCUintania\n|j|\u2606mongwong\n|player|p1|AlkagenCUintania|lucas-gen4pt|1605\n|player|p2|mongwong|silver|1511\n|teamsize|p1|6\n|teamsize|p2|6\n|gametype|singles\n|gen|8\n|tier|[Gen 8] OU\n|rated|\n|clearpoke\n|poke|p1|Zeraora|\n|poke|p1|Rillaboom, F|\n|poke|p1|Marowak-Alola, F|\n|poke|p1|Hippowdon, F|\n|poke|p1|Toxapex, M|\n|poke|p1|Mandibuzz, F|\n|poke|p2|Kingdra, M|\n|poke|p2|Pelipper, F|\n|poke|p2|Barraskewda, M|\n|poke|p2|Scizor, M|\n|poke|p2|Ferrothorn, M|\n|poke|p2|Magearna|\n|rule|Sleep Clause Mod: Limit one foe put to sleep\n|rule|Species Clause: Limit one of each Pok\u00e9mon\n|rule|OHKO Clause: OHKO moves are banned\n|rule|Evasion Moves Clause: Evasion moves are banned\n|rule|Endless Battle Clause: Forcing endless battles is banned\n|rule|HP Percentage Mod: HP is shown in percentages\n|rule|Dynamax Clause: You cannot dynamax\n|teampreview\n|l|\u2606AlkagenCUintania\n|player|p1|\n|inactive|Battle timer is ON: inactive players will automatically lose when time's up. (requested by mongwong)\n|j|\u2606AlkagenCUintania\n|inactive|AlkagenCUintania reconnected and has 150 seconds left.\n|player|p1|AlkagenCUintania|lucas-gen4pt\n|\n|start\n|switch|p1a: Zeraora|Zeraora|100\/100\n|switch|p2a: Magearna|Magearna|100\/100\n|turn|1\n|\n|switch|p1a: Toxapex|Toxapex, M|100\/100\n|move|p2a: Magearna|Fleur Cannon|p1a: Toxapex\n|-resisted|p1a: Toxapex\n|-damage|p1a: Toxapex|76\/100\n|-unboost|p2a: Magearna|spa|2\n|\n|-heal|p1a: Toxapex|82\/100|[from] item: Black Sludge\n|upkeep\n|turn|2\n|\n|switch|p1a: Rillaboom|Rillaboom, F|100\/100\n|-fieldstart|move: Grassy Terrain|[from] ability: Grassy Surge|[of] p1a: Rillaboom\n|move|p2a: Magearna|Volt Switch|p1a: Rillaboom\n|-resisted|p1a: Rillaboom\n|-damage|p1a: Rillaboom|92\/100\n|\n|switch|p2a: Kingdra|Kingdra, M|100\/100|[from]move: Volt Switch\n|\n|-heal|p1a: Rillaboom|98\/100|[from] Grassy Terrain\n|upkeep\n|turn|3\n|\n|switch|p1a: Toxapex|Toxapex, M|100\/100\n|move|p2a: Kingdra|Hurricane|p1a: Toxapex\n|-damage|p1a: Toxapex|68\/100\n|\n|-heal|p1a: Toxapex|75\/100|[from] item: Black Sludge\n|-heal|p1a: Toxapex|81\/100|[from] Grassy Terrain\n|upkeep\n|turn|4\n|\n|switch|p2a: Pelipper|Pelipper, F|100\/100\n|-weather|RainDance|[from] ability: Drizzle|[of] p2a: Pelipper\n|move|p1a: Toxapex|Scald|p2a: Pelipper\n|-resisted|p2a: Pelipper\n|-damage|p2a: Pelipper|83\/100\n|\n|-weather|RainDance|[upkeep]\n|-heal|p1a: Toxapex|87\/100|[from] item: Black Sludge\n|-heal|p1a: Toxapex|93\/100|[from] Grassy Terrain\n|upkeep\n|turn|5\n|\n|move|p2a: Pelipper|U-turn|p1a: Toxapex\n|-resisted|p1a: Toxapex\n|-damage|p1a: Toxapex|90\/100\n|\n|switch|p2a: Scizor|Scizor, M|100\/100|[from]move: U-turn\n|move|p1a: Toxapex|Toxic|p2a: Scizor\n|-immune|p2a: Scizor\n|\n|-weather|RainDance|[upkeep]\n|-heal|p1a: Toxapex|96\/100|[from] item: Black Sludge\n|-heal|p1a: Toxapex|100\/100|[from] Grassy Terrain\n|upkeep\n|turn|6\n|\n|switch|p1a: Mandibuzz|Mandibuzz, F|100\/100\n|move|p2a: Scizor|Swords Dance|p2a: Scizor\n|-boost|p2a: Scizor|atk|2\n|\n|-weather|RainDance|[upkeep]\n|-fieldend|move: Grassy Terrain\n|upkeep\n|turn|7\n|\n|switch|p2a: Magearna|Magearna|100\/100\n|move|p1a: Mandibuzz|Foul Play|p2a: Magearna\n|-resisted|p2a: Magearna\n|-damage|p2a: Magearna|90\/100\n|\n|-weather|RainDance|[upkeep]\n|upkeep\n|turn|8\n|\n|switch|p1a: Hippowdon|Hippowdon, F|100\/100\n|-weather|Sandstorm|[from] ability: Sand Stream|[of] p1a: Hippowdon\n|move|p2a: Magearna|Volt Switch|p1a: Hippowdon\n|-immune|p1a: Hippowdon\n|\n|-weather|Sandstorm|[upkeep]\n|upkeep\n|turn|9\n|\n|move|p2a: Magearna|Ice Beam|p1a: Hippowdon\n|-supereffective|p1a: Hippowdon\n|-damage|p1a: Hippowdon|35\/100\n|move|p1a: Hippowdon|Slack Off|p1a: Hippowdon\n|-heal|p1a: Hippowdon|85\/100\n|\n|-weather|Sandstorm|[upkeep]\n|-heal|p1a: Hippowdon|91\/100|[from] item: Leftovers\n|upkeep\n|turn|10\n|\n|switch|p1a: Toxapex|Toxapex, M|100\/100\n|move|p2a: Magearna|Ice Beam|p1a: Toxapex\n|-resisted|p1a: Toxapex\n|-damage|p1a: Toxapex|91\/100\n|\n|-weather|Sandstorm|[upkeep]\n|-damage|p1a: Toxapex|84\/100|[from] Sandstorm\n|-heal|p1a: Toxapex|91\/100|[from] item: Black Sludge\n|upkeep\n|turn|11\n|\n|move|p2a: Magearna|Volt Switch|p1a: Toxapex\n|-supereffective|p1a: Toxapex\n|-crit|p1a: Toxapex\n|-damage|p1a: Toxapex|39\/100\n|inactive|mongwong has 120 seconds left.\n|\n|switch|p2a: Pelipper|Pelipper, F|83\/100|[from]move: Volt Switch\n|-weather|RainDance|[from] ability: Drizzle|[of] p2a: Pelipper\n|move|p1a: Toxapex|Toxic|p2a: Pelipper\n|-status|p2a: Pelipper|tox\n|\n|-weather|RainDance|[upkeep]\n|-heal|p1a: Toxapex|45\/100|[from] item: Black Sludge\n|-damage|p2a: Pelipper|77\/100 tox|[from] psn\n|upkeep\n|turn|12\n|\n|move|p2a: Pelipper|U-turn|p1a: Toxapex\n|-resisted|p1a: Toxapex\n|-damage|p1a: Toxapex|41\/100\n|\n|switch|p2a: Magearna|Magearna|90\/100|[from]move: U-turn\n|move|p1a: Toxapex|Recover|p1a: Toxapex\n|-heal|p1a: Toxapex|91\/100\n|\n|-weather|RainDance|[upkeep]\n|-heal|p1a: Toxapex|98\/100|[from] item: Black Sludge\n|upkeep\n|turn|13\n|\n|move|p2a: Magearna|Volt Switch|p1a: Toxapex\n|-supereffective|p1a: Toxapex\n|-damage|p1a: Toxapex|64\/100\n|\n|switch|p2a: Ferrothorn|Ferrothorn, M|100\/100|[from]move: Volt Switch\n|move|p1a: Toxapex|Scald|p2a: Ferrothorn\n|-resisted|p2a: Ferrothorn\n|-damage|p2a: Ferrothorn|89\/100\n|\n|-weather|RainDance|[upkeep]\n|-heal|p1a: Toxapex|70\/100|[from] item: Black Sludge\n|-heal|p2a: Ferrothorn|95\/100|[from] item: Leftovers\n|upkeep\n|turn|14\n|\n|move|p1a: Toxapex|Scald|p2a: Ferrothorn\n|-resisted|p2a: Ferrothorn\n|-damage|p2a: Ferrothorn|85\/100\n|move|p2a: Ferrothorn|Stealth Rock|p1a: Toxapex\n|-sidestart|p1: AlkagenCUintania|move: Stealth Rock\n|\n|-weather|RainDance|[upkeep]\n|-heal|p1a: Toxapex|76\/100|[from] item: Black Sludge\n|-heal|p2a: Ferrothorn|91\/100|[from] item: Leftovers\n|upkeep\n|turn|15\n|\n|move|p1a: Toxapex|Scald|p2a: Ferrothorn\n|-resisted|p2a: Ferrothorn\n|-damage|p2a: Ferrothorn|81\/100\n|move|p2a: Ferrothorn|Knock Off|p1a: Toxapex\n|-damage|p1a: Toxapex|59\/100\n|-enditem|p1a: Toxapex|Black Sludge|[from] move: Knock Off|[of] p2a: Ferrothorn\n|\n|-weather|RainDance|[upkeep]\n|-heal|p2a: Ferrothorn|87\/100|[from] item: Leftovers\n|upkeep\n|turn|16\n|\n|move|p1a: Toxapex|Scald|p2a: Ferrothorn\n|-resisted|p2a: Ferrothorn\n|-damage|p2a: Ferrothorn|77\/100\n|move|p2a: Ferrothorn|Leech Seed|p1a: Toxapex\n|-start|p1a: Toxapex|move: Leech Seed\n|\n|-weather|RainDance|[upkeep]\n|-heal|p2a: Ferrothorn|83\/100|[from] item: Leftovers\n|-damage|p1a: Toxapex|47\/100|[from] Leech Seed|[of] p2a: Ferrothorn\n|-heal|p2a: Ferrothorn|94\/100|[silent]\n|upkeep\n|turn|17\n|\n|move|p1a: Toxapex|Recover|p1a: Toxapex\n|-heal|p1a: Toxapex|97\/100\n|move|p2a: Ferrothorn|Thunder Wave|p1a: Toxapex\n|-status|p1a: Toxapex|par\n|\n|-weather|RainDance|[upkeep]\n|-heal|p2a: Ferrothorn|99\/100|[from] item: Leftovers\n|-damage|p1a: Toxapex|84\/100 par|[from] Leech Seed|[of] p2a: Ferrothorn\n|-heal|p2a: Ferrothorn|100\/100|[silent]\n|upkeep\n|turn|18\n|\n|move|p2a: Ferrothorn|Knock Off|p1a: Toxapex\n|-damage|p1a: Toxapex|72\/100 par\n|move|p1a: Toxapex|Scald|p2a: Ferrothorn\n|-resisted|p2a: Ferrothorn\n|-damage|p2a: Ferrothorn|89\/100\n|-status|p2a: Ferrothorn|brn\n|\n|-weather|none\n|-heal|p2a: Ferrothorn|95\/100 brn|[from] item: Leftovers\n|-damage|p1a: Toxapex|60\/100 par|[from] Leech Seed|[of] p2a: Ferrothorn\n|-heal|p2a: Ferrothorn|100\/100 brn|[silent]\n|-damage|p2a: Ferrothorn|94\/100 brn|[from] brn\n|upkeep\n|turn|19\n|\n|switch|p2a: Pelipper|Pelipper, F|77\/100 tox\n|-weather|RainDance|[from] ability: Drizzle|[of] p2a: Pelipper\n|cant|p1a: Toxapex|par\n|\n|-weather|RainDance|[upkeep]\n|-damage|p1a: Toxapex|47\/100 par|[from] Leech Seed|[of] p2a: Pelipper\n|-heal|p2a: Pelipper|89\/100 tox|[silent]\n|-damage|p2a: Pelipper|83\/100 tox|[from] psn\n|upkeep\n|turn|20\n|\n|move|p2a: Pelipper|U-turn|p1a: Toxapex\n|-resisted|p1a: Toxapex\n|-damage|p1a: Toxapex|44\/100 par\n|\n|switch|p2a: Scizor|Scizor, M|100\/100|[from]move: U-turn\n|cant|p1a: Toxapex|par\n|\n|-weather|RainDance|[upkeep]\n|-damage|p1a: Toxapex|31\/100 par|[from] Leech Seed|[of] p2a: Scizor\n|upkeep\n|turn|21\n|\n|switch|p1a: Mandibuzz|Mandibuzz, F|100\/100\n|move|p2a: Scizor|Psycho Cut|p1a: Mandibuzz\n|-immune|p1a: Mandibuzz\n|\n|-weather|RainDance|[upkeep]\n|upkeep\n|turn|22\n|\n|switch|p2a: Ferrothorn|Ferrothorn, M|94\/100 brn\n|move|p1a: Mandibuzz|Defog|p2a: Ferrothorn\n|-unboost|p2a: Ferrothorn|evasion|1\n|-sideend|p1: AlkagenCUintania|Stealth Rock|[from] move: Defog|[of] p1a: Mandibuzz\n|\n|-weather|RainDance|[upkeep]\n|-heal|p2a: Ferrothorn|100\/100 brn|[from] item: Leftovers\n|-damage|p2a: Ferrothorn|94\/100 brn|[from] brn\n|upkeep\n|turn|23\n|\n|switch|p1a: Rillaboom|Rillaboom, F|98\/100\n|-fieldstart|move: Grassy Terrain|[from] ability: Grassy Surge|[of] p1a: Rillaboom\n|move|p2a: Ferrothorn|Leech Seed|p1a: Rillaboom\n|-immune|p1a: Rillaboom\n|\n|-weather|RainDance|[upkeep]\n|-heal|p1a: Rillaboom|100\/100|[from] Grassy Terrain\n|-heal|p2a: Ferrothorn|100\/100 brn|[from] item: Leftovers\n|-damage|p2a: Ferrothorn|94\/100 brn|[from] brn\n|upkeep\n|turn|24\n|\n|move|p1a: Rillaboom|Swords Dance|p1a: Rillaboom\n|-boost|p1a: Rillaboom|atk|2\n|move|p2a: Ferrothorn|Thunder Wave|p1a: Rillaboom\n|-status|p1a: Rillaboom|par\n|\n|-weather|RainDance|[upkeep]\n|-heal|p2a: Ferrothorn|100\/100 brn|[from] item: Leftovers\n|-damage|p2a: Ferrothorn|94\/100 brn|[from] brn\n|upkeep\n|turn|25\n|\n|switch|p2a: Scizor|Scizor, M|100\/100\n|cant|p1a: Rillaboom|par\n|\n|-weather|RainDance|[upkeep]\n|upkeep\n|turn|26\n|\n|switch|p1a: Mandibuzz|Mandibuzz, F|100\/100\n|move|p2a: Scizor|Knock Off|p1a: Mandibuzz\n|-resisted|p1a: Mandibuzz\n|-damage|p1a: Mandibuzz|85\/100\n|-enditem|p1a: Mandibuzz|Heavy-Duty Boots|[from] move: Knock Off|[of] p2a: Scizor\n|-damage|p2a: Scizor|91\/100|[from] item: Life Orb\n|\n|-weather|none\n|-heal|p2a: Scizor|97\/100|[from] Grassy Terrain\n|upkeep\n|turn|27\n|\n|switch|p2a: Ferrothorn|Ferrothorn, M|94\/100 brn\n|move|p1a: Mandibuzz|U-turn|p2a: Ferrothorn\n|-damage|p2a: Ferrothorn|88\/100 brn\n|-damage|p1a: Mandibuzz|73\/100|[from] ability: Iron Barbs|[of] p2a: Ferrothorn\n|\n|switch|p1a: Marowak|Marowak-Alola, F|100\/100|[from]move: U-turn\n|\n|-heal|p2a: Ferrothorn|94\/100 brn|[from] item: Leftovers\n|-heal|p2a: Ferrothorn|100\/100 brn|[from] Grassy Terrain\n|-fieldend|move: Grassy Terrain\n|-damage|p2a: Ferrothorn|94\/100 brn|[from] brn\n|upkeep\n|turn|28\n|\n|switch|p2a: Pelipper|Pelipper, F|83\/100 tox\n|-weather|RainDance|[from] ability: Drizzle|[of] p2a: Pelipper\n|move|p1a: Marowak|Flare Blitz|p2a: Pelipper\n|-resisted|p2a: Pelipper\n|-damage|p2a: Pelipper|65\/100 tox\n|\n|-weather|RainDance|[upkeep]\n|-damage|p2a: Pelipper|59\/100 tox|[from] psn\n|upkeep\n|turn|29\n|\n|move|p1a: Marowak|Poltergeist|p2a: Pelipper\n|-activate|p2a: Pelipper|move: Poltergeist|Damp Rock\n|-damage|p2a: Pelipper|0 fnt\n|faint|p2a: Pelipper\n|\n|-weather|RainDance|[upkeep]\n|upkeep\n|\n|switch|p2a: Kingdra|Kingdra, M|100\/100\n|turn|30\n|\n|switch|p1a: Hippowdon|Hippowdon, F|91\/100\n|-weather|Sandstorm|[from] ability: Sand Stream|[of] p1a: Hippowdon\n|move|p2a: Kingdra|Surf|p1a: Hippowdon\n|-supereffective|p1a: Hippowdon\n|-damage|p1a: Hippowdon|0 fnt\n|faint|p1a: Hippowdon\n|\n|-weather|Sandstorm|[upkeep]\n|-damage|p2a: Kingdra|94\/100|[from] Sandstorm\n|upkeep\n|\n|switch|p1a: Rillaboom|Rillaboom, F|100\/100 par\n|-fieldstart|move: Grassy Terrain|[from] ability: Grassy Surge|[of] p1a: Rillaboom\n|turn|31\n|\n|switch|p2a: Magearna|Magearna|90\/100\n|move|p1a: Rillaboom|Swords Dance|p1a: Rillaboom\n|-boost|p1a: Rillaboom|atk|2\n|\n|-weather|Sandstorm|[upkeep]\n|-damage|p1a: Rillaboom|94\/100 par|[from] Sandstorm\n|-heal|p2a: Magearna|96\/100|[from] Grassy Terrain\n|-heal|p1a: Rillaboom|100\/100 par|[from] Grassy Terrain\n|upkeep\n|turn|32\n|\n|move|p2a: Magearna|Ice Beam|p1a: Rillaboom\n|-supereffective|p1a: Rillaboom\n|-damage|p1a: Rillaboom|11\/100 par\n|move|p1a: Rillaboom|Superpower|p2a: Magearna\n|-damage|p2a: Magearna|0 fnt\n|-unboost|p1a: Rillaboom|atk|1\n|-unboost|p1a: Rillaboom|def|1\n|-damage|p1a: Rillaboom|1\/100 par|[from] item: Life Orb\n|faint|p2a: Magearna\n|\n|-weather|Sandstorm|[upkeep]\n|-damage|p1a: Rillaboom|0 fnt|[from] Sandstorm\n|faint|p1a: Rillaboom\n|upkeep\n|\n|switch|p1a: Zeraora|Zeraora|100\/100\n|switch|p2a: Barraskewda|Barraskewda, M|100\/100\n|turn|33\n|\n|switch|p2a: Ferrothorn|Ferrothorn, M|94\/100 brn\n|move|p1a: Zeraora|Bulk Up|p1a: Zeraora\n|-boost|p1a: Zeraora|atk|1\n|-boost|p1a: Zeraora|def|1\n|\n|-weather|Sandstorm|[upkeep]\n|-damage|p1a: Zeraora|95\/100|[from] Sandstorm\n|-heal|p1a: Zeraora|100\/100|[from] item: Leftovers\n|-heal|p2a: Ferrothorn|100\/100 brn|[from] item: Leftovers\n|-damage|p2a: Ferrothorn|94\/100 brn|[from] brn\n|upkeep\n|turn|34\n|\n|move|p1a: Zeraora|Bulk Up|p1a: Zeraora\n|-boost|p1a: Zeraora|atk|1\n|-boost|p1a: Zeraora|def|1\n|move|p2a: Ferrothorn|Leech Seed|p1a: Zeraora\n|-start|p1a: Zeraora|move: Leech Seed\n|\n|-weather|none\n|-heal|p2a: Ferrothorn|100\/100 brn|[from] item: Leftovers\n|-damage|p1a: Zeraora|88\/100|[from] Leech Seed|[of] p2a: Ferrothorn\n|-damage|p2a: Ferrothorn|94\/100 brn|[from] brn\n|upkeep\n|turn|35\n|\n|move|p1a: Zeraora|Close Combat|p2a: Ferrothorn\n|-supereffective|p2a: Ferrothorn\n|-damage|p2a: Ferrothorn|6\/100 brn\n|-unboost|p1a: Zeraora|def|1\n|-unboost|p1a: Zeraora|spd|1\n|-damage|p1a: Zeraora|76\/100|[from] ability: Iron Barbs|[of] p2a: Ferrothorn\n|move|p2a: Ferrothorn|Knock Off|p1a: Zeraora\n|-damage|p1a: Zeraora|66\/100\n|-enditem|p1a: Zeraora|Leftovers|[from] move: Knock Off|[of] p2a: Ferrothorn\n|\n|-heal|p1a: Zeraora|72\/100|[from] Grassy Terrain\n|-heal|p2a: Ferrothorn|12\/100 brn|[from] item: Leftovers\n|-heal|p2a: Ferrothorn|18\/100 brn|[from] Grassy Terrain\n|-fieldend|move: Grassy Terrain\n|-damage|p1a: Zeraora|60\/100|[from] Leech Seed|[of] p2a: Ferrothorn\n|-heal|p2a: Ferrothorn|29\/100 brn|[silent]\n|-damage|p2a: Ferrothorn|23\/100 brn|[from] brn\n|upkeep\n|turn|36\n|\n|move|p1a: Zeraora|Knock Off|p2a: Ferrothorn\n|-damage|p2a: Ferrothorn|0 fnt\n|-damage|p1a: Zeraora|48\/100|[from] ability: Iron Barbs|[of] p2a: Ferrothorn\n|-enditem|p2a: Ferrothorn|Leftovers|[from] move: Knock Off|[of] p1a: Zeraora\n|faint|p2a: Ferrothorn\n|\n|upkeep\n|\n|switch|p2a: Scizor|Scizor, M|97\/100\n|turn|37\n|\n|move|p2a: Scizor|Bullet Punch|p1a: Zeraora\n|-resisted|p1a: Zeraora\n|-damage|p1a: Zeraora|28\/100\n|-damage|p2a: Scizor|87\/100|[from] item: Life Orb\n|move|p1a: Zeraora|Plasma Fists|p2a: Scizor\n|-damage|p2a: Scizor|0 fnt\n|-fieldactivate|move: Ion Deluge\n|faint|p2a: Scizor\n|\n|upkeep\n|\n|switch|p2a: Kingdra|Kingdra, M|94\/100\n|turn|38\n|\n|move|p1a: Zeraora|Plasma Fists|p2a: Kingdra\n|-damage|p2a: Kingdra|0 fnt\n|-fieldactivate|move: Ion Deluge\n|faint|p2a: Kingdra\n|\n|upkeep\n|\n|switch|p2a: Barraskewda|Barraskewda, M|100\/100\n|turn|39\n|\n|move|p1a: Zeraora|Plasma Fists|p2a: Barraskewda\n|-supereffective|p2a: Barraskewda\n|-damage|p2a: Barraskewda|0 fnt\n|-fieldactivate|move: Ion Deluge\n|faint|p2a: Barraskewda\n|\n|win|AlkagenCUintania\n|l|\u2606mongwong\n","uploadtime":1594191070,"views":5,"p1id":"alkagencuintania","p2id":"mongwong","formatid":"gen8ou","rating":0,"private":0,"password":null}