{"id":"gen8ou-1629739575","p1":"Daevank5","p2":"MajesticM","format":"gen8ou","log":"|j|\u2606Daevank5\n|j|\u2606MajesticM\n|inactive|Battle timer is ON: inactive players will automatically lose when time's up.\n|t:|1659341004\n|gametype|singles\n|player|p1|Daevank5|102|\n|player|p2|MajesticM|raihan-masters|\n|teamsize|p1|6\n|teamsize|p2|6\n|gen|8\n|tier|[Gen 8] OU\n|rated|Tournament battle\n|rule|Sleep Clause Mod: Limit one foe put to sleep\n|rule|Species Clause: Limit one of each Pok\u00e9mon\n|rule|OHKO Clause: OHKO moves are banned\n|rule|Evasion Moves Clause: Evasion moves are banned\n|rule|Endless Battle Clause: Forcing endless battles is banned\n|rule|HP Percentage Mod: HP is shown in percentages\n|rule|Dynamax Clause: You cannot dynamax\n|clearpoke\n|poke|p1|Bisharp, M|\n|poke|p1|Corviknight, F|\n|poke|p1|Terrakion|\n|poke|p1|Toxapex, F|\n|poke|p1|Zeraora|\n|poke|p1|Mamoswine, F|\n|poke|p2|Tapu Lele|\n|poke|p2|Blacephalon|\n|poke|p2|Magnezone|\n|poke|p2|Swampert, M|\n|poke|p2|Rillaboom, M|\n|poke|p2|Hawlucha, F|\n|teampreview\n|j| Scubon\n|\n|t:|1659341022\n|start\n|switch|p1a: Terrakion|Terrakion|100\/100\n|switch|p2a: Swampert|Swampert, M|100\/100\n|turn|1\n|\n|t:|1659341025\n|move|p1a: Terrakion|Close Combat|p2a: Swampert\n|-damage|p2a: Swampert|10\/100\n|-unboost|p1a: Terrakion|def|1\n|-unboost|p1a: Terrakion|spd|1\n|-damage|p1a: Terrakion|84\/100|[from] item: Rocky Helmet|[of] p2a: Swampert\n|move|p2a: Swampert|Stealth Rock|p1a: Terrakion\n|-sidestart|p1: Daevank5|move: Stealth Rock\n|\n|upkeep\n|turn|2\n|\n|t:|1659341035\n|move|p1a: Terrakion|Close Combat|p2a: Swampert\n|-damage|p2a: Swampert|0 fnt\n|-unboost|p1a: Terrakion|def|1\n|-unboost|p1a: Terrakion|spd|1\n|-damage|p1a: Terrakion|68\/100|[from] item: Rocky Helmet|[of] p2a: Swampert\n|faint|p2a: Swampert\n|\n|upkeep\n|l| Scubon\n|\n|t:|1659341039\n|switch|p2a: Rillaboom|Rillaboom, M|100\/100\n|-fieldstart|move: Grassy Terrain|[from] ability: Grassy Surge|[of] p2a: Rillaboom\n|turn|3\n|\n|t:|1659341055\n|move|p1a: Terrakion|Close Combat|p2a: Rillaboom\n|-damage|p2a: Rillaboom|0 fnt\n|-unboost|p1a: Terrakion|def|1\n|-unboost|p1a: Terrakion|spd|1\n|faint|p2a: Rillaboom\n|\n|-heal|p1a: Terrakion|74\/100|[from] Grassy Terrain\n|upkeep\n|\n|t:|1659341058\n|switch|p2a: Hawlucha|Hawlucha, F|100\/100\n|-enditem|p2a: Hawlucha|Grassy Seed\n|-boost|p2a: Hawlucha|def|1|[from] item: Grassy Seed\n|turn|4\n|inactive|Daevank5 has 120 seconds left.\n|\n|t:|1659341092\n|move|p2a: Hawlucha|Swords Dance|p2a: Hawlucha\n|-boost|p2a: Hawlucha|atk|2\n|move|p1a: Terrakion|Close Combat|p2a: Hawlucha\n|-resisted|p2a: Hawlucha\n|-damage|p2a: Hawlucha|56\/100\n|-unboost|p1a: Terrakion|def|1\n|-unboost|p1a: Terrakion|spd|1\n|\n|-heal|p1a: Terrakion|80\/100|[from] Grassy Terrain\n|upkeep\n|turn|5\n|c|\u2606MajesticM|Geez\n|inactive|Daevank5 has 120 seconds left.\n|c|\u2606Daevank5|terrakion actually doing something for once\n|\n|t:|1659341117\n|switch|p1a: Corviknight|Corviknight, F|100\/100\n|-damage|p1a: Corviknight|88\/100|[from] Stealth Rock\n|-ability|p1a: Corviknight|Pressure\n|move|p2a: Hawlucha|Acrobatics|p1a: Corviknight\n|-resisted|p1a: Corviknight\n|-damage|p1a: Corviknight|54\/100\n|\n|-heal|p1a: Corviknight|61\/100|[from] item: Leftovers\n|upkeep\n|turn|6\n|\n|t:|1659341123\n|move|p2a: Hawlucha|Close Combat|p1a: Corviknight\n|-damage|p1a: Corviknight|0 fnt\n|-unboost|p2a: Hawlucha|def|1\n|-unboost|p2a: Hawlucha|spd|1\n|faint|p1a: Corviknight\n|\n|upkeep\n|\n|t:|1659341147\n|switch|p1a: Mamoswine|Mamoswine, F|100\/100\n|-damage|p1a: Mamoswine|88\/100|[from] Stealth Rock\n|turn|7\n|\n|t:|1659341164\n|move|p1a: Mamoswine|Ice Shard|p2a: Hawlucha\n|-supereffective|p2a: Hawlucha\n|-damage|p2a: Hawlucha|0 fnt\n|faint|p2a: Hawlucha\n|-damage|p1a: Mamoswine|78\/100|[from] item: Life Orb\n|\n|-heal|p1a: Mamoswine|84\/100|[from] Grassy Terrain\n|-fieldend|move: Grassy Terrain\n|upkeep\n|\n|t:|1659341168\n|switch|p2a: Tapu Lele|Tapu Lele|100\/100\n|-fieldstart|move: Psychic Terrain|[from] ability: Psychic Surge|[of] p2a: Tapu Lele\n|turn|8\n|\n|t:|1659341179\n|move|p2a: Tapu Lele|Psychic|p1a: Mamoswine\n|-damage|p1a: Mamoswine|0 fnt\n|faint|p1a: Mamoswine\n|\n|upkeep\n|\n|t:|1659341207\n|switch|p1a: Bisharp|Bisharp, M|100\/100\n|-damage|p1a: Bisharp|95\/100|[from] Stealth Rock\n|turn|9\n|\n|t:|1659341210\n|switch|p2a: Magnezone|Magnezone|100\/100\n|-item|p2a: Magnezone|Air Balloon\n|move|p1a: Bisharp|Swords Dance|p1a: Bisharp\n|-boost|p1a: Bisharp|atk|2\n|\n|upkeep\n|turn|10\n|\n|t:|1659341214\n|move|p1a: Bisharp|Knock Off|p2a: Magnezone\n|-damage|p2a: Magnezone|0 fnt\n|-enditem|p2a: Magnezone|Air Balloon\n|faint|p2a: Magnezone\n|-damage|p1a: Bisharp|85\/100|[from] item: Life Orb\n|\n|upkeep\n|\n|t:|1659341217\n|switch|p2a: Blacephalon|Blacephalon|100\/100\n|turn|11\n|\n|t:|1659341223\n|switch|p1a: Toxapex|Toxapex, F|100\/100\n|-damage|p1a: Toxapex|88\/100|[from] Stealth Rock\n|move|p2a: Blacephalon|Expanding Force|p1a: Toxapex\n|-supereffective|p1a: Toxapex\n|-damage|p1a: Toxapex|0 fnt\n|faint|p1a: Toxapex\n|-ability|p2a: Blacephalon|Beast Boost|boost\n|-boost|p2a: Blacephalon|spa|1\n|\n|upkeep\n|c|\u2606Daevank5|oh fuck\n|inactive|Daevank5 has 120 seconds left.\n|c|\u2606Daevank5|i had an eject button\n|c|\u2606Daevank5|i didnt think about expanding force\n|inactive|Daevank5 has 90 seconds left.\n|c|\u2606MajesticM|Nobody ever does\n|c|\u2606MajesticM|It's a cool tech imo\n|c|\u2606Daevank5|it is a cool tech\n|c|\u2606MajesticM|Ty\n|inactive|Daevank5 has 60 seconds left.\n|\n|t:|1659341298\n|switch|p1a: Zeraora|Zeraora|100\/100\n|turn|12\n|\n|t:|1659341307\n|move|p2a: Blacephalon|Expanding Force|p1a: Zeraora\n|-damage|p1a: Zeraora|0 fnt\n|faint|p1a: Zeraora\n|-ability|p2a: Blacephalon|Beast Boost|boost\n|-boost|p2a: Blacephalon|spa|1\n|\n|-fieldend|move: Psychic Terrain\n|upkeep\n|\n|t:|1659341309\n|switch|p1a: Bisharp|Bisharp, M|85\/100\n|-damage|p1a: Bisharp|79\/100|[from] Stealth Rock\n|turn|13\n|\n|t:|1659341310\n|switch|p2a: Tapu Lele|Tapu Lele|100\/100\n|-fieldstart|move: Psychic Terrain|[from] ability: Psychic Surge|[of] p2a: Tapu Lele\n|move|p1a: Bisharp|Iron Head|p2a: Tapu Lele\n|-supereffective|p2a: Tapu Lele\n|-damage|p2a: Tapu Lele|0 fnt\n|faint|p2a: Tapu Lele\n|-damage|p1a: Bisharp|69\/100|[from] item: Life Orb\n|\n|upkeep\n|\n|t:|1659341313\n|switch|p2a: Blacephalon|Blacephalon|100\/100\n|turn|14\n|c|\u2606Daevank5|terrak\n|c|\u2606Daevank5|imma need you\n|c|\u2606Daevank5|to survive\n|inactive|MajesticM has 120 seconds left.\n|c|\u2606Daevank5|but i feel like he hella dies\n|inactive|MajesticM has 90 seconds left.\n|\n|t:|1659341403\n|move|p2a: Blacephalon|Flamethrower|p1a: Bisharp\n|-supereffective|p1a: Bisharp\n|-damage|p1a: Bisharp|0 fnt\n|faint|p1a: Bisharp\n|-ability|p2a: Blacephalon|Beast Boost|boost\n|-boost|p2a: Blacephalon|spa|1\n|\n|upkeep\n|inactive|Daevank5 has 90 seconds left.\n|\n|t:|1659341415\n|switch|p1a: Terrakion|Terrakion|80\/100\n|-damage|p1a: Terrakion|74\/100|[from] Stealth Rock\n|turn|15\n|c|\u2606Daevank5|just live\n|c|\u2606MajesticM|Nah you win I'm pretty sure\n|\n|t:|1659341421\n|move|p2a: Blacephalon|Flamethrower|p1a: Terrakion\n|-resisted|p1a: Terrakion\n|-damage|p1a: Terrakion|26\/100\n|move|p1a: Terrakion|Earthquake|p2a: Blacephalon\n|-supereffective|p2a: Blacephalon\n|-damage|p2a: Blacephalon|0 fnt\n|faint|p2a: Blacephalon\n|\n|win|Daevank5\n|n|\u2606Daevank5|daevank5\n|n|\u2606MajesticM|majesticm\n|c|\u2606Daevank5|oh fuck\n|c|\u2606Daevank5|that didnt do anyuthing\n|c|\u2606Daevank5|gg\n|c|\u2606Daevank5|brother\n|c|\u2606MajesticM|Gg\n","uploadtime":1659341434,"views":37,"p1id":"daevank5","p2id":"majesticm","formatid":"gen8ou","rating":0,"private":0,"password":null}