{"id":"gen8nu-1610774345","p1":"xasah\u2764bae","p2":"JStarXX","format":"gen8nu","log":"|j|\u2606xasah\u2764bae\n|j|\u2606JStarXX\n|inactive|Battle timer is ON: inactive players will automatically lose when time's up.\n|t:|1657028926\n|gametype|singles\n|player|p1|xasah\u2764bae|2|\n|player|p2|JStarXX|wattson|\n|teamsize|p1|6\n|teamsize|p2|6\n|gen|8\n|tier|[Gen 8] NU\n|rated|Tournament battle\n|rule|Sleep Clause Mod: Limit one foe put to sleep\n|rule|Species Clause: Limit one of each Pok\u00e9mon\n|rule|OHKO Clause: OHKO moves are banned\n|rule|Evasion Moves Clause: Evasion moves are banned\n|rule|Endless Battle Clause: Forcing endless battles is banned\n|rule|HP Percentage Mod: HP is shown in percentages\n|rule|Dynamax Clause: You cannot dynamax\n|clearpoke\n|poke|p1|Aerodactyl, M|\n|poke|p1|Xatu, F|\n|poke|p1|Glastrier|\n|poke|p1|Decidueye, F|\n|poke|p1|Salazzle, F|\n|poke|p1|Blastoise, F|\n|poke|p2|Decidueye, F|\n|poke|p2|Rotom-Mow|\n|poke|p2|Vaporeon, M|\n|poke|p2|Mudsdale, M|\n|poke|p2|Talonflame, F|\n|poke|p2|Escavalier, F|\n|teampreview\n|j|*Lady Monita \u2600\n|inactive|xasah\u2764bae has 120 seconds left.\n|inactive|JStarXX has 120 seconds left.\n|inactive|xasah\u2764bae has 90 seconds left.\n|\n|t:|1657029008\n|start\n|switch|p1a: Aerodactyl|Aerodactyl, M|100\/100\n|switch|p2a: Rotom|Rotom-Mow|100\/100\n|turn|1\n|\n|t:|1657029019\n|move|p1a: Aerodactyl|Stealth Rock|p2a: Rotom\n|-sidestart|p2: JStarXX|move: Stealth Rock\n|move|p2a: Rotom|Volt Switch|p1a: Aerodactyl\n|-supereffective|p1a: Aerodactyl\n|-damage|p1a: Aerodactyl|15\/100\n|\n|t:|1657029026\n|switch|p2a: Mudsdale|Mudsdale, M|100\/100|[from]move: Volt Switch\n|-damage|p2a: Mudsdale|94\/100|[from] Stealth Rock\n|\n|-heal|p2a: Mudsdale|100\/100|[from] item: Leftovers\n|upkeep\n|turn|2\n|j| TURTDATURTLE\n|\n|t:|1657029033\n|move|p1a: Aerodactyl|Taunt|p2a: Mudsdale\n|-start|p2a: Mudsdale|move: Taunt\n|move|p2a: Mudsdale|Smack Down|p1a: Aerodactyl\n|-supereffective|p1a: Aerodactyl\n|-damage|p1a: Aerodactyl|0 fnt\n|faint|p1a: Aerodactyl\n|\n|upkeep\n|l| TURTDATURTLE\n|\n|t:|1657029052\n|switch|p1a: Xatu|Xatu, F|100\/100\n|turn|3\n|\n|t:|1657029067\n|move|p1a: Xatu|Reflect|p1a: Xatu\n|-sidestart|p1: xasah\u2764bae|Reflect\n|move|p2a: Mudsdale|Smack Down|p1a: Xatu\n|-supereffective|p1a: Xatu\n|-crit|p1a: Xatu\n|-damage|p1a: Xatu|56\/100\n|-start|p1a: Xatu|Smack Down\n|\n|upkeep\n|turn|4\n|\n|t:|1657029075\n|move|p2a: Mudsdale|Earthquake|p1a: Xatu\n|-damage|p1a: Xatu|36\/100\n|move|p1a: Xatu|Teleport|p1a: Xatu\n|\n|t:|1657029080\n|switch|p1a: Glastrier|Glastrier|100\/100|[from]move: Teleport\n|\n|-end|p2a: Mudsdale|move: Taunt\n|upkeep\n|turn|5\n|\n|t:|1657029087\n|switch|p2a: Vaporeon|Vaporeon, M|100\/100\n|-damage|p2a: Vaporeon|88\/100|[from] Stealth Rock\n|move|p1a: Glastrier|Substitute|p1a: Glastrier\n|-start|p1a: Glastrier|Substitute\n|-damage|p1a: Glastrier|75\/100\n|\n|-heal|p1a: Glastrier|82\/100|[from] item: Leftovers\n|-heal|p2a: Vaporeon|94\/100|[from] item: Leftovers\n|upkeep\n|turn|6\n|\n|t:|1657029104\n|move|p1a: Glastrier|Swords Dance|p1a: Glastrier\n|-boost|p1a: Glastrier|atk|2\n|move|p2a: Vaporeon|Scald|p1a: Glastrier\n|-activate|p1a: Glastrier|move: Substitute|[damage]\n|\n|-heal|p1a: Glastrier|88\/100|[from] item: Leftovers\n|-heal|p2a: Vaporeon|100\/100|[from] item: Leftovers\n|upkeep\n|turn|7\n|\n|t:|1657029122\n|switch|p2a: Talonflame|Talonflame, F|100\/100\n|move|p1a: Glastrier|Swords Dance|p1a: Glastrier\n|-boost|p1a: Glastrier|atk|2\n|\n|-heal|p1a: Glastrier|94\/100|[from] item: Leftovers\n|-sideend|p1: xasah\u2764bae|Reflect\n|upkeep\n|turn|8\n|\n|t:|1657029131\n|move|p2a: Talonflame|U-turn|p1a: Glastrier\n|-end|p1a: Glastrier|Substitute\n|\n|t:|1657029140\n|switch|p2a: Vaporeon|Vaporeon, M|100\/100|[from]move: U-turn\n|-damage|p2a: Vaporeon|88\/100|[from] Stealth Rock\n|move|p1a: Glastrier|Substitute|p1a: Glastrier\n|-start|p1a: Glastrier|Substitute\n|-damage|p1a: Glastrier|69\/100\n|\n|-heal|p1a: Glastrier|75\/100|[from] item: Leftovers\n|-heal|p2a: Vaporeon|94\/100|[from] item: Leftovers\n|upkeep\n|turn|9\n|\n|t:|1657029157\n|switch|p2a: Talonflame|Talonflame, F|100\/100\n|move|p1a: Glastrier|Swords Dance|p1a: Glastrier\n|-boost|p1a: Glastrier|atk|2\n|\n|-heal|p1a: Glastrier|81\/100|[from] item: Leftovers\n|upkeep\n|turn|10\n|\n|t:|1657029171\n|move|p2a: Talonflame|U-turn|p1a: Glastrier\n|-activate|p1a: Glastrier|move: Substitute|[damage]\n|\n|t:|1657029175\n|switch|p2a: Vaporeon|Vaporeon, M|94\/100|[from]move: U-turn\n|-damage|p2a: Vaporeon|82\/100|[from] Stealth Rock\n|move|p1a: Glastrier|Icicle Crash|p2a: Vaporeon\n|-resisted|p2a: Vaporeon\n|-damage|p2a: Vaporeon|13\/100\n|\n|-heal|p1a: Glastrier|88\/100|[from] item: Leftovers\n|-heal|p2a: Vaporeon|19\/100|[from] item: Leftovers\n|upkeep\n|turn|11\n|\n|t:|1657029185\n|move|p1a: Glastrier|Swords Dance|p1a: Glastrier\n|-boost|p1a: Glastrier|atk|0\n|move|p2a: Vaporeon|Scald|p1a: Glastrier\n|-end|p1a: Glastrier|Substitute\n|\n|-heal|p1a: Glastrier|94\/100|[from] item: Leftovers\n|-heal|p2a: Vaporeon|25\/100|[from] item: Leftovers\n|upkeep\n|turn|12\n|\n|t:|1657029195\n|move|p1a: Glastrier|Substitute|p1a: Glastrier\n|-start|p1a: Glastrier|Substitute\n|-damage|p1a: Glastrier|69\/100\n|move|p2a: Vaporeon|Scald|p1a: Glastrier\n|-activate|p1a: Glastrier|move: Substitute|[damage]\n|\n|-heal|p1a: Glastrier|75\/100|[from] item: Leftovers\n|-heal|p2a: Vaporeon|32\/100|[from] item: Leftovers\n|upkeep\n|turn|13\n|\n|t:|1657029203\n|move|p2a: Vaporeon|Protect|p2a: Vaporeon\n|-singleturn|p2a: Vaporeon|Protect\n|move|p1a: Glastrier|Icicle Crash|p2a: Vaporeon\n|-activate|p2a: Vaporeon|move: Protect\n|\n|-heal|p1a: Glastrier|81\/100|[from] item: Leftovers\n|-heal|p2a: Vaporeon|38\/100|[from] item: Leftovers\n|upkeep\n|turn|14\n|\n|t:|1657029229\n|move|p1a: Glastrier|Icicle Crash|p2a: Vaporeon\n|-resisted|p2a: Vaporeon\n|-damage|p2a: Vaporeon|0 fnt\n|faint|p2a: Vaporeon\n|\n|-heal|p1a: Glastrier|87\/100|[from] item: Leftovers\n|upkeep\n|inactive|JStarXX has 120 seconds left.\n|\n|t:|1657029239\n|switch|p2a: Rotom|Rotom-Mow|100\/100\n|-damage|p2a: Rotom|88\/100|[from] Stealth Rock\n|turn|15\n|\n|t:|1657029258\n|move|p2a: Rotom|Volt Switch|p1a: Glastrier\n|-end|p1a: Glastrier|Substitute\n|\n|t:|1657029262\n|switch|p2a: Escavalier|Escavalier, F|100\/100|[from]move: Volt Switch\n|-damage|p2a: Escavalier|88\/100|[from] Stealth Rock\n|move|p1a: Glastrier|Icicle Crash|p2a: Escavalier\n|-resisted|p2a: Escavalier\n|-damage|p2a: Escavalier|15\/100\n|\n|-heal|p1a: Glastrier|94\/100|[from] item: Leftovers\n|-heal|p2a: Escavalier|21\/100|[from] item: Leftovers\n|upkeep\n|turn|16\n|\n|t:|1657029272\n|move|p1a: Glastrier|Close Combat|p2a: Escavalier\n|-damage|p2a: Escavalier|0 fnt\n|-unboost|p1a: Glastrier|def|1\n|-unboost|p1a: Glastrier|spd|1\n|faint|p2a: Escavalier\n|\n|-heal|p1a: Glastrier|99\/100|[from] item: Leftovers\n|upkeep\n|\n|t:|1657029275\n|switch|p2a: Talonflame|Talonflame, F|100\/100\n|turn|17\n|\n|t:|1657029285\n|move|p2a: Talonflame|Will-O-Wisp|p1a: Glastrier\n|-status|p1a: Glastrier|brn\n|move|p1a: Glastrier|Icicle Crash|p2a: Talonflame\n|-damage|p2a: Talonflame|0 fnt\n|faint|p2a: Talonflame\n|\n|-heal|p1a: Glastrier|100\/100 brn|[from] item: Leftovers\n|-damage|p1a: Glastrier|94\/100 brn|[from] brn\n|upkeep\n|-message|JStarXX forfeited.\n|\n|win|xasah\u2764bae\n|n|\u2606xasah\u2764bae|xasahbae\n|n|\u2606JStarXX|jstarxx\n|n|*Lady Monita \u2600|ladymonita\n|l|*Lady Monita \u2600\n|l|\u2606JStarXX\n","uploadtime":1657029297,"views":4,"p1id":"xasahbae","p2id":"jstarxx","formatid":"gen8nu","rating":0,"private":0,"password":null}