{"id":"gen8ou-1181191963","p1":"LT74PF XelloW","p2":"Ban lando t guy jk","format":"gen8ou","log":"|raw|<div class=\"broadcast-blue\"><strong>This battle is required to be public due to a player having a name starting with 'LT74PF'.<\/div>\n|j|\u2606LT74PF XelloW\n|j|\u2606Ban lando t guy jk\n|t:|1599237859\n|player|p1|LT74PF XelloW|ingo|1507\n|player|p2|Ban lando t guy jk|kimonogirl|1539\n|teamsize|p1|6\n|teamsize|p2|6\n|gametype|singles\n|gen|8\n|tier|[Gen 8] OU\n|rated|\n|clearpoke\n|poke|p1|Gengar, F|\n|poke|p1|Mandibuzz, F|\n|poke|p1|Toxapex, F|\n|poke|p1|Zeraora|\n|poke|p1|Urshifu-*, M|\n|poke|p1|Togekiss, F|\n|poke|p2|Pelipper, F|\n|poke|p2|Kingdra, F|\n|poke|p2|Seismitoad, F|\n|poke|p2|Crawdaunt, M|\n|poke|p2|Clefable, F|\n|poke|p2|Corviknight, M|\n|rule|Sleep Clause Mod: Limit one foe put to sleep\n|rule|Species Clause: Limit one of each Pok\u00e9mon\n|rule|OHKO Clause: OHKO moves are banned\n|rule|Evasion Moves Clause: Evasion moves are banned\n|rule|Endless Battle Clause: Forcing endless battles is banned\n|rule|HP Percentage Mod: HP is shown in percentages\n|rule|Dynamax Clause: You cannot dynamax\n|teampreview\n|inactive|Battle timer is ON: inactive players will automatically lose when time's up. (requested by Ban lando t guy jk)\n|\n|t:|1599237870\n|start\n|switch|p1a: Urshifu|Urshifu-Rapid-Strike, M|100\/100\n|switch|p2a: Pelipper|Pelipper, F|100\/100\n|-weather|RainDance|[from] ability: Drizzle|[of] p2a: Pelipper\n|turn|1\n|\n|t:|1599237879\n|switch|p2a: Corviknight|Corviknight, M|100\/100\n|-ability|p2a: Corviknight|Pressure\n|move|p1a: Urshifu|U-turn|p2a: Corviknight\n|-resisted|p2a: Corviknight\n|-damage|p2a: Corviknight|93\/100\n|-damage|p1a: Urshifu|84\/100|[from] item: Rocky Helmet|[of] p2a: Corviknight\n|\n|t:|1599237889\n|switch|p1a: Zeraora|Zeraora|100\/100|[from]move: U-turn\n|\n|-weather|RainDance|[upkeep]\n|upkeep\n|turn|2\n|\n|t:|1599237893\n|move|p1a: Zeraora|Toxic|p2a: Corviknight\n|-immune|p2a: Corviknight\n|move|p2a: Corviknight|U-turn|p1a: Zeraora\n|-damage|p1a: Zeraora|79\/100\n|\n|t:|1599237897\n|switch|p2a: Seismitoad|Seismitoad, F|100\/100|[from]move: U-turn\n|\n|-weather|RainDance|[upkeep]\n|upkeep\n|turn|3\n|\n|t:|1599237911\n|switch|p1a: Togekiss|Togekiss, F|100\/100\n|move|p2a: Seismitoad|Surf|p1a: Togekiss\n|-damage|p1a: Togekiss|38\/100\n|-damage|p2a: Seismitoad|91\/100|[from] item: Life Orb\n|\n|-weather|RainDance|[upkeep]\n|upkeep\n|turn|4\n|\n|t:|1599237916\n|switch|p1a: Toxapex|Toxapex, F|100\/100\n|move|p2a: Seismitoad|Surf|p1a: Toxapex\n|-resisted|p1a: Toxapex\n|-damage|p1a: Toxapex|67\/100\n|-damage|p2a: Seismitoad|81\/100|[from] item: Life Orb\n|\n|-weather|RainDance|[upkeep]\n|-heal|p1a: Toxapex|72\/100|[from] item: Black Sludge\n|upkeep\n|turn|5\n|\n|t:|1599237922\n|switch|p1a: Togekiss|Togekiss, F|38\/100\n|move|p2a: Seismitoad|Earth Power|p1a: Togekiss\n|-immune|p1a: Togekiss\n|\n|-weather|RainDance|[upkeep]\n|upkeep\n|turn|6\n|\n|t:|1599237931\n|switch|p1a: Toxapex|Toxapex, F|100\/100\n|move|p2a: Seismitoad|Surf|p1a: Toxapex\n|-resisted|p1a: Toxapex\n|-damage|p1a: Toxapex|69\/100\n|-damage|p2a: Seismitoad|71\/100|[from] item: Life Orb\n|\n|-weather|RainDance|[upkeep]\n|-heal|p1a: Toxapex|75\/100|[from] item: Black Sludge\n|upkeep\n|turn|7\n|\n|t:|1599237935\n|move|p2a: Seismitoad|Earth Power|p1a: Toxapex\n|-supereffective|p1a: Toxapex\n|-damage|p1a: Toxapex|0 fnt\n|-damage|p2a: Seismitoad|61\/100|[from] item: Life Orb\n|faint|p1a: Toxapex\n|\n|-weather|RainDance|[upkeep]\n|upkeep\n|\n|t:|1599237943\n|switch|p1a: Urshifu|Urshifu-Rapid-Strike, M|84\/100\n|turn|8\n|\n|t:|1599237946\n|switch|p2a: Corviknight|Corviknight, M|93\/100\n|-ability|p2a: Corviknight|Pressure\n|switch|p1a: Togekiss|Togekiss, F|38\/100\n|\n|-weather|none\n|upkeep\n|turn|9\n|\n|t:|1599237954\n|move|p1a: Togekiss|Thunder Wave|p2a: Corviknight\n|-status|p2a: Corviknight|par\n|move|p2a: Corviknight|U-turn|p1a: Togekiss\n|-resisted|p1a: Togekiss\n|-damage|p1a: Togekiss|36\/100\n|\n|t:|1599237960\n|switch|p2a: Pelipper|Pelipper, F|100\/100|[from]move: U-turn\n|-weather|RainDance|[from] ability: Drizzle|[of] p2a: Pelipper\n|\n|-weather|RainDance|[upkeep]\n|upkeep\n|turn|10\n|\n|t:|1599237965\n|switch|p2a: Seismitoad|Seismitoad, F|61\/100\n|move|p1a: Togekiss|Wish|p1a: Togekiss\n|\n|-weather|RainDance|[upkeep]\n|upkeep\n|turn|11\n|\n|t:|1599237970\n|switch|p1a: Urshifu|Urshifu-Rapid-Strike, M|84\/100\n|move|p2a: Seismitoad|Surf|p1a: Urshifu\n|-resisted|p1a: Urshifu\n|-damage|p1a: Urshifu|24\/100\n|-damage|p2a: Seismitoad|51\/100|[from] item: Life Orb\n|\n|-weather|RainDance|[upkeep]\n|-heal|p1a: Urshifu|79\/100|[from] move: Wish|[wisher] Togekiss\n|upkeep\n|turn|12\n|\n|t:|1599237976\n|switch|p2a: Corviknight|Corviknight, M|93\/100 par\n|-ability|p2a: Corviknight|Pressure\n|move|p1a: Urshifu|Aqua Jet|p2a: Corviknight\n|-damage|p2a: Corviknight|60\/100 par\n|-damage|p1a: Urshifu|62\/100|[from] item: Rocky Helmet|[of] p2a: Corviknight\n|\n|-weather|RainDance|[upkeep]\n|upkeep\n|turn|13\n|l|\u2606Ban lando t guy jk\n|inactive|Ban lando t guy jk disconnected and has a minute to reconnect!\n|player|p2|\n|inactive|LT74PF XelloW has 120 seconds left.\n|j|\u2606Ban lando t guy jk\n|inactive|Ban lando t guy jk reconnected.\n|player|p2|Ban lando t guy jk|kimonogirl\n|inactive|LT74PF XelloW has 90 seconds left.\n|l|\u2606Ban lando t guy jk\n|inactive|Ban lando t guy jk disconnected and has a minute to reconnect!\n|player|p2|\n|j|\u2606Ban lando t guy jk\n|inactive|Ban lando t guy jk reconnected.\n|player|p2|Ban lando t guy jk|kimonogirl\n|\n|t:|1599238057\n|move|p1a: Urshifu|Aqua Jet|p2a: Corviknight\n|-damage|p2a: Corviknight|27\/100 par\n|-damage|p1a: Urshifu|46\/100|[from] item: Rocky Helmet|[of] p2a: Corviknight\n|move|p2a: Corviknight|U-turn|p1a: Urshifu\n|-resisted|p1a: Urshifu\n|-damage|p1a: Urshifu|38\/100\n|\n|t:|1599238076\n|switch|p2a: Crawdaunt|Crawdaunt, M|100\/100|[from]move: U-turn\n|\n|-weather|RainDance|[upkeep]\n|upkeep\n|turn|14\n|\n|t:|1599238086\n|switch|p1a: Togekiss|Togekiss, F|36\/100\n|move|p2a: Crawdaunt|Knock Off|p1a: Togekiss\n|-resisted|p1a: Togekiss\n|-damage|p1a: Togekiss|0 fnt\n|-enditem|p1a: Togekiss|Heavy-Duty Boots|[from] move: Knock Off|[of] p2a: Crawdaunt\n|faint|p1a: Togekiss\n|\n|-weather|RainDance|[upkeep]\n|upkeep\n|\n|t:|1599238088\n|switch|p1a: Zeraora|Zeraora|79\/100\n|turn|15\n|\n|t:|1599238101\n|switch|p2a: Clefable|Clefable, F|100\/100\n|move|p1a: Zeraora|Close Combat|p2a: Clefable\n|-resisted|p2a: Clefable\n|-damage|p2a: Clefable|85\/100\n|-unboost|p1a: Zeraora|def|1\n|-unboost|p1a: Zeraora|spd|1\n|\n|-weather|RainDance|[upkeep]\n|-heal|p2a: Clefable|91\/100|[from] item: Leftovers\n|upkeep\n|turn|16\n|\n|t:|1599238108\n|switch|p1a: Gengar|Gengar, F|100\/100\n|move|p2a: Clefable|Thunder|p1a: Gengar\n|-damage|p1a: Gengar|64\/100\n|-status|p1a: Gengar|par\n|\n|-weather|none\n|-heal|p2a: Clefable|97\/100|[from] item: Leftovers\n|upkeep\n|turn|17\n|\n|t:|1599238118\n|switch|p2a: Pelipper|Pelipper, F|100\/100\n|-weather|RainDance|[from] ability: Drizzle|[of] p2a: Pelipper\n|move|p1a: Gengar|Substitute|p1a: Gengar\n|-start|p1a: Gengar|Substitute\n|-damage|p1a: Gengar|39\/100 par\n|\n|-weather|RainDance|[upkeep]\n|upkeep\n|turn|18\n|\n|t:|1599238126\n|move|p1a: Gengar|Sludge Bomb|p2a: Pelipper\n|-damage|p2a: Pelipper|32\/100\n|move|p2a: Pelipper|Scald|p1a: Gengar\n|-end|p1a: Gengar|Substitute\n|\n|-weather|RainDance|[upkeep]\n|upkeep\n|turn|19\n|\n|t:|1599238135\n|switch|p2a: Clefable|Clefable, F|97\/100\n|move|p1a: Gengar|Hex|p2a: Clefable\n|-damage|p2a: Clefable|67\/100\n|\n|-weather|RainDance|[upkeep]\n|-heal|p2a: Clefable|73\/100|[from] item: Leftovers\n|upkeep\n|turn|20\n|inactive|LT74PF XelloW has 120 seconds left.\n|\n|t:|1599238140\n|move|p1a: Gengar|Sludge Bomb|p2a: Clefable\n|-supereffective|p2a: Clefable\n|-damage|p2a: Clefable|0 fnt\n|faint|p2a: Clefable\n|\n|-weather|RainDance|[upkeep]\n|upkeep\n|\n|t:|1599238145\n|switch|p2a: Kingdra|Kingdra, F|100\/100\n|turn|21\n|\n|t:|1599238153\n|move|p2a: Kingdra|Surf|p1a: Gengar\n|-damage|p1a: Gengar|0 fnt\n|faint|p1a: Gengar\n|\n|-weather|RainDance|[upkeep]\n|upkeep\n|\n|t:|1599238159\n|switch|p1a: Mandibuzz|Mandibuzz, F|100\/100\n|turn|22\n|\n|t:|1599238162\n|move|p2a: Kingdra|Surf|p1a: Mandibuzz\n|-damage|p1a: Mandibuzz|19\/100\n|move|p1a: Mandibuzz|Foul Play|p2a: Kingdra\n|-damage|p2a: Kingdra|71\/100\n|\n|-weather|RainDance|[upkeep]\n|upkeep\n|turn|23\n|\n|t:|1599238171\n|move|p2a: Kingdra|Surf|p1a: Mandibuzz\n|-damage|p1a: Mandibuzz|0 fnt\n|faint|p1a: Mandibuzz\n|\n|-weather|RainDance|[upkeep]\n|upkeep\n|\n|t:|1599238174\n|switch|p1a: Urshifu|Urshifu-Rapid-Strike, M|38\/100\n|turn|24\n|\n|t:|1599238180\n|switch|p2a: Corviknight|Corviknight, M|27\/100 par\n|-ability|p2a: Corviknight|Pressure\n|move|p1a: Urshifu|Close Combat|p2a: Corviknight\n|-damage|p2a: Corviknight|0 fnt\n|-unboost|p1a: Urshifu|def|1\n|-unboost|p1a: Urshifu|spd|1\n|-damage|p1a: Urshifu|22\/100|[from] item: Rocky Helmet|[of] p2a: Corviknight\n|faint|p2a: Corviknight\n|\n|-weather|none\n|upkeep\n|\n|t:|1599238196\n|switch|p2a: Crawdaunt|Crawdaunt, M|100\/100\n|turn|25\n|\n|t:|1599238203\n|move|p2a: Crawdaunt|Aqua Jet|p1a: Urshifu\n|-resisted|p1a: Urshifu\n|-damage|p1a: Urshifu|0 fnt\n|faint|p1a: Urshifu\n|\n|upkeep\n|\n|t:|1599238206\n|switch|p1a: Zeraora|Zeraora|79\/100\n|turn|26\n|\n|t:|1599238211\n|switch|p2a: Pelipper|Pelipper, F|32\/100\n|-weather|RainDance|[from] ability: Drizzle|[of] p2a: Pelipper\n|move|p1a: Zeraora|Plasma Fists|p2a: Pelipper\n|-supereffective|p2a: Pelipper\n|-damage|p2a: Pelipper|0 fnt\n|-fieldactivate|move: Ion Deluge\n|faint|p2a: Pelipper\n|\n|-weather|RainDance|[upkeep]\n|upkeep\n|\n|t:|1599238214\n|switch|p2a: Crawdaunt|Crawdaunt, M|100\/100\n|turn|27\n|c|\u2606LT74PF XelloW|gg\n|\n|t:|1599238219\n|move|p2a: Crawdaunt|Aqua Jet|p1a: Zeraora\n|-damage|p1a: Zeraora|0 fnt\n|faint|p1a: Zeraora\n|\n|win|Ban lando t guy jk\n|l|\u2606LT74PF XelloW\n|c|\u2606Ban lando t guy jk|Gg\n||Ladder (probably) updated, but score could not be retrieved (Request timeout).\n","uploadtime":1599238231,"views":7,"p1id":"lt74pfxellow","p2id":"banlandotguyjk","formatid":"gen8ou","rating":0,"private":0,"password":null}