{"id":"gen8nationaldex-1620754141","p1":"ulisesariel123","p2":"Hikari-miyako","format":"gen8nationaldex","log":"|j|\u2606ulisesariel123\n|j|\u2606Hikari-miyako\n|t:|1658251827\n|gametype|singles\n|player|p1|ulisesariel123|veteran|1598\n|player|p2|Hikari-miyako|ariana|1614\n|teamsize|p1|6\n|teamsize|p2|6\n|gen|8\n|tier|[Gen 8] National Dex\n|rated|\n|rule|HP Percentage Mod: HP is shown in percentages\n|rule|Endless Battle Clause: Forcing endless battles is banned\n|rule|OHKO Clause: OHKO moves are banned\n|rule|Evasion Moves Clause: Evasion moves are banned\n|rule|Species Clause: Limit one of each Pok\u00e9mon\n|rule|Dynamax Clause: You cannot dynamax\n|rule|Sleep Clause Mod: Limit one foe put to sleep\n|clearpoke\n|poke|p1|Scizor, F|\n|poke|p1|Kommo-o, M|\n|poke|p1|Volcarona, F|\n|poke|p1|Kartana|\n|poke|p1|Kyurem|\n|poke|p1|Donphan, M|\n|poke|p2|Aegislash, F|\n|poke|p2|Diancie|\n|poke|p2|Thundurus, M|\n|poke|p2|Bisharp, M|\n|poke|p2|Serperior, M|\n|poke|p2|Greninja, M|\n|teampreview\n|inactive|Battle timer is ON: inactive players will automatically lose when time's up. (requested by Hikari-miyako)\n|\n|t:|1658251838\n|start\n|switch|p1a: Kyurem|Kyurem|100\/100\n|switch|p2a: Thundurus|Thundurus, M|100\/100\n|-ability|p1a: Kyurem|Pressure\n|turn|1\n|\n|t:|1658251843\n|move|p2a: Thundurus|Thunder Wave|p1a: Kyurem\n|-status|p1a: Kyurem|par\n|move|p1a: Kyurem|Freeze-Dry|p2a: Thundurus\n|-supereffective|p2a: Thundurus\n|-damage|p2a: Thundurus|8\/100\n|\n|upkeep\n|turn|2\n|\n|t:|1658251848\n|move|p2a: Thundurus|Thunderbolt|p1a: Kyurem\n|-resisted|p1a: Kyurem\n|-damage|p1a: Kyurem|74\/100 par\n|-damage|p2a: Thundurus|0 fnt|[from] item: Life Orb\n|faint|p2a: Thundurus\n|cant|p1a: Kyurem|par\n|\n|upkeep\n|\n|t:|1658251851\n|switch|p2a: Bisharp|Bisharp, M|100\/100\n|turn|3\n|\n|t:|1658251853\n|switch|p1a: Donphan|Donphan, M|100\/100\n|move|p2a: Bisharp|Stealth Rock|p1a: Donphan\n|-sidestart|p1: ulisesariel123|move: Stealth Rock\n|\n|upkeep\n|turn|4\n|\n|t:|1658251866\n|switch|p2a: Aegislash|Aegislash, F|100\/100\n|move|p1a: Donphan|Rapid Spin|p2a: Aegislash\n|-immune|p2a: Aegislash\n|\n|upkeep\n|turn|5\n|\n|t:|1658251874\n|-formechange|p2a: Aegislash|Aegislash-Blade||[from] ability: Stance Change\n|move|p2a: Aegislash|Shadow Ball|p1a: Donphan\n|-damage|p1a: Donphan|42\/100\n|-unboost|p1a: Donphan|spd|1\n|move|p1a: Donphan|Earthquake|p2a: Aegislash\n|-supereffective|p2a: Aegislash\n|-damage|p2a: Aegislash|0 fnt\n|faint|p2a: Aegislash\n|\n|upkeep\n|\n|t:|1658251878\n|switch|p2a: Greninja|Greninja, M|100\/100\n|turn|6\n|\n|t:|1658251885\n|move|p1a: Donphan|Ice Shard|p2a: Greninja\n|-resisted|p2a: Greninja\n|-damage|p2a: Greninja|88\/100\n|move|p2a: Greninja|Hydro Pump|p1a: Donphan\n|-supereffective|p1a: Donphan\n|-damage|p1a: Donphan|0 fnt\n|faint|p1a: Donphan\n|-activate|p2a: Greninja|ability: Battle Bond\n|detailschange|p2a: Greninja|Greninja-Ash, M\n|-damage|p2a: Greninja|78\/100|[from] item: Life Orb\n|\n|upkeep\n|\n|t:|1658251891\n|switch|p1a: Kyurem|Kyurem|74\/100 par\n|-damage|p1a: Kyurem|49\/100 par|[from] Stealth Rock\n|-ability|p1a: Kyurem|Pressure\n|turn|7\n|\n|t:|1658251894\n|move|p2a: Greninja|U-turn|p1a: Kyurem\n|-damage|p1a: Kyurem|22\/100 par\n|-damage|p2a: Greninja|69\/100|[from] item: Life Orb\n|\n|t:|1658251896\n|switch|p2a: Bisharp|Bisharp, M|100\/100|[from]move: U-turn\n|cant|p1a: Kyurem|par\n|\n|upkeep\n|turn|8\n|\n|t:|1658251901\n|move|p2a: Bisharp|Knock Off|p1a: Kyurem\n|-damage|p1a: Kyurem|0 fnt\n|-enditem|p1a: Kyurem|Choice Scarf|[from] move: Knock Off|[of] p2a: Bisharp\n|faint|p1a: Kyurem\n|\n|upkeep\n|\n|t:|1658251927\n|switch|p1a: Kartana|Kartana|100\/100\n|-damage|p1a: Kartana|94\/100|[from] Stealth Rock\n|turn|9\n|\n|t:|1658251933\n|move|p2a: Bisharp|Sucker Punch||[still]\n|-fail|p2a: Bisharp\n|move|p1a: Kartana|Swords Dance|p1a: Kartana\n|-boost|p1a: Kartana|atk|2\n|\n|upkeep\n|turn|10\n|\n|t:|1658251942\n|move|p2a: Bisharp|Sucker Punch|p1a: Kartana\n|-damage|p1a: Kartana|62\/100\n|move|p1a: Kartana|Sacred Sword|p2a: Bisharp\n|-supereffective|p2a: Bisharp\n|-enditem|p2a: Bisharp|Focus Sash\n|-damage|p2a: Bisharp|1\/100\n|\n|upkeep\n|turn|11\n|\n|t:|1658251948\n|move|p2a: Bisharp|Sucker Punch|p1a: Kartana\n|-damage|p1a: Kartana|27\/100\n|move|p1a: Kartana|Knock Off|p2a: Bisharp\n|-resisted|p2a: Bisharp\n|-damage|p2a: Bisharp|0 fnt\n|faint|p2a: Bisharp\n|-ability|p1a: Kartana|Beast Boost|boost\n|-boost|p1a: Kartana|spe|1\n|\n|upkeep\n|\n|t:|1658251955\n|switch|p2a: Greninja|Greninja-Ash, M|69\/100\n|turn|12\n|\n|t:|1658251958\n|move|p2a: Greninja|Water Shuriken|p1a: Kartana\n|-resisted|p1a: Kartana\n|-damage|p1a: Kartana|7\/100\n|-resisted|p1a: Kartana\n|-damage|p1a: Kartana|0 fnt\n|faint|p1a: Kartana\n|-hitcount|p1: Kartana|2\n|-damage|p2a: Greninja|59\/100|[from] item: Life Orb\n|\n|upkeep\n|\n|t:|1658251964\n|switch|p1a: Scizor|Scizor, F|100\/100\n|-damage|p1a: Scizor|88\/100|[from] Stealth Rock\n|turn|13\n|\n|t:|1658251970\n|detailschange|p1a: Scizor|Scizor-Mega, F\n|-mega|p1a: Scizor|Scizor|Scizorite\n|move|p2a: Greninja|Hydro Pump|p1a: Scizor\n|-damage|p1a: Scizor|0 fnt\n|faint|p1a: Scizor\n|-damage|p2a: Greninja|49\/100|[from] item: Life Orb\n|\n|upkeep\n|\n|t:|1658251979\n|switch|p1a: Kommo-o|Kommo-o, M|100\/100\n|-damage|p1a: Kommo-o|94\/100|[from] Stealth Rock\n|turn|14\n|\n|t:|1658251982\n|move|p2a: Greninja|U-turn|p1a: Kommo-o\n|-resisted|p1a: Kommo-o\n|-damage|p1a: Kommo-o|80\/100\n|-damage|p2a: Greninja|39\/100|[from] item: Life Orb\n|\n|t:|1658251983\n|switch|p2a: Diancie|Diancie|100\/100|[from]move: U-turn\n|move|p1a: Kommo-o|Substitute|p1a: Kommo-o\n|-start|p1a: Kommo-o|Substitute\n|-damage|p1a: Kommo-o|55\/100\n|\n|upkeep\n|turn|15\n|\n|t:|1658251987\n|detailschange|p2a: Diancie|Diancie-Mega\n|-mega|p2a: Diancie|Diancie|Diancite\n|move|p2a: Diancie|Moonblast|p1a: Kommo-o\n|-supereffective|p1a: Kommo-o\n|-end|p1a: Kommo-o|Substitute\n|move|p1a: Kommo-o|Belly Drum|p1a: Kommo-o\n|-damage|p1a: Kommo-o|5\/100\n|-setboost|p1a: Kommo-o|atk|6|[from] move: Belly Drum\n|-enditem|p1a: Kommo-o|Salac Berry|[eat]\n|-boost|p1a: Kommo-o|spe|1|[from] item: Salac Berry\n|\n|upkeep\n|turn|16\n|\n|t:|1658251990\n|switch|p2a: Serperior|Serperior, M|100\/100\n|move|p1a: Kommo-o|Drain Punch|p2a: Serperior\n|-damage|p2a: Serperior|0 fnt\n|-heal|p1a: Kommo-o|55\/100|[from] drain|[of] p2a: Serperior\n|faint|p2a: Serperior\n|\n|upkeep\n|\n|t:|1658251995\n|switch|p2a: Diancie|Diancie-Mega|100\/100\n|turn|17\n|c|\u2606ulisesariel123|gg\n|\n|t:|1658251997\n|move|p1a: Kommo-o|Drain Punch|p2a: Diancie\n|-damage|p2a: Diancie|0 fnt\n|-heal|p1a: Kommo-o|96\/100|[from] drain|[of] p2a: Diancie\n|faint|p2a: Diancie\n|\n|upkeep\n|-message|Hikari-miyako forfeited.\n|\n|win|ulisesariel123\n|raw|ulisesariel123's rating: 1598 &rarr; <strong>1620<\/strong><br \/>(+22 for winning)\n|raw|Hikari-miyako's rating: 1637 &rarr; <strong>1615<\/strong><br \/>(-22 for losing)\n|l|\u2606Hikari-miyako\n|c|\u2606ulisesariel123|venga\n||Ladder isn't responding, score probably updated but might not have (Request timeout).\n","uploadtime":1658252010,"views":18,"p1id":"ulisesariel123","p2id":"hikarimiyako","formatid":"gen8nationaldex","rating":1615,"private":0,"password":null}