{"id":"gen8nationaldex-1400362041","p1":"RTSG tests","p2":"NDLT2SJHFOX","format":"gen8nationaldex","log":"|raw|<div class=\"broadcast-blue\"><strong>This battle is required to be public due to a player having a name starting with 'ndlt2sjh'.<\/div>\n|j|\u2606RTSG tests\n|j|\u2606NDLT2SJHFOX\n|t:|1629475990\n|gametype|singles\n|player|p1|RTSG tests|hilbert|1618\n|player|p2|NDLT2SJHFOX|wallace-gen6|1580\n|teamsize|p1|6\n|teamsize|p2|6\n|gen|8\n|tier|[Gen 8] National Dex\n|rated|\n|rule|HP Percentage Mod: HP is shown in percentages\n|rule|Endless Battle Clause: Forcing endless battles is banned\n|rule|OHKO Clause: OHKO moves are banned\n|rule|Evasion Moves Clause: Evasion moves are banned\n|rule|Species Clause: Limit one of each Pok\u00e9mon\n|rule|Dynamax Clause: You cannot dynamax\n|rule|Sleep Clause Mod: Limit one foe put to sleep\n|clearpoke\n|poke|p1|Ribombee, F|\n|poke|p1|Tyranitar, M|\n|poke|p1|Zeraora|\n|poke|p1|Zapdos-Galar|\n|poke|p1|Gengar, M|\n|poke|p1|Tapu Lele|\n|poke|p2|Volcanion|\n|poke|p2|Ninetales-Alola, F|\n|poke|p2|Corviknight, F|\n|poke|p2|Arctozolt|\n|poke|p2|Landorus-Therian, M|\n|poke|p2|Diancie|\n|teampreview\n|inactive|Battle timer is ON: inactive players will automatically lose when time's up. (requested by NDLT2SJHFOX)\n|c|\u2606NDLT2SJHFOX|hf\n|\n|t:|1629475996\n|start\n|switch|p1a: Ribombee|Ribombee, F|100\/100\n|switch|p2a: Diancie|Diancie|100\/100\n|turn|1\n|j| agentkeval01 )\n|c|\u2606RTSG tests|yt\n|\n|t:|1629476002\n|detailschange|p2a: Diancie|Diancie-Mega\n|-mega|p2a: Diancie|Diancie|Diancite\n|move|p1a: Ribombee|Moonblast|p2a: Diancie\n|-damage|p2a: Diancie|44\/100\n|move|p2a: Diancie|Moonblast|p1a: Ribombee\n|-damage|p1a: Ribombee|7\/100\n|\n|upkeep\n|turn|2\n|\n|t:|1629476009\n|switch|p2a: Ninetales|Ninetales-Alola, F|100\/100\n|-weather|Hail|[from] ability: Snow Warning|[of] p2a: Ninetales\n|move|p1a: Ribombee|Sticky Web|p2a: Ninetales\n|-sidestart|p2: NDLT2SJHFOX|move: Sticky Web\n|\n|-weather|Hail|[upkeep]\n|-damage|p1a: Ribombee|1\/100|[from] Hail\n|upkeep\n|turn|3\n|\n|t:|1629476013\n|switch|p2a: Corviknight|Corviknight, F|100\/100\n|-ability|p2a: Corviknight|Pressure\n|move|p1a: Ribombee|Stun Spore|p2a: Corviknight\n|-status|p2a: Corviknight|par\n|\n|-weather|Hail|[upkeep]\n|-damage|p1a: Ribombee|0 fnt|[from] Hail\n|-damage|p2a: Corviknight|94\/100 par|[from] Hail\n|faint|p1a: Ribombee\n|upkeep\n|\n|t:|1629476018\n|switch|p1a: Zapdos|Zapdos-Galar|100\/100\n|turn|4\n|\n|t:|1629476020\n|move|p1a: Zapdos|Bulk Up|p1a: Zapdos\n|-boost|p1a: Zapdos|atk|1\n|-boost|p1a: Zapdos|def|1\n|cant|p2a: Corviknight|par\n|\n|-weather|Hail|[upkeep]\n|-damage|p1a: Zapdos|94\/100|[from] Hail\n|-damage|p2a: Corviknight|88\/100 par|[from] Hail\n|upkeep\n|turn|5\n|\n|t:|1629476024\n|move|p1a: Zapdos|Taunt|p2a: Corviknight\n|-start|p2a: Corviknight|move: Taunt\n|cant|p2a: Corviknight|move: Taunt|Defog\n|\n|-weather|Hail|[upkeep]\n|-damage|p1a: Zapdos|88\/100|[from] Hail\n|-damage|p2a: Corviknight|82\/100 par|[from] Hail\n|upkeep\n|turn|6\n|c|\u2606NDLT2SJHFOX|fuck\n|\n|t:|1629476031\n|move|p1a: Zapdos|Bulk Up|p1a: Zapdos\n|-boost|p1a: Zapdos|atk|1\n|-boost|p1a: Zapdos|def|1\n|move|p2a: Corviknight|U-turn|p1a: Zapdos\n|-resisted|p1a: Zapdos\n|-damage|p1a: Zapdos|86\/100\n|c| agentkeval01 )|gg\n|c|\u2606NDLT2SJHFOX|terrible para timing\n|\n|t:|1629476042\n|switch|p2a: Arctozolt|Arctozolt|100\/100|[from]move: U-turn\n|-activate|p2a: Arctozolt|move: Sticky Web\n|-unboost|p2a: Arctozolt|spe|1\n|\n|-weather|Hail|[upkeep]\n|-damage|p1a: Zapdos|80\/100|[from] Hail\n|upkeep\n|turn|7\n|c| agentkeval01 )|lmao\n|\n|t:|1629476047\n|move|p1a: Zapdos|Close Combat|p2a: Arctozolt\n|-supereffective|p2a: Arctozolt\n|-damage|p2a: Arctozolt|0 fnt\n|-unboost|p1a: Zapdos|def|1\n|-unboost|p1a: Zapdos|spd|1\n|faint|p2a: Arctozolt\n|\n|-weather|Hail|[upkeep]\n|-damage|p1a: Zapdos|73\/100|[from] Hail\n|upkeep\n|\n|t:|1629476052\n|switch|p2a: Landorus|Landorus-Therian, M|100\/100\n|-ability|p2a: Landorus|Intimidate|boost\n|-unboost|p1a: Zapdos|atk|1\n|-ability|p1a: Zapdos|Defiant\n|-boost|p1a: Zapdos|atk|2\n|turn|8\n|c| agentkeval01 )|gg?\n|\n|t:|1629476058\n|switch|p2a: Corviknight|Corviknight, F|82\/100 par\n|-ability|p2a: Corviknight|Pressure\n|-zpower|p1a: Zapdos\n|move|p1a: Zapdos|Supersonic Skystrike|p2a: Corviknight|[zeffect]\n|-resisted|p2a: Corviknight\n|-damage|p2a: Corviknight|15\/100 par\n|\n|-weather|Hail|[upkeep]\n|-damage|p1a: Zapdos|67\/100|[from] Hail\n|-damage|p2a: Corviknight|9\/100 par|[from] Hail\n|upkeep\n|turn|9\n|c| agentkeval01 )|LMFAO\n|c|\u2606NDLT2SJHFOX|yea that was just unfortunate lol\n|\n|t:|1629476064\n|move|p1a: Zapdos|Brave Bird|p2a: Corviknight\n|-resisted|p2a: Corviknight\n|-damage|p2a: Corviknight|0 fnt\n|-damage|p1a: Zapdos|51\/100|[from] item: Rocky Helmet|[of] p2a: Corviknight\n|faint|p2a: Corviknight\n|-damage|p1a: Zapdos|47\/100|[from] Recoil\n|\n|-weather|none\n|upkeep\n|\n|t:|1629476065\n|switch|p2a: Landorus|Landorus-Therian, M|100\/100\n|-ability|p2a: Landorus|Intimidate|boost\n|-unboost|p1a: Zapdos|atk|1\n|-ability|p1a: Zapdos|Defiant\n|-boost|p1a: Zapdos|atk|2\n|turn|10\n|\n|t:|1629476068\n|move|p1a: Zapdos|Brave Bird|p2a: Landorus\n|-damage|p2a: Landorus|0 fnt\n|faint|p2a: Landorus\n|-damage|p1a: Zapdos|14\/100|[from] Recoil\n|\n|upkeep\n|-message|NDLT2SJHFOX forfeited.\n|\n|win|RTSG tests\n|l|\u2606NDLT2SJHFOX\n|raw|RTSG tests's rating: 1618 &rarr; <strong>1636<\/strong><br \/>(+18 for winning)\n|raw|NDLT2SJHFOX's rating: 1580 &rarr; <strong>1562<\/strong><br \/>(-18 for losing)\n|l| agentkeval01 )\n||Ladder isn't responding, score probably updated but might not have (Request timeout).\n","uploadtime":1629476089,"views":94,"p1id":"rtsgtests","p2id":"ndlt2sjhfox","formatid":"gen8nationaldex","rating":1562,"private":0,"password":null}