{"id":"gen8ou-1669107444","p1":"RggV_YT","p2":"Catactualjoke","format":"gen8ou","log":"|j|\u2606RggV_YT\n|j|\u2606Catactualjoke\n|t:|1663697326\n|gametype|singles\n|player|p1|RggV_YT|scientist-gen4|1906\n|player|p2|Catactualjoke|169|1646\n|teamsize|p1|6\n|teamsize|p2|6\n|gen|8\n|tier|[Gen 8] OU\n|rated|\n|rule|Sleep Clause Mod: Limit one foe put to sleep\n|rule|Species Clause: Limit one of each Pok\u00e9mon\n|rule|OHKO Clause: OHKO moves are banned\n|rule|Evasion Items Clause: Evasion items are banned\n|rule|Evasion Moves Clause: Evasion moves are banned\n|rule|Endless Battle Clause: Forcing endless battles is banned\n|rule|HP Percentage Mod: HP is shown in percentages\n|rule|Dynamax Clause: You cannot dynamax\n|clearpoke\n|poke|p1|Politoed, M|\n|poke|p1|Heliolisk, M|\n|poke|p1|Kingdra, F|\n|poke|p1|Mudsdale, F|\n|poke|p1|Scizor, M|\n|poke|p1|Victini|\n|poke|p2|Aerodactyl, F|\n|poke|p2|Ferrothorn, F|\n|poke|p2|Swampert, M|\n|poke|p2|Volcarona, F|\n|poke|p2|Weezing-Galar, F|\n|poke|p2|Dragapult, F|\n|teampreview\n|inactive|Battle timer is ON: inactive players will automatically lose when time's up. (requested by RggV_YT)\n|inactive|RggV_YT has 120 seconds left.\n|c|\u2606RggV_YT|Hf\n|inactive|Catactualjoke has 120 seconds left.\n|\n|t:|1663697366\n|start\n|switch|p1a: Heliolisk|Heliolisk, M|100\/100\n|switch|p2a: Weezing|Weezing-Galar, F|100\/100\n|-ability|p2a: Weezing|Neutralizing Gas\n|turn|1\n|\n|t:|1663697375\n|-end|p2a: Weezing|ability: Neutralizing Gas\n|switch|p2a: Ferrothorn|Ferrothorn, F|100\/100\n|move|p1a: Heliolisk|Thunder|p2a: Ferrothorn\n|-resisted|p2a: Ferrothorn\n|-damage|p2a: Ferrothorn|79\/100\n|-damage|p1a: Heliolisk|91\/100|[from] item: Life Orb\n|\n|-heal|p2a: Ferrothorn|86\/100|[from] item: Leftovers\n|upkeep\n|turn|2\n|\n|t:|1663697385\n|move|p1a: Heliolisk|Volt Switch|p2a: Ferrothorn\n|-resisted|p2a: Ferrothorn\n|-damage|p2a: Ferrothorn|72\/100\n|-damage|p1a: Heliolisk|81\/100|[from] item: Life Orb\n|\n|t:|1663697395\n|switch|p1a: Victini|Victini|100\/100|[from]move: Volt Switch\n|move|p2a: Ferrothorn|Stealth Rock|p1a: Victini\n|-sidestart|p1: RggV_YT|move: Stealth Rock\n|\n|-heal|p2a: Ferrothorn|79\/100|[from] item: Leftovers\n|upkeep\n|turn|3\n|\n|t:|1663697399\n|switch|p2a: Swampert|Swampert, M|100\/100\n|move|p1a: Victini|V-create|p2a: Swampert\n|-resisted|p2a: Swampert\n|-damage|p2a: Swampert|35\/100\n|-unboost|p1a: Victini|spe|1\n|-unboost|p1a: Victini|def|1\n|-unboost|p1a: Victini|spd|1\n|\n|upkeep\n|turn|4\n|\n|t:|1663697409\n|switch|p2a: Dragapult|Dragapult, F|100\/100\n|move|p1a: Victini|V-create|p2a: Dragapult\n|-resisted|p2a: Dragapult\n|-damage|p2a: Dragapult|25\/100\n|-unboost|p1a: Victini|spe|1\n|-unboost|p1a: Victini|def|1\n|-unboost|p1a: Victini|spd|1\n|\n|upkeep\n|turn|5\n|\n|t:|1663697412\n|switch|p1a: Mudsdale|Mudsdale, F, shiny|100\/100\n|-damage|p1a: Mudsdale|94\/100|[from] Stealth Rock\n|move|p2a: Dragapult|U-turn|p1a: Mudsdale\n|-damage|p1a: Mudsdale|80\/100\n|-ability|p1a: Mudsdale|Stamina|boost\n|-boost|p1a: Mudsdale|def|1\n|\n|t:|1663697419\n|switch|p2a: Swampert|Swampert, M|35\/100|[from]move: U-turn\n|\n|-heal|p1a: Mudsdale|86\/100|[from] item: Leftovers\n|upkeep\n|turn|6\n|\n|t:|1663697427\n|switch|p1a: Scizor|Scizor, M|100\/100\n|-damage|p1a: Scizor|88\/100|[from] Stealth Rock\n|move|p2a: Swampert|Flip Turn|p1a: Scizor\n|-damage|p1a: Scizor|44\/100\n|j| 0SiegeWarfare\n|\n|t:|1663697435\n|switch|p2a: Volcarona|Volcarona, F|100\/100|[from]move: Flip Turn\n|\n|-heal|p1a: Scizor|50\/100|[from] item: Leftovers\n|upkeep\n|turn|7\n|\n|t:|1663697437\n|switch|p2a: Weezing|Weezing-Galar, F|100\/100\n|-ability|p2a: Weezing|Neutralizing Gas\n|switch|p1a: Politoed|Politoed, M|100\/100\n|-damage|p1a: Politoed|88\/100|[from] Stealth Rock\n|\n|upkeep\n|turn|8\n|\n|t:|1663697446\n|move|p1a: Politoed|Scald|p2a: Weezing\n|-damage|p2a: Weezing|68\/100\n|move|p2a: Weezing|Strange Steam|p1a: Politoed\n|-damage|p1a: Politoed|62\/100\n|-start|p1a: Politoed|confusion\n|\n|-heal|p2a: Weezing|74\/100|[from] item: Black Sludge\n|upkeep\n|turn|9\n|\n|t:|1663697457\n|-activate|p1a: Politoed|confusion\n|-damage|p1a: Politoed|58\/100|[from] confusion\n|move|p2a: Weezing|Strange Steam|p1a: Politoed\n|-damage|p1a: Politoed|28\/100\n|\n|-heal|p2a: Weezing|80\/100|[from] item: Black Sludge\n|upkeep\n|turn|10\n|\n|t:|1663697462\n|switch|p1a: Scizor|Scizor, M|50\/100\n|-damage|p1a: Scizor|37\/100|[from] Stealth Rock\n|move|p2a: Weezing|Strange Steam|p1a: Scizor\n|-resisted|p1a: Scizor\n|-damage|p1a: Scizor|15\/100\n|\n|-heal|p1a: Scizor|21\/100|[from] item: Leftovers\n|-heal|p2a: Weezing|86\/100|[from] item: Black Sludge\n|upkeep\n|turn|11\n|j| toselluc\n|\n|t:|1663697469\n|-end|p2a: Weezing|ability: Neutralizing Gas\n|switch|p2a: Volcarona|Volcarona, F|100\/100\n|move|p1a: Scizor|Defog|p2a: Volcarona\n|-unboost|p2a: Volcarona|evasion|1\n|-sideend|p1: RggV_YT|Stealth Rock|[from] move: Defog|[of] p1a: Scizor\n|\n|-heal|p1a: Scizor|27\/100|[from] item: Leftovers\n|upkeep\n|turn|12\n|\n|t:|1663697473\n|switch|p2a: Weezing|Weezing-Galar, F|86\/100\n|-ability|p2a: Weezing|Neutralizing Gas\n|switch|p1a: Politoed|Politoed, M|28\/100\n|\n|-heal|p2a: Weezing|92\/100|[from] item: Black Sludge\n|upkeep\n|turn|13\n|\n|t:|1663697475\n|switch|p1a: Victini|Victini|100\/100\n|move|p2a: Weezing|Strange Steam|p1a: Victini\n|-resisted|p1a: Victini\n|-crit|p1a: Victini\n|-damage|p1a: Victini|75\/100\n|\n|-heal|p2a: Weezing|98\/100|[from] item: Black Sludge\n|upkeep\n|turn|14\n|\n|t:|1663697483\n|-end|p2a: Weezing|ability: Neutralizing Gas\n|switch|p2a: Swampert|Swampert, M|35\/100\n|move|p1a: Victini|V-create|p2a: Swampert\n|-resisted|p2a: Swampert\n|-damage|p2a: Swampert|0 fnt\n|-unboost|p1a: Victini|spe|1\n|-unboost|p1a: Victini|def|1\n|-unboost|p1a: Victini|spd|1\n|faint|p2a: Swampert\n|\n|upkeep\n|\n|t:|1663697490\n|switch|p2a: Aerodactyl|Aerodactyl, F|100\/100\n|-ability|p2a: Aerodactyl|Pressure\n|turn|15\n|\n|t:|1663697492\n|switch|p1a: Mudsdale|Mudsdale, F, shiny|86\/100\n|move|p2a: Aerodactyl|Hone Claws|p2a: Aerodactyl\n|-boost|p2a: Aerodactyl|atk|1\n|-boost|p2a: Aerodactyl|accuracy|1\n|\n|-heal|p1a: Mudsdale|93\/100|[from] item: Leftovers\n|upkeep\n|turn|16\n|\n|t:|1663697495\n|move|p2a: Aerodactyl|Ice Fang|p1a: Mudsdale\n|-supereffective|p1a: Mudsdale\n|-damage|p1a: Mudsdale|49\/100\n|-ability|p1a: Mudsdale|Stamina|boost\n|-boost|p1a: Mudsdale|def|1\n|-damage|p2a: Aerodactyl|91\/100|[from] item: Life Orb\n|move|p1a: Mudsdale|Body Press|p2a: Aerodactyl\n|-damage|p2a: Aerodactyl|25\/100\n|\n|-heal|p1a: Mudsdale|55\/100|[from] item: Leftovers\n|upkeep\n|turn|17\n|\n|t:|1663697501\n|move|p2a: Aerodactyl|Ice Fang|p1a: Mudsdale\n|-supereffective|p1a: Mudsdale\n|-damage|p1a: Mudsdale|23\/100\n|-ability|p1a: Mudsdale|Stamina|boost\n|-boost|p1a: Mudsdale|def|1\n|-damage|p2a: Aerodactyl|15\/100|[from] item: Life Orb\n|move|p1a: Mudsdale|Stealth Rock|p2a: Aerodactyl\n|-sidestart|p2: Catactualjoke|move: Stealth Rock\n|\n|-heal|p1a: Mudsdale|29\/100|[from] item: Leftovers\n|upkeep\n|turn|18\n|\n|t:|1663697505\n|move|p2a: Aerodactyl|Ice Fang|p1a: Mudsdale\n|-supereffective|p1a: Mudsdale\n|-damage|p1a: Mudsdale|6\/100\n|-ability|p1a: Mudsdale|Stamina|boost\n|-boost|p1a: Mudsdale|def|1\n|-damage|p2a: Aerodactyl|5\/100|[from] item: Life Orb\n|move|p1a: Mudsdale|Body Press|p2a: Aerodactyl\n|-damage|p2a: Aerodactyl|0 fnt\n|faint|p2a: Aerodactyl\n|\n|-heal|p1a: Mudsdale|13\/100|[from] item: Leftovers\n|upkeep\n|\n|t:|1663697512\n|switch|p2a: Volcarona|Volcarona, F|100\/100\n|turn|19\n|\n|t:|1663697515\n|switch|p1a: Politoed|Politoed, M|28\/100\n|-weather|RainDance|[from] ability: Drizzle|[of] p1a: Politoed\n|move|p2a: Volcarona|Flamethrower|p1a: Politoed\n|-resisted|p1a: Politoed\n|-damage|p1a: Politoed|19\/100\n|\n|-weather|RainDance|[upkeep]\n|upkeep\n|turn|20\n|\n|t:|1663697519\n|switch|p1a: Mudsdale|Mudsdale, F, shiny|13\/100\n|move|p2a: Volcarona|Quiver Dance|p2a: Volcarona\n|-boost|p2a: Volcarona|spa|1\n|-boost|p2a: Volcarona|spd|1\n|-boost|p2a: Volcarona|spe|1\n|\n|-weather|RainDance|[upkeep]\n|-heal|p1a: Mudsdale|19\/100|[from] item: Leftovers\n|upkeep\n|turn|21\n|\n|t:|1663697521\n|move|p2a: Volcarona|Defog|p1a: Mudsdale\n|-unboost|p1a: Mudsdale|evasion|1\n|-sideend|p2: Catactualjoke|Stealth Rock|[from] move: Defog|[of] p2a: Volcarona\n|move|p1a: Mudsdale|Toxic|p2a: Volcarona\n|-status|p2a: Volcarona|tox\n|\n|-weather|RainDance|[upkeep]\n|-heal|p1a: Mudsdale|25\/100|[from] item: Leftovers\n|-damage|p2a: Volcarona|94\/100 tox|[from] psn\n|upkeep\n|turn|22\n|\n|t:|1663697526\n|switch|p1a: Kingdra|Kingdra, F|100\/100\n|move|p2a: Volcarona|Flamethrower|p1a: Kingdra\n|-resisted|p1a: Kingdra\n|-damage|p1a: Kingdra|92\/100\n|\n|-weather|RainDance|[upkeep]\n|-damage|p2a: Volcarona|82\/100 tox|[from] psn\n|upkeep\n|turn|23\n|\n|t:|1663697531\n|switch|p2a: Ferrothorn|Ferrothorn, F|79\/100\n|move|p1a: Kingdra|Surf|p2a: Ferrothorn\n|-resisted|p2a: Ferrothorn\n|-damage|p2a: Ferrothorn|50\/100\n|\n|-weather|RainDance|[upkeep]\n|-heal|p2a: Ferrothorn|57\/100|[from] item: Leftovers\n|upkeep\n|turn|24\n|\n|t:|1663697537\n|move|p1a: Kingdra|Surf|p2a: Ferrothorn\n|-resisted|p2a: Ferrothorn\n|-damage|p2a: Ferrothorn|29\/100\n|move|p2a: Ferrothorn|Leech Seed|p1a: Kingdra\n|-start|p1a: Kingdra|move: Leech Seed\n|\n|-weather|RainDance|[upkeep]\n|-heal|p2a: Ferrothorn|35\/100|[from] item: Leftovers\n|-damage|p1a: Kingdra|80\/100|[from] Leech Seed|[of] p2a: Ferrothorn\n|-heal|p2a: Ferrothorn|45\/100|[silent]\n|upkeep\n|turn|25\n|\n|t:|1663697543\n|switch|p1a: Victini|Victini|75\/100\n|move|p2a: Ferrothorn|Knock Off|p1a: Victini\n|-supereffective|p1a: Victini\n|-damage|p1a: Victini|34\/100\n|-enditem|p1a: Victini|Choice Band|[from] move: Knock Off|[of] p2a: Ferrothorn\n|\n|-weather|RainDance|[upkeep]\n|-heal|p2a: Ferrothorn|51\/100|[from] item: Leftovers\n|upkeep\n|turn|26\n|\n|t:|1663697549\n|switch|p2a: Volcarona|Volcarona, F|82\/100 tox\n|move|p1a: Victini|U-turn|p2a: Volcarona\n|-resisted|p2a: Volcarona\n|-damage|p2a: Volcarona|73\/100 tox\n|\n|t:|1663697551\n|switch|p1a: Kingdra|Kingdra, F|80\/100|[from]move: U-turn\n|\n|-weather|none\n|-damage|p2a: Volcarona|67\/100 tox|[from] psn\n|upkeep\n|turn|27\n|\n|t:|1663697557\n|switch|p2a: Weezing|Weezing-Galar, F|98\/100\n|-ability|p2a: Weezing|Neutralizing Gas\n|move|p1a: Kingdra|Surf|p2a: Weezing\n|-damage|p2a: Weezing|23\/100\n|\n|-heal|p2a: Weezing|29\/100|[from] item: Black Sludge\n|upkeep\n|turn|28\n|\n|t:|1663697564\n|-end|p2a: Weezing|ability: Neutralizing Gas\n|switch|p2a: Ferrothorn|Ferrothorn, F|51\/100\n|move|p1a: Kingdra|Surf|p2a: Ferrothorn\n|-resisted|p2a: Ferrothorn\n|-damage|p2a: Ferrothorn|33\/100\n|\n|-heal|p2a: Ferrothorn|39\/100|[from] item: Leftovers\n|upkeep\n|turn|29\n|\n|t:|1663697573\n|switch|p1a: Scizor|Scizor, M|27\/100\n|move|p2a: Ferrothorn|Leech Seed|p1a: Scizor\n|-start|p1a: Scizor|move: Leech Seed\n|\n|-heal|p1a: Scizor|33\/100|[from] item: Leftovers\n|-heal|p2a: Ferrothorn|45\/100|[from] item: Leftovers\n|-damage|p1a: Scizor|21\/100|[from] Leech Seed|[of] p2a: Ferrothorn\n|-heal|p2a: Ferrothorn|56\/100|[silent]\n|upkeep\n|turn|30\n|\n|t:|1663697579\n|move|p1a: Scizor|Knock Off|p2a: Ferrothorn\n|-damage|p2a: Ferrothorn|28\/100\n|-damage|p1a: Scizor|8\/100|[from] ability: Iron Barbs|[of] p2a: Ferrothorn\n|-enditem|p2a: Ferrothorn|Leftovers|[from] move: Knock Off|[of] p1a: Scizor\n|move|p2a: Ferrothorn|Stealth Rock|p1a: Scizor\n|-sidestart|p1: RggV_YT|move: Stealth Rock\n|\n|-heal|p1a: Scizor|14\/100|[from] item: Leftovers\n|-damage|p1a: Scizor|2\/100|[from] Leech Seed|[of] p2a: Ferrothorn\n|-heal|p2a: Ferrothorn|39\/100|[silent]\n|upkeep\n|turn|31\n|\n|t:|1663697584\n|move|p1a: Scizor|Knock Off|p2a: Ferrothorn\n|-damage|p2a: Ferrothorn|20\/100\n|-damage|p1a: Scizor|0 fnt|[from] ability: Iron Barbs|[of] p2a: Ferrothorn\n|faint|p1a: Scizor\n|move|p2a: Ferrothorn|Power Whip|p1: Scizor|[notarget]\n|-fail|p2a: Ferrothorn\n|\n|upkeep\n|\n|t:|1663697594\n|switch|p1a: Politoed|Politoed, M|19\/100\n|-damage|p1a: Politoed|6\/100|[from] Stealth Rock\n|-weather|RainDance|[from] ability: Drizzle|[of] p1a: Politoed\n|turn|32\n|\n|t:|1663697599\n|move|p1a: Politoed|Scald|p2a: Ferrothorn\n|-resisted|p2a: Ferrothorn\n|-damage|p2a: Ferrothorn|8\/100\n|move|p2a: Ferrothorn|Knock Off|p1a: Politoed\n|-damage|p1a: Politoed|0 fnt\n|-enditem|p1a: Politoed|Damp Rock|[from] move: Knock Off|[of] p2a: Ferrothorn\n|faint|p1a: Politoed\n|\n|-weather|RainDance|[upkeep]\n|upkeep\n|\n|t:|1663697602\n|switch|p1a: Kingdra|Kingdra, F|80\/100\n|-damage|p1a: Kingdra|67\/100|[from] Stealth Rock\n|turn|33\n|\n|t:|1663697612\n|move|p1a: Kingdra|Surf|p2a: Ferrothorn\n|-resisted|p2a: Ferrothorn\n|-damage|p2a: Ferrothorn|0 fnt\n|faint|p2a: Ferrothorn\n|\n|-weather|RainDance|[upkeep]\n|upkeep\n|\n|t:|1663697614\n|switch|p2a: Dragapult|Dragapult, F|25\/100\n|turn|34\n|\n|t:|1663697616\n|move|p2a: Dragapult|Dragon Darts|p1a: Kingdra\n|-supereffective|p1a: Kingdra\n|-damage|p1a: Kingdra|5\/100\n|-anim|p2a: Dragapult|Dragon Darts|p1a: Kingdra\n|-supereffective|p1a: Kingdra\n|-damage|p1a: Kingdra|0 fnt\n|faint|p1a: Kingdra\n|\n|-weather|RainDance|[upkeep]\n|upkeep\n|\n|t:|1663697623\n|switch|p1a: Mudsdale|Mudsdale, F, shiny|25\/100\n|-damage|p1a: Mudsdale|19\/100|[from] Stealth Rock\n|turn|35\n|\n|t:|1663697625\n|move|p2a: Dragapult|Dragon Darts|p1a: Mudsdale\n|-damage|p1a: Mudsdale|2\/100\n|-ability|p1a: Mudsdale|Stamina|boost\n|-boost|p1a: Mudsdale|def|1\n|-anim|p2a: Dragapult|Dragon Darts|p1a: Mudsdale\n|-damage|p1a: Mudsdale|0 fnt\n|faint|p1a: Mudsdale\n|\n|-weather|RainDance|[upkeep]\n|upkeep\n|\n|t:|1663697628\n|switch|p1a: Victini|Victini|34\/100\n|-damage|p1a: Victini|9\/100|[from] Stealth Rock\n|turn|36\n|\n|t:|1663697631\n|move|p2a: Dragapult|Dragon Darts|p1a: Victini\n|-damage|p1a: Victini|0 fnt\n|faint|p1a: Victini\n|\n|-weather|RainDance|[upkeep]\n|upkeep\n|c|\u2606RggV_YT|Gg\n|-message|RggV_YT forfeited.\n|\n|win|Catactualjoke\n|raw|RggV_YT's rating: 1906 &rarr; <strong>1873<\/strong><br \/>(-33 for losing)\n|raw|Catactualjoke's rating: 1646 &rarr; <strong>1679<\/strong><br \/>(+33 for winning)\n|l|\u2606Catactualjoke\n|l|\u2606RggV_YT\n||Ladder isn't responding, score probably updated but might not have (Request timeout).\n","uploadtime":1663697839,"views":48,"p1id":"rggvyt","p2id":"catactualjoke","formatid":"gen8ou","rating":1679,"private":0,"password":null}