{"id":"gen8ou-1209265243","p1":"Kirux Vs Ladder","p2":"testotesto321","format":"gen8ou","log":"|j|\u2606Kirux Vs Ladder\n|j|\u2606testotesto321\n|inactive|Battle timer is ON: inactive players will automatically lose when time's up.\n|t:|1603641210\n|player|p1|Kirux Vs Ladder|workerice|\n|player|p2|testotesto321|bellelba|\n|teamsize|p1|6\n|teamsize|p2|6\n|gametype|singles\n|gen|8\n|tier|[Gen 8] OU\n|rated|Tournament battle\n|clearpoke\n|poke|p1|Latias, F|\n|poke|p1|Clefable, M|\n|poke|p1|Heatran, F|\n|poke|p1|Avalugg, F|\n|poke|p1|Blissey, F|\n|poke|p1|Toxapex, M|\n|poke|p2|Spectrier|\n|poke|p2|Urshifu-*, M|\n|poke|p2|Zygarde|\n|poke|p2|Clefable, F|\n|poke|p2|Toxapex, M|\n|poke|p2|Zapdos|\n|rule|Sleep Clause Mod: Limit one foe put to sleep\n|rule|Species Clause: Limit one of each Pok\u00e9mon\n|rule|OHKO Clause: OHKO moves are banned\n|rule|Evasion Moves Clause: Evasion moves are banned\n|rule|Endless Battle Clause: Forcing endless battles is banned\n|rule|HP Percentage Mod: HP is shown in percentages\n|rule|Dynamax Clause: You cannot dynamax\n|teampreview\n|c|\u2606Kirux Vs Ladder|Hf\n|j| Death dreigon\n|l| Death dreigon\n|c|\u2606testotesto321|u2\n|j| pokemonmaster9911\n|inactive|Kirux Vs Ladder has 120 seconds left.\n|j| yuy\n|\n|t:|1603641247\n|start\n|switch|p1a: Clefable|Clefable, M|100\/100\n|switch|p2a: Clefable|Clefable, F, shiny|100\/100\n|turn|1\n|l| yuy\n|\n|t:|1603641270\n|move|p2a: Clefable|Knock Off|p1a: Clefable\n|-resisted|p1a: Clefable\n|-damage|p1a: Clefable|95\/100\n|-enditem|p1a: Clefable|Leftovers|[from] move: Knock Off|[of] p2a: Clefable\n|move|p1a: Clefable|Teleport|p1a: Clefable\n|\n|t:|1603641273\n|switch|p1a: Heatran|Heatran, F|100\/100|[from]move: Teleport\n|\n|upkeep\n|turn|2\n|\n|t:|1603641277\n|switch|p2a: Zygarde|Zygarde|100\/100\n|-ability|p2a: Zygarde|Aura Break\n|move|p1a: Heatran|Toxic|p2a: Zygarde\n|-status|p2a: Zygarde|tox\n|\n|-damage|p2a: Zygarde|94\/100 tox|[from] psn\n|upkeep\n|turn|3\n|inactive|Kirux Vs Ladder has 120 seconds left.\n|inactive|Kirux Vs Ladder has 90 seconds left.\n|l| pokemonmaster9911\n|\n|t:|1603641367\n|switch|p1a: Avalugg|Avalugg, F|100\/100\n|move|p2a: Zygarde|Glare|p1a: Avalugg\n|-status|p1a: Avalugg|par\n|\n|-heal|p2a: Zygarde|100\/100 tox|[from] item: Leftovers\n|-damage|p2a: Zygarde|88\/100 tox|[from] psn\n|upkeep\n|turn|4\n|\n|t:|1603641374\n|switch|p2a: Toxapex|Toxapex, M|100\/100\n|move|p1a: Avalugg|Avalanche|p2a: Toxapex\n|-resisted|p2a: Toxapex\n|-damage|p2a: Toxapex|92\/100\n|\n|-heal|p2a: Toxapex|98\/100|[from] item: Black Sludge\n|upkeep\n|turn|5\n|\n|t:|1603641379\n|switch|p1a: Blissey|Blissey, F|100\/100\n|move|p2a: Toxapex|Toxic Spikes|p1a: Blissey\n|-sidestart|p1: Kirux Vs Ladder|move: Toxic Spikes\n|\n|-heal|p2a: Toxapex|100\/100|[from] item: Black Sludge\n|upkeep\n|turn|6\n|\n|t:|1603641383\n|switch|p2a: Clefable|Clefable, F, shiny|100\/100\n|move|p1a: Blissey|Thunder Wave|p2a: Clefable\n|-status|p2a: Clefable|par\n|\n|upkeep\n|turn|7\n|\n|t:|1603641395\n|switch|p1a: Toxapex|Toxapex, M|100\/100\n|-sideend|p1: Kirux Vs Ladder|move: Toxic Spikes|[of] p1a: Toxapex\n|move|p2a: Clefable|Stealth Rock|p1a: Toxapex\n|-sidestart|p1: Kirux Vs Ladder|move: Stealth Rock\n|\n|upkeep\n|turn|8\n|\n|t:|1603641403\n|move|p1a: Toxapex|Scald|p2a: Clefable\n|-damage|p2a: Clefable|85\/100 par\n|move|p2a: Clefable|Knock Off|p1a: Toxapex\n|-damage|p1a: Toxapex|91\/100\n|-enditem|p1a: Toxapex|Rocky Helmet|[from] move: Knock Off|[of] p2a: Clefable\n|\n|-heal|p2a: Clefable|91\/100 par|[from] item: Leftovers\n|upkeep\n|turn|9\n|\n|t:|1603641415\n|switch|p2a: Toxapex|Toxapex, M|100\/100\n|move|p1a: Toxapex|Scald|p2a: Toxapex\n|-resisted|p2a: Toxapex\n|-damage|p2a: Toxapex|95\/100\n|\n|-heal|p2a: Toxapex|100\/100|[from] item: Black Sludge\n|upkeep\n|turn|10\n|\n|t:|1603641432\n|switch|p1a: Latias|Latias, F|100\/100\n|-damage|p1a: Latias|88\/100|[from] Stealth Rock\n|move|p2a: Toxapex|Toxic Spikes|p1a: Latias\n|-sidestart|p1: Kirux Vs Ladder|move: Toxic Spikes\n|\n|-heal|p1a: Latias|94\/100|[from] item: Leftovers\n|upkeep\n|turn|11\n|\n|t:|1603641437\n|switch|p2a: Clefable|Clefable, F, shiny|91\/100 par\n|move|p1a: Latias|Defog|p2a: Clefable\n|-unboost|p2a: Clefable|evasion|1\n|-sideend|p1: Kirux Vs Ladder|Toxic Spikes|[from] move: Defog|[of] p1a: Latias\n|-sideend|p1: Kirux Vs Ladder|Stealth Rock|[from] move: Defog|[of] p1a: Latias\n|\n|-heal|p1a: Latias|99\/100|[from] item: Leftovers\n|-heal|p2a: Clefable|97\/100 par|[from] item: Leftovers\n|upkeep\n|turn|12\n|\n|t:|1603641442\n|switch|p1a: Heatran|Heatran, F|100\/100\n|move|p2a: Clefable|Moonblast|p1a: Heatran\n|-resisted|p1a: Heatran\n|-damage|p1a: Heatran|96\/100\n|\n|-heal|p1a: Heatran|100\/100|[from] item: Leftovers\n|-heal|p2a: Clefable|100\/100 par|[from] item: Leftovers\n|upkeep\n|turn|13\n|\n|t:|1603641449\n|switch|p2a: Zygarde|Zygarde|88\/100 tox\n|-ability|p2a: Zygarde|Aura Break\n|move|p1a: Heatran|Magma Storm|p2a: Zygarde\n|-resisted|p2a: Zygarde\n|-damage|p2a: Zygarde|75\/100 tox\n|-activate|p2a: Zygarde|move: Magma Storm|[of] p1a: Heatran\n|\n|-heal|p2a: Zygarde|81\/100 tox|[from] item: Leftovers\n|-damage|p2a: Zygarde|75\/100 tox|[from] psn\n|-damage|p2a: Zygarde|63\/100 tox|[from] move: Magma Storm|[partiallytrapped]\n|upkeep\n|turn|14\n|\n|t:|1603641455\n|switch|p1a: Avalugg|Avalugg, F|100\/100 par\n|move|p2a: Zygarde|Thousand Arrows|p1a: Avalugg\n|-damage|p1a: Avalugg|87\/100 par\n|\n|-heal|p2a: Zygarde|69\/100 tox|[from] item: Leftovers\n|-damage|p2a: Zygarde|57\/100 tox|[from] psn\n|-end|p2a: Zygarde|Magma Storm|[partiallytrapped]|[silent]\n|upkeep\n|turn|15\n|\n|t:|1603641460\n|switch|p2a: Urshifu|Urshifu, M|100\/100\n|move|p1a: Avalugg|Recover|p1a: Avalugg\n|-heal|p1a: Avalugg|100\/100 par\n|\n|upkeep\n|turn|16\n|\n|t:|1603641465\n|switch|p1a: Clefable|Clefable, M|95\/100\n|move|p2a: Urshifu|Poison Jab|p1a: Clefable\n|-supereffective|p1a: Clefable\n|-crit|p1a: Clefable\n|-damage|p1a: Clefable|28\/100\n|\n|upkeep\n|turn|17\n|\n|t:|1603641473\n|switch|p2a: Zygarde|Zygarde|57\/100 tox\n|-ability|p2a: Zygarde|Aura Break\n|switch|p1a: Toxapex|Toxapex, M|100\/100\n|\n|-heal|p2a: Zygarde|63\/100 tox|[from] item: Leftovers\n|-damage|p2a: Zygarde|57\/100 tox|[from] psn\n|upkeep\n|turn|18\n|\n|t:|1603641483\n|switch|p2a: Urshifu|Urshifu, M|100\/100\n|switch|p1a: Avalugg|Avalugg, F|100\/100 par\n|\n|upkeep\n|turn|19\n|c|\u2606Kirux Vs Ladder|Kinda suck\n|\n|t:|1603641490\n|move|p2a: Urshifu|Wicked Blow|p1a: Avalugg\n|-crit|p1a: Avalugg\n|-damage|p1a: Avalugg|74\/100 par\n|cant|p1a: Avalugg|par\n|\n|upkeep\n|turn|20\n|j| Roroh alexroh\n|\n|t:|1603641495\n|move|p2a: Urshifu|Wicked Blow|p1a: Avalugg\n|-crit|p1a: Avalugg\n|-damage|p1a: Avalugg|45\/100 par\n|move|p1a: Avalugg|Recover|p1a: Avalugg\n|-heal|p1a: Avalugg|95\/100 par\n|\n|upkeep\n|turn|21\n|\n|t:|1603641500\n|switch|p2a: Spectrier|Spectrier|100\/100\n|move|p1a: Avalugg|Body Press|p2a: Spectrier\n|-immune|p2a: Spectrier\n|\n|upkeep\n|turn|22\n|l| Roroh alexroh\n|\n|t:|1603641504\n|switch|p2a: Urshifu|Urshifu, M|100\/100\n|switch|p1a: Blissey|Blissey, F|100\/100\n|\n|upkeep\n|turn|23\n|\n|t:|1603641507\n|switch|p1a: Toxapex|Toxapex, M|100\/100\n|move|p2a: Urshifu|Close Combat|p1a: Toxapex\n|-resisted|p1a: Toxapex\n|-damage|p1a: Toxapex|81\/100\n|-unboost|p2a: Urshifu|def|1\n|-unboost|p2a: Urshifu|spd|1\n|\n|upkeep\n|turn|24\n|\n|t:|1603641513\n|switch|p2a: Clefable|Clefable, F, shiny|100\/100 par\n|move|p1a: Toxapex|Scald|p2a: Clefable\n|-damage|p2a: Clefable|86\/100 par\n|\n|-heal|p2a: Clefable|92\/100 par|[from] item: Leftovers\n|upkeep\n|turn|25\n|\n|t:|1603641517\n|switch|p1a: Heatran|Heatran, F|100\/100\n|switch|p2a: Spectrier|Spectrier|100\/100\n|\n|upkeep\n|turn|26\n|\n|t:|1603641522\n|move|p2a: Spectrier|Shadow Ball|p1a: Heatran\n|-damage|p1a: Heatran|72\/100\n|move|p1a: Heatran|Magma Storm|p2a: Spectrier|[miss]\n|-miss|p1a: Heatran|p2a: Spectrier\n|\n|-heal|p1a: Heatran|78\/100|[from] item: Leftovers\n|upkeep\n|turn|27\n|\n|t:|1603641528\n|switch|p2a: Urshifu|Urshifu, M|100\/100\n|move|p1a: Heatran|Stealth Rock|p2a: Urshifu\n|-sidestart|p2: testotesto321|move: Stealth Rock\n|\n|-heal|p1a: Heatran|84\/100|[from] item: Leftovers\n|upkeep\n|turn|28\n|\n|t:|1603641532\n|switch|p1a: Toxapex|Toxapex, M|100\/100\n|move|p2a: Urshifu|Close Combat|p1a: Toxapex\n|-resisted|p1a: Toxapex\n|-damage|p1a: Toxapex|81\/100\n|-unboost|p2a: Urshifu|def|1\n|-unboost|p2a: Urshifu|spd|1\n|\n|upkeep\n|turn|29\n|j| creamysheev66\n|c|\u2606testotesto321|why stall in a room tour\n|c|\u2606testotesto321|sad person\n|-message|testotesto321 forfeited.\n|\n|win|Kirux Vs Ladder\n|l|\u2606testotesto321\n|c| creamysheev66|about to ask the same thing\n|c|\u2606Kirux Vs Ladder|Gg\n","uploadtime":1603641567,"views":7,"p1id":"kiruxvsladder","p2id":"testotesto321","formatid":"gen8ou","rating":0,"private":0,"password":null}