{"id":"gen8nationaldex-1680637358","p1":"Capital Cruiser","p2":"soldierblue8","format":"gen8nationaldex","log":"|j|\u203dCapital Cruiser\n|j|\u2606soldierblue8\n|t:|1665218844\n|gametype|singles\n|player|p1|Capital Cruiser|cheren-gen5bw2|1521\n|player|p2|soldierblue8|101|1600\n|teamsize|p1|6\n|teamsize|p2|6\n|gen|8\n|tier|[Gen 8] National Dex\n|rated|\n|rule|HP Percentage Mod: HP is shown in percentages\n|rule|Endless Battle Clause: Forcing endless battles is banned\n|rule|OHKO Clause: OHKO moves are banned\n|rule|Evasion Moves Clause: Evasion moves are banned\n|rule|Species Clause: Limit one of each Pok\u00e9mon\n|rule|Dynamax Clause: You cannot dynamax\n|rule|Sleep Clause Mod: Limit one foe put to sleep\n|clearpoke\n|poke|p1|Ditto|\n|poke|p1|Greninja, M|\n|poke|p1|Scizor, F|\n|poke|p1|Landorus-Therian, M|\n|poke|p1|Tapu Fini|\n|poke|p1|Melmetal|\n|poke|p2|Melmetal|\n|poke|p2|Tapu Koko|\n|poke|p2|Volcarona, M|\n|poke|p2|Kyurem|\n|poke|p2|Landorus-Therian, M|\n|poke|p2|Diancie|\n|teampreview\n|inactive|Battle timer is ON: inactive players will automatically lose when time's up. (requested by Capital Cruiser)\n|\n|t:|1665218860\n|start\n|switch|p1a: Melmetal|Melmetal, shiny|100\/100\n|switch|p2a: Electricity|Tapu Koko|100\/100\n|-fieldstart|move: Electric Terrain|[from] ability: Electric Surge|[of] p2a: Electricity\n|turn|1\n|inactive|soldierblue8 has 120 seconds left.\n|\n|t:|1665218891\n|move|p2a: Electricity|U-turn|p1a: Melmetal\n|-resisted|p1a: Melmetal\n|-damage|p1a: Melmetal|96\/100\n|\n|t:|1665218895\n|switch|p2a: Overwhelming|Landorus-Therian, M|100\/100|[from]move: U-turn\n|-ability|p2a: Overwhelming|Intimidate|boost\n|-unboost|p1a: Melmetal|atk|1\n|move|p1a: Melmetal|Double Iron Bash|p2a: Overwhelming\n|-damage|p2a: Overwhelming|80\/100\n|-damage|p2a: Overwhelming|61\/100\n|-hitcount|p2a: Overwhelming|2\n|\n|upkeep\n|turn|2\n|\n|t:|1665218910\n|switch|p1a: Landorus|Landorus-Therian, M, shiny|100\/100\n|-ability|p1a: Landorus|Intimidate|boost\n|-unboost|p2a: Overwhelming|atk|1\n|move|p2a: Overwhelming|Stealth Rock|p1a: Landorus\n|-sidestart|p1: Capital Cruiser|move: Stealth Rock\n|\n|upkeep\n|turn|3\n|\n|t:|1665218917\n|move|p2a: Overwhelming|U-turn|p1a: Landorus\n|-resisted|p1a: Landorus\n|-damage|p1a: Landorus|96\/100\n|-damage|p2a: Overwhelming|44\/100|[from] item: Rocky Helmet|[of] p1a: Landorus\n|\n|t:|1665218921\n|switch|p2a: Kyurem|Kyurem|100\/100|[from]move: U-turn\n|-ability|p2a: Kyurem|Pressure\n|move|p1a: Landorus|Stealth Rock|p2a: Kyurem\n|-sidestart|p2: soldierblue8|move: Stealth Rock\n|\n|upkeep\n|turn|4\n|\n|t:|1665218934\n|switch|p1a: Scizor|Scizor, F, shiny|100\/100\n|-damage|p1a: Scizor|88\/100|[from] Stealth Rock\n|move|p2a: Kyurem|Substitute|p2a: Kyurem\n|-start|p2a: Kyurem|Substitute\n|-damage|p2a: Kyurem|76\/100\n|\n|upkeep\n|turn|5\n|\n|t:|1665218951\n|switch|p2a: Destroyer|Volcarona, M|100\/100\n|detailschange|p1a: Scizor|Scizor-Mega, F, shiny\n|-mega|p1a: Scizor|Scizor|Scizorite\n|move|p1a: Scizor|Bullet Punch|p2a: Destroyer\n|-resisted|p2a: Destroyer\n|-damage|p2a: Destroyer|77\/100\n|-status|p1a: Scizor|brn|[from] ability: Flame Body|[of] p2a: Destroyer\n|\n|-damage|p1a: Scizor|82\/100 brn|[from] brn\n|-fieldend|move: Electric Terrain\n|upkeep\n|turn|6\n|\n|t:|1665218964\n|move|p2a: Destroyer|Fiery Dance|p1a: Scizor\n|-supereffective|p1a: Scizor\n|-damage|p1a: Scizor|0 fnt\n|faint|p1a: Scizor\n|\n|upkeep\n|\n|t:|1665218969\n|switch|p1a: Greninja|Greninja, M|100\/100\n|-damage|p1a: Greninja|88\/100|[from] Stealth Rock\n|turn|7\n|\n|t:|1665218978\n|switch|p2a: Kyurem|Kyurem|76\/100\n|-ability|p2a: Kyurem|Pressure\n|move|p1a: Greninja|Dark Pulse|p2a: Kyurem\n|-damage|p2a: Kyurem|27\/100\n|\n|upkeep\n|turn|8\n|inactive|soldierblue8 has 120 seconds left.\n|\n|t:|1665219014\n|switch|p2a: Electricity|Tapu Koko|100\/100\n|-damage|p2a: Electricity|88\/100|[from] Stealth Rock\n|-fieldstart|move: Electric Terrain|[from] ability: Electric Surge|[of] p2a: Electricity\n|move|p1a: Greninja|Dark Pulse|p2a: Electricity\n|-resisted|p2a: Electricity\n|-damage|p2a: Electricity|47\/100\n|\n|upkeep\n|turn|9\n|inactive|soldierblue8 has 120 seconds left.\n|\n|t:|1665219036\n|switch|p1a: Landorus|Landorus-Therian, M, shiny|96\/100\n|-damage|p1a: Landorus|83\/100|[from] Stealth Rock\n|-ability|p1a: Landorus|Intimidate|boost\n|-unboost|p2a: Electricity|atk|1\n|move|p2a: Electricity|Dazzling Gleam|p1a: Landorus\n|-damage|p1a: Landorus|49\/100\n|\n|upkeep\n|turn|10\n|\n|t:|1665219052\n|move|p2a: Electricity|Hidden Power|p1a: Landorus\n|-supereffective|p1a: Landorus\n|-damage|p1a: Landorus|0 fnt\n|faint|p1a: Landorus\n|\n|upkeep\n|\n|t:|1665219056\n|switch|p1a: Greninja|Greninja, M|88\/100\n|-damage|p1a: Greninja|76\/100|[from] Stealth Rock\n|turn|11\n|\n|t:|1665219069\n|move|p1a: Greninja|Water Shuriken|p2a: Electricity\n|-damage|p2a: Electricity|33\/100\n|-damage|p2a: Electricity|18\/100\n|-damage|p2a: Electricity|3\/100\n|-hitcount|p2a: Electricity|3\n|move|p2a: Electricity|Dazzling Gleam|p1a: Greninja\n|-supereffective|p1a: Greninja\n|-damage|p1a: Greninja|0 fnt\n|faint|p1a: Greninja\n|\n|upkeep\n|\n|t:|1665219073\n|switch|p1a: Ditto|Ditto|100\/100\n|-damage|p1a: Ditto|88\/100|[from] Stealth Rock\n|-transform|p1a: Ditto|p2a: Electricity|[from] ability: Imposter\n|turn|12\n|inactive|soldierblue8 has 120 seconds left.\n|\n|t:|1665219098\n|switch|p2a: Overwhelming|Landorus-Therian, M|44\/100\n|-damage|p2a: Overwhelming|32\/100|[from] Stealth Rock\n|-ability|p2a: Overwhelming|Intimidate|boost\n|-unboost|p1a: Ditto|atk|1\n|move|p1a: Ditto|Dazzling Gleam|p2a: Overwhelming\n|-damage|p2a: Overwhelming|0 fnt\n|faint|p2a: Overwhelming\n|\n|-fieldend|move: Electric Terrain\n|upkeep\n|inactive|soldierblue8 has 120 seconds left.\n|\n|t:|1665219114\n|switch|p2a: Melmetal|Melmetal|100\/100\n|-damage|p2a: Melmetal|94\/100|[from] Stealth Rock\n|turn|13\n|\n|t:|1665219122\n|switch|p1a: Melmetal|Melmetal, shiny|96\/100\n|-damage|p1a: Melmetal|90\/100|[from] Stealth Rock\n|move|p2a: Melmetal|Earthquake|p1a: Melmetal\n|-supereffective|p1a: Melmetal\n|-damage|p1a: Melmetal|42\/100\n|\n|-heal|p2a: Melmetal|100\/100|[from] item: Leftovers\n|upkeep\n|turn|14\n|inactive|soldierblue8 has 120 seconds left.\n|\n|t:|1665219130\n|move|p2a: Melmetal|Earthquake|p1a: Melmetal\n|-supereffective|p1a: Melmetal\n|-damage|p1a: Melmetal|0 fnt\n|faint|p1a: Melmetal\n|\n|upkeep\n|-message|Capital Cruiser forfeited.\n|\n|win|soldierblue8\n|raw|Capital Cruiser's rating: 1521 &rarr; <strong>1505<\/strong><br \/>(-16 for losing)\n|raw|soldierblue8's rating: 1600 &rarr; <strong>1616<\/strong><br \/>(+16 for winning)\n|l|\u203dCapital Cruiser\n","uploadtime":1665219142,"views":8,"p1id":"capitalcruiser","p2id":"soldierblue8","formatid":"gen8nationaldex","rating":1505,"private":0,"password":null}