{"id":"gen8ou-1165866286","p1":"Brandie","p2":"Shootingwolf","format":"gen8ou","log":"|j|\u2606Brandie\n|j|\u2606Shootingwolf\n|t:|1596974785\n|player|p1|Brandie|169|1547\n|player|p2|Shootingwolf|erika|1595\n|teamsize|p1|6\n|teamsize|p2|6\n|gametype|singles\n|gen|8\n|tier|[Gen 8] OU\n|rated|\n|clearpoke\n|poke|p1|Excadrill, M|\n|poke|p1|Clefable, M|\n|poke|p1|Volcarona, M|\n|poke|p1|Blissey, F|\n|poke|p1|Tangrowth, F|\n|poke|p1|Dragapult, F|\n|poke|p2|Aegislash, M|\n|poke|p2|Volcarona, F|\n|poke|p2|Hippowdon, F|\n|poke|p2|Clefable, F|\n|poke|p2|Excadrill, F|\n|poke|p2|Mandibuzz, F|\n|rule|Sleep Clause Mod: Limit one foe put to sleep\n|rule|Species Clause: Limit one of each Pok\u00e9mon\n|rule|OHKO Clause: OHKO moves are banned\n|rule|Evasion Moves Clause: Evasion moves are banned\n|rule|Endless Battle Clause: Forcing endless battles is banned\n|rule|HP Percentage Mod: HP is shown in percentages\n|rule|Dynamax Clause: You cannot dynamax\n|teampreview\n|inactive|Battle timer is ON: inactive players will automatically lose when time's up. (requested by Brandie)\n|inactive|Shootingwolf has 120 seconds left.\n|\n|t:|1596974875\n|start\n|switch|p1a: Tangrowth|Tangrowth, F|100\/100\n|switch|p2a: Clefable|Clefable, F|100\/100\n|turn|1\n|\n|t:|1596974880\n|switch|p1a: Excadrill|Excadrill, M|100\/100\n|-ability|p1a: Excadrill|Mold Breaker\n|move|p2a: Clefable|Teleport|p2a: Clefable\n|\n|t:|1596974887\n|switch|p2a: Hippowdon|Hippowdon, F|100\/100|[from]move: Teleport\n|-weather|Sandstorm|[from] ability: Sand Stream|[of] p2a: Hippowdon\n|\n|-weather|Sandstorm|[upkeep]\n|upkeep\n|turn|2\n|\n|t:|1596974894\n|switch|p1a: Tangrowth|Tangrowth, F|100\/100\n|move|p2a: Hippowdon|Earthquake|p1a: Tangrowth\n|-resisted|p1a: Tangrowth\n|-crit|p1a: Tangrowth\n|-damage|p1a: Tangrowth|84\/100\n|\n|-weather|Sandstorm|[upkeep]\n|-damage|p1a: Tangrowth|78\/100|[from] Sandstorm\n|upkeep\n|turn|3\n|\n|t:|1596974898\n|move|p2a: Hippowdon|Toxic|p1a: Tangrowth\n|-status|p1a: Tangrowth|tox\n|move|p1a: Tangrowth|Knock Off|p2a: Hippowdon\n|-damage|p2a: Hippowdon|89\/100\n|-enditem|p2a: Hippowdon|Smooth Rock|[from] move: Knock Off|[of] p1a: Tangrowth\n|\n|-weather|Sandstorm|[upkeep]\n|-damage|p1a: Tangrowth|72\/100 tox|[from] Sandstorm\n|-damage|p1a: Tangrowth|66\/100 tox|[from] psn\n|upkeep\n|turn|4\n|\n|t:|1596974913\n|switch|p2a: Volcarona|Volcarona, F|100\/100\n|move|p1a: Tangrowth|Sleep Powder|p2a: Volcarona\n|-status|p2a: Volcarona|slp|[from] move: Sleep Powder\n|\n|-weather|Sandstorm|[upkeep]\n|-damage|p2a: Volcarona|94\/100 slp|[from] Sandstorm\n|-damage|p1a: Tangrowth|59\/100 tox|[from] Sandstorm\n|-damage|p1a: Tangrowth|47\/100 tox|[from] psn\n|upkeep\n|turn|5\n|\n|t:|1596974925\n|switch|p2a: Clefable|Clefable, F|100\/100\n|switch|p1a: Excadrill|Excadrill, M|100\/100\n|-ability|p1a: Excadrill|Mold Breaker\n|\n|-weather|Sandstorm|[upkeep]\n|-damage|p2a: Clefable|94\/100|[from] Sandstorm\n|-heal|p2a: Clefable|100\/100|[from] item: Leftovers\n|upkeep\n|turn|6\n|\n|t:|1596974930\n|switch|p2a: Volcarona|Volcarona, F|94\/100 slp\n|move|p1a: Excadrill|Stealth Rock|p2a: Volcarona\n|-sidestart|p2: Shootingwolf|move: Stealth Rock\n|\n|-weather|Sandstorm|[upkeep]\n|-damage|p2a: Volcarona|88\/100 slp|[from] Sandstorm\n|upkeep\n|turn|7\n|inactive|Brandie has 120 seconds left.\n|\n|t:|1596974969\n|switch|p1a: Blissey|Blissey, F|100\/100\n|cant|p2a: Volcarona|slp\n|\n|-weather|Sandstorm|[upkeep]\n|-damage|p2a: Volcarona|82\/100 slp|[from] Sandstorm\n|-damage|p1a: Blissey|94\/100|[from] Sandstorm\n|upkeep\n|turn|8\n|\n|t:|1596974974\n|switch|p2a: Excadrill|Excadrill, F|100\/100\n|-damage|p2a: Excadrill|97\/100|[from] Stealth Rock\n|move|p1a: Blissey|Seismic Toss|p2a: Excadrill\n|-damage|p2a: Excadrill|70\/100\n|\n|-weather|none\n|-heal|p2a: Excadrill|76\/100|[from] item: Leftovers\n|upkeep\n|turn|9\n|\n|t:|1596974983\n|switch|p1a: Tangrowth|Tangrowth, F|80\/100 tox\n|move|p2a: Excadrill|Swords Dance|p2a: Excadrill\n|-boost|p2a: Excadrill|atk|2\n|\n|-heal|p2a: Excadrill|82\/100|[from] item: Leftovers\n|-damage|p1a: Tangrowth|74\/100 tox|[from] psn\n|upkeep\n|turn|10\n|\n|t:|1596974989\n|move|p2a: Excadrill|Iron Head|p1a: Tangrowth\n|-damage|p1a: Tangrowth|26\/100 tox\n|-damage|p2a: Excadrill|65\/100|[from] item: Rocky Helmet|[of] p1a: Tangrowth\n|cant|p1a: Tangrowth|flinch\n|\n|-heal|p2a: Excadrill|71\/100|[from] item: Leftovers\n|-damage|p1a: Tangrowth|14\/100 tox|[from] psn\n|upkeep\n|turn|11\n|\n|t:|1596975007\n|switch|p1a: Volcarona|Volcarona, M|100\/100\n|move|p2a: Excadrill|Earthquake|p1a: Volcarona\n|-damage|p1a: Volcarona|0 fnt\n|faint|p1a: Volcarona\n|\n|-heal|p2a: Excadrill|78\/100|[from] item: Leftovers\n|upkeep\n|\n|t:|1596975014\n|switch|p1a: Dragapult|Dragapult, F|100\/100\n|turn|12\n|\n|t:|1596975020\n|switch|p2a: Landorustwo|Mandibuzz, F, shiny|100\/100\n|move|p1a: Dragapult|Shadow Ball|p2a: Landorustwo\n|-resisted|p2a: Landorustwo\n|-damage|p2a: Landorustwo|76\/100\n|\n|upkeep\n|turn|13\n|\n|t:|1596975027\n|switch|p1a: Clefable|Clefable, M|100\/100\n|move|p2a: Landorustwo|Defog|p1a: Clefable\n|-unboost|p1a: Clefable|evasion|1\n|-sideend|p2: Shootingwolf|Stealth Rock|[from] move: Defog|[of] p2a: Landorustwo\n|\n|upkeep\n|turn|14\n|\n|t:|1596975032\n|move|p2a: Landorustwo|U-turn|p1a: Clefable\n|-resisted|p1a: Clefable\n|-damage|p1a: Clefable|96\/100\n|\n|t:|1596975034\n|switch|p2a: Excadrill|Excadrill, F|78\/100|[from]move: U-turn\n|move|p1a: Clefable|Wish|p1a: Clefable\n|\n|-heal|p2a: Excadrill|84\/100|[from] item: Leftovers\n|-heal|p1a: Clefable|100\/100|[from] item: Leftovers\n|upkeep\n|turn|15\n|\n|t:|1596975038\n|switch|p1a: Tangrowth|Tangrowth, F|47\/100 tox\n|move|p2a: Excadrill|Iron Head|p1a: Tangrowth\n|-damage|p1a: Tangrowth|21\/100 tox\n|-damage|p2a: Excadrill|67\/100|[from] item: Rocky Helmet|[of] p1a: Tangrowth\n|\n|-heal|p1a: Tangrowth|70\/100 tox|[from] move: Wish|[wisher] Clefable\n|-heal|p2a: Excadrill|73\/100|[from] item: Leftovers\n|-damage|p1a: Tangrowth|64\/100 tox|[from] psn\n|upkeep\n|turn|16\n|\n|t:|1596975052\n|switch|p2a: Clefable|Clefable, F|100\/100\n|move|p1a: Tangrowth|Giga Drain|p2a: Clefable\n|-damage|p2a: Clefable|77\/100\n|-heal|p1a: Tangrowth|75\/100 tox|[from] drain|[of] p2a: Clefable\n|\n|-heal|p2a: Clefable|83\/100|[from] item: Leftovers\n|-damage|p1a: Tangrowth|63\/100 tox|[from] psn\n|upkeep\n|turn|17\n|\n|t:|1596975067\n|move|p1a: Tangrowth|Sludge Bomb|p2a: Clefable\n|-supereffective|p2a: Clefable\n|-damage|p2a: Clefable|49\/100\n|move|p2a: Clefable|Teleport|p2a: Clefable\n|\n|t:|1596975071\n|switch|p2a: Aegislash|Aegislash, M|100\/100|[from]move: Teleport\n|\n|-damage|p1a: Tangrowth|44\/100 tox|[from] psn\n|upkeep\n|turn|18\n|\n|t:|1596975074\n|switch|p1a: Blissey|Blissey, F|94\/100\n|-formechange|p2a: Aegislash|Aegislash-Blade||[from] ability: Stance Change\n|move|p2a: Aegislash|Flash Cannon|p1a: Blissey\n|-damage|p1a: Blissey|72\/100\n|-damage|p2a: Aegislash|91\/100|[from] item: Life Orb\n|\n|upkeep\n|turn|19\n|\n|t:|1596975082\n|move|p2a: Aegislash|Close Combat|p1a: Blissey\n|-supereffective|p1a: Blissey\n|-damage|p1a: Blissey|0 fnt\n|-unboost|p2a: Aegislash|def|1\n|-unboost|p2a: Aegislash|spd|1\n|-damage|p2a: Aegislash|81\/100|[from] item: Life Orb\n|faint|p1a: Blissey\n|\n|upkeep\n|-message|Brandie forfeited.\n|\n|win|Shootingwolf\n|l|\u2606Brandie\n|raw|Brandie's rating: 1547 &rarr; <strong>1530<\/strong><br \/>(-17 for losing)\n|raw|Shootingwolf's rating: 1595 &rarr; <strong>1612<\/strong><br \/>(+17 for winning)\n","uploadtime":1596975089,"views":33,"p1id":"brandie","p2id":"shootingwolf","formatid":"gen8ou","rating":1530,"private":0,"password":null}