{"id":"gen8ou-1629263368","p1":"lt91bb FJ2K","p2":"Boltreaver","format":"gen8ou","log":"|raw|<div class=\"broadcast-blue\"><strong>This battle is required to be public due to a player having a name starting with 'lt91bb'.<\/div>\n|j|\u203dlt91bb FJ2K\n|j|\u2606Boltreaver\n|t:|1659284388\n|gametype|singles\n|player|p1|lt91bb FJ2K|2|1675\n|player|p2|Boltreaver|unknown|1761\n|teamsize|p1|6\n|teamsize|p2|6\n|gen|8\n|tier|[Gen 8] OU\n|rated|\n|rule|Sleep Clause Mod: Limit one foe put to sleep\n|rule|Species Clause: Limit one of each Pok\u00e9mon\n|rule|OHKO Clause: OHKO moves are banned\n|rule|Evasion Moves Clause: Evasion moves are banned\n|rule|Endless Battle Clause: Forcing endless battles is banned\n|rule|HP Percentage Mod: HP is shown in percentages\n|rule|Dynamax Clause: You cannot dynamax\n|clearpoke\n|poke|p1|Tyranitar, M|\n|poke|p1|Rotom-Wash|\n|poke|p1|Ferrothorn, M|\n|poke|p1|Excadrill, F|\n|poke|p1|Dragapult, M|\n|poke|p1|Clefable, M|\n|poke|p2|Kartana|\n|poke|p2|Melmetal|\n|poke|p2|Regieleki|\n|poke|p2|Blacephalon|\n|poke|p2|Landorus-Therian, M|\n|poke|p2|Tapu Fini|\n|teampreview\n|inactive|Battle timer is ON: inactive players will automatically lose when time's up. (requested by Boltreaver)\n|inactive|Boltreaver has 120 seconds left.\n|\n|t:|1659284425\n|start\n|switch|p1a: Rotom|Rotom-Wash|100\/100\n|switch|p2a: Landorus|Landorus-Therian, M|100\/100\n|-ability|p2a: Landorus|Intimidate|boost\n|-unboost|p1a: Rotom|atk|1\n|turn|1\n|\n|t:|1659284431\n|switch|p2a: Tapu Fini|Tapu Fini, shiny|100\/100\n|-fieldstart|move: Misty Terrain|[from] ability: Misty Surge|[of] p2a: Tapu Fini\n|move|p1a: Rotom|Hydro Pump|p2a: Tapu Fini\n|-resisted|p2a: Tapu Fini\n|-damage|p2a: Tapu Fini|85\/100\n|\n|-heal|p2a: Tapu Fini|91\/100|[from] item: Leftovers\n|upkeep\n|turn|2\n|\n|t:|1659284438\n|move|p1a: Rotom|Volt Switch|p2a: Tapu Fini\n|-supereffective|p2a: Tapu Fini\n|-damage|p2a: Tapu Fini|56\/100\n|\n|t:|1659284441\n|switch|p1a: Tyranitar|Tyranitar, M|100\/100|[from]move: Volt Switch\n|-weather|Sandstorm|[from] ability: Sand Stream|[of] p1a: Tyranitar\n|move|p2a: Tapu Fini|Moonblast|p1a: Tyranitar\n|-supereffective|p1a: Tyranitar\n|-damage|p1a: Tyranitar|63\/100\n|\n|-weather|Sandstorm|[upkeep]\n|-damage|p2a: Tapu Fini|50\/100|[from] Sandstorm\n|-heal|p2a: Tapu Fini|56\/100|[from] item: Leftovers\n|upkeep\n|turn|3\n|inactive|Boltreaver has 120 seconds left.\n|inactive|Boltreaver has 90 seconds left.\n|inactive|Boltreaver has 60 seconds left.\n|\n|t:|1659284553\n|switch|p2a: Landorus|Landorus-Therian, M|100\/100\n|-ability|p2a: Landorus|Intimidate|boost\n|-unboost|p1a: Tyranitar|atk|1\n|switch|p1a: Ferrothorn|Ferrothorn, M|100\/100\n|\n|-weather|Sandstorm|[upkeep]\n|upkeep\n|turn|4\n|\n|t:|1659284556\n|move|p2a: Landorus|Knock Off|p1a: Ferrothorn\n|-damage|p1a: Ferrothorn|78\/100\n|-damage|p2a: Landorus|88\/100|[from] ability: Iron Barbs|[of] p1a: Ferrothorn\n|-enditem|p1a: Ferrothorn|Leftovers|[from] move: Knock Off|[of] p2a: Landorus\n|move|p1a: Ferrothorn|Leech Seed|p2a: Landorus\n|-start|p2a: Landorus|move: Leech Seed\n|\n|-weather|Sandstorm|[upkeep]\n|-heal|p2a: Landorus|94\/100|[from] item: Leftovers\n|-damage|p2a: Landorus|82\/100|[from] Leech Seed|[of] p1a: Ferrothorn\n|-heal|p1a: Ferrothorn|91\/100|[silent]\n|upkeep\n|turn|5\n|\n|t:|1659284560\n|move|p2a: Landorus|Stealth Rock|p1a: Ferrothorn\n|-sidestart|p1: lt91bb FJ2K|move: Stealth Rock\n|move|p1a: Ferrothorn|Knock Off|p2a: Landorus\n|-damage|p2a: Landorus|66\/100\n|-enditem|p2a: Landorus|Leftovers|[from] move: Knock Off|[of] p1a: Ferrothorn\n|\n|-weather|Sandstorm|[upkeep]\n|-damage|p2a: Landorus|54\/100|[from] Leech Seed|[of] p1a: Ferrothorn\n|-heal|p1a: Ferrothorn|100\/100|[silent]\n|-fieldend|Misty Terrain\n|upkeep\n|turn|6\n|\n|t:|1659284565\n|move|p2a: Landorus|Earthquake|p1a: Ferrothorn\n|-damage|p1a: Ferrothorn|63\/100\n|move|p1a: Ferrothorn|Leech Seed||[still]\n|-fail|p1a: Ferrothorn\n|\n|-weather|none\n|-damage|p2a: Landorus|41\/100|[from] Leech Seed|[of] p1a: Ferrothorn\n|-heal|p1a: Ferrothorn|75\/100|[silent]\n|upkeep\n|turn|7\n|\n|t:|1659284570\n|move|p2a: Landorus|Earthquake|p1a: Ferrothorn\n|-damage|p1a: Ferrothorn|36\/100\n|move|p1a: Ferrothorn|Spikes|p2a: Landorus\n|-sidestart|p2: Boltreaver|Spikes\n|\n|-damage|p2a: Landorus|29\/100|[from] Leech Seed|[of] p1a: Ferrothorn\n|-heal|p1a: Ferrothorn|49\/100|[silent]\n|upkeep\n|turn|8\n|\n|t:|1659284573\n|switch|p1a: Rotom|Rotom-Wash|100\/100\n|-damage|p1a: Rotom|88\/100|[from] Stealth Rock\n|move|p2a: Landorus|Earthquake|p1a: Rotom\n|-immune|p1a: Rotom|[from] ability: Levitate\n|\n|-heal|p1a: Rotom|94\/100|[from] item: Leftovers\n|-damage|p2a: Landorus|17\/100|[from] Leech Seed|[of] p1a: Rotom\n|-heal|p1a: Rotom|100\/100|[silent]\n|upkeep\n|turn|9\n|\n|t:|1659284576\n|move|p1a: Rotom|Hydro Pump|p2a: Landorus\n|-supereffective|p2a: Landorus\n|-damage|p2a: Landorus|0 fnt\n|faint|p2a: Landorus\n|\n|upkeep\n|\n|t:|1659284581\n|switch|p2a: Regieleki|Regieleki|100\/100\n|-damage|p2a: Regieleki|88\/100|[from] Spikes\n|turn|10\n|\n|t:|1659284585\n|switch|p1a: Excadrill|Excadrill, F|100\/100\n|-damage|p1a: Excadrill|97\/100|[from] Stealth Rock\n|move|p2a: Regieleki|Volt Switch|p1a: Excadrill\n|-immune|p1a: Excadrill\n|\n|-heal|p1a: Excadrill|100\/100|[from] item: Leftovers\n|upkeep\n|turn|11\n|\n|t:|1659284588\n|switch|p2a: Kartana|Kartana, shiny|100\/100\n|-damage|p2a: Kartana|88\/100|[from] Spikes\n|move|p1a: Excadrill|Earthquake|p2a: Kartana\n|-damage|p2a: Kartana|34\/100\n|\n|upkeep\n|turn|12\n|\n|t:|1659284595\n|switch|p1a: Clefable|Clefable, M|100\/100\n|move|p2a: Kartana|Sacred Sword|p1a: Clefable\n|-resisted|p1a: Clefable\n|-damage|p1a: Clefable|86\/100\n|-damage|p2a: Kartana|18\/100|[from] item: Rocky Helmet|[of] p1a: Clefable\n|\n|upkeep\n|turn|13\n|\n|t:|1659284598\n|switch|p2a: Blacephalon|Blacephalon, shiny|100\/100\n|-damage|p2a: Blacephalon|88\/100|[from] Spikes\n|move|p1a: Clefable|Stealth Rock|p2a: Blacephalon\n|-sidestart|p2: Boltreaver|move: Stealth Rock\n|\n|upkeep\n|turn|14\n|\n|t:|1659284601\n|switch|p1a: Tyranitar|Tyranitar, M|63\/100\n|-damage|p1a: Tyranitar|50\/100|[from] Stealth Rock\n|-weather|Sandstorm|[from] ability: Sand Stream|[of] p1a: Tyranitar\n|move|p2a: Blacephalon|Shadow Ball|p1a: Tyranitar\n|-resisted|p1a: Tyranitar\n|-damage|p1a: Tyranitar|26\/100\n|-unboost|p1a: Tyranitar|spd|1\n|\n|-weather|Sandstorm|[upkeep]\n|-damage|p2a: Blacephalon|82\/100|[from] Sandstorm\n|upkeep\n|turn|15\n|\n|t:|1659284609\n|switch|p1a: Ferrothorn|Ferrothorn, M|49\/100\n|-damage|p1a: Ferrothorn|43\/100|[from] Stealth Rock\n|move|p2a: Blacephalon|Shadow Ball|p1a: Ferrothorn\n|-damage|p1a: Ferrothorn|0 fnt\n|faint|p1a: Ferrothorn\n|-ability|p2a: Blacephalon|Beast Boost|boost\n|-boost|p2a: Blacephalon|spa|1\n|\n|-weather|Sandstorm|[upkeep]\n|-damage|p2a: Blacephalon|76\/100|[from] Sandstorm\n|upkeep\n|\n|t:|1659284611\n|switch|p1a: Excadrill|Excadrill, F|100\/100\n|-damage|p1a: Excadrill|97\/100|[from] Stealth Rock\n|turn|16\n|\n|t:|1659284614\n|switch|p2a: Tapu Fini|Tapu Fini, shiny|56\/100\n|-damage|p2a: Tapu Fini|43\/100|[from] Spikes\n|-damage|p2a: Tapu Fini|31\/100|[from] Stealth Rock\n|-fieldstart|move: Misty Terrain|[from] ability: Misty Surge|[of] p2a: Tapu Fini\n|move|p1a: Excadrill|Earthquake|p2a: Tapu Fini\n|-damage|p2a: Tapu Fini|0 fnt\n|faint|p2a: Tapu Fini\n|\n|-weather|Sandstorm|[upkeep]\n|-heal|p1a: Excadrill|100\/100|[from] item: Leftovers\n|upkeep\n|\n|t:|1659284616\n|switch|p2a: Regieleki|Regieleki|88\/100\n|-damage|p2a: Regieleki|76\/100|[from] Spikes\n|-damage|p2a: Regieleki|64\/100|[from] Stealth Rock\n|turn|17\n|\n|t:|1659284618\n|move|p2a: Regieleki|Rapid Spin|p1a: Excadrill\n|-resisted|p1a: Excadrill\n|-damage|p1a: Excadrill|92\/100\n|-boost|p2a: Regieleki|spe|1\n|-sideend|p2: Boltreaver|Spikes|[from] move: Rapid Spin|[of] p2a: Regieleki\n|-sideend|p2: Boltreaver|Stealth Rock|[from] move: Rapid Spin|[of] p2a: Regieleki\n|move|p1a: Excadrill|Earthquake|p2a: Regieleki\n|-supereffective|p2a: Regieleki\n|-crit|p2a: Regieleki\n|-damage|p2a: Regieleki|0 fnt\n|faint|p2a: Regieleki\n|\n|-weather|Sandstorm|[upkeep]\n|-heal|p1a: Excadrill|99\/100|[from] item: Leftovers\n|upkeep\n|\n|t:|1659284621\n|switch|p2a: Melmetal|Melmetal|100\/100\n|turn|18\n|\n|t:|1659284627\n|switch|p1a: Rotom|Rotom-Wash|100\/100\n|-damage|p1a: Rotom|88\/100|[from] Stealth Rock\n|move|p2a: Melmetal|Earthquake|p1a: Rotom\n|-immune|p1a: Rotom|[from] ability: Levitate\n|\n|-weather|none\n|-heal|p1a: Rotom|94\/100|[from] item: Leftovers\n|upkeep\n|turn|19\n|\n|t:|1659284633\n|move|p1a: Rotom|Hydro Pump|p2a: Melmetal\n|-damage|p2a: Melmetal|77\/100\n|move|p2a: Melmetal|Thunder Punch|p1a: Rotom\n|-damage|p1a: Rotom|56\/100\n|\n|-heal|p1a: Rotom|63\/100|[from] item: Leftovers\n|upkeep\n|turn|20\n|\n|t:|1659284640\n|switch|p2a: Blacephalon|Blacephalon, shiny|76\/100\n|move|p1a: Rotom|Hydro Pump|p2a: Blacephalon\n|-supereffective|p2a: Blacephalon\n|-damage|p2a: Blacephalon|0 fnt\n|faint|p2a: Blacephalon\n|\n|-heal|p1a: Rotom|69\/100|[from] item: Leftovers\n|-fieldend|Misty Terrain\n|upkeep\n|\n|t:|1659284642\n|switch|p2a: Kartana|Kartana, shiny|18\/100\n|turn|21\n|\n|t:|1659284646\n|switch|p1a: Clefable|Clefable, M|86\/100\n|move|p2a: Kartana|Leaf Blade|p1a: Clefable\n|-damage|p1a: Clefable|35\/100\n|-damage|p2a: Kartana|1\/100|[from] item: Rocky Helmet|[of] p1a: Clefable\n|\n|upkeep\n|turn|22\n|-message|Boltreaver forfeited.\n|\n|win|lt91bb FJ2K\n|raw|lt91bb FJ2K's rating: 1675 &rarr; <strong>1700<\/strong><br \/>(+25 for winning)\n|raw|Boltreaver's rating: 1761 &rarr; <strong>1736<\/strong><br \/>(-25 for losing)\n|l|\u2606Boltreaver\n||Ladder isn't responding, score probably updated but might not have (Request timeout).\n","uploadtime":1659284665,"views":19,"p1id":"lt91bbfj2k","p2id":"boltreaver","formatid":"gen8ou","rating":1700,"private":0,"password":null}