{"id":"gen8monotype-1308215699","p1":"Cookieknight","p2":"lord cube","format":"gen8monotype","log":"|j|\u2606Cookieknight\n|j|\u2606lord cube\n|t:|1616620749\n|player|p1|Cookieknight|1|1512\n|player|p2|lord cube|steven|1517\n|teamsize|p1|6\n|teamsize|p2|6\n|gametype|singles\n|gen|8\n|tier|[Gen 8] Monotype\n|rated|\n|rule|Same Type Clause: Pok\u00e9mon in a team must share a type\n|clearpoke\n|poke|p1|Kommo-o, M|\n|poke|p1|Urshifu-*, M|\n|poke|p1|Cobalion|\n|poke|p1|Terrakion|\n|poke|p1|Toxicroak, F|\n|poke|p1|Zapdos-Galar|\n|poke|p2|Ferrothorn, F|\n|poke|p2|Aegislash, M|\n|poke|p2|Heatran, F|\n|poke|p2|Celesteela|\n|poke|p2|Melmetal|\n|poke|p2|Excadrill, M|\n|rule|Sleep Clause Mod: Limit one foe put to sleep\n|rule|Species Clause: Limit one of each Pok\u00e9mon\n|rule|OHKO Clause: OHKO moves are banned\n|rule|Evasion Moves Clause: Evasion moves are banned\n|rule|Endless Battle Clause: Forcing endless battles is banned\n|rule|HP Percentage Mod: HP is shown in percentages\n|rule|Dynamax Clause: You cannot dynamax\n|teampreview\n|inactive|Battle timer is ON: inactive players will automatically lose when time's up. (requested by Cookieknight)\n|\n|t:|1616620770\n|start\n|switch|p1a: Cobalion|Cobalion|100\/100\n|switch|p2a: Melmetal|Melmetal|100\/100\n|turn|1\n|\n|t:|1616620781\n|move|p1a: Cobalion|Stealth Rock|p2a: Melmetal\n|-sidestart|p2: lord cube|move: Stealth Rock\n|move|p2a: Melmetal|Earthquake|p1a: Cobalion\n|-supereffective|p1a: Cobalion\n|-damage|p1a: Cobalion|7\/100\n|\n|-heal|p1a: Cobalion|13\/100|[from] item: Leftovers\n|upkeep\n|turn|2\n|\n|t:|1616620791\n|switch|p2a: Aegislash|Aegislash, M|100\/100\n|-damage|p2a: Aegislash|94\/100|[from] Stealth Rock\n|move|p1a: Cobalion|Thunder Wave|p2a: Aegislash\n|-status|p2a: Aegislash|par\n|\n|-heal|p1a: Cobalion|19\/100|[from] item: Leftovers\n|-heal|p2a: Aegislash|100\/100 par|[from] item: Leftovers\n|upkeep\n|turn|3\n|\n|t:|1616620799\n|move|p1a: Cobalion|Taunt|p2a: Aegislash\n|-start|p2a: Aegislash|move: Taunt\n|cant|p2a: Aegislash|move: Taunt|Substitute\n|\n|-heal|p1a: Cobalion|25\/100|[from] item: Leftovers\n|upkeep\n|turn|4\n|\n|t:|1616620808\n|switch|p1a: Urshifu|Urshifu, M|100\/100\n|cant|p2a: Aegislash|par\n|\n|upkeep\n|turn|5\n|\n|t:|1616620818\n|switch|p2a: Ferrothorn|Ferrothorn, F|100\/100\n|-damage|p2a: Ferrothorn|94\/100|[from] Stealth Rock\n|move|p1a: Urshifu|Wicked Blow|p2a: Ferrothorn\n|-crit|p2a: Ferrothorn\n|-damage|p2a: Ferrothorn|35\/100\n|-damage|p1a: Urshifu|88\/100|[from] ability: Iron Barbs|[of] p2a: Ferrothorn\n|\n|-heal|p2a: Ferrothorn|41\/100|[from] item: Leftovers\n|upkeep\n|turn|6\n|\n|t:|1616620829\n|move|p1a: Urshifu|Wicked Blow|p2a: Ferrothorn\n|-crit|p2a: Ferrothorn\n|-damage|p2a: Ferrothorn|0 fnt\n|-damage|p1a: Urshifu|76\/100|[from] ability: Iron Barbs|[of] p2a: Ferrothorn\n|faint|p2a: Ferrothorn\n|\n|upkeep\n|j| uncool_loser\n|\n|t:|1616620838\n|switch|p2a: Melmetal|Melmetal|100\/100\n|-damage|p2a: Melmetal|94\/100|[from] Stealth Rock\n|turn|7\n|\n|t:|1616620843\n|switch|p1a: Cobalion|Cobalion|25\/100\n|move|p2a: Melmetal|Double Iron Bash|p1a: Cobalion\n|-resisted|p1a: Cobalion\n|-damage|p1a: Cobalion|1\/100\n|-resisted|p1a: Cobalion\n|-damage|p1a: Cobalion|0 fnt\n|-hitcount|p1a: Cobalion|2\n|faint|p1a: Cobalion\n|\n|upkeep\n|\n|t:|1616620855\n|switch|p1a: Kommo-o|Kommo-o, M|100\/100\n|turn|8\n|\n|t:|1616620875\n|move|p1a: Kommo-o|Flamethrower|p2a: Melmetal\n|-supereffective|p2a: Melmetal\n|-damage|p2a: Melmetal|37\/100\n|move|p2a: Melmetal|Double Iron Bash|p1a: Kommo-o\n|-damage|p1a: Kommo-o|37\/100\n|-damage|p1a: Kommo-o|0 fnt\n|-hitcount|p1a: Kommo-o|2\n|faint|p1a: Kommo-o\n|\n|upkeep\n|\n|t:|1616620886\n|switch|p1a: Urshifu|Urshifu, M|76\/100\n|turn|9\n|\n|t:|1616620898\n|move|p1a: Urshifu|Wicked Blow|p2a: Melmetal\n|-crit|p2a: Melmetal\n|-damage|p2a: Melmetal|0 fnt\n|faint|p2a: Melmetal\n|\n|upkeep\n|\n|t:|1616620906\n|switch|p2a: Heatran|Heatran, F|100\/100\n|-damage|p2a: Heatran|88\/100|[from] Stealth Rock\n|turn|10\n|\n|t:|1616620912\n|move|p1a: Urshifu|Wicked Blow|p2a: Heatran\n|-crit|p2a: Heatran\n|-damage|p2a: Heatran|14\/100\n|move|p2a: Heatran|Lava Plume|p1a: Urshifu\n|-damage|p1a: Urshifu|25\/100\n|\n|-heal|p2a: Heatran|20\/100|[from] item: Leftovers\n|upkeep\n|turn|11\n|\n|t:|1616620923\n|move|p1a: Urshifu|Wicked Blow|p2a: Heatran\n|-crit|p2a: Heatran\n|-damage|p2a: Heatran|0 fnt\n|faint|p2a: Heatran\n|\n|upkeep\n|\n|t:|1616620926\n|switch|p2a: Excadrill|Excadrill, M|100\/100\n|-damage|p2a: Excadrill|97\/100|[from] Stealth Rock\n|-ability|p2a: Excadrill|Mold Breaker\n|turn|12\n|\n|t:|1616620931\n|move|p2a: Excadrill|Iron Head|p1a: Urshifu\n|-damage|p1a: Urshifu|0 fnt\n|faint|p1a: Urshifu\n|\n|upkeep\n|\n|t:|1616620939\n|switch|p1a: Toxicroak|Toxicroak, F|100\/100\n|turn|13\n|\n|t:|1616620953\n|switch|p2a: Celesteela|Celesteela|100\/100\n|-damage|p2a: Celesteela|88\/100|[from] Stealth Rock\n|move|p1a: Toxicroak|Earthquake|p2a: Celesteela\n|-immune|p2a: Celesteela\n|\n|-heal|p2a: Celesteela|94\/100|[from] item: Leftovers\n|upkeep\n|turn|14\n|\n|t:|1616620965\n|switch|p1a: Terrakion|Terrakion|100\/100\n|move|p2a: Celesteela|Heavy Slam|p1a: Terrakion\n|-supereffective|p1a: Terrakion\n|-damage|p1a: Terrakion|39\/100\n|\n|-heal|p2a: Celesteela|99\/100|[from] item: Leftovers\n|upkeep\n|turn|15\n|\n|t:|1616620980\n|switch|p2a: Aegislash|Aegislash, M|100\/100 par\n|-damage|p2a: Aegislash|94\/100 par|[from] Stealth Rock\n|move|p1a: Terrakion|Stone Edge|p2a: Aegislash\n|-resisted|p2a: Aegislash\n|-damage|p2a: Aegislash|72\/100 par\n|\n|-heal|p2a: Aegislash|79\/100 par|[from] item: Leftovers\n|upkeep\n|turn|16\n|\n|t:|1616620988\n|switch|p1a: Zapdos|Zapdos-Galar|100\/100\n|-formechange|p2a: Aegislash|Aegislash-Blade||[from] ability: Stance Change\n|move|p2a: Aegislash|Shadow Ball|p1a: Zapdos\n|-damage|p1a: Zapdos|58\/100\n|\n|-heal|p2a: Aegislash|85\/100 par|[from] item: Leftovers\n|upkeep\n|turn|17\n|\n|t:|1616620996\n|cant|p2a: Aegislash|par\n|move|p1a: Zapdos|Stomping Tantrum|p2a: Aegislash\n|-supereffective|p2a: Aegislash\n|-damage|p2a: Aegislash|0 fnt\n|faint|p2a: Aegislash\n|\n|upkeep\n|\n|t:|1616621002\n|switch|p2a: Celesteela|Celesteela|99\/100\n|-damage|p2a: Celesteela|88\/100|[from] Stealth Rock\n|turn|18\n|\n|t:|1616621008\n|switch|p1a: Toxicroak|Toxicroak, F|100\/100\n|move|p2a: Celesteela|Heavy Slam|p1a: Toxicroak\n|-damage|p1a: Toxicroak|36\/100\n|\n|-heal|p2a: Celesteela|94\/100|[from] item: Leftovers\n|upkeep\n|turn|19\n|\n|t:|1616621015\n|move|p2a: Celesteela|Protect|p2a: Celesteela\n|-singleturn|p2a: Celesteela|Protect\n|move|p1a: Toxicroak|Knock Off|p2a: Celesteela\n|-activate|p2a: Celesteela|move: Protect\n|\n|-heal|p2a: Celesteela|99\/100|[from] item: Leftovers\n|upkeep\n|turn|20\n|\n|t:|1616621020\n|move|p1a: Toxicroak|Knock Off|p2a: Celesteela\n|-damage|p2a: Celesteela|84\/100\n|-enditem|p2a: Celesteela|Leftovers|[from] move: Knock Off|[of] p1a: Toxicroak\n|move|p2a: Celesteela|Heavy Slam|p1a: Toxicroak\n|-crit|p1a: Toxicroak\n|-damage|p1a: Toxicroak|0 fnt\n|faint|p1a: Toxicroak\n|-ability|p2a: Celesteela|Beast Boost|boost\n|-boost|p2a: Celesteela|def|1\n|\n|upkeep\n|\n|t:|1616621031\n|switch|p1a: Zapdos|Zapdos-Galar|58\/100\n|turn|21\n|\n|t:|1616621039\n|move|p1a: Zapdos|Close Combat|p2a: Celesteela\n|-damage|p2a: Celesteela|60\/100\n|-unboost|p1a: Zapdos|def|1\n|-unboost|p1a: Zapdos|spd|1\n|move|p2a: Celesteela|Heavy Slam|p1a: Zapdos\n|-damage|p1a: Zapdos|0 fnt\n|faint|p1a: Zapdos\n|-ability|p2a: Celesteela|Beast Boost|boost\n|-boost|p2a: Celesteela|def|1\n|\n|upkeep\n|-message|Cookieknight forfeited.\n|\n|win|lord cube\n|raw|Cookieknight's rating: 1512 &rarr; <strong>1492<\/strong><br \/>(-20 for losing)\n|raw|lord cube's rating: 1517 &rarr; <strong>1537<\/strong><br \/>(+20 for winning)\n|l|\u2606Cookieknight\n|c|\u2606lord cube|gg\n||Ladder isn't responding, score probably updated but might not have (Request timeout).\n","uploadtime":1616621051,"views":11,"p1id":"cookieknight","p2id":"lordcube","formatid":"gen8monotype","rating":1492,"private":0,"password":null}