{"id":"gen8vgc2021-1706952330","p1":"BenD870","p2":"Omarinator","format":"gen8vgc2021","log":"|j|\u2606BenD870\n|j|\u2606Omarinator\n|t:|1668035751\n|gametype|doubles\n|player|p1|BenD870|170|\n|player|p2|Omarinator|hoopster|\n|teamsize|p1|6\n|teamsize|p2|6\n|gen|8\n|tier|[Gen 8] VGC 2021\n|rule|Species Clause: Limit one of each Pok\u00e9mon\n|rule|Item Clause: Limit one of each item\n|clearpoke\n|poke|p1|Talonflame, L50, M|\n|poke|p1|Landorus, L50, M|\n|poke|p1|Metagross, L50|\n|poke|p1|Grimmsnarl, L50, M|\n|poke|p1|Rotom-Wash, L50|\n|poke|p1|Regidrago, L50|\n|poke|p2|Togekiss, L50, F|\n|poke|p2|Boltund, L50, M|\n|poke|p2|Porygon2, L50|\n|poke|p2|Thwackey, L50, F|\n|poke|p2|Urshifu-*, L50, M|\n|poke|p2|Blacephalon, L50|\n|teampreview|4\n|inactive|Battle timer is ON: inactive players will automatically lose when time's up. (requested by Omarinator)\n|c|\u2606BenD870|g2\n|inactiveoff|Battle timer is now OFF.\n|c|\u2606Omarinator|gl and hf\n|c|\u2606BenD870|glhf!\n|j| hero of zero\n|\n|t:|1668036403\n|start\n|switch|p1a: Regidrago|Regidrago, L50|100\/100\n|switch|p1b: Talonflame|Talonflame, L50, M|100\/100\n|switch|p2a: blorp|Boltund, L50, M|100\/100\n|switch|p2b: bop|Thwackey, L50, F|100\/100\n|-fieldstart|move: Grassy Terrain|[from] ability: Grassy Surge|[of] p2b: bop\n|turn|1\n|j| SILVESTRON\n|c|\u2606BenD870|ooooo\n|c|\u2606BenD870|the dog\n|c| SILVESTRON|blorp\n|c|\u2606Omarinator|ANY blorp IN CHAT?!\n|c|\u2606BenD870|blorp\n|j| Superperson00\n|\n|t:|1668036486\n|-start|p2a: blorp|Dynamax|\n|-heal|p2a: blorp|100\/100|[silent]\n|move|p2b: bop|Fake Out|p1b: Talonflame\n|-damage|p1b: Talonflame|88\/100\n|cant|p1b: Talonflame|flinch\n|move|p2a: blorp|Max Lightning|p1b: Talonflame\n|-supereffective|p1b: Talonflame\n|-damage|p1b: Talonflame|0 fnt\n|-fieldstart|move: Electric Terrain\n|faint|p1b: Talonflame\n|move|p1a: Regidrago|Dragon Energy|p2a: blorp|[spread] p2a,p2b\n|-damage|p2a: blorp|34\/100\n|-damage|p2b: bop|0 fnt\n|faint|p2b: bop\n|\n|upkeep\n|c|\u2606BenD870|regidrago gaming\n|c| Superperson00|Regidrago moment\n|\n|t:|1668036521\n|switch|p1b: Landorus|Landorus, L50, M|100\/100\n|switch|p2b: boop|Porygon2, L50|100\/100\n|-ability|p2b: boop|Dragon's Maw|[from] ability: Trace|[of] p1a: Regidrago\n|turn|2\n|\n|t:|1668036539\n|move|p1b: Landorus|Protect|p1b: Landorus\n|-singleturn|p1b: Landorus|Protect\n|move|p2a: blorp|Max Starfall|p1a: Regidrago\n|-supereffective|p1a: Regidrago\n|-damage|p1a: Regidrago|0 fnt\n|-fieldstart|move: Misty Terrain\n|faint|p1a: Regidrago\n|move|p2b: boop|Ice Beam|p1b: Landorus\n|-activate|p1b: Landorus|move: Protect\n|\n|upkeep\n|c|\u2606BenD870|yeah thats fair\n|c|\u2606BenD870|yeah\n|\n|t:|1668036551\n|switch|p1a: Metagross|Metagross, L50|100\/100\n|turn|3\n|j| Jayant830\n|\n|t:|1668036591\n|-start|p1a: Metagross|Dynamax|\n|-heal|p1a: Metagross|100\/100|[silent]\n|move|p2a: blorp|Max Darkness|p1a: Metagross\n|-supereffective|p1a: Metagross\n|-damage|p1a: Metagross|69\/100\n|-fail|p1a: Metagross|unboost|[from] ability: Clear Body|[of] p1a: Metagross\n|-unboost|p1b: Landorus|spd|1\n|-enditem|p1a: Metagross|Weakness Policy\n|-boost|p1a: Metagross|atk|2|[from] item: Weakness Policy\n|-boost|p1a: Metagross|spa|2|[from] item: Weakness Policy\n|move|p1b: Landorus|Substitute|p1b: Landorus\n|-start|p1b: Landorus|Substitute\n|-damage|p1b: Landorus|75\/100\n|move|p1a: Metagross|Max Quake|p2a: blorp\n|-supereffective|p2a: blorp\n|-damage|p2a: blorp|0 fnt\n|-boost|p1a: Metagross|spd|1\n|-boost|p1b: Landorus|spd|1\n|faint|p2a: blorp\n|move|p2b: boop|Ice Beam|p1b: Landorus\n|-supereffective|p1b: Landorus\n|-end|p1b: Landorus|Substitute\n|\n|upkeep\n|\n|t:|1668036604\n|switch|p2a: blap|Urshifu, L50, M|100\/100\n|turn|4\n|\n|t:|1668036760\n|move|p1b: Landorus|Substitute|p1b: Landorus\n|-start|p1b: Landorus|Substitute\n|-damage|p1b: Landorus|50\/100\n|move|p2a: blap|Wicked Blow|p1b: Landorus\n|-crit|p1b: Landorus\n|-end|p1b: Landorus|Substitute\n|move|p1a: Metagross|Max Steelspike|p2b: boop\n|-damage|p2b: boop|5\/100\n|-boost|p1a: Metagross|def|1\n|-boost|p1b: Landorus|def|1\n|move|p2b: boop|Foul Play|p1a: Metagross\n|-supereffective|p1a: Metagross\n|-damage|p1a: Metagross|26\/100\n|\n|upkeep\n|turn|5\n|\n|t:|1668036817\n|move|p1a: Metagross|Max Guard|p1a: Metagross\n|-singleturn|p1a: Metagross|Max Guard\n|move|p1b: Landorus|Earth Power|p2b: boop\n|-damage|p2b: boop|0 fnt\n|faint|p2b: boop\n|move|p2a: blap|Wicked Blow|p1a: Metagross\n|-activate|p1a: Metagross|move: Max Guard\n|\n|upkeep\n|-end|p1a: Metagross|Dynamax\n|-heal|p1a: Metagross|26\/100|[silent]\n|turn|6\n|c|\u2606BenD870|lets goooo\n|\n|t:|1668036834\n|move|p1b: Landorus|Earth Power|p2a: blap\n|-damage|p2a: blap|42\/100\n|move|p2a: blap|Wicked Blow|p1a: Metagross\n|-supereffective|p1a: Metagross\n|-crit|p1a: Metagross\n|-damage|p1a: Metagross|0 fnt\n|faint|p1a: Metagross\n|\n|-fieldend|Misty Terrain\n|upkeep\n|turn|7\n|c|\u2606BenD870|the 50 50\n|\n|t:|1668036842\n|move|p2a: blap|Sucker Punch|p1b: Landorus\n|-damage|p1b: Landorus|22\/100\n|move|p1b: Landorus|Earth Power|p2a: blap\n|-damage|p2a: blap|0 fnt\n|faint|p2a: blap\n|\n|win|BenD870\n|c|\u2606BenD870|gg\n|c|\u2606Omarinator|gg\n|c| Superperson00|Yooo\n|l| hero of zero\n|l| Superperson00\n|l| SILVESTRON\n|j| SILVESTRON\n","uploadtime":1668036850,"views":8,"p1id":"bend870","p2id":"omarinator","formatid":"gen8vgc2021","rating":0,"private":0,"password":null}