{"id":"gen8ou-1648884436","p1":"LT94JE Kith","p2":"wish kisser","format":"gen8ou","log":"|raw|<div class=\"broadcast-blue\"><strong>This battle is required to be public due to a player having a name starting with 'lt94je'.<\/div>\n|j|\u2606LT94JE Kith\n|j|\u2606wish kisser\n|t:|1661534323\n|gametype|singles\n|player|p1|LT94JE Kith|1|1705\n|player|p2|wish kisser|ethan|1741\n|teamsize|p1|6\n|teamsize|p2|6\n|gen|8\n|tier|[Gen 8] OU\n|rated|\n|rule|Sleep Clause Mod: Limit one foe put to sleep\n|rule|Species Clause: Limit one of each Pok\u00e9mon\n|rule|OHKO Clause: OHKO moves are banned\n|rule|Evasion Items Clause: Evasion items are banned\n|rule|Evasion Moves Clause: Evasion moves are banned\n|rule|Endless Battle Clause: Forcing endless battles is banned\n|rule|HP Percentage Mod: HP is shown in percentages\n|rule|Dynamax Clause: You cannot dynamax\n|clearpoke\n|poke|p1|Hippowdon, F|\n|poke|p1|Toxapex, F|\n|poke|p1|Clefable, M|\n|poke|p1|Blissey, F|\n|poke|p1|Corviknight, M|\n|poke|p1|Tornadus-Therian, M|\n|poke|p2|Volcarona, M|\n|poke|p2|Heatran, M|\n|poke|p2|Kartana|\n|poke|p2|Rillaboom, M|\n|poke|p2|Zapdos|\n|poke|p2|Zeraora|\n|teampreview\n|inactive|Battle timer is ON: inactive players will automatically lose when time's up. (requested by LT94JE Kith)\n|\n|t:|1661534338\n|start\n|switch|p1a: Hippowdon|Hippowdon, F|100\/100\n|switch|p2a: Kong|Rillaboom, M, shiny|100\/100\n|-fieldstart|move: Grassy Terrain|[from] ability: Grassy Surge|[of] p2a: Kong\n|-weather|Sandstorm|[from] ability: Sand Stream|[of] p1a: Hippowdon\n|turn|1\n|\n|t:|1661534346\n|switch|p1a: Tornadus|Tornadus-Therian, M|100\/100\n|move|p2a: Kong|Grassy Glide|p1a: Tornadus\n|-resisted|p1a: Tornadus\n|-damage|p1a: Tornadus|75\/100\n|\n|-weather|Sandstorm|[upkeep]\n|-damage|p1a: Tornadus|69\/100|[from] Sandstorm\n|-damage|p2a: Kong|94\/100|[from] Sandstorm\n|-heal|p2a: Kong|100\/100|[from] Grassy Terrain\n|upkeep\n|turn|2\n|\n|t:|1661534355\n|switch|p2a: Chaos|Heatran, M, shiny|100\/100\n|move|p1a: Tornadus|U-turn|p2a: Chaos\n|-resisted|p2a: Chaos\n|-damage|p2a: Chaos|98\/100\n|\n|t:|1661534361\n|switch|p1a: Hippowdon|Hippowdon, F|100\/100|[from]move: U-turn\n|\n|-weather|Sandstorm|[upkeep]\n|-heal|p2a: Chaos|100\/100|[from] Grassy Terrain\n|upkeep\n|turn|3\n|\n|t:|1661534367\n|move|p2a: Chaos|Toxic|p1a: Hippowdon\n|-status|p1a: Hippowdon|tox\n|move|p1a: Hippowdon|Earthquake|p2a: Chaos\n|-supereffective|p2a: Chaos\n|-damage|p2a: Chaos|54\/100\n|\n|-weather|Sandstorm|[upkeep]\n|-heal|p2a: Chaos|60\/100|[from] Grassy Terrain\n|-heal|p2a: Chaos|66\/100|[from] item: Leftovers\n|-damage|p1a: Hippowdon|94\/100 tox|[from] psn\n|upkeep\n|turn|4\n|c|\u2606wish kisser|0\n|\n|t:|1661534377\n|move|p2a: Chaos|Stealth Rock|p1a: Hippowdon\n|-sidestart|p1: LT94JE Kith|move: Stealth Rock\n|move|p1a: Hippowdon|Stealth Rock|p2a: Chaos\n|-sidestart|p2: wish kisser|move: Stealth Rock\n|\n|-weather|Sandstorm|[upkeep]\n|-heal|p2a: Chaos|72\/100|[from] Grassy Terrain\n|-heal|p2a: Chaos|79\/100|[from] item: Leftovers\n|-heal|p1a: Hippowdon|100\/100 tox|[from] Grassy Terrain\n|-damage|p1a: Hippowdon|88\/100 tox|[from] psn\n|upkeep\n|turn|5\n|\n|t:|1661534386\n|switch|p1a: Toxapex|Toxapex, F|100\/100\n|-damage|p1a: Toxapex|88\/100|[from] Stealth Rock\n|move|p2a: Chaos|Protect||[still]\n|-fail|p2a: Chaos\n|\n|-weather|none\n|-heal|p2a: Chaos|85\/100|[from] Grassy Terrain\n|-heal|p2a: Chaos|91\/100|[from] item: Leftovers\n|-heal|p1a: Toxapex|94\/100|[from] Grassy Terrain\n|-fieldend|move: Grassy Terrain\n|upkeep\n|turn|6\n|\n|t:|1661534396\n|switch|p2a: Byakko|Zapdos, shiny|100\/100\n|move|p1a: Toxapex|Knock Off|p2a: Byakko\n|-damage|p2a: Byakko|85\/100\n|-enditem|p2a: Byakko|Heavy-Duty Boots|[from] move: Knock Off|[of] p1a: Toxapex\n|\n|upkeep\n|turn|7\n|j| nublet2\n|\n|t:|1661534403\n|switch|p1a: Hippowdon|Hippowdon, F|88\/100 tox\n|-damage|p1a: Hippowdon|82\/100 tox|[from] Stealth Rock\n|-weather|Sandstorm|[from] ability: Sand Stream|[of] p1a: Hippowdon\n|move|p2a: Byakko|Hurricane|p1a: Hippowdon\n|-damage|p1a: Hippowdon|39\/100 tox\n|-start|p1a: Hippowdon|confusion\n|\n|-weather|Sandstorm|[upkeep]\n|-damage|p2a: Byakko|79\/100|[from] Sandstorm\n|-heal|p1a: Hippowdon|46\/100 tox|[from] item: Leftovers\n|-damage|p1a: Hippowdon|39\/100 tox|[from] psn\n|upkeep\n|turn|8\n|\n|t:|1661534411\n|switch|p1a: Blissey|Blissey, F|100\/100\n|-damage|p1a: Blissey|88\/100|[from] Stealth Rock\n|move|p2a: Byakko|Hurricane|p1a: Blissey\n|-damage|p1a: Blissey|68\/100\n|\n|-weather|Sandstorm|[upkeep]\n|-damage|p2a: Byakko|72\/100|[from] Sandstorm\n|-damage|p1a: Blissey|62\/100|[from] Sandstorm\n|-heal|p1a: Blissey|68\/100|[from] item: Leftovers\n|upkeep\n|turn|9\n|\n|t:|1661534419\n|move|p2a: Byakko|Volt Switch|p1a: Blissey\n|-damage|p1a: Blissey|54\/100\n|\n|t:|1661534420\n|switch|p2a: Kong|Rillaboom, M, shiny|100\/100|[from]move: Volt Switch\n|-damage|p2a: Kong|88\/100|[from] Stealth Rock\n|-fieldstart|move: Grassy Terrain|[from] ability: Grassy Surge|[of] p2a: Kong\n|move|p1a: Blissey|Soft-Boiled|p1a: Blissey\n|-heal|p1a: Blissey|100\/100\n|\n|-weather|Sandstorm|[upkeep]\n|-damage|p2a: Kong|82\/100|[from] Sandstorm\n|-damage|p1a: Blissey|94\/100|[from] Sandstorm\n|-heal|p2a: Kong|88\/100|[from] Grassy Terrain\n|-heal|p2a: Kong|94\/100|[from] item: Leftovers\n|-heal|p1a: Blissey|100\/100|[from] Grassy Terrain\n|upkeep\n|turn|10\n|inactive|wish kisser has 120 seconds left.\n|\n|t:|1661534454\n|move|p2a: Kong|Superpower|p1a: Blissey\n|-supereffective|p1a: Blissey\n|-damage|p1a: Blissey|28\/100\n|-unboost|p2a: Kong|atk|1\n|-unboost|p2a: Kong|def|1\n|move|p1a: Blissey|Aromatherapy|p1a: Blissey\n|-activate|p1a: Blissey|move: Aromatherapy\n|-curestatus|p1: Hippowdon|tox|[msg]\n|\n|-weather|Sandstorm|[upkeep]\n|-damage|p2a: Kong|88\/100|[from] Sandstorm\n|-damage|p1a: Blissey|22\/100|[from] Sandstorm\n|-heal|p2a: Kong|94\/100|[from] Grassy Terrain\n|-heal|p2a: Kong|100\/100|[from] item: Leftovers\n|-heal|p1a: Blissey|28\/100|[from] Grassy Terrain\n|-heal|p1a: Blissey|34\/100|[from] item: Leftovers\n|upkeep\n|turn|11\n|\n|t:|1661534469\n|switch|p1a: Tornadus|Tornadus-Therian, M|100\/100\n|move|p2a: Kong|Superpower|p1a: Tornadus\n|-resisted|p1a: Tornadus\n|-damage|p1a: Tornadus|86\/100\n|-unboost|p2a: Kong|atk|1\n|-unboost|p2a: Kong|def|1\n|\n|-weather|none\n|upkeep\n|turn|12\n|\n|t:|1661534477\n|switch|p1a: Blissey|Blissey, F|34\/100\n|-damage|p1a: Blissey|22\/100|[from] Stealth Rock\n|move|p2a: Kong|Knock Off|p1a: Blissey\n|-damage|p1a: Blissey|6\/100\n|-enditem|p1a: Blissey|Leftovers|[from] move: Knock Off|[of] p2a: Kong\n|\n|-heal|p1a: Blissey|12\/100|[from] Grassy Terrain\n|upkeep\n|turn|13\n|\n|t:|1661534485\n|switch|p1a: Tornadus|Tornadus-Therian, M|100\/100\n|move|p2a: Kong|Grassy Glide|p1a: Tornadus\n|-resisted|p1a: Tornadus\n|-damage|p1a: Tornadus|87\/100\n|\n|-fieldend|move: Grassy Terrain\n|upkeep\n|turn|14\n|\n|t:|1661534494\n|switch|p2a: Chaos|Heatran, M, shiny|91\/100\n|-damage|p2a: Chaos|79\/100|[from] Stealth Rock\n|move|p1a: Tornadus|Hurricane|p2a: Chaos\n|-resisted|p2a: Chaos\n|-damage|p2a: Chaos|62\/100\n|\n|-heal|p2a: Chaos|68\/100|[from] item: Leftovers\n|upkeep\n|turn|15\n|\n|t:|1661534502\n|move|p1a: Tornadus|Knock Off|p2a: Chaos\n|-damage|p2a: Chaos|55\/100\n|-enditem|p2a: Chaos|Leftovers|[from] move: Knock Off|[of] p1a: Tornadus\n|move|p2a: Chaos|Lava Plume|p1a: Tornadus\n|-crit|p1a: Tornadus\n|-damage|p1a: Tornadus|35\/100\n|\n|upkeep\n|turn|16\n|\n|t:|1661534508\n|move|p1a: Tornadus|U-turn|p2a: Chaos\n|-resisted|p2a: Chaos\n|-damage|p2a: Chaos|53\/100\n|\n|t:|1661534511\n|switch|p1a: Toxapex|Toxapex, F|100\/100|[from]move: U-turn\n|-damage|p1a: Toxapex|88\/100|[from] Stealth Rock\n|move|p2a: Chaos|Lava Plume|p1a: Toxapex\n|-resisted|p1a: Toxapex\n|-damage|p1a: Toxapex|74\/100\n|\n|upkeep\n|turn|17\n|\n|t:|1661534519\n|move|p2a: Chaos|Lava Plume|p1a: Toxapex\n|-resisted|p1a: Toxapex\n|-damage|p1a: Toxapex|61\/100\n|-status|p1a: Toxapex|brn\n|move|p1a: Toxapex|Scald|p2a: Chaos\n|-supereffective|p2a: Chaos\n|-damage|p2a: Chaos|24\/100\n|\n|-damage|p1a: Toxapex|55\/100 brn|[from] brn\n|upkeep\n|turn|18\n|\n|t:|1661534537\n|switch|p2a: Byakko|Zapdos, shiny|72\/100\n|-damage|p2a: Byakko|48\/100|[from] Stealth Rock\n|switch|p1a: Tornadus|Tornadus-Therian, M|68\/100\n|\n|upkeep\n|turn|19\n|\n|t:|1661534543\n|move|p1a: Tornadus|Taunt|p2a: Byakko\n|-start|p2a: Byakko|move: Taunt\n|cant|p2a: Byakko|move: Taunt|Roost\n|\n|upkeep\n|turn|20\n|\n|t:|1661534552\n|switch|p1a: Hippowdon|Hippowdon, F|39\/100\n|-damage|p1a: Hippowdon|33\/100|[from] Stealth Rock\n|-weather|Sandstorm|[from] ability: Sand Stream|[of] p1a: Hippowdon\n|move|p2a: Byakko|Hurricane|p1a: Hippowdon|[miss]\n|-miss|p2a: Byakko|p1a: Hippowdon\n|\n|-weather|Sandstorm|[upkeep]\n|-damage|p2a: Byakko|41\/100|[from] Sandstorm\n|-heal|p1a: Hippowdon|39\/100|[from] item: Leftovers\n|upkeep\n|turn|21\n|\n|t:|1661534561\n|move|p2a: Byakko|Hurricane|p1a: Hippowdon|[miss]\n|-miss|p2a: Byakko|p1a: Hippowdon\n|move|p1a: Hippowdon|Slack Off|p1a: Hippowdon\n|-heal|p1a: Hippowdon|89\/100\n|\n|-weather|Sandstorm|[upkeep]\n|-damage|p2a: Byakko|35\/100|[from] Sandstorm\n|-heal|p1a: Hippowdon|96\/100|[from] item: Leftovers\n|-end|p2a: Byakko|move: Taunt\n|upkeep\n|turn|22\n|\n|t:|1661534567\n|move|p2a: Byakko|Hurricane|p1a: Hippowdon\n|-damage|p1a: Hippowdon|55\/100\n|move|p1a: Hippowdon|Toxic|p2a: Byakko\n|-status|p2a: Byakko|tox\n|\n|-weather|Sandstorm|[upkeep]\n|-damage|p2a: Byakko|29\/100 tox|[from] Sandstorm\n|-heal|p1a: Hippowdon|62\/100|[from] item: Leftovers\n|-damage|p2a: Byakko|23\/100 tox|[from] psn\n|upkeep\n|turn|23\n|\n|t:|1661534572\n|move|p2a: Byakko|Roost|p2a: Byakko\n|-heal|p2a: Byakko|73\/100 tox\n|-singleturn|p2a: Byakko|move: Roost\n|move|p1a: Hippowdon|Slack Off|p1a: Hippowdon\n|-heal|p1a: Hippowdon|100\/100\n|\n|-weather|Sandstorm|[upkeep]\n|-damage|p2a: Byakko|67\/100 tox|[from] Sandstorm\n|-damage|p2a: Byakko|54\/100 tox|[from] psn\n|upkeep\n|turn|24\n|c|\u2606wish kisser|Bruh\n|\n|t:|1661534582\n|switch|p2a: Kong|Rillaboom, M, shiny|100\/100\n|-damage|p2a: Kong|88\/100|[from] Stealth Rock\n|-fieldstart|move: Grassy Terrain|[from] ability: Grassy Surge|[of] p2a: Kong\n|switch|p1a: Tornadus|Tornadus-Therian, M|100\/100\n|\n|-weather|none\n|-heal|p2a: Kong|94\/100|[from] Grassy Terrain\n|-heal|p2a: Kong|100\/100|[from] item: Leftovers\n|upkeep\n|turn|25\n|\n|t:|1661534594\n|switch|p2a: Zephyr|Zeraora, shiny|100\/100\n|move|p1a: Tornadus|U-turn|p2a: Zephyr\n|-damage|p2a: Zephyr|80\/100\n|\n|t:|1661534603\n|switch|p1a: Hippowdon|Hippowdon, F|100\/100|[from]move: U-turn\n|-damage|p1a: Hippowdon|94\/100|[from] Stealth Rock\n|-weather|Sandstorm|[from] ability: Sand Stream|[of] p1a: Hippowdon\n|\n|-weather|Sandstorm|[upkeep]\n|-damage|p2a: Zephyr|74\/100|[from] Sandstorm\n|-heal|p2a: Zephyr|80\/100|[from] Grassy Terrain\n|-heal|p1a: Hippowdon|100\/100|[from] Grassy Terrain\n|upkeep\n|turn|26\n|\n|t:|1661534609\n|switch|p2a: Kong|Rillaboom, M, shiny|100\/100\n|-damage|p2a: Kong|88\/100|[from] Stealth Rock\n|move|p1a: Hippowdon|Toxic|p2a: Kong\n|-status|p2a: Kong|tox\n|\n|-weather|Sandstorm|[upkeep]\n|-damage|p2a: Kong|82\/100 tox|[from] Sandstorm\n|-heal|p2a: Kong|88\/100 tox|[from] Grassy Terrain\n|-heal|p2a: Kong|94\/100 tox|[from] item: Leftovers\n|-damage|p2a: Kong|88\/100 tox|[from] psn\n|upkeep\n|turn|27\n|c|\u2606wish kisser|This double miss\n|c|\u2606wish kisser|is p annoying\n|c|\u2606LT94JE Kith|I think you win\n|c|\u2606LT94JE Kith|anyways\n|c|\u2606LT94JE Kith|but sucked yes\n|inactive|LT94JE Kith has 120 seconds left.\n|\n|t:|1661534640\n|switch|p1a: Corviknight|Corviknight, M|100\/100\n|-damage|p1a: Corviknight|88\/100|[from] Stealth Rock\n|-ability|p1a: Corviknight|Pressure\n|move|p2a: Kong|Knock Off|p1a: Corviknight\n|-damage|p1a: Corviknight|66\/100\n|-enditem|p1a: Corviknight|Leftovers|[from] move: Knock Off|[of] p2a: Kong\n|\n|-weather|Sandstorm|[upkeep]\n|-damage|p2a: Kong|82\/100 tox|[from] Sandstorm\n|-heal|p2a: Kong|88\/100 tox|[from] Grassy Terrain\n|-heal|p2a: Kong|94\/100 tox|[from] item: Leftovers\n|-damage|p2a: Kong|82\/100 tox|[from] psn\n|upkeep\n|turn|28\n|\n|t:|1661534647\n|switch|p2a: Amaterasu|Volcarona, M, shiny|100\/100\n|move|p1a: Corviknight|Defog|p2a: Amaterasu\n|-unboost|p2a: Amaterasu|evasion|1\n|-sideend|p2: wish kisser|Stealth Rock|[from] move: Defog|[of] p1a: Corviknight\n|-sideend|p1: LT94JE Kith|Stealth Rock|[from] move: Defog|[of] p1a: Corviknight\n|-fieldend|move: Grassy Terrain\n|\n|-weather|Sandstorm|[upkeep]\n|-damage|p2a: Amaterasu|94\/100|[from] Sandstorm\n|upkeep\n|turn|29\n|\n|t:|1661534656\n|switch|p1a: Hippowdon|Hippowdon, F|100\/100\n|move|p2a: Amaterasu|Quiver Dance|p2a: Amaterasu\n|-boost|p2a: Amaterasu|spa|1\n|-boost|p2a: Amaterasu|spd|1\n|-boost|p2a: Amaterasu|spe|1\n|\n|-weather|none\n|upkeep\n|turn|30\n|\n|t:|1661534660\n|move|p2a: Amaterasu|Substitute|p2a: Amaterasu\n|-start|p2a: Amaterasu|Substitute\n|-damage|p2a: Amaterasu|70\/100\n|move|p1a: Hippowdon|Toxic||[still]\n|-fail|p1a: Hippowdon\n|\n|upkeep\n|turn|31\n|\n|t:|1661534663\n|move|p2a: Amaterasu|Quiver Dance|p2a: Amaterasu\n|-boost|p2a: Amaterasu|spa|1\n|-boost|p2a: Amaterasu|spd|1\n|-boost|p2a: Amaterasu|spe|1\n|move|p1a: Hippowdon|Earthquake|p2a: Amaterasu\n|-end|p2a: Amaterasu|Substitute\n|\n|upkeep\n|turn|32\n|\n|t:|1661534669\n|switch|p1a: Clefable|Clefable, M|100\/100\n|move|p2a: Amaterasu|Substitute|p2a: Amaterasu\n|-start|p2a: Amaterasu|Substitute\n|-damage|p2a: Amaterasu|45\/100\n|\n|upkeep\n|turn|33\n|\n|t:|1661534676\n|move|p2a: Amaterasu|Flamethrower|p1a: Clefable\n|-damage|p1a: Clefable|50\/100\n|move|p1a: Clefable|Flamethrower|p2a: Amaterasu\n|-activate|p2a: Amaterasu|move: Substitute|[damage]\n|\n|-heal|p1a: Clefable|56\/100|[from] item: Leftovers\n|upkeep\n|turn|34\n|\n|t:|1661534682\n|move|p1a: Clefable|Protect|p1a: Clefable\n|-singleturn|p1a: Clefable|Protect\n|move|p2a: Amaterasu|Flamethrower|p1a: Clefable\n|-activate|p1a: Clefable|move: Protect\n|\n|-heal|p1a: Clefable|62\/100|[from] item: Leftovers\n|upkeep\n|turn|35\n|\n|t:|1661534684\n|move|p2a: Amaterasu|Flamethrower|p1a: Clefable\n|-damage|p1a: Clefable|18\/100\n|move|p1a: Clefable|Soft-Boiled|p1a: Clefable\n|-heal|p1a: Clefable|68\/100\n|\n|-heal|p1a: Clefable|74\/100|[from] item: Leftovers\n|upkeep\n|turn|36\n|\n|t:|1661534690\n|move|p1a: Clefable|Protect|p1a: Clefable\n|-singleturn|p1a: Clefable|Protect\n|move|p2a: Amaterasu|Flamethrower|p1a: Clefable\n|-activate|p1a: Clefable|move: Protect\n|\n|-heal|p1a: Clefable|80\/100|[from] item: Leftovers\n|upkeep\n|turn|37\n|\n|t:|1661534707\n|move|p2a: Amaterasu|Flamethrower|p1a: Clefable\n|-damage|p1a: Clefable|29\/100\n|-status|p1a: Clefable|brn\n|move|p1a: Clefable|Soft-Boiled|p1a: Clefable\n|-heal|p1a: Clefable|79\/100 brn\n|\n|-heal|p1a: Clefable|86\/100 brn|[from] item: Leftovers\n|-damage|p1a: Clefable|79\/100 brn|[from] brn\n|upkeep\n|turn|38\n|j| Santiago Bernabeu\n|\n|t:|1661534720\n|move|p1a: Clefable|Protect|p1a: Clefable\n|-singleturn|p1a: Clefable|Protect\n|move|p2a: Amaterasu|Quiver Dance|p2a: Amaterasu\n|-boost|p2a: Amaterasu|spa|1\n|-boost|p2a: Amaterasu|spd|1\n|-boost|p2a: Amaterasu|spe|1\n|\n|-heal|p1a: Clefable|86\/100 brn|[from] item: Leftovers\n|-damage|p1a: Clefable|79\/100 brn|[from] brn\n|upkeep\n|turn|39\n|\n|t:|1661534723\n|move|p2a: Amaterasu|Bug Buzz|p1a: Clefable\n|-resisted|p1a: Clefable\n|-damage|p1a: Clefable|54\/100 brn\n|move|p1a: Clefable|Soft-Boiled|p1a: Clefable\n|-heal|p1a: Clefable|100\/100 brn\n|\n|-damage|p1a: Clefable|94\/100 brn|[from] brn\n|upkeep\n|turn|40\n|inactive|LT94JE Kith has 120 seconds left.\n|inactive|LT94JE Kith has 90 seconds left.\n|c|\u2606wish kisser|Test\n|\n|t:|1661534797\n|move|p2a: Amaterasu|Flamethrower|p1a: Clefable\n|-damage|p1a: Clefable|48\/100 brn\n|move|p1a: Clefable|Flamethrower|p2a: Amaterasu\n|-end|p2a: Amaterasu|Substitute\n|\n|-heal|p1a: Clefable|55\/100 brn|[from] item: Leftovers\n|-damage|p1a: Clefable|48\/100 brn|[from] brn\n|upkeep\n|turn|41\n|\n|t:|1661534803\n|switch|p1a: Toxapex|Toxapex, F|88\/100 brn\n|move|p2a: Amaterasu|Flamethrower|p1a: Toxapex\n|-resisted|p1a: Toxapex\n|-damage|p1a: Toxapex|33\/100 brn\n|\n|-damage|p1a: Toxapex|27\/100 brn|[from] brn\n|upkeep\n|turn|42\n|\n|t:|1661534807\n|switch|p1a: Blissey|Blissey, F|12\/100\n|move|p2a: Amaterasu|Substitute|p2a: Amaterasu\n|-start|p2a: Amaterasu|Substitute\n|-damage|p2a: Amaterasu|20\/100\n|\n|upkeep\n|turn|43\n|\n|t:|1661534816\n|move|p2a: Amaterasu|Bug Buzz|p1a: Blissey\n|-damage|p1a: Blissey|0 fnt\n|faint|p1a: Blissey\n|\n|upkeep\n|\n|t:|1661534820\n|switch|p1a: Toxapex|Toxapex, F|60\/100 brn\n|turn|44\n|\n|t:|1661534824\n|switch|p1a: Clefable|Clefable, M|48\/100 brn\n|move|p2a: Amaterasu|Bug Buzz|p1a: Clefable\n|-resisted|p1a: Clefable\n|-damage|p1a: Clefable|13\/100 brn\n|\n|-heal|p1a: Clefable|19\/100 brn|[from] item: Leftovers\n|-damage|p1a: Clefable|13\/100 brn|[from] brn\n|upkeep\n|turn|45\n|\n|t:|1661534829\n|move|p2a: Amaterasu|Bug Buzz|p1a: Clefable\n|-resisted|p1a: Clefable\n|-damage|p1a: Clefable|0 fnt\n|faint|p1a: Clefable\n|\n|upkeep\n|\n|t:|1661534831\n|switch|p1a: Toxapex|Toxapex, F|94\/100 brn\n|turn|46\n|\n|t:|1661534833\n|move|p2a: Amaterasu|Bug Buzz|p1a: Toxapex\n|-resisted|p1a: Toxapex\n|-damage|p1a: Toxapex|6\/100 brn\n|-unboost|p1a: Toxapex|spd|1\n|move|p1a: Toxapex|Haze|p1a: Toxapex\n|-clearallboost\n|\n|-damage|p1a: Toxapex|0 fnt|[from] brn\n|faint|p1a: Toxapex\n|upkeep\n|\n|t:|1661534841\n|switch|p1a: Hippowdon|Hippowdon, F|100\/100\n|-weather|Sandstorm|[from] ability: Sand Stream|[of] p1a: Hippowdon\n|turn|47\n|c|\u2606wish kisser|Oof\n|\n|t:|1661534845\n|move|p2a: Amaterasu|Bug Buzz|p1a: Hippowdon\n|-damage|p1a: Hippowdon|44\/100\n|-unboost|p1a: Hippowdon|spd|1\n|move|p1a: Hippowdon|Slack Off|p1a: Hippowdon\n|-heal|p1a: Hippowdon|94\/100\n|\n|-weather|Sandstorm|[upkeep]\n|-damage|p2a: Amaterasu|14\/100|[from] Sandstorm\n|-heal|p1a: Hippowdon|100\/100|[from] item: Leftovers\n|upkeep\n|turn|48\n|c|\u2606LT94JE Kith|nah\n|c|\u2606LT94JE Kith|this paid off\n|c|\u2606LT94JE Kith|the misses\n|c|\u2606LT94JE Kith|burn to clef + drop\n|\n|t:|1661534861\n|switch|p1a: Tornadus|Tornadus-Therian, M|100\/100\n|move|p2a: Amaterasu|Quiver Dance|p2a: Amaterasu\n|-boost|p2a: Amaterasu|spa|1\n|-boost|p2a: Amaterasu|spd|1\n|-boost|p2a: Amaterasu|spe|1\n|\n|-weather|Sandstorm|[upkeep]\n|-damage|p2a: Amaterasu|8\/100|[from] Sandstorm\n|-damage|p1a: Tornadus|94\/100|[from] Sandstorm\n|upkeep\n|turn|49\n|\n|t:|1661534870\n|move|p2a: Amaterasu|Flamethrower|p1a: Tornadus\n|-damage|p1a: Tornadus|13\/100\n|move|p1a: Tornadus|Knock Off|p2a: Amaterasu\n|-end|p2a: Amaterasu|Substitute\n|\n|-weather|Sandstorm|[upkeep]\n|-damage|p2a: Amaterasu|2\/100|[from] Sandstorm\n|-damage|p1a: Tornadus|7\/100|[from] Sandstorm\n|upkeep\n|turn|50\n|\n|t:|1661534883\n|move|p2a: Amaterasu|Flamethrower|p1a: Tornadus\n|-damage|p1a: Tornadus|0 fnt\n|faint|p1a: Tornadus\n|\n|-weather|Sandstorm|[upkeep]\n|-damage|p2a: Amaterasu|0 fnt|[from] Sandstorm\n|faint|p2a: Amaterasu\n|upkeep\n|\n|t:|1661534889\n|switch|p1a: Corviknight|Corviknight, M|66\/100\n|switch|p2a: Kong|Rillaboom, M, shiny|82\/100 tox\n|-fieldstart|move: Grassy Terrain|[from] ability: Grassy Surge|[of] p2a: Kong\n|-ability|p1a: Corviknight|Pressure\n|turn|51\n|\n|t:|1661534892\n|switch|p2a: Byakko|Zapdos, shiny|54\/100 tox\n|move|p1a: Corviknight|Roost|p1a: Corviknight\n|-heal|p1a: Corviknight|100\/100\n|-singleturn|p1a: Corviknight|move: Roost\n|\n|-weather|none\n|-damage|p2a: Byakko|48\/100 tox|[from] psn\n|upkeep\n|turn|52\n|\n|t:|1661534900\n|switch|p2a: Zephyr|Zeraora, shiny|80\/100\n|switch|p1a: Hippowdon|Hippowdon, F|100\/100\n|-weather|Sandstorm|[from] ability: Sand Stream|[of] p1a: Hippowdon\n|\n|-weather|Sandstorm|[upkeep]\n|-damage|p2a: Zephyr|74\/100|[from] Sandstorm\n|-heal|p2a: Zephyr|80\/100|[from] Grassy Terrain\n|upkeep\n|turn|53\n|\n|t:|1661534908\n|switch|p1a: Corviknight|Corviknight, M|100\/100\n|-ability|p1a: Corviknight|Pressure\n|move|p2a: Zephyr|Toxic|p1a: Corviknight\n|-immune|p1a: Corviknight\n|\n|-weather|Sandstorm|[upkeep]\n|-damage|p2a: Zephyr|74\/100|[from] Sandstorm\n|-heal|p2a: Zephyr|80\/100|[from] Grassy Terrain\n|upkeep\n|turn|54\n|\n|t:|1661534915\n|switch|p1a: Hippowdon|Hippowdon, F|100\/100\n|move|p2a: Zephyr|Plasma Fists|p1a: Hippowdon\n|-immune|p1a: Hippowdon\n|\n|-weather|Sandstorm|[upkeep]\n|-damage|p2a: Zephyr|74\/100|[from] Sandstorm\n|-heal|p2a: Zephyr|80\/100|[from] Grassy Terrain\n|upkeep\n|turn|55\n|\n|t:|1661534920\n|switch|p1a: Corviknight|Corviknight, M|100\/100\n|-ability|p1a: Corviknight|Pressure\n|move|p2a: Zephyr|Toxic|p1a: Corviknight\n|-immune|p1a: Corviknight\n|\n|-weather|Sandstorm|[upkeep]\n|-damage|p2a: Zephyr|74\/100|[from] Sandstorm\n|-heal|p2a: Zephyr|80\/100|[from] Grassy Terrain\n|-fieldend|move: Grassy Terrain\n|upkeep\n|turn|56\n|\n|t:|1661534925\n|move|p2a: Zephyr|Toxic|p1a: Corviknight\n|-immune|p1a: Corviknight\n|move|p1a: Corviknight|Iron Defense|p1a: Corviknight\n|-boost|p1a: Corviknight|def|2\n|\n|-weather|none\n|upkeep\n|turn|57\n|\n|t:|1661534932\n|switch|p2a: Byakko|Zapdos, shiny|48\/100 tox\n|switch|p1a: Hippowdon|Hippowdon, F|100\/100\n|-weather|Sandstorm|[from] ability: Sand Stream|[of] p1a: Hippowdon\n|\n|-weather|Sandstorm|[upkeep]\n|-damage|p2a: Byakko|42\/100 tox|[from] Sandstorm\n|-damage|p2a: Byakko|35\/100 tox|[from] psn\n|upkeep\n|turn|58\n|\n|t:|1661534938\n|switch|p2a: Kong|Rillaboom, M, shiny|82\/100 tox\n|-fieldstart|move: Grassy Terrain|[from] ability: Grassy Surge|[of] p2a: Kong\n|move|p1a: Hippowdon|Stealth Rock|p2a: Kong\n|-sidestart|p2: wish kisser|move: Stealth Rock\n|\n|-weather|Sandstorm|[upkeep]\n|-damage|p2a: Kong|76\/100 tox|[from] Sandstorm\n|-heal|p2a: Kong|82\/100 tox|[from] Grassy Terrain\n|-heal|p2a: Kong|88\/100 tox|[from] item: Leftovers\n|-damage|p2a: Kong|82\/100 tox|[from] psn\n|upkeep\n|turn|59\n|\n|t:|1661534946\n|switch|p2a: Chaos|Heatran, M, shiny|24\/100\n|-damage|p2a: Chaos|12\/100|[from] Stealth Rock\n|switch|p1a: Corviknight|Corviknight, M|100\/100\n|-ability|p1a: Corviknight|Pressure\n|\n|-weather|Sandstorm|[upkeep]\n|-heal|p2a: Chaos|18\/100|[from] Grassy Terrain\n|upkeep\n|turn|60\n|\n|t:|1661534950\n|move|p2a: Chaos|Protect|p2a: Chaos\n|-singleturn|p2a: Chaos|Protect\n|move|p1a: Corviknight|Body Press|p2a: Chaos\n|-activate|p2a: Chaos|move: Protect\n|\n|-weather|Sandstorm|[upkeep]\n|-heal|p2a: Chaos|24\/100|[from] Grassy Terrain\n|upkeep\n|turn|61\n|\n|t:|1661534953\n|switch|p1a: Hippowdon|Hippowdon, F|100\/100\n|move|p2a: Chaos|Lava Plume|p1a: Hippowdon\n|-damage|p1a: Hippowdon|76\/100\n|\n|-weather|none\n|-heal|p2a: Chaos|31\/100|[from] Grassy Terrain\n|-heal|p1a: Hippowdon|82\/100|[from] Grassy Terrain\n|-heal|p1a: Hippowdon|89\/100|[from] item: Leftovers\n|upkeep\n|turn|62\n|\n|t:|1661534957\n|move|p2a: Chaos|Toxic|p1a: Hippowdon\n|-status|p1a: Hippowdon|tox\n|move|p1a: Hippowdon|Earthquake|p2a: Chaos\n|-supereffective|p2a: Chaos\n|-crit|p2a: Chaos\n|-damage|p2a: Chaos|0 fnt\n|faint|p2a: Chaos\n|\n|-heal|p1a: Hippowdon|95\/100 tox|[from] Grassy Terrain\n|-heal|p1a: Hippowdon|100\/100 tox|[from] item: Leftovers\n|-damage|p1a: Hippowdon|94\/100 tox|[from] psn\n|-fieldend|move: Grassy Terrain\n|upkeep\n|\n|t:|1661534962\n|switch|p2a: Kong|Rillaboom, M, shiny|82\/100 tox\n|-damage|p2a: Kong|69\/100 tox|[from] Stealth Rock\n|-fieldstart|move: Grassy Terrain|[from] ability: Grassy Surge|[of] p2a: Kong\n|turn|63\n|\n|t:|1661534964\n|switch|p2a: Byakko|Zapdos, shiny|35\/100 tox\n|-damage|p2a: Byakko|10\/100 tox|[from] Stealth Rock\n|switch|p1a: Corviknight|Corviknight, M|100\/100\n|-ability|p1a: Corviknight|Pressure\n|\n|-damage|p2a: Byakko|4\/100 tox|[from] psn\n|upkeep\n|turn|64\n|\n|t:|1661534968\n|switch|p1a: Hippowdon|Hippowdon, F|94\/100 tox\n|-weather|Sandstorm|[from] ability: Sand Stream|[of] p1a: Hippowdon\n|move|p2a: Byakko|Roost|p2a: Byakko\n|-heal|p2a: Byakko|54\/100 tox\n|-singleturn|p2a: Byakko|move: Roost\n|\n|-weather|Sandstorm|[upkeep]\n|-damage|p2a: Byakko|48\/100 tox|[from] Sandstorm\n|-heal|p2a: Byakko|54\/100 tox|[from] Grassy Terrain\n|-heal|p1a: Hippowdon|100\/100 tox|[from] Grassy Terrain\n|-damage|p2a: Byakko|42\/100 tox|[from] psn\n|-damage|p1a: Hippowdon|94\/100 tox|[from] psn\n|upkeep\n|turn|65\n|\n|t:|1661534974\n|switch|p1a: Corviknight|Corviknight, M|100\/100\n|-ability|p1a: Corviknight|Pressure\n|move|p2a: Byakko|Hurricane|p1a: Corviknight\n|-resisted|p1a: Corviknight\n|-damage|p1a: Corviknight|71\/100\n|\n|-weather|Sandstorm|[upkeep]\n|-damage|p2a: Byakko|36\/100 tox|[from] Sandstorm\n|-damage|p2a: Byakko|17\/100 tox|[from] psn\n|upkeep\n|turn|66\n|\n|t:|1661534985\n|move|p2a: Byakko|Roost|p2a: Byakko\n|-heal|p2a: Byakko|67\/100 tox\n|-singleturn|p2a: Byakko|move: Roost\n|move|p1a: Corviknight|Roost|p1a: Corviknight\n|-heal|p1a: Corviknight|100\/100\n|-singleturn|p1a: Corviknight|move: Roost\n|\n|-weather|Sandstorm|[upkeep]\n|-damage|p2a: Byakko|61\/100 tox|[from] Sandstorm\n|-heal|p2a: Byakko|67\/100 tox|[from] Grassy Terrain\n|-damage|p2a: Byakko|42\/100 tox|[from] psn\n|upkeep\n|turn|67\n|\n|t:|1661534990\n|switch|p2a: Kong|Rillaboom, M, shiny|69\/100 tox\n|-damage|p2a: Kong|57\/100 tox|[from] Stealth Rock\n|switch|p1a: Hippowdon|Hippowdon, F|94\/100 tox\n|\n|-weather|Sandstorm|[upkeep]\n|-damage|p2a: Kong|51\/100 tox|[from] Sandstorm\n|-heal|p2a: Kong|57\/100 tox|[from] Grassy Terrain\n|-heal|p2a: Kong|63\/100 tox|[from] item: Leftovers\n|-heal|p1a: Hippowdon|100\/100 tox|[from] Grassy Terrain\n|-damage|p2a: Kong|57\/100 tox|[from] psn\n|-damage|p1a: Hippowdon|94\/100 tox|[from] psn\n|-fieldend|move: Grassy Terrain\n|upkeep\n|turn|68\n|\n|t:|1661534996\n|switch|p1a: Corviknight|Corviknight, M|100\/100\n|-ability|p1a: Corviknight|Pressure\n|move|p2a: Kong|Swords Dance|p2a: Kong\n|-boost|p2a: Kong|atk|2\n|\n|-weather|none\n|-heal|p2a: Kong|63\/100 tox|[from] item: Leftovers\n|-damage|p2a: Kong|51\/100 tox|[from] psn\n|upkeep\n|turn|69\n|\n|t:|1661535003\n|move|p2a: Kong|Superpower|p1a: Corviknight\n|-damage|p1a: Corviknight|46\/100\n|-unboost|p2a: Kong|atk|1\n|-unboost|p2a: Kong|def|1\n|move|p1a: Corviknight|Iron Defense|p1a: Corviknight\n|-boost|p1a: Corviknight|def|2\n|\n|-heal|p2a: Kong|57\/100 tox|[from] item: Leftovers\n|-damage|p2a: Kong|38\/100 tox|[from] psn\n|upkeep\n|turn|70\n|\n|t:|1661535008\n|switch|p2a: Zephyr|Zeraora, shiny|80\/100\n|move|p1a: Corviknight|Roost|p1a: Corviknight\n|-heal|p1a: Corviknight|96\/100\n|-singleturn|p1a: Corviknight|move: Roost\n|\n|upkeep\n|turn|71\n|\n|t:|1661535012\n|move|p2a: Zephyr|Blaze Kick|p1a: Corviknight\n|-supereffective|p1a: Corviknight\n|-damage|p1a: Corviknight|79\/100\n|move|p1a: Corviknight|Iron Defense|p1a: Corviknight\n|-boost|p1a: Corviknight|def|2\n|\n|upkeep\n|turn|72\n|\n|t:|1661535017\n|move|p2a: Zephyr|Blaze Kick|p1a: Corviknight\n|-supereffective|p1a: Corviknight\n|-damage|p1a: Corviknight|69\/100\n|move|p1a: Corviknight|Body Press|p2a: Zephyr\n|-damage|p2a: Zephyr|0 fnt\n|faint|p2a: Zephyr\n|\n|upkeep\n|\n|t:|1661535018\n|switch|p2a: Byakko|Zapdos, shiny|42\/100 tox\n|-damage|p2a: Byakko|17\/100 tox|[from] Stealth Rock\n|turn|73\n|\n|t:|1661535021\n|switch|p1a: Hippowdon|Hippowdon, F|94\/100 tox\n|-weather|Sandstorm|[from] ability: Sand Stream|[of] p1a: Hippowdon\n|move|p2a: Byakko|Thunderbolt|p1a: Hippowdon\n|-immune|p1a: Hippowdon\n|\n|-weather|Sandstorm|[upkeep]\n|-damage|p2a: Byakko|11\/100 tox|[from] Sandstorm\n|-heal|p1a: Hippowdon|100\/100 tox|[from] item: Leftovers\n|-damage|p2a: Byakko|5\/100 tox|[from] psn\n|-damage|p1a: Hippowdon|94\/100 tox|[from] psn\n|upkeep\n|turn|74\n|\n|t:|1661535025\n|move|p2a: Byakko|Roost|p2a: Byakko\n|-heal|p2a: Byakko|55\/100 tox\n|-singleturn|p2a: Byakko|move: Roost\n|move|p1a: Hippowdon|Earthquake|p2a: Byakko\n|-supereffective|p2a: Byakko\n|-damage|p2a: Byakko|0 fnt\n|faint|p2a: Byakko\n|\n|-weather|Sandstorm|[upkeep]\n|-heal|p1a: Hippowdon|100\/100 tox|[from] item: Leftovers\n|-damage|p1a: Hippowdon|88\/100 tox|[from] psn\n|upkeep\n|\n|t:|1661535028\n|switch|p2a: Kong|Rillaboom, M, shiny|38\/100 tox\n|-damage|p2a: Kong|26\/100 tox|[from] Stealth Rock\n|-fieldstart|move: Grassy Terrain|[from] ability: Grassy Surge|[of] p2a: Kong\n|turn|75\n|c|\u2606wish kisser|Ye\n|\n|t:|1661535034\n|switch|p1a: Corviknight|Corviknight, M|69\/100\n|-ability|p1a: Corviknight|Pressure\n|move|p2a: Kong|Swords Dance|p2a: Kong\n|-boost|p2a: Kong|atk|2\n|\n|-weather|Sandstorm|[upkeep]\n|-damage|p2a: Kong|20\/100 tox|[from] Sandstorm\n|-heal|p2a: Kong|26\/100 tox|[from] Grassy Terrain\n|-heal|p2a: Kong|32\/100 tox|[from] item: Leftovers\n|-damage|p2a: Kong|26\/100 tox|[from] psn\n|upkeep\n|turn|76\n|\n|t:|1661535037\n|switch|p1a: Hippowdon|Hippowdon, F|88\/100 tox\n|move|p2a: Kong|Superpower|p1a: Hippowdon\n|-damage|p1a: Hippowdon|26\/100 tox\n|-unboost|p2a: Kong|atk|1\n|-unboost|p2a: Kong|def|1\n|\n|-weather|Sandstorm|[upkeep]\n|-damage|p2a: Kong|20\/100 tox|[from] Sandstorm\n|-heal|p2a: Kong|26\/100 tox|[from] Grassy Terrain\n|-heal|p2a: Kong|32\/100 tox|[from] item: Leftovers\n|-heal|p1a: Hippowdon|32\/100 tox|[from] Grassy Terrain\n|-heal|p1a: Hippowdon|39\/100 tox|[from] item: Leftovers\n|-damage|p2a: Kong|20\/100 tox|[from] psn\n|-damage|p1a: Hippowdon|32\/100 tox|[from] psn\n|upkeep\n|turn|77\n|\n|t:|1661535050\n|move|p2a: Kong|Grassy Glide|p1a: Hippowdon\n|-supereffective|p1a: Hippowdon\n|-damage|p1a: Hippowdon|0 fnt\n|faint|p1a: Hippowdon\n|\n|-weather|none\n|-heal|p2a: Kong|26\/100 tox|[from] Grassy Terrain\n|-heal|p2a: Kong|32\/100 tox|[from] item: Leftovers\n|-damage|p2a: Kong|14\/100 tox|[from] psn\n|upkeep\n|\n|t:|1661535052\n|switch|p1a: Corviknight|Corviknight, M|69\/100\n|-ability|p1a: Corviknight|Pressure\n|turn|78\n|\n|t:|1661535055\n|move|p2a: Kong|Superpower|p1a: Corviknight\n|-damage|p1a: Corviknight|29\/100\n|-unboost|p2a: Kong|atk|1\n|-unboost|p2a: Kong|def|1\n|move|p1a: Corviknight|Roost|p1a: Corviknight\n|-heal|p1a: Corviknight|79\/100\n|-singleturn|p1a: Corviknight|move: Roost\n|\n|-heal|p2a: Kong|20\/100 tox|[from] Grassy Terrain\n|-heal|p2a: Kong|26\/100 tox|[from] item: Leftovers\n|-heal|p1a: Corviknight|85\/100|[from] Grassy Terrain\n|-damage|p2a: Kong|1\/100 tox|[from] psn\n|upkeep\n|turn|79\n|\n|t:|1661535060\n|move|p2a: Kong|Superpower|p1a: Corviknight\n|-crit|p1a: Corviknight\n|-damage|p1a: Corviknight|43\/100\n|-unboost|p2a: Kong|atk|1\n|-unboost|p2a: Kong|def|1\n|move|p1a: Corviknight|Iron Defense|p1a: Corviknight\n|-boost|p1a: Corviknight|def|2\n|\n|-heal|p2a: Kong|7\/100 tox|[from] Grassy Terrain\n|-heal|p2a: Kong|14\/100 tox|[from] item: Leftovers\n|-damage|p2a: Kong|0 fnt|[from] psn\n|faint|p2a: Kong\n|-fieldend|move: Grassy Terrain\n|upkeep\n|\n|t:|1661535063\n|switch|p2a: Deathstroke|Kartana, shiny|100\/100\n|-damage|p2a: Deathstroke|94\/100|[from] Stealth Rock\n|turn|80\n|\n|t:|1661535064\n|move|p2a: Deathstroke|Sacred Sword|p1a: Corviknight\n|-damage|p1a: Corviknight|18\/100\n|move|p1a: Corviknight|Roost|p1a: Corviknight\n|-heal|p1a: Corviknight|68\/100\n|-singleturn|p1a: Corviknight|move: Roost\n|\n|upkeep\n|turn|81\n|\n|t:|1661535068\n|move|p2a: Deathstroke|Sacred Sword|p1a: Corviknight\n|-damage|p1a: Corviknight|43\/100\n|move|p1a: Corviknight|Roost|p1a: Corviknight\n|-heal|p1a: Corviknight|93\/100\n|-singleturn|p1a: Corviknight|move: Roost\n|\n|upkeep\n|turn|82\n|c|\u2606wish kisser|Miss more annoying\n|c|\u2606wish kisser|apparently\n|c|\u2606wish kisser|gg\n|-message|wish kisser forfeited.\n|\n|win|LT94JE Kith\n|raw|LT94JE Kith's rating: 1705 &rarr; <strong>1727<\/strong><br \/>(+22 for winning)\n|raw|wish kisser's rating: 1741 &rarr; <strong>1719<\/strong><br \/>(-22 for losing)\n|l|\u2606LT94JE Kith\n|l|\u2606wish kisser\n||Ladder isn't responding, score probably updated but might not have (Request timeout).\n|l| nublet2\n","uploadtime":1661537164,"views":84,"p1id":"lt94jekith","p2id":"wishkisser","formatid":"gen8ou","rating":1719,"private":0,"password":null}