{"id":"gen8pu-1645160189","p1":"igotthegat","p2":"edenion","format":"gen8pu","log":"|j|\u2606igotthegat\n|j|\u2606edenion\n|t:|1661134272\n|gametype|singles\n|player|p1|igotthegat|cynthia-gen4|1077\n|player|p2|edenion|rocketgrunt|1000\n|teamsize|p1|6\n|teamsize|p2|6\n|gen|8\n|tier|[Gen 8] PU\n|rated|\n|rule|Sleep Clause Mod: Limit one foe put to sleep\n|rule|Species Clause: Limit one of each Pok\u00e9mon\n|rule|OHKO Clause: OHKO moves are banned\n|rule|Evasion Items Clause: Evasion items are banned\n|rule|Evasion Moves Clause: Evasion moves are banned\n|rule|Endless Battle Clause: Forcing endless battles is banned\n|rule|HP Percentage Mod: HP is shown in percentages\n|rule|Dynamax Clause: You cannot dynamax\n|clearpoke\n|poke|p1|Hitmonlee, M|\n|poke|p1|Galvantula, M|\n|poke|p1|Charizard, M|\n|poke|p1|Aggron, M|\n|poke|p1|Abomasnow, M|\n|poke|p1|Quagsire, M|\n|poke|p2|Uxie|\n|poke|p2|Musharna, F|\n|poke|p2|Absol, M|\n|poke|p2|Jellicent, M|\n|poke|p2|Regirock|\n|poke|p2|Jolteon, F|\n|teampreview\n|\n|t:|1661134299\n|start\n|switch|p1a: Jo|Abomasnow, M|100\/100\n|switch|p2a: ruffles|Jellicent, M|100\/100\n|-weather|Hail|[from] ability: Snow Warning|[of] p1a: Jo\n|turn|1\n|\n|t:|1661134321\n|move|p2a: ruffles|Taunt|p1a: Jo\n|-start|p1a: Jo|move: Taunt\n|cant|p1a: Jo|move: Taunt|Aurora Veil\n|\n|-weather|Hail|[upkeep]\n|-damage|p2a: ruffles|94\/100|[from] Hail\n|-heal|p2a: ruffles|100\/100|[from] item: Leftovers\n|upkeep\n|turn|2\n|\n|t:|1661134336\n|switch|p2a: abortion|Musharna, F, shiny|100\/100\n|move|p1a: Jo|Wood Hammer|p2a: abortion\n|-damage|p2a: abortion|75\/100\n|-damage|p1a: Jo|91\/100|[from] Recoil\n|\n|-weather|Hail|[upkeep]\n|-damage|p2a: abortion|69\/100|[from] Hail\n|upkeep\n|turn|3\n|\n|t:|1661134343\n|switch|p1a: Joseph|Aggron, M|100\/100\n|move|p2a: abortion|Calm Mind|p2a: abortion\n|-boost|p2a: abortion|spa|1\n|-boost|p2a: abortion|spd|1\n|\n|-weather|Hail|[upkeep]\n|-damage|p1a: Joseph|94\/100|[from] Hail\n|-damage|p2a: abortion|63\/100|[from] Hail\n|upkeep\n|turn|4\n|\n|t:|1661134356\n|move|p1a: Joseph|Head Smash|p2a: abortion\n|-damage|p2a: abortion|0 fnt\n|faint|p2a: abortion\n|\n|-weather|Hail|[upkeep]\n|-damage|p1a: Joseph|88\/100|[from] Hail\n|upkeep\n|\n|t:|1661134365\n|switch|p2a: thing|Regirock, shiny|100\/100\n|turn|5\n|\n|t:|1661134372\n|switch|p1a: Joe|Hitmonlee, M|100\/100\n|move|p2a: thing|Curse|p2a: thing\n|-unboost|p2a: thing|spe|1\n|-boost|p2a: thing|atk|1\n|-boost|p2a: thing|def|1\n|\n|-weather|none\n|upkeep\n|turn|6\n|\n|t:|1661134388\n|move|p1a: Joe|Close Combat|p2a: thing\n|-supereffective|p2a: thing\n|-damage|p2a: thing|56\/100\n|-unboost|p1a: Joe|def|1\n|-unboost|p1a: Joe|spd|1\n|move|p2a: thing|Earthquake|p1a: Joe\n|-damage|p1a: Joe|0 fnt\n|faint|p1a: Joe\n|\n|-heal|p2a: thing|62\/100|[from] item: Leftovers\n|upkeep\n|\n|t:|1661134394\n|switch|p1a: Joey|Galvantula, M|100\/100\n|turn|7\n|\n|t:|1661134401\n|move|p1a: Joey|Thunder|p2a: thing\n|-damage|p2a: thing|2\/100\n|move|p2a: thing|Body Press|p1a: Joey\n|-resisted|p1a: Joey\n|-damage|p1a: Joey|54\/100\n|\n|-heal|p2a: thing|8\/100|[from] item: Leftovers\n|upkeep\n|turn|8\n|\n|t:|1661134415\n|switch|p2a: bolt|Jolteon, F|100\/100\n|move|p1a: Joey|Thunder|p2a: bolt\n|-immune|p2a: bolt|[from] ability: Volt Absorb\n|\n|upkeep\n|turn|9\n|\n|t:|1661134426\n|switch|p1a: Joe!!!|Quagsire, M|100\/100\n|move|p2a: bolt|Wish|p2a: bolt\n|\n|upkeep\n|turn|10\n|\n|t:|1661134433\n|switch|p2a: thing|Regirock, shiny|8\/100\n|move|p1a: Joe!!!|Power-Up Punch|p2a: thing\n|-supereffective|p2a: thing\n|-damage|p2a: thing|0 fnt\n|-boost|p1a: Joe!!!|atk|1\n|faint|p2a: thing\n|\n|upkeep\n|\n|t:|1661134442\n|switch|p2a: ruffles|Jellicent, M|100\/100\n|turn|11\n|\n|t:|1661134445\n|move|p2a: ruffles|Toxic|p1a: Joe!!!\n|-status|p1a: Joe!!!|tox\n|move|p1a: Joe!!!|Encore|p2a: ruffles\n|-start|p2a: ruffles|Encore\n|\n|-damage|p1a: Joe!!!|94\/100 tox|[from] psn\n|upkeep\n|turn|12\n|\n|t:|1661134455\n|switch|p2a: braindead|Uxie, shiny|100\/100\n|switch|p1a: Joseph|Aggron, M|88\/100\n|\n|upkeep\n|turn|13\n|\n|t:|1661134461\n|move|p2a: braindead|Knock Off|p1a: Joseph\n|-damage|p1a: Joseph|79\/100\n|-enditem|p1a: Joseph|Choice Band|[from] move: Knock Off|[of] p2a: braindead\n|move|p1a: Joseph|Head Smash|p2a: braindead\n|-damage|p2a: braindead|40\/100\n|\n|-heal|p2a: braindead|47\/100|[from] item: Leftovers\n|upkeep\n|turn|14\n|\n|t:|1661134466\n|move|p2a: braindead|Yawn|p1a: Joseph\n|-start|p1a: Joseph|move: Yawn|[of] p2a: braindead\n|move|p1a: Joseph|Head Smash|p2a: braindead|[miss]\n|-miss|p1a: Joseph|p2a: braindead\n|\n|-heal|p2a: braindead|53\/100|[from] item: Leftovers\n|upkeep\n|turn|15\n|\n|t:|1661134471\n|move|p2a: braindead|Stealth Rock|p1a: Joseph\n|-sidestart|p1: igotthegat|move: Stealth Rock\n|move|p1a: Joseph|Head Smash|p2a: braindead\n|-damage|p2a: braindead|0 fnt\n|faint|p2a: braindead\n|\n|-end|p1a: Joseph|move: Yawn|[silent]\n|-status|p1a: Joseph|slp\n|upkeep\n|\n|t:|1661134476\n|switch|p2a: ruffles|Jellicent, M|100\/100\n|turn|16\n|\n|t:|1661134485\n|move|p2a: ruffles|Night Shade|p1a: Joseph\n|-damage|p1a: Joseph|49\/100 slp\n|cant|p1a: Joseph|slp\n|\n|upkeep\n|turn|17\n|\n|t:|1661134490\n|move|p2a: ruffles|Night Shade|p1a: Joseph\n|-damage|p1a: Joseph|20\/100 slp\n|cant|p1a: Joseph|slp\n|\n|upkeep\n|turn|18\n|\n|t:|1661134494\n|move|p2a: ruffles|Night Shade|p1a: Joseph\n|-damage|p1a: Joseph|0 fnt\n|faint|p1a: Joseph\n|\n|upkeep\n|\n|t:|1661134501\n|switch|p1a: Jo|Abomasnow, M|91\/100\n|-weather|Hail|[from] ability: Snow Warning|[of] p1a: Jo\n|turn|19\n|\n|t:|1661134527\n|move|p1a: Jo|Wood Hammer|p2a: ruffles\n|-supereffective|p2a: ruffles\n|-damage|p2a: ruffles|42\/100\n|-damage|p1a: Jo|70\/100|[from] Recoil\n|move|p2a: ruffles|Strength Sap|p1a: Jo\n|-unboost|p1a: Jo|atk|1\n|-heal|p2a: ruffles|97\/100\n|\n|-weather|Hail|[upkeep]\n|-damage|p2a: ruffles|91\/100|[from] Hail\n|-heal|p2a: ruffles|97\/100|[from] item: Leftovers\n|upkeep\n|turn|20\n|\n|t:|1661134540\n|move|p2a: ruffles|Toxic|p1a: Jo\n|-status|p1a: Jo|tox\n|move|p1a: Jo|Leech Seed|p2a: ruffles|[miss]\n|-miss|p1a: Jo|p2a: ruffles\n|\n|-weather|Hail|[upkeep]\n|-damage|p2a: ruffles|91\/100|[from] Hail\n|-heal|p2a: ruffles|97\/100|[from] item: Leftovers\n|-damage|p1a: Jo|64\/100 tox|[from] psn\n|upkeep\n|turn|21\n|\n|t:|1661134556\n|move|p2a: ruffles|Night Shade|p1a: Jo\n|-damage|p1a: Jo|38\/100 tox\n|move|p1a: Jo|Leech Seed|p2a: ruffles\n|-start|p2a: ruffles|move: Leech Seed\n|\n|-weather|Hail|[upkeep]\n|-damage|p2a: ruffles|91\/100|[from] Hail\n|-heal|p2a: ruffles|97\/100|[from] item: Leftovers\n|-damage|p2a: ruffles|85\/100|[from] Leech Seed|[of] p1a: Jo\n|-heal|p1a: Jo|51\/100 tox|[silent]\n|-damage|p1a: Jo|39\/100 tox|[from] psn\n|upkeep\n|turn|22\n|\n|t:|1661134567\n|move|p1a: Jo|Aurora Veil|p1a: Jo\n|-sidestart|p1: igotthegat|move: Aurora Veil\n|move|p2a: ruffles|Night Shade|p1a: Jo\n|-damage|p1a: Jo|13\/100 tox\n|\n|-weather|Hail|[upkeep]\n|-damage|p2a: ruffles|78\/100|[from] Hail\n|-heal|p2a: ruffles|85\/100|[from] item: Leftovers\n|-damage|p2a: ruffles|72\/100|[from] Leech Seed|[of] p1a: Jo\n|-heal|p1a: Jo|26\/100 tox|[silent]\n|-damage|p1a: Jo|8\/100 tox|[from] psn\n|upkeep\n|turn|23\n|\n|t:|1661134577\n|move|p2a: ruffles|Strength Sap|p1a: Jo\n|-unboost|p1a: Jo|atk|1\n|-heal|p2a: ruffles|100\/100\n|move|p1a: Jo|Wood Hammer|p2a: ruffles\n|-supereffective|p2a: ruffles\n|-damage|p2a: ruffles|69\/100\n|-damage|p1a: Jo|0 fnt|[from] Recoil\n|faint|p1a: Jo\n|\n|-weather|none\n|-heal|p2a: ruffles|75\/100|[from] item: Leftovers\n|upkeep\n|\n|t:|1661134588\n|switch|p1a: Joey|Galvantula, M|54\/100\n|-damage|p1a: Joey|29\/100|[from] Stealth Rock\n|turn|24\n|\n|t:|1661134598\n|move|p1a: Joey|Energy Ball|p2a: ruffles\n|-supereffective|p2a: ruffles\n|-damage|p2a: ruffles|17\/100\n|move|p2a: ruffles|Night Shade|p1a: Joey\n|-damage|p1a: Joey|0 fnt\n|faint|p1a: Joey\n|\n|-heal|p2a: ruffles|23\/100|[from] item: Leftovers\n|upkeep\n|\n|t:|1661134609\n|switch|p1a: Joel|Charizard, M|100\/100\n|-damage|p1a: Joel|50\/100|[from] Stealth Rock\n|turn|25\n|\n|t:|1661134620\n|move|p1a: Joel|Air Slash|p2a: ruffles\n|-damage|p2a: ruffles|0 fnt\n|faint|p2a: ruffles\n|\n|upkeep\n|\n|t:|1661134629\n|switch|p2a: #cutforbieber|Absol, M|100\/100\n|turn|26\n|\n|t:|1661134636\n|move|p2a: #cutforbieber|Sucker Punch|p1a: Joel\n|-damage|p1a: Joel|18\/100\n|-damage|p2a: #cutforbieber|91\/100|[from] item: Life Orb\n|move|p1a: Joel|Flamethrower|p2a: #cutforbieber\n|-damage|p2a: #cutforbieber|0 fnt\n|faint|p2a: #cutforbieber\n|\n|-sideend|p1: igotthegat|move: Aurora Veil\n|upkeep\n|\n|t:|1661134640\n|switch|p2a: bolt|Jolteon, F|100\/100\n|turn|27\n|\n|t:|1661134645\n|move|p2a: bolt|Shadow Ball|p1a: Joel\n|-crit|p1a: Joel\n|-damage|p1a: Joel|0 fnt\n|faint|p1a: Joel\n|-damage|p2a: bolt|91\/100|[from] item: Life Orb\n|\n|upkeep\n|\n|t:|1661134652\n|switch|p1a: Joe!!!|Quagsire, M|94\/100 tox\n|-damage|p1a: Joe!!!|88\/100 tox|[from] Stealth Rock\n|turn|28\n|\n|t:|1661134654\n|move|p2a: bolt|Shadow Ball|p1a: Joe!!!\n|-damage|p1a: Joe!!!|47\/100 tox\n|-damage|p2a: bolt|81\/100|[from] item: Life Orb\n|move|p1a: Joe!!!|Liquidation|p2a: bolt\n|-damage|p2a: bolt|10\/100\n|\n|-heal|p1a: Joe!!!|53\/100 tox|[from] item: Leftovers\n|-damage|p1a: Joe!!!|47\/100 tox|[from] psn\n|upkeep\n|turn|29\n|\n|t:|1661134661\n|move|p2a: bolt|Shadow Ball|p1a: Joe!!!\n|-damage|p1a: Joe!!!|3\/100 tox\n|-damage|p2a: bolt|0 fnt|[from] item: Life Orb\n|faint|p2a: bolt\n|\n|win|igotthegat\n|raw|igotthegat's rating: 1077 &rarr; <strong>1099<\/strong><br \/>(+22 for winning)\n|raw|edenion's rating: 1000 &rarr; <strong>1000<\/strong><br \/>(+0 for losing)\n|c|\u2606igotthegat|gg\n","uploadtime":1661134668,"views":10,"p1id":"igotthegat","p2id":"edenion","formatid":"gen8pu","rating":1000,"private":0,"password":null}