{"id":"gen8uu-1585165949","p1":"UULT94A G14","p2":"JoJo321","format":"gen8uu","log":"|raw|<div class=\"broadcast-blue\"><strong>This battle is required to be public due to a player having a name starting with 'uult94a'.<\/div>\n|j|\u2606UULT94A G14\n|j|\u2606JoJo321\n|t:|1653818899\n|gametype|singles\n|player|p1|UULT94A G14|170|1620\n|player|p2|JoJo321|rood|1405\n|teamsize|p1|6\n|teamsize|p2|6\n|gen|8\n|tier|[Gen 8] UU\n|rated|\n|rule|Sleep Clause Mod: Limit one foe put to sleep\n|rule|Species Clause: Limit one of each Pok\u00e9mon\n|rule|OHKO Clause: OHKO moves are banned\n|rule|Evasion Moves Clause: Evasion moves are banned\n|rule|Endless Battle Clause: Forcing endless battles is banned\n|rule|HP Percentage Mod: HP is shown in percentages\n|rule|Dynamax Clause: You cannot dynamax\n|clearpoke\n|poke|p1|Zarude-Dada|\n|poke|p1|Chandelure, F|\n|poke|p1|Azumarill, F|\n|poke|p1|Hippowdon, M|\n|poke|p1|Salamence, F|\n|poke|p1|Jirachi|\n|poke|p2|Duraludon, F|\n|poke|p2|Araquanid, M|\n|poke|p2|Tsareena, F|\n|poke|p2|Incineroar, M|\n|poke|p2|Ribombee, M|\n|poke|p2|Machamp, M|\n|teampreview\n|\n|t:|1653818914\n|start\n|switch|p1a: Azumarill|Azumarill, F|100\/100\n|switch|p2a: Araquanid|Araquanid, M|100\/100\n|turn|1\n|\n|t:|1653818917\n|move|p1a: Azumarill|Play Rough|p2a: Araquanid\n|-damage|p2a: Araquanid|6\/100\n|move|p2a: Araquanid|Toxic|p1a: Azumarill\n|-status|p1a: Azumarill|tox\n|\n|-heal|p2a: Araquanid|12\/100|[from] item: Leftovers\n|-damage|p1a: Azumarill|94\/100 tox|[from] psn\n|upkeep\n|turn|2\n|\n|t:|1653818922\n|switch|p2a: Incineroar|Incineroar, M|100\/100\n|-ability|p2a: Incineroar|Intimidate|boost\n|-unboost|p1a: Azumarill|atk|1\n|move|p1a: Azumarill|Play Rough|p2a: Incineroar\n|-damage|p2a: Incineroar|62\/100\n|\n|-damage|p1a: Azumarill|82\/100 tox|[from] psn\n|upkeep\n|turn|3\n|\n|t:|1653818925\n|switch|p1a: Hippowdon|Hippowdon, M|100\/100\n|-weather|Sandstorm|[from] ability: Sand Stream|[of] p1a: Hippowdon\n|move|p2a: Incineroar|Parting Shot|p1a: Hippowdon\n|-unboost|p1a: Hippowdon|atk|1\n|-unboost|p1a: Hippowdon|spa|1\n|\n|t:|1653818939\n|switch|p2a: Tsareena|Tsareena, F|100\/100|[from]move: Parting Shot\n|\n|-weather|Sandstorm|[upkeep]\n|-damage|p2a: Tsareena|95\/100|[from] Sandstorm\n|upkeep\n|turn|4\n|\n|t:|1653818943\n|switch|p1a: Jirachi|Jirachi|100\/100\n|move|p2a: Tsareena|Knock Off|p1a: Jirachi\n|-supereffective|p1a: Jirachi\n|-damage|p1a: Jirachi|44\/100\n|-enditem|p1a: Jirachi|Leftovers|[from] move: Knock Off|[of] p2a: Tsareena\n|\n|-weather|Sandstorm|[upkeep]\n|-damage|p2a: Tsareena|89\/100|[from] Sandstorm\n|upkeep\n|turn|5\n|\n|t:|1653818950\n|move|p1a: Jirachi|Wish|p1a: Jirachi\n|move|p2a: Tsareena|U-turn|p1a: Jirachi\n|-damage|p1a: Jirachi|23\/100\n|\n|t:|1653818957\n|switch|p2a: Incineroar|Incineroar, M|62\/100|[from]move: U-turn\n|-ability|p2a: Incineroar|Intimidate|boost\n|-unboost|p1a: Jirachi|atk|1\n|\n|-weather|Sandstorm|[upkeep]\n|-damage|p2a: Incineroar|56\/100|[from] Sandstorm\n|upkeep\n|turn|6\n|\n|t:|1653818961\n|move|p1a: Jirachi|Protect|p1a: Jirachi\n|-singleturn|p1a: Jirachi|Protect\n|move|p2a: Incineroar|Will-O-Wisp|p1a: Jirachi\n|-activate|p1a: Jirachi|move: Protect\n|\n|-weather|Sandstorm|[upkeep]\n|-damage|p2a: Incineroar|50\/100|[from] Sandstorm\n|-heal|p1a: Jirachi|73\/100|[from] move: Wish|[wisher] Jirachi\n|upkeep\n|turn|7\n|j| chiharu haru\n|\n|t:|1653818971\n|switch|p1a: Hippowdon|Hippowdon, M|100\/100\n|move|p2a: Incineroar|Parting Shot|p1a: Hippowdon\n|-unboost|p1a: Hippowdon|atk|1\n|-unboost|p1a: Hippowdon|spa|1\n|\n|t:|1653818973\n|switch|p2a: Duraludon|Duraludon, F|100\/100|[from]move: Parting Shot\n|\n|-weather|none\n|upkeep\n|turn|8\n|\n|t:|1653818976\n|switch|p1a: Jirachi|Jirachi|73\/100\n|move|p2a: Duraludon|Draco Meteor|p1a: Jirachi\n|-resisted|p1a: Jirachi\n|-damage|p1a: Jirachi|31\/100\n|-unboost|p2a: Duraludon|spa|2\n|\n|upkeep\n|turn|9\n|\n|t:|1653818979\n|switch|p2a: Machamp|Machamp, M|100\/100\n|move|p1a: Jirachi|Wish|p1a: Jirachi\n|\n|upkeep\n|turn|10\n|\n|t:|1653818984\n|move|p1a: Jirachi|Protect|p1a: Jirachi\n|-singleturn|p1a: Jirachi|Protect\n|move|p2a: Machamp|Knock Off|p1a: Jirachi\n|-activate|p1a: Jirachi|move: Protect\n|\n|-heal|p1a: Jirachi|81\/100|[from] move: Wish|[wisher] Jirachi\n|upkeep\n|turn|11\n|\n|t:|1653818988\n|switch|p1a: Salamence|Salamence, F|100\/100\n|-ability|p1a: Salamence|Intimidate|boost\n|-unboost|p2a: Machamp|atk|1\n|move|p2a: Machamp|Knock Off|p1a: Salamence\n|-damage|p1a: Salamence|70\/100\n|-enditem|p1a: Salamence|Heavy-Duty Boots|[from] move: Knock Off|[of] p2a: Machamp\n|\n|upkeep\n|turn|12\n|\n|t:|1653818994\n|switch|p2a: Ribombee|Ribombee, M|100\/100\n|move|p1a: Salamence|Hurricane|p2a: Ribombee|[miss]\n|-miss|p1a: Salamence|p2a: Ribombee\n|\n|upkeep\n|turn|13\n|\n|t:|1653818999\n|switch|p1a: Jirachi|Jirachi|81\/100\n|move|p2a: Ribombee|Sticky Web|p1a: Jirachi\n|-sidestart|p1: UULT94A G14|move: Sticky Web\n|\n|upkeep\n|turn|14\n|\n|t:|1653819004\n|switch|p2a: Incineroar|Incineroar, M|50\/100\n|-ability|p2a: Incineroar|Intimidate|boost\n|-unboost|p1a: Jirachi|atk|1\n|move|p1a: Jirachi|Wish|p1a: Jirachi\n|\n|upkeep\n|turn|15\n|\n|t:|1653819010\n|switch|p1a: Salamence|Salamence, F|70\/100\n|-ability|p1a: Salamence|Intimidate|boost\n|-unboost|p2a: Incineroar|atk|1\n|move|p2a: Incineroar|Parting Shot|p1a: Salamence\n|-unboost|p1a: Salamence|atk|1\n|-unboost|p1a: Salamence|spa|1\n|\n|t:|1653819016\n|switch|p2a: Duraludon|Duraludon, F|100\/100|[from]move: Parting Shot\n|\n|-heal|p1a: Salamence|100\/100|[from] move: Wish|[wisher] Jirachi\n|upkeep\n|turn|16\n|\n|t:|1653819019\n|switch|p1a: Jirachi|Jirachi|81\/100\n|-activate|p1a: Jirachi|move: Sticky Web\n|-unboost|p1a: Jirachi|spe|1\n|move|p2a: Duraludon|Thunderbolt|p1a: Jirachi\n|-damage|p1a: Jirachi|41\/100\n|\n|upkeep\n|turn|17\n|\n|t:|1653819021\n|move|p2a: Duraludon|Thunderbolt|p1a: Jirachi\n|-damage|p1a: Jirachi|4\/100\n|-status|p1a: Jirachi|par\n|move|p1a: Jirachi|Wish|p1a: Jirachi\n|\n|upkeep\n|turn|18\n|\n|t:|1653819027\n|move|p1a: Jirachi|Protect|p1a: Jirachi\n|-singleturn|p1a: Jirachi|Protect\n|move|p2a: Duraludon|Thunderbolt|p1a: Jirachi\n|-activate|p1a: Jirachi|move: Protect\n|\n|-heal|p1a: Jirachi|54\/100 par|[from] move: Wish|[wisher] Jirachi\n|upkeep\n|turn|19\n|j| Dunoks\n|\n|t:|1653819034\n|switch|p2a: Tsareena|Tsareena, F|89\/100\n|switch|p1a: Hippowdon|Hippowdon, M|100\/100\n|-activate|p1a: Hippowdon|move: Sticky Web\n|-unboost|p1a: Hippowdon|spe|1\n|-weather|Sandstorm|[from] ability: Sand Stream|[of] p1a: Hippowdon\n|\n|-weather|Sandstorm|[upkeep]\n|-damage|p2a: Tsareena|83\/100|[from] Sandstorm\n|upkeep\n|turn|20\n|\n|t:|1653819040\n|move|p2a: Tsareena|U-turn|p1a: Hippowdon\n|-damage|p1a: Hippowdon|88\/100\n|-damage|p2a: Tsareena|66\/100|[from] item: Rocky Helmet|[of] p1a: Hippowdon\n|\n|t:|1653819043\n|switch|p2a: Araquanid|Araquanid, M|12\/100|[from]move: U-turn\n|move|p1a: Hippowdon|Toxic|p2a: Araquanid\n|-status|p2a: Araquanid|tox\n|\n|-weather|Sandstorm|[upkeep]\n|-damage|p2a: Araquanid|6\/100 tox|[from] Sandstorm\n|-heal|p2a: Araquanid|12\/100 tox|[from] item: Leftovers\n|-damage|p2a: Araquanid|6\/100 tox|[from] psn\n|upkeep\n|turn|21\n|\n|t:|1653819047\n|switch|p1a: Salamence|Salamence, F|100\/100\n|-ability|p1a: Salamence|Intimidate|boost\n|-unboost|p2a: Araquanid|atk|1\n|move|p2a: Araquanid|Toxic|p1a: Salamence\n|-status|p1a: Salamence|tox\n|\n|-weather|Sandstorm|[upkeep]\n|-damage|p1a: Salamence|94\/100 tox|[from] Sandstorm\n|-damage|p2a: Araquanid|0 fnt|[from] Sandstorm\n|faint|p2a: Araquanid\n|-damage|p1a: Salamence|88\/100 tox|[from] psn\n|upkeep\n|\n|t:|1653819052\n|switch|p2a: Ribombee|Ribombee, M|100\/100\n|turn|22\n|\n|t:|1653819064\n|switch|p1a: Jirachi|Jirachi|54\/100 par\n|-activate|p1a: Jirachi|move: Sticky Web\n|-unboost|p1a: Jirachi|spe|1\n|move|p2a: Ribombee|Moonblast|p1a: Jirachi\n|-resisted|p1a: Jirachi\n|-crit|p1a: Jirachi\n|-damage|p1a: Jirachi|33\/100 par\n|\n|-weather|Sandstorm|[upkeep]\n|-damage|p2a: Ribombee|94\/100|[from] Sandstorm\n|upkeep\n|turn|23\n|\n|t:|1653819068\n|switch|p2a: Duraludon|Duraludon, F|100\/100\n|move|p1a: Jirachi|Wish|p1a: Jirachi\n|\n|-weather|none\n|upkeep\n|turn|24\n|\n|t:|1653819073\n|cant|p1a: Jirachi|par\n|move|p2a: Duraludon|Thunderbolt|p1a: Jirachi\n|-damage|p1a: Jirachi|0 fnt\n|faint|p1a: Jirachi\n|\n|upkeep\n|\n|t:|1653819093\n|switch|p1a: Zarude|Zarude-Dada|100\/100\n|turn|25\n|\n|t:|1653819098\n|switch|p2a: Ribombee|Ribombee, M|94\/100\n|move|p1a: Zarude|U-turn|p2a: Ribombee\n|-resisted|p2a: Ribombee\n|-damage|p2a: Ribombee|74\/100\n|\n|t:|1653819103\n|switch|p1a: Chandelure|Chandelure, F|100\/100|[from]move: U-turn\n|-activate|p1a: Chandelure|move: Sticky Web\n|-unboost|p1a: Chandelure|spe|1\n|\n|upkeep\n|turn|26\n|\n|t:|1653819106\n|switch|p2a: Machamp|Machamp, M|100\/100\n|move|p1a: Chandelure|Overheat|p2a: Machamp\n|-damage|p2a: Machamp|16\/100\n|-unboost|p1a: Chandelure|spa|2\n|\n|upkeep\n|turn|27\n|\n|t:|1653819112\n|switch|p1a: Hippowdon|Hippowdon, M|88\/100\n|-activate|p1a: Hippowdon|move: Sticky Web\n|-unboost|p1a: Hippowdon|spe|1\n|-weather|Sandstorm|[from] ability: Sand Stream|[of] p1a: Hippowdon\n|move|p2a: Machamp|Knock Off|p1a: Hippowdon\n|-damage|p1a: Hippowdon|69\/100\n|-damage|p2a: Machamp|0 fnt|[from] item: Rocky Helmet|[of] p1a: Hippowdon\n|faint|p2a: Machamp\n|\n|-weather|Sandstorm|[upkeep]\n|upkeep\n|\n|t:|1653819115\n|switch|p2a: Duraludon|Duraludon, F|100\/100\n|turn|28\n|\n|t:|1653819131\n|move|p2a: Duraludon|Flash Cannon|p1a: Hippowdon\n|-damage|p1a: Hippowdon|1\/100\n|move|p1a: Hippowdon|Earthquake|p2a: Duraludon\n|-supereffective|p2a: Duraludon\n|-damage|p2a: Duraludon|14\/100\n|\n|-weather|Sandstorm|[upkeep]\n|upkeep\n|turn|29\n|\n|t:|1653819148\n|move|p2a: Duraludon|Flash Cannon|p1a: Hippowdon\n|-damage|p1a: Hippowdon|0 fnt\n|faint|p1a: Hippowdon\n|\n|-weather|Sandstorm|[upkeep]\n|upkeep\n|\n|t:|1653819150\n|switch|p1a: Zarude|Zarude-Dada|100\/100\n|turn|30\n|j| opela\n|\n|t:|1653819157\n|switch|p2a: Ribombee|Ribombee, M|74\/100\n|move|p1a: Zarude|Darkest Lariat|p2a: Ribombee\n|-resisted|p2a: Ribombee\n|-damage|p2a: Ribombee|38\/100\n|\n|-weather|Sandstorm|[upkeep]\n|-damage|p2a: Ribombee|32\/100|[from] Sandstorm\n|-damage|p1a: Zarude|95\/100|[from] Sandstorm\n|upkeep\n|turn|31\n|\n|t:|1653819177\n|switch|p2a: Duraludon|Duraludon, F|14\/100\n|switch|p1a: Chandelure|Chandelure, F|100\/100\n|-activate|p1a: Chandelure|move: Sticky Web\n|-unboost|p1a: Chandelure|spe|1\n|\n|-weather|none\n|upkeep\n|turn|32\n|\n|t:|1653819184\n|switch|p1a: Azumarill|Azumarill, F|82\/100 tox\n|-activate|p1a: Azumarill|move: Sticky Web\n|-unboost|p1a: Azumarill|spe|1\n|move|p2a: Duraludon|Thunderbolt|p1a: Azumarill\n|-supereffective|p1a: Azumarill\n|-damage|p1a: Azumarill|0 fnt\n|faint|p1a: Azumarill\n|\n|upkeep\n|\n|t:|1653819203\n|switch|p1a: Zarude|Zarude-Dada|95\/100\n|turn|33\n|\n|t:|1653819231\n|switch|p2a: Incineroar|Incineroar, M|50\/100\n|-ability|p2a: Incineroar|Intimidate|boost\n|-unboost|p1a: Zarude|atk|1\n|move|p1a: Zarude|U-turn|p2a: Incineroar\n|-damage|p2a: Incineroar|40\/100\n|\n|t:|1653819234\n|switch|p1a: Salamence|Salamence, F|88\/100 tox|[from]move: U-turn\n|-ability|p1a: Salamence|Intimidate|boost\n|-unboost|p2a: Incineroar|atk|1\n|\n|-damage|p1a: Salamence|82\/100 tox|[from] psn\n|upkeep\n|turn|34\n|\n|t:|1653819256\n|switch|p2a: Tsareena|Tsareena, F|66\/100\n|move|p1a: Salamence|Hurricane|p2a: Tsareena|[miss]\n|-miss|p1a: Salamence|p2a: Tsareena\n|\n|-damage|p1a: Salamence|70\/100 tox|[from] psn\n|upkeep\n|turn|35\n|\n|t:|1653819260\n|move|p1a: Salamence|Hurricane|p2a: Tsareena\n|-supereffective|p2a: Tsareena\n|-damage|p2a: Tsareena|0 fnt\n|faint|p2a: Tsareena\n|\n|-damage|p1a: Salamence|52\/100 tox|[from] psn\n|upkeep\n|\n|t:|1653819262\n|switch|p2a: Ribombee|Ribombee, M|32\/100\n|turn|36\n|\n|t:|1653819274\n|switch|p2a: Duraludon|Duraludon, F|14\/100\n|switch|p1a: Chandelure|Chandelure, F|100\/100\n|-activate|p1a: Chandelure|move: Sticky Web\n|-unboost|p1a: Chandelure|spe|1\n|\n|upkeep\n|turn|37\n|\n|t:|1653819288\n|move|p2a: Duraludon|Draco Meteor|p1a: Chandelure\n|-damage|p1a: Chandelure|0 fnt\n|-unboost|p2a: Duraludon|spa|2\n|faint|p1a: Chandelure\n|\n|upkeep\n|\n|t:|1653819290\n|switch|p1a: Zarude|Zarude-Dada|95\/100\n|turn|38\n|\n|t:|1653819307\n|move|p1a: Zarude|Power Whip|p2a: Duraludon\n|-resisted|p2a: Duraludon\n|-damage|p2a: Duraludon|0 fnt\n|faint|p2a: Duraludon\n|\n|upkeep\n|\n|t:|1653819311\n|switch|p2a: Incineroar|Incineroar, M|40\/100\n|-ability|p2a: Incineroar|Intimidate|boost\n|-unboost|p1a: Zarude|atk|1\n|turn|39\n|\n|t:|1653819322\n|move|p1a: Zarude|U-turn|p2a: Incineroar\n|-damage|p2a: Incineroar|29\/100\n|\n|t:|1653819324\n|switch|p1a: Salamence|Salamence, F|52\/100 tox|[from]move: U-turn\n|-ability|p1a: Salamence|Intimidate|boost\n|-unboost|p2a: Incineroar|atk|1\n|move|p2a: Incineroar|Parting Shot|p1a: Salamence\n|-unboost|p1a: Salamence|atk|1\n|-unboost|p1a: Salamence|spa|1\n|\n|t:|1653819326\n|switch|p2a: Ribombee|Ribombee, M|32\/100|[from]move: Parting Shot\n|\n|-damage|p1a: Salamence|46\/100 tox|[from] psn\n|upkeep\n|turn|40\n|\n|t:|1653819329\n|move|p2a: Ribombee|Moonblast|p1a: Salamence\n|-supereffective|p1a: Salamence\n|-damage|p1a: Salamence|0 fnt\n|faint|p1a: Salamence\n|\n|upkeep\n|\n|t:|1653819331\n|switch|p1a: Zarude|Zarude-Dada|95\/100\n|turn|41\n|\n|t:|1653819336\n|switch|p2a: Incineroar|Incineroar, M|29\/100\n|-ability|p2a: Incineroar|Intimidate|boost\n|-unboost|p1a: Zarude|atk|1\n|move|p1a: Zarude|Darkest Lariat|p2a: Incineroar\n|-resisted|p2a: Incineroar\n|-damage|p2a: Incineroar|19\/100\n|\n|upkeep\n|turn|42\n|\n|t:|1653819340\n|move|p1a: Zarude|Power Whip|p2a: Incineroar\n|-resisted|p2a: Incineroar\n|-damage|p2a: Incineroar|4\/100\n|move|p2a: Incineroar|Flare Blitz|p1a: Zarude\n|-supereffective|p1a: Zarude\n|-damage|p1a: Zarude|7\/100\n|-damage|p2a: Incineroar|0 fnt|[from] Recoil\n|faint|p2a: Incineroar\n|\n|upkeep\n|\n|t:|1653819343\n|switch|p2a: Ribombee|Ribombee, M|32\/100\n|turn|43\n|-message|UULT94A G14 forfeited.\n|\n|win|JoJo321\n|raw|UULT94A G14's rating: 1620 &rarr; <strong>1589<\/strong><br \/>(-31 for losing)\n|raw|JoJo321's rating: 1405 &rarr; <strong>1436<\/strong><br \/>(+31 for winning)\n|l|\u2606UULT94A G14\n","uploadtime":1653819356,"views":13,"p1id":"uult94ag14","p2id":"jojo321","formatid":"gen8uu","rating":1436,"private":0,"password":null}