{"id":"gen8ou-1649475002","p1":"RggV_YT","p2":"tony pizza","format":"gen8ou","log":"|j|\u2606RggV_YT\n|j|\u2606tony pizza\n|t:|1661603268\n|gametype|singles\n|player|p1|RggV_YT|scientist-gen4|1620\n|player|p2|tony pizza|170|1804\n|teamsize|p1|6\n|teamsize|p2|6\n|gen|8\n|tier|[Gen 8] OU\n|rated|\n|rule|Sleep Clause Mod: Limit one foe put to sleep\n|rule|Species Clause: Limit one of each Pok\u00e9mon\n|rule|OHKO Clause: OHKO moves are banned\n|rule|Evasion Items Clause: Evasion items are banned\n|rule|Evasion Moves Clause: Evasion moves are banned\n|rule|Endless Battle Clause: Forcing endless battles is banned\n|rule|HP Percentage Mod: HP is shown in percentages\n|rule|Dynamax Clause: You cannot dynamax\n|clearpoke\n|poke|p1|Hitmonlee, M|\n|poke|p1|Weavile, F|\n|poke|p1|Zapdos|\n|poke|p1|Seismitoad, F|\n|poke|p1|Corviknight, M|\n|poke|p1|Slowking-Galar, F|\n|poke|p2|Rillaboom, M|\n|poke|p2|Melmetal|\n|poke|p2|Hatterene, F|\n|poke|p2|Swampert, F|\n|poke|p2|Zeraora|\n|poke|p2|Magnezone|\n|teampreview\n|inactive|Battle timer is ON: inactive players will automatically lose when time's up. (requested by RggV_YT)\n|\n|t:|1661603296\n|start\n|switch|p1a: Slowking|Slowking-Galar, F|100\/100\n|switch|p2a: Swampert|Swampert, F|100\/100\n|turn|1\n|\n|t:|1661603300\n|move|p2a: Swampert|Stealth Rock|p1a: Slowking\n|-sidestart|p1: RggV_YT|move: Stealth Rock\n|move|p1a: Slowking|Future Sight|p2a: Swampert\n|-start|p1a: Slowking|move: Future Sight\n|\n|upkeep\n|turn|2\n|\n|t:|1661603304\n|switch|p1a: Corviknight|Corviknight, M|100\/100\n|-damage|p1a: Corviknight|88\/100|[from] Stealth Rock\n|-ability|p1a: Corviknight|Pressure\n|move|p2a: Swampert|Flip Turn|p1a: Corviknight\n|-damage|p1a: Corviknight|74\/100\n|\n|t:|1661603308\n|switch|p2a: Magnezone|Magnezone|100\/100|[from]move: Flip Turn\n|\n|upkeep\n|turn|3\n|\n|t:|1661603315\n|switch|p1a: Seismitoad|Seismitoad, F, shiny|100\/100\n|-damage|p1a: Seismitoad|94\/100|[from] Stealth Rock\n|move|p2a: Magnezone|Thunderbolt|p1a: Seismitoad\n|-immune|p1a: Seismitoad\n|\n|-end|p2a: Magnezone|move: Future Sight\n|-resisted|p2a: Magnezone\n|-damage|p2a: Magnezone|75\/100\n|-heal|p2a: Magnezone|81\/100|[from] item: Leftovers\n|-heal|p1a: Seismitoad|100\/100|[from] item: Leftovers\n|upkeep\n|turn|4\n|\n|t:|1661603329\n|switch|p2a: Rillaboom|Rillaboom, M|100\/100\n|-fieldstart|move: Grassy Terrain|[from] ability: Grassy Surge|[of] p2a: Rillaboom\n|move|p1a: Seismitoad|Scald|p2a: Rillaboom\n|-resisted|p2a: Rillaboom\n|-damage|p2a: Rillaboom|85\/100\n|-status|p2a: Rillaboom|brn\n|\n|-heal|p2a: Rillaboom|91\/100 brn|[from] Grassy Terrain\n|-damage|p2a: Rillaboom|85\/100 brn|[from] brn\n|upkeep\n|turn|5\n|\n|t:|1661603334\n|switch|p1a: Corviknight|Corviknight, M|74\/100\n|-damage|p1a: Corviknight|61\/100|[from] Stealth Rock\n|-ability|p1a: Corviknight|Pressure\n|move|p2a: Rillaboom|Wood Hammer|p1a: Corviknight\n|-resisted|p1a: Corviknight\n|-damage|p1a: Corviknight|52\/100\n|-damage|p2a: Rillaboom|81\/100 brn|[from] Recoil\n|\n|-heal|p2a: Rillaboom|88\/100 brn|[from] Grassy Terrain\n|-damage|p2a: Rillaboom|81\/100 brn|[from] brn\n|upkeep\n|turn|6\n|\n|t:|1661603340\n|switch|p2a: Zeraora|Zeraora|100\/100\n|move|p1a: Corviknight|Defog|p2a: Zeraora\n|-unboost|p2a: Zeraora|evasion|1\n|-sideend|p1: RggV_YT|Stealth Rock|[from] move: Defog|[of] p1a: Corviknight\n|-fieldend|move: Grassy Terrain\n|\n|upkeep\n|turn|7\n|\n|t:|1661603350\n|move|p2a: Zeraora|Knock Off|p1a: Corviknight\n|-damage|p1a: Corviknight|25\/100\n|-enditem|p1a: Corviknight|Shed Shell|[from] move: Knock Off|[of] p2a: Zeraora\n|-damage|p2a: Zeraora|91\/100|[from] item: Life Orb\n|move|p1a: Corviknight|Roost|p1a: Corviknight\n|-heal|p1a: Corviknight|75\/100\n|-singleturn|p1a: Corviknight|move: Roost\n|\n|upkeep\n|turn|8\n|\n|t:|1661603363\n|move|p2a: Zeraora|Knock Off|p1a: Corviknight\n|-damage|p1a: Corviknight|58\/100\n|-damage|p2a: Zeraora|81\/100|[from] item: Life Orb\n|move|p1a: Corviknight|Body Press|p2a: Zeraora\n|-damage|p2a: Zeraora|37\/100\n|\n|upkeep\n|turn|9\n|\n|t:|1661603369\n|switch|p1a: Seismitoad|Seismitoad, F, shiny|100\/100\n|move|p2a: Zeraora|Plasma Fists|p1a: Seismitoad\n|-immune|p1a: Seismitoad\n|\n|upkeep\n|turn|10\n|c|\u2606tony pizza|lololololol\n|\n|t:|1661603379\n|move|p2a: Zeraora|Grass Knot|p1a: Seismitoad\n|-supereffective|p1a: Seismitoad\n|-damage|p1a: Seismitoad|29\/100\n|-damage|p2a: Zeraora|28\/100|[from] item: Life Orb\n|move|p1a: Seismitoad|Stealth Rock|p2a: Zeraora\n|-sidestart|p2: tony pizza|move: Stealth Rock\n|\n|-heal|p1a: Seismitoad|35\/100|[from] item: Leftovers\n|upkeep\n|turn|11\n|\n|t:|1661603390\n|switch|p1a: Zapdos|Zapdos|100\/100\n|move|p2a: Zeraora|Close Combat|p1a: Zapdos\n|-resisted|p1a: Zapdos\n|-damage|p1a: Zapdos|78\/100\n|-unboost|p2a: Zeraora|def|1\n|-unboost|p2a: Zeraora|spd|1\n|-damage|p2a: Zeraora|18\/100|[from] item: Life Orb\n|\n|upkeep\n|turn|12\n|\n|t:|1661603402\n|move|p2a: Zeraora|Knock Off|p1a: Zapdos\n|-damage|p1a: Zapdos|43\/100\n|-enditem|p1a: Zapdos|Heavy-Duty Boots|[from] move: Knock Off|[of] p2a: Zeraora\n|-damage|p2a: Zeraora|8\/100|[from] item: Life Orb\n|move|p1a: Zapdos|Hurricane|p2a: Zeraora\n|-resisted|p2a: Zeraora\n|-damage|p2a: Zeraora|0 fnt\n|faint|p2a: Zeraora\n|\n|upkeep\n|\n|t:|1661603408\n|switch|p2a: Swampert|Swampert, F|100\/100\n|-damage|p2a: Swampert|94\/100|[from] Stealth Rock\n|turn|13\n|\n|t:|1661603418\n|move|p1a: Zapdos|Roost|p1a: Zapdos\n|-heal|p1a: Zapdos|93\/100\n|-singleturn|p1a: Zapdos|move: Roost\n|move|p2a: Swampert|Stealth Rock|p1a: Zapdos\n|-sidestart|p1: RggV_YT|move: Stealth Rock\n|\n|-heal|p2a: Swampert|100\/100|[from] item: Leftovers\n|upkeep\n|turn|14\n|\n|t:|1661603431\n|move|p1a: Zapdos|Defog|p2a: Swampert\n|-unboost|p2a: Swampert|evasion|1\n|-sideend|p2: tony pizza|Stealth Rock|[from] move: Defog|[of] p1a: Zapdos\n|-sideend|p1: RggV_YT|Stealth Rock|[from] move: Defog|[of] p1a: Zapdos\n|move|p2a: Swampert|Toxic|p1a: Zapdos\n|-status|p1a: Zapdos|tox\n|\n|-damage|p1a: Zapdos|87\/100 tox|[from] psn\n|upkeep\n|turn|15\n|\n|t:|1661603434\n|move|p1a: Zapdos|Hurricane|p2a: Swampert\n|-damage|p2a: Swampert|56\/100\n|move|p2a: Swampert|Stealth Rock|p1a: Zapdos\n|-sidestart|p1: RggV_YT|move: Stealth Rock\n|\n|-heal|p2a: Swampert|62\/100|[from] item: Leftovers\n|-damage|p1a: Zapdos|75\/100 tox|[from] psn\n|upkeep\n|turn|16\n|\n|t:|1661603438\n|switch|p1a: Seismitoad|Seismitoad, F, shiny|35\/100\n|-damage|p1a: Seismitoad|29\/100|[from] Stealth Rock\n|move|p2a: Swampert|Protect||[still]\n|-fail|p2a: Swampert\n|\n|-heal|p1a: Seismitoad|35\/100|[from] item: Leftovers\n|-heal|p2a: Swampert|68\/100|[from] item: Leftovers\n|upkeep\n|turn|17\n|\n|t:|1661603445\n|switch|p1a: Corviknight|Corviknight, M|58\/100\n|-damage|p1a: Corviknight|46\/100|[from] Stealth Rock\n|-ability|p1a: Corviknight|Pressure\n|switch|p2a: Hatterene|Hatterene, F|100\/100\n|\n|upkeep\n|turn|18\n|\n|t:|1661603456\n|move|p1a: Corviknight|Defog|p2a: Hatterene\n|move|p2a: Hatterene|Defog|p1a: Corviknight|[from]ability: Magic Bounce\n|-unboost|p1a: Corviknight|evasion|1\n|-sideend|p1: RggV_YT|Stealth Rock|[from] move: Defog|[of] p2a: Hatterene\n|move|p2a: Hatterene|Calm Mind|p2a: Hatterene\n|-boost|p2a: Hatterene|spa|1\n|-boost|p2a: Hatterene|spd|1\n|\n|upkeep\n|turn|19\n|\n|t:|1661603460\n|move|p1a: Corviknight|Brave Bird|p2a: Hatterene\n|-damage|p2a: Hatterene|67\/100\n|-damage|p1a: Corviknight|37\/100|[from] Recoil\n|move|p2a: Hatterene|Calm Mind|p2a: Hatterene\n|-boost|p2a: Hatterene|spa|1\n|-boost|p2a: Hatterene|spd|1\n|\n|-heal|p2a: Hatterene|73\/100|[from] item: Leftovers\n|upkeep\n|turn|20\n|\n|t:|1661603469\n|move|p1a: Corviknight|Brave Bird|p2a: Hatterene\n|-damage|p2a: Hatterene|42\/100\n|-damage|p1a: Corviknight|29\/100|[from] Recoil\n|move|p2a: Hatterene|Mystical Fire|p1a: Corviknight\n|-supereffective|p1a: Corviknight\n|-damage|p1a: Corviknight|0 fnt\n|faint|p1a: Corviknight\n|\n|-heal|p2a: Hatterene|48\/100|[from] item: Leftovers\n|upkeep\n|\n|t:|1661603473\n|switch|p1a: Weavile|Weavile, F|100\/100\n|-ability|p1a: Weavile|Pressure\n|turn|21\n|\n|t:|1661603477\n|switch|p2a: Melmetal|Melmetal|100\/100\n|move|p1a: Weavile|Knock Off|p2a: Melmetal\n|-damage|p2a: Melmetal|70\/100\n|-enditem|p2a: Melmetal|Assault Vest|[from] move: Knock Off|[of] p1a: Weavile\n|-damage|p1a: Weavile|91\/100|[from] item: Life Orb\n|\n|upkeep\n|turn|22\n|\n|t:|1661603485\n|switch|p1a: Zapdos|Zapdos|75\/100 tox\n|move|p2a: Melmetal|Double Iron Bash|p1a: Zapdos\n|-resisted|p1a: Zapdos\n|-damage|p1a: Zapdos|55\/100 tox\n|-resisted|p1a: Zapdos\n|-damage|p1a: Zapdos|36\/100 tox\n|-status|p2a: Melmetal|par|[from] ability: Static|[of] p1a: Zapdos\n|-hitcount|p1a: Zapdos|2\n|\n|-damage|p1a: Zapdos|30\/100 tox|[from] psn\n|upkeep\n|turn|23\n|\n|t:|1661603492\n|switch|p2a: Swampert|Swampert, F|68\/100\n|move|p1a: Zapdos|Roost|p1a: Zapdos\n|-heal|p1a: Zapdos|80\/100 tox\n|-singleturn|p1a: Zapdos|move: Roost\n|\n|-heal|p2a: Swampert|74\/100|[from] item: Leftovers\n|-damage|p1a: Zapdos|68\/100 tox|[from] psn\n|upkeep\n|turn|24\n|\n|t:|1661603495\n|move|p1a: Zapdos|Hurricane|p2a: Swampert\n|-damage|p2a: Swampert|34\/100\n|-start|p2a: Swampert|confusion\n|-activate|p2a: Swampert|confusion\n|move|p2a: Swampert|Stealth Rock|p1a: Zapdos\n|-sidestart|p1: RggV_YT|move: Stealth Rock\n|\n|-heal|p2a: Swampert|40\/100|[from] item: Leftovers\n|-damage|p1a: Zapdos|50\/100 tox|[from] psn\n|upkeep\n|turn|25\n|\n|t:|1661603502\n|switch|p2a: Magnezone|Magnezone|81\/100\n|move|p1a: Zapdos|Defog|p2a: Magnezone\n|-unboost|p2a: Magnezone|evasion|1\n|-sideend|p1: RggV_YT|Stealth Rock|[from] move: Defog|[of] p1a: Zapdos\n|\n|-heal|p2a: Magnezone|87\/100|[from] item: Leftovers\n|-damage|p1a: Zapdos|26\/100 tox|[from] psn\n|upkeep\n|turn|26\n|\n|t:|1661603512\n|move|p1a: Zapdos|Volt Switch|p2a: Magnezone\n|-resisted|p2a: Magnezone\n|-crit|p2a: Magnezone\n|-damage|p2a: Magnezone|64\/100\n|\n|t:|1661603514\n|switch|p1a: Slowking|Slowking-Galar, F|100\/100|[from]move: Volt Switch\n|move|p2a: Magnezone|Iron Defense|p2a: Magnezone\n|-boost|p2a: Magnezone|def|2\n|\n|-heal|p2a: Magnezone|70\/100|[from] item: Leftovers\n|upkeep\n|turn|27\n|\n|t:|1661603517\n|move|p2a: Magnezone|Thunderbolt|p1a: Slowking\n|-damage|p1a: Slowking|83\/100\n|move|p1a: Slowking|Flamethrower|p2a: Magnezone\n|-supereffective|p2a: Magnezone\n|-damage|p2a: Magnezone|14\/100\n|\n|-heal|p2a: Magnezone|20\/100|[from] item: Leftovers\n|upkeep\n|turn|28\n|\n|t:|1661603522\n|switch|p2a: Swampert|Swampert, F|40\/100\n|move|p1a: Slowking|Flamethrower|p2a: Swampert\n|-resisted|p2a: Swampert\n|-damage|p2a: Swampert|29\/100\n|-status|p2a: Swampert|brn\n|\n|-heal|p2a: Swampert|35\/100 brn|[from] item: Leftovers\n|-damage|p2a: Swampert|29\/100 brn|[from] brn\n|upkeep\n|turn|29\n|\n|t:|1661603528\n|move|p2a: Swampert|Stealth Rock|p1a: Slowking\n|-sidestart|p1: RggV_YT|move: Stealth Rock\n|move|p1a: Slowking|Sludge Bomb|p2a: Swampert\n|-resisted|p2a: Swampert\n|-damage|p2a: Swampert|10\/100 brn\n|\n|-heal|p2a: Swampert|17\/100 brn|[from] item: Leftovers\n|-damage|p2a: Swampert|10\/100 brn|[from] brn\n|upkeep\n|turn|30\n|\n|t:|1661603534\n|move|p2a: Swampert|Flip Turn|p1a: Slowking\n|-damage|p1a: Slowking|72\/100\n|\n|t:|1661603540\n|switch|p2a: Magnezone|Magnezone|20\/100|[from]move: Flip Turn\n|move|p1a: Slowking|Future Sight|p2a: Magnezone\n|-start|p1a: Slowking|move: Future Sight\n|\n|-heal|p2a: Magnezone|26\/100|[from] item: Leftovers\n|upkeep\n|turn|31\n|\n|t:|1661603545\n|move|p2a: Magnezone|Thunderbolt|p1a: Slowking\n|-crit|p1a: Slowking\n|-damage|p1a: Slowking|48\/100\n|move|p1a: Slowking|Flamethrower|p2a: Magnezone\n|-supereffective|p2a: Magnezone\n|-damage|p2a: Magnezone|0 fnt\n|faint|p2a: Magnezone\n|\n|upkeep\n|\n|t:|1661603574\n|switch|p2a: Swampert|Swampert, F|10\/100 brn\n|turn|32\n|\n|t:|1661603577\n|switch|p1a: Seismitoad|Seismitoad, F, shiny|35\/100\n|-damage|p1a: Seismitoad|29\/100|[from] Stealth Rock\n|move|p2a: Swampert|Protect||[still]\n|-fail|p2a: Swampert\n|\n|-end|p2a: Swampert|move: Future Sight\n|-damage|p2a: Swampert|0 fnt\n|faint|p2a: Swampert\n|-heal|p1a: Seismitoad|35\/100|[from] item: Leftovers\n|upkeep\n|\n|t:|1661603582\n|switch|p2a: Rillaboom|Rillaboom, M|81\/100 brn\n|-fieldstart|move: Grassy Terrain|[from] ability: Grassy Surge|[of] p2a: Rillaboom\n|turn|33\n|\n|t:|1661603590\n|move|p2a: Rillaboom|Grassy Glide|p1a: Seismitoad\n|-supereffective|p1a: Seismitoad\n|-damage|p1a: Seismitoad|0 fnt\n|faint|p1a: Seismitoad\n|\n|-heal|p2a: Rillaboom|88\/100 brn|[from] Grassy Terrain\n|-damage|p2a: Rillaboom|81\/100 brn|[from] brn\n|upkeep\n|\n|t:|1661603598\n|switch|p1a: Slowking|Slowking-Galar, F|81\/100\n|-damage|p1a: Slowking|69\/100|[from] Stealth Rock\n|turn|34\n|\n|t:|1661603601\n|switch|p2a: Hatterene|Hatterene, F|48\/100\n|move|p1a: Slowking|Flamethrower|p2a: Hatterene\n|-damage|p2a: Hatterene|22\/100\n|\n|-heal|p2a: Hatterene|28\/100|[from] Grassy Terrain\n|-heal|p2a: Hatterene|34\/100|[from] item: Leftovers\n|-heal|p1a: Slowking|75\/100|[from] Grassy Terrain\n|upkeep\n|turn|35\n|\n|t:|1661603611\n|switch|p2a: Melmetal|Melmetal|70\/100 par\n|move|p1a: Slowking|Sludge Bomb|p2a: Melmetal\n|-immune|p2a: Melmetal\n|\n|-heal|p1a: Slowking|81\/100|[from] Grassy Terrain\n|-heal|p2a: Melmetal|76\/100 par|[from] Grassy Terrain\n|upkeep\n|turn|36\n|\n|t:|1661603625\n|move|p1a: Slowking|Flamethrower|p2a: Melmetal\n|-supereffective|p2a: Melmetal\n|-damage|p2a: Melmetal|25\/100 par\n|move|p2a: Melmetal|Double Iron Bash|p1a: Slowking\n|-damage|p1a: Slowking|39\/100\n|-damage|p1a: Slowking|0 fnt\n|faint|p1a: Slowking\n|-hitcount|p1: Slowking|2\n|\n|-heal|p2a: Melmetal|31\/100 par|[from] Grassy Terrain\n|upkeep\n|c|\u2606tony pizza|omfg\n|\n|t:|1661603635\n|switch|p1a: Hitmonlee|Hitmonlee, M|100\/100\n|-damage|p1a: Hitmonlee|94\/100|[from] Stealth Rock\n|turn|37\n|c|\u2606tony pizza|I cant believe it\n|c|\u2606tony pizza|hmm\n|c|\u2606RggV_YT|No difference I think\n|inactive|tony pizza has 120 seconds left.\n|inactive|tony pizza has 90 seconds left.\n|inactive|tony pizza has 60 seconds left.\n|\n|t:|1661603725\n|move|p1a: Hitmonlee|High Jump Kick|p2a: Melmetal\n|-supereffective|p2a: Melmetal\n|-damage|p2a: Melmetal|0 fnt\n|faint|p2a: Melmetal\n|\n|-heal|p1a: Hitmonlee|100\/100|[from] Grassy Terrain\n|-fieldend|move: Grassy Terrain\n|upkeep\n|\n|t:|1661603729\n|switch|p2a: Hatterene|Hatterene, F|34\/100\n|turn|38\n|\n|t:|1661603735\n|move|p1a: Hitmonlee|Poison Jab|p2a: Hatterene\n|-supereffective|p2a: Hatterene\n|-damage|p2a: Hatterene|0 fnt\n|faint|p2a: Hatterene\n|\n|upkeep\n|\n|t:|1661603738\n|switch|p2a: Rillaboom|Rillaboom, M|81\/100 brn\n|-fieldstart|move: Grassy Terrain|[from] ability: Grassy Surge|[of] p2a: Rillaboom\n|turn|39\n|c|\u2606tony pizza|cringe\n|c|\u2606tony pizza|cringe burns\n|c|\u2606tony pizza|crit and win\n|\n|t:|1661603744\n|move|p2a: Rillaboom|Grassy Glide|p1a: Hitmonlee\n|-damage|p1a: Hitmonlee|20\/100\n|move|p1a: Hitmonlee|Bounce||[still]\n|-prepare|p1a: Hitmonlee|Bounce\n|-enditem|p1a: Hitmonlee|Power Herb\n|-anim|p1a: Hitmonlee|Bounce|p2a: Rillaboom|[miss]\n|-miss|p1a: Hitmonlee|p2a: Rillaboom\n|\n|-heal|p1a: Hitmonlee|26\/100|[from] Grassy Terrain\n|-heal|p2a: Rillaboom|88\/100 brn|[from] Grassy Terrain\n|-damage|p2a: Rillaboom|81\/100 brn|[from] brn\n|upkeep\n|turn|40\n|c|\u2606tony pizza|BOUNCE\n|c|\u2606tony pizza|KEEEEEEEEEEEEEEK\n|c|\u2606tony pizza|LOL\n|\n|t:|1661603755\n|move|p2a: Rillaboom|Grassy Glide|p1a: Hitmonlee\n|-damage|p1a: Hitmonlee|0 fnt\n|faint|p1a: Hitmonlee\n|\n|-heal|p2a: Rillaboom|88\/100 brn|[from] Grassy Terrain\n|-damage|p2a: Rillaboom|81\/100 brn|[from] brn\n|upkeep\n|c|\u2606tony pizza|sorry but u just got owned\n|\n|t:|1661603764\n|switch|p1a: Weavile|Weavile, F|91\/100\n|-damage|p1a: Weavile|66\/100|[from] Stealth Rock\n|-ability|p1a: Weavile|Pressure\n|turn|41\n|c|\u2606tony pizza|that was hilarious\n|\n|t:|1661603772\n|move|p1a: Weavile|Ice Shard|p2a: Rillaboom\n|-supereffective|p2a: Rillaboom\n|-damage|p2a: Rillaboom|26\/100 brn\n|-damage|p1a: Weavile|56\/100|[from] item: Life Orb\n|move|p2a: Rillaboom|Grassy Glide|p1a: Weavile\n|-damage|p1a: Weavile|0 fnt\n|faint|p1a: Weavile\n|\n|-heal|p2a: Rillaboom|32\/100 brn|[from] Grassy Terrain\n|-damage|p2a: Rillaboom|26\/100 brn|[from] brn\n|upkeep\n|\n|t:|1661603774\n|switch|p1a: Zapdos|Zapdos|26\/100 tox\n|-damage|p1a: Zapdos|1\/100 tox|[from] Stealth Rock\n|turn|42\n|c|\u2606tony pizza|too bad we lose\n|\n|t:|1661603777\n|move|p2a: Rillaboom|Grassy Glide|p1a: Zapdos\n|-resisted|p1a: Zapdos\n|-damage|p1a: Zapdos|0 fnt\n|faint|p1a: Zapdos\n|\n|win|tony pizza\n|raw|RggV_YT's rating: 1620 &rarr; <strong>1610<\/strong><br \/>(-10 for losing)\n|raw|tony pizza's rating: 1804 &rarr; <strong>1814<\/strong><br \/>(+10 for winning)\n|c|\u2606tony pizza|nope\n|c|\u2606tony pizza|NOT!\n|c|\u2606RggV_YT|Gg\n|l|\u2606RggV_YT\n||Ladder isn't responding, score probably updated but might not have (Request timeout).\n","uploadtime":1661603796,"views":48,"p1id":"rggvyt","p2id":"tonypizza","formatid":"gen8ou","rating":1610,"private":0,"password":null}