{"id":"gen8randombattle-1488943804","p1":"Flashybee","p2":"MAGNIFICENTMM","format":"gen8randombattle","log":"|j|\u2606Flashybee\n|j|\u2606MAGNIFICENTMM\n|t:|1641839133\n|gametype|singles\n|player|p1|Flashybee|2|1844\n|player|p2|MAGNIFICENTMM|steven|1886\n|teamsize|p1|6\n|teamsize|p2|6\n|gen|8\n|tier|[Gen 8] Random Battle\n|rated|\n|rule|Species Clause: Limit one of each Pok\u00e9mon\n|rule|HP Percentage Mod: HP is shown in percentages\n|rule|Sleep Clause Mod: Limit one foe put to sleep\n|\n|t:|1641839133\n|start\n|switch|p1a: Ninjask|Ninjask, L86, F|245\/245\n|switch|p2a: Mudsdale|Mudsdale, L82, M|298\/298\n|turn|1\n|inactive|Battle timer is ON: inactive players will automatically lose when time's up. (requested by MAGNIFICENTMM)\n|\n|t:|1641839148\n|switch|p1a: Latias|Latias, L80, F|259\/259\n|move|p2a: Mudsdale|Stealth Rock|p1a: Latias\n|-sidestart|p1: Flashybee|move: Stealth Rock\n|\n|upkeep\n|turn|2\n|\n|t:|1641839165\n|switch|p2a: Ho-Oh|Ho-Oh, L72|272\/272\n|move|p1a: Latias|Calm Mind|p1a: Latias\n|-boost|p1a: Latias|spa|1\n|-boost|p1a: Latias|spd|1\n|\n|upkeep\n|turn|3\n|\n|t:|1641839179\n|move|p1a: Latias|Calm Mind|p1a: Latias\n|-boost|p1a: Latias|spa|1\n|-boost|p1a: Latias|spd|1\n|move|p2a: Ho-Oh|Toxic|p1a: Latias\n|-status|p1a: Latias|tox\n|\n|-damage|p1a: Latias|243\/259 tox|[from] psn\n|upkeep\n|turn|4\n|\n|t:|1641839184\n|move|p1a: Latias|Psychic|p2a: Ho-Oh\n|-damage|p2a: Ho-Oh|131\/272\n|move|p2a: Ho-Oh|Roost|p2a: Ho-Oh\n|-heal|p2a: Ho-Oh|267\/272\n|-singleturn|p2a: Ho-Oh|move: Roost\n|\n|-heal|p1a: Latias|259\/259 tox|[from] item: Leftovers\n|-damage|p1a: Latias|227\/259 tox|[from] psn\n|upkeep\n|turn|5\n|\n|t:|1641839191\n|move|p1a: Latias|Calm Mind|p1a: Latias\n|-boost|p1a: Latias|spa|1\n|-boost|p1a: Latias|spd|1\n|move|p2a: Ho-Oh|Roost|p2a: Ho-Oh\n|-heal|p2a: Ho-Oh|272\/272\n|-singleturn|p2a: Ho-Oh|move: Roost\n|\n|-heal|p1a: Latias|243\/259 tox|[from] item: Leftovers\n|-damage|p1a: Latias|195\/259 tox|[from] psn\n|upkeep\n|turn|6\n|\n|t:|1641839199\n|move|p1a: Latias|Calm Mind|p1a: Latias\n|-boost|p1a: Latias|spa|1\n|-boost|p1a: Latias|spd|1\n|move|p2a: Ho-Oh|Roost||[still]\n|-fail|p2a: Ho-Oh|heal\n|\n|-heal|p1a: Latias|211\/259 tox|[from] item: Leftovers\n|-damage|p1a: Latias|147\/259 tox|[from] psn\n|upkeep\n|turn|7\n|\n|t:|1641839203\n|move|p1a: Latias|Draco Meteor|p2a: Ho-Oh\n|-crit|p2a: Ho-Oh\n|-damage|p2a: Ho-Oh|0 fnt\n|-unboost|p1a: Latias|spa|2\n|faint|p2a: Ho-Oh\n|\n|-heal|p1a: Latias|163\/259 tox|[from] item: Leftovers\n|-damage|p1a: Latias|83\/259 tox|[from] psn\n|upkeep\n|\n|t:|1641839212\n|switch|p2a: Zeraora|Zeraora, L76|259\/259\n|turn|8\n|\n|t:|1641839219\n|switch|p1a: Rhydon|Rhydon, L87, F|324\/324\n|-damage|p1a: Rhydon|304\/324|[from] Stealth Rock\n|move|p2a: Zeraora|Knock Off|p1a: Rhydon\n|-damage|p1a: Rhydon|261\/324\n|-enditem|p1a: Rhydon|Eviolite|[from] move: Knock Off|[of] p2a: Zeraora\n|-damage|p2a: Zeraora|234\/259|[from] item: Life Orb\n|\n|upkeep\n|turn|9\n|\n|t:|1641839231\n|switch|p2a: Bellossom|Bellossom, L82, M|257\/257\n|move|p1a: Rhydon|Stealth Rock|p2a: Bellossom\n|-sidestart|p2: MAGNIFICENTMM|move: Stealth Rock\n|\n|upkeep\n|turn|10\n|\n|t:|1641839236\n|move|p2a: Bellossom|Quiver Dance|p2a: Bellossom\n|-boost|p2a: Bellossom|spa|1\n|-boost|p2a: Bellossom|spd|1\n|-boost|p2a: Bellossom|spe|1\n|move|p1a: Rhydon|Toxic|p2a: Bellossom\n|-status|p2a: Bellossom|tox\n|\n|-damage|p2a: Bellossom|241\/257 tox|[from] psn\n|upkeep\n|turn|11\n|\n|t:|1641839243\n|switch|p1a: Magmortar|Magmortar, L86, M|269\/269\n|move|p2a: Bellossom|Quiver Dance|p2a: Bellossom\n|-boost|p2a: Bellossom|spa|1\n|-boost|p2a: Bellossom|spd|1\n|-boost|p2a: Bellossom|spe|1\n|\n|-heal|p2a: Bellossom|257\/257 tox|[from] item: Leftovers\n|-damage|p2a: Bellossom|225\/257 tox|[from] psn\n|upkeep\n|turn|12\n|\n|t:|1641839251\n|switch|p2a: Mudsdale|Mudsdale, L82, M|298\/298\n|-damage|p2a: Mudsdale|280\/298|[from] Stealth Rock\n|move|p1a: Magmortar|Fire Blast|p2a: Mudsdale\n|-damage|p2a: Mudsdale|136\/298\n|-ability|p2a: Mudsdale|Stamina|boost\n|-boost|p2a: Mudsdale|def|1\n|\n|-heal|p2a: Mudsdale|154\/298|[from] item: Leftovers\n|upkeep\n|turn|13\n|\n|t:|1641839267\n|move|p1a: Magmortar|Fire Blast|p2a: Mudsdale\n|-damage|p2a: Mudsdale|3\/298\n|-ability|p2a: Mudsdale|Stamina|boost\n|-boost|p2a: Mudsdale|def|1\n|move|p2a: Mudsdale|Earthquake|p1a: Magmortar\n|-supereffective|p1a: Magmortar\n|-damage|p1a: Magmortar|0 fnt\n|faint|p1a: Magmortar\n|\n|-heal|p2a: Mudsdale|21\/298|[from] item: Leftovers\n|upkeep\n|\n|t:|1641839284\n|switch|p1a: Gyarados|Gyarados, L76, M|269\/269\n|-damage|p1a: Gyarados|202\/269|[from] Stealth Rock\n|turn|14\n|inactive|Flashybee has 120 seconds left.\n|\n|t:|1641839308\n|switch|p2a: Bellossom|Bellossom, L82, M|225\/257 tox\n|-damage|p2a: Bellossom|193\/257 tox|[from] Stealth Rock\n|-start|p1a: Gyarados|Dynamax\n|-heal|p1a: Gyarados|404\/538|[silent]\n|move|p1a: Gyarados|Max Airstream|p2a: Bellossom\n|-supereffective|p2a: Bellossom\n|-damage|p2a: Bellossom|0 fnt\n|-boost|p1a: Gyarados|spe|1\n|faint|p2a: Bellossom\n|-ability|p1a: Gyarados|Moxie|boost\n|-boost|p1a: Gyarados|atk|1\n|\n|upkeep\n|\n|t:|1641839320\n|switch|p2a: Zeraora|Zeraora, L76|234\/259\n|-damage|p2a: Zeraora|202\/259|[from] Stealth Rock\n|turn|15\n|\n|t:|1641839326\n|-end|p1a: Gyarados|Dynamax\n|-heal|p1a: Gyarados|202\/269|[silent]\n|switch|p1a: Rhydon|Rhydon, L87, F|261\/324\n|-damage|p1a: Rhydon|241\/324|[from] Stealth Rock\n|-start|p2a: Zeraora|Dynamax\n|-heal|p2a: Zeraora|404\/518|[silent]\n|move|p2a: Zeraora|Max Guard||[still]\n|-fail|p2a: Zeraora\n|\n|upkeep\n|turn|16\n|\n|t:|1641839340\n|move|p2a: Zeraora|Max Knuckle|p1a: Rhydon\n|-supereffective|p1a: Rhydon\n|-damage|p1a: Rhydon|121\/324\n|-boost|p2a: Zeraora|atk|1\n|-damage|p2a: Zeraora|379\/518|[from] item: Life Orb\n|move|p1a: Rhydon|Earthquake|p2a: Zeraora\n|-supereffective|p2a: Zeraora\n|-damage|p2a: Zeraora|47\/518\n|\n|upkeep\n|turn|17\n|\n|t:|1641839354\n|move|p2a: Zeraora|Max Knuckle|p1a: Rhydon\n|-supereffective|p1a: Rhydon\n|-crit|p1a: Rhydon\n|-damage|p1a: Rhydon|0 fnt\n|-boost|p2a: Zeraora|atk|1\n|faint|p1a: Rhydon\n|-damage|p2a: Zeraora|22\/518|[from] item: Life Orb\n|\n|-end|p2a: Zeraora|Dynamax\n|-heal|p2a: Zeraora|11\/259|[silent]\n|upkeep\n|\n|t:|1641839359\n|switch|p1a: Ninjask|Ninjask, L86, F|245\/245\n|-damage|p1a: Ninjask|123\/245|[from] Stealth Rock\n|turn|18\n|\n|t:|1641839363\n|move|p1a: Ninjask|Leech Life|p2a: Zeraora\n|-damage|p2a: Zeraora|0 fnt\n|-heal|p1a: Ninjask|129\/245|[from] drain|[of] p2a: Zeraora\n|faint|p2a: Zeraora\n|\n|-ability|p1a: Ninjask|Speed Boost|boost\n|-boost|p1a: Ninjask|spe|1\n|upkeep\n|\n|t:|1641839372\n|switch|p2a: Crobat|Crobat, L82, F|274\/274\n|turn|19\n|\n|t:|1641839376\n|move|p1a: Ninjask|Acrobatics|p2a: Crobat\n|-crit|p2a: Crobat\n|-damage|p2a: Crobat|88\/274\n|move|p2a: Crobat|Brave Bird|p1a: Ninjask\n|-supereffective|p1a: Ninjask\n|-damage|p1a: Ninjask|0 fnt\n|faint|p1a: Ninjask\n|-damage|p2a: Crobat|45\/274|[from] Recoil\n|\n|upkeep\n|\n|t:|1641839385\n|switch|p1a: Raichu|Raichu-Alola, L84, M|238\/238\n|-damage|p1a: Raichu|209\/238|[from] Stealth Rock\n|turn|20\n|\n|t:|1641839389\n|move|p2a: Crobat|U-turn|p1a: Raichu\n|-supereffective|p1a: Raichu\n|-damage|p1a: Raichu|81\/238\n|\n|t:|1641839392\n|switch|p2a: Mudsdale|Mudsdale, L82, M|21\/298\n|-damage|p2a: Mudsdale|3\/298|[from] Stealth Rock\n|move|p1a: Raichu|Psyshock|p2a: Mudsdale\n|-damage|p2a: Mudsdale|0 fnt\n|faint|p2a: Mudsdale\n|-damage|p1a: Raichu|58\/238|[from] item: Life Orb\n|\n|upkeep\n|\n|t:|1641839403\n|switch|p2a: Crobat|Crobat, L82, F|45\/274\n|turn|21\n|\n|t:|1641839412\n|move|p2a: Crobat|U-turn|p1a: Raichu\n|-supereffective|p1a: Raichu\n|-damage|p1a: Raichu|0 fnt\n|faint|p1a: Raichu\n|\n|t:|1641839414\n|switch|p2a: Eternatus|Eternatus, L69|308\/308\n|-damage|p2a: Eternatus|270\/308|[from] Stealth Rock\n|-ability|p2a: Eternatus|Pressure\n|\n|upkeep\n|\n|t:|1641839418\n|switch|p1a: Latias|Latias, L80, F|83\/259 tox\n|-damage|p1a: Latias|51\/259 tox|[from] Stealth Rock\n|turn|22\n|\n|t:|1641839436\n|move|p1a: Latias|Psychic|p2a: Eternatus\n|-supereffective|p2a: Eternatus\n|-crit|p2a: Eternatus\n|-damage|p2a: Eternatus|0 fnt\n|faint|p2a: Eternatus\n|\n|-heal|p1a: Latias|67\/259 tox|[from] item: Leftovers\n|-damage|p1a: Latias|51\/259 tox|[from] psn\n|upkeep\n|\n|t:|1641839438\n|switch|p2a: Crobat|Crobat, L82, F|45\/274\n|turn|23\n|\n|t:|1641839440\n|move|p2a: Crobat|U-turn|p1a: Latias\n|-supereffective|p1a: Latias\n|-damage|p1a: Latias|0 fnt\n|faint|p1a: Latias\n|\n|upkeep\n|\n|t:|1641839442\n|switch|p1a: Gyarados|Gyarados, L76, M|202\/269\n|-damage|p1a: Gyarados|135\/269|[from] Stealth Rock\n|turn|24\n|\n|t:|1641839444\n|move|p2a: Crobat|Brave Bird|p1a: Gyarados\n|-damage|p1a: Gyarados|0 fnt\n|faint|p1a: Gyarados\n|-damage|p2a: Crobat|0 fnt|[from] Recoil\n|faint|p2a: Crobat\n|\n|win|MAGNIFICENTMM\n|raw|Flashybee's rating: 1844 &rarr; <strong>1826<\/strong><br \/>(-18 for losing)\n|raw|MAGNIFICENTMM's rating: 1886 &rarr; <strong>1904<\/strong><br \/>(+18 for winning)\n|c|\u2606MAGNIFICENTMM|ggwp\n","inputlog":">version 7097a9ac753cbb295b484b97e2657898fd5a0932\n>start {\"formatid\":\"gen8randombattle\",\"seed\":[15799,18632,17819,11612],\"rated\":\"Rated battle\"}\n>player p1 {\"name\":\"Flashybee\",\"avatar\":\"2\",\"rating\":1844,\"seed\":[15197,33649,11252,5160]}\n>player p2 {\"name\":\"MAGNIFICENTMM\",\"avatar\":\"steven\",\"rating\":1886,\"seed\":[38180,812,63464,15726]}\n>p1 switch 5\n>p2 move stealthrock\n>p1 move calmmind\n>p2 switch 5\n>p1 move calmmind\n>p2 move toxic\n>p1 move psychic\n>p2 move roost\n>p1 move calmmind\n>p2 move roost\n>p1 move calmmind\n>p2 move roost\n>p1 move dracometeor\n>p2 move bravebird\n>p2 switch 4\n>p1 switch 3\n>p2 move knockoff\n>p1 move stealthrock\n>p2 switch 6\n>p1 move toxic\n>p2 move quiverdance\n>p1 switch 2\n>p2 move quiverdance\n>p1 move fireblast\n>p2 switch 5\n>p1 move fireblast\n>p2 move earthquake\n>p1 switch 4\n>p1 move bounce dynamax\n>p2 switch 5\n>p2 switch 6\n>p1 switch 2\n>p2 move bulkup dynamax\n>p1 move earthquake\n>p2 move closecombat dynamax\n>p1 move earthquake\n>p2 move closecombat dynamax\n>p1 switch 5\n>p1 move leechlife\n>p2 move plasmafists\n>p2 switch 3\n>p1 move acrobatics\n>p2 move bravebird\n>p1 switch 6\n>p1 move psyshock\n>p2 move uturn\n>p2 switch 5\n>p2 switch 5\n>p1 move psyshock\n>p2 move uturn\n>p2 switch 2\n>p1 switch 3\n>p1 move psychic\n>p2 move recover\n>p2 switch 2\n>p1 move psychic\n>p2 move uturn\n>p1 switch 2\n>p1 move waterfall\n>p2 move bravebird","uploadtime":1641839452,"views":8,"p1id":"flashybee","p2id":"magnificentmm","formatid":"gen8randombattle","rating":1826,"private":0,"password":null}