{"id":"gen8uu-1658414249","p1":"LSSun","p2":"Pok et glace","format":"gen8uu","log":"|j|\u2606LSSun\n|j|\u2606Pok et glace\n|t:|1662565891\n|gametype|singles\n|player|p1|LSSun|brendan-gen3rs|1531\n|player|p2|Pok et glace|cynthia-masters|1580\n|teamsize|p1|6\n|teamsize|p2|6\n|gen|8\n|tier|[Gen 8] UU\n|rated|\n|rule|Sleep Clause Mod: Limit one foe put to sleep\n|rule|Species Clause: Limit one of each Pok\u00e9mon\n|rule|OHKO Clause: OHKO moves are banned\n|rule|Evasion Items Clause: Evasion items are banned\n|rule|Evasion Moves Clause: Evasion moves are banned\n|rule|Endless Battle Clause: Forcing endless battles is banned\n|rule|HP Percentage Mod: HP is shown in percentages\n|rule|Dynamax Clause: You cannot dynamax\n|clearpoke\n|poke|p1|Torkoal, M|\n|poke|p1|Darmanitan, F|\n|poke|p1|Venusaur, F|\n|poke|p1|Chansey, F|\n|poke|p1|Zygarde-10%|\n|poke|p1|Skarmory, F|\n|poke|p2|Ribombee, F|\n|poke|p2|Krookodile, M|\n|poke|p2|Necrozma|\n|poke|p2|Salamence, F|\n|poke|p2|Keldeo-Resolute|\n|poke|p2|Scizor, F|\n|teampreview\n|\n|t:|1662565900\n|start\n|switch|p1a: Torkoal|Torkoal, M|100\/100\n|switch|p2a: Krookodile|Krookodile, M|100\/100\n|-ability|p2a: Krookodile|Intimidate|boost\n|-unboost|p1a: Torkoal|atk|1\n|-weather|SunnyDay|[from] ability: Drought|[of] p1a: Torkoal\n|turn|1\n|\n|t:|1662565905\n|move|p2a: Krookodile|Earthquake|p1a: Torkoal\n|-supereffective|p1a: Torkoal\n|-damage|p1a: Torkoal|58\/100\n|move|p1a: Torkoal|Lava Plume|p2a: Krookodile\n|-damage|p2a: Krookodile|54\/100\n|\n|-weather|SunnyDay|[upkeep]\n|upkeep\n|turn|2\n|\n|t:|1662565914\n|switch|p1a: Venusaur|Venusaur, F|100\/100\n|move|p2a: Krookodile|Stealth Rock|p1a: Venusaur\n|-sidestart|p1: LSSun|move: Stealth Rock\n|\n|-weather|SunnyDay|[upkeep]\n|upkeep\n|turn|3\n|\n|t:|1662565920\n|move|p1a: Venusaur|Growth|p1a: Venusaur\n|-boost|p1a: Venusaur|atk|2\n|-boost|p1a: Venusaur|spa|2\n|move|p2a: Krookodile|Knock Off|p1a: Venusaur\n|-damage|p1a: Venusaur|46\/100\n|-enditem|p1a: Venusaur|Life Orb|[from] move: Knock Off|[of] p2a: Krookodile\n|\n|-weather|SunnyDay|[upkeep]\n|upkeep\n|turn|4\n|\n|t:|1662565933\n|switch|p2a: Ribombee|Ribombee, F|100\/100\n|move|p1a: Venusaur|Giga Drain|p2a: Ribombee\n|-resisted|p2a: Ribombee\n|-damage|p2a: Ribombee|38\/100\n|-heal|p1a: Venusaur|73\/100|[from] drain|[of] p2a: Ribombee\n|\n|-weather|SunnyDay|[upkeep]\n|upkeep\n|turn|5\n|\n|t:|1662565943\n|switch|p2a: Scizor|Scizor, F|100\/100\n|move|p1a: Venusaur|Giga Drain|p2a: Scizor\n|-resisted|p2a: Scizor\n|-damage|p2a: Scizor|73\/100\n|-heal|p1a: Venusaur|86\/100|[from] drain|[of] p2a: Scizor\n|\n|-weather|SunnyDay|[upkeep]\n|upkeep\n|turn|6\n|\n|t:|1662565951\n|move|p2a: Scizor|Bullet Punch|p1a: Venusaur\n|-damage|p1a: Venusaur|23\/100\n|-damage|p2a: Scizor|63\/100|[from] item: Life Orb\n|move|p1a: Venusaur|Weather Ball|p2a: Scizor\n|-supereffective|p2a: Scizor\n|-damage|p2a: Scizor|0 fnt\n|faint|p2a: Scizor\n|\n|-weather|SunnyDay|[upkeep]\n|upkeep\n|\n|t:|1662565959\n|switch|p2a: Salamence|Salamence, F|100\/100\n|turn|7\n|\n|t:|1662565962\n|move|p1a: Venusaur|Sludge Bomb|p2a: Salamence\n|-damage|p2a: Salamence|0 fnt\n|faint|p2a: Salamence\n|\n|-weather|SunnyDay|[upkeep]\n|upkeep\n|-message|Pok et glace forfeited.\n|\n|win|LSSun\n|raw|LSSun's rating: 1531 &rarr; <strong>1554<\/strong><br \/>(+23 for winning)\n|raw|Pok et glace's rating: 1580 &rarr; <strong>1557<\/strong><br \/>(-23 for losing)\n|l|\u2606Pok et glace\n","uploadtime":1662565970,"views":14,"p1id":"lssun","p2id":"poketglace","formatid":"gen8uu","rating":1554,"private":0,"password":null}