{"id":"gen8multibility-1478604606","p1":"JooshP","p2":"Osake","format":"gen8multibility","log":"|j|\u2606JooshP\n|j|\u2606Osake\n|inactive|Battle timer is ON: inactive players will automatically lose when time's up.\n|t:|1640261780\n|gametype|singles\n|player|p1|JooshP|red|\n|player|p2|Osake|petrel|\n|teamsize|p1|6\n|teamsize|p2|6\n|gen|8\n|tier|[Gen 8] Multibility\n|rated|Tournament battle\n|rule|Species Clause: Limit one of each Pok\u00e9mon\n|rule|OHKO Clause: OHKO moves are banned\n|rule|Evasion Moves Clause: Evasion moves are banned\n|rule|Endless Battle Clause: Forcing endless battles is banned\n|rule|HP Percentage Mod: HP is shown in percentages\n|rule|Dynamax Clause: You cannot dynamax\n|rule|2 Ability Clause: Limit two of each ability\n|rule|Sleep Clause: Sleep-inducing moves are banned\n|clearpoke\n|poke|p1|Zapdos-Galar|\n|poke|p1|Alakazam, M|\n|poke|p1|Skarmory, M|\n|poke|p1|Zeraora|\n|poke|p1|Mew|\n|poke|p1|Kyurem|\n|poke|p2|Noivern, F|\n|poke|p2|Tapu Bulu|\n|poke|p2|Swampert, M|\n|poke|p2|Corviknight, F|\n|poke|p2|Blissey, F|\n|poke|p2|Raichu-Alola, M|\n|teampreview\n|j|*Lady Monita \u2744\n|j| BB-8-NU\n|inactive|Osake also wants the timer to be on.\n|j| Chrus is nub\n|c|\u2606Osake|hf\n|c|\u2606JooshP|u2\n|j| superman8900\u2744\n|\n|t:|1640261791\n|start\n|switch|p1a: Zapdos|Zapdos-Galar|100\/100\n|switch|p2a: Noivern|Noivern, F|100\/100\n|-item|p1a: Zapdos|Regenerator|[from] ability: Frisk|[of] p2a: Noivern|[identify]\n|turn|1\n|j| hilughei\n|\n|t:|1640261797\n|move|p2a: Noivern|Boomburst|p1a: Zapdos\n|-supereffective|p1a: Zapdos\n|-damage|p1a: Zapdos|0 fnt\n|faint|p1a: Zapdos\n|\n|upkeep\n|j| lowladderisheaven\n|j| saintbernard\n|l| lowladderisheaven\n|\n|t:|1640261819\n|switch|p1a: Mew|Mew|100\/100\n|turn|2\n|\n|t:|1640261823\n|move|p2a: Noivern|Taunt|p1a: Mew\n|-start|p1a: Mew|move: Taunt\n|cant|p1a: Mew|move: Taunt|Stealth Rock\n|\n|upkeep\n|turn|3\n|\n|t:|1640261850\n|move|p2a: Noivern|Boomburst|p1a: Mew\n|-damage|p1a: Mew|56\/100\n|move|p1a: Mew|Ice Beam|p2a: Noivern\n|-supereffective|p2a: Noivern\n|-damage|p2a: Noivern|0 fnt\n|faint|p2a: Noivern\n|\n|upkeep\n|\n|t:|1640261859\n|switch|p2a: Tapu Bulu|Tapu Bulu|100\/100\n|-fieldstart|move: Grassy Terrain|[from] ability: Grassy Surge|[of] p2a: Tapu Bulu\n|turn|4\n|\n|t:|1640261861\n|move|p2a: Tapu Bulu|Swords Dance|p2a: Tapu Bulu\n|-boost|p2a: Tapu Bulu|atk|2\n|move|p1a: Mew|Ice Beam|p2a: Tapu Bulu\n|-supereffective|p2a: Tapu Bulu\n|-damage|p2a: Tapu Bulu|47\/100\n|\n|-heal|p2a: Tapu Bulu|53\/100|[from] Grassy Terrain\n|-heal|p1a: Mew|63\/100|[from] Grassy Terrain\n|-end|p1a: Mew|move: Taunt\n|upkeep\n|turn|5\n|\n|t:|1640261867\n|move|p2a: Tapu Bulu|Horn Leech|p1a: Mew\n|-damage|p1a: Mew|0 fnt\n|-heal|p2a: Tapu Bulu|98\/100|[from] drain|[of] p1a: Mew\n|faint|p1a: Mew\n|\n|-heal|p2a: Tapu Bulu|100\/100|[from] Grassy Terrain\n|upkeep\n|\n|t:|1640261872\n|switch|p1a: Alakazam|Alakazam, M|100\/100\n|-fieldstart|move: Psychic Terrain|[from] ability: [object Object]|[of] p1a: Alakazam\n|turn|6\n|\n|t:|1640261875\n|switch|p2a: Blissey|Blissey, F|100\/100\n|move|p1a: Alakazam|Expanding Force|p2a: Blissey\n|-damage|p2a: Blissey|71\/100\n|\n|upkeep\n|turn|7\n|\n|t:|1640261880\n|switch|p1a: Skarmory|Skarmory, M|100\/100\n|move|p2a: Blissey|Teleport|p2a: Blissey\n|\n|t:|1640261882\n|switch|p2a: Raichu|Raichu-Alola, M|100\/100|[from]move: Teleport\n|-fieldstart|move: Electric Terrain|[from] ability: [object Object]|[of] p2a: Raichu\n|\n|upkeep\n|turn|8\n|\n|t:|1640261887\n|switch|p1a: Zeraora|Zeraora|100\/100\n|-ability|p1a: Zeraora|Air Lock\n|move|p2a: Raichu|Rising Voltage|p1a: Zeraora\n|-immune|p1a: Zeraora|[from] ability: Volt Absorb\n|\n|upkeep\n|turn|9\n|\n|t:|1640261895\n|switch|p2a: Swampert|Swampert, M|100\/100\n|switch|p1a: Alakazam|Alakazam, M|100\/100\n|-fieldstart|move: Psychic Terrain|[from] ability: [object Object]|[of] p1a: Alakazam\n|\n|upkeep\n|turn|10\n|\n|t:|1640261899\n|switch|p2a: Blissey|Blissey, F|100\/100\n|move|p1a: Alakazam|Expanding Force|p2a: Blissey\n|-damage|p2a: Blissey|75\/100\n|\n|upkeep\n|turn|11\n|\n|t:|1640261904\n|move|p1a: Alakazam|Nasty Plot|p1a: Alakazam\n|-boost|p1a: Alakazam|spa|2\n|move|p2a: Blissey|Thunder Wave|p1a: Alakazam\n|-status|p1a: Alakazam|par\n|\n|upkeep\n|turn|12\n|\n|t:|1640261909\n|cant|p1a: Alakazam|par\n|move|p2a: Blissey|Teleport|p2a: Blissey\n|\n|t:|1640261912\n|switch|p2a: Tapu Bulu|Tapu Bulu|100\/100|[from]move: Teleport\n|-fieldstart|move: Grassy Terrain|[from] ability: Grassy Surge|[of] p2a: Tapu Bulu\n|\n|upkeep\n|turn|13\n|j| name4386\n|j| lowladderisheaven\n|\n|t:|1640261936\n|switch|p1a: Skarmory|Skarmory, M|100\/100\n|move|p2a: Tapu Bulu|Wood Hammer|p1a: Skarmory\n|-resisted|p1a: Skarmory\n|-damage|p1a: Skarmory|89\/100\n|-damage|p2a: Tapu Bulu|96\/100|[from] Recoil\n|\n|-heal|p2a: Tapu Bulu|100\/100|[from] Grassy Terrain\n|upkeep\n|turn|14\n|\n|t:|1640261940\n|switch|p2a: Blissey|Blissey, F|100\/100\n|move|p1a: Skarmory|Spikes|p2a: Blissey\n|-sidestart|p2: Osake|Spikes\n|\n|upkeep\n|turn|15\n|j| TheNewBrends11\n|c|\u2606Osake|i need to go\n|c|\u2606Osake|rip\n|c|\u2606Osake|gg\n|-message|Osake forfeited.\n|\n|win|JooshP\n|n|\u2606JooshP|jooshp\n|n|\u2606Osake|osake\n|n|*Lady Monita \u2744|ladymonita\n|n| BB-8-NU|bb8nu\n|n| Chrus is nub|chrusisnub\n|n| superman8900\u2744|superman8900\n|n| hilughei|hilughei\n|n| saintbernard|saintbernard\n|n| name4386|name4386\n|n| lowladderisheaven|lowladderisheaven\n|n| TheNewBrends11|thenewbrends11\n|l|*Lady Monita \u2744\n|l|\u2606Osake\n|l| lowladderisheaven\n|l| BB-8-NU\n|c|\u2606JooshP|lol\n|c|\u2606JooshP|gg\n|l| Chrus is nub\n|l|\u2606JooshP\n|l| hilughei\n","uploadtime":1640261974,"views":11,"p1id":"jooshp","p2id":"osake","formatid":"gen8multibility","rating":0,"private":0,"password":null}