{"id":"gen8nationaldexag-1068289101","p1":"grafzeppelin0626","p2":"yhdrslb","format":"gen8nationaldexag","log":"|j|\u2606grafzeppelin0626\n|j|\u2606yhdrslb\n|player|p1|grafzeppelin0626|caitlin|1513\n|player|p2|yhdrslb|30|1411\n|teamsize|p1|6\n|teamsize|p2|6\n|gametype|singles\n|gen|8\n|tier|[Gen 8] National Dex AG\n|rated|\n|clearpoke\n|poke|p1|Arceus-*|\n|poke|p1|Arceus-*|\n|poke|p1|Ditto|\n|poke|p1|Rayquaza|\n|poke|p1|Zacian-Crowned|\n|poke|p1|Marshadow|\n|poke|p2|Espeon, M|\n|poke|p2|Whimsicott, F|\n|poke|p2|Lugia|\n|poke|p2|Smeargle, F|\n|poke|p2|Rayquaza|\n|poke|p2|Giratina|\n|rule|HP Percentage Mod: HP is shown in percentages\n|rule|Endless Battle Clause: Forcing endless battles is banned\n|teampreview\n|\n|start\n|switch|p1a: Arceus|Arceus|100\/100\n|switch|p2a: Smeargle|Smeargle, F|100\/100\n|turn|1\n|\n|switch|p2a: Giratina|Giratina|100\/100\n|-ability|p2a: Giratina|Pressure\n|move|p1a: Arceus|Extreme Speed|p2a: Giratina\n|-immune|p2a: Giratina\n|\n|upkeep\n|turn|2\n|\n|-start|p1a: Arceus|Dynamax\n|-heal|p1a: Arceus|100\/100|[silent]\n|move|p1a: Arceus|Max Phantasm|p2a: Giratina\n|-supereffective|p2a: Giratina\n|-damage|p2a: Giratina|51\/100\n|-unboost|p2a: Giratina|def|1\n|move|p2a: Giratina|Will-O-Wisp|p1a: Arceus\n|-status|p1a: Arceus|brn\n|-enditem|p1a: Arceus|Lum Berry|[eat]\n|-curestatus|p1a: Arceus|brn|[msg]\n|\n|-heal|p2a: Giratina|57\/100|[from] item: Leftovers\n|upkeep\n|turn|3\n|\n|switch|p2a: Smeargle|Smeargle, F|100\/100\n|move|p1a: Arceus|Max Phantasm|p2a: Smeargle\n|-immune|p2a: Smeargle\n|\n|-ability|p2a: Smeargle|Moody|boost\n|-boost|p2a: Smeargle|spd|2\n|-unboost|p2a: Smeargle|spa|1\n|upkeep\n|turn|4\n|\n|switch|p2a: Giratina|Giratina|57\/100\n|-ability|p2a: Giratina|Pressure\n|move|p1a: Arceus|Max Strike|p2a: Giratina\n|-immune|p2a: Giratina\n|\n|-heal|p2a: Giratina|64\/100|[from] item: Leftovers\n|-end|p1a: Arceus|Dynamax\n|-heal|p1a: Arceus|100\/100|[silent]\n|upkeep\n|turn|5\n|\n|move|p1a: Arceus|Shadow Force||[still]\n|-prepare|p1a: Arceus|Shadow Force|p2a: Giratina\n|move|p2a: Giratina|Will-O-Wisp|p1a: Arceus|[miss]\n|-miss|p2a: Giratina|p1a: Arceus\n|\n|-heal|p2a: Giratina|70\/100|[from] item: Leftovers\n|upkeep\n|turn|6\n|\n|switch|p2a: Smeargle|Smeargle, F|100\/100\n|move|p1a: Arceus|Shadow Force|p2a: Smeargle|[from]lockedmove\n|-immune|p2a: Smeargle\n|\n|-ability|p2a: Smeargle|Moody|boost\n|-boost|p2a: Smeargle|spd|2\n|-unboost|p2a: Smeargle|spa|1\n|upkeep\n|turn|7\n|\n|switch|p2a: Giratina|Giratina|70\/100\n|-ability|p2a: Giratina|Pressure\n|move|p1a: Arceus|Extreme Speed|p2a: Giratina\n|-immune|p2a: Giratina\n|\n|-heal|p2a: Giratina|76\/100|[from] item: Leftovers\n|upkeep\n|turn|8\n|\n|move|p1a: Arceus|Swords Dance|p1a: Arceus\n|-boost|p1a: Arceus|atk|2\n|move|p2a: Giratina|Will-O-Wisp|p1a: Arceus|[miss]\n|-miss|p2a: Giratina|p1a: Arceus\n|\n|-heal|p2a: Giratina|82\/100|[from] item: Leftovers\n|upkeep\n|turn|9\n|\n|move|p1a: Arceus|Extreme Speed|p2a: Giratina\n|-immune|p2a: Giratina\n|move|p2a: Giratina|Will-O-Wisp|p1a: Arceus\n|-status|p1a: Arceus|brn\n|\n|-heal|p2a: Giratina|88\/100|[from] item: Leftovers\n|-damage|p1a: Arceus|94\/100 brn|[from] brn\n|upkeep\n|turn|10\n|\n|switch|p1a: Marshadow|Marshadow|100\/100\n|move|p2a: Giratina|Dragon Tail|p1a: Marshadow\n|-damage|p1a: Marshadow|75\/100\n|drag|p1a: Ditto|Ditto|100\/100\n|-transform|p1a: Ditto|p2a: Giratina|[from] ability: Imposter\n|-ability|p1a: Ditto|Pressure\n|\n|-heal|p2a: Giratina|94\/100|[from] item: Leftovers\n|upkeep\n|turn|11\n|\n|switch|p2a: Espeon|Espeon, M|100\/100\n|move|p1a: Ditto|Dragon Tail|p2a: Espeon\n|-damage|p2a: Espeon|72\/100\n|drag|p2a: Whimsicott|Whimsicott, F|100\/100\n|\n|upkeep\n|turn|12\n|\n|switch|p1a: Arceus|Arceus|94\/100 brn\n|move|p2a: Whimsicott|Leech Seed|p1a: Arceus\n|-start|p1a: Arceus|move: Leech Seed\n|\n|-damage|p1a: Arceus|82\/100 brn|[from] Leech Seed|[of] p2a: Whimsicott\n|-damage|p1a: Arceus|76\/100 brn|[from] brn\n|upkeep\n|turn|13\n|\n|switch|p2a: Giratina|Giratina|94\/100\n|-ability|p2a: Giratina|Pressure\n|move|p1a: Arceus|Extreme Speed|p2a: Giratina\n|-immune|p2a: Giratina\n|\n|-heal|p2a: Giratina|100\/100|[from] item: Leftovers\n|-damage|p1a: Arceus|64\/100 brn|[from] Leech Seed|[of] p2a: Giratina\n|-damage|p1a: Arceus|58\/100 brn|[from] brn\n|upkeep\n|turn|14\n|\n|move|p1a: Arceus|Shadow Force||[still]\n|-prepare|p1a: Arceus|Shadow Force|p2a: Giratina\n|move|p2a: Giratina|Will-O-Wisp|p1a: Arceus|[miss]\n|-miss|p2a: Giratina|p1a: Arceus\n|\n|-damage|p1a: Arceus|45\/100 brn|[from] Leech Seed|[of] p2a: Giratina\n|-damage|p1a: Arceus|39\/100 brn|[from] brn\n|upkeep\n|turn|15\n|\n|switch|p2a: Smeargle|Smeargle, F|100\/100\n|move|p1a: Arceus|Shadow Force|p2a: Smeargle|[from]lockedmove\n|-immune|p2a: Smeargle\n|\n|-damage|p1a: Arceus|27\/100 brn|[from] Leech Seed|[of] p2a: Smeargle\n|-damage|p1a: Arceus|21\/100 brn|[from] brn\n|-ability|p2a: Smeargle|Moody|boost\n|-boost|p2a: Smeargle|spe|2\n|-unboost|p2a: Smeargle|spa|1\n|upkeep\n|turn|16\n|\n|switch|p2a: Giratina|Giratina|100\/100\n|-ability|p2a: Giratina|Pressure\n|move|p1a: Arceus|Shadow Force||[still]\n|-prepare|p1a: Arceus|Shadow Force|p2a: Giratina\n|\n|-damage|p1a: Arceus|9\/100 brn|[from] Leech Seed|[of] p2a: Giratina\n|-damage|p1a: Arceus|3\/100 brn|[from] brn\n|upkeep\n|turn|17\n|\n|switch|p2a: Smeargle|Smeargle, F|100\/100\n|move|p1a: Arceus|Shadow Force|p2a: Smeargle|[from]lockedmove\n|-immune|p2a: Smeargle\n|\n|-damage|p1a: Arceus|0 fnt|[from] Leech Seed|[of] p2a: Smeargle\n|faint|p1a: Arceus\n|-ability|p2a: Smeargle|Moody|boost\n|-boost|p2a: Smeargle|def|2\n|-unboost|p2a: Smeargle|spe|1\n|upkeep\n|\n|switch|p1a: Ditto|Ditto|100\/100\n|-transform|p1a: Ditto|p2a: Smeargle|[from] ability: Imposter\n|turn|18\n|\n|switch|p2a: Espeon|Espeon, M|72\/100\n|move|p1a: Ditto|Stealth Rock|p2a: Espeon\n|move|p2a: Espeon|Stealth Rock|p1a: Ditto|[from]Magic Bounce\n|-sidestart|p1: grafzeppelin0626|move: Stealth Rock\n|\n|-ability|p1a: Ditto|Moody|boost\n|-boost|p1a: Ditto|spd|2\n|-unboost|p1a: Ditto|atk|1\n|upkeep\n|turn|19\n|inactive|Battle timer is ON: inactive players will automatically lose when time's up. (requested by grafzeppelin0626)\n|\n|switch|p1a: Marshadow|Marshadow|75\/100\n|-damage|p1a: Marshadow|69\/100|[from] Stealth Rock\n|move|p2a: Espeon|Reflect|p2a: Espeon\n|-sidestart|p2: yhdrslb|Reflect\n|\n|upkeep\n|turn|20\n|\n|switch|p2a: Smeargle|Smeargle, F|100\/100\n|move|p1a: Marshadow|Close Combat|p2a: Smeargle\n|-supereffective|p2a: Smeargle\n|-enditem|p2a: Smeargle|Focus Sash\n|-damage|p2a: Smeargle|1\/100\n|-unboost|p1a: Marshadow|def|1\n|-unboost|p1a: Marshadow|spd|1\n|\n|-ability|p2a: Smeargle|Moody|boost\n|-boost|p2a: Smeargle|atk|2\n|-unboost|p2a: Smeargle|spa|1\n|upkeep\n|turn|21\n|\n|move|p1a: Marshadow|Close Combat|p2a: Smeargle\n|-supereffective|p2a: Smeargle\n|-damage|p2a: Smeargle|0 fnt\n|-unboost|p1a: Marshadow|def|1\n|-unboost|p1a: Marshadow|spd|1\n|faint|p2a: Smeargle\n|\n|upkeep\n|\n|switch|p2a: Giratina|Giratina|100\/100\n|-ability|p2a: Giratina|Pressure\n|turn|22\n|\n|move|p1a: Marshadow|Spectral Thief|p2a: Giratina\n|-supereffective|p2a: Giratina\n|-damage|p2a: Giratina|77\/100\n|move|p2a: Giratina|Will-O-Wisp|p1a: Marshadow\n|-status|p1a: Marshadow|brn\n|\n|-heal|p2a: Giratina|83\/100|[from] item: Leftovers\n|-damage|p1a: Marshadow|63\/100 brn|[from] brn\n|upkeep\n|turn|23\n|\n|move|p1a: Marshadow|Spectral Thief|p2a: Giratina\n|-supereffective|p2a: Giratina\n|-damage|p2a: Giratina|73\/100\n|move|p2a: Giratina|Dragon Tail|p1a: Marshadow\n|-crit|p1a: Marshadow\n|-damage|p1a: Marshadow|0 fnt\n|faint|p1a: Marshadow\n|\n|-heal|p2a: Giratina|79\/100|[from] item: Leftovers\n|-sideend|p2: yhdrslb|Reflect\n|upkeep\n|\n|switch|p1a: Zacian|Zacian-Crowned|100\/100\n|-damage|p1a: Zacian|94\/100|[from] Stealth Rock\n|-ability|p1a: Zacian|Intrepid Sword|boost\n|-boost|p1a: Zacian|atk|1\n|turn|24\n|\n|switch|p2a: Lugia|Lugia|100\/100\n|move|p1a: Zacian|Play Rough|p2a: Lugia|[miss]\n|-miss|p1a: Zacian|p2a: Lugia\n|\n|upkeep\n|turn|25\n|\n|move|p1a: Zacian|Behemoth Blade|p2a: Lugia\n|-damage|p2a: Lugia|75\/100\n|move|p2a: Lugia|Substitute|p2a: Lugia\n|-start|p2a: Lugia|Substitute\n|-damage|p2a: Lugia|50\/100\n|\n|-heal|p2a: Lugia|56\/100|[from] item: Leftovers\n|upkeep\n|turn|26\n|\n|move|p1a: Zacian|Behemoth Blade|p2a: Lugia\n|-end|p2a: Lugia|Substitute\n|move|p2a: Lugia|Roost|p2a: Lugia\n|-heal|p2a: Lugia|100\/100\n|-singleturn|p2a: Lugia|move: Roost\n|\n|upkeep\n|turn|27\n|\n|move|p1a: Zacian|Behemoth Blade|p2a: Lugia\n|-damage|p2a: Lugia|76\/100\n|move|p2a: Lugia|Substitute|p2a: Lugia\n|-start|p2a: Lugia|Substitute\n|-damage|p2a: Lugia|51\/100\n|\n|-heal|p2a: Lugia|57\/100|[from] item: Leftovers\n|upkeep\n|turn|28\n|\n|move|p1a: Zacian|Behemoth Blade|p2a: Lugia\n|-end|p2a: Lugia|Substitute\n|move|p2a: Lugia|Roost|p2a: Lugia\n|-heal|p2a: Lugia|100\/100\n|-singleturn|p2a: Lugia|move: Roost\n|\n|upkeep\n|turn|29\n|\n|move|p1a: Zacian|Swords Dance|p1a: Zacian\n|-boost|p1a: Zacian|atk|2\n|move|p2a: Lugia|Substitute|p2a: Lugia\n|-start|p2a: Lugia|Substitute\n|-damage|p2a: Lugia|76\/100\n|\n|-heal|p2a: Lugia|82\/100|[from] item: Leftovers\n|upkeep\n|turn|30\n|\n|move|p1a: Zacian|Behemoth Blade|p2a: Lugia\n|-end|p2a: Lugia|Substitute\n|move|p2a: Lugia|Whirlwind|p1a: Zacian\n|drag|p1a: Ditto|Ditto|100\/100\n|-damage|p1a: Ditto|88\/100|[from] Stealth Rock\n|-transform|p1a: Ditto|p2a: Lugia|[from] ability: Imposter\n|\n|-heal|p2a: Lugia|88\/100|[from] item: Leftovers\n|upkeep\n|turn|31\n|\n|switch|p2a: Espeon|Espeon, M|72\/100\n|move|p1a: Ditto|Toxic|p2a: Espeon\n|move|p2a: Espeon|Toxic|p1a: Ditto|[from]Magic Bounce\n|-status|p1a: Ditto|tox\n|\n|-damage|p1a: Ditto|82\/100 tox|[from] psn\n|upkeep\n|turn|32\n|inactive|yhdrslb has 120 seconds left.\n|\n|switch|p1a: Zacian|Zacian-Crowned|94\/100\n|-damage|p1a: Zacian|88\/100|[from] Stealth Rock\n|-ability|p1a: Zacian|Intrepid Sword|boost\n|-boost|p1a: Zacian|atk|1\n|move|p2a: Espeon|Reflect|p2a: Espeon\n|-sidestart|p2: yhdrslb|Reflect\n|\n|upkeep\n|turn|33\n|inactive|grafzeppelin0626 has 120 seconds left.\n|\n|switch|p2a: Giratina|Giratina|79\/100\n|-ability|p2a: Giratina|Pressure\n|move|p1a: Zacian|Swords Dance|p1a: Zacian\n|-boost|p1a: Zacian|atk|2\n|\n|-heal|p2a: Giratina|85\/100|[from] item: Leftovers\n|upkeep\n|turn|34\n|\n|move|p1a: Zacian|Play Rough|p2a: Giratina\n|-supereffective|p2a: Giratina\n|-damage|p2a: Giratina|9\/100\n|move|p2a: Giratina|Will-O-Wisp|p1a: Zacian\n|-status|p1a: Zacian|brn\n|\n|-heal|p2a: Giratina|16\/100|[from] item: Leftovers\n|-damage|p1a: Zacian|82\/100 brn|[from] brn\n|upkeep\n|turn|35\n|inactive|yhdrslb has 120 seconds left.\n|\n|switch|p2a: Lugia|Lugia|88\/100\n|move|p1a: Zacian|Behemoth Blade|p2a: Lugia\n|-damage|p2a: Lugia|68\/100\n|\n|-heal|p2a: Lugia|74\/100|[from] item: Leftovers\n|-damage|p1a: Zacian|76\/100 brn|[from] brn\n|upkeep\n|turn|36\n|\n|move|p1a: Zacian|Behemoth Blade|p2a: Lugia\n|-crit|p2a: Lugia\n|-damage|p2a: Lugia|12\/100\n|move|p2a: Lugia|Roost|p2a: Lugia\n|-heal|p2a: Lugia|62\/100\n|-singleturn|p2a: Lugia|move: Roost\n|\n|-heal|p2a: Lugia|68\/100|[from] item: Leftovers\n|-damage|p1a: Zacian|70\/100 brn|[from] brn\n|-sideend|p2: yhdrslb|Reflect\n|upkeep\n|turn|37\n|inactive|grafzeppelin0626 has 120 seconds left.\n|\n|move|p1a: Zacian|Play Rough|p2a: Lugia\n|-damage|p2a: Lugia|34\/100\n|move|p2a: Lugia|Roost|p2a: Lugia\n|-heal|p2a: Lugia|84\/100\n|-singleturn|p2a: Lugia|move: Roost\n|\n|-heal|p2a: Lugia|90\/100|[from] item: Leftovers\n|-damage|p1a: Zacian|64\/100 brn|[from] brn\n|upkeep\n|turn|38\n|\n|move|p1a: Zacian|Behemoth Blade|p2a: Lugia\n|-damage|p2a: Lugia|46\/100\n|move|p2a: Lugia|Roost|p2a: Lugia\n|-heal|p2a: Lugia|96\/100\n|-singleturn|p2a: Lugia|move: Roost\n|\n|-heal|p2a: Lugia|100\/100|[from] item: Leftovers\n|-damage|p1a: Zacian|57\/100 brn|[from] brn\n|upkeep\n|turn|39\n|\n|move|p1a: Zacian|Swords Dance|p1a: Zacian\n|-boost|p1a: Zacian|atk|2\n|move|p2a: Lugia|Substitute|p2a: Lugia\n|-start|p2a: Lugia|Substitute\n|-damage|p2a: Lugia|76\/100\n|\n|-heal|p2a: Lugia|82\/100|[from] item: Leftovers\n|-damage|p1a: Zacian|51\/100 brn|[from] brn\n|upkeep\n|turn|40\n|\n|move|p1a: Zacian|Play Rough|p2a: Lugia\n|-end|p2a: Lugia|Substitute\n|move|p2a: Lugia|Whirlwind|p1a: Zacian\n|drag|p1a: Ditto|Ditto|82\/100 tox\n|-damage|p1a: Ditto|70\/100 tox|[from] Stealth Rock\n|-transform|p1a: Ditto|p2a: Lugia|[from] ability: Imposter\n|\n|-heal|p2a: Lugia|88\/100|[from] item: Leftovers\n|-damage|p1a: Ditto|64\/100 tox|[from] psn\n|upkeep\n|turn|41\n|\n|switch|p2a: Espeon|Espeon, M|72\/100\n|move|p1a: Ditto|Whirlwind|p2a: Espeon\n|move|p2a: Espeon|Whirlwind|p1a: Ditto|[from]Magic Bounce\n|drag|p1a: Zacian|Zacian-Crowned|51\/100 brn\n|-damage|p1a: Zacian|45\/100 brn|[from] Stealth Rock\n|-ability|p1a: Zacian|Intrepid Sword|boost\n|-boost|p1a: Zacian|atk|1\n|\n|-damage|p1a: Zacian|39\/100 brn|[from] brn\n|upkeep\n|turn|42\n|\n|move|p2a: Espeon|Reflect|p2a: Espeon\n|-sidestart|p2: yhdrslb|Reflect\n|move|p1a: Zacian|Play Rough|p2a: Espeon\n|-damage|p2a: Espeon|41\/100\n|\n|-damage|p1a: Zacian|33\/100 brn|[from] brn\n|upkeep\n|turn|43\n|\n|switch|p2a: Lugia|Lugia|88\/100\n|move|p1a: Zacian|Play Rough|p2a: Lugia\n|-damage|p2a: Lugia|76\/100\n|\n|-heal|p2a: Lugia|82\/100|[from] item: Leftovers\n|-damage|p1a: Zacian|27\/100 brn|[from] brn\n|upkeep\n|turn|44\n|\n|move|p1a: Zacian|Play Rough|p2a: Lugia\n|-damage|p2a: Lugia|72\/100\n|move|p2a: Lugia|Substitute|p2a: Lugia\n|-start|p2a: Lugia|Substitute\n|-damage|p2a: Lugia|47\/100\n|\n|-heal|p2a: Lugia|53\/100|[from] item: Leftovers\n|-damage|p1a: Zacian|20\/100 brn|[from] brn\n|upkeep\n|turn|45\n|\n|move|p1a: Zacian|Play Rough|p2a: Lugia\n|-activate|p2a: Lugia|move: Substitute|[damage]\n|move|p2a: Lugia|Roost|p2a: Lugia\n|-heal|p2a: Lugia|100\/100\n|-singleturn|p2a: Lugia|move: Roost\n|\n|-damage|p1a: Zacian|14\/100 brn|[from] brn\n|upkeep\n|turn|46\n|\n|move|p1a: Zacian|Play Rough|p2a: Lugia\n|-activate|p2a: Lugia|move: Substitute|[damage]\n|move|p2a: Lugia|Whirlwind|p1a: Zacian\n|drag|p1a: Arceus|Arceus-Ground|100\/100\n|-damage|p1a: Arceus|94\/100|[from] Stealth Rock\n|\n|-sideend|p2: yhdrslb|Reflect\n|upkeep\n|turn|47\n|\n|move|p1a: Arceus|Ancient Power|p2a: Lugia\n|-supereffective|p2a: Lugia\n|-end|p2a: Lugia|Substitute\n|move|p2a: Lugia|Toxic|p1a: Arceus\n|-status|p1a: Arceus|tox\n|\n|-damage|p1a: Arceus|88\/100 tox|[from] psn\n|upkeep\n|turn|48\n|\n|switch|p2a: Whimsicott|Whimsicott, F|100\/100\n|move|p1a: Arceus|Ancient Power|p2a: Whimsicott\n|-damage|p2a: Whimsicott|69\/100\n|\n|-damage|p1a: Arceus|76\/100 tox|[from] psn\n|upkeep\n|turn|49\n|\n|move|p2a: Whimsicott|Leech Seed|p1a: Arceus\n|-start|p1a: Arceus|move: Leech Seed\n|move|p1a: Arceus|Fire Blast|p2a: Whimsicott\n|-supereffective|p2a: Whimsicott\n|-damage|p2a: Whimsicott|0 fnt\n|faint|p2a: Whimsicott\n|\n|-damage|p1a: Arceus|58\/100 tox|[from] psn\n|upkeep\n|\n|switch|p2a: Lugia|Lugia|100\/100\n|turn|50\n|\n|move|p1a: Arceus|Ancient Power|p2a: Lugia\n|-supereffective|p2a: Lugia\n|-damage|p2a: Lugia|88\/100\n|move|p2a: Lugia|Substitute|p2a: Lugia\n|-start|p2a: Lugia|Substitute\n|-damage|p2a: Lugia|63\/100\n|\n|-heal|p2a: Lugia|69\/100|[from] item: Leftovers\n|-damage|p1a: Arceus|45\/100 tox|[from] Leech Seed|[of] p2a: Lugia\n|-heal|p2a: Lugia|83\/100|[silent]\n|-damage|p1a: Arceus|21\/100 tox|[from] psn\n|upkeep\n|turn|51\n|\n|move|p1a: Arceus|Ice Beam|p2a: Lugia\n|-supereffective|p2a: Lugia\n|-end|p2a: Lugia|Substitute\n|move|p2a: Lugia|Roost|p2a: Lugia\n|-heal|p2a: Lugia|100\/100\n|-singleturn|p2a: Lugia|move: Roost\n|\n|-damage|p1a: Arceus|8\/100 tox|[from] Leech Seed|[of] p2a: Lugia\n|-damage|p1a: Arceus|0 fnt|[from] psn\n|faint|p1a: Arceus\n|upkeep\n|\n|switch|p1a: Ditto|Ditto|64\/100 tox\n|-damage|p1a: Ditto|51\/100 tox|[from] Stealth Rock\n|-transform|p1a: Ditto|p2a: Lugia|[from] ability: Imposter\n|turn|52\n|\n|switch|p1a: Rayquaza|Rayquaza|100\/100\n|-damage|p1a: Rayquaza|76\/100|[from] Stealth Rock\n|-ability|p1a: Rayquaza|Air Lock\n|switch|p2a: Giratina|Giratina|16\/100\n|-ability|p2a: Giratina|Pressure\n|\n|-heal|p2a: Giratina|22\/100|[from] item: Leftovers\n|upkeep\n|turn|53\n|\n|detailschange|p1a: Rayquaza|Rayquaza-Mega\n|-mega|p1a: Rayquaza|Rayquaza|\n|-weather|DeltaStream|[from] ability: Delta Stream|[of] p1a: Rayquaza\n|move|p1a: Rayquaza|Dragon Ascent|p2a: Giratina\n|-damage|p2a: Giratina|0 fnt\n|-unboost|p1a: Rayquaza|def|1\n|-unboost|p1a: Rayquaza|spd|1\n|faint|p2a: Giratina\n|\n|-weather|DeltaStream|[upkeep]\n|upkeep\n|\n|switch|p2a: Espeon|Espeon, M|41\/100\n|turn|54\n|\n|move|p2a: Espeon|Trick|p1a: Rayquaza\n|-activate|p2a: Espeon|move: Trick|[of] p1a: Rayquaza\n|-item|p1a: Rayquaza|Choice Scarf|[from] move: Trick\n|-item|p2a: Espeon|Focus Sash|[from] move: Trick\n|move|p1a: Rayquaza|V-create|p2a: Espeon\n|-damage|p2a: Espeon|0 fnt\n|-unboost|p1a: Rayquaza|spe|1\n|-unboost|p1a: Rayquaza|def|1\n|-unboost|p1a: Rayquaza|spd|1\n|faint|p2a: Espeon\n|\n|-weather|DeltaStream|[upkeep]\n|upkeep\n|\n|switch|p2a: Lugia|Lugia|100\/100\n|turn|55\n|\n|-weather|none\n|switch|p1a: Zacian|Zacian-Crowned|14\/100 brn\n|-damage|p1a: Zacian|8\/100 brn|[from] Stealth Rock\n|-ability|p1a: Zacian|Intrepid Sword|boost\n|-boost|p1a: Zacian|atk|1\n|move|p2a: Lugia|Substitute|p2a: Lugia\n|-start|p2a: Lugia|Substitute\n|-damage|p2a: Lugia|76\/100\n|\n|-heal|p2a: Lugia|82\/100|[from] item: Leftovers\n|-damage|p1a: Zacian|2\/100 brn|[from] brn\n|upkeep\n|turn|56\n|\n|move|p1a: Zacian|Play Rough|p2a: Lugia\n|-activate|p2a: Lugia|move: Substitute|[damage]\n|move|p2a: Lugia|Roost|p2a: Lugia\n|-heal|p2a: Lugia|100\/100\n|-singleturn|p2a: Lugia|move: Roost\n|\n|-damage|p1a: Zacian|0 fnt|[from] brn\n|faint|p1a: Zacian\n|upkeep\n|\n|switch|p1a: Ditto|Ditto|51\/100 tox\n|-damage|p1a: Ditto|39\/100 tox|[from] Stealth Rock\n|turn|57\n|\n|move|p1a: Ditto|Transform||[still]\n|-fail|p1a: Ditto\n|move|p2a: Lugia|Whirlwind|p1a: Ditto\n|drag|p1a: Rayquaza|Rayquaza-Mega|76\/100\n|-damage|p1a: Rayquaza|51\/100|[from] Stealth Rock\n|-weather|DeltaStream|[from] ability: Delta Stream|[of] p1a: Rayquaza\n|\n|-weather|DeltaStream|[upkeep]\n|upkeep\n|turn|58\n|\n|move|p1a: Rayquaza|Dragon Ascent|p2a: Lugia\n|-end|p2a: Lugia|Substitute\n|-unboost|p1a: Rayquaza|def|1\n|-unboost|p1a: Rayquaza|spd|1\n|move|p2a: Lugia|Toxic|p1a: Rayquaza\n|-status|p1a: Rayquaza|tox\n|\n|-weather|DeltaStream|[upkeep]\n|-damage|p1a: Rayquaza|45\/100 tox|[from] psn\n|upkeep\n|turn|59\n|\n|move|p1a: Rayquaza|Dragon Ascent|p2a: Lugia\n|-damage|p2a: Lugia|76\/100\n|-unboost|p1a: Rayquaza|def|1\n|-unboost|p1a: Rayquaza|spd|1\n|move|p2a: Lugia|Substitute|p2a: Lugia\n|-start|p2a: Lugia|Substitute\n|-damage|p2a: Lugia|52\/100\n|\n|-weather|DeltaStream|[upkeep]\n|-heal|p2a: Lugia|58\/100|[from] item: Leftovers\n|-damage|p1a: Rayquaza|33\/100 tox|[from] psn\n|upkeep\n|turn|60\n|\n|move|p1a: Rayquaza|Dragon Ascent|p2a: Lugia\n|-end|p2a: Lugia|Substitute\n|-unboost|p1a: Rayquaza|def|1\n|-unboost|p1a: Rayquaza|spd|1\n|move|p2a: Lugia|Roost|p2a: Lugia\n|-heal|p2a: Lugia|100\/100\n|-singleturn|p2a: Lugia|move: Roost\n|\n|-weather|DeltaStream|[upkeep]\n|-damage|p1a: Rayquaza|15\/100 tox|[from] psn\n|upkeep\n|turn|61\n|\n|move|p1a: Rayquaza|Dragon Ascent|p2a: Lugia\n|-crit|p2a: Lugia\n|-damage|p2a: Lugia|66\/100\n|-unboost|p1a: Rayquaza|def|1\n|-unboost|p1a: Rayquaza|spd|1\n|move|p2a: Lugia|Substitute|p2a: Lugia\n|-start|p2a: Lugia|Substitute\n|-damage|p2a: Lugia|41\/100\n|\n|-weather|DeltaStream|[upkeep]\n|-heal|p2a: Lugia|47\/100|[from] item: Leftovers\n|-damage|p1a: Rayquaza|0 fnt|[from] psn\n|faint|p1a: Rayquaza\n|-weather|none\n|upkeep\n|\n|switch|p1a: Ditto|Ditto|39\/100 tox\n|-damage|p1a: Ditto|27\/100 tox|[from] Stealth Rock\n|turn|62\n|c|\u2606yhdrslb|gg\n|-message|grafzeppelin0626 forfeited.\n|\n|win|yhdrslb\n|l|\u2606grafzeppelin0626\n|l|\u2606yhdrslb\n|raw|grafzeppelin0626's rating: 1514 &rarr; <strong>1488<\/strong><br \/>(-26 for losing)\n|raw|yhdrslb's rating: 1411 &rarr; <strong>1437<\/strong><br \/>(+26 for winning)\n","uploadtime":1582522859,"views":1,"p1id":"grafzeppelin0626","p2id":"yhdrslb","formatid":"gen8nationaldexag","rating":1437,"private":0,"password":null}