{"id":"gen8doublesou-1159185253","p1":"Pope Faith","p2":"x+skelly=34","format":"gen8doublesou","log":"|j|\u2606Pope Faith\n|j|\u2606x+skelly=34\n|t:|1595952016\n|player|p1|Pope Faith|burglar|\n|player|p2|x+skelly=34|preschoolers|\n|teamsize|p1|6\n|teamsize|p2|6\n|gametype|doubles\n|gen|8\n|tier|[Gen 8] Doubles OU\n|clearpoke\n|poke|p1|Politoed, M|\n|poke|p1|Urshifu-*, F|\n|poke|p1|Togekiss, M|\n|poke|p1|Scizor, M|\n|poke|p1|Rillaboom, M|\n|poke|p1|Kingdra, F|\n|poke|p2|Dracovish|\n|poke|p2|Urshifu-*, M|\n|poke|p2|Tsareena, F|\n|poke|p2|Weezing-Galar, M|\n|poke|p2|Gothitelle, M|\n|poke|p2|Volcarona, F|\n|rule|Species Clause: Limit one of each Pok\u00e9mon\n|rule|OHKO Clause: OHKO moves are banned\n|rule|Evasion Moves Clause: Evasion moves are banned\n|rule|Gravity Sleep Clause: The combination of sleep-inducing moves with imperfect accuracy and Gravity or Gigantamax Orbeetle are banned\n|rule|Endless Battle Clause: Forcing endless battles is banned\n|rule|HP Percentage Mod: HP is shown in percentages\n|rule|Dynamax Clause: You cannot dynamax\n|teampreview\n|c|\u2606Pope Faith|glhf skelly\n|c|\u2606x+skelly=34|hf\n|j| Saint Surfy\n|\n|t:|1595952060\n|start\n|switch|p1a: Rillaboom|Rillaboom, M|100\/100\n|switch|p1b: Scizor|Scizor, M|100\/100\n|switch|p2a: Gothitelle|Gothitelle, M|100\/100\n|switch|p2b: Urshifu|Urshifu, M|100\/100\n|-fieldstart|move: Grassy Terrain|[from] ability: Grassy Surge|[of] p1a: Rillaboom\n|turn|1\n|\n|t:|1595952076\n|switch|p2a: Volcarona|Volcarona, F|100\/100\n|move|p1a: Rillaboom|Fake Out|p2b: Urshifu\n|-damage|p2b: Urshifu|90\/100\n|cant|p2b: Urshifu|flinch\n|move|p1b: Scizor|U-turn|p2a: Volcarona\n|-resisted|p2a: Volcarona\n|-damage|p2a: Volcarona|51\/100\n|-status|p1b: Scizor|brn|[from] ability: Flame Body|[of] p2a: Volcarona\n|\n|t:|1595952101\n|switch|p1b: Politoed|Politoed, M|100\/100|[from]move: U-turn\n|-weather|RainDance|[from] ability: Drizzle|[of] p1b: Politoed\n|\n|-weather|RainDance|[upkeep]\n|-heal|p2a: Volcarona|57\/100|[from] Grassy Terrain\n|-heal|p2b: Urshifu|96\/100|[from] Grassy Terrain\n|upkeep\n|turn|2\n|\n|t:|1595952114\n|switch|p2a: Tsareena|Tsareena, F|100\/100\n|move|p1b: Politoed|Protect|p1b: Politoed\n|-singleturn|p1b: Politoed|Protect\n|move|p2b: Urshifu|Wicked Blow|p1b: Politoed\n|-crit|p1b: Politoed\n|-damage|p1b: Politoed|5\/100\n|-enditem|p1b: Politoed|Sitrus Berry|[eat]\n|-heal|p1b: Politoed|30\/100|[from] item: Sitrus Berry\n|move|p1a: Rillaboom|U-turn|p2b: Urshifu\n|-damage|p2b: Urshifu|76\/100\n|\n|t:|1595952125\n|switch|p1a: Urshifu|Urshifu, F|100\/100|[from]move: U-turn\n|\n|-weather|RainDance|[upkeep]\n|-heal|p2b: Urshifu|82\/100|[from] Grassy Terrain\n|-heal|p1b: Politoed|36\/100|[from] Grassy Terrain\n|upkeep\n|turn|3\n|\n|t:|1595952141\n|switch|p2b: Weezing|Weezing-Galar, M|100\/100\n|-fieldstart|move: Misty Terrain|[from] ability: Misty Surge|[of] p2b: Weezing\n|switch|p1b: Scizor|Scizor, M|100\/100 brn\n|move|p1a: Urshifu|Close Combat|p2b: Weezing\n|-resisted|p2b: Weezing\n|-damage|p2b: Weezing|81\/100\n|-unboost|p1a: Urshifu|def|1\n|-unboost|p1a: Urshifu|spd|1\n|move|p2a: Tsareena|U-turn|p1a: Urshifu\n|-damage|p1a: Urshifu|64\/100\n|\n|t:|1595952152\n|switch|p2a: Dracovish|Dracovish|100\/100|[from]move: U-turn\n|\n|-weather|RainDance|[upkeep]\n|-damage|p1b: Scizor|94\/100 brn|[from] brn\n|upkeep\n|turn|4\n|\n|t:|1595952181\n|switch|p1a: Rillaboom|Rillaboom, M|100\/100\n|-fieldstart|move: Grassy Terrain|[from] ability: Grassy Surge|[of] p1a: Rillaboom\n|move|p2a: Dracovish|Fishious Rend|p1a: Rillaboom\n|-resisted|p1a: Rillaboom\n|-crit|p1a: Rillaboom\n|-damage|p1a: Rillaboom|2\/100\n|move|p1b: Scizor|U-turn|p2a: Dracovish\n|-damage|p2a: Dracovish|67\/100\n|\n|t:|1595952198\n|switch|p1b: Kingdra|Kingdra, F|100\/100|[from]move: U-turn\n|move|p2b: Weezing|Swagger|p2a: Dracovish\n|-boost|p2a: Dracovish|atk|2\n|-start|p2a: Dracovish|confusion\n|\n|-weather|RainDance|[upkeep]\n|-heal|p2a: Dracovish|73\/100|[from] Grassy Terrain\n|-heal|p1a: Rillaboom|8\/100|[from] Grassy Terrain\n|-heal|p2b: Weezing|87\/100|[from] Grassy Terrain\n|upkeep\n|turn|5\n|\n|t:|1595952217\n|switch|p2a: Tsareena|Tsareena, F|100\/100\n|move|p1a: Rillaboom|Fake Out||[still]\n|cant|p2a: Tsareena|ability: Queenly Majesty|Fake Out|[of] p1a: Rillaboom\n|move|p1b: Kingdra|Draco Meteor|p2a: Tsareena|[miss]\n|-miss|p1b: Kingdra|p2a: Tsareena\n|move|p2b: Weezing|Dazzling Gleam|p1b: Kingdra|[spread] p1a,p1b\n|-supereffective|p1b: Kingdra\n|-damage|p1a: Rillaboom|0 fnt\n|-damage|p1b: Kingdra|55\/100\n|faint|p1a: Rillaboom\n|\n|-weather|none\n|-heal|p1b: Kingdra|61\/100|[from] Grassy Terrain\n|-heal|p2b: Weezing|93\/100|[from] Grassy Terrain\n|upkeep\n|\n|t:|1595952232\n|switch|p1a: Togekiss|Togekiss, M|100\/100\n|turn|6\n|\n|t:|1595952243\n|switch|p1b: Politoed|Politoed, M|36\/100\n|-weather|RainDance|[from] ability: Drizzle|[of] p1b: Politoed\n|switch|p2a: Gothitelle|Gothitelle, M|100\/100\n|move|p1a: Togekiss|Tailwind|p1a: Togekiss\n|-sidestart|p1: Pope Faith|move: Tailwind\n|move|p2b: Weezing|Sludge Bomb|p1a: Togekiss\n|-supereffective|p1a: Togekiss\n|-damage|p1a: Togekiss|59\/100\n|\n|-weather|RainDance|[upkeep]\n|-heal|p1b: Politoed|43\/100|[from] Grassy Terrain\n|-heal|p2b: Weezing|99\/100|[from] Grassy Terrain\n|upkeep\n|turn|7\n|\n|t:|1595952259\n|move|p2a: Gothitelle|Fake Out|p1a: Togekiss\n|-damage|p1a: Togekiss|54\/100\n|cant|p1a: Togekiss|flinch\n|move|p1b: Politoed|Icy Wind|p2a: Gothitelle|[spread] p2a,p2b\n|-damage|p2a: Gothitelle|94\/100\n|-damage|p2b: Weezing|91\/100\n|-unboost|p2a: Gothitelle|spe|1\n|-unboost|p2b: Weezing|spe|1\n|move|p2b: Weezing|Sludge Bomb|p1a: Togekiss\n|-supereffective|p1a: Togekiss\n|-damage|p1a: Togekiss|13\/100\n|-enditem|p1a: Togekiss|Sitrus Berry|[eat]\n|-heal|p1a: Togekiss|37\/100|[from] item: Sitrus Berry\n|\n|-weather|RainDance|[upkeep]\n|-heal|p1b: Politoed|49\/100|[from] Grassy Terrain\n|-heal|p2a: Gothitelle|99\/100|[from] Grassy Terrain\n|-heal|p2b: Weezing|97\/100|[from] Grassy Terrain\n|upkeep\n|turn|8\n|\n|t:|1595952280\n|move|p1a: Togekiss|Air Slash|p2b: Weezing\n|-damage|p2b: Weezing|69\/100\n|move|p1b: Politoed|Scald|p2a: Gothitelle\n|-damage|p2a: Gothitelle|72\/100\n|move|p2a: Gothitelle|Psychic|p1a: Togekiss\n|-damage|p1a: Togekiss|12\/100\n|cant|p2b: Weezing|flinch\n|\n|-weather|RainDance|[upkeep]\n|-heal|p1b: Politoed|55\/100|[from] Grassy Terrain\n|-heal|p2a: Gothitelle|78\/100|[from] Grassy Terrain\n|-heal|p2b: Weezing|75\/100|[from] Grassy Terrain\n|-fieldend|move: Grassy Terrain\n|upkeep\n|turn|9\n|\n|t:|1595952309\n|move|p1b: Politoed|Protect|p1b: Politoed\n|-singleturn|p1b: Politoed|Protect\n|move|p1a: Togekiss|Air Slash|p2b: Weezing\n|-damage|p2b: Weezing|49\/100\n|-enditem|p2b: Weezing|Sitrus Berry|[eat]\n|-heal|p2b: Weezing|74\/100|[from] item: Sitrus Berry\n|move|p2a: Gothitelle|Psychic|p1a: Togekiss\n|-damage|p1a: Togekiss|0 fnt\n|faint|p1a: Togekiss\n|cant|p2b: Weezing|flinch\n|\n|-weather|RainDance|[upkeep]\n|-sideend|p1: Pope Faith|move: Tailwind\n|upkeep\n|\n|t:|1595952323\n|switch|p1a: Urshifu|Urshifu, F|64\/100\n|turn|10\n|\n|t:|1595952339\n|switch|p2a: Volcarona|Volcarona, F|57\/100\n|move|p1b: Politoed|Helping Hand|p1a: Urshifu\n|-singleturn|p1a: Urshifu|Helping Hand|[of] p1b: Politoed\n|move|p1a: Urshifu|Wicked Blow|p2a: Volcarona\n|-crit|p2a: Volcarona\n|-damage|p2a: Volcarona|0 fnt\n|faint|p2a: Volcarona\n|move|p2b: Weezing|Dazzling Gleam|p1a: Urshifu|[spread] p1a,p1b\n|-supereffective|p1a: Urshifu\n|-crit|p1b: Politoed\n|-damage|p1a: Urshifu|0 fnt\n|-damage|p1b: Politoed|36\/100\n|faint|p1a: Urshifu\n|\n|-weather|none\n|upkeep\n|\n|t:|1595952351\n|switch|p2a: Dracovish|Dracovish|73\/100\n|switch|p1a: Kingdra|Kingdra, F|61\/100\n|turn|11\n|\n|t:|1595952369\n|switch|p2a: Tsareena|Tsareena, F|100\/100\n|switch|p1b: Scizor|Scizor, M|94\/100 brn\n|move|p1a: Kingdra|Protect|p1a: Kingdra\n|-singleturn|p1a: Kingdra|Protect\n|move|p2b: Weezing|Dazzling Gleam|p1b: Scizor|[spread] p1b\n|-activate|p1a: Kingdra|move: Protect\n|-resisted|p1b: Scizor\n|-damage|p1b: Scizor|81\/100 brn\n|\n|-damage|p1b: Scizor|75\/100 brn|[from] brn\n|upkeep\n|turn|12\n|\n|t:|1595952388\n|move|p1b: Scizor|Bullet Punch||[still]\n|cant|p2a: Tsareena|ability: Queenly Majesty|Bullet Punch|[of] p1b: Scizor\n|move|p1a: Kingdra|Hurricane|p2a: Tsareena\n|-supereffective|p2a: Tsareena\n|-damage|p2a: Tsareena|46\/100\n|-damage|p1a: Kingdra|51\/100|[from] item: Life Orb\n|move|p2a: Tsareena|Power Whip|p1a: Kingdra\n|-damage|p1a: Kingdra|0 fnt\n|faint|p1a: Kingdra\n|move|p2b: Weezing|Sludge Bomb|p1b: Scizor\n|-immune|p1b: Scizor\n|\n|-damage|p1b: Scizor|69\/100 brn|[from] brn\n|upkeep\n|\n|t:|1595952396\n|switch|p1a: Politoed|Politoed, M|36\/100\n|-weather|RainDance|[from] ability: Drizzle|[of] p1a: Politoed\n|turn|13\n|\n|t:|1595952403\n|move|p1b: Scizor|Bullet Punch||[still]\n|cant|p2a: Tsareena|ability: Queenly Majesty|Bullet Punch|[of] p1b: Scizor\n|move|p2a: Tsareena|Power Whip|p1a: Politoed\n|-supereffective|p1a: Politoed\n|-damage|p1a: Politoed|0 fnt\n|faint|p1a: Politoed\n|move|p2b: Weezing|Sludge Bomb|p1b: Scizor\n|-immune|p1b: Scizor\n|\n|-weather|RainDance|[upkeep]\n|-damage|p1b: Scizor|63\/100 brn|[from] brn\n|upkeep\n|turn|14\n|c|\u2606Pope Faith|gg\n|c|\u2606x+skelly=34|gg\n|\n|t:|1595952410\n|move|p1b: Scizor|Bullet Punch||[still]\n|cant|p2a: Tsareena|ability: Queenly Majesty|Bullet Punch|[of] p1b: Scizor\n|move|p2a: Tsareena|High Jump Kick|p1b: Scizor\n|-damage|p1b: Scizor|9\/100 brn\n|move|p2b: Weezing|Dazzling Gleam|p1b: Scizor\n|-resisted|p1b: Scizor\n|-damage|p1b: Scizor|0 fnt\n|faint|p1b: Scizor\n|\n|win|x+skelly=34\n|l|\u2606Pope Faith\n|l|\u2606x+skelly=34\n|j|\u2606Pope Faith\n|player|p1|Pope Faith|burglar\n","uploadtime":1595952416,"views":6,"p1id":"popefaith","p2id":"xskelly34","formatid":"gen8doublesou","rating":0,"private":0,"password":null}