{"id":"gen8nationaldexag-1706975884","p1":"baller2022","p2":"the maraculous","format":"gen8nationaldexag","log":"|j|\u2606baller2022\n|j|\u2606the maraculous\n|t:|1668038075\n|gametype|singles\n|player|p1|baller2022|blue|1452\n|player|p2|the maraculous|dragontamer|1479\n|teamsize|p1|6\n|teamsize|p2|6\n|gen|8\n|tier|[Gen 8] National Dex AG\n|rated|\n|rule|HP Percentage Mod: HP is shown in percentages\n|rule|Endless Battle Clause: Forcing endless battles is banned\n|clearpoke\n|poke|p1|Beedrill, F|\n|poke|p1|Kyogre|\n|poke|p1|Arceus-*|\n|poke|p1|Yveltal|\n|poke|p1|Hoopa-Unbound|\n|poke|p1|Quagsire, F|\n|poke|p2|Zacian-*|\n|poke|p2|Xerneas-*|\n|poke|p2|Cinderace, F|\n|poke|p2|Landorus-Therian, M|\n|poke|p2|Shaymin-Sky|\n|poke|p2|Calyrex-Shadow|\n|teampreview\n|inactive|Battle timer is ON: inactive players will automatically lose when time's up. (requested by baller2022)\n|\n|t:|1668038089\n|start\n|switch|p1a: da be|Beedrill, F|100\/100\n|switch|p2a: Landorus|Landorus-Therian, M|100\/100\n|-ability|p2a: Landorus|Intimidate|boost\n|-unboost|p1a: da be|atk|1\n|turn|1\n|\n|t:|1668038096\n|detailschange|p1a: da be|Beedrill-Mega, F\n|-mega|p1a: da be|Beedrill|Beedrillite\n|move|p2a: Landorus|Earthquake|p1a: da be\n|-damage|p1a: da be|0 fnt\n|faint|p1a: da be\n|\n|upkeep\n|\n|t:|1668038102\n|switch|p1a: Yveltal|Yveltal|100\/100\n|-ability|p1a: Yveltal|Dark Aura\n|turn|2\n|\n|t:|1668038113\n|switch|p2a: Zacian|Zacian-Crowned|100\/100\n|-ability|p2a: Zacian|Intrepid Sword|boost\n|-boost|p2a: Zacian|atk|1\n|move|p1a: Yveltal|Dark Pulse|p2a: Zacian\n|-resisted|p2a: Zacian\n|-damage|p2a: Zacian|70\/100\n|\n|upkeep\n|turn|3\n|j| Jureg2\n|\n|t:|1668038120\n|switch|p1a: The Quaginator|Quagsire, F|100\/100\n|move|p2a: Zacian|Substitute|p2a: Zacian\n|-start|p2a: Zacian|Substitute\n|-damage|p2a: Zacian|45\/100\n|\n|upkeep\n|turn|4\n|\n|t:|1668038131\n|move|p2a: Zacian|Play Rough|p1a: The Quaginator\n|-damage|p1a: The Quaginator|60\/100\n|-damage|p2a: Zacian|28\/100|[from] item: Rocky Helmet|[of] p1a: The Quaginator\n|move|p1a: The Quaginator|Earthquake|p2a: Zacian\n|-supereffective|p2a: Zacian\n|-end|p2a: Zacian|Substitute\n|\n|upkeep\n|turn|5\n|\n|t:|1668038150\n|switch|p2a: Shaymin|Shaymin-Sky|100\/100\n|move|p1a: The Quaginator|Recover|p1a: The Quaginator\n|-heal|p1a: The Quaginator|100\/100\n|\n|upkeep\n|turn|6\n|\n|t:|1668038159\n|switch|p1a: Yveltal|Yveltal|100\/100\n|-ability|p1a: Yveltal|Dark Aura\n|move|p2a: Shaymin|Seed Flare|p1a: Yveltal\n|-resisted|p1a: Yveltal\n|-damage|p1a: Yveltal|77\/100\n|\n|upkeep\n|turn|7\n|\n|t:|1668038166\n|move|p2a: Shaymin|Seed Flare|p1a: Yveltal|[miss]\n|-miss|p2a: Shaymin|p1a: Yveltal\n|-enditem|p2a: Shaymin|Blunder Policy\n|-boost|p2a: Shaymin|spe|2\n|move|p1a: Yveltal|Oblivion Wing|p2a: Shaymin\n|-supereffective|p2a: Shaymin\n|-damage|p2a: Shaymin|0 fnt\n|-heal|p1a: Yveltal|100\/100|[from] drain|[of] p2a: Shaymin\n|faint|p2a: Shaymin\n|\n|upkeep\n|\n|t:|1668038180\n|switch|p2a: Cinderace|Cinderace, F|100\/100\n|turn|8\n|\n|t:|1668038194\n|move|p2a: Cinderace|High Jump Kick|p1a: Yveltal\n|-start|p2a: Cinderace|typechange|Fighting|[from] ability: Libero\n|-damage|p1a: Yveltal|52\/100\n|move|p1a: Yveltal|U-turn|p2a: Cinderace\n|-resisted|p2a: Cinderace\n|-damage|p2a: Cinderace|88\/100\n|\n|t:|1668038201\n|switch|p1a: Arceus|Arceus-Ground|100\/100|[from]move: U-turn\n|\n|upkeep\n|turn|9\n|\n|t:|1668038209\n|move|p2a: Cinderace|Bulk Up|p2a: Cinderace\n|-boost|p2a: Cinderace|atk|1\n|-boost|p2a: Cinderace|def|1\n|move|p1a: Arceus|Toxic|p2a: Cinderace|[miss]\n|-miss|p1a: Arceus|p2a: Cinderace\n|\n|upkeep\n|turn|10\n|l| Jureg2\n|\n|t:|1668038217\n|move|p2a: Cinderace|Pyro Ball|p1a: Arceus\n|-start|p2a: Cinderace|typechange|Fire|[from] ability: Libero\n|-damage|p1a: Arceus|48\/100\n|move|p1a: Arceus|Judgment|p2a: Cinderace\n|-supereffective|p2a: Cinderace\n|-damage|p2a: Cinderace|0 fnt\n|faint|p2a: Cinderace\n|\n|upkeep\n|\n|t:|1668038229\n|switch|p2a: Calyrex|Calyrex-Shadow|100\/100\n|-ability|p2a: Calyrex|As One\n|-ability|p2a: Calyrex|Unnerve\n|turn|11\n|\n|t:|1668038233\n|move|p2a: Calyrex|Astral Barrage|p1a: Arceus\n|-damage|p1a: Arceus|6\/100\n|move|p1a: Arceus|Judgment|p2a: Calyrex\n|-damage|p2a: Calyrex|55\/100\n|\n|upkeep\n|turn|12\n|\n|t:|1668038243\n|-start|p2a: Calyrex|Dynamax|\n|-heal|p2a: Calyrex|55\/100|[silent]\n|move|p2a: Calyrex|Max Mindstorm|p1a: Arceus\n|-damage|p1a: Arceus|0 fnt\n|-fieldstart|move: Psychic Terrain\n|faint|p1a: Arceus\n|-ability|p2a: Calyrex|Grim Neigh|boost\n|-boost|p2a: Calyrex|spa|1\n|\n|upkeep\n|\n|t:|1668038245\n|switch|p1a: Yveltal|Yveltal|52\/100\n|-ability|p1a: Yveltal|Dark Aura\n|turn|13\n|\n|t:|1668038250\n|-start|p1a: Yveltal|Dynamax|\n|-heal|p1a: Yveltal|52\/100|[silent]\n|move|p2a: Calyrex|Max Starfall|p1a: Yveltal\n|-supereffective|p1a: Yveltal\n|-damage|p1a: Yveltal|1\/100\n|-fieldstart|move: Misty Terrain\n|move|p1a: Yveltal|Max Darkness|p2a: Calyrex\n|-supereffective|p2a: Calyrex\n|-damage|p2a: Calyrex|0 fnt\n|faint|p2a: Calyrex\n|\n|upkeep\n|\n|t:|1668038266\n|switch|p2a: Landorus|Landorus-Therian, M|100\/100\n|-ability|p2a: Landorus|Intimidate|boost\n|-unboost|p1a: Yveltal|atk|1\n|turn|14\n|\n|t:|1668038278\n|move|p1a: Yveltal|Max Guard|p1a: Yveltal\n|-singleturn|p1a: Yveltal|Max Guard\n|move|p2a: Landorus|U-turn|p1a: Yveltal\n|-activate|p1a: Yveltal|move: Max Guard\n|\n|upkeep\n|turn|15\n|\n|t:|1668038282\n|move|p2a: Landorus|U-turn|p1a: Yveltal\n|-damage|p1a: Yveltal|0 fnt\n|faint|p1a: Yveltal\n|\n|t:|1668038295\n|switch|p2a: Xerneas|Xerneas|100\/100|[from]move: U-turn\n|-ability|p2a: Xerneas|Fairy Aura\n|\n|upkeep\n|\n|t:|1668038302\n|switch|p1a: yoger|Kyogre|100\/100\n|-weather|RainDance|[from] ability: Drizzle|[of] p1a: yoger\n|turn|16\n|\n|t:|1668038307\n|move|p1a: yoger|Water Spout|p2a: Xerneas\n|-damage|p2a: Xerneas|6\/100\n|move|p2a: Xerneas|Geomancy||[still]\n|-prepare|p2a: Xerneas|Geomancy\n|-enditem|p2a: Xerneas|Power Herb\n|-anim|p2a: Xerneas|Geomancy|p2a: Xerneas\n|-boost|p2a: Xerneas|spa|2\n|-boost|p2a: Xerneas|spd|2\n|-boost|p2a: Xerneas|spe|2\n|\n|-weather|RainDance|[upkeep]\n|upkeep\n|turn|17\n|\n|t:|1668038315\n|move|p2a: Xerneas|Moonblast|p1a: yoger\n|-damage|p1a: yoger|5\/100\n|move|p1a: yoger|Water Spout|p2a: Xerneas\n|-damage|p2a: Xerneas|3\/100\n|\n|-weather|RainDance|[upkeep]\n|-fieldend|Misty Terrain\n|upkeep\n|turn|18\n|\n|t:|1668038323\n|move|p2a: Xerneas|Moonblast|p1a: yoger\n|-damage|p1a: yoger|0 fnt\n|faint|p1a: yoger\n|\n|-weather|RainDance|[upkeep]\n|upkeep\n|\n|t:|1668038330\n|switch|p1a: The Quaginator|Quagsire, F|100\/100\n|turn|19\n|\n|t:|1668038337\n|move|p2a: Xerneas|Moonblast|p1a: The Quaginator\n|-damage|p1a: The Quaginator|18\/100\n|move|p1a: The Quaginator|Haze|p1a: The Quaginator\n|-clearallboost\n|\n|-weather|RainDance|[upkeep]\n|upkeep\n|turn|20\n|\n|t:|1668038343\n|move|p2a: Xerneas|Moonblast|p1a: The Quaginator\n|-damage|p1a: The Quaginator|0 fnt\n|faint|p1a: The Quaginator\n|\n|-weather|none\n|upkeep\n|\n|t:|1668038345\n|switch|p1a: Hoopa|Hoopa-Unbound|100\/100\n|turn|21\n|\n|t:|1668038350\n|move|p1a: Hoopa|Drain Punch|p2a: Xerneas\n|-resisted|p2a: Xerneas\n|-damage|p2a: Xerneas|0 fnt\n|faint|p2a: Xerneas\n|\n|upkeep\n|\n|t:|1668038360\n|switch|p2a: Landorus|Landorus-Therian, M|100\/100\n|-ability|p2a: Landorus|Intimidate|boost\n|-unboost|p1a: Hoopa|atk|1\n|turn|22\n|\n|t:|1668038368\n|move|p2a: Landorus|U-turn|p1a: Hoopa\n|-supereffective|p1a: Hoopa\n|-damage|p1a: Hoopa|0 fnt\n|faint|p1a: Hoopa\n|\n|win|the maraculous\n|raw|baller2022's rating: 1452 &rarr; <strong>1434<\/strong><br \/>(-18 for losing)\n|raw|the maraculous's rating: 1479 &rarr; <strong>1497<\/strong><br \/>(+18 for winning)\n|l|\u2606baller2022\n","uploadtime":1668038373,"views":2,"p1id":"baller2022","p2id":"themaraculous","formatid":"gen8nationaldexag","rating":1434,"private":0,"password":null}