{"id":"gen8anythinggoes-1459685684","p1":"Overthrive","p2":"Flashybee","format":"gen8anythinggoes","log":"|j|\u2606Overthrive\n|j|\u2606Flashybee\n|t:|1637693772\n|gametype|singles\n|player|p1|Overthrive|ingo|1375\n|player|p2|Flashybee|2|1440\n|teamsize|p1|6\n|teamsize|p2|6\n|gen|8\n|tier|[Gen 8] Anything Goes\n|rated|\n|rule|HP Percentage Mod: HP is shown in percentages\n|rule|Endless Battle Clause: Forcing endless battles is banned\n|clearpoke\n|poke|p1|Excadrill, M|\n|poke|p1|Marshadow|\n|poke|p1|Cinderace, M|\n|poke|p1|Meowstic, M|\n|poke|p1|Pheromosa|\n|poke|p1|Garchomp, M|\n|poke|p2|Kyogre|\n|poke|p2|Kyogre|\n|poke|p2|Zacian-*|\n|poke|p2|Zacian-*|\n|poke|p2|Excadrill, M|\n|poke|p2|Calyrex-Shadow|\n|teampreview\n|c|\u2606Overthrive|Oh\n|c|\u2606Flashybee|oh\n|\n|t:|1637693782\n|start\n|switch|p1a: Exter|Excadrill, M|100\/100\n|switch|p2a: Excadrill|Excadrill, M|100\/100\n|-ability|p1a: Exter|Mold Breaker\n|-ability|p2a: Excadrill|Mold Breaker\n|turn|1\n|c|\u2606Overthrive|Glhf i guess\n|c|\u2606Flashybee|u2\n|c|\u2606Overthrive|Alr\n|c|\u2606Overthrive|Ty\n|\n|t:|1637693797\n|move|p2a: Excadrill|Earthquake|p1a: Exter\n|-supereffective|p1a: Exter\n|-enditem|p1a: Exter|Focus Sash\n|-damage|p1a: Exter|1\/100\n|move|p1a: Exter|Stealth Rock|p2a: Excadrill\n|-sidestart|p2: Flashybee|move: Stealth Rock\n|\n|upkeep\n|turn|2\n|\n|t:|1637693804\n|move|p2a: Excadrill|Rapid Spin|p1a: Exter\n|-resisted|p1a: Exter\n|-damage|p1a: Exter|0 fnt\n|-boost|p2a: Excadrill|spe|1\n|-sideend|p2: Flashybee|Stealth Rock|[from] move: Rapid Spin|[of] p2a: Excadrill\n|faint|p1a: Exter\n|\n|upkeep\n|\n|t:|1637693810\n|switch|p1a: SportScorch|Cinderace, M|100\/100\n|turn|3\n|\n|t:|1637693814\n|-start|p1a: SportScorch|Dynamax\n|-formechange|p1a: SportScorch|Cinderace-Gmax\n|-heal|p1a: SportScorch|100\/100|[silent]\n|move|p2a: Excadrill|Earthquake|p1a: SportScorch\n|-supereffective|p1a: SportScorch\n|-damage|p1a: SportScorch|18\/100\n|move|p1a: SportScorch|Max Airstream|p2a: Excadrill\n|-start|p1a: SportScorch|typechange|Flying|[from] ability: Libero\n|-resisted|p2a: Excadrill\n|-damage|p2a: Excadrill|58\/100\n|-boost|p1a: SportScorch|spe|1\n|\n|upkeep\n|turn|4\n|\n|t:|1637693827\n|switch|p2a: Kyogre|Kyogre|100\/100\n|-weather|RainDance|[from] ability: Drizzle|[of] p2a: Kyogre\n|move|p1a: SportScorch|Max Knuckle|p2a: Kyogre\n|-start|p1a: SportScorch|typechange|Fighting|[from] ability: Libero\n|-damage|p2a: Kyogre|49\/100\n|-boost|p1a: SportScorch|atk|1\n|\n|-weather|RainDance|[upkeep]\n|-heal|p2a: Kyogre|55\/100|[from] item: Leftovers\n|upkeep\n|turn|5\n|\n|t:|1637693841\n|move|p1a: SportScorch|Max Knuckle|p2a: Kyogre\n|-damage|p2a: Kyogre|0 fnt\n|-boost|p1a: SportScorch|atk|1\n|faint|p2a: Kyogre\n|\n|-weather|RainDance|[upkeep]\n|-end|p1a: SportScorch|Dynamax\n|-formechange|p1a: SportScorch|Cinderace\n|-heal|p1a: SportScorch|18\/100|[silent]\n|upkeep\n|\n|t:|1637693849\n|switch|p2a: Zacian|Zacian-Crowned|100\/100\n|-ability|p2a: Zacian|Intrepid Sword|boost\n|-boost|p2a: Zacian|atk|1\n|turn|6\n|\n|t:|1637693854\n|move|p1a: SportScorch|High Jump Kick|p2a: Zacian\n|-damage|p2a: Zacian|0 fnt\n|faint|p2a: Zacian\n|\n|-weather|RainDance|[upkeep]\n|upkeep\n|c|\u2606Flashybee|woah\n|\n|t:|1637693871\n|switch|p2a: Calyrex|Calyrex-Shadow|100\/100\n|-ability|p2a: Calyrex|As One\n|-ability|p2a: Calyrex|Unnerve\n|turn|7\n|c|\u2606Overthrive|What\n|c|\u2606Flashybee|didnt know that was so strong\n|\n|t:|1637693883\n|-start|p2a: Calyrex|Dynamax\n|-heal|p2a: Calyrex|100\/100|[silent]\n|move|p1a: SportScorch|Sucker Punch|p2a: Calyrex\n|-start|p1a: SportScorch|typechange|Dark|[from] ability: Libero\n|-supereffective|p2a: Calyrex\n|-damage|p2a: Calyrex|0 fnt\n|faint|p2a: Calyrex\n|\n|-weather|RainDance|[upkeep]\n|upkeep\n|c|\u2606Overthrive|E\n|c|\u2606Flashybee|E\n|\n|t:|1637693892\n|switch|p2a: Kyogre|Kyogre|100\/100\n|turn|8\n|\n|t:|1637693896\n|move|p1a: SportScorch|High Jump Kick|p2a: Kyogre\n|-start|p1a: SportScorch|typechange|Fighting|[from] ability: Libero\n|-damage|p2a: Kyogre|0 fnt\n|faint|p2a: Kyogre\n|\n|-weather|none\n|upkeep\n|c|\u2606Flashybee|gg\n|-message|Flashybee forfeited.\n|\n|win|Overthrive\n|raw|Overthrive's rating: 1375 &rarr; <strong>1399<\/strong><br \/>(+24 for winning)\n|raw|Flashybee's rating: 1440 &rarr; <strong>1416<\/strong><br \/>(-24 for losing)\n|l|\u2606Flashybee\n|c|\u2606Overthrive|Gg\n||Ladder isn't responding, score probably updated but might not have (Request timeout).\n","uploadtime":1637693908,"views":16,"p1id":"overthrive","p2id":"flashybee","formatid":"gen8anythinggoes","rating":1399,"private":0,"password":null}