{"id":"gen8ou-1534185825","p1":"BRIFYE","p2":"SmogCino","format":"gen8ou","log":"|j|\u2606BRIFYE\n|j|\u2606SmogCino\n|t:|1647711506\n|gametype|singles\n|player|p1|BRIFYE|102|1471\n|player|p2|SmogCino|101|1441\n|teamsize|p1|6\n|teamsize|p2|6\n|gen|8\n|tier|[Gen 8] OU\n|rated|\n|rule|Sleep Clause Mod: Limit one foe put to sleep\n|rule|Species Clause: Limit one of each Pok\u00e9mon\n|rule|OHKO Clause: OHKO moves are banned\n|rule|Evasion Moves Clause: Evasion moves are banned\n|rule|Endless Battle Clause: Forcing endless battles is banned\n|rule|HP Percentage Mod: HP is shown in percentages\n|rule|Dynamax Clause: You cannot dynamax\n|clearpoke\n|poke|p1|Zapdos|\n|poke|p1|Urshifu-*, F|\n|poke|p1|Dragapult, F|\n|poke|p1|Scizor, M|\n|poke|p1|Landorus-Therian, M|\n|poke|p1|Tapu Lele|\n|poke|p2|Hippowdon, F|\n|poke|p2|Excadrill, M|\n|poke|p2|Blissey, F|\n|poke|p2|Dracozolt|\n|poke|p2|Corviknight, M|\n|poke|p2|Dragapult, F|\n|teampreview\n|\n|t:|1647711522\n|start\n|switch|p1a: Teddy|Urshifu-Rapid-Strike, F|100\/100\n|switch|p2a: Dragapult|Dragapult, F|100\/100\n|turn|1\n|\n|t:|1647711534\n|switch|p1a: Scizor|Scizor, M|100\/100\n|move|p2a: Dragapult|Draco Meteor|p1a: Scizor\n|-resisted|p1a: Scizor\n|-damage|p1a: Scizor|61\/100\n|-unboost|p2a: Dragapult|spa|2\n|\n|-heal|p1a: Scizor|68\/100|[from] item: Leftovers\n|upkeep\n|turn|2\n|\n|t:|1647711543\n|switch|p2a: Corviknight|Corviknight, M|100\/100\n|-ability|p2a: Corviknight|Pressure\n|move|p1a: Scizor|Knock Off|p2a: Corviknight\n|-damage|p2a: Corviknight|82\/100\n|-damage|p1a: Scizor|51\/100|[from] item: Rocky Helmet|[of] p2a: Corviknight\n|-enditem|p2a: Corviknight|Rocky Helmet|[from] move: Knock Off|[of] p1a: Scizor\n|\n|-heal|p1a: Scizor|57\/100|[from] item: Leftovers\n|upkeep\n|turn|3\n|\n|t:|1647711552\n|move|p2a: Corviknight|U-turn|p1a: Scizor\n|-resisted|p1a: Scizor\n|-damage|p1a: Scizor|51\/100\n|\n|t:|1647711566\n|switch|p2a: Dragapult|Dragapult, F|100\/100|[from]move: U-turn\n|move|p1a: Scizor|Roost|p1a: Scizor\n|-heal|p1a: Scizor|100\/100\n|-singleturn|p1a: Scizor|move: Roost\n|\n|upkeep\n|turn|4\n|\n|t:|1647711578\n|switch|p1a: Smooky|Landorus-Therian, M|100\/100\n|-ability|p1a: Smooky|Intimidate|boost\n|-unboost|p2a: Dragapult|atk|1\n|move|p2a: Dragapult|Fire Blast|p1a: Smooky\n|-damage|p1a: Smooky|63\/100\n|\n|-heal|p1a: Smooky|69\/100|[from] item: Leftovers\n|upkeep\n|turn|5\n|\n|t:|1647711588\n|switch|p2a: Hippowdon|Hippowdon, F|100\/100\n|-weather|Sandstorm|[from] ability: Sand Stream|[of] p2a: Hippowdon\n|move|p1a: Smooky|Stealth Rock|p2a: Hippowdon\n|-sidestart|p2: SmogCino|move: Stealth Rock\n|\n|-weather|Sandstorm|[upkeep]\n|-heal|p1a: Smooky|75\/100|[from] item: Leftovers\n|upkeep\n|turn|6\n|\n|t:|1647711597\n|move|p1a: Smooky|Toxic|p2a: Hippowdon\n|-status|p2a: Hippowdon|tox\n|move|p2a: Hippowdon|Stealth Rock|p1a: Smooky\n|-sidestart|p1: BRIFYE|move: Stealth Rock\n|\n|-weather|Sandstorm|[upkeep]\n|-heal|p1a: Smooky|81\/100|[from] item: Leftovers\n|-damage|p2a: Hippowdon|94\/100 tox|[from] psn\n|upkeep\n|turn|7\n|\n|t:|1647711607\n|move|p1a: Smooky|U-turn|p2a: Hippowdon\n|-damage|p2a: Hippowdon|78\/100 tox\n|\n|t:|1647711619\n|switch|p1a: Tapu Lele|Tapu Lele|100\/100|[from]move: U-turn\n|-damage|p1a: Tapu Lele|88\/100|[from] Stealth Rock\n|-fieldstart|move: Psychic Terrain|[from] ability: Psychic Surge|[of] p1a: Tapu Lele\n|move|p2a: Hippowdon|Toxic|p1a: Tapu Lele\n|-status|p1a: Tapu Lele|tox\n|\n|-weather|Sandstorm|[upkeep]\n|-damage|p1a: Tapu Lele|82\/100 tox|[from] Sandstorm\n|-damage|p1a: Tapu Lele|76\/100 tox|[from] psn\n|-damage|p2a: Hippowdon|65\/100 tox|[from] psn\n|upkeep\n|turn|8\n|\n|t:|1647711636\n|switch|p2a: Excadrill|Excadrill, M|100\/100\n|-damage|p2a: Excadrill|97\/100|[from] Stealth Rock\n|move|p1a: Tapu Lele|Future Sight|p2a: Excadrill\n|-start|p1a: Tapu Lele|move: Future Sight\n|\n|-weather|Sandstorm|[upkeep]\n|-damage|p1a: Tapu Lele|70\/100 tox|[from] Sandstorm\n|-heal|p2a: Excadrill|100\/100|[from] item: Leftovers\n|-damage|p1a: Tapu Lele|58\/100 tox|[from] psn\n|upkeep\n|turn|9\n|\n|t:|1647711646\n|switch|p1a: Piaf|Zapdos|100\/100\n|move|p2a: Excadrill|Rapid Spin|p1a: Piaf\n|-damage|p1a: Piaf|87\/100\n|-boost|p2a: Excadrill|spe|1\n|-sideend|p2: SmogCino|Stealth Rock|[from] move: Rapid Spin|[of] p2a: Excadrill\n|\n|-weather|Sandstorm|[upkeep]\n|-damage|p1a: Piaf|81\/100|[from] Sandstorm\n|upkeep\n|turn|10\n|\n|t:|1647711670\n|move|p2a: Excadrill|Swords Dance|p2a: Excadrill\n|-boost|p2a: Excadrill|atk|2\n|move|p1a: Piaf|Heat Wave|p2a: Excadrill\n|-supereffective|p2a: Excadrill\n|-damage|p2a: Excadrill|27\/100\n|\n|-weather|Sandstorm|[upkeep]\n|-damage|p1a: Piaf|75\/100|[from] Sandstorm\n|-end|p2a: Excadrill|move: Future Sight\n|-resisted|p2a: Excadrill\n|-damage|p2a: Excadrill|0 fnt\n|faint|p2a: Excadrill\n|upkeep\n|\n|t:|1647711675\n|switch|p2a: Dracozolt|Dracozolt|100\/100\n|turn|11\n|\n|t:|1647711705\n|switch|p1a: Smooky|Landorus-Therian, M|81\/100\n|-damage|p1a: Smooky|69\/100|[from] Stealth Rock\n|-ability|p1a: Smooky|Intimidate|boost\n|-unboost|p2a: Dracozolt|atk|1\n|move|p2a: Dracozolt|Draco Meteor|p1a: Smooky\n|-damage|p1a: Smooky|26\/100\n|-unboost|p2a: Dracozolt|spa|2\n|-damage|p2a: Dracozolt|91\/100|[from] item: Life Orb\n|\n|-weather|Sandstorm|[upkeep]\n|-heal|p1a: Smooky|33\/100|[from] item: Leftovers\n|-fieldend|move: Psychic Terrain\n|upkeep\n|turn|12\n|inactive|Battle timer is ON: inactive players will automatically lose when time's up. (requested by SmogCino)\n|\n|t:|1647711718\n|switch|p2a: Corviknight|Corviknight, M|82\/100\n|-ability|p2a: Corviknight|Pressure\n|move|p1a: Smooky|Stealth Rock|p2a: Corviknight\n|-sidestart|p2: SmogCino|move: Stealth Rock\n|\n|-weather|none\n|-heal|p1a: Smooky|39\/100|[from] item: Leftovers\n|upkeep\n|turn|13\n|\n|t:|1647711729\n|move|p1a: Smooky|U-turn|p2a: Corviknight\n|-resisted|p2a: Corviknight\n|-damage|p2a: Corviknight|78\/100\n|\n|t:|1647711734\n|switch|p1a: Piaf|Zapdos|75\/100|[from]move: U-turn\n|move|p2a: Corviknight|U-turn|p1a: Piaf\n|-resisted|p1a: Piaf\n|-damage|p1a: Piaf|69\/100\n|\n|t:|1647711736\n|switch|p2a: Dragapult|Dragapult, F|100\/100|[from]move: U-turn\n|-damage|p2a: Dragapult|88\/100|[from] Stealth Rock\n|\n|upkeep\n|turn|14\n|\n|t:|1647711753\n|move|p2a: Dragapult|Draco Meteor|p1a: Piaf\n|-damage|p1a: Piaf|0 fnt\n|-unboost|p2a: Dragapult|spa|2\n|faint|p1a: Piaf\n|\n|upkeep\n|inactive|BRIFYE has 120 seconds left.\n|\n|t:|1647711787\n|switch|p1a: Tapu Lele|Tapu Lele|58\/100 tox\n|-damage|p1a: Tapu Lele|45\/100 tox|[from] Stealth Rock\n|-fieldstart|move: Psychic Terrain|[from] ability: Psychic Surge|[of] p1a: Tapu Lele\n|turn|15\n|\n|t:|1647711799\n|switch|p2a: Blissey|Blissey, F|100\/100\n|move|p1a: Tapu Lele|Future Sight|p2a: Blissey\n|-start|p1a: Tapu Lele|move: Future Sight\n|\n|-damage|p1a: Tapu Lele|39\/100 tox|[from] psn\n|upkeep\n|turn|16\n|inactive|BRIFYE has 120 seconds left.\n|\n|t:|1647711804\n|switch|p1a: Teddy|Urshifu-Rapid-Strike, F|100\/100\n|-damage|p1a: Teddy|94\/100|[from] Stealth Rock\n|move|p2a: Blissey|Teleport|p2a: Blissey\n|\n|t:|1647711807\n|switch|p2a: Corviknight|Corviknight, M|78\/100|[from]move: Teleport\n|-damage|p2a: Corviknight|66\/100|[from] Stealth Rock\n|-ability|p2a: Corviknight|Pressure\n|\n|upkeep\n|turn|17\n|inactive|BRIFYE has 120 seconds left.\n|\n|t:|1647711824\n|move|p1a: Teddy|Bulk Up|p1a: Teddy\n|-boost|p1a: Teddy|atk|1\n|-boost|p1a: Teddy|def|1\n|move|p2a: Corviknight|Roost|p2a: Corviknight\n|-heal|p2a: Corviknight|100\/100\n|-singleturn|p2a: Corviknight|move: Roost\n|\n|-end|p2a: Corviknight|move: Future Sight\n|-resisted|p2a: Corviknight\n|-damage|p2a: Corviknight|62\/100\n|upkeep\n|turn|18\n|c|\u2606SmogCino|oh my goodness\n|\n|t:|1647711833\n|move|p1a: Teddy|Surging Strikes|p2a: Corviknight\n|-crit|p2a: Corviknight\n|-damage|p2a: Corviknight|43\/100\n|-crit|p2a: Corviknight\n|-damage|p2a: Corviknight|25\/100\n|-crit|p2a: Corviknight\n|-damage|p2a: Corviknight|7\/100\n|-hitcount|p2a: Corviknight|3\n|move|p2a: Corviknight|Brave Bird|p1a: Teddy\n|-supereffective|p1a: Teddy\n|-damage|p1a: Teddy|48\/100\n|-damage|p2a: Corviknight|0 fnt|[from] Recoil\n|faint|p2a: Corviknight\n|\n|upkeep\n|\n|t:|1647711836\n|switch|p2a: Dragapult|Dragapult, F|88\/100\n|-damage|p2a: Dragapult|76\/100|[from] Stealth Rock\n|turn|19\n|inactive|BRIFYE has 120 seconds left.\n|\n|t:|1647711857\n|switch|p1a: Scizor|Scizor, M|100\/100\n|-damage|p1a: Scizor|88\/100|[from] Stealth Rock\n|move|p2a: Dragapult|Shadow Ball|p1a: Scizor\n|-damage|p1a: Scizor|44\/100\n|\n|-heal|p1a: Scizor|50\/100|[from] item: Leftovers\n|-fieldend|move: Psychic Terrain\n|upkeep\n|turn|20\n|\n|t:|1647711867\n|move|p2a: Dragapult|Shadow Ball|p1a: Scizor\n|-damage|p1a: Scizor|1\/100\n|-unboost|p1a: Scizor|spd|1\n|move|p1a: Scizor|Knock Off|p2a: Dragapult\n|-supereffective|p2a: Dragapult\n|-damage|p2a: Dragapult|0 fnt\n|-enditem|p2a: Dragapult|Choice Specs|[from] move: Knock Off|[of] p1a: Scizor\n|faint|p2a: Dragapult\n|\n|-heal|p1a: Scizor|7\/100|[from] item: Leftovers\n|upkeep\n|\n|t:|1647711871\n|switch|p2a: Hippowdon|Hippowdon, F|65\/100 tox\n|-damage|p2a: Hippowdon|59\/100 tox|[from] Stealth Rock\n|-weather|Sandstorm|[from] ability: Sand Stream|[of] p2a: Hippowdon\n|turn|21\n|\n|t:|1647711881\n|switch|p2a: Dracozolt|Dracozolt|91\/100\n|-damage|p2a: Dracozolt|78\/100|[from] Stealth Rock\n|move|p1a: Scizor|Roost|p1a: Scizor\n|-heal|p1a: Scizor|57\/100\n|-singleturn|p1a: Scizor|move: Roost\n|\n|-weather|Sandstorm|[upkeep]\n|-heal|p1a: Scizor|63\/100|[from] item: Leftovers\n|upkeep\n|turn|22\n|inactive|BRIFYE has 120 seconds left.\n|\n|t:|1647711904\n|switch|p1a: Smooky|Landorus-Therian, M|39\/100\n|-damage|p1a: Smooky|26\/100|[from] Stealth Rock\n|-ability|p1a: Smooky|Intimidate|boost\n|-unboost|p2a: Dracozolt|atk|1\n|move|p2a: Dracozolt|Fire Blast|p1a: Smooky\n|-damage|p1a: Smooky|1\/100\n|-damage|p2a: Dracozolt|68\/100|[from] item: Life Orb\n|\n|-weather|Sandstorm|[upkeep]\n|-heal|p1a: Smooky|7\/100|[from] item: Leftovers\n|upkeep\n|turn|23\n|inactive|BRIFYE has 120 seconds left.\n|\n|t:|1647711931\n|switch|p1a: Tapu Lele|Tapu Lele|39\/100 tox\n|-damage|p1a: Tapu Lele|27\/100 tox|[from] Stealth Rock\n|-fieldstart|move: Psychic Terrain|[from] ability: Psychic Surge|[of] p1a: Tapu Lele\n|move|p2a: Dracozolt|Fire Blast|p1a: Tapu Lele\n|-damage|p1a: Tapu Lele|0 fnt\n|faint|p1a: Tapu Lele\n|-damage|p2a: Dracozolt|58\/100|[from] item: Life Orb\n|\n|-weather|Sandstorm|[upkeep]\n|upkeep\n|\n|t:|1647711946\n|switch|p1a: Scizor|Scizor, M|63\/100\n|-damage|p1a: Scizor|51\/100|[from] Stealth Rock\n|turn|24\n|\n|t:|1647711951\n|move|p1a: Scizor|Bullet Punch|p2a: Dracozolt\n|-activate|p2a: Dracozolt|move: Psychic Terrain\n|move|p2a: Dracozolt|Bolt Beak|p1a: Scizor\n|-damage|p1a: Scizor|20\/100\n|-damage|p2a: Dracozolt|48\/100|[from] item: Life Orb\n|\n|-weather|Sandstorm|[upkeep]\n|-heal|p1a: Scizor|26\/100|[from] item: Leftovers\n|upkeep\n|turn|25\n|\n|t:|1647711966\n|switch|p1a: Smooky|Landorus-Therian, M|7\/100\n|-damage|p1a: Smooky|0 fnt|[from] Stealth Rock\n|faint|p1a: Smooky\n|move|p2a: Dracozolt|Bolt Beak|p1: Smooky|[notarget]\n|-fail|p2a: Dracozolt\n|\n|-weather|Sandstorm|[upkeep]\n|upkeep\n|\n|t:|1647711976\n|switch|p1a: Pute|Dragapult, F|100\/100\n|turn|26\n|\n|t:|1647711980\n|switch|p1a: Scizor|Scizor, M|26\/100\n|-damage|p1a: Scizor|14\/100|[from] Stealth Rock\n|move|p2a: Dracozolt|Draco Meteor|p1a: Scizor\n|-resisted|p1a: Scizor\n|-damage|p1a: Scizor|0 fnt\n|-unboost|p2a: Dracozolt|spa|2\n|faint|p1a: Scizor\n|-damage|p2a: Dracozolt|38\/100|[from] item: Life Orb\n|\n|-weather|Sandstorm|[upkeep]\n|upkeep\n|\n|t:|1647711995\n|switch|p1a: Teddy|Urshifu-Rapid-Strike, F|48\/100\n|-damage|p1a: Teddy|42\/100|[from] Stealth Rock\n|turn|27\n|\n|t:|1647712001\n|move|p2a: Dracozolt|Bolt Beak|p1a: Teddy\n|-supereffective|p1a: Teddy\n|-damage|p1a: Teddy|0 fnt\n|faint|p1a: Teddy\n|-damage|p2a: Dracozolt|28\/100|[from] item: Life Orb\n|\n|-weather|Sandstorm|[upkeep]\n|-fieldend|move: Psychic Terrain\n|upkeep\n|\n|t:|1647712007\n|switch|p1a: Pute|Dragapult, F|100\/100\n|turn|28\n|\n|t:|1647712012\n|switch|p2a: Blissey|Blissey, F|100\/100\n|move|p1a: Pute|Hex|p2a: Blissey\n|-immune|p2a: Blissey\n|\n|-weather|none\n|upkeep\n|turn|29\n|inactive|BRIFYE has 120 seconds left.\n|-message|BRIFYE forfeited.\n|\n|win|SmogCino\n|raw|BRIFYE's rating: 1471 &rarr; <strong>1448<\/strong><br \/>(-23 for losing)\n|raw|SmogCino's rating: 1422 &rarr; <strong>1445<\/strong><br \/>(+23 for winning)\n|l|\u2606BRIFYE\n","uploadtime":1647712021,"views":19,"p1id":"brifye","p2id":"smogcino","formatid":"gen8ou","rating":1445,"private":0,"password":null}