{"id":"gen8monotype-1585549681","p1":"Eclipse77","p2":"FireInYourEye","format":"gen8monotype","log":"|j|\u2606Eclipse77\n|j|\u2606FireInYourEye\n|t:|1653865203\n|gametype|singles\n|player|p1|Eclipse77|kahili|1593\n|player|p2|FireInYourEye|picnicker-gen2|1580\n|teamsize|p1|6\n|teamsize|p2|6\n|gen|8\n|tier|[Gen 8] Monotype\n|rated|\n|rule|Same Type Clause: Pok\u00e9mon in a team must share a type\n|rule|Sleep Clause Mod: Limit one foe put to sleep\n|rule|Species Clause: Limit one of each Pok\u00e9mon\n|rule|OHKO Clause: OHKO moves are banned\n|rule|Evasion Moves Clause: Evasion moves are banned\n|rule|Endless Battle Clause: Forcing endless battles is banned\n|rule|HP Percentage Mod: HP is shown in percentages\n|rule|Dynamax Clause: You cannot dynamax\n|clearpoke\n|poke|p1|Slowking, F|\n|poke|p1|Urshifu-*, F|\n|poke|p1|Tapu Fini|\n|poke|p1|Toxapex, F|\n|poke|p1|Gastrodon, M|\n|poke|p1|Rotom-Wash|\n|poke|p2|Klefki, M|\n|poke|p2|Azumarill, F|\n|poke|p2|Tapu Lele|\n|poke|p2|Tapu Fini|\n|poke|p2|Tapu Bulu|\n|poke|p2|Tapu Koko|\n|teampreview\n|j| DRUDREVR\n|c|\u2606FireInYourEye|gl hf\n|\n|t:|1653865231\n|start\n|switch|p1a: Crit Machine|Urshifu-Rapid-Strike, F|100\/100\n|switch|p2a: Klefki|Klefki, M|100\/100\n|turn|1\n|\n|t:|1653865242\n|switch|p1a: Tapu Fini|Tapu Fini, shiny|100\/100\n|-fieldstart|move: Misty Terrain|[from] ability: Misty Surge|[of] p1a: Tapu Fini\n|switch|p2a: Tapu Bulu|Tapu Bulu|100\/100\n|-fieldstart|move: Grassy Terrain|[from] ability: Grassy Surge|[of] p2a: Tapu Bulu\n|\n|upkeep\n|turn|2\n|c|\u2606Eclipse77|hf\n|\n|t:|1653865250\n|switch|p1a: JJ|Toxapex, F, shiny|100\/100\n|move|p2a: Tapu Bulu|Horn Leech|p1a: JJ\n|-damage|p1a: JJ|66\/100\n|\n|-heal|p1a: JJ|72\/100|[from] Grassy Terrain\n|-heal|p1a: JJ|78\/100|[from] item: Black Sludge\n|upkeep\n|turn|3\n|\n|t:|1653865259\n|switch|p2a: Tapu Lele|Tapu Lele|100\/100\n|-fieldstart|move: Psychic Terrain|[from] ability: Psychic Surge|[of] p2a: Tapu Lele\n|switch|p1a: Crit Machine|Urshifu-Rapid-Strike, F|100\/100\n|\n|upkeep\n|turn|4\n|\n|t:|1653865267\n|switch|p1a: ?|Slowking, F|100\/100\n|switch|p2a: Tapu Bulu|Tapu Bulu|100\/100\n|-fieldstart|move: Grassy Terrain|[from] ability: Grassy Surge|[of] p2a: Tapu Bulu\n|\n|upkeep\n|turn|5\n|\n|t:|1653865271\n|switch|p1a: JJ|Toxapex, F, shiny|100\/100\n|move|p2a: Tapu Bulu|Swords Dance|p2a: Tapu Bulu\n|-boost|p2a: Tapu Bulu|atk|2\n|\n|upkeep\n|turn|6\n|\n|t:|1653865276\n|move|p2a: Tapu Bulu|High Horsepower|p1a: JJ\n|-supereffective|p1a: JJ\n|-damage|p1a: JJ|8\/100\n|move|p1a: JJ|Toxic|p2a: Tapu Bulu\n|-status|p2a: Tapu Bulu|tox\n|\n|-heal|p1a: JJ|14\/100|[from] Grassy Terrain\n|-heal|p1a: JJ|20\/100|[from] item: Black Sludge\n|-damage|p2a: Tapu Bulu|94\/100 tox|[from] psn\n|upkeep\n|turn|7\n|\n|t:|1653865283\n|switch|p1a: Take This Mantine|Rotom-Wash, shiny|100\/100\n|move|p2a: Tapu Bulu|Horn Leech|p1a: Take This Mantine\n|-supereffective|p1a: Take This Mantine\n|-damage|p1a: Take This Mantine|0 fnt\n|-heal|p2a: Tapu Bulu|100\/100 tox|[from] drain|[of] p1a: Take This Mantine\n|faint|p1a: Take This Mantine\n|\n|-damage|p2a: Tapu Bulu|88\/100 tox|[from] psn\n|upkeep\n|\n|t:|1653865286\n|switch|p1a: Crit Machine|Urshifu-Rapid-Strike, F|100\/100\n|turn|8\n|\n|t:|1653865289\n|move|p1a: Crit Machine|Poison Jab|p2a: Tapu Bulu\n|-supereffective|p2a: Tapu Bulu\n|-damage|p2a: Tapu Bulu|0 fnt\n|faint|p2a: Tapu Bulu\n|\n|-fieldend|move: Grassy Terrain\n|upkeep\n|\n|t:|1653865292\n|switch|p2a: Klefki|Klefki, M|100\/100\n|turn|9\n|\n|t:|1653865296\n|switch|p1a: Tapu Fini|Tapu Fini, shiny|100\/100\n|-fieldstart|move: Misty Terrain|[from] ability: Misty Surge|[of] p1a: Tapu Fini\n|move|p2a: Klefki|Reflect|p2a: Klefki\n|-sidestart|p2: FireInYourEye|Reflect\n|\n|upkeep\n|turn|10\n|\n|t:|1653865305\n|switch|p1a: Crit Machine|Urshifu-Rapid-Strike, F|100\/100\n|switch|p2a: Tapu Lele|Tapu Lele|100\/100\n|-fieldstart|move: Psychic Terrain|[from] ability: Psychic Surge|[of] p2a: Tapu Lele\n|\n|upkeep\n|turn|11\n|\n|t:|1653865310\n|switch|p1a: ?|Slowking, F|100\/100\n|switch|p2a: Tapu Fini|Tapu Fini|100\/100\n|-fieldstart|move: Misty Terrain|[from] ability: Misty Surge|[of] p2a: Tapu Fini\n|\n|upkeep\n|turn|12\n|\n|t:|1653865316\n|move|p2a: Tapu Fini|Calm Mind|p2a: Tapu Fini\n|-boost|p2a: Tapu Fini|spa|1\n|-boost|p2a: Tapu Fini|spd|1\n|move|p1a: ?|Teleport|p1a: ?\n|\n|t:|1653865318\n|switch|p1a: Tapu Fini|Tapu Fini, shiny|100\/100|[from]move: Teleport\n|\n|upkeep\n|turn|13\n|\n|t:|1653865322\n|switch|p2a: Tapu Lele|Tapu Lele|100\/100\n|-fieldstart|move: Psychic Terrain|[from] ability: Psychic Surge|[of] p2a: Tapu Lele\n|move|p1a: Tapu Fini|Haze|p1a: Tapu Fini\n|-clearallboost\n|\n|upkeep\n|turn|14\n|\n|t:|1653865328\n|switch|p1a: ?|Slowking, F|100\/100\n|move|p2a: Tapu Lele|Psyshock|p1a: ?\n|-resisted|p1a: ?\n|-damage|p1a: ?|57\/100\n|\n|upkeep\n|turn|15\n|\n|t:|1653865331\n|move|p2a: Tapu Lele|Psyshock|p1a: ?\n|-resisted|p1a: ?\n|-damage|p1a: ?|14\/100\n|move|p1a: ?|Slack Off|p1a: ?\n|-heal|p1a: ?|64\/100\n|\n|upkeep\n|turn|16\n|\n|t:|1653865338\n|switch|p2a: Azumarill|Azumarill, F|100\/100\n|move|p1a: ?|Teleport|p1a: ?\n|\n|t:|1653865348\n|switch|p1a: JJ|Toxapex, F, shiny|53\/100|[from]move: Teleport\n|\n|-heal|p1a: JJ|60\/100|[from] item: Black Sludge\n|-sideend|p2: FireInYourEye|Reflect\n|upkeep\n|turn|17\n|\n|t:|1653865354\n|move|p2a: Azumarill|Knock Off|p1a: JJ\n|-crit|p1a: JJ\n|-damage|p1a: JJ|8\/100\n|-enditem|p1a: JJ|Black Sludge|[from] move: Knock Off|[of] p2a: Azumarill\n|move|p1a: JJ|Recover|p1a: JJ\n|-heal|p1a: JJ|58\/100\n|\n|-fieldend|move: Psychic Terrain\n|upkeep\n|turn|18\n|\n|t:|1653865359\n|switch|p2a: Klefki|Klefki, M|100\/100\n|move|p1a: JJ|Recover|p1a: JJ\n|-heal|p1a: JJ|100\/100\n|\n|upkeep\n|turn|19\n|\n|t:|1653865361\n|switch|p1a: Tapu Fini|Tapu Fini, shiny|100\/100\n|-fieldstart|move: Misty Terrain|[from] ability: Misty Surge|[of] p1a: Tapu Fini\n|move|p2a: Klefki|Spikes|p1a: Tapu Fini\n|-sidestart|p1: Eclipse77|Spikes\n|\n|upkeep\n|turn|20\n|\n|t:|1653865368\n|switch|p2a: Tapu Lele|Tapu Lele|100\/100\n|-fieldstart|move: Psychic Terrain|[from] ability: Psychic Surge|[of] p2a: Tapu Lele\n|move|p1a: Tapu Fini|Scald|p2a: Tapu Lele\n|-damage|p2a: Tapu Lele|73\/100\n|-status|p2a: Tapu Lele|brn\n|\n|-damage|p2a: Tapu Lele|67\/100 brn|[from] brn\n|upkeep\n|turn|21\n|\n|t:|1653865376\n|switch|p1a: ?|Slowking, F|97\/100\n|move|p2a: Tapu Lele|Shadow Ball|p1a: ?\n|-supereffective|p1a: ?\n|-damage|p1a: ?|52\/100\n|\n|-damage|p2a: Tapu Lele|61\/100 brn|[from] brn\n|upkeep\n|turn|22\n|inactive|Battle timer is ON: inactive players will automatically lose when time's up. (requested by Eclipse77)\n|\n|t:|1653865382\n|move|p2a: Tapu Lele|Shadow Ball|p1a: ?\n|-supereffective|p1a: ?\n|-damage|p1a: ?|2\/100\n|move|p1a: ?|Slack Off|p1a: ?\n|-heal|p1a: ?|52\/100\n|\n|-damage|p2a: Tapu Lele|55\/100 brn|[from] brn\n|upkeep\n|turn|23\n|\n|t:|1653865387\n|switch|p1a: JJ|Toxapex, F, shiny|100\/100\n|-damage|p1a: JJ|88\/100|[from] Spikes\n|move|p2a: Tapu Lele|Shadow Ball|p1a: JJ\n|-damage|p1a: JJ|54\/100\n|\n|-damage|p2a: Tapu Lele|49\/100 brn|[from] brn\n|upkeep\n|turn|24\n|\n|t:|1653865397\n|switch|p2a: Klefki|Klefki, M|100\/100\n|switch|p1a: Tapu Fini|Tapu Fini, shiny|100\/100\n|-damage|p1a: Tapu Fini|88\/100|[from] Spikes\n|-fieldstart|move: Misty Terrain|[from] ability: Misty Surge|[of] p1a: Tapu Fini\n|\n|-heal|p1a: Tapu Fini|94\/100|[from] item: Leftovers\n|upkeep\n|turn|25\n|\n|t:|1653865401\n|move|p2a: Klefki|Spikes|p1a: Tapu Fini\n|-sidestart|p1: Eclipse77|Spikes\n|move|p1a: Tapu Fini|Defog|p2a: Klefki\n|-unboost|p2a: Klefki|evasion|1\n|-sideend|p1: Eclipse77|Spikes|[from] move: Defog|[of] p1a: Tapu Fini\n|-fieldend|Misty Terrain\n|\n|-heal|p1a: Tapu Fini|99\/100|[from] item: Leftovers\n|upkeep\n|turn|26\n|\n|t:|1653865405\n|switch|p1a: Please No Grass|Gastrodon, M|100\/100\n|move|p2a: Klefki|Spikes|p1a: Please No Grass\n|-sidestart|p1: Eclipse77|Spikes\n|\n|upkeep\n|turn|27\n|\n|t:|1653865410\n|switch|p1a: Tapu Fini|Tapu Fini, shiny|99\/100\n|-damage|p1a: Tapu Fini|88\/100|[from] Spikes\n|-fieldstart|move: Misty Terrain|[from] ability: Misty Surge|[of] p1a: Tapu Fini\n|move|p2a: Klefki|Reflect|p2a: Klefki\n|-sidestart|p2: FireInYourEye|Reflect\n|\n|-heal|p1a: Tapu Fini|94\/100|[from] item: Leftovers\n|upkeep\n|turn|28\n|\n|t:|1653865416\n|move|p2a: Klefki|Spikes|p1a: Tapu Fini\n|-sidestart|p1: Eclipse77|Spikes\n|move|p1a: Tapu Fini|Defog|p2a: Klefki\n|-unboost|p2a: Klefki|evasion|1\n|-sideend|p2: FireInYourEye|Reflect\n|-sideend|p1: Eclipse77|Spikes|[from] move: Defog|[of] p1a: Tapu Fini\n|-fieldend|Misty Terrain\n|\n|-heal|p1a: Tapu Fini|99\/100|[from] item: Leftovers\n|upkeep\n|turn|29\n|\n|t:|1653865422\n|move|p2a: Klefki|Spikes|p1a: Tapu Fini\n|-sidestart|p1: Eclipse77|Spikes\n|move|p1a: Tapu Fini|Scald|p2a: Klefki\n|-damage|p2a: Klefki|66\/100\n|-status|p2a: Klefki|brn\n|\n|-heal|p1a: Tapu Fini|100\/100|[from] item: Leftovers\n|-damage|p2a: Klefki|60\/100 brn|[from] brn\n|upkeep\n|turn|30\n|\n|t:|1653865427\n|move|p2a: Klefki|Light Screen|p2a: Klefki\n|-sidestart|p2: FireInYourEye|move: Light Screen\n|move|p1a: Tapu Fini|Defog|p2a: Klefki\n|-unboost|p2a: Klefki|evasion|1\n|-sideend|p2: FireInYourEye|move: Light Screen\n|-sideend|p1: Eclipse77|Spikes|[from] move: Defog|[of] p1a: Tapu Fini\n|\n|-damage|p2a: Klefki|54\/100 brn|[from] brn\n|upkeep\n|turn|31\n|\n|t:|1653865431\n|switch|p2a: Azumarill|Azumarill, F|100\/100\n|move|p1a: Tapu Fini|Scald|p2a: Azumarill\n|-resisted|p2a: Azumarill\n|-damage|p2a: Azumarill|86\/100\n|\n|upkeep\n|turn|32\n|\n|t:|1653865436\n|move|p1a: Tapu Fini|Scald|p2a: Azumarill\n|-resisted|p2a: Azumarill\n|-damage|p2a: Azumarill|72\/100\n|move|p2a: Azumarill|Knock Off|p1a: Tapu Fini\n|-resisted|p1a: Tapu Fini\n|-damage|p1a: Tapu Fini|79\/100\n|-enditem|p1a: Tapu Fini|Leftovers|[from] move: Knock Off|[of] p2a: Azumarill\n|\n|upkeep\n|turn|33\n|\n|t:|1653865441\n|switch|p2a: Tapu Fini|Tapu Fini|100\/100\n|-fieldstart|move: Misty Terrain|[from] ability: Misty Surge|[of] p2a: Tapu Fini\n|move|p1a: Tapu Fini|Scald|p2a: Tapu Fini\n|-resisted|p2a: Tapu Fini\n|-damage|p2a: Tapu Fini|91\/100\n|\n|-heal|p2a: Tapu Fini|98\/100|[from] item: Leftovers\n|upkeep\n|turn|34\n|\n|t:|1653865444\n|switch|p2a: Klefki|Klefki, M|54\/100 brn\n|move|p1a: Tapu Fini|Draining Kiss|p2a: Klefki\n|-resisted|p2a: Klefki\n|-damage|p2a: Klefki|43\/100 brn\n|-heal|p1a: Tapu Fini|87\/100|[from] drain|[of] p2a: Klefki\n|\n|-damage|p2a: Klefki|37\/100 brn|[from] brn\n|upkeep\n|turn|35\n|\n|t:|1653865448\n|move|p2a: Klefki|Reflect|p2a: Klefki\n|-sidestart|p2: FireInYourEye|Reflect\n|move|p1a: Tapu Fini|Scald|p2a: Klefki\n|-damage|p2a: Klefki|4\/100 brn\n|\n|-damage|p2a: Klefki|0 fnt|[from] brn\n|faint|p2a: Klefki\n|upkeep\n|\n|t:|1653865451\n|switch|p2a: Tapu Fini|Tapu Fini|98\/100\n|turn|36\n|\n|t:|1653865454\n|move|p2a: Tapu Fini|Taunt|p1a: Tapu Fini\n|-start|p1a: Tapu Fini|move: Taunt\n|cant|p1a: Tapu Fini|move: Taunt|Defog\n|\n|-heal|p2a: Tapu Fini|100\/100|[from] item: Leftovers\n|upkeep\n|turn|37\n|\n|t:|1653865462\n|switch|p1a: JJ|Toxapex, F, shiny|87\/100\n|move|p2a: Tapu Fini|Calm Mind|p2a: Tapu Fini\n|-boost|p2a: Tapu Fini|spa|1\n|-boost|p2a: Tapu Fini|spd|1\n|\n|-fieldend|Misty Terrain\n|upkeep\n|turn|38\n|\n|t:|1653865471\n|switch|p1a: ?|Slowking, F|85\/100\n|move|p2a: Tapu Fini|Taunt|p1a: ?\n|-start|p1a: ?|move: Taunt\n|\n|upkeep\n|turn|39\n|\n|t:|1653865475\n|switch|p1a: JJ|Toxapex, F, shiny|100\/100\n|move|p2a: Tapu Fini|Calm Mind|p2a: Tapu Fini\n|-boost|p2a: Tapu Fini|spa|1\n|-boost|p2a: Tapu Fini|spd|1\n|\n|upkeep\n|turn|40\n|\n|t:|1653865479\n|switch|p1a: ?|Slowking, F|100\/100\n|move|p2a: Tapu Fini|Taunt|p1a: ?\n|-start|p1a: ?|move: Taunt\n|\n|upkeep\n|turn|41\n|\n|t:|1653865482\n|switch|p1a: JJ|Toxapex, F, shiny|100\/100\n|move|p2a: Tapu Fini|Calm Mind|p2a: Tapu Fini\n|-boost|p2a: Tapu Fini|spa|1\n|-boost|p2a: Tapu Fini|spd|1\n|\n|upkeep\n|turn|42\n|\n|t:|1653865486\n|move|p2a: Tapu Fini|Taunt|p1a: JJ\n|-start|p1a: JJ|move: Taunt\n|cant|p1a: JJ|move: Taunt|Haze\n|\n|-sideend|p2: FireInYourEye|Reflect\n|upkeep\n|turn|43\n|\n|t:|1653865492\n|switch|p1a: Tapu Fini|Tapu Fini, shiny|87\/100\n|-fieldstart|move: Misty Terrain|[from] ability: Misty Surge|[of] p1a: Tapu Fini\n|move|p2a: Tapu Fini|Draining Kiss|p1a: Tapu Fini\n|-damage|p1a: Tapu Fini|57\/100\n|\n|upkeep\n|turn|44\n|\n|t:|1653865497\n|move|p2a: Tapu Fini|Taunt|p1a: Tapu Fini\n|-start|p1a: Tapu Fini|move: Taunt\n|cant|p1a: Tapu Fini|move: Taunt|Haze\n|\n|upkeep\n|turn|45\n|\n|t:|1653865502\n|switch|p1a: JJ|Toxapex, F, shiny|100\/100\n|move|p2a: Tapu Fini|Draining Kiss|p1a: JJ\n|-resisted|p1a: JJ\n|-damage|p1a: JJ|83\/100\n|\n|upkeep\n|turn|46\n|\n|t:|1653865513\n|move|p2a: Tapu Fini|Taunt|p1a: JJ\n|-start|p1a: JJ|move: Taunt\n|cant|p1a: JJ|move: Taunt|Haze\n|\n|upkeep\n|turn|47\n|\n|t:|1653865519\n|switch|p1a: Tapu Fini|Tapu Fini, shiny|57\/100\n|move|p2a: Tapu Fini|Calm Mind|p2a: Tapu Fini\n|-boost|p2a: Tapu Fini|spa|1\n|-boost|p2a: Tapu Fini|spd|1\n|\n|-fieldend|Misty Terrain\n|upkeep\n|turn|48\n|\n|t:|1653865522\n|move|p2a: Tapu Fini|Taunt|p1a: Tapu Fini\n|-start|p1a: Tapu Fini|move: Taunt\n|cant|p1a: Tapu Fini|move: Taunt|Haze\n|\n|upkeep\n|turn|49\n|\n|t:|1653865526\n|switch|p1a: JJ|Toxapex, F, shiny|100\/100\n|move|p2a: Tapu Fini|Scald|p1a: JJ\n|-resisted|p1a: JJ\n|-damage|p1a: JJ|69\/100\n|\n|upkeep\n|turn|50\n|\n|t:|1653865531\n|move|p2a: Tapu Fini|Taunt|p1a: JJ\n|-start|p1a: JJ|move: Taunt\n|cant|p1a: JJ|move: Taunt|Haze\n|\n|upkeep\n|turn|51\n|\n|t:|1653865536\n|switch|p1a: Tapu Fini|Tapu Fini, shiny|57\/100\n|-fieldstart|move: Misty Terrain|[from] ability: Misty Surge|[of] p1a: Tapu Fini\n|move|p2a: Tapu Fini|Scald|p1a: Tapu Fini\n|-resisted|p1a: Tapu Fini\n|-damage|p1a: Tapu Fini|28\/100\n|\n|upkeep\n|turn|52\n|\n|t:|1653865542\n|move|p2a: Tapu Fini|Scald|p1a: Tapu Fini\n|-resisted|p1a: Tapu Fini\n|-damage|p1a: Tapu Fini|0 fnt\n|faint|p1a: Tapu Fini\n|\n|upkeep\n|\n|t:|1653865546\n|switch|p1a: JJ|Toxapex, F, shiny|100\/100\n|turn|53\n|\n|t:|1653865549\n|move|p2a: Tapu Fini|Taunt|p1a: JJ\n|-start|p1a: JJ|move: Taunt\n|cant|p1a: JJ|move: Taunt|Haze\n|\n|upkeep\n|turn|54\n|\n|t:|1653865553\n|switch|p1a: Please No Grass|Gastrodon, M|100\/100\n|move|p2a: Tapu Fini|Calm Mind|p2a: Tapu Fini\n|-boost|p2a: Tapu Fini|spa|1\n|-boost|p2a: Tapu Fini|spd|1\n|\n|upkeep\n|turn|55\n|\n|t:|1653865559\n|switch|p1a: JJ|Toxapex, F, shiny|100\/100\n|move|p2a: Tapu Fini|Draining Kiss|p1a: JJ\n|-resisted|p1a: JJ\n|-damage|p1a: JJ|76\/100\n|\n|-fieldend|Misty Terrain\n|upkeep\n|turn|56\n|\n|t:|1653865562\n|move|p2a: Tapu Fini|Taunt|p1a: JJ\n|-start|p1a: JJ|move: Taunt\n|cant|p1a: JJ|move: Taunt|Haze\n|\n|upkeep\n|turn|57\n|\n|t:|1653865567\n|switch|p1a: Please No Grass|Gastrodon, M|100\/100\n|move|p2a: Tapu Fini|Draining Kiss|p1a: Please No Grass\n|-damage|p1a: Please No Grass|47\/100\n|\n|-heal|p1a: Please No Grass|54\/100|[from] item: Leftovers\n|upkeep\n|turn|58\n|\n|t:|1653865571\n|switch|p1a: JJ|Toxapex, F, shiny|100\/100\n|move|p2a: Tapu Fini|Taunt|p1a: JJ\n|-start|p1a: JJ|move: Taunt\n|\n|upkeep\n|turn|59\n|\n|t:|1653865574\n|switch|p1a: ?|Slowking, F|100\/100\n|move|p2a: Tapu Fini|Calm Mind|p2a: Tapu Fini\n|-boost|p2a: Tapu Fini|spa|1\n|-boost|p2a: Tapu Fini|spd|1\n|\n|upkeep\n|turn|60\n|\n|t:|1653865579\n|move|p2a: Tapu Fini|Scald|p1a: ?\n|-resisted|p1a: ?\n|-damage|p1a: ?|71\/100\n|-status|p1a: ?|brn\n|move|p1a: ?|Teleport|p1a: ?\n|\n|t:|1653865583\n|switch|p1a: Please No Grass|Gastrodon, M|54\/100|[from]move: Teleport\n|\n|-heal|p1a: Please No Grass|60\/100|[from] item: Leftovers\n|upkeep\n|turn|61\n|\n|t:|1653865586\n|switch|p1a: JJ|Toxapex, F, shiny|100\/100\n|move|p2a: Tapu Fini|Draining Kiss|p1a: JJ\n|-resisted|p1a: JJ\n|-damage|p1a: JJ|75\/100\n|\n|upkeep\n|turn|62\n|\n|t:|1653865592\n|move|p2a: Tapu Fini|Taunt|p1a: JJ\n|-start|p1a: JJ|move: Taunt\n|cant|p1a: JJ|move: Taunt|Haze\n|\n|upkeep\n|turn|63\n|\n|t:|1653865598\n|switch|p1a: ?|Slowking, F|100\/100 brn\n|move|p2a: Tapu Fini|Draining Kiss|p1a: ?\n|-crit|p1a: ?\n|-damage|p1a: ?|46\/100 brn\n|\n|-damage|p1a: ?|40\/100 brn|[from] brn\n|upkeep\n|turn|64\n|\n|t:|1653865603\n|switch|p1a: JJ|Toxapex, F, shiny|100\/100\n|move|p2a: Tapu Fini|Scald|p1a: JJ\n|-resisted|p1a: JJ\n|-damage|p1a: JJ|53\/100\n|-status|p1a: JJ|brn\n|\n|-damage|p1a: JJ|47\/100 brn|[from] brn\n|upkeep\n|turn|65\n|\n|t:|1653865613\n|switch|p1a: Please No Grass|Gastrodon, M|60\/100\n|move|p2a: Tapu Fini|Taunt|p1a: Please No Grass\n|-start|p1a: Please No Grass|move: Taunt\n|\n|-heal|p1a: Please No Grass|66\/100|[from] item: Leftovers\n|upkeep\n|turn|66\n|\n|t:|1653865617\n|switch|p1a: ?|Slowking, F|73\/100 brn\n|move|p2a: Tapu Fini|Draining Kiss|p1a: ?\n|-damage|p1a: ?|37\/100 brn\n|\n|-damage|p1a: ?|30\/100 brn|[from] brn\n|upkeep\n|turn|67\n|\n|t:|1653865622\n|switch|p1a: JJ|Toxapex, F, shiny|80\/100 brn\n|move|p2a: Tapu Fini|Scald|p1a: JJ\n|-resisted|p1a: JJ\n|-damage|p1a: JJ|36\/100 brn\n|\n|-damage|p1a: JJ|30\/100 brn|[from] brn\n|upkeep\n|turn|68\n|\n|t:|1653865629\n|switch|p1a: Please No Grass|Gastrodon, M|66\/100\n|move|p2a: Tapu Fini|Draining Kiss|p1a: Please No Grass\n|-damage|p1a: Please No Grass|1\/100\n|\n|-heal|p1a: Please No Grass|7\/100|[from] item: Leftovers\n|upkeep\n|turn|69\n|\n|t:|1653865632\n|switch|p1a: JJ|Toxapex, F, shiny|63\/100 brn\n|move|p2a: Tapu Fini|Taunt|p1a: JJ\n|-start|p1a: JJ|move: Taunt\n|\n|-damage|p1a: JJ|57\/100 brn|[from] brn\n|upkeep\n|turn|70\n|\n|t:|1653865638\n|switch|p1a: Please No Grass|Gastrodon, M|7\/100\n|move|p2a: Tapu Fini|Draining Kiss|p1a: Please No Grass\n|-damage|p1a: Please No Grass|0 fnt\n|faint|p1a: Please No Grass\n|\n|upkeep\n|j| Tyrannical audino\n|c|\u2606Eclipse77|gg\n|c|\u2606FireInYourEye|gg\n|-message|Eclipse77 forfeited.\n|\n|win|FireInYourEye\n|raw|Eclipse77's rating: 1593 &rarr; <strong>1572<\/strong><br \/>(-21 for losing)\n|raw|FireInYourEye's rating: 1580 &rarr; <strong>1601<\/strong><br \/>(+21 for winning)\n|l|\u2606Eclipse77\n","uploadtime":1653865651,"views":7,"p1id":"eclipse77","p2id":"fireinyoureye","formatid":"gen8monotype","rating":1572,"private":0,"password":null}