{"id":"gen8ou-1702178390","p1":"minimax_ai","p2":"dracaufeu shiny","format":"gen8ou","log":"|j|\u2606minimax_ai\n|j|\u2606dracaufeu shiny\n|t:|1667518545\n|gametype|singles\n|player|p1|minimax_ai|lusamine-nihilego|1640\n|player|p2|dracaufeu shiny|red|1706\n|teamsize|p1|6\n|teamsize|p2|6\n|gen|8\n|tier|[Gen 8] OU\n|rated|\n|rule|Sleep Clause Mod: Limit one foe put to sleep\n|rule|Species Clause: Limit one of each Pok\u00e9mon\n|rule|OHKO Clause: OHKO moves are banned\n|rule|Evasion Items Clause: Evasion items are banned\n|rule|Evasion Moves Clause: Evasion moves are banned\n|rule|Endless Battle Clause: Forcing endless battles is banned\n|rule|HP Percentage Mod: HP is shown in percentages\n|rule|Dynamax Clause: You cannot dynamax\n|clearpoke\n|poke|p1|Rotom-Wash|\n|poke|p1|Weavile, M|\n|poke|p1|Landorus-Therian, M|\n|poke|p1|Heatran, M|\n|poke|p1|Tangrowth, M|\n|poke|p1|Melmetal|\n|poke|p2|Pelipper, F|\n|poke|p2|Tyranitar, M|\n|poke|p2|Ferrothorn, F|\n|poke|p2|Zapdos|\n|poke|p2|Urshifu-*, M|\n|poke|p2|Excadrill, M|\n|teampreview\n|c|\u2606minimax_ai|hf\n|inactive|Battle timer is ON: inactive players will automatically lose when time's up. (requested by minimax_ai)\n|\n|t:|1667518550\n|start\n|switch|p1a: Tangrowth|Tangrowth, M|100\/100\n|switch|p2a: Ferrothorn|Ferrothorn, F|100\/100\n|turn|1\n|\n|t:|1667518553\n|move|p1a: Tangrowth|Focus Blast|p2a: Ferrothorn|[miss]\n|-miss|p1a: Tangrowth|p2a: Ferrothorn\n|move|p2a: Ferrothorn|Stealth Rock|p1a: Tangrowth\n|-sidestart|p1: minimax_ai|move: Stealth Rock\n|\n|upkeep\n|turn|2\n|\n|t:|1667518555\n|move|p1a: Tangrowth|Focus Blast|p2a: Ferrothorn\n|-supereffective|p2a: Ferrothorn\n|-damage|p2a: Ferrothorn|53\/100\n|move|p2a: Ferrothorn|Knock Off|p1a: Tangrowth\n|-damage|p1a: Tangrowth|89\/100\n|-damage|p2a: Ferrothorn|37\/100|[from] item: Rocky Helmet|[of] p1a: Tangrowth\n|-enditem|p1a: Tangrowth|Rocky Helmet|[from] move: Knock Off|[of] p2a: Ferrothorn\n|\n|-heal|p2a: Ferrothorn|43\/100|[from] item: Leftovers\n|upkeep\n|turn|3\n|\n|t:|1667518560\n|switch|p2a: Zapdos|Zapdos|100\/100\n|move|p1a: Tangrowth|Focus Blast|p2a: Zapdos\n|-resisted|p2a: Zapdos\n|-damage|p2a: Zapdos|85\/100\n|-unboost|p2a: Zapdos|spd|1\n|\n|upkeep\n|turn|4\n|\n|t:|1667518563\n|switch|p1a: landorustherian|Landorus-Therian, M|100\/100\n|-damage|p1a: landorustherian|88\/100|[from] Stealth Rock\n|-ability|p1a: landorustherian|Intimidate|boost\n|-unboost|p2a: Zapdos|atk|1\n|move|p2a: Zapdos|Volt Switch|p1a: landorustherian\n|-immune|p1a: landorustherian\n|\n|-heal|p1a: landorustherian|94\/100|[from] item: Leftovers\n|upkeep\n|turn|5\n|\n|t:|1667518565\n|move|p2a: Zapdos|Hurricane|p1a: landorustherian|[miss]\n|-miss|p2a: Zapdos|p1a: landorustherian\n|move|p1a: landorustherian|Defog|p2a: Zapdos\n|-unboost|p2a: Zapdos|evasion|1\n|-sideend|p1: minimax_ai|Stealth Rock|[from] move: Defog|[of] p1a: landorustherian\n|\n|-heal|p1a: landorustherian|99\/100|[from] item: Leftovers\n|upkeep\n|turn|6\n|\n|t:|1667518567\n|move|p2a: Zapdos|Hurricane|p1a: landorustherian\n|-damage|p1a: landorustherian|68\/100\n|move|p1a: landorustherian|Earthquake|p2a: Zapdos\n|-immune|p2a: Zapdos\n|\n|-heal|p1a: landorustherian|74\/100|[from] item: Leftovers\n|upkeep\n|turn|7\n|\n|t:|1667518569\n|move|p2a: Zapdos|Hurricane|p1a: landorustherian\n|-damage|p1a: landorustherian|37\/100\n|-start|p1a: landorustherian|confusion\n|-activate|p1a: landorustherian|confusion\n|move|p1a: landorustherian|Earthquake|p2a: Zapdos\n|-immune|p2a: Zapdos\n|\n|-heal|p1a: landorustherian|43\/100|[from] item: Leftovers\n|upkeep\n|turn|8\n|\n|t:|1667518571\n|move|p2a: Zapdos|Hurricane|p1a: landorustherian\n|-damage|p1a: landorustherian|9\/100\n|-end|p1a: landorustherian|confusion\n|move|p1a: landorustherian|U-turn|p2a: Zapdos\n|-resisted|p2a: Zapdos\n|-damage|p2a: Zapdos|76\/100\n|\n|t:|1667518571\n|switch|p1a: Weavile|Weavile, M|100\/100|[from]move: U-turn\n|-ability|p1a: Weavile|Pressure\n|\n|upkeep\n|turn|9\n|\n|t:|1667518577\n|switch|p2a: Ferrothorn|Ferrothorn, F|43\/100\n|move|p1a: Weavile|Triple Axel|p2a: Ferrothorn\n|-damage|p2a: Ferrothorn|35\/100\n|-damage|p1a: Weavile|88\/100|[from] ability: Iron Barbs|[of] p2a: Ferrothorn\n|-damage|p2a: Ferrothorn|18\/100\n|-damage|p1a: Weavile|76\/100|[from] ability: Iron Barbs|[of] p2a: Ferrothorn\n|-damage|p2a: Ferrothorn|0 fnt\n|-damage|p1a: Weavile|63\/100|[from] ability: Iron Barbs|[of] p2a: Ferrothorn\n|faint|p2a: Ferrothorn\n|-hitcount|p2: Ferrothorn|3\n|\n|upkeep\n|\n|t:|1667518580\n|switch|p2a: Urshifu|Urshifu-Rapid-Strike, M|100\/100\n|turn|10\n|\n|t:|1667518581\n|switch|p1a: Tangrowth|Tangrowth, M|100\/100\n|move|p2a: Urshifu|U-turn|p1a: Tangrowth\n|-supereffective|p1a: Tangrowth\n|-damage|p1a: Tangrowth|76\/100\n|\n|t:|1667518587\n|switch|p2a: Pelipper|Pelipper, F|100\/100|[from]move: U-turn\n|-weather|RainDance|[from] ability: Drizzle|[of] p2a: Pelipper\n|\n|-weather|RainDance|[upkeep]\n|upkeep\n|turn|11\n|\n|t:|1667518590\n|switch|p1a: Melmetal|Melmetal|100\/100\n|move|p2a: Pelipper|Hurricane|p1a: Melmetal\n|-resisted|p1a: Melmetal\n|-damage|p1a: Melmetal|79\/100\n|\n|-weather|RainDance|[upkeep]\n|upkeep\n|turn|12\n|\n|t:|1667518597\n|switch|p2a: Excadrill|Excadrill, M|100\/100\n|move|p1a: Melmetal|Double Iron Bash|p2a: Excadrill\n|-resisted|p2a: Excadrill\n|-damage|p2a: Excadrill|71\/100\n|-resisted|p2a: Excadrill\n|-damage|p2a: Excadrill|41\/100\n|-hitcount|p2a: Excadrill|2\n|\n|-weather|RainDance|[upkeep]\n|-heal|p2a: Excadrill|47\/100|[from] item: Leftovers\n|upkeep\n|turn|13\n|\n|t:|1667518600\n|move|p2a: Excadrill|Swords Dance|p2a: Excadrill\n|-boost|p2a: Excadrill|atk|2\n|move|p1a: Melmetal|Double Iron Bash|p2a: Excadrill\n|-resisted|p2a: Excadrill\n|-damage|p2a: Excadrill|17\/100\n|-resisted|p2a: Excadrill\n|-damage|p2a: Excadrill|0 fnt\n|faint|p2a: Excadrill\n|-hitcount|p2: Excadrill|2\n|\n|-weather|RainDance|[upkeep]\n|upkeep\n|\n|t:|1667518604\n|switch|p2a: Pelipper|Pelipper, F|100\/100\n|turn|14\n|\n|t:|1667518606\n|move|p2a: Pelipper|Weather Ball|p1a: Melmetal\n|-damage|p1a: Melmetal|26\/100\n|move|p1a: Melmetal|Thunder Punch|p2a: Pelipper\n|-supereffective|p2a: Pelipper\n|-damage|p2a: Pelipper|0 fnt\n|faint|p2a: Pelipper\n|\n|-weather|none\n|upkeep\n|\n|t:|1667518610\n|switch|p2a: Urshifu|Urshifu-Rapid-Strike, M|100\/100\n|turn|15\n|\n|t:|1667518612\n|switch|p1a: Tangrowth|Tangrowth, M|100\/100\n|move|p2a: Urshifu|Close Combat|p1a: Tangrowth\n|-damage|p1a: Tangrowth|66\/100\n|-unboost|p2a: Urshifu|def|1\n|-unboost|p2a: Urshifu|spd|1\n|\n|upkeep\n|turn|16\n|\n|t:|1667518616\n|switch|p2a: Zapdos|Zapdos|76\/100\n|move|p1a: Tangrowth|Sleep Powder|p2a: Zapdos\n|-status|p2a: Zapdos|slp|[from] move: Sleep Powder\n|\n|upkeep\n|turn|17\n|\n|t:|1667518618\n|switch|p1a: Weavile|Weavile, M|63\/100\n|-ability|p1a: Weavile|Pressure\n|cant|p2a: Zapdos|slp\n|\n|upkeep\n|turn|18\n|\n|t:|1667518622\n|switch|p2a: Tyranitar|Tyranitar, M|100\/100\n|-weather|Sandstorm|[from] ability: Sand Stream|[of] p2a: Tyranitar\n|move|p1a: Weavile|Triple Axel|p2a: Tyranitar\n|-damage|p2a: Tyranitar|86\/100\n|-damage|p2a: Tyranitar|61\/100\n|-hitcount|p2a: Tyranitar|2\n|\n|-weather|Sandstorm|[upkeep]\n|-damage|p1a: Weavile|57\/100|[from] Sandstorm\n|upkeep\n|turn|19\n|\n|t:|1667518625\n|switch|p1a: Tangrowth|Tangrowth, M|99\/100\n|move|p2a: Tyranitar|Crunch|p1a: Tangrowth\n|-damage|p1a: Tangrowth|65\/100\n|\n|-weather|Sandstorm|[upkeep]\n|-damage|p1a: Tangrowth|58\/100|[from] Sandstorm\n|upkeep\n|turn|20\n|\n|t:|1667518627\n|move|p2a: Tyranitar|Crunch|p1a: Tangrowth\n|-damage|p1a: Tangrowth|19\/100\n|-unboost|p1a: Tangrowth|def|1\n|move|p1a: Tangrowth|Focus Blast|p2a: Tyranitar\n|-supereffective|p2a: Tyranitar\n|-damage|p2a: Tyranitar|0 fnt\n|faint|p2a: Tyranitar\n|\n|-weather|Sandstorm|[upkeep]\n|-damage|p1a: Tangrowth|13\/100|[from] Sandstorm\n|upkeep\n|\n|t:|1667518631\n|switch|p2a: Urshifu|Urshifu-Rapid-Strike, M|100\/100\n|turn|21\n|\n|t:|1667518632\n|switch|p1a: landorustherian|Landorus-Therian, M|9\/100\n|-ability|p1a: landorustherian|Intimidate|boost\n|-unboost|p2a: Urshifu|atk|1\n|move|p2a: Urshifu|U-turn|p1a: landorustherian\n|-resisted|p1a: landorustherian\n|-damage|p1a: landorustherian|1\/100\n|\n|t:|1667518634\n|switch|p2a: Zapdos|Zapdos|76\/100 slp|[from]move: U-turn\n|\n|-weather|Sandstorm|[upkeep]\n|-damage|p2a: Zapdos|70\/100 slp|[from] Sandstorm\n|-heal|p1a: landorustherian|7\/100|[from] item: Leftovers\n|upkeep\n|turn|22\n|\n|t:|1667518636\n|-curestatus|p2a: Zapdos|slp|[msg]\n|move|p2a: Zapdos|Roost|p2a: Zapdos\n|-heal|p2a: Zapdos|100\/100\n|-singleturn|p2a: Zapdos|move: Roost\n|move|p1a: landorustherian|Toxic|p2a: Zapdos\n|-status|p2a: Zapdos|tox\n|\n|-weather|none\n|-heal|p1a: landorustherian|13\/100|[from] item: Leftovers\n|-damage|p2a: Zapdos|94\/100 tox|[from] psn\n|upkeep\n|turn|23\n|\n|t:|1667518640\n|move|p2a: Zapdos|Hurricane|p1a: landorustherian\n|-damage|p1a: landorustherian|0 fnt\n|faint|p1a: landorustherian\n|\n|-damage|p2a: Zapdos|82\/100 tox|[from] psn\n|upkeep\n|\n|t:|1667518640\n|switch|p1a: Heatran|Heatran, M|100\/100\n|-item|p1a: Heatran|Air Balloon\n|turn|24\n|\n|t:|1667518645\n|move|p2a: Zapdos|Volt Switch|p1a: Heatran\n|-damage|p1a: Heatran|74\/100\n|-enditem|p1a: Heatran|Air Balloon\n|\n|t:|1667518647\n|switch|p2a: Urshifu|Urshifu-Rapid-Strike, M|100\/100|[from]move: Volt Switch\n|move|p1a: Heatran|Eruption|p2a: Urshifu\n|-resisted|p2a: Urshifu\n|-damage|p2a: Urshifu|61\/100\n|\n|upkeep\n|turn|25\n|\n|t:|1667518649\n|switch|p1a: Tangrowth|Tangrowth, M|46\/100\n|move|p2a: Urshifu|U-turn|p1a: Tangrowth\n|-supereffective|p1a: Tangrowth\n|-damage|p1a: Tangrowth|21\/100\n|\n|t:|1667518651\n|switch|p2a: Zapdos|Zapdos|82\/100 tox|[from]move: U-turn\n|\n|-damage|p2a: Zapdos|76\/100 tox|[from] psn\n|upkeep\n|turn|26\n|\n|t:|1667518655\n|switch|p1a: Melmetal|Melmetal|26\/100\n|move|p2a: Zapdos|Hurricane|p1a: Melmetal\n|-resisted|p1a: Melmetal\n|-damage|p1a: Melmetal|14\/100\n|\n|-damage|p2a: Zapdos|64\/100 tox|[from] psn\n|upkeep\n|turn|27\n|\n|t:|1667518656\n|switch|p1a: Tangrowth|Tangrowth, M|54\/100\n|move|p2a: Zapdos|Volt Switch|p1a: Tangrowth\n|-resisted|p1a: Tangrowth\n|-damage|p1a: Tangrowth|34\/100\n|\n|t:|1667518658\n|switch|p2a: Urshifu|Urshifu-Rapid-Strike, M|61\/100|[from]move: Volt Switch\n|\n|upkeep\n|turn|28\n|\n|t:|1667518660\n|switch|p1a: Melmetal|Melmetal|14\/100\n|move|p2a: Urshifu|U-turn|p1a: Melmetal\n|-resisted|p1a: Melmetal\n|-damage|p1a: Melmetal|8\/100\n|\n|t:|1667518662\n|switch|p2a: Zapdos|Zapdos|64\/100 tox|[from]move: U-turn\n|\n|-damage|p2a: Zapdos|58\/100 tox|[from] psn\n|upkeep\n|turn|29\n|\n|t:|1667518664\n|switch|p1a: rotomwash|Rotom-Wash|100\/100\n|move|p2a: Zapdos|Roost|p2a: Zapdos\n|-heal|p2a: Zapdos|100\/100 tox\n|-singleturn|p2a: Zapdos|move: Roost\n|\n|-damage|p2a: Zapdos|88\/100 tox|[from] psn\n|upkeep\n|turn|30\n|\n|t:|1667518666\n|move|p2a: Zapdos|Volt Switch|p1a: rotomwash\n|-damage|p1a: rotomwash|68\/100\n|\n|t:|1667518668\n|switch|p2a: Urshifu|Urshifu-Rapid-Strike, M|61\/100|[from]move: Volt Switch\n|move|p1a: rotomwash|Thunderbolt|p2a: Urshifu\n|-supereffective|p2a: Urshifu\n|-damage|p2a: Urshifu|0 fnt\n|faint|p2a: Urshifu\n|\n|-heal|p1a: rotomwash|74\/100|[from] item: Leftovers\n|upkeep\n|\n|t:|1667518670\n|switch|p2a: Zapdos|Zapdos|88\/100 tox\n|turn|31\n|\n|t:|1667518671\n|move|p2a: Zapdos|Hurricane|p1a: rotomwash|[miss]\n|-miss|p2a: Zapdos|p1a: rotomwash\n|move|p1a: rotomwash|Nasty Plot|p1a: rotomwash\n|-boost|p1a: rotomwash|spa|2\n|\n|-heal|p1a: rotomwash|80\/100|[from] item: Leftovers\n|-damage|p2a: Zapdos|82\/100 tox|[from] psn\n|upkeep\n|turn|32\n|-message|dracaufeu shiny forfeited.\n|\n|win|minimax_ai\n|raw|minimax_ai's rating: 1640 &rarr; <strong>1664<\/strong><br \/>(+24 for winning)\n|raw|dracaufeu shiny's rating: 1706 &rarr; <strong>1682<\/strong><br \/>(-24 for losing)\n|c|\u2606minimax_ai|gg\n|l|\u2606dracaufeu shiny\n","uploadtime":1667518675,"views":10,"p1id":"minimaxai","p2id":"dracaufeushiny","formatid":"gen8ou","rating":1664,"private":0,"password":null}