{"id":"gen8ou-1445581187","p1":"Infernoss","p2":"Steez Ibanez","format":"gen8ou","log":"|j|\u2606Infernoss\n|j|\u2606Steez Ibanez\n|t:|1635622441\n|gametype|singles\n|player|p1|Infernoss|blue|1760\n|player|p2|Steez Ibanez|policeman-gen4|1898\n|teamsize|p1|6\n|teamsize|p2|6\n|gen|8\n|tier|[Gen 8] OU\n|rated|\n|rule|Sleep Clause Mod: Limit one foe put to sleep\n|rule|Species Clause: Limit one of each Pok\u00e9mon\n|rule|OHKO Clause: OHKO moves are banned\n|rule|Evasion Moves Clause: Evasion moves are banned\n|rule|Endless Battle Clause: Forcing endless battles is banned\n|rule|HP Percentage Mod: HP is shown in percentages\n|rule|Dynamax Clause: You cannot dynamax\n|clearpoke\n|poke|p1|Slowbro, M|\n|poke|p1|Garchomp, M|\n|poke|p1|Hatterene, F|\n|poke|p1|Ferrothorn, M|\n|poke|p1|Drampa, M|\n|poke|p1|Marowak-Alola, F|\n|poke|p2|Torkoal, M|\n|poke|p2|Landorus-Therian, M|\n|poke|p2|Kyurem|\n|poke|p2|Heatran, M|\n|poke|p2|Corviknight, M|\n|poke|p2|Venusaur, M|\n|teampreview\n|\n|t:|1635622462\n|start\n|switch|p1a: Falkor|Drampa, M, shiny|100\/100\n|switch|p2a: Hephaestus|Heatran, M|100\/100\n|turn|1\n|\n|t:|1635622472\n|switch|p2a: Dick Grayson|Corviknight, M|100\/100\n|-ability|p2a: Dick Grayson|Pressure\n|move|p1a: Falkor|Focus Blast|p2a: Dick Grayson|[miss]\n|-miss|p1a: Falkor|p2a: Dick Grayson\n|\n|upkeep\n|turn|2\n|\n|t:|1635622484\n|move|p2a: Dick Grayson|Body Press|p1a: Falkor\n|-supereffective|p1a: Falkor\n|-damage|p1a: Falkor|60\/100\n|move|p1a: Falkor|Hyper Voice|p2a: Dick Grayson\n|-resisted|p2a: Dick Grayson\n|-damage|p2a: Dick Grayson|77\/100\n|-damage|p1a: Falkor|51\/100|[from] item: Life Orb\n|\n|-heal|p2a: Dick Grayson|83\/100|[from] item: Leftovers\n|upkeep\n|turn|3\n|\n|t:|1635622497\n|switch|p2a: Hephaestus|Heatran, M|100\/100\n|move|p1a: Falkor|Roost|p1a: Falkor\n|-heal|p1a: Falkor|100\/100\n|-singleturn|p1a: Falkor|move: Roost\n|\n|upkeep\n|turn|4\n|j| Riquelme14\n|\n|t:|1635622503\n|switch|p2a: Dick Grayson|Corviknight, M|83\/100\n|-ability|p2a: Dick Grayson|Pressure\n|move|p1a: Falkor|Focus Blast|p2a: Dick Grayson|[miss]\n|-miss|p1a: Falkor|p2a: Dick Grayson\n|\n|-heal|p2a: Dick Grayson|89\/100|[from] item: Leftovers\n|upkeep\n|turn|5\n|\n|t:|1635622514\n|switch|p2a: Hephaestus|Heatran, M|100\/100\n|move|p1a: Falkor|Thunderbolt|p2a: Hephaestus\n|-damage|p2a: Hephaestus|57\/100\n|-damage|p1a: Falkor|91\/100|[from] item: Life Orb\n|\n|upkeep\n|turn|6\n|l| Riquelme14\n|\n|t:|1635622536\n|switch|p2a: Dick Grayson|Corviknight, M|89\/100\n|-ability|p2a: Dick Grayson|Pressure\n|move|p1a: Falkor|Thunderbolt|p2a: Dick Grayson\n|-supereffective|p2a: Dick Grayson\n|-damage|p2a: Dick Grayson|27\/100\n|-damage|p1a: Falkor|81\/100|[from] item: Life Orb\n|\n|-heal|p2a: Dick Grayson|33\/100|[from] item: Leftovers\n|upkeep\n|turn|7\n|\n|t:|1635622545\n|move|p2a: Dick Grayson|Roost|p2a: Dick Grayson\n|-heal|p2a: Dick Grayson|83\/100\n|-singleturn|p2a: Dick Grayson|move: Roost\n|move|p1a: Falkor|Focus Blast|p2a: Dick Grayson|[miss]\n|-miss|p1a: Falkor|p2a: Dick Grayson\n|\n|-heal|p2a: Dick Grayson|89\/100|[from] item: Leftovers\n|upkeep\n|turn|8\n|c|\u2606Infernoss|is fcuking serius???\n|\n|t:|1635622558\n|switch|p2a: Hephaestus|Heatran, M|57\/100\n|move|p1a: Falkor|Roost|p1a: Falkor\n|-heal|p1a: Falkor|100\/100\n|-singleturn|p1a: Falkor|move: Roost\n|\n|upkeep\n|turn|9\n|\n|t:|1635622566\n|switch|p2a: Simba|Landorus-Therian, M|100\/100\n|-ability|p2a: Simba|Intimidate|boost\n|-unboost|p1a: Falkor|atk|1\n|move|p1a: Falkor|Thunderbolt|p2a: Simba\n|-immune|p2a: Simba\n|\n|upkeep\n|turn|10\n|\n|t:|1635622572\n|move|p2a: Simba|U-turn|p1a: Falkor\n|-damage|p1a: Falkor|74\/100\n|\n|t:|1635622574\n|switch|p2a: Dick Grayson|Corviknight, M|89\/100|[from]move: U-turn\n|-ability|p2a: Dick Grayson|Pressure\n|move|p1a: Falkor|Hyper Voice|p2a: Dick Grayson\n|-resisted|p2a: Dick Grayson\n|-damage|p2a: Dick Grayson|65\/100\n|-damage|p1a: Falkor|64\/100|[from] item: Life Orb\n|\n|-heal|p2a: Dick Grayson|71\/100|[from] item: Leftovers\n|upkeep\n|turn|11\n|\n|t:|1635622584\n|move|p2a: Dick Grayson|Body Press|p1a: Falkor\n|-supereffective|p1a: Falkor\n|-damage|p1a: Falkor|21\/100\n|-ability|p1a: Falkor|Berserk|boost\n|-boost|p1a: Falkor|spa|1\n|move|p1a: Falkor|Roost|p1a: Falkor\n|-heal|p1a: Falkor|72\/100\n|-singleturn|p1a: Falkor|move: Roost\n|\n|-heal|p2a: Dick Grayson|77\/100|[from] item: Leftovers\n|upkeep\n|turn|12\n|\n|t:|1635622593\n|move|p2a: Dick Grayson|Roost|p2a: Dick Grayson\n|-heal|p2a: Dick Grayson|100\/100\n|-singleturn|p2a: Dick Grayson|move: Roost\n|move|p1a: Falkor|Roost|p1a: Falkor\n|-heal|p1a: Falkor|100\/100\n|-singleturn|p1a: Falkor|move: Roost\n|\n|upkeep\n|turn|13\n|\n|t:|1635622601\n|switch|p2a: Simba|Landorus-Therian, M|100\/100\n|-ability|p2a: Simba|Intimidate|boost\n|-unboost|p1a: Falkor|atk|1\n|move|p1a: Falkor|Hyper Voice|p2a: Simba\n|-crit|p2a: Simba\n|-damage|p2a: Simba|0 fnt\n|faint|p2a: Simba\n|-damage|p1a: Falkor|91\/100|[from] item: Life Orb\n|\n|upkeep\n|\n|t:|1635622604\n|switch|p2a: Baldor|Kyurem|100\/100\n|-ability|p2a: Baldor|Pressure\n|turn|14\n|\n|t:|1635622613\n|switch|p1a: Miguelito|Ferrothorn, M|100\/100\n|move|p2a: Baldor|Freeze-Dry|p1a: Miguelito\n|-damage|p1a: Miguelito|76\/100\n|\n|-heal|p1a: Miguelito|83\/100|[from] item: Leftovers\n|upkeep\n|turn|15\n|j| Pusiah\n|\n|t:|1635622620\n|switch|p2a: Oogway|Torkoal, M|100\/100\n|-weather|SunnyDay|[from] ability: Drought|[of] p2a: Oogway\n|move|p1a: Miguelito|Stealth Rock|p2a: Oogway\n|-sidestart|p2: Steez Ibanez|move: Stealth Rock\n|\n|-weather|SunnyDay|[upkeep]\n|-heal|p1a: Miguelito|89\/100|[from] item: Leftovers\n|upkeep\n|turn|16\n|j| y0Asenz\n|\n|t:|1635622628\n|switch|p1a: Billy B.|Marowak-Alola, F|100\/100\n|move|p2a: Oogway|Lava Plume|p1a: Billy B.\n|-resisted|p1a: Billy B.\n|-damage|p1a: Billy B.|78\/100\n|\n|-weather|SunnyDay|[upkeep]\n|upkeep\n|turn|17\n|l| y0Asenz\n|\n|t:|1635622640\n|move|p1a: Billy B.|Substitute|p1a: Billy B.\n|-start|p1a: Billy B.|Substitute\n|-damage|p1a: Billy B.|53\/100\n|move|p2a: Oogway|Stealth Rock|p1a: Billy B.\n|-sidestart|p1: Infernoss|move: Stealth Rock\n|\n|-weather|SunnyDay|[upkeep]\n|upkeep\n|turn|18\n|\n|t:|1635622651\n|move|p1a: Billy B.|Poltergeist|p2a: Oogway\n|-activate|p2a: Oogway|move: Poltergeist|Heat Rock\n|-damage|p2a: Oogway|49\/100\n|move|p2a: Oogway|Lava Plume|p1a: Billy B.\n|-resisted|p1a: Billy B.\n|-activate|p1a: Billy B.|move: Substitute|[damage]\n|\n|-weather|SunnyDay|[upkeep]\n|upkeep\n|turn|19\n|j| Alejndro Sosa\n|\n|t:|1635622659\n|move|p1a: Billy B.|Poltergeist|p2a: Oogway\n|-activate|p2a: Oogway|move: Poltergeist|Heat Rock\n|-damage|p2a: Oogway|0 fnt\n|faint|p2a: Oogway\n|\n|-weather|SunnyDay|[upkeep]\n|upkeep\n|\n|t:|1635622661\n|switch|p2a: 4 20|Venusaur, M|100\/100\n|-damage|p2a: 4 20|88\/100|[from] Stealth Rock\n|turn|20\n|\n|t:|1635622668\n|move|p2a: 4 20|Earth Power|p1a: Billy B.\n|-supereffective|p1a: Billy B.\n|-end|p1a: Billy B.|Substitute\n|-damage|p2a: 4 20|78\/100|[from] item: Life Orb\n|move|p1a: Billy B.|Flare Blitz|p2a: 4 20\n|-supereffective|p2a: 4 20\n|-damage|p2a: 4 20|0 fnt\n|faint|p2a: 4 20\n|\n|-weather|SunnyDay|[upkeep]\n|upkeep\n|\n|t:|1635622670\n|switch|p2a: Baldor|Kyurem|100\/100\n|-ability|p2a: Baldor|Pressure\n|turn|21\n|\n|t:|1635622680\n|switch|p1a: Miguelito|Ferrothorn, M|89\/100\n|-damage|p1a: Miguelito|83\/100|[from] Stealth Rock\n|move|p2a: Baldor|Earth Power|p1a: Miguelito\n|-damage|p1a: Miguelito|63\/100\n|\n|-weather|SunnyDay|[upkeep]\n|-heal|p1a: Miguelito|70\/100|[from] item: Leftovers\n|upkeep\n|turn|22\n|\n|t:|1635622688\n|move|p2a: Baldor|Weather Ball|p1a: Miguelito\n|-supereffective|p1a: Miguelito\n|-damage|p1a: Miguelito|0 fnt\n|faint|p1a: Miguelito\n|\n|-weather|none\n|upkeep\n|j| Dristyr\n|\n|t:|1635622708\n|switch|p1a: Sonso|Slowbro, M|100\/100\n|-damage|p1a: Sonso|88\/100|[from] Stealth Rock\n|turn|23\n|\n|t:|1635622714\n|move|p2a: Baldor|Freeze-Dry|p1a: Sonso\n|-supereffective|p1a: Sonso\n|-damage|p1a: Sonso|16\/100\n|move|p1a: Sonso|Trick Room|p1a: Sonso\n|-fieldstart|move: Trick Room|[of] p1a: Sonso\n|\n|upkeep\n|turn|24\n|\n|t:|1635622725\n|move|p1a: Sonso|Body Press|p2a: Baldor\n|-supereffective|p2a: Baldor\n|-damage|p2a: Baldor|48\/100\n|move|p2a: Baldor|Earth Power|p1a: Sonso\n|-damage|p1a: Sonso|0 fnt\n|faint|p1a: Sonso\n|\n|upkeep\n|l| Alejndro Sosa\n|j| Alejndro Sosa\n|\n|t:|1635622732\n|switch|p1a: Falkor|Drampa, M, shiny|91\/100\n|-damage|p1a: Falkor|78\/100|[from] Stealth Rock\n|turn|25\n|\n|t:|1635622737\n|switch|p2a: Dick Grayson|Corviknight, M|100\/100\n|-damage|p2a: Dick Grayson|88\/100|[from] Stealth Rock\n|-ability|p2a: Dick Grayson|Pressure\n|move|p1a: Falkor|Hyper Voice|p2a: Dick Grayson\n|-resisted|p2a: Dick Grayson\n|-damage|p2a: Dick Grayson|66\/100\n|-damage|p1a: Falkor|69\/100|[from] item: Life Orb\n|\n|-heal|p2a: Dick Grayson|72\/100|[from] item: Leftovers\n|upkeep\n|turn|26\n|\n|t:|1635622747\n|move|p1a: Falkor|Thunderbolt|p2a: Dick Grayson\n|-supereffective|p2a: Dick Grayson\n|-damage|p2a: Dick Grayson|9\/100\n|-damage|p1a: Falkor|59\/100|[from] item: Life Orb\n|move|p2a: Dick Grayson|Roost|p2a: Dick Grayson\n|-heal|p2a: Dick Grayson|59\/100\n|-singleturn|p2a: Dick Grayson|move: Roost\n|\n|-heal|p2a: Dick Grayson|65\/100|[from] item: Leftovers\n|upkeep\n|turn|27\n|\n|t:|1635622758\n|switch|p2a: Baldor|Kyurem|48\/100\n|-ability|p2a: Baldor|Pressure\n|move|p1a: Falkor|Thunderbolt|p2a: Baldor\n|-resisted|p2a: Baldor\n|-damage|p2a: Baldor|25\/100\n|-damage|p1a: Falkor|49\/100|[from] item: Life Orb\n|\n|-fieldend|move: Trick Room\n|upkeep\n|turn|28\n|\n|t:|1635622768\n|switch|p1a: Gorra|Hatterene, F, shiny|100\/100\n|-damage|p1a: Gorra|88\/100|[from] Stealth Rock\n|move|p2a: Baldor|Freeze-Dry|p1a: Gorra\n|-damage|p1a: Gorra|60\/100\n|\n|upkeep\n|turn|29\n|\n|t:|1635622786\n|move|p2a: Baldor|Roost|p2a: Baldor\n|-heal|p2a: Baldor|75\/100\n|-singleturn|p2a: Baldor|move: Roost\n|move|p1a: Gorra|Draining Kiss|p2a: Baldor\n|-supereffective|p2a: Baldor\n|-damage|p2a: Baldor|37\/100\n|-heal|p1a: Gorra|95\/100|[from] drain|[of] p2a: Baldor\n|\n|upkeep\n|turn|30\n|\n|t:|1635622793\n|move|p2a: Baldor|Roost|p2a: Baldor\n|-heal|p2a: Baldor|87\/100\n|-singleturn|p2a: Baldor|move: Roost\n|move|p1a: Gorra|Mystical Fire|p2a: Baldor\n|-damage|p2a: Baldor|65\/100\n|-unboost|p2a: Baldor|spa|1\n|\n|upkeep\n|turn|31\n|l| Alejndro Sosa\n|\n|t:|1635622805\n|move|p2a: Baldor|Freeze-Dry|p1a: Gorra\n|-damage|p1a: Gorra|77\/100\n|move|p1a: Gorra|Trick Room|p1a: Gorra\n|-fieldstart|move: Trick Room|[of] p1a: Gorra\n|\n|upkeep\n|turn|32\n|\n|t:|1635622825\n|move|p1a: Gorra|Draining Kiss|p2a: Baldor\n|-supereffective|p2a: Baldor\n|-damage|p2a: Baldor|20\/100\n|-heal|p1a: Gorra|100\/100|[from] drain|[of] p2a: Baldor\n|move|p2a: Baldor|Roost|p2a: Baldor\n|-heal|p2a: Baldor|71\/100\n|-singleturn|p2a: Baldor|move: Roost\n|\n|upkeep\n|turn|33\n|l| Dristyr\n|\n|t:|1635622832\n|move|p1a: Gorra|Draining Kiss|p2a: Baldor\n|-supereffective|p2a: Baldor\n|-damage|p2a: Baldor|27\/100\n|move|p2a: Baldor|Roost|p2a: Baldor\n|-heal|p2a: Baldor|77\/100\n|-singleturn|p2a: Baldor|move: Roost\n|\n|upkeep\n|turn|34\n|\n|t:|1635622846\n|move|p1a: Gorra|Draining Kiss|p2a: Baldor\n|-supereffective|p2a: Baldor\n|-damage|p2a: Baldor|37\/100\n|move|p2a: Baldor|Roost|p2a: Baldor\n|-heal|p2a: Baldor|87\/100\n|-singleturn|p2a: Baldor|move: Roost\n|\n|upkeep\n|turn|35\n|\n|t:|1635622851\n|switch|p2a: Hephaestus|Heatran, M|57\/100\n|-damage|p2a: Hephaestus|44\/100|[from] Stealth Rock\n|move|p1a: Gorra|Mystical Fire|p2a: Hephaestus\n|-start|p2a: Hephaestus|ability: Flash Fire\n|\n|-fieldend|move: Trick Room\n|upkeep\n|turn|36\n|\n|t:|1635622859\n|move|p2a: Hephaestus|Flamethrower|p1a: Gorra\n|-damage|p1a: Gorra|17\/100\n|move|p1a: Gorra|Trick Room|p1a: Gorra\n|-fieldstart|move: Trick Room|[of] p1a: Gorra\n|\n|upkeep\n|turn|37\n|\n|t:|1635622867\n|-end|p2a: Hephaestus|ability: Flash Fire|[silent]\n|switch|p2a: Baldor|Kyurem|87\/100\n|-ability|p2a: Baldor|Pressure\n|move|p1a: Gorra|Healing Wish|p1a: Gorra\n|faint|p1a: Gorra\n|\n|upkeep\n|\n|t:|1635622873\n|switch|p1a: Billy B.|Marowak-Alola, F|53\/100\n|-heal|p1a: Billy B.|100\/100|[from] move: Healing Wish\n|-damage|p1a: Billy B.|76\/100|[from] Stealth Rock\n|turn|38\n|j| Grouchhooligan\n|\n|t:|1635622881\n|move|p1a: Billy B.|Flare Blitz|p2a: Baldor\n|-damage|p2a: Baldor|0 fnt\n|faint|p2a: Baldor\n|\n|upkeep\n|\n|t:|1635622891\n|switch|p2a: Hephaestus|Heatran, M|44\/100\n|-damage|p2a: Hephaestus|32\/100|[from] Stealth Rock\n|turn|39\n|\n|t:|1635622895\n|move|p1a: Billy B.|Poltergeist|p2a: Hephaestus\n|-activate|p2a: Hephaestus|move: Poltergeist|Choice Specs\n|-damage|p2a: Hephaestus|0 fnt\n|faint|p2a: Hephaestus\n|\n|upkeep\n|-message|Steez Ibanez forfeited.\n|\n|win|Infernoss\n|raw|Infernoss's rating: 1760 &rarr; <strong>1788<\/strong><br \/>(+28 for winning)\n|raw|Steez Ibanez's rating: 1898 &rarr; <strong>1870<\/strong><br \/>(-28 for losing)\n|l|\u2606Steez Ibanez\n","uploadtime":1635622904,"views":74,"p1id":"infernoss","p2id":"steezibanez","formatid":"gen8ou","rating":1788,"private":0,"password":null}