{"id":"gen8nationaldex-1544375882","p1":"Calag","p2":"Hikari-miyako","format":"gen8nationaldex","log":"|html|<div class=\"broadcast-blue\"><strong>[Gen 8] National Dex is currently suspecting Mega Blaziken! For information on how to participate check out the <a href=\"https:\/\/www.smogon.com\/forums\/threads\/national-dex-suspect-test-15-harder-better-faster-stronger.3699700\/\">suspect thread<\/a>.<\/strong><\/div>\n|j|\u2606Calag\n|j|\u2606Hikari-miyako\n|t:|1648904711\n|gametype|singles\n|player|p1|Calag|102|1515\n|player|p2|Hikari-miyako|ariana|1680\n|teamsize|p1|6\n|teamsize|p2|6\n|gen|8\n|tier|[Gen 8] National Dex\n|rated|\n|rule|HP Percentage Mod: HP is shown in percentages\n|rule|Endless Battle Clause: Forcing endless battles is banned\n|rule|OHKO Clause: OHKO moves are banned\n|rule|Evasion Moves Clause: Evasion moves are banned\n|rule|Species Clause: Limit one of each Pok\u00e9mon\n|rule|Dynamax Clause: You cannot dynamax\n|rule|Sleep Clause Mod: Limit one foe put to sleep\n|clearpoke\n|poke|p1|Pelipper, F|\n|poke|p1|Swampert, M|\n|poke|p1|Diggersby, M|\n|poke|p1|Ferrothorn, M|\n|poke|p1|Barraskewda, M|\n|poke|p1|Melmetal|\n|poke|p2|Landorus-Therian, M|\n|poke|p2|Blaziken, F|\n|poke|p2|Tapu Lele|\n|poke|p2|Serperior, F|\n|poke|p2|Greninja, M|\n|poke|p2|Thundurus, M|\n|teampreview\n|\n|t:|1648904735\n|start\n|switch|p1a: Diggersby|Diggersby, M|100\/100\n|switch|p2a: Landorus|Landorus-Therian, M|100\/100\n|-ability|p2a: Landorus|Intimidate|boost\n|-unboost|p1a: Diggersby|atk|1\n|turn|1\n|\n|t:|1648904744\n|move|p2a: Landorus|Stealth Rock|p1a: Diggersby\n|-sidestart|p1: Calag|move: Stealth Rock\n|move|p1a: Diggersby|Return|p2a: Landorus\n|-damage|p2a: Landorus|14\/100\n|\n|-heal|p2a: Landorus|20\/100|[from] item: Leftovers\n|upkeep\n|turn|2\n|\n|t:|1648904767\n|switch|p2a: Tapu Lele|Tapu Lele|100\/100\n|-fieldstart|move: Psychic Terrain|[from] ability: Psychic Surge|[of] p2a: Tapu Lele\n|move|p1a: Diggersby|Return|p2a: Tapu Lele\n|-damage|p2a: Tapu Lele|0 fnt\n|faint|p2a: Tapu Lele\n|\n|upkeep\n|\n|t:|1648904770\n|switch|p2a: Blaziken|Blaziken, F|100\/100\n|turn|3\n|\n|t:|1648904782\n|switch|p1a: Pelipper|Pelipper, F|100\/100\n|-damage|p1a: Pelipper|75\/100|[from] Stealth Rock\n|-weather|RainDance|[from] ability: Drizzle|[of] p1a: Pelipper\n|detailschange|p2a: Blaziken|Blaziken-Mega, F\n|-mega|p2a: Blaziken|Blaziken|Blazikenite\n|move|p2a: Blaziken|Close Combat|p1a: Pelipper\n|-resisted|p1a: Pelipper\n|-damage|p1a: Pelipper|35\/100\n|-unboost|p2a: Blaziken|def|1\n|-unboost|p2a: Blaziken|spd|1\n|\n|-weather|RainDance|[upkeep]\n|-ability|p2a: Blaziken|Speed Boost|boost\n|-boost|p2a: Blaziken|spe|1\n|upkeep\n|turn|4\n|\n|t:|1648904802\n|move|p2a: Blaziken|Close Combat|p1a: Pelipper\n|-resisted|p1a: Pelipper\n|-damage|p1a: Pelipper|0 fnt\n|-unboost|p2a: Blaziken|def|1\n|-unboost|p2a: Blaziken|spd|1\n|faint|p1a: Pelipper\n|\n|-weather|RainDance|[upkeep]\n|-ability|p2a: Blaziken|Speed Boost|boost\n|-boost|p2a: Blaziken|spe|1\n|upkeep\n|\n|t:|1648904815\n|switch|p1a: Barraskewda|Barraskewda, M|100\/100\n|-damage|p1a: Barraskewda|88\/100|[from] Stealth Rock\n|turn|5\n|\n|t:|1648904819\n|switch|p2a: Landorus|Landorus-Therian, M|20\/100\n|-ability|p2a: Landorus|Intimidate|boost\n|-unboost|p1a: Barraskewda|atk|1\n|move|p1a: Barraskewda|Liquidation|p2a: Landorus\n|-supereffective|p2a: Landorus\n|-damage|p2a: Landorus|0 fnt\n|faint|p2a: Landorus\n|-damage|p1a: Barraskewda|78\/100|[from] item: Life Orb\n|\n|-weather|RainDance|[upkeep]\n|upkeep\n|\n|t:|1648904822\n|switch|p2a: Serperior|Serperior, F|100\/100\n|turn|6\n|\n|t:|1648904833\n|move|p1a: Barraskewda|Liquidation|p2a: Serperior\n|-resisted|p2a: Serperior\n|-damage|p2a: Serperior|59\/100\n|-damage|p1a: Barraskewda|68\/100|[from] item: Life Orb\n|move|p2a: Serperior|Leaf Storm|p1a: Barraskewda\n|-supereffective|p1a: Barraskewda\n|-damage|p1a: Barraskewda|0 fnt\n|-boost|p2a: Serperior|spa|2\n|faint|p1a: Barraskewda\n|\n|-weather|RainDance|[upkeep]\n|upkeep\n|inactive|Battle timer is ON: inactive players will automatically lose when time's up. (requested by Hikari-miyako)\n|\n|t:|1648904848\n|switch|p1a: Ferrothorn|Ferrothorn, M|100\/100\n|-damage|p1a: Ferrothorn|94\/100|[from] Stealth Rock\n|turn|7\n|\n|t:|1648904855\n|switch|p2a: Blaziken|Blaziken-Mega, F|100\/100\n|move|p1a: Ferrothorn|Gyro Ball|p2a: Blaziken\n|-resisted|p2a: Blaziken\n|-damage|p2a: Blaziken|63\/100\n|\n|-weather|RainDance|[upkeep]\n|-heal|p1a: Ferrothorn|100\/100|[from] item: Leftovers\n|upkeep\n|turn|8\n|\n|t:|1648904863\n|move|p2a: Blaziken|Fire Blast|p1a: Ferrothorn\n|-supereffective|p1a: Ferrothorn\n|-damage|p1a: Ferrothorn|39\/100\n|move|p1a: Ferrothorn|Gyro Ball|p2a: Blaziken\n|-resisted|p2a: Blaziken\n|-damage|p2a: Blaziken|26\/100\n|\n|-weather|RainDance|[upkeep]\n|-heal|p1a: Ferrothorn|45\/100|[from] item: Leftovers\n|-ability|p2a: Blaziken|Speed Boost|boost\n|-boost|p2a: Blaziken|spe|1\n|upkeep\n|turn|9\n|\n|t:|1648904875\n|move|p2a: Blaziken|Fire Blast|p1a: Ferrothorn\n|-supereffective|p1a: Ferrothorn\n|-damage|p1a: Ferrothorn|0 fnt\n|faint|p1a: Ferrothorn\n|\n|-weather|RainDance|[upkeep]\n|-fieldend|move: Psychic Terrain\n|-ability|p2a: Blaziken|Speed Boost|boost\n|-boost|p2a: Blaziken|spe|1\n|upkeep\n|\n|t:|1648904884\n|switch|p1a: Diggersby|Diggersby, M|100\/100\n|-damage|p1a: Diggersby|94\/100|[from] Stealth Rock\n|turn|10\n|\n|t:|1648904888\n|switch|p2a: Thundurus|Thundurus, M|100\/100\n|move|p1a: Diggersby|Quick Attack|p2a: Thundurus\n|-damage|p2a: Thundurus|25\/100\n|\n|-weather|none\n|upkeep\n|turn|11\n|\n|t:|1648904895\n|move|p1a: Diggersby|Quick Attack|p2a: Thundurus\n|-damage|p2a: Thundurus|0 fnt\n|faint|p2a: Thundurus\n|\n|upkeep\n|\n|t:|1648904896\n|switch|p2a: Greninja|Greninja, M|100\/100\n|turn|12\n|\n|t:|1648904902\n|switch|p1a: Melmetal|Melmetal|100\/100\n|-damage|p1a: Melmetal|94\/100|[from] Stealth Rock\n|move|p2a: Greninja|Hydro Pump|p1a: Melmetal|[miss]\n|-miss|p2a: Greninja|p1a: Melmetal\n|\n|upkeep\n|turn|13\n|\n|t:|1648904910\n|move|p2a: Greninja|Hydro Pump|p1a: Melmetal|[miss]\n|-miss|p2a: Greninja|p1a: Melmetal\n|move|p1a: Melmetal|Double Iron Bash|p2a: Greninja\n|-resisted|p2a: Greninja\n|-damage|p2a: Greninja|69\/100\n|-resisted|p2a: Greninja\n|-damage|p2a: Greninja|40\/100\n|-hitcount|p2a: Greninja|2\n|\n|upkeep\n|turn|14\n|\n|t:|1648904918\n|move|p2a: Greninja|Hydro Pump|p1a: Melmetal\n|-damage|p1a: Melmetal|49\/100\n|-damage|p2a: Greninja|31\/100|[from] item: Life Orb\n|move|p1a: Melmetal|Double Iron Bash|p2a: Greninja\n|-resisted|p2a: Greninja\n|-damage|p2a: Greninja|0 fnt\n|faint|p2a: Greninja\n|-hitcount|p2: Greninja|1\n|\n|upkeep\n|\n|t:|1648904922\n|switch|p2a: Blaziken|Blaziken-Mega, F|26\/100\n|turn|15\n|\n|t:|1648904930\n|move|p2a: Blaziken|Close Combat|p1a: Melmetal\n|-supereffective|p1a: Melmetal\n|-damage|p1a: Melmetal|0 fnt\n|-unboost|p2a: Blaziken|def|1\n|-unboost|p2a: Blaziken|spd|1\n|faint|p1a: Melmetal\n|\n|-ability|p2a: Blaziken|Speed Boost|boost\n|-boost|p2a: Blaziken|spe|1\n|upkeep\n|c|\u2606Calag|Gg\n|\n|t:|1648904944\n|switch|p1a: Diggersby|Diggersby, M|94\/100\n|-damage|p1a: Diggersby|88\/100|[from] Stealth Rock\n|turn|16\n|\n|t:|1648904948\n|move|p1a: Diggersby|Quick Attack|p2a: Blaziken\n|-damage|p2a: Blaziken|0 fnt\n|faint|p2a: Blaziken\n|\n|upkeep\n|\n|t:|1648904950\n|switch|p2a: Serperior|Serperior, F|59\/100\n|turn|17\n|\n|t:|1648904956\n|move|p1a: Diggersby|Quick Attack|p2a: Serperior\n|-damage|p2a: Serperior|0 fnt\n|faint|p2a: Serperior\n|\n|win|Calag\n|raw|Calag's rating: 1515 &rarr; <strong>1544<\/strong><br \/>(+29 for winning)\n|raw|Hikari-miyako's rating: 1680 &rarr; <strong>1651<\/strong><br \/>(-29 for losing)\n|l|\u2606Hikari-miyako\n","uploadtime":1648904967,"views":23,"p1id":"calag","p2id":"hikarimiyako","formatid":"gen8nationaldex","rating":1544,"private":0,"password":null}