{"id":"gen8battlefactory-1701635998","p1":"mew2629\u6b3a\u4e16\u76d7\u540d\u5ca9\u96f7\u9e1f","p2":"Ferrothornail\u8349\u94a2\u7532","format":"gen8battlefactory","log":"|j|\u2606mew2629\u6b3a\u4e16\u76d7\u540d\u5ca9\u96f7\u9e1f\n|j|\u2606Ferrothornail\u8349\u94a2\u7532\n|t:|1667474186\n|gametype|singles\n|player|p1|mew2629\u6b3a\u4e16\u76d7\u540d\u5ca9\u96f7\u9e1f|nurse|\n|player|p2|Ferrothornail\u8349\u94a2\u7532|lillie|\n|teamsize|p1|6\n|teamsize|p2|6\n|gen|8\n|tier|[Gen 8] Battle Factory\n|rated|Tournament battle\n|rule|Sleep Clause Mod: Limit one foe put to sleep\n|rule|Species Clause: Limit one of each Pok\u00e9mon\n|rule|OHKO Clause: OHKO moves are banned\n|rule|Evasion Items Clause: Evasion items are banned\n|rule|Evasion Moves Clause: Evasion moves are banned\n|rule|Endless Battle Clause: Forcing endless battles is banned\n|rule|HP Percentage Mod: HP is shown in percentages\n|rule|Dynamax Clause: You cannot dynamax\n|clearpoke\n|poke|p1|Drilbur, L5, F|\n|poke|p1|Munchlax, L5, F|\n|poke|p1|Morelull, L5, M|\n|poke|p1|Frillish, L5, M|\n|poke|p1|Ponyta-Galar, L5, M|\n|poke|p1|Magby, L5, F|\n|poke|p2|Trapinch, L5, F|\n|poke|p2|Porygon, L5|\n|poke|p2|Scorbunny, L5, F|\n|poke|p2|Timburr, L5, F|\n|poke|p2|Foongus, L5, M|\n|poke|p2|Croagunk, L5, F|\n|teampreview\n|c|\u2606mew2629\u6b3a\u4e16\u76d7\u540d\u5ca9\u96f7\u9e1f|\u7ed9\u4e2a\u5bc4\u4f1a\n|j| rock thunder bird\n|\n|t:|1667474207\n|start\n|switch|p1a: Morelull|Morelull, L5, M|23\/23\n|switch|p2a: Trapinch|Trapinch, L5, F|21\/21\n|turn|1\n|j| Sweetdoll\n|c| rock thunder bird|\u53c8\u662f\u5b9d\u5b9d\u5927\u6218\n|\n|t:|1667474215\n|switch|p2a: Foongus|Foongus, L5, M|25\/25\n|move|p1a: Morelull|Giga Drain|p2a: Foongus\n|-resisted|p2a: Foongus\n|-damage|p2a: Foongus|24\/25\n|\n|upkeep\n|turn|2\n|c| rock thunder bird|\u7761\u4e86\u4ed6\uff01\n|c| Sweetdoll|\u6211\u6765\u4e86\n|\n|t:|1667474228\n|switch|p1a: Magby|Magby, L5, F|20\/20\n|move|p2a: Foongus|Spore|p1a: Magby\n|-immune|p1a: Magby|[from] ability: Vital Spirit\n|\n|upkeep\n|turn|3\n|c| rock thunder bird|\u7761\u7a7f\u4ed6\n|c| rock thunder bird|\u6211\u9760\n|c| rock thunder bird|\u4e0d\u7720\u5417\n|c| rock thunder bird|\u8fd8\u662f\u4ec0\u4e48\n|c|\u2606mew2629\u6b3a\u4e16\u76d7\u540d\u5ca9\u96f7\u9e1f|awa\n|c|\u2606mew2629\u6b3a\u4e16\u76d7\u540d\u5ca9\u96f7\u9e1f|\u5c31\u662f\u4e0d\u7720\n|c|\u2606Ferrothornail\u8349\u94a2\u7532|\u53cc\u65b9\u90fd\u6709\u4e00\u53ea\u6321\u50ac\u7684\u7cbe\u7075\u554a\n|\n|t:|1667474253\n|switch|p2a: Scorbunny|Scorbunny, L5, F|22\/22\n|move|p1a: Magby|Belly Drum|p1a: Magby\n|-damage|p1a: Magby|10\/20\n|-setboost|p1a: Magby|atk|6|[from] move: Belly Drum\n|-enditem|p1a: Magby|Berry Juice\n|-heal|p1a: Magby|20\/20|[from] item: Berry Juice\n|\n|upkeep\n|turn|4\n|c| rock thunder bird|\u8fd8\u6709\u8fd9\u7279\u6027\n|c| rock thunder bird|\u554a\u8fd9\n|c| rock thunder bird|6\n|\n|t:|1667474267\n|move|p2a: Scorbunny|Sucker Punch|p1a: Magby\n|-start|p2a: Scorbunny|typechange|Dark|[from] ability: Libero\n|-damage|p1a: Magby|8\/20\n|move|p1a: Magby|Thunder Punch|p2a: Scorbunny\n|-damage|p2a: Scorbunny|0 fnt\n|faint|p2a: Scorbunny\n|\n|upkeep\n|c|\u2606mew2629\u6b3a\u4e16\u76d7\u540d\u5ca9\u96f7\u9e1f|\u4e50\u4e86\n|c| rock thunder bird|\u94a2\u7237\u725b\u903c\uff01\n|j| lu_ren_qwq\n|c|\u2606mew2629\u6b3a\u4e16\u76d7\u540d\u5ca9\u96f7\u9e1f|\u4e0d\u4e50\u4e86\n|\n|t:|1667474274\n|switch|p2a: Croagunk|Croagunk, L5, F|21\/21\n|turn|5\n|\n|t:|1667474278\n|move|p1a: Magby|Mach Punch|p2a: Croagunk\n|-resisted|p2a: Croagunk\n|-damage|p2a: Croagunk|12\/21\n|move|p2a: Croagunk|Vacuum Wave|p1a: Magby\n|-damage|p1a: Magby|1\/20\n|\n|upkeep\n|turn|6\n|c| rock thunder bird|\u7532\u54e5\u5389\u5bb3\uff01\n|\n|t:|1667474281\n|move|p1a: Magby|Mach Punch|p2a: Croagunk\n|-resisted|p2a: Croagunk\n|-damage|p2a: Croagunk|3\/21\n|-enditem|p2a: Croagunk|Berry Juice\n|-heal|p2a: Croagunk|21\/21|[from] item: Berry Juice\n|move|p2a: Croagunk|Vacuum Wave|p1a: Magby\n|-damage|p1a: Magby|0 fnt\n|faint|p1a: Magby\n|\n|upkeep\n|\n|t:|1667474286\n|switch|p1a: Drilbur|Drilbur, L5, F|23\/23\n|-ability|p1a: Drilbur|Mold Breaker\n|turn|7\n|c| rock thunder bird|\u7532\u54e5\u5a01\u6b66\uff01\n|\n|t:|1667474291\n|switch|p2a: Trapinch|Trapinch, L5, F|21\/21\n|move|p1a: Drilbur|Earthquake|p2a: Trapinch\n|-damage|p2a: Trapinch|11\/21\n|\n|upkeep\n|turn|8\n|\n|t:|1667474298\n|move|p1a: Drilbur|Stealth Rock|p2a: Trapinch\n|-sidestart|p2: Ferrothornail\u8349\u94a2\u7532|move: Stealth Rock\n|move|p2a: Trapinch|Earthquake|p1a: Drilbur\n|-crit|p1a: Drilbur\n|-damage|p1a: Drilbur|2\/23\n|\n|upkeep\n|turn|9\n|\n|t:|1667474303\n|move|p2a: Trapinch|Feint|p1a: Drilbur\n|-damage|p1a: Drilbur|0 fnt\n|faint|p1a: Drilbur\n|\n|upkeep\n|l| Sweetdoll\n|\n|t:|1667474310\n|switch|p1a: Frillish|Frillish, L5, M|24\/24\n|turn|10\n|c| rock thunder bird|\u8fd9\u53c8\u662f\u4ec0\u4e48\n|\n|t:|1667474314\n|switch|p2a: Porygon|Porygon, L5|23\/23\n|-damage|p2a: Porygon|21\/23|[from] Stealth Rock\n|-ability|p2a: Porygon|Download|boost\n|-boost|p2a: Porygon|atk|1\n|move|p1a: Frillish|Scald|p2a: Porygon\n|-damage|p2a: Porygon|15\/23\n|\n|upkeep\n|turn|11\n|c|\u2606mew2629\u6b3a\u4e16\u76d7\u540d\u5ca9\u96f7\u9e1f|\u4f6f\u653b\n|\n|t:|1667474327\n|move|p2a: Porygon|Recover|p2a: Porygon\n|-heal|p2a: Porygon|23\/23\n|move|p1a: Frillish|Scald|p2a: Porygon\n|-damage|p2a: Porygon|17\/23\n|-status|p2a: Porygon|brn\n|\n|-damage|p2a: Porygon|16\/23 brn|[from] brn\n|upkeep\n|turn|12\n|c| rock thunder bird|\u554a\u8fd9\n|\n|t:|1667474331\n|switch|p2a: Foongus|Foongus, L5, M|25\/25\n|-damage|p2a: Foongus|22\/25|[from] Stealth Rock\n|move|p1a: Frillish|Scald|p2a: Foongus\n|-resisted|p2a: Foongus\n|-damage|p2a: Foongus|19\/25\n|\n|upkeep\n|turn|13\n|\n|t:|1667474336\n|move|p1a: Frillish|Will-O-Wisp|p2a: Foongus\n|-status|p2a: Foongus|brn\n|move|p2a: Foongus|Giga Drain|p1a: Frillish\n|-supereffective|p1a: Frillish\n|-crit|p1a: Frillish\n|-damage|p1a: Frillish|10\/24\n|-heal|p2a: Foongus|25\/25 brn|[from] drain|[of] p1a: Frillish\n|\n|-damage|p2a: Foongus|24\/25 brn|[from] brn\n|upkeep\n|turn|14\n|c| rock thunder bird|\u7532\u54e5\u597d\u8fd0\uff01\n|c|\u2606mew2629\u6b3a\u4e16\u76d7\u540d\u5ca9\u96f7\u9e1f|+3\u5148\u5236\u5ea6\u597d\u50cf\u662f\n|c| rock thunder bird|\u7532\u54e5\u52a0\u6cb9\uff01\n|\n|t:|1667474355\n|move|p1a: Frillish|Hex|p2a: Foongus\n|-crit|p2a: Foongus\n|-damage|p2a: Foongus|8\/25 brn\n|move|p2a: Foongus|Giga Drain|p1a: Frillish\n|-supereffective|p1a: Frillish\n|-damage|p1a: Frillish|2\/24\n|-heal|p2a: Foongus|12\/25 brn|[from] drain|[of] p1a: Frillish\n|\n|-damage|p2a: Foongus|11\/25 brn|[from] brn\n|upkeep\n|turn|15\n|c|\u2606Ferrothornail\u8349\u94a2\u7532|\u65af\n|\n|t:|1667474364\n|switch|p2a: Croagunk|Croagunk, L5, F|21\/21\n|-damage|p2a: Croagunk|20\/21|[from] Stealth Rock\n|move|p1a: Frillish|Hex|p2a: Croagunk\n|-damage|p2a: Croagunk|10\/21\n|\n|upkeep\n|turn|16\n|c| rock thunder bird|\u7532\u54e5\u6211\u662f\u4f60\u7c89\u4e1d\n|\n|t:|1667474369\n|move|p2a: Croagunk|Sludge Bomb|p1a: Frillish\n|-resisted|p1a: Frillish\n|-damage|p1a: Frillish|0 fnt\n|faint|p1a: Frillish\n|\n|upkeep\n|j| yokobaby\n|\n|t:|1667474375\n|switch|p1a: Ponyta|Ponyta-Galar, L5, M|21\/21\n|turn|17\n|c| rock thunder bird|\u7532\u54e5\u4e0d\u8981\u8f93\uff01\uff01\n|j| d-ddkb\n|c|\u2606mew2629\u6b3a\u4e16\u76d7\u540d\u5ca9\u96f7\u9e1f|\u7532\u7c89\n|\n|t:|1667474383\n|move|p1a: Ponyta|Psychic|p2a: Croagunk\n|-supereffective|p2a: Croagunk\n|-damage|p2a: Croagunk|0 fnt\n|faint|p2a: Croagunk\n|\n|upkeep\n|c| yokobaby|lol\n|c| rock thunder bird|\u7532\u54e5\n|c| rock thunder bird|\u7532\u54e5\n|l| d-ddkb\n|c| rock thunder bird|\u7532\u54e5\u52a0\u6cb9\u7532\u54e5\n|\n|t:|1667474401\n|switch|p2a: Trapinch|Trapinch, L5, F|11\/21\n|-damage|p2a: Trapinch|10\/21|[from] Stealth Rock\n|turn|18\n|c|\u2606Ferrothornail\u8349\u94a2\u7532|\u6293\u4f4f\u4f60\u4e86\n|\n|t:|1667474410\n|move|p2a: Trapinch|First Impression|p1a: Ponyta\n|-supereffective|p1a: Ponyta\n|-damage|p1a: Ponyta|5\/21\n|move|p1a: Ponyta|Calm Mind|p1a: Ponyta\n|-boost|p1a: Ponyta|spa|1\n|-boost|p1a: Ponyta|spd|1\n|\n|upkeep\n|turn|19\n|c|\u2606Ferrothornail\u8349\u94a2\u7532|\u8fd9\n|c|\u2606mew2629\u6b3a\u4e16\u76d7\u540d\u5ca9\u96f7\u9e1f|\u5fd8\u4e86\n|c| rock thunder bird|\u6ca1\u4e8b\n|c| rock thunder bird|\u8fd8\u6709\u673a\u4f1a\n|c|\u2606Ferrothornail\u8349\u94a2\u7532|\u8fd9\u5c31\u662f\u5168lc\u6700\u9ad8\u79cd\u65cf\u503c\u5417\n|c| rock thunder bird|\u5e94\u8be5\u662f\u7684\n|\n|t:|1667474436\n|move|p2a: Trapinch|Feint|p1a: Ponyta\n|-damage|p1a: Ponyta|2\/21\n|move|p1a: Ponyta|Morning Sun|p1a: Ponyta\n|-heal|p1a: Ponyta|12\/21\n|\n|upkeep\n|turn|20\n|c| yokobaby|AHAHAH\n|\n|t:|1667474444\n|switch|p2a: Porygon|Porygon, L5|16\/23 brn\n|-damage|p2a: Porygon|14\/23 brn|[from] Stealth Rock\n|-ability|p2a: Porygon|Download|boost\n|-boost|p2a: Porygon|atk|1\n|move|p1a: Ponyta|Psychic|p2a: Porygon\n|-damage|p2a: Porygon|2\/23 brn\n|\n|-damage|p2a: Porygon|1\/23 brn|[from] brn\n|upkeep\n|turn|21\n|c| rock thunder bird|\u9a6c\u54e5\u725b\u903c\n|\n|t:|1667474450\n|move|p1a: Ponyta|Psychic|p2a: Porygon\n|-damage|p2a: Porygon|0 fnt\n|faint|p2a: Porygon\n|\n|upkeep\n|\n|t:|1667474452\n|switch|p2a: Trapinch|Trapinch, L5, F|10\/21\n|-damage|p2a: Trapinch|9\/21|[from] Stealth Rock\n|turn|22\n|c| rock thunder bird|\u597d\u7684\uff01\n|\n|t:|1667474458\n|move|p2a: Trapinch|First Impression|p1a: Ponyta\n|-supereffective|p1a: Ponyta\n|-damage|p1a: Ponyta|0 fnt\n|faint|p1a: Ponyta\n|\n|upkeep\n|c|\u2606Ferrothornail\u8349\u94a2\u7532|\u55ef\n|c| rock thunder bird|\u9a6c\u54e5\u6ca1\u4e86\n|\n|t:|1667474468\n|switch|p1a: Morelull|Morelull, L5, M|23\/23\n|turn|23\n|\n|t:|1667474473\n|switch|p2a: Foongus|Foongus, L5, M|19\/25 brn\n|-damage|p2a: Foongus|16\/25 brn|[from] Stealth Rock\n|move|p1a: Morelull|Giga Drain|p2a: Foongus\n|-resisted|p2a: Foongus\n|-damage|p2a: Foongus|15\/25 brn\n|\n|-damage|p2a: Foongus|14\/25 brn|[from] brn\n|upkeep\n|turn|24\n|\n|t:|1667474479\n|switch|p1a: Munchlax|Munchlax, L5, F|30\/30\n|move|p2a: Foongus|Sludge Bomb|p1a: Munchlax\n|-damage|p1a: Munchlax|23\/30\n|\n|-damage|p2a: Foongus|13\/25 brn|[from] brn\n|upkeep\n|turn|25\n|\n|t:|1667474482\n|move|p2a: Foongus|Spore|p1a: Munchlax\n|-status|p1a: Munchlax|slp|[from] move: Spore\n|cant|p1a: Munchlax|slp\n|\n|-damage|p2a: Foongus|12\/25 brn|[from] brn\n|upkeep\n|turn|26\n|\n|t:|1667474485\n|switch|p2a: Timburr|Timburr, L5, F|25\/25\n|-damage|p2a: Timburr|24\/25|[from] Stealth Rock\n|cant|p1a: Munchlax|slp\n|\n|upkeep\n|turn|27\n|\n|t:|1667474490\n|switch|p1a: Morelull|Morelull, L5, M|23\/23\n|move|p2a: Timburr|Knock Off|p1a: Morelull\n|-resisted|p1a: Morelull\n|-damage|p1a: Morelull|20\/23\n|-enditem|p1a: Morelull|Eviolite|[from] move: Knock Off|[of] p2a: Timburr\n|\n|upkeep\n|turn|28\n|\n|t:|1667474494\n|switch|p2a: Foongus|Foongus, L5, M|20\/25 brn\n|-damage|p2a: Foongus|17\/25 brn|[from] Stealth Rock\n|switch|p1a: Munchlax|Munchlax, L5, F|23\/30 slp\n|\n|-damage|p2a: Foongus|16\/25 brn|[from] brn\n|upkeep\n|turn|29\n|\n|t:|1667474497\n|switch|p2a: Timburr|Timburr, L5, F|24\/25\n|-damage|p2a: Timburr|23\/25|[from] Stealth Rock\n|-curestatus|p1a: Munchlax|slp|[msg]\n|move|p1a: Munchlax|Fire Punch|p2a: Timburr\n|-damage|p2a: Timburr|18\/25\n|\n|upkeep\n|turn|30\n|c|\u2606mew2629\u6b3a\u4e16\u76d7\u540d\u5ca9\u96f7\u9e1f|\u5e9f\u7269\n|\n|t:|1667474512\n|switch|p1a: Morelull|Morelull, L5, M|20\/23\n|move|p2a: Timburr|Defog|p1a: Morelull\n|-unboost|p1a: Morelull|evasion|1\n|-sideend|p2: Ferrothornail\u8349\u94a2\u7532|Stealth Rock|[from] move: Defog|[of] p2a: Timburr\n|\n|upkeep\n|turn|31\n|\n|t:|1667474516\n|switch|p2a: Foongus|Foongus, L5, M|24\/25 brn\n|move|p1a: Morelull|Moonblast|p2a: Foongus\n|-resisted|p2a: Foongus\n|-damage|p2a: Foongus|21\/25 brn\n|-unboost|p2a: Foongus|spa|1\n|\n|-damage|p2a: Foongus|20\/25 brn|[from] brn\n|upkeep\n|turn|32\n|j| leotung\n|\n|t:|1667474523\n|switch|p1a: Munchlax|Munchlax, L5, F|23\/30\n|move|p2a: Foongus|Sludge Bomb|p1a: Munchlax\n|-damage|p1a: Munchlax|17\/30\n|\n|-damage|p2a: Foongus|19\/25 brn|[from] brn\n|upkeep\n|turn|33\n|\n|t:|1667474527\n|move|p2a: Foongus|Spore|p1a: Munchlax\n|-status|p1a: Munchlax|slp|[from] move: Spore\n|cant|p1a: Munchlax|slp\n|\n|-damage|p2a: Foongus|18\/25 brn|[from] brn\n|upkeep\n|turn|34\n|\n|t:|1667474530\n|switch|p2a: Trapinch|Trapinch, L5, F|9\/21\n|cant|p1a: Munchlax|slp\n|\n|upkeep\n|turn|35\n|\n|t:|1667474533\n|move|p2a: Trapinch|Superpower|p1a: Munchlax\n|-supereffective|p1a: Munchlax\n|-damage|p1a: Munchlax|0 fnt\n|-unboost|p2a: Trapinch|atk|1\n|-unboost|p2a: Trapinch|def|1\n|faint|p1a: Munchlax\n|\n|upkeep\n|c| rock thunder bird|\u54ce\u5440\n|\n|t:|1667474536\n|switch|p1a: Morelull|Morelull, L5, M|20\/23\n|turn|36\n|\n|t:|1667474539\n|switch|p2a: Foongus|Foongus, L5, M|25\/25 brn\n|move|p1a: Morelull|Moonblast|p2a: Foongus\n|-resisted|p2a: Foongus\n|-damage|p2a: Foongus|22\/25 brn\n|\n|-damage|p2a: Foongus|21\/25 brn|[from] brn\n|upkeep\n|turn|37\n|\n|t:|1667474541\n|move|p2a: Foongus|Sludge Bomb|p1a: Morelull\n|-supereffective|p1a: Morelull\n|-damage|p1a: Morelull|0 fnt\n|faint|p1a: Morelull\n|\n|win|Ferrothornail\u8349\u94a2\u7532\n|n|\u2606mew2629\u6b3a\u4e16\u76d7\u540d\u5ca9\u96f7\u9e1f|mew2629\n|n|\u2606Ferrothornail\u8349\u94a2\u7532|ferrothornail\n|n| rock thunder bird|rockthunderbird\n|n| lu_ren_qwq|lurenqwq\n|n| yokobaby|yokobaby\n|n| leotung|leotung\n","uploadtime":1667474542,"views":4,"p1id":"mew2629","p2id":"ferrothornail","formatid":"gen8battlefactory","rating":0,"private":0,"password":null}