{"id":"gen8ou-1613861228","p1":"jeandonis02","p2":"pattek","format":"gen8ou","log":"|j|\u2606jeandonis02\n|j|\u2606pattek\n|t:|1657400039\n|gametype|singles\n|player|p1|jeandonis02|lucas|1741\n|player|p2|pattek|lucas|1693\n|teamsize|p1|6\n|teamsize|p2|6\n|gen|8\n|tier|[Gen 8] OU\n|rated|\n|rule|Sleep Clause Mod: Limit one foe put to sleep\n|rule|Species Clause: Limit one of each Pok\u00e9mon\n|rule|OHKO Clause: OHKO moves are banned\n|rule|Evasion Moves Clause: Evasion moves are banned\n|rule|Endless Battle Clause: Forcing endless battles is banned\n|rule|HP Percentage Mod: HP is shown in percentages\n|rule|Dynamax Clause: You cannot dynamax\n|clearpoke\n|poke|p1|Zeraora|\n|poke|p1|Toxapex, F|\n|poke|p1|Garchomp, M|\n|poke|p1|Rotom-Wash|\n|poke|p1|Ferrothorn, F|\n|poke|p1|Charizard, M|\n|poke|p2|Landorus-Therian, M|\n|poke|p2|Urshifu-*, M|\n|poke|p2|Zapdos|\n|poke|p2|Blacephalon|\n|poke|p2|Tapu Fini|\n|poke|p2|Scizor, M|\n|teampreview\n|inactive|Battle timer is ON: inactive players will automatically lose when time's up. (requested by pattek)\n|j| AceTrainerCuDen\n|l| AceTrainerCuDen\n|\n|t:|1657400047\n|start\n|switch|p1a: Charizard|Charizard, M|100\/100\n|switch|p2a: Urshifu|Urshifu-Rapid-Strike, M|100\/100\n|turn|1\n|\n|t:|1657400050\n|switch|p1a: Toxapex|Toxapex, F|100\/100\n|switch|p2a: Zapdos|Zapdos|100\/100\n|\n|upkeep\n|turn|2\n|\n|t:|1657400051\n|move|p2a: Zapdos|Volt Switch|p1a: Toxapex\n|-supereffective|p1a: Toxapex\n|-damage|p1a: Toxapex|55\/100\n|\n|t:|1657400055\n|switch|p2a: Landorus|Landorus-Therian, M|100\/100|[from]move: Volt Switch\n|-ability|p2a: Landorus|Intimidate|boost\n|-unboost|p1a: Toxapex|atk|1\n|move|p1a: Toxapex|Toxic|p2a: Landorus\n|-status|p2a: Landorus|tox\n|\n|-heal|p1a: Toxapex|61\/100|[from] item: Black Sludge\n|-damage|p2a: Landorus|94\/100 tox|[from] psn\n|upkeep\n|turn|3\n|\n|t:|1657400058\n|switch|p1a: Rotom|Rotom-Wash|100\/100\n|move|p2a: Landorus|Stealth Rock|p1a: Rotom\n|-sidestart|p1: jeandonis02|move: Stealth Rock\n|\n|-heal|p2a: Landorus|100\/100 tox|[from] item: Leftovers\n|-damage|p2a: Landorus|88\/100 tox|[from] psn\n|upkeep\n|turn|4\n|\n|t:|1657400061\n|move|p2a: Landorus|Knock Off|p1a: Rotom\n|-damage|p1a: Rotom|73\/100\n|-enditem|p1a: Rotom|Leftovers|[from] move: Knock Off|[of] p2a: Landorus\n|move|p1a: Rotom|Defog|p2a: Landorus\n|-unboost|p2a: Landorus|evasion|1\n|-sideend|p1: jeandonis02|Stealth Rock|[from] move: Defog|[of] p1a: Rotom\n|\n|-heal|p2a: Landorus|94\/100 tox|[from] item: Leftovers\n|-damage|p2a: Landorus|76\/100 tox|[from] psn\n|upkeep\n|turn|5\n|\n|t:|1657400068\n|move|p2a: Landorus|U-turn|p1a: Rotom\n|-damage|p1a: Rotom|53\/100\n|\n|t:|1657400069\n|switch|p2a: Zapdos|Zapdos|100\/100|[from]move: U-turn\n|move|p1a: Rotom|Defog|p2a: Zapdos\n|-unboost|p2a: Zapdos|evasion|1\n|\n|upkeep\n|turn|6\n|\n|t:|1657400073\n|switch|p1a: Zeraora|Zeraora|100\/100\n|move|p2a: Zapdos|Hurricane|p1a: Zeraora\n|-resisted|p1a: Zeraora\n|-damage|p1a: Zeraora|65\/100\n|\n|upkeep\n|turn|7\n|\n|t:|1657400076\n|move|p1a: Zeraora|Knock Off|p2a: Zapdos\n|-damage|p2a: Zapdos|61\/100\n|-enditem|p2a: Zapdos|Heavy-Duty Boots|[from] move: Knock Off|[of] p1a: Zeraora\n|move|p2a: Zapdos|Heat Wave|p1a: Zeraora\n|-damage|p1a: Zeraora|27\/100\n|-status|p1a: Zeraora|brn\n|\n|-damage|p1a: Zeraora|21\/100 brn|[from] brn\n|upkeep\n|turn|8\n|\n|t:|1657400080\n|switch|p1a: Garchomp|Garchomp, M|100\/100\n|move|p2a: Zapdos|Roost|p2a: Zapdos\n|-heal|p2a: Zapdos|100\/100\n|-singleturn|p2a: Zapdos|move: Roost\n|\n|upkeep\n|turn|9\n|\n|t:|1657400082\n|move|p1a: Garchomp|Outrage|p2a: Zapdos\n|-damage|p2a: Zapdos|0 fnt\n|faint|p2a: Zapdos\n|\n|upkeep\n|\n|t:|1657400084\n|switch|p2a: Tapu Fini|Tapu Fini|100\/100\n|-fieldstart|move: Misty Terrain|[from] ability: Misty Surge|[of] p2a: Tapu Fini\n|turn|10\n|\n|t:|1657400085\n|move|p1a: Garchomp|Outrage|p2a: Tapu Fini|[from]lockedmove\n|-immune|p2a: Tapu Fini\n|move|p2a: Tapu Fini|Moonblast|p1a: Garchomp\n|-supereffective|p1a: Garchomp\n|-damage|p1a: Garchomp|33\/100\n|\n|upkeep\n|turn|11\n|\n|t:|1657400088\n|switch|p1a: Ferrothorn|Ferrothorn, F|100\/100\n|move|p2a: Tapu Fini|Knock Off|p1a: Ferrothorn\n|-damage|p1a: Ferrothorn|91\/100\n|-damage|p2a: Tapu Fini|88\/100|[from] ability: Iron Barbs|[of] p1a: Ferrothorn\n|-damage|p2a: Tapu Fini|71\/100|[from] item: Rocky Helmet|[of] p1a: Ferrothorn\n|-enditem|p1a: Ferrothorn|Rocky Helmet|[from] move: Knock Off|[of] p2a: Tapu Fini\n|\n|-heal|p2a: Tapu Fini|78\/100|[from] item: Leftovers\n|upkeep\n|turn|12\n|\n|t:|1657400091\n|move|p2a: Tapu Fini|Taunt|p1a: Ferrothorn\n|-start|p1a: Ferrothorn|move: Taunt\n|move|p1a: Ferrothorn|Gyro Ball|p2a: Tapu Fini\n|-damage|p2a: Tapu Fini|48\/100\n|\n|-heal|p2a: Tapu Fini|55\/100|[from] item: Leftovers\n|upkeep\n|turn|13\n|\n|t:|1657400095\n|switch|p2a: Urshifu|Urshifu-Rapid-Strike, M|100\/100\n|move|p1a: Ferrothorn|Gyro Ball|p2a: Urshifu\n|-resisted|p2a: Urshifu\n|-damage|p2a: Urshifu|76\/100\n|\n|upkeep\n|turn|14\n|\n|t:|1657400098\n|move|p2a: Urshifu|U-turn|p1a: Ferrothorn\n|-damage|p1a: Ferrothorn|70\/100\n|-damage|p2a: Urshifu|64\/100|[from] ability: Iron Barbs|[of] p1a: Ferrothorn\n|\n|t:|1657400102\n|switch|p2a: Landorus|Landorus-Therian, M|76\/100 tox|[from]move: U-turn\n|-ability|p2a: Landorus|Intimidate|boost\n|-unboost|p1a: Ferrothorn|atk|1\n|move|p1a: Ferrothorn|Gyro Ball|p2a: Landorus\n|-damage|p2a: Landorus|52\/100 tox\n|\n|-heal|p2a: Landorus|58\/100 tox|[from] item: Leftovers\n|-damage|p2a: Landorus|52\/100 tox|[from] psn\n|-end|p1a: Ferrothorn|move: Taunt\n|-fieldend|Misty Terrain\n|upkeep\n|turn|15\n|\n|t:|1657400106\n|switch|p1a: Rotom|Rotom-Wash|53\/100\n|move|p2a: Landorus|Earthquake|p1a: Rotom\n|-immune|p1a: Rotom|[from] ability: Levitate\n|\n|-heal|p2a: Landorus|58\/100 tox|[from] item: Leftovers\n|-damage|p2a: Landorus|46\/100 tox|[from] psn\n|upkeep\n|turn|16\n|\n|t:|1657400110\n|move|p2a: Landorus|U-turn|p1a: Rotom\n|-damage|p1a: Rotom|33\/100\n|\n|t:|1657400111\n|switch|p2a: Scizor|Scizor, M|100\/100|[from]move: U-turn\n|move|p1a: Rotom|Defog|p2a: Scizor\n|-unboost|p2a: Scizor|evasion|1\n|\n|upkeep\n|turn|17\n|j| oooooxx lmao\n|\n|t:|1657400114\n|switch|p2a: Landorus|Landorus-Therian, M|46\/100 tox\n|-ability|p2a: Landorus|Intimidate|boost\n|-unboost|p1a: Rotom|atk|1\n|move|p1a: Rotom|Will-O-Wisp|p2a: Landorus|[miss]\n|-miss|p1a: Rotom|p2a: Landorus\n|\n|-heal|p2a: Landorus|52\/100 tox|[from] item: Leftovers\n|-damage|p2a: Landorus|46\/100 tox|[from] psn\n|upkeep\n|turn|18\n|\n|t:|1657400118\n|move|p2a: Landorus|Knock Off|p1a: Rotom\n|-damage|p1a: Rotom|14\/100\n|move|p1a: Rotom|Defog|p2a: Landorus\n|-unboost|p2a: Landorus|evasion|1\n|\n|-heal|p2a: Landorus|52\/100 tox|[from] item: Leftovers\n|-damage|p2a: Landorus|40\/100 tox|[from] psn\n|upkeep\n|turn|19\n|\n|t:|1657400121\n|move|p2a: Landorus|U-turn|p1a: Rotom\n|-damage|p1a: Rotom|0 fnt\n|faint|p1a: Rotom\n|\n|t:|1657400123\n|switch|p2a: Tapu Fini|Tapu Fini|55\/100|[from]move: U-turn\n|-fieldstart|move: Misty Terrain|[from] ability: Misty Surge|[of] p2a: Tapu Fini\n|\n|-heal|p2a: Tapu Fini|61\/100|[from] item: Leftovers\n|upkeep\n|\n|t:|1657400128\n|switch|p1a: Ferrothorn|Ferrothorn, F|70\/100\n|turn|20\n|\n|t:|1657400133\n|switch|p2a: Blacephalon|Blacephalon|100\/100\n|move|p1a: Ferrothorn|Gyro Ball|p2a: Blacephalon\n|-resisted|p2a: Blacephalon\n|-damage|p2a: Blacephalon|42\/100\n|\n|upkeep\n|turn|21\n|\n|t:|1657400138\n|move|p2a: Blacephalon|Trick|p1a: Ferrothorn\n|-activate|p2a: Blacephalon|move: Trick|[of] p1a: Ferrothorn\n|-item|p1a: Ferrothorn|Choice Scarf|[from] move: Trick\n|-enditem|p2a: Blacephalon|Choice Scarf|[silent]|[from] move: Trick\n|move|p1a: Ferrothorn|Gyro Ball|p2a: Blacephalon\n|-resisted|p2a: Blacephalon\n|-damage|p2a: Blacephalon|0 fnt\n|faint|p2a: Blacephalon\n|\n|upkeep\n|\n|t:|1657400143\n|switch|p2a: Landorus|Landorus-Therian, M|40\/100 tox\n|-ability|p2a: Landorus|Intimidate|boost\n|-unboost|p1a: Ferrothorn|atk|1\n|turn|22\n|\n|t:|1657400147\n|switch|p1a: Charizard|Charizard, M|100\/100\n|move|p2a: Landorus|Stealth Rock|p1a: Charizard\n|-sidestart|p1: jeandonis02|move: Stealth Rock\n|\n|-heal|p2a: Landorus|46\/100 tox|[from] item: Leftovers\n|-damage|p2a: Landorus|40\/100 tox|[from] psn\n|upkeep\n|turn|23\n|\n|t:|1657400155\n|switch|p2a: Tapu Fini|Tapu Fini|61\/100\n|move|p1a: Charizard|Flame Charge|p2a: Tapu Fini\n|-resisted|p2a: Tapu Fini\n|-damage|p2a: Tapu Fini|55\/100\n|-boost|p1a: Charizard|spe|1\n|\n|-heal|p2a: Tapu Fini|61\/100|[from] item: Leftovers\n|-fieldend|Misty Terrain\n|upkeep\n|turn|24\n|\n|t:|1657400159\n|move|p1a: Charizard|Acrobatics|p2a: Tapu Fini\n|-crit|p2a: Tapu Fini\n|-damage|p2a: Tapu Fini|40\/100\n|move|p2a: Tapu Fini|Surf|p1a: Charizard\n|-supereffective|p1a: Charizard\n|-damage|p1a: Charizard|24\/100\n|-enditem|p1a: Charizard|Sitrus Berry|[eat]\n|-heal|p1a: Charizard|49\/100|[from] item: Sitrus Berry\n|\n|-heal|p2a: Tapu Fini|46\/100|[from] item: Leftovers\n|upkeep\n|turn|25\n|\n|t:|1657400162\n|move|p1a: Charizard|Acrobatics|p2a: Tapu Fini\n|-damage|p2a: Tapu Fini|16\/100\n|move|p2a: Tapu Fini|Surf|p1a: Charizard\n|-supereffective|p1a: Charizard\n|-damage|p1a: Charizard|0 fnt\n|faint|p1a: Charizard\n|\n|-heal|p2a: Tapu Fini|22\/100|[from] item: Leftovers\n|upkeep\n|\n|t:|1657400167\n|switch|p1a: Ferrothorn|Ferrothorn, F|70\/100\n|-damage|p1a: Ferrothorn|64\/100|[from] Stealth Rock\n|turn|26\n|\n|t:|1657400169\n|switch|p2a: Scizor|Scizor, M|100\/100\n|move|p1a: Ferrothorn|Gyro Ball|p2a: Scizor\n|-resisted|p2a: Scizor\n|-damage|p2a: Scizor|92\/100\n|\n|upkeep\n|turn|27\n|\n|t:|1657400173\n|move|p2a: Scizor|Bullet Punch|p1a: Ferrothorn\n|-resisted|p1a: Ferrothorn\n|-damage|p1a: Ferrothorn|57\/100\n|-damage|p2a: Scizor|80\/100|[from] ability: Iron Barbs|[of] p1a: Ferrothorn\n|move|p1a: Ferrothorn|Gyro Ball|p2a: Scizor\n|-resisted|p2a: Scizor\n|-damage|p2a: Scizor|71\/100\n|\n|upkeep\n|turn|28\n|\n|t:|1657400175\n|switch|p1a: Toxapex|Toxapex, F|95\/100\n|-damage|p1a: Toxapex|82\/100|[from] Stealth Rock\n|move|p2a: Scizor|Roost|p2a: Scizor\n|-heal|p2a: Scizor|100\/100\n|-singleturn|p2a: Scizor|move: Roost\n|\n|-heal|p1a: Toxapex|88\/100|[from] item: Black Sludge\n|upkeep\n|turn|29\n|\n|t:|1657400177\n|move|p2a: Scizor|U-turn|p1a: Toxapex\n|-resisted|p1a: Toxapex\n|-damage|p1a: Toxapex|76\/100\n|\n|t:|1657400178\n|switch|p2a: Tapu Fini|Tapu Fini|22\/100|[from]move: U-turn\n|-fieldstart|move: Misty Terrain|[from] ability: Misty Surge|[of] p2a: Tapu Fini\n|move|p1a: Toxapex|Scald|p2a: Tapu Fini\n|-resisted|p2a: Tapu Fini\n|-damage|p2a: Tapu Fini|16\/100\n|\n|-heal|p2a: Tapu Fini|23\/100|[from] item: Leftovers\n|-heal|p1a: Toxapex|82\/100|[from] item: Black Sludge\n|upkeep\n|turn|30\n|\n|t:|1657400182\n|move|p2a: Tapu Fini|Moonblast|p1a: Toxapex\n|-resisted|p1a: Toxapex\n|-crit|p1a: Toxapex\n|-damage|p1a: Toxapex|68\/100\n|move|p1a: Toxapex|Scald|p2a: Tapu Fini\n|-resisted|p2a: Tapu Fini\n|-damage|p2a: Tapu Fini|16\/100\n|\n|-heal|p2a: Tapu Fini|22\/100|[from] item: Leftovers\n|-heal|p1a: Toxapex|75\/100|[from] item: Black Sludge\n|upkeep\n|turn|31\n|\n|t:|1657400185\n|switch|p1a: Ferrothorn|Ferrothorn, F|57\/100\n|-damage|p1a: Ferrothorn|51\/100|[from] Stealth Rock\n|move|p2a: Tapu Fini|Moonblast|p1a: Ferrothorn\n|-resisted|p1a: Ferrothorn\n|-damage|p1a: Ferrothorn|37\/100\n|\n|-heal|p2a: Tapu Fini|28\/100|[from] item: Leftovers\n|upkeep\n|turn|32\n|\n|t:|1657400187\n|switch|p2a: Scizor|Scizor, M|100\/100\n|move|p1a: Ferrothorn|Stealth Rock|p2a: Scizor\n|-sidestart|p2: pattek|move: Stealth Rock\n|\n|upkeep\n|turn|33\n|\n|t:|1657400191\n|switch|p1a: Toxapex|Toxapex, F|100\/100\n|-damage|p1a: Toxapex|88\/100|[from] Stealth Rock\n|move|p2a: Scizor|Defog|p1a: Toxapex\n|-unboost|p1a: Toxapex|evasion|1\n|-sideend|p1: jeandonis02|Stealth Rock|[from] move: Defog|[of] p2a: Scizor\n|-sideend|p2: pattek|Stealth Rock|[from] move: Defog|[of] p2a: Scizor\n|-fieldend|Misty Terrain\n|\n|-heal|p1a: Toxapex|94\/100|[from] item: Black Sludge\n|upkeep\n|turn|34\n|\n|t:|1657400195\n|move|p2a: Scizor|U-turn|p1a: Toxapex\n|-resisted|p1a: Toxapex\n|-damage|p1a: Toxapex|82\/100\n|\n|t:|1657400196\n|switch|p2a: Tapu Fini|Tapu Fini|28\/100|[from]move: U-turn\n|-fieldstart|move: Misty Terrain|[from] ability: Misty Surge|[of] p2a: Tapu Fini\n|move|p1a: Toxapex|Scald|p2a: Tapu Fini\n|-resisted|p2a: Tapu Fini\n|-damage|p2a: Tapu Fini|23\/100\n|\n|-heal|p2a: Tapu Fini|29\/100|[from] item: Leftovers\n|-heal|p1a: Toxapex|88\/100|[from] item: Black Sludge\n|upkeep\n|turn|35\n|\n|t:|1657400203\n|move|p2a: Tapu Fini|Knock Off|p1a: Toxapex\n|-damage|p1a: Toxapex|76\/100\n|-enditem|p1a: Toxapex|Black Sludge|[from] move: Knock Off|[of] p2a: Tapu Fini\n|move|p1a: Toxapex|Scald|p2a: Tapu Fini\n|-resisted|p2a: Tapu Fini\n|-damage|p2a: Tapu Fini|23\/100\n|\n|-heal|p2a: Tapu Fini|29\/100|[from] item: Leftovers\n|upkeep\n|turn|36\n|\n|t:|1657400206\n|move|p2a: Tapu Fini|Taunt|p1a: Toxapex\n|-start|p1a: Toxapex|move: Taunt\n|move|p1a: Toxapex|Scald|p2a: Tapu Fini\n|-resisted|p2a: Tapu Fini\n|-damage|p2a: Tapu Fini|23\/100\n|\n|-heal|p2a: Tapu Fini|29\/100|[from] item: Leftovers\n|upkeep\n|turn|37\n|\n|t:|1657400209\n|move|p2a: Tapu Fini|Moonblast|p1a: Toxapex\n|-resisted|p1a: Toxapex\n|-damage|p1a: Toxapex|67\/100\n|-unboost|p1a: Toxapex|spa|1\n|move|p1a: Toxapex|Scald|p2a: Tapu Fini\n|-resisted|p2a: Tapu Fini\n|-damage|p2a: Tapu Fini|25\/100\n|\n|-heal|p2a: Tapu Fini|31\/100|[from] item: Leftovers\n|upkeep\n|turn|38\n|\n|t:|1657400211\n|move|p2a: Tapu Fini|Moonblast|p1a: Toxapex\n|-resisted|p1a: Toxapex\n|-damage|p1a: Toxapex|57\/100\n|-unboost|p1a: Toxapex|spa|1\n|move|p1a: Toxapex|Scald|p2a: Tapu Fini\n|-resisted|p2a: Tapu Fini\n|-crit|p2a: Tapu Fini\n|-damage|p2a: Tapu Fini|22\/100\n|\n|-heal|p2a: Tapu Fini|28\/100|[from] item: Leftovers\n|-end|p1a: Toxapex|move: Taunt\n|-fieldend|Misty Terrain\n|upkeep\n|turn|39\n|\n|t:|1657400213\n|switch|p2a: Scizor|Scizor, M|100\/100\n|move|p1a: Toxapex|Scald|p2a: Scizor\n|-damage|p2a: Scizor|91\/100\n|\n|upkeep\n|turn|40\n|\n|t:|1657400215\n|move|p2a: Scizor|U-turn|p1a: Toxapex\n|-resisted|p1a: Toxapex\n|-damage|p1a: Toxapex|46\/100\n|\n|t:|1657400216\n|switch|p2a: Tapu Fini|Tapu Fini|28\/100|[from]move: U-turn\n|-fieldstart|move: Misty Terrain|[from] ability: Misty Surge|[of] p2a: Tapu Fini\n|move|p1a: Toxapex|Scald|p2a: Tapu Fini\n|-resisted|p2a: Tapu Fini\n|-damage|p2a: Tapu Fini|25\/100\n|\n|-heal|p2a: Tapu Fini|31\/100|[from] item: Leftovers\n|upkeep\n|turn|41\n|\n|t:|1657400220\n|switch|p1a: Ferrothorn|Ferrothorn, F|37\/100\n|move|p2a: Tapu Fini|Taunt|p1a: Ferrothorn\n|-start|p1a: Ferrothorn|move: Taunt\n|\n|-heal|p2a: Tapu Fini|37\/100|[from] item: Leftovers\n|upkeep\n|turn|42\n|\n|t:|1657400224\n|switch|p2a: Scizor|Scizor, M|91\/100\n|switch|p1a: Garchomp|Garchomp, M|33\/100\n|\n|upkeep\n|turn|43\n|\n|t:|1657400243\n|switch|p2a: Landorus|Landorus-Therian, M|40\/100 tox\n|-ability|p2a: Landorus|Intimidate|boost\n|-unboost|p1a: Garchomp|atk|1\n|move|p1a: Garchomp|Fire Fang|p2a: Landorus\n|-damage|p2a: Landorus|23\/100 tox\n|\n|-heal|p2a: Landorus|29\/100 tox|[from] item: Leftovers\n|-damage|p2a: Landorus|23\/100 tox|[from] psn\n|upkeep\n|turn|44\n|\n|t:|1657400249\n|switch|p1a: Ferrothorn|Ferrothorn, F|37\/100\n|switch|p2a: Tapu Fini|Tapu Fini|37\/100\n|\n|-heal|p2a: Tapu Fini|44\/100|[from] item: Leftovers\n|-fieldend|Misty Terrain\n|upkeep\n|turn|45\n|\n|t:|1657400252\n|switch|p2a: Scizor|Scizor, M|91\/100\n|move|p1a: Ferrothorn|Stealth Rock|p2a: Scizor\n|-sidestart|p2: pattek|move: Stealth Rock\n|\n|upkeep\n|turn|46\n|\n|t:|1657400257\n|switch|p1a: Toxapex|Toxapex, F|79\/100\n|move|p2a: Scizor|Bullet Punch|p1a: Toxapex\n|-resisted|p1a: Toxapex\n|-damage|p1a: Toxapex|69\/100\n|\n|upkeep\n|turn|47\n|\n|t:|1657400262\n|move|p2a: Scizor|Bullet Punch|p1a: Toxapex\n|-resisted|p1a: Toxapex\n|-damage|p1a: Toxapex|60\/100\n|move|p1a: Toxapex|Scald|p2a: Scizor\n|-damage|p2a: Scizor|72\/100\n|\n|upkeep\n|turn|48\n|\n|t:|1657400264\n|move|p2a: Scizor|Defog|p1a: Toxapex\n|-unboost|p1a: Toxapex|evasion|1\n|-sideend|p2: pattek|Stealth Rock|[from] move: Defog|[of] p2a: Scizor\n|move|p1a: Toxapex|Scald|p2a: Scizor\n|-damage|p2a: Scizor|55\/100\n|-status|p2a: Scizor|brn\n|\n|-damage|p2a: Scizor|49\/100 brn|[from] brn\n|upkeep\n|turn|49\n|\n|t:|1657400268\n|move|p2a: Scizor|Roost|p2a: Scizor\n|-heal|p2a: Scizor|99\/100 brn\n|-singleturn|p2a: Scizor|move: Roost\n|move|p1a: Toxapex|Scald|p2a: Scizor\n|-damage|p2a: Scizor|79\/100 brn\n|\n|-damage|p2a: Scizor|73\/100 brn|[from] brn\n|upkeep\n|turn|50\n|\n|t:|1657400272\n|move|p2a: Scizor|U-turn|p1a: Toxapex\n|-resisted|p1a: Toxapex\n|-damage|p1a: Toxapex|54\/100\n|\n|t:|1657400273\n|switch|p2a: Tapu Fini|Tapu Fini|44\/100|[from]move: U-turn\n|-fieldstart|move: Misty Terrain|[from] ability: Misty Surge|[of] p2a: Tapu Fini\n|move|p1a: Toxapex|Scald|p2a: Tapu Fini\n|-resisted|p2a: Tapu Fini\n|-damage|p2a: Tapu Fini|37\/100\n|\n|-heal|p2a: Tapu Fini|44\/100|[from] item: Leftovers\n|upkeep\n|turn|51\n|\n|t:|1657400279\n|switch|p1a: Ferrothorn|Ferrothorn, F|37\/100\n|move|p2a: Tapu Fini|Taunt|p1a: Ferrothorn\n|-start|p1a: Ferrothorn|move: Taunt\n|\n|-heal|p2a: Tapu Fini|50\/100|[from] item: Leftovers\n|upkeep\n|turn|52\n|\n|t:|1657400282\n|switch|p2a: Scizor|Scizor, M|73\/100 brn\n|move|p1a: Ferrothorn|Gyro Ball|p2a: Scizor\n|-resisted|p2a: Scizor\n|-damage|p2a: Scizor|65\/100 brn\n|\n|-damage|p2a: Scizor|59\/100 brn|[from] brn\n|upkeep\n|turn|53\n|\n|t:|1657400289\n|switch|p1a: Toxapex|Toxapex, F|88\/100\n|move|p2a: Scizor|U-turn|p1a: Toxapex\n|-resisted|p1a: Toxapex\n|-damage|p1a: Toxapex|82\/100\n|\n|t:|1657400290\n|switch|p2a: Tapu Fini|Tapu Fini|50\/100|[from]move: U-turn\n|\n|-heal|p2a: Tapu Fini|56\/100|[from] item: Leftovers\n|upkeep\n|turn|54\n|\n|t:|1657400295\n|move|p2a: Tapu Fini|Taunt|p1a: Toxapex\n|-start|p1a: Toxapex|move: Taunt\n|move|p1a: Toxapex|Scald|p2a: Tapu Fini\n|-resisted|p2a: Tapu Fini\n|-damage|p2a: Tapu Fini|50\/100\n|\n|-heal|p2a: Tapu Fini|56\/100|[from] item: Leftovers\n|-fieldend|Misty Terrain\n|upkeep\n|turn|55\n|\n|t:|1657400298\n|switch|p2a: Scizor|Scizor, M|59\/100 brn\n|move|p1a: Toxapex|Scald|p2a: Scizor\n|-damage|p2a: Scizor|41\/100 brn\n|\n|-damage|p2a: Scizor|35\/100 brn|[from] brn\n|upkeep\n|turn|56\n|\n|t:|1657400300\n|switch|p1a: Garchomp|Garchomp, M|33\/100\n|move|p2a: Scizor|Roost|p2a: Scizor\n|-heal|p2a: Scizor|85\/100 brn\n|-singleturn|p2a: Scizor|move: Roost\n|\n|-damage|p2a: Scizor|79\/100 brn|[from] brn\n|upkeep\n|turn|57\n|\n|t:|1657400314\n|switch|p2a: Urshifu|Urshifu-Rapid-Strike, M|64\/100\n|move|p1a: Garchomp|Iron Head|p2a: Urshifu\n|-resisted|p2a: Urshifu\n|-damage|p2a: Urshifu|41\/100\n|\n|upkeep\n|turn|58\n|\n|t:|1657400320\n|switch|p1a: Ferrothorn|Ferrothorn, F|37\/100\n|move|p2a: Urshifu|U-turn|p1a: Ferrothorn\n|-damage|p1a: Ferrothorn|16\/100\n|-damage|p2a: Urshifu|29\/100|[from] ability: Iron Barbs|[of] p1a: Ferrothorn\n|\n|t:|1657400334\n|switch|p2a: Tapu Fini|Tapu Fini|56\/100|[from]move: U-turn\n|-fieldstart|move: Misty Terrain|[from] ability: Misty Surge|[of] p2a: Tapu Fini\n|\n|-heal|p2a: Tapu Fini|62\/100|[from] item: Leftovers\n|upkeep\n|turn|59\n|\n|t:|1657400351\n|move|p2a: Tapu Fini|Moonblast|p1a: Ferrothorn\n|-resisted|p1a: Ferrothorn\n|-damage|p1a: Ferrothorn|3\/100\n|move|p1a: Ferrothorn|Leech Seed|p2a: Tapu Fini\n|-start|p2a: Tapu Fini|move: Leech Seed\n|\n|-heal|p2a: Tapu Fini|68\/100|[from] item: Leftovers\n|-damage|p2a: Tapu Fini|56\/100|[from] Leech Seed|[of] p1a: Ferrothorn\n|-heal|p1a: Ferrothorn|16\/100|[silent]\n|upkeep\n|turn|60\n|\n|t:|1657400355\n|switch|p2a: Scizor|Scizor, M|79\/100 brn\n|switch|p1a: Toxapex|Toxapex, F|100\/100\n|\n|-damage|p2a: Scizor|73\/100 brn|[from] brn\n|upkeep\n|turn|61\n|\n|t:|1657400358\n|move|p2a: Scizor|U-turn|p1a: Toxapex\n|-resisted|p1a: Toxapex\n|-damage|p1a: Toxapex|95\/100\n|\n|t:|1657400359\n|switch|p2a: Tapu Fini|Tapu Fini|56\/100|[from]move: U-turn\n|move|p1a: Toxapex|Scald|p2a: Tapu Fini\n|-resisted|p2a: Tapu Fini\n|-damage|p2a: Tapu Fini|50\/100\n|\n|-heal|p2a: Tapu Fini|56\/100|[from] item: Leftovers\n|upkeep\n|turn|62\n|\n|t:|1657400365\n|move|p1a: Toxapex|Baneful Bunker|p1a: Toxapex\n|-singleturn|p1a: Toxapex|move: Protect\n|move|p2a: Tapu Fini|Taunt|p1a: Toxapex\n|-activate|p1a: Toxapex|move: Protect\n|\n|-heal|p2a: Tapu Fini|62\/100|[from] item: Leftovers\n|-fieldend|Misty Terrain\n|upkeep\n|turn|63\n|\n|t:|1657400370\n|switch|p2a: Scizor|Scizor, M|73\/100 brn\n|switch|p1a: Garchomp|Garchomp, M|33\/100\n|\n|-damage|p2a: Scizor|67\/100 brn|[from] brn\n|upkeep\n|turn|64\n|\n|t:|1657400374\n|switch|p2a: Landorus|Landorus-Therian, M|23\/100 tox\n|-ability|p2a: Landorus|Intimidate|boost\n|-unboost|p1a: Garchomp|atk|1\n|move|p1a: Garchomp|Fire Fang|p2a: Landorus\n|-damage|p2a: Landorus|5\/100 tox\n|\n|-heal|p2a: Landorus|11\/100 tox|[from] item: Leftovers\n|-damage|p2a: Landorus|5\/100 tox|[from] psn\n|upkeep\n|turn|65\n|\n|t:|1657400378\n|switch|p2a: Urshifu|Urshifu-Rapid-Strike, M|29\/100\n|move|p1a: Garchomp|Fire Fang|p2a: Urshifu\n|-resisted|p2a: Urshifu\n|-damage|p2a: Urshifu|18\/100\n|\n|upkeep\n|turn|66\n|\n|t:|1657400381\n|switch|p1a: Ferrothorn|Ferrothorn, F|16\/100\n|move|p2a: Urshifu|U-turn|p1a: Ferrothorn\n|-damage|p1a: Ferrothorn|0 fnt\n|-damage|p2a: Urshifu|6\/100|[from] ability: Iron Barbs|[of] p1a: Ferrothorn\n|faint|p1a: Ferrothorn\n|\n|t:|1657400383\n|switch|p2a: Tapu Fini|Tapu Fini|62\/100|[from]move: U-turn\n|-fieldstart|move: Misty Terrain|[from] ability: Misty Surge|[of] p2a: Tapu Fini\n|\n|-heal|p2a: Tapu Fini|68\/100|[from] item: Leftovers\n|upkeep\n|\n|t:|1657400388\n|switch|p1a: Garchomp|Garchomp, M|33\/100\n|turn|67\n|\n|t:|1657400395\n|switch|p2a: Urshifu|Urshifu-Rapid-Strike, M|6\/100\n|move|p1a: Garchomp|Earthquake|p2a: Urshifu\n|-damage|p2a: Urshifu|0 fnt\n|faint|p2a: Urshifu\n|\n|upkeep\n|\n|t:|1657400397\n|switch|p2a: Landorus|Landorus-Therian, M|5\/100 tox\n|-ability|p2a: Landorus|Intimidate|boost\n|-unboost|p1a: Garchomp|atk|1\n|turn|68\n|\n|t:|1657400402\n|switch|p1a: Zeraora|Zeraora|21\/100 brn\n|move|p2a: Landorus|Stealth Rock|p1a: Zeraora\n|-sidestart|p1: jeandonis02|move: Stealth Rock\n|\n|-heal|p2a: Landorus|11\/100 tox|[from] item: Leftovers\n|-damage|p2a: Landorus|5\/100 tox|[from] psn\n|-damage|p1a: Zeraora|15\/100 brn|[from] brn\n|upkeep\n|turn|69\n|\n|t:|1657400406\n|switch|p2a: Scizor|Scizor, M|67\/100 brn\n|move|p1a: Zeraora|Knock Off|p2a: Scizor\n|-damage|p2a: Scizor|55\/100 brn\n|-enditem|p2a: Scizor|Heavy-Duty Boots|[from] move: Knock Off|[of] p1a: Zeraora\n|\n|-damage|p1a: Zeraora|9\/100 brn|[from] brn\n|-damage|p2a: Scizor|49\/100 brn|[from] brn\n|upkeep\n|turn|70\n|\n|t:|1657400412\n|switch|p1a: Garchomp|Garchomp, M|33\/100\n|-damage|p1a: Garchomp|27\/100|[from] Stealth Rock\n|move|p2a: Scizor|Bullet Punch|p1a: Garchomp\n|-damage|p1a: Garchomp|15\/100\n|-damage|p2a: Scizor|37\/100 brn|[from] ability: Rough Skin|[of] p1a: Garchomp\n|\n|-damage|p2a: Scizor|31\/100 brn|[from] brn\n|-fieldend|Misty Terrain\n|upkeep\n|turn|71\n|\n|t:|1657400420\n|move|p2a: Scizor|Bullet Punch|p1a: Garchomp\n|-damage|p1a: Garchomp|2\/100\n|-damage|p2a: Scizor|18\/100 brn|[from] ability: Rough Skin|[of] p1a: Garchomp\n|move|p1a: Garchomp|Earthquake|p2a: Scizor\n|-damage|p2a: Scizor|0 fnt\n|faint|p2a: Scizor\n|\n|upkeep\n|\n|t:|1657400421\n|switch|p2a: Landorus|Landorus-Therian, M|5\/100 tox\n|-ability|p2a: Landorus|Intimidate|boost\n|-unboost|p1a: Garchomp|atk|1\n|turn|72\n|\n|t:|1657400428\n|move|p1a: Garchomp|Earthquake|p2a: Landorus\n|-immune|p2a: Landorus\n|move|p2a: Landorus|Earthquake|p1a: Garchomp\n|-damage|p1a: Garchomp|0 fnt\n|faint|p1a: Garchomp\n|\n|-heal|p2a: Landorus|11\/100 tox|[from] item: Leftovers\n|-damage|p2a: Landorus|5\/100 tox|[from] psn\n|upkeep\n|\n|t:|1657400445\n|switch|p1a: Zeraora|Zeraora|9\/100 brn\n|-damage|p1a: Zeraora|0 fnt|[from] Stealth Rock\n|faint|p1a: Zeraora\n|\n|t:|1657400447\n|switch|p1a: Toxapex|Toxapex, F|100\/100\n|-damage|p1a: Toxapex|88\/100|[from] Stealth Rock\n|turn|73\n|-message|jeandonis02 forfeited.\n|\n|win|pattek\n|raw|jeandonis02's rating: 1741 &rarr; <strong>1718<\/strong><br \/>(-23 for losing)\n|raw|pattek's rating: 1693 &rarr; <strong>1716<\/strong><br \/>(+23 for winning)\n|l|\u2606jeandonis02\n|l|\u2606pattek\n||Ladder isn't responding, score probably updated but might not have (Request timeout).\n","uploadtime":1657400565,"views":37,"p1id":"jeandonis02","p2id":"pattek","formatid":"gen8ou","rating":1716,"private":0,"password":null}