{"id":"gen8bdspou-1504688910","p1":"AsterJ","p2":"Mopman579","format":"gen8bdspou","log":"|html|<div class=\"broadcast-blue\"><strong>[Gen 8 BDSP] OU is currently suspecting Gengar! For information on how to participate check out the <a href=\"https:\/\/www.smogon.com\/forums\/threads\/np-bdsp-ou-suspect-process-round-3-ghost-town.3696830\/\">suspect thread<\/a>.<\/strong><\/div>\n|j|\u2606AsterJ\n|j|\u2606Mopman579\n|t:|1644030114\n|gametype|singles\n|player|p1|AsterJ|acetrainerf-gen4|\n|player|p2|Mopman579|2|\n|teamsize|p1|6\n|teamsize|p2|6\n|gen|8\n|tier|[Gen 8 BDSP] OU\n|rule|Sleep Clause Mod: Limit one foe put to sleep\n|rule|Species Clause: Limit one of each Pok\u00e9mon\n|rule|OHKO Clause: OHKO moves are banned\n|rule|Evasion Moves Clause: Evasion moves are banned\n|rule|Endless Battle Clause: Forcing endless battles is banned\n|rule|HP Percentage Mod: HP is shown in percentages\n|clearpoke\n|poke|p1|Tyranitar, F|\n|poke|p1|Garchomp, F|\n|poke|p1|Registeel|\n|poke|p1|Dusknoir, F|\n|poke|p1|Vileplume, F|\n|poke|p1|Swellow, M|\n|poke|p2|Alakazam, M|\n|poke|p2|Weavile, F|\n|poke|p2|Tangrowth, F|\n|poke|p2|Vaporeon, M|\n|poke|p2|Magnezone|\n|poke|p2|Staraptor, M|\n|teampreview\n|c|\u2606Mopman579|glhf\n|c|\u2606Mopman579|First game in this format lmao\n|c|\u2606AsterJ|Same to you\n|c|\u2606AsterJ|Yea well same if we're talking draft\n|c|\u2606Mopman579|Just in general to me, but it seems like a more fun Let's Go, so I'm down\n|c|\u2606AsterJ|Oh yea by far lol\n|\n|t:|1644030204\n|start\n|switch|p1a: Swellow|Swellow, M|100\/100\n|switch|p2a: Chernobyl|Magnezone|100\/100\n|turn|1\n|\n|t:|1644030234\n|move|p1a: Swellow|U-turn|p2a: Chernobyl\n|-resisted|p2a: Chernobyl\n|-damage|p2a: Chernobyl|93\/100\n|\n|t:|1644030268\n|switch|p1a: Registeel|Registeel|100\/100|[from]move: U-turn\n|move|p2a: Chernobyl|Flash Cannon|p1a: Registeel\n|-resisted|p1a: Registeel\n|-damage|p1a: Registeel|81\/100\n|-unboost|p1a: Registeel|spd|1\n|\n|upkeep\n|turn|2\n|\n|t:|1644030289\n|switch|p2a: Wimbledon|Tangrowth, F, shiny|100\/100\n|switch|p1a: Garchomp|Garchomp, F|100\/100\n|\n|upkeep\n|turn|3\n|\n|t:|1644030314\n|switch|p1a: Vileplume|Vileplume, F|100\/100\n|switch|p2a: Bomber|Staraptor, M|100\/100\n|-ability|p2a: Bomber|Intimidate|boost\n|-unboost|p1a: Vileplume|atk|1\n|\n|upkeep\n|turn|4\n|\n|t:|1644030335\n|switch|p1a: Registeel|Registeel|81\/100\n|move|p2a: Bomber|U-turn|p1a: Registeel\n|-resisted|p1a: Registeel\n|-damage|p1a: Registeel|71\/100\n|-damage|p2a: Bomber|91\/100|[from] item: Life Orb\n|\n|t:|1644030379\n|switch|p2a: Chernobyl|Magnezone|93\/100|[from]move: U-turn\n|\n|upkeep\n|turn|5\n|\n|t:|1644030421\n|move|p2a: Chernobyl|Thunder|p1a: Registeel\n|-damage|p1a: Registeel|16\/100\n|-status|p1a: Registeel|par\n|move|p1a: Registeel|Hammer Arm|p2a: Chernobyl\n|-supereffective|p2a: Chernobyl\n|-damage|p2a: Chernobyl|56\/100\n|-unboost|p1a: Registeel|spe|1\n|\n|upkeep\n|turn|6\n|\n|t:|1644030436\n|switch|p2a: Wimbledon|Tangrowth, F, shiny|100\/100\n|switch|p1a: Garchomp|Garchomp, F|100\/100\n|\n|upkeep\n|turn|7\n|\n|t:|1644030444\n|switch|p1a: Vileplume|Vileplume, F|100\/100\n|move|p2a: Wimbledon|Sleep Powder|p1a: Vileplume\n|-immune|p1a: Vileplume\n|\n|upkeep\n|turn|8\n|\n|t:|1644030456\n|switch|p1a: Swellow|Swellow, M|100\/100\n|move|p2a: Wimbledon|Earthquake|p1a: Swellow\n|-immune|p1a: Swellow\n|\n|-status|p1a: Swellow|brn|[from] item: Flame Orb\n|upkeep\n|turn|9\n|\n|t:|1644030464\n|switch|p2a: Bomber|Staraptor, M|91\/100\n|-ability|p2a: Bomber|Intimidate|boost\n|-unboost|p1a: Swellow|atk|1\n|move|p1a: Swellow|Facade|p2a: Bomber\n|-damage|p2a: Bomber|18\/100\n|\n|-damage|p1a: Swellow|95\/100 brn|[from] brn\n|upkeep\n|turn|10\n|\n|t:|1644030484\n|switch|p2a: Mr. Clean|Vaporeon, M, shiny|100\/100\n|move|p1a: Swellow|Facade|p2a: Mr. Clean\n|-damage|p2a: Mr. Clean|42\/100\n|\n|-heal|p2a: Mr. Clean|48\/100|[from] item: Leftovers\n|-damage|p1a: Swellow|89\/100 brn|[from] brn\n|upkeep\n|turn|11\n|\n|t:|1644030493\n|move|p1a: Swellow|Facade|p2a: Mr. Clean\n|-damage|p2a: Mr. Clean|0 fnt\n|faint|p2a: Mr. Clean\n|\n|-damage|p1a: Swellow|83\/100 brn|[from] brn\n|upkeep\n|\n|t:|1644030503\n|switch|p2a: Chernobyl|Magnezone|56\/100\n|turn|12\n|\n|t:|1644030507\n|move|p1a: Swellow|U-turn|p2a: Chernobyl\n|-resisted|p2a: Chernobyl\n|-damage|p2a: Chernobyl|48\/100\n|\n|t:|1644030511\n|switch|p1a: Registeel|Registeel|16\/100 par|[from]move: U-turn\n|move|p2a: Chernobyl|Flash Cannon|p1a: Registeel\n|-resisted|p1a: Registeel\n|-damage|p1a: Registeel|0 fnt\n|faint|p1a: Registeel\n|\n|upkeep\n|\n|t:|1644030522\n|switch|p1a: Garchomp|Garchomp, F|100\/100\n|turn|13\n|\n|t:|1644030564\n|switch|p2a: Bomber|Staraptor, M|18\/100\n|-ability|p2a: Bomber|Intimidate|boost\n|-unboost|p1a: Garchomp|atk|1\n|move|p1a: Garchomp|Swords Dance|p1a: Garchomp\n|-boost|p1a: Garchomp|atk|2\n|\n|upkeep\n|turn|14\n|\n|t:|1644030573\n|move|p1a: Garchomp|Dragon Claw|p2a: Bomber\n|-damage|p2a: Bomber|0 fnt\n|faint|p2a: Bomber\n|\n|upkeep\n|\n|t:|1644030589\n|switch|p2a: Wimbledon|Tangrowth, F, shiny|100\/100\n|turn|15\n|\n|t:|1644030624\n|move|p1a: Garchomp|Dragon Claw|p2a: Wimbledon\n|-damage|p2a: Wimbledon|69\/100\n|move|p2a: Wimbledon|Sleep Powder|p1a: Garchomp\n|-status|p1a: Garchomp|slp|[from] move: Sleep Powder\n|\n|-heal|p2a: Wimbledon|75\/100|[from] item: Leftovers\n|upkeep\n|turn|16\n|\n|t:|1644030669\n|switch|p1a: Vileplume|Vileplume, F|100\/100\n|switch|p2a: Spoons|Alakazam, M, shiny|100\/100\n|\n|upkeep\n|turn|17\n|\n|t:|1644030679\n|switch|p1a: Tyranitar|Tyranitar, F|100\/100\n|-weather|Sandstorm|[from] ability: Sand Stream|[of] p1a: Tyranitar\n|move|p2a: Spoons|Substitute|p2a: Spoons\n|-start|p2a: Spoons|Substitute\n|-damage|p2a: Spoons|76\/100\n|\n|-weather|Sandstorm|[upkeep]\n|upkeep\n|turn|18\n|\n|t:|1644030689\n|switch|p1a: Dusknoir|Dusknoir, F|100\/100\n|move|p2a: Spoons|Energy Ball|p1a: Dusknoir\n|-damage|p1a: Dusknoir|79\/100\n|-unboost|p1a: Dusknoir|spd|1\n|\n|-weather|Sandstorm|[upkeep]\n|-damage|p1a: Dusknoir|72\/100|[from] Sandstorm\n|upkeep\n|turn|19\n|\n|t:|1644030728\n|switch|p1a: Tyranitar|Tyranitar, F|100\/100\n|move|p2a: Spoons|Psyshock|p1a: Tyranitar\n|-immune|p1a: Tyranitar\n|\n|-weather|Sandstorm|[upkeep]\n|upkeep\n|turn|20\n|\n|t:|1644030741\n|move|p2a: Spoons|Nasty Plot|p2a: Spoons\n|-boost|p2a: Spoons|spa|2\n|move|p1a: Tyranitar|Crunch|p2a: Spoons\n|-supereffective|p2a: Spoons\n|-end|p2a: Spoons|Substitute\n|\n|-weather|Sandstorm|[upkeep]\n|upkeep\n|turn|21\n|\n|t:|1644030851\n|switch|p2a: Wimbledon|Tangrowth, F, shiny|100\/100\n|switch|p1a: Swellow|Swellow, M|83\/100 brn\n|\n|-weather|none\n|-damage|p1a: Swellow|77\/100 brn|[from] brn\n|upkeep\n|turn|22\n|\n|t:|1644030875\n|move|p1a: Swellow|Facade|p2a: Wimbledon\n|-damage|p2a: Wimbledon|59\/100\n|move|p2a: Wimbledon|Leech Seed|p1a: Swellow\n|-start|p1a: Swellow|move: Leech Seed\n|\n|-heal|p2a: Wimbledon|66\/100|[from] item: Leftovers\n|-damage|p1a: Swellow|65\/100 brn|[from] Leech Seed|[of] p2a: Wimbledon\n|-heal|p2a: Wimbledon|74\/100|[silent]\n|-damage|p1a: Swellow|59\/100 brn|[from] brn\n|upkeep\n|turn|23\n|\n|t:|1644030885\n|move|p1a: Swellow|U-turn|p2a: Wimbledon\n|-supereffective|p2a: Wimbledon\n|-damage|p2a: Wimbledon|44\/100\n|\n|t:|1644030887\n|switch|p1a: Vileplume|Vileplume, F|100\/100|[from]move: U-turn\n|move|p2a: Wimbledon|Power Whip|p1a: Vileplume\n|-resisted|p1a: Vileplume\n|-damage|p1a: Vileplume|89\/100\n|\n|-heal|p2a: Wimbledon|50\/100|[from] item: Leftovers\n|upkeep\n|turn|24\n|\n|t:|1644030895\n|switch|p1a: Swellow|Swellow, M|59\/100 brn\n|switch|p2a: Chernobyl|Magnezone|48\/100\n|\n|-damage|p1a: Swellow|53\/100 brn|[from] brn\n|upkeep\n|turn|25\n|\n|t:|1644030924\n|move|p1a: Swellow|U-turn|p2a: Chernobyl\n|-resisted|p2a: Chernobyl\n|-damage|p2a: Chernobyl|37\/100\n|\n|t:|1644030929\n|switch|p1a: Garchomp|Garchomp, F|100\/100 slp|[from]move: U-turn\n|move|p2a: Chernobyl|Flash Cannon|p1a: Garchomp\n|-damage|p1a: Garchomp|26\/100 slp\n|\n|-heal|p1a: Garchomp|32\/100 slp|[from] item: Leftovers\n|upkeep\n|turn|26\n|\n|t:|1644030934\n|cant|p1a: Garchomp|slp\n|move|p2a: Chernobyl|Flash Cannon|p1a: Garchomp\n|-damage|p1a: Garchomp|0 fnt\n|faint|p1a: Garchomp\n|\n|upkeep\n|\n|t:|1644030936\n|switch|p1a: Swellow|Swellow, M|53\/100 brn\n|turn|27\n|\n|t:|1644030942\n|move|p1a: Swellow|Facade|p2a: Chernobyl\n|-resisted|p2a: Chernobyl\n|-damage|p2a: Chernobyl|2\/100\n|move|p2a: Chernobyl|Flash Cannon|p1a: Swellow\n|-damage|p1a: Swellow|0 fnt\n|faint|p1a: Swellow\n|\n|upkeep\n|\n|t:|1644030948\n|switch|p1a: Dusknoir|Dusknoir, F|72\/100\n|-item|p2a: Chernobyl|Choice Specs|[from] ability: Frisk|[of] p1a: Dusknoir|[identify]\n|turn|28\n|\n|t:|1644030951\n|move|p1a: Dusknoir|Shadow Sneak|p2a: Chernobyl\n|-damage|p2a: Chernobyl|0 fnt\n|faint|p2a: Chernobyl\n|\n|upkeep\n|\n|t:|1644030964\n|switch|p2a: Ginny|Weavile, F|100\/100\n|turn|29\n|\n|t:|1644030967\n|move|p2a: Ginny|Night Slash|p1a: Dusknoir\n|-supereffective|p1a: Dusknoir\n|-crit|p1a: Dusknoir\n|-enditem|p1a: Dusknoir|Colbur Berry|[eat]\n|-enditem|p1a: Dusknoir|Colbur Berry|[weaken]\n|-damage|p1a: Dusknoir|17\/100\n|-damage|p2a: Ginny|91\/100|[from] item: Life Orb\n|move|p1a: Dusknoir|Brick Break|p2a: Ginny\n|-supereffective|p2a: Ginny\n|-damage|p2a: Ginny|0 fnt\n|faint|p2a: Ginny\n|\n|upkeep\n|c|\u2606Mopman579|Nice lol\n|\n|t:|1644030986\n|switch|p2a: Spoons|Alakazam, M, shiny|76\/100\n|turn|30\n|\n|t:|1644030998\n|switch|p1a: Tyranitar|Tyranitar, F|100\/100\n|-weather|Sandstorm|[from] ability: Sand Stream|[of] p1a: Tyranitar\n|move|p2a: Spoons|Energy Ball|p1a: Tyranitar\n|-supereffective|p1a: Tyranitar\n|-damage|p1a: Tyranitar|66\/100\n|\n|-weather|Sandstorm|[upkeep]\n|upkeep\n|turn|31\n|\n|t:|1644031006\n|switch|p2a: Wimbledon|Tangrowth, F, shiny|83\/100\n|move|p1a: Tyranitar|Crunch|p2a: Wimbledon\n|-damage|p2a: Wimbledon|60\/100\n|\n|-weather|Sandstorm|[upkeep]\n|-damage|p2a: Wimbledon|54\/100|[from] Sandstorm\n|-heal|p2a: Wimbledon|60\/100|[from] item: Leftovers\n|upkeep\n|turn|32\n|\n|t:|1644031019\n|switch|p1a: Vileplume|Vileplume, F|89\/100\n|move|p2a: Wimbledon|Earthquake|p1a: Vileplume\n|-damage|p1a: Vileplume|66\/100\n|\n|-weather|Sandstorm|[upkeep]\n|-damage|p1a: Vileplume|60\/100|[from] Sandstorm\n|-damage|p2a: Wimbledon|54\/100|[from] Sandstorm\n|-heal|p2a: Wimbledon|60\/100|[from] item: Leftovers\n|upkeep\n|turn|33\n|\n|t:|1644031026\n|move|p1a: Vileplume|Sludge Bomb|p2a: Wimbledon\n|-supereffective|p2a: Wimbledon\n|-damage|p2a: Wimbledon|0 fnt\n|faint|p2a: Wimbledon\n|\n|-weather|Sandstorm|[upkeep]\n|-damage|p1a: Vileplume|53\/100|[from] Sandstorm\n|upkeep\n|\n|t:|1644031029\n|switch|p2a: Spoons|Alakazam, M, shiny|76\/100\n|turn|34\n|\n|t:|1644031105\n|move|p2a: Spoons|Psyshock|p1a: Vileplume\n|-supereffective|p1a: Vileplume\n|-damage|p1a: Vileplume|0 fnt\n|faint|p1a: Vileplume\n|\n|-weather|none\n|upkeep\n|\n|t:|1644031108\n|switch|p1a: Tyranitar|Tyranitar, F|66\/100\n|-weather|Sandstorm|[from] ability: Sand Stream|[of] p1a: Tyranitar\n|turn|35\n|c|\u2606AsterJ|Gg dude!\n|c|\u2606Mopman579|Gg!\n|\n|t:|1644031120\n|move|p2a: Spoons|Energy Ball|p1a: Tyranitar\n|-supereffective|p1a: Tyranitar\n|-damage|p1a: Tyranitar|27\/100\n|move|p1a: Tyranitar|Crunch|p2a: Spoons\n|-supereffective|p2a: Spoons\n|-crit|p2a: Spoons\n|-damage|p2a: Spoons|0 fnt\n|faint|p2a: Spoons\n|\n|win|AsterJ\n|c|\u2606AsterJ|Dayum\n|c|\u2606AsterJ|That was tough\n|c|\u2606Mopman579|My Zam's item deleted, which is why i switched earlier lol\n|c|\u2606Mopman579|Couldn't OHKO\n|c|\u2606AsterJ|Wait what was it originally\n|c|\u2606Mopman579|Life Orb\n|c|\u2606AsterJ|Ah\n|c|\u2606AsterJ|Damn that sucks\n|c|\u2606AsterJ|Why did that happen wtf\n|c|\u2606Mopman579|Eh, it's all for fun, was a good match\n|c|\u2606Mopman579|I'm really not sure\n|c|\u2606Mopman579|Can youg et replay?\n|c|\u2606AsterJ|Gotta double check next time before every game but yea ur right it is for fun so wtv gg man\n|c|\u2606AsterJ|Yea I got it\n|l|\u2606Mopman579\n|j| PorygonTheBot\n|c| PorygonTheBot|This game looks fun!\n","uploadtime":1644031196,"views":33,"p1id":"asterj","p2id":"mopman579","formatid":"gen8bdspou","rating":0,"private":0,"password":null}