{"id":"gen8ou-1599832237","p1":"gotsnsd","p2":"icebeamprodigy","format":"gen8ou","log":"|j|\u2606gotsnsd\n|j|\u2606icebeamprodigy\n|t:|1655667361\n|gametype|singles\n|player|p1|gotsnsd|beauty-gen2jp|1727\n|player|p2|icebeamprodigy|169|1838\n|teamsize|p1|6\n|teamsize|p2|6\n|gen|8\n|tier|[Gen 8] OU\n|rated|\n|rule|Sleep Clause Mod: Limit one foe put to sleep\n|rule|Species Clause: Limit one of each Pok\u00e9mon\n|rule|OHKO Clause: OHKO moves are banned\n|rule|Evasion Moves Clause: Evasion moves are banned\n|rule|Endless Battle Clause: Forcing endless battles is banned\n|rule|HP Percentage Mod: HP is shown in percentages\n|rule|Dynamax Clause: You cannot dynamax\n|clearpoke\n|poke|p1|Kartana|\n|poke|p1|Landorus-Therian, M|\n|poke|p1|Dragapult, F|\n|poke|p1|Weavile, F|\n|poke|p1|Tyranitar, M|\n|poke|p1|Melmetal|\n|poke|p2|Landorus-Therian, M|\n|poke|p2|Rotom-Wash|\n|poke|p2|Corviknight, M|\n|poke|p2|Diggersby, F|\n|poke|p2|Dragapult, M|\n|poke|p2|Bisharp, M|\n|teampreview\n|j| galactest bro !\n|\n|t:|1655667389\n|start\n|switch|p1a: Weavile|Weavile, F|100\/100\n|switch|p2a: Drag the jet Pult|Dragapult, M|100\/100\n|-ability|p1a: Weavile|Pressure\n|turn|1\n|\n|t:|1655667399\n|switch|p1a: Landorus|Landorus-Therian, M|100\/100\n|-ability|p1a: Landorus|Intimidate|boost\n|-unboost|p2a: Drag the jet Pult|atk|1\n|move|p2a: Drag the jet Pult|U-turn|p1a: Landorus\n|-resisted|p1a: Landorus\n|-damage|p1a: Landorus|95\/100\n|-enditem|p1a: Landorus|Eject Button\n|\n|t:|1655667406\n|switch|p1a: Tyranitar|Tyranitar, M|100\/100\n|-weather|Sandstorm|[from] ability: Sand Stream|[of] p1a: Tyranitar\n|\n|-weather|Sandstorm|[upkeep]\n|-damage|p2a: Drag the jet Pult|95\/100|[from] Sandstorm\n|upkeep\n|turn|2\n|j| Eggwich69\n|\n|t:|1655667412\n|move|p2a: Drag the jet Pult|U-turn|p1a: Tyranitar\n|-supereffective|p1a: Tyranitar\n|-damage|p1a: Tyranitar|81\/100\n|\n|t:|1655667416\n|switch|p2a: Tatum-Wash|Rotom-Wash|100\/100|[from]move: U-turn\n|move|p1a: Tyranitar|Crunch|p2a: Tatum-Wash\n|-damage|p2a: Tatum-Wash|31\/100\n|\n|-weather|Sandstorm|[upkeep]\n|-damage|p2a: Tatum-Wash|25\/100|[from] Sandstorm\n|-heal|p2a: Tatum-Wash|31\/100|[from] item: Leftovers\n|upkeep\n|turn|3\n|\n|t:|1655667423\n|move|p2a: Tatum-Wash|Volt Switch|p1a: Tyranitar\n|-damage|p1a: Tyranitar|63\/100\n|\n|t:|1655667427\n|switch|p2a: Ernie|Landorus-Therian, M|100\/100|[from]move: Volt Switch\n|-ability|p2a: Ernie|Intimidate|boost\n|-unboost|p1a: Tyranitar|atk|1\n|move|p1a: Tyranitar|Crunch|p2a: Ernie\n|-damage|p2a: Ernie|65\/100\n|\n|-weather|Sandstorm|[upkeep]\n|upkeep\n|turn|4\n|\n|t:|1655667434\n|switch|p1a: Landorus|Landorus-Therian, M|95\/100\n|-ability|p1a: Landorus|Intimidate|boost\n|-unboost|p2a: Ernie|atk|1\n|move|p2a: Ernie|Stealth Rock|p1a: Landorus\n|-sidestart|p1: gotsnsd|move: Stealth Rock\n|\n|-weather|Sandstorm|[upkeep]\n|upkeep\n|turn|5\n|\n|t:|1655667438\n|move|p1a: Landorus|Stealth Rock|p2a: Ernie\n|-sidestart|p2: icebeamprodigy|move: Stealth Rock\n|move|p2a: Ernie|Toxic|p1a: Landorus\n|-status|p1a: Landorus|tox\n|\n|-weather|none\n|-damage|p1a: Landorus|89\/100 tox|[from] psn\n|upkeep\n|turn|6\n|\n|t:|1655667446\n|switch|p2a: Tatum-Wash|Rotom-Wash|31\/100\n|-damage|p2a: Tatum-Wash|19\/100|[from] Stealth Rock\n|move|p1a: Landorus|Knock Off|p2a: Tatum-Wash\n|-damage|p2a: Tatum-Wash|0 fnt\n|-enditem|p2a: Tatum-Wash|Leftovers|[from] move: Knock Off|[of] p1a: Landorus\n|faint|p2a: Tatum-Wash\n|\n|-damage|p1a: Landorus|77\/100 tox|[from] psn\n|upkeep\n|\n|t:|1655667475\n|switch|p2a: Ernie|Landorus-Therian, M|65\/100\n|-ability|p2a: Ernie|Intimidate|boost\n|-unboost|p1a: Landorus|atk|1\n|turn|7\n|\n|t:|1655667480\n|move|p1a: Landorus|Knock Off|p2a: Ernie\n|-damage|p2a: Ernie|48\/100\n|-enditem|p2a: Ernie|Heavy-Duty Boots|[from] move: Knock Off|[of] p1a: Landorus\n|move|p2a: Ernie|Knock Off|p1a: Landorus\n|-damage|p1a: Landorus|56\/100 tox\n|\n|-damage|p1a: Landorus|38\/100 tox|[from] psn\n|upkeep\n|turn|8\n|\n|t:|1655667500\n|move|p1a: Landorus|Toxic|p2a: Ernie|[miss]\n|-miss|p1a: Landorus|p2a: Ernie\n|move|p2a: Ernie|Knock Off|p1a: Landorus\n|-damage|p1a: Landorus|18\/100 tox\n|\n|-damage|p1a: Landorus|0 fnt|[from] psn\n|faint|p1a: Landorus\n|upkeep\n|\n|t:|1655667511\n|switch|p1a: Weavile|Weavile, F|100\/100\n|-damage|p1a: Weavile|76\/100|[from] Stealth Rock\n|-ability|p1a: Weavile|Pressure\n|turn|9\n|\n|t:|1655667517\n|move|p1a: Weavile|Beat Up|p2a: Ernie\n|-damage|p2a: Ernie|38\/100\n|-damage|p2a: Ernie|27\/100\n|-damage|p2a: Ernie|13\/100\n|-damage|p2a: Ernie|1\/100\n|-damage|p2a: Ernie|0 fnt\n|faint|p2a: Ernie\n|-hitcount|p2: Ernie|5\n|\n|upkeep\n|\n|t:|1655667531\n|switch|p2a: Sir Charles|Bisharp, M|100\/100\n|-damage|p2a: Sir Charles|95\/100|[from] Stealth Rock\n|turn|10\n|\n|t:|1655667536\n|switch|p1a: Kartana|Kartana|100\/100\n|-damage|p1a: Kartana|95\/100|[from] Stealth Rock\n|move|p2a: Sir Charles|Knock Off|p1a: Kartana\n|-crit|p1a: Kartana\n|-damage|p1a: Kartana|11\/100\n|-damage|p2a: Sir Charles|78\/100|[from] item: Rocky Helmet|[of] p1a: Kartana\n|-enditem|p1a: Kartana|Rocky Helmet|[from] move: Knock Off|[of] p2a: Sir Charles\n|\n|upkeep\n|turn|11\n|\n|t:|1655667541\n|move|p2a: Sir Charles|Sucker Punch||[still]\n|-fail|p2a: Sir Charles\n|move|p1a: Kartana|Synthesis|p1a: Kartana\n|-heal|p1a: Kartana|61\/100\n|\n|upkeep\n|turn|12\n|\n|t:|1655667549\n|switch|p2a: korver bird|Corviknight, M|100\/100\n|-damage|p2a: korver bird|88\/100|[from] Stealth Rock\n|-ability|p2a: korver bird|Pressure\n|move|p1a: Kartana|Leaf Blade|p2a: korver bird\n|-resisted|p2a: korver bird\n|-damage|p2a: korver bird|79\/100\n|-damage|p1a: Kartana|44\/100|[from] item: Rocky Helmet|[of] p2a: korver bird\n|\n|upkeep\n|turn|13\n|\n|t:|1655667558\n|move|p1a: Kartana|Synthesis|p1a: Kartana\n|-heal|p1a: Kartana|94\/100\n|move|p2a: korver bird|U-turn|p1a: Kartana\n|-damage|p1a: Kartana|81\/100\n|\n|t:|1655667561\n|switch|p2a: Drag the jet Pult|Dragapult, M|95\/100|[from]move: U-turn\n|-damage|p2a: Drag the jet Pult|82\/100|[from] Stealth Rock\n|\n|upkeep\n|turn|14\n|\n|t:|1655667571\n|switch|p1a: Tyranitar|Tyranitar, M|63\/100\n|-damage|p1a: Tyranitar|50\/100|[from] Stealth Rock\n|-weather|Sandstorm|[from] ability: Sand Stream|[of] p1a: Tyranitar\n|move|p2a: Drag the jet Pult|U-turn|p1a: Tyranitar\n|-supereffective|p1a: Tyranitar\n|-crit|p1a: Tyranitar\n|-damage|p1a: Tyranitar|3\/100\n|\n|t:|1655667583\n|switch|p2a: Sir Charles|Bisharp, M|78\/100|[from]move: U-turn\n|-damage|p2a: Sir Charles|72\/100|[from] Stealth Rock\n|\n|-weather|Sandstorm|[upkeep]\n|upkeep\n|turn|15\n|\n|t:|1655667589\n|move|p2a: Sir Charles|Knock Off|p1a: Tyranitar\n|-resisted|p1a: Tyranitar\n|-damage|p1a: Tyranitar|0 fnt\n|-enditem|p1a: Tyranitar|Choice Band|[from] move: Knock Off|[of] p2a: Sir Charles\n|faint|p1a: Tyranitar\n|\n|-weather|Sandstorm|[upkeep]\n|upkeep\n|\n|t:|1655667603\n|switch|p1a: Kartana|Kartana|81\/100\n|-damage|p1a: Kartana|75\/100|[from] Stealth Rock\n|turn|16\n|\n|t:|1655667607\n|switch|p2a: korver bird|Corviknight, M|79\/100\n|-damage|p2a: korver bird|67\/100|[from] Stealth Rock\n|-ability|p2a: korver bird|Pressure\n|move|p1a: Kartana|Knock Off|p2a: korver bird\n|-damage|p2a: korver bird|45\/100\n|-damage|p1a: Kartana|59\/100|[from] item: Rocky Helmet|[of] p2a: korver bird\n|-enditem|p2a: korver bird|Rocky Helmet|[from] move: Knock Off|[of] p1a: Kartana\n|\n|-weather|Sandstorm|[upkeep]\n|upkeep\n|turn|17\n|\n|t:|1655667620\n|switch|p1a: Weavile|Weavile, F|76\/100\n|-damage|p1a: Weavile|51\/100|[from] Stealth Rock\n|-ability|p1a: Weavile|Pressure\n|move|p2a: korver bird|Roost|p2a: korver bird\n|-heal|p2a: korver bird|95\/100\n|-singleturn|p2a: korver bird|move: Roost\n|\n|-weather|Sandstorm|[upkeep]\n|-damage|p1a: Weavile|45\/100|[from] Sandstorm\n|upkeep\n|turn|18\n|\n|t:|1655667632\n|move|p1a: Weavile|Triple Axel|p2a: korver bird\n|-damage|p2a: korver bird|86\/100\n|-damage|p2a: korver bird|68\/100\n|-damage|p2a: korver bird|40\/100\n|-hitcount|p2a: korver bird|3\n|move|p2a: korver bird|Roost|p2a: korver bird\n|-heal|p2a: korver bird|90\/100\n|-singleturn|p2a: korver bird|move: Roost\n|\n|-weather|none\n|upkeep\n|turn|19\n|\n|t:|1655667657\n|switch|p1a: Dragapult|Dragapult, F|100\/100\n|-damage|p1a: Dragapult|88\/100|[from] Stealth Rock\n|move|p2a: korver bird|Roost|p2a: korver bird\n|-heal|p2a: korver bird|100\/100\n|-singleturn|p2a: korver bird|move: Roost\n|\n|upkeep\n|turn|20\n|\n|t:|1655667667\n|move|p1a: Dragapult|U-turn|p2a: korver bird\n|-resisted|p2a: korver bird\n|-damage|p2a: korver bird|95\/100\n|\n|t:|1655667672\n|switch|p1a: Melmetal|Melmetal|100\/100|[from]move: U-turn\n|-damage|p1a: Melmetal|94\/100|[from] Stealth Rock\n|move|p2a: korver bird|Brave Bird|p1a: Melmetal\n|-resisted|p1a: Melmetal\n|-damage|p1a: Melmetal|84\/100\n|-damage|p2a: korver bird|92\/100|[from] Recoil\n|\n|upkeep\n|turn|21\n|\n|t:|1655667679\n|move|p2a: korver bird|Roost|p2a: korver bird\n|-heal|p2a: korver bird|100\/100\n|-singleturn|p2a: korver bird|move: Roost\n|move|p1a: Melmetal|Double Iron Bash|p2a: korver bird\n|-resisted|p2a: korver bird\n|-damage|p2a: korver bird|87\/100\n|-resisted|p2a: korver bird\n|-damage|p2a: korver bird|73\/100\n|-hitcount|p2a: korver bird|2\n|\n|upkeep\n|turn|22\n|\n|t:|1655667687\n|move|p2a: korver bird|Roost|p2a: korver bird\n|-heal|p2a: korver bird|100\/100\n|-singleturn|p2a: korver bird|move: Roost\n|move|p1a: Melmetal|Thunder Wave|p2a: korver bird\n|-status|p2a: korver bird|par\n|\n|upkeep\n|turn|23\n|\n|t:|1655667691\n|move|p1a: Melmetal|Double Iron Bash|p2a: korver bird\n|-resisted|p2a: korver bird\n|-damage|p2a: korver bird|87\/100 par\n|-resisted|p2a: korver bird\n|-damage|p2a: korver bird|74\/100 par\n|-hitcount|p2a: korver bird|2\n|cant|p2a: korver bird|par\n|\n|upkeep\n|turn|24\n|\n|t:|1655667695\n|move|p1a: Melmetal|Thunder Punch|p2a: korver bird\n|-supereffective|p2a: korver bird\n|-damage|p2a: korver bird|29\/100 par\n|cant|p2a: korver bird|par\n|\n|upkeep\n|turn|25\n|\n|t:|1655667700\n|move|p1a: Melmetal|Double Iron Bash|p2a: korver bird\n|-resisted|p2a: korver bird\n|-damage|p2a: korver bird|16\/100 par\n|-resisted|p2a: korver bird\n|-damage|p2a: korver bird|3\/100 par\n|-hitcount|p2a: korver bird|2\n|move|p2a: korver bird|Roost|p2a: korver bird\n|-heal|p2a: korver bird|53\/100 par\n|-singleturn|p2a: korver bird|move: Roost\n|\n|upkeep\n|turn|26\n|\n|t:|1655667708\n|move|p1a: Melmetal|Thunder Punch|p2a: korver bird\n|-supereffective|p2a: korver bird\n|-damage|p2a: korver bird|5\/100 par\n|move|p2a: korver bird|U-turn|p1a: Melmetal\n|-resisted|p1a: Melmetal\n|-damage|p1a: Melmetal|80\/100\n|\n|t:|1655667713\n|switch|p2a: Shaqqersby|Diggersby, F|100\/100|[from]move: U-turn\n|-damage|p2a: Shaqqersby|94\/100|[from] Stealth Rock\n|\n|upkeep\n|turn|27\n|\n|t:|1655667718\n|move|p2a: Shaqqersby|Earthquake|p1a: Melmetal\n|-supereffective|p1a: Melmetal\n|-damage|p1a: Melmetal|0 fnt\n|faint|p1a: Melmetal\n|\n|upkeep\n|\n|t:|1655667734\n|switch|p1a: Dragapult|Dragapult, F|88\/100\n|-damage|p1a: Dragapult|76\/100|[from] Stealth Rock\n|turn|28\n|\n|t:|1655667737\n|switch|p2a: korver bird|Corviknight, M|5\/100 par\n|-damage|p2a: korver bird|0 fnt|[from] Stealth Rock\n|faint|p2a: korver bird\n|move|p1a: Dragapult|Dragon Darts|p2: korver bird|[notarget]\n|-fail|p1a: Dragapult\n|\n|upkeep\n|\n|t:|1655667741\n|switch|p2a: Sir Charles|Bisharp, M|72\/100\n|-damage|p2a: Sir Charles|66\/100|[from] Stealth Rock\n|turn|29\n|\n|t:|1655667771\n|switch|p1a: Kartana|Kartana|59\/100\n|-damage|p1a: Kartana|53\/100|[from] Stealth Rock\n|move|p2a: Sir Charles|Swords Dance|p2a: Sir Charles\n|-boost|p2a: Sir Charles|atk|2\n|\n|upkeep\n|turn|30\n|\n|t:|1655667778\n|move|p1a: Kartana|Synthesis|p1a: Kartana\n|-heal|p1a: Kartana|100\/100\n|move|p2a: Sir Charles|Knock Off|p1a: Kartana\n|-damage|p1a: Kartana|25\/100\n|\n|upkeep\n|turn|31\n|\n|t:|1655667793\n|move|p2a: Sir Charles|Sucker Punch||[still]\n|-fail|p2a: Sir Charles\n|move|p1a: Kartana|Synthesis|p1a: Kartana\n|-heal|p1a: Kartana|75\/100\n|\n|upkeep\n|turn|32\n|\n|t:|1655667799\n|move|p1a: Kartana|Knock Off|p2a: Sir Charles\n|-resisted|p2a: Sir Charles\n|-crit|p2a: Sir Charles\n|-damage|p2a: Sir Charles|31\/100\n|-enditem|p2a: Sir Charles|Black Glasses|[from] move: Knock Off|[of] p1a: Kartana\n|move|p2a: Sir Charles|Knock Off|p1a: Kartana\n|-damage|p1a: Kartana|17\/100\n|\n|upkeep\n|turn|33\n|\n|t:|1655667820\n|move|p1a: Kartana|Synthesis|p1a: Kartana\n|-heal|p1a: Kartana|67\/100\n|move|p2a: Sir Charles|Knock Off|p1a: Kartana\n|-damage|p1a: Kartana|9\/100\n|\n|upkeep\n|turn|34\n|\n|t:|1655667833\n|move|p1a: Kartana|Leaf Blade|p2a: Sir Charles\n|-resisted|p2a: Sir Charles\n|-damage|p2a: Sir Charles|0 fnt\n|faint|p2a: Sir Charles\n|-ability|p1a: Kartana|Beast Boost|boost\n|-boost|p1a: Kartana|atk|1\n|\n|upkeep\n|\n|t:|1655667840\n|switch|p2a: Drag the jet Pult|Dragapult, M|82\/100\n|-damage|p2a: Drag the jet Pult|70\/100|[from] Stealth Rock\n|turn|35\n|\n|t:|1655667851\n|move|p2a: Drag the jet Pult|U-turn|p1a: Kartana\n|-damage|p1a: Kartana|0 fnt\n|faint|p1a: Kartana\n|\n|t:|1655667855\n|switch|p2a: Shaqqersby|Diggersby, F|94\/100|[from]move: U-turn\n|-damage|p2a: Shaqqersby|88\/100|[from] Stealth Rock\n|\n|upkeep\n|\n|t:|1655667860\n|switch|p1a: Dragapult|Dragapult, F|76\/100\n|-damage|p1a: Dragapult|64\/100|[from] Stealth Rock\n|turn|36\n|\n|t:|1655667864\n|move|p1a: Dragapult|Dragon Darts|p2a: Shaqqersby\n|-damage|p2a: Shaqqersby|40\/100\n|-anim|p1a: Dragapult|Dragon Darts|p2a: Shaqqersby\n|-damage|p2a: Shaqqersby|0 fnt\n|faint|p2a: Shaqqersby\n|\n|upkeep\n|\n|t:|1655667867\n|switch|p2a: Drag the jet Pult|Dragapult, M|70\/100\n|-damage|p2a: Drag the jet Pult|58\/100|[from] Stealth Rock\n|turn|37\n|\n|t:|1655667871\n|move|p1a: Dragapult|Dragon Darts|p2a: Drag the jet Pult\n|-supereffective|p2a: Drag the jet Pult\n|-damage|p2a: Drag the jet Pult|0 fnt\n|faint|p2a: Drag the jet Pult\n|\n|win|gotsnsd\n|raw|gotsnsd's rating: 1727 &rarr; <strong>1753<\/strong><br \/>(+26 for winning)\n|raw|icebeamprodigy's rating: 1838 &rarr; <strong>1812<\/strong><br \/>(-26 for losing)\n|l|\u2606icebeamprodigy\n|l| galactest bro !\n||Ladder isn't responding, score probably updated but might not have (Request timeout).\n","uploadtime":1655667938,"views":25,"p1id":"gotsnsd","p2id":"icebeamprodigy","formatid":"gen8ou","rating":1753,"private":0,"password":null}