{"id":"gen8nationaldex-1449588292","p1":"Hikari-miyako","p2":"El Choro 37","format":"gen8nationaldex","log":"|j|\u2606Hikari-miyako\n|j|\u2606El Choro 37\n|t:|1636154080\n|gametype|singles\n|player|p1|Hikari-miyako|ariana|1675\n|player|p2|El Choro 37|drayden|1576\n|teamsize|p1|6\n|teamsize|p2|6\n|gen|8\n|tier|[Gen 8] National Dex\n|rated|\n|rule|HP Percentage Mod: HP is shown in percentages\n|rule|Endless Battle Clause: Forcing endless battles is banned\n|rule|OHKO Clause: OHKO moves are banned\n|rule|Evasion Moves Clause: Evasion moves are banned\n|rule|Species Clause: Limit one of each Pok\u00e9mon\n|rule|Dynamax Clause: You cannot dynamax\n|rule|Sleep Clause Mod: Limit one foe put to sleep\n|clearpoke\n|poke|p1|Aegislash, M|\n|poke|p1|Diancie|\n|poke|p1|Thundurus, M|\n|poke|p1|Greninja, M|\n|poke|p1|Bisharp, M|\n|poke|p1|Serperior, F|\n|poke|p2|Pelipper, F|\n|poke|p2|Ferrothorn, F|\n|poke|p2|Landorus-Therian, M|\n|poke|p2|Greninja, M|\n|poke|p2|Rillaboom, M|\n|poke|p2|Toxicroak, M|\n|teampreview\n|inactive|Battle timer is ON: inactive players will automatically lose when time's up. (requested by El Choro 37)\n|\n|t:|1636154092\n|start\n|switch|p1a: Thundurus|Thundurus, M|100\/100\n|switch|p2a: Landorus|Landorus-Therian, M|100\/100\n|-ability|p2a: Landorus|Intimidate|boost\n|-unboost|p1a: Thundurus|atk|1\n|turn|1\n|\n|t:|1636154097\n|move|p1a: Thundurus|Hidden Power|p2a: Landorus\n|-supereffective|p2a: Landorus\n|-enditem|p2a: Landorus|Focus Sash\n|-damage|p2a: Landorus|1\/100\n|-damage|p1a: Thundurus|91\/100|[from] item: Life Orb\n|move|p2a: Landorus|Stealth Rock|p1a: Thundurus\n|-sidestart|p1: Hikari-miyako|move: Stealth Rock\n|\n|upkeep\n|turn|2\n|\n|t:|1636154101\n|switch|p2a: Ferrothorn|Ferrothorn, F|100\/100\n|move|p1a: Thundurus|Hidden Power|p2a: Ferrothorn\n|-damage|p2a: Ferrothorn|83\/100\n|-damage|p1a: Thundurus|81\/100|[from] item: Life Orb\n|\n|-heal|p2a: Ferrothorn|90\/100|[from] item: Leftovers\n|upkeep\n|turn|3\n|\n|t:|1636154109\n|switch|p1a: Bisharp|Bisharp, M|100\/100\n|-damage|p1a: Bisharp|95\/100|[from] Stealth Rock\n|move|p2a: Ferrothorn|Leech Seed|p1a: Bisharp\n|-start|p1a: Bisharp|move: Leech Seed\n|\n|-heal|p2a: Ferrothorn|96\/100|[from] item: Leftovers\n|-damage|p1a: Bisharp|82\/100|[from] Leech Seed|[of] p2a: Ferrothorn\n|-heal|p2a: Ferrothorn|100\/100|[silent]\n|upkeep\n|turn|4\n|\n|t:|1636154119\n|move|p1a: Bisharp|Stealth Rock|p2a: Ferrothorn\n|-sidestart|p2: El Choro 37|move: Stealth Rock\n|move|p2a: Ferrothorn|Spikes|p1a: Bisharp\n|-sidestart|p1: Hikari-miyako|Spikes\n|\n|-damage|p1a: Bisharp|70\/100|[from] Leech Seed|[of] p2a: Ferrothorn\n|upkeep\n|turn|5\n|\n|t:|1636154123\n|move|p1a: Bisharp|Knock Off|p2a: Ferrothorn\n|-damage|p2a: Ferrothorn|58\/100\n|-damage|p1a: Bisharp|58\/100|[from] ability: Iron Barbs|[of] p2a: Ferrothorn\n|-enditem|p2a: Ferrothorn|Leftovers|[from] move: Knock Off|[of] p1a: Bisharp\n|move|p2a: Ferrothorn|Leech Seed||[still]\n|-fail|p2a: Ferrothorn\n|\n|-damage|p1a: Bisharp|45\/100|[from] Leech Seed|[of] p2a: Ferrothorn\n|-heal|p2a: Ferrothorn|70\/100|[silent]\n|upkeep\n|turn|6\n|\n|t:|1636154127\n|switch|p1a: Diancie|Diancie|100\/100\n|-damage|p1a: Diancie|88\/100|[from] Stealth Rock\n|-damage|p1a: Diancie|76\/100|[from] Spikes\n|move|p2a: Ferrothorn|Spikes|p1a: Diancie\n|-sidestart|p1: Hikari-miyako|Spikes\n|\n|upkeep\n|turn|7\n|\n|t:|1636154135\n|switch|p2a: Landorus|Landorus-Therian, M|1\/100\n|-damage|p2a: Landorus|0 fnt|[from] Stealth Rock\n|faint|p2a: Landorus\n|detailschange|p1a: Diancie|Diancie-Mega\n|-mega|p1a: Diancie|Diancie|Diancite\n|move|p1a: Diancie|Mystical Fire|p2: Landorus|[notarget]\n|-fail|p1a: Diancie\n|\n|upkeep\n|\n|t:|1636154148\n|switch|p2a: Rillaboom|Rillaboom, M|100\/100\n|-damage|p2a: Rillaboom|88\/100|[from] Stealth Rock\n|-fieldstart|move: Grassy Terrain|[from] ability: Grassy Surge|[of] p2a: Rillaboom\n|turn|8\n|\n|t:|1636154156\n|switch|p1a: Thundurus|Thundurus, M|81\/100\n|-damage|p1a: Thundurus|56\/100|[from] Stealth Rock\n|move|p2a: Rillaboom|Grassy Glide|p1a: Thundurus\n|-resisted|p1a: Thundurus\n|-damage|p1a: Thundurus|7\/100\n|-damage|p2a: Rillaboom|78\/100|[from] item: Life Orb\n|\n|-heal|p2a: Rillaboom|84\/100|[from] Grassy Terrain\n|upkeep\n|turn|9\n|\n|t:|1636154163\n|move|p1a: Thundurus|Thunder Wave|p2a: Rillaboom\n|-status|p2a: Rillaboom|par\n|move|p2a: Rillaboom|Grassy Glide|p1a: Thundurus\n|-resisted|p1a: Thundurus\n|-damage|p1a: Thundurus|0 fnt\n|faint|p1a: Thundurus\n|-damage|p2a: Rillaboom|74\/100 par|[from] item: Life Orb\n|\n|-heal|p2a: Rillaboom|81\/100 par|[from] Grassy Terrain\n|upkeep\n|\n|t:|1636154166\n|switch|p1a: Aegislash|Aegislash, M|100\/100\n|-damage|p1a: Aegislash|84\/100|[from] Spikes\n|-damage|p1a: Aegislash|78\/100|[from] Stealth Rock\n|turn|10\n|\n|t:|1636154194\n|-formechange|p1a: Aegislash|Aegislash-Blade||[from] ability: Stance Change\n|move|p1a: Aegislash|Shadow Ball|p2a: Rillaboom\n|-damage|p2a: Rillaboom|13\/100 par\n|-unboost|p2a: Rillaboom|spd|1\n|move|p2a: Rillaboom|High Horsepower|p1a: Aegislash\n|-supereffective|p1a: Aegislash\n|-damage|p1a: Aegislash|0 fnt\n|faint|p1a: Aegislash\n|-damage|p2a: Rillaboom|3\/100 par|[from] item: Life Orb\n|\n|-heal|p2a: Rillaboom|9\/100 par|[from] Grassy Terrain\n|upkeep\n|\n|t:|1636154203\n|switch|p1a: Greninja|Greninja, M|100\/100\n|-damage|p1a: Greninja|88\/100|[from] Stealth Rock\n|-damage|p1a: Greninja|72\/100|[from] Spikes\n|turn|11\n|\n|t:|1636154211\n|switch|p2a: Toxicroak|Toxicroak, M|100\/100\n|-damage|p2a: Toxicroak|94\/100|[from] Stealth Rock\n|-item|p2a: Toxicroak|Air Balloon\n|move|p1a: Greninja|Water Shuriken|p2a: Toxicroak\n|-heal|p2a: Toxicroak|100\/100|[from] ability: Dry Skin|[of] p1a: Greninja\n|\n|-heal|p1a: Greninja|78\/100|[from] Grassy Terrain\n|upkeep\n|turn|12\n|\n|t:|1636154221\n|switch|p1a: Bisharp|Bisharp, M|45\/100\n|-damage|p1a: Bisharp|39\/100|[from] Stealth Rock\n|-damage|p1a: Bisharp|23\/100|[from] Spikes\n|move|p2a: Toxicroak|Poison Jab|p1a: Bisharp\n|-immune|p1a: Bisharp\n|\n|-heal|p1a: Bisharp|29\/100|[from] Grassy Terrain\n|-fieldend|move: Grassy Terrain\n|upkeep\n|turn|13\n|\n|t:|1636154227\n|move|p1a: Bisharp|Sucker Punch|p2a: Toxicroak\n|-resisted|p2a: Toxicroak\n|-damage|p2a: Toxicroak|68\/100\n|-enditem|p2a: Toxicroak|Air Balloon\n|move|p2a: Toxicroak|Drain Punch|p1a: Bisharp\n|-supereffective|p1a: Bisharp\n|-damage|p1a: Bisharp|0 fnt\n|-heal|p2a: Toxicroak|84\/100|[from] drain|[of] p1a: Bisharp\n|faint|p1a: Bisharp\n|\n|upkeep\n|\n|t:|1636154231\n|switch|p1a: Diancie|Diancie-Mega|76\/100\n|-damage|p1a: Diancie|63\/100|[from] Stealth Rock\n|-damage|p1a: Diancie|47\/100|[from] Spikes\n|turn|14\n|\n|t:|1636154239\n|switch|p2a: Rillaboom|Rillaboom, M|9\/100 par\n|-damage|p2a: Rillaboom|0 fnt|[from] Stealth Rock\n|faint|p2a: Rillaboom\n|move|p1a: Diancie|Moonblast|p2: Rillaboom|[notarget]\n|-fail|p1a: Diancie\n|\n|upkeep\n|\n|t:|1636154248\n|switch|p2a: Greninja|Greninja, M|100\/100\n|-damage|p2a: Greninja|88\/100|[from] Stealth Rock\n|turn|15\n|\n|t:|1636154253\n|switch|p1a: Greninja|Greninja, M|78\/100\n|-damage|p1a: Greninja|65\/100|[from] Stealth Rock\n|-damage|p1a: Greninja|49\/100|[from] Spikes\n|move|p2a: Greninja|Ice Beam|p1a: Greninja\n|-resisted|p1a: Greninja\n|-damage|p1a: Greninja|13\/100\n|\n|upkeep\n|turn|16\n|\n|t:|1636154258\n|move|p1a: Greninja|Hydro Pump|p2a: Greninja\n|-resisted|p2a: Greninja\n|-damage|p2a: Greninja|30\/100\n|move|p2a: Greninja|Ice Beam|p1a: Greninja\n|-resisted|p1a: Greninja\n|-damage|p1a: Greninja|0 fnt\n|faint|p1a: Greninja\n|-activate|p2a: Greninja|ability: Battle Bond\n|detailschange|p2a: Greninja|Greninja-Ash, M\n|\n|upkeep\n|\n|t:|1636154260\n|switch|p1a: Serperior|Serperior, F|100\/100\n|-damage|p1a: Serperior|88\/100|[from] Stealth Rock\n|-damage|p1a: Serperior|72\/100|[from] Spikes\n|turn|17\n|\n|t:|1636154263\n|switch|p2a: Ferrothorn|Ferrothorn, F|70\/100\n|-damage|p2a: Ferrothorn|63\/100|[from] Stealth Rock\n|move|p1a: Serperior|Leaf Storm|p2a: Ferrothorn\n|-resisted|p2a: Ferrothorn\n|-damage|p2a: Ferrothorn|55\/100\n|-boost|p1a: Serperior|spa|2\n|\n|upkeep\n|turn|18\n|\n|t:|1636154280\n|move|p1a: Serperior|Leaf Storm|p2a: Ferrothorn\n|-resisted|p2a: Ferrothorn\n|-damage|p2a: Ferrothorn|39\/100\n|-boost|p1a: Serperior|spa|2\n|move|p2a: Ferrothorn|Thunder Wave|p1a: Serperior\n|-status|p1a: Serperior|par\n|\n|upkeep\n|turn|19\n|-message|Hikari-miyako forfeited.\n|\n|win|El Choro 37\n|raw|Hikari-miyako's rating: 1675 &rarr; <strong>1649<\/strong><br \/>(-26 for losing)\n|raw|El Choro 37's rating: 1576 &rarr; <strong>1602<\/strong><br \/>(+26 for winning)\n|l|\u2606Hikari-miyako\n","uploadtime":1636154298,"views":18,"p1id":"hikarimiyako","p2id":"elchoro37","formatid":"gen8nationaldex","rating":1602,"private":0,"password":null}