{"id":"gen8ubers-1499421021","p1":"Charmilleon","p2":"Ivyon","format":"gen8ubers","log":"|j|\u2606Charmilleon\n|j|\u2606Ivyon\n|t:|1643286512\n|gametype|singles\n|player|p1|Charmilleon|265|1249\n|player|p2|Ivyon|blue|1371\n|teamsize|p1|6\n|teamsize|p2|6\n|gen|8\n|tier|[Gen 8] Ubers\n|rated|\n|rule|Sleep Clause Mod: Limit one foe put to sleep\n|rule|Species Clause: Limit one of each Pok\u00e9mon\n|rule|OHKO Clause: OHKO moves are banned\n|rule|Evasion Moves Clause: Evasion moves are banned\n|rule|Endless Battle Clause: Forcing endless battles is banned\n|rule|HP Percentage Mod: HP is shown in percentages\n|rule|Dynamax Clause: You cannot dynamax\n|clearpoke\n|poke|p1|Calyrex-Shadow|\n|poke|p1|Cinderace, M|\n|poke|p1|Kyogre|\n|poke|p1|Pheromosa|\n|poke|p1|Xerneas-*|\n|poke|p1|Yveltal|\n|poke|p2|Cloyster, F|\n|poke|p2|Mimikyu, M|\n|poke|p2|Volcarona, M|\n|poke|p2|Shuckle, M|\n|poke|p2|Dragonite, M|\n|poke|p2|Necrozma-Dusk-Mane|\n|teampreview\n|inactive|Battle timer is ON: inactive players will automatically lose when time's up. (requested by Charmilleon)\n|\n|t:|1643286529\n|start\n|switch|p1a: Pheromosa|Pheromosa|100\/100\n|switch|p2a: Shuckle|Shuckle, M, shiny|100\/100\n|turn|1\n|\n|t:|1643286539\n|move|p1a: Pheromosa|U-turn|p2a: Shuckle\n|-damage|p2a: Shuckle|77\/100\n|-damage|p1a: Pheromosa|84\/100|[from] item: Rocky Helmet|[of] p2a: Shuckle\n|\n|t:|1643286543\n|switch|p1a: Kyogre|Kyogre|100\/100|[from]move: U-turn\n|-weather|RainDance|[from] ability: Drizzle|[of] p1a: Kyogre\n|move|p2a: Shuckle|Sticky Web|p1a: Kyogre\n|-sidestart|p1: Charmilleon|move: Sticky Web\n|\n|-weather|RainDance|[upkeep]\n|upkeep\n|turn|2\n|\n|t:|1643286552\n|move|p1a: Kyogre|Water Spout|p2a: Shuckle\n|-supereffective|p2a: Shuckle\n|-damage|p2a: Shuckle|0 fnt\n|faint|p2a: Shuckle\n|\n|-weather|RainDance|[upkeep]\n|upkeep\n|\n|t:|1643286574\n|switch|p2a: Volcarona|Volcarona, M|100\/100\n|turn|3\n|\n|t:|1643286578\n|move|p1a: Kyogre|Water Spout|p2a: Volcarona\n|-supereffective|p2a: Volcarona\n|-enditem|p2a: Volcarona|Focus Sash\n|-damage|p2a: Volcarona|1\/100\n|move|p2a: Volcarona|Quiver Dance|p2a: Volcarona\n|-boost|p2a: Volcarona|spa|1\n|-boost|p2a: Volcarona|spd|1\n|-boost|p2a: Volcarona|spe|1\n|\n|-weather|RainDance|[upkeep]\n|upkeep\n|turn|4\n|\n|t:|1643286588\n|move|p2a: Volcarona|Giga Drain|p1a: Kyogre\n|-supereffective|p1a: Kyogre\n|-damage|p1a: Kyogre|35\/100\n|-heal|p2a: Volcarona|37\/100|[from] drain|[of] p1a: Kyogre\n|move|p1a: Kyogre|Water Spout|p2a: Volcarona\n|-supereffective|p2a: Volcarona\n|-damage|p2a: Volcarona|0 fnt\n|faint|p2a: Volcarona\n|\n|-weather|RainDance|[upkeep]\n|upkeep\n|l|\u2606Ivyon\n|inactive|Ivyon disconnected and has a minute to reconnect!\n|player|p2|\n|inactive|Ivyon has 30 seconds to reconnect!\n|inactive|Ivyon has 20 seconds to reconnect!\n|inactive|Ivyon has 15 seconds to reconnect!\n|j|\u2606Ivyon\n|inactive|Ivyon reconnected and has 85 seconds left.\n|player|p2|Ivyon|blue\n|\n|t:|1643286660\n|switch|p2a: Cloyster|Cloyster, F|100\/100\n|turn|5\n|\n|t:|1643286675\n|switch|p1a: Cinderace|Cinderace, M|100\/100\n|move|p2a: Cloyster|Shell Smash|p2a: Cloyster\n|-unboost|p2a: Cloyster|def|1\n|-unboost|p2a: Cloyster|spd|1\n|-boost|p2a: Cloyster|atk|2\n|-boost|p2a: Cloyster|spa|2\n|-boost|p2a: Cloyster|spe|2\n|\n|-weather|none\n|upkeep\n|turn|6\n|\n|t:|1643286686\n|move|p2a: Cloyster|Rock Blast|p1a: Cinderace\n|-supereffective|p1a: Cinderace\n|-damage|p1a: Cinderace|56\/100\n|-supereffective|p1a: Cinderace\n|-damage|p1a: Cinderace|15\/100\n|-supereffective|p1a: Cinderace\n|-damage|p1a: Cinderace|0 fnt\n|faint|p1a: Cinderace\n|-hitcount|p1: Cinderace|3\n|\n|upkeep\n|\n|t:|1643286694\n|switch|p1a: Yveltal|Yveltal|100\/100\n|-ability|p1a: Yveltal|Dark Aura\n|turn|7\n|\n|t:|1643286699\n|move|p1a: Yveltal|Sucker Punch|p2a: Cloyster\n|-damage|p2a: Cloyster|18\/100\n|-damage|p1a: Yveltal|91\/100|[from] item: Life Orb\n|move|p2a: Cloyster|Icicle Spear|p1a: Yveltal\n|-supereffective|p1a: Yveltal\n|-damage|p1a: Yveltal|41\/100\n|-supereffective|p1a: Yveltal\n|-crit|p1a: Yveltal\n|-damage|p1a: Yveltal|0 fnt\n|faint|p1a: Yveltal\n|-hitcount|p1: Yveltal|2\n|\n|upkeep\n|\n|t:|1643286711\n|switch|p1a: Kyogre|Kyogre|35\/100\n|-activate|p1a: Kyogre|move: Sticky Web\n|-unboost|p1a: Kyogre|spe|1\n|-weather|RainDance|[from] ability: Drizzle|[of] p1a: Kyogre\n|turn|8\n|\n|t:|1643286720\n|move|p2a: Cloyster|Liquidation|p1a: Kyogre\n|-resisted|p1a: Kyogre\n|-damage|p1a: Kyogre|0 fnt\n|faint|p1a: Kyogre\n|\n|-weather|RainDance|[upkeep]\n|upkeep\n|\n|t:|1643286727\n|switch|p1a: Calyrex|Calyrex-Shadow|100\/100\n|-ability|p1a: Calyrex|As One\n|-ability|p1a: Calyrex|Unnerve\n|-activate|p1a: Calyrex|move: Sticky Web\n|-unboost|p1a: Calyrex|spe|1\n|turn|9\n|\n|t:|1643286734\n|move|p1a: Calyrex|Protect|p1a: Calyrex\n|-singleturn|p1a: Calyrex|Protect\n|move|p2a: Cloyster|Icicle Spear|p1a: Calyrex\n|-activate|p1a: Calyrex|move: Protect\n|\n|-weather|RainDance|[upkeep]\n|upkeep\n|turn|10\n|\n|t:|1643286743\n|move|p2a: Cloyster|Icicle Spear|p1a: Calyrex\n|-damage|p1a: Calyrex|71\/100\n|-damage|p1a: Calyrex|44\/100\n|-crit|p1a: Calyrex\n|-damage|p1a: Calyrex|4\/100\n|-damage|p1a: Calyrex|0 fnt\n|faint|p1a: Calyrex\n|-hitcount|p1: Calyrex|4\n|\n|-weather|RainDance|[upkeep]\n|upkeep\n|inactive|Charmilleon has 120 seconds left.\n|inactive|Charmilleon has 90 seconds left.\n|l|\u2606Charmilleon\n|inactive|Charmilleon disconnected and has a minute to reconnect!\n|player|p1|\n|inactive|Charmilleon has 30 seconds to reconnect!\n|inactive|Charmilleon has 20 seconds to reconnect!\n|inactive|Charmilleon has 15 seconds to reconnect!\n|inactive|Charmilleon has 10 seconds to reconnect!\n|inactive|Charmilleon has 5 seconds to reconnect!\n|-message|Charmilleon lost due to inactivity.\n|\n|win|Ivyon\n|inactive|Charmilleon has 15 seconds left this turn.\n|raw|Charmilleon's rating: 1249 &rarr; <strong>1232<\/strong><br \/>(-17 for losing)\n|raw|Ivyon's rating: 1371 &rarr; <strong>1384<\/strong><br \/>(+13 for winning)\n","uploadtime":1643286887,"views":13,"p1id":"charmilleon","p2id":"ivyon","formatid":"gen8ubers","rating":1232,"private":0,"password":null}