{"id":"gen8nationaldex-1525875958","p1":"yoki","p2":"Hikari-miyako","format":"gen8nationaldex","log":"|j|\u2606yoki\n|j|\u2606Hikari-miyako\n|t:|1646704233\n|gametype|singles\n|player|p1|yoki|169|1548\n|player|p2|Hikari-miyako|ariana|1622\n|teamsize|p1|6\n|teamsize|p2|6\n|gen|8\n|tier|[Gen 8] National Dex\n|rated|\n|rule|HP Percentage Mod: HP is shown in percentages\n|rule|Endless Battle Clause: Forcing endless battles is banned\n|rule|OHKO Clause: OHKO moves are banned\n|rule|Evasion Moves Clause: Evasion moves are banned\n|rule|Species Clause: Limit one of each Pok\u00e9mon\n|rule|Dynamax Clause: You cannot dynamax\n|rule|Sleep Clause Mod: Limit one foe put to sleep\n|clearpoke\n|poke|p1|Scizor, F|\n|poke|p1|Clefable, F|\n|poke|p1|Dracozolt|\n|poke|p1|Mamoswine, F|\n|poke|p1|Tapu Fini|\n|poke|p1|Zapdos|\n|poke|p2|Aegislash, F|\n|poke|p2|Diancie|\n|poke|p2|Thundurus, M|\n|poke|p2|Bisharp, M|\n|poke|p2|Serperior, M|\n|poke|p2|Greninja, M|\n|teampreview\n|inactive|Battle timer is ON: inactive players will automatically lose when time's up. (requested by Hikari-miyako)\n|\n|t:|1646704248\n|start\n|switch|p1a: Scizor|Scizor, F|100\/100\n|switch|p2a: Bisharp|Bisharp, M|100\/100\n|turn|1\n|\n|t:|1646704251\n|detailschange|p1a: Scizor|Scizor-Mega, F\n|-mega|p1a: Scizor|Scizor|Scizorite\n|move|p1a: Scizor|Sand Tomb|p2a: Bisharp\n|-supereffective|p2a: Bisharp\n|-damage|p2a: Bisharp|58\/100\n|-activate|p2a: Bisharp|move: Sand Tomb|[of] p1a: Scizor\n|move|p2a: Bisharp|Stealth Rock|p1a: Scizor\n|-sidestart|p1: yoki|move: Stealth Rock\n|\n|-damage|p2a: Bisharp|46\/100|[from] move: Sand Tomb|[partiallytrapped]\n|upkeep\n|turn|2\n|\n|t:|1646704259\n|move|p2a: Bisharp|Sucker Punch||[still]\n|-fail|p2a: Bisharp\n|move|p1a: Scizor|Curse|p1a: Scizor\n|-unboost|p1a: Scizor|spe|1\n|-boost|p1a: Scizor|atk|1\n|-boost|p1a: Scizor|def|1\n|\n|-damage|p2a: Bisharp|33\/100|[from] move: Sand Tomb|[partiallytrapped]\n|upkeep\n|turn|3\n|\n|t:|1646704263\n|move|p2a: Bisharp|Knock Off|p1a: Scizor\n|-damage|p1a: Scizor|83\/100\n|move|p1a: Scizor|Curse|p1a: Scizor\n|-unboost|p1a: Scizor|spe|1\n|-boost|p1a: Scizor|atk|1\n|-boost|p1a: Scizor|def|1\n|\n|-damage|p2a: Bisharp|21\/100|[from] move: Sand Tomb|[partiallytrapped]\n|upkeep\n|turn|4\n|\n|t:|1646704266\n|move|p2a: Bisharp|Knock Off|p1a: Scizor\n|-damage|p1a: Scizor|70\/100\n|move|p1a: Scizor|Curse|p1a: Scizor\n|-unboost|p1a: Scizor|spe|1\n|-boost|p1a: Scizor|atk|1\n|-boost|p1a: Scizor|def|1\n|\n|-damage|p2a: Bisharp|9\/100|[from] move: Sand Tomb|[partiallytrapped]\n|upkeep\n|turn|5\n|\n|t:|1646704273\n|move|p2a: Bisharp|Knock Off|p1a: Scizor\n|-damage|p1a: Scizor|58\/100\n|move|p1a: Scizor|Roost|p1a: Scizor\n|-heal|p1a: Scizor|100\/100\n|-singleturn|p1a: Scizor|move: Roost\n|\n|-damage|p2a: Bisharp|0 fnt|[from] move: Sand Tomb|[partiallytrapped]\n|faint|p2a: Bisharp\n|upkeep\n|\n|t:|1646704279\n|switch|p2a: Thundurus|Thundurus, M|100\/100\n|turn|6\n|\n|t:|1646704282\n|move|p2a: Thundurus|Thunder Wave|p1a: Scizor\n|-status|p1a: Scizor|par\n|move|p1a: Scizor|Bullet Punch|p2a: Thundurus\n|-resisted|p2a: Thundurus\n|-damage|p2a: Thundurus|32\/100\n|\n|upkeep\n|turn|7\n|\n|t:|1646704286\n|cant|p1a: Scizor|par\n|move|p2a: Thundurus|Thunderbolt|p1a: Scizor\n|-damage|p1a: Scizor|47\/100 par\n|-damage|p2a: Thundurus|22\/100|[from] item: Life Orb\n|\n|upkeep\n|turn|8\n|l|\u2606Hikari-miyako\n|inactive|Hikari-miyako disconnected and has a minute to reconnect!\n|player|p2|\n|j|\u2606Hikari-miyako\n|inactive|Hikari-miyako reconnected and has 130 seconds left.\n|player|p2|Hikari-miyako|ariana\n|\n|t:|1646704311\n|move|p1a: Scizor|Bullet Punch|p2a: Thundurus\n|-resisted|p2a: Thundurus\n|-damage|p2a: Thundurus|0 fnt\n|faint|p2a: Thundurus\n|\n|upkeep\n|\n|t:|1646704313\n|switch|p2a: Serperior|Serperior, M|100\/100\n|turn|9\n|\n|t:|1646704316\n|cant|p1a: Scizor|par\n|move|p2a: Serperior|Hidden Power|p1a: Scizor\n|-supereffective|p1a: Scizor\n|-damage|p1a: Scizor|0 fnt\n|faint|p1a: Scizor\n|\n|upkeep\n|\n|t:|1646704324\n|switch|p1a: Zapdos|Zapdos|100\/100\n|turn|10\n|l|\u2606Hikari-miyako\n|inactive|Hikari-miyako disconnected and has a minute to reconnect!\n|player|p2|\n|j|\u2606Hikari-miyako\n|inactive|Hikari-miyako reconnected and has 130 seconds left.\n|player|p2|Hikari-miyako|ariana\n|\n|t:|1646704348\n|switch|p2a: Diancie|Diancie|100\/100\n|move|p1a: Zapdos|Volt Switch|p2a: Diancie\n|-damage|p2a: Diancie|71\/100\n|\n|t:|1646704355\n|switch|p1a: Tapu Fini|Tapu Fini|100\/100|[from]move: Volt Switch\n|-damage|p1a: Tapu Fini|88\/100|[from] Stealth Rock\n|-fieldstart|move: Misty Terrain|[from] ability: Misty Surge|[of] p1a: Tapu Fini\n|\n|-heal|p1a: Tapu Fini|94\/100|[from] item: Leftovers\n|upkeep\n|turn|11\n|\n|t:|1646704367\n|detailschange|p2a: Diancie|Diancie-Mega\n|-mega|p2a: Diancie|Diancie|Diancite\n|move|p2a: Diancie|Moonblast|p1a: Tapu Fini\n|-damage|p1a: Tapu Fini|50\/100\n|-unboost|p1a: Tapu Fini|spa|1\n|move|p1a: Tapu Fini|Scald|p2a: Diancie\n|-supereffective|p2a: Diancie\n|-damage|p2a: Diancie|26\/100\n|\n|-heal|p1a: Tapu Fini|56\/100|[from] item: Leftovers\n|upkeep\n|turn|12\n|\n|t:|1646704373\n|move|p2a: Diancie|Diamond Storm|p1a: Tapu Fini\n|-damage|p1a: Tapu Fini|22\/100\n|move|p1a: Tapu Fini|Ice Beam|p2a: Diancie\n|-damage|p2a: Diancie|9\/100\n|\n|-heal|p1a: Tapu Fini|28\/100|[from] item: Leftovers\n|upkeep\n|turn|13\n|\n|t:|1646704382\n|move|p2a: Diancie|Diamond Storm|p1a: Tapu Fini\n|-damage|p1a: Tapu Fini|0 fnt\n|-boost|p2a: Diancie|def|2\n|faint|p1a: Tapu Fini\n|\n|upkeep\n|\n|t:|1646704387\n|switch|p1a: Mamoswine|Mamoswine, F|100\/100\n|-damage|p1a: Mamoswine|88\/100|[from] Stealth Rock\n|turn|14\n|\n|t:|1646704397\n|move|p1a: Mamoswine|Ice Shard|p2a: Diancie\n|-damage|p2a: Diancie|0 fnt\n|faint|p2a: Diancie\n|\n|-fieldend|Misty Terrain\n|upkeep\n|\n|t:|1646704399\n|switch|p2a: Serperior|Serperior, M|100\/100\n|turn|15\n|\n|t:|1646704403\n|switch|p1a: Clefable|Clefable, F|100\/100\n|-damage|p1a: Clefable|88\/100|[from] Stealth Rock\n|move|p2a: Serperior|Leaf Storm|p1a: Clefable|[miss]\n|-miss|p2a: Serperior|p1a: Clefable\n|\n|-heal|p1a: Clefable|94\/100|[from] item: Leftovers\n|upkeep\n|turn|16\n|\n|t:|1646704409\n|move|p2a: Serperior|Leaf Storm|p1a: Clefable\n|-damage|p1a: Clefable|57\/100\n|-boost|p2a: Serperior|spa|2\n|move|p1a: Clefable|Wish|p1a: Clefable\n|\n|-heal|p1a: Clefable|63\/100|[from] item: Leftovers\n|upkeep\n|turn|17\n|\n|t:|1646704412\n|switch|p2a: Aegislash|Aegislash, F|100\/100\n|move|p1a: Clefable|Psych Up|p2a: Aegislash\n|-copyboost|p1a: Clefable|p2a: Aegislash|[from] move: Psych Up\n|\n|-heal|p1a: Clefable|100\/100|[from] move: Wish|[wisher] Clefable\n|upkeep\n|turn|18\n|\n|t:|1646704417\n|switch|p1a: Zapdos|Zapdos|100\/100\n|-formechange|p2a: Aegislash|Aegislash-Blade||[from] ability: Stance Change\n|move|p2a: Aegislash|Shadow Ball|p1a: Zapdos\n|-damage|p1a: Zapdos|52\/100\n|\n|upkeep\n|turn|19\n|\n|t:|1646704421\n|-formechange|p2a: Aegislash|Aegislash||[from] ability: Stance Change\n|move|p2a: Aegislash|King's Shield|p2a: Aegislash\n|-singleturn|p2a: Aegislash|Protect\n|move|p1a: Zapdos|Roost|p1a: Zapdos\n|-heal|p1a: Zapdos|100\/100\n|-singleturn|p1a: Zapdos|move: Roost\n|\n|upkeep\n|turn|20\n|\n|t:|1646704424\n|move|p1a: Zapdos|Volt Switch|p2a: Aegislash\n|-damage|p2a: Aegislash|76\/100\n|\n|t:|1646704427\n|switch|p1a: Dracozolt|Dracozolt|100\/100|[from]move: Volt Switch\n|-damage|p1a: Dracozolt|88\/100|[from] Stealth Rock\n|-formechange|p2a: Aegislash|Aegislash-Blade||[from] ability: Stance Change\n|move|p2a: Aegislash|Shadow Ball|p1a: Dracozolt\n|-damage|p1a: Dracozolt|8\/100\n|\n|upkeep\n|turn|21\n|\n|t:|1646704435\n|move|p2a: Aegislash|Shadow Sneak|p1a: Dracozolt\n|-damage|p1a: Dracozolt|0 fnt\n|faint|p1a: Dracozolt\n|\n|upkeep\n|\n|t:|1646704443\n|switch|p1a: Zapdos|Zapdos|100\/100\n|turn|22\n|\n|t:|1646704446\n|-formechange|p2a: Aegislash|Aegislash||[from] ability: Stance Change\n|move|p2a: Aegislash|King's Shield|p2a: Aegislash\n|-singleturn|p2a: Aegislash|Protect\n|move|p1a: Zapdos|Heat Wave|p2a: Aegislash\n|-activate|p2a: Aegislash|move: Protect\n|\n|upkeep\n|turn|23\n|\n|t:|1646704449\n|move|p1a: Zapdos|Heat Wave|p2a: Aegislash\n|-supereffective|p2a: Aegislash\n|-damage|p2a: Aegislash|33\/100\n|-enditem|p2a: Aegislash|Weakness Policy\n|-boost|p2a: Aegislash|atk|2|[from] item: Weakness Policy\n|-boost|p2a: Aegislash|spa|2|[from] item: Weakness Policy\n|-formechange|p2a: Aegislash|Aegislash-Blade||[from] ability: Stance Change\n|move|p2a: Aegislash|Shadow Ball|p1a: Zapdos\n|-damage|p1a: Zapdos|10\/100\n|\n|upkeep\n|turn|24\n|\n|t:|1646704457\n|move|p2a: Aegislash|Shadow Sneak|p1a: Zapdos\n|-damage|p1a: Zapdos|0 fnt\n|-status|p2a: Aegislash|par|[from] ability: Static|[of] p1a: Zapdos\n|faint|p1a: Zapdos\n|\n|upkeep\n|\n|t:|1646704463\n|switch|p1a: Clefable|Clefable, F|100\/100\n|-damage|p1a: Clefable|88\/100|[from] Stealth Rock\n|turn|25\n|\n|t:|1646704467\n|move|p1a: Clefable|Psych Up|p2a: Aegislash\n|-copyboost|p1a: Clefable|p2a: Aegislash|[from] move: Psych Up\n|move|p2a: Aegislash|Shadow Ball|p1a: Clefable\n|-damage|p1a: Clefable|53\/100\n|\n|-heal|p1a: Clefable|59\/100|[from] item: Leftovers\n|upkeep\n|turn|26\n|\n|t:|1646704474\n|move|p1a: Clefable|Moonblast|p2a: Aegislash\n|-resisted|p2a: Aegislash\n|-damage|p2a: Aegislash|0 fnt\n|faint|p2a: Aegislash\n|\n|-heal|p1a: Clefable|65\/100|[from] item: Leftovers\n|upkeep\n|\n|t:|1646704477\n|switch|p2a: Greninja|Greninja, M|100\/100\n|turn|27\n|\n|t:|1646704480\n|move|p1a: Clefable|Protect|p1a: Clefable\n|-singleturn|p1a: Clefable|Protect\n|move|p2a: Greninja|Hydro Pump|p1a: Clefable\n|-activate|p1a: Clefable|move: Protect\n|\n|-heal|p1a: Clefable|71\/100|[from] item: Leftovers\n|upkeep\n|turn|28\n|\n|t:|1646704485\n|move|p2a: Greninja|Hydro Pump|p1a: Clefable\n|-damage|p1a: Clefable|27\/100\n|-damage|p2a: Greninja|91\/100|[from] item: Life Orb\n|move|p1a: Clefable|Moonblast|p2a: Greninja\n|-supereffective|p2a: Greninja\n|-damage|p2a: Greninja|0 fnt\n|faint|p2a: Greninja\n|\n|-heal|p1a: Clefable|33\/100|[from] item: Leftovers\n|upkeep\n|\n|t:|1646704496\n|switch|p2a: Serperior|Serperior, M|100\/100\n|turn|29\n|\n|t:|1646704500\n|move|p1a: Clefable|Protect|p1a: Clefable\n|-singleturn|p1a: Clefable|Protect\n|move|p2a: Serperior|Leaf Storm|p1a: Clefable\n|-activate|p1a: Clefable|move: Protect\n|\n|-heal|p1a: Clefable|39\/100|[from] item: Leftovers\n|upkeep\n|turn|30\n|\n|t:|1646704506\n|move|p2a: Serperior|Leaf Storm|p1a: Clefable\n|-damage|p1a: Clefable|6\/100\n|-boost|p2a: Serperior|spa|2\n|move|p1a: Clefable|Moonblast|p2a: Serperior\n|-crit|p2a: Serperior\n|-damage|p2a: Serperior|0 fnt\n|faint|p2a: Serperior\n|\n|win|yoki\n|raw|yoki's rating: 1548 &rarr; <strong>1573<\/strong><br \/>(+25 for winning)\n|raw|Hikari-miyako's rating: 1641 &rarr; <strong>1616<\/strong><br \/>(-25 for losing)\n|l|\u2606Hikari-miyako\n||Ladder isn't responding, score probably updated but might not have (Request timeout).\n","uploadtime":1646704514,"views":348,"p1id":"yoki","p2id":"hikarimiyako","formatid":"gen8nationaldex","rating":1573,"private":0,"password":null}