{"id":"gen8nationaldexag-1701156462","p1":"Fetzi Die Landmine","p2":"Rediyu","format":"gen8nationaldexag","log":"|j|\u2606Fetzi Die Landmine\n|j|\u2606Rediyu\n|t:|1667416642\n|gametype|singles\n|player|p1|Fetzi Die Landmine|169|\n|player|p2|Rediyu|guitarist|\n|teamsize|p1|6\n|teamsize|p2|6\n|gen|8\n|tier|[Gen 8] National Dex AG\n|rule|HP Percentage Mod: HP is shown in percentages\n|rule|Endless Battle Clause: Forcing endless battles is banned\n|clearpoke\n|poke|p1|Excadrill, F|\n|poke|p1|Hippowdon, M|\n|poke|p1|Rotom-Heat|\n|poke|p1|Florges-White, F|\n|poke|p1|Greninja, M|\n|poke|p1|Chesnaught, M|\n|poke|p2|Blaziken, F|\n|poke|p2|Glaceon, M|\n|poke|p2|Ferrothorn, M|\n|poke|p2|Swampert, M|\n|poke|p2|Hydreigon, M|\n|poke|p2|Raikou|\n|teampreview\n|c|\u2606Fetzi Die Landmine|glhf\n|c|\u2606Rediyu|u2\n|\n|t:|1667416666\n|start\n|switch|p1a: Kast\u00e4nchen|Chesnaught, M, shiny|100\/100\n|switch|p2a: Glaceon|Glaceon, M|100\/100\n|turn|1\n|\n|t:|1667416671\n|switch|p1a: Florjizz|Florges-White, F|100\/100\n|move|p2a: Glaceon|Ice Beam|p1a: Florjizz\n|-damage|p1a: Florjizz|64\/100\n|\n|-heal|p1a: Florjizz|70\/100|[from] item: Leftovers\n|upkeep\n|turn|2\n|\n|t:|1667416718\n|switch|p2a: Ferrothorn|Ferrothorn, M|100\/100\n|move|p1a: Florjizz|Wish|p1a: Florjizz\n|\n|-heal|p1a: Florjizz|76\/100|[from] item: Leftovers\n|upkeep\n|turn|3\n|\n|t:|1667416721\n|switch|p1a: Kast\u00e4nchen|Chesnaught, M, shiny|100\/100\n|move|p2a: Ferrothorn|Stealth Rock|p1a: Kast\u00e4nchen\n|-sidestart|p1: Fetzi Die Landmine|move: Stealth Rock\n|\n|upkeep\n|turn|4\n|\n|t:|1667416729\n|switch|p2a: Glaceon|Glaceon, M|100\/100\n|move|p1a: Kast\u00e4nchen|Substitute|p1a: Kast\u00e4nchen\n|-start|p1a: Kast\u00e4nchen|Substitute\n|-damage|p1a: Kast\u00e4nchen|76\/100\n|\n|upkeep\n|turn|5\n|\n|t:|1667416732\n|move|p1a: Kast\u00e4nchen|Belly Drum|p1a: Kast\u00e4nchen\n|-damage|p1a: Kast\u00e4nchen|26\/100\n|-setboost|p1a: Kast\u00e4nchen|atk|6|[from] move: Belly Drum\n|move|p2a: Glaceon|Ice Beam|p1a: Kast\u00e4nchen\n|-supereffective|p1a: Kast\u00e4nchen\n|-end|p1a: Kast\u00e4nchen|Substitute\n|\n|upkeep\n|turn|6\n|\n|t:|1667416755\n|move|p1a: Kast\u00e4nchen|Drain Punch|p2a: Glaceon\n|-supereffective|p2a: Glaceon\n|-damage|p2a: Glaceon|0 fnt\n|-heal|p1a: Kast\u00e4nchen|74\/100|[from] drain|[of] p2a: Glaceon\n|faint|p2a: Glaceon\n|\n|upkeep\n|\n|t:|1667416778\n|switch|p2a: Hydreigon|Hydreigon, M|100\/100\n|turn|7\n|\n|t:|1667416782\n|move|p2a: Hydreigon|Flamethrower|p1a: Kast\u00e4nchen\n|-supereffective|p1a: Kast\u00e4nchen\n|-damage|p1a: Kast\u00e4nchen|0 fnt\n|faint|p1a: Kast\u00e4nchen\n|\n|upkeep\n|\n|t:|1667416789\n|switch|p1a: Florjizz|Florges-White, F|76\/100\n|-damage|p1a: Florjizz|64\/100|[from] Stealth Rock\n|turn|8\n|\n|t:|1667416802\n|switch|p2a: Ferrothorn|Ferrothorn, M|100\/100\n|move|p1a: Florjizz|Wish|p1a: Florjizz\n|\n|-heal|p1a: Florjizz|70\/100|[from] item: Leftovers\n|upkeep\n|turn|9\n|\n|t:|1667416811\n|move|p1a: Florjizz|Protect|p1a: Florjizz\n|-singleturn|p1a: Florjizz|Protect\n|move|p2a: Ferrothorn|Leech Seed|p1a: Florjizz\n|-activate|p1a: Florjizz|move: Protect\n|\n|-heal|p1a: Florjizz|100\/100|[from] move: Wish|[wisher] Florjizz\n|upkeep\n|turn|10\n|\n|t:|1667416835\n|move|p1a: Florjizz|Wish|p1a: Florjizz\n|move|p2a: Ferrothorn|Leech Seed|p1a: Florjizz\n|-start|p1a: Florjizz|move: Leech Seed\n|\n|-damage|p1a: Florjizz|88\/100|[from] Leech Seed|[of] p2a: Ferrothorn\n|upkeep\n|turn|11\n|\n|t:|1667416842\n|switch|p1a: Catet Sockt|Rotom-Heat|100\/100\n|-damage|p1a: Catet Sockt|76\/100|[from] Stealth Rock\n|move|p2a: Ferrothorn|Leech Seed|p1a: Catet Sockt|[miss]\n|-miss|p2a: Ferrothorn|p1a: Catet Sockt\n|\n|-heal|p1a: Catet Sockt|100\/100|[from] move: Wish|[wisher] Florjizz\n|upkeep\n|turn|12\n|\n|t:|1667416848\n|switch|p2a: Hydreigon|Hydreigon, M|100\/100\n|move|p1a: Catet Sockt|Toxic|p2a: Hydreigon\n|-status|p2a: Hydreigon|tox\n|\n|-damage|p2a: Hydreigon|94\/100 tox|[from] psn\n|upkeep\n|turn|13\n|\n|t:|1667416855\n|move|p2a: Hydreigon|U-turn|p1a: Catet Sockt\n|-resisted|p1a: Catet Sockt\n|-damage|p1a: Catet Sockt|91\/100\n|\n|t:|1667416858\n|switch|p2a: Swampert|Swampert, M|100\/100|[from]move: U-turn\n|move|p1a: Catet Sockt|Volt Switch|p2a: Swampert\n|-immune|p2a: Swampert\n|\n|upkeep\n|turn|14\n|\n|t:|1667416862\n|move|p1a: Catet Sockt|Toxic|p2a: Swampert\n|-status|p2a: Swampert|tox\n|move|p2a: Swampert|Flip Turn|p1a: Catet Sockt\n|-supereffective|p1a: Catet Sockt\n|-damage|p1a: Catet Sockt|15\/100\n|-enditem|p1a: Catet Sockt|Sitrus Berry|[eat]\n|-heal|p1a: Catet Sockt|40\/100|[from] item: Sitrus Berry\n|\n|t:|1667416873\n|switch|p2a: Hydreigon|Hydreigon, M|94\/100 tox|[from]move: Flip Turn\n|\n|-damage|p2a: Hydreigon|88\/100 tox|[from] psn\n|upkeep\n|turn|15\n|\n|t:|1667416902\n|move|p2a: Hydreigon|U-turn|p1a: Catet Sockt\n|-resisted|p1a: Catet Sockt\n|-damage|p1a: Catet Sockt|30\/100\n|\n|t:|1667416904\n|switch|p2a: Swampert|Swampert, M|100\/100 tox|[from]move: U-turn\n|move|p1a: Catet Sockt|Overheat|p2a: Swampert\n|-resisted|p2a: Swampert\n|-damage|p2a: Swampert|83\/100 tox\n|-unboost|p1a: Catet Sockt|spa|2\n|\n|-damage|p2a: Swampert|77\/100 tox|[from] psn\n|upkeep\n|turn|16\n|\n|t:|1667416911\n|move|p1a: Catet Sockt|Overheat|p2a: Swampert\n|-resisted|p2a: Swampert\n|-damage|p2a: Swampert|68\/100 tox\n|-unboost|p1a: Catet Sockt|spa|2\n|move|p2a: Swampert|Flip Turn|p1a: Catet Sockt\n|-supereffective|p1a: Catet Sockt\n|-damage|p1a: Catet Sockt|0 fnt\n|faint|p1a: Catet Sockt\n|\n|t:|1667416942\n|switch|p2a: Hydreigon|Hydreigon, M|88\/100 tox|[from]move: Flip Turn\n|\n|-damage|p2a: Hydreigon|82\/100 tox|[from] psn\n|upkeep\n|\n|t:|1667416949\n|switch|p1a: Florjizz|Florges-White, F|88\/100\n|-damage|p1a: Florjizz|76\/100|[from] Stealth Rock\n|turn|17\n|\n|t:|1667416961\n|switch|p2a: Ferrothorn|Ferrothorn, M|100\/100\n|move|p1a: Florjizz|Protect||[still]\n|-fail|p1a: Florjizz\n|\n|-heal|p1a: Florjizz|82\/100|[from] item: Leftovers\n|upkeep\n|turn|18\n|\n|t:|1667416972\n|move|p1a: Florjizz|Wish|p1a: Florjizz\n|move|p2a: Ferrothorn|Gyro Ball|p1a: Florjizz\n|-supereffective|p1a: Florjizz\n|-damage|p1a: Florjizz|0 fnt\n|faint|p1a: Florjizz\n|\n|upkeep\n|\n|t:|1667416975\n|switch|p1a: Diggster|Excadrill, F, shiny|100\/100\n|-damage|p1a: Diggster|98\/100|[from] Stealth Rock\n|turn|19\n|\n|t:|1667416979\n|move|p1a: Diggster|Substitute|p1a: Diggster\n|-start|p1a: Diggster|Substitute\n|-damage|p1a: Diggster|73\/100\n|move|p2a: Ferrothorn|Body Press|p1a: Diggster\n|-supereffective|p1a: Diggster\n|-end|p1a: Diggster|Substitute\n|\n|-heal|p1a: Diggster|100\/100|[from] move: Wish|[wisher] Florjizz\n|upkeep\n|turn|20\n|\n|t:|1667416983\n|switch|p1a: Catet Suckt|Hippowdon, M|100\/100\n|-damage|p1a: Catet Suckt|94\/100|[from] Stealth Rock\n|-weather|Sandstorm|[from] ability: Sand Stream|[of] p1a: Catet Suckt\n|move|p2a: Ferrothorn|Body Press|p1a: Catet Suckt\n|-damage|p1a: Catet Suckt|77\/100\n|-damage|p2a: Ferrothorn|84\/100|[from] item: Rocky Helmet|[of] p1a: Catet Suckt\n|\n|-weather|Sandstorm|[upkeep]\n|upkeep\n|turn|21\n|\n|t:|1667416988\n|move|p1a: Catet Suckt|Stealth Rock|p2a: Ferrothorn\n|-sidestart|p2: Rediyu|move: Stealth Rock\n|move|p2a: Ferrothorn|Leech Seed|p1a: Catet Suckt\n|-start|p1a: Catet Suckt|move: Leech Seed\n|\n|-weather|Sandstorm|[upkeep]\n|-damage|p1a: Catet Suckt|65\/100|[from] Leech Seed|[of] p2a: Ferrothorn\n|-heal|p2a: Ferrothorn|99\/100|[silent]\n|upkeep\n|turn|22\n|\n|t:|1667416993\n|switch|p2a: Hydreigon|Hydreigon, M|82\/100 tox\n|-damage|p2a: Hydreigon|70\/100 tox|[from] Stealth Rock\n|move|p1a: Catet Suckt|Slack Off|p1a: Catet Suckt\n|-heal|p1a: Catet Suckt|100\/100\n|\n|-weather|Sandstorm|[upkeep]\n|-damage|p2a: Hydreigon|64\/100 tox|[from] Sandstorm\n|-damage|p1a: Catet Suckt|88\/100|[from] Leech Seed|[of] p2a: Hydreigon\n|-heal|p2a: Hydreigon|79\/100 tox|[silent]\n|-damage|p2a: Hydreigon|73\/100 tox|[from] psn\n|upkeep\n|turn|23\n|\n|t:|1667417003\n|move|p2a: Hydreigon|Draco Meteor|p1a: Catet Suckt\n|-crit|p1a: Catet Suckt\n|-damage|p1a: Catet Suckt|0 fnt\n|-unboost|p2a: Hydreigon|spa|2\n|faint|p1a: Catet Suckt\n|\n|-weather|Sandstorm|[upkeep]\n|-damage|p2a: Hydreigon|67\/100 tox|[from] Sandstorm\n|-damage|p2a: Hydreigon|54\/100 tox|[from] psn\n|upkeep\n|\n|t:|1667417006\n|switch|p1a: Diggster|Excadrill, F, shiny|100\/100\n|-damage|p1a: Diggster|98\/100|[from] Stealth Rock\n|turn|24\n|\n|t:|1667417012\n|switch|p2a: Swampert|Swampert, M|68\/100 tox\n|-damage|p2a: Swampert|62\/100 tox|[from] Stealth Rock\n|move|p1a: Diggster|Substitute|p1a: Diggster\n|-start|p1a: Diggster|Substitute\n|-damage|p1a: Diggster|73\/100\n|\n|-weather|none\n|-heal|p1a: Diggster|79\/100|[from] item: Leftovers\n|-damage|p2a: Swampert|56\/100 tox|[from] psn\n|upkeep\n|turn|25\n|\n|t:|1667417015\n|move|p1a: Diggster|Swords Dance|p1a: Diggster\n|-boost|p1a: Diggster|atk|2\n|move|p2a: Swampert|Flip Turn|p1a: Diggster\n|-supereffective|p1a: Diggster\n|-end|p1a: Diggster|Substitute\n|\n|t:|1667417024\n|switch|p2a: Hydreigon|Hydreigon, M|54\/100 tox|[from]move: Flip Turn\n|-damage|p2a: Hydreigon|42\/100 tox|[from] Stealth Rock\n|\n|-heal|p1a: Diggster|85\/100|[from] item: Leftovers\n|-damage|p2a: Hydreigon|36\/100 tox|[from] psn\n|upkeep\n|turn|26\n|\n|t:|1667417033\n|switch|p1a: Karsten|Greninja, M, shiny|100\/100\n|-damage|p1a: Karsten|88\/100|[from] Stealth Rock\n|move|p2a: Hydreigon|Flamethrower|p1a: Karsten\n|-resisted|p1a: Karsten\n|-damage|p1a: Karsten|64\/100\n|\n|-damage|p2a: Hydreigon|24\/100 tox|[from] psn\n|upkeep\n|turn|27\n|\n|t:|1667417050\n|switch|p2a: Raikou|Raikou|100\/100\n|-damage|p2a: Raikou|88\/100|[from] Stealth Rock\n|-ability|p2a: Raikou|Pressure\n|move|p1a: Karsten|Ice Beam|p2a: Raikou\n|-damage|p2a: Raikou|52\/100\n|\n|upkeep\n|turn|28\n|\n|t:|1667417058\n|move|p1a: Karsten|Ice Beam|p2a: Raikou\n|-damage|p2a: Raikou|13\/100\n|move|p2a: Raikou|Thunderbolt|p1a: Karsten\n|-supereffective|p1a: Karsten\n|-damage|p1a: Karsten|0 fnt\n|faint|p1a: Karsten\n|\n|upkeep\n|\n|t:|1667417062\n|switch|p1a: Diggster|Excadrill, F, shiny|85\/100\n|-damage|p1a: Diggster|82\/100|[from] Stealth Rock\n|turn|29\n|\n|t:|1667417069\n|move|p2a: Raikou|Rain Dance|p2a: Raikou\n|-weather|RainDance\n|move|p1a: Diggster|Substitute|p1a: Diggster\n|-start|p1a: Diggster|Substitute\n|-damage|p1a: Diggster|57\/100\n|\n|-weather|RainDance|[upkeep]\n|-heal|p1a: Diggster|63\/100|[from] item: Leftovers\n|upkeep\n|turn|30\n|\n|t:|1667417073\n|move|p2a: Raikou|Weather Ball|p1a: Diggster\n|-supereffective|p1a: Diggster\n|-end|p1a: Diggster|Substitute\n|move|p1a: Diggster|Earthquake|p2a: Raikou\n|-supereffective|p2a: Raikou\n|-enditem|p2a: Raikou|Shuca Berry|[eat]\n|-enditem|p2a: Raikou|Shuca Berry|[weaken]\n|-damage|p2a: Raikou|0 fnt\n|faint|p2a: Raikou\n|\n|-weather|RainDance|[upkeep]\n|-heal|p1a: Diggster|69\/100|[from] item: Leftovers\n|upkeep\n|\n|t:|1667417079\n|switch|p2a: Ferrothorn|Ferrothorn, M|99\/100\n|-damage|p2a: Ferrothorn|93\/100|[from] Stealth Rock\n|turn|31\n|\n|t:|1667417084\n|move|p1a: Diggster|Swords Dance|p1a: Diggster\n|-boost|p1a: Diggster|atk|2\n|move|p2a: Ferrothorn|Body Press|p1a: Diggster\n|-supereffective|p1a: Diggster\n|-damage|p1a: Diggster|0 fnt\n|faint|p1a: Diggster\n|\n|win|Rediyu\n|c|\u2606Rediyu|gg\n|c|\u2606Fetzi Die Landmine|ggs\n|l|\u2606Fetzi Die Landmine\n","uploadtime":1667417090,"views":12,"p1id":"fetzidielandmine","p2id":"rediyu","formatid":"gen8nationaldexag","rating":0,"private":0,"password":null}