{"id":"gen8nationaldexag-1099490375","p1":"willcoxw","p2":"Luvc++\u2764\ufe0f","format":"gen8nationaldexag","log":"|j|\u2606willcoxw\n|j|\u2606Luvc++\u2764\ufe0f\n|player|p1|willcoxw|clair|1685\n|player|p2|Luvc++\u2764\ufe0f|ethan-gen2|1518\n|teamsize|p1|6\n|teamsize|p2|6\n|gametype|singles\n|gen|8\n|tier|[Gen 8] National Dex AG\n|rated|\n|clearpoke\n|poke|p1|Zygarde|\n|poke|p1|Zygarde|\n|poke|p1|Eternatus|\n|poke|p1|Eternatus|\n|poke|p1|Yveltal|\n|poke|p1|Necrozma-Dusk-Mane|\n|poke|p2|Zacian-Crowned|\n|poke|p2|Yveltal|\n|poke|p2|Groudon|\n|poke|p2|Ho-Oh|\n|poke|p2|Necrozma-Dusk-Mane|\n|poke|p2|Arceus-*|\n|rule|HP Percentage Mod: HP is shown in percentages\n|rule|Endless Battle Clause: Forcing endless battles is banned\n|teampreview\n|j| Ineedaname12321\u25b2\n|j| Jotenst\n|\n|start\n|switch|p1a: Zygarde|Zygarde|100\/100\n|switch|p2a: Yveltal|Yveltal|100\/100\n|-ability|p2a: Yveltal|Dark Aura\n|turn|1\n|c| Ineedaname12321\u25b2|mfw luvc isnt locked\n|\n|move|p2a: Yveltal|Foul Play|p1a: Zygarde\n|-damage|p1a: Zygarde|70\/100\n|move|p1a: Zygarde|Glare|p2a: Yveltal\n|-status|p2a: Yveltal|par\n|\n|-heal|p1a: Zygarde|76\/100|[from] item: Leftovers\n|upkeep\n|turn|2\n|l| Jotenst\n|\n|switch|p2a: Arceus|Arceus-Ground|100\/100\n|move|p1a: Zygarde|Substitute|p1a: Zygarde\n|-start|p1a: Zygarde|Substitute\n|-damage|p1a: Zygarde|51\/100\n|\n|-heal|p1a: Zygarde|57\/100|[from] item: Leftovers\n|upkeep\n|turn|3\n|\n|switch|p2a: Yveltal|Yveltal|100\/100 par\n|-ability|p2a: Yveltal|Dark Aura\n|move|p1a: Zygarde|Glare|p2a: Yveltal\n|-fail|p2a: Yveltal|par\n|\n|-heal|p1a: Zygarde|64\/100|[from] item: Leftovers\n|upkeep\n|turn|4\n|\n|move|p1a: Zygarde|Thousand Arrows|p2a: Yveltal\n|-damage|p2a: Yveltal|70\/100 par\n|-start|p2a: Yveltal|Smack Down\n|move|p2a: Yveltal|Knock Off|p1a: Zygarde\n|-end|p1a: Zygarde|Substitute\n|\n|-heal|p1a: Zygarde|70\/100|[from] item: Leftovers\n|upkeep\n|turn|5\n|j| Ruppie\n|\n|move|p1a: Zygarde|Substitute|p1a: Zygarde\n|-start|p1a: Zygarde|Substitute\n|-damage|p1a: Zygarde|45\/100\n|move|p2a: Yveltal|Knock Off|p1a: Zygarde\n|-end|p1a: Zygarde|Substitute\n|\n|-heal|p1a: Zygarde|51\/100|[from] item: Leftovers\n|upkeep\n|turn|6\n|\n|move|p1a: Zygarde|Substitute|p1a: Zygarde\n|-start|p1a: Zygarde|Substitute\n|-damage|p1a: Zygarde|26\/100\n|move|p2a: Yveltal|Knock Off|p1a: Zygarde\n|-end|p1a: Zygarde|Substitute\n|\n|-heal|p1a: Zygarde|32\/100|[from] item: Leftovers\n|-activate|p1a: Zygarde|ability: Power Construct\n|detailschange|p1a: Zygarde|Zygarde-Complete\n|-heal|p1a: Zygarde|56\/100|[silent]\n|upkeep\n|turn|7\n|\n|move|p1a: Zygarde|Substitute|p1a: Zygarde\n|-start|p1a: Zygarde|Substitute\n|-damage|p1a: Zygarde|31\/100\n|move|p2a: Yveltal|Knock Off|p1a: Zygarde\n|-end|p1a: Zygarde|Substitute\n|\n|-heal|p1a: Zygarde|37\/100|[from] item: Leftovers\n|upkeep\n|turn|8\n|\n|move|p1a: Zygarde|Thousand Arrows|p2a: Yveltal\n|-damage|p2a: Yveltal|41\/100 par\n|move|p2a: Yveltal|Knock Off|p1a: Zygarde\n|-damage|p1a: Zygarde|2\/100\n|-enditem|p1a: Zygarde|Leftovers|[from] move: Knock Off|[of] p2a: Yveltal\n|\n|upkeep\n|turn|9\n|c| Ineedaname12321\u25b2|parastall\n|\n|move|p1a: Zygarde|Glare|p2a: Yveltal\n|-fail|p2a: Yveltal|par\n|move|p2a: Yveltal|Knock Off|p1a: Zygarde\n|-damage|p1a: Zygarde|0 fnt\n|faint|p1a: Zygarde\n|\n|upkeep\n|\n|switch|p1a: Eternatus|Eternatus|100\/100\n|-ability|p1a: Eternatus|Pressure\n|turn|10\n|\n|move|p1a: Eternatus|Toxic Spikes|p2a: Yveltal\n|-sidestart|p2: Luvc++\u2764\ufe0f|move: Toxic Spikes\n|move|p2a: Yveltal|Knock Off|p1a: Eternatus\n|-damage|p1a: Eternatus|17\/100\n|-enditem|p1a: Eternatus|Life Orb|[from] move: Knock Off|[of] p2a: Yveltal\n|\n|upkeep\n|turn|11\n|c| Ineedaname12321\u25b2|oh god\n|\n|switch|p2a: Ho-Oh|Ho-Oh|100\/100\n|move|p1a: Eternatus|Toxic Spikes|p2a: Ho-Oh\n|-sidestart|p2: Luvc++\u2764\ufe0f|move: Toxic Spikes\n|\n|upkeep\n|turn|12\n|\n|move|p1a: Eternatus|Sludge Bomb|p2a: Ho-Oh\n|-damage|p2a: Ho-Oh|74\/100\n|move|p2a: Ho-Oh|Defog|p1a: Eternatus\n|-unboost|p1a: Eternatus|evasion|1\n|-sideend|p2: Luvc++\u2764\ufe0f|Toxic Spikes|[from] move: Defog|[of] p2a: Ho-Oh\n|\n|upkeep\n|turn|13\n|\n|move|p1a: Eternatus|Toxic Spikes|p2a: Ho-Oh\n|-sidestart|p2: Luvc++\u2764\ufe0f|move: Toxic Spikes\n|move|p2a: Ho-Oh|Brave Bird|p1a: Eternatus\n|-damage|p1a: Eternatus|0 fnt\n|-damage|p2a: Ho-Oh|69\/100|[from] Recoil\n|faint|p1a: Eternatus\n|\n|upkeep\n|c| Ruppie|oh my 2 eternatus\n|\n|switch|p1a: Necrozma|Necrozma-Dusk-Mane|100\/100\n|turn|14\n|c| Ineedaname12321\u25b2|1 eternatus*\n|j| Hitarth123\n|\n|switch|p2a: Necrozma|Necrozma-Dusk-Mane|100\/100\n|move|p1a: Necrozma|Stone Edge|p2a: Necrozma|[miss]\n|-miss|p1a: Necrozma|p2a: Necrozma\n|\n|upkeep\n|turn|15\n|\n|move|p1a: Necrozma|Dragon Dance|p1a: Necrozma\n|-boost|p1a: Necrozma|atk|1\n|-boost|p1a: Necrozma|spe|1\n|move|p2a: Necrozma|Swords Dance|p2a: Necrozma\n|-boost|p2a: Necrozma|atk|2\n|\n|upkeep\n|turn|16\n|c| Ruppie|man everyone fighting the force of evil.\n|\n|detailschange|p1a: Necrozma|Necrozma-Ultra\n|-burst|p1a: Necrozma|Necrozma|Ultranecrozium Z\n|move|p1a: Necrozma|Earthquake|p2a: Necrozma\n|-supereffective|p2a: Necrozma\n|-damage|p2a: Necrozma|12\/100\n|-zpower|p2a: Necrozma\n|move|p2a: Necrozma|Searing Sunraze Smash|p1a: Necrozma|[zeffect]\n|-damage|p1a: Necrozma|0 fnt\n|faint|p1a: Necrozma\n|\n|upkeep\n|\n|switch|p1a: Yveltal|Yveltal|100\/100\n|-ability|p1a: Yveltal|Dark Aura\n|turn|17\n|\n|-start|p1a: Yveltal|Dynamax\n|-heal|p1a: Yveltal|100\/100|[silent]\n|move|p1a: Yveltal|Max Airstream|p2a: Necrozma\n|-resisted|p2a: Necrozma\n|-damage|p2a: Necrozma|0 fnt\n|-boost|p1a: Yveltal|spe|1\n|-damage|p1a: Yveltal|96\/100|[from] item: Life Orb\n|faint|p2a: Necrozma\n|\n|upkeep\n|\n|switch|p2a: Yveltal|Yveltal|41\/100 par\n|-ability|p2a: Yveltal|Dark Aura\n|turn|18\n|\n|move|p1a: Yveltal|Max Darkness|p2a: Yveltal\n|-resisted|p2a: Yveltal\n|-damage|p2a: Yveltal|0 fnt\n|-damage|p1a: Yveltal|91\/100|[from] item: Life Orb\n|faint|p2a: Yveltal\n|\n|upkeep\n|\n|switch|p2a: Ho-Oh|Ho-Oh|100\/100\n|turn|19\n|\n|-start|p2a: Ho-Oh|Dynamax\n|-heal|p2a: Ho-Oh|100\/100|[silent]\n|move|p2a: Ho-Oh|Max Guard|p2a: Ho-Oh\n|-singleturn|p2a: Ho-Oh|Max Guard\n|move|p1a: Yveltal|Max Darkness|p2a: Ho-Oh\n|-activate|p2a: Ho-Oh|move: Max Guard\n|\n|-end|p1a: Yveltal|Dynamax\n|-heal|p1a: Yveltal|91\/100|[silent]\n|upkeep\n|turn|20\n|\n|move|p1a: Yveltal|Knock Off|p2a: Ho-Oh\n|-damage|p2a: Ho-Oh|78\/100\n|-enditem|p2a: Ho-Oh|Heavy-Duty Boots|[from] move: Knock Off|[of] p1a: Yveltal\n|-damage|p1a: Yveltal|81\/100|[from] item: Life Orb\n|move|p2a: Ho-Oh|Max Airstream|p1a: Yveltal\n|-damage|p1a: Yveltal|21\/100\n|-boost|p2a: Ho-Oh|spe|1\n|\n|upkeep\n|turn|21\n|\n|move|p1a: Yveltal|Dark Pulse|p2a: Ho-Oh\n|-damage|p2a: Ho-Oh|59\/100\n|-damage|p1a: Yveltal|11\/100|[from] item: Life Orb\n|move|p2a: Ho-Oh|Max Airstream|p1a: Yveltal\n|-damage|p1a: Yveltal|0 fnt\n|-boost|p2a: Ho-Oh|spe|1\n|faint|p1a: Yveltal\n|\n|-end|p2a: Ho-Oh|Dynamax\n|-heal|p2a: Ho-Oh|59\/100|[silent]\n|upkeep\n|\n|switch|p1a: Zygarde|Zygarde|100\/100\n|turn|22\n|\n|move|p2a: Ho-Oh|Toxic|p1a: Zygarde\n|-status|p1a: Zygarde|tox\n|move|p1a: Zygarde|Substitute|p1a: Zygarde\n|-start|p1a: Zygarde|Substitute\n|-damage|p1a: Zygarde|76\/100 tox\n|\n|-heal|p1a: Zygarde|82\/100 tox|[from] item: Leftovers\n|-damage|p1a: Zygarde|76\/100 tox|[from] psn\n|upkeep\n|turn|23\n|\n|move|p2a: Ho-Oh|Defog|p1a: Zygarde\n|-sideend|p2: Luvc++\u2764\ufe0f|Toxic Spikes|[from] move: Defog|[of] p2a: Ho-Oh\n|move|p1a: Zygarde|Dragon Dance|p1a: Zygarde\n|-boost|p1a: Zygarde|atk|1\n|-boost|p1a: Zygarde|spe|1\n|\n|-heal|p1a: Zygarde|82\/100 tox|[from] item: Leftovers\n|-damage|p1a: Zygarde|69\/100 tox|[from] psn\n|upkeep\n|turn|24\n|\n|move|p1a: Zygarde|Thousand Arrows|p2a: Ho-Oh\n|-damage|p2a: Ho-Oh|20\/100\n|-start|p2a: Ho-Oh|Smack Down\n|move|p2a: Ho-Oh|Brave Bird|p1a: Zygarde\n|-end|p1a: Zygarde|Substitute\n|-damage|p2a: Ho-Oh|13\/100|[from] Recoil|[of] p1a: Zygarde\n|\n|-heal|p1a: Zygarde|76\/100 tox|[from] item: Leftovers\n|-damage|p1a: Zygarde|57\/100 tox|[from] psn\n|upkeep\n|turn|25\n|\n|switch|p2a: Arceus|Arceus-Ground|100\/100\n|move|p1a: Zygarde|Thousand Arrows|p2a: Arceus\n|-damage|p2a: Arceus|73\/100\n|\n|-heal|p1a: Zygarde|63\/100 tox|[from] item: Leftovers\n|-damage|p1a: Zygarde|39\/100 tox|[from] psn\n|-activate|p1a: Zygarde|ability: Power Construct\n|detailschange|p1a: Zygarde|Zygarde-Complete\n|-heal|p1a: Zygarde|62\/100 tox|[silent]\n|upkeep\n|turn|26\n|-message|willcoxw forfeited.\n|\n|win|Luvc++\u2764\ufe0f\n|l| Ruppie\n|c| Ineedaname12321\u25b2|OH YEAH\n|raw|willcoxw's rating: 1685 &rarr; <strong>1656<\/strong><br \/>(-29 for losing)\n|raw|Luvc++\u2764\ufe0f's rating: 1511 &rarr; <strong>1540<\/strong><br \/>(+29 for winning)\n|c| Ineedaname12321\u25b2|MR KRABS\n","uploadtime":1587309787,"views":16,"p1id":"willcoxw","p2id":"luvc","formatid":"gen8nationaldexag","rating":1540,"private":0,"password":null}