{"id":"gen8nationaldexmonotype-1640586801","p1":"Willis_Hescock","p2":"SirFresh","format":"gen8nationaldexmonotype","log":"|j|\u2606Willis_Hescock\n|j|\u2606SirFresh\n|t:|1660607714\n|gametype|singles\n|player|p1|Willis_Hescock|leon-masters|\n|player|p2|SirFresh|palmer|\n|teamsize|p1|6\n|teamsize|p2|6\n|gen|8\n|tier|[Gen 8] National Dex Monotype\n|rule|HP Percentage Mod: HP is shown in percentages\n|rule|Endless Battle Clause: Forcing endless battles is banned\n|rule|Same Type Clause: Pok\u00e9mon in a team must share a type\n|rule|Species Clause: Limit one of each Pok\u00e9mon\n|rule|OHKO Clause: OHKO moves are banned\n|rule|Evasion Moves Clause: Evasion moves are banned\n|rule|Dynamax Clause: You cannot dynamax\n|rule|Sleep Clause Mod: Limit one foe put to sleep\n|clearpoke\n|poke|p1|Orbeetle, F|\n|poke|p1|Deoxys-Speed|\n|poke|p1|Mew|\n|poke|p1|Victini|\n|poke|p1|Alakazam, F|\n|poke|p1|Silvally-*|\n|poke|p2|Deoxys-Speed|\n|poke|p2|Espeon, F|\n|poke|p2|Gardevoir, F|\n|poke|p2|Meloetta|\n|poke|p2|Alakazam, M|\n|poke|p2|Necrozma|\n|teampreview\n|c|\u2606SirFresh|Glhf\n|\n|t:|1660607737\n|start\n|switch|p1a: Silvally|Silvally-Psychic|100\/100\n|switch|p2a: Meloetta|Meloetta|100\/100\n|turn|1\n|\n|t:|1660607746\n|move|p2a: Meloetta|U-turn|p1a: Silvally\n|-supereffective|p1a: Silvally\n|-damage|p1a: Silvally|73\/100\n|\n|t:|1660607749\n|switch|p2a: Gardevoir|Gardevoir, F|100\/100|[from]move: U-turn\n|move|p1a: Silvally|Flame Charge|p2a: Gardevoir\n|-damage|p2a: Gardevoir|75\/100\n|-boost|p1a: Silvally|spe|1\n|\n|upkeep\n|turn|2\n|\n|t:|1660607760\n|move|p1a: Silvally|Shadow Claw|p2a: Gardevoir\n|-supereffective|p2a: Gardevoir\n|-damage|p2a: Gardevoir|8\/100\n|move|p2a: Gardevoir|Moonblast|p1a: Silvally\n|-damage|p1a: Silvally|23\/100\n|\n|upkeep\n|turn|3\n|\n|t:|1660607776\n|move|p1a: Silvally|Flame Charge|p2a: Gardevoir\n|-damage|p2a: Gardevoir|0 fnt\n|-boost|p1a: Silvally|spe|1\n|faint|p2a: Gardevoir\n|\n|upkeep\n|\n|t:|1660607784\n|switch|p2a: Meloetta|Meloetta|100\/100\n|turn|4\n|\n|t:|1660607790\n|move|p1a: Silvally|Crunch|p2a: Meloetta\n|-supereffective|p2a: Meloetta\n|-damage|p2a: Meloetta|40\/100\n|move|p2a: Meloetta|Shadow Ball|p1a: Silvally\n|-supereffective|p1a: Silvally\n|-damage|p1a: Silvally|0 fnt\n|faint|p1a: Silvally\n|\n|upkeep\n|\n|t:|1660607805\n|switch|p1a: Orbeetle|Orbeetle, F|100\/100\n|-item|p2a: Meloetta|Choice Scarf|[from] ability: Frisk|[of] p1a: Orbeetle|[identify]\n|turn|5\n|\n|t:|1660607810\n|switch|p2a: Espeon|Espeon, F|100\/100\n|move|p1a: Orbeetle|Bug Buzz|p2a: Espeon\n|-supereffective|p2a: Espeon\n|-damage|p2a: Espeon|50\/100\n|-unboost|p2a: Espeon|spd|1\n|\n|upkeep\n|turn|6\n|\n|t:|1660607817\n|move|p2a: Espeon|Light Screen|p2a: Espeon\n|-sidestart|p2: SirFresh|move: Light Screen\n|move|p1a: Orbeetle|Bug Buzz|p2a: Espeon\n|-supereffective|p2a: Espeon\n|-damage|p2a: Espeon|8\/100\n|\n|upkeep\n|turn|7\n|\n|t:|1660607825\n|move|p2a: Espeon|Reflect|p2a: Espeon\n|-sidestart|p2: SirFresh|Reflect\n|move|p1a: Orbeetle|Bug Buzz|p2a: Espeon\n|-supereffective|p2a: Espeon\n|-damage|p2a: Espeon|0 fnt\n|faint|p2a: Espeon\n|\n|upkeep\n|\n|t:|1660607828\n|switch|p2a: Necrozma|Necrozma|100\/100\n|turn|8\n|\n|t:|1660607834\n|move|p2a: Necrozma|Dragon Dance|p2a: Necrozma\n|-boost|p2a: Necrozma|atk|1\n|-boost|p2a: Necrozma|spe|1\n|move|p1a: Orbeetle|Sticky Web|p2a: Necrozma\n|-sidestart|p2: SirFresh|move: Sticky Web\n|\n|upkeep\n|turn|9\n|\n|t:|1660607845\n|switch|p1a: Deoxys|Deoxys-Speed|100\/100\n|-ability|p1a: Deoxys|Pressure\n|move|p2a: Necrozma|Knock Off|p1a: Deoxys\n|-supereffective|p1a: Deoxys\n|-enditem|p1a: Deoxys|Focus Sash\n|-damage|p1a: Deoxys|1\/100\n|\n|upkeep\n|turn|10\n|\n|t:|1660607850\n|move|p1a: Deoxys|Taunt|p2a: Necrozma\n|-start|p2a: Necrozma|move: Taunt\n|move|p2a: Necrozma|Knock Off|p1a: Deoxys\n|-supereffective|p1a: Deoxys\n|-damage|p1a: Deoxys|0 fnt\n|faint|p1a: Deoxys\n|\n|upkeep\n|\n|t:|1660607854\n|switch|p1a: Mew|Mew|100\/100\n|turn|11\n|\n|t:|1660607858\n|move|p2a: Necrozma|X-Scissor|p1a: Mew\n|-supereffective|p1a: Mew\n|-damage|p1a: Mew|15\/100\n|-zpower|p1a: Mew\n|move|p1a: Mew|Z-Hypnosis|p2a: Necrozma|[anim]Hypnosis\n|-boost|p1a: Mew|spe|1|[zeffect]\n|-status|p2a: Necrozma|slp|[from] move: Hypnosis\n|\n|upkeep\n|turn|12\n|\n|t:|1660607864\n|move|p1a: Mew|Nasty Plot|p1a: Mew\n|-boost|p1a: Mew|spa|2\n|cant|p2a: Necrozma|slp\n|\n|-end|p2a: Necrozma|move: Taunt\n|upkeep\n|turn|13\n|\n|t:|1660607871\n|move|p1a: Mew|Dark Pulse|p2a: Necrozma\n|-supereffective|p2a: Necrozma\n|-damage|p2a: Necrozma|62\/100 slp\n|-enditem|p2a: Necrozma|Weakness Policy\n|-boost|p2a: Necrozma|atk|2|[from] item: Weakness Policy\n|-boost|p2a: Necrozma|spa|2|[from] item: Weakness Policy\n|cant|p2a: Necrozma|slp\n|\n|-sideend|p2: SirFresh|move: Light Screen\n|upkeep\n|turn|14\n|\n|t:|1660607883\n|move|p1a: Mew|Dark Pulse|p2a: Necrozma\n|-supereffective|p2a: Necrozma\n|-damage|p2a: Necrozma|0 fnt\n|faint|p2a: Necrozma\n|\n|-sideend|p2: SirFresh|Reflect\n|upkeep\n|\n|t:|1660607891\n|switch|p2a: Deoxys|Deoxys-Speed|100\/100\n|-activate|p2a: Deoxys|move: Sticky Web\n|-unboost|p2a: Deoxys|spe|1\n|-ability|p2a: Deoxys|Pressure\n|turn|15\n|\n|t:|1660607900\n|switch|p1a: Orbeetle|Orbeetle, F|100\/100\n|-item|p2a: Deoxys|Darkinium Z|[from] ability: Frisk|[of] p1a: Orbeetle|[identify]\n|move|p2a: Deoxys|Thunder Wave|p1a: Orbeetle|[miss]\n|-miss|p2a: Deoxys|p1a: Orbeetle\n|\n|upkeep\n|turn|16\n|\n|t:|1660607910\n|move|p2a: Deoxys|Thunder Wave|p1a: Orbeetle|[miss]\n|-miss|p2a: Deoxys|p1a: Orbeetle\n|move|p1a: Orbeetle|Bug Buzz|p2a: Deoxys\n|-supereffective|p2a: Deoxys\n|-damage|p2a: Deoxys|22\/100\n|\n|upkeep\n|turn|17\n|\n|t:|1660607919\n|move|p1a: Orbeetle|Magic Coat|p1a: Orbeetle\n|-singleturn|p1a: Orbeetle|move: Magic Coat\n|move|p2a: Deoxys|Stealth Rock|p1a: Orbeetle\n|move|p1a: Orbeetle|Stealth Rock|p2a: Deoxys|[from]Magic Coat\n|-sidestart|p2: SirFresh|move: Stealth Rock\n|\n|upkeep\n|turn|18\n|\n|t:|1660607924\n|move|p2a: Deoxys|Stealth Rock|p1a: Orbeetle\n|-sidestart|p1: Willis_Hescock|move: Stealth Rock\n|move|p1a: Orbeetle|Bug Buzz|p2a: Deoxys\n|-supereffective|p2a: Deoxys\n|-damage|p2a: Deoxys|0 fnt\n|faint|p2a: Deoxys\n|\n|upkeep\n|\n|t:|1660607929\n|switch|p2a: Alakazam|Alakazam, M|100\/100\n|-activate|p2a: Alakazam|move: Sticky Web\n|-unboost|p2a: Alakazam|spe|1\n|turn|19\n|\n|t:|1660607939\n|detailschange|p2a: Alakazam|Alakazam-Mega, M\n|-mega|p2a: Alakazam|Alakazam|Alakazite\n|-ability|p2a: Alakazam|Frisk|[from] ability: Trace|[of] p1a: Orbeetle\n|-item|p1a: Orbeetle|Leftovers|[from] ability: Frisk|[of] p2a: Alakazam|[identify]\n|move|p2a: Alakazam|Nasty Plot|p2a: Alakazam\n|-boost|p2a: Alakazam|spa|2\n|move|p1a: Orbeetle|Bug Buzz|p2a: Alakazam\n|-supereffective|p2a: Alakazam\n|-damage|p2a: Alakazam|43\/100\n|\n|upkeep\n|turn|20\n|\n|t:|1660607950\n|move|p2a: Alakazam|Shadow Ball|p1a: Orbeetle\n|-supereffective|p1a: Orbeetle\n|-damage|p1a: Orbeetle|0 fnt\n|faint|p1a: Orbeetle\n|\n|upkeep\n|\n|t:|1660607959\n|switch|p1a: Alakazam|Alakazam, F|100\/100\n|-damage|p1a: Alakazam|88\/100|[from] Stealth Rock\n|turn|21\n|c|\u2606SirFresh|Gg. I lost from Hypnosis\n|-message|SirFresh forfeited.\n|\n|win|Willis_Hescock\n|l|\u2606SirFresh\n|c|\u2606Willis_Hescock|Gg\n","uploadtime":1660607995,"views":19,"p1id":"willishescock","p2id":"sirfresh","formatid":"gen8nationaldexmonotype","rating":0,"private":0,"password":null}