{"id":"gen8anythinggoes-1695444557","p1":"TyTheKing2005","p2":"jushu114514","format":"gen8anythinggoes","log":"|j|\u2606TyTheKing2005\n|j|\u2606jushu114514\n|t:|1666800540\n|gametype|singles\n|player|p1|TyTheKing2005|265|1569\n|player|p2|jushu114514|2|1815\n|teamsize|p1|6\n|teamsize|p2|6\n|gen|8\n|tier|[Gen 8] Anything Goes\n|rated|\n|rule|HP Percentage Mod: HP is shown in percentages\n|rule|Endless Battle Clause: Forcing endless battles is banned\n|clearpoke\n|poke|p1|Ditto|\n|poke|p1|Ho-Oh|\n|poke|p1|Kyogre|\n|poke|p1|Necrozma-Dusk-Mane|\n|poke|p1|Xerneas-*|\n|poke|p1|Yveltal|\n|poke|p2|Excadrill, F|\n|poke|p2|Necrozma-Dusk-Mane|\n|poke|p2|Yveltal|\n|poke|p2|Xerneas-*|\n|poke|p2|Calyrex-Shadow|\n|poke|p2|Kyogre|\n|teampreview\n|j| Serek94\n|inactive|Battle timer is ON: inactive players will automatically lose when time's up. (requested by TyTheKing2005)\n|\n|t:|1666800594\n|start\n|switch|p1a: Necrozma|Necrozma-Dusk-Mane|100\/100\n|switch|p2a: Excadrill|Excadrill, F|100\/100\n|-ability|p2a: Excadrill|Mold Breaker\n|turn|1\n|\n|t:|1666800599\n|move|p2a: Excadrill|Stealth Rock|p1a: Necrozma\n|-sidestart|p1: TyTheKing2005|move: Stealth Rock\n|move|p1a: Necrozma|Earth Power|p2a: Excadrill\n|-supereffective|p2a: Excadrill\n|-damage|p2a: Excadrill|18\/100\n|\n|upkeep\n|turn|2\n|\n|t:|1666800604\n|move|p2a: Excadrill|Earthquake|p1a: Necrozma\n|-supereffective|p1a: Necrozma\n|-damage|p1a: Necrozma|47\/100\n|move|p1a: Necrozma|Calm Mind|p1a: Necrozma\n|-boost|p1a: Necrozma|spa|1\n|-boost|p1a: Necrozma|spd|1\n|\n|upkeep\n|turn|3\n|\n|t:|1666800613\n|switch|p1a: Yveltal|Yveltal|100\/100\n|-damage|p1a: Yveltal|75\/100|[from] Stealth Rock\n|-ability|p1a: Yveltal|Dark Aura\n|move|p2a: Excadrill|Earthquake|p1a: Yveltal\n|-immune|p1a: Yveltal\n|\n|-heal|p1a: Yveltal|82\/100|[from] item: Leftovers\n|upkeep\n|turn|4\n|\n|t:|1666800622\n|move|p1a: Yveltal|Sucker Punch|p2a: Excadrill\n|-damage|p2a: Excadrill|0 fnt\n|faint|p2a: Excadrill\n|\n|-heal|p1a: Yveltal|88\/100|[from] item: Leftovers\n|upkeep\n|\n|t:|1666800632\n|switch|p2a: Necrozma|Necrozma-Dusk-Mane|100\/100\n|turn|5\n|\n|t:|1666800636\n|move|p2a: Necrozma|Dragon Dance|p2a: Necrozma\n|-boost|p2a: Necrozma|atk|1\n|-boost|p2a: Necrozma|spe|1\n|move|p1a: Yveltal|Knock Off|p2a: Necrozma\n|-supereffective|p2a: Necrozma\n|-damage|p2a: Necrozma|5\/100\n|-enditem|p2a: Necrozma|Weakness Policy\n|-boost|p2a: Necrozma|atk|2|[from] item: Weakness Policy\n|-boost|p2a: Necrozma|spa|2|[from] item: Weakness Policy\n|\n|-heal|p1a: Yveltal|94\/100|[from] item: Leftovers\n|upkeep\n|turn|6\n|\n|t:|1666800642\n|move|p1a: Yveltal|Sucker Punch||[still]\n|-fail|p1a: Yveltal\n|move|p2a: Necrozma|Dragon Dance|p2a: Necrozma\n|-boost|p2a: Necrozma|atk|1\n|-boost|p2a: Necrozma|spe|1\n|\n|-heal|p1a: Yveltal|99\/100|[from] item: Leftovers\n|upkeep\n|turn|7\n|\n|t:|1666800645\n|move|p1a: Yveltal|Sucker Punch||[still]\n|-fail|p1a: Yveltal\n|move|p2a: Necrozma|Dragon Dance|p2a: Necrozma\n|-boost|p2a: Necrozma|atk|1\n|-boost|p2a: Necrozma|spe|1\n|\n|-heal|p1a: Yveltal|100\/100|[from] item: Leftovers\n|upkeep\n|turn|8\n|\n|t:|1666800647\n|move|p2a: Necrozma|Dragon Dance|p2a: Necrozma\n|-boost|p2a: Necrozma|atk|1\n|-boost|p2a: Necrozma|spe|1\n|move|p1a: Yveltal|Knock Off|p2a: Necrozma\n|-supereffective|p2a: Necrozma\n|-damage|p2a: Necrozma|0 fnt\n|faint|p2a: Necrozma\n|\n|upkeep\n|\n|t:|1666800650\n|switch|p2a: Xerneas|Xerneas|100\/100\n|-ability|p2a: Xerneas|Fairy Aura\n|turn|9\n|\n|t:|1666800656\n|move|p2a: Xerneas|Geomancy||[still]\n|-prepare|p2a: Xerneas|Geomancy\n|-enditem|p2a: Xerneas|Power Herb\n|-anim|p2a: Xerneas|Geomancy|p2a: Xerneas\n|-boost|p2a: Xerneas|spa|2\n|-boost|p2a: Xerneas|spd|2\n|-boost|p2a: Xerneas|spe|2\n|move|p1a: Yveltal|Knock Off|p2a: Xerneas\n|-resisted|p2a: Xerneas\n|-damage|p2a: Xerneas|77\/100\n|\n|upkeep\n|turn|10\n|\n|t:|1666800665\n|switch|p1a: Ho-Oh|Ho-Oh|100\/100\n|move|p2a: Xerneas|Substitute|p2a: Xerneas\n|-start|p2a: Xerneas|Substitute\n|-damage|p2a: Xerneas|52\/100\n|\n|upkeep\n|turn|11\n|\n|t:|1666800671\n|move|p2a: Xerneas|Thunder|p1a: Ho-Oh|[miss]\n|-miss|p2a: Xerneas|p1a: Ho-Oh\n|move|p1a: Ho-Oh|Sacred Fire|p2a: Xerneas\n|-end|p2a: Xerneas|Substitute\n|\n|upkeep\n|turn|12\n|\n|t:|1666800680\n|move|p2a: Xerneas|Thunder|p1a: Ho-Oh\n|-supereffective|p1a: Ho-Oh\n|-damage|p1a: Ho-Oh|26\/100\n|move|p1a: Ho-Oh|Brave Bird|p2a: Xerneas\n|-damage|p2a: Xerneas|7\/100\n|-damage|p1a: Ho-Oh|13\/100|[from] Recoil\n|\n|upkeep\n|turn|13\n|\n|t:|1666800686\n|move|p2a: Xerneas|Geomancy||[still]\n|-prepare|p2a: Xerneas|Geomancy\n|move|p1a: Ho-Oh|Roost|p1a: Ho-Oh\n|-heal|p1a: Ho-Oh|63\/100\n|-singleturn|p1a: Ho-Oh|move: Roost\n|\n|upkeep\n|turn|14\n|\n|t:|1666800690\n|move|p2a: Xerneas|Geomancy|p2a: Xerneas|[from]lockedmove\n|-boost|p2a: Xerneas|spa|2\n|-boost|p2a: Xerneas|spd|2\n|-boost|p2a: Xerneas|spe|2\n|move|p1a: Ho-Oh|Brave Bird|p2a: Xerneas\n|-damage|p2a: Xerneas|0 fnt\n|faint|p2a: Xerneas\n|-damage|p1a: Ho-Oh|60\/100|[from] Recoil\n|\n|upkeep\n|\n|t:|1666800692\n|switch|p2a: Kyogre|Kyogre|100\/100\n|-weather|RainDance|[from] ability: Drizzle|[of] p2a: Kyogre\n|turn|15\n|\n|t:|1666800699\n|switch|p1a: Necrozma|Necrozma-Dusk-Mane|47\/100\n|-damage|p1a: Necrozma|41\/100|[from] Stealth Rock\n|move|p2a: Kyogre|Water Spout|p1a: Necrozma\n|-damage|p1a: Necrozma|0 fnt\n|faint|p1a: Necrozma\n|\n|-weather|RainDance|[upkeep]\n|upkeep\n|\n|t:|1666800708\n|switch|p1a: Kyogre|Kyogre|100\/100\n|-damage|p1a: Kyogre|88\/100|[from] Stealth Rock\n|turn|16\n|\n|t:|1666800713\n|-start|p2a: Kyogre|Dynamax|\n|-heal|p2a: Kyogre|100\/100|[silent]\n|move|p1a: Kyogre|Thunder|p2a: Kyogre\n|-supereffective|p2a: Kyogre\n|-crit|p2a: Kyogre\n|-damage|p2a: Kyogre|55\/100\n|move|p2a: Kyogre|Max Lightning|p1a: Kyogre\n|-supereffective|p1a: Kyogre\n|-damage|p1a: Kyogre|2\/100\n|-fieldstart|move: Electric Terrain\n|\n|-weather|RainDance|[upkeep]\n|upkeep\n|turn|17\n|\n|t:|1666800720\n|move|p1a: Kyogre|Thunder|p2a: Kyogre\n|-supereffective|p2a: Kyogre\n|-damage|p2a: Kyogre|17\/100\n|-status|p2a: Kyogre|par\n|move|p2a: Kyogre|Max Lightning|p1a: Kyogre\n|-supereffective|p1a: Kyogre\n|-damage|p1a: Kyogre|0 fnt\n|faint|p1a: Kyogre\n|\n|-weather|RainDance|[upkeep]\n|upkeep\n|\n|t:|1666800735\n|switch|p1a: Xerneas|Xerneas|100\/100\n|-damage|p1a: Xerneas|88\/100|[from] Stealth Rock\n|-ability|p1a: Xerneas|Fairy Aura\n|turn|18\n|l| Serek94\n|inactive|jushu114514 has 120 seconds left.\n|\n|t:|1666800776\n|move|p1a: Xerneas|Geomancy||[still]\n|-prepare|p1a: Xerneas|Geomancy\n|-enditem|p1a: Xerneas|Power Herb\n|-anim|p1a: Xerneas|Geomancy|p1a: Xerneas\n|-boost|p1a: Xerneas|spa|2\n|-boost|p1a: Xerneas|spd|2\n|-boost|p1a: Xerneas|spe|2\n|cant|p2a: Kyogre|par\n|\n|-weather|RainDance|[upkeep]\n|upkeep\n|-end|p2a: Kyogre|Dynamax\n|-heal|p2a: Kyogre|17\/100 par|[silent]\n|turn|19\n|\n|t:|1666800790\n|move|p1a: Xerneas|Moonblast|p2a: Kyogre\n|-damage|p2a: Kyogre|0 fnt\n|faint|p2a: Kyogre\n|\n|-weather|none\n|upkeep\n|\n|t:|1666800805\n|switch|p2a: Calyrex|Calyrex-Shadow|100\/100\n|-ability|p2a: Calyrex|As One\n|-ability|p2a: Calyrex|Unnerve\n|turn|20\n|\n|t:|1666800808\n|-start|p1a: Xerneas|Dynamax|\n|-heal|p1a: Xerneas|88\/100|[silent]\n|move|p1a: Xerneas|Max Starfall|p2a: Calyrex\n|-enditem|p2a: Calyrex|Focus Sash\n|-damage|p2a: Calyrex|1\/100\n|-fieldstart|move: Misty Terrain\n|move|p2a: Calyrex|Psyshock|p1a: Xerneas\n|-damage|p1a: Xerneas|66\/100\n|\n|upkeep\n|turn|21\n|-message|jushu114514 forfeited.\n|\n|win|TyTheKing2005\n|raw|TyTheKing2005's rating: 1569 &rarr; <strong>1601<\/strong><br \/>(+32 for winning)\n|raw|jushu114514's rating: 1815 &rarr; <strong>1783<\/strong><br \/>(-32 for losing)\n||Ladder isn't responding, score probably updated but might not have (Request timeout).\n","uploadtime":1666800851,"views":6,"p1id":"tytheking2005","p2id":"jushu114514","formatid":"gen8anythinggoes","rating":1601,"private":0,"password":null}