{"id":"gen8bdspou-1635874426","p1":"Simpca","p2":"Ill Leave","format":"gen8bdspou","log":"|j|\u2606Simpca\n|j|\u2606Ill Leave\n|t:|1660063334\n|gametype|singles\n|player|p1|Simpca|clair|1528\n|player|p2|Ill Leave|266|1581\n|teamsize|p1|6\n|teamsize|p2|6\n|gen|8\n|tier|[Gen 8 BDSP] OU\n|rated|\n|rule|Sleep Clause Mod: Limit one foe put to sleep\n|rule|Species Clause: Limit one of each Pok\u00e9mon\n|rule|OHKO Clause: OHKO moves are banned\n|rule|Evasion Items Clause: Evasion items are banned\n|rule|Evasion Moves Clause: Evasion moves are banned\n|rule|Endless Battle Clause: Forcing endless battles is banned\n|rule|HP Percentage Mod: HP is shown in percentages\n|clearpoke\n|poke|p1|Azelf|\n|poke|p1|Garchomp, F|\n|poke|p1|Starmie|\n|poke|p1|Dragonite, M|\n|poke|p1|Azumarill, F|\n|poke|p1|Magnezone|\n|poke|p2|Crawdaunt, F|\n|poke|p2|Lucario, M|\n|poke|p2|Garchomp, M|\n|poke|p2|Clefable, M|\n|poke|p2|Heatran, F|\n|poke|p2|Weezing, F|\n|teampreview\n|inactive|Battle timer is ON: inactive players will automatically lose when time's up. (requested by Simpca)\n|\n|t:|1660063353\n|start\n|switch|p1a: Starmie|Starmie|100\/100\n|switch|p2a: Heatran|Heatran, F|100\/100\n|turn|1\n|\n|t:|1660063360\n|move|p2a: Heatran|Protect|p2a: Heatran\n|-singleturn|p2a: Heatran|Protect\n|move|p1a: Starmie|Hydro Pump|p2a: Heatran\n|-activate|p2a: Heatran|move: Protect\n|\n|upkeep\n|turn|2\n|\n|t:|1660063367\n|switch|p1a: Garchomp|Garchomp, F|100\/100\n|switch|p2a: Clefable|Clefable, M|100\/100\n|\n|upkeep\n|turn|3\n|\n|t:|1660063375\n|switch|p1a: Magnezone|Magnezone|100\/100\n|move|p2a: Clefable|Moonblast|p1a: Magnezone\n|-resisted|p1a: Magnezone\n|-damage|p1a: Magnezone|85\/100\n|\n|upkeep\n|turn|4\n|\n|t:|1660063381\n|move|p2a: Clefable|Protect|p2a: Clefable\n|-singleturn|p2a: Clefable|Protect\n|move|p1a: Magnezone|Flash Cannon|p2a: Clefable\n|-activate|p2a: Clefable|move: Protect\n|\n|upkeep\n|turn|5\n|\n|t:|1660063398\n|switch|p2a: Heatran|Heatran, F|100\/100\n|move|p1a: Magnezone|Flash Cannon|p2a: Heatran\n|-resisted|p2a: Heatran\n|-damage|p2a: Heatran|86\/100\n|\n|-heal|p2a: Heatran|92\/100|[from] item: Leftovers\n|upkeep\n|turn|6\n|\n|t:|1660063410\n|switch|p1a: Starmie|Starmie|100\/100\n|move|p2a: Heatran|Substitute|p2a: Heatran\n|-start|p2a: Heatran|Substitute\n|-damage|p2a: Heatran|67\/100\n|\n|-heal|p2a: Heatran|73\/100|[from] item: Leftovers\n|upkeep\n|turn|7\n|\n|t:|1660063417\n|move|p2a: Heatran|Protect|p2a: Heatran\n|-singleturn|p2a: Heatran|Protect\n|move|p1a: Starmie|Hydro Pump|p2a: Heatran\n|-activate|p2a: Heatran|move: Protect\n|\n|-heal|p2a: Heatran|80\/100|[from] item: Leftovers\n|upkeep\n|turn|8\n|\n|t:|1660063424\n|move|p1a: Starmie|Hydro Pump|p2a: Heatran\n|-supereffective|p2a: Heatran\n|-end|p2a: Heatran|Substitute\n|-damage|p1a: Starmie|91\/100|[from] item: Life Orb\n|move|p2a: Heatran|Substitute|p2a: Heatran\n|-start|p2a: Heatran|Substitute\n|-damage|p2a: Heatran|55\/100\n|\n|-heal|p2a: Heatran|61\/100|[from] item: Leftovers\n|upkeep\n|turn|9\n|\n|t:|1660063433\n|switch|p1a: Garchomp|Garchomp, F|100\/100\n|move|p2a: Heatran|Protect||[still]\n|-fail|p2a: Heatran\n|\n|-heal|p2a: Heatran|67\/100|[from] item: Leftovers\n|upkeep\n|turn|10\n|\n|t:|1660063442\n|move|p1a: Garchomp|Stealth Rock|p2a: Heatran\n|-sidestart|p2: Ill Leave|move: Stealth Rock\n|move|p2a: Heatran|Lava Plume|p1a: Garchomp\n|-resisted|p1a: Garchomp\n|-damage|p1a: Garchomp|80\/100\n|\n|-heal|p2a: Heatran|73\/100|[from] item: Leftovers\n|upkeep\n|turn|11\n|\n|t:|1660063449\n|move|p2a: Heatran|Protect|p2a: Heatran\n|-singleturn|p2a: Heatran|Protect\n|move|p1a: Garchomp|Earthquake|p2a: Heatran\n|-activate|p2a: Heatran|move: Protect\n|\n|-heal|p2a: Heatran|80\/100|[from] item: Leftovers\n|upkeep\n|turn|12\n|\n|t:|1660063456\n|move|p1a: Garchomp|Earthquake|p2a: Heatran\n|-supereffective|p2a: Heatran\n|-end|p2a: Heatran|Substitute\n|move|p2a: Heatran|Lava Plume|p1a: Garchomp\n|-resisted|p1a: Garchomp\n|-damage|p1a: Garchomp|62\/100\n|\n|-heal|p2a: Heatran|86\/100|[from] item: Leftovers\n|upkeep\n|turn|13\n|\n|t:|1660063464\n|switch|p2a: Weezing|Weezing, F|100\/100\n|-damage|p2a: Weezing|88\/100|[from] Stealth Rock\n|move|p1a: Garchomp|Swords Dance|p1a: Garchomp\n|-boost|p1a: Garchomp|atk|2\n|\n|-heal|p2a: Weezing|94\/100|[from] item: Black Sludge\n|upkeep\n|turn|14\n|\n|t:|1660063472\n|move|p1a: Garchomp|Dragon Claw|p2a: Weezing\n|-damage|p2a: Weezing|38\/100\n|move|p2a: Weezing|Toxic|p1a: Garchomp\n|-status|p1a: Garchomp|tox\n|\n|-heal|p2a: Weezing|44\/100|[from] item: Black Sludge\n|-damage|p1a: Garchomp|56\/100 tox|[from] psn\n|upkeep\n|turn|15\n|\n|t:|1660063482\n|switch|p2a: Clefable|Clefable, M|100\/100\n|move|p1a: Garchomp|Dragon Claw|p2a: Clefable\n|-immune|p2a: Clefable\n|\n|-damage|p1a: Garchomp|44\/100 tox|[from] psn\n|upkeep\n|turn|16\n|\n|t:|1660063492\n|move|p1a: Garchomp|Earthquake|p2a: Clefable\n|-damage|p2a: Clefable|20\/100\n|move|p2a: Clefable|Wish|p2a: Clefable\n|\n|-heal|p2a: Clefable|26\/100|[from] item: Leftovers\n|-damage|p1a: Garchomp|25\/100 tox|[from] psn\n|upkeep\n|-enditem|p1a: Garchomp|Salac Berry|[eat]\n|-boost|p1a: Garchomp|spe|1|[from] item: Salac Berry\n|turn|17\n|\n|t:|1660063503\n|move|p2a: Clefable|Protect|p2a: Clefable\n|-singleturn|p2a: Clefable|Protect\n|move|p1a: Garchomp|Dragon Claw|p2a: Clefable\n|-activate|p2a: Clefable|move: Protect\n|\n|-heal|p2a: Clefable|76\/100|[from] move: Wish|[wisher] Clefable\n|-heal|p2a: Clefable|82\/100|[from] item: Leftovers\n|-damage|p1a: Garchomp|0 fnt|[from] psn\n|faint|p1a: Garchomp\n|upkeep\n|\n|t:|1660063513\n|switch|p1a: Magnezone|Magnezone|85\/100\n|turn|18\n|\n|t:|1660063516\n|switch|p2a: Garchomp|Garchomp, M|100\/100\n|-damage|p2a: Garchomp|94\/100|[from] Stealth Rock\n|move|p1a: Magnezone|Tri Attack|p2a: Garchomp\n|-crit|p2a: Garchomp\n|-damage|p2a: Garchomp|0 fnt\n|faint|p2a: Garchomp\n|\n|upkeep\n|\n|t:|1660063522\n|switch|p2a: Heatran|Heatran, F|86\/100\n|-damage|p2a: Heatran|73\/100|[from] Stealth Rock\n|turn|19\n|\n|t:|1660063531\n|switch|p1a: Starmie|Starmie|91\/100\n|move|p2a: Heatran|Substitute|p2a: Heatran\n|-start|p2a: Heatran|Substitute\n|-damage|p2a: Heatran|48\/100\n|\n|-heal|p2a: Heatran|55\/100|[from] item: Leftovers\n|upkeep\n|turn|20\n|\n|t:|1660063546\n|move|p2a: Heatran|Protect|p2a: Heatran\n|-singleturn|p2a: Heatran|Protect\n|move|p1a: Starmie|Thunderbolt|p2a: Heatran\n|-activate|p2a: Heatran|move: Protect\n|\n|-heal|p2a: Heatran|61\/100|[from] item: Leftovers\n|upkeep\n|turn|21\n|\n|t:|1660063553\n|move|p1a: Starmie|Thunderbolt|p2a: Heatran\n|-activate|p2a: Heatran|move: Substitute|[damage]\n|-damage|p1a: Starmie|81\/100|[from] item: Life Orb\n|move|p2a: Heatran|Substitute|p2a: Heatran\n|-fail|p2a: Heatran|move: Substitute\n|\n|-heal|p2a: Heatran|67\/100|[from] item: Leftovers\n|upkeep\n|turn|22\n|\n|t:|1660063560\n|move|p2a: Heatran|Protect|p2a: Heatran\n|-singleturn|p2a: Heatran|Protect\n|move|p1a: Starmie|Thunderbolt|p2a: Heatran\n|-activate|p2a: Heatran|move: Protect\n|\n|-heal|p2a: Heatran|73\/100|[from] item: Leftovers\n|upkeep\n|turn|23\n|\n|t:|1660063567\n|move|p1a: Starmie|Thunderbolt|p2a: Heatran\n|-end|p2a: Heatran|Substitute\n|-damage|p1a: Starmie|72\/100|[from] item: Life Orb\n|move|p2a: Heatran|Substitute|p2a: Heatran\n|-start|p2a: Heatran|Substitute\n|-damage|p2a: Heatran|48\/100\n|\n|-heal|p2a: Heatran|55\/100|[from] item: Leftovers\n|upkeep\n|turn|24\n|\n|t:|1660063575\n|switch|p1a: Azelf|Azelf|100\/100\n|move|p2a: Heatran|Protect||[still]\n|-fail|p2a: Heatran\n|\n|-heal|p2a: Heatran|61\/100|[from] item: Leftovers\n|upkeep\n|turn|25\n|\n|t:|1660063581\n|move|p1a: Azelf|Light Screen|p1a: Azelf\n|-sidestart|p1: Simpca|move: Light Screen\n|move|p2a: Heatran|Lava Plume|p1a: Azelf\n|-damage|p1a: Azelf|79\/100\n|\n|-heal|p2a: Heatran|67\/100|[from] item: Leftovers\n|upkeep\n|turn|26\n|\n|t:|1660063589\n|move|p1a: Azelf|Taunt|p2a: Heatran\n|-start|p2a: Heatran|move: Taunt\n|move|p2a: Heatran|Lava Plume|p1a: Azelf\n|-damage|p1a: Azelf|57\/100\n|\n|-heal|p2a: Heatran|73\/100|[from] item: Leftovers\n|upkeep\n|turn|27\n|\n|t:|1660063597\n|move|p1a: Azelf|Reflect|p1a: Azelf\n|-sidestart|p1: Simpca|Reflect\n|move|p2a: Heatran|Lava Plume|p1a: Azelf\n|-damage|p1a: Azelf|35\/100\n|\n|-heal|p2a: Heatran|80\/100|[from] item: Leftovers\n|upkeep\n|turn|28\n|\n|t:|1660063607\n|move|p1a: Azelf|Light Screen||[still]\n|-fail|p1a: Azelf\n|move|p2a: Heatran|Lava Plume|p1a: Azelf\n|-damage|p1a: Azelf|14\/100\n|\n|-heal|p2a: Heatran|86\/100|[from] item: Leftovers\n|-end|p2a: Heatran|move: Taunt\n|upkeep\n|turn|29\n|\n|t:|1660063615\n|move|p1a: Azelf|Taunt|p2a: Heatran\n|-start|p2a: Heatran|move: Taunt\n|move|p2a: Heatran|Lava Plume|p1a: Azelf\n|-damage|p1a: Azelf|0 fnt\n|faint|p1a: Azelf\n|\n|-heal|p2a: Heatran|92\/100|[from] item: Leftovers\n|upkeep\n|\n|t:|1660063626\n|switch|p1a: Azumarill|Azumarill, F|100\/100\n|turn|30\n|\n|t:|1660063628\n|move|p2a: Heatran|Lava Plume|p1a: Azumarill\n|-resisted|p1a: Azumarill\n|-damage|p1a: Azumarill|91\/100\n|move|p1a: Azumarill|Belly Drum|p1a: Azumarill\n|-damage|p1a: Azumarill|41\/100\n|-setboost|p1a: Azumarill|atk|6|[from] move: Belly Drum\n|-enditem|p1a: Azumarill|Sitrus Berry|[eat]\n|-heal|p1a: Azumarill|65\/100|[from] item: Sitrus Berry\n|\n|-heal|p2a: Heatran|98\/100|[from] item: Leftovers\n|upkeep\n|turn|31\n|\n|t:|1660063639\n|move|p1a: Azumarill|Aqua Jet|p2a: Heatran\n|-supereffective|p2a: Heatran\n|-crit|p2a: Heatran\n|-end|p2a: Heatran|Substitute\n|move|p2a: Heatran|Lava Plume|p1a: Azumarill\n|-resisted|p1a: Azumarill\n|-damage|p1a: Azumarill|55\/100\n|-status|p1a: Azumarill|brn\n|\n|-heal|p2a: Heatran|100\/100|[from] item: Leftovers\n|-damage|p1a: Azumarill|49\/100 brn|[from] brn\n|-end|p2a: Heatran|move: Taunt\n|upkeep\n|turn|32\n|\n|t:|1660063654\n|move|p2a: Heatran|Protect|p2a: Heatran\n|-singleturn|p2a: Heatran|Protect\n|move|p1a: Azumarill|Waterfall|p2a: Heatran\n|-activate|p2a: Heatran|move: Protect\n|\n|-damage|p1a: Azumarill|43\/100 brn|[from] brn\n|-sideend|p1: Simpca|move: Light Screen\n|upkeep\n|turn|33\n|\n|t:|1660063661\n|move|p2a: Heatran|Earth Power|p1a: Azumarill\n|-damage|p1a: Azumarill|13\/100 brn\n|move|p1a: Azumarill|Waterfall|p2a: Heatran\n|-supereffective|p2a: Heatran\n|-damage|p2a: Heatran|0 fnt\n|faint|p2a: Heatran\n|\n|-damage|p1a: Azumarill|7\/100 brn|[from] brn\n|upkeep\n|\n|t:|1660063669\n|switch|p2a: Crawdaunt|Crawdaunt, F|100\/100\n|-damage|p2a: Crawdaunt|88\/100|[from] Stealth Rock\n|turn|34\n|\n|t:|1660063672\n|move|p2a: Crawdaunt|Aqua Jet|p1a: Azumarill\n|-resisted|p1a: Azumarill\n|-damage|p1a: Azumarill|0 fnt\n|faint|p1a: Azumarill\n|\n|-sideend|p1: Simpca|Reflect\n|upkeep\n|\n|t:|1660063681\n|switch|p1a: Magnezone|Magnezone|85\/100\n|turn|35\n|\n|t:|1660063687\n|move|p2a: Crawdaunt|Aqua Jet|p1a: Magnezone\n|-damage|p1a: Magnezone|47\/100\n|move|p1a: Magnezone|Thunderbolt|p2a: Crawdaunt\n|-supereffective|p2a: Crawdaunt\n|-damage|p2a: Crawdaunt|0 fnt\n|faint|p2a: Crawdaunt\n|\n|upkeep\n|\n|t:|1660063695\n|switch|p2a: Lucario|Lucario, M|100\/100\n|-damage|p2a: Lucario|98\/100|[from] Stealth Rock\n|turn|36\n|\n|t:|1660063698\n|switch|p1a: Starmie|Starmie|72\/100\n|move|p2a: Lucario|Close Combat|p1a: Starmie\n|-resisted|p1a: Starmie\n|-damage|p1a: Starmie|4\/100\n|-unboost|p2a: Lucario|def|1\n|-unboost|p2a: Lucario|spd|1\n|\n|upkeep\n|turn|37\n|\n|t:|1660063706\n|switch|p2a: Weezing|Weezing, F|44\/100\n|-damage|p2a: Weezing|32\/100|[from] Stealth Rock\n|move|p1a: Starmie|Hydro Pump|p2a: Weezing\n|-damage|p2a: Weezing|0 fnt\n|faint|p2a: Weezing\n|-damage|p1a: Starmie|0 fnt|[from] item: Life Orb\n|faint|p1a: Starmie\n|\n|upkeep\n|\n|t:|1660063723\n|switch|p1a: Dragonite|Dragonite, M|100\/100\n|switch|p2a: Lucario|Lucario, M|98\/100\n|-damage|p2a: Lucario|95\/100|[from] Stealth Rock\n|turn|38\n|\n|t:|1660063732\n|switch|p2a: Clefable|Clefable, M|82\/100\n|switch|p1a: Magnezone|Magnezone|47\/100\n|\n|-heal|p2a: Clefable|88\/100|[from] item: Leftovers\n|upkeep\n|turn|39\n|\n|t:|1660063742\n|move|p2a: Clefable|Protect|p2a: Clefable\n|-singleturn|p2a: Clefable|Protect\n|move|p1a: Magnezone|Volt Switch|p2a: Clefable\n|-activate|p2a: Clefable|move: Protect\n|\n|-heal|p2a: Clefable|94\/100|[from] item: Leftovers\n|upkeep\n|turn|40\n|\n|t:|1660063748\n|move|p1a: Magnezone|Volt Switch|p2a: Clefable\n|-damage|p2a: Clefable|34\/100\n|\n|t:|1660063752\n|switch|p1a: Dragonite|Dragonite, M|100\/100|[from]move: Volt Switch\n|move|p2a: Clefable|Moonblast|p1a: Dragonite\n|-supereffective|p1a: Dragonite\n|-damage|p1a: Dragonite|70\/100\n|-unboost|p1a: Dragonite|spa|1\n|\n|-heal|p2a: Clefable|40\/100|[from] item: Leftovers\n|upkeep\n|turn|41\n|\n|t:|1660063761\n|switch|p1a: Magnezone|Magnezone|47\/100\n|move|p2a: Clefable|Moonblast|p1a: Magnezone\n|-resisted|p1a: Magnezone\n|-damage|p1a: Magnezone|29\/100\n|\n|-heal|p2a: Clefable|46\/100|[from] item: Leftovers\n|upkeep\n|turn|42\n|\n|t:|1660063768\n|move|p2a: Clefable|Protect|p2a: Clefable\n|-singleturn|p2a: Clefable|Protect\n|move|p1a: Magnezone|Thunderbolt|p2a: Clefable\n|-activate|p2a: Clefable|move: Protect\n|\n|-heal|p2a: Clefable|52\/100|[from] item: Leftovers\n|upkeep\n|turn|43\n|\n|t:|1660063775\n|move|p1a: Magnezone|Thunderbolt|p2a: Clefable\n|-damage|p2a: Clefable|0 fnt\n|faint|p2a: Clefable\n|\n|upkeep\n|\n|t:|1660063777\n|switch|p2a: Lucario|Lucario, M|95\/100\n|-damage|p2a: Lucario|92\/100|[from] Stealth Rock\n|turn|44\n|\n|t:|1660063781\n|move|p2a: Lucario|Close Combat|p1a: Magnezone\n|-supereffective|p1a: Magnezone\n|-damage|p1a: Magnezone|0 fnt\n|-unboost|p2a: Lucario|def|1\n|-unboost|p2a: Lucario|spd|1\n|faint|p1a: Magnezone\n|\n|upkeep\n|\n|t:|1660063787\n|switch|p1a: Dragonite|Dragonite, M|70\/100\n|turn|45\n|\n|t:|1660063790\n|move|p2a: Lucario|Close Combat|p1a: Dragonite\n|-resisted|p1a: Dragonite\n|-damage|p1a: Dragonite|20\/100\n|-unboost|p2a: Lucario|def|1\n|-unboost|p2a: Lucario|spd|1\n|move|p1a: Dragonite|Earthquake|p2a: Lucario\n|-supereffective|p2a: Lucario\n|-damage|p2a: Lucario|0 fnt\n|faint|p2a: Lucario\n|\n|win|Simpca\n|raw|Simpca's rating: 1528 &rarr; <strong>1551<\/strong><br \/>(+23 for winning)\n|raw|Ill Leave's rating: 1581 &rarr; <strong>1558<\/strong><br \/>(-23 for losing)\n|c|\u2606Simpca|lmao\n|c|\u2606Ill Leave|?\n|c|\u2606Simpca|That heatran gave me cancer\n|c|\u2606Simpca|I don't understand how people can play like that and have fun\n|l|\u2606Simpca\n||Ladder isn't responding, score probably updated but might not have (Request timeout).\n|c|\u2606Ill Leave|its suppose to b t spikes\n|l|\u2606Ill Leave\n","uploadtime":1660064624,"views":4,"p1id":"simpca","p2id":"illleave","formatid":"gen8bdspou","rating":1551,"private":0,"password":null}