{"id":"gen8ou-1451318721","p1":"Kyerndo","p2":"kokoukohiro","format":"gen8ou","log":"|j|\u2606Kyerndo\n|j|\u2606kokoukohiro\n|t:|1636405244\n|gametype|singles\n|player|p1|Kyerndo|psychic|1522\n|player|p2|kokoukohiro|dawn|1484\n|teamsize|p1|6\n|teamsize|p2|6\n|gen|8\n|tier|[Gen 8] OU\n|rated|\n|rule|Sleep Clause Mod: Limit one foe put to sleep\n|rule|Species Clause: Limit one of each Pok\u00e9mon\n|rule|OHKO Clause: OHKO moves are banned\n|rule|Evasion Moves Clause: Evasion moves are banned\n|rule|Endless Battle Clause: Forcing endless battles is banned\n|rule|HP Percentage Mod: HP is shown in percentages\n|rule|Dynamax Clause: You cannot dynamax\n|clearpoke\n|poke|p1|Tapu Fini|\n|poke|p1|Durant, M|\n|poke|p1|Kyurem|\n|poke|p1|Ferrothorn, M|\n|poke|p1|Excadrill, M|\n|poke|p1|Hippowdon, F|\n|poke|p2|Jirachi|\n|poke|p2|Chansey, F|\n|poke|p2|Quagsire, M|\n|poke|p2|Clefable, M|\n|poke|p2|Toxapex, M|\n|poke|p2|Mandibuzz, F|\n|teampreview\n|\n|t:|1636405260\n|start\n|switch|p1a: Tapu Fini|Tapu Fini|100\/100\n|switch|p2a: Quagsire|Quagsire, M|100\/100\n|-fieldstart|move: Misty Terrain|[from] ability: Misty Surge|[of] p1a: Tapu Fini\n|turn|1\n|\n|t:|1636405264\n|switch|p2a: Jirachi|Jirachi|100\/100\n|move|p1a: Tapu Fini|Gravity|p1a: Tapu Fini\n|-fieldstart|move: Gravity\n|\n|upkeep\n|turn|2\n|\n|t:|1636405268\n|switch|p1a: Hippowdon|Hippowdon, F|100\/100\n|-weather|Sandstorm|[from] ability: Sand Stream|[of] p1a: Hippowdon\n|move|p2a: Jirachi|Iron Head|p1a: Hippowdon\n|-damage|p1a: Hippowdon|85\/100\n|-enditem|p1a: Hippowdon|Eject Button\n|\n|t:|1636405271\n|switch|p1a: Excadrill|Excadrill, M|100\/100\n|\n|-weather|Sandstorm|[upkeep]\n|upkeep\n|turn|3\n|\n|t:|1636405277\n|switch|p2a: Mandibuzz|Mandibuzz, F|100\/100\n|move|p1a: Excadrill|Earthquake|p2a: Mandibuzz\n|-damage|p2a: Mandibuzz|46\/100\n|\n|-weather|Sandstorm|[upkeep]\n|upkeep\n|turn|4\n|c|\u2606kokoukohiro|\uff1fflying type\n|\n|t:|1636405329\n|move|p1a: Excadrill|Earthquake|p2a: Mandibuzz\n|-damage|p2a: Mandibuzz|0 fnt\n|faint|p2a: Mandibuzz\n|\n|-weather|Sandstorm|[upkeep]\n|upkeep\n|c|\u2606Kyerndo|I set up gravity\n|c|\u2606Kyerndo|Which grounds flying types\n|c|\u2606Kyerndo|But I won't need to be setting that up anymore\n|c|\u2606kokoukohiro|oh I didnt see it\n|\n|t:|1636405370\n|switch|p2a: Quagsire|Quagsire, M|100\/100\n|turn|5\n|\n|t:|1636405376\n|switch|p1a: Kyurem|Kyurem|100\/100\n|-ability|p1a: Kyurem|Pressure\n|move|p2a: Quagsire|Scald|p1a: Kyurem\n|-resisted|p1a: Kyurem\n|-damage|p1a: Kyurem|92\/100\n|\n|-weather|Sandstorm|[upkeep]\n|-damage|p1a: Kyurem|85\/100|[from] Sandstorm\n|-fieldend|move: Gravity\n|-fieldend|Misty Terrain\n|upkeep\n|turn|6\n|\n|t:|1636405381\n|switch|p1a: Excadrill|Excadrill, M|100\/100\n|switch|p2a: Chansey|Chansey, F|100\/100\n|\n|-weather|none\n|upkeep\n|turn|7\n|\n|t:|1636405390\n|move|p1a: Excadrill|Earthquake|p2a: Chansey\n|-damage|p2a: Chansey|40\/100\n|move|p2a: Chansey|Wish|p2a: Chansey\n|\n|upkeep\n|turn|8\n|\n|t:|1636405395\n|move|p2a: Chansey|Protect|p2a: Chansey\n|-singleturn|p2a: Chansey|Protect\n|move|p1a: Excadrill|Earthquake|p2a: Chansey\n|-activate|p2a: Chansey|move: Protect\n|\n|-heal|p2a: Chansey|90\/100|[from] move: Wish|[wisher] Chansey\n|upkeep\n|turn|9\n|\n|t:|1636405398\n|switch|p2a: Quagsire|Quagsire, M|100\/100\n|move|p1a: Excadrill|Earthquake|p2a: Quagsire\n|-damage|p2a: Quagsire|36\/100\n|\n|-heal|p2a: Quagsire|42\/100|[from] item: Leftovers\n|upkeep\n|turn|10\n|-message|kokoukohiro forfeited.\n|\n|win|Kyerndo\n|raw|Kyerndo's rating: 1522 &rarr; <strong>1540<\/strong><br \/>(+18 for winning)\n|raw|kokoukohiro's rating: 1484 &rarr; <strong>1466<\/strong><br \/>(-18 for losing)\n|l|\u2606kokoukohiro\n||Ladder isn't responding, score probably updated but might not have (Request timeout).\n","uploadtime":1636405416,"views":17,"p1id":"kyerndo","p2id":"kokoukohiro","formatid":"gen8ou","rating":1466,"private":0,"password":null}