{"id":"gen8ou-1590120900","p1":"fishy8995","p2":"Falcon andisex","format":"gen8ou","log":"|j|\u2606fishy8995\n|j|\u2606Falcon andisex\n|t:|1654481289\n|gametype|singles\n|player|p1|fishy8995|2|1710\n|player|p2|Falcon andisex|169|1641\n|teamsize|p1|6\n|teamsize|p2|6\n|gen|8\n|tier|[Gen 8] OU\n|rated|\n|rule|Sleep Clause Mod: Limit one foe put to sleep\n|rule|Species Clause: Limit one of each Pok\u00e9mon\n|rule|OHKO Clause: OHKO moves are banned\n|rule|Evasion Moves Clause: Evasion moves are banned\n|rule|Endless Battle Clause: Forcing endless battles is banned\n|rule|HP Percentage Mod: HP is shown in percentages\n|rule|Dynamax Clause: You cannot dynamax\n|clearpoke\n|poke|p1|Hippowdon, F|\n|poke|p1|Tyranitar, M|\n|poke|p1|Excadrill, F|\n|poke|p1|Dhelmise|\n|poke|p1|Toxapex, F|\n|poke|p1|Dracozolt|\n|poke|p2|Zapdos|\n|poke|p2|Tornadus-Therian, M|\n|poke|p2|Urshifu-*, M|\n|poke|p2|Landorus-Therian, M|\n|poke|p2|Hydreigon, M|\n|poke|p2|Toxapex, F|\n|teampreview\n|j| Altmelmeddle\n|\n|t:|1654481310\n|start\n|switch|p1a: Hippowdon|Hippowdon, F|100\/100\n|switch|p2a: thor|Tornadus-Therian, M|100\/100\n|-weather|Sandstorm|[from] ability: Sand Stream|[of] p1a: Hippowdon\n|turn|1\n|l| Altmelmeddle\n|\n|t:|1654481319\n|move|p2a: thor|Hurricane|p1a: Hippowdon\n|-damage|p1a: Hippowdon|24\/100\n|-start|p1a: Hippowdon|confusion\n|-activate|p1a: Hippowdon|confusion\n|-damage|p1a: Hippowdon|19\/100|[from] confusion\n|\n|-weather|Sandstorm|[upkeep]\n|-damage|p2a: thor|94\/100|[from] Sandstorm\n|upkeep\n|turn|2\n|\n|t:|1654481331\n|switch|p2a: Urshifu|Urshifu-Rapid-Strike, M|100\/100\n|switch|p1a: Toxapex|Toxapex, F|100\/100\n|\n|-weather|Sandstorm|[upkeep]\n|-damage|p2a: Urshifu|94\/100|[from] Sandstorm\n|-damage|p1a: Toxapex|94\/100|[from] Sandstorm\n|-heal|p1a: Toxapex|100\/100|[from] item: Black Sludge\n|upkeep\n|turn|3\n|\n|t:|1654481336\n|move|p2a: Urshifu|U-turn|p1a: Toxapex\n|-resisted|p1a: Toxapex\n|-damage|p1a: Toxapex|91\/100\n|\n|t:|1654481343\n|switch|p2a: Hydreigon|Hydreigon, M|100\/100|[from]move: U-turn\n|move|p1a: Toxapex|Stockpile|p1a: Toxapex\n|-start|p1a: Toxapex|stockpile1\n|-boost|p1a: Toxapex|def|1\n|-boost|p1a: Toxapex|spd|1\n|\n|-weather|Sandstorm|[upkeep]\n|-damage|p2a: Hydreigon|94\/100|[from] Sandstorm\n|-damage|p1a: Toxapex|84\/100|[from] Sandstorm\n|-heal|p2a: Hydreigon|100\/100|[from] item: Leftovers\n|-heal|p1a: Toxapex|91\/100|[from] item: Black Sludge\n|upkeep\n|turn|4\n|\n|t:|1654481349\n|switch|p2a: In The Gutter|Toxapex, F|100\/100\n|move|p1a: Toxapex|Toxic|p2a: In The Gutter\n|-immune|p2a: In The Gutter\n|\n|-weather|Sandstorm|[upkeep]\n|-damage|p1a: Toxapex|84\/100|[from] Sandstorm\n|-damage|p2a: In The Gutter|94\/100|[from] Sandstorm\n|-heal|p1a: Toxapex|91\/100|[from] item: Black Sludge\n|upkeep\n|turn|5\n|\n|t:|1654481368\n|switch|p1a: Dhelmise|Dhelmise|100\/100\n|move|p2a: In The Gutter|Scald|p1a: Dhelmise\n|-resisted|p1a: Dhelmise\n|-damage|p1a: Dhelmise|92\/100\n|\n|-weather|Sandstorm|[upkeep]\n|-damage|p1a: Dhelmise|86\/100|[from] Sandstorm\n|-damage|p2a: In The Gutter|88\/100|[from] Sandstorm\n|-heal|p1a: Dhelmise|92\/100|[from] item: Leftovers\n|upkeep\n|turn|6\n|\n|t:|1654481375\n|move|p1a: Dhelmise|Anchor Shot|p2a: In The Gutter\n|-resisted|p2a: In The Gutter\n|-damage|p2a: In The Gutter|74\/100\n|-activate|p2a: In The Gutter|trapped\n|-damage|p1a: Dhelmise|75\/100|[from] item: Rocky Helmet|[of] p2a: In The Gutter\n|move|p2a: In The Gutter|Scald|p1a: Dhelmise\n|-resisted|p1a: Dhelmise\n|-damage|p1a: Dhelmise|66\/100\n|\n|-weather|Sandstorm|[upkeep]\n|-damage|p1a: Dhelmise|60\/100|[from] Sandstorm\n|-damage|p2a: In The Gutter|68\/100|[from] Sandstorm\n|-heal|p1a: Dhelmise|66\/100|[from] item: Leftovers\n|upkeep\n|turn|7\n|\n|t:|1654481381\n|move|p1a: Dhelmise|Poltergeist|p2a: In The Gutter\n|-activate|p2a: In The Gutter|move: Poltergeist|Rocky Helmet\n|-damage|p2a: In The Gutter|25\/100\n|move|p2a: In The Gutter|Scald|p1a: Dhelmise\n|-resisted|p1a: Dhelmise\n|-damage|p1a: Dhelmise|57\/100\n|-status|p1a: Dhelmise|brn\n|\n|-weather|Sandstorm|[upkeep]\n|-damage|p1a: Dhelmise|51\/100 brn|[from] Sandstorm\n|-damage|p2a: In The Gutter|19\/100|[from] Sandstorm\n|-heal|p1a: Dhelmise|57\/100 brn|[from] item: Leftovers\n|-damage|p1a: Dhelmise|51\/100 brn|[from] brn\n|upkeep\n|turn|8\n|\n|t:|1654481389\n|move|p1a: Dhelmise|Poltergeist|p2a: In The Gutter\n|-activate|p2a: In The Gutter|move: Poltergeist|Rocky Helmet\n|-damage|p2a: In The Gutter|0 fnt\n|faint|p2a: In The Gutter\n|\n|-weather|none\n|-heal|p1a: Dhelmise|57\/100 brn|[from] item: Leftovers\n|-damage|p1a: Dhelmise|51\/100 brn|[from] brn\n|upkeep\n|\n|t:|1654481394\n|switch|p2a: thor|Tornadus-Therian, M|100\/100\n|turn|9\n|\n|t:|1654481403\n|switch|p1a: Hippowdon|Hippowdon, F|19\/100\n|-weather|Sandstorm|[from] ability: Sand Stream|[of] p1a: Hippowdon\n|move|p2a: thor|Focus Blast|p1a: Hippowdon|[miss]\n|-miss|p2a: thor|p1a: Hippowdon\n|\n|-weather|Sandstorm|[upkeep]\n|-damage|p2a: thor|94\/100|[from] Sandstorm\n|upkeep\n|turn|10\n|\n|t:|1654481411\n|move|p2a: thor|Focus Blast|p1a: Hippowdon\n|-damage|p1a: Hippowdon|0 fnt\n|faint|p1a: Hippowdon\n|\n|-weather|Sandstorm|[upkeep]\n|-damage|p2a: thor|88\/100|[from] Sandstorm\n|upkeep\n|\n|t:|1654481415\n|switch|p1a: Excadrill|Excadrill, F|100\/100\n|turn|11\n|\n|t:|1654481423\n|move|p1a: Excadrill|Swords Dance|p1a: Excadrill\n|-boost|p1a: Excadrill|atk|2\n|move|p2a: thor|Focus Blast|p1a: Excadrill\n|-supereffective|p1a: Excadrill\n|-enditem|p1a: Excadrill|Focus Sash\n|-damage|p1a: Excadrill|1\/100\n|\n|-weather|Sandstorm|[upkeep]\n|-damage|p2a: thor|82\/100|[from] Sandstorm\n|upkeep\n|turn|12\n|\n|t:|1654481431\n|switch|p2a: Landorus|Landorus-Therian, M|100\/100\n|-ability|p2a: Landorus|Intimidate|boost\n|-unboost|p1a: Excadrill|atk|1\n|move|p1a: Excadrill|Iron Head|p2a: Landorus\n|-damage|p2a: Landorus|35\/100\n|\n|-weather|Sandstorm|[upkeep]\n|-heal|p2a: Landorus|41\/100|[from] item: Leftovers\n|upkeep\n|turn|13\n|\n|t:|1654481435\n|move|p1a: Excadrill|Iron Head|p2a: Landorus\n|-damage|p2a: Landorus|0 fnt\n|faint|p2a: Landorus\n|\n|-weather|Sandstorm|[upkeep]\n|upkeep\n|\n|t:|1654481439\n|switch|p2a: zap|Zapdos|100\/100\n|turn|14\n|\n|t:|1654481443\n|move|p1a: Excadrill|Rock Slide|p2a: zap\n|-supereffective|p2a: zap\n|-damage|p2a: zap|0 fnt\n|faint|p2a: zap\n|\n|-weather|Sandstorm|[upkeep]\n|upkeep\n|-message|Falcon andisex forfeited.\n|\n|win|fishy8995\n|raw|fishy8995's rating: 1693 &rarr; <strong>1710<\/strong><br \/>(+17 for winning)\n|raw|Falcon andisex's rating: 1641 &rarr; <strong>1624<\/strong><br \/>(-17 for losing)\n|l|\u2606Falcon andisex\n||Ladder isn't responding, score probably updated but might not have (Request timeout).\n|l|\u2606fishy8995\n","uploadtime":1654481648,"views":19,"p1id":"fishy8995","p2id":"falconandisex","formatid":"gen8ou","rating":1624,"private":0,"password":null}