{"id":"gen8ou-1540821267","p1":"Infernoss","p2":"SSBM Clefairy","format":"gen8ou","log":"|j|\u2606Infernoss\n|j|\u2606SSBM Clefairy\n|t:|1648498027\n|gametype|singles\n|player|p1|Infernoss|chili|1738\n|player|p2|SSBM Clefairy|169|1856\n|teamsize|p1|6\n|teamsize|p2|6\n|gen|8\n|tier|[Gen 8] OU\n|rated|\n|rule|Sleep Clause Mod: Limit one foe put to sleep\n|rule|Species Clause: Limit one of each Pok\u00e9mon\n|rule|OHKO Clause: OHKO moves are banned\n|rule|Evasion Moves Clause: Evasion moves are banned\n|rule|Endless Battle Clause: Forcing endless battles is banned\n|rule|HP Percentage Mod: HP is shown in percentages\n|rule|Dynamax Clause: You cannot dynamax\n|clearpoke\n|poke|p1|Slowbro, M|\n|poke|p1|Hatterene, F|\n|poke|p1|Marowak-Alola, M|\n|poke|p1|Ferrothorn, M|\n|poke|p1|Garchomp, F|\n|poke|p1|Drampa, F|\n|poke|p2|Tyranitar, M|\n|poke|p2|Excadrill, M|\n|poke|p2|Zapdos|\n|poke|p2|Ferrothorn, F|\n|poke|p2|Urshifu-*, M|\n|poke|p2|Tapu Lele|\n|teampreview\n|\n|t:|1648498065\n|start\n|switch|p1a: Sharpo|Garchomp, F|100\/100\n|switch|p2a: Urshifu|Urshifu-Rapid-Strike, M|100\/100\n|turn|1\n|inactive|Battle timer is ON: inactive players will automatically lose when time's up. (requested by Infernoss)\n|\n|t:|1648498081\n|switch|p1a: Sonso|Slowbro, M|100\/100\n|move|p2a: Urshifu|Surging Strikes|p1a: Sonso\n|-resisted|p1a: Sonso\n|-crit|p1a: Sonso\n|-damage|p1a: Sonso|95\/100\n|-resisted|p1a: Sonso\n|-crit|p1a: Sonso\n|-damage|p1a: Sonso|89\/100\n|-resisted|p1a: Sonso\n|-crit|p1a: Sonso\n|-damage|p1a: Sonso|84\/100\n|-hitcount|p1a: Sonso|3\n|\n|upkeep\n|turn|2\n|\n|t:|1648498092\n|move|p2a: Urshifu|Taunt|p1a: Sonso\n|-start|p1a: Sonso|move: Taunt\n|move|p1a: Sonso|Body Press|p2a: Urshifu\n|-damage|p2a: Urshifu|72\/100\n|\n|upkeep\n|turn|3\n|\n|t:|1648498098\n|move|p2a: Urshifu|U-turn|p1a: Sonso\n|-supereffective|p1a: Sonso\n|-damage|p1a: Sonso|54\/100\n|\n|t:|1648498101\n|switch|p2a: Zapdos|Zapdos|100\/100|[from]move: U-turn\n|move|p1a: Sonso|Scald|p2a: Zapdos\n|-damage|p2a: Zapdos|74\/100\n|\n|upkeep\n|turn|4\n|\n|t:|1648498107\n|switch|p1a: Thorns|Ferrothorn, M|100\/100\n|move|p2a: Zapdos|Hurricane|p1a: Thorns\n|-damage|p1a: Thorns|73\/100\n|\n|upkeep\n|turn|5\n|\n|t:|1648498114\n|move|p2a: Zapdos|Heat Wave|p1a: Thorns\n|-supereffective|p1a: Thorns\n|-damage|p1a: Thorns|3\/100\n|move|p1a: Thorns|Stealth Rock|p2a: Zapdos\n|-sidestart|p2: SSBM Clefairy|move: Stealth Rock\n|\n|upkeep\n|turn|6\n|\n|t:|1648498120\n|switch|p1a: Sharpo|Garchomp, F|100\/100\n|move|p2a: Zapdos|Hurricane|p1a: Sharpo\n|-damage|p1a: Sharpo|53\/100\n|-start|p1a: Sharpo|confusion\n|\n|-heal|p1a: Sharpo|59\/100|[from] item: Leftovers\n|upkeep\n|turn|7\n|\n|t:|1648498129\n|-activate|p1a: Sharpo|confusion\n|move|p1a: Sharpo|Stone Edge|p2a: Zapdos\n|-supereffective|p2a: Zapdos\n|-damage|p2a: Zapdos|21\/100\n|move|p2a: Zapdos|Hurricane|p1a: Sharpo\n|-damage|p1a: Sharpo|11\/100\n|\n|-heal|p1a: Sharpo|17\/100|[from] item: Leftovers\n|upkeep\n|turn|8\n|\n|t:|1648498137\n|-activate|p1a: Sharpo|confusion\n|move|p1a: Sharpo|Scale Shot|p2a: Zapdos\n|-damage|p2a: Zapdos|11\/100\n|-damage|p2a: Zapdos|1\/100\n|-damage|p2a: Zapdos|0 fnt\n|faint|p2a: Zapdos\n|-hitcount|p2: Zapdos|3\n|-unboost|p1a: Sharpo|def|1\n|-boost|p1a: Sharpo|spe|1\n|\n|-heal|p1a: Sharpo|23\/100|[from] item: Leftovers\n|upkeep\n|\n|t:|1648498141\n|switch|p2a: Ferrothorn|Ferrothorn, F|100\/100\n|-damage|p2a: Ferrothorn|94\/100|[from] Stealth Rock\n|turn|9\n|\n|t:|1648498151\n|switch|p1a: Hatterene|Hatterene, F|100\/100\n|move|p2a: Ferrothorn|Body Press|p1a: Hatterene\n|-resisted|p1a: Hatterene\n|-damage|p1a: Hatterene|94\/100\n|\n|-heal|p2a: Ferrothorn|100\/100|[from] item: Leftovers\n|upkeep\n|turn|10\n|\n|t:|1648498161\n|switch|p2a: Tyranitar|Tyranitar, M|100\/100\n|-damage|p2a: Tyranitar|88\/100|[from] Stealth Rock\n|-weather|Sandstorm|[from] ability: Sand Stream|[of] p2a: Tyranitar\n|move|p1a: Hatterene|Mystical Fire|p2a: Tyranitar\n|-resisted|p2a: Tyranitar\n|-damage|p2a: Tyranitar|81\/100\n|-unboost|p2a: Tyranitar|spa|1\n|\n|-weather|Sandstorm|[upkeep]\n|-damage|p1a: Hatterene|88\/100|[from] Sandstorm\n|upkeep\n|turn|11\n|\n|t:|1648498173\n|switch|p1a: Thorns|Ferrothorn, M|3\/100\n|move|p2a: Tyranitar|Crunch|p1a: Thorns\n|-damage|p1a: Thorns|0 fnt\n|-damage|p2a: Tyranitar|69\/100|[from] ability: Iron Barbs|[of] p1a: Thorns\n|faint|p1a: Thorns\n|\n|-weather|Sandstorm|[upkeep]\n|upkeep\n|\n|t:|1648498181\n|switch|p1a: Sharpo|Garchomp, F|23\/100\n|turn|12\n|j| name of usern't\n|\n|t:|1648498193\n|switch|p2a: Ferrothorn|Ferrothorn, F|100\/100\n|-damage|p2a: Ferrothorn|94\/100|[from] Stealth Rock\n|move|p1a: Sharpo|Earthquake|p2a: Ferrothorn\n|-damage|p2a: Ferrothorn|53\/100\n|\n|-weather|Sandstorm|[upkeep]\n|-heal|p1a: Sharpo|29\/100|[from] item: Leftovers\n|-heal|p2a: Ferrothorn|60\/100|[from] item: Leftovers\n|upkeep\n|turn|13\n|\n|t:|1648498203\n|switch|p1a: Hatterene|Hatterene, F|88\/100\n|move|p2a: Ferrothorn|Body Press|p1a: Hatterene\n|-resisted|p1a: Hatterene\n|-damage|p1a: Hatterene|81\/100\n|\n|-weather|Sandstorm|[upkeep]\n|-damage|p1a: Hatterene|75\/100|[from] Sandstorm\n|-heal|p2a: Ferrothorn|66\/100|[from] item: Leftovers\n|upkeep\n|turn|14\n|j| 0SiegeWarfare\n|\n|t:|1648498218\n|move|p2a: Ferrothorn|Knock Off|p1a: Hatterene\n|-damage|p1a: Hatterene|53\/100\n|-enditem|p1a: Hatterene|Kasib Berry|[from] move: Knock Off|[of] p2a: Ferrothorn\n|move|p1a: Hatterene|Trick Room|p1a: Hatterene\n|-fieldstart|move: Trick Room|[of] p1a: Hatterene\n|\n|-weather|none\n|-heal|p2a: Ferrothorn|72\/100|[from] item: Leftovers\n|upkeep\n|turn|15\n|\n|t:|1648498227\n|switch|p1a: Falko|Drampa, F|100\/100\n|move|p2a: Ferrothorn|Knock Off|p1a: Falko\n|-damage|p1a: Falko|75\/100\n|-enditem|p1a: Falko|Expert Belt|[from] move: Knock Off|[of] p2a: Ferrothorn\n|\n|-heal|p2a: Ferrothorn|78\/100|[from] item: Leftovers\n|upkeep\n|turn|16\n|j| Celtis\n|\n|t:|1648498235\n|switch|p2a: Tapu Lele|Tapu Lele|100\/100\n|-damage|p2a: Tapu Lele|88\/100|[from] Stealth Rock\n|-fieldstart|move: Psychic Terrain|[from] ability: Psychic Surge|[of] p2a: Tapu Lele\n|move|p1a: Falko|Focus Blast|p2a: Tapu Lele\n|-resisted|p2a: Tapu Lele\n|-damage|p2a: Tapu Lele|76\/100\n|\n|upkeep\n|turn|17\n|\n|t:|1648498245\n|switch|p1a: Billy B.|Marowak-Alola, M|100\/100\n|switch|p2a: Tyranitar|Tyranitar, M|69\/100\n|-damage|p2a: Tyranitar|56\/100|[from] Stealth Rock\n|-weather|Sandstorm|[from] ability: Sand Stream|[of] p2a: Tyranitar\n|\n|-weather|Sandstorm|[upkeep]\n|-damage|p1a: Billy B.|94\/100|[from] Sandstorm\n|upkeep\n|turn|18\n|\n|t:|1648498258\n|move|p1a: Billy B.|Flare Blitz|p2a: Tyranitar\n|-resisted|p2a: Tyranitar\n|-damage|p2a: Tyranitar|8\/100\n|move|p2a: Tyranitar|Crunch|p1a: Billy B.\n|-supereffective|p1a: Billy B.\n|-damage|p1a: Billy B.|0 fnt\n|faint|p1a: Billy B.\n|\n|-weather|Sandstorm|[upkeep]\n|-fieldend|move: Trick Room\n|upkeep\n|\n|t:|1648498271\n|switch|p1a: Sharpo|Garchomp, F|29\/100\n|turn|19\n|\n|t:|1648498277\n|switch|p2a: Tapu Lele|Tapu Lele|76\/100\n|-damage|p2a: Tapu Lele|63\/100|[from] Stealth Rock\n|move|p1a: Sharpo|Earthquake|p2a: Tapu Lele\n|-damage|p2a: Tapu Lele|0 fnt\n|faint|p2a: Tapu Lele\n|\n|-weather|Sandstorm|[upkeep]\n|-heal|p1a: Sharpo|35\/100|[from] item: Leftovers\n|upkeep\n|\n|t:|1648498280\n|switch|p2a: Excadrill|Excadrill, M|100\/100\n|-damage|p2a: Excadrill|97\/100|[from] Stealth Rock\n|turn|20\n|\n|t:|1648498290\n|move|p2a: Excadrill|Earthquake|p1a: Sharpo\n|-damage|p1a: Sharpo|0 fnt\n|faint|p1a: Sharpo\n|\n|-weather|Sandstorm|[upkeep]\n|-fieldend|move: Psychic Terrain\n|upkeep\n|\n|t:|1648498295\n|switch|p1a: Sonso|Slowbro, M|87\/100\n|turn|21\n|\n|t:|1648498301\n|move|p2a: Excadrill|Earthquake|p1a: Sonso\n|-damage|p1a: Sonso|39\/100\n|move|p1a: Sonso|Scald|p2a: Excadrill\n|-supereffective|p2a: Excadrill\n|-damage|p2a: Excadrill|29\/100\n|\n|-weather|none\n|upkeep\n|turn|22\n|\n|t:|1648498309\n|switch|p1a: Falko|Drampa, F|75\/100\n|move|p2a: Excadrill|Earthquake|p1a: Falko\n|-damage|p1a: Falko|0 fnt\n|faint|p1a: Falko\n|\n|upkeep\n|\n|t:|1648498315\n|switch|p1a: Sonso|Slowbro, M|72\/100\n|turn|23\n|\n|t:|1648498321\n|switch|p2a: Ferrothorn|Ferrothorn, F|78\/100\n|-damage|p2a: Ferrothorn|72\/100|[from] Stealth Rock\n|move|p1a: Sonso|Slack Off|p1a: Sonso\n|-heal|p1a: Sonso|100\/100\n|\n|-heal|p2a: Ferrothorn|78\/100|[from] item: Leftovers\n|upkeep\n|turn|24\n|\n|t:|1648498336\n|move|p2a: Ferrothorn|Stealth Rock|p1a: Sonso\n|-sidestart|p1: Infernoss|move: Stealth Rock\n|move|p1a: Sonso|Body Press|p2a: Ferrothorn\n|-supereffective|p2a: Ferrothorn\n|-damage|p2a: Ferrothorn|36\/100\n|-damage|p1a: Sonso|88\/100|[from] ability: Iron Barbs|[of] p2a: Ferrothorn\n|\n|-heal|p2a: Ferrothorn|42\/100|[from] item: Leftovers\n|upkeep\n|turn|25\n|\n|t:|1648498348\n|move|p2a: Ferrothorn|Knock Off|p1a: Sonso\n|-supereffective|p1a: Sonso\n|-enditem|p1a: Sonso|Colbur Berry|[eat]\n|-enditem|p1a: Sonso|Colbur Berry|[weaken]\n|-damage|p1a: Sonso|75\/100\n|move|p1a: Sonso|Body Press|p2a: Ferrothorn\n|-supereffective|p2a: Ferrothorn\n|-damage|p2a: Ferrothorn|3\/100\n|-damage|p1a: Sonso|62\/100|[from] ability: Iron Barbs|[of] p2a: Ferrothorn\n|\n|-heal|p2a: Ferrothorn|10\/100|[from] item: Leftovers\n|upkeep\n|turn|26\n|\n|t:|1648498362\n|switch|p1a: Hatterene|Hatterene, F|53\/100\n|-damage|p1a: Hatterene|40\/100|[from] Stealth Rock\n|move|p2a: Ferrothorn|Leech Seed|p1a: Hatterene\n|move|p1a: Hatterene|Leech Seed|p2a: Ferrothorn|[from]ability: Magic Bounce\n|-immune|p2a: Ferrothorn\n|\n|-heal|p2a: Ferrothorn|16\/100|[from] item: Leftovers\n|upkeep\n|turn|27\n|j| Zombini62\n|j| loistor\n|\n|t:|1648498376\n|move|p1a: Hatterene|Mystical Fire|p2a: Ferrothorn\n|-supereffective|p2a: Ferrothorn\n|-damage|p2a: Ferrothorn|0 fnt\n|faint|p2a: Ferrothorn\n|\n|upkeep\n|\n|t:|1648498378\n|switch|p2a: Excadrill|Excadrill, M|29\/100\n|-damage|p2a: Excadrill|26\/100|[from] Stealth Rock\n|turn|28\n|\n|t:|1648498386\n|move|p2a: Excadrill|Earthquake|p1a: Hatterene\n|-crit|p1a: Hatterene\n|-damage|p1a: Hatterene|0 fnt\n|faint|p1a: Hatterene\n|\n|upkeep\n|\n|t:|1648498391\n|switch|p1a: Sonso|Slowbro, M|95\/100\n|-damage|p1a: Sonso|83\/100|[from] Stealth Rock\n|turn|29\n|\n|t:|1648498398\n|switch|p2a: Urshifu|Urshifu-Rapid-Strike, M|72\/100\n|-damage|p2a: Urshifu|66\/100|[from] Stealth Rock\n|move|p1a: Sonso|Trick Room|p1a: Sonso\n|-fieldstart|move: Trick Room|[of] p1a: Sonso\n|\n|upkeep\n|turn|30\n|\n|t:|1648498408\n|move|p1a: Sonso|Body Press|p2a: Urshifu\n|-damage|p2a: Urshifu|40\/100\n|move|p2a: Urshifu|Surging Strikes|p1a: Sonso\n|-resisted|p1a: Sonso\n|-crit|p1a: Sonso\n|-damage|p1a: Sonso|77\/100\n|-resisted|p1a: Sonso\n|-crit|p1a: Sonso\n|-damage|p1a: Sonso|72\/100\n|-resisted|p1a: Sonso\n|-crit|p1a: Sonso\n|-damage|p1a: Sonso|66\/100\n|-hitcount|p1a: Sonso|3\n|\n|upkeep\n|turn|31\n|\n|t:|1648498422\n|move|p1a: Sonso|Scald|p2a: Urshifu\n|-resisted|p2a: Urshifu\n|-damage|p2a: Urshifu|18\/100\n|move|p2a: Urshifu|Surging Strikes|p1a: Sonso\n|-resisted|p1a: Sonso\n|-crit|p1a: Sonso\n|-damage|p1a: Sonso|60\/100\n|-resisted|p1a: Sonso\n|-crit|p1a: Sonso\n|-damage|p1a: Sonso|54\/100\n|-resisted|p1a: Sonso\n|-crit|p1a: Sonso\n|-damage|p1a: Sonso|48\/100\n|-hitcount|p1a: Sonso|3\n|\n|upkeep\n|turn|32\n|l| Zombini62\n|\n|t:|1648498436\n|move|p1a: Sonso|Body Press|p2a: Urshifu\n|-damage|p2a: Urshifu|0 fnt\n|faint|p2a: Urshifu\n|\n|upkeep\n|\n|t:|1648498440\n|switch|p2a: Excadrill|Excadrill, M|26\/100\n|-damage|p2a: Excadrill|23\/100|[from] Stealth Rock\n|turn|33\n|j| Kronus9\n|\n|t:|1648498444\n|move|p1a: Sonso|Slack Off|p1a: Sonso\n|-heal|p1a: Sonso|98\/100\n|move|p2a: Excadrill|Rapid Spin|p1a: Sonso\n|-damage|p1a: Sonso|79\/100\n|-boost|p2a: Excadrill|spe|1\n|-sideend|p2: SSBM Clefairy|Stealth Rock|[from] move: Rapid Spin|[of] p2a: Excadrill\n|\n|-fieldend|move: Trick Room\n|upkeep\n|turn|34\n|j| Zombini62\n|\n|t:|1648498455\n|switch|p2a: Tyranitar|Tyranitar, M|8\/100\n|-weather|Sandstorm|[from] ability: Sand Stream|[of] p2a: Tyranitar\n|move|p1a: Sonso|Trick Room|p1a: Sonso\n|-fieldstart|move: Trick Room|[of] p1a: Sonso\n|\n|-weather|Sandstorm|[upkeep]\n|-damage|p1a: Sonso|73\/100|[from] Sandstorm\n|upkeep\n|turn|35\n|\n|t:|1648498463\n|move|p1a: Sonso|Scald|p2a: Tyranitar\n|-supereffective|p2a: Tyranitar\n|-damage|p2a: Tyranitar|0 fnt\n|faint|p2a: Tyranitar\n|\n|-weather|Sandstorm|[upkeep]\n|-damage|p1a: Sonso|67\/100|[from] Sandstorm\n|upkeep\n|-message|SSBM Clefairy forfeited.\n|\n|win|Infernoss\n|raw|Infernoss's rating: 1738 &rarr; <strong>1765<\/strong><br \/>(+27 for winning)\n|raw|SSBM Clefairy's rating: 1856 &rarr; <strong>1829<\/strong><br \/>(-27 for losing)\n|l|\u2606SSBM Clefairy\n|l| Kronus9\n|l| Zombini62\n|l| loistor\n|l| name of usern't\n||Ladder isn't responding, score probably updated but might not have (Request timeout).\n","uploadtime":1648498472,"views":191,"p1id":"infernoss","p2id":"ssbmclefairy","formatid":"gen8ou","rating":1765,"private":0,"password":null}