{"id":"gen8doublesou-1327542600","p1":"DLTXSbattonwinter\u2695","p2":"Lenape","format":"gen8doublesou","log":"|raw|<div class=\"broadcast-blue\"><strong>This battle is required to be public due to a player having a name starting with 'DLTXS'.<\/div>\n|j|\u2606DLTXSbattonwinter\u2695\n|j|\u2606Lenape\n|t:|1619205280\n|gametype|doubles\n|player|p1|DLTXSbattonwinter\u2695|marley|1600\n|player|p2|Lenape|266|1542\n|teamsize|p1|6\n|teamsize|p2|6\n|gen|8\n|tier|[Gen 8] Doubles OU\n|rated|\n|clearpoke\n|poke|p1|Marowak-Alola, F|\n|poke|p1|Cofagrigus, M|\n|poke|p1|Urshifu-*, M|\n|poke|p1|Tsareena, F|\n|poke|p1|Porygon2|\n|poke|p1|Celesteela|\n|poke|p2|Hatterene, F|\n|poke|p2|Aggron, F|\n|poke|p2|Gigalith, M|\n|poke|p2|Aron, L1, F|\n|poke|p2|Victini|\n|poke|p2|Togedemaru, L1, F|\n|rule|Species Clause: Limit one of each Pok\u00e9mon\n|rule|OHKO Clause: OHKO moves are banned\n|rule|Evasion Moves Clause: Evasion moves are banned\n|rule|Gravity Sleep Clause: The combination of sleep-inducing moves with imperfect accuracy and Gravity or Gigantamax Orbeetle are banned\n|rule|Endless Battle Clause: Forcing endless battles is banned\n|rule|HP Percentage Mod: HP is shown in percentages\n|rule|Dynamax Clause: You cannot dynamax\n|rule|Swagger Clause: Swagger is banned\n|teampreview\n|inactive|Battle timer is ON: inactive players will automatically lose when time's up. (requested by Lenape)\n|\n|t:|1619205291\n|start\n|switch|p1a: Urshifu|Urshifu-Rapid-Strike, M|100\/100\n|switch|p1b: Hax-ag\u00e3o II|Porygon2, shiny|100\/100\n|switch|p2a: Victini|Victini|100\/100\n|switch|p2b: Hatterene|Hatterene, F|100\/100\n|-ability|p1b: Hax-ag\u00e3o II|Download|boost\n|-boost|p1b: Hax-ag\u00e3o II|spa|1\n|turn|1\n|\n|t:|1619205298\n|move|p1b: Hax-ag\u00e3o II|Protect|p1b: Hax-ag\u00e3o II\n|-singleturn|p1b: Hax-ag\u00e3o II|Protect\n|move|p2a: Victini|Final Gambit|p1a: Urshifu\n|-enditem|p1a: Urshifu|Focus Sash\n|-damage|p1a: Urshifu|1\/100\n|faint|p2a: Victini\n|move|p1a: Urshifu|Surging Strikes|p2b: Hatterene\n|-crit|p2b: Hatterene\n|-damage|p2b: Hatterene|83\/100\n|-crit|p2b: Hatterene\n|-damage|p2b: Hatterene|64\/100\n|-crit|p2b: Hatterene\n|-damage|p2b: Hatterene|46\/100\n|-hitcount|p2b: Hatterene|3\n|move|p2b: Hatterene|Trick Room|p2b: Hatterene\n|-fieldstart|move: Trick Room|[of] p2b: Hatterene\n|\n|-heal|p2b: Hatterene|52\/100|[from] item: Leftovers\n|upkeep\n|\n|t:|1619205302\n|switch|p2a: Togedemaru|Togedemaru, L1, F|100\/100\n|turn|2\n|\n|t:|1619205327\n|switch|p1b: Mate Tea|Cofagrigus, M, shiny|100\/100\n|move|p2a: Togedemaru|Fake Out|p1a: Urshifu\n|-damage|p1a: Urshifu|0 fnt\n|faint|p1a: Urshifu\n|move|p2b: Hatterene|Calm Mind|p2b: Hatterene\n|-boost|p2b: Hatterene|spa|1\n|-boost|p2b: Hatterene|spd|1\n|\n|-heal|p2b: Hatterene|58\/100|[from] item: Leftovers\n|upkeep\n|inactive|DLTXSbattonwinter\u2695 has 120 seconds left.\n|\n|t:|1619205340\n|switch|p1a: Madame Machado|Tsareena, F|100\/100\n|turn|3\n|\n|t:|1619205346\n|move|p1a: Madame Machado|Protect|p1a: Madame Machado\n|-singleturn|p1a: Madame Machado|Protect\n|move|p2a: Togedemaru|Toxic|p1b: Mate Tea\n|-status|p1b: Mate Tea|tox\n|move|p2b: Hatterene|Calm Mind|p2b: Hatterene\n|-boost|p2b: Hatterene|spa|1\n|-boost|p2b: Hatterene|spd|1\n|move|p1b: Mate Tea|Trick Room|p1b: Mate Tea\n|-fieldend|move: Trick Room\n|\n|-heal|p2b: Hatterene|64\/100|[from] item: Leftovers\n|-damage|p1b: Mate Tea|94\/100 tox|[from] psn\n|upkeep\n|turn|4\n|\n|t:|1619205357\n|move|p2a: Togedemaru|Spiky Shield|p2a: Togedemaru\n|-singleturn|p2a: Togedemaru|move: Protect\n|move|p1a: Madame Machado|Triple Axel|p2a: Togedemaru\n|-activate|p2a: Togedemaru|move: Protect\n|-damage|p1a: Madame Machado|88\/100|[from] Spiky Shield|[of] p2a: Togedemaru\n|move|p1b: Mate Tea|Haze|p1b: Mate Tea\n|-clearallboost\n|move|p2b: Hatterene|Trick Room|p2b: Hatterene\n|-fieldstart|move: Trick Room|[of] p2b: Hatterene\n|\n|-heal|p2b: Hatterene|70\/100|[from] item: Leftovers\n|-damage|p1b: Mate Tea|82\/100 tox|[from] psn\n|upkeep\n|turn|5\n|\n|t:|1619205368\n|move|p2a: Togedemaru|Endeavor|p1a: Madame Machado\n|-damage|p1a: Madame Machado|4\/100\n|move|p2b: Hatterene|Calm Mind|p2b: Hatterene\n|-boost|p2b: Hatterene|spa|1\n|-boost|p2b: Hatterene|spd|1\n|move|p1a: Madame Machado|Triple Axel|p2a: Togedemaru\n|-resisted|p2a: Togedemaru\n|-ability|p2a: Togedemaru|Sturdy\n|-damage|p2a: Togedemaru|9\/100\n|-resisted|p2a: Togedemaru\n|-crit|p2a: Togedemaru\n|-damage|p2a: Togedemaru|0 fnt\n|-hitcount|p2a: Togedemaru|2\n|faint|p2a: Togedemaru\n|move|p1b: Mate Tea|Trick Room|p1b: Mate Tea\n|-fieldend|move: Trick Room\n|\n|-heal|p2b: Hatterene|76\/100|[from] item: Leftovers\n|-damage|p1b: Mate Tea|64\/100 tox|[from] psn\n|upkeep\n|\n|t:|1619205373\n|switch|p2a: Gigalith|Gigalith, M|100\/100\n|-weather|Sandstorm|[from] ability: Sand Stream|[of] p2a: Gigalith\n|turn|6\n|\n|t:|1619205383\n|move|p1a: Madame Machado|Power Whip|p2b: Hatterene\n|-damage|p2b: Hatterene|23\/100\n|move|p1b: Mate Tea|Shadow Ball|p2b: Hatterene\n|-supereffective|p2b: Hatterene\n|-damage|p2b: Hatterene|0 fnt\n|faint|p2b: Hatterene\n|move|p2a: Gigalith|Stone Edge|p1b: Mate Tea\n|-crit|p1b: Mate Tea\n|-damage|p1b: Mate Tea|6\/100 tox\n|\n|-weather|Sandstorm|[upkeep]\n|-damage|p1a: Madame Machado|0 fnt|[from] Sandstorm\n|-damage|p1b: Mate Tea|0 fnt|[from] Sandstorm\n|faint|p1a: Madame Machado\n|faint|p1b: Mate Tea\n|upkeep\n|\n|t:|1619205404\n|switch|p1a: Kaguya's Spaceship|Celesteela, shiny|100\/100\n|switch|p1b: Hax-ag\u00e3o II|Porygon2, shiny|100\/100\n|switch|p2b: Aggron|Aggron, F|100\/100\n|-ability|p1b: Hax-ag\u00e3o II|Download|boost\n|-boost|p1b: Hax-ag\u00e3o II|spa|1\n|turn|7\n|\n|t:|1619205425\n|move|p1a: Kaguya's Spaceship|Flash Cannon|p2b: Aggron\n|-damage|p2b: Aggron|48\/100\n|-damage|p1a: Kaguya's Spaceship|91\/100|[from] item: Life Orb\n|move|p1b: Hax-ag\u00e3o II|Ice Beam|p2b: Aggron\n|-resisted|p2b: Aggron\n|-crit|p2b: Aggron\n|-damage|p2b: Aggron|16\/100\n|move|p2b: Aggron|Heavy Slam|p1b: Hax-ag\u00e3o II\n|-damage|p1b: Hax-ag\u00e3o II|64\/100\n|move|p2a: Gigalith|Stone Edge|p1b: Hax-ag\u00e3o II\n|-crit|p1b: Hax-ag\u00e3o II\n|-damage|p1b: Hax-ag\u00e3o II|6\/100\n|\n|-weather|Sandstorm|[upkeep]\n|-damage|p1b: Hax-ag\u00e3o II|0 fnt|[from] Sandstorm\n|faint|p1b: Hax-ag\u00e3o II\n|upkeep\n|inactive|DLTXSbattonwinter\u2695 has 120 seconds left.\n|\n|t:|1619205442\n|switch|p1b: KACHAW!!!|Marowak-Alola, F|100\/100\n|turn|8\n|inactive|Lenape has 120 seconds left.\n|-enditem|p2b: Aggron|Custap Berry|[eat]\n|-activate|p2b: Aggron|item: Custap Berry|[consumed]\n|\n|t:|1619205488\n|move|p1b: KACHAW!!!|Detect|p1b: KACHAW!!!\n|-singleturn|p1b: KACHAW!!!|Protect\n|move|p2b: Aggron|Earthquake|p1a: Kaguya's Spaceship|[spread] p2a\n|-activate|p1b: KACHAW!!!|move: Protect\n|-immune|p1a: Kaguya's Spaceship\n|-supereffective|p2a: Gigalith\n|-damage|p2a: Gigalith|65\/100\n|move|p1a: Kaguya's Spaceship|Flash Cannon|p2b: Aggron\n|-damage|p2b: Aggron|0 fnt\n|-damage|p1a: Kaguya's Spaceship|81\/100|[from] item: Life Orb\n|faint|p2b: Aggron\n|-ability|p1a: Kaguya's Spaceship|Beast Boost|boost\n|-boost|p1a: Kaguya's Spaceship|spa|1\n|move|p2a: Gigalith|Earthquake|p1b: KACHAW!!!|[spread] \n|-activate|p1b: KACHAW!!!|move: Protect\n|-immune|p1a: Kaguya's Spaceship\n|\n|-weather|Sandstorm|[upkeep]\n|-damage|p1b: KACHAW!!!|94\/100|[from] Sandstorm\n|upkeep\n|\n|t:|1619205496\n|switch|p2b: Aron|Aron, L1, F|100\/100\n|turn|9\n|\n|t:|1619205512\n|move|p1a: Kaguya's Spaceship|Flash Cannon|p2a: Gigalith\n|-supereffective|p2a: Gigalith\n|-damage|p2a: Gigalith|0 fnt\n|-damage|p1a: Kaguya's Spaceship|71\/100|[from] item: Life Orb\n|faint|p2a: Gigalith\n|-ability|p1a: Kaguya's Spaceship|Beast Boost|boost\n|-boost|p1a: Kaguya's Spaceship|spa|1\n|move|p1b: KACHAW!!!|Bonemerang|p2b: Aron\n|-supereffective|p2b: Aron\n|-ability|p2b: Aron|Sturdy\n|-damage|p2b: Aron|9\/100\n|-supereffective|p2b: Aron\n|-damage|p2b: Aron|0 fnt\n|-hitcount|p2b: Aron|2\n|faint|p2b: Aron\n|\n|win|DLTXSbattonwinter\u2695\n|raw|DLTXSbattonwinter\u2695's rating: 1600 &rarr; <strong>1617<\/strong><br \/>(+17 for winning)\n|raw|Lenape's rating: 1542 &rarr; <strong>1525<\/strong><br \/>(-17 for losing)\n|l|\u2606Lenape\n||Ladder isn't responding, score probably updated but might not have (Request timeout).\n","uploadtime":1619205733,"views":24,"p1id":"dltxsbattonwinter","p2id":"lenape","formatid":"gen8doublesou","rating":1525,"private":0,"password":null}