{"id":"gen8ou-1626743083","p1":"epileptic shrub","p2":"Foolish Shogun","format":"gen8ou","log":"|j|\u2606epileptic shrub\n|j|\u2606Foolish Shogun\n|t:|1658968890\n|gametype|singles\n|player|p1|epileptic shrub|lillie-masters|1561\n|player|p2|Foolish Shogun|ghetsis-gen5bw|1612\n|teamsize|p1|6\n|teamsize|p2|6\n|gen|8\n|tier|[Gen 8] OU\n|rated|\n|rule|Sleep Clause Mod: Limit one foe put to sleep\n|rule|Species Clause: Limit one of each Pok\u00e9mon\n|rule|OHKO Clause: OHKO moves are banned\n|rule|Evasion Moves Clause: Evasion moves are banned\n|rule|Endless Battle Clause: Forcing endless battles is banned\n|rule|HP Percentage Mod: HP is shown in percentages\n|rule|Dynamax Clause: You cannot dynamax\n|clearpoke\n|poke|p1|Tapu Koko|\n|poke|p1|Victini|\n|poke|p1|Ferrothorn, M|\n|poke|p1|Landorus-Therian, M|\n|poke|p1|Slowbro, M|\n|poke|p1|Bisharp, M|\n|poke|p2|Mew|\n|poke|p2|Araquanid, F|\n|poke|p2|Dragapult, F|\n|poke|p2|Bisharp, F|\n|poke|p2|Tapu Fini|\n|poke|p2|Landorus-Therian, M|\n|teampreview\n|inactive|Battle timer is ON: inactive players will automatically lose when time's up. (requested by epileptic shrub)\n|\n|t:|1658968907\n|start\n|switch|p1a: Landorus|Landorus-Therian, M|100\/100\n|switch|p2a: Landorus|Landorus-Therian, M|100\/100\n|-ability|p2a: Landorus|Intimidate|boost\n|-unboost|p1a: Landorus|atk|1\n|-ability|p1a: Landorus|Intimidate|boost\n|-unboost|p2a: Landorus|atk|1\n|turn|1\n|\n|t:|1658968912\n|move|p2a: Landorus|U-turn|p1a: Landorus\n|-resisted|p1a: Landorus\n|-damage|p1a: Landorus|93\/100\n|\n|t:|1658968913\n|switch|p2a: Araquanid|Araquanid, F|100\/100|[from]move: U-turn\n|move|p1a: Landorus|Toxic|p2a: Araquanid\n|-status|p2a: Araquanid|tox\n|\n|-heal|p1a: Landorus|99\/100|[from] item: Leftovers\n|-damage|p2a: Araquanid|94\/100 tox|[from] psn\n|upkeep\n|turn|2\n|\n|t:|1658968918\n|switch|p1a: Ferrothorn|Ferrothorn, M|100\/100\n|move|p2a: Araquanid|Liquidation|p1a: Ferrothorn\n|-resisted|p1a: Ferrothorn\n|-damage|p1a: Ferrothorn|74\/100\n|-damage|p2a: Araquanid|82\/100 tox|[from] ability: Iron Barbs|[of] p1a: Ferrothorn\n|-damage|p2a: Araquanid|65\/100 tox|[from] item: Rocky Helmet|[of] p1a: Ferrothorn\n|\n|-damage|p2a: Araquanid|53\/100 tox|[from] psn\n|upkeep\n|turn|3\n|\n|t:|1658968928\n|switch|p2a: Mew|Mew|100\/100\n|move|p1a: Ferrothorn|Leech Seed|p2a: Mew\n|-start|p2a: Mew|move: Leech Seed\n|\n|-damage|p2a: Mew|88\/100|[from] Leech Seed|[of] p1a: Ferrothorn\n|-heal|p1a: Ferrothorn|88\/100|[silent]\n|upkeep\n|turn|4\n|\n|t:|1658968938\n|switch|p1a: Tapu Koko|Tapu Koko|100\/100\n|-fieldstart|move: Electric Terrain|[from] ability: Electric Surge|[of] p1a: Tapu Koko\n|move|p2a: Mew|Stealth Rock|p1a: Tapu Koko\n|-sidestart|p1: epileptic shrub|move: Stealth Rock\n|\n|-damage|p2a: Mew|76\/100|[from] Leech Seed|[of] p1a: Tapu Koko\n|upkeep\n|turn|5\n|\n|t:|1658968946\n|switch|p2a: Landorus|Landorus-Therian, M|100\/100\n|-ability|p2a: Landorus|Intimidate|boost\n|-unboost|p1a: Tapu Koko|atk|1\n|move|p1a: Tapu Koko|Taunt|p2a: Landorus\n|-start|p2a: Landorus|move: Taunt\n|\n|upkeep\n|turn|6\n|\n|t:|1658968955\n|switch|p1a: Landorus|Landorus-Therian, M|99\/100\n|-damage|p1a: Landorus|87\/100|[from] Stealth Rock\n|-ability|p1a: Landorus|Intimidate|boost\n|-unboost|p2a: Landorus|atk|1\n|move|p2a: Landorus|Earthquake|p1a: Landorus\n|-immune|p1a: Landorus\n|\n|-heal|p1a: Landorus|93\/100|[from] item: Leftovers\n|upkeep\n|turn|7\n|\n|t:|1658968959\n|switch|p2a: Araquanid|Araquanid, F|53\/100 tox\n|move|p1a: Landorus|Stealth Rock|p2a: Araquanid\n|-sidestart|p2: Foolish Shogun|move: Stealth Rock\n|\n|-heal|p1a: Landorus|99\/100|[from] item: Leftovers\n|-damage|p2a: Araquanid|47\/100 tox|[from] psn\n|upkeep\n|turn|8\n|\n|t:|1658968963\n|move|p1a: Landorus|U-turn|p2a: Araquanid\n|-damage|p2a: Araquanid|22\/100 tox\n|\n|t:|1658968966\n|switch|p1a: Ferrothorn|Ferrothorn, M|88\/100|[from]move: U-turn\n|-damage|p1a: Ferrothorn|82\/100|[from] Stealth Rock\n|move|p2a: Araquanid|Liquidation|p1a: Ferrothorn\n|-resisted|p1a: Ferrothorn\n|-damage|p1a: Ferrothorn|53\/100\n|-damage|p2a: Araquanid|10\/100 tox|[from] ability: Iron Barbs|[of] p1a: Ferrothorn\n|-damage|p2a: Araquanid|0 fnt|[from] item: Rocky Helmet|[of] p1a: Ferrothorn\n|faint|p2a: Araquanid\n|\n|-fieldend|move: Electric Terrain\n|upkeep\n|\n|t:|1658968973\n|switch|p2a: Mew|Mew|76\/100\n|-damage|p2a: Mew|63\/100|[from] Stealth Rock\n|turn|9\n|\n|t:|1658968980\n|switch|p1a: Slowbro|Slowbro, M|100\/100\n|move|p2a: Mew|Spikes|p1a: Slowbro\n|-sidestart|p1: epileptic shrub|Spikes\n|\n|upkeep\n|turn|10\n|\n|t:|1658968983\n|move|p2a: Mew|Taunt|p1a: Slowbro\n|-start|p1a: Slowbro|move: Taunt\n|cant|p1a: Slowbro|move: Taunt|Teleport\n|\n|upkeep\n|turn|11\n|\n|t:|1658968986\n|move|p2a: Mew|Spikes|p1a: Slowbro\n|-sidestart|p1: epileptic shrub|Spikes\n|move|p1a: Slowbro|Scald|p2a: Mew\n|-damage|p2a: Mew|40\/100\n|\n|upkeep\n|turn|12\n|\n|t:|1658968989\n|move|p2a: Mew|Spikes|p1a: Slowbro\n|-sidestart|p1: epileptic shrub|Spikes\n|move|p1a: Slowbro|Scald|p2a: Mew\n|-damage|p2a: Mew|17\/100\n|\n|-end|p1a: Slowbro|move: Taunt\n|upkeep\n|turn|13\n|\n|t:|1658968993\n|move|p2a: Mew|Taunt|p1a: Slowbro\n|-start|p1a: Slowbro|move: Taunt\n|move|p1a: Slowbro|Future Sight|p2a: Mew\n|-start|p1a: Slowbro|move: Future Sight\n|\n|upkeep\n|turn|14\n|\n|t:|1658968998\n|move|p2a: Mew|Flare Blitz|p1a: Slowbro\n|-resisted|p1a: Slowbro\n|-damage|p1a: Slowbro|90\/100\n|-damage|p2a: Mew|14\/100|[from] Recoil\n|move|p1a: Slowbro|Scald|p2a: Mew\n|-damage|p2a: Mew|0 fnt\n|faint|p2a: Mew\n|\n|upkeep\n|\n|t:|1658969001\n|switch|p2a: Bisharp|Bisharp, F|100\/100\n|-damage|p2a: Bisharp|94\/100|[from] Stealth Rock\n|turn|15\n|\n|t:|1658969004\n|move|p2a: Bisharp|Knock Off|p1a: Slowbro\n|-supereffective|p1a: Slowbro\n|-damage|p1a: Slowbro|0 fnt\n|-enditem|p1a: Slowbro|Heavy-Duty Boots|[from] move: Knock Off|[of] p2a: Bisharp\n|faint|p1a: Slowbro\n|\n|-end|p2a: Bisharp|move: Future Sight\n|-immune|p2a: Bisharp\n|upkeep\n|\n|t:|1658969016\n|switch|p1a: Tapu Koko|Tapu Koko|100\/100\n|-fieldstart|move: Electric Terrain|[from] ability: Electric Surge|[of] p1a: Tapu Koko\n|turn|16\n|\n|t:|1658969026\n|switch|p1a: Ferrothorn|Ferrothorn, M|53\/100\n|-damage|p1a: Ferrothorn|47\/100|[from] Stealth Rock\n|-damage|p1a: Ferrothorn|22\/100|[from] Spikes\n|move|p2a: Bisharp|Knock Off|p1a: Ferrothorn\n|-damage|p1a: Ferrothorn|0 fnt\n|-damage|p2a: Bisharp|82\/100|[from] ability: Iron Barbs|[of] p1a: Ferrothorn\n|-damage|p2a: Bisharp|65\/100|[from] item: Rocky Helmet|[of] p1a: Ferrothorn\n|-enditem|p1a: Ferrothorn|Rocky Helmet|[from] move: Knock Off|[of] p2a: Bisharp\n|faint|p1a: Ferrothorn\n|\n|upkeep\n|\n|t:|1658969052\n|switch|p1a: Tapu Koko|Tapu Koko|100\/100\n|turn|17\n|\n|t:|1658969064\n|switch|p2a: Landorus|Landorus-Therian, M|100\/100\n|-damage|p2a: Landorus|88\/100|[from] Stealth Rock\n|-ability|p2a: Landorus|Intimidate|boost\n|-unboost|p1a: Tapu Koko|atk|1\n|move|p1a: Tapu Koko|Thunderbolt|p2a: Landorus\n|-immune|p2a: Landorus\n|\n|upkeep\n|turn|18\n|\n|t:|1658969077\n|move|p2a: Landorus|Earthquake|p1a: Tapu Koko\n|-supereffective|p1a: Tapu Koko\n|-damage|p1a: Tapu Koko|0 fnt\n|faint|p1a: Tapu Koko\n|\n|upkeep\n|\n|t:|1658969087\n|switch|p1a: Landorus|Landorus-Therian, M|99\/100\n|-damage|p1a: Landorus|87\/100|[from] Stealth Rock\n|-ability|p1a: Landorus|Intimidate|boost\n|-unboost|p2a: Landorus|atk|1\n|turn|19\n|\n|t:|1658969090\n|switch|p2a: Bisharp|Bisharp, F|65\/100\n|-damage|p2a: Bisharp|59\/100|[from] Stealth Rock\n|move|p1a: Landorus|U-turn|p2a: Bisharp\n|-damage|p2a: Bisharp|29\/100\n|\n|t:|1658969095\n|switch|p1a: Bisharp|Bisharp, M|100\/100|[from]move: U-turn\n|-damage|p1a: Bisharp|95\/100|[from] Stealth Rock\n|-damage|p1a: Bisharp|70\/100|[from] Spikes\n|\n|upkeep\n|turn|20\n|\n|t:|1658969099\n|move|p2a: Bisharp|Sucker Punch||[still]\n|-fail|p2a: Bisharp\n|move|p1a: Bisharp|Swords Dance|p1a: Bisharp\n|-boost|p1a: Bisharp|atk|2\n|\n|-fieldend|move: Electric Terrain\n|upkeep\n|turn|21\n|\n|t:|1658969101\n|move|p1a: Bisharp|Swords Dance|p1a: Bisharp\n|-boost|p1a: Bisharp|atk|2\n|move|p2a: Bisharp|Knock Off|p1a: Bisharp\n|-resisted|p1a: Bisharp\n|-damage|p1a: Bisharp|29\/100\n|-enditem|p1a: Bisharp|Black Glasses|[from] move: Knock Off|[of] p2a: Bisharp\n|\n|upkeep\n|turn|22\n|\n|t:|1658969107\n|move|p2a: Bisharp|Sucker Punch|p1a: Bisharp\n|-resisted|p1a: Bisharp\n|-damage|p1a: Bisharp|0 fnt\n|faint|p1a: Bisharp\n|\n|upkeep\n|\n|t:|1658969111\n|switch|p1a: Victini|Victini|100\/100\n|turn|23\n|\n|t:|1658969115\n|move|p2a: Bisharp|Sucker Punch||[still]\n|-fail|p2a: Bisharp\n|move|p1a: Victini|Will-O-Wisp|p2a: Bisharp\n|-status|p2a: Bisharp|brn\n|\n|-damage|p2a: Bisharp|23\/100 brn|[from] brn\n|upkeep\n|turn|24\n|\n|t:|1658969120\n|move|p1a: Victini|Bolt Strike|p2a: Bisharp|[miss]\n|-miss|p1a: Victini|p2a: Bisharp\n|move|p2a: Bisharp|Knock Off|p1a: Victini\n|-supereffective|p1a: Victini\n|-damage|p1a: Victini|40\/100\n|-enditem|p1a: Victini|Heavy-Duty Boots|[from] move: Knock Off|[of] p2a: Bisharp\n|\n|-damage|p2a: Bisharp|17\/100 brn|[from] brn\n|upkeep\n|turn|25\n|c|\u2606epileptic shrub|man\n|-message|epileptic shrub forfeited.\n|\n|win|Foolish Shogun\n|raw|epileptic shrub's rating: 1561 &rarr; <strong>1544<\/strong><br \/>(-17 for losing)\n|raw|Foolish Shogun's rating: 1612 &rarr; <strong>1629<\/strong><br \/>(+17 for winning)\n|c|\u2606Foolish Shogun|?\n|c|\u2606Foolish Shogun|i dont think the miss mattered\n|l|\u2606Foolish Shogun\n||Ladder isn't responding, score probably updated but might not have (Request timeout).\n","uploadtime":1658970076,"views":18,"p1id":"epilepticshrub","p2id":"foolishshogun","formatid":"gen8ou","rating":1544,"private":0,"password":null}