{"id":"gen8ou-1691757315","p1":"Kwaga","p2":"Erenicko47","format":"gen8ou","log":"|html|<div class=\"broadcast-blue\"><strong>[Gen 8] OU is currently suspecting Melmetal! For information on how to participate check out the <a href=\"https:\/\/www.smogon.com\/forums\/threads\/np-ss-ou-suspect-process-round-12-monster-mash.3709234\/\">suspect thread<\/a>.<\/strong><\/div>\n|j|\u2606Kwaga\n|j|\u2606Erenicko47\n|t:|1666403776\n|gametype|singles\n|player|p1|Kwaga|ninjaboy|1670\n|player|p2|Erenicko47|blackbelt-gen4dp|1714\n|teamsize|p1|6\n|teamsize|p2|6\n|gen|8\n|tier|[Gen 8] OU\n|rated|\n|rule|Sleep Clause Mod: Limit one foe put to sleep\n|rule|Species Clause: Limit one of each Pok\u00e9mon\n|rule|OHKO Clause: OHKO moves are banned\n|rule|Evasion Items Clause: Evasion items are banned\n|rule|Evasion Moves Clause: Evasion moves are banned\n|rule|Endless Battle Clause: Forcing endless battles is banned\n|rule|HP Percentage Mod: HP is shown in percentages\n|rule|Dynamax Clause: You cannot dynamax\n|clearpoke\n|poke|p1|Pelipper, M|\n|poke|p1|Barraskewda, M|\n|poke|p1|Regieleki|\n|poke|p1|Tapu Lele|\n|poke|p1|Ferrothorn, M|\n|poke|p1|Landorus-Therian, M|\n|poke|p2|Dragapult, F|\n|poke|p2|Volcanion|\n|poke|p2|Melmetal|\n|poke|p2|Landorus-Therian, M|\n|poke|p2|Zapdos|\n|poke|p2|Toxapex, M|\n|teampreview\n|inactive|Battle timer is ON: inactive players will automatically lose when time's up. (requested by Erenicko47)\n|\n|t:|1666403788\n|start\n|switch|p1a: Tapu Lele|Tapu Lele, shiny|100\/100\n|switch|p2a: Zapdos|Zapdos|100\/100\n|-fieldstart|move: Psychic Terrain|[from] ability: Psychic Surge|[of] p1a: Tapu Lele\n|turn|1\n|j| reggisterh\n|\n|t:|1666403793\n|move|p1a: Tapu Lele|Future Sight|p2a: Zapdos\n|-start|p1a: Tapu Lele|move: Future Sight\n|move|p2a: Zapdos|Volt Switch|p1a: Tapu Lele\n|-damage|p1a: Tapu Lele|63\/100\n|l| reggisterh\n|\n|t:|1666403799\n|switch|p2a: Dragapult|Dragapult, F|100\/100|[from]move: Volt Switch\n|\n|upkeep\n|turn|2\n|\n|t:|1666403804\n|switch|p1a: Ferrothorn|Ferrothorn, M, shiny|100\/100\n|move|p2a: Dragapult|U-turn|p1a: Ferrothorn\n|-damage|p1a: Ferrothorn|83\/100\n|-damage|p2a: Dragapult|88\/100|[from] ability: Iron Barbs|[of] p1a: Ferrothorn\n|\n|t:|1666403810\n|switch|p2a: Melmetal|Melmetal|100\/100|[from]move: U-turn\n|\n|-heal|p1a: Ferrothorn|89\/100|[from] item: Leftovers\n|upkeep\n|turn|3\n|\n|t:|1666403815\n|move|p2a: Melmetal|Earthquake|p1a: Ferrothorn\n|-damage|p1a: Ferrothorn|60\/100\n|move|p1a: Ferrothorn|Spikes|p2a: Melmetal\n|-sidestart|p2: Erenicko47|Spikes\n|\n|-end|p2a: Melmetal|move: Future Sight\n|-resisted|p2a: Melmetal\n|-damage|p2a: Melmetal|65\/100\n|-heal|p2a: Melmetal|71\/100|[from] item: Leftovers\n|-heal|p1a: Ferrothorn|66\/100|[from] item: Leftovers\n|upkeep\n|turn|4\n|\n|t:|1666403822\n|switch|p2a: Zapdos|Zapdos|100\/100\n|switch|p1a: Landorus|Landorus-Therian, M, shiny|100\/100\n|-ability|p1a: Landorus|Intimidate|boost\n|-unboost|p2a: Zapdos|atk|1\n|\n|upkeep\n|turn|5\n|\n|t:|1666403825\n|move|p2a: Zapdos|Hurricane|p1a: Landorus\n|-damage|p1a: Landorus|55\/100\n|move|p1a: Landorus|Toxic|p2a: Zapdos\n|-status|p2a: Zapdos|tox\n|\n|-heal|p1a: Landorus|61\/100|[from] item: Leftovers\n|-damage|p2a: Zapdos|94\/100 tox|[from] psn\n|-fieldend|move: Psychic Terrain\n|upkeep\n|turn|6\n|\n|t:|1666403831\n|move|p2a: Zapdos|Hurricane|p1a: Landorus\n|-damage|p1a: Landorus|15\/100\n|-start|p1a: Landorus|confusion\n|-activate|p1a: Landorus|confusion\n|move|p1a: Landorus|Stealth Rock|p2a: Zapdos\n|-sidestart|p2: Erenicko47|move: Stealth Rock\n|\n|-heal|p1a: Landorus|21\/100|[from] item: Leftovers\n|-damage|p2a: Zapdos|82\/100 tox|[from] psn\n|upkeep\n|turn|7\n|j| Kefiruh\n|j| Jongruenwald\n|\n|t:|1666403837\n|move|p2a: Zapdos|Defog|p1a: Landorus\n|-unboost|p1a: Landorus|evasion|1\n|-sideend|p2: Erenicko47|Spikes|[from] move: Defog|[of] p2a: Zapdos\n|-sideend|p2: Erenicko47|Stealth Rock|[from] move: Defog|[of] p2a: Zapdos\n|-activate|p1a: Landorus|confusion\n|move|p1a: Landorus|U-turn|p2a: Zapdos\n|-resisted|p2a: Zapdos\n|-damage|p2a: Zapdos|70\/100 tox\n|\n|t:|1666403842\n|switch|p1a: Tapu Lele|Tapu Lele, shiny|63\/100|[from]move: U-turn\n|-fieldstart|move: Psychic Terrain|[from] ability: Psychic Surge|[of] p1a: Tapu Lele\n|\n|-damage|p2a: Zapdos|52\/100 tox|[from] psn\n|upkeep\n|turn|8\n|\n|t:|1666403846\n|switch|p2a: Melmetal|Melmetal|71\/100\n|move|p1a: Tapu Lele|Future Sight|p2a: Melmetal\n|-start|p1a: Tapu Lele|move: Future Sight\n|\n|-heal|p2a: Melmetal|77\/100|[from] item: Leftovers\n|upkeep\n|turn|9\n|\n|t:|1666403853\n|switch|p1a: Ferrothorn|Ferrothorn, M, shiny|66\/100\n|switch|p2a: Volcanion|Volcanion|100\/100\n|\n|-heal|p1a: Ferrothorn|72\/100|[from] item: Leftovers\n|upkeep\n|turn|10\n|\n|t:|1666403858\n|move|p2a: Volcanion|Steam Eruption|p1a: Ferrothorn\n|-resisted|p1a: Ferrothorn\n|-damage|p1a: Ferrothorn|51\/100\n|move|p1a: Ferrothorn|Knock Off|p2a: Volcanion\n|-damage|p2a: Volcanion|79\/100\n|-enditem|p2a: Volcanion|Heavy-Duty Boots|[from] move: Knock Off|[of] p1a: Ferrothorn\n|\n|-end|p2a: Volcanion|move: Future Sight\n|-damage|p2a: Volcanion|0 fnt\n|faint|p2a: Volcanion\n|-heal|p1a: Ferrothorn|57\/100|[from] item: Leftovers\n|upkeep\n|\n|t:|1666403868\n|switch|p2a: Toxapex|Toxapex, M|100\/100\n|turn|11\n|\n|t:|1666403873\n|move|p2a: Toxapex|Knock Off|p1a: Ferrothorn\n|-damage|p1a: Ferrothorn|47\/100\n|-damage|p2a: Toxapex|88\/100|[from] ability: Iron Barbs|[of] p1a: Ferrothorn\n|-enditem|p1a: Ferrothorn|Leftovers|[from] move: Knock Off|[of] p2a: Toxapex\n|move|p1a: Ferrothorn|Leech Seed|p2a: Toxapex\n|-start|p2a: Toxapex|move: Leech Seed\n|\n|-damage|p2a: Toxapex|75\/100|[from] Leech Seed|[of] p1a: Ferrothorn\n|-heal|p1a: Ferrothorn|58\/100|[silent]\n|-fieldend|move: Psychic Terrain\n|upkeep\n|turn|12\n|\n|t:|1666403881\n|switch|p2a: Zapdos|Zapdos|52\/100 tox\n|move|p1a: Ferrothorn|Leech Seed|p2a: Zapdos\n|-start|p2a: Zapdos|move: Leech Seed\n|\n|-damage|p2a: Zapdos|40\/100 tox|[from] Leech Seed|[of] p1a: Ferrothorn\n|-heal|p1a: Ferrothorn|71\/100|[silent]\n|-damage|p2a: Zapdos|34\/100 tox|[from] psn\n|upkeep\n|turn|13\n|\n|t:|1666403884\n|switch|p1a: Landorus|Landorus-Therian, M, shiny|21\/100\n|-ability|p1a: Landorus|Intimidate|boost\n|-unboost|p2a: Zapdos|atk|1\n|move|p2a: Zapdos|Hurricane|p1a: Landorus\n|-damage|p1a: Landorus|0 fnt\n|faint|p1a: Landorus\n|\n|-damage|p2a: Zapdos|22\/100 tox|[from] psn\n|upkeep\n|\n|t:|1666403886\n|switch|p1a: Tapu Lele|Tapu Lele, shiny|63\/100\n|-fieldstart|move: Psychic Terrain|[from] ability: Psychic Surge|[of] p1a: Tapu Lele\n|turn|14\n|\n|t:|1666403895\n|switch|p1a: Pelipper|Pelipper, M, shiny|100\/100\n|-weather|RainDance|[from] ability: Drizzle|[of] p1a: Pelipper\n|switch|p2a: Melmetal|Melmetal|77\/100\n|\n|-weather|RainDance|[upkeep]\n|-heal|p2a: Melmetal|83\/100|[from] item: Leftovers\n|upkeep\n|turn|15\n|\n|t:|1666403901\n|move|p2a: Melmetal|Protect|p2a: Melmetal\n|-singleturn|p2a: Melmetal|Protect\n|move|p1a: Pelipper|Weather Ball|p2a: Melmetal\n|-activate|p2a: Melmetal|move: Protect\n|\n|-weather|RainDance|[upkeep]\n|-heal|p2a: Melmetal|89\/100|[from] item: Leftovers\n|upkeep\n|turn|16\n|\n|t:|1666403906\n|switch|p2a: Toxapex|Toxapex, M|100\/100\n|move|p1a: Pelipper|Weather Ball|p2a: Toxapex\n|-resisted|p2a: Toxapex\n|-damage|p2a: Toxapex|60\/100\n|\n|-weather|RainDance|[upkeep]\n|upkeep\n|turn|17\n|\n|t:|1666403910\n|switch|p1a: Ferrothorn|Ferrothorn, M, shiny|71\/100\n|move|p2a: Toxapex|Knock Off|p1a: Ferrothorn\n|-damage|p1a: Ferrothorn|65\/100\n|-damage|p2a: Toxapex|47\/100|[from] ability: Iron Barbs|[of] p1a: Ferrothorn\n|\n|-weather|RainDance|[upkeep]\n|upkeep\n|turn|18\n|\n|t:|1666403925\n|switch|p2a: Zapdos|Zapdos|22\/100 tox\n|move|p1a: Ferrothorn|Knock Off|p2a: Zapdos\n|-damage|p2a: Zapdos|2\/100 tox\n|-enditem|p2a: Zapdos|Heavy-Duty Boots|[from] move: Knock Off|[of] p1a: Ferrothorn\n|\n|-weather|none\n|-damage|p2a: Zapdos|0 fnt|[from] psn\n|faint|p2a: Zapdos\n|-fieldend|move: Psychic Terrain\n|upkeep\n|\n|t:|1666403933\n|switch|p2a: Landorus|Landorus-Therian, M|100\/100\n|-ability|p2a: Landorus|Intimidate|boost\n|-unboost|p1a: Ferrothorn|atk|1\n|turn|19\n|\n|t:|1666403940\n|move|p2a: Landorus|Earthquake|p1a: Ferrothorn\n|-damage|p1a: Ferrothorn|31\/100\n|move|p1a: Ferrothorn|Leech Seed|p2a: Landorus\n|-start|p2a: Landorus|move: Leech Seed\n|\n|-damage|p2a: Landorus|88\/100|[from] Leech Seed|[of] p1a: Ferrothorn\n|-heal|p1a: Ferrothorn|45\/100|[silent]\n|upkeep\n|turn|20\n|\n|t:|1666403952\n|move|p2a: Landorus|Earthquake|p1a: Ferrothorn\n|-damage|p1a: Ferrothorn|7\/100\n|move|p1a: Ferrothorn|Spikes|p2a: Landorus\n|-sidestart|p2: Erenicko47|Spikes\n|\n|-heal|p2a: Landorus|94\/100|[from] item: Leftovers\n|-damage|p2a: Landorus|82\/100|[from] Leech Seed|[of] p1a: Ferrothorn\n|-heal|p1a: Ferrothorn|20\/100|[silent]\n|upkeep\n|turn|21\n|\n|t:|1666403960\n|switch|p1a: Pelipper|Pelipper, M, shiny|100\/100\n|-weather|RainDance|[from] ability: Drizzle|[of] p1a: Pelipper\n|move|p2a: Landorus|Earthquake|p1a: Pelipper\n|-immune|p1a: Pelipper\n|\n|-weather|RainDance|[upkeep]\n|-heal|p2a: Landorus|88\/100|[from] item: Leftovers\n|-damage|p2a: Landorus|75\/100|[from] Leech Seed|[of] p1a: Pelipper\n|upkeep\n|turn|22\n|\n|t:|1666403966\n|move|p2a: Landorus|U-turn|p1a: Pelipper\n|-resisted|p1a: Pelipper\n|-damage|p1a: Pelipper|86\/100\n|\n|t:|1666403968\n|switch|p2a: Melmetal|Melmetal|89\/100|[from]move: U-turn\n|-damage|p2a: Melmetal|77\/100|[from] Spikes\n|move|p1a: Pelipper|Hurricane|p2a: Melmetal\n|-resisted|p2a: Melmetal\n|-damage|p2a: Melmetal|46\/100\n|\n|-weather|RainDance|[upkeep]\n|-heal|p2a: Melmetal|53\/100|[from] item: Leftovers\n|upkeep\n|turn|23\n|\n|t:|1666403978\n|switch|p1a: Ferrothorn|Ferrothorn, M, shiny|20\/100\n|move|p2a: Melmetal|Thunder Punch|p1a: Ferrothorn\n|-resisted|p1a: Ferrothorn\n|-damage|p1a: Ferrothorn|8\/100\n|-damage|p2a: Melmetal|40\/100|[from] ability: Iron Barbs|[of] p1a: Ferrothorn\n|\n|-weather|RainDance|[upkeep]\n|-heal|p2a: Melmetal|46\/100|[from] item: Leftovers\n|upkeep\n|turn|24\n|\n|t:|1666403982\n|move|p2a: Melmetal|Earthquake|p1a: Ferrothorn\n|-damage|p1a: Ferrothorn|0 fnt\n|faint|p1a: Ferrothorn\n|\n|-weather|RainDance|[upkeep]\n|-heal|p2a: Melmetal|52\/100|[from] item: Leftovers\n|upkeep\n|\n|t:|1666403986\n|switch|p1a: Barraskewda|Barraskewda, M, shiny|100\/100\n|turn|25\n|\n|t:|1666403990\n|move|p2a: Melmetal|Protect|p2a: Melmetal\n|-singleturn|p2a: Melmetal|Protect\n|move|p1a: Barraskewda|Liquidation|p2a: Melmetal\n|-activate|p2a: Melmetal|move: Protect\n|\n|-weather|none\n|-heal|p2a: Melmetal|58\/100|[from] item: Leftovers\n|upkeep\n|turn|26\n|\n|t:|1666403996\n|switch|p1a: Tapu Lele|Tapu Lele, shiny|63\/100\n|-fieldstart|move: Psychic Terrain|[from] ability: Psychic Surge|[of] p1a: Tapu Lele\n|switch|p2a: Toxapex|Toxapex, M|80\/100\n|-damage|p2a: Toxapex|68\/100|[from] Spikes\n|\n|upkeep\n|turn|27\n|\n|t:|1666404005\n|switch|p2a: Dragapult|Dragapult, F|88\/100\n|-damage|p2a: Dragapult|76\/100|[from] Spikes\n|move|p1a: Tapu Lele|Psyshock|p2a: Dragapult\n|-crit|p2a: Dragapult\n|-damage|p2a: Dragapult|0 fnt\n|faint|p2a: Dragapult\n|\n|upkeep\n|\n|t:|1666404012\n|switch|p2a: Melmetal|Melmetal|58\/100\n|-damage|p2a: Melmetal|46\/100|[from] Spikes\n|turn|28\n|\n|t:|1666404023\n|switch|p1a: Regieleki|Regieleki, shiny|100\/100\n|move|p2a: Melmetal|Thunder Punch|p1a: Regieleki\n|-resisted|p1a: Regieleki\n|-damage|p1a: Regieleki|70\/100\n|\n|-heal|p2a: Melmetal|52\/100|[from] item: Leftovers\n|upkeep\n|turn|29\n|\n|t:|1666404030\n|move|p2a: Melmetal|Protect|p2a: Melmetal\n|-singleturn|p2a: Melmetal|Protect\n|move|p1a: Regieleki|Ancient Power|p2a: Melmetal\n|-activate|p2a: Melmetal|move: Protect\n|\n|-heal|p2a: Melmetal|58\/100|[from] item: Leftovers\n|upkeep\n|turn|30\n|\n|t:|1666404035\n|switch|p2a: Landorus|Landorus-Therian, M|75\/100\n|-ability|p2a: Landorus|Intimidate|boost\n|-unboost|p1a: Regieleki|atk|1\n|move|p1a: Regieleki|Electro Ball|p2a: Landorus\n|-immune|p2a: Landorus\n|\n|-heal|p2a: Landorus|82\/100|[from] item: Leftovers\n|-fieldend|move: Psychic Terrain\n|upkeep\n|turn|31\n|j| Le Herbo\n|\n|t:|1666404045\n|move|p1a: Regieleki|Ancient Power|p2a: Landorus\n|-damage|p2a: Landorus|64\/100\n|move|p2a: Landorus|Knock Off|p1a: Regieleki\n|-damage|p1a: Regieleki|6\/100\n|-enditem|p1a: Regieleki|Heavy-Duty Boots|[from] move: Knock Off|[of] p2a: Landorus\n|\n|-heal|p2a: Landorus|70\/100|[from] item: Leftovers\n|upkeep\n|turn|32\n|\n|t:|1666404048\n|move|p1a: Regieleki|Ancient Power|p2a: Landorus\n|-damage|p2a: Landorus|52\/100\n|move|p2a: Landorus|Knock Off|p1a: Regieleki\n|-damage|p1a: Regieleki|0 fnt\n|faint|p1a: Regieleki\n|\n|-heal|p2a: Landorus|58\/100|[from] item: Leftovers\n|upkeep\n|\n|t:|1666404051\n|switch|p1a: Pelipper|Pelipper, M, shiny|86\/100\n|-weather|RainDance|[from] ability: Drizzle|[of] p1a: Pelipper\n|turn|33\n|\n|t:|1666404063\n|move|p2a: Landorus|Knock Off|p1a: Pelipper\n|-damage|p1a: Pelipper|45\/100\n|-enditem|p1a: Pelipper|Choice Specs|[from] move: Knock Off|[of] p2a: Landorus\n|move|p1a: Pelipper|Hurricane|p2a: Landorus\n|-damage|p2a: Landorus|2\/100\n|\n|-weather|RainDance|[upkeep]\n|-heal|p2a: Landorus|8\/100|[from] item: Leftovers\n|upkeep\n|turn|34\n|\n|t:|1666404076\n|move|p2a: Landorus|Knock Off|p1a: Pelipper\n|-damage|p1a: Pelipper|16\/100\n|move|p1a: Pelipper|Weather Ball|p2a: Landorus\n|-supereffective|p2a: Landorus\n|-damage|p2a: Landorus|0 fnt\n|faint|p2a: Landorus\n|\n|-weather|RainDance|[upkeep]\n|upkeep\n|\n|t:|1666404080\n|switch|p2a: Melmetal|Melmetal|58\/100\n|-damage|p2a: Melmetal|46\/100|[from] Spikes\n|turn|35\n|\n|t:|1666404083\n|move|p2a: Melmetal|Protect|p2a: Melmetal\n|-singleturn|p2a: Melmetal|Protect\n|move|p1a: Pelipper|Weather Ball|p2a: Melmetal\n|-activate|p2a: Melmetal|move: Protect\n|\n|-weather|RainDance|[upkeep]\n|-heal|p2a: Melmetal|52\/100|[from] item: Leftovers\n|upkeep\n|turn|36\n|\n|t:|1666404085\n|switch|p2a: Toxapex|Toxapex, M|100\/100\n|-damage|p2a: Toxapex|88\/100|[from] Spikes\n|move|p1a: Pelipper|Weather Ball|p2a: Toxapex\n|-resisted|p2a: Toxapex\n|-damage|p2a: Toxapex|58\/100\n|\n|-weather|RainDance|[upkeep]\n|upkeep\n|turn|37\n|\n|t:|1666404088\n|move|p1a: Pelipper|U-turn|p2a: Toxapex\n|-resisted|p2a: Toxapex\n|-damage|p2a: Toxapex|56\/100\n|-damage|p1a: Pelipper|0 fnt|[from] item: Rocky Helmet|[of] p2a: Toxapex\n|faint|p1a: Pelipper\n|move|p2a: Toxapex|Knock Off|p1: Pelipper|[notarget]\n|-fail|p2a: Toxapex\n|\n|-weather|none\n|upkeep\n|\n|t:|1666404090\n|switch|p1a: Tapu Lele|Tapu Lele, shiny|63\/100\n|-fieldstart|move: Psychic Terrain|[from] ability: Psychic Surge|[of] p1a: Tapu Lele\n|turn|38\n|\n|t:|1666404098\n|switch|p2a: Melmetal|Melmetal|52\/100\n|-damage|p2a: Melmetal|39\/100|[from] Spikes\n|move|p1a: Tapu Lele|Thunder|p2a: Melmetal\n|-damage|p2a: Melmetal|2\/100\n|\n|-heal|p2a: Melmetal|8\/100|[from] item: Leftovers\n|upkeep\n|turn|39\n|\n|t:|1666404101\n|switch|p1a: Barraskewda|Barraskewda, M, shiny|100\/100\n|move|p2a: Melmetal|Protect||[still]\n|-fail|p2a: Melmetal\n|\n|-heal|p2a: Melmetal|14\/100|[from] item: Leftovers\n|upkeep\n|turn|40\n|\n|t:|1666404108\n|move|p2a: Melmetal|Protect|p2a: Melmetal\n|-singleturn|p2a: Melmetal|Protect\n|move|p1a: Barraskewda|Flip Turn|p2a: Melmetal\n|-activate|p2a: Melmetal|move: Protect\n|\n|-heal|p2a: Melmetal|20\/100|[from] item: Leftovers\n|upkeep\n|turn|41\n|\n|t:|1666404114\n|switch|p2a: Toxapex|Toxapex, M|89\/100\n|-damage|p2a: Toxapex|76\/100|[from] Spikes\n|move|p1a: Barraskewda|Flip Turn|p2a: Toxapex\n|-resisted|p2a: Toxapex\n|-damage|p2a: Toxapex|60\/100\n|-damage|p1a: Barraskewda|84\/100|[from] item: Rocky Helmet|[of] p2a: Toxapex\n|\n|t:|1666404116\n|switch|p1a: Tapu Lele|Tapu Lele, shiny|63\/100|[from]move: Flip Turn\n|\n|upkeep\n|turn|42\n|\n|t:|1666404119\n|move|p1a: Tapu Lele|Psyshock|p2a: Toxapex\n|-supereffective|p2a: Toxapex\n|-damage|p2a: Toxapex|0 fnt\n|faint|p2a: Toxapex\n|\n|-fieldend|move: Psychic Terrain\n|upkeep\n|\n|t:|1666404121\n|switch|p2a: Melmetal|Melmetal|20\/100\n|-damage|p2a: Melmetal|8\/100|[from] Spikes\n|turn|43\n|\n|t:|1666404123\n|move|p2a: Melmetal|Protect|p2a: Melmetal\n|-singleturn|p2a: Melmetal|Protect\n|move|p1a: Tapu Lele|Psyshock|p2a: Melmetal\n|-activate|p2a: Melmetal|move: Protect\n|\n|-heal|p2a: Melmetal|14\/100|[from] item: Leftovers\n|upkeep\n|turn|44\n|\n|t:|1666404125\n|move|p1a: Tapu Lele|Psyshock|p2a: Melmetal\n|-resisted|p2a: Melmetal\n|-damage|p2a: Melmetal|0 fnt\n|faint|p2a: Melmetal\n|\n|win|Kwaga\n|raw|Kwaga's rating: 1670 &rarr; <strong>1693<\/strong><br \/>(+23 for winning)\n|raw|Erenicko47's rating: 1714 &rarr; <strong>1691<\/strong><br \/>(-23 for losing)\n|l|\u2606Erenicko47\n","uploadtime":1666404127,"views":5,"p1id":"kwaga","p2id":"erenicko47","formatid":"gen8ou","rating":1691,"private":0,"password":null}