{"id":"gen8ou-1703656536","p1":"minimax_ai","p2":"Scoots Mgee","format":"gen8ou","log":"|j|\u203dminimax_ai\n|j|\u2606Scoots Mgee\n|t:|1667683485\n|gametype|singles\n|player|p1|minimax_ai|169|1441\n|player|p2|Scoots Mgee|acetrainerf|1441\n|teamsize|p1|6\n|teamsize|p2|6\n|gen|8\n|tier|[Gen 8] OU\n|rated|\n|rule|Sleep Clause Mod: Limit one foe put to sleep\n|rule|Species Clause: Limit one of each Pok\u00e9mon\n|rule|OHKO Clause: OHKO moves are banned\n|rule|Evasion Items Clause: Evasion items are banned\n|rule|Evasion Moves Clause: Evasion moves are banned\n|rule|Endless Battle Clause: Forcing endless battles is banned\n|rule|HP Percentage Mod: HP is shown in percentages\n|rule|Dynamax Clause: You cannot dynamax\n|clearpoke\n|poke|p1|Rotom-Wash|\n|poke|p1|Weavile, M|\n|poke|p1|Landorus-Therian, M|\n|poke|p1|Heatran, M|\n|poke|p1|Tangrowth, F|\n|poke|p1|Melmetal|\n|poke|p2|Toxapex, F|\n|poke|p2|Umbreon, F|\n|poke|p2|Corviknight, F|\n|poke|p2|Hippowdon, M|\n|poke|p2|Dragapult, M|\n|poke|p2|Zapdos|\n|teampreview\n|inactive|Battle timer is ON: inactive players will automatically lose when time's up. (requested by Scoots Mgee)\n|inactive|minimax_ai also wants the timer to be on.\n|\n|t:|1667683497\n|start\n|switch|p1a: Melmetal|Melmetal|100\/100\n|switch|p2a: Dragapult|Dragapult, M|100\/100\n|turn|1\n|\n|t:|1667683501\n|move|p2a: Dragapult|U-turn|p1a: Melmetal\n|-resisted|p1a: Melmetal\n|-damage|p1a: Melmetal|90\/100\n|\n|t:|1667683503\n|switch|p2a: Corviknight|Corviknight, F|100\/100|[from]move: U-turn\n|-ability|p2a: Corviknight|Pressure\n|move|p1a: Melmetal|Ice Punch|p2a: Corviknight\n|-damage|p2a: Corviknight|79\/100\n|-damage|p1a: Melmetal|74\/100|[from] item: Rocky Helmet|[of] p2a: Corviknight\n|\n|upkeep\n|turn|2\n|\n|t:|1667683513\n|switch|p2a: Hippowdon|Hippowdon, M|100\/100\n|-weather|Sandstorm|[from] ability: Sand Stream|[of] p2a: Hippowdon\n|switch|p1a: Rotom|Rotom-Wash|100\/100\n|\n|-weather|Sandstorm|[upkeep]\n|-damage|p1a: Rotom|94\/100|[from] Sandstorm\n|-heal|p1a: Rotom|100\/100|[from] item: Leftovers\n|upkeep\n|turn|3\n|\n|t:|1667683520\n|move|p1a: Rotom|Hydro Pump|p2a: Hippowdon\n|-supereffective|p2a: Hippowdon\n|-damage|p2a: Hippowdon|40\/100\n|move|p2a: Hippowdon|Toxic|p1a: Rotom|[miss]\n|-miss|p2a: Hippowdon|p1a: Rotom\n|\n|-weather|Sandstorm|[upkeep]\n|-damage|p1a: Rotom|94\/100|[from] Sandstorm\n|-heal|p1a: Rotom|100\/100|[from] item: Leftovers\n|-heal|p2a: Hippowdon|47\/100|[from] item: Leftovers\n|upkeep\n|turn|4\n|\n|t:|1667683528\n|switch|p2a: Toxapex|Toxapex, F|100\/100\n|move|p1a: Rotom|Hydro Pump|p2a: Toxapex\n|-resisted|p2a: Toxapex\n|-damage|p2a: Toxapex|87\/100\n|\n|-weather|Sandstorm|[upkeep]\n|-damage|p1a: Rotom|94\/100|[from] Sandstorm\n|-damage|p2a: Toxapex|81\/100|[from] Sandstorm\n|-heal|p1a: Rotom|100\/100|[from] item: Leftovers\n|-heal|p2a: Toxapex|87\/100|[from] item: Black Sludge\n|upkeep\n|turn|5\n|\n|t:|1667683533\n|move|p1a: Rotom|Thunderbolt|p2a: Toxapex\n|-supereffective|p2a: Toxapex\n|-damage|p2a: Toxapex|41\/100\n|move|p2a: Toxapex|Knock Off|p1a: Rotom\n|-damage|p1a: Rotom|85\/100\n|-enditem|p1a: Rotom|Leftovers|[from] move: Knock Off|[of] p2a: Toxapex\n|\n|-weather|Sandstorm|[upkeep]\n|-damage|p1a: Rotom|78\/100|[from] Sandstorm\n|-damage|p2a: Toxapex|35\/100|[from] Sandstorm\n|-heal|p2a: Toxapex|41\/100|[from] item: Black Sludge\n|upkeep\n|turn|6\n|\n|t:|1667683541\n|switch|p1a: Heatran|Heatran, M|100\/100\n|-item|p1a: Heatran|Air Balloon\n|move|p2a: Toxapex|Baneful Bunker||[still]\n|-fail|p2a: Toxapex\n|\n|-weather|none\n|-heal|p2a: Toxapex|47\/100|[from] item: Black Sludge\n|upkeep\n|turn|7\n|\n|t:|1667683546\n|move|p1a: Heatran|Stealth Rock|p2a: Toxapex\n|-sidestart|p2: Scoots Mgee|move: Stealth Rock\n|move|p2a: Toxapex|Knock Off|p1a: Heatran\n|-damage|p1a: Heatran|85\/100\n|-enditem|p1a: Heatran|Air Balloon\n|\n|-heal|p2a: Toxapex|53\/100|[from] item: Black Sludge\n|upkeep\n|turn|8\n|\n|t:|1667683558\n|move|p2a: Toxapex|Baneful Bunker|p2a: Toxapex\n|-singleturn|p2a: Toxapex|move: Protect\n|move|p1a: Heatran|Magma Storm|p2a: Toxapex\n|-activate|p2a: Toxapex|move: Protect\n|\n|-heal|p2a: Toxapex|59\/100|[from] item: Black Sludge\n|upkeep\n|turn|9\n|\n|t:|1667683571\n|move|p1a: Heatran|Magma Storm|p2a: Toxapex\n|-resisted|p2a: Toxapex\n|-damage|p2a: Toxapex|41\/100\n|-activate|p2a: Toxapex|move: Magma Storm|[of] p1a: Heatran\n|move|p2a: Toxapex|Recover|p2a: Toxapex\n|-heal|p2a: Toxapex|91\/100\n|\n|-heal|p2a: Toxapex|97\/100|[from] item: Black Sludge\n|-damage|p2a: Toxapex|85\/100|[from] move: Magma Storm|[partiallytrapped]\n|upkeep\n|turn|10\n|\n|t:|1667683574\n|move|p1a: Heatran|Magma Storm|p2a: Toxapex\n|-resisted|p2a: Toxapex\n|-crit|p2a: Toxapex\n|-damage|p2a: Toxapex|59\/100\n|move|p2a: Toxapex|Recover|p2a: Toxapex\n|-heal|p2a: Toxapex|100\/100\n|\n|-damage|p2a: Toxapex|88\/100|[from] move: Magma Storm|[partiallytrapped]\n|upkeep\n|turn|11\n|\n|t:|1667683576\n|move|p1a: Heatran|Magma Storm|p2a: Toxapex\n|-resisted|p2a: Toxapex\n|-damage|p2a: Toxapex|71\/100\n|move|p2a: Toxapex|Recover|p2a: Toxapex\n|-heal|p2a: Toxapex|100\/100\n|\n|-damage|p2a: Toxapex|88\/100|[from] move: Magma Storm|[partiallytrapped]\n|upkeep\n|turn|12\n|\n|t:|1667683578\n|move|p1a: Heatran|Magma Storm|p2a: Toxapex\n|-resisted|p2a: Toxapex\n|-damage|p2a: Toxapex|72\/100\n|move|p2a: Toxapex|Recover|p2a: Toxapex\n|-heal|p2a: Toxapex|100\/100\n|\n|-damage|p2a: Toxapex|88\/100|[from] move: Magma Storm|[partiallytrapped]\n|upkeep\n|turn|13\n|\n|t:|1667683580\n|move|p1a: Heatran|Magma Storm|p2a: Toxapex\n|-resisted|p2a: Toxapex\n|-damage|p2a: Toxapex|72\/100\n|move|p2a: Toxapex|Recover|p2a: Toxapex\n|-heal|p2a: Toxapex|100\/100\n|\n|-damage|p2a: Toxapex|88\/100|[from] move: Magma Storm|[partiallytrapped]\n|upkeep\n|turn|14\n|\n|t:|1667683581\n|move|p1a: Heatran|Magma Storm|p2a: Toxapex|[miss]\n|-miss|p1a: Heatran|p2a: Toxapex\n|move|p2a: Toxapex|Recover|p2a: Toxapex\n|-heal|p2a: Toxapex|100\/100\n|\n|-end|p2a: Toxapex|Magma Storm|[partiallytrapped]\n|upkeep\n|turn|15\n|\n|t:|1667683584\n|move|p2a: Toxapex|Baneful Bunker|p2a: Toxapex\n|-singleturn|p2a: Toxapex|move: Protect\n|move|p1a: Heatran|Magma Storm|p2a: Toxapex\n|-activate|p2a: Toxapex|move: Protect\n|\n|upkeep\n|turn|16\n|\n|t:|1667683587\n|switch|p2a: Zapdos|Zapdos|100\/100\n|-damage|p2a: Zapdos|76\/100|[from] Stealth Rock\n|move|p1a: Heatran|Eruption|p2a: Zapdos\n|-damage|p2a: Zapdos|0 fnt\n|faint|p2a: Zapdos\n|\n|upkeep\n|\n|t:|1667683591\n|switch|p2a: Hippowdon|Hippowdon, M|47\/100\n|-damage|p2a: Hippowdon|40\/100|[from] Stealth Rock\n|-weather|Sandstorm|[from] ability: Sand Stream|[of] p2a: Hippowdon\n|turn|17\n|\n|t:|1667683593\n|move|p1a: Heatran|Eruption|p2a: Hippowdon\n|-damage|p2a: Hippowdon|0 fnt\n|faint|p2a: Hippowdon\n|\n|-weather|Sandstorm|[upkeep]\n|upkeep\n|-message|Scoots Mgee forfeited.\n|\n|win|minimax_ai\n|raw|minimax_ai's rating: 1441 &rarr; <strong>1461<\/strong><br \/>(+20 for winning)\n|raw|Scoots Mgee's rating: 1441 &rarr; <strong>1421<\/strong><br \/>(-20 for losing)\n|l|\u2606Scoots Mgee\n","uploadtime":1667683597,"views":6,"p1id":"minimaxai","p2id":"scootsmgee","formatid":"gen8ou","rating":1421,"private":0,"password":null}