{"id":"gen8ou-1426504615","p1":"Oxygenuio","p2":"Vodyne","format":"gen8ou","log":"|j|\u2606Oxygenuio\n|j|\u2606Vodyne\n|t:|1632982425\n|gametype|singles\n|player|p1|Oxygenuio|2|\n|player|p2|Vodyne|170|\n|teamsize|p1|6\n|teamsize|p2|6\n|gen|8\n|tier|[Gen 8] OU\n|rule|Sleep Clause Mod: Limit one foe put to sleep\n|rule|Species Clause: Limit one of each Pok\u00e9mon\n|rule|OHKO Clause: OHKO moves are banned\n|rule|Evasion Moves Clause: Evasion moves are banned\n|rule|Endless Battle Clause: Forcing endless battles is banned\n|rule|HP Percentage Mod: HP is shown in percentages\n|rule|Dynamax Clause: You cannot dynamax\n|clearpoke\n|poke|p1|Corviknight, M|\n|poke|p1|Magnezone|\n|poke|p1|Dragapult, M|\n|poke|p1|Swampert, F|\n|poke|p1|Landorus-Therian, M|\n|poke|p1|Clefable, M|\n|poke|p2|Cradily, F|\n|poke|p2|Keldeo-Resolute|\n|poke|p2|Heatran, M|\n|poke|p2|Slowbro-Galar, M|\n|poke|p2|Crobat, F|\n|poke|p2|Zapdos|\n|teampreview\n|inactive|Battle timer is ON: inactive players will automatically lose when time's up. (requested by Oxygenuio)\n|\n|t:|1632982435\n|start\n|switch|p1a: Dragapult|Dragapult, M|100\/100\n|switch|p2a: Heatran|Heatran, M|100\/100\n|turn|1\n|c|\u2606Oxygenuio|Pert\n|c|\u2606Oxygenuio|nooo\n|\n|t:|1632982444\n|switch|p1a: Landorus|Landorus-Therian, M|100\/100\n|-ability|p1a: Landorus|Intimidate|boost\n|-unboost|p2a: Heatran|atk|1\n|switch|p2a: Arei|Cradily, F|100\/100\n|\n|upkeep\n|turn|2\n|\n|t:|1632982452\n|move|p1a: Landorus|U-turn|p2a: Arei\n|-supereffective|p2a: Arei\n|-damage|p2a: Arei|61\/100\n|\n|t:|1632982454\n|switch|p1a: Corviknight|Corviknight, M|100\/100|[from]move: U-turn\n|-ability|p1a: Corviknight|Pressure\n|move|p2a: Arei|Power Whip|p1a: Corviknight|[miss]\n|-miss|p2a: Arei|p1a: Corviknight\n|\n|-heal|p2a: Arei|67\/100|[from] item: Leftovers\n|upkeep\n|turn|3\n|\n|t:|1632982463\n|switch|p2a: Heatran|Heatran, M|100\/100\n|move|p1a: Corviknight|Brave Bird|p2a: Heatran\n|-resisted|p2a: Heatran\n|-damage|p2a: Heatran|81\/100\n|-damage|p1a: Corviknight|95\/100|[from] Recoil\n|\n|upkeep\n|turn|4\n|c|\u2606Oxygenuio|Pert\n|c|\u2606Oxygenuio|No\n|\n|t:|1632982470\n|switch|p1a: Landorus|Landorus-Therian, M|100\/100\n|-ability|p1a: Landorus|Intimidate|boost\n|-unboost|p2a: Heatran|atk|1\n|move|p2a: Heatran|Fire Blast|p1a: Landorus\n|-damage|p1a: Landorus|53\/100\n|\n|upkeep\n|turn|5\n|\n|t:|1632982481\n|switch|p2a: Zapdos|Zapdos|100\/100\n|move|p1a: Landorus|Knock Off|p2a: Zapdos\n|-damage|p2a: Zapdos|69\/100\n|-enditem|p2a: Zapdos|Heavy-Duty Boots|[from] move: Knock Off|[of] p1a: Landorus\n|\n|upkeep\n|turn|6\n|c|\u2606Oxygenuio|Pert\n|c|\u2606Oxygenuio|why u oofiobby\n|\n|t:|1632982491\n|move|p2a: Zapdos|Heat Wave|p1a: Landorus\n|-damage|p1a: Landorus|29\/100\n|move|p1a: Landorus|Earthquake|p2a: Zapdos\n|-immune|p2a: Zapdos\n|\n|upkeep\n|turn|7\n|c|\u2606Vodyne|oofiobby?\n|c|\u2606Oxygenuio|Pert\n|c|\u2606Oxygenuio|nooo\n|\n|t:|1632982500\n|move|p2a: Zapdos|Heat Wave|p1a: Landorus|[miss]\n|-miss|p2a: Zapdos|p1a: Landorus\n|move|p1a: Landorus|Stealth Rock|p2a: Zapdos\n|-sidestart|p2: Vodyne|move: Stealth Rock\n|\n|upkeep\n|turn|8\n|\n|t:|1632982508\n|move|p2a: Zapdos|Defog|p1a: Landorus\n|-unboost|p1a: Landorus|evasion|1\n|-sideend|p2: Vodyne|Stealth Rock|[from] move: Defog|[of] p2a: Zapdos\n|move|p1a: Landorus|U-turn|p2a: Zapdos\n|-resisted|p2a: Zapdos\n|-damage|p2a: Zapdos|59\/100\n|\n|t:|1632982512\n|switch|p1a: Dragapult|Dragapult, M|100\/100|[from]move: U-turn\n|\n|upkeep\n|turn|9\n|\n|t:|1632982515\n|switch|p2a: Arei|Cradily, F|67\/100\n|move|p1a: Dragapult|U-turn|p2a: Arei\n|-supereffective|p2a: Arei\n|-damage|p2a: Arei|36\/100\n|c|\u2606Oxygenuio|:(\n|\n|t:|1632982523\n|switch|p1a: Landorus|Landorus-Therian, M|29\/100|[from]move: U-turn\n|-ability|p1a: Landorus|Intimidate|boost\n|-unboost|p2a: Arei|atk|1\n|\n|-heal|p2a: Arei|43\/100|[from] item: Leftovers\n|upkeep\n|turn|10\n|c|\u2606Oxygenuio|Pert nooo\n|\n|t:|1632982531\n|switch|p2a: Crobat|Crobat, F|100\/100\n|move|p1a: Landorus|Stealth Rock|p2a: Crobat\n|-sidestart|p2: Vodyne|move: Stealth Rock\n|\n|upkeep\n|turn|11\n|\n|t:|1632982536\n|move|p2a: Crobat|Brave Bird|p1a: Landorus\n|-damage|p1a: Landorus|0 fnt\n|-damage|p2a: Crobat|84\/100|[from] item: Rocky Helmet|[of] p1a: Landorus\n|faint|p1a: Landorus\n|-damage|p2a: Crobat|74\/100|[from] Recoil\n|\n|upkeep\n|\n|t:|1632982542\n|switch|p1a: Dragapult|Dragapult, M|100\/100\n|turn|12\n|c|\u2606Oxygenuio|Pert\n|c|\u2606Oxygenuio|why\n|\n|t:|1632982556\n|switch|p2a: Arei|Cradily, F|43\/100\n|-damage|p2a: Arei|30\/100|[from] Stealth Rock\n|move|p1a: Dragapult|Shadow Ball|p2a: Arei\n|-damage|p2a: Arei|0 fnt\n|faint|p2a: Arei\n|\n|upkeep\n|c|\u2606Oxygenuio|Why are para\n|c|\u2606Oxygenuio|pert\n|c|\u2606Oxygenuio|Petoooo\n|c|\u2606Oxygenuio|Why\n|c|\u2606Oxygenuio|why\n|c|\u2606Oxygenuio|what i do you\n|c|\u2606Oxygenuio|:(\n|inactive|Vodyne has 270 seconds left.\n|\n|t:|1632982603\n|switch|p2a: Slowbro|Slowbro-Galar, M|100\/100\n|-damage|p2a: Slowbro|88\/100|[from] Stealth Rock\n|turn|13\n|\n|t:|1632982610\n|move|p1a: Dragapult|Shadow Ball|p2a: Slowbro\n|-supereffective|p2a: Slowbro\n|-damage|p2a: Slowbro|12\/100\n|move|p2a: Slowbro|Future Sight|p1a: Dragapult\n|-start|p2a: Slowbro|move: Future Sight\n|\n|upkeep\n|turn|14\n|c|\u2606Oxygenuio|Wyat\n|c|\u2606Oxygenuio|i do\n|\n|t:|1632982615\n|move|p1a: Dragapult|Shadow Ball|p2a: Slowbro\n|-supereffective|p2a: Slowbro\n|-damage|p2a: Slowbro|0 fnt\n|faint|p2a: Slowbro\n|\n|upkeep\n|c|\u2606Oxygenuio|Pert\n|c|\u2606Oxygenuio|no\n|\n|t:|1632982620\n|switch|p2a: Keldeo|Keldeo-Resolute|100\/100\n|-damage|p2a: Keldeo|94\/100|[from] Stealth Rock\n|turn|15\n|c|\u2606Oxygenuio|no\n|\n|t:|1632982623\n|move|p1a: Dragapult|Shadow Ball|p2a: Keldeo\n|-damage|p2a: Keldeo|39\/100\n|-unboost|p2a: Keldeo|spd|1\n|move|p2a: Keldeo|Calm Mind|p2a: Keldeo\n|-boost|p2a: Keldeo|spa|1\n|-boost|p2a: Keldeo|spd|1\n|\n|-end|p1a: Dragapult|move: Future Sight\n|-damage|p1a: Dragapult|17\/100\n|-heal|p2a: Keldeo|45\/100|[from] item: Leftovers\n|upkeep\n|turn|16\n|\n|t:|1632982637\n|move|p1a: Dragapult|Shadow Ball|p2a: Keldeo\n|-damage|p2a: Keldeo|0 fnt\n|faint|p2a: Keldeo\n|\n|upkeep\n|c|\u2606Oxygenuio|Perlegends never oofiobby\n|inactive|Vodyne has 270 seconds left.\n|\n|t:|1632982650\n|switch|p2a: Heatran|Heatran, M|81\/100\n|-damage|p2a: Heatran|68\/100|[from] Stealth Rock\n|turn|17\n|\n|t:|1632982654\n|switch|p1a: Corviknight|Corviknight, M|95\/100\n|-ability|p1a: Corviknight|Pressure\n|move|p2a: Heatran|Flash Cannon|p1a: Corviknight\n|-resisted|p1a: Corviknight\n|-damage|p1a: Corviknight|72\/100\n|\n|upkeep\n|turn|18\n|\n|t:|1632982656\n|move|p2a: Heatran|Fire Blast|p1a: Corviknight\n|-supereffective|p1a: Corviknight\n|-damage|p1a: Corviknight|0 fnt\n|faint|p1a: Corviknight\n|\n|upkeep\n|\n|t:|1632982659\n|switch|p1a: Swampert|Swampert, F, shiny|100\/100\n|turn|19\n|\n|t:|1632982661\n|move|p2a: Heatran|Solar Beam||[still]\n|-prepare|p2a: Heatran|Solar Beam\n|-enditem|p2a: Heatran|Power Herb\n|-anim|p2a: Heatran|Solar Beam|p1a: Swampert\n|-supereffective|p1a: Swampert\n|-damage|p1a: Swampert|0 fnt\n|faint|p1a: Swampert\n|\n|upkeep\n|c|\u2606Oxygenuio|PERT\n|c|\u2606Oxygenuio|NO\n|c|\u2606Vodyne|kek\n|\n|t:|1632982670\n|switch|p1a: Magnezone|Magnezone|100\/100\n|turn|20\n|c|\u2606Oxygenuio|:(\n|c|\u2606Vodyne|pert didn't even get to breathe\n|\n|t:|1632982678\n|move|p2a: Heatran|Earth Power|p1a: Magnezone\n|-supereffective|p1a: Magnezone\n|-damage|p1a: Magnezone|0 fnt\n|faint|p1a: Magnezone\n|\n|upkeep\n|c|\u2606Oxygenuio|Bsf u\n|\n|t:|1632982682\n|switch|p1a: Clefable|Clefable, M|100\/100\n|turn|21\n|\n|t:|1632982684\n|move|p2a: Heatran|Flash Cannon|p1a: Clefable\n|-supereffective|p1a: Clefable\n|-damage|p1a: Clefable|10\/100\n|move|p1a: Clefable|Calm Mind|p1a: Clefable\n|-boost|p1a: Clefable|spa|1\n|-boost|p1a: Clefable|spd|1\n|\n|-heal|p1a: Clefable|16\/100|[from] item: Leftovers\n|upkeep\n|turn|22\n|\n|t:|1632982689\n|move|p2a: Heatran|Flash Cannon|p1a: Clefable\n|-supereffective|p1a: Clefable\n|-damage|p1a: Clefable|0 fnt\n|faint|p1a: Clefable\n|\n|upkeep\n|\n|t:|1632982692\n|switch|p1a: Dragapult|Dragapult, M|17\/100\n|turn|23\n|c|\u2606Oxygenuio|Pet no\n|\n|t:|1632982695\n|move|p1a: Dragapult|Shadow Ball|p2a: Heatran\n|-damage|p2a: Heatran|18\/100\n|-unboost|p2a: Heatran|spd|1\n|move|p2a: Heatran|Flash Cannon|p1a: Dragapult\n|-damage|p1a: Dragapult|0 fnt\n|faint|p1a: Dragapult\n|\n|win|Vodyne\n|l|\u2606Oxygenuio\n|c|\u2606Vodyne|kek heatran annhialated\n|c|\u2606Vodyne|PERT GOT R*PED\n","uploadtime":1632982734,"views":25,"p1id":"oxygenuio","p2id":"vodyne","formatid":"gen8ou","rating":0,"private":0,"password":null}