{"id":"gen8ou-1669919353","p1":"broked on bricks","p2":"QAQ333","format":"gen8ou","log":"|j|\u2606broked on bricks\n|j|\u2606QAQ333\n|t:|1664111812\n|gametype|singles\n|player|p1|broked on bricks|will-gen2|1482\n|player|p2|QAQ333|265|1452\n|teamsize|p1|6\n|teamsize|p2|6\n|gen|8\n|tier|[Gen 8] OU\n|rated|\n|rule|Sleep Clause Mod: Limit one foe put to sleep\n|rule|Species Clause: Limit one of each Pok\u00e9mon\n|rule|OHKO Clause: OHKO moves are banned\n|rule|Evasion Items Clause: Evasion items are banned\n|rule|Evasion Moves Clause: Evasion moves are banned\n|rule|Endless Battle Clause: Forcing endless battles is banned\n|rule|HP Percentage Mod: HP is shown in percentages\n|rule|Dynamax Clause: You cannot dynamax\n|clearpoke\n|poke|p1|Politoed, M|\n|poke|p1|Tapu Lele|\n|poke|p1|Sharpedo, F|\n|poke|p1|Melmetal|\n|poke|p1|Tornadus-Therian, M|\n|poke|p1|Garchomp, M|\n|poke|p2|Darmanitan, M|\n|poke|p2|Toxapex, F|\n|poke|p2|Rotom-Wash|\n|poke|p2|Tapu Lele|\n|poke|p2|Weavile, F|\n|poke|p2|Landorus-Therian, M|\n|teampreview\n|\n|t:|1664111827\n|start\n|switch|p1a: Tapu Lele|Tapu Lele|100\/100\n|switch|p2a: Rotom|Rotom-Wash|100\/100\n|-fieldstart|move: Psychic Terrain|[from] ability: Psychic Surge|[of] p1a: Tapu Lele\n|turn|1\n|\n|t:|1664111837\n|move|p1a: Tapu Lele|Psyshock|p2a: Rotom\n|-damage|p2a: Rotom|38\/100\n|move|p2a: Rotom|Hydro Pump|p1a: Tapu Lele\n|-damage|p1a: Tapu Lele|61\/100\n|\n|-heal|p2a: Rotom|44\/100|[from] item: Leftovers\n|upkeep\n|turn|2\n|\n|t:|1664111847\n|switch|p1a: Melmetal|Melmetal|100\/100\n|switch|p2a: Weavile|Weavile, F|100\/100\n|-ability|p2a: Weavile|Pressure\n|\n|upkeep\n|turn|3\n|\n|t:|1664111856\n|move|p2a: Weavile|Low Kick|p1a: Melmetal\n|-supereffective|p1a: Melmetal\n|-damage|p1a: Melmetal|24\/100\n|move|p1a: Melmetal|Earthquake|p2a: Weavile\n|-damage|p2a: Weavile|38\/100\n|\n|-heal|p1a: Melmetal|30\/100|[from] item: Leftovers\n|upkeep\n|turn|4\n|\n|t:|1664111877\n|switch|p2a: Landorus|Landorus-Therian, M|100\/100\n|-ability|p2a: Landorus|Intimidate|boost\n|-unboost|p1a: Melmetal|atk|1\n|switch|p1a: Politoed|Politoed, M|100\/100\n|-weather|RainDance|[from] ability: Drizzle|[of] p1a: Politoed\n|\n|-weather|RainDance|[upkeep]\n|upkeep\n|turn|5\n|\n|t:|1664111887\n|move|p1a: Politoed|Psychic|p2a: Landorus\n|-damage|p2a: Landorus|58\/100\n|-unboost|p2a: Landorus|spd|1\n|move|p2a: Landorus|Toxic|p1a: Politoed\n|-status|p1a: Politoed|tox\n|\n|-weather|RainDance|[upkeep]\n|-heal|p2a: Landorus|64\/100|[from] item: Leftovers\n|-damage|p1a: Politoed|94\/100 tox|[from] psn\n|-fieldend|move: Psychic Terrain\n|upkeep\n|turn|6\n|\n|t:|1664111900\n|switch|p2a: Tapu Lele|Tapu Lele|100\/100\n|-fieldstart|move: Psychic Terrain|[from] ability: Psychic Surge|[of] p2a: Tapu Lele\n|move|p1a: Politoed|Psychic|p2a: Tapu Lele\n|-resisted|p2a: Tapu Lele\n|-damage|p2a: Tapu Lele|72\/100\n|-unboost|p2a: Tapu Lele|spd|1\n|\n|-weather|RainDance|[upkeep]\n|-damage|p1a: Politoed|82\/100 tox|[from] psn\n|upkeep\n|turn|7\n|\n|t:|1664111923\n|switch|p1a: Melmetal|Melmetal|30\/100\n|move|p2a: Tapu Lele|Psyshock|p1a: Melmetal\n|-resisted|p1a: Melmetal\n|-damage|p1a: Melmetal|14\/100\n|\n|-weather|RainDance|[upkeep]\n|-heal|p1a: Melmetal|20\/100|[from] item: Leftovers\n|upkeep\n|turn|8\n|\n|t:|1664111934\n|switch|p2a: Toxapex|Toxapex, F|100\/100\n|move|p1a: Melmetal|Toxic|p2a: Toxapex\n|-immune|p2a: Toxapex\n|\n|-weather|none\n|-heal|p1a: Melmetal|26\/100|[from] item: Leftovers\n|upkeep\n|turn|9\n|\n|t:|1664111943\n|switch|p2a: Landorus|Landorus-Therian, M|64\/100\n|-ability|p2a: Landorus|Intimidate|boost\n|-unboost|p1a: Melmetal|atk|1\n|move|p1a: Melmetal|Earthquake|p2a: Landorus\n|-immune|p2a: Landorus\n|\n|-heal|p2a: Landorus|70\/100|[from] item: Leftovers\n|-heal|p1a: Melmetal|32\/100|[from] item: Leftovers\n|upkeep\n|turn|10\n|\n|t:|1664111955\n|move|p2a: Landorus|Earthquake|p1a: Melmetal\n|-supereffective|p1a: Melmetal\n|-crit|p1a: Melmetal\n|-damage|p1a: Melmetal|0 fnt\n|faint|p1a: Melmetal\n|\n|-heal|p2a: Landorus|76\/100|[from] item: Leftovers\n|-fieldend|move: Psychic Terrain\n|upkeep\n|\n|t:|1664111979\n|switch|p1a: Tornadus|Tornadus-Therian, M|100\/100\n|turn|11\n|\n|t:|1664111986\n|move|p1a: Tornadus|Taunt|p2a: Landorus\n|-start|p2a: Landorus|move: Taunt\n|cant|p2a: Landorus|move: Taunt|Toxic\n|\n|-heal|p2a: Landorus|82\/100|[from] item: Leftovers\n|upkeep\n|turn|12\n|\n|t:|1664111995\n|move|p1a: Tornadus|Knock Off|p2a: Landorus\n|-damage|p2a: Landorus|63\/100\n|-enditem|p2a: Landorus|Leftovers|[from] move: Knock Off|[of] p1a: Tornadus\n|move|p2a: Landorus|U-turn|p1a: Tornadus\n|-resisted|p1a: Tornadus\n|-damage|p1a: Tornadus|86\/100\n|\n|t:|1664112012\n|switch|p2a: Weavile|Weavile, F|38\/100|[from]move: U-turn\n|-ability|p2a: Weavile|Pressure\n|\n|upkeep\n|turn|13\n|\n|t:|1664112028\n|switch|p1a: Politoed|Politoed, M|82\/100 tox\n|-weather|RainDance|[from] ability: Drizzle|[of] p1a: Politoed\n|move|p2a: Weavile|Triple Axel|p1a: Politoed\n|-resisted|p1a: Politoed\n|-damage|p1a: Politoed|71\/100 tox\n|-resisted|p1a: Politoed\n|-damage|p1a: Politoed|49\/100 tox\n|-hitcount|p1a: Politoed|2\n|\n|-weather|RainDance|[upkeep]\n|-damage|p1a: Politoed|43\/100 tox|[from] psn\n|upkeep\n|turn|14\n|\n|t:|1664112041\n|move|p2a: Weavile|Triple Axel|p1a: Politoed\n|-resisted|p1a: Politoed\n|-damage|p1a: Politoed|34\/100 tox\n|-resisted|p1a: Politoed\n|-damage|p1a: Politoed|13\/100 tox\n|-resisted|p1a: Politoed\n|-damage|p1a: Politoed|0 fnt\n|faint|p1a: Politoed\n|-hitcount|p1: Politoed|3\n|\n|-weather|RainDance|[upkeep]\n|upkeep\n|\n|t:|1664112058\n|switch|p1a: Tapu Lele|Tapu Lele|61\/100\n|-fieldstart|move: Psychic Terrain|[from] ability: Psychic Surge|[of] p1a: Tapu Lele\n|turn|15\n|\n|t:|1664112069\n|switch|p2a: Rotom|Rotom-Wash|44\/100\n|move|p1a: Tapu Lele|Moonblast|p2a: Rotom\n|-damage|p2a: Rotom|1\/100\n|\n|-weather|RainDance|[upkeep]\n|-heal|p2a: Rotom|8\/100|[from] item: Leftovers\n|upkeep\n|turn|16\n|\n|t:|1664112081\n|switch|p1a: Tornadus|Tornadus-Therian, M|100\/100\n|move|p2a: Rotom|Pain Split|p1a: Tornadus\n|-sethp|p1a: Tornadus|54\/100|[from] move: Pain Split|[silent]\n|-sethp|p2a: Rotom|56\/100|[from] move: Pain Split\n|\n|-weather|RainDance|[upkeep]\n|-heal|p2a: Rotom|63\/100|[from] item: Leftovers\n|upkeep\n|turn|17\n|\n|t:|1664112091\n|switch|p1a: Garchomp|Garchomp, M|100\/100\n|move|p2a: Rotom|Volt Switch|p1a: Garchomp\n|-immune|p1a: Garchomp\n|\n|-weather|none\n|-heal|p2a: Rotom|69\/100|[from] item: Leftovers\n|upkeep\n|turn|18\n|\n|t:|1664112100\n|move|p1a: Garchomp|Stone Edge|p2a: Rotom|[miss]\n|-miss|p1a: Garchomp|p2a: Rotom\n|move|p2a: Rotom|Hydro Pump|p1a: Garchomp|[miss]\n|-miss|p2a: Rotom|p1a: Garchomp\n|\n|-heal|p2a: Rotom|75\/100|[from] item: Leftovers\n|upkeep\n|turn|19\n|\n|t:|1664112109\n|switch|p2a: Landorus|Landorus-Therian, M|63\/100\n|-ability|p2a: Landorus|Intimidate|boost\n|-unboost|p1a: Garchomp|atk|1\n|move|p1a: Garchomp|Stone Edge|p2a: Landorus\n|-damage|p2a: Landorus|40\/100\n|\n|-fieldend|move: Psychic Terrain\n|upkeep\n|turn|20\n|\n|t:|1664112119\n|move|p1a: Garchomp|Stone Edge|p2a: Landorus\n|-crit|p2a: Landorus\n|-damage|p2a: Landorus|0 fnt\n|faint|p2a: Landorus\n|\n|upkeep\n|\n|t:|1664112125\n|switch|p2a: Weavile|Weavile, F|38\/100\n|-ability|p2a: Weavile|Pressure\n|turn|21\n|\n|t:|1664112144\n|move|p1a: Garchomp|Stone Edge|p2a: Weavile\n|-supereffective|p2a: Weavile\n|-damage|p2a: Weavile|0 fnt\n|faint|p2a: Weavile\n|\n|upkeep\n|\n|t:|1664112155\n|switch|p2a: Toxapex|Toxapex, F|100\/100\n|turn|22\n|\n|t:|1664112163\n|switch|p1a: Tornadus|Tornadus-Therian, M|87\/100\n|move|p2a: Toxapex|Scald|p1a: Tornadus\n|-damage|p1a: Tornadus|69\/100\n|\n|upkeep\n|turn|23\n|\n|t:|1664112171\n|move|p1a: Tornadus|Taunt|p2a: Toxapex\n|-start|p2a: Toxapex|move: Taunt\n|move|p2a: Toxapex|Scald|p1a: Tornadus\n|-damage|p1a: Tornadus|47\/100\n|-status|p1a: Tornadus|brn\n|\n|-damage|p1a: Tornadus|41\/100 brn|[from] brn\n|upkeep\n|turn|24\n|\n|t:|1664112181\n|move|p1a: Tornadus|Knock Off|p2a: Toxapex\n|-damage|p2a: Toxapex|94\/100\n|-damage|p1a: Tornadus|25\/100 brn|[from] item: Rocky Helmet|[of] p2a: Toxapex\n|-enditem|p2a: Toxapex|Rocky Helmet|[from] move: Knock Off|[of] p1a: Tornadus\n|move|p2a: Toxapex|Scald|p1a: Tornadus\n|-damage|p1a: Tornadus|4\/100 brn\n|\n|-damage|p1a: Tornadus|0 fnt|[from] brn\n|faint|p1a: Tornadus\n|upkeep\n|\n|t:|1664112193\n|switch|p1a: Tapu Lele|Tapu Lele|61\/100\n|-fieldstart|move: Psychic Terrain|[from] ability: Psychic Surge|[of] p1a: Tapu Lele\n|turn|25\n|\n|t:|1664112207\n|switch|p2a: Rotom|Rotom-Wash|75\/100\n|move|p1a: Tapu Lele|Psyshock|p2a: Rotom\n|-damage|p2a: Rotom|8\/100\n|\n|-heal|p2a: Rotom|14\/100|[from] item: Leftovers\n|upkeep\n|turn|26\n|\n|t:|1664112218\n|move|p1a: Tapu Lele|Psyshock|p2a: Rotom\n|-damage|p2a: Rotom|0 fnt\n|faint|p2a: Rotom\n|\n|upkeep\n|\n|t:|1664112223\n|switch|p2a: Tapu Lele|Tapu Lele|72\/100\n|turn|27\n|\n|t:|1664112232\n|move|p2a: Tapu Lele|Shadow Ball|p1a: Tapu Lele\n|-supereffective|p1a: Tapu Lele\n|-damage|p1a: Tapu Lele|4\/100\n|move|p1a: Tapu Lele|Psyshock|p2a: Tapu Lele\n|-resisted|p2a: Tapu Lele\n|-damage|p2a: Tapu Lele|25\/100\n|\n|upkeep\n|turn|28\n|\n|t:|1664112240\n|switch|p1a: Sharpedo|Sharpedo, F|100\/100\n|move|p2a: Tapu Lele|Shadow Ball|p1a: Sharpedo\n|-resisted|p1a: Sharpedo\n|-crit|p1a: Sharpedo\n|-damage|p1a: Sharpedo|42\/100\n|\n|upkeep\n|turn|29\n|\n|t:|1664112258\n|switch|p2a: Toxapex|Toxapex, F|100\/100\n|move|p1a: Sharpedo|Dark Pulse|p2a: Toxapex\n|-damage|p2a: Toxapex|60\/100\n|-damage|p1a: Sharpedo|32\/100|[from] item: Life Orb\n|\n|-fieldend|move: Psychic Terrain\n|-ability|p1a: Sharpedo|Speed Boost|boost\n|-boost|p1a: Sharpedo|spe|1\n|upkeep\n|turn|30\n|\n|t:|1664112274\n|move|p1a: Sharpedo|Dark Pulse|p2a: Toxapex\n|-damage|p2a: Toxapex|22\/100\n|-damage|p1a: Sharpedo|22\/100|[from] item: Life Orb\n|cant|p2a: Toxapex|flinch\n|\n|-ability|p1a: Sharpedo|Speed Boost|boost\n|-boost|p1a: Sharpedo|spe|1\n|upkeep\n|turn|31\n|\n|t:|1664112283\n|switch|p2a: Darmanitan|Darmanitan, M|100\/100\n|move|p1a: Sharpedo|Dark Pulse|p2a: Darmanitan\n|-damage|p2a: Darmanitan|20\/100\n|-damage|p1a: Sharpedo|12\/100|[from] item: Life Orb\n|\n|-ability|p1a: Sharpedo|Speed Boost|boost\n|-boost|p1a: Sharpedo|spe|1\n|upkeep\n|turn|32\n|\n|t:|1664112293\n|switch|p2a: Toxapex|Toxapex, F|55\/100\n|move|p1a: Sharpedo|Dark Pulse|p2a: Toxapex\n|-damage|p2a: Toxapex|17\/100\n|-damage|p1a: Sharpedo|2\/100|[from] item: Life Orb\n|\n|-ability|p1a: Sharpedo|Speed Boost|boost\n|-boost|p1a: Sharpedo|spe|1\n|upkeep\n|turn|33\n|\n|t:|1664112315\n|switch|p2a: Darmanitan|Darmanitan, M|20\/100\n|move|p1a: Sharpedo|Dark Pulse|p2a: Darmanitan\n|-damage|p2a: Darmanitan|0 fnt\n|faint|p2a: Darmanitan\n|-damage|p1a: Sharpedo|0 fnt|[from] item: Life Orb\n|faint|p1a: Sharpedo\n|\n|upkeep\n|\n|t:|1664112325\n|switch|p2a: Tapu Lele|Tapu Lele|25\/100\n|switch|p1a: Garchomp|Garchomp, M|100\/100\n|-fieldstart|move: Psychic Terrain|[from] ability: Psychic Surge|[of] p2a: Tapu Lele\n|turn|34\n|\n|t:|1664112332\n|switch|p2a: Toxapex|Toxapex, F|50\/100\n|move|p1a: Garchomp|Earthquake|p2a: Toxapex\n|-supereffective|p2a: Toxapex\n|-damage|p2a: Toxapex|0 fnt\n|faint|p2a: Toxapex\n|\n|upkeep\n|-message|QAQ333 forfeited.\n|\n|win|broked on bricks\n|raw|broked on bricks's rating: 1482 &rarr; <strong>1500<\/strong><br \/>(+18 for winning)\n|raw|QAQ333's rating: 1452 &rarr; <strong>1434<\/strong><br \/>(-18 for losing)\n|c|\u2606broked on bricks|ggs\n||Ladder isn't responding, score probably updated but might not have (Request timeout).\n","uploadtime":1664112411,"views":10,"p1id":"brokedonbricks","p2id":"qaq333","formatid":"gen8ou","rating":1434,"private":0,"password":null}