{"id":"gen8lc-1701603901","p1":"Laroxyl","p2":"Stecolomaxx","format":"gen8lc","log":"|html|<div class=\"broadcast-blue\"><strong>[Gen 8] LC is currently suspecting Magby! For information on how to participate check out the <a href=\"https:\/\/www.smogon.com\/forums\/threads\/lc-suspect-%E2%80%94-the-drum.3709906\/\">suspect thread<\/a>.<\/strong><\/div>\n|j|\u2606Laroxyl\n|j|\u2606Stecolomaxx\n|t:|1667469828\n|gametype|singles\n|player|p1|Laroxyl|#scl1spartans|\n|player|p2|Stecolomaxx|169|\n|teamsize|p1|6\n|teamsize|p2|6\n|gen|8\n|tier|[Gen 8] LC\n|rule|Sleep Clause Mod: Limit one foe put to sleep\n|rule|Species Clause: Limit one of each Pok\u00e9mon\n|rule|OHKO Clause: OHKO moves are banned\n|rule|Evasion Items Clause: Evasion items are banned\n|rule|Evasion Moves Clause: Evasion moves are banned\n|rule|Endless Battle Clause: Forcing endless battles is banned\n|rule|HP Percentage Mod: HP is shown in percentages\n|rule|Dynamax Clause: You cannot dynamax\n|clearpoke\n|poke|p1|Tyrunt, L5, F|\n|poke|p1|Magby, L5, F|\n|poke|p1|Venipede, L5, M|\n|poke|p1|Diglett, L5, F|\n|poke|p1|Grookey, L5, F|\n|poke|p1|Frillish, L5, M|\n|poke|p2|Grookey, L5, M|\n|poke|p2|Diglett, L5, M|\n|poke|p2|Mienfoo, L5, F|\n|poke|p2|Pawniard, L5, F|\n|poke|p2|Koffing, L5, M|\n|poke|p2|Porygon, L5|\n|teampreview\n|c|\u2606Laroxyl|hf\n|j| Hideo11\n|c| Hideo11|wow how did you get that sprite\n|inactive|Battle timer is ON: inactive players will automatically lose when time's up. (requested by Laroxyl)\n|c|\u2606Stecolomaxx|hum\n|c|\u2606Stecolomaxx|hf\n|inactive|Stecolomaxx has 270 seconds left.\n|inactive|Stecolomaxx has 240 seconds left.\n|j| Albi\n|inactive|Stecolomaxx has 210 seconds left.\n|j| Daruma\n|\n|t:|1667470009\n|start\n|switch|p1a: Venipede|Venipede, L5, M|100\/100\n|switch|p2a: Koffing|Koffing, L5, M|100\/100\n|-ability|p2a: Koffing|Neutralizing Gas\n|turn|1\n|\n|t:|1667470018\n|move|p1a: Venipede|Spikes|p2a: Koffing\n|-sidestart|p2: Stecolomaxx|Spikes\n|move|p2a: Koffing|Fire Blast|p1a: Venipede\n|-supereffective|p1a: Venipede\n|-damage|p1a: Venipede|34\/100\n|\n|upkeep\n|turn|2\n|\n|t:|1667470029\n|move|p1a: Venipede|Endeavor|p2a: Koffing\n|-damage|p2a: Koffing|35\/100\n|move|p2a: Koffing|Fire Blast|p1a: Venipede\n|-supereffective|p1a: Venipede\n|-damage|p1a: Venipede|0 fnt\n|faint|p1a: Venipede\n|\n|upkeep\n|\n|t:|1667470043\n|switch|p1a: Diglett|Diglett, L5, F|100\/100\n|turn|3\n|inactive|Stecolomaxx has 270 seconds left.\n|\n|t:|1667470057\n|move|p1a: Diglett|Stealth Rock|p2a: Koffing\n|-sidestart|p2: Stecolomaxx|move: Stealth Rock\n|move|p2a: Koffing|Pain Split|p1a: Diglett\n|-sethp|p1a: Diglett|67\/100|[from] move: Pain Split|[silent]\n|-sethp|p2a: Koffing|60\/100|[from] move: Pain Split\n|\n|upkeep\n|turn|4\n|inactive|Stecolomaxx has 270 seconds left.\n|\n|t:|1667470071\n|move|p1a: Diglett|Earthquake|p2a: Koffing\n|-supereffective|p2a: Koffing\n|-damage|p2a: Koffing|0 fnt\n|faint|p2a: Koffing\n|-end|p2a: Koffing|ability: Neutralizing Gas\n|\n|upkeep\n|l|\u2606Laroxyl\n|inactive|Laroxyl disconnected and has 300 seconds to reconnect!\n|player|p1|\n|inactive|Stecolomaxx has 270 seconds left.\n|j|\u2606Laroxyl\n|inactive|Laroxyl reconnected.\n|player|p1|Laroxyl|#scl1spartans\n|l| Daruma\n|j| Daruma\n|l| Daruma\n|inactive|Stecolomaxx has 240 seconds left.\n|\n|t:|1667470118\n|switch|p2a: Porygon|Porygon, L5|100\/100\n|-damage|p2a: Porygon|88\/100|[from] Spikes\n|-damage|p2a: Porygon|76\/100|[from] Stealth Rock\n|-ability|p2a: Porygon|Arena Trap|[from] ability: Trace|[of] p1a: Diglett\n|turn|5\n|\n|t:|1667470128\n|move|p1a: Diglett|Earthquake|p2a: Porygon\n|-damage|p2a: Porygon|40\/100\n|move|p2a: Porygon|Recover|p2a: Porygon\n|-heal|p2a: Porygon|92\/100\n|\n|upkeep\n|turn|6\n|\n|t:|1667470133\n|move|p1a: Diglett|Earthquake|p2a: Porygon\n|-damage|p2a: Porygon|57\/100\n|move|p2a: Porygon|Recover|p2a: Porygon\n|-heal|p2a: Porygon|100\/100\n|\n|upkeep\n|turn|7\n|\n|t:|1667470139\n|move|p1a: Diglett|Earthquake|p2a: Porygon\n|-damage|p2a: Porygon|64\/100\n|move|p2a: Porygon|Recover|p2a: Porygon\n|-heal|p2a: Porygon|100\/100\n|\n|upkeep\n|turn|8\n|\n|t:|1667470159\n|move|p1a: Diglett|Earthquake|p2a: Porygon\n|-damage|p2a: Porygon|72\/100\n|move|p2a: Porygon|Ice Beam|p1a: Diglett\n|-supereffective|p1a: Diglett\n|-damage|p1a: Diglett|0 fnt\n|faint|p1a: Diglett\n|\n|upkeep\n|inactive|Laroxyl has 270 seconds left.\n|\n|t:|1667470200\n|switch|p1a: Tyrunt|Tyrunt, L5, F|100\/100\n|turn|9\n|\n|t:|1667470210\n|move|p1a: Tyrunt|Dragon Dance|p1a: Tyrunt\n|-boost|p1a: Tyrunt|atk|1\n|-boost|p1a: Tyrunt|spe|1\n|move|p2a: Porygon|Thunder Wave|p1a: Tyrunt\n|-status|p1a: Tyrunt|par\n|\n|upkeep\n|turn|10\n|\n|t:|1667470238\n|switch|p2a: Mienfoo|Mienfoo, L5, F|100\/100\n|-damage|p2a: Mienfoo|91\/100|[from] Spikes\n|-damage|p2a: Mienfoo|86\/100|[from] Stealth Rock\n|move|p1a: Tyrunt|Close Combat|p2a: Mienfoo\n|-damage|p2a: Mienfoo|29\/100\n|-unboost|p1a: Tyrunt|def|1\n|-unboost|p1a: Tyrunt|spd|1\n|\n|upkeep\n|turn|11\n|\n|t:|1667470252\n|move|p2a: Mienfoo|High Jump Kick|p1a: Tyrunt\n|-supereffective|p1a: Tyrunt\n|-damage|p1a: Tyrunt|0 fnt\n|faint|p1a: Tyrunt\n|\n|upkeep\n|\n|t:|1667470267\n|switch|p1a: Frillish|Frillish, L5, M|100\/100\n|turn|12\n|\n|t:|1667470278\n|switch|p2a: Pawniard|Pawniard, L5, F|100\/100\n|-damage|p2a: Pawniard|91\/100|[from] Spikes\n|-damage|p2a: Pawniard|86\/100|[from] Stealth Rock\n|move|p1a: Frillish|Water Spout|p2a: Pawniard\n|-damage|p2a: Pawniard|0 fnt\n|faint|p2a: Pawniard\n|\n|upkeep\n|\n|t:|1667470289\n|switch|p2a: Grookey|Grookey, L5, M|100\/100\n|-damage|p2a: Grookey|91\/100|[from] Spikes\n|-damage|p2a: Grookey|81\/100|[from] Stealth Rock\n|-fieldstart|move: Grassy Terrain|[from] ability: Grassy Surge|[of] p2a: Grookey\n|turn|13\n|inactive|Stecolomaxx has 240 seconds left.\n|inactive|Stecolomaxx has 210 seconds left.\n|\n|t:|1667470337\n|move|p2a: Grookey|Grassy Glide|p1a: Frillish\n|-supereffective|p1a: Frillish\n|-damage|p1a: Frillish|0 fnt\n|-start|p2a: Grookey|Disable|Grassy Glide|[from] ability: Cursed Body|[of] p1a: Frillish\n|faint|p1a: Frillish\n|-damage|p2a: Grookey|72\/100|[from] item: Life Orb\n|\n|-heal|p2a: Grookey|77\/100|[from] Grassy Terrain\n|upkeep\n|\n|t:|1667470348\n|switch|p1a: Magby|Magby, L5, F|100\/100\n|turn|14\n|c|\u2606Stecolomaxx|sad disable\n|inactive|Stecolomaxx has 210 seconds left.\n|c|\u2606Laroxyl|I don\u2019t think it matters\n|inactive|Stecolomaxx has 180 seconds left.\n|\n|t:|1667470394\n|move|p1a: Magby|Belly Drum|p1a: Magby\n|-damage|p1a: Magby|50\/100\n|-setboost|p1a: Magby|atk|6|[from] move: Belly Drum\n|-enditem|p1a: Magby|Berry Juice\n|-heal|p1a: Magby|100\/100|[from] item: Berry Juice\n|move|p2a: Grookey|Drain Punch|p1a: Magby\n|-damage|p1a: Magby|30\/100\n|-heal|p2a: Grookey|100\/100|[from] drain|[of] p1a: Magby\n|-damage|p2a: Grookey|91\/100|[from] item: Life Orb\n|\n|-heal|p1a: Magby|35\/100|[from] Grassy Terrain\n|-heal|p2a: Grookey|96\/100|[from] Grassy Terrain\n|upkeep\n|turn|15\n|inactive|Stecolomaxx has 180 seconds left.\n|c| Hideo11|it does matter\n|inactive|Stecolomaxx has 150 seconds left.\n|c|\u2606Stecolomaxx|ye\n|c|\u2606Laroxyl|I have mpunch\n|\n|t:|1667470446\n|move|p2a: Grookey|Protect|p2a: Grookey\n|-singleturn|p2a: Grookey|Protect\n|move|p1a: Magby|Fire Punch|p2a: Grookey\n|-activate|p2a: Grookey|move: Protect\n|\n|-heal|p1a: Magby|40\/100|[from] Grassy Terrain\n|-heal|p2a: Grookey|100\/100|[from] Grassy Terrain\n|upkeep\n|turn|16\n|c| Hideo11|what does it change\n|c| Hideo11|if he had grassy glide he could rk with fake out\n|inactive|Stecolomaxx has 120 seconds left.\n|inactive|Stecolomaxx has 90 seconds left.\n|c|\u2606Laroxyl|Fair but it\u2019s like a scald\n|c|\u2606Laroxyl|cursed body\n|inactive|Stecolomaxx has 60 seconds left.\n|c| Hideo11|yep, so you had 30% chance winning the battle\n|c|\u2606Laroxyl|pls man\n|inactive|Stecolomaxx has 30 seconds left.\n|c|\u2606Laroxyl|Instead of talking watch the game\n|\n|t:|1667470570\n|switch|p2a: Mienfoo|Mienfoo, L5, F|62\/100\n|-damage|p2a: Mienfoo|53\/100|[from] Spikes\n|-damage|p2a: Mienfoo|48\/100|[from] Stealth Rock\n|move|p1a: Magby|Fire Punch|p2a: Mienfoo\n|-damage|p2a: Mienfoo|0 fnt\n|faint|p2a: Mienfoo\n|\n|-heal|p1a: Magby|45\/100|[from] Grassy Terrain\n|upkeep\n|inactive|Stecolomaxx has 30 seconds left.\n|inactive|Stecolomaxx has 20 seconds left.\n|c|\u2606Stecolomaxx|dont have fake out\n|inactive|Stecolomaxx has 15 seconds left.\n|inactive|Stecolomaxx has 10 seconds left.\n|\n|t:|1667470599\n|switch|p2a: Diglett|Diglett, L5, M|100\/100\n|-damage|p2a: Diglett|89\/100|[from] Spikes\n|-damage|p2a: Diglett|84\/100|[from] Stealth Rock\n|turn|17\n|inactive|Stecolomaxx has 20 seconds left this turn.\n|\n|t:|1667470605\n|move|p2a: Diglett|Protect|p2a: Diglett\n|-singleturn|p2a: Diglett|Protect\n|move|p1a: Magby|Mach Punch|p2a: Diglett\n|-activate|p2a: Diglett|move: Protect\n|\n|-heal|p2a: Diglett|89\/100|[from] Grassy Terrain\n|-heal|p1a: Magby|50\/100|[from] Grassy Terrain\n|-fieldend|move: Grassy Terrain\n|upkeep\n|turn|18\n|inactive|Stecolomaxx has 30 seconds left this turn.\n|\n|t:|1667470608\n|move|p1a: Magby|Mach Punch|p2a: Diglett\n|-damage|p2a: Diglett|0 fnt\n|faint|p2a: Diglett\n|\n|upkeep\n|\n|t:|1667470612\n|switch|p2a: Grookey|Grookey, L5, M|100\/100\n|-damage|p2a: Grookey|91\/100|[from] Spikes\n|-damage|p2a: Grookey|81\/100|[from] Stealth Rock\n|-fieldstart|move: Grassy Terrain|[from] ability: Grassy Surge|[of] p2a: Grookey\n|turn|19\n|\n|t:|1667470625\n|move|p2a: Grookey|Protect|p2a: Grookey\n|-singleturn|p2a: Grookey|Protect\n|move|p1a: Magby|Mach Punch|p2a: Grookey\n|-activate|p2a: Grookey|move: Protect\n|\n|-heal|p1a: Magby|56\/100|[from] Grassy Terrain\n|-heal|p2a: Grookey|86\/100|[from] Grassy Terrain\n|upkeep\n|turn|20\n|inactive|Laroxyl has 270 seconds left.\n|\n|t:|1667470656\n|move|p1a: Magby|Mach Punch|p2a: Grookey\n|-damage|p2a: Grookey|0 fnt\n|faint|p2a: Grookey\n|\n|-heal|p1a: Magby|60\/100|[from] Grassy Terrain\n|upkeep\n|c|\u2606Stecolomaxx|gg\n|c|\u2606Laroxyl|gg\n|\n|t:|1667470662\n|switch|p2a: Porygon|Porygon, L5|72\/100\n|-damage|p2a: Porygon|60\/100|[from] Spikes\n|-damage|p2a: Porygon|48\/100|[from] Stealth Rock\n|-ability|p2a: Porygon|Flame Body|[from] ability: Trace|[of] p1a: Magby\n|turn|21\n|\n|t:|1667470666\n|move|p1a: Magby|Mach Punch|p2a: Porygon\n|-supereffective|p2a: Porygon\n|-damage|p2a: Porygon|0 fnt\n|faint|p2a: Porygon\n|\n|win|Laroxyl\n|l|\u2606Laroxyl\n|l|\u2606Stecolomaxx\n|l| Albi\n","uploadtime":1667470672,"views":57,"p1id":"laroxyl","p2id":"stecolomaxx","formatid":"gen8lc","rating":0,"private":0,"password":null}