{"id":"gen8nationaldex-1650241339","p1":"Aelson\/ TS","p2":"batataplays","format":"gen8nationaldex","log":"|j|\u2606Aelson\/ TS\n|j|\u2606batataplays\n|t:|1661693646\n|gametype|singles\n|player|p1|Aelson\/ TS|nita|\n|player|p2|batataplays|furisodegirl-blue|\n|teamsize|p1|6\n|teamsize|p2|6\n|gen|8\n|tier|[Gen 8] National Dex\n|rule|HP Percentage Mod: HP is shown in percentages\n|rule|Endless Battle Clause: Forcing endless battles is banned\n|rule|OHKO Clause: OHKO moves are banned\n|rule|Evasion Moves Clause: Evasion moves are banned\n|rule|Species Clause: Limit one of each Pok\u00e9mon\n|rule|Dynamax Clause: You cannot dynamax\n|rule|Sleep Clause Mod: Limit one foe put to sleep\n|clearpoke\n|poke|p1|Tyranitar, F|\n|poke|p1|Latias, F|\n|poke|p1|Excadrill, F|\n|poke|p1|Suicune|\n|poke|p1|Volcarona, F|\n|poke|p1|Venusaur, M|\n|poke|p2|Volcarona, M|\n|poke|p2|Mawile, F|\n|poke|p2|Garchomp, F|\n|poke|p2|Ferrothorn, F|\n|poke|p2|Tapu Koko|\n|poke|p2|Landorus-Therian, M|\n|teampreview\n|c|\u2606Aelson\/ TS|Boa sorte\n|c|\u2606batataplays|conseguimos KKK\n|c|\u2606batataplays|boa sorte\n|\n|t:|1661693670\n|start\n|switch|p1a: Volc|Volcarona, F|100\/100\n|switch|p2a: Landorus|Landorus-Therian, M|100\/100\n|-ability|p2a: Landorus|Intimidate|boost\n|-unboost|p1a: Volc|atk|1\n|turn|1\n|\n|t:|1661693683\n|switch|p1a: ::>|Suicune, shiny|100\/100\n|-ability|p1a: ::>|Pressure\n|move|p2a: Landorus|Earthquake|p1a: ::>\n|-damage|p1a: ::>|54\/100\n|\n|upkeep\n|turn|2\n|\n|t:|1661693690\n|move|p2a: Landorus|Earthquake|p1a: ::>\n|-damage|p1a: ::>|7\/100\n|move|p1a: ::>|Ice Beam|p2a: Landorus\n|-supereffective|p2a: Landorus\n|-damage|p2a: Landorus|0 fnt\n|faint|p2a: Landorus\n|\n|upkeep\n|\n|t:|1661693698\n|switch|p2a: Tapu Koko|Tapu Koko|100\/100\n|-fieldstart|move: Electric Terrain|[from] ability: Electric Surge|[of] p2a: Tapu Koko\n|turn|3\n|\n|t:|1661693712\n|switch|p1a: Zummm|Latias, F|100\/100\n|move|p2a: Tapu Koko|Hidden Power|p1a: Zummm\n|-supereffective|p1a: Zummm\n|-damage|p1a: Zummm|75\/100\n|\n|upkeep\n|turn|4\n|\n|t:|1661693782\n|switch|p1a: ::>|Suicune, shiny|7\/100\n|-ability|p1a: ::>|Pressure\n|move|p2a: Tapu Koko|Volt Switch|p1a: ::>\n|-supereffective|p1a: ::>\n|-damage|p1a: ::>|0 fnt\n|faint|p1a: ::>\n|\n|t:|1661693786\n|switch|p2a: Garchomp|Garchomp, F|100\/100|[from]move: Volt Switch\n|\n|upkeep\n|\n|t:|1661693797\n|switch|p1a: Surpresa!|Tyranitar, F, shiny|100\/100\n|-weather|Sandstorm|[from] ability: Sand Stream|[of] p1a: Surpresa!\n|turn|5\n|\n|t:|1661693803\n|move|p2a: Garchomp|Earthquake|p1a: Surpresa!\n|-supereffective|p1a: Surpresa!\n|-damage|p1a: Surpresa!|32\/100\n|move|p1a: Surpresa!|Ice Beam|p2a: Garchomp\n|-supereffective|p2a: Garchomp\n|-damage|p2a: Garchomp|2\/100\n|\n|-weather|Sandstorm|[upkeep]\n|-heal|p1a: Surpresa!|38\/100|[from] item: Leftovers\n|upkeep\n|turn|6\n|\n|t:|1661693812\n|switch|p1a: Zummm|Latias, F|75\/100\n|move|p2a: Garchomp|Stealth Rock|p1a: Zummm\n|-sidestart|p1: Aelson\/ TS|move: Stealth Rock\n|\n|-weather|Sandstorm|[upkeep]\n|-damage|p1a: Zummm|69\/100|[from] Sandstorm\n|upkeep\n|turn|7\n|\n|t:|1661693819\n|detailschange|p1a: Zummm|Latias-Mega, F\n|-mega|p1a: Zummm|Latias|Latiasite\n|move|p1a: Zummm|Psyshock|p2a: Garchomp\n|-damage|p2a: Garchomp|0 fnt\n|faint|p2a: Garchomp\n|\n|-weather|Sandstorm|[upkeep]\n|-damage|p1a: Zummm|63\/100|[from] Sandstorm\n|-fieldend|move: Electric Terrain\n|upkeep\n|\n|t:|1661693827\n|switch|p2a: Mawile|Mawile, F|100\/100\n|-ability|p2a: Mawile|Intimidate|boost\n|-unboost|p1a: Zummm|atk|1\n|turn|8\n|\n|t:|1661693833\n|switch|p1a: Im speed|Excadrill, F|100\/100\n|-damage|p1a: Im speed|97\/100|[from] Stealth Rock\n|detailschange|p2a: Mawile|Mawile-Mega, F\n|-mega|p2a: Mawile|Mawile|Mawilite\n|move|p2a: Mawile|Play Rough|p1a: Im speed\n|-resisted|p1a: Im speed\n|-damage|p1a: Im speed|29\/100\n|\n|-weather|Sandstorm|[upkeep]\n|-heal|p1a: Im speed|35\/100|[from] item: Leftovers\n|upkeep\n|turn|9\n|\n|t:|1661693845\n|move|p1a: Im speed|Rapid Spin|p2a: Mawile\n|-resisted|p2a: Mawile\n|-damage|p2a: Mawile|90\/100\n|-boost|p1a: Im speed|spe|1\n|-sideend|p1: Aelson\/ TS|Stealth Rock|[from] move: Rapid Spin|[of] p1a: Im speed\n|move|p2a: Mawile|Brick Break|p1a: Im speed\n|-supereffective|p1a: Im speed\n|-damage|p1a: Im speed|0 fnt\n|faint|p1a: Im speed\n|\n|-weather|none\n|upkeep\n|\n|t:|1661693851\n|switch|p1a: Volc|Volcarona, F|100\/100\n|turn|10\n|\n|t:|1661693854\n|move|p1a: Volc|Flamethrower|p2a: Mawile\n|-supereffective|p2a: Mawile\n|-damage|p2a: Mawile|0 fnt\n|faint|p2a: Mawile\n|\n|upkeep\n|\n|t:|1661693867\n|switch|p2a: Volcarona|Volcarona, M|100\/100\n|turn|11\n|\n|t:|1661693877\n|switch|p1a: Surpresa!|Tyranitar, F, shiny|38\/100\n|-weather|Sandstorm|[from] ability: Sand Stream|[of] p1a: Surpresa!\n|move|p2a: Volcarona|Quiver Dance|p2a: Volcarona\n|-boost|p2a: Volcarona|spa|1\n|-boost|p2a: Volcarona|spd|1\n|-boost|p2a: Volcarona|spe|1\n|\n|-weather|Sandstorm|[upkeep]\n|-damage|p2a: Volcarona|94\/100|[from] Sandstorm\n|-heal|p1a: Surpresa!|44\/100|[from] item: Leftovers\n|upkeep\n|turn|12\n|\n|t:|1661693901\n|switch|p2a: Ferrothorn|Ferrothorn, F|100\/100\n|move|p1a: Surpresa!|Rock Blast|p2a: Ferrothorn|[miss]\n|-miss|p1a: Surpresa!|p2a: Ferrothorn\n|\n|-weather|Sandstorm|[upkeep]\n|-heal|p1a: Surpresa!|50\/100|[from] item: Leftovers\n|upkeep\n|turn|13\n|\n|t:|1661693908\n|switch|p1a: Volc|Volcarona, F|100\/100\n|move|p2a: Ferrothorn|Thunder Wave|p1a: Volc\n|-status|p1a: Volc|par\n|\n|-weather|Sandstorm|[upkeep]\n|-damage|p1a: Volc|94\/100 par|[from] Sandstorm\n|upkeep\n|turn|14\n|\n|t:|1661693912\n|switch|p2a: Volcarona|Volcarona, M|94\/100\n|move|p1a: Volc|Flamethrower|p2a: Volcarona\n|-damage|p2a: Volcarona|47\/100\n|\n|-weather|Sandstorm|[upkeep]\n|-damage|p2a: Volcarona|41\/100|[from] Sandstorm\n|-damage|p1a: Volc|88\/100 par|[from] Sandstorm\n|upkeep\n|turn|15\n|\n|t:|1661693924\n|move|p2a: Volcarona|Roost|p2a: Volcarona\n|-heal|p2a: Volcarona|91\/100\n|-singleturn|p2a: Volcarona|move: Roost\n|move|p1a: Volc|Flamethrower|p2a: Volcarona\n|-damage|p2a: Volcarona|45\/100\n|\n|-weather|none\n|upkeep\n|turn|16\n|\n|t:|1661693930\n|move|p2a: Volcarona|Roost|p2a: Volcarona\n|-heal|p2a: Volcarona|95\/100\n|-singleturn|p2a: Volcarona|move: Roost\n|move|p1a: Volc|Quiver Dance|p1a: Volc\n|-boost|p1a: Volc|spa|1\n|-boost|p1a: Volc|spd|1\n|-boost|p1a: Volc|spe|1\n|\n|upkeep\n|turn|17\n|\n|t:|1661693937\n|move|p2a: Volcarona|Quiver Dance|p2a: Volcarona\n|-boost|p2a: Volcarona|spa|1\n|-boost|p2a: Volcarona|spd|1\n|-boost|p2a: Volcarona|spe|1\n|move|p1a: Volc|Flamethrower|p2a: Volcarona\n|-damage|p2a: Volcarona|50\/100\n|\n|upkeep\n|turn|18\n|\n|t:|1661693944\n|move|p2a: Volcarona|Quiver Dance|p2a: Volcarona\n|-boost|p2a: Volcarona|spa|1\n|-boost|p2a: Volcarona|spd|1\n|-boost|p2a: Volcarona|spe|1\n|move|p1a: Volc|Flamethrower|p2a: Volcarona\n|-damage|p2a: Volcarona|17\/100\n|\n|upkeep\n|turn|19\n|\n|t:|1661693946\n|move|p2a: Volcarona|Roost|p2a: Volcarona\n|-heal|p2a: Volcarona|68\/100\n|-singleturn|p2a: Volcarona|move: Roost\n|move|p1a: Volc|Flamethrower|p2a: Volcarona\n|-damage|p2a: Volcarona|35\/100\n|\n|upkeep\n|turn|20\n|\n|t:|1661693949\n|move|p2a: Volcarona|Roost|p2a: Volcarona\n|-heal|p2a: Volcarona|85\/100\n|-singleturn|p2a: Volcarona|move: Roost\n|move|p1a: Volc|Flamethrower|p2a: Volcarona\n|-damage|p2a: Volcarona|49\/100\n|\n|upkeep\n|turn|21\n|\n|t:|1661693952\n|move|p2a: Volcarona|Roost|p2a: Volcarona\n|-heal|p2a: Volcarona|99\/100\n|-singleturn|p2a: Volcarona|move: Roost\n|move|p1a: Volc|Quiver Dance|p1a: Volc\n|-boost|p1a: Volc|spa|1\n|-boost|p1a: Volc|spd|1\n|-boost|p1a: Volc|spe|1\n|\n|upkeep\n|turn|22\n|\n|t:|1661693955\n|move|p2a: Volcarona|Flamethrower|p1a: Volc\n|-damage|p1a: Volc|49\/100 par\n|move|p1a: Volc|Flamethrower|p2a: Volcarona\n|-damage|p2a: Volcarona|52\/100\n|\n|upkeep\n|turn|23\n|\n|t:|1661693959\n|move|p2a: Volcarona|Flamethrower|p1a: Volc\n|-damage|p1a: Volc|10\/100 par\n|move|p1a: Volc|Flamethrower|p2a: Volcarona\n|-damage|p2a: Volcarona|6\/100\n|\n|upkeep\n|turn|24\n|\n|t:|1661693965\n|move|p2a: Volcarona|Roost|p2a: Volcarona\n|-heal|p2a: Volcarona|56\/100\n|-singleturn|p2a: Volcarona|move: Roost\n|cant|p1a: Volc|par\n|\n|upkeep\n|turn|25\n|\n|t:|1661693968\n|switch|p1a: Surpresa!|Tyranitar, F, shiny|50\/100\n|-weather|Sandstorm|[from] ability: Sand Stream|[of] p1a: Surpresa!\n|move|p2a: Volcarona|Roost|p2a: Volcarona\n|-heal|p2a: Volcarona|100\/100\n|-singleturn|p2a: Volcarona|move: Roost\n|\n|-weather|Sandstorm|[upkeep]\n|-damage|p2a: Volcarona|94\/100|[from] Sandstorm\n|-heal|p1a: Surpresa!|56\/100|[from] item: Leftovers\n|upkeep\n|turn|26\n|\n|t:|1661693972\n|switch|p2a: Ferrothorn|Ferrothorn, F|100\/100\n|move|p1a: Surpresa!|Rock Blast|p2a: Ferrothorn\n|-resisted|p2a: Ferrothorn\n|-damage|p2a: Ferrothorn|96\/100\n|-resisted|p2a: Ferrothorn\n|-damage|p2a: Ferrothorn|92\/100\n|-resisted|p2a: Ferrothorn\n|-damage|p2a: Ferrothorn|87\/100\n|-hitcount|p2a: Ferrothorn|3\n|\n|-weather|Sandstorm|[upkeep]\n|-heal|p1a: Surpresa!|63\/100|[from] item: Leftovers\n|upkeep\n|turn|27\n|\n|t:|1661693979\n|switch|p1a: Volc|Volcarona, F|10\/100 par\n|move|p2a: Ferrothorn|Iron Head|p1a: Volc\n|-resisted|p1a: Volc\n|-damage|p1a: Volc|0 fnt\n|faint|p1a: Volc\n|\n|-weather|Sandstorm|[upkeep]\n|upkeep\n|\n|t:|1661693981\n|switch|p1a: Zummm|Latias-Mega, F|63\/100\n|turn|28\n|\n|t:|1661693985\n|move|p1a: Zummm|Mystical Fire|p2a: Ferrothorn\n|-supereffective|p2a: Ferrothorn\n|-damage|p2a: Ferrothorn|22\/100\n|-unboost|p2a: Ferrothorn|spa|1\n|move|p2a: Ferrothorn|Thunder Wave|p1a: Zummm\n|-status|p1a: Zummm|par\n|\n|-weather|Sandstorm|[upkeep]\n|-damage|p1a: Zummm|57\/100 par|[from] Sandstorm\n|upkeep\n|turn|29\n|\n|t:|1661693990\n|switch|p2a: Tapu Koko|Tapu Koko|100\/100\n|-fieldstart|move: Electric Terrain|[from] ability: Electric Surge|[of] p2a: Tapu Koko\n|cant|p1a: Zummm|par\n|\n|-weather|none\n|upkeep\n|turn|30\n|\n|t:|1661693999\n|switch|p1a: Surpresa!|Tyranitar, F, shiny|63\/100\n|-weather|Sandstorm|[from] ability: Sand Stream|[of] p1a: Surpresa!\n|move|p2a: Tapu Koko|Hidden Power|p1a: Surpresa!\n|-damage|p1a: Surpresa!|54\/100\n|\n|-weather|Sandstorm|[upkeep]\n|-damage|p2a: Tapu Koko|94\/100|[from] Sandstorm\n|-heal|p1a: Surpresa!|60\/100|[from] item: Leftovers\n|upkeep\n|turn|31\n|\n|t:|1661694007\n|-zpower|p2a: Tapu Koko\n|move|p2a: Tapu Koko|Gigavolt Havoc|p1a: Surpresa!|[zeffect]\n|-damage|p1a: Surpresa!|8\/100\n|move|p1a: Surpresa!|Stealth Rock|p2a: Tapu Koko\n|-sidestart|p2: batataplays|move: Stealth Rock\n|\n|-weather|Sandstorm|[upkeep]\n|-damage|p2a: Tapu Koko|88\/100|[from] Sandstorm\n|-heal|p1a: Surpresa!|14\/100|[from] item: Leftovers\n|upkeep\n|turn|32\n|\n|t:|1661694015\n|move|p2a: Tapu Koko|Thunderbolt|p1a: Surpresa!\n|-damage|p1a: Surpresa!|0 fnt\n|faint|p1a: Surpresa!\n|\n|-weather|Sandstorm|[upkeep]\n|-damage|p2a: Tapu Koko|82\/100|[from] Sandstorm\n|upkeep\n|\n|t:|1661694017\n|switch|p1a: Saponiudo|Venusaur, M, shiny|100\/100\n|turn|33\n|\n|t:|1661694041\n|move|p2a: Tapu Koko|Volt Switch|p1a: Saponiudo\n|-resisted|p1a: Saponiudo\n|-damage|p1a: Saponiudo|79\/100\n|\n|t:|1661694043\n|switch|p2a: Ferrothorn|Ferrothorn, F|22\/100|[from]move: Volt Switch\n|-damage|p2a: Ferrothorn|16\/100|[from] Stealth Rock\n|move|p1a: Saponiudo|Earth Power|p2a: Ferrothorn\n|-crit|p2a: Ferrothorn\n|-damage|p2a: Ferrothorn|0 fnt\n|faint|p2a: Ferrothorn\n|\n|-weather|Sandstorm|[upkeep]\n|-damage|p1a: Saponiudo|73\/100|[from] Sandstorm\n|-fieldend|move: Electric Terrain\n|upkeep\n|\n|t:|1661694050\n|switch|p2a: Volcarona|Volcarona, M|94\/100\n|turn|34\n|\n|t:|1661694065\n|switch|p1a: Zummm|Latias-Mega, F|57\/100 par\n|switch|p2a: Tapu Koko|Tapu Koko|82\/100\n|-damage|p2a: Tapu Koko|70\/100|[from] Stealth Rock\n|-fieldstart|move: Electric Terrain|[from] ability: Electric Surge|[of] p2a: Tapu Koko\n|\n|-weather|none\n|upkeep\n|turn|35\n|\n|t:|1661694071\n|move|p2a: Tapu Koko|Volt Switch|p1a: Zummm\n|-resisted|p1a: Zummm\n|-damage|p1a: Zummm|43\/100 par\n|\n|t:|1661694073\n|switch|p2a: Volcarona|Volcarona, M|94\/100|[from]move: Volt Switch\n|move|p1a: Zummm|Psyshock|p2a: Volcarona\n|-crit|p2a: Volcarona\n|-damage|p2a: Volcarona|36\/100\n|\n|upkeep\n|turn|36\n|\n|t:|1661694080\n|move|p2a: Volcarona|Roost|p2a: Volcarona\n|-heal|p2a: Volcarona|86\/100\n|-singleturn|p2a: Volcarona|move: Roost\n|move|p1a: Zummm|Psyshock|p2a: Volcarona\n|-damage|p2a: Volcarona|47\/100\n|\n|upkeep\n|turn|37\n|\n|t:|1661694088\n|move|p2a: Volcarona|Roost|p2a: Volcarona\n|-heal|p2a: Volcarona|97\/100\n|-singleturn|p2a: Volcarona|move: Roost\n|cant|p1a: Zummm|par\n|\n|upkeep\n|turn|38\n|\n|t:|1661694092\n|move|p2a: Volcarona|Quiver Dance|p2a: Volcarona\n|-boost|p2a: Volcarona|spa|1\n|-boost|p2a: Volcarona|spd|1\n|-boost|p2a: Volcarona|spe|1\n|move|p1a: Zummm|Draco Meteor|p2a: Volcarona|[miss]\n|-miss|p1a: Zummm|p2a: Volcarona\n|\n|-fieldend|move: Electric Terrain\n|upkeep\n|turn|39\n|\n|t:|1661694098\n|move|p2a: Volcarona|Flamethrower|p1a: Zummm\n|-resisted|p1a: Zummm\n|-damage|p1a: Zummm|22\/100 par\n|move|p1a: Zummm|Draco Meteor|p2a: Volcarona\n|-damage|p2a: Volcarona|61\/100\n|-unboost|p1a: Zummm|spa|2\n|\n|upkeep\n|turn|40\n|\n|t:|1661694106\n|move|p2a: Volcarona|Flamethrower|p1a: Zummm\n|-resisted|p1a: Zummm\n|-damage|p1a: Zummm|1\/100 par\n|cant|p1a: Zummm|par\n|\n|upkeep\n|turn|41\n|\n|t:|1661694111\n|move|p2a: Volcarona|Flamethrower|p1a: Zummm\n|-resisted|p1a: Zummm\n|-damage|p1a: Zummm|0 fnt\n|faint|p1a: Zummm\n|\n|upkeep\n|\n|t:|1661694113\n|switch|p1a: Saponiudo|Venusaur, M, shiny|73\/100\n|turn|42\n|\n|t:|1661694124\n|move|p2a: Volcarona|Psychic|p1a: Saponiudo\n|-supereffective|p1a: Saponiudo\n|-damage|p1a: Saponiudo|0 fnt\n|faint|p1a: Saponiudo\n|\n|win|batataplays\n|c|\u2606Aelson\/ TS|Boa\n|c|\u2606batataplays|vlw\n|c|\u2606Aelson\/ TS|Jogo muito\n|c|\u2606batataplays|tu tbm\n|c|\u2606batataplays|me lasquei sem o landorus\n|c|\u2606batataplays|slc\n","uploadtime":1661694142,"views":12,"p1id":"aelsonts","p2id":"batataplays","formatid":"gen8nationaldex","rating":0,"private":0,"password":null}