{"id":"gen8battlestadiumsingles-1552306969","p1":"Abhk \u516d","p2":"Bannedbyweek2","format":"gen8battlestadiumsingles","log":"|j|\u2606Abhk \u516d\n|j|\u2606Bannedbyweek2\n|inactive|Battle timer is ON: inactive players will automatically lose when time's up.\n|t:|1649830968\n|gametype|singles\n|player|p1|Abhk \u516d|brawly|\n|player|p2|Bannedbyweek2|unknown|\n|teamsize|p1|6\n|teamsize|p2|6\n|gen|8\n|tier|[Gen 8] Battle Stadium Singles\n|rated|Tournament battle\n|rule|Species Clause: Limit one of each Pok\u00e9mon\n|rule|Item Clause: Limit one of each item\n|clearpoke\n|poke|p1|Calyrex-Shadow, L50|\n|poke|p1|Ferrothorn, L50, M|\n|poke|p1|Mamoswine, L50, M|\n|poke|p1|Zapdos, L50|\n|poke|p1|Urshifu-*, L50, F|\n|poke|p1|Tyranitar, L50, M|\n|poke|p2|Zapdos, L50|\n|poke|p2|Urshifu-*, L50, M|\n|poke|p2|Swampert, L50, F|\n|poke|p2|Zacian-*, L50|\n|poke|p2|Dragapult, L50, F|\n|poke|p2|Porygon2, L50|\n|teampreview|3\n|j|*Lady Monita \u273f\n|c|\u2606Bannedbyweek2|hf\n|c|\u2606Abhk \u516d|Glhf!\n|j| TDR\n|inactive|Abhk \u516d has 120 seconds left.\n|inactive|Bannedbyweek2 has 120 seconds left.\n|j| Wash Rot0m\n|inactive|Abhk \u516d has 90 seconds left.\n|\n|t:|1649831031\n|start\n|switch|p1a: Mamoswine|Mamoswine, L50, M|100\/100\n|switch|p2a: Urshifu|Urshifu-Rapid-Strike, L50, M|100\/100\n|turn|1\n|\n|t:|1649831059\n|switch|p1a: Urshifu|Urshifu-Rapid-Strike, L50, F|100\/100\n|move|p2a: Urshifu|Close Combat|p1a: Urshifu\n|-damage|p1a: Urshifu|4\/100\n|-unboost|p2a: Urshifu|def|1\n|-unboost|p2a: Urshifu|spd|1\n|\n|upkeep\n|turn|2\n|\n|t:|1649831070\n|switch|p1a: Zapdos|Zapdos, L50|100\/100\n|move|p2a: Urshifu|Close Combat|p1a: Zapdos\n|-resisted|p1a: Zapdos\n|-damage|p1a: Zapdos|46\/100\n|-unboost|p2a: Urshifu|def|1\n|-unboost|p2a: Urshifu|spd|1\n|\n|upkeep\n|turn|3\n|\n|t:|1649831099\n|switch|p2a: Porygon2|Porygon2, L50|100\/100\n|-start|p1a: Zapdos|Dynamax|\n|-heal|p1a: Zapdos|46\/100|[silent]\n|move|p1a: Zapdos|Max Airstream|p2a: Porygon2\n|-damage|p2a: Porygon2|64\/100\n|-boost|p1a: Zapdos|spe|1\n|\n|upkeep\n|turn|4\n|\n|t:|1649831110\n|move|p1a: Zapdos|Max Lightning|p2a: Porygon2\n|-damage|p2a: Porygon2|35\/100\n|-fieldstart|move: Electric Terrain\n|move|p2a: Porygon2|Recover|p2a: Porygon2\n|-heal|p2a: Porygon2|85\/100\n|\n|upkeep\n|turn|5\n|\n|t:|1649831122\n|move|p1a: Zapdos|Max Lightning|p2a: Porygon2\n|-damage|p2a: Porygon2|55\/100\n|move|p2a: Porygon2|Recover|p2a: Porygon2\n|-heal|p2a: Porygon2|100\/100\n|\n|-end|p1a: Zapdos|Dynamax\n|-heal|p1a: Zapdos|46\/100|[silent]\n|upkeep\n|turn|6\n|\n|t:|1649831136\n|move|p1a: Zapdos|Thunderbolt|p2a: Porygon2\n|-damage|p2a: Porygon2|67\/100\n|-status|p2a: Porygon2|par\n|move|p2a: Porygon2|Ice Beam|p1a: Zapdos\n|-supereffective|p1a: Zapdos\n|-crit|p1a: Zapdos\n|-damage|p1a: Zapdos|0 fnt\n|faint|p1a: Zapdos\n|\n|upkeep\n|\n|t:|1649831143\n|switch|p1a: Urshifu|Urshifu-Rapid-Strike, L50, F|4\/100\n|turn|7\n|\n|t:|1649831146\n|move|p1a: Urshifu|Close Combat|p2a: Porygon2\n|-supereffective|p2a: Porygon2\n|-damage|p2a: Porygon2|0 fnt\n|-unboost|p1a: Urshifu|def|1\n|-unboost|p1a: Urshifu|spd|1\n|faint|p2a: Porygon2\n|\n|upkeep\n|\n|t:|1649831151\n|switch|p2a: Urshifu|Urshifu-Rapid-Strike, L50, M|100\/100\n|turn|8\n|\n|t:|1649831155\n|move|p1a: Urshifu|Close Combat|p2a: Urshifu\n|-damage|p2a: Urshifu|42\/100\n|-unboost|p1a: Urshifu|def|1\n|-unboost|p1a: Urshifu|spd|1\n|move|p2a: Urshifu|Thunder Punch|p1a: Urshifu\n|-supereffective|p1a: Urshifu\n|-damage|p1a: Urshifu|0 fnt\n|faint|p1a: Urshifu\n|\n|-fieldend|move: Electric Terrain\n|upkeep\n|\n|t:|1649831162\n|switch|p1a: Mamoswine|Mamoswine, L50, M|100\/100\n|turn|9\n|\n|t:|1649831165\n|move|p2a: Urshifu|Thunder Punch|p1a: Mamoswine\n|-immune|p1a: Mamoswine\n|move|p1a: Mamoswine|Earthquake|p2a: Urshifu\n|-damage|p2a: Urshifu|0 fnt\n|faint|p2a: Urshifu\n|\n|upkeep\n|\n|t:|1649831172\n|switch|p2a: Zacian|Zacian-Crowned, L50|100\/100\n|-ability|p2a: Zacian|Intrepid Sword|boost\n|-boost|p2a: Zacian|atk|1\n|turn|10\n|\n|t:|1649831175\n|move|p2a: Zacian|Play Rough|p1a: Mamoswine\n|-damage|p1a: Mamoswine|0 fnt\n|faint|p1a: Mamoswine\n|\n|win|Bannedbyweek2\n|n|\u2606Abhk \u516d|abhk\n|n|\u2606Bannedbyweek2|bannedbyweek2\n|n|*Lady Monita \u273f|ladymonita\n|n| TDR|tdr\n|n| Wash Rot0m|washrot0m\n|l|*Lady Monita \u273f\n|c|\u2606Bannedbyweek2|wait wait\n|c|\u2606Bannedbyweek2|I am nbot clicking\n|c|\u2606Abhk \u516d|Gg\n|l|\u2606Abhk \u516d\n|n|!Bannedbyweek2|bannedbyweek2\n|l| TDR\n|l| Wash Rot0m\n|j|@TPP\n|l|@TPP\n|j| Some Thug (\n|l| Some Thug (\n","uploadtime":1649831190,"views":38,"p1id":"abhk","p2id":"bannedbyweek2","formatid":"gen8battlestadiumsingles","rating":0,"private":0,"password":null}