{"id":"gen8ou-1542275851","p1":"TheCortexKing","p2":"BRIFYE","format":"gen8ou","log":"|j|\u2606TheCortexKing\n|j|\u2606BRIFYE\n|t:|1648660832\n|gametype|singles\n|player|p1|TheCortexKing|grimsley-gen7|1493\n|player|p2|BRIFYE|169|1543\n|teamsize|p1|6\n|teamsize|p2|6\n|gen|8\n|tier|[Gen 8] OU\n|rated|\n|rule|Sleep Clause Mod: Limit one foe put to sleep\n|rule|Species Clause: Limit one of each Pok\u00e9mon\n|rule|OHKO Clause: OHKO moves are banned\n|rule|Evasion Moves Clause: Evasion moves are banned\n|rule|Endless Battle Clause: Forcing endless battles is banned\n|rule|HP Percentage Mod: HP is shown in percentages\n|rule|Dynamax Clause: You cannot dynamax\n|clearpoke\n|poke|p1|Moltres-Galar|\n|poke|p1|Nihilego|\n|poke|p1|Landorus-Therian, M|\n|poke|p1|Dragapult, M|\n|poke|p1|Scizor, F|\n|poke|p1|Tapu Fini|\n|poke|p2|Zapdos|\n|poke|p2|Urshifu-*, F|\n|poke|p2|Dragapult, M|\n|poke|p2|Scizor, M|\n|poke|p2|Landorus-Therian, M|\n|poke|p2|Tapu Lele|\n|teampreview\n|inactive|Battle timer is ON: inactive players will automatically lose when time's up. (requested by TheCortexKing)\n|\n|t:|1648660852\n|start\n|switch|p1a: Landorus|Landorus-Therian, M|100\/100\n|switch|p2a: Tapu Lele|Tapu Lele|100\/100\n|-fieldstart|move: Psychic Terrain|[from] ability: Psychic Surge|[of] p2a: Tapu Lele\n|-ability|p1a: Landorus|Intimidate|boost\n|-unboost|p2a: Tapu Lele|atk|1\n|turn|1\n|\n|t:|1648660860\n|switch|p1a: Tapu Fini|Tapu Fini|100\/100\n|-fieldstart|move: Misty Terrain|[from] ability: Misty Surge|[of] p1a: Tapu Fini\n|move|p2a: Tapu Lele|Psychic|p1a: Tapu Fini\n|-damage|p1a: Tapu Fini|68\/100\n|\n|-heal|p1a: Tapu Fini|74\/100|[from] item: Leftovers\n|upkeep\n|turn|2\n|\n|t:|1648660869\n|move|p2a: Tapu Lele|Psychic|p1a: Tapu Fini\n|-damage|p1a: Tapu Fini|38\/100\n|move|p1a: Tapu Fini|Knock Off|p2a: Tapu Lele\n|-damage|p2a: Tapu Lele|78\/100\n|-enditem|p2a: Tapu Lele|Choice Scarf|[from] move: Knock Off|[of] p1a: Tapu Fini\n|\n|-heal|p1a: Tapu Fini|44\/100|[from] item: Leftovers\n|upkeep\n|turn|3\n|\n|t:|1648660883\n|move|p2a: Tapu Lele|Moonblast|p1a: Tapu Fini\n|-damage|p1a: Tapu Fini|10\/100\n|move|p1a: Tapu Fini|Scald|p2a: Tapu Lele\n|-damage|p2a: Tapu Lele|48\/100\n|\n|-heal|p1a: Tapu Fini|16\/100|[from] item: Leftovers\n|upkeep\n|turn|4\n|\n|t:|1648660892\n|move|p2a: Tapu Lele|Psychic|p1a: Tapu Fini\n|-damage|p1a: Tapu Fini|0 fnt\n|faint|p1a: Tapu Fini\n|\n|upkeep\n|\n|t:|1648660912\n|switch|p1a: Nihilego|Nihilego|100\/100\n|turn|5\n|\n|t:|1648660926\n|move|p1a: Nihilego|Meteor Beam||[still]\n|-prepare|p1a: Nihilego|Meteor Beam\n|-boost|p1a: Nihilego|spa|1\n|-enditem|p1a: Nihilego|Power Herb\n|-anim|p1a: Nihilego|Meteor Beam|p2a: Tapu Lele\n|-damage|p2a: Tapu Lele|0 fnt\n|faint|p2a: Tapu Lele\n|-ability|p1a: Nihilego|Beast Boost|boost\n|-boost|p1a: Nihilego|spe|1\n|\n|-fieldend|Misty Terrain\n|upkeep\n|\n|t:|1648660935\n|switch|p2a: Landorus|Landorus-Therian, M|100\/100\n|-ability|p2a: Landorus|Intimidate|boost\n|-unboost|p1a: Nihilego|atk|1\n|turn|6\n|\n|t:|1648660939\n|switch|p1a: Landorus|Landorus-Therian, M|100\/100\n|-ability|p1a: Landorus|Intimidate|boost\n|-unboost|p2a: Landorus|atk|1\n|move|p2a: Landorus|Earthquake|p1a: Landorus\n|-immune|p1a: Landorus\n|\n|upkeep\n|turn|7\n|\n|t:|1648660951\n|move|p2a: Landorus|Toxic|p1a: Landorus\n|-status|p1a: Landorus|tox\n|move|p1a: Landorus|Stealth Rock|p2a: Landorus\n|-sidestart|p2: BRIFYE|move: Stealth Rock\n|\n|-damage|p1a: Landorus|94\/100 tox|[from] psn\n|upkeep\n|turn|8\n|\n|t:|1648660957\n|move|p2a: Landorus|Stealth Rock|p1a: Landorus\n|-sidestart|p1: TheCortexKing|move: Stealth Rock\n|move|p1a: Landorus|Knock Off|p2a: Landorus\n|-damage|p2a: Landorus|73\/100\n|-enditem|p2a: Landorus|Leftovers|[from] move: Knock Off|[of] p1a: Landorus\n|\n|-heal|p1a: Landorus|100\/100 tox|[from] item: Leftovers\n|-damage|p1a: Landorus|88\/100 tox|[from] psn\n|upkeep\n|turn|9\n|\n|t:|1648660965\n|move|p2a: Landorus|U-turn|p1a: Landorus\n|-resisted|p1a: Landorus\n|-damage|p1a: Landorus|82\/100 tox\n|\n|t:|1648660971\n|switch|p2a: Piaf|Zapdos|100\/100|[from]move: U-turn\n|move|p1a: Landorus|U-turn|p2a: Piaf\n|-resisted|p2a: Piaf\n|-damage|p2a: Piaf|92\/100\n|\n|t:|1648660981\n|switch|p1a: Nihilego|Nihilego|100\/100|[from]move: U-turn\n|-damage|p1a: Nihilego|88\/100|[from] Stealth Rock\n|\n|upkeep\n|turn|10\n|\n|t:|1648660986\n|move|p1a: Nihilego|Meteor Beam||[still]\n|-prepare|p1a: Nihilego|Meteor Beam\n|-boost|p1a: Nihilego|spa|1\n|move|p2a: Piaf|Discharge|p1a: Nihilego\n|-damage|p1a: Nihilego|62\/100\n|\n|upkeep\n|turn|11\n|inactive|BRIFYE has 120 seconds left.\n|\n|t:|1648661031\n|move|p1a: Nihilego|Meteor Beam|p2a: Piaf|[from]lockedmove\n|-supereffective|p2a: Piaf\n|-damage|p2a: Piaf|0 fnt\n|faint|p2a: Piaf\n|-ability|p1a: Nihilego|Beast Boost|boost\n|-boost|p1a: Nihilego|spe|1\n|\n|upkeep\n|\n|t:|1648661037\n|switch|p2a: Landorus|Landorus-Therian, M|73\/100\n|-damage|p2a: Landorus|61\/100|[from] Stealth Rock\n|-ability|p2a: Landorus|Intimidate|boost\n|-unboost|p1a: Nihilego|atk|1\n|turn|12\n|\n|t:|1648661044\n|switch|p1a: Landorus|Landorus-Therian, M|82\/100 tox\n|-damage|p1a: Landorus|70\/100 tox|[from] Stealth Rock\n|-ability|p1a: Landorus|Intimidate|boost\n|-unboost|p2a: Landorus|atk|1\n|move|p2a: Landorus|Earthquake|p1a: Landorus\n|-immune|p1a: Landorus\n|\n|-heal|p1a: Landorus|76\/100 tox|[from] item: Leftovers\n|-damage|p1a: Landorus|70\/100 tox|[from] psn\n|upkeep\n|turn|13\n|inactive|BRIFYE has 120 seconds left.\n|\n|t:|1648661062\n|switch|p2a: Buggy|Scizor, M|100\/100\n|-damage|p2a: Buggy|88\/100|[from] Stealth Rock\n|move|p1a: Landorus|U-turn|p2a: Buggy\n|-resisted|p2a: Buggy\n|-damage|p2a: Buggy|77\/100\n|\n|t:|1648661067\n|switch|p1a: Dragapult|Dragapult, M|100\/100|[from]move: U-turn\n|-damage|p1a: Dragapult|88\/100|[from] Stealth Rock\n|\n|-heal|p2a: Buggy|84\/100|[from] item: Leftovers\n|upkeep\n|turn|14\n|inactive|BRIFYE has 120 seconds left.\n|\n|t:|1648661077\n|move|p1a: Dragapult|Flamethrower|p2a: Buggy\n|-supereffective|p2a: Buggy\n|-damage|p2a: Buggy|0 fnt\n|faint|p2a: Buggy\n|\n|upkeep\n|inactive|BRIFYE has 120 seconds left.\n|\n|t:|1648661083\n|switch|p2a: Pute|Dragapult, M|100\/100\n|-damage|p2a: Pute|88\/100|[from] Stealth Rock\n|turn|15\n|\n|t:|1648661093\n|switch|p1a: Scizor|Scizor, F|100\/100\n|move|p2a: Pute|Dragon Dance|p2a: Pute\n|-boost|p2a: Pute|atk|1\n|-boost|p2a: Pute|spe|1\n|\n|upkeep\n|turn|16\n|\n|t:|1648661099\n|move|p1a: Scizor|Bullet Punch|p2a: Pute\n|-damage|p2a: Pute|50\/100\n|move|p2a: Pute|Flamethrower|p1a: Scizor\n|-supereffective|p1a: Scizor\n|-damage|p1a: Scizor|7\/100\n|-damage|p2a: Pute|40\/100|[from] item: Life Orb\n|\n|upkeep\n|turn|17\n|\n|t:|1648661107\n|move|p1a: Scizor|Bullet Punch|p2a: Pute\n|-damage|p2a: Pute|6\/100\n|move|p2a: Pute|Flamethrower|p1a: Scizor\n|-supereffective|p1a: Scizor\n|-damage|p1a: Scizor|0 fnt\n|faint|p1a: Scizor\n|-damage|p2a: Pute|0 fnt|[from] item: Life Orb\n|faint|p2a: Pute\n|\n|upkeep\n|\n|t:|1648661118\n|switch|p2a: Teddy|Urshifu-Rapid-Strike, F|100\/100\n|switch|p1a: Dragapult|Dragapult, M|88\/100\n|-damage|p1a: Dragapult|76\/100|[from] Stealth Rock\n|-damage|p2a: Teddy|94\/100|[from] Stealth Rock\n|turn|18\n|\n|t:|1648661125\n|move|p1a: Dragapult|Draco Meteor|p2a: Teddy\n|-damage|p2a: Teddy|0 fnt\n|-unboost|p1a: Dragapult|spa|2\n|faint|p2a: Teddy\n|\n|upkeep\n|-message|BRIFYE forfeited.\n|\n|win|TheCortexKing\n|raw|TheCortexKing's rating: 1493 &rarr; <strong>1516<\/strong><br \/>(+23 for winning)\n|raw|BRIFYE's rating: 1543 &rarr; <strong>1520<\/strong><br \/>(-23 for losing)\n|l|\u2606BRIFYE\n||Ladder isn't responding, score probably updated but might not have (Request timeout).\n","uploadtime":1648661450,"views":18,"p1id":"thecortexking","p2id":"brifye","formatid":"gen8ou","rating":1516,"private":0,"password":null}