{"id":"gen8nfe-1684843358","p1":"Talonflame","p2":"Unviabriel","format":"gen8nfe","log":"|j|\u2606Talonflame\n|j|\u2606Unviabriel\n|t:|1665677164\n|gametype|singles\n|player|p1|Talonflame|#ut|\n|player|p2|Unviabriel|shauntal|\n|teamsize|p1|6\n|teamsize|p2|6\n|gen|8\n|tier|[Gen 8] NFE\n|rule|Species Clause: Limit one of each Pok\u00e9mon\n|rule|OHKO Clause: OHKO moves are banned\n|rule|Evasion Moves Clause: Evasion moves are banned\n|rule|Endless Battle Clause: Forcing endless battles is banned\n|rule|Dynamax Clause: You cannot dynamax\n|rule|HP Percentage Mod: HP is shown in percentages\n|rule|Sleep Clause Mod: Limit one foe put to sleep\n|clearpoke\n|poke|p1|Electabuzz, F|\n|poke|p1|Raboot, F|\n|poke|p1|Gurdurr, F|\n|poke|p1|Piloswine, F|\n|poke|p1|Roselia, F|\n|poke|p1|Vullaby, F|\n|poke|p2|Vullaby, F|\n|poke|p2|Raboot, F|\n|poke|p2|Corsola-Galar, F|\n|poke|p2|Hattrem, F|\n|poke|p2|Piloswine, F|\n|poke|p2|Gurdurr, M|\n|teampreview\n|c|\u2606Unviabriel|glhf\n|c|\u2606Talonflame|gl and hf\n|j|&Alpha\n|\n|t:|1665677238\n|start\n|switch|p1a: Raboot|Raboot, F|100\/100\n|switch|p2a: Vullaby|Vullaby, F|100\/100\n|turn|1\n|\n|t:|1665677254\n|move|p1a: Raboot|U-turn|p2a: Vullaby\n|-start|p1a: Raboot|typechange|Bug|[from] ability: Libero\n|-damage|p2a: Vullaby|59\/100\n|\n|t:|1665677259\n|switch|p1a: Vullaby|Vullaby, F|100\/100|[from]move: U-turn\n|move|p2a: Vullaby|Knock Off|p1a: Vullaby\n|-resisted|p1a: Vullaby\n|-damage|p1a: Vullaby|92\/100\n|-enditem|p1a: Vullaby|Eviolite|[from] move: Knock Off|[of] p2a: Vullaby\n|\n|upkeep\n|turn|2\n|\n|t:|1665677276\n|move|p2a: Vullaby|Toxic|p1a: Vullaby\n|-status|p1a: Vullaby|tox\n|move|p1a: Vullaby|Thief|p2a: Vullaby\n|-resisted|p2a: Vullaby\n|-damage|p2a: Vullaby|54\/100\n|-enditem|p2a: Vullaby|Eviolite|[silent]|[from] move: Thief|[of] p1a: Vullaby\n|-item|p1a: Vullaby|Eviolite|[from] move: Thief|[of] p2a: Vullaby\n|\n|-damage|p1a: Vullaby|86\/100 tox|[from] psn\n|upkeep\n|turn|3\n|\n|t:|1665677299\n|move|p2a: Vullaby|Roost|p2a: Vullaby\n|-heal|p2a: Vullaby|100\/100\n|-singleturn|p2a: Vullaby|move: Roost\n|move|p1a: Vullaby|Toxic|p2a: Vullaby\n|-status|p2a: Vullaby|tox\n|\n|-damage|p2a: Vullaby|94\/100 tox|[from] psn\n|-damage|p1a: Vullaby|74\/100 tox|[from] psn\n|upkeep\n|turn|4\n|\n|t:|1665677350\n|switch|p2a: Piloswine|Piloswine, F|100\/100\n|switch|p1a: Gurdurr|Gurdurr, F|100\/100\n|\n|upkeep\n|turn|5\n|\n|t:|1665677368\n|switch|p2a: Vullaby|Vullaby, F|94\/100 tox\n|move|p1a: Gurdurr|Bulk Up|p1a: Gurdurr\n|-boost|p1a: Gurdurr|atk|1\n|-boost|p1a: Gurdurr|def|1\n|\n|-damage|p2a: Vullaby|88\/100 tox|[from] psn\n|upkeep\n|turn|6\n|\n|t:|1665677400\n|move|p2a: Vullaby|Knock Off|p1a: Gurdurr\n|-resisted|p1a: Gurdurr\n|-damage|p1a: Gurdurr|96\/100\n|-enditem|p1a: Gurdurr|Eviolite|[from] move: Knock Off|[of] p2a: Vullaby\n|move|p1a: Gurdurr|Drain Punch|p2a: Vullaby\n|-damage|p2a: Vullaby|19\/100 tox\n|-heal|p1a: Gurdurr|100\/100|[from] drain|[of] p2a: Vullaby\n|\n|-damage|p2a: Vullaby|7\/100 tox|[from] psn\n|upkeep\n|turn|7\n|\n|t:|1665677477\n|move|p2a: Vullaby|Toxic|p1a: Gurdurr\n|-status|p1a: Gurdurr|tox\n|move|p1a: Gurdurr|Knock Off|p2a: Vullaby\n|-resisted|p2a: Vullaby\n|-damage|p2a: Vullaby|0 fnt\n|faint|p2a: Vullaby\n|\n|-damage|p1a: Gurdurr|94\/100 tox|[from] psn\n|upkeep\n|\n|t:|1665677527\n|switch|p2a: Hattrem|Hattrem, F|100\/100\n|turn|8\n|\n|t:|1665677533\n|move|p2a: Hattrem|Psychic|p1a: Gurdurr\n|-supereffective|p1a: Gurdurr\n|-damage|p1a: Gurdurr|10\/100 tox\n|move|p1a: Gurdurr|Knock Off|p2a: Hattrem\n|-supereffective|p2a: Hattrem\n|-damage|p2a: Hattrem|0 fnt\n|-enditem|p2a: Hattrem|Eviolite|[from] move: Knock Off|[of] p1a: Gurdurr\n|faint|p2a: Hattrem\n|\n|-damage|p1a: Gurdurr|0 fnt|[from] psn\n|faint|p1a: Gurdurr\n|upkeep\n|\n|t:|1665677567\n|switch|p2a: Piloswine|Piloswine, F|100\/100\n|switch|p1a: Raboot|Raboot, F|100\/100\n|turn|9\n|\n|t:|1665677594\n|switch|p2a: Corsola|Corsola-Galar, F|100\/100\n|move|p1a: Raboot|Flare Blitz|p2a: Corsola\n|-damage|p2a: Corsola|59\/100\n|-damage|p1a: Raboot|84\/100|[from] Recoil\n|\n|upkeep\n|turn|10\n|\n|t:|1665677606\n|switch|p1a: Vullaby|Vullaby, F|74\/100 tox\n|move|p2a: Corsola|Strength Sap|p1a: Vullaby\n|-unboost|p1a: Vullaby|atk|1\n|-heal|p2a: Corsola|100\/100\n|\n|-damage|p1a: Vullaby|68\/100 tox|[from] psn\n|upkeep\n|turn|11\n|\n|t:|1665677619\n|switch|p2a: Gurdurr|Gurdurr, M|100\/100\n|move|p1a: Vullaby|Thief|p2a: Gurdurr\n|-resisted|p2a: Gurdurr\n|-damage|p2a: Gurdurr|98\/100\n|\n|-damage|p1a: Vullaby|56\/100 tox|[from] psn\n|upkeep\n|turn|12\n|\n|t:|1665677633\n|switch|p1a: Roselia|Roselia, F|100\/100\n|move|p2a: Gurdurr|Drain Punch|p1a: Roselia\n|-resisted|p1a: Roselia\n|-crit|p1a: Roselia\n|-damage|p1a: Roselia|69\/100\n|-heal|p2a: Gurdurr|100\/100|[from] drain|[of] p1a: Roselia\n|\n|upkeep\n|turn|13\n|j| OUTDeeznuts\n|\n|t:|1665677703\n|move|p1a: Roselia|Spikes|p2a: Gurdurr\n|-sidestart|p2: Unviabriel|Spikes\n|move|p2a: Gurdurr|Knock Off|p1a: Roselia\n|-damage|p1a: Roselia|38\/100\n|-enditem|p1a: Roselia|Eviolite|[from] move: Knock Off|[of] p2a: Gurdurr\n|\n|upkeep\n|turn|14\n|\n|t:|1665677715\n|move|p1a: Roselia|Synthesis|p1a: Roselia\n|-heal|p1a: Roselia|88\/100\n|move|p2a: Gurdurr|Knock Off|p1a: Roselia\n|-damage|p1a: Roselia|52\/100\n|-status|p2a: Gurdurr|psn|[from] ability: Poison Point|[of] p1a: Roselia\n|\n|-damage|p2a: Gurdurr|88\/100 psn|[from] psn\n|upkeep\n|turn|15\n|\n|t:|1665677733\n|move|p1a: Roselia|Synthesis|p1a: Roselia\n|-heal|p1a: Roselia|100\/100\n|move|p2a: Gurdurr|Knock Off|p1a: Roselia\n|-damage|p1a: Roselia|69\/100\n|\n|-damage|p2a: Gurdurr|76\/100 psn|[from] psn\n|upkeep\n|turn|16\n|c|\u2606Unviabriel|i'm so stupid\n|c|\u2606Talonflame|I don't think you're stupid\n|\n|t:|1665677780\n|switch|p2a: Raboot|Raboot, F|100\/100\n|-damage|p2a: Raboot|88\/100|[from] Spikes\n|move|p1a: Roselia|Spikes|p2a: Raboot\n|-sidestart|p2: Unviabriel|Spikes\n|\n|upkeep\n|turn|17\n|\n|t:|1665677793\n|switch|p1a: Piloswine|Piloswine, F|100\/100\n|move|p2a: Raboot|Flare Blitz|p1a: Piloswine\n|-supereffective|p1a: Piloswine\n|-damage|p1a: Piloswine|49\/100\n|-damage|p2a: Raboot|64\/100|[from] Recoil\n|\n|upkeep\n|turn|18\n|\n|t:|1665677838\n|switch|p1a: Vullaby|Vullaby, F|56\/100 tox\n|move|p2a: Raboot|Flare Blitz|p1a: Vullaby\n|-damage|p1a: Vullaby|0 fnt\n|faint|p1a: Vullaby\n|-damage|p2a: Raboot|41\/100|[from] Recoil\n|\n|upkeep\n|\n|t:|1665677849\n|switch|p1a: Electabuzz|Electabuzz, F|100\/100\n|turn|19\n|\n|t:|1665677889\n|switch|p2a: Corsola|Corsola-Galar, F|100\/100\n|-damage|p2a: Corsola|84\/100|[from] Spikes\n|move|p1a: Electabuzz|Focus Blast|p2a: Corsola\n|-immune|p2a: Corsola\n|\n|upkeep\n|turn|20\n|\n|t:|1665677931\n|move|p1a: Electabuzz|Thunderbolt|p2a: Corsola\n|-damage|p2a: Corsola|58\/100\n|move|p2a: Corsola|Night Shade|p1a: Electabuzz\n|-damage|p1a: Electabuzz|64\/100\n|\n|upkeep\n|turn|21\n|c|\u2606Talonflame|oh that does zero\n|\n|t:|1665677943\n|move|p1a: Electabuzz|Volt Switch|p2a: Corsola\n|-damage|p2a: Corsola|36\/100\n|-start|p1a: Electabuzz|Disable|Volt Switch|[from] ability: Cursed Body|[of] p2a: Corsola\n|\n|t:|1665677947\n|switch|p1a: Roselia|Roselia, F|69\/100|[from]move: Volt Switch\n|move|p2a: Corsola|Strength Sap|p1a: Roselia\n|-unboost|p1a: Roselia|atk|1\n|-heal|p2a: Corsola|71\/100\n|\n|upkeep\n|turn|22\n|\n|t:|1665677959\n|switch|p2a: Gurdurr|Gurdurr, M|76\/100 psn\n|-damage|p2a: Gurdurr|59\/100 psn|[from] Spikes\n|move|p1a: Roselia|Shadow Ball|p2a: Gurdurr\n|-damage|p2a: Gurdurr|45\/100 psn\n|\n|-damage|p2a: Gurdurr|32\/100 psn|[from] psn\n|upkeep\n|turn|23\n|\n|t:|1665677986\n|move|p1a: Roselia|Leaf Storm|p2a: Gurdurr\n|-damage|p2a: Gurdurr|0 fnt\n|-unboost|p1a: Roselia|spa|2\n|faint|p2a: Gurdurr\n|\n|upkeep\n|c|\u2606Unviabriel|what the hell\n|c|\u2606Talonflame|hm?\n|c|\u2606Unviabriel|this rose just confuses me\n|c|\u2606Talonflame|beauts do you have any answers?\n|c|\u2606Talonflame|oh they didn't actually join\n|\n|t:|1665678144\n|switch|p2a: Piloswine|Piloswine, F|100\/100\n|-damage|p2a: Piloswine|84\/100|[from] Spikes\n|turn|24\n|\n|t:|1665678148\n|switch|p1a: Piloswine|Piloswine, F|49\/100\n|move|p2a: Piloswine|Ice Shard|p1a: Piloswine\n|-damage|p1a: Piloswine|42\/100\n|\n|upkeep\n|turn|25\n|\n|t:|1665678200\n|move|p1a: Piloswine|Stealth Rock|p2a: Piloswine\n|-sidestart|p2: Unviabriel|move: Stealth Rock\n|move|p2a: Piloswine|Stealth Rock|p1a: Piloswine\n|-sidestart|p1: Talonflame|move: Stealth Rock\n|\n|upkeep\n|turn|26\n|\n|t:|1665678203\n|move|p1a: Piloswine|Earthquake|p2a: Piloswine\n|-damage|p2a: Piloswine|49\/100\n|move|p2a: Piloswine|Earthquake|p1a: Piloswine\n|-damage|p1a: Piloswine|9\/100\n|\n|upkeep\n|turn|27\n|\n|t:|1665678217\n|move|p1a: Piloswine|Earthquake|p2a: Piloswine\n|-damage|p2a: Piloswine|16\/100\n|move|p2a: Piloswine|Earthquake|p1a: Piloswine\n|-damage|p1a: Piloswine|0 fnt\n|faint|p1a: Piloswine\n|\n|upkeep\n|\n|t:|1665678222\n|switch|p1a: Raboot|Raboot, F|84\/100\n|-damage|p1a: Raboot|59\/100|[from] Stealth Rock\n|turn|28\n|\n|t:|1665678235\n|move|p2a: Piloswine|Ice Shard|p1a: Raboot\n|-resisted|p1a: Raboot\n|-damage|p1a: Raboot|42\/100\n|move|p1a: Raboot|Flare Blitz|p2a: Piloswine\n|-supereffective|p2a: Piloswine\n|-damage|p2a: Piloswine|0 fnt\n|faint|p2a: Piloswine\n|-damage|p1a: Raboot|34\/100|[from] Recoil\n|\n|upkeep\n|\n|t:|1665678242\n|switch|p2a: Corsola|Corsola-Galar, F|71\/100\n|-damage|p2a: Corsola|54\/100|[from] Spikes\n|-damage|p2a: Corsola|42\/100|[from] Stealth Rock\n|turn|29\n|\n|t:|1665678244\n|move|p1a: Raboot|Flare Blitz|p2a: Corsola\n|-damage|p2a: Corsola|0 fnt\n|-start|p1a: Raboot|Disable|Flare Blitz|[from] ability: Cursed Body|[of] p2a: Corsola\n|faint|p2a: Corsola\n|-damage|p1a: Raboot|18\/100|[from] Recoil\n|\n|upkeep\n|c|\u2606Talonflame|gg\n|\n|t:|1665678247\n|switch|p2a: Raboot|Raboot, F|41\/100\n|-damage|p2a: Raboot|24\/100|[from] Spikes\n|-damage|p2a: Raboot|0 fnt|[from] Stealth Rock\n|faint|p2a: Raboot\n|\n|win|Talonflame\n|l|\u2606Unviabriel\n","uploadtime":1665678252,"views":39,"p1id":"talonflame","p2id":"unviabriel","formatid":"gen8nfe","rating":0,"private":0,"password":null}