{"id":"gen8customgame-1677044601","p1":"Okitsegg","p2":"knexhawk2","format":"gen8customgame","log":"|j|\u2606Okitsegg\n|j|\u2606knexhawk2\n|inactive|Battle timer is ON: inactive players will automatically lose when time's up.\n|t:|1664847294\n|gametype|singles\n|player|p1|Okitsegg|2|\n|player|p2|knexhawk2|acetrainer-gen4dp|\n|teamsize|p1|6\n|teamsize|p2|6\n|gen|8\n|tier|[Gen 8] Custom Game\n|rated|Tournament battle\n|rule|Species Clause: Limit one of each Pok\u00e9mon\n|rule|Sleep Clause Mod: Limit one foe put to sleep\n|rule|Evasion Clause: Evasion abilities, items, and moves are banned\n|rule|Evasion Abilities Clause: Evasion abilities are banned\n|rule|Evasion Items Clause: Evasion items are banned\n|rule|Evasion Moves Clause: Evasion moves are banned\n|rule|OHKO Clause: OHKO moves are banned\n|rule|Moody Clause: Moody is banned\n|rule|Endless Battle Clause: Forcing endless battles is banned\n|rule|Dynamax Clause: You cannot dynamax\n|clearpoke\n|poke|p1|Eternatus-Eternamax|\n|poke|p1|Landorus-Therian, M|\n|poke|p1|Tyranitar, F|\n|poke|p1|Blissey, F|\n|poke|p1|Chansey, F|\n|poke|p1|Skarmory, F|\n|poke|p2|Eternatus-Eternamax|\n|poke|p2|Skarmory, M|\n|poke|p2|Starmie|\n|poke|p2|Ditto|\n|poke|p2|Tyranitar, M|\n|poke|p2|Excadrill, F|\n|teampreview\n|j| practicinq\n|c|\u2606knexhawk2|lol\n|j| Begin Testing\n|j|%htcl\n|\n|t:|1664847308\n|start\n|switch|p1a: Skarmory|Skarmory, F|334\/334\n|switch|p2a: Tyranitar|Tyranitar, M|404\/404\n|-weather|Sandstorm|[from] ability: Sand Stream|[of] p2a: Tyranitar\n|turn|1\n|\n|t:|1664847315\n|move|p1a: Skarmory|Body Press|p2a: Tyranitar\n|-supereffective|p2a: Tyranitar\n|-damage|p2a: Tyranitar|8\/404\n|move|p2a: Tyranitar|Thunder Wave|p1a: Skarmory\n|-status|p1a: Skarmory|par\n|\n|-weather|Sandstorm|[upkeep]\n|debug|natural status immunity\n|debug|weather immunity\n|debug|natural status immunity\n|debug|weather immunity\n|upkeep\n|turn|2\n|c|\u2606knexhawk2|so fat\n|inactive|Okitsegg has 120 seconds left.\n|\n|t:|1664847360\n|switch|p2a: Skarmory|Skarmory, M|334\/334\n|switch|p1a: Landorus|Landorus-Therian, M|319\/319\n|-ability|p1a: Landorus|Intimidate|boost\n|-unboost|p2a: Skarmory|atk|1\n|\n|-weather|Sandstorm|[upkeep]\n|debug|natural status immunity\n|debug|weather immunity\n|debug|natural status immunity\n|debug|weather immunity\n|upkeep\n|turn|3\n|j| Pikablu007\n|\n|t:|1664847373\n|move|p1a: Landorus|Rock Polish|p1a: Landorus\n|-boost|p1a: Landorus|spe|2\n|move|p2a: Skarmory|Spikes|p1a: Landorus\n|-sidestart|p1: Okitsegg|Spikes\n|\n|-weather|Sandstorm|[upkeep]\n|debug|natural status immunity\n|debug|weather immunity\n|debug|natural status immunity\n|debug|weather immunity\n|upkeep\n|turn|4\n|\n|t:|1664847377\n|move|p1a: Landorus|Swords Dance|p1a: Landorus\n|-boost|p1a: Landorus|atk|2\n|move|p2a: Skarmory|Spikes|p1a: Landorus\n|-sidestart|p1: Okitsegg|Spikes\n|\n|-weather|Sandstorm|[upkeep]\n|debug|natural status immunity\n|debug|weather immunity\n|debug|natural status immunity\n|debug|weather immunity\n|upkeep\n|turn|5\n|\n|t:|1664847380\n|move|p1a: Landorus|Stone Edge|p2a: Skarmory\n|-damage|p2a: Skarmory|183\/334\n|move|p2a: Skarmory|Whirlwind|p1a: Landorus\n|drag|p1a: Skarmory|Skarmory, F|334\/334 par\n|\n|-weather|Sandstorm|[upkeep]\n|debug|natural status immunity\n|debug|weather immunity\n|debug|natural status immunity\n|debug|weather immunity\n|-heal|p2a: Skarmory|203\/334|[from] item: Leftovers\n|upkeep\n|turn|6\n|l| practicinq\n|\n|t:|1664847400\n|move|p2a: Skarmory|Spikes|p1a: Skarmory\n|-sidestart|p1: Okitsegg|Spikes\n|move|p1a: Skarmory|Spikes|p2a: Skarmory\n|-sidestart|p2: knexhawk2|Spikes\n|\n|-weather|Sandstorm|[upkeep]\n|debug|natural status immunity\n|debug|weather immunity\n|debug|natural status immunity\n|debug|weather immunity\n|-heal|p2a: Skarmory|223\/334|[from] item: Leftovers\n|upkeep\n|turn|7\n|\n|t:|1664847406\n|move|p1a: Skarmory|Spikes|p2a: Skarmory\n|-sidestart|p2: knexhawk2|Spikes\n|move|p2a: Skarmory|Whirlwind|p1a: Skarmory\n|drag|p1a: Tyranitar|Tyranitar, F|404\/404\n|-damage|p1a: Tyranitar|303\/404|[from] Spikes\n|\n|-weather|Sandstorm|[upkeep]\n|debug|natural status immunity\n|debug|weather immunity\n|debug|natural status immunity\n|debug|weather immunity\n|-heal|p2a: Skarmory|243\/334|[from] item: Leftovers\n|-heal|p1a: Tyranitar|328\/404|[from] item: Leftovers\n|upkeep\n|turn|8\n|\n|t:|1664847409\n|move|p2a: Skarmory|Body Press|p1a: Tyranitar\n|-supereffective|p1a: Tyranitar\n|-damage|p1a: Tyranitar|0 fnt\n|faint|p1a: Tyranitar\n|\n|-weather|none\n|-heal|p2a: Skarmory|263\/334|[from] item: Leftovers\n|upkeep\n|\n|t:|1664847412\n|switch|p1a: Eternatus|Eternatus-Eternamax|652\/652\n|-damage|p1a: Eternatus|489\/652|[from] Spikes\n|-ability|p1a: Eternatus|Pressure\n|turn|9\n|\n|t:|1664847419\n|switch|p2a: Starmie|Starmie|324\/324\n|-damage|p2a: Starmie|270\/324|[from] Spikes\n|move|p1a: Eternatus|Dynamax Cannon|p2a: Starmie\n|-damage|p2a: Starmie|93\/324\n|-heal|p1a: Eternatus|511\/652|[from] item: Shell Bell|[of] p2a: Starmie\n|\n|-heal|p2a: Starmie|113\/324|[from] item: Leftovers\n|upkeep\n|turn|10\n|\n|t:|1664847422\n|switch|p2a: Tyranitar|Tyranitar, M|8\/404\n|-damage|p2a: Tyranitar|0 fnt|[from] Spikes\n|faint|p2a: Tyranitar\n|move|p1a: Eternatus|Dragon Pulse|p2: Tyranitar|[notarget]\n|-fail|p1a: Eternatus\n|\n|upkeep\n|j| Down$hift\n|c| Down$hift|knexhawk has a crazy build\n|\n|t:|1664847451\n|switch|p2a: Excadrill|Excadrill, F|424\/424\n|-damage|p2a: Excadrill|354\/424|[from] Spikes\n|turn|11\n|\n|t:|1664847455\n|move|p1a: Eternatus|Flamethrower|p2a: Excadrill\n|-supereffective|p2a: Excadrill\n|-damage|p2a: Excadrill|40\/424\n|-heal|p1a: Eternatus|550\/652|[from] item: Shell Bell|[of] p2a: Excadrill\n|move|p2a: Excadrill|Stealth Rock|p1a: Eternatus\n|-sidestart|p1: Okitsegg|move: Stealth Rock\n|\n|-heal|p2a: Excadrill|66\/424|[from] item: Leftovers\n|upkeep\n|turn|12\n|c| Down$hift|sand + eternamax sounds wack\n|\n|t:|1664847459\n|switch|p2a: god|Eternatus-Eternamax|661\/661\n|-damage|p2a: god|551\/661|[from] Spikes\n|-ability|p2a: god|Pressure\n|move|p1a: Eternatus|Flamethrower|p2a: god\n|-resisted|p2a: god\n|-damage|p2a: god|527\/661\n|-heal|p1a: Eternatus|553\/652|[from] item: Shell Bell|[of] p2a: god\n|\n|upkeep\n|turn|13\n|c| Down$hift|unless...\n|\n|t:|1664847466\n|switch|p1a: Chansey|Chansey, F|703\/703\n|-damage|p1a: Chansey|528\/703|[from] Spikes\n|-damage|p1a: Chansey|441\/703|[from] Stealth Rock\n|move|p2a: god|Dynamax Cannon|p1a: Chansey\n|-damage|p1a: Chansey|333\/703\n|\n|upkeep\n|turn|14\n|c|\u2606knexhawk2|its safety goggles lol\n|c| Down$hift|hes running goggles\n|\n|t:|1664847471\n|switch|p2a: Skarmory|Skarmory, M|263\/334\n|move|p1a: Chansey|Soft-Boiled|p1a: Chansey\n|-heal|p1a: Chansey|685\/703\n|\n|-heal|p2a: Skarmory|283\/334|[from] item: Leftovers\n|upkeep\n|turn|15\n|c| Down$hift|damn called it\n|\n|t:|1664847478\n|move|p2a: Skarmory|Whirlwind|p1a: Chansey\n|drag|p1a: Skarmory|Skarmory, F|334\/334 par\n|-damage|p1a: Skarmory|293\/334 par|[from] Stealth Rock\n|\n|-heal|p2a: Skarmory|303\/334|[from] item: Leftovers\n|upkeep\n|turn|16\n|c| Down$hift|but didnt seem like it since it came out slightly after\n|\n|t:|1664847482\n|move|p1a: Skarmory|Spikes|p2a: Skarmory\n|-sidestart|p2: knexhawk2|Spikes\n|move|p2a: Skarmory|Whirlwind|p1a: Skarmory\n|drag|p1a: Landorus|Landorus-Therian, M|319\/319\n|-damage|p1a: Landorus|280\/319|[from] Stealth Rock\n|-ability|p1a: Landorus|Intimidate|boost\n|-unboost|p2a: Skarmory|atk|1\n|\n|-heal|p1a: Landorus|299\/319|[from] item: Leftovers\n|-heal|p2a: Skarmory|323\/334|[from] item: Leftovers\n|upkeep\n|turn|17\n|l| Pikablu007\n|\n|t:|1664847491\n|move|p1a: Landorus|Stone Edge|p2a: Skarmory\n|-damage|p2a: Skarmory|235\/334\n|move|p2a: Skarmory|Whirlwind|p1a: Landorus\n|drag|p1a: Chansey|Chansey, F|685\/703\n|-damage|p1a: Chansey|510\/703|[from] Spikes\n|-damage|p1a: Chansey|423\/703|[from] Stealth Rock\n|\n|-heal|p2a: Skarmory|255\/334|[from] item: Leftovers\n|upkeep\n|turn|18\n|\n|t:|1664847496\n|move|p1a: Chansey|Soft-Boiled|p1a: Chansey\n|-heal|p1a: Chansey|703\/703\n|move|p2a: Skarmory|Whirlwind|p1a: Chansey\n|drag|p1a: Landorus|Landorus-Therian, M|299\/319\n|-damage|p1a: Landorus|260\/319|[from] Stealth Rock\n|-ability|p1a: Landorus|Intimidate|boost\n|-unboost|p2a: Skarmory|atk|1\n|\n|-heal|p1a: Landorus|279\/319|[from] item: Leftovers\n|-heal|p2a: Skarmory|275\/334|[from] item: Leftovers\n|upkeep\n|turn|19\n|\n|t:|1664847499\n|move|p1a: Landorus|Stone Edge|p2a: Skarmory\n|-damage|p2a: Skarmory|199\/334\n|move|p2a: Skarmory|Whirlwind|p1a: Landorus\n|drag|p1a: Blissey|Blissey, F|714\/714\n|\n|-heal|p2a: Skarmory|219\/334|[from] item: Leftovers\n|upkeep\n|turn|20\n|\n|t:|1664847503\n|move|p2a: Skarmory|Body Press|p1a: Blissey\n|-supereffective|p1a: Blissey\n|-crit|p1a: Blissey\n|-damage|p1a: Blissey|150\/714\n|move|p1a: Blissey|Stealth Rock|p2a: Skarmory\n|-sidestart|p2: knexhawk2|move: Stealth Rock\n|\n|-heal|p2a: Skarmory|239\/334|[from] item: Leftovers\n|upkeep\n|turn|21\n|j| El Hueco Mundo\n|c| Down$hift|meaty crit\n|\n|t:|1664847519\n|move|p2a: Skarmory|Body Press|p1a: Blissey\n|-supereffective|p1a: Blissey\n|-damage|p1a: Blissey|0 fnt\n|faint|p1a: Blissey\n|\n|-heal|p2a: Skarmory|259\/334|[from] item: Leftovers\n|upkeep\n|c| El Hueco Mundo|htcl.\n|\n|t:|1664847521\n|switch|p1a: Eternatus|Eternatus-Eternamax|553\/652\n|-damage|p1a: Eternatus|390\/652|[from] Spikes\n|-damage|p1a: Eternatus|309\/652|[from] Stealth Rock\n|-ability|p1a: Eternatus|Pressure\n|turn|22\n|j| Mikirae\n|c| El Hueco Mundo|did you purposefully unban eternamax\n|c| El Hueco Mundo|or did this just\n|c| El Hueco Mundo|happen\n|l| Down$hift\n|\n|t:|1664847542\n|switch|p2a: god 2|Ditto|300\/300\n|-damage|p2a: god 2|225\/300|[from] Spikes\n|-damage|p2a: god 2|188\/300|[from] Stealth Rock\n|move|p1a: Eternatus|Dynamax Cannon|p2a: god 2\n|-damage|p2a: god 2|0 fnt\n|faint|p2a: god 2\n|-heal|p1a: Eternatus|332\/652|[from] item: Shell Bell|[of] p2: god 2\n|\n|upkeep\n|\n|t:|1664847547\n|switch|p2a: god|Eternatus-Eternamax|527\/661\n|-damage|p2a: god|362\/661|[from] Spikes\n|-damage|p2a: god|280\/661|[from] Stealth Rock\n|-ability|p2a: god|Pressure\n|turn|23\n|\n|t:|1664847552\n|switch|p1a: Chansey|Chansey, F|703\/703\n|-damage|p1a: Chansey|528\/703|[from] Spikes\n|-damage|p1a: Chansey|441\/703|[from] Stealth Rock\n|move|p2a: god|Dynamax Cannon|p1a: Chansey\n|-damage|p1a: Chansey|326\/703\n|\n|upkeep\n|turn|24\n|c|\u2606knexhawk2|i def made an ass team\n|\n|t:|1664847557\n|switch|p2a: Starmie|Starmie|113\/324\n|-damage|p2a: Starmie|32\/324|[from] Spikes\n|-damage|p2a: Starmie|0 fnt|[from] Stealth Rock\n|faint|p2a: Starmie\n|move|p1a: Chansey|Teleport|p1a: Chansey\n|\n|t:|1664847559\n|switch|p1a: Eternatus|Eternatus-Eternamax|332\/652\n|-damage|p1a: Eternatus|169\/652|[from] Spikes\n|-damage|p1a: Eternatus|88\/652|[from] Stealth Rock\n|-ability|p1a: Eternatus|Pressure\n|\n|upkeep\n|\n|t:|1664847562\n|switch|p2a: Skarmory|Skarmory, M|259\/334\n|-damage|p2a: Skarmory|218\/334|[from] Stealth Rock\n|turn|25\n|c| Begin Testing|did that ditto not transform lmao\n|\n|t:|1664847565\n|switch|p2a: Excadrill|Excadrill, F|66\/424\n|-damage|p2a: Excadrill|0 fnt|[from] Spikes\n|faint|p2a: Excadrill\n|move|p1a: Eternatus|Flamethrower|p2: Excadrill|[notarget]\n|-fail|p1a: Eternatus\n|\n|upkeep\n|\n|t:|1664847566\n|switch|p2a: god|Eternatus-Eternamax|280\/661\n|-damage|p2a: god|115\/661|[from] Spikes\n|-damage|p2a: god|33\/661|[from] Stealth Rock\n|-ability|p2a: god|Pressure\n|turn|26\n|\n|t:|1664847568\n|move|p1a: Eternatus|Flamethrower|p2a: god\n|-resisted|p2a: god\n|-damage|p2a: god|12\/661\n|-heal|p1a: Eternatus|90\/652|[from] item: Shell Bell|[of] p2a: god\n|move|p2a: god|Dynamax Cannon|p1a: Eternatus\n|-supereffective|p1a: Eternatus\n|-damage|p1a: Eternatus|0 fnt\n|faint|p1a: Eternatus\n|\n|upkeep\n|\n|t:|1664847573\n|switch|p1a: Landorus|Landorus-Therian, M|279\/319\n|-damage|p1a: Landorus|240\/319|[from] Stealth Rock\n|-ability|p1a: Landorus|Intimidate|boost\n|-unboost|p2a: god|atk|1\n|turn|27\n|j| Tapu Mimikyu\n|inactive|knexhawk2 has 120 seconds left.\n|\n|t:|1664847621\n|move|p2a: god|Dynamax Cannon|p1a: Landorus\n|-damage|p1a: Landorus|27\/319\n|move|p1a: Landorus|Stone Edge|p2a: god\n|-damage|p2a: god|0 fnt\n|faint|p2a: god\n|\n|-heal|p1a: Landorus|46\/319|[from] item: Leftovers\n|upkeep\n|\n|t:|1664847623\n|switch|p2a: Skarmory|Skarmory, M|218\/334\n|-damage|p2a: Skarmory|177\/334|[from] Stealth Rock\n|turn|28\n|\n|t:|1664847626\n|move|p1a: Landorus|Stone Edge|p2a: Skarmory|[miss]\n|-miss|p1a: Landorus|p2a: Skarmory\n|move|p2a: Skarmory|Roost|p2a: Skarmory\n|-heal|p2a: Skarmory|334\/334\n|-singleturn|p2a: Skarmory|move: Roost\n|\n|-heal|p1a: Landorus|65\/319|[from] item: Leftovers\n|upkeep\n|turn|29\n|\n|t:|1664847629\n|move|p1a: Landorus|Stone Edge|p2a: Skarmory\n|-damage|p2a: Skarmory|254\/334\n|move|p2a: Skarmory|Whirlwind|p1a: Landorus\n|drag|p1a: Chansey|Chansey, F|326\/703\n|-damage|p1a: Chansey|151\/703|[from] Spikes\n|-damage|p1a: Chansey|64\/703|[from] Stealth Rock\n|\n|-heal|p2a: Skarmory|274\/334|[from] item: Leftovers\n|upkeep\n|turn|30\n|\n|t:|1664847635\n|move|p2a: Skarmory|Body Press|p1a: Chansey\n|-supereffective|p1a: Chansey\n|-damage|p1a: Chansey|0 fnt\n|faint|p1a: Chansey\n|\n|-heal|p2a: Skarmory|294\/334|[from] item: Leftovers\n|upkeep\n|\n|t:|1664847639\n|switch|p1a: Skarmory|Skarmory, F|293\/334 par\n|-damage|p1a: Skarmory|252\/334 par|[from] Stealth Rock\n|turn|31\n|j| practicinq\n|j| TheBeanster08\n|inactive|knexhawk2 has 120 seconds left.\n|j| SatelliteFifteen\n|c|\u2606Okitsegg|I think i win here\n|c|%htcl|unless para\n|inactive|knexhawk2 has 90 seconds left.\n|c| Begin Testing|paralysis tho\n|c|%htcl|does something\n|c|%htcl|insane\n|\n|t:|1664847712\n|move|p1a: Skarmory|Roost|p1a: Skarmory\n|-heal|p1a: Skarmory|334\/334 par\n|-singleturn|p1a: Skarmory|move: Roost\n|move|p2a: Skarmory|Whirlwind|p1a: Skarmory\n|drag|p1a: Landorus|Landorus-Therian, M|65\/319\n|-damage|p1a: Landorus|26\/319|[from] Stealth Rock\n|-ability|p1a: Landorus|Intimidate|boost\n|-unboost|p2a: Skarmory|atk|1\n|\n|-heal|p1a: Landorus|45\/319|[from] item: Leftovers\n|-heal|p2a: Skarmory|314\/334|[from] item: Leftovers\n|upkeep\n|turn|32\n|\n|t:|1664847720\n|move|p1a: Landorus|Swords Dance|p1a: Landorus\n|-boost|p1a: Landorus|atk|2\n|move|p2a: Skarmory|Whirlwind|p1a: Landorus\n|drag|p1a: Skarmory|Skarmory, F|334\/334 par\n|-damage|p1a: Skarmory|293\/334 par|[from] Stealth Rock\n|\n|-heal|p2a: Skarmory|334\/334|[from] item: Leftovers\n|upkeep\n|turn|33\n|inactive|knexhawk2 has 90 seconds left.\n|inactive|knexhawk2 has 60 seconds left.\n|\n|t:|1664847767\n|move|p2a: Skarmory|Whirlwind|p1a: Skarmory\n|drag|p1a: Landorus|Landorus-Therian, M|45\/319\n|-damage|p1a: Landorus|6\/319|[from] Stealth Rock\n|-ability|p1a: Landorus|Intimidate|boost\n|-unboost|p2a: Skarmory|atk|1\n|\n|-heal|p1a: Landorus|25\/319|[from] item: Leftovers\n|upkeep\n|turn|34\n|c| SatelliteFifteen|isnt being paralyzed good here\n|\n|t:|1664847776\n|move|p1a: Landorus|Stone Edge|p2a: Skarmory\n|-damage|p2a: Skarmory|260\/334\n|move|p2a: Skarmory|Whirlwind|p1a: Landorus\n|drag|p1a: Skarmory|Skarmory, F|293\/334 par\n|-damage|p1a: Skarmory|252\/334 par|[from] Stealth Rock\n|\n|-heal|p2a: Skarmory|280\/334|[from] item: Leftovers\n|upkeep\n|turn|35\n|\n|t:|1664847782\n|switch|p1a: Landorus|Landorus-Therian, M|25\/319\n|-damage|p1a: Landorus|0 fnt|[from] Stealth Rock\n|faint|p1a: Landorus\n|move|p2a: Skarmory|Whirlwind|p1: Landorus|[notarget]\n|-fail|p2a: Skarmory\n|\n|-heal|p2a: Skarmory|300\/334|[from] item: Leftovers\n|upkeep\n|\n|t:|1664847788\n|switch|p1a: Skarmory|Skarmory, F|252\/334 par\n|-damage|p1a: Skarmory|211\/334 par|[from] Stealth Rock\n|turn|36\n|c|%htcl|he just press spams\n|c|%htcl|and if para goes his way\n|c|%htcl|gg\n|c| SatelliteFifteen|more chances not to use pp\n|c|%htcl|if not\n|c|%htcl|rip\n|c| SatelliteFifteen|double edged sword\n|c| Begin Testing|all you need is 3\n|c| El Hueco Mundo|statistically who's got the better shot\n|inactive|knexhawk2 has 60 seconds left.\n|c| Begin Testing|unless my math is wack lol\n|c|%htcl|Okitsegg\n|c|%htcl|has the better shot\n|c|%htcl|knexhawk2 needs like\n|c| El Hueco Mundo|alr yea makes sense\n|c|%htcl|4-5 full para\n|c|%htcl|in a row\n|c|\u2606Okitsegg|I also have helmet\n|c|%htcl|to win\n|c| Begin Testing|i've seen para'd mons do some crazy shit b4\n|c|%htcl|true\n|inactive|knexhawk2 has 30 seconds left.\n|c|%htcl|4-5 full para isn't\n|c|%htcl|impossible\n|inactive|knexhawk2 has 20 seconds left.\n|inactive|knexhawk2 has 15 seconds left.\n|\n|t:|1664847862\n|move|p2a: Skarmory|Body Press|p1a: Skarmory\n|-damage|p1a: Skarmory|142\/334 par\n|-damage|p2a: Skarmory|245\/334|[from] item: Rocky Helmet|[of] p1a: Skarmory\n|move|p1a: Skarmory|Roost|p1a: Skarmory\n|-heal|p1a: Skarmory|309\/334 par\n|-singleturn|p1a: Skarmory|move: Roost\n|\n|-heal|p2a: Skarmory|265\/334|[from] item: Leftovers\n|upkeep\n|turn|37\n|inactive|knexhawk2 has 25 seconds left this turn.\n|inactive|knexhawk2 has 20 seconds left.\n|inactive|knexhawk2 has 15 seconds left.\n|\n|t:|1664847876\n|move|p2a: Skarmory|Body Press|p1a: Skarmory\n|-damage|p1a: Skarmory|240\/334 par\n|-damage|p2a: Skarmory|210\/334|[from] item: Rocky Helmet|[of] p1a: Skarmory\n|move|p1a: Skarmory|Body Press|p2a: Skarmory\n|-damage|p2a: Skarmory|151\/334\n|\n|-heal|p2a: Skarmory|171\/334|[from] item: Leftovers\n|upkeep\n|turn|38\n|inactive|knexhawk2 has 25 seconds left this turn.\n|c|\u2606Okitsegg|Timer stalling isnt very nice\n|c|\u2606knexhawk2|sorry\n|\n|t:|1664847885\n|move|p2a: Skarmory|Body Press|p1a: Skarmory\n|-damage|p1a: Skarmory|172\/334 par\n|-damage|p2a: Skarmory|116\/334|[from] item: Rocky Helmet|[of] p1a: Skarmory\n|move|p1a: Skarmory|Body Press|p2a: Skarmory\n|-damage|p2a: Skarmory|52\/334\n|\n|-heal|p2a: Skarmory|72\/334|[from] item: Leftovers\n|upkeep\n|turn|39\n|c|\u2606knexhawk2|im busy\n|inactive|knexhawk2 has 30 seconds left.\n|\n|t:|1664847891\n|move|p2a: Skarmory|Roost|p2a: Skarmory\n|-heal|p2a: Skarmory|239\/334\n|-singleturn|p2a: Skarmory|move: Roost\n|cant|p1a: Skarmory|par\n|\n|-heal|p2a: Skarmory|259\/334|[from] item: Leftovers\n|upkeep\n|turn|40\n|c|%htcl|1\n|\n|t:|1664847894\n|move|p2a: Skarmory|Body Press|p1a: Skarmory\n|-damage|p1a: Skarmory|103\/334 par\n|-damage|p2a: Skarmory|204\/334|[from] item: Rocky Helmet|[of] p1a: Skarmory\n|move|p1a: Skarmory|Roost|p1a: Skarmory\n|-heal|p1a: Skarmory|270\/334 par\n|-singleturn|p1a: Skarmory|move: Roost\n|\n|-heal|p2a: Skarmory|224\/334|[from] item: Leftovers\n|upkeep\n|turn|41\n|j| Pikablu007\n|inactive|knexhawk2 has 30 seconds left.\n|c| Begin Testing|is 8 still enough to kill?\n|inactive|knexhawk2 has 20 seconds left.\n|c|%htcl|ye\n|inactive|knexhawk2 has 15 seconds left.\n|\n|t:|1664847930\n|move|p2a: Skarmory|Body Press|p1a: Skarmory\n|-damage|p1a: Skarmory|207\/334 par\n|-damage|p2a: Skarmory|169\/334|[from] item: Rocky Helmet|[of] p1a: Skarmory\n|move|p1a: Skarmory|Body Press|p2a: Skarmory\n|-damage|p2a: Skarmory|111\/334\n|\n|-heal|p2a: Skarmory|131\/334|[from] item: Leftovers\n|upkeep\n|turn|42\n|inactive|knexhawk2 has 25 seconds left this turn.\n|c|%htcl|he needs 5 to kill\n|\n|t:|1664847935\n|move|p2a: Skarmory|Body Press|p1a: Skarmory\n|-damage|p1a: Skarmory|142\/334 par\n|-damage|p2a: Skarmory|76\/334|[from] item: Rocky Helmet|[of] p1a: Skarmory\n|move|p1a: Skarmory|Roost|p1a: Skarmory\n|-heal|p1a: Skarmory|309\/334 par\n|-singleturn|p1a: Skarmory|move: Roost\n|\n|-heal|p2a: Skarmory|96\/334|[from] item: Leftovers\n|upkeep\n|turn|43\n|c|%htcl|6*\n|\n|t:|1664847938\n|move|p2a: Skarmory|Roost|p2a: Skarmory\n|-heal|p2a: Skarmory|263\/334\n|-singleturn|p2a: Skarmory|move: Roost\n|move|p1a: Skarmory|Body Press|p2a: Skarmory\n|-supereffective|p2a: Skarmory\n|-damage|p2a: Skarmory|147\/334\n|\n|-heal|p2a: Skarmory|167\/334|[from] item: Leftovers\n|upkeep\n|turn|44\n|\n|t:|1664847940\n|move|p2a: Skarmory|Roost|p2a: Skarmory\n|-heal|p2a: Skarmory|334\/334\n|-singleturn|p2a: Skarmory|move: Roost\n|move|p1a: Skarmory|Roost|p1a: Skarmory\n|-heal|p1a: Skarmory|334\/334 par\n|-singleturn|p1a: Skarmory|move: Roost\n|\n|upkeep\n|turn|45\n|\n|t:|1664847943\n|move|p2a: Skarmory|Body Press|p1a: Skarmory\n|-damage|p1a: Skarmory|269\/334 par\n|-damage|p2a: Skarmory|279\/334|[from] item: Rocky Helmet|[of] p1a: Skarmory\n|cant|p1a: Skarmory|par\n|\n|-heal|p2a: Skarmory|299\/334|[from] item: Leftovers\n|upkeep\n|turn|46\n|\n|t:|1664847947\n|move|p1a: Skarmory|Body Press|p2a: Skarmory\n|-damage|p2a: Skarmory|239\/334\n|move|p2a: Skarmory|Whirlwind||[still]\n|-fail|p2a: Skarmory\n|debug|move failed because it did nothing\n|\n|-heal|p2a: Skarmory|259\/334|[from] item: Leftovers\n|upkeep\n|turn|47\n|c|\u2606knexhawk2|gg\n|\n|t:|1664847951\n|move|p2a: Skarmory|Body Press|p1a: Skarmory\n|-damage|p1a: Skarmory|202\/334 par\n|-damage|p2a: Skarmory|204\/334|[from] item: Rocky Helmet|[of] p1a: Skarmory\n|move|p1a: Skarmory|Body Press|p2a: Skarmory\n|-damage|p2a: Skarmory|141\/334\n|\n|-heal|p2a: Skarmory|161\/334|[from] item: Leftovers\n|upkeep\n|turn|48\n|\n|t:|1664847965\n|move|p2a: Skarmory|Body Press|p1a: Skarmory\n|-damage|p1a: Skarmory|132\/334 par\n|-damage|p2a: Skarmory|106\/334|[from] item: Rocky Helmet|[of] p1a: Skarmory\n|cant|p1a: Skarmory|par\n|\n|-heal|p2a: Skarmory|126\/334|[from] item: Leftovers\n|upkeep\n|turn|49\n|\n|t:|1664847968\n|move|p2a: Skarmory|Body Press|p1a: Skarmory\n|-damage|p1a: Skarmory|69\/334 par\n|-damage|p2a: Skarmory|71\/334|[from] item: Rocky Helmet|[of] p1a: Skarmory\n|move|p1a: Skarmory|Roost|p1a: Skarmory\n|-heal|p1a: Skarmory|236\/334 par\n|-singleturn|p1a: Skarmory|move: Roost\n|\n|-heal|p2a: Skarmory|91\/334|[from] item: Leftovers\n|upkeep\n|turn|50\n|c| Begin Testing|:0\n|inactive|knexhawk2 has 90 seconds left.\n|c|\u2606Okitsegg|Nope\n|\n|t:|1664847976\n|move|p2a: Skarmory|Body Press|p1a: Skarmory\n|-damage|p1a: Skarmory|176\/334 par\n|-damage|p2a: Skarmory|36\/334|[from] item: Rocky Helmet|[of] p1a: Skarmory\n|move|p1a: Skarmory|Roost|p1a: Skarmory\n|-heal|p1a: Skarmory|334\/334 par\n|-singleturn|p1a: Skarmory|move: Roost\n|\n|-heal|p2a: Skarmory|56\/334|[from] item: Leftovers\n|upkeep\n|turn|51\n|c| Begin Testing|rip\n|inactive|knexhawk2 has 90 seconds left.\n|\n|t:|1664847992\n|move|p2a: Skarmory|Body Press|p1a: Skarmory\n|-damage|p1a: Skarmory|267\/334 par\n|-damage|p2a: Skarmory|1\/334|[from] item: Rocky Helmet|[of] p1a: Skarmory\n|move|p1a: Skarmory|Body Press|p2a: Skarmory\n|-crit|p2a: Skarmory\n|-damage|p2a: Skarmory|0 fnt\n|faint|p2a: Skarmory\n|\n|win|Okitsegg\n|n|\u2606Okitsegg|okitsegg\n|n|\u2606knexhawk2|knexhawk2\n|n| Begin Testing|begintesting\n|n| htcl|htcl\n|n| El Hueco Mundo|elhuecomundo\n|n| Mikirae|mikirae\n|n| Tapu Mimikyu|tapumimikyu\n|n| practicinq|practicinq\n|n| TheBeanster08|thebeanster08\n|n| SatelliteFifteen|satellitefifteen\n|n| Pikablu007|pikablu007\n","uploadtime":1664847993,"views":3,"p1id":"okitsegg","p2id":"knexhawk2","formatid":"gen8customgame","rating":0,"private":0,"password":null}