{"id":"gen8pu-1607526823","p1":"PedroGreg","p2":"DQ Low Tier Legend","format":"gen8pu","log":"|j|\u2606PedroGreg\n|j|\u2606DQ Low Tier Legend\n|t:|1656608998\n|gametype|singles\n|player|p1|PedroGreg|#wcop2022brazil|1550\n|player|p2|DQ Low Tier Legend|lucas|1484\n|teamsize|p1|6\n|teamsize|p2|6\n|gen|8\n|tier|[Gen 8] PU\n|rated|\n|rule|Sleep Clause Mod: Limit one foe put to sleep\n|rule|Species Clause: Limit one of each Pok\u00e9mon\n|rule|OHKO Clause: OHKO moves are banned\n|rule|Evasion Moves Clause: Evasion moves are banned\n|rule|Endless Battle Clause: Forcing endless battles is banned\n|rule|HP Percentage Mod: HP is shown in percentages\n|rule|Dynamax Clause: You cannot dynamax\n|clearpoke\n|poke|p1|Regirock|\n|poke|p1|Hitmonlee, M|\n|poke|p1|Trevenant, M|\n|poke|p1|Jolteon, M|\n|poke|p1|Aromatisse, F|\n|poke|p1|Charizard, F|\n|poke|p2|Flapple, M|\n|poke|p2|Togedemaru, F|\n|poke|p2|Silvally-*|\n|poke|p2|Weezing, F|\n|poke|p2|Jellicent, F|\n|poke|p2|Claydol|\n|teampreview\n|\n|t:|1656609011\n|start\n|switch|p1a: Trevenant|Trevenant, M|100\/100\n|switch|p2a: Jellicent|Jellicent, F|100\/100\n|turn|1\n|\n|t:|1656609017\n|switch|p1a: Aromatisse|Aromatisse, F|100\/100\n|switch|p2a: Weezing|Weezing, F|100\/100\n|\n|upkeep\n|turn|2\n|\n|t:|1656609024\n|switch|p1a: Charizard|Charizard, F|100\/100\n|move|p2a: Weezing|Toxic Spikes|p1a: Charizard\n|-sidestart|p1: PedroGreg|move: Toxic Spikes\n|\n|upkeep\n|turn|3\n|\n|t:|1656609032\n|switch|p2a: Claydol|Claydol|100\/100\n|move|p1a: Charizard|Defog|p2a: Claydol\n|-unboost|p2a: Claydol|evasion|1\n|-sideend|p1: PedroGreg|Toxic Spikes|[from] move: Defog|[of] p1a: Charizard\n|\n|upkeep\n|turn|4\n|\n|t:|1656609035\n|move|p1a: Charizard|Fire Blast|p2a: Claydol\n|-damage|p2a: Claydol|67\/100\n|move|p2a: Claydol|Stealth Rock|p1a: Charizard\n|-sidestart|p1: PedroGreg|move: Stealth Rock\n|\n|upkeep\n|turn|5\n|\n|t:|1656609043\n|move|p1a: Charizard|Fire Blast|p2a: Claydol\n|-damage|p2a: Claydol|35\/100\n|move|p2a: Claydol|Teleport|p2a: Claydol\n|\n|t:|1656609046\n|switch|p2a: Jellicent|Jellicent, F|100\/100|[from]move: Teleport\n|\n|upkeep\n|turn|6\n|\n|t:|1656609050\n|move|p1a: Charizard|Defog|p2a: Jellicent\n|-unboost|p2a: Jellicent|evasion|1\n|-sideend|p1: PedroGreg|Stealth Rock|[from] move: Defog|[of] p1a: Charizard\n|move|p2a: Jellicent|Water Spout|p1a: Charizard\n|-supereffective|p1a: Charizard\n|-damage|p1a: Charizard|0 fnt\n|faint|p1a: Charizard\n|\n|upkeep\n|\n|t:|1656609054\n|switch|p1a: Trevenant|Trevenant, M|100\/100\n|turn|7\n|\n|t:|1656609057\n|switch|p2a: Weezing|Weezing, F|100\/100\n|move|p1a: Trevenant|Poltergeist|p2a: Weezing\n|-activate|p2a: Weezing|move: Poltergeist|Black Sludge\n|-damage|p2a: Weezing|45\/100\n|\n|-heal|p2a: Weezing|51\/100|[from] item: Black Sludge\n|upkeep\n|turn|8\n|\n|t:|1656609064\n|move|p1a: Trevenant|Poltergeist|p2a: Weezing\n|-activate|p2a: Weezing|move: Poltergeist|Black Sludge\n|-damage|p2a: Weezing|0 fnt\n|faint|p2a: Weezing\n|\n|upkeep\n|\n|t:|1656609071\n|switch|p2a: Flapple|Flapple, M|100\/100\n|turn|9\n|\n|t:|1656609080\n|switch|p1a: Aromatisse|Aromatisse, F|100\/100\n|move|p2a: Flapple|U-turn|p1a: Aromatisse\n|-resisted|p1a: Aromatisse\n|-damage|p1a: Aromatisse|69\/100\n|\n|t:|1656609089\n|switch|p2a: Togedemaru|Togedemaru, F|100\/100|[from]move: U-turn\n|\n|-heal|p1a: Aromatisse|75\/100|[from] item: Leftovers\n|upkeep\n|turn|10\n|\n|t:|1656609094\n|move|p1a: Aromatisse|Protect|p1a: Aromatisse\n|-singleturn|p1a: Aromatisse|Protect\n|move|p2a: Togedemaru|Wish|p2a: Togedemaru\n|\n|-heal|p1a: Aromatisse|81\/100|[from] item: Leftovers\n|upkeep\n|turn|11\n|\n|t:|1656609099\n|move|p2a: Togedemaru|U-turn|p1a: Aromatisse\n|-resisted|p1a: Aromatisse\n|-damage|p1a: Aromatisse|72\/100\n|\n|t:|1656609101\n|switch|p2a: Claydol|Claydol|35\/100|[from]move: U-turn\n|move|p1a: Aromatisse|Wish|p1a: Aromatisse\n|\n|-heal|p2a: Claydol|87\/100|[from] move: Wish|[wisher] Togedemaru\n|-heal|p1a: Aromatisse|78\/100|[from] item: Leftovers\n|upkeep\n|turn|12\n|\n|t:|1656609106\n|switch|p1a: Trevenant|Trevenant, M|100\/100\n|move|p2a: Claydol|Stealth Rock|p1a: Trevenant\n|-sidestart|p1: PedroGreg|move: Stealth Rock\n|\n|upkeep\n|turn|13\n|\n|t:|1656609121\n|move|p1a: Trevenant|Poltergeist|p2a: Claydol\n|-activate|p2a: Claydol|move: Poltergeist|Colbur Berry\n|-supereffective|p2a: Claydol\n|-damage|p2a: Claydol|0 fnt\n|faint|p2a: Claydol\n|\n|upkeep\n|\n|t:|1656609132\n|switch|p2a: Jellicent|Jellicent, F|100\/100\n|turn|14\n|\n|t:|1656609136\n|switch|p1a: Aromatisse|Aromatisse, F|78\/100\n|-damage|p1a: Aromatisse|66\/100|[from] Stealth Rock\n|move|p2a: Jellicent|Shadow Ball|p1a: Aromatisse\n|-damage|p1a: Aromatisse|35\/100\n|-unboost|p1a: Aromatisse|spd|1\n|\n|-heal|p1a: Aromatisse|41\/100|[from] item: Leftovers\n|upkeep\n|turn|15\n|\n|t:|1656609140\n|move|p1a: Aromatisse|Protect|p1a: Aromatisse\n|-singleturn|p1a: Aromatisse|Protect\n|move|p2a: Jellicent|Shadow Ball|p1a: Aromatisse\n|-activate|p1a: Aromatisse|move: Protect\n|\n|-heal|p1a: Aromatisse|47\/100|[from] item: Leftovers\n|upkeep\n|turn|16\n|\n|t:|1656609142\n|move|p2a: Jellicent|Shadow Ball|p1a: Aromatisse\n|-damage|p1a: Aromatisse|0 fnt\n|faint|p1a: Aromatisse\n|\n|upkeep\n|\n|t:|1656609146\n|switch|p1a: Hitmonlee|Hitmonlee, M|100\/100\n|-damage|p1a: Hitmonlee|94\/100|[from] Stealth Rock\n|turn|17\n|\n|t:|1656609156\n|switch|p2a: Togedemaru|Togedemaru, F|100\/100\n|move|p1a: Hitmonlee|Knock Off|p2a: Togedemaru\n|-damage|p2a: Togedemaru|35\/100\n|-enditem|p2a: Togedemaru|Leftovers|[from] move: Knock Off|[of] p1a: Hitmonlee\n|\n|upkeep\n|turn|18\n|\n|t:|1656609161\n|move|p2a: Togedemaru|U-turn|p1a: Hitmonlee\n|-resisted|p1a: Hitmonlee\n|-damage|p1a: Hitmonlee|75\/100\n|\n|t:|1656609167\n|switch|p2a: Silvally|Silvally-Fairy|100\/100|[from]move: U-turn\n|move|p1a: Hitmonlee|Knock Off|p2a: Silvally\n|-resisted|p2a: Silvally\n|-damage|p2a: Silvally|84\/100\n|\n|upkeep\n|turn|19\n|inactive|Battle timer is ON: inactive players will automatically lose when time's up. (requested by DQ Low Tier Legend)\n|\n|t:|1656609177\n|switch|p1a: Regirock|Regirock|100\/100\n|-damage|p1a: Regirock|88\/100|[from] Stealth Rock\n|move|p2a: Silvally|Multi-Attack|p1a: Regirock\n|-damage|p1a: Regirock|67\/100\n|\n|-heal|p1a: Regirock|73\/100|[from] item: Leftovers\n|upkeep\n|turn|20\n|\n|t:|1656609182\n|switch|p2a: Flapple|Flapple, M|100\/100\n|move|p1a: Regirock|Toxic|p2a: Flapple\n|-status|p2a: Flapple|tox\n|\n|-heal|p1a: Regirock|79\/100|[from] item: Leftovers\n|-damage|p2a: Flapple|94\/100 tox|[from] psn\n|upkeep\n|turn|21\n|\n|t:|1656609186\n|move|p2a: Flapple|Grav Apple|p1a: Regirock|[miss]\n|-miss|p2a: Flapple|p1a: Regirock\n|move|p1a: Regirock|Body Press|p2a: Flapple\n|-damage|p2a: Flapple|30\/100 tox\n|\n|-heal|p1a: Regirock|85\/100|[from] item: Leftovers\n|-damage|p2a: Flapple|18\/100 tox|[from] psn\n|upkeep\n|turn|22\n|\n|t:|1656609194\n|move|p2a: Flapple|Grav Apple|p1a: Regirock\n|-supereffective|p1a: Regirock\n|-damage|p1a: Regirock|7\/100\n|move|p1a: Regirock|Stealth Rock|p2a: Flapple\n|-sidestart|p2: DQ Low Tier Legend|move: Stealth Rock\n|\n|-heal|p1a: Regirock|13\/100|[from] item: Leftovers\n|-damage|p2a: Flapple|0 fnt|[from] psn\n|faint|p2a: Flapple\n|upkeep\n|\n|t:|1656609208\n|switch|p2a: Silvally|Silvally-Fairy|84\/100\n|-damage|p2a: Silvally|71\/100|[from] Stealth Rock\n|turn|23\n|\n|t:|1656609223\n|move|p2a: Silvally|Multi-Attack|p1a: Regirock\n|-damage|p1a: Regirock|0 fnt\n|faint|p1a: Regirock\n|\n|upkeep\n|\n|t:|1656609230\n|switch|p1a: Trevenant|Trevenant, M|100\/100\n|-damage|p1a: Trevenant|88\/100|[from] Stealth Rock\n|turn|24\n|inactive|DQ Low Tier Legend has 120 seconds left.\n|\n|t:|1656609263\n|switch|p2a: Jellicent|Jellicent, F|100\/100\n|-damage|p2a: Jellicent|88\/100|[from] Stealth Rock\n|move|p1a: Trevenant|Wood Hammer|p2a: Jellicent\n|-supereffective|p2a: Jellicent\n|-damage|p2a: Jellicent|0 fnt\n|faint|p2a: Jellicent\n|-damage|p1a: Trevenant|51\/100|[from] Recoil\n|\n|upkeep\n|inactive|DQ Low Tier Legend has 120 seconds left.\n|\n|t:|1656609268\n|switch|p2a: Togedemaru|Togedemaru, F|35\/100\n|-damage|p2a: Togedemaru|29\/100|[from] Stealth Rock\n|turn|25\n|\n|t:|1656609273\n|move|p2a: Togedemaru|Iron Head|p1a: Trevenant\n|-damage|p1a: Trevenant|13\/100\n|move|p1a: Trevenant|Wood Hammer|p2a: Togedemaru\n|-resisted|p2a: Togedemaru\n|-damage|p2a: Togedemaru|0 fnt\n|faint|p2a: Togedemaru\n|-damage|p1a: Trevenant|3\/100|[from] Recoil\n|\n|upkeep\n|\n|t:|1656609278\n|switch|p2a: Silvally|Silvally-Fairy|71\/100\n|-damage|p2a: Silvally|59\/100|[from] Stealth Rock\n|turn|26\n|\n|t:|1656609280\n|move|p2a: Silvally|Flame Charge|p1a: Trevenant\n|-supereffective|p1a: Trevenant\n|-crit|p1a: Trevenant\n|-damage|p1a: Trevenant|0 fnt\n|-boost|p2a: Silvally|spe|1\n|faint|p1a: Trevenant\n|\n|upkeep\n|\n|t:|1656609290\n|switch|p1a: Jolteon|Jolteon, M|100\/100\n|-damage|p1a: Jolteon|88\/100|[from] Stealth Rock\n|turn|27\n|\n|t:|1656609294\n|move|p2a: Silvally|Multi-Attack|p1a: Jolteon\n|-damage|p1a: Jolteon|0 fnt\n|faint|p1a: Jolteon\n|\n|upkeep\n|\n|t:|1656609295\n|switch|p1a: Hitmonlee|Hitmonlee, M|75\/100\n|-damage|p1a: Hitmonlee|69\/100|[from] Stealth Rock\n|turn|28\n|\n|t:|1656609297\n|move|p1a: Hitmonlee|Bullet Punch|p2a: Silvally\n|-supereffective|p2a: Silvally\n|-crit|p2a: Silvally\n|-damage|p2a: Silvally|0 fnt\n|faint|p2a: Silvally\n|\n|win|PedroGreg\n|raw|PedroGreg's rating: 1550 &rarr; <strong>1566<\/strong><br \/>(+16 for winning)\n|raw|DQ Low Tier Legend's rating: 1484 &rarr; <strong>1468<\/strong><br \/>(-16 for losing)\n|l|\u2606DQ Low Tier Legend\n|l|\u2606PedroGreg\n||Ladder isn't responding, score probably updated but might not have (Request timeout).\n","uploadtime":1656609403,"views":2,"p1id":"pedrogreg","p2id":"dqlowtierlegend","formatid":"gen8pu","rating":1468,"private":0,"password":null}