{"id":"gen8nationaldex-1581838361","p1":"Sir Fresh","p2":"Drew0723","format":"gen8nationaldex","log":"|j|\u2606Sir Fresh\n|j|\u2606Drew0723\n|t:|1653409845\n|gametype|singles\n|player|p1|Sir Fresh|palmer|\n|player|p2|Drew0723|266|\n|teamsize|p1|6\n|teamsize|p2|6\n|gen|8\n|tier|[Gen 8] National Dex\n|rule|HP Percentage Mod: HP is shown in percentages\n|rule|Endless Battle Clause: Forcing endless battles is banned\n|rule|OHKO Clause: OHKO moves are banned\n|rule|Evasion Moves Clause: Evasion moves are banned\n|rule|Species Clause: Limit one of each Pok\u00e9mon\n|rule|Dynamax Clause: You cannot dynamax\n|rule|Sleep Clause Mod: Limit one foe put to sleep\n|clearpoke\n|poke|p1|Skarmory, M|\n|poke|p1|Umbreon, M|\n|poke|p1|Feraligatr, M|\n|poke|p1|Gligar, M|\n|poke|p1|Espeon, F|\n|poke|p1|Ampharos, F|\n|poke|p2|Politoed, M|\n|poke|p2|Scizor, M|\n|poke|p2|Kingdra, M|\n|poke|p2|Blissey, F|\n|poke|p2|Raikou|\n|poke|p2|Mantine, M|\n|teampreview\n|c|\u2606Sir Fresh|Glhf\n|c|\u2606Drew0723|glhf\n|\n|t:|1653409880\n|start\n|switch|p1a: Ampharos|Ampharos, F|100\/100\n|switch|p2a: Kingdra|Kingdra, M|100\/100\n|turn|1\n|\n|t:|1653409891\n|switch|p1a: Umbreon|Umbreon, M|100\/100\n|move|p2a: Kingdra|Flip Turn|p1a: Umbreon\n|-damage|p1a: Umbreon|87\/100\n|\n|t:|1653409901\n|switch|p2a: Scizor|Scizor, M|100\/100|[from]move: Flip Turn\n|\n|-heal|p1a: Umbreon|93\/100|[from] item: Leftovers\n|upkeep\n|turn|2\n|\n|t:|1653409907\n|switch|p1a: Skarmory|Skarmory, M|100\/100\n|detailschange|p2a: Scizor|Scizor-Mega, M\n|-mega|p2a: Scizor|Scizor|Scizorite\n|move|p2a: Scizor|U-turn|p1a: Skarmory\n|-resisted|p1a: Skarmory\n|-damage|p1a: Skarmory|96\/100\n|-damage|p2a: Scizor|84\/100|[from] item: Rocky Helmet|[of] p1a: Skarmory\n|\n|t:|1653409909\n|switch|p2a: Raikou|Raikou|100\/100|[from]move: U-turn\n|-ability|p2a: Raikou|Pressure\n|\n|upkeep\n|turn|3\n|\n|t:|1653409913\n|switch|p1a: Umbreon|Umbreon, M|93\/100\n|move|p2a: Raikou|Calm Mind|p2a: Raikou\n|-boost|p2a: Raikou|spa|1\n|-boost|p2a: Raikou|spd|1\n|\n|-heal|p1a: Umbreon|99\/100|[from] item: Leftovers\n|upkeep\n|turn|4\n|\n|t:|1653409924\n|switch|p1a: Espeon|Espeon, F|100\/100\n|move|p2a: Raikou|Calm Mind|p2a: Raikou\n|-boost|p2a: Raikou|spa|1\n|-boost|p2a: Raikou|spd|1\n|\n|upkeep\n|turn|5\n|\n|t:|1653409967\n|move|p2a: Raikou|Scald|p1a: Espeon\n|-damage|p1a: Espeon|36\/100\n|move|p1a: Espeon|Calm Mind|p1a: Espeon\n|-boost|p1a: Espeon|spa|1\n|-boost|p1a: Espeon|spd|1\n|\n|upkeep\n|turn|6\n|\n|t:|1653409978\n|move|p2a: Raikou|Scald|p1a: Espeon\n|-damage|p1a: Espeon|0 fnt\n|faint|p1a: Espeon\n|\n|upkeep\n|\n|t:|1653409996\n|switch|p1a: Ampharos|Ampharos, F|100\/100\n|turn|7\n|\n|t:|1653410051\n|detailschange|p1a: Ampharos|Ampharos-Mega, F\n|-mega|p1a: Ampharos|Ampharos|Ampharosite\n|-ability|p1a: Ampharos|Mold Breaker\n|-zpower|p2a: Raikou\n|move|p2a: Raikou|All-Out Pummeling|p1a: Ampharos|[zeffect]\n|-damage|p1a: Ampharos|14\/100\n|move|p1a: Ampharos|Dragon Pulse|p2a: Raikou\n|-damage|p2a: Raikou|71\/100\n|\n|upkeep\n|turn|8\n|\n|t:|1653410077\n|move|p2a: Raikou|Aura Sphere|p1a: Ampharos\n|-damage|p1a: Ampharos|0 fnt\n|faint|p1a: Ampharos\n|\n|upkeep\n|\n|t:|1653410091\n|switch|p1a: Gligar|Gligar, M|100\/100\n|turn|9\n|\n|t:|1653410095\n|move|p2a: Raikou|Scald|p1a: Gligar\n|-supereffective|p1a: Gligar\n|-damage|p1a: Gligar|6\/100\n|-status|p1a: Gligar|brn\n|move|p1a: Gligar|Earthquake|p2a: Raikou\n|-supereffective|p2a: Raikou\n|-damage|p2a: Raikou|33\/100\n|\n|-damage|p1a: Gligar|0 fnt|[from] brn\n|faint|p1a: Gligar\n|upkeep\n|c|\u2606Sir Fresh|Well that burn cost me this game\n|-message|Sir Fresh forfeited.\n|\n|win|Drew0723\n|l|\u2606Sir Fresh\n","uploadtime":1653410190,"views":12,"p1id":"sirfresh","p2id":"drew0723","formatid":"gen8nationaldex","rating":0,"private":0,"password":null}