{"id":"gen8ou-1696168089","p1":"jeandonis02","p2":"aszxcvbnm","format":"gen8ou","log":"|html|<div class=\"broadcast-blue\"><strong>[Gen 8] OU is currently suspecting Melmetal! For information on how to participate check out the <a href=\"https:\/\/www.smogon.com\/forums\/threads\/np-ss-ou-suspect-process-round-12-monster-mash.3709234\/\">suspect thread<\/a>.<\/strong><\/div>\n|j|\u2606jeandonis02\n|j|\u2606aszxcvbnm\n|t:|1666876001\n|gametype|singles\n|player|p1|jeandonis02|lucas|1683\n|player|p2|aszxcvbnm|hilda-wonderlauncher|1689\n|teamsize|p1|6\n|teamsize|p2|6\n|gen|8\n|tier|[Gen 8] OU\n|rated|\n|rule|Sleep Clause Mod: Limit one foe put to sleep\n|rule|Species Clause: Limit one of each Pok\u00e9mon\n|rule|OHKO Clause: OHKO moves are banned\n|rule|Evasion Items Clause: Evasion items are banned\n|rule|Evasion Moves Clause: Evasion moves are banned\n|rule|Endless Battle Clause: Forcing endless battles is banned\n|rule|HP Percentage Mod: HP is shown in percentages\n|rule|Dynamax Clause: You cannot dynamax\n|clearpoke\n|poke|p1|Zeraora|\n|poke|p1|Toxapex, M|\n|poke|p1|Garchomp, F|\n|poke|p1|Rotom-Wash|\n|poke|p1|Ferrothorn, M|\n|poke|p1|Charizard, M|\n|poke|p2|Slowking-Galar, F|\n|poke|p2|Urshifu-*, M|\n|poke|p2|Corviknight, F|\n|poke|p2|Gastrodon, F|\n|poke|p2|Clefable, F|\n|poke|p2|Weavile, F|\n|teampreview\n|inactive|Battle timer is ON: inactive players will automatically lose when time's up. (requested by aszxcvbnm)\n|j| zhangzichen\n|\n|t:|1666876009\n|start\n|switch|p1a: Zeraora|Zeraora|100\/100\n|switch|p2a: Weavile|Weavile, F|100\/100\n|-ability|p2a: Weavile|Pressure\n|turn|1\n|j| 0WithdrawalSyndrom\n|\n|t:|1666876021\n|switch|p2a: Clefable|Clefable, F|100\/100\n|move|p1a: Zeraora|Knock Off|p2a: Clefable\n|-resisted|p2a: Clefable\n|-damage|p2a: Clefable|89\/100\n|-damage|p1a: Zeraora|84\/100|[from] item: Rocky Helmet|[of] p2a: Clefable\n|-enditem|p2a: Clefable|Rocky Helmet|[from] move: Knock Off|[of] p1a: Zeraora\n|\n|upkeep\n|turn|2\n|\n|t:|1666876029\n|switch|p1a: Garchomp|Garchomp, F|100\/100\n|move|p2a: Clefable|Stealth Rock|p1a: Garchomp\n|-sidestart|p1: jeandonis02|move: Stealth Rock\n|\n|upkeep\n|turn|3\n|\n|t:|1666876035\n|move|p1a: Garchomp|Iron Head|p2a: Clefable\n|-supereffective|p2a: Clefable\n|-damage|p2a: Clefable|31\/100\n|move|p2a: Clefable|Moonblast|p1a: Garchomp\n|-supereffective|p1a: Garchomp\n|-damage|p1a: Garchomp|33\/100\n|\n|upkeep\n|turn|4\n|\n|t:|1666876043\n|switch|p1a: Rotom|Rotom-Wash|100\/100\n|-damage|p1a: Rotom|88\/100|[from] Stealth Rock\n|switch|p2a: Corviknight|Corviknight, F|100\/100\n|-ability|p2a: Corviknight|Pressure\n|\n|-heal|p1a: Rotom|94\/100|[from] item: Leftovers\n|upkeep\n|turn|5\n|\n|t:|1666876054\n|switch|p2a: Gastrodon|Gastrodon, F|100\/100\n|move|p1a: Rotom|Will-O-Wisp|p2a: Gastrodon|[miss]\n|-miss|p1a: Rotom|p2a: Gastrodon\n|\n|-heal|p1a: Rotom|100\/100|[from] item: Leftovers\n|upkeep\n|turn|6\n|\n|t:|1666876062\n|move|p1a: Rotom|Will-O-Wisp|p2a: Gastrodon\n|-status|p2a: Gastrodon|brn\n|move|p2a: Gastrodon|Earthquake|p1a: Rotom\n|-immune|p1a: Rotom|[from] ability: Levitate\n|\n|-damage|p2a: Gastrodon|94\/100 brn|[from] brn\n|upkeep\n|turn|7\n|\n|t:|1666876071\n|move|p1a: Rotom|Defog|p2a: Gastrodon\n|-unboost|p2a: Gastrodon|evasion|1\n|-sideend|p1: jeandonis02|Stealth Rock|[from] move: Defog|[of] p1a: Rotom\n|move|p2a: Gastrodon|Toxic|p1a: Rotom\n|-status|p1a: Rotom|tox\n|\n|-heal|p2a: Gastrodon|100\/100 brn|[from] item: Leftovers\n|-damage|p1a: Rotom|94\/100 tox|[from] psn\n|-damage|p2a: Gastrodon|94\/100 brn|[from] brn\n|upkeep\n|turn|8\n|\n|t:|1666876083\n|switch|p1a: Ferrothorn|Ferrothorn, M|100\/100\n|move|p2a: Gastrodon|Scald|p1a: Ferrothorn\n|-resisted|p1a: Ferrothorn\n|-damage|p1a: Ferrothorn|90\/100\n|-status|p1a: Ferrothorn|brn\n|\n|-heal|p2a: Gastrodon|100\/100 brn|[from] item: Leftovers\n|-damage|p2a: Gastrodon|94\/100 brn|[from] brn\n|-damage|p1a: Ferrothorn|84\/100 brn|[from] brn\n|upkeep\n|turn|9\n|j| Noob 0_o\n|\n|t:|1666876096\n|switch|p2a: Slowking|Slowking-Galar, F|100\/100\n|move|p1a: Ferrothorn|Stealth Rock|p2a: Slowking\n|-sidestart|p2: aszxcvbnm|move: Stealth Rock\n|\n|-damage|p1a: Ferrothorn|78\/100 brn|[from] brn\n|upkeep\n|turn|10\n|\n|t:|1666876104\n|move|p1a: Ferrothorn|Leech Seed|p2a: Slowking\n|-start|p2a: Slowking|move: Leech Seed\n|move|p2a: Slowking|Future Sight|p1a: Ferrothorn\n|-start|p2a: Slowking|move: Future Sight\n|\n|-damage|p2a: Slowking|88\/100|[from] Leech Seed|[of] p1a: Ferrothorn\n|-heal|p1a: Ferrothorn|92\/100 brn|[silent]\n|-damage|p1a: Ferrothorn|85\/100 brn|[from] brn\n|upkeep\n|turn|11\n|\n|t:|1666876112\n|switch|p1a: Toxapex|Toxapex, M|100\/100\n|move|p2a: Slowking|Fire Blast|p1a: Toxapex|[miss]\n|-miss|p2a: Slowking|p1a: Toxapex\n|\n|-damage|p2a: Slowking|76\/100|[from] Leech Seed|[of] p1a: Toxapex\n|upkeep\n|turn|12\n|\n|t:|1666876121\n|move|p1a: Toxapex|Baneful Bunker|p1a: Toxapex\n|-singleturn|p1a: Toxapex|move: Protect\n|move|p2a: Slowking|Ice Beam|p1a: Toxapex\n|-activate|p1a: Toxapex|move: Protect\n|\n|-end|p1a: Toxapex|move: Future Sight\n|-supereffective|p1a: Toxapex\n|-damage|p1a: Toxapex|21\/100\n|-heal|p1a: Toxapex|27\/100|[from] item: Black Sludge\n|-damage|p2a: Slowking|63\/100|[from] Leech Seed|[of] p1a: Toxapex\n|-heal|p1a: Toxapex|43\/100|[silent]\n|upkeep\n|turn|13\n|\n|t:|1666876133\n|switch|p1a: Garchomp|Garchomp, F|33\/100\n|move|p2a: Slowking|Future Sight|p1a: Garchomp\n|-start|p2a: Slowking|move: Future Sight\n|\n|-damage|p2a: Slowking|51\/100|[from] Leech Seed|[of] p1a: Garchomp\n|-heal|p1a: Garchomp|47\/100|[silent]\n|upkeep\n|turn|14\n|\n|t:|1666876142\n|switch|p2a: Corviknight|Corviknight, F|100\/100\n|-damage|p2a: Corviknight|88\/100|[from] Stealth Rock\n|-ability|p2a: Corviknight|Pressure\n|move|p1a: Garchomp|Fire Fang|p2a: Corviknight\n|-supereffective|p2a: Corviknight\n|-damage|p2a: Corviknight|45\/100\n|-damage|p1a: Garchomp|30\/100|[from] item: Rocky Helmet|[of] p2a: Corviknight\n|\n|upkeep\n|turn|15\n|\n|t:|1666876154\n|switch|p1a: Ferrothorn|Ferrothorn, M|85\/100 brn\n|move|p2a: Corviknight|Roost|p2a: Corviknight\n|-heal|p2a: Corviknight|95\/100\n|-singleturn|p2a: Corviknight|move: Roost\n|\n|-end|p1a: Ferrothorn|move: Future Sight\n|-resisted|p1a: Ferrothorn\n|-damage|p1a: Ferrothorn|61\/100 brn\n|-damage|p1a: Ferrothorn|54\/100 brn|[from] brn\n|upkeep\n|turn|16\n|\n|t:|1666876165\n|move|p2a: Corviknight|Defog|p1a: Ferrothorn\n|-unboost|p1a: Ferrothorn|evasion|1\n|-sideend|p2: aszxcvbnm|Stealth Rock|[from] move: Defog|[of] p2a: Corviknight\n|move|p1a: Ferrothorn|Leech Seed|p2a: Corviknight\n|-start|p2a: Corviknight|move: Leech Seed\n|\n|-damage|p2a: Corviknight|82\/100|[from] Leech Seed|[of] p1a: Ferrothorn\n|-heal|p1a: Ferrothorn|69\/100 brn|[silent]\n|-damage|p1a: Ferrothorn|62\/100 brn|[from] brn\n|upkeep\n|turn|17\n|\n|t:|1666876176\n|switch|p2a: Slowking|Slowking-Galar, F|84\/100\n|move|p1a: Ferrothorn|Stealth Rock|p2a: Slowking\n|-sidestart|p2: aszxcvbnm|move: Stealth Rock\n|\n|-damage|p1a: Ferrothorn|56\/100 brn|[from] brn\n|upkeep\n|turn|18\n|\n|t:|1666876184\n|move|p1a: Ferrothorn|Leech Seed|p2a: Slowking\n|-start|p2a: Slowking|move: Leech Seed\n|move|p2a: Slowking|Future Sight|p1a: Ferrothorn\n|-start|p2a: Slowking|move: Future Sight\n|\n|-damage|p2a: Slowking|71\/100|[from] Leech Seed|[of] p1a: Ferrothorn\n|-heal|p1a: Ferrothorn|70\/100 brn|[silent]\n|-damage|p1a: Ferrothorn|64\/100 brn|[from] brn\n|upkeep\n|turn|19\n|\n|t:|1666876194\n|switch|p2a: Weavile|Weavile, F|100\/100\n|-ability|p2a: Weavile|Pressure\n|move|p1a: Ferrothorn|Thunder Wave|p2a: Weavile\n|-status|p2a: Weavile|par\n|\n|-damage|p1a: Ferrothorn|58\/100 brn|[from] brn\n|upkeep\n|turn|20\n|\n|t:|1666876205\n|move|p2a: Weavile|Low Kick|p1a: Ferrothorn\n|-supereffective|p1a: Ferrothorn\n|-damage|p1a: Ferrothorn|22\/100 brn\n|-damage|p2a: Weavile|88\/100 par|[from] ability: Iron Barbs|[of] p1a: Ferrothorn\n|-damage|p2a: Weavile|72\/100 par|[from] item: Rocky Helmet|[of] p1a: Ferrothorn\n|move|p1a: Ferrothorn|Leech Seed|p2a: Weavile\n|-start|p2a: Weavile|move: Leech Seed\n|\n|-end|p1a: Ferrothorn|move: Future Sight\n|-resisted|p1a: Ferrothorn\n|-damage|p1a: Ferrothorn|0 fnt\n|faint|p1a: Ferrothorn\n|upkeep\n|c| 0WithdrawalSyndrom|wp\n|c| 0WithdrawalSyndrom|gg\n|\n|t:|1666876208\n|switch|p1a: Charizard|Charizard, M|100\/100\n|turn|21\n|\n|t:|1666876226\n|switch|p2a: Slowking|Slowking-Galar, F|100\/100\n|-damage|p2a: Slowking|88\/100|[from] Stealth Rock\n|move|p1a: Charizard|Belly Drum|p1a: Charizard\n|-damage|p1a: Charizard|50\/100\n|-setboost|p1a: Charizard|atk|6|[from] move: Belly Drum\n|-enditem|p1a: Charizard|Sitrus Berry|[eat]\n|-heal|p1a: Charizard|75\/100|[from] item: Sitrus Berry\n|\n|upkeep\n|turn|22\n|\n|t:|1666876240\n|switch|p2a: Corviknight|Corviknight, F|82\/100\n|-damage|p2a: Corviknight|70\/100|[from] Stealth Rock\n|-ability|p2a: Corviknight|Pressure\n|move|p1a: Charizard|Flame Charge|p2a: Corviknight\n|-supereffective|p2a: Corviknight\n|-damage|p2a: Corviknight|0 fnt\n|-boost|p1a: Charizard|spe|1\n|-damage|p1a: Charizard|59\/100|[from] item: Rocky Helmet|[of] p2a: Corviknight\n|faint|p2a: Corviknight\n|\n|upkeep\n|\n|t:|1666876253\n|switch|p2a: Urshifu|Urshifu-Rapid-Strike, M|100\/100\n|-damage|p2a: Urshifu|94\/100|[from] Stealth Rock\n|turn|23\n|\n|t:|1666876260\n|switch|p1a: Toxapex|Toxapex, M|76\/100\n|move|p2a: Urshifu|Aqua Jet|p1a: Toxapex\n|-resisted|p1a: Toxapex\n|-damage|p1a: Toxapex|64\/100\n|\n|-heal|p1a: Toxapex|70\/100|[from] item: Black Sludge\n|upkeep\n|turn|24\n|\n|t:|1666876269\n|switch|p2a: Clefable|Clefable, F|31\/100\n|-damage|p2a: Clefable|19\/100|[from] Stealth Rock\n|switch|p1a: Garchomp|Garchomp, F|30\/100\n|\n|upkeep\n|turn|25\n|\n|t:|1666876284\n|move|p1a: Garchomp|Earthquake|p2a: Clefable\n|-damage|p2a: Clefable|0 fnt\n|faint|p2a: Clefable\n|\n|upkeep\n|\n|t:|1666876289\n|switch|p2a: Weavile|Weavile, F|72\/100 par\n|-ability|p2a: Weavile|Pressure\n|turn|26\n|\n|t:|1666876295\n|switch|p1a: Toxapex|Toxapex, M|100\/100\n|cant|p2a: Weavile|par\n|\n|upkeep\n|turn|27\n|\n|t:|1666876301\n|switch|p1a: Garchomp|Garchomp, F|30\/100\n|move|p2a: Weavile|Knock Off|p1a: Garchomp\n|-damage|p1a: Garchomp|0 fnt\n|-damage|p2a: Weavile|59\/100 par|[from] ability: Rough Skin|[of] p1a: Garchomp\n|-enditem|p1a: Garchomp|Choice Band|[from] move: Knock Off|[of] p2a: Weavile\n|faint|p1a: Garchomp\n|\n|upkeep\n|\n|t:|1666876305\n|switch|p1a: Charizard|Charizard, M|59\/100\n|turn|28\n|\n|t:|1666876313\n|move|p2a: Weavile|Ice Shard|p1a: Charizard\n|-damage|p1a: Charizard|33\/100\n|move|p1a: Charizard|Acrobatics|p2a: Weavile\n|-damage|p2a: Weavile|0 fnt\n|faint|p2a: Weavile\n|\n|upkeep\n|\n|t:|1666876323\n|switch|p2a: Urshifu|Urshifu-Rapid-Strike, M|94\/100\n|-damage|p2a: Urshifu|88\/100|[from] Stealth Rock\n|turn|29\n|\n|t:|1666876331\n|switch|p1a: Toxapex|Toxapex, M|100\/100\n|move|p2a: Urshifu|Surging Strikes|p1a: Toxapex\n|-resisted|p1a: Toxapex\n|-crit|p1a: Toxapex\n|-damage|p1a: Toxapex|90\/100\n|-resisted|p1a: Toxapex\n|-crit|p1a: Toxapex\n|-damage|p1a: Toxapex|78\/100\n|-resisted|p1a: Toxapex\n|-crit|p1a: Toxapex\n|-damage|p1a: Toxapex|67\/100\n|-hitcount|p1a: Toxapex|3\n|\n|-heal|p1a: Toxapex|73\/100|[from] item: Black Sludge\n|upkeep\n|turn|30\n|\n|t:|1666876345\n|switch|p2a: Slowking|Slowking-Galar, F|100\/100\n|-damage|p2a: Slowking|88\/100|[from] Stealth Rock\n|move|p1a: Toxapex|Toxic|p2a: Slowking\n|-immune|p2a: Slowking\n|\n|-heal|p1a: Toxapex|79\/100|[from] item: Black Sludge\n|upkeep\n|turn|31\n|\n|t:|1666876354\n|move|p1a: Toxapex|Scald|p2a: Slowking\n|-damage|p2a: Slowking|79\/100\n|move|p2a: Slowking|Future Sight|p1a: Toxapex\n|-start|p2a: Slowking|move: Future Sight\n|\n|-heal|p1a: Toxapex|86\/100|[from] item: Black Sludge\n|upkeep\n|turn|32\n|\n|t:|1666876364\n|switch|p1a: Rotom|Rotom-Wash|94\/100 tox\n|switch|p2a: Gastrodon|Gastrodon, F|94\/100 brn\n|-damage|p2a: Gastrodon|88\/100 brn|[from] Stealth Rock\n|\n|-heal|p1a: Rotom|100\/100 tox|[from] item: Leftovers\n|-heal|p2a: Gastrodon|94\/100 brn|[from] item: Leftovers\n|-damage|p1a: Rotom|94\/100 tox|[from] psn\n|-damage|p2a: Gastrodon|88\/100 brn|[from] brn\n|upkeep\n|turn|33\n|\n|t:|1666876377\n|switch|p1a: Toxapex|Toxapex, M|100\/100\n|move|p2a: Gastrodon|Earthquake|p1a: Toxapex\n|-supereffective|p1a: Toxapex\n|-crit|p1a: Toxapex\n|-damage|p1a: Toxapex|67\/100\n|\n|-end|p1a: Toxapex|move: Future Sight\n|-supereffective|p1a: Toxapex\n|-damage|p1a: Toxapex|0 fnt\n|faint|p1a: Toxapex\n|-heal|p2a: Gastrodon|94\/100 brn|[from] item: Leftovers\n|-damage|p2a: Gastrodon|88\/100 brn|[from] brn\n|upkeep\n|\n|t:|1666876402\n|switch|p1a: Zeraora|Zeraora|84\/100\n|turn|34\n|\n|t:|1666876405\n|move|p1a: Zeraora|Knock Off|p2a: Gastrodon\n|-crit|p2a: Gastrodon\n|-damage|p2a: Gastrodon|38\/100 brn\n|-enditem|p2a: Gastrodon|Leftovers|[from] move: Knock Off|[of] p1a: Zeraora\n|move|p2a: Gastrodon|Earthquake|p1a: Zeraora\n|-supereffective|p1a: Zeraora\n|-damage|p1a: Zeraora|45\/100\n|\n|-damage|p2a: Gastrodon|32\/100 brn|[from] brn\n|upkeep\n|turn|35\n|\n|t:|1666876415\n|move|p1a: Zeraora|Close Combat|p2a: Gastrodon\n|-damage|p2a: Gastrodon|0 fnt\n|-unboost|p1a: Zeraora|def|1\n|-unboost|p1a: Zeraora|spd|1\n|faint|p2a: Gastrodon\n|\n|upkeep\n|\n|t:|1666876423\n|switch|p2a: Urshifu|Urshifu-Rapid-Strike, M|88\/100\n|-damage|p2a: Urshifu|82\/100|[from] Stealth Rock\n|turn|36\n|\n|t:|1666876431\n|switch|p1a: Rotom|Rotom-Wash|94\/100 tox\n|move|p2a: Urshifu|Aqua Jet|p1a: Rotom\n|-resisted|p1a: Rotom\n|-damage|p1a: Rotom|80\/100 tox\n|\n|-heal|p1a: Rotom|86\/100 tox|[from] item: Leftovers\n|-damage|p1a: Rotom|80\/100 tox|[from] psn\n|upkeep\n|turn|37\n|\n|t:|1666876440\n|switch|p2a: Slowking|Slowking-Galar, F|100\/100\n|-damage|p2a: Slowking|88\/100|[from] Stealth Rock\n|move|p1a: Rotom|Volt Switch|p2a: Slowking\n|-damage|p2a: Slowking|76\/100\n|\n|t:|1666876444\n|switch|p1a: Charizard|Charizard, M|33\/100|[from]move: Volt Switch\n|\n|upkeep\n|turn|38\n|\n|t:|1666876451\n|move|p1a: Charizard|Acrobatics|p2a: Slowking\n|-damage|p2a: Slowking|36\/100\n|move|p2a: Slowking|Sludge Bomb|p1a: Charizard\n|-damage|p1a: Charizard|0 fnt\n|faint|p1a: Charizard\n|\n|upkeep\n|\n|t:|1666876456\n|switch|p1a: Zeraora|Zeraora|45\/100\n|turn|39\n|\n|t:|1666876464\n|move|p1a: Zeraora|Plasma Fists|p2a: Slowking\n|-damage|p2a: Slowking|0 fnt\n|-fieldactivate|move: Ion Deluge\n|-hint|Normal-type moves become Electric-type after using Plasma Fists.\n|faint|p2a: Slowking\n|\n|upkeep\n|\n|t:|1666876470\n|switch|p2a: Urshifu|Urshifu-Rapid-Strike, M|82\/100\n|-damage|p2a: Urshifu|76\/100|[from] Stealth Rock\n|turn|40\n|\n|t:|1666876475\n|move|p2a: Urshifu|Aqua Jet|p1a: Zeraora\n|-damage|p1a: Zeraora|0 fnt\n|faint|p1a: Zeraora\n|\n|upkeep\n|j| Nature_K\n|\n|t:|1666876478\n|switch|p1a: Rotom|Rotom-Wash|80\/100 tox\n|turn|41\n|l| Nature_K\n|\n|t:|1666876482\n|move|p2a: Urshifu|Aqua Jet|p1a: Rotom\n|-resisted|p1a: Rotom\n|-damage|p1a: Rotom|67\/100 tox\n|move|p1a: Rotom|Volt Switch|p2a: Urshifu\n|-supereffective|p2a: Urshifu\n|-damage|p2a: Urshifu|5\/100\n|\n|-heal|p1a: Rotom|73\/100 tox|[from] item: Leftovers\n|-damage|p1a: Rotom|67\/100 tox|[from] psn\n|upkeep\n|turn|42\n|-message|aszxcvbnm forfeited.\n|\n|win|jeandonis02\n|raw|jeandonis02's rating: 1683 &rarr; <strong>1703<\/strong><br \/>(+20 for winning)\n|raw|aszxcvbnm's rating: 1689 &rarr; <strong>1669<\/strong><br \/>(-20 for losing)\n|l|\u2606aszxcvbnm\n|l| 0WithdrawalSyndrom\n||Ladder isn't responding, score probably updated but might not have (Request timeout).\n","uploadtime":1666876495,"views":8,"p1id":"jeandonis02","p2id":"aszxcvbnm","formatid":"gen8ou","rating":1669,"private":0,"password":null}