{"id":"gen8ou-1541852237","p1":"Sp0oNl0rD","p2":"SetsuStsna","format":"gen8ou","log":"|j|\u2606Sp0oNl0rD\n|j|\u2606SetsuStsna\n|inactive|Battle timer is ON: inactive players will automatically lose when time's up.\n|t:|1648610463\n|gametype|singles\n|player|p1|Sp0oNl0rD|teamrocket|\n|player|p2|SetsuStsna|dawn-gen4pt|\n|teamsize|p1|6\n|teamsize|p2|6\n|gen|8\n|tier|[Gen 8] OU\n|rated|Tournament battle\n|rule|Sleep Clause Mod: Limit one foe put to sleep\n|rule|Species Clause: Limit one of each Pok\u00e9mon\n|rule|OHKO Clause: OHKO moves are banned\n|rule|Evasion Moves Clause: Evasion moves are banned\n|rule|Endless Battle Clause: Forcing endless battles is banned\n|rule|HP Percentage Mod: HP is shown in percentages\n|rule|Dynamax Clause: You cannot dynamax\n|rule|Item Clause: Limit one of each item\n|clearpoke\n|poke|p1|Tapu Koko|\n|poke|p1|Hatterene, F|\n|poke|p1|Blaziken, M|\n|poke|p1|Garchomp, F|\n|poke|p1|Moltres-Galar|\n|poke|p1|Melmetal|\n|poke|p2|Kartana|\n|poke|p2|Dragapult, M|\n|poke|p2|Slowbro-Galar, M|\n|poke|p2|Registeel|\n|poke|p2|Zoroark, F|\n|poke|p2|Garchomp, F|\n|teampreview\n|inactive|Sp0oNl0rD also wants the timer to be on.\n|c|\u2606Sp0oNl0rD|hf setsu\n|c|\u2606SetsuStsna|hf\n|j| yaboiAshK.\n|c|\u2606Sp0oNl0rD|that team looks demonic\n|j| Horsehead3\n|j| StarPlatinumReqim\n|c|\u2606SetsuStsna|either i 6-0 or i get 6-0\n|c|\u2606Sp0oNl0rD|that's how it appears lol\n|inactive|SetsuStsna has 120 seconds left.\n|j| deesnut\n|c| yaboiAshK.|this is the real finals\n|c|\u2606SetsuStsna|sorry was putting ctc verse in the background\n|c|\u2606SetsuStsna|hf\n|c| deesnut|two ho noobs\n|c| deesnut|final battle\n|inactive|SetsuStsna has 90 seconds left.\n|c|\u2606Sp0oNl0rD|lmao\n|j| kuhlhlh\n|c|\u2606Sp0oNl0rD|link the ctc verse\n|c|\u2606Sp0oNl0rD|gotta make this a true showdown\n|c|\u2606SetsuStsna|https:\/\/www.youtube.com\/watch?v=QrzpdsgndjM\n|c| Horsehead3|lol\n|c| Horsehead3|ctc verse\n|inactive|SetsuStsna has 60 seconds left.\n|c| Horsehead3|>\n|\n|t:|1648610562\n|start\n|switch|p1a: Tapu Koko|Tapu Koko|100\/100\n|switch|p2a: Nunnally|Garchomp, F|100\/100\n|-fieldstart|move: Electric Terrain|[from] ability: Electric Surge|[of] p1a: Tapu Koko\n|turn|1\n|inactive|SetsuStsna has 120 seconds left.\n|c|\u2606Sp0oNl0rD|soodowoodo\n|c|\u2606Sp0oNl0rD|that line kills my everytime\n|inactive|Sp0oNl0rD has 120 seconds left.\n|\n|t:|1648610594\n|move|p1a: Tapu Koko|Reflect|p1a: Tapu Koko\n|-sidestart|p1: Sp0oNl0rD|Reflect\n|move|p2a: Nunnally|Earthquake|p1a: Tapu Koko\n|-supereffective|p1a: Tapu Koko\n|-damage|p1a: Tapu Koko|45\/100\n|\n|upkeep\n|turn|2\n|c| deesnut|https:\/\/www.youtube.com\/watch?v=yMUz9efa1yE&t=1173s\n|c| deesnut|this one even better\n|\n|t:|1648610604\n|switch|p1a: Moltres|Moltres-Galar|100\/100\n|move|p2a: Nunnally|Earthquake|p1a: Moltres\n|-immune|p1a: Moltres\n|\n|upkeep\n|turn|3\n|\n|t:|1648610609\n|move|p2a: Nunnally|Swords Dance|p2a: Nunnally\n|-boost|p2a: Nunnally|atk|2\n|move|p1a: Moltres|Agility|p1a: Moltres\n|-boost|p1a: Moltres|spe|2\n|\n|upkeep\n|turn|4\n|\n|t:|1648610615\n|move|p1a: Moltres|Fiery Wrath|p2a: Nunnally\n|-damage|p2a: Nunnally|56\/100\n|cant|p2a: Nunnally|flinch\n|\n|upkeep\n|turn|5\n|\n|t:|1648610620\n|move|p1a: Moltres|Hurricane|p2a: Nunnally|[miss]\n|-miss|p1a: Moltres|p2a: Nunnally\n|move|p2a: Nunnally|Scale Shot|p1a: Moltres\n|-damage|p1a: Moltres|85\/100\n|-damage|p1a: Moltres|70\/100\n|-damage|p1a: Moltres|55\/100\n|-hitcount|p1a: Moltres|3\n|-unboost|p2a: Nunnally|def|1\n|-boost|p2a: Nunnally|spe|1\n|\n|-fieldend|move: Electric Terrain\n|upkeep\n|turn|6\n|\n|t:|1648610625\n|move|p1a: Moltres|Hurricane|p2a: Nunnally\n|-damage|p2a: Nunnally|0 fnt\n|faint|p2a: Nunnally\n|\n|upkeep\n|\n|t:|1648610632\n|switch|p2a: Kallen|Registeel|100\/100\n|turn|7\n|\n|t:|1648610642\n|move|p1a: Moltres|Taunt|p2a: Kallen\n|-start|p2a: Kallen|move: Taunt\n|cant|p2a: Kallen|move: Taunt|Amnesia\n|\n|upkeep\n|turn|8\n|\n|t:|1648610646\n|move|p1a: Moltres|Fiery Wrath|p2a: Kallen\n|-damage|p2a: Kallen|75\/100\n|move|p2a: Kallen|Body Press|p1a: Moltres\n|-damage|p1a: Moltres|34\/100\n|-ability|p1a: Moltres|Berserk|boost\n|-boost|p1a: Moltres|spa|1\n|\n|-heal|p2a: Kallen|81\/100|[from] item: Leftovers\n|-sideend|p1: Sp0oNl0rD|Reflect\n|upkeep\n|turn|9\n|\n|t:|1648610649\n|move|p1a: Moltres|Fiery Wrath|p2a: Kallen\n|-damage|p2a: Kallen|44\/100\n|move|p2a: Kallen|Body Press|p1a: Moltres\n|-damage|p1a: Moltres|0 fnt\n|faint|p1a: Moltres\n|\n|-heal|p2a: Kallen|50\/100|[from] item: Leftovers\n|-end|p2a: Kallen|move: Taunt\n|upkeep\n|\n|t:|1648610654\n|switch|p1a: Blaziken|Blaziken, M|100\/100\n|turn|10\n|\n|t:|1648610658\n|move|p1a: Blaziken|Flare Blitz|p2a: Kallen\n|-supereffective|p2a: Kallen\n|-damage|p2a: Kallen|0 fnt\n|faint|p2a: Kallen\n|-damage|p1a: Blaziken|81\/100|[from] Recoil\n|-damage|p1a: Blaziken|71\/100|[from] item: Life Orb\n|\n|-ability|p1a: Blaziken|Speed Boost|boost\n|-boost|p1a: Blaziken|spe|1\n|upkeep\n|\n|t:|1648610665\n|switch|p2a: Zero|Dragapult, M, shiny|100\/100\n|turn|11\n|\n|t:|1648610674\n|move|p1a: Blaziken|Flare Blitz|p2a: Zero\n|-resisted|p2a: Zero\n|-damage|p2a: Zero|57\/100\n|-damage|p1a: Blaziken|53\/100|[from] Recoil\n|-damage|p1a: Blaziken|43\/100|[from] item: Life Orb\n|move|p2a: Zero|Reflect|p2a: Zero\n|-sidestart|p2: SetsuStsna|Reflect\n|\n|-ability|p1a: Blaziken|Speed Boost|boost\n|-boost|p1a: Blaziken|spe|1\n|upkeep\n|turn|12\n|\n|t:|1648610677\n|move|p1a: Blaziken|Swords Dance|p1a: Blaziken\n|-boost|p1a: Blaziken|atk|2\n|move|p2a: Zero|Thunder Wave|p1a: Blaziken\n|-status|p1a: Blaziken|par\n|\n|-ability|p1a: Blaziken|Speed Boost|boost\n|-boost|p1a: Blaziken|spe|1\n|upkeep\n|turn|13\n|c|\u2606Sp0oNl0rD|is this the curse one\n|\n|t:|1648610684\n|move|p2a: Zero|Light Screen|p2a: Zero\n|-sidestart|p2: SetsuStsna|move: Light Screen\n|move|p1a: Blaziken|Flare Blitz|p2a: Zero\n|-resisted|p2a: Zero\n|-damage|p2a: Zero|16\/100\n|-damage|p1a: Blaziken|26\/100 par|[from] Recoil\n|-damage|p1a: Blaziken|16\/100 par|[from] item: Life Orb\n|\n|-ability|p1a: Blaziken|Speed Boost|boost\n|-boost|p1a: Blaziken|spe|1\n|upkeep\n|turn|14\n|\n|t:|1648610687\n|move|p1a: Blaziken|Flare Blitz|p2a: Zero\n|-resisted|p2a: Zero\n|-damage|p2a: Zero|0 fnt\n|-start|p1a: Blaziken|Disable|Flare Blitz|[from] ability: Cursed Body|[of] p2a: Zero\n|faint|p2a: Zero\n|-damage|p1a: Blaziken|9\/100 par|[from] Recoil\n|-damage|p1a: Blaziken|0 fnt|[from] item: Life Orb\n|faint|p1a: Blaziken\n|\n|upkeep\n|c|\u2606SetsuStsna|ya\n|\n|t:|1648610700\n|switch|p2a: C.C.|Slowbro-Galar, M|100\/100\n|switch|p1a: Tapu Koko|Tapu Koko|45\/100\n|-fieldstart|move: Electric Terrain|[from] ability: Electric Surge|[of] p1a: Tapu Koko\n|turn|15\n|\n|t:|1648610710\n|switch|p2a: Suzaku|Kartana, shiny|100\/100\n|move|p1a: Tapu Koko|Reflect|p1a: Tapu Koko\n|-sidestart|p1: Sp0oNl0rD|Reflect\n|\n|upkeep\n|turn|16\n|\n|t:|1648610715\n|move|p1a: Tapu Koko|U-turn|p2a: Suzaku\n|-damage|p2a: Suzaku|91\/100\n|\n|t:|1648610716\n|switch|p1a: Garchomp|Garchomp, F|100\/100|[from]move: U-turn\n|move|p2a: Suzaku|Leaf Blade|p1a: Garchomp\n|-damage|p1a: Garchomp|73\/100\n|-damage|p2a: Suzaku|79\/100|[from] ability: Rough Skin|[of] p1a: Garchomp\n|-damage|p2a: Suzaku|69\/100|[from] item: Life Orb\n|\n|upkeep\n|turn|17\n|\n|t:|1648610719\n|move|p2a: Suzaku|Swords Dance|p2a: Suzaku\n|-boost|p2a: Suzaku|atk|2\n|move|p1a: Garchomp|Scale Shot|p2a: Suzaku\n|-resisted|p2a: Suzaku\n|-damage|p2a: Suzaku|65\/100\n|-resisted|p2a: Suzaku\n|-damage|p2a: Suzaku|62\/100\n|-resisted|p2a: Suzaku\n|-damage|p2a: Suzaku|59\/100\n|-resisted|p2a: Suzaku\n|-crit|p2a: Suzaku\n|-damage|p2a: Suzaku|48\/100\n|-resisted|p2a: Suzaku\n|-damage|p2a: Suzaku|44\/100\n|-hitcount|p2a: Suzaku|5\n|-unboost|p1a: Garchomp|def|1\n|-boost|p1a: Garchomp|spe|1\n|\n|upkeep\n|turn|18\n|\n|t:|1648610721\n|move|p1a: Garchomp|Fire Fang|p2a: Suzaku\n|-supereffective|p2a: Suzaku\n|-damage|p2a: Suzaku|0 fnt\n|faint|p2a: Suzaku\n|\n|-sideend|p2: SetsuStsna|Reflect\n|upkeep\n|\n|t:|1648610725\n|switch|p2a: C.C.|Slowbro-Galar, M|100\/100\n|turn|19\n|j| i ran out of names\n|\n|t:|1648610729\n|move|p2a: C.C.|Dark Pulse|p1a: Garchomp\n|-damage|p1a: Garchomp|31\/100\n|move|p1a: Garchomp|Earthquake|p2a: C.C.\n|-damage|p2a: C.C.|0 fnt\n|replace|p2a: Lelouch|Zoroark, F\n|-end|p2a: Lelouch|Illusion\n|faint|p2a: Lelouch\n|\n|-fieldend|move: Electric Terrain\n|upkeep\n|\n|t:|1648610732\n|switch|p2a: C.C.|Slowbro-Galar, M|100\/100\n|turn|20\n|-activate|p2a: C.C.|ability: Quick Draw\n|\n|t:|1648610734\n|move|p2a: C.C.|Zen Headbutt|p1a: Garchomp\n|-damage|p1a: Garchomp|0 fnt\n|-damage|p2a: C.C.|88\/100|[from] ability: Rough Skin|[of] p1a: Garchomp\n|faint|p1a: Garchomp\n|\n|-sideend|p2: SetsuStsna|move: Light Screen\n|upkeep\n|\n|t:|1648610739\n|switch|p1a: Melmetal|Melmetal|100\/100\n|turn|21\n|c|\u2606SetsuStsna|i lost cause i put what deesnut linked\n|c|\u2606Sp0oNl0rD|lmao\n|-activate|p2a: C.C.|ability: Quick Draw\n|\n|t:|1648610751\n|move|p2a: C.C.|Drain Punch|p1a: Melmetal\n|-supereffective|p1a: Melmetal\n|-damage|p1a: Melmetal|85\/100\n|-heal|p2a: C.C.|97\/100|[from] drain|[of] p1a: Melmetal\n|move|p1a: Melmetal|Double Iron Bash|p2a: C.C.\n|-damage|p2a: C.C.|56\/100\n|-damage|p2a: C.C.|13\/100\n|-hitcount|p2a: C.C.|2\n|\n|upkeep\n|turn|22\n|c|\u2606Sp0oNl0rD|I did too\n|c| deesnut|LOL\n|\n|t:|1648610755\n|move|p1a: Melmetal|Double Iron Bash|p2a: C.C.\n|-damage|p2a: C.C.|0 fnt\n|faint|p2a: C.C.\n|-hitcount|p2: C.C.|1\n|\n|win|Sp0oNl0rD\n|n|\u2606Sp0oNl0rD|sp0onl0rd\n|n|\u2606SetsuStsna|setsustsna\n|n| yaboiAshK.|yaboiashk\n|n| Horsehead3|horsehead3\n|n| StarPlatinumReqim|starplatinumreqim\n|n| deesnut|deesnut\n|n| kuhlhlh|kuhlhlh\n|n| i ran out of names|iranoutofnames\n|c|\u2606SetsuStsna|gg\n|c| deesnut|sry\n|l| deesnut\n|l|\u2606SetsuStsna\n|c| yaboiAshK.|LOL\n|l|\u2606Sp0oNl0rD\n|l| yaboiAshK.\n|l| StarPlatinumReqim\n|l| i ran out of names\n|j|\u2606SetsuStsna\n|player|p2|SetsuStsna|dawn-gen4pt\n","uploadtime":1648610815,"views":141,"p1id":"sp0onl0rd","p2id":"setsustsna","formatid":"gen8ou","rating":0,"private":0,"password":null}