{"id":"gen8almostanyability-1483973114","p1":"chomper here","p2":"xasahbae","format":"gen8almostanyability","log":"|j|\u2606chomper here\n|j|\u2606xasahbae\n|inactive|Battle timer is ON: inactive players will automatically lose when time's up.\n|t:|1641129612\n|gametype|singles\n|player|p1|chomper here|170|\n|player|p2|xasahbae|beauty-gen7|\n|teamsize|p1|6\n|teamsize|p2|6\n|gen|8\n|tier|[Gen 8] Almost Any Ability\n|rated|Tournament battle\n|rule|Species Clause: Limit one of each Pok\u00e9mon\n|rule|2 Ability Clause: Limit two of each ability\n|rule|OHKO Clause: OHKO moves are banned\n|rule|Evasion Moves Clause: Evasion moves are banned\n|rule|HP Percentage Mod: HP is shown in percentages\n|rule|Dynamax Clause: You cannot dynamax\n|rule|Sleep Clause: Sleep-inducing moves are banned\n|rule|Endless Battle Clause: Forcing endless battles is banned\n|clearpoke\n|poke|p1|Barraskewda, F|\n|poke|p1|Swampert, F|\n|poke|p1|Toxapex, F|\n|poke|p1|Corviknight, F|\n|poke|p1|Chansey, F|\n|poke|p1|Zapdos|\n|poke|p2|Blissey, F|\n|poke|p2|Latios, M|\n|poke|p2|Togekiss, M|\n|poke|p2|Genesect|\n|poke|p2|Ferrothorn, F|\n|poke|p2|Landorus-Therian, M|\n|teampreview\n|j|*Lady Monita \u2744\n|inactive|xasahbae has 120 seconds left.\n|\n|t:|1641129669\n|start\n|switch|p1a: Corviknight|Corviknight, F|100\/100\n|switch|p2a: Landorus|Landorus-Therian, M|100\/100\n|-ability|p1a: Corviknight|Intimidate|boost\n|-unboost|p2a: Landorus|atk|1\n|turn|1\n|\n|t:|1641129678\n|switch|p1a: Chansey|Chansey, F|100\/100\n|move|p2a: Landorus|Knock Off|p1a: Chansey\n|-damage|p1a: Chansey|86\/100\n|-enditem|p1a: Chansey|Eviolite|[from] move: Knock Off|[of] p2a: Landorus\n|\n|upkeep\n|turn|2\n|\n|t:|1641129692\n|switch|p2a: Blissey|Blissey, F|100\/100\n|move|p1a: Chansey|Teleport|p1a: Chansey\n|\n|t:|1641129707\n|switch|p1a: Barraskewda|Barraskewda, F|100\/100|[from]move: Teleport\n|-weather|PrimordialSea|[from] ability: Primordial Sea|[of] p1a: Barraskewda\n|\n|-weather|PrimordialSea|[upkeep]\n|upkeep\n|turn|3\n|\n|t:|1641129712\n|switch|p2a: Ferrothorn|Ferrothorn, F|100\/100\n|move|p1a: Barraskewda|Close Combat|p2a: Ferrothorn\n|-supereffective|p2a: Ferrothorn\n|-damage|p2a: Ferrothorn|36\/100\n|-unboost|p1a: Barraskewda|def|1\n|-unboost|p1a: Barraskewda|spd|1\n|\n|-weather|PrimordialSea|[upkeep]\n|-heal|p2a: Ferrothorn|43\/100|[from] item: Leftovers\n|upkeep\n|turn|4\n|\n|t:|1641129720\n|switch|p2a: Landorus|Landorus-Therian, M|100\/100\n|move|p1a: Barraskewda|Close Combat|p2a: Landorus\n|-resisted|p2a: Landorus\n|-damage|p2a: Landorus|74\/100\n|-unboost|p1a: Barraskewda|def|1\n|-unboost|p1a: Barraskewda|spd|1\n|\n|-weather|PrimordialSea|[upkeep]\n|upkeep\n|turn|5\n|\n|t:|1641129727\n|-weather|none\n|switch|p1a: Swampert|Swampert, F|100\/100\n|move|p2a: Landorus|U-turn|p1a: Swampert\n|-damage|p1a: Swampert|81\/100\n|-damage|p2a: Landorus|57\/100|[from] item: Rocky Helmet|[of] p1a: Swampert\n|\n|t:|1641129737\n|switch|p2a: Genesect|Genesect|100\/100|[from]move: U-turn\n|\n|upkeep\n|turn|6\n|\n|t:|1641129749\n|move|p2a: Genesect|Energy Ball|p1a: Swampert\n|-supereffective|p1a: Swampert\n|-damage|p1a: Swampert|2\/100\n|move|p1a: Swampert|Earthquake|p2a: Genesect\n|-damage|p2a: Genesect|50\/100\n|\n|upkeep\n|turn|7\n|\n|t:|1641129756\n|switch|p1a: Chansey|Chansey, F|86\/100\n|move|p2a: Genesect|Blizzard|p1a: Chansey\n|-damage|p1a: Chansey|69\/100\n|\n|upkeep\n|turn|8\n|\n|t:|1641129760\n|move|p2a: Genesect|U-turn|p1a: Chansey\n|-damage|p1a: Chansey|47\/100\n|\n|t:|1641129762\n|switch|p2a: Ferrothorn|Ferrothorn, F|43\/100|[from]move: U-turn\n|move|p1a: Chansey|Soft-Boiled|p1a: Chansey\n|-heal|p1a: Chansey|97\/100\n|\n|-heal|p2a: Ferrothorn|49\/100|[from] item: Leftovers\n|upkeep\n|turn|9\n|\n|t:|1641129771\n|move|p2a: Ferrothorn|Spikes|p1a: Chansey\n|move|p1a: Chansey|Spikes|p2a: Ferrothorn|[from]ability: Magic Bounce\n|-sidestart|p2: xasahbae|Spikes\n|move|p1a: Chansey|Teleport|p1a: Chansey\n|\n|t:|1641129774\n|switch|p1a: Barraskewda|Barraskewda, F|100\/100|[from]move: Teleport\n|-weather|PrimordialSea|[from] ability: Primordial Sea|[of] p1a: Barraskewda\n|\n|-weather|PrimordialSea|[upkeep]\n|-heal|p2a: Ferrothorn|55\/100|[from] item: Leftovers\n|upkeep\n|turn|10\n|\n|t:|1641129777\n|move|p2a: Ferrothorn|Protect|p2a: Ferrothorn\n|-singleturn|p2a: Ferrothorn|Protect\n|move|p1a: Barraskewda|Close Combat|p2a: Ferrothorn\n|-activate|p2a: Ferrothorn|move: Protect\n|\n|-weather|PrimordialSea|[upkeep]\n|-heal|p2a: Ferrothorn|61\/100|[from] item: Leftovers\n|upkeep\n|turn|11\n|\n|t:|1641129784\n|-weather|none\n|switch|p1a: Zapdos|Zapdos|100\/100\n|switch|p2a: Landorus|Landorus-Therian, M|91\/100\n|\n|upkeep\n|turn|12\n|\n|t:|1641129789\n|move|p2a: Landorus|Defog|p1a: Zapdos\n|-unboost|p1a: Zapdos|evasion|1\n|-sideend|p2: xasahbae|Spikes|[from] move: Defog|[of] p2a: Landorus\n|move|p1a: Zapdos|Brave Bird|p2a: Landorus\n|-damage|p2a: Landorus|30\/100\n|\n|upkeep\n|turn|13\n|\n|t:|1641129796\n|switch|p2a: Ferrothorn|Ferrothorn, F|61\/100\n|move|p1a: Zapdos|Brave Bird|p2a: Ferrothorn\n|-damage|p2a: Ferrothorn|21\/100\n|\n|-heal|p2a: Ferrothorn|27\/100|[from] item: Leftovers\n|upkeep\n|turn|14\n|\n|t:|1641129804\n|move|p2a: Ferrothorn|Protect|p2a: Ferrothorn\n|-singleturn|p2a: Ferrothorn|Protect\n|move|p1a: Zapdos|Brave Bird|p2a: Ferrothorn\n|-activate|p2a: Ferrothorn|move: Protect\n|\n|-heal|p2a: Ferrothorn|33\/100|[from] item: Leftovers\n|upkeep\n|turn|15\n|\n|t:|1641129810\n|switch|p2a: Blissey|Blissey, F|100\/100\n|move|p1a: Zapdos|Brave Bird|p2a: Blissey\n|-damage|p2a: Blissey|36\/100\n|\n|upkeep\n|turn|16\n|\n|t:|1641129813\n|move|p1a: Zapdos|Brave Bird|p2a: Blissey\n|-damage|p2a: Blissey|0 fnt\n|faint|p2a: Blissey\n|\n|upkeep\n|\n|t:|1641129816\n|switch|p2a: Latios|Latios, M|100\/100\n|turn|17\n|\n|t:|1641129823\n|switch|p1a: Chansey|Chansey, F|97\/100\n|move|p2a: Latios|Calm Mind|p2a: Latios\n|-boost|p2a: Latios|spa|1\n|-boost|p2a: Latios|spd|1\n|\n|upkeep\n|turn|18\n|\n|t:|1641129831\n|move|p2a: Latios|Psyshock|p1a: Chansey\n|-damage|p1a: Chansey|19\/100\n|move|p1a: Chansey|Toxic|p2a: Latios|[miss]\n|-miss|p1a: Chansey|p2a: Latios\n|\n|upkeep\n|turn|19\n|\n|t:|1641129835\n|switch|p1a: Corviknight|Corviknight, F|100\/100\n|-ability|p1a: Corviknight|Intimidate|boost\n|-unboost|p2a: Latios|atk|1\n|move|p2a: Latios|Psyshock|p1a: Corviknight\n|-resisted|p1a: Corviknight\n|-damage|p1a: Corviknight|55\/100\n|\n|upkeep\n|turn|20\n|\n|t:|1641129841\n|move|p2a: Latios|Draco Meteor|p1a: Corviknight\n|-resisted|p1a: Corviknight\n|-damage|p1a: Corviknight|0 fnt\n|-unboost|p2a: Latios|spa|2\n|faint|p1a: Corviknight\n|\n|upkeep\n|\n|t:|1641129844\n|switch|p1a: Zapdos|Zapdos|100\/100\n|turn|21\n|\n|t:|1641129861\n|switch|p2a: Ferrothorn|Ferrothorn, F|33\/100\n|move|p1a: Zapdos|Brave Bird|p2a: Ferrothorn\n|-damage|p2a: Ferrothorn|0 fnt\n|faint|p2a: Ferrothorn\n|\n|upkeep\n|\n|t:|1641129864\n|switch|p2a: Genesect|Genesect|50\/100\n|turn|22\n|\n|t:|1641129873\n|switch|p1a: Chansey|Chansey, F|19\/100\n|move|p2a: Genesect|Blizzard|p1a: Chansey\n|-damage|p1a: Chansey|3\/100\n|-status|p1a: Chansey|frz\n|\n|upkeep\n|turn|23\n|\n|t:|1641129882\n|move|p2a: Genesect|Blizzard|p1a: Chansey\n|-crit|p1a: Chansey\n|-damage|p1a: Chansey|0 fnt\n|faint|p1a: Chansey\n|\n|upkeep\n|\n|t:|1641129885\n|switch|p1a: Barraskewda|Barraskewda, F|100\/100\n|-weather|PrimordialSea|[from] ability: Primordial Sea|[of] p1a: Barraskewda\n|turn|24\n|\n|t:|1641129895\n|move|p1a: Barraskewda|Liquidation|p2a: Genesect\n|-damage|p2a: Genesect|0 fnt\n|faint|p2a: Genesect\n|\n|-weather|PrimordialSea|[upkeep]\n|upkeep\n|\n|t:|1641129906\n|switch|p2a: Latios|Latios, M|100\/100\n|turn|25\n|\n|t:|1641129917\n|move|p1a: Barraskewda|Liquidation|p2a: Latios\n|-resisted|p2a: Latios\n|-damage|p2a: Latios|34\/100\n|move|p2a: Latios|Draco Meteor|p1a: Barraskewda\n|-damage|p1a: Barraskewda|0 fnt\n|-unboost|p2a: Latios|spa|2\n|faint|p1a: Barraskewda\n|-weather|none\n|\n|upkeep\n|\n|t:|1641129921\n|switch|p1a: Swampert|Swampert, F|36\/100\n|turn|26\n|\n|t:|1641129929\n|switch|p2a: Landorus|Landorus-Therian, M|64\/100\n|move|p1a: Swampert|Flip Turn|p2a: Landorus\n|-supereffective|p2a: Landorus\n|-damage|p2a: Landorus|29\/100\n|\n|t:|1641129931\n|switch|p1a: Zapdos|Zapdos|100\/100|[from]move: Flip Turn\n|\n|upkeep\n|turn|27\n|\n|t:|1641129934\n|move|p2a: Landorus|Knock Off|p1a: Zapdos\n|-damage|p1a: Zapdos|69\/100\n|-enditem|p1a: Zapdos|Life Orb|[from] move: Knock Off|[of] p2a: Landorus\n|move|p1a: Zapdos|Brave Bird|p2a: Landorus\n|-damage|p2a: Landorus|0 fnt\n|faint|p2a: Landorus\n|\n|upkeep\n|\n|t:|1641129946\n|switch|p2a: Latios|Latios, M|34\/100\n|turn|28\n|\n|t:|1641129964\n|switch|p1a: Swampert|Swampert, F|69\/100\n|move|p2a: Latios|Draco Meteor|p1a: Swampert\n|-damage|p1a: Swampert|15\/100\n|-unboost|p2a: Latios|spa|2\n|\n|upkeep\n|turn|29\n|\n|t:|1641129972\n|switch|p1a: Toxapex|Toxapex, F|100\/100\n|move|p2a: Latios|Psyshock|p1a: Toxapex\n|-supereffective|p1a: Toxapex\n|-damage|p1a: Toxapex|67\/100\n|\n|-heal|p1a: Toxapex|73\/100|[from] item: Black Sludge\n|upkeep\n|turn|30\n|\n|t:|1641129976\n|move|p2a: Latios|Recover|p2a: Latios\n|-heal|p2a: Latios|85\/100\n|move|p1a: Toxapex|Knock Off|p2a: Latios\n|-supereffective|p2a: Latios\n|-damage|p2a: Latios|39\/100\n|-enditem|p2a: Latios|Soul Dew|[from] move: Knock Off|[of] p1a: Toxapex\n|\n|-heal|p1a: Toxapex|79\/100|[from] item: Black Sludge\n|upkeep\n|turn|31\n|\n|t:|1641129981\n|switch|p1a: Swampert|Swampert, F|49\/100\n|move|p2a: Latios|Recover|p2a: Latios\n|-heal|p2a: Latios|90\/100\n|\n|upkeep\n|turn|32\n|\n|t:|1641129987\n|switch|p2a: Togekiss|Togekiss, M|100\/100\n|move|p1a: Swampert|Flip Turn|p2a: Togekiss\n|-damage|p2a: Togekiss|77\/100\n|\n|t:|1641129990\n|switch|p1a: Zapdos|Zapdos|69\/100|[from]move: Flip Turn\n|\n|upkeep\n|turn|33\n|inactive|xasahbae has 120 seconds left.\n|\n|t:|1641130026\n|move|p1a: Zapdos|Volt Switch|p2a: Togekiss\n|-supereffective|p2a: Togekiss\n|-damage|p2a: Togekiss|29\/100\n|\n|t:|1641130029\n|switch|p1a: Toxapex|Toxapex, F|79\/100|[from]move: Volt Switch\n|move|p2a: Togekiss|Flamethrower|p1a: Toxapex\n|-resisted|p1a: Toxapex\n|-crit|p1a: Toxapex\n|-damage|p1a: Toxapex|61\/100\n|\n|-heal|p1a: Toxapex|67\/100|[from] item: Black Sludge\n|upkeep\n|turn|34\n|\n|t:|1641130033\n|move|p2a: Togekiss|Roost|p2a: Togekiss\n|-heal|p2a: Togekiss|79\/100\n|-singleturn|p2a: Togekiss|move: Roost\n|move|p1a: Toxapex|Scald|p2a: Togekiss\n|-crit|p2a: Togekiss\n|-damage|p2a: Togekiss|60\/100\n|-status|p2a: Togekiss|brn\n|\n|-heal|p1a: Toxapex|74\/100|[from] item: Black Sludge\n|-damage|p2a: Togekiss|54\/100 brn|[from] brn\n|upkeep\n|turn|35\n|\n|t:|1641130037\n|move|p2a: Togekiss|Nasty Plot|p2a: Togekiss\n|-boost|p2a: Togekiss|spa|2\n|move|p1a: Toxapex|Knock Off|p2a: Togekiss\n|-resisted|p2a: Togekiss\n|-damage|p2a: Togekiss|47\/100 brn\n|-enditem|p2a: Togekiss|Heavy-Duty Boots|[from] move: Knock Off|[of] p1a: Toxapex\n|\n|-heal|p1a: Toxapex|80\/100|[from] item: Black Sludge\n|-damage|p2a: Togekiss|40\/100 brn|[from] brn\n|upkeep\n|turn|36\n|\n|t:|1641130040\n|move|p2a: Togekiss|Roost|p2a: Togekiss\n|-heal|p2a: Togekiss|91\/100 brn\n|-singleturn|p2a: Togekiss|move: Roost\n|move|p1a: Toxapex|Haze|p1a: Toxapex\n|-clearallboost\n|\n|-heal|p1a: Toxapex|86\/100|[from] item: Black Sludge\n|-damage|p2a: Togekiss|85\/100 brn|[from] brn\n|upkeep\n|turn|37\n|\n|t:|1641130043\n|move|p2a: Togekiss|Flamethrower|p1a: Toxapex\n|-resisted|p1a: Toxapex\n|-damage|p1a: Toxapex|73\/100\n|move|p1a: Toxapex|Scald|p2a: Togekiss\n|-damage|p2a: Togekiss|70\/100 brn\n|\n|-heal|p1a: Toxapex|79\/100|[from] item: Black Sludge\n|-damage|p2a: Togekiss|64\/100 brn|[from] brn\n|upkeep\n|turn|38\n|\n|t:|1641130047\n|switch|p1a: Swampert|Swampert, F|82\/100\n|move|p2a: Togekiss|Flamethrower|p1a: Swampert\n|-resisted|p1a: Swampert\n|-damage|p1a: Swampert|71\/100\n|\n|-damage|p2a: Togekiss|58\/100 brn|[from] brn\n|upkeep\n|turn|39\n|\n|t:|1641130051\n|move|p2a: Togekiss|Draining Kiss|p1a: Swampert\n|-damage|p1a: Swampert|53\/100\n|-heal|p2a: Togekiss|74\/100 brn|[from] drain|[of] p1a: Swampert\n|-damage|p2a: Togekiss|57\/100 brn|[from] item: Rocky Helmet|[of] p1a: Swampert\n|move|p1a: Swampert|Ice Beam|p2a: Togekiss\n|-supereffective|p2a: Togekiss\n|-damage|p2a: Togekiss|24\/100 brn\n|\n|-damage|p2a: Togekiss|18\/100 brn|[from] brn\n|upkeep\n|turn|40\n|\n|t:|1641130054\n|move|p2a: Togekiss|Roost|p2a: Togekiss\n|-heal|p2a: Togekiss|68\/100 brn\n|-singleturn|p2a: Togekiss|move: Roost\n|move|p1a: Swampert|Stealth Rock|p2a: Togekiss\n|-sidestart|p2: xasahbae|move: Stealth Rock\n|\n|-damage|p2a: Togekiss|62\/100 brn|[from] brn\n|upkeep\n|turn|41\n|\n|t:|1641130058\n|move|p2a: Togekiss|Roost|p2a: Togekiss\n|-heal|p2a: Togekiss|100\/100 brn\n|-singleturn|p2a: Togekiss|move: Roost\n|move|p1a: Swampert|Flip Turn|p2a: Togekiss\n|-damage|p2a: Togekiss|79\/100 brn\n|\n|t:|1641130079\n|switch|p1a: Zapdos|Zapdos|69\/100|[from]move: Flip Turn\n|\n|-damage|p2a: Togekiss|73\/100 brn|[from] brn\n|upkeep\n|turn|42\n|j| TheNewBrends11\n|\n|t:|1641130104\n|move|p2a: Togekiss|Draining Kiss|p1a: Zapdos\n|-damage|p1a: Zapdos|41\/100\n|-heal|p2a: Togekiss|95\/100 brn|[from] drain|[of] p1a: Zapdos\n|move|p1a: Zapdos|Roost|p1a: Zapdos\n|-heal|p1a: Zapdos|91\/100\n|-singleturn|p1a: Zapdos|move: Roost\n|\n|-damage|p2a: Togekiss|89\/100 brn|[from] brn\n|upkeep\n|turn|43\n|\n|t:|1641130116\n|move|p1a: Zapdos|Brave Bird|p2a: Togekiss\n|-damage|p2a: Togekiss|34\/100 brn\n|move|p2a: Togekiss|Nasty Plot|p2a: Togekiss\n|-boost|p2a: Togekiss|spa|2\n|\n|-damage|p2a: Togekiss|28\/100 brn|[from] brn\n|upkeep\n|turn|44\n|\n|t:|1641130121\n|switch|p1a: Toxapex|Toxapex, F|79\/100\n|move|p2a: Togekiss|Draining Kiss|p1a: Toxapex\n|-resisted|p1a: Toxapex\n|-damage|p1a: Toxapex|55\/100\n|-heal|p2a: Togekiss|43\/100 brn|[from] drain|[of] p1a: Toxapex\n|\n|-heal|p1a: Toxapex|62\/100|[from] item: Black Sludge\n|-damage|p2a: Togekiss|37\/100 brn|[from] brn\n|upkeep\n|turn|45\n|\n|t:|1641130124\n|move|p2a: Togekiss|Draining Kiss|p1a: Toxapex\n|-resisted|p1a: Toxapex\n|-damage|p1a: Toxapex|40\/100\n|-heal|p2a: Togekiss|50\/100 brn|[from] drain|[of] p1a: Toxapex\n|move|p1a: Toxapex|Haze|p1a: Toxapex\n|-clearallboost\n|\n|-heal|p1a: Toxapex|47\/100|[from] item: Black Sludge\n|-damage|p2a: Togekiss|44\/100 brn|[from] brn\n|upkeep\n|turn|46\n|\n|t:|1641130129\n|move|p2a: Togekiss|Roost|p2a: Togekiss\n|-heal|p2a: Togekiss|94\/100 brn\n|-singleturn|p2a: Togekiss|move: Roost\n|move|p1a: Toxapex|Recover|p1a: Toxapex\n|-heal|p1a: Toxapex|97\/100\n|\n|-heal|p1a: Toxapex|100\/100|[from] item: Black Sludge\n|-damage|p2a: Togekiss|88\/100 brn|[from] brn\n|upkeep\n|turn|47\n|\n|t:|1641130143\n|move|p2a: Togekiss|Nasty Plot|p2a: Togekiss\n|-boost|p2a: Togekiss|spa|2\n|move|p1a: Toxapex|Scald|p2a: Togekiss\n|-damage|p2a: Togekiss|75\/100 brn\n|\n|-damage|p2a: Togekiss|69\/100 brn|[from] brn\n|upkeep\n|turn|48\n|\n|t:|1641130145\n|move|p1a: Toxapex|Haze|p1a: Toxapex\n|-clearallboost\n|move|p2a: Togekiss|Flamethrower|p1a: Toxapex\n|-resisted|p1a: Toxapex\n|-damage|p1a: Toxapex|88\/100\n|\n|-heal|p1a: Toxapex|94\/100|[from] item: Black Sludge\n|-damage|p2a: Togekiss|63\/100 brn|[from] brn\n|upkeep\n|turn|49\n|\n|t:|1641130149\n|switch|p1a: Swampert|Swampert, F|86\/100\n|move|p2a: Togekiss|Flamethrower|p1a: Swampert\n|-resisted|p1a: Swampert\n|-damage|p1a: Swampert|76\/100\n|\n|-damage|p2a: Togekiss|57\/100 brn|[from] brn\n|upkeep\n|turn|50\n|\n|t:|1641130152\n|move|p2a: Togekiss|Roost|p2a: Togekiss\n|-heal|p2a: Togekiss|100\/100 brn\n|-singleturn|p2a: Togekiss|move: Roost\n|move|p1a: Swampert|Ice Beam|p2a: Togekiss\n|-damage|p2a: Togekiss|85\/100 brn\n|\n|-damage|p2a: Togekiss|79\/100 brn|[from] brn\n|upkeep\n|turn|51\n|\n|t:|1641130158\n|move|p2a: Togekiss|Nasty Plot|p2a: Togekiss\n|-boost|p2a: Togekiss|spa|2\n|move|p1a: Swampert|Flip Turn|p2a: Togekiss\n|-damage|p2a: Togekiss|56\/100 brn\n|\n|t:|1641130176\n|switch|p1a: Toxapex|Toxapex, F|94\/100|[from]move: Flip Turn\n|\n|-heal|p1a: Toxapex|99\/100|[from] item: Black Sludge\n|-damage|p2a: Togekiss|50\/100 brn|[from] brn\n|upkeep\n|turn|52\n|\n|t:|1641130180\n|move|p2a: Togekiss|Roost|p2a: Togekiss\n|-heal|p2a: Togekiss|99\/100 brn\n|-singleturn|p2a: Togekiss|move: Roost\n|move|p1a: Toxapex|Haze|p1a: Toxapex\n|-clearallboost\n|\n|-heal|p1a: Toxapex|100\/100|[from] item: Black Sludge\n|-damage|p2a: Togekiss|94\/100 brn|[from] brn\n|upkeep\n|turn|53\n|\n|t:|1641130185\n|move|p1a: Toxapex|Haze|p1a: Toxapex\n|-clearallboost\n|move|p2a: Togekiss|Flamethrower|p1a: Toxapex\n|-resisted|p1a: Toxapex\n|-damage|p1a: Toxapex|88\/100\n|\n|-heal|p1a: Toxapex|94\/100|[from] item: Black Sludge\n|-damage|p2a: Togekiss|88\/100 brn|[from] brn\n|upkeep\n|turn|54\n|\n|t:|1641130191\n|switch|p1a: Swampert|Swampert, F|100\/100\n|move|p2a: Togekiss|Draining Kiss|p1a: Swampert\n|-damage|p1a: Swampert|83\/100\n|-heal|p2a: Togekiss|100\/100 brn|[from] drain|[of] p1a: Swampert\n|-damage|p2a: Togekiss|84\/100 brn|[from] item: Rocky Helmet|[of] p1a: Swampert\n|\n|-damage|p2a: Togekiss|78\/100 brn|[from] brn\n|upkeep\n|turn|55\n|\n|t:|1641130213\n|move|p2a: Togekiss|Nasty Plot|p2a: Togekiss\n|-boost|p2a: Togekiss|spa|2\n|move|p1a: Swampert|Flip Turn|p2a: Togekiss\n|-damage|p2a: Togekiss|54\/100 brn\n|\n|t:|1641130215\n|switch|p1a: Toxapex|Toxapex, F|94\/100|[from]move: Flip Turn\n|\n|-heal|p1a: Toxapex|99\/100|[from] item: Black Sludge\n|-damage|p2a: Togekiss|48\/100 brn|[from] brn\n|upkeep\n|turn|56\n|\n|t:|1641130219\n|move|p2a: Togekiss|Roost|p2a: Togekiss\n|-heal|p2a: Togekiss|99\/100 brn\n|-singleturn|p2a: Togekiss|move: Roost\n|move|p1a: Toxapex|Haze|p1a: Toxapex\n|-clearallboost\n|\n|-heal|p1a: Toxapex|100\/100|[from] item: Black Sludge\n|-damage|p2a: Togekiss|93\/100 brn|[from] brn\n|upkeep\n|turn|57\n|\n|t:|1641130223\n|switch|p2a: Latios|Latios, M|90\/100\n|-damage|p2a: Latios|77\/100|[from] Stealth Rock\n|move|p1a: Toxapex|Scald|p2a: Latios\n|-resisted|p2a: Latios\n|-damage|p2a: Latios|68\/100\n|-status|p2a: Latios|brn\n|\n|-damage|p2a: Latios|62\/100 brn|[from] brn\n|upkeep\n|turn|58\n|\n|t:|1641130229\n|move|p2a: Latios|Calm Mind|p2a: Latios\n|-boost|p2a: Latios|spa|1\n|-boost|p2a: Latios|spd|1\n|move|p1a: Toxapex|Knock Off|p2a: Latios\n|-supereffective|p2a: Latios\n|-damage|p2a: Latios|31\/100 brn\n|\n|-damage|p2a: Latios|25\/100 brn|[from] brn\n|upkeep\n|turn|59\n|\n|t:|1641130233\n|move|p1a: Toxapex|Haze|p1a: Toxapex\n|-clearallboost\n|move|p2a: Latios|Recover|p2a: Latios\n|-heal|p2a: Latios|75\/100 brn\n|\n|-damage|p2a: Latios|69\/100 brn|[from] brn\n|upkeep\n|turn|60\n|\n|t:|1641130238\n|move|p2a: Latios|Calm Mind|p2a: Latios\n|-boost|p2a: Latios|spa|1\n|-boost|p2a: Latios|spd|1\n|move|p1a: Toxapex|Knock Off|p2a: Latios\n|-supereffective|p2a: Latios\n|-damage|p2a: Latios|39\/100 brn\n|\n|-damage|p2a: Latios|33\/100 brn|[from] brn\n|upkeep\n|turn|61\n|\n|t:|1641130240\n|move|p1a: Toxapex|Haze|p1a: Toxapex\n|-clearallboost\n|move|p2a: Latios|Recover|p2a: Latios\n|-heal|p2a: Latios|83\/100 brn\n|\n|-damage|p2a: Latios|77\/100 brn|[from] brn\n|upkeep\n|turn|62\n|\n|t:|1641130253\n|move|p2a: Latios|Psyshock|p1a: Toxapex\n|-supereffective|p1a: Toxapex\n|-damage|p1a: Toxapex|49\/100\n|move|p1a: Toxapex|Knock Off|p2a: Latios\n|-supereffective|p2a: Latios\n|-damage|p2a: Latios|50\/100 brn\n|\n|-heal|p1a: Toxapex|55\/100|[from] item: Black Sludge\n|-damage|p2a: Latios|44\/100 brn|[from] brn\n|upkeep\n|turn|63\n|\n|t:|1641130261\n|move|p1a: Toxapex|Recover|p1a: Toxapex\n|-heal|p1a: Toxapex|100\/100\n|move|p2a: Latios|Recover|p2a: Latios\n|-heal|p2a: Latios|94\/100 brn\n|\n|-damage|p2a: Latios|88\/100 brn|[from] brn\n|upkeep\n|turn|64\n|\n|t:|1641130264\n|move|p2a: Latios|Psyshock|p1a: Toxapex\n|-supereffective|p1a: Toxapex\n|-damage|p1a: Toxapex|54\/100\n|move|p1a: Toxapex|Knock Off|p2a: Latios\n|-supereffective|p2a: Latios\n|-damage|p2a: Latios|59\/100 brn\n|\n|-heal|p1a: Toxapex|61\/100|[from] item: Black Sludge\n|-damage|p2a: Latios|53\/100 brn|[from] brn\n|upkeep\n|turn|65\n|\n|t:|1641130269\n|move|p1a: Toxapex|Recover|p1a: Toxapex\n|-heal|p1a: Toxapex|100\/100\n|move|p2a: Latios|Psyshock|p1a: Toxapex\n|-supereffective|p1a: Toxapex\n|-crit|p1a: Toxapex\n|-damage|p1a: Toxapex|29\/100\n|\n|-heal|p1a: Toxapex|36\/100|[from] item: Black Sludge\n|-damage|p2a: Latios|47\/100 brn|[from] brn\n|upkeep\n|turn|66\n|\n|t:|1641130272\n|move|p1a: Toxapex|Recover|p1a: Toxapex\n|-heal|p1a: Toxapex|86\/100\n|move|p2a: Latios|Recover|p2a: Latios\n|-heal|p2a: Latios|97\/100 brn\n|\n|-heal|p1a: Toxapex|92\/100|[from] item: Black Sludge\n|-damage|p2a: Latios|91\/100 brn|[from] brn\n|upkeep\n|turn|67\n|\n|t:|1641130274\n|move|p2a: Latios|Psyshock|p1a: Toxapex\n|-supereffective|p1a: Toxapex\n|-damage|p1a: Toxapex|44\/100\n|move|p1a: Toxapex|Knock Off|p2a: Latios\n|-supereffective|p2a: Latios\n|-damage|p2a: Latios|65\/100 brn\n|\n|-heal|p1a: Toxapex|50\/100|[from] item: Black Sludge\n|-damage|p2a: Latios|59\/100 brn|[from] brn\n|upkeep\n|turn|68\n|\n|t:|1641130278\n|move|p1a: Toxapex|Recover|p1a: Toxapex\n|-heal|p1a: Toxapex|99\/100\n|move|p2a: Latios|Recover|p2a: Latios\n|-heal|p2a: Latios|100\/100 brn\n|\n|-heal|p1a: Toxapex|100\/100|[from] item: Black Sludge\n|-damage|p2a: Latios|95\/100 brn|[from] brn\n|upkeep\n|turn|69\n|\n|t:|1641130287\n|move|p2a: Latios|Psyshock|p1a: Toxapex\n|-supereffective|p1a: Toxapex\n|-damage|p1a: Toxapex|53\/100\n|move|p1a: Toxapex|Knock Off|p2a: Latios\n|-supereffective|p2a: Latios\n|-damage|p2a: Latios|67\/100 brn\n|\n|-heal|p1a: Toxapex|59\/100|[from] item: Black Sludge\n|-damage|p2a: Latios|61\/100 brn|[from] brn\n|upkeep\n|turn|70\n|\n|t:|1641130292\n|move|p1a: Toxapex|Recover|p1a: Toxapex\n|-heal|p1a: Toxapex|100\/100\n|move|p2a: Latios|Psyshock|p1a: Toxapex\n|-supereffective|p1a: Toxapex\n|-damage|p1a: Toxapex|49\/100\n|\n|-heal|p1a: Toxapex|55\/100|[from] item: Black Sludge\n|-damage|p2a: Latios|55\/100 brn|[from] brn\n|upkeep\n|turn|71\n|\n|t:|1641130295\n|move|p1a: Toxapex|Recover|p1a: Toxapex\n|-heal|p1a: Toxapex|100\/100\n|move|p2a: Latios|Recover|p2a: Latios\n|-heal|p2a: Latios|100\/100 brn\n|\n|-damage|p2a: Latios|95\/100 brn|[from] brn\n|upkeep\n|turn|72\n|\n|t:|1641130299\n|switch|p1a: Swampert|Swampert, F|100\/100\n|move|p2a: Latios|Calm Mind|p2a: Latios\n|-boost|p2a: Latios|spa|1\n|-boost|p2a: Latios|spd|1\n|\n|-damage|p2a: Latios|89\/100 brn|[from] brn\n|upkeep\n|turn|73\n|\n|t:|1641130302\n|move|p2a: Latios|Draco Meteor|p1a: Swampert\n|-damage|p1a: Swampert|37\/100\n|-unboost|p2a: Latios|spa|2\n|move|p1a: Swampert|Flip Turn|p2a: Latios\n|-resisted|p2a: Latios\n|-damage|p2a: Latios|74\/100 brn\n|\n|t:|1641130305\n|switch|p1a: Zapdos|Zapdos|91\/100|[from]move: Flip Turn\n|\n|-damage|p2a: Latios|68\/100 brn|[from] brn\n|upkeep\n|turn|74\n|\n|t:|1641130308\n|move|p2a: Latios|Draco Meteor|p1a: Zapdos\n|-damage|p1a: Zapdos|44\/100\n|-unboost|p2a: Latios|spa|2\n|move|p1a: Zapdos|Brave Bird|p2a: Latios\n|-damage|p2a: Latios|0 fnt\n|faint|p2a: Latios\n|\n|upkeep\n|-message|xasahbae forfeited.\n|\n|win|chomper here\n|n|\u2606chomper here|chomperhere\n|n|\u2606xasahbae|xasahbae\n|n|*Lady Monita \u2744|ladymonita\n|n| TheNewBrends11|thenewbrends11\n|l|*Lady Monita \u2744\n|l|\u2606xasahbae\n|l|\u2606chomper here\n","uploadtime":1641130425,"views":13,"p1id":"chomperhere","p2id":"xasahbae","formatid":"gen8almostanyability","rating":0,"private":0,"password":null}