{"id":"gen8monotype-1119514688","p1":"Rorschach I","p2":"Celestia LD","format":"gen8monotype","log":"|j|\u2606Rorschach I\n|j|\u2606Celestia LD\n|player|p1|Rorschach I|cynthia|1501\n|player|p2|Celestia LD|valerie|1439\n|teamsize|p1|6\n|teamsize|p2|6\n|gametype|singles\n|gen|8\n|tier|[Gen 8] Monotype\n|rated|\n|html|<div class=\"broadcast-blue\"><strong>Monotype is currently suspecting Kyurem-Black! For information on how to participate check out the <a href=\"https:\/\/www.smogon.com\/forums\/threads\/3663863\/\">suspect thread<\/a>.<\/strong><\/div>\n|rule|Same Type Clause: Pok\u00e9mon in a team must share a type\n|clearpoke\n|poke|p1|Ninetales-Alola, M|\n|poke|p1|Kyurem-Black|\n|poke|p1|Darmanitan-Galar, M|\n|poke|p1|Avalugg, M|\n|poke|p1|Piloswine, F|\n|poke|p1|Weavile, F|\n|poke|p2|Hatterene, F|\n|poke|p2|Indeedee, M|\n|poke|p2|Jirachi|\n|poke|p2|Reuniclus, F|\n|poke|p2|Gardevoir, M|\n|poke|p2|Mew|\n|rule|Sleep Clause Mod: Limit one foe put to sleep\n|rule|Species Clause: Limit one of each Pok\u00e9mon\n|rule|OHKO Clause: OHKO moves are banned\n|rule|Evasion Moves Clause: Evasion moves are banned\n|rule|Endless Battle Clause: Forcing endless battles is banned\n|rule|HP Percentage Mod: HP is shown in percentages\n|rule|Dynamax Clause: You cannot dynamax\n|teampreview\n|c|\u2606Celestia LD|Gl hf\n|\n|start\n|switch|p1a: Weavile|Weavile, F|100\/100\n|switch|p2a: Mew|Mew|100\/100\n|-ability|p1a: Weavile|Pressure\n|turn|1\n|c|\u2606Rorschach I|u2\n|\n|move|p1a: Weavile|Knock Off|p2a: Mew\n|-supereffective|p2a: Mew\n|-damage|p2a: Mew|21\/100\n|-enditem|p2a: Mew|Red Card|[from] move: Knock Off|[of] p1a: Weavile\n|move|p2a: Mew|Stealth Rock|p1a: Weavile\n|-sidestart|p1: Rorschach I|move: Stealth Rock\n|\n|upkeep\n|turn|2\n|\n|move|p1a: Weavile|Knock Off|p2a: Mew\n|-supereffective|p2a: Mew\n|-damage|p2a: Mew|0 fnt\n|faint|p2a: Mew\n|\n|upkeep\n|\n|switch|p2a: Gardevoir|Gardevoir, M|100\/100\n|-ability|p2a: Gardevoir|Pressure|[from] ability: Trace|[of] p1a: Weavile\n|-ability|p2a: Gardevoir|Pressure\n|turn|3\n|\n|switch|p1a: Piloswine|Piloswine, F|100\/100\n|-damage|p1a: Piloswine|88\/100|[from] Stealth Rock\n|move|p2a: Gardevoir|Moonblast|p1a: Piloswine\n|-damage|p1a: Piloswine|60\/100\n|-unboost|p1a: Piloswine|spa|1\n|\n|upkeep\n|turn|4\n|\n|switch|p2a: Hatterene|Hatterene, F|100\/100\n|move|p1a: Piloswine|Earthquake|p2a: Hatterene\n|-damage|p2a: Hatterene|65\/100\n|\n|upkeep\n|turn|5\n|\n|move|p1a: Piloswine|Earthquake|p2a: Hatterene\n|-damage|p2a: Hatterene|27\/100\n|-enditem|p2a: Hatterene|Sitrus Berry|[eat]\n|-heal|p2a: Hatterene|51\/100|[from] item: Sitrus Berry\n|move|p2a: Hatterene|Trick Room|p2a: Hatterene\n|-fieldstart|move: Trick Room|[of] p2a: Hatterene\n|\n|upkeep\n|turn|6\n|\n|move|p2a: Hatterene|Psychic|p1a: Piloswine\n|-damage|p1a: Piloswine|31\/100\n|move|p1a: Piloswine|Earthquake|p2a: Hatterene\n|-damage|p2a: Hatterene|15\/100\n|\n|upkeep\n|turn|7\n|\n|move|p2a: Hatterene|Dazzling Gleam|p1a: Piloswine\n|-damage|p1a: Piloswine|6\/100\n|move|p1a: Piloswine|Earthquake|p2a: Hatterene\n|-damage|p2a: Hatterene|0 fnt\n|faint|p2a: Hatterene\n|\n|upkeep\n|\n|switch|p2a: Reuniclus|Reuniclus, F|100\/100\n|turn|8\n|\n|move|p2a: Reuniclus|Stored Power|p1a: Piloswine\n|-damage|p1a: Piloswine|2\/100\n|move|p1a: Piloswine|Stealth Rock|p2a: Reuniclus\n|-sidestart|p2: Celestia LD|move: Stealth Rock\n|\n|upkeep\n|turn|9\n|\n|move|p2a: Reuniclus|Stored Power|p1a: Piloswine\n|-damage|p1a: Piloswine|0 fnt\n|faint|p1a: Piloswine\n|\n|-fieldend|move: Trick Room\n|upkeep\n|\n|switch|p1a: Ninetales|Ninetales-Alola, M|100\/100\n|-damage|p1a: Ninetales|76\/100|[from] Stealth Rock\n|-weather|Hail|[from] ability: Snow Warning|[of] p1a: Ninetales\n|turn|10\n|\n|switch|p2a: Indeedee|Indeedee, M|100\/100\n|-damage|p2a: Indeedee|88\/100|[from] Stealth Rock\n|-fieldstart|move: Psychic Terrain|[from] ability: Psychic Surge|[of] p2a: Indeedee\n|move|p1a: Ninetales|Aurora Veil|p1a: Ninetales\n|-sidestart|p1: Rorschach I|move: Aurora Veil\n|\n|-weather|Hail|[upkeep]\n|-damage|p2a: Indeedee|82\/100|[from] Hail\n|upkeep\n|turn|11\n|\n|move|p1a: Ninetales|Moonblast|p2a: Indeedee\n|-damage|p2a: Indeedee|29\/100\n|move|p2a: Indeedee|Mystical Fire|p1a: Ninetales\n|-supereffective|p1a: Ninetales\n|-damage|p1a: Ninetales|35\/100\n|-unboost|p1a: Ninetales|spa|1\n|\n|-weather|Hail|[upkeep]\n|-damage|p2a: Indeedee|23\/100|[from] Hail\n|upkeep\n|turn|12\n|\n|switch|p2a: Jirachi|Jirachi, shiny|100\/100\n|-damage|p2a: Jirachi|94\/100|[from] Stealth Rock\n|move|p1a: Ninetales|Moonblast|p2a: Jirachi\n|-resisted|p2a: Jirachi\n|-damage|p2a: Jirachi|82\/100\n|\n|-weather|Hail|[upkeep]\n|-damage|p2a: Jirachi|76\/100|[from] Hail\n|upkeep\n|turn|13\n|\n|switch|p1a: Avalugg|Avalugg, M|100\/100\n|move|p2a: Jirachi|Iron Head|p1a: Avalugg\n|-supereffective|p1a: Avalugg\n|-damage|p1a: Avalugg|85\/100\n|\n|-weather|Hail|[upkeep]\n|-damage|p2a: Jirachi|70\/100|[from] Hail\n|upkeep\n|turn|14\n|\n|switch|p2a: Indeedee|Indeedee, M|23\/100\n|-damage|p2a: Indeedee|11\/100|[from] Stealth Rock\n|move|p1a: Avalugg|Rapid Spin|p2a: Indeedee\n|-damage|p2a: Indeedee|0 fnt\n|-boost|p1a: Avalugg|spe|1\n|-sideend|p1: Rorschach I|Stealth Rock|[from] move: Rapid Spin|[of] p1a: Avalugg\n|faint|p2a: Indeedee\n|\n|-weather|none\n|-fieldend|move: Psychic Terrain\n|upkeep\n|\n|switch|p2a: Jirachi|Jirachi, shiny|70\/100\n|-damage|p2a: Jirachi|64\/100|[from] Stealth Rock\n|turn|15\n|\n|move|p2a: Jirachi|Iron Head|p1a: Avalugg\n|-supereffective|p1a: Avalugg\n|-damage|p1a: Avalugg|70\/100\n|cant|p1a: Avalugg|flinch\n|\n|upkeep\n|turn|16\n|\n|move|p2a: Jirachi|Iron Head|p1a: Avalugg\n|-supereffective|p1a: Avalugg\n|-damage|p1a: Avalugg|56\/100\n|move|p1a: Avalugg|Body Press|p2a: Jirachi\n|-damage|p2a: Jirachi|27\/100\n|\n|upkeep\n|turn|17\n|\n|switch|p2a: Gardevoir|Gardevoir, M|100\/100\n|-damage|p2a: Gardevoir|88\/100|[from] Stealth Rock\n|-ability|p2a: Gardevoir|Sturdy|[from] ability: Trace|[of] p1a: Avalugg\n|move|p1a: Avalugg|Body Press|p2a: Gardevoir\n|-resisted|p2a: Gardevoir\n|-damage|p2a: Gardevoir|70\/100\n|\n|-sideend|p1: Rorschach I|move: Aurora Veil\n|upkeep\n|turn|18\n|\n|move|p2a: Gardevoir|Moonblast|p1a: Avalugg\n|-damage|p1a: Avalugg|0 fnt\n|faint|p1a: Avalugg\n|\n|upkeep\n|\n|switch|p1a: Darmanitan|Darmanitan-Galar, M|100\/100\n|turn|19\n|\n|switch|p2a: Reuniclus|Reuniclus, F|100\/100\n|move|p1a: Darmanitan|U-turn|p2a: Reuniclus\n|-supereffective|p2a: Reuniclus\n|-damage|p2a: Reuniclus|49\/100\n|\n|switch|p1a: Weavile|Weavile, F|100\/100|[from]move: U-turn\n|-ability|p1a: Weavile|Pressure\n|\n|-heal|p2a: Reuniclus|55\/100|[from] item: Leftovers\n|upkeep\n|turn|20\n|\n|move|p1a: Weavile|Knock Off|p2a: Reuniclus\n|-supereffective|p2a: Reuniclus\n|-damage|p2a: Reuniclus|0 fnt\n|-enditem|p2a: Reuniclus|Leftovers|[from] move: Knock Off|[of] p1a: Weavile\n|faint|p2a: Reuniclus\n|\n|upkeep\n|\n|switch|p2a: Jirachi|Jirachi, shiny|27\/100\n|-damage|p2a: Jirachi|21\/100|[from] Stealth Rock\n|turn|21\n|\n|move|p1a: Weavile|Knock Off|p2a: Jirachi\n|-supereffective|p2a: Jirachi\n|-damage|p2a: Jirachi|0 fnt\n|-enditem|p2a: Jirachi|Choice Scarf|[from] move: Knock Off|[of] p1a: Weavile\n|faint|p2a: Jirachi\n|\n|upkeep\n|c|\u2606Celestia LD|Scarf\n|c|\u2606Celestia LD|Well thats annoying\n|\n|switch|p2a: Gardevoir|Gardevoir, M|70\/100\n|-damage|p2a: Gardevoir|58\/100|[from] Stealth Rock\n|-ability|p2a: Gardevoir|Pressure|[from] ability: Trace|[of] p1a: Weavile\n|-ability|p2a: Gardevoir|Pressure\n|turn|22\n|\n|move|p1a: Weavile|Knock Off|p2a: Gardevoir\n|-damage|p2a: Gardevoir|0 fnt\n|-enditem|p2a: Gardevoir|Choice Scarf|[from] move: Knock Off|[of] p1a: Weavile\n|faint|p2a: Gardevoir\n|\n|win|Rorschach I\n|c|\u2606Celestia LD|gg\n|c|\u2606Rorschach I|gg\n","uploadtime":1590181437,"views":35,"p1id":"rorschachi","p2id":"celestiald","formatid":"gen8monotype","rating":0,"private":0,"password":null}