{"id":"gen8ou-1109649725","p1":"drain gang jr.","p2":"TryHonesty","format":"gen8ou","log":"|j|\u2606drain gang jr.\n|j|\u2606TryHonesty\n|player|p1|drain gang jr.|n|1658\n|player|p2|TryHonesty|169|1605\n|teamsize|p1|6\n|teamsize|p2|6\n|gametype|singles\n|gen|8\n|tier|[Gen 8] OU\n|rated|\n|clearpoke\n|poke|p1|Aegislash, F|\n|poke|p1|Torkoal, F|\n|poke|p1|Darmanitan, F|\n|poke|p1|Mandibuzz, F|\n|poke|p1|Venusaur, F|\n|poke|p1|Kyurem|\n|poke|p2|Lucario, F|\n|poke|p2|Blastoise, M|\n|poke|p2|Gyarados, F|\n|poke|p2|Dragapult, F|\n|poke|p2|Excadrill, F|\n|poke|p2|Tyranitar, F|\n|rule|Sleep Clause Mod: Limit one foe put to sleep\n|rule|Species Clause: Limit one of each Pok\u00e9mon\n|rule|OHKO Clause: OHKO moves are banned\n|rule|Evasion Moves Clause: Evasion moves are banned\n|rule|Endless Battle Clause: Forcing endless battles is banned\n|rule|HP Percentage Mod: HP is shown in percentages\n|rule|Dynamax Clause: You cannot dynamax\n|teampreview\n|inactive|Battle timer is ON: inactive players will automatically lose when time's up. (requested by TryHonesty)\n|\n|start\n|switch|p1a: Kyurem|Kyurem|100\/100\n|switch|p2a: Tyranitar|Tyranitar, F|100\/100\n|-ability|p1a: Kyurem|Pressure\n|-weather|Sandstorm|[from] ability: Sand Stream|[of] p2a: Tyranitar\n|turn|1\n|\n|move|p1a: Kyurem|Draco Meteor|p2a: Tyranitar\n|-damage|p2a: Tyranitar|40\/100\n|-unboost|p1a: Kyurem|spa|2\n|move|p2a: Tyranitar|Stone Edge|p1a: Kyurem\n|-supereffective|p1a: Kyurem\n|-damage|p1a: Kyurem|0 fnt\n|faint|p1a: Kyurem\n|\n|-weather|Sandstorm|[upkeep]\n|upkeep\n|l|\u2606drain gang jr.\n|inactive|drain gang jr. disconnected and has a minute to reconnect!\n|player|p1|\n|j|\u2606drain gang jr.\n|inactive|drain gang jr. reconnected and has 145 seconds left.\n|player|p1|drain gang jr.|n\n|\n|switch|p1a: Darmanitan|Darmanitan, F|100\/100\n|turn|2\n|\n|switch|p2a: Gyarados|Gyarados, F|100\/100\n|-ability|p2a: Gyarados|Intimidate|boost\n|-unboost|p1a: Darmanitan|atk|1\n|move|p1a: Darmanitan|U-turn|p2a: Gyarados\n|-resisted|p2a: Gyarados\n|-damage|p2a: Gyarados|89\/100\n|\n|switch|p1a: Torkoal|Torkoal, F|100\/100|[from]move: U-turn\n|-weather|SunnyDay|[from] ability: Drought|[of] p1a: Torkoal\n|\n|-weather|SunnyDay|[upkeep]\n|upkeep\n|turn|3\n|\n|switch|p2a: Tyranitar|Tyranitar, F|40\/100\n|-weather|Sandstorm|[from] ability: Sand Stream|[of] p2a: Tyranitar\n|move|p1a: Torkoal|Yawn|p2a: Tyranitar\n|-start|p2a: Tyranitar|move: Yawn|[of] p1a: Torkoal\n|\n|-weather|Sandstorm|[upkeep]\n|-damage|p1a: Torkoal|94\/100|[from] Sandstorm\n|upkeep\n|turn|4\n|\n|switch|p2a: Dragapult|Dragapult, F|100\/100\n|move|p1a: Torkoal|Stealth Rock|p2a: Dragapult\n|-sidestart|p2: TryHonesty|move: Stealth Rock\n|\n|-weather|Sandstorm|[upkeep]\n|-damage|p2a: Dragapult|95\/100|[from] Sandstorm\n|-damage|p1a: Torkoal|88\/100|[from] Sandstorm\n|upkeep\n|turn|5\n|\n|switch|p1a: Mandibuzz|Mandibuzz, F|100\/100\n|move|p2a: Dragapult|Substitute|p2a: Dragapult\n|-start|p2a: Dragapult|Substitute\n|-damage|p2a: Dragapult|70\/100\n|\n|-weather|Sandstorm|[upkeep]\n|-damage|p2a: Dragapult|64\/100|[from] Sandstorm\n|upkeep\n|turn|6\n|\n|move|p2a: Dragapult|Dragon Dance|p2a: Dragapult\n|-boost|p2a: Dragapult|atk|1\n|-boost|p2a: Dragapult|spe|1\n|move|p1a: Mandibuzz|Foul Play|p2a: Dragapult\n|-supereffective|p2a: Dragapult\n|-end|p2a: Dragapult|Substitute\n|\n|-weather|Sandstorm|[upkeep]\n|-damage|p2a: Dragapult|58\/100|[from] Sandstorm\n|upkeep\n|turn|7\n|\n|move|p2a: Dragapult|Dragon Darts|p1a: Mandibuzz\n|-damage|p1a: Mandibuzz|60\/100\n|-anim|p2a: Dragapult|Dragon Darts|p1a: Mandibuzz\n|-damage|p1a: Mandibuzz|17\/100\n|-damage|p2a: Dragapult|48\/100|[from] item: Life Orb\n|move|p1a: Mandibuzz|Foul Play|p2a: Dragapult\n|-supereffective|p2a: Dragapult\n|-damage|p2a: Dragapult|0 fnt\n|faint|p2a: Dragapult\n|\n|-weather|none\n|upkeep\n|\n|switch|p2a: Blastoise|Blastoise, M|100\/100\n|-damage|p2a: Blastoise|88\/100|[from] Stealth Rock\n|turn|8\n|\n|move|p2a: Blastoise|Shell Smash|p2a: Blastoise\n|-unboost|p2a: Blastoise|def|1\n|-unboost|p2a: Blastoise|spd|1\n|-boost|p2a: Blastoise|atk|2\n|-boost|p2a: Blastoise|spa|2\n|-boost|p2a: Blastoise|spe|2\n|move|p1a: Mandibuzz|Foul Play|p2a: Blastoise\n|-damage|p2a: Blastoise|19\/100\n|\n|upkeep\n|turn|9\n|j| gjccc\n|\n|move|p2a: Blastoise|Surf|p1a: Mandibuzz\n|-damage|p1a: Mandibuzz|0 fnt\n|-damage|p2a: Blastoise|9\/100|[from] item: Life Orb\n|faint|p1a: Mandibuzz\n|\n|upkeep\n|\n|switch|p1a: Aegislash|Aegislash, F|100\/100\n|-item|p1a: Aegislash|Air Balloon\n|turn|10\n|\n|-formechange|p1a: Aegislash|Aegislash-Blade||[from] ability: Stance Change\n|move|p1a: Aegislash|Shadow Sneak|p2a: Blastoise\n|-damage|p2a: Blastoise|0 fnt\n|faint|p2a: Blastoise\n|\n|upkeep\n|\n|switch|p2a: Tyranitar|Tyranitar, F|40\/100\n|-damage|p2a: Tyranitar|28\/100|[from] Stealth Rock\n|-weather|Sandstorm|[from] ability: Sand Stream|[of] p2a: Tyranitar\n|turn|11\n|\n|move|p1a: Aegislash|Close Combat|p2a: Tyranitar\n|-supereffective|p2a: Tyranitar\n|-damage|p2a: Tyranitar|0 fnt\n|-unboost|p1a: Aegislash|def|1\n|-unboost|p1a: Aegislash|spd|1\n|faint|p2a: Tyranitar\n|\n|-weather|Sandstorm|[upkeep]\n|upkeep\n|\n|switch|p2a: Gyarados|Gyarados, F|89\/100\n|-damage|p2a: Gyarados|65\/100|[from] Stealth Rock\n|-ability|p2a: Gyarados|Intimidate|boost\n|-unboost|p1a: Aegislash|atk|1\n|turn|12\n|\n|switch|p1a: Torkoal|Torkoal, F|88\/100\n|-weather|SunnyDay|[from] ability: Drought|[of] p1a: Torkoal\n|move|p2a: Gyarados|Dragon Dance|p2a: Gyarados\n|-boost|p2a: Gyarados|atk|1\n|-boost|p2a: Gyarados|spe|1\n|\n|-weather|SunnyDay|[upkeep]\n|upkeep\n|turn|13\n|\n|move|p2a: Gyarados|Taunt|p1a: Torkoal\n|-start|p1a: Torkoal|move: Taunt\n|cant|p1a: Torkoal|move: Taunt|Yawn\n|\n|-weather|SunnyDay|[upkeep]\n|upkeep\n|turn|14\n|\n|move|p2a: Gyarados|Dragon Dance|p2a: Gyarados\n|-boost|p2a: Gyarados|atk|1\n|-boost|p2a: Gyarados|spe|1\n|move|p1a: Torkoal|Lava Plume|p2a: Gyarados\n|-resisted|p2a: Gyarados\n|-damage|p2a: Gyarados|46\/100\n|\n|-weather|SunnyDay|[upkeep]\n|upkeep\n|turn|15\n|\n|move|p2a: Gyarados|Waterfall|p1a: Torkoal\n|-supereffective|p1a: Torkoal\n|-damage|p1a: Torkoal|21\/100\n|-damage|p2a: Gyarados|36\/100|[from] item: Life Orb\n|move|p1a: Torkoal|Lava Plume|p2a: Gyarados\n|-resisted|p2a: Gyarados\n|-damage|p2a: Gyarados|18\/100\n|-status|p2a: Gyarados|brn\n|\n|-weather|SunnyDay|[upkeep]\n|-damage|p2a: Gyarados|12\/100 brn|[from] brn\n|-end|p1a: Torkoal|move: Taunt\n|upkeep\n|turn|16\n|\n|move|p2a: Gyarados|Waterfall|p1a: Torkoal\n|-supereffective|p1a: Torkoal\n|-damage|p1a: Torkoal|0 fnt\n|-damage|p2a: Gyarados|2\/100 brn|[from] item: Life Orb\n|faint|p1a: Torkoal\n|\n|-weather|SunnyDay|[upkeep]\n|-damage|p2a: Gyarados|0 fnt|[from] brn\n|faint|p2a: Gyarados\n|upkeep\n|c|\u2606drain gang jr.|gg\n|\n|switch|p2a: Excadrill|Excadrill, F|100\/100\n|switch|p1a: Venusaur|Venusaur, F|100\/100\n|-damage|p2a: Excadrill|97\/100|[from] Stealth Rock\n|-ability|p2a: Excadrill|Mold Breaker\n|turn|17\n|\n|move|p1a: Venusaur|Weather Ball|p2a: Excadrill\n|-supereffective|p2a: Excadrill\n|-damage|p2a: Excadrill|0 fnt\n|-damage|p1a: Venusaur|91\/100|[from] item: Life Orb\n|faint|p2a: Excadrill\n|\n|-weather|SunnyDay|[upkeep]\n|upkeep\n|-message|TryHonesty forfeited.\n|\n|win|drain gang jr.\n|l|\u2606TryHonesty\n|raw|drain gang jr.'s rating: 1658 &rarr; <strong>1674<\/strong><br \/>(+16 for winning)\n|raw|TryHonesty's rating: 1605 &rarr; <strong>1588<\/strong><br \/>(-17 for losing)\n|l| gjccc\n","uploadtime":1588758804,"views":23,"p1id":"draingangjr","p2id":"tryhonesty","formatid":"gen8ou","rating":1588,"private":0,"password":null}