{"id":"gen8ou-1694388904","p1":"outd Il Giorgio S.","p2":"minimax_ai","format":"gen8ou","log":"|html|<div class=\"broadcast-blue\"><strong>[Gen 8] OU is currently suspecting Melmetal! For information on how to participate check out the <a href=\"https:\/\/www.smogon.com\/forums\/threads\/np-ss-ou-suspect-process-round-12-monster-mash.3709234\/\">suspect thread<\/a>.<\/strong><\/div>\n|j|\u203doutd Il Giorgio S.\n|j|\u2606minimax_ai\n|t:|1666701157\n|gametype|singles\n|player|p1|outd Il Giorgio S.|101|1559\n|player|p2|minimax_ai|lusamine-nihilego|1576\n|teamsize|p1|6\n|teamsize|p2|6\n|gen|8\n|tier|[Gen 8] OU\n|rated|\n|rule|Sleep Clause Mod: Limit one foe put to sleep\n|rule|Species Clause: Limit one of each Pok\u00e9mon\n|rule|OHKO Clause: OHKO moves are banned\n|rule|Evasion Items Clause: Evasion items are banned\n|rule|Evasion Moves Clause: Evasion moves are banned\n|rule|Endless Battle Clause: Forcing endless battles is banned\n|rule|HP Percentage Mod: HP is shown in percentages\n|rule|Dynamax Clause: You cannot dynamax\n|clearpoke\n|poke|p1|Mew|\n|poke|p1|Bisharp, M|\n|poke|p1|Dragapult, M|\n|poke|p1|Landorus-Therian, M|\n|poke|p1|Blacephalon|\n|poke|p1|Kartana|\n|poke|p2|Rotom-Wash|\n|poke|p2|Weavile, F|\n|poke|p2|Landorus-Therian, M|\n|poke|p2|Heatran, M|\n|poke|p2|Tangrowth, F|\n|poke|p2|Melmetal|\n|teampreview\n|c|\u2606minimax_ai|hf\n|inactive|Battle timer is ON: inactive players will automatically lose when time's up. (requested by minimax_ai)\n|\n|t:|1666701171\n|start\n|switch|p1a: Mew|Mew|100\/100\n|switch|p2a: Melmetal|Melmetal|100\/100\n|turn|1\n|\n|t:|1666701173\n|move|p1a: Mew|Stealth Rock|p2a: Melmetal\n|-sidestart|p2: minimax_ai|move: Stealth Rock\n|move|p2a: Melmetal|Double Iron Bash|p1a: Mew\n|-damage|p1a: Mew|66\/100\n|-damage|p1a: Mew|28\/100\n|-hitcount|p1a: Mew|2\n|\n|upkeep\n|turn|2\n|\n|t:|1666701175\n|move|p1a: Mew|Spikes|p2a: Melmetal\n|-sidestart|p2: minimax_ai|Spikes\n|move|p2a: Melmetal|Double Iron Bash|p1a: Mew\n|-damage|p1a: Mew|0 fnt\n|faint|p1a: Mew\n|-hitcount|p1: Mew|1\n|\n|upkeep\n|\n|t:|1666701178\n|switch|p1a: Blacephalon|Blacephalon|100\/100\n|turn|3\n|\n|t:|1666701179\n|move|p1a: Blacephalon|Shadow Ball|p2a: Melmetal\n|-damage|p2a: Melmetal|74\/100\n|move|p2a: Melmetal|Earthquake|p1a: Blacephalon\n|-supereffective|p1a: Blacephalon\n|-damage|p1a: Blacephalon|0 fnt\n|faint|p1a: Blacephalon\n|\n|upkeep\n|j| LoveSplitPush\n|\n|t:|1666701183\n|switch|p1a: Landorus|Landorus-Therian, M|100\/100\n|-ability|p1a: Landorus|Intimidate|boost\n|-unboost|p2a: Melmetal|atk|1\n|turn|4\n|\n|t:|1666701184\n|move|p1a: Landorus|Earthquake|p2a: Melmetal\n|-supereffective|p2a: Melmetal\n|-damage|p2a: Melmetal|0 fnt\n|faint|p2a: Melmetal\n|\n|upkeep\n|\n|t:|1666701184\n|switch|p2a: Heatran|Heatran, M|100\/100\n|-damage|p2a: Heatran|88\/100|[from] Stealth Rock\n|-item|p2a: Heatran|Air Balloon\n|turn|5\n|l| LoveSplitPush\n|\n|t:|1666701195\n|move|p1a: Landorus|Stone Edge|p2a: Heatran\n|-damage|p2a: Heatran|46\/100\n|-enditem|p2a: Heatran|Air Balloon\n|move|p2a: Heatran|Eruption|p1a: Landorus\n|-damage|p1a: Landorus|51\/100\n|\n|upkeep\n|turn|6\n|\n|t:|1666701198\n|switch|p2a: Tangrowth|Tangrowth, F|100\/100\n|-damage|p2a: Tangrowth|88\/100|[from] Stealth Rock\n|-damage|p2a: Tangrowth|76\/100|[from] Spikes\n|move|p1a: Landorus|Earthquake|p2a: Tangrowth\n|-resisted|p2a: Tangrowth\n|-damage|p2a: Tangrowth|59\/100\n|\n|upkeep\n|turn|7\n|\n|t:|1666701203\n|move|p1a: Landorus|Substitute|p1a: Landorus\n|-start|p1a: Landorus|Substitute\n|-damage|p1a: Landorus|26\/100\n|move|p2a: Tangrowth|Giga Drain|p1a: Landorus\n|-end|p1a: Landorus|Substitute\n|-heal|p2a: Tangrowth|69\/100|[from] drain|[of] p1a: Landorus\n|\n|upkeep\n|turn|8\n|\n|t:|1666701207\n|switch|p1a: Dragapult|Dragapult, M|100\/100\n|move|p2a: Tangrowth|Giga Drain|p1a: Dragapult\n|-resisted|p1a: Dragapult\n|-damage|p1a: Dragapult|83\/100\n|-heal|p2a: Tangrowth|77\/100|[from] drain|[of] p1a: Dragapult\n|\n|upkeep\n|turn|9\n|\n|t:|1666701211\n|switch|p2a: Heatran|Heatran, M|46\/100\n|-damage|p2a: Heatran|34\/100|[from] Stealth Rock\n|-damage|p2a: Heatran|22\/100|[from] Spikes\n|move|p1a: Dragapult|Flamethrower|p2a: Heatran\n|-start|p2a: Heatran|ability: Flash Fire\n|\n|upkeep\n|turn|10\n|\n|t:|1666701217\n|move|p1a: Dragapult|Dragon Darts|p2a: Heatran\n|-resisted|p2a: Heatran\n|-damage|p2a: Heatran|8\/100\n|-anim|p1a: Dragapult|Dragon Darts|p2a: Heatran\n|-resisted|p2a: Heatran\n|-damage|p2a: Heatran|0 fnt\n|faint|p2a: Heatran\n|\n|upkeep\n|\n|t:|1666701217\n|switch|p2a: landorustherian|Landorus-Therian, M|100\/100\n|-damage|p2a: landorustherian|88\/100|[from] Stealth Rock\n|-ability|p2a: landorustherian|Intimidate|boost\n|-fail|p1a: Dragapult|unboost|[from] ability: Clear Body|[of] p1a: Dragapult\n|turn|11\n|\n|t:|1666701219\n|switch|p1a: Landorus|Landorus-Therian, M|26\/100\n|-ability|p1a: Landorus|Intimidate|boost\n|-unboost|p2a: landorustherian|atk|1\n|move|p2a: landorustherian|Earthquake|p1a: Landorus\n|-immune|p1a: Landorus\n|\n|-heal|p2a: landorustherian|94\/100|[from] item: Leftovers\n|upkeep\n|turn|12\n|\n|t:|1666701222\n|move|p1a: Landorus|Stone Edge|p2a: landorustherian\n|-damage|p2a: landorustherian|57\/100\n|move|p2a: landorustherian|Defog|p1a: Landorus\n|-unboost|p1a: Landorus|evasion|1\n|-sideend|p2: minimax_ai|Spikes|[from] move: Defog|[of] p2a: landorustherian\n|-sideend|p2: minimax_ai|Stealth Rock|[from] move: Defog|[of] p2a: landorustherian\n|\n|-heal|p2a: landorustherian|63\/100|[from] item: Leftovers\n|upkeep\n|turn|13\n|\n|t:|1666701225\n|switch|p2a: Tangrowth|Tangrowth, F|100\/100\n|move|p1a: Landorus|Stone Edge|p2a: Tangrowth\n|-damage|p2a: Tangrowth|80\/100\n|\n|upkeep\n|turn|14\n|\n|t:|1666701228\n|move|p1a: Landorus|Swords Dance|p1a: Landorus\n|-boost|p1a: Landorus|atk|2\n|move|p2a: Tangrowth|Giga Drain|p1a: Landorus\n|-damage|p1a: Landorus|0 fnt\n|-heal|p2a: Tangrowth|91\/100|[from] drain|[of] p1a: Landorus\n|faint|p1a: Landorus\n|\n|upkeep\n|\n|t:|1666701231\n|switch|p1a: Dragapult|Dragapult, M|83\/100\n|turn|15\n|\n|t:|1666701234\n|move|p1a: Dragapult|Flamethrower|p2a: Tangrowth\n|-supereffective|p2a: Tangrowth\n|-damage|p2a: Tangrowth|38\/100\n|move|p2a: Tangrowth|Knock Off|p1a: Dragapult\n|-supereffective|p1a: Dragapult\n|-damage|p1a: Dragapult|29\/100\n|-enditem|p1a: Dragapult|Weakness Policy\n|-boost|p1a: Dragapult|atk|2|[from] item: Weakness Policy\n|-boost|p1a: Dragapult|spa|2|[from] item: Weakness Policy\n|\n|upkeep\n|turn|16\n|\n|t:|1666701236\n|move|p1a: Dragapult|Dragon Darts|p2a: Tangrowth\n|-damage|p2a: Tangrowth|8\/100\n|-anim|p1a: Dragapult|Dragon Darts|p2a: Tangrowth\n|-damage|p2a: Tangrowth|0 fnt\n|faint|p2a: Tangrowth\n|\n|upkeep\n|\n|t:|1666701236\n|switch|p2a: Weavile|Weavile, F|100\/100\n|-ability|p2a: Weavile|Pressure\n|turn|17\n|\n|t:|1666701239\n|move|p2a: Weavile|Ice Shard|p1a: Dragapult\n|-supereffective|p1a: Dragapult\n|-damage|p1a: Dragapult|0 fnt\n|faint|p1a: Dragapult\n|\n|upkeep\n|\n|t:|1666701241\n|switch|p1a: Kartana|Kartana|100\/100\n|turn|18\n|\n|t:|1666701242\n|switch|p2a: landorustherian|Landorus-Therian, M|63\/100\n|-ability|p2a: landorustherian|Intimidate|boost\n|-unboost|p1a: Kartana|atk|1\n|move|p1a: Kartana|Leaf Blade|p2a: landorustherian\n|-damage|p2a: landorustherian|24\/100\n|\n|-heal|p2a: landorustherian|30\/100|[from] item: Leftovers\n|upkeep\n|turn|19\n|\n|t:|1666701252\n|switch|p2a: Weavile|Weavile, F|100\/100\n|-ability|p2a: Weavile|Pressure\n|move|p1a: Kartana|Leaf Blade|p2a: Weavile\n|-damage|p2a: Weavile|27\/100\n|\n|upkeep\n|turn|20\n|\n|t:|1666701256\n|switch|p1a: Bisharp|Bisharp, M|100\/100\n|move|p2a: Weavile|Ice Shard|p1a: Bisharp\n|-resisted|p1a: Bisharp\n|-damage|p1a: Bisharp|82\/100\n|\n|upkeep\n|turn|21\n|\n|t:|1666701259\n|move|p2a: Weavile|Ice Shard|p1a: Bisharp\n|-resisted|p1a: Bisharp\n|-damage|p1a: Bisharp|62\/100\n|move|p1a: Bisharp|Swords Dance|p1a: Bisharp\n|-boost|p1a: Bisharp|atk|2\n|\n|upkeep\n|turn|22\n|\n|t:|1666701261\n|move|p2a: Weavile|Ice Shard|p1a: Bisharp\n|-resisted|p1a: Bisharp\n|-damage|p1a: Bisharp|44\/100\n|move|p1a: Bisharp|Knock Off|p2a: Weavile\n|-resisted|p2a: Weavile\n|-damage|p2a: Weavile|0 fnt\n|-enditem|p2a: Weavile|Choice Band|[from] move: Knock Off|[of] p1a: Bisharp\n|faint|p2a: Weavile\n|\n|upkeep\n|\n|t:|1666701261\n|switch|p2a: rotomwash|Rotom-Wash|100\/100\n|turn|23\n|\n|t:|1666701268\n|move|p1a: Bisharp|Sucker Punch|p2a: rotomwash\n|-damage|p2a: rotomwash|11\/100\n|move|p2a: rotomwash|Thunderbolt|p1a: Bisharp\n|-damage|p1a: Bisharp|0 fnt\n|faint|p1a: Bisharp\n|\n|-heal|p2a: rotomwash|17\/100|[from] item: Leftovers\n|upkeep\n|\n|t:|1666701270\n|switch|p1a: Kartana|Kartana|100\/100\n|turn|24\n|\n|t:|1666701272\n|move|p1a: Kartana|Leaf Blade|p2a: rotomwash\n|-supereffective|p2a: rotomwash\n|-damage|p2a: rotomwash|0 fnt\n|faint|p2a: rotomwash\n|-ability|p1a: Kartana|Beast Boost|boost\n|-boost|p1a: Kartana|atk|1\n|\n|upkeep\n|\n|t:|1666701272\n|switch|p2a: landorustherian|Landorus-Therian, M|30\/100\n|-ability|p2a: landorustherian|Intimidate|boost\n|-unboost|p1a: Kartana|atk|1\n|turn|25\n|\n|t:|1666701276\n|move|p1a: Kartana|Leaf Blade|p2a: landorustherian\n|-crit|p2a: landorustherian\n|-damage|p2a: landorustherian|0 fnt\n|faint|p2a: landorustherian\n|\n|win|outd Il Giorgio S.\n|raw|outd Il Giorgio S.'s rating: 1535 &rarr; <strong>1557<\/strong><br \/>(+22 for winning)\n|raw|minimax_ai's rating: 1576 &rarr; <strong>1554<\/strong><br \/>(-22 for losing)\n|c|\u2606minimax_ai|gg\n","uploadtime":1666701278,"views":16,"p1id":"outdilgiorgios","p2id":"minimaxai","formatid":"gen8ou","rating":1554,"private":0,"password":null}