{"id":"gen8anythinggoes-1685869459","p1":"Minrja","p2":"MinecraftUprising","format":"gen8anythinggoes","log":"|j|\u2606Minrja\n|j|\u2606MinecraftUprising\n|t:|1665777174\n|gametype|singles\n|player|p1|Minrja|youngn|1349\n|player|p2|MinecraftUprising|smasher|1414\n|teamsize|p1|6\n|teamsize|p2|6\n|gen|8\n|tier|[Gen 8] Anything Goes\n|rated|\n|rule|HP Percentage Mod: HP is shown in percentages\n|rule|Endless Battle Clause: Forcing endless battles is banned\n|clearpoke\n|poke|p1|Morpeko, F|\n|poke|p1|Morpeko, M|\n|poke|p1|Morpeko, M|\n|poke|p1|Morpeko, F|\n|poke|p1|Morpeko, F|\n|poke|p1|Morpeko, F|\n|poke|p2|Zacian-*|\n|poke|p2|Zacian-*|\n|poke|p2|Zacian-*|\n|poke|p2|Zacian-*|\n|poke|p2|Zacian-*|\n|poke|p2|Zacian-*|\n|teampreview\n|\n|t:|1665777180\n|start\n|switch|p1a: Morpeko|Morpeko, F|100\/100\n|switch|p2a: Zacian|Zacian-Crowned|100\/100\n|-ability|p2a: Zacian|Intrepid Sword|boost\n|-boost|p2a: Zacian|atk|1\n|turn|1\n|\n|t:|1665777190\n|move|p2a: Zacian|Close Combat|p1a: Morpeko\n|-supereffective|p1a: Morpeko\n|-enditem|p1a: Morpeko|Focus Sash\n|-damage|p1a: Morpeko|1\/100\n|-unboost|p2a: Zacian|def|1\n|-unboost|p2a: Zacian|spd|1\n|move|p1a: Morpeko|Aura Wheel|p2a: Zacian\n|-damage|p2a: Zacian|39\/100\n|-boost|p1a: Morpeko|spe|1\n|\n|-formechange|p1a: Morpeko|Morpeko-Hangry||[from] ability: Hunger Switch\n|upkeep\n|turn|2\n|\n|t:|1665777201\n|move|p1a: Morpeko|Protect|p1a: Morpeko\n|-singleturn|p1a: Morpeko|Protect\n|move|p2a: Zacian|Behemoth Blade|p1a: Morpeko\n|-activate|p1a: Morpeko|move: Protect\n|\n|-formechange|p1a: Morpeko|Morpeko||[from] ability: Hunger Switch\n|upkeep\n|turn|3\n|\n|t:|1665777209\n|move|p1a: Morpeko|Aura Wheel|p2a: Zacian\n|-damage|p2a: Zacian|0 fnt\n|-boost|p1a: Morpeko|spe|1\n|faint|p2a: Zacian\n|\n|-formechange|p1a: Morpeko|Morpeko-Hangry||[from] ability: Hunger Switch\n|upkeep\n|\n|t:|1665777218\n|switch|p2a: Zacian|Zacian-Crowned|100\/100\n|-ability|p2a: Zacian|Intrepid Sword|boost\n|-boost|p2a: Zacian|atk|1\n|turn|4\n|\n|t:|1665777222\n|move|p1a: Morpeko|Protect|p1a: Morpeko\n|-singleturn|p1a: Morpeko|Protect\n|move|p2a: Zacian|Behemoth Blade|p1a: Morpeko\n|-activate|p1a: Morpeko|move: Protect\n|\n|-formechange|p1a: Morpeko|Morpeko||[from] ability: Hunger Switch\n|upkeep\n|turn|5\n|\n|t:|1665777225\n|move|p1a: Morpeko|Aura Wheel|p2a: Zacian\n|-damage|p2a: Zacian|60\/100\n|-boost|p1a: Morpeko|spe|1\n|move|p2a: Zacian|Behemoth Blade|p1a: Morpeko\n|-resisted|p1a: Morpeko\n|-damage|p1a: Morpeko|0 fnt\n|faint|p1a: Morpeko\n|\n|upkeep\n|\n|t:|1665777229\n|switch|p1a: Morpeko|Morpeko, M, shiny|100\/100\n|turn|6\n|\n|t:|1665777231\n|move|p2a: Zacian|Behemoth Blade|p1a: Morpeko\n|-resisted|p1a: Morpeko\n|-enditem|p1a: Morpeko|Focus Sash\n|-damage|p1a: Morpeko|1\/100\n|move|p1a: Morpeko|Aura Wheel|p2a: Zacian\n|-damage|p2a: Zacian|17\/100\n|-boost|p1a: Morpeko|spe|1\n|\n|-formechange|p1a: Morpeko|Morpeko-Hangry||[from] ability: Hunger Switch\n|upkeep\n|turn|7\n|\n|t:|1665777239\n|move|p1a: Morpeko|Protect|p1a: Morpeko\n|-singleturn|p1a: Morpeko|Protect\n|move|p2a: Zacian|Swords Dance|p2a: Zacian\n|-boost|p2a: Zacian|atk|2\n|\n|-formechange|p1a: Morpeko|Morpeko||[from] ability: Hunger Switch\n|upkeep\n|turn|8\n|\n|t:|1665777245\n|move|p1a: Morpeko|Aura Wheel|p2a: Zacian\n|-damage|p2a: Zacian|0 fnt\n|-boost|p1a: Morpeko|spe|1\n|faint|p2a: Zacian\n|\n|-formechange|p1a: Morpeko|Morpeko-Hangry||[from] ability: Hunger Switch\n|upkeep\n|\n|t:|1665777252\n|switch|p2a: Zacian|Zacian-Crowned|100\/100\n|-ability|p2a: Zacian|Intrepid Sword|boost\n|-boost|p2a: Zacian|atk|1\n|turn|9\n|\n|t:|1665777257\n|move|p1a: Morpeko|Protect|p1a: Morpeko\n|-singleturn|p1a: Morpeko|Protect\n|move|p2a: Zacian|Swords Dance|p2a: Zacian\n|-boost|p2a: Zacian|atk|2\n|\n|-formechange|p1a: Morpeko|Morpeko||[from] ability: Hunger Switch\n|upkeep\n|turn|10\n|\n|t:|1665777260\n|move|p1a: Morpeko|Aura Wheel|p2a: Zacian\n|-damage|p2a: Zacian|60\/100\n|-boost|p1a: Morpeko|spe|1\n|move|p2a: Zacian|Behemoth Blade|p1a: Morpeko\n|-resisted|p1a: Morpeko\n|-damage|p1a: Morpeko|0 fnt\n|faint|p1a: Morpeko\n|\n|upkeep\n|\n|t:|1665777264\n|switch|p1a: Morpeko|Morpeko, M|100\/100\n|turn|11\n|\n|t:|1665777274\n|move|p2a: Zacian|Behemoth Blade|p1a: Morpeko\n|-resisted|p1a: Morpeko\n|-enditem|p1a: Morpeko|Focus Sash\n|-damage|p1a: Morpeko|1\/100\n|move|p1a: Morpeko|Aura Wheel|p2a: Zacian\n|-damage|p2a: Zacian|14\/100\n|-boost|p1a: Morpeko|spe|1\n|\n|-formechange|p1a: Morpeko|Morpeko-Hangry||[from] ability: Hunger Switch\n|upkeep\n|turn|12\n|\n|t:|1665777287\n|move|p1a: Morpeko|Aura Wheel|p2a: Zacian\n|-resisted|p2a: Zacian\n|-damage|p2a: Zacian|0 fnt\n|-boost|p1a: Morpeko|spe|1\n|faint|p2a: Zacian\n|\n|-formechange|p1a: Morpeko|Morpeko||[from] ability: Hunger Switch\n|upkeep\n|\n|t:|1665777302\n|switch|p2a: Zacian|Zacian-Crowned|100\/100\n|-ability|p2a: Zacian|Intrepid Sword|boost\n|-boost|p2a: Zacian|atk|1\n|turn|13\n|\n|t:|1665777311\n|move|p1a: Morpeko|Aura Wheel|p2a: Zacian\n|-damage|p2a: Zacian|60\/100\n|-boost|p1a: Morpeko|spe|1\n|move|p2a: Zacian|Behemoth Blade|p1a: Morpeko\n|-resisted|p1a: Morpeko\n|-damage|p1a: Morpeko|0 fnt\n|faint|p1a: Morpeko\n|\n|upkeep\n|\n|t:|1665777314\n|switch|p1a: Morpeko|Morpeko, F|100\/100\n|turn|14\n|\n|t:|1665777322\n|move|p2a: Zacian|Behemoth Blade|p1a: Morpeko\n|-resisted|p1a: Morpeko\n|-damage|p1a: Morpeko|6\/100\n|move|p1a: Morpeko|Aura Wheel|p2a: Zacian\n|-damage|p2a: Zacian|21\/100\n|-boost|p1a: Morpeko|spe|1\n|\n|-formechange|p1a: Morpeko|Morpeko-Hangry||[from] ability: Hunger Switch\n|upkeep\n|turn|15\n|\n|t:|1665777332\n|move|p1a: Morpeko|Protect|p1a: Morpeko\n|-singleturn|p1a: Morpeko|Protect\n|move|p2a: Zacian|Behemoth Blade|p1a: Morpeko\n|-activate|p1a: Morpeko|move: Protect\n|\n|-formechange|p1a: Morpeko|Morpeko||[from] ability: Hunger Switch\n|upkeep\n|turn|16\n|\n|t:|1665777336\n|move|p1a: Morpeko|Aura Wheel|p2a: Zacian\n|-crit|p2a: Zacian\n|-damage|p2a: Zacian|0 fnt\n|-boost|p1a: Morpeko|spe|1\n|faint|p2a: Zacian\n|\n|-formechange|p1a: Morpeko|Morpeko-Hangry||[from] ability: Hunger Switch\n|upkeep\n|\n|t:|1665777341\n|switch|p2a: Zacian|Zacian|100\/100\n|-ability|p2a: Zacian|Intrepid Sword|boost\n|-boost|p2a: Zacian|atk|1\n|turn|17\n|\n|t:|1665777345\n|move|p1a: Morpeko|Protect|p1a: Morpeko\n|-singleturn|p1a: Morpeko|Protect\n|move|p2a: Zacian|Iron Head|p1a: Morpeko\n|-activate|p1a: Morpeko|move: Protect\n|\n|-formechange|p1a: Morpeko|Morpeko||[from] ability: Hunger Switch\n|upkeep\n|turn|18\n|\n|t:|1665777352\n|move|p1a: Morpeko|Aura Wheel|p2a: Zacian\n|-damage|p2a: Zacian|60\/100\n|-boost|p1a: Morpeko|spe|1\n|move|p2a: Zacian|Iron Head|p1a: Morpeko\n|-resisted|p1a: Morpeko\n|-damage|p1a: Morpeko|0 fnt\n|faint|p1a: Morpeko\n|\n|upkeep\n|\n|t:|1665777355\n|switch|p1a: Morpeko|Morpeko, F|100\/100\n|turn|19\n|\n|t:|1665777365\n|move|p2a: Zacian|Play Rough|p1a: Morpeko\n|-supereffective|p1a: Morpeko\n|-enditem|p1a: Morpeko|Focus Sash\n|-damage|p1a: Morpeko|1\/100\n|move|p1a: Morpeko|Aura Wheel|p2a: Zacian\n|-damage|p2a: Zacian|14\/100\n|-boost|p1a: Morpeko|spe|1\n|\n|-formechange|p1a: Morpeko|Morpeko-Hangry||[from] ability: Hunger Switch\n|upkeep\n|turn|20\n|\n|t:|1665777379\n|move|p1a: Morpeko|Aura Wheel|p2a: Zacian\n|-resisted|p2a: Zacian\n|-damage|p2a: Zacian|0 fnt\n|-boost|p1a: Morpeko|spe|1\n|faint|p2a: Zacian\n|\n|-formechange|p1a: Morpeko|Morpeko||[from] ability: Hunger Switch\n|upkeep\n|\n|t:|1665777387\n|switch|p2a: Zacian|Zacian|100\/100\n|-ability|p2a: Zacian|Intrepid Sword|boost\n|-boost|p2a: Zacian|atk|1\n|turn|21\n|\n|t:|1665777392\n|-start|p1a: Morpeko|Dynamax|\n|-heal|p1a: Morpeko|1\/100|[silent]\n|move|p1a: Morpeko|Max Quake|p2a: Zacian\n|-damage|p2a: Zacian|66\/100\n|-boost|p1a: Morpeko|spd|1\n|move|p2a: Zacian|Iron Head|p1a: Morpeko\n|-resisted|p1a: Morpeko\n|-damage|p1a: Morpeko|0 fnt\n|faint|p1a: Morpeko\n|\n|upkeep\n|\n|t:|1665777397\n|switch|p1a: Morpeko|Morpeko, F|100\/100\n|turn|22\n|\n|t:|1665777401\n|move|p2a: Zacian|Play Rough|p1a: Morpeko\n|-supereffective|p1a: Morpeko\n|-enditem|p1a: Morpeko|Focus Sash\n|-damage|p1a: Morpeko|1\/100\n|move|p1a: Morpeko|Aura Wheel|p2a: Zacian\n|-damage|p2a: Zacian|21\/100\n|-boost|p1a: Morpeko|spe|1\n|\n|-formechange|p1a: Morpeko|Morpeko-Hangry||[from] ability: Hunger Switch\n|upkeep\n|turn|23\n|\n|t:|1665777414\n|move|p1a: Morpeko|Protect|p1a: Morpeko\n|-singleturn|p1a: Morpeko|Protect\n|move|p2a: Zacian|Quick Attack|p1a: Morpeko\n|-activate|p1a: Morpeko|move: Protect\n|\n|-formechange|p1a: Morpeko|Morpeko||[from] ability: Hunger Switch\n|upkeep\n|turn|24\n|-message|Minrja forfeited.\n|\n|win|MinecraftUprising\n|raw|Minrja's rating: 1349 &rarr; <strong>1333<\/strong><br \/>(-16 for losing)\n|raw|MinecraftUprising's rating: 1414 &rarr; <strong>1430<\/strong><br \/>(+16 for winning)\n|l|\u2606Minrja\n|c|\u2606MinecraftUprising|fire game\n||Ladder isn't responding, score probably updated but might not have (Request timeout).\n","uploadtime":1665777436,"views":17,"p1id":"minrja","p2id":"minecraftuprising","formatid":"gen8anythinggoes","rating":1333,"private":0,"password":null}