{"id":"gen81v1-1164324456","p1":"Flashybee","p2":"pqs","format":"gen81v1","log":"|j|\u2606Flashybee\n|j|\u2606pqs\n|t:|1596731578\n|player|p1|Flashybee|70|1465\n|player|p2|pqs|gardenia|1410\n|teamsize|p1|3\n|teamsize|p2|3\n|gametype|singles\n|gen|8\n|tier|[Gen 8] 1v1\n|rated|\n|rule|Species Clause: Limit one of each Pok\u00e9mon\n|rule|OHKO Clause: OHKO moves are banned\n|rule|Evasion Moves Clause: Evasion moves are banned\n|rule|Accuracy Moves Clause: Accuracy-lowering moves are banned\n|clearpoke\n|poke|p1|Rillaboom, F|\n|poke|p1|Haxorus, F|\n|poke|p1|Porygon-Z|\n|poke|p2|Zarude|\n|poke|p2|Aromatisse, M|\n|poke|p2|Darmanitan-Galar, M|\n|rule|HP Percentage Mod: HP is shown in percentages\n|rule|Dynamax Clause: You cannot dynamax\n|rule|Endless Battle Clause: Forcing endless battles is banned\n|teampreview|1\n|\n|t:|1596731590\n|start\n|switch|p1a: Rillaboom|Rillaboom, F|100\/100\n|switch|p2a: Aromatisse|Aromatisse, M|100\/100\n|-fieldstart|move: Grassy Terrain|[from] ability: Grassy Surge|[of] p1a: Rillaboom\n|-enditem|p1a: Rillaboom|Grassy Seed\n|-boost|p1a: Rillaboom|def|1|[from] item: Grassy Seed\n|turn|1\n|\n|t:|1596731598\n|move|p1a: Rillaboom|Taunt|p2a: Aromatisse\n|-block|p2a: Aromatisse|ability: Aroma Veil|[of] p2a: Aromatisse\n|move|p2a: Aromatisse|Encore|p1a: Rillaboom\n|-start|p1a: Rillaboom|Encore\n|\n|upkeep\n|turn|2\n|\n|t:|1596731605\n|move|p1a: Rillaboom|Taunt|p2a: Aromatisse\n|-block|p2a: Aromatisse|ability: Aroma Veil|[of] p2a: Aromatisse\n|move|p2a: Aromatisse|Moonblast|p1a: Rillaboom\n|-damage|p1a: Rillaboom|60\/100\n|\n|-heal|p1a: Rillaboom|67\/100|[from] Grassy Terrain\n|upkeep\n|turn|3\n|\n|t:|1596731607\n|move|p1a: Rillaboom|Taunt|p2a: Aromatisse\n|-block|p2a: Aromatisse|ability: Aroma Veil|[of] p2a: Aromatisse\n|move|p2a: Aromatisse|Trick Room|p2a: Aromatisse\n|-fieldstart|move: Trick Room|[of] p2a: Aromatisse\n|\n|-heal|p1a: Rillaboom|73\/100|[from] Grassy Terrain\n|upkeep\n|turn|4\n|\n|t:|1596731612\n|move|p2a: Aromatisse|Moonblast|p1a: Rillaboom\n|-damage|p1a: Rillaboom|37\/100\n|move|p1a: Rillaboom|Taunt|p2a: Aromatisse\n|-block|p2a: Aromatisse|ability: Aroma Veil|[of] p2a: Aromatisse\n|\n|-heal|p1a: Rillaboom|43\/100|[from] Grassy Terrain\n|-end|p1a: Rillaboom|Encore\n|upkeep\n|turn|5\n|\n|t:|1596731621\n|move|p1a: Rillaboom|Grassy Glide|p2a: Aromatisse\n|-damage|p2a: Aromatisse|52\/100\n|move|p2a: Aromatisse|Disable|p1a: Rillaboom\n|-start|p1a: Rillaboom|Disable|Grassy Glide\n|\n|-heal|p2a: Aromatisse|58\/100|[from] Grassy Terrain\n|-heal|p1a: Rillaboom|49\/100|[from] Grassy Terrain\n|-fieldend|move: Grassy Terrain\n|upkeep\n|turn|6\n|\n|t:|1596731629\n|move|p2a: Aromatisse|Encore|p1a: Rillaboom\n|-start|p1a: Rillaboom|Encore\n|cant|p1a: Rillaboom|Disable|Grassy Glide\n|\n|upkeep\n|turn|7\n|\n|t:|1596731633\n|move|p2a: Aromatisse|Moonblast|p1a: Rillaboom\n|-damage|p1a: Rillaboom|15\/100\n|-activate|p1a: Rillaboom|move: Struggle\n|move|p1a: Rillaboom|Struggle|p2a: Aromatisse\n|-damage|p2a: Aromatisse|39\/100\n|-damage|p1a: Rillaboom|0 fnt|[from] recoil\n|faint|p1a: Rillaboom\n|\n|win|pqs\n|l|\u2606Flashybee\n","uploadtime":1596731644,"views":31,"p1id":"flashybee","p2id":"pqs","formatid":"gen81v1","rating":0,"private":0,"password":null}