{"id":"gen8bdspou-1644460491","p1":"pH_Kit","p2":"Ill Leave","format":"gen8bdspou","log":"|j|\u2606pH_Kit\n|j|\u2606Ill Leave\n|t:|1661054224\n|gametype|singles\n|player|p1|pH_Kit|burgh|1363\n|player|p2|Ill Leave|101|1585\n|teamsize|p1|6\n|teamsize|p2|6\n|gen|8\n|tier|[Gen 8 BDSP] OU\n|rated|\n|rule|Sleep Clause Mod: Limit one foe put to sleep\n|rule|Species Clause: Limit one of each Pok\u00e9mon\n|rule|OHKO Clause: OHKO moves are banned\n|rule|Evasion Items Clause: Evasion items are banned\n|rule|Evasion Moves Clause: Evasion moves are banned\n|rule|Endless Battle Clause: Forcing endless battles is banned\n|rule|HP Percentage Mod: HP is shown in percentages\n|clearpoke\n|poke|p1|Azumarill, F|\n|poke|p1|Staraptor, M|\n|poke|p1|Garchomp, F|\n|poke|p1|Empoleon, M|\n|poke|p1|Froslass, F|\n|poke|p1|Rotom-Heat|\n|poke|p2|Crawdaunt, M|\n|poke|p2|Lucario, M|\n|poke|p2|Garchomp, F|\n|poke|p2|Clefable, F|\n|poke|p2|Heatran, F|\n|poke|p2|Weezing, M|\n|teampreview\n|inactive|Battle timer is ON: inactive players will automatically lose when time's up. (requested by pH_Kit)\n|\n|t:|1661054237\n|start\n|switch|p1a: I LOVE LEAN!!!|Froslass, F|100\/100\n|switch|p2a: Garchomp|Garchomp, F|100\/100\n|turn|1\n|\n|t:|1661054240\n|switch|p2a: Heatran|Heatran, F|100\/100\n|move|p1a: I LOVE LEAN!!!|Ice Beam|p2a: Heatran\n|-resisted|p2a: Heatran\n|-damage|p2a: Heatran|96\/100\n|-status|p2a: Heatran|frz\n|\n|-heal|p2a: Heatran|100\/100 frz|[from] item: Leftovers\n|upkeep\n|turn|2\n|\n|t:|1661054245\n|move|p1a: I LOVE LEAN!!!|Spikes|p2a: Heatran\n|-sidestart|p2: Ill Leave|Spikes\n|cant|p2a: Heatran|frz\n|\n|upkeep\n|turn|3\n|\n|t:|1661054249\n|move|p1a: I LOVE LEAN!!!|Spikes|p2a: Heatran\n|-sidestart|p2: Ill Leave|Spikes\n|cant|p2a: Heatran|frz\n|\n|upkeep\n|turn|4\n|\n|t:|1661054252\n|move|p1a: I LOVE LEAN!!!|Spikes|p2a: Heatran\n|-sidestart|p2: Ill Leave|Spikes\n|cant|p2a: Heatran|frz\n|\n|upkeep\n|turn|5\n|\n|t:|1661054256\n|switch|p1a: Dragonforce|Garchomp, F|100\/100\n|cant|p2a: Heatran|frz\n|\n|upkeep\n|turn|6\n|\n|t:|1661054261\n|switch|p2a: Weezing|Weezing, M|100\/100\n|move|p1a: Dragonforce|Substitute|p1a: Dragonforce\n|-start|p1a: Dragonforce|Substitute\n|-damage|p1a: Dragonforce|76\/100\n|\n|upkeep\n|turn|7\n|\n|t:|1661054266\n|switch|p2a: Clefable|Clefable, F|100\/100\n|move|p1a: Dragonforce|Swords Dance|p1a: Dragonforce\n|-boost|p1a: Dragonforce|atk|2\n|\n|upkeep\n|turn|8\n|\n|t:|1661054269\n|move|p1a: Dragonforce|Swords Dance|p1a: Dragonforce\n|-boost|p1a: Dragonforce|atk|2\n|move|p2a: Clefable|Moonblast|p1a: Dragonforce\n|-supereffective|p1a: Dragonforce\n|-end|p1a: Dragonforce|Substitute\n|\n|upkeep\n|turn|9\n|\n|t:|1661054273\n|switch|p2a: Weezing|Weezing, M|100\/100\n|move|p1a: Dragonforce|Earthquake|p2a: Weezing\n|-immune|p2a: Weezing|[from] ability: Levitate\n|\n|upkeep\n|turn|10\n|\n|t:|1661054277\n|move|p1a: Dragonforce|Substitute|p1a: Dragonforce\n|-start|p1a: Dragonforce|Substitute\n|-damage|p1a: Dragonforce|51\/100\n|move|p2a: Weezing|Sludge Bomb|p1a: Dragonforce\n|-resisted|p1a: Dragonforce\n|-activate|p1a: Dragonforce|move: Substitute|[damage]\n|\n|upkeep\n|turn|11\n|\n|t:|1661054281\n|move|p1a: Dragonforce|Swords Dance|p1a: Dragonforce\n|-boost|p1a: Dragonforce|atk|2\n|move|p2a: Weezing|Sludge Bomb|p1a: Dragonforce\n|-resisted|p1a: Dragonforce\n|-activate|p1a: Dragonforce|move: Substitute|[damage]\n|\n|upkeep\n|turn|12\n|\n|t:|1661054284\n|move|p1a: Dragonforce|Outrage|p2a: Weezing\n|-damage|p2a: Weezing|0 fnt\n|faint|p2a: Weezing\n|\n|upkeep\n|\n|t:|1661054287\n|switch|p2a: Clefable|Clefable, F|100\/100\n|turn|13\n|\n|t:|1661054290\n|move|p1a: Dragonforce|Outrage|p2a: Clefable|[from]lockedmove\n|-immune|p2a: Clefable\n|-start|p1a: Dragonforce|confusion|[fatigue]\n|move|p2a: Clefable|Moonblast|p1a: Dragonforce\n|-supereffective|p1a: Dragonforce\n|-end|p1a: Dragonforce|Substitute\n|\n|upkeep\n|turn|14\n|\n|t:|1661054293\n|-activate|p1a: Dragonforce|confusion\n|move|p1a: Dragonforce|Earthquake|p2a: Clefable\n|-damage|p2a: Clefable|0 fnt\n|faint|p2a: Clefable\n|\n|upkeep\n|\n|t:|1661054296\n|switch|p2a: Lucario|Lucario, M|100\/100\n|-damage|p2a: Lucario|76\/100|[from] Spikes\n|turn|15\n|\n|t:|1661054299\n|move|p2a: Lucario|Extreme Speed|p1a: Dragonforce\n|-damage|p1a: Dragonforce|20\/100\n|-damage|p2a: Lucario|63\/100|[from] ability: Rough Skin|[of] p1a: Dragonforce\n|-enditem|p1a: Dragonforce|Salac Berry|[eat]\n|-boost|p1a: Dragonforce|spe|1|[from] item: Salac Berry\n|-activate|p1a: Dragonforce|confusion\n|move|p1a: Dragonforce|Earthquake|p2a: Lucario\n|-supereffective|p2a: Lucario\n|-damage|p2a: Lucario|0 fnt\n|faint|p2a: Lucario\n|\n|upkeep\n|\n|t:|1661054305\n|switch|p2a: Heatran|Heatran, F|100\/100 frz\n|-damage|p2a: Heatran|76\/100 frz|[from] Spikes\n|turn|16\n|\n|t:|1661054312\n|-activate|p1a: Dragonforce|confusion\n|move|p1a: Dragonforce|Earthquake|p2a: Heatran\n|-supereffective|p2a: Heatran\n|-damage|p2a: Heatran|0 fnt\n|faint|p2a: Heatran\n|\n|upkeep\n|-message|Ill Leave forfeited.\n|\n|win|pH_Kit\n|raw|pH_Kit's rating: 1363 &rarr; <strong>1394<\/strong><br \/>(+31 for winning)\n|raw|Ill Leave's rating: 1585 &rarr; <strong>1554<\/strong><br \/>(-31 for losing)\n|l|\u2606Ill Leave\n||Ladder isn't responding, score probably updated but might not have (Request timeout).\n","uploadtime":1661054320,"views":12,"p1id":"phkit","p2id":"illleave","formatid":"gen8bdspou","rating":1394,"private":0,"password":null}